,time,price,change,volume,amount,type
0,15:00:03,21.51,--,1023,2200473,买盘
1,14:57:00,21.51,0.01,8,17208,买盘
2,14:56:57,21.5,--,28,60200,卖盘
3,14:56:54,21.5,-0.01,36,77400,卖盘
4,14:56:51,21.51,--,40,86040,卖盘
5,14:56:45,21.51,--,24,51624,买盘
6,14:56:42,21.51,--,84,180684,买盘
7,14:56:39,21.51,0.01,73,157023,买盘
8,14:56:36,21.5,--,13,27950,卖盘
9,14:56:33,21.5,-0.01,54,116100,卖盘
10,14:56:30,21.51,--,8,17208,买盘
11,14:56:27,21.51,0.01,2,4302,买盘
12,14:56:24,21.5,--,36,77400,卖盘
13,14:56:21,21.5,-0.01,9,19350,卖盘
14,14:56:18,21.51,--,3,6453,中性盘
15,14:56:15,21.51,-0.01,2,4302,中性盘
16,14:56:12,21.52,0.01,162,348624,买盘
17,14:56:09,21.51,-0.01,8,17208,卖盘
18,14:56:03,21.52,0.02,13,27976,买盘
19,14:56:00,21.5,--,3,6450,卖盘
20,14:55:57,21.5,--,32,68800,卖盘
21,14:55:54,21.5,-0.02,40,86000,卖盘
22,14:55:51,21.52,0.01,11,23672,买盘
23,14:55:48,21.51,--,20,43020,买盘
24,14:55:45,21.51,-0.01,96,207593,卖盘
25,14:55:42,21.52,0.01,12,25824,买盘
26,14:55:39,21.51,--,15,32265,卖盘
27,14:55:36,21.51,--,50,107550,卖盘
28,14:55:30,21.51,-0.01,4,8604,卖盘
29,14:55:27,21.52,0.01,17,36584,买盘
30,14:55:21,21.51,--,12,26865,买盘
31,14:55:18,21.51,--,20,43020,买盘
32,14:55:15,21.51,--,2,4302,买盘
33,14:55:12,21.51,--,56,120456,卖盘
34,14:55:09,21.51,--,81,174231,买盘
35,14:55:06,21.51,0.01,70,150570,买盘
36,14:55:00,21.5,--,10,21500,卖盘
37,14:54:57,21.5,--,7,15050,卖盘
38,14:54:54,21.5,--,64,137600,卖盘
39,14:54:51,21.5,-0.01,3,6450,卖盘
40,14:54:48,21.51,--,12,25812,买盘
41,14:54:45,21.51,--,88,189288,买盘
42,14:54:42,21.51,0.01,11,23661,买盘
43,14:54:39,21.5,-0.01,139,298850,卖盘
44,14:54:33,21.51,0.01,14,30114,买盘
45,14:54:30,21.5,-0.02,2,4300,卖盘
46,14:54:27,21.52,0.02,80,172160,买盘
47,14:54:24,21.5,-0.01,18,38700,卖盘
48,14:54:21,21.51,0.01,8,17208,中性盘
49,14:54:18,21.5,-0.01,48,103200,卖盘
50,14:54:15,21.51,-0.01,39,83889,中性盘
51,14:54:00,21.52,0.01,60,129120,买盘
52,14:53:57,21.51,-0.01,18,38718,卖盘
53,14:53:54,21.52,--,25,53800,买盘
54,14:53:51,21.52,0.01,59,126968,买盘
55,14:53:48,21.51,-0.01,10,21510,卖盘
56,14:53:45,21.52,0.01,9,19368,买盘
57,14:53:42,21.51,-0.01,2,4302,卖盘
58,14:53:39,21.52,--,15,32280,买盘
59,14:53:36,21.52,--,25,53800,买盘
60,14:53:33,21.52,-0.01,32,70262,卖盘
61,14:53:30,21.53,0.01,7,15824,买盘
62,14:53:27,21.52,-0.01,10,21520,中性盘
63,14:53:24,21.53,0.01,5,10765,买盘
64,14:53:21,21.52,-0.01,4,8608,卖盘
65,14:53:18,21.53,--,132,284196,买盘
66,14:53:15,21.53,--,72,155016,买盘
67,14:53:12,21.53,--,9,19377,买盘
68,14:53:09,21.53,--,40,86120,买盘
69,14:53:06,21.53,0.01,26,55978,买盘
70,14:53:03,21.52,--,40,86080,卖盘
71,14:53:00,21.52,-0.01,16,34432,卖盘
72,14:52:57,21.53,--,25,53825,买盘
73,14:52:51,21.53,--,39,83967,买盘
74,14:52:48,21.53,-0.01,75,161475,卖盘
75,14:52:45,21.54,--,2,4308,买盘
76,14:52:42,21.54,--,27,58158,卖盘
77,14:52:39,21.54,--,35,75390,买盘
78,14:52:36,21.54,--,193,415722,买盘
79,14:52:33,21.54,0.01,42,90468,买盘
80,14:52:30,21.53,--,10,21530,卖盘
81,14:52:27,21.53,-0.01,13,27989,卖盘
82,14:52:24,21.54,0.02,6,12924,买盘
83,14:52:21,21.52,--,28,60256,卖盘
84,14:52:18,21.52,--,86,185072,卖盘
85,14:52:15,21.52,--,1,2152,卖盘
86,14:52:09,21.52,--,20,43040,卖盘
87,14:52:06,21.52,--,13,27976,卖盘
88,14:52:03,21.52,0.01,66,142032,买盘
89,14:52:00,21.51,-0.01,11,23661,卖盘
90,14:51:57,21.52,--,2,4304,买盘
91,14:51:54,21.52,0.01,4,8608,买盘
92,14:51:51,21.51,--,21,45171,卖盘
93,14:51:48,21.51,--,13,27963,买盘
94,14:51:45,21.51,0.01,20,43020,买盘
95,14:51:39,21.5,--,9,19350,卖盘
96,14:51:36,21.5,--,80,172000,买盘
97,14:51:30,21.5,--,24,51600,买盘
98,14:51:27,21.5,--,16,34400,买盘
99,14:51:24,21.5,0.02,2,4300,买盘
100,14:51:21,21.48,--,5,10740,卖盘
101,14:51:15,21.48,-0.02,5,10740,卖盘
102,14:51:12,21.5,0.02,70,150500,买盘
103,14:51:09,21.48,--,43,92364,买盘
104,14:51:06,21.48,--,1,2148,买盘
105,14:51:03,21.48,0.03,27,57996,买盘
106,14:50:57,21.45,--,80,171600,卖盘
107,14:50:51,21.45,0.01,2,4290,中性盘
108,14:50:48,21.44,-0.01,56,120064,卖盘
109,14:50:45,21.45,--,17,36465,买盘
110,14:50:42,21.45,0.01,4,8580,买盘
111,14:50:39,21.44,--,3,6432,买盘
112,14:50:30,21.44,0.01,42,90048,买盘
113,14:50:27,21.43,--,4,8572,买盘
114,14:50:24,21.43,0.01,2,4286,买盘
115,14:50:21,21.42,--,2,4284,卖盘
116,14:50:18,21.42,0.07,88,188496,买盘
117,14:50:15,21.35,-0.03,4,8540,卖盘
118,14:50:12,21.38,0.03,199,426509,买盘
119,14:50:09,21.35,-0.03,47,100345,卖盘
120,14:50:06,21.38,0.03,295,630710,买盘
121,14:50:03,21.35,--,5,10675,买盘
122,14:49:57,21.35,0.01,37,78995,买盘
123,14:49:54,21.34,--,14,29876,买盘
124,14:49:51,21.34,--,43,91762,卖盘
125,14:49:48,21.34,--,20,42680,卖盘
126,14:49:45,21.34,0.02,102,217668,买盘
127,14:49:42,21.32,-0.02,106,225992,卖盘
128,14:49:39,21.34,--,40,85360,买盘
129,14:49:36,21.34,0.01,3,6402,买盘
130,14:49:33,21.33,0.03,1,2133,中性盘
131,14:49:30,21.3,-0.04,21,44730,卖盘
132,14:49:27,21.34,--,23,49082,买盘
133,14:49:24,21.34,0.02,46,98164,买盘
134,14:49:21,21.32,-0.02,202,430664,卖盘
135,14:49:18,21.34,--,38,81092,买盘
136,14:49:15,21.34,--,5,10670,买盘
137,14:49:12,21.34,--,4,8536,买盘
138,14:49:09,21.34,-0.02,138,294492,卖盘
139,14:49:06,21.36,0.01,114,243504,买盘
140,14:49:03,21.35,--,89,190015,买盘
141,14:49:00,21.35,--,1,2135,买盘
142,14:48:57,21.35,-0.01,106,226310,卖盘
143,14:48:54,21.36,-0.01,96,205056,卖盘
144,14:48:51,21.37,0.01,17,36329,买盘
145,14:48:48,21.36,0.01,8,17088,买盘
146,14:48:45,21.35,--,5,10675,卖盘
147,14:48:42,21.35,-0.03,21,44835,卖盘
148,14:48:39,21.38,0.02,18,38484,买盘
149,14:48:36,21.36,-0.02,24,51264,卖盘
150,14:48:30,21.38,--,9,19776,卖盘
151,14:48:27,21.38,-0.02,61,130418,卖盘
152,14:48:24,21.4,0.01,21,44940,买盘
153,14:48:21,21.39,0.01,22,47058,中性盘
154,14:48:18,21.38,-0.02,4,8552,卖盘
155,14:48:15,21.4,--,30,64199,买盘
156,14:48:12,21.4,0.02,43,92020,买盘
157,14:48:06,21.38,-0.02,37,80709,卖盘
158,14:48:03,21.4,-0.01,105,224699,卖盘
159,14:48:00,21.41,0.01,6,12846,买盘
160,14:47:57,21.4,--,55,117699,卖盘
161,14:47:54,21.4,--,36,77040,卖盘
162,14:47:51,21.4,-0.01,10,21400,卖盘
163,14:47:48,21.41,--,204,436764,卖盘
164,14:47:45,21.41,--,5,10705,卖盘
165,14:47:42,21.41,-0.01,37,79217,卖盘
166,14:47:39,21.42,--,3,6426,买盘
167,14:47:36,21.42,-0.01,33,70686,卖盘
168,14:47:33,21.43,-0.01,14,30002,卖盘
169,14:47:30,21.44,0.01,1,2144,买盘
170,14:47:24,21.43,-0.01,10,21430,卖盘
171,14:47:21,21.44,-0.04,85,182240,卖盘
172,14:47:18,21.48,0.03,27,57996,买盘
173,14:47:15,21.45,--,50,107250,卖盘
174,14:47:12,21.45,-0.03,22,47190,卖盘
175,14:47:06,21.48,-0.01,7,15036,中性盘
176,14:47:03,21.49,0.04,20,42980,买盘
177,14:47:00,21.45,-0.03,350,750750,卖盘
178,14:46:57,21.48,-0.01,21,45108,卖盘
179,14:46:54,21.49,--,2,4298,买盘
180,14:46:51,21.49,--,21,45129,买盘
181,14:46:48,21.49,-0.01,120,257879,卖盘
182,14:46:45,21.5,--,50,107500,买盘
183,14:46:39,21.5,0.01,11,23650,买盘
184,14:46:36,21.49,-0.01,3,6446,卖盘
185,14:46:33,21.5,--,88,189759,卖盘
186,14:46:30,21.5,-0.01,353,758950,卖盘
187,14:46:27,21.51,0.01,39,83889,买盘
188,14:46:24,21.5,--,37,79550,卖盘
189,14:46:21,21.5,--,80,172000,卖盘
190,14:46:18,21.5,-0.01,20,43000,卖盘
191,14:46:15,21.51,0.01,19,40869,买盘
192,14:46:12,21.5,--,12,25800,卖盘
193,14:46:09,21.5,-0.01,13,27950,卖盘
194,14:46:06,21.51,-0.01,9,19359,买盘
195,14:46:03,21.52,0.02,4,8608,买盘
196,14:46:00,21.5,-0.01,96,206400,卖盘
197,14:45:57,21.51,0.01,16,34416,买盘
198,14:45:54,21.5,-0.01,315,677250,卖盘
199,14:45:51,21.51,-0.01,5,10755,卖盘
200,14:45:48,21.52,--,30,64560,买盘
201,14:45:45,21.52,0.01,14,30128,买盘
202,14:45:42,21.51,--,7,15057,卖盘
203,14:45:39,21.51,--,2,4302,卖盘
204,14:45:33,21.51,--,6,14497,买盘
205,14:45:30,21.51,0.01,5,10755,买盘
206,14:45:27,21.5,--,96,206400,卖盘
207,14:45:24,21.5,-0.01,95,204250,卖盘
208,14:45:21,21.51,--,1,2151,买盘
209,14:45:18,21.51,--,4,8604,买盘
210,14:45:15,21.51,0.01,16,34416,买盘
211,14:45:12,21.5,-0.01,10,21500,卖盘
212,14:45:09,21.51,0.01,72,154872,买盘
213,14:45:06,21.5,-0.01,9,19350,卖盘
214,14:45:03,21.51,0.01,3,6453,买盘
215,14:45:00,21.5,--,52,111800,卖盘
216,14:44:57,21.5,-0.01,1,2150,卖盘
217,14:44:54,21.51,0.01,11,23661,买盘
218,14:44:51,21.5,-0.01,5,10750,卖盘
219,14:44:48,21.51,--,21,45171,买盘
220,14:44:45,21.51,-0.01,30,65089,卖盘
221,14:44:42,21.52,0.01,223,479896,买盘
222,14:44:39,21.51,--,15,32265,卖盘
223,14:44:33,21.51,--,20,44611,买盘
224,14:44:30,21.51,--,38,81738,买盘
225,14:44:27,21.51,--,1,2151,买盘
226,14:44:24,21.51,--,16,34416,买盘
227,14:44:21,21.51,--,5,10755,买盘
228,14:44:18,21.51,--,2,4302,买盘
229,14:44:09,21.51,-0.01,16,34975,卖盘
230,14:44:06,21.52,0.01,32,68864,买盘
231,14:44:03,21.51,--,26,55926,卖盘
232,14:43:57,21.51,--,12,25812,卖盘
233,14:43:54,21.51,--,17,36567,卖盘
234,14:43:51,21.51,-0.01,50,107550,卖盘
235,14:43:48,21.52,--,15,32280,买盘
236,14:43:36,21.52,--,133,286216,买盘
237,14:43:33,21.52,--,18,38736,买盘
238,14:43:30,21.52,--,16,34432,买盘
239,14:43:27,21.52,--,8,17216,买盘
240,14:43:24,21.52,--,7,15064,买盘
241,14:43:18,21.52,--,72,154944,买盘
242,14:43:12,21.52,--,2,4304,买盘
243,14:43:09,21.52,--,9,19368,买盘
244,14:43:06,21.52,--,125,269000,卖盘
245,14:43:00,21.52,-0.01,10,21520,卖盘
246,14:42:57,21.53,--,11,23683,买盘
247,14:42:54,21.53,--,16,34448,买盘
248,14:42:51,21.53,--,49,105497,买盘
249,14:42:48,21.53,--,159,342327,买盘
250,14:42:45,21.53,--,6,12918,买盘
251,14:42:39,21.53,--,49,105497,卖盘
252,14:42:33,21.53,-0.01,8,17224,中性盘
253,14:42:27,21.54,0.01,22,47388,买盘
254,14:42:24,21.53,0.01,4,8612,买盘
255,14:42:18,21.52,-0.02,121,260392,卖盘
256,14:42:12,21.54,--,12,25848,买盘
257,14:42:09,21.54,--,3,6462,买盘
258,14:42:06,21.54,--,5,10770,卖盘
259,14:42:00,21.54,--,8,17232,买盘
260,14:41:48,21.54,--,9,19386,卖盘
261,14:41:45,21.54,0.01,1,2154,买盘
262,14:41:42,21.53,--,11,23683,卖盘
263,14:41:33,21.53,-0.02,31,66743,卖盘
264,14:41:30,21.55,0.02,53,114215,买盘
265,14:41:27,21.53,-0.01,4,8612,卖盘
266,14:41:24,21.54,0.01,15,32310,买盘
267,14:41:21,21.53,-0.01,2,4306,卖盘
268,14:41:18,21.54,0.01,13,28002,买盘
269,14:41:15,21.53,--,5,10765,卖盘
270,14:41:09,21.53,--,5,10765,卖盘
271,14:41:03,21.53,--,10,21530,卖盘
272,14:41:00,21.53,--,201,432753,买盘
273,14:40:57,21.53,--,17,36601,买盘
274,14:40:51,21.53,0.01,10,21530,买盘
275,14:40:48,21.52,0.01,2,4304,卖盘
276,14:40:42,21.51,-0.01,20,43020,卖盘
277,14:40:39,21.52,0.01,12,25824,买盘
278,14:40:36,21.51,--,78,167778,卖盘
279,14:40:33,21.51,-0.01,30,64530,卖盘
280,14:40:30,21.52,--,1,2152,买盘
281,14:40:27,21.52,0.01,18,38736,买盘
282,14:40:21,21.51,-0.01,0,1591,卖盘
283,14:40:18,21.52,0.01,2,4304,买盘
284,14:40:15,21.51,-0.01,147,316197,卖盘
285,14:40:12,21.52,--,3,6456,买盘
286,14:40:09,21.52,--,4,8608,买盘
287,14:40:06,21.52,0.01,3,6456,中性盘
288,14:40:03,21.51,-0.01,50,107550,卖盘
289,14:40:00,21.52,--,84,180768,卖盘
290,14:39:57,21.52,--,55,118360,卖盘
291,14:39:54,21.52,--,70,150640,卖盘
292,14:39:51,21.52,--,15,32280,卖盘
293,14:39:48,21.52,-0.01,30,64560,卖盘
294,14:39:42,21.53,--,39,83967,买盘
295,14:39:39,21.53,0.01,40,86120,买盘
296,14:39:36,21.52,-0.01,10,21520,卖盘
297,14:39:33,21.53,--,2,4306,买盘
298,14:39:30,21.53,--,3,6459,买盘
299,14:39:27,21.53,0.01,3,6459,卖盘
300,14:39:24,21.52,-0.01,30,64560,卖盘
301,14:39:21,21.53,-0.02,7,15071,卖盘
302,14:39:15,21.55,--,19,40945,买盘
303,14:39:12,21.55,0.01,7,15085,买盘
304,14:39:09,21.54,-0.01,7,15078,卖盘
305,14:39:06,21.55,--,6,12930,买盘
306,14:39:03,21.55,--,10,21550,买盘
307,14:39:00,21.55,-0.01,91,196105,卖盘
308,14:38:57,21.56,-0.04,10,21560,卖盘
309,14:38:54,21.6,--,11,23760,买盘
310,14:38:51,21.6,--,62,133920,卖盘
311,14:38:48,21.6,--,1,2160,卖盘
312,14:38:45,21.6,--,27,58320,卖盘
313,14:38:39,21.6,--,78,168480,卖盘
314,14:38:36,21.6,--,27,58320,卖盘
315,14:38:33,21.6,--,46,99360,买盘
316,14:38:27,21.6,0.04,1,2160,买盘
317,14:38:24,21.56,--,1,2156,卖盘
318,14:38:21,21.56,0.01,61,131516,中性盘
319,14:38:18,21.55,-0.05,62,133610,卖盘
320,14:38:15,21.6,0.05,31,66960,买盘
321,14:38:09,21.55,--,17,36635,卖盘
322,14:38:06,21.55,-0.01,5,10775,卖盘
323,14:38:03,21.56,-0.01,28,60368,卖盘
324,14:38:00,21.57,--,29,62553,买盘
325,14:37:54,21.57,-0.04,288,621798,卖盘
326,14:37:51,21.61,--,17,36737,卖盘
327,14:37:45,21.61,-0.01,10,21610,卖盘
328,14:37:33,21.62,--,12,25944,卖盘
329,14:37:27,21.62,-0.01,23,49726,卖盘
330,14:37:24,21.63,-0.02,6,12978,卖盘
331,14:37:21,21.65,0.01,3,6495,买盘
332,14:37:18,21.64,-0.01,9,19476,卖盘
333,14:37:12,21.65,--,10,21650,卖盘
334,14:37:06,21.65,--,9,19485,卖盘
335,14:37:03,21.65,-0.01,14,30309,卖盘
336,14:37:00,21.66,0.01,3,6498,中性盘
337,14:36:57,21.65,-0.02,108,233819,卖盘
338,14:36:54,21.67,-0.02,46,99682,卖盘
339,14:36:51,21.69,--,17,36873,卖盘
340,14:36:48,21.69,--,18,39042,卖盘
341,14:36:45,21.69,--,31,67239,卖盘
342,14:36:42,21.69,--,9,19521,卖盘
343,14:36:33,21.69,-0.01,3,6507,卖盘
344,14:36:24,21.7,--,102,221340,卖盘
345,14:36:18,21.7,-0.01,1,2170,卖盘
346,14:36:15,21.71,--,23,49933,买盘
347,14:36:09,21.71,--,2,4342,买盘
348,14:36:06,21.71,--,42,91182,卖盘
349,14:36:03,21.71,-0.01,10,21710,卖盘
350,14:35:54,21.72,--,17,36924,卖盘
351,14:35:51,21.72,--,5,10860,卖盘
352,14:35:48,21.72,--,30,65160,卖盘
353,14:35:45,21.72,--,25,54300,卖盘
354,14:35:39,21.72,--,30,65160,卖盘
355,14:35:36,21.72,--,11,23892,卖盘
356,14:35:33,21.72,--,57,123804,卖盘
357,14:35:27,21.72,--,1,2172,卖盘
358,14:35:15,21.72,--,1,2172,卖盘
359,14:35:12,21.72,-0.01,1,2172,卖盘
360,14:35:09,21.73,0.01,20,43460,买盘
361,14:35:06,21.72,--,36,78192,卖盘
362,14:35:03,21.72,--,2,4344,卖盘
363,14:35:00,21.72,--,11,23892,卖盘
364,14:34:57,21.72,-0.01,5,10860,卖盘
365,14:34:39,21.73,--,27,58671,卖盘
366,14:34:36,21.73,--,3,6519,卖盘
367,14:34:30,21.73,-0.01,12,26076,卖盘
368,14:34:27,21.74,--,72,156528,买盘
369,14:34:24,21.74,0.01,4,8696,买盘
370,14:34:21,21.73,-0.01,46,99958,卖盘
371,14:34:15,21.74,--,6,13043,买盘
372,14:34:09,21.74,--,2,4348,买盘
373,14:34:03,21.74,-0.01,2,4348,中性盘
374,14:34:00,21.75,0.01,20,43500,买盘
375,14:33:57,21.74,--,20,43480,卖盘
376,14:33:51,21.74,--,64,139136,卖盘
377,14:33:42,21.74,--,1,2174,卖盘
378,14:33:39,21.74,--,2,4348,买盘
379,14:33:36,21.74,0.01,5,10870,买盘
380,14:33:33,21.73,--,12,26076,卖盘
381,14:33:24,21.73,--,3,6519,卖盘
382,14:33:21,21.73,--,9,19557,卖盘
383,14:33:18,21.73,--,3,6519,买盘
384,14:33:15,21.73,--,9,19557,买盘
385,14:33:09,21.73,0.01,2,4346,买盘
386,14:32:57,21.72,--,15,32580,买盘
387,14:32:54,21.72,--,2,4344,买盘
388,14:32:48,21.72,0.01,10,21720,买盘
389,14:32:45,21.71,-0.01,3,6513,卖盘
390,14:32:36,21.72,0.01,19,41268,买盘
391,14:32:33,21.71,--,7,15197,买盘
392,14:32:24,21.71,--,10,21710,买盘
393,14:32:18,21.71,--,10,21710,买盘
394,14:32:15,21.71,-0.01,2,4342,卖盘
395,14:32:12,21.72,0.01,30,65160,买盘
396,14:32:00,21.71,0.01,9,19539,买盘
397,14:31:54,21.7,--,15,32550,卖盘
398,14:31:45,21.7,0.01,43,94416,买盘
399,14:31:27,21.69,--,14,30366,卖盘
400,14:31:21,21.69,0.01,34,73746,买盘
401,14:31:18,21.68,-0.01,3,6504,卖盘
402,14:31:06,21.69,0.01,30,65070,买盘
403,14:31:03,21.68,--,5,10840,买盘
404,14:31:00,21.68,--,10,21680,买盘
405,14:30:57,21.68,0.01,6,13008,买盘
406,14:30:54,21.67,-0.01,1,2167,卖盘
407,14:30:48,21.68,0.01,7,15176,买盘
408,14:30:45,21.67,--,6,13002,卖盘
409,14:30:42,21.67,-0.01,10,21670,卖盘
410,14:30:33,21.68,0.01,8,17344,买盘
411,14:30:30,21.67,--,11,23837,卖盘
412,14:30:24,21.67,--,17,36839,卖盘
413,14:30:21,21.67,--,72,156024,卖盘
414,14:30:15,21.67,-0.01,2,4334,卖盘
415,14:30:12,21.68,--,8,17344,买盘
416,14:30:06,21.68,--,9,19512,买盘
417,14:30:03,21.68,--,8,17344,买盘
418,14:29:57,21.68,--,15,32520,买盘
419,14:29:54,21.68,0.01,5,10840,买盘
420,14:29:42,21.67,--,2,4334,买盘
421,14:29:36,21.67,--,10,21670,买盘
422,14:29:24,21.67,0.01,2,4334,买盘
423,14:29:21,21.66,--,9,19494,买盘
424,14:29:15,21.66,--,2,4332,买盘
425,14:29:12,21.66,0.01,2,4332,买盘
426,14:29:09,21.65,-0.01,10,21650,卖盘
427,14:29:03,21.66,0.01,15,32490,买盘
428,14:28:42,21.65,-0.01,28,60619,卖盘
429,14:28:30,21.66,--,2,4332,卖盘
430,14:28:24,21.66,--,7,15162,卖盘
431,14:28:12,21.66,-0.01,2,4332,卖盘
432,14:28:03,21.67,--,117,253539,卖盘
433,14:28:00,21.67,-0.01,6,13002,卖盘
434,14:27:57,21.68,--,1,2168,买盘
435,14:27:54,21.68,0.01,6,13008,买盘
436,14:27:51,21.67,-0.01,6,13002,卖盘
437,14:27:39,21.68,0.01,10,21680,买盘
438,14:27:36,21.67,--,5,10835,卖盘
439,14:27:27,21.67,--,3,6501,卖盘
440,14:27:24,21.67,-0.01,3,6501,卖盘
441,14:27:18,21.68,0.01,3,6504,买盘
442,14:27:15,21.67,-0.01,10,21670,卖盘
443,14:27:06,21.68,--,1,2168,买盘
444,14:27:03,21.68,0.01,3,6504,买盘
445,14:26:57,21.67,--,5,10835,卖盘
446,14:26:54,21.67,-0.01,1,2167,卖盘
447,14:26:51,21.68,0.01,1,2168,买盘
448,14:26:45,21.67,--,5,10835,卖盘
449,14:26:39,21.67,--,5,10835,卖盘
450,14:26:36,21.67,--,1,2167,卖盘
451,14:26:27,21.67,-0.01,7,15169,卖盘
452,14:26:24,21.68,--,3,6504,买盘
453,14:26:21,21.68,0.01,1,2168,买盘
454,14:26:18,21.67,-0.01,18,39006,卖盘
455,14:26:15,21.68,--,10,21680,买盘
456,14:26:09,21.68,--,2,4336,买盘
457,14:26:03,21.68,--,3,6504,买盘
458,14:25:51,21.68,--,3,6504,买盘
459,14:25:48,21.68,-0.01,26,56368,卖盘
460,14:25:27,21.69,0.01,1,2169,买盘
461,14:25:21,21.68,--,8,17344,卖盘
462,14:25:09,21.68,-0.01,1,2168,卖盘
463,14:25:03,21.69,0.01,24,52056,买盘
464,14:25:00,21.68,--,3,6504,卖盘
465,14:24:54,21.68,--,15,32520,卖盘
466,14:24:51,21.68,--,2,5420,买盘
467,14:24:45,21.68,--,22,47696,买盘
468,14:24:39,21.68,--,9,19512,买盘
469,14:24:27,21.68,0.01,12,26016,买盘
470,14:24:21,21.67,--,3,6501,卖盘
471,14:24:18,21.67,-0.01,1,2167,卖盘
472,14:24:15,21.68,--,3,6504,买盘
473,14:24:09,21.68,--,1,2168,买盘
474,14:24:06,21.68,--,20,44444,卖盘
475,14:24:03,21.68,-0.01,10,21680,卖盘
476,14:24:00,21.69,--,4,8676,买盘
477,14:23:57,21.69,--,5,10845,买盘
478,14:23:48,21.69,-0.01,42,91098,卖盘
479,14:23:45,21.7,0.01,49,106330,买盘
480,14:23:42,21.69,--,2,4338,卖盘
481,14:23:39,21.69,-0.01,1,2169,卖盘
482,14:23:36,21.7,--,13,28210,买盘
483,14:23:30,21.7,--,2,4340,买盘
484,14:23:15,21.7,-0.01,38,83523,卖盘
485,14:23:09,21.71,--,7,15197,买盘
486,14:23:03,21.71,--,1,2171,买盘
487,14:23:00,21.71,--,2,4342,买盘
488,14:22:51,21.71,--,20,43420,买盘
489,14:22:45,21.71,0.01,50,108550,买盘
490,14:22:42,21.7,--,8,17360,卖盘
491,14:22:36,21.7,--,17,36890,卖盘
492,14:22:30,21.7,--,24,52080,卖盘
493,14:22:27,21.7,--,1,2170,卖盘
494,14:22:21,21.7,--,2,4340,卖盘
495,14:22:12,21.7,--,14,30380,卖盘
496,14:22:06,21.7,0.01,38,83566,买盘
497,14:22:03,21.69,-0.01,5,10845,卖盘
498,14:22:00,21.7,--,3,6510,买盘
499,14:21:57,21.7,0.01,20,43400,买盘
500,14:21:54,21.69,-0.01,1,2169,卖盘
501,14:21:39,21.7,--,54,118243,卖盘
502,14:21:33,21.7,--,44,95480,卖盘
503,14:21:30,21.7,--,6,13020,卖盘
504,14:21:18,21.7,--,39,84630,卖盘
505,14:21:15,21.7,-0.01,20,43400,卖盘
506,14:21:12,21.71,0.01,1,2171,买盘
507,14:21:09,21.7,--,4,8680,卖盘
508,14:21:06,21.7,-0.01,5,10850,卖盘
509,14:21:03,21.71,--,11,23881,买盘
510,14:21:00,21.71,--,15,32565,买盘
511,14:20:57,21.71,--,2,4342,买盘
512,14:20:54,21.71,--,1,2171,买盘
513,14:20:42,21.71,--,1,2171,买盘
514,14:20:39,21.71,--,1,2171,买盘
515,14:20:36,21.71,--,19,41249,卖盘
516,14:20:30,21.71,--,22,47762,卖盘
517,14:20:09,21.71,-0.01,6,13026,卖盘
518,14:20:03,21.72,0.01,3,6516,买盘
519,14:20:00,21.71,-0.01,10,21710,卖盘
520,14:19:57,21.72,--,3,6516,买盘
521,14:19:54,21.72,0.01,2,4344,买盘
522,14:19:51,21.71,--,10,21710,卖盘
523,14:19:45,21.71,--,15,32565,卖盘
524,14:19:39,21.71,-0.01,1,2171,卖盘
525,14:19:36,21.72,--,5,10860,买盘
526,14:19:30,21.72,--,3,6516,买盘
527,14:19:24,21.72,-0.01,52,112944,卖盘
528,14:19:18,21.73,--,2,4346,买盘
529,14:19:12,21.73,--,25,54325,买盘
530,14:19:09,21.73,-0.02,207,449811,卖盘
531,14:19:06,21.75,--,1,2175,买盘
532,14:19:03,21.75,--,16,34800,买盘
533,14:18:57,21.75,0.01,33,71775,买盘
534,14:18:54,21.74,-0.01,2,4348,卖盘
535,14:18:51,21.75,0.01,5,10875,买盘
536,14:18:48,21.74,--,2,4348,卖盘
537,14:18:45,21.74,--,12,26087,卖盘
538,14:18:42,21.74,-0.01,10,21740,卖盘
539,14:18:30,21.75,0.01,10,21750,买盘
540,14:18:21,21.74,--,2,4348,卖盘
541,14:18:12,21.74,--,5,10870,卖盘
542,14:18:06,21.74,--,15,32609,买盘
543,14:18:03,21.74,0.01,14,30435,买盘
544,14:17:54,21.73,--,19,41287,买盘
545,14:17:51,21.73,0.02,1,2173,买盘
546,14:17:48,21.71,-0.01,23,49933,卖盘
547,14:17:45,21.72,--,10,21720,买盘
548,14:17:42,21.72,--,1,2172,买盘
549,14:17:39,21.72,-0.02,87,188964,卖盘
550,14:17:33,21.74,--,9,19566,买盘
551,14:17:30,21.74,0.01,15,32609,买盘
552,14:17:27,21.73,-0.01,4,8692,卖盘
553,14:17:21,21.74,--,10,21740,买盘
554,14:17:18,21.74,--,10,21740,买盘
555,14:17:15,21.74,--,62,134788,买盘
556,14:17:12,21.74,--,134,291316,卖盘
557,14:17:09,21.74,--,10,21740,卖盘
558,14:17:06,21.74,--,18,39132,买盘
559,14:17:00,21.74,0.01,25,54349,买盘
560,14:16:54,21.73,0.01,1,2173,买盘
561,14:16:51,21.72,-0.01,8,17376,卖盘
562,14:16:48,21.73,0.02,20,43460,买盘
563,14:16:33,21.71,--,10,21710,卖盘
564,14:16:30,21.71,--,1,2171,买盘
565,14:16:27,21.71,--,3,6513,买盘
566,14:16:24,21.71,--,6,13026,卖盘
567,14:16:21,21.71,0.01,1,2171,买盘
568,14:16:12,21.7,0.01,31,68376,买盘
569,14:16:06,21.69,-0.01,10,21690,卖盘
570,14:16:00,21.7,0.01,1,2170,买盘
571,14:15:57,21.69,--,2,4338,卖盘
572,14:15:54,21.69,--,50,108450,买盘
573,14:15:51,21.69,--,10,21690,买盘
574,14:15:48,21.69,0.01,7,15183,买盘
575,14:15:45,21.68,-0.01,31,67208,卖盘
576,14:15:42,21.69,0.01,5,10845,买盘
577,14:15:39,21.68,--,2,4336,卖盘
578,14:15:36,21.68,0.01,29,63956,买盘
579,14:15:30,21.67,-0.01,3,6501,中性盘
580,14:15:27,21.68,0.01,10,21680,买盘
581,14:15:24,21.67,--,21,45507,买盘
582,14:15:21,21.67,--,5,10835,买盘
583,14:15:18,21.67,0.01,4,8668,买盘
584,14:15:15,21.66,--,1,2166,买盘
585,14:15:12,21.66,--,10,21660,买盘
586,14:15:09,21.66,--,12,25992,买盘
587,14:15:06,21.66,--,7,15162,买盘
588,14:15:03,21.66,--,16,34656,买盘
589,14:15:00,21.66,--,20,43320,买盘
590,14:14:57,21.66,--,5,10830,买盘
591,14:14:54,21.66,--,2,4332,买盘
592,14:14:51,21.66,0.01,2,4332,买盘
593,14:14:48,21.65,--,45,99048,买盘
594,14:14:45,21.65,--,106,229489,买盘
595,14:14:42,21.65,--,48,103920,买盘
596,14:14:39,21.65,--,361,781565,买盘
597,14:14:36,21.65,--,5,10825,买盘
598,14:14:33,21.65,--,139,300935,买盘
599,14:14:30,21.65,--,10,21650,买盘
600,14:14:21,21.65,0.01,30,64949,买盘
601,14:14:18,21.64,--,14,30296,卖盘
602,14:14:15,21.64,-0.01,19,41116,中性盘
603,14:14:12,21.65,--,20,43300,买盘
604,14:14:06,21.65,0.01,79,171035,买盘
605,14:14:03,21.64,--,11,23804,卖盘
606,14:14:00,21.64,--,4,8656,买盘
607,14:13:57,21.64,0.02,14,30296,买盘
608,14:13:54,21.62,-0.02,89,192418,卖盘
609,14:13:51,21.64,--,5,10820,买盘
610,14:13:48,21.64,--,3,6492,买盘
611,14:13:45,21.64,--,2,4328,买盘
612,14:13:42,21.64,0.01,10,21640,买盘
613,14:13:39,21.63,--,8,17304,买盘
614,14:13:36,21.63,0.02,12,25956,买盘
615,14:13:27,21.61,--,8,17288,买盘
616,14:13:24,21.61,0.01,1,2161,买盘
617,14:13:21,21.6,-0.01,8,17280,卖盘
618,14:13:18,21.61,0.01,2,4322,买盘
619,14:13:15,21.6,--,11,24840,买盘
620,14:13:12,21.6,--,6,12960,买盘
621,14:13:06,21.6,--,6,12960,买盘
622,14:13:03,21.6,0.02,52,112320,买盘
623,14:13:00,21.58,-0.01,76,165238,卖盘
624,14:12:54,21.59,-0.01,5,10795,卖盘
625,14:12:51,21.6,--,2,4320,买盘
626,14:12:48,21.6,0.02,43,92880,买盘
627,14:12:45,21.58,-0.01,86,185587,卖盘
628,14:12:42,21.59,--,5,10795,卖盘
629,14:12:33,21.59,-0.01,11,23749,中性盘
630,14:12:24,21.6,0.01,30,64800,买盘
631,14:12:21,21.59,--,10,21590,买盘
632,14:12:15,21.59,0.01,2,4318,买盘
633,14:12:12,21.58,-0.01,1,2158,卖盘
634,14:12:09,21.59,0.01,1,2159,买盘
635,14:11:57,21.58,-0.01,3,6473,卖盘
636,14:11:54,21.59,--,1,2159,买盘
637,14:11:51,21.59,--,2,4318,买盘
638,14:11:45,21.59,--,3,6477,买盘
639,14:11:42,21.59,--,2,4318,买盘
640,14:11:36,21.59,--,4,8636,买盘
641,14:11:33,21.59,--,1,2159,买盘
642,14:11:30,21.59,--,1,2159,买盘
643,14:11:27,21.59,--,3,6477,买盘
644,14:11:24,21.59,--,7,15113,买盘
645,14:11:21,21.59,--,14,30226,买盘
646,14:10:51,21.59,--,2,4318,买盘
647,14:10:48,21.59,-0.01,4,8636,卖盘
648,14:10:45,21.6,--,1,2160,买盘
649,14:10:42,21.6,0.01,4,8640,买盘
650,14:10:39,21.59,-0.01,6,12954,卖盘
651,14:10:36,21.6,--,42,90720,买盘
652,14:10:30,21.6,0.01,1,2160,买盘
653,14:10:24,21.59,-0.01,31,66929,卖盘
654,14:10:21,21.6,--,1,2160,买盘
655,14:10:09,21.6,0.01,15,32400,买盘
656,14:10:06,21.59,-0.01,1,2159,中性盘
657,14:09:54,21.6,--,1,2160,买盘
658,14:09:51,21.6,0.02,3,6480,买盘
659,14:09:45,21.58,-0.02,7,15105,卖盘
660,14:09:42,21.6,--,6,12960,买盘
661,14:09:39,21.6,--,1,2160,买盘
662,14:09:33,21.6,0.02,9,19440,买盘
663,14:09:30,21.58,--,4,8632,卖盘
664,14:09:15,21.58,0.01,29,62581,买盘
665,14:09:09,21.57,-0.01,2,4659,卖盘
666,14:09:06,21.58,--,40,86320,买盘
667,14:09:03,21.58,--,3,6473,买盘
668,14:08:57,21.58,--,2,4316,买盘
669,14:08:54,21.58,--,1,2158,买盘
670,14:08:51,21.58,--,2,4316,买盘
671,14:08:48,21.58,--,5,10790,买盘
672,14:08:45,21.58,0.02,8,17264,买盘
673,14:08:42,21.56,-0.01,20,43120,卖盘
674,14:08:39,21.57,--,4,8628,买盘
675,14:08:36,21.57,--,8,17256,买盘
676,14:08:33,21.57,-0.01,6,12942,买盘
677,14:08:30,21.58,--,24,51791,买盘
678,14:08:27,21.58,--,115,248169,买盘
679,14:08:21,21.58,--,52,112215,买盘
680,14:08:18,21.58,0.01,5,10790,买盘
681,14:08:06,21.57,--,3,6471,买盘
682,14:08:03,21.57,0.01,25,53925,买盘
683,14:07:51,21.56,--,6,12936,中性盘
684,14:07:48,21.56,-0.01,11,23716,卖盘
685,14:07:42,21.57,--,11,23727,买盘
686,14:07:39,21.57,--,18,38826,买盘
687,14:07:27,21.57,0.01,10,21570,买盘
688,14:07:24,21.56,-0.01,19,40964,卖盘
689,14:07:21,21.57,--,12,25884,买盘
690,14:07:18,21.57,--,1,2157,买盘
691,14:07:15,21.57,--,1,2157,买盘
692,14:07:06,21.57,0.02,1,2157,买盘
693,14:06:54,21.55,-0.01,8,17240,卖盘
694,14:06:51,21.56,--,4,8624,买盘
695,14:06:48,21.56,0.01,2,4312,买盘
696,14:06:39,21.55,--,5,10904,买盘
697,14:06:33,21.55,--,5,10775,买盘
698,14:06:21,21.55,0.02,5,10775,买盘
699,14:06:18,21.53,--,4,8612,买盘
700,14:06:15,21.53,--,11,23683,买盘
701,14:06:12,21.53,--,4,8612,买盘
702,14:06:09,21.53,--,12,25836,买盘
703,14:06:06,21.53,--,13,27989,买盘
704,14:05:57,21.53,--,1,2153,买盘
705,14:05:54,21.53,0.02,17,36601,中性盘
706,14:05:51,21.51,-0.03,57,122607,卖盘
707,14:05:48,21.54,0.02,2,4308,买盘
708,14:05:45,21.52,--,15,32280,卖盘
709,14:05:42,21.52,-0.01,17,36584,卖盘
710,14:05:39,21.53,--,32,68896,卖盘
711,14:05:36,21.53,--,5,10765,卖盘
712,14:05:33,21.53,--,54,116262,买盘
713,14:05:30,21.53,0.02,2,4306,买盘
714,14:05:27,21.51,-0.02,50,107550,卖盘
715,14:05:24,21.53,0.01,2,4306,买盘
716,14:05:18,21.52,0.01,6,12912,中性盘
717,14:05:15,21.51,-0.01,2,4302,卖盘
718,14:05:12,21.52,0.01,21,45192,买盘
719,14:05:09,21.51,--,26,55926,卖盘
720,14:05:03,21.51,--,24,51624,卖盘
721,14:05:00,21.51,--,7,15057,卖盘
722,14:04:57,21.51,0.01,1,2151,卖盘
723,14:04:54,21.5,--,10,21500,卖盘
724,14:04:48,21.5,-0.01,202,434300,卖盘
725,14:04:45,21.51,0.01,61,131211,买盘
726,14:04:42,21.5,--,28,60200,卖盘
727,14:04:39,21.5,-0.01,300,645000,卖盘
728,14:04:36,21.51,--,15,32265,买盘
729,14:04:33,21.51,0.01,68,146268,买盘
730,14:04:30,21.5,-0.01,40,86000,卖盘
731,14:04:27,21.51,--,2,4302,买盘
732,14:04:24,21.51,-0.01,3,6453,中性盘
733,14:04:21,21.52,0.01,8,17216,买盘
734,14:04:12,21.51,-0.01,7,15057,卖盘
735,14:04:09,21.52,--,12,25824,买盘
736,14:04:03,21.52,0.02,2,4304,买盘
737,14:04:00,21.5,-0.01,500,1075000,卖盘
738,14:03:57,21.51,--,12,25812,卖盘
739,14:03:54,21.51,-0.01,8,17208,卖盘
740,14:03:51,21.52,--,1,2152,买盘
741,14:03:45,21.52,--,42,90384,卖盘
742,14:03:42,21.52,--,104,223808,卖盘
743,14:03:39,21.52,-0.01,5,10760,卖盘
744,14:03:36,21.53,0.01,7,15071,买盘
745,14:03:24,21.52,-0.01,9,19368,卖盘
746,14:03:21,21.53,-0.02,32,68896,卖盘
747,14:03:18,21.55,--,50,107750,买盘
748,14:03:06,21.55,0.02,1,2155,买盘
749,14:03:03,21.53,-0.02,1,2153,卖盘
750,14:03:00,21.55,--,21,45255,买盘
751,14:02:54,21.55,--,6,12930,买盘
752,14:02:51,21.55,--,1,2155,买盘
753,14:02:45,21.55,--,10,21550,买盘
754,14:02:36,21.55,0.03,2,4310,买盘
755,14:02:33,21.52,--,14,30128,卖盘
756,14:02:30,21.52,-0.03,4,8608,卖盘
757,14:02:27,21.55,--,6,12930,买盘
758,14:02:24,21.55,0.03,3,6465,买盘
759,14:02:21,21.52,--,6,12912,卖盘
760,14:02:15,21.52,--,9,19368,买盘
761,14:02:12,21.52,-0.03,1,2152,买盘
762,14:02:09,21.55,0.03,2,4310,买盘
763,14:02:06,21.52,--,15,32280,卖盘
764,14:02:03,21.52,--,14,30128,卖盘
765,14:02:00,21.52,--,5,10760,卖盘
766,14:01:51,21.52,-0.01,36,77472,卖盘
767,14:01:48,21.53,--,2,4306,买盘
768,14:01:45,21.53,-0.02,10,21530,买盘
769,14:01:36,21.55,0.03,1,2155,买盘
770,14:01:33,21.52,-0.03,20,43040,卖盘
771,14:01:30,21.55,--,3,6465,买盘
772,14:01:27,21.55,-0.02,133,288640,卖盘
773,14:01:24,21.57,--,45,97065,卖盘
774,14:01:21,21.57,--,25,53925,卖盘
775,14:01:18,21.57,--,4,8628,卖盘
776,14:01:15,21.57,-0.01,20,43140,卖盘
777,14:01:12,21.58,--,12,25895,买盘
778,14:01:03,21.58,-0.02,261,564317,卖盘
779,14:01:00,21.6,-0.01,50,108000,卖盘
780,14:00:57,21.61,0.01,28,60508,买盘
781,14:00:54,21.6,--,5,10800,卖盘
782,14:00:51,21.6,--,1,2160,卖盘
783,14:00:48,21.6,--,21,45360,卖盘
784,14:00:45,21.6,--,2,4320,卖盘
785,14:00:42,21.6,--,32,69120,卖盘
786,14:00:39,21.6,--,5,10800,卖盘
787,14:00:36,21.6,--,100,216000,卖盘
788,14:00:33,21.6,--,4,8640,卖盘
789,14:00:27,21.6,-0.02,38,82080,卖盘
790,14:00:24,21.62,0.02,4,8648,中性盘
791,14:00:21,21.6,-0.02,37,79920,卖盘
792,14:00:15,21.62,0.02,6,12972,买盘
793,14:00:12,21.6,-0.03,100,216000,卖盘
794,14:00:09,21.63,0.01,2,4326,买盘
795,14:00:03,21.62,--,40,86480,卖盘
796,13:59:57,21.62,--,3,6486,卖盘
797,13:59:51,21.62,--,2,4324,卖盘
798,13:59:45,21.62,-0.01,1,2162,卖盘
799,13:59:42,21.63,--,1,2163,买盘
800,13:59:33,21.63,--,12,25956,买盘
801,13:59:30,21.63,0.01,16,34608,中性盘
802,13:59:27,21.62,-0.01,29,62698,卖盘
803,13:59:24,21.63,--,10,21630,卖盘
804,13:59:15,21.63,--,13,28119,买盘
805,13:59:00,21.63,0.01,1,2163,买盘
806,13:58:57,21.62,-0.01,11,23782,卖盘
807,13:58:51,21.63,--,5,10815,卖盘
808,13:58:33,21.63,-0.01,5,10815,卖盘
809,13:58:30,21.64,--,1,2164,买盘
810,13:58:27,21.64,--,2,4328,买盘
811,13:58:12,21.64,--,21,46374,卖盘
812,13:58:00,21.64,--,2,4328,卖盘
813,13:57:57,21.64,0.01,183,397245,买盘
814,13:57:45,21.63,0.01,4,8652,买盘
815,13:57:36,21.62,-0.01,1,2162,卖盘
816,13:57:27,21.63,0.01,1,2163,买盘
817,13:57:21,21.62,--,16,34592,买盘
818,13:57:09,21.62,0.01,4,8648,买盘
819,13:57:06,21.61,--,12,25932,卖盘
820,13:57:03,21.61,--,6,12966,卖盘
821,13:56:57,21.61,-0.01,13,28093,卖盘
822,13:56:42,21.62,--,13,28106,卖盘
823,13:56:39,21.62,-0.01,1,2162,卖盘
824,13:56:36,21.63,0.01,6,12978,买盘
825,13:56:30,21.62,-0.01,5,10810,卖盘
826,13:56:27,21.63,0.01,5,10815,买盘
827,13:56:15,21.62,0.01,4,8648,买盘
828,13:56:12,21.61,-0.01,6,12966,卖盘
829,13:55:57,21.62,--,4,8648,买盘
830,13:55:54,21.62,-0.01,2,4324,卖盘
831,13:55:51,21.63,0.01,2,4326,买盘
832,13:55:48,21.62,-0.01,1,2162,卖盘
833,13:55:42,21.63,--,20,43260,买盘
834,13:55:39,21.63,--,21,45423,买盘
835,13:55:21,21.63,0.01,20,43260,买盘
836,13:55:12,21.62,--,15,32430,卖盘
837,13:55:09,21.62,--,42,90804,卖盘
838,13:55:06,21.62,--,3,6486,卖盘
839,13:55:00,21.62,--,7,15134,卖盘
840,13:54:48,21.62,-0.01,34,73508,卖盘
841,13:54:33,21.63,--,1,2163,买盘
842,13:54:30,21.63,--,1,2163,买盘
843,13:54:18,21.63,0.01,5,10815,中性盘
844,13:54:15,21.62,-0.01,50,108100,卖盘
845,13:54:03,21.63,-0.01,12,25956,卖盘
846,13:53:57,21.64,--,17,37740,卖盘
847,13:53:51,21.64,-0.01,10,21640,卖盘
848,13:53:48,21.65,0.01,20,43300,买盘
849,13:53:45,21.64,--,52,112528,卖盘
850,13:53:42,21.64,--,6,12984,卖盘
851,13:53:36,21.64,-0.01,22,47608,卖盘
852,13:53:27,21.65,--,10,21650,买盘
853,13:53:24,21.65,0.01,10,21650,买盘
854,13:53:18,21.64,-0.01,10,21640,卖盘
855,13:53:15,21.65,0.01,3,6495,买盘
856,13:53:09,21.64,-0.01,2,4328,卖盘
857,13:52:54,21.65,--,1,2165,买盘
858,13:52:51,21.65,--,8,17320,买盘
859,13:52:45,21.65,--,10,21650,买盘
860,13:52:42,21.65,--,3,6495,买盘
861,13:52:36,21.65,--,10,21650,买盘
862,13:52:33,21.65,0.01,10,21650,买盘
863,13:52:30,21.64,-0.01,11,23804,卖盘
864,13:52:24,21.65,--,5,10825,买盘
865,13:52:21,21.65,--,6,12990,买盘
866,13:52:12,21.65,--,2,4330,买盘
867,13:52:09,21.65,0.01,74,160210,买盘
868,13:52:03,21.64,-0.01,11,23804,卖盘
869,13:52:00,21.65,--,2,4330,买盘
870,13:51:57,21.65,--,56,121239,买盘
871,13:51:54,21.65,--,1,2165,买盘
872,13:51:51,21.65,--,24,51960,买盘
873,13:51:42,21.65,--,41,88765,买盘
874,13:51:39,21.65,--,4,8660,买盘
875,13:51:33,21.65,--,3,6495,买盘
876,13:51:30,21.65,--,9,19485,买盘
877,13:51:27,21.65,--,42,90930,买盘
878,13:51:24,21.65,--,17,36805,买盘
879,13:51:15,21.65,--,22,47630,买盘
880,13:51:12,21.65,--,19,41135,买盘
881,13:51:09,21.65,--,50,108250,买盘
882,13:51:03,21.65,0.01,24,51960,买盘
883,13:51:00,21.64,--,4,8656,卖盘
884,13:50:57,21.64,-0.01,14,30296,卖盘
885,13:50:54,21.65,--,47,101755,买盘
886,13:50:51,21.65,--,4,8660,买盘
887,13:50:48,21.65,--,5,10825,买盘
888,13:50:42,21.65,--,10,21650,买盘
889,13:50:39,21.65,--,2,4330,买盘
890,13:50:36,21.65,--,5,10825,买盘
891,13:50:27,21.65,--,14,30309,买盘
892,13:50:24,21.65,--,2,4330,买盘
893,13:50:21,21.65,0.01,11,23815,买盘
894,13:50:18,21.64,-0.01,14,30296,卖盘
895,13:50:15,21.65,--,23,49795,买盘
896,13:50:12,21.65,--,5,10825,买盘
897,13:50:09,21.65,0.01,20,43300,买盘
898,13:50:06,21.64,-0.01,14,30296,卖盘
899,13:50:03,21.65,--,115,248974,买盘
900,13:50:00,21.65,0.01,103,222994,买盘
901,13:49:57,21.64,-0.01,30,64920,卖盘
902,13:49:54,21.65,--,125,270625,买盘
903,13:49:51,21.65,--,7,15154,买盘
904,13:49:48,21.65,--,25,54125,买盘
905,13:49:45,21.65,--,459,993734,买盘
906,13:49:39,21.65,0.01,10,21650,买盘
907,13:49:30,21.64,-0.01,18,38952,卖盘
908,13:49:27,21.65,--,2,4330,买盘
909,13:49:24,21.65,--,100,216500,买盘
910,13:49:18,21.65,--,1,2165,买盘
911,13:49:15,21.65,--,10,21650,买盘
912,13:49:09,21.65,--,37,80105,买盘
913,13:49:06,21.65,--,4,8660,买盘
914,13:49:03,21.65,--,5,10825,买盘
915,13:49:00,21.65,--,2,4330,买盘
916,13:48:54,21.65,0.01,1,2165,买盘
917,13:48:48,21.64,-0.01,7,15148,卖盘
918,13:48:39,21.65,--,5,10825,买盘
919,13:48:33,21.65,0.01,3,6495,买盘
920,13:48:24,21.64,-0.01,5,10820,卖盘
921,13:48:21,21.65,--,10,21650,买盘
922,13:48:15,21.65,0.01,6,12990,买盘
923,13:48:12,21.64,-0.01,5,10820,卖盘
924,13:48:06,21.65,--,1,2165,买盘
925,13:48:00,21.65,--,28,60619,买盘
926,13:47:57,21.65,--,3,6495,买盘
927,13:47:54,21.65,--,10,21650,买盘
928,13:47:45,21.65,--,3,6495,买盘
929,13:47:42,21.65,0.01,23,49795,买盘
930,13:47:27,21.64,--,14,31507,买盘
931,13:47:15,21.64,--,10,21640,买盘
932,13:47:06,21.64,--,20,43280,买盘
933,13:47:03,21.64,--,3,6492,买盘
934,13:46:57,21.64,--,6,12984,买盘
935,13:46:42,21.64,--,19,41116,买盘
936,13:46:36,21.64,0.02,23,49772,买盘
937,13:46:09,21.62,-0.02,1,2162,卖盘
938,13:46:06,21.64,0.02,22,47608,买盘
939,13:46:03,21.62,--,3,6486,买盘
940,13:46:00,21.62,--,42,90804,卖盘
941,13:45:51,21.62,-0.02,4,8648,卖盘
942,13:45:48,21.64,0.02,5,10820,买盘
943,13:45:36,21.62,--,0,1081,买盘
944,13:45:33,21.62,--,1,2162,买盘
945,13:45:30,21.62,--,10,21620,买盘
946,13:45:27,21.62,--,5,10810,买盘
947,13:45:24,21.62,--,5,10810,买盘
948,13:45:21,21.62,-0.02,53,115667,卖盘
949,13:45:18,21.64,--,2,4328,买盘
950,13:45:15,21.64,--,1,2164,买盘
951,13:45:09,21.64,0.02,55,119020,买盘
952,13:45:00,21.62,-0.02,2,4324,卖盘
953,13:44:51,21.64,0.02,2,4328,买盘
954,13:44:48,21.62,-0.02,1,2162,卖盘
955,13:44:42,21.64,--,1,2164,买盘
956,13:44:36,21.64,--,5,10820,买盘
957,13:44:30,21.64,--,1,2164,买盘
958,13:44:21,21.64,--,3,6492,买盘
959,13:44:12,21.64,0.02,44,96298,买盘
960,13:44:09,21.62,0.01,2,4324,买盘
961,13:44:06,21.61,--,3,7563,卖盘
962,13:44:03,21.61,-0.01,8,17288,卖盘
963,13:44:00,21.62,--,2,4324,买盘
964,13:43:57,21.62,--,2,4324,买盘
965,13:43:54,21.62,--,1,2162,买盘
966,13:43:51,21.62,--,14,30268,买盘
967,13:43:48,21.62,--,16,34592,买盘
968,13:43:45,21.62,--,2,4324,买盘
969,13:43:42,21.62,--,27,58374,买盘
970,13:43:39,21.62,--,8,18377,卖盘
971,13:43:33,21.62,--,1,2162,卖盘
972,13:43:24,21.62,--,5,11891,买盘
973,13:43:21,21.62,--,2,4324,买盘
974,13:43:18,21.62,--,2,4324,买盘
975,13:43:15,21.62,--,1,2162,买盘
976,13:43:12,21.62,--,10,22701,卖盘
977,13:43:03,21.62,0.01,19,42159,买盘
978,13:42:51,21.61,--,6,12966,卖盘
979,13:42:39,21.61,-0.01,4,8644,卖盘
980,13:42:27,21.62,0.01,5,10810,买盘
981,13:42:24,21.61,-0.01,1,2161,卖盘
982,13:42:21,21.62,-0.01,6,12972,卖盘
983,13:42:15,21.63,--,1,2163,买盘
984,13:42:09,21.63,0.01,10,21630,买盘
985,13:42:03,21.62,--,5,10810,卖盘
986,13:41:57,21.62,-0.01,3,6486,卖盘
987,13:41:48,21.63,-0.03,58,126535,卖盘
988,13:41:39,21.66,0.03,50,108300,买盘
989,13:41:24,21.63,--,9,20548,买盘
990,13:41:21,21.63,--,3,6489,买盘
991,13:41:15,21.63,--,2,4326,买盘
992,13:41:09,21.63,--,1,2163,买盘
993,13:41:06,21.63,--,2,4326,买盘
994,13:41:03,21.63,--,1,2163,买盘
995,13:40:57,21.63,--,5,10815,买盘
996,13:40:51,21.63,--,1,3244,卖盘
997,13:40:39,21.63,--,10,21630,卖盘
998,13:40:33,21.63,--,9,19467,卖盘
999,13:40:30,21.63,--,20,43260,卖盘
1000,13:40:27,21.63,--,26,56238,卖盘
1001,13:40:12,21.63,-0.02,2,4326,卖盘
1002,13:40:06,21.65,0.02,5,10825,买盘
1003,13:40:00,21.63,--,22,47586,卖盘
1004,13:39:57,21.63,0.03,61,133024,买盘
1005,13:39:51,21.6,-0.01,5,10800,卖盘
1006,13:39:48,21.61,-0.02,35,75635,卖盘
1007,13:39:45,21.63,0.01,26,56238,买盘
1008,13:39:39,21.62,0.01,16,34592,中性盘
1009,13:39:33,21.61,-0.01,102,220422,卖盘
1010,13:39:27,21.62,0.01,1,2162,买盘
1011,13:39:24,21.61,-0.01,3,6483,卖盘
1012,13:39:21,21.62,--,10,21620,买盘
1013,13:39:18,21.62,--,3,6486,买盘
1014,13:39:15,21.62,0.01,7,15134,中性盘
1015,13:39:03,21.61,-0.02,10,21610,卖盘
1016,13:38:57,21.63,--,13,28119,买盘
1017,13:38:48,21.63,0.02,12,25956,买盘
1018,13:38:42,21.61,-0.02,102,220422,卖盘
1019,13:38:33,21.63,--,5,10815,买盘
1020,13:38:30,21.63,--,3,6489,卖盘
1021,13:38:27,21.63,-0.01,2,4326,卖盘
1022,13:38:21,21.64,-0.01,10,21640,买盘
1023,13:38:12,21.65,--,15,32474,卖盘
1024,13:38:09,21.65,0.02,5,10825,买盘
1025,13:38:06,21.63,-0.02,2,4326,卖盘
1026,13:37:57,21.65,--,17,36805,卖盘
1027,13:37:51,21.65,--,4,8660,卖盘
1028,13:37:48,21.65,--,6,12990,卖盘
1029,13:37:42,21.65,-0.01,20,43300,卖盘
1030,13:37:30,21.66,--,5,10830,买盘
1031,13:37:21,21.66,--,33,71478,卖盘
1032,13:37:18,21.66,-0.01,10,21660,卖盘
1033,13:37:15,21.67,--,5,10835,买盘
1034,13:37:12,21.67,--,14,30338,卖盘
1035,13:37:06,21.67,-0.01,1,2167,卖盘
1036,13:36:54,21.68,-0.01,23,50948,卖盘
1037,13:36:51,21.69,0.01,5,10845,买盘
1038,13:36:48,21.68,--,1,2168,卖盘
1039,13:36:45,21.68,-0.01,10,21680,卖盘
1040,13:36:42,21.69,0.01,40,86760,买盘
1041,13:36:33,21.68,-0.01,26,56368,卖盘
1042,13:36:30,21.69,0.01,3,6507,买盘
1043,13:36:27,21.68,-0.01,11,23848,卖盘
1044,13:36:24,21.69,0.01,2,4338,买盘
1045,13:36:15,21.68,-0.01,5,10840,卖盘
1046,13:36:12,21.69,-0.01,43,93267,卖盘
1047,13:36:09,21.7,--,5,10850,买盘
1048,13:36:03,21.7,-0.01,61,133433,卖盘
1049,13:35:54,21.71,0.01,2,4342,买盘
1050,13:35:48,21.7,--,1,2170,卖盘
1051,13:35:27,21.7,--,0,1106,卖盘
1052,13:35:21,21.7,--,5,10850,买盘
1053,13:35:18,21.7,--,10,21700,买盘
1054,13:35:12,21.7,--,9,19530,买盘
1055,13:35:06,21.7,0.01,7,15190,买盘
1056,13:35:03,21.69,-0.01,5,10845,中性盘
1057,13:34:54,21.7,--,10,21700,买盘
1058,13:34:51,21.7,0.01,5,10850,买盘
1059,13:34:45,21.69,-0.01,16,34704,卖盘
1060,13:34:36,21.7,--,4,8680,买盘
1061,13:34:33,21.7,--,6,13020,买盘
1062,13:34:30,21.7,--,5,10850,买盘
1063,13:34:27,21.7,--,4,8680,买盘
1064,13:34:24,21.7,0.01,2,4340,买盘
1065,13:34:09,21.69,0.01,10,21690,买盘
1066,13:34:06,21.68,--,33,72628,买盘
1067,13:34:00,21.68,--,3,6504,买盘
1068,13:33:57,21.68,--,10,21680,买盘
1069,13:33:51,21.68,0.01,6,13008,买盘
1070,13:33:42,21.67,-0.01,10,21670,卖盘
1071,13:33:39,21.68,--,23,49864,买盘
1072,13:33:30,21.68,0.01,7,15176,买盘
1073,13:33:27,21.67,--,15,32505,卖盘
1074,13:33:15,21.67,--,190,411730,卖盘
1075,13:33:09,21.67,-0.01,45,97515,卖盘
1076,13:33:06,21.68,--,1,2168,买盘
1077,13:32:57,21.68,--,4,8672,买盘
1078,13:32:54,21.68,--,4,8672,买盘
1079,13:32:51,21.68,--,2,4336,买盘
1080,13:32:48,21.68,0.01,6,13008,买盘
1081,13:32:42,21.67,--,6,13002,卖盘
1082,13:32:27,21.67,--,2,4334,卖盘
1083,13:32:18,21.67,--,2,4334,卖盘
1084,13:32:09,21.67,-0.01,1,2167,卖盘
1085,13:32:00,21.68,0.01,8,17344,买盘
1086,13:31:51,21.67,--,11,23837,买盘
1087,13:31:45,21.67,--,1,2167,卖盘
1088,13:31:42,21.67,-0.01,5,10835,中性盘
1089,13:31:39,21.68,0.01,53,115988,买盘
1090,13:31:30,21.67,--,1,2167,卖盘
1091,13:31:24,21.67,--,0,1083,买盘
1092,13:31:21,21.67,--,4,8668,买盘
1093,13:31:18,21.67,--,8,17336,买盘
1094,13:31:12,21.67,--,7,15169,买盘
1095,13:31:09,21.67,--,40,87763,卖盘
1096,13:30:54,21.67,--,5,10835,卖盘
1097,13:30:48,21.67,0.01,37,81262,买盘
1098,13:30:42,21.66,-0.01,25,54150,卖盘
1099,13:30:39,21.67,--,3,6501,买盘
1100,13:30:30,21.67,--,1,2167,买盘
1101,13:30:15,21.67,0.01,3,6501,买盘
1102,13:30:12,21.66,-0.01,2,4332,卖盘
1103,13:30:06,21.67,--,4,8668,买盘
1104,13:29:57,21.67,0.01,5,10835,买盘
1105,13:29:48,21.66,-0.01,47,101802,卖盘
1106,13:29:42,21.67,--,6,13002,买盘
1107,13:29:39,21.67,--,5,10835,买盘
1108,13:29:36,21.67,--,2,4334,买盘
1109,13:29:33,21.67,0.01,5,10835,买盘
1110,13:29:30,21.66,--,10,21660,卖盘
1111,13:29:27,21.66,-0.01,2,4332,卖盘
1112,13:29:24,21.67,-0.01,217,471322,卖盘
1113,13:29:21,21.68,--,4,8672,买盘
1114,13:29:15,21.68,--,30,65040,买盘
1115,13:29:12,21.68,--,2,4336,买盘
1116,13:29:06,21.68,--,20,43360,买盘
1117,13:29:03,21.68,0.01,10,21680,买盘
1118,13:28:54,21.67,--,27,58509,卖盘
1119,13:28:45,21.67,--,64,139771,买盘
1120,13:28:39,21.67,--,13,28171,买盘
1121,13:28:36,21.67,0.01,2,4334,买盘
1122,13:28:33,21.66,--,2,4332,卖盘
1123,13:28:27,21.66,-0.01,2,4332,卖盘
1124,13:28:24,21.67,--,20,43340,买盘
1125,13:28:18,21.67,--,10,21670,买盘
1126,13:28:12,21.67,0.01,1,2167,买盘
1127,13:28:03,21.66,--,5,10830,卖盘
1128,13:28:00,21.66,--,3,6498,卖盘
1129,13:27:57,21.66,0.01,13,28158,买盘
1130,13:27:51,21.65,--,5,10825,卖盘
1131,13:27:48,21.65,-0.02,3,6495,中性盘
1132,13:27:42,21.67,0.02,65,140855,买盘
1133,13:27:39,21.65,--,9,20567,卖盘
1134,13:27:36,21.65,--,1,2165,卖盘
1135,13:27:27,21.65,--,9,20567,买盘
1136,13:27:24,21.65,--,12,25980,买盘
1137,13:27:15,21.65,--,2,4330,买盘
1138,13:27:12,21.65,-0.01,17,36805,卖盘
1139,13:27:09,21.66,0.03,1,2166,买盘
1140,13:27:03,21.63,-0.03,1,2163,卖盘
1141,13:27:00,21.66,0.03,20,43320,买盘
1142,13:26:51,21.63,-0.03,17,36771,卖盘
1143,13:26:48,21.66,--,10,21660,买盘
1144,13:26:45,21.66,0.03,4,8664,买盘
1145,13:26:30,21.63,-0.03,6,12978,卖盘
1146,13:26:24,21.66,--,26,57399,卖盘
1147,13:26:21,21.66,0.01,80,174363,买盘
1148,13:26:18,21.65,-0.01,4,8660,卖盘
1149,13:26:15,21.66,0.01,16,34656,买盘
1150,13:26:12,21.65,-0.01,1,2165,卖盘
1151,13:26:09,21.66,0.03,1,2166,买盘
1152,13:26:06,21.63,-0.03,45,97335,卖盘
1153,13:26:03,21.66,0.01,2,4332,买盘
1154,13:26:00,21.65,-0.01,12,25980,卖盘
1155,13:25:57,21.66,0.01,6,12996,买盘
1156,13:25:54,21.65,-0.01,20,43300,卖盘
1157,13:25:48,21.66,--,1,2166,买盘
1158,13:25:45,21.66,0.01,20,43320,买盘
1159,13:25:42,21.65,--,2,4330,卖盘
1160,13:25:39,21.65,--,3,6495,买盘
1161,13:25:36,21.65,--,1,2165,买盘
1162,13:25:33,21.65,--,20,43300,买盘
1163,13:25:30,21.65,--,6,12990,买盘
1164,13:25:24,21.65,--,12,25980,买盘
1165,13:25:21,21.65,0.03,3,6495,买盘
1166,13:25:18,21.62,--,23,49726,卖盘
1167,13:25:09,21.62,--,4,8648,卖盘
1168,13:25:06,21.62,--,1,2162,买盘
1169,13:25:03,21.62,0.01,10,21620,买盘
1170,13:24:57,21.61,--,1,2161,卖盘
1171,13:24:51,21.61,--,7,15127,买盘
1172,13:24:48,21.61,--,13,28093,买盘
1173,13:24:45,21.61,--,10,21610,买盘
1174,13:24:39,21.61,0.01,3,6483,买盘
1175,13:24:33,21.6,--,92,198720,买盘
1176,13:24:30,21.6,--,1,2160,买盘
1177,13:24:24,21.6,--,2,4320,买盘
1178,13:24:21,21.6,--,2,4320,买盘
1179,13:24:18,21.6,--,43,92880,买盘
1180,13:24:15,21.6,0.01,4,8640,买盘
1181,13:24:12,21.59,-0.01,68,146812,卖盘
1182,13:24:09,21.6,--,4,8640,买盘
1183,13:24:06,21.6,--,20,43200,买盘
1184,13:24:00,21.6,0.01,100,216000,买盘
1185,13:23:54,21.59,--,8,17272,买盘
1186,13:23:51,21.59,0.01,10,21590,买盘
1187,13:23:45,21.58,-0.01,12,25895,卖盘
1188,13:23:42,21.59,--,42,90678,买盘
1189,13:23:30,21.59,--,12,25908,买盘
1190,13:23:27,21.59,--,5,10795,买盘
1191,13:23:24,21.59,--,19,41021,买盘
1192,13:23:15,21.59,--,22,47498,买盘
1193,13:23:12,21.59,-0.01,111,239649,卖盘
1194,13:23:06,21.6,--,7,15120,买盘
1195,13:22:57,21.6,--,13,28080,买盘
1196,13:22:54,21.6,--,3,6480,买盘
1197,13:22:51,21.6,0.01,9,19440,买盘
1198,13:22:48,21.59,-0.01,1,2159,卖盘
1199,13:22:42,21.6,0.01,6,12960,买盘
1200,13:22:30,21.59,--,6,12954,卖盘
1201,13:22:27,21.59,-0.01,7,15113,卖盘
1202,13:22:24,21.6,0.01,46,99360,买盘
1203,13:22:21,21.59,--,7,15113,买盘
1204,13:22:18,21.59,--,1,2159,买盘
1205,13:22:15,21.59,--,1,2159,买盘
1206,13:22:12,21.59,--,10,21590,买盘
1207,13:22:06,21.59,--,7,15113,买盘
1208,13:22:03,21.59,--,6,12954,卖盘
1209,13:22:00,21.59,-0.01,36,77724,卖盘
1210,13:21:57,21.6,0.01,5,10800,买盘
1211,13:21:45,21.59,-0.01,10,21590,卖盘
1212,13:21:42,21.6,--,10,21600,买盘
1213,13:21:36,21.6,0.01,6,12960,买盘
1214,13:21:27,21.59,-0.01,10,21590,卖盘
1215,13:21:24,21.6,--,72,155520,买盘
1216,13:21:21,21.6,0.01,52,112320,买盘
1217,13:21:09,21.59,--,48,103632,买盘
1218,13:21:00,21.59,--,5,10795,买盘
1219,13:20:54,21.59,--,1,2159,买盘
1220,13:20:48,21.59,--,10,21590,买盘
1221,13:20:45,21.59,--,6,12954,买盘
1222,13:20:42,21.59,--,5,10795,买盘
1223,13:20:39,21.59,-0.01,27,58293,卖盘
1224,13:20:36,21.6,0.01,64,138240,买盘
1225,13:20:24,21.59,-0.01,10,21590,中性盘
1226,13:20:18,21.6,0.01,5,10800,买盘
1227,13:20:12,21.59,--,5,10795,卖盘
1228,13:20:09,21.59,-0.01,50,107950,卖盘
1229,13:20:03,21.6,--,9,19440,买盘
1230,13:20:00,21.6,--,20,43200,买盘
1231,13:19:54,21.6,0.01,17,36720,中性盘
1232,13:19:48,21.59,-0.01,41,88519,卖盘
1233,13:19:45,21.6,--,30,64800,买盘
1234,13:19:42,21.6,0.01,1,2160,买盘
1235,13:19:39,21.59,-0.01,5,10795,卖盘
1236,13:19:33,21.6,0.02,11,23760,买盘
1237,13:19:18,21.58,-0.01,21,46181,卖盘
1238,13:19:15,21.59,--,2,4318,买盘
1239,13:19:09,21.59,--,8,17272,买盘
1240,13:19:06,21.59,--,5,10795,买盘
1241,13:19:03,21.59,--,11,23749,买盘
1242,13:18:57,21.59,--,10,21590,买盘
1243,13:18:54,21.59,--,2,4318,买盘
1244,13:18:51,21.59,--,2,4318,买盘
1245,13:18:48,21.59,--,61,132994,卖盘
1246,13:18:45,21.59,--,11,23749,卖盘
1247,13:18:36,21.59,--,5,10795,卖盘
1248,13:18:30,21.59,--,6,13817,买盘
1249,13:18:24,21.59,0.01,1,2159,买盘
1250,13:18:21,21.58,--,3,6473,卖盘
1251,13:18:18,21.58,-0.01,67,144586,卖盘
1252,13:18:15,21.59,--,2,4318,买盘
1253,13:18:06,21.59,0.01,3,6477,买盘
1254,13:18:00,21.58,0.01,52,112215,买盘
1255,13:17:57,21.57,--,1,2157,卖盘
1256,13:17:51,21.57,--,6,12942,中性盘
1257,13:17:45,21.57,--,1,2157,买盘
1258,13:17:42,21.57,--,5,10785,买盘
1259,13:17:33,21.57,0.02,2,4314,买盘
1260,13:17:21,21.55,--,25,54004,买盘
1261,13:17:18,21.55,--,9,19395,买盘
1262,13:17:15,21.55,-0.04,116,249980,卖盘
1263,13:17:09,21.59,0.04,9,19431,买盘
1264,13:17:06,21.55,-0.01,50,107750,卖盘
1265,13:17:00,21.56,0.01,1,2156,中性盘
1266,13:16:57,21.55,-0.01,8,17240,卖盘
1267,13:16:54,21.56,--,15,32339,买盘
1268,13:16:51,21.56,--,4,8624,买盘
1269,13:16:48,21.56,--,12,25872,买盘
1270,13:16:45,21.56,-0.01,111,239316,卖盘
1271,13:16:42,21.57,-0.02,22,47454,卖盘
1272,13:16:39,21.59,0.01,10,21590,买盘
1273,13:16:36,21.58,--,5,10790,买盘
1274,13:16:33,21.58,-0.01,40,86320,卖盘
1275,13:16:27,21.59,0.02,10,21590,买盘
1276,13:16:21,21.57,-0.01,12,25884,卖盘
1277,13:16:18,21.58,--,12,25895,买盘
1278,13:16:15,21.58,--,14,30211,买盘
1279,13:16:12,21.58,--,2,4316,买盘
1280,13:16:09,21.58,--,11,23737,买盘
1281,13:16:06,21.58,--,23,49633,买盘
1282,13:16:03,21.58,--,11,23737,买盘
1283,13:16:00,21.58,--,61,131638,卖盘
1284,13:15:48,21.58,0.03,21,45318,买盘
1285,13:15:42,21.55,-0.03,30,64650,卖盘
1286,13:15:39,21.58,0.02,2,4316,买盘
1287,13:15:36,21.56,--,29,62523,买盘
1288,13:15:33,21.56,--,5,10780,买盘
1289,13:15:30,21.56,--,10,21560,买盘
1290,13:15:27,21.56,0.01,16,34496,买盘
1291,13:15:24,21.55,0.02,60,129300,买盘
1292,13:15:21,21.53,--,7,15071,卖盘
1293,13:15:18,21.53,-0.02,20,43060,卖盘
1294,13:15:12,21.55,--,22,47410,买盘
1295,13:15:09,21.55,0.02,5,10775,买盘
1296,13:15:06,21.53,--,31,66743,买盘
1297,13:15:03,21.53,0.03,69,148557,买盘
1298,13:15:00,21.5,-0.02,27,58050,卖盘
1299,13:14:57,21.52,0.02,2,4842,买盘
1300,13:14:54,21.5,--,73,156950,卖盘
1301,13:14:51,21.5,--,18,38700,卖盘
1302,13:14:48,21.5,--,64,137600,买盘
1303,13:14:45,21.5,-0.02,95,204250,卖盘
1304,13:14:42,21.52,0.02,42,90384,买盘
1305,13:14:39,21.5,--,38,81700,买盘
1306,13:14:36,21.5,--,33,70950,买盘
1307,13:14:33,21.5,--,13,27950,买盘
1308,13:14:30,21.5,--,3,6450,买盘
1309,13:14:27,21.5,-0.01,198,427312,卖盘
1310,13:14:24,21.51,--,87,187137,买盘
1311,13:14:21,21.51,0.01,109,234459,买盘
1312,13:14:18,21.5,-0.01,82,176300,卖盘
1313,13:14:15,21.51,0.01,71,152721,买盘
1314,13:14:12,21.5,--,225,484287,卖盘
1315,13:14:09,21.5,--,34,73100,卖盘
1316,13:14:06,21.5,--,25,53750,卖盘
1317,13:14:03,21.5,-0.01,220,473000,卖盘
1318,13:14:00,21.51,--,10,21510,买盘
1319,13:13:57,21.51,--,85,182835,买盘
1320,13:13:54,21.51,0.01,28,60228,买盘
1321,13:13:51,21.5,-0.01,405,870750,卖盘
1322,13:13:45,21.51,-0.02,166,357066,卖盘
1323,13:13:42,21.53,--,12,25836,买盘
1324,13:13:39,21.53,--,1,2153,买盘
1325,13:13:36,21.53,--,30,64590,买盘
1326,13:13:33,21.53,-0.01,18,38754,卖盘
1327,13:13:30,21.54,0.01,15,32310,中性盘
1328,13:13:24,21.53,-0.02,102,219606,卖盘
1329,13:13:21,21.55,0.02,5,10775,买盘
1330,13:13:18,21.53,-0.02,5,10765,卖盘
1331,13:13:12,21.55,--,29,62495,卖盘
1332,13:13:09,21.55,-0.01,40,86200,卖盘
1333,13:13:03,21.56,-0.02,123,265188,卖盘
1334,13:12:57,21.58,--,179,386281,卖盘
1335,13:12:51,21.58,--,26,56107,卖盘
1336,13:12:48,21.58,-0.01,17,36686,卖盘
1337,13:12:45,21.59,0.01,2,4318,买盘
1338,13:12:42,21.58,--,3,6473,卖盘
1339,13:12:39,21.58,-0.01,14,30211,卖盘
1340,13:12:36,21.59,--,15,32385,卖盘
1341,13:12:33,21.59,--,54,116586,卖盘
1342,13:12:30,21.59,-0.01,6,12954,卖盘
1343,13:12:27,21.6,0.01,20,43200,买盘
1344,13:12:24,21.59,--,24,51816,卖盘
1345,13:12:21,21.59,-0.01,11,23749,卖盘
1346,13:12:18,21.6,0.01,2,4320,买盘
1347,13:12:15,21.59,-0.01,26,56134,卖盘
1348,13:12:12,21.6,--,1,2160,买盘
1349,13:12:09,21.6,--,77,166320,卖盘
1350,13:12:03,21.6,-0.01,16,34560,卖盘
1351,13:12:00,21.61,0.01,31,66991,买盘
1352,13:11:57,21.6,--,47,101520,卖盘
1353,13:11:54,21.6,--,83,179280,卖盘
1354,13:11:51,21.6,--,15,32400,卖盘
1355,13:11:48,21.6,--,71,153360,卖盘
1356,13:11:45,21.6,--,56,120960,卖盘
1357,13:11:42,21.6,--,22,47520,卖盘
1358,13:11:39,21.6,--,2,4320,卖盘
1359,13:11:36,21.6,--,17,36720,卖盘
1360,13:11:33,21.6,-0.01,58,125280,卖盘
1361,13:11:27,21.61,--,7,15127,买盘
1362,13:11:24,21.61,--,21,45381,买盘
1363,13:11:21,21.61,--,2,4322,买盘
1364,13:11:18,21.61,-0.01,12,27552,卖盘
1365,13:11:12,21.62,--,5,10810,买盘
1366,13:11:09,21.62,0.01,1,2162,买盘
1367,13:11:06,21.61,--,6,12966,卖盘
1368,13:11:03,21.61,-0.01,52,112372,卖盘
1369,13:11:00,21.62,-0.01,20,43780,卖盘
1370,13:10:54,21.63,--,30,64890,买盘
1371,13:10:51,21.63,0.01,15,32445,买盘
1372,13:10:45,21.62,--,12,25944,卖盘
1373,13:10:39,21.62,0.01,41,88642,买盘
1374,13:10:33,21.61,--,21,45381,卖盘
1375,13:10:27,21.61,-0.02,20,43220,卖盘
1376,13:10:24,21.63,--,24,51912,卖盘
1377,13:10:21,21.63,--,3,6489,卖盘
1378,13:10:18,21.63,--,4,8652,卖盘
1379,13:10:15,21.63,0.01,1,2163,卖盘
1380,13:10:06,21.62,--,2,4324,卖盘
1381,13:10:03,21.62,-0.03,2,4324,卖盘
1382,13:10:00,21.65,0.03,10,21650,买盘
1383,13:09:57,21.62,--,12,25944,卖盘
1384,13:09:51,21.62,-0.03,153,330786,卖盘
1385,13:09:45,21.65,-0.01,5,10825,卖盘
1386,13:09:42,21.66,--,29,63897,卖盘
1387,13:09:36,21.66,--,2,5415,买盘
1388,13:09:33,21.66,-0.01,1,3249,卖盘
1389,13:09:30,21.67,0.01,12,26004,买盘
1390,13:09:27,21.66,--,2,4332,卖盘
1391,13:09:24,21.66,--,6,12996,卖盘
1392,13:09:21,21.66,-0.01,38,82308,卖盘
1393,13:09:15,21.67,0.01,26,56342,买盘
1394,13:09:12,21.66,--,3,6498,卖盘
1395,13:09:06,21.66,-0.01,4,8664,卖盘
1396,13:09:03,21.67,0.01,1,2167,买盘
1397,13:09:00,21.66,--,1,2166,卖盘
1398,13:08:57,21.66,--,4,8664,卖盘
1399,13:08:51,21.66,-0.02,5,10830,卖盘
1400,13:08:48,21.68,0.01,8,17344,买盘
1401,13:08:45,21.67,0.01,6,13002,买盘
1402,13:08:42,21.66,--,77,166782,卖盘
1403,13:08:39,21.66,--,48,103968,卖盘
1404,13:08:36,21.66,--,3,6498,卖盘
1405,13:08:33,21.66,-0.01,86,186276,卖盘
1406,13:08:24,21.67,--,10,21670,买盘
1407,13:08:21,21.67,--,139,301213,卖盘
1408,13:08:15,21.67,--,18,39006,卖盘
1409,13:08:12,21.67,-0.01,208,450736,卖盘
1410,13:08:09,21.68,0.01,1,2168,买盘
1411,13:08:03,21.67,--,13,28171,卖盘
1412,13:07:51,21.67,-0.01,10,21670,卖盘
1413,13:07:48,21.68,--,3,6504,买盘
1414,13:07:45,21.68,0.01,1,2168,中性盘
1415,13:07:42,21.67,-0.02,45,97515,卖盘
1416,13:07:39,21.69,0.01,1,2169,买盘
1417,13:07:36,21.68,-0.01,20,43360,卖盘
1418,13:07:33,21.69,--,6,13014,买盘
1419,13:07:30,21.69,--,3,6507,买盘
1420,13:07:24,21.69,--,2,4338,买盘
1421,13:07:21,21.69,--,2,4338,买盘
1422,13:07:18,21.69,-0.01,1,2169,中性盘
1423,13:07:15,21.7,0.01,115,249550,买盘
1424,13:07:09,21.69,-0.01,40,86760,卖盘
1425,13:07:06,21.7,--,1,2170,买盘
1426,13:07:03,21.7,0.01,5,10850,买盘
1427,13:06:57,21.69,-0.01,6,13014,卖盘
1428,13:06:51,21.7,--,20,43400,买盘
1429,13:06:48,21.7,0.01,18,39060,买盘
1430,13:06:45,21.69,--,67,145323,卖盘
1431,13:06:33,21.69,--,3,6507,卖盘
1432,13:06:27,21.69,-0.01,10,21690,卖盘
1433,13:06:21,21.7,--,5,10850,买盘
1434,13:06:15,21.7,-0.01,24,52080,卖盘
1435,13:06:12,21.71,--,1,2171,买盘
1436,13:06:06,21.71,0.01,14,30394,买盘
1437,13:05:57,21.7,-0.01,1,2170,卖盘
1438,13:05:54,21.71,0.01,5,10855,买盘
1439,13:05:48,21.7,-0.01,30,65100,卖盘
1440,13:05:45,21.71,--,3,6513,买盘
1441,13:05:42,21.71,--,2,4342,买盘
1442,13:05:39,21.71,--,2,4342,买盘
1443,13:05:36,21.71,-0.01,10,21710,卖盘
1444,13:05:33,21.72,--,17,36924,买盘
1445,13:05:27,21.72,--,3,6516,买盘
1446,13:05:24,21.72,0.01,2,4344,买盘
1447,13:05:12,21.71,--,10,21710,卖盘
1448,13:05:06,21.71,-0.01,2,4342,中性盘
1449,13:04:48,21.72,--,1,2172,买盘
1450,13:04:42,21.72,0.03,6,13032,买盘
1451,13:04:30,21.69,-0.03,7,15183,卖盘
1452,13:04:27,21.72,--,12,26064,买盘
1453,13:04:24,21.72,0.02,20,43440,买盘
1454,13:04:18,21.7,0.01,3,6510,卖盘
1455,13:04:06,21.69,0.02,4,8676,买盘
1456,13:04:03,21.67,-0.01,66,143022,卖盘
1457,13:04:00,21.68,--,2,4336,买盘
1458,13:03:57,21.68,--,100,216800,买盘
1459,13:03:54,21.68,--,3,6504,买盘
1460,13:03:51,21.68,-0.02,96,208128,卖盘
1461,13:03:45,21.7,--,4,8680,买盘
1462,13:03:36,21.7,-0.01,4,8680,卖盘
1463,13:03:33,21.71,--,30,65130,买盘
1464,13:03:24,21.71,0.01,15,32565,买盘
1465,13:03:15,21.7,-0.01,12,26040,卖盘
1466,13:03:12,21.71,--,4,8684,买盘
1467,13:03:09,21.71,0.01,7,15197,买盘
1468,13:03:00,21.7,--,8,17360,卖盘
1469,13:02:57,21.7,0.03,31,67270,买盘
1470,13:02:54,21.67,-0.03,23,49841,中性盘
1471,13:02:36,21.7,0.02,180,390600,买盘
1472,13:02:33,21.68,0.01,32,69376,买盘
1473,13:02:30,21.67,--,5,10835,买盘
1474,13:02:27,21.67,--,14,30338,买盘
1475,13:02:21,21.67,-0.01,26,56342,卖盘
1476,13:02:18,21.68,--,2,4336,买盘
1477,13:02:15,21.68,0.01,109,236312,买盘
1478,13:02:06,21.67,0.01,10,21670,买盘
1479,13:02:00,21.66,--,3,7581,卖盘
1480,13:01:57,21.66,-0.01,4,8664,卖盘
1481,13:01:51,21.67,0.01,66,143022,买盘
1482,13:01:42,21.66,0.01,3,6498,买盘
1483,13:01:30,21.65,--,54,116909,买盘
1484,13:01:24,21.65,--,8,17320,买盘
1485,13:01:18,21.65,-0.02,201,435165,卖盘
1486,13:01:15,21.67,0.02,43,93181,买盘
1487,13:01:12,21.65,--,25,54125,卖盘
1488,13:01:09,21.65,-0.01,1,2165,卖盘
1489,13:01:06,21.66,-0.02,10,21660,中性盘
1490,13:00:57,21.68,0.02,64,138752,买盘
1491,13:00:45,21.66,-0.02,57,123462,卖盘
1492,13:00:42,21.68,--,10,21680,卖盘
1493,13:00:36,21.68,-0.02,230,498640,卖盘
1494,13:00:33,21.7,0.02,16,34720,买盘
1495,13:00:30,21.68,-0.02,4,8672,卖盘
1496,13:00:27,21.7,0.02,10,21700,买盘
1497,13:00:24,21.68,-0.02,20,43360,卖盘
1498,13:00:15,21.7,0.02,8,17360,买盘
1499,13:00:12,21.68,-0.01,64,138752,卖盘
1500,13:00:09,21.69,-0.01,44,95436,中性盘
1501,13:00:06,21.7,--,149,323330,买盘
1502,13:00:03,21.7,-0.05,1127,2447000,卖盘
1503,13:00:00,21.75,--,0,0,卖盘
1504,11:30:00,21.75,--,0,0,卖盘
1505,11:29:57,21.75,--,17,36975,卖盘
1506,11:29:54,21.75,--,11,23925,卖盘
1507,11:29:51,21.75,--,65,141375,卖盘
1508,11:29:48,21.75,-0.01,6,13811,卖盘
1509,11:29:45,21.76,0.01,14,30464,买盘
1510,11:29:42,21.75,--,4,8700,卖盘
1511,11:29:39,21.75,-0.01,22,47850,卖盘
1512,11:29:36,21.76,--,3,6528,买盘
1513,11:29:33,21.76,--,18,39168,买盘
1514,11:29:30,21.76,--,31,67456,卖盘
1515,11:29:15,21.76,--,10,21760,卖盘
1516,11:29:09,21.76,-0.02,10,21760,卖盘
1517,11:29:06,21.78,0.01,100,217800,买盘
1518,11:29:00,21.77,--,19,41363,卖盘
1519,11:28:57,21.77,-0.01,7,15239,卖盘
1520,11:28:54,21.78,0.01,10,21780,买盘
1521,11:28:51,21.77,-0.01,3,6531,卖盘
1522,11:28:48,21.78,--,2,4356,买盘
1523,11:28:45,21.78,--,8,18513,卖盘
1524,11:28:42,21.78,--,59,128502,卖盘
1525,11:28:39,21.78,--,1,2178,卖盘
1526,11:28:33,21.78,-0.01,18,39204,卖盘
1527,11:28:18,21.79,0.01,1,2179,买盘
1528,11:28:12,21.78,-0.01,10,21780,卖盘
1529,11:28:09,21.79,--,1,2179,买盘
1530,11:27:57,21.79,0.01,32,69728,中性盘
1531,11:27:54,21.78,-0.01,100,217800,卖盘
1532,11:27:48,21.79,-0.01,60,130740,卖盘
1533,11:27:42,21.8,--,4,8720,卖盘
1534,11:27:39,21.8,--,45,99190,买盘
1535,11:27:36,21.8,0.01,2,4360,买盘
1536,11:27:33,21.79,-0.01,4,8716,卖盘
1537,11:27:27,21.8,--,1,2180,买盘
1538,11:27:24,21.8,--,169,368420,卖盘
1539,11:27:21,21.8,-0.01,16,34880,卖盘
1540,11:27:15,21.81,--,11,23991,买盘
1541,11:27:09,21.81,--,2,4362,买盘
1542,11:27:06,21.81,--,3,6543,买盘
1543,11:26:57,21.81,--,4,8724,买盘
1544,11:26:51,21.81,0.01,20,43620,买盘
1545,11:26:48,21.8,--,45,98100,卖盘
1546,11:26:45,21.8,--,110,239800,卖盘
1547,11:26:42,21.8,--,3,6540,卖盘
1548,11:26:30,21.8,-0.03,127,276860,卖盘
1549,11:26:21,21.83,--,3,6548,卖盘
1550,11:26:15,21.83,--,2,4366,买盘
1551,11:26:12,21.83,--,15,32744,买盘
1552,11:26:06,21.83,0.01,2,4366,买盘
1553,11:26:03,21.82,--,9,19638,卖盘
1554,11:26:00,21.82,0.01,1,2182,中性盘
1555,11:25:54,21.81,-0.02,6,13086,卖盘
1556,11:25:51,21.83,0.02,12,26195,买盘
1557,11:25:48,21.81,-0.02,10,21810,卖盘
1558,11:25:45,21.83,0.02,7,15280,买盘
1559,11:25:42,21.81,--,2,4362,卖盘
1560,11:25:36,21.81,-0.02,25,54525,卖盘
1561,11:25:30,21.83,0.02,1,2183,买盘
1562,11:25:24,21.81,--,3,6543,卖盘
1563,11:25:21,21.81,-0.02,10,21810,卖盘
1564,11:25:12,21.83,0.02,20,43660,买盘
1565,11:25:09,21.81,-0.02,1,2181,卖盘
1566,11:25:00,21.83,--,1,2183,中性盘
1567,11:24:54,21.83,0.01,11,24012,买盘
1568,11:24:51,21.82,-0.01,10,21820,卖盘
1569,11:24:42,21.83,-0.01,7,15280,卖盘
1570,11:24:33,21.84,--,19,41496,买盘
1571,11:24:18,21.84,--,17,37128,卖盘
1572,11:24:09,21.84,--,4,8736,卖盘
1573,11:23:57,21.84,--,10,21840,卖盘
1574,11:23:54,21.84,0.02,19,41496,买盘
1575,11:23:51,21.82,-0.01,9,19638,卖盘
1576,11:23:48,21.83,-0.01,2,4366,卖盘
1577,11:23:45,21.84,0.01,10,21840,买盘
1578,11:23:39,21.83,--,1,2183,卖盘
1579,11:23:33,21.83,-0.01,2,4366,卖盘
1580,11:23:30,21.84,--,2,4368,买盘
1581,11:23:27,21.84,0.03,1,2184,买盘
1582,11:23:21,21.81,-0.03,1,2181,卖盘
1583,11:23:18,21.84,-0.01,33,72072,买盘
1584,11:23:15,21.85,--,1,2185,买盘
1585,11:23:12,21.85,0.04,2,4370,买盘
1586,11:23:09,21.81,-0.02,100,218100,卖盘
1587,11:23:06,21.83,--,1,2183,卖盘
1588,11:23:03,21.83,0.02,11,24012,买盘
1589,11:22:54,21.81,-0.02,50,109050,卖盘
1590,11:22:51,21.83,0.02,5,10915,买盘
1591,11:22:48,21.81,--,10,21810,卖盘
1592,11:22:45,21.81,--,203,442743,卖盘
1593,11:22:39,21.81,--,4,8724,卖盘
1594,11:22:36,21.81,--,19,41439,卖盘
1595,11:22:30,21.81,-0.02,70,152670,卖盘
1596,11:22:27,21.83,0.01,56,122247,买盘
1597,11:22:24,21.82,--,2,4364,买盘
1598,11:22:21,21.82,--,3,6546,买盘
1599,11:22:18,21.82,-0.01,92,200744,卖盘
1600,11:22:12,21.83,-0.01,3,6548,买盘
1601,11:22:06,21.84,0.02,5,10920,中性盘
1602,11:22:03,21.82,-0.01,39,85098,卖盘
1603,11:21:51,21.83,-0.02,111,242312,卖盘
1604,11:21:48,21.85,--,49,108135,卖盘
1605,11:21:45,21.85,--,14,30590,卖盘
1606,11:21:42,21.85,--,2,4370,卖盘
1607,11:21:36,21.85,--,8,17480,卖盘
1608,11:21:24,21.85,-0.01,16,34960,卖盘
1609,11:21:18,21.86,-0.02,10,21860,卖盘
1610,11:21:15,21.88,--,1,2188,买盘
1611,11:21:12,21.88,0.02,2,4376,买盘
1612,11:21:09,21.86,--,3,6558,卖盘
1613,11:21:00,21.86,--,2,4372,卖盘
1614,11:20:57,21.86,-0.02,80,174880,卖盘
1615,11:20:54,21.88,--,137,299756,卖盘
1616,11:20:48,21.88,--,30,65640,卖盘
1617,11:20:45,21.88,--,2,4376,卖盘
1618,11:20:42,21.88,--,3,6564,卖盘
1619,11:20:39,21.88,--,6,13128,卖盘
1620,11:20:33,21.88,--,12,26256,卖盘
1621,11:20:24,21.88,--,1,2188,卖盘
1622,11:20:21,21.88,-0.01,17,37196,卖盘
1623,11:20:15,21.89,-0.01,3,6567,卖盘
1624,11:20:09,21.9,--,7,15329,买盘
1625,11:20:00,21.9,--,6,13140,买盘
1626,11:19:51,21.9,--,8,18943,卖盘
1627,11:19:45,21.9,0.01,6,13906,买盘
1628,11:19:39,21.89,-0.01,1,2189,卖盘
1629,11:19:33,21.9,--,10,21900,买盘
1630,11:19:30,21.9,--,10,21900,买盘
1631,11:19:12,21.9,--,1,2190,买盘
1632,11:19:09,21.9,0.02,2,4380,买盘
1633,11:19:06,21.88,--,16,35008,买盘
1634,11:18:54,21.88,--,3,6564,买盘
1635,11:18:51,21.88,--,5,10940,买盘
1636,11:18:42,21.88,-0.02,10,21880,卖盘
1637,11:18:36,21.9,--,1,2190,买盘
1638,11:18:18,21.9,0.01,18,39420,买盘
1639,11:18:09,21.89,--,9,21123,卖盘
1640,11:18:06,21.89,-0.01,10,21890,卖盘
1641,11:18:03,21.9,0.01,5,10950,买盘
1642,11:17:54,21.89,-0.01,1,2189,卖盘
1643,11:17:45,21.9,--,10,21900,买盘
1644,11:17:33,21.9,--,11,24090,买盘
1645,11:17:30,21.9,--,1,2190,买盘
1646,11:17:15,21.9,--,3,6570,买盘
1647,11:17:09,21.9,--,2,4380,买盘
1648,11:17:06,21.9,0.01,14,30659,买盘
1649,11:17:03,21.89,-0.01,1,2189,卖盘
1650,11:16:54,21.9,0.01,2,4380,买盘
1651,11:16:51,21.89,-0.01,3,6567,卖盘
1652,11:16:36,21.9,--,1,2190,买盘
1653,11:16:12,21.9,0.01,7,15329,买盘
1654,11:15:57,21.89,0.01,43,94893,买盘
1655,11:15:51,21.88,-0.01,23,50324,卖盘
1656,11:15:42,21.89,--,1,2189,买盘
1657,11:15:30,21.89,0.02,5,10945,买盘
1658,11:15:27,21.87,-0.02,214,469133,卖盘
1659,11:15:24,21.89,--,1,2189,买盘
1660,11:15:21,21.89,--,27,59103,买盘
1661,11:15:15,21.89,--,3,6567,买盘
1662,11:15:12,21.89,--,84,183876,买盘
1663,11:15:06,21.89,--,2,4378,买盘
1664,11:15:00,21.89,--,2,4378,买盘
1665,11:14:45,21.89,--,3,6567,买盘
1666,11:14:36,21.89,--,2,4378,买盘
1667,11:14:27,21.89,--,2,4378,买盘
1668,11:14:24,21.89,0.01,10,21890,买盘
1669,11:14:12,21.88,-0.01,17,37196,卖盘
1670,11:13:54,21.89,--,3,6567,买盘
1671,11:13:45,21.89,--,2,4378,买盘
1672,11:13:33,21.89,--,10,21890,买盘
1673,11:13:27,21.89,--,2,4378,买盘
1674,11:13:24,21.89,--,10,21890,买盘
1675,11:13:21,21.89,--,2,4378,买盘
1676,11:13:12,21.89,--,1,2189,买盘
1677,11:13:09,21.89,--,3,6567,买盘
1678,11:13:06,21.89,--,2,4378,买盘
1679,11:13:03,21.89,0.01,2,4378,买盘
1680,11:13:00,21.88,--,28,61264,买盘
1681,11:12:57,21.88,0.01,1,2188,买盘
1682,11:12:54,21.87,-0.01,17,37179,卖盘
1683,11:12:51,21.88,--,2,4376,买盘
1684,11:12:39,21.88,--,23,50324,买盘
1685,11:12:24,21.88,--,8,17504,买盘
1686,11:11:54,21.88,--,24,52512,买盘
1687,11:11:45,21.88,--,10,21880,买盘
1688,11:11:39,21.88,--,10,21880,买盘
1689,11:11:24,21.88,--,5,10940,买盘
1690,11:11:21,21.88,--,6,13128,买盘
1691,11:11:18,21.88,--,1,2188,买盘
1692,11:11:15,21.88,-0.01,1,2188,卖盘
1693,11:11:12,21.89,--,2,4378,买盘
1694,11:11:06,21.89,--,10,21890,买盘
1695,11:10:54,21.89,0.02,3,6567,买盘
1696,11:10:45,21.87,--,2,4374,卖盘
1697,11:10:39,21.87,-0.02,2,4374,卖盘
1698,11:10:33,21.89,--,1,2189,买盘
1699,11:10:21,21.89,--,2,4378,买盘
1700,11:10:18,21.89,--,1,2189,买盘
1701,11:10:15,21.89,--,18,39402,买盘
1702,11:10:09,21.89,0.02,11,24079,买盘
1703,11:10:00,21.87,-0.02,45,98415,卖盘
1704,11:09:48,21.89,-0.01,12,27690,卖盘
1705,11:09:33,21.9,0.01,3,6570,买盘
1706,11:09:27,21.89,-0.01,15,32835,卖盘
1707,11:09:24,21.9,0.01,1,2190,买盘
1708,11:09:21,21.89,--,3,7333,买盘
1709,11:09:06,21.89,--,15,32835,买盘
1710,11:09:03,21.89,--,9,19701,买盘
1711,11:08:54,21.89,0.02,38,83182,买盘
1712,11:08:48,21.87,--,3,6561,卖盘
1713,11:08:39,21.87,--,13,28431,卖盘
1714,11:08:36,21.87,0.02,15,32805,买盘
1715,11:08:30,21.85,--,7,15295,卖盘
1716,11:08:27,21.85,--,15,32775,卖盘
1717,11:08:06,21.85,--,20,43700,卖盘
1718,11:08:03,21.85,--,26,56810,卖盘
1719,11:07:51,21.85,--,6,13110,卖盘
1720,11:07:48,21.85,--,1,2185,卖盘
1721,11:07:45,21.85,-0.02,7,15295,卖盘
1722,11:07:33,21.87,0.01,34,74358,买盘
1723,11:07:27,21.86,--,5,10930,买盘
1724,11:07:21,21.86,--,2,4372,买盘
1725,11:07:15,21.86,--,1,2186,买盘
1726,11:07:09,21.86,--,1,2186,买盘
1727,11:07:06,21.86,0.02,2,4372,买盘
1728,11:06:51,21.84,-0.01,2,4368,卖盘
1729,11:06:48,21.85,--,6,13110,中性盘
1730,11:06:45,21.85,0.01,1,2185,买盘
1731,11:06:42,21.84,--,5,10920,卖盘
1732,11:06:39,21.84,--,10,21840,卖盘
1733,11:06:36,21.84,--,7,15288,卖盘
1734,11:06:27,21.84,-0.01,6,13104,卖盘
1735,11:06:24,21.85,0.01,2,4370,买盘
1736,11:06:21,21.84,-0.01,5,10920,卖盘
1737,11:06:15,21.85,--,13,28405,买盘
1738,11:06:12,21.85,-0.01,3,6555,中性盘
1739,11:06:06,21.86,0.01,22,48092,买盘
1740,11:06:03,21.85,--,12,26220,卖盘
1741,11:06:00,21.85,--,5,10925,卖盘
1742,11:05:51,21.85,--,16,34960,卖盘
1743,11:05:45,21.85,--,5,10925,卖盘
1744,11:05:33,21.85,--,4,8740,卖盘
1745,11:05:24,21.85,-0.01,30,65550,卖盘
1746,11:05:21,21.86,0.01,5,10930,买盘
1747,11:05:15,21.85,-0.01,38,83030,卖盘
1748,11:05:12,21.86,-0.01,1,2186,中性盘
1749,11:05:09,21.87,0.02,7,15309,买盘
1750,11:05:06,21.85,-0.01,5,10925,卖盘
1751,11:04:57,21.86,-0.01,1,2186,卖盘
1752,11:04:54,21.87,0.01,11,24057,买盘
1753,11:04:48,21.86,--,144,314784,卖盘
1754,11:04:45,21.86,-0.01,25,54650,卖盘
1755,11:04:42,21.87,0.01,1,2187,买盘
1756,11:04:39,21.86,-0.01,15,32790,卖盘
1757,11:04:24,21.87,--,1,2187,买盘
1758,11:04:21,21.87,--,2,4374,买盘
1759,11:04:12,21.87,--,50,109350,卖盘
1760,11:03:51,21.87,--,7,15309,卖盘
1761,11:03:45,21.87,--,3,6561,卖盘
1762,11:03:42,21.87,-0.01,44,96228,卖盘
1763,11:03:39,21.88,--,20,43760,卖盘
1764,11:03:36,21.88,--,12,26256,买盘
1765,11:03:33,21.88,--,2,4376,买盘
1766,11:03:30,21.88,--,1,2188,买盘
1767,11:03:27,21.88,--,92,201296,买盘
1768,11:03:21,21.88,--,1,2188,买盘
1769,11:03:18,21.88,--,1,2188,买盘
1770,11:03:09,21.88,0.01,2,4376,买盘
1771,11:03:03,21.87,-0.01,10,21870,卖盘
1772,11:03:00,21.88,--,1,2188,买盘
1773,11:02:54,21.88,--,18,39384,买盘
1774,11:02:48,21.88,--,12,26256,买盘
1775,11:02:45,21.88,--,20,43760,买盘
1776,11:02:42,21.88,--,1,2188,中性盘
1777,11:02:36,21.88,--,12,26256,买盘
1778,11:02:33,21.88,--,2,4376,卖盘
1779,11:02:30,21.88,--,20,43760,卖盘
1780,11:02:24,21.88,--,20,43760,卖盘
1781,11:02:18,21.88,--,9,19692,卖盘
1782,11:02:15,21.88,-0.01,10,21880,卖盘
1783,11:02:06,21.89,--,2,4378,买盘
1784,11:02:03,21.89,0.01,15,32835,买盘
1785,11:02:00,21.88,-0.01,5,10940,卖盘
1786,11:01:57,21.89,0.01,20,43780,买盘
1787,11:01:51,21.88,-0.01,1,2188,卖盘
1788,11:01:48,21.89,0.01,4,8756,买盘
1789,11:01:45,21.88,-0.01,4,8752,卖盘
1790,11:01:42,21.89,--,1,2189,买盘
1791,11:01:36,21.89,0.01,3,6567,买盘
1792,11:01:30,21.88,--,7,15316,卖盘
1793,11:01:27,21.88,--,25,54700,卖盘
1794,11:01:18,21.88,--,5,10940,卖盘
1795,11:01:12,21.88,-0.01,5,10940,卖盘
1796,11:01:09,21.89,--,1,2189,买盘
1797,11:01:03,21.89,-0.04,176,386686,卖盘
1798,11:01:00,21.93,0.03,34,75329,买盘
1799,11:00:51,21.9,--,12,26280,买盘
1800,11:00:36,21.9,--,24,52560,买盘
1801,11:00:30,21.9,--,2,4380,买盘
1802,11:00:27,21.9,0.01,9,19710,买盘
1803,11:00:18,21.89,-0.01,30,65670,卖盘
1804,11:00:09,21.9,0.01,5,10950,买盘
1805,11:00:03,21.89,--,40,87560,卖盘
1806,10:59:48,21.89,-0.01,5,10945,卖盘
1807,10:59:42,21.9,--,5,10950,买盘
1808,10:59:39,21.9,--,3,6570,买盘
1809,10:59:36,21.9,--,10,21900,买盘
1810,10:59:30,21.9,-0.02,119,262033,卖盘
1811,10:59:24,21.92,0.02,5,10960,中性盘
1812,10:59:12,21.9,-0.02,3,6570,卖盘
1813,10:59:06,21.92,0.02,1,2192,买盘
1814,10:59:03,21.9,-0.02,3,6570,卖盘
1815,10:59:00,21.92,0.02,2,4384,买盘
1816,10:58:30,21.9,--,2,5146,买盘
1817,10:58:27,21.9,--,42,91980,买盘
1818,10:58:15,21.9,--,5,10950,买盘
1819,10:58:09,21.9,--,2,4380,买盘
1820,10:58:06,21.9,--,27,60553,卖盘
1821,10:58:00,21.9,--,8,17520,卖盘
1822,10:57:57,21.9,--,22,48180,卖盘
1823,10:57:54,21.9,-0.02,100,219000,卖盘
1824,10:57:51,21.92,-0.02,1,2192,中性盘
1825,10:57:36,21.94,0.03,20,43880,买盘
1826,10:57:30,21.91,-0.01,3,6573,卖盘
1827,10:57:18,21.92,-0.02,2,4384,卖盘
1828,10:57:09,21.94,0.02,1,2194,买盘
1829,10:57:06,21.92,--,2,4384,卖盘
1830,10:57:03,21.92,-0.02,15,32880,卖盘
1831,10:57:00,21.94,--,2,4388,买盘
1832,10:56:48,21.94,--,6,13164,买盘
1833,10:56:45,21.94,-0.03,60,131640,中性盘
1834,10:56:36,21.97,0.02,61,134785,买盘
1835,10:56:30,21.95,0.01,30,65850,卖盘
1836,10:56:21,21.94,--,13,28522,买盘
1837,10:56:12,21.94,--,7,15358,卖盘
1838,10:56:09,21.94,--,3,6582,卖盘
1839,10:56:06,21.94,-0.03,6,13164,卖盘
1840,10:56:00,21.97,--,5,10985,买盘
1841,10:55:57,21.97,--,20,43940,买盘
1842,10:55:54,21.97,0.03,10,21970,买盘
1843,10:55:51,21.94,--,6,13164,卖盘
1844,10:55:45,21.94,--,2,4388,卖盘
1845,10:55:42,21.94,--,3,6582,卖盘
1846,10:55:36,21.94,-0.01,8,17552,卖盘
1847,10:55:33,21.95,0.01,5,10975,中性盘
1848,10:55:30,21.94,--,3,6582,卖盘
1849,10:55:21,21.94,-0.03,15,32910,卖盘
1850,10:55:15,21.97,--,1,2197,买盘
1851,10:55:06,21.97,-0.01,11,24167,中性盘
1852,10:55:03,21.98,--,30,65940,买盘
1853,10:55:00,21.98,--,74,162652,买盘
1854,10:54:57,21.98,--,8,17584,买盘
1855,10:54:54,21.98,--,3,6594,买盘
1856,10:54:51,21.98,--,10,21980,买盘
1857,10:54:48,21.98,--,26,57148,买盘
1858,10:54:42,21.98,--,9,19782,买盘
1859,10:54:33,21.98,--,2,4396,买盘
1860,10:54:30,21.98,--,10,21980,买盘
1861,10:54:24,21.98,--,6,13188,买盘
1862,10:54:18,21.98,0.01,1,2198,买盘
1863,10:54:03,21.97,0.01,15,32955,买盘
1864,10:54:00,21.96,--,11,24156,卖盘
1865,10:53:48,21.96,--,2,4392,卖盘
1866,10:53:39,21.96,0.02,1,2196,买盘
1867,10:53:30,21.94,-0.01,50,109700,卖盘
1868,10:53:27,21.95,--,18,39510,卖盘
1869,10:53:18,21.95,--,6,13170,买盘
1870,10:53:15,21.95,--,8,17560,买盘
1871,10:53:09,21.95,0.01,2,4390,买盘
1872,10:52:57,21.94,--,2,4388,买盘
1873,10:52:48,21.94,--,4,8776,买盘
1874,10:52:45,21.94,--,10,21940,买盘
1875,10:52:42,21.94,0.02,150,329100,买盘
1876,10:52:12,21.92,-0.02,5,10960,卖盘
1877,10:52:00,21.94,--,12,26328,买盘
1878,10:51:57,21.94,0.01,5,10970,买盘
1879,10:51:54,21.93,0.01,2,4386,中性盘
1880,10:51:45,21.92,-0.02,6,13152,卖盘
1881,10:51:36,21.94,--,5,10970,买盘
1882,10:51:27,21.94,0.03,1,2194,买盘
1883,10:51:09,21.91,-0.01,13,28483,卖盘
1884,10:51:06,21.92,--,2,4384,买盘
1885,10:50:57,21.92,--,2,4384,买盘
1886,10:50:51,21.92,--,6,13152,买盘
1887,10:50:45,21.92,--,22,48224,买盘
1888,10:50:30,21.92,-0.02,1,2192,中性盘
1889,10:50:18,21.94,0.03,1,2194,买盘
1890,10:50:15,21.91,-0.03,39,85449,卖盘
1891,10:50:09,21.94,0.02,30,65820,买盘
1892,10:50:06,21.92,--,15,32880,买盘
1893,10:49:57,21.92,--,24,52608,买盘
1894,10:49:51,21.92,--,1,2192,买盘
1895,10:49:36,21.92,--,4,8768,卖盘
1896,10:49:30,21.92,--,3,6576,卖盘
1897,10:49:27,21.92,0.01,6,13152,中性盘
1898,10:49:15,21.91,--,55,120505,卖盘
1899,10:49:12,21.91,--,8,17528,卖盘
1900,10:49:09,21.91,--,4,8764,卖盘
1901,10:49:06,21.91,--,1,2191,卖盘
1902,10:49:03,21.91,-0.03,4,8764,卖盘
1903,10:48:51,21.94,--,5,10970,买盘
1904,10:48:45,21.94,--,10,21940,买盘
1905,10:48:33,21.94,--,23,50462,买盘
1906,10:48:30,21.94,-0.02,2,4388,买盘
1907,10:48:27,21.96,0.05,4,8784,买盘
1908,10:48:24,21.91,-0.05,247,541177,卖盘
1909,10:48:09,21.96,0.01,1,2196,买盘
1910,10:47:57,21.95,--,17,37315,买盘
1911,10:47:51,21.95,--,2,4390,买盘
1912,10:47:45,21.95,--,11,24145,卖盘
1913,10:47:36,21.95,--,4,8780,卖盘
1914,10:47:30,21.95,--,5,10975,买盘
1915,10:47:27,21.95,--,1,2195,买盘
1916,10:47:21,21.95,--,1,2195,买盘
1917,10:47:15,21.95,--,1,2195,买盘
1918,10:47:09,21.95,--,2,4390,卖盘
1919,10:47:06,21.95,--,3,6585,买盘
1920,10:47:03,21.95,--,9,19755,买盘
1921,10:46:57,21.95,--,2,4390,买盘
1922,10:46:48,21.95,--,1,2195,买盘
1923,10:46:45,21.95,--,10,21950,买盘
1924,10:46:33,21.95,--,3,6585,买盘
1925,10:46:27,21.95,--,5,10975,买盘
1926,10:46:21,21.95,--,2,4390,买盘
1927,10:46:18,21.95,--,2,4390,买盘
1928,10:46:15,21.95,--,6,13170,买盘
1929,10:46:12,21.95,--,2,4390,买盘
1930,10:46:06,21.95,0.01,14,30730,买盘
1931,10:46:03,21.94,-0.01,1,2194,卖盘
1932,10:45:54,21.95,--,1,2195,买盘
1933,10:45:51,21.95,--,12,26340,买盘
1934,10:45:48,21.95,-0.01,1,2195,卖盘
1935,10:45:24,21.96,--,61,133956,卖盘
1936,10:45:21,21.96,-0.01,35,76860,卖盘
1937,10:45:15,21.97,--,1,2197,买盘
1938,10:45:06,21.97,0.01,2,4394,买盘
1939,10:44:54,21.96,--,7,15372,买盘
1940,10:44:51,21.96,--,2,4392,买盘
1941,10:44:48,21.96,--,19,41724,买盘
1942,10:44:45,21.96,--,24,52704,买盘
1943,10:44:42,21.96,--,2,4392,买盘
1944,10:44:33,21.96,--,22,48312,买盘
1945,10:44:12,21.96,--,11,24156,买盘
1946,10:43:57,21.96,--,6,13176,买盘
1947,10:43:33,21.96,--,2,4392,买盘
1948,10:43:21,21.96,0.03,1,2196,买盘
1949,10:43:18,21.93,--,20,43860,卖盘
1950,10:43:03,21.93,--,4,8772,卖盘
1951,10:42:54,21.93,--,1,2193,卖盘
1952,10:42:51,21.93,--,1,2193,买盘
1953,10:42:39,21.93,--,34,74562,买盘
1954,10:42:36,21.93,--,2,4386,买盘
1955,10:42:24,21.93,-0.04,34,74562,卖盘
1956,10:42:21,21.97,0.01,60,131820,买盘
1957,10:42:06,21.96,--,12,26352,买盘
1958,10:42:00,21.96,0.02,1,2196,买盘
1959,10:41:57,21.94,-0.02,1,2194,卖盘
1960,10:41:48,21.96,0.03,2,4392,买盘
1961,10:41:39,21.93,--,120,263160,卖盘
1962,10:41:33,21.93,--,21,46053,买盘
1963,10:41:27,21.93,--,10,21930,买盘
1964,10:41:24,21.93,0.03,26,57018,买盘
1965,10:41:15,21.9,-0.02,100,219000,卖盘
1966,10:40:57,21.92,--,8,17536,卖盘
1967,10:40:48,21.92,-0.01,5,10960,卖盘
1968,10:40:45,21.93,0.01,5,10965,买盘
1969,10:40:33,21.92,--,7,15344,买盘
1970,10:40:30,21.92,--,1,2192,买盘
1971,10:40:27,21.92,0.01,13,28496,买盘
1972,10:40:24,21.91,-0.01,5,10955,卖盘
1973,10:40:09,21.92,--,1,2192,卖盘
1974,10:40:06,21.92,--,10,21920,卖盘
1975,10:39:57,21.92,--,3,6576,卖盘
1976,10:39:54,21.92,-0.01,14,30688,卖盘
1977,10:39:51,21.93,--,1,2193,买盘
1978,10:39:48,21.93,--,3,6579,买盘
1979,10:39:39,21.93,-0.01,26,57018,卖盘
1980,10:39:21,21.94,-0.02,12,26328,卖盘
1981,10:39:18,21.96,-0.01,2,4392,买盘
1982,10:39:15,21.97,0.02,50,109850,买盘
1983,10:39:12,21.95,-0.02,4,8780,卖盘
1984,10:39:03,21.97,--,6,13182,买盘
1985,10:38:45,21.97,--,13,28561,买盘
1986,10:38:36,21.97,0.01,2,4394,买盘
1987,10:38:33,21.96,--,4,8784,买盘
1988,10:38:30,21.96,--,4,8784,买盘
1989,10:38:24,21.96,--,12,26352,卖盘
1990,10:38:21,21.96,-0.02,20,43920,卖盘
1991,10:38:06,21.98,--,5,10990,买盘
1992,10:38:03,21.98,0.01,5,10990,买盘
1993,10:38:00,21.97,-0.01,9,19773,卖盘
1994,10:37:57,21.98,0.01,11,24178,买盘
1995,10:37:54,21.97,-0.01,23,50531,卖盘
1996,10:37:45,21.98,--,1,2198,买盘
1997,10:37:33,21.98,0.02,93,204414,买盘
1998,10:37:24,21.96,--,5,10980,买盘
1999,10:37:21,21.96,0.01,2,4392,买盘
2000,10:37:12,21.95,--,4,8780,卖盘
2001,10:37:00,21.95,--,41,89995,买盘
2002,10:36:48,21.95,--,11,24145,卖盘
2003,10:36:42,21.95,--,25,54875,卖盘
2004,10:36:33,21.95,--,10,21950,卖盘
2005,10:36:24,21.95,0.01,16,35120,买盘
2006,10:36:21,21.94,-0.01,10,21940,卖盘
2007,10:36:15,21.95,--,52,114140,买盘
2008,10:36:12,21.95,--,2,4390,买盘
2009,10:36:09,21.95,--,31,68045,买盘
2010,10:36:06,21.95,--,3,6585,买盘
2011,10:36:00,21.95,0.01,2,4390,买盘
2012,10:35:54,21.94,--,1,2194,卖盘
2013,10:35:51,21.94,--,2,4388,卖盘
2014,10:35:48,21.94,--,172,377368,买盘
2015,10:35:39,21.94,0.01,10,21940,买盘
2016,10:35:36,21.93,--,17,37281,卖盘
2017,10:35:33,21.93,--,18,39474,买盘
2018,10:35:27,21.93,--,21,46053,买盘
2019,10:35:06,21.93,0.03,33,72369,买盘
2020,10:35:03,21.9,-0.03,102,223380,卖盘
2021,10:35:00,21.93,0.01,7,15351,买盘
2022,10:34:57,21.92,-0.01,10,21920,中性盘
2023,10:34:36,21.93,0.01,24,52632,买盘
2024,10:34:33,21.92,--,3,6576,买盘
2025,10:34:30,21.92,--,2,4384,买盘
2026,10:34:27,21.92,--,15,32880,卖盘
2027,10:34:21,21.92,--,10,21920,卖盘
2028,10:34:18,21.92,--,52,113984,卖盘
2029,10:34:00,21.92,--,13,28496,买盘
2030,10:33:54,21.92,0.01,3,6576,买盘
2031,10:33:51,21.91,--,2,4382,卖盘
2032,10:33:45,21.91,-0.01,17,37247,卖盘
2033,10:33:42,21.92,--,2,4384,买盘
2034,10:33:39,21.92,--,1,2192,买盘
2035,10:33:33,21.92,--,2,4384,买盘
2036,10:33:21,21.92,--,1,2192,买盘
2037,10:33:12,21.92,--,31,67952,买盘
2038,10:33:03,21.92,--,1,2192,买盘
2039,10:33:00,21.92,--,30,65760,买盘
2040,10:32:57,21.92,--,4,8768,买盘
2041,10:32:54,21.92,--,1,2192,买盘
2042,10:32:51,21.92,--,21,46032,买盘
2043,10:32:45,21.92,--,8,17536,买盘
2044,10:32:39,21.92,--,2,4384,买盘
2045,10:32:30,21.92,--,5,10960,买盘
2046,10:32:27,21.92,--,1,2192,买盘
2047,10:32:15,21.92,--,3,6576,卖盘
2048,10:32:09,21.92,-0.01,13,28496,卖盘
2049,10:32:00,21.93,--,38,83334,卖盘
2050,10:31:57,21.93,-0.01,5,10965,卖盘
2051,10:31:48,21.94,--,2,4388,买盘
2052,10:31:45,21.94,--,20,43880,买盘
2053,10:31:36,21.94,--,5,10970,买盘
2054,10:31:33,21.94,--,15,32910,买盘
2055,10:31:27,21.94,--,25,54850,卖盘
2056,10:31:24,21.94,0.01,2,4388,中性盘
2057,10:31:21,21.93,--,13,28509,卖盘
2058,10:31:12,21.93,-0.01,30,65790,卖盘
2059,10:31:03,21.94,0.01,7,15358,买盘
2060,10:30:54,21.93,-0.01,5,10965,卖盘
2061,10:30:48,21.94,-0.01,3,6582,中性盘
2062,10:30:39,21.95,--,2,4390,买盘
2063,10:30:36,21.95,0.02,86,188770,买盘
2064,10:30:33,21.93,-0.02,42,92106,卖盘
2065,10:30:24,21.95,--,3,6585,买盘
2066,10:30:21,21.95,--,5,10975,买盘
2067,10:30:18,21.95,--,1,2195,买盘
2068,10:30:15,21.95,--,9,19755,买盘
2069,10:30:00,21.95,--,2,4390,买盘
2070,10:29:57,21.95,--,17,37315,买盘
2071,10:29:54,21.95,0.01,26,57070,买盘
2072,10:29:45,21.94,-0.01,14,30716,买盘
2073,10:29:24,21.95,--,5,10975,买盘
2074,10:29:15,21.95,0.01,5,10975,买盘
2075,10:29:12,21.94,-0.01,4,8776,卖盘
2076,10:29:00,21.95,--,6,13170,买盘
2077,10:28:48,21.95,--,11,24145,买盘
2078,10:28:45,21.95,--,41,89995,卖盘
2079,10:28:39,21.95,-0.01,6,13170,卖盘
2080,10:28:36,21.96,0.01,4,8784,买盘
2081,10:28:30,21.95,-0.01,2,4390,卖盘
2082,10:28:24,21.96,0.01,7,15372,买盘
2083,10:28:15,21.95,-0.01,15,32925,卖盘
2084,10:28:12,21.96,0.01,1,2196,买盘
2085,10:27:57,21.95,--,40,87800,买盘
2086,10:27:51,21.95,--,10,21950,买盘
2087,10:27:39,21.95,--,1,2195,买盘
2088,10:27:36,21.95,--,4,8780,买盘
2089,10:27:33,21.95,--,2,4390,买盘
2090,10:27:30,21.95,--,20,43900,买盘
2091,10:27:27,21.95,--,1,2195,买盘
2092,10:27:21,21.95,--,2,4390,买盘
2093,10:27:15,21.95,0.03,4,8780,买盘
2094,10:27:06,21.92,-0.01,18,39456,卖盘
2095,10:27:03,21.93,--,11,24123,买盘
2096,10:27:00,21.93,0.01,1,2193,买盘
2097,10:26:57,21.92,-0.01,35,76720,卖盘
2098,10:26:48,21.93,0.02,10,21930,买盘
2099,10:26:39,21.91,-0.02,6,13146,卖盘
2100,10:26:33,21.93,0.01,105,230265,买盘
2101,10:26:30,21.92,--,10,21920,买盘
2102,10:26:24,21.92,--,10,21920,买盘
2103,10:26:18,21.92,--,4,8768,买盘
2104,10:26:15,21.92,--,3,6576,买盘
2105,10:26:09,21.92,-0.01,10,21920,卖盘
2106,10:26:00,21.93,0.01,2,4386,买盘
2107,10:25:57,21.92,-0.01,6,13152,卖盘
2108,10:25:51,21.93,--,2,4386,买盘
2109,10:25:36,21.93,0.04,24,52632,买盘
2110,10:25:27,21.89,-0.01,20,43780,卖盘
2111,10:25:24,21.9,--,38,83220,买盘
2112,10:25:18,21.9,--,7,15329,买盘
2113,10:25:15,21.9,--,4,8760,买盘
2114,10:25:12,21.9,--,14,30659,买盘
2115,10:25:09,21.9,--,10,21900,买盘
2116,10:25:06,21.9,--,6,13140,买盘
2117,10:25:03,21.9,-0.01,1,2190,中性盘
2118,10:24:57,21.91,--,20,43820,买盘
2119,10:24:54,21.91,--,11,24101,买盘
2120,10:24:42,21.91,0.04,1,2191,买盘
2121,10:24:33,21.87,--,1,2187,买盘
2122,10:24:30,21.87,-0.04,61,133407,卖盘
2123,10:24:24,21.91,0.04,51,111741,买盘
2124,10:24:18,21.87,--,4,8748,卖盘
2125,10:24:15,21.87,--,1,2187,卖盘
2126,10:24:12,21.87,-0.04,30,65610,卖盘
2127,10:24:00,21.91,--,7,15337,买盘
2128,10:23:57,21.91,--,5,10955,买盘
2129,10:23:54,21.91,0.04,3,6573,买盘
2130,10:23:48,21.87,-0.03,20,43740,卖盘
2131,10:23:42,21.9,0.01,199,435810,买盘
2132,10:23:33,21.89,0.01,3,6567,买盘
2133,10:23:27,21.88,-0.01,10,21880,卖盘
2134,10:23:24,21.89,--,3,6567,买盘
2135,10:23:15,21.89,0.02,1,2189,买盘
2136,10:23:06,21.87,--,53,115911,买盘
2137,10:23:03,21.87,--,37,80919,买盘
2138,10:23:00,21.87,--,8,17496,买盘
2139,10:22:57,21.87,--,4,8748,买盘
2140,10:22:54,21.87,0.01,15,32805,买盘
2141,10:22:51,21.86,-0.01,7,15302,卖盘
2142,10:22:48,21.87,--,1,2187,买盘
2143,10:22:45,21.87,--,10,21870,买盘
2144,10:22:42,21.87,--,2,4374,买盘
2145,10:22:30,21.87,--,6,13122,买盘
2146,10:22:24,21.87,0.01,30,65610,买盘
2147,10:22:21,21.86,--,14,30604,卖盘
2148,10:22:18,21.86,--,32,69952,卖盘
2149,10:22:12,21.86,--,11,24046,卖盘
2150,10:22:00,21.86,-0.01,10,21860,卖盘
2151,10:21:54,21.87,0.01,8,17496,买盘
2152,10:21:48,21.86,-0.01,5,10930,卖盘
2153,10:21:39,21.87,--,67,146529,卖盘
2154,10:21:36,21.87,-0.02,51,111537,卖盘
2155,10:21:33,21.89,0.01,4,8756,买盘
2156,10:21:27,21.88,--,3,6564,买盘
2157,10:21:18,21.88,0.02,3,6564,买盘
2158,10:21:03,21.86,--,10,21860,卖盘
2159,10:20:57,21.86,--,13,28418,卖盘
2160,10:20:51,21.86,--,50,109300,卖盘
2161,10:20:48,21.86,-0.01,55,120230,卖盘
2162,10:20:45,21.87,--,30,65610,买盘
2163,10:20:39,21.87,0.01,10,21870,买盘
2164,10:20:33,21.86,--,3,6558,卖盘
2165,10:20:30,21.86,--,5,10930,卖盘
2166,10:20:27,21.86,--,11,24046,卖盘
2167,10:20:18,21.86,-0.01,9,19674,卖盘
2168,10:20:15,21.87,--,20,43740,买盘
2169,10:20:12,21.87,0.01,1,2187,买盘
2170,10:20:09,21.86,-0.01,6,13116,卖盘
2171,10:20:03,21.87,0.01,3,6561,买盘
2172,10:20:00,21.86,-0.01,30,65580,卖盘
2173,10:19:57,21.87,--,5,10935,买盘
2174,10:19:51,21.87,0.01,3,6561,买盘
2175,10:19:48,21.86,-0.01,4,8744,卖盘
2176,10:19:45,21.87,--,6,13122,买盘
2177,10:19:39,21.87,--,1,2187,买盘
2178,10:19:33,21.87,--,11,24057,买盘
2179,10:19:30,21.87,-0.01,15,32805,卖盘
2180,10:19:24,21.88,--,1,2188,买盘
2181,10:19:21,21.88,--,10,21880,买盘
2182,10:19:15,21.88,--,4,8752,买盘
2183,10:19:06,21.88,--,3,6564,买盘
2184,10:19:03,21.88,--,20,43760,买盘
2185,10:19:00,21.88,-0.01,18,39384,卖盘
2186,10:18:54,21.89,0.01,1,2189,买盘
2187,10:18:51,21.88,-0.01,3,6564,卖盘
2188,10:18:48,21.89,-0.01,3,6567,中性盘
2189,10:18:42,21.9,--,6,13140,买盘
2190,10:18:36,21.9,--,63,137970,买盘
2191,10:18:33,21.9,--,34,74460,买盘
2192,10:18:30,21.9,--,3,6570,买盘
2193,10:18:27,21.9,--,5,10950,买盘
2194,10:18:24,21.9,-0.01,41,89790,卖盘
2195,10:18:21,21.91,--,12,26292,买盘
2196,10:18:18,21.91,0.01,16,35056,买盘
2197,10:18:15,21.9,-0.01,2,4380,卖盘
2198,10:18:00,21.91,--,13,28483,买盘
2199,10:17:57,21.91,--,2,4382,买盘
2200,10:17:51,21.91,--,1,2191,买盘
2201,10:17:48,21.91,0.01,2,4382,买盘
2202,10:17:45,21.9,-0.01,67,146730,卖盘
2203,10:17:42,21.91,--,2,4382,买盘
2204,10:17:39,21.91,0.01,9,19719,买盘
2205,10:17:27,21.9,--,10,21900,买盘
2206,10:17:24,21.9,--,9,19710,买盘
2207,10:17:18,21.9,--,7,15329,买盘
2208,10:17:15,21.9,--,43,94170,买盘
2209,10:17:12,21.9,--,100,219000,买盘
2210,10:17:09,21.9,--,20,43800,买盘
2211,10:17:06,21.9,0.02,10,21900,买盘
2212,10:17:03,21.88,--,5,10940,卖盘
2213,10:17:00,21.88,-0.01,21,45948,卖盘
2214,10:16:57,21.89,0.01,0,1641,卖盘
2215,10:16:54,21.88,--,18,40959,买盘
2216,10:16:48,21.88,--,24,52512,买盘
2217,10:16:45,21.88,--,9,19692,买盘
2218,10:16:42,21.88,0.02,1,2188,买盘
2219,10:16:39,21.86,-0.03,1,2186,卖盘
2220,10:16:36,21.89,--,30,66282,卖盘
2221,10:16:33,21.89,--,19,43167,买盘
2222,10:16:21,21.89,0.03,8,17512,买盘
2223,10:16:18,21.86,-0.02,2,4372,卖盘
2224,10:16:15,21.88,--,10,21880,卖盘
2225,10:16:09,21.88,0.05,4,8752,买盘
2226,10:16:06,21.83,-0.05,24,52391,卖盘
2227,10:16:03,21.88,0.02,75,164100,买盘
2228,10:15:57,21.86,-0.02,4,8744,中性盘
2229,10:15:51,21.88,0.06,10,21880,买盘
2230,10:15:42,21.82,-0.04,47,102554,卖盘
2231,10:15:39,21.86,0.04,30,65580,买盘
2232,10:15:33,21.82,-0.04,5,10910,卖盘
2233,10:15:30,21.86,0.04,2,4372,买盘
2234,10:15:24,21.82,--,33,72006,卖盘
2235,10:15:21,21.82,--,8,17456,卖盘
2236,10:15:15,21.82,--,72,157104,卖盘
2237,10:15:12,21.82,--,5,10910,卖盘
2238,10:15:09,21.82,0.01,36,78552,买盘
2239,10:15:06,21.81,--,39,85059,卖盘
2240,10:15:03,21.81,--,15,32714,卖盘
2241,10:15:00,21.81,-0.01,11,23991,卖盘
2242,10:14:57,21.82,0.01,3,6546,买盘
2243,10:14:54,21.81,-0.01,232,505991,卖盘
2244,10:14:51,21.82,0.01,2,4364,买盘
2245,10:14:48,21.81,--,3,6543,卖盘
2246,10:14:42,21.81,-0.01,11,23991,卖盘
2247,10:14:39,21.82,--,1,2182,买盘
2248,10:14:36,21.82,0.01,24,52368,卖盘
2249,10:14:30,21.81,-0.01,2,4362,卖盘
2250,10:14:27,21.82,--,12,26184,中性盘
2251,10:14:24,21.82,0.01,1,2182,卖盘
2252,10:14:21,21.81,--,10,21810,卖盘
2253,10:14:18,21.81,-0.01,1,2181,卖盘
2254,10:14:15,21.82,--,110,240020,买盘
2255,10:14:12,21.82,--,12,26184,买盘
2256,10:14:09,21.82,--,10,21820,买盘
2257,10:14:06,21.82,--,19,41458,卖盘
2258,10:14:03,21.82,--,2,4364,买盘
2259,10:14:00,21.82,--,226,493132,卖盘
2260,10:13:54,21.82,--,12,26184,卖盘
2261,10:13:51,21.82,--,5,10910,卖盘
2262,10:13:48,21.82,--,18,39276,卖盘
2263,10:13:45,21.82,-0.01,48,104736,卖盘
2264,10:13:42,21.83,0.01,1,2183,中性盘
2265,10:13:39,21.82,-0.02,36,78552,买盘
2266,10:13:33,21.84,0.01,108,235872,买盘
2267,10:13:30,21.83,0.01,12,26195,买盘
2268,10:13:27,21.82,--,70,152740,卖盘
2269,10:13:21,21.82,--,6,13092,卖盘
2270,10:13:18,21.82,--,19,41458,买盘
2271,10:13:15,21.82,0.02,15,32730,买盘
2272,10:13:12,21.8,-0.01,71,154780,卖盘
2273,10:13:09,21.81,-0.01,20,43620,卖盘
2274,10:13:06,21.82,-0.01,13,28366,中性盘
2275,10:13:03,21.83,0.02,6,13097,买盘
2276,10:13:00,21.81,-0.01,8,17448,卖盘
2277,10:12:57,21.82,-0.01,2,4364,卖盘
2278,10:12:51,21.83,0.02,1,2183,中性盘
2279,10:12:45,21.81,-0.02,55,119955,卖盘
2280,10:12:42,21.83,--,1,2183,卖盘
2281,10:12:39,21.83,0.01,93,203018,中性盘
2282,10:12:36,21.82,0.02,20,43640,买盘
2283,10:12:33,21.8,-0.01,120,261600,卖盘
2284,10:12:27,21.81,0.01,135,294435,中性盘
2285,10:12:24,21.8,-0.01,14,30520,卖盘
2286,10:12:21,21.81,--,11,23991,买盘
2287,10:12:18,21.81,--,101,220281,买盘
2288,10:12:12,21.81,--,16,34896,买盘
2289,10:12:09,21.81,--,28,61068,卖盘
2290,10:12:03,21.81,--,15,32714,卖盘
2291,10:12:00,21.81,--,18,39258,卖盘
2292,10:11:57,21.81,-0.04,11,23991,卖盘
2293,10:11:54,21.85,--,13,28405,卖盘
2294,10:11:51,21.85,--,10,21850,卖盘
2295,10:11:42,21.85,-0.04,302,659870,卖盘
2296,10:11:39,21.89,0.01,5,10945,买盘
2297,10:11:36,21.88,-0.01,144,315684,卖盘
2298,10:11:33,21.89,--,327,717379,卖盘
2299,10:11:30,21.89,--,59,129151,卖盘
2300,10:11:27,21.89,--,85,186065,卖盘
2301,10:11:21,21.89,-0.01,76,166364,卖盘
2302,10:11:18,21.9,--,25,54750,买盘
2303,10:11:15,21.9,0.01,1,2190,中性盘
2304,10:11:12,21.89,--,18,39402,卖盘
2305,10:11:09,21.89,-0.01,276,604164,卖盘
2306,10:11:06,21.9,-0.01,9,19710,卖盘
2307,10:11:03,21.91,-0.01,17,37247,卖盘
2308,10:10:54,21.92,--,2,4384,买盘
2309,10:10:45,21.92,0.01,1,2192,买盘
2310,10:10:42,21.91,-0.01,17,37247,卖盘
2311,10:10:39,21.92,0.01,15,32880,买盘
2312,10:10:36,21.91,--,21,46011,卖盘
2313,10:10:33,21.91,--,120,262920,卖盘
2314,10:10:30,21.91,-0.01,5,10955,卖盘
2315,10:10:27,21.92,--,16,35072,买盘
2316,10:10:24,21.92,--,8,17536,买盘
2317,10:10:15,21.92,--,13,28496,卖盘
2318,10:10:12,21.92,-0.01,14,30688,卖盘
2319,10:10:09,21.93,0.01,52,114036,买盘
2320,10:10:06,21.92,--,167,366064,卖盘
2321,10:10:03,21.92,-0.01,29,63568,卖盘
2322,10:09:57,21.93,--,2,4386,买盘
2323,10:09:54,21.93,0.01,5,10965,买盘
2324,10:09:51,21.92,-0.01,66,144672,卖盘
2325,10:09:48,21.93,--,10,21930,买盘
2326,10:09:45,21.93,--,9,19737,买盘
2327,10:09:42,21.93,--,2,4386,买盘
2328,10:09:39,21.93,--,19,41667,买盘
2329,10:09:33,21.93,--,11,24123,买盘
2330,10:09:30,21.93,0.01,2,4386,买盘
2331,10:09:27,21.92,--,6,13152,卖盘
2332,10:09:24,21.92,--,2,4384,卖盘
2333,10:09:18,21.92,-0.01,23,50416,卖盘
2334,10:09:12,21.93,--,2,4386,买盘
2335,10:09:09,21.93,0.01,1,2193,买盘
2336,10:09:06,21.92,-0.01,6,13152,卖盘
2337,10:09:03,21.93,--,5,10965,买盘
2338,10:09:00,21.93,0.01,11,24123,买盘
2339,10:08:57,21.92,--,64,140288,卖盘
2340,10:08:54,21.92,--,3,6576,卖盘
2341,10:08:36,21.92,--,1,2192,卖盘
2342,10:08:33,21.92,--,24,52608,卖盘
2343,10:08:30,21.92,--,3,6576,买盘
2344,10:08:27,21.92,-0.01,2,4384,买盘
2345,10:08:21,21.93,0.02,102,223686,买盘
2346,10:08:18,21.91,--,1,2191,卖盘
2347,10:08:15,21.91,-0.01,5,10955,卖盘
2348,10:08:06,21.92,-0.01,5,10960,中性盘
2349,10:08:00,21.93,0.01,125,274125,买盘
2350,10:07:57,21.92,-0.01,20,43840,卖盘
2351,10:07:48,21.93,--,7,15351,买盘
2352,10:07:45,21.93,--,20,43860,买盘
2353,10:07:42,21.93,--,5,10965,买盘
2354,10:07:39,21.93,--,6,13158,买盘
2355,10:07:36,21.93,--,5,10965,买盘
2356,10:07:30,21.93,--,10,21930,买盘
2357,10:07:18,21.93,0.03,5,10965,买盘
2358,10:07:15,21.9,--,53,116069,卖盘
2359,10:07:06,21.9,-0.02,34,74460,卖盘
2360,10:07:03,21.92,--,9,19728,卖盘
2361,10:07:00,21.92,--,5,10960,卖盘
2362,10:06:54,21.92,-0.01,50,109600,卖盘
2363,10:06:51,21.93,--,2,4386,卖盘
2364,10:06:48,21.93,-0.03,100,219300,卖盘
2365,10:06:45,21.96,0.01,2,4392,买盘
2366,10:06:42,21.95,--,64,140480,卖盘
2367,10:06:39,21.95,-0.01,37,81215,卖盘
2368,10:06:36,21.96,-0.01,45,99896,卖盘
2369,10:06:33,21.97,0.01,1,2197,买盘
2370,10:06:30,21.96,--,100,219600,卖盘
2371,10:06:24,21.96,-0.01,53,116388,卖盘
2372,10:06:21,21.97,--,21,46137,买盘
2373,10:06:18,21.97,--,24,52728,卖盘
2374,10:06:15,21.97,-0.01,10,21970,卖盘
2375,10:06:06,21.98,0.01,25,54950,买盘
2376,10:06:03,21.97,-0.01,29,63713,卖盘
2377,10:05:54,21.98,0.01,30,65940,买盘
2378,10:05:48,21.97,--,5,10985,卖盘
2379,10:05:42,21.97,-0.01,7,15379,卖盘
2380,10:05:39,21.98,-0.01,80,177180,卖盘
2381,10:05:36,21.99,--,1,2199,买盘
2382,10:05:27,21.99,--,14,30785,卖盘
2383,10:05:24,21.99,0.01,2,4398,中性盘
2384,10:05:12,21.98,-0.01,23,50554,卖盘
2385,10:05:09,21.99,0.01,84,184716,买盘
2386,10:05:06,21.98,-0.01,7,16243,卖盘
2387,10:05:03,21.99,0.01,8,17592,买盘
2388,10:05:00,21.98,--,20,43960,卖盘
2389,10:04:54,21.98,--,12,26376,卖盘
2390,10:04:51,21.98,-0.01,45,98910,卖盘
2391,10:04:48,21.99,--,15,32985,买盘
2392,10:04:45,21.99,-0.01,14,30785,卖盘
2393,10:04:42,22.0,--,20,44000,买盘
2394,10:04:39,22.0,--,23,50600,买盘
2395,10:04:33,22.0,--,1,2200,买盘
2396,10:04:30,22.0,--,2,4400,买盘
2397,10:04:27,22.0,0.01,22,48400,买盘
2398,10:04:18,21.99,--,11,24189,卖盘
2399,10:04:06,21.99,0.01,73,160527,买盘
2400,10:04:03,21.98,--,10,21980,买盘
2401,10:04:00,21.98,-0.01,25,54950,卖盘
2402,10:03:54,21.99,--,20,43980,买盘
2403,10:03:51,21.99,0.01,5,10995,买盘
2404,10:03:45,21.98,-0.01,5,10990,卖盘
2405,10:03:42,21.99,--,38,83562,买盘
2406,10:03:39,21.99,--,18,39582,买盘
2407,10:03:30,21.99,0.01,5,10995,买盘
2408,10:03:24,21.98,--,1,2198,买盘
2409,10:03:21,21.98,--,11,24178,买盘
2410,10:03:18,21.98,--,7,15386,卖盘
2411,10:03:15,21.98,--,38,83524,卖盘
2412,10:03:12,21.98,0.01,2,4396,中性盘
2413,10:03:03,21.97,--,86,188942,卖盘
2414,10:02:54,21.97,-0.01,2,4394,卖盘
2415,10:02:51,21.98,--,2,4396,买盘
2416,10:02:45,21.98,0.01,7,15386,买盘
2417,10:02:42,21.97,-0.01,3,6591,卖盘
2418,10:02:36,21.98,--,3,6594,买盘
2419,10:02:30,21.98,0.01,7,15386,买盘
2420,10:02:27,21.97,-0.01,9,19773,买盘
2421,10:02:24,21.98,--,1,2198,买盘
2422,10:02:21,21.98,0.02,26,57148,买盘
2423,10:02:18,21.96,-0.02,40,87840,卖盘
2424,10:02:15,21.98,0.01,1,2198,买盘
2425,10:02:03,21.97,0.01,11,24167,买盘
2426,10:01:51,21.96,--,1,2196,卖盘
2427,10:01:48,21.96,--,4,9903,买盘
2428,10:01:42,21.96,--,2,4392,买盘
2429,10:01:39,21.96,--,30,65880,买盘
2430,10:01:33,21.96,0.01,8,17568,买盘
2431,10:01:30,21.95,--,8,17560,卖盘
2432,10:01:15,21.95,--,10,21950,买盘
2433,10:01:12,21.95,--,14,30730,买盘
2434,10:01:09,21.95,0.01,20,43900,买盘
2435,10:01:00,21.94,--,19,41686,买盘
2436,10:00:57,21.94,--,22,48268,买盘
2437,10:00:54,21.94,0.02,39,85566,买盘
2438,10:00:45,21.92,-0.01,30,65760,卖盘
2439,10:00:42,21.93,--,12,26316,买盘
2440,10:00:39,21.93,--,1,2193,买盘
2441,10:00:33,21.93,0.01,2,4386,买盘
2442,10:00:21,21.92,--,4,8768,买盘
2443,10:00:18,21.92,--,2,4384,买盘
2444,10:00:15,21.92,--,14,30688,买盘
2445,10:00:12,21.92,--,19,41648,买盘
2446,10:00:09,21.92,0.01,3,6576,买盘
2447,10:00:06,21.91,--,34,74494,卖盘
2448,10:00:03,21.91,0.01,1,2191,中性盘
2449,09:59:54,21.9,-0.01,31,67890,卖盘
2450,09:59:51,21.91,--,6,13146,买盘
2451,09:59:45,21.91,--,17,37247,买盘
2452,09:59:42,21.91,--,1,2191,买盘
2453,09:59:39,21.91,0.01,14,30674,买盘
2454,09:59:36,21.9,--,45,98550,卖盘
2455,09:59:33,21.9,--,5,10950,卖盘
2456,09:59:30,21.9,-0.01,1,2190,卖盘
2457,09:59:24,21.91,0.01,112,245392,买盘
2458,09:59:21,21.9,0.01,117,256229,买盘
2459,09:59:18,21.89,0.01,19,41591,卖盘
2460,09:59:12,21.88,-0.02,6,13128,卖盘
2461,09:59:09,21.9,0.01,99,216810,买盘
2462,09:59:06,21.89,--,9,19701,买盘
2463,09:59:03,21.89,--,16,35024,买盘
2464,09:59:00,21.89,-0.01,53,116017,卖盘
2465,09:58:54,21.9,--,36,78840,买盘
2466,09:58:51,21.9,0.01,2,4380,买盘
2467,09:58:45,21.89,--,5,10945,卖盘
2468,09:58:39,21.89,0.01,78,170742,买盘
2469,09:58:27,21.88,--,11,24068,卖盘
2470,09:58:24,21.88,0.01,18,39384,中性盘
2471,09:58:18,21.87,--,20,43740,卖盘
2472,09:58:15,21.87,-0.01,27,59049,卖盘
2473,09:58:09,21.88,--,5,10940,买盘
2474,09:58:06,21.88,0.01,10,21880,买盘
2475,09:58:03,21.87,--,1,2187,卖盘
2476,09:57:57,21.87,-0.01,5,10935,中性盘
2477,09:57:54,21.88,--,15,32820,买盘
2478,09:57:51,21.88,--,12,26256,买盘
2479,09:57:48,21.88,0.02,53,115964,买盘
2480,09:57:42,21.86,--,5,10930,卖盘
2481,09:57:39,21.86,--,3,6558,卖盘
2482,09:57:36,21.86,-0.01,8,17488,卖盘
2483,09:57:33,21.87,0.01,5,10935,买盘
2484,09:57:24,21.86,--,8,17488,买盘
2485,09:57:18,21.86,--,161,351946,买盘
2486,09:57:09,21.86,0.01,15,32790,买盘
2487,09:57:06,21.85,--,6,13110,卖盘
2488,09:57:03,21.85,-0.01,30,65550,卖盘
2489,09:57:00,21.86,-0.01,45,98370,卖盘
2490,09:56:57,21.87,-0.01,5,10935,中性盘
2491,09:56:51,21.88,0.02,7,15316,买盘
2492,09:56:42,21.86,-0.02,41,89626,卖盘
2493,09:56:36,21.88,--,1,2188,买盘
2494,09:56:33,21.88,-0.01,7,15316,卖盘
2495,09:56:30,21.89,0.01,95,207955,买盘
2496,09:56:27,21.88,--,51,111588,买盘
2497,09:56:24,21.88,--,14,30632,卖盘
2498,09:56:21,21.88,--,5,10940,买盘
2499,09:56:15,21.88,--,11,24068,买盘
2500,09:56:12,21.88,-0.01,4,8752,卖盘
2501,09:56:09,21.89,0.01,5,10945,买盘
2502,09:56:06,21.88,-0.01,73,159724,卖盘
2503,09:56:03,21.89,--,10,21890,买盘
2504,09:55:57,21.89,-0.01,47,102883,卖盘
2505,09:55:51,21.9,0.01,44,96360,买盘
2506,09:55:48,21.89,-0.01,2,4378,卖盘
2507,09:55:42,21.9,-0.01,5,10950,卖盘
2508,09:55:39,21.91,0.01,20,43820,买盘
2509,09:55:36,21.9,--,8,17520,卖盘
2510,09:55:33,21.9,--,52,113879,卖盘
2511,09:55:30,21.9,--,52,113879,卖盘
2512,09:55:27,21.9,-0.01,8,17520,卖盘
2513,09:55:24,21.91,0.01,52,113932,买盘
2514,09:55:21,21.9,-0.01,2,4380,卖盘
2515,09:55:15,21.91,0.01,52,113932,买盘
2516,09:55:12,21.9,--,27,59129,卖盘
2517,09:55:09,21.9,-0.01,182,398580,卖盘
2518,09:55:06,21.91,0.01,6,13146,买盘
2519,09:55:03,21.9,--,2,4380,卖盘
2520,09:55:00,21.9,--,16,35040,卖盘
2521,09:54:57,21.9,--,59,129209,卖盘
2522,09:54:54,21.9,-0.01,1,2190,卖盘
2523,09:54:48,21.91,0.01,5,10955,买盘
2524,09:54:39,21.9,-0.02,56,122639,卖盘
2525,09:54:36,21.92,0.02,37,81104,买盘
2526,09:54:33,21.9,--,11,24090,卖盘
2527,09:54:30,21.9,-0.01,10,21900,卖盘
2528,09:54:27,21.91,0.01,63,138033,买盘
2529,09:54:24,21.9,--,27,59129,卖盘
2530,09:54:21,21.9,--,9,19710,卖盘
2531,09:54:15,21.9,--,43,94170,卖盘
2532,09:54:12,21.9,-0.01,1,2190,卖盘
2533,09:54:09,21.91,0.01,15,32865,买盘
2534,09:54:06,21.9,-0.01,42,91980,卖盘
2535,09:54:03,21.91,0.01,1,2191,买盘
2536,09:54:00,21.9,-0.01,70,153300,卖盘
2537,09:53:57,21.91,-0.01,2,4382,中性盘
2538,09:53:54,21.92,--,20,43840,买盘
2539,09:53:48,21.92,--,5,10960,买盘
2540,09:53:42,21.92,0.02,2,4384,买盘
2541,09:53:39,21.9,-0.01,9,19710,卖盘
2542,09:53:36,21.91,-0.01,18,39438,中性盘
2543,09:53:33,21.92,0.01,22,48224,买盘
2544,09:53:30,21.91,-0.01,75,164872,卖盘
2545,09:53:27,21.92,0.01,10,21920,买盘
2546,09:53:24,21.91,-0.01,22,48202,卖盘
2547,09:53:18,21.92,0.01,28,61376,买盘
2548,09:53:15,21.91,-0.01,77,168707,卖盘
2549,09:53:09,21.92,--,27,59184,买盘
2550,09:53:06,21.92,--,60,131520,买盘
2551,09:53:03,21.92,0.01,44,96448,买盘
2552,09:53:00,21.91,-0.01,4,8764,卖盘
2553,09:52:57,21.92,0.01,4,8768,买盘
2554,09:52:54,21.91,--,19,41629,卖盘
2555,09:52:51,21.91,--,57,124887,卖盘
2556,09:52:48,21.91,-0.01,10,21910,卖盘
2557,09:52:45,21.92,0.01,68,149056,买盘
2558,09:52:42,21.91,-0.01,10,21910,卖盘
2559,09:52:39,21.92,0.01,10,21920,买盘
2560,09:52:30,21.91,--,19,41629,卖盘
2561,09:52:27,21.91,--,41,89831,卖盘
2562,09:52:24,21.91,--,0,1643,买盘
2563,09:52:21,21.91,0.01,15,32865,买盘
2564,09:52:18,21.9,-0.01,19,41610,卖盘
2565,09:52:15,21.91,--,33,72303,买盘
2566,09:52:12,21.91,--,8,17528,买盘
2567,09:52:09,21.91,--,34,74494,买盘
2568,09:52:06,21.91,--,1,2191,买盘
2569,09:52:03,21.91,0.02,22,48202,买盘
2570,09:52:00,21.89,-0.01,26,56914,卖盘
2571,09:51:57,21.9,--,1,2190,卖盘
2572,09:51:51,21.9,-0.01,4,8760,中性盘
2573,09:51:48,21.91,--,19,41629,买盘
2574,09:51:45,21.91,0.01,89,194999,买盘
2575,09:51:42,21.9,-0.01,47,102930,卖盘
2576,09:51:39,21.91,0.01,26,56966,买盘
2577,09:51:36,21.9,-0.01,133,291270,卖盘
2578,09:51:33,21.91,--,15,32865,买盘
2579,09:51:30,21.91,--,57,124887,买盘
2580,09:51:27,21.91,--,15,32865,买盘
2581,09:51:24,21.91,--,22,48202,买盘
2582,09:51:18,21.91,--,13,28483,买盘
2583,09:51:15,21.91,--,29,63539,买盘
2584,09:51:09,21.91,-0.03,142,311122,卖盘
2585,09:50:57,21.94,0.02,116,254504,买盘
2586,09:50:54,21.92,-0.01,16,35072,卖盘
2587,09:50:51,21.93,0.01,11,24123,买盘
2588,09:50:48,21.92,-0.01,28,61376,卖盘
2589,09:50:45,21.93,0.01,4,8772,买盘
2590,09:50:42,21.92,-0.01,8,17536,卖盘
2591,09:50:39,21.93,0.01,21,46053,买盘
2592,09:50:36,21.92,--,4,8768,卖盘
2593,09:50:30,21.92,0.01,20,43840,买盘
2594,09:50:27,21.91,-0.01,10,21910,卖盘
2595,09:50:18,21.92,0.02,10,21920,买盘
2596,09:50:15,21.9,-0.01,25,54750,中性盘
2597,09:50:09,21.91,0.01,23,50393,买盘
2598,09:50:06,21.9,-0.01,15,32850,卖盘
2599,09:50:03,21.91,-0.01,7,15337,中性盘
2600,09:50:00,21.92,--,22,48224,买盘
2601,09:49:57,21.92,0.04,39,85488,买盘
2602,09:49:51,21.88,0.02,10,21880,卖盘
2603,09:49:48,21.86,-0.04,60,131160,卖盘
2604,09:49:45,21.9,--,4,8760,卖盘
2605,09:49:42,21.9,--,11,24090,买盘
2606,09:49:39,21.9,--,1,2190,买盘
2607,09:49:36,21.9,0.02,15,32850,买盘
2608,09:49:33,21.88,--,57,124716,卖盘
2609,09:49:27,21.88,--,7,15316,卖盘
2610,09:49:18,21.88,--,4,8752,卖盘
2611,09:49:15,21.88,--,9,19692,卖盘
2612,09:49:12,21.88,0.01,45,98460,买盘
2613,09:49:09,21.87,--,56,122472,卖盘
2614,09:49:06,21.87,-0.01,13,28431,卖盘
2615,09:49:03,21.88,--,2,4376,买盘
2616,09:49:00,21.88,--,40,87520,买盘
2617,09:48:57,21.88,-0.02,1,2188,中性盘
2618,09:48:51,21.9,-0.01,7,15329,中性盘
2619,09:48:48,21.91,0.01,30,65730,买盘
2620,09:48:42,21.9,--,2,4380,买盘
2621,09:48:39,21.9,-0.01,1,2190,买盘
2622,09:48:36,21.91,--,2,4929,卖盘
2623,09:48:33,21.91,--,7,15337,卖盘
2624,09:48:30,21.91,0.01,5,12598,买盘
2625,09:48:27,21.9,--,1,2190,买盘
2626,09:48:24,21.9,--,17,37777,卖盘
2627,09:48:21,21.9,-0.01,61,133590,卖盘
2628,09:48:18,21.91,0.01,7,15337,买盘
2629,09:48:12,21.9,-0.01,21,45990,卖盘
2630,09:48:09,21.91,--,2,4382,买盘
2631,09:48:06,21.91,--,6,13146,买盘
2632,09:48:00,21.91,-0.01,41,89831,卖盘
2633,09:47:57,21.92,-0.01,24,52608,卖盘
2634,09:47:54,21.93,-0.01,36,78948,卖盘
2635,09:47:51,21.94,0.01,122,267668,买盘
2636,09:47:45,21.93,-0.01,31,67983,卖盘
2637,09:47:42,21.94,--,22,48268,买盘
2638,09:47:36,21.94,--,15,32910,买盘
2639,09:47:33,21.94,--,48,105312,卖盘
2640,09:47:30,21.94,-0.01,26,57044,中性盘
2641,09:47:27,21.95,--,24,52680,买盘
2642,09:47:24,21.95,0.01,42,92190,买盘
2643,09:47:21,21.94,-0.01,25,54850,卖盘
2644,09:47:18,21.95,--,1,2195,买盘
2645,09:47:15,21.95,--,40,87800,买盘
2646,09:47:12,21.95,--,68,149260,卖盘
2647,09:47:09,21.95,-0.01,16,35120,卖盘
2648,09:47:06,21.96,0.01,1,2196,买盘
2649,09:46:57,21.95,--,10,21950,卖盘
2650,09:46:54,21.95,-0.02,112,245840,卖盘
2651,09:46:51,21.97,--,6,13182,买盘
2652,09:46:48,21.97,--,34,74698,买盘
2653,09:46:45,21.97,--,28,61516,买盘
2654,09:46:42,21.97,--,173,380081,买盘
2655,09:46:36,21.97,--,5,10985,买盘
2656,09:46:33,21.97,-0.01,12,26364,卖盘
2657,09:46:30,21.98,0.01,13,28574,买盘
2658,09:46:27,21.97,-0.01,15,32955,卖盘
2659,09:46:24,21.98,0.01,25,54950,买盘
2660,09:46:21,21.97,-0.01,15,32955,卖盘
2661,09:46:18,21.98,--,3,6594,卖盘
2662,09:46:15,21.98,--,22,48356,卖盘
2663,09:46:09,21.98,--,3,6594,卖盘
2664,09:46:06,21.98,0.01,23,50554,卖盘
2665,09:46:03,21.97,-0.01,107,235079,卖盘
2666,09:46:00,21.98,--,16,35168,买盘
2667,09:45:57,21.98,0.02,16,35168,买盘
2668,09:45:54,21.96,--,11,24156,卖盘
2669,09:45:51,21.96,--,2,4392,卖盘
2670,09:45:48,21.96,-0.03,26,57096,卖盘
2671,09:45:45,21.99,0.01,8,17592,买盘
2672,09:45:42,21.98,--,8,17584,卖盘
2673,09:45:39,21.98,--,7,15386,卖盘
2674,09:45:36,21.98,0.03,5,10990,中性盘
2675,09:45:33,21.95,-0.01,104,228280,卖盘
2676,09:45:30,21.96,--,20,43920,买盘
2677,09:45:27,21.96,0.01,8,17568,买盘
2678,09:45:24,21.95,-0.01,29,63655,卖盘
2679,09:45:21,21.96,--,96,210816,卖盘
2680,09:45:15,21.96,0.01,42,92232,中性盘
2681,09:45:12,21.95,--,81,177795,卖盘
2682,09:45:09,21.95,--,19,41705,卖盘
2683,09:45:06,21.95,--,18,39510,卖盘
2684,09:45:03,21.95,--,32,70240,卖盘
2685,09:45:00,21.95,--,20,43900,卖盘
2686,09:44:57,21.95,0.01,5,10975,买盘
2687,09:44:51,21.94,--,39,85566,卖盘
2688,09:44:42,21.94,0.03,14,30716,买盘
2689,09:44:39,21.91,-0.01,42,92022,中性盘
2690,09:44:36,21.92,0.01,20,43840,买盘
2691,09:44:33,21.91,--,27,59157,卖盘
2692,09:44:30,21.91,0.01,30,65730,中性盘
2693,09:44:27,21.9,--,50,109500,卖盘
2694,09:44:21,21.9,--,8,17520,卖盘
2695,09:44:18,21.9,-0.01,16,35040,卖盘
2696,09:44:15,21.91,0.01,12,26292,买盘
2697,09:44:12,21.9,--,23,50370,卖盘
2698,09:44:09,21.9,--,40,87600,卖盘
2699,09:44:06,21.9,0.05,235,516292,买盘
2700,09:44:03,21.85,--,31,67735,买盘
2701,09:44:00,21.85,-0.03,9,19665,中性盘
2702,09:43:57,21.88,0.02,204,446352,买盘
2703,09:43:51,21.86,-0.01,45,98370,中性盘
2704,09:43:45,21.87,0.02,20,43740,买盘
2705,09:43:42,21.85,0.04,7,15295,买盘
2706,09:43:39,21.81,-0.04,19,41439,卖盘
2707,09:43:36,21.85,--,31,67735,买盘
2708,09:43:27,21.85,--,10,21850,买盘
2709,09:43:24,21.85,--,6,13110,买盘
2710,09:43:21,21.85,--,12,26220,卖盘
2711,09:43:18,21.85,-0.03,15,32775,卖盘
2712,09:43:15,21.88,0.1,41,89708,买盘
2713,09:43:12,21.78,-0.08,17,37026,卖盘
2714,09:43:09,21.86,--,40,87440,买盘
2715,09:43:06,21.86,-0.02,53,115858,卖盘
2716,09:43:03,21.88,0.01,20,43760,买盘
2717,09:43:00,21.87,0.02,61,133407,买盘
2718,09:42:57,21.85,-0.02,307,670795,卖盘
2719,09:42:54,21.87,--,3,6561,买盘
2720,09:42:51,21.87,-0.01,124,271188,卖盘
2721,09:42:48,21.88,--,26,56888,买盘
2722,09:42:45,21.88,--,1,2188,买盘
2723,09:42:42,21.88,0.02,52,113776,买盘
2724,09:42:39,21.86,--,2,4372,买盘
2725,09:42:36,21.86,-0.02,19,41534,中性盘
2726,09:42:33,21.88,--,128,280064,买盘
2727,09:42:30,21.88,--,10,21880,买盘
2728,09:42:27,21.88,--,87,190356,买盘
2729,09:42:24,21.88,-0.02,119,260919,卖盘
2730,09:42:21,21.9,0.02,12,26280,买盘
2731,09:42:18,21.88,--,61,133468,卖盘
2732,09:42:15,21.88,-0.02,38,83144,卖盘
2733,09:42:12,21.9,0.02,46,100740,买盘
2734,09:42:09,21.88,--,7,15316,卖盘
2735,09:42:06,21.88,--,29,65093,卖盘
2736,09:42:03,21.88,-0.02,2,4376,卖盘
2737,09:42:00,21.9,--,7,15329,买盘
2738,09:41:57,21.9,0.02,59,129209,买盘
2739,09:41:54,21.88,--,5,10940,买盘
2740,09:41:51,21.88,-0.02,34,74392,中性盘
2741,09:41:48,21.9,0.05,45,98550,买盘
2742,09:41:45,21.85,-0.03,4,8740,卖盘
2743,09:41:42,21.88,--,27,59076,卖盘
2744,09:41:39,21.88,0.03,9,19692,买盘
2745,09:41:36,21.85,-0.03,3,6555,卖盘
2746,09:41:33,21.88,0.03,5,10940,买盘
2747,09:41:30,21.85,--,10,21850,卖盘
2748,09:41:27,21.85,0.02,3,6555,卖盘
2749,09:41:24,21.83,0.01,16,34928,买盘
2750,09:41:21,21.82,0.04,32,69824,买盘
2751,09:41:18,21.78,--,40,87120,买盘
2752,09:41:15,21.78,--,29,63162,买盘
2753,09:41:12,21.78,--,20,43560,买盘
2754,09:41:09,21.78,--,23,50094,买盘
2755,09:41:06,21.78,--,12,26136,买盘
2756,09:41:03,21.78,-0.05,28,60984,卖盘
2757,09:41:00,21.83,--,34,74222,买盘
2758,09:40:57,21.83,0.01,312,681096,买盘
2759,09:40:54,21.82,--,155,338210,买盘
2760,09:40:51,21.82,0.04,149,327278,买盘
2761,09:40:48,21.78,-0.04,1,2178,卖盘
2762,09:40:45,21.82,0.02,6,13092,买盘
2763,09:40:42,21.8,0.05,57,124260,买盘
2764,09:40:39,21.75,--,109,237075,买盘
2765,09:40:36,21.75,--,186,404550,买盘
2766,09:40:33,21.75,0.05,80,174000,买盘
2767,09:40:30,21.7,-0.05,130,282100,卖盘
2768,09:40:27,21.75,0.05,199,432825,买盘
2769,09:40:24,21.7,--,40,86800,买盘
2770,09:40:21,21.7,--,28,60760,买盘
2771,09:40:18,21.7,0.01,224,486080,卖盘
2772,09:40:15,21.69,-0.01,33,71577,卖盘
2773,09:40:12,21.7,-0.05,218,473060,卖盘
2774,09:40:09,21.75,0.05,48,104400,买盘
2775,09:40:06,21.7,0.02,7,15190,中性盘
2776,09:40:03,21.68,--,31,67208,卖盘
2777,09:40:00,21.68,-0.04,145,314360,卖盘
2778,09:39:57,21.72,--,72,156774,卖盘
2779,09:39:54,21.72,0.02,141,306252,买盘
2780,09:39:51,21.7,--,43,93310,买盘
2781,09:39:48,21.7,0.02,48,104160,买盘
2782,09:39:45,21.68,--,35,75880,买盘
2783,09:39:42,21.68,-0.02,91,197288,卖盘
2784,09:39:39,21.7,-0.01,287,622790,卖盘
2785,09:39:36,21.71,0.01,29,62959,中性盘
2786,09:39:33,21.7,--,57,123690,买盘
2787,09:39:30,21.7,-0.05,145,314650,卖盘
2788,09:39:27,21.75,--,48,104400,买盘
2789,09:39:24,21.75,0.07,10,21750,买盘
2790,09:39:21,21.68,-0.01,121,262328,卖盘
2791,09:39:18,21.69,-0.06,125,271125,卖盘
2792,09:39:15,21.75,0.05,94,204450,买盘
2793,09:39:12,21.7,-0.05,71,154070,中性盘
2794,09:39:09,21.75,0.05,20,43500,买盘
2795,09:39:06,21.7,--,120,260400,买盘
2796,09:39:03,21.7,-0.01,85,184450,卖盘
2797,09:39:00,21.71,-0.04,60,130260,卖盘
2798,09:38:57,21.75,-0.01,51,110925,中性盘
2799,09:38:54,21.76,-0.03,24,52224,中性盘
2800,09:38:51,21.79,0.04,124,270196,买盘
2801,09:38:48,21.75,-0.02,57,123975,卖盘
2802,09:38:45,21.77,-0.03,45,97965,卖盘
2803,09:38:42,21.8,-0.09,18,39240,卖盘
2804,09:38:39,21.89,0.05,109,238601,买盘
2805,09:38:36,21.84,0.04,13,28392,买盘
2806,09:38:33,21.8,-0.03,154,335720,卖盘
2807,09:38:30,21.83,-0.05,11,24012,卖盘
2808,09:38:27,21.88,-0.02,55,120340,卖盘
2809,09:38:24,21.9,-0.01,23,50370,卖盘
2810,09:38:21,21.91,--,62,135842,买盘
2811,09:38:18,21.91,-0.02,11,24101,卖盘
2812,09:38:15,21.93,--,25,54825,买盘
2813,09:38:12,21.93,-0.02,30,65790,买盘
2814,09:38:09,21.95,-0.01,21,46095,卖盘
2815,09:38:06,21.96,-0.04,1,2196,卖盘
2816,09:38:03,22.0,0.02,24,52800,买盘
2817,09:38:00,21.98,-0.02,32,70336,卖盘
2818,09:37:57,22.0,-0.04,430,946000,卖盘
2819,09:37:54,22.04,--,206,454024,买盘
2820,09:37:51,22.04,-0.01,116,255664,买盘
2821,09:37:48,22.05,--,16,35280,买盘
2822,09:37:45,22.05,-0.03,30,66150,卖盘
2823,09:37:42,22.08,0.03,20,44160,卖盘
2824,09:37:39,22.05,-0.08,76,167580,卖盘
2825,09:37:36,22.13,-0.02,101,223513,中性盘
2826,09:37:33,22.15,-0.02,11,24365,中性盘
2827,09:37:30,22.17,0.09,52,115284,买盘
2828,09:37:27,22.08,-0.08,104,229631,卖盘
2829,09:37:24,22.16,--,15,33240,卖盘
2830,09:37:21,22.16,-0.02,45,99720,卖盘
2831,09:37:18,22.18,--,3,6654,买盘
2832,09:37:15,22.18,0.01,10,22180,买盘
2833,09:37:12,22.17,-0.06,30,66510,卖盘
2834,09:37:09,22.23,0.01,20,44460,买盘
2835,09:37:06,22.22,-0.01,4,8888,中性盘
2836,09:37:03,22.23,-0.02,124,275652,卖盘
2837,09:37:00,22.25,0.02,37,82325,买盘
2838,09:36:57,22.23,-0.02,15,33345,卖盘
2839,09:36:54,22.25,--,1,2225,买盘
2840,09:36:51,22.25,--,2,4450,买盘
2841,09:36:48,22.25,-0.03,81,180225,卖盘
2842,09:36:45,22.28,--,26,57928,卖盘
2843,09:36:42,22.28,--,38,84664,卖盘
