,time,price,change,volume,amount,type
0,15:00:03,6.21,-0.01,945,586845,卖盘
1,14:57:00,6.22,--,0,0,买盘
2,14:56:57,6.22,--,32,19904,买盘
3,14:56:54,6.22,--,50,31100,买盘
4,14:56:42,6.22,--,41,25502,卖盘
5,14:56:39,6.22,--,23,14306,卖盘
6,14:56:36,6.22,--,72,44784,卖盘
7,14:56:33,6.22,-0.01,553,343966,卖盘
8,14:56:30,6.23,--,3,1869,买盘
9,14:56:21,6.23,--,174,108900,卖盘
10,14:56:12,6.23,0.01,145,90459,买盘
11,14:56:06,6.22,--,23,14306,卖盘
12,14:55:51,6.22,--,191,118802,买盘
13,14:55:36,6.22,-0.01,129,80238,卖盘
14,14:55:33,6.23,0.01,2,1246,买盘
15,14:55:30,6.22,-0.01,100,62200,卖盘
16,14:55:18,6.23,--,253,157619,买盘
17,14:55:15,6.23,0.01,39,24297,买盘
18,14:55:12,6.22,--,14,8708,卖盘
19,14:55:06,6.22,-0.01,10,6220,卖盘
20,14:55:00,6.23,--,4,2492,买盘
21,14:54:42,6.23,0.03,371,231133,买盘
22,14:54:24,6.2,--,378,234360,卖盘
23,14:54:15,6.2,-0.01,34,21080,卖盘
24,14:54:12,6.21,0.01,17,10557,中性盘
25,14:53:51,6.2,--,545,337900,卖盘
26,14:53:42,6.2,--,58,35960,卖盘
27,14:53:33,6.2,--,14,8680,卖盘
28,14:53:27,6.2,--,28,17360,卖盘
29,14:53:24,6.2,--,209,129580,卖盘
30,14:53:21,6.2,--,12,7440,卖盘
31,14:53:18,6.2,--,10,6200,卖盘
32,14:53:15,6.2,0.01,22,13640,买盘
33,14:53:12,6.19,-0.01,16,9904,卖盘
34,14:53:09,6.2,--,27,16740,买盘
35,14:53:06,6.2,0.01,5,3100,买盘
36,14:52:57,6.19,-0.01,31,19189,卖盘
37,14:52:48,6.2,--,20,12400,买盘
38,14:52:45,6.2,--,16,9920,买盘
39,14:52:42,6.2,0.01,61,37820,买盘
40,14:52:36,6.19,--,14,8666,卖盘
41,14:52:33,6.19,-0.02,9,5571,卖盘
42,14:52:21,6.21,0.02,10,6210,买盘
43,14:51:51,6.19,0.01,14,8666,中性盘
44,14:51:36,6.18,-0.01,23,14214,卖盘
45,14:51:33,6.19,0.01,54,33426,买盘
46,14:51:30,6.18,-0.01,49,30282,卖盘
47,14:51:27,6.19,--,10,6190,买盘
48,14:51:24,6.19,--,5,3095,买盘
49,14:51:18,6.19,--,33,20427,买盘
50,14:51:12,6.19,--,201,124419,买盘
51,14:51:09,6.19,--,2,1238,买盘
52,14:51:06,6.19,--,20,12380,买盘
53,14:51:00,6.19,--,203,125657,买盘
54,14:50:57,6.19,--,32,19808,买盘
55,14:50:54,6.19,--,40,24760,买盘
56,14:50:48,6.19,-0.01,280,173320,卖盘
57,14:50:42,6.2,--,50,31000,买盘
58,14:50:33,6.2,--,7,4340,买盘
59,14:50:30,6.2,--,15,9300,买盘
60,14:50:27,6.2,0.01,20,12400,买盘
61,14:50:00,6.19,0.01,15,9285,买盘
62,14:49:57,6.18,--,11,6798,卖盘
63,14:49:54,6.18,--,5,3090,卖盘
64,14:49:48,6.18,--,14,8652,卖盘
65,14:49:45,6.18,-0.01,119,73542,卖盘
66,14:49:42,6.19,0.01,25,15475,买盘
67,14:49:33,6.18,--,50,30900,卖盘
68,14:49:18,6.18,-0.01,23,14214,卖盘
69,14:49:09,6.19,--,6,3714,买盘
70,14:49:06,6.19,--,5,3095,买盘
71,14:49:03,6.19,--,22,13618,买盘
72,14:49:00,6.19,--,7,4333,买盘
73,14:48:51,6.19,--,20,12380,买盘
74,14:48:48,6.19,--,52,32188,买盘
75,14:48:45,6.19,0.01,9,5571,买盘
76,14:48:42,6.18,-0.01,20,12360,卖盘
77,14:48:39,6.19,0.01,121,74899,买盘
78,14:48:36,6.18,-0.01,60,37080,卖盘
79,14:48:30,6.19,0.01,1,619,买盘
80,14:48:27,6.18,--,18,11124,卖盘
81,14:48:24,6.18,-0.01,10,6180,卖盘
82,14:48:18,6.19,--,70,43330,买盘
83,14:48:12,6.19,0.01,10,6190,买盘
84,14:48:09,6.18,-0.01,3,1854,卖盘
85,14:48:03,6.19,--,21,12999,买盘
86,14:48:00,6.19,-0.01,68,42092,卖盘
87,14:47:57,6.2,0.01,30,18600,买盘
88,14:47:54,6.19,--,38,23522,卖盘
89,14:47:45,6.19,-0.01,36,22284,卖盘
90,14:47:39,6.2,--,2,1240,买盘
91,14:47:36,6.2,0.01,20,12400,买盘
92,14:47:30,6.19,-0.01,1,619,卖盘
93,14:47:24,6.2,0.01,10,6200,买盘
94,14:47:21,6.19,-0.01,52,32188,卖盘
95,14:47:18,6.2,0.01,13,8060,买盘
96,14:47:12,6.19,--,10,6190,卖盘
97,14:47:06,6.19,--,6,3714,卖盘
98,14:46:54,6.19,--,23,14237,卖盘
99,14:46:48,6.19,-0.01,3,1857,卖盘
100,14:46:45,6.2,--,24,14880,卖盘
101,14:46:36,6.2,0.01,10,6200,卖盘
102,14:46:24,6.19,-0.01,127,78613,卖盘
103,14:46:15,6.2,--,7,4340,卖盘
104,14:46:12,6.2,0.01,180,111600,买盘
105,14:46:09,6.19,--,33,20427,卖盘
106,14:46:06,6.19,-0.01,31,19189,卖盘
107,14:46:03,6.2,--,105,65100,卖盘
108,14:46:00,6.2,--,29,17980,卖盘
109,14:45:57,6.2,--,66,40920,卖盘
110,14:45:45,6.2,--,10,6200,买盘
111,14:45:42,6.2,--,10,6200,买盘
112,14:45:39,6.2,0.01,10,6200,中性盘
113,14:45:33,6.19,-0.02,156,96564,卖盘
114,14:45:27,6.21,--,14,8694,卖盘
115,14:45:24,6.21,-0.01,7,4347,中性盘
116,14:45:09,6.22,--,5,3483,卖盘
117,14:45:03,6.22,--,12,7712,卖盘
118,14:44:57,6.22,--,21,13062,卖盘
119,14:44:51,6.22,--,36,22392,买盘
120,14:44:45,6.22,0.02,70,43540,买盘
121,14:44:42,6.2,-0.02,6,3720,卖盘
122,14:44:36,6.22,0.02,9,5598,买盘
123,14:44:33,6.2,-0.02,1,620,卖盘
124,14:44:12,6.22,0.02,2,1244,买盘
125,14:44:06,6.2,-0.02,195,120900,卖盘
126,14:43:57,6.22,-0.01,71,44162,卖盘
127,14:43:51,6.23,0.01,200,124600,买盘
128,14:43:48,6.22,-0.01,24,14928,卖盘
129,14:43:39,6.23,--,462,287826,卖盘
130,14:43:30,6.23,--,2,1246,卖盘
131,14:43:24,6.23,--,78,48594,买盘
132,14:43:21,6.23,--,2,1246,买盘
133,14:43:18,6.23,--,5,3115,买盘
134,14:43:15,6.23,--,48,29904,卖盘
135,14:43:03,6.23,0.01,77,47971,买盘
136,14:42:51,6.22,--,20,12440,卖盘
137,14:42:33,6.22,0.01,1,622,中性盘
138,14:42:12,6.21,-0.02,34,21114,卖盘
139,14:42:09,6.23,0.02,9,5607,买盘
140,14:42:06,6.21,--,68,42228,卖盘
141,14:41:45,6.21,--,4,2484,卖盘
142,14:41:42,6.21,--,23,14283,卖盘
143,14:41:39,6.21,-0.02,36,22356,中性盘
144,14:41:36,6.23,0.03,20,12460,买盘
145,14:41:33,6.2,--,10,6200,卖盘
146,14:41:30,6.2,--,58,35960,卖盘
147,14:41:24,6.2,--,40,24800,卖盘
148,14:41:18,6.2,0.01,1405,871100,买盘
149,14:41:15,6.19,--,31,19189,卖盘
150,14:41:09,6.19,-0.01,11,6809,卖盘
151,14:41:00,6.2,0.02,10,6200,买盘
152,14:40:54,6.18,-0.02,53,32754,卖盘
153,14:40:51,6.2,0.02,46,28520,买盘
154,14:40:48,6.18,-0.02,235,145681,卖盘
155,14:40:45,6.2,0.02,21,13020,买盘
156,14:40:39,6.18,-0.01,200,123600,卖盘
157,14:40:36,6.19,--,23,14237,卖盘
158,14:40:33,6.19,--,113,69947,买盘
159,14:40:27,6.19,--,10,6190,买盘
160,14:40:12,6.19,--,30,18570,卖盘
161,14:40:06,6.19,-0.01,85,52615,卖盘
162,14:40:03,6.2,-0.02,1128,699360,卖盘
163,14:40:00,6.22,-0.01,124,77295,卖盘
164,14:39:51,6.23,-0.01,101,62923,卖盘
165,14:39:45,6.24,--,176,109824,买盘
166,14:39:36,6.24,-0.01,167,104208,卖盘
167,14:39:33,6.25,-0.01,98,61250,卖盘
168,14:39:27,6.26,0.01,54,33804,买盘
169,14:39:12,6.25,--,1,625,卖盘
170,14:39:06,6.25,-0.01,20,12500,卖盘
171,14:38:54,6.26,--,5,3130,买盘
172,14:38:51,6.26,--,11,6886,卖盘
173,14:38:48,6.26,--,19,11894,买盘
174,14:38:45,6.26,--,14,8764,买盘
175,14:38:42,6.26,--,67,41942,卖盘
176,14:38:27,6.26,--,100,62600,卖盘
177,14:38:24,6.26,--,34,21284,卖盘
178,14:38:21,6.26,-0.02,77,48202,卖盘
179,14:38:15,6.28,0.02,48,30144,买盘
180,14:38:12,6.26,-0.01,17,10642,卖盘
181,14:38:09,6.27,--,1,627,卖盘
182,14:38:06,6.27,-0.01,10,6270,卖盘
183,14:38:00,6.28,-0.01,47,29516,卖盘
184,14:37:57,6.29,0.01,9,5661,买盘
185,14:37:48,6.28,-0.03,3,1884,卖盘
186,14:37:30,6.31,--,20,12620,卖盘
187,14:37:27,6.31,0.04,10,6310,买盘
188,14:37:12,6.27,--,100,62699,卖盘
189,14:37:09,6.27,--,16,10032,卖盘
190,14:37:06,6.27,--,109,68343,卖盘
191,14:36:57,6.27,-0.01,34,21318,卖盘
192,14:36:27,6.28,--,20,12560,卖盘
193,14:36:24,6.28,--,11,6908,卖盘
194,14:36:12,6.28,-0.01,184,115778,卖盘
195,14:36:09,6.29,-0.01,68,42772,卖盘
196,14:35:51,6.3,--,1,630,卖盘
197,14:35:45,6.3,0.01,19,11970,中性盘
198,14:34:57,6.29,-0.04,5,3145,卖盘
199,14:34:33,6.33,0.05,3,1899,买盘
200,14:34:12,6.28,-0.05,31,19468,卖盘
201,14:34:06,6.33,--,5,3165,买盘
202,14:34:00,6.33,--,2,1266,卖盘
203,14:33:42,6.33,--,30,18990,买盘
204,14:33:24,6.33,0.06,74,46842,买盘
205,14:33:00,6.27,-0.03,256,160512,卖盘
206,14:32:45,6.3,--,5,3150,买盘
207,14:32:39,6.3,0.02,20,12600,买盘
208,14:31:45,6.28,--,11,6908,卖盘
209,14:31:30,6.28,0.01,10,6280,卖盘
210,14:31:18,6.27,-0.01,138,86526,卖盘
211,14:31:15,6.28,0.01,4,2512,中性盘
212,14:30:33,6.27,-0.03,58,36366,卖盘
213,14:29:51,6.3,0.02,20,12600,买盘
214,14:29:27,6.28,--,261,163908,卖盘
215,14:28:57,6.28,--,21,13188,卖盘
216,14:28:48,6.28,--,34,21352,卖盘
217,14:28:42,6.28,-0.01,28,17584,卖盘
218,14:28:36,6.29,--,3,1887,买盘
219,14:28:24,6.29,--,14,8806,卖盘
220,14:27:54,6.29,--,5,3145,卖盘
221,14:27:51,6.29,-0.01,3,1887,卖盘
222,14:27:30,6.3,--,2,1260,卖盘
223,14:27:06,6.3,0.01,8,5040,买盘
224,14:27:03,6.29,-0.01,18,11322,卖盘
225,14:26:57,6.3,--,5,3150,买盘
226,14:26:51,6.3,-0.02,35,22050,卖盘
227,14:26:48,6.32,0.02,2,1264,买盘
228,14:26:24,6.3,--,52,32760,买盘
229,14:26:09,6.3,-0.02,76,47880,卖盘
230,14:25:12,6.32,0.02,50,31600,买盘
231,14:24:03,6.3,-0.01,2,1260,卖盘
232,14:23:48,6.31,--,34,21454,卖盘
233,14:23:42,6.31,-0.01,33,20823,卖盘
234,14:23:30,6.32,0.01,5,3160,买盘
235,14:23:00,6.31,0.01,5,3155,买盘
236,14:22:51,6.3,-0.01,15,9450,卖盘
237,14:22:33,6.31,--,20,12620,买盘
238,14:22:24,6.31,-0.01,5,3155,中性盘
239,14:22:12,6.32,--,148,93536,买盘
240,14:21:39,6.32,0.02,300,189600,买盘
241,14:21:30,6.3,--,57,35910,买盘
242,14:20:57,6.3,-0.02,156,98280,卖盘
243,14:20:51,6.32,-0.01,24,15168,卖盘
244,14:20:33,6.33,0.01,10,6330,买盘
245,14:20:30,6.32,--,5,3160,卖盘
246,14:20:27,6.32,--,5,3160,卖盘
247,14:20:09,6.32,--,88,55616,买盘
248,14:20:00,6.32,--,4,2528,卖盘
249,14:19:48,6.32,-0.02,8,5056,卖盘
250,14:19:21,6.34,--,10,6340,买盘
251,14:19:12,6.34,--,5,3170,买盘
252,14:19:00,6.34,--,11,6974,卖盘
253,14:18:57,6.34,--,9,5706,卖盘
254,14:18:36,6.34,--,10,6340,买盘
255,14:18:33,6.34,--,5,3170,买盘
256,14:18:18,6.34,0.01,404,256136,买盘
257,14:18:09,6.33,-0.01,5,3165,卖盘
258,14:17:54,6.34,--,9,5706,买盘
259,14:17:45,6.34,--,3,1902,买盘
260,14:17:39,6.34,-0.01,30,19020,卖盘
261,14:17:36,6.35,-0.01,20,12700,卖盘
262,14:17:27,6.36,-0.01,4,2544,中性盘
263,14:17:18,6.37,--,20,12740,买盘
264,14:17:03,6.37,0.01,50,31850,买盘
265,14:17:00,6.36,-0.01,118,75048,卖盘
266,14:16:45,6.37,0.03,40,25480,买盘
267,14:16:30,6.34,-0.02,6,3804,卖盘
268,14:16:24,6.36,--,42,26712,卖盘
269,14:16:18,6.36,--,147,93492,买盘
270,14:16:09,6.36,0.02,200,127200,买盘
271,14:16:06,6.34,--,10,6340,买盘
272,14:16:03,6.34,0.02,74,46916,买盘
273,14:15:42,6.32,--,27,17064,买盘
274,14:15:33,6.32,--,111,70152,买盘
275,14:15:15,6.32,0.01,70,44240,买盘
276,14:15:06,6.31,--,8,5048,买盘
277,14:14:51,6.31,-0.01,20,12620,买盘
278,14:14:33,6.32,0.02,31,19592,买盘
279,14:14:09,6.3,--,35,22150,买盘
280,14:14:06,6.3,0.01,50,31500,买盘
281,14:13:39,6.29,--,31,19499,买盘
282,14:13:27,6.29,0.01,3,1887,买盘
283,14:13:03,6.28,0.01,5,3140,买盘
284,14:13:00,6.27,-0.01,62,38874,卖盘
285,14:12:54,6.28,--,10,6280,买盘
286,14:12:48,6.28,-0.01,20,12560,卖盘
287,14:10:54,6.29,--,12,7548,买盘
288,14:10:51,6.29,0.02,2,1258,买盘
289,14:10:36,6.27,-0.02,7,4389,卖盘
290,14:10:27,6.29,--,1,629,中性盘
291,14:10:12,6.29,0.02,50,31450,买盘
292,14:09:54,6.27,0.01,29,18183,买盘
293,14:09:45,6.26,-0.01,39,24414,卖盘
294,14:09:24,6.27,--,24,15047,买盘
295,14:09:06,6.27,--,20,12540,买盘
296,14:08:57,6.27,--,7,4389,买盘
297,14:08:45,6.27,--,2,1254,买盘
298,14:08:00,6.27,0.01,2,1254,买盘
299,14:07:45,6.26,-0.01,7,4382,卖盘
300,14:07:21,6.27,--,8,5016,买盘
301,14:06:54,6.27,--,70,43890,买盘
302,14:06:30,6.27,0.01,4,2508,买盘
303,14:06:18,6.26,-0.01,37,23162,卖盘
304,14:06:00,6.27,0.01,117,73359,买盘
305,14:05:42,6.26,-0.01,11,6886,卖盘
306,14:05:30,6.27,0.01,20,12540,买盘
307,14:05:27,6.26,--,49,30674,卖盘
308,14:04:39,6.26,-0.01,2,1252,卖盘
309,14:04:33,6.27,0.01,1,627,买盘
310,14:04:06,6.26,--,20,12520,卖盘
311,14:03:21,6.26,0.01,2,1252,中性盘
312,14:02:45,6.25,-0.02,7,4375,卖盘
313,14:02:39,6.27,0.02,173,108470,买盘
314,14:02:33,6.25,--,50,31250,卖盘
315,14:02:03,6.25,-0.01,200,125000,卖盘
316,14:02:00,6.26,--,40,25040,卖盘
317,14:01:36,6.26,--,5,3130,卖盘
318,14:01:09,6.26,--,81,50706,卖盘
319,14:01:00,6.26,-0.01,20,12520,卖盘
320,14:00:42,6.27,--,95,59671,卖盘
321,14:00:39,6.27,--,55,35061,卖盘
322,14:00:36,6.27,-0.01,8,5016,卖盘
323,14:00:33,6.28,0.01,6,3768,买盘
324,14:00:27,6.27,--,6,3761,卖盘
325,14:00:24,6.27,-0.01,30,19380,卖盘
326,14:00:09,6.28,--,7,4797,卖盘
327,14:00:03,6.28,--,50,31400,卖盘
328,14:00:00,6.28,--,121,76214,卖盘
329,13:59:54,6.28,--,3,1884,卖盘
330,13:59:33,6.28,-0.01,7,4396,中性盘
331,13:58:24,6.29,0.02,43,27047,买盘
332,13:58:03,6.27,0.01,50,31349,中性盘
333,13:57:36,6.26,--,18,11268,卖盘
334,13:57:21,6.26,-0.01,4,2504,卖盘
335,13:57:18,6.27,0.01,7,4389,买盘
336,13:57:03,6.26,-0.01,1,626,卖盘
337,13:56:45,6.27,--,30,18810,买盘
338,13:56:42,6.27,--,20,12540,买盘
339,13:56:33,6.27,--,1,627,买盘
340,13:56:27,6.27,--,39,24453,卖盘
341,13:56:06,6.27,--,97,60818,买盘
342,13:55:12,6.27,--,11,6896,买盘
343,13:55:06,6.27,--,1,627,买盘
344,13:54:48,6.27,-0.01,1,627,卖盘
345,13:54:30,6.28,--,70,43960,中性盘
346,13:54:15,6.28,0.01,20,12560,买盘
347,13:54:00,6.27,-0.01,33,20691,卖盘
348,13:53:48,6.28,-0.01,97,60916,卖盘
349,13:53:45,6.29,0.01,5,3145,买盘
350,13:53:27,6.28,-0.01,3,1884,卖盘
351,13:53:18,6.29,--,25,15725,卖盘
352,13:53:15,6.29,0.01,30,18870,中性盘
353,13:52:57,6.28,-0.01,32,20096,卖盘
354,13:52:48,6.29,-0.01,27,16983,卖盘
355,13:52:30,6.3,--,39,24570,卖盘
356,13:52:27,6.3,--,3,1890,卖盘
357,13:52:00,6.3,--,30,18900,卖盘
358,13:51:57,6.3,--,3,1890,卖盘
359,13:51:51,6.3,--,30,18900,卖盘
360,13:51:39,6.3,--,101,63630,买盘
361,13:51:33,6.3,--,1,630,买盘
362,13:51:30,6.3,0.01,13,8190,中性盘
363,13:51:27,6.29,--,3,1887,卖盘
364,13:51:24,6.29,-0.01,20,12580,卖盘
365,13:51:06,6.3,--,52,32760,卖盘
366,13:51:03,6.3,--,4,2520,卖盘
367,13:50:57,6.3,-0.01,8,5040,卖盘
368,13:50:48,6.31,0.01,3,1892,买盘
369,13:50:45,6.3,-0.01,44,27720,卖盘
370,13:50:36,6.31,-0.01,12,7571,卖盘
371,13:50:27,6.32,-0.01,16,10112,中性盘
372,13:50:15,6.33,--,20,12660,买盘
373,13:50:06,6.33,--,5,3165,卖盘
374,13:49:57,6.33,--,3,1899,卖盘
375,13:49:33,6.33,0.01,92,58236,买盘
376,13:49:27,6.32,0.02,62,39184,中性盘
377,13:48:45,6.3,-0.02,58,36540,卖盘
378,13:48:24,6.32,--,28,17696,买盘
379,13:48:21,6.32,--,10,6320,买盘
380,13:47:57,6.32,0.02,1,632,买盘
381,13:47:48,6.3,--,30,18900,中性盘
382,13:47:33,6.3,--,85,53550,买盘
383,13:47:21,6.3,0.01,5,3150,买盘
384,13:47:18,6.29,-0.01,1,629,卖盘
385,13:47:15,6.3,0.01,20,12600,买盘
386,13:46:39,6.29,0.02,65,40885,买盘
387,13:46:27,6.27,--,30,18810,卖盘
388,13:45:42,6.27,--,64,40128,买盘
389,13:45:39,6.27,--,10,6270,买盘
390,13:45:36,6.27,--,52,32603,买盘
391,13:45:30,6.27,--,105,65835,买盘
392,13:45:18,6.27,--,100,62699,买盘
393,13:45:09,6.27,--,3,1880,买盘
394,13:45:00,6.27,--,17,10659,买盘
395,13:44:48,6.27,0.01,45,28214,买盘
396,13:43:57,6.26,-0.01,11,6886,卖盘
397,13:43:51,6.27,--,20,12540,买盘
398,13:43:48,6.27,0.01,20,12540,买盘
399,13:43:30,6.26,--,4,2504,买盘
400,13:43:24,6.26,--,3,1878,买盘
401,13:42:51,6.26,--,10,6260,买盘
402,13:42:27,6.26,0.01,23,14398,买盘
403,13:42:21,6.25,0.01,45,28125,买盘
404,13:41:51,6.24,--,54,33696,买盘
405,13:41:33,6.24,--,18,11232,买盘
406,13:41:21,6.24,--,20,12480,买盘
407,13:41:00,6.24,-0.01,14,8736,卖盘
408,13:40:42,6.25,0.01,3,1875,买盘
409,13:40:30,6.24,-0.01,20,12480,卖盘
410,13:40:15,6.25,--,10,6250,买盘
411,13:39:36,6.25,--,19,11875,买盘
412,13:38:36,6.25,--,1,625,买盘
413,13:38:30,6.25,--,9,5625,卖盘
414,13:38:21,6.25,--,2,1250,买盘
415,13:38:12,6.25,--,3,1875,买盘
416,13:37:57,6.25,0.02,3,1875,买盘
417,13:37:51,6.23,-0.02,10,6230,卖盘
418,13:37:33,6.25,--,2,1250,卖盘
419,13:37:30,6.25,0.02,3,1875,买盘
420,13:37:18,6.23,-0.02,5,3115,卖盘
421,13:37:12,6.25,--,3,1875,卖盘
422,13:37:09,6.25,-0.02,5,3125,卖盘
423,13:36:48,6.27,0.05,9,5643,买盘
424,13:36:42,6.22,-0.04,31,19406,卖盘
425,13:36:33,6.26,0.04,10,6260,买盘
426,13:36:30,6.22,-0.05,1029,640367,卖盘
427,13:36:24,6.27,--,72,45144,卖盘
428,13:36:15,6.27,--,42,26334,卖盘
429,13:35:30,6.27,-0.01,100,62699,卖盘
430,13:35:12,6.28,--,10,6280,买盘
431,13:35:06,6.28,--,15,9420,买盘
432,13:35:03,6.28,--,38,23864,卖盘
433,13:35:00,6.28,--,2,1256,卖盘
434,13:34:48,6.28,--,10,6280,买盘
435,13:34:45,6.28,--,10,6280,买盘
436,13:34:36,6.28,--,10,6280,买盘
437,13:34:12,6.28,-0.01,75,47100,卖盘
438,13:33:48,6.29,--,3,1887,买盘
439,13:33:30,6.29,0.01,4,2516,买盘
440,13:33:15,6.28,--,65,40820,卖盘
441,13:33:03,6.28,--,2,1256,卖盘
442,13:33:00,6.28,0.01,85,53380,买盘
443,13:32:45,6.27,--,23,14420,买盘
444,13:32:42,6.27,--,5,3135,买盘
445,13:32:21,6.27,-0.01,22,13793,卖盘
446,13:32:18,6.28,0.01,5,3140,买盘
447,13:32:03,6.27,--,10,6270,卖盘
448,13:31:57,6.27,--,3,1880,买盘
449,13:31:33,6.27,--,7,4389,卖盘
450,13:31:18,6.27,--,3,1880,卖盘
451,13:31:09,6.27,--,13,8150,买盘
452,13:31:06,6.27,--,22,13793,买盘
453,13:30:57,6.27,0.01,10,6270,买盘
454,13:30:54,6.26,-0.01,95,59470,卖盘
455,13:30:42,6.27,--,100,62699,买盘
456,13:30:39,6.27,--,20,12540,买盘
457,13:30:36,6.27,--,1,627,买盘
458,13:30:30,6.27,--,5,3135,买盘
459,13:30:27,6.27,--,39,24453,卖盘
460,13:30:15,6.27,-0.01,45,28214,卖盘
461,13:29:57,6.28,--,10,6280,买盘
462,13:29:48,6.28,--,5,3140,买盘
463,13:29:39,6.28,0.01,15,9420,卖盘
464,13:29:33,6.27,--,70,43890,卖盘
465,13:29:24,6.27,--,40,25080,卖盘
466,13:29:12,6.27,-0.01,11,6896,卖盘
467,13:29:09,6.28,--,17,10676,买盘
468,13:29:06,6.28,-0.01,13,8164,卖盘
469,13:28:54,6.29,--,9,5661,买盘
470,13:28:39,6.29,--,50,31450,买盘
471,13:28:24,6.29,--,12,7548,买盘
472,13:28:21,6.29,--,19,11951,买盘
473,13:28:06,6.29,0.01,26,16354,买盘
474,13:28:03,6.28,--,13,8164,买盘
475,13:28:00,6.28,0.01,19,11932,买盘
476,13:27:54,6.27,-0.01,21,13167,卖盘
477,13:27:30,6.28,0.01,70,43960,买盘
478,13:27:24,6.27,-0.01,1,627,卖盘
479,13:27:18,6.28,0.03,7,4396,买盘
480,13:27:15,6.25,-0.02,128,80000,卖盘
481,13:27:12,6.27,--,20,12540,卖盘
482,13:27:00,6.27,0.02,28,17556,买盘
483,13:26:57,6.25,--,1000,625000,卖盘
484,13:26:54,6.25,--,1,625,卖盘
485,13:26:48,6.25,--,325,203125,买盘
486,13:26:42,6.25,--,103,64375,买盘
487,13:26:33,6.25,--,21,13125,买盘
488,13:26:24,6.25,--,10,6250,买盘
489,13:26:12,6.25,--,10,6250,买盘
490,13:26:06,6.25,--,50,31250,买盘
491,13:25:48,6.25,--,80,50000,买盘
492,13:25:45,6.25,--,83,51875,买盘
493,13:25:39,6.25,--,9,5625,买盘
494,13:25:33,6.25,--,309,193125,卖盘
495,13:25:27,6.25,--,536,335000,卖盘
496,13:25:12,6.25,--,24,15000,买盘
497,13:25:09,6.25,--,192,120000,买盘
498,13:25:03,6.25,--,174,108750,买盘
499,13:24:51,6.25,--,115,71875,卖盘
500,13:24:39,6.25,--,61,38125,买盘
501,13:24:27,6.25,--,52,32500,买盘
502,13:24:24,6.25,-0.03,443,276875,卖盘
503,13:24:21,6.28,-0.01,5,3140,卖盘
504,13:24:15,6.29,0.01,5,3145,买盘
505,13:24:06,6.28,--,1,628,卖盘
506,13:24:00,6.28,--,21,13188,买盘
507,13:23:57,6.28,--,3,1884,买盘
508,13:23:54,6.28,0.01,9,5652,买盘
509,13:23:51,6.27,-0.01,5,3135,卖盘
510,13:23:42,6.28,0.01,160,100480,买盘
511,13:23:36,6.27,--,3,1880,卖盘
512,13:23:33,6.27,-0.01,28,17556,卖盘
513,13:23:30,6.28,0.01,2,1256,买盘
514,13:23:27,6.27,-0.01,28,17556,卖盘
515,13:23:24,6.28,--,10,6280,买盘
516,13:23:21,6.28,0.01,2,1256,买盘
517,13:23:18,6.27,-0.01,5,3135,卖盘
518,13:23:09,6.28,0.01,1,628,买盘
519,13:22:48,6.27,--,5,3135,中性盘
520,13:22:45,6.27,--,26,16301,买盘
521,13:22:27,6.27,0.02,19,11913,买盘
522,13:22:18,6.25,--,5,3125,卖盘
523,13:22:09,6.25,--,68,42500,卖盘
524,13:21:48,6.25,-0.02,16,10000,卖盘
525,13:21:45,6.27,0.02,43,26960,买盘
526,13:21:18,6.25,0.02,7,4375,买盘
527,13:21:15,6.23,-0.02,4,2492,卖盘
528,13:21:12,6.25,--,3,1875,卖盘
529,13:20:48,6.25,-0.01,5,3125,卖盘
530,13:20:45,6.26,-0.01,6,3756,中性盘
531,13:20:30,6.27,0.07,3,1880,买盘
532,13:20:18,6.2,-0.05,1013,628060,卖盘
533,13:20:15,6.25,-0.02,40,25000,中性盘
534,13:20:06,6.27,0.04,2,1254,买盘
535,13:19:54,6.23,0.01,2,1246,卖盘
536,13:19:45,6.22,--,5,3110,买盘
537,13:19:42,6.22,--,14,8708,买盘
538,13:19:39,6.22,-0.05,151,93922,卖盘
539,13:19:27,6.27,0.06,6,3761,买盘
540,13:19:15,6.21,--,5,3105,卖盘
541,13:19:12,6.21,0.01,34,21114,中性盘
542,13:18:54,6.2,--,21,13020,买盘
543,13:18:51,6.2,--,201,124620,买盘
544,13:18:45,6.2,-0.08,178,110360,卖盘
545,13:18:33,6.28,0.08,1,628,买盘
546,13:18:27,6.2,--,119,73780,买盘
547,13:18:24,6.2,--,181,112220,卖盘
548,13:18:15,6.2,--,163,101060,买盘
549,13:18:06,6.2,--,12,7440,买盘
550,13:18:00,6.2,--,5,3100,买盘
551,13:17:54,6.2,-0.08,85,52700,卖盘
552,13:17:48,6.28,--,5,3140,买盘
553,13:17:45,6.28,0.05,30,18840,买盘
554,13:17:42,6.23,-0.05,250,155750,卖盘
555,13:17:36,6.28,0.03,1,628,中性盘
556,13:17:15,6.25,-0.05,5,3125,卖盘
557,13:17:03,6.3,--,5,3150,买盘
558,13:16:48,6.3,--,63,39690,买盘
559,13:16:45,6.3,--,2,1260,买盘
560,13:16:42,6.3,0.14,5,3150,买盘
561,13:16:39,6.16,--,136,83776,卖盘
562,13:16:33,6.16,-0.15,406,250096,卖盘
563,13:16:27,6.31,-0.01,50,31549,买盘
564,13:16:18,6.32,0.1,5,3160,买盘
565,13:16:15,6.22,--,5,3110,卖盘
566,13:16:12,6.22,0.02,150,93300,中性盘
567,13:16:03,6.2,-0.1,1172,726640,卖盘
568,13:15:51,6.3,0.09,15,9450,买盘
569,13:15:48,6.21,-0.01,929,576909,卖盘
570,13:15:39,6.22,-0.03,696,432912,卖盘
571,13:15:18,6.25,0.01,39,24375,买盘
572,13:15:15,6.24,-0.01,5,3120,卖盘
573,13:15:12,6.25,--,28,17500,买盘
574,13:15:09,6.25,0.01,3,1875,中性盘
575,13:14:57,6.24,--,80,49920,卖盘
576,13:14:39,6.24,--,76,47424,买盘
577,13:14:36,6.24,--,20,12480,买盘
578,13:14:33,6.24,--,345,215280,买盘
579,13:14:30,6.24,--,18,11232,买盘
580,13:14:27,6.24,--,20,12480,买盘
581,13:14:24,6.24,--,50,31200,买盘
582,13:14:21,6.24,-0.04,73,45552,卖盘
583,13:14:18,6.28,0.01,10,6280,买盘
584,13:14:15,6.27,-0.01,30,18810,中性盘
585,13:14:12,6.28,0.01,215,135020,买盘
586,13:14:09,6.27,--,104,65207,买盘
587,13:13:48,6.27,--,20,12540,买盘
588,13:13:45,6.27,--,42,26334,卖盘
589,13:13:36,6.27,0.03,48,30095,买盘
590,13:13:33,6.24,--,5,3120,买盘
591,13:13:30,6.24,--,17,10608,买盘
592,13:13:27,6.24,-0.03,5,3120,卖盘
593,13:13:21,6.27,--,16,10032,买盘
594,13:13:15,6.27,-0.01,26,16301,中性盘
595,13:13:06,6.28,0.07,1,628,中性盘
596,13:13:00,6.21,--,165,102465,买盘
597,13:12:54,6.21,-0.03,85,52785,卖盘
598,13:12:51,6.24,0.04,10,6240,卖盘
599,13:12:30,6.2,-0.1,1082,670840,卖盘
600,13:12:21,6.3,0.07,8,5040,卖盘
601,13:12:15,6.23,-0.13,5,3115,中性盘
602,13:12:09,6.36,0.05,619,393684,买盘
603,13:12:03,6.31,--,3,1892,买盘
604,13:12:00,6.31,0.01,167,105377,中性盘
605,13:11:57,6.3,-0.01,11,6930,卖盘
606,13:11:45,6.31,--,185,116735,卖盘
607,13:11:42,6.31,--,346,218326,卖盘
608,13:11:36,6.31,-0.01,4,2524,卖盘
609,13:11:24,6.32,--,5,3160,卖盘
610,13:11:18,6.32,--,83,52456,卖盘
611,13:11:15,6.32,-0.02,6,3792,卖盘
612,13:11:03,6.34,-0.01,150,95100,卖盘
613,13:10:57,6.35,--,2,1270,买盘
614,13:10:54,6.35,-0.01,13,8255,卖盘
615,13:10:45,6.36,0.01,5,3180,中性盘
616,13:10:39,6.35,--,55,34925,卖盘
617,13:10:36,6.35,--,5,3175,卖盘
618,13:10:27,6.35,-0.01,219,139065,卖盘
619,13:10:24,6.36,-0.01,81,51516,卖盘
620,13:10:18,6.37,-0.01,50,31850,卖盘
621,13:10:03,6.38,--,3,1914,买盘
622,13:09:57,6.38,--,62,39556,卖盘
623,13:09:36,6.38,--,35,22330,卖盘
624,13:09:18,6.38,--,4,2552,卖盘
625,13:09:12,6.38,--,5,3190,卖盘
626,13:09:06,6.38,-0.01,59,37642,卖盘
627,13:08:51,6.39,--,50,31950,买盘
628,13:08:45,6.39,--,55,35145,买盘
629,13:08:33,6.39,0.01,49,31311,买盘
630,13:08:27,6.38,--,10,6380,卖盘
631,13:08:12,6.38,-0.01,10,6380,卖盘
632,13:07:42,6.39,-0.01,122,77958,卖盘
633,13:07:15,6.4,0.01,20,12800,买盘
634,13:07:09,6.39,-0.01,8,5112,卖盘
635,13:06:36,6.4,--,5,3200,买盘
636,13:06:15,6.4,0.01,15,9600,买盘
637,13:05:54,6.39,--,95,60705,卖盘
638,13:05:21,6.39,--,8,5112,卖盘
639,13:05:18,6.39,--,4,2556,卖盘
640,13:05:15,6.39,--,4,2556,卖盘
641,13:05:12,6.39,-0.01,23,14697,卖盘
642,13:04:48,6.4,--,122,78080,卖盘
643,13:04:24,6.4,-0.01,50,32000,卖盘
644,13:03:48,6.41,--,30,19230,卖盘
645,13:03:15,6.41,0.01,20,12820,中性盘
646,13:02:33,6.4,--,54,34560,卖盘
647,13:02:27,6.4,--,8,5120,卖盘
648,13:02:00,6.4,-0.02,3,1920,买盘
649,13:01:48,6.42,--,2,1284,卖盘
650,13:01:45,6.42,--,20,12840,卖盘
651,13:01:39,6.42,--,40,25680,卖盘
652,13:01:24,6.42,0.02,125,80250,买盘
653,13:01:18,6.4,-0.02,217,138880,卖盘
654,13:01:15,6.42,--,3,1926,买盘
655,13:00:48,6.42,-0.01,10,6420,卖盘
656,13:00:45,6.43,--,14,9002,买盘
657,13:00:24,6.43,--,1,643,买盘
658,13:00:12,6.43,--,33,21219,买盘
659,13:00:06,6.43,0.03,55,35365,买盘
660,13:00:03,6.4,-0.03,1118,715520,卖盘
661,13:00:00,6.43,--,0,0,卖盘
662,11:30:00,6.43,--,0,0,卖盘
663,11:29:45,6.43,0.01,151,97350,买盘
664,11:29:42,6.42,--,5,3210,卖盘
665,11:29:36,6.42,--,7,4494,卖盘
666,11:29:15,6.42,-0.01,90,57780,卖盘
667,11:28:54,6.43,--,12,8101,卖盘
668,11:28:45,6.43,--,150,96450,卖盘
669,11:28:42,6.43,-0.01,1,643,卖盘
670,11:28:06,6.44,--,8,5152,卖盘
671,11:27:45,6.44,--,10,6440,卖盘
672,11:27:15,6.44,--,13,8372,买盘
673,11:26:45,6.44,0.01,37,23828,中性盘
674,11:26:18,6.43,--,5,3215,卖盘
675,11:26:06,6.43,--,23,14789,卖盘
676,11:25:51,6.43,-0.01,36,23148,卖盘
677,11:25:36,6.44,--,16,10304,买盘
678,11:25:03,6.44,--,1,644,买盘
679,11:24:48,6.44,0.01,20,12880,买盘
680,11:24:30,6.43,--,26,16975,卖盘
681,11:24:24,6.43,0.01,964,619852,买盘
682,11:24:12,6.42,--,20,12840,卖盘
683,11:24:09,6.42,-0.01,51,32742,卖盘
684,11:24:06,6.43,0.01,2,1286,买盘
685,11:23:24,6.42,--,8,5136,买盘
686,11:23:12,6.42,--,42,26964,卖盘
687,11:23:03,6.42,-0.01,37,23754,卖盘
688,11:22:57,6.43,--,9,5787,买盘
689,11:22:54,6.43,--,239,153677,卖盘
690,11:22:45,6.43,--,7,4501,卖盘
691,11:22:42,6.43,--,50,32150,卖盘
692,11:22:30,6.43,-0.01,38,24434,卖盘
693,11:22:21,6.44,-0.01,13,8372,卖盘
694,11:22:15,6.45,0.01,12,7740,买盘
695,11:22:09,6.44,--,50,32200,卖盘
696,11:21:21,6.44,--,73,47012,卖盘
697,11:21:15,6.44,--,17,10948,卖盘
698,11:21:12,6.44,--,16,10304,卖盘
699,11:21:09,6.44,--,20,12880,卖盘
700,11:21:03,6.44,-0.01,20,12880,卖盘
701,11:20:57,6.45,--,4,2580,买盘
702,11:20:48,6.45,--,55,35475,买盘
703,11:20:42,6.45,--,8,5160,买盘
704,11:20:06,6.45,0.01,8,5160,买盘
705,11:20:00,6.44,-0.01,128,82432,卖盘
706,11:19:39,6.45,--,5,3225,买盘
707,11:19:33,6.45,--,43,28373,卖盘
708,11:19:03,6.45,--,20,12900,卖盘
709,11:18:03,6.45,-0.01,50,32250,卖盘
710,11:17:54,6.46,0.01,3,1938,买盘
711,11:17:51,6.45,--,12,7740,卖盘
712,11:16:54,6.45,-0.01,3,1935,卖盘
713,11:16:27,6.46,0.01,2,1292,买盘
714,11:15:39,6.45,-0.01,58,37416,卖盘
715,11:15:03,6.46,--,5,3230,买盘
716,11:14:54,6.46,--,206,133076,卖盘
717,11:14:00,6.46,0.01,40,25840,买盘
718,11:13:06,6.45,--,1,645,卖盘
719,11:11:57,6.45,--,14,9030,买盘
720,11:11:30,6.45,--,3,1935,买盘
721,11:11:15,6.45,--,10,6450,买盘
722,11:11:09,6.45,--,1,645,买盘
723,11:11:03,6.45,0.01,11,7095,买盘
724,11:10:45,6.44,-0.01,5,3220,中性盘
725,11:10:24,6.45,0.01,20,12900,买盘
726,11:10:21,6.44,--,20,12880,买盘
727,11:10:15,6.44,--,97,62468,卖盘
728,11:10:00,6.44,--,64,41216,卖盘
729,11:09:54,6.44,-0.01,1,644,卖盘
730,11:09:36,6.45,0.01,2,1290,买盘
731,11:09:27,6.44,-0.01,11,7084,卖盘
732,11:09:24,6.45,--,9,5805,买盘
733,11:09:12,6.45,--,14,9030,买盘
734,11:09:03,6.45,0.01,53,34185,买盘
735,11:08:57,6.44,--,89,57316,卖盘
736,11:08:21,6.44,--,92,59248,卖盘
737,11:08:18,6.44,--,100,64400,卖盘
738,11:08:12,6.44,--,200,128800,卖盘
739,11:08:09,6.44,--,19,12236,卖盘
740,11:08:06,6.44,--,19,12236,卖盘
741,11:08:00,6.44,--,19,12236,卖盘
742,11:07:54,6.44,--,19,12236,卖盘
743,11:07:51,6.44,--,9,5796,卖盘
744,11:07:48,6.44,-0.01,150,96600,卖盘
745,11:07:27,6.45,--,20,12900,买盘
746,11:07:18,6.45,--,3,1935,买盘
747,11:07:09,6.45,--,181,116745,买盘
748,11:07:03,6.45,--,16,10320,买盘
749,11:06:51,6.45,-0.01,725,467625,卖盘
750,11:06:48,6.46,-0.01,1,646,卖盘
751,11:06:39,6.47,--,50,32350,买盘
752,11:05:42,6.47,--,3,1941,买盘
753,11:04:42,6.47,0.01,15,9705,买盘
754,11:04:39,6.46,-0.01,30,19380,卖盘
755,11:04:30,6.47,0.01,9,5823,买盘
756,11:04:27,6.46,-0.01,62,40052,卖盘
757,11:04:18,6.47,-0.01,190,122930,卖盘
758,11:03:45,6.48,--,1,1289,卖盘
759,11:02:33,6.48,--,18,11670,买盘
760,11:02:30,6.48,--,1,1289,卖盘
761,11:02:27,6.48,--,166,107568,卖盘
762,11:02:21,6.48,-0.01,57,36942,卖盘
763,11:02:06,6.49,--,31,20119,买盘
764,11:01:48,6.49,--,1,649,卖盘
765,11:01:03,6.49,--,69,44781,卖盘
766,11:00:48,6.49,--,8,5192,卖盘
767,10:59:54,6.49,-0.01,40,25960,卖盘
768,10:59:27,6.5,0.01,5,3250,买盘
769,10:59:12,6.49,--,19,12331,卖盘
770,10:58:54,6.49,-0.01,19,12331,卖盘
771,10:58:48,6.5,--,11,7150,卖盘
772,10:58:18,6.5,--,20,13000,卖盘
773,10:58:09,6.5,--,37,24050,卖盘
774,10:58:00,6.5,-0.01,100,65000,卖盘
775,10:57:48,6.51,0.01,5,3255,买盘
776,10:57:24,6.5,-0.01,79,51350,卖盘
777,10:57:06,6.51,--,13,8983,卖盘
778,10:57:00,6.51,--,4,2734,买盘
779,10:56:30,6.51,-0.01,8,5728,卖盘
780,10:55:57,6.52,0.01,51,33252,买盘
781,10:55:54,6.51,--,0,130,卖盘
782,10:55:36,6.51,--,11,7161,买盘
783,10:55:33,6.51,0.02,37,24087,买盘
784,10:55:03,6.49,-0.02,138,89562,卖盘
785,10:54:48,6.51,0.01,50,32550,买盘
786,10:53:21,6.5,--,8,5200,买盘
787,10:52:39,6.5,0.01,5,3250,买盘
788,10:51:36,6.49,--,50,32450,卖盘
789,10:51:27,6.49,--,142,92158,卖盘
790,10:51:21,6.49,--,40,25960,卖盘
791,10:51:06,6.49,--,1,649,卖盘
792,10:51:03,6.49,--,46,29854,卖盘
793,10:50:54,6.49,--,8,5192,卖盘
794,10:50:24,6.49,-0.01,21,13629,卖盘
795,10:49:54,6.5,0.01,3,1950,中性盘
796,10:49:24,6.49,--,13,8437,卖盘
797,10:49:21,6.49,--,30,19470,卖盘
798,10:48:36,6.49,--,3,1947,卖盘
799,10:47:24,6.49,-0.01,34,22066,卖盘
800,10:46:30,6.5,--,2,1300,买盘
801,10:46:21,6.5,--,30,19500,卖盘
802,10:46:15,6.5,--,4,2600,卖盘
803,10:46:03,6.5,--,17,11050,买盘
804,10:45:39,6.5,--,20,13000,买盘
805,10:45:36,6.5,0.01,23,14950,买盘
806,10:45:27,6.49,-0.01,10,6490,卖盘
807,10:44:57,6.5,--,2,1300,买盘
808,10:44:42,6.5,--,21,13650,卖盘
809,10:44:33,6.5,--,14,9100,买盘
810,10:44:24,6.5,--,30,19500,买盘
811,10:43:48,6.5,--,2,1300,买盘
812,10:43:30,6.5,0.01,1,650,买盘
813,10:42:39,6.49,--,8,5192,卖盘
814,10:42:30,6.49,-0.01,4,2596,卖盘
815,10:42:27,6.5,0.01,4,2600,买盘
816,10:42:18,6.49,--,23,14927,卖盘
817,10:42:15,6.49,-0.01,16,10384,卖盘
818,10:41:42,6.5,--,3,1950,买盘
819,10:41:30,6.5,--,5,3250,买盘
820,10:41:27,6.5,--,3,1950,买盘
821,10:40:54,6.5,--,1,650,买盘
822,10:40:51,6.5,0.01,10,6500,买盘
823,10:40:48,6.49,-0.01,7,4543,卖盘
824,10:40:39,6.5,0.01,10,6500,买盘
825,10:40:09,6.49,--,9,5841,买盘
826,10:39:36,6.49,--,10,6490,买盘
827,10:39:30,6.49,--,78,50622,卖盘
828,10:39:27,6.49,--,12,7788,卖盘
829,10:39:00,6.49,--,20,12980,卖盘
830,10:38:51,6.49,--,4,2596,卖盘
831,10:37:30,6.49,--,1,649,卖盘
832,10:36:57,6.49,-0.01,100,64900,卖盘
833,10:36:48,6.5,0.01,20,13000,买盘
834,10:36:30,6.49,-0.01,3,1947,卖盘
835,10:36:27,6.5,0.01,21,13650,买盘
836,10:35:33,6.49,-0.01,3,1947,卖盘
837,10:35:24,6.5,--,1,650,买盘
838,10:35:00,6.5,0.01,5,3250,买盘
839,10:34:57,6.49,-0.01,10,6490,卖盘
840,10:34:51,6.5,0.01,2,1300,买盘
841,10:34:30,6.49,--,3,1947,卖盘
842,10:34:24,6.49,--,30,19470,卖盘
843,10:34:03,6.49,-0.01,10,6490,卖盘
844,10:33:48,6.5,--,12,7800,买盘
845,10:33:45,6.5,--,2,1300,买盘
846,10:33:39,6.5,0.01,17,11050,买盘
847,10:33:30,6.49,-0.01,3,1947,卖盘
848,10:33:27,6.5,--,16,10400,买盘
849,10:33:21,6.5,--,9,5850,买盘
850,10:32:57,6.5,0.02,30,19500,买盘
851,10:32:30,6.48,--,3,1944,卖盘
852,10:32:24,6.48,--,30,19440,卖盘
853,10:31:48,6.48,-0.01,60,38880,卖盘
854,10:31:36,6.49,0.01,1,649,买盘
855,10:31:30,6.48,-0.01,49,31752,卖盘
856,10:31:15,6.49,--,1,649,买盘
857,10:31:03,6.49,-0.01,38,24662,卖盘
858,10:31:00,6.5,--,6,3900,卖盘
859,10:30:54,6.5,--,16,10400,买盘
860,10:30:39,6.5,--,4,2600,买盘
861,10:30:21,6.5,0.01,5,3250,买盘
862,10:30:00,6.49,--,1,649,买盘
863,10:29:36,6.49,0.01,4,2596,买盘
864,10:29:27,6.48,-0.01,11,7128,卖盘
865,10:29:00,6.49,--,16,10384,卖盘
866,10:28:57,6.49,--,25,16225,卖盘
867,10:28:54,6.49,--,5,3245,卖盘
868,10:28:39,6.49,-0.01,5,3245,卖盘
869,10:28:03,6.5,-0.01,1,650,中性盘
870,10:27:12,6.51,0.01,5,3255,买盘
871,10:26:42,6.5,--,30,19500,买盘
872,10:26:36,6.5,--,20,13000,卖盘
873,10:26:21,6.5,0.02,240,156000,买盘
874,10:26:18,6.48,--,33,21384,卖盘
875,10:26:03,6.48,-0.02,15,9720,卖盘
876,10:25:54,6.5,--,114,74100,买盘
877,10:25:36,6.5,--,43,27950,买盘
878,10:24:48,6.5,0.01,363,235950,买盘
879,10:24:45,6.49,--,12,7788,卖盘
880,10:24:39,6.49,0.01,4,2596,卖盘
881,10:24:12,6.48,-0.01,10,6480,中性盘
882,10:24:00,6.49,0.01,10,6490,买盘
883,10:23:27,6.48,-0.01,11,7128,买盘
884,10:23:21,6.49,--,39,25311,卖盘
885,10:23:18,6.49,0.03,200,129800,中性盘
886,10:23:06,6.46,-0.03,600,387600,卖盘
887,10:23:03,6.49,0.01,57,36993,买盘
888,10:22:54,6.48,--,15,9720,卖盘
889,10:22:48,6.48,--,15,9720,卖盘
890,10:22:30,6.48,-0.01,2,1296,卖盘
891,10:22:24,6.49,--,37,24013,买盘
892,10:22:09,6.49,0.02,20,12980,买盘
893,10:22:06,6.47,-0.02,16,10352,卖盘
894,10:22:00,6.49,--,3,1947,买盘
895,10:21:33,6.49,--,28,18172,买盘
896,10:20:54,6.49,0.02,8,5192,卖盘
897,10:20:45,6.47,-0.02,237,153339,卖盘
898,10:20:30,6.49,--,5,3245,卖盘
899,10:20:21,6.49,--,3,1947,买盘
900,10:19:57,6.49,-0.01,1,649,卖盘
901,10:19:54,6.5,0.01,10,6500,买盘
902,10:19:51,6.49,--,5,3245,卖盘
903,10:19:45,6.49,--,10,6490,卖盘
904,10:19:39,6.49,--,34,22066,买盘
905,10:19:36,6.49,0.01,20,12980,买盘
906,10:19:18,6.48,--,106,68688,买盘
907,10:19:06,6.48,0.01,2,1296,买盘
908,10:19:03,6.47,--,142,91874,卖盘
909,10:18:57,6.47,--,1,647,卖盘
910,10:17:54,6.47,--,17,10999,卖盘
911,10:17:45,6.47,--,100,64700,卖盘
912,10:17:30,6.47,--,30,19410,卖盘
913,10:17:12,6.47,0.01,90,58230,买盘
914,10:17:03,6.46,-0.01,79,51034,卖盘
915,10:17:00,6.47,--,19,12293,买盘
916,10:16:54,6.47,0.01,48,31056,买盘
917,10:16:39,6.46,0.02,42,27132,买盘
918,10:16:33,6.44,--,2,1288,买盘
919,10:16:27,6.44,-0.02,272,175168,卖盘
920,10:16:24,6.46,--,42,27132,卖盘
921,10:16:21,6.46,0.01,67,43282,买盘
922,10:16:18,6.45,-0.01,55,35475,卖盘
923,10:16:09,6.46,0.01,20,12920,买盘
924,10:16:00,6.45,--,5,3225,卖盘
925,10:15:54,6.45,-0.01,15,9675,卖盘
926,10:15:48,6.46,--,26,16796,卖盘
927,10:15:45,6.46,--,14,9044,卖盘
928,10:15:39,6.46,0.02,40,25840,中性盘
929,10:15:27,6.44,-0.03,95,61180,卖盘
930,10:15:21,6.47,--,5,3235,买盘
931,10:15:15,6.47,--,8,5176,买盘
932,10:14:48,6.47,-0.01,11,7117,卖盘
933,10:14:42,6.48,0.01,16,10368,买盘
934,10:14:39,6.47,--,5,3235,卖盘
935,10:14:36,6.47,-0.01,5,3235,卖盘
936,10:14:24,6.48,0.01,3,1944,买盘
937,10:14:15,6.47,0.01,20,12940,中性盘
938,10:14:06,6.46,--,5,3230,买盘
939,10:13:57,6.46,--,7,4522,买盘
940,10:13:48,6.46,--,3,1938,买盘
941,10:13:30,6.46,0.02,52,33592,买盘
942,10:13:12,6.44,--,1,644,卖盘
943,10:13:06,6.44,-0.02,5,3220,卖盘
944,10:13:03,6.46,0.01,123,79458,买盘
945,10:12:54,6.45,--,5,3225,买盘
946,10:12:51,6.45,0.01,4,2580,买盘
947,10:12:48,6.44,-0.01,1,644,卖盘
948,10:12:30,6.45,--,10,6450,买盘
949,10:12:24,6.45,--,76,49020,卖盘
950,10:12:12,6.45,--,100,64500,卖盘
951,10:12:09,6.45,--,83,53535,卖盘
952,10:12:06,6.45,--,39,25155,卖盘
953,10:12:03,6.45,--,100,64500,卖盘
954,10:11:57,6.45,-0.01,9,5805,卖盘
955,10:11:54,6.46,0.01,3,1938,买盘
956,10:11:51,6.45,--,200,129000,卖盘
957,10:11:45,6.45,-0.01,20,12900,卖盘
958,10:11:39,6.46,0.01,10,6460,买盘
959,10:11:33,6.45,--,20,12900,卖盘
960,10:11:27,6.45,-0.01,2,1290,卖盘
961,10:11:24,6.46,0.01,20,12920,中性盘
962,10:11:09,6.45,-0.02,721,465045,卖盘
963,10:11:03,6.47,-0.01,10,6470,卖盘
964,10:11:00,6.48,0.01,10,6480,买盘
965,10:10:48,6.47,--,19,12293,卖盘
966,10:10:45,6.47,-0.01,20,12940,卖盘
967,10:10:39,6.48,--,24,15552,卖盘
968,10:10:36,6.48,--,7,4536,卖盘
969,10:10:30,6.48,--,19,12312,卖盘
970,10:10:21,6.48,--,19,12312,卖盘
971,10:10:15,6.48,-0.03,20,12960,卖盘
972,10:09:51,6.51,0.03,5,3255,买盘
973,10:09:24,6.48,--,6,3888,卖盘
974,10:09:21,6.48,--,17,11016,买盘
975,10:08:51,6.48,0.01,10,6480,买盘
976,10:08:48,6.47,-0.01,100,64700,卖盘
977,10:08:45,6.48,--,2,1296,买盘
978,10:08:15,6.48,-0.01,274,177552,卖盘
979,10:08:06,6.49,-0.02,70,45430,卖盘
980,10:07:54,6.51,0.01,49,31899,买盘
981,10:07:45,6.5,--,35,22750,中性盘
982,10:07:00,6.5,0.01,1,650,卖盘
983,10:06:42,6.49,-0.02,30,19470,卖盘
984,10:06:36,6.51,0.01,3,1953,买盘
985,10:06:33,6.5,--,18,11700,买盘
986,10:06:24,6.5,-0.01,315,204750,卖盘
987,10:06:21,6.51,--,10,6510,买盘
988,10:05:42,6.51,--,85,55335,卖盘
989,10:05:36,6.51,-0.01,50,32550,卖盘
990,10:05:21,6.52,-0.01,2,1304,卖盘
991,10:05:15,6.53,0.01,5,3265,买盘
992,10:05:03,6.52,-0.01,33,21516,卖盘
993,10:05:00,6.53,--,18,11754,卖盘
994,10:04:48,6.53,-0.01,20,13060,卖盘
995,10:04:45,6.54,0.01,21,13734,买盘
996,10:04:39,6.53,-0.01,7,4571,卖盘
997,10:04:33,6.54,0.01,113,73902,买盘
998,10:04:12,6.53,--,21,13713,买盘
999,10:04:03,6.53,0.01,5,3265,买盘
1000,10:03:54,6.52,-0.01,37,24124,卖盘
1001,10:03:51,6.53,--,10,6530,买盘
1002,10:03:36,6.53,0.01,50,32650,买盘
1003,10:03:30,6.52,--,2,1304,卖盘
1004,10:03:24,6.52,-0.01,5,3260,卖盘
1005,10:03:03,6.53,0.02,34,22202,买盘
1006,10:02:06,6.51,--,247,161317,买盘
1007,10:01:45,6.51,-0.02,35,22915,卖盘
1008,10:01:39,6.53,0.02,369,241479,买盘
1009,10:01:15,6.51,--,15,9765,买盘
1010,10:01:09,6.51,--,10,6510,买盘
1011,10:00:51,6.51,--,93,60543,买盘
1012,10:00:42,6.51,--,5,3255,买盘
1013,10:00:27,6.51,0.01,5,3255,买盘
1014,10:00:03,6.5,--,1,650,卖盘
1015,10:00:00,6.5,--,24,15990,买盘
1016,09:59:45,6.5,0.01,5,3250,买盘
1017,09:59:39,6.49,--,19,12331,卖盘
1018,09:59:27,6.49,-0.01,21,13629,卖盘
1019,09:59:18,6.5,--,55,35750,买盘
1020,09:59:03,6.5,--,100,65000,买盘
1021,09:59:00,6.5,--,20,13000,买盘
1022,09:58:54,6.5,0.01,20,13000,买盘
1023,09:58:39,6.49,--,50,32450,卖盘
1024,09:58:18,6.49,0.01,34,22066,买盘
1025,09:58:09,6.48,0.01,3,1944,中性盘
1026,09:58:03,6.47,--,22,14234,卖盘
1027,09:58:00,6.47,-0.03,5,3235,卖盘
1028,09:57:48,6.5,0.03,55,35750,买盘
1029,09:57:27,6.47,--,20,12940,卖盘
1030,09:57:15,6.47,--,11,7117,卖盘
1031,09:57:09,6.47,--,54,34938,卖盘
1032,09:56:42,6.47,--,7,4529,卖盘
1033,09:56:30,6.47,--,4,2588,卖盘
1034,09:56:24,6.47,-0.03,1,647,卖盘
1035,09:56:18,6.5,0.03,50,32500,买盘
1036,09:56:12,6.47,-0.03,94,60818,卖盘
1037,09:55:54,6.5,0.01,55,35750,买盘
1038,09:55:33,6.49,0.02,50,32450,买盘
1039,09:55:24,6.47,-0.01,20,12940,卖盘
1040,09:55:21,6.48,--,37,23976,买盘
1041,09:54:57,6.48,--,25,16200,卖盘
1042,09:54:54,6.48,-0.01,20,12960,中性盘
1043,09:54:42,6.49,0.01,50,32450,买盘
1044,09:54:27,6.48,--,11,7128,卖盘
1045,09:54:21,6.48,--,200,129600,卖盘
1046,09:54:12,6.48,--,22,14256,卖盘
1047,09:54:09,6.48,--,20,12960,卖盘
1048,09:54:03,6.48,-0.01,19,12312,卖盘
1049,09:54:00,6.49,--,61,39848,卖盘
1050,09:53:54,6.49,-0.01,17,11033,卖盘
1051,09:53:51,6.5,0.01,10,6500,买盘
1052,09:53:48,6.49,-0.01,86,55814,卖盘
1053,09:53:36,6.5,--,40,26000,买盘
1054,09:53:33,6.5,0.01,20,13000,买盘
1055,09:53:30,6.49,-0.01,63,40887,卖盘
1056,09:53:24,6.5,-0.01,60,39000,卖盘
1057,09:53:03,6.51,0.01,3,1953,买盘
1058,09:52:51,6.5,--,1,650,卖盘
1059,09:52:42,6.5,-0.01,28,18200,中性盘
1060,09:52:30,6.51,0.01,40,26040,买盘
1061,09:52:24,6.5,--,10,6500,买盘
1062,09:52:21,6.5,--,50,32500,买盘
1063,09:52:15,6.5,0.01,22,14300,中性盘
1064,09:52:03,6.49,--,53,34397,卖盘
1065,09:52:00,6.49,-0.01,65,42185,卖盘
1066,09:51:57,6.5,--,33,21450,卖盘
1067,09:51:51,6.5,--,38,24700,卖盘
1068,09:51:36,6.5,--,18,11700,卖盘
1069,09:51:30,6.5,-0.01,61,39650,卖盘
1070,09:51:21,6.51,0.01,32,20832,买盘
1071,09:51:18,6.5,--,2,1300,卖盘
1072,09:51:03,6.5,--,23,14950,卖盘
1073,09:50:54,6.5,--,35,23140,买盘
1074,09:50:51,6.5,--,50,32500,买盘
1075,09:50:48,6.5,0.01,19,12350,买盘
1076,09:50:45,6.49,-0.01,9,5841,卖盘
1077,09:50:42,6.5,--,2,1300,买盘
1078,09:50:33,6.5,--,23,14950,买盘
1079,09:50:15,6.5,--,60,39000,买盘
1080,09:50:12,6.5,0.01,21,13650,买盘
1081,09:50:06,6.49,--,54,35046,卖盘
1082,09:50:00,6.49,--,68,44132,买盘
1083,09:49:45,6.49,0.01,2,1298,买盘
1084,09:49:39,6.48,-0.02,140,90720,卖盘
1085,09:49:36,6.5,--,1,650,买盘
1086,09:49:18,6.5,-0.01,167,108550,卖盘
1087,09:49:15,6.51,--,225,146475,买盘
1088,09:49:09,6.51,--,27,17577,买盘
1089,09:49:06,6.51,--,92,59892,买盘
1090,09:48:57,6.51,0.01,10,6510,买盘
1091,09:48:48,6.5,--,10,6500,卖盘
1092,09:48:42,6.5,-0.01,35,22750,卖盘
1093,09:48:36,6.51,--,27,17707,卖盘
1094,09:48:30,6.51,--,11,7161,卖盘
1095,09:48:21,6.51,--,25,16275,卖盘
1096,09:48:15,6.51,0.01,10,7030,买盘
1097,09:48:12,6.5,--,30,19500,卖盘
1098,09:48:09,6.5,--,24,15600,卖盘
1099,09:48:00,6.5,-0.01,30,19500,卖盘
1100,09:47:51,6.51,--,216,140616,买盘
1101,09:47:45,6.51,--,7,4557,买盘
1102,09:47:39,6.51,--,92,59892,买盘
1103,09:47:27,6.51,--,12,7942,卖盘
1104,09:47:21,6.51,--,50,32550,卖盘
1105,09:47:18,6.51,-0.01,200,130200,卖盘
1106,09:47:15,6.52,--,96,62591,卖盘
1107,09:47:09,6.52,--,20,13040,卖盘
1108,09:47:06,6.52,--,1,652,卖盘
1109,09:46:54,6.52,--,65,42380,买盘
1110,09:46:48,6.52,0.01,3,1955,买盘
1111,09:46:45,6.51,-0.01,30,19530,卖盘
1112,09:46:42,6.52,0.01,1,652,买盘
1113,09:46:30,6.51,-0.01,20,13020,卖盘
1114,09:46:21,6.52,0.01,18,11736,买盘
1115,09:46:18,6.51,--,4,2604,卖盘
1116,09:46:09,6.51,-0.01,23,14973,卖盘
1117,09:46:06,6.52,--,3,1955,买盘
1118,09:46:03,6.52,0.01,10,6520,买盘
1119,09:46:00,6.51,--,40,26040,卖盘
1120,09:45:57,6.51,--,20,13020,卖盘
1121,09:45:45,6.51,-0.01,2,1302,卖盘
1122,09:45:33,6.52,0.01,42,27384,买盘
1123,09:45:27,6.51,--,31,20181,卖盘
1124,09:45:24,6.51,--,11,7161,卖盘
1125,09:45:12,6.51,-0.01,7,5077,卖盘
1126,09:45:06,6.52,--,1,652,买盘
1127,09:45:03,6.52,0.01,50,32599,买盘
1128,09:45:00,6.51,--,11,7161,卖盘
1129,09:44:45,6.51,0.01,109,70959,买盘
1130,09:44:42,6.5,-0.01,7,4550,卖盘
1131,09:44:39,6.51,--,24,15624,买盘
1132,09:44:36,6.51,--,5,3255,买盘
1133,09:44:27,6.51,--,187,121737,卖盘
1134,09:44:24,6.51,--,28,18228,卖盘
1135,09:44:15,6.51,--,90,58590,卖盘
1136,09:44:09,6.51,--,14,9114,买盘
1137,09:44:03,6.51,--,10,6510,买盘
1138,09:43:57,6.51,--,2,1302,买盘
1139,09:43:54,6.51,0.01,13,8463,买盘
1140,09:43:51,6.5,--,7,4550,卖盘
1141,09:43:39,6.5,0.01,116,75400,买盘
1142,09:43:33,6.49,--,5,3245,卖盘
1143,09:43:27,6.49,--,17,11033,买盘
1144,09:43:24,6.49,--,81,52569,买盘
1145,09:43:18,6.49,--,5,3245,买盘
1146,09:43:09,6.49,--,5,3245,买盘
1147,09:43:03,6.49,0.01,2,1298,买盘
1148,09:43:00,6.48,--,10,6480,买盘
1149,09:42:57,6.48,--,21,13608,卖盘
1150,09:42:54,6.48,-0.01,81,52488,卖盘
1151,09:42:48,6.49,0.01,10,6490,中性盘
1152,09:42:33,6.48,-0.01,172,111456,卖盘
1153,09:42:21,6.49,-0.01,20,12980,卖盘
1154,09:42:18,6.5,0.01,3,1950,中性盘
1155,09:42:12,6.49,-0.01,80,51920,卖盘
1156,09:42:06,6.5,0.02,45,29250,买盘
1157,09:42:03,6.48,-0.01,13,8424,卖盘
1158,09:41:57,6.49,0.01,10,6490,买盘
1159,09:41:54,6.48,--,11,7128,卖盘
1160,09:41:51,6.48,-0.02,20,12960,卖盘
1161,09:41:45,6.5,0.01,40,26000,卖盘
1162,09:41:42,6.49,-0.01,3,1947,买盘
1163,09:41:39,6.5,0.01,3,1950,卖盘
1164,09:41:36,6.49,--,7,4543,买盘
1165,09:41:33,6.49,--,13,8437,卖盘
1166,09:41:27,6.49,--,11,7139,卖盘
1167,09:41:24,6.49,--,20,12980,卖盘
1168,09:41:21,6.49,--,18,11682,卖盘
1169,09:41:15,6.49,0.01,13,8437,买盘
1170,09:41:09,6.48,0.01,12,7776,中性盘
1171,09:41:06,6.47,--,11,7117,卖盘
1172,09:41:03,6.47,-0.01,40,25880,卖盘
1173,09:41:00,6.48,0.02,25,16200,买盘
1174,09:40:57,6.46,--,3,1938,卖盘
1175,09:40:54,6.46,-0.01,188,121448,卖盘
1176,09:40:51,6.47,--,2,1294,买盘
1177,09:40:48,6.47,--,1,647,买盘
1178,09:40:45,6.47,-0.01,12,7764,卖盘
1179,09:40:42,6.48,--,39,25272,买盘
1180,09:40:39,6.48,--,50,32400,买盘
1181,09:40:36,6.48,--,35,22680,买盘
1182,09:40:24,6.48,0.01,56,36288,买盘
1183,09:40:18,6.47,-0.01,10,6470,中性盘
1184,09:40:15,6.48,--,26,16848,买盘
1185,09:40:09,6.48,--,8,5184,买盘
1186,09:40:03,6.48,--,5,3240,买盘
1187,09:40:00,6.48,-0.02,477,309096,卖盘
1188,09:39:57,6.5,--,20,13000,卖盘
1189,09:39:54,6.5,-0.02,55,35750,中性盘
1190,09:39:51,6.52,0.04,28,18256,买盘
1191,09:39:48,6.48,--,30,19440,卖盘
1192,09:39:39,6.48,--,15,9720,卖盘
1193,09:39:33,6.48,--,10,6480,卖盘
1194,09:39:30,6.48,0.02,71,46008,买盘
1195,09:39:21,6.46,--,51,32946,买盘
1196,09:39:18,6.46,-0.01,25,16150,卖盘
1197,09:39:15,6.47,0.02,189,122283,买盘
1198,09:39:09,6.45,-0.02,105,67725,卖盘
1199,09:39:06,6.47,0.02,6,3882,中性盘
1200,09:39:00,6.45,-0.03,30,19350,卖盘
1201,09:38:57,6.48,--,210,136080,买盘
1202,09:38:54,6.48,0.02,298,193104,买盘
1203,09:38:51,6.46,--,4,2584,卖盘
1204,09:38:48,6.46,0.01,23,14858,中性盘
1205,09:38:42,6.45,-0.01,20,12900,卖盘
1206,09:38:36,6.46,-0.02,38,24548,卖盘
1207,09:38:33,6.48,--,20,12960,买盘
1208,09:38:30,6.48,--,10,6480,买盘
1209,09:38:24,6.48,--,16,10368,买盘
1210,09:38:21,6.48,-0.05,623,403704,卖盘
1211,09:38:15,6.53,--,2,1306,卖盘
1212,09:38:12,6.53,--,30,19590,卖盘
1213,09:38:09,6.53,--,4,2612,卖盘
1214,09:38:06,6.53,-0.02,46,30038,卖盘
1215,09:37:54,6.55,-0.02,348,227940,卖盘
1216,09:37:48,6.57,--,89,58473,卖盘
1217,09:37:42,6.57,-0.01,50,32850,卖盘
1218,09:37:39,6.58,0.01,80,52640,买盘
1219,09:37:36,6.57,--,39,25623,卖盘
1220,09:37:24,6.57,--,16,10512,卖盘
1221,09:37:21,6.57,--,10,6570,卖盘
1222,09:37:18,6.57,--,70,45990,卖盘
1223,09:37:12,6.57,--,15,9855,卖盘
1224,09:37:09,6.57,0.02,1,657,卖盘
1225,09:37:03,6.55,-0.04,20,13100,卖盘
1226,09:36:57,6.59,0.03,219,144321,买盘
1227,09:36:54,6.56,--,15,9840,买盘
1228,09:36:51,6.56,-0.02,295,193520,卖盘
1229,09:36:48,6.58,--,10,6580,卖盘
1230,09:36:45,6.58,--,21,13818,卖盘
1231,09:36:42,6.58,--,14,9212,卖盘
1232,09:36:36,6.58,--,2,1316,卖盘
1233,09:36:33,6.58,--,18,11844,卖盘
1234,09:36:30,6.58,--,11,7238,卖盘
1235,09:36:24,6.58,-0.01,10,6580,卖盘
1236,09:36:21,6.59,-0.01,4,2636,卖盘
1237,09:36:09,6.6,0.01,69,45540,买盘
1238,09:36:06,6.59,-0.01,38,25042,卖盘
1239,09:35:45,6.6,-0.01,84,55440,卖盘
1240,09:35:42,6.61,--,20,13220,卖盘
1241,09:35:39,6.61,--,89,58829,卖盘
1242,09:35:33,6.61,--,9,5949,卖盘
1243,09:35:30,6.61,0.02,103,68083,买盘
1244,09:35:27,6.59,-0.01,179,117961,卖盘
1245,09:35:18,6.6,--,30,19800,卖盘
1246,09:35:15,6.6,-0.01,15,9900,卖盘
1247,09:35:06,6.61,--,7,4627,卖盘
1248,09:35:03,6.61,--,127,83947,卖盘
1249,09:35:00,6.61,-0.01,2,1322,卖盘
1250,09:34:51,6.62,0.01,8,5296,买盘
1251,09:34:48,6.61,-0.01,10,6610,卖盘
1252,09:34:45,6.62,--,2,1324,买盘
1253,09:34:42,6.62,0.01,5,3310,买盘
1254,09:34:39,6.61,--,1,661,卖盘
1255,09:34:36,6.61,--,8,5288,卖盘
1256,09:34:27,6.61,-0.03,7,4627,卖盘
1257,09:34:18,6.64,0.01,61,40504,买盘
1258,09:34:15,6.63,0.03,11,7293,中性盘
1259,09:34:06,6.6,--,52,34320,卖盘
1260,09:34:03,6.6,-0.03,2,1320,卖盘
1261,09:33:54,6.63,0.03,17,11271,买盘
1262,09:33:51,6.6,--,20,13200,卖盘
1263,09:33:36,6.6,0.02,15,9900,买盘
1264,09:33:30,6.58,--,19,12502,卖盘
1265,09:33:18,6.58,--,34,22372,买盘
1266,09:33:15,6.58,--,101,66458,买盘
1267,09:33:12,6.58,0.02,1,658,买盘
1268,09:33:06,6.56,-0.02,1,656,中性盘
1269,09:32:51,6.58,--,33,21714,买盘
1270,09:32:48,6.58,--,45,29610,买盘
1271,09:32:45,6.58,--,10,6580,买盘
1272,09:32:42,6.58,--,5,3290,买盘
1273,09:32:39,6.58,0.04,11,7238,买盘
1274,09:32:30,6.54,-0.02,108,70632,卖盘
1275,09:32:27,6.56,0.01,2,1312,中性盘
1276,09:32:09,6.55,-0.03,61,39955,卖盘
1277,09:32:00,6.58,--,3,1974,卖盘
1278,09:31:54,6.58,0.03,2,1316,买盘
1279,09:31:51,6.55,--,14,9170,卖盘
1280,09:31:48,6.55,--,83,54365,卖盘
1281,09:31:45,6.55,--,79,51745,卖盘
1282,09:31:36,6.55,--,1,655,卖盘
1283,09:31:33,6.55,0.01,446,292130,买盘
1284,09:31:30,6.54,0.01,11,7194,买盘
1285,09:31:21,6.53,-0.01,31,20243,卖盘
1286,09:31:18,6.54,-0.01,29,18966,卖盘
1287,09:31:09,6.55,-0.02,15,9825,卖盘
1288,09:31:06,6.57,--,8,5256,卖盘
1289,09:31:03,6.57,--,10,6570,卖盘
1290,09:31:00,6.57,--,3,1971,买盘
1291,09:30:54,6.57,0.02,52,34164,买盘
1292,09:30:48,6.55,-0.02,43,28165,卖盘
1293,09:30:45,6.57,-0.02,72,47304,卖盘
1294,09:30:39,6.59,0.01,4,2636,买盘
1295,09:30:36,6.58,--,6,3948,卖盘
1296,09:30:33,6.58,-0.01,86,56588,卖盘
1297,09:30:21,6.59,-0.02,77,50743,卖盘
1298,09:30:12,6.61,0.02,9,5949,买盘
1299,09:30:09,6.59,--,20,13180,卖盘
1300,09:30:06,6.59,-0.07,409,269531,卖盘
1301,09:30:03,6.66,-0.01,182,121212,卖盘
1302,09:30:00,6.67,--,0,0,买盘
1303,09:25:03,6.67,6.67,227,151409,买盘
