,time,price,change,volume,amount,type
0,15:00:03,40.21,-0.03,253,1017313,卖盘
1,14:57:00,40.24,0.02,10,40240,买盘
2,14:56:57,40.22,-0.01,1,4022,卖盘
3,14:56:54,40.23,--,1,4022,买盘
4,14:56:51,40.23,-0.01,2,8045,买盘
5,14:56:48,40.24,0.02,4,16096,买盘
6,14:56:45,40.22,-0.02,8,32176,卖盘
7,14:56:39,40.24,0.04,9,36216,买盘
8,14:56:33,40.2,--,1,4020,卖盘
9,14:56:30,40.2,-0.04,34,136680,卖盘
10,14:56:27,40.24,0.04,47,189128,买盘
11,14:56:21,40.2,-0.02,5,20100,卖盘
12,14:56:18,40.22,0.01,10,40220,买盘
13,14:56:15,40.21,--,10,40210,买盘
14,14:56:12,40.21,0.01,11,44231,买盘
15,14:56:06,40.2,--,30,120600,卖盘
16,14:56:03,40.2,-0.01,5,20100,卖盘
17,14:56:00,40.21,--,20,80420,买盘
18,14:55:54,40.21,--,6,24126,买盘
19,14:55:48,40.21,--,1,4021,买盘
20,14:55:45,40.21,-0.02,11,44231,卖盘
21,14:55:39,40.23,0.01,1,4022,买盘
22,14:55:33,40.22,--,25,100550,卖盘
23,14:55:30,40.22,-0.02,2,8044,卖盘
24,14:55:27,40.24,0.03,1,4024,买盘
25,14:55:24,40.21,--,1,4021,卖盘
26,14:55:21,40.21,-0.03,30,120630,卖盘
27,14:55:18,40.24,-0.01,2,8048,中性盘
28,14:55:03,40.25,0.03,2,8050,买盘
29,14:55:00,40.22,--,16,64352,买盘
30,14:54:54,40.22,--,3,12066,买盘
31,14:54:45,40.22,-0.03,9,36198,卖盘
32,14:54:39,40.25,--,14,56350,买盘
33,14:54:36,40.25,0.04,1,4025,买盘
34,14:54:30,40.21,-0.03,9,36189,卖盘
35,14:54:27,40.24,-0.01,3,12072,中性盘
36,14:54:15,40.25,-0.02,21,84525,中性盘
37,14:54:00,40.27,--,6,24162,买盘
38,14:53:57,40.27,--,6,24162,买盘
39,14:53:54,40.27,--,3,12081,买盘
40,14:53:51,40.27,--,12,48324,卖盘
41,14:53:45,40.27,-0.01,4,16108,卖盘
42,14:53:36,40.28,-0.03,15,60420,卖盘
43,14:53:30,40.31,--,10,40310,买盘
44,14:53:27,40.31,--,2,8062,买盘
45,14:53:24,40.31,0.04,2,8062,买盘
46,14:53:18,40.27,--,12,48324,卖盘
47,14:53:15,40.27,-0.03,12,48324,卖盘
48,14:53:09,40.3,0.03,4,16119,中性盘
49,14:53:03,40.27,0.02,18,72486,买盘
50,14:53:00,40.25,-0.02,3,12075,卖盘
51,14:52:57,40.27,0.07,8,32216,买盘
52,14:52:51,40.2,-0.07,3,12060,卖盘
53,14:52:48,40.27,--,2,8054,买盘
54,14:52:36,40.27,0.07,7,28189,买盘
55,14:52:33,40.2,0.1,3,12060,买盘
56,14:52:18,40.1,--,6,24340,买盘
57,14:52:12,40.1,0.02,22,88220,买盘
58,14:52:09,40.08,0.02,5,20040,买盘
59,14:51:57,40.06,--,2,8012,卖盘
60,14:51:54,40.06,-0.02,9,36054,卖盘
61,14:51:51,40.08,0.02,11,44088,买盘
62,14:51:42,40.06,-0.02,2,8012,卖盘
63,14:51:39,40.08,0.19,12,48376,买盘
64,14:51:36,39.89,--,7,27923,卖盘
65,14:51:24,39.89,0.01,7,27923,卖盘
66,14:51:18,39.88,-0.12,3,11964,中性盘
67,14:51:15,40.0,0.14,205,820000,买盘
68,14:51:12,39.86,0.01,22,87692,买盘
69,14:51:06,39.85,-0.01,1,3985,卖盘
70,14:51:03,39.86,0.01,1,3986,买盘
71,14:51:00,39.85,0.04,3,11955,买盘
72,14:50:57,39.81,0.01,2,7962,中性盘
73,14:50:54,39.8,-0.01,20,79600,卖盘
74,14:50:51,39.81,0.01,4,15924,买盘
75,14:50:45,39.8,0.01,7,27859,卖盘
76,14:50:42,39.79,0.02,34,135286,买盘
77,14:50:36,39.77,0.06,1,3977,买盘
78,14:50:33,39.71,-0.07,8,31768,卖盘
79,14:50:30,39.78,--,22,87516,买盘
80,14:50:27,39.78,0.07,1,3978,买盘
81,14:50:24,39.71,--,22,87362,卖盘
82,14:50:21,39.71,-0.07,29,115159,卖盘
83,14:50:18,39.78,0.06,2,7956,买盘
84,14:50:15,39.72,--,24,95328,买盘
85,14:50:12,39.72,--,47,186684,买盘
86,14:50:09,39.72,-0.03,65,258180,卖盘
87,14:50:06,39.75,--,8,31800,买盘
88,14:50:00,39.75,-0.04,7,27825,卖盘
89,14:49:57,39.79,--,31,123349,买盘
90,14:49:54,39.79,0.01,6,23874,买盘
91,14:49:51,39.78,-0.01,7,27846,买盘
92,14:49:48,39.79,--,5,19895,买盘
93,14:49:45,39.79,0.04,5,19895,买盘
94,14:49:42,39.75,-0.04,3,11925,中性盘
95,14:49:36,39.79,--,7,27853,买盘
96,14:49:33,39.79,-0.01,15,59685,买盘
97,14:49:24,39.8,--,1,3979,买盘
98,14:49:21,39.8,0.05,2,7959,买盘
99,14:49:18,39.75,0.03,3,11925,中性盘
100,14:49:15,39.72,-0.08,19,75468,卖盘
101,14:49:09,39.8,--,12,47760,买盘
102,14:49:06,39.8,--,3,11940,买盘
103,14:49:03,39.8,--,6,23880,买盘
104,14:49:00,39.8,--,5,19900,买盘
105,14:48:57,39.8,0.09,11,43780,买盘
106,14:48:54,39.71,-0.09,1,3971,卖盘
107,14:48:51,39.8,--,1,3979,买盘
108,14:48:48,39.8,-0.01,3,11940,卖盘
109,14:48:45,39.81,0.01,106,421986,买盘
110,14:48:42,39.8,-0.01,17,67660,卖盘
111,14:48:39,39.81,--,15,59715,买盘
112,14:48:36,39.81,0.01,2,7962,买盘
113,14:48:33,39.8,-0.05,15,59699,卖盘
114,14:48:21,39.85,-0.03,11,43835,卖盘
115,14:48:18,39.88,--,2,7976,买盘
116,14:48:12,39.88,--,2,7976,买盘
117,14:48:09,39.88,-0.02,15,59820,卖盘
118,14:48:06,39.9,0.01,20,79800,买盘
119,14:48:03,39.89,--,1,3989,卖盘
120,14:48:00,39.89,--,1,3989,卖盘
121,14:47:57,39.89,-0.01,2,7978,卖盘
122,14:47:51,39.9,--,10,39900,买盘
123,14:47:45,39.9,-0.05,6,23940,卖盘
124,14:47:36,39.95,--,6,23970,卖盘
125,14:47:33,39.95,-0.02,17,67915,卖盘
126,14:47:30,39.97,-0.01,4,15988,卖盘
127,14:47:27,39.98,--,1,3997,买盘
128,14:47:24,39.98,--,2,7995,卖盘
129,14:47:21,39.98,-0.02,6,23987,卖盘
130,14:47:12,40.0,-0.01,206,827720,卖盘
131,14:47:09,40.01,0.01,3,12003,买盘
132,14:47:06,40.0,-0.01,4,16000,卖盘
133,14:47:03,40.01,--,6,24006,卖盘
134,14:47:00,40.01,0.01,4,16004,中性盘
135,14:46:51,40.0,-0.02,13,52000,卖盘
136,14:46:48,40.02,-0.05,48,192096,卖盘
137,14:46:45,40.07,0.05,4,16028,中性盘
138,14:46:42,40.02,0.01,2,8004,中性盘
139,14:46:36,40.01,--,31,124031,卖盘
140,14:46:33,40.01,--,1,4001,卖盘
141,14:46:30,40.01,--,1,4001,卖盘
142,14:46:27,40.01,--,1,4001,卖盘
143,14:46:24,40.01,--,1,4001,卖盘
144,14:46:21,40.01,--,1,4001,卖盘
145,14:46:18,40.01,--,10,40010,卖盘
146,14:46:15,40.01,-0.07,4,16004,卖盘
147,14:46:12,40.08,0.07,21,84168,买盘
148,14:46:09,40.01,--,2,8002,卖盘
149,14:45:57,40.01,-0.07,126,504126,卖盘
150,14:45:54,40.08,0.03,1,4008,买盘
151,14:45:45,40.05,-0.03,15,60074,卖盘
152,14:45:39,40.08,--,3,12024,买盘
153,14:45:30,40.08,0.03,1,4008,买盘
154,14:45:24,40.05,--,1,4004,卖盘
155,14:45:15,40.05,--,25,100125,卖盘
156,14:45:03,40.05,-0.03,5,20025,卖盘
157,14:44:57,40.08,0.02,2,8016,买盘
158,14:44:54,40.06,0.01,1,4006,中性盘
159,14:44:24,40.05,--,1,4004,卖盘
160,14:44:21,40.05,0.01,33,136129,买盘
161,14:44:09,40.04,--,5,20020,卖盘
162,14:44:06,40.04,-0.01,40,160160,卖盘
163,14:44:03,40.05,--,190,761430,买盘
164,14:43:48,40.05,-0.03,37,148185,卖盘
165,14:43:36,40.08,0.03,20,80160,买盘
166,14:43:33,40.05,--,2,8009,卖盘
167,14:43:30,40.05,-0.04,21,84105,卖盘
168,14:43:24,40.09,--,1,4009,买盘
169,14:43:15,40.09,0.05,50,200450,买盘
170,14:43:09,40.04,--,15,60620,卖盘
171,14:43:06,40.04,-0.04,19,76076,卖盘
172,14:43:03,40.08,0.03,19,76512,买盘
173,14:43:00,40.05,--,1,4004,买盘
174,14:42:57,40.05,--,3,12015,买盘
175,14:42:54,40.05,--,1,4004,中性盘
176,14:42:48,40.05,-0.01,1,4004,中性盘
177,14:42:42,40.06,0.01,10,40060,买盘
178,14:42:39,40.05,--,11,44055,买盘
179,14:42:36,40.05,--,5,20025,中性盘
180,14:42:33,40.05,-0.04,3,12015,卖盘
181,14:42:30,40.09,0.04,11,44099,买盘
182,14:42:27,40.05,--,5,20025,卖盘
183,14:42:24,40.05,-0.04,15,60074,卖盘
184,14:42:21,40.09,0.03,3,12027,买盘
185,14:42:15,40.06,-0.04,11,44066,卖盘
186,14:42:09,40.1,0.04,1,4010,买盘
187,14:42:06,40.06,--,45,180270,卖盘
188,14:42:03,40.06,--,5,20030,卖盘
189,14:42:00,40.06,--,51,204306,卖盘
190,14:41:57,40.06,-0.04,2,8012,卖盘
191,14:41:45,40.1,--,1,4010,买盘
192,14:41:42,40.1,-0.01,3,12030,买盘
193,14:41:39,40.11,--,4,16044,买盘
194,14:41:36,40.11,0.07,3,12033,买盘
195,14:41:33,40.04,-0.06,177,710830,卖盘
196,14:41:30,40.1,--,2,8020,卖盘
197,14:41:24,40.1,--,7,28070,卖盘
198,14:41:21,40.1,--,24,98886,卖盘
199,14:41:18,40.1,0.06,52,210966,买盘
200,14:41:15,40.04,--,10,40040,卖盘
201,14:41:12,40.04,--,23,92092,卖盘
202,14:41:09,40.04,--,2,8008,卖盘
203,14:40:57,40.04,0.01,9,36036,卖盘
204,14:40:54,40.03,0.01,26,106639,买盘
205,14:40:51,40.02,-0.01,8,32016,中性盘
206,14:40:45,40.03,0.01,14,56042,中性盘
207,14:40:42,40.02,0.02,3,12006,中性盘
208,14:40:36,40.0,-0.02,69,278680,卖盘
209,14:40:33,40.02,0.01,27,109774,买盘
210,14:40:30,40.01,--,5,20005,买盘
211,14:40:24,40.01,--,14,58254,卖盘
212,14:40:21,40.01,--,1,4001,卖盘
213,14:40:15,40.01,--,4,16004,卖盘
214,14:40:12,40.01,--,1,6521,买盘
215,14:40:09,40.01,-0.01,16,64016,卖盘
216,14:40:06,40.02,0.01,6,24012,买盘
217,14:40:03,40.01,-0.03,25,100025,卖盘
218,14:39:57,40.04,0.03,28,112112,买盘
219,14:39:54,40.01,-0.01,29,116029,卖盘
220,14:39:48,40.02,-0.02,20,80040,卖盘
221,14:39:45,40.04,--,2,8008,买盘
222,14:39:42,40.04,0.01,1,4004,买盘
223,14:39:39,40.03,-0.07,21,84063,卖盘
224,14:39:33,40.1,-0.01,14,56140,卖盘
225,14:39:30,40.11,-0.03,2,9425,卖盘
226,14:39:18,40.14,-0.02,22,90917,中性盘
227,14:39:09,40.16,-0.02,10,40160,买盘
228,14:39:06,40.18,-0.02,8,32144,卖盘
229,14:39:03,40.2,-0.01,1,4020,卖盘
230,14:39:00,40.21,0.01,2,8042,中性盘
231,14:38:54,40.2,-0.03,26,104520,卖盘
232,14:38:48,40.23,--,3,12068,买盘
233,14:38:45,40.23,-0.05,5,20115,卖盘
234,14:38:42,40.28,-0.02,17,68476,卖盘
235,14:38:30,40.3,--,39,157170,卖盘
236,14:38:27,40.3,-0.01,18,72540,卖盘
237,14:38:18,40.31,--,18,75823,卖盘
238,14:38:09,40.31,-0.01,38,153178,卖盘
239,14:38:06,40.32,0.01,3,12096,买盘
240,14:38:03,40.31,-0.01,16,65261,卖盘
241,14:37:54,40.32,-0.03,141,571818,卖盘
242,14:37:45,40.35,-0.01,16,65044,卖盘
243,14:37:42,40.36,--,17,68612,买盘
244,14:37:39,40.36,--,1,4036,买盘
245,14:37:30,40.36,--,1,4036,买盘
246,14:37:27,40.36,-0.01,7,28252,卖盘
247,14:37:24,40.37,0.01,1,4036,买盘
248,14:37:18,40.36,-0.01,5,20180,卖盘
249,14:37:15,40.37,0.01,2,8073,中性盘
250,14:37:03,40.36,-0.02,2,8072,卖盘
251,14:37:00,40.38,0.02,3,12114,买盘
252,14:36:57,40.36,--,1,4036,卖盘
253,14:36:54,40.36,-0.02,3,12108,卖盘
254,14:36:51,40.38,--,6,24712,卖盘
255,14:36:48,40.38,--,2,8076,卖盘
256,14:36:30,40.38,--,6,27781,买盘
257,14:36:27,40.38,--,5,20190,买盘
258,14:36:24,40.38,--,3,12114,买盘
259,14:36:09,40.38,0.03,3,12114,买盘
260,14:36:06,40.35,-0.01,21,84735,卖盘
261,14:36:00,40.36,--,10,44032,卖盘
262,14:35:51,40.36,-0.01,1,4197,买盘
263,14:35:48,40.37,0.02,1,4036,买盘
264,14:35:45,40.35,-0.01,30,121050,卖盘
265,14:35:39,40.36,-0.01,4,16144,卖盘
266,14:35:33,40.37,-0.02,1,4036,卖盘
267,14:35:24,40.39,--,9,36351,买盘
268,14:35:12,40.39,-0.01,4,16156,卖盘
269,14:35:06,40.4,--,3,12120,买盘
270,14:35:00,40.4,--,1,4040,买盘
271,14:34:54,40.4,-0.01,8,32320,卖盘
272,14:34:45,40.41,--,6,24245,买盘
273,14:34:36,40.41,-0.04,7,28286,卖盘
274,14:34:27,40.45,-0.01,4,16180,卖盘
275,14:34:24,40.46,-0.01,2,8092,中性盘
276,14:34:12,40.47,-0.01,3,12141,中性盘
277,14:33:51,40.48,--,5,20240,买盘
278,14:33:42,40.48,-0.01,1,6598,卖盘
279,14:33:24,40.49,0.1,7,28343,中性盘
280,14:33:12,40.39,-0.11,16,66118,买盘
281,14:33:06,40.5,--,1,4050,买盘
282,14:33:03,40.5,--,15,60750,买盘
283,14:33:00,40.5,--,2,8100,买盘
284,14:32:57,40.5,0.1,201,814050,买盘
285,14:32:54,40.4,--,7,28280,买盘
286,14:32:51,40.4,--,32,129280,买盘
287,14:32:48,40.4,-0.09,34,138693,卖盘
288,14:32:45,40.49,0.01,9,36441,买盘
289,14:32:42,40.48,0.04,10,40480,买盘
290,14:32:39,40.44,-0.06,3,12132,卖盘
291,14:32:27,40.5,0.06,5,20250,买盘
292,14:32:18,40.44,0.04,2,8088,卖盘
293,14:32:15,40.4,0.06,143,578730,买盘
294,14:32:12,40.34,-0.01,16,66117,卖盘
295,14:32:03,40.35,--,2,8070,买盘
296,14:32:00,40.35,0.01,2,8070,买盘
297,14:31:54,40.34,--,15,61841,卖盘
298,14:31:48,40.34,--,2,11456,买盘
299,14:31:36,40.34,--,3,12102,买盘
300,14:31:33,40.34,-0.01,15,60510,卖盘
301,14:31:30,40.35,--,1,4035,买盘
302,14:31:24,40.35,-0.04,49,199409,卖盘
303,14:31:18,40.39,-0.01,11,44429,卖盘
304,14:31:09,40.4,--,1,4040,买盘
305,14:31:06,40.4,0.01,25,101000,买盘
306,14:31:00,40.39,-0.01,2,8078,卖盘
307,14:30:57,40.4,0.02,1,4040,买盘
308,14:30:51,40.38,0.03,0,1494,买盘
309,14:30:48,40.35,--,31,125085,卖盘
310,14:30:42,40.35,--,100,403500,卖盘
311,14:30:39,40.35,-0.03,14,57781,卖盘
312,14:30:36,40.38,0.03,73,298367,买盘
313,14:30:33,40.35,--,11,44385,买盘
314,14:30:30,40.35,-0.01,10,40793,卖盘
315,14:30:24,40.36,--,4,16144,卖盘
316,14:30:15,40.36,0.01,60,245752,买盘
317,14:30:12,40.35,--,2,8070,买盘
318,14:30:06,40.35,--,16,66698,买盘
319,14:30:03,40.35,--,4,16140,买盘
320,14:29:54,40.35,-0.01,12,48420,卖盘
321,14:29:48,40.36,-0.01,14,56504,中性盘
322,14:29:36,40.37,0.02,12,48444,买盘
323,14:29:30,40.35,--,11,44385,卖盘
324,14:29:27,40.35,-0.02,10,40350,卖盘
325,14:29:24,40.37,0.01,3,12111,买盘
326,14:29:15,40.36,--,36,145296,买盘
327,14:29:12,40.36,-0.01,12,48432,卖盘
328,14:29:06,40.37,--,1,4036,买盘
329,14:28:54,40.37,--,10,40370,卖盘
330,14:28:45,40.37,-0.01,1,4036,卖盘
331,14:28:42,40.38,0.01,2,8076,买盘
332,14:28:39,40.37,-0.03,13,52481,卖盘
333,14:28:36,40.4,--,1,4040,买盘
334,14:28:30,40.4,0.03,20,80800,买盘
335,14:28:24,40.37,-0.03,1,4036,卖盘
336,14:28:18,40.4,0.01,17,68680,买盘
337,14:28:15,40.39,--,14,56546,卖盘
338,14:28:12,40.39,-0.01,2,8078,卖盘
339,14:28:09,40.4,--,12,48601,卖盘
340,14:28:03,40.4,-0.01,5,20200,卖盘
341,14:27:57,40.41,--,13,52532,卖盘
342,14:27:54,40.41,-0.01,4,16163,卖盘
343,14:27:51,40.42,0.02,2,8084,买盘
344,14:27:42,40.4,-0.01,60,242400,卖盘
345,14:27:33,40.41,0.01,1,4040,中性盘
346,14:27:24,40.4,-0.01,15,61731,卖盘
347,14:27:21,40.41,-0.02,5,20205,中性盘
348,14:27:15,40.43,0.03,1,4043,买盘
349,14:27:00,40.4,-0.03,50,202000,卖盘
350,14:26:57,40.43,-0.04,13,52559,卖盘
351,14:26:51,40.47,-0.01,15,60705,中性盘
352,14:26:36,40.48,0.01,30,121439,买盘
353,14:26:27,40.47,--,7,28329,买盘
354,14:26:21,40.47,--,59,238773,买盘
355,14:26:09,40.47,--,9,36423,买盘
356,14:26:06,40.47,-0.02,33,134036,卖盘
357,14:25:57,40.49,-0.01,2,8098,中性盘
358,14:25:51,40.5,--,7,28350,买盘
359,14:25:48,40.5,--,1,4050,买盘
360,14:25:42,40.5,--,1,4050,买盘
361,14:25:39,40.5,0.01,28,113400,买盘
362,14:25:36,40.49,-0.01,2,8098,中性盘
363,14:25:24,40.5,0.01,10,40500,买盘
364,14:25:21,40.49,--,3,12147,买盘
365,14:25:18,40.49,-0.01,14,56686,中性盘
366,14:25:15,40.5,0.01,22,89100,买盘
367,14:25:12,40.49,-0.01,2,8098,卖盘
368,14:25:09,40.5,--,50,202500,买盘
369,14:25:03,40.5,0.01,30,121500,买盘
370,14:25:00,40.49,-0.01,16,66120,卖盘
371,14:24:57,40.5,0.01,4,16200,买盘
372,14:24:42,40.49,0.02,18,75270,买盘
373,14:24:39,40.47,-0.01,10,40470,卖盘
374,14:24:30,40.48,0.01,28,113343,买盘
375,14:24:24,40.47,--,17,72279,卖盘
376,14:24:12,40.47,0.01,13,53015,买盘
377,14:24:09,40.46,--,5,20230,买盘
378,14:24:06,40.46,-0.01,4,16184,卖盘
379,14:24:00,40.47,--,1,4047,买盘
380,14:23:54,40.47,0.02,5,20235,买盘
381,14:23:51,40.45,-0.02,10,40450,卖盘
382,14:23:45,40.47,-0.01,2,8094,中性盘
383,14:23:42,40.48,0.03,1,4047,买盘
384,14:23:36,40.45,-0.04,40,161800,卖盘
385,14:23:33,40.49,-0.01,3,12147,中性盘
386,14:23:24,40.5,0.03,2,8100,买盘
387,14:23:15,40.47,--,0,3156,买盘
388,14:23:12,40.47,-0.01,49,200366,卖盘
389,14:23:09,40.48,--,1,4047,买盘
390,14:23:06,40.48,--,28,113343,买盘
391,14:23:03,40.48,--,7,28335,买盘
392,14:23:00,40.48,--,2,8095,买盘
393,14:22:57,40.48,0.01,10,40480,买盘
394,14:22:54,40.47,-0.01,15,61595,卖盘
395,14:22:51,40.48,0.01,6,24287,买盘
396,14:22:48,40.47,--,8,33468,买盘
397,14:22:39,40.47,-0.01,6,24282,中性盘
398,14:22:27,40.48,--,4,16191,买盘
399,14:22:24,40.48,--,1,4047,买盘
400,14:22:21,40.48,--,10,40480,买盘
401,14:22:15,40.48,-0.01,41,165968,卖盘
402,14:22:12,40.49,--,1,4049,买盘
403,14:22:09,40.49,--,2,8098,买盘
404,14:22:06,40.49,--,1,4049,买盘
405,14:21:57,40.49,-0.01,13,52637,卖盘
406,14:21:48,40.5,--,10,40500,买盘
407,14:21:45,40.5,-0.1,191,774157,卖盘
408,14:21:42,40.6,-0.01,14,58017,卖盘
409,14:21:39,40.61,0.01,5,20305,买盘
410,14:21:27,40.6,-0.01,2,8120,卖盘
411,14:21:24,40.61,0.01,15,63757,买盘
412,14:21:15,40.6,--,62,255130,买盘
413,14:21:06,40.6,--,1,4060,卖盘
414,14:20:57,40.6,-0.02,1,4060,卖盘
415,14:20:42,40.62,0.02,1,4061,买盘
416,14:20:39,40.6,-0.02,20,81200,卖盘
417,14:20:30,40.62,--,6,24372,买盘
418,14:20:27,40.62,--,0,893,卖盘
419,14:20:24,40.62,-0.01,1,4061,卖盘
420,14:20:21,40.63,--,1,4063,买盘
421,14:20:12,40.63,--,17,72240,买盘
422,14:20:00,40.63,--,1,4063,买盘
423,14:19:57,40.63,-0.01,1,4063,买盘
424,14:19:54,40.64,-0.01,10,40640,中性盘
425,14:19:45,40.65,0.01,7,28455,买盘
426,14:19:33,40.64,-0.01,9,38201,卖盘
427,14:19:27,40.65,-0.01,1,4065,买盘
428,14:19:21,40.66,-0.01,1,4065,中性盘
429,14:19:06,40.67,--,1,4067,买盘
430,14:19:03,40.67,0.03,1,4067,买盘
431,14:19:00,40.64,--,13,52832,卖盘
432,14:18:48,40.64,-0.04,15,60960,卖盘
433,14:18:45,40.68,0.04,1,4068,买盘
434,14:18:42,40.64,--,17,71526,买盘
435,14:18:36,40.64,--,11,44704,买盘
436,14:18:33,40.64,--,2,8128,买盘
437,14:18:30,40.64,--,5,20320,买盘
438,14:18:27,40.64,0.01,22,89408,买盘
439,14:18:24,40.63,--,2,8126,卖盘
440,14:18:15,40.63,-0.01,1,4063,卖盘
441,14:18:09,40.64,-0.04,1,4064,卖盘
442,14:18:06,40.68,-0.01,2,8136,中性盘
443,14:18:03,40.69,-0.01,2,8138,中性盘
444,14:17:57,40.7,--,1,4070,买盘
445,14:17:51,40.7,--,4,16280,买盘
446,14:17:48,40.7,--,1,4070,买盘
447,14:17:45,40.7,--,30,122100,买盘
448,14:17:42,40.7,-0.03,33,134310,卖盘
449,14:17:39,40.73,-0.01,1,4072,买盘
450,14:17:30,40.74,--,1,4074,买盘
451,14:17:24,40.74,0.12,11,44814,中性盘
452,14:17:06,40.62,-0.13,18,73116,卖盘
453,14:17:03,40.75,0.01,20,81500,买盘
454,14:17:00,40.74,0.04,45,183330,买盘
455,14:16:57,40.7,-0.05,56,230809,卖盘
456,14:16:54,40.75,--,1,4075,买盘
457,14:16:51,40.75,--,6,24450,买盘
458,14:16:48,40.75,--,48,195600,买盘
459,14:16:45,40.75,-0.03,7,28525,中性盘
460,14:16:39,40.78,--,1,4078,买盘
461,14:16:36,40.78,-0.01,2,8156,中性盘
462,14:16:27,40.79,0.09,5,20395,中性盘
463,14:16:18,40.7,--,15,64387,卖盘
464,14:16:15,40.7,--,4,16280,卖盘
465,14:16:12,40.7,--,55,225762,买盘
466,14:16:09,40.7,--,36,146520,买盘
467,14:16:06,40.7,0.02,65,264550,买盘
468,14:16:03,40.68,-0.02,3,12204,中性盘
469,14:15:54,40.7,0.01,8,32560,买盘
470,14:15:51,40.69,--,1,4069,买盘
471,14:15:48,40.69,0.07,21,85449,买盘
472,14:15:39,40.62,-0.05,6,24372,卖盘
473,14:15:36,40.67,0.04,12,48804,买盘
474,14:15:30,40.63,--,12,48756,买盘
475,14:15:27,40.63,-0.04,13,55013,卖盘
476,14:15:24,40.67,0.02,9,36603,买盘
477,14:15:21,40.65,--,22,91299,买盘
478,14:15:18,40.65,--,2,8130,买盘
479,14:15:15,40.65,--,25,101625,买盘
480,14:15:12,40.65,--,24,97560,买盘
481,14:15:09,40.65,--,10,40650,买盘
482,14:15:06,40.65,--,18,73170,买盘
483,14:15:00,40.65,--,5,20325,买盘
484,14:14:54,40.65,-0.01,19,77235,卖盘
485,14:14:51,40.66,--,11,44725,买盘
486,14:14:48,40.66,-0.02,2,8131,中性盘
487,14:14:30,40.68,--,53,216376,卖盘
488,14:14:27,40.68,--,6,27703,买盘
489,14:14:24,40.68,--,1,4068,买盘
490,14:14:18,40.68,--,2,8136,买盘
491,14:14:15,40.68,--,1,4068,买盘
492,14:14:12,40.68,-0.02,4,16272,中性盘
493,14:14:09,40.7,--,1,4070,买盘
494,14:14:06,40.7,0.08,100,407000,买盘
495,14:14:03,40.62,-0.08,2,8123,卖盘
496,14:13:54,40.7,--,4,16280,买盘
497,14:13:51,40.7,--,1,4070,买盘
498,14:13:48,40.7,--,1,4070,买盘
499,14:13:36,40.7,0.1,1,4070,买盘
500,14:13:33,40.6,0.01,15,64107,卖盘
501,14:13:27,40.59,--,7,32350,买盘
502,14:13:24,40.59,--,4,16236,买盘
503,14:13:21,40.59,-0.21,2,8239,卖盘
504,14:13:18,40.8,0.24,75,309957,买盘
505,14:13:15,40.56,-0.02,15,63841,卖盘
506,14:13:09,40.58,0.01,10,41797,买盘
507,14:13:06,40.57,--,1,4057,买盘
508,14:13:00,40.57,-0.01,50,205689,卖盘
509,14:12:57,40.58,-0.02,16,68539,卖盘
510,14:12:51,40.6,0.01,6,27689,买盘
511,14:12:48,40.59,0.01,9,36531,买盘
512,14:12:39,40.58,-0.01,15,64238,卖盘
513,14:12:36,40.59,--,1,4059,买盘
514,14:12:30,40.59,0.01,1,4059,买盘
515,14:12:24,40.58,-0.01,16,68012,卖盘
516,14:12:21,40.59,0.01,1,4059,买盘
517,14:12:18,40.58,-0.01,1,4058,卖盘
518,14:12:15,40.59,--,2,8118,买盘
519,14:12:12,40.59,-0.01,3,12177,中性盘
520,14:12:00,40.6,--,21,85260,买盘
521,14:11:54,40.6,--,4,16240,买盘
522,14:11:48,40.6,--,32,133289,买盘
523,14:11:45,40.6,--,1,4060,买盘
524,14:11:42,40.6,--,5,20300,买盘
525,14:11:36,40.6,--,2,8120,买盘
526,14:11:30,40.6,--,1,4060,买盘
527,14:11:27,40.6,0.01,19,80347,买盘
528,14:11:24,40.59,-0.01,1,5601,卖盘
529,14:11:21,40.6,--,15,60900,买盘
530,14:11:18,40.6,--,5,20300,买盘
531,14:11:15,40.6,--,1,4060,买盘
532,14:11:12,40.6,--,13,52780,买盘
533,14:11:09,40.6,0.01,21,87696,买盘
534,14:11:06,40.59,--,7,31579,买盘
535,14:10:54,40.59,-0.01,8,32472,卖盘
536,14:10:48,40.6,--,5,20300,买盘
537,14:10:45,40.6,--,8,32480,买盘
538,14:10:42,40.6,--,1,4060,买盘
539,14:10:39,40.6,--,10,40600,买盘
540,14:10:36,40.6,0.01,29,117740,买盘
541,14:10:33,40.59,-0.01,14,60154,卖盘
542,14:10:27,40.6,--,4,16240,买盘
543,14:10:24,40.6,--,4,16240,买盘
544,14:10:12,40.6,0.02,11,44660,中性盘
545,14:10:00,40.58,--,12,51942,买盘
546,14:09:57,40.58,-0.03,3,12174,卖盘
547,14:09:54,40.61,0.01,1,4061,买盘
548,14:09:51,40.6,0.01,96,389760,买盘
549,14:09:45,40.59,-0.01,11,44649,买盘
550,14:09:39,40.6,--,2,8120,买盘
551,14:09:27,40.6,-0.19,7,28420,卖盘
552,14:09:21,40.79,-0.01,7,28553,中性盘
553,14:09:18,40.8,--,1,4079,买盘
554,14:09:12,40.8,-0.05,2,8159,卖盘
555,14:09:06,40.85,-0.01,1,4085,中性盘
556,14:08:54,40.86,--,1,4086,买盘
557,14:08:51,40.86,-0.02,1,4086,中性盘
558,14:08:42,40.88,--,17,69496,买盘
559,14:08:36,40.88,0.01,1,4088,买盘
560,14:08:33,40.87,--,2,8173,买盘
561,14:08:30,40.87,-0.01,1,4086,中性盘
562,14:08:27,40.88,--,1,4088,买盘
563,14:08:24,40.88,--,1,4088,买盘
564,14:08:21,40.88,--,0,776,卖盘
565,14:08:18,40.88,-0.03,1,4088,卖盘
566,14:08:09,40.91,0.03,3,12272,买盘
567,14:07:54,40.88,--,14,60461,卖盘
568,14:07:51,40.88,0.15,84,343473,买盘
569,14:07:48,40.73,0.18,1,4072,买盘
570,14:07:39,40.55,--,3,12165,卖盘
571,14:07:33,40.55,--,83,340538,买盘
572,14:07:30,40.55,--,12,48660,买盘
573,14:07:24,40.55,0.01,1,4054,买盘
574,14:07:18,40.54,--,18,74350,买盘
575,14:07:12,40.54,0.04,14,56756,买盘
576,14:07:06,40.5,--,8,34101,买盘
577,14:07:03,40.5,--,3,12150,买盘
578,14:07:00,40.5,--,18,72900,买盘
579,14:06:57,40.5,--,12,48600,买盘
580,14:06:51,40.5,--,1,4050,买盘
581,14:06:45,40.5,--,7,28350,买盘
582,14:06:42,40.5,0.09,20,81000,买盘
583,14:06:39,40.41,-0.09,41,165681,卖盘
584,14:06:33,40.5,0.1,6,24300,买盘
585,14:06:21,40.4,-0.1,14,57974,卖盘
586,14:06:18,40.5,0.11,8,33777,买盘
587,14:06:15,40.39,-0.01,2,8078,卖盘
588,14:06:12,40.4,--,10,40400,买盘
589,14:06:09,40.4,--,4,16160,买盘
590,14:06:06,40.4,--,18,74295,买盘
591,14:06:03,40.4,--,26,105040,买盘
592,14:06:00,40.4,0.07,50,202000,买盘
593,14:05:57,40.33,-0.07,9,36297,卖盘
594,14:05:54,40.4,0.01,4,16160,买盘
595,14:05:51,40.39,-0.01,14,56546,买盘
596,14:05:45,40.4,--,60,242400,买盘
597,14:05:42,40.4,--,1,4040,买盘
598,14:05:39,40.4,--,1,4040,买盘
599,14:05:36,40.4,--,6,24240,买盘
600,14:05:30,40.4,--,8,32320,买盘
601,14:05:27,40.4,-0.1,341,1377640,卖盘
602,14:05:24,40.5,0.02,1,4050,买盘
603,14:05:18,40.48,--,3,12143,中性盘
604,14:05:15,40.48,-0.02,4,16191,卖盘
605,14:05:12,40.5,--,30,121500,买盘
606,14:05:09,40.5,--,21,85050,买盘
607,14:05:03,40.5,--,5,20250,买盘
608,14:04:57,40.5,--,2,8100,买盘
609,14:04:51,40.5,--,20,83835,买盘
610,14:04:45,40.5,--,4,16200,买盘
611,14:04:39,40.5,0.01,21,85050,买盘
612,14:04:36,40.49,-0.01,14,57900,卖盘
613,14:04:27,40.5,--,15,60750,买盘
614,14:04:24,40.5,--,4,16200,买盘
615,14:04:21,40.5,--,1,4050,买盘
616,14:04:18,40.5,--,1,4050,买盘
617,14:04:15,40.5,--,5,20250,买盘
618,14:04:12,40.5,-0.05,357,1446943,卖盘
619,14:04:09,40.55,0.03,3,12165,买盘
620,14:04:03,40.52,-0.03,36,145872,卖盘
621,14:04:00,40.55,-0.04,9,37589,卖盘
622,14:03:57,40.59,0.04,1,4059,买盘
623,14:03:54,40.55,-0.01,11,47565,卖盘
624,14:03:51,40.56,-0.01,1,4056,中性盘
625,14:03:48,40.57,--,10,40570,买盘
626,14:03:45,40.57,--,4,16228,买盘
627,14:03:42,40.57,--,15,60855,买盘
628,14:03:36,40.57,--,1,4057,买盘
629,14:03:27,40.57,-0.02,4,18662,卖盘
630,14:03:24,40.59,-0.01,8,32472,中性盘
631,14:03:12,40.6,0.02,25,101500,买盘
632,14:03:00,40.58,-0.02,4,16232,卖盘
633,14:02:57,40.6,0.04,4,16240,买盘
634,14:02:54,40.56,0.02,16,67938,买盘
635,14:02:51,40.54,0.03,2,8108,买盘
636,14:02:48,40.51,--,15,60765,卖盘
637,14:02:42,40.51,-0.04,18,72918,卖盘
638,14:02:36,40.55,0.03,30,121649,买盘
639,14:02:33,40.52,-0.03,15,60780,卖盘
640,14:02:30,40.55,-0.01,1,4054,买盘
641,14:02:27,40.56,0.04,2,8112,买盘
642,14:02:24,40.52,-0.04,62,253412,卖盘
643,14:02:18,40.56,0.01,1,4056,买盘
644,14:02:12,40.55,-0.06,2,8109,卖盘
645,14:02:09,40.61,0.05,1,4061,买盘
646,14:02:06,40.56,--,1,4056,买盘
647,14:02:03,40.56,-0.05,1,4056,卖盘
648,14:01:57,40.61,-0.09,16,64976,中性盘
649,14:01:54,40.7,--,16,65120,买盘
650,14:01:48,40.7,--,2,11314,卖盘
651,14:01:45,40.7,--,12,48840,卖盘
652,14:01:42,40.7,-0.01,2,8140,卖盘
653,14:01:39,40.71,0.01,1,4071,买盘
654,14:01:36,40.7,-0.01,16,66015,卖盘
655,14:01:27,40.71,--,4,16284,买盘
656,14:01:15,40.71,-0.01,15,61065,卖盘
657,14:01:12,40.72,--,4,16288,买盘
658,14:01:09,40.72,0.01,1,4072,中性盘
659,14:00:57,40.71,-0.02,5,20355,卖盘
660,14:00:48,40.73,0.01,114,464321,买盘
661,14:00:45,40.72,--,3,12216,卖盘
662,14:00:42,40.72,-0.01,30,122160,卖盘
663,14:00:39,40.73,--,18,76572,买盘
664,14:00:36,40.73,--,1,4072,买盘
665,14:00:33,40.73,--,1,4072,买盘
666,14:00:30,40.73,-0.07,1,7087,卖盘
667,14:00:21,40.8,0.03,1,4079,中性盘
668,14:00:15,40.77,-0.03,142,578934,卖盘
669,14:00:12,40.8,--,34,142392,买盘
670,14:00:00,40.8,--,4,16319,买盘
671,13:59:57,40.8,0.02,1,4079,买盘
672,13:59:54,40.78,--,1,4078,卖盘
673,13:59:48,40.78,0.01,0,1386,买盘
674,13:59:45,40.77,--,14,60502,卖盘
675,13:59:39,40.77,-0.01,25,101925,卖盘
676,13:59:33,40.78,0.01,10,40780,买盘
677,13:59:27,40.77,--,15,62867,卖盘
678,13:59:21,40.77,0.01,42,171478,买盘
679,13:59:06,40.76,--,3,12228,买盘
680,13:59:03,40.76,0.03,1,4076,买盘
681,13:58:54,40.73,-0.02,11,44803,卖盘
682,13:58:51,40.75,--,6,26854,卖盘
683,13:58:45,40.75,0.02,3,13895,买盘
684,13:58:42,40.73,-0.02,1,4072,卖盘
685,13:58:39,40.75,0.02,21,85575,买盘
686,13:58:33,40.73,-0.01,15,62887,卖盘
687,13:58:30,40.74,0.01,1,5622,买盘
688,13:58:24,40.73,--,5,22157,买盘
689,13:58:21,40.73,0.01,1,4072,买盘
690,13:58:18,40.72,--,1,4072,卖盘
691,13:58:15,40.72,-0.01,14,58596,卖盘
692,13:58:09,40.73,--,7,28510,买盘
693,13:57:57,40.73,-0.01,4,16291,卖盘
694,13:57:54,40.74,--,1,4074,买盘
695,13:57:51,40.74,-0.01,13,52962,中性盘
696,13:57:36,40.75,-0.01,1,4075,买盘
697,13:57:21,40.76,0.04,1,4076,买盘
698,13:57:09,40.72,-0.05,0,2036,卖盘
699,13:57:00,40.77,--,1,4077,买盘
700,13:56:51,40.77,-0.01,1,4077,中性盘
701,13:56:39,40.78,-0.01,4,16312,中性盘
702,13:56:21,40.79,-0.01,1,4079,买盘
703,13:56:09,40.8,--,1,4079,买盘
704,13:56:00,40.8,-0.07,14,57119,卖盘
705,13:55:39,40.87,-0.01,2,8173,中性盘
706,13:55:33,40.88,--,1,4088,买盘
707,13:55:21,40.88,--,1,4088,买盘
708,13:55:18,40.88,-0.01,16,68106,卖盘
709,13:54:57,40.89,0.01,18,75442,买盘
710,13:54:51,40.88,-0.01,3,12264,卖盘
711,13:54:48,40.89,0.01,2,8178,买盘
712,13:54:42,40.88,--,14,58826,卖盘
713,13:54:27,40.88,--,3,12264,卖盘
714,13:54:24,40.88,-0.01,1,4088,卖盘
715,13:54:21,40.89,0.01,21,87709,买盘
716,13:54:03,40.88,--,17,73379,卖盘
717,13:53:57,40.88,--,3,12264,卖盘
718,13:53:54,40.88,--,3,12264,卖盘
719,13:53:45,40.88,-0.01,15,64958,卖盘
720,13:53:42,40.89,0.01,2,8178,中性盘
721,13:53:21,40.88,--,0,3638,卖盘
722,13:53:12,40.88,-0.03,1,4088,卖盘
723,13:52:57,40.91,--,4,16363,买盘
724,13:52:54,40.91,0.03,1,4090,中性盘
725,13:52:45,40.88,-0.05,40,163520,卖盘
726,13:52:21,40.93,--,1,4093,买盘
727,13:52:12,40.93,--,0,1064,卖盘
728,13:52:09,40.93,-0.01,2,8186,卖盘
729,13:52:03,40.94,0.01,1,4094,买盘
730,13:51:57,40.93,--,15,65242,卖盘
731,13:51:51,40.93,--,36,147348,卖盘
732,13:51:48,40.93,--,49,203831,买盘
733,13:51:36,40.93,--,1,4093,买盘
734,13:51:24,40.93,-0.01,1,4093,中性盘
735,13:51:12,40.94,--,1,4094,买盘
736,13:51:09,40.94,0.06,6,24564,买盘
737,13:51:06,40.88,-0.06,2,8176,卖盘
738,13:51:03,40.94,-0.01,1,4094,中性盘
739,13:50:51,40.95,0.07,2,8190,买盘
740,13:50:48,40.88,-0.07,7,28616,卖盘
741,13:50:45,40.95,0.07,1,4095,中性盘
742,13:50:30,40.88,-0.08,2,8176,卖盘
743,13:50:21,40.96,0.08,1,4096,中性盘
744,13:50:06,40.88,--,15,64999,卖盘
745,13:50:03,40.88,--,262,1072772,买盘
746,13:49:54,40.88,--,1,4088,买盘
747,13:49:51,40.88,-0.1,82,337587,卖盘
748,13:49:45,40.98,-0.01,1,4098,中性盘
749,13:49:21,40.99,0.11,1,4099,买盘
750,13:49:18,40.88,-0.11,100,408800,卖盘
751,13:49:15,40.99,-0.01,2,8198,卖盘
752,13:49:09,41.0,--,1,4100,买盘
753,13:48:57,41.0,--,2,8979,卖盘
754,13:48:54,41.0,-0.01,1,4100,卖盘
755,13:48:45,41.01,0.01,11,45111,买盘
756,13:48:39,41.0,-0.01,17,69741,卖盘
757,13:48:33,41.01,--,3,12303,买盘
758,13:48:27,41.01,0.01,6,24606,买盘
759,13:48:21,41.0,-0.01,15,65395,卖盘
760,13:48:18,41.01,0.01,9,36909,买盘
761,13:48:15,41.0,--,5,20500,卖盘
762,13:48:12,41.0,-0.01,3,12300,卖盘
763,13:48:06,41.01,0.01,1,4101,买盘
764,13:48:03,41.0,--,4,16400,卖盘
765,13:48:00,41.0,--,2,8200,卖盘
766,13:47:57,41.0,-0.01,1,4100,卖盘
767,13:47:54,41.01,--,9,40886,买盘
768,13:47:51,41.01,--,2,8202,买盘
769,13:47:48,41.01,0.01,1,4101,买盘
770,13:47:45,41.0,-0.01,17,73554,卖盘
771,13:47:42,41.01,0.01,6,24606,买盘
772,13:47:39,41.0,-0.01,15,61500,卖盘
773,13:47:33,41.01,-0.01,2,8202,买盘
774,13:47:27,41.02,--,10,41020,买盘
775,13:47:24,41.02,--,13,53326,买盘
776,13:47:21,41.02,--,1,4102,买盘
777,13:47:18,41.02,--,12,49224,买盘
778,13:47:15,41.02,--,1,4102,买盘
779,13:47:09,41.02,0.02,1,4102,买盘
780,13:47:03,41.0,-0.03,108,442800,卖盘
781,13:46:57,41.03,-0.01,2,8206,中性盘
782,13:46:48,41.04,0.04,1,4104,买盘
783,13:46:45,41.0,-0.02,1,4100,卖盘
784,13:46:42,41.02,--,2,8204,买盘
785,13:46:36,41.02,0.02,52,217159,买盘
786,13:46:33,41.0,0.04,227,930700,买盘
787,13:46:30,40.96,-0.03,1,4096,中性盘
788,13:46:18,40.99,0.04,60,245940,买盘
789,13:46:15,40.95,--,5,20475,卖盘
790,13:46:06,40.95,0.04,1,4095,卖盘
791,13:45:57,40.91,-0.04,16,69506,卖盘
792,13:45:54,40.95,0.04,1,4095,买盘
793,13:45:51,40.91,0.03,158,650059,买盘
794,13:45:48,40.88,-0.01,8,32704,卖盘
795,13:45:42,40.89,0.01,6,26578,买盘
796,13:45:36,40.88,--,15,65080,卖盘
797,13:45:24,40.88,0.16,44,179872,买盘
798,13:45:21,40.72,-0.01,15,64989,卖盘
799,13:45:18,40.73,--,4,16291,买盘
800,13:45:12,40.73,0.01,10,40730,买盘
801,13:45:09,40.72,0.01,4,16410,买盘
802,13:45:06,40.71,--,6,24426,买盘
803,13:45:03,40.71,-0.01,17,69207,卖盘
804,13:45:00,40.72,--,2,8144,买盘
805,13:44:57,40.72,--,4,16288,买盘
806,13:44:54,40.72,--,5,20360,买盘
807,13:44:51,40.72,--,1,4072,买盘
808,13:44:48,40.72,--,1,4072,买盘
809,13:44:45,40.72,0.01,16,69061,买盘
810,13:44:42,40.71,--,12,52597,买盘
811,13:44:36,40.71,0.01,1,4071,买盘
812,13:44:24,40.7,0.1,33,135368,买盘
813,13:44:21,40.6,-0.08,6,24360,卖盘
814,13:44:18,40.68,--,5,20340,买盘
815,13:44:15,40.68,--,1,4068,买盘
816,13:44:12,40.68,-0.02,1,4068,中性盘
817,13:44:03,40.7,0.01,20,81400,买盘
818,13:43:54,40.69,-0.02,1,4069,中性盘
819,13:43:42,40.71,0.19,1,4071,买盘
820,13:43:39,40.52,0.01,4,16208,卖盘
821,13:43:30,40.51,-0.21,0,3402,中性盘
822,13:43:21,40.72,0.22,52,211744,买盘
823,13:43:15,40.5,--,357,1449130,买盘
824,13:43:12,40.5,--,4,16200,买盘
825,13:43:09,40.5,--,13,52650,买盘
826,13:43:06,40.5,--,4,16200,买盘
827,13:43:03,40.5,--,7,28350,买盘
828,13:43:00,40.5,-0.23,138,559143,卖盘
829,13:42:48,40.73,0.23,1,4072,买盘
830,13:42:39,40.5,-0.23,20,84807,卖盘
831,13:42:36,40.73,0.23,1,4072,买盘
832,13:42:30,40.5,--,1,4050,买盘
833,13:42:27,40.5,--,1,4050,买盘
834,13:42:24,40.5,0.01,3,12150,买盘
835,13:42:21,40.49,-0.01,17,68833,卖盘
836,13:42:18,40.5,0.01,10,40500,买盘
837,13:42:15,40.49,-0.01,3,12147,卖盘
838,13:42:12,40.5,--,5,20250,买盘
839,13:42:09,40.5,0.01,5,20250,买盘
840,13:42:06,40.49,0.01,3,12147,卖盘
841,13:42:03,40.48,-0.02,19,78409,卖盘
842,13:42:00,40.5,0.01,30,121500,买盘
843,13:41:51,40.49,--,11,44539,买盘
844,13:41:48,40.49,-0.01,2,8098,买盘
845,13:41:45,40.5,--,1,4050,买盘
846,13:41:42,40.5,--,34,137700,买盘
847,13:41:36,40.5,--,3,12150,买盘
848,13:41:27,40.5,--,12,48600,买盘
849,13:41:21,40.5,-0.23,231,936886,卖盘
850,13:41:18,40.73,--,1,4072,买盘
851,13:41:09,40.73,-0.01,5,20365,卖盘
852,13:41:06,40.74,--,1,4074,买盘
853,13:40:54,40.74,--,3,12222,买盘
854,13:40:51,40.74,-0.01,12,48888,卖盘
855,13:40:45,40.75,--,2,8150,买盘
856,13:40:39,40.75,-0.02,9,39242,卖盘
857,13:40:24,40.77,0.01,11,44847,买盘
858,13:40:15,40.76,-0.01,11,44836,卖盘
859,13:40:12,40.77,--,2,8154,买盘
860,13:39:57,40.77,-0.01,8,35429,卖盘
861,13:39:51,40.78,--,1,4078,买盘
862,13:39:48,40.78,--,2,8156,买盘
863,13:39:39,40.78,0.01,16,67001,买盘
864,13:39:30,40.77,--,9,40280,买盘
865,13:39:27,40.77,--,2,8154,买盘
866,13:39:21,40.77,-0.01,2,10110,卖盘
867,13:39:15,40.78,0.01,5,20390,买盘
868,13:39:06,40.77,--,3,12231,卖盘
869,13:39:03,40.77,-0.01,16,67352,中性盘
870,13:38:54,40.78,0.03,6,24468,买盘
871,13:38:45,40.75,-0.01,16,69234,卖盘
872,13:38:42,40.76,--,2,8152,买盘
873,13:38:39,40.76,--,4,16304,买盘
874,13:38:33,40.76,0.01,3,12228,买盘
875,13:38:27,40.75,-0.01,14,58598,卖盘
876,13:38:21,40.76,--,6,24456,买盘
877,13:38:15,40.76,-0.01,1,4076,中性盘
878,13:37:57,40.77,--,6,24462,买盘
879,13:37:48,40.77,-0.01,5,20385,中性盘
880,13:37:39,40.78,-0.01,1,4078,中性盘
881,13:37:24,40.79,--,10,40790,买盘
882,13:37:15,40.79,-0.01,4,16316,中性盘
883,13:36:51,40.8,--,6,24480,卖盘
884,13:36:45,40.8,-0.01,2,8159,卖盘
885,13:36:42,40.81,0.01,1,4081,中性盘
886,13:36:27,40.8,-0.02,1,4079,卖盘
887,13:36:21,40.82,0.02,1,4082,买盘
888,13:36:18,40.8,-0.03,1,4079,卖盘
889,13:36:12,40.83,0.03,4,16332,买盘
890,13:36:06,40.8,-0.04,9,36720,卖盘
891,13:35:57,40.84,--,7,28588,买盘
892,13:35:48,40.84,--,1,4084,买盘
893,13:35:42,40.84,-0.01,3,12252,卖盘
894,13:35:33,40.85,-0.01,1,4085,买盘
895,13:35:21,40.86,-0.04,67,274620,卖盘
896,13:35:15,40.9,0.01,3,12270,买盘
897,13:35:12,40.89,--,1,4089,买盘
898,13:35:06,40.89,-0.01,13,57041,卖盘
899,13:35:00,40.9,0.01,1,4090,买盘
900,13:34:51,40.89,-0.02,29,118581,卖盘
901,13:34:48,40.91,--,5,20455,买盘
902,13:34:39,40.91,0.01,1,4090,买盘
903,13:34:30,40.9,-0.01,21,86258,卖盘
904,13:34:27,40.91,--,13,53182,买盘
905,13:34:18,40.91,0.01,1,4090,买盘
906,13:34:15,40.9,-0.01,19,78323,卖盘
907,13:34:09,40.91,0.01,1,4090,买盘
908,13:34:06,40.9,-0.01,1,4090,卖盘
909,13:34:00,40.91,--,1,4090,买盘
910,13:33:57,40.91,-0.01,7,29823,卖盘
911,13:33:45,40.92,0.01,1,4092,买盘
912,13:33:39,40.91,-0.02,1,4090,卖盘
913,13:33:33,40.93,0.02,1,4093,买盘
914,13:33:24,40.91,--,3,12272,卖盘
915,13:33:18,40.91,-0.02,14,57928,卖盘
916,13:33:12,40.93,0.02,6,24558,买盘
917,13:33:03,40.91,--,17,70815,卖盘
918,13:33:00,40.91,--,2,8181,卖盘
919,13:32:42,40.91,--,15,62346,卖盘
920,13:32:39,40.91,-0.01,5,20455,卖盘
921,13:32:36,40.92,--,1,4092,买盘
922,13:32:30,40.92,--,5,20460,买盘
923,13:32:24,40.92,0.01,2,8184,中性盘
924,13:32:21,40.91,-0.02,6,24545,卖盘
925,13:32:09,40.93,0.02,3,12279,中性盘
926,13:31:54,40.91,-0.04,5,20455,卖盘
927,13:31:45,40.95,-0.01,1,6265,卖盘
928,13:31:36,40.96,0.02,10,42885,买盘
929,13:31:33,40.94,--,9,36846,卖盘
930,13:31:27,40.94,-0.01,1,4094,卖盘
931,13:31:21,40.95,--,1,4095,买盘
932,13:31:18,40.95,--,1,4095,买盘
933,13:31:15,40.95,--,3,12285,买盘
934,13:31:12,40.95,-0.01,7,29975,卖盘
935,13:31:06,40.96,--,1,4096,买盘
936,13:31:03,40.96,-0.03,10,40960,卖盘
937,13:30:42,40.99,-0.01,1,4099,中性盘
938,13:30:33,41.0,--,5,20500,买盘
939,13:30:21,41.0,-0.01,1,7339,卖盘
940,13:30:18,41.01,--,5,20505,买盘
941,13:30:03,41.01,--,15,61843,买盘
942,13:29:51,41.01,0.01,10,41010,买盘
943,13:29:45,41.0,-0.01,16,66133,卖盘
944,13:29:39,41.01,-0.01,10,41010,买盘
945,13:29:33,41.02,0.02,1,4102,买盘
946,13:29:30,41.0,-0.02,1,4100,卖盘
947,13:29:21,41.02,--,1,4102,中性盘
948,13:29:09,41.02,--,2,8204,卖盘
949,13:29:03,41.02,-0.02,10,41020,卖盘
950,13:28:57,41.04,0.01,1,4104,买盘
951,13:28:51,41.03,--,3,12309,卖盘
952,13:28:48,41.03,-0.02,10,41030,卖盘
953,13:28:45,41.05,--,1,4105,买盘
954,13:28:42,41.05,--,4,16420,买盘
955,13:28:39,41.05,0.02,1,4105,买盘
956,13:28:33,41.03,-0.03,2,8206,卖盘
957,13:28:27,41.06,--,1,4106,买盘
958,13:28:24,41.06,--,1,4106,买盘
959,13:28:15,41.06,-0.01,10,41060,买盘
960,13:28:12,41.07,--,1,4107,买盘
961,13:28:03,41.07,--,1,4107,买盘
962,13:28:00,41.07,0.04,2,8214,买盘
963,13:27:54,41.03,--,15,62037,卖盘
964,13:27:51,41.03,--,1,5662,买盘
965,13:27:48,41.03,--,10,41030,买盘
966,13:27:42,41.03,-0.02,2,8206,买盘
967,13:27:36,41.05,--,3,12315,买盘
968,13:27:30,41.05,--,1,5500,卖盘
969,13:27:24,41.05,0.03,19,80704,买盘
970,13:27:21,41.02,-0.03,1,4102,卖盘
971,13:27:15,41.05,0.03,14,57469,买盘
972,13:27:12,41.02,-0.03,1,4102,卖盘
973,13:27:03,41.05,--,110,451549,买盘
974,13:27:00,41.05,0.03,1,4105,买盘
975,13:26:51,41.02,--,4,16408,买盘
976,13:26:48,41.02,--,6,24612,买盘
977,13:26:45,41.02,0.02,4,16408,买盘
978,13:26:42,41.0,--,17,69864,卖盘
979,13:26:36,41.0,--,3,12300,买盘
980,13:26:33,41.0,0.01,4,16400,买盘
981,13:26:24,40.99,0.03,37,154286,买盘
982,13:26:18,40.96,0.02,1,4096,买盘
983,13:26:15,40.94,--,4,19159,买盘
984,13:26:09,40.94,-0.01,1,4094,买盘
985,13:26:06,40.95,--,10,40950,卖盘
986,13:26:03,40.95,0.05,31,126945,买盘
987,13:25:51,40.9,-0.02,14,60572,卖盘
988,13:25:48,40.92,0.02,23,94116,买盘
989,13:25:42,40.9,0.02,1,4090,中性盘
990,13:25:36,40.88,-0.02,15,65285,卖盘
991,13:25:33,40.9,-0.01,15,63026,卖盘
992,13:25:24,40.91,0.02,13,56210,买盘
993,13:25:21,40.89,--,3,12267,买盘
994,13:25:18,40.89,-0.01,4,16356,买盘
995,13:25:15,40.9,--,2,8180,买盘
996,13:25:09,40.9,--,3,12270,买盘
997,13:25:00,40.9,0.01,21,85890,买盘
998,13:24:54,40.89,-0.01,5,20445,中性盘
999,13:24:51,40.9,--,3,12270,买盘
1000,13:24:39,40.9,--,15,61350,买盘
1001,13:24:36,40.9,--,3,12270,买盘
1002,13:24:33,40.9,--,16,65440,买盘
1003,13:24:24,40.9,0.01,50,204500,买盘
1004,13:24:21,40.89,-0.01,2,11858,卖盘
1005,13:24:18,40.9,--,1,4090,买盘
1006,13:24:15,40.9,--,1,4090,买盘
1007,13:24:12,40.9,0.01,10,40900,买盘
1008,13:24:06,40.89,0.02,2,8586,买盘
1009,13:24:03,40.87,-0.02,15,62817,卖盘
1010,13:23:57,40.89,0.01,1,4089,买盘
1011,13:23:54,40.88,0.01,5,20440,买盘
1012,13:23:48,40.87,--,2,11239,买盘
1013,13:23:45,40.87,--,15,63757,买盘
1014,13:23:36,40.87,0.01,6,24522,买盘
1015,13:23:33,40.86,0.01,23,94264,买盘
1016,13:23:30,40.85,-0.01,1,4085,买盘
1017,13:23:24,40.86,--,1,4086,买盘
1018,13:23:21,40.86,--,1,4086,买盘
1019,13:23:15,40.86,0.01,20,81720,买盘
1020,13:23:12,40.85,-0.02,1,4085,中性盘
1021,13:22:48,40.87,--,1,4086,买盘
1022,13:22:42,40.87,--,2,8173,买盘
1023,13:22:36,40.87,-0.01,6,24522,中性盘
1024,13:22:27,40.88,--,1,4088,买盘
1025,13:22:18,40.88,--,10,40880,买盘
1026,13:22:15,40.88,0.03,1,4088,中性盘
1027,13:22:03,40.85,--,0,3635,买盘
1028,13:22:00,40.85,0.01,60,245100,买盘
1029,13:21:57,40.84,-0.01,10,40840,中性盘
1030,13:21:54,40.85,--,2,8170,买盘
1031,13:21:48,40.85,--,7,28595,买盘
1032,13:21:42,40.85,--,1,4085,买盘
1033,13:21:36,40.85,--,1,6290,卖盘
1034,13:21:27,40.85,0.13,21,87664,买盘
1035,13:21:24,40.72,--,3,12256,买盘
1036,13:21:21,40.72,-0.13,1,8103,卖盘
1037,13:21:18,40.85,0.13,27,110295,买盘
1038,13:21:09,40.72,-0.03,38,154736,卖盘
1039,13:21:00,40.75,0.01,1,4075,买盘
1040,13:20:51,40.74,0.01,21,85554,买盘
1041,13:20:48,40.73,-0.01,1,4072,中性盘
1042,13:20:42,40.74,0.02,2,8148,买盘
1043,13:20:33,40.72,--,7,28504,卖盘
1044,13:20:27,40.72,--,21,85552,买盘
1045,13:20:12,40.72,-0.01,3,12216,买盘
1046,13:20:09,40.73,0.03,7,28510,卖盘
1047,13:20:06,40.7,--,13,52910,买盘
1048,13:20:03,40.7,-0.04,3,12210,卖盘
1049,13:20:00,40.74,0.01,21,85554,买盘
1050,13:19:57,40.73,--,2,8145,买盘
1051,13:19:51,40.73,-0.01,1,4072,中性盘
1052,13:19:39,40.74,-0.01,1,4074,中性盘
1053,13:19:27,40.75,--,1,4075,买盘
1054,13:19:21,40.75,-0.01,130,529750,卖盘
1055,13:19:18,40.76,--,1,4076,买盘
1056,13:19:12,40.76,-0.01,9,36684,卖盘
1057,13:19:06,40.77,-0.01,5,20385,买盘
1058,13:19:03,40.78,-0.07,1,4078,卖盘
1059,13:18:57,40.85,-0.01,11,44935,中性盘
1060,13:18:36,40.86,--,4,16344,卖盘
1061,13:18:33,40.86,-0.01,11,44946,卖盘
1062,13:18:27,40.87,--,3,12261,买盘
1063,13:18:24,40.87,--,2,8173,买盘
1064,13:18:18,40.87,-0.01,4,18554,卖盘
1065,13:18:15,40.88,--,5,20440,买盘
1066,13:18:09,40.88,--,4,16352,买盘
1067,13:18:03,40.88,--,1,4088,买盘
1068,13:18:00,40.88,--,16,67370,买盘
1069,13:17:54,40.88,--,6,24528,买盘
1070,13:17:51,40.88,--,1,4088,买盘
1071,13:17:42,40.88,--,17,71253,买盘
1072,13:17:39,40.88,--,4,16352,买盘
1073,13:17:27,40.88,0.01,1,4088,买盘
1074,13:17:24,40.87,-0.01,14,61018,卖盘
1075,13:17:18,40.88,0.01,3,12264,买盘
1076,13:17:09,40.87,-0.01,16,69438,卖盘
1077,13:17:06,40.88,--,4,16352,买盘
1078,13:17:03,40.88,--,1,4088,买盘
1079,13:17:00,40.88,--,2,8176,买盘
1080,13:16:54,40.88,0.01,1,4088,买盘
1081,13:16:51,40.87,--,15,65065,卖盘
1082,13:16:39,40.87,0.12,13,56032,买盘
1083,13:16:36,40.75,-0.11,7,28525,卖盘
1084,13:16:33,40.86,0.11,3,12258,中性盘
1085,13:16:27,40.75,-0.12,1,4075,卖盘
1086,13:16:24,40.87,0.12,1,4086,买盘
1087,13:16:15,40.75,0.07,45,185249,买盘
1088,13:16:12,40.68,-0.07,1,4068,卖盘
1089,13:16:09,40.75,0.08,7,28525,买盘
1090,13:16:00,40.67,-0.08,51,207417,卖盘
1091,13:15:57,40.75,0.08,21,85575,买盘
1092,13:15:54,40.67,--,15,64827,卖盘
1093,13:15:51,40.67,-0.03,76,309092,卖盘
1094,13:15:48,40.7,0.02,42,170940,买盘
1095,13:15:42,40.68,0.01,1,4068,买盘
1096,13:15:39,40.67,--,7,32291,买盘
1097,13:15:36,40.67,--,15,64583,买盘
1098,13:15:27,40.67,0.01,1,4067,买盘
1099,13:15:24,40.66,--,26,109619,买盘
1100,13:15:18,40.66,0.04,10,40660,买盘
1101,13:15:15,40.62,-0.04,7,28434,卖盘
1102,13:15:09,40.66,0.07,28,117629,买盘
1103,13:15:06,40.59,0.01,9,40387,中性盘
1104,13:15:03,40.58,-0.01,12,48696,卖盘
1105,13:15:00,40.59,--,15,64822,卖盘
1106,13:14:57,40.59,0.01,14,60519,买盘
1107,13:14:54,40.58,0.01,1,4058,买盘
1108,13:14:51,40.57,--,12,52375,买盘
1109,13:14:42,40.57,-0.01,4,16228,中性盘
1110,13:14:39,40.58,--,3,12174,买盘
1111,13:14:33,40.58,--,10,40580,买盘
1112,13:14:27,40.58,0.03,13,52754,买盘
1113,13:14:24,40.55,-0.04,3,12165,卖盘
1114,13:14:21,40.59,0.05,1,4059,买盘
1115,13:14:18,40.54,--,13,52702,卖盘
1116,13:14:15,40.54,0.02,36,149957,买盘
1117,13:14:12,40.52,-0.01,12,48624,卖盘
1118,13:14:09,40.53,-0.01,3,12159,中性盘
1119,13:14:03,40.54,-0.05,1,4054,卖盘
1120,13:14:00,40.59,0.05,3,12177,买盘
1121,13:13:54,40.54,-0.06,5,20270,卖盘
1122,13:13:51,40.6,--,5,20300,买盘
1123,13:13:48,40.6,--,10,40600,买盘
1124,13:13:39,40.6,--,1,4060,买盘
1125,13:13:36,40.6,--,1,4060,买盘
1126,13:13:33,40.6,-0.01,3,12342,卖盘
1127,13:13:30,40.61,--,11,44671,买盘
1128,13:13:27,40.61,--,1,4061,买盘
1129,13:13:21,40.61,0.01,3,12183,买盘
1130,13:13:18,40.6,-0.01,5,20300,卖盘
1131,13:13:15,40.61,0.01,3,12183,买盘
1132,13:13:12,40.6,-0.02,10,40600,卖盘
1133,13:13:06,40.62,0.01,44,178728,买盘
1134,13:12:57,40.61,0.01,14,60752,中性盘
1135,13:12:51,40.6,-0.02,10,40600,卖盘
1136,13:12:42,40.62,--,1,4061,买盘
1137,13:12:36,40.62,-0.05,11,44682,卖盘
1138,13:12:33,40.67,--,10,40670,买盘
1139,13:12:30,40.67,0.05,1,4067,买盘
1140,13:12:24,40.62,--,4,16247,卖盘
1141,13:12:21,40.62,-0.06,2,8123,卖盘
1142,13:12:09,40.68,--,6,24408,买盘
1143,13:12:03,40.68,-0.02,6,26808,卖盘
1144,13:12:00,40.7,--,1,4070,买盘
1145,13:11:57,40.7,0.02,23,93610,买盘
1146,13:11:54,40.68,-0.02,1,4068,卖盘
1147,13:11:42,40.7,-0.01,10,40700,卖盘
1148,13:11:39,40.71,--,2,8142,买盘
1149,13:11:36,40.71,--,2,8142,买盘
1150,13:11:27,40.71,--,1,4071,买盘
1151,13:11:24,40.71,--,1,4071,买盘
1152,13:11:21,40.71,-0.01,10,40710,卖盘
1153,13:11:12,40.72,--,1,4072,买盘
1154,13:11:06,40.72,0.01,1,4072,中性盘
1155,13:10:57,40.71,-0.01,5,20355,卖盘
1156,13:10:54,40.72,--,9,38073,买盘
1157,13:10:51,40.72,0.01,16,66862,买盘
1158,13:10:48,40.71,-0.01,11,44781,卖盘
1159,13:10:42,40.72,0.01,4,16288,买盘
1160,13:10:36,40.71,-0.01,4,16284,卖盘
1161,13:10:33,40.72,-0.01,2,8144,中性盘
1162,13:10:30,40.73,--,11,44803,买盘
1163,13:10:27,40.73,0.02,10,40730,买盘
1164,13:10:15,40.71,-0.02,21,87567,卖盘
1165,13:10:12,40.73,0.01,3,12218,买盘
1166,13:10:09,40.72,0.01,1,4072,买盘
1167,13:10:06,40.71,--,13,52923,卖盘
1168,13:10:03,40.71,--,6,24426,卖盘
1169,13:10:00,40.71,--,2,8142,买盘
1170,13:09:57,40.71,0.01,16,66967,买盘
1171,13:09:54,40.7,--,2,8140,卖盘
1172,13:09:51,40.7,-0.01,1,4070,卖盘
1173,13:09:48,40.71,--,1,4071,买盘
1174,13:09:42,40.71,0.01,10,40710,买盘
1175,13:09:39,40.7,-0.01,14,58526,卖盘
1176,13:09:33,40.71,-0.01,1,4071,买盘
1177,13:09:27,40.72,0.02,12,48864,中性盘
1178,13:09:21,40.7,-0.02,10,40700,卖盘
1179,13:09:18,40.72,--,21,87303,买盘
1180,13:09:12,40.72,0.01,1,4072,买盘
1181,13:09:09,40.71,-0.01,5,20355,中性盘
1182,13:09:03,40.72,--,2,8144,买盘
1183,13:09:00,40.72,0.02,6,24432,中性盘
1184,13:08:57,40.7,--,5,20350,卖盘
1185,13:08:45,40.7,-0.04,28,113960,卖盘
1186,13:08:42,40.74,0.04,5,20370,买盘
1187,13:08:39,40.7,-0.04,14,56980,卖盘
1188,13:08:27,40.74,0.05,2,8148,中性盘
1189,13:08:21,40.69,-0.06,1,4069,卖盘
1190,13:08:06,40.75,0.05,1,4075,买盘
1191,13:08:00,40.7,-0.05,20,81400,卖盘
1192,13:07:48,40.75,-0.03,8,32600,卖盘
1193,13:07:45,40.78,--,1,4078,买盘
1194,13:07:33,40.78,0.02,1,4078,中性盘
1195,13:07:18,40.76,-0.03,3,12228,卖盘
1196,13:07:15,40.79,0.03,1,4079,买盘
1197,13:07:12,40.76,-0.04,5,20380,卖盘
1198,13:07:06,40.8,--,2,8159,买盘
1199,13:07:03,40.8,--,2,8159,买盘
1200,13:07:00,40.8,-0.01,1,4079,卖盘
1201,13:06:45,40.81,--,2,8162,买盘
1202,13:06:39,40.81,-0.05,1,4081,中性盘
1203,13:06:33,40.86,0.04,1,4086,买盘
1204,13:06:24,40.82,--,2,8164,买盘
1205,13:06:21,40.82,0.02,27,110214,买盘
1206,13:06:18,40.8,-0.02,2,8608,卖盘
1207,13:06:06,40.82,--,1,4082,买盘
1208,13:06:00,40.82,-0.01,4,16328,卖盘
1209,13:05:57,40.83,0.03,1,4083,买盘
1210,13:05:51,40.8,-0.06,7,28559,卖盘
1211,13:05:48,40.86,0.05,30,122580,买盘
1212,13:05:45,40.81,-0.02,1,4081,中性盘
1213,13:05:42,40.83,0.01,20,81660,买盘
1214,13:05:33,40.82,0.02,1,4082,中性盘
1215,13:05:21,40.8,-0.03,20,81600,卖盘
1216,13:05:12,40.83,0.01,1,4083,买盘
1217,13:05:09,40.82,--,30,126092,买盘
1218,13:05:00,40.82,--,1,4082,买盘
1219,13:04:57,40.82,-0.01,2,8164,中性盘
1220,13:04:39,40.83,--,1,4083,买盘
1221,13:04:33,40.83,0.03,20,81660,买盘
1222,13:04:30,40.8,-0.01,3,14647,卖盘
1223,13:04:27,40.81,--,1,4081,买盘
1224,13:04:15,40.81,-0.01,13,53053,卖盘
1225,13:04:00,40.82,0.02,10,40820,买盘
1226,13:03:57,40.8,--,16,66952,卖盘
1227,13:03:54,40.8,-0.01,3,12240,卖盘
1228,13:03:51,40.81,--,11,44891,买盘
1229,13:03:45,40.81,0.01,4,16324,买盘
1230,13:03:39,40.8,--,138,563040,卖盘
1231,13:03:33,40.8,--,3,12240,卖盘
1232,13:02:57,40.8,-0.06,2,8159,卖盘
1233,13:02:54,40.86,0.06,33,134838,买盘
1234,13:02:51,40.8,--,200,816000,卖盘
1235,13:02:45,40.8,-0.05,50,204000,卖盘
1236,13:02:42,40.85,0.04,2,8170,买盘
1237,13:02:39,40.81,-0.04,1,4081,卖盘
1238,13:02:30,40.85,-0.01,1,4085,中性盘
1239,13:02:09,40.86,-0.01,1,4086,中性盘
1240,13:01:57,40.87,0.06,51,208437,买盘
1241,13:01:48,40.81,0.01,182,744374,买盘
1242,13:01:45,40.8,-0.01,1,4079,卖盘
1243,13:01:33,40.81,0.01,1,4081,买盘
1244,13:01:30,40.8,--,32,133905,买盘
1245,13:01:24,40.8,-0.01,1,4079,中性盘
1246,13:01:03,40.81,0.03,1,4081,买盘
1247,13:00:54,40.78,-0.04,2,8156,卖盘
1248,13:00:39,40.82,-0.01,1,4082,中性盘
1249,13:00:21,40.83,--,1,4083,买盘
1250,13:00:09,40.83,--,6,24498,买盘
1251,13:00:06,40.83,--,17,69411,买盘
1252,13:00:03,40.83,-0.04,158,645114,卖盘
1253,13:00:00,40.87,--,0,0,买盘
1254,11:30:00,40.87,--,0,0,买盘
1255,11:29:51,40.87,0.04,2,8173,买盘
1256,11:29:45,40.83,-0.06,11,44913,卖盘
1257,11:29:42,40.89,--,1,4089,买盘
1258,11:29:36,40.89,0.02,37,151293,买盘
1259,11:29:33,40.87,-0.01,3,12261,卖盘
1260,11:29:27,40.88,-0.01,7,28616,买盘
1261,11:29:18,40.89,-0.01,46,188094,卖盘
1262,11:29:12,40.9,--,8,32720,买盘
1263,11:29:06,40.9,-0.01,4,16360,卖盘
1264,11:29:00,40.91,--,1,4090,买盘
1265,11:28:48,40.91,-0.02,14,57273,卖盘
1266,11:28:42,40.93,-0.05,23,97167,卖盘
1267,11:28:39,40.98,-0.01,1,4098,中性盘
1268,11:28:30,40.99,-0.01,1,4099,中性盘
1269,11:28:03,41.0,0.01,1,4100,买盘
1270,11:27:57,40.99,0.01,20,81980,买盘
1271,11:27:54,40.98,--,8,35570,卖盘
1272,11:27:39,40.98,0.05,14,58683,买盘
1273,11:27:36,40.93,-0.05,17,70645,卖盘
1274,11:27:33,40.98,0.06,1,4098,买盘
1275,11:27:30,40.92,--,12,49104,买盘
1276,11:27:21,40.92,--,7,28644,卖盘
1277,11:27:18,40.92,-0.07,3,12276,卖盘
1278,11:27:09,40.99,-0.01,1,4099,中性盘
1279,11:26:51,41.0,--,1,4100,买盘
1280,11:26:36,41.0,-0.01,4,19065,卖盘
1281,11:26:33,41.01,0.01,1,4101,买盘
1282,11:26:27,41.0,--,2,8200,卖盘
1283,11:26:24,41.0,-0.01,16,67035,卖盘
1284,11:26:18,41.01,--,21,86121,买盘
1285,11:26:15,41.01,-0.01,9,36909,卖盘
1286,11:26:12,41.02,-0.03,5,20510,卖盘
1287,11:25:51,41.05,-0.02,2,8210,中性盘
1288,11:25:42,41.07,0.01,1,4107,买盘
1289,11:25:39,41.06,0.04,20,82120,买盘
1290,11:25:33,41.02,--,1,4102,买盘
1291,11:25:30,41.02,--,6,24612,卖盘
1292,11:25:24,41.02,--,12,49224,卖盘
1293,11:25:21,41.02,0.01,2,8204,卖盘
1294,11:25:18,41.01,-0.07,4,16404,卖盘
1295,11:25:09,41.08,0.07,1,4108,买盘
1296,11:25:03,41.01,0.01,70,290104,买盘
1297,11:25:00,41.0,-0.01,1,4100,中性盘
1298,11:24:42,41.01,--,10,41010,买盘
1299,11:24:36,41.01,-0.07,35,145626,卖盘
1300,11:24:30,41.08,-0.02,105,431340,卖盘
1301,11:24:24,41.1,0.02,1,4110,买盘
1302,11:24:18,41.08,-0.02,1,4108,卖盘
1303,11:24:03,41.1,0.02,2,8220,买盘
1304,11:23:57,41.08,--,91,375840,买盘
1305,11:23:54,41.08,--,1,4108,买盘
1306,11:23:42,41.08,--,50,205400,买盘
1307,11:23:30,41.08,0.01,38,156104,买盘
1308,11:23:21,41.07,--,1,4107,买盘
1309,11:23:18,41.07,0.05,1,4107,买盘
1310,11:23:15,41.02,-0.04,2,8204,中性盘
1311,11:22:57,41.06,0.05,13,53378,买盘
1312,11:22:51,41.01,--,1,4101,卖盘
1313,11:22:48,41.01,-0.04,4,16404,卖盘
1314,11:22:45,41.05,--,1,4105,买盘
1315,11:22:33,41.05,0.04,1,4105,买盘
1316,11:22:27,41.01,0.01,17,69717,买盘
1317,11:22:24,41.0,--,6,24600,卖盘
1318,11:22:15,41.0,-0.01,5,20500,卖盘
1319,11:22:12,41.01,0.01,11,45111,买盘
1320,11:22:09,41.0,--,24,98400,卖盘
1321,11:22:06,41.0,-0.01,1,4100,卖盘
1322,11:21:54,41.01,0.01,1,4101,中性盘
1323,11:21:45,41.0,-0.05,2,8200,卖盘
1324,11:21:33,41.05,0.04,1,4105,买盘
1325,11:21:24,41.01,--,5,20505,卖盘
1326,11:21:21,41.01,--,5,20505,卖盘
1327,11:21:18,41.01,--,5,20505,卖盘
1328,11:21:12,41.01,-0.04,1,4101,中性盘
1329,11:21:09,41.05,0.04,10,41050,买盘
1330,11:21:06,41.01,--,30,123030,卖盘
1331,11:21:00,41.01,--,2,8202,卖盘
1332,11:20:54,41.01,--,2,8202,卖盘
1333,11:20:51,41.01,-0.04,3,12303,卖盘
1334,11:20:48,41.05,0.04,1,4105,买盘
1335,11:20:45,41.01,--,2,8202,卖盘
1336,11:20:42,41.01,--,1,4101,卖盘
1337,11:20:39,41.01,--,3,12303,卖盘
1338,11:20:33,41.01,--,1,4101,卖盘
1339,11:20:24,41.01,--,1,4101,卖盘
1340,11:20:21,41.01,-0.05,1,4101,卖盘
1341,11:20:12,41.06,--,1,4106,买盘
1342,11:20:09,41.06,-0.02,10,41060,卖盘
1343,11:20:03,41.08,0.02,1,4108,买盘
1344,11:19:42,41.06,-0.02,1,4106,卖盘
1345,11:19:39,41.08,--,1,4108,买盘
1346,11:19:27,41.08,0.02,1,4108,买盘
1347,11:19:12,41.06,0.03,7,28742,卖盘
1348,11:19:09,41.03,0.02,1,4103,买盘
1349,11:19:06,41.01,-0.02,1,4101,卖盘
1350,11:18:57,41.03,--,1,4103,买盘
1351,11:18:51,41.03,-0.05,3,12309,卖盘
1352,11:18:42,41.08,0.05,40,164320,买盘
1353,11:18:39,41.03,-0.03,2,8206,卖盘
1354,11:18:33,41.06,--,1,4106,买盘
1355,11:18:21,41.06,--,1,4106,买盘
1356,11:18:03,41.06,--,1,4106,买盘
1357,11:17:51,41.06,--,1,4106,买盘
1358,11:17:45,41.06,--,3,12318,买盘
1359,11:17:30,41.06,--,1,4106,买盘
1360,11:17:15,41.06,-0.02,1,4106,中性盘
1361,11:16:54,41.08,--,1,4108,买盘
1362,11:16:48,41.08,--,10,41080,买盘
1363,11:16:42,41.08,--,1,4108,买盘
1364,11:16:30,41.08,--,3,12324,买盘
1365,11:16:21,41.08,--,90,369720,买盘
1366,11:16:12,41.08,0.04,1,4108,买盘
1367,11:16:00,41.04,-0.04,1,4104,卖盘
1368,11:15:57,41.08,--,1,4108,买盘
1369,11:15:54,41.08,--,10,41080,买盘
1370,11:15:42,41.08,0.05,1,4108,买盘
1371,11:15:39,41.03,--,4,16412,买盘
1372,11:15:27,41.03,-0.05,1,4103,中性盘
1373,11:15:03,41.08,0.06,1,4108,买盘
1374,11:14:57,41.02,-0.06,20,82040,卖盘
1375,11:14:51,41.08,0.05,1,4108,买盘
1376,11:14:42,41.03,-0.01,6,24618,卖盘
1377,11:14:33,41.04,--,1,4104,买盘
1378,11:14:30,41.04,-0.01,3,12312,买盘
1379,11:14:18,41.05,-0.03,2,8210,中性盘
1380,11:14:06,41.08,--,20,82160,买盘
1381,11:14:03,41.08,0.03,250,1027000,买盘
1382,11:13:57,41.05,-0.01,4,16420,卖盘
1383,11:13:48,41.06,-0.02,2,8212,卖盘
1384,11:13:36,41.08,--,11,45188,买盘
1385,11:13:24,41.08,0.02,1,4108,买盘
1386,11:13:21,41.06,-0.02,10,41060,卖盘
1387,11:13:18,41.08,--,1,4108,买盘
1388,11:13:03,41.08,--,1,4108,买盘
1389,11:13:00,41.08,--,2,8216,买盘
1390,11:12:54,41.08,-0.03,157,644956,卖盘
1391,11:12:45,41.11,--,3,12333,买盘
1392,11:12:42,41.11,--,7,28777,买盘
1393,11:12:30,41.11,0.01,1,4111,买盘
1394,11:12:24,41.1,0.02,2,8220,卖盘
1395,11:12:18,41.08,-0.02,1,4108,卖盘
1396,11:12:15,41.1,0.02,5,20550,买盘
1397,11:12:06,41.08,--,1,4108,买盘
1398,11:12:00,41.08,--,1,4108,买盘
1399,11:11:57,41.08,0.01,20,82160,买盘
1400,11:11:51,41.07,--,3,12321,卖盘
1401,11:11:48,41.07,--,135,554486,买盘
1402,11:11:42,41.07,0.01,20,82140,买盘
1403,11:11:36,41.06,--,21,86226,买盘
1404,11:11:21,41.06,0.04,10,41060,买盘
1405,11:11:12,41.02,0.01,6,24612,买盘
1406,11:11:03,41.01,--,2,8202,买盘
1407,11:11:00,41.01,--,1,4101,买盘
1408,11:10:54,41.01,--,1,4101,买盘
1409,11:10:51,41.01,0.01,1,4101,买盘
1410,11:10:42,41.0,0.02,16,65600,买盘
1411,11:10:39,40.98,--,44,182401,买盘
1412,11:10:33,40.98,--,1,4098,买盘
1413,11:10:27,40.98,--,211,864677,买盘
1414,11:10:24,40.98,--,1,4098,买盘
1415,11:10:12,40.98,0.02,90,368820,买盘
1416,11:10:00,40.96,--,6,24576,买盘
1417,11:09:54,40.96,-0.02,1,4096,卖盘
1418,11:09:36,40.98,0.09,1,4098,中性盘
1419,11:09:03,40.89,-0.09,8,32712,卖盘
1420,11:09:00,40.98,0.21,6,24587,买盘
1421,11:08:51,40.77,--,31,126387,卖盘
1422,11:08:42,40.77,-0.12,60,244620,卖盘
1423,11:08:36,40.89,0.09,7,28623,买盘
1424,11:08:27,40.8,--,5,20400,卖盘
1425,11:08:15,40.8,--,3,13423,买盘
1426,11:08:00,40.8,--,1,4079,买盘
1427,11:07:57,40.8,--,10,40800,买盘
1428,11:07:54,40.8,--,5,23296,卖盘
1429,11:07:48,40.8,--,1,4079,卖盘
1430,11:07:45,40.8,-0.09,2,8159,卖盘
1431,11:07:42,40.89,0.09,27,110403,中性盘
1432,11:07:33,40.8,--,37,152143,买盘
1433,11:07:30,40.8,--,7,31456,卖盘
1434,11:07:24,40.8,--,92,376543,买盘
1435,11:07:21,40.8,--,13,53039,买盘
1436,11:07:18,40.8,--,2,8159,买盘
1437,11:07:15,40.8,--,7,28559,买盘
1438,11:07:03,40.8,--,2,8159,买盘
1439,11:07:00,40.8,-0.1,195,798496,卖盘
1440,11:06:51,40.9,0.02,1,4090,中性盘
1441,11:06:42,40.88,-0.01,2,8176,卖盘
1442,11:06:36,40.89,-0.09,2,8178,卖盘
1443,11:06:27,40.98,--,4,16392,卖盘
1444,11:06:12,40.98,--,3,12293,买盘
1445,11:06:00,40.98,0.1,2,8196,买盘
1446,11:05:42,40.88,-0.1,1,4088,中性盘
1447,11:04:57,40.98,--,92,377016,卖盘
1448,11:04:54,40.98,--,1,4098,卖盘
1449,11:04:27,40.98,0.08,10,40980,买盘
1450,11:04:24,40.9,-0.08,1,4090,卖盘
1451,11:04:21,40.98,--,1,4098,买盘
1452,11:04:06,40.98,0.08,1,4098,买盘
1453,11:03:42,40.9,0.05,4,16360,买盘
1454,11:03:36,40.85,-0.03,10,40850,卖盘
1455,11:03:33,40.88,0.03,1,4088,中性盘
1456,11:03:21,40.85,-0.04,31,126635,卖盘
1457,11:03:18,40.89,0.01,8,32712,中性盘
1458,11:03:03,40.88,-0.02,60,245280,卖盘
1459,11:03:00,40.9,0.01,3,12270,买盘
1460,11:02:54,40.89,--,3,12267,卖盘
1461,11:02:51,40.89,--,1,4089,卖盘
1462,11:02:36,40.89,--,4,16356,卖盘
1463,11:02:15,40.89,--,34,139026,卖盘
1464,11:01:45,40.89,-0.01,23,94047,卖盘
1465,11:01:36,40.9,--,3,12270,买盘
1466,11:01:33,40.9,0.01,5,20450,买盘
1467,11:01:30,40.89,-0.01,99,408859,卖盘
1468,11:01:18,40.9,-0.01,78,319060,卖盘
1469,11:01:12,40.91,0.01,1,4090,买盘
1470,11:01:09,40.9,-0.01,7,28630,卖盘
1471,11:00:51,40.91,-0.12,167,683197,卖盘
1472,11:00:33,41.03,--,26,106678,卖盘
1473,11:00:24,41.03,--,6,24618,卖盘
1474,11:00:06,41.03,--,7,28721,卖盘
1475,10:59:51,41.03,-0.02,19,77957,卖盘
1476,10:59:42,41.05,--,2,8210,卖盘
1477,10:59:39,41.05,-0.03,5,20525,卖盘
1478,10:59:33,41.08,--,2,8216,买盘
1479,10:59:30,41.08,--,2,8216,买盘
1480,10:59:24,41.08,0.03,3,12324,买盘
1481,10:59:21,41.05,-0.03,5,20525,卖盘
1482,10:59:18,41.08,-0.02,3,12324,中性盘
1483,10:59:09,41.1,--,1,4110,买盘
1484,10:58:54,41.1,--,20,82200,买盘
1485,10:58:51,41.1,0.01,10,41100,买盘
1486,10:58:48,41.09,--,3,12327,卖盘
1487,10:58:45,41.09,-0.01,4,16436,卖盘
1488,10:58:36,41.1,--,3,12330,买盘
1489,10:58:33,41.1,0.01,2,8220,买盘
1490,10:58:27,41.09,--,7,28763,卖盘
1491,10:58:21,41.09,0.01,12,49308,买盘
1492,10:57:27,41.08,--,2,8216,买盘
1493,10:57:00,41.08,0.04,4,16432,买盘
1494,10:56:45,41.04,--,3,12312,卖盘
1495,10:56:18,41.04,--,10,41040,卖盘
1496,10:56:06,41.04,--,3,12312,卖盘
1497,10:55:48,41.04,--,1,4104,卖盘
1498,10:55:39,41.04,--,1,4104,卖盘
1499,10:55:36,41.04,--,4,16416,卖盘
1500,10:55:33,41.04,--,1,4104,卖盘
1501,10:55:30,41.04,--,50,205200,卖盘
1502,10:55:21,41.04,-0.06,2,8208,卖盘
1503,10:55:00,41.1,0.03,14,57540,买盘
1504,10:54:57,41.07,0.04,10,41070,买盘
1505,10:54:42,41.03,--,52,213356,卖盘
1506,10:54:39,41.03,--,1,4103,卖盘
1507,10:54:33,41.03,-0.04,1,4103,卖盘
1508,10:54:30,41.07,0.04,137,562659,买盘
1509,10:54:06,41.03,0.1,1,4103,买盘
1510,10:54:03,40.93,-0.1,10,40930,卖盘
1511,10:54:00,41.03,--,7,28721,买盘
1512,10:53:39,41.03,--,3,12309,买盘
1513,10:53:36,41.03,-0.01,2,8206,买盘
1514,10:53:33,41.04,--,4,16416,买盘
1515,10:53:30,41.04,-0.01,13,53352,中性盘
1516,10:53:00,41.05,-0.01,15,61574,中性盘
1517,10:52:30,41.06,-0.01,23,94438,中性盘
1518,10:52:09,41.07,0.01,69,283383,买盘
1519,10:52:03,41.06,--,8,35434,卖盘
1520,10:52:00,41.06,0.01,21,87745,买盘
1521,10:51:54,41.05,0.05,3,12315,买盘
1522,10:51:48,41.0,-0.06,1,4100,中性盘
1523,10:51:30,41.06,-0.02,14,57484,中性盘
1524,10:51:00,41.08,0.19,18,73944,买盘
1525,10:50:51,40.89,-0.01,16,68449,卖盘
1526,10:50:48,40.9,--,0,1431,买盘
1527,10:50:39,40.9,--,3,12270,买盘
1528,10:50:33,40.9,-0.01,12,50429,卖盘
1529,10:50:30,40.91,0.01,2,8181,买盘
1530,10:50:24,40.9,--,6,27280,买盘
1531,10:50:15,40.9,--,15,63885,买盘
1532,10:50:00,40.9,--,1,4090,买盘
1533,10:49:57,40.9,-0.01,15,61350,卖盘
1534,10:49:48,40.91,--,6,24545,卖盘
1535,10:49:30,40.91,-0.17,15,62592,卖盘
1536,10:49:24,41.08,-0.01,6,24648,中性盘
1537,10:49:18,41.09,0.17,1,4109,买盘
1538,10:49:12,40.92,--,8,32736,卖盘
1539,10:49:09,40.92,-0.01,2,8184,卖盘
1540,10:49:06,40.93,--,16,68353,卖盘
1541,10:49:03,40.93,-0.16,2,8186,卖盘
1542,10:49:00,41.09,0.15,13,53417,买盘
1543,10:48:57,40.94,--,2,8188,买盘
1544,10:48:54,40.94,-0.16,1,4094,卖盘
1545,10:48:45,41.1,--,27,110970,卖盘
1546,10:48:39,41.1,-0.02,2,8220,中性盘
1547,10:48:30,41.12,0.11,11,45232,买盘
1548,10:48:27,41.01,--,1,5331,卖盘
1549,10:48:18,41.01,-0.11,5,20505,卖盘
1550,10:48:00,41.12,0.01,1,4112,买盘
1551,10:47:54,41.11,--,4,20431,卖盘
1552,10:47:30,41.11,--,15,61788,买盘
1553,10:47:27,41.11,--,2,8222,买盘
1554,10:47:21,41.11,--,2,8222,买盘
1555,10:47:00,41.11,--,176,723536,买盘
1556,10:46:30,41.11,0.01,46,189106,买盘
1557,10:46:27,41.1,0.09,10,41100,买盘
1558,10:46:24,41.01,-0.02,10,41010,卖盘
1559,10:46:18,41.03,--,1,4103,买盘
1560,10:46:15,41.03,-0.07,3,12309,卖盘
1561,10:46:00,41.1,--,35,143850,买盘
1562,10:45:51,41.1,0.01,7,28770,买盘
1563,10:45:30,41.09,--,1,4109,买盘
1564,10:45:21,41.09,0.01,4,16436,买盘
1565,10:45:00,41.08,-0.02,1,4108,中性盘
1566,10:44:39,41.1,--,3,12330,买盘
1567,10:44:30,41.1,--,13,53430,买盘
1568,10:44:09,41.1,--,1,4110,买盘
1569,10:44:00,41.1,0.09,125,513750,买盘
1570,10:43:51,41.01,-0.08,28,114828,卖盘
1571,10:43:48,41.09,--,1,4109,卖盘
1572,10:43:45,41.09,--,2,8218,卖盘
1573,10:43:36,41.09,0.09,22,90398,买盘
1574,10:43:30,41.0,0.1,15,64370,买盘
1575,10:43:24,40.9,--,5,20450,买盘
1576,10:43:18,40.9,-0.18,43,175870,卖盘
1577,10:43:06,41.08,--,0,616,卖盘
1578,10:43:03,41.08,--,1,4108,卖盘
1579,10:43:00,41.08,0.18,29,122623,买盘
1580,10:42:57,40.9,--,11,44990,买盘
1581,10:42:51,40.9,--,1,4090,买盘
1582,10:42:45,40.9,--,2,8180,买盘
1583,10:42:36,40.9,-0.09,25,105522,卖盘
1584,10:42:30,40.99,0.09,3,12297,买盘
1585,10:42:27,40.9,--,7,29448,买盘
1586,10:42:24,40.9,0.01,2,8180,买盘
1587,10:42:18,40.89,-0.01,2,8178,卖盘
1588,10:42:15,40.9,--,5,20450,买盘
1589,10:42:12,40.9,--,10,40900,买盘
1590,10:42:00,40.9,0.01,195,797550,买盘
1591,10:41:48,40.89,-0.01,2,8178,卖盘
1592,10:41:45,40.9,--,4,16360,买盘
1593,10:41:42,40.9,--,2,8180,买盘
1594,10:41:39,40.9,--,20,81800,买盘
1595,10:41:36,40.9,-0.18,14,57260,卖盘
1596,10:41:30,41.08,0.09,57,234156,买盘
1597,10:41:06,40.99,-0.09,1,4099,卖盘
1598,10:41:00,41.08,--,16,65728,买盘
1599,10:40:54,41.08,0.08,2,8216,买盘
1600,10:40:48,41.0,-0.08,28,114800,卖盘
1601,10:40:36,41.08,-0.01,4,16432,卖盘
1602,10:40:30,41.09,0.01,64,262976,买盘
1603,10:40:27,41.08,--,2,8216,卖盘
1604,10:40:21,41.08,--,4,16432,买盘
1605,10:40:00,41.08,0.08,39,160212,买盘
1606,10:39:57,41.0,-0.01,400,1640000,卖盘
1607,10:39:36,41.01,--,5,20505,卖盘
1608,10:39:33,41.01,-0.07,1,4101,卖盘
1609,10:39:27,41.08,--,5,20540,买盘
1610,10:39:18,41.08,-0.01,2,8216,中性盘
1611,10:39:03,41.09,--,2,8218,买盘
1612,10:38:57,41.09,--,1,4109,买盘
1613,10:38:54,41.09,-0.01,26,106834,卖盘
1614,10:38:51,41.1,0.01,46,189060,买盘
1615,10:38:45,41.09,--,5,20545,卖盘
1616,10:38:39,41.09,--,3,12327,买盘
1617,10:38:36,41.09,--,1,4109,买盘
1618,10:38:27,41.09,0.08,1,4109,买盘
1619,10:38:09,41.01,-0.07,7,28707,卖盘
1620,10:38:06,41.08,-0.01,5,20540,中性盘
1621,10:37:36,41.09,0.01,25,102725,买盘
1622,10:37:33,41.08,0.01,41,168428,买盘
1623,10:37:30,41.07,-0.01,61,252785,卖盘
1624,10:37:27,41.08,0.01,12,49296,买盘
1625,10:37:24,41.07,--,10,41070,卖盘
1626,10:37:18,41.07,--,13,53391,卖盘
1627,10:37:12,41.07,--,15,63453,买盘
1628,10:37:09,41.07,--,1,4107,买盘
1629,10:37:06,41.07,--,33,135531,买盘
1630,10:36:36,41.07,--,38,156066,买盘
1631,10:36:12,41.07,0.09,6,24642,买盘
1632,10:36:06,40.98,-0.02,2,8196,买盘
1633,10:35:57,41.0,--,3,12300,卖盘
1634,10:35:42,41.0,--,10,41000,卖盘
1635,10:35:36,41.0,-0.05,16,65600,卖盘
1636,10:35:30,41.05,0.05,2,8210,买盘
1637,10:35:27,41.0,0.15,10,41000,中性盘
1638,10:35:03,40.85,-0.14,354,1448541,卖盘
1639,10:34:48,40.99,0.04,2,8198,中性盘
1640,10:34:39,40.95,-0.02,37,155405,卖盘
1641,10:34:36,40.97,-0.04,13,53261,卖盘
1642,10:34:21,41.01,0.04,12,49212,买盘
1643,10:34:18,40.97,-0.04,1,4097,卖盘
1644,10:34:15,41.01,-0.02,10,41010,中性盘
1645,10:34:06,41.03,0.07,35,143605,买盘
1646,10:34:00,40.96,-0.07,21,86016,卖盘
1647,10:33:54,41.03,--,2,8206,买盘
1648,10:33:48,41.03,-0.02,3,12309,买盘
1649,10:33:39,41.05,--,0,3160,卖盘
1650,10:33:36,41.05,0.01,33,136409,买盘
1651,10:33:33,41.04,-0.01,9,36936,中性盘
1652,10:33:15,41.05,-0.02,2,8210,中性盘
1653,10:33:06,41.07,-0.01,32,131424,买盘
1654,10:32:39,41.08,--,15,61620,买盘
1655,10:32:36,41.08,--,19,78052,买盘
1656,10:32:30,41.08,--,1,4108,买盘
1657,10:32:27,41.08,-0.02,13,53404,中性盘
1658,10:32:12,41.1,0.05,113,464430,买盘
1659,10:32:06,41.05,0.1,19,77995,买盘
1660,10:31:51,40.95,0.03,36,149303,卖盘
1661,10:31:48,40.92,0.06,33,139087,买盘
1662,10:31:42,40.86,-0.05,1,4086,卖盘
1663,10:31:36,40.91,0.06,4,16363,中性盘
1664,10:31:21,40.85,-0.07,50,204250,卖盘
1665,10:31:18,40.92,0.02,2,8184,买盘
1666,10:31:15,40.9,--,31,130062,卖盘
1667,10:31:06,40.9,0.05,63,260860,买盘
1668,10:31:03,40.85,-0.01,13,53105,卖盘
1669,10:31:00,40.86,--,4,16344,买盘
1670,10:30:57,40.86,-0.01,1,4086,卖盘
1671,10:30:48,40.87,--,1,4086,买盘
1672,10:30:42,40.87,--,2,8173,买盘
1673,10:30:39,40.87,-0.02,13,53131,卖盘
1674,10:30:36,40.89,0.01,17,69513,买盘
1675,10:30:33,40.88,--,6,24528,买盘
1676,10:30:27,40.88,--,2,8176,买盘
1677,10:30:24,40.88,--,12,49056,买盘
1678,10:30:21,40.88,-0.01,2,8176,中性盘
1679,10:30:15,40.89,--,1,4089,买盘
1680,10:30:06,40.89,0.01,37,151293,买盘
1681,10:30:03,40.88,-0.01,37,153463,卖盘
1682,10:30:00,40.89,0.01,2,8178,买盘
1683,10:29:57,40.88,--,3,12264,卖盘
1684,10:29:45,40.88,-0.02,37,153136,卖盘
1685,10:29:36,40.9,0.01,17,69530,买盘
1686,10:29:33,40.89,--,9,36801,买盘
1687,10:29:27,40.89,--,7,28623,买盘
1688,10:29:24,40.89,-0.01,10,40890,卖盘
1689,10:29:21,40.9,--,2,8180,买盘
1690,10:29:06,40.9,-0.01,47,192230,卖盘
1691,10:29:00,40.91,--,1,4090,买盘
1692,10:28:57,40.91,--,1,4090,买盘
1693,10:28:54,40.91,--,4,16363,买盘
1694,10:28:48,40.91,-0.01,16,65455,卖盘
1695,10:28:45,40.92,--,1,4092,买盘
1696,10:28:36,40.92,--,4,16368,买盘
1697,10:28:33,40.92,-0.01,16,68950,卖盘
1698,10:28:30,40.93,--,5,21078,买盘
1699,10:28:18,40.93,-0.02,14,57302,买盘
1700,10:28:15,40.95,-0.02,13,57002,卖盘
1701,10:28:09,40.97,0.02,0,1024,买盘
1702,10:28:06,40.95,0.01,45,187673,买盘
1703,10:28:03,40.94,-0.01,8,32752,中性盘
1704,10:27:48,40.95,--,8,32760,买盘
1705,10:27:39,40.95,-0.02,13,53235,卖盘
1706,10:27:36,40.97,0.01,31,127007,买盘
1707,10:27:30,40.96,-0.01,9,36864,买盘
1708,10:27:18,40.97,--,1,4097,买盘
1709,10:27:06,40.97,0.01,30,122910,买盘
1710,10:27:03,40.96,-0.01,30,122880,买盘
1711,10:27:00,40.97,0.06,1,4097,买盘
1712,10:26:51,40.91,-0.06,6,24545,卖盘
1713,10:26:45,40.97,-0.02,2,8194,中性盘
1714,10:26:36,40.99,0.01,31,127069,买盘
1715,10:26:33,40.98,-0.01,6,24587,中性盘
1716,10:26:18,40.99,--,1,4099,买盘
1717,10:26:15,40.99,-0.02,8,32792,买盘
1718,10:26:09,41.01,--,0,3116,卖盘
1719,10:26:06,41.01,0.01,44,181428,买盘
1720,10:26:03,41.0,--,8,32800,买盘
1721,10:25:54,41.0,0.14,30,123000,买盘
1722,10:25:48,40.86,-0.02,33,135328,卖盘
1723,10:25:42,40.88,0.01,15,64917,买盘
1724,10:25:39,40.87,--,10,40870,买盘
1725,10:25:36,40.87,--,8,32695,买盘
1726,10:25:33,40.87,-0.01,4,19576,卖盘
1727,10:25:24,40.88,--,1,4088,买盘
1728,10:25:21,40.88,--,8,32704,买盘
1729,10:25:15,40.88,--,45,183960,卖盘
1730,10:25:12,40.88,-0.01,1,4088,中性盘
1731,10:25:03,40.89,0.03,5,20445,买盘
1732,10:25:00,40.86,--,6,25374,买盘
1733,10:24:54,40.86,-0.03,29,118494,卖盘
1734,10:24:48,40.89,0.02,32,130848,买盘
1735,10:24:42,40.87,--,3,12261,买盘
1736,10:24:39,40.87,-0.02,0,2329,卖盘
1737,10:24:36,40.89,0.01,33,134937,买盘
1738,10:24:30,40.88,--,31,126728,买盘
1739,10:24:21,40.88,-0.01,1,4088,中性盘
1740,10:24:12,40.89,--,11,44979,买盘
1741,10:24:09,40.89,--,1,4089,买盘
1742,10:24:06,40.89,-0.01,6,24534,中性盘
1743,10:23:54,40.9,0.03,1,4090,买盘
1744,10:23:51,40.87,0.02,5,22192,买盘
1745,10:23:48,40.85,--,8,32680,买盘
1746,10:23:42,40.85,-0.01,21,86030,卖盘
1747,10:23:39,40.86,--,1,4086,卖盘
1748,10:23:36,40.86,--,10,44169,买盘
1749,10:23:27,40.86,-0.01,20,81720,卖盘
1750,10:23:15,40.87,--,2,8173,买盘
1751,10:23:12,40.87,-0.02,26,106262,买盘
1752,10:23:06,40.89,0.01,29,118581,买盘
1753,10:23:00,40.88,--,10,40880,买盘
1754,10:22:54,40.88,0.02,4,16352,中性盘
1755,10:22:45,40.86,-0.03,5,20430,卖盘
1756,10:22:39,40.89,0.01,8,32712,买盘
1757,10:22:36,40.88,-0.01,28,114464,买盘
1758,10:22:33,40.89,0.03,21,85869,买盘
1759,10:22:27,40.86,-0.03,1,4086,卖盘
1760,10:22:21,40.89,0.03,5,20445,中性盘
1761,10:22:06,40.86,-0.04,2,8172,卖盘
1762,10:22:03,40.9,--,1,4090,买盘
1763,10:22:00,40.9,0.05,8,32720,买盘
1764,10:21:54,40.85,-0.01,33,135009,卖盘
1765,10:21:51,40.86,--,59,241400,买盘
1766,10:21:42,40.86,--,1,4086,买盘
1767,10:21:36,40.86,0.01,42,171612,买盘
1768,10:21:33,40.85,-0.01,31,126635,中性盘
1769,10:21:06,40.86,0.01,39,159354,买盘
1770,10:21:03,40.85,0.01,34,138890,买盘
1771,10:21:00,40.84,0.02,1,4084,中性盘
1772,10:20:39,40.82,-0.04,2,8164,卖盘
1773,10:20:33,40.86,--,1,4086,买盘
1774,10:20:30,40.86,-0.02,5,20430,买盘
1775,10:20:27,40.88,-0.01,15,64753,卖盘
1776,10:20:24,40.89,0.02,35,143769,买盘
1777,10:20:12,40.87,--,17,69479,买盘
1778,10:20:09,40.87,-0.02,4,16347,卖盘
1779,10:20:03,40.89,0.01,6,24534,买盘
1780,10:20:00,40.88,--,2,8176,买盘
1781,10:19:51,40.88,--,9,36792,买盘
1782,10:19:48,40.88,-0.01,15,61320,卖盘
1783,10:19:45,40.89,--,3,12267,买盘
1784,10:19:36,40.89,0.02,20,81780,买盘
1785,10:19:30,40.87,-0.01,33,134871,卖盘
1786,10:19:24,40.88,--,2,8176,买盘
1787,10:19:21,40.88,0.01,35,143080,买盘
1788,10:19:18,40.87,-0.01,1,4086,中性盘
1789,10:19:12,40.88,--,3,12264,买盘
1790,10:19:09,40.88,--,2,8176,买盘
1791,10:19:06,40.88,--,1,4088,买盘
1792,10:19:03,40.88,--,2,8176,买盘
1793,10:19:00,40.88,-0.01,28,114464,卖盘
1794,10:18:57,40.89,0.02,7,28623,中性盘
1795,10:18:45,40.87,-0.03,14,57218,卖盘
1796,10:18:39,40.9,0.03,44,181555,买盘
1797,10:18:36,40.87,0.01,2,10013,买盘
1798,10:18:30,40.86,--,5,20430,卖盘
1799,10:18:27,40.86,--,1,4086,卖盘
1800,10:18:24,40.86,0.01,16,67950,买盘
1801,10:18:21,40.85,--,9,36765,买盘
1802,10:18:18,40.85,--,21,85785,卖盘
1803,10:18:15,40.85,-0.01,21,85785,卖盘
1804,10:18:12,40.86,--,1,4086,买盘
1805,10:18:09,40.86,--,4,16344,买盘
1806,10:18:06,40.86,--,12,49032,买盘
1807,10:18:03,40.86,-0.01,6,24516,买盘
1808,10:18:00,40.87,--,1,4086,买盘
1809,10:17:57,40.87,--,1,4086,买盘
1810,10:17:54,40.87,--,9,36783,买盘
1811,10:17:51,40.87,--,1,4086,买盘
1812,10:17:48,40.87,--,15,61304,买盘
1813,10:17:45,40.87,-0.01,7,28609,中性盘
1814,10:17:39,40.88,--,2,8176,买盘
1815,10:17:30,40.88,0.09,26,106288,买盘
1816,10:17:27,40.79,--,34,139175,买盘
1817,10:17:21,40.79,0.01,6,24474,买盘
1818,10:17:15,40.78,0.01,19,80418,买盘
1819,10:17:06,40.77,--,33,137761,卖盘
1820,10:17:03,40.77,--,1,4077,卖盘
1821,10:17:00,40.77,0.01,18,74731,买盘
1822,10:16:57,40.76,--,18,73368,买盘
1823,10:16:54,40.76,--,3,12228,买盘
1824,10:16:51,40.76,--,2,8152,买盘
1825,10:16:48,40.76,-0.01,18,73368,卖盘
1826,10:16:45,40.77,0.06,4,16308,买盘
1827,10:16:39,40.71,-0.06,6,24426,卖盘
1828,10:16:36,40.77,--,10,40770,买盘
1829,10:16:33,40.77,--,124,505548,买盘
1830,10:16:24,40.77,--,1,4077,买盘
1831,10:16:18,40.77,0.07,1,4077,买盘
1832,10:16:15,40.7,-0.08,2,8140,中性盘
1833,10:16:06,40.78,--,22,89716,买盘
1834,10:16:03,40.78,0.08,80,326240,买盘
1835,10:16:00,40.7,0.02,242,987911,中性盘
1836,10:15:57,40.68,-0.1,35,143803,卖盘
1837,10:15:51,40.78,0.09,10,44531,买盘
1838,10:15:48,40.69,0.03,12,48828,买盘
1839,10:15:45,40.66,-0.01,54,219563,卖盘
1840,10:15:42,40.67,-0.02,4,16268,卖盘
1841,10:15:39,40.69,--,7,28483,买盘
1842,10:15:36,40.69,-0.02,10,41096,卖盘
1843,10:15:33,40.71,--,6,28089,买盘
1844,10:15:30,40.71,--,28,113988,买盘
1845,10:15:24,40.71,-0.06,1,4071,中性盘
1846,10:15:18,40.77,0.11,71,289467,买盘
1847,10:15:15,40.66,0.06,2,8131,中性盘
1848,10:15:06,40.6,-0.14,2,8120,卖盘
1849,10:15:03,40.74,-0.03,1,4074,卖盘
1850,10:15:00,40.77,0.04,2,8154,买盘
1851,10:14:54,40.73,-0.05,1,4072,中性盘
1852,10:14:39,40.78,--,3,12234,买盘
1853,10:14:33,40.78,0.36,34,138652,买盘
1854,10:14:27,40.42,-0.33,25,101050,卖盘
1855,10:14:24,40.75,--,1,4075,卖盘
1856,10:14:21,40.75,-0.04,2,8150,中性盘
1857,10:14:15,40.79,-0.03,11,44869,中性盘
1858,10:14:03,40.82,0.02,33,134706,买盘
1859,10:14:00,40.8,0.39,19,77520,买盘
1860,10:13:54,40.41,-0.39,3,12122,中性盘
1861,10:13:45,40.8,--,8,32639,买盘
1862,10:13:42,40.8,-0.01,9,36720,卖盘
1863,10:13:39,40.81,0.41,2,8162,中性盘
1864,10:13:36,40.4,-0.4,438,1771418,卖盘
1865,10:13:33,40.8,-0.04,2,8159,卖盘
1866,10:13:30,40.84,--,25,102100,买盘
1867,10:13:27,40.84,0.04,9,36756,买盘
1868,10:13:21,40.8,-0.04,27,110159,卖盘
1869,10:13:18,40.84,0.01,1,4084,买盘
1870,10:13:15,40.83,-0.01,6,24498,卖盘
1871,10:13:12,40.84,-0.01,2,8168,中性盘
1872,10:13:09,40.85,--,5,20425,买盘
1873,10:13:00,40.85,--,17,69445,买盘
1874,10:12:57,40.85,-0.01,1,4085,卖盘
1875,10:12:54,40.86,--,1,4086,买盘
1876,10:12:39,40.86,--,15,61290,卖盘
1877,10:12:36,40.86,--,2,8172,卖盘
1878,10:12:33,40.86,-0.02,27,110322,卖盘
1879,10:12:30,40.88,0.01,39,159432,买盘
1880,10:12:27,40.87,--,1,4086,买盘
1881,10:12:21,40.87,-0.01,7,28609,卖盘
1882,10:12:18,40.88,--,2,8176,买盘
1883,10:12:15,40.88,--,12,49056,买盘
1884,10:12:12,40.88,--,18,73584,买盘
1885,10:12:09,40.88,-0.03,61,249368,卖盘
1886,10:12:03,40.91,--,3,12272,买盘
1887,10:12:00,40.91,--,4,16363,买盘
1888,10:11:57,40.91,-0.08,163,669001,卖盘
1889,10:11:48,40.99,0.02,40,163960,买盘
1890,10:11:45,40.97,0.06,30,122910,中性盘
1891,10:11:39,40.91,-0.05,143,588776,卖盘
1892,10:11:36,40.96,-0.01,18,73728,卖盘
1893,10:11:30,40.97,--,28,114716,买盘
1894,10:11:27,40.97,0.01,3,12291,中性盘
1895,10:11:24,40.96,--,3,12288,卖盘
1896,10:11:21,40.96,--,4,16384,卖盘
1897,10:11:18,40.96,-0.03,3,12288,卖盘
1898,10:11:09,40.99,--,9,36891,买盘
1899,10:11:06,40.99,-0.01,2,8198,卖盘
1900,10:11:00,41.0,-0.04,16,65600,中性盘
1901,10:10:54,41.04,0.02,10,41040,买盘
1902,10:10:51,41.02,0.02,0,3158,卖盘
1903,10:10:48,41.0,--,9,37843,买盘
1904,10:10:45,41.0,--,7,31857,卖盘
1905,10:10:42,41.0,--,10,41000,卖盘
1906,10:10:36,41.0,--,1,4100,卖盘
1907,10:10:33,41.0,-0.08,57,233700,卖盘
1908,10:10:30,41.08,0.04,27,110916,中性盘
1909,10:10:27,41.04,-0.05,2,8208,卖盘
1910,10:10:15,41.09,-0.01,8,32872,中性盘
1911,10:10:03,41.1,-0.02,16,65760,卖盘
1912,10:10:00,41.12,--,43,176816,买盘
1913,10:09:51,41.12,-0.01,17,69904,卖盘
1914,10:09:48,41.13,0.01,2,8226,买盘
1915,10:09:45,41.12,-0.01,19,78128,卖盘
1916,10:09:39,41.13,-0.01,13,53469,卖盘
1917,10:09:30,41.14,--,1,4114,买盘
1918,10:09:27,41.14,--,2,8228,卖盘
1919,10:09:18,41.14,-0.03,3,12342,卖盘
1920,10:09:12,41.17,-0.03,43,179871,卖盘
1921,10:09:09,41.2,--,6,25997,买盘
1922,10:09:00,41.2,--,48,197760,买盘
1923,10:08:57,41.2,--,9,37080,买盘
1924,10:08:54,41.2,--,31,127720,买盘
1925,10:08:48,41.2,--,4,16480,买盘
1926,10:08:45,41.2,-0.03,50,206000,卖盘
1927,10:08:42,41.23,--,12,49475,买盘
1928,10:08:30,41.23,-0.01,7,28860,买盘
1929,10:08:27,41.24,--,8,33198,卖盘
1930,10:08:24,41.24,--,1,4124,卖盘
1931,10:08:21,41.24,--,11,49281,买盘
1932,10:08:12,41.24,--,3,12372,买盘
1933,10:08:06,41.24,--,36,148464,买盘
1934,10:08:03,41.24,0.01,26,107224,买盘
1935,10:08:00,41.23,0.03,28,115443,中性盘
1936,10:07:48,41.2,--,4,16480,卖盘
1937,10:07:33,41.2,-0.05,2,8240,卖盘
1938,10:07:30,41.25,0.05,31,127875,买盘
1939,10:07:21,41.2,-0.08,1,4120,中性盘
1940,10:07:09,41.28,0.08,12,49536,买盘
1941,10:07:06,41.2,-0.06,4,16480,卖盘
1942,10:07:00,41.26,0.06,32,132032,中性盘
1943,10:06:54,41.2,-0.08,1,4120,卖盘
1944,10:06:48,41.28,--,5,20640,买盘
1945,10:06:36,41.28,-0.01,2,8256,中性盘
1946,10:06:30,41.29,--,30,123870,买盘
1947,10:06:21,41.29,0.11,2,8258,买盘
1948,10:06:18,41.18,-0.12,2,8236,卖盘
1949,10:06:12,41.3,--,1,4130,买盘
1950,10:06:06,41.3,0.12,10,41300,买盘
1951,10:06:03,41.18,-0.12,1,4118,卖盘
1952,10:06:00,41.3,--,43,177590,买盘
1953,10:05:51,41.3,--,1,4130,买盘
1954,10:05:48,41.3,-0.05,73,302687,卖盘
1955,10:05:45,41.35,-0.01,2,8270,买盘
1956,10:05:42,41.36,0.01,39,161304,买盘
1957,10:05:39,41.35,-0.02,8,33080,中性盘
1958,10:05:30,41.37,0.01,17,70329,买盘
1959,10:05:27,41.36,--,14,57904,买盘
1960,10:05:24,41.36,-0.01,13,53768,卖盘
1961,10:05:15,41.37,--,5,20685,买盘
1962,10:05:06,41.37,0.01,35,148890,买盘
1963,10:05:03,41.36,--,30,124080,买盘
1964,10:05:00,41.36,0.06,60,248160,买盘
1965,10:04:57,41.3,-0.01,3,12390,卖盘
1966,10:04:54,41.31,--,8,33048,买盘
1967,10:04:48,41.31,-0.06,5,20655,中性盘
1968,10:04:45,41.37,0.02,208,860496,买盘
1969,10:04:33,41.35,--,8,33080,卖盘
1970,10:04:30,41.35,0.05,22,90970,买盘
1971,10:04:21,41.3,--,162,672033,买盘
1972,10:04:18,41.3,0.13,20,82600,买盘
1973,10:04:12,41.17,-0.13,32,131949,中性盘
1974,10:04:06,41.3,0.19,100,413000,买盘
1975,10:04:00,41.11,0.01,2,8222,买盘
1976,10:03:57,41.1,--,8,32880,卖盘
1977,10:03:54,41.1,0.02,239,984591,买盘
1978,10:03:45,41.08,0.05,1,4108,买盘
1979,10:03:42,41.03,--,16,66591,买盘
1980,10:03:39,41.03,--,1,4103,买盘
1981,10:03:36,41.03,0.01,19,77957,卖盘
1982,10:03:33,41.02,-0.03,36,147672,卖盘
1983,10:03:30,41.05,0.03,19,80745,买盘
1984,10:03:18,41.02,0.01,46,189143,买盘
1985,10:03:06,41.01,--,36,148907,买盘
1986,10:03:03,41.01,--,7,28707,买盘
1987,10:03:00,41.01,--,68,278868,买盘
1988,10:02:54,41.01,--,7,28707,买盘
1989,10:02:51,41.01,--,1,4101,买盘
1990,10:02:45,41.01,--,2,10457,卖盘
1991,10:02:42,41.01,-0.01,34,140582,卖盘
1992,10:02:39,41.02,--,17,69734,买盘
1993,10:02:36,41.02,--,2,8204,买盘
1994,10:02:33,41.02,--,5,20510,买盘
1995,10:02:30,41.02,0.01,2,8204,买盘
1996,10:02:27,41.01,-0.01,32,131929,卖盘
1997,10:02:24,41.02,--,22,90244,买盘
1998,10:02:21,41.02,--,3,12306,买盘
1999,10:02:15,41.02,-0.02,46,188692,卖盘
2000,10:02:09,41.04,0.03,6,24624,中性盘
2001,10:01:54,41.01,--,3,12303,买盘
2002,10:01:48,41.01,--,54,222848,买盘
2003,10:01:45,41.01,0.02,71,291335,买盘
2004,10:01:42,40.99,--,5,20495,买盘
2005,10:01:39,40.99,0.03,1,4099,买盘
2006,10:01:30,40.96,-0.01,41,169738,卖盘
2007,10:01:24,40.97,--,13,53711,买盘
2008,10:01:21,40.97,0.01,19,77843,买盘
2009,10:01:15,40.96,-0.03,3,12288,卖盘
2010,10:01:09,40.99,0.01,33,135267,买盘
2011,10:01:03,40.98,0.04,47,192605,买盘
2012,10:01:00,40.94,-0.04,12,49128,卖盘
2013,10:00:51,40.98,0.01,47,192605,买盘
2014,10:00:48,40.97,-0.01,2,8194,中性盘
2015,10:00:27,40.98,--,5,20490,买盘
2016,10:00:24,40.98,--,15,61469,买盘
2017,10:00:21,40.98,-0.01,1,4098,中性盘
2018,10:00:15,40.99,--,2,8198,买盘
2019,10:00:09,40.99,--,10,40990,买盘
2020,10:00:03,40.99,-0.01,2,8198,买盘
2021,10:00:00,41.0,--,1,4100,买盘
2022,09:59:54,41.0,--,13,53300,买盘
2023,09:59:48,41.0,0.09,24,98400,买盘
2024,09:59:45,40.91,-0.01,10,40910,买盘
2025,09:59:42,40.92,-0.08,7,28644,卖盘
2026,09:59:39,41.0,0.06,9,36900,买盘
2027,09:59:36,40.94,0.02,39,159666,买盘
2028,09:59:27,40.92,-0.02,9,36828,卖盘
2029,09:59:24,40.94,0.04,1,4094,买盘
2030,09:59:21,40.9,-0.03,22,89980,卖盘
2031,09:59:18,40.93,--,3,12279,买盘
2032,09:59:15,40.93,--,23,94139,买盘
2033,09:59:12,40.93,0.03,2,8186,中性盘
2034,09:59:00,40.9,--,3,12270,卖盘
2035,09:58:54,40.9,--,17,69530,卖盘
2036,09:58:51,40.9,0.04,73,300615,买盘
2037,09:58:48,40.86,-0.03,4,16344,卖盘
2038,09:58:45,40.89,--,5,20445,买盘
2039,09:58:42,40.89,0.07,5,20445,买盘
2040,09:58:36,40.82,-0.08,20,85150,卖盘
2041,09:58:18,40.9,0.08,2,8180,买盘
2042,09:58:15,40.82,-0.04,240,979680,卖盘
2043,09:58:12,40.86,-0.04,19,77634,卖盘
2044,09:58:06,40.9,-0.04,79,323110,卖盘
2045,09:58:03,40.94,0.04,2,8188,买盘
2046,09:57:57,40.9,--,1,4090,卖盘
2047,09:57:54,40.9,0.04,274,1123236,买盘
2048,09:57:51,40.86,--,74,302364,买盘
2049,09:57:42,40.86,--,2,8172,买盘
2050,09:57:39,40.86,--,3,14055,卖盘
2051,09:57:36,40.86,--,44,182072,卖盘
2052,09:57:33,40.86,-0.01,11,44946,卖盘
2053,09:57:30,40.87,0.01,6,24522,买盘
2054,09:57:24,40.86,-0.01,2,8172,卖盘
2055,09:57:21,40.87,0.01,2,8173,中性盘
2056,09:57:18,40.86,--,100,408600,卖盘
2057,09:57:15,40.86,--,5,20430,卖盘
2058,09:57:03,40.86,0.01,3,12258,买盘
2059,09:57:00,40.85,-0.01,40,167076,卖盘
2060,09:56:54,40.86,--,7,28602,买盘
2061,09:56:45,40.86,--,1,4086,买盘
2062,09:56:42,40.86,-0.01,45,186771,卖盘
2063,09:56:39,40.87,0.01,5,20435,买盘
2064,09:56:33,40.86,-0.01,23,93978,卖盘
2065,09:56:30,40.87,--,1,4086,买盘
2066,09:56:27,40.87,0.01,3,12261,买盘
2067,09:56:24,40.86,-0.01,40,164624,卖盘
2068,09:56:21,40.87,0.01,6,24522,买盘
2069,09:56:18,40.86,-0.01,8,32688,卖盘
2070,09:56:15,40.87,--,7,28609,买盘
2071,09:56:09,40.87,--,11,44957,买盘
2072,09:56:06,40.87,-0.01,16,65391,卖盘
2073,09:56:03,40.88,--,6,24528,买盘
2074,09:56:00,40.88,--,3,12264,买盘
2075,09:55:48,40.88,--,9,38754,卖盘
2076,09:55:45,40.88,-0.01,51,208488,卖盘
2077,09:55:42,40.89,-0.01,7,28623,买盘
2078,09:55:30,40.9,0.02,1,4090,买盘
2079,09:55:27,40.88,-0.02,24,98112,卖盘
2080,09:55:24,40.9,--,1,4090,买盘
2081,09:55:18,40.9,-0.05,6,24540,中性盘
2082,09:55:06,40.95,0.04,2,8190,买盘
2083,09:55:03,40.91,0.03,15,61364,中性盘
2084,09:54:57,40.88,-0.01,3,12264,卖盘
2085,09:54:54,40.89,-0.02,36,149330,卖盘
2086,09:54:48,40.91,0.03,5,20455,买盘
2087,09:54:45,40.88,-0.01,3,12264,卖盘
2088,09:54:36,40.89,--,10,40890,买盘
2089,09:54:33,40.89,-0.01,76,310764,卖盘
2090,09:54:24,40.9,--,1,4090,卖盘
2091,09:54:15,40.9,-0.1,15,61350,卖盘
2092,09:54:12,41.0,0.1,4,16400,买盘
2093,09:54:09,40.9,--,5,20450,卖盘
2094,09:54:03,40.9,-0.07,33,134970,卖盘
2095,09:54:00,40.97,-0.04,4,16388,卖盘
2096,09:53:51,41.01,0.01,4,16404,买盘
2097,09:53:48,41.0,-0.03,4,16564,卖盘
2098,09:53:42,41.03,--,120,492360,买盘
2099,09:53:39,41.03,0.02,6,24618,买盘
2100,09:53:36,41.01,-0.02,2,8202,卖盘
2101,09:53:33,41.03,-0.01,11,48251,卖盘
2102,09:53:30,41.04,-0.01,1,4104,卖盘
2103,09:53:24,41.05,0.01,1,4105,中性盘
2104,09:53:18,41.04,-0.03,5,20520,卖盘
2105,09:53:00,41.07,-0.01,5,20535,买盘
2106,09:52:48,41.08,--,4,19061,卖盘
2107,09:52:42,41.08,--,4,17910,买盘
2108,09:52:39,41.08,--,16,65728,买盘
2109,09:52:33,41.08,0.01,27,114982,买盘
2110,09:52:30,41.07,--,3,12362,买盘
2111,09:52:27,41.07,--,1,4107,买盘
2112,09:52:24,41.07,--,12,49284,买盘
2113,09:52:21,41.07,--,10,41070,买盘
2114,09:52:15,41.07,-0.01,5,20535,买盘
2115,09:52:12,41.08,-0.01,3,12324,卖盘
2116,09:52:09,41.09,0.01,5,20545,买盘
2117,09:52:06,41.08,0.05,23,94484,买盘
2118,09:52:03,41.03,-0.02,5,20515,卖盘
2119,09:52:00,41.05,--,2,8210,卖盘
2120,09:51:57,41.05,0.03,145,596210,买盘
2121,09:51:54,41.02,-0.02,13,53367,卖盘
2122,09:51:51,41.04,--,2,8208,买盘
2123,09:51:48,41.04,0.01,147,603288,买盘
2124,09:51:45,41.03,0.03,26,106678,买盘
2125,09:51:42,41.0,--,89,364900,卖盘
2126,09:51:39,41.0,-0.04,1,4100,卖盘
2127,09:51:36,41.04,0.04,32,131328,买盘
2128,09:51:33,41.0,--,6,24600,卖盘
2129,09:51:30,41.0,--,23,94300,卖盘
2130,09:51:27,41.0,0.12,185,762395,买盘
2131,09:51:24,40.88,0.03,1,4088,买盘
2132,09:51:21,40.85,-0.04,11,44935,卖盘
2133,09:51:18,40.89,-0.09,17,69513,中性盘
2134,09:51:12,40.98,0.09,5,20490,买盘
2135,09:51:00,40.89,-0.09,29,118581,卖盘
2136,09:50:54,40.98,0.08,22,90156,买盘
2137,09:50:51,40.9,--,17,69530,买盘
2138,09:50:45,40.9,--,15,61350,买盘
2139,09:50:42,40.9,-0.09,8,32720,卖盘
2140,09:50:39,40.99,0.09,12,49188,买盘
2141,09:50:36,40.9,-0.09,17,69530,卖盘
2142,09:50:33,40.99,--,4,16396,买盘
2143,09:50:30,40.99,--,47,192653,买盘
2144,09:50:24,40.99,-0.01,5,22667,卖盘
2145,09:50:21,41.0,--,2,8200,买盘
2146,09:50:18,41.0,0.01,23,94300,买盘
2147,09:50:15,40.99,--,35,145391,买盘
2148,09:50:12,40.99,0.07,10,40990,买盘
2149,09:50:09,40.92,-0.07,3,12276,卖盘
2150,09:49:57,40.99,-0.01,3,12297,中性盘
2151,09:49:54,41.0,--,21,86100,买盘
2152,09:49:51,41.0,--,7,28700,买盘
2153,09:49:48,41.0,--,27,110700,买盘
2154,09:49:45,41.0,--,26,106600,买盘
2155,09:49:42,41.0,-0.05,81,332100,卖盘
2156,09:49:39,41.05,--,1,4105,买盘
2157,09:49:36,41.05,--,9,36945,买盘
2158,09:49:33,41.05,--,14,60630,卖盘
2159,09:49:27,41.05,-0.04,18,73890,卖盘
2160,09:49:15,41.09,0.04,1,4109,买盘
2161,09:49:09,41.05,--,6,24630,卖盘
2162,09:49:06,41.05,--,1,4105,卖盘
2163,09:49:00,41.05,-0.05,1,4105,卖盘
2164,09:48:57,41.1,--,10,41100,买盘
2165,09:48:54,41.1,0.05,2,8220,买盘
2166,09:48:51,41.05,-0.05,140,575479,卖盘
2167,09:48:45,41.1,--,2,8220,卖盘
2168,09:48:42,41.1,-0.01,46,189060,卖盘
2169,09:48:39,41.11,0.01,3,12333,买盘
2170,09:48:36,41.1,--,32,133287,卖盘
2171,09:48:33,41.1,--,30,123300,卖盘
2172,09:48:30,41.1,--,3,12330,卖盘
2173,09:48:24,41.1,0.05,14,57540,买盘
2174,09:48:21,41.05,-0.01,5,20525,卖盘
2175,09:48:15,41.06,0.01,2,8212,买盘
2176,09:48:12,41.05,-0.02,91,374252,卖盘
2177,09:48:06,41.07,--,3,12321,买盘
2178,09:48:00,41.07,-0.09,10,41070,卖盘
2179,09:47:57,41.16,0.01,4,16464,买盘
2180,09:47:54,41.15,--,1,4115,买盘
2181,09:47:48,41.15,-0.03,2,8230,中性盘
2182,09:47:36,41.18,0.12,6,24708,买盘
2183,09:47:33,41.06,--,3,12318,卖盘
2184,09:47:30,41.06,-0.12,18,73908,卖盘
2185,09:47:27,41.18,0.12,1,4118,中性盘
2186,09:47:18,41.06,0.01,41,171630,中性盘
2187,09:47:15,41.05,-0.07,237,975635,卖盘
2188,09:47:09,41.12,0.01,27,111024,卖盘
2189,09:47:06,41.11,0.05,4,16444,中性盘
2190,09:47:03,41.06,-0.05,10,44467,卖盘
2191,09:47:00,41.11,0.06,15,61665,中性盘
2192,09:46:51,41.05,--,1,4105,卖盘
2193,09:46:48,41.05,-0.01,77,316372,卖盘
2194,09:46:45,41.06,0.01,33,135498,中性盘
2195,09:46:33,41.05,--,26,106729,卖盘
2196,09:46:30,41.05,-0.19,8,32840,卖盘
2197,09:46:27,41.24,0.24,5,20620,买盘
2198,09:46:18,41.0,--,28,115087,买盘
2199,09:46:15,41.0,--,4,16400,买盘
2200,09:46:12,41.0,--,20,85813,卖盘
2201,09:46:09,41.0,-0.25,7,28700,卖盘
2202,09:46:06,41.25,0.25,1,4125,买盘
2203,09:46:00,41.0,-0.28,150,615000,卖盘
2204,09:45:54,41.28,0.02,37,152736,买盘
2205,09:45:51,41.26,0.26,5,20630,买盘
2206,09:45:48,41.0,-0.26,252,1033200,卖盘
2207,09:45:45,41.26,--,4,16504,买盘
2208,09:45:42,41.26,--,5,20630,买盘
2209,09:45:39,41.26,-0.03,5,20630,中性盘
2210,09:45:33,41.29,0.16,7,28903,买盘
2211,09:45:30,41.13,-0.12,100,411300,卖盘
2212,09:45:27,41.25,-0.05,215,886875,卖盘
2213,09:45:21,41.3,0.01,64,264320,买盘
2214,09:45:18,41.29,-0.01,23,94967,卖盘
2215,09:45:15,41.3,--,42,173460,买盘
2216,09:45:12,41.3,--,7,28909,买盘
2217,09:45:06,41.3,-0.04,252,1042411,卖盘
2218,09:45:03,41.34,--,18,74412,买盘
2219,09:45:00,41.34,--,221,913738,买盘
2220,09:44:57,41.34,-0.02,2,8268,中性盘
2221,09:44:51,41.36,0.01,5,20680,买盘
2222,09:44:48,41.35,0.02,49,202615,买盘
2223,09:44:45,41.33,--,7,28931,买盘
2224,09:44:42,41.33,-0.01,2,8266,中性盘
2225,09:44:39,41.34,--,15,62010,买盘
2226,09:44:36,41.34,--,62,256308,买盘
2227,09:44:30,41.34,--,4,16536,买盘
2228,09:44:27,41.34,0.01,30,124020,买盘
2229,09:44:24,41.33,0.02,30,123990,中性盘
2230,09:44:21,41.31,-0.03,1,4131,卖盘
2231,09:44:15,41.34,0.03,7,28938,买盘
2232,09:44:12,41.31,0.01,36,151070,买盘
2233,09:44:09,41.3,0.01,43,177590,买盘
2234,09:44:06,41.29,--,169,701640,卖盘
2235,09:44:03,41.29,--,4,16516,卖盘
2236,09:44:00,41.29,--,2,8258,卖盘
2237,09:43:57,41.29,--,20,82580,卖盘
2238,09:43:54,41.29,-0.01,31,127999,卖盘
2239,09:43:51,41.3,0.01,40,165200,买盘
2240,09:43:48,41.29,--,42,174656,买盘
2241,09:43:42,41.29,--,2,8258,买盘
2242,09:43:39,41.29,--,1,4129,买盘
2243,09:43:33,41.29,--,1,4129,买盘
2244,09:43:30,41.29,--,57,239027,买盘
2245,09:43:27,41.29,0.03,13,53677,买盘
2246,09:43:21,41.26,0.01,14,60074,买盘
2247,09:43:18,41.25,--,186,767951,买盘
2248,09:43:15,41.25,0.05,11,45375,买盘
2249,09:43:12,41.2,-0.06,25,103000,卖盘
2250,09:43:09,41.26,--,1,4126,买盘
2251,09:43:03,41.26,0.06,42,173292,买盘
2252,09:43:00,41.2,--,21,86520,卖盘
2253,09:42:57,41.2,-0.05,1,4120,中性盘
2254,09:42:42,41.25,-0.03,30,123750,卖盘
2255,09:42:39,41.28,-0.02,1,4128,卖盘
2256,09:42:36,41.3,--,50,206500,买盘
2257,09:42:33,41.3,--,5,20650,买盘
2258,09:42:30,41.3,0.02,319,1317470,买盘
2259,09:42:27,41.28,0.02,5,20640,中性盘
2260,09:42:24,41.26,-0.04,2,8252,卖盘
2261,09:42:21,41.3,--,2,8260,买盘
2262,09:42:18,41.3,--,40,165200,买盘
2263,09:42:15,41.3,0.05,18,74340,买盘
2264,09:42:09,41.25,-0.08,23,94875,卖盘
2265,09:42:06,41.33,--,41,169453,买盘
2266,09:42:03,41.33,0.08,5,20665,买盘
2267,09:42:00,41.25,-0.08,3,12375,中性盘
2268,09:41:57,41.33,--,1,4133,中性盘
2269,09:41:54,41.33,0.17,11,45463,卖盘
2270,09:41:51,41.16,-0.18,3,12347,卖盘
2271,09:41:45,41.34,--,4,16536,买盘
2272,09:41:42,41.34,0.04,1,4134,买盘
2273,09:41:39,41.3,--,1,4130,中性盘
2274,09:41:36,41.3,-0.05,5,20650,卖盘
2275,09:41:33,41.35,0.22,2,8270,中性盘
2276,09:41:27,41.13,-0.07,127,522351,卖盘
2277,09:41:24,41.2,-0.17,8,32960,卖盘
2278,09:41:21,41.37,0.01,49,202713,买盘
2279,09:41:18,41.36,--,6,24816,卖盘
2280,09:41:15,41.36,--,5,20680,卖盘
2281,09:41:12,41.36,0.01,40,167301,买盘
2282,09:41:09,41.35,0.06,99,409365,买盘
2283,09:41:06,41.29,--,8,35302,卖盘
2284,09:41:03,41.29,--,6,24774,卖盘
2285,09:41:00,41.29,-0.05,3,12387,卖盘
2286,09:40:57,41.34,0.05,20,84747,买盘
2287,09:40:54,41.29,--,40,165160,卖盘
2288,09:40:51,41.29,--,4,16516,卖盘
2289,09:40:48,41.29,--,29,123663,买盘
2290,09:40:45,41.29,0.14,2,8258,买盘
2291,09:40:42,41.15,-0.14,1,4115,中性盘
2292,09:40:39,41.29,--,4,16516,买盘
2293,09:40:36,41.29,0.16,57,235353,买盘
2294,09:40:33,41.13,-0.16,2,8226,卖盘
2295,09:40:30,41.29,--,37,152773,买盘
2296,09:40:27,41.29,0.16,7,28903,买盘
2297,09:40:24,41.13,-0.17,33,135729,卖盘
2298,09:40:21,41.3,--,41,169330,买盘
2299,09:40:15,41.3,--,32,132160,买盘
2300,09:40:12,41.3,0.05,11,45430,中性盘
2301,09:40:09,41.25,-0.1,26,107250,卖盘
2302,09:40:06,41.35,0.06,92,380420,买盘
2303,09:40:03,41.29,-0.01,1,4129,中性盘
2304,09:40:00,41.3,0.05,6,24780,买盘
2305,09:39:57,41.25,0.14,12,49500,中性盘
2306,09:39:54,41.11,0.16,8,32888,中性盘
2307,09:39:51,40.95,-0.4,10,40950,卖盘
2308,09:39:48,41.35,0.11,14,57890,买盘
2309,09:39:42,41.24,-0.15,3,12372,中性盘
2310,09:39:36,41.39,0.04,55,227645,买盘
2311,09:39:33,41.35,0.25,30,124050,买盘
2312,09:39:30,41.1,0.06,15,61650,卖盘
2313,09:39:27,41.04,0.06,7,28728,买盘
2314,09:39:24,40.98,--,48,196703,卖盘
2315,09:39:21,40.98,-0.37,39,159822,卖盘
2316,09:39:18,41.35,0.25,217,897295,买盘
2317,09:39:15,41.1,--,2,8220,买盘
2318,09:39:12,41.1,--,11,45210,买盘
2319,09:39:09,41.1,-0.3,167,689822,卖盘
2320,09:39:06,41.4,--,1,4140,买盘
2321,09:39:03,41.4,--,10,41400,买盘
2322,09:39:00,41.4,--,30,126684,卖盘
2323,09:38:57,41.4,--,11,45540,卖盘
2324,09:38:54,41.4,--,81,336996,买盘
2325,09:38:51,41.4,--,5,20700,买盘
2326,09:38:48,41.4,--,100,414000,买盘
2327,09:38:45,41.4,-0.03,251,1041624,卖盘
2328,09:38:42,41.43,0.03,14,58002,买盘
2329,09:38:39,41.4,-0.02,78,322920,卖盘
2330,09:38:36,41.42,0.02,7,28994,买盘
2331,09:38:33,41.4,--,16,66240,卖盘
2332,09:38:30,41.4,--,6,24840,卖盘
2333,09:38:27,41.4,0.1,149,618516,买盘
2334,09:38:21,41.3,-0.05,160,660800,卖盘
2335,09:38:18,41.35,--,21,86835,卖盘
2336,09:38:15,41.35,--,2,8270,卖盘
2337,09:38:12,41.35,0.05,66,272910,买盘
2338,09:38:09,41.3,--,229,946595,买盘
2339,09:38:06,41.3,--,16,66080,卖盘
2340,09:38:03,41.3,--,3,12390,卖盘
2341,09:38:00,41.3,--,19,78470,卖盘
2342,09:37:57,41.3,-0.05,102,421260,卖盘
2343,09:37:54,41.35,0.02,44,181940,买盘
2344,09:37:51,41.33,--,4,16532,买盘
2345,09:37:48,41.33,0.03,7,28931,买盘
2346,09:37:45,41.3,--,7,28909,卖盘
2347,09:37:36,41.3,--,11,45430,卖盘
2348,09:37:33,41.3,--,4,16520,卖盘
2349,09:37:30,41.3,--,11,45430,卖盘
2350,09:37:27,41.3,0.05,22,90860,买盘
2351,09:37:21,41.25,-0.08,3,12375,卖盘
2352,09:37:18,41.33,0.13,5,20665,买盘
2353,09:37:15,41.2,--,2,8240,卖盘
2354,09:37:12,41.2,-0.13,354,1458480,卖盘
2355,09:37:06,41.33,-0.06,1,4133,卖盘
2356,09:37:03,41.39,0.04,105,434595,买盘
2357,09:37:00,41.35,--,18,74430,买盘
2358,09:36:57,41.35,-0.04,21,86835,卖盘
2359,09:36:54,41.39,--,51,211089,卖盘
2360,09:36:48,41.39,0.04,20,82780,买盘
2361,09:36:45,41.35,--,85,351475,卖盘
2362,09:36:36,41.35,--,7,28945,卖盘
2363,09:36:30,41.35,--,21,86835,卖盘
2364,09:36:24,41.35,-0.05,45,186075,中性盘
2365,09:36:21,41.4,0.07,12,49680,买盘
2366,09:36:18,41.33,0.02,64,264512,买盘
2367,09:36:15,41.31,--,200,826200,买盘
2368,09:36:12,41.31,--,1,4131,买盘
2369,09:36:09,41.31,-0.02,9,37179,卖盘
2370,09:36:06,41.33,0.03,21,86793,中性盘
2371,09:36:03,41.3,-0.13,50,206500,卖盘
2372,09:36:00,41.43,--,1,4143,买盘
2373,09:35:57,41.43,0.12,39,161577,买盘
2374,09:35:54,41.31,-0.12,19,78489,卖盘
2375,09:35:51,41.43,--,20,82860,买盘
2376,09:35:48,41.43,--,7,29001,买盘
2377,09:35:45,41.43,--,3,12429,买盘
2378,09:35:42,41.43,--,66,273438,卖盘
2379,09:35:39,41.43,--,17,70431,卖盘
2380,09:35:36,41.43,--,3,12429,卖盘
2381,09:35:30,41.43,0.13,74,306582,买盘
2382,09:35:27,41.3,-0.05,115,474949,卖盘
2383,09:35:24,41.35,--,3,12405,卖盘
2384,09:35:21,41.35,-0.08,1,4135,卖盘
2385,09:35:18,41.43,0.08,47,194721,买盘
2386,09:35:15,41.35,--,9,37215,卖盘
2387,09:35:12,41.35,--,10,41350,买盘
2388,09:35:06,41.35,--,32,132320,买盘
2389,09:35:03,41.35,--,22,90970,买盘
2390,09:35:00,41.35,--,57,235695,买盘
2391,09:34:57,41.35,--,36,148860,买盘
2392,09:34:54,41.35,-0.1,116,479660,卖盘
2393,09:34:51,41.45,-0.03,31,128495,卖盘
2394,09:34:48,41.48,--,9,37332,卖盘
2395,09:34:45,41.48,--,8,33184,买盘
2396,09:34:39,41.48,0.05,12,49775,买盘
2397,09:34:33,41.43,0.06,7,29001,卖盘
2398,09:34:30,41.37,-0.02,105,434385,卖盘
2399,09:34:27,41.39,0.01,6,24834,买盘
2400,09:34:24,41.38,0.06,13,53794,中性盘
2401,09:34:21,41.32,-0.06,3,12396,卖盘
2402,09:34:18,41.38,--,2,8276,中性盘
2403,09:34:12,41.38,0.08,10,41380,买盘
2404,09:34:06,41.3,--,1,4130,卖盘
2405,09:34:03,41.3,0.02,8,36178,买盘
2406,09:34:00,41.28,--,8,34014,卖盘
2407,09:33:57,41.28,--,17,70176,卖盘
2408,09:33:54,41.28,--,8,36161,买盘
2409,09:33:51,41.28,0.01,4,16512,买盘
2410,09:33:48,41.27,--,11,45397,卖盘
2411,09:33:45,41.27,--,36,148572,买盘
2412,09:33:36,41.27,0.07,3,12381,买盘
2413,09:33:33,41.2,-0.05,257,1060941,卖盘
2414,09:33:30,41.25,--,53,218625,卖盘
2415,09:33:21,41.25,0.05,10,41250,中性盘
2416,09:33:18,41.2,--,10,41200,卖盘
2417,09:33:15,41.2,--,48,197760,卖盘
2418,09:33:12,41.2,--,3,12360,卖盘
2419,09:33:09,41.2,-0.05,5,20600,卖盘
2420,09:33:06,41.25,0.05,12,49500,买盘
2421,09:33:03,41.2,0.01,2,8240,卖盘
2422,09:33:00,41.19,-0.06,6,24714,买盘
2423,09:32:57,41.25,--,5,20625,中性盘
2424,09:32:54,41.25,0.07,242,998250,买盘
2425,09:32:48,41.18,0.08,2,8236,买盘
2426,09:32:45,41.1,-0.07,58,241750,卖盘
2427,09:32:42,41.17,-0.03,1,4117,中性盘
2428,09:32:39,41.2,-0.05,24,98880,卖盘
2429,09:32:30,41.25,0.15,23,94875,买盘
2430,09:32:27,41.1,-0.11,28,115162,卖盘
2431,09:32:24,41.21,-0.04,6,24726,中性盘
2432,09:32:21,41.25,0.05,74,305250,买盘
2433,09:32:18,41.2,--,86,355350,卖盘
2434,09:32:15,41.2,-0.01,42,173864,卖盘
2435,09:32:12,41.21,0.02,29,119509,买盘
2436,09:32:09,41.19,0.01,145,598902,买盘
2437,09:32:06,41.18,--,26,107068,买盘
2438,09:32:03,41.18,--,18,74124,卖盘
2439,09:32:00,41.18,-0.02,13,53534,卖盘
2440,09:31:57,41.2,0.02,9,37080,中性盘
2441,09:31:51,41.18,--,14,57652,卖盘
2442,09:31:45,41.18,-0.03,1,4118,卖盘
2443,09:31:42,41.21,0.08,100,412100,买盘
2444,09:31:39,41.13,0.03,52,213876,中性盘
2445,09:31:36,41.1,-0.08,35,143850,卖盘
2446,09:31:33,41.18,-0.02,1,4118,中性盘
2447,09:31:30,41.2,0.02,51,210120,买盘
2448,09:31:27,41.18,0.17,1,4118,买盘
2449,09:31:24,41.01,-0.17,6,24606,卖盘
2450,09:31:21,41.18,--,1,4118,买盘
2451,09:31:18,41.18,--,1,4118,买盘
2452,09:31:15,41.18,-0.02,3,12354,中性盘
2453,09:31:12,41.2,--,16,65920,买盘
2454,09:31:09,41.2,--,14,57680,卖盘
2455,09:31:06,41.2,-0.01,11,45320,卖盘
2456,09:31:03,41.21,0.01,3,12363,买盘
2457,09:31:00,41.2,--,10,41200,卖盘
2458,09:30:57,41.2,--,16,65920,买盘
2459,09:30:54,41.2,--,10,41200,买盘
2460,09:30:51,41.2,0.25,1,4120,买盘
2461,09:30:45,40.95,-0.3,22,90090,卖盘
2462,09:30:39,41.25,--,4,16500,买盘
2463,09:30:36,41.25,--,2,8250,卖盘
2464,09:30:30,41.25,0.03,7,28875,买盘
2465,09:30:24,41.22,0.27,13,53586,买盘
2466,09:30:21,40.95,--,3,12285,卖盘
2467,09:30:09,40.95,--,17,69615,卖盘
2468,09:30:06,40.95,-0.07,39,159705,卖盘
2469,09:30:03,41.02,0.12,64,262528,买盘
2470,09:30:00,40.9,--,0,0,买盘
2471,09:25:03,40.9,40.9,150,613500,买盘
