,time,price,change,volume,amount,type
0,15:00:03,5.13,--,4408,2261770,卖盘
1,14:57:00,5.13,-0.01,1050,538906,卖盘
2,14:56:57,5.14,0.01,139,71446,买盘
3,14:56:54,5.13,--,2,1026,卖盘
4,14:56:51,5.13,-0.01,36,18468,卖盘
5,14:56:48,5.14,--,21,10794,买盘
6,14:56:45,5.14,0.01,100,51400,买盘
7,14:56:42,5.13,-0.01,72,36936,卖盘
8,14:56:39,5.14,0.01,4,2056,买盘
9,14:56:36,5.13,-0.01,170,87210,卖盘
10,14:56:33,5.14,0.01,393,202002,买盘
11,14:56:30,5.13,--,2020,1036260,卖盘
12,14:56:27,5.13,--,95,48735,卖盘
13,14:56:24,5.13,--,2,1026,卖盘
14,14:56:18,5.13,-0.01,11,5643,卖盘
15,14:56:15,5.14,0.01,1,514,买盘
16,14:56:09,5.13,-0.01,94,48222,卖盘
17,14:56:06,5.14,--,41,21074,买盘
18,14:56:00,5.14,--,56,28784,买盘
19,14:55:57,5.14,0.01,54,27756,买盘
20,14:55:54,5.13,--,104,53352,卖盘
21,14:55:51,5.13,--,65,33345,卖盘
22,14:55:39,5.13,-0.01,60,30780,卖盘
23,14:55:36,5.14,0.01,4,2056,买盘
24,14:55:30,5.13,--,10,5130,卖盘
25,14:55:18,5.13,--,174,89262,卖盘
26,14:55:15,5.13,--,51,26163,卖盘
27,14:55:12,5.13,--,10,5130,卖盘
28,14:55:09,5.13,--,30,15390,卖盘
29,14:55:06,5.13,--,60,30780,卖盘
30,14:55:03,5.13,-0.01,76,38988,卖盘
31,14:54:57,5.14,0.01,151,77614,买盘
32,14:54:54,5.13,--,21,10773,卖盘
33,14:54:51,5.13,--,14,7182,卖盘
34,14:54:48,5.13,--,64,32832,卖盘
35,14:54:45,5.13,--,50,25650,卖盘
36,14:54:42,5.13,--,42,21546,卖盘
37,14:54:39,5.13,-0.01,508,260604,卖盘
38,14:54:36,5.14,--,20,10280,买盘
39,14:54:33,5.14,--,3,1542,买盘
40,14:54:27,5.14,--,11,5654,买盘
41,14:54:24,5.14,0.01,117,60137,买盘
42,14:54:21,5.13,--,87,44631,卖盘
43,14:54:18,5.13,--,1,513,卖盘
44,14:54:15,5.13,-0.01,34,17442,卖盘
45,14:54:09,5.14,--,1,514,买盘
46,14:54:06,5.14,0.01,64,32896,买盘
47,14:54:03,5.13,-0.01,10,5130,卖盘
48,14:54:00,5.14,--,11,5654,买盘
49,14:53:57,5.14,--,12,6168,买盘
50,14:53:54,5.14,--,126,64763,买盘
51,14:53:51,5.14,--,92,47288,买盘
52,14:53:48,5.14,-0.01,574,295036,卖盘
53,14:53:42,5.15,--,26,13390,买盘
54,14:53:36,5.15,--,6,3090,买盘
55,14:53:30,5.15,--,72,37080,买盘
56,14:53:27,5.15,0.01,18,9270,买盘
57,14:53:24,5.14,-0.01,46,23644,卖盘
58,14:53:18,5.15,--,97,49955,买盘
59,14:53:09,5.15,--,78,40170,买盘
60,14:53:06,5.15,0.01,192,98880,买盘
61,14:53:03,5.14,-0.01,204,104856,卖盘
62,14:52:57,5.15,--,50,25750,买盘
63,14:52:54,5.15,--,4,2060,买盘
64,14:52:51,5.15,--,50,25750,买盘
65,14:52:48,5.15,--,132,67980,买盘
66,14:52:42,5.15,0.01,1,515,买盘
67,14:52:39,5.14,-0.01,4,2056,卖盘
68,14:52:36,5.15,--,9,4635,买盘
69,14:52:33,5.15,0.01,11,5665,买盘
70,14:52:27,5.14,-0.01,14,7196,卖盘
71,14:52:24,5.15,--,52,26780,买盘
72,14:52:21,5.15,--,20,10300,买盘
73,14:52:18,5.15,--,18,9270,买盘
74,14:52:15,5.15,-0.01,290,149350,卖盘
75,14:52:03,5.16,0.01,107,55212,买盘
76,14:52:00,5.15,--,40,20600,卖盘
77,14:51:57,5.15,--,3,1545,卖盘
78,14:51:54,5.15,--,10,5150,卖盘
79,14:51:51,5.15,--,20,10300,卖盘
80,14:51:48,5.15,--,10,5150,卖盘
81,14:51:45,5.15,--,331,170465,买盘
82,14:51:42,5.15,--,18,9270,买盘
83,14:51:39,5.15,--,1004,517060,买盘
84,14:51:36,5.15,--,5,2575,买盘
85,14:51:33,5.15,0.01,41,21115,买盘
86,14:51:30,5.14,-0.01,1,514,卖盘
87,14:51:27,5.15,--,117,60255,买盘
88,14:51:24,5.15,0.01,74,38110,买盘
89,14:51:21,5.14,-0.01,5,2570,卖盘
90,14:51:18,5.15,0.01,21,10815,买盘
91,14:51:15,5.14,-0.01,2,1028,卖盘
92,14:51:09,5.15,0.01,9,4635,买盘
93,14:51:06,5.14,--,10,5140,卖盘
94,14:51:03,5.14,--,155,79670,卖盘
95,14:51:00,5.14,-0.01,19,9766,卖盘
96,14:50:54,5.15,--,6,3090,买盘
97,14:50:51,5.15,0.01,47,24205,买盘
98,14:50:48,5.14,--,16,8224,卖盘
99,14:50:42,5.14,--,1,514,卖盘
100,14:50:39,5.14,--,20,10280,卖盘
101,14:50:33,5.14,--,40,20560,卖盘
102,14:50:30,5.14,0.01,20,10280,中性盘
103,14:50:24,5.13,-0.01,47,24111,卖盘
104,14:50:21,5.14,0.01,500,256999,买盘
105,14:50:18,5.13,-0.01,100,51300,卖盘
106,14:50:15,5.14,0.01,2,1028,买盘
107,14:50:12,5.13,--,10,5130,卖盘
108,14:50:09,5.13,-0.01,22,11286,卖盘
109,14:50:06,5.14,0.01,60,30839,买盘
110,14:50:03,5.13,--,181,92853,买盘
111,14:50:00,5.13,--,105,53865,买盘
112,14:49:54,5.13,--,30,15390,买盘
113,14:49:51,5.13,--,48,24624,买盘
114,14:49:48,5.13,--,6,3078,买盘
115,14:49:45,5.13,--,98,50274,买盘
116,14:49:42,5.13,0.01,8,4104,买盘
117,14:49:39,5.12,-0.01,83,42496,卖盘
118,14:49:30,5.13,--,66,33858,买盘
119,14:49:27,5.13,0.01,47,24111,买盘
120,14:49:21,5.12,-0.01,101,51712,卖盘
121,14:49:18,5.13,0.01,18,9234,买盘
122,14:49:15,5.12,-0.01,50,25600,卖盘
123,14:49:12,5.13,0.01,93,47709,买盘
124,14:49:09,5.12,--,35,17920,卖盘
125,14:49:06,5.12,-0.01,21,10752,卖盘
126,14:49:03,5.13,--,20,10260,买盘
127,14:49:00,5.13,--,10,5130,买盘
128,14:48:57,5.13,0.01,9,4617,买盘
129,14:48:54,5.12,-0.01,40,20480,卖盘
130,14:48:48,5.13,--,10,5130,买盘
131,14:48:45,5.13,0.01,2,1026,买盘
132,14:48:39,5.12,--,110,56320,卖盘
133,14:48:33,5.12,-0.01,112,57344,卖盘
134,14:48:30,5.13,0.01,38,19494,买盘
135,14:48:24,5.12,--,5,2560,卖盘
136,14:48:21,5.12,-0.01,154,78848,卖盘
137,14:48:18,5.13,0.01,2,1026,买盘
138,14:48:15,5.12,--,55,28160,卖盘
139,14:48:06,5.12,--,30,15360,卖盘
140,14:48:03,5.12,--,119,60928,卖盘
141,14:47:54,5.12,-0.01,66,33792,卖盘
142,14:47:45,5.13,--,11,5643,卖盘
143,14:47:42,5.13,-0.01,4,2052,买盘
144,14:47:39,5.14,0.01,337,173218,买盘
145,14:47:30,5.13,--,1,513,买盘
146,14:47:27,5.13,--,285,146205,卖盘
147,14:47:24,5.13,--,28,14364,卖盘
148,14:47:21,5.13,--,25,12825,卖盘
149,14:47:18,5.13,--,72,36936,卖盘
150,14:47:15,5.13,--,35,17955,卖盘
151,14:47:12,5.13,--,40,20520,卖盘
152,14:47:06,5.13,--,75,38475,卖盘
153,14:47:00,5.13,--,30,15390,卖盘
154,14:46:57,5.13,-0.01,30,15390,卖盘
155,14:46:48,5.14,--,151,77614,卖盘
156,14:46:45,5.14,--,40,20560,卖盘
157,14:46:42,5.14,--,32,16448,卖盘
158,14:46:39,5.14,--,20,10280,卖盘
159,14:46:36,5.14,--,14,7196,买盘
160,14:46:33,5.14,--,93,47802,卖盘
161,14:46:30,5.14,--,60,30839,卖盘
162,14:46:27,5.14,-0.01,916,470823,卖盘
163,14:46:21,5.15,0.01,63,32445,买盘
164,14:46:18,5.14,-0.01,117,60137,卖盘
165,14:46:15,5.15,--,2,1030,买盘
166,14:46:12,5.15,--,4,2060,买盘
167,14:46:09,5.15,0.01,81,41715,买盘
168,14:46:06,5.14,-0.01,13,6682,卖盘
169,14:46:03,5.15,--,10,5150,买盘
170,14:45:57,5.15,--,118,60770,卖盘
171,14:45:48,5.15,--,4,2060,卖盘
172,14:45:45,5.15,--,262,134930,卖盘
173,14:45:39,5.15,--,10,5150,卖盘
174,14:45:33,5.15,--,65,33475,卖盘
175,14:45:30,5.15,--,159,81885,卖盘
176,14:45:27,5.15,--,20,10300,卖盘
177,14:45:09,5.15,-0.01,4,2060,卖盘
178,14:45:06,5.16,--,2,1032,买盘
179,14:45:00,5.16,--,1,516,买盘
180,14:44:54,5.16,--,1,516,买盘
181,14:44:51,5.16,--,15,7740,买盘
182,14:44:45,5.16,-0.01,10,5160,卖盘
183,14:44:42,5.17,0.01,25,12925,买盘
184,14:44:39,5.16,-0.01,112,57792,卖盘
185,14:44:36,5.17,0.01,180,93060,买盘
186,14:44:33,5.16,--,15,7740,卖盘
187,14:44:30,5.16,--,3,1548,卖盘
188,14:44:27,5.16,--,4,2064,卖盘
189,14:44:24,5.16,--,10,5160,卖盘
190,14:44:21,5.16,--,30,15480,卖盘
191,14:44:18,5.16,--,40,20640,中性盘
192,14:44:15,5.16,--,20,10320,卖盘
193,14:44:12,5.16,--,10,5160,卖盘
194,14:44:09,5.16,--,20,10320,卖盘
195,14:44:06,5.16,-0.01,2,1032,中性盘
196,14:43:42,5.17,0.01,9,4653,买盘
197,14:43:39,5.16,--,7,3612,卖盘
198,14:43:36,5.16,--,5,2580,卖盘
199,14:43:33,5.16,--,1,516,卖盘
200,14:43:30,5.16,--,20,10320,卖盘
201,14:43:27,5.16,--,5,2580,卖盘
202,14:43:18,5.16,--,1,516,卖盘
203,14:43:15,5.16,-0.01,33,17028,中性盘
204,14:43:09,5.17,0.01,30,15510,买盘
205,14:43:06,5.16,0.01,4,2064,中性盘
206,14:43:00,5.15,-0.02,16,8240,卖盘
207,14:42:48,5.17,--,50,25850,买盘
208,14:42:45,5.17,--,5,2585,买盘
209,14:42:42,5.17,--,5,2585,买盘
210,14:42:36,5.17,--,100,51700,买盘
211,14:42:30,5.17,--,8,4136,买盘
212,14:42:27,5.17,-0.01,78,40806,卖盘
213,14:42:24,5.18,0.01,483,250194,买盘
214,14:42:21,5.17,--,132,68244,卖盘
215,14:42:18,5.17,-0.01,285,147345,卖盘
216,14:42:15,5.18,--,15,7770,买盘
217,14:42:12,5.18,0.01,26,13468,买盘
218,14:42:09,5.17,--,223,115291,卖盘
219,14:42:06,5.17,-0.01,59,30503,卖盘
220,14:42:03,5.18,0.01,186,96384,买盘
221,14:41:57,5.17,-0.01,15,7755,卖盘
222,14:41:54,5.18,--,55,28490,买盘
223,14:41:51,5.18,0.01,505,261590,买盘
224,14:41:48,5.17,--,20,10340,卖盘
225,14:41:45,5.17,--,33,17061,卖盘
226,14:41:39,5.17,--,13,6721,卖盘
227,14:41:36,5.17,--,71,36707,卖盘
228,14:41:33,5.17,-0.01,86,44462,卖盘
229,14:41:30,5.18,--,420,217560,买盘
230,14:41:24,5.18,0.01,41,21238,买盘
231,14:41:21,5.17,--,100,51700,卖盘
232,14:41:12,5.17,--,100,51700,卖盘
233,14:41:09,5.17,--,87,44979,卖盘
234,14:41:06,5.17,0.02,821,424457,买盘
235,14:41:03,5.15,--,17,8755,买盘
236,14:41:00,5.15,--,394,202910,买盘
237,14:40:57,5.15,--,3,1545,买盘
238,14:40:54,5.15,--,141,72615,买盘
239,14:40:51,5.15,0.01,50,25750,买盘
240,14:40:45,5.14,--,34,17476,卖盘
241,14:40:36,5.14,--,30,15419,卖盘
242,14:40:33,5.14,--,449,230786,买盘
243,14:40:27,5.14,0.01,1,514,买盘
244,14:40:18,5.13,-0.01,60,30780,卖盘
245,14:40:15,5.14,--,3,1542,买盘
246,14:40:09,5.14,--,10,5140,买盘
247,14:40:06,5.14,--,11,5654,买盘
248,14:40:03,5.14,--,71,36494,买盘
249,14:40:00,5.14,--,5,2570,买盘
250,14:39:57,5.14,-0.01,176,90464,卖盘
251,14:39:54,5.15,0.01,8,4120,买盘
252,14:39:51,5.14,--,203,104342,卖盘
253,14:39:45,5.14,-0.01,20,10280,卖盘
254,14:39:36,5.15,0.01,20,10300,买盘
255,14:39:33,5.14,--,77,39578,卖盘
256,14:39:21,5.14,--,5,2570,卖盘
257,14:39:18,5.14,--,10,5140,卖盘
258,14:39:15,5.14,--,60,30839,卖盘
259,14:39:12,5.14,--,15,7709,卖盘
260,14:39:09,5.14,--,10,5140,卖盘
261,14:39:06,5.14,--,16,8224,卖盘
262,14:39:03,5.14,--,2,1028,卖盘
263,14:39:00,5.14,--,129,66306,卖盘
264,14:38:57,5.14,--,5,2570,卖盘
265,14:38:48,5.14,-0.01,20,10280,卖盘
266,14:38:45,5.15,--,61,31415,卖盘
267,14:38:42,5.15,--,65,33475,卖盘
268,14:38:39,5.15,--,68,35020,卖盘
269,14:38:36,5.15,--,10,5150,卖盘
270,14:38:33,5.15,--,120,61800,卖盘
271,14:38:30,5.15,--,150,77250,卖盘
272,14:38:27,5.15,-0.01,56,28840,卖盘
273,14:38:21,5.16,--,3,1548,买盘
274,14:38:18,5.16,-0.01,201,103716,卖盘
275,14:38:06,5.17,--,1199,619883,卖盘
276,14:38:03,5.17,--,30,15510,卖盘
277,14:38:00,5.17,--,900,465300,卖盘
278,14:37:57,5.17,--,157,81169,卖盘
279,14:37:54,5.17,-0.01,450,232650,卖盘
280,14:37:51,5.18,0.01,50,25900,买盘
281,14:37:48,5.17,-0.01,250,129250,卖盘
282,14:37:45,5.18,0.01,121,62678,买盘
283,14:37:42,5.17,--,216,111672,卖盘
284,14:37:39,5.17,--,85,43945,卖盘
285,14:37:36,5.17,-0.01,50,25850,卖盘
286,14:37:33,5.18,--,140,72520,买盘
287,14:37:30,5.18,--,6,3108,买盘
288,14:37:21,5.18,--,80,41440,买盘
289,14:37:15,5.18,--,340,176120,卖盘
290,14:37:12,5.18,--,39,20202,卖盘
291,14:37:09,5.18,-0.01,215,111370,卖盘
292,14:37:06,5.19,0.01,6,3114,买盘
293,14:37:03,5.18,-0.01,20,10360,卖盘
294,14:37:00,5.19,0.01,52,26988,买盘
295,14:36:54,5.18,--,63,32634,卖盘
296,14:36:51,5.18,--,12,6216,卖盘
297,14:36:48,5.18,--,23,11914,卖盘
298,14:36:45,5.18,--,13,6734,卖盘
299,14:36:42,5.18,-0.01,10,5180,中性盘
300,14:36:39,5.19,0.02,46,23874,买盘
301,14:36:36,5.17,-0.02,353,182501,卖盘
302,14:36:33,5.19,0.02,1109,575571,买盘
303,14:36:30,5.17,-0.01,172,88924,卖盘
304,14:36:24,5.18,--,71,36778,买盘
305,14:36:18,5.18,--,29,15022,卖盘
306,14:36:15,5.18,--,230,119140,卖盘
307,14:36:12,5.18,--,55,28490,卖盘
308,14:36:06,5.18,--,10,5180,卖盘
309,14:36:03,5.18,-0.01,13,6734,卖盘
310,14:35:57,5.19,--,30,15570,买盘
311,14:35:54,5.19,-0.01,48,24912,买盘
312,14:35:51,5.2,0.01,163,84760,买盘
313,14:35:48,5.19,-0.01,23,11937,卖盘
314,14:35:45,5.2,0.01,108,56160,买盘
315,14:35:42,5.19,--,5,2595,卖盘
316,14:35:39,5.19,--,136,70584,卖盘
317,14:35:36,5.19,--,5,2595,卖盘
318,14:35:33,5.19,--,518,268842,买盘
319,14:35:30,5.19,--,28,14532,买盘
320,14:35:24,5.19,--,294,152586,买盘
321,14:35:21,5.19,0.01,120,62280,买盘
322,14:35:18,5.18,--,20,10360,卖盘
323,14:35:15,5.18,--,9,4662,卖盘
324,14:35:09,5.18,--,9,4662,卖盘
325,14:35:06,5.18,--,100,51800,卖盘
326,14:35:03,5.18,--,100,51800,买盘
327,14:35:00,5.18,--,174,90132,买盘
328,14:34:57,5.18,--,186,96348,买盘
329,14:34:54,5.18,0.01,150,77700,买盘
330,14:34:51,5.17,--,128,66176,卖盘
331,14:34:45,5.17,--,5,2585,卖盘
332,14:34:36,5.17,0.01,780,403260,买盘
333,14:34:33,5.16,-0.01,12,6192,卖盘
334,14:34:30,5.17,--,306,158202,买盘
335,14:34:27,5.17,--,1,517,买盘
336,14:34:24,5.17,0.01,175,90475,买盘
337,14:34:21,5.16,-0.01,70,36120,卖盘
338,14:34:18,5.17,0.01,29,14993,买盘
339,14:34:15,5.16,-0.01,34,17544,卖盘
340,14:34:12,5.17,--,31,16027,买盘
341,14:34:06,5.17,0.01,10,5170,买盘
342,14:34:03,5.16,--,50,25800,卖盘
343,14:34:00,5.16,--,95,49020,买盘
344,14:33:57,5.16,--,74,38184,买盘
345,14:33:54,5.16,--,4,2064,买盘
346,14:33:51,5.16,0.01,197,101652,买盘
347,14:33:48,5.15,--,1,515,卖盘
348,14:33:42,5.15,0.01,30,15450,中性盘
349,14:33:30,5.14,--,10,5140,卖盘
350,14:33:24,5.14,-0.04,19,9766,卖盘
351,14:33:21,5.18,0.04,3003,1555554,买盘
352,14:33:18,5.14,--,181,93198,买盘
353,14:33:15,5.14,0.01,11,5654,买盘
354,14:33:12,5.13,-0.01,20,10260,卖盘
355,14:33:09,5.14,--,112,57568,买盘
356,14:33:06,5.14,--,5,2570,买盘
357,14:33:03,5.14,--,4,2056,买盘
358,14:33:00,5.14,--,44,22616,买盘
359,14:32:54,5.14,--,52,26728,买盘
360,14:32:51,5.14,0.01,85,43690,买盘
361,14:32:36,5.13,--,112,57456,中性盘
362,14:32:33,5.13,--,54,27702,买盘
363,14:32:24,5.13,--,20,10260,买盘
364,14:32:18,5.13,--,118,60534,买盘
365,14:32:15,5.13,0.01,1,513,买盘
366,14:32:12,5.12,-0.01,5,2560,卖盘
367,14:32:09,5.13,--,133,68229,买盘
368,14:32:00,5.13,--,20,10260,买盘
369,14:31:54,5.13,--,107,54891,买盘
370,14:31:51,5.13,--,20,10260,买盘
371,14:31:48,5.13,0.02,5,2565,买盘
372,14:31:42,5.11,-0.02,3,1533,卖盘
373,14:31:36,5.13,0.02,100,51300,买盘
374,14:31:33,5.11,-0.02,16,8176,卖盘
375,14:31:30,5.13,0.02,4,2052,买盘
376,14:31:27,5.11,-0.03,94,48034,中性盘
377,14:31:03,5.14,0.04,5010,2575140,买盘
378,14:30:57,5.1,--,34,17340,买盘
379,14:30:51,5.1,0.01,35,17850,买盘
380,14:30:33,5.09,-0.01,40,20360,卖盘
381,14:30:30,5.1,--,1,509,买盘
382,14:30:27,5.1,--,34,17340,买盘
383,14:30:24,5.1,--,5,2550,买盘
384,14:30:21,5.1,--,25,12750,买盘
385,14:29:54,5.1,--,20,10200,买盘
386,14:29:36,5.1,--,5,2550,买盘
387,14:29:30,5.1,--,23,11730,买盘
388,14:29:24,5.1,--,77,39270,买盘
389,14:29:00,5.1,0.01,20,10200,买盘
390,14:28:51,5.09,-0.01,1,509,卖盘
391,14:28:39,5.1,--,1,509,买盘
392,14:28:36,5.1,--,20,10200,买盘
393,14:28:30,5.1,--,55,28049,买盘
394,14:28:27,5.1,--,22,11220,买盘
395,14:28:24,5.1,--,14,7139,卖盘
396,14:28:21,5.1,--,62,31619,卖盘
397,14:28:18,5.1,--,2,1019,卖盘
398,14:28:12,5.1,-0.01,2,1019,卖盘
399,14:28:06,5.11,0.01,20,10220,买盘
400,14:28:03,5.1,--,100,51000,卖盘
401,14:27:57,5.1,--,35,17850,卖盘
402,14:27:48,5.1,-0.01,18,9180,卖盘
403,14:27:42,5.11,0.01,14,7154,买盘
404,14:27:39,5.1,--,101,51510,卖盘
405,14:27:33,5.1,--,10,5100,卖盘
406,14:27:30,5.1,--,300,153000,卖盘
407,14:27:18,5.1,--,200,102000,卖盘
408,14:27:12,5.1,--,2,1019,卖盘
409,14:27:09,5.1,--,6,3060,卖盘
410,14:27:06,5.1,--,56,28559,卖盘
411,14:26:51,5.1,--,50,25500,卖盘
412,14:26:42,5.1,-0.01,10,5100,卖盘
413,14:26:39,5.11,--,90,45990,买盘
414,14:26:30,5.11,--,10,5110,买盘
415,14:26:27,5.11,--,103,52633,买盘
416,14:26:21,5.11,--,6,3066,买盘
417,14:26:12,5.11,--,1,511,买盘
418,14:26:09,5.11,--,100,51100,买盘
419,14:26:03,5.11,--,1,511,买盘
420,14:25:57,5.11,--,48,24528,卖盘
421,14:25:54,5.11,--,9,4599,卖盘
422,14:25:51,5.11,--,50,25550,卖盘
423,14:25:48,5.11,-0.01,1,511,卖盘
424,14:25:42,5.12,0.01,10,5120,买盘
425,14:25:36,5.11,--,10,5110,卖盘
426,14:25:30,5.11,--,155,79205,卖盘
427,14:25:24,5.11,-0.01,10,5110,卖盘
428,14:25:21,5.12,0.01,27,13824,买盘
429,14:25:15,5.11,-0.01,19,9709,卖盘
430,14:25:12,5.12,--,5,2560,买盘
431,14:25:09,5.12,0.01,105,53760,买盘
432,14:24:57,5.11,-0.01,10,5110,卖盘
433,14:24:54,5.12,0.01,50,25600,买盘
434,14:24:48,5.11,--,21,10731,卖盘
435,14:24:45,5.11,-0.01,38,19418,卖盘
436,14:24:42,5.12,0.01,1,512,买盘
437,14:24:36,5.11,--,29,14819,卖盘
438,14:24:33,5.11,--,40,20440,卖盘
439,14:24:09,5.11,--,19,9709,卖盘
440,14:23:57,5.11,--,4,2044,卖盘
441,14:23:42,5.11,--,300,153300,卖盘
442,14:23:39,5.11,--,106,54166,卖盘
443,14:23:27,5.11,--,5,2555,卖盘
444,14:23:21,5.11,--,200,102200,卖盘
445,14:22:54,5.11,--,10,5110,卖盘
446,14:22:45,5.11,--,5,2555,卖盘
447,14:22:42,5.11,--,10,5110,卖盘
448,14:22:09,5.11,--,274,140014,买盘
449,14:21:57,5.11,--,24,12264,卖盘
450,14:21:51,5.11,-0.01,9,4599,卖盘
451,14:21:45,5.12,0.01,109,55808,买盘
452,14:21:39,5.11,--,10,5110,买盘
453,14:21:33,5.11,--,90,45990,卖盘
454,14:21:27,5.11,-0.01,79,40369,卖盘
455,14:21:12,5.12,0.01,2,1024,买盘
456,14:21:09,5.11,-0.01,20,10220,卖盘
457,14:20:54,5.12,--,2,1024,买盘
458,14:20:51,5.12,0.01,28,14336,买盘
459,14:20:48,5.11,-0.01,31,15841,卖盘
460,14:20:39,5.12,--,20,10240,买盘
461,14:20:36,5.12,0.01,1,512,买盘
462,14:20:33,5.11,--,19,9709,卖盘
463,14:20:30,5.11,-0.01,7,3577,卖盘
464,14:20:24,5.12,--,20,10240,买盘
465,14:20:21,5.12,0.01,102,52224,买盘
466,14:20:15,5.11,--,10,5110,卖盘
467,14:20:09,5.11,--,2,1022,卖盘
468,14:19:57,5.11,-0.01,349,178339,卖盘
469,14:19:54,5.12,--,10,5120,卖盘
470,14:19:51,5.12,--,12,6144,卖盘
471,14:19:42,5.12,--,50,25600,卖盘
472,14:19:33,5.12,--,86,44032,买盘
473,14:19:21,5.12,--,33,16896,买盘
474,14:19:18,5.12,--,2,1024,买盘
475,14:18:48,5.12,0.01,5,2560,买盘
476,14:18:30,5.11,--,5,2555,买盘
477,14:18:12,5.11,-0.01,15,7665,卖盘
478,14:18:06,5.12,0.01,3,1536,买盘
479,14:18:03,5.11,-0.01,20,10220,中性盘
480,14:17:54,5.12,0.02,7,3584,中性盘
481,14:17:48,5.1,-0.03,416,212159,卖盘
482,14:17:45,5.13,0.01,3,1539,买盘
483,14:17:42,5.12,-0.01,80,40960,卖盘
484,14:17:33,5.13,--,11,5643,买盘
485,14:17:24,5.13,--,100,51300,买盘
486,14:17:21,5.13,--,5,2565,买盘
487,14:17:12,5.13,--,2,1026,买盘
488,14:17:09,5.13,--,13,6669,买盘
489,14:17:03,5.13,--,1,513,买盘
490,14:17:00,5.13,--,183,94048,卖盘
491,14:16:57,5.13,--,50,25650,卖盘
492,14:16:54,5.13,-0.01,52,26676,卖盘
493,14:16:51,5.14,--,5,2570,买盘
494,14:16:42,5.14,--,20,10280,买盘
495,14:16:39,5.14,0.01,55,28270,买盘
496,14:16:36,5.13,-0.01,30,15390,卖盘
497,14:16:33,5.14,--,120,61679,买盘
498,14:16:30,5.14,--,21,10794,买盘
499,14:16:24,5.14,0.01,30,15419,买盘
500,14:16:21,5.13,-0.01,70,35910,卖盘
501,14:16:12,5.14,--,50,25700,买盘
502,14:16:09,5.14,--,10,5140,买盘
503,14:16:06,5.14,0.01,3,1542,买盘
504,14:16:03,5.13,-0.01,6,3421,卖盘
505,14:15:57,5.14,0.01,20,10280,买盘
506,14:15:45,5.13,--,10,5130,卖盘
507,14:15:42,5.13,--,124,63612,买盘
508,14:15:39,5.13,--,69,35397,买盘
509,14:15:30,5.13,0.01,20,10260,买盘
510,14:15:27,5.12,-0.01,19,9728,卖盘
511,14:15:21,5.13,0.01,10,5130,买盘
512,14:15:12,5.12,--,15,7680,买盘
513,14:15:09,5.12,--,5,2560,买盘
514,14:15:06,5.12,--,13,6656,买盘
515,14:15:03,5.12,--,2,1024,买盘
516,14:15:00,5.12,--,30,15360,买盘
517,14:14:57,5.12,--,108,55296,卖盘
518,14:14:51,5.12,--,42,21504,卖盘
519,14:14:48,5.12,--,140,71680,卖盘
520,14:14:45,5.12,--,27,13824,卖盘
521,14:14:27,5.12,0.01,1637,838144,买盘
522,14:14:21,5.11,--,6,3066,买盘
523,14:14:15,5.11,0.01,2,1022,买盘
524,14:14:09,5.1,--,2,1019,卖盘
525,14:14:06,5.1,--,1,509,卖盘
526,14:14:03,5.1,--,139,70890,买盘
527,14:13:57,5.1,--,11,5610,买盘
528,14:13:54,5.1,--,10,5100,买盘
529,14:13:48,5.1,--,200,102000,买盘
530,14:13:45,5.1,--,10,5100,买盘
531,14:13:42,5.1,--,300,153000,买盘
532,14:13:39,5.1,--,20,10200,买盘
533,14:13:27,5.1,0.01,154,78540,买盘
534,14:13:12,5.09,-0.01,20,10180,卖盘
535,14:13:09,5.1,0.01,172,87720,买盘
536,14:13:00,5.09,-0.01,1,509,卖盘
537,14:12:51,5.1,0.01,5,2550,买盘
538,14:12:39,5.09,-0.01,25,12725,卖盘
539,14:12:33,5.1,0.01,26,13259,买盘
540,14:12:12,5.09,-0.01,5,2545,卖盘
541,14:11:57,5.1,--,2,1019,买盘
542,14:11:42,5.1,--,10,5100,买盘
543,14:11:39,5.1,--,94,47940,买盘
544,14:11:27,5.1,--,15,7649,买盘
545,14:11:15,5.1,--,40,20400,买盘
546,14:11:12,5.1,--,19,9690,买盘
547,14:11:03,5.1,--,2,1019,买盘
548,14:10:51,5.1,0.01,320,163200,买盘
549,14:10:36,5.09,--,129,65661,卖盘
550,14:10:33,5.09,-0.01,6,3054,卖盘
551,14:10:30,5.1,--,8,4079,买盘
552,14:10:09,5.1,--,10,5100,买盘
553,14:10:06,5.1,--,53,27029,买盘
554,14:10:00,5.1,--,5,2550,买盘
555,14:09:54,5.1,0.01,20,10200,买盘
556,14:09:48,5.09,--,20,10180,卖盘
557,14:09:42,5.09,--,10,5090,卖盘
558,14:09:39,5.09,--,63,32067,卖盘
559,14:09:33,5.09,--,10,5090,卖盘
560,14:09:18,5.09,-0.01,29,14761,卖盘
561,14:09:15,5.1,0.01,15,7649,买盘
562,14:09:00,5.09,--,10,5090,卖盘
563,14:08:57,5.09,--,20,10180,卖盘
564,14:08:48,5.09,-0.01,154,78386,卖盘
565,14:08:45,5.1,0.01,91,46410,买盘
566,14:08:27,5.09,--,19,9671,买盘
567,14:08:21,5.09,--,10,5090,买盘
568,14:08:18,5.09,--,5,2545,买盘
569,14:08:15,5.09,--,1,509,买盘
570,14:08:12,5.09,--,10,5090,买盘
571,14:08:09,5.09,0.01,20,10180,买盘
572,14:08:00,5.08,-0.01,10,5080,卖盘
573,14:07:54,5.09,--,2,1018,买盘
574,14:07:45,5.09,--,20,10180,买盘
575,14:07:39,5.09,--,1,509,买盘
576,14:07:24,5.09,--,35,17815,买盘
577,14:07:18,5.09,--,12,6108,买盘
578,14:07:09,5.09,--,4,2036,买盘
579,14:07:06,5.09,0.01,66,33594,买盘
580,14:07:03,5.08,-0.01,61,30988,卖盘
581,14:06:57,5.09,0.01,29,14761,买盘
582,14:06:45,5.08,--,214,108712,买盘
583,14:06:42,5.08,0.01,2,1016,买盘
584,14:06:36,5.07,-0.01,8,4056,卖盘
585,14:06:27,5.08,0.01,274,139192,买盘
586,14:06:24,5.07,--,273,138411,卖盘
587,14:06:21,5.07,--,20,10140,卖盘
588,14:06:18,5.07,-0.01,5,2535,卖盘
589,14:06:12,5.08,0.01,36,18288,买盘
590,14:05:54,5.07,--,41,20787,买盘
591,14:05:51,5.07,--,16,8112,买盘
592,14:05:48,5.07,--,50,25350,买盘
593,14:05:45,5.07,--,19,9633,买盘
594,14:05:39,5.07,--,25,12675,买盘
595,14:05:36,5.07,--,49,24843,卖盘
596,14:05:33,5.07,--,66,33462,买盘
597,14:05:30,5.07,--,1,507,买盘
598,14:05:27,5.07,0.01,13,6591,卖盘
599,14:05:24,5.06,-0.01,2200,1113200,卖盘
600,14:05:18,5.07,--,78,39546,卖盘
601,14:05:15,5.07,--,50,25350,卖盘
602,14:05:06,5.07,--,50,25350,买盘
603,14:05:03,5.07,--,10,5070,买盘
604,14:04:54,5.07,--,60,30420,买盘
605,14:04:51,5.07,0.01,15,7605,买盘
606,14:04:45,5.06,-0.02,1265,640090,卖盘
607,14:04:39,5.08,0.01,1,508,买盘
608,14:04:36,5.07,-0.01,5,2535,卖盘
609,14:04:33,5.08,--,20,10160,买盘
610,14:04:30,5.08,--,60,30480,买盘
611,14:04:12,5.08,--,28,14224,买盘
612,14:04:09,5.08,0.01,13,6604,买盘
613,14:04:06,5.07,--,43,21801,卖盘
614,14:04:03,5.07,--,14,7098,卖盘
615,14:04:00,5.07,-0.01,23,11661,卖盘
616,14:03:57,5.08,--,187,94996,买盘
617,14:03:54,5.08,--,5,2540,买盘
618,14:03:48,5.08,0.01,10,5080,买盘
619,14:03:42,5.07,--,58,29406,卖盘
620,14:03:36,5.07,--,18,9126,卖盘
621,14:03:30,5.07,--,20,10140,卖盘
622,14:03:24,5.07,--,20,10140,卖盘
623,14:03:18,5.07,-0.01,30,15210,卖盘
624,14:03:15,5.08,0.01,1,508,买盘
625,14:03:12,5.07,-0.01,12,6084,卖盘
626,14:03:09,5.08,0.01,11,5588,买盘
627,14:03:06,5.07,--,55,27885,卖盘
628,14:03:03,5.07,--,130,65910,卖盘
629,14:02:57,5.07,--,54,27378,卖盘
630,14:02:54,5.07,--,7,3549,卖盘
631,14:02:48,5.07,--,1,507,卖盘
632,14:02:45,5.07,--,61,30927,卖盘
633,14:02:42,5.07,--,27,13689,卖盘
634,14:02:39,5.07,--,11,5577,卖盘
635,14:02:36,5.07,--,2,1014,卖盘
636,14:02:33,5.07,--,6,3042,卖盘
637,14:02:30,5.07,--,25,12675,卖盘
638,14:02:27,5.07,--,13,6591,卖盘
639,14:02:24,5.07,--,12,6084,卖盘
640,14:02:21,5.07,--,5,2535,卖盘
641,14:02:18,5.07,--,111,56277,卖盘
642,14:02:15,5.07,--,161,81627,卖盘
643,14:02:06,5.07,--,5,2535,卖盘
644,14:02:00,5.07,--,48,24336,卖盘
645,14:01:54,5.07,--,100,50700,卖盘
646,14:01:48,5.07,--,3,1521,卖盘
647,14:01:45,5.07,--,206,104442,卖盘
648,14:01:42,5.07,-0.01,15,7605,卖盘
649,14:01:39,5.08,--,55,27940,买盘
650,14:01:36,5.08,--,2,1016,买盘
651,14:01:30,5.08,--,30,15240,买盘
652,14:01:18,5.08,--,241,122428,卖盘
653,14:01:12,5.08,--,323,164084,卖盘
654,14:01:09,5.08,-0.01,400,203200,卖盘
655,14:01:06,5.09,0.01,1,509,买盘
656,14:01:03,5.08,--,55,27940,卖盘
657,14:01:00,5.08,--,300,152400,卖盘
658,14:00:57,5.08,--,5,2540,卖盘
659,14:00:48,5.08,-0.01,409,207772,卖盘
660,14:00:42,5.09,0.01,3,1527,买盘
661,14:00:33,5.08,-0.01,15,7620,卖盘
662,14:00:24,5.09,0.01,4,2036,买盘
663,14:00:21,5.08,-0.01,2,1016,卖盘
664,14:00:09,5.09,-0.01,1219,620471,卖盘
665,14:00:06,5.1,--,6,3060,买盘
666,14:00:00,5.1,--,1238,631380,卖盘
667,13:59:27,5.1,--,20,10200,卖盘
668,13:59:24,5.1,--,600,306000,卖盘
669,13:59:18,5.1,--,25,12750,卖盘
670,13:58:30,5.1,-0.01,5,2550,卖盘
671,13:58:27,5.11,--,3,1533,买盘
672,13:58:24,5.11,--,77,39347,买盘
673,13:58:21,5.11,0.01,1,511,买盘
674,13:58:18,5.1,-0.01,50,25500,卖盘
675,13:58:03,5.11,--,10,5110,买盘
676,13:57:51,5.11,0.01,20,10220,买盘
677,13:57:48,5.1,-0.01,1,509,卖盘
678,13:57:42,5.11,--,2,1022,买盘
679,13:57:36,5.11,0.01,18,9198,买盘
680,13:57:30,5.1,-0.01,12,6120,卖盘
681,13:57:24,5.11,--,11,5621,买盘
682,13:57:03,5.11,--,15,7665,买盘
683,13:56:57,5.11,--,2,1022,买盘
684,13:56:48,5.11,0.01,101,51611,买盘
685,13:56:39,5.1,--,1,509,卖盘
686,13:56:36,5.1,--,1,509,卖盘
687,13:56:33,5.1,--,8,4079,卖盘
688,13:56:21,5.1,--,78,39780,卖盘
689,13:56:09,5.1,-0.01,1,509,卖盘
690,13:55:54,5.11,--,1,511,买盘
691,13:55:48,5.11,0.01,6,3066,买盘
692,13:55:42,5.1,--,10,5100,卖盘
693,13:55:39,5.1,--,235,119849,卖盘
694,13:55:12,5.1,-0.01,137,69870,卖盘
695,13:54:54,5.11,0.01,1,511,买盘
696,13:54:51,5.1,-0.01,21,10710,卖盘
697,13:54:48,5.11,--,2,1022,买盘
698,13:54:39,5.11,--,5,2555,买盘
699,13:54:36,5.11,--,5,2555,买盘
700,13:54:30,5.11,-0.01,29,14819,卖盘
701,13:54:27,5.12,0.01,60,30720,买盘
702,13:54:24,5.11,--,63,32193,卖盘
703,13:54:21,5.11,-0.01,25,12775,卖盘
704,13:54:18,5.12,--,2,1024,买盘
705,13:54:15,5.12,0.01,10,5120,买盘
706,13:54:12,5.11,--,100,51100,卖盘
707,13:54:06,5.11,--,20,10220,卖盘
708,13:54:03,5.11,--,12,6132,卖盘
709,13:53:57,5.11,--,120,61320,卖盘
710,13:53:51,5.11,--,234,119574,卖盘
711,13:53:48,5.11,--,70,35770,卖盘
712,13:53:39,5.11,--,30,15330,卖盘
713,13:53:30,5.11,--,1,511,卖盘
714,13:53:24,5.11,--,1,511,卖盘
715,13:53:21,5.11,--,139,71029,卖盘
716,13:53:12,5.11,--,5,2555,卖盘
717,13:53:06,5.11,-0.01,150,76650,卖盘
718,13:52:48,5.12,0.01,40,20480,买盘
719,13:52:45,5.11,--,19,9709,卖盘
720,13:52:36,5.11,--,180,91980,卖盘
721,13:52:33,5.11,-0.01,40,20440,卖盘
722,13:52:18,5.12,--,20,10240,买盘
723,13:52:09,5.12,0.01,20,10240,买盘
724,13:52:06,5.11,--,29,14819,卖盘
725,13:52:03,5.11,--,5,2555,卖盘
726,13:52:00,5.11,--,11,5621,卖盘
727,13:51:57,5.11,--,1,511,卖盘
728,13:51:54,5.11,-0.01,301,153811,卖盘
729,13:51:48,5.12,0.01,5,2560,买盘
730,13:51:42,5.11,--,6,3066,卖盘
731,13:51:39,5.11,-0.01,46,23506,卖盘
732,13:51:36,5.12,0.01,30,15360,买盘
733,13:51:30,5.11,-0.01,8,4088,卖盘
734,13:51:27,5.12,--,1,512,买盘
735,13:51:24,5.12,0.01,2,1024,买盘
736,13:51:12,5.11,-0.01,37,18907,卖盘
737,13:51:06,5.12,0.01,2,1024,买盘
738,13:51:03,5.11,-0.01,1,511,卖盘
739,13:51:00,5.12,--,15,7680,买盘
740,13:50:57,5.12,--,50,25600,买盘
741,13:50:54,5.12,--,5,2560,买盘
742,13:50:39,5.12,--,10,5120,买盘
743,13:50:36,5.12,--,30,15360,买盘
744,13:50:33,5.12,--,20,10240,买盘
745,13:50:30,5.12,--,96,49152,买盘
746,13:50:27,5.12,--,5,2560,买盘
747,13:50:21,5.12,--,122,62464,买盘
748,13:50:03,5.12,--,3,1536,买盘
749,13:50:00,5.12,--,10,5120,买盘
750,13:49:51,5.12,--,50,25600,买盘
751,13:49:45,5.12,--,10,5120,买盘
752,13:49:42,5.12,--,9,4608,买盘
753,13:49:39,5.12,--,18,9216,买盘
754,13:49:36,5.12,0.01,10,5120,买盘
755,13:49:33,5.11,--,21,10731,卖盘
756,13:49:30,5.11,-0.01,10,5110,卖盘
757,13:49:27,5.12,--,100,51200,买盘
758,13:49:18,5.12,0.01,100,51200,买盘
759,13:49:09,5.11,-0.01,7,3577,卖盘
760,13:49:06,5.12,--,1,512,买盘
761,13:49:03,5.12,0.01,30,15360,买盘
762,13:48:57,5.11,-0.01,330,168630,卖盘
763,13:48:51,5.12,--,11,5632,买盘
764,13:48:45,5.12,--,10,5120,买盘
765,13:48:39,5.12,0.01,115,58880,买盘
766,13:48:27,5.11,-0.01,171,87381,卖盘
767,13:48:15,5.12,0.01,11,5632,买盘
768,13:48:00,5.11,--,32,16352,买盘
769,13:47:57,5.11,--,52,26572,买盘
770,13:47:54,5.11,--,15,7665,买盘
771,13:47:48,5.11,--,46,23506,买盘
772,13:47:42,5.11,--,10,5110,买盘
773,13:47:39,5.11,--,28,14308,买盘
774,13:47:33,5.11,--,101,51611,买盘
775,13:47:27,5.11,--,33,16863,买盘
776,13:47:24,5.11,--,5,2555,买盘
777,13:47:12,5.11,--,14,7154,买盘
778,13:47:09,5.11,--,66,33726,买盘
779,13:47:06,5.11,0.01,45,22995,买盘
780,13:47:03,5.1,-0.01,79,40290,卖盘
781,13:47:00,5.11,--,42,21462,买盘
782,13:46:57,5.11,--,132,67452,买盘
783,13:46:54,5.11,0.01,200,102200,买盘
784,13:46:45,5.1,-0.01,7,3569,卖盘
785,13:46:36,5.11,--,20,10220,买盘
786,13:46:33,5.11,--,10,5110,买盘
787,13:46:24,5.11,--,55,28105,买盘
788,13:46:12,5.11,--,2,1022,买盘
789,13:46:09,5.11,0.01,2,1022,买盘
790,13:46:03,5.1,--,12,6120,卖盘
791,13:45:57,5.1,--,414,211139,买盘
792,13:45:54,5.1,--,100,51000,买盘
793,13:45:42,5.1,--,65,33150,买盘
794,13:45:21,5.1,0.01,36,18360,买盘
795,13:45:18,5.09,-0.01,400,203600,卖盘
796,13:45:12,5.1,--,57,29069,买盘
797,13:45:09,5.1,--,545,277950,买盘
798,13:45:03,5.1,--,82,41820,买盘
799,13:44:57,5.1,--,10,5100,买盘
800,13:44:54,5.1,0.01,103,52529,买盘
801,13:44:51,5.09,-0.01,1,509,卖盘
802,13:44:48,5.1,0.01,77,39270,买盘
803,13:44:27,5.09,--,20,10180,卖盘
804,13:44:24,5.09,--,30,15270,卖盘
805,13:44:18,5.09,--,3,1527,卖盘
806,13:44:15,5.09,-0.01,2,1018,卖盘
807,13:44:12,5.1,--,16,8159,买盘
808,13:44:09,5.1,0.01,1,509,买盘
809,13:43:48,5.09,--,80,40720,卖盘
810,13:43:42,5.09,--,3,1527,卖盘
811,13:43:39,5.09,-0.01,2,1018,卖盘
812,13:43:33,5.1,0.01,44,22440,买盘
813,13:43:21,5.09,-0.01,7,3563,卖盘
814,13:43:18,5.1,0.01,22,11220,买盘
815,13:43:09,5.09,--,2,1018,卖盘
816,13:43:03,5.09,--,50,25450,卖盘
817,13:43:00,5.09,--,2,1018,卖盘
818,13:42:51,5.09,--,3,1527,卖盘
819,13:42:48,5.09,--,22,11198,买盘
820,13:42:45,5.09,--,4,2036,买盘
821,13:42:42,5.09,0.01,10,5090,买盘
822,13:42:36,5.08,-0.01,36,18288,卖盘
823,13:42:33,5.09,--,9,4581,买盘
824,13:42:30,5.09,0.01,2,1018,买盘
825,13:42:27,5.08,-0.01,7,3556,卖盘
826,13:42:24,5.09,0.01,11,5599,买盘
827,13:42:21,5.08,--,2,1016,卖盘
828,13:42:18,5.08,-0.01,14,7112,卖盘
829,13:42:06,5.09,--,7,3563,买盘
830,13:41:57,5.09,0.01,31,15779,买盘
831,13:41:45,5.08,--,245,124460,卖盘
832,13:41:42,5.08,-0.01,2,1016,卖盘
833,13:41:36,5.09,--,5,2545,买盘
834,13:41:33,5.09,--,10,5090,买盘
835,13:41:30,5.09,--,5,2545,买盘
836,13:41:27,5.09,--,22,11198,卖盘
837,13:41:24,5.09,--,6,3054,卖盘
838,13:41:21,5.09,--,1,509,卖盘
839,13:41:18,5.09,--,10,5090,买盘
840,13:41:06,5.09,--,8,4072,买盘
841,13:41:00,5.09,--,12,6108,买盘
842,13:40:57,5.09,--,70,35630,买盘
843,13:40:51,5.09,--,22,11198,买盘
844,13:40:48,5.09,--,5,2545,买盘
845,13:40:33,5.09,--,27,13743,买盘
846,13:40:30,5.09,--,20,10180,买盘
847,13:40:27,5.09,--,936,476424,卖盘
848,13:40:24,5.09,-0.01,2,1018,卖盘
849,13:40:21,5.1,0.01,100,51000,买盘
850,13:40:18,5.09,--,107,54463,卖盘
851,13:40:12,5.09,--,5,2545,卖盘
852,13:40:00,5.09,-0.01,7,3563,卖盘
853,13:39:57,5.1,0.01,4,2039,买盘
854,13:39:54,5.09,--,10,5090,卖盘
855,13:39:51,5.09,--,6,3054,卖盘
856,13:39:45,5.09,--,10,5090,卖盘
857,13:39:36,5.09,--,3,1527,卖盘
858,13:39:21,5.09,--,3,1527,卖盘
859,13:39:03,5.09,-0.01,8,4072,卖盘
860,13:38:45,5.1,--,134,68340,卖盘
861,13:38:36,5.1,--,11,5610,卖盘
862,13:38:30,5.1,--,295,150450,买盘
863,13:38:21,5.1,--,4,2039,买盘
864,13:38:18,5.1,--,74,37740,卖盘
865,13:38:15,5.1,--,9,4590,卖盘
866,13:38:12,5.1,-0.01,775,395250,卖盘
867,13:38:03,5.11,0.01,20,10220,买盘
868,13:38:00,5.1,--,402,205020,卖盘
869,13:37:57,5.1,--,3,1530,卖盘
870,13:37:54,5.1,-0.01,20,10200,卖盘
871,13:37:48,5.11,0.01,28,14308,买盘
872,13:37:42,5.1,--,28,14279,卖盘
873,13:37:39,5.1,--,323,164730,卖盘
874,13:37:36,5.1,-0.01,402,205020,卖盘
875,13:37:30,5.11,0.01,52,26572,买盘
876,13:37:18,5.1,--,30,15299,卖盘
877,13:37:12,5.1,--,2,1019,卖盘
878,13:37:09,5.1,-0.01,1,509,卖盘
879,13:36:54,5.11,--,30,15330,买盘
880,13:36:48,5.11,--,9,4599,买盘
881,13:36:42,5.11,0.01,102,52122,买盘
882,13:36:39,5.1,-0.01,1,509,卖盘
883,13:36:21,5.11,--,7,3577,买盘
884,13:36:09,5.11,--,77,39347,卖盘
885,13:36:06,5.11,-0.01,2,1022,卖盘
886,13:36:03,5.12,0.01,3,1536,买盘
887,13:35:54,5.11,--,29,14819,卖盘
888,13:35:51,5.11,0.01,1,511,中性盘
889,13:35:45,5.1,--,1,509,卖盘
890,13:35:42,5.1,-0.02,2,1019,卖盘
891,13:35:30,5.12,--,34,17408,买盘
892,13:35:27,5.12,0.02,10,5120,买盘
893,13:35:24,5.1,--,255,130049,卖盘
894,13:35:12,5.1,-0.01,131,66810,卖盘
895,13:35:09,5.11,--,1,511,卖盘
896,13:35:06,5.11,--,19,9709,买盘
897,13:35:03,5.11,-0.01,19,9709,中性盘
898,13:34:54,5.12,0.02,11,5632,买盘
899,13:34:51,5.1,-0.01,220,112199,卖盘
900,13:34:33,5.11,--,2,1022,卖盘
901,13:34:30,5.11,--,1,511,卖盘
902,13:34:18,5.11,--,4,2044,卖盘
903,13:34:06,5.11,-0.01,2,1022,卖盘
904,13:34:03,5.12,0.01,41,20992,买盘
905,13:33:57,5.11,--,10,5110,卖盘
906,13:33:45,5.11,--,18,9198,中性盘
907,13:33:27,5.11,--,2,1022,卖盘
908,13:33:24,5.11,-0.01,1,511,卖盘
909,13:33:21,5.12,--,60,30720,买盘
910,13:33:18,5.12,0.01,2,1024,买盘
911,13:33:15,5.11,-0.01,204,104244,卖盘
912,13:33:09,5.12,--,103,52736,买盘
913,13:33:06,5.12,--,201,102912,买盘
914,13:33:03,5.12,0.01,142,72704,买盘
915,13:32:57,5.11,-0.01,3,1533,卖盘
916,13:32:54,5.12,--,4,2048,买盘
917,13:32:39,5.12,--,51,26112,买盘
918,13:32:36,5.12,--,5,2560,买盘
919,13:32:33,5.12,0.01,5,2560,买盘
920,13:32:27,5.11,-0.01,5,2555,卖盘
921,13:32:24,5.12,0.01,20,10240,买盘
922,13:32:21,5.11,-0.01,90,45990,卖盘
923,13:32:12,5.12,0.01,11,5632,买盘
924,13:32:09,5.11,--,10,5110,卖盘
925,13:32:06,5.11,--,2,1022,卖盘
926,13:32:03,5.11,-0.01,1,511,卖盘
927,13:32:00,5.12,0.01,2,1024,买盘
928,13:31:57,5.11,--,67,34237,卖盘
929,13:31:42,5.11,--,10,5110,卖盘
930,13:31:39,5.11,--,231,118041,买盘
931,13:31:33,5.11,0.01,5,2555,买盘
932,13:31:27,5.1,--,2,1019,卖盘
933,13:31:24,5.1,-0.01,52,26519,卖盘
934,13:31:15,5.11,--,8,4088,买盘
935,13:31:12,5.11,--,100,51100,买盘
936,13:31:09,5.11,--,14,7154,买盘
937,13:31:06,5.11,0.01,2,1022,买盘
938,13:31:03,5.1,--,30,15299,卖盘
939,13:31:00,5.1,--,60,30599,卖盘
940,13:30:57,5.1,-0.01,3,1530,卖盘
941,13:30:54,5.11,--,13,6643,买盘
942,13:30:51,5.11,--,102,52122,买盘
943,13:30:45,5.11,--,106,54166,买盘
944,13:30:33,5.11,0.01,200,102200,买盘
945,13:30:24,5.1,--,2,1019,卖盘
946,13:30:21,5.1,-0.01,1,509,卖盘
947,13:30:18,5.11,--,23,11753,买盘
948,13:30:15,5.11,--,10,5110,买盘
949,13:30:12,5.11,--,100,51100,买盘
950,13:30:06,5.11,0.01,20,10220,买盘
951,13:30:00,5.1,--,180,91800,卖盘
952,13:29:57,5.1,--,5,2550,卖盘
953,13:29:54,5.1,-0.01,20,10200,卖盘
954,13:29:48,5.11,--,35,17885,买盘
955,13:29:45,5.11,0.01,12,6132,买盘
956,13:29:39,5.1,--,2,1019,卖盘
957,13:29:33,5.1,-0.01,1,509,卖盘
958,13:29:30,5.11,--,40,20440,买盘
959,13:29:24,5.11,--,10,5110,买盘
960,13:29:18,5.11,--,3,1533,买盘
961,13:29:09,5.11,0.01,5,2555,买盘
962,13:29:06,5.1,-0.01,12,6120,卖盘
963,13:29:03,5.11,--,21,10731,买盘
964,13:28:54,5.11,--,10,5110,买盘
965,13:28:48,5.11,--,4,2044,买盘
966,13:28:45,5.11,--,10,5110,买盘
967,13:28:36,5.11,--,20,10220,买盘
968,13:28:30,5.11,0.01,137,70007,买盘
969,13:28:27,5.1,-0.01,1,509,卖盘
970,13:28:24,5.11,--,82,41902,买盘
971,13:28:21,5.11,--,1,511,买盘
972,13:28:15,5.11,--,5,2555,买盘
973,13:28:12,5.11,0.01,20,10220,买盘
974,13:28:06,5.1,-0.01,3,1530,卖盘
975,13:28:03,5.11,0.01,10,5110,买盘
976,13:28:00,5.1,--,3,1530,卖盘
977,13:27:57,5.1,--,59,30089,卖盘
978,13:27:54,5.1,-0.01,1,509,卖盘
979,13:27:51,5.11,--,4,2044,买盘
980,13:27:48,5.11,--,8,4088,买盘
981,13:27:39,5.11,--,1,511,买盘
982,13:27:27,5.11,0.01,40,20440,买盘
983,13:27:24,5.1,-0.01,2,1019,卖盘
984,13:27:21,5.11,--,43,21973,买盘
985,13:27:15,5.11,--,61,31171,卖盘
986,13:27:12,5.11,-0.01,25,12775,卖盘
987,13:27:09,5.12,--,12,6144,买盘
988,13:27:06,5.12,--,65,33280,买盘
989,13:26:57,5.12,0.01,5,2560,买盘
990,13:26:36,5.11,-0.01,14,7154,中性盘
991,13:26:33,5.12,0.01,99,50688,买盘
992,13:26:30,5.11,--,5,2555,买盘
993,13:26:21,5.11,--,29,14819,卖盘
994,13:26:15,5.11,-0.01,50,25550,卖盘
995,13:26:12,5.12,0.01,43,22016,买盘
996,13:26:09,5.11,--,202,103222,卖盘
997,13:26:03,5.11,--,261,133371,买盘
998,13:26:00,5.11,--,30,15330,买盘
999,13:25:57,5.11,--,291,148701,买盘
1000,13:25:51,5.11,--,231,118041,买盘
1001,13:25:48,5.11,0.01,20,10220,买盘
1002,13:25:39,5.1,-0.01,10,5100,卖盘
1003,13:25:33,5.11,0.01,15,7665,买盘
1004,13:25:27,5.1,--,22,11220,买盘
1005,13:25:21,5.1,-0.01,73,37230,卖盘
1006,13:25:18,5.11,0.01,20,10220,买盘
1007,13:25:15,5.1,--,8,4079,买盘
1008,13:25:12,5.1,--,23,11730,买盘
1009,13:25:09,5.1,--,21,10710,买盘
1010,13:25:06,5.1,--,15,7649,买盘
1011,13:25:00,5.1,--,55,28049,买盘
1012,13:24:57,5.1,0.01,61,31109,买盘
1013,13:24:42,5.09,--,42,21378,买盘
1014,13:24:39,5.09,--,1,509,买盘
1015,13:24:36,5.09,--,52,26468,买盘
1016,13:24:33,5.09,--,540,274860,买盘
1017,13:24:27,5.09,0.01,21,10689,买盘
1018,13:24:18,5.08,--,48,24384,卖盘
1019,13:24:15,5.08,--,1,508,卖盘
1020,13:24:12,5.08,-0.01,52,26416,卖盘
1021,13:24:09,5.09,0.01,28,14252,买盘
1022,13:24:00,5.08,--,55,27940,卖盘
1023,13:23:57,5.08,-0.01,14,7112,卖盘
1024,13:23:54,5.09,0.01,85,43265,买盘
1025,13:23:51,5.08,--,25,12700,卖盘
1026,13:23:48,5.08,-0.01,20,10160,卖盘
1027,13:23:45,5.09,--,77,39193,买盘
1028,13:23:42,5.09,--,29,14761,买盘
1029,13:23:36,5.09,0.01,18,9162,买盘
1030,13:23:33,5.08,-0.01,10,5080,卖盘
1031,13:23:30,5.09,0.01,29,14761,买盘
1032,13:23:27,5.08,-0.01,23,11684,卖盘
1033,13:23:21,5.09,0.01,13,6617,买盘
1034,13:23:18,5.08,-0.01,8,4064,卖盘
1035,13:23:15,5.09,0.01,35,17815,买盘
1036,13:23:06,5.08,-0.01,100,50800,卖盘
1037,13:23:03,5.09,0.01,23,11707,买盘
1038,13:23:00,5.08,--,8,4064,卖盘
1039,13:22:48,5.08,-0.01,20,10160,卖盘
1040,13:22:42,5.09,0.02,3,1527,买盘
1041,13:22:15,5.07,-0.01,5,2535,卖盘
1042,13:22:12,5.08,--,14,7112,买盘
1043,13:22:09,5.08,0.01,200,101600,买盘
1044,13:22:06,5.07,--,127,64389,卖盘
1045,13:22:03,5.07,-0.01,4,2028,卖盘
1046,13:22:00,5.08,--,570,289560,买盘
1047,13:21:57,5.08,--,30,15240,买盘
1048,13:21:54,5.08,--,50,25400,买盘
1049,13:21:51,5.08,0.01,63,32004,买盘
1050,13:21:48,5.07,-0.01,29,14703,卖盘
1051,13:21:45,5.08,0.01,8,4064,买盘
1052,13:21:42,5.07,-0.01,50,25350,卖盘
1053,13:21:39,5.08,--,12,6096,买盘
1054,13:21:36,5.08,--,9,4572,买盘
1055,13:21:33,5.08,--,12,6096,买盘
1056,13:21:27,5.08,--,35,17780,买盘
1057,13:21:24,5.08,--,210,106680,买盘
1058,13:21:15,5.08,0.01,94,47752,买盘
1059,13:21:12,5.07,--,36,18252,卖盘
1060,13:21:09,5.07,--,13,6591,卖盘
1061,13:21:06,5.07,-0.01,15,7605,卖盘
1062,13:21:03,5.08,--,30,15240,买盘
1063,13:21:00,5.08,--,5,2540,买盘
1064,13:20:54,5.08,--,61,30988,买盘
1065,13:20:48,5.08,--,19,9652,买盘
1066,13:20:45,5.08,--,82,41656,买盘
1067,13:20:42,5.08,--,320,162560,卖盘
1068,13:20:39,5.08,-0.01,10,5080,卖盘
1069,13:20:36,5.09,0.01,21,10689,买盘
1070,13:20:33,5.08,--,3,1524,卖盘
1071,13:20:24,5.08,-0.01,10,5080,卖盘
1072,13:20:21,5.09,--,60,30540,买盘
1073,13:20:18,5.09,--,30,15270,买盘
1074,13:20:15,5.09,--,16,8144,买盘
1075,13:20:12,5.09,--,17,8653,买盘
1076,13:20:09,5.09,0.01,29,14761,买盘
1077,13:20:00,5.08,-0.01,4,2032,卖盘
1078,13:19:57,5.09,0.01,40,20360,买盘
1079,13:19:51,5.08,--,25,12700,卖盘
1080,13:19:48,5.08,-0.01,121,61468,卖盘
1081,13:19:45,5.09,--,1,509,买盘
1082,13:19:36,5.09,--,30,15270,买盘
1083,13:19:33,5.09,--,20,10180,买盘
1084,13:19:30,5.09,0.01,5,2545,买盘
1085,13:19:27,5.08,--,22,11176,买盘
1086,13:19:24,5.08,--,55,27940,买盘
1087,13:19:21,5.08,-0.01,228,115824,卖盘
1088,13:19:09,5.09,-0.01,12,6108,卖盘
1089,13:19:06,5.1,0.02,1989,1014389,买盘
1090,13:19:03,5.08,-0.01,500,254000,卖盘
1091,13:19:00,5.09,0.01,1,509,买盘
1092,13:18:54,5.08,-0.01,17,8636,卖盘
1093,13:18:48,5.09,0.01,12,6108,买盘
1094,13:18:45,5.08,-0.01,3,1524,卖盘
1095,13:18:42,5.09,0.01,1,509,买盘
1096,13:18:39,5.08,-0.01,81,41148,卖盘
1097,13:18:36,5.09,--,81,41229,买盘
1098,13:18:33,5.09,--,107,54463,买盘
1099,13:18:30,5.09,--,2,1018,买盘
1100,13:18:27,5.09,--,70,35630,买盘
1101,13:18:18,5.09,--,5,2545,买盘
1102,13:18:15,5.09,0.01,15,7635,买盘
1103,13:18:12,5.08,--,62,31496,卖盘
1104,13:18:09,5.08,--,32,16256,卖盘
1105,13:18:06,5.08,-0.01,5,2540,卖盘
1106,13:18:00,5.09,--,2,1018,买盘
1107,13:17:57,5.09,--,40,20360,卖盘
1108,13:17:54,5.09,--,38,19342,卖盘
1109,13:17:51,5.09,--,59,30031,卖盘
1110,13:17:48,5.09,--,30,15270,卖盘
1111,13:17:39,5.09,--,99,50391,卖盘
1112,13:17:36,5.09,--,7,3563,卖盘
1113,13:17:33,5.09,--,50,25450,卖盘
1114,13:17:30,5.09,--,5,2545,卖盘
1115,13:17:27,5.09,--,44,22396,卖盘
1116,13:17:24,5.09,-0.01,16,8144,卖盘
1117,13:17:21,5.1,--,100,51000,买盘
1118,13:17:18,5.1,0.01,8,4079,买盘
1119,13:17:15,5.09,--,5,2545,卖盘
1120,13:17:12,5.09,-0.01,65,33085,卖盘
1121,13:17:09,5.1,0.01,30,15299,买盘
1122,13:17:00,5.09,-0.01,60,30540,卖盘
1123,13:16:57,5.1,0.01,57,29069,买盘
1124,13:16:54,5.09,-0.01,35,17815,卖盘
1125,13:16:51,5.1,--,11,5610,买盘
1126,13:16:48,5.1,0.01,7,3569,买盘
1127,13:16:42,5.09,--,41,20869,卖盘
1128,13:16:39,5.09,--,5,2545,卖盘
1129,13:16:36,5.09,-0.01,53,26977,卖盘
1130,13:16:30,5.1,0.02,100,51000,买盘
1131,13:16:27,5.08,-0.02,29,14732,卖盘
1132,13:16:24,5.1,--,33,16830,买盘
1133,13:16:21,5.1,0.01,10,5100,买盘
1134,13:16:18,5.09,-0.01,19,9671,卖盘
1135,13:16:15,5.1,0.01,293,149430,买盘
1136,13:16:12,5.09,--,5,2545,卖盘
1137,13:16:09,5.09,-0.01,3,1527,卖盘
1138,13:16:06,5.1,0.01,40,20400,买盘
1139,13:16:03,5.09,--,16,8144,卖盘
1140,13:16:00,5.09,-0.01,31,15779,卖盘
1141,13:15:54,5.1,--,12,6120,买盘
1142,13:15:48,5.1,0.01,1,509,买盘
1143,13:15:45,5.09,-0.01,34,17306,卖盘
1144,13:15:42,5.1,0.01,102,52020,买盘
1145,13:15:39,5.09,-0.01,9,4581,卖盘
1146,13:15:36,5.1,0.01,31,15809,买盘
1147,13:15:27,5.09,--,10,5090,卖盘
1148,13:15:24,5.09,--,82,41738,买盘
1149,13:15:21,5.09,--,37,18833,买盘
1150,13:15:18,5.09,0.01,71,36139,买盘
1151,13:15:15,5.08,-0.01,5,2540,卖盘
1152,13:15:09,5.09,0.01,8,4072,买盘
1153,13:15:06,5.08,--,24,12192,卖盘
1154,13:15:00,5.08,--,1,508,卖盘
1155,13:14:57,5.08,-0.01,2,1016,卖盘
1156,13:14:54,5.09,0.01,7,3563,买盘
1157,13:14:51,5.08,--,11,5588,卖盘
1158,13:14:45,5.08,--,5,2540,卖盘
1159,13:14:42,5.08,0.01,48,24384,卖盘
1160,13:14:39,5.07,--,3,1521,卖盘
1161,13:14:27,5.07,0.01,37,18759,中性盘
1162,13:14:21,5.06,--,91,46046,卖盘
1163,13:14:18,5.06,--,536,271216,卖盘
1164,13:14:15,5.06,-0.01,46,23276,卖盘
1165,13:14:12,5.07,0.01,30,15210,买盘
1166,13:14:09,5.06,-0.01,73,36938,卖盘
1167,13:14:06,5.07,0.01,144,73008,买盘
1168,13:14:03,5.06,--,30,15179,卖盘
1169,13:14:00,5.06,--,3,1517,卖盘
1170,13:13:57,5.06,--,93,47058,卖盘
1171,13:13:54,5.06,--,30,15179,卖盘
1172,13:13:48,5.06,--,14,7083,卖盘
1173,13:13:45,5.06,--,140,71189,卖盘
1174,13:13:42,5.06,--,95,48069,买盘
1175,13:13:39,5.06,0.01,25,12649,买盘
1176,13:13:36,5.05,-0.01,70,35350,卖盘
1177,13:13:33,5.06,--,44,22264,卖盘
1178,13:13:30,5.06,--,30,15179,买盘
1179,13:13:27,5.06,--,18,9108,买盘
1180,13:13:24,5.06,--,19,9614,买盘
1181,13:13:21,5.06,0.01,22,11132,买盘
1182,13:13:18,5.05,-0.01,76,38380,卖盘
1183,13:13:15,5.06,-0.01,563,284878,卖盘
1184,13:13:12,5.07,--,427,216489,买盘
1185,13:13:09,5.07,--,16,8112,买盘
1186,13:13:00,5.07,--,137,69459,卖盘
1187,13:12:57,5.07,-0.01,686,347802,卖盘
1188,13:12:54,5.08,0.01,133,67564,买盘
1189,13:12:51,5.07,--,22,11154,卖盘
1190,13:12:48,5.07,--,23,11661,卖盘
1191,13:12:45,5.07,-0.01,84,42588,卖盘
1192,13:12:42,5.08,--,150,76200,买盘
1193,13:12:39,5.08,--,108,54864,买盘
1194,13:12:36,5.08,--,50,25400,中性盘
1195,13:12:33,5.08,--,30,15240,买盘
1196,13:12:30,5.08,--,21,10668,卖盘
1197,13:12:27,5.08,--,66,33528,卖盘
1198,13:12:24,5.08,--,10,5080,卖盘
1199,13:12:21,5.08,--,401,203708,卖盘
1200,13:12:18,5.08,--,19,9652,卖盘
1201,13:12:15,5.08,--,175,88900,卖盘
1202,13:12:12,5.08,--,167,84836,卖盘
1203,13:12:09,5.08,--,10,5080,卖盘
1204,13:12:06,5.08,-0.01,10,5080,卖盘
1205,13:12:03,5.09,0.01,10,5090,买盘
1206,13:12:00,5.08,-0.01,235,119380,卖盘
1207,13:11:54,5.09,--,17,8653,买盘
1208,13:11:51,5.09,--,21,10689,买盘
1209,13:11:48,5.09,-0.01,72,36648,卖盘
1210,13:11:45,5.1,--,65,33150,买盘
1211,13:11:42,5.1,0.01,134,68340,买盘
1212,13:11:39,5.09,-0.01,304,154736,卖盘
1213,13:11:33,5.1,--,51,26010,买盘
1214,13:11:27,5.1,0.01,100,51000,买盘
1215,13:11:24,5.09,-0.01,83,42247,卖盘
1216,13:11:18,5.1,--,69,35190,买盘
1217,13:11:15,5.1,--,70,35700,买盘
1218,13:11:12,5.1,--,11,5610,买盘
1219,13:11:09,5.1,--,8,4079,买盘
1220,13:11:06,5.1,--,388,197880,卖盘
1221,13:11:03,5.1,--,5,2550,卖盘
1222,13:11:00,5.1,--,65,33150,卖盘
1223,13:10:54,5.1,--,20,10200,卖盘
1224,13:10:51,5.1,--,4,2039,卖盘
1225,13:10:45,5.1,--,2,1019,卖盘
1226,13:10:36,5.1,-0.01,8,4079,卖盘
1227,13:10:33,5.11,--,3,1533,买盘
1228,13:10:24,5.11,--,13,6643,买盘
1229,13:10:21,5.11,--,100,51100,买盘
1230,13:10:18,5.11,0.01,50,25550,买盘
1231,13:10:12,5.1,--,213,108629,卖盘
1232,13:10:09,5.1,-0.01,25,12750,卖盘
1233,13:10:06,5.11,--,16,8176,买盘
1234,13:10:03,5.11,0.01,153,78183,买盘
1235,13:10:00,5.1,--,5,2550,卖盘
1236,13:09:57,5.1,-0.01,40,20400,卖盘
1237,13:09:54,5.11,--,1,511,买盘
1238,13:09:51,5.11,--,27,13797,买盘
1239,13:09:48,5.11,--,3,1533,买盘
1240,13:09:45,5.11,0.01,4,2044,买盘
1241,13:09:42,5.1,-0.01,39,19890,卖盘
1242,13:09:39,5.11,--,40,20440,买盘
1243,13:09:30,5.11,0.01,50,25550,买盘
1244,13:09:27,5.1,-0.01,50,25500,卖盘
1245,13:09:24,5.11,--,5,2555,买盘
1246,13:09:18,5.11,--,58,29638,卖盘
1247,13:09:12,5.11,--,20,10220,卖盘
1248,13:09:03,5.11,--,85,43435,买盘
1249,13:09:00,5.11,--,20,10220,买盘
1250,13:08:57,5.11,--,126,64386,买盘
1251,13:08:48,5.11,--,679,346969,买盘
1252,13:08:39,5.11,-0.01,11,5621,中性盘
1253,13:08:30,5.12,0.02,22,11264,买盘
1254,13:08:27,5.1,-0.01,4,2039,卖盘
1255,13:08:24,5.11,0.01,100,51100,中性盘
1256,13:08:12,5.1,--,6,3060,卖盘
1257,13:08:06,5.1,-0.01,3,1530,卖盘
1258,13:08:00,5.11,0.01,1,511,买盘
1259,13:07:57,5.1,--,30,15299,卖盘
1260,13:07:54,5.1,--,23,11730,卖盘
1261,13:07:51,5.1,--,8,4079,卖盘
1262,13:07:48,5.1,-0.01,166,84971,卖盘
1263,13:07:45,5.11,0.01,26,13286,买盘
1264,13:07:33,5.1,-0.01,10,5100,卖盘
1265,13:07:30,5.11,0.01,19,9709,买盘
1266,13:07:24,5.1,--,9,4590,卖盘
1267,13:07:21,5.1,-0.01,5,2550,卖盘
1268,13:07:15,5.11,0.01,10,5110,买盘
1269,13:07:12,5.1,--,7,3569,卖盘
1270,13:07:09,5.1,--,24,12240,卖盘
1271,13:07:06,5.1,-0.01,101,51510,卖盘
1272,13:06:57,5.11,--,5,2555,买盘
1273,13:06:51,5.11,--,10,5110,买盘
1274,13:06:45,5.11,--,17,8886,卖盘
1275,13:06:42,5.11,-0.01,157,80656,卖盘
1276,13:06:39,5.12,0.01,233,119690,买盘
1277,13:06:36,5.11,--,99,50589,卖盘
1278,13:06:27,5.11,--,9,4599,卖盘
1279,13:06:24,5.11,--,313,159943,卖盘
1280,13:06:18,5.11,--,19,9709,卖盘
1281,13:06:12,5.11,-0.01,50,25550,卖盘
1282,13:06:09,5.12,0.01,5,2560,买盘
1283,13:06:06,5.11,-0.01,102,52122,卖盘
1284,13:06:00,5.12,0.01,13,6656,买盘
1285,13:05:57,5.11,-0.01,100,51100,卖盘
1286,13:05:48,5.12,--,124,63488,买盘
1287,13:05:45,5.12,--,36,18805,卖盘
1288,13:05:39,5.12,--,30,15360,卖盘
1289,13:05:30,5.12,-0.01,100,51200,卖盘
1290,13:05:27,5.13,0.01,160,82080,买盘
1291,13:05:24,5.12,-0.01,70,35840,卖盘
1292,13:05:21,5.13,--,14,7182,买盘
1293,13:05:18,5.13,--,20,10260,买盘
1294,13:05:12,5.13,--,112,57456,买盘
1295,13:05:09,5.13,--,4,2052,买盘
1296,13:04:57,5.13,--,3,1539,买盘
1297,13:04:42,5.13,--,90,46170,卖盘
1298,13:04:39,5.13,--,14,7182,卖盘
1299,13:04:33,5.13,--,10,5130,卖盘
1300,13:04:27,5.13,--,50,25650,卖盘
1301,13:04:18,5.13,--,100,51300,卖盘
1302,13:04:09,5.13,--,6,3078,卖盘
1303,13:03:51,5.13,0.01,2,1026,买盘
1304,13:03:42,5.12,--,108,55296,卖盘
1305,13:03:30,5.12,-0.01,184,94208,卖盘
1306,13:03:27,5.13,--,107,54891,卖盘
1307,13:03:18,5.13,--,96,49381,买盘
1308,13:03:15,5.13,0.01,20,10260,买盘
1309,13:03:12,5.12,-0.01,280,143360,卖盘
1310,13:03:09,5.13,--,54,27702,买盘
1311,13:03:06,5.13,--,62,31806,买盘
1312,13:03:03,5.13,--,100,51300,买盘
1313,13:02:57,5.13,--,143,73359,买盘
1314,13:02:54,5.13,--,1,513,买盘
1315,13:02:51,5.13,--,39,20007,买盘
1316,13:02:48,5.13,--,13,6669,买盘
1317,13:02:45,5.13,--,80,41040,买盘
1318,13:02:36,5.13,--,10,5130,买盘
1319,13:02:33,5.13,--,108,55404,买盘
1320,13:02:27,5.13,0.01,15,7695,买盘
1321,13:02:21,5.12,--,3,1536,卖盘
1322,13:02:18,5.12,--,55,28160,卖盘
1323,13:02:15,5.12,--,74,37893,买盘
1324,13:02:12,5.12,--,90,46080,买盘
1325,13:02:09,5.12,--,7,3584,买盘
1326,13:02:03,5.12,--,20,10240,买盘
1327,13:02:00,5.12,0.01,5,2560,买盘
1328,13:01:57,5.11,-0.01,340,173740,卖盘
1329,13:01:54,5.12,--,50,25600,买盘
1330,13:01:51,5.12,0.01,200,102400,买盘
1331,13:01:48,5.11,--,11,5621,卖盘
1332,13:01:45,5.11,-0.01,2,1022,卖盘
1333,13:01:42,5.12,0.01,33,16896,买盘
1334,13:01:39,5.11,--,16,8176,卖盘
1335,13:01:21,5.11,--,2,1022,卖盘
1336,13:01:06,5.11,--,42,21462,买盘
1337,13:01:03,5.11,0.01,1,511,买盘
1338,13:00:51,5.1,0.01,10,5100,卖盘
1339,13:00:48,5.09,--,19,9671,卖盘
1340,13:00:45,5.09,--,24,12216,卖盘
1341,13:00:39,5.09,--,200,101800,卖盘
1342,13:00:36,5.09,--,22,11198,卖盘
1343,13:00:33,5.09,--,15,7635,卖盘
1344,13:00:27,5.09,--,20,10180,卖盘
1345,13:00:24,5.09,--,65,33085,卖盘
1346,13:00:18,5.09,--,6,3054,卖盘
1347,13:00:15,5.09,-0.01,265,134885,卖盘
1348,13:00:12,5.1,--,20,10200,卖盘
1349,13:00:09,5.1,--,470,239699,卖盘
1350,13:00:06,5.1,-0.02,1357,692325,卖盘
1351,13:00:03,5.12,--,2296,1175552,卖盘
1352,13:00:00,5.12,--,12,6144,卖盘
1353,11:30:00,5.12,--,41,20992,卖盘
1354,11:29:54,5.12,-0.01,807,413184,卖盘
1355,11:29:51,5.13,--,10,5130,买盘
1356,11:29:48,5.13,--,23,11799,买盘
1357,11:29:45,5.13,--,20,10260,买盘
1358,11:29:42,5.13,--,176,90288,卖盘
1359,11:29:39,5.13,--,289,148257,卖盘
1360,11:29:36,5.13,-0.01,32,16416,卖盘
1361,11:29:30,5.14,0.01,9,4626,买盘
1362,11:29:27,5.13,-0.01,10,5130,卖盘
1363,11:29:21,5.14,--,2,1028,买盘
1364,11:29:03,5.14,--,587,301718,卖盘
1365,11:29:00,5.14,-0.01,150,77100,卖盘
1366,11:28:57,5.15,--,1,515,买盘
1367,11:28:54,5.15,0.01,10,5150,买盘
1368,11:28:51,5.14,-0.01,400,205600,卖盘
1369,11:28:48,5.15,--,57,29355,买盘
1370,11:28:45,5.15,--,11,5665,买盘
1371,11:28:39,5.15,--,110,56650,买盘
1372,11:28:33,5.15,--,114,58710,卖盘
1373,11:28:30,5.15,--,10,5150,卖盘
1374,11:28:27,5.15,--,411,211665,卖盘
1375,11:28:24,5.15,-0.01,7,3605,卖盘
1376,11:28:21,5.16,0.01,64,33024,买盘
1377,11:28:18,5.15,--,140,72100,卖盘
1378,11:28:12,5.15,-0.01,10,5150,卖盘
1379,11:28:09,5.16,0.01,16,8256,买盘
1380,11:28:06,5.15,--,23,11845,卖盘
1381,11:27:54,5.15,--,358,184370,卖盘
1382,11:27:51,5.15,--,56,28840,卖盘
1383,11:27:48,5.15,-0.01,250,128750,卖盘
1384,11:27:39,5.16,0.01,10,5160,买盘
1385,11:27:36,5.15,-0.01,200,103000,卖盘
1386,11:27:30,5.16,0.01,40,20640,买盘
1387,11:27:27,5.15,--,100,51500,卖盘
1388,11:27:24,5.15,--,16,8240,卖盘
1389,11:27:21,5.15,--,136,70040,卖盘
1390,11:27:18,5.15,-0.01,3,1545,卖盘
1391,11:27:15,5.16,--,106,54696,买盘
1392,11:27:12,5.16,0.01,12,6192,买盘
1393,11:27:09,5.15,-0.01,10,5150,卖盘
1394,11:27:06,5.16,--,100,51600,买盘
1395,11:27:03,5.16,--,100,51600,买盘
1396,11:26:57,5.16,--,189,97524,买盘
1397,11:26:54,5.16,--,20,10320,买盘
1398,11:26:51,5.16,--,10,5160,买盘
1399,11:26:42,5.16,--,20,10320,买盘
1400,11:26:39,5.16,--,55,28380,买盘
1401,11:26:30,5.16,--,17,8772,卖盘
1402,11:26:27,5.16,0.01,48,24768,卖盘
1403,11:26:24,5.15,--,93,47895,卖盘
1404,11:26:21,5.15,-0.01,300,154500,卖盘
1405,11:26:18,5.16,--,13,6708,买盘
1406,11:26:15,5.16,--,27,13932,卖盘
1407,11:26:09,5.16,--,73,37668,买盘
1408,11:26:06,5.16,--,5,2580,买盘
1409,11:26:03,5.16,--,100,51600,买盘
1410,11:25:54,5.16,--,20,10320,买盘
1411,11:25:51,5.16,0.01,10,5160,买盘
1412,11:25:45,5.15,--,60,30900,卖盘
1413,11:25:42,5.15,-0.01,214,110210,卖盘
1414,11:25:36,5.16,--,11,5676,买盘
1415,11:25:30,5.16,--,1,516,买盘
1416,11:25:27,5.16,-0.01,98,50568,卖盘
1417,11:25:15,5.17,--,13,6721,买盘
1418,11:25:06,5.17,--,18,9306,卖盘
1419,11:25:03,5.17,0.01,11,5687,卖盘
1420,11:25:00,5.16,--,23,11868,买盘
1421,11:24:57,5.16,-0.01,429,221364,卖盘
1422,11:24:54,5.17,--,59,30503,买盘
1423,11:24:51,5.17,--,25,12925,买盘
1424,11:24:45,5.17,0.01,13,6721,买盘
1425,11:24:42,5.16,-0.01,43,22188,卖盘
1426,11:24:33,5.17,0.01,3,1551,买盘
1427,11:24:30,5.16,--,53,27348,卖盘
1428,11:24:27,5.16,-0.01,1000,516000,卖盘
1429,11:24:18,5.17,--,1,517,卖盘
1430,11:24:15,5.17,0.01,9,4653,买盘
1431,11:24:12,5.16,-0.01,50,25800,卖盘
1432,11:24:06,5.17,--,592,306064,买盘
1433,11:24:03,5.17,--,23,11891,买盘
1434,11:24:00,5.17,0.01,2,1034,买盘
1435,11:23:57,5.16,-0.01,3,1548,卖盘
1436,11:23:54,5.17,--,31,16027,买盘
1437,11:23:51,5.17,--,29,14993,买盘
1438,11:23:48,5.17,0.01,2,1034,买盘
1439,11:23:45,5.16,-0.01,63,32508,卖盘
1440,11:23:39,5.17,--,116,59972,买盘
1441,11:23:30,5.17,--,3,1551,买盘
1442,11:23:27,5.17,--,1,517,买盘
1443,11:23:24,5.17,--,5,2585,买盘
1444,11:23:21,5.17,--,338,174746,卖盘
1445,11:23:15,5.17,--,264,136488,卖盘
1446,11:23:12,5.17,--,13,6721,卖盘
1447,11:23:03,5.17,--,79,40843,卖盘
1448,11:23:00,5.17,--,20,10340,卖盘
1449,11:22:51,5.17,--,228,117876,卖盘
1450,11:22:48,5.17,-0.01,16,8272,卖盘
1451,11:22:42,5.18,0.01,48,24864,买盘
1452,11:22:36,5.17,-0.01,60,31020,卖盘
1453,11:22:30,5.18,--,1,518,买盘
1454,11:22:24,5.18,--,84,43512,买盘
1455,11:22:15,5.18,--,110,56980,买盘
1456,11:22:06,5.18,--,39,20357,卖盘
1457,11:22:00,5.18,--,100,51800,卖盘
1458,11:21:57,5.18,--,8,4144,卖盘
1459,11:21:51,5.18,-0.01,24,12432,卖盘
1460,11:21:45,5.19,0.01,94,48786,买盘
1461,11:21:39,5.18,--,21,10878,卖盘
1462,11:21:36,5.18,-0.01,43,22274,卖盘
1463,11:21:33,5.19,0.01,4,2076,买盘
1464,11:21:27,5.18,--,0,103,卖盘
1465,11:21:21,5.18,--,326,168868,卖盘
1466,11:21:18,5.18,-0.01,102,52836,卖盘
1467,11:21:12,5.19,0.01,20,10380,买盘
1468,11:21:09,5.18,-0.01,10,5180,卖盘
1469,11:21:06,5.19,0.01,40,20760,买盘
1470,11:20:57,5.18,-0.01,11,5698,卖盘
1471,11:20:54,5.19,--,6,3114,买盘
1472,11:20:48,5.19,0.01,102,52938,买盘
1473,11:20:45,5.18,-0.01,80,41440,卖盘
1474,11:20:30,5.19,--,38,19722,买盘
1475,11:20:24,5.19,--,20,10380,买盘
1476,11:20:12,5.19,--,80,41520,买盘
1477,11:20:09,5.19,--,7,3633,买盘
1478,11:20:03,5.19,--,20,10380,买盘
1479,11:19:51,5.19,--,1,519,买盘
1480,11:19:45,5.19,--,70,36330,买盘
1481,11:19:39,5.19,--,47,24393,买盘
1482,11:19:33,5.19,0.01,9,4671,买盘
1483,11:19:27,5.18,-0.01,80,41440,卖盘
1484,11:19:15,5.19,0.01,40,20760,买盘
1485,11:19:06,5.18,--,7,3626,卖盘
1486,11:19:00,5.18,-0.01,3,1554,卖盘
1487,11:18:54,5.19,--,6,3114,买盘
1488,11:18:51,5.19,--,20,10380,买盘
1489,11:18:45,5.19,--,1,519,买盘
1490,11:18:21,5.19,--,16,8304,买盘
1491,11:18:12,5.19,0.01,42,21798,买盘
1492,11:18:09,5.18,-0.01,19,9842,卖盘
1493,11:18:00,5.19,0.01,19,9861,买盘
1494,11:17:45,5.18,--,10,5180,卖盘
1495,11:17:30,5.18,-0.01,522,270396,卖盘
1496,11:17:24,5.19,--,1,519,买盘
1497,11:17:21,5.19,0.01,3,1557,买盘
1498,11:17:09,5.18,--,9,4662,卖盘
1499,11:17:06,5.18,-0.01,50,25900,卖盘
1500,11:17:03,5.19,0.01,6,3114,买盘
1501,11:16:54,5.18,--,40,20720,卖盘
1502,11:16:48,5.18,--,20,10360,卖盘
1503,11:16:36,5.18,-0.01,4,2072,卖盘
1504,11:16:30,5.19,0.01,29,15051,卖盘
1505,11:16:15,5.18,-0.01,7,3626,卖盘
1506,11:16:12,5.19,--,39,20241,买盘
1507,11:16:09,5.19,--,7,3633,买盘
1508,11:16:06,5.19,--,1,519,买盘
1509,11:16:03,5.19,--,10,5190,买盘
1510,11:15:45,5.19,--,25,12975,买盘
1511,11:15:42,5.19,0.01,10,5190,买盘
1512,11:15:39,5.18,-0.01,1,518,卖盘
1513,11:15:33,5.19,--,14,7266,卖盘
1514,11:15:30,5.19,--,20,10380,卖盘
1515,11:15:24,5.19,--,50,25950,卖盘
1516,11:15:12,5.19,--,8,4152,卖盘
1517,11:15:09,5.19,--,5,2595,卖盘
1518,11:15:00,5.19,--,40,20760,卖盘
1519,11:14:57,5.19,--,43,22317,卖盘
1520,11:14:51,5.19,--,30,15570,卖盘
1521,11:14:48,5.19,0.01,29,15051,买盘
1522,11:14:45,5.18,-0.01,20,10360,卖盘
1523,11:14:42,5.19,0.01,4,2076,买盘
1524,11:14:39,5.18,-0.01,33,17094,卖盘
1525,11:14:36,5.19,--,16,8304,买盘
1526,11:14:33,5.19,0.01,1,519,中性盘
1527,11:14:30,5.18,--,290,150220,卖盘
1528,11:14:21,5.18,--,30,15540,卖盘
1529,11:14:06,5.18,-0.02,18,9324,卖盘
1530,11:13:57,5.2,0.01,70,36400,买盘
1531,11:13:45,5.19,--,11,5709,买盘
1532,11:13:42,5.19,--,21,10899,买盘
1533,11:13:33,5.19,--,10,5190,买盘
1534,11:13:24,5.19,--,33,17127,买盘
1535,11:13:21,5.19,0.01,20,10380,买盘
1536,11:13:18,5.18,-0.01,50,25900,卖盘
1537,11:13:15,5.19,--,20,10380,买盘
1538,11:13:12,5.19,--,63,32697,买盘
1539,11:13:09,5.19,--,35,18165,买盘
1540,11:13:06,5.19,--,10,5190,买盘
1541,11:12:57,5.19,--,57,29583,买盘
1542,11:12:54,5.19,--,20,10380,买盘
1543,11:12:48,5.19,--,80,41520,买盘
1544,11:12:36,5.19,--,20,10380,买盘
1545,11:12:33,5.19,--,15,7785,买盘
1546,11:12:18,5.19,0.01,101,52419,买盘
1547,11:12:12,5.18,-0.01,281,145558,卖盘
1548,11:12:09,5.19,0.01,170,88230,买盘
1549,11:12:03,5.18,-0.01,53,27454,卖盘
1550,11:12:00,5.19,0.01,1,519,买盘
1551,11:11:57,5.18,-0.01,10,5180,卖盘
1552,11:11:39,5.19,0.01,20,10380,买盘
1553,11:11:30,5.18,--,23,12173,买盘
1554,11:11:27,5.18,--,9,4662,买盘
1555,11:11:24,5.18,0.01,40,20720,买盘
1556,11:11:21,5.17,-0.01,188,97196,卖盘
1557,11:11:18,5.18,--,15,7770,买盘
1558,11:11:12,5.18,--,51,26418,买盘
1559,11:11:09,5.18,--,13,6734,买盘
1560,11:11:06,5.18,--,498,258223,卖盘
1561,11:11:03,5.18,--,103,53354,卖盘
1562,11:11:00,5.18,--,93,48174,卖盘
1563,11:10:51,5.18,-0.01,5,2590,卖盘
1564,11:10:48,5.19,0.01,99,51381,买盘
1565,11:10:45,5.18,--,185,96089,卖盘
1566,11:10:42,5.18,--,27,13986,卖盘
1567,11:10:39,5.18,--,7,3626,卖盘
1568,11:10:36,5.18,--,20,10360,卖盘
1569,11:10:33,5.18,--,5,2590,卖盘
1570,11:10:27,5.18,--,41,21238,卖盘
1571,11:10:21,5.18,--,20,10360,卖盘
1572,11:10:15,5.18,--,33,17094,买盘
1573,11:10:12,5.18,--,29,15022,买盘
1574,11:10:09,5.18,--,52,26936,买盘
1575,11:10:06,5.18,--,105,54390,买盘
1576,11:10:03,5.18,--,55,28490,买盘
1577,11:10:00,5.18,--,52,26936,买盘
1578,11:09:54,5.18,--,394,204092,买盘
1579,11:09:51,5.18,--,187,96866,买盘
1580,11:09:48,5.18,--,14,7252,买盘
1581,11:09:42,5.18,--,1,518,买盘
1582,11:09:39,5.18,--,5,2590,买盘
1583,11:09:36,5.18,0.01,20,10360,买盘
1584,11:09:33,5.17,--,60,31020,卖盘
1585,11:09:27,5.17,--,10,5170,卖盘
1586,11:09:24,5.17,--,19,9823,卖盘
1587,11:09:21,5.17,-0.01,1,517,卖盘
1588,11:09:18,5.18,0.01,20,10360,买盘
1589,11:09:15,5.17,--,51,26367,卖盘
1590,11:09:12,5.17,--,31,16027,卖盘
1591,11:09:09,5.17,-0.01,85,43945,卖盘
1592,11:09:03,5.18,0.01,146,75628,买盘
1593,11:09:00,5.17,-0.01,40,20680,卖盘
1594,11:08:54,5.18,0.01,10,5180,买盘
1595,11:08:51,5.17,-0.01,4,2068,卖盘
1596,11:08:48,5.18,--,1,518,买盘
1597,11:08:42,5.18,-0.01,10,5180,中性盘
1598,11:08:36,5.19,0.01,104,53976,买盘
1599,11:08:33,5.18,-0.01,5,2590,卖盘
1600,11:08:30,5.19,0.01,2,1038,买盘
1601,11:08:27,5.18,0.01,48,24864,卖盘
1602,11:08:24,5.17,-0.01,60,31020,卖盘
1603,11:08:21,5.18,-0.01,12,6216,卖盘
1604,11:08:18,5.19,0.01,60,31140,买盘
1605,11:08:15,5.18,--,80,41440,卖盘
1606,11:08:09,5.18,--,49,25382,卖盘
1607,11:08:06,5.18,--,100,51800,卖盘
1608,11:08:03,5.18,--,100,51800,卖盘
1609,11:07:51,5.18,-0.01,130,67340,卖盘
1610,11:07:48,5.19,--,20,10380,买盘
1611,11:07:42,5.19,0.01,31,16089,买盘
1612,11:07:39,5.18,--,815,422170,卖盘
1613,11:07:36,5.18,--,48,24864,卖盘
1614,11:07:30,5.18,-0.01,15,7770,卖盘
1615,11:07:24,5.19,0.01,1,519,买盘
1616,11:07:21,5.18,-0.01,61,31598,卖盘
1617,11:07:18,5.19,-0.01,80,41520,卖盘
1618,11:07:12,5.2,--,6,3120,买盘
1619,11:07:09,5.2,--,39,20280,买盘
1620,11:07:00,5.2,-0.01,16,8320,卖盘
1621,11:06:57,5.21,0.01,3,1563,买盘
1622,11:06:45,5.2,0.02,9,4680,卖盘
1623,11:06:42,5.18,-0.03,1461,756798,卖盘
1624,11:06:39,5.21,0.03,5,2605,买盘
1625,11:06:36,5.18,--,1,518,卖盘
1626,11:06:33,5.18,--,50,25900,卖盘
1627,11:06:15,5.18,-0.02,500,259000,卖盘
1628,11:06:12,5.2,-0.01,52,27040,卖盘
1629,11:06:06,5.21,0.01,2,1042,买盘
1630,11:05:51,5.2,--,61,31720,卖盘
1631,11:05:48,5.2,--,5,2600,卖盘
1632,11:05:42,5.2,0.01,421,218920,买盘
1633,11:05:36,5.19,-0.01,52,26988,卖盘
1634,11:05:33,5.2,0.01,30,15600,买盘
1635,11:05:15,5.19,-0.01,9,4671,中性盘
1636,11:05:03,5.2,--,300,156000,买盘
1637,11:04:57,5.2,0.02,7,3640,买盘
1638,11:04:51,5.18,-0.02,172,89096,卖盘
1639,11:04:48,5.2,--,1,520,买盘
1640,11:04:36,5.2,--,2,1040,买盘
1641,11:04:27,5.2,0.02,179,93080,买盘
1642,11:04:24,5.18,-0.01,63,32634,卖盘
1643,11:04:21,5.19,--,322,167118,卖盘
1644,11:04:15,5.19,--,302,156738,卖盘
1645,11:04:03,5.19,-0.01,200,103800,卖盘
1646,11:03:51,5.2,0.01,50,26000,买盘
1647,11:03:45,5.19,--,10,5190,卖盘
1648,11:03:42,5.19,--,81,42039,卖盘
1649,11:03:33,5.19,--,10,5190,卖盘
1650,11:03:30,5.19,--,64,33216,卖盘
1651,11:03:21,5.19,--,30,15570,卖盘
1652,11:03:12,5.19,-0.01,34,17646,卖盘
1653,11:03:09,5.2,--,9,4680,买盘
1654,11:03:03,5.2,0.01,43,22360,买盘
1655,11:03:00,5.19,--,16,8304,卖盘
1656,11:02:54,5.19,-0.01,50,25950,卖盘
1657,11:02:45,5.2,--,52,27040,买盘
1658,11:02:42,5.2,0.01,28,14560,买盘
1659,11:02:39,5.19,--,51,26469,卖盘
1660,11:02:36,5.19,--,19,9861,卖盘
1661,11:02:33,5.19,-0.01,10,5190,卖盘
1662,11:02:30,5.2,--,5,2600,买盘
1663,11:02:24,5.2,0.02,23,11960,买盘
1664,11:02:21,5.18,--,324,167863,卖盘
1665,11:02:18,5.18,-0.01,32,16576,卖盘
1666,11:02:15,5.19,--,40,20760,买盘
1667,11:02:12,5.19,--,70,36330,买盘
1668,11:02:06,5.19,--,9,4671,买盘
1669,11:02:03,5.19,--,10,5190,买盘
1670,11:02:00,5.19,--,10,5190,买盘
1671,11:01:57,5.19,--,2,1038,买盘
1672,11:01:54,5.19,--,7,3633,买盘
1673,11:01:48,5.19,--,15,7785,买盘
1674,11:01:45,5.19,--,211,109509,卖盘
1675,11:01:39,5.19,-0.01,30,15570,卖盘
1676,11:01:33,5.2,0.01,5,2600,买盘
1677,11:01:30,5.19,-0.01,597,309843,卖盘
1678,11:01:27,5.2,--,21,10920,买盘
1679,11:01:24,5.2,0.01,40,20800,买盘
1680,11:01:21,5.19,-0.01,100,51900,卖盘
1681,11:01:18,5.2,--,85,44200,买盘
1682,11:01:15,5.2,0.01,17,8840,买盘
1683,11:01:09,5.19,-0.01,2,1038,卖盘
1684,11:01:06,5.2,--,1,520,买盘
1685,11:01:03,5.2,--,473,246448,卖盘
1686,11:01:00,5.2,-0.01,585,304200,卖盘
1687,11:00:54,5.21,0.01,8,4168,买盘
1688,11:00:51,5.2,--,350,182000,卖盘
1689,11:00:45,5.2,--,233,121160,卖盘
1690,11:00:42,5.2,--,422,219440,卖盘
1691,11:00:36,5.2,--,200,104000,卖盘
1692,11:00:33,5.2,--,15,7800,卖盘
1693,11:00:30,5.2,--,1401,728551,卖盘
1694,11:00:27,5.2,--,13,6760,卖盘
1695,11:00:24,5.2,--,84,43680,卖盘
1696,11:00:18,5.2,-0.01,1000,520000,卖盘
1697,11:00:15,5.21,0.01,200,104200,买盘
1698,11:00:12,5.2,-0.01,8,4160,卖盘
1699,11:00:06,5.21,0.01,30,15630,买盘
1700,11:00:03,5.2,--,42,21840,卖盘
1701,11:00:00,5.2,--,115,59800,卖盘
1702,10:59:57,5.2,--,123,63960,卖盘
1703,10:59:54,5.2,--,5,2600,卖盘
1704,10:59:51,5.2,--,57,29640,卖盘
1705,10:59:48,5.2,--,16,8320,卖盘
1706,10:59:45,5.2,--,10,5200,卖盘
1707,10:59:42,5.2,--,80,41600,卖盘
1708,10:59:36,5.2,--,4,2080,卖盘
1709,10:59:33,5.2,-0.01,15,7800,卖盘
1710,10:59:30,5.21,--,1,521,买盘
1711,10:59:27,5.21,--,10,5210,买盘
1712,10:59:24,5.21,0.01,2,1042,买盘
1713,10:59:18,5.2,-0.01,1,520,卖盘
1714,10:59:09,5.21,--,1,521,买盘
1715,10:59:00,5.21,--,1132,589772,卖盘
1716,10:58:57,5.21,--,11,5731,卖盘
1717,10:58:45,5.21,--,10,5210,卖盘
1718,10:58:39,5.21,-0.01,150,78150,卖盘
1719,10:58:33,5.22,--,20,10440,买盘
1720,10:58:30,5.22,0.01,62,32364,买盘
1721,10:58:24,5.21,-0.01,45,23445,卖盘
1722,10:58:15,5.22,0.01,45,23490,买盘
1723,10:58:03,5.21,-0.01,5,2605,卖盘
1724,10:57:57,5.22,0.01,1,522,买盘
1725,10:57:51,5.21,--,20,10420,卖盘
1726,10:57:48,5.21,--,10,5210,卖盘
1727,10:57:45,5.21,--,61,31781,卖盘
1728,10:57:33,5.21,--,10,5210,卖盘
1729,10:57:24,5.21,--,10,5210,卖盘
1730,10:56:57,5.21,-0.01,5,2605,卖盘
1731,10:56:51,5.22,--,5,2610,买盘
1732,10:56:48,5.22,--,3,1566,买盘
1733,10:56:45,5.22,--,60,31320,买盘
1734,10:56:42,5.22,0.01,5,2610,买盘
1735,10:56:36,5.21,--,63,32823,卖盘
1736,10:56:30,5.21,--,150,78150,卖盘
1737,10:56:27,5.21,--,61,31781,卖盘
1738,10:56:24,5.21,-0.01,22,11462,卖盘
1739,10:56:18,5.22,--,23,12006,买盘
1740,10:56:06,5.22,0.01,1,522,买盘
1741,10:56:03,5.21,--,39,20319,卖盘
1742,10:56:00,5.21,-0.01,61,31781,卖盘
1743,10:55:57,5.22,--,36,18792,卖盘
1744,10:55:42,5.22,--,60,31320,卖盘
1745,10:55:18,5.22,--,32,16704,卖盘
1746,10:55:12,5.22,--,23,12006,卖盘
1747,10:55:09,5.22,--,179,93438,卖盘
1748,10:55:06,5.22,--,32,16704,卖盘
1749,10:54:57,5.22,--,199,103878,卖盘
1750,10:54:54,5.22,--,61,31842,卖盘
1751,10:54:48,5.22,-0.01,12,6264,卖盘
1752,10:54:45,5.23,--,3,1569,买盘
1753,10:54:42,5.23,--,31,16213,买盘
1754,10:54:39,5.23,0.01,4,2092,买盘
1755,10:54:27,5.22,-0.01,428,223416,卖盘
1756,10:54:24,5.23,--,5,2615,买盘
1757,10:54:00,5.23,--,50,26150,买盘
1758,10:53:33,5.23,--,20,10460,买盘
1759,10:53:30,5.23,--,50,26150,买盘
1760,10:53:24,5.23,0.01,4,2092,买盘
1761,10:53:09,5.22,-0.01,35,18270,卖盘
1762,10:53:06,5.23,--,5,2615,买盘
1763,10:52:57,5.23,--,27,14121,买盘
1764,10:52:51,5.23,--,140,73220,买盘
1765,10:52:45,5.23,0.01,46,24058,买盘
1766,10:52:42,5.22,-0.01,50,26100,卖盘
1767,10:52:33,5.23,--,10,5230,买盘
1768,10:52:15,5.23,--,21,10983,买盘
1769,10:52:12,5.23,--,26,13598,买盘
1770,10:52:06,5.23,0.01,62,32426,买盘
1771,10:52:03,5.22,--,46,24012,卖盘
1772,10:51:54,5.22,--,7,3654,卖盘
1773,10:51:51,5.22,-0.01,157,81954,卖盘
1774,10:51:36,5.23,0.01,107,55961,买盘
1775,10:51:27,5.22,--,24,12528,卖盘
1776,10:51:15,5.22,--,59,30798,卖盘
1777,10:50:54,5.22,-0.01,22,11484,卖盘
1778,10:50:48,5.23,0.01,1,523,买盘
1779,10:50:42,5.22,--,52,27144,卖盘
1780,10:50:36,5.22,-0.01,50,26100,卖盘
1781,10:50:30,5.23,0.01,1,523,买盘
1782,10:50:21,5.22,--,55,28710,卖盘
1783,10:50:15,5.22,--,65,33930,卖盘
1784,10:50:06,5.22,--,15,7830,卖盘
1785,10:50:03,5.22,--,107,55854,卖盘
1786,10:49:57,5.22,--,50,26100,卖盘
1787,10:49:54,5.22,--,13,6786,卖盘
1788,10:49:51,5.22,--,5,2610,卖盘
1789,10:49:33,5.22,--,700,365400,卖盘
1790,10:49:30,5.22,--,24,12528,卖盘
1791,10:49:27,5.22,--,11,5742,卖盘
1792,10:49:24,5.22,-0.01,50,26100,卖盘
1793,10:49:21,5.23,--,5,2615,买盘
1794,10:49:18,5.23,0.01,12,6276,买盘
1795,10:49:03,5.22,-0.01,300,156600,卖盘
1796,10:49:00,5.23,--,20,10460,买盘
1797,10:48:57,5.23,0.01,2,1046,买盘
1798,10:48:51,5.22,--,20,10440,卖盘
1799,10:48:48,5.22,-0.01,24,12528,卖盘
1800,10:48:30,5.23,0.01,2,1046,买盘
1801,10:48:21,5.22,-0.01,501,261522,卖盘
1802,10:48:15,5.23,0.01,113,59099,买盘
1803,10:48:03,5.22,-0.01,24,12528,卖盘
1804,10:48:00,5.23,0.01,1,523,买盘
1805,10:47:48,5.22,-0.01,30,15660,卖盘
1806,10:47:45,5.23,--,71,37133,买盘
1807,10:47:42,5.23,0.01,19,9937,买盘
1808,10:47:39,5.22,-0.01,808,421776,卖盘
1809,10:47:24,5.23,--,2,1046,买盘
1810,10:47:18,5.23,0.01,107,55961,买盘
1811,10:47:15,5.22,--,130,67860,卖盘
1812,10:46:54,5.22,-0.01,55,28710,卖盘
1813,10:46:51,5.23,0.01,23,12029,买盘
1814,10:46:48,5.22,--,3,1566,卖盘
1815,10:46:42,5.22,--,201,104922,卖盘
1816,10:46:39,5.22,--,15,7830,卖盘
1817,10:46:33,5.22,--,23,12006,卖盘
1818,10:46:15,5.22,--,24,12528,卖盘
1819,10:46:03,5.22,-0.01,519,270918,卖盘
1820,10:45:48,5.23,--,11,5753,卖盘
1821,10:45:45,5.23,-0.01,5,2615,卖盘
1822,10:45:42,5.24,--,77,40348,买盘
1823,10:45:39,5.24,0.01,25,13100,买盘
1824,10:45:33,5.23,-0.01,24,12552,卖盘
1825,10:45:30,5.24,0.01,133,69692,买盘
1826,10:45:24,5.23,-0.01,380,198740,卖盘
1827,10:45:21,5.24,--,10,5240,买盘
1828,10:45:18,5.24,--,10,5240,买盘
1829,10:45:00,5.24,--,196,102704,买盘
1830,10:44:57,5.24,0.01,10,5240,买盘
1831,10:44:54,5.23,--,1,523,卖盘
1832,10:44:48,5.23,-0.01,16,8368,卖盘
1833,10:44:42,5.24,0.01,60,31440,买盘
1834,10:44:39,5.23,--,34,17782,卖盘
1835,10:44:24,5.23,-0.01,130,67990,卖盘
1836,10:44:18,5.24,0.01,50,26200,买盘
1837,10:44:00,5.23,--,5,2615,买盘
1838,10:43:54,5.23,-0.01,2,1046,卖盘
1839,10:43:48,5.24,0.01,5,2620,买盘
1840,10:43:42,5.23,--,8,4184,买盘
1841,10:43:39,5.23,-0.01,197,103031,卖盘
1842,10:43:36,5.24,0.01,52,27248,买盘
1843,10:43:15,5.23,-0.01,76,39748,卖盘
1844,10:43:12,5.24,--,40,20960,买盘
1845,10:43:09,5.24,--,29,15196,买盘
1846,10:43:06,5.24,0.01,10,5240,买盘
1847,10:43:03,5.23,--,15,7845,卖盘
1848,10:43:00,5.23,--,10,5230,卖盘
1849,10:42:57,5.23,--,2,1046,卖盘
1850,10:42:54,5.23,--,18,9414,卖盘
1851,10:42:51,5.23,--,10,5230,卖盘
1852,10:42:36,5.23,0.01,77,40271,买盘
1853,10:42:33,5.22,--,1300,678600,卖盘
1854,10:42:30,5.22,--,2,1044,卖盘
1855,10:42:27,5.22,-0.01,101,52722,卖盘
1856,10:42:24,5.23,--,7,3661,买盘
1857,10:42:21,5.23,--,25,13075,买盘
1858,10:42:12,5.23,--,139,72697,买盘
1859,10:42:09,5.23,--,10,5230,买盘
1860,10:42:00,5.23,--,22,11506,买盘
1861,10:41:57,5.23,--,3,1569,买盘
1862,10:41:54,5.23,--,82,42886,卖盘
1863,10:41:51,5.23,--,13,6799,卖盘
1864,10:41:48,5.23,--,300,156900,卖盘
1865,10:41:39,5.23,--,10,5230,卖盘
1866,10:41:21,5.23,--,74,38702,买盘
1867,10:41:18,5.23,--,2,1046,买盘
1868,10:41:09,5.23,--,34,17782,买盘
1869,10:41:03,5.23,--,11,5753,买盘
1870,10:41:00,5.23,-0.01,871,455533,卖盘
1871,10:40:57,5.24,0.01,55,28820,买盘
1872,10:40:54,5.23,--,100,52300,卖盘
1873,10:40:45,5.23,-0.01,20,10460,卖盘
1874,10:40:42,5.24,0.01,35,18340,买盘
1875,10:40:30,5.23,--,67,35041,卖盘
1876,10:40:12,5.23,--,125,65375,卖盘
1877,10:39:42,5.23,--,4,2092,卖盘
1878,10:39:39,5.23,-0.01,13,6799,卖盘
1879,10:39:36,5.24,0.01,20,10480,买盘
1880,10:39:33,5.23,--,80,41840,卖盘
1881,10:39:21,5.23,--,13,6799,卖盘
1882,10:39:15,5.23,--,10,5230,卖盘
1883,10:39:09,5.23,-0.01,2902,1517746,卖盘
1884,10:39:06,5.24,0.01,19,9956,买盘
1885,10:39:03,5.23,-0.01,1,523,卖盘
1886,10:39:00,5.24,--,6,3144,买盘
1887,10:38:57,5.24,--,27,14148,卖盘
1888,10:38:54,5.24,-0.01,44,23056,中性盘
1889,10:38:45,5.25,0.01,35,18375,买盘
1890,10:38:42,5.24,--,496,259904,卖盘
1891,10:38:39,5.24,--,28,14672,卖盘
1892,10:38:36,5.24,-0.01,3,1572,卖盘
1893,10:38:30,5.25,0.01,125,65625,买盘
1894,10:38:24,5.24,--,30,15720,卖盘
1895,10:38:18,5.24,--,16,8384,卖盘
1896,10:38:00,5.24,-0.01,30,15720,卖盘
1897,10:37:54,5.25,0.01,1,525,买盘
1898,10:37:45,5.24,--,74,38776,卖盘
1899,10:37:33,5.24,-0.01,34,17816,卖盘
1900,10:37:30,5.25,0.01,7,3675,买盘
1901,10:37:24,5.24,--,10,5240,卖盘
1902,10:37:21,5.24,--,8,4192,卖盘
1903,10:37:09,5.24,--,20,10480,卖盘
1904,10:37:06,5.24,--,16,8384,卖盘
1905,10:37:03,5.24,-0.01,51,26724,卖盘
1906,10:37:00,5.25,0.01,6,3150,买盘
1907,10:36:45,5.24,--,70,36680,卖盘
1908,10:36:39,5.24,-0.01,10,5240,卖盘
1909,10:36:36,5.25,0.01,153,80325,买盘
1910,10:36:24,5.24,--,30,15720,卖盘
1911,10:36:21,5.24,-0.01,54,28296,卖盘
1912,10:36:15,5.25,0.01,20,10500,买盘
1913,10:35:57,5.24,-0.01,92,48208,卖盘
1914,10:35:54,5.25,0.01,10,5250,买盘
1915,10:35:48,5.24,--,53,27772,卖盘
1916,10:35:30,5.24,--,10,5240,卖盘
1917,10:35:21,5.24,--,5,2620,卖盘
1918,10:35:18,5.24,-0.01,20,10480,卖盘
1919,10:35:15,5.25,--,1,525,买盘
1920,10:35:03,5.25,0.01,22,11550,买盘
1921,10:35:00,5.24,--,60,31440,卖盘
1922,10:34:57,5.24,--,100,52400,卖盘
1923,10:34:48,5.24,--,12,6288,卖盘
1924,10:34:42,5.24,--,8,4192,卖盘
1925,10:34:39,5.24,-0.01,87,45588,卖盘
1926,10:34:33,5.25,0.01,17,8925,买盘
1927,10:34:21,5.24,-0.01,30,15720,卖盘
1928,10:34:12,5.25,--,100,52500,买盘
1929,10:34:09,5.25,0.01,105,55125,买盘
1930,10:34:06,5.24,--,20,10480,卖盘
1931,10:34:03,5.24,--,200,104800,卖盘
1932,10:33:54,5.24,--,20,10480,卖盘
1933,10:33:48,5.24,--,2,1048,卖盘
1934,10:33:42,5.24,--,25,13100,卖盘
1935,10:33:39,5.24,--,26,13624,卖盘
1936,10:33:30,5.24,--,2,1048,卖盘
1937,10:33:18,5.24,-0.01,13,6812,卖盘
1938,10:33:15,5.25,0.01,10,5250,买盘
1939,10:33:12,5.24,--,59,30916,卖盘
1940,10:33:00,5.24,--,300,157200,卖盘
1941,10:32:57,5.24,--,10,5240,卖盘
1942,10:32:54,5.24,--,46,24104,卖盘
1943,10:32:45,5.24,-0.01,16,8384,卖盘
1944,10:32:36,5.25,0.01,30,15750,买盘
1945,10:32:30,5.24,-0.01,1,524,卖盘
1946,10:32:24,5.25,--,106,55650,买盘
1947,10:32:21,5.25,0.01,100,52500,买盘
1948,10:32:18,5.24,--,1,524,卖盘
1949,10:32:12,5.24,-0.01,41,21484,卖盘
1950,10:32:00,5.25,--,8,4200,买盘
1951,10:31:54,5.25,--,50,26250,买盘
1952,10:31:51,5.25,0.01,7,3675,买盘
1953,10:31:45,5.24,--,10,5240,卖盘
1954,10:31:42,5.24,--,12,6288,卖盘
1955,10:31:36,5.24,-0.01,38,19912,卖盘
1956,10:31:30,5.25,0.01,1,525,买盘
1957,10:31:27,5.24,--,50,26200,卖盘
1958,10:31:24,5.24,--,10,5240,卖盘
1959,10:31:18,5.24,-0.01,46,24104,卖盘
1960,10:31:03,5.25,--,10,5250,买盘
1961,10:31:00,5.25,0.01,5,2625,买盘
1962,10:30:54,5.24,-0.01,10,5240,卖盘
1963,10:30:45,5.25,0.01,6,3150,买盘
1964,10:30:39,5.24,--,10,5240,卖盘
1965,10:30:33,5.24,--,94,49256,卖盘
1966,10:30:18,5.24,--,2,1048,卖盘
1967,10:30:15,5.24,-0.01,83,43492,卖盘
1968,10:30:09,5.25,--,1,525,买盘
1969,10:30:03,5.25,--,3,1575,买盘
1970,10:30:00,5.25,--,27,14175,买盘
1971,10:29:54,5.25,--,2,1050,买盘
1972,10:29:45,5.25,0.01,565,296625,买盘
1973,10:29:42,5.24,-0.01,22,11528,卖盘
1974,10:29:30,5.25,0.01,59,30975,买盘
1975,10:29:21,5.24,--,47,24628,卖盘
1976,10:29:18,5.24,--,2,1048,卖盘
1977,10:29:12,5.24,-0.01,39,20436,卖盘
1978,10:29:00,5.25,--,5,2625,买盘
1979,10:28:51,5.25,0.01,28,14700,买盘
1980,10:28:45,5.24,-0.01,10,5240,卖盘
1981,10:28:42,5.25,0.01,50,26250,买盘
1982,10:28:39,5.24,--,2,1048,卖盘
1983,10:28:36,5.24,-0.01,125,65500,卖盘
1984,10:28:24,5.25,--,10,5250,买盘
1985,10:28:15,5.25,--,4,2100,买盘
1986,10:28:09,5.25,0.01,18,9450,买盘
1987,10:28:00,5.24,--,51,26724,卖盘
1988,10:27:57,5.24,--,141,73884,卖盘
1989,10:27:54,5.24,-0.01,5,2620,卖盘
1990,10:27:51,5.25,--,50,26250,买盘
1991,10:27:45,5.25,--,1,525,买盘
1992,10:27:39,5.25,--,59,30975,买盘
1993,10:27:30,5.25,--,5,2625,买盘
1994,10:27:24,5.25,--,89,46725,买盘
1995,10:27:15,5.25,0.01,1,525,买盘
1996,10:27:12,5.24,-0.01,200,104800,卖盘
1997,10:27:06,5.25,--,1,525,买盘
1998,10:27:00,5.25,--,101,53025,买盘
1999,10:26:54,5.25,0.01,1,525,买盘
2000,10:26:48,5.24,-0.01,27,14148,卖盘
2001,10:26:45,5.25,--,16,8400,买盘
2002,10:26:42,5.25,0.01,61,32025,买盘
2003,10:26:39,5.24,-0.01,15,7860,卖盘
2004,10:26:36,5.25,0.01,56,29400,买盘
2005,10:26:30,5.24,-0.01,88,46112,卖盘
2006,10:26:24,5.25,--,287,150675,买盘
2007,10:26:21,5.25,--,7,3675,买盘
2008,10:26:18,5.25,--,5,2625,买盘
2009,10:26:12,5.25,--,38,19950,买盘
2010,10:26:09,5.25,--,60,31500,买盘
2011,10:26:06,5.25,--,15,7875,买盘
2012,10:26:03,5.25,--,3,1575,买盘
2013,10:25:57,5.25,--,50,26250,买盘
2014,10:25:54,5.25,--,120,63000,买盘
2015,10:25:51,5.25,--,100,52500,买盘
2016,10:25:48,5.25,--,30,15750,买盘
2017,10:25:45,5.25,--,114,59850,买盘
2018,10:25:39,5.25,--,110,57750,买盘
2019,10:25:36,5.25,0.01,57,29925,买盘
2020,10:25:33,5.24,--,24,12576,卖盘
2021,10:25:30,5.24,-0.01,7,3668,卖盘
2022,10:25:15,5.25,--,13,6825,买盘
2023,10:25:12,5.25,0.01,1,525,买盘
2024,10:25:06,5.24,--,61,31964,卖盘
2025,10:24:54,5.24,--,30,15720,卖盘
2026,10:24:51,5.24,--,10,5240,卖盘
2027,10:24:45,5.24,--,67,35108,买盘
2028,10:24:42,5.24,0.01,267,139908,买盘
2029,10:24:39,5.23,--,24,12552,卖盘
2030,10:24:36,5.23,-0.01,50,26150,卖盘
2031,10:24:30,5.24,0.01,780,408720,买盘
2032,10:24:24,5.23,-0.01,50,26150,卖盘
2033,10:24:21,5.24,--,64,33536,买盘
2034,10:24:18,5.24,--,25,13100,买盘
2035,10:24:15,5.24,0.01,11,5764,买盘
2036,10:24:12,5.23,--,5,2615,卖盘
2037,10:24:09,5.23,-0.01,300,156900,卖盘
2038,10:24:06,5.24,--,10,5240,买盘
2039,10:23:57,5.24,0.01,1,524,买盘
2040,10:23:54,5.23,-0.01,10,5230,卖盘
2041,10:23:51,5.24,0.01,14,7336,买盘
2042,10:23:48,5.23,--,20,10460,卖盘
2043,10:23:42,5.23,--,84,43932,卖盘
2044,10:23:36,5.23,-0.01,18,9414,卖盘
2045,10:23:24,5.24,0.01,2,1048,买盘
2046,10:23:21,5.23,--,40,20920,买盘
2047,10:23:18,5.23,--,68,35564,买盘
2048,10:23:12,5.23,--,82,42886,买盘
2049,10:23:09,5.23,-0.01,384,200832,卖盘
2050,10:22:54,5.24,--,20,10480,买盘
2051,10:22:51,5.24,0.01,60,31440,买盘
2052,10:22:48,5.23,-0.01,1,523,卖盘
2053,10:22:45,5.24,--,31,16244,买盘
2054,10:22:21,5.24,--,28,14672,买盘
2055,10:22:15,5.24,0.01,1,524,买盘
2056,10:22:12,5.23,-0.01,29,15167,卖盘
2057,10:22:06,5.24,0.01,10,5240,买盘
2058,10:22:03,5.23,-0.01,31,16213,卖盘
2059,10:22:00,5.24,0.01,4,2096,买盘
2060,10:21:57,5.23,--,50,26150,卖盘
2061,10:21:54,5.23,--,5,2615,卖盘
2062,10:21:48,5.23,--,20,10460,卖盘
2063,10:21:45,5.23,--,4,2092,卖盘
2064,10:21:42,5.23,--,160,83680,卖盘
2065,10:21:36,5.23,--,50,26150,卖盘
2066,10:21:27,5.23,--,17,8891,卖盘
2067,10:21:21,5.23,--,33,17259,卖盘
2068,10:21:18,5.23,--,175,91525,卖盘
2069,10:21:15,5.23,--,146,76358,卖盘
2070,10:21:03,5.23,--,24,12552,卖盘
2071,10:20:57,5.23,--,366,191418,卖盘
2072,10:20:54,5.23,--,10,5230,卖盘
2073,10:20:48,5.23,--,5,2615,卖盘
2074,10:20:45,5.23,--,9,4707,卖盘
2075,10:20:30,5.23,-0.01,24,12552,卖盘
2076,10:20:27,5.24,--,122,63928,买盘
2077,10:20:18,5.24,0.01,10,5240,买盘
2078,10:20:06,5.23,-0.01,100,52300,卖盘
2079,10:20:03,5.24,0.01,100,52400,买盘
2080,10:19:54,5.23,--,5,2615,卖盘
2081,10:19:51,5.23,--,170,88910,卖盘
2082,10:19:48,5.23,-0.01,101,52823,卖盘
2083,10:19:45,5.24,--,34,17816,买盘
2084,10:19:42,5.24,0.01,24,12576,买盘
2085,10:19:39,5.23,-0.01,20,10460,卖盘
2086,10:19:36,5.24,0.01,1,524,买盘
2087,10:19:33,5.23,--,56,29288,卖盘
2088,10:19:30,5.23,-0.01,139,72697,卖盘
2089,10:19:24,5.24,--,5,2620,买盘
2090,10:19:21,5.24,0.01,4,2096,买盘
2091,10:19:18,5.23,-0.01,23,12029,卖盘
2092,10:19:15,5.24,--,1,524,买盘
2093,10:19:12,5.24,0.01,50,26200,买盘
2094,10:19:03,5.23,-0.01,10,5230,卖盘
2095,10:19:00,5.24,--,19,9956,买盘
2096,10:18:57,5.24,--,19,9956,买盘
2097,10:18:54,5.24,0.01,14,7336,买盘
2098,10:18:42,5.23,-0.01,41,21443,卖盘
2099,10:18:36,5.24,--,20,10480,买盘
2100,10:18:27,5.24,0.01,8,4192,买盘
2101,10:18:24,5.23,--,45,23535,卖盘
2102,10:18:21,5.23,-0.01,34,17782,卖盘
2103,10:18:18,5.24,0.01,18,9432,买盘
2104,10:18:12,5.23,-0.01,10,5230,卖盘
2105,10:18:09,5.24,0.01,44,23056,买盘
2106,10:18:00,5.23,--,10,5230,卖盘
2107,10:17:57,5.23,-0.01,10,5230,卖盘
2108,10:17:54,5.24,0.01,2,1048,买盘
2109,10:17:51,5.23,--,30,15690,卖盘
2110,10:17:48,5.23,-0.01,10,5230,卖盘
2111,10:17:45,5.24,0.01,15,7860,买盘
2112,10:17:39,5.23,--,34,17782,卖盘
2113,10:17:36,5.23,-0.01,74,38702,卖盘
2114,10:17:33,5.24,0.01,28,14672,买盘
2115,10:17:24,5.23,-0.01,4,2092,卖盘
2116,10:17:21,5.24,--,4,2096,买盘
2117,10:17:12,5.24,0.01,63,33012,买盘
2118,10:17:09,5.23,--,32,16736,卖盘
2119,10:17:03,5.23,--,68,35564,卖盘
2120,10:17:00,5.23,--,20,10460,卖盘
2121,10:16:57,5.23,--,30,15690,卖盘
2122,10:16:54,5.23,--,20,10460,卖盘
2123,10:16:48,5.23,0.01,10,5230,卖盘
2124,10:16:39,5.22,-0.01,30,15660,卖盘
2125,10:16:36,5.23,--,35,18305,买盘
2126,10:16:33,5.23,--,6,3138,买盘
2127,10:16:30,5.23,--,1,523,买盘
2128,10:16:21,5.23,--,53,27719,卖盘
2129,10:16:15,5.23,-0.01,10,5230,卖盘
2130,10:16:12,5.24,0.01,143,74932,买盘
2131,10:16:06,5.23,--,49,25627,买盘
2132,10:16:03,5.23,--,29,15167,买盘
2133,10:16:00,5.23,--,79,41317,买盘
2134,10:15:54,5.23,0.01,51,26673,买盘
2135,10:15:45,5.22,-0.01,134,69948,卖盘
2136,10:15:42,5.23,0.01,3,1569,买盘
2137,10:15:36,5.22,--,110,57420,卖盘
2138,10:15:33,5.22,--,10,5220,卖盘
2139,10:15:27,5.22,-0.01,2,1044,卖盘
2140,10:15:21,5.23,0.01,217,113491,买盘
2141,10:15:18,5.22,--,50,26100,卖盘
2142,10:15:15,5.22,-0.01,65,33930,卖盘
2143,10:15:12,5.23,--,43,22489,买盘
2144,10:15:09,5.23,--,10,5230,买盘
2145,10:15:06,5.23,0.01,60,31861,买盘
2146,10:15:03,5.22,-0.01,17,8874,卖盘
2147,10:15:00,5.23,--,12,6276,买盘
2148,10:14:57,5.23,--,21,10983,买盘
2149,10:14:54,5.23,0.01,35,18305,买盘
2150,10:14:51,5.22,--,28,14616,卖盘
2151,10:14:48,5.22,--,10,5220,卖盘
2152,10:14:45,5.22,-0.01,18,9396,卖盘
2153,10:14:42,5.23,--,114,59622,买盘
2154,10:14:39,5.23,--,10,5230,买盘
2155,10:14:36,5.23,--,10,5230,买盘
2156,10:14:27,5.23,0.01,69,36087,买盘
2157,10:14:24,5.22,-0.01,146,76212,卖盘
2158,10:14:21,5.23,0.01,10,5230,买盘
2159,10:14:18,5.22,--,10,5220,卖盘
2160,10:14:12,5.22,--,5,2610,卖盘
2161,10:14:09,5.22,0.01,10,5220,中性盘
2162,10:14:03,5.21,-0.01,139,72419,卖盘
2163,10:13:57,5.22,0.01,57,29754,买盘
2164,10:13:54,5.21,--,136,70856,卖盘
2165,10:13:51,5.21,-0.01,145,75545,卖盘
2166,10:13:48,5.22,--,23,12006,买盘
2167,10:13:45,5.22,0.01,145,75690,买盘
2168,10:13:42,5.21,-0.01,116,60436,卖盘
2169,10:13:39,5.22,--,40,20880,买盘
2170,10:13:33,5.22,0.01,100,52200,买盘
2171,10:13:27,5.21,--,31,16151,卖盘
2172,10:13:24,5.21,--,2,1042,卖盘
2173,10:13:21,5.21,-0.01,74,38554,卖盘
2174,10:13:18,5.22,0.01,5,2610,买盘
2175,10:13:15,5.21,--,107,55747,卖盘
2176,10:13:12,5.21,-0.01,50,26050,卖盘
2177,10:13:09,5.22,0.01,165,86130,买盘
2178,10:13:06,5.21,-0.01,16,8336,卖盘
2179,10:13:03,5.22,0.01,53,27666,买盘
2180,10:13:00,5.21,--,37,19277,卖盘
2181,10:12:57,5.21,-0.01,36,18756,卖盘
2182,10:12:54,5.22,0.01,100,52200,买盘
2183,10:12:51,5.21,--,32,16672,卖盘
2184,10:12:48,5.21,--,3,1563,卖盘
2185,10:12:45,5.21,-0.01,29,15109,卖盘
2186,10:12:42,5.22,0.01,196,102312,买盘
2187,10:12:39,5.21,-0.01,302,157342,卖盘
2188,10:12:36,5.22,0.01,30,15660,买盘
2189,10:12:33,5.21,--,128,66688,卖盘
2190,10:12:30,5.21,--,31,16151,卖盘
2191,10:12:24,5.21,-0.01,41,21361,卖盘
2192,10:12:21,5.22,--,35,18270,买盘
2193,10:12:18,5.22,--,1,522,买盘
2194,10:12:15,5.22,--,20,10440,买盘
2195,10:12:12,5.22,0.01,24,12528,买盘
2196,10:12:09,5.21,-0.01,87,45327,卖盘
2197,10:12:06,5.22,--,10,5220,卖盘
2198,10:12:03,5.22,--,235,122670,卖盘
2199,10:12:00,5.22,--,40,20880,卖盘
2200,10:11:57,5.22,--,38,19836,卖盘
2201,10:11:45,5.22,-0.01,30,15660,卖盘
2202,10:11:36,5.23,--,70,36610,卖盘
2203,10:11:33,5.23,--,996,520908,卖盘
2204,10:11:30,5.23,-0.01,1000,523000,卖盘
2205,10:11:27,5.24,--,211,110564,买盘
2206,10:11:12,5.24,--,15,7860,买盘
2207,10:11:09,5.24,--,105,55538,卖盘
2208,10:11:06,5.24,--,100,52400,卖盘
2209,10:10:54,5.24,--,24,12576,卖盘
2210,10:10:51,5.24,--,40,20960,卖盘
2211,10:10:45,5.24,--,377,197548,卖盘
2212,10:10:36,5.24,--,32,16768,卖盘
2213,10:10:24,5.24,-0.01,8,4192,卖盘
2214,10:10:21,5.25,0.01,10,5250,买盘
2215,10:10:18,5.24,--,205,107420,卖盘
2216,10:10:12,5.24,--,38,19912,卖盘
2217,10:10:09,5.24,--,59,30916,卖盘
2218,10:10:00,5.24,--,30,15720,卖盘
2219,10:09:54,5.24,--,104,54496,卖盘
2220,10:09:48,5.24,--,51,26724,卖盘
2221,10:09:45,5.24,-0.01,30,15720,卖盘
2222,10:09:42,5.25,0.01,7,3675,买盘
2223,10:09:39,5.24,-0.01,35,18340,卖盘
2224,10:09:36,5.25,--,35,18375,买盘
2225,10:09:33,5.25,--,40,21000,买盘
2226,10:09:30,5.25,0.01,89,46725,买盘
2227,10:09:27,5.24,-0.01,456,238944,卖盘
2228,10:09:24,5.25,0.01,154,80850,买盘
2229,10:09:21,5.24,-0.01,40,20960,卖盘
2230,10:09:18,5.25,--,52,27300,买盘
2231,10:09:15,5.25,0.01,40,21000,买盘
2232,10:09:12,5.24,-0.01,20,10480,卖盘
2233,10:09:00,5.25,--,72,38298,卖盘
2234,10:08:57,5.25,--,2003,1051575,卖盘
2235,10:08:54,5.25,--,18,9450,卖盘
2236,10:08:51,5.25,--,29,15225,卖盘
2237,10:08:48,5.25,--,64,33600,卖盘
2238,10:08:45,5.25,--,79,41475,卖盘
2239,10:08:36,5.25,-0.01,11,5775,卖盘
2240,10:08:27,5.26,0.01,154,81004,买盘
2241,10:08:21,5.25,--,25,13125,卖盘
2242,10:08:18,5.25,-0.01,62,32550,卖盘
2243,10:08:15,5.26,--,9,4734,买盘
2244,10:08:12,5.26,--,10,5260,买盘
2245,10:08:09,5.26,0.01,410,215660,买盘
2246,10:08:06,5.25,-0.01,31,16275,卖盘
2247,10:08:03,5.26,--,72,37872,买盘
2248,10:07:57,5.26,--,13,6838,买盘
2249,10:07:51,5.26,--,19,9994,买盘
2250,10:07:48,5.26,--,9,4734,买盘
2251,10:07:45,5.26,--,69,36294,买盘
2252,10:07:42,5.26,--,10,5260,买盘
2253,10:07:39,5.26,--,15,7890,卖盘
2254,10:07:33,5.26,-0.01,22,11572,卖盘
2255,10:07:30,5.27,0.01,50,26349,买盘
2256,10:07:27,5.26,-0.01,10,5260,卖盘
2257,10:07:24,5.27,0.01,45,23714,买盘
2258,10:07:18,5.26,--,56,29456,卖盘
2259,10:07:12,5.26,--,8,4208,卖盘
2260,10:07:06,5.26,--,100,52600,卖盘
2261,10:07:03,5.26,-0.01,210,110460,卖盘
2262,10:07:00,5.27,--,21,11067,买盘
2263,10:06:57,5.27,0.01,145,76415,买盘
2264,10:06:54,5.26,-0.01,60,31560,卖盘
2265,10:06:51,5.27,0.01,91,47956,买盘
2266,10:06:48,5.26,--,207,108882,卖盘
2267,10:06:45,5.26,--,17,8942,卖盘
2268,10:06:39,5.26,--,235,123610,卖盘
2269,10:06:36,5.26,--,10,5260,卖盘
2270,10:06:33,5.26,--,87,45762,卖盘
2271,10:06:30,5.26,--,22,11572,卖盘
2272,10:06:27,5.26,-0.01,14,7364,卖盘
2273,10:06:24,5.27,0.01,6,3161,买盘
2274,10:06:21,5.26,--,10,5260,卖盘
2275,10:06:12,5.26,--,48,25248,卖盘
2276,10:06:03,5.26,--,44,23144,买盘
2277,10:05:57,5.26,--,5,2630,买盘
2278,10:05:54,5.26,--,512,269312,买盘
2279,10:05:51,5.26,0.01,11,5786,买盘
2280,10:05:48,5.25,-0.01,16,8400,卖盘
2281,10:05:45,5.26,--,20,10520,买盘
2282,10:05:42,5.26,-0.01,20,10520,买盘
2283,10:05:36,5.27,--,39,20553,买盘
2284,10:05:33,5.27,--,169,89063,买盘
2285,10:05:30,5.27,--,22,11593,买盘
2286,10:05:27,5.27,--,1,527,买盘
2287,10:05:24,5.27,0.01,3,1580,买盘
2288,10:05:21,5.26,--,6,3156,卖盘
2289,10:05:15,5.26,--,37,19462,买盘
2290,10:05:12,5.26,-0.01,29,15254,卖盘
2291,10:05:09,5.27,0.01,41,21607,买盘
2292,10:05:03,5.26,--,34,17884,卖盘
2293,10:05:00,5.26,-0.01,532,279832,卖盘
2294,10:04:57,5.27,--,30,15809,买盘
2295,10:04:54,5.27,--,59,31092,买盘
2296,10:04:48,5.27,0.01,10,5270,买盘
2297,10:04:42,5.26,-0.01,40,21040,卖盘
2298,10:04:39,5.27,0.01,4,2108,买盘
2299,10:04:30,5.26,-0.01,20,10520,卖盘
2300,10:04:24,5.27,0.01,2,1054,买盘
2301,10:04:18,5.26,--,59,31034,买盘
2302,10:04:15,5.26,--,24,12624,买盘
2303,10:04:12,5.26,--,5,2630,买盘
2304,10:04:09,5.26,--,908,477608,卖盘
2305,10:04:06,5.26,-0.01,21,11046,卖盘
2306,10:04:03,5.27,--,128,67456,买盘
2307,10:03:57,5.27,--,45,23714,买盘
2308,10:03:54,5.27,--,2,1054,买盘
2309,10:03:51,5.27,--,8,4216,买盘
2310,10:03:48,5.27,--,4,2108,买盘
2311,10:03:45,5.27,0.01,25,13174,买盘
2312,10:03:42,5.26,-0.01,4,2104,卖盘
2313,10:03:39,5.27,--,201,105926,买盘
2314,10:03:36,5.27,--,4,2108,买盘
2315,10:03:30,5.27,--,200,105399,买盘
2316,10:03:27,5.27,--,10,5270,买盘
2317,10:03:21,5.27,--,13,6850,买盘
2318,10:03:18,5.27,0.01,1,527,买盘
2319,10:03:15,5.26,-0.01,3,1578,卖盘
2320,10:03:06,5.27,0.01,244,128587,买盘
2321,10:03:03,5.26,--,8,4208,买盘
2322,10:03:00,5.26,--,96,50496,买盘
2323,10:02:54,5.26,-0.01,56,29456,卖盘
2324,10:02:51,5.27,--,910,479569,买盘
2325,10:02:48,5.27,--,20,10540,买盘
2326,10:02:45,5.27,--,273,143871,买盘
2327,10:02:42,5.27,0.01,208,109615,买盘
2328,10:02:39,5.26,-0.01,93,48918,卖盘
2329,10:02:36,5.27,--,30,15809,买盘
2330,10:02:33,5.27,--,10,5270,买盘
2331,10:02:27,5.27,--,10,5270,买盘
2332,10:02:18,5.27,0.01,26,13701,买盘
2333,10:02:15,5.26,--,51,26826,卖盘
2334,10:02:09,5.26,--,2,1052,卖盘
2335,10:01:54,5.26,--,132,69432,买盘
2336,10:01:48,5.26,--,14,7364,买盘
2337,10:01:45,5.26,0.01,298,156748,买盘
2338,10:01:42,5.25,-0.01,129,67725,卖盘
2339,10:01:36,5.26,--,208,109408,买盘
2340,10:01:33,5.26,--,102,53652,买盘
2341,10:01:30,5.26,--,112,58912,买盘
2342,10:01:27,5.26,--,2,1052,买盘
2343,10:01:24,5.26,--,26,13676,买盘
2344,10:01:21,5.26,--,5,2630,买盘
2345,10:01:18,5.26,--,108,56808,买盘
2346,10:01:12,5.26,--,10,5260,买盘
2347,10:01:09,5.26,--,5,2630,买盘
2348,10:01:06,5.26,--,88,46288,买盘
2349,10:01:03,5.26,--,2,1052,买盘
2350,10:01:00,5.26,--,118,62068,买盘
2351,10:00:57,5.26,--,37,19462,买盘
2352,10:00:54,5.26,--,10,5260,买盘
2353,10:00:48,5.26,--,12,6312,买盘
2354,10:00:45,5.26,--,67,35242,买盘
2355,10:00:42,5.26,--,42,22092,买盘
2356,10:00:39,5.26,--,22,11572,买盘
2357,10:00:36,5.26,--,5,2630,买盘
2358,10:00:33,5.26,0.01,44,23144,买盘
2359,10:00:27,5.25,-0.01,5,2625,卖盘
2360,10:00:24,5.26,--,203,106778,买盘
2361,10:00:21,5.26,--,99,52074,买盘
2362,10:00:18,5.26,--,1,526,买盘
2363,10:00:15,5.26,--,56,29456,买盘
2364,10:00:12,5.26,--,3,1578,买盘
2365,10:00:09,5.26,0.01,500,263000,买盘
2366,10:00:00,5.25,--,46,24150,卖盘
2367,09:59:57,5.25,--,25,13125,卖盘
2368,09:59:54,5.25,--,60,31500,卖盘
2369,09:59:51,5.25,--,18,9450,卖盘
2370,09:59:45,5.25,--,56,29400,卖盘
2371,09:59:42,5.25,--,11,5775,卖盘
2372,09:59:39,5.25,-0.01,77,40425,卖盘
2373,09:59:36,5.26,0.01,9,4734,买盘
2374,09:59:33,5.25,--,747,392201,买盘
2375,09:59:30,5.25,--,63,33075,买盘
2376,09:59:27,5.25,--,15,8373,卖盘
2377,09:59:24,5.25,--,76,39926,买盘
2378,09:59:21,5.25,--,40,21000,买盘
2379,09:59:12,5.25,--,13,6825,买盘
2380,09:59:09,5.25,--,40,21000,买盘
2381,09:59:06,5.25,0.01,56,29400,买盘
2382,09:59:03,5.24,-0.01,20,10480,卖盘
2383,09:59:00,5.25,--,71,37275,买盘
2384,09:58:54,5.25,--,5,2625,买盘
2385,09:58:51,5.25,--,19,9975,买盘
2386,09:58:48,5.25,--,150,78750,买盘
2387,09:58:45,5.25,--,2,1050,买盘
2388,09:58:42,5.25,--,157,82425,买盘
2389,09:58:39,5.25,--,6,3150,买盘
2390,09:58:36,5.25,--,16,8400,买盘
2391,09:58:30,5.25,--,10,5250,买盘
2392,09:58:27,5.25,--,7,3675,买盘
2393,09:58:24,5.25,--,76,39900,买盘
2394,09:58:18,5.25,0.01,273,143325,买盘
2395,09:58:12,5.24,--,91,47684,卖盘
2396,09:58:09,5.24,-0.01,98,51352,卖盘
2397,09:58:06,5.25,0.01,100,52500,买盘
2398,09:58:03,5.24,-0.01,6,3149,卖盘
2399,09:58:00,5.25,0.01,2,1050,买盘
2400,09:57:51,5.24,--,5,2620,卖盘
2401,09:57:48,5.24,-0.01,14,7336,卖盘
2402,09:57:45,5.25,0.01,18,9450,买盘
2403,09:57:42,5.24,-0.01,7,3668,卖盘
2404,09:57:39,5.25,--,49,25725,买盘
2405,09:57:36,5.25,0.01,10,5250,买盘
2406,09:57:33,5.24,--,6,3144,卖盘
2407,09:57:30,5.24,--,13,6812,卖盘
2408,09:57:27,5.24,-0.01,47,24628,卖盘
2409,09:57:21,5.25,--,78,40950,买盘
2410,09:57:15,5.25,--,4,2100,买盘
2411,09:57:09,5.25,--,43,22575,买盘
2412,09:57:06,5.25,0.01,21,11025,买盘
2413,09:57:03,5.24,-0.01,167,87508,卖盘
2414,09:57:00,5.25,--,14,7350,买盘
2415,09:56:57,5.25,--,271,142275,买盘
2416,09:56:54,5.25,--,12,6300,买盘
2417,09:56:51,5.25,0.01,89,46725,买盘
2418,09:56:48,5.24,-0.01,10,5240,卖盘
2419,09:56:45,5.25,--,13,6825,买盘
2420,09:56:42,5.25,0.01,4,2100,买盘
2421,09:56:39,5.24,--,69,36156,卖盘
2422,09:56:36,5.24,-0.01,126,66024,卖盘
2423,09:56:33,5.25,0.01,26,13650,买盘
2424,09:56:27,5.24,--,150,78600,卖盘
2425,09:56:15,5.24,--,468,245232,买盘
2426,09:56:09,5.24,--,20,10480,买盘
2427,09:56:03,5.24,0.01,14,7336,买盘
2428,09:56:00,5.23,--,68,35564,卖盘
2429,09:55:57,5.23,-0.01,20,10460,卖盘
2430,09:55:54,5.24,--,100,52400,买盘
2431,09:55:48,5.24,--,31,16244,买盘
2432,09:55:45,5.24,--,149,78076,买盘
2433,09:55:39,5.24,0.01,18,9432,买盘
2434,09:55:36,5.23,-0.01,11,5753,卖盘
2435,09:55:33,5.24,--,98,51352,买盘
2436,09:55:30,5.24,0.01,10,5240,买盘
2437,09:55:21,5.23,-0.01,46,24058,卖盘
2438,09:55:18,5.24,--,50,26200,买盘
2439,09:55:15,5.24,--,1,524,买盘
2440,09:55:09,5.24,--,20,10480,买盘
2441,09:55:06,5.24,-0.01,72,37728,卖盘
2442,09:55:03,5.25,0.01,3,1575,买盘
2443,09:55:00,5.24,-0.01,263,137812,卖盘
2444,09:54:57,5.25,0.01,130,68250,买盘
2445,09:54:54,5.24,--,212,111088,卖盘
2446,09:54:48,5.24,--,2,1048,卖盘
2447,09:54:45,5.24,--,81,42444,卖盘
2448,09:54:42,5.24,-0.01,149,78076,卖盘
2449,09:54:39,5.25,0.01,28,14700,买盘
2450,09:54:36,5.24,--,220,115280,卖盘
2451,09:54:33,5.24,--,55,28820,卖盘
2452,09:54:30,5.24,--,32,16768,卖盘
2453,09:54:27,5.24,-0.01,2,1048,卖盘
2454,09:54:24,5.25,0.01,36,18900,买盘
2455,09:54:21,5.24,--,400,209600,卖盘
2456,09:54:18,5.24,--,30,15720,卖盘
2457,09:54:12,5.24,--,131,68644,卖盘
2458,09:54:09,5.24,--,8,4192,卖盘
2459,09:54:03,5.24,-0.01,94,49256,卖盘
2460,09:54:00,5.25,--,7,3675,买盘
2461,09:53:57,5.25,0.01,12,6300,买盘
2462,09:53:54,5.24,--,46,24104,卖盘
2463,09:53:45,5.24,-0.01,11,5764,卖盘
2464,09:53:42,5.25,--,20,10500,买盘
2465,09:53:39,5.25,--,26,13650,买盘
2466,09:53:33,5.25,--,150,78750,买盘
2467,09:53:30,5.25,--,133,70323,卖盘
2468,09:53:27,5.25,--,5,2625,卖盘
2469,09:53:24,5.25,--,85,44625,卖盘
2470,09:53:21,5.25,--,47,24675,卖盘
2471,09:53:18,5.25,-0.01,10,5250,卖盘
2472,09:53:12,5.26,0.01,65,34190,买盘
2473,09:53:09,5.25,--,69,36225,卖盘
2474,09:53:06,5.25,--,58,30450,卖盘
2475,09:53:03,5.25,-0.01,228,119700,卖盘
2476,09:53:00,5.26,--,104,54704,买盘
2477,09:52:57,5.26,0.01,30,15780,买盘
2478,09:52:54,5.25,--,250,131250,卖盘
2479,09:52:51,5.25,-0.01,209,109725,卖盘
2480,09:52:48,5.26,-0.01,124,65224,卖盘
2481,09:52:42,5.27,0.01,501,264027,买盘
2482,09:52:39,5.26,-0.01,10,5260,卖盘
2483,09:52:36,5.27,0.01,10,5270,买盘
2484,09:52:33,5.26,--,2,1052,卖盘
2485,09:52:30,5.26,-0.01,362,190412,卖盘
2486,09:52:24,5.27,0.01,2,1054,买盘
2487,09:52:21,5.26,-0.01,320,168320,卖盘
2488,09:52:18,5.27,0.01,22,11593,买盘
2489,09:52:15,5.26,-0.01,11,5786,卖盘
2490,09:52:12,5.27,--,5,2635,买盘
2491,09:52:09,5.27,--,16,8432,买盘
2492,09:52:06,5.27,--,19,10013,买盘
2493,09:52:03,5.27,--,71,37417,卖盘
2494,09:52:00,5.27,--,18,9486,卖盘
2495,09:51:57,5.27,--,20,10540,卖盘
2496,09:51:54,5.27,--,19,10013,买盘
2497,09:51:51,5.27,--,8,4216,买盘
2498,09:51:48,5.27,--,27,14228,买盘
2499,09:51:42,5.27,--,70,36890,买盘
2500,09:51:36,5.27,-0.01,99,52172,卖盘
2501,09:51:33,5.28,0.01,65,34320,买盘
2502,09:51:30,5.27,--,42,22134,卖盘
2503,09:51:24,5.27,--,426,224765,买盘
2504,09:51:21,5.27,--,213,112250,买盘
2505,09:51:18,5.27,--,18,9486,买盘
2506,09:51:15,5.27,--,14,7377,买盘
2507,09:51:12,5.27,0.01,38,20026,买盘
2508,09:51:09,5.26,--,220,115720,卖盘
2509,09:51:03,5.26,-0.01,30,15780,卖盘
2510,09:51:00,5.27,--,20,10540,买盘
2511,09:50:57,5.27,0.01,285,150195,买盘
2512,09:50:54,5.26,--,5,2630,卖盘
2513,09:50:51,5.26,--,100,52600,卖盘
2514,09:50:48,5.26,--,254,133604,卖盘
2515,09:50:45,5.26,--,58,30508,卖盘
2516,09:50:42,5.26,--,10,5260,卖盘
2517,09:50:39,5.26,--,22,11572,卖盘
2518,09:50:36,5.26,--,5,2630,卖盘
2519,09:50:33,5.26,--,244,128344,买盘
2520,09:50:30,5.26,0.01,95,49970,买盘
2521,09:50:27,5.25,--,24,12600,卖盘
2522,09:50:24,5.25,-0.01,10,5250,卖盘
2523,09:50:21,5.26,0.02,27,14491,买盘
2524,09:50:18,5.24,-0.02,2000,1048235,卖盘
2525,09:50:15,5.26,--,30,15780,买盘
2526,09:50:12,5.26,--,17,8942,买盘
2527,09:50:09,5.26,--,78,41028,买盘
2528,09:50:06,5.26,0.01,160,84160,买盘
2529,09:50:03,5.25,--,435,228375,卖盘
2530,09:50:00,5.25,-0.01,10,5250,卖盘
2531,09:49:57,5.26,--,143,75218,买盘
2532,09:49:51,5.26,--,7,3682,买盘
2533,09:49:48,5.26,--,33,17358,买盘
2534,09:49:45,5.26,--,1,526,买盘
2535,09:49:42,5.26,--,3,1578,买盘
2536,09:49:39,5.26,0.01,10,5260,买盘
2537,09:49:36,5.25,-0.01,60,31500,卖盘
2538,09:49:33,5.26,--,1,526,买盘
2539,09:49:30,5.26,-0.01,88,46288,卖盘
2540,09:49:24,5.27,0.01,5,2635,买盘
2541,09:49:21,5.26,--,57,29982,卖盘
2542,09:49:18,5.26,--,112,58912,买盘
2543,09:49:15,5.26,--,110,57860,买盘
2544,09:49:12,5.26,--,21,11046,买盘
2545,09:49:09,5.26,0.01,10,5260,买盘
2546,09:49:06,5.25,-0.01,13,6825,卖盘
2547,09:49:03,5.26,--,79,41554,买盘
2548,09:49:00,5.26,--,3,1578,买盘
2549,09:48:57,5.26,--,51,26826,卖盘
2550,09:48:54,5.26,--,5,2630,买盘
2551,09:48:51,5.26,0.01,6,3156,买盘
2552,09:48:48,5.25,-0.02,13,6825,卖盘
2553,09:48:45,5.27,--,39,20553,买盘
2554,09:48:42,5.27,--,407,214488,买盘
2555,09:48:36,5.27,--,19,10013,买盘
2556,09:48:33,5.27,0.01,180,94859,买盘
2557,09:48:30,5.26,-0.01,177,93102,卖盘
2558,09:48:27,5.27,--,60,31619,买盘
2559,09:48:24,5.27,0.01,5,2635,买盘
2560,09:48:21,5.26,-0.01,1112,584912,卖盘
2561,09:48:18,5.27,--,58,30565,买盘
2562,09:48:15,5.27,0.01,2,1054,买盘
2563,09:48:12,5.26,-0.01,45,23670,卖盘
2564,09:48:09,5.27,--,56,29511,买盘
2565,09:48:06,5.27,--,354,186557,买盘
2566,09:47:57,5.27,--,236,124371,买盘
2567,09:47:51,5.27,--,129,67983,买盘
2568,09:47:48,5.27,--,149,78523,买盘
2569,09:47:45,5.27,0.01,30,15809,买盘
2570,09:47:42,5.26,-0.01,24,12624,卖盘
2571,09:47:39,5.27,0.01,35,18445,买盘
2572,09:47:36,5.26,--,20,10520,卖盘
2573,09:47:30,5.26,-0.01,24,12624,卖盘
2574,09:47:27,5.27,0.01,227,119628,买盘
2575,09:47:24,5.26,--,300,157800,卖盘
2576,09:47:21,5.26,--,91,47866,卖盘
2577,09:47:18,5.26,0.01,344,180944,买盘
2578,09:47:15,5.25,--,199,104475,卖盘
2579,09:47:12,5.25,-0.01,21,11025,卖盘
2580,09:47:09,5.26,--,129,67854,买盘
2581,09:47:06,5.26,--,25,13150,买盘
2582,09:47:03,5.26,--,7,3682,买盘
2583,09:47:00,5.26,--,107,56282,买盘
2584,09:46:57,5.26,--,297,156222,买盘
2585,09:46:54,5.26,--,5,2630,买盘
2586,09:46:48,5.26,--,64,33664,买盘
2587,09:46:42,5.26,--,46,24196,买盘
2588,09:46:39,5.26,--,51,26826,买盘
2589,09:46:36,5.26,--,59,31034,买盘
2590,09:46:33,5.26,--,100,52600,买盘
2591,09:46:30,5.26,--,336,176736,卖盘
2592,09:46:27,5.26,--,22,11572,卖盘
2593,09:46:24,5.26,--,15,7890,卖盘
2594,09:46:21,5.26,-0.01,63,33138,卖盘
2595,09:46:18,5.27,--,119,62712,买盘
2596,09:46:15,5.27,0.01,1,527,买盘
2597,09:46:12,5.26,--,21,11046,卖盘
2598,09:46:09,5.26,--,62,32612,卖盘
2599,09:46:06,5.26,--,126,66276,卖盘
2600,09:46:03,5.26,--,36,18936,卖盘
2601,09:45:57,5.26,--,218,114668,买盘
2602,09:45:54,5.26,--,25,13150,买盘
2603,09:45:51,5.26,--,34,17884,买盘
2604,09:45:48,5.26,--,59,31034,买盘
2605,09:45:45,5.26,--,57,29982,买盘
2606,09:45:42,5.26,--,73,38398,买盘
2607,09:45:39,5.26,--,87,45762,买盘
2608,09:45:36,5.26,--,25,13150,买盘
2609,09:45:33,5.26,--,4,2104,买盘
2610,09:45:30,5.26,--,90,47340,买盘
2611,09:45:27,5.26,0.01,168,88368,买盘
2612,09:45:24,5.25,-0.01,271,142275,卖盘
2613,09:45:21,5.26,--,79,41554,买盘
2614,09:45:18,5.26,--,29,15254,卖盘
2615,09:45:15,5.26,--,316,166216,买盘
2616,09:45:12,5.26,--,42,22092,买盘
2617,09:45:09,5.26,0.01,96,50496,买盘
2618,09:45:06,5.25,-0.02,55,28875,卖盘
2619,09:45:03,5.27,0.01,95,50064,买盘
2620,09:44:57,5.26,--,370,194909,买盘
2621,09:44:54,5.26,--,47,24958,卖盘
2622,09:44:51,5.26,--,359,189123,买盘
2623,09:44:45,5.26,0.01,128,67328,买盘
2624,09:44:42,5.25,-0.01,61,32025,中性盘
2625,09:44:39,5.26,0.01,655,344530,买盘
2626,09:44:36,5.25,--,13,6825,卖盘
2627,09:44:33,5.25,-0.01,30,15750,卖盘
2628,09:44:30,5.26,0.01,2,1052,买盘
2629,09:44:24,5.25,0.01,80,42000,买盘
2630,09:44:21,5.24,-0.01,219,114756,卖盘
2631,09:44:18,5.25,--,26,13650,卖盘
2632,09:44:15,5.25,0.01,90,47250,买盘
2633,09:44:12,5.24,--,190,99560,卖盘
2634,09:44:06,5.24,-0.01,92,48208,卖盘
2635,09:44:03,5.25,0.01,20,10500,买盘
2636,09:44:00,5.24,-0.01,36,18864,卖盘
2637,09:43:57,5.25,--,300,157500,买盘
2638,09:43:54,5.25,--,372,195300,买盘
2639,09:43:45,5.25,-0.01,27,14175,买盘
2640,09:43:42,5.26,0.01,102,53652,买盘
2641,09:43:39,5.25,0.01,157,82425,买盘
2642,09:43:36,5.24,--,4,2096,买盘
2643,09:43:33,5.24,-0.01,229,119996,卖盘
2644,09:43:30,5.25,--,15,7875,买盘
2645,09:43:27,5.25,--,88,46200,卖盘
2646,09:43:24,5.25,--,626,328650,买盘
2647,09:43:21,5.25,--,99,51975,买盘
2648,09:43:18,5.25,--,65,34125,买盘
2649,09:43:15,5.25,-0.01,139,72975,卖盘
2650,09:43:12,5.26,--,9,4734,买盘
2651,09:43:09,5.26,--,155,81530,买盘
2652,09:43:06,5.26,0.01,65,34190,买盘
2653,09:43:03,5.25,--,20,10500,买盘
2654,09:43:00,5.25,--,23,12075,买盘
2655,09:42:57,5.25,-0.01,210,110617,卖盘
2656,09:42:54,5.26,0.01,63,33138,买盘
2657,09:42:51,5.25,-0.01,254,133350,卖盘
2658,09:42:48,5.26,0.01,20,10520,买盘
2659,09:42:45,5.25,-0.01,307,161175,卖盘
2660,09:42:42,5.26,--,104,54704,买盘
2661,09:42:39,5.26,--,45,23670,买盘
2662,09:42:36,5.26,0.01,1,526,买盘
2663,09:42:30,5.25,--,1,525,卖盘
2664,09:42:27,5.25,--,156,81900,卖盘
2665,09:42:24,5.25,0.01,1349,708382,买盘
2666,09:42:21,5.24,0.01,54,28296,卖盘
2667,09:42:18,5.23,--,257,134745,卖盘
2668,09:42:15,5.23,--,425,222275,卖盘
2669,09:42:12,5.23,-0.01,10,5230,卖盘
2670,09:42:09,5.24,0.01,48,25152,买盘
2671,09:42:06,5.23,--,44,23012,卖盘
2672,09:42:03,5.23,--,145,75835,买盘
2673,09:42:00,5.23,0.01,96,50208,买盘
2674,09:41:57,5.22,-0.01,1,522,卖盘
2675,09:41:54,5.23,--,16,8368,买盘
2676,09:41:51,5.23,0.01,94,49162,买盘
2677,09:41:48,5.22,--,6,3132,卖盘
2678,09:41:45,5.22,--,85,44370,买盘
2679,09:41:42,5.22,0.01,30,15660,买盘
2680,09:41:39,5.21,-0.01,9,4689,卖盘
2681,09:41:36,5.22,0.01,40,20880,买盘
2682,09:41:33,5.21,--,20,10420,卖盘
2683,09:41:30,5.21,--,25,13025,卖盘
2684,09:41:27,5.21,--,100,52100,卖盘
2685,09:41:21,5.21,0.01,259,134939,买盘
2686,09:41:18,5.2,--,15,7800,买盘
2687,09:41:15,5.2,--,341,177580,卖盘
2688,09:41:12,5.2,--,1,520,卖盘
2689,09:41:09,5.2,--,75,39000,卖盘
2690,09:41:06,5.2,--,284,147940,买盘
2691,09:41:03,5.2,--,112,58240,买盘
2692,09:41:00,5.2,--,11,5720,买盘
2693,09:40:57,5.2,--,52,27040,买盘
2694,09:40:54,5.2,0.01,112,58240,买盘
2695,09:40:51,5.19,--,113,58647,卖盘
2696,09:40:48,5.19,--,2,1038,卖盘
2697,09:40:45,5.19,--,55,28545,卖盘
2698,09:40:42,5.19,--,182,94458,卖盘
2699,09:40:39,5.19,--,3,1557,卖盘
2700,09:40:36,5.19,--,228,118332,卖盘
2701,09:40:33,5.19,0.01,513,266247,买盘
2702,09:40:30,5.18,--,147,76146,买盘
2703,09:40:27,5.18,-0.01,164,84952,卖盘
2704,09:40:24,5.19,--,574,297906,买盘
2705,09:40:21,5.19,--,206,106914,买盘
2706,09:40:18,5.19,0.01,10,5190,买盘
2707,09:40:15,5.18,-0.01,1,518,卖盘
2708,09:40:12,5.19,0.01,26,13494,买盘
2709,09:40:09,5.18,-0.01,114,59052,卖盘
2710,09:40:06,5.19,--,1223,634737,卖盘
2711,09:40:03,5.19,--,71,36849,卖盘
2712,09:40:00,5.19,--,108,56052,卖盘
2713,09:39:57,5.19,--,246,127674,卖盘
2714,09:39:54,5.19,--,202,104838,卖盘
2715,09:39:51,5.19,--,86,44634,卖盘
2716,09:39:48,5.19,--,66,34254,卖盘
2717,09:39:45,5.19,--,99,51381,卖盘
2718,09:39:42,5.19,--,567,294273,卖盘
2719,09:39:39,5.19,-0.01,4,2076,卖盘
2720,09:39:36,5.2,--,500,260000,买盘
2721,09:39:33,5.2,--,10,5200,买盘
2722,09:39:30,5.2,--,51,26780,卖盘
2723,09:39:27,5.2,--,263,136760,卖盘
2724,09:39:24,5.2,--,35,18200,卖盘
2725,09:39:21,5.2,-0.01,386,200720,卖盘
2726,09:39:18,5.21,0.01,438,228198,买盘
2727,09:39:15,5.2,--,139,72280,卖盘
2728,09:39:12,5.2,-0.01,597,310440,卖盘
2729,09:39:09,5.21,--,30,15630,卖盘
2730,09:39:06,5.21,--,116,60696,买盘
2731,09:39:00,5.21,--,3,1563,买盘
2732,09:38:57,5.21,--,142,74242,卖盘
2733,09:38:54,5.21,--,109,56789,卖盘
2734,09:38:51,5.21,-0.01,30,15630,卖盘
2735,09:38:48,5.22,0.01,122,63684,买盘
2736,09:38:45,5.21,--,20,10420,卖盘
2737,09:38:39,5.21,--,499,260239,买盘
2738,09:38:36,5.21,-0.01,86,45066,卖盘
2739,09:38:30,5.22,0.01,10,5220,买盘
2740,09:38:27,5.21,--,327,170367,卖盘
2741,09:38:24,5.21,--,10,5210,卖盘
2742,09:38:21,5.21,--,52,27092,卖盘
2743,09:38:18,5.21,-0.01,84,44024,卖盘
2744,09:38:15,5.22,--,99,51678,买盘
2745,09:38:12,5.22,0.01,54,28188,买盘
2746,09:38:09,5.21,-0.01,30,15630,卖盘
2747,09:38:06,5.22,--,6,3132,买盘
2748,09:38:03,5.22,--,201,104922,买盘
2749,09:37:57,5.22,--,299,156078,卖盘
2750,09:37:54,5.22,-0.01,122,63684,卖盘
2751,09:37:51,5.23,-0.02,117,61191,卖盘
2752,09:37:48,5.25,0.03,1650,866250,买盘
2753,09:37:45,5.22,--,14,7308,卖盘
2754,09:37:42,5.22,-0.01,138,72036,卖盘
2755,09:37:39,5.23,--,20,10460,买盘
2756,09:37:36,5.23,--,11,5753,买盘
2757,09:37:33,5.23,0.01,20,10460,买盘
2758,09:37:30,5.22,-0.01,78,40716,卖盘
2759,09:37:27,5.23,--,36,18828,卖盘
2760,09:37:24,5.23,0.01,131,68513,买盘
2761,09:37:21,5.22,-0.01,9,4698,卖盘
2762,09:37:18,5.23,--,210,109830,买盘
2763,09:37:15,5.23,--,43,22489,买盘
2764,09:37:12,5.23,--,21,10983,买盘
2765,09:37:09,5.23,--,1260,658980,卖盘
2766,09:37:06,5.23,-0.01,11,5753,卖盘
2767,09:37:03,5.24,--,36,18864,买盘
2768,09:37:00,5.24,--,59,30916,买盘
2769,09:36:57,5.24,--,104,54496,买盘
2770,09:36:54,5.24,--,302,158248,买盘
2771,09:36:51,5.24,0.01,5,2620,买盘
2772,09:36:45,5.23,-0.02,46,24058,卖盘
2773,09:36:42,5.25,--,208,109200,买盘
2774,09:36:39,5.25,0.01,8,4200,买盘
2775,09:36:36,5.24,--,127,66548,买盘
2776,09:36:33,5.24,-0.01,410,214840,卖盘
2777,09:36:30,5.25,--,19,9975,买盘
2778,09:36:24,5.25,0.01,81,42525,买盘
2779,09:36:21,5.24,--,8,4192,卖盘
2780,09:36:18,5.24,--,54,28296,卖盘
2781,09:36:15,5.24,-0.01,19,9956,卖盘
2782,09:36:09,5.25,0.01,222,116550,买盘
2783,09:36:06,5.24,--,307,160868,卖盘
2784,09:36:00,5.24,--,50,26200,卖盘
2785,09:35:54,5.24,--,20,10480,卖盘
2786,09:35:51,5.24,0.01,135,70740,买盘
2787,09:35:48,5.23,-0.01,5,2615,卖盘
2788,09:35:42,5.24,0.01,396,207504,买盘
2789,09:35:39,5.23,--,93,48639,卖盘
2790,09:35:36,5.23,-0.01,10,5230,卖盘
2791,09:35:33,5.24,--,106,55544,买盘
2792,09:35:30,5.24,0.01,51,26724,买盘
2793,09:35:24,5.23,-0.01,5,2615,卖盘
2794,09:35:21,5.24,--,23,12052,买盘
2795,09:35:18,5.24,--,25,13100,买盘
2796,09:35:15,5.24,--,136,71264,买盘
2797,09:35:12,5.24,--,34,17816,买盘
2798,09:35:09,5.24,--,326,170824,买盘
2799,09:35:06,5.24,--,67,35108,买盘
2800,09:35:03,5.24,--,22,11528,买盘
2801,09:35:00,5.24,--,71,37204,卖盘
2802,09:34:57,5.24,--,65,34060,卖盘
2803,09:34:54,5.24,-0.01,143,74932,卖盘
2804,09:34:51,5.25,0.01,100,52500,买盘
2805,09:34:48,5.24,--,32,16768,卖盘
2806,09:34:45,5.24,-0.01,24,12576,卖盘
2807,09:34:42,5.25,--,70,36750,买盘
2808,09:34:39,5.25,0.01,10,5250,买盘
2809,09:34:36,5.24,--,25,13100,卖盘
2810,09:34:33,5.24,-0.01,157,82268,卖盘
2811,09:34:30,5.25,0.01,48,25200,买盘
2812,09:34:27,5.24,-0.01,10,5240,卖盘
2813,09:34:24,5.25,--,155,81375,买盘
2814,09:34:21,5.25,--,153,80325,买盘
2815,09:34:18,5.25,--,136,71400,买盘
2816,09:34:12,5.25,--,44,23100,买盘
2817,09:34:09,5.25,--,61,32025,买盘
2818,09:34:06,5.25,--,263,138075,卖盘
2819,09:34:03,5.25,-0.01,310,162750,卖盘
2820,09:34:00,5.26,0.01,247,129922,买盘
2821,09:33:57,5.25,--,40,21000,卖盘
2822,09:33:54,5.25,-0.01,23,12075,卖盘
2823,09:33:51,5.26,--,24,12624,买盘
2824,09:33:48,5.26,--,14,7364,买盘
2825,09:33:45,5.26,--,65,34190,买盘
2826,09:33:42,5.26,--,20,10520,买盘
2827,09:33:39,5.26,--,15,7890,买盘
2828,09:33:36,5.26,-0.01,107,56282,中性盘
2829,09:33:33,5.27,--,79,41633,买盘
2830,09:33:30,5.27,--,64,33728,买盘
2831,09:33:27,5.27,--,124,65347,买盘
2832,09:33:24,5.27,--,351,184976,买盘
2833,09:33:21,5.27,--,112,59023,买盘
2834,09:33:18,5.27,0.01,64,33728,买盘
2835,09:33:15,5.26,--,134,70484,卖盘
2836,09:33:12,5.26,-0.01,263,138338,卖盘
2837,09:33:09,5.27,0.01,40,21080,卖盘
2838,09:33:06,5.26,-0.01,508,267208,卖盘
2839,09:33:03,5.27,--,78,41106,买盘
2840,09:33:00,5.27,--,22,11593,买盘
2841,09:32:57,5.27,-0.01,111,58496,中性盘
2842,09:32:54,5.28,0.01,192,101376,买盘
2843,09:32:51,5.27,--,407,214488,买盘
2844,09:32:48,5.27,--,108,56915,买盘
2845,09:32:45,5.27,-0.01,160,84320,中性盘
2846,09:32:42,5.28,0.04,190,100320,买盘
2847,09:32:39,5.24,-0.03,78,40872,卖盘
2848,09:32:36,5.27,0.01,372,196043,中性盘
2849,09:32:33,5.26,-0.01,150,78900,卖盘
2850,09:32:30,5.27,--,238,125425,买盘
2851,09:32:27,5.27,--,128,67456,买盘
2852,09:32:24,5.27,0.01,103,54280,买盘
2853,09:32:21,5.26,-0.01,177,93102,买盘
2854,09:32:18,5.27,0.01,217,114358,买盘
2855,09:32:15,5.26,--,172,90472,卖盘
2856,09:32:12,5.26,--,74,38924,卖盘
2857,09:32:09,5.26,0.01,310,163060,买盘
2858,09:32:06,5.25,--,83,43575,卖盘
2859,09:32:03,5.25,--,38,19950,卖盘
2860,09:32:00,5.25,0.03,241,126525,买盘
2861,09:31:57,5.22,-0.02,441,230202,卖盘
2862,09:31:54,5.24,--,29,15196,买盘
2863,09:31:51,5.24,-0.01,182,95368,卖盘
2864,09:31:48,5.25,--,262,137550,买盘
2865,09:31:45,5.25,0.01,70,36750,买盘
2866,09:31:42,5.24,--,6,3144,买盘
2867,09:31:39,5.24,-0.01,189,99036,卖盘
2868,09:31:36,5.25,--,176,92400,买盘
2869,09:31:33,5.25,0.01,40,21000,买盘
2870,09:31:30,5.24,-0.01,70,36680,卖盘
2871,09:31:27,5.25,0.01,25,13125,买盘
2872,09:31:24,5.24,0.01,42,22008,买盘
2873,09:31:21,5.23,-0.01,139,72697,卖盘
2874,09:31:18,5.24,0.01,20,10480,买盘
2875,09:31:12,5.23,--,20,10460,卖盘
2876,09:31:09,5.23,0.01,58,30334,买盘
2877,09:31:06,5.22,-0.01,41,21402,卖盘
2878,09:31:00,5.23,--,5,2615,买盘
2879,09:30:57,5.23,0.01,211,110353,买盘
2880,09:30:54,5.22,--,414,216108,买盘
2881,09:30:51,5.22,--,50,26100,买盘
2882,09:30:48,5.22,--,98,51156,买盘
2883,09:30:45,5.22,0.01,64,33408,买盘
2884,09:30:33,5.21,0.01,509,265189,买盘
2885,09:30:30,5.2,--,21,10920,卖盘
2886,09:30:27,5.2,0.01,296,153920,买盘
2887,09:30:24,5.19,--,10,5190,卖盘
2888,09:30:12,5.19,--,79,41006,买盘
2889,09:30:09,5.19,0.02,166,86154,买盘
2890,09:30:06,5.17,--,464,239888,卖盘
2891,09:30:03,5.17,-0.02,817,422389,卖盘
2892,09:30:00,5.19,--,0,0,买盘
2893,09:25:03,5.19,5.19,2275,1180725,买盘
