,time,price,change,volume,amount,type
0,15:00:03,4.9,0.01,5686,2786140,买盘
1,14:57:00,4.89,-0.01,20,9780,卖盘
2,14:56:57,4.9,--,10,4900,买盘
3,14:56:54,4.9,0.01,106,51940,买盘
4,14:56:51,4.89,--,150,73350,卖盘
5,14:56:48,4.89,-0.01,110,53790,卖盘
6,14:56:45,4.9,0.01,134,65660,买盘
7,14:56:42,4.89,-0.01,10,4890,卖盘
8,14:56:39,4.9,--,136,66640,买盘
9,14:56:36,4.9,0.01,92,45080,买盘
10,14:56:33,4.89,-0.01,32,15647,卖盘
11,14:56:30,4.9,--,30,14700,买盘
12,14:56:27,4.9,--,11,5390,卖盘
13,14:56:24,4.9,0.01,270,132300,卖盘
14,14:56:21,4.89,-0.01,925,452324,卖盘
15,14:56:18,4.9,--,36,17640,卖盘
16,14:56:15,4.9,--,38,18620,买盘
17,14:56:12,4.9,0.01,5,2450,买盘
18,14:56:09,4.89,-0.01,51,24939,卖盘
19,14:56:06,4.9,--,14,6860,卖盘
20,14:56:03,4.9,--,40,19600,买盘
21,14:56:00,4.9,--,95,46550,买盘
22,14:55:57,4.9,--,9,4410,买盘
23,14:55:54,4.9,--,1,490,买盘
24,14:55:51,4.9,--,102,49980,买盘
25,14:55:48,4.9,--,76,37240,买盘
26,14:55:45,4.9,--,815,399350,卖盘
27,14:55:42,4.9,-0.01,146,71540,卖盘
28,14:55:39,4.91,--,10,4910,买盘
29,14:55:36,4.91,0.01,313,153683,买盘
30,14:55:33,4.9,-0.01,15,7350,卖盘
31,14:55:27,4.91,--,20,9820,买盘
32,14:55:24,4.91,0.01,35,17185,买盘
33,14:55:18,4.9,-0.01,11,5390,卖盘
34,14:55:15,4.91,0.01,76,37316,买盘
35,14:55:12,4.9,-0.01,30,14700,卖盘
36,14:55:09,4.91,0.01,101,49591,买盘
37,14:55:06,4.9,-0.01,33,16170,卖盘
38,14:55:03,4.91,0.01,5,2455,买盘
39,14:55:00,4.9,--,31,15190,卖盘
40,14:54:54,4.9,-0.01,505,247450,卖盘
41,14:54:51,4.91,--,5,2455,买盘
42,14:54:48,4.91,--,160,78560,买盘
43,14:54:45,4.91,0.01,1,491,买盘
44,14:54:42,4.9,-0.01,110,53900,卖盘
45,14:54:39,4.91,--,50,24550,买盘
46,14:54:36,4.91,0.01,300,147300,买盘
47,14:54:33,4.9,-0.01,186,91140,卖盘
48,14:54:30,4.91,0.01,1,491,买盘
49,14:54:27,4.9,-0.01,1,490,卖盘
50,14:54:24,4.91,--,67,32897,买盘
51,14:54:21,4.91,0.01,50,24550,买盘
52,14:54:18,4.9,--,18,8820,卖盘
53,14:54:15,4.9,--,1,490,卖盘
54,14:54:09,4.9,--,14,6860,卖盘
55,14:54:06,4.9,--,107,52430,卖盘
56,14:54:03,4.9,--,118,57820,卖盘
57,14:54:00,4.9,--,71,34790,买盘
58,14:53:51,4.9,--,4,1960,买盘
59,14:53:45,4.9,--,28,13720,卖盘
60,14:53:42,4.9,-0.01,3,1470,卖盘
61,14:53:36,4.91,--,250,122750,买盘
62,14:53:27,4.91,0.01,4,1964,买盘
63,14:53:24,4.9,--,100,49000,卖盘
64,14:53:12,4.9,-0.01,23,11270,卖盘
65,14:53:09,4.91,0.01,67,32897,买盘
66,14:53:06,4.9,--,30,14700,卖盘
67,14:53:03,4.9,-0.01,36,17640,卖盘
68,14:52:57,4.91,0.01,10,4910,买盘
69,14:52:54,4.9,-0.01,20,9800,卖盘
70,14:52:48,4.91,0.01,1,491,买盘
71,14:52:45,4.9,-0.01,64,31360,卖盘
72,14:52:39,4.91,0.01,11,5401,买盘
73,14:52:36,4.9,--,100,49000,卖盘
74,14:52:33,4.9,-0.02,39,19110,卖盘
75,14:52:30,4.92,0.02,1000,492000,买盘
76,14:52:27,4.9,--,3,1470,卖盘
77,14:52:24,4.9,--,7,3430,卖盘
78,14:52:21,4.9,--,49,24010,卖盘
79,14:52:15,4.9,--,10,4900,卖盘
80,14:52:09,4.9,-0.01,16,7840,卖盘
81,14:52:03,4.91,--,22,10802,买盘
82,14:52:00,4.91,--,2,982,买盘
83,14:51:54,4.91,--,11,5401,买盘
84,14:51:51,4.91,--,53,26023,买盘
85,14:51:45,4.91,--,10,4910,买盘
86,14:51:42,4.91,0.01,20,9820,买盘
87,14:51:39,4.9,--,70,34300,卖盘
88,14:51:33,4.9,-0.01,3,1470,卖盘
89,14:51:18,4.91,--,10,4910,买盘
90,14:51:12,4.91,0.01,420,206220,买盘
91,14:51:09,4.9,-0.01,1,490,卖盘
92,14:51:06,4.91,--,22,10802,卖盘
93,14:51:00,4.91,--,95,46645,卖盘
94,14:50:51,4.91,0.01,325,159575,买盘
95,14:50:48,4.9,--,34,16660,卖盘
96,14:50:42,4.9,--,8,3920,卖盘
97,14:50:39,4.9,--,4,1960,买盘
98,14:50:36,4.9,--,200,98000,买盘
99,14:50:33,4.9,0.01,222,108780,买盘
100,14:50:30,4.89,-0.01,125,61124,卖盘
101,14:50:27,4.9,0.01,392,192080,买盘
102,14:50:21,4.89,--,29,14180,卖盘
103,14:50:15,4.89,--,273,133497,买盘
104,14:50:09,4.89,0.01,100,48900,买盘
105,14:50:06,4.88,--,106,51728,卖盘
106,14:50:03,4.88,--,6,2928,卖盘
107,14:49:57,4.88,--,122,59536,买盘
108,14:49:54,4.88,--,50,24400,买盘
109,14:49:51,4.88,--,500,244000,买盘
110,14:49:48,4.88,--,135,65880,买盘
111,14:49:45,4.88,0.01,40,19520,买盘
112,14:49:36,4.87,--,229,111523,买盘
113,14:49:33,4.87,0.01,48,23376,买盘
114,14:49:30,4.86,-0.01,10,4860,卖盘
115,14:49:27,4.87,0.01,130,63310,买盘
116,14:49:24,4.86,--,145,70470,卖盘
117,14:49:18,4.86,--,83,40338,卖盘
118,14:49:15,4.86,--,30,14580,卖盘
119,14:49:12,4.86,0.01,39,19318,买盘
120,14:49:09,4.85,--,28,13579,卖盘
121,14:49:06,4.85,--,234,113489,卖盘
122,14:49:03,4.85,-0.01,75,36375,卖盘
123,14:49:00,4.86,0.01,111,53946,买盘
124,14:48:57,4.85,-0.01,31,15034,卖盘
125,14:48:54,4.86,0.01,179,86994,买盘
126,14:48:51,4.85,--,33,16126,卖盘
127,14:48:48,4.85,--,28,13943,买盘
128,14:48:45,4.85,--,436,211459,卖盘
129,14:48:42,4.85,-0.01,101,48985,卖盘
130,14:48:39,4.86,0.01,95,46170,买盘
131,14:48:36,4.85,-0.01,65,31524,卖盘
132,14:48:33,4.86,0.01,115,55890,买盘
133,14:48:30,4.85,-0.01,411,199334,卖盘
134,14:48:27,4.86,--,85,41310,买盘
135,14:48:24,4.86,--,109,52974,卖盘
136,14:48:21,4.86,--,4,1944,卖盘
137,14:48:18,4.86,--,32,15552,买盘
138,14:48:15,4.86,-0.01,56,27216,卖盘
139,14:48:12,4.87,0.01,195,94965,买盘
140,14:48:09,4.86,-0.01,30,14580,卖盘
141,14:48:06,4.87,--,10,4870,买盘
142,14:48:03,4.87,-0.01,243,118341,卖盘
143,14:48:00,4.88,--,31,15128,买盘
144,14:47:54,4.88,--,1332,650016,卖盘
145,14:47:51,4.88,--,1778,867664,卖盘
146,14:47:45,4.88,-0.01,427,208376,卖盘
147,14:47:36,4.89,--,3,1467,买盘
148,14:47:33,4.89,--,10,4890,买盘
149,14:47:30,4.89,--,1514,740346,卖盘
150,14:47:27,4.89,--,217,106113,卖盘
151,14:47:24,4.89,--,67,32762,卖盘
152,14:47:21,4.89,--,223,109047,卖盘
153,14:47:18,4.89,--,74,36186,卖盘
154,14:47:15,4.89,--,596,291444,卖盘
155,14:47:12,4.89,--,415,202935,卖盘
156,14:47:09,4.89,-0.01,243,118826,卖盘
157,14:47:06,4.9,0.01,2100,1029000,买盘
158,14:47:03,4.89,--,51,24939,卖盘
159,14:47:00,4.89,--,205,100245,卖盘
160,14:46:54,4.89,--,46,22494,卖盘
161,14:46:51,4.89,--,40,19560,卖盘
162,14:46:48,4.89,--,55,26895,卖盘
163,14:46:45,4.89,--,384,187776,卖盘
164,14:46:42,4.89,--,40,19560,卖盘
165,14:46:33,4.89,--,523,255746,卖盘
166,14:46:30,4.89,-0.01,9,4401,卖盘
167,14:46:27,4.9,--,525,257250,买盘
168,14:46:24,4.9,--,150,73500,买盘
169,14:46:21,4.9,0.01,31,15190,买盘
170,14:46:18,4.89,--,70,34230,卖盘
171,14:46:15,4.89,--,200,97800,卖盘
172,14:46:12,4.89,--,143,69927,卖盘
173,14:46:09,4.89,-0.01,130,63569,卖盘
174,14:46:03,4.9,--,44,21560,买盘
175,14:46:00,4.9,--,83,40670,买盘
176,14:45:57,4.9,--,1,490,买盘
177,14:45:54,4.9,--,5,2450,买盘
178,14:45:48,4.9,-0.01,1304,638960,卖盘
179,14:45:39,4.91,--,105,51555,买盘
180,14:45:33,4.91,--,5,2455,买盘
181,14:45:30,4.91,--,5,2455,买盘
182,14:45:27,4.91,--,22,10802,买盘
183,14:45:24,4.91,--,197,96727,卖盘
184,14:45:21,4.91,-0.01,35,17185,卖盘
185,14:45:18,4.92,0.01,320,157440,买盘
186,14:45:12,4.91,--,20,9820,卖盘
187,14:45:00,4.91,--,30,14730,卖盘
188,14:44:54,4.91,--,40,19640,卖盘
189,14:44:48,4.91,--,30,14730,卖盘
190,14:44:45,4.91,--,34,16694,卖盘
191,14:44:39,4.91,--,5,2455,卖盘
192,14:44:30,4.91,--,17,8347,卖盘
193,14:44:12,4.91,-0.01,3,1473,卖盘
194,14:43:57,4.92,--,117,57564,卖盘
195,14:43:54,4.92,--,31,15252,卖盘
196,14:43:51,4.92,--,352,173184,买盘
197,14:43:45,4.92,0.01,200,98400,买盘
198,14:43:42,4.91,--,360,176760,卖盘
199,14:43:36,4.91,--,139,68249,卖盘
200,14:43:30,4.91,--,100,49100,卖盘
201,14:43:27,4.91,--,40,19640,卖盘
202,14:43:21,4.91,--,5,2455,卖盘
203,14:43:18,4.91,--,200,98200,卖盘
204,14:43:12,4.91,--,1,491,卖盘
205,14:43:09,4.91,0.01,838,411458,买盘
206,14:43:03,4.9,-0.01,292,143080,卖盘
207,14:42:57,4.91,0.01,200,98200,买盘
208,14:42:51,4.9,-0.01,156,76440,卖盘
209,14:42:48,4.91,0.01,16,7856,买盘
210,14:42:42,4.9,--,76,37240,卖盘
211,14:42:36,4.9,--,35,17150,卖盘
212,14:42:30,4.9,--,5,2450,卖盘
213,14:42:21,4.9,-0.01,3,1470,卖盘
214,14:42:12,4.91,--,109,53519,买盘
215,14:42:06,4.91,--,369,181179,卖盘
216,14:42:03,4.91,--,5,2455,卖盘
217,14:42:00,4.91,-0.01,4,1964,卖盘
218,14:41:54,4.92,0.01,54,26568,买盘
219,14:41:51,4.91,--,14,6874,卖盘
220,14:41:42,4.91,--,100,49100,卖盘
221,14:41:36,4.91,--,30,14730,卖盘
222,14:41:33,4.91,--,80,39280,卖盘
223,14:41:30,4.91,--,118,57938,买盘
224,14:41:27,4.91,--,23,11293,买盘
225,14:41:24,4.91,0.01,10,4910,买盘
226,14:41:21,4.9,-0.01,250,122500,卖盘
227,14:41:18,4.91,--,37,18167,买盘
228,14:41:15,4.91,--,65,31915,买盘
229,14:41:09,4.91,0.01,15,7365,买盘
230,14:41:06,4.9,--,86,42140,卖盘
231,14:41:03,4.9,-0.01,81,39690,卖盘
232,14:41:00,4.91,0.01,28,13748,买盘
233,14:40:54,4.9,-0.01,212,103880,卖盘
234,14:40:51,4.91,--,327,160557,买盘
235,14:40:48,4.91,0.01,42,20622,买盘
236,14:40:45,4.9,--,2,980,卖盘
237,14:40:42,4.9,--,15,7350,卖盘
238,14:40:36,4.9,--,291,142590,卖盘
239,14:40:33,4.9,-0.01,86,42140,卖盘
240,14:40:30,4.91,0.01,5,2455,买盘
241,14:40:27,4.9,--,44,21560,卖盘
242,14:40:24,4.9,--,203,99470,卖盘
243,14:40:18,4.9,--,89,43610,卖盘
244,14:40:15,4.9,--,71,34790,卖盘
245,14:40:09,4.9,-0.01,350,171500,卖盘
246,14:40:06,4.91,--,4,1964,买盘
247,14:40:03,4.91,--,201,98691,买盘
248,14:39:57,4.91,0.01,66,32406,买盘
249,14:39:51,4.9,--,224,109760,卖盘
250,14:39:48,4.9,-0.01,468,229320,卖盘
251,14:39:45,4.91,--,44,21604,买盘
252,14:39:42,4.91,--,53,26023,买盘
253,14:39:39,4.91,--,232,113912,卖盘
254,14:39:36,4.91,--,84,41244,卖盘
255,14:39:33,4.91,--,80,39280,卖盘
256,14:39:30,4.91,--,13,6383,卖盘
257,14:39:18,4.91,-0.01,10,4910,卖盘
258,14:39:09,4.92,0.01,1,492,买盘
259,14:39:06,4.91,--,20,9820,卖盘
260,14:39:00,4.91,--,29,14239,卖盘
261,14:38:54,4.91,-0.01,400,196400,卖盘
262,14:38:51,4.92,0.01,110,54120,买盘
263,14:38:36,4.91,--,12,5892,卖盘
264,14:38:33,4.91,--,216,106056,卖盘
265,14:38:30,4.91,--,100,49100,卖盘
266,14:38:27,4.91,--,70,34370,卖盘
267,14:38:24,4.91,--,1,491,卖盘
268,14:38:21,4.91,--,10,4910,卖盘
269,14:38:18,4.91,-0.01,2,982,卖盘
270,14:38:15,4.92,0.01,45,22140,买盘
271,14:38:12,4.91,--,160,78560,卖盘
272,14:38:09,4.91,--,17,8347,卖盘
273,14:38:03,4.91,--,53,26023,卖盘
274,14:38:00,4.91,-0.01,13,6383,卖盘
275,14:37:57,4.92,0.01,20,9840,买盘
276,14:37:54,4.91,-0.01,222,109002,卖盘
277,14:37:51,4.92,--,478,235176,卖盘
278,14:37:48,4.92,-0.01,80,39360,卖盘
279,14:37:45,4.93,0.01,9,4437,买盘
280,14:37:42,4.92,--,60,29520,卖盘
281,14:37:39,4.92,--,60,29520,卖盘
282,14:37:36,4.92,--,185,91020,卖盘
283,14:37:33,4.92,-0.01,78,38376,卖盘
284,14:37:30,4.93,--,57,28101,买盘
285,14:37:21,4.93,--,1,493,买盘
286,14:37:18,4.93,--,229,112897,卖盘
287,14:37:15,4.93,--,56,27608,卖盘
288,14:37:03,4.93,-0.01,20,9860,卖盘
289,14:36:57,4.94,--,14,6916,买盘
290,14:36:48,4.94,--,123,60762,买盘
291,14:36:45,4.94,--,10,4940,买盘
292,14:36:42,4.94,--,82,40508,买盘
293,14:36:39,4.94,--,49,24206,卖盘
294,14:36:33,4.94,-0.01,29,14326,卖盘
295,14:36:18,4.95,--,2,990,买盘
296,14:36:09,4.95,0.01,10,4950,买盘
297,14:36:06,4.94,--,185,91390,卖盘
298,14:36:03,4.94,--,24,11856,卖盘
299,14:35:54,4.94,-0.01,1,494,卖盘
300,14:35:33,4.95,--,7,3465,买盘
301,14:35:30,4.95,--,2,990,买盘
302,14:35:27,4.95,--,5,2475,买盘
303,14:35:24,4.95,--,33,16335,买盘
304,14:34:57,4.95,--,2,990,买盘
305,14:34:42,4.95,--,290,143550,卖盘
306,14:34:36,4.95,--,38,18810,卖盘
307,14:34:33,4.95,-0.01,1,495,卖盘
308,14:34:27,4.96,0.01,50,24800,买盘
309,14:34:18,4.95,--,14,6930,卖盘
310,14:34:15,4.95,--,59,29205,卖盘
311,14:34:00,4.95,-0.01,3,1485,卖盘
312,14:33:51,4.96,0.01,5,2480,买盘
313,14:33:45,4.95,-0.01,1,495,卖盘
314,14:33:36,4.96,0.01,2,992,买盘
315,14:33:33,4.95,-0.01,29,14355,卖盘
316,14:33:24,4.96,0.01,10,4960,买盘
317,14:33:15,4.95,-0.01,14,6930,卖盘
318,14:32:51,4.96,0.01,35,17360,买盘
319,14:32:42,4.95,--,199,98505,买盘
320,14:32:39,4.95,--,6,2970,买盘
321,14:32:36,4.95,--,191,94545,买盘
322,14:32:33,4.95,--,100,49500,买盘
323,14:32:30,4.95,--,50,24750,买盘
324,14:32:27,4.95,--,12,5940,买盘
325,14:32:24,4.95,--,4,1980,买盘
326,14:32:15,4.95,--,37,18315,买盘
327,14:32:00,4.95,--,1,495,买盘
328,14:31:51,4.95,--,5,2475,买盘
329,14:31:48,4.95,--,5,2475,买盘
330,14:31:39,4.95,0.01,100,49500,买盘
331,14:31:36,4.94,-0.01,75,37050,卖盘
332,14:31:24,4.95,--,3,1485,买盘
333,14:31:18,4.95,--,11,5445,买盘
334,14:31:15,4.95,0.01,1,495,买盘
335,14:31:12,4.94,-0.01,1,494,卖盘
336,14:31:03,4.95,0.01,10,4950,买盘
337,14:31:00,4.94,-0.01,12,5928,卖盘
338,14:30:57,4.95,--,320,158400,买盘
339,14:30:48,4.95,--,22,10890,买盘
340,14:30:30,4.95,0.01,6,2970,买盘
341,14:30:21,4.94,--,37,18278,卖盘
342,14:30:15,4.94,--,6,2964,买盘
343,14:30:06,4.94,--,6,2964,卖盘
344,14:30:00,4.94,0.01,24,11856,中性盘
345,14:29:51,4.93,0.01,1,493,卖盘
346,14:29:42,4.92,-0.02,155,76629,卖盘
347,14:29:36,4.94,0.02,45,22230,买盘
348,14:29:30,4.92,-0.02,5,2460,卖盘
349,14:29:27,4.94,0.02,7,3458,买盘
350,14:29:24,4.92,-0.02,31,15252,卖盘
351,14:29:00,4.94,--,26,12844,中性盘
352,14:28:57,4.94,--,15,7410,卖盘
353,14:28:51,4.94,0.02,6,2964,中性盘
354,14:28:33,4.92,--,445,218940,卖盘
355,14:28:15,4.92,--,10,4920,卖盘
356,14:28:09,4.92,-0.02,30,14760,卖盘
357,14:28:00,4.94,0.01,40,19760,买盘
358,14:27:54,4.93,--,535,263755,卖盘
359,14:27:51,4.93,--,1,493,卖盘
360,14:27:45,4.93,--,1,493,买盘
361,14:27:42,4.93,0.01,2,986,买盘
362,14:27:39,4.92,-0.01,50,24600,卖盘
363,14:27:36,4.93,0.01,10,4930,买盘
364,14:27:33,4.92,-0.02,25,12300,卖盘
365,14:27:27,4.94,0.01,80,39520,买盘
366,14:27:18,4.93,-0.01,544,268315,卖盘
367,14:27:09,4.94,--,44,21736,买盘
368,14:27:06,4.94,-0.01,999,493506,卖盘
369,14:26:57,4.95,--,3,1485,买盘
370,14:26:48,4.95,--,34,16830,买盘
371,14:26:45,4.95,--,15,7425,买盘
372,14:26:27,4.95,--,5,2475,买盘
373,14:26:24,4.95,0.01,2,990,买盘
374,14:26:21,4.94,--,30,14820,卖盘
375,14:26:18,4.94,--,10,4940,卖盘
376,14:26:12,4.94,--,42,20748,卖盘
377,14:26:06,4.94,--,15,7410,卖盘
378,14:26:00,4.94,-0.01,27,13338,卖盘
379,14:25:54,4.95,0.01,23,11385,买盘
380,14:25:36,4.94,--,130,64220,卖盘
381,14:25:06,4.94,-0.01,14,6916,卖盘
382,14:25:03,4.95,--,30,14850,买盘
383,14:24:51,4.95,--,5,2475,卖盘
384,14:24:48,4.95,--,50,24750,卖盘
385,14:24:42,4.95,--,20,9900,卖盘
386,14:24:39,4.95,--,52,25740,卖盘
387,14:24:24,4.95,--,11,5445,卖盘
388,14:24:09,4.95,--,2,990,卖盘
389,14:24:06,4.95,--,300,148500,卖盘
390,14:23:54,4.95,-0.01,5,2475,卖盘
391,14:23:45,4.96,--,3,1488,买盘
392,14:23:30,4.96,--,4,1984,买盘
393,14:23:27,4.96,--,25,12400,买盘
394,14:23:15,4.96,--,22,10912,买盘
395,14:23:06,4.96,0.01,10,4960,买盘
396,14:23:03,4.95,-0.01,9,4455,卖盘
397,14:23:00,4.96,0.01,1,496,买盘
398,14:22:21,4.95,--,12,5940,买盘
399,14:22:18,4.95,--,10,4950,买盘
400,14:22:15,4.95,--,8,3960,买盘
401,14:22:12,4.95,--,1,495,买盘
402,14:22:09,4.95,--,5,2475,买盘
403,14:22:06,4.95,0.01,74,36630,买盘
404,14:21:57,4.94,-0.01,1,494,卖盘
405,14:21:45,4.95,0.01,3,1485,中性盘
406,14:21:39,4.94,-0.01,17,8398,卖盘
407,14:21:36,4.95,--,14,6930,买盘
408,14:21:33,4.95,--,2,990,买盘
409,14:21:30,4.95,--,46,22770,卖盘
410,14:21:21,4.95,--,15,7425,卖盘
411,14:21:15,4.95,--,50,24750,卖盘
412,14:21:12,4.95,--,299,148005,卖盘
413,14:21:09,4.95,-0.01,42,20790,卖盘
414,14:20:48,4.96,0.01,31,15376,买盘
415,14:20:45,4.95,-0.01,5,2475,卖盘
416,14:20:42,4.96,0.01,3,1488,买盘
417,14:20:39,4.95,-0.01,18,8910,卖盘
418,14:20:24,4.96,0.01,139,68944,买盘
419,14:20:21,4.95,--,7,3465,卖盘
420,14:20:15,4.95,--,1,495,卖盘
421,14:19:57,4.95,--,189,93555,卖盘
422,14:19:51,4.95,--,20,9900,卖盘
423,14:19:36,4.95,-0.01,100,49500,卖盘
424,14:19:30,4.96,--,5,2480,买盘
425,14:19:27,4.96,--,66,32736,买盘
426,14:19:24,4.96,--,5,2480,买盘
427,14:19:18,4.96,0.01,222,110112,买盘
428,14:19:06,4.95,-0.01,64,31680,卖盘
429,14:19:00,4.96,--,20,9920,买盘
430,14:18:54,4.96,--,6,2976,买盘
431,14:18:48,4.96,--,41,20336,买盘
432,14:18:42,4.96,--,200,99200,买盘
433,14:18:33,4.96,0.01,12,5952,买盘
434,14:18:30,4.95,-0.01,78,38610,卖盘
435,14:18:24,4.96,--,1,496,买盘
436,14:18:21,4.96,0.01,1,496,买盘
437,14:18:12,4.95,--,7,3465,卖盘
438,14:18:06,4.95,--,1,495,卖盘
439,14:17:54,4.95,-0.01,10,4950,卖盘
440,14:17:51,4.96,--,40,19840,卖盘
441,14:17:45,4.96,--,23,11408,买盘
442,14:17:39,4.96,--,79,39184,买盘
443,14:17:36,4.96,--,200,99200,买盘
444,14:17:33,4.96,--,133,65968,卖盘
445,14:17:30,4.96,--,2,992,卖盘
446,14:17:24,4.96,--,18,8928,卖盘
447,14:17:18,4.96,--,147,72912,买盘
448,14:17:15,4.96,--,20,9920,买盘
449,14:17:12,4.96,--,30,14880,买盘
450,14:16:57,4.96,--,2,992,买盘
451,14:16:51,4.96,--,42,20832,买盘
452,14:16:39,4.96,--,10,4960,买盘
453,14:16:30,4.96,--,17,8432,买盘
454,14:16:18,4.96,--,50,24800,买盘
455,14:16:15,4.96,--,196,97216,卖盘
456,14:16:06,4.96,-0.01,1,496,卖盘
457,14:16:00,4.97,--,5,2485,买盘
458,14:15:57,4.97,--,12,5964,买盘
459,14:15:54,4.97,--,10,4970,买盘
460,14:15:51,4.97,--,6,2982,买盘
461,14:15:45,4.97,--,35,17395,买盘
462,14:15:39,4.97,--,32,15904,买盘
463,14:15:30,4.97,0.01,6,2982,买盘
464,14:15:18,4.96,--,117,58032,买盘
465,14:15:15,4.96,--,305,151280,买盘
466,14:15:12,4.96,--,1,496,买盘
467,14:15:06,4.96,--,10,4960,买盘
468,14:15:03,4.96,--,303,150288,买盘
469,14:15:00,4.96,--,2,992,买盘
470,14:14:57,4.96,--,80,39680,买盘
471,14:14:54,4.96,--,63,31248,买盘
472,14:14:48,4.96,--,60,29760,买盘
473,14:14:45,4.96,0.01,30,14880,买盘
474,14:14:39,4.95,--,140,69300,卖盘
475,14:14:36,4.95,--,808,400445,买盘
476,14:14:33,4.95,--,23,11385,买盘
477,14:14:27,4.95,--,1,495,买盘
478,14:14:18,4.95,0.01,289,143055,买盘
479,14:14:15,4.94,--,68,33592,买盘
480,14:14:12,4.94,--,10,4940,买盘
481,14:14:09,4.94,0.01,350,172900,买盘
482,14:14:06,4.93,--,20,9860,卖盘
483,14:14:03,4.93,-0.01,1,493,卖盘
484,14:14:00,4.94,0.01,45,22230,买盘
485,14:13:57,4.93,-0.01,11,5423,卖盘
486,14:13:54,4.94,--,40,19760,买盘
487,14:13:51,4.94,--,3,1482,买盘
488,14:13:45,4.94,--,9,4446,买盘
489,14:13:42,4.94,--,20,9880,买盘
490,14:13:39,4.94,0.01,7,3458,买盘
491,14:13:27,4.93,-0.01,10,4930,卖盘
492,14:13:24,4.94,--,50,24700,买盘
493,14:13:21,4.94,--,10,4940,买盘
494,14:13:18,4.94,--,5,2470,买盘
495,14:13:09,4.94,-0.01,12,5928,卖盘
496,14:13:03,4.95,0.02,10,4950,买盘
497,14:12:57,4.93,-0.01,51,25512,卖盘
498,14:12:42,4.94,0.01,18,8892,买盘
499,14:12:39,4.93,-0.01,5,2465,卖盘
500,14:12:36,4.94,--,2,988,买盘
501,14:12:21,4.94,--,50,24700,买盘
502,14:12:18,4.94,--,1,494,买盘
503,14:12:15,4.94,--,25,12350,买盘
504,14:12:12,4.94,0.01,5,2470,买盘
505,14:12:06,4.93,--,263,129658,卖盘
506,14:11:57,4.93,-0.01,1,493,卖盘
507,14:11:54,4.94,--,2,988,买盘
508,14:11:39,4.94,--,15,7410,卖盘
509,14:11:36,4.94,--,4,1976,卖盘
510,14:11:30,4.94,--,30,14820,卖盘
511,14:11:15,4.94,-0.01,21,10374,卖盘
512,14:11:09,4.95,--,5,2475,买盘
513,14:10:54,4.95,--,104,51489,卖盘
514,14:10:51,4.95,--,34,16830,卖盘
515,14:10:45,4.95,--,5,2475,卖盘
516,14:10:42,4.95,--,122,60390,卖盘
517,14:10:39,4.95,--,11,5445,卖盘
518,14:10:33,4.95,-0.01,500,247500,卖盘
519,14:10:24,4.96,0.01,5,2480,买盘
520,14:10:21,4.95,-0.01,29,14355,卖盘
521,14:10:09,4.96,--,12,5952,买盘
522,14:10:03,4.96,--,32,15872,买盘
523,14:10:00,4.96,--,50,24800,买盘
524,14:09:57,4.96,0.01,3,1488,买盘
525,14:09:42,4.95,--,2,990,卖盘
526,14:09:39,4.95,-0.01,10,4950,卖盘
527,14:09:36,4.96,--,10,4960,买盘
528,14:09:33,4.96,0.01,30,14880,买盘
529,14:09:24,4.95,0.01,385,191060,买盘
530,14:09:12,4.94,0.01,200,98800,买盘
531,14:08:54,4.93,--,2,986,卖盘
532,14:08:45,4.93,--,32,15776,卖盘
533,14:08:42,4.93,--,7,3451,卖盘
534,14:08:24,4.93,--,10,4930,卖盘
535,14:08:21,4.93,--,12,5916,卖盘
536,14:08:15,4.93,0.01,5,2465,中性盘
537,14:07:51,4.92,--,91,44772,卖盘
538,14:07:45,4.92,--,25,12300,买盘
539,14:07:42,4.92,0.01,73,35916,买盘
540,14:07:39,4.91,-0.01,74,36334,卖盘
541,14:07:36,4.92,--,1,492,买盘
542,14:07:33,4.92,--,10,4920,买盘
543,14:07:30,4.92,--,5,2460,买盘
544,14:07:27,4.92,--,10,4920,买盘
545,14:07:24,4.92,-0.02,2,984,中性盘
546,14:07:15,4.94,0.03,1773,875862,买盘
547,14:07:09,4.91,--,49,24059,卖盘
548,14:07:06,4.91,-0.01,8,3928,卖盘
549,14:07:00,4.92,--,26,12792,买盘
550,14:06:57,4.92,0.01,104,51168,买盘
551,14:06:54,4.91,-0.01,2,982,卖盘
552,14:06:45,4.92,0.01,43,21156,买盘
553,14:06:33,4.91,-0.01,10,4910,卖盘
554,14:06:30,4.92,0.01,11,5412,买盘
555,14:06:24,4.91,--,10,4910,卖盘
556,14:06:21,4.91,--,8,3928,卖盘
557,14:06:18,4.91,--,102,50082,买盘
558,14:06:15,4.91,0.01,38,18658,买盘
559,14:06:12,4.9,-0.01,82,40180,卖盘
560,14:06:09,4.91,--,31,15221,买盘
561,14:06:06,4.91,--,49,24059,买盘
562,14:06:03,4.91,--,42,20622,买盘
563,14:06:00,4.91,--,20,9820,买盘
564,14:05:57,4.91,--,34,16694,买盘
565,14:05:54,4.91,0.01,412,202292,买盘
566,14:05:51,4.9,-0.01,97,47530,卖盘
567,14:05:48,4.91,--,100,49100,买盘
568,14:05:45,4.91,--,14,6874,买盘
569,14:05:39,4.91,--,5,2455,买盘
570,14:05:36,4.91,0.01,10,4910,买盘
571,14:05:30,4.9,--,133,65170,卖盘
572,14:05:24,4.9,--,101,49490,卖盘
573,14:05:15,4.9,-0.01,80,39200,卖盘
574,14:05:12,4.91,--,50,24550,买盘
575,14:05:09,4.91,0.01,19,9329,买盘
576,14:05:06,4.9,-0.01,10,4900,卖盘
577,14:05:03,4.91,--,59,28969,卖盘
578,14:04:57,4.91,--,8,3928,买盘
579,14:04:51,4.91,--,632,310312,卖盘
580,14:04:36,4.91,--,58,28478,卖盘
581,14:04:30,4.91,--,10,4910,卖盘
582,14:04:27,4.91,--,10,4910,卖盘
583,14:04:24,4.91,--,49,24059,卖盘
584,14:04:15,4.91,0.01,295,144845,买盘
585,14:04:12,4.9,-0.01,60,29400,卖盘
586,14:04:06,4.91,--,90,44190,买盘
587,14:04:03,4.91,--,14,6874,买盘
588,14:04:00,4.91,--,19,9329,买盘
589,14:03:54,4.91,--,969,476265,卖盘
590,14:03:51,4.91,--,10,4910,卖盘
591,14:03:48,4.91,--,190,93290,卖盘
592,14:03:45,4.91,--,302,148282,卖盘
593,14:03:36,4.91,--,5,2455,卖盘
594,14:03:33,4.91,-0.01,3,1473,卖盘
595,14:03:27,4.92,0.01,5,2460,买盘
596,14:03:15,4.91,-0.01,108,53028,卖盘
597,14:03:12,4.92,--,25,12300,买盘
598,14:03:06,4.92,--,1,492,买盘
599,14:03:03,4.92,0.01,133,65436,买盘
600,14:02:57,4.91,--,5,2455,卖盘
601,14:02:42,4.91,--,3,1473,卖盘
602,14:02:39,4.91,-0.01,119,58429,卖盘
603,14:02:33,4.92,0.01,37,18204,买盘
604,14:02:30,4.91,-0.01,117,57447,卖盘
605,14:02:27,4.92,-0.01,153,75276,买盘
606,14:02:24,4.93,--,5,2465,买盘
607,14:02:21,4.93,--,10,4930,买盘
608,14:02:15,4.93,0.02,17,8381,买盘
609,14:02:09,4.91,-0.01,3000,1473000,卖盘
610,14:02:06,4.92,-0.01,24,11808,卖盘
611,14:02:03,4.93,0.01,1,493,买盘
612,14:02:00,4.92,-0.01,13,6396,卖盘
613,14:01:57,4.93,0.01,7,3451,买盘
614,14:01:54,4.92,--,41,20172,卖盘
615,14:01:48,4.92,--,9,4428,卖盘
616,14:01:45,4.92,--,2,984,卖盘
617,14:01:42,4.92,--,21,10332,卖盘
618,14:01:33,4.92,0.01,345,169740,买盘
619,14:01:30,4.91,--,13,6383,卖盘
620,14:01:27,4.91,-0.01,10,4910,卖盘
621,14:01:24,4.92,0.01,10,4920,买盘
622,14:01:21,4.91,-0.01,7,3437,卖盘
623,14:01:12,4.92,0.01,50,24600,买盘
624,14:01:06,4.91,--,30,14730,卖盘
625,14:00:57,4.91,-0.01,20,9820,卖盘
626,14:00:48,4.92,--,2,984,买盘
627,14:00:45,4.92,--,457,224844,卖盘
628,14:00:42,4.92,--,510,250920,卖盘
629,14:00:27,4.92,-0.01,242,119064,卖盘
630,14:00:18,4.93,0.01,20,9860,买盘
631,14:00:09,4.92,-0.01,255,125460,卖盘
632,14:00:00,4.93,--,10,4930,买盘
633,13:59:36,4.93,-0.01,483,238119,卖盘
634,13:59:24,4.94,--,20,9880,买盘
635,13:59:21,4.94,--,5,2470,买盘
636,13:59:15,4.94,0.01,4,1976,买盘
637,13:59:09,4.93,--,15,7395,卖盘
638,13:59:00,4.93,--,10,4930,卖盘
639,13:58:57,4.93,--,30,14790,卖盘
640,13:58:51,4.93,--,18,8874,卖盘
641,13:58:45,4.93,--,9,4437,卖盘
642,13:58:30,4.93,--,85,41905,卖盘
643,13:58:18,4.93,--,271,133603,买盘
644,13:58:15,4.93,--,20,9860,买盘
645,13:58:12,4.93,--,14,6902,买盘
646,13:58:06,4.93,0.01,5,2465,买盘
647,13:58:00,4.92,-0.01,23,11316,卖盘
648,13:57:57,4.93,--,10,4930,买盘
649,13:57:54,4.93,--,50,24650,买盘
650,13:57:42,4.93,--,15,7395,买盘
651,13:57:36,4.93,--,5,2465,买盘
652,13:57:33,4.93,--,14,6902,卖盘
653,13:57:21,4.93,--,16,7888,卖盘
654,13:57:15,4.93,0.01,12,5916,买盘
655,13:57:12,4.92,--,18,8856,卖盘
656,13:56:57,4.92,-0.01,43,21156,卖盘
657,13:56:54,4.93,--,20,9860,买盘
658,13:56:48,4.93,--,11,5423,买盘
659,13:56:45,4.93,--,50,24650,买盘
660,13:56:42,4.93,--,20,9860,买盘
661,13:56:39,4.93,--,7,3451,买盘
662,13:56:36,4.93,--,1,493,买盘
663,13:56:27,4.93,--,2,986,买盘
664,13:56:24,4.93,--,340,167624,卖盘
665,13:56:15,4.93,--,107,52751,卖盘
666,13:56:03,4.93,-0.01,251,124231,卖盘
667,13:55:57,4.94,0.01,125,61750,买盘
668,13:55:51,4.93,-0.01,200,98600,卖盘
669,13:55:27,4.94,0.01,20,9880,买盘
670,13:55:15,4.93,--,10,4930,卖盘
671,13:55:00,4.93,-0.01,6,2958,卖盘
672,13:54:57,4.94,--,4,1976,买盘
673,13:54:42,4.94,--,545,269230,卖盘
674,13:54:39,4.94,-0.01,6,2964,卖盘
675,13:54:30,4.95,--,52,25740,买盘
676,13:54:24,4.95,--,5,2475,买盘
677,13:54:03,4.95,--,200,99000,买盘
678,13:53:57,4.95,--,10,4950,买盘
679,13:53:54,4.95,0.01,10,4950,买盘
680,13:53:45,4.94,--,1,494,卖盘
681,13:53:39,4.94,--,688,339872,卖盘
682,13:53:36,4.94,--,37,18278,卖盘
683,13:53:30,4.94,--,4,1976,卖盘
684,13:53:09,4.94,--,1,494,卖盘
685,13:53:06,4.94,-0.01,30,14820,中性盘
686,13:52:42,4.95,--,500,247500,买盘
687,13:52:33,4.95,--,1,495,买盘
688,13:52:27,4.95,0.01,815,403425,买盘
689,13:52:24,4.94,--,756,373473,卖盘
690,13:52:21,4.94,--,10,4940,卖盘
691,13:52:18,4.94,-0.01,18,8892,卖盘
692,13:52:15,4.95,0.01,3,1485,买盘
693,13:52:09,4.94,-0.01,1,494,卖盘
694,13:52:06,4.95,--,2,990,买盘
695,13:51:57,4.95,--,20,9900,买盘
696,13:51:54,4.95,--,520,257400,买盘
697,13:51:48,4.95,0.01,9,4455,买盘
698,13:51:42,4.94,-0.01,94,46436,卖盘
699,13:51:36,4.95,--,83,41085,买盘
700,13:51:33,4.95,--,7,3465,买盘
701,13:51:30,4.95,-0.01,105,51975,卖盘
702,13:51:27,4.96,0.01,19,9424,买盘
703,13:51:24,4.95,--,150,74250,卖盘
704,13:51:18,4.95,--,6,2970,卖盘
705,13:51:12,4.95,--,73,36135,卖盘
706,13:50:51,4.95,--,42,20790,卖盘
707,13:50:48,4.95,--,60,29700,卖盘
708,13:50:45,4.95,--,28,13860,卖盘
709,13:50:39,4.95,--,4,1980,卖盘
710,13:50:27,4.95,--,2,990,卖盘
711,13:50:21,4.95,-0.01,400,198000,卖盘
712,13:50:15,4.96,--,31,15376,买盘
713,13:50:09,4.96,--,40,19840,买盘
714,13:49:54,4.96,0.01,10,4960,买盘
715,13:49:33,4.95,--,34,16830,卖盘
716,13:49:30,4.95,0.01,580,287109,买盘
717,13:49:27,4.94,-0.01,20,9880,卖盘
718,13:49:24,4.95,--,390,193050,买盘
719,13:49:21,4.95,--,20,9900,买盘
720,13:49:18,4.95,--,122,60390,买盘
721,13:49:06,4.95,--,10,4950,买盘
722,13:48:57,4.95,--,186,92070,买盘
723,13:48:54,4.95,--,204,100980,买盘
724,13:48:51,4.95,--,5,2475,买盘
725,13:48:36,4.95,--,40,19800,买盘
726,13:48:24,4.95,--,218,107910,卖盘
727,13:48:21,4.95,--,221,109395,卖盘
728,13:48:15,4.95,--,2,990,卖盘
729,13:47:54,4.95,--,119,58905,卖盘
730,13:47:42,4.95,--,15,7425,卖盘
731,13:47:36,4.95,--,87,43065,卖盘
732,13:47:09,4.95,--,5,2475,卖盘
733,13:47:06,4.95,--,2,990,卖盘
734,13:46:54,4.95,--,454,224730,买盘
735,13:46:42,4.95,--,20,9900,买盘
736,13:46:39,4.95,--,2,990,买盘
737,13:46:24,4.95,--,5,2475,买盘
738,13:46:18,4.95,0.01,12,5940,买盘
739,13:46:15,4.94,-0.01,4,1976,卖盘
740,13:46:12,4.95,--,10,4950,买盘
741,13:46:06,4.95,--,20,9900,买盘
742,13:46:00,4.95,--,1,495,买盘
743,13:45:57,4.95,--,10,4950,买盘
744,13:45:48,4.95,--,20,9900,买盘
745,13:45:45,4.95,--,48,23760,买盘
746,13:45:42,4.95,0.01,50,24750,买盘
747,13:45:39,4.94,-0.01,200,98800,卖盘
748,13:45:30,4.95,--,64,31680,买盘
749,13:45:21,4.95,--,217,107415,买盘
750,13:45:18,4.95,--,20,9900,买盘
751,13:45:15,4.95,--,2,990,买盘
752,13:45:03,4.95,--,20,9900,买盘
753,13:45:00,4.95,--,4,1980,买盘
754,13:44:54,4.95,--,13,6435,买盘
755,13:44:51,4.95,--,6,2970,买盘
756,13:44:48,4.95,--,1,495,买盘
757,13:44:45,4.95,--,32,15840,买盘
758,13:44:33,4.95,--,65,32175,卖盘
759,13:44:18,4.95,--,185,91575,买盘
760,13:44:15,4.95,--,50,24750,买盘
761,13:44:03,4.95,--,110,54450,买盘
762,13:43:48,4.95,0.01,20,9900,买盘
763,13:43:45,4.94,--,35,17290,卖盘
764,13:43:42,4.94,--,10,4940,卖盘
765,13:43:36,4.94,--,30,14820,卖盘
766,13:43:30,4.94,--,3,1482,卖盘
767,13:43:15,4.94,0.01,106,52848,买盘
768,13:43:12,4.93,-0.01,1000,493000,卖盘
769,13:43:03,4.94,--,500,247000,买盘
770,13:43:00,4.94,--,85,41990,买盘
771,13:42:48,4.94,-0.01,387,191187,卖盘
772,13:42:45,4.95,0.01,3,1485,买盘
773,13:42:21,4.94,--,3,1482,卖盘
774,13:42:15,4.94,--,21,10374,卖盘
775,13:42:03,4.94,-0.01,31,15314,卖盘
776,13:41:45,4.95,0.01,30,14850,买盘
777,13:41:42,4.94,--,8,3952,卖盘
778,13:41:36,4.94,-0.01,5,2470,卖盘
779,13:41:30,4.95,0.01,19,9405,买盘
780,13:41:27,4.94,-0.01,41,20254,卖盘
781,13:41:24,4.95,--,1,495,买盘
782,13:41:15,4.95,0.01,1,495,买盘
783,13:41:12,4.94,--,2,988,卖盘
784,13:41:03,4.94,--,12,5928,卖盘
785,13:41:00,4.94,-0.01,50,24700,卖盘
786,13:40:57,4.95,0.01,10,4950,买盘
787,13:40:54,4.94,-0.01,20,9880,卖盘
788,13:40:51,4.95,--,5,2475,买盘
789,13:40:48,4.95,--,1,495,买盘
790,13:40:45,4.95,--,7,3465,买盘
791,13:40:36,4.95,--,17,8415,买盘
792,13:40:27,4.95,0.01,38,18810,买盘
793,13:40:24,4.94,-0.01,155,76570,卖盘
794,13:40:15,4.95,--,1,495,买盘
795,13:40:09,4.95,--,2,990,买盘
796,13:39:57,4.95,0.01,5,2475,买盘
797,13:39:54,4.94,--,150,74100,卖盘
798,13:39:51,4.94,--,29,14326,卖盘
799,13:39:45,4.94,--,144,71136,卖盘
800,13:39:39,4.94,--,50,24700,卖盘
801,13:39:36,4.94,--,20,9880,卖盘
802,13:39:33,4.94,-0.01,10,4940,卖盘
803,13:39:30,4.95,0.01,17,8415,买盘
804,13:39:18,4.94,--,109,53846,卖盘
805,13:39:15,4.94,-0.01,12,5928,卖盘
806,13:38:54,4.95,--,3,1485,买盘
807,13:38:48,4.95,0.01,42,20790,买盘
808,13:38:36,4.94,--,11,5434,卖盘
809,13:38:21,4.94,-0.01,9,4446,卖盘
810,13:38:18,4.95,--,40,19800,买盘
811,13:38:12,4.95,0.01,5,2475,买盘
812,13:38:03,4.94,--,11,5434,卖盘
813,13:37:57,4.94,--,17,8398,卖盘
814,13:37:51,4.94,--,5,2470,卖盘
815,13:37:42,4.94,--,40,19760,卖盘
816,13:37:39,4.94,--,23,11362,卖盘
817,13:37:36,4.94,-0.01,256,126464,卖盘
818,13:37:30,4.95,0.01,35,17325,买盘
819,13:37:18,4.94,-0.01,250,123500,卖盘
820,13:37:09,4.95,0.01,3,1485,买盘
821,13:37:06,4.94,-0.01,20,9880,卖盘
822,13:36:57,4.95,0.01,7,3465,买盘
823,13:36:51,4.94,-0.01,1,494,卖盘
824,13:36:42,4.95,--,40,19800,买盘
825,13:36:36,4.95,0.01,8,3960,买盘
826,13:36:33,4.94,-0.01,73,36062,卖盘
827,13:36:30,4.95,--,2,990,买盘
828,13:36:24,4.95,--,34,16830,买盘
829,13:36:15,4.95,--,1,495,买盘
830,13:36:12,4.95,--,3,1485,买盘
831,13:36:06,4.95,0.01,6,2970,买盘
832,13:36:00,4.94,-0.01,35,17290,卖盘
833,13:35:51,4.95,--,37,18315,买盘
834,13:35:48,4.95,--,1,495,买盘
835,13:35:39,4.95,--,2,990,买盘
836,13:35:33,4.95,--,11,5445,买盘
837,13:35:27,4.95,--,14,6930,买盘
838,13:35:24,4.95,--,40,19800,买盘
839,13:35:21,4.95,--,1,495,买盘
840,13:35:12,4.95,-0.01,73,36135,卖盘
841,13:35:09,4.96,0.01,200,99200,买盘
842,13:34:51,4.95,--,6,2970,卖盘
843,13:34:45,4.95,--,11,5445,卖盘
844,13:34:27,4.95,--,11,5445,买盘
845,13:34:24,4.95,--,100,49500,买盘
846,13:34:21,4.95,0.01,70,34650,买盘
847,13:34:09,4.94,-0.01,1,494,卖盘
848,13:34:06,4.95,--,2,990,买盘
849,13:34:03,4.95,0.01,20,9900,买盘
850,13:34:00,4.94,--,36,17784,卖盘
851,13:33:54,4.94,--,7,3458,卖盘
852,13:33:48,4.94,-0.01,5,2470,卖盘
853,13:33:45,4.95,0.01,3,1485,买盘
854,13:33:42,4.94,--,11,5434,卖盘
855,13:33:21,4.94,-0.01,200,98800,卖盘
856,13:33:09,4.95,0.01,8,3960,买盘
857,13:33:03,4.94,-0.01,50,24700,卖盘
858,13:33:00,4.95,--,5,2475,买盘
859,13:32:51,4.95,--,31,15345,买盘
860,13:32:42,4.95,--,20,9900,买盘
861,13:32:33,4.95,--,2,990,买盘
862,13:32:30,4.95,--,1,495,买盘
863,13:32:18,4.95,--,116,57420,卖盘
864,13:32:03,4.95,--,5,2475,卖盘
865,13:32:00,4.95,--,5,2475,卖盘
866,13:31:57,4.95,0.01,52,25740,买盘
867,13:31:54,4.94,-0.01,10,4940,卖盘
868,13:31:51,4.95,--,6,2970,买盘
869,13:31:45,4.95,0.01,5,2475,买盘
870,13:31:42,4.94,--,20,9880,卖盘
871,13:31:12,4.94,-0.01,1,494,卖盘
872,13:31:09,4.95,--,20,9900,买盘
873,13:31:06,4.95,--,26,12870,买盘
874,13:31:03,4.95,--,1,495,买盘
875,13:30:57,4.95,--,1,495,买盘
876,13:30:45,4.95,--,3,1485,买盘
877,13:30:36,4.95,0.01,1,495,买盘
878,13:29:57,4.94,--,22,10868,卖盘
879,13:29:54,4.94,--,11,5434,卖盘
880,13:29:51,4.94,-0.01,80,39520,卖盘
881,13:29:45,4.95,0.01,40,19800,买盘
882,13:29:42,4.94,-0.01,5,2470,卖盘
883,13:29:36,4.95,--,12,5940,买盘
884,13:29:30,4.95,--,5,2475,买盘
885,13:29:24,4.95,--,2,990,买盘
886,13:29:21,4.95,--,31,15345,卖盘
887,13:29:18,4.95,--,50,24750,卖盘
888,13:29:15,4.95,-0.01,35,17325,卖盘
889,13:29:12,4.96,0.01,59,29264,买盘
890,13:29:09,4.95,-0.01,489,242055,卖盘
891,13:29:03,4.96,--,21,10416,买盘
892,13:29:00,4.96,--,5,2480,买盘
893,13:28:54,4.96,--,10,4960,买盘
894,13:28:48,4.96,0.01,59,29264,买盘
895,13:28:45,4.95,-0.01,70,34650,卖盘
896,13:28:42,4.96,--,5,2480,买盘
897,13:28:27,4.96,--,30,14880,买盘
898,13:28:15,4.96,--,6,2976,买盘
899,13:28:09,4.96,0.01,31,15376,买盘
900,13:28:03,4.95,-0.01,44,21780,卖盘
901,13:28:00,4.96,--,10,4960,买盘
902,13:27:51,4.96,--,29,14384,买盘
903,13:27:48,4.96,0.01,5,2480,买盘
904,13:27:45,4.95,--,20,9900,卖盘
905,13:27:27,4.95,--,6,2970,卖盘
906,13:27:24,4.95,-0.01,176,87120,卖盘
907,13:27:21,4.96,--,70,34720,买盘
908,13:27:18,4.96,--,10,4960,买盘
909,13:27:09,4.96,--,5,2480,买盘
910,13:27:06,4.96,0.01,40,19840,买盘
911,13:27:03,4.95,--,5,2475,卖盘
912,13:26:57,4.95,-0.01,5,2475,卖盘
913,13:26:54,4.96,0.01,5,2480,买盘
914,13:26:51,4.95,--,13,6435,卖盘
915,13:26:45,4.95,-0.01,18,8910,卖盘
916,13:26:42,4.96,0.01,30,14880,买盘
917,13:26:36,4.95,--,5,2475,卖盘
918,13:26:27,4.95,-0.01,5,2475,卖盘
919,13:26:24,4.96,--,31,15376,买盘
920,13:26:21,4.96,0.01,31,15376,买盘
921,13:26:12,4.95,-0.01,25,12375,卖盘
922,13:26:09,4.96,--,3,1488,买盘
923,13:26:06,4.96,--,60,29760,买盘
924,13:26:00,4.96,-0.01,82,40672,卖盘
925,13:25:54,4.97,0.01,142,70574,买盘
926,13:25:51,4.96,--,4,1984,买盘
927,13:25:48,4.96,--,105,52080,买盘
928,13:25:45,4.96,--,403,199888,买盘
929,13:25:42,4.96,--,8,3968,买盘
930,13:25:39,4.96,--,95,47120,买盘
931,13:25:33,4.96,0.01,5,2480,买盘
932,13:25:30,4.95,--,85,42075,卖盘
933,13:25:21,4.95,--,35,17325,卖盘
934,13:25:15,4.95,-0.01,5,2475,卖盘
935,13:25:12,4.96,0.01,6,2976,买盘
936,13:25:09,4.95,--,5,2475,卖盘
937,13:25:06,4.95,--,229,113355,卖盘
938,13:25:03,4.95,--,5,2475,卖盘
939,13:25:00,4.95,0.01,142,70290,买盘
940,13:24:57,4.94,-0.01,6,2964,卖盘
941,13:24:54,4.95,--,259,128205,买盘
942,13:24:51,4.95,--,9,4455,买盘
943,13:24:48,4.95,--,4,1980,买盘
944,13:24:39,4.95,--,30,14850,买盘
945,13:24:36,4.95,0.01,51,25245,买盘
946,13:24:33,4.94,--,5,2470,卖盘
947,13:24:30,4.94,-0.01,7,3458,卖盘
948,13:24:27,4.95,0.01,79,39105,买盘
949,13:24:24,4.94,--,2,988,卖盘
950,13:24:09,4.94,--,2,988,卖盘
951,13:24:06,4.94,--,7,3942,买盘
952,13:24:03,4.94,--,88,43472,买盘
953,13:23:57,4.94,--,3,1482,买盘
954,13:23:51,4.94,--,63,31122,买盘
955,13:23:48,4.94,--,11,5434,买盘
956,13:23:45,4.94,--,5,2470,买盘
957,13:23:39,4.94,0.01,210,103740,买盘
958,13:23:36,4.93,-0.01,25,12325,卖盘
959,13:23:30,4.94,--,9,4446,买盘
960,13:23:27,4.94,0.01,8,3952,买盘
961,13:23:21,4.93,-0.01,12,5916,卖盘
962,13:23:18,4.94,0.01,90,44460,买盘
963,13:23:12,4.93,--,3,1479,卖盘
964,13:23:00,4.93,--,10,4930,卖盘
965,13:22:57,4.93,--,83,40919,卖盘
966,13:22:51,4.93,-0.01,19,9367,卖盘
967,13:22:45,4.94,0.01,1,494,买盘
968,13:22:33,4.93,-0.01,10,4930,卖盘
969,13:22:18,4.94,--,57,28158,买盘
970,13:22:09,4.94,--,10,4940,买盘
971,13:21:54,4.94,0.01,4,1976,中性盘
972,13:21:48,4.93,--,171,84303,卖盘
973,13:21:45,4.93,-0.01,5,2465,卖盘
974,13:21:36,4.94,0.01,1,494,买盘
975,13:21:27,4.93,-0.01,44,21692,卖盘
976,13:21:21,4.94,--,10,4940,买盘
977,13:21:18,4.94,0.01,182,89908,买盘
978,13:21:12,4.93,--,150,73950,卖盘
979,13:21:09,4.93,--,55,27115,卖盘
980,13:21:03,4.93,-0.01,115,56695,卖盘
981,13:20:57,4.94,0.01,10,4940,买盘
982,13:20:51,4.93,--,100,49300,卖盘
983,13:20:27,4.93,--,109,53737,买盘
984,13:20:24,4.93,0.01,5,2465,买盘
985,13:20:21,4.92,-0.01,1,492,卖盘
986,13:20:18,4.93,--,20,9860,买盘
987,13:20:15,4.93,--,24,11832,买盘
988,13:20:06,4.93,--,5,2465,买盘
989,13:20:03,4.93,--,22,10846,买盘
990,13:19:51,4.93,-0.01,185,91205,卖盘
991,13:19:45,4.94,--,2,988,买盘
992,13:19:42,4.94,--,10,4940,买盘
993,13:19:39,4.94,--,11,5434,买盘
994,13:19:36,4.94,--,45,22230,买盘
995,13:19:33,4.94,0.01,40,19760,买盘
996,13:19:30,4.93,-0.01,12,5916,卖盘
997,13:19:21,4.94,--,5,2470,买盘
998,13:19:18,4.94,0.01,21,10374,买盘
999,13:19:15,4.93,-0.01,22,10846,卖盘
1000,13:19:09,4.94,--,50,24700,买盘
1001,13:19:06,4.94,--,20,9880,买盘
1002,13:19:03,4.94,--,22,10868,卖盘
1003,13:19:00,4.94,--,14,6916,卖盘
1004,13:18:54,4.94,--,120,59280,卖盘
1005,13:18:51,4.94,--,100,49400,卖盘
1006,13:18:45,4.94,--,15,7410,卖盘
1007,13:18:42,4.94,--,263,129922,买盘
1008,13:18:33,4.94,--,100,49400,买盘
1009,13:18:21,4.94,--,20,9880,买盘
1010,13:18:18,4.94,--,65,32110,卖盘
1011,13:18:15,4.94,--,125,61750,卖盘
1012,13:18:12,4.94,-0.01,33,16302,卖盘
1013,13:18:09,4.95,--,9,4455,买盘
1014,13:18:03,4.95,--,41,20295,买盘
1015,13:17:54,4.95,0.01,4,1980,买盘
1016,13:17:48,4.94,-0.01,20,9880,卖盘
1017,13:17:39,4.95,--,7,3465,买盘
1018,13:17:36,4.95,0.01,14,6930,买盘
1019,13:17:27,4.94,--,40,19760,买盘
1020,13:17:21,4.94,--,20,9880,买盘
1021,13:17:18,4.94,--,1,494,买盘
1022,13:17:15,4.94,--,70,34580,卖盘
1023,13:17:12,4.94,--,166,82004,买盘
1024,13:17:06,4.94,--,50,24700,买盘
1025,13:17:00,4.94,0.01,13,6422,买盘
1026,13:16:57,4.93,-0.01,1,493,卖盘
1027,13:16:54,4.94,0.01,10,4940,买盘
1028,13:16:39,4.93,--,19,9781,卖盘
1029,13:16:36,4.93,-0.01,60,29580,卖盘
1030,13:16:27,4.94,--,10,4940,买盘
1031,13:16:21,4.94,0.01,20,9880,买盘
1032,13:16:12,4.93,--,9,4437,卖盘
1033,13:16:06,4.93,0.01,324,159732,买盘
1034,13:16:00,4.92,--,27,13284,卖盘
1035,13:15:51,4.92,--,23,11316,卖盘
1036,13:15:48,4.92,-0.01,30,14760,卖盘
1037,13:15:42,4.93,0.01,28,13804,买盘
1038,13:15:36,4.92,--,84,41328,卖盘
1039,13:15:30,4.92,-0.01,43,21156,卖盘
1040,13:15:27,4.93,0.01,4,1972,买盘
1041,13:15:18,4.92,--,30,14760,卖盘
1042,13:15:15,4.92,--,108,53136,买盘
1043,13:15:12,4.92,--,5,2460,买盘
1044,13:15:09,4.92,--,362,178108,买盘
1045,13:15:06,4.92,--,157,77244,买盘
1046,13:15:03,4.92,--,9,4428,买盘
1047,13:14:57,4.92,--,76,37392,买盘
1048,13:14:54,4.92,--,11,5412,买盘
1049,13:14:51,4.92,0.01,20,9840,买盘
1050,13:14:48,4.91,--,33,16203,卖盘
1051,13:14:45,4.91,--,218,107038,卖盘
1052,13:14:42,4.91,-0.01,8,3928,卖盘
1053,13:14:39,4.92,--,64,31488,买盘
1054,13:14:36,4.92,0.01,96,47232,买盘
1055,13:14:33,4.91,--,200,98200,卖盘
1056,13:14:30,4.91,--,67,32897,卖盘
1057,13:14:27,4.91,--,113,55483,卖盘
1058,13:14:21,4.91,--,52,25532,买盘
1059,13:14:18,4.91,--,293,143863,买盘
1060,13:14:15,4.91,0.01,76,37316,买盘
1061,13:14:12,4.9,--,1,490,卖盘
1062,13:14:09,4.9,-0.01,105,51450,卖盘
1063,13:14:06,4.91,0.01,26,12766,买盘
1064,13:14:03,4.9,-0.01,94,46060,卖盘
1065,13:14:00,4.91,--,327,160557,买盘
1066,13:13:57,4.91,0.01,255,125205,买盘
1067,13:13:54,4.9,-0.01,1,490,卖盘
1068,13:13:51,4.91,--,146,71686,买盘
1069,13:13:48,4.91,0.01,20,9820,买盘
1070,13:13:45,4.9,--,5,2450,卖盘
1071,13:13:42,4.9,--,9,4410,卖盘
1072,13:13:36,4.9,-0.01,50,24500,卖盘
1073,13:13:33,4.91,--,99,48609,买盘
1074,13:13:24,4.91,--,89,43699,卖盘
1075,13:13:21,4.91,--,68,33388,卖盘
1076,13:13:18,4.91,--,5,2455,卖盘
1077,13:13:15,4.91,--,502,246482,卖盘
1078,13:13:12,4.91,--,11,5401,卖盘
1079,13:13:09,4.91,--,165,81015,卖盘
1080,13:13:06,4.91,0.01,27,13257,买盘
1081,13:13:03,4.9,-0.01,60,29400,卖盘
1082,13:13:00,4.91,--,80,39280,卖盘
1083,13:12:57,4.91,--,55,27009,买盘
1084,13:12:54,4.91,0.01,122,59902,买盘
1085,13:12:51,4.9,-0.01,18,8820,卖盘
1086,13:12:48,4.91,--,33,16203,买盘
1087,13:12:45,4.91,--,110,54010,买盘
1088,13:12:42,4.91,--,17,8347,买盘
1089,13:12:39,4.91,--,70,34370,买盘
1090,13:12:36,4.91,--,20,9820,买盘
1091,13:12:30,4.91,-0.01,1,977,卖盘
1092,13:12:27,4.92,0.01,419,206148,买盘
1093,13:12:24,4.91,--,30,14730,卖盘
1094,13:12:18,4.91,--,49,24059,卖盘
1095,13:12:15,4.91,--,13,6383,卖盘
1096,13:12:12,4.91,--,42,20622,卖盘
1097,13:12:06,4.91,-0.01,607,298037,卖盘
1098,13:12:03,4.92,0.01,331,162852,买盘
1099,13:12:00,4.91,--,10,4910,卖盘
1100,13:11:57,4.91,--,55,27005,卖盘
1101,13:11:54,4.91,--,100,49100,卖盘
1102,13:11:51,4.91,--,165,81015,卖盘
1103,13:11:48,4.91,-0.01,5,2455,卖盘
1104,13:11:45,4.92,0.01,10,4920,买盘
1105,13:11:42,4.91,--,28,13748,卖盘
1106,13:11:39,4.91,--,270,132570,卖盘
1107,13:11:36,4.91,--,23,11293,卖盘
1108,13:11:33,4.91,--,73,35843,卖盘
1109,13:11:30,4.91,-0.01,10,4910,卖盘
1110,13:11:27,4.92,--,1022,502824,买盘
1111,13:11:24,4.92,0.01,10,4920,买盘
1112,13:11:21,4.91,--,190,93294,卖盘
1113,13:11:18,4.91,-0.01,1,491,卖盘
1114,13:11:15,4.92,0.01,610,300120,买盘
1115,13:11:12,4.91,--,49,24059,卖盘
1116,13:11:09,4.91,--,30,14730,卖盘
1117,13:11:06,4.91,-0.01,50,24550,卖盘
1118,13:11:03,4.92,--,46,22632,买盘
1119,13:11:00,4.92,0.01,270,132840,买盘
1120,13:10:57,4.91,--,138,67758,卖盘
1121,13:10:51,4.91,-0.01,20,9820,卖盘
1122,13:10:48,4.92,0.01,95,46740,买盘
1123,13:10:45,4.91,-0.01,41,20131,卖盘
1124,13:10:42,4.92,0.01,45,22140,买盘
1125,13:10:39,4.91,--,61,29951,卖盘
1126,13:10:36,4.91,--,131,64321,卖盘
1127,13:10:33,4.91,-0.01,48,23568,卖盘
1128,13:10:30,4.92,0.01,45,22140,买盘
1129,13:10:27,4.91,--,50,24550,卖盘
1130,13:10:21,4.91,--,10,4910,卖盘
1131,13:10:18,4.91,--,76,37316,卖盘
1132,13:10:15,4.91,-0.01,122,59902,卖盘
1133,13:10:12,4.92,--,50,24600,买盘
1134,13:10:09,4.92,0.01,100,49200,买盘
1135,13:10:03,4.91,-0.01,150,73650,卖盘
1136,13:10:00,4.92,--,15,7380,买盘
1137,13:09:57,4.92,0.01,137,67404,买盘
1138,13:09:54,4.91,--,283,138953,卖盘
1139,13:09:51,4.91,-0.01,45,22095,卖盘
1140,13:09:48,4.92,--,26,12792,买盘
1141,13:09:45,4.92,--,94,46248,卖盘
1142,13:09:42,4.92,0.01,60,29520,卖盘
1143,13:09:39,4.91,-0.01,98,48118,卖盘
1144,13:09:33,4.92,--,96,47232,买盘
1145,13:09:27,4.92,--,30,14760,买盘
1146,13:09:24,4.92,--,70,34440,买盘
1147,13:09:18,4.92,-0.01,349,171708,卖盘
1148,13:09:12,4.93,0.01,2,986,买盘
1149,13:09:06,4.92,--,50,24600,卖盘
1150,13:09:03,4.92,-0.01,15,7380,卖盘
1151,13:09:00,4.93,0.01,6,2958,买盘
1152,13:08:57,4.92,--,765,376380,卖盘
1153,13:08:54,4.92,--,14,6888,卖盘
1154,13:08:51,4.92,--,230,113160,卖盘
1155,13:08:48,4.92,--,8,3936,卖盘
1156,13:08:45,4.92,--,300,147600,卖盘
1157,13:08:42,4.92,--,168,82656,卖盘
1158,13:08:39,4.92,--,50,24600,卖盘
1159,13:08:36,4.92,--,169,83148,卖盘
1160,13:08:33,4.92,-0.01,1,492,卖盘
1161,13:08:30,4.93,--,185,91205,买盘
1162,13:08:27,4.93,0.01,64,31552,买盘
1163,13:08:21,4.92,-0.01,253,124476,卖盘
1164,13:08:15,4.93,0.01,44,21692,买盘
1165,13:08:12,4.92,--,109,53628,卖盘
1166,13:08:09,4.92,--,8,3936,卖盘
1167,13:08:06,4.92,-0.01,5,2460,卖盘
1168,13:08:03,4.93,0.01,20,9860,买盘
1169,13:08:00,4.92,--,10,4920,卖盘
1170,13:07:57,4.92,--,10,4920,卖盘
1171,13:07:54,4.92,--,237,116604,卖盘
1172,13:07:51,4.92,-0.01,15,7380,卖盘
1173,13:07:48,4.93,0.01,86,42398,买盘
1174,13:07:45,4.92,--,45,22140,卖盘
1175,13:07:42,4.92,-0.01,88,43296,卖盘
1176,13:07:39,4.93,--,10,4930,买盘
1177,13:07:33,4.93,--,10,4930,买盘
1178,13:07:30,4.93,--,422,208046,卖盘
1179,13:07:27,4.93,--,1,493,卖盘
1180,13:07:24,4.93,--,1117,550681,卖盘
1181,13:07:21,4.93,-0.01,2,986,卖盘
1182,13:07:18,4.94,0.01,37,18278,买盘
1183,13:07:15,4.93,--,61,30073,卖盘
1184,13:07:09,4.93,-0.01,27,13311,卖盘
1185,13:07:06,4.94,--,1,494,买盘
1186,13:07:03,4.94,--,15,7410,买盘
1187,13:06:57,4.94,0.01,92,45448,买盘
1188,13:06:54,4.93,-0.01,18,8874,卖盘
1189,13:06:51,4.94,0.01,5,2470,买盘
1190,13:06:48,4.93,--,2,986,卖盘
1191,13:06:45,4.93,-0.01,31,15283,卖盘
1192,13:06:42,4.94,--,10,4940,买盘
1193,13:06:39,4.94,0.01,11,5434,买盘
1194,13:06:33,4.93,-0.01,4,1972,卖盘
1195,13:06:27,4.94,--,122,60347,卖盘
1196,13:06:24,4.94,--,100,49400,卖盘
1197,13:06:21,4.94,--,2,988,卖盘
1198,13:06:18,4.94,--,181,89828,买盘
1199,13:06:15,4.94,--,8,3952,买盘
1200,13:06:12,4.94,--,3,1482,买盘
1201,13:06:09,4.94,--,40,19760,买盘
1202,13:06:06,4.94,--,60,29640,买盘
1203,13:06:03,4.94,-0.01,1201,593294,卖盘
1204,13:05:57,4.95,--,41,20295,买盘
1205,13:05:54,4.95,0.01,1,495,买盘
1206,13:05:51,4.94,-0.01,150,74100,卖盘
1207,13:05:48,4.95,0.01,87,43065,买盘
1208,13:05:42,4.94,-0.01,7,3458,卖盘
1209,13:05:39,4.95,--,234,115830,买盘
1210,13:05:36,4.95,--,10,4950,买盘
1211,13:05:30,4.95,--,30,14850,买盘
1212,13:05:24,4.95,0.01,39,19305,买盘
1213,13:05:21,4.94,--,4,1976,卖盘
1214,13:05:18,4.94,--,4,1976,卖盘
1215,13:05:15,4.94,--,48,23712,卖盘
1216,13:05:09,4.94,--,1,494,卖盘
1217,13:05:03,4.94,--,5,2470,卖盘
1218,13:05:00,4.94,--,430,212420,买盘
1219,13:04:57,4.94,--,11,5434,买盘
1220,13:04:54,4.94,--,44,21736,买盘
1221,13:04:51,4.94,0.01,25,12350,买盘
1222,13:04:48,4.93,-0.01,13,6409,卖盘
1223,13:04:45,4.94,--,85,41990,买盘
1224,13:04:42,4.94,--,84,41496,买盘
1225,13:04:39,4.94,--,10,4940,买盘
1226,13:04:36,4.94,--,485,239590,卖盘
1227,13:04:33,4.94,--,17,8398,卖盘
1228,13:04:30,4.94,-0.01,191,94354,卖盘
1229,13:04:24,4.95,0.01,30,14850,买盘
1230,13:04:21,4.94,--,2,988,卖盘
1231,13:04:15,4.94,-0.01,47,23218,卖盘
1232,13:04:06,4.95,0.01,51,25245,买盘
1233,13:04:03,4.94,-0.01,100,49400,卖盘
1234,13:04:00,4.95,--,50,24750,买盘
1235,13:03:54,4.95,0.01,21,10395,买盘
1236,13:03:48,4.94,-0.01,5,2470,卖盘
1237,13:03:45,4.95,0.01,5,2475,买盘
1238,13:03:42,4.94,--,41,20254,卖盘
1239,13:03:39,4.94,--,23,11362,买盘
1240,13:03:36,4.94,--,18,8892,卖盘
1241,13:03:30,4.94,-0.01,34,16796,卖盘
1242,13:03:24,4.95,--,10,4950,买盘
1243,13:03:18,4.95,--,248,122760,买盘
1244,13:03:12,4.95,0.01,360,178200,买盘
1245,13:03:06,4.94,--,259,127946,卖盘
1246,13:03:03,4.94,-0.01,5,2470,卖盘
1247,13:03:00,4.95,0.01,23,11385,买盘
1248,13:02:57,4.94,--,742,366548,卖盘
1249,13:02:54,4.94,0.01,4,1976,卖盘
1250,13:02:51,4.93,-0.01,800,394400,卖盘
1251,13:02:48,4.94,--,52,25688,卖盘
1252,13:02:45,4.94,--,4,1976,买盘
1253,13:02:42,4.94,--,36,17784,买盘
1254,13:02:39,4.94,--,49,24206,买盘
1255,13:02:36,4.94,--,10,4940,买盘
1256,13:02:33,4.94,--,30,14820,买盘
1257,13:02:30,4.94,--,5,2470,买盘
1258,13:02:27,4.94,-0.01,582,287508,卖盘
1259,13:02:24,4.95,--,191,94545,买盘
1260,13:02:21,4.95,0.01,16,7920,买盘
1261,13:02:18,4.94,--,122,60268,卖盘
1262,13:02:12,4.94,--,45,22230,卖盘
1263,13:02:09,4.94,--,2,988,卖盘
1264,13:02:06,4.94,0.01,45,22230,买盘
1265,13:02:03,4.93,-0.01,25,12325,卖盘
1266,13:02:00,4.94,--,30,14820,买盘
1267,13:01:57,4.94,0.01,48,23712,买盘
1268,13:01:54,4.93,-0.01,142,70006,卖盘
1269,13:01:51,4.94,--,300,148200,买盘
1270,13:01:48,4.94,--,50,24700,买盘
1271,13:01:45,4.94,--,5,2470,买盘
1272,13:01:42,4.94,-0.01,298,147212,卖盘
1273,13:01:39,4.95,0.01,2,990,买盘
1274,13:01:33,4.94,--,438,216372,卖盘
1275,13:01:27,4.94,--,10,4940,卖盘
1276,13:01:24,4.94,--,8,3952,卖盘
1277,13:01:18,4.94,-0.01,5,2470,卖盘
1278,13:01:15,4.95,--,220,108900,买盘
1279,13:01:12,4.95,0.01,25,12375,买盘
1280,13:01:09,4.94,--,104,51376,买盘
1281,13:01:06,4.94,0.01,21,10374,买盘
1282,13:01:03,4.93,--,39,19227,卖盘
1283,13:01:00,4.93,--,4,1972,卖盘
1284,13:00:54,4.93,--,35,17255,卖盘
1285,13:00:51,4.93,--,1,493,卖盘
1286,13:00:45,4.93,--,100,49300,卖盘
1287,13:00:39,4.93,-0.02,285,140505,卖盘
1288,13:00:33,4.95,--,40,19800,买盘
1289,13:00:30,4.95,0.01,15,7425,买盘
1290,13:00:21,4.94,-0.01,8,3952,中性盘
1291,13:00:12,4.95,--,4,1980,买盘
1292,13:00:09,4.95,0.02,245,121275,买盘
1293,13:00:06,4.93,--,274,135082,卖盘
1294,13:00:03,4.93,-0.04,2364,1165452,卖盘
1295,13:00:00,4.97,--,0,0,买盘
1296,11:30:00,4.97,-0.01,115,57155,卖盘
1297,11:29:57,4.98,0.01,14,6972,买盘
1298,11:29:54,4.97,-0.01,114,56658,卖盘
1299,11:29:51,4.98,--,14,6972,买盘
1300,11:29:48,4.98,--,35,17430,买盘
1301,11:29:45,4.98,--,143,71323,卖盘
1302,11:29:42,4.98,--,405,202078,卖盘
1303,11:29:39,4.98,--,23,11454,卖盘
1304,11:29:36,4.98,--,49,24402,卖盘
1305,11:29:33,4.98,--,236,117528,卖盘
1306,11:29:30,4.98,-0.01,388,193224,卖盘
1307,11:29:27,4.99,0.01,20,9980,买盘
1308,11:29:24,4.98,--,146,72708,卖盘
1309,11:29:21,4.98,--,46,22908,卖盘
1310,11:29:15,4.98,--,62,30876,卖盘
1311,11:29:12,4.98,-0.01,205,102090,卖盘
1312,11:29:03,4.99,--,10,4990,买盘
1313,11:29:00,4.99,--,10,4990,买盘
1314,11:28:57,4.99,--,20,9980,买盘
1315,11:28:54,4.99,--,8,3992,买盘
1316,11:28:51,4.99,-0.01,171,85578,卖盘
1317,11:28:48,5.0,0.01,10,5000,买盘
1318,11:28:42,4.99,--,36,17964,卖盘
1319,11:28:39,4.99,--,27,13473,卖盘
1320,11:28:36,4.99,--,45,22704,卖盘
1321,11:28:33,4.99,-0.01,20,9980,卖盘
1322,11:28:27,5.0,0.01,45,22500,买盘
1323,11:28:21,4.99,--,75,37425,卖盘
1324,11:28:18,4.99,--,1003,500497,卖盘
1325,11:28:15,4.99,--,14,6986,卖盘
1326,11:28:12,4.99,--,233,116267,卖盘
1327,11:28:09,4.99,--,30,14970,卖盘
1328,11:28:00,4.99,--,89,44411,卖盘
1329,11:27:57,4.99,--,6,2994,卖盘
1330,11:27:54,4.99,-0.01,119,59381,卖盘
1331,11:27:48,5.0,--,62,31000,买盘
1332,11:27:39,5.0,--,671,335610,卖盘
1333,11:27:27,5.0,--,257,128500,卖盘
1334,11:27:24,5.0,-0.01,43,21500,卖盘
1335,11:27:18,5.01,--,2,1002,买盘
1336,11:27:06,5.01,--,2,1002,买盘
1337,11:26:45,5.01,0.01,1,501,买盘
1338,11:26:36,5.0,--,34,17000,卖盘
1339,11:26:30,5.0,-0.01,59,29500,卖盘
1340,11:26:21,5.01,--,2,1002,买盘
1341,11:26:18,5.01,0.01,4,2004,买盘
1342,11:26:15,5.0,-0.01,1,500,卖盘
1343,11:26:09,5.01,0.01,29,14529,买盘
1344,11:26:06,5.0,-0.01,64,32000,卖盘
1345,11:26:03,5.01,--,14,7014,买盘
1346,11:25:48,5.01,--,3,1503,买盘
1347,11:25:45,5.01,0.01,9,4509,买盘
1348,11:25:39,5.0,--,72,36000,卖盘
1349,11:25:36,5.0,-0.01,151,75500,卖盘
1350,11:25:30,5.01,0.01,301,150801,买盘
1351,11:25:24,5.0,-0.01,258,129000,卖盘
1352,11:25:21,5.01,--,543,272043,买盘
1353,11:25:18,5.01,0.01,6,3006,买盘
1354,11:25:12,5.0,-0.01,32,16000,卖盘
1355,11:25:00,5.01,--,3,1503,买盘
1356,11:24:54,5.01,0.01,5,2505,买盘
1357,11:24:51,5.0,--,10,5000,卖盘
1358,11:24:45,5.0,-0.01,612,306000,卖盘
1359,11:24:42,5.01,--,10,5010,买盘
1360,11:24:39,5.01,--,37,18537,买盘
1361,11:24:36,5.01,0.01,2,1002,买盘
1362,11:24:33,5.0,--,21,10500,卖盘
1363,11:24:30,5.0,--,20,10000,卖盘
1364,11:24:27,5.0,--,333,166500,卖盘
1365,11:24:24,5.0,--,35,17500,卖盘
1366,11:24:21,5.0,--,20,10000,卖盘
1367,11:24:18,5.0,-0.01,5,2500,卖盘
1368,11:24:15,5.01,0.01,1,501,买盘
1369,11:24:09,5.0,--,84,42000,卖盘
1370,11:24:06,5.0,--,25,12500,卖盘
1371,11:24:00,5.0,--,40,20000,卖盘
1372,11:23:57,5.0,--,34,17000,卖盘
1373,11:23:54,5.0,-0.01,98,49000,卖盘
1374,11:23:51,5.01,0.01,340,170340,买盘
1375,11:23:48,5.0,-0.01,40,20000,卖盘
1376,11:23:45,5.01,0.01,40,20040,买盘
1377,11:23:39,5.0,-0.01,121,60500,卖盘
1378,11:23:36,5.01,-0.01,163,81663,卖盘
1379,11:23:33,5.02,0.01,170,85340,买盘
1380,11:23:30,5.01,--,224,112224,买盘
1381,11:23:27,5.01,--,100,50100,买盘
1382,11:23:24,5.01,--,10,5010,买盘
1383,11:23:21,5.01,0.01,160,80160,买盘
1384,11:23:18,5.0,-0.01,1560,780450,卖盘
1385,11:23:12,5.01,--,39,19539,卖盘
1386,11:23:09,5.01,0.01,718,360158,买盘
1387,11:23:03,5.0,--,52,26000,卖盘
1388,11:23:00,5.0,--,100,50000,卖盘
1389,11:22:57,5.0,-0.01,3,1500,卖盘
1390,11:22:51,5.01,--,10,5010,买盘
1391,11:22:48,5.01,--,2,1002,买盘
1392,11:22:45,5.01,--,30,15030,买盘
1393,11:22:36,5.01,--,2,1002,买盘
1394,11:22:33,5.01,--,277,138837,卖盘
1395,11:22:30,5.01,--,3,1503,卖盘
1396,11:22:27,5.01,--,93,46593,卖盘
1397,11:22:24,5.01,--,134,67134,卖盘
1398,11:22:18,5.01,--,63,31563,卖盘
1399,11:22:15,5.01,--,10,5010,卖盘
1400,11:22:12,5.01,--,165,82840,卖盘
1401,11:22:09,5.01,--,241,120741,卖盘
1402,11:22:03,5.01,--,200,100200,卖盘
1403,11:22:00,5.01,--,23,11523,卖盘
1404,11:21:54,5.01,--,433,216933,卖盘
1405,11:21:48,5.01,-0.01,360,180360,卖盘
1406,11:21:45,5.02,0.01,3,1505,买盘
1407,11:21:36,5.01,-0.01,84,42084,卖盘
1408,11:21:33,5.02,--,20,10040,买盘
1409,11:21:30,5.02,--,74,37148,卖盘
1410,11:21:27,5.02,0.01,52,26103,中性盘
1411,11:21:24,5.01,-0.01,200,100200,卖盘
1412,11:21:21,5.02,--,5,2510,卖盘
1413,11:21:18,5.02,--,106,53211,买盘
1414,11:21:06,5.02,--,517,259533,卖盘
1415,11:21:00,5.02,--,2044,1026087,卖盘
1416,11:20:54,5.02,--,32,16063,卖盘
1417,11:20:48,5.02,-0.01,2,1003,卖盘
1418,11:20:45,5.03,--,17,8551,买盘
1419,11:20:21,5.03,--,24,12569,卖盘
1420,11:20:18,5.03,--,400,201200,卖盘
1421,11:20:09,5.03,--,100,50300,卖盘
1422,11:20:06,5.03,--,100,50300,卖盘
1423,11:20:00,5.03,--,181,91043,卖盘
1424,11:19:57,5.03,--,14,7042,卖盘
1425,11:19:54,5.03,-0.01,1,503,卖盘
1426,11:19:48,5.04,0.01,53,26712,买盘
1427,11:19:12,5.03,--,500,251500,卖盘
1428,11:19:06,5.03,--,600,301800,卖盘
1429,11:19:03,5.03,--,4,2012,卖盘
1430,11:18:54,5.03,-0.01,215,108145,卖盘
1431,11:18:36,5.04,0.01,11,5544,买盘
1432,11:18:27,5.03,-0.01,17,8551,卖盘
1433,11:18:21,5.04,--,10,5040,买盘
1434,11:18:15,5.04,--,1,504,买盘
1435,11:18:12,5.04,--,14,7056,买盘
1436,11:18:09,5.04,--,4,2016,买盘
1437,11:18:06,5.04,--,6,3024,买盘
1438,11:18:00,5.04,--,44,22176,买盘
1439,11:17:57,5.04,-0.01,1,504,中性盘
1440,11:17:54,5.05,0.01,20,10100,买盘
1441,11:17:48,5.04,--,44,22176,卖盘
1442,11:17:36,5.04,--,225,113400,卖盘
1443,11:17:33,5.04,--,13,6552,卖盘
1444,11:17:27,5.04,-0.01,300,151200,卖盘
1445,11:17:03,5.05,--,6,3030,买盘
1446,11:17:00,5.05,0.01,30,15150,买盘
1447,11:16:57,5.04,--,30,15120,卖盘
1448,11:16:42,5.04,--,9,4536,卖盘
1449,11:16:36,5.04,--,5,2520,卖盘
1450,11:16:21,5.04,--,10,5040,卖盘
1451,11:15:33,5.04,-0.01,26,13104,卖盘
1452,11:15:18,5.05,--,5,2525,买盘
1453,11:15:09,5.05,--,4,2020,买盘
1454,11:15:00,5.05,0.01,10,5050,买盘
1455,11:14:57,5.04,--,131,66024,卖盘
1456,11:14:54,5.04,--,2,1008,卖盘
1457,11:14:48,5.04,--,15,7560,卖盘
1458,11:14:24,5.04,--,20,10080,卖盘
1459,11:14:18,5.04,--,82,41328,卖盘
1460,11:14:15,5.04,--,9,4536,卖盘
1461,11:13:51,5.04,-0.01,65,32760,卖盘
1462,11:13:48,5.05,--,10,5050,买盘
1463,11:13:45,5.05,0.01,10,5050,买盘
1464,11:13:42,5.04,-0.01,67,33768,卖盘
1465,11:13:18,5.05,0.01,75,37875,买盘
1466,11:13:09,5.04,-0.01,4,2016,卖盘
1467,11:13:03,5.05,0.01,10,5050,买盘
1468,11:12:45,5.04,--,2,1008,卖盘
1469,11:12:42,5.04,--,10,5040,卖盘
1470,11:12:33,5.04,--,6,3024,买盘
1471,11:12:30,5.04,--,10,5040,买盘
1472,11:12:27,5.04,--,10,5040,买盘
1473,11:12:21,5.04,--,9,4536,买盘
1474,11:12:15,5.04,-0.01,194,97776,卖盘
1475,11:12:03,5.05,0.01,11,5555,买盘
1476,11:11:51,5.04,-0.01,69,34776,中性盘
1477,11:11:33,5.05,0.02,1000,505000,买盘
1478,11:11:27,5.03,-0.01,20,10060,卖盘
1479,11:11:24,5.04,--,212,106848,卖盘
1480,11:11:18,5.04,--,136,68544,买盘
1481,11:11:15,5.04,0.01,200,100800,买盘
1482,11:11:09,5.03,-0.01,14,7042,卖盘
1483,11:11:03,5.04,0.01,200,100800,买盘
1484,11:11:00,5.03,-0.01,39,19617,卖盘
1485,11:10:51,5.04,--,6,3024,买盘
1486,11:10:48,5.04,--,200,100800,买盘
1487,11:10:42,5.04,--,4,2016,买盘
1488,11:10:39,5.04,0.01,1,504,买盘
1489,11:10:33,5.03,-0.01,10,5030,卖盘
1490,11:10:18,5.04,0.01,10,5040,买盘
1491,11:10:15,5.03,-0.01,171,86013,卖盘
1492,11:10:06,5.04,--,1,504,买盘
1493,11:10:00,5.04,--,7,3528,买盘
1494,11:09:57,5.04,--,75,37800,买盘
1495,11:09:51,5.04,--,25,12600,买盘
1496,11:09:39,5.04,--,25,12600,买盘
1497,11:09:30,5.04,--,10,5040,买盘
1498,11:09:24,5.04,--,1,504,买盘
1499,11:09:21,5.04,--,3,1512,买盘
1500,11:09:18,5.04,--,219,110376,卖盘
1501,11:09:15,5.04,--,30,15120,卖盘
1502,11:09:06,5.04,--,10,5040,卖盘
1503,11:09:03,5.04,--,20,10080,卖盘
1504,11:08:51,5.04,0.01,374,188496,买盘
1505,11:08:39,5.03,-0.01,150,75450,卖盘
1506,11:08:21,5.04,0.01,22,11088,买盘
1507,11:08:15,5.03,--,20,10060,卖盘
1508,11:08:12,5.03,-0.01,128,64384,卖盘
1509,11:08:06,5.04,0.01,200,100800,买盘
1510,11:08:03,5.03,--,20,10060,卖盘
1511,11:08:00,5.03,--,20,10065,卖盘
1512,11:07:57,5.03,--,110,55330,卖盘
1513,11:07:48,5.03,--,170,85510,卖盘
1514,11:07:45,5.03,--,14,7042,卖盘
1515,11:07:42,5.03,--,4,2012,卖盘
1516,11:07:36,5.03,--,8,4024,卖盘
1517,11:07:30,5.03,--,40,20120,买盘
1518,11:07:24,5.03,--,10,5030,卖盘
1519,11:07:21,5.03,--,61,30683,卖盘
1520,11:07:09,5.03,--,300,150900,卖盘
1521,11:06:57,5.03,--,135,67905,买盘
1522,11:06:54,5.03,--,42,21126,买盘
1523,11:06:51,5.03,--,102,51306,买盘
1524,11:06:48,5.03,--,49,24647,买盘
1525,11:06:45,5.03,--,50,25150,买盘
1526,11:06:30,5.03,--,436,219308,卖盘
1527,11:06:27,5.03,--,14,7042,卖盘
1528,11:06:18,5.03,--,200,100600,卖盘
1529,11:06:15,5.03,--,79,39737,买盘
1530,11:06:06,5.03,--,10,5030,买盘
1531,11:06:00,5.03,--,6,3018,卖盘
1532,11:05:54,5.03,-0.01,30,15090,卖盘
1533,11:05:51,5.04,0.01,26,13104,买盘
1534,11:05:45,5.03,--,29,14587,卖盘
1535,11:05:42,5.03,--,12,6036,卖盘
1536,11:05:39,5.03,--,5,2515,卖盘
1537,11:05:33,5.03,--,9,4527,卖盘
1538,11:05:24,5.03,--,30,15090,卖盘
1539,11:05:21,5.03,--,1,503,卖盘
1540,11:05:15,5.03,--,50,25150,卖盘
1541,11:05:09,5.03,--,15,7545,卖盘
1542,11:04:57,5.03,--,20,10060,买盘
1543,11:04:54,5.03,--,10,5030,买盘
1544,11:04:48,5.03,--,110,55330,买盘
1545,11:04:45,5.03,--,20,10060,买盘
1546,11:04:36,5.03,--,728,366234,卖盘
1547,11:04:33,5.03,-0.01,66,33198,卖盘
1548,11:04:30,5.04,0.01,438,220752,买盘
1549,11:04:24,5.03,--,79,39737,卖盘
1550,11:04:12,5.03,--,3,1509,卖盘
1551,11:04:06,5.03,-0.01,150,75450,卖盘
1552,11:04:00,5.04,0.01,104,52416,买盘
1553,11:03:42,5.03,--,66,33198,卖盘
1554,11:03:36,5.03,--,50,25150,卖盘
1555,11:03:27,5.03,--,10,5030,卖盘
1556,11:03:21,5.03,--,3,1509,卖盘
1557,11:03:15,5.03,-0.01,10,5030,卖盘
1558,11:03:09,5.04,0.01,5,2520,买盘
1559,11:03:00,5.03,-0.01,145,72935,卖盘
1560,11:02:51,5.04,--,112,56448,卖盘
1561,11:02:45,5.04,--,2,1008,卖盘
1562,11:02:39,5.04,--,14,7056,卖盘
1563,11:02:36,5.04,--,100,50400,卖盘
1564,11:02:30,5.04,--,109,54936,卖盘
1565,11:02:27,5.04,--,194,97776,卖盘
1566,11:02:24,5.04,--,76,38304,卖盘
1567,11:02:21,5.04,--,6,3024,卖盘
1568,11:02:18,5.04,--,130,65520,卖盘
1569,11:02:12,5.04,--,90,45360,卖盘
1570,11:02:09,5.04,-0.01,8,4032,卖盘
1571,11:02:06,5.05,0.01,84,42420,买盘
1572,11:02:03,5.04,-0.01,29,14616,卖盘
1573,11:02:00,5.05,0.01,50,25250,买盘
1574,11:01:57,5.04,--,60,30240,卖盘
1575,11:01:48,5.04,--,103,51912,卖盘
1576,11:01:45,5.04,--,9,4536,卖盘
1577,11:01:42,5.04,--,1,504,卖盘
1578,11:01:33,5.04,--,3,1512,卖盘
1579,11:01:30,5.04,--,100,50400,卖盘
1580,11:01:21,5.04,--,29,14616,卖盘
1581,11:01:15,5.04,--,1021,514584,卖盘
1582,11:01:12,5.04,--,11,5544,卖盘
1583,11:01:00,5.04,--,8,4032,卖盘
1584,11:00:51,5.04,--,12,6048,卖盘
1585,11:00:45,5.04,--,1,504,卖盘
1586,11:00:36,5.04,-0.01,128,64512,卖盘
1587,11:00:24,5.05,0.01,2,1010,买盘
1588,11:00:21,5.04,--,5,2520,卖盘
1589,11:00:12,5.04,-0.01,100,50400,卖盘
1590,11:00:09,5.05,--,4,2020,买盘
1591,11:00:03,5.05,--,50,25250,买盘
1592,10:59:57,5.05,0.01,1,505,买盘
1593,10:59:39,5.04,--,1,504,卖盘
1594,10:59:27,5.04,-0.01,30,15120,卖盘
1595,10:59:24,5.05,0.01,1,505,买盘
1596,10:59:21,5.04,-0.01,19,9576,卖盘
1597,10:59:15,5.05,--,32,16160,买盘
1598,10:59:06,5.05,0.01,9,4545,买盘
1599,10:58:54,5.04,-0.01,7,3528,卖盘
1600,10:58:39,5.05,--,10,5050,买盘
1601,10:58:36,5.05,0.01,1,505,买盘
1602,10:58:27,5.04,-0.01,1,504,卖盘
1603,10:58:24,5.05,--,41,20705,买盘
1604,10:58:09,5.05,-0.01,5,2525,卖盘
1605,10:57:45,5.06,--,5,2530,买盘
1606,10:57:42,5.06,--,1,505,买盘
1607,10:57:39,5.06,--,14,7083,买盘
1608,10:57:18,5.06,0.02,104,52623,买盘
1609,10:57:00,5.04,-0.02,5,2520,卖盘
1610,10:56:45,5.06,0.02,300,151800,买盘
1611,10:56:36,5.04,-0.01,33,16632,卖盘
1612,10:56:27,5.05,--,86,43430,买盘
1613,10:56:24,5.05,--,150,75750,买盘
1614,10:55:51,5.05,--,33,16665,买盘
1615,10:55:33,5.05,--,97,48985,卖盘
1616,10:55:30,5.05,-0.01,200,101000,卖盘
1617,10:55:21,5.06,0.01,15,7589,买盘
1618,10:55:09,5.05,--,177,89385,卖盘
1619,10:55:00,5.05,--,10,5050,卖盘
1620,10:54:57,5.05,-0.01,3,1515,卖盘
1621,10:54:54,5.06,0.01,40,20240,买盘
1622,10:54:39,5.05,--,44,22220,卖盘
1623,10:54:30,5.05,--,1,505,卖盘
1624,10:53:39,5.05,--,1,505,卖盘
1625,10:53:36,5.05,-0.01,6,3030,卖盘
1626,10:53:27,5.06,0.01,10,5060,买盘
1627,10:53:15,5.05,--,10,5050,卖盘
1628,10:53:06,5.05,--,10,5050,卖盘
1629,10:53:03,5.05,--,1,505,卖盘
1630,10:53:00,5.05,--,2,1010,卖盘
1631,10:52:54,5.05,-0.01,200,101000,卖盘
1632,10:52:48,5.06,0.01,1,505,买盘
1633,10:52:36,5.05,--,43,21715,卖盘
1634,10:52:33,5.05,-0.01,44,22220,中性盘
1635,10:52:18,5.06,0.02,50,25299,买盘
1636,10:52:15,5.04,-0.01,1671,842184,卖盘
1637,10:51:27,5.05,--,171,86355,卖盘
1638,10:51:24,5.05,--,176,88880,卖盘
1639,10:51:18,5.05,-0.01,16,8080,卖盘
1640,10:51:03,5.06,--,158,79953,卖盘
1641,10:50:54,5.06,0.01,49,25294,买盘
1642,10:50:51,5.05,-0.01,69,34845,卖盘
1643,10:50:36,5.06,0.01,500,252999,买盘
1644,10:50:33,5.05,-0.01,100,50500,卖盘
1645,10:50:27,5.06,0.01,6,3035,买盘
1646,10:50:18,5.05,--,15,7575,卖盘
1647,10:50:15,5.05,--,134,67670,买盘
1648,10:50:12,5.05,--,195,98475,卖盘
1649,10:50:03,5.05,--,10,5050,卖盘
1650,10:50:00,5.05,-0.01,3,1515,卖盘
1651,10:49:57,5.06,--,41,20746,买盘
1652,10:49:51,5.06,0.01,10,5060,买盘
1653,10:49:45,5.05,--,50,25250,卖盘
1654,10:49:36,5.05,--,243,122715,买盘
1655,10:49:33,5.05,--,1,505,买盘
1656,10:49:24,5.05,--,12,6060,买盘
1657,10:49:21,5.05,--,77,38885,卖盘
1658,10:49:06,5.05,-0.01,200,101000,卖盘
1659,10:48:57,5.06,--,19,9614,买盘
1660,10:48:54,5.06,0.01,1,505,买盘
1661,10:48:33,5.05,-0.01,494,249470,卖盘
1662,10:48:30,5.06,--,9,4554,买盘
1663,10:48:21,5.06,0.01,8,4047,买盘
1664,10:48:15,5.05,-0.01,50,25250,卖盘
1665,10:48:09,5.06,--,5,2530,买盘
1666,10:48:03,5.06,--,15,7589,买盘
1667,10:47:39,5.06,--,69,34914,买盘
1668,10:47:36,5.06,--,10,5060,买盘
1669,10:47:24,5.06,--,300,151800,买盘
1670,10:47:03,5.06,0.01,10,5060,买盘
1671,10:46:54,5.05,--,77,38885,卖盘
1672,10:46:51,5.05,--,10,5050,卖盘
1673,10:46:42,5.05,-0.01,20,10100,卖盘
1674,10:46:36,5.06,--,20,10120,买盘
1675,10:46:15,5.06,0.01,52,26311,买盘
1676,10:46:12,5.05,--,4,2020,卖盘
1677,10:46:09,5.05,-0.01,91,45955,卖盘
1678,10:45:45,5.06,--,1,505,买盘
1679,10:45:21,5.06,--,200,101199,买盘
1680,10:44:36,5.06,--,391,198104,卖盘
1681,10:44:21,5.06,--,98,49587,卖盘
1682,10:44:09,5.06,--,75,37950,卖盘
1683,10:44:06,5.06,--,761,385313,买盘
1684,10:43:39,5.06,0.01,3,1517,买盘
1685,10:43:33,5.05,--,10,5050,卖盘
1686,10:43:27,5.05,--,46,23230,卖盘
1687,10:43:06,5.05,-0.01,10,5050,卖盘
1688,10:42:54,5.06,0.01,45,22770,买盘
1689,10:42:51,5.05,--,2,1010,卖盘
1690,10:42:45,5.05,--,110,55550,卖盘
1691,10:42:33,5.05,--,56,28280,中性盘
1692,10:42:24,5.05,0.01,5,2525,买盘
1693,10:42:21,5.04,--,2,1008,卖盘
1694,10:42:18,5.04,--,3,1512,卖盘
1695,10:42:09,5.04,-0.02,100,50400,卖盘
1696,10:42:03,5.06,--,20,10120,买盘
1697,10:42:00,5.06,--,9,4554,买盘
1698,10:41:51,5.06,--,161,81724,卖盘
1699,10:41:45,5.06,--,120,60719,卖盘
1700,10:41:39,5.06,--,200,101199,卖盘
1701,10:41:30,5.06,--,15,7589,卖盘
1702,10:41:21,5.06,--,58,29347,卖盘
1703,10:41:18,5.06,--,28,14167,卖盘
1704,10:41:12,5.06,--,9,4554,卖盘
1705,10:41:09,5.06,0.01,185,93857,买盘
1706,10:41:06,5.05,--,44,22477,卖盘
1707,10:40:54,5.05,-0.01,112,56560,卖盘
1708,10:40:51,5.06,--,5,2530,买盘
1709,10:40:48,5.06,0.01,478,241867,买盘
1710,10:40:45,5.05,-0.01,863,435815,卖盘
1711,10:40:21,5.06,0.01,50,25299,买盘
1712,10:40:18,5.05,--,6,3030,卖盘
1713,10:40:15,5.05,-0.01,9,4545,卖盘
1714,10:40:06,5.06,--,9,4554,买盘
1715,10:40:00,5.06,0.01,24,12143,买盘
1716,10:39:51,5.05,--,4,2020,卖盘
1717,10:39:48,5.05,--,35,17675,卖盘
1718,10:39:39,5.05,--,10,5050,卖盘
1719,10:39:33,5.05,--,20,10100,卖盘
1720,10:39:30,5.05,-0.01,28,14140,卖盘
1721,10:39:06,5.06,--,6,3035,买盘
1722,10:38:51,5.06,0.01,20,10120,买盘
1723,10:38:36,5.05,-0.01,6,3030,卖盘
1724,10:38:33,5.06,--,10,5060,买盘
1725,10:38:30,5.06,0.01,8,4047,买盘
1726,10:38:27,5.05,-0.01,23,11615,卖盘
1727,10:38:21,5.06,--,3,1517,买盘
1728,10:38:12,5.06,--,122,61731,买盘
1729,10:38:03,5.06,0.01,40,20240,买盘
1730,10:38:00,5.05,-0.01,7,3535,卖盘
1731,10:37:57,5.06,0.01,4,2023,买盘
1732,10:37:54,5.05,--,34,17170,卖盘
1733,10:37:51,5.05,--,300,151500,卖盘
1734,10:37:42,5.05,--,100,50500,卖盘
1735,10:37:39,5.05,--,138,69690,卖盘
1736,10:37:27,5.05,--,21,10605,卖盘
1737,10:37:21,5.05,--,50,25250,卖盘
1738,10:37:09,5.05,--,4,2020,卖盘
1739,10:37:06,5.05,--,10,5050,卖盘
1740,10:37:00,5.05,--,20,10100,卖盘
1741,10:36:48,5.05,--,1,505,卖盘
1742,10:36:30,5.05,--,16,8080,卖盘
1743,10:36:24,5.05,--,78,39390,卖盘
1744,10:35:48,5.05,-0.01,28,14140,卖盘
1745,10:35:45,5.06,--,14,7083,买盘
1746,10:35:33,5.06,0.01,1,505,买盘
1747,10:35:27,5.05,--,16,8080,卖盘
1748,10:35:24,5.05,--,50,25250,卖盘
1749,10:35:21,5.05,-0.01,3,1515,卖盘
1750,10:35:12,5.06,0.01,10,5060,买盘
1751,10:35:09,5.05,-0.01,253,128012,卖盘
1752,10:34:54,5.06,--,3,1517,买盘
1753,10:34:51,5.06,--,49,24793,买盘
1754,10:34:42,5.06,-0.01,393,198857,卖盘
1755,10:34:30,5.07,0.01,40,20280,买盘
1756,10:34:27,5.06,--,42,21252,卖盘
1757,10:34:21,5.06,--,100,50599,卖盘
1758,10:34:09,5.06,--,1,505,卖盘
1759,10:34:06,5.06,-0.01,10,5060,卖盘
1760,10:34:03,5.07,0.01,236,119652,买盘
1761,10:33:57,5.06,-0.01,15,7589,卖盘
1762,10:33:48,5.07,0.01,10,5070,买盘
1763,10:33:33,5.06,--,15,7589,卖盘
1764,10:33:12,5.06,--,3,1517,买盘
1765,10:33:06,5.06,-0.01,87,44022,中性盘
1766,10:32:30,5.07,--,19,9633,买盘
1767,10:32:24,5.07,--,177,89739,买盘
1768,10:32:12,5.07,0.01,6,3042,买盘
1769,10:32:06,5.06,--,54,27329,卖盘
1770,10:32:03,5.06,--,100,50599,卖盘
1771,10:31:51,5.06,--,6,3035,卖盘
1772,10:31:42,5.06,-0.01,3,1517,卖盘
1773,10:31:39,5.07,--,5,2535,买盘
1774,10:31:30,5.07,0.01,14,7473,买盘
1775,10:31:18,5.06,--,1,505,卖盘
1776,10:31:15,5.06,--,64,32383,卖盘
1777,10:31:12,5.06,-0.01,5,2656,卖盘
1778,10:31:06,5.07,0.01,81,41067,买盘
1779,10:30:54,5.06,--,74,37444,买盘
1780,10:30:42,5.06,-0.01,19,9614,卖盘
1781,10:30:36,5.07,0.01,500,253500,买盘
1782,10:30:33,5.06,--,71,35926,卖盘
1783,10:30:27,5.06,--,20,10120,卖盘
1784,10:30:18,5.06,--,100,50599,卖盘
1785,10:30:09,5.06,-0.01,30,15179,卖盘
1786,10:30:06,5.07,--,121,61347,买盘
1787,10:30:03,5.07,--,31,15717,买盘
1788,10:30:00,5.07,--,32,16224,买盘
1789,10:29:57,5.07,--,10,5070,买盘
1790,10:29:51,5.07,0.01,22,11154,买盘
1791,10:29:48,5.06,-0.01,3,1517,卖盘
1792,10:29:33,5.07,0.01,30,15210,买盘
1793,10:29:21,5.06,--,30,15179,卖盘
1794,10:29:18,5.06,--,240,121439,买盘
1795,10:29:15,5.06,--,20,10120,买盘
1796,10:29:12,5.06,--,188,95127,买盘
1797,10:29:06,5.06,0.01,1,505,买盘
1798,10:29:03,5.05,-0.01,205,103525,卖盘
1799,10:29:00,5.06,0.01,220,111319,买盘
1800,10:28:54,5.05,-0.01,13,6565,卖盘
1801,10:28:51,5.06,--,200,101199,买盘
1802,10:28:42,5.06,0.01,64,32383,买盘
1803,10:28:18,5.05,--,4,2020,卖盘
1804,10:28:15,5.05,-0.01,14,7070,买盘
1805,10:28:12,5.06,0.01,100,50599,买盘
1806,10:28:06,5.05,--,10,5050,买盘
1807,10:28:00,5.05,--,1,505,买盘
1808,10:27:57,5.05,--,7,3535,买盘
1809,10:27:54,5.05,--,180,90900,买盘
1810,10:27:51,5.05,--,83,41915,卖盘
1811,10:27:45,5.05,--,30,15150,卖盘
1812,10:27:39,5.05,-0.01,198,99990,卖盘
1813,10:27:27,5.06,0.01,67,33902,买盘
1814,10:27:21,5.05,--,50,25250,卖盘
1815,10:27:18,5.05,--,4,2020,卖盘
1816,10:27:09,5.05,--,68,34340,买盘
1817,10:27:03,5.05,--,13,6565,卖盘
1818,10:27:00,5.05,--,143,72215,买盘
1819,10:26:57,5.05,0.01,3,1515,买盘
1820,10:26:39,5.04,-0.01,20,10080,卖盘
1821,10:26:36,5.05,--,20,10100,买盘
1822,10:26:33,5.05,--,10,5050,买盘
1823,10:26:30,5.05,--,1,505,买盘
1824,10:26:27,5.05,--,2,1010,买盘
1825,10:26:21,5.05,--,5,2525,买盘
1826,10:26:15,5.05,0.01,14,7070,买盘
1827,10:26:12,5.04,-0.01,686,345744,卖盘
1828,10:26:09,5.05,--,2,1010,卖盘
1829,10:26:00,5.05,--,23,11615,买盘
1830,10:25:57,5.05,--,11,5555,买盘
1831,10:25:54,5.05,--,10,5050,买盘
1832,10:25:42,5.05,0.01,10,5050,买盘
1833,10:25:33,5.04,-0.01,1,504,卖盘
1834,10:25:24,5.05,0.01,153,77265,买盘
1835,10:25:21,5.04,--,1,504,卖盘
1836,10:25:12,5.04,--,44,22176,卖盘
1837,10:25:03,5.04,--,22,11088,卖盘
1838,10:25:00,5.04,--,61,30744,卖盘
1839,10:24:48,5.04,--,6,3024,卖盘
1840,10:24:45,5.04,--,60,30240,卖盘
1841,10:24:42,5.04,-0.01,167,84168,卖盘
1842,10:24:39,5.05,0.01,109,55045,买盘
1843,10:24:36,5.04,0.01,6,3024,中性盘
1844,10:24:30,5.03,--,38,19114,卖盘
1845,10:24:24,5.03,--,16,8048,卖盘
1846,10:24:18,5.03,-0.01,1006,506018,卖盘
1847,10:24:15,5.04,--,90,45360,买盘
1848,10:24:09,5.04,0.01,10,5040,买盘
1849,10:24:03,5.03,--,179,90037,卖盘
1850,10:24:00,5.03,-0.01,414,208242,卖盘
1851,10:23:54,5.04,0.01,100,50400,买盘
1852,10:23:45,5.03,--,20,10060,卖盘
1853,10:23:42,5.03,--,50,25150,卖盘
1854,10:23:39,5.03,--,10,5030,卖盘
1855,10:23:36,5.03,--,1000,503452,买盘
1856,10:23:30,5.03,0.01,80,40240,买盘
1857,10:23:27,5.02,--,10,5020,卖盘
1858,10:23:21,5.02,--,34,17068,卖盘
1859,10:23:12,5.02,--,230,115459,卖盘
1860,10:23:06,5.02,-0.01,47,23593,卖盘
1861,10:23:03,5.03,--,10,5030,买盘
1862,10:23:00,5.03,0.01,2,1006,买盘
1863,10:22:57,5.02,-0.01,36,18072,卖盘
1864,10:22:54,5.03,--,3,1509,买盘
1865,10:22:42,5.03,--,20,10060,买盘
1866,10:22:30,5.03,--,1944,977882,卖盘
1867,10:22:18,5.03,--,150,75450,卖盘
1868,10:22:15,5.03,-0.01,130,65390,卖盘
1869,10:22:12,5.04,0.01,202,101808,买盘
1870,10:22:09,5.03,--,140,70420,卖盘
1871,10:22:06,5.03,--,10,5030,卖盘
1872,10:22:03,5.03,-0.01,15,7545,卖盘
1873,10:21:48,5.04,--,30,15120,买盘
1874,10:21:45,5.04,0.01,3,1512,买盘
1875,10:21:42,5.03,-0.01,175,88025,卖盘
1876,10:21:36,5.04,--,70,35280,买盘
1877,10:21:33,5.04,--,7,3528,买盘
1878,10:21:30,5.04,0.01,77,38808,买盘
1879,10:21:24,5.03,-0.01,19,9557,卖盘
1880,10:21:21,5.04,0.01,5,2520,买盘
1881,10:21:18,5.03,--,30,15090,卖盘
1882,10:21:15,5.03,-0.01,57,28671,卖盘
1883,10:21:12,5.04,0.01,70,35280,买盘
1884,10:21:03,5.03,-0.01,9,4527,卖盘
1885,10:20:57,5.04,--,2,1008,买盘
1886,10:20:54,5.04,0.01,100,50400,买盘
1887,10:20:48,5.03,--,2,1006,卖盘
1888,10:20:42,5.03,-0.01,310,155930,卖盘
1889,10:20:21,5.04,--,60,30240,买盘
1890,10:20:18,5.04,--,3,1512,买盘
1891,10:20:09,5.04,--,103,51912,买盘
1892,10:20:03,5.04,--,3,1512,买盘
1893,10:20:00,5.04,--,1,504,买盘
1894,10:19:51,5.04,--,8,4032,买盘
1895,10:19:48,5.04,--,23,11592,买盘
1896,10:19:45,5.04,0.01,6,3024,买盘
1897,10:19:42,5.03,-0.01,11,5985,卖盘
1898,10:19:33,5.04,0.01,10,5040,买盘
1899,10:19:27,5.03,-0.01,103,51809,卖盘
1900,10:19:18,5.04,--,31,15624,买盘
1901,10:19:12,5.04,--,10,5040,买盘
1902,10:19:09,5.04,-0.01,53,26712,卖盘
1903,10:19:06,5.05,0.01,76,38380,买盘
1904,10:19:03,5.04,--,186,93744,卖盘
1905,10:18:39,5.04,--,29,14616,买盘
1906,10:18:33,5.04,-0.01,71,35784,卖盘
1907,10:18:30,5.05,--,86,43430,卖盘
1908,10:18:27,5.05,--,17,8585,卖盘
1909,10:18:24,5.05,--,5,2525,卖盘
1910,10:18:21,5.05,0.01,187,94435,买盘
1911,10:18:18,5.04,--,20,10080,卖盘
1912,10:18:15,5.04,-0.01,2,1008,卖盘
1913,10:18:12,5.05,0.01,17,8585,买盘
1914,10:18:06,5.04,--,20,10080,卖盘
1915,10:18:00,5.04,-0.01,337,169848,卖盘
1916,10:17:54,5.05,0.01,230,116150,买盘
1917,10:17:48,5.04,-0.01,300,151200,卖盘
1918,10:17:42,5.05,--,101,51005,买盘
1919,10:17:33,5.05,0.01,10,5050,买盘
1920,10:17:30,5.04,--,3,1512,卖盘
1921,10:17:27,5.04,-0.01,63,31752,卖盘
1922,10:17:21,5.05,0.01,3,1515,买盘
1923,10:17:00,5.04,--,130,65520,卖盘
1924,10:16:57,5.04,--,19,9828,买盘
1925,10:16:54,5.04,--,423,213192,买盘
1926,10:16:45,5.04,--,12,6048,买盘
1927,10:16:39,5.04,--,100,50400,买盘
1928,10:16:36,5.04,--,200,100800,买盘
1929,10:16:30,5.04,-0.01,327,165060,卖盘
1930,10:16:27,5.05,0.01,44,22220,买盘
1931,10:16:24,5.04,-0.01,143,72072,卖盘
1932,10:16:18,5.05,0.01,238,120190,买盘
1933,10:16:15,5.04,--,5,2520,卖盘
1934,10:16:12,5.04,--,33,16632,卖盘
1935,10:15:57,5.04,0.01,56,28476,买盘
1936,10:15:54,5.03,-0.01,42,21126,卖盘
1937,10:15:51,5.04,0.01,251,126504,买盘
1938,10:15:36,5.03,-0.01,44,22132,卖盘
1939,10:15:33,5.04,0.01,112,56448,买盘
1940,10:15:30,5.03,--,20,10060,卖盘
1941,10:15:27,5.03,-0.01,125,62875,卖盘
1942,10:15:24,5.04,0.01,3,1512,买盘
1943,10:15:21,5.03,-0.01,1,503,卖盘
1944,10:15:18,5.04,--,49,24696,买盘
1945,10:15:15,5.04,0.01,382,192528,买盘
1946,10:15:12,5.03,--,69,34707,卖盘
1947,10:15:09,5.03,--,33,16599,卖盘
1948,10:15:06,5.03,-0.01,168,84504,卖盘
1949,10:15:03,5.04,0.01,38,19152,买盘
1950,10:15:00,5.03,--,13,6539,卖盘
1951,10:14:57,5.03,-0.01,37,18611,卖盘
1952,10:14:54,5.04,--,30,15120,买盘
1953,10:14:48,5.04,0.01,10,5040,买盘
1954,10:14:45,5.03,-0.01,3,1509,卖盘
1955,10:14:39,5.04,--,70,35280,买盘
1956,10:14:36,5.04,--,500,252000,买盘
1957,10:14:33,5.04,--,2,1008,买盘
1958,10:14:30,5.04,0.01,105,52920,买盘
1959,10:14:27,5.03,--,16,8048,卖盘
1960,10:14:24,5.03,--,25,12575,卖盘
1961,10:14:21,5.03,--,10,5030,卖盘
1962,10:14:18,5.03,--,10,5030,卖盘
1963,10:14:09,5.03,--,50,25150,卖盘
1964,10:14:03,5.03,--,140,70420,卖盘
1965,10:14:00,5.03,--,19,9557,卖盘
1966,10:13:57,5.03,--,227,114181,卖盘
1967,10:13:51,5.03,--,12,6036,卖盘
1968,10:13:48,5.03,--,134,67402,卖盘
1969,10:13:45,5.03,--,52,26156,卖盘
1970,10:13:42,5.03,--,22,11066,卖盘
1971,10:13:39,5.03,--,4,2012,卖盘
1972,10:13:36,5.03,0.01,2,1006,中性盘
1973,10:13:33,5.02,--,76,38152,卖盘
1974,10:13:30,5.02,-0.02,5,2510,卖盘
1975,10:13:27,5.04,0.01,538,271152,买盘
1976,10:13:21,5.03,--,6,3269,卖盘
1977,10:13:18,5.03,--,44,22132,卖盘
1978,10:13:15,5.03,--,129,64887,卖盘
1979,10:13:12,5.03,--,20,10060,卖盘
1980,10:13:09,5.03,0.01,149,75198,买盘
1981,10:13:06,5.02,--,151,75802,卖盘
1982,10:13:03,5.02,-0.01,10,5020,卖盘
1983,10:13:00,5.03,0.01,5,2515,买盘
1984,10:12:54,5.02,--,103,51705,卖盘
1985,10:12:51,5.02,-0.01,41,20582,卖盘
1986,10:12:48,5.03,0.01,222,111666,买盘
1987,10:12:45,5.02,--,30,15059,卖盘
1988,10:12:42,5.02,--,8,4015,卖盘
1989,10:12:39,5.02,-0.01,42,21084,卖盘
1990,10:12:36,5.03,0.01,165,82995,买盘
1991,10:12:33,5.02,-0.01,7,3513,卖盘
1992,10:12:30,5.03,0.01,163,81989,买盘
1993,10:12:27,5.02,--,137,68774,卖盘
1994,10:12:24,5.02,-0.01,40,20080,卖盘
1995,10:12:21,5.03,0.01,67,33701,买盘
1996,10:12:18,5.02,--,70,35140,卖盘
1997,10:12:12,5.02,--,22,11043,卖盘
1998,10:12:09,5.02,--,597,299694,卖盘
1999,10:12:06,5.02,0.01,25,12549,买盘
2000,10:12:03,5.01,--,77,38577,卖盘
2001,10:12:00,5.01,-0.02,99,49599,卖盘
2002,10:11:57,5.03,0.02,5,2515,买盘
2003,10:11:54,5.01,-0.01,137,68637,卖盘
2004,10:11:51,5.02,--,426,213851,卖盘
2005,10:11:48,5.02,--,453,227405,卖盘
2006,10:11:45,5.02,--,1224,614714,卖盘
2007,10:11:39,5.02,-0.01,422,211843,卖盘
2008,10:11:36,5.03,0.01,208,104624,买盘
2009,10:11:33,5.02,--,105,52709,卖盘
2010,10:11:30,5.02,-0.01,20,10040,卖盘
2011,10:11:27,5.03,--,1,503,买盘
2012,10:11:24,5.03,--,15,7545,买盘
2013,10:11:21,5.03,-0.01,1214,610642,卖盘
2014,10:11:18,5.04,--,2,1008,买盘
2015,10:11:15,5.04,--,11,5544,买盘
2016,10:11:12,5.04,--,466,235116,卖盘
2017,10:11:09,5.04,-0.01,327,164808,卖盘
2018,10:11:03,5.05,--,89,45197,买盘
2019,10:11:00,5.05,0.01,10,5050,买盘
2020,10:10:57,5.04,-0.01,31,15624,卖盘
2021,10:10:54,5.05,--,1,505,买盘
2022,10:10:51,5.05,--,95,47975,买盘
2023,10:10:48,5.05,--,2,1010,买盘
2024,10:10:45,5.05,--,1,505,买盘
2025,10:10:42,5.05,--,5,2525,买盘
2026,10:10:39,5.05,--,52,26260,买盘
2027,10:10:36,5.05,--,86,43430,买盘
2028,10:10:27,5.05,--,460,232426,卖盘
2029,10:10:21,5.05,--,802,405010,卖盘
2030,10:10:12,5.05,-0.01,3,1515,卖盘
2031,10:10:09,5.06,--,19,9614,买盘
2032,10:10:06,5.06,0.01,2,1011,买盘
2033,10:09:57,5.05,-0.01,100,50500,卖盘
2034,10:09:54,5.06,--,98,49587,买盘
2035,10:09:51,5.06,--,8,4047,买盘
2036,10:09:48,5.06,--,265,134090,买盘
2037,10:09:36,5.06,--,32,16191,买盘
2038,10:09:33,5.06,--,12,6071,买盘
2039,10:09:15,5.06,--,1,505,买盘
2040,10:09:12,5.06,--,55,27829,买盘
2041,10:09:09,5.06,--,406,205435,买盘
2042,10:09:06,5.06,0.01,10,5060,买盘
2043,10:09:03,5.05,--,20,10100,卖盘
2044,10:08:57,5.05,--,78,39390,卖盘
2045,10:08:54,5.05,--,60,30300,卖盘
2046,10:08:51,5.05,-0.01,28,14140,卖盘
2047,10:08:45,5.06,0.01,90,45540,买盘
2048,10:08:39,5.05,-0.01,5,2525,卖盘
2049,10:08:36,5.06,--,21,10626,买盘
2050,10:08:33,5.06,0.01,129,65273,买盘
2051,10:08:30,5.05,-0.01,7,3535,卖盘
2052,10:08:27,5.06,--,125,63249,买盘
2053,10:08:24,5.06,--,50,25299,买盘
2054,10:08:21,5.06,--,10,5060,买盘
2055,10:08:18,5.06,0.01,112,56671,买盘
2056,10:08:15,5.05,--,53,26765,卖盘
2057,10:08:12,5.05,-0.01,105,53025,卖盘
2058,10:07:57,5.06,--,65,32890,买盘
2059,10:07:54,5.06,--,23,11638,卖盘
2060,10:07:45,5.06,0.01,207,104741,买盘
2061,10:07:39,5.05,--,7,3535,卖盘
2062,10:07:36,5.05,--,150,75750,卖盘
2063,10:07:24,5.05,--,2,1010,卖盘
2064,10:07:12,5.05,-0.01,5,2525,卖盘
2065,10:07:09,5.06,0.01,2,1011,买盘
2066,10:06:57,5.05,-0.01,11,5555,卖盘
2067,10:06:48,5.06,0.01,70,35420,买盘
2068,10:06:45,5.05,--,4,2020,卖盘
2069,10:06:42,5.05,-0.01,196,98980,卖盘
2070,10:06:39,5.06,--,13,6577,买盘
2071,10:06:36,5.06,--,20,10120,买盘
2072,10:06:30,5.06,0.01,13,6577,买盘
2073,10:06:06,5.05,--,25,12625,卖盘
2074,10:06:03,5.05,--,2,1010,卖盘
2075,10:05:51,5.05,--,10,5050,卖盘
2076,10:05:48,5.05,-0.01,20,10100,卖盘
2077,10:05:45,5.06,--,12,6071,买盘
2078,10:05:39,5.06,--,12,6071,买盘
2079,10:05:36,5.06,--,19,9614,买盘
2080,10:05:33,5.06,0.01,25,12649,买盘
2081,10:05:24,5.05,-0.01,13,6565,卖盘
2082,10:05:21,5.06,--,39,19734,买盘
2083,10:05:18,5.06,--,5,2530,买盘
2084,10:05:09,5.06,--,5,2530,买盘
2085,10:05:00,5.06,--,20,10120,买盘
2086,10:04:57,5.06,--,11,5566,买盘
2087,10:04:54,5.06,--,31,15685,买盘
2088,10:04:48,5.06,--,79,39974,买盘
2089,10:04:39,5.06,--,98,49587,卖盘
2090,10:04:33,5.06,-0.01,227,114861,卖盘
2091,10:04:30,5.07,--,1,507,买盘
2092,10:04:27,5.07,0.01,20,10140,买盘
2093,10:04:24,5.06,-0.01,2,1011,卖盘
2094,10:04:21,5.07,0.01,49,24843,买盘
2095,10:04:18,5.06,--,99,50093,买盘
2096,10:04:12,5.06,--,69,34914,卖盘
2097,10:04:09,5.06,-0.01,112,56671,卖盘
2098,10:03:54,5.07,0.01,15,7605,买盘
2099,10:03:51,5.06,--,9,4554,买盘
2100,10:03:48,5.06,0.01,21,10626,买盘
2101,10:03:45,5.05,-0.01,65,32825,卖盘
2102,10:03:42,5.06,--,60,30359,买盘
2103,10:03:36,5.06,--,14,7463,卖盘
2104,10:03:21,5.06,--,12,6198,买盘
2105,10:03:15,5.06,--,37,19101,卖盘
2106,10:03:12,5.06,--,15,7716,卖盘
2107,10:03:06,5.06,--,10,5060,卖盘
2108,10:02:57,5.06,-0.01,337,170522,卖盘
2109,10:02:42,5.07,0.01,20,10140,买盘
2110,10:02:36,5.06,--,12,6071,卖盘
2111,10:02:30,5.06,--,59,29853,卖盘
2112,10:02:27,5.06,--,5,2530,卖盘
2113,10:02:24,5.06,--,517,261601,买盘
2114,10:02:18,5.06,0.01,300,151800,买盘
2115,10:02:09,5.05,-0.01,5,2525,卖盘
2116,10:02:03,5.06,--,107,54141,买盘
2117,10:01:51,5.06,--,3,1517,买盘
2118,10:01:48,5.06,0.01,33,16698,买盘
2119,10:01:45,5.05,-0.01,302,152510,卖盘
2120,10:01:33,5.06,--,2,1011,买盘
2121,10:01:30,5.06,--,20,10120,买盘
2122,10:01:27,5.06,--,33,16698,买盘
2123,10:01:24,5.06,0.01,5,2530,买盘
2124,10:01:21,5.05,-0.01,120,60600,卖盘
2125,10:01:18,5.06,0.01,5,2530,买盘
2126,10:01:15,5.05,-0.01,1,883,卖盘
2127,10:01:12,5.06,--,362,183172,买盘
2128,10:01:06,5.06,--,10,5060,买盘
2129,10:01:03,5.06,--,6,3035,买盘
2130,10:01:00,5.06,0.01,32,16191,买盘
2131,10:00:57,5.05,-0.01,24,12120,卖盘
2132,10:00:54,5.06,--,200,101199,买盘
2133,10:00:51,5.06,--,5,2530,买盘
2134,10:00:48,5.06,--,83,41998,买盘
2135,10:00:45,5.06,0.01,10,5060,买盘
2136,10:00:39,5.05,-0.01,24,12120,卖盘
2137,10:00:30,5.06,0.01,3,1517,买盘
2138,10:00:27,5.05,--,10,5050,卖盘
2139,10:00:24,5.05,--,8,4040,卖盘
2140,10:00:21,5.05,--,131,66155,卖盘
2141,10:00:18,5.05,--,1,505,卖盘
2142,10:00:15,5.05,--,9,4545,卖盘
2143,10:00:09,5.05,--,79,39895,卖盘
2144,10:00:06,5.05,--,1,505,卖盘
2145,10:00:00,5.05,-0.01,10,5050,卖盘
2146,09:59:57,5.06,0.01,10,5060,买盘
2147,09:59:45,5.05,0.01,398,200990,买盘
2148,09:59:42,5.04,-0.01,27,13608,卖盘
2149,09:59:39,5.05,--,5,2525,买盘
2150,09:59:36,5.05,--,1,505,买盘
2151,09:59:33,5.05,--,5,2525,买盘
2152,09:59:24,5.05,0.01,13,6565,买盘
2153,09:59:21,5.04,-0.01,85,42840,卖盘
2154,09:59:15,5.05,0.01,12,6060,买盘
2155,09:59:12,5.04,-0.01,18,9072,卖盘
2156,09:59:09,5.05,0.01,49,24745,买盘
2157,09:59:06,5.04,--,8,4032,卖盘
2158,09:59:03,5.04,--,79,39816,卖盘
2159,09:59:00,5.04,--,5,2520,卖盘
2160,09:58:57,5.04,--,160,80640,买盘
2161,09:58:54,5.04,--,2,1008,中性盘
2162,09:58:48,5.04,--,100,50400,卖盘
2163,09:58:45,5.04,--,78,39312,卖盘
2164,09:58:42,5.04,--,4,2016,卖盘
2165,09:58:39,5.04,--,202,101808,买盘
2166,09:58:36,5.04,0.01,100,50400,买盘
2167,09:58:33,5.03,-0.01,63,31689,卖盘
2168,09:58:27,5.04,0.01,62,31248,买盘
2169,09:58:24,5.03,--,96,48288,卖盘
2170,09:58:21,5.03,-0.01,71,35713,卖盘
2171,09:58:18,5.04,0.01,26,13104,买盘
2172,09:58:15,5.03,--,136,68408,卖盘
2173,09:58:12,5.03,-0.01,53,26659,卖盘
2174,09:58:09,5.04,0.01,500,252000,买盘
2175,09:58:06,5.03,--,1,503,卖盘
2176,09:58:00,5.03,-0.01,5,2515,卖盘
2177,09:57:57,5.04,--,2,1008,买盘
2178,09:57:54,5.04,--,295,148680,买盘
2179,09:57:51,5.04,--,10,5040,买盘
2180,09:57:48,5.04,0.01,70,35280,买盘
2181,09:57:45,5.03,-0.01,206,103618,卖盘
2182,09:57:36,5.04,0.01,117,58968,买盘
2183,09:57:33,5.03,--,108,54324,卖盘
2184,09:57:30,5.03,-0.01,1,503,卖盘
2185,09:57:27,5.04,0.01,80,40320,买盘
2186,09:57:24,5.03,--,1,503,卖盘
2187,09:57:18,5.03,--,874,439622,卖盘
2188,09:57:15,5.03,-0.01,19,9557,卖盘
2189,09:57:12,5.04,--,65,32760,买盘
2190,09:57:06,5.04,--,2,1008,买盘
2191,09:57:03,5.04,--,20,10080,买盘
2192,09:57:00,5.04,--,164,82656,买盘
2193,09:56:57,5.04,0.01,13,6552,买盘
2194,09:56:54,5.03,-0.01,193,97079,卖盘
2195,09:56:51,5.04,--,160,80640,买盘
2196,09:56:48,5.04,--,10,5040,买盘
2197,09:56:45,5.04,--,20,10080,买盘
2198,09:56:42,5.04,--,4,2016,买盘
2199,09:56:36,5.04,0.01,10,5040,买盘
2200,09:56:33,5.03,-0.01,2,1006,卖盘
2201,09:56:30,5.04,0.01,114,57456,买盘
2202,09:56:27,5.03,-0.01,285,143355,卖盘
2203,09:56:21,5.04,--,9,4536,买盘
2204,09:56:18,5.04,--,65,32760,买盘
2205,09:56:15,5.04,--,102,51408,买盘
2206,09:56:12,5.04,--,35,17640,买盘
2207,09:56:09,5.04,--,88,44352,卖盘
2208,09:56:06,5.04,--,21,10584,卖盘
2209,09:56:00,5.04,0.01,273,137592,买盘
2210,09:55:57,5.03,-0.01,94,47282,卖盘
2211,09:55:54,5.04,--,25,12600,买盘
2212,09:55:51,5.04,0.01,11,5544,买盘
2213,09:55:48,5.03,-0.01,124,62372,卖盘
2214,09:55:45,5.04,0.01,56,28224,中性盘
2215,09:55:42,5.03,-0.01,82,41246,卖盘
2216,09:55:39,5.04,-0.01,268,135072,卖盘
2217,09:55:36,5.05,0.01,22,11110,买盘
2218,09:55:33,5.04,--,260,131040,卖盘
2219,09:55:30,5.04,--,105,52920,卖盘
2220,09:55:27,5.04,--,176,88704,卖盘
2221,09:55:24,5.04,--,10,5040,卖盘
2222,09:55:21,5.04,--,125,63000,卖盘
2223,09:55:18,5.04,--,48,24192,卖盘
2224,09:55:15,5.04,--,201,101304,卖盘
2225,09:55:12,5.04,--,97,48888,卖盘
2226,09:55:09,5.04,--,57,28728,卖盘
2227,09:55:06,5.04,-0.01,11,5544,卖盘
2228,09:55:00,5.05,--,58,29290,买盘
2229,09:54:57,5.05,0.01,27,13635,买盘
2230,09:54:51,5.04,-0.01,221,111384,卖盘
2231,09:54:48,5.05,--,40,20200,买盘
2232,09:54:45,5.05,--,33,16665,买盘
2233,09:54:42,5.05,--,29,14645,买盘
2234,09:54:36,5.05,--,30,15150,买盘
2235,09:54:33,5.05,--,66,33330,买盘
2236,09:54:30,5.05,--,50,25250,买盘
2237,09:54:24,5.05,--,50,25250,买盘
2238,09:54:21,5.05,--,1193,602465,卖盘
2239,09:54:15,5.05,-0.01,1,505,卖盘
2240,09:54:09,5.06,--,50,25299,买盘
2241,09:54:06,5.06,--,17,8602,买盘
2242,09:54:03,5.06,--,120,60719,买盘
2243,09:54:00,5.06,--,192,97151,卖盘
2244,09:53:57,5.06,--,100,50599,卖盘
2245,09:53:54,5.06,--,63,31877,卖盘
2246,09:53:51,5.06,--,97,49081,卖盘
2247,09:53:45,5.06,-0.01,97,49081,卖盘
2248,09:53:42,5.07,0.01,50,25350,买盘
2249,09:53:36,5.06,-0.01,25,12649,卖盘
2250,09:53:33,5.07,0.01,1,507,买盘
2251,09:53:30,5.06,--,64,32383,买盘
2252,09:53:21,5.06,--,30,15179,买盘
2253,09:53:18,5.06,0.01,23,11638,买盘
2254,09:53:15,5.05,-0.02,93,46965,卖盘
2255,09:53:12,5.07,0.01,46,23322,买盘
2256,09:53:09,5.06,--,61,30865,卖盘
2257,09:53:06,5.06,--,279,141174,卖盘
2258,09:52:57,5.06,--,238,120427,卖盘
2259,09:52:54,5.06,--,74,37444,卖盘
2260,09:52:39,5.06,--,10,5060,卖盘
2261,09:52:33,5.06,--,78,39468,卖盘
2262,09:52:30,5.06,--,10,5060,卖盘
2263,09:52:24,5.06,--,9,4554,卖盘
2264,09:52:21,5.06,0.01,873,441737,买盘
2265,09:52:18,5.05,-0.01,108,54540,卖盘
2266,09:52:12,5.06,0.01,30,15179,买盘
2267,09:52:09,5.05,-0.01,1,505,卖盘
2268,09:52:06,5.06,0.01,4,2023,买盘
2269,09:52:03,5.05,-0.01,10,5050,卖盘
2270,09:52:00,5.06,--,510,258059,买盘
2271,09:51:57,5.06,0.01,2,1011,买盘
2272,09:51:54,5.05,--,15,7575,卖盘
2273,09:51:51,5.05,-0.01,210,106050,卖盘
2274,09:51:48,5.06,--,47,23781,买盘
2275,09:51:45,5.06,--,68,34408,买盘
2276,09:51:36,5.06,0.01,28,14167,买盘
2277,09:51:24,5.05,--,10,5050,卖盘
2278,09:51:21,5.05,--,812,410060,买盘
2279,09:51:18,5.05,--,15,7575,买盘
2280,09:51:15,5.05,--,597,301485,买盘
2281,09:51:12,5.05,--,11,5555,买盘
2282,09:51:09,5.05,--,3,1515,买盘
2283,09:51:06,5.05,--,1020,515100,买盘
2284,09:51:00,5.05,--,110,55550,买盘
2285,09:50:54,5.05,-0.01,1028,519140,卖盘
2286,09:50:48,5.06,--,5,2530,卖盘
2287,09:50:45,5.06,--,300,151800,卖盘
2288,09:50:39,5.06,--,1,505,卖盘
2289,09:50:36,5.06,0.01,135,68310,买盘
2290,09:50:30,5.05,-0.01,6,3030,卖盘
2291,09:50:27,5.06,0.01,200,101199,买盘
2292,09:50:15,5.05,--,19,9595,买盘
2293,09:50:12,5.05,--,5,2525,买盘
2294,09:50:09,5.05,--,3,1515,买盘
2295,09:50:06,5.05,-0.01,143,72215,中性盘
2296,09:50:03,5.06,--,365,184690,买盘
2297,09:50:00,5.06,--,254,128523,买盘
2298,09:49:57,5.06,--,10,5060,买盘
2299,09:49:51,5.06,0.01,1,505,买盘
2300,09:49:48,5.05,--,67,33835,卖盘
2301,09:49:42,5.05,-0.01,36,18180,卖盘
2302,09:49:39,5.06,--,5,2530,买盘
2303,09:49:36,5.06,0.01,71,35926,买盘
2304,09:49:33,5.05,--,250,126250,买盘
2305,09:49:30,5.05,--,4,2020,买盘
2306,09:49:27,5.05,0.01,135,68175,买盘
2307,09:49:24,5.04,-0.02,1431,721224,卖盘
2308,09:49:21,5.06,0.01,40,20240,买盘
2309,09:49:18,5.05,--,15,7575,卖盘
2310,09:49:03,5.05,--,816,412080,买盘
2311,09:49:00,5.05,--,4,2020,买盘
2312,09:48:57,5.05,0.01,58,29290,买盘
2313,09:48:54,5.04,--,25,12600,卖盘
2314,09:48:51,5.04,-0.01,509,256536,卖盘
2315,09:48:48,5.05,--,14,7070,买盘
2316,09:48:45,5.05,--,264,133320,买盘
2317,09:48:42,5.05,0.01,10,5050,买盘
2318,09:48:36,5.04,-0.01,4,2016,卖盘
2319,09:48:30,5.05,--,44,22220,买盘
2320,09:48:27,5.05,0.01,100,50500,买盘
2321,09:48:24,5.04,-0.01,40,20160,卖盘
2322,09:48:21,5.05,--,10,5050,买盘
2323,09:48:18,5.05,--,13,6565,买盘
2324,09:48:15,5.05,0.01,10,5050,买盘
2325,09:48:12,5.04,-0.01,500,252000,卖盘
2326,09:48:09,5.05,--,9,4545,买盘
2327,09:48:06,5.05,0.01,40,20200,买盘
2328,09:48:03,5.04,-0.01,20,10080,卖盘
2329,09:48:00,5.05,--,88,44440,买盘
2330,09:47:57,5.05,--,250,126250,买盘
2331,09:47:54,5.05,--,11,5555,买盘
2332,09:47:51,5.05,--,47,23735,买盘
2333,09:47:48,5.05,-0.01,369,186345,卖盘
2334,09:47:45,5.06,0.01,10,5060,买盘
2335,09:47:42,5.05,-0.01,97,48985,卖盘
2336,09:47:39,5.06,--,30,15179,卖盘
2337,09:47:36,5.06,--,3,1517,卖盘
2338,09:47:33,5.06,0.01,158,79948,买盘
2339,09:47:30,5.05,-0.01,22,11110,卖盘
2340,09:47:27,5.06,0.01,3,1517,买盘
2341,09:47:24,5.05,--,140,70700,卖盘
2342,09:47:18,5.05,--,8,4040,卖盘
2343,09:47:15,5.05,-0.01,1,505,卖盘
2344,09:47:12,5.06,--,13,6577,买盘
2345,09:47:09,5.06,--,10,5060,买盘
2346,09:47:06,5.06,0.01,10,5060,买盘
2347,09:47:03,5.05,--,70,35350,卖盘
2348,09:47:00,5.05,--,8,4040,卖盘
2349,09:46:57,5.05,-0.01,120,60600,卖盘
2350,09:46:54,5.06,0.01,137,69322,买盘
2351,09:46:51,5.05,--,127,64135,卖盘
2352,09:46:48,5.05,-0.01,412,208060,卖盘
2353,09:46:45,5.06,0.01,37,18722,买盘
2354,09:46:42,5.05,--,104,52520,卖盘
2355,09:46:39,5.05,-0.01,72,36360,卖盘
2356,09:46:36,5.06,0.01,57,28841,买盘
2357,09:46:33,5.05,--,3,1515,卖盘
2358,09:46:30,5.05,--,50,25250,卖盘
2359,09:46:27,5.05,-0.01,64,32320,卖盘
2360,09:46:24,5.06,--,18,9108,买盘
2361,09:46:21,5.06,0.01,21,10626,买盘
2362,09:46:18,5.05,-0.01,64,32320,卖盘
2363,09:46:09,5.06,--,26,13155,买盘
2364,09:46:03,5.06,--,50,25299,买盘
2365,09:46:00,5.06,0.01,2,1011,中性盘
2366,09:45:57,5.05,--,20,10100,卖盘
2367,09:45:54,5.05,--,45,22725,卖盘
2368,09:45:51,5.05,-0.01,299,150995,卖盘
2369,09:45:48,5.06,0.01,114,57683,买盘
2370,09:45:45,5.05,--,10,5050,卖盘
2371,09:45:42,5.05,-0.01,179,90395,卖盘
2372,09:45:39,5.06,0.01,280,141680,买盘
2373,09:45:36,5.05,--,9,4545,卖盘
2374,09:45:33,5.05,--,1,505,卖盘
2375,09:45:27,5.05,--,71,35855,卖盘
2376,09:45:24,5.05,-0.01,82,41410,卖盘
2377,09:45:18,5.06,0.01,24,12143,买盘
2378,09:45:15,5.05,-0.01,35,17675,卖盘
2379,09:45:12,5.06,--,7,3541,买盘
2380,09:45:06,5.06,--,10,5060,买盘
2381,09:45:03,5.06,--,162,81972,卖盘
2382,09:45:00,5.06,-0.01,20,10120,卖盘
2383,09:44:57,5.07,0.01,41,20787,买盘
2384,09:44:54,5.06,--,11,5566,卖盘
2385,09:44:48,5.06,--,43,21758,卖盘
2386,09:44:45,5.06,--,78,39468,卖盘
2387,09:44:42,5.06,--,41,20746,卖盘
2388,09:44:39,5.06,-0.01,4,2023,卖盘
2389,09:44:36,5.07,0.01,5,2535,买盘
2390,09:44:30,5.06,--,258,130547,卖盘
2391,09:44:27,5.06,-0.01,9,4554,卖盘
2392,09:44:24,5.07,--,123,62361,买盘
2393,09:44:21,5.07,--,12,6084,买盘
2394,09:44:18,5.07,--,20,10140,买盘
2395,09:44:09,5.07,0.01,81,41067,卖盘
2396,09:43:57,5.06,-0.01,54,27323,卖盘
2397,09:43:54,5.07,--,104,52728,买盘
2398,09:43:51,5.07,--,10,5070,买盘
2399,09:43:48,5.07,--,5,2535,买盘
2400,09:43:45,5.07,0.01,56,28392,买盘
2401,09:43:42,5.06,-0.01,63,31877,卖盘
2402,09:43:39,5.07,0.01,106,53742,买盘
2403,09:43:33,5.06,-0.01,70,35420,卖盘
2404,09:43:30,5.07,0.01,10,5070,买盘
2405,09:43:27,5.06,--,10,5060,卖盘
2406,09:43:24,5.06,--,94,47563,卖盘
2407,09:43:21,5.06,0.01,32,16191,买盘
2408,09:43:18,5.05,--,14,7070,卖盘
2409,09:43:15,5.05,-0.01,160,80800,卖盘
2410,09:43:12,5.06,0.01,10,5060,买盘
2411,09:43:06,5.05,0.01,405,204525,买盘
2412,09:43:03,5.04,--,39,19656,卖盘
2413,09:43:00,5.04,-0.01,10,5040,卖盘
2414,09:42:54,5.05,0.01,169,85345,买盘
2415,09:42:51,5.04,-0.01,150,75600,卖盘
2416,09:42:48,5.05,--,224,113120,买盘
2417,09:42:45,5.05,0.01,29,14645,买盘
2418,09:42:42,5.04,--,13,6552,卖盘
2419,09:42:39,5.04,--,173,87192,卖盘
2420,09:42:36,5.04,--,20,10080,卖盘
2421,09:42:33,5.04,--,854,430416,买盘
2422,09:42:30,5.04,0.01,70,35280,买盘
2423,09:42:27,5.03,--,50,25150,卖盘
2424,09:42:24,5.03,--,219,110157,卖盘
2425,09:42:21,5.03,--,20,10060,卖盘
2426,09:42:15,5.03,-0.01,49,24647,卖盘
2427,09:42:12,5.04,--,70,35280,买盘
2428,09:42:09,5.04,--,205,103320,买盘
2429,09:42:06,5.04,0.02,44,22176,买盘
2430,09:42:03,5.02,--,277,139054,卖盘
2431,09:42:00,5.02,-0.01,368,185002,卖盘
2432,09:41:57,5.03,--,5,2515,买盘
2433,09:41:54,5.03,--,10,5030,买盘
2434,09:41:51,5.03,--,20,10060,买盘
2435,09:41:48,5.03,--,765,385031,卖盘
2436,09:41:45,5.03,-0.01,323,162469,卖盘
2437,09:41:42,5.04,--,224,112896,买盘
2438,09:41:36,5.04,--,3,1512,买盘
2439,09:41:33,5.04,--,4,2016,买盘
2440,09:41:30,5.04,-0.01,175,88200,卖盘
2441,09:41:27,5.05,--,75,37875,买盘
2442,09:41:24,5.05,--,147,74235,买盘
2443,09:41:21,5.05,--,293,147965,买盘
2444,09:41:18,5.05,-0.01,680,343400,卖盘
2445,09:41:15,5.06,0.01,44,22264,买盘
2446,09:41:12,5.05,-0.01,101,51005,卖盘
2447,09:41:09,5.06,0.01,200,101199,买盘
2448,09:41:06,5.05,--,266,134330,卖盘
2449,09:41:03,5.05,-0.01,540,272700,卖盘
2450,09:41:00,5.06,--,528,267168,买盘
2451,09:40:57,5.06,--,158,79948,买盘
2452,09:40:54,5.06,--,30,15179,买盘
2453,09:40:51,5.06,--,168,85008,买盘
2454,09:40:48,5.06,--,200,101199,买盘
2455,09:40:45,5.06,0.01,57,28841,买盘
2456,09:40:42,5.05,--,67,33835,卖盘
2457,09:40:39,5.05,-0.01,21,10605,卖盘
2458,09:40:36,5.06,--,46,23276,买盘
2459,09:40:33,5.06,--,111,56165,买盘
2460,09:40:27,5.06,--,2,1011,买盘
2461,09:40:24,5.06,--,89,45034,卖盘
2462,09:40:21,5.06,--,342,173052,卖盘
2463,09:40:18,5.06,--,80,40480,卖盘
2464,09:40:15,5.06,--,20,10120,卖盘
2465,09:40:12,5.06,--,30,15179,卖盘
2466,09:40:09,5.06,-0.01,64,32383,卖盘
2467,09:40:06,5.07,0.01,194,98358,买盘
2468,09:40:03,5.06,--,44,22264,卖盘
2469,09:40:00,5.06,--,14,7083,卖盘
2470,09:39:57,5.06,--,61,30865,卖盘
2471,09:39:54,5.06,0.01,788,398727,买盘
2472,09:39:51,5.05,0.01,39,19695,买盘
2473,09:39:48,5.04,--,79,39816,卖盘
2474,09:39:45,5.04,-0.01,143,72072,卖盘
2475,09:39:42,5.05,--,320,161600,卖盘
2476,09:39:39,5.05,0.01,405,204525,买盘
2477,09:39:36,5.04,-0.01,567,285768,卖盘
2478,09:39:33,5.05,0.01,196,98980,买盘
2479,09:39:30,5.04,-0.01,63,31752,卖盘
2480,09:39:27,5.05,0.01,59,29795,买盘
2481,09:39:24,5.04,--,118,59472,卖盘
2482,09:39:21,5.04,--,138,69552,卖盘
2483,09:39:18,5.04,--,237,119448,卖盘
2484,09:39:15,5.04,--,604,304416,卖盘
2485,09:39:12,5.04,--,569,286776,卖盘
2486,09:39:09,5.04,0.01,207,104328,买盘
2487,09:39:06,5.03,--,254,127762,卖盘
2488,09:39:03,5.03,-0.01,307,154421,卖盘
2489,09:39:00,5.04,0.01,644,324843,买盘
2490,09:38:57,5.03,-0.01,121,60863,卖盘
2491,09:38:54,5.04,0.01,10,5040,中性盘
2492,09:38:48,5.03,-0.02,142,71426,卖盘
2493,09:38:45,5.05,0.01,8,4040,买盘
2494,09:38:42,5.04,-0.01,168,84672,卖盘
2495,09:38:39,5.05,--,324,163620,卖盘
2496,09:38:36,5.05,--,27,13635,卖盘
2497,09:38:33,5.05,-0.01,8,4040,卖盘
2498,09:38:27,5.06,0.01,71,35926,买盘
2499,09:38:24,5.05,-0.01,710,358550,卖盘
2500,09:38:21,5.06,--,196,99175,卖盘
2501,09:38:18,5.06,--,219,110813,卖盘
2502,09:38:15,5.06,--,1132,572792,卖盘
2503,09:38:12,5.06,-0.01,1,505,卖盘
2504,09:38:09,5.07,0.01,9,4563,买盘
2505,09:38:06,5.06,-0.01,205,103729,卖盘
2506,09:38:03,5.07,--,1011,512577,卖盘
2507,09:38:00,5.07,-0.01,626,317382,卖盘
2508,09:37:57,5.08,--,358,181864,买盘
2509,09:37:51,5.08,--,222,112776,买盘
2510,09:37:48,5.08,-0.01,996,505968,卖盘
2511,09:37:45,5.09,--,62,31558,买盘
2512,09:37:42,5.09,--,86,44013,卖盘
2513,09:37:39,5.09,--,62,31558,卖盘
2514,09:37:36,5.09,-0.01,163,82967,卖盘
2515,09:37:33,5.1,0.01,643,327930,买盘
2516,09:37:27,5.09,-0.01,110,55990,卖盘
2517,09:37:24,5.1,0.01,100,51000,买盘
2518,09:37:21,5.09,--,190,96710,卖盘
2519,09:37:18,5.09,--,197,100273,卖盘
2520,09:37:15,5.09,--,100,50900,卖盘
2521,09:37:12,5.09,--,145,73805,卖盘
2522,09:37:09,5.09,-0.01,44,22396,卖盘
2523,09:37:06,5.1,0.01,35,17850,买盘
2524,09:37:03,5.09,--,100,50900,卖盘
2525,09:37:00,5.09,--,140,71260,卖盘
2526,09:36:57,5.09,-0.01,64,32576,卖盘
2527,09:36:54,5.1,0.01,30,15299,中性盘
2528,09:36:51,5.09,--,50,25450,卖盘
2529,09:36:48,5.09,-0.01,6,3054,卖盘
2530,09:36:45,5.1,0.01,271,138210,买盘
2531,09:36:42,5.09,--,6,3054,卖盘
2532,09:36:39,5.09,--,82,41738,卖盘
2533,09:36:33,5.09,--,28,14252,卖盘
2534,09:36:30,5.09,--,64,32576,卖盘
2535,09:36:27,5.09,--,185,94165,卖盘
2536,09:36:24,5.09,--,235,119615,卖盘
2537,09:36:21,5.09,--,42,21378,卖盘
2538,09:36:18,5.09,-0.01,6,3054,卖盘
2539,09:36:15,5.1,--,10,5100,买盘
2540,09:36:12,5.1,--,7,3569,买盘
2541,09:36:09,5.1,--,28,14279,买盘
2542,09:36:06,5.1,0.01,330,168300,买盘
2543,09:36:03,5.09,-0.01,9,4581,卖盘
2544,09:35:57,5.1,--,154,78540,买盘
2545,09:35:54,5.1,--,137,69870,买盘
2546,09:35:51,5.1,0.01,1,509,买盘
2547,09:35:48,5.09,-0.02,1494,760446,卖盘
2548,09:35:45,5.11,--,11,5621,卖盘
2549,09:35:42,5.11,--,61,31171,卖盘
2550,09:35:39,5.11,--,214,109354,卖盘
2551,09:35:30,5.11,--,52,26572,买盘
2552,09:35:27,5.11,--,12,6132,买盘
2553,09:35:24,5.11,0.01,42,21462,买盘
2554,09:35:21,5.1,-0.01,93,47430,卖盘
2555,09:35:18,5.11,-0.01,306,156366,卖盘
2556,09:35:15,5.12,--,24,12288,买盘
2557,09:35:12,5.12,0.01,1,512,买盘
2558,09:35:09,5.11,--,15,7665,卖盘
2559,09:35:06,5.11,-0.01,100,51100,卖盘
2560,09:35:03,5.12,--,31,15872,买盘
2561,09:35:00,5.12,0.01,100,51200,买盘
2562,09:34:57,5.11,--,3,1533,卖盘
2563,09:34:48,5.11,--,11,5621,卖盘
2564,09:34:45,5.11,--,145,74095,买盘
2565,09:34:42,5.11,0.01,116,59276,买盘
2566,09:34:39,5.1,-0.01,163,83130,卖盘
2567,09:34:36,5.11,--,28,14308,买盘
2568,09:34:33,5.11,--,46,23506,买盘
2569,09:34:30,5.11,0.01,103,52633,买盘
2570,09:34:27,5.1,-0.01,78,39780,卖盘
2571,09:34:24,5.11,--,70,35770,买盘
2572,09:34:21,5.11,0.01,276,141036,买盘
2573,09:34:18,5.1,-0.01,80,40800,卖盘
2574,09:34:15,5.11,--,33,16863,买盘
2575,09:34:12,5.11,--,92,47012,买盘
2576,09:34:09,5.11,--,60,30660,买盘
2577,09:34:03,5.11,--,9,4599,买盘
2578,09:33:57,5.11,--,95,48545,买盘
2579,09:33:51,5.11,--,31,15841,买盘
2580,09:33:48,5.11,0.01,3,1533,买盘
2581,09:33:45,5.1,--,9,4590,卖盘
2582,09:33:42,5.1,--,149,75990,卖盘
2583,09:33:36,5.1,--,131,66810,卖盘
2584,09:33:33,5.1,-0.01,9,4590,卖盘
2585,09:33:30,5.11,--,74,37814,买盘
2586,09:33:27,5.11,--,21,10731,买盘
2587,09:33:24,5.11,--,35,17885,买盘
2588,09:33:21,5.11,0.01,113,57743,买盘
2589,09:33:15,5.1,-0.01,376,191760,卖盘
2590,09:33:12,5.11,--,13,6643,买盘
2591,09:33:06,5.11,0.01,460,235060,买盘
2592,09:33:03,5.1,--,6,3060,买盘
2593,09:33:00,5.1,--,146,74460,卖盘
2594,09:32:57,5.1,--,79,40290,卖盘
2595,09:32:54,5.1,--,43,21930,卖盘
2596,09:32:51,5.1,--,42,21420,卖盘
2597,09:32:48,5.1,--,385,196620,买盘
2598,09:32:45,5.1,0.01,50,25500,买盘
2599,09:32:42,5.09,--,130,66170,卖盘
2600,09:32:39,5.09,-0.01,83,42247,卖盘
2601,09:32:33,5.1,--,14,7139,买盘
2602,09:32:30,5.1,0.01,3,1530,买盘
2603,09:32:27,5.09,0.01,20,10180,中性盘
2604,09:32:24,5.08,-0.02,150,76200,卖盘
2605,09:32:21,5.1,0.01,99,50490,买盘
2606,09:32:18,5.09,--,50,25450,买盘
2607,09:32:15,5.09,--,10,5090,买盘
2608,09:32:12,5.09,--,3288,1673592,卖盘
2609,09:32:09,5.09,--,10,5090,卖盘
2610,09:32:06,5.09,--,117,59553,卖盘
2611,09:32:03,5.09,-0.01,422,214798,卖盘
2612,09:32:00,5.1,0.01,58,29579,买盘
2613,09:31:57,5.09,-0.01,34,17306,卖盘
2614,09:31:54,5.1,0.01,20,10200,买盘
2615,09:31:51,5.09,-0.01,120,61080,卖盘
2616,09:31:48,5.1,0.01,20,10200,买盘
2617,09:31:45,5.09,0.01,40,20360,卖盘
2618,09:31:42,5.08,-0.01,103,52324,卖盘
2619,09:31:39,5.09,--,74,37666,卖盘
2620,09:31:36,5.09,--,23,11707,卖盘
2621,09:31:33,5.09,-0.01,96,48864,卖盘
2622,09:31:30,5.1,0.02,790,402900,买盘
2623,09:31:27,5.08,-0.01,29,14732,卖盘
2624,09:31:24,5.09,0.01,109,55481,买盘
2625,09:31:21,5.08,-0.01,79,40132,卖盘
2626,09:31:18,5.09,--,123,62607,买盘
2627,09:31:15,5.09,0.01,123,62607,买盘
2628,09:31:12,5.08,--,362,183896,买盘
2629,09:31:09,5.08,-0.01,481,244348,卖盘
2630,09:31:06,5.09,0.01,56,28504,买盘
2631,09:31:03,5.08,-0.01,79,40132,卖盘
2632,09:31:00,5.09,0.01,18,9162,买盘
2633,09:30:54,5.08,0.01,69,35052,中性盘
2634,09:30:51,5.07,-0.01,654,331578,卖盘
2635,09:30:48,5.08,--,121,61468,卖盘
2636,09:30:45,5.08,-0.02,55,27940,卖盘
2637,09:30:42,5.1,0.02,52,26519,买盘
2638,09:30:39,5.08,-0.01,172,87376,卖盘
2639,09:30:36,5.09,0.01,242,123178,买盘
2640,09:30:33,5.08,--,327,166116,卖盘
2641,09:30:30,5.08,-0.02,82,41656,卖盘
2642,09:30:27,5.1,0.02,36,18360,买盘
2643,09:30:24,5.08,-0.02,3,1524,卖盘
2644,09:30:21,5.1,0.02,50,25500,买盘
2645,09:30:18,5.08,-0.02,10,5080,中性盘
2646,09:30:15,5.1,--,66,33660,买盘
2647,09:30:12,5.1,0.03,83,42330,买盘
2648,09:30:09,5.07,-0.03,877,444639,卖盘
2649,09:30:06,5.1,--,852,434519,中性盘
2650,09:30:03,5.1,-0.02,2315,1180650,卖盘
2651,09:30:00,5.12,--,0,0,买盘
2652,09:25:03,5.12,5.12,4011,2053632,买盘
