,time,price,change,volume,amount,type
0,15:00:03,14.03,0.01,3129,4389987,买盘
1,14:57:00,14.02,--,10,14020,卖盘
2,14:56:54,14.02,-0.01,7,9814,卖盘
3,14:56:51,14.03,--,10,14030,买盘
4,14:56:48,14.03,--,23,32269,买盘
5,14:56:45,14.03,--,21,29463,买盘
6,14:56:42,14.03,0.01,21,29463,买盘
7,14:56:39,14.02,-0.01,184,257968,卖盘
8,14:56:36,14.03,--,21,29463,买盘
9,14:56:33,14.03,--,1,1403,买盘
10,14:56:27,14.03,--,116,162748,买盘
11,14:56:24,14.03,-0.01,53,75341,卖盘
12,14:56:21,14.04,0.01,6,8424,卖盘
13,14:56:18,14.03,-0.02,1,1403,卖盘
14,14:56:15,14.05,0.02,10,14050,买盘
15,14:56:12,14.03,-0.01,39,55137,卖盘
16,14:56:09,14.04,--,7,9828,买盘
17,14:56:00,14.04,--,23,33274,卖盘
18,14:55:57,14.04,-0.01,2,2808,卖盘
19,14:55:51,14.05,0.01,7,9835,买盘
20,14:55:48,14.04,-0.01,9,12636,卖盘
21,14:55:45,14.05,--,23,32315,买盘
22,14:55:33,14.05,--,10,14050,买盘
23,14:55:30,14.05,--,60,84300,卖盘
24,14:55:27,14.05,-0.01,26,36530,卖盘
25,14:55:24,14.06,--,54,75924,买盘
26,14:55:21,14.06,--,12,16872,买盘
27,14:55:09,14.06,--,55,77330,买盘
28,14:55:03,14.06,0.01,20,28120,买盘
29,14:54:57,14.05,-0.01,19,26695,卖盘
30,14:54:51,14.06,0.01,8,11248,买盘
31,14:54:48,14.05,--,20,28100,卖盘
32,14:54:45,14.05,--,130,182650,卖盘
33,14:54:42,14.05,-0.01,29,40745,卖盘
34,14:54:39,14.06,0.01,7,9842,买盘
35,14:54:33,14.05,0.01,138,193890,买盘
36,14:54:27,14.04,-0.01,11,15443,卖盘
37,14:54:24,14.05,--,13,18265,卖盘
38,14:54:21,14.05,0.01,47,66035,买盘
39,14:54:18,14.04,-0.01,32,44928,卖盘
40,14:54:09,14.05,0.01,5,7025,买盘
41,14:54:03,14.04,0.01,9,12636,卖盘
42,14:54:00,14.03,0.02,57,80391,买盘
43,14:53:57,14.01,-0.01,2,2802,卖盘
44,14:53:51,14.02,-0.02,178,250537,卖盘
45,14:53:48,14.04,0.02,1,1404,买盘
46,14:53:42,14.02,--,0,378,卖盘
47,14:53:39,14.02,-0.05,31,43462,卖盘
48,14:53:36,14.07,0.01,23,32361,买盘
49,14:53:33,14.06,0.02,4,5624,中性盘
50,14:53:27,14.04,-0.02,3,4212,卖盘
51,14:53:24,14.06,--,7,9842,买盘
52,14:53:21,14.06,--,5,7030,买盘
53,14:53:15,14.06,0.02,16,22496,买盘
54,14:53:12,14.04,--,22,30887,买盘
55,14:53:06,14.04,-0.03,2,2808,卖盘
56,14:53:03,14.07,0.03,255,358785,买盘
57,14:52:57,14.04,-0.04,2,2808,卖盘
58,14:52:54,14.08,0.04,300,422400,买盘
59,14:52:45,14.04,-0.01,14,19684,卖盘
60,14:52:39,14.05,--,23,32315,买盘
61,14:52:36,14.05,0.01,63,88543,买盘
62,14:52:33,14.04,0.01,115,161460,买盘
63,14:52:30,14.03,--,66,92598,卖盘
64,14:52:27,14.03,0.01,60,84741,买盘
65,14:52:24,14.02,--,3,4220,卖盘
66,14:52:21,14.02,--,22,30844,买盘
67,14:52:18,14.02,--,25,35050,买盘
68,14:52:15,14.02,--,30,42088,买盘
69,14:52:09,14.02,0.02,100,140200,买盘
70,14:52:06,14.0,-0.01,0,28,卖盘
71,14:52:03,14.01,--,108,151308,买盘
72,14:52:00,14.01,--,12,16812,卖盘
73,14:51:57,14.01,--,48,67248,买盘
74,14:51:54,14.01,--,10,14010,买盘
75,14:51:51,14.01,--,11,15411,买盘
76,14:51:48,14.01,--,9,12609,买盘
77,14:51:45,14.01,--,1,1401,买盘
78,14:51:39,14.01,--,10,14010,买盘
79,14:51:33,14.01,0.01,17,23817,买盘
80,14:51:30,14.0,-0.02,13,18200,卖盘
81,14:51:27,14.02,0.02,110,154220,买盘
82,14:51:24,14.0,--,30,42000,卖盘
83,14:51:21,14.0,--,3,4200,卖盘
84,14:51:15,14.0,--,251,351624,买盘
85,14:51:12,14.0,--,23,32200,买盘
86,14:51:06,14.0,0.03,6,8400,买盘
87,14:51:00,13.97,0.01,19,26543,买盘
88,14:50:57,13.96,-0.01,9,12564,卖盘
89,14:50:54,13.97,--,18,25146,买盘
90,14:50:51,13.97,-0.03,13,18161,卖盘
91,14:50:48,14.0,0.03,391,547400,买盘
92,14:50:45,13.97,-0.03,1,1397,中性盘
93,14:50:39,14.0,0.03,283,396200,买盘
94,14:50:33,13.97,-0.01,26,36322,卖盘
95,14:50:27,13.98,--,19,26562,买盘
96,14:50:24,13.98,--,12,16776,买盘
97,14:50:18,13.98,0.02,23,32154,买盘
98,14:50:12,13.96,-0.01,24,33504,卖盘
99,14:50:09,13.97,--,1,1397,买盘
100,14:50:00,13.97,0.01,45,62865,买盘
101,14:49:57,13.96,-0.02,3,4188,卖盘
102,14:49:51,13.98,0.01,23,32154,买盘
103,14:49:48,13.97,--,36,51186,卖盘
104,14:49:45,13.97,--,56,78232,卖盘
105,14:49:42,13.97,--,4,5699,卖盘
106,14:49:33,13.97,--,30,42189,卖盘
107,14:49:30,13.97,--,79,110474,买盘
108,14:49:27,13.97,0.01,55,76835,买盘
109,14:49:24,13.96,-0.01,12,16752,卖盘
110,14:49:21,13.97,0.01,24,33528,买盘
111,14:49:18,13.96,--,96,134127,卖盘
112,14:49:15,13.96,--,186,259656,买盘
113,14:49:12,13.96,0.01,110,153560,买盘
114,14:49:06,13.95,0.01,15,20925,中性盘
115,14:49:03,13.94,--,128,178529,卖盘
116,14:49:00,13.94,--,47,65518,卖盘
117,14:48:57,13.94,-0.01,3,4182,中性盘
118,14:48:48,13.95,-0.02,3,4185,卖盘
119,14:48:42,13.97,-0.01,1,2682,卖盘
120,14:48:39,13.98,0.01,27,37746,买盘
121,14:48:36,13.97,-0.01,20,27940,卖盘
122,14:48:33,13.98,0.01,22,30756,买盘
123,14:48:27,13.97,--,215,300355,卖盘
124,14:48:24,13.97,--,136,190103,买盘
125,14:48:21,13.97,0.02,8,11176,买盘
126,14:48:18,13.95,-0.02,4,5580,卖盘
127,14:48:15,13.97,0.02,8,11176,买盘
128,14:48:12,13.95,-0.02,24,33480,卖盘
129,14:48:09,13.97,--,24,33528,买盘
130,14:48:06,13.97,0.02,23,32131,买盘
131,14:48:03,13.95,-0.02,119,166005,卖盘
132,14:48:00,13.97,--,105,147802,买盘
133,14:47:57,13.97,--,27,37719,卖盘
134,14:47:54,13.97,0.02,36,50292,买盘
135,14:47:51,13.95,-0.02,18,25221,卖盘
136,14:47:48,13.97,0.02,7,9779,买盘
137,14:47:45,13.95,--,33,46035,卖盘
138,14:47:39,13.95,--,14,19530,卖盘
139,14:47:36,13.95,-0.02,10,13950,卖盘
140,14:47:33,13.97,0.02,23,32131,买盘
141,14:47:30,13.95,--,51,71145,卖盘
142,14:47:27,13.95,0.02,215,299925,买盘
143,14:47:24,13.93,--,31,43183,卖盘
144,14:47:21,13.93,-0.02,103,143576,中性盘
145,14:47:18,13.95,0.03,47,65565,买盘
146,14:47:15,13.92,--,10,13920,卖盘
147,14:47:12,13.92,--,2,2784,卖盘
148,14:47:09,13.92,--,3,4176,卖盘
149,14:47:06,13.92,-0.01,6,8352,卖盘
150,14:47:03,13.93,--,1,1671,买盘
151,14:47:00,13.93,0.01,31,43183,买盘
152,14:46:57,13.92,--,2,2784,卖盘
153,14:46:54,13.92,--,11,15312,卖盘
154,14:46:51,13.92,-0.03,30,41760,卖盘
155,14:46:45,13.95,0.02,50,69750,买盘
156,14:46:39,13.93,-0.04,265,369813,卖盘
157,14:46:36,13.97,--,73,101981,买盘
158,14:46:33,13.97,0.02,193,269621,买盘
159,14:46:30,13.95,--,25,34875,卖盘
160,14:46:27,13.95,--,36,50220,卖盘
161,14:46:24,13.95,--,10,13950,卖盘
162,14:46:21,13.95,--,38,53121,卖盘
163,14:46:18,13.95,--,21,29295,卖盘
164,14:46:15,13.95,--,37,51615,卖盘
165,14:46:12,13.95,--,201,280395,卖盘
166,14:46:09,13.95,--,356,496620,卖盘
167,14:46:03,13.95,--,379,528705,卖盘
168,14:46:00,13.95,-0.02,7,9765,卖盘
169,14:45:57,13.97,--,42,59959,卖盘
170,14:45:54,13.97,--,20,28149,买盘
171,14:45:48,13.97,--,15,22114,买盘
172,14:45:45,13.97,--,48,67056,买盘
173,14:45:42,13.97,0.02,19,26543,买盘
174,14:45:36,13.95,-0.02,377,525915,卖盘
175,14:45:33,13.97,0.01,19,26543,买盘
176,14:45:24,13.96,-0.01,337,470452,卖盘
177,14:45:21,13.97,--,89,124333,卖盘
178,14:45:18,13.97,-0.02,1,1397,卖盘
179,14:45:12,13.99,0.01,91,127309,买盘
180,14:45:09,13.98,-0.01,12,16776,中性盘
181,14:45:03,13.99,0.03,11,15389,买盘
182,14:44:51,13.96,--,5,7077,卖盘
183,14:44:39,13.96,-0.03,7,9772,卖盘
184,14:44:33,13.99,0.03,21,29379,买盘
185,14:44:27,13.96,-0.02,10,13960,卖盘
186,14:44:24,13.98,0.02,23,32154,买盘
187,14:44:21,13.96,--,4,5695,卖盘
188,14:44:15,13.96,-0.03,20,27920,卖盘
189,14:44:03,13.99,--,18,25182,买盘
190,14:44:00,13.99,--,1,1399,买盘
191,14:43:51,13.99,--,10,13990,卖盘
192,14:43:45,13.99,-0.01,40,55960,卖盘
193,14:43:39,14.0,--,7,9800,买盘
194,14:43:33,14.0,--,103,144200,买盘
195,14:43:30,14.0,0.05,23,32200,买盘
196,14:43:27,13.95,-0.04,797,1111815,卖盘
197,14:43:24,13.99,0.01,23,32177,买盘
198,14:43:21,13.98,--,4,5689,卖盘
199,14:43:18,13.98,--,28,39144,卖盘
200,14:43:15,13.98,-0.01,17,23766,卖盘
201,14:43:12,13.99,0.01,21,29379,买盘
202,14:43:03,13.98,--,8,11184,买盘
203,14:43:00,13.98,0.01,10,13980,买盘
204,14:42:57,13.97,-0.02,24,34184,卖盘
205,14:42:54,13.99,0.01,34,48643,中性盘
206,14:42:48,13.98,-0.02,13,18174,卖盘
207,14:42:42,14.0,0.02,7,9800,买盘
208,14:42:39,13.98,-0.02,3,4194,卖盘
209,14:42:36,14.0,--,32,44800,买盘
210,14:42:33,14.0,--,11,15400,买盘
211,14:42:30,14.0,--,41,58688,卖盘
212,14:42:27,14.0,--,4,5600,卖盘
213,14:42:24,14.0,0.02,11,15512,中性盘
214,14:42:15,13.98,-0.02,16,22368,卖盘
215,14:42:12,14.0,-0.02,1,1400,中性盘
216,14:42:09,14.02,--,7,9814,买盘
217,14:42:03,14.02,0.04,16,22432,买盘
218,14:42:00,13.98,--,1,1398,卖盘
219,14:41:57,13.98,-0.04,43,60211,卖盘
220,14:41:54,14.02,0.02,193,270586,买盘
221,14:41:51,14.0,-0.02,25,35000,中性盘
222,14:41:39,14.02,-0.01,23,32246,买盘
223,14:41:33,14.03,0.03,79,110837,买盘
224,14:41:27,14.0,-0.04,4,5600,卖盘
225,14:41:21,14.04,--,46,64583,买盘
226,14:41:18,14.04,0.06,61,86612,买盘
227,14:41:15,13.98,--,23,32154,买盘
228,14:41:12,13.98,--,119,166362,买盘
229,14:41:09,13.98,0.01,1,1398,买盘
230,14:41:06,13.97,-0.01,6,8382,卖盘
231,14:41:03,13.98,0.01,9,12582,买盘
232,14:41:00,13.97,-0.01,2,2794,卖盘
233,14:40:57,13.98,--,11,15489,买盘
234,14:40:51,13.98,0.01,7,9786,买盘
235,14:40:48,13.97,--,16,22352,买盘
236,14:40:45,13.97,--,14,19558,买盘
237,14:40:42,13.97,0.01,7,9779,买盘
238,14:40:39,13.96,--,17,23732,卖盘
239,14:40:36,13.96,0.01,128,179204,买盘
240,14:40:33,13.95,--,61,85095,卖盘
241,14:40:30,13.95,--,4,5677,卖盘
242,14:40:27,13.95,--,5,6975,卖盘
243,14:40:15,13.95,0.02,227,316665,买盘
244,14:40:12,13.93,--,0,55,卖盘
245,14:40:09,13.93,--,69,97064,卖盘
246,14:40:06,13.93,-0.01,20,27860,卖盘
247,14:40:03,13.94,0.01,9,12546,买盘
248,14:40:00,13.93,-0.01,4,5683,卖盘
249,14:39:57,13.94,--,32,44608,买盘
250,14:39:51,13.94,--,12,16728,买盘
251,14:39:45,13.94,0.01,7,9758,买盘
252,14:39:42,13.93,-0.01,2,2786,卖盘
253,14:39:36,13.94,-0.02,80,111520,卖盘
254,14:39:33,13.96,0.01,102,143271,买盘
255,14:39:27,13.95,--,6,8370,卖盘
256,14:39:21,13.95,--,13,18135,卖盘
257,14:39:18,13.95,--,25,35823,卖盘
258,14:39:15,13.95,--,19,27467,卖盘
259,14:39:09,13.95,-0.01,13,18135,卖盘
260,14:39:03,13.96,0.01,33,46068,买盘
261,14:39:00,13.95,-0.01,5,6975,卖盘
262,14:38:51,13.96,--,7,9772,买盘
263,14:38:48,13.96,0.02,146,204779,买盘
264,14:38:36,13.94,-0.02,7,9758,卖盘
265,14:38:33,13.96,0.01,9,12564,买盘
266,14:38:27,13.95,--,39,54405,买盘
267,14:38:24,13.95,--,40,55800,买盘
268,14:38:21,13.95,--,36,50666,卖盘
269,14:38:18,13.95,--,7,10713,卖盘
270,14:38:15,13.95,-0.01,15,20925,卖盘
271,14:38:12,13.96,--,57,79572,买盘
272,14:38:03,13.96,--,8,11168,买盘
273,14:37:57,13.96,--,20,27920,买盘
274,14:37:51,13.96,-0.01,13,18148,卖盘
275,14:37:48,13.97,--,7,9779,买盘
276,14:37:42,13.97,--,55,76835,买盘
277,14:37:39,13.97,-0.01,279,390210,卖盘
278,14:37:36,13.98,--,7,9786,买盘
279,14:37:33,13.98,0.01,9,12582,买盘
280,14:37:30,13.97,-0.01,8,11176,卖盘
281,14:37:27,13.98,--,14,19572,买盘
282,14:37:24,13.98,-0.01,13,18607,卖盘
283,14:37:21,13.99,0.01,38,53162,买盘
284,14:37:18,13.98,-0.01,24,34516,卖盘
285,14:37:15,13.99,0.01,20,27980,买盘
286,14:37:06,13.98,-0.02,203,283794,卖盘
287,14:37:03,14.0,--,31,43400,买盘
288,14:36:57,14.0,-0.01,171,239834,卖盘
289,14:36:51,14.01,-0.03,797,1116597,卖盘
290,14:36:48,14.04,0.02,77,108108,买盘
291,14:36:45,14.02,-0.01,3,4206,卖盘
292,14:36:42,14.03,--,50,70150,卖盘
293,14:36:36,14.03,-0.01,6,8418,卖盘
294,14:36:33,14.04,--,14,19656,买盘
295,14:36:27,14.04,--,5,7020,买盘
296,14:36:24,14.04,-0.01,5,7146,卖盘
297,14:36:18,14.05,0.01,2,2810,买盘
298,14:36:15,14.04,--,23,32291,卖盘
299,14:36:06,14.04,-0.02,16,22464,卖盘
300,14:36:03,14.06,0.02,156,219336,买盘
301,14:35:57,14.04,--,5,7020,卖盘
302,14:35:51,14.04,--,28,39312,卖盘
303,14:35:45,14.04,-0.02,756,1061424,卖盘
304,14:35:33,14.06,--,39,54834,买盘
305,14:35:27,14.06,-0.02,427,601149,卖盘
306,14:35:24,14.08,-0.01,18,25344,卖盘
307,14:35:21,14.09,0.01,4,5636,买盘
308,14:35:18,14.08,-0.01,132,185856,卖盘
309,14:35:03,14.09,--,9,12681,买盘
310,14:34:57,14.09,-0.01,14,19726,卖盘
311,14:34:54,14.1,--,13,18330,买盘
312,14:34:51,14.1,0.01,2,2820,买盘
313,14:34:45,14.09,-0.01,10,14090,卖盘
314,14:34:42,14.1,0.01,159,224190,买盘
315,14:34:36,14.09,--,4,5636,买盘
316,14:34:33,14.09,0.01,14,19726,买盘
317,14:34:30,14.08,--,20,28160,卖盘
318,14:34:27,14.08,-0.01,8,12221,卖盘
319,14:34:24,14.09,--,72,101448,买盘
320,14:34:21,14.09,0.01,124,174716,买盘
321,14:34:18,14.08,--,41,57728,卖盘
322,14:34:12,14.08,--,175,246400,卖盘
323,14:34:06,14.08,-0.01,177,249216,卖盘
324,14:34:03,14.09,-0.01,14,19726,卖盘
325,14:33:57,14.1,--,603,850230,卖盘
326,14:33:54,14.1,-0.01,23,32430,卖盘
327,14:33:51,14.11,0.01,8,11288,买盘
328,14:33:48,14.1,-0.01,32,45120,卖盘
329,14:33:45,14.11,--,4,5644,买盘
330,14:33:42,14.11,0.01,73,103003,买盘
331,14:33:33,14.1,--,30,42300,卖盘
332,14:33:30,14.1,--,101,142410,卖盘
333,14:33:27,14.1,0.01,214,301740,买盘
334,14:33:24,14.09,--,9,12681,卖盘
335,14:33:21,14.09,--,7,10835,卖盘
336,14:33:18,14.09,-0.01,8,11272,卖盘
337,14:33:15,14.1,--,82,115620,买盘
338,14:33:09,14.1,--,4,5640,买盘
339,14:33:03,14.1,--,18,25380,买盘
340,14:33:00,14.1,-0.01,35,49350,卖盘
341,14:32:57,14.11,--,3,4233,买盘
342,14:32:51,14.11,0.01,4,5644,买盘
343,14:32:48,14.1,-0.03,10,14100,卖盘
344,14:32:45,14.13,--,284,401292,卖盘
345,14:32:39,14.13,0.03,673,950949,买盘
346,14:32:33,14.1,--,63,89788,买盘
347,14:32:30,14.1,--,80,112800,买盘
348,14:32:27,14.1,--,44,62040,买盘
349,14:32:21,14.1,0.01,161,227010,买盘
350,14:32:18,14.09,--,4,6481,卖盘
351,14:32:15,14.09,--,5,7045,卖盘
352,14:32:12,14.09,--,107,150763,卖盘
353,14:32:09,14.09,-0.01,10,14090,卖盘
354,14:32:03,14.1,--,26,36660,买盘
355,14:32:00,14.1,--,10,14100,买盘
356,14:31:57,14.1,--,198,279180,买盘
357,14:31:54,14.1,--,9,12690,买盘
358,14:31:48,14.1,0.01,616,868560,买盘
359,14:31:45,14.09,--,79,111311,买盘
360,14:31:42,14.09,0.01,6,8454,买盘
361,14:31:39,14.08,--,16,22528,卖盘
362,14:31:36,14.08,-0.01,39,55883,卖盘
363,14:31:33,14.09,0.01,34,48046,买盘
364,14:31:24,14.08,0.01,50,70400,买盘
365,14:31:21,14.07,-0.01,197,277179,卖盘
366,14:31:18,14.08,--,4,5632,买盘
367,14:31:09,14.08,0.01,281,395648,买盘
368,14:31:06,14.07,--,293,412560,买盘
369,14:31:03,14.07,0.01,52,73726,买盘
370,14:31:00,14.06,--,95,134526,买盘
371,14:30:57,14.06,--,70,98420,买盘
372,14:30:54,14.06,0.01,30,42180,买盘
373,14:30:51,14.05,--,93,131437,卖盘
374,14:30:48,14.05,-0.01,12,16860,卖盘
375,14:30:45,14.06,--,27,37962,买盘
376,14:30:42,14.06,0.01,11,15466,买盘
377,14:30:39,14.05,--,50,70250,卖盘
378,14:30:36,14.05,-0.01,24,34675,卖盘
379,14:30:33,14.06,0.01,37,52022,买盘
380,14:30:27,14.05,-0.01,15,21075,卖盘
381,14:30:24,14.06,--,37,52022,买盘
382,14:30:21,14.06,0.01,46,64676,买盘
383,14:30:18,14.05,--,52,73060,卖盘
384,14:30:15,14.05,0.01,165,231825,买盘
385,14:30:12,14.04,--,1,1404,卖盘
386,14:30:09,14.04,--,13,18252,卖盘
387,14:30:06,14.04,--,16,22464,卖盘
388,14:30:03,14.04,0.02,199,280350,买盘
389,14:29:51,14.02,-0.02,1,1402,卖盘
390,14:29:42,14.04,--,11,15443,买盘
391,14:29:36,14.04,0.01,76,106704,买盘
392,14:29:33,14.03,--,35,49105,买盘
393,14:29:30,14.03,-0.01,136,190808,卖盘
394,14:29:27,14.04,0.01,27,37908,买盘
395,14:29:24,14.03,-0.01,28,39284,卖盘
396,14:29:18,14.04,--,7,9828,买盘
397,14:29:15,14.04,--,23,32291,买盘
398,14:29:09,14.04,--,20,28080,买盘
399,14:29:06,14.04,--,250,351000,买盘
400,14:29:03,14.04,0.02,28,39312,买盘
401,14:29:00,14.02,--,24,33648,卖盘
402,14:28:57,14.02,--,1,1402,卖盘
403,14:28:54,14.02,--,152,214071,买盘
404,14:28:51,14.02,--,4,5608,买盘
405,14:28:45,14.02,--,31,43462,买盘
406,14:28:42,14.02,--,20,28474,卖盘
407,14:28:39,14.02,--,1,1402,卖盘
408,14:28:36,14.02,-0.02,7,10781,卖盘
409,14:28:33,14.04,0.02,13,18252,买盘
410,14:28:30,14.02,-0.02,5,7010,卖盘
411,14:28:27,14.04,0.02,4,5616,买盘
412,14:28:24,14.02,0.01,20,28040,中性盘
413,14:28:21,14.01,-0.01,345,483345,卖盘
414,14:28:18,14.02,--,89,124778,买盘
415,14:28:15,14.02,--,97,135994,买盘
416,14:28:12,14.02,0.02,14,19628,中性盘
417,14:28:06,14.0,-0.05,54,75600,卖盘
418,14:28:03,14.05,0.03,74,103970,买盘
419,14:28:00,14.02,--,10,14020,买盘
420,14:27:54,14.02,-0.04,4,5608,中性盘
421,14:27:48,14.06,0.04,81,113886,买盘
422,14:27:45,14.02,--,162,227572,卖盘
423,14:27:42,14.02,-0.01,62,86924,卖盘
424,14:27:39,14.03,-0.02,10,14030,卖盘
425,14:27:36,14.05,--,21,30460,买盘
426,14:27:33,14.05,--,10,14050,买盘
427,14:27:27,14.05,0.01,11,15455,买盘
428,14:27:24,14.04,--,7,9828,卖盘
429,14:27:21,14.04,-0.03,1,1404,卖盘
430,14:27:18,14.07,0.02,1054,1482978,买盘
431,14:27:15,14.05,-0.01,2,2810,卖盘
432,14:27:12,14.06,--,30,42180,买盘
433,14:27:06,14.06,--,393,553795,卖盘
434,14:27:03,14.06,-0.01,28,39368,卖盘
435,14:27:00,14.07,0.01,6,8442,买盘
436,14:26:57,14.06,-0.01,5,7030,卖盘
437,14:26:51,14.07,--,11,15477,买盘
438,14:26:48,14.07,--,5,7035,买盘
439,14:26:42,14.07,--,17,23919,买盘
440,14:26:39,14.07,0.01,8,11256,买盘
441,14:26:36,14.06,-0.01,7,10812,卖盘
442,14:26:33,14.07,0.01,8,11256,买盘
443,14:26:30,14.06,--,20,28120,卖盘
444,14:26:27,14.06,-0.01,18,25308,卖盘
445,14:26:24,14.07,--,54,75978,买盘
446,14:26:21,14.07,--,32,45024,买盘
447,14:26:15,14.07,--,7,9849,买盘
448,14:26:12,14.07,--,15,21105,买盘
449,14:26:06,14.07,--,12,16884,买盘
450,14:26:03,14.07,--,9,12663,买盘
451,14:26:00,14.07,--,31,43617,买盘
452,14:25:54,14.07,0.01,57,80199,买盘
453,14:25:51,14.06,-0.01,27,37962,卖盘
454,14:25:48,14.07,0.01,5,7035,买盘
455,14:25:45,14.06,-0.01,28,39368,卖盘
456,14:25:42,14.07,0.01,10,14070,买盘
457,14:25:39,14.06,0.02,530,745784,买盘
458,14:25:36,14.04,-0.01,78,110466,卖盘
459,14:25:33,14.05,0.01,15,21075,买盘
460,14:25:30,14.04,--,510,716040,卖盘
461,14:25:27,14.04,--,20,28080,卖盘
462,14:25:24,14.04,0.01,351,493365,买盘
463,14:25:21,14.03,--,40,56120,卖盘
464,14:25:18,14.03,--,147,206241,卖盘
465,14:25:12,14.03,-0.01,10,14030,卖盘
466,14:25:09,14.04,0.01,8,11232,买盘
467,14:25:06,14.03,-0.01,19,26657,卖盘
468,14:25:03,14.04,--,9,12636,买盘
469,14:25:00,14.04,--,5,7020,买盘
470,14:24:57,14.04,0.01,182,256047,买盘
471,14:24:51,14.03,-0.01,27,37881,卖盘
472,14:24:48,14.04,0.01,12,16848,中性盘
473,14:24:45,14.03,--,16,22448,卖盘
474,14:24:42,14.03,-0.02,17,24819,卖盘
475,14:24:39,14.05,0.02,20,28100,买盘
476,14:24:33,14.03,-0.01,31,43493,卖盘
477,14:24:30,14.04,-0.01,10,14040,中性盘
478,14:24:24,14.05,--,7,9835,买盘
479,14:24:21,14.05,0.01,55,77275,买盘
480,14:24:15,14.04,--,14,19656,买盘
481,14:24:12,14.04,--,12,16848,买盘
482,14:24:09,14.04,0.01,29,40716,买盘
483,14:24:06,14.03,--,195,273585,卖盘
484,14:24:03,14.03,--,20,28060,卖盘
485,14:24:00,14.03,-0.01,29,40687,卖盘
486,14:23:57,14.04,0.01,502,704808,买盘
487,14:23:54,14.03,-0.01,17,23851,卖盘
488,14:23:51,14.04,--,7,9828,买盘
489,14:23:48,14.04,0.01,9,12636,买盘
490,14:23:45,14.03,-0.01,22,30866,卖盘
491,14:23:39,14.04,--,87,122147,卖盘
492,14:23:36,14.04,--,1,1404,买盘
493,14:23:33,14.04,-0.01,9,12636,中性盘
494,14:23:30,14.05,0.02,8,11240,买盘
495,14:23:27,14.03,-0.02,13,18239,卖盘
496,14:23:24,14.05,0.02,10,14050,买盘
497,14:23:21,14.03,-0.02,1,1403,卖盘
498,14:23:18,14.05,--,4,5620,买盘
499,14:23:12,14.05,--,3,4566,卖盘
500,14:23:09,14.05,--,42,59010,卖盘
501,14:23:06,14.05,--,9,12645,卖盘
502,14:23:03,14.05,--,130,183352,卖盘
503,14:23:00,14.05,--,48,67791,买盘
504,14:22:57,14.05,--,19,26695,买盘
505,14:22:54,14.05,--,58,82543,卖盘
506,14:22:51,14.05,--,10,14050,卖盘
507,14:22:48,14.05,--,100,140500,卖盘
508,14:22:45,14.05,--,63,89301,卖盘
509,14:22:42,14.05,-0.01,11,16424,卖盘
510,14:22:39,14.06,--,8,11248,买盘
511,14:22:36,14.06,0.01,107,150442,买盘
512,14:22:33,14.05,--,20,28100,卖盘
513,14:22:30,14.05,-0.02,1,1405,卖盘
514,14:22:24,14.07,0.02,4,5628,买盘
515,14:22:21,14.05,--,5,7025,卖盘
516,14:22:18,14.05,--,8,11240,卖盘
517,14:22:15,14.05,--,533,748865,卖盘
518,14:22:12,14.05,--,2,2810,卖盘
519,14:22:09,14.05,--,55,77275,卖盘
520,14:22:06,14.05,0.02,130,182650,买盘
521,14:22:03,14.03,--,280,392840,买盘
522,14:21:57,14.03,-0.01,19,26657,卖盘
523,14:21:54,14.04,0.01,17,23868,买盘
524,14:21:48,14.03,0.01,36,50508,买盘
525,14:21:45,14.02,-0.01,10,14020,卖盘
526,14:21:42,14.03,0.01,20,29014,买盘
527,14:21:39,14.02,--,6,8412,卖盘
528,14:21:36,14.02,0.02,3795,5321066,买盘
529,14:21:33,14.0,0.02,10,14000,买盘
530,14:21:30,13.98,-0.02,8,11184,中性盘
531,14:21:27,14.0,--,7,9800,买盘
532,14:21:24,14.0,0.03,1002,1402800,买盘
533,14:21:21,13.97,--,27,37719,卖盘
534,14:21:18,13.97,--,1,1397,卖盘
535,14:21:15,13.97,--,5,6985,卖盘
536,14:21:12,13.97,0.02,18,26095,买盘
537,14:21:09,13.95,--,9,12555,卖盘
538,14:21:06,13.95,-0.02,2,2790,卖盘
539,14:21:03,13.97,0.02,9,12573,买盘
540,14:21:00,13.95,-0.02,24,33480,中性盘
541,14:20:54,13.97,--,4,5588,买盘
542,14:20:48,13.97,0.04,83,115951,卖盘
543,14:20:39,13.93,-0.06,5,6965,卖盘
544,14:20:36,13.99,0.03,9,12591,买盘
545,14:20:33,13.96,-0.03,8,11168,中性盘
546,14:20:30,13.99,0.06,1004,1404596,买盘
547,14:20:18,13.93,0.03,24,33432,买盘
548,14:20:15,13.9,-0.03,26,36140,卖盘
549,14:20:09,13.93,0.03,12,16716,买盘
550,14:20:06,13.9,-0.03,55,76450,卖盘
551,14:20:03,13.93,0.03,18,25074,买盘
552,14:20:00,13.9,-0.03,4,5560,卖盘
553,14:19:57,13.93,--,4,5572,买盘
554,14:19:54,13.93,--,62,86366,买盘
555,14:19:51,13.93,--,15,21856,买盘
556,14:19:48,13.93,--,8,11144,买盘
557,14:19:42,13.93,0.03,5,6965,买盘
558,14:19:39,13.9,--,31,43090,卖盘
559,14:19:36,13.9,-0.03,24,33360,卖盘
560,14:19:33,13.93,0.03,71,98903,买盘
561,14:19:30,13.9,-0.03,23,31970,卖盘
562,14:19:27,13.93,0.03,14,19502,买盘
563,14:19:24,13.9,-0.03,64,88960,卖盘
564,14:19:21,13.93,--,22,30646,买盘
565,14:19:18,13.93,0.03,68,94724,买盘
566,14:19:15,13.9,-0.03,56,77840,卖盘
567,14:19:12,13.93,--,8,11144,买盘
568,14:19:09,13.93,--,17,23681,买盘
569,14:19:03,13.93,0.03,14,19502,买盘
570,14:18:57,13.9,-0.03,63,87570,卖盘
571,14:18:54,13.93,--,23,32039,买盘
572,14:18:51,13.93,0.03,11,15323,买盘
573,14:18:48,13.9,--,60,83400,卖盘
574,14:18:45,13.9,-0.03,13,19015,卖盘
575,14:18:42,13.93,0.01,87,121191,买盘
576,14:18:39,13.92,0.02,122,169824,买盘
577,14:18:36,13.9,-0.01,66,91740,卖盘
578,14:18:33,13.91,-0.01,29,40339,中性盘
579,14:18:30,13.92,--,17,23664,买盘
580,14:18:27,13.92,0.02,104,144768,买盘
581,14:18:24,13.9,-0.01,67,93130,卖盘
582,14:18:18,13.91,0.06,12,16692,买盘
583,14:18:15,13.85,-0.03,58,80330,卖盘
584,14:18:12,13.88,--,1,1388,卖盘
585,14:18:09,13.88,-0.03,2,2776,中性盘
586,14:18:03,13.91,-0.01,74,102934,买盘
587,14:18:00,13.92,0.06,36,50112,买盘
588,14:17:54,13.86,-0.02,87,120582,卖盘
589,14:17:51,13.88,--,12,17613,买盘
590,14:17:48,13.88,--,4,5552,买盘
591,14:17:45,13.88,--,11,15268,买盘
592,14:17:42,13.88,-0.04,2,2776,卖盘
593,14:17:36,13.92,--,7,9744,买盘
594,14:17:33,13.92,0.06,13,18096,买盘
595,14:17:30,13.86,-0.02,64,88704,中性盘
596,14:17:21,13.88,0.03,5,6940,买盘
597,14:17:18,13.85,-0.03,82,113570,卖盘
598,14:17:12,13.88,--,11,15268,买盘
599,14:17:09,13.88,--,97,134636,买盘
600,14:17:03,13.88,-0.04,8,11104,中性盘
601,14:16:54,13.92,0.06,7,9744,买盘
602,14:16:51,13.86,--,33,46680,卖盘
603,14:16:45,13.86,--,174,241330,卖盘
604,14:16:39,13.86,-0.01,83,115038,卖盘
605,14:16:36,13.87,-0.01,10,13870,卖盘
606,14:16:33,13.88,--,18,24984,买盘
607,14:16:30,13.88,--,10,13880,买盘
608,14:16:24,13.88,--,26,37309,卖盘
609,14:16:21,13.88,--,23,32090,卖盘
610,14:16:18,13.88,-0.04,27,37476,卖盘
611,14:16:15,13.92,-0.01,80,111360,卖盘
612,14:16:12,13.93,0.07,16,22288,买盘
613,14:16:09,13.86,-0.03,58,80388,卖盘
614,14:16:03,13.89,0.01,27,37503,买盘
615,14:15:57,13.88,0.02,34,48149,中性盘
616,14:15:45,13.86,-0.04,277,383922,卖盘
617,14:15:42,13.9,0.03,55,76825,买盘
618,14:15:39,13.87,-0.02,68,94316,卖盘
619,14:15:33,13.89,--,8,11112,买盘
620,14:15:30,13.89,-0.04,38,52782,卖盘
621,14:15:24,13.93,0.04,8,11144,买盘
622,14:15:18,13.89,-0.04,69,95841,卖盘
623,14:15:06,13.93,0.03,8,11144,买盘
624,14:15:03,13.9,--,31,43090,卖盘
625,14:14:57,13.9,-0.03,60,83400,卖盘
626,14:14:54,13.93,--,32,44576,买盘
627,14:14:51,13.93,--,61,84973,买盘
628,14:14:48,13.93,0.01,8,11144,买盘
629,14:14:45,13.92,-0.01,81,112752,买盘
630,14:14:42,13.93,--,11,15323,买盘
631,14:14:36,13.93,0.02,7,9751,买盘
632,14:14:33,13.91,-0.02,74,102934,卖盘
633,14:14:30,13.93,0.01,34,47362,买盘
634,14:14:27,13.92,--,57,79344,买盘
635,14:14:24,13.92,0.01,10,13920,买盘
636,14:14:21,13.91,-0.01,140,194740,中性盘
637,14:14:15,13.92,0.03,1133,1577136,买盘
638,14:14:12,13.89,-0.01,63,87507,卖盘
639,14:14:09,13.9,--,7,9730,买盘
640,14:14:06,13.9,--,5,6950,买盘
641,14:14:03,13.9,0.04,39,54210,买盘
642,14:14:00,13.86,-0.04,74,103520,卖盘
643,14:13:51,13.9,0.04,55,76450,买盘
644,14:13:48,13.86,-0.04,59,81774,卖盘
645,14:13:45,13.9,--,118,164020,买盘
646,14:13:39,13.9,0.03,92,128352,买盘
647,14:13:33,13.87,-0.03,33,45771,卖盘
648,14:13:30,13.9,0.03,30,41700,买盘
649,14:13:27,13.87,--,280,388360,卖盘
650,14:13:24,13.87,-0.02,47,65188,卖盘
651,14:13:18,13.89,0.01,236,327804,买盘
652,14:13:15,13.88,--,73,101324,买盘
653,14:13:12,13.88,0.01,96,134164,买盘
654,14:13:09,13.87,--,55,76285,买盘
655,14:13:06,13.87,--,86,119282,买盘
656,14:13:03,13.87,--,8,11096,买盘
657,14:12:57,13.87,0.03,296,410552,买盘
658,14:12:54,13.84,-0.01,55,76120,卖盘
659,14:12:51,13.85,-0.02,1,1385,卖盘
660,14:12:48,13.87,0.02,36,49932,买盘
661,14:12:42,13.85,-0.02,65,90025,卖盘
662,14:12:33,13.87,--,17,23579,买盘
663,14:12:27,13.87,--,8,11096,买盘
664,14:12:15,13.87,0.02,8,11096,买盘
665,14:12:12,13.85,--,20,27700,卖盘
666,14:12:06,13.85,--,7,10650,卖盘
667,14:12:03,13.85,-0.02,10,13850,卖盘
668,14:12:00,13.87,--,8,11096,买盘
669,14:11:51,13.87,--,42,58254,买盘
670,14:11:36,13.87,--,108,149796,买盘
671,14:11:33,13.87,0.03,8,11096,买盘
672,14:11:27,13.84,-0.03,47,66155,卖盘
673,14:11:24,13.87,--,7,9709,买盘
674,14:11:09,13.87,--,9,12483,买盘
675,14:11:06,13.87,--,551,764237,买盘
676,14:11:03,13.87,--,9,12483,买盘
677,14:11:00,13.87,--,7,9709,买盘
678,14:10:51,13.87,0.01,76,105412,买盘
679,14:10:48,13.86,0.02,80,110880,买盘
680,14:10:45,13.84,-0.01,32,44288,卖盘
681,14:10:39,13.85,0.01,81,112185,买盘
682,14:10:36,13.84,-0.02,1,1384,卖盘
683,14:10:33,13.86,--,8,11088,买盘
684,14:10:30,13.86,0.02,7,9702,买盘
685,14:10:24,13.84,-0.02,20,27680,卖盘
686,14:10:12,13.86,--,11,16188,买盘
687,14:10:09,13.86,--,7,9702,买盘
688,14:10:03,13.86,--,27,37422,买盘
689,14:10:00,13.86,0.01,15,20790,买盘
690,14:09:57,13.85,-0.01,19,26315,卖盘
691,14:09:54,13.86,0.01,7,9702,买盘
692,14:09:51,13.85,--,15,20775,卖盘
693,14:09:33,13.85,--,306,423810,买盘
694,14:09:21,13.85,--,10,13850,买盘
695,14:09:12,13.85,0.01,49,68820,买盘
696,14:09:06,13.84,-0.01,11,15224,卖盘
697,14:09:03,13.85,--,8,11080,买盘
698,14:09:00,13.85,--,10,13850,买盘
699,14:08:57,13.85,--,39,54015,买盘
700,14:08:54,13.85,--,42,58170,买盘
701,14:08:45,13.85,--,66,91410,买盘
702,14:08:42,13.85,--,8,11080,买盘
703,14:08:36,13.85,--,10,13850,买盘
704,14:08:33,13.85,--,17,23545,买盘
705,14:08:30,13.85,--,1,1385,买盘
706,14:08:21,13.85,0.01,5,6925,买盘
707,14:08:18,13.84,--,100,138400,卖盘
708,14:08:15,13.84,-0.01,12,16608,卖盘
709,14:08:12,13.85,--,11,16176,买盘
710,14:08:09,13.85,--,28,38780,买盘
711,14:08:06,13.85,--,7,9695,买盘
712,14:08:03,13.85,-0.01,494,684190,中性盘
713,14:07:57,13.86,--,107,148302,买盘
714,14:07:54,13.86,--,2,2772,买盘
715,14:07:48,13.86,--,6,8316,买盘
716,14:07:45,13.86,0.02,7,9702,买盘
717,14:07:42,13.84,-0.02,10,13840,卖盘
718,14:07:39,13.86,0.02,22,30492,买盘
719,14:07:36,13.84,-0.02,9,12456,卖盘
720,14:07:33,13.86,--,22,30492,买盘
721,14:07:30,13.86,--,5,6930,买盘
722,14:07:24,13.86,0.02,7,9702,买盘
723,14:07:21,13.84,0.01,33,46626,中性盘
724,14:07:15,13.83,-0.03,230,318090,卖盘
725,14:07:12,13.86,--,207,286902,买盘
726,14:07:06,13.86,--,79,109494,买盘
727,14:07:03,13.86,0.01,30,41580,买盘
728,14:06:57,13.85,0.02,62,85870,卖盘
729,14:06:54,13.83,-0.02,329,455698,卖盘
730,14:06:51,13.85,--,3,4155,买盘
731,14:06:48,13.85,--,7,9695,买盘
732,14:06:45,13.85,--,38,52630,买盘
733,14:06:42,13.85,--,30,41550,买盘
734,14:06:36,13.85,--,35,48475,买盘
735,14:06:33,13.85,0.01,8,11080,买盘
736,14:06:30,13.84,-0.01,66,91344,卖盘
737,14:06:27,13.85,--,19,26315,买盘
738,14:06:24,13.85,--,52,72020,买盘
739,14:06:21,13.85,0.02,23,31855,买盘
740,14:06:18,13.83,-0.02,7,10621,卖盘
741,14:06:15,13.85,--,20,27700,买盘
742,14:06:12,13.85,0.02,1,1385,买盘
743,14:06:09,13.83,0.02,3,4149,卖盘
744,14:06:06,13.81,-0.01,13,17953,卖盘
745,14:06:03,13.82,-0.03,12,16584,卖盘
746,14:06:00,13.85,--,7,9695,买盘
747,14:05:54,13.85,0.03,8,11080,买盘
748,14:05:48,13.82,-0.03,43,59426,卖盘
749,14:05:42,13.85,--,7,9695,买盘
750,14:05:39,13.85,0.02,127,175895,买盘
751,14:05:36,13.83,--,142,196386,买盘
752,14:05:33,13.83,0.02,36,49788,买盘
753,14:05:30,13.81,-0.02,36,49716,卖盘
754,14:05:27,13.83,0.01,46,63618,买盘
755,14:05:24,13.82,--,8,11056,买盘
756,14:05:21,13.82,0.01,7,9674,买盘
757,14:05:18,13.81,-0.01,26,36858,卖盘
758,14:05:15,13.82,0.01,8,11056,买盘
759,14:05:09,13.81,-0.02,25,34525,卖盘
760,14:05:03,13.83,0.02,9,12447,买盘
761,14:05:00,13.81,0.01,21,29001,中性盘
762,14:04:51,13.8,-0.02,14,19320,卖盘
763,14:04:48,13.82,-0.01,3,4146,卖盘
764,14:04:45,13.83,0.02,12,17536,买盘
765,14:04:42,13.81,-0.02,39,54300,卖盘
766,14:04:39,13.83,0.02,8,11064,买盘
767,14:04:36,13.81,--,13,17953,卖盘
768,14:04:33,13.81,--,17,23477,卖盘
769,14:04:30,13.81,--,15,20715,卖盘
770,14:04:27,13.81,--,11,16130,买盘
771,14:04:24,13.81,0.01,7,9667,买盘
772,14:04:15,13.8,--,5,6900,卖盘
773,14:04:12,13.8,-0.01,79,109020,卖盘
774,14:04:06,13.81,--,12,16572,卖盘
775,14:04:03,13.81,-0.02,20,27620,卖盘
776,14:04:00,13.83,-0.02,22,30426,中性盘
777,14:03:57,13.85,0.04,6,8310,买盘
778,14:03:51,13.81,--,21,29001,卖盘
779,14:03:45,13.81,-0.04,20,27620,卖盘
780,14:03:42,13.85,--,27,37395,买盘
781,14:03:36,13.85,0.04,224,310240,买盘
782,14:03:33,13.81,--,91,125671,卖盘
783,14:03:18,13.81,-0.02,20,28572,卖盘
784,14:03:09,13.83,--,7,10234,买盘
785,14:03:06,13.83,--,10,13830,买盘
786,14:03:03,13.83,0.02,16,22128,买盘
787,14:03:00,13.81,-0.02,14,19334,卖盘
788,14:02:54,13.83,0.02,8,11064,买盘
789,14:02:51,13.81,-0.02,20,27620,卖盘
790,14:02:48,13.83,0.02,131,181173,买盘
791,14:02:42,13.81,-0.02,83,114623,卖盘
792,14:02:39,13.83,0.02,11,15213,买盘
793,14:02:36,13.81,-0.02,126,174006,卖盘
794,14:02:33,13.83,--,85,117555,买盘
795,14:02:30,13.83,--,4,5532,买盘
796,14:02:24,13.83,0.03,102,141868,买盘
797,14:02:21,13.8,-0.02,94,129720,卖盘
798,14:02:18,13.82,0.01,9,12438,买盘
799,14:02:15,13.81,--,37,52036,卖盘
800,14:02:12,13.81,--,10,13810,卖盘
801,14:02:09,13.81,--,18,24858,卖盘
802,14:02:06,13.81,-0.01,69,95289,卖盘
803,14:02:03,13.82,0.01,8,11056,买盘
804,14:02:00,13.81,--,64,88384,卖盘
805,14:01:57,13.81,0.01,12,16572,中性盘
806,14:01:45,13.8,--,160,220800,卖盘
807,14:01:39,13.8,--,8,11040,卖盘
808,14:01:36,13.8,--,417,575832,卖盘
809,14:01:33,13.8,--,31,42780,卖盘
810,14:01:30,13.8,--,1,1380,卖盘
811,14:01:27,13.8,-0.01,32,44160,卖盘
812,14:01:24,13.81,-0.01,96,132576,卖盘
813,14:01:21,13.82,0.01,19,26258,买盘
814,14:01:18,13.81,--,6,8286,卖盘
815,14:01:12,13.81,-0.01,9,12429,卖盘
816,14:01:09,13.82,0.01,8,11056,买盘
817,14:01:06,13.81,--,21,29001,买盘
818,14:01:03,13.81,--,43,59383,买盘
819,14:01:00,13.81,--,7,9667,买盘
820,14:00:57,13.81,--,16,22096,买盘
821,14:00:54,13.81,--,172,237973,卖盘
822,14:00:51,13.81,-0.01,12,16572,卖盘
823,14:00:45,13.82,--,8,11056,买盘
824,14:00:42,13.82,--,20,27640,买盘
825,14:00:39,13.82,--,3,4146,买盘
826,14:00:36,13.82,--,74,102268,买盘
827,14:00:33,13.82,0.01,9,12438,买盘
828,14:00:27,13.81,--,13,17953,卖盘
829,14:00:21,13.81,-0.01,61,85180,卖盘
830,14:00:18,13.82,--,5,6910,买盘
831,14:00:15,13.82,0.01,12,16584,买盘
832,14:00:12,13.81,-0.01,14,19334,卖盘
833,14:00:09,13.82,--,23,31786,买盘
834,14:00:06,13.82,-0.01,163,225418,卖盘
835,14:00:03,13.83,--,20,27660,买盘
836,14:00:00,13.83,--,54,74682,买盘
837,13:59:57,13.83,0.01,24,33192,买盘
838,13:59:51,13.82,-0.01,35,48370,卖盘
839,13:59:48,13.83,--,10,13830,买盘
840,13:59:42,13.83,0.01,5,6915,买盘
841,13:59:39,13.82,-0.01,93,128995,卖盘
842,13:59:33,13.83,--,49,67767,卖盘
843,13:59:30,13.83,--,14,19362,卖盘
844,13:59:18,13.83,-0.02,12,16596,卖盘
845,13:59:15,13.85,0.02,39,54582,买盘
846,13:59:12,13.83,--,12,16596,卖盘
847,13:59:09,13.83,-0.02,23,31809,卖盘
848,13:59:03,13.85,0.02,18,24930,买盘
849,13:59:00,13.83,-0.02,3,4494,卖盘
850,13:58:57,13.85,0.03,59,81715,买盘
851,13:58:54,13.82,--,11,15202,卖盘
852,13:58:51,13.82,-0.03,127,175514,卖盘
853,13:58:48,13.85,0.02,1107,1533195,买盘
854,13:58:45,13.83,--,17,23511,买盘
855,13:58:42,13.83,--,4,5532,买盘
856,13:58:39,13.83,--,15,20745,买盘
857,13:58:36,13.83,0.01,16,22128,中性盘
858,13:58:33,13.82,-0.01,62,85684,卖盘
859,13:58:30,13.83,--,20,27660,卖盘
860,13:58:27,13.83,--,11,15213,卖盘
861,13:58:24,13.83,--,24,33192,卖盘
862,13:58:21,13.83,-0.02,6,8298,卖盘
863,13:58:18,13.85,--,15,20775,买盘
864,13:58:15,13.85,0.02,91,126035,买盘
865,13:58:12,13.83,--,40,55320,卖盘
866,13:58:09,13.83,--,11,15213,卖盘
867,13:58:06,13.83,-0.02,17,23511,卖盘
868,13:58:03,13.85,0.02,87,120495,买盘
869,13:58:00,13.83,--,11,15213,卖盘
870,13:57:57,13.83,-0.02,28,38724,卖盘
871,13:57:54,13.85,0.02,20,27700,中性盘
872,13:57:51,13.83,-0.02,33,45639,卖盘
873,13:57:48,13.85,-0.01,12,16620,卖盘
874,13:57:45,13.86,0.01,23,31878,买盘
875,13:57:42,13.85,0.03,33,45705,卖盘
876,13:57:39,13.82,--,30,41460,卖盘
877,13:57:36,13.82,-0.02,1008,1393056,卖盘
878,13:57:33,13.84,-0.02,30,42391,卖盘
879,13:57:27,13.86,0.02,11,15246,买盘
880,13:57:24,13.84,0.01,1,1384,中性盘
881,13:57:21,13.83,--,13,17979,卖盘
882,13:57:12,13.83,-0.03,20,27660,卖盘
883,13:57:09,13.86,0.02,62,85932,买盘
884,13:57:06,13.84,--,8,11072,卖盘
885,13:57:03,13.84,0.01,51,70584,中性盘
886,13:57:00,13.83,-0.03,20,27660,卖盘
887,13:56:57,13.86,0.02,10,13860,买盘
888,13:56:54,13.84,0.01,5,6920,卖盘
889,13:56:51,13.83,--,19,26277,卖盘
890,13:56:48,13.83,--,66,91278,卖盘
891,13:56:45,13.83,-0.04,34,47022,卖盘
892,13:56:42,13.87,0.04,8,11096,买盘
893,13:56:39,13.83,-0.04,6,8298,卖盘
894,13:56:33,13.87,0.04,60,83220,买盘
895,13:56:30,13.83,--,111,153513,卖盘
896,13:56:27,13.83,-0.04,46,63618,卖盘
897,13:56:24,13.87,0.04,25,34675,买盘
898,13:56:21,13.83,--,18,24894,卖盘
899,13:56:18,13.83,-0.04,50,69150,卖盘
900,13:56:15,13.87,--,39,54093,买盘
901,13:56:12,13.87,--,47,65188,买盘
902,13:56:09,13.87,0.04,18,24966,买盘
903,13:56:06,13.83,--,12,16596,卖盘
904,13:56:03,13.83,--,17,23511,卖盘
905,13:55:57,13.83,-0.03,20,27660,卖盘
906,13:55:54,13.86,0.03,24,33264,买盘
907,13:55:51,13.83,--,28,38724,卖盘
908,13:55:48,13.83,-0.03,40,55320,卖盘
909,13:55:42,13.86,-0.01,2,2772,中性盘
910,13:55:36,13.87,0.04,17,23579,买盘
911,13:55:33,13.83,-0.03,21,29043,卖盘
912,13:55:30,13.86,0.03,11,15246,买盘
913,13:55:27,13.83,--,4,5532,卖盘
914,13:55:24,13.83,-0.04,18,24894,卖盘
915,13:55:21,13.87,0.01,7,9709,买盘
916,13:55:18,13.86,--,7,9702,卖盘
917,13:55:15,13.86,0.03,44,60984,中性盘
918,13:55:12,13.83,--,20,27660,卖盘
919,13:55:09,13.83,--,1,1383,卖盘
920,13:55:06,13.83,-0.04,51,70533,卖盘
921,13:55:03,13.87,0.04,9,12483,买盘
922,13:55:00,13.83,--,38,52554,卖盘
923,13:54:57,13.83,--,14,19362,卖盘
924,13:54:54,13.83,0.01,20,27660,买盘
925,13:54:51,13.82,-0.03,37,51134,卖盘
926,13:54:48,13.85,-0.02,50,69250,卖盘
927,13:54:45,13.87,0.02,7,9709,买盘
928,13:54:42,13.85,0.01,16,22160,卖盘
929,13:54:39,13.84,-0.04,1015,1404760,卖盘
930,13:54:36,13.88,0.03,10,13880,买盘
931,13:54:33,13.85,--,27,37395,卖盘
932,13:54:30,13.85,--,14,19390,卖盘
933,13:54:24,13.85,-0.01,4,5540,卖盘
934,13:54:21,13.86,--,6,8316,卖盘
935,13:54:18,13.86,--,19,26334,卖盘
936,13:54:15,13.86,-0.02,25,34650,卖盘
937,13:54:12,13.88,0.02,24,33312,买盘
938,13:54:09,13.86,--,36,49896,卖盘
939,13:54:06,13.86,-0.02,2,2772,卖盘
940,13:54:03,13.88,--,41,56908,买盘
941,13:54:00,13.88,0.01,22,30536,买盘
942,13:53:57,13.87,0.01,12,16644,中性盘
943,13:53:54,13.86,-0.02,40,55440,卖盘
944,13:53:48,13.88,0.02,37,51356,买盘
945,13:53:45,13.86,--,19,26334,卖盘
946,13:53:42,13.86,-0.02,22,30492,卖盘
947,13:53:36,13.88,0.02,13,18044,买盘
948,13:53:33,13.86,-0.02,91,126126,卖盘
949,13:53:30,13.88,0.01,41,56908,买盘
950,13:53:27,13.87,--,8,11096,卖盘
951,13:53:24,13.87,--,13,18031,卖盘
952,13:53:21,13.87,--,3,4161,卖盘
953,13:53:18,13.87,-0.02,10,13870,卖盘
954,13:53:15,13.89,0.02,56,77784,买盘
955,13:53:12,13.87,-0.02,25,34675,卖盘
956,13:53:03,13.89,0.02,58,80562,买盘
957,13:53:00,13.87,--,12,16644,卖盘
958,13:52:57,13.87,--,11,15257,卖盘
959,13:52:54,13.87,-0.01,23,31901,卖盘
960,13:52:51,13.88,--,11,15268,卖盘
961,13:52:48,13.88,-0.02,35,48580,卖盘
962,13:52:45,13.9,0.02,33,45870,买盘
963,13:52:42,13.88,--,35,48580,卖盘
964,13:52:36,13.88,-0.02,56,77728,卖盘
965,13:52:33,13.9,0.02,63,87570,买盘
966,13:52:30,13.88,--,10,13880,卖盘
967,13:52:27,13.88,--,25,34700,卖盘
968,13:52:21,13.88,--,41,56908,卖盘
969,13:52:18,13.88,--,12,16656,卖盘
970,13:52:15,13.88,--,53,73564,卖盘
971,13:52:09,13.88,-0.02,3,4164,卖盘
972,13:52:06,13.9,--,14,19460,买盘
973,13:52:03,13.9,0.02,8,11120,买盘
974,13:52:00,13.88,--,12,16656,卖盘
975,13:51:57,13.88,-0.01,23,31924,卖盘
976,13:51:54,13.89,--,16,22224,买盘
977,13:51:48,13.89,--,17,23613,买盘
978,13:51:45,13.89,0.01,45,62505,买盘
979,13:51:42,13.88,-0.01,4,5552,卖盘
980,13:51:36,13.89,--,8,11112,买盘
981,13:51:33,13.89,0.01,19,26391,买盘
982,13:51:30,13.88,--,58,80504,卖盘
983,13:51:27,13.88,-0.01,3,4164,卖盘
984,13:51:24,13.89,0.01,7,9723,买盘
985,13:51:21,13.88,-0.02,18,24984,卖盘
986,13:51:15,13.9,0.02,29,40310,买盘
987,13:51:09,13.88,--,29,40252,卖盘
988,13:51:06,13.88,-0.02,2,2776,卖盘
989,13:51:03,13.9,0.02,21,29190,买盘
990,13:51:00,13.88,--,49,68012,卖盘
991,13:50:57,13.88,-0.02,9,12492,卖盘
992,13:50:54,13.9,0.02,15,20850,买盘
993,13:50:51,13.88,-0.02,4,5552,卖盘
994,13:50:45,13.9,--,24,33360,买盘
995,13:50:39,13.9,0.02,8,11120,买盘
996,13:50:36,13.88,-0.02,6,8328,卖盘
997,13:50:33,13.9,--,22,30580,买盘
998,13:50:30,13.9,0.02,34,47260,买盘
999,13:50:27,13.88,--,40,55520,卖盘
1000,13:50:24,13.88,-0.02,7,9716,卖盘
1001,13:50:21,13.9,0.02,55,76450,买盘
1002,13:50:18,13.88,--,47,65236,卖盘
1003,13:50:12,13.88,-0.02,13,18044,卖盘
1004,13:50:06,13.9,0.01,26,36140,买盘
1005,13:50:03,13.89,0.01,69,95841,卖盘
1006,13:50:00,13.88,-0.02,22,30536,卖盘
1007,13:49:54,13.9,0.02,13,18070,买盘
1008,13:49:48,13.88,-0.02,10,13880,卖盘
1009,13:49:45,13.9,0.02,91,126490,买盘
1010,13:49:42,13.88,-0.02,41,56908,卖盘
1011,13:49:39,13.9,--,54,75060,买盘
1012,13:49:36,13.9,--,13,18070,买盘
1013,13:49:33,13.9,0.01,8,11120,买盘
1014,13:49:30,13.89,-0.01,4,5556,卖盘
1015,13:49:24,13.9,0.02,17,23630,买盘
1016,13:49:18,13.88,-0.02,6,8328,卖盘
1017,13:49:15,13.9,0.01,7,9730,买盘
1018,13:49:12,13.89,-0.01,2,2778,中性盘
1019,13:49:03,13.9,0.02,22,30580,买盘
1020,13:49:00,13.88,--,42,58296,卖盘
1021,13:48:57,13.88,--,11,15268,卖盘
1022,13:48:54,13.88,-0.02,42,58296,卖盘
1023,13:48:51,13.9,--,7,9730,买盘
1024,13:48:48,13.9,0.02,25,34750,买盘
1025,13:48:45,13.88,-0.02,9,12492,卖盘
1026,13:48:42,13.9,0.02,10,13900,买盘
1027,13:48:39,13.88,-0.02,12,16656,卖盘
1028,13:48:33,13.9,--,16,22240,买盘
1029,13:48:30,13.9,-0.01,127,176530,卖盘
1030,13:48:27,13.91,0.01,7,9737,买盘
1031,13:48:24,13.9,-0.01,48,66720,卖盘
1032,13:48:18,13.91,--,43,59813,卖盘
1033,13:48:15,13.91,--,3,4173,卖盘
1034,13:48:12,13.91,-0.01,7,9737,卖盘
1035,13:48:06,13.92,0.01,9,12528,买盘
1036,13:48:03,13.91,--,9,12519,卖盘
1037,13:48:00,13.91,--,4,5564,卖盘
1038,13:47:57,13.91,-0.01,100,139100,卖盘
1039,13:47:54,13.92,0.01,8,11136,买盘
1040,13:47:48,13.91,-0.01,6,8346,卖盘
1041,13:47:45,13.92,-0.01,134,186528,卖盘
1042,13:47:42,13.93,0.01,27,37611,买盘
1043,13:47:39,13.92,-0.01,11,15312,卖盘
1044,13:47:36,13.93,0.01,26,36218,买盘
1045,13:47:33,13.92,--,44,61248,卖盘
1046,13:47:30,13.92,-0.01,6,8352,卖盘
1047,13:47:27,13.93,0.01,31,43183,买盘
1048,13:47:24,13.92,-0.01,15,20880,卖盘
1049,13:47:21,13.93,--,14,19502,买盘
1050,13:47:18,13.93,--,38,52934,卖盘
1051,13:47:15,13.93,--,31,43183,买盘
1052,13:47:12,13.93,--,21,29253,卖盘
1053,13:47:09,13.93,--,1,1393,卖盘
1054,13:47:06,13.93,-0.01,43,59899,卖盘
1055,13:47:03,13.94,--,15,20910,买盘
1056,13:47:00,13.94,0.01,8,11152,买盘
1057,13:46:57,13.93,--,5,6965,卖盘
1058,13:46:51,13.93,0.01,1,1393,中性盘
1059,13:46:48,13.92,-0.01,39,54288,卖盘
1060,13:46:45,13.93,0.01,24,33432,中性盘
1061,13:46:42,13.92,-0.01,4,5568,卖盘
1062,13:46:39,13.93,-0.01,27,37611,卖盘
1063,13:46:36,13.94,--,91,126854,买盘
1064,13:46:33,13.94,0.01,16,22304,买盘
1065,13:46:30,13.93,--,1,1393,买盘
1066,13:46:27,13.93,0.01,38,52934,买盘
1067,13:46:24,13.92,--,60,83520,卖盘
1068,13:46:21,13.92,-0.01,67,93264,卖盘
1069,13:46:18,13.93,--,5,6965,买盘
1070,13:46:15,13.93,0.01,7,9751,买盘
1071,13:46:09,13.92,--,19,26448,卖盘
1072,13:46:06,13.92,--,448,623616,买盘
1073,13:46:03,13.92,--,31,43152,买盘
1074,13:46:00,13.92,0.01,54,75168,买盘
1075,13:45:57,13.91,-0.01,4,5564,卖盘
1076,13:45:54,13.92,--,9,12528,买盘
1077,13:45:51,13.92,--,7,9744,买盘
1078,13:45:48,13.92,--,52,72384,买盘
1079,13:45:45,13.92,0.01,8,11136,买盘
1080,13:45:42,13.91,--,15,20865,买盘
1081,13:45:36,13.91,--,14,19474,买盘
1082,13:45:33,13.91,--,8,11128,买盘
1083,13:45:30,13.91,--,7,9737,买盘
1084,13:45:27,13.91,--,8,11128,买盘
1085,13:45:24,13.91,--,27,37557,买盘
1086,13:45:21,13.91,0.01,18,25038,买盘
1087,13:45:18,13.9,-0.01,9,12510,卖盘
1088,13:45:15,13.91,0.01,1,1391,买盘
1089,13:45:12,13.9,-0.01,16,22240,中性盘
1090,13:45:09,13.91,--,16,22256,买盘
1091,13:45:06,13.91,0.01,43,59813,买盘
1092,13:45:03,13.9,-0.01,127,176530,卖盘
1093,13:45:00,13.91,0.01,13,18083,买盘
1094,13:44:57,13.9,-0.01,9,12510,卖盘
1095,13:44:51,13.91,--,4,5564,买盘
1096,13:44:48,13.91,0.01,28,38948,买盘
1097,13:44:45,13.9,--,62,87361,买盘
1098,13:44:42,13.9,--,88,122320,买盘
1099,13:44:39,13.9,0.01,7,9730,买盘
1100,13:44:36,13.89,-0.01,7,9723,卖盘
1101,13:44:33,13.9,--,8,11120,买盘
1102,13:44:30,13.9,0.02,45,62550,买盘
1103,13:44:27,13.88,--,23,31924,买盘
1104,13:44:24,13.88,0.01,84,116592,中性盘
1105,13:44:18,13.87,-0.03,3,4161,卖盘
1106,13:44:15,13.9,0.01,146,202940,买盘
1107,13:44:12,13.89,-0.01,4,5556,卖盘
1108,13:44:06,13.9,0.01,46,63940,买盘
1109,13:44:03,13.89,0.01,51,70839,买盘
1110,13:44:00,13.88,--,23,31924,买盘
1111,13:43:57,13.88,--,23,31924,买盘
1112,13:43:54,13.88,--,31,43028,买盘
1113,13:43:51,13.88,0.02,26,36088,买盘
1114,13:43:48,13.86,0.01,24,33264,买盘
1115,13:43:45,13.85,-0.03,3,4155,卖盘
1116,13:43:42,13.88,0.03,47,65236,买盘
1117,13:43:39,13.85,--,54,74790,卖盘
1118,13:43:36,13.85,-0.02,13,18005,卖盘
1119,13:43:33,13.87,--,13,18031,买盘
1120,13:43:30,13.87,--,15,20805,买盘
1121,13:43:27,13.87,0.01,31,42997,买盘
1122,13:43:24,13.86,--,9,12474,买盘
1123,13:43:21,13.86,0.01,6,8316,买盘
1124,13:43:18,13.85,--,3,4155,卖盘
1125,13:43:15,13.85,0.01,6,8310,买盘
1126,13:43:12,13.84,-0.01,41,56744,卖盘
1127,13:43:09,13.85,--,13,18005,买盘
1128,13:43:06,13.85,-0.02,82,113570,卖盘
1129,13:43:03,13.87,--,8,11096,买盘
1130,13:43:00,13.87,0.02,8,11096,买盘
1131,13:42:57,13.85,-0.02,6,8310,卖盘
1132,13:42:51,13.87,--,59,81833,买盘
1133,13:42:48,13.87,0.02,18,24966,买盘
1134,13:42:42,13.85,-0.02,8,11080,卖盘
1135,13:42:39,13.87,--,4,5548,买盘
1136,13:42:36,13.87,--,8,11096,买盘
1137,13:42:33,13.87,0.03,31,42997,买盘
1138,13:42:30,13.84,--,20,27680,卖盘
1139,13:42:27,13.84,-0.01,13,17992,卖盘
1140,13:42:24,13.85,0.01,18,25123,买盘
1141,13:42:21,13.84,--,59,81656,卖盘
1142,13:42:18,13.84,--,4,5536,卖盘
1143,13:42:15,13.84,-0.01,10,13840,卖盘
1144,13:42:12,13.85,--,59,81715,买盘
1145,13:42:09,13.85,--,78,108030,买盘
1146,13:42:03,13.85,--,89,123265,买盘
1147,13:41:57,13.85,0.01,21,29085,买盘
1148,13:41:54,13.84,--,43,59678,买盘
1149,13:41:51,13.84,--,43,59512,买盘
1150,13:41:48,13.84,--,20,27680,买盘
1151,13:41:45,13.84,--,20,27680,买盘
1152,13:41:42,13.84,--,20,27680,买盘
1153,13:41:39,13.84,0.01,8,11072,买盘
1154,13:41:33,13.83,-0.01,18,24894,卖盘
1155,13:41:30,13.84,0.01,131,181304,买盘
1156,13:41:27,13.83,-0.01,8,11064,卖盘
1157,13:41:24,13.84,0.01,12,16608,买盘
1158,13:41:21,13.83,-0.01,63,87129,卖盘
1159,13:41:18,13.84,--,17,23528,买盘
1160,13:41:15,13.84,--,28,38752,买盘
1161,13:41:12,13.84,--,35,48440,买盘
1162,13:41:09,13.84,0.01,4,5536,买盘
1163,13:41:06,13.83,-0.01,36,49788,卖盘
1164,13:41:03,13.84,--,31,42904,买盘
1165,13:41:00,13.84,--,44,60896,买盘
1166,13:40:57,13.84,-0.01,224,311233,卖盘
1167,13:40:54,13.85,--,108,149580,买盘
1168,13:40:48,13.85,0.01,4,5540,买盘
1169,13:40:45,13.84,--,52,71968,卖盘
1170,13:40:39,13.84,-0.01,6,8304,卖盘
1171,13:40:36,13.85,0.01,70,96950,买盘
1172,13:40:33,13.84,-0.01,18,24912,卖盘
1173,13:40:30,13.85,0.01,4,5540,买盘
1174,13:40:27,13.84,-0.01,4,5536,卖盘
1175,13:40:24,13.85,--,116,160660,买盘
1176,13:40:21,13.85,--,23,31855,买盘
1177,13:40:15,13.85,--,13,18005,买盘
1178,13:40:12,13.85,--,108,149580,买盘
1179,13:40:09,13.85,--,7,9695,买盘
1180,13:40:06,13.85,-0.02,395,548266,卖盘
1181,13:40:03,13.87,0.02,20,27740,买盘
1182,13:39:57,13.85,-0.03,25,34625,卖盘
1183,13:39:51,13.88,--,35,48580,买盘
1184,13:39:48,13.88,--,28,38864,买盘
1185,13:39:45,13.88,0.01,62,86056,买盘
1186,13:39:42,13.87,-0.01,11,15257,中性盘
1187,13:39:39,13.88,0.04,404,560946,买盘
1188,13:39:36,13.84,-0.01,22,30448,卖盘
1189,13:39:33,13.85,--,8,11080,买盘
1190,13:39:30,13.85,--,12,16620,买盘
1191,13:39:21,13.85,--,19,26315,买盘
1192,13:39:18,13.85,--,48,66480,买盘
1193,13:39:15,13.85,-0.03,963,1333851,卖盘
1194,13:39:12,13.88,--,11,15268,买盘
1195,13:39:09,13.88,0.01,22,30536,买盘
1196,13:39:06,13.87,-0.01,14,19418,卖盘
1197,13:39:03,13.88,0.01,47,65236,买盘
1198,13:38:57,13.87,-0.01,3,4161,卖盘
1199,13:38:54,13.88,--,12,16656,买盘
1200,13:38:51,13.88,--,5,6940,买盘
1201,13:38:48,13.88,--,15,20820,买盘
1202,13:38:45,13.88,0.01,13,18044,中性盘
1203,13:38:42,13.87,-0.01,69,95703,卖盘
1204,13:38:39,13.88,--,8,11104,卖盘
1205,13:38:36,13.88,--,52,72176,卖盘
1206,13:38:33,13.88,-0.01,43,59684,卖盘
1207,13:38:30,13.89,--,177,247186,买盘
1208,13:38:27,13.89,0.01,16,22224,买盘
1209,13:38:24,13.88,--,46,63848,卖盘
1210,13:38:21,13.88,-0.01,17,23596,卖盘
1211,13:38:18,13.89,0.01,8,11112,买盘
1212,13:38:15,13.88,--,26,36088,卖盘
1213,13:38:12,13.88,-0.01,18,24984,卖盘
1214,13:38:09,13.89,0.02,4,5556,买盘
1215,13:38:06,13.87,-0.01,599,830813,卖盘
1216,13:38:03,13.88,--,27,37476,卖盘
1217,13:38:00,13.88,-0.01,56,77728,卖盘
1218,13:37:57,13.89,0.01,8,11112,买盘
1219,13:37:54,13.88,0.01,38,52744,买盘
1220,13:37:51,13.87,-0.01,110,153083,卖盘
1221,13:37:48,13.88,--,274,380312,买盘
1222,13:37:45,13.88,0.01,13,18044,买盘
1223,13:37:42,13.87,-0.01,4,5548,卖盘
1224,13:37:39,13.88,0.01,12,16656,买盘
1225,13:37:36,13.87,--,2,2774,卖盘
1226,13:37:33,13.87,-0.01,14,19418,卖盘
1227,13:37:30,13.88,0.01,170,235960,买盘
1228,13:37:27,13.87,--,25,34675,卖盘
1229,13:37:24,13.87,0.01,66,91542,买盘
1230,13:37:21,13.86,-0.01,8,11088,卖盘
1231,13:37:18,13.87,0.01,400,554800,买盘
1232,13:37:15,13.86,--,44,60984,卖盘
1233,13:37:12,13.86,--,19,26334,卖盘
1234,13:37:09,13.86,-0.01,18,24948,卖盘
1235,13:37:06,13.87,--,58,80446,买盘
1236,13:37:03,13.87,--,272,377264,买盘
1237,13:36:57,13.87,0.01,59,81833,买盘
1238,13:36:54,13.86,--,15,20790,卖盘
1239,13:36:51,13.86,-0.01,15,20790,卖盘
1240,13:36:48,13.87,--,32,44384,买盘
1241,13:36:45,13.87,0.01,4,5548,买盘
1242,13:36:42,13.86,--,113,156618,卖盘
1243,13:36:39,13.86,--,5,6930,卖盘
1244,13:36:36,13.86,-0.01,14,19404,卖盘
1245,13:36:33,13.87,0.01,31,42997,买盘
1246,13:36:30,13.86,-0.01,25,34650,卖盘
1247,13:36:27,13.87,--,14,19418,买盘
1248,13:36:24,13.87,--,144,199728,买盘
1249,13:36:21,13.87,--,7,9709,买盘
1250,13:36:15,13.87,--,59,81833,买盘
1251,13:36:12,13.87,--,8,11096,买盘
1252,13:36:09,13.87,0.01,19,26353,买盘
1253,13:36:06,13.86,--,23,31878,卖盘
1254,13:36:03,13.86,-0.01,21,29106,卖盘
1255,13:36:00,13.87,0.01,40,55480,买盘
1256,13:35:57,13.86,--,33,45738,卖盘
1257,13:35:51,13.86,--,9,12474,卖盘
1258,13:35:48,13.86,-0.01,11,15246,卖盘
1259,13:35:45,13.87,--,30,41610,买盘
1260,13:35:42,13.87,0.01,91,126217,买盘
1261,13:35:39,13.86,--,4,5544,买盘
1262,13:35:36,13.86,--,10,13860,买盘
1263,13:35:33,13.86,--,89,123354,买盘
1264,13:35:30,13.86,--,10,13860,买盘
1265,13:35:27,13.86,--,239,331254,买盘
1266,13:35:24,13.86,--,52,72072,买盘
1267,13:35:21,13.86,--,19,26334,买盘
1268,13:35:18,13.86,0.01,11,15246,买盘
1269,13:35:15,13.85,-0.01,4,5540,卖盘
1270,13:35:09,13.86,--,62,85932,买盘
1271,13:35:03,13.86,0.01,42,58212,买盘
1272,13:35:00,13.85,--,41,57616,买盘
1273,13:34:57,13.85,--,11,15235,买盘
1274,13:34:54,13.85,0.01,291,403035,买盘
1275,13:34:51,13.84,-0.01,26,35984,卖盘
1276,13:34:48,13.85,0.01,10,13850,买盘
1277,13:34:45,13.84,-0.01,4,5536,卖盘
1278,13:34:42,13.85,0.01,30,41550,买盘
1279,13:34:39,13.84,-0.01,13,17992,卖盘
1280,13:34:36,13.85,0.01,269,372565,买盘
1281,13:34:33,13.84,-0.01,10,13840,卖盘
1282,13:34:30,13.85,0.01,22,30470,买盘
1283,13:34:27,13.84,-0.01,11,15224,卖盘
1284,13:34:24,13.85,--,7,9695,买盘
1285,13:34:21,13.85,0.01,4,5540,买盘
1286,13:34:15,13.84,--,76,105184,卖盘
1287,13:34:12,13.84,--,4,5536,卖盘
1288,13:34:09,13.84,--,36,49824,卖盘
1289,13:34:06,13.84,-0.01,73,101032,卖盘
1290,13:34:03,13.85,--,162,224370,买盘
1291,13:34:00,13.85,--,4,5540,买盘
1292,13:33:57,13.85,0.01,8,11080,买盘
1293,13:33:54,13.84,--,16,22144,卖盘
1294,13:33:51,13.84,0.01,13,18158,买盘
1295,13:33:48,13.83,-0.01,118,164411,卖盘
1296,13:33:45,13.84,-0.01,7,9688,卖盘
1297,13:33:42,13.85,0.01,12,16620,买盘
1298,13:33:39,13.84,--,18,24912,卖盘
1299,13:33:36,13.84,--,10,13840,卖盘
1300,13:33:33,13.84,--,28,38752,卖盘
1301,13:33:30,13.84,--,4,5536,卖盘
1302,13:33:27,13.84,--,5,7086,买盘
1303,13:33:24,13.84,--,22,30448,买盘
1304,13:33:21,13.84,--,211,292024,买盘
1305,13:33:18,13.84,0.01,28,38752,买盘
1306,13:33:15,13.83,--,349,482902,卖盘
1307,13:33:12,13.83,-0.01,19,26277,卖盘
1308,13:33:09,13.84,--,425,589417,卖盘
1309,13:33:06,13.84,-0.01,14,19376,卖盘
1310,13:33:03,13.85,0.01,21,29085,买盘
1311,13:33:00,13.84,-0.01,35,48606,卖盘
1312,13:32:57,13.85,0.01,215,297775,买盘
1313,13:32:54,13.84,-0.01,33,45672,卖盘
1314,13:32:48,13.85,--,64,88640,买盘
1315,13:32:42,13.85,--,24,33240,买盘
1316,13:32:39,13.85,0.01,25,34625,买盘
1317,13:32:36,13.84,-0.01,7,9688,卖盘
1318,13:32:33,13.85,--,22,30470,买盘
1319,13:32:27,13.85,--,17,23545,买盘
1320,13:32:24,13.85,--,213,295005,买盘
1321,13:32:21,13.85,--,12,16620,买盘
1322,13:32:18,13.85,0.02,42,58170,买盘
1323,13:32:15,13.83,-0.01,24,33192,卖盘
1324,13:32:12,13.84,--,1,1384,买盘
1325,13:32:09,13.84,--,61,84424,买盘
1326,13:32:03,13.84,--,28,38752,买盘
1327,13:32:00,13.84,--,38,52592,买盘
1328,13:31:57,13.84,0.01,8,11072,买盘
1329,13:31:54,13.83,--,78,107874,卖盘
1330,13:31:48,13.83,0.01,10,13830,中性盘
1331,13:31:45,13.82,-0.02,14,19348,卖盘
1332,13:31:42,13.84,0.02,17,23528,买盘
1333,13:31:39,13.82,-0.02,7,9674,卖盘
1334,13:31:36,13.84,0.01,28,38752,买盘
1335,13:31:33,13.83,0.01,10,13830,买盘
1336,13:31:30,13.82,-0.01,56,77392,卖盘
1337,13:31:27,13.83,--,1,1383,买盘
1338,13:31:24,13.83,-0.01,1002,1386319,卖盘
1339,13:31:18,13.84,-0.01,6,8304,卖盘
1340,13:31:15,13.85,-0.01,584,808840,卖盘
1341,13:31:12,13.86,--,20,27720,买盘
1342,13:31:09,13.86,--,7,9702,买盘
1343,13:31:06,13.86,-0.02,537,744282,卖盘
1344,13:31:03,13.88,--,76,105488,买盘
1345,13:31:00,13.88,-0.01,472,655136,卖盘
1346,13:30:57,13.89,--,9,12501,买盘
1347,13:30:54,13.89,--,21,29169,买盘
1348,13:30:51,13.89,0.01,33,45837,买盘
1349,13:30:48,13.88,-0.01,238,330344,卖盘
1350,13:30:45,13.89,--,16,22224,买盘
1351,13:30:42,13.89,--,53,73617,买盘
1352,13:30:39,13.89,0.01,30,41670,买盘
1353,13:30:36,13.88,--,200,277600,卖盘
1354,13:30:33,13.88,-0.01,22,30536,卖盘
1355,13:30:30,13.89,--,114,158346,买盘
1356,13:30:27,13.89,0.01,285,395865,买盘
1357,13:30:24,13.88,--,53,73564,卖盘
1358,13:30:21,13.88,--,6,8328,卖盘
1359,13:30:18,13.88,-0.01,16,22208,卖盘
1360,13:30:15,13.89,0.01,29,40281,买盘
1361,13:30:12,13.88,--,100,138800,卖盘
1362,13:30:09,13.88,--,51,70788,买盘
1363,13:30:06,13.88,0.01,44,61072,买盘
1364,13:30:03,13.87,-0.01,25,34675,卖盘
1365,13:30:00,13.88,--,4,5552,买盘
1366,13:29:51,13.88,-0.01,8,11104,中性盘
1367,13:29:48,13.89,0.03,4,5556,买盘
1368,13:29:45,13.86,-0.01,138,191268,卖盘
1369,13:29:42,13.87,--,61,84607,买盘
1370,13:29:39,13.87,--,39,54093,买盘
1371,13:29:36,13.87,--,10,13870,买盘
1372,13:29:33,13.87,0.01,55,76285,买盘
1373,13:29:27,13.86,--,66,91476,买盘
1374,13:29:24,13.86,--,59,81774,买盘
1375,13:29:21,13.86,0.01,29,40194,买盘
1376,13:29:15,13.85,-0.01,23,31855,卖盘
1377,13:29:12,13.86,--,14,19404,买盘
1378,13:29:09,13.86,0.02,225,311850,买盘
1379,13:29:06,13.84,-0.01,11,15224,卖盘
1380,13:29:03,13.85,0.01,19,26315,买盘
1381,13:29:00,13.84,-0.01,201,278184,卖盘
1382,13:28:57,13.85,--,177,245145,买盘
1383,13:28:54,13.85,--,37,51245,买盘
1384,13:28:51,13.85,--,91,126035,买盘
1385,13:28:48,13.85,--,535,740975,买盘
1386,13:28:45,13.85,--,239,331015,买盘
1387,13:28:42,13.85,--,898,1243730,买盘
1388,13:28:39,13.85,0.01,9,12465,买盘
1389,13:28:36,13.84,-0.01,2,2768,卖盘
1390,13:28:33,13.85,--,26,36010,买盘
1391,13:28:30,13.85,0.01,13,18005,买盘
1392,13:28:27,13.84,-0.01,8,11072,卖盘
1393,13:28:24,13.85,0.01,4,5540,买盘
1394,13:28:21,13.84,-0.01,19,26296,卖盘
1395,13:28:18,13.85,--,771,1067835,买盘
1396,13:28:15,13.85,--,8,11080,买盘
1397,13:28:12,13.85,0.01,657,909945,买盘
1398,13:28:09,13.84,-0.01,16,22144,卖盘
1399,13:28:06,13.85,0.01,25,34625,买盘
1400,13:28:03,13.84,0.01,38,52592,卖盘
1401,13:28:00,13.83,-0.02,11,15213,卖盘
1402,13:27:57,13.85,--,27,37395,买盘
1403,13:27:54,13.85,0.01,32,44320,买盘
1404,13:27:51,13.84,-0.01,479,662936,卖盘
1405,13:27:48,13.85,0.01,115,159275,买盘
1406,13:27:42,13.84,--,20,27680,卖盘
1407,13:27:39,13.84,0.01,74,103246,买盘
1408,13:27:36,13.83,-0.01,15,20745,卖盘
1409,13:27:33,13.84,--,58,80272,买盘
1410,13:27:30,13.84,-0.01,97,134248,卖盘
1411,13:27:27,13.85,--,12,16620,买盘
1412,13:27:24,13.85,--,278,385030,买盘
1413,13:27:21,13.85,--,191,264535,买盘
1414,13:27:18,13.85,--,67,92795,买盘
1415,13:27:15,13.85,-0.01,314,434890,卖盘
1416,13:27:09,13.86,--,24,33264,买盘
1417,13:27:06,13.86,0.01,18,24948,买盘
1418,13:27:03,13.85,--,33,45705,卖盘
1419,13:27:00,13.85,0.02,117,162045,买盘
1420,13:26:57,13.83,--,3,4149,卖盘
1421,13:26:54,13.83,-0.03,6,8298,卖盘
1422,13:26:51,13.86,0.03,43,59598,买盘
1423,13:26:48,13.83,-0.02,8,11064,卖盘
1424,13:26:45,13.85,--,128,177280,买盘
1425,13:26:42,13.85,--,19,26315,买盘
1426,13:26:39,13.85,--,27,37395,买盘
1427,13:26:36,13.85,-0.01,54,74790,卖盘
1428,13:26:33,13.86,0.01,8,11088,买盘
1429,13:26:30,13.85,0.02,13,18005,买盘
1430,13:26:27,13.83,-0.02,11,15213,卖盘
1431,13:26:24,13.85,--,1,1385,买盘
1432,13:26:21,13.85,0.01,156,216060,买盘
1433,13:26:18,13.84,-0.01,119,164696,卖盘
1434,13:26:15,13.85,--,93,128805,买盘
1435,13:26:12,13.85,0.01,10,13850,买盘
1436,13:26:09,13.84,--,33,45672,卖盘
1437,13:26:06,13.84,-0.01,25,34600,卖盘
1438,13:26:03,13.85,--,9,12465,买盘
1439,13:26:00,13.85,--,12,16620,买盘
1440,13:25:57,13.85,0.01,63,87255,买盘
1441,13:25:54,13.84,--,44,60896,卖盘
1442,13:25:48,13.84,--,217,300328,买盘
1443,13:25:45,13.84,0.01,106,146704,买盘
1444,13:25:42,13.83,-0.01,134,185322,卖盘
1445,13:25:39,13.84,0.01,13,17992,买盘
1446,13:25:36,13.83,--,2,2766,卖盘
1447,13:25:33,13.83,--,29,40107,卖盘
1448,13:25:30,13.83,-0.01,10,13830,中性盘
1449,13:25:27,13.84,0.04,48,66432,买盘
1450,13:25:24,13.8,--,6,8280,卖盘
1451,13:25:21,13.8,-0.03,11,15180,卖盘
1452,13:25:18,13.83,--,89,123087,买盘
1453,13:25:15,13.83,--,37,51171,买盘
1454,13:25:12,13.83,0.03,36,49788,买盘
1455,13:25:09,13.8,--,163,224940,买盘
1456,13:25:06,13.8,--,704,971520,买盘
1457,13:25:03,13.8,--,342,471960,买盘
1458,13:25:00,13.8,--,96,132480,买盘
1459,13:24:57,13.8,--,284,391920,买盘
1460,13:24:54,13.8,--,146,201480,买盘
1461,13:24:51,13.8,--,103,142140,买盘
1462,13:24:48,13.8,--,218,300840,买盘
1463,13:24:45,13.8,--,24,33120,买盘
1464,13:24:42,13.8,--,1161,1602180,买盘
1465,13:24:39,13.8,0.01,80,110400,买盘
1466,13:24:36,13.79,-0.01,29,39991,卖盘
1467,13:24:33,13.8,0.01,126,173880,买盘
1468,13:24:30,13.79,-0.01,42,57918,卖盘
1469,13:24:27,13.8,--,19,26220,买盘
1470,13:24:24,13.8,--,110,151800,买盘
1471,13:24:21,13.8,0.01,26,35880,买盘
1472,13:24:18,13.79,-0.01,7,9653,卖盘
1473,13:24:15,13.8,0.01,30,41400,买盘
1474,13:24:12,13.79,-0.01,34,46886,卖盘
1475,13:24:09,13.8,--,56,77280,买盘
1476,13:24:06,13.8,0.01,28,38640,买盘
1477,13:24:03,13.79,--,80,110320,卖盘
1478,13:24:00,13.79,-0.01,11,15168,卖盘
1479,13:23:57,13.8,0.01,84,115920,买盘
1480,13:23:54,13.79,-0.01,20,27580,卖盘
1481,13:23:51,13.8,0.01,61,84180,买盘
1482,13:23:48,13.79,-0.01,16,22064,卖盘
1483,13:23:42,13.8,--,8,11040,买盘
1484,13:23:39,13.8,--,168,231840,买盘
1485,13:23:33,13.8,--,37,51060,买盘
1486,13:23:30,13.8,0.01,5,6900,买盘
1487,13:23:27,13.79,--,44,60675,卖盘
1488,13:23:24,13.79,-0.01,10,13790,卖盘
1489,13:23:21,13.8,--,98,135240,买盘
1490,13:23:18,13.8,0.01,44,60720,买盘
1491,13:23:15,13.79,-0.01,8,11032,卖盘
1492,13:23:12,13.8,0.01,46,63480,买盘
1493,13:23:09,13.79,-0.01,2,2758,卖盘
1494,13:23:06,13.8,--,138,190440,买盘
1495,13:23:03,13.8,--,8,11040,买盘
1496,13:23:00,13.8,0.01,7,9660,买盘
1497,13:22:57,13.79,-0.01,17,23443,卖盘
1498,13:22:54,13.8,--,15,20700,买盘
1499,13:22:51,13.8,0.01,58,80040,买盘
1500,13:22:48,13.79,-0.01,20,27580,卖盘
1501,13:22:45,13.8,--,1,1380,买盘
1502,13:22:42,13.8,--,105,144900,买盘
1503,13:22:39,13.8,0.01,120,165600,买盘
1504,13:22:36,13.79,-0.01,18,24822,卖盘
1505,13:22:33,13.8,0.01,333,459540,买盘
1506,13:22:30,13.79,-0.01,46,63433,卖盘
1507,13:22:27,13.8,--,7,9660,买盘
1508,13:22:24,13.8,0.01,45,62100,买盘
1509,13:22:21,13.79,-0.01,61,84119,卖盘
1510,13:22:18,13.8,0.01,31,42780,买盘
1511,13:22:15,13.79,--,4,5516,卖盘
1512,13:22:12,13.79,-0.01,66,91014,卖盘
1513,13:22:09,13.8,--,12,16560,买盘
1514,13:22:06,13.8,--,29,40020,买盘
1515,13:22:03,13.8,0.01,27,37260,买盘
1516,13:22:00,13.79,-0.01,58,79982,卖盘
1517,13:21:57,13.8,-0.03,111,153180,卖盘
1518,13:21:54,13.83,--,45,62235,买盘
1519,13:21:48,13.83,0.03,3,4149,买盘
1520,13:21:42,13.8,0.01,15,20700,卖盘
1521,13:21:39,13.79,-0.01,84,116318,卖盘
1522,13:21:36,13.8,-0.03,59,82317,卖盘
1523,13:21:33,13.83,--,8,11064,买盘
1524,13:21:30,13.83,0.03,119,165061,买盘
1525,13:21:27,13.8,--,72,99360,买盘
1526,13:21:24,13.8,--,26,35880,买盘
1527,13:21:21,13.8,--,114,157320,买盘
1528,13:21:18,13.8,--,126,173880,买盘
1529,13:21:15,13.8,--,150,207000,买盘
1530,13:21:12,13.8,--,87,120060,买盘
1531,13:21:09,13.8,0.01,16,22080,买盘
1532,13:21:06,13.79,--,1073,1480770,卖盘
1533,13:21:03,13.79,-0.01,53,73087,卖盘
1534,13:21:00,13.8,0.01,149,205620,买盘
1535,13:20:57,13.79,--,25,34475,卖盘
1536,13:20:54,13.79,--,4,5516,卖盘
1537,13:20:51,13.79,-0.01,7,9653,卖盘
1538,13:20:48,13.8,0.01,7,9660,买盘
1539,13:20:45,13.79,-0.01,11,15168,卖盘
1540,13:20:42,13.8,0.01,5,7452,买盘
1541,13:20:39,13.79,-0.01,27,37233,卖盘
1542,13:20:36,13.8,--,15,20700,买盘
1543,13:20:33,13.8,--,16,22080,买盘
1544,13:20:30,13.8,--,4,5520,买盘
1545,13:20:27,13.8,--,58,80040,买盘
1546,13:20:24,13.8,0.01,46,63480,买盘
1547,13:20:21,13.79,--,41,56539,卖盘
1548,13:20:18,13.79,-0.01,4,5516,卖盘
1549,13:20:15,13.8,--,1,1380,买盘
1550,13:20:12,13.8,0.01,60,82800,买盘
1551,13:20:09,13.79,-0.01,35,48265,卖盘
1552,13:20:06,13.8,--,23,31740,买盘
1553,13:20:03,13.8,0.01,17,23460,买盘
1554,13:20:00,13.79,--,9,12411,买盘
1555,13:19:57,13.79,--,46,63433,买盘
1556,13:19:54,13.79,0.01,121,166859,买盘
1557,13:19:51,13.78,-0.01,14,19292,卖盘
1558,13:19:48,13.79,-0.01,158,217882,中性盘
1559,13:19:45,13.8,0.02,148,204240,买盘
1560,13:19:42,13.78,-0.02,4,5512,卖盘
1561,13:19:39,13.8,--,122,168360,买盘
1562,13:19:36,13.8,0.01,44,60720,买盘
1563,13:19:33,13.79,-0.01,88,121351,卖盘
1564,13:19:30,13.8,0.01,8,11040,买盘
1565,13:19:27,13.79,--,121,166859,卖盘
1566,13:19:21,13.79,-0.01,96,132384,卖盘
1567,13:19:18,13.8,--,28,38640,买盘
1568,13:19:15,13.8,0.01,114,157320,买盘
1569,13:19:12,13.79,-0.01,20,27580,卖盘
1570,13:19:09,13.8,0.01,11,15180,买盘
1571,13:19:03,13.79,--,39,53781,卖盘
1572,13:19:00,13.79,-0.01,32,44128,卖盘
1573,13:18:57,13.8,0.01,78,107640,买盘
1574,13:18:54,13.79,-0.01,83,114457,卖盘
1575,13:18:51,13.8,--,39,53820,买盘
1576,13:18:48,13.8,--,34,46920,买盘
1577,13:18:45,13.8,--,67,92460,买盘
1578,13:18:42,13.8,--,2,2760,买盘
1579,13:18:39,13.8,--,43,59340,买盘
1580,13:18:36,13.8,--,46,63480,买盘
1581,13:18:33,13.8,--,43,59340,买盘
1582,13:18:30,13.8,0.02,81,111780,买盘
1583,13:18:27,13.78,-0.02,268,369304,卖盘
1584,13:18:24,13.8,--,11,15180,买盘
1585,13:18:21,13.8,--,248,342240,买盘
1586,13:18:18,13.8,--,10,13800,买盘
1587,13:18:15,13.8,--,34,46920,买盘
1588,13:18:12,13.8,--,205,282900,买盘
1589,13:18:09,13.8,--,10,13800,买盘
1590,13:18:06,13.8,-0.03,1043,1440237,卖盘
1591,13:18:03,13.83,-0.01,57,78831,卖盘
1592,13:18:00,13.84,--,8,11072,买盘
1593,13:17:57,13.84,--,37,51208,买盘
1594,13:17:54,13.84,--,143,197912,买盘
1595,13:17:51,13.84,0.02,64,88576,买盘
1596,13:17:48,13.82,-0.02,3,4146,卖盘
1597,13:17:45,13.84,0.02,26,35984,买盘
1598,13:17:42,13.82,-0.02,96,132672,中性盘
1599,13:17:39,13.84,0.02,172,238048,买盘
1600,13:17:36,13.82,-0.02,20,27640,卖盘
1601,13:17:33,13.84,--,62,86084,买盘
1602,13:17:30,13.84,0.01,27,37368,买盘
1603,13:17:27,13.83,--,111,153513,买盘
1604,13:17:21,13.83,0.02,113,156279,买盘
1605,13:17:18,13.81,--,50,69050,卖盘
1606,13:17:15,13.81,-0.02,4,5524,卖盘
1607,13:17:12,13.83,0.03,39,53937,买盘
1608,13:17:09,13.8,-0.02,48,66240,卖盘
1609,13:17:06,13.82,--,7,9674,买盘
1610,13:17:03,13.82,0.02,23,31786,买盘
1611,13:17:00,13.8,--,80,110607,买盘
1612,13:16:57,13.8,--,10,13800,买盘
1613,13:16:54,13.8,--,436,602853,卖盘
1614,13:16:48,13.8,-0.04,522,720360,卖盘
1615,13:16:45,13.84,--,7,9688,买盘
1616,13:16:42,13.84,-0.01,17,23528,中性盘
1617,13:16:39,13.85,0.03,118,163430,买盘
1618,13:16:36,13.82,--,26,36830,卖盘
1619,13:16:33,13.82,0.01,24,33168,中性盘
1620,13:16:27,13.81,--,63,87003,卖盘
1621,13:16:24,13.81,-0.03,19,26239,卖盘
1622,13:16:21,13.84,0.03,128,177844,买盘
1623,13:16:18,13.81,0.01,22,30382,买盘
1624,13:16:15,13.8,-0.02,70,96600,卖盘
1625,13:16:12,13.82,0.02,7,9674,买盘
1626,13:16:09,13.8,-0.01,24,33120,卖盘
1627,13:16:06,13.81,-0.01,4,5524,卖盘
1628,13:16:03,13.82,--,9,12438,买盘
1629,13:16:00,13.82,0.03,81,111942,买盘
1630,13:15:57,13.79,-0.01,11,15168,卖盘
1631,13:15:54,13.8,--,117,161460,买盘
1632,13:15:51,13.8,--,128,176640,买盘
1633,13:15:48,13.8,--,17,23460,买盘
1634,13:15:45,13.8,--,121,166980,买盘
1635,13:15:42,13.8,--,92,126960,买盘
1636,13:15:39,13.8,-0.04,178,245640,卖盘
1637,13:15:36,13.84,0.04,28,38752,买盘
1638,13:15:33,13.8,--,24,33120,买盘
1639,13:15:30,13.8,-0.04,290,400200,卖盘
1640,13:15:27,13.84,-0.01,38,52592,卖盘
1641,13:15:24,13.85,0.05,148,204980,买盘
1642,13:15:21,13.8,-0.04,749,1033620,卖盘
1643,13:15:18,13.84,--,14,19376,卖盘
1644,13:15:15,13.84,-0.01,1,1384,卖盘
1645,13:15:12,13.85,0.01,9,12465,买盘
1646,13:15:09,13.84,--,27,37368,卖盘
1647,13:15:06,13.84,--,144,199296,卖盘
1648,13:15:03,13.84,--,181,250504,卖盘
1649,13:14:57,13.84,-0.01,30,41520,卖盘
1650,13:14:54,13.85,--,28,38780,买盘
1651,13:14:51,13.85,--,48,66480,买盘
1652,13:14:48,13.85,0.01,238,329630,买盘
1653,13:14:45,13.84,--,13,17992,买盘
1654,13:14:42,13.84,0.04,116,160544,买盘
1655,13:14:36,13.8,-0.04,10,13800,卖盘
1656,13:14:33,13.84,--,86,119024,买盘
1657,13:14:30,13.84,-0.01,55,76120,买盘
1658,13:14:27,13.85,0.03,55,76175,买盘
1659,13:14:24,13.82,--,48,66336,买盘
1660,13:14:21,13.82,0.03,80,110560,买盘
1661,13:14:18,13.79,-0.03,136,187544,卖盘
1662,13:14:15,13.82,0.02,48,67552,买盘
1663,13:14:12,13.8,--,477,658260,买盘
1664,13:14:09,13.8,--,167,230460,买盘
1665,13:14:06,13.8,0.01,98,135240,买盘
1666,13:14:03,13.79,-0.01,17,23443,中性盘
1667,13:14:00,13.8,0.02,1447,1996860,买盘
1668,13:13:54,13.78,--,52,71656,卖盘
1669,13:13:51,13.78,-0.02,49,67522,卖盘
1670,13:13:48,13.8,--,75,103500,买盘
1671,13:13:45,13.8,--,13,17940,买盘
1672,13:13:42,13.8,--,14,19320,买盘
1673,13:13:39,13.8,--,112,154560,买盘
1674,13:13:36,13.8,0.02,31,42780,买盘
1675,13:13:33,13.78,-0.02,34,46852,卖盘
1676,13:13:30,13.8,0.02,128,176640,买盘
1677,13:13:27,13.78,--,20,27560,买盘
1678,13:13:24,13.78,-0.02,37,50986,卖盘
1679,13:13:21,13.8,--,188,259440,买盘
1680,13:13:18,13.8,0.02,25,34500,买盘
1681,13:13:15,13.78,-0.01,31,42718,卖盘
1682,13:13:12,13.79,-0.03,81,111699,卖盘
1683,13:13:09,13.82,0.01,24,33168,买盘
1684,13:13:06,13.81,-0.04,129,178149,卖盘
1685,13:13:03,13.85,--,23,31855,买盘
1686,13:13:00,13.85,0.04,151,209135,买盘
1687,13:12:57,13.81,0.02,75,103575,买盘
1688,13:12:54,13.79,0.08,5,6895,中性盘
1689,13:12:51,13.71,-0.14,1921,2633691,卖盘
1690,13:12:48,13.85,--,20,27700,买盘
1691,13:12:45,13.85,0.04,14,19390,买盘
1692,13:12:42,13.81,-0.04,24,33144,卖盘
1693,13:12:39,13.85,0.03,2206,3055310,买盘
1694,13:12:36,13.82,--,14,19348,卖盘
1695,13:12:33,13.82,-0.04,77,106414,卖盘
1696,13:12:30,13.86,0.06,42,58212,中性盘
1697,13:12:27,13.8,-0.02,1052,1451760,卖盘
1698,13:12:21,13.82,-0.05,661,913502,卖盘
1699,13:12:18,13.87,0.02,67,92929,买盘
1700,13:12:15,13.85,--,8,11080,卖盘
1701,13:12:12,13.85,--,15,20775,卖盘
1702,13:12:09,13.85,-0.03,88,121880,卖盘
1703,13:12:06,13.88,-0.01,11,15268,中性盘
1704,13:12:03,13.89,0.01,68,94452,买盘
1705,13:12:00,13.88,0.03,31,43028,买盘
1706,13:11:57,13.85,-0.03,1041,1441785,卖盘
1707,13:11:54,13.88,--,16,22208,卖盘
1708,13:11:51,13.88,--,47,65236,卖盘
1709,13:11:48,13.88,--,130,180440,卖盘
1710,13:11:45,13.88,--,166,230408,卖盘
1711,13:11:42,13.88,--,150,208200,卖盘
1712,13:11:39,13.88,-0.01,19,26372,卖盘
1713,13:11:36,13.89,--,84,116676,买盘
1714,13:11:33,13.89,0.01,38,52782,买盘
1715,13:11:27,13.88,--,164,227632,卖盘
1716,13:11:24,13.88,-0.01,18,25025,卖盘
1717,13:11:21,13.89,0.01,20,27780,买盘
1718,13:11:18,13.88,--,4,5552,卖盘
1719,13:11:15,13.88,-0.01,56,77728,卖盘
1720,13:11:12,13.89,--,5,6945,卖盘
1721,13:11:09,13.89,-0.01,7,9723,卖盘
1722,13:11:06,13.9,0.01,17,23630,买盘
1723,13:11:03,13.89,--,211,293079,卖盘
1724,13:11:00,13.89,--,20,27780,卖盘
1725,13:10:57,13.89,-0.01,15,20835,卖盘
1726,13:10:54,13.9,0.01,48,66720,买盘
1727,13:10:51,13.89,-0.01,10,13890,卖盘
1728,13:10:48,13.9,0.01,255,354450,买盘
1729,13:10:45,13.89,-0.01,8,11112,卖盘
1730,13:10:42,13.9,0.02,127,176530,买盘
1731,13:10:39,13.88,-0.01,44,61072,卖盘
1732,13:10:36,13.89,-0.01,50,69450,卖盘
1733,13:10:33,13.9,--,8,11120,买盘
1734,13:10:30,13.9,--,34,47260,买盘
1735,13:10:27,13.9,0.01,13,18070,买盘
1736,13:10:24,13.89,-0.01,15,20835,卖盘
1737,13:10:21,13.9,--,238,330820,买盘
1738,13:10:18,13.9,-0.04,341,473990,卖盘
1739,13:10:15,13.94,0.04,7,9758,中性盘
1740,13:10:12,13.9,-0.05,1019,1416410,卖盘
1741,13:10:09,13.95,0.01,76,106020,买盘
1742,13:10:06,13.94,--,5,6970,买盘
1743,13:10:03,13.94,--,33,46002,买盘
1744,13:09:57,13.94,-0.01,60,84769,卖盘
1745,13:09:45,13.95,0.01,6,8370,买盘
1746,13:09:42,13.94,-0.01,150,209518,卖盘
1747,13:09:39,13.95,-0.01,11,15345,卖盘
1748,13:09:36,13.96,--,29,40484,买盘
1749,13:09:33,13.96,0.01,8,11168,买盘
1750,13:09:30,13.95,-0.01,20,27900,卖盘
1751,13:09:27,13.96,0.02,27,38669,买盘
1752,13:09:21,13.94,--,51,71094,卖盘
1753,13:09:18,13.94,-0.02,18,25092,卖盘
1754,13:09:15,13.96,0.01,19,26524,买盘
1755,13:09:12,13.95,-0.01,19,26505,买盘
1756,13:09:09,13.96,0.02,108,150768,买盘
1757,13:09:06,13.94,-0.03,40,55760,卖盘
1758,13:09:03,13.97,--,76,106172,买盘
1759,13:09:00,13.97,0.02,54,75438,买盘
1760,13:08:57,13.95,0.01,18,25110,买盘
1761,13:08:54,13.94,-0.01,12,16728,卖盘
1762,13:08:51,13.95,-0.01,179,249970,卖盘
1763,13:08:48,13.96,-0.01,7,9772,卖盘
1764,13:08:42,13.97,0.01,7,9779,买盘
1765,13:08:39,13.96,--,16,22336,卖盘
1766,13:08:36,13.96,--,13,18148,卖盘
1767,13:08:33,13.96,-0.01,15,20940,卖盘
1768,13:08:30,13.97,0.01,27,37719,买盘
1769,13:08:27,13.96,--,48,67008,卖盘
1770,13:08:21,13.96,-0.01,20,27920,卖盘
1771,13:08:18,13.97,0.02,63,88011,买盘
1772,13:08:15,13.95,--,58,80910,买盘
1773,13:08:12,13.95,-0.02,85,118575,卖盘
1774,13:08:09,13.97,0.02,45,62865,买盘
1775,13:08:06,13.95,--,21,29295,卖盘
1776,13:08:03,13.95,--,101,140895,卖盘
1777,13:08:00,13.95,0.01,674,940230,买盘
1778,13:07:57,13.94,--,7,9758,买盘
1779,13:07:54,13.94,--,10,13940,买盘
1780,13:07:48,13.94,--,56,78064,买盘
1781,13:07:45,13.94,0.01,85,118490,买盘
1782,13:07:42,13.93,-0.01,24,33432,卖盘
1783,13:07:36,13.94,0.01,23,32062,买盘
1784,13:07:33,13.93,-0.01,21,29253,卖盘
1785,13:07:30,13.94,--,39,54366,买盘
1786,13:07:27,13.94,--,566,789004,卖盘
1787,13:07:24,13.94,-0.01,8,11152,卖盘
1788,13:07:21,13.95,--,79,110205,买盘
1789,13:07:18,13.95,0.01,48,66960,买盘
1790,13:07:12,13.94,-0.01,32,44608,卖盘
1791,13:07:09,13.95,0.01,2,2790,买盘
1792,13:07:06,13.94,-0.01,10,13940,卖盘
1793,13:07:03,13.95,0.01,50,69750,买盘
1794,13:06:57,13.94,-0.01,1,1394,卖盘
1795,13:06:51,13.95,--,10,13950,买盘
1796,13:06:48,13.95,--,2,2790,买盘
1797,13:06:45,13.95,0.02,100,139500,买盘
1798,13:06:42,13.93,-0.01,4,5572,卖盘
1799,13:06:39,13.94,--,119,165886,卖盘
1800,13:06:36,13.94,--,3,4182,卖盘
1801,13:06:33,13.94,-0.01,20,27880,卖盘
1802,13:06:30,13.95,--,56,78120,买盘
1803,13:06:27,13.95,0.01,104,145080,买盘
1804,13:06:24,13.94,-0.01,9,12546,卖盘
1805,13:06:18,13.95,--,14,19530,买盘
1806,13:06:12,13.95,--,25,34875,买盘
1807,13:06:06,13.95,0.01,8,11160,买盘
1808,13:06:03,13.94,--,69,96186,买盘
1809,13:06:00,13.94,--,96,133824,卖盘
1810,13:05:57,13.94,--,19,26486,卖盘
1811,13:05:54,13.94,--,31,43214,卖盘
1812,13:05:51,13.94,-0.01,15,20910,卖盘
1813,13:05:48,13.95,--,54,75330,买盘
1814,13:05:45,13.95,0.01,7,9765,买盘
1815,13:05:42,13.94,--,20,27880,卖盘
1816,13:05:39,13.94,-0.01,11,15334,卖盘
1817,13:05:36,13.95,--,10,13950,买盘
1818,13:05:33,13.95,0.01,33,46035,买盘
1819,13:05:30,13.94,-0.01,31,43214,卖盘
1820,13:05:27,13.95,--,49,68355,买盘
1821,13:05:24,13.95,--,75,104625,卖盘
1822,13:05:21,13.95,-0.02,7,9765,卖盘
1823,13:05:18,13.97,--,39,54483,卖盘
1824,13:05:15,13.97,-0.01,64,89408,中性盘
1825,13:05:12,13.98,--,1077,1505646,买盘
1826,13:05:09,13.98,--,64,89472,买盘
1827,13:05:06,13.98,--,22,30756,买盘
1828,13:05:03,13.98,0.01,11,15378,中性盘
1829,13:05:00,13.97,-0.01,53,74041,卖盘
1830,13:04:57,13.98,--,6,8388,买盘
1831,13:04:54,13.98,0.01,141,197118,买盘
1832,13:04:48,13.97,-0.01,23,32131,卖盘
1833,13:04:42,13.98,--,85,118830,卖盘
1834,13:04:39,13.98,--,98,137004,卖盘
1835,13:04:36,13.98,--,23,32154,卖盘
1836,13:04:33,13.98,-0.01,33,46134,卖盘
1837,13:04:30,13.99,--,245,342755,买盘
1838,13:04:27,13.99,--,10,13990,买盘
1839,13:04:24,13.99,--,43,60157,买盘
1840,13:04:21,13.99,--,36,51483,卖盘
1841,13:04:18,13.99,--,14,19586,卖盘
1842,13:04:15,13.99,0.01,43,60436,买盘
1843,13:04:12,13.98,--,4,5592,卖盘
1844,13:04:09,13.98,-0.01,48,67104,卖盘
1845,13:04:06,13.99,-0.01,92,129827,卖盘
1846,13:04:03,14.0,0.01,8,11200,买盘
1847,13:04:00,13.99,-0.01,52,72748,卖盘
1848,13:03:57,14.0,0.01,106,148400,买盘
1849,13:03:54,13.99,--,8,11192,卖盘
1850,13:03:51,13.99,--,39,54561,卖盘
1851,13:03:48,13.99,-0.01,1,1399,卖盘
1852,13:03:45,14.0,--,10,14000,买盘
1853,13:03:33,14.0,0.01,30,42000,买盘
1854,13:03:30,13.99,-0.01,6,8394,卖盘
1855,13:03:27,14.0,0.01,47,65800,买盘
1856,13:03:24,13.99,--,13,18187,卖盘
1857,13:03:21,13.99,--,10,13990,卖盘
1858,13:03:18,13.99,--,3,4197,卖盘
1859,13:03:15,13.99,--,37,51763,卖盘
1860,13:03:09,13.99,-0.01,30,41970,卖盘
1861,13:03:06,14.0,0.01,36,50400,买盘
1862,13:03:03,13.99,--,78,109401,卖盘
1863,13:02:57,13.99,--,11,15389,卖盘
1864,13:02:51,13.99,-0.03,376,527409,卖盘
1865,13:02:48,14.02,0.02,30,42060,买盘
1866,13:02:45,14.0,--,14,19600,卖盘
1867,13:02:42,14.0,-0.02,2000,2800000,卖盘
1868,13:02:39,14.02,--,11,15422,卖盘
1869,13:02:36,14.02,--,10,14020,卖盘
1870,13:02:33,14.02,--,46,64492,卖盘
1871,13:02:27,14.02,--,15,21030,卖盘
1872,13:02:21,14.02,-0.04,16,22432,卖盘
1873,13:02:15,14.06,0.04,36,50616,买盘
1874,13:02:12,14.02,--,4,5608,卖盘
1875,13:02:09,14.02,-0.02,13,18226,卖盘
1876,13:02:06,14.04,0.02,8,11232,买盘
1877,13:02:03,14.02,-0.02,9,12618,卖盘
1878,13:01:54,14.04,-0.02,8,11232,中性盘
1879,13:01:48,14.06,0.04,11,15466,买盘
1880,13:01:45,14.02,-0.02,44,61688,卖盘
1881,13:01:42,14.04,0.02,10,14040,中性盘
1882,13:01:39,14.02,--,2,2804,卖盘
1883,13:01:36,14.02,-0.04,7,9814,卖盘
1884,13:01:33,14.06,0.04,74,104058,买盘
1885,13:01:30,14.02,--,88,123376,买盘
1886,13:01:27,14.02,0.01,8,11216,中性盘
1887,13:01:21,14.01,--,11,15411,卖盘
1888,13:01:18,14.01,-0.01,153,214353,卖盘
1889,13:01:15,14.02,0.01,8,11216,买盘
1890,13:01:12,14.01,--,10,14010,卖盘
1891,13:01:09,14.01,--,153,214353,卖盘
1892,13:01:06,14.01,--,8,11208,卖盘
1893,13:01:03,14.01,-0.01,282,395082,卖盘
1894,13:01:00,14.02,--,18,25236,买盘
1895,13:00:57,14.02,--,116,162632,买盘
1896,13:00:51,14.02,0.01,32,44864,买盘
1897,13:00:48,14.01,--,213,298413,卖盘
1898,13:00:45,14.01,--,10,14010,卖盘
1899,13:00:42,14.01,-0.01,8,11208,卖盘
1900,13:00:39,14.02,0.01,29,40658,买盘
1901,13:00:36,14.01,--,96,134776,卖盘
1902,13:00:33,14.01,--,18,25218,卖盘
1903,13:00:30,14.01,-0.01,12,16812,卖盘
1904,13:00:27,14.02,--,51,71502,买盘
1905,13:00:21,14.02,0.01,51,71502,买盘
1906,13:00:18,14.01,-0.01,23,32223,卖盘
1907,13:00:15,14.02,0.01,8,11216,买盘
1908,13:00:12,14.01,--,10,14010,卖盘
1909,13:00:09,14.01,--,14,19614,卖盘
1910,13:00:06,14.01,-0.01,232,325578,卖盘
1911,13:00:03,14.02,-0.04,499,699612,卖盘
1912,13:00:00,14.06,0.04,9,12654,买盘
1913,11:30:00,14.02,-0.01,238,333676,卖盘
1914,11:29:57,14.03,0.01,18,25254,买盘
1915,11:29:54,14.02,--,8,11216,卖盘
1916,11:29:51,14.02,-0.01,34,47668,卖盘
1917,11:29:48,14.03,-0.03,66,92598,卖盘
1918,11:29:45,14.06,0.03,18,25308,买盘
1919,11:29:42,14.03,-0.03,4,5612,卖盘
1920,11:29:36,14.06,0.03,301,423206,买盘
1921,11:29:33,14.03,-0.03,40,57242,卖盘
1922,11:29:30,14.06,0.03,45,63270,买盘
1923,11:29:27,14.03,--,6,8418,卖盘
1924,11:29:24,14.03,--,50,70150,卖盘
1925,11:29:21,14.03,-0.03,36,51630,卖盘
1926,11:29:15,14.06,0.03,12,16872,买盘
1927,11:29:09,14.03,-0.03,16,22448,卖盘
1928,11:29:03,14.06,0.03,52,73112,买盘
1929,11:28:57,14.03,--,11,15433,卖盘
1930,11:28:51,14.03,--,54,75762,卖盘
1931,11:28:45,14.03,--,30,42090,卖盘
1932,11:28:39,14.03,--,66,92598,卖盘
1933,11:28:33,14.03,-0.03,11,15433,卖盘
1934,11:28:27,14.06,0.03,12,16872,买盘
1935,11:28:24,14.03,--,15,21045,卖盘
1936,11:28:21,14.03,-0.03,24,34794,卖盘
1937,11:28:18,14.06,0.03,14,19684,买盘
1938,11:28:12,14.03,--,13,18239,卖盘
1939,11:28:06,14.03,-0.04,8,11224,卖盘
1940,11:28:03,14.07,0.02,53,74571,买盘
1941,11:28:00,14.05,0.02,4,5620,卖盘
1942,11:27:57,14.03,-0.04,4,5612,卖盘
1943,11:27:54,14.07,0.04,8,11256,买盘
1944,11:27:51,14.03,-0.01,17,23851,卖盘
1945,11:27:48,14.04,-0.03,10,14040,中性盘
1946,11:27:45,14.07,0.04,31,43617,买盘
1947,11:27:42,14.03,--,12,16836,卖盘
1948,11:27:39,14.03,-0.01,8,11224,卖盘
1949,11:27:36,14.04,-0.03,17,23868,中性盘
1950,11:27:33,14.07,0.03,57,80199,买盘
1951,11:27:30,14.04,--,316,443664,卖盘
1952,11:27:27,14.04,--,38,53352,卖盘
1953,11:27:24,14.04,--,1,1404,卖盘
1954,11:27:21,14.04,-0.03,32,46051,卖盘
1955,11:27:12,14.07,0.03,12,16884,买盘
1956,11:27:06,14.04,--,24,33696,卖盘
1957,11:27:03,14.04,-0.03,10,14040,卖盘
1958,11:27:00,14.07,--,8,11256,买盘
1959,11:26:57,14.07,0.03,1,1407,买盘
1960,11:26:54,14.04,-0.04,13,18252,卖盘
1961,11:26:51,14.08,0.03,9,12672,买盘
1962,11:26:48,14.05,--,7,9835,卖盘
1963,11:26:42,14.05,-0.03,15,21075,卖盘
1964,11:26:39,14.08,0.01,35,49280,买盘
1965,11:26:36,14.07,-0.01,1,1407,买盘
1966,11:26:33,14.08,0.03,19,26752,买盘
1967,11:26:27,14.05,--,39,54795,卖盘
1968,11:26:21,14.05,--,38,54514,卖盘
1969,11:26:15,14.05,--,41,57605,卖盘
1970,11:26:12,14.05,--,65,91325,卖盘
1971,11:26:09,14.05,--,24,33720,卖盘
1972,11:26:06,14.05,-0.03,4,5620,卖盘
1973,11:26:03,14.08,0.03,32,45056,买盘
1974,11:26:00,14.05,-0.03,21,29505,卖盘
1975,11:25:57,14.08,--,37,52096,买盘
1976,11:25:54,14.08,0.04,9,12672,买盘
1977,11:25:48,14.04,-0.04,15,21060,卖盘
1978,11:25:42,14.08,0.04,8,11264,买盘
1979,11:25:36,14.04,--,13,18252,卖盘
1980,11:25:33,14.04,-0.04,10,14040,卖盘
1981,11:25:30,14.08,0.04,19,26752,买盘
1982,11:25:27,14.04,--,5,7020,卖盘
1983,11:25:24,14.04,-0.04,35,49140,卖盘
1984,11:25:21,14.08,0.04,7,9856,买盘
1985,11:25:18,14.04,--,10,14040,卖盘
1986,11:25:12,14.04,-0.04,8,11232,卖盘
1987,11:25:09,14.08,0.04,8,11264,买盘
1988,11:25:06,14.04,--,26,36504,卖盘
1989,11:25:03,14.04,--,23,32291,卖盘
1990,11:25:00,14.04,--,15,21060,卖盘
1991,11:24:57,14.04,--,41,57564,卖盘
1992,11:24:54,14.04,--,45,63179,卖盘
1993,11:24:51,14.04,-0.04,29,40716,卖盘
1994,11:24:48,14.08,0.04,8,11264,买盘
1995,11:24:45,14.04,-0.01,11,15443,卖盘
1996,11:24:39,14.05,-0.03,4,5620,中性盘
1997,11:24:36,14.08,0.04,8,11264,买盘
1998,11:24:33,14.04,-0.04,28,39312,卖盘
1999,11:24:30,14.08,0.04,18,25344,买盘
2000,11:24:27,14.04,-0.04,15,21060,卖盘
2001,11:24:24,14.08,--,8,11264,买盘
2002,11:24:21,14.08,0.04,18,25344,买盘
2003,11:24:18,14.04,-0.04,20,28080,卖盘
2004,11:24:15,14.08,0.04,13,18304,买盘
2005,11:24:12,14.04,-0.04,4,5616,卖盘
2006,11:24:09,14.08,--,40,56320,买盘
2007,11:24:06,14.08,0.04,63,88704,买盘
2008,11:24:03,14.04,--,13,18252,卖盘
2009,11:24:00,14.04,--,20,28080,卖盘
2010,11:23:57,14.04,-0.04,8,11232,卖盘
2011,11:23:51,14.08,0.05,14,19712,买盘
2012,11:23:48,14.03,-0.03,28,39284,卖盘
2013,11:23:45,14.06,-0.02,11,15466,卖盘
2014,11:23:42,14.08,0.02,14,19712,买盘
2015,11:23:39,14.06,0.02,48,67488,中性盘
2016,11:23:36,14.04,-0.01,23,32291,卖盘
2017,11:23:33,14.05,--,3,4215,买盘
2018,11:23:30,14.05,0.01,13,18265,买盘
2019,11:23:27,14.04,--,30,42120,买盘
2020,11:23:21,14.04,-0.05,173,242891,卖盘
2021,11:23:18,14.09,0.02,5,7045,买盘
2022,11:23:09,14.07,-0.01,60,84420,中性盘
2023,11:23:06,14.08,--,65,91520,买盘
2024,11:23:03,14.08,0.04,40,56320,买盘
2025,11:23:00,14.04,-0.04,16,22464,卖盘
2026,11:22:57,14.08,0.05,15,21120,买盘
2027,11:22:54,14.03,--,16,22448,卖盘
2028,11:22:51,14.03,-0.03,6,8418,卖盘
2029,11:22:45,14.06,0.03,8,11248,买盘
2030,11:22:42,14.03,--,508,712724,卖盘
2031,11:22:39,14.03,-0.05,9,12627,卖盘
2032,11:22:36,14.08,0.04,56,78848,买盘
2033,11:22:33,14.04,0.01,37,51948,买盘
2034,11:22:30,14.03,--,27,37881,卖盘
2035,11:22:27,14.03,--,11,15433,卖盘
2036,11:22:24,14.03,-0.01,5,7015,卖盘
2037,11:22:21,14.04,0.01,52,73008,买盘
2038,11:22:18,14.03,-0.01,75,105225,卖盘
2039,11:22:15,14.04,--,9,12636,买盘
2040,11:22:12,14.04,0.01,40,56160,买盘
2041,11:22:09,14.03,-0.01,14,19642,卖盘
2042,11:22:03,14.04,--,9,12636,买盘
2043,11:22:00,14.04,0.01,11,15443,买盘
2044,11:21:57,14.03,--,38,53314,卖盘
2045,11:21:54,14.03,-0.01,22,30866,卖盘
2046,11:21:51,14.04,--,129,181116,卖盘
2047,11:21:45,14.04,0.01,28,39312,中性盘
2048,11:21:39,14.03,-0.04,6,8418,卖盘
2049,11:21:33,14.07,0.04,16,22512,买盘
2050,11:21:27,14.03,--,8,11224,卖盘
2051,11:21:24,14.03,--,22,30866,卖盘
2052,11:21:21,14.03,--,37,51911,卖盘
2053,11:21:18,14.03,--,15,21045,卖盘
2054,11:21:12,14.03,--,20,28060,卖盘
2055,11:21:09,14.03,-0.04,155,217465,卖盘
2056,11:21:06,14.07,0.04,37,52059,买盘
2057,11:21:03,14.03,--,87,122061,卖盘
2058,11:21:00,14.03,-0.01,57,79971,卖盘
2059,11:20:57,14.04,-0.03,4,5616,买盘
2060,11:20:54,14.07,0.01,29,40803,买盘
2061,11:20:48,14.06,-0.01,7,9842,买盘
2062,11:20:42,14.07,0.03,15,21105,买盘
2063,11:20:39,14.04,--,25,35100,卖盘
2064,11:20:36,14.04,--,3,4212,卖盘
2065,11:20:33,14.04,--,30,42120,卖盘
2066,11:20:27,14.04,--,36,50544,卖盘
2067,11:20:21,14.04,-0.02,13,18252,卖盘
2068,11:20:15,14.06,--,42,59052,买盘
2069,11:20:12,14.06,0.01,64,89984,买盘
2070,11:20:09,14.05,0.02,78,109590,买盘
2071,11:20:06,14.03,-0.02,18,25254,卖盘
2072,11:20:03,14.05,0.02,40,56200,买盘
2073,11:20:00,14.03,-0.01,23,32269,卖盘
2074,11:19:57,14.04,--,3,4212,卖盘
2075,11:19:54,14.04,--,20,28080,卖盘
2076,11:19:51,14.04,--,1,1404,卖盘
2077,11:19:48,14.04,--,34,47736,卖盘
2078,11:19:45,14.04,--,41,57564,卖盘
2079,11:19:42,14.04,--,80,112320,卖盘
2080,11:19:39,14.04,-0.01,24,33696,卖盘
2081,11:19:36,14.05,0.01,9,12645,买盘
2082,11:19:33,14.04,-0.02,21,29484,卖盘
2083,11:19:27,14.06,--,8,11248,买盘
2084,11:19:21,14.06,0.02,9,12654,买盘
2085,11:19:18,14.04,--,14,19656,卖盘
2086,11:19:12,14.04,-0.02,8,11232,卖盘
2087,11:19:09,14.06,0.02,40,56240,买盘
2088,11:19:06,14.04,-0.02,12,16848,卖盘
2089,11:19:03,14.06,0.01,8,11248,买盘
2090,11:19:00,14.05,-0.01,28,39340,卖盘
2091,11:18:54,14.06,--,23,32338,买盘
2092,11:18:48,14.06,--,14,19684,买盘
2093,11:18:45,14.06,0.01,8,11248,买盘
2094,11:18:42,14.05,-0.01,3,4215,卖盘
2095,11:18:39,14.06,--,26,36556,买盘
2096,11:18:33,14.06,0.01,48,67488,买盘
2097,11:18:30,14.05,0.02,5,7025,中性盘
2098,11:18:27,14.03,--,41,57523,卖盘
2099,11:18:24,14.03,-0.03,4,5612,卖盘
2100,11:18:21,14.06,0.03,8,11248,买盘
2101,11:18:18,14.03,-0.03,30,42090,卖盘
2102,11:18:15,14.06,0.02,9,12654,买盘
2103,11:18:12,14.04,--,50,70200,卖盘
2104,11:18:06,14.04,--,3,4212,卖盘
2105,11:18:03,14.04,--,10,14040,卖盘
2106,11:18:00,14.04,--,20,28080,卖盘
2107,11:17:57,14.04,--,17,23868,卖盘
2108,11:17:54,14.04,-0.02,3,4212,卖盘
2109,11:17:51,14.06,0.02,42,59052,买盘
2110,11:17:45,14.04,-0.02,8,11232,卖盘
2111,11:17:42,14.06,--,4,5624,买盘
2112,11:17:39,14.06,--,36,50616,买盘
2113,11:17:36,14.06,--,8,11248,买盘
2114,11:17:33,14.06,--,85,119510,买盘
2115,11:17:30,14.06,0.03,12,16872,买盘
2116,11:17:27,14.03,--,102,143106,卖盘
2117,11:17:21,14.03,-0.03,1,1403,卖盘
2118,11:17:18,14.06,0.02,9,12654,买盘
2119,11:17:15,14.04,-0.02,28,39592,卖盘
2120,11:17:12,14.06,0.02,37,53146,买盘
2121,11:17:09,14.04,-0.02,57,80028,卖盘
2122,11:17:06,14.06,0.02,8,11248,买盘
2123,11:17:03,14.04,--,27,37908,卖盘
2124,11:16:57,14.04,--,118,165672,卖盘
2125,11:16:54,14.04,--,6,8424,卖盘
2126,11:16:48,14.04,-0.02,6,8424,卖盘
2127,11:16:42,14.06,0.03,42,59052,买盘
2128,11:16:39,14.03,--,15,21045,卖盘
2129,11:16:36,14.03,--,43,60329,卖盘
2130,11:16:33,14.03,-0.01,23,32269,卖盘
2131,11:16:30,14.04,0.01,23,32291,买盘
2132,11:16:27,14.03,-0.01,14,19642,卖盘
2133,11:16:24,14.04,0.01,25,35100,买盘
2134,11:16:21,14.03,-0.01,50,70150,卖盘
2135,11:16:18,14.04,--,5,7020,买盘
2136,11:16:12,14.04,--,8,11232,买盘
2137,11:16:09,14.04,-0.02,41,57844,卖盘
2138,11:16:00,14.06,0.02,8,11248,买盘
2139,11:15:57,14.04,--,27,37908,卖盘
2140,11:15:54,14.04,-0.02,19,26676,卖盘
2141,11:15:51,14.06,--,12,16872,买盘
2142,11:15:48,14.06,0.02,49,68894,买盘
2143,11:15:45,14.04,-0.02,23,32291,卖盘
2144,11:15:42,14.06,-0.01,19,26714,卖盘
2145,11:15:39,14.07,0.01,15,21105,买盘
2146,11:15:33,14.06,-0.01,6,8436,卖盘
2147,11:15:30,14.07,0.01,7,9849,买盘
2148,11:15:27,14.06,--,4,5624,卖盘
2149,11:15:24,14.06,--,12,16872,卖盘
2150,11:15:21,14.06,0.02,31,43586,卖盘
2151,11:15:18,14.04,-0.02,36,50544,卖盘
2152,11:15:15,14.06,0.02,2,2812,买盘
2153,11:15:12,14.04,-0.02,53,75535,卖盘
2154,11:15:06,14.06,0.02,9,12654,买盘
2155,11:15:03,14.04,-0.02,2,2808,卖盘
2156,11:14:57,14.06,0.02,8,11248,中性盘
2157,11:14:54,14.04,--,27,37908,卖盘
2158,11:14:51,14.04,0.01,3,4212,卖盘
2159,11:14:45,14.03,--,7,9821,卖盘
2160,11:14:42,14.03,-0.04,54,75762,卖盘
2161,11:14:39,14.07,0.04,12,16884,买盘
2162,11:14:36,14.03,-0.04,32,44896,卖盘
2163,11:14:33,14.07,0.04,22,32079,买盘
2164,11:14:30,14.03,-0.01,50,70150,卖盘
2165,11:14:24,14.04,-0.03,59,83116,卖盘
2166,11:14:18,14.07,0.03,43,60501,买盘
2167,11:14:15,14.04,--,2,2808,卖盘
2168,11:14:12,14.04,-0.01,28,40435,卖盘
2169,11:14:09,14.05,-0.02,15,21075,中性盘
2170,11:14:06,14.07,0.03,76,106932,买盘
2171,11:14:03,14.04,-0.03,69,96876,卖盘
2172,11:14:00,14.07,0.03,16,22512,买盘
2173,11:13:57,14.04,-0.03,29,40716,卖盘
2174,11:13:54,14.07,0.02,20,28140,买盘
2175,11:13:51,14.05,-0.02,2,2810,买盘
2176,11:13:48,14.07,0.03,7,9849,买盘
2177,11:13:39,14.04,-0.03,29,40716,卖盘
2178,11:13:36,14.07,0.04,17,23919,买盘
2179,11:13:33,14.03,--,21,29463,卖盘
2180,11:13:30,14.03,-0.06,11,15433,卖盘
2181,11:13:24,14.09,--,14,19726,买盘
2182,11:13:21,14.09,0.06,39,54951,买盘
2183,11:13:18,14.03,--,3,4209,卖盘
2184,11:13:15,14.03,-0.06,41,57523,卖盘
2185,11:13:12,14.09,0.05,52,73268,买盘
2186,11:13:09,14.04,--,10,14040,卖盘
2187,11:13:06,14.04,-0.05,20,28080,卖盘
2188,11:13:03,14.09,0.05,7,9863,买盘
2189,11:13:00,14.04,--,34,47736,卖盘
2190,11:12:54,14.04,--,27,37908,卖盘
2191,11:12:51,14.04,0.03,13,18252,卖盘
2192,11:12:48,14.01,--,11,15411,卖盘
2193,11:12:45,14.01,--,16,22416,卖盘
2194,11:12:42,14.01,-0.03,1517,2125317,卖盘
2195,11:12:39,14.04,--,13,18252,卖盘
2196,11:12:36,14.04,-0.03,500,702000,卖盘
2197,11:12:33,14.07,-0.01,390,548730,卖盘
2198,11:12:30,14.08,--,9,12672,卖盘
2199,11:12:27,14.08,--,345,485760,卖盘
2200,11:12:24,14.08,--,7,9856,卖盘
2201,11:12:21,14.08,-0.02,22,30976,卖盘
2202,11:12:18,14.1,0.02,162,228420,买盘
2203,11:12:12,14.08,--,15,21120,卖盘
2204,11:12:09,14.08,-0.02,23,32384,卖盘
2205,11:12:06,14.1,0.02,14,19740,买盘
2206,11:12:03,14.08,-0.02,10,14080,卖盘
2207,11:11:57,14.1,0.02,109,153690,买盘
2208,11:11:54,14.08,-0.02,20,28160,卖盘
2209,11:11:51,14.1,0.01,77,108570,买盘
2210,11:11:48,14.09,-0.01,201,283209,卖盘
2211,11:11:45,14.1,--,39,54990,买盘
2212,11:11:42,14.1,--,88,124080,买盘
2213,11:11:39,14.1,--,48,67680,卖盘
2214,11:11:36,14.1,0.01,15,21150,卖盘
2215,11:11:33,14.09,-0.01,9,12681,卖盘
2216,11:11:27,14.1,-0.01,17,23970,卖盘
2217,11:11:21,14.11,0.01,53,74783,买盘
2218,11:11:15,14.1,--,2,2820,买盘
2219,11:11:12,14.1,--,87,122670,卖盘
2220,11:11:09,14.1,--,7,9870,卖盘
2221,11:11:06,14.1,--,4,5640,卖盘
2222,11:11:03,14.1,-0.01,6,8460,卖盘
2223,11:11:00,14.11,--,13,18343,买盘
2224,11:10:57,14.11,--,100,141100,买盘
2225,11:10:51,14.11,0.01,8,11288,买盘
2226,11:10:45,14.1,-0.01,23,32430,卖盘
2227,11:10:39,14.11,0.01,40,56440,买盘
2228,11:10:36,14.1,-0.01,20,28200,卖盘
2229,11:10:33,14.11,0.01,52,73372,买盘
2230,11:10:27,14.1,--,100,141000,卖盘
2231,11:10:21,14.1,-0.01,29,40890,卖盘
2232,11:10:15,14.11,--,11,15521,买盘
2233,11:10:09,14.11,0.01,9,12699,买盘
2234,11:10:06,14.1,-0.01,24,33840,卖盘
2235,11:10:03,14.11,--,50,70550,买盘
2236,11:10:00,14.11,--,34,47974,买盘
2237,11:09:54,14.11,0.01,43,60673,买盘
2238,11:09:48,14.1,0.01,4,6204,买盘
2239,11:09:45,14.09,--,6,8454,卖盘
2240,11:09:39,14.09,-0.01,4,5636,卖盘
2241,11:09:33,14.1,--,10,14100,买盘
2242,11:09:27,14.1,--,207,292716,卖盘
2243,11:09:24,14.1,--,32,45120,卖盘
2244,11:09:21,14.1,--,11,15510,卖盘
2245,11:09:18,14.1,-0.01,20,28200,卖盘
2246,11:09:15,14.11,0.01,23,32453,买盘
2247,11:09:12,14.1,--,45,63450,卖盘
2248,11:09:09,14.1,--,24,33840,卖盘
2249,11:09:06,14.1,-0.01,35,49350,卖盘
2250,11:09:03,14.11,0.01,94,132634,买盘
2251,11:09:00,14.1,-0.01,65,91650,卖盘
2252,11:08:57,14.11,0.01,58,81838,买盘
2253,11:08:45,14.1,--,46,64860,卖盘
2254,11:08:42,14.1,-0.01,4,5640,卖盘
2255,11:08:39,14.11,0.01,32,45152,买盘
2256,11:08:33,14.1,--,15,21150,卖盘
2257,11:08:30,14.1,--,32,45120,卖盘
2258,11:08:27,14.1,--,20,28200,卖盘
2259,11:08:24,14.1,--,4,5640,卖盘
2260,11:08:18,14.1,--,10,14100,卖盘
2261,11:08:06,14.1,--,100,141000,卖盘
2262,11:08:03,14.1,--,48,67680,卖盘
2263,11:08:00,14.1,--,21,29610,卖盘
2264,11:07:57,14.1,--,4,5640,卖盘
2265,11:07:54,14.1,--,101,142410,卖盘
2266,11:07:51,14.1,-0.01,8,11280,卖盘
2267,11:07:48,14.11,0.01,89,125579,买盘
2268,11:07:45,14.1,--,9,12690,卖盘
2269,11:07:42,14.1,-0.01,50,70500,卖盘
2270,11:07:39,14.11,0.01,64,90304,买盘
2271,11:07:36,14.1,--,7,9870,卖盘
2272,11:07:33,14.1,--,19,26790,卖盘
2273,11:07:30,14.1,--,4,5640,卖盘
2274,11:07:27,14.1,--,101,142410,卖盘
2275,11:07:24,14.1,--,126,177660,卖盘
2276,11:07:21,14.1,--,33,46530,卖盘
2277,11:07:18,14.1,--,3,4230,卖盘
2278,11:07:15,14.1,--,40,56400,卖盘
2279,11:07:12,14.1,--,32,45120,卖盘
2280,11:07:09,14.1,--,4,5640,卖盘
2281,11:07:03,14.1,-0.01,23,32430,卖盘
2282,11:06:54,14.11,--,20,28220,买盘
2283,11:06:48,14.11,--,10,14110,买盘
2284,11:06:42,14.11,--,891,1258047,卖盘
2285,11:06:39,14.11,--,52,73372,卖盘
2286,11:06:36,14.11,--,52,73372,卖盘
2287,11:06:33,14.11,--,345,486795,卖盘
2288,11:06:30,14.11,--,12,16932,卖盘
2289,11:06:27,14.11,--,23,32453,卖盘
2290,11:06:24,14.11,--,11,15521,卖盘
2291,11:06:21,14.11,-0.01,5,7055,卖盘
2292,11:06:18,14.12,0.01,37,52244,买盘
2293,11:06:09,14.11,-0.01,27,38097,卖盘
2294,11:06:03,14.12,0.01,6,8472,买盘
2295,11:05:57,14.11,--,64,90586,卖盘
2296,11:05:54,14.11,-0.01,25,35275,卖盘
2297,11:05:48,14.12,0.01,5,7060,买盘
2298,11:05:42,14.11,--,13,18343,卖盘
2299,11:05:36,14.11,--,20,28220,卖盘
2300,11:05:33,14.11,--,740,1044140,卖盘
2301,11:05:30,14.11,--,68,95948,卖盘
2302,11:05:27,14.11,-0.01,48,67728,卖盘
2303,11:05:24,14.12,0.01,36,50832,买盘
2304,11:05:21,14.11,--,11,15521,卖盘
2305,11:05:09,14.11,--,4,5644,卖盘
2306,11:05:06,14.11,-0.01,16,22576,卖盘
2307,11:05:03,14.12,--,18,25416,买盘
2308,11:04:57,14.12,0.01,5,7060,买盘
2309,11:04:51,14.11,-0.01,17,23987,卖盘
2310,11:04:48,14.12,-0.01,64,90368,卖盘
2311,11:04:45,14.13,0.02,16,22608,买盘
2312,11:04:39,14.11,--,3,4233,卖盘
2313,11:04:33,14.11,--,17,23987,卖盘
2314,11:04:27,14.11,-0.04,52,73372,卖盘
2315,11:04:21,14.15,0.04,15,21225,买盘
2316,11:04:18,14.11,--,10,14110,卖盘
2317,11:04:15,14.11,--,15,21165,卖盘
2318,11:04:12,14.11,-0.02,32,45434,卖盘
2319,11:04:09,14.13,0.02,8,11304,卖盘
2320,11:04:06,14.11,-0.04,123,173553,卖盘
2321,11:04:03,14.15,0.03,38,53770,买盘
2322,11:04:00,14.12,--,240,338880,卖盘
2323,11:03:57,14.12,-0.01,31,43772,卖盘
2324,11:03:54,14.13,0.01,20,28260,买盘
2325,11:03:48,14.12,-0.02,13,18356,卖盘
2326,11:03:42,14.14,0.02,16,22624,中性盘
2327,11:03:36,14.12,--,1,1412,卖盘
2328,11:03:27,14.12,-0.03,12,16944,卖盘
2329,11:03:21,14.15,0.03,97,137255,买盘
2330,11:03:15,14.12,--,2,2824,卖盘
2331,11:03:03,14.12,--,6,8472,卖盘
2332,11:03:00,14.12,--,8,11296,卖盘
2333,11:02:57,14.12,--,10,14120,卖盘
2334,11:02:54,14.12,-0.01,14,19768,卖盘
2335,11:02:51,14.13,0.01,29,40977,买盘
2336,11:02:48,14.12,-0.01,44,62128,卖盘
2337,11:02:45,14.13,--,1,2260,卖盘
2338,11:02:42,14.13,--,10,14130,卖盘
2339,11:02:36,14.13,0.01,156,220993,买盘
2340,11:02:30,14.12,-0.02,131,185819,卖盘
2341,11:02:27,14.14,0.01,44,62216,中性盘
2342,11:02:21,14.13,-0.02,23,32499,卖盘
2343,11:02:15,14.15,0.02,12,16980,买盘
2344,11:02:09,14.13,-0.02,15,21195,卖盘
2345,11:02:03,14.15,0.02,16,22640,买盘
2346,11:02:00,14.13,--,25,35325,卖盘
2347,11:01:57,14.13,--,6,8478,卖盘
2348,11:01:51,14.13,--,15,21195,卖盘
2349,11:01:45,14.13,--,8,11304,卖盘
2350,11:01:42,14.13,--,18,25434,卖盘
2351,11:01:39,14.13,--,145,204885,卖盘
2352,11:01:36,14.13,--,6,8478,卖盘
2353,11:01:33,14.13,--,402,568026,卖盘
2354,11:01:30,14.13,-0.02,37,52281,卖盘
2355,11:01:24,14.15,0.02,129,182535,买盘
2356,11:01:18,14.13,--,23,32499,卖盘
2357,11:01:12,14.13,--,8,11304,卖盘
2358,11:01:06,14.13,--,25,35325,卖盘
2359,11:00:54,14.13,--,2,2826,卖盘
2360,11:00:51,14.13,--,6,8478,卖盘
2361,11:00:42,14.13,--,3,4239,卖盘
2362,11:00:36,14.13,--,12,16956,卖盘
2363,11:00:30,14.13,-0.03,5,7065,卖盘
2364,11:00:06,14.16,0.03,19,26904,买盘
2365,11:00:03,14.13,--,2,2826,卖盘
2366,10:59:51,14.13,-0.03,61,86193,卖盘
2367,10:59:45,14.16,0.03,43,60888,买盘
2368,10:59:42,14.13,--,11,15543,卖盘
2369,10:59:39,14.13,-0.03,19,26847,卖盘
2370,10:59:36,14.16,0.03,50,70800,买盘
2371,10:59:33,14.13,-0.03,4,5652,卖盘
2372,10:59:30,14.16,--,34,49276,买盘
2373,10:59:27,14.16,0.03,92,130272,买盘
2374,10:59:15,14.13,--,32,45216,卖盘
2375,10:59:09,14.13,--,27,38151,卖盘
2376,10:59:03,14.13,--,17,24021,卖盘
2377,10:58:57,14.13,--,3,4239,卖盘
2378,10:58:51,14.13,--,24,33912,卖盘
2379,10:58:33,14.13,--,65,91845,卖盘
2380,10:58:30,14.13,--,24,35042,卖盘
2381,10:58:27,14.13,--,6,8478,卖盘
2382,10:58:21,14.13,-0.02,49,69237,卖盘
2383,10:58:15,14.15,0.02,31,43865,买盘
2384,10:58:03,14.13,--,4,5652,卖盘
2385,10:57:57,14.13,-0.02,83,117279,卖盘
2386,10:57:54,14.15,--,3,4245,买盘
2387,10:57:51,14.15,0.02,7,9905,卖盘
2388,10:57:30,14.13,--,34,49172,卖盘
2389,10:57:27,14.13,-0.03,35,49455,卖盘
2390,10:57:24,14.16,0.03,23,32568,买盘
2391,10:57:21,14.13,--,2,2826,卖盘
2392,10:57:18,14.13,-0.03,6,8478,卖盘
2393,10:57:15,14.16,0.03,10,14160,买盘
2394,10:57:12,14.13,-0.01,64,90432,卖盘
2395,10:57:06,14.14,-0.01,30,42420,卖盘
2396,10:57:03,14.15,0.01,12,16980,买盘
2397,10:57:00,14.14,--,19,26866,卖盘
2398,10:56:54,14.14,--,13,18382,卖盘
2399,10:56:51,14.14,--,2,2828,卖盘
2400,10:56:48,14.14,--,4,5656,卖盘
2401,10:56:42,14.14,--,4,5656,卖盘
2402,10:56:36,14.14,--,22,31108,卖盘
2403,10:56:33,14.14,-0.03,5,7070,卖盘
2404,10:56:30,14.17,0.02,68,96639,买盘
2405,10:56:24,14.15,-0.02,25,35375,卖盘
2406,10:56:18,14.17,--,14,19838,买盘
2407,10:56:12,14.17,0.02,10,14170,买盘
2408,10:55:54,14.15,--,61,86315,卖盘
2409,10:55:51,14.15,--,7,9905,卖盘
2410,10:55:48,14.15,--,11,15565,卖盘
2411,10:55:45,14.15,--,23,32545,卖盘
2412,10:55:42,14.15,--,19,26885,卖盘
2413,10:55:36,14.15,--,13,18395,卖盘
2414,10:55:33,14.15,--,13,18395,卖盘
2415,10:55:30,14.15,--,24,35092,卖盘
2416,10:55:27,14.15,--,4,5660,卖盘
2417,10:55:21,14.15,--,22,31130,卖盘
2418,10:55:18,14.15,--,10,14150,卖盘
2419,10:55:15,14.15,--,10,14150,卖盘
2420,10:55:12,14.15,--,32,45280,卖盘
2421,10:55:09,14.15,0.01,14,19810,卖盘
2422,10:55:06,14.14,--,21,29694,卖盘
2423,10:55:03,14.14,--,8,11312,卖盘
2424,10:55:00,14.14,--,66,93324,卖盘
2425,10:54:45,14.14,--,27,38178,卖盘
2426,10:54:42,14.14,--,64,90496,卖盘
2427,10:54:36,14.14,--,102,144228,卖盘
2428,10:54:30,14.14,--,17,24038,卖盘
2429,10:54:24,14.14,--,30,42420,卖盘
2430,10:54:18,14.14,-0.04,17,24038,卖盘
2431,10:54:12,14.18,0.04,8,11344,买盘
2432,10:54:09,14.14,--,11,15554,卖盘
2433,10:54:06,14.14,--,28,39592,卖盘
2434,10:54:03,14.14,-0.04,8,11312,卖盘
2435,10:54:00,14.18,0.04,190,269420,买盘
2436,10:53:57,14.14,-0.04,39,55146,卖盘
2437,10:53:51,14.18,-0.01,15,21270,买盘
2438,10:53:27,14.19,0.04,43,61017,买盘
2439,10:53:24,14.15,--,10,14150,买盘
2440,10:53:21,14.15,--,61,86315,卖盘
2441,10:53:15,14.15,0.01,62,87730,卖盘
2442,10:53:09,14.14,-0.05,14,19796,卖盘
2443,10:53:03,14.19,0.05,72,102168,买盘
2444,10:52:57,14.14,-0.01,22,31108,卖盘
2445,10:52:51,14.15,--,24,33960,卖盘
2446,10:52:45,14.15,-0.03,6,8490,卖盘
2447,10:52:39,14.18,0.03,2,2836,中性盘
2448,10:52:33,14.15,0.01,2,2830,卖盘
2449,10:52:27,14.14,--,11,15554,卖盘
2450,10:52:24,14.14,-0.02,55,77770,卖盘
2451,10:52:21,14.16,-0.03,26,36816,卖盘
2452,10:52:15,14.19,--,13,18447,买盘
2453,10:52:06,14.19,--,26,36894,买盘
2454,10:52:03,14.19,--,23,32637,买盘
2455,10:52:00,14.19,0.04,50,70950,买盘
2456,10:51:54,14.15,-0.04,86,121690,卖盘
2457,10:51:48,14.19,0.05,38,53922,买盘
2458,10:51:42,14.14,-0.01,86,121604,卖盘
2459,10:51:36,14.15,--,2,2830,卖盘
2460,10:51:12,14.15,-0.04,9,12735,卖盘
2461,10:51:06,14.19,0.05,51,72369,买盘
2462,10:51:03,14.14,-0.04,58,82012,卖盘
2463,10:51:00,14.18,0.04,19,26942,中性盘
2464,10:50:36,14.14,-0.04,20,28280,卖盘
2465,10:50:33,14.18,0.04,82,116276,买盘
2466,10:50:30,14.14,--,10,14140,卖盘
2467,10:50:27,14.14,-0.02,79,111706,卖盘
2468,10:50:21,14.16,0.02,10,14160,买盘
2469,10:50:03,14.14,--,2,2828,卖盘
2470,10:49:51,14.14,--,4,5656,卖盘
2471,10:49:45,14.14,-0.02,3,4242,卖盘
2472,10:49:39,14.16,0.01,79,111864,买盘
2473,10:49:33,14.15,0.01,10,14150,中性盘
2474,10:49:21,14.14,--,12,16968,卖盘
2475,10:49:18,14.14,--,27,38178,卖盘
2476,10:49:15,14.14,-0.01,45,63630,卖盘
2477,10:49:12,14.15,--,15,21225,卖盘
2478,10:49:09,14.15,-0.01,58,82070,卖盘
2479,10:49:06,14.16,--,1,1416,卖盘
2480,10:49:03,14.16,0.01,12,16992,卖盘
2481,10:48:57,14.15,-0.01,32,45280,卖盘
2482,10:48:51,14.16,0.01,7,9912,中性盘
2483,10:48:45,14.15,--,1,1415,卖盘
2484,10:48:24,14.15,-0.04,10,14150,卖盘
2485,10:48:18,14.19,0.05,28,39732,买盘
2486,10:48:12,14.14,-0.02,26,36764,卖盘
2487,10:48:09,14.16,0.02,22,31152,买盘
2488,10:48:06,14.14,-0.02,7,9898,卖盘
2489,10:48:03,14.16,0.02,18,25488,买盘
2490,10:48:00,14.14,--,4,5656,卖盘
2491,10:47:57,14.14,--,71,100394,卖盘
2492,10:47:54,14.14,-0.01,80,113120,卖盘
2493,10:47:51,14.15,--,13,18395,卖盘
2494,10:47:48,14.15,--,10,14150,卖盘
2495,10:47:21,14.15,--,4,5660,卖盘
2496,10:47:18,14.15,-0.01,6,8490,卖盘
2497,10:47:15,14.16,0.01,3,4248,买盘
2498,10:47:09,14.15,-0.01,4,5660,卖盘
2499,10:47:06,14.16,0.01,20,28320,买盘
2500,10:46:57,14.15,--,7,9905,卖盘
2501,10:46:54,14.15,--,7,9905,卖盘
2502,10:46:51,14.15,--,26,36790,卖盘
2503,10:46:48,14.15,--,6,8490,卖盘
2504,10:46:45,14.15,--,4,5660,卖盘
2505,10:46:42,14.15,--,14,19810,卖盘
2506,10:46:39,14.15,--,64,90560,卖盘
2507,10:46:36,14.15,--,60,84900,卖盘
2508,10:46:33,14.15,--,2,2830,卖盘
2509,10:46:30,14.15,-0.01,14,19810,卖盘
2510,10:46:24,14.16,--,20,28320,买盘
2511,10:46:18,14.16,--,3,4248,买盘
2512,10:46:15,14.16,0.01,38,53808,买盘
2513,10:46:09,14.15,--,2,2830,卖盘
2514,10:45:45,14.15,-0.03,14,19810,卖盘
2515,10:45:39,14.18,0.03,9,12762,中性盘
2516,10:45:33,14.15,--,26,36790,卖盘
2517,10:45:30,14.15,--,34,48110,卖盘
2518,10:45:27,14.15,--,104,147160,卖盘
2519,10:45:24,14.15,--,7,9905,卖盘
2520,10:45:21,14.15,--,62,87730,卖盘
2521,10:45:18,14.15,--,14,19810,卖盘
2522,10:45:15,14.15,-0.03,25,35375,卖盘
2523,10:45:12,14.18,0.03,5,7090,买盘
2524,10:45:09,14.15,--,105,148575,卖盘
2525,10:45:03,14.15,--,2,2830,卖盘
2526,10:44:54,14.15,-0.03,47,66505,卖盘
2527,10:44:48,14.18,0.03,24,34032,买盘
2528,10:44:42,14.15,-0.03,10,14150,卖盘
2529,10:44:39,14.18,0.03,13,18434,买盘
2530,10:44:33,14.15,-0.03,20,28300,卖盘
2531,10:44:30,14.18,--,44,62392,买盘
2532,10:44:27,14.18,0.03,35,49630,买盘
2533,10:44:18,14.15,0.01,4,5660,中性盘
2534,10:44:12,14.14,-0.04,30,42420,卖盘
2535,10:44:06,14.18,0.03,2,2836,买盘
2536,10:44:03,14.15,-0.03,106,149990,卖盘
2537,10:43:57,14.18,0.03,6,8678,买盘
2538,10:43:36,14.15,--,42,59430,买盘
2539,10:43:33,14.15,0.01,3,4245,卖盘
2540,10:43:30,14.14,-0.03,4,5656,卖盘
2541,10:43:27,14.17,0.03,4,5668,买盘
2542,10:43:24,14.14,-0.01,13,18382,卖盘
2543,10:43:18,14.15,-0.02,8,11320,卖盘
2544,10:43:12,14.17,--,10,14170,买盘
2545,10:43:03,14.17,0.02,10,14170,卖盘
2546,10:43:00,14.15,--,8,11320,卖盘
2547,10:42:57,14.15,--,241,341015,卖盘
2548,10:42:54,14.15,--,26,36790,卖盘
2549,10:42:48,14.15,0.01,6,8490,中性盘
2550,10:42:45,14.14,--,6,8484,卖盘
2551,10:42:42,14.14,--,3,4242,卖盘
2552,10:42:39,14.14,-0.04,95,134330,卖盘
2553,10:42:36,14.18,0.03,82,116276,买盘
2554,10:42:33,14.15,0.01,2,2830,买盘
2555,10:42:21,14.14,-0.01,32,45248,卖盘
2556,10:42:18,14.15,-0.03,4,5660,卖盘
2557,10:42:15,14.18,0.03,31,43958,买盘
2558,10:42:09,14.15,0.01,7,9905,卖盘
2559,10:42:06,14.14,--,8,11312,卖盘
2560,10:42:03,14.14,--,2,2828,卖盘
2561,10:42:00,14.14,--,20,28280,卖盘
2562,10:41:57,14.14,--,1,1414,卖盘
2563,10:41:54,14.14,--,0,1131,卖盘
2564,10:41:48,14.14,--,5,7070,卖盘
2565,10:41:45,14.14,--,4,5656,卖盘
2566,10:41:42,14.14,--,4,5656,卖盘
2567,10:41:39,14.14,-0.06,6,8484,卖盘
2568,10:41:36,14.2,0.06,618,877560,买盘
2569,10:41:33,14.14,-0.04,36,50904,卖盘
2570,10:41:27,14.18,0.04,9,12762,买盘
2571,10:41:21,14.14,--,31,43834,卖盘
2572,10:41:18,14.14,--,8,11312,卖盘
2573,10:41:15,14.14,-0.01,42,59388,卖盘
2574,10:41:12,14.15,--,10,14150,卖盘
2575,10:41:09,14.15,0.01,6,8490,中性盘
2576,10:41:03,14.14,-0.05,51,72114,卖盘
2577,10:40:57,14.19,0.01,35,49665,买盘
2578,10:40:45,14.18,0.01,300,425400,买盘
2579,10:40:42,14.17,0.03,82,116194,买盘
2580,10:40:36,14.14,--,2,2828,卖盘
2581,10:40:33,14.14,--,47,66458,卖盘
2582,10:40:30,14.14,--,4,5656,卖盘
2583,10:40:27,14.14,-0.03,4,5656,卖盘
2584,10:40:24,14.17,0.03,2,2834,买盘
2585,10:40:21,14.14,0.01,12,16968,中性盘
2586,10:40:15,14.13,-0.04,19,26847,卖盘
2587,10:40:09,14.17,--,19,26923,买盘
2588,10:40:03,14.17,0.04,48,68016,买盘
2589,10:40:00,14.13,--,11,15543,卖盘
2590,10:39:57,14.13,--,6,8478,卖盘
2591,10:39:54,14.13,-0.01,41,57933,卖盘
2592,10:39:51,14.14,--,10,14140,卖盘
2593,10:39:48,14.14,0.01,11,15554,卖盘
2594,10:39:42,14.13,-0.04,39,55107,卖盘
2595,10:39:36,14.17,0.04,25,35425,买盘
2596,10:39:30,14.13,--,3,4239,卖盘
2597,10:39:27,14.13,--,8,11304,卖盘
2598,10:39:24,14.13,--,39,55107,卖盘
2599,10:39:21,14.13,0.01,303,428139,买盘
2600,10:39:18,14.12,-0.01,4,5648,卖盘
2601,10:39:15,14.13,--,302,426726,买盘
2602,10:39:12,14.13,--,16,22608,买盘
2603,10:39:06,14.13,0.01,11,15543,买盘
2604,10:39:03,14.12,-0.01,5,7060,卖盘
2605,10:39:00,14.13,0.01,34,48042,买盘
2606,10:38:57,14.12,-0.01,19,26828,卖盘
2607,10:38:54,14.13,--,44,62172,买盘
2608,10:38:51,14.13,--,38,53694,买盘
2609,10:38:48,14.13,-0.03,339,479007,卖盘
2610,10:38:45,14.16,0.03,82,116112,中性盘
2611,10:38:42,14.13,-0.04,31,43803,卖盘
2612,10:38:39,14.17,0.01,15,21255,买盘
2613,10:38:36,14.16,0.03,61,86376,买盘
2614,10:38:30,14.13,--,14,19782,卖盘
2615,10:38:24,14.13,-0.03,33,46629,卖盘
2616,10:38:18,14.16,0.03,35,49560,买盘
2617,10:38:09,14.13,--,9,12717,卖盘
2618,10:38:03,14.13,--,4,5652,卖盘
2619,10:37:57,14.13,--,4,5652,卖盘
2620,10:37:51,14.13,--,12,16956,卖盘
2621,10:37:45,14.13,--,8,11304,卖盘
2622,10:37:39,14.13,--,25,35325,卖盘
2623,10:37:33,14.13,--,20,28260,卖盘
2624,10:37:27,14.13,-0.03,134,189342,卖盘
2625,10:37:21,14.16,0.03,5,7080,中性盘
2626,10:36:45,14.13,-0.04,4,5652,卖盘
2627,10:36:42,14.17,--,10,14170,买盘
2628,10:36:39,14.17,0.04,22,31174,买盘
2629,10:36:36,14.13,--,6,8478,卖盘
2630,10:36:33,14.13,-0.02,20,28260,卖盘
2631,10:36:30,14.15,0.02,3,4245,买盘
2632,10:36:27,14.13,-0.02,11,15543,卖盘
2633,10:36:21,14.15,0.02,3,4245,买盘
2634,10:36:15,14.13,--,12,16956,卖盘
2635,10:36:12,14.13,-0.02,15,21195,卖盘
2636,10:36:09,14.15,--,41,58015,买盘
2637,10:36:06,14.15,0.02,20,28300,买盘
2638,10:36:03,14.13,-0.02,21,29673,卖盘
2639,10:35:57,14.15,0.02,18,25470,买盘
2640,10:35:51,14.13,-0.01,53,74889,卖盘
2641,10:35:48,14.14,-0.01,30,42420,卖盘
2642,10:35:45,14.15,0.01,14,19810,买盘
2643,10:35:42,14.14,-0.01,27,38178,卖盘
2644,10:35:39,14.15,0.01,10,14150,买盘
2645,10:35:36,14.14,--,19,26866,卖盘
2646,10:35:30,14.14,--,4,5656,卖盘
2647,10:35:27,14.14,-0.01,7,9898,卖盘
2648,10:35:24,14.15,0.01,10,14150,买盘
2649,10:35:21,14.14,--,12,16968,卖盘
2650,10:35:18,14.14,0.01,6,8484,卖盘
2651,10:35:15,14.13,--,20,28260,卖盘
2652,10:35:12,14.13,--,7,9891,卖盘
2653,10:35:09,14.13,--,50,70650,卖盘
2654,10:34:57,14.13,--,14,19782,卖盘
2655,10:34:51,14.13,--,45,63585,卖盘
2656,10:34:48,14.13,--,11,15543,卖盘
2657,10:34:45,14.13,--,7,9891,卖盘
2658,10:34:42,14.13,--,2,2826,卖盘
2659,10:34:39,14.13,--,24,33912,卖盘
2660,10:34:33,14.13,--,46,64998,卖盘
2661,10:34:27,14.13,0.01,39,55107,中性盘
2662,10:34:21,14.12,-0.01,23,32476,卖盘
2663,10:34:15,14.13,0.01,4,5652,卖盘
2664,10:34:12,14.12,-0.01,122,172264,卖盘
2665,10:34:09,14.13,--,30,42390,卖盘
2666,10:34:06,14.13,--,6,8478,卖盘
2667,10:34:03,14.13,-0.01,7,9891,卖盘
2668,10:34:00,14.14,--,23,32522,买盘
2669,10:33:57,14.14,0.01,6,8484,买盘
2670,10:33:54,14.13,-0.01,4,5652,卖盘
2671,10:33:48,14.14,0.01,20,28280,买盘
2672,10:33:45,14.13,--,11,15543,卖盘
2673,10:33:39,14.13,--,11,15543,卖盘
2674,10:33:36,14.13,--,2,2826,卖盘
2675,10:33:33,14.13,-0.01,15,21195,卖盘
2676,10:33:30,14.14,--,10,14140,买盘
2677,10:33:27,14.14,0.01,38,53732,买盘
2678,10:33:24,14.13,-0.01,28,39564,卖盘
2679,10:33:21,14.14,0.01,21,29694,买盘
2680,10:33:18,14.13,--,3,4239,卖盘
2681,10:33:15,14.13,-0.01,41,57933,卖盘
2682,10:33:12,14.14,0.01,16,22624,买盘
2683,10:33:09,14.13,--,13,18369,卖盘
2684,10:33:06,14.13,-0.01,6,8478,卖盘
2685,10:33:03,14.14,0.01,123,173922,买盘
2686,10:33:00,14.13,--,4,5652,卖盘
2687,10:32:57,14.13,--,204,288252,卖盘
2688,10:32:54,14.13,--,50,70650,卖盘
2689,10:32:51,14.13,--,35,49455,卖盘
2690,10:32:48,14.13,--,35,49455,卖盘
2691,10:32:42,14.13,0.01,3,4239,中性盘
2692,10:32:24,14.12,--,3,4236,卖盘
2693,10:32:18,14.12,--,18,25416,卖盘
2694,10:32:12,14.12,--,31,43772,卖盘
2695,10:32:06,14.12,--,40,56480,卖盘
2696,10:32:00,14.12,--,20,28240,卖盘
2697,10:31:57,14.12,-0.01,339,479896,卖盘
2698,10:31:54,14.13,--,5,7065,买盘
2699,10:31:51,14.13,-0.01,283,399879,卖盘
2700,10:31:48,14.14,--,76,107464,买盘
2701,10:31:45,14.14,--,63,89082,买盘
2702,10:31:42,14.14,0.01,5,7070,买盘
2703,10:31:39,14.13,-0.01,22,31086,卖盘
2704,10:31:33,14.14,-0.02,328,463792,卖盘
2705,10:31:24,14.16,0.01,65,92040,买盘
2706,10:31:18,14.15,-0.01,18,25470,卖盘
2707,10:31:06,14.16,--,20,28320,买盘
2708,10:31:03,14.16,--,306,433296,买盘
2709,10:31:00,14.16,--,21,29736,买盘
2710,10:30:57,14.16,0.01,12,16992,买盘
2711,10:30:54,14.15,--,14,19810,卖盘
2712,10:30:48,14.15,--,21,29715,卖盘
2713,10:30:42,14.15,0.01,85,120275,中性盘
2714,10:30:39,14.14,-0.01,41,57974,卖盘
2715,10:30:36,14.15,--,4,5660,卖盘
2716,10:30:33,14.15,--,13,18395,卖盘
2717,10:30:30,14.15,--,23,32545,卖盘
2718,10:30:27,14.15,-0.01,11,15565,卖盘
2719,10:30:24,14.16,--,3,4248,卖盘
2720,10:30:21,14.16,0.01,45,63720,买盘
2721,10:30:15,14.15,--,34,48110,卖盘
2722,10:30:09,14.15,--,23,32545,卖盘
2723,10:30:06,14.15,--,1,1415,卖盘
2724,10:30:03,14.15,-0.01,2,2830,卖盘
2725,10:29:57,14.16,0.01,15,21240,买盘
2726,10:29:54,14.15,--,7,9905,卖盘
2727,10:29:51,14.15,-0.01,4,5660,卖盘
2728,10:29:48,14.16,--,8,11328,卖盘
2729,10:29:45,14.16,--,4,5664,卖盘
2730,10:29:39,14.16,--,17,24072,卖盘
2731,10:29:33,14.16,--,31,43896,卖盘
2732,10:29:30,14.16,--,15,21240,卖盘
2733,10:29:27,14.16,-0.01,45,63720,卖盘
2734,10:29:24,14.17,0.01,30,42510,买盘
2735,10:29:21,14.16,--,41,58056,卖盘
2736,10:29:18,14.16,--,7,9912,卖盘
2737,10:29:15,14.16,--,13,18408,卖盘
2738,10:29:12,14.16,--,34,48144,卖盘
2739,10:29:09,14.16,-0.01,50,70800,卖盘
2740,10:29:06,14.17,0.01,7,9919,买盘
2741,10:29:00,14.16,-0.01,16,22656,卖盘
2742,10:28:57,14.17,0.01,2,2834,买盘
2743,10:28:54,14.16,--,20,28320,卖盘
2744,10:28:45,14.16,0.01,32,45312,买盘
2745,10:28:39,14.15,-0.01,58,82070,卖盘
2746,10:28:33,14.16,--,11,15576,卖盘
2747,10:28:27,14.16,--,40,56640,卖盘
2748,10:28:21,14.16,--,37,52392,卖盘
2749,10:28:15,14.16,--,11,15576,卖盘
2750,10:28:09,14.16,-0.01,15,21240,卖盘
2751,10:28:06,14.17,--,30,42510,买盘
2752,10:28:03,14.17,-0.01,53,75101,卖盘
2753,10:28:00,14.18,0.02,7,9926,买盘
2754,10:27:57,14.16,-0.01,23,32568,卖盘
2755,10:27:51,14.17,--,25,35425,卖盘
2756,10:27:45,14.17,-0.01,38,53846,卖盘
2757,10:27:42,14.18,0.01,10,14180,买盘
2758,10:27:39,14.17,--,8,11336,卖盘
2759,10:27:33,14.17,--,1,1417,卖盘
2760,10:27:30,14.17,--,7,9919,卖盘
2761,10:27:27,14.17,--,4,5668,卖盘
2762,10:27:24,14.17,--,29,41093,买盘
2763,10:27:21,14.17,0.01,18,25506,买盘
2764,10:27:18,14.16,-0.01,11,15576,卖盘
2765,10:27:15,14.17,--,9,12753,买盘
2766,10:27:12,14.17,0.02,9,12753,买盘
2767,10:27:09,14.15,-0.02,73,103295,卖盘
2768,10:27:06,14.17,0.02,19,26923,买盘
2769,10:27:03,14.15,-0.02,42,59430,中性盘
2770,10:27:00,14.17,0.01,96,136032,买盘
2771,10:26:54,14.16,-0.01,11,15576,卖盘
2772,10:26:51,14.17,0.01,32,45344,买盘
2773,10:26:48,14.16,--,4,5664,卖盘
2774,10:26:45,14.16,--,20,28320,卖盘
2775,10:26:42,14.16,0.02,158,223728,买盘
2776,10:26:39,14.14,--,19,26866,卖盘
2777,10:26:36,14.14,-0.02,25,35350,卖盘
2778,10:26:33,14.16,0.01,2,2832,买盘
2779,10:26:30,14.15,-0.01,16,22640,卖盘
2780,10:26:24,14.16,0.02,2,2832,买盘
2781,10:26:18,14.14,-0.02,14,19796,卖盘
2782,10:26:12,14.16,0.02,9,12744,买盘
2783,10:26:06,14.14,0.01,3,4242,卖盘
2784,10:26:00,14.13,-0.03,12,16956,卖盘
2785,10:25:54,14.16,0.02,27,38232,买盘
2786,10:25:48,14.14,-0.02,8,11312,买盘
2787,10:25:42,14.16,--,31,43896,买盘
2788,10:25:39,14.16,--,5,7080,买盘
2789,10:25:36,14.16,0.03,40,56640,买盘
2790,10:25:33,14.13,0.01,6,8478,卖盘
2791,10:25:30,14.12,--,15,21180,卖盘
2792,10:25:27,14.12,-0.01,61,86132,卖盘
