,time,price,change,volume,amount,type
0,15:00:03,10.35,--,4773,4940924,卖盘
1,14:57:00,10.35,--,10,10350,卖盘
2,14:56:51,10.35,-0.01,13,13455,卖盘
3,14:56:48,10.36,0.01,90,93405,买盘
4,14:56:45,10.35,--,120,124200,买盘
5,14:56:42,10.35,--,74,76590,买盘
6,14:56:39,10.35,--,224,231840,买盘
7,14:56:36,10.35,--,73,75555,买盘
8,14:56:33,10.35,--,30,31050,买盘
9,14:56:30,10.35,--,230,238050,买盘
10,14:56:27,10.35,--,43,44505,买盘
11,14:56:21,10.35,--,3,3105,买盘
12,14:56:18,10.35,--,42,43470,买盘
13,14:56:15,10.35,--,10,10350,买盘
14,14:56:12,10.35,--,164,169740,买盘
15,14:56:09,10.35,--,24,24840,买盘
16,14:56:06,10.35,--,20,20700,买盘
17,14:56:03,10.35,--,151,157154,卖盘
18,14:56:00,10.35,-0.01,22,22935,卖盘
19,14:55:57,10.36,0.02,4,4144,买盘
20,14:55:54,10.34,-0.01,115,118910,卖盘
21,14:55:51,10.35,-0.01,624,645840,卖盘
22,14:55:48,10.36,--,52,53872,买盘
23,14:55:45,10.36,0.01,1,1036,买盘
24,14:55:42,10.35,--,12,12420,卖盘
25,14:55:39,10.35,--,2,2070,卖盘
26,14:55:30,10.35,--,5,5175,卖盘
27,14:55:27,10.35,-0.01,22,22770,卖盘
28,14:55:24,10.36,--,78,80808,买盘
29,14:55:21,10.36,0.01,19,19684,买盘
30,14:55:18,10.35,--,90,93150,卖盘
31,14:55:15,10.35,0.01,31,32085,买盘
32,14:55:12,10.34,--,2,2068,卖盘
33,14:55:09,10.34,-0.01,179,185582,卖盘
34,14:55:06,10.35,--,63,65205,买盘
35,14:55:03,10.35,--,24,24840,买盘
36,14:55:00,10.35,0.01,51,52785,买盘
37,14:54:57,10.34,-0.01,90,93060,卖盘
38,14:54:54,10.35,--,30,31050,买盘
39,14:54:51,10.35,--,15,15525,买盘
40,14:54:48,10.35,--,23,23805,买盘
41,14:54:45,10.35,--,44,45540,买盘
42,14:54:42,10.35,--,30,31050,买盘
43,14:54:39,10.35,0.01,74,76590,买盘
44,14:54:36,10.34,-0.01,28,28952,卖盘
45,14:54:33,10.35,--,502,519570,买盘
46,14:54:30,10.35,--,59,61065,买盘
47,14:54:27,10.35,--,10,10350,买盘
48,14:54:24,10.35,--,7,7245,买盘
49,14:54:21,10.35,--,9,9315,买盘
50,14:54:18,10.35,--,10,10350,买盘
51,14:54:15,10.35,0.01,40,41400,买盘
52,14:54:12,10.34,-0.01,238,246092,卖盘
53,14:54:09,10.35,--,86,89010,买盘
54,14:54:06,10.35,0.01,10,10350,买盘
55,14:54:03,10.34,-0.01,15,15510,卖盘
56,14:54:00,10.35,--,10,10350,买盘
57,14:53:57,10.35,--,5,5175,买盘
58,14:53:54,10.35,--,10,10350,买盘
59,14:53:51,10.35,--,63,65205,买盘
60,14:53:48,10.35,--,6,6210,买盘
61,14:53:45,10.35,--,10,10350,买盘
62,14:53:42,10.35,--,248,256680,买盘
63,14:53:39,10.35,--,44,45540,买盘
64,14:53:36,10.35,--,12,12420,买盘
65,14:53:33,10.35,--,40,41400,买盘
66,14:53:30,10.35,--,46,47610,买盘
67,14:53:27,10.35,--,125,129375,买盘
68,14:53:24,10.35,--,93,96255,买盘
69,14:53:21,10.35,--,14,14490,买盘
70,14:53:18,10.35,--,107,110745,买盘
71,14:53:15,10.35,--,52,53820,买盘
72,14:53:12,10.35,--,231,239085,买盘
73,14:53:09,10.35,0.01,50,51750,买盘
74,14:53:06,10.34,-0.01,62,64108,卖盘
75,14:53:03,10.35,--,10,10350,买盘
76,14:53:00,10.35,--,17,17595,买盘
77,14:52:57,10.35,--,174,180090,买盘
78,14:52:54,10.35,--,68,70918,卖盘
79,14:52:51,10.35,--,3,3105,卖盘
80,14:52:45,10.35,0.01,171,177481,买盘
81,14:52:42,10.34,-0.01,2,2068,卖盘
82,14:52:39,10.35,0.01,61,63135,买盘
83,14:52:36,10.34,-0.01,62,64108,卖盘
84,14:52:33,10.35,--,1022,1057770,买盘
85,14:52:30,10.35,--,1,1035,买盘
86,14:52:27,10.35,0.01,200,207000,买盘
87,14:52:18,10.34,--,8,8272,卖盘
88,14:52:15,10.34,--,1214,1255824,买盘
89,14:52:12,10.34,--,258,266772,买盘
90,14:52:09,10.34,0.01,168,173712,买盘
91,14:52:06,10.33,-0.01,1828,1888324,卖盘
92,14:52:03,10.34,--,274,283316,买盘
93,14:52:00,10.34,--,17,17578,买盘
94,14:51:57,10.34,--,481,497354,买盘
95,14:51:54,10.34,0.01,280,289520,买盘
96,14:51:48,10.33,-0.01,268,276844,卖盘
97,14:51:45,10.34,--,226,233684,买盘
98,14:51:42,10.34,0.01,103,106502,买盘
99,14:51:39,10.33,--,48,49584,卖盘
100,14:51:36,10.33,-0.01,195,201435,卖盘
101,14:51:33,10.34,--,213,220242,买盘
102,14:51:30,10.34,--,16,16544,买盘
103,14:51:27,10.34,--,39,40326,买盘
104,14:51:24,10.34,--,3,3102,买盘
105,14:51:21,10.34,--,77,79618,买盘
106,14:51:18,10.34,--,497,513898,买盘
107,14:51:15,10.34,--,5,5170,买盘
108,14:51:12,10.34,0.01,1718,1776412,买盘
109,14:51:09,10.33,--,40,41320,卖盘
110,14:51:06,10.33,-0.01,1053,1087749,卖盘
111,14:51:03,10.34,--,46,47564,买盘
112,14:51:00,10.34,0.01,7,7238,买盘
113,14:50:57,10.33,-0.01,63,65079,卖盘
114,14:50:54,10.34,0.01,4,4136,买盘
115,14:50:51,10.33,--,500,516500,卖盘
116,14:50:48,10.33,--,40,41320,卖盘
117,14:50:45,10.33,--,114,117762,卖盘
118,14:50:42,10.33,--,672,694816,卖盘
119,14:50:36,10.33,-0.01,146,150818,卖盘
120,14:50:33,10.34,0.01,299,309796,买盘
121,14:50:30,10.33,--,95,98135,买盘
122,14:50:27,10.33,--,442,456988,卖盘
123,14:50:24,10.33,--,37,38851,卖盘
124,14:50:21,10.33,-0.01,3,3099,卖盘
125,14:50:18,10.34,0.01,6,6204,买盘
126,14:50:15,10.33,--,67,69211,买盘
127,14:50:12,10.33,--,50,51650,买盘
128,14:50:09,10.33,-0.01,80,82640,卖盘
129,14:50:06,10.34,--,47,48598,买盘
130,14:50:03,10.34,--,461,477532,买盘
131,14:50:00,10.34,0.01,75,77550,买盘
132,14:49:57,10.33,--,40,41320,卖盘
133,14:49:54,10.33,-0.01,24,25432,卖盘
134,14:49:51,10.34,0.01,556,574904,买盘
135,14:49:48,10.33,--,23,23759,卖盘
136,14:49:45,10.33,--,139,143587,卖盘
137,14:49:42,10.33,--,51,52889,卖盘
138,14:49:39,10.33,--,641,662153,卖盘
139,14:49:36,10.33,--,94,97102,卖盘
140,14:49:33,10.33,--,212,218996,卖盘
141,14:49:30,10.33,-0.01,188,194204,卖盘
142,14:49:27,10.34,0.01,494,510796,买盘
143,14:49:24,10.33,--,105,108465,卖盘
144,14:49:21,10.33,--,84,86864,卖盘
145,14:49:18,10.33,--,160,165280,卖盘
146,14:49:15,10.33,--,479,494807,卖盘
147,14:49:12,10.33,--,62,64314,买盘
148,14:49:09,10.33,0.01,57,58881,买盘
149,14:49:06,10.32,-0.01,68,70176,卖盘
150,14:49:03,10.33,--,64,66112,买盘
151,14:49:00,10.33,--,34,35122,买盘
152,14:48:57,10.33,--,38,39254,买盘
153,14:48:54,10.33,--,161,166313,买盘
154,14:48:48,10.33,-0.01,675,698153,卖盘
155,14:48:45,10.34,--,15,15510,买盘
156,14:48:39,10.34,--,218,225412,买盘
157,14:48:36,10.34,--,46,47564,买盘
158,14:48:33,10.34,0.01,50,51700,买盘
159,14:48:30,10.33,--,40,41320,卖盘
160,14:48:27,10.33,--,13,13429,卖盘
161,14:48:24,10.33,--,497,513401,卖盘
162,14:48:21,10.33,--,715,738595,卖盘
163,14:48:18,10.33,--,139,143679,卖盘
164,14:48:15,10.33,--,175,180775,卖盘
165,14:48:12,10.33,--,89,91937,卖盘
166,14:48:09,10.33,--,2003,2069099,卖盘
167,14:48:06,10.33,--,93,96069,卖盘
168,14:48:03,10.33,-0.01,10,10330,卖盘
169,14:48:00,10.34,--,64,66176,买盘
170,14:47:57,10.34,0.01,111,114774,买盘
171,14:47:54,10.33,-0.01,517,534164,卖盘
172,14:47:51,10.34,0.01,118,122012,买盘
173,14:47:48,10.33,-0.01,139,143587,卖盘
174,14:47:45,10.34,--,653,675202,买盘
175,14:47:42,10.34,--,18,18612,买盘
176,14:47:39,10.34,0.01,1,1034,买盘
177,14:47:36,10.33,-0.01,70,72310,卖盘
178,14:47:33,10.34,--,20,20680,买盘
179,14:47:30,10.34,--,53,54802,买盘
180,14:47:27,10.34,0.01,80,83216,买盘
181,14:47:24,10.33,--,1523,1573889,卖盘
182,14:47:21,10.33,-0.01,20,20660,卖盘
183,14:47:18,10.34,--,236,244024,买盘
184,14:47:15,10.34,--,101,104434,买盘
185,14:47:12,10.34,--,15,15510,买盘
186,14:47:09,10.34,--,157,162338,买盘
187,14:47:06,10.34,--,62,64108,买盘
188,14:47:03,10.34,--,65,67210,买盘
189,14:47:00,10.34,--,97,100298,买盘
190,14:46:57,10.34,--,369,381969,卖盘
191,14:46:54,10.34,--,150,155100,卖盘
192,14:46:51,10.34,--,42,43934,卖盘
193,14:46:48,10.34,-0.01,121,125755,卖盘
194,14:46:45,10.35,0.01,55,56925,买盘
195,14:46:42,10.34,--,39,40326,卖盘
196,14:46:39,10.34,--,60,62040,卖盘
197,14:46:36,10.34,--,126,131286,卖盘
198,14:46:33,10.34,--,155,160270,卖盘
199,14:46:30,10.34,--,258,266772,卖盘
200,14:46:24,10.34,--,142,146828,卖盘
201,14:46:21,10.34,-0.01,19,19646,卖盘
202,14:46:18,10.35,0.01,83,85998,买盘
203,14:46:15,10.34,--,353,365002,卖盘
204,14:46:12,10.34,--,65,67210,卖盘
205,14:46:09,10.34,--,49,50666,卖盘
206,14:46:06,10.34,--,346,358074,卖盘
207,14:46:03,10.34,--,60,62040,卖盘
208,14:46:00,10.34,-0.01,39,40326,卖盘
209,14:45:57,10.35,--,20,20700,买盘
210,14:45:54,10.35,0.01,18,18630,买盘
211,14:45:51,10.34,-0.01,6,6845,卖盘
212,14:45:45,10.35,0.01,5,5175,买盘
213,14:45:42,10.34,-0.02,49,50666,卖盘
214,14:45:39,10.36,0.01,15,15540,买盘
215,14:45:36,10.35,0.01,4,4140,买盘
216,14:45:33,10.34,--,193,199562,卖盘
217,14:45:30,10.34,-0.01,74,76516,卖盘
218,14:45:27,10.35,--,6,6210,卖盘
219,14:45:24,10.35,--,6,6717,买盘
220,14:45:21,10.35,0.01,130,135191,卖盘
221,14:45:18,10.34,-0.01,39,40326,卖盘
222,14:45:15,10.35,0.01,8,8280,中性盘
223,14:45:09,10.34,--,27,27918,卖盘
224,14:45:06,10.34,-0.01,313,323642,卖盘
225,14:45:03,10.35,--,47,49141,买盘
226,14:45:00,10.35,0.01,10,10350,买盘
227,14:44:57,10.34,--,50,51700,卖盘
228,14:44:54,10.34,-0.01,1,1664,卖盘
229,14:44:51,10.35,--,53,54855,买盘
230,14:44:48,10.35,-0.01,3,3105,买盘
231,14:44:45,10.36,0.01,295,305620,买盘
232,14:44:42,10.35,--,42,43470,卖盘
233,14:44:36,10.35,--,57,58995,卖盘
234,14:44:33,10.35,--,276,285660,卖盘
235,14:44:30,10.35,0.01,1,1035,卖盘
236,14:44:27,10.34,-0.01,57,58938,卖盘
237,14:44:24,10.35,--,17,18236,卖盘
238,14:44:21,10.35,--,87,90645,买盘
239,14:44:18,10.35,0.01,12,12420,买盘
240,14:44:15,10.34,-0.01,100,103400,卖盘
241,14:44:12,10.35,0.01,257,265995,买盘
242,14:44:09,10.34,-0.01,21,21714,卖盘
243,14:44:06,10.35,--,47,48645,买盘
244,14:44:03,10.35,--,8,8280,买盘
245,14:43:57,10.35,--,5,5175,买盘
246,14:43:54,10.35,--,6,6841,买盘
247,14:43:51,10.35,--,131,136092,买盘
248,14:43:48,10.35,--,8,8280,买盘
249,14:43:42,10.35,--,4,4140,买盘
250,14:43:39,10.35,-0.01,27,28876,卖盘
251,14:43:36,10.36,0.01,55,56980,买盘
252,14:43:33,10.35,--,106,109813,买盘
253,14:43:30,10.35,-0.01,23,24736,卖盘
254,14:43:27,10.36,0.01,29,30686,买盘
255,14:43:21,10.35,0.02,7,7741,中性盘
256,14:43:18,10.33,-0.01,272,280976,卖盘
257,14:43:15,10.34,-0.02,70,72380,卖盘
258,14:43:12,10.36,0.01,182,188552,买盘
259,14:43:09,10.35,--,742,767970,卖盘
260,14:43:06,10.35,--,97,100395,卖盘
261,14:43:03,10.35,--,119,123641,买盘
262,14:43:00,10.35,0.01,275,284625,买盘
263,14:42:57,10.34,-0.01,1,1664,卖盘
264,14:42:54,10.35,--,9,9811,买盘
265,14:42:51,10.35,--,39,40365,买盘
266,14:42:45,10.35,--,8,8280,买盘
267,14:42:42,10.35,0.01,19,19665,买盘
268,14:42:39,10.34,-0.01,2,2068,卖盘
269,14:42:36,10.35,0.02,79,81765,买盘
270,14:42:30,10.33,-0.02,24,24792,卖盘
271,14:42:27,10.35,0.02,47,49286,买盘
272,14:42:24,10.33,--,85,87970,卖盘
273,14:42:21,10.33,--,20,20660,卖盘
274,14:42:15,10.33,-0.01,87,89871,卖盘
275,14:42:12,10.34,0.01,185,191290,买盘
276,14:42:09,10.33,-0.01,139,143587,卖盘
277,14:42:06,10.34,--,278,287452,买盘
278,14:42:03,10.34,0.01,49,50666,买盘
279,14:42:00,10.33,--,133,138401,卖盘
280,14:41:57,10.33,--,116,119828,卖盘
281,14:41:54,10.33,-0.01,223,230865,卖盘
282,14:41:51,10.34,--,22,22748,买盘
283,14:41:48,10.34,--,35,36190,买盘
284,14:41:45,10.34,0.01,15,15510,买盘
285,14:41:42,10.33,--,187,193171,卖盘
286,14:41:36,10.33,--,59,60947,卖盘
287,14:41:33,10.33,-0.01,77,79541,卖盘
288,14:41:30,10.34,0.01,60,62040,买盘
289,14:41:27,10.33,-0.01,28,29233,卖盘
290,14:41:18,10.34,0.01,69,71346,买盘
291,14:41:15,10.33,-0.01,640,661120,卖盘
292,14:41:12,10.34,--,17,17578,买盘
293,14:41:09,10.34,--,280,289520,买盘
294,14:41:06,10.34,--,110,113740,卖盘
295,14:41:03,10.34,--,2,2068,卖盘
296,14:41:00,10.34,--,119,123046,卖盘
297,14:40:57,10.34,-0.01,241,249690,卖盘
298,14:40:54,10.35,0.01,24,24840,买盘
299,14:40:51,10.34,-0.01,265,274010,卖盘
300,14:40:48,10.35,0.01,4,4140,买盘
301,14:40:45,10.34,-0.01,48,49632,卖盘
302,14:40:42,10.35,0.01,356,368460,买盘
303,14:40:39,10.34,--,114,117876,卖盘
304,14:40:36,10.34,--,224,231616,卖盘
305,14:40:33,10.34,--,13,13442,卖盘
306,14:40:30,10.34,--,144,148896,卖盘
307,14:40:27,10.34,-0.01,147,152029,卖盘
308,14:40:24,10.35,--,21,21735,卖盘
309,14:40:21,10.35,0.01,319,331168,买盘
310,14:40:18,10.34,-0.01,146,150964,卖盘
311,14:40:15,10.35,0.01,527,545445,买盘
312,14:40:12,10.34,--,12,12408,卖盘
313,14:40:09,10.34,-0.01,17,17877,卖盘
314,14:40:06,10.35,--,45,46575,买盘
315,14:40:03,10.35,0.01,174,180090,买盘
316,14:40:00,10.34,-0.01,15,15510,卖盘
317,14:39:57,10.35,--,1537,1591322,卖盘
318,14:39:54,10.35,-0.01,84,86940,卖盘
319,14:39:51,10.36,--,8,8288,买盘
320,14:39:48,10.36,--,83,85988,买盘
321,14:39:45,10.36,0.01,294,304584,买盘
322,14:39:42,10.35,--,121,125235,卖盘
323,14:39:39,10.35,-0.01,96,99360,卖盘
324,14:39:36,10.36,0.01,82,84952,买盘
325,14:39:33,10.35,--,313,323955,卖盘
326,14:39:30,10.35,--,55,56925,卖盘
327,14:39:27,10.35,-0.01,126,130410,卖盘
328,14:39:24,10.36,0.01,20,20720,买盘
329,14:39:21,10.35,-0.01,17,17895,卖盘
330,14:39:18,10.36,--,7,7252,买盘
331,14:39:15,10.36,0.01,50,51800,买盘
332,14:39:12,10.35,--,51,52785,卖盘
333,14:39:09,10.35,--,385,398475,卖盘
334,14:39:06,10.35,-0.01,145,150075,卖盘
335,14:39:03,10.36,--,126,130536,买盘
336,14:39:00,10.36,0.01,1,1036,买盘
337,14:38:57,10.35,-0.01,27,27945,卖盘
338,14:38:54,10.36,0.01,21,21756,买盘
339,14:38:51,10.35,-0.02,72,74520,卖盘
340,14:38:48,10.37,0.02,48,49775,买盘
341,14:38:42,10.35,-0.01,166,171810,卖盘
342,14:38:36,10.36,-0.01,23,23828,买盘
343,14:38:33,10.37,0.02,105,108884,买盘
344,14:38:30,10.35,-0.02,378,391230,卖盘
345,14:38:27,10.37,0.01,43,44591,买盘
346,14:38:24,10.36,--,533,552188,卖盘
347,14:38:21,10.36,--,290,300440,卖盘
348,14:38:18,10.36,--,277,286972,卖盘
349,14:38:15,10.36,--,208,215488,卖盘
350,14:38:12,10.36,-0.01,30,31080,卖盘
351,14:38:09,10.37,--,362,376275,卖盘
352,14:38:06,10.37,--,122,126513,卖盘
353,14:37:57,10.37,--,111,115106,卖盘
354,14:37:54,10.37,--,9,9333,卖盘
355,14:37:51,10.37,-0.01,497,515388,卖盘
356,14:37:48,10.38,0.01,74,76812,买盘
357,14:37:45,10.37,--,69,71553,卖盘
358,14:37:42,10.37,--,5,5185,卖盘
359,14:37:39,10.37,-0.01,300,311100,卖盘
360,14:37:36,10.38,0.01,70,72660,买盘
361,14:37:33,10.37,-0.01,113,117180,卖盘
362,14:37:27,10.38,--,509,528342,买盘
363,14:37:24,10.38,0.01,30,31140,买盘
364,14:37:21,10.37,--,98,101625,卖盘
365,14:37:18,10.37,-0.01,28,29347,卖盘
366,14:37:12,10.38,0.01,270,280260,买盘
367,14:37:09,10.37,-0.01,14,14517,卖盘
368,14:37:06,10.38,0.01,40,41520,买盘
369,14:37:03,10.37,--,119,123402,卖盘
370,14:37:00,10.37,--,127,131699,卖盘
371,14:36:57,10.37,--,73,75701,卖盘
372,14:36:54,10.37,--,122,126513,卖盘
373,14:36:51,10.37,--,1114,1155218,卖盘
374,14:36:48,10.37,-0.01,31,32146,卖盘
375,14:36:45,10.38,0.01,1,1038,买盘
376,14:36:42,10.37,-0.01,8,8296,卖盘
377,14:36:39,10.38,-0.01,10,10380,中性盘
378,14:36:36,10.39,0.01,161,167964,买盘
379,14:36:30,10.38,--,111,115218,卖盘
380,14:36:27,10.38,--,10,10380,卖盘
381,14:36:24,10.38,--,170,176460,卖盘
382,14:36:18,10.38,--,10,10681,卖盘
383,14:36:15,10.38,--,8,8304,卖盘
384,14:36:06,10.38,--,57,59166,卖盘
385,14:36:03,10.38,-0.01,649,673662,卖盘
386,14:35:57,10.39,0.01,24,24936,买盘
387,14:35:54,10.38,-0.01,172,178536,卖盘
388,14:35:51,10.39,--,10,10390,买盘
389,14:35:48,10.39,0.01,10,10390,买盘
390,14:35:45,10.38,--,1,1038,卖盘
391,14:35:42,10.38,--,9,9342,卖盘
392,14:35:39,10.38,--,48,49824,卖盘
393,14:35:36,10.38,--,51,52938,卖盘
394,14:35:33,10.38,-0.01,25,25950,卖盘
395,14:35:30,10.39,0.01,30,31170,买盘
396,14:35:27,10.38,--,169,175422,卖盘
397,14:35:24,10.38,-0.01,109,113142,卖盘
398,14:35:21,10.39,0.01,21,22120,买盘
399,14:35:18,10.38,-0.01,8,8304,卖盘
400,14:35:15,10.39,--,20,20780,买盘
401,14:35:12,10.39,--,12,12468,买盘
402,14:35:06,10.39,--,47,48833,买盘
403,14:35:03,10.39,--,3,3117,买盘
404,14:34:57,10.39,0.01,278,288842,买盘
405,14:34:54,10.38,--,89,92382,卖盘
406,14:34:51,10.38,-0.01,25,25950,卖盘
407,14:34:48,10.39,0.01,148,153772,买盘
408,14:34:45,10.38,-0.01,27,28026,卖盘
409,14:34:42,10.39,0.01,7,7273,买盘
410,14:34:39,10.38,-0.01,409,424542,卖盘
411,14:34:36,10.39,0.01,46,47794,买盘
412,14:34:33,10.38,--,114,118332,卖盘
413,14:34:30,10.38,--,4,4152,卖盘
414,14:34:27,10.38,--,63,65394,卖盘
415,14:34:21,10.38,-0.01,9,9643,卖盘
416,14:34:15,10.39,0.01,20,20780,买盘
417,14:34:12,10.38,-0.01,18,18684,卖盘
418,14:34:09,10.39,0.01,30,31170,买盘
419,14:34:06,10.38,-0.01,100,104215,卖盘
420,14:34:03,10.39,--,28,29092,买盘
421,14:34:00,10.39,0.01,14,14546,买盘
422,14:33:54,10.38,-0.01,10,10380,卖盘
423,14:33:51,10.39,--,208,216112,买盘
424,14:33:48,10.39,--,9,9351,买盘
425,14:33:45,10.39,--,43,44677,买盘
426,14:33:42,10.39,0.01,10,10390,买盘
427,14:33:36,10.38,--,50,51900,卖盘
428,14:33:27,10.38,--,9,9342,卖盘
429,14:33:21,10.38,--,19,20023,卖盘
430,14:33:18,10.38,--,7,7266,卖盘
431,14:33:12,10.38,--,1,1038,卖盘
432,14:33:09,10.38,--,11,11418,卖盘
433,14:33:06,10.38,--,54,56052,卖盘
434,14:33:03,10.38,--,10,10380,卖盘
435,14:32:57,10.38,-0.01,9,9342,卖盘
436,14:32:51,10.39,--,1525,1584475,买盘
437,14:32:48,10.39,0.01,1,1039,买盘
438,14:32:45,10.38,-0.01,7,7266,卖盘
439,14:32:36,10.39,0.01,107,111173,买盘
440,14:32:33,10.38,--,12,12456,卖盘
441,14:32:30,10.38,-0.01,32,33216,卖盘
442,14:32:27,10.39,0.01,15,15585,买盘
443,14:32:24,10.38,-0.01,53,55159,卖盘
444,14:32:18,10.39,--,55,58038,买盘
445,14:32:15,10.39,--,124,129002,买盘
446,14:32:12,10.39,--,90,93510,买盘
447,14:32:06,10.39,0.01,81,84159,买盘
448,14:32:03,10.38,-0.01,12,12456,卖盘
449,14:32:00,10.39,--,10,10390,买盘
450,14:31:57,10.39,--,78,81042,买盘
451,14:31:54,10.39,--,3,3117,买盘
452,14:31:51,10.39,0.01,4,4156,买盘
453,14:31:48,10.38,-0.01,28,29064,卖盘
454,14:31:45,10.39,--,104,108056,买盘
455,14:31:42,10.39,0.01,1,1039,买盘
456,14:31:36,10.38,--,55,57090,卖盘
457,14:31:30,10.38,--,9,9643,卖盘
458,14:31:27,10.38,--,29,30102,卖盘
459,14:31:21,10.38,--,159,165042,卖盘
460,14:31:15,10.38,-0.01,7,7266,卖盘
461,14:31:12,10.39,--,6,6234,买盘
462,14:31:09,10.39,0.01,37,38443,买盘
463,14:31:06,10.38,--,59,61242,卖盘
464,14:31:00,10.38,-0.01,13,13494,卖盘
465,14:30:57,10.39,0.01,98,101822,买盘
466,14:30:54,10.38,--,107,111066,卖盘
467,14:30:45,10.38,--,4,4152,卖盘
468,14:30:42,10.38,-0.01,28,29064,卖盘
469,14:30:36,10.39,0.01,46,47794,买盘
470,14:30:33,10.38,--,22,22836,卖盘
471,14:30:27,10.38,--,13,13795,卖盘
472,14:30:24,10.38,--,24,24953,买盘
473,14:30:21,10.38,--,10,10380,买盘
474,14:30:18,10.38,--,1,1038,买盘
475,14:30:15,10.38,0.01,12,12456,买盘
476,14:30:12,10.37,-0.01,8,8296,卖盘
477,14:30:09,10.38,-0.01,74,76812,卖盘
478,14:30:06,10.39,0.01,53,55067,买盘
479,14:30:03,10.38,0.01,10,10380,中性盘
480,14:30:00,10.37,-0.01,287,297619,卖盘
481,14:29:54,10.38,--,55,57090,卖盘
482,14:29:48,10.38,--,8,8304,卖盘
483,14:29:45,10.38,-0.01,12,12456,卖盘
484,14:29:42,10.39,0.01,19,19741,买盘
485,14:29:39,10.38,-0.01,10,10380,卖盘
486,14:29:36,10.39,0.01,66,68574,买盘
487,14:29:30,10.38,--,9,9643,卖盘
488,14:29:27,10.38,--,21,21798,卖盘
489,14:29:21,10.38,--,12,12456,买盘
490,14:29:18,10.38,0.01,299,310362,买盘
491,14:29:15,10.37,--,8,8296,卖盘
492,14:29:06,10.37,--,106,109921,卖盘
493,14:29:03,10.37,-0.01,118,122645,卖盘
494,14:29:00,10.38,--,10,10380,买盘
495,14:28:57,10.38,-0.01,150,156457,卖盘
496,14:28:51,10.39,0.01,38,39482,买盘
497,14:28:48,10.38,0.01,137,142486,买盘
498,14:28:45,10.37,--,59,61182,卖盘
499,14:28:36,10.37,--,66,68442,卖盘
500,14:28:33,10.37,--,9,9633,卖盘
501,14:28:27,10.37,--,265,274805,卖盘
502,14:28:24,10.37,--,8,8296,卖盘
503,14:28:21,10.37,-0.01,16,16592,卖盘
504,14:28:18,10.38,-0.01,389,404539,卖盘
505,14:28:15,10.39,0.01,107,111173,买盘
506,14:28:12,10.38,-0.01,9,9342,卖盘
507,14:28:09,10.39,0.01,23,23897,买盘
508,14:28:06,10.38,--,311,322818,卖盘
509,14:28:03,10.38,-0.01,18,18684,卖盘
510,14:28:00,10.39,--,24,24936,买盘
511,14:27:57,10.39,0.01,20,20780,买盘
512,14:27:54,10.38,--,106,110028,卖盘
513,14:27:51,10.38,--,272,282336,卖盘
514,14:27:42,10.38,--,271,281298,卖盘
515,14:27:39,10.38,--,50,51900,卖盘
516,14:27:36,10.38,--,67,69546,卖盘
517,14:27:33,10.38,-0.01,9,9643,卖盘
518,14:27:30,10.39,0.01,262,272218,买盘
519,14:27:24,10.38,-0.01,8,8304,卖盘
520,14:27:15,10.39,0.01,10,10390,买盘
521,14:27:12,10.38,--,374,388212,卖盘
522,14:27:06,10.38,--,48,49824,卖盘
523,14:27:03,10.38,-0.01,7,7266,卖盘
524,14:27:00,10.39,--,63,65457,买盘
525,14:26:57,10.39,--,103,107017,买盘
526,14:26:54,10.39,0.01,1,1039,买盘
527,14:26:51,10.38,-0.01,428,444409,卖盘
528,14:26:45,10.39,--,8,8312,卖盘
529,14:26:42,10.39,--,121,126020,卖盘
530,14:26:36,10.39,--,330,342870,卖盘
531,14:26:33,10.39,-0.01,7,7273,卖盘
532,14:26:21,10.4,--,10,10400,买盘
533,14:26:18,10.4,--,55,57200,买盘
534,14:26:12,10.4,--,331,344240,卖盘
535,14:26:09,10.4,--,1,1040,卖盘
536,14:26:06,10.4,--,55,57200,卖盘
537,14:26:03,10.4,--,10,10400,卖盘
538,14:25:57,10.4,0.01,84,87360,买盘
539,14:25:51,10.39,--,9,9351,卖盘
540,14:25:45,10.39,--,20,20780,卖盘
541,14:25:42,10.39,--,73,75847,卖盘
542,14:25:39,10.39,-0.01,19,20042,卖盘
543,14:25:36,10.4,0.01,64,66560,中性盘
544,14:25:30,10.39,-0.01,113,117407,卖盘
545,14:25:27,10.4,--,48,50325,买盘
546,14:25:24,10.4,0.01,28,29120,买盘
547,14:25:15,10.39,-0.01,9,9351,卖盘
548,14:25:12,10.4,0.01,110,114400,买盘
549,14:25:09,10.39,--,1,1039,卖盘
550,14:25:06,10.39,-0.01,79,82081,卖盘
551,14:25:03,10.4,0.01,2,2080,买盘
552,14:25:00,10.39,--,11,11429,卖盘
553,14:24:54,10.39,--,177,183903,卖盘
554,14:24:51,10.39,--,8,8312,卖盘
555,14:24:48,10.39,--,60,62340,卖盘
556,14:24:45,10.39,--,9,9351,卖盘
557,14:24:39,10.39,-0.01,98,102123,卖盘
558,14:24:36,10.4,0.01,51,53040,买盘
559,14:24:30,10.39,-0.01,10,10390,卖盘
560,14:24:21,10.4,0.01,201,209040,买盘
561,14:24:18,10.39,--,8,8312,卖盘
562,14:24:12,10.39,-0.01,292,303388,卖盘
563,14:24:06,10.4,--,47,48880,买盘
564,14:24:03,10.4,0.01,7,7280,买盘
565,14:24:00,10.39,-0.01,85,88315,卖盘
566,14:23:57,10.4,0.01,40,41600,买盘
567,14:23:54,10.39,--,14,14546,卖盘
568,14:23:48,10.39,--,9,9652,卖盘
569,14:23:42,10.39,--,18,18702,卖盘
570,14:23:39,10.39,--,9,9351,卖盘
571,14:23:36,10.39,-0.01,48,49872,卖盘
572,14:23:30,10.4,--,20,20800,买盘
573,14:23:24,10.4,--,1,1040,买盘
574,14:23:21,10.4,--,8,8320,买盘
575,14:23:18,10.4,--,10,10400,买盘
576,14:23:12,10.4,--,208,216954,卖盘
577,14:23:09,10.4,-0.01,81,84240,卖盘
578,14:23:06,10.41,--,47,48927,买盘
579,14:23:03,10.41,0.01,1,1041,买盘
580,14:23:00,10.4,--,24,24960,卖盘
581,14:22:54,10.4,--,38,39925,买盘
582,14:22:51,10.4,--,4,4160,买盘
583,14:22:48,10.4,0.01,32,33581,买盘
584,14:22:45,10.39,-0.01,74,76886,卖盘
585,14:22:42,10.4,--,75,78634,卖盘
586,14:22:39,10.4,-0.02,14,14560,卖盘
587,14:22:36,10.42,0.02,195,203190,买盘
588,14:22:30,10.4,-0.01,3019,3139760,卖盘
589,14:22:27,10.41,0.01,2,2082,买盘
590,14:22:21,10.4,-0.01,24,24960,卖盘
591,14:22:15,10.41,0.01,2,2082,买盘
592,14:22:12,10.4,-0.01,193,200720,卖盘
593,14:22:06,10.41,--,62,64542,买盘
594,14:21:54,10.41,0.01,11,11451,买盘
595,14:21:51,10.4,--,143,148720,卖盘
596,14:21:45,10.4,--,1,1040,卖盘
597,14:21:42,10.4,--,274,285365,买盘
598,14:21:36,10.4,--,17,17680,买盘
599,14:21:33,10.4,0.01,29,30160,买盘
600,14:21:27,10.39,--,5,5195,卖盘
601,14:21:21,10.39,-0.01,40,41560,卖盘
602,14:21:15,10.4,--,20,20800,买盘
603,14:21:12,10.4,--,24,24960,买盘
604,14:21:09,10.4,--,250,260000,买盘
605,14:21:03,10.4,--,117,121680,买盘
606,14:21:00,10.4,--,9,9360,买盘
607,14:20:42,10.4,--,154,160357,卖盘
608,14:20:39,10.4,-0.01,97,100880,卖盘
609,14:20:36,10.41,--,376,391416,买盘
610,14:20:33,10.41,0.01,49,51009,买盘
611,14:20:24,10.4,--,120,124800,卖盘
612,14:20:21,10.4,--,22,23857,卖盘
613,14:20:18,10.4,--,190,197600,卖盘
614,14:20:15,10.4,--,7,7280,卖盘
615,14:20:09,10.4,-0.01,13,13520,卖盘
616,14:20:06,10.41,--,61,63501,买盘
617,14:20:03,10.41,--,89,92649,买盘
618,14:20:00,10.41,0.01,2,2082,买盘
619,14:19:57,10.4,--,18,18720,卖盘
620,14:19:54,10.4,--,44,45760,卖盘
621,14:19:51,10.4,--,209,217661,卖盘
622,14:19:48,10.4,--,13,13520,卖盘
623,14:19:45,10.4,--,20,20800,卖盘
624,14:19:36,10.4,-0.01,70,72800,卖盘
625,14:19:33,10.41,0.01,114,118674,买盘
626,14:19:30,10.4,-0.01,50,52000,卖盘
627,14:19:27,10.41,0.01,100,104100,买盘
628,14:19:24,10.4,-0.01,23,23920,卖盘
629,14:19:21,10.41,--,1,1041,买盘
630,14:19:18,10.41,--,63,65583,买盘
631,14:19:15,10.41,0.01,10,10410,买盘
632,14:19:12,10.4,-0.01,1,1040,卖盘
633,14:19:09,10.41,0.01,40,41640,买盘
634,14:19:06,10.4,-0.01,46,47840,卖盘
635,14:19:03,10.41,0.01,134,139494,买盘
636,14:19:00,10.4,--,25,26000,卖盘
637,14:18:57,10.4,--,9,9661,卖盘
638,14:18:54,10.4,--,20,20800,卖盘
639,14:18:48,10.4,-0.01,15,15600,卖盘
640,14:18:39,10.41,--,1,1041,买盘
641,14:18:36,10.41,--,373,388293,买盘
642,14:18:30,10.41,0.01,74,77034,买盘
643,14:18:27,10.4,-0.01,74,76960,卖盘
644,14:18:24,10.41,--,2,2082,买盘
645,14:18:21,10.41,0.01,8,8328,买盘
646,14:18:18,10.4,-0.01,15,15600,卖盘
647,14:18:15,10.41,--,1,1041,买盘
648,14:18:12,10.41,0.01,14,14574,买盘
649,14:18:09,10.4,-0.01,13,13520,卖盘
650,14:18:06,10.41,--,12,12492,买盘
651,14:18:03,10.41,0.01,117,121797,买盘
652,14:18:00,10.4,-0.01,21,21840,卖盘
653,14:17:57,10.41,0.01,23,23943,买盘
654,14:17:48,10.4,-0.01,9,9661,卖盘
655,14:17:45,10.41,0.01,5,5205,买盘
656,14:17:36,10.4,-0.01,26,27040,卖盘
657,14:17:33,10.41,0.02,66,68706,买盘
658,14:17:30,10.39,-0.01,39,40521,卖盘
659,14:17:27,10.4,-0.01,4,4160,中性盘
660,14:17:24,10.41,--,361,375801,买盘
661,14:17:21,10.41,--,2,2082,买盘
662,14:17:18,10.41,--,103,107223,买盘
663,14:17:15,10.41,--,7,7287,买盘
664,14:17:12,10.41,--,15,15615,买盘
665,14:17:09,10.41,0.01,4,4164,买盘
666,14:17:06,10.4,-0.01,7,7280,卖盘
667,14:17:03,10.41,--,61,63501,买盘
668,14:17:00,10.41,--,88,91909,买盘
669,14:16:57,10.41,--,16,16656,买盘
670,14:16:54,10.41,--,29,30189,买盘
671,14:16:51,10.41,--,21,21861,买盘
672,14:16:48,10.41,--,9,9369,买盘
673,14:16:45,10.41,--,30,31230,买盘
674,14:16:42,10.41,0.01,31,32271,买盘
675,14:16:39,10.4,--,50,52000,卖盘
676,14:16:36,10.4,--,15,15600,卖盘
677,14:16:33,10.4,--,133,138320,卖盘
678,14:16:30,10.4,-0.01,70,72924,卖盘
679,14:16:27,10.41,0.01,28,29148,买盘
680,14:16:24,10.4,-0.01,3,4128,卖盘
681,14:16:21,10.41,0.01,8,8328,买盘
682,14:16:12,10.4,--,11,11440,卖盘
683,14:16:09,10.4,--,65,67600,卖盘
684,14:16:06,10.4,--,137,142750,买盘
685,14:16:03,10.4,--,187,194781,买盘
686,14:16:00,10.4,--,30,31200,买盘
687,14:15:57,10.4,0.01,110,114400,买盘
688,14:15:54,10.39,-0.01,27,28053,卖盘
689,14:15:51,10.4,0.01,5,5200,买盘
690,14:15:48,10.39,-0.01,22,22858,卖盘
691,14:15:45,10.4,0.01,20,20800,买盘
692,14:15:42,10.39,-0.01,1,1039,卖盘
693,14:15:39,10.4,0.01,6,6240,买盘
694,14:15:36,10.39,--,47,48926,买盘
695,14:15:33,10.39,--,33,34287,买盘
696,14:15:30,10.39,--,73,75847,买盘
697,14:15:27,10.39,--,60,62340,买盘
698,14:15:24,10.39,-0.01,100,104637,卖盘
699,14:15:18,10.4,--,45,46800,买盘
700,14:15:15,10.4,0.01,220,228800,买盘
701,14:15:12,10.39,--,40,41560,卖盘
702,14:15:06,10.39,-0.01,36,37404,卖盘
703,14:15:03,10.4,--,144,150061,买盘
704,14:15:00,10.4,0.01,19,19760,买盘
705,14:14:57,10.39,--,22,22858,卖盘
706,14:14:54,10.39,-0.01,1,1039,卖盘
707,14:14:51,10.4,0.01,75,78000,买盘
708,14:14:42,10.39,--,3,3117,卖盘
709,14:14:39,10.39,-0.01,215,223385,中性盘
710,14:14:36,10.4,0.01,1165,1211600,买盘
711,14:14:33,10.39,--,100,103900,买盘
712,14:14:30,10.39,--,565,587035,买盘
713,14:14:24,10.39,0.01,15,15585,买盘
714,14:14:18,10.38,--,1,1038,卖盘
715,14:14:15,10.38,--,15,15570,卖盘
716,14:14:06,10.38,-0.01,2,2076,卖盘
717,14:14:03,10.39,--,56,58485,买盘
718,14:13:54,10.39,--,1,1039,买盘
719,14:13:51,10.39,--,3,3117,买盘
720,14:13:45,10.39,--,19,19741,买盘
721,14:13:42,10.39,0.01,20,20780,买盘
722,14:13:36,10.38,-0.01,84,87192,卖盘
723,14:13:33,10.39,0.01,154,160006,买盘
724,14:13:27,10.38,-0.01,10,10380,卖盘
725,14:13:24,10.39,0.01,6,6234,买盘
726,14:13:21,10.38,-0.01,29,30102,卖盘
727,14:13:18,10.39,--,423,439497,买盘
728,14:13:15,10.39,0.01,13,13507,买盘
729,14:13:12,10.38,-0.01,11,11833,卖盘
730,14:13:06,10.39,--,48,49872,买盘
731,14:13:03,10.39,0.01,160,166240,买盘
732,14:12:57,10.38,-0.01,29,30403,卖盘
733,14:12:54,10.39,--,11,11429,买盘
734,14:12:51,10.39,0.01,70,72730,买盘
735,14:12:45,10.38,--,40,41520,卖盘
736,14:12:42,10.38,--,9,9342,卖盘
737,14:12:39,10.38,--,15,15570,买盘
738,14:12:36,10.38,--,10,10380,卖盘
739,14:12:33,10.38,--,57,59166,买盘
740,14:12:21,10.38,--,7,7266,卖盘
741,14:12:18,10.38,-0.01,25,25950,中性盘
742,14:12:09,10.39,0.02,24,24936,买盘
743,14:12:06,10.37,-0.01,109,113032,卖盘
744,14:12:03,10.38,-0.01,337,350532,卖盘
745,14:12:00,10.39,--,11,11740,买盘
746,14:11:57,10.39,0.01,83,86237,买盘
747,14:11:54,10.38,0.01,9,9342,买盘
748,14:11:45,10.37,--,1,1037,卖盘
749,14:11:42,10.37,--,14,14517,卖盘
750,14:11:36,10.37,-0.01,97,101097,卖盘
751,14:11:33,10.38,0.01,948,984553,买盘
752,14:11:21,10.37,-0.01,7,7258,买盘
753,14:11:18,10.38,0.02,6,6228,买盘
754,14:11:12,10.36,-0.01,9,9624,卖盘
755,14:11:03,10.37,-0.01,165,171105,中性盘
756,14:10:57,10.38,0.02,357,370566,买盘
757,14:10:54,10.36,-0.01,12,12432,卖盘
758,14:10:51,10.37,--,8,8296,卖盘
759,14:10:48,10.37,--,379,393022,买盘
760,14:10:45,10.37,0.01,8,8296,买盘
761,14:10:39,10.36,-0.01,216,223776,卖盘
762,14:10:33,10.37,--,87,90219,买盘
763,14:10:27,10.37,--,1,1037,买盘
764,14:10:21,10.37,--,10,10370,买盘
765,14:10:18,10.37,0.01,60,62219,买盘
766,14:10:12,10.36,-0.01,9,9624,卖盘
767,14:10:09,10.37,--,20,20740,买盘
768,14:10:03,10.37,0.01,142,147254,买盘
769,14:09:57,10.36,--,28,29008,卖盘
770,14:09:54,10.36,--,10,10360,卖盘
771,14:09:51,10.36,-0.01,5,5180,卖盘
772,14:09:45,10.37,--,20,20740,买盘
773,14:09:42,10.37,0.01,9,9333,买盘
774,14:09:39,10.36,-0.01,15,15540,卖盘
775,14:09:33,10.37,--,112,116143,买盘
776,14:09:27,10.37,0.01,8,8296,买盘
777,14:09:24,10.36,--,502,520072,卖盘
778,14:09:15,10.36,--,21,21756,卖盘
779,14:09:12,10.36,-0.01,18,18648,卖盘
780,14:09:09,10.37,0.01,25,25924,买盘
781,14:09:06,10.36,-0.01,100,103600,卖盘
782,14:09:03,10.37,0.01,82,85334,买盘
783,14:09:00,10.36,-0.01,6,6216,卖盘
784,14:08:57,10.37,--,30,31109,买盘
785,14:08:54,10.37,0.01,30,31109,买盘
786,14:08:51,10.36,-0.01,40,41440,卖盘
787,14:08:48,10.37,0.02,48,49775,买盘
788,14:08:45,10.35,--,10,10350,卖盘
789,14:08:42,10.35,-0.02,21,21735,卖盘
790,14:08:39,10.37,0.02,27,27998,买盘
791,14:08:36,10.35,-0.01,50,51750,卖盘
792,14:08:33,10.36,--,57,59052,买盘
793,14:08:30,10.36,--,6,6216,买盘
794,14:08:27,10.36,--,3,3108,买盘
795,14:08:24,10.36,-0.01,24,24864,中性盘
796,14:08:18,10.37,0.02,20,20740,买盘
797,14:08:15,10.35,-0.03,5003,5178105,卖盘
798,14:08:09,10.38,0.01,40,41520,买盘
799,14:08:06,10.37,-0.01,37,38669,卖盘
800,14:08:03,10.38,--,98,101724,买盘
801,14:08:00,10.38,--,200,207600,买盘
802,14:07:57,10.38,0.01,11,11418,买盘
803,14:07:51,10.37,-0.01,355,368135,卖盘
804,14:07:48,10.38,--,9,9342,买盘
805,14:07:45,10.38,0.01,5,5190,买盘
806,14:07:39,10.37,-0.01,550,570350,卖盘
807,14:07:36,10.38,--,9,9342,买盘
808,14:07:33,10.38,--,276,286488,买盘
809,14:07:30,10.38,0.01,49,50862,买盘
810,14:07:24,10.37,--,55,57034,卖盘
811,14:07:18,10.37,--,103,106810,卖盘
812,14:07:12,10.37,--,9,9633,卖盘
813,14:07:09,10.37,-0.01,20,20740,卖盘
814,14:07:03,10.38,0.01,145,150510,买盘
815,14:07:00,10.37,-0.01,118,122365,卖盘
816,14:06:57,10.38,0.01,184,190992,买盘
817,14:06:51,10.37,--,355,368135,买盘
818,14:06:48,10.37,--,20,20740,买盘
819,14:06:45,10.37,--,29,30072,买盘
820,14:06:42,10.37,0.01,19,19703,买盘
821,14:06:39,10.36,-0.01,81,84361,卖盘
822,14:06:33,10.37,0.01,147,152439,买盘
823,14:06:30,10.36,-0.01,206,213416,卖盘
824,14:06:27,10.37,--,11,11407,买盘
825,14:06:24,10.37,--,100,103699,买盘
826,14:06:21,10.37,0.01,4,4148,买盘
827,14:06:18,10.36,--,212,220564,卖盘
828,14:06:15,10.36,-0.01,14,14804,卖盘
829,14:06:12,10.37,0.01,10,10370,买盘
830,14:06:06,10.36,-0.01,68,70448,卖盘
831,14:06:03,10.37,0.01,47,48738,买盘
832,14:06:00,10.36,-0.01,12,12432,卖盘
833,14:05:57,10.37,0.01,25,25924,买盘
834,14:05:54,10.36,-0.01,50,51800,卖盘
835,14:05:51,10.37,--,7,7258,买盘
836,14:05:48,10.37,--,10,10370,买盘
837,14:05:45,10.37,0.01,10,10370,买盘
838,14:05:42,10.36,--,204,211344,卖盘
839,14:05:36,10.36,-0.01,24,24864,卖盘
840,14:05:33,10.37,--,261,270657,买盘
841,14:05:27,10.37,--,41,42517,买盘
842,14:05:24,10.37,0.01,10,10370,买盘
843,14:05:21,10.36,-0.01,49,50764,卖盘
844,14:05:18,10.37,--,28,29336,买盘
845,14:05:12,10.37,0.01,9,9333,买盘
846,14:05:09,10.36,--,54,55944,卖盘
847,14:05:06,10.36,-0.01,220,227920,卖盘
848,14:05:03,10.37,0.01,56,58071,买盘
849,14:05:00,10.36,--,10,10360,卖盘
850,14:04:54,10.36,-0.01,5,5180,卖盘
851,14:04:51,10.37,0.01,348,360876,买盘
852,14:04:45,10.36,--,133,137788,卖盘
853,14:04:42,10.36,-0.01,139,144004,卖盘
854,14:04:39,10.37,--,8,8296,买盘
855,14:04:36,10.37,--,82,85034,卖盘
856,14:04:33,10.37,--,24,24887,买盘
857,14:04:30,10.37,0.01,10,10370,中性盘
858,14:04:24,10.36,-0.01,44,45584,卖盘
859,14:04:21,10.37,0.01,6,6221,中性盘
860,14:04:18,10.36,--,88,91168,卖盘
861,14:04:12,10.36,-0.01,226,234436,卖盘
862,14:04:06,10.37,--,44,45628,卖盘
863,14:04:03,10.37,--,60,62219,买盘
864,14:03:57,10.37,0.01,23,23851,买盘
865,14:03:54,10.36,-0.01,219,226884,卖盘
866,14:03:51,10.37,--,27,27998,买盘
867,14:03:42,10.37,--,349,361913,买盘
868,14:03:39,10.37,0.01,1000,1036999,买盘
869,14:03:36,10.36,-0.01,5,5180,卖盘
870,14:03:33,10.37,0.01,195,202214,买盘
871,14:03:30,10.36,--,23,23828,卖盘
872,14:03:27,10.36,-0.01,44,45584,卖盘
873,14:03:24,10.37,--,58,60145,买盘
874,14:03:21,10.37,0.01,2,2074,买盘
875,14:03:15,10.36,-0.01,209,216824,卖盘
876,14:03:12,10.37,0.01,40,41480,买盘
877,14:03:09,10.36,-0.01,55,56980,卖盘
878,14:03:06,10.37,--,23,23851,买盘
879,14:03:03,10.37,--,134,138958,买盘
880,14:02:57,10.37,--,2,2074,买盘
881,14:02:51,10.37,-0.01,403,417910,卖盘
882,14:02:48,10.38,0.01,25,25950,买盘
883,14:02:45,10.37,-0.01,86,89182,卖盘
884,14:02:42,10.38,0.02,81,84078,买盘
885,14:02:36,10.36,-0.02,75,77700,卖盘
886,14:02:33,10.38,--,115,119370,买盘
887,14:02:27,10.38,0.02,335,347730,买盘
888,14:02:21,10.36,--,71,73556,卖盘
889,14:02:18,10.36,-0.01,9,9624,卖盘
890,14:02:15,10.37,--,20,20740,买盘
891,14:02:12,10.37,0.01,10,10370,买盘
892,14:02:09,10.36,--,6,6216,卖盘
893,14:02:06,10.36,-0.01,57,59052,卖盘
894,14:02:03,10.37,--,183,189771,买盘
895,14:02:00,10.37,--,511,529907,卖盘
896,14:01:48,10.37,--,599,621163,买盘
897,14:01:45,10.37,--,30,31109,买盘
898,14:01:42,10.37,--,363,377053,卖盘
899,14:01:39,10.37,--,156,161772,卖盘
900,14:01:36,10.37,-0.01,27,27998,卖盘
901,14:01:33,10.38,0.01,510,529380,买盘
902,14:01:30,10.37,-0.01,4,4148,卖盘
903,14:01:27,10.38,--,13,13494,买盘
904,14:01:24,10.38,0.01,2,2076,买盘
905,14:01:21,10.37,-0.01,59,61483,卖盘
906,14:01:15,10.38,--,1,1038,买盘
907,14:01:12,10.38,--,10,10380,买盘
908,14:01:09,10.38,--,380,394678,卖盘
909,14:01:06,10.38,-0.01,377,391326,卖盘
910,14:01:03,10.39,0.01,131,136109,买盘
911,14:00:51,10.38,--,9,9342,卖盘
912,14:00:48,10.38,--,83,86154,卖盘
913,14:00:45,10.38,--,30,31140,卖盘
914,14:00:42,10.38,--,100,103800,卖盘
915,14:00:33,10.38,-0.01,58,60204,卖盘
916,14:00:30,10.39,--,9,9351,买盘
917,14:00:27,10.39,0.01,219,228341,买盘
918,14:00:18,10.38,--,41,43097,卖盘
919,14:00:06,10.38,-0.01,40,41520,卖盘
920,14:00:03,10.39,0.01,163,169357,买盘
921,14:00:00,10.38,-0.01,574,595812,卖盘
922,13:59:57,10.39,0.01,33,34287,买盘
923,13:59:54,10.38,--,13,13494,卖盘
924,13:59:48,10.38,-0.01,21,21798,卖盘
925,13:59:45,10.39,--,125,129875,买盘
926,13:59:33,10.39,0.01,103,107017,买盘
927,13:59:15,10.38,-0.01,50,51900,卖盘
928,13:59:12,10.39,--,6,6234,买盘
929,13:59:03,10.39,0.01,114,118446,买盘
930,13:58:54,10.38,-0.01,96,99648,卖盘
931,13:58:45,10.39,--,17,17974,卖盘
932,13:58:42,10.39,--,1,1766,卖盘
933,13:58:36,10.39,--,30,31170,卖盘
934,13:58:33,10.39,--,7,7273,买盘
935,13:58:30,10.39,--,122,126758,买盘
936,13:58:21,10.39,-0.01,11,11429,中性盘
937,13:58:18,10.4,0.02,165,171600,买盘
938,13:58:12,10.38,--,2,2076,卖盘
939,13:58:09,10.38,-0.01,20,20760,卖盘
940,13:58:06,10.39,--,100,103900,卖盘
941,13:58:03,10.39,-0.01,57,59223,卖盘
942,13:57:57,10.4,0.01,28,29120,买盘
943,13:57:51,10.39,--,6,6234,卖盘
944,13:57:45,10.39,--,2,2078,卖盘
945,13:57:39,10.39,--,2,2555,卖盘
946,13:57:33,10.39,0.01,76,78964,买盘
947,13:57:30,10.38,-0.01,50,51900,卖盘
948,13:57:27,10.39,0.01,27,28053,买盘
949,13:57:21,10.38,--,112,116256,卖盘
950,13:57:18,10.38,-0.01,4,4152,卖盘
951,13:57:15,10.39,0.01,6,6234,买盘
952,13:57:12,10.38,-0.01,71,73698,卖盘
953,13:57:03,10.39,0.01,114,118446,买盘
954,13:56:54,10.38,--,28,29064,卖盘
955,13:56:51,10.38,--,218,226284,卖盘
956,13:56:48,10.38,-0.01,17,17646,卖盘
957,13:56:45,10.39,--,48,49872,买盘
958,13:56:42,10.39,--,25,25975,买盘
959,13:56:33,10.39,--,151,156889,买盘
960,13:56:30,10.39,0.01,11,11429,买盘
961,13:56:27,10.38,--,23,24860,卖盘
962,13:56:15,10.38,--,155,160890,卖盘
963,13:56:06,10.38,-0.01,1,1038,卖盘
964,13:56:03,10.39,--,131,136109,买盘
965,13:55:57,10.39,0.01,57,59223,买盘
966,13:55:51,10.38,--,6,6228,卖盘
967,13:55:39,10.38,--,58,60204,卖盘
968,13:55:36,10.38,--,5,5190,卖盘
969,13:55:33,10.38,--,93,96534,卖盘
970,13:55:27,10.38,--,71,73698,卖盘
971,13:55:21,10.38,-0.01,11,11418,卖盘
972,13:55:18,10.39,--,5,5195,买盘
973,13:55:06,10.39,0.01,2,2078,买盘
974,13:55:03,10.38,-0.01,179,185802,卖盘
975,13:54:57,10.39,0.01,41,42599,买盘
976,13:54:54,10.38,--,1,1038,卖盘
977,13:54:51,10.38,--,326,338388,卖盘
978,13:54:48,10.38,-0.01,11,11418,卖盘
979,13:54:45,10.39,0.01,1,1039,买盘
980,13:54:42,10.38,-0.01,19,19722,卖盘
981,13:54:39,10.39,--,43,44677,卖盘
982,13:54:33,10.39,--,763,792757,买盘
983,13:54:30,10.39,--,3,3117,买盘
984,13:54:27,10.39,--,153,158967,买盘
985,13:54:21,10.39,0.01,4,4156,买盘
986,13:54:15,10.38,-0.01,42,43596,卖盘
987,13:54:12,10.39,--,5,5195,买盘
988,13:54:06,10.39,-0.02,30,31170,买盘
989,13:54:03,10.41,0.02,327,340407,买盘
990,13:53:54,10.39,-0.01,5,5195,中性盘
991,13:53:45,10.4,--,239,248560,卖盘
992,13:53:42,10.4,0.01,261,271440,买盘
993,13:53:39,10.39,0.01,197,204683,中性盘
994,13:53:36,10.38,-0.02,142,147396,卖盘
995,13:53:33,10.4,0.01,100,104000,买盘
996,13:53:24,10.39,--,1,1039,卖盘
997,13:53:21,10.39,-0.01,150,155850,卖盘
998,13:53:12,10.4,0.01,49,50960,买盘
999,13:53:09,10.39,--,33,34287,买盘
1000,13:53:06,10.39,--,58,60262,买盘
1001,13:53:03,10.39,-0.01,97,100783,卖盘
1002,13:52:51,10.4,--,10,10400,买盘
1003,13:52:48,10.4,--,52,54080,买盘
1004,13:52:45,10.4,0.01,5,5200,买盘
1005,13:52:42,10.39,-0.01,73,75847,卖盘
1006,13:52:39,10.4,--,164,170560,买盘
1007,13:52:36,10.4,0.01,51,53040,买盘
1008,13:52:33,10.39,-0.01,227,235853,卖盘
1009,13:52:30,10.4,0.01,6,6240,买盘
1010,13:52:27,10.39,-0.02,166,172474,卖盘
1011,13:52:21,10.41,--,3,3123,买盘
1012,13:52:18,10.41,0.01,59,61419,买盘
1013,13:52:09,10.4,-0.01,50,52000,卖盘
1014,13:52:03,10.41,--,188,195708,买盘
1015,13:51:51,10.41,0.02,8,8328,买盘
1016,13:51:45,10.39,-0.01,209,217151,卖盘
1017,13:51:39,10.4,-0.01,72,74880,卖盘
1018,13:51:33,10.41,0.01,47,48927,买盘
1019,13:51:30,10.4,0.01,57,59914,买盘
1020,13:51:12,10.39,-0.01,22,22858,卖盘
1021,13:51:09,10.4,--,300,312000,买盘
1022,13:51:03,10.4,0.01,66,68640,买盘
1023,13:50:57,10.39,--,142,147538,卖盘
1024,13:50:54,10.39,--,2,2078,卖盘
1025,13:50:48,10.39,--,1,1039,卖盘
1026,13:50:45,10.39,-0.01,14,14546,卖盘
1027,13:50:36,10.4,--,5,5200,买盘
1028,13:50:33,10.4,0.01,52,54080,买盘
1029,13:50:30,10.39,-0.01,50,51950,卖盘
1030,13:50:27,10.4,0.01,1,1040,买盘
1031,13:50:12,10.39,--,142,147538,卖盘
1032,13:50:09,10.39,--,129,134031,卖盘
1033,13:50:03,10.39,--,126,130914,卖盘
1034,13:50:00,10.39,--,44,45716,卖盘
1035,13:49:57,10.39,--,140,146457,买盘
1036,13:49:48,10.39,--,26,27014,买盘
1037,13:49:45,10.39,--,5,5195,买盘
1038,13:49:42,10.39,--,31,32250,卖盘
1039,13:49:39,10.39,-0.01,6,6234,卖盘
1040,13:49:36,10.4,0.01,57,59342,买盘
1041,13:49:24,10.39,-0.01,65,67535,卖盘
1042,13:49:18,10.4,0.01,10,10400,买盘
1043,13:49:15,10.39,-0.01,87,90393,卖盘
1044,13:49:09,10.4,0.01,69,71760,买盘
1045,13:49:06,10.39,--,100,103900,卖盘
1046,13:48:57,10.39,--,108,112212,卖盘
1047,13:48:51,10.39,-0.01,1,1039,卖盘
1048,13:48:42,10.4,--,5,5200,买盘
1049,13:48:36,10.4,0.01,4,4160,买盘
1050,13:48:30,10.39,-0.01,44,45716,卖盘
1051,13:48:24,10.4,0.01,50,52000,买盘
1052,13:48:15,10.39,--,10,10390,卖盘
1053,13:48:12,10.39,--,1,1039,卖盘
1054,13:48:09,10.39,-0.01,44,45716,卖盘
1055,13:48:03,10.4,0.01,2,2080,买盘
1056,13:48:00,10.39,--,12,12468,卖盘
1057,13:47:57,10.39,--,10,10390,卖盘
1058,13:47:54,10.39,--,17,18598,买盘
1059,13:47:51,10.39,-0.01,187,194396,卖盘
1060,13:47:48,10.4,--,200,208000,买盘
1061,13:47:45,10.4,--,4,4160,买盘
1062,13:47:39,10.4,0.01,10,10400,买盘
1063,13:47:36,10.39,-0.01,10,10390,卖盘
1064,13:47:30,10.4,--,1,1040,买盘
1065,13:47:27,10.4,--,50,52000,买盘
1066,13:47:21,10.4,0.01,5,5200,买盘
1067,13:47:12,10.39,--,22,22858,卖盘
1068,13:47:06,10.39,--,1,1039,卖盘
1069,13:46:48,10.39,--,25,26910,买盘
1070,13:46:45,10.39,0.01,10,10390,买盘
1071,13:46:42,10.38,-0.01,10,10380,卖盘
1072,13:46:39,10.39,--,173,179747,买盘
1073,13:46:36,10.39,--,6,6234,买盘
1074,13:46:33,10.39,--,12,12468,买盘
1075,13:46:30,10.39,0.01,386,401054,买盘
1076,13:46:21,10.38,-0.01,1,1110,卖盘
1077,13:46:12,10.39,--,49,50911,买盘
1078,13:46:09,10.39,--,31,32209,买盘
1079,13:46:06,10.39,--,20,20780,买盘
1080,13:46:03,10.39,--,269,279594,卖盘
1081,13:45:54,10.39,-0.01,142,147538,卖盘
1082,13:45:51,10.4,0.01,10,10400,买盘
1083,13:45:48,10.39,--,300,311700,卖盘
1084,13:45:33,10.39,--,11,12364,买盘
1085,13:45:30,10.39,0.01,10,10390,买盘
1086,13:45:27,10.38,-0.01,1,1038,卖盘
1087,13:45:18,10.39,--,104,108056,买盘
1088,13:45:12,10.39,--,20,20780,买盘
1089,13:45:09,10.39,--,7,7273,买盘
1090,13:45:06,10.39,--,10,10390,买盘
1091,13:45:03,10.39,--,20,20780,买盘
1092,13:45:00,10.39,0.01,49,50911,买盘
1093,13:44:54,10.38,-0.01,73,75774,卖盘
1094,13:44:51,10.39,--,552,573631,卖盘
1095,13:44:39,10.39,-0.01,2,2078,卖盘
1096,13:44:33,10.4,0.01,105,109200,买盘
1097,13:44:30,10.39,--,1,1039,卖盘
1098,13:44:18,10.39,--,205,213233,卖盘
1099,13:43:57,10.39,0.01,307,319669,买盘
1100,13:43:54,10.38,--,87,90306,卖盘
1101,13:43:51,10.38,--,11,11418,卖盘
1102,13:43:48,10.38,--,5,5190,卖盘
1103,13:43:42,10.38,-0.01,355,368490,卖盘
1104,13:43:39,10.39,0.01,1,1039,买盘
1105,13:43:36,10.38,-0.01,30,31140,卖盘
1106,13:43:33,10.39,0.01,15,15585,买盘
1107,13:43:30,10.38,-0.01,22,22836,卖盘
1108,13:43:27,10.39,--,40,41560,买盘
1109,13:43:24,10.39,--,4,4156,买盘
1110,13:43:21,10.39,0.01,13,13507,买盘
1111,13:43:15,10.38,-0.01,355,368490,卖盘
1112,13:43:09,10.39,--,10,10390,买盘
1113,13:42:57,10.39,0.01,296,307544,买盘
1114,13:42:51,10.38,--,356,369528,卖盘
1115,13:42:39,10.38,--,10,10380,卖盘
1116,13:42:36,10.38,--,47,48786,卖盘
1117,13:42:30,10.38,--,8,8304,卖盘
1118,13:42:27,10.38,--,110,114180,卖盘
1119,13:42:24,10.38,--,22,22836,卖盘
1120,13:42:18,10.38,--,4,4152,卖盘
1121,13:42:15,10.38,--,10,10380,卖盘
1122,13:42:06,10.38,--,108,112104,卖盘
1123,13:42:00,10.38,--,10,10380,卖盘
1124,13:41:57,10.38,-0.01,210,217980,卖盘
1125,13:41:54,10.39,0.01,2,2078,买盘
1126,13:41:48,10.38,--,26,26988,卖盘
1127,13:41:45,10.38,--,472,489936,买盘
1128,13:41:42,10.38,--,10,10380,买盘
1129,13:41:36,10.38,--,360,373680,卖盘
1130,13:41:27,10.38,--,142,147396,卖盘
1131,13:41:21,10.38,--,5,5190,卖盘
1132,13:41:18,10.38,-0.01,100,103800,卖盘
1133,13:41:15,10.39,0.01,82,85198,买盘
1134,13:41:03,10.38,--,142,147396,卖盘
1135,13:41:00,10.38,--,50,51900,卖盘
1136,13:40:54,10.38,--,10,10380,卖盘
1137,13:40:48,10.38,--,425,441689,买盘
1138,13:40:39,10.38,--,475,493050,买盘
1139,13:40:36,10.38,0.01,3,3114,买盘
1140,13:40:27,10.37,--,252,261323,卖盘
1141,13:40:15,10.37,--,10,10370,卖盘
1142,13:40:12,10.37,-0.01,3,3110,卖盘
1143,13:40:06,10.38,--,1,1038,买盘
1144,13:40:03,10.38,--,10,10380,买盘
1145,13:39:57,10.38,--,50,51900,买盘
1146,13:39:54,10.38,--,76,78888,买盘
1147,13:39:51,10.38,--,207,214866,买盘
1148,13:39:48,10.38,0.01,25,25950,买盘
1149,13:39:45,10.37,-0.01,10,10370,卖盘
1150,13:39:42,10.38,0.01,15,15570,买盘
1151,13:39:39,10.37,-0.01,355,368135,卖盘
1152,13:39:36,10.38,--,4,4152,买盘
1153,13:39:33,10.38,--,247,256386,买盘
1154,13:39:30,10.38,--,35,36330,买盘
1155,13:39:27,10.38,--,9,9342,买盘
1156,13:39:15,10.38,--,2,2076,买盘
1157,13:39:09,10.38,--,11,11418,买盘
1158,13:38:57,10.38,0.01,1,1038,买盘
1159,13:38:54,10.37,--,11,11407,卖盘
1160,13:38:42,10.37,-0.01,60,62219,卖盘
1161,13:38:36,10.38,0.01,2,2076,买盘
1162,13:38:30,10.37,--,51,52886,卖盘
1163,13:38:18,10.37,--,107,110958,卖盘
1164,13:38:12,10.37,--,14,14517,卖盘
1165,13:38:09,10.37,-0.01,327,339596,卖盘
1166,13:37:57,10.38,0.01,6,6767,中性盘
1167,13:37:54,10.37,-0.01,363,376431,卖盘
1168,13:37:51,10.38,--,3,3114,卖盘
1169,13:37:48,10.38,--,20,20760,卖盘
1170,13:37:45,10.38,--,30,31140,卖盘
1171,13:37:42,10.38,--,5,5190,卖盘
1172,13:37:39,10.38,--,41,42558,卖盘
1173,13:37:33,10.38,--,103,107287,买盘
1174,13:37:24,10.38,--,20,20760,买盘
1175,13:37:21,10.38,0.01,2,2076,买盘
1176,13:37:06,10.37,--,56,58071,卖盘
1177,13:37:03,10.37,-0.01,3,3110,卖盘
1178,13:36:57,10.38,--,5,5190,买盘
1179,13:36:51,10.38,0.01,18,18684,买盘
1180,13:36:48,10.37,--,1600,1659199,卖盘
1181,13:36:45,10.37,--,30,31109,卖盘
1182,13:36:42,10.37,-0.01,22,22814,卖盘
1183,13:36:39,10.38,--,9,9342,买盘
1184,13:36:33,10.38,--,2,2076,买盘
1185,13:36:30,10.38,0.01,359,372642,买盘
1186,13:36:27,10.37,--,213,220880,卖盘
1187,13:36:24,10.37,--,1,1037,卖盘
1188,13:36:21,10.37,-0.01,59,61182,卖盘
1189,13:36:18,10.38,--,28,29064,买盘
1190,13:36:12,10.38,0.01,20,20760,买盘
1191,13:36:09,10.37,-0.01,213,220880,卖盘
1192,13:36:06,10.38,--,5,5190,买盘
1193,13:36:03,10.38,--,4,4152,买盘
1194,13:35:57,10.38,--,10,10380,买盘
1195,13:35:54,10.38,--,2,2076,买盘
1196,13:35:48,10.38,0.01,13,13494,买盘
1197,13:35:45,10.37,-0.01,11,11407,卖盘
1198,13:35:42,10.38,--,1,1702,卖盘
1199,13:35:36,10.38,0.01,8,8677,中性盘
1200,13:35:30,10.37,-0.01,355,368135,卖盘
1201,13:35:27,10.38,0.01,2,2076,中性盘
1202,13:35:24,10.37,-0.01,142,147254,卖盘
1203,13:35:18,10.38,--,98,101724,买盘
1204,13:35:15,10.38,-0.01,46,47748,卖盘
1205,13:35:12,10.39,0.01,200,207800,买盘
1206,13:35:09,10.38,-0.01,24,24912,卖盘
1207,13:35:06,10.39,0.02,3,3117,买盘
1208,13:35:03,10.37,-0.01,284,294508,卖盘
1209,13:35:00,10.38,--,31,32178,卖盘
1210,13:34:57,10.38,-0.01,175,181650,卖盘
1211,13:34:48,10.39,--,10,10390,买盘
1212,13:34:45,10.39,0.01,2,2078,买盘
1213,13:34:42,10.38,-0.01,294,305172,卖盘
1214,13:34:39,10.39,--,2,2078,买盘
1215,13:34:33,10.39,0.01,2,2078,买盘
1216,13:34:27,10.38,-0.01,33,34254,卖盘
1217,13:34:24,10.39,--,11,11429,买盘
1218,13:34:15,10.39,0.01,9,9351,买盘
1219,13:34:03,10.38,--,38,39444,卖盘
1220,13:33:57,10.38,-0.01,2,2792,卖盘
1221,13:33:51,10.39,--,10,10390,买盘
1222,13:33:48,10.39,0.01,20,20780,买盘
1223,13:33:42,10.38,-0.01,355,368490,卖盘
1224,13:33:39,10.39,0.01,30,31170,买盘
1225,13:33:36,10.38,--,29,30102,卖盘
1226,13:33:33,10.38,--,51,52938,卖盘
1227,13:33:30,10.38,-0.01,2,2076,卖盘
1228,13:33:24,10.39,--,4,4156,买盘
1229,13:33:21,10.39,--,102,105978,买盘
1230,13:33:12,10.39,--,6,6234,买盘
1231,13:33:06,10.39,--,10,10390,买盘
1232,13:33:03,10.39,--,451,468589,买盘
1233,13:32:54,10.39,0.01,5,5195,买盘
1234,13:32:48,10.38,-0.01,50,51900,卖盘
1235,13:32:45,10.39,--,1,1039,买盘
1236,13:32:39,10.39,0.01,23,24115,买盘
1237,13:32:36,10.38,-0.01,20,20760,卖盘
1238,13:32:30,10.39,0.01,508,527812,买盘
1239,13:32:27,10.38,-0.01,6,6570,卖盘
1240,13:32:21,10.39,--,23,23897,买盘
1241,13:32:15,10.39,--,3,3117,买盘
1242,13:32:12,10.39,0.01,70,72730,买盘
1243,13:32:09,10.38,--,4,4152,卖盘
1244,13:32:03,10.38,--,10,10380,卖盘
1245,13:31:57,10.38,--,2,2076,卖盘
1246,13:31:54,10.38,--,16,16608,卖盘
1247,13:31:48,10.38,--,10,10380,卖盘
1248,13:31:42,10.38,--,407,422466,买盘
1249,13:31:39,10.38,0.01,33,34254,买盘
1250,13:31:36,10.37,-0.01,10,10370,卖盘
1251,13:31:33,10.38,--,53,55014,买盘
1252,13:31:27,10.38,--,10,10380,买盘
1253,13:31:24,10.38,--,20,20760,买盘
1254,13:31:21,10.38,--,67,69546,卖盘
1255,13:31:18,10.38,--,8,8304,卖盘
1256,13:31:15,10.38,--,10,10380,卖盘
1257,13:31:12,10.38,--,13,13494,卖盘
1258,13:31:09,10.38,--,1,1038,卖盘
1259,13:31:06,10.38,--,23,23874,卖盘
1260,13:31:03,10.38,-0.01,35,36330,卖盘
1261,13:30:57,10.39,--,29,30131,买盘
1262,13:30:54,10.39,0.01,10,10390,买盘
1263,13:30:48,10.38,--,102,105876,卖盘
1264,13:30:45,10.38,--,5,5190,卖盘
1265,13:30:36,10.38,--,10,10380,卖盘
1266,13:30:33,10.38,--,2,2076,卖盘
1267,13:30:27,10.38,0.01,381,395478,买盘
1268,13:30:24,10.37,-0.01,14,14517,卖盘
1269,13:30:18,10.38,--,8,8304,买盘
1270,13:30:12,10.38,0.01,106,110028,买盘
1271,13:30:09,10.37,-0.01,149,154513,卖盘
1272,13:30:00,10.38,--,15,15570,买盘
1273,13:29:51,10.38,--,5,5190,买盘
1274,13:29:42,10.38,-0.01,269,279222,卖盘
1275,13:29:39,10.39,0.01,49,50911,买盘
1276,13:29:33,10.38,--,200,207600,卖盘
1277,13:29:30,10.38,--,19,19722,卖盘
1278,13:29:27,10.38,--,50,51900,卖盘
1279,13:29:24,10.38,-0.01,131,135978,卖盘
1280,13:29:21,10.39,--,187,194293,买盘
1281,13:29:15,10.39,--,6,6234,买盘
1282,13:29:09,10.39,--,10,10390,买盘
1283,13:29:06,10.39,0.01,21,21819,买盘
1284,13:29:03,10.38,-0.01,40,41520,卖盘
1285,13:28:57,10.39,--,31,32209,买盘
1286,13:28:54,10.39,--,40,41560,买盘
1287,13:28:45,10.39,--,10,10390,买盘
1288,13:28:42,10.39,--,20,20780,买盘
1289,13:28:39,10.39,--,114,118892,卖盘
1290,13:28:36,10.39,--,120,125272,买盘
1291,13:28:30,10.39,--,7,7273,买盘
1292,13:28:27,10.39,--,2,2078,买盘
1293,13:28:21,10.39,--,10,10390,买盘
1294,13:28:18,10.39,--,107,111173,买盘
1295,13:28:15,10.39,--,15,15585,买盘
1296,13:28:12,10.39,--,75,77925,买盘
1297,13:28:06,10.39,--,289,300271,买盘
1298,13:28:03,10.39,--,110,114290,买盘
1299,13:27:57,10.39,0.01,5,5195,买盘
1300,13:27:51,10.38,--,20,20760,卖盘
1301,13:27:48,10.38,-0.01,5,5190,卖盘
1302,13:27:42,10.39,0.01,449,466511,买盘
1303,13:27:39,10.38,--,142,147396,卖盘
1304,13:27:36,10.38,-0.01,105,108990,卖盘
1305,13:27:30,10.39,0.01,46,47794,买盘
1306,13:27:21,10.38,--,9,9342,卖盘
1307,13:27:18,10.38,-0.01,9,9342,卖盘
1308,13:27:12,10.39,0.01,6,6234,买盘
1309,13:27:06,10.38,-0.01,1,1038,卖盘
1310,13:27:00,10.39,--,5,5195,买盘
1311,13:26:57,10.39,--,5,5195,买盘
1312,13:26:54,10.39,0.01,75,77925,买盘
1313,13:26:51,10.38,-0.01,5,5190,卖盘
1314,13:26:48,10.39,--,10,10390,买盘
1315,13:26:45,10.39,--,20,20780,买盘
1316,13:26:36,10.39,0.01,12,12468,买盘
1317,13:26:33,10.38,--,160,166080,买盘
1318,13:26:27,10.38,--,13,13494,买盘
1319,13:26:21,10.38,--,1,1038,买盘
1320,13:26:18,10.38,--,1,1038,买盘
1321,13:26:15,10.38,--,25,25950,买盘
1322,13:26:03,10.38,--,2,2076,买盘
1323,13:26:00,10.38,0.02,70,72660,买盘
1324,13:25:57,10.36,-0.02,284,294224,卖盘
1325,13:25:51,10.38,0.01,239,248082,买盘
1326,13:25:48,10.37,-0.01,103,107578,卖盘
1327,13:25:42,10.38,0.01,91,94458,买盘
1328,13:25:39,10.37,--,61,63526,买盘
1329,13:25:36,10.37,--,220,228139,买盘
1330,13:25:33,10.37,--,5,5185,买盘
1331,13:25:30,10.37,--,31,32499,卖盘
1332,13:25:27,10.37,--,166,172142,卖盘
1333,13:25:24,10.37,--,109,113032,卖盘
1334,13:25:21,10.37,--,74,76738,卖盘
1335,13:25:15,10.37,--,356,369172,卖盘
1336,13:25:12,10.37,--,40,41480,卖盘
1337,13:25:09,10.37,--,12,12443,卖盘
1338,13:25:00,10.37,--,37,38369,卖盘
1339,13:24:57,10.37,-0.01,30,31109,卖盘
1340,13:24:54,10.38,--,1,1038,买盘
1341,13:24:48,10.38,0.01,27,28026,买盘
1342,13:24:45,10.37,--,7,7943,买盘
1343,13:24:42,10.37,--,141,146217,买盘
1344,13:24:39,10.37,0.01,70,72590,买盘
1345,13:24:36,10.36,-0.01,3,3108,卖盘
1346,13:24:33,10.37,--,20,20740,买盘
1347,13:24:24,10.37,--,23,23851,买盘
1348,13:24:21,10.37,0.01,106,109921,买盘
1349,13:24:18,10.36,-0.01,290,300440,卖盘
1350,13:24:15,10.37,0.01,213,220880,买盘
1351,13:24:12,10.36,-0.01,355,367780,卖盘
1352,13:24:09,10.37,--,391,405466,买盘
1353,13:24:06,10.37,0.01,210,217769,买盘
1354,13:24:03,10.36,--,2,2072,卖盘
1355,13:24:00,10.36,-0.01,94,97384,卖盘
1356,13:23:57,10.37,--,11,11407,买盘
1357,13:23:54,10.37,0.01,29,30072,买盘
1358,13:23:51,10.36,-0.01,49,50764,卖盘
1359,13:23:48,10.37,--,10,10370,买盘
1360,13:23:45,10.37,-0.01,101,105089,卖盘
1361,13:23:42,10.38,0.01,200,207600,买盘
1362,13:23:39,10.37,--,959,994482,卖盘
1363,13:23:27,10.37,-0.01,17,17629,卖盘
1364,13:23:24,10.38,0.01,25,25950,买盘
1365,13:23:21,10.37,-0.01,43,44591,卖盘
1366,13:23:15,10.38,--,6,6228,买盘
1367,13:23:12,10.38,--,17,17646,买盘
1368,13:23:03,10.38,0.01,2,2345,买盘
1369,13:23:00,10.37,--,357,370209,卖盘
1370,13:22:54,10.37,--,219,227102,卖盘
1371,13:22:48,10.37,--,500,518499,卖盘
1372,13:22:45,10.37,-0.01,10,10370,卖盘
1373,13:22:42,10.38,0.01,50,51900,买盘
1374,13:22:39,10.37,-0.01,357,370209,卖盘
1375,13:22:36,10.38,0.01,1,1245,买盘
1376,13:22:33,10.37,--,355,368135,卖盘
1377,13:22:30,10.37,--,10,10370,卖盘
1378,13:22:27,10.37,-0.01,100,103699,卖盘
1379,13:22:24,10.38,0.01,49,50862,买盘
1380,13:22:21,10.37,--,15,15554,卖盘
1381,13:22:15,10.37,--,65,67405,卖盘
1382,13:22:12,10.37,-0.02,1,1037,卖盘
1383,13:22:09,10.39,0.02,223,231697,买盘
1384,13:22:03,10.37,--,5,5185,卖盘
1385,13:22:00,10.37,--,10,10370,卖盘
1386,13:21:54,10.37,-0.01,78,80886,卖盘
1387,13:21:51,10.38,0.01,239,248289,买盘
1388,13:21:48,10.37,--,161,166957,卖盘
1389,13:21:45,10.37,--,5,5185,中性盘
1390,13:21:30,10.37,0.01,1,1037,中性盘
1391,13:21:27,10.36,-0.01,73,75628,卖盘
1392,13:21:24,10.37,--,49,50812,卖盘
1393,13:21:21,10.37,-0.01,58,60145,卖盘
1394,13:21:18,10.38,--,1,1038,买盘
1395,13:21:15,10.38,0.01,27,28026,买盘
1396,13:21:12,10.37,--,73,76530,卖盘
1397,13:21:09,10.37,--,168,174216,卖盘
1398,13:21:00,10.37,-0.01,561,581757,卖盘
1399,13:20:57,10.38,--,1014,1052532,买盘
1400,13:20:54,10.38,--,17,17646,买盘
1401,13:20:51,10.38,0.01,520,539760,买盘
1402,13:20:48,10.37,--,134,138958,卖盘
1403,13:20:42,10.37,-0.01,36,37332,卖盘
1404,13:20:39,10.38,--,27,28026,买盘
1405,13:20:36,10.38,0.01,19,19722,买盘
1406,13:20:33,10.37,-0.01,5,5185,卖盘
1407,13:20:30,10.38,--,200,207600,买盘
1408,13:20:21,10.38,--,54,56052,买盘
1409,13:20:15,10.38,0.01,20,20760,买盘
1410,13:20:12,10.37,-0.01,13,13688,卖盘
1411,13:20:09,10.38,--,38,39444,买盘
1412,13:20:00,10.38,0.01,3,3114,买盘
1413,13:19:57,10.37,-0.01,60,62219,卖盘
1414,13:19:48,10.38,0.01,8,8304,买盘
1415,13:19:45,10.37,--,130,134810,卖盘
1416,13:19:42,10.37,-0.01,148,153476,卖盘
1417,13:19:36,10.38,0.01,217,225246,买盘
1418,13:19:33,10.37,--,20,20740,卖盘
1419,13:19:27,10.37,--,70,72590,卖盘
1420,13:19:24,10.37,-0.01,24,24887,卖盘
1421,13:19:21,10.38,-0.01,32,33216,买盘
1422,13:19:18,10.39,0.01,210,218190,买盘
1423,13:19:15,10.38,--,5,5190,买盘
1424,13:19:12,10.38,0.01,47,48786,卖盘
1425,13:19:06,10.37,-0.01,142,147254,卖盘
1426,13:19:03,10.38,--,9,9342,卖盘
1427,13:18:57,10.38,--,92,95496,买盘
1428,13:18:51,10.38,0.01,11,11418,买盘
1429,13:18:39,10.37,0.01,14,14517,中性盘
1430,13:18:33,10.36,--,227,235172,卖盘
1431,13:18:30,10.36,-0.01,717,742812,卖盘
1432,13:18:27,10.37,--,19,19703,买盘
1433,13:18:24,10.37,-0.01,154,159698,卖盘
1434,13:18:21,10.38,0.01,31,32178,买盘
1435,13:18:18,10.37,-0.01,1,1037,卖盘
1436,13:18:15,10.38,0.01,29,30102,买盘
1437,13:18:12,10.37,--,4,4148,卖盘
1438,13:18:09,10.37,--,39,40443,卖盘
1439,13:18:06,10.37,--,85,88145,买盘
1440,13:18:03,10.37,-0.01,273,283101,卖盘
1441,13:17:57,10.38,0.01,706,732828,买盘
1442,13:17:48,10.37,--,45,46665,卖盘
1443,13:17:45,10.37,0.01,116,120291,买盘
1444,13:17:42,10.36,-0.01,69,71484,卖盘
1445,13:17:39,10.37,--,86,89182,买盘
1446,13:17:33,10.37,--,49,50812,买盘
1447,13:17:30,10.37,--,15,15554,买盘
1448,13:17:27,10.37,--,29,30072,买盘
1449,13:17:24,10.37,0.01,6,6221,买盘
1450,13:17:21,10.36,-0.01,57,59052,卖盘
1451,13:17:18,10.37,--,194,201177,买盘
1452,13:17:15,10.37,--,55,57034,买盘
1453,13:17:12,10.37,--,123,127550,买盘
1454,13:17:09,10.37,--,231,239546,买盘
1455,13:17:06,10.37,--,31,32146,买盘
1456,13:17:03,10.37,--,31,32146,买盘
1457,13:17:00,10.37,0.01,200,207399,买盘
1458,13:16:57,10.36,-0.01,2,2072,卖盘
1459,13:16:54,10.37,--,11,11407,买盘
1460,13:16:51,10.37,--,9,9333,买盘
1461,13:16:48,10.37,--,607,629459,卖盘
1462,13:16:45,10.37,--,100,103699,卖盘
1463,13:16:42,10.37,--,432,447983,卖盘
1464,13:16:39,10.37,--,5,5185,卖盘
1465,13:16:36,10.37,--,171,177327,卖盘
1466,13:16:33,10.37,--,10,10370,卖盘
1467,13:16:24,10.37,--,128,132736,买盘
1468,13:16:21,10.37,--,14,14517,买盘
1469,13:16:18,10.37,0.01,6,6221,买盘
1470,13:16:15,10.36,-0.01,95,98420,卖盘
1471,13:16:12,10.37,--,10,10370,买盘
1472,13:16:09,10.37,0.01,2,2074,买盘
1473,13:16:06,10.36,-0.01,2,2072,卖盘
1474,13:16:03,10.37,--,148,153476,买盘
1475,13:16:00,10.37,--,188,194955,买盘
1476,13:15:57,10.37,--,57,59108,买盘
1477,13:15:54,10.37,--,373,386800,买盘
1478,13:15:51,10.37,--,13,13480,买盘
1479,13:15:48,10.37,--,150,155550,买盘
1480,13:15:42,10.37,-0.01,586,607682,卖盘
1481,13:15:36,10.38,--,64,66432,买盘
1482,13:15:33,10.38,--,41,42558,买盘
1483,13:15:27,10.38,0.01,26,26988,买盘
1484,13:15:24,10.37,--,10,10370,卖盘
1485,13:15:21,10.37,--,106,109921,卖盘
1486,13:15:18,10.37,-0.01,10,10370,卖盘
1487,13:15:12,10.38,0.02,20,20760,买盘
1488,13:15:06,10.36,-0.02,355,367780,卖盘
1489,13:15:03,10.38,0.01,10,10380,买盘
1490,13:15:00,10.37,--,20,20740,卖盘
1491,13:14:57,10.37,-0.01,24,24887,卖盘
1492,13:14:54,10.38,0.01,83,86154,买盘
1493,13:14:51,10.37,--,161,166957,买盘
1494,13:14:48,10.37,--,20,20740,买盘
1495,13:14:45,10.37,0.01,50,51849,买盘
1496,13:14:42,10.36,-0.01,3,3108,卖盘
1497,13:14:36,10.37,--,20,20740,买盘
1498,13:14:33,10.37,--,46,48282,买盘
1499,13:14:30,10.37,--,88,91256,买盘
1500,13:14:27,10.37,-0.01,417,432428,卖盘
1501,13:14:24,10.38,0.01,6,6228,买盘
1502,13:14:21,10.37,--,65,67405,卖盘
1503,13:14:18,10.37,--,16,16592,卖盘
1504,13:14:12,10.37,--,84,87108,卖盘
1505,13:14:09,10.37,--,3,3110,卖盘
1506,13:14:06,10.37,--,4,4148,卖盘
1507,13:14:00,10.37,-0.01,567,587979,卖盘
1508,13:13:57,10.38,--,100,103800,买盘
1509,13:13:54,10.38,--,110,114180,买盘
1510,13:13:48,10.38,0.01,1,1038,买盘
1511,13:13:45,10.37,--,10,10370,卖盘
1512,13:13:42,10.37,--,143,148291,卖盘
1513,13:13:39,10.37,--,119,123402,卖盘
1514,13:13:33,10.37,--,156,161772,卖盘
1515,13:13:30,10.37,--,280,290360,买盘
1516,13:13:24,10.37,--,21,21777,买盘
1517,13:13:15,10.37,--,380,394059,买盘
1518,13:13:12,10.37,0.01,534,553758,买盘
1519,13:13:09,10.36,--,699,724785,卖盘
1520,13:13:06,10.36,-0.01,37,38332,卖盘
1521,13:13:03,10.37,0.01,46,47702,买盘
1522,13:12:57,10.36,--,20,20720,卖盘
1523,13:12:54,10.36,--,287,298171,买盘
1524,13:12:51,10.36,--,166,171976,买盘
1525,13:12:48,10.36,--,46,47656,买盘
1526,13:12:45,10.36,0.01,20,20720,买盘
1527,13:12:42,10.35,-0.01,95,98325,卖盘
1528,13:12:39,10.36,0.01,105,108780,买盘
1529,13:12:36,10.35,--,335,346725,卖盘
1530,13:12:33,10.35,-0.01,101,104535,卖盘
1531,13:12:30,10.36,--,577,597772,买盘
1532,13:12:27,10.36,0.01,19,19684,买盘
1533,13:12:24,10.35,--,54,55890,卖盘
1534,13:12:21,10.35,-0.01,111,114885,卖盘
1535,13:12:18,10.36,--,49,50764,买盘
1536,13:12:15,10.36,0.01,9,9324,买盘
1537,13:12:12,10.35,--,511,528885,卖盘
1538,13:12:09,10.35,0.01,78,80730,中性盘
1539,13:12:06,10.34,-0.02,483,499422,卖盘
1540,13:12:03,10.36,0.01,38,39368,买盘
1541,13:12:00,10.35,--,104,107640,买盘
1542,13:11:57,10.35,--,1947,2015341,卖盘
1543,13:11:54,10.35,-0.01,275,284625,卖盘
1544,13:11:51,10.36,--,91,95115,买盘
1545,13:11:48,10.36,--,166,171976,买盘
1546,13:11:45,10.36,--,101,104636,买盘
1547,13:11:42,10.36,-0.01,742,768712,卖盘
1548,13:11:39,10.37,--,196,203251,买盘
1549,13:11:36,10.37,--,357,370209,买盘
1550,13:11:33,10.37,0.01,153,158661,买盘
1551,13:11:30,10.36,--,848,878528,卖盘
1552,13:11:27,10.36,-0.01,903,935508,卖盘
1553,13:11:24,10.37,0.01,110,114069,买盘
1554,13:11:21,10.36,--,134,138824,卖盘
1555,13:11:18,10.36,-0.01,35,36260,卖盘
1556,13:11:15,10.37,--,5,5185,买盘
1557,13:11:12,10.37,0.01,39,40443,买盘
1558,13:11:09,10.36,--,61,63196,卖盘
1559,13:11:06,10.36,-0.01,339,351204,卖盘
1560,13:11:03,10.37,--,43,44591,买盘
1561,13:11:00,10.37,--,86,89182,买盘
1562,13:10:57,10.37,--,43,44591,买盘
1563,13:10:54,10.37,--,1,1037,买盘
1564,13:10:51,10.37,--,300,311100,买盘
1565,13:10:48,10.37,--,1751,1815786,卖盘
1566,13:10:45,10.37,-0.01,745,772564,卖盘
1567,13:10:39,10.38,--,45,46710,买盘
1568,13:10:36,10.38,--,20,20760,买盘
1569,13:10:33,10.38,--,1098,1140658,卖盘
1570,13:10:30,10.38,--,192,199399,卖盘
1571,13:10:27,10.38,--,1645,1707510,卖盘
1572,13:10:24,10.38,-0.01,66,68508,卖盘
1573,13:10:21,10.39,--,44,45716,买盘
1574,13:10:18,10.39,--,19,19741,买盘
1575,13:10:15,10.39,0.01,75,77925,买盘
1576,13:10:12,10.38,--,182,188916,卖盘
1577,13:10:09,10.38,--,89,92382,卖盘
1578,13:10:06,10.38,-0.01,45,46710,卖盘
1579,13:10:03,10.39,--,20,20780,买盘
1580,13:10:00,10.39,--,69,71691,买盘
1581,13:09:57,10.39,--,154,160006,买盘
1582,13:09:54,10.39,--,20,20780,买盘
1583,13:09:51,10.39,--,30,31170,买盘
1584,13:09:48,10.39,--,10,10390,买盘
1585,13:09:45,10.39,0.01,106,110134,买盘
1586,13:09:42,10.38,-0.01,88,91344,卖盘
1587,13:09:39,10.39,--,202,209878,买盘
1588,13:09:36,10.39,--,31,32209,买盘
1589,13:09:33,10.39,0.01,24,24936,买盘
1590,13:09:30,10.38,-0.01,101,104838,卖盘
1591,13:09:24,10.39,--,331,343909,买盘
1592,13:09:18,10.39,--,710,737773,卖盘
1593,13:09:15,10.39,--,115,119485,卖盘
1594,13:09:12,10.39,--,60,62340,卖盘
1595,13:09:09,10.39,--,34,35326,卖盘
1596,13:09:06,10.39,-0.01,5,5195,卖盘
1597,13:09:03,10.4,0.01,35,36400,买盘
1598,13:08:57,10.39,--,179,185981,卖盘
1599,13:08:54,10.39,-0.01,36,37404,卖盘
1600,13:08:51,10.4,0.01,360,374400,买盘
1601,13:08:48,10.39,--,155,161045,卖盘
1602,13:08:42,10.39,-0.01,91,95504,卖盘
1603,13:08:39,10.4,--,120,124800,买盘
1604,13:08:36,10.4,0.01,313,325520,买盘
1605,13:08:33,10.39,--,10,10390,卖盘
1606,13:08:30,10.39,--,11,11429,卖盘
1607,13:08:24,10.39,-0.01,283,294037,卖盘
1608,13:08:21,10.4,--,173,179920,买盘
1609,13:08:18,10.4,0.01,156,162240,买盘
1610,13:08:15,10.39,-0.01,501,520539,卖盘
1611,13:08:12,10.4,--,260,270400,买盘
1612,13:08:06,10.4,--,20,20800,买盘
1613,13:08:03,10.4,--,5,5200,买盘
1614,13:08:00,10.4,--,196,204256,卖盘
1615,13:07:57,10.4,--,95,98800,卖盘
1616,13:07:54,10.4,--,690,717600,卖盘
1617,13:07:51,10.4,-0.01,60,62400,卖盘
1618,13:07:48,10.41,--,39,40599,买盘
1619,13:07:45,10.41,0.01,119,123879,买盘
1620,13:07:42,10.4,-0.01,63,65520,卖盘
1621,13:07:39,10.41,--,23,23943,买盘
1622,13:07:36,10.41,0.01,40,41640,买盘
1623,13:07:33,10.4,-0.01,22,22880,卖盘
1624,13:07:30,10.41,0.01,414,430974,买盘
1625,13:07:24,10.4,-0.01,23,23920,卖盘
1626,13:07:18,10.41,0.01,13,13533,买盘
1627,13:07:15,10.4,--,1258,1308320,卖盘
1628,13:07:12,10.4,-0.01,762,792480,卖盘
1629,13:07:09,10.41,0.01,140,145740,买盘
1630,13:07:06,10.4,--,103,107744,卖盘
1631,13:07:03,10.4,-0.01,28,29120,卖盘
1632,13:07:00,10.41,--,10,10410,买盘
1633,13:06:57,10.41,--,52,54132,买盘
1634,13:06:54,10.41,--,10,10410,买盘
1635,13:06:48,10.41,--,25,26025,买盘
1636,13:06:45,10.41,--,3,3123,买盘
1637,13:06:42,10.41,--,3,3123,买盘
1638,13:06:33,10.41,--,20,20820,买盘
1639,13:06:30,10.41,--,79,82603,卖盘
1640,13:06:27,10.41,-0.01,50,52050,卖盘
1641,13:06:21,10.42,0.01,76,79192,买盘
1642,13:06:18,10.41,--,107,111387,卖盘
1643,13:06:15,10.41,--,1,1041,卖盘
1644,13:06:12,10.41,-0.01,1,1041,卖盘
1645,13:06:09,10.42,0.01,2,2084,买盘
1646,13:06:06,10.41,--,302,314382,卖盘
1647,13:06:00,10.41,0.01,253,264049,买盘
1648,13:05:57,10.4,-0.01,123,127920,卖盘
1649,13:05:54,10.41,--,5,5205,买盘
1650,13:05:51,10.41,0.01,10,10410,买盘
1651,13:05:48,10.4,-0.01,91,94640,卖盘
1652,13:05:42,10.41,--,8,8328,买盘
1653,13:05:39,10.41,--,5,5205,买盘
1654,13:05:36,10.41,--,1629,1696153,卖盘
1655,13:05:33,10.41,--,1,1041,卖盘
1656,13:05:30,10.41,-0.01,147,153027,卖盘
1657,13:05:24,10.42,--,100,104200,买盘
1658,13:05:21,10.42,0.01,10,10420,买盘
1659,13:05:15,10.41,-0.01,2,2082,卖盘
1660,13:05:09,10.42,0.01,31,32302,买盘
1661,13:05:06,10.41,-0.01,15,15615,卖盘
1662,13:05:03,10.42,--,7,7294,买盘
1663,13:05:00,10.42,--,4,4168,买盘
1664,13:04:57,10.42,0.01,38,39596,买盘
1665,13:04:51,10.41,--,50,52050,卖盘
1666,13:04:48,10.41,--,9,9369,卖盘
1667,13:04:45,10.41,-0.01,36,37476,卖盘
1668,13:04:39,10.42,--,15,15630,买盘
1669,13:04:36,10.42,--,10,10420,买盘
1670,13:04:33,10.42,--,1,1042,买盘
1671,13:04:30,10.42,--,10,10420,买盘
1672,13:04:27,10.42,--,15,15630,买盘
1673,13:04:21,10.42,0.01,13,13546,买盘
1674,13:04:12,10.41,-0.01,22,22902,卖盘
1675,13:04:09,10.42,--,13,13546,买盘
1676,13:04:06,10.42,--,48,50016,买盘
1677,13:04:00,10.42,0.01,10,10420,买盘
1678,13:03:57,10.41,-0.01,12,12492,卖盘
1679,13:03:51,10.42,--,23,23966,买盘
1680,13:03:45,10.42,--,20,20840,买盘
1681,13:03:42,10.42,--,3,3126,买盘
1682,13:03:33,10.42,--,10,10420,买盘
1683,13:03:30,10.42,0.01,2,2084,买盘
1684,13:03:21,10.41,--,20,20820,卖盘
1685,13:03:18,10.41,--,128,133248,卖盘
1686,13:03:09,10.41,--,6,6246,卖盘
1687,13:03:06,10.41,--,316,329632,买盘
1688,13:03:03,10.41,--,413,429933,买盘
1689,13:03:00,10.41,0.01,10,10410,买盘
1690,13:02:57,10.4,--,644,669760,卖盘
1691,13:02:54,10.4,-0.01,19,19760,卖盘
1692,13:02:48,10.41,--,97,100977,买盘
1693,13:02:45,10.41,0.01,45,46845,买盘
1694,13:02:42,10.4,-0.01,32,33280,卖盘
1695,13:02:39,10.41,0.01,90,93690,买盘
1696,13:02:36,10.4,--,57,59280,卖盘
1697,13:02:33,10.4,--,3,3120,卖盘
1698,13:02:27,10.4,-0.01,63,65520,卖盘
1699,13:02:24,10.41,0.01,11,11451,买盘
1700,13:02:21,10.4,--,510,530400,卖盘
1701,13:02:18,10.4,-0.01,2409,2505360,卖盘
1702,13:02:12,10.41,0.01,3,3123,买盘
1703,13:02:09,10.4,-0.01,4,4160,卖盘
1704,13:02:06,10.41,--,103,107223,买盘
1705,13:02:00,10.41,0.01,40,41640,买盘
1706,13:01:54,10.4,-0.01,11,11440,卖盘
1707,13:01:48,10.41,--,6,6246,买盘
1708,13:01:42,10.41,-0.01,5371,5591419,卖盘
1709,13:01:36,10.42,--,300,312600,买盘
1710,13:01:33,10.42,--,5,5210,买盘
1711,13:01:30,10.42,0.01,93,96906,买盘
1712,13:01:27,10.41,--,57,59337,卖盘
1713,13:01:24,10.41,--,30,31230,卖盘
1714,13:01:21,10.41,-0.01,50,52050,卖盘
1715,13:01:12,10.42,0.01,10,10420,买盘
1716,13:01:09,10.41,-0.01,233,242553,卖盘
1717,13:01:06,10.42,--,18,19589,买盘
1718,13:00:51,10.42,0.01,215,224030,买盘
1719,13:00:45,10.41,--,23,23943,卖盘
1720,13:00:42,10.41,--,45,46845,卖盘
1721,13:00:39,10.41,-0.01,504,524664,卖盘
1722,13:00:36,10.42,--,5,5210,买盘
1723,13:00:33,10.42,0.01,20,20840,买盘
1724,13:00:30,10.41,--,458,476778,卖盘
1725,13:00:27,10.41,-0.01,326,339366,卖盘
1726,13:00:24,10.42,--,24,25008,买盘
1727,13:00:18,10.42,--,20,20840,买盘
1728,13:00:12,10.42,-0.01,153,159988,卖盘
1729,13:00:09,10.43,0.01,555,578865,买盘
1730,13:00:06,10.42,--,1793,1868306,卖盘
1731,13:00:03,10.42,-0.01,5039,5250638,卖盘
1732,13:00:00,10.43,0.01,214,223202,买盘
1733,11:30:00,10.42,-0.01,66,68772,卖盘
1734,11:29:57,10.43,0.01,312,325416,买盘
1735,11:29:54,10.42,--,109,113578,卖盘
1736,11:29:51,10.42,--,12,12504,卖盘
1737,11:29:48,10.42,-0.01,5,5210,卖盘
1738,11:29:45,10.43,--,230,239890,买盘
1739,11:29:39,10.43,0.01,46,47978,买盘
1740,11:29:36,10.42,--,128,133376,卖盘
1741,11:29:33,10.42,-0.01,45,47515,卖盘
1742,11:29:30,10.43,--,31,32333,买盘
1743,11:29:24,10.43,0.01,13,13559,买盘
1744,11:29:21,10.42,--,35,37095,卖盘
1745,11:29:18,10.42,--,22,22924,卖盘
1746,11:29:12,10.42,--,21,21882,卖盘
1747,11:29:09,10.42,-0.01,3,3126,卖盘
1748,11:29:06,10.43,0.01,20,20860,买盘
1749,11:28:54,10.42,--,100,104200,卖盘
1750,11:28:51,10.42,-0.01,510,531420,卖盘
1751,11:28:48,10.43,0.01,21,21903,买盘
1752,11:28:45,10.42,-0.01,14,14588,卖盘
1753,11:28:42,10.43,0.01,2,2086,买盘
1754,11:28:39,10.42,-0.01,1,1042,卖盘
1755,11:28:36,10.43,--,5,5215,买盘
1756,11:28:24,10.43,--,47,49021,买盘
1757,11:28:21,10.43,--,53,55904,买盘
1758,11:28:15,10.43,0.01,14,14602,买盘
1759,11:28:06,10.42,--,76,79192,卖盘
1760,11:28:00,10.42,-0.01,2000,2084000,卖盘
1761,11:27:51,10.43,--,70,73010,卖盘
1762,11:27:48,10.43,--,60,62580,卖盘
1763,11:27:45,10.43,--,5,5215,卖盘
1764,11:27:42,10.43,--,1,1043,卖盘
1765,11:27:39,10.43,-0.01,46,47978,卖盘
1766,11:27:36,10.44,0.01,5,5220,买盘
1767,11:27:33,10.43,--,3,3129,卖盘
1768,11:27:27,10.43,--,518,540274,卖盘
1769,11:27:24,10.43,--,17,17731,卖盘
1770,11:27:21,10.43,-0.01,66,69463,卖盘
1771,11:27:15,10.44,0.01,12,12528,买盘
1772,11:27:12,10.43,--,122,127246,卖盘
1773,11:27:00,10.43,--,49,51107,卖盘
1774,11:26:54,10.43,--,300,312900,卖盘
1775,11:26:48,10.43,-0.01,19,19817,卖盘
1776,11:26:36,10.44,--,10,10440,买盘
1777,11:26:24,10.44,0.01,10,10440,买盘
1778,11:26:21,10.43,-0.01,155,162290,卖盘
1779,11:26:03,10.44,--,10,10440,买盘
1780,11:26:00,10.44,0.01,10,10440,买盘
1781,11:25:57,10.43,--,19,19817,卖盘
1782,11:25:51,10.43,-0.01,20,20860,卖盘
1783,11:25:48,10.44,--,288,300672,买盘
1784,11:25:45,10.44,0.01,15,15660,买盘
1785,11:25:33,10.43,-0.01,9,9387,卖盘
1786,11:25:30,10.44,0.01,100,104400,买盘
1787,11:25:27,10.43,-0.01,10,10430,卖盘
1788,11:25:24,10.44,--,3,3132,买盘
1789,11:25:18,10.44,0.01,10,10440,买盘
1790,11:25:15,10.43,-0.01,40,41720,卖盘
1791,11:25:03,10.44,0.01,31,32364,买盘
1792,11:24:54,10.43,-0.01,105,109515,卖盘
1793,11:24:51,10.44,--,6,6264,买盘
1794,11:24:48,10.44,0.01,50,52200,买盘
1795,11:24:45,10.43,--,775,808325,卖盘
1796,11:24:39,10.43,-0.01,148,154364,卖盘
1797,11:24:36,10.44,--,24,25056,买盘
1798,11:24:33,10.44,0.01,21,21924,买盘
1799,11:24:24,10.43,--,10,10430,卖盘
1800,11:24:21,10.43,--,10,10430,卖盘
1801,11:24:18,10.43,--,14,14602,卖盘
1802,11:24:12,10.43,-0.01,30,31290,卖盘
1803,11:24:06,10.44,0.01,154,160776,买盘
1804,11:24:03,10.43,-0.01,188,196084,卖盘
1805,11:24:00,10.44,0.01,660,689040,买盘
1806,11:23:57,10.43,-0.01,50,52150,卖盘
1807,11:23:54,10.44,--,7,7308,买盘
1808,11:23:48,10.44,--,10,10440,买盘
1809,11:23:45,10.44,0.01,19,19836,买盘
1810,11:23:42,10.43,-0.01,60,62580,卖盘
1811,11:23:39,10.44,0.01,28,29232,买盘
1812,11:23:24,10.43,--,5,5215,卖盘
1813,11:23:21,10.43,--,5,5215,卖盘
1814,11:23:18,10.43,--,156,162708,卖盘
1815,11:23:09,10.43,--,10,10430,卖盘
1816,11:23:06,10.43,-0.01,10,10430,卖盘
1817,11:23:03,10.44,0.01,192,200448,买盘
1818,11:23:00,10.43,--,9,9387,卖盘
1819,11:22:57,10.43,-0.01,34,35462,卖盘
1820,11:22:54,10.44,--,20,20880,买盘
1821,11:22:51,10.44,0.01,22,22968,买盘
1822,11:22:45,10.43,--,1,1043,卖盘
1823,11:22:42,10.43,--,40,41720,卖盘
1824,11:22:39,10.43,--,20,20860,卖盘
1825,11:22:36,10.43,--,10,10430,卖盘
1826,11:22:33,10.43,--,60,62580,卖盘
1827,11:22:30,10.43,--,100,104300,卖盘
1828,11:22:21,10.43,-0.01,35,36505,卖盘
1829,11:22:18,10.44,0.01,76,79344,买盘
1830,11:22:15,10.43,--,100,104300,卖盘
1831,11:22:12,10.43,-0.01,3,3129,卖盘
1832,11:22:06,10.44,--,21,21924,买盘
1833,11:22:03,10.44,--,193,201492,买盘
1834,11:22:00,10.44,0.01,10,10440,买盘
1835,11:21:51,10.43,-0.01,37,38591,卖盘
1836,11:21:48,10.44,--,26,27144,买盘
1837,11:21:42,10.44,--,81,84564,卖盘
1838,11:21:33,10.44,0.01,145,151380,买盘
1839,11:21:30,10.43,--,9,9387,卖盘
1840,11:21:27,10.43,--,182,189826,卖盘
1841,11:21:24,10.43,--,177,184611,卖盘
1842,11:21:21,10.43,--,20,20860,卖盘
1843,11:21:18,10.43,-0.01,10,10430,卖盘
1844,11:21:15,10.44,0.01,91,95004,买盘
1845,11:21:09,10.43,--,171,178353,卖盘
1846,11:21:03,10.43,-0.02,70,73010,卖盘
1847,11:21:00,10.45,0.01,274,286330,买盘
1848,11:20:57,10.44,0.01,7,7308,中性盘
1849,11:20:45,10.43,--,400,417200,卖盘
1850,11:20:39,10.43,-0.01,37,39070,卖盘
1851,11:20:33,10.44,--,47,49631,卖盘
1852,11:20:30,10.44,--,1000,1044000,卖盘
1853,11:20:27,10.44,-0.01,29,30276,卖盘
1854,11:20:24,10.45,0.01,3,3135,买盘
1855,11:20:21,10.44,-0.01,150,156600,卖盘
1856,11:20:18,10.45,--,25,26125,买盘
1857,11:20:12,10.45,0.01,10,10450,买盘
1858,11:20:06,10.44,-0.01,14,14616,卖盘
1859,11:20:00,10.45,--,187,195415,买盘
1860,11:19:57,10.45,0.01,4,4180,买盘
1861,11:19:51,10.44,--,99,103356,卖盘
1862,11:19:45,10.44,--,47,49068,卖盘
1863,11:19:39,10.44,--,5,5220,卖盘
1864,11:19:33,10.44,-0.01,73,76212,卖盘
1865,11:19:30,10.45,--,13,13584,买盘
1866,11:19:27,10.45,--,1,1045,买盘
1867,11:19:21,10.45,0.01,10,10450,买盘
1868,11:19:18,10.44,--,121,126324,卖盘
1869,11:19:09,10.44,-0.01,125,130500,卖盘
1870,11:19:03,10.45,--,10,10450,买盘
1871,11:19:00,10.45,0.01,187,195415,买盘
1872,11:18:54,10.44,-0.01,1,1576,卖盘
1873,11:18:48,10.45,--,66,68970,买盘
1874,11:18:45,10.45,0.01,13,13584,买盘
1875,11:18:42,10.44,-0.01,619,646236,卖盘
1876,11:18:39,10.45,--,4,4180,买盘
1877,11:18:36,10.45,--,30,31349,买盘
1878,11:18:30,10.45,0.01,20,20900,买盘
1879,11:18:24,10.44,-0.01,163,170172,卖盘
1880,11:18:18,10.45,0.01,10,10450,买盘
1881,11:18:15,10.44,--,11,11484,卖盘
1882,11:18:12,10.44,-0.01,35,37166,卖盘
1883,11:18:00,10.45,0.01,188,196460,买盘
1884,11:17:48,10.44,-0.01,10,10440,卖盘
1885,11:17:45,10.45,--,4,4180,买盘
1886,11:17:39,10.45,--,33,34485,买盘
1887,11:17:36,10.45,0.01,5,5225,买盘
1888,11:17:18,10.44,--,99,103356,卖盘
1889,11:17:15,10.44,--,10,10440,卖盘
1890,11:17:12,10.44,--,36,38210,卖盘
1891,11:17:00,10.44,--,192,200448,卖盘
1892,11:16:54,10.44,-0.01,214,223416,卖盘
1893,11:16:42,10.45,0.01,10,10450,买盘
1894,11:16:39,10.44,-0.01,208,217152,卖盘
1895,11:16:36,10.45,--,10,10450,买盘
1896,11:16:24,10.45,0.01,18,18810,买盘
1897,11:16:12,10.44,-0.01,35,37166,卖盘
1898,11:16:00,10.45,--,197,205865,买盘
1899,11:15:48,10.45,--,5,5225,买盘
1900,11:15:45,10.45,--,14,14629,买盘
1901,11:15:39,10.45,0.01,5,5225,买盘
1902,11:15:36,10.44,-0.01,34,35496,卖盘
1903,11:15:15,10.45,0.01,24,25080,买盘
1904,11:15:12,10.44,-0.01,35,37166,卖盘
1905,11:15:00,10.45,--,187,195415,买盘
1906,11:14:57,10.45,--,10,10450,买盘
1907,11:14:54,10.45,0.01,6,6270,买盘
1908,11:14:51,10.44,-0.01,13,13572,卖盘
1909,11:14:39,10.45,--,104,108679,买盘
1910,11:14:36,10.45,0.01,4,4180,买盘
1911,11:14:33,10.44,--,10,10440,卖盘
1912,11:14:30,10.44,-0.01,5,5220,卖盘
1913,11:14:27,10.45,--,10,10450,买盘
1914,11:14:24,10.45,--,2,2090,买盘
1915,11:14:21,10.45,--,84,88198,卖盘
1916,11:14:18,10.45,--,37,39292,买盘
1917,11:14:09,10.45,0.01,9,9405,买盘
1918,11:14:06,10.44,-0.02,5,5220,卖盘
1919,11:13:57,10.46,0.01,211,220706,买盘
1920,11:13:48,10.45,--,10,10450,买盘
1921,11:13:42,10.45,--,5,5225,买盘
1922,11:13:39,10.45,0.01,15,15674,买盘
1923,11:13:36,10.44,-0.01,10,10440,卖盘
1924,11:13:33,10.45,--,4,4180,买盘
1925,11:13:30,10.45,--,14,14629,买盘
1926,11:13:21,10.45,0.01,10,10450,买盘
1927,11:13:15,10.44,-0.01,26,27144,卖盘
1928,11:13:12,10.45,0.01,20,20900,买盘
1929,11:13:09,10.44,-0.02,31,32364,卖盘
1930,11:13:06,10.46,--,24,25104,买盘
1931,11:12:57,10.46,--,187,195602,买盘
1932,11:12:54,10.46,--,4,4184,买盘
1933,11:12:51,10.46,0.02,5,5230,买盘
1934,11:12:45,10.44,-0.02,200,208800,卖盘
1935,11:12:30,10.46,--,24,25104,买盘
1936,11:12:27,10.46,0.01,420,439320,买盘
1937,11:12:24,10.45,--,5,5225,买盘
1938,11:12:15,10.45,0.01,20,20900,买盘
1939,11:12:09,10.44,-0.01,117,122148,卖盘
1940,11:12:03,10.45,0.01,2,2090,买盘
1941,11:12:00,10.44,-0.01,200,208800,卖盘
1942,11:11:57,10.45,--,187,195415,买盘
1943,11:11:51,10.45,--,4,4180,买盘
1944,11:11:42,10.45,--,11,11495,买盘
1945,11:11:33,10.45,0.01,10,10450,买盘
1946,11:11:18,10.44,--,5,5220,卖盘
1947,11:11:15,10.44,--,19,19836,卖盘
1948,11:11:09,10.44,--,50,52200,卖盘
1949,11:11:06,10.44,--,2,2296,卖盘
1950,11:11:03,10.44,-0.01,30,31320,卖盘
1951,11:10:57,10.45,0.01,187,195415,买盘
1952,11:10:48,10.44,-0.01,8,8352,卖盘
1953,11:10:33,10.45,--,4,4180,买盘
1954,11:10:27,10.45,--,5,5225,买盘
1955,11:10:24,10.45,--,20,20900,买盘
1956,11:10:21,10.45,0.01,5,5225,买盘
1957,11:10:18,10.44,-0.01,6,6264,卖盘
1958,11:10:12,10.45,--,31,32394,买盘
1959,11:10:09,10.45,--,10,10450,买盘
1960,11:10:03,10.45,--,1,1045,买盘
1961,11:10:00,10.45,--,5,5225,买盘
1962,11:09:57,10.45,--,191,199595,买盘
1963,11:09:48,10.45,0.01,25,26125,买盘
1964,11:09:39,10.44,-0.01,10,10440,卖盘
1965,11:09:30,10.45,0.01,10,10450,买盘
1966,11:09:24,10.44,-0.01,3,3132,卖盘
1967,11:09:21,10.45,--,4,4180,买盘
1968,11:09:18,10.45,0.01,278,290510,买盘
1969,11:09:15,10.44,-0.01,112,117700,卖盘
1970,11:09:12,10.45,0.01,30,31349,买盘
1971,11:09:09,10.44,--,20,20880,卖盘
1972,11:09:06,10.44,-0.01,41,42804,卖盘
1973,11:08:57,10.45,0.01,263,274835,买盘
1974,11:08:54,10.44,-0.01,3,3132,卖盘
1975,11:08:48,10.45,0.01,10,10450,买盘
1976,11:08:45,10.44,-0.01,10,10440,卖盘
1977,11:08:42,10.45,0.01,1,1045,买盘
1978,11:08:39,10.44,-0.01,2,2088,卖盘
1979,11:08:33,10.45,0.01,85,88825,买盘
1980,11:08:30,10.44,-0.01,44,45936,卖盘
1981,11:08:21,10.45,0.01,54,56429,买盘
1982,11:08:12,10.44,--,56,58464,卖盘
1983,11:08:09,10.44,--,20,20880,卖盘
1984,11:08:06,10.44,--,4,4176,卖盘
1985,11:08:00,10.44,--,5,5220,卖盘
1986,11:07:57,10.44,--,307,320508,卖盘
1987,11:07:51,10.44,--,47,49068,卖盘
1988,11:07:48,10.44,--,23,24012,卖盘
1989,11:07:45,10.44,--,2180,2275920,卖盘
1990,11:07:39,10.44,--,50,52200,卖盘
1991,11:07:33,10.44,--,1,1044,卖盘
1992,11:07:30,10.44,-0.01,2,2088,卖盘
1993,11:07:24,10.45,0.01,42,43890,买盘
1994,11:07:18,10.44,--,100,104400,卖盘
1995,11:07:15,10.44,-0.01,10,10440,卖盘
1996,11:07:12,10.45,0.01,33,34485,买盘
1997,11:07:09,10.44,-0.01,7,7308,卖盘
1998,11:07:06,10.45,--,5,5225,买盘
1999,11:07:00,10.45,-0.01,251,262441,卖盘
2000,11:06:57,10.46,--,187,195602,买盘
2001,11:06:54,10.46,--,5,5230,买盘
2002,11:06:51,10.46,0.01,41,43785,买盘
2003,11:06:48,10.45,--,29,30304,卖盘
2004,11:06:45,10.45,--,1,1045,卖盘
2005,11:06:42,10.45,-0.01,19,19855,卖盘
2006,11:06:39,10.46,0.01,4,4184,买盘
2007,11:06:33,10.45,0.01,15,15674,卖盘
2008,11:06:30,10.44,-0.01,101,105444,卖盘
2009,11:06:27,10.45,--,201,210045,卖盘
2010,11:06:24,10.45,--,6,6270,卖盘
2011,11:06:21,10.45,--,1,1045,卖盘
2012,11:06:12,10.45,--,1,1045,卖盘
2013,11:05:57,10.45,--,472,493689,买盘
2014,11:05:54,10.45,--,161,168924,卖盘
2015,11:05:51,10.45,--,17,17765,卖盘
2016,11:05:48,10.45,0.01,364,380745,买盘
2017,11:05:42,10.44,-0.01,1,1044,卖盘
2018,11:05:39,10.45,--,34,35530,买盘
2019,11:05:36,10.45,--,24,25080,买盘
2020,11:05:33,10.45,--,4,4180,买盘
2021,11:05:27,10.45,0.01,5,5225,买盘
2022,11:05:09,10.44,--,25,26100,卖盘
2023,11:05:06,10.44,-0.01,22,22968,卖盘
2024,11:04:57,10.45,--,216,225719,买盘
2025,11:04:51,10.45,0.01,72,75240,买盘
2026,11:04:42,10.44,--,20,20880,卖盘
2027,11:04:33,10.44,--,1400,1461600,卖盘
2028,11:04:27,10.44,--,0,626,卖盘
2029,11:04:24,10.44,--,6,6264,卖盘
2030,11:04:15,10.44,--,63,65772,卖盘
2031,11:04:12,10.44,-0.01,40,41760,卖盘
2032,11:04:09,10.45,--,362,378499,买盘
2033,11:04:06,10.45,--,81,84645,买盘
2034,11:04:00,10.45,0.01,59,61654,买盘
2035,11:03:57,10.44,--,207,216108,卖盘
2036,11:03:54,10.44,-0.01,1744,1820736,卖盘
2037,11:03:51,10.45,0.01,4,4180,买盘
2038,11:03:48,10.44,--,15,15660,卖盘
2039,11:03:42,10.44,-0.01,116,121104,卖盘
2040,11:03:33,10.45,--,44,45980,买盘
2041,11:03:27,10.45,0.01,3,3135,买盘
2042,11:03:21,10.44,-0.01,10,10440,卖盘
2043,11:03:18,10.45,0.01,19,19855,买盘
2044,11:03:12,10.44,--,10,10440,卖盘
2045,11:03:09,10.44,--,50,52200,卖盘
2046,11:03:03,10.44,-0.01,1273,1329012,卖盘
2047,11:03:00,10.45,--,895,935274,买盘
2048,11:02:54,10.45,0.01,209,218404,买盘
2049,11:02:51,10.44,--,11,11484,卖盘
2050,11:02:48,10.44,-0.01,24,25056,卖盘
2051,11:02:45,10.45,0.01,8,8360,买盘
2052,11:02:42,10.44,-0.01,10,10440,卖盘
2053,11:02:39,10.45,--,50,52250,买盘
2054,11:02:36,10.45,--,6,6270,买盘
2055,11:02:33,10.45,--,8,8360,买盘
2056,11:02:30,10.45,0.01,45,47025,买盘
2057,11:02:27,10.44,-0.01,109,113796,卖盘
2058,11:02:21,10.45,--,19,19855,买盘
2059,11:02:12,10.45,--,54,56429,买盘
2060,11:02:09,10.45,0.01,8,8360,买盘
2061,11:02:06,10.44,--,53,55332,卖盘
2062,11:02:00,10.44,-0.01,47,49068,卖盘
2063,11:01:54,10.45,0.01,187,195415,买盘
2064,11:01:48,10.44,-0.01,16,16704,卖盘
2065,11:01:39,10.45,0.01,1,1045,买盘
2066,11:01:36,10.44,-0.01,2,2088,卖盘
2067,11:01:33,10.45,--,15,15674,买盘
2068,11:01:18,10.45,--,10,10450,买盘
2069,11:01:12,10.45,--,4,4180,买盘
2070,11:01:09,10.45,--,60,62699,买盘
2071,11:01:06,10.45,--,62,65469,卖盘
2072,11:01:03,10.45,--,20,21265,买盘
2073,11:01:00,10.45,--,25,26125,买盘
2074,11:00:57,10.45,--,23,24035,买盘
2075,11:00:54,10.45,--,193,201685,买盘
2076,11:00:51,10.45,0.01,5,5225,买盘
2077,11:00:48,10.44,--,87,90828,卖盘
2078,11:00:45,10.44,--,9,9396,卖盘
2079,11:00:42,10.44,-0.01,241,251604,卖盘
2080,11:00:39,10.45,--,4,4180,买盘
2081,11:00:36,10.45,--,12,12540,买盘
2082,11:00:33,10.45,--,130,135850,买盘
2083,11:00:30,10.45,0.01,15,15674,买盘
2084,11:00:27,10.44,-0.01,23,24012,卖盘
2085,11:00:21,10.45,0.01,23,24035,中性盘
2086,11:00:15,10.44,-0.01,347,362268,卖盘
2087,11:00:12,10.45,--,1,1045,卖盘
2088,11:00:09,10.45,--,20,20900,卖盘
2089,11:00:03,10.45,--,2,2090,卖盘
2090,11:00:00,10.45,--,221,230944,卖盘
2091,10:59:57,10.45,-0.01,106,110769,卖盘
2092,10:59:54,10.46,0.01,192,200832,买盘
2093,10:59:51,10.45,-0.01,40,41800,卖盘
2094,10:59:45,10.46,0.01,14,14644,买盘
2095,10:59:42,10.45,--,10,10450,卖盘
2096,10:59:39,10.45,--,331,345895,卖盘
2097,10:59:36,10.45,--,10,10450,卖盘
2098,10:59:33,10.45,--,23,24578,卖盘
2099,10:59:30,10.45,--,70,73777,卖盘
2100,10:59:27,10.45,--,6,6270,卖盘
2101,10:59:24,10.45,--,6,6270,卖盘
2102,10:59:18,10.45,-0.01,40,41800,卖盘
2103,10:59:15,10.46,0.01,1,1046,买盘
2104,10:59:12,10.45,--,10,10450,卖盘
2105,10:59:09,10.45,--,65,67925,买盘
2106,10:59:06,10.45,0.01,32,33440,买盘
2107,10:59:03,10.44,-0.01,159,166058,卖盘
2108,10:59:00,10.45,0.01,102,106590,买盘
2109,10:58:57,10.44,-0.01,5,5220,卖盘
2110,10:58:54,10.45,0.01,208,217359,买盘
2111,10:58:51,10.44,-0.01,21,21924,卖盘
2112,10:58:48,10.45,--,30,31349,买盘
2113,10:58:45,10.45,0.01,504,526680,买盘
2114,10:58:42,10.44,-0.01,5,5220,卖盘
2115,10:58:33,10.45,0.01,86,89870,买盘
2116,10:58:30,10.44,--,36,38210,卖盘
2117,10:58:27,10.44,-0.01,267,278748,卖盘
2118,10:58:24,10.45,--,40,41800,买盘
2119,10:58:21,10.45,--,50,52250,买盘
2120,10:58:18,10.45,--,10,10450,买盘
2121,10:58:15,10.45,--,43,44935,买盘
2122,10:58:12,10.45,--,16,16720,买盘
2123,10:58:09,10.45,--,40,41800,买盘
2124,10:58:06,10.45,0.01,55,57474,买盘
2125,10:58:03,10.44,-0.01,15,15660,卖盘
2126,10:57:57,10.45,--,10,10450,买盘
2127,10:57:54,10.45,--,196,204820,买盘
2128,10:57:48,10.45,--,4,4180,买盘
2129,10:57:45,10.45,--,5082,5311369,卖盘
2130,10:57:42,10.45,-0.01,11,11495,卖盘
2131,10:57:39,10.46,0.01,1,1046,买盘
2132,10:57:33,10.45,--,16,16720,卖盘
2133,10:57:30,10.45,-0.01,124,130206,卖盘
2134,10:57:27,10.46,0.01,30,31380,买盘
2135,10:57:24,10.45,-0.01,34,35530,卖盘
2136,10:57:15,10.46,0.01,34,35564,买盘
2137,10:57:12,10.45,--,65,67925,卖盘
2138,10:57:09,10.45,-0.01,30,31349,卖盘
2139,10:57:06,10.46,0.01,10,10460,买盘
2140,10:57:03,10.45,-0.01,17,17765,卖盘
2141,10:57:00,10.46,--,30,31380,买盘
2142,10:56:57,10.46,--,4,4184,买盘
2143,10:56:54,10.46,0.01,191,199786,买盘
2144,10:56:51,10.45,-0.01,139,145255,卖盘
2145,10:56:48,10.46,--,50,52300,买盘
2146,10:56:45,10.46,0.01,34,35564,买盘
2147,10:56:42,10.45,-0.01,6,6270,卖盘
2148,10:56:39,10.46,0.01,3,3138,买盘
2149,10:56:36,10.45,--,2,2090,卖盘
2150,10:56:33,10.45,--,4,4180,卖盘
2151,10:56:30,10.45,-0.01,39,41382,卖盘
2152,10:56:27,10.46,--,4,4184,买盘
2153,10:56:24,10.46,--,744,778224,买盘
2154,10:56:18,10.46,0.01,19,19874,买盘
2155,10:56:15,10.45,--,30,31349,卖盘
2156,10:56:12,10.45,-0.01,214,223629,卖盘
2157,10:56:09,10.46,--,1,1046,买盘
2158,10:56:06,10.46,0.01,120,125520,买盘
2159,10:56:03,10.45,-0.01,5,5225,卖盘
2160,10:56:00,10.46,0.01,10,10460,买盘
2161,10:55:57,10.45,--,25,26125,卖盘
2162,10:55:54,10.45,-0.01,43,44935,卖盘
2163,10:55:51,10.46,--,197,206062,买盘
2164,10:55:45,10.46,0.01,15,15690,买盘
2165,10:55:42,10.45,-0.01,29,30304,卖盘
2166,10:55:39,10.46,--,46,48116,买盘
2167,10:55:36,10.46,0.01,155,162130,买盘
2168,10:55:33,10.45,--,30,31349,卖盘
2169,10:55:30,10.45,-0.01,35,37202,卖盘
2170,10:55:27,10.46,0.01,1,1046,买盘
2171,10:55:24,10.45,-0.01,5,5225,卖盘
2172,10:55:21,10.46,--,70,73220,买盘
2173,10:55:18,10.46,--,149,155854,买盘
2174,10:55:15,10.46,0.01,5,5230,买盘
2175,10:55:12,10.45,--,216,225719,卖盘
2176,10:55:03,10.45,-0.01,33,34485,卖盘
2177,10:55:00,10.46,--,58,60668,买盘
2178,10:54:54,10.46,--,9,9414,买盘
2179,10:54:51,10.46,0.01,221,231166,买盘
2180,10:54:48,10.45,-0.01,17,17765,卖盘
2181,10:54:45,10.46,0.01,17,17782,买盘
2182,10:54:42,10.45,-0.01,20,20900,卖盘
2183,10:54:36,10.46,--,11,11506,买盘
2184,10:54:33,10.46,0.01,92,96232,买盘
2185,10:54:30,10.45,--,20,20900,卖盘
2186,10:54:24,10.45,-0.01,7,7314,卖盘
2187,10:54:21,10.46,--,44,46024,买盘
2188,10:54:18,10.46,--,10,10460,买盘
2189,10:54:15,10.46,0.01,10,10460,买盘
2190,10:54:12,10.45,--,6,6270,卖盘
2191,10:54:09,10.45,--,105,109724,卖盘
2192,10:54:06,10.45,--,169,176605,卖盘
2193,10:54:03,10.45,-0.01,4,4180,卖盘
2194,10:54:00,10.46,--,1050,1098300,买盘
2195,10:53:57,10.46,--,51,53346,买盘
2196,10:53:54,10.46,0.01,47,49162,买盘
2197,10:53:51,10.45,-0.01,6,6270,卖盘
2198,10:53:48,10.46,--,12,12552,买盘
2199,10:53:45,10.46,0.01,50,52300,买盘
2200,10:53:42,10.45,-0.01,8,8360,卖盘
2201,10:53:39,10.46,0.01,7,7322,买盘
2202,10:53:33,10.45,-0.01,58,60609,卖盘
2203,10:53:30,10.46,--,2,2092,买盘
2204,10:53:27,10.46,0.01,100,104600,买盘
2205,10:53:24,10.45,--,245,256024,卖盘
2206,10:53:21,10.45,-0.01,104,108679,卖盘
2207,10:53:18,10.46,0.01,51,53346,买盘
2208,10:53:15,10.45,--,4,4180,卖盘
2209,10:53:12,10.45,-0.01,5,5225,卖盘
2210,10:53:09,10.46,--,2,2092,买盘
2211,10:53:06,10.46,0.01,3,3138,买盘
2212,10:53:03,10.45,-0.01,16,16720,卖盘
2213,10:53:00,10.46,0.01,2,2092,买盘
2214,10:52:54,10.45,--,4,4180,卖盘
2215,10:52:51,10.45,-0.01,3,3135,卖盘
2216,10:52:48,10.46,0.01,6,6276,买盘
2217,10:52:45,10.45,-0.01,5,5225,卖盘
2218,10:52:39,10.46,0.01,5,5230,买盘
2219,10:52:36,10.45,--,14,14629,卖盘
2220,10:52:33,10.45,-0.01,34,35530,卖盘
2221,10:52:27,10.46,0.01,5,5230,买盘
2222,10:52:24,10.45,-0.01,5,5225,卖盘
2223,10:52:21,10.46,0.01,67,70082,买盘
2224,10:52:18,10.45,-0.01,90,94050,卖盘
2225,10:52:15,10.46,--,44,46024,买盘
2226,10:52:12,10.46,--,30,31380,买盘
2227,10:52:03,10.46,--,175,183050,买盘
2228,10:51:57,10.46,0.01,150,156900,买盘
2229,10:51:54,10.45,-0.01,7,7314,卖盘
2230,10:51:45,10.46,0.01,5,5230,买盘
2231,10:51:42,10.45,--,4,4180,卖盘
2232,10:51:39,10.45,--,5,5225,卖盘
2233,10:51:36,10.45,-0.01,88,91960,卖盘
2234,10:51:33,10.46,--,156,163176,买盘
2235,10:51:30,10.46,--,25,26150,买盘
2236,10:51:27,10.46,0.01,47,49162,买盘
2237,10:51:21,10.45,--,4,4180,卖盘
2238,10:51:12,10.45,-0.01,6,6270,卖盘
2239,10:51:09,10.46,--,14,14644,买盘
2240,10:51:06,10.46,--,5,5230,买盘
2241,10:51:03,10.46,-0.01,1579,1652585,卖盘
2242,10:50:57,10.47,0.01,5,5235,买盘
2243,10:50:51,10.46,-0.01,6,6276,卖盘
2244,10:50:48,10.47,0.01,28,29316,买盘
2245,10:50:42,10.46,--,6,6276,卖盘
2246,10:50:36,10.46,--,1,1046,卖盘
2247,10:50:33,10.46,--,4,4184,卖盘
2248,10:50:30,10.46,--,10,10460,卖盘
2249,10:50:27,10.46,--,111,116106,卖盘
2250,10:50:21,10.46,-0.01,59,61714,卖盘
2251,10:50:15,10.47,0.01,223,233481,买盘
2252,10:50:12,10.46,-0.01,4,4184,卖盘
2253,10:50:06,10.47,0.01,60,62820,买盘
2254,10:50:03,10.46,--,6,6276,卖盘
2255,10:49:54,10.46,--,21,21966,卖盘
2256,10:49:51,10.46,-0.01,4,4184,卖盘
2257,10:49:42,10.47,0.01,83,86901,买盘
2258,10:49:36,10.46,--,18,18828,卖盘
2259,10:49:33,10.46,--,6,6276,卖盘
2260,10:49:30,10.46,--,13,13598,卖盘
2261,10:49:27,10.46,--,3,3138,卖盘
2262,10:49:21,10.46,--,514,537644,卖盘
2263,10:49:15,10.46,--,5,5230,卖盘
2264,10:49:09,10.46,--,50,52300,卖盘
2265,10:49:06,10.46,--,7,7322,卖盘
2266,10:49:03,10.46,--,6,6276,卖盘
2267,10:48:54,10.46,-0.01,5,5230,卖盘
2268,10:48:48,10.47,0.01,47,49209,买盘
2269,10:48:45,10.46,--,66,69036,卖盘
2270,10:48:42,10.46,-0.01,6,6276,卖盘
2271,10:48:39,10.47,--,4,4188,买盘
2272,10:48:36,10.47,--,58,60726,买盘
2273,10:48:33,10.47,0.01,9,9423,买盘
2274,10:48:30,10.46,-0.01,39,40794,卖盘
2275,10:48:27,10.47,0.01,1,1047,买盘
2276,10:48:24,10.46,-0.01,6,6276,卖盘
2277,10:48:21,10.47,0.01,20,20940,买盘
2278,10:48:12,10.46,-0.01,5,5230,卖盘
2279,10:48:06,10.47,0.01,4,4188,买盘
2280,10:48:03,10.46,-0.01,5,5230,卖盘
2281,10:47:57,10.47,--,47,49209,买盘
2282,10:47:54,10.47,0.01,10,10470,买盘
2283,10:47:51,10.46,--,5,5230,卖盘
2284,10:47:45,10.46,-0.01,5,5230,卖盘
2285,10:47:42,10.47,--,45,47115,买盘
2286,10:47:36,10.47,0.01,10,10470,买盘
2287,10:47:33,10.46,-0.01,4,4184,卖盘
2288,10:47:30,10.47,0.01,50,52350,买盘
2289,10:47:24,10.46,--,6,6276,卖盘
2290,10:47:18,10.46,-0.01,148,154808,卖盘
2291,10:47:15,10.47,--,59,61773,买盘
2292,10:47:06,10.47,0.01,10,10470,买盘
2293,10:47:03,10.46,-0.01,7,7322,卖盘
2294,10:47:00,10.47,0.01,16,16752,买盘
2295,10:46:57,10.46,--,17,17782,卖盘
2296,10:46:51,10.46,--,13,13598,卖盘
2297,10:46:42,10.46,--,5,5230,卖盘
2298,10:46:36,10.46,--,41,42886,卖盘
2299,10:46:33,10.46,-0.01,6,6276,卖盘
2300,10:46:27,10.47,0.01,10,10470,买盘
2301,10:46:24,10.46,--,190,198740,卖盘
2302,10:46:21,10.46,--,5,5230,卖盘
2303,10:46:18,10.46,--,26,27196,卖盘
2304,10:46:15,10.46,--,40,41840,卖盘
2305,10:46:12,10.46,-0.01,111,116106,卖盘
2306,10:46:09,10.47,--,10,10470,买盘
2307,10:46:06,10.47,0.01,47,49209,买盘
2308,10:46:03,10.46,-0.01,6,6276,卖盘
2309,10:46:00,10.47,0.01,30,31410,买盘
2310,10:45:51,10.46,--,38,39748,卖盘
2311,10:45:48,10.46,--,50,52300,卖盘
2312,10:45:45,10.46,--,15,15690,卖盘
2313,10:45:42,10.46,-0.01,4,4184,卖盘
2314,10:45:39,10.47,--,215,225105,买盘
2315,10:45:33,10.47,--,26,27222,买盘
2316,10:45:30,10.47,0.01,41,42927,买盘
2317,10:45:24,10.46,--,22,23012,卖盘
2318,10:45:21,10.46,--,5,5230,卖盘
2319,10:45:18,10.46,--,105,109830,卖盘
2320,10:45:12,10.46,--,6,6276,卖盘
2321,10:45:03,10.46,-0.01,4,4184,卖盘
2322,10:45:00,10.47,0.01,16,16752,买盘
2323,10:44:57,10.46,-0.01,159,166314,卖盘
2324,10:44:54,10.47,0.01,169,176943,买盘
2325,10:44:51,10.46,-0.01,9,9414,卖盘
2326,10:44:48,10.47,--,4,4188,买盘
2327,10:44:45,10.47,0.01,10,10470,买盘
2328,10:44:42,10.46,-0.01,123,128658,卖盘
2329,10:44:36,10.47,0.01,34,35598,买盘
2330,10:44:30,10.46,--,34,35564,卖盘
2331,10:44:21,10.46,--,35,36610,卖盘
2332,10:44:18,10.46,--,10,10460,卖盘
2333,10:44:12,10.46,-0.01,4,4184,卖盘
2334,10:44:09,10.47,--,16,16752,买盘
2335,10:44:03,10.47,0.01,10,10470,买盘
2336,10:44:00,10.46,-0.01,6,6276,卖盘
2337,10:43:57,10.47,--,32,33504,买盘
2338,10:43:54,10.47,--,40,41880,买盘
2339,10:43:51,10.47,--,16,16752,买盘
2340,10:43:39,10.47,--,296,309912,卖盘
2341,10:43:36,10.47,--,55,57585,卖盘
2342,10:43:33,10.47,-0.01,12,12564,卖盘
2343,10:43:30,10.48,--,200,209600,买盘
2344,10:43:27,10.48,0.01,70,73360,买盘
2345,10:43:15,10.47,--,10,10470,卖盘
2346,10:43:03,10.47,--,221,231387,买盘
2347,10:42:51,10.47,--,20,20940,买盘
2348,10:42:45,10.47,--,5,5235,买盘
2349,10:42:42,10.47,--,60,62820,买盘
2350,10:42:33,10.47,--,2,2094,买盘
2351,10:42:30,10.47,--,9,9423,买盘
2352,10:42:27,10.47,--,5,5235,买盘
2353,10:42:18,10.47,--,60,62820,买盘
2354,10:42:12,10.47,-0.01,38,39786,卖盘
2355,10:42:06,10.48,0.01,4,4192,买盘
2356,10:42:00,10.47,--,34,35598,卖盘
2357,10:41:51,10.47,--,5,5235,卖盘
2358,10:41:48,10.47,--,3,3141,卖盘
2359,10:41:42,10.47,-0.01,409,428223,卖盘
2360,10:41:39,10.48,0.01,5,5240,买盘
2361,10:41:36,10.47,-0.01,28,29316,卖盘
2362,10:41:30,10.48,0.01,5,5240,买盘
2363,10:41:24,10.47,--,5,5235,卖盘
2364,10:41:21,10.47,--,94,98418,卖盘
2365,10:41:18,10.47,-0.01,27,28269,卖盘
2366,10:41:12,10.48,0.01,10,10480,买盘
2367,10:41:09,10.47,--,40,41880,卖盘
2368,10:41:03,10.47,-0.01,2,2094,卖盘
2369,10:40:57,10.48,0.01,505,529240,买盘
2370,10:40:48,10.47,-0.01,140,146580,卖盘
2371,10:40:45,10.48,0.01,309,323832,买盘
2372,10:40:39,10.47,--,4,4188,卖盘
2373,10:40:30,10.47,--,8,8376,卖盘
2374,10:40:27,10.47,--,29,30363,卖盘
2375,10:40:24,10.47,--,6,6282,卖盘
2376,10:40:15,10.47,-0.01,45,47115,卖盘
2377,10:40:00,10.48,0.01,21,22008,买盘
2378,10:39:57,10.47,--,10,10470,卖盘
2379,10:39:51,10.47,-0.01,40,41880,卖盘
2380,10:39:48,10.48,0.01,10,10480,买盘
2381,10:39:42,10.47,-0.01,61,63867,卖盘
2382,10:39:33,10.48,--,201,210648,买盘
2383,10:39:30,10.48,--,7,7336,买盘
2384,10:39:24,10.48,--,4,4192,买盘
2385,10:39:21,10.48,--,44,46112,买盘
2386,10:39:00,10.48,0.01,7,7336,买盘
2387,10:38:48,10.47,-0.01,26,27222,卖盘
2388,10:38:45,10.48,--,20,20960,买盘
2389,10:38:42,10.48,--,22,23056,买盘
2390,10:38:36,10.48,0.01,24,25152,买盘
2391,10:38:33,10.47,--,20,20940,卖盘
2392,10:38:30,10.47,-0.01,2,2094,卖盘
2393,10:38:27,10.48,--,85,89080,买盘
2394,10:38:24,10.48,--,4,4192,买盘
2395,10:38:21,10.48,0.01,5,5240,买盘
2396,10:38:18,10.47,--,113,118311,卖盘
2397,10:38:15,10.47,--,25,26175,卖盘
2398,10:38:09,10.47,--,1,1047,卖盘
2399,10:38:06,10.47,--,73,76431,卖盘
2400,10:38:00,10.47,--,1,1047,卖盘
2401,10:37:51,10.47,-0.01,54,56538,卖盘
2402,10:37:48,10.48,--,39,40872,买盘
2403,10:37:42,10.48,0.01,3,3144,买盘
2404,10:37:39,10.47,-0.01,505,528735,卖盘
2405,10:37:18,10.48,--,5,5240,买盘
2406,10:37:15,10.48,0.01,13,13624,买盘
2407,10:37:06,10.47,--,13,13611,卖盘
2408,10:37:03,10.47,--,388,406236,卖盘
2409,10:37:00,10.47,--,5,5235,卖盘
2410,10:36:57,10.47,--,225,235575,卖盘
2411,10:36:54,10.47,-0.01,20,20940,卖盘
2412,10:36:51,10.48,0.01,20,20960,买盘
2413,10:36:42,10.47,--,242,253374,卖盘
2414,10:36:33,10.47,--,5,5235,卖盘
2415,10:36:30,10.47,--,10,10470,卖盘
2416,10:36:24,10.47,-0.01,10,10470,卖盘
2417,10:36:21,10.48,--,5,5240,买盘
2418,10:36:18,10.48,0.01,4,4192,买盘
2419,10:36:15,10.47,--,30,31410,卖盘
2420,10:36:12,10.47,--,80,83760,卖盘
2421,10:36:09,10.47,--,1,1047,卖盘
2422,10:36:06,10.47,-0.01,70,73290,卖盘
2423,10:36:03,10.48,--,4,4192,买盘
2424,10:36:00,10.48,--,18,18864,买盘
2425,10:35:54,10.48,--,51,53448,买盘
2426,10:35:51,10.48,0.01,5,5240,买盘
2427,10:35:42,10.47,-0.01,3,3141,卖盘
2428,10:35:36,10.48,0.01,10,10480,买盘
2429,10:35:30,10.47,-0.01,13,13611,卖盘
2430,10:35:24,10.48,0.01,10,10480,买盘
2431,10:35:21,10.47,--,10,10470,卖盘
2432,10:35:12,10.47,--,32,33504,卖盘
2433,10:35:09,10.47,--,100,104700,卖盘
2434,10:35:03,10.47,--,6,6282,卖盘
2435,10:34:51,10.47,--,2,2094,卖盘
2436,10:34:48,10.47,--,20,20940,卖盘
2437,10:34:42,10.47,-0.01,10,10470,卖盘
2438,10:34:39,10.48,0.01,10,10480,买盘
2439,10:34:36,10.47,--,10,10470,卖盘
2440,10:34:21,10.47,-0.01,1,1047,卖盘
2441,10:34:18,10.48,--,1,1048,买盘
2442,10:34:15,10.48,--,4,4192,买盘
2443,10:34:12,10.48,0.01,5,5240,买盘
2444,10:34:09,10.47,--,19,19893,卖盘
2445,10:34:06,10.47,--,10,10470,卖盘
2446,10:34:03,10.47,-0.01,7,7329,卖盘
2447,10:34:00,10.48,--,100,104800,买盘
2448,10:33:57,10.48,0.01,66,69168,买盘
2449,10:33:42,10.47,-0.01,50,52350,卖盘
2450,10:33:36,10.48,0.01,3,3144,买盘
2451,10:33:33,10.47,--,20,20940,卖盘
2452,10:33:30,10.47,-0.01,90,94230,买盘
2453,10:33:27,10.48,--,76,79648,买盘
2454,10:33:24,10.48,--,2,2096,买盘
2455,10:33:21,10.48,0.01,23,24104,买盘
2456,10:33:18,10.47,-0.01,1,1047,卖盘
2457,10:33:15,10.48,--,6,6288,买盘
2458,10:33:12,10.48,--,60,62880,买盘
2459,10:33:09,10.48,0.01,15,15720,买盘
2460,10:33:06,10.47,0.01,1,1047,买盘
2461,10:33:03,10.46,-0.02,12,12552,卖盘
2462,10:32:51,10.48,0.02,149,156152,买盘
2463,10:32:39,10.46,--,10,10460,卖盘
2464,10:32:36,10.46,-0.01,70,73220,卖盘
2465,10:32:33,10.47,--,26,27222,买盘
2466,10:32:30,10.47,0.01,5,5235,买盘
2467,10:32:24,10.46,-0.01,3,3138,卖盘
2468,10:32:21,10.47,0.01,39,40833,买盘
2469,10:32:12,10.46,--,116,121336,卖盘
2470,10:32:06,10.46,-0.01,50,52300,卖盘
2471,10:32:03,10.47,0.01,23,24081,买盘
2472,10:31:57,10.46,--,100,104600,卖盘
2473,10:31:51,10.46,-0.01,795,831998,卖盘
2474,10:31:45,10.47,--,10,10470,买盘
2475,10:31:39,10.47,--,25,26175,买盘
2476,10:31:36,10.47,--,20,20940,买盘
2477,10:31:33,10.47,--,10,10470,买盘
2478,10:31:30,10.47,--,10,10470,买盘
2479,10:31:27,10.47,--,1,1047,买盘
2480,10:31:21,10.47,-0.01,20,20940,中性盘
2481,10:31:15,10.48,--,4,4192,买盘
2482,10:31:12,10.48,--,175,183400,买盘
2483,10:31:09,10.48,--,7,7336,买盘
2484,10:31:03,10.48,0.01,22,23056,买盘
2485,10:30:57,10.47,--,1072,1122384,买盘
2486,10:30:54,10.47,0.01,30,31410,买盘
2487,10:30:51,10.46,-0.01,391,408986,卖盘
2488,10:30:42,10.47,--,207,216729,买盘
2489,10:30:36,10.47,--,20,20940,买盘
2490,10:30:33,10.47,0.01,4,4188,买盘
2491,10:30:30,10.46,-0.01,50,52300,卖盘
2492,10:30:18,10.47,--,26,27222,买盘
2493,10:30:15,10.47,--,5,5235,买盘
2494,10:30:12,10.47,--,3,3141,买盘
2495,10:30:06,10.47,--,257,269079,买盘
2496,10:30:03,10.47,--,16,16752,买盘
2497,10:29:57,10.47,--,5,5235,买盘
2498,10:29:54,10.47,--,10,10470,买盘
2499,10:29:51,10.47,0.01,10,10470,买盘
2500,10:29:48,10.46,-0.01,4,4184,卖盘
2501,10:29:45,10.47,--,517,541299,卖盘
2502,10:29:42,10.47,-0.01,10,10470,卖盘
2503,10:29:39,10.48,--,29,30392,买盘
2504,10:29:36,10.48,0.01,23,24104,买盘
2505,10:29:33,10.47,--,9,9423,卖盘
2506,10:29:24,10.47,0.01,11,11517,买盘
2507,10:29:21,10.46,--,13,13598,卖盘
2508,10:29:18,10.46,--,51,53346,卖盘
2509,10:29:15,10.46,-0.01,320,334720,卖盘
2510,10:29:09,10.47,--,54,56538,买盘
2511,10:29:06,10.47,--,53,55491,买盘
2512,10:29:03,10.47,--,30,31410,买盘
2513,10:29:00,10.47,--,10,10470,买盘
2514,10:28:57,10.47,--,19,19893,买盘
2515,10:28:54,10.47,--,409,428223,买盘
2516,10:28:51,10.47,--,4,4188,买盘
2517,10:28:48,10.47,--,2,2094,买盘
2518,10:28:45,10.47,--,1,1047,买盘
2519,10:28:42,10.47,0.01,64,67008,买盘
2520,10:28:39,10.46,-0.01,16,16736,卖盘
2521,10:28:36,10.47,0.01,100,104700,买盘
2522,10:28:33,10.46,--,7,7322,卖盘
2523,10:28:30,10.46,-0.01,7,7322,卖盘
2524,10:28:27,10.47,--,2,2094,买盘
2525,10:28:24,10.47,--,60,62820,买盘
2526,10:28:21,10.47,0.01,10,10470,买盘
2527,10:28:15,10.46,-0.01,59,61714,卖盘
2528,10:28:12,10.47,0.01,27,28269,买盘
2529,10:28:09,10.46,-0.01,15,15690,卖盘
2530,10:28:06,10.47,--,120,125640,买盘
2531,10:28:03,10.47,--,24,25128,买盘
2532,10:27:57,10.47,--,23,24081,买盘
2533,10:27:54,10.47,--,106,110982,买盘
2534,10:27:51,10.47,--,11,11517,买盘
2535,10:27:48,10.47,0.01,23,24081,买盘
2536,10:27:45,10.46,-0.01,3,3138,卖盘
2537,10:27:42,10.47,0.01,1,1047,买盘
2538,10:27:39,10.46,-0.01,10,10460,卖盘
2539,10:27:36,10.47,0.01,20,20940,买盘
2540,10:27:30,10.46,-0.01,9,9414,卖盘
2541,10:27:24,10.47,--,20,20940,买盘
2542,10:27:21,10.47,-0.01,249,260703,卖盘
2543,10:27:18,10.48,--,29,30392,买盘
2544,10:27:12,10.48,0.01,49,51352,买盘
2545,10:27:09,10.47,--,1,1047,卖盘
2546,10:27:06,10.47,-0.01,14,14658,卖盘
2547,10:27:03,10.48,0.01,106,111088,买盘
2548,10:27:00,10.47,0.01,5,5235,卖盘
2549,10:26:51,10.46,--,700,732200,卖盘
2550,10:26:45,10.46,-0.01,974,1019578,卖盘
2551,10:26:39,10.47,--,31,32457,买盘
2552,10:26:36,10.47,--,48,50256,买盘
2553,10:26:33,10.47,--,20,20940,买盘
2554,10:26:30,10.47,--,40,41880,买盘
2555,10:26:27,10.47,--,256,268032,买盘
2556,10:26:24,10.47,--,10,10470,买盘
2557,10:26:21,10.47,--,101,105747,买盘
2558,10:26:15,10.47,--,10,10470,买盘
2559,10:26:12,10.47,--,30,31410,买盘
2560,10:26:09,10.47,--,71,74337,买盘
2561,10:26:03,10.47,0.01,18,18846,买盘
2562,10:26:00,10.46,--,98,102508,卖盘
2563,10:25:54,10.46,--,70,73220,卖盘
2564,10:25:51,10.46,--,20,20920,卖盘
2565,10:25:45,10.46,--,10,10460,卖盘
2566,10:25:42,10.46,--,95,100353,买盘
2567,10:25:39,10.46,--,62,64852,买盘
2568,10:25:36,10.46,--,45,47070,买盘
2569,10:25:33,10.46,--,5,5230,买盘
2570,10:25:30,10.46,--,198,207108,买盘
2571,10:25:27,10.46,--,215,224890,买盘
2572,10:25:24,10.46,--,849,888054,买盘
2573,10:25:21,10.46,--,1075,1124450,买盘
2574,10:25:18,10.46,--,106,110876,买盘
2575,10:25:15,10.46,--,147,153762,买盘
2576,10:25:12,10.46,--,2,2092,买盘
2577,10:25:09,10.46,0.01,377,394342,买盘
2578,10:25:06,10.45,-0.01,27,28214,卖盘
2579,10:25:03,10.46,--,5,5230,买盘
2580,10:24:54,10.46,0.01,147,153762,买盘
2581,10:24:51,10.45,-0.01,920,961399,卖盘
2582,10:24:42,10.46,0.01,45,47070,买盘
2583,10:24:39,10.45,-0.01,306,319770,卖盘
2584,10:24:36,10.46,--,1005,1051230,买盘
2585,10:24:33,10.46,0.01,6,6276,买盘
2586,10:24:30,10.45,--,38,39710,卖盘
2587,10:24:24,10.45,-0.01,73,76995,卖盘
2588,10:24:15,10.46,0.01,8,8368,买盘
2589,10:24:09,10.45,-0.01,72,75240,卖盘
2590,10:24:06,10.46,--,7,7322,买盘
2591,10:24:03,10.46,0.01,5,5230,买盘
2592,10:24:00,10.45,-0.01,71,74195,卖盘
2593,10:23:57,10.46,--,3,3138,买盘
2594,10:23:54,10.46,0.01,55,57530,买盘
2595,10:23:45,10.45,-0.01,60,62699,卖盘
2596,10:23:42,10.46,--,88,92048,买盘
2597,10:23:39,10.46,0.01,61,63806,买盘
2598,10:23:24,10.45,--,11,11495,卖盘
2599,10:23:21,10.45,-0.01,40,41800,卖盘
2600,10:23:18,10.46,--,47,49162,买盘
2601,10:23:09,10.46,0.01,10,10460,买盘
2602,10:23:03,10.45,--,46,48070,卖盘
2603,10:23:00,10.45,-0.01,30,31349,卖盘
2604,10:22:57,10.46,0.01,13,14037,买盘
2605,10:22:48,10.45,--,21,21945,卖盘
2606,10:22:45,10.45,--,10,10450,卖盘
2607,10:22:42,10.45,--,58,60609,卖盘
2608,10:22:36,10.45,--,119,124354,卖盘
2609,10:22:30,10.45,--,15,15674,卖盘
2610,10:22:27,10.45,--,10,10450,卖盘
2611,10:22:24,10.45,-0.01,129,134805,卖盘
2612,10:22:21,10.46,--,157,164222,买盘
2613,10:22:18,10.46,--,100,104600,买盘
2614,10:22:15,10.46,0.01,4,4184,买盘
2615,10:22:12,10.45,-0.01,10,10450,卖盘
2616,10:22:09,10.46,--,34,35564,买盘
2617,10:22:06,10.46,--,21,21966,买盘
2618,10:22:03,10.46,--,15,15690,买盘
2619,10:22:00,10.46,--,1006,1052276,买盘
2620,10:21:57,10.46,0.01,5,5230,买盘
2621,10:21:54,10.45,-0.01,4,4180,卖盘
2622,10:21:48,10.46,--,4,4184,买盘
2623,10:21:42,10.46,--,1,1046,买盘
2624,10:21:36,10.46,0.01,5,5230,买盘
2625,10:21:33,10.45,--,3,3135,卖盘
2626,10:21:30,10.45,-0.01,7,7314,卖盘
2627,10:21:27,10.46,0.01,4,4184,买盘
2628,10:21:24,10.45,--,75,78375,卖盘
2629,10:21:21,10.45,-0.01,28,29259,卖盘
2630,10:21:18,10.46,0.01,47,49162,买盘
2631,10:21:12,10.45,--,10,10450,卖盘
2632,10:21:09,10.45,--,19,19855,卖盘
2633,10:21:06,10.45,-0.01,70,73150,卖盘
2634,10:21:03,10.46,0.01,5,5230,买盘
2635,10:21:00,10.45,--,14,14629,卖盘
2636,10:20:57,10.45,-0.01,144,150480,卖盘
2637,10:20:54,10.46,--,5,5230,买盘
2638,10:20:51,10.46,--,3,3138,买盘
2639,10:20:48,10.46,--,1,1046,买盘
2640,10:20:45,10.46,--,30,31380,买盘
2641,10:20:42,10.46,0.01,16,16736,买盘
2642,10:20:39,10.45,--,0,470,卖盘
2643,10:20:33,10.45,-0.01,125,130624,卖盘
2644,10:20:30,10.46,0.01,57,59622,买盘
2645,10:20:27,10.45,-0.01,9,9405,卖盘
2646,10:20:24,10.46,0.01,13,13598,买盘
2647,10:20:21,10.45,-0.01,58,60609,卖盘
2648,10:20:18,10.46,--,10,10460,买盘
2649,10:20:15,10.46,0.01,23,24058,买盘
2650,10:20:12,10.45,-0.01,210,219449,卖盘
2651,10:20:09,10.46,0.01,47,49162,买盘
2652,10:20:06,10.45,--,52,54339,卖盘
2653,10:20:03,10.45,-0.01,6,6270,卖盘
2654,10:19:57,10.46,0.01,88,92048,买盘
2655,10:19:54,10.45,--,1,1045,卖盘
2656,10:19:51,10.45,-0.01,10,10450,卖盘
2657,10:19:48,10.46,0.01,50,52300,买盘
2658,10:19:42,10.45,--,1,1045,卖盘
2659,10:19:36,10.45,--,39,40755,卖盘
2660,10:19:33,10.45,--,10,10450,卖盘
2661,10:19:30,10.45,--,20,20900,卖盘
2662,10:19:24,10.45,--,103,107634,卖盘
2663,10:19:15,10.45,--,30,31349,卖盘
2664,10:19:12,10.45,--,6,6270,卖盘
2665,10:19:09,10.45,--,6,6270,卖盘
2666,10:19:03,10.45,--,11,11495,卖盘
2667,10:19:00,10.45,--,23,24035,卖盘
2668,10:18:57,10.45,--,180,188100,卖盘
2669,10:18:54,10.45,--,2,2090,卖盘
2670,10:18:51,10.45,-0.01,85,88825,卖盘
2671,10:18:42,10.46,0.01,9,9414,买盘
2672,10:18:36,10.45,0.01,40,41800,卖盘
2673,10:18:33,10.44,-0.02,3030,3163320,卖盘
2674,10:18:24,10.46,--,10,10460,买盘
2675,10:18:18,10.46,0.01,8,8368,买盘
2676,10:18:09,10.45,--,46,48070,卖盘
2677,10:18:06,10.45,--,32,33440,卖盘
2678,10:18:00,10.45,--,60,62699,卖盘
2679,10:17:57,10.45,--,30,31349,卖盘
2680,10:17:54,10.45,--,10,10450,卖盘
2681,10:17:48,10.45,--,10,10450,卖盘
2682,10:17:45,10.45,--,12,13167,买盘
2683,10:17:42,10.45,0.01,144,150480,买盘
2684,10:17:39,10.44,-0.01,2,2088,卖盘
2685,10:17:36,10.45,--,25,26125,买盘
2686,10:17:30,10.45,--,73,76285,买盘
2687,10:17:27,10.45,--,52,54757,卖盘
2688,10:17:24,10.45,-0.01,31,32394,卖盘
2689,10:17:21,10.46,0.01,67,70082,买盘
2690,10:17:18,10.45,--,10,10450,卖盘
2691,10:17:15,10.45,--,370,386650,卖盘
2692,10:17:12,10.45,--,25,26125,卖盘
2693,10:17:09,10.45,-0.01,32,33440,卖盘
2694,10:17:06,10.46,0.01,10,10460,买盘
2695,10:16:57,10.45,--,120,125399,卖盘
2696,10:16:54,10.45,--,112,117039,卖盘
2697,10:16:51,10.45,-0.01,154,160930,卖盘
2698,10:16:48,10.46,0.01,6,6276,买盘
2699,10:16:45,10.45,--,158,165110,卖盘
2700,10:16:42,10.45,--,1,1045,卖盘
2701,10:16:39,10.45,--,63,65835,卖盘
2702,10:16:36,10.45,-0.01,17,18392,卖盘
2703,10:16:33,10.46,0.01,101,105646,买盘
2704,10:16:30,10.45,-0.01,22,22990,卖盘
2705,10:16:27,10.46,0.01,14,14644,买盘
2706,10:16:24,10.45,-0.01,23,24035,卖盘
2707,10:16:21,10.46,0.01,34,35564,买盘
2708,10:16:18,10.45,--,165,172425,卖盘
2709,10:16:15,10.45,--,22,22990,卖盘
2710,10:16:12,10.45,--,25,26125,卖盘
2711,10:16:09,10.45,--,158,165110,卖盘
2712,10:16:06,10.45,--,265,276925,卖盘
2713,10:16:03,10.45,--,26,27169,卖盘
2714,10:16:00,10.45,--,49,51205,卖盘
2715,10:15:57,10.45,--,81,84645,买盘
2716,10:15:54,10.45,--,38,39710,买盘
2717,10:15:51,10.45,--,27,28214,买盘
2718,10:15:48,10.45,0.01,5,5225,买盘
2719,10:15:45,10.44,-0.01,32,33408,卖盘
2720,10:15:42,10.45,--,10,10450,买盘
2721,10:15:39,10.45,0.01,35,36575,买盘
2722,10:15:36,10.44,-0.01,160,167040,卖盘
2723,10:15:33,10.45,0.01,23,24035,买盘
2724,10:15:30,10.44,--,427,445788,卖盘
2725,10:15:27,10.44,--,60,62640,卖盘
2726,10:15:24,10.44,--,131,136764,卖盘
2727,10:15:21,10.44,--,707,738108,卖盘
2728,10:15:18,10.44,--,61,63684,卖盘
2729,10:15:15,10.44,--,2,2088,卖盘
2730,10:15:12,10.44,-0.01,79,82476,卖盘
2731,10:15:09,10.45,--,15,15674,买盘
2732,10:15:03,10.45,--,35,36575,买盘
2733,10:15:00,10.45,-0.01,85,88825,卖盘
2734,10:14:57,10.46,0.01,42,43932,买盘
2735,10:14:54,10.45,-0.01,4548,4752660,卖盘
2736,10:14:51,10.46,--,10,10460,买盘
2737,10:14:48,10.46,0.01,18,18828,买盘
2738,10:14:42,10.45,-0.01,27,28214,卖盘
2739,10:14:39,10.46,--,50,52300,买盘
2740,10:14:36,10.46,--,26,27949,卖盘
2741,10:14:33,10.46,--,11,11798,买盘
2742,10:14:30,10.46,--,8,9121,卖盘
2743,10:14:27,10.46,--,111,116398,买盘
2744,10:14:21,10.46,--,14,15397,卖盘
2745,10:14:18,10.46,--,30,31380,卖盘
2746,10:14:15,10.46,--,62,64852,卖盘
2747,10:14:12,10.46,--,30,31380,卖盘
2748,10:14:09,10.46,--,38,39748,卖盘
2749,10:14:06,10.46,--,387,404802,卖盘
2750,10:14:03,10.46,--,100,104600,卖盘
2751,10:14:00,10.46,-0.01,446,466516,卖盘
2752,10:13:57,10.47,0.01,10,10470,买盘
2753,10:13:54,10.46,-0.01,2,2092,卖盘
2754,10:13:51,10.47,0.01,100,104700,买盘
2755,10:13:48,10.46,--,72,75312,卖盘
2756,10:13:45,10.46,--,604,631784,卖盘
2757,10:13:42,10.46,--,91,95186,卖盘
2758,10:13:36,10.46,--,234,244764,卖盘
2759,10:13:33,10.46,--,41,42886,卖盘
2760,10:13:30,10.46,--,25,26150,卖盘
2761,10:13:27,10.46,--,133,139954,卖盘
2762,10:13:24,10.46,--,51,53346,卖盘
2763,10:13:18,10.46,--,49,51254,卖盘
2764,10:13:12,10.46,--,30,31380,卖盘
2765,10:13:06,10.46,--,60,62760,卖盘
2766,10:13:00,10.46,--,156,163176,卖盘
2767,10:12:57,10.46,-0.01,10,10460,卖盘
2768,10:12:54,10.47,0.01,328,343416,买盘
2769,10:12:51,10.46,--,64,66944,卖盘
2770,10:12:48,10.46,-0.01,22,23012,卖盘
2771,10:12:45,10.47,0.01,30,31410,买盘
2772,10:12:42,10.46,--,634,663164,卖盘
2773,10:12:39,10.46,--,30,31380,卖盘
2774,10:12:36,10.46,--,24,25104,卖盘
2775,10:12:33,10.46,-0.01,36,37656,卖盘
2776,10:12:30,10.47,0.01,10,10470,买盘
2777,10:12:27,10.46,--,7,7322,卖盘
2778,10:12:24,10.46,-0.01,9,9414,卖盘
2779,10:12:21,10.47,--,52,54444,买盘
2780,10:12:18,10.47,0.01,35,36645,买盘
2781,10:12:12,10.46,-0.01,2,2092,卖盘
2782,10:12:09,10.47,0.01,40,41880,买盘
2783,10:12:06,10.46,-0.01,14,14644,卖盘
2784,10:12:03,10.47,--,23,24081,买盘
2785,10:12:00,10.47,-0.01,98,102878,卖盘
2786,10:11:57,10.48,0.01,40,41920,买盘
2787,10:11:54,10.47,--,152,159144,卖盘
2788,10:11:51,10.47,--,62,64914,卖盘
2789,10:11:48,10.47,--,9,9423,卖盘
