,time,price,change,volume,amount,type
0,15:00:03,29.27,0.01,3880,11357550,买盘
1,14:57:00,29.26,--,29,84854,买盘
2,14:56:57,29.26,-0.02,140,409640,卖盘
3,14:56:54,29.28,--,15,43920,买盘
4,14:56:51,29.28,-0.03,216,632448,卖盘
5,14:56:48,29.31,--,33,96723,买盘
6,14:56:45,29.31,0.01,35,102585,买盘
7,14:56:42,29.3,--,60,175800,买盘
8,14:56:39,29.3,--,106,313217,卖盘
9,14:56:36,29.3,0.01,207,606803,买盘
10,14:56:33,29.29,0.02,25,73225,买盘
11,14:56:30,29.27,-0.02,1,2927,卖盘
12,14:56:27,29.29,0.01,12,35148,买盘
13,14:56:24,29.28,-0.01,171,500688,卖盘
14,14:56:21,29.29,--,5,14645,买盘
15,14:56:18,29.29,--,23,67367,买盘
16,14:56:12,29.29,--,14,41006,买盘
17,14:56:09,29.29,-0.01,84,248672,卖盘
18,14:56:06,29.3,--,6,17580,买盘
19,14:56:03,29.3,-0.01,36,105773,卖盘
20,14:56:00,29.31,--,15,43965,买盘
21,14:55:57,29.31,0.01,25,73275,买盘
22,14:55:54,29.3,--,3,8790,卖盘
23,14:55:51,29.3,-0.01,20,58600,卖盘
24,14:55:48,29.31,-0.01,9,26379,卖盘
25,14:55:45,29.32,--,6,17592,买盘
26,14:55:42,29.32,0.02,92,269744,买盘
27,14:55:39,29.3,-0.01,158,462940,卖盘
28,14:55:36,29.31,--,1,2931,买盘
29,14:55:33,29.31,0.01,15,43965,买盘
30,14:55:30,29.3,-0.02,44,128920,卖盘
31,14:55:27,29.32,-0.01,11,32252,卖盘
32,14:55:24,29.33,--,12,35196,买盘
33,14:55:21,29.33,0.03,24,70392,买盘
34,14:55:18,29.3,--,87,254910,卖盘
35,14:55:15,29.3,-0.02,58,169940,卖盘
36,14:55:12,29.32,0.01,20,58640,买盘
37,14:55:09,29.31,-0.01,9,26379,卖盘
38,14:55:06,29.32,-0.01,10,29320,中性盘
39,14:55:03,29.33,--,25,73325,买盘
40,14:55:00,29.33,--,19,55727,买盘
41,14:54:57,29.33,0.01,84,249011,买盘
42,14:54:54,29.32,-0.01,46,135165,卖盘
43,14:54:51,29.33,--,30,87990,买盘
44,14:54:48,29.33,--,8,23464,买盘
45,14:54:45,29.33,0.01,31,90923,买盘
46,14:54:42,29.32,--,43,126076,卖盘
47,14:54:39,29.32,-0.01,100,293200,卖盘
48,14:54:36,29.33,--,14,41062,卖盘
49,14:54:33,29.33,--,47,137851,买盘
50,14:54:30,29.33,--,36,105588,买盘
51,14:54:27,29.33,--,77,225841,卖盘
52,14:54:24,29.33,--,54,158382,卖盘
53,14:54:21,29.33,--,21,61593,卖盘
54,14:54:18,29.33,-0.01,3,8799,卖盘
55,14:54:15,29.34,0.01,6,17604,买盘
56,14:54:12,29.33,--,17,49861,卖盘
57,14:54:09,29.33,-0.02,3,8799,卖盘
58,14:54:06,29.35,0.02,28,82180,买盘
59,14:54:03,29.33,--,12,35196,卖盘
60,14:54:00,29.33,0.01,6,17598,中性盘
61,14:53:57,29.32,--,264,774048,卖盘
62,14:53:54,29.32,-0.01,146,428072,卖盘
63,14:53:51,29.33,0.01,27,79191,买盘
64,14:53:48,29.32,--,11,32252,卖盘
65,14:53:45,29.32,--,20,58640,卖盘
66,14:53:42,29.32,0.02,52,152464,买盘
67,14:53:39,29.3,-0.01,10,29300,卖盘
68,14:53:36,29.31,--,66,193446,卖盘
69,14:53:33,29.31,0.01,13,38103,买盘
70,14:53:30,29.3,--,8,23440,卖盘
71,14:53:27,29.3,-0.01,50,146500,卖盘
72,14:53:24,29.31,0.01,18,52758,买盘
73,14:53:21,29.3,0.03,413,1210090,买盘
74,14:53:18,29.27,--,107,313189,买盘
75,14:53:15,29.27,0.01,18,52686,买盘
76,14:53:12,29.26,--,22,64372,卖盘
77,14:53:09,29.26,0.01,195,570570,买盘
78,14:53:06,29.25,0.01,50,146250,买盘
79,14:53:03,29.24,--,24,70176,卖盘
80,14:53:00,29.24,-0.01,6,17544,卖盘
81,14:52:57,29.25,0.01,61,178425,买盘
82,14:52:54,29.24,--,12,35088,卖盘
83,14:52:51,29.24,--,22,64328,卖盘
84,14:52:48,29.24,--,4,11696,买盘
85,14:52:45,29.24,--,15,43860,买盘
86,14:52:42,29.24,--,22,64328,买盘
87,14:52:39,29.24,0.01,1,2924,买盘
88,14:52:36,29.23,0.01,13,37999,中性盘
89,14:52:33,29.22,--,50,146100,卖盘
90,14:52:30,29.22,--,6,17532,卖盘
91,14:52:27,29.22,--,128,374016,卖盘
92,14:52:24,29.22,0.02,201,587322,买盘
93,14:52:21,29.2,-0.01,90,262800,卖盘
94,14:52:18,29.21,0.01,22,64262,买盘
95,14:52:15,29.2,-0.01,79,230680,卖盘
96,14:52:12,29.21,0.01,27,78867,买盘
97,14:52:09,29.2,--,2,5840,卖盘
98,14:52:06,29.2,--,6,17520,卖盘
99,14:52:03,29.2,--,17,49640,卖盘
100,14:52:00,29.2,--,105,306600,买盘
101,14:51:57,29.2,--,71,207320,买盘
102,14:51:54,29.2,0.01,40,116800,买盘
103,14:51:51,29.19,--,3,8757,卖盘
104,14:51:48,29.19,-0.01,18,52542,卖盘
105,14:51:45,29.2,--,19,55480,买盘
106,14:51:42,29.2,0.02,18,52560,买盘
107,14:51:39,29.18,--,31,90458,卖盘
108,14:51:36,29.18,-0.02,3,8754,卖盘
109,14:51:33,29.2,--,10,29200,买盘
110,14:51:30,29.2,--,57,166440,买盘
111,14:51:27,29.2,0.02,6,17520,买盘
112,14:51:24,29.18,-0.02,45,131310,卖盘
113,14:51:21,29.2,--,33,96360,卖盘
114,14:51:18,29.2,--,16,46720,卖盘
115,14:51:15,29.2,--,45,131400,买盘
116,14:51:12,29.2,--,17,49640,买盘
117,14:51:09,29.2,0.02,45,131400,买盘
118,14:51:06,29.18,--,56,163408,卖盘
119,14:51:03,29.18,-0.02,22,64196,卖盘
120,14:51:00,29.2,-0.01,53,154760,卖盘
121,14:50:57,29.21,--,1,2921,买盘
122,14:50:54,29.21,--,14,40894,买盘
123,14:50:51,29.21,--,5,14605,买盘
124,14:50:48,29.21,--,7,20447,买盘
125,14:50:45,29.21,0.01,1,2921,买盘
126,14:50:42,29.2,0.02,89,259880,中性盘
127,14:50:39,29.18,-0.03,23,67114,卖盘
128,14:50:36,29.21,0.01,53,154813,买盘
129,14:50:33,29.2,-0.01,16,46720,买盘
130,14:50:30,29.21,0.01,161,470281,中性盘
131,14:50:27,29.2,-0.02,54,157680,卖盘
132,14:50:24,29.22,0.01,25,73050,买盘
133,14:50:21,29.21,--,5,14605,买盘
134,14:50:18,29.21,--,29,84709,卖盘
135,14:50:15,29.21,-0.01,67,195707,卖盘
136,14:50:12,29.22,0.03,112,327264,卖盘
137,14:50:09,29.19,-0.06,50,145950,卖盘
138,14:50:06,29.25,0.04,66,193050,买盘
139,14:50:03,29.21,--,58,169418,卖盘
140,14:50:00,29.21,0.01,26,75946,中性盘
141,14:49:57,29.2,-0.01,159,464280,卖盘
142,14:49:54,29.21,--,29,84709,买盘
143,14:49:51,29.21,0.01,7,20447,买盘
144,14:49:48,29.2,--,19,55480,卖盘
145,14:49:45,29.2,--,53,154760,卖盘
146,14:49:42,29.2,--,240,702260,买盘
147,14:49:39,29.2,--,17,49640,买盘
148,14:49:33,29.2,0.02,491,1433720,买盘
149,14:49:30,29.18,--,1,2918,卖盘
150,14:49:27,29.18,--,12,35016,卖盘
151,14:49:24,29.18,0.01,321,936678,买盘
152,14:49:21,29.17,0.02,43,125431,买盘
153,14:49:18,29.15,--,4,11660,卖盘
154,14:49:15,29.15,-0.03,39,113685,卖盘
155,14:49:12,29.18,0.03,90,262620,买盘
156,14:49:09,29.15,0.01,5,14575,中性盘
157,14:49:06,29.14,0.01,14,40796,中性盘
158,14:49:03,29.13,--,88,256344,卖盘
159,14:49:00,29.13,--,33,96129,卖盘
160,14:48:57,29.13,--,13,37869,卖盘
161,14:48:54,29.13,--,353,1030590,买盘
162,14:48:51,29.13,--,3,8739,买盘
163,14:48:48,29.13,--,57,166041,买盘
164,14:48:45,29.13,--,461,1342893,买盘
165,14:48:42,29.13,0.01,524,1526412,买盘
166,14:48:39,29.12,--,284,827008,卖盘
167,14:48:36,29.12,-0.01,2,5824,卖盘
168,14:48:30,29.13,--,17,49521,买盘
169,14:48:24,29.13,-0.01,719,2095058,卖盘
170,14:48:21,29.14,--,75,218550,买盘
171,14:48:15,29.14,0.01,15,43710,买盘
172,14:48:12,29.13,-0.01,18,52434,卖盘
173,14:48:09,29.14,0.02,537,1564818,买盘
174,14:48:06,29.12,-0.02,32,93184,卖盘
175,14:48:03,29.14,0.02,31,90334,买盘
176,14:48:00,29.12,-0.01,83,241696,卖盘
177,14:47:57,29.13,--,23,66999,买盘
178,14:47:54,29.13,-0.01,16,46608,中性盘
179,14:47:51,29.14,0.01,11,32054,买盘
180,14:47:48,29.13,-0.01,13,37869,中性盘
181,14:47:45,29.14,--,30,87420,买盘
182,14:47:42,29.14,0.01,167,486638,买盘
183,14:47:39,29.13,-0.01,152,442776,卖盘
184,14:47:36,29.14,0.01,8,23312,买盘
185,14:47:33,29.13,--,14,40782,卖盘
186,14:47:30,29.13,--,121,352473,卖盘
187,14:47:27,29.13,-0.02,52,151476,卖盘
188,14:47:24,29.15,--,29,84535,买盘
189,14:47:21,29.15,0.01,6,17490,买盘
190,14:47:18,29.14,-0.01,25,72850,卖盘
191,14:47:15,29.15,0.03,52,151580,买盘
192,14:47:12,29.12,-0.03,163,474656,卖盘
193,14:47:09,29.15,0.02,29,84535,买盘
194,14:47:06,29.13,-0.01,66,192258,卖盘
195,14:47:03,29.14,-0.01,157,457498,卖盘
196,14:47:00,29.15,0.01,16,46640,卖盘
197,14:46:57,29.14,-0.03,41,119474,卖盘
198,14:46:54,29.17,--,82,239194,买盘
199,14:46:51,29.17,--,8,23336,买盘
200,14:46:48,29.17,--,113,329621,买盘
201,14:46:45,29.17,0.01,32,93344,买盘
202,14:46:42,29.16,-0.01,78,227448,卖盘
203,14:46:39,29.17,--,10,29170,买盘
204,14:46:36,29.17,0.02,36,105012,买盘
205,14:46:33,29.15,-0.03,614,1789810,卖盘
206,14:46:30,29.18,0.01,48,140064,买盘
207,14:46:27,29.17,--,47,137099,卖盘
208,14:46:24,29.17,--,69,201273,卖盘
209,14:46:21,29.17,0.01,63,183771,买盘
210,14:46:18,29.16,--,13,37908,买盘
211,14:46:15,29.16,--,146,425736,中性盘
212,14:46:12,29.16,-0.02,13,37908,中性盘
213,14:46:09,29.18,0.03,28,81704,买盘
214,14:46:06,29.15,-0.03,12,34980,卖盘
215,14:46:03,29.18,0.02,11,32098,买盘
216,14:46:00,29.16,-0.02,222,647352,卖盘
217,14:45:57,29.18,-0.01,84,245112,卖盘
218,14:45:54,29.19,--,88,256872,买盘
219,14:45:51,29.19,--,32,93408,买盘
220,14:45:48,29.19,--,212,620871,卖盘
221,14:45:45,29.19,-0.03,409,1193871,卖盘
222,14:45:42,29.22,0.02,20,58440,买盘
223,14:45:39,29.2,--,60,175200,买盘
224,14:45:36,29.2,--,47,137240,卖盘
225,14:45:33,29.2,-0.02,125,365000,卖盘
226,14:45:30,29.22,0.02,46,134412,中性盘
227,14:45:27,29.2,-0.02,120,350400,卖盘
228,14:45:24,29.22,--,19,55518,卖盘
229,14:45:21,29.22,--,10,29220,卖盘
230,14:45:18,29.22,0.03,107,312654,买盘
231,14:45:15,29.19,--,3,8757,卖盘
232,14:45:12,29.19,0.01,363,1060472,买盘
233,14:45:09,29.18,-0.01,27,78786,卖盘
234,14:45:06,29.19,--,10,29190,买盘
235,14:45:03,29.19,--,11,32109,买盘
236,14:45:00,29.19,--,33,96327,买盘
237,14:44:54,29.19,--,184,537096,买盘
238,14:44:51,29.19,-0.03,384,1122939,卖盘
239,14:44:48,29.22,0.02,19,55518,买盘
240,14:44:45,29.2,--,22,65116,买盘
241,14:44:42,29.2,--,21,61320,买盘
242,14:44:39,29.2,--,61,178120,买盘
243,14:44:36,29.2,0.01,151,440920,买盘
244,14:44:33,29.19,-0.03,186,544977,卖盘
245,14:44:30,29.22,--,31,90582,卖盘
246,14:44:27,29.22,0.02,17,49674,买盘
247,14:44:24,29.2,--,17,50516,卖盘
248,14:44:21,29.2,--,16,46720,卖盘
249,14:44:18,29.2,--,22,64240,卖盘
250,14:44:15,29.2,--,81,236520,买盘
251,14:44:12,29.2,--,558,1629360,买盘
252,14:44:09,29.2,0.02,182,531440,买盘
253,14:44:06,29.18,0.03,295,860810,买盘
254,14:44:03,29.15,--,54,157410,卖盘
255,14:44:00,29.15,-0.01,555,1617825,卖盘
256,14:43:57,29.16,-0.02,3,8748,中性盘
257,14:43:54,29.18,--,17,49606,买盘
258,14:43:51,29.18,--,10,29180,买盘
259,14:43:48,29.18,--,7,20426,买盘
260,14:43:45,29.18,0.03,27,80595,买盘
261,14:43:42,29.15,--,7,20405,买盘
262,14:43:39,29.15,--,6,17490,买盘
263,14:43:36,29.15,-0.03,608,1773427,卖盘
264,14:43:33,29.18,-0.01,38,110884,卖盘
265,14:43:30,29.19,--,9,26271,卖盘
266,14:43:27,29.19,-0.01,12,35028,卖盘
267,14:43:24,29.2,--,6,17520,买盘
268,14:43:21,29.2,--,15,43800,买盘
269,14:43:18,29.2,-0.02,1479,4318680,卖盘
270,14:43:15,29.22,-0.02,24,70128,卖盘
271,14:43:12,29.24,0.03,33,96492,买盘
272,14:43:09,29.21,-0.01,187,546227,卖盘
273,14:43:06,29.22,-0.01,8,23376,卖盘
274,14:43:03,29.23,--,2,5846,买盘
275,14:43:00,29.23,-0.02,20,58460,卖盘
276,14:42:57,29.25,--,207,605475,买盘
277,14:42:54,29.25,--,12,35100,买盘
278,14:42:51,29.25,--,4,11700,卖盘
279,14:42:48,29.25,-0.02,35,102375,卖盘
280,14:42:45,29.27,--,3,8781,买盘
281,14:42:42,29.27,0.02,25,73175,买盘
282,14:42:39,29.25,0.01,15,43875,买盘
283,14:42:36,29.24,-0.03,4,11696,卖盘
284,14:42:33,29.27,--,61,178547,买盘
285,14:42:30,29.27,0.02,6,17562,买盘
286,14:42:27,29.25,--,17,49725,卖盘
287,14:42:24,29.25,-0.03,35,102375,卖盘
288,14:42:21,29.28,--,8,23424,买盘
289,14:42:18,29.28,--,99,289872,买盘
290,14:42:15,29.28,0.03,17,49776,买盘
291,14:42:12,29.25,--,16,46800,买盘
292,14:42:09,29.25,0.01,12,35100,买盘
293,14:42:06,29.24,-0.06,40,119299,卖盘
294,14:42:03,29.3,0.05,10,29300,买盘
295,14:42:00,29.25,--,19,55575,卖盘
296,14:41:57,29.25,-0.03,27,78975,卖盘
297,14:41:54,29.28,0.01,6,17568,买盘
298,14:41:51,29.27,-0.01,5,14635,卖盘
299,14:41:48,29.28,--,2,5856,买盘
300,14:41:45,29.28,--,6,17568,买盘
301,14:41:42,29.28,--,6,17568,买盘
302,14:41:39,29.28,-0.03,501,1467513,卖盘
303,14:41:36,29.31,--,16,46896,买盘
304,14:41:33,29.31,0.01,81,237411,中性盘
305,14:41:30,29.3,-0.01,38,111340,卖盘
306,14:41:27,29.31,0.01,16,49240,买盘
307,14:41:24,29.3,-0.01,26,76180,卖盘
308,14:41:21,29.31,--,24,70344,买盘
309,14:41:18,29.31,0.01,8,23448,卖盘
310,14:41:15,29.3,--,10,29300,卖盘
311,14:41:12,29.3,-0.01,13,38090,卖盘
312,14:41:09,29.31,0.01,44,128964,买盘
313,14:41:06,29.3,--,17,49810,卖盘
314,14:41:03,29.3,--,31,90830,卖盘
315,14:41:00,29.3,-0.01,57,167010,卖盘
316,14:40:57,29.31,--,17,49827,买盘
317,14:40:54,29.31,0.01,66,193446,买盘
318,14:40:51,29.3,--,11,32230,买盘
319,14:40:48,29.3,-0.01,2,5860,卖盘
320,14:40:45,29.31,0.01,26,76206,买盘
321,14:40:42,29.3,--,17,49810,卖盘
322,14:40:39,29.3,--,20,58600,卖盘
323,14:40:36,29.3,0.01,57,167010,买盘
324,14:40:33,29.29,0.01,308,902132,买盘
325,14:40:30,29.28,-0.01,18,52704,中性盘
326,14:40:27,29.29,0.01,52,152308,买盘
327,14:40:24,29.28,--,84,245952,卖盘
328,14:40:18,29.28,-0.02,144,421632,卖盘
329,14:40:15,29.3,0.01,3,8790,买盘
330,14:40:12,29.29,--,6,17574,卖盘
331,14:40:09,29.29,--,1,2929,卖盘
332,14:40:06,29.29,-0.01,26,76154,卖盘
333,14:40:03,29.3,0.01,3,8790,买盘
334,14:40:00,29.29,-0.01,24,70296,卖盘
335,14:39:57,29.3,-0.01,64,187520,卖盘
336,14:39:54,29.31,--,22,64482,买盘
337,14:39:51,29.31,--,1175,3443925,买盘
338,14:39:48,29.31,0.01,3,8793,买盘
339,14:39:45,29.3,-0.01,11,32230,卖盘
340,14:39:42,29.31,0.01,23,67413,买盘
341,14:39:39,29.3,-0.01,220,644600,卖盘
342,14:39:36,29.31,--,3,8793,买盘
343,14:39:33,29.31,--,9,26379,买盘
344,14:39:30,29.31,0.01,11,32241,中性盘
345,14:39:27,29.3,-0.02,439,1286270,卖盘
346,14:39:21,29.32,--,10,29320,买盘
347,14:39:18,29.32,--,17,49844,买盘
348,14:39:15,29.32,--,10,29320,买盘
349,14:39:12,29.32,--,32,93824,卖盘
350,14:39:09,29.32,--,67,196444,卖盘
351,14:39:06,29.32,-0.01,12,35184,中性盘
352,14:39:00,29.33,0.02,14,41062,买盘
353,14:38:57,29.31,-0.01,68,199894,卖盘
354,14:38:54,29.32,--,113,331316,卖盘
355,14:38:51,29.32,-0.03,120,351840,卖盘
356,14:38:48,29.35,0.02,18,52830,买盘
357,14:38:45,29.33,0.01,13,38129,买盘
358,14:38:42,29.32,-0.01,572,1677104,卖盘
359,14:38:39,29.33,--,27,79191,买盘
360,14:38:36,29.33,--,9,26397,买盘
361,14:38:33,29.33,--,61,178913,买盘
362,14:38:27,29.33,--,38,111454,买盘
363,14:38:24,29.33,--,28,82124,卖盘
364,14:38:21,29.33,-0.02,4,11732,卖盘
365,14:38:18,29.35,--,77,225995,买盘
366,14:38:12,29.35,0.03,22,64570,买盘
367,14:38:09,29.32,-0.03,412,1207984,卖盘
368,14:38:03,29.35,--,10,29350,买盘
369,14:38:00,29.35,0.02,3,8805,中性盘
370,14:37:57,29.33,-0.02,80,234640,卖盘
371,14:37:54,29.35,--,45,132075,卖盘
372,14:37:51,29.35,-0.02,190,557650,买盘
373,14:37:48,29.37,0.02,24,70488,买盘
374,14:37:45,29.35,0.01,589,1731063,买盘
375,14:37:42,29.34,-0.01,63,184842,买盘
376,14:37:39,29.35,0.03,29,85115,买盘
377,14:37:36,29.32,--,107,313724,卖盘
378,14:37:30,29.32,-0.02,16,46912,卖盘
379,14:37:27,29.34,0.03,7,20538,中性盘
380,14:37:21,29.31,-0.06,157,460753,卖盘
381,14:37:18,29.37,0.02,17,49929,买盘
382,14:37:15,29.35,--,20,58700,卖盘
383,14:37:12,29.35,-0.02,66,193710,卖盘
384,14:37:09,29.37,0.02,13,38181,买盘
385,14:37:06,29.35,-0.03,102,299370,卖盘
386,14:37:03,29.38,0.03,104,305552,中性盘
387,14:36:57,29.35,-0.04,1465,4299775,卖盘
388,14:36:54,29.39,0.01,16,47024,买盘
389,14:36:51,29.38,-0.01,271,796198,卖盘
390,14:36:48,29.39,-0.01,6,17634,卖盘
391,14:36:45,29.4,0.01,15,44100,买盘
392,14:36:42,29.39,0.01,11,32329,卖盘
393,14:36:39,29.38,-0.02,20,58760,卖盘
394,14:36:36,29.4,--,29,85260,买盘
395,14:36:27,29.4,-0.01,10,29400,卖盘
396,14:36:24,29.41,--,47,138227,买盘
397,14:36:18,29.41,--,3,8823,买盘
398,14:36:15,29.41,0.01,3,8823,买盘
399,14:36:09,29.4,0.02,1,2940,买盘
400,14:36:06,29.38,-0.02,175,514150,卖盘
401,14:36:03,29.4,-0.01,63,185220,卖盘
402,14:36:00,29.41,-0.01,2,5882,卖盘
403,14:35:57,29.42,0.01,2,5884,买盘
404,14:35:54,29.41,-0.01,35,102935,中性盘
405,14:35:51,29.42,--,2,5884,买盘
406,14:35:48,29.42,--,5,14710,买盘
407,14:35:45,29.42,0.02,1,2942,买盘
408,14:35:42,29.4,-0.02,14,41160,卖盘
409,14:35:39,29.42,0.01,6,17652,买盘
410,14:35:36,29.41,0.01,4,11764,买盘
411,14:35:33,29.4,-0.02,12,35280,卖盘
412,14:35:24,29.42,--,14,41188,买盘
413,14:35:21,29.42,0.01,14,41188,买盘
414,14:35:18,29.41,-0.01,5,14705,中性盘
415,14:35:15,29.42,--,2,5884,买盘
416,14:35:12,29.42,--,85,250070,买盘
417,14:35:06,29.42,--,30,88260,买盘
418,14:35:03,29.42,--,15,44130,买盘
419,14:34:57,29.42,0.01,38,111796,买盘
420,14:34:54,29.41,--,17,49997,买盘
421,14:34:51,29.41,--,5,14705,买盘
422,14:34:48,29.41,0.01,6,17646,卖盘
423,14:34:45,29.4,--,6,17640,卖盘
424,14:34:42,29.4,-0.02,14,41160,卖盘
425,14:34:39,29.42,--,10,29420,买盘
426,14:34:36,29.42,0.02,33,97086,买盘
427,14:34:33,29.4,--,6,17640,卖盘
428,14:34:30,29.4,-0.04,102,299880,卖盘
429,14:34:27,29.44,0.02,552,1625088,买盘
430,14:34:24,29.42,--,111,326562,买盘
431,14:34:18,29.42,0.02,19,55898,买盘
432,14:34:15,29.4,-0.01,600,1764000,卖盘
433,14:34:12,29.41,-0.02,34,99994,卖盘
434,14:34:09,29.43,--,36,105948,买盘
435,14:34:06,29.43,--,67,197181,买盘
436,14:34:03,29.43,--,64,188352,买盘
437,14:34:00,29.43,0.01,16,47088,买盘
438,14:33:57,29.42,0.01,8,23536,买盘
439,14:33:54,29.41,-0.01,11,32351,卖盘
440,14:33:51,29.42,--,18,54780,卖盘
441,14:33:48,29.42,-0.01,24,70608,卖盘
442,14:33:45,29.43,0.01,2,5886,买盘
443,14:33:42,29.42,--,11,32362,卖盘
444,14:33:39,29.42,-0.01,17,50014,卖盘
445,14:33:36,29.43,0.01,15,44145,买盘
446,14:33:33,29.42,0.01,76,224709,买盘
447,14:33:30,29.41,-0.01,6,17646,卖盘
448,14:33:27,29.42,0.01,5,14710,买盘
449,14:33:24,29.41,--,29,85289,买盘
450,14:33:21,29.41,--,6,17646,买盘
451,14:33:18,29.41,--,11,32351,卖盘
452,14:33:15,29.41,--,4,11764,买盘
453,14:33:12,29.41,-0.01,155,455855,中性盘
454,14:33:03,29.42,0.01,59,173578,买盘
455,14:33:00,29.41,0.01,2,5882,买盘
456,14:32:51,29.4,-0.01,42,123480,卖盘
457,14:32:48,29.41,-0.01,211,622374,卖盘
458,14:32:45,29.42,0.01,1,2942,买盘
459,14:32:42,29.41,-0.01,21,61761,卖盘
460,14:32:39,29.42,0.01,32,94144,买盘
461,14:32:36,29.41,--,8,23528,卖盘
462,14:32:33,29.41,-0.01,17,49997,卖盘
463,14:32:30,29.42,0.01,3,8826,买盘
464,14:32:27,29.41,-0.01,2,5882,卖盘
465,14:32:24,29.42,--,13,38246,买盘
466,14:32:21,29.42,0.01,1,2942,买盘
467,14:32:18,29.41,-0.02,26,77583,卖盘
468,14:32:15,29.43,0.02,64,188352,买盘
469,14:32:12,29.41,-0.02,12,35292,卖盘
470,14:32:06,29.43,0.03,34,100062,买盘
471,14:32:03,29.4,-0.02,48,141120,卖盘
472,14:32:00,29.42,0.02,25,73550,买盘
473,14:31:57,29.4,-0.02,37,108780,卖盘
474,14:31:54,29.42,--,315,926730,买盘
475,14:31:51,29.42,0.01,3,8826,买盘
476,14:31:48,29.41,--,18,52938,卖盘
477,14:31:42,29.41,--,14,41174,卖盘
478,14:31:39,29.41,0.01,4,11764,买盘
479,14:31:33,29.4,-0.01,52,152880,卖盘
480,14:31:30,29.41,0.01,1,2941,买盘
481,14:31:27,29.4,0.02,35,102900,买盘
482,14:31:24,29.38,-0.02,11,32318,卖盘
483,14:31:21,29.4,0.02,4,11760,买盘
484,14:31:18,29.38,--,18,52884,卖盘
485,14:31:15,29.38,0.01,28,82264,中性盘
486,14:31:12,29.37,-0.03,11,32307,卖盘
487,14:31:09,29.4,--,4,11760,买盘
488,14:31:06,29.4,0.04,42,123480,买盘
489,14:31:03,29.36,-0.02,56,164416,卖盘
490,14:31:00,29.38,0.02,28,82264,买盘
491,14:30:57,29.36,-0.02,36,105696,卖盘
492,14:30:54,29.38,0.01,15,44070,买盘
493,14:30:48,29.37,--,7,20559,卖盘
494,14:30:45,29.37,0.01,14,41118,买盘
495,14:30:42,29.36,-0.01,35,102760,卖盘
496,14:30:39,29.37,--,4,11748,买盘
497,14:30:36,29.37,0.02,3,8811,买盘
498,14:30:33,29.35,--,19,55765,卖盘
499,14:30:27,29.35,-0.01,135,396225,卖盘
500,14:30:24,29.36,0.01,21,64004,买盘
501,14:30:21,29.35,-0.01,1,2935,卖盘
502,14:30:18,29.36,--,4,11744,买盘
503,14:30:15,29.36,--,126,369936,卖盘
504,14:30:12,29.36,--,29,85144,买盘
505,14:30:09,29.36,--,30,88080,买盘
506,14:30:06,29.36,--,8,23488,买盘
507,14:30:03,29.36,--,7,20552,买盘
508,14:30:00,29.36,0.01,4,11744,买盘
509,14:29:54,29.35,-0.01,130,381550,卖盘
510,14:29:51,29.36,--,2,5872,买盘
511,14:29:48,29.36,-0.01,7,20552,中性盘
512,14:29:45,29.37,0.01,10,29370,买盘
513,14:29:42,29.36,--,128,375808,卖盘
514,14:29:39,29.36,--,129,378744,买盘
515,14:29:36,29.36,--,22,64592,卖盘
516,14:29:33,29.36,-0.01,11,32296,卖盘
517,14:29:30,29.37,--,6,17622,买盘
518,14:29:27,29.37,--,13,38181,买盘
519,14:29:21,29.37,--,3,8811,买盘
520,14:29:18,29.37,0.02,12,35244,买盘
521,14:29:12,29.35,-0.01,4,11740,卖盘
522,14:29:09,29.36,--,40,117440,买盘
523,14:29:06,29.36,-0.01,102,299472,卖盘
524,14:29:03,29.37,-0.01,47,138039,卖盘
525,14:29:00,29.38,--,10,29380,买盘
526,14:28:57,29.38,0.01,3,8814,买盘
527,14:28:54,29.37,-0.01,23,67551,卖盘
528,14:28:51,29.38,--,134,393692,买盘
529,14:28:48,29.38,--,3,8814,买盘
530,14:28:42,29.38,--,4,11752,买盘
531,14:28:39,29.38,--,3,8814,买盘
532,14:28:36,29.38,0.01,17,49946,买盘
533,14:28:33,29.37,-0.01,8,23496,卖盘
534,14:28:30,29.38,--,15,44070,买盘
535,14:28:27,29.38,--,3,8814,买盘
536,14:28:24,29.38,--,3,8814,买盘
537,14:28:21,29.38,--,5,14690,买盘
538,14:28:18,29.38,--,7,20566,买盘
539,14:28:15,29.38,--,12,35256,买盘
540,14:28:12,29.38,--,14,41132,买盘
541,14:28:06,29.38,-0.01,17,49946,卖盘
542,14:28:03,29.39,--,13,38207,买盘
543,14:28:00,29.39,0.01,12,35268,买盘
544,14:27:57,29.38,-0.01,2,5876,卖盘
545,14:27:54,29.39,--,3,8817,买盘
546,14:27:51,29.39,0.01,3,8817,买盘
547,14:27:48,29.38,--,5,14690,卖盘
548,14:27:45,29.38,-0.01,84,246792,卖盘
549,14:27:42,29.39,--,47,138133,买盘
550,14:27:36,29.39,-0.01,17,49963,卖盘
551,14:27:30,29.4,--,11,32340,买盘
552,14:27:27,29.4,0.01,6,17640,买盘
553,14:27:24,29.39,--,10,29390,卖盘
554,14:27:21,29.39,--,11,32329,卖盘
555,14:27:15,29.39,-0.01,10,29390,卖盘
556,14:27:12,29.4,--,5,14700,买盘
557,14:27:06,29.4,--,5,14700,买盘
558,14:27:03,29.4,--,3,8820,卖盘
559,14:27:00,29.4,-0.02,32,94080,卖盘
560,14:26:57,29.42,--,5,14710,买盘
561,14:26:54,29.42,--,12,35304,买盘
562,14:26:51,29.42,-0.01,27,79434,卖盘
563,14:26:48,29.43,0.01,5,14715,买盘
564,14:26:45,29.42,--,8,23536,卖盘
565,14:26:42,29.42,--,36,105912,卖盘
566,14:26:39,29.42,-0.01,11,32362,卖盘
567,14:26:36,29.43,--,1,2943,买盘
568,14:26:33,29.43,0.01,733,2157219,买盘
569,14:26:30,29.42,--,16,47072,卖盘
570,14:26:27,29.42,--,18,52956,卖盘
571,14:26:24,29.42,--,19,55898,卖盘
572,14:26:21,29.42,--,8,23536,卖盘
573,14:26:18,29.42,0.02,357,1050294,买盘
574,14:26:15,29.4,-0.01,9,26460,卖盘
575,14:26:12,29.41,0.01,26,76466,买盘
576,14:26:09,29.4,-0.02,1,2940,卖盘
577,14:26:06,29.42,--,18,52956,买盘
578,14:26:03,29.42,0.03,3,8826,买盘
579,14:26:00,29.39,--,7,20573,卖盘
580,14:25:57,29.39,-0.01,12,35268,卖盘
581,14:25:54,29.4,-0.02,12,35280,卖盘
582,14:25:48,29.42,--,71,208882,卖盘
583,14:25:45,29.42,--,31,91202,卖盘
584,14:25:42,29.42,--,31,91202,卖盘
585,14:25:39,29.42,--,11,32362,卖盘
586,14:25:36,29.42,-0.01,10,29420,卖盘
587,14:25:33,29.43,0.03,209,615087,买盘
588,14:25:27,29.4,--,20,58800,买盘
589,14:25:24,29.4,--,1,2940,买盘
590,14:25:21,29.4,--,4,11760,买盘
591,14:25:18,29.4,--,1,2940,买盘
592,14:25:15,29.4,--,1,2940,买盘
593,14:25:12,29.4,--,1,2940,买盘
594,14:25:09,29.4,--,14,41160,买盘
595,14:25:06,29.4,-0.01,42,123480,卖盘
596,14:25:03,29.41,-0.01,21,61761,中性盘
597,14:25:00,29.42,0.01,21,61782,买盘
598,14:24:57,29.41,0.01,2,5882,买盘
599,14:24:54,29.4,-0.02,25,73500,卖盘
600,14:24:48,29.42,0.01,8,23536,买盘
601,14:24:45,29.41,--,10,29410,买盘
602,14:24:42,29.41,-0.01,10,29410,中性盘
603,14:24:39,29.42,--,52,152984,买盘
604,14:24:36,29.42,--,1,2942,买盘
605,14:24:33,29.42,--,22,64724,买盘
606,14:24:27,29.42,--,6,17652,买盘
607,14:24:24,29.42,0.01,8,23536,中性盘
608,14:24:21,29.41,-0.01,44,129404,卖盘
609,14:24:15,29.42,--,40,117680,卖盘
610,14:24:12,29.42,-0.01,25,73550,卖盘
611,14:24:09,29.43,--,62,182466,买盘
612,14:24:06,29.43,0.01,31,91233,买盘
613,14:24:03,29.42,--,22,64724,卖盘
614,14:24:00,29.42,-0.01,277,814934,卖盘
615,14:23:57,29.43,0.01,12,35316,买盘
616,14:23:54,29.42,--,24,70608,卖盘
617,14:23:48,29.42,-0.01,17,50014,卖盘
618,14:23:45,29.43,0.01,1,2943,买盘
619,14:23:42,29.42,-0.01,16,47072,中性盘
620,14:23:36,29.43,0.01,4,11772,买盘
621,14:23:33,29.42,-0.02,14,41188,卖盘
622,14:23:27,29.44,--,11,32384,买盘
623,14:23:24,29.44,--,15,44160,买盘
624,14:23:21,29.44,--,1,2944,买盘
625,14:23:18,29.44,0.01,16,47104,买盘
626,14:23:12,29.43,0.01,16,47088,中性盘
627,14:23:09,29.42,-0.02,3,8826,中性盘
628,14:23:06,29.44,0.02,37,108928,买盘
629,14:23:03,29.42,-0.02,17,50014,卖盘
630,14:23:00,29.44,--,15,44160,买盘
631,14:22:57,29.44,0.03,18,52992,买盘
632,14:22:54,29.41,-0.02,12,35292,卖盘
633,14:22:51,29.43,-0.01,3,8829,中性盘
634,14:22:45,29.44,0.01,34,100096,买盘
635,14:22:42,29.43,--,7,20601,卖盘
636,14:22:39,29.43,-0.01,1,2943,卖盘
637,14:22:36,29.44,0.04,5,14720,买盘
638,14:22:33,29.4,-0.03,9,26460,卖盘
639,14:22:30,29.43,--,101,297243,买盘
640,14:22:27,29.43,-0.01,4,11772,中性盘
641,14:22:24,29.44,--,72,211968,买盘
642,14:22:18,29.44,--,30,88320,买盘
643,14:22:15,29.44,0.04,83,244352,买盘
644,14:22:12,29.4,-0.02,12,35280,卖盘
645,14:22:09,29.42,0.03,1,2942,买盘
646,14:22:06,29.39,-0.03,46,135194,卖盘
647,14:22:03,29.42,--,6,17652,中性盘
648,14:22:00,29.42,-0.01,21,61782,中性盘
649,14:21:57,29.43,--,435,1280205,买盘
650,14:21:54,29.43,0.01,419,1233117,买盘
651,14:21:51,29.42,--,17,50014,买盘
652,14:21:48,29.42,0.03,1,2942,买盘
653,14:21:42,29.39,-0.01,18,52902,卖盘
654,14:21:39,29.4,0.01,24,70560,买盘
655,14:21:36,29.39,0.02,14,41146,中性盘
656,14:21:27,29.37,--,9,26433,卖盘
657,14:21:24,29.37,-0.03,11,32307,卖盘
658,14:21:21,29.4,0.01,49,144060,买盘
659,14:21:18,29.39,0.02,5,14695,买盘
660,14:21:15,29.37,0.01,33,96921,买盘
661,14:21:12,29.36,--,8,23488,买盘
662,14:21:09,29.36,--,3,8808,买盘
663,14:21:06,29.36,0.01,9,26424,买盘
664,14:21:03,29.35,--,230,675050,买盘
665,14:21:00,29.35,--,26,76310,买盘
666,14:20:57,29.35,-0.02,350,1027250,卖盘
667,14:20:54,29.37,-0.03,2,5874,中性盘
668,14:20:51,29.4,0.03,13,38220,买盘
669,14:20:48,29.37,0.01,5,14685,买盘
670,14:20:42,29.36,-0.01,6,17616,卖盘
671,14:20:39,29.37,--,5,14685,买盘
672,14:20:33,29.37,-0.02,8,23496,卖盘
673,14:20:27,29.39,--,86,252754,卖盘
674,14:20:24,29.39,0.02,99,290961,卖盘
675,14:20:21,29.37,-0.03,10,29370,卖盘
676,14:20:18,29.4,0.03,21,61740,买盘
677,14:20:15,29.37,--,4,11748,卖盘
678,14:20:12,29.37,-0.03,18,52866,卖盘
679,14:20:09,29.4,--,3,8820,买盘
680,14:20:06,29.4,0.01,25,73500,买盘
681,14:20:03,29.39,-0.01,12,35268,中性盘
682,14:19:57,29.4,--,2,5880,买盘
683,14:19:54,29.4,--,10,29400,买盘
684,14:19:51,29.4,0.04,46,135240,买盘
685,14:19:45,29.36,0.01,21,61656,卖盘
686,14:19:39,29.35,-0.05,501,1470435,卖盘
687,14:19:36,29.4,--,6,17640,买盘
688,14:19:33,29.4,-0.04,5,14700,中性盘
689,14:19:30,29.44,0.01,717,2110848,买盘
690,14:19:27,29.43,--,4,11772,中性盘
691,14:19:24,29.43,-0.01,22,64746,卖盘
692,14:19:15,29.44,--,17,50048,买盘
693,14:19:12,29.44,0.01,6,17664,买盘
694,14:19:09,29.43,-0.01,17,50031,卖盘
695,14:19:06,29.44,--,24,70656,买盘
696,14:19:03,29.44,--,3,8832,买盘
697,14:18:57,29.44,0.01,25,73600,买盘
698,14:18:54,29.43,-0.02,5,14715,卖盘
699,14:18:51,29.45,--,10,29450,买盘
700,14:18:45,29.45,--,23,67735,买盘
701,14:18:42,29.45,--,15,44175,买盘
702,14:18:39,29.45,--,22,64790,买盘
703,14:18:36,29.45,--,94,278538,卖盘
704,14:18:33,29.45,-0.01,12,35340,卖盘
705,14:18:30,29.46,--,7,20622,买盘
706,14:18:27,29.46,0.01,1,2946,买盘
707,14:18:24,29.45,-0.01,14,41230,卖盘
708,14:18:21,29.46,0.01,101,297546,买盘
709,14:18:18,29.45,-0.01,2,5890,卖盘
710,14:18:15,29.46,--,10,29460,买盘
711,14:18:12,29.46,--,233,686418,买盘
712,14:18:09,29.46,--,59,173814,买盘
713,14:18:06,29.46,--,68,200328,买盘
714,14:18:03,29.46,--,524,1543704,买盘
715,14:18:00,29.46,--,21,61866,买盘
716,14:17:57,29.46,--,70,206220,卖盘
717,14:17:54,29.46,--,44,130831,卖盘
718,14:17:51,29.46,--,10,29460,卖盘
719,14:17:48,29.46,--,5,14730,卖盘
720,14:17:45,29.46,0.01,92,271650,买盘
721,14:17:42,29.45,-0.01,185,544825,卖盘
722,14:17:39,29.46,--,80,235680,买盘
723,14:17:36,29.46,0.01,99,291654,买盘
724,14:17:33,29.45,--,14,41230,卖盘
725,14:17:30,29.45,-0.01,15,44175,卖盘
726,14:17:27,29.46,0.01,15,44190,买盘
727,14:17:24,29.45,0.02,307,906471,买盘
728,14:17:21,29.43,--,75,221313,卖盘
729,14:17:18,29.43,--,20,58860,卖盘
730,14:17:15,29.43,-0.02,112,329616,卖盘
731,14:17:12,29.45,0.01,1268,3736616,买盘
732,14:17:09,29.44,0.03,2,5888,买盘
733,14:17:06,29.41,--,67,197047,卖盘
734,14:17:03,29.41,-0.01,207,608787,卖盘
735,14:17:00,29.42,-0.01,210,617820,卖盘
736,14:16:57,29.43,--,74,217782,买盘
737,14:16:51,29.43,--,8,23544,买盘
738,14:16:48,29.43,--,15,44145,买盘
739,14:16:45,29.43,0.01,5,14715,买盘
740,14:16:42,29.42,--,28,82376,卖盘
741,14:16:39,29.42,-0.01,12,35304,卖盘
742,14:16:36,29.43,0.01,18,52974,买盘
743,14:16:33,29.42,--,33,97086,卖盘
744,14:16:30,29.42,-0.01,100,294200,卖盘
745,14:16:27,29.43,0.01,337,991791,买盘
746,14:16:24,29.42,--,181,532502,买盘
747,14:16:21,29.42,--,8,23536,买盘
748,14:16:18,29.42,--,41,120622,买盘
749,14:16:15,29.42,0.01,15,44130,买盘
750,14:16:12,29.41,-0.01,14,41174,卖盘
751,14:16:09,29.42,0.01,14,41188,中性盘
752,14:16:06,29.41,--,4,11764,卖盘
753,14:16:03,29.41,-0.02,36,105876,卖盘
754,14:16:00,29.43,0.02,111,326673,买盘
755,14:15:57,29.41,--,37,108817,买盘
756,14:15:54,29.41,--,26,76466,买盘
757,14:15:51,29.41,--,44,129404,买盘
758,14:15:48,29.41,-0.01,73,214693,卖盘
759,14:15:45,29.42,--,7,20594,买盘
760,14:15:42,29.42,0.01,34,100028,买盘
761,14:15:39,29.41,--,6,17646,买盘
762,14:15:33,29.41,-0.02,214,629374,卖盘
763,14:15:30,29.43,--,19,55917,买盘
764,14:15:27,29.43,0.01,41,120663,买盘
765,14:15:24,29.42,--,37,108854,卖盘
766,14:15:21,29.42,0.01,2,5884,买盘
767,14:15:18,29.41,-0.02,123,361743,卖盘
768,14:15:15,29.43,0.02,30,88290,买盘
769,14:15:12,29.41,-0.01,461,1355801,卖盘
770,14:15:09,29.42,--,40,117680,买盘
771,14:15:06,29.42,--,56,164752,买盘
772,14:15:03,29.42,0.01,38,111796,买盘
773,14:15:00,29.41,-0.01,118,347038,卖盘
774,14:14:57,29.42,0.02,81,238302,买盘
775,14:14:54,29.4,0.01,144,423360,买盘
776,14:14:51,29.39,-0.01,55,161645,卖盘
777,14:14:48,29.4,--,13,38220,买盘
778,14:14:45,29.4,--,14,41160,买盘
779,14:14:42,29.4,0.01,74,217560,买盘
780,14:14:39,29.39,-0.01,78,229242,卖盘
781,14:14:36,29.4,0.01,115,338100,买盘
782,14:14:33,29.39,-0.01,12,35268,中性盘
783,14:14:30,29.4,--,6,17640,买盘
784,14:14:27,29.4,0.01,136,399840,买盘
785,14:14:24,29.39,--,21,61719,买盘
786,14:14:21,29.39,-0.01,33,98456,卖盘
787,14:14:18,29.4,--,52,152880,买盘
788,14:14:15,29.4,0.01,159,467460,买盘
789,14:14:12,29.39,--,98,289491,买盘
790,14:14:09,29.39,0.01,229,673031,买盘
791,14:14:06,29.38,-0.01,175,514150,卖盘
792,14:14:03,29.39,--,26,76414,买盘
793,14:14:00,29.39,0.01,15,44085,买盘
794,14:13:57,29.38,0.01,232,681704,买盘
795,14:13:54,29.37,--,55,161535,卖盘
796,14:13:51,29.37,0.01,181,531597,卖盘
797,14:13:48,29.36,-0.01,63,184968,卖盘
798,14:13:45,29.37,--,1,2937,买盘
799,14:13:42,29.37,0.01,34,99858,买盘
800,14:13:39,29.36,-0.01,7,20552,中性盘
801,14:13:36,29.37,0.01,134,393558,买盘
802,14:13:33,29.36,-0.01,16,46976,中性盘
803,14:13:30,29.37,0.01,115,338048,买盘
804,14:13:27,29.36,0.01,210,616560,买盘
805,14:13:24,29.35,--,31,90985,卖盘
806,14:13:18,29.35,0.01,262,768970,买盘
807,14:13:12,29.34,--,12,35208,卖盘
808,14:13:09,29.34,--,8,23472,买盘
809,14:13:06,29.34,--,151,443034,买盘
810,14:13:03,29.34,0.01,23,67482,买盘
811,14:13:00,29.33,--,75,219975,卖盘
812,14:12:57,29.33,--,135,395955,卖盘
813,14:12:54,29.33,-0.01,27,79191,中性盘
814,14:12:51,29.34,0.01,13,38142,买盘
815,14:12:48,29.33,--,13,38129,卖盘
816,14:12:45,29.33,0.01,1,2933,卖盘
817,14:12:42,29.32,-0.01,41,120212,卖盘
818,14:12:39,29.33,0.01,30,87990,买盘
819,14:12:36,29.32,--,16,46912,卖盘
820,14:12:33,29.32,-0.01,13,38116,卖盘
821,14:12:30,29.33,0.01,5,14665,买盘
822,14:12:27,29.32,--,11,32252,卖盘
823,14:12:24,29.32,--,19,55708,卖盘
824,14:12:18,29.32,--,2,5864,卖盘
825,14:12:15,29.32,--,31,90892,卖盘
826,14:12:12,29.32,0.01,617,1809044,买盘
827,14:12:09,29.31,--,18,52758,买盘
828,14:12:06,29.31,0.02,30,87930,买盘
829,14:12:03,29.29,-0.01,27,79083,卖盘
830,14:12:00,29.3,-0.01,14,41020,卖盘
831,14:11:57,29.31,0.01,14,41034,买盘
832,14:11:54,29.3,--,20,58600,卖盘
833,14:11:51,29.3,--,17,49810,卖盘
834,14:11:48,29.3,--,3,8790,卖盘
835,14:11:45,29.3,--,10,29300,卖盘
836,14:11:42,29.3,--,37,108410,买盘
837,14:11:39,29.3,--,36,105480,买盘
838,14:11:33,29.3,--,34,99620,买盘
839,14:11:30,29.3,--,4,11720,买盘
840,14:11:24,29.3,--,6,17580,卖盘
841,14:11:21,29.3,--,16,46880,买盘
842,14:11:18,29.3,--,29,84970,买盘
843,14:11:15,29.3,--,56,164080,卖盘
844,14:11:12,29.3,-0.01,31,90830,卖盘
845,14:11:09,29.31,0.01,6,17586,买盘
846,14:11:06,29.3,-0.01,4,11720,卖盘
847,14:11:03,29.31,--,22,64482,买盘
848,14:11:00,29.31,--,20,58620,买盘
849,14:10:57,29.31,0.01,53,155343,买盘
850,14:10:54,29.3,--,12,35160,卖盘
851,14:10:51,29.3,-0.01,37,108410,卖盘
852,14:10:48,29.31,0.01,4,11724,买盘
853,14:10:45,29.3,--,2,5860,卖盘
854,14:10:42,29.3,-0.01,36,105480,卖盘
855,14:10:39,29.31,--,70,205170,买盘
856,14:10:36,29.31,0.01,4,11724,买盘
857,14:10:33,29.3,--,12,35160,卖盘
858,14:10:27,29.3,-0.01,2,5860,卖盘
859,14:10:24,29.31,--,15,43965,买盘
860,14:10:21,29.31,--,52,152412,卖盘
861,14:10:18,29.31,-0.01,3,8793,卖盘
862,14:10:15,29.32,0.01,3,8796,买盘
863,14:10:12,29.31,--,21,61551,卖盘
864,14:10:09,29.31,0.01,99,290169,买盘
865,14:10:06,29.3,--,109,319370,卖盘
866,14:10:03,29.3,-0.01,16,46880,卖盘
867,14:10:00,29.31,--,10,29310,买盘
868,14:09:57,29.31,--,65,190515,买盘
869,14:09:54,29.31,--,27,79137,买盘
870,14:09:51,29.31,0.01,137,401547,买盘
871,14:09:48,29.3,--,12,35160,卖盘
872,14:09:45,29.3,-0.01,30,87900,卖盘
873,14:09:42,29.31,0.01,30,87930,买盘
874,14:09:39,29.3,-0.01,103,301790,卖盘
875,14:09:33,29.31,0.01,17,49827,买盘
876,14:09:30,29.3,0.01,273,799890,买盘
877,14:09:27,29.29,--,2,5858,卖盘
878,14:09:24,29.29,--,11,32219,卖盘
879,14:09:21,29.29,--,55,161095,买盘
880,14:09:18,29.29,--,5,14645,买盘
881,14:09:15,29.29,--,40,117160,买盘
882,14:09:12,29.29,-0.01,11,32219,卖盘
883,14:09:09,29.3,--,18,52740,买盘
884,14:09:06,29.3,--,257,753010,买盘
885,14:09:03,29.3,--,13,38090,买盘
886,14:09:00,29.3,--,64,187520,买盘
887,14:08:57,29.3,--,6,17580,买盘
888,14:08:54,29.3,--,59,172870,卖盘
889,14:08:51,29.3,-0.01,1,2930,卖盘
890,14:08:48,29.31,--,8,23448,买盘
891,14:08:45,29.31,--,40,117240,买盘
892,14:08:42,29.31,0.01,38,111378,买盘
893,14:08:39,29.3,-0.01,21,61530,中性盘
894,14:08:36,29.31,0.03,18,52758,买盘
895,14:08:33,29.28,-0.02,344,1007232,卖盘
896,14:08:30,29.3,--,1,2930,卖盘
897,14:08:27,29.3,--,3,8790,卖盘
898,14:08:24,29.3,--,54,158220,买盘
899,14:08:21,29.3,0.02,64,187520,买盘
900,14:08:15,29.28,-0.03,7,20496,卖盘
901,14:08:12,29.31,--,33,96723,买盘
902,14:08:09,29.31,--,70,205170,买盘
903,14:08:06,29.31,0.01,118,345858,买盘
904,14:08:03,29.3,--,14,41020,卖盘
905,14:08:00,29.3,0.03,64,187520,买盘
906,14:07:57,29.27,--,21,61467,卖盘
907,14:07:54,29.27,-0.03,11,32197,卖盘
908,14:07:51,29.3,0.04,13,38090,买盘
909,14:07:48,29.26,--,11,32186,买盘
910,14:07:45,29.26,--,272,795872,买盘
911,14:07:42,29.26,--,5,14630,买盘
912,14:07:39,29.26,--,49,143374,买盘
913,14:07:36,29.26,--,42,122892,买盘
914,14:07:33,29.26,-0.02,598,1749748,卖盘
915,14:07:30,29.28,0.01,11,32208,买盘
916,14:07:27,29.27,--,224,655648,买盘
917,14:07:21,29.27,--,50,146350,买盘
918,14:07:18,29.27,--,35,102445,买盘
919,14:07:15,29.27,-0.01,378,1106406,卖盘
920,14:07:12,29.28,-0.01,14,40992,卖盘
921,14:07:09,29.29,--,5,14645,买盘
922,14:07:06,29.29,0.02,25,73225,买盘
923,14:07:03,29.27,-0.02,87,254649,卖盘
924,14:07:00,29.29,--,36,105444,买盘
925,14:06:57,29.29,--,17,49793,买盘
926,14:06:54,29.29,0.03,204,597516,买盘
927,14:06:51,29.26,-0.01,41,119966,卖盘
928,14:06:48,29.27,--,9,26343,买盘
929,14:06:45,29.27,--,89,260503,买盘
930,14:06:42,29.27,--,172,503444,买盘
931,14:06:39,29.27,--,40,117080,买盘
932,14:06:36,29.27,--,13,38051,买盘
933,14:06:33,29.27,--,21,61467,买盘
934,14:06:30,29.27,-0.03,191,559057,卖盘
935,14:06:27,29.3,--,11,32230,买盘
936,14:06:24,29.3,--,16,46880,买盘
937,14:06:21,29.3,0.02,57,167010,买盘
938,14:06:18,29.28,--,7,20496,买盘
939,14:06:15,29.28,0.01,1,2928,中性盘
940,14:06:12,29.27,-0.02,20,58540,卖盘
941,14:06:09,29.29,--,55,161095,买盘
942,14:06:06,29.29,--,2,5858,买盘
943,14:06:03,29.29,--,93,272397,买盘
944,14:05:57,29.29,0.02,74,216746,买盘
945,14:05:54,29.27,0.02,13,38051,买盘
946,14:05:51,29.25,-0.02,53,155025,卖盘
947,14:05:48,29.27,0.02,69,201963,买盘
948,14:05:45,29.25,0.01,7,20475,卖盘
949,14:05:42,29.24,--,17,49708,卖盘
950,14:05:39,29.24,-0.01,70,204680,卖盘
951,14:05:36,29.25,0.01,89,260325,买盘
952,14:05:33,29.24,-0.01,20,58480,卖盘
953,14:05:30,29.25,0.01,2,5850,买盘
954,14:05:27,29.24,-0.01,37,108188,卖盘
955,14:05:24,29.25,--,72,210600,买盘
956,14:05:21,29.25,--,10,29250,买盘
957,14:05:18,29.25,--,37,108225,买盘
958,14:05:15,29.25,--,66,193050,买盘
959,14:05:12,29.25,--,30,87750,买盘
960,14:05:09,29.25,-0.04,253,740025,卖盘
961,14:05:06,29.29,--,6,17574,买盘
962,14:05:03,29.29,0.02,69,202101,买盘
963,14:04:57,29.27,--,9,26343,卖盘
964,14:04:54,29.27,-0.02,26,76102,中性盘
965,14:04:51,29.29,--,57,166953,买盘
966,14:04:48,29.29,0.03,6,17574,买盘
967,14:04:45,29.26,-0.03,20,58520,卖盘
968,14:04:42,29.29,0.02,210,615090,买盘
969,14:04:39,29.27,--,35,102445,卖盘
970,14:04:36,29.27,-0.02,8,23416,卖盘
971,14:04:33,29.29,-0.01,45,131805,中性盘
972,14:04:30,29.3,0.01,62,181660,买盘
973,14:04:27,29.29,--,39,114231,卖盘
974,14:04:24,29.29,-0.02,12,35148,卖盘
975,14:04:21,29.31,--,91,266721,卖盘
976,14:04:18,29.31,0.02,79,231549,买盘
977,14:04:15,29.29,0.02,15,43935,买盘
978,14:04:12,29.27,-0.05,127,371729,卖盘
979,14:04:09,29.32,0.02,117,343044,买盘
980,14:04:06,29.3,--,104,304720,卖盘
981,14:04:03,29.3,-0.02,16,46880,卖盘
982,14:04:00,29.32,0.02,22,64504,买盘
983,14:03:57,29.3,--,63,184590,卖盘
984,14:03:54,29.3,-0.01,21,61530,卖盘
985,14:03:51,29.31,-0.01,12,35172,中性盘
986,14:03:48,29.32,--,45,131940,买盘
987,14:03:45,29.32,0.02,41,120212,买盘
988,14:03:42,29.3,-0.02,25,73250,卖盘
989,14:03:39,29.32,--,362,1061384,买盘
990,14:03:36,29.32,0.02,84,247754,买盘
991,14:03:33,29.3,-0.01,22,64460,卖盘
992,14:03:30,29.31,0.01,8,23448,买盘
993,14:03:27,29.3,-0.02,78,229126,卖盘
994,14:03:24,29.32,--,110,322520,买盘
995,14:03:18,29.32,0.03,14,41546,买盘
996,14:03:15,29.29,-0.01,53,155237,卖盘
997,14:03:12,29.3,--,12,35160,买盘
998,14:03:09,29.3,--,206,603580,买盘
999,14:03:03,29.3,--,70,205100,买盘
1000,14:03:00,29.3,--,7,20510,买盘
1001,14:02:57,29.3,--,3,8790,买盘
1002,14:02:51,29.3,--,216,633378,卖盘
1003,14:02:42,29.3,--,33,96690,卖盘
1004,14:02:39,29.3,--,41,120130,卖盘
1005,14:02:36,29.3,-0.02,52,152360,卖盘
1006,14:02:33,29.32,--,37,108484,买盘
1007,14:02:30,29.32,0.01,36,105552,买盘
1008,14:02:27,29.31,-0.01,52,152412,卖盘
1009,14:02:24,29.32,0.01,41,120212,买盘
1010,14:02:21,29.31,--,27,79137,卖盘
1011,14:02:18,29.31,-0.02,25,73275,卖盘
1012,14:02:15,29.33,0.02,3,8799,买盘
1013,14:02:12,29.31,-0.02,38,111378,卖盘
1014,14:02:09,29.33,--,24,70392,买盘
1015,14:02:06,29.33,0.03,39,114387,买盘
1016,14:02:03,29.3,-0.03,251,735430,卖盘
1017,14:02:00,29.33,--,31,90923,买盘
1018,14:01:57,29.33,0.01,27,79191,买盘
1019,14:01:54,29.32,-0.02,12,37529,卖盘
1020,14:01:51,29.34,-0.01,3,8802,中性盘
1021,14:01:45,29.35,0.01,163,478405,买盘
1022,14:01:42,29.34,0.01,101,296334,买盘
1023,14:01:39,29.33,-0.01,34,99722,卖盘
1024,14:01:36,29.34,-0.01,37,108558,中性盘
1025,14:01:33,29.35,0.02,142,416770,买盘
1026,14:01:30,29.33,--,30,87990,卖盘
1027,14:01:27,29.33,-0.01,8,24607,卖盘
1028,14:01:24,29.34,0.01,55,161370,买盘
1029,14:01:21,29.33,-0.01,76,225283,卖盘
1030,14:01:18,29.34,-0.01,14,41076,卖盘
1031,14:01:15,29.35,--,34,99790,买盘
1032,14:01:12,29.35,0.01,31,90985,买盘
1033,14:01:09,29.34,0.01,52,152568,中性盘
1034,14:01:06,29.33,-0.03,1,2933,卖盘
1035,14:01:03,29.36,0.03,56,164416,买盘
1036,14:01:00,29.33,--,1,2933,卖盘
1037,14:00:57,29.33,-0.03,302,885766,卖盘
1038,14:00:54,29.36,--,33,96888,卖盘
1039,14:00:51,29.36,--,144,422784,卖盘
1040,14:00:48,29.36,-0.01,137,402232,中性盘
1041,14:00:45,29.37,0.02,4,11748,买盘
1042,14:00:42,29.35,-0.01,69,202515,卖盘
1043,14:00:39,29.36,-0.01,60,176160,卖盘
1044,14:00:36,29.37,0.01,57,167409,买盘
1045,14:00:33,29.36,--,11,32296,卖盘
1046,14:00:30,29.36,--,12,35232,卖盘
1047,14:00:27,29.36,0.01,106,311216,买盘
1048,14:00:24,29.35,--,23,67505,买盘
1049,14:00:21,29.35,--,3,8805,买盘
1050,14:00:18,29.35,--,69,202515,买盘
1051,14:00:15,29.35,-0.01,247,724945,卖盘
1052,14:00:12,29.36,0.01,35,102760,卖盘
1053,14:00:09,29.35,-0.02,4,11740,卖盘
1054,14:00:06,29.37,--,127,372999,买盘
1055,14:00:03,29.37,0.02,8,23496,买盘
1056,14:00:00,29.35,-0.02,20,58700,卖盘
1057,13:59:57,29.37,-0.01,61,179157,中性盘
1058,13:59:54,29.38,0.02,36,105768,买盘
1059,13:59:51,29.36,-0.02,5,14680,卖盘
1060,13:59:48,29.38,--,28,82264,买盘
1061,13:59:45,29.38,--,42,123396,买盘
1062,13:59:42,29.38,0.03,53,155714,买盘
1063,13:59:39,29.35,-0.03,91,267085,卖盘
1064,13:59:36,29.38,--,7,20566,买盘
1065,13:59:33,29.38,--,26,76388,买盘
1066,13:59:30,29.38,--,2,5876,买盘
1067,13:59:27,29.38,0.01,61,179218,买盘
1068,13:59:24,29.37,-0.01,4,11748,买盘
1069,13:59:21,29.38,0.03,4,11752,买盘
1070,13:59:18,29.35,-0.03,25,73375,卖盘
1071,13:59:15,29.38,--,35,102830,买盘
1072,13:59:12,29.38,--,21,61698,买盘
1073,13:59:09,29.38,0.01,200,587600,买盘
1074,13:59:06,29.37,--,13,38181,买盘
1075,13:59:03,29.37,--,46,136717,卖盘
1076,13:59:00,29.37,-0.01,44,129228,卖盘
1077,13:58:57,29.38,--,5,14690,买盘
1078,13:58:54,29.38,--,13,38194,买盘
1079,13:58:51,29.38,--,56,164528,买盘
1080,13:58:48,29.38,--,4,11752,买盘
1081,13:58:42,29.38,--,14,41132,买盘
1082,13:58:39,29.38,0.01,87,255606,中性盘
1083,13:58:36,29.37,-0.01,45,132165,卖盘
1084,13:58:33,29.38,-0.01,41,120458,卖盘
1085,13:58:30,29.39,0.01,2,5878,买盘
1086,13:58:27,29.38,0.01,34,99892,买盘
1087,13:58:24,29.37,--,292,858925,买盘
1088,13:58:21,29.37,--,255,748935,买盘
1089,13:58:15,29.37,0.03,57,167409,买盘
1090,13:58:12,29.34,-0.03,16,46944,卖盘
1091,13:58:09,29.37,--,30,88110,买盘
1092,13:58:06,29.37,0.03,87,255519,买盘
1093,13:58:03,29.34,-0.03,21,62112,卖盘
1094,13:58:00,29.37,--,35,104263,买盘
1095,13:57:57,29.37,0.01,4,11748,买盘
1096,13:57:54,29.36,0.02,96,281856,买盘
1097,13:57:51,29.34,-0.01,25,73350,卖盘
1098,13:57:48,29.35,--,72,211320,买盘
1099,13:57:45,29.35,0.01,24,70440,买盘
1100,13:57:42,29.34,--,37,108558,买盘
1101,13:57:39,29.34,--,34,99756,买盘
1102,13:57:36,29.34,--,72,211248,买盘
1103,13:57:33,29.34,0.01,28,82152,买盘
1104,13:57:30,29.33,-0.01,74,217042,卖盘
1105,13:57:27,29.34,--,68,199512,买盘
1106,13:57:24,29.34,--,84,246456,买盘
1107,13:57:21,29.34,--,112,328608,买盘
1108,13:57:18,29.34,-0.01,12,35208,卖盘
1109,13:57:15,29.35,--,190,557650,卖盘
1110,13:57:12,29.35,-0.02,15,44025,卖盘
1111,13:57:09,29.37,0.02,53,155661,买盘
1112,13:57:03,29.35,-0.02,3,8805,中性盘
1113,13:57:00,29.37,0.02,43,126291,买盘
1114,13:56:57,29.35,--,11,32285,买盘
1115,13:56:51,29.35,--,64,187840,买盘
1116,13:56:48,29.35,--,47,137945,买盘
1117,13:56:45,29.35,--,26,76310,买盘
1118,13:56:42,29.35,-0.02,16,46960,卖盘
1119,13:56:39,29.37,0.04,46,135102,买盘
1120,13:56:33,29.33,-0.04,43,126118,卖盘
1121,13:56:30,29.37,-0.01,39,116158,卖盘
1122,13:56:27,29.38,--,42,123396,卖盘
1123,13:56:24,29.38,--,255,750512,买盘
1124,13:56:21,29.38,--,13,38194,买盘
1125,13:56:18,29.38,0.01,6,17628,买盘
1126,13:56:15,29.37,0.01,543,1594791,买盘
1127,13:56:12,29.36,--,7,20552,买盘
1128,13:56:09,29.36,-0.01,13,39782,卖盘
1129,13:56:06,29.37,--,47,138039,买盘
1130,13:56:03,29.37,--,15,44055,买盘
1131,13:56:00,29.37,0.01,22,64614,买盘
1132,13:55:57,29.36,-0.01,14,41104,卖盘
1133,13:55:54,29.37,--,48,140976,买盘
1134,13:55:48,29.37,0.01,5,14685,买盘
1135,13:55:45,29.36,--,35,102760,卖盘
1136,13:55:42,29.36,-0.01,56,164416,卖盘
1137,13:55:39,29.37,0.01,4,11748,买盘
1138,13:55:33,29.36,--,11,32296,卖盘
1139,13:55:30,29.36,0.03,15,45361,买盘
1140,13:55:27,29.33,-0.02,5,14665,卖盘
1141,13:55:24,29.35,-0.01,17,49895,中性盘
1142,13:55:21,29.36,0.03,43,126248,买盘
1143,13:55:18,29.33,-0.02,13,38129,卖盘
1144,13:55:15,29.35,-0.01,13,38155,买盘
1145,13:55:09,29.36,0.01,43,126248,买盘
1146,13:55:06,29.35,--,7,20545,买盘
1147,13:55:03,29.35,--,66,193710,买盘
1148,13:54:57,29.35,--,91,267085,买盘
1149,13:54:54,29.35,0.01,21,61635,买盘
1150,13:54:51,29.34,-0.02,135,397703,卖盘
1151,13:54:48,29.36,--,61,179096,买盘
1152,13:54:45,29.36,--,2,5872,买盘
1153,13:54:42,29.36,0.01,10,29360,买盘
1154,13:54:39,29.35,-0.03,1,2935,卖盘
1155,13:54:36,29.38,0.03,42,123396,买盘
1156,13:54:33,29.35,-0.04,1,2935,卖盘
1157,13:54:30,29.39,--,3,8817,买盘
1158,13:54:27,29.39,--,117,343863,买盘
1159,13:54:24,29.39,0.03,51,149889,买盘
1160,13:54:21,29.36,-0.03,5,14680,卖盘
1161,13:54:18,29.39,--,248,728872,买盘
1162,13:54:15,29.39,0.03,39,114621,买盘
1163,13:54:12,29.36,-0.03,14,41104,卖盘
1164,13:54:09,29.39,0.03,3,8817,买盘
1165,13:54:06,29.36,-0.03,1,2936,卖盘
1166,13:54:03,29.39,0.01,99,290961,买盘
1167,13:54:00,29.38,0.02,4,11752,买盘
1168,13:53:54,29.36,-0.04,18,52848,卖盘
1169,13:53:51,29.4,--,42,123480,买盘
1170,13:53:48,29.4,0.02,23,67620,买盘
1171,13:53:42,29.38,--,67,196846,买盘
1172,13:53:36,29.38,--,14,41132,买盘
1173,13:53:30,29.38,--,45,132210,买盘
1174,13:53:27,29.38,--,6,17628,买盘
1175,13:53:21,29.38,-0.02,8,23504,卖盘
1176,13:53:18,29.4,--,40,117600,买盘
1177,13:53:15,29.4,--,42,123480,买盘
1178,13:53:12,29.4,--,5,14700,买盘
1179,13:53:09,29.4,-0.02,1283,3772020,卖盘
1180,13:53:03,29.42,--,14,41188,买盘
1181,13:53:00,29.42,-0.01,115,338330,卖盘
1182,13:52:57,29.43,--,48,141264,买盘
1183,13:52:54,29.43,0.01,44,129492,买盘
1184,13:52:51,29.42,--,3,8826,卖盘
1185,13:52:48,29.42,-0.01,13,38246,卖盘
1186,13:52:45,29.43,0.01,36,105948,买盘
1187,13:52:42,29.42,--,15,44130,卖盘
1188,13:52:39,29.42,0.02,40,117680,买盘
1189,13:52:36,29.4,--,46,135240,卖盘
1190,13:52:33,29.4,-0.02,11,32340,卖盘
1191,13:52:30,29.42,0.07,35,102970,买盘
1192,13:52:24,29.35,-0.05,381,1118235,卖盘
1193,13:52:21,29.4,-0.01,6,17640,卖盘
1194,13:52:18,29.41,-0.01,4,11764,买盘
1195,13:52:15,29.42,--,40,117680,买盘
1196,13:52:09,29.42,--,6,17652,买盘
1197,13:52:06,29.42,--,3,8826,买盘
1198,13:52:03,29.42,--,61,179462,买盘
1199,13:52:00,29.42,--,308,906136,买盘
1200,13:51:57,29.42,0.02,7,20594,买盘
1201,13:51:54,29.4,-0.02,12,35280,卖盘
1202,13:51:51,29.42,--,41,120622,买盘
1203,13:51:48,29.42,--,1,2942,买盘
1204,13:51:45,29.42,--,35,102970,买盘
1205,13:51:39,29.42,--,66,194172,卖盘
1206,13:51:36,29.42,--,8,23536,买盘
1207,13:51:33,29.42,-0.02,103,303026,中性盘
1208,13:51:30,29.44,--,46,135424,买盘
1209,13:51:24,29.44,--,45,132480,买盘
1210,13:51:21,29.44,--,904,2661376,买盘
1211,13:51:18,29.44,0.02,37,108928,买盘
1212,13:51:12,29.42,-0.02,18,52956,卖盘
1213,13:51:06,29.44,0.02,60,176640,买盘
1214,13:51:03,29.42,-0.02,23,67666,卖盘
1215,13:51:00,29.44,0.02,10,29440,买盘
1216,13:50:57,29.42,-0.02,87,255954,卖盘
1217,13:50:54,29.44,--,19,55936,买盘
1218,13:50:51,29.44,--,4,11776,买盘
1219,13:50:45,29.44,--,48,141312,买盘
1220,13:50:42,29.44,--,3,8832,买盘
1221,13:50:39,29.44,--,13,38272,买盘
1222,13:50:33,29.44,--,48,141312,买盘
1223,13:50:27,29.44,0.02,4,11776,买盘
1224,13:50:24,29.42,--,61,179462,卖盘
1225,13:50:21,29.42,-0.02,28,82376,卖盘
1226,13:50:18,29.44,0.02,18,52992,买盘
1227,13:50:15,29.42,-0.01,3,8826,卖盘
1228,13:50:12,29.43,0.03,240,707114,买盘
1229,13:50:09,29.4,--,3,8820,卖盘
1230,13:50:06,29.4,-0.02,7,20580,卖盘
1231,13:50:03,29.42,--,60,176520,买盘
1232,13:50:00,29.42,0.02,52,152984,买盘
1233,13:49:57,29.4,-0.02,24,70560,卖盘
1234,13:49:54,29.42,--,61,179462,买盘
1235,13:49:51,29.42,--,38,111796,买盘
1236,13:49:45,29.42,0.03,9,26478,买盘
1237,13:49:42,29.39,-0.05,17,49963,卖盘
1238,13:49:39,29.44,0.01,42,123648,买盘
1239,13:49:36,29.43,-0.01,1,2943,中性盘
1240,13:49:33,29.44,--,59,173696,买盘
1241,13:49:30,29.44,--,5,14720,买盘
1242,13:49:27,29.44,--,36,105984,买盘
1243,13:49:21,29.44,--,3,8832,买盘
1244,13:49:18,29.44,0.02,74,217856,买盘
1245,13:49:15,29.42,0.02,3,8826,买盘
1246,13:49:12,29.4,-0.04,32,94080,卖盘
1247,13:49:09,29.44,0.01,32,94208,买盘
1248,13:49:06,29.43,0.01,11,32373,买盘
1249,13:49:03,29.42,-0.01,15,44130,中性盘
1250,13:49:00,29.43,0.01,8,23544,买盘
1251,13:48:57,29.42,0.03,43,126506,买盘
1252,13:48:54,29.39,-0.03,11,32329,卖盘
1253,13:48:51,29.42,--,1,2942,买盘
1254,13:48:48,29.42,-0.01,1,2942,买盘
1255,13:48:45,29.43,0.05,44,129492,买盘
1256,13:48:42,29.38,--,25,73450,卖盘
1257,13:48:39,29.38,-0.04,50,146900,卖盘
1258,13:48:36,29.42,0.03,69,202998,买盘
1259,13:48:33,29.39,--,72,211608,买盘
1260,13:48:30,29.39,-0.03,29,85231,卖盘
1261,13:48:24,29.42,--,17,50014,买盘
1262,13:48:15,29.42,--,5,14710,买盘
1263,13:48:12,29.42,0.02,25,73550,买盘
1264,13:48:06,29.4,-0.02,1,2940,买盘
1265,13:48:03,29.42,--,10,29420,买盘
1266,13:48:00,29.42,--,20,58840,买盘
1267,13:47:54,29.42,--,2,5884,买盘
1268,13:47:51,29.42,--,8,23536,买盘
1269,13:47:48,29.42,-0.02,2,5884,买盘
1270,13:47:42,29.44,--,9,26496,买盘
1271,13:47:39,29.44,0.04,19,55936,买盘
1272,13:47:36,29.4,-0.03,42,123480,卖盘
1273,13:47:33,29.43,--,5,14715,买盘
1274,13:47:30,29.43,--,3,8829,买盘
1275,13:47:24,29.43,0.07,1,2943,买盘
1276,13:47:21,29.36,-0.07,5,14680,中性盘
1277,13:47:18,29.43,-0.02,9,26487,中性盘
1278,13:47:15,29.45,0.1,322,948290,买盘
1279,13:47:12,29.35,-0.09,501,1470435,卖盘
1280,13:47:09,29.44,--,16,47104,买盘
1281,13:47:06,29.44,--,12,35328,买盘
1282,13:47:03,29.44,0.01,5,14720,买盘
1283,13:47:00,29.43,--,3,8829,卖盘
1284,13:46:54,29.43,--,3,8829,卖盘
1285,13:46:48,29.43,0.08,3,8829,中性盘
1286,13:46:45,29.35,-0.1,595,1746325,卖盘
1287,13:46:42,29.45,0.01,245,721525,买盘
1288,13:46:36,29.44,0.01,1,2944,中性盘
1289,13:46:33,29.43,-0.03,5,14715,卖盘
1290,13:46:27,29.46,0.03,30,88380,买盘
1291,13:46:24,29.43,-0.03,11,32373,卖盘
1292,13:46:21,29.46,0.01,265,780690,买盘
1293,13:46:18,29.45,--,48,141360,卖盘
1294,13:46:15,29.45,--,204,600780,卖盘
1295,13:46:12,29.45,--,12,35340,卖盘
1296,13:46:09,29.45,--,16,47120,卖盘
1297,13:46:06,29.45,0.01,60,176700,买盘
1298,13:45:57,29.44,0.01,4,11776,买盘
1299,13:45:54,29.43,--,14,41202,卖盘
1300,13:45:51,29.43,--,8,23544,卖盘
1301,13:45:45,29.43,--,23,67689,卖盘
1302,13:45:42,29.43,-0.03,17,50031,卖盘
1303,13:45:36,29.46,0.03,3,8838,买盘
1304,13:45:33,29.43,-0.02,630,1854619,卖盘
1305,13:45:30,29.45,--,29,85405,买盘
1306,13:45:27,29.45,--,7,20615,买盘
1307,13:45:24,29.45,--,63,185535,卖盘
1308,13:45:21,29.45,-0.01,21,61845,卖盘
1309,13:45:18,29.46,--,130,382980,买盘
1310,13:45:15,29.46,0.01,35,103110,买盘
1311,13:45:12,29.45,--,14,41230,卖盘
1312,13:45:09,29.45,--,391,1151495,买盘
1313,13:45:06,29.45,0.03,61,179645,买盘
1314,13:45:03,29.42,--,4,11768,买盘
1315,13:45:00,29.42,-0.03,5,14710,卖盘
1316,13:44:57,29.45,0.02,325,957125,买盘
1317,13:44:54,29.43,--,22,64746,买盘
1318,13:44:51,29.43,0.01,20,58860,买盘
1319,13:44:48,29.42,0.01,101,297142,买盘
1320,13:44:45,29.41,0.01,388,1141108,买盘
1321,13:44:42,29.4,0.01,22,64680,买盘
1322,13:44:36,29.39,0.01,18,52902,买盘
1323,13:44:33,29.38,--,35,102830,买盘
1324,13:44:30,29.38,--,17,49946,买盘
1325,13:44:27,29.38,-0.01,227,666926,卖盘
1326,13:44:24,29.39,-0.01,61,179279,卖盘
1327,13:44:21,29.4,--,13,38220,买盘
1328,13:44:18,29.4,0.01,59,173460,买盘
1329,13:44:15,29.39,-0.01,61,179279,卖盘
1330,13:44:12,29.4,0.01,22,64680,买盘
1331,13:44:09,29.39,--,372,1093308,买盘
1332,13:44:06,29.39,0.04,66,193974,买盘
1333,13:44:03,29.35,-0.04,152,446120,卖盘
1334,13:43:57,29.39,0.04,9,26451,买盘
1335,13:43:54,29.35,--,24,70440,买盘
1336,13:43:51,29.35,--,256,751360,买盘
1337,13:43:48,29.35,--,22,64570,买盘
1338,13:43:45,29.35,--,8,23480,买盘
1339,13:43:42,29.35,--,13,38155,买盘
1340,13:43:39,29.35,--,13,38155,买盘
1341,13:43:36,29.35,--,20,58700,买盘
1342,13:43:33,29.35,0.05,246,722010,买盘
1343,13:43:30,29.3,-0.05,26,76180,卖盘
1344,13:43:27,29.35,0.04,4,11740,买盘
1345,13:43:24,29.31,--,37,108447,买盘
1346,13:43:21,29.31,--,5,14655,买盘
1347,13:43:18,29.31,--,3,8793,买盘
1348,13:43:15,29.31,0.01,30,87930,买盘
1349,13:43:12,29.3,-0.01,25,73250,卖盘
1350,13:43:09,29.31,--,11,32241,买盘
1351,13:43:06,29.31,--,3,8793,买盘
1352,13:43:03,29.31,--,4,11724,买盘
1353,13:43:00,29.31,-0.06,148,433788,卖盘
1354,13:42:57,29.37,--,4,11748,买盘
1355,13:42:54,29.37,0.03,14,41118,买盘
1356,13:42:51,29.34,0.04,18,52812,买盘
1357,13:42:48,29.3,-0.07,210,615300,卖盘
1358,13:42:45,29.37,0.06,1,2937,买盘
1359,13:42:42,29.31,-0.02,211,618441,卖盘
1360,13:42:39,29.33,0.02,96,281568,买盘
1361,13:42:36,29.31,--,1,2931,卖盘
1362,13:42:33,29.31,--,17,49827,卖盘
1363,13:42:30,29.31,--,4,11724,卖盘
1364,13:42:27,29.31,-0.01,42,123102,卖盘
1365,13:42:24,29.32,0.02,54,158328,买盘
1366,13:42:21,29.3,-0.01,233,685121,卖盘
1367,13:42:18,29.31,0.01,23,67413,买盘
1368,13:42:15,29.3,-0.01,17,49810,卖盘
1369,13:42:12,29.31,--,41,120171,买盘
1370,13:42:09,29.31,0.02,5,14655,买盘
1371,13:42:06,29.29,-0.02,9,26361,卖盘
1372,13:42:03,29.31,--,31,90861,买盘
1373,13:42:00,29.31,0.02,185,542235,买盘
1374,13:41:57,29.29,-0.01,33,96657,卖盘
1375,13:41:54,29.3,--,13,38090,买盘
1376,13:41:51,29.3,--,2,5860,买盘
1377,13:41:48,29.3,--,51,149430,买盘
1378,13:41:45,29.3,-0.03,43,128421,卖盘
1379,13:41:42,29.33,--,36,106086,买盘
1380,13:41:39,29.33,0.03,1,2933,买盘
1381,13:41:36,29.3,-0.01,215,629950,卖盘
1382,13:41:33,29.31,-0.01,11,32241,卖盘
1383,13:41:30,29.32,0.01,1,2932,买盘
1384,13:41:27,29.31,--,6,17586,买盘
1385,13:41:24,29.31,--,15,43965,买盘
1386,13:41:21,29.31,0.01,11,32241,买盘
1387,13:41:18,29.3,-0.03,14,41020,卖盘
1388,13:41:12,29.33,0.02,352,1032415,买盘
1389,13:41:09,29.31,--,107,313617,买盘
1390,13:41:06,29.31,--,36,105516,买盘
1391,13:41:00,29.31,-0.01,43,126033,卖盘
1392,13:40:54,29.32,--,12,35184,买盘
1393,13:40:51,29.32,0.01,18,52776,买盘
1394,13:40:48,29.31,-0.01,14,41034,中性盘
1395,13:40:45,29.32,0.02,2,5864,买盘
1396,13:40:42,29.3,-0.01,180,527400,卖盘
1397,13:40:39,29.31,--,8,23448,卖盘
1398,13:40:36,29.31,-0.01,7,20517,卖盘
1399,13:40:33,29.32,--,3,8796,中性盘
1400,13:40:30,29.32,-0.01,7,20524,卖盘
1401,13:40:27,29.33,0.01,5,14665,买盘
1402,13:40:24,29.32,-0.01,17,49844,卖盘
1403,13:40:18,29.33,--,1,2933,买盘
1404,13:40:15,29.33,--,3,8799,买盘
1405,13:40:12,29.33,-0.03,276,809508,卖盘
1406,13:40:09,29.36,--,3,8808,买盘
1407,13:40:06,29.36,--,3,8808,买盘
1408,13:40:03,29.36,-0.01,6,17616,卖盘
1409,13:40:00,29.37,--,3,8811,买盘
1410,13:39:57,29.37,--,190,558030,买盘
1411,13:39:54,29.37,--,1,2937,买盘
1412,13:39:51,29.37,0.01,11,32307,买盘
1413,13:39:48,29.36,-0.01,16,46976,卖盘
1414,13:39:45,29.37,--,371,1089627,卖盘
1415,13:39:42,29.37,-0.01,11,32307,卖盘
1416,13:39:36,29.38,0.01,13,38194,买盘
1417,13:39:33,29.37,--,28,82236,卖盘
1418,13:39:30,29.37,-0.01,3,8811,卖盘
1419,13:39:27,29.38,0.01,7,20566,买盘
1420,13:39:24,29.37,--,168,493416,买盘
1421,13:39:21,29.37,--,34,99858,买盘
1422,13:39:18,29.37,0.01,1,2937,买盘
1423,13:39:15,29.36,--,5,14680,买盘
1424,13:39:12,29.36,-0.01,7,20552,卖盘
1425,13:39:09,29.37,--,13,38181,买盘
1426,13:39:03,29.37,--,2,5874,买盘
1427,13:39:00,29.37,-0.04,359,1054383,卖盘
1428,13:38:54,29.41,-0.01,12,35292,中性盘
1429,13:38:51,29.42,0.01,4,11768,买盘
1430,13:38:48,29.41,-0.01,261,767601,卖盘
1431,13:38:45,29.42,0.01,3,8826,买盘
1432,13:38:42,29.41,--,11,32351,卖盘
1433,13:38:39,29.41,--,14,41174,卖盘
1434,13:38:36,29.41,-0.01,4,11764,卖盘
1435,13:38:30,29.42,-0.01,207,608994,卖盘
1436,13:38:27,29.43,0.01,3,8829,买盘
1437,13:38:24,29.42,-0.01,35,102970,卖盘
1438,13:38:21,29.43,--,12,35316,买盘
1439,13:38:18,29.43,0.01,168,494424,买盘
1440,13:38:15,29.42,--,1,2942,卖盘
1441,13:38:12,29.42,-0.01,22,64724,卖盘
1442,13:38:09,29.43,--,3,8829,买盘
1443,13:38:06,29.43,0.01,32,94176,买盘
1444,13:38:03,29.42,-0.01,10,29420,卖盘
1445,13:38:00,29.43,--,19,55917,买盘
1446,13:37:57,29.43,0.01,34,100062,买盘
1447,13:37:54,29.42,--,18,52956,卖盘
1448,13:37:51,29.42,-0.01,10,29420,卖盘
1449,13:37:48,29.43,--,6,17658,买盘
1450,13:37:45,29.43,0.01,1,2943,买盘
1451,13:37:42,29.42,-0.01,28,82376,卖盘
1452,13:37:39,29.43,--,160,470880,买盘
1453,13:37:33,29.43,0.01,47,138321,买盘
1454,13:37:30,29.42,0.01,98,288316,买盘
1455,13:37:27,29.41,--,4,11764,买盘
1456,13:37:24,29.41,--,5,14705,买盘
1457,13:37:21,29.41,-0.01,9,26469,卖盘
1458,13:37:18,29.42,--,21,61782,买盘
1459,13:37:12,29.42,-0.02,10,29420,中性盘
1460,13:37:09,29.44,0.03,223,656512,买盘
1461,13:37:06,29.41,--,9,26469,卖盘
1462,13:37:03,29.41,-0.01,3,8823,卖盘
1463,13:37:00,29.42,--,3,8826,买盘
1464,13:36:57,29.42,-0.01,7,20594,买盘
1465,13:36:54,29.43,--,31,91233,买盘
1466,13:36:51,29.43,--,80,235440,买盘
1467,13:36:48,29.43,0.01,72,211896,买盘
1468,13:36:45,29.42,--,1,2942,卖盘
1469,13:36:42,29.42,--,11,32362,卖盘
1470,13:36:39,29.42,-0.01,5,14710,卖盘
1471,13:36:36,29.43,--,65,191295,买盘
1472,13:36:33,29.43,0.01,13,38259,买盘
1473,13:36:30,29.42,--,17,50014,卖盘
1474,13:36:27,29.42,-0.01,3,8826,卖盘
1475,13:36:24,29.43,0.01,361,1064747,买盘
1476,13:36:18,29.42,0.04,24,70608,买盘
1477,13:36:15,29.38,-0.02,6,17628,买盘
1478,13:36:12,29.4,0.03,5,14700,卖盘
1479,13:36:09,29.37,-0.04,200,587400,卖盘
1480,13:36:06,29.41,--,2,5882,买盘
1481,13:36:03,29.41,0.01,60,176460,买盘
1482,13:36:00,29.4,-0.01,5,14700,卖盘
1483,13:35:57,29.41,0.01,6,17646,买盘
1484,13:35:54,29.4,--,244,717360,买盘
1485,13:35:51,29.4,0.03,63,185220,买盘
1486,13:35:48,29.37,-0.01,137,402369,卖盘
1487,13:35:42,29.38,--,26,76388,买盘
1488,13:35:39,29.38,--,3,8814,买盘
1489,13:35:33,29.38,--,26,76388,买盘
1490,13:35:30,29.38,0.01,3,8814,买盘
1491,13:35:27,29.37,-0.01,1,2937,卖盘
1492,13:35:24,29.38,--,22,64636,买盘
1493,13:35:21,29.38,--,4,11752,买盘
1494,13:35:15,29.38,--,13,38194,买盘
1495,13:35:12,29.38,-0.03,8,23504,中性盘
1496,13:35:09,29.41,0.01,6,17646,买盘
1497,13:35:06,29.4,--,27,79380,买盘
1498,13:35:03,29.4,-0.01,21,61740,中性盘
1499,13:34:57,29.41,0.06,8,23528,买盘
1500,13:34:54,29.35,-0.07,227,666245,卖盘
1501,13:34:51,29.42,0.02,1,2942,买盘
1502,13:34:48,29.4,--,10,29400,卖盘
1503,13:34:45,29.4,0.02,46,135240,买盘
1504,13:34:42,29.38,-0.02,2,5876,卖盘
1505,13:34:39,29.4,0.02,41,120540,买盘
1506,13:34:36,29.38,-0.02,11,32318,中性盘
1507,13:34:33,29.4,--,244,717360,买盘
1508,13:34:30,29.4,0.02,3,8820,买盘
1509,13:34:24,29.38,--,15,44070,卖盘
1510,13:34:15,29.38,-0.02,255,749190,卖盘
1511,13:34:09,29.4,--,1,2940,买盘
1512,13:34:06,29.4,--,160,470400,买盘
1513,13:34:03,29.4,--,37,108780,买盘
1514,13:33:57,29.4,--,10,29400,买盘
1515,13:33:54,29.4,-0.02,108,318137,卖盘
1516,13:33:48,29.42,--,19,55898,买盘
1517,13:33:45,29.42,--,3,8826,买盘
1518,13:33:42,29.42,--,1,2942,买盘
1519,13:33:33,29.42,--,3,8826,买盘
1520,13:33:30,29.42,-0.01,100,294200,卖盘
1521,13:33:27,29.43,0.01,6,17658,买盘
1522,13:33:24,29.42,-0.01,24,70608,卖盘
1523,13:33:21,29.43,0.01,10,29430,买盘
1524,13:33:18,29.42,--,9,26478,卖盘
1525,13:33:15,29.42,-0.01,3,8826,卖盘
1526,13:33:09,29.43,--,24,70632,买盘
1527,13:33:06,29.43,-0.01,8,23544,买盘
1528,13:33:03,29.44,0.01,51,150144,买盘
1529,13:33:00,29.43,-0.01,14,41202,卖盘
1530,13:32:57,29.44,0.01,3,8832,买盘
1531,13:32:54,29.43,-0.01,12,35316,卖盘
1532,13:32:51,29.44,--,10,29440,买盘
1533,13:32:48,29.44,0.01,17,50048,买盘
1534,13:32:42,29.43,-0.01,12,35316,卖盘
1535,13:32:39,29.44,0.01,18,52992,买盘
1536,13:32:36,29.43,-0.01,28,82404,卖盘
1537,13:32:33,29.44,--,3,8832,买盘
1538,13:32:30,29.44,--,13,38272,买盘
1539,13:32:27,29.44,--,5,14720,买盘
1540,13:32:24,29.44,-0.01,10,29440,卖盘
1541,13:32:21,29.45,0.01,12,35340,买盘
1542,13:32:18,29.44,-0.01,14,41216,卖盘
1543,13:32:15,29.45,0.01,3,8835,买盘
1544,13:32:12,29.44,--,12,35328,卖盘
1545,13:32:06,29.44,-0.01,31,91264,卖盘
1546,13:32:03,29.45,0.01,7,20615,买盘
1547,13:32:00,29.44,--,24,70656,卖盘
1548,13:31:57,29.44,-0.01,6,17664,卖盘
1549,13:31:54,29.45,--,13,38285,买盘
1550,13:31:51,29.45,0.01,27,79515,买盘
1551,13:31:48,29.44,--,4,11776,卖盘
1552,13:31:45,29.44,-0.01,6,17664,卖盘
1553,13:31:42,29.45,--,8,23560,买盘
1554,13:31:36,29.45,--,1,2945,买盘
1555,13:31:33,29.45,--,22,64790,买盘
1556,13:31:30,29.45,--,23,68294,卖盘
1557,13:31:27,29.45,-0.02,19,55955,卖盘
1558,13:31:21,29.47,-0.01,13,38311,买盘
1559,13:31:18,29.48,0.02,160,471680,买盘
1560,13:31:15,29.46,--,1,2946,买盘
1561,13:31:12,29.46,-0.01,16,47136,卖盘
1562,13:31:09,29.47,0.01,17,50099,买盘
1563,13:31:06,29.46,--,26,76596,卖盘
1564,13:31:03,29.46,--,37,109002,卖盘
1565,13:31:00,29.46,--,11,32406,卖盘
1566,13:30:57,29.46,0.01,12,35352,买盘
1567,13:30:54,29.45,-0.01,17,50065,卖盘
1568,13:30:51,29.46,0.01,1,2946,买盘
1569,13:30:48,29.45,-0.01,15,44175,卖盘
1570,13:30:45,29.46,0.01,8,23568,中性盘
1571,13:30:39,29.45,--,143,421135,卖盘
1572,13:30:36,29.45,-0.02,176,518320,卖盘
1573,13:30:33,29.47,0.01,125,368375,买盘
1574,13:30:30,29.46,--,2,5892,买盘
1575,13:30:27,29.46,--,6,17676,卖盘
1576,13:30:24,29.46,--,2,5892,卖盘
1577,13:30:21,29.46,-0.01,13,38298,卖盘
1578,13:30:18,29.47,0.02,17,50099,买盘
1579,13:30:12,29.45,-0.03,163,480035,卖盘
1580,13:30:09,29.48,--,19,56012,买盘
1581,13:30:06,29.48,0.03,8,23584,买盘
1582,13:30:03,29.45,-0.03,11,32395,卖盘
1583,13:29:57,29.48,0.03,22,64856,买盘
1584,13:29:54,29.45,-0.02,19,55955,卖盘
1585,13:29:51,29.47,--,15,44205,买盘
1586,13:29:48,29.47,--,14,41258,买盘
1587,13:29:45,29.47,--,125,368375,买盘
1588,13:29:42,29.47,-0.01,62,182714,卖盘
1589,13:29:39,29.48,-0.01,1,2948,中性盘
1590,13:29:36,29.49,0.01,52,153348,买盘
1591,13:29:33,29.48,0.01,13,38324,中性盘
1592,13:29:30,29.47,-0.02,91,268177,卖盘
1593,13:29:24,29.49,0.02,117,345033,买盘
1594,13:29:21,29.47,-0.02,15,44205,卖盘
1595,13:29:18,29.49,--,43,126807,买盘
1596,13:29:15,29.49,0.02,21,61929,买盘
1597,13:29:12,29.47,-0.01,11,32417,卖盘
1598,13:29:09,29.48,-0.01,10,29480,中性盘
1599,13:29:03,29.49,0.02,20,58980,买盘
1600,13:29:00,29.47,0.01,10,29470,中性盘
1601,13:28:54,29.46,-0.01,21,61866,卖盘
1602,13:28:51,29.47,--,1,2947,买盘
1603,13:28:48,29.47,-0.02,1,2947,中性盘
1604,13:28:45,29.49,0.02,20,58980,买盘
1605,13:28:42,29.47,0.01,3,8841,中性盘
1606,13:28:39,29.46,--,192,568018,买盘
1607,13:28:36,29.46,0.02,56,164976,买盘
1608,13:28:33,29.44,-0.02,2,5888,卖盘
1609,13:28:30,29.46,--,23,67758,买盘
1610,13:28:27,29.46,-0.01,31,91326,卖盘
1611,13:28:24,29.47,0.01,104,306488,买盘
1612,13:28:21,29.46,0.01,18,53028,买盘
1613,13:28:18,29.45,-0.01,47,138415,卖盘
1614,13:28:12,29.46,-0.01,59,173814,卖盘
1615,13:28:09,29.47,0.01,30,88410,买盘
1616,13:28:06,29.46,0.01,3,8838,中性盘
1617,13:28:03,29.45,--,321,945345,卖盘
1618,13:28:00,29.45,-0.02,2,5890,卖盘
1619,13:27:57,29.47,0.03,4,11788,买盘
1620,13:27:54,29.44,--,267,786048,买盘
1621,13:27:51,29.44,-0.01,145,426880,卖盘
1622,13:27:48,29.45,--,12,35340,卖盘
1623,13:27:45,29.45,--,39,114855,卖盘
1624,13:27:42,29.45,--,26,76570,卖盘
1625,13:27:39,29.45,--,547,1610915,买盘
1626,13:27:36,29.45,0.01,16,47120,买盘
1627,13:27:33,29.44,--,41,120704,卖盘
1628,13:27:30,29.44,0.01,20,58880,买盘
1629,13:27:27,29.43,-0.01,111,326673,卖盘
1630,13:27:24,29.44,--,16,47104,买盘
1631,13:27:21,29.44,--,100,294400,买盘
1632,13:27:18,29.44,--,14,41216,买盘
1633,13:27:15,29.44,--,29,85376,买盘
1634,13:27:12,29.44,0.01,60,176640,买盘
1635,13:27:09,29.43,--,58,170694,卖盘
1636,13:27:06,29.43,-0.01,41,120663,卖盘
1637,13:27:03,29.44,--,89,262016,买盘
1638,13:27:00,29.44,--,24,70656,买盘
1639,13:26:57,29.44,0.01,17,50048,买盘
1640,13:26:54,29.43,-0.01,191,562113,卖盘
1641,13:26:51,29.44,--,5,14720,买盘
1642,13:26:48,29.44,--,5,14720,买盘
1643,13:26:45,29.44,0.01,55,161920,买盘
1644,13:26:42,29.43,-0.01,11,32373,卖盘
1645,13:26:39,29.44,0.02,23,67712,买盘
1646,13:26:36,29.42,--,2,5884,卖盘
1647,13:26:33,29.42,-0.01,11,32362,卖盘
1648,13:26:30,29.43,0.01,20,58860,买盘
1649,13:26:27,29.42,--,3,8826,买盘
1650,13:26:24,29.42,-0.02,3,8826,卖盘
1651,13:26:21,29.44,--,1,2944,买盘
1652,13:26:18,29.44,0.03,111,326784,买盘
1653,13:26:15,29.41,-0.01,16,47056,卖盘
1654,13:26:12,29.42,--,13,38246,卖盘
1655,13:26:09,29.42,-0.02,4,11768,卖盘
1656,13:26:06,29.44,--,20,58880,买盘
1657,13:26:03,29.44,0.02,18,52992,买盘
1658,13:26:00,29.42,--,8,23536,卖盘
1659,13:25:57,29.42,-0.01,3,8826,卖盘
1660,13:25:54,29.43,-0.01,22,64746,买盘
1661,13:25:51,29.44,--,17,50048,买盘
1662,13:25:48,29.44,--,4,11776,买盘
1663,13:25:45,29.44,0.02,34,100096,买盘
1664,13:25:42,29.42,-0.01,16,47072,中性盘
1665,13:25:39,29.43,0.03,6,17658,买盘
1666,13:25:36,29.4,-0.03,1,2940,卖盘
1667,13:25:33,29.43,0.03,4,11772,中性盘
1668,13:25:30,29.4,-0.04,42,123480,卖盘
1669,13:25:27,29.44,-0.01,101,297344,卖盘
1670,13:25:24,29.45,--,25,73625,买盘
1671,13:25:21,29.45,0.01,8,23560,买盘
1672,13:25:18,29.44,--,5,14720,卖盘
1673,13:25:15,29.44,0.01,48,141312,买盘
1674,13:25:12,29.43,-0.01,174,512082,中性盘
1675,13:25:09,29.44,0.01,18,52992,买盘
1676,13:25:06,29.43,-0.01,7,20601,卖盘
1677,13:25:03,29.44,--,34,100096,买盘
1678,13:24:57,29.44,--,9,26496,买盘
1679,13:24:54,29.44,0.01,14,41216,中性盘
1680,13:24:51,29.43,-0.02,65,191295,卖盘
1681,13:24:48,29.45,--,5,14725,买盘
1682,13:24:45,29.45,0.01,37,108965,买盘
1683,13:24:42,29.44,-0.02,80,235520,卖盘
1684,13:24:39,29.46,0.02,64,188544,买盘
1685,13:24:36,29.44,-0.02,33,97152,卖盘
1686,13:24:33,29.46,--,164,483144,买盘
1687,13:24:30,29.46,0.01,36,106056,买盘
1688,13:24:27,29.45,--,16,47120,买盘
1689,13:24:24,29.45,-0.01,54,159030,卖盘
1690,13:24:21,29.46,--,88,259248,卖盘
1691,13:24:18,29.46,--,26,76596,卖盘
1692,13:24:15,29.46,--,50,147300,卖盘
1693,13:24:12,29.46,0.02,815,2400990,买盘
1694,13:24:09,29.44,-0.01,3,8832,卖盘
1695,13:24:06,29.45,0.01,7,20615,买盘
1696,13:24:03,29.44,0.01,97,285568,买盘
1697,13:24:00,29.43,-0.01,12,35316,卖盘
1698,13:23:57,29.44,0.02,216,638229,买盘
1699,13:23:54,29.42,--,70,205940,买盘
1700,13:23:51,29.42,0.02,20,58840,买盘
1701,13:23:48,29.4,--,46,135240,卖盘
1702,13:23:45,29.4,--,9,26460,卖盘
1703,13:23:42,29.4,-0.02,46,135240,卖盘
1704,13:23:39,29.42,0.03,199,585458,买盘
1705,13:23:36,29.39,--,14,41146,买盘
1706,13:23:33,29.39,--,8,23512,中性盘
1707,13:23:30,29.39,0.01,4,11756,买盘
1708,13:23:24,29.38,-0.02,16,47624,卖盘
1709,13:23:21,29.4,0.02,16,49362,买盘
1710,13:23:18,29.38,--,10,29380,卖盘
1711,13:23:15,29.38,--,130,381940,卖盘
1712,13:23:12,29.38,-0.01,66,193908,卖盘
1713,13:23:09,29.39,0.01,12,35268,买盘
1714,13:23:06,29.38,--,4,11752,卖盘
1715,13:23:03,29.38,--,35,102830,卖盘
1716,13:23:00,29.38,0.01,25,73450,买盘
1717,13:22:57,29.37,-0.01,12,35244,卖盘
1718,13:22:54,29.38,--,102,299676,买盘
1719,13:22:51,29.38,0.01,21,61698,买盘
1720,13:22:48,29.37,-0.02,108,317196,卖盘
1721,13:22:45,29.39,0.01,29,85231,买盘
1722,13:22:42,29.38,-0.01,51,149838,卖盘
1723,13:22:39,29.39,0.01,8,23512,买盘
1724,13:22:36,29.38,-0.01,101,296738,卖盘
1725,13:22:33,29.39,0.02,28,82292,中性盘
1726,13:22:30,29.37,--,58,170346,卖盘
1727,13:22:27,29.37,-0.01,26,76362,卖盘
1728,13:22:24,29.38,--,24,70512,买盘
1729,13:22:21,29.38,--,8,23504,买盘
1730,13:22:18,29.38,0.01,37,108706,中性盘
1731,13:22:15,29.37,-0.02,80,234960,卖盘
1732,13:22:12,29.39,0.01,36,105804,买盘
1733,13:22:06,29.38,0.01,5,14690,买盘
1734,13:22:03,29.37,-0.01,14,41118,卖盘
1735,13:22:00,29.38,0.01,47,138086,买盘
1736,13:21:57,29.37,0.01,11,32307,买盘
1737,13:21:54,29.36,--,30,88080,卖盘
1738,13:21:51,29.36,-0.01,2,5872,卖盘
1739,13:21:48,29.37,0.01,36,105732,买盘
1740,13:21:45,29.36,--,38,111568,买盘
1741,13:21:42,29.36,--,31,91016,买盘
1742,13:21:39,29.36,0.01,63,184968,买盘
1743,13:21:36,29.35,--,58,170817,买盘
1744,13:21:33,29.35,0.02,32,93920,买盘
1745,13:21:30,29.33,-0.02,3,8799,卖盘
1746,13:21:27,29.35,0.02,10,29350,买盘
1747,13:21:24,29.33,0.03,14,41062,买盘
1748,13:21:18,29.3,--,5,14650,卖盘
1749,13:21:15,29.3,--,29,84970,卖盘
1750,13:21:12,29.3,-0.03,269,788170,卖盘
1751,13:21:09,29.33,--,233,683389,买盘
1752,13:21:06,29.33,0.03,14,41062,买盘
1753,13:21:03,29.3,0.01,535,1569015,买盘
1754,13:20:57,29.29,0.01,1,2929,买盘
1755,13:20:54,29.28,--,20,58560,卖盘
1756,13:20:51,29.28,--,25,73200,买盘
1757,13:20:48,29.28,--,21,61488,买盘
1758,13:20:45,29.28,0.02,6,17568,买盘
1759,13:20:42,29.26,-0.04,394,1152844,卖盘
1760,13:20:39,29.3,--,17,49810,买盘
1761,13:20:36,29.3,0.04,4,11720,买盘
1762,13:20:33,29.26,-0.04,63,184338,卖盘
1763,13:20:30,29.3,0.01,274,802820,买盘
1764,13:20:27,29.29,--,3,8787,买盘
1765,13:20:24,29.29,0.01,28,82012,买盘
1766,13:20:21,29.28,--,72,210816,买盘
1767,13:20:18,29.28,--,14,40992,买盘
1768,13:20:15,29.28,--,13,38064,买盘
1769,13:20:12,29.28,-0.02,10,29280,买盘
1770,13:20:09,29.3,--,10,29300,买盘
1771,13:20:06,29.3,0.04,606,1775580,买盘
1772,13:20:03,29.26,-0.03,11,32624,卖盘
1773,13:20:00,29.29,0.01,311,910919,买盘
1774,13:19:57,29.28,--,1,2928,买盘
1775,13:19:54,29.28,0.02,5,14640,中性盘
1776,13:19:51,29.26,-0.04,21,61446,卖盘
1777,13:19:48,29.3,--,48,140640,买盘
1778,13:19:45,29.3,0.01,22,64460,买盘
1779,13:19:42,29.29,-0.01,29,84941,卖盘
1780,13:19:39,29.3,--,11,32230,买盘
1781,13:19:36,29.3,0.01,196,574280,买盘
1782,13:19:33,29.29,-0.01,3,8787,卖盘
1783,13:19:30,29.3,--,5,14650,买盘
1784,13:19:27,29.3,--,21,61530,买盘
1785,13:19:24,29.3,0.01,49,143570,买盘
1786,13:19:21,29.29,-0.01,3,8787,买盘
1787,13:19:18,29.3,--,61,178730,买盘
1788,13:19:15,29.3,--,9,26370,买盘
1789,13:19:12,29.3,--,304,890720,买盘
1790,13:19:09,29.3,--,4,11720,买盘
1791,13:19:06,29.3,--,307,899510,买盘
1792,13:19:03,29.3,-0.02,409,1198370,卖盘
1793,13:19:00,29.32,-0.01,24,70368,买盘
1794,13:18:57,29.33,0.03,5,14665,买盘
1795,13:18:54,29.3,-0.03,12,35160,卖盘
1796,13:18:51,29.33,0.03,83,243439,买盘
1797,13:18:48,29.3,-0.03,50,146500,卖盘
1798,13:18:45,29.33,0.03,31,90923,买盘
1799,13:18:42,29.3,--,33,96690,卖盘
1800,13:18:36,29.3,--,5,14650,卖盘
1801,13:18:33,29.3,0.02,391,1145630,买盘
1802,13:18:30,29.28,0.01,16,46848,买盘
1803,13:18:27,29.27,0.03,89,260503,买盘
1804,13:18:24,29.24,-0.03,11,32164,卖盘
1805,13:18:21,29.27,0.03,6,17562,买盘
1806,13:18:18,29.24,--,339,991236,买盘
1807,13:18:15,29.24,0.01,64,187136,买盘
1808,13:18:12,29.23,0.02,23,67229,买盘
1809,13:18:09,29.21,-0.03,60,175260,卖盘
1810,13:18:03,29.24,0.02,541,1581884,买盘
1811,13:18:00,29.22,-0.02,329,961338,卖盘
1812,13:17:57,29.24,--,5,14620,买盘
1813,13:17:54,29.24,--,66,192984,买盘
1814,13:17:51,29.24,0.04,30,87720,买盘
1815,13:17:48,29.2,-0.04,23,67160,卖盘
1816,13:17:45,29.24,0.04,251,733924,买盘
1817,13:17:42,29.2,-0.02,14,40880,卖盘
1818,13:17:39,29.22,0.02,79,230838,买盘
1819,13:17:36,29.2,-0.02,21,61320,卖盘
1820,13:17:33,29.22,--,28,81816,买盘
1821,13:17:30,29.22,--,2,5844,买盘
1822,13:17:27,29.22,--,10,29220,买盘
1823,13:17:24,29.22,0.02,24,70128,买盘
1824,13:17:21,29.2,--,3,8760,卖盘
1825,13:17:18,29.2,--,10,29200,卖盘
1826,13:17:15,29.2,0.01,7,20440,中性盘
1827,13:17:12,29.19,--,30,87570,卖盘
1828,13:17:09,29.19,-0.05,18,52542,卖盘
1829,13:17:06,29.24,0.01,277,809948,买盘
1830,13:17:03,29.23,0.01,239,698597,买盘
1831,13:17:00,29.22,0.03,36,105192,买盘
1832,13:16:57,29.19,--,14,40866,买盘
1833,13:16:54,29.19,-0.03,4,11676,中性盘
1834,13:16:51,29.22,0.03,191,558102,买盘
1835,13:16:48,29.19,-0.01,9,26271,卖盘
1836,13:16:45,29.2,0.01,5,14600,买盘
1837,13:16:42,29.19,-0.01,25,72975,卖盘
1838,13:16:39,29.2,--,4,11680,买盘
1839,13:16:36,29.2,--,20,58400,买盘
1840,13:16:33,29.2,--,19,55480,买盘
1841,13:16:30,29.2,0.01,46,134320,买盘
1842,13:16:27,29.19,-0.03,12,35028,卖盘
1843,13:16:24,29.22,--,14,40908,买盘
1844,13:16:21,29.22,--,6,17532,买盘
1845,13:16:18,29.22,--,21,64254,买盘
1846,13:16:15,29.22,0.02,7,20454,买盘
1847,13:16:12,29.2,-0.02,18,52560,中性盘
1848,13:16:09,29.22,0.02,35,102270,买盘
1849,13:16:06,29.2,--,73,213160,卖盘
1850,13:16:03,29.2,-0.02,35,102200,卖盘
1851,13:16:00,29.22,--,117,341874,买盘
1852,13:15:57,29.22,--,9,26298,买盘
1853,13:15:54,29.22,--,21,61362,买盘
1854,13:15:51,29.22,0.02,23,67206,买盘
1855,13:15:48,29.2,-0.02,10,29200,卖盘
1856,13:15:45,29.22,--,11,32142,买盘
1857,13:15:42,29.22,-0.02,36,105192,买盘
1858,13:15:36,29.24,--,3,8772,买盘
1859,13:15:33,29.24,0.04,104,304096,买盘
1860,13:15:30,29.2,0.02,8,23360,中性盘
1861,13:15:27,29.18,-0.04,16,46688,中性盘
1862,13:15:24,29.22,-0.01,24,70128,中性盘
1863,13:15:18,29.23,0.07,13,37999,买盘
1864,13:15:15,29.16,-0.02,16,46656,卖盘
1865,13:15:12,29.18,0.02,23,67114,买盘
1866,13:15:09,29.16,-0.04,54,157464,卖盘
1867,13:15:06,29.2,0.04,82,241279,买盘
1868,13:15:03,29.16,-0.01,227,661932,卖盘
1869,13:15:00,29.17,-0.02,53,154601,中性盘
1870,13:14:57,29.19,--,74,216006,买盘
1871,13:14:54,29.19,--,264,770616,买盘
1872,13:14:51,29.19,0.01,26,75894,买盘
1873,13:14:48,29.18,--,6,17508,卖盘
1874,13:14:45,29.18,0.02,101,294718,买盘
1875,13:14:42,29.16,--,132,384912,卖盘
1876,13:14:39,29.16,--,36,104976,卖盘
1877,13:14:36,29.16,-0.03,3,8748,卖盘
1878,13:14:33,29.19,0.03,33,96327,买盘
1879,13:14:30,29.16,--,61,177876,买盘
1880,13:14:27,29.16,--,153,446148,买盘
1881,13:14:24,29.16,0.01,5,14580,买盘
1882,13:14:21,29.15,-0.01,13,37895,卖盘
1883,13:14:18,29.16,--,4,11664,买盘
1884,13:14:15,29.16,-0.01,32,93312,卖盘
1885,13:14:12,29.17,-0.02,25,72925,买盘
1886,13:14:09,29.19,0.02,120,350280,买盘
1887,13:14:06,29.17,0.01,13,37921,买盘
1888,13:14:03,29.16,-0.01,26,75816,卖盘
1889,13:14:00,29.17,-0.02,105,306285,中性盘
1890,13:13:57,29.19,--,73,213087,买盘
1891,13:13:54,29.19,0.02,194,566286,买盘
1892,13:13:51,29.17,-0.03,114,332538,卖盘
1893,13:13:48,29.2,--,47,137240,买盘
1894,13:13:45,29.2,--,34,99280,买盘
1895,13:13:42,29.2,0.03,72,210240,买盘
1896,13:13:39,29.17,--,501,1461417,买盘
1897,13:13:36,29.17,--,57,166269,买盘
1898,13:13:33,29.17,--,103,301530,卖盘
1899,13:13:30,29.17,--,17,49589,卖盘
1900,13:13:27,29.17,--,26,77679,卖盘
1901,13:13:24,29.17,0.01,245,714665,买盘
1902,13:13:21,29.16,--,42,122472,买盘
1903,13:13:18,29.16,0.01,211,615276,买盘
1904,13:13:15,29.15,--,48,139920,卖盘
1905,13:13:12,29.15,0.01,23,67045,中性盘
1906,13:13:09,29.14,-0.01,223,649822,卖盘
1907,13:13:06,29.15,0.01,379,1104785,买盘
1908,13:13:03,29.14,0.01,11,32054,中性盘
1909,13:13:00,29.13,--,6,17478,卖盘
1910,13:12:57,29.13,--,27,79233,卖盘
1911,13:12:54,29.13,--,31,92021,买盘
1912,13:12:51,29.13,--,105,305865,买盘
1913,13:12:48,29.13,-0.02,389,1134351,卖盘
1914,13:12:45,29.15,0.02,293,854095,买盘
1915,13:12:42,29.13,-0.02,17,49521,卖盘
1916,13:12:39,29.15,--,84,244860,买盘
1917,13:12:36,29.15,0.02,86,250690,中性盘
1918,13:12:33,29.13,--,16,46608,卖盘
1919,13:12:30,29.13,-0.04,133,387429,卖盘
1920,13:12:27,29.17,0.05,133,389682,买盘
1921,13:12:24,29.12,-0.03,98,285376,卖盘
1922,13:12:21,29.15,0.03,22,64130,买盘
1923,13:12:18,29.12,-0.01,158,460096,卖盘
1924,13:12:15,29.13,0.02,18,52434,买盘
1925,13:12:12,29.11,--,27,78597,卖盘
1926,13:12:09,29.11,-0.04,127,369697,卖盘
1927,13:12:06,29.15,0.02,75,218625,买盘
1928,13:12:03,29.13,--,13,37869,买盘
1929,13:12:00,29.13,--,13,37869,买盘
1930,13:11:57,29.13,0.01,70,203910,中性盘
1931,13:11:54,29.12,-0.03,155,451971,卖盘
1932,13:11:51,29.15,--,29,84535,卖盘
1933,13:11:48,29.15,--,1094,3191312,买盘
1934,13:11:45,29.15,-0.02,180,524700,买盘
1935,13:11:42,29.17,-0.01,1,2917,买盘
1936,13:11:39,29.18,--,744,2170992,买盘
1937,13:11:33,29.18,--,4,11672,买盘
1938,13:11:30,29.18,-0.02,94,274904,卖盘
1939,13:11:27,29.2,--,102,297840,买盘
1940,13:11:24,29.2,--,24,70080,买盘
1941,13:11:21,29.2,-0.02,285,833105,卖盘
1942,13:11:18,29.22,0.02,327,955494,买盘
1943,13:11:15,29.2,-0.01,525,1533000,卖盘
1944,13:11:12,29.21,-0.03,256,747776,卖盘
1945,13:11:09,29.24,0.03,103,303189,买盘
1946,13:11:06,29.21,-0.02,371,1083691,卖盘
1947,13:11:00,29.23,--,8,23384,买盘
1948,13:10:57,29.23,--,250,730750,买盘
1949,13:10:54,29.23,-0.01,23,68135,卖盘
1950,13:10:51,29.24,0.01,11,32164,买盘
1951,13:10:42,29.23,--,75,220744,卖盘
1952,13:10:39,29.23,-0.02,140,409220,卖盘
1953,13:10:36,29.25,--,38,111150,买盘
1954,13:10:33,29.25,0.01,64,187200,买盘
1955,13:10:30,29.24,--,7,20468,卖盘
1956,13:10:27,29.24,-0.01,111,324564,卖盘
1957,13:10:24,29.25,0.01,10,29250,买盘
1958,13:10:21,29.24,-0.03,12,35088,卖盘
1959,13:10:18,29.27,--,61,178547,买盘
1960,13:10:15,29.27,--,6,17562,买盘
1961,13:10:09,29.27,0.03,1,2927,买盘
1962,13:10:06,29.24,-0.03,24,70176,卖盘
1963,13:10:03,29.27,--,53,156594,卖盘
1964,13:10:00,29.27,-0.02,10,29270,卖盘
1965,13:09:57,29.29,0.01,19,55651,买盘
1966,13:09:54,29.28,-0.01,51,149328,买盘
1967,13:09:51,29.29,0.02,150,439350,买盘
1968,13:09:48,29.27,--,27,80492,卖盘
1969,13:09:45,29.27,--,64,187328,卖盘
1970,13:09:42,29.27,--,2,5854,卖盘
1971,13:09:39,29.27,-0.02,18,52686,中性盘
1972,13:09:33,29.29,0.04,177,518433,买盘
1973,13:09:30,29.25,--,30,87750,买盘
1974,13:09:27,29.25,-0.02,27,78975,中性盘
1975,13:09:21,29.27,--,9,26343,买盘
1976,13:09:18,29.27,--,4,11708,买盘
1977,13:09:15,29.27,0.02,11,32197,买盘
1978,13:09:12,29.25,-0.02,30,87750,卖盘
1979,13:09:09,29.27,--,6,17562,买盘
1980,13:09:06,29.27,0.02,2,5854,买盘
1981,13:09:03,29.25,-0.02,179,523575,卖盘
1982,13:09:00,29.27,0.02,39,114153,买盘
1983,13:08:54,29.25,--,11,32175,卖盘
1984,13:08:51,29.25,-0.01,285,833625,卖盘
1985,13:08:48,29.26,-0.01,3,8778,卖盘
1986,13:08:45,29.27,--,6,17562,买盘
1987,13:08:42,29.27,--,7,20489,买盘
1988,13:08:39,29.27,--,27,79029,买盘
1989,13:08:33,29.27,--,11,32197,买盘
1990,13:08:30,29.27,--,4,11708,买盘
1991,13:08:27,29.27,0.02,4,11708,买盘
1992,13:08:24,29.25,-0.02,21,61425,卖盘
1993,13:08:21,29.27,-0.01,10,29270,卖盘
1994,13:08:18,29.28,--,11,32208,买盘
1995,13:08:15,29.28,0.01,6,17568,买盘
1996,13:08:12,29.27,--,20,58540,卖盘
1997,13:08:06,29.27,--,17,49759,卖盘
1998,13:08:03,29.27,--,12,35124,卖盘
1999,13:08:00,29.27,--,16,46832,卖盘
2000,13:07:57,29.27,-0.05,78,228306,卖盘
2001,13:07:54,29.32,0.05,99,290268,买盘
2002,13:07:51,29.27,-0.03,11,32197,卖盘
2003,13:07:48,29.3,0.02,20,58600,买盘
2004,13:07:45,29.28,0.01,5,14640,买盘
2005,13:07:42,29.27,--,68,199036,卖盘
2006,13:07:39,29.27,0.01,59,172693,卖盘
2007,13:07:33,29.26,-0.02,31,90706,卖盘
2008,13:07:30,29.28,0.02,6,17568,买盘
2009,13:07:27,29.26,-0.02,10,29260,卖盘
2010,13:07:24,29.28,0.02,215,629520,买盘
2011,13:07:21,29.26,--,37,108262,卖盘
2012,13:07:18,29.26,--,2,5852,卖盘
2013,13:07:15,29.26,--,17,49742,卖盘
2014,13:07:12,29.26,--,53,155078,买盘
2015,13:07:09,29.26,--,28,81928,买盘
2016,13:07:06,29.26,0.02,3,8778,买盘
2017,13:07:03,29.24,-0.01,44,129153,卖盘
2018,13:07:00,29.25,0.01,79,231075,买盘
2019,13:06:57,29.24,-0.01,21,61404,卖盘
2020,13:06:54,29.25,0.01,16,46800,买盘
2021,13:06:51,29.24,-0.01,9,26316,卖盘
2022,13:06:48,29.25,0.01,40,117000,买盘
2023,13:06:42,29.24,-0.01,67,195908,卖盘
2024,13:06:39,29.25,--,8,23400,买盘
2025,13:06:36,29.25,--,204,596700,买盘
2026,13:06:33,29.25,--,14,40950,买盘
2027,13:06:30,29.25,0.01,10,29250,买盘
2028,13:06:27,29.24,--,59,172516,卖盘
2029,13:06:24,29.24,0.01,12,35088,中性盘
2030,13:06:21,29.23,-0.01,44,128612,卖盘
2031,13:06:18,29.24,-0.01,21,61404,卖盘
2032,13:06:15,29.25,0.01,30,87750,买盘
2033,13:06:12,29.24,--,7,20468,买盘
2034,13:06:06,29.24,--,10,29240,买盘
2035,13:06:03,29.24,--,6,17544,买盘
2036,13:06:00,29.24,-0.01,38,111112,卖盘
2037,13:05:51,29.25,-0.01,83,242775,卖盘
2038,13:05:48,29.26,0.01,1,2926,买盘
2039,13:05:45,29.25,--,7,20475,卖盘
2040,13:05:42,29.25,-0.01,17,49725,卖盘
2041,13:05:39,29.26,--,15,43890,买盘
2042,13:05:36,29.26,--,305,892430,买盘
2043,13:05:33,29.26,0.01,25,73150,买盘
2044,13:05:30,29.25,--,106,310050,买盘
2045,13:05:27,29.25,--,13,38025,买盘
2046,13:05:24,29.25,-0.01,17,49725,中性盘
2047,13:05:18,29.26,-0.01,6,17556,中性盘
2048,13:05:15,29.27,0.04,20,58540,买盘
2049,13:05:12,29.23,-0.04,14,40922,卖盘
2050,13:05:06,29.27,--,10,29270,买盘
2051,13:05:03,29.27,--,32,93664,买盘
2052,13:05:00,29.27,--,48,140496,买盘
2053,13:04:57,29.27,0.04,62,181474,买盘
2054,13:04:54,29.23,-0.04,311,909053,卖盘
2055,13:04:51,29.27,--,10,29270,买盘
2056,13:04:48,29.27,0.02,3,8781,买盘
2057,13:04:42,29.25,-0.02,17,49725,卖盘
2058,13:04:39,29.27,--,44,128788,买盘
2059,13:04:36,29.27,-0.01,7,20489,中性盘
2060,13:04:33,29.28,0.01,73,213744,买盘
2061,13:04:30,29.27,0.01,16,46832,买盘
2062,13:04:27,29.26,-0.01,3,8778,中性盘
2063,13:04:24,29.27,--,64,187328,买盘
2064,13:04:21,29.27,--,2,5854,买盘
2065,13:04:18,29.27,--,165,482955,买盘
2066,13:04:15,29.27,0.01,7,20489,买盘
2067,13:04:12,29.26,-0.01,11,32186,卖盘
2068,13:04:09,29.27,--,32,93664,买盘
2069,13:04:06,29.27,--,13,38051,买盘
2070,13:04:03,29.27,-0.01,80,234160,卖盘
2071,13:04:00,29.28,--,11,32208,买盘
2072,13:03:57,29.28,--,14,40992,买盘
2073,13:03:54,29.28,--,2,5856,买盘
2074,13:03:51,29.28,--,50,146400,买盘
2075,13:03:48,29.28,--,29,84912,卖盘
2076,13:03:42,29.28,--,11,32208,卖盘
2077,13:03:36,29.28,-0.02,18,52704,卖盘
2078,13:03:33,29.3,0.03,15,43950,买盘
2079,13:03:27,29.27,--,180,526860,买盘
2080,13:03:24,29.27,0.02,44,128788,买盘
2081,13:03:15,29.25,-0.01,21,61425,卖盘
2082,13:03:12,29.26,-0.02,11,32186,卖盘
2083,13:03:09,29.28,0.02,1,2928,买盘
2084,13:03:06,29.26,0.01,4,11704,中性盘
2085,13:03:03,29.25,-0.02,12,35100,卖盘
2086,13:03:00,29.27,0.01,18,52686,买盘
2087,13:02:57,29.26,--,12,35112,买盘
2088,13:02:54,29.26,--,13,38038,买盘
2089,13:02:51,29.26,-0.01,11,32186,中性盘
2090,13:02:48,29.27,0.01,36,105372,买盘
2091,13:02:45,29.26,--,22,64372,卖盘
2092,13:02:42,29.26,--,11,32186,卖盘
2093,13:02:39,29.26,0.01,14,40964,中性盘
2094,13:02:36,29.25,--,9,26325,卖盘
2095,13:02:33,29.25,-0.03,12,35100,卖盘
2096,13:02:30,29.28,0.01,2,5856,买盘
2097,13:02:27,29.27,0.03,4,11708,买盘
2098,13:02:24,29.24,0.01,11,32164,中性盘
2099,13:02:18,29.23,-0.04,12,35076,卖盘
2100,13:02:15,29.27,0.04,3,8781,买盘
2101,13:02:12,29.23,-0.04,15,43845,卖盘
2102,13:02:09,29.27,0.05,3,8781,买盘
2103,13:02:06,29.22,-0.01,22,64284,卖盘
2104,13:02:03,29.23,--,1,2923,卖盘
2105,13:01:57,29.23,--,9,26307,买盘
2106,13:01:54,29.23,0.01,8,23384,中性盘
2107,13:01:51,29.22,-0.07,36,105192,卖盘
2108,13:01:48,29.29,-0.01,1,2929,中性盘
2109,13:01:42,29.3,0.08,15,43950,买盘
2110,13:01:39,29.22,--,40,116880,卖盘
2111,13:01:36,29.22,-0.08,10,29220,卖盘
2112,13:01:33,29.3,0.03,19,55670,买盘
2113,13:01:30,29.27,0.05,376,1102015,买盘
2114,13:01:27,29.22,--,11,32142,卖盘
2115,13:01:24,29.22,--,11,32142,卖盘
2116,13:01:21,29.22,0.01,44,128568,买盘
2117,13:01:18,29.21,-0.01,8,23368,卖盘
2118,13:01:15,29.22,--,24,70128,买盘
2119,13:01:12,29.22,--,120,350640,卖盘
2120,13:01:09,29.22,--,263,768486,买盘
2121,13:01:06,29.22,0.01,6,17532,买盘
2122,13:01:03,29.21,-0.01,24,70104,卖盘
2123,13:01:00,29.22,--,3,8766,买盘
2124,13:00:57,29.22,--,7,20454,买盘
2125,13:00:54,29.22,--,51,149022,卖盘
2126,13:00:48,29.22,-0.01,40,116880,卖盘
2127,13:00:45,29.23,-0.02,4,11692,中性盘
2128,13:00:42,29.25,0.02,27,78975,买盘
2129,13:00:39,29.23,-0.02,6,17538,卖盘
2130,13:00:36,29.25,0.03,4,11700,买盘
2131,13:00:33,29.22,-0.02,10,29220,卖盘
2132,13:00:30,29.24,0.02,2,5848,中性盘
2133,13:00:27,29.22,-0.05,7,20454,卖盘
2134,13:00:21,29.27,0.02,57,166839,买盘
2135,13:00:18,29.25,-0.02,8,23400,中性盘
2136,13:00:15,29.27,--,5,14635,买盘
2137,13:00:12,29.27,0.05,17,49759,买盘
2138,13:00:09,29.22,--,83,242526,卖盘
2139,13:00:06,29.22,-0.08,147,429534,卖盘
2140,13:00:03,29.3,0.03,933,2736297,买盘
2141,13:00:00,29.27,--,0,0,卖盘
2142,11:30:00,29.27,-0.04,12,35124,卖盘
2143,11:29:54,29.31,0.01,15,43965,买盘
2144,11:29:51,29.3,0.03,8,23440,中性盘
2145,11:29:48,29.27,-0.03,1,2927,卖盘
2146,11:29:45,29.3,-0.05,6,17580,买盘
2147,11:29:42,29.35,0.04,104,305240,买盘
2148,11:29:39,29.31,-0.02,3,8793,中性盘
2149,11:29:36,29.33,--,51,149583,买盘
2150,11:29:33,29.33,0.03,35,102655,买盘
2151,11:29:30,29.3,0.04,3,8790,中性盘
2152,11:29:27,29.26,-0.07,1340,3920840,卖盘
2153,11:29:24,29.33,0.02,7,20531,买盘
2154,11:29:21,29.31,-0.04,28,82068,卖盘
2155,11:29:18,29.35,0.03,81,237735,买盘
2156,11:29:15,29.32,0.01,1,2932,买盘
2157,11:29:12,29.31,--,3,8793,买盘
2158,11:29:09,29.31,--,61,178791,买盘
2159,11:29:03,29.31,--,5,14655,买盘
2160,11:29:00,29.31,--,22,64482,买盘
2161,11:28:57,29.31,--,10,29310,买盘
2162,11:28:51,29.31,--,1,2931,买盘
2163,11:28:48,29.31,-0.01,3,8793,中性盘
2164,11:28:45,29.32,--,105,307860,买盘
2165,11:28:36,29.32,0.01,5,14660,买盘
2166,11:28:33,29.31,-0.01,33,96723,卖盘
2167,11:28:30,29.32,0.01,69,202308,买盘
2168,11:28:27,29.31,-0.01,23,67413,卖盘
2169,11:28:24,29.32,--,107,313724,买盘
2170,11:28:21,29.32,--,20,60985,买盘
2171,11:28:18,29.32,-0.01,1,2932,买盘
2172,11:28:15,29.33,--,6,17598,买盘
2173,11:28:12,29.33,0.02,15,43995,买盘
2174,11:28:09,29.31,-0.02,8,24620,卖盘
2175,11:28:06,29.33,--,10,29330,买盘
2176,11:28:03,29.33,0.01,4,11732,买盘
2177,11:28:00,29.32,--,12,35184,卖盘
2178,11:27:57,29.32,-0.02,33,96756,卖盘
2179,11:27:51,29.34,-0.01,6,17604,中性盘
2180,11:27:45,29.35,--,5,14675,买盘
2181,11:27:39,29.35,0.03,24,70440,买盘
2182,11:27:36,29.32,--,261,765252,卖盘
2183,11:27:33,29.32,-0.03,36,105552,卖盘
2184,11:27:30,29.35,--,34,99790,买盘
2185,11:27:27,29.35,0.03,21,61635,买盘
2186,11:27:24,29.32,-0.01,212,621584,卖盘
2187,11:27:21,29.33,-0.02,43,128465,卖盘
2188,11:27:18,29.35,0.02,24,70440,买盘
2189,11:27:15,29.33,0.01,13,38129,买盘
2190,11:27:09,29.32,-0.01,14,41048,卖盘
2191,11:27:06,29.33,-0.02,35,102655,卖盘
2192,11:27:00,29.35,--,22,64570,买盘
2193,11:26:57,29.35,--,5,14675,买盘
2194,11:26:54,29.35,--,27,79245,买盘
2195,11:26:48,29.35,--,15,44025,买盘
2196,11:26:45,29.35,0.02,10,29350,买盘
2197,11:26:42,29.33,0.01,4,11732,买盘
2198,11:26:39,29.32,-0.01,58,170056,卖盘
2199,11:26:36,29.33,--,22,64525,买盘
2200,11:26:33,29.33,--,5,14665,买盘
2201,11:26:30,29.33,-0.04,48,140784,中性盘
2202,11:26:24,29.37,0.02,203,596211,买盘
2203,11:26:21,29.35,--,14,43438,卖盘
2204,11:26:18,29.35,--,24,70440,买盘
2205,11:26:15,29.35,--,4,11740,买盘
2206,11:26:12,29.35,0.02,4,11740,买盘
2207,11:26:09,29.33,-0.02,41,120253,卖盘
2208,11:26:06,29.35,--,21,61635,买盘
2209,11:26:03,29.35,0.02,4,11740,买盘
2210,11:26:00,29.33,--,53,155449,卖盘
2211,11:25:57,29.33,-0.02,6,17598,卖盘
2212,11:25:51,29.35,0.02,4,11740,买盘
2213,11:25:48,29.33,--,14,41062,卖盘
2214,11:25:42,29.33,0.01,34,99722,买盘
2215,11:25:39,29.32,-0.01,29,85028,卖盘
2216,11:25:36,29.33,0.01,2,5866,买盘
2217,11:25:33,29.32,-0.01,39,114348,卖盘
2218,11:25:30,29.33,0.01,40,117320,买盘
2219,11:25:27,29.32,--,6,17592,卖盘
2220,11:25:24,29.32,-0.01,29,85028,卖盘
2221,11:25:21,29.33,--,7,20531,买盘
2222,11:25:18,29.33,-0.02,16,46928,买盘
2223,11:25:09,29.35,-0.01,4,11740,中性盘
2224,11:25:06,29.36,0.04,14,41104,买盘
2225,11:25:03,29.32,--,9,26388,买盘
2226,11:25:00,29.32,--,18,52776,买盘
2227,11:24:57,29.32,--,14,41048,买盘
2228,11:24:51,29.32,-0.01,83,243356,卖盘
2229,11:24:48,29.33,-0.04,5,14665,卖盘
2230,11:24:45,29.37,--,9,26433,买盘
2231,11:24:42,29.37,0.05,3,8811,买盘
2232,11:24:39,29.32,-0.01,32,93824,卖盘
2233,11:24:36,29.33,--,4,11732,买盘
2234,11:24:33,29.33,--,32,93856,卖盘
2235,11:24:30,29.33,0.01,182,533806,买盘
2236,11:24:27,29.32,-0.01,7,20524,中性盘
2237,11:24:24,29.33,0.01,11,32262,买盘
2238,11:24:21,29.32,--,4,11728,买盘
2239,11:24:18,29.32,--,36,105552,卖盘
2240,11:24:15,29.32,-0.01,11,32252,卖盘
2241,11:24:12,29.33,0.01,12,35196,买盘
2242,11:24:09,29.32,-0.01,24,70368,卖盘
2243,11:24:06,29.33,--,5,14665,买盘
2244,11:24:03,29.33,0.01,19,55727,买盘
2245,11:24:00,29.32,-0.01,41,120212,卖盘
2246,11:23:57,29.33,--,5,14665,买盘
2247,11:23:54,29.33,--,6,17598,买盘
2248,11:23:51,29.33,--,20,58660,买盘
2249,11:23:48,29.33,0.01,17,49861,买盘
2250,11:23:45,29.32,-0.01,4,11728,卖盘
2251,11:23:42,29.33,0.01,55,161315,买盘
2252,11:23:39,29.32,--,19,55708,买盘
2253,11:23:36,29.32,--,17,49844,卖盘
2254,11:23:33,29.32,-0.01,64,187648,卖盘
2255,11:23:30,29.33,--,55,161315,买盘
2256,11:23:27,29.33,--,7,20531,买盘
2257,11:23:24,29.33,0.01,14,41062,中性盘
2258,11:23:21,29.32,-0.01,31,90892,卖盘
2259,11:23:18,29.33,-0.04,5,14665,卖盘
2260,11:23:15,29.37,0.04,3,8811,买盘
2261,11:23:12,29.33,0.01,2,5866,买盘
2262,11:23:09,29.32,--,11,32252,卖盘
2263,11:23:06,29.32,-0.01,3,8796,卖盘
2264,11:23:03,29.33,-0.04,19,55727,卖盘
2265,11:23:00,29.37,0.01,22,64614,买盘
2266,11:22:57,29.36,0.05,1,2936,买盘
2267,11:22:54,29.31,--,36,105516,卖盘
2268,11:22:48,29.31,--,23,67413,卖盘
2269,11:22:45,29.31,-0.02,220,644820,卖盘
2270,11:22:42,29.33,--,1,2933,买盘
2271,11:22:39,29.33,--,16,46928,卖盘
2272,11:22:36,29.33,0.02,9,26397,卖盘
2273,11:22:33,29.31,-0.02,346,1014126,卖盘
2274,11:22:30,29.33,--,361,1058813,买盘
2275,11:22:27,29.33,--,5,14665,买盘
2276,11:22:24,29.33,0.03,31,90923,卖盘
2277,11:22:21,29.3,-0.07,11,32230,卖盘
2278,11:22:18,29.37,--,16,46992,买盘
2279,11:22:15,29.37,0.06,5,14685,买盘
2280,11:22:12,29.31,--,24,70344,卖盘
2281,11:22:09,29.31,0.01,20,58620,中性盘
2282,11:22:06,29.3,-0.03,9,26370,卖盘
2283,11:22:03,29.33,0.03,6,17598,买盘
2284,11:22:00,29.3,-0.03,26,76180,卖盘
2285,11:21:57,29.33,--,13,38129,买盘
2286,11:21:51,29.33,0.04,22,64525,买盘
2287,11:21:48,29.29,-0.04,31,90799,卖盘
2288,11:21:45,29.33,-0.03,1,2933,卖盘
2289,11:21:42,29.36,--,9,26424,买盘
2290,11:21:39,29.36,0.06,60,176160,买盘
2291,11:21:36,29.3,-0.06,259,758870,卖盘
2292,11:21:33,29.36,--,33,96888,买盘
2293,11:21:30,29.36,0.04,128,375808,中性盘
2294,11:21:27,29.32,-0.12,1,2932,卖盘
2295,11:21:24,29.44,0.07,364,1071616,买盘
2296,11:21:21,29.37,--,7,20559,买盘
2297,11:21:18,29.37,0.04,179,525723,买盘
2298,11:21:15,29.33,-0.04,220,645260,卖盘
2299,11:21:12,29.37,--,3,8811,买盘
2300,11:21:09,29.37,-0.08,375,1102549,卖盘
2301,11:21:06,29.45,0.08,3,8835,买盘
2302,11:21:03,29.37,-0.07,50,146850,卖盘
2303,11:21:00,29.44,-0.01,6,17664,卖盘
2304,11:20:57,29.45,0.08,12,35340,买盘
2305,11:20:51,29.37,-0.06,603,1771011,卖盘
2306,11:20:48,29.43,-0.03,158,464994,卖盘
2307,11:20:45,29.46,--,6,17676,买盘
2308,11:20:39,29.46,--,31,91326,买盘
2309,11:20:33,29.46,--,4,11784,买盘
2310,11:20:30,29.46,0.01,18,53028,中性盘
2311,11:20:27,29.45,-0.02,304,895280,卖盘
2312,11:20:24,29.47,0.02,8,23576,买盘
2313,11:20:21,29.45,--,184,541880,卖盘
2314,11:20:18,29.45,--,10,29450,卖盘
2315,11:20:15,29.45,--,94,276830,卖盘
2316,11:20:12,29.45,--,144,424080,卖盘
2317,11:20:09,29.45,-0.01,80,235600,卖盘
2318,11:20:06,29.46,--,16,47136,买盘
2319,11:20:03,29.46,--,8,23568,买盘
2320,11:20:00,29.46,--,2,5892,买盘
2321,11:19:57,29.46,--,14,41244,买盘
2322,11:19:54,29.46,--,4,11784,买盘
2323,11:19:51,29.46,--,13,38298,买盘
2324,11:19:42,29.46,-0.01,14,41244,中性盘
2325,11:19:39,29.47,--,13,38311,买盘
2326,11:19:36,29.47,0.01,52,153244,买盘
2327,11:19:33,29.46,-0.01,7,20622,卖盘
2328,11:19:30,29.47,--,20,58940,买盘
2329,11:19:27,29.47,0.01,2,5894,买盘
2330,11:19:24,29.46,--,4,11784,卖盘
2331,11:19:21,29.46,-0.01,25,73650,卖盘
2332,11:19:15,29.47,--,11,32417,买盘
2333,11:19:09,29.47,0.01,16,47152,买盘
2334,11:19:03,29.46,0.01,18,53028,卖盘
2335,11:19:00,29.45,-0.02,18,53010,卖盘
2336,11:18:57,29.47,0.01,4,11788,买盘
2337,11:18:54,29.46,--,7,20622,买盘
2338,11:18:51,29.46,-0.01,12,35352,买盘
2339,11:18:48,29.47,0.01,5,14735,买盘
2340,11:18:42,29.46,-0.01,6,17676,中性盘
2341,11:18:39,29.47,--,20,58940,买盘
2342,11:18:36,29.47,--,3,8841,买盘
2343,11:18:30,29.47,0.02,16,47152,买盘
2344,11:18:27,29.45,-0.01,149,438805,卖盘
2345,11:18:24,29.46,0.01,2,5892,买盘
2346,11:18:21,29.45,-0.02,30,88350,卖盘
2347,11:18:18,29.47,0.02,9,26523,买盘
2348,11:18:12,29.45,--,74,220286,卖盘
2349,11:18:09,29.45,-0.02,11,32395,卖盘
2350,11:18:03,29.47,0.01,41,120827,买盘
2351,11:18:00,29.46,-0.01,11,32406,卖盘
2352,11:17:57,29.47,0.01,6,17682,买盘
2353,11:17:54,29.46,-0.01,2,5892,卖盘
2354,11:17:51,29.47,--,15,44205,买盘
2355,11:17:45,29.47,0.02,5,14735,买盘
2356,11:17:42,29.45,-0.01,503,1481335,卖盘
2357,11:17:39,29.46,--,25,73650,买盘
2358,11:17:36,29.46,--,2,5892,买盘
2359,11:17:33,29.46,0.01,3,8838,中性盘
2360,11:17:30,29.45,-0.02,11,32395,卖盘
2361,11:17:27,29.47,0.02,5,14735,买盘
2362,11:17:24,29.45,--,50,147250,卖盘
2363,11:17:21,29.45,-0.01,15,44175,卖盘
2364,11:17:15,29.46,0.01,24,70704,买盘
2365,11:17:12,29.45,--,13,40641,卖盘
2366,11:17:09,29.45,-0.01,16,47120,卖盘
2367,11:17:06,29.46,0.01,8,23568,买盘
2368,11:17:00,29.45,-0.01,11,32395,卖盘
2369,11:16:57,29.46,--,8,23568,买盘
2370,11:16:51,29.46,--,3,8838,买盘
2371,11:16:42,29.46,--,5,14730,买盘
2372,11:16:39,29.46,-0.01,65,191490,卖盘
2373,11:16:33,29.47,0.02,3,8841,买盘
2374,11:16:30,29.45,-0.03,11,32395,卖盘
2375,11:16:24,29.48,0.03,4,11792,买盘
2376,11:16:21,29.45,-0.01,19,55955,卖盘
2377,11:16:18,29.46,--,9,28870,买盘
2378,11:16:15,29.46,--,3,8838,买盘
2379,11:16:12,29.46,0.01,4,11784,中性盘
2380,11:16:09,29.45,-0.01,23,67735,卖盘
2381,11:16:03,29.46,--,19,55974,买盘
2382,11:16:00,29.46,0.01,6,17676,买盘
2383,11:15:57,29.45,-0.01,58,170810,卖盘
2384,11:15:51,29.46,-0.03,5,14730,中性盘
2385,11:15:48,29.49,0.03,60,176940,买盘
2386,11:15:42,29.46,--,2,5892,买盘
2387,11:15:39,29.46,-0.02,22,65401,卖盘
2388,11:15:36,29.48,0.02,33,97284,买盘
2389,11:15:30,29.46,-0.02,26,76596,卖盘
2390,11:15:27,29.48,--,3,8844,买盘
2391,11:15:24,29.48,0.02,1,2948,买盘
2392,11:15:21,29.46,-0.02,1,2946,卖盘
2393,11:15:18,29.48,0.02,3,8844,买盘
2394,11:15:15,29.46,--,4,11784,卖盘
2395,11:15:12,29.46,--,13,40654,卖盘
2396,11:15:09,29.46,-0.02,155,456630,卖盘
2397,11:15:06,29.48,0.02,8,23584,买盘
2398,11:15:00,29.46,-0.04,12,35352,卖盘
2399,11:14:57,29.5,--,4,11800,买盘
2400,11:14:51,29.5,--,12,37170,买盘
2401,11:14:48,29.5,-0.01,4,11800,卖盘
2402,11:14:45,29.51,0.01,4,11804,买盘
2403,11:14:42,29.5,0.03,2,5900,中性盘
2404,11:14:39,29.47,-0.01,170,502168,卖盘
2405,11:14:36,29.48,--,6,17688,买盘
2406,11:14:30,29.48,0.01,13,38913,中性盘
2407,11:14:24,29.47,-0.02,19,55993,卖盘
2408,11:14:21,29.49,0.02,16,47184,买盘
2409,11:14:12,29.47,--,36,108449,卖盘
2410,11:14:06,29.47,-0.02,1,2947,卖盘
2411,11:14:03,29.49,--,12,35388,买盘
2412,11:14:00,29.49,-0.01,19,56031,买盘
2413,11:13:54,29.5,-0.01,2,7080,卖盘
2414,11:13:51,29.51,0.01,5,14755,买盘
2415,11:13:48,29.5,--,27,79650,卖盘
2416,11:13:45,29.5,0.01,32,96170,买盘
2417,11:13:42,29.49,--,4,11796,买盘
2418,11:13:39,29.49,0.02,8,23592,卖盘
2419,11:13:36,29.47,-0.03,209,615923,卖盘
2420,11:13:33,29.5,0.01,16,47200,买盘
2421,11:13:30,29.49,-0.01,4,12975,卖盘
2422,11:13:24,29.5,-0.01,8,23600,卖盘
2423,11:13:21,29.51,0.01,14,41314,买盘
2424,11:13:18,29.5,--,12,35400,买盘
2425,11:13:15,29.5,0.01,4,11800,买盘
2426,11:13:09,29.49,-0.02,12,35388,卖盘
2427,11:13:06,29.51,0.01,85,252605,买盘
2428,11:13:03,29.5,--,3,8850,买盘
2429,11:13:00,29.5,0.01,15,44250,买盘
2430,11:12:57,29.49,-0.01,3,8847,卖盘
2431,11:12:54,29.5,--,6,17700,买盘
2432,11:12:51,29.5,0.01,6,17700,买盘
2433,11:12:48,29.49,-0.01,11,32439,卖盘
2434,11:12:45,29.5,--,13,38350,买盘
2435,11:12:42,29.5,--,30,88500,买盘
2436,11:12:39,29.5,--,181,533950,买盘
2437,11:12:36,29.5,0.01,6,17700,买盘
2438,11:12:30,29.49,-0.01,7,20643,卖盘
2439,11:12:27,29.5,0.01,2,5900,买盘
2440,11:12:21,29.49,-0.01,11,32439,卖盘
2441,11:12:18,29.5,--,21,61950,买盘
2442,11:12:15,29.5,0.01,7,20650,买盘
2443,11:12:09,29.49,-0.01,14,41286,卖盘
2444,11:12:06,29.5,--,9,26550,卖盘
2445,11:12:03,29.5,--,1,2950,卖盘
2446,11:12:00,29.5,--,59,174050,买盘
2447,11:11:57,29.5,--,4,11800,买盘
2448,11:11:51,29.5,--,24,70800,买盘
2449,11:11:48,29.5,--,6,17700,买盘
2450,11:11:45,29.5,0.03,3,8850,中性盘
2451,11:11:39,29.47,--,15,44205,卖盘
2452,11:11:36,29.47,-0.01,8,23576,卖盘
2453,11:11:30,29.48,-0.01,97,285956,卖盘
2454,11:11:27,29.49,--,5,14745,买盘
2455,11:11:24,29.49,0.02,8,23592,买盘
2456,11:11:21,29.47,-0.02,11,32417,卖盘
2457,11:11:18,29.49,--,3,8847,买盘
2458,11:11:12,29.49,0.01,46,135654,买盘
2459,11:11:09,29.48,--,14,41272,买盘
2460,11:11:03,29.48,--,6,17688,买盘
2461,11:11:00,29.48,--,93,274164,买盘
2462,11:10:57,29.48,--,19,56012,买盘
2463,11:10:54,29.48,-0.02,88,259424,卖盘
2464,11:10:51,29.5,0.02,336,991200,买盘
2465,11:10:48,29.48,-0.02,11,32428,卖盘
2466,11:10:45,29.5,0.01,20,59000,买盘
2467,11:10:42,29.49,-0.01,5,14745,中性盘
2468,11:10:39,29.5,0.01,36,106200,买盘
2469,11:10:36,29.49,--,6,17694,买盘
2470,11:10:33,29.49,--,3,8847,买盘
2471,11:10:30,29.49,--,36,106164,买盘
2472,11:10:27,29.49,--,9,26541,买盘
2473,11:10:21,29.49,-0.01,3,8847,买盘
2474,11:10:18,29.5,--,6,17700,买盘
2475,11:10:15,29.5,0.02,14,41300,买盘
2476,11:10:12,29.48,-0.02,3,8844,卖盘
2477,11:10:06,29.5,0.02,17,50150,买盘
2478,11:10:03,29.48,-0.01,12,35376,卖盘
2479,11:10:00,29.49,--,45,132705,买盘
2480,11:09:57,29.49,--,6,17694,买盘
2481,11:09:54,29.49,--,5,14745,买盘
2482,11:09:51,29.49,0.01,1,2949,中性盘
2483,11:09:48,29.48,-0.02,20,58960,卖盘
2484,11:09:45,29.5,--,106,312700,买盘
2485,11:09:42,29.5,--,6,17700,买盘
2486,11:09:33,29.5,--,4,11800,买盘
2487,11:09:30,29.5,--,83,244850,卖盘
2488,11:09:27,29.5,--,5,14750,卖盘
2489,11:09:24,29.5,--,434,1280300,买盘
2490,11:09:18,29.5,-0.02,78,230100,卖盘
2491,11:09:15,29.52,0.02,1,2952,买盘
2492,11:09:12,29.5,--,36,106200,卖盘
2493,11:09:09,29.5,-0.03,16,47200,卖盘
2494,11:09:06,29.53,-0.01,5,14765,买盘
2495,11:09:03,29.54,--,6,17724,买盘
2496,11:09:00,29.54,0.04,234,691236,买盘
2497,11:08:57,29.5,-0.04,30,88500,卖盘
2498,11:08:54,29.54,0.04,12,35448,买盘
2499,11:08:51,29.5,--,51,150450,卖盘
2500,11:08:45,29.5,--,11,32450,卖盘
2501,11:08:39,29.5,-0.04,46,135700,卖盘
2502,11:08:33,29.54,0.04,26,76804,买盘
2503,11:08:30,29.5,-0.04,32,94400,卖盘
2504,11:08:27,29.54,0.04,27,79758,买盘
2505,11:08:21,29.5,-0.04,16,47200,卖盘
2506,11:08:18,29.54,0.04,4,11816,买盘
2507,11:08:15,29.5,--,514,1516300,卖盘
2508,11:08:12,29.5,0.02,77,227150,买盘
2509,11:08:06,29.48,-0.07,72,212256,买盘
2510,11:08:00,29.55,0.05,995,2940225,买盘
2511,11:07:57,29.5,--,1,2950,买盘
2512,11:07:54,29.5,0.02,22,64900,买盘
2513,11:07:51,29.48,-0.02,5,14740,卖盘
2514,11:07:42,29.5,0.02,34,100300,买盘
2515,11:07:36,29.48,-0.01,297,875556,卖盘
2516,11:07:33,29.49,-0.04,41,120909,卖盘
2517,11:07:27,29.53,0.04,20,59060,买盘
2518,11:07:21,29.49,-0.05,33,97317,卖盘
2519,11:07:18,29.54,--,4,11816,买盘
2520,11:07:12,29.54,0.01,515,1521310,买盘
2521,11:07:09,29.53,--,28,82684,买盘
2522,11:07:00,29.53,0.03,213,628989,买盘
2523,11:06:57,29.5,--,7,20650,卖盘
2524,11:06:54,29.5,-0.03,56,166586,卖盘
2525,11:06:51,29.53,--,10,29530,卖盘
2526,11:06:48,29.53,--,30,88590,卖盘
2527,11:06:45,29.53,0.05,173,512434,买盘
2528,11:06:42,29.48,--,6,17688,卖盘
2529,11:06:39,29.48,-0.02,14,41272,卖盘
2530,11:06:36,29.5,0.01,20,59000,买盘
2531,11:06:30,29.49,-0.01,4,11796,卖盘
2532,11:06:27,29.5,--,18,53100,买盘
2533,11:06:24,29.5,0.02,12,35400,买盘
2534,11:06:21,29.48,--,10,29480,卖盘
2535,11:06:18,29.48,-0.02,13,38324,卖盘
2536,11:06:15,29.5,0.04,4,11800,买盘
2537,11:06:12,29.46,-0.02,466,1372836,卖盘
2538,11:06:06,29.48,-0.02,20,58960,中性盘
2539,11:06:03,29.5,--,19,56050,买盘
2540,11:06:00,29.5,--,10,29500,买盘
2541,11:05:57,29.5,0.03,7,20650,买盘
2542,11:05:54,29.47,-0.02,43,126721,卖盘
2543,11:05:51,29.49,-0.01,3,8847,卖盘
2544,11:05:48,29.5,--,75,221250,买盘
2545,11:05:42,29.5,--,24,70800,买盘
2546,11:05:39,29.5,0.04,20,59000,买盘
2547,11:05:36,29.46,-0.04,45,132570,卖盘
2548,11:05:30,29.5,0.02,38,112100,买盘
2549,11:05:27,29.48,--,32,94336,卖盘
2550,11:05:24,29.48,-0.02,8,23584,卖盘
2551,11:05:21,29.5,0.02,21,61950,买盘
2552,11:05:18,29.48,-0.05,11,32428,卖盘
2553,11:05:15,29.53,0.04,160,472480,买盘
2554,11:05:12,29.49,--,20,58980,卖盘
2555,11:05:09,29.49,0.02,205,604545,买盘
2556,11:05:03,29.47,--,39,114933,买盘
2557,11:04:57,29.47,--,21,61887,买盘
2558,11:04:54,29.47,0.01,8,23576,买盘
2559,11:04:51,29.46,-0.01,299,880854,卖盘
2560,11:04:48,29.47,-0.02,81,238707,卖盘
2561,11:04:45,29.49,--,3,8847,买盘
2562,11:04:42,29.49,-0.05,19,56031,中性盘
2563,11:04:36,29.54,0.04,503,1485862,买盘
2564,11:04:30,29.5,0.01,62,182900,买盘
2565,11:04:27,29.49,-0.01,2,5898,中性盘
2566,11:04:24,29.5,0.02,20,59000,买盘
2567,11:04:21,29.48,-0.01,10,29480,卖盘
2568,11:04:18,29.49,0.01,8,23592,中性盘
2569,11:04:15,29.48,-0.02,30,88440,卖盘
2570,11:04:12,29.5,0.01,6,17700,买盘
2571,11:04:09,29.49,-0.01,50,147450,买盘
2572,11:04:03,29.5,--,27,79650,买盘
2573,11:04:00,29.5,0.01,360,1062000,买盘
2574,11:03:57,29.49,--,37,109113,买盘
2575,11:03:54,29.49,-0.01,8,24181,卖盘
2576,11:03:51,29.5,--,44,129800,买盘
2577,11:03:48,29.5,0.01,1,2950,买盘
2578,11:03:45,29.49,-0.01,19,56031,卖盘
2579,11:03:42,29.5,0.01,17,50150,买盘
2580,11:03:39,29.49,--,144,424656,卖盘
2581,11:03:36,29.49,--,211,622239,卖盘
2582,11:03:33,29.49,--,18,53082,卖盘
2583,11:03:30,29.49,--,35,103215,卖盘
2584,11:03:27,29.49,-0.02,8,23592,卖盘
2585,11:03:24,29.51,-0.01,1,2951,中性盘
2586,11:03:21,29.52,0.03,163,481176,买盘
2587,11:03:18,29.49,--,29,85521,卖盘
2588,11:03:15,29.49,-0.02,634,1869666,卖盘
2589,11:03:12,29.51,0.01,276,816836,买盘
2590,11:03:09,29.5,--,31,91450,买盘
2591,11:03:06,29.5,--,3,9440,卖盘
2592,11:03:03,29.5,--,1,2950,卖盘
2593,11:03:00,29.5,--,200,590000,卖盘
2594,11:02:57,29.5,-0.01,221,651950,卖盘
2595,11:02:54,29.51,--,108,318708,卖盘
2596,11:02:51,29.51,--,6,17706,买盘
2597,11:02:45,29.51,--,30,88530,卖盘
2598,11:02:42,29.51,-0.01,390,1150890,卖盘
2599,11:02:39,29.52,-0.03,29,85608,卖盘
2600,11:02:36,29.55,--,531,1569105,买盘
2601,11:02:33,29.55,0.02,55,162525,买盘
2602,11:02:27,29.53,-0.02,3,8859,中性盘
2603,11:02:24,29.55,0.02,23,67965,买盘
2604,11:02:21,29.53,-0.02,8,23624,中性盘
2605,11:02:18,29.55,0.02,232,685560,买盘
2606,11:02:15,29.53,-0.01,14,41342,卖盘
2607,11:02:12,29.54,0.01,25,73850,买盘
2608,11:02:09,29.53,--,19,56107,卖盘
2609,11:02:03,29.53,-0.02,25,73825,卖盘
2610,11:02:00,29.55,0.01,76,224580,买盘
2611,11:01:54,29.54,0.01,67,197918,中性盘
2612,11:01:51,29.53,-0.02,44,129932,卖盘
2613,11:01:48,29.55,0.02,2,5910,买盘
2614,11:01:45,29.53,-0.02,2,5906,卖盘
2615,11:01:42,29.55,--,12,35460,买盘
2616,11:01:39,29.55,0.02,38,112290,买盘
2617,11:01:33,29.53,0.01,10,29530,中性盘
2618,11:01:30,29.52,-0.03,11,32472,卖盘
2619,11:01:27,29.55,0.02,23,67965,买盘
2620,11:01:24,29.53,0.01,5,14765,买盘
2621,11:01:21,29.52,-0.03,49,144648,卖盘
2622,11:01:18,29.55,--,27,79785,买盘
2623,11:01:15,29.55,--,139,410745,买盘
2624,11:01:12,29.55,0.03,13,38415,买盘
2625,11:01:09,29.52,-0.03,12,35424,卖盘
2626,11:01:06,29.55,0.03,21,62055,买盘
2627,11:01:00,29.52,--,55,162360,买盘
2628,11:00:57,29.52,-0.03,6,17712,中性盘
2629,11:00:54,29.55,0.05,188,555540,买盘
2630,11:00:51,29.5,-0.02,6,17700,卖盘
2631,11:00:48,29.52,--,4,11808,买盘
2632,11:00:45,29.52,0.01,25,73800,卖盘
2633,11:00:42,29.51,-0.01,527,1555177,卖盘
2634,11:00:39,29.52,--,24,70848,卖盘
2635,11:00:36,29.52,--,48,141696,卖盘
2636,11:00:33,29.52,--,30,88560,卖盘
2637,11:00:30,29.52,-0.01,14,41328,卖盘
2638,11:00:27,29.53,-0.02,7,20671,中性盘
2639,11:00:21,29.55,0.01,24,70920,买盘
2640,11:00:18,29.54,0.02,1,2954,买盘
2641,11:00:15,29.52,-0.04,62,183024,卖盘
2642,11:00:12,29.56,0.01,31,91636,买盘
2643,11:00:09,29.55,--,16,47280,卖盘
2644,11:00:06,29.55,--,82,242310,卖盘
2645,11:00:03,29.55,-0.01,7,20685,卖盘
2646,11:00:00,29.56,0.01,36,106416,买盘
2647,10:59:57,29.55,--,27,79785,卖盘
2648,10:59:54,29.55,--,34,100470,卖盘
2649,10:59:51,29.55,0.01,113,333915,买盘
2650,10:59:48,29.54,-0.01,23,67942,中性盘
2651,10:59:42,29.55,0.03,22,65010,买盘
2652,10:59:39,29.52,-0.01,25,76161,卖盘
2653,10:59:36,29.53,--,5,14765,买盘
2654,10:59:33,29.53,-0.01,4,11812,买盘
2655,10:59:30,29.54,-0.01,2,5908,卖盘
2656,10:59:27,29.55,0.01,22,65010,买盘
2657,10:59:24,29.54,-0.02,311,918694,卖盘
2658,10:59:21,29.56,0.04,100,295600,买盘
2659,10:59:18,29.52,-0.02,10,29520,卖盘
2660,10:59:15,29.54,--,63,186102,买盘
2661,10:59:12,29.54,-0.01,37,109298,中性盘
2662,10:59:09,29.55,0.01,14,41370,买盘
2663,10:59:06,29.54,--,17,50218,买盘
2664,10:59:03,29.54,0.01,3,8862,买盘
2665,10:59:00,29.53,--,55,162415,卖盘
2666,10:58:57,29.53,-0.01,19,56107,卖盘
2667,10:58:54,29.54,0.01,25,73850,买盘
2668,10:58:51,29.53,--,4,11812,买盘
2669,10:58:48,29.53,-0.02,16,47248,中性盘
2670,10:58:42,29.55,--,22,65010,买盘
2671,10:58:39,29.55,--,327,966285,买盘
2672,10:58:36,29.55,--,10,29550,买盘
2673,10:58:33,29.55,--,17,50235,买盘
2674,10:58:27,29.55,--,211,624096,卖盘
2675,10:58:24,29.55,-0.01,27,79785,卖盘
2676,10:58:21,29.56,0.01,46,135976,买盘
2677,10:58:18,29.55,-0.01,70,206850,卖盘
2678,10:58:15,29.56,--,4,11824,买盘
2679,10:58:12,29.56,--,4,11824,买盘
2680,10:58:09,29.56,--,23,67988,买盘
2681,10:58:06,29.56,--,103,305059,卖盘
2682,10:58:03,29.56,-0.01,76,224656,卖盘
2683,10:58:00,29.57,0.01,34,100538,买盘
2684,10:57:57,29.56,-0.01,53,156668,卖盘
2685,10:57:54,29.57,--,4,11828,买盘
2686,10:57:51,29.57,--,23,68011,买盘
2687,10:57:48,29.57,-0.01,29,85753,中性盘
2688,10:57:45,29.58,--,100,295800,买盘
2689,10:57:42,29.58,0.02,8,23664,买盘
2690,10:57:39,29.56,-0.02,23,67988,卖盘
2691,10:57:36,29.58,0.01,41,121278,买盘
2692,10:57:33,29.57,--,20,59140,买盘
2693,10:57:30,29.57,-0.01,37,111774,卖盘
2694,10:57:27,29.58,0.01,285,843030,买盘
2695,10:57:24,29.57,--,8,23656,买盘
2696,10:57:21,29.57,--,31,91667,买盘
2697,10:57:18,29.57,-0.01,22,65054,买盘
2698,10:57:15,29.58,0.01,163,482154,买盘
2699,10:57:12,29.57,--,12,35484,买盘
2700,10:57:09,29.57,-0.01,44,130108,卖盘
2701,10:57:06,29.58,0.01,131,387498,买盘
2702,10:57:03,29.57,--,108,319356,卖盘
2703,10:57:00,29.57,--,70,206990,买盘
2704,10:56:57,29.57,-0.01,51,150807,买盘
2705,10:56:54,29.58,--,35,103530,买盘
2706,10:56:51,29.58,0.03,415,1227570,买盘
2707,10:56:48,29.55,-0.01,2,5910,卖盘
2708,10:56:45,29.56,--,10,29560,买盘
2709,10:56:42,29.56,--,24,70944,买盘
2710,10:56:39,29.56,0.01,322,954196,买盘
2711,10:56:36,29.55,--,24,70920,买盘
2712,10:56:33,29.55,--,315,930825,买盘
2713,10:56:30,29.55,--,556,1642980,买盘
2714,10:56:24,29.55,--,3,8865,买盘
2715,10:56:21,29.55,-0.02,49,144795,买盘
2716,10:56:15,29.57,0.01,50,147850,买盘
2717,10:56:12,29.56,0.01,27,79812,买盘
2718,10:56:09,29.55,0.03,66,195030,买盘
2719,10:56:06,29.52,0.02,3,8856,买盘
2720,10:56:03,29.5,--,278,820100,买盘
2721,10:56:00,29.5,--,32,94400,买盘
2722,10:55:57,29.5,--,12,35400,买盘
2723,10:55:54,29.5,-0.06,685,2020750,卖盘
2724,10:55:51,29.56,0.01,14,41384,买盘
2725,10:55:48,29.55,--,16,47280,买盘
2726,10:55:45,29.55,--,14,41370,买盘
2727,10:55:42,29.55,-0.03,3,8865,买盘
2728,10:55:39,29.58,0.08,505,1493790,买盘
2729,10:55:36,29.5,--,262,772900,买盘
2730,10:55:33,29.5,-0.07,627,1851125,卖盘
2731,10:55:30,29.57,--,29,85753,买盘
2732,10:55:27,29.57,--,496,1466672,买盘
2733,10:55:24,29.57,--,191,564787,卖盘
2734,10:55:21,29.57,0.01,47,138979,中性盘
2735,10:55:18,29.56,--,348,1028688,卖盘
2736,10:55:15,29.56,-0.01,52,153712,卖盘
2737,10:55:12,29.57,--,8,23656,卖盘
2738,10:55:09,29.57,--,416,1230112,买盘
2739,10:55:06,29.57,0.01,26,76882,买盘
2740,10:55:03,29.56,--,4,11824,买盘
2741,10:55:00,29.56,0.01,79,233524,买盘
2742,10:54:57,29.55,0.01,256,757957,买盘
2743,10:54:54,29.54,--,7,20678,卖盘
2744,10:54:51,29.54,0.01,380,1122520,买盘
2745,10:54:48,29.53,0.01,116,342548,买盘
2746,10:54:45,29.52,0.01,55,162360,买盘
2747,10:54:39,29.51,0.01,39,115089,买盘
2748,10:54:36,29.5,--,20,59000,卖盘
2749,10:54:33,29.5,0.01,1273,3755409,买盘
2750,10:54:30,29.49,--,43,126807,买盘
2751,10:54:27,29.49,--,2,5898,买盘
2752,10:54:24,29.49,0.02,409,1206141,买盘
2753,10:54:21,29.47,--,85,250495,买盘
2754,10:54:18,29.47,--,2,5894,买盘
2755,10:54:15,29.47,--,2,5894,买盘
2756,10:54:12,29.47,--,59,173873,买盘
2757,10:54:09,29.47,0.01,52,153244,买盘
2758,10:54:06,29.46,-0.01,46,135516,卖盘
2759,10:54:00,29.47,0.01,14,41258,买盘
2760,10:53:54,29.46,--,7,20622,卖盘
2761,10:53:51,29.46,-0.01,11,32406,卖盘
2762,10:53:48,29.47,0.01,12,35364,买盘
2763,10:53:45,29.46,0.01,168,494928,买盘
2764,10:53:39,29.45,--,885,2606325,买盘
2765,10:53:36,29.45,--,10,29450,买盘
2766,10:53:33,29.45,0.03,5,14725,买盘
