,time,price,change,volume,amount,type
0,15:00:00,245.77,--,0,0,卖盘
1,14:59:59,245.77,-0.2,0,0,卖盘
2,14:59:59,245.97,0.05,12,295164,买盘
3,14:59:55,245.92,0.03,2,49184,买盘
4,14:59:50,245.89,0.06,35,876351,买盘
5,14:59:45,245.83,0.21,3,73749,买盘
6,14:59:40,245.62,--,5,122810,卖盘
7,14:59:35,245.62,-0.11,12,294744,卖盘
8,14:59:30,245.73,0.04,4,98292,买盘
9,14:59:25,245.69,-0.01,1,24569,中性盘
10,14:59:20,245.7,0.1,8,196560,买盘
11,14:59:15,245.6,0.03,2,49120,买盘
12,14:59:10,245.57,--,7,171899,卖盘
13,14:59:05,245.57,--,5,136782,卖盘
14,14:59:00,245.57,0.07,27,663039,买盘
15,14:58:55,245.5,--,3,73650,卖盘
16,14:58:50,245.5,--,1,24550,卖盘
17,14:58:45,245.5,0.06,29,736254,买盘
18,14:58:35,245.44,0.01,6,147264,买盘
19,14:58:30,245.43,0.04,9,220887,买盘
20,14:58:20,245.39,0.01,1,24539,买盘
21,14:58:15,245.38,--,1,24538,买盘
22,14:58:05,245.38,0.03,10,245380,买盘
23,14:58:00,245.35,--,1,24535,卖盘
24,14:57:55,245.35,--,1,24535,卖盘
25,14:57:50,245.35,0.02,1,24535,卖盘
26,14:57:30,245.33,--,10,245330,买盘
27,14:57:25,245.33,0.02,1,24533,买盘
28,14:57:20,245.31,--,2,49062,卖盘
29,14:57:15,245.31,-0.01,2,49062,卖盘
30,14:57:10,245.32,0.01,10,245320,买盘
31,14:57:05,245.31,0.02,2,49062,买盘
32,14:56:59,245.29,-0.01,1,24529,卖盘
33,14:56:55,245.3,-0.01,12,294360,卖盘
34,14:56:49,245.31,--,2,49062,买盘
35,14:56:44,245.31,0.01,3,73593,买盘
36,14:56:40,245.3,-0.01,4,98120,卖盘
37,14:56:34,245.31,--,4,98124,买盘
38,14:56:29,245.31,0.02,9,220779,买盘
39,14:56:25,245.29,--,8,196232,买盘
40,14:56:19,245.29,0.19,5,122645,买盘
41,14:56:14,245.1,-0.2,7,171570,卖盘
42,14:56:10,245.3,0.2,4,98120,买盘
43,14:55:58,245.1,-0.18,28,686280,卖盘
44,14:55:55,245.28,--,2,49056,卖盘
45,14:55:49,245.28,--,2,49056,买盘
46,14:55:44,245.28,-0.02,5,122640,买盘
47,14:55:40,245.3,--,0,0,买盘
48,14:55:34,245.3,0.11,7,171710,买盘
49,14:55:29,245.19,--,5,122595,买盘
50,14:55:25,245.19,0.07,6,147114,买盘
51,14:55:19,245.12,-0.07,2,49024,卖盘
52,14:55:14,245.19,--,10,245190,买盘
53,14:55:10,245.19,0.07,2,49038,买盘
54,14:55:04,245.12,-0.07,3,73536,卖盘
55,14:54:59,245.19,-0.12,3,73557,中性盘
56,14:54:55,245.31,0.18,8,197229,买盘
57,14:54:49,245.13,--,0,0,卖盘
58,14:54:44,245.13,0.01,9,220617,卖盘
59,14:54:40,245.12,-0.17,7,171584,卖盘
60,14:54:34,245.29,0.17,3,73587,买盘
61,14:54:29,245.12,--,3,73536,卖盘
62,14:54:25,245.12,--,3,73536,卖盘
63,14:54:14,245.12,-0.16,4,98048,卖盘
64,14:54:10,245.28,0.16,7,171696,买盘
65,14:54:04,245.12,0.01,2,49024,买盘
66,14:53:59,245.11,--,65,1593215,买盘
67,14:53:55,245.11,-0.01,118,2892298,卖盘
68,14:53:49,245.12,--,0,0,卖盘
69,14:53:44,245.12,-0.08,3,73536,卖盘
70,14:53:39,245.2,-0.05,6,147120,卖盘
71,14:53:34,245.25,0.13,3,73575,买盘
72,14:53:29,245.12,0.01,1,24512,买盘
73,14:53:25,245.11,--,4,98044,卖盘
74,14:53:14,245.11,--,3,73533,卖盘
75,14:53:10,245.11,--,11,269621,卖盘
76,14:53:04,245.11,--,0,0,卖盘
77,14:52:59,245.11,-0.09,2,49022,卖盘
78,14:52:55,245.2,-0.1,4,98080,中性盘
79,14:52:49,245.3,0.19,1,24530,买盘
80,14:52:44,245.11,-0.21,4,98044,卖盘
81,14:52:39,245.32,--,5,122660,买盘
82,14:52:34,245.32,--,3,73596,买盘
83,14:52:29,245.32,0.02,14,343448,买盘
84,14:52:24,245.3,-0.18,3,73590,卖盘
85,14:52:19,245.48,--,0,0,买盘
86,14:52:14,245.48,0.08,15,368220,买盘
87,14:52:09,245.4,-0.08,4,98160,中性盘
88,14:52:04,245.48,--,0,0,买盘
89,14:51:59,245.48,0.37,15,368220,买盘
90,14:51:54,245.11,-0.29,3,73533,卖盘
91,14:51:49,245.4,0.28,1,24540,买盘
92,14:51:44,245.12,0.01,4,98048,中性盘
93,14:51:39,245.11,-0.24,4,98044,卖盘
94,14:51:34,245.35,-0.05,5,122675,中性盘
95,14:51:29,245.4,0.28,7,171780,卖盘
96,14:51:24,245.12,-0.04,5,122560,卖盘
97,14:51:19,245.16,--,1,24516,卖盘
98,14:51:14,245.16,-0.01,6,147096,卖盘
99,14:51:09,245.17,-0.03,19,465823,卖盘
100,14:51:04,245.2,--,1,24520,买盘
101,14:50:59,245.2,--,3,73560,买盘
102,14:50:54,245.2,-0.22,2,49040,卖盘
103,14:50:49,245.42,--,0,0,中性盘
104,14:50:44,245.42,0.23,3,73626,中性盘
105,14:50:39,245.19,-0.31,4,98076,卖盘
106,14:50:34,245.5,0.08,5,122750,买盘
107,14:50:29,245.42,0.18,3,73626,中性盘
108,14:50:23,245.24,--,4,98096,卖盘
109,14:50:19,245.24,--,4,98096,卖盘
110,14:50:13,245.24,--,2,49048,卖盘
111,14:50:08,245.24,0.04,13,318812,卖盘
112,14:50:04,245.2,--,0,0,中性盘
113,14:49:58,245.2,--,1,24520,卖盘
114,14:49:53,245.2,-0.3,23,563960,卖盘
115,14:49:49,245.5,0.27,5,122750,买盘
116,14:49:38,245.23,-0.38,5,122615,卖盘
117,14:49:34,245.61,0.38,3,73683,买盘
118,14:49:23,245.23,--,3,73569,卖盘
119,14:49:19,245.23,-0.39,6,147138,卖盘
120,14:49:13,245.62,--,0,0,中性盘
121,14:49:08,245.62,--,8,196496,买盘
122,14:49:03,245.62,0.42,11,270182,买盘
123,14:48:58,245.2,--,3,73560,卖盘
124,14:48:53,245.2,-0.43,3,73560,卖盘
125,14:48:49,245.63,0.43,5,122815,买盘
126,14:48:43,245.2,--,0,0,中性盘
127,14:48:38,245.2,-0.04,44,1078880,卖盘
128,14:48:33,245.24,--,5,122620,卖盘
129,14:48:23,245.24,0.02,4,98096,卖盘
130,14:48:18,245.22,-0.35,3,73566,卖盘
131,14:48:08,245.57,0.35,4,98228,买盘
132,14:48:04,245.22,--,0,0,卖盘
133,14:47:58,245.22,--,0,0,卖盘
134,14:47:53,245.22,--,4,98088,卖盘
135,14:47:48,245.22,-0.51,5,122610,卖盘
136,14:47:43,245.73,0.51,5,122865,买盘
137,14:47:38,245.22,-0.51,3,73566,卖盘
138,14:47:33,245.73,--,4,98292,买盘
139,14:47:28,245.73,0.51,1,24573,买盘
140,14:47:23,245.22,--,6,147132,卖盘
141,14:47:19,245.22,-0.52,6,147132,卖盘
142,14:47:13,245.74,--,1,24574,买盘
143,14:47:08,245.74,--,4,98296,买盘
144,14:47:03,245.74,-0.02,13,319462,买盘
145,14:46:58,245.76,-0.02,2,49152,卖盘
146,14:46:53,245.78,-0.05,23,579549,卖盘
147,14:46:48,245.83,0.09,15,379069,买盘
148,14:46:43,245.74,-0.04,1,24574,卖盘
149,14:46:38,245.78,0.08,15,368670,买盘
150,14:46:33,245.7,0.49,10,245700,买盘
151,14:46:23,245.21,0.01,5,122605,卖盘
152,14:46:19,245.2,-0.01,3,73560,卖盘
153,14:46:08,245.21,0.01,12,294252,买盘
154,14:45:58,245.2,--,3,73560,卖盘
155,14:45:53,245.2,-0.5,7,171640,卖盘
156,14:45:48,245.7,0.49,6,147420,买盘
157,14:45:38,245.21,--,4,98084,卖盘
158,14:45:23,245.21,0.01,3,73563,中性盘
159,14:45:18,245.2,-0.57,3,73560,卖盘
160,14:45:08,245.77,-0.01,10,245770,买盘
161,14:45:03,245.78,--,0,0,买盘
162,14:44:58,245.78,0.25,8,196624,买盘
163,14:44:53,245.53,-0.25,4,98212,中性盘
164,14:44:48,245.78,0.13,11,270358,买盘
165,14:44:38,245.65,0.12,30,736950,买盘
166,14:44:33,245.53,0.02,5,122765,买盘
167,14:44:23,245.51,-0.02,4,98204,卖盘
168,14:44:18,245.53,-0.04,4,98212,卖盘
169,14:44:08,245.57,--,4,98228,卖盘
170,14:43:53,245.57,-0.08,3,73671,卖盘
171,14:43:48,245.65,0.53,12,294780,买盘
172,14:43:43,245.12,--,0,0,中性盘
173,14:43:38,245.12,-0.03,3,73536,卖盘
174,14:43:33,245.15,--,0,0,中性盘
175,14:43:28,245.15,-0.45,26,637390,卖盘
176,14:43:22,245.6,-0.03,1,24560,买盘
177,14:43:18,245.63,0.49,8,196504,买盘
178,14:43:13,245.14,--,0,0,卖盘
179,14:43:07,245.14,-0.5,4,98056,卖盘
180,14:43:03,245.64,0.48,1,24564,买盘
181,14:42:58,245.16,-0.63,3,73548,卖盘
182,14:42:48,245.79,-0.08,5,122895,买盘
183,14:42:43,245.87,0.33,1,24587,买盘
184,14:42:37,245.54,-0.35,4,98216,卖盘
185,14:42:32,245.89,0.03,37,909793,买盘
186,14:42:27,245.86,0.36,6,147516,买盘
187,14:42:17,245.5,-0.36,3,73650,卖盘
188,14:42:12,245.86,0.03,12,295032,买盘
189,14:42:07,245.83,--,4,98332,买盘
190,14:42:02,245.83,--,2,49166,卖盘
191,14:41:57,245.83,-0.03,4,98332,卖盘
192,14:41:52,245.86,0.01,5,122930,买盘
193,14:41:47,245.85,0.05,10,245850,买盘
194,14:41:42,245.8,0.6,3,73740,买盘
195,14:41:37,245.2,-0.6,3,73560,卖盘
196,14:41:32,245.8,-0.06,1,24580,买盘
197,14:41:27,245.86,-0.02,5,122930,中性盘
198,14:41:22,245.88,0.68,3,73764,买盘
199,14:41:17,245.2,-0.68,6,147120,卖盘
200,14:41:12,245.88,0.1,5,122940,买盘
201,14:41:07,245.78,-0.09,6,147468,卖盘
202,14:41:02,245.87,0.17,5,122935,买盘
203,14:40:57,245.7,-0.18,3,73710,卖盘
204,14:40:52,245.88,--,0,0,买盘
205,14:40:47,245.88,--,13,319644,买盘
206,14:40:42,245.88,0.08,2,49176,卖盘
207,14:40:37,245.8,-0.05,6,147480,卖盘
208,14:40:31,245.85,0.38,38,944555,买盘
209,14:40:27,245.47,--,3,73641,卖盘
210,14:40:17,245.47,-0.33,3,73641,卖盘
211,14:40:12,245.8,0.68,4,98320,买盘
212,14:40:07,245.12,-0.54,4,98048,卖盘
213,14:40:02,245.66,-0.14,14,343924,买盘
214,14:39:57,245.8,--,13,319540,买盘
215,14:39:52,245.8,-0.02,1,24580,中性盘
216,14:39:47,245.82,0.12,8,196656,买盘
217,14:39:42,245.7,0.59,4,98280,中性盘
218,14:39:37,245.11,-0.59,4,98044,卖盘
219,14:39:32,245.7,-0.14,1,24570,买盘
220,14:39:27,245.84,0.74,4,98336,买盘
221,14:39:22,245.1,--,0,0,卖盘
222,14:39:17,245.1,-0.6,10,245100,卖盘
223,14:39:12,245.7,--,0,0,中性盘
224,14:39:07,245.7,--,7,171990,卖盘
225,14:39:02,245.7,-0.08,14,343980,卖盘
226,14:38:57,245.78,0.03,7,172046,买盘
227,14:38:47,245.75,-0.05,7,172025,中性盘
228,14:38:42,245.8,0.01,10,245800,买盘
229,14:38:37,245.79,0.01,6,147474,买盘
230,14:38:32,245.78,0.76,46,1130588,买盘
231,14:38:27,245.02,--,3,73506,卖盘
232,14:38:17,245.02,-0.73,4,98008,卖盘
233,14:38:12,245.75,0.05,3,73725,买盘
234,14:38:07,245.7,0.69,5,122850,买盘
235,14:38:02,245.01,--,0,0,卖盘
236,14:37:57,245.01,-0.78,3,73503,卖盘
237,14:37:52,245.79,0.09,4,98316,买盘
238,14:37:47,245.7,0.72,7,171990,买盘
239,14:37:42,244.98,--,0,0,中性盘
240,14:37:37,244.98,-0.72,7,171486,卖盘
241,14:37:32,245.7,--,0,0,中性盘
242,14:37:27,245.7,-0.08,6,147420,买盘
243,14:37:22,245.78,--,0,0,买盘
244,14:37:17,245.78,0.83,6,147468,买盘
245,14:37:12,244.95,--,2,48990,买盘
246,14:37:07,244.95,-0.85,2,48990,卖盘
247,14:37:02,245.8,0.01,15,368700,买盘
248,14:36:57,245.79,0.15,7,172053,买盘
249,14:36:52,245.64,0.01,3,73692,买盘
250,14:36:46,245.63,--,7,171941,买盘
251,14:36:42,245.63,0.68,24,589512,买盘
252,14:36:37,244.95,-0.6,26,636870,卖盘
253,14:36:31,245.55,0.01,9,220995,买盘
254,14:36:27,245.54,--,0,0,买盘
255,14:36:22,245.54,--,0,0,中性盘
256,14:36:16,245.54,-0.06,4,98216,买盘
257,14:36:12,245.6,0.69,5,122800,买盘
258,14:36:07,244.91,-0.56,8,195928,卖盘
259,14:36:01,245.47,--,0,0,中性盘
260,14:35:57,245.47,--,4,98188,卖盘
261,14:35:52,245.47,--,1,24547,卖盘
262,14:35:46,245.47,--,5,122735,买盘
263,14:35:42,245.47,0.57,1,24547,买盘
264,14:35:37,244.9,0.02,3,73470,中性盘
265,14:35:31,244.88,--,0,0,卖盘
266,14:35:27,244.88,--,15,367320,卖盘
267,14:35:22,244.88,-0.6,2,48976,卖盘
268,14:35:16,245.48,--,5,122740,买盘
269,14:35:07,245.48,--,6,147288,买盘
270,14:35:01,245.48,-0.02,1,24548,买盘
271,14:34:56,245.5,-0.13,6,147300,买盘
272,14:34:52,245.63,--,0,0,买盘
273,14:34:46,245.63,0.13,7,171941,买盘
274,14:34:41,245.5,--,16,392800,买盘
275,14:34:36,245.5,0.05,18,441900,买盘
276,14:34:31,245.45,0.6,26,638170,买盘
277,14:34:25,244.85,-0.57,10,244850,卖盘
278,14:34:21,245.42,--,2,49084,买盘
279,14:34:16,245.42,--,11,269962,买盘
280,14:34:11,245.42,--,1,24542,买盘
281,14:34:06,245.42,-0.01,5,122710,中性盘
282,14:34:01,245.43,0.57,1,24543,买盘
283,14:33:56,244.86,-0.58,5,122430,卖盘
284,14:33:51,245.44,--,6,147264,卖盘
285,14:33:46,245.44,--,5,122720,买盘
286,14:33:40,245.44,0.59,1,24544,买盘
287,14:33:36,244.85,-0.6,3,73455,卖盘
288,14:33:26,245.45,--,5,122725,买盘
289,14:33:21,245.45,--,0,0,中性盘
290,14:33:16,245.45,0.61,5,122725,买盘
291,14:33:11,244.84,--,0,0,卖盘
292,14:33:06,244.84,-0.61,4,97936,卖盘
293,14:32:56,245.45,-0.05,10,245450,卖盘
294,14:32:51,245.5,--,2,49100,买盘
295,14:32:46,245.5,--,11,270050,买盘
296,14:32:41,245.5,0.07,10,245500,买盘
297,14:32:36,245.43,0.13,13,337220,买盘
298,14:32:31,245.3,0.45,15,367950,买盘
299,14:32:25,244.85,-0.44,4,97940,卖盘
300,14:32:21,245.29,0.47,1,24529,中性盘
301,14:32:16,244.82,-0.48,4,97928,卖盘
302,14:32:11,245.3,0.3,1,24530,买盘
303,14:32:06,245.0,-0.3,8,196000,中性盘
304,14:32:01,245.3,--,4,98120,中性盘
305,14:31:56,245.3,--,8,196240,买盘
306,14:31:51,245.3,0.45,1,24530,买盘
307,14:31:46,244.85,-0.45,4,97940,中性盘
308,14:31:41,245.3,0.45,1,24530,买盘
309,14:31:36,244.85,-0.5,8,195880,卖盘
310,14:31:31,245.35,--,1,24535,买盘
311,14:31:25,245.35,-0.02,15,374404,卖盘
312,14:31:21,245.37,--,10,245370,卖盘
313,14:31:16,245.37,--,3,73611,卖盘
314,14:31:11,245.37,0.57,9,238990,买盘
315,14:31:06,244.8,-0.57,10,244800,卖盘
316,14:31:01,245.37,--,0,0,买盘
317,14:30:56,245.37,--,5,122685,买盘
318,14:30:51,245.37,--,0,0,买盘
319,14:30:46,245.37,--,4,104527,买盘
320,14:30:41,245.37,0.19,2,49074,买盘
321,14:30:36,245.18,0.08,33,827237,买盘
322,14:30:31,245.1,0.34,6,147060,买盘
323,14:30:26,244.76,--,4,97904,卖盘
324,14:30:21,244.76,--,0,0,卖盘
325,14:30:16,244.76,--,6,146856,中性盘
326,14:30:11,244.76,-0.33,2,48952,中性盘
327,14:30:06,245.09,0.33,7,171563,买盘
328,14:29:56,244.76,-0.41,5,122380,卖盘
329,14:29:51,245.17,--,7,171619,买盘
330,14:29:46,245.17,0.07,11,269687,买盘
331,14:29:40,245.1,0.37,1,24510,买盘
332,14:29:35,244.73,-0.45,3,73419,卖盘
333,14:29:31,245.18,0.45,1,24518,买盘
334,14:29:25,244.73,0.02,3,73419,卖盘
335,14:29:21,244.71,0.01,6,146826,买盘
336,14:29:16,244.7,-0.03,42,1027740,卖盘
337,14:29:10,244.73,-0.14,3,73419,买盘
338,14:29:06,244.87,0.14,3,73461,卖盘
339,14:29:01,244.73,--,0,0,卖盘
340,14:28:55,244.73,-0.45,3,73419,卖盘
341,14:28:50,245.18,--,1,24518,买盘
342,14:28:46,245.18,--,7,171626,买盘
343,14:28:40,245.18,0.31,14,343252,买盘
344,14:28:36,244.87,-0.31,7,171409,卖盘
345,14:28:31,245.18,--,42,1029756,买盘
346,14:28:25,245.18,--,5,122590,买盘
347,14:28:21,245.18,0.15,6,147108,买盘
348,14:28:16,245.03,--,4,98012,中性盘
349,14:28:10,245.03,0.03,2,49006,买盘
350,14:28:05,245.0,--,6,147000,卖盘
351,14:28:01,245.0,-0.03,21,514500,卖盘
352,14:27:55,245.03,-0.15,3,73509,卖盘
353,14:27:45,245.18,0.15,6,147108,买盘
354,14:27:36,245.03,-0.12,4,98012,卖盘
355,14:27:31,245.15,0.15,2,49030,买盘
356,14:27:25,245.0,-0.03,7,174685,卖盘
357,14:27:21,245.03,0.03,1,24503,买盘
358,14:27:16,245.0,0.13,11,269500,卖盘
359,14:27:05,244.87,-0.16,7,171409,卖盘
360,14:27:01,245.03,0.32,3,73509,买盘
361,14:26:55,244.71,-0.33,5,122355,卖盘
362,14:26:46,245.04,-0.14,4,119334,卖盘
363,14:26:40,245.18,0.08,7,171626,买盘
364,14:26:35,245.1,0.06,10,245100,买盘
365,14:26:30,245.04,0.34,30,738305,买盘
366,14:26:25,244.7,-0.01,3,73410,卖盘
367,14:26:20,244.71,--,0,0,中性盘
368,14:26:15,244.71,-0.29,4,97884,卖盘
369,14:26:10,245.0,--,2,49000,买盘
370,14:26:05,245.0,0.29,5,122500,买盘
371,14:25:55,244.71,--,3,73413,卖盘
372,14:25:45,244.71,-0.28,3,73413,卖盘
373,14:25:40,244.99,--,1,24499,买盘
374,14:25:35,244.99,--,12,293988,买盘
375,14:25:30,244.99,--,5,122495,卖盘
376,14:25:25,244.99,-0.01,6,146994,卖盘
377,14:25:20,245.0,0.01,4,98000,买盘
378,14:25:15,244.99,-0.01,3,73497,中性盘
379,14:25:10,245.0,0.3,3,73500,买盘
380,14:25:04,244.7,-0.3,4,97880,卖盘
381,14:25:00,245.0,0.02,2,49000,买盘
382,14:24:55,244.98,-0.02,3,73494,卖盘
383,14:24:50,245.0,--,3,73500,买盘
384,14:24:45,245.0,0.3,4,98000,买盘
385,14:24:34,244.7,-0.3,4,97880,中性盘
386,14:24:30,245.0,0.39,44,1078000,买盘
387,14:24:25,244.61,-0.38,4,97844,卖盘
388,14:24:15,244.99,-0.01,7,171493,中性盘
389,14:24:10,245.0,0.39,6,147000,买盘
390,14:24:05,244.61,--,11,277143,卖盘
391,14:24:00,244.61,-0.38,2,48922,卖盘
392,14:23:55,244.99,-0.01,29,710471,中性盘
393,14:23:50,245.0,0.4,17,416500,买盘
394,14:23:45,244.6,-0.4,7,171220,卖盘
395,14:23:40,245.0,--,1,24500,买盘
396,14:23:34,245.0,0.05,7,171500,买盘
397,14:23:30,244.95,0.35,1,24495,中性盘
398,14:23:25,244.6,-0.39,9,220140,卖盘
399,14:23:15,244.99,-0.01,10,244990,买盘
400,14:23:10,245.0,--,0,0,买盘
401,14:23:05,245.0,--,4,98000,买盘
402,14:23:00,245.0,0.4,2,49000,买盘
403,14:22:55,244.6,-0.4,4,97840,卖盘
404,14:22:50,245.0,0.01,4,98000,买盘
405,14:22:45,244.99,--,3,73497,卖盘
406,14:22:40,244.99,-0.01,4,97996,卖盘
407,14:22:34,245.0,--,1,24500,买盘
408,14:22:30,245.0,0.39,37,906500,买盘
409,14:22:25,244.61,-0.01,3,73383,卖盘
410,14:22:15,244.62,-0.38,6,146772,中性盘
411,14:22:10,245.0,0.4,6,147000,买盘
412,14:21:55,244.6,-0.4,4,97840,卖盘
413,14:21:49,245.0,0.4,1,24500,买盘
414,14:21:44,244.6,-0.1,3,73380,卖盘
415,14:21:39,244.7,-0.3,4,97880,卖盘
416,14:21:34,245.0,0.34,2,49000,买盘
417,14:21:29,244.66,0.05,3,73398,买盘
418,14:21:24,244.61,-0.09,3,73383,卖盘
419,14:21:19,244.7,--,0,0,卖盘
420,14:21:15,244.7,-0.32,3,73410,卖盘
421,14:21:10,245.02,0.32,7,171514,买盘
422,14:20:59,244.7,0.09,16,391520,买盘
423,14:20:54,244.61,-0.09,4,97844,卖盘
424,14:20:49,244.7,0.09,1,24470,买盘
425,14:20:45,244.61,-0.07,5,122305,卖盘
426,14:20:39,244.68,-0.34,3,73404,卖盘
427,14:20:30,245.02,0.41,40,980080,买盘
428,14:20:24,244.61,--,5,122305,买盘
429,14:20:15,244.61,-0.01,3,73383,卖盘
430,14:20:09,244.62,0.02,3,73386,卖盘
431,14:19:59,244.6,--,0,0,卖盘
432,14:19:54,244.6,-0.02,18,440280,卖盘
433,14:19:49,244.62,--,1,24462,买盘
434,14:19:45,244.62,-0.38,8,195696,卖盘
435,14:19:39,245.0,--,6,147000,买盘
436,14:19:34,245.0,--,5,122500,买盘
437,14:19:30,245.0,0.4,2,49000,买盘
438,14:19:25,244.6,-0.4,4,97840,卖盘
439,14:19:19,245.0,--,1,24500,买盘
440,14:19:13,245.0,0.39,4,98000,买盘
441,14:19:09,244.61,-0.39,3,73383,卖盘
442,14:19:04,245.0,--,2,49000,买盘
443,14:18:59,245.0,0.38,100,2450000,买盘
444,14:18:55,244.62,-0.03,4,97848,卖盘
445,14:18:49,244.65,--,0,0,中性盘
446,14:18:44,244.65,-0.35,9,220185,卖盘
447,14:18:39,245.0,--,4,98000,买盘
448,14:18:34,245.0,--,0,0,买盘
449,14:18:29,245.0,0.39,41,1004500,买盘
450,14:18:24,244.61,-0.01,4,97844,卖盘
451,14:18:19,244.62,0.01,15,366930,买盘
452,14:18:13,244.61,-0.01,3,73383,卖盘
453,14:18:09,244.62,--,8,195696,买盘
454,14:18:04,244.62,0.01,5,122310,买盘
455,14:17:54,244.61,-0.08,3,73383,卖盘
456,14:17:44,244.69,-0.3,5,122345,中性盘
457,14:17:39,244.99,0.3,4,97996,买盘
458,14:17:34,244.69,--,0,0,卖盘
459,14:17:29,244.69,0.08,4,97876,中性盘
460,14:17:24,244.61,-0.07,3,73383,卖盘
461,14:17:19,244.68,--,0,0,中性盘
462,14:17:14,244.68,-0.01,6,146808,卖盘
463,14:17:09,244.69,--,3,73407,卖盘
464,14:17:04,244.69,-0.01,4,97876,卖盘
465,14:16:59,244.7,--,22,538340,卖盘
466,14:16:54,244.7,-0.3,3,73410,卖盘
467,14:16:49,245.0,0.31,2,49000,买盘
468,14:16:43,244.69,--,13,318097,卖盘
469,14:16:39,244.69,-0.31,8,195752,卖盘
470,14:16:29,245.0,0.31,45,1102500,买盘
471,14:16:24,244.69,--,3,73407,卖盘
472,14:16:19,244.69,0.01,5,122345,买盘
473,14:16:14,244.68,--,3,73404,买盘
474,14:16:09,244.68,--,17,415956,买盘
475,14:16:04,244.68,-0.01,6,146808,卖盘
476,14:15:58,244.69,0.01,4,97876,买盘
477,14:15:54,244.68,-0.32,7,171276,中性盘
478,14:15:49,245.0,0.33,11,269500,买盘
479,14:15:43,244.67,0.16,1,24467,中性盘
480,14:15:39,244.51,-0.16,3,73353,卖盘
481,14:15:34,244.67,--,1,24467,买盘
482,14:15:28,244.67,0.16,1,24467,买盘
483,14:15:24,244.51,-0.09,7,171157,卖盘
484,14:15:19,244.6,-0.07,2,48920,卖盘
485,14:15:09,244.67,-0.33,8,195736,卖盘
486,14:15:04,245.0,0.33,1,24500,买盘
487,14:14:58,244.67,-0.01,5,122335,卖盘
488,14:14:54,244.68,--,4,97872,卖盘
489,14:14:49,244.68,0.01,16,391488,卖盘
490,14:14:43,244.67,--,6,146802,买盘
491,14:14:39,244.67,-0.23,3,73401,卖盘
492,14:14:34,244.9,0.3,18,440820,买盘
493,14:14:28,244.6,0.1,19,464740,买盘
494,14:14:24,244.5,-0.1,6,146700,卖盘
495,14:14:18,244.6,0.1,5,122300,中性盘
496,14:14:09,244.5,--,8,195600,卖盘
497,14:14:03,244.5,--,0,0,卖盘
498,14:13:53,244.5,-0.1,4,97800,卖盘
499,14:13:48,244.6,--,37,905020,买盘
500,14:13:43,244.6,--,7,171220,买盘
501,14:13:39,244.6,0.09,12,293520,买盘
502,14:13:34,244.51,-0.02,6,146706,卖盘
503,14:13:23,244.53,-0.07,4,97812,卖盘
504,14:13:18,244.6,-0.4,63,1540980,卖盘
505,14:13:13,245.0,-0.04,1,24500,买盘
506,14:13:08,245.04,-0.03,9,240139,卖盘
507,14:13:03,245.07,0.03,1,24507,买盘
508,14:12:54,245.04,-0.14,4,98016,卖盘
509,14:12:48,245.18,0.03,8,196144,买盘
510,14:12:39,245.15,0.11,4,98060,买盘
511,14:12:33,245.04,0.41,23,568492,买盘
512,14:12:23,244.63,-0.36,8,195704,卖盘
513,14:12:18,244.99,--,4,117595,卖盘
514,14:12:13,244.99,-0.08,2,48998,卖盘
515,14:12:09,245.07,0.08,7,171549,买盘
516,14:12:03,244.99,--,12,298887,卖盘
517,14:11:53,244.99,0.19,3,73497,卖盘
518,14:11:48,244.8,0.15,9,220320,买盘
519,14:11:43,244.65,--,14,342510,买盘
520,14:11:38,244.65,--,5,122325,买盘
521,14:11:33,244.65,-0.07,7,171255,卖盘
522,14:11:28,244.72,0.09,2,48944,买盘
523,14:11:23,244.63,-0.07,4,97852,卖盘
524,14:11:18,244.7,--,3,73410,卖盘
525,14:11:08,244.7,-0.45,4,97880,卖盘
526,14:11:03,245.15,0.19,3,89724,买盘
527,14:10:58,244.96,--,0,0,卖盘
528,14:10:53,244.96,0.16,19,473752,买盘
529,14:10:48,244.8,0.18,3,73440,卖盘
530,14:10:38,244.62,-0.06,4,97848,卖盘
531,14:10:33,244.68,-0.12,42,1027656,中性盘
532,14:10:28,244.8,0.17,1,24480,买盘
533,14:10:23,244.63,-0.02,8,195704,卖盘
534,14:10:18,244.65,-0.04,7,171255,卖盘
535,14:10:08,244.69,--,5,122345,买盘
536,14:10:03,244.69,-0.12,1,24469,中性盘
537,14:09:58,244.81,0.15,2,48962,买盘
538,14:09:53,244.66,0.05,13,318058,中性盘
539,14:09:48,244.61,-0.09,3,73383,卖盘
540,14:09:43,244.7,0.09,20,489400,买盘
541,14:09:38,244.61,-0.19,3,73383,卖盘
542,14:09:33,244.8,0.19,11,269280,买盘
543,14:09:28,244.61,0.01,1,24461,买盘
544,14:09:23,244.6,-0.04,5,122300,卖盘
545,14:09:18,244.64,-0.16,3,73392,卖盘
546,14:09:13,244.8,0.1,2,48960,买盘
547,14:09:07,244.7,--,6,146820,买盘
548,14:08:58,244.7,-0.1,9,220230,卖盘
549,14:08:52,244.8,-0.08,16,391680,卖盘
550,14:08:48,244.88,--,20,489760,买盘
551,14:08:43,244.88,0.08,7,171416,买盘
552,14:08:37,244.8,-0.08,4,97920,卖盘
553,14:08:32,244.88,--,13,318344,买盘
554,14:08:28,244.88,0.08,4,97952,买盘
555,14:08:18,244.8,-0.08,3,73440,卖盘
556,14:08:12,244.88,0.08,1,24488,中性盘
557,14:08:07,244.8,-0.1,4,97920,卖盘
558,14:08:03,244.9,0.02,5,122450,买盘
559,14:07:57,244.88,-0.02,6,146928,卖盘
560,14:07:52,244.9,--,9,220410,买盘
561,14:07:48,244.9,-0.06,10,244900,卖盘
562,14:07:37,244.96,0.06,3,73488,中性盘
563,14:07:33,244.9,-0.27,121,2963290,卖盘
564,14:07:27,245.17,-0.01,105,2574285,中性盘
565,14:07:17,245.18,0.03,11,269698,买盘
566,14:07:12,245.15,0.05,5,122575,买盘
567,14:07:07,245.1,-0.03,3,73530,卖盘
568,14:07:03,245.13,--,1,24513,卖盘
569,14:06:57,245.13,-0.05,4,98052,卖盘
570,14:06:47,245.18,-0.02,8,196144,卖盘
571,14:06:42,245.2,0.07,4,98080,买盘
572,14:06:37,245.13,-0.02,3,73539,卖盘
573,14:06:27,245.15,-0.06,3,73545,卖盘
574,14:06:22,245.21,0.02,8,196168,买盘
575,14:06:17,245.19,-0.01,4,98076,卖盘
576,14:06:12,245.2,-0.01,9,220680,卖盘
577,14:06:07,245.21,--,8,196168,买盘
578,14:06:02,245.21,-0.01,6,147126,卖盘
579,14:05:57,245.22,--,7,171654,卖盘
580,14:05:52,245.22,--,0,0,中性盘
581,14:05:47,245.22,--,4,98088,卖盘
582,14:05:42,245.22,--,4,98088,卖盘
583,14:05:37,245.22,-0.01,3,73566,卖盘
584,14:05:32,245.23,--,0,0,卖盘
585,14:05:27,245.23,-0.07,6,147138,卖盘
586,14:05:22,245.3,0.08,1,24530,买盘
587,14:05:17,245.22,-0.08,5,122610,卖盘
588,14:05:12,245.3,--,0,0,中性盘
589,14:05:07,245.3,-0.53,4,98120,卖盘
590,14:05:02,245.83,--,0,0,买盘
591,14:04:57,245.83,--,4,98332,卖盘
592,14:04:47,245.83,-0.01,6,147498,买盘
593,14:04:42,245.84,0.54,1,24584,买盘
594,14:04:37,245.3,-0.54,4,98120,卖盘
595,14:04:32,245.84,0.59,17,417928,买盘
596,14:04:27,245.25,0.02,11,269775,买盘
597,14:04:17,245.23,-0.02,3,73569,卖盘
598,14:04:12,245.25,--,16,392400,卖盘
599,14:04:07,245.25,-0.14,3,73575,卖盘
600,14:04:02,245.39,0.12,5,122695,中性盘
601,14:03:57,245.27,-0.17,7,171689,卖盘
602,14:03:52,245.44,0.16,2,49088,买盘
603,14:03:47,245.28,-0.16,2,49056,卖盘
604,14:03:42,245.44,--,6,147264,卖盘
605,14:03:37,245.44,0.03,3,73632,卖盘
606,14:03:32,245.41,0.11,1,24541,买盘
607,14:03:27,245.3,0.03,17,417010,买盘
608,14:03:22,245.27,--,0,0,买盘
609,14:03:16,245.27,-0.01,7,171689,卖盘
610,14:03:12,245.28,0.03,1,24528,买盘
611,14:03:07,245.25,-0.03,4,98100,卖盘
612,14:03:02,245.28,--,0,0,买盘
613,14:02:57,245.28,0.03,15,367920,买盘
614,14:02:47,245.25,-0.05,6,147150,卖盘
615,14:02:42,245.3,-0.01,1,24530,买盘
616,14:02:37,245.31,0.03,2,49062,卖盘
617,14:02:31,245.28,--,0,0,中性盘
618,14:02:27,245.28,-0.13,4,98112,卖盘
619,14:02:22,245.41,0.11,7,171787,买盘
620,14:02:16,245.3,-0.11,4,98120,卖盘
621,14:02:12,245.41,--,1,24541,买盘
622,14:02:07,245.41,0.08,5,122705,买盘
623,14:02:01,245.33,0.05,1,24533,买盘
624,14:01:57,245.28,-0.52,4,98112,卖盘
625,14:01:52,245.8,0.47,1,24580,买盘
626,14:01:46,245.33,-0.54,3,73599,卖盘
627,14:01:41,245.87,0.64,6,147522,买盘
628,14:01:37,245.23,-0.05,11,269753,卖盘
629,14:01:31,245.28,0.04,1,24528,买盘
630,14:01:26,245.24,0.01,4,98096,中性盘
631,14:01:22,245.23,-0.1,6,147138,卖盘
632,14:01:16,245.33,0.05,4,98132,买盘
633,14:01:11,245.28,-0.05,4,98112,卖盘
634,14:01:06,245.33,0.03,11,269863,买盘
635,14:00:57,245.3,-0.09,17,417010,卖盘
636,14:00:51,245.39,0.03,2,49078,买盘
637,14:00:46,245.36,0.06,4,98144,中性盘
638,14:00:42,245.3,--,0,0,卖盘
639,14:00:36,245.3,-0.06,7,171710,卖盘
640,14:00:31,245.36,0.03,5,122680,卖盘
641,14:00:26,245.33,0.01,24,588792,买盘
642,14:00:21,245.32,--,4,98128,卖盘
643,14:00:16,245.32,-0.01,12,294384,卖盘
644,14:00:11,245.33,0.01,14,343462,买盘
645,14:00:06,245.32,-0.01,7,171724,中性盘
646,14:00:01,245.33,--,0,0,中性盘
647,13:59:57,245.33,-0.57,12,294396,卖盘
648,13:59:51,245.9,0.57,4,98360,买盘
649,13:59:46,245.33,-0.56,14,343462,中性盘
650,13:59:42,245.89,0.49,2,49178,买盘
651,13:59:36,245.4,0.02,30,736200,买盘
652,13:59:31,245.38,0.05,1,24538,买盘
653,13:59:27,245.33,-0.07,11,269863,卖盘
654,13:59:21,245.4,0.05,7,171780,买盘
655,13:59:16,245.35,-0.03,3,73605,卖盘
656,13:59:11,245.38,-0.02,1,24538,卖盘
657,13:59:06,245.4,-0.5,18,441720,卖盘
658,13:58:56,245.9,0.5,12,295080,买盘
659,13:58:51,245.4,--,0,0,卖盘
660,13:58:46,245.4,-0.6,3,73620,卖盘
661,13:58:41,246.0,0.06,4,98400,买盘
662,13:58:36,245.94,0.56,8,196752,买盘
663,13:58:26,245.38,-0.08,6,147228,卖盘
664,13:58:21,245.46,0.08,6,147276,买盘
665,13:58:11,245.38,-0.08,15,368070,卖盘
666,13:58:06,245.46,0.05,4,98184,买盘
667,13:58:01,245.41,0.01,3,73623,买盘
668,13:57:56,245.4,--,4,98160,卖盘
669,13:57:51,245.4,--,3,73620,卖盘
670,13:57:46,245.4,-0.04,3,73620,卖盘
671,13:57:41,245.44,--,5,122720,买盘
672,13:57:36,245.44,-0.01,10,245440,买盘
673,13:57:31,245.45,0.05,4,98180,卖盘
674,13:57:26,245.4,-0.01,9,220860,卖盘
675,13:57:21,245.41,--,10,245410,中性盘
676,13:57:16,245.41,-0.04,3,73623,卖盘
677,13:57:11,245.45,-0.15,7,171815,卖盘
678,13:57:06,245.6,0.14,8,196480,买盘
679,13:56:56,245.46,-0.02,7,171822,卖盘
680,13:56:51,245.48,-0.36,11,270028,中性盘
681,13:56:46,245.84,0.34,5,122920,买盘
682,13:56:36,245.5,-0.44,6,147300,买盘
683,13:56:25,245.94,--,3,73782,买盘
684,13:56:21,245.94,--,7,172158,卖盘
685,13:56:16,245.94,0.03,4,98376,卖盘
686,13:56:11,245.91,0.41,2,49182,买盘
687,13:56:06,245.5,0.01,4,98200,卖盘
688,13:56:01,245.49,--,0,0,中性盘
689,13:55:56,245.49,-0.01,3,73647,卖盘
690,13:55:51,245.5,-0.42,7,171850,卖盘
691,13:55:46,245.92,0.42,4,98368,买盘
692,13:55:41,245.5,0.02,10,245500,买盘
693,13:55:36,245.48,-0.02,3,73644,卖盘
694,13:55:31,245.5,0.01,10,245500,买盘
695,13:55:25,245.49,-0.01,1,24549,卖盘
696,13:55:21,245.5,-0.5,4,98200,卖盘
697,13:55:16,246.0,--,4,98400,买盘
698,13:55:10,246.0,--,1,24600,买盘
699,13:55:05,246.0,0.38,5,123000,买盘
700,13:54:55,245.62,--,7,171934,卖盘
701,13:54:50,245.62,0.13,18,442116,买盘
702,13:54:46,245.49,-0.06,4,98196,卖盘
703,13:54:40,245.55,--,0,0,买盘
704,13:54:35,245.55,-0.07,1,24555,卖盘
705,13:54:31,245.62,0.14,3,73686,卖盘
706,13:54:25,245.48,-0.06,3,73644,卖盘
707,13:54:21,245.54,--,3,73662,卖盘
708,13:54:16,245.54,-0.44,4,98216,卖盘
709,13:54:10,245.98,0.48,2,49196,买盘
710,13:54:05,245.5,0.1,7,171850,买盘
711,13:54:00,245.4,--,0,0,卖盘
712,13:53:55,245.4,-0.08,4,98160,卖盘
713,13:53:50,245.48,--,0,0,中性盘
714,13:53:45,245.48,-0.02,3,73644,中性盘
715,13:53:35,245.5,-0.49,21,515550,卖盘
716,13:53:30,245.99,0.49,1,24599,买盘
717,13:53:25,245.5,--,3,73650,卖盘
718,13:53:20,245.5,-0.32,9,220950,卖盘
719,13:53:15,245.82,0.31,4,98328,中性盘
720,13:53:05,245.51,-0.05,5,122755,卖盘
721,13:53:00,245.56,0.06,5,122780,买盘
722,13:52:55,245.5,-0.06,3,73650,卖盘
723,13:52:50,245.56,--,1,24556,买盘
724,13:52:45,245.56,-0.34,3,73668,卖盘
725,13:52:35,245.9,0.34,8,196720,买盘
726,13:52:24,245.56,0.09,4,98224,卖盘
727,13:52:20,245.47,--,21,515487,买盘
728,13:52:15,245.47,-0.03,4,98188,卖盘
729,13:52:10,245.5,--,0,0,中性盘
730,13:52:05,245.5,-0.5,4,98200,卖盘
731,13:52:00,246.0,0.09,2,49200,买盘
732,13:51:55,245.91,0.41,5,122955,买盘
733,13:51:50,245.5,-0.03,2,49100,卖盘
734,13:51:45,245.53,0.02,17,417401,买盘
735,13:51:35,245.51,-0.02,5,122755,卖盘
736,13:51:30,245.53,0.01,1,24553,买盘
737,13:51:25,245.52,-0.01,3,73656,卖盘
738,13:51:20,245.53,--,24,589272,卖盘
739,13:51:15,245.53,-0.06,5,122765,卖盘
740,13:51:10,245.59,0.04,16,392944,买盘
741,13:51:05,245.55,-0.03,7,171885,卖盘
742,13:51:00,245.58,--,16,392928,卖盘
743,13:50:55,245.58,-0.02,3,73674,卖盘
744,13:50:50,245.6,0.01,3,73680,买盘
745,13:50:45,245.59,--,4,98236,卖盘
746,13:50:40,245.59,-0.01,2,49118,卖盘
747,13:50:35,245.6,-0.01,7,171920,卖盘
748,13:50:30,245.61,-0.02,1,24561,卖盘
749,13:50:24,245.63,--,9,221067,卖盘
750,13:50:20,245.63,-0.32,12,294756,卖盘
751,13:50:15,245.95,0.08,8,196760,买盘
752,13:50:05,245.87,0.26,13,319631,中性盘
753,13:50:00,245.61,--,1,24561,卖盘
754,13:49:55,245.61,-0.01,32,785952,卖盘
755,13:49:50,245.62,--,4,98248,买盘
756,13:49:45,245.62,-0.01,28,687736,卖盘
757,13:49:40,245.63,-0.04,10,245630,卖盘
758,13:49:35,245.67,-0.36,4,98268,卖盘
759,13:49:30,246.03,--,6,147618,卖盘
760,13:49:25,246.03,-0.22,5,123015,卖盘
761,13:49:20,246.25,0.61,5,123125,买盘
762,13:49:15,245.64,--,4,98256,卖盘
763,13:49:10,245.64,--,0,0,中性盘
764,13:49:05,245.64,-0.02,3,73692,卖盘
765,13:49:00,245.66,--,0,0,卖盘
766,13:48:55,245.66,-0.61,4,98264,卖盘
767,13:48:50,246.27,0.06,2,49254,买盘
768,13:48:45,246.21,-0.05,5,123105,中性盘
769,13:48:40,246.26,0.01,1,24626,买盘
770,13:48:35,246.25,-0.02,31,763375,买盘
771,13:48:30,246.27,0.64,8,197016,买盘
772,13:48:25,245.63,-0.01,3,73689,卖盘
773,13:48:19,245.64,--,0,0,中性盘
774,13:48:15,245.64,-0.64,5,122820,卖盘
775,13:48:10,246.28,0.64,5,123140,买盘
776,13:48:04,245.64,--,0,0,卖盘
777,13:48:00,245.64,0.03,5,122820,买盘
778,13:47:55,245.61,--,6,147366,买盘
779,13:47:49,245.61,0.01,10,245610,买盘
780,13:47:44,245.6,-0.01,8,196480,卖盘
781,13:47:40,245.61,-0.69,14,343854,卖盘
782,13:47:34,246.3,--,1,24630,买盘
783,13:47:29,246.3,0.69,8,197040,买盘
784,13:47:25,245.61,-0.01,3,73683,卖盘
785,13:47:19,245.62,0.01,2,49124,买盘
786,13:47:14,245.61,-0.01,9,221049,卖盘
787,13:47:10,245.62,-0.68,3,73686,卖盘
788,13:46:59,246.3,0.6,1,24630,买盘
789,13:46:54,245.7,0.03,3,73710,卖盘
790,13:46:49,245.67,--,4,98268,买盘
791,13:46:44,245.67,--,22,540474,卖盘
792,13:46:39,245.67,-0.01,5,122835,卖盘
793,13:46:34,245.68,--,2,49136,买盘
794,13:46:29,245.68,0.01,2,49136,中性盘
795,13:46:24,245.67,-0.33,4,98268,卖盘
796,13:46:19,246.0,--,0,0,买盘
797,13:46:14,246.0,--,11,270600,买盘
798,13:46:09,246.0,--,5,123000,买盘
799,13:46:04,246.0,--,0,0,买盘
800,13:45:59,246.0,0.2,1,24600,买盘
801,13:45:54,245.8,-0.19,6,171568,卖盘
802,13:45:49,245.99,--,0,491,买盘
803,13:45:44,245.99,-0.32,5,147102,卖盘
804,13:45:39,246.31,0.31,10,246310,买盘
805,13:45:34,246.0,--,8,196800,卖盘
806,13:45:29,246.0,--,4,98400,卖盘
807,13:45:24,246.0,--,3,73800,卖盘
808,13:45:19,246.0,--,0,0,卖盘
809,13:45:14,246.0,--,8,196800,卖盘
810,13:45:09,246.0,-0.36,3,73800,卖盘
811,13:44:59,246.36,0.36,6,147816,买盘
812,13:44:54,246.0,-0.01,25,615000,卖盘
813,13:44:44,246.01,0.01,4,98404,卖盘
814,13:44:39,246.0,-0.3,4,98400,卖盘
815,13:44:34,246.3,0.28,5,123642,买盘
816,13:44:29,246.02,0.02,2,49204,买盘
817,13:44:24,246.0,-0.02,10,246000,卖盘
818,13:44:19,246.02,0.02,1,24602,买盘
819,13:44:14,246.0,--,4,98400,卖盘
820,13:44:09,246.0,-0.02,18,442800,卖盘
821,13:44:04,246.02,--,1,24602,买盘
822,13:43:59,246.02,--,1,24602,卖盘
823,13:43:54,246.02,-0.11,5,123010,卖盘
824,13:43:48,246.13,0.13,6,147678,买盘
825,13:43:44,246.0,-0.02,24,590400,卖盘
826,13:43:39,246.02,--,13,319826,中性盘
827,13:43:34,246.02,--,3,73806,买盘
828,13:43:29,246.02,0.02,6,147612,买盘
829,13:43:24,246.0,--,9,221400,卖盘
830,13:43:19,246.0,--,30,738000,卖盘
831,13:43:14,246.0,-0.02,3,73800,卖盘
832,13:43:09,246.02,-0.08,12,295224,卖盘
833,13:43:04,246.1,--,0,0,卖盘
834,13:42:59,246.1,0.08,1,24610,买盘
835,13:42:54,246.02,-0.08,3,73806,中性盘
836,13:42:49,246.1,0.09,1,24610,买盘
837,13:42:44,246.01,--,4,98404,卖盘
838,13:42:39,246.01,--,4,98404,卖盘
839,13:42:29,246.01,0.01,3,73803,买盘
840,13:42:24,246.0,-0.04,3,73800,卖盘
841,13:42:14,246.04,0.03,9,221436,买盘
842,13:42:09,246.01,-0.09,20,492020,卖盘
843,13:42:04,246.1,0.09,8,196880,买盘
844,13:41:59,246.01,--,14,344414,卖盘
845,13:41:54,246.01,--,3,73803,卖盘
846,13:41:43,246.01,-0.09,5,123005,卖盘
847,13:41:39,246.1,0.05,10,246100,买盘
848,13:41:29,246.05,0.04,95,2337475,买盘
849,13:41:24,246.01,-0.01,3,73803,卖盘
850,13:41:19,246.02,-0.08,22,541244,卖盘
851,13:41:09,246.1,--,4,98440,买盘
852,13:41:04,246.1,--,10,246100,卖盘
853,13:40:59,246.1,--,2,49220,卖盘
854,13:40:54,246.1,-0.28,4,98440,卖盘
855,13:40:48,246.38,-0.08,4,98552,买盘
856,13:40:44,246.46,--,0,0,买盘
857,13:40:39,246.46,0.16,34,837964,买盘
858,13:40:33,246.3,--,4,98520,买盘
859,13:40:28,246.3,0.27,4,98520,买盘
860,13:40:24,246.03,-0.07,22,541266,卖盘
861,13:40:19,246.1,--,3,73830,卖盘
862,13:40:08,246.1,-0.36,5,123050,卖盘
863,13:40:04,246.46,0.36,10,246460,买盘
864,13:39:53,246.1,-0.36,3,73830,中性盘
865,13:39:48,246.46,0.44,33,813318,买盘
866,13:39:43,246.02,--,0,0,卖盘
867,13:39:38,246.02,-0.01,3,73806,卖盘
868,13:39:33,246.03,-0.07,2,49206,卖盘
869,13:39:28,246.1,--,1,24610,买盘
870,13:39:23,246.1,-0.36,6,147660,卖盘
871,13:39:18,246.46,0.36,8,197168,卖盘
872,13:39:08,246.1,--,3,73830,卖盘
873,13:39:03,246.1,-0.04,18,442980,卖盘
874,13:38:58,246.14,0.04,2,49228,买盘
875,13:38:53,246.1,--,3,73830,卖盘
876,13:38:48,246.1,0.07,4,98440,卖盘
877,13:38:38,246.03,-0.07,10,246030,卖盘
878,13:38:33,246.1,-0.05,16,393760,卖盘
879,13:38:28,246.15,0.01,1,24615,买盘
880,13:38:23,246.14,0.04,3,73842,中性盘
881,13:38:18,246.1,-0.33,3,73830,卖盘
882,13:38:13,246.43,--,0,0,中性盘
883,13:38:08,246.43,0.27,12,295716,买盘
884,13:38:03,246.16,0.05,3,73848,买盘
885,13:37:53,246.11,--,4,98444,卖盘
886,13:37:48,246.11,-0.05,3,73833,卖盘
887,13:37:38,246.16,--,5,123080,卖盘
888,13:37:33,246.16,0.03,9,221544,卖盘
889,13:37:28,246.13,0.02,1,24613,买盘
890,13:37:23,246.11,0.01,5,123055,中性盘
891,13:37:17,246.1,--,8,196880,卖盘
892,13:37:08,246.1,-0.01,3,73830,卖盘
893,13:36:58,246.11,--,0,0,买盘
894,13:36:53,246.11,-0.25,7,172277,卖盘
895,13:36:47,246.36,-0.04,4,98544,买盘
896,13:36:38,246.4,0.01,11,271040,买盘
897,13:36:33,246.39,0.03,3,73917,买盘
898,13:36:28,246.36,--,4,98544,卖盘
899,13:36:23,246.36,--,3,73908,中性盘
900,13:36:18,246.36,0.22,5,123180,买盘
901,13:36:08,246.14,0.12,6,147684,买盘
902,13:36:03,246.02,--,0,0,卖盘
903,13:35:53,246.02,-0.11,11,270622,卖盘
904,13:35:47,246.13,-0.27,1,24613,中性盘
905,13:35:38,246.4,0.26,12,295680,买盘
906,13:35:28,246.14,0.06,4,98456,买盘
907,13:35:23,246.08,-0.03,3,73824,中性盘
908,13:35:18,246.11,0.09,4,98444,买盘
909,13:35:08,246.02,--,4,98408,买盘
910,13:35:03,246.02,-0.03,1,24602,买盘
911,13:34:53,246.05,-0.25,8,196840,卖盘
912,13:34:48,246.3,0.23,4,98520,买盘
913,13:34:38,246.07,-0.01,4,98428,中性盘
914,13:34:33,246.08,--,3,73824,买盘
915,13:34:27,246.08,-0.22,6,147648,卖盘
916,13:34:23,246.3,0.22,1,24630,买盘
917,13:34:18,246.08,--,5,123040,买盘
918,13:34:13,246.08,--,1,24608,买盘
919,13:34:08,246.08,--,4,98432,买盘
920,13:33:57,246.08,-0.35,1,24608,卖盘
921,13:33:53,246.43,-0.05,2,49286,卖盘
922,13:33:48,246.48,0.05,5,123240,买盘
923,13:33:38,246.43,--,4,98572,买盘
924,13:33:32,246.43,0.13,8,197144,买盘
925,13:33:28,246.3,0.22,4,98520,卖盘
926,13:33:23,246.08,--,0,0,卖盘
927,13:33:17,246.08,--,7,172256,买盘
928,13:33:07,246.08,-0.35,6,147648,卖盘
929,13:33:03,246.43,--,2,49286,卖盘
930,13:32:58,246.43,-0.07,6,147858,卖盘
931,13:32:53,246.5,--,0,0,买盘
932,13:32:48,246.5,0.06,13,320450,买盘
933,13:32:42,246.44,0.01,1,24644,买盘
934,13:32:36,246.43,0.35,27,665361,买盘
935,13:32:27,246.08,-0.35,4,98432,卖盘
936,13:32:17,246.43,--,4,98572,买盘
937,13:32:12,246.43,0.35,5,123215,买盘
938,13:32:07,246.08,-0.32,7,172256,卖盘
939,13:31:57,246.4,-0.04,12,295680,卖盘
940,13:31:47,246.44,-0.06,5,123220,买盘
941,13:31:42,246.5,--,0,0,买盘
942,13:31:37,246.5,0.39,10,246500,买盘
943,13:31:32,246.11,-0.37,1,24611,卖盘
944,13:31:27,246.48,0.38,11,271128,买盘
945,13:31:17,246.1,--,4,98440,卖盘
946,13:31:12,246.1,--,22,541420,卖盘
947,13:31:07,246.1,-0.38,3,73830,卖盘
948,13:31:02,246.48,0.38,1,24648,中性盘
949,13:30:57,246.1,-0.4,4,98440,卖盘
950,13:30:47,246.5,--,11,271150,买盘
951,13:30:42,246.5,0.42,3,73950,买盘
952,13:30:37,246.08,-0.42,3,73824,卖盘
953,13:30:32,246.5,0.42,2,49300,卖盘
954,13:30:27,246.08,0.06,12,295296,买盘
955,13:30:22,246.02,-0.03,2,49204,卖盘
956,13:30:17,246.05,-0.45,17,418285,卖盘
957,13:30:12,246.5,--,1,24650,买盘
958,13:30:07,246.5,0.03,9,221850,买盘
959,13:30:02,246.47,--,0,0,买盘
960,13:29:57,246.47,0.04,6,147882,买盘
961,13:29:52,246.43,--,2,49286,卖盘
962,13:29:47,246.43,--,4,98572,卖盘
963,13:29:42,246.43,0.42,2,49286,买盘
964,13:29:36,246.01,-0.39,4,98404,卖盘
965,13:29:32,246.4,0.39,13,320320,买盘
966,13:29:27,246.01,--,5,123005,买盘
967,13:29:22,246.01,-0.18,20,492020,卖盘
968,13:29:17,246.19,0.18,5,123095,卖盘
969,13:29:12,246.01,--,0,0,卖盘
970,13:29:06,246.01,-0.29,3,73803,卖盘
971,13:29:02,246.3,0.11,4,98520,买盘
972,13:28:57,246.19,0.01,21,516999,买盘
973,13:28:47,246.18,--,4,98472,买盘
974,13:28:42,246.18,0.08,16,393888,买盘
975,13:28:37,246.1,--,9,221490,买盘
976,13:28:32,246.1,--,1,24610,买盘
977,13:28:27,246.1,-0.08,6,147660,卖盘
978,13:28:17,246.18,0.08,5,123090,买盘
979,13:28:12,246.1,0.05,9,221490,买盘
980,13:28:06,246.05,0.05,4,98420,中性盘
981,13:28:02,246.0,-0.05,17,418200,卖盘
982,13:27:57,246.05,0.05,4,98420,卖盘
983,13:27:52,246.0,--,25,615000,卖盘
984,13:27:47,246.0,-0.1,4,98400,卖盘
985,13:27:42,246.1,0.1,1,24610,买盘
986,13:27:36,246.0,--,14,344400,卖盘
987,13:27:32,246.0,-0.16,21,516600,卖盘
988,13:27:27,246.16,--,9,221544,买盘
989,13:27:22,246.16,0.16,30,738480,中性盘
990,13:27:16,246.0,-0.17,3,73800,卖盘
991,13:27:12,246.17,0.17,7,172319,买盘
992,13:27:07,246.0,-0.1,6,147600,卖盘
993,13:27:02,246.1,0.05,1,24610,买盘
994,13:26:56,246.05,--,13,319865,买盘
995,13:26:52,246.05,0.05,7,172235,买盘
996,13:26:46,246.0,-0.05,3,73800,卖盘
997,13:26:41,246.05,--,5,123025,买盘
998,13:26:37,246.05,-0.05,22,541310,卖盘
999,13:26:32,246.1,0.05,5,123050,买盘
1000,13:26:26,246.05,0.05,3,73815,中性盘
1001,13:26:22,246.0,-0.1,30,738000,卖盘
1002,13:26:16,246.1,-0.01,4,98440,中性盘
1003,13:26:07,246.11,0.31,4,98444,买盘
1004,13:26:01,245.8,--,0,0,卖盘
1005,13:25:57,245.8,--,4,98320,卖盘
1006,13:25:52,245.8,-0.2,12,294960,中性盘
1007,13:25:46,246.0,--,7,172200,买盘
1008,13:25:41,246.0,--,12,295200,卖盘
1009,13:25:35,246.0,-0.12,6,147600,卖盘
1010,13:25:26,246.12,0.01,9,221508,买盘
1011,13:25:21,246.11,0.11,8,196888,买盘
1012,13:25:17,246.0,-0.1,4,98400,卖盘
1013,13:25:11,246.1,--,1,24610,买盘
1014,13:25:05,246.1,0.4,14,344540,买盘
1015,13:24:56,245.7,-0.3,3,73710,卖盘
1016,13:24:50,246.0,--,10,246000,买盘
1017,13:24:46,246.0,--,22,541200,卖盘
1018,13:24:41,246.0,-0.09,5,123000,卖盘
1019,13:24:36,246.09,0.01,4,98436,买盘
1020,13:24:30,246.08,--,1,24608,卖盘
1021,13:24:26,246.08,--,3,73824,卖盘
1022,13:24:21,246.08,0.08,15,369120,买盘
1023,13:24:16,246.0,0.36,3,73800,中性盘
1024,13:24:11,245.64,--,0,0,卖盘
1025,13:24:06,245.64,-0.36,15,368460,卖盘
1026,13:24:01,246.0,0.37,2,49200,买盘
1027,13:23:56,245.63,-0.37,13,319319,卖盘
1028,13:23:51,246.0,--,23,565800,卖盘
1029,13:23:46,246.0,--,3,73800,卖盘
1030,13:23:41,246.0,--,5,123000,卖盘
1031,13:23:36,246.0,-0.09,4,98400,卖盘
1032,13:23:30,246.09,--,1,24609,买盘
1033,13:23:26,246.09,0.09,25,615225,买盘
1034,13:23:21,246.0,--,12,295200,卖盘
1035,13:23:16,246.0,-0.06,3,73800,卖盘
1036,13:23:06,246.06,-0.03,4,98424,中性盘
1037,13:23:01,246.09,--,0,0,买盘
1038,13:22:55,246.09,0.09,26,639834,中性盘
1039,13:22:46,246.0,-0.06,5,123000,卖盘
1040,13:22:41,246.06,0.06,7,172242,买盘
1041,13:22:36,246.0,0.39,11,270600,卖盘
1042,13:22:26,245.61,--,4,98244,卖盘
1043,13:22:21,245.61,--,0,0,卖盘
1044,13:22:16,245.61,-0.48,6,147366,卖盘
1045,13:22:05,246.09,--,4,98436,买盘
1046,13:22:01,246.09,--,2,49218,卖盘
1047,13:21:56,246.09,-0.01,3,73827,卖盘
1048,13:21:50,246.1,0.04,7,172270,买盘
1049,13:21:46,246.06,0.48,6,147636,买盘
1050,13:21:41,245.58,--,0,0,卖盘
1051,13:21:35,245.58,-0.48,3,73674,卖盘
1052,13:21:31,246.06,0.48,2,49212,买盘
1053,13:21:26,245.58,-0.48,3,73674,卖盘
1054,13:21:20,246.06,0.49,1,24606,买盘
1055,13:21:16,245.57,-0.49,3,73671,卖盘
1056,13:21:06,246.06,--,23,565938,卖盘
1057,13:21:01,246.06,0.03,1,24606,卖盘
1058,13:20:56,246.03,0.03,11,270633,买盘
1059,13:20:51,246.0,--,1,24600,买盘
1060,13:20:46,246.0,0.44,4,98400,买盘
1061,13:20:41,245.56,0.01,3,73668,中性盘
1062,13:20:36,245.55,-0.45,3,73665,卖盘
1063,13:20:31,246.0,0.46,20,492000,买盘
1064,13:20:26,245.54,-0.01,4,98216,卖盘
1065,13:20:21,245.55,--,1,24555,卖盘
1066,13:20:16,245.55,-0.45,10,245550,卖盘
1067,13:20:11,246.0,--,6,147600,卖盘
1068,13:20:05,246.0,--,18,442800,卖盘
1069,13:20:01,246.0,0.46,1,24600,中性盘
1070,13:19:56,245.54,-0.58,4,98216,卖盘
1071,13:19:50,246.12,0.59,128,3150336,买盘
1072,13:19:46,245.53,-0.43,10,245530,中性盘
1073,13:19:41,245.96,0.44,1,24596,买盘
1074,13:19:35,245.52,--,7,172109,买盘
1075,13:19:31,245.52,0.01,13,319176,买盘
1076,13:19:25,245.51,--,3,73653,卖盘
1077,13:19:16,245.51,-0.46,10,245510,卖盘
1078,13:19:05,245.97,0.01,4,98388,买盘
1079,13:19:01,245.96,0.45,1,24596,中性盘
1080,13:18:54,245.51,--,3,73653,卖盘
1081,13:18:45,245.51,0.01,5,122755,卖盘
1082,13:18:35,245.5,--,4,98200,卖盘
1083,13:18:30,245.5,0.1,4,98200,买盘
1084,13:18:25,245.4,-0.1,3,73620,卖盘
1085,13:18:20,245.5,--,20,491000,卖盘
1086,13:18:15,245.5,-0.45,3,73650,卖盘
1087,13:18:11,245.95,--,0,0,中性盘
1088,13:18:05,245.95,-0.01,8,196760,中性盘
1089,13:18:00,245.96,0.56,1,24596,中性盘
1090,13:17:55,245.4,--,3,73620,卖盘
1091,13:17:50,245.4,--,0,0,卖盘
1092,13:17:45,245.4,--,4,98160,卖盘
1093,13:17:40,245.4,--,0,0,卖盘
1094,13:17:35,245.4,-0.59,3,73620,卖盘
1095,13:17:30,245.99,0.6,13,319787,买盘
1096,13:17:25,245.39,-0.01,13,319007,卖盘
1097,13:17:14,245.4,--,3,73620,卖盘
1098,13:17:09,245.4,--,7,171780,卖盘
1099,13:17:05,245.4,0.01,8,196320,卖盘
1100,13:16:59,245.39,--,0,0,卖盘
1101,13:16:55,245.39,-0.51,5,122695,卖盘
1102,13:16:50,245.9,--,1,24590,中性盘
1103,13:16:45,245.9,0.52,5,122950,中性盘
1104,13:16:40,245.38,-0.61,35,858830,卖盘
1105,13:16:35,245.99,0.6,26,639574,买盘
1106,13:16:30,245.39,0.01,2,49078,中性盘
1107,13:16:25,245.38,-0.6,5,122690,卖盘
1108,13:16:20,245.98,0.6,4,98392,买盘
1109,13:16:15,245.38,-0.02,4,98152,卖盘
1110,13:16:10,245.4,--,0,0,卖盘
1111,13:16:05,245.4,-0.58,3,73620,卖盘
1112,13:16:00,245.98,0.6,1,24598,中性盘
1113,13:15:54,245.38,-0.6,3,73614,卖盘
1114,13:15:49,245.98,0.6,1,24598,买盘
1115,13:15:45,245.38,--,21,515298,买盘
1116,13:15:35,245.38,-0.61,13,318994,卖盘
1117,13:15:30,245.99,0.01,1,24599,买盘
1118,13:15:25,245.98,--,3,73794,卖盘
1119,13:15:20,245.98,--,0,0,中性盘
1120,13:15:14,245.98,0.6,4,98392,买盘
1121,13:15:10,245.38,--,3,73614,卖盘
1122,13:15:05,245.38,--,4,98152,卖盘
1123,13:15:00,245.38,0.01,3,73614,买盘
1124,13:14:55,245.37,-0.01,9,220833,中性盘
1125,13:14:44,245.38,0.01,17,417146,买盘
1126,13:14:40,245.37,--,0,0,卖盘
1127,13:14:35,245.37,-0.09,4,98148,卖盘
1128,13:14:24,245.46,0.08,4,98184,卖盘
1129,13:14:19,245.38,--,0,0,卖盘
1130,13:14:15,245.38,-0.06,4,98152,卖盘
1131,13:14:09,245.44,--,3,73632,买盘
1132,13:14:05,245.44,--,6,147264,买盘
1133,13:13:59,245.44,0.07,1,24544,买盘
1134,13:13:55,245.37,0.01,4,98148,卖盘
1135,13:13:49,245.36,--,0,0,卖盘
1136,13:13:45,245.36,-0.08,5,122680,卖盘
1137,13:13:40,245.44,-0.55,1,24544,卖盘
1138,13:13:35,245.99,0.63,8,196792,买盘
1139,13:13:30,245.36,0.03,6,147216,买盘
1140,13:13:24,245.33,-0.02,3,73599,卖盘
1141,13:13:20,245.35,--,2,49070,买盘
1142,13:13:15,245.35,-0.02,10,245350,卖盘
1143,13:13:10,245.37,0.01,4,98148,中性盘
1144,13:13:05,245.36,--,0,0,卖盘
1145,13:13:00,245.36,-0.04,2,49072,卖盘
1146,13:12:55,245.4,-0.75,8,196320,卖盘
1147,13:12:50,246.15,0.75,3,73845,买盘
1148,13:12:45,245.4,-0.1,4,98160,卖盘
1149,13:12:40,245.5,-0.65,10,245500,卖盘
1150,13:12:35,246.15,--,0,0,买盘
1151,13:12:29,246.15,0.65,5,123075,买盘
1152,13:12:25,245.5,0.15,3,73650,中性盘
1153,13:12:14,245.35,-0.09,4,98140,卖盘
1154,13:12:10,245.44,--,9,220896,卖盘
1155,13:11:59,245.44,0.09,17,417248,买盘
1156,13:11:54,245.35,-0.05,10,245350,卖盘
1157,13:11:44,245.4,0.05,5,122700,买盘
1158,13:11:40,245.35,-0.11,3,73605,卖盘
1159,13:11:29,245.46,0.06,13,319098,买盘
1160,13:11:24,245.4,--,6,147240,卖盘
1161,13:11:14,245.4,-0.06,5,122700,卖盘
1162,13:11:09,245.46,--,6,147276,买盘
1163,13:11:04,245.46,--,0,0,买盘
1164,13:10:59,245.46,0.04,5,122730,中性盘
1165,13:10:54,245.42,-0.01,6,147252,卖盘
1166,13:10:44,245.43,-0.07,10,245430,卖盘
1167,13:10:39,245.5,--,11,270050,买盘
1168,13:10:34,245.5,0.01,1,24550,买盘
1169,13:10:29,245.49,--,0,0,中性盘
1170,13:10:23,245.49,0.08,3,73647,中性盘
1171,13:10:14,245.41,--,11,269951,买盘
1172,13:10:09,245.41,--,10,245410,买盘
1173,13:10:04,245.41,-0.09,8,196328,卖盘
1174,13:09:59,245.5,--,3,73650,买盘
1175,13:09:54,245.5,0.1,4,98200,买盘
1176,13:09:44,245.4,-0.09,7,171780,卖盘
1177,13:09:39,245.49,-0.01,12,294588,买盘
1178,13:09:34,245.5,--,0,0,买盘
1179,13:09:29,245.5,0.09,2,49100,买盘
1180,13:09:23,245.41,-0.09,8,196328,卖盘
1181,13:09:19,245.5,-0.03,10,245500,卖盘
1182,13:09:14,245.53,0.01,3,73659,卖盘
1183,13:09:08,245.52,0.02,8,196416,卖盘
1184,13:08:59,245.5,--,0,0,卖盘
1185,13:08:54,245.5,-0.85,3,73650,卖盘
1186,13:08:49,246.35,0.9,1,24635,买盘
1187,13:08:44,245.45,-0.05,3,73635,中性盘
1188,13:08:39,245.5,0.1,8,196400,买盘
1189,13:08:34,245.4,--,1,24540,卖盘
1190,13:08:29,245.4,0.05,21,515340,买盘
1191,13:08:23,245.35,0.03,8,196280,买盘
1192,13:08:14,245.32,-0.03,5,122660,卖盘
1193,13:08:09,245.35,-0.01,8,196280,卖盘
1194,13:08:04,245.36,--,0,0,买盘
1195,13:07:54,245.36,0.04,5,122680,买盘
1196,13:07:49,245.32,--,0,0,卖盘
1197,13:07:44,245.32,-0.01,7,171724,卖盘
1198,13:07:38,245.33,-0.03,6,147198,卖盘
1199,13:07:33,245.36,--,2,49072,买盘
1200,13:07:28,245.36,0.02,2,49072,买盘
1201,13:07:24,245.34,-0.02,4,98136,卖盘
1202,13:07:19,245.36,--,8,196288,卖盘
1203,13:07:14,245.36,-0.02,6,147216,卖盘
1204,13:07:08,245.38,--,15,368070,中性盘
1205,13:07:04,245.38,--,0,0,卖盘
1206,13:06:59,245.38,--,3,73614,卖盘
1207,13:06:53,245.38,-0.02,3,73614,卖盘
1208,13:06:44,245.4,--,4,98160,买盘
1209,13:06:38,245.4,-0.02,4,98160,卖盘
1210,13:06:34,245.42,0.01,1,24542,买盘
1211,13:06:28,245.41,--,1,24541,买盘
1212,13:06:23,245.41,-0.01,12,294492,卖盘
1213,13:06:14,245.42,-0.03,8,196336,卖盘
1214,13:06:09,245.45,-0.05,6,147270,卖盘
1215,13:06:03,245.5,--,3,73650,买盘
1216,13:05:54,245.5,-0.02,58,1423900,卖盘
1217,13:05:48,245.52,0.01,16,392832,买盘
1218,13:05:39,245.51,-0.01,59,1448509,买盘
1219,13:05:34,245.52,0.01,2,49104,买盘
1220,13:05:29,245.51,-0.1,3,73653,买盘
1221,13:05:24,245.61,0.06,64,1571904,买盘
1222,13:05:18,245.55,0.04,4,98220,买盘
1223,13:05:08,245.51,-0.05,3,73653,卖盘
1224,13:05:04,245.56,--,8,196448,买盘
1225,13:04:58,245.56,--,1,24556,买盘
1226,13:04:53,245.56,-0.05,16,392896,卖盘
1227,13:04:48,245.61,--,3,73683,买盘
1228,13:04:43,245.61,-0.06,28,687708,卖盘
1229,13:04:38,245.67,--,7,171969,买盘
1230,13:04:34,245.67,-0.03,4,98268,卖盘
1231,13:04:23,245.7,--,4,98280,买盘
1232,13:04:18,245.7,-0.15,5,122850,卖盘
1233,13:04:08,245.85,-0.06,4,98340,中性盘
1234,13:04:04,245.91,0.01,15,368865,买盘
1235,13:03:58,245.9,0.05,1,24590,买盘
1236,13:03:53,245.85,-0.1,5,122925,卖盘
1237,13:03:48,245.95,--,0,0,买盘
1238,13:03:38,245.95,-0.52,9,221355,卖盘
1239,13:03:32,246.47,--,0,0,中性盘
1240,13:03:28,246.47,0.57,1,24647,买盘
1241,13:03:23,245.9,--,3,73770,卖盘
1242,13:03:17,245.9,-0.6,3,73770,卖盘
1243,13:03:08,246.5,--,14,345100,买盘
1244,13:03:03,246.5,-0.08,1,24650,买盘
1245,13:02:58,246.58,--,0,0,买盘
1246,13:02:53,246.58,0.85,20,493160,买盘
1247,13:02:48,245.73,--,15,368595,卖盘
1248,13:02:43,245.73,--,0,0,卖盘
1249,13:02:38,245.73,-0.07,5,122865,卖盘
1250,13:02:33,245.8,--,1,24580,卖盘
1251,13:02:28,245.8,--,0,0,卖盘
1252,13:02:23,245.8,0.09,4,98320,中性盘
1253,13:02:17,245.71,-0.87,3,73713,卖盘
1254,13:02:12,246.58,--,0,0,中性盘
1255,13:02:08,246.58,0.88,4,98632,买盘
1256,13:02:02,245.7,0.03,26,638820,买盘
1257,13:01:53,245.67,--,13,319371,卖盘
1258,13:01:48,245.67,-0.33,4,98268,卖盘
1259,13:01:38,246.0,0.29,6,147600,买盘
1260,13:01:32,245.71,--,1,24571,卖盘
1261,13:01:23,245.71,--,10,245710,卖盘
1262,13:01:18,245.71,--,4,98284,卖盘
1263,13:01:08,245.71,-0.25,3,73713,卖盘
1264,13:01:03,245.96,-0.04,2,49192,中性盘
1265,13:00:58,246.0,0.28,1,24600,买盘
1266,13:00:53,245.72,-0.56,3,73716,卖盘
1267,13:00:48,246.28,--,4,98512,买盘
1268,13:00:43,246.28,--,2,49256,买盘
1269,13:00:38,246.28,0.28,6,147768,买盘
1270,13:00:32,246.0,--,7,172200,卖盘
1271,13:00:22,246.0,-0.28,3,73800,卖盘
1272,13:00:18,246.28,--,5,123140,买盘
1273,13:00:12,246.28,--,4,98512,买盘
1274,13:00:07,246.28,--,23,566444,买盘
1275,13:00:03,246.28,--,46,1132888,卖盘
1276,11:30:00,246.28,--,0,0,卖盘
1277,11:29:59,246.28,--,0,0,卖盘
1278,11:29:59,246.28,0.28,38,935864,买盘
1279,11:29:48,246.0,--,3,73800,卖盘
1280,11:29:39,246.0,--,3,73800,卖盘
1281,11:29:33,246.0,--,0,0,中性盘
1282,11:29:29,246.0,--,6,147600,卖盘
1283,11:29:24,246.0,--,0,0,卖盘
1284,11:29:20,246.0,--,3,73800,卖盘
1285,11:29:09,246.0,0.39,3,73800,中性盘
1286,11:29:03,245.61,-0.57,21,515781,卖盘
1287,11:28:59,246.18,0.58,8,196944,买盘
1288,11:28:54,245.6,-0.4,4,98240,卖盘
1289,11:28:48,246.0,--,1,24600,买盘
1290,11:28:44,246.0,0.3,33,811800,买盘
1291,11:28:39,245.7,-0.3,6,147420,中性盘
1292,11:28:33,246.0,--,6,147600,卖盘
1293,11:28:29,246.0,--,10,246000,买盘
1294,11:28:24,246.0,--,13,319800,买盘
1295,11:28:14,246.0,0.36,6,147600,买盘
1296,11:28:09,245.64,-0.36,15,368460,卖盘
1297,11:27:59,246.0,0.37,26,639600,卖盘
1298,11:27:54,245.63,0.03,3,73689,卖盘
1299,11:27:48,245.6,--,0,0,卖盘
1300,11:27:43,245.6,--,0,0,卖盘
1301,11:27:39,245.6,-0.03,3,73680,卖盘
1302,11:27:33,245.63,0.03,3,73689,买盘
1303,11:27:28,245.6,-0.01,8,196480,卖盘
1304,11:27:24,245.61,-0.39,5,122805,卖盘
1305,11:27:18,246.0,--,1,24600,买盘
1306,11:27:14,246.0,--,13,319800,卖盘
1307,11:27:09,246.0,-0.2,7,172200,卖盘
1308,11:27:03,246.2,0.2,3,73860,买盘
1309,11:26:58,246.0,-0.19,15,369000,卖盘
1310,11:26:54,246.19,0.03,18,443142,买盘
1311,11:26:43,246.16,0.16,3,73848,买盘
1312,11:26:39,246.0,--,3,73800,卖盘
1313,11:26:33,246.0,0.44,15,369000,买盘
1314,11:26:28,245.56,-0.04,8,196448,卖盘
1315,11:26:24,245.6,-0.4,3,73680,卖盘
1316,11:26:18,246.0,-0.03,10,246000,卖盘
1317,11:26:13,246.03,0.03,1,24603,买盘
1318,11:26:08,246.0,0.44,4,98400,买盘
1319,11:25:58,245.56,-0.44,11,270116,卖盘
1320,11:25:53,246.0,--,10,246000,卖盘
1321,11:25:43,246.0,-0.02,5,123000,卖盘
1322,11:25:38,246.02,--,17,418234,卖盘
1323,11:25:29,246.02,-0.01,3,73806,卖盘
1324,11:25:23,246.03,--,13,319839,卖盘
1325,11:25:08,246.03,0.01,3,73809,中性盘
1326,11:24:58,246.02,0.5,17,418234,卖盘
1327,11:24:53,245.52,-0.5,3,73656,卖盘
1328,11:24:48,246.02,0.5,3,73806,买盘
1329,11:24:43,245.52,--,9,220968,买盘
1330,11:24:38,245.52,--,5,122760,买盘
1331,11:24:33,245.52,--,7,171864,买盘
1332,11:24:28,245.52,--,8,196416,卖盘
1333,11:24:23,245.52,-0.53,5,122760,卖盘
1334,11:24:18,246.05,--,0,0,买盘
1335,11:24:13,246.05,0.55,3,73815,买盘
1336,11:24:09,245.5,-0.6,11,270050,卖盘
1337,11:24:03,246.1,0.05,3,73830,买盘
1338,11:23:58,246.05,0.6,6,147630,买盘
1339,11:23:53,245.45,0.03,7,171815,卖盘
1340,11:23:48,245.42,0.01,1,24542,买盘
1341,11:23:42,245.41,--,0,0,卖盘
1342,11:23:38,245.41,--,3,73623,卖盘
1343,11:23:33,245.41,--,24,588984,卖盘
1344,11:23:27,245.41,0.01,6,147246,中性盘
1345,11:23:23,245.4,-0.7,4,98160,中性盘
1346,11:23:18,246.1,0.74,1,24610,中性盘
1347,11:23:13,245.36,--,0,0,卖盘
1348,11:23:08,245.36,0.03,3,73608,卖盘
1349,11:22:59,245.33,-0.07,8,196264,卖盘
1350,11:22:53,245.4,0.03,22,539880,买盘
1351,11:22:43,245.37,--,2,49074,买盘
1352,11:22:38,245.37,0.01,9,220833,卖盘
1353,11:22:29,245.36,-0.04,9,220824,卖盘
1354,11:22:23,245.4,--,13,319020,买盘
1355,11:22:13,245.4,-0.07,29,711660,卖盘
1356,11:22:08,245.47,0.05,4,98188,中性盘
1357,11:22:03,245.42,-0.04,19,466298,卖盘
1358,11:21:57,245.46,--,2,49092,买盘
1359,11:21:53,245.46,-0.04,1,24546,卖盘
1360,11:21:48,245.5,-0.74,24,589200,卖盘
1361,11:21:42,246.24,0.72,5,123120,买盘
1362,11:21:38,245.52,0.02,3,73656,中性盘
1363,11:21:33,245.5,-0.5,3,73650,卖盘
1364,11:21:27,246.0,--,1,24600,买盘
1365,11:21:23,246.0,0.5,7,172200,买盘
1366,11:21:18,245.5,--,0,0,卖盘
1367,11:21:08,245.5,--,6,147300,卖盘
1368,11:21:03,245.5,0.04,3,73650,中性盘
1369,11:20:57,245.46,--,5,122730,买盘
1370,11:20:53,245.46,--,15,368190,买盘
1371,11:20:48,245.46,-0.04,5,122730,卖盘
1372,11:20:42,245.5,--,0,0,中性盘
1373,11:20:38,245.5,--,5,122750,卖盘
1374,11:20:33,245.5,-0.22,4,98200,卖盘
1375,11:20:23,245.72,0.22,4,98288,卖盘
1376,11:20:18,245.5,--,0,0,卖盘
1377,11:20:08,245.5,-0.2,4,98200,卖盘
1378,11:20:03,245.7,0.1,4,98280,买盘
1379,11:19:57,245.6,--,0,0,中性盘
1380,11:19:53,245.6,-0.8,25,614000,卖盘
1381,11:19:48,246.4,0.79,4,98560,买盘
1382,11:19:42,245.61,-0.08,1,24561,买盘
1383,11:19:38,245.69,0.08,2,49138,中性盘
1384,11:19:33,245.61,-0.85,16,392976,卖盘
1385,11:19:27,246.46,0.74,1,24646,买盘
1386,11:19:22,245.72,--,4,98288,卖盘
1387,11:19:07,245.72,0.06,7,172004,买盘
1388,11:19:03,245.66,-0.03,37,908942,卖盘
1389,11:18:57,245.69,0.01,1,24569,买盘
1390,11:18:52,245.68,-0.01,4,98272,卖盘
1391,11:18:48,245.69,0.01,1,24569,中性盘
1392,11:18:42,245.68,--,0,0,卖盘
1393,11:18:37,245.68,-0.89,6,147408,卖盘
1394,11:18:33,246.57,0.92,4,98628,买盘
1395,11:18:27,245.65,--,0,0,卖盘
1396,11:18:22,245.65,-0.35,5,122825,卖盘
1397,11:18:17,246.0,--,0,0,中性盘
1398,11:18:07,246.0,-0.67,29,713400,卖盘
1399,11:18:02,246.67,--,29,715343,卖盘
1400,11:17:57,246.67,--,7,172669,买盘
1401,11:17:52,246.67,1.09,26,641342,买盘
1402,11:17:47,245.58,--,0,0,卖盘
1403,11:17:42,245.58,--,0,0,卖盘
1404,11:17:37,245.58,--,3,73674,卖盘
1405,11:17:32,245.58,0.06,10,245580,买盘
1406,11:17:27,245.52,--,1,24552,买盘
1407,11:17:22,245.52,-0.06,4,98208,卖盘
1408,11:17:17,245.58,--,0,0,买盘
1409,11:17:12,245.58,0.06,5,122790,买盘
1410,11:17:07,245.52,-1.13,13,319176,卖盘
1411,11:17:02,246.65,0.97,11,271315,买盘
1412,11:16:57,245.68,0.1,1,24568,买盘
1413,11:16:52,245.58,-0.1,5,122790,卖盘
1414,11:16:47,245.68,0.08,9,221112,买盘
1415,11:16:37,245.6,-0.01,3,73680,卖盘
1416,11:16:32,245.61,--,7,171927,买盘
1417,11:16:21,245.61,--,3,73683,卖盘
1418,11:16:17,245.61,--,0,0,卖盘
1419,11:16:07,245.61,-0.03,7,171927,卖盘
1420,11:16:02,245.64,-0.36,5,122820,卖盘
1421,11:15:52,246.0,--,13,319800,买盘
1422,11:15:37,246.0,-0.03,11,270600,卖盘
1423,11:15:32,246.03,-0.74,3,73809,卖盘
1424,11:15:27,246.77,0.54,4,98708,买盘
1425,11:15:22,246.23,0.13,6,147738,买盘
1426,11:15:17,246.1,-0.01,20,492200,卖盘
1427,11:15:12,246.11,--,1,24611,买盘
1428,11:15:07,246.11,-0.09,5,123055,卖盘
1429,11:15:02,246.2,-0.06,14,344680,卖盘
1430,11:14:52,246.26,--,4,98504,买盘
1431,11:14:47,246.26,--,4,98504,买盘
1432,11:14:42,246.26,--,4,98504,买盘
1433,11:14:36,246.26,--,2,49252,买盘
1434,11:14:32,246.26,--,5,123130,买盘
1435,11:14:27,246.26,--,3,73878,中性盘
1436,11:14:21,246.26,--,4,98504,卖盘
1437,11:14:17,246.26,0.01,2,49252,卖盘
1438,11:14:12,246.25,-0.01,6,147750,卖盘
1439,11:14:06,246.26,--,3,73878,买盘
1440,11:14:02,246.26,--,1,24626,买盘
1441,11:13:57,246.26,--,9,221634,买盘
1442,11:13:51,246.26,-0.02,3,73878,卖盘
1443,11:13:42,246.28,-0.02,3,73884,卖盘
1444,11:13:32,246.3,-0.5,9,221670,卖盘
1445,11:13:27,246.8,0.5,1,24680,中性盘
1446,11:13:21,246.3,0.02,4,98520,卖盘
1447,11:13:12,246.28,-0.02,3,73884,卖盘
1448,11:13:02,246.3,0.02,20,492600,中性盘
1449,11:12:51,246.28,-0.25,9,221652,卖盘
1450,11:12:47,246.53,--,1,24653,买盘
1451,11:12:42,246.53,--,7,172571,买盘
1452,11:12:32,246.53,-0.02,11,271183,卖盘
1453,11:12:27,246.55,--,4,98620,买盘
1454,11:12:21,246.55,--,4,98620,卖盘
1455,11:12:12,246.55,-0.25,3,73965,卖盘
1456,11:12:06,246.8,--,5,123400,买盘
1457,11:12:02,246.8,--,6,148080,买盘
1458,11:11:57,246.8,0.25,15,370200,买盘
1459,11:11:51,246.55,-0.05,12,295860,卖盘
1460,11:11:47,246.6,0.05,5,123300,买盘
1461,11:11:42,246.55,-0.05,11,271205,卖盘
1462,11:11:32,246.6,-0.2,4,98640,卖盘
1463,11:11:26,246.8,0.2,5,123400,买盘
1464,11:11:21,246.6,-0.15,3,73980,卖盘
1465,11:11:16,246.75,--,0,0,中性盘
1466,11:11:12,246.75,0.2,4,98700,卖盘
1467,11:11:00,246.55,-0.03,28,690340,卖盘
1468,11:10:57,246.58,0.03,9,221922,买盘
1469,11:10:51,246.55,-0.03,7,172585,卖盘
1470,11:10:46,246.58,0.03,1,24658,中性盘
1471,11:10:41,246.55,-0.14,3,73965,卖盘
1472,11:10:32,246.69,--,7,172683,买盘
1473,11:10:27,246.69,0.14,2,49338,买盘
1474,11:10:21,246.55,-0.15,3,73965,卖盘
1475,11:10:16,246.7,0.01,1,24670,中性盘
1476,11:10:12,246.69,-0.01,3,74007,卖盘
1477,11:10:06,246.7,0.01,2,49340,中性盘
1478,11:10:01,246.69,-0.04,14,345366,卖盘
1479,11:09:56,246.73,0.19,92,2291628,买盘
1480,11:09:51,246.54,-0.01,3,73962,卖盘
1481,11:09:46,246.55,0.01,7,172585,卖盘
1482,11:09:41,246.54,0.01,4,98616,卖盘
1483,11:09:31,246.53,--,5,123265,卖盘
1484,11:09:21,246.53,--,5,123265,卖盘
1485,11:09:11,246.53,-0.15,3,73959,卖盘
1486,11:09:06,246.68,0.15,4,98672,买盘
1487,11:09:00,246.53,0.01,3,73959,卖盘
1488,11:08:56,246.52,--,21,517692,卖盘
1489,11:08:51,246.52,-0.16,6,147912,卖盘
1490,11:08:46,246.68,0.28,1,24668,买盘
1491,11:08:41,246.4,--,3,73920,卖盘
1492,11:08:31,246.4,--,5,123200,买盘
1493,11:08:26,246.4,0.07,1,24640,买盘
1494,11:08:21,246.33,-0.07,4,98532,卖盘
1495,11:08:11,246.4,--,21,517440,卖盘
1496,11:08:01,246.4,-0.26,21,517440,卖盘
1497,11:07:51,246.66,--,5,123330,卖盘
1498,11:07:46,246.66,--,2,49332,卖盘
1499,11:07:41,246.66,-0.01,5,123330,卖盘
1500,11:07:36,246.67,--,2,49334,买盘
1501,11:07:31,246.67,--,7,172669,买盘
1502,11:07:26,246.67,0.01,5,123335,买盘
1503,11:07:21,246.66,--,3,73998,卖盘
1504,11:07:16,246.66,-0.01,5,123330,卖盘
1505,11:07:11,246.67,--,2,49334,买盘
1506,11:07:06,246.67,-0.01,11,271337,卖盘
1507,11:07:00,246.68,-0.02,5,123340,卖盘
1508,11:06:56,246.7,0.01,17,419390,买盘
1509,11:06:51,246.69,0.01,10,246690,买盘
1510,11:06:41,246.68,--,5,123340,卖盘
1511,11:06:36,246.68,0.02,34,838712,买盘
1512,11:06:30,246.66,0.34,3,73998,卖盘
1513,11:06:26,246.32,--,0,0,卖盘
1514,11:06:21,246.32,-0.36,8,197056,卖盘
1515,11:06:15,246.68,--,0,0,买盘
1516,11:06:11,246.68,--,4,98672,买盘
1517,11:06:06,246.68,0.01,1,24668,买盘
1518,11:06:00,246.67,0.37,14,345338,买盘
1519,11:05:56,246.3,-0.01,15,369450,卖盘
1520,11:05:51,246.31,--,7,172417,卖盘
1521,11:05:45,246.31,--,3,73893,卖盘
1522,11:05:41,246.31,-0.36,3,73893,卖盘
1523,11:05:36,246.67,0.37,4,98668,买盘
1524,11:05:30,246.3,-0.37,4,98520,卖盘
1525,11:05:26,246.67,--,4,98668,买盘
1526,11:05:21,246.67,--,16,394672,买盘
1527,11:05:15,246.67,--,4,98668,卖盘
1528,11:05:11,246.67,--,3,74001,卖盘
1529,11:05:06,246.67,0.37,15,370005,买盘
1530,11:05:00,246.3,-0.38,3,73890,中性盘
1531,11:04:56,246.68,0.43,17,419356,买盘
1532,11:04:51,246.25,0.04,6,147750,中性盘
1533,11:04:41,246.21,-0.46,5,123105,卖盘
1534,11:04:36,246.67,0.44,23,567341,买盘
1535,11:04:30,246.23,-0.44,7,172361,卖盘
1536,11:04:26,246.67,0.44,3,74001,买盘
1537,11:04:21,246.23,-0.44,22,541706,卖盘
1538,11:04:11,246.67,--,5,123335,卖盘
1539,11:04:06,246.67,--,1,24667,卖盘
1540,11:04:00,246.67,0.45,14,345338,买盘
1541,11:03:51,246.22,--,6,147732,买盘
1542,11:03:45,246.22,--,1,24622,买盘
1543,11:03:41,246.22,--,4,98488,买盘
1544,11:03:36,246.22,0.02,3,73866,买盘
1545,11:03:30,246.2,-0.02,3,73860,卖盘
1546,11:03:26,246.22,-0.48,15,369330,卖盘
1547,11:03:20,246.7,0.02,23,567410,买盘
1548,11:03:11,246.68,-0.01,5,123340,卖盘
1549,11:03:06,246.69,0.49,12,296028,买盘
1550,11:03:00,246.2,-0.5,4,98480,卖盘
1551,11:02:55,246.7,0.5,13,320710,买盘
1552,11:02:51,246.2,--,14,344680,卖盘
1553,11:02:40,246.2,--,3,73860,卖盘
1554,11:02:30,246.2,-0.5,16,393920,卖盘
1555,11:02:25,246.7,0.01,1,24670,买盘
1556,11:02:21,246.69,--,8,197352,卖盘
1557,11:02:10,246.69,-0.01,5,123345,卖盘
1558,11:02:06,246.7,0.01,1,24670,买盘
1559,11:02:00,246.69,0.01,8,197352,买盘
1560,11:01:50,246.68,--,11,271348,买盘
1561,11:01:39,246.68,0.02,12,296016,买盘
1562,11:01:35,246.66,--,30,739980,卖盘
1563,11:01:30,246.66,--,6,147996,卖盘
1564,11:01:20,246.66,--,30,739980,卖盘
1565,11:01:10,246.66,--,3,73998,卖盘
1566,11:01:00,246.66,0.55,25,616650,买盘
1567,11:00:50,246.11,-0.02,6,147666,卖盘
1568,11:00:45,246.13,0.01,2,49226,买盘
1569,11:00:40,246.12,-0.01,3,73836,卖盘
1570,11:00:35,246.13,--,10,246130,卖盘
1571,11:00:30,246.13,-0.01,3,73839,卖盘
1572,11:00:20,246.14,0.01,5,123070,中性盘
1573,11:00:15,246.13,-0.07,6,147678,卖盘
1574,11:00:10,246.2,--,7,172340,买盘
1575,11:00:05,246.2,0.06,3,73860,买盘
1576,11:00:00,246.14,0.02,18,443052,卖盘
1577,10:59:50,246.12,-0.06,14,344568,卖盘
1578,10:59:39,246.18,-0.5,28,689304,卖盘
1579,10:59:35,246.68,0.48,2,49336,买盘
1580,10:59:30,246.2,--,5,123100,卖盘
1581,10:59:20,246.2,-0.48,7,172340,卖盘
1582,10:59:15,246.68,0.56,1,24668,买盘
1583,10:59:09,246.12,--,3,73836,卖盘
1584,10:59:05,246.12,--,0,0,卖盘
1585,10:58:59,246.12,-0.58,5,123060,卖盘
1586,10:58:54,246.7,0.02,22,542740,买盘
1587,10:58:50,246.68,--,19,490646,卖盘
1588,10:58:45,246.68,--,1,27381,卖盘
1589,10:58:39,246.68,--,4,98672,卖盘
1590,10:58:35,246.68,0.5,2,49336,买盘
1591,10:58:30,246.18,0.07,3,73854,中性盘
1592,10:58:20,246.11,--,17,418387,卖盘
1593,10:58:09,246.11,-0.01,4,98444,卖盘
1594,10:58:05,246.12,--,3,73836,买盘
1595,10:58:00,246.12,-0.56,17,418404,卖盘
1596,10:57:53,246.68,--,1,24668,中性盘
1597,10:57:50,246.68,--,10,246680,卖盘
1598,10:57:39,246.68,-0.05,20,493360,卖盘
1599,10:57:35,246.73,0.05,6,148038,买盘
1600,10:57:30,246.68,--,3,74004,卖盘
1601,10:57:19,246.68,--,8,197344,卖盘
1602,10:57:09,246.68,0.6,8,197344,买盘
1603,10:57:05,246.08,--,19,467552,买盘
1604,10:57:00,246.08,-0.6,5,123040,卖盘
1605,10:56:54,246.68,0.28,21,518028,买盘
1606,10:56:49,246.4,-0.2,5,123200,卖盘
1607,10:56:44,246.6,--,1,24660,卖盘
1608,10:56:39,246.6,--,8,197280,卖盘
1609,10:56:35,246.6,--,5,123300,卖盘
1610,10:56:29,246.6,-0.05,5,123300,卖盘
1611,10:56:24,246.65,0.05,1,24665,中性盘
1612,10:56:20,246.6,--,3,73980,卖盘
1613,10:56:15,246.6,0.15,4,98640,中性盘
1614,10:56:09,246.45,--,3,73935,卖盘
1615,10:56:05,246.45,-0.15,21,517545,卖盘
1616,10:55:59,246.6,0.15,17,419220,买盘
1617,10:55:54,246.45,--,1,24645,卖盘
1618,10:55:49,246.45,-0.14,24,591480,卖盘
1619,10:55:44,246.59,0.14,2,49318,买盘
1620,10:55:39,246.45,-0.03,4,98580,卖盘
1621,10:55:35,246.48,0.03,4,98592,买盘
1622,10:55:29,246.45,-0.02,4,98580,卖盘
1623,10:55:24,246.47,-0.01,12,295764,中性盘
1624,10:55:19,246.48,0.03,30,739440,买盘
1625,10:55:09,246.45,-0.03,13,320385,卖盘
1626,10:55:04,246.48,--,4,98592,卖盘
1627,10:55:00,246.48,0.03,12,295776,买盘
1628,10:54:49,246.45,-0.01,53,1306185,卖盘
1629,10:54:44,246.46,--,7,172522,卖盘
1630,10:54:39,246.46,-0.02,3,73938,卖盘
1631,10:54:34,246.48,0.02,9,221832,买盘
1632,10:54:29,246.46,-0.02,18,443628,卖盘
1633,10:54:19,246.48,--,10,246480,买盘
1634,10:54:15,246.48,--,3,73944,卖盘
1635,10:54:09,246.48,-0.01,4,98592,卖盘
1636,10:54:04,246.49,0.01,1,24649,买盘
1637,10:53:59,246.48,0.03,22,542256,买盘
1638,10:53:49,246.45,--,22,542190,中性盘
1639,10:53:44,246.45,0.15,16,394320,买盘
1640,10:53:39,246.3,-0.15,3,73890,卖盘
1641,10:53:34,246.45,0.05,1,24645,卖盘
1642,10:53:29,246.4,-0.06,9,221760,中性盘
1643,10:53:19,246.46,0.04,13,320398,买盘
1644,10:53:14,246.42,-0.04,2,49284,卖盘
1645,10:53:09,246.46,--,7,172522,卖盘
1646,10:53:03,246.46,--,1,24646,卖盘
1647,10:52:59,246.46,0.04,7,172522,买盘
1648,10:52:54,246.42,-0.03,3,73926,卖盘
1649,10:52:48,246.45,0.03,1,24645,买盘
1650,10:52:44,246.42,0.22,22,566519,买盘
1651,10:52:39,246.2,-0.2,5,123100,卖盘
1652,10:52:33,246.4,0.19,3,73920,买盘
1653,10:52:29,246.21,--,4,98484,卖盘
1654,10:52:24,246.21,-0.2,3,73863,卖盘
1655,10:52:18,246.41,--,1,24641,买盘
1656,10:52:14,246.41,--,0,0,中性盘
1657,10:52:09,246.41,-0.01,20,492820,卖盘
1658,10:52:03,246.42,0.01,1,24642,卖盘
1659,10:51:59,246.41,-0.06,5,123205,卖盘
1660,10:51:54,246.47,0.07,23,566881,买盘
1661,10:51:48,246.4,0.2,1,24640,买盘
1662,10:51:44,246.2,--,0,0,卖盘
1663,10:51:39,246.2,0.17,3,73860,卖盘
1664,10:51:33,246.03,--,0,0,卖盘
1665,10:51:29,246.03,-0.17,31,762693,卖盘
1666,10:51:24,246.2,--,3,73860,卖盘
1667,10:51:14,246.2,--,4,98480,卖盘
1668,10:51:09,246.2,--,4,98480,卖盘
1669,10:50:59,246.2,0.17,56,1378720,买盘
1670,10:50:54,246.03,0.03,4,98412,买盘
1671,10:50:43,246.0,--,5,123000,卖盘
1672,10:50:39,246.0,--,3,73800,卖盘
1673,10:50:33,246.0,--,0,0,卖盘
1674,10:50:29,246.0,--,4,98400,卖盘
1675,10:50:24,246.0,--,30,760878,买盘
1676,10:50:14,246.0,--,1,24600,买盘
1677,10:50:09,246.0,-0.03,220,5435124,卖盘
1678,10:50:03,246.03,0.03,1,24603,买盘
1679,10:49:59,246.0,--,3,73800,卖盘
1680,10:49:54,246.0,--,3,73800,卖盘
1681,10:49:48,246.0,--,5,123000,卖盘
1682,10:49:43,246.0,0.4,28,690276,买盘
1683,10:49:38,245.6,--,22,563406,卖盘
1684,10:49:29,245.6,-0.2,3,73680,卖盘
1685,10:49:24,245.8,0.2,7,172060,买盘
1686,10:49:13,245.6,--,22,540320,卖盘
1687,10:49:08,245.6,--,3,73680,卖盘
1688,10:48:59,245.6,--,5,122800,卖盘
1689,10:48:53,245.6,--,19,468113,买盘
1690,10:48:48,245.6,--,8,196480,买盘
1691,10:48:44,245.6,--,28,710766,卖盘
1692,10:48:38,245.6,-0.2,3,73680,卖盘
1693,10:48:33,245.8,0.2,1,24580,买盘
1694,10:48:29,245.6,0.09,15,368400,中性盘
1695,10:48:23,245.51,-0.04,3,73653,卖盘
1696,10:48:14,245.55,0.04,9,222468,中性盘
1697,10:48:08,245.51,-0.01,4,98204,卖盘
1698,10:48:03,245.52,--,3,73656,买盘
1699,10:47:58,245.52,--,5,122760,买盘
1700,10:47:53,245.52,--,8,196416,买盘
1701,10:47:48,245.52,-0.18,12,294624,卖盘
1702,10:47:43,245.7,0.17,5,122850,中性盘
1703,10:47:38,245.53,0.03,3,73659,卖盘
1704,10:47:28,245.5,-0.02,6,147300,卖盘
1705,10:47:24,245.52,0.02,3,73656,卖盘
1706,10:47:13,245.5,--,5,122750,卖盘
1707,10:47:09,245.5,-0.01,3,73650,卖盘
1708,10:46:58,245.51,-0.19,7,171857,卖盘
1709,10:46:53,245.7,-0.01,17,417690,卖盘
1710,10:46:48,245.71,0.01,3,73713,买盘
1711,10:46:43,245.7,0.29,2,49140,卖盘
1712,10:46:38,245.41,-0.29,9,220869,卖盘
1713,10:46:33,245.7,--,3,73710,买盘
1714,10:46:28,245.7,--,8,196560,买盘
1715,10:46:23,245.7,0.2,11,270270,买盘
1716,10:46:08,245.5,-0.19,8,219477,卖盘
1717,10:46:03,245.69,0.01,30,737070,买盘
1718,10:45:53,245.68,0.03,35,859880,买盘
1719,10:45:48,245.65,--,0,0,卖盘
1720,10:45:42,245.65,0.15,1,26038,买盘
1721,10:45:38,245.5,-0.15,3,73650,卖盘
1722,10:45:33,245.65,0.32,7,171955,买盘
1723,10:45:23,245.33,-0.07,3,73599,卖盘
1724,10:45:18,245.4,0.02,4,98160,买盘
1725,10:45:08,245.38,-0.13,6,147228,卖盘
1726,10:45:03,245.51,0.11,47,1176974,中性盘
1727,10:44:53,245.4,-0.15,3,73620,卖盘
1728,10:44:48,245.55,0.17,21,515655,买盘
1729,10:44:42,245.38,--,0,0,卖盘
1730,10:44:38,245.38,-0.02,3,73614,卖盘
1731,10:44:33,245.4,-0.1,8,197792,卖盘
1732,10:44:27,245.5,--,8,196400,买盘
1733,10:44:23,245.5,--,5,122750,买盘
1734,10:44:18,245.5,--,1,24550,买盘
1735,10:44:08,245.5,--,17,417350,卖盘
1736,10:44:03,245.5,-0.17,4,98200,卖盘
1737,10:43:57,245.67,--,0,0,买盘
1738,10:43:53,245.67,--,6,147402,买盘
1739,10:43:48,245.67,--,0,0,买盘
1740,10:43:42,245.67,--,12,294804,卖盘
1741,10:43:38,245.67,--,8,196536,卖盘
1742,10:43:33,245.67,0.17,11,270237,买盘
1743,10:43:27,245.5,-0.17,41,1006550,卖盘
1744,10:43:23,245.67,--,5,122835,买盘
1745,10:43:18,245.67,--,10,245670,卖盘
1746,10:43:12,245.67,--,1,24567,卖盘
1747,10:43:08,245.67,-0.01,4,98268,卖盘
1748,10:43:03,245.68,0.01,17,417656,买盘
1749,10:42:53,245.67,0.17,16,393072,买盘
1750,10:42:42,245.5,--,4,98200,卖盘
1751,10:42:38,245.5,--,14,343700,买盘
1752,10:42:32,245.5,--,7,171850,买盘
1753,10:42:23,245.5,--,10,245500,买盘
1754,10:42:17,245.5,--,23,564650,卖盘
1755,10:42:12,245.5,--,20,491000,卖盘
1756,10:42:08,245.5,--,8,196400,卖盘
1757,10:42:02,245.5,--,3,73650,卖盘
1758,10:41:53,245.5,--,12,294600,买盘
1759,10:41:47,245.5,0.02,1,24550,买盘
1760,10:41:42,245.48,-0.01,7,171836,卖盘
1761,10:41:38,245.49,-0.01,3,73647,中性盘
1762,10:41:32,245.5,--,18,441900,买盘
1763,10:41:22,245.5,-0.1,6,147300,卖盘
1764,10:41:08,245.6,0.12,5,122800,卖盘
1765,10:41:02,245.48,--,3,73644,卖盘
1766,10:40:57,245.48,--,12,294576,买盘
1767,10:40:52,245.48,--,4,98192,买盘
1768,10:40:47,245.48,--,12,294576,买盘
1769,10:40:42,245.48,0.1,4,98192,买盘
1770,10:40:37,245.38,-0.1,5,122690,卖盘
1771,10:40:32,245.48,--,6,147288,中性盘
1772,10:40:22,245.48,-0.2,8,196384,卖盘
1773,10:40:17,245.68,0.32,3,73704,卖盘
1774,10:40:12,245.36,--,0,0,卖盘
1775,10:40:07,245.36,-0.32,10,245360,卖盘
1776,10:40:02,245.68,--,5,122840,买盘
1777,10:39:57,245.68,0.17,1,24568,买盘
1778,10:39:52,245.51,-0.17,11,270061,卖盘
1779,10:39:42,245.68,0.17,15,368520,买盘
1780,10:39:37,245.51,--,8,196408,卖盘
1781,10:39:32,245.51,-0.2,4,98204,卖盘
1782,10:39:27,245.71,0.03,1,24571,买盘
1783,10:39:21,245.68,0.33,7,171976,买盘
1784,10:39:17,245.35,--,0,0,卖盘
1785,10:39:12,245.35,-0.33,8,196280,卖盘
1786,10:39:06,245.68,0.33,3,73704,买盘
1787,10:39:02,245.35,0.03,5,122675,卖盘
1788,10:38:57,245.32,--,2,49064,买盘
1789,10:38:51,245.32,--,23,564236,买盘
1790,10:38:47,245.32,0.01,3,73596,买盘
1791,10:38:42,245.31,--,3,73593,卖盘
1792,10:38:36,245.31,-0.4,3,73593,卖盘
1793,10:38:32,245.71,0.41,6,147426,买盘
1794,10:38:27,245.3,--,0,0,卖盘
1795,10:38:21,245.3,--,5,122650,卖盘
1796,10:38:17,245.3,--,3,73590,卖盘
1797,10:38:12,245.3,--,6,147180,卖盘
1798,10:38:06,245.3,--,8,196240,买盘
1799,10:38:02,245.3,--,13,318890,买盘
1800,10:37:57,245.3,--,5,122650,买盘
1801,10:37:51,245.3,0.06,9,220770,买盘
1802,10:37:46,245.24,--,0,0,卖盘
1803,10:37:42,245.24,-0.47,5,122620,卖盘
1804,10:37:36,245.71,--,3,73713,买盘
1805,10:37:32,245.71,0.49,4,98284,买盘
1806,10:37:27,245.22,--,0,0,卖盘
1807,10:37:21,245.22,0.01,3,73566,卖盘
1808,10:37:16,245.21,--,0,0,卖盘
1809,10:37:12,245.21,0.01,31,760151,买盘
1810,10:37:02,245.2,--,6,147120,买盘
1811,10:36:57,245.2,--,2,49040,买盘
1812,10:36:51,245.2,--,14,343280,买盘
1813,10:36:46,245.2,0.07,15,367800,买盘
1814,10:36:42,245.13,-0.07,9,220617,卖盘
1815,10:36:36,245.2,--,3,73560,卖盘
1816,10:36:32,245.2,0.02,19,465880,买盘
1817,10:36:27,245.18,0.05,5,122590,买盘
1818,10:36:21,245.13,-0.07,21,514773,卖盘
1819,10:36:17,245.2,-0.1,23,563960,卖盘
1820,10:36:12,245.3,0.09,7,171710,买盘
1821,10:36:06,245.21,0.01,6,147126,中性盘
1822,10:36:01,245.2,--,9,220680,买盘
1823,10:35:56,245.2,-0.1,14,343280,卖盘
1824,10:35:51,245.3,-0.1,3,73590,卖盘
1825,10:35:47,245.4,--,3,73620,买盘
1826,10:35:41,245.4,0.2,4,98160,中性盘
1827,10:35:36,245.2,-0.33,14,343280,卖盘
1828,10:35:32,245.53,-0.27,6,147318,卖盘
1829,10:35:26,245.8,0.2,6,147480,买盘
1830,10:35:21,245.6,-0.2,4,98240,卖盘
1831,10:35:17,245.8,0.09,9,221220,买盘
1832,10:35:11,245.71,-0.18,20,491420,卖盘
1833,10:35:06,245.89,--,1,24589,买盘
1834,10:35:02,245.89,0.09,4,98356,中性盘
1835,10:34:51,245.8,-0.19,3,73740,卖盘
1836,10:34:41,245.99,--,12,295188,卖盘
1837,10:34:36,245.99,-0.01,2,49198,中性盘
1838,10:34:31,246.0,--,16,393600,买盘
1839,10:34:26,246.0,--,0,0,买盘
1840,10:34:21,246.0,0.11,6,147600,买盘
1841,10:34:16,245.89,-0.09,3,73767,卖盘
1842,10:34:11,245.98,-0.02,8,196784,卖盘
1843,10:34:06,246.0,--,4,120540,卖盘
1844,10:34:01,246.0,-0.03,82,2017200,卖盘
1845,10:33:56,246.03,--,5,123015,买盘
1846,10:33:51,246.03,0.03,1,24603,买盘
1847,10:33:46,246.0,-0.07,170,4182000,卖盘
1848,10:33:41,246.07,--,15,369105,买盘
1849,10:33:36,246.07,--,2,49214,买盘
1850,10:33:31,246.07,0.05,16,393712,买盘
1851,10:33:26,246.02,-0.09,33,811866,卖盘
1852,10:33:21,246.11,--,4,98444,买盘
1853,10:33:16,246.11,0.04,10,246110,买盘
1854,10:33:11,246.07,-0.03,16,393712,中性盘
1855,10:33:06,246.1,--,0,0,中性盘
1856,10:33:01,246.1,-0.1,11,270710,卖盘
1857,10:32:56,246.2,-0.02,2,49240,买盘
1858,10:32:51,246.22,-0.23,6,170876,卖盘
1859,10:32:45,246.45,0.2,5,123225,买盘
1860,10:32:41,246.25,0.03,7,173852,买盘
1861,10:32:36,246.22,0.06,2,49244,卖盘
1862,10:32:30,246.16,-0.06,8,196928,卖盘
1863,10:32:26,246.22,0.02,32,787904,买盘
1864,10:32:21,246.2,-0.01,10,269342,卖盘
1865,10:32:15,246.21,-0.01,53,1304913,卖盘
1866,10:32:11,246.22,0.01,5,123110,买盘
1867,10:32:06,246.21,-0.01,3,73863,卖盘
1868,10:32:00,246.22,-0.04,3,73866,卖盘
1869,10:31:56,246.26,--,8,197008,卖盘
1870,10:31:51,246.26,-0.02,29,714154,卖盘
1871,10:31:45,246.28,-0.02,11,270908,卖盘
1872,10:31:41,246.3,-0.19,7,172410,卖盘
1873,10:31:36,246.49,0.22,1,24649,买盘
1874,10:31:30,246.27,-0.02,3,73881,卖盘
1875,10:31:26,246.29,0.01,33,812757,买盘
1876,10:31:21,246.28,-0.21,10,246280,卖盘
1877,10:31:15,246.49,0.01,2,49298,买盘
1878,10:31:11,246.48,0.2,9,221832,中性盘
1879,10:31:06,246.28,0.01,4,98512,中性盘
1880,10:31:00,246.27,-0.46,3,73881,卖盘
1881,10:30:55,246.73,0.45,7,172711,买盘
1882,10:30:51,246.28,-0.22,3,73884,卖盘
1883,10:30:41,246.5,--,7,172550,卖盘
1884,10:30:36,246.5,0.21,22,542300,买盘
1885,10:30:30,246.29,-0.01,3,73887,卖盘
1886,10:30:26,246.3,--,6,147780,卖盘
1887,10:30:21,246.3,-0.01,8,197040,卖盘
1888,10:30:14,246.31,--,1,24631,买盘
1889,10:30:11,246.31,--,6,147786,中性盘
1890,10:30:06,246.31,--,10,246310,卖盘
1891,10:30:00,246.31,--,3,73893,卖盘
1892,10:29:55,246.31,--,0,0,卖盘
1893,10:29:51,246.31,--,3,73893,卖盘
1894,10:29:41,246.31,-0.48,3,73893,卖盘
1895,10:29:35,246.79,0.48,1,24679,卖盘
1896,10:29:30,246.31,-0.48,3,73893,卖盘
1897,10:29:25,246.79,0.51,4,98716,买盘
1898,10:29:20,246.28,-0.03,7,172396,卖盘
1899,10:29:15,246.31,0.03,3,73893,买盘
1900,10:29:10,246.28,-0.02,4,98512,卖盘
1901,10:29:05,246.3,-0.01,3,73890,卖盘
1902,10:29:00,246.31,0.01,9,221679,买盘
1903,10:28:55,246.3,-0.01,2,49260,卖盘
1904,10:28:50,246.31,--,10,246310,买盘
1905,10:28:45,246.31,0.01,1,24631,中性盘
1906,10:28:40,246.3,--,6,147780,卖盘
1907,10:28:35,246.3,-0.49,5,123150,卖盘
1908,10:28:30,246.79,0.5,6,148074,买盘
1909,10:28:20,246.29,0.01,3,73887,中性盘
1910,10:28:15,246.28,-0.01,5,123140,卖盘
1911,10:28:10,246.29,-0.01,13,320177,卖盘
1912,10:28:05,246.3,--,21,517230,买盘
1913,10:28:00,246.3,--,4,98520,买盘
1914,10:27:55,246.3,0.01,1,24630,买盘
1915,10:27:50,246.29,--,6,147774,卖盘
1916,10:27:45,246.29,-0.01,3,73887,卖盘
1917,10:27:40,246.3,0.01,13,320190,卖盘
1918,10:27:35,246.29,0.01,3,73887,卖盘
1919,10:27:30,246.28,-0.02,3,73884,卖盘
1920,10:27:25,246.3,--,4,98520,买盘
1921,10:27:20,246.3,0.01,5,123150,买盘
1922,10:27:10,246.29,-0.01,15,369435,买盘
1923,10:27:05,246.3,0.02,3,73890,买盘
1924,10:27:00,246.28,-0.02,5,123140,卖盘
1925,10:26:55,246.3,0.02,8,197040,卖盘
1926,10:26:50,246.28,-0.01,3,73884,卖盘
1927,10:26:40,246.29,-0.01,3,73887,卖盘
1928,10:26:35,246.3,0.02,3,73890,中性盘
1929,10:26:30,246.28,-0.6,3,73884,卖盘
1930,10:26:25,246.88,0.61,2,49376,中性盘
1931,10:26:20,246.27,-0.62,4,98508,卖盘
1932,10:26:15,246.89,0.63,6,148134,买盘
1933,10:26:10,246.26,-0.01,24,591024,卖盘
1934,10:26:05,246.27,0.01,4,98508,买盘
1935,10:26:00,246.26,--,6,147756,卖盘
1936,10:25:55,246.26,--,0,0,卖盘
1937,10:25:50,246.26,0.05,7,172382,卖盘
1938,10:25:45,246.21,--,0,0,卖盘
1939,10:25:40,246.21,-0.06,6,147726,卖盘
1940,10:25:35,246.27,0.06,6,147762,买盘
1941,10:25:30,246.21,-0.06,10,246210,卖盘
1942,10:25:24,246.27,--,2,49254,买盘
1943,10:25:20,246.27,--,7,172389,买盘
1944,10:25:15,246.27,0.01,14,344778,买盘
1945,10:25:09,246.26,-0.01,6,147756,卖盘
1946,10:25:05,246.27,-0.03,3,73881,卖盘
1947,10:25:00,246.3,-0.03,6,147780,中性盘
1948,10:24:54,246.33,0.05,5,123165,买盘
1949,10:24:50,246.28,-0.05,11,270908,卖盘
1950,10:24:45,246.33,0.03,1,24633,买盘
1951,10:24:39,246.3,-0.03,8,197040,卖盘
1952,10:24:35,246.33,0.01,11,270963,买盘
1953,10:24:30,246.32,--,3,73896,卖盘
1954,10:24:20,246.32,-0.06,17,418744,卖盘
1955,10:24:15,246.38,0.02,14,344932,买盘
1956,10:24:09,246.36,-0.62,11,270996,卖盘
1957,10:24:04,246.98,0.6,3,74094,买盘
1958,10:24:00,246.38,-0.02,3,73914,卖盘
1959,10:23:49,246.4,-0.64,3,73920,卖盘
1960,10:23:45,247.04,0.64,1,24704,中性盘
1961,10:23:39,246.4,-0.02,4,98560,中性盘
1962,10:23:34,246.42,0.09,4,98568,中性盘
1963,10:23:30,246.33,-0.03,5,123165,卖盘
1964,10:23:24,246.36,-0.02,1,24636,买盘
1965,10:23:19,246.38,0.03,6,147828,卖盘
1966,10:23:15,246.35,-0.02,37,911495,卖盘
1967,10:23:09,246.37,-0.05,3,73911,中性盘
1968,10:23:04,246.42,--,1,24642,中性盘
1969,10:23:00,246.42,--,3,73926,卖盘
1970,10:22:54,246.42,0.06,3,73926,买盘
1971,10:22:49,246.36,-0.06,3,73908,中性盘
1972,10:22:45,246.42,0.1,4,98568,买盘
1973,10:22:39,246.32,-0.1,4,98528,卖盘
1974,10:22:34,246.42,0.07,16,394272,买盘
1975,10:22:29,246.35,-0.07,3,73905,中性盘
1976,10:22:19,246.42,-0.78,17,418914,卖盘
1977,10:22:14,247.2,0.78,1,24720,中性盘
1978,10:22:09,246.42,-0.83,3,73926,卖盘
1979,10:22:04,247.25,--,1,24725,中性盘
1980,10:21:59,247.25,-0.14,5,123625,卖盘
1981,10:21:54,247.39,1.07,1,24739,买盘
1982,10:21:49,246.32,0.02,6,147792,卖盘
1983,10:21:44,246.3,--,0,0,中性盘
1984,10:21:39,246.3,-1.1,3,73890,卖盘
1985,10:21:34,247.4,1.15,10,247400,买盘
1986,10:21:29,246.25,--,4,98500,卖盘
1987,10:21:24,246.25,-0.05,32,788000,卖盘
1988,10:21:19,246.3,-1.1,6,147780,买盘
1989,10:21:14,247.4,1.19,3,74220,买盘
1990,10:21:09,246.21,-1.19,4,98484,卖盘
1991,10:21:04,247.4,1.2,5,123700,买盘
1992,10:20:59,246.2,-0.05,5,123100,卖盘
1993,10:20:54,246.25,0.09,1,26102,买盘
1994,10:20:49,246.16,-0.64,14,344624,卖盘
1995,10:20:44,246.8,0.65,30,740400,买盘
1996,10:20:39,246.15,-0.05,9,221535,卖盘
1997,10:20:34,246.2,0.02,6,147720,买盘
1998,10:20:29,246.18,-0.44,6,147708,卖盘
1999,10:20:19,246.62,0.01,13,320606,买盘
2000,10:20:14,246.61,-0.07,4,98644,买盘
2001,10:20:09,246.68,--,3,74004,买盘
2002,10:20:04,246.68,0.06,6,148008,卖盘
2003,10:19:59,246.62,-0.08,6,147972,卖盘
2004,10:19:49,246.7,-0.1,6,148020,卖盘
2005,10:19:44,246.8,-0.01,3,74040,卖盘
2006,10:19:39,246.81,-0.24,2,49362,卖盘
2007,10:19:34,247.05,0.05,3,86220,买盘
2008,10:19:29,247.0,-0.05,3,74100,卖盘
2009,10:19:24,247.05,0.01,7,172935,买盘
2010,10:19:19,247.04,--,0,0,中性盘
2011,10:19:14,247.04,0.04,2,49408,中性盘
2012,10:19:09,247.0,-0.1,20,506597,卖盘
2013,10:19:04,247.1,--,4,98840,卖盘
2014,10:18:59,247.1,--,3,74130,卖盘
2015,10:18:54,247.1,-0.05,5,123550,卖盘
2016,10:18:39,247.15,--,5,123575,卖盘
2017,10:18:34,247.15,--,5,123575,卖盘
2018,10:18:29,247.15,--,3,74145,卖盘
2019,10:18:24,247.15,--,3,74145,卖盘
2020,10:18:14,247.15,--,2,49430,卖盘
2021,10:18:09,247.15,--,8,197720,卖盘
2022,10:18:04,247.15,-0.03,1,24715,卖盘
2023,10:17:59,247.18,-0.2,6,148308,卖盘
2024,10:17:54,247.38,--,22,544236,卖盘
2025,10:17:39,247.38,-0.02,3,74214,卖盘
2026,10:17:34,247.4,--,0,12122,卖盘
2027,10:17:29,247.4,--,3,74220,卖盘
2028,10:17:24,247.4,-0.1,4,98960,卖盘
2029,10:17:14,247.5,--,1,24750,卖盘
2030,10:17:09,247.5,--,3,86872,卖盘
2031,10:17:03,247.5,--,6,148500,卖盘
2032,10:16:59,247.5,--,3,74250,卖盘
2033,10:16:54,247.5,--,11,272250,买盘
2034,10:16:48,247.5,--,1,24750,买盘
2035,10:16:44,247.5,0.1,1,24750,买盘
2036,10:16:39,247.4,-0.1,5,123700,卖盘
2037,10:16:33,247.5,--,5,123750,卖盘
2038,10:16:29,247.5,--,5,123750,卖盘
2039,10:16:24,247.5,--,10,247500,卖盘
2040,10:16:14,247.5,--,2,49500,卖盘
2041,10:16:09,247.5,0.1,5,123750,买盘
2042,10:16:03,247.4,--,5,123700,卖盘
2043,10:15:58,247.4,--,3,74220,卖盘
2044,10:15:54,247.4,-0.1,4,98960,卖盘
2045,10:15:39,247.5,--,4,99000,卖盘
2046,10:15:33,247.5,--,7,173250,卖盘
2047,10:15:28,247.5,0.1,10,250222,买盘
2048,10:15:23,247.4,--,3,74220,卖盘
2049,10:15:18,247.4,-0.11,2,49480,卖盘
2050,10:15:13,247.51,0.11,2,49502,买盘
2051,10:15:08,247.4,-0.06,4,98960,卖盘
2052,10:15:03,247.46,0.06,16,395936,中性盘
2053,10:14:58,247.4,-0.06,17,420580,卖盘
2054,10:14:53,247.46,-0.02,5,123730,买盘
2055,10:14:48,247.48,--,0,0,买盘
2056,10:14:38,247.48,-0.02,1,24748,卖盘
2057,10:14:33,247.5,--,10,268042,卖盘
2058,10:14:28,247.5,--,17,420750,卖盘
2059,10:14:23,247.5,-0.01,4,99000,卖盘
2060,10:14:13,247.51,-0.27,3,74253,卖盘
2061,10:14:08,247.78,--,14,346892,卖盘
2062,10:14:03,247.78,0.28,9,223002,买盘
2063,10:13:58,247.5,-0.28,3,74250,卖盘
2064,10:13:53,247.78,0.28,16,396448,买盘
2065,10:13:43,247.5,--,0,0,卖盘
2066,10:13:38,247.5,--,9,222750,卖盘
2067,10:13:33,247.5,--,2,49500,卖盘
2068,10:13:28,247.5,--,4,99000,卖盘
2069,10:13:23,247.5,--,3,74250,卖盘
2070,10:13:17,247.5,--,0,0,卖盘
2071,10:13:08,247.5,-0.05,24,613057,卖盘
2072,10:13:03,247.55,0.05,3,74265,买盘
2073,10:12:58,247.5,-0.05,23,569250,卖盘
2074,10:12:53,247.55,--,5,123775,买盘
2075,10:12:48,247.55,--,1,24755,买盘
2076,10:12:43,247.55,--,10,247550,卖盘
2077,10:12:38,247.55,-0.05,4,99020,卖盘
2078,10:12:33,247.6,--,6,154254,卖盘
2079,10:12:28,247.6,--,8,198080,卖盘
2080,10:12:23,247.6,--,8,198080,卖盘
2081,10:12:13,247.6,--,0,0,卖盘
2082,10:12:08,247.6,-0.3,9,222840,卖盘
2083,10:12:03,247.9,-0.05,17,421430,卖盘
2084,10:11:58,247.95,--,5,123975,卖盘
2085,10:11:53,247.95,0.34,7,173565,买盘
2086,10:11:38,247.61,--,3,74283,卖盘
2087,10:11:33,247.61,-0.37,8,198088,卖盘
2088,10:11:28,247.98,0.37,1,24798,买盘
2089,10:11:23,247.61,--,4,99044,卖盘
2090,10:11:18,247.61,--,0,0,卖盘
2091,10:11:13,247.61,--,0,0,卖盘
2092,10:11:08,247.61,0.01,3,74283,卖盘
2093,10:11:03,247.6,--,31,767560,卖盘
2094,10:10:53,247.6,-0.4,3,74280,卖盘
2095,10:10:48,248.0,-0.18,1,24800,中性盘
2096,10:10:43,248.18,0.58,1,24818,买盘
2097,10:10:38,247.6,-0.4,9,222840,卖盘
2098,10:10:33,248.0,--,8,198400,卖盘
2099,10:10:23,248.0,-0.24,3,74400,卖盘
2100,10:10:13,248.24,0.64,5,124120,买盘
2101,10:10:08,247.6,--,9,222840,卖盘
2102,10:10:03,247.6,-0.4,5,142865,卖盘
2103,10:09:58,248.0,-0.24,2,49600,卖盘
2104,10:09:53,248.24,-0.01,8,198592,买盘
2105,10:09:48,248.25,0.23,4,99300,买盘
2106,10:09:42,248.02,--,0,0,买盘
2107,10:09:38,248.02,0.02,5,132938,卖盘
2108,10:09:32,248.0,--,4,115072,买盘
2109,10:09:27,248.0,--,1,24800,买盘
2110,10:09:23,248.0,-0.2,6,157728,卖盘
2111,10:09:18,248.2,0.2,12,297840,买盘
2112,10:09:12,248.0,--,11,272800,卖盘
2113,10:09:08,248.0,-0.19,8,198400,卖盘
2114,10:09:03,248.19,0.19,31,769389,中性盘
2115,10:08:57,248.0,--,1,38440,卖盘
2116,10:08:53,248.0,-0.2,25,633392,卖盘
2117,10:08:48,248.2,0.2,1,24820,买盘
2118,10:08:38,248.0,--,3,74400,卖盘
2119,10:08:32,248.0,--,3,74400,卖盘
2120,10:08:27,248.0,--,3,74400,卖盘
2121,10:08:22,248.0,-0.2,10,248248,卖盘
2122,10:08:17,248.2,0.2,1,38222,买盘
2123,10:08:12,248.0,-0.09,2,49600,卖盘
2124,10:08:07,248.09,-0.11,6,160266,卖盘
2125,10:08:02,248.2,0.2,13,336062,买盘
2126,10:07:52,248.0,-0.09,4,99200,卖盘
2127,10:07:47,248.09,0.09,5,124045,买盘
2128,10:07:37,248.0,--,6,148800,卖盘
2129,10:07:32,248.0,-0.09,7,173600,卖盘
2130,10:07:27,248.09,--,10,248090,卖盘
2131,10:07:22,248.09,--,6,148854,卖盘
2132,10:07:12,248.09,--,1,24809,卖盘
2133,10:07:07,248.09,0.2,5,131983,买盘
2134,10:07:02,247.89,-0.11,5,123945,卖盘
2135,10:06:57,248.0,--,0,0,中性盘
2136,10:06:52,248.0,-0.09,4,99200,卖盘
2137,10:06:47,248.09,--,3,74427,买盘
2138,10:06:42,248.09,--,1,24809,买盘
2139,10:06:37,248.09,-0.4,9,235685,卖盘
2140,10:06:32,248.49,0.29,14,347886,买盘
2141,10:06:26,248.2,--,3,74460,卖盘
2142,10:06:22,248.2,--,5,137751,卖盘
2143,10:06:17,248.2,-0.24,5,124100,中性盘
2144,10:06:12,248.44,0.31,8,211174,买盘
2145,10:06:07,248.13,-0.01,36,908403,中性盘
2146,10:06:02,248.14,0.14,7,188834,买盘
2147,10:05:52,248.0,-0.1,12,297600,买盘
2148,10:05:47,248.1,--,0,0,买盘
2149,10:05:42,248.1,0.15,5,124050,买盘
2150,10:05:37,247.95,0.4,1,24795,买盘
2151,10:05:32,247.55,--,4,99020,卖盘
2152,10:05:27,247.55,--,1,24755,卖盘
2153,10:05:22,247.55,-0.45,69,1708095,卖盘
2154,10:05:17,248.0,-0.2,2,49600,买盘
2155,10:05:12,248.2,0.06,12,297840,买盘
2156,10:05:07,248.14,0.15,4,99256,买盘
2157,10:05:02,247.99,-0.06,5,123995,卖盘
2158,10:04:57,248.05,0.04,3,74415,买盘
2159,10:04:52,248.01,0.14,8,222960,买盘
2160,10:04:47,247.87,--,17,421626,卖盘
2161,10:04:42,247.87,-0.03,6,148722,卖盘
2162,10:04:37,247.9,0.03,4,99160,买盘
2163,10:04:32,247.87,-0.13,14,347018,卖盘
2164,10:04:27,248.0,--,5,124000,卖盘
2165,10:04:22,248.0,--,3,74400,卖盘
2166,10:04:17,248.0,--,2,49600,卖盘
2167,10:04:12,248.0,--,3,74400,卖盘
2168,10:04:07,248.0,--,11,272800,买盘
2169,10:04:02,248.0,0.13,24,595200,买盘
2170,10:03:57,247.87,--,2,49574,买盘
2171,10:03:52,247.87,-0.01,1,24787,卖盘
2172,10:03:47,247.88,0.09,7,173516,卖盘
2173,10:03:42,247.79,-0.01,3,74337,卖盘
2174,10:03:32,247.8,-0.08,4,99120,卖盘
2175,10:03:27,247.88,0.11,29,718852,买盘
2176,10:03:22,247.77,-0.11,23,569871,卖盘
2177,10:03:17,247.88,0.11,1,24788,买盘
2178,10:03:12,247.77,--,8,198216,卖盘
2179,10:03:02,247.77,0.1,6,148662,买盘
2180,10:02:57,247.67,0.02,2,49534,买盘
2181,10:02:52,247.65,-0.35,3,74295,卖盘
2182,10:02:47,248.0,0.23,100,2480000,买盘
2183,10:02:42,247.77,-0.13,4,99108,卖盘
2184,10:02:36,247.9,0.23,34,842860,买盘
2185,10:02:32,247.67,-0.03,4,99068,卖盘
2186,10:02:27,247.7,0.01,8,198160,卖盘
2187,10:02:21,247.69,0.03,15,371535,买盘
2188,10:02:17,247.66,0.06,4,99064,买盘
2189,10:02:11,247.6,-0.06,15,371400,卖盘
2190,10:02:06,247.66,--,2,49532,买盘
2191,10:02:02,247.66,0.06,8,198128,中性盘
2192,10:01:56,247.6,0.02,1,24760,卖盘
2193,10:01:51,247.58,-0.02,3,74274,卖盘
2194,10:01:46,247.6,--,2,49520,卖盘
2195,10:01:41,247.6,0.09,27,668520,买盘
2196,10:01:32,247.51,--,22,544522,卖盘
2197,10:01:26,247.51,0.01,21,519771,买盘
2198,10:01:20,247.5,0.05,19,470250,买盘
2199,10:01:16,247.45,--,4,98980,卖盘
2200,10:01:11,247.45,--,4,98980,卖盘
2201,10:01:06,247.45,0.05,6,148470,买盘
2202,10:01:01,247.4,--,5,123700,卖盘
2203,10:00:56,247.4,--,1,24740,卖盘
2204,10:00:51,247.4,-0.02,4,98960,卖盘
2205,10:00:46,247.42,0.02,6,148452,买盘
2206,10:00:41,247.4,0.01,8,197920,买盘
2207,10:00:36,247.39,0.01,11,272129,买盘
2208,10:00:31,247.38,0.07,12,296856,买盘
2209,10:00:26,247.31,0.01,7,173117,中性盘
2210,10:00:21,247.3,-0.08,3,74190,卖盘
2211,10:00:16,247.38,0.09,15,371070,买盘
2212,10:00:11,247.29,0.28,11,272019,买盘
2213,10:00:06,247.01,0.01,10,247010,卖盘
2214,10:00:01,247.0,-0.17,14,345800,卖盘
2215,09:59:55,247.17,0.17,21,519057,买盘
2216,09:59:51,247.0,--,3,74100,卖盘
2217,09:59:46,247.0,-0.08,2,49400,卖盘
2218,09:59:41,247.08,0.08,24,592992,买盘
2219,09:59:36,247.0,--,1,24700,卖盘
2220,09:59:31,247.0,-0.05,17,419900,卖盘
2221,09:59:26,247.05,0.05,2,49410,中性盘
2222,09:59:21,247.0,--,5,123500,卖盘
2223,09:59:11,247.0,--,8,197600,卖盘
2224,09:59:06,247.0,--,10,247000,卖盘
2225,09:59:01,247.0,-0.08,3,74100,卖盘
2226,09:58:56,247.08,0.08,5,123540,买盘
2227,09:58:51,247.0,-0.09,3,74100,卖盘
2228,09:58:46,247.09,--,0,0,中性盘
2229,09:58:41,247.09,-0.04,4,98836,中性盘
2230,09:58:36,247.13,--,0,0,买盘
2231,09:58:31,247.13,0.05,6,148278,买盘
2232,09:58:26,247.08,-0.01,4,98832,卖盘
2233,09:58:21,247.09,0.02,4,98836,卖盘
2234,09:58:16,247.07,--,0,0,卖盘
2235,09:58:11,247.07,-0.03,4,98828,卖盘
2236,09:58:06,247.1,0.02,3,74130,买盘
2237,09:58:01,247.08,-0.01,4,98832,卖盘
2238,09:57:56,247.09,0.01,1,24709,买盘
2239,09:57:51,247.08,--,4,98832,卖盘
2240,09:57:41,247.08,--,5,123540,卖盘
2241,09:57:36,247.08,0.02,3,74124,买盘
2242,09:57:31,247.06,--,4,98824,卖盘
2243,09:57:21,247.06,--,10,247060,卖盘
2244,09:57:16,247.06,0.06,3,74118,买盘
2245,09:57:11,247.0,0.18,8,197600,买盘
2246,09:57:01,246.82,0.01,6,148092,卖盘
2247,09:56:50,246.81,--,28,691068,买盘
2248,09:56:46,246.81,0.01,1,24681,中性盘
2249,09:56:40,246.8,-0.2,3,74040,卖盘
2250,09:56:36,247.0,--,1,24700,中性盘
2251,09:56:30,247.0,--,6,148200,卖盘
2252,09:56:25,247.0,0.28,11,271700,买盘
2253,09:56:21,246.72,0.02,4,98688,卖盘
2254,09:56:10,246.7,-0.01,3,74010,卖盘
2255,09:56:06,246.71,0.01,1,24671,中性盘
2256,09:56:00,246.7,-0.37,3,74010,卖盘
2257,09:55:55,247.07,0.36,2,49414,买盘
2258,09:55:51,246.71,-0.36,8,197368,卖盘
2259,09:55:40,247.07,0.07,9,222363,买盘
2260,09:55:36,247.0,0.29,21,518700,买盘
2261,09:55:31,246.71,-0.28,7,172697,卖盘
2262,09:55:25,246.99,0.28,6,148194,买盘
2263,09:55:20,246.71,--,9,222039,卖盘
2264,09:55:16,246.71,--,1,24671,卖盘
2265,09:55:10,246.71,0.01,4,98684,卖盘
2266,09:55:05,246.7,--,0,0,卖盘
2267,09:55:00,246.7,--,6,148020,卖盘
2268,09:54:55,246.7,-0.1,4,98680,卖盘
2269,09:54:50,246.8,0.09,5,123400,中性盘
2270,09:54:40,246.71,-0.09,8,197368,卖盘
2271,09:54:35,246.8,--,1,24680,卖盘
2272,09:54:30,246.8,--,3,74040,卖盘
2273,09:54:20,246.8,--,3,74040,卖盘
2274,09:54:15,246.8,--,0,0,卖盘
2275,09:54:10,246.8,-0.18,9,222120,卖盘
2276,09:54:05,246.98,0.18,2,49396,中性盘
2277,09:54:00,246.8,--,4,98720,卖盘
2278,09:53:55,246.8,--,24,594788,卖盘
2279,09:53:50,246.8,--,3,74040,卖盘
2280,09:53:45,246.8,0.09,3,74040,买盘
2281,09:53:40,246.71,-0.09,3,74013,卖盘
2282,09:53:35,246.8,0.09,1,24680,买盘
2283,09:53:30,246.71,-0.09,3,74013,卖盘
2284,09:53:20,246.8,-0.2,2,49360,卖盘
2285,09:53:15,247.0,--,9,244530,卖盘
2286,09:53:10,247.0,--,16,395200,卖盘
2287,09:53:00,247.0,0.29,14,348270,买盘
2288,09:52:50,246.71,-0.29,4,98684,卖盘
2289,09:52:45,247.0,0.29,1,24700,买盘
2290,09:52:40,246.71,-0.09,9,222039,卖盘
2291,09:52:35,246.8,--,0,0,卖盘
2292,09:52:30,246.8,-0.2,11,271480,卖盘
2293,09:52:25,247.0,0.2,13,321100,买盘
2294,09:52:20,246.8,-0.07,3,74040,卖盘
2295,09:52:15,246.87,0.07,4,98748,买盘
2296,09:52:10,246.8,0.09,3,74040,卖盘
2297,09:52:05,246.71,--,1,24671,卖盘
2298,09:51:59,246.71,-0.01,3,74013,中性盘
2299,09:51:50,246.72,-0.28,22,542784,卖盘
2300,09:51:45,247.0,-0.01,1,24700,卖盘
2301,09:51:40,247.01,--,3,74103,卖盘
2302,09:51:35,247.01,0.02,2,49402,中性盘
2303,09:51:30,246.99,0.19,10,246990,买盘
2304,09:51:25,246.8,--,0,0,卖盘
2305,09:51:20,246.8,0.1,8,197440,中性盘
2306,09:51:15,246.7,--,0,0,卖盘
2307,09:51:10,246.7,-0.45,3,74010,卖盘
2308,09:51:05,247.15,0.44,16,395440,买盘
2309,09:50:59,246.71,-0.29,5,123355,卖盘
2310,09:50:49,247.0,0.2,23,568100,买盘
2311,09:50:45,246.8,0.1,2,49360,买盘
2312,09:50:40,246.7,-0.1,3,74010,卖盘
2313,09:50:34,246.8,0.09,2,49360,买盘
2314,09:50:30,246.71,0.01,5,123355,中性盘
2315,09:50:19,246.7,0.53,12,296040,买盘
2316,09:50:10,246.17,-0.53,3,73851,卖盘
2317,09:50:04,246.7,0.54,1,24670,买盘
2318,09:50:00,246.16,--,23,566168,卖盘
2319,09:49:49,246.16,-0.52,3,73848,卖盘
2320,09:49:44,246.68,0.48,1,24668,买盘
2321,09:49:40,246.2,-0.48,4,98480,卖盘
2322,09:49:30,246.68,-0.27,2,49336,卖盘
2323,09:49:24,246.95,0.27,3,74085,买盘
2324,09:49:19,246.68,-0.02,3,74004,卖盘
2325,09:49:15,246.7,--,1,24670,卖盘
2326,09:49:09,246.7,--,3,74010,卖盘
2327,09:49:00,246.7,--,4,98680,卖盘
2328,09:48:54,246.7,--,1,24670,卖盘
2329,09:48:49,246.7,0.03,18,444060,买盘
2330,09:48:44,246.67,0.17,1,24667,买盘
2331,09:48:40,246.5,-0.2,3,73950,卖盘
2332,09:48:34,246.7,0.52,6,148020,买盘
2333,09:48:29,246.18,0.01,1,24618,卖盘
2334,09:48:19,246.17,-0.83,4,98468,卖盘
2335,09:48:14,247.0,0.3,25,617500,买盘
2336,09:48:09,246.7,--,3,74010,卖盘
2337,09:48:04,246.7,0.55,2,49340,中性盘
2338,09:47:59,246.15,-0.55,8,199381,卖盘
2339,09:47:49,246.7,0.55,18,444060,买盘
2340,09:47:44,246.15,0.01,3,73845,卖盘
2341,09:47:39,246.14,0.13,3,73842,买盘
2342,09:47:34,246.01,-0.09,4,98404,卖盘
2343,09:47:29,246.1,-0.03,4,98440,卖盘
2344,09:47:19,246.13,0.13,4,98452,中性盘
2345,09:47:14,246.0,-0.14,26,639600,卖盘
2346,09:47:09,246.14,--,23,566122,卖盘
2347,09:47:04,246.14,--,3,73842,买盘
2348,09:46:59,246.14,-0.02,2,49228,中性盘
2349,09:46:54,246.16,-0.53,1,24616,卖盘
2350,09:46:49,246.69,--,22,542718,卖盘
2351,09:46:44,246.69,--,2,49338,卖盘
2352,09:46:38,246.69,-0.01,15,370035,卖盘
2353,09:46:34,246.7,0.01,8,197360,买盘
2354,09:46:29,246.69,0.56,7,172683,买盘
2355,09:46:19,246.13,-0.12,17,418421,卖盘
2356,09:46:14,246.25,0.11,5,123125,买盘
2357,09:46:09,246.14,-0.16,14,344596,卖盘
2358,09:46:04,246.3,--,0,0,中性盘
2359,09:45:59,246.3,-0.22,36,886680,卖盘
2360,09:45:53,246.52,-0.18,6,147912,卖盘
2361,09:45:39,246.7,-0.18,2,49340,卖盘
2362,09:45:34,246.88,--,3,74064,卖盘
2363,09:45:29,246.88,0.16,17,419696,卖盘
2364,09:45:24,246.72,-0.16,14,345408,卖盘
2365,09:45:19,246.88,0.15,2,49376,买盘
2366,09:45:08,246.73,-0.15,53,1307669,卖盘
2367,09:45:03,246.88,--,0,0,买盘
2368,09:44:59,246.88,-0.02,17,419696,卖盘
2369,09:44:54,246.9,-0.1,5,123450,买盘
2370,09:44:49,247.0,--,0,0,买盘
2371,09:44:44,247.0,--,21,518700,买盘
2372,09:44:39,247.0,--,8,197600,卖盘
2373,09:44:33,247.0,-0.28,2,49400,卖盘
2374,09:44:28,247.28,0.08,25,618200,买盘
2375,09:44:24,247.2,--,7,173040,买盘
2376,09:44:18,247.2,--,1,24720,买盘
2377,09:44:13,247.2,0.19,23,568560,买盘
2378,09:44:08,247.01,-0.27,5,123505,卖盘
2379,09:44:04,247.28,0.27,2,49456,买盘
2380,09:43:58,247.01,-0.27,3,74103,中性盘
2381,09:43:54,247.28,0.01,18,445104,买盘
2382,09:43:49,247.27,0.07,1,24727,中性盘
2383,09:43:43,247.2,--,2,49440,中性盘
2384,09:43:39,247.2,0.06,8,197760,买盘
2385,09:43:34,247.14,--,1,24714,中性盘
2386,09:43:28,247.14,-0.14,6,148284,卖盘
2387,09:43:24,247.28,0.14,23,568744,买盘
2388,09:43:19,247.14,--,0,0,卖盘
2389,09:43:13,247.14,--,4,98856,买盘
2390,09:43:09,247.14,-0.13,5,123570,卖盘
2391,09:43:04,247.27,0.12,2,49454,买盘
2392,09:42:58,247.15,--,7,173005,卖盘
2393,09:42:54,247.15,--,6,148290,卖盘
2394,09:42:49,247.15,-0.13,3,74145,卖盘
2395,09:42:43,247.28,0.13,11,272008,买盘
2396,09:42:38,247.15,-0.13,6,148290,卖盘
2397,09:42:33,247.28,--,0,0,买盘
2398,09:42:28,247.28,0.01,75,1854600,买盘
2399,09:42:23,247.27,--,4,98908,卖盘
2400,09:42:18,247.27,0.07,1,24727,卖盘
2401,09:42:13,247.2,0.1,53,1310160,买盘
2402,09:42:08,247.1,-0.16,25,617750,卖盘
2403,09:42:03,247.26,0.17,1,24726,买盘
2404,09:41:58,247.09,0.09,10,247090,中性盘
2405,09:41:53,247.0,-0.01,3,74100,卖盘
2406,09:41:48,247.01,0.01,1,24701,卖盘
2407,09:41:43,247.0,--,11,271700,卖盘
2408,09:41:38,247.0,--,12,296400,卖盘
2409,09:41:28,247.0,--,5,123500,卖盘
2410,09:41:23,247.0,-0.28,33,818311,卖盘
2411,09:41:18,247.28,--,54,1335312,卖盘
2412,09:41:13,247.28,0.28,11,293521,买盘
2413,09:41:07,247.0,0.04,1,24700,买盘
2414,09:41:03,246.96,-0.01,6,148176,卖盘
2415,09:40:58,246.97,-0.03,51,1259547,卖盘
2416,09:40:53,247.0,-0.08,86,2127411,卖盘
2417,09:40:48,247.08,0.08,2,49416,买盘
2418,09:40:43,247.0,--,8,197600,卖盘
2419,09:40:38,247.0,-0.06,18,444600,卖盘
2420,09:40:33,247.06,--,0,0,卖盘
2421,09:40:28,247.06,-0.25,27,667062,卖盘
2422,09:40:23,247.31,0.23,16,395696,中性盘
2423,09:40:18,247.08,--,33,815364,卖盘
2424,09:40:13,247.08,--,62,1531896,买盘
2425,09:40:08,247.08,-0.32,18,444744,卖盘
2426,09:40:03,247.4,--,34,841160,卖盘
2427,09:39:58,247.4,--,4,98960,卖盘
2428,09:39:53,247.4,0.05,8,197920,买盘
2429,09:39:48,247.35,0.05,12,296820,买盘
2430,09:39:43,247.3,0.22,2,49460,买盘
2431,09:39:38,247.08,-0.36,6,148248,卖盘
2432,09:39:33,247.44,0.14,6,148464,买盘
2433,09:39:27,247.3,--,3,74190,卖盘
2434,09:39:23,247.3,0.3,5,123650,中性盘
2435,09:39:18,247.0,-0.45,53,1309100,卖盘
2436,09:39:12,247.45,0.15,7,173215,买盘
2437,09:39:08,247.3,0.17,2,49460,买盘
2438,09:39:03,247.13,-0.35,6,148278,卖盘
2439,09:38:58,247.48,-0.01,5,123740,买盘
2440,09:38:53,247.49,--,11,272239,买盘
2441,09:38:48,247.49,--,2,49498,买盘
2442,09:38:42,247.49,0.48,2,49498,中性盘
2443,09:38:38,247.01,0.01,12,296412,卖盘
2444,09:38:33,247.0,--,4,98800,卖盘
2445,09:38:28,247.0,--,1,24700,卖盘
2446,09:38:23,247.0,-0.09,60,1482000,卖盘
2447,09:38:17,247.09,0.09,12,318004,买盘
2448,09:38:13,247.0,--,2,49400,卖盘
2449,09:38:07,247.0,--,24,592800,卖盘
2450,09:38:03,247.0,--,12,299611,卖盘
2451,09:37:58,247.0,0.02,13,342589,买盘
2452,09:37:52,246.98,-0.02,5,123490,卖盘
2453,09:37:48,247.0,--,11,290472,卖盘
2454,09:37:43,247.0,--,15,376428,买盘
2455,09:37:37,247.0,-0.3,32,809172,卖盘
2456,09:37:33,247.3,0.21,108,2676775,买盘
2457,09:37:28,247.09,--,19,469471,买盘
2458,09:37:22,247.09,-0.01,5,123545,中性盘
2459,09:37:18,247.1,--,13,321230,买盘
2460,09:37:13,247.1,--,11,271810,买盘
2461,09:37:07,247.1,-0.05,35,883629,卖盘
2462,09:37:03,247.15,-0.21,9,222435,卖盘
2463,09:36:57,247.36,0.06,8,197888,买盘
2464,09:36:52,247.3,--,15,370950,买盘
2465,09:36:48,247.3,0.19,21,519330,中性盘
2466,09:36:42,247.11,--,11,271821,卖盘
2467,09:36:37,247.11,0.01,21,524861,买盘
2468,09:36:33,247.1,-0.05,18,444780,卖盘
2469,09:36:27,247.15,0.05,1,24715,买盘
2470,09:36:22,247.1,--,14,345940,卖盘
2471,09:36:18,247.1,--,5,123550,卖盘
2472,09:36:12,247.1,0.12,25,617750,买盘
2473,09:36:07,246.98,-0.01,21,518658,买盘
2474,09:36:02,246.99,0.29,11,271689,买盘
2475,09:35:57,246.7,--,4,98680,卖盘
2476,09:35:52,246.7,-0.1,8,197360,卖盘
2477,09:35:47,246.8,--,29,715720,买盘
2478,09:35:43,246.8,0.3,23,567640,买盘
2479,09:35:37,246.5,--,11,271150,卖盘
2480,09:35:32,246.5,--,59,1457801,买盘
2481,09:35:27,246.5,--,2,49300,买盘
2482,09:35:22,246.5,0.1,11,271150,买盘
2483,09:35:17,246.4,0.01,38,936320,卖盘
2484,09:35:12,246.39,--,0,0,卖盘
2485,09:35:07,246.39,-0.05,106,2611734,卖盘
2486,09:35:02,246.44,0.05,29,714676,买盘
2487,09:34:57,246.39,--,2,49278,卖盘
2488,09:34:52,246.39,-0.01,15,369585,卖盘
2489,09:34:47,246.4,0.11,12,295680,买盘
2490,09:34:42,246.29,-0.09,22,541838,卖盘
2491,09:34:37,246.38,--,31,763778,卖盘
2492,09:34:32,246.38,0.03,36,886968,买盘
2493,09:34:27,246.35,0.22,32,810737,买盘
2494,09:34:22,246.13,-0.23,64,1577447,卖盘
2495,09:34:17,246.36,0.07,5,123180,买盘
2496,09:34:12,246.29,0.21,9,244073,买盘
2497,09:34:07,246.08,-0.22,55,1355654,卖盘
2498,09:34:02,246.3,0.01,34,837420,买盘
2499,09:33:57,246.29,--,1,24629,买盘
2500,09:33:52,246.29,-0.06,21,517209,卖盘
2501,09:33:47,246.35,0.05,13,320255,买盘
2502,09:33:42,246.3,-0.08,1,32019,买盘
2503,09:33:37,246.38,0.02,16,394208,买盘
2504,09:33:32,246.36,0.08,19,468084,买盘
2505,09:33:27,246.28,0.16,16,409071,中性盘
2506,09:33:22,246.12,-0.21,3,73836,卖盘
2507,09:33:17,246.33,--,24,591192,买盘
2508,09:33:12,246.33,0.03,64,1576512,买盘
2509,09:33:02,246.3,0.2,17,418710,买盘
2510,09:32:57,246.1,0.05,29,713690,买盘
2511,09:32:52,246.05,-0.23,15,369075,卖盘
2512,09:32:47,246.28,0.18,39,960492,买盘
2513,09:32:41,246.1,--,17,418370,卖盘
2514,09:32:36,246.1,-0.17,1,24610,卖盘
2515,09:32:32,246.27,-0.09,13,320151,买盘
2516,09:32:26,246.36,-0.01,24,591264,中性盘
2517,09:32:21,246.37,--,12,295644,买盘
2518,09:32:17,246.37,0.1,28,689836,买盘
2519,09:32:12,246.27,-0.13,5,123135,中性盘
2520,09:32:06,246.4,--,0,0,买盘
2521,09:32:02,246.4,0.12,3,73920,买盘
2522,09:31:56,246.28,-0.16,7,174366,中性盘
2523,09:31:51,246.44,--,0,0,买盘
2524,09:31:46,246.44,-0.01,5,123220,中性盘
2525,09:31:42,246.45,0.01,18,443610,买盘
2526,09:31:36,246.44,0.44,1,24644,买盘
2527,09:31:31,246.0,-0.27,17,418200,卖盘
2528,09:31:26,246.27,-0.18,84,2068668,卖盘
2529,09:31:21,246.45,-0.02,7,172515,中性盘
2530,09:31:16,246.47,-0.02,25,616175,中性盘
2531,09:31:12,246.49,--,28,690172,买盘
2532,09:31:06,246.49,0.02,6,147894,买盘
2533,09:31:01,246.47,0.47,17,418999,买盘
2534,09:30:56,246.0,-0.4,25,615000,卖盘
2535,09:30:51,246.4,0.13,6,147840,买盘
2536,09:30:46,246.27,0.3,37,911199,买盘
2537,09:30:41,245.97,0.23,12,315087,买盘
2538,09:30:36,245.74,-0.06,11,270314,卖盘
2539,09:30:31,245.8,0.1,4,98320,买盘
2540,09:30:27,245.7,0.2,21,535626,买盘
2541,09:30:21,245.5,0.19,13,319150,买盘
2542,09:30:16,245.31,-0.34,41,1005771,卖盘
2543,09:30:12,245.65,0.35,21,515865,买盘
2544,09:30:06,245.3,0.14,29,711370,买盘
2545,09:30:01,245.16,--,49,1201284,卖盘
2546,09:28:47,245.16,--,0,0,卖盘
2547,09:25:05,245.16,245.16,63,1547449,买盘
