,time,price,change,volume,amount,type
0,15:00:00,8.74,--,0,0,买盘
1,14:59:59,8.74,0.02,0,0,买盘
2,14:59:59,8.72,--,47,40984,买盘
3,14:59:55,8.72,--,82,71504,买盘
4,14:59:50,8.72,--,80,69760,买盘
5,14:59:46,8.72,--,78,68016,买盘
6,14:59:40,8.72,-0.04,153,133416,卖盘
7,14:59:35,8.76,0.01,73,63948,买盘
8,14:59:31,8.75,0.01,29,25375,买盘
9,14:59:25,8.74,-0.02,858,749892,卖盘
10,14:59:20,8.76,0.01,108,94608,买盘
11,14:59:15,8.75,--,67,58625,中性盘
12,14:59:10,8.75,-0.01,265,231875,卖盘
13,14:59:05,8.76,0.01,245,214620,买盘
14,14:59:00,8.75,--,159,139125,买盘
15,14:58:55,8.75,--,173,151375,买盘
16,14:58:50,8.75,--,116,101500,买盘
17,14:58:45,8.75,-0.01,93,81375,卖盘
18,14:58:40,8.76,0.02,123,107748,买盘
19,14:58:35,8.74,-0.01,80,69920,卖盘
20,14:58:30,8.75,--,14,12250,卖盘
21,14:58:25,8.75,0.01,350,306250,买盘
22,14:58:20,8.74,-0.01,18,15732,卖盘
23,14:58:15,8.75,-0.01,59,51625,卖盘
24,14:58:10,8.76,--,315,275940,买盘
25,14:58:05,8.76,--,33,28908,买盘
26,14:58:00,8.76,0.01,36,31536,买盘
27,14:57:55,8.75,--,157,137375,卖盘
28,14:57:50,8.75,-0.01,9,7875,卖盘
29,14:57:45,8.76,0.01,54,47304,买盘
30,14:57:40,8.75,--,429,375375,买盘
31,14:57:35,8.75,--,15,13125,买盘
32,14:57:30,8.75,0.01,123,107625,买盘
33,14:57:25,8.74,--,159,138966,卖盘
34,14:57:20,8.74,--,86,75164,卖盘
35,14:57:15,8.74,--,185,161690,卖盘
36,14:57:10,8.74,--,71,62054,卖盘
37,14:57:05,8.74,--,25,21850,卖盘
38,14:57:00,8.74,0.01,318,277932,买盘
39,14:56:55,8.73,-0.01,63,54999,卖盘
40,14:56:50,8.74,--,42,36708,买盘
41,14:56:45,8.74,0.01,114,99636,买盘
42,14:56:40,8.73,--,244,213012,卖盘
43,14:56:30,8.73,--,93,81189,卖盘
44,14:56:25,8.73,--,10,8730,卖盘
45,14:56:20,8.73,--,126,109998,买盘
46,14:56:15,8.73,--,35,30555,买盘
47,14:56:10,8.73,-0.01,88,76824,卖盘
48,14:56:05,8.74,0.01,6,5244,买盘
49,14:56:00,8.73,-0.01,42,36666,卖盘
50,14:55:55,8.74,--,84,73416,买盘
51,14:55:50,8.74,0.01,161,140714,买盘
52,14:55:44,8.73,--,101,88173,卖盘
53,14:55:40,8.73,-0.01,68,59364,卖盘
54,14:55:34,8.74,--,51,44574,买盘
55,14:55:29,8.74,--,163,142462,买盘
56,14:55:25,8.74,0.01,70,61180,买盘
57,14:55:19,8.73,--,46,40158,卖盘
58,14:55:14,8.73,--,5,4365,卖盘
59,14:55:10,8.73,0.01,109,95157,买盘
60,14:55:04,8.72,--,23,20056,卖盘
61,14:54:55,8.72,--,19,16568,卖盘
62,14:54:49,8.72,0.01,25,21800,买盘
63,14:54:40,8.71,--,76,66196,卖盘
64,14:54:34,8.71,--,46,40066,卖盘
65,14:54:29,8.71,--,60,52260,卖盘
66,14:54:25,8.71,0.01,325,283075,买盘
67,14:54:19,8.7,-0.01,143,124409,卖盘
68,14:54:14,8.71,--,167,145457,买盘
69,14:54:10,8.71,--,203,176813,买盘
70,14:54:04,8.71,--,122,106262,买盘
71,14:53:59,8.71,0.01,58,50518,买盘
72,14:53:55,8.7,--,6,5220,卖盘
73,14:53:49,8.7,--,79,68730,卖盘
74,14:53:44,8.7,--,140,121799,买盘
75,14:53:40,8.7,0.01,24,20880,买盘
76,14:53:34,8.69,-0.01,32,27808,卖盘
77,14:53:29,8.7,--,198,172260,买盘
78,14:53:25,8.7,0.01,192,167040,买盘
79,14:53:19,8.69,-0.01,77,66913,卖盘
80,14:53:14,8.7,0.01,8,6959,买盘
81,14:53:10,8.69,--,62,53878,卖盘
82,14:53:04,8.69,--,23,19987,卖盘
83,14:52:59,8.69,-0.01,102,88638,卖盘
84,14:52:55,8.7,--,55,47849,买盘
85,14:52:49,8.7,--,167,145290,买盘
86,14:52:40,8.7,--,32,27839,买盘
87,14:52:34,8.7,-0.01,350,304500,卖盘
88,14:52:29,8.71,0.01,51,44421,买盘
89,14:52:25,8.7,--,162,140940,卖盘
90,14:52:19,8.7,-0.01,252,219239,卖盘
91,14:52:14,8.71,0.01,96,83616,买盘
92,14:52:10,8.7,-0.01,86,74820,卖盘
93,14:52:04,8.71,--,99,86229,买盘
94,14:51:59,8.71,--,90,78390,买盘
95,14:51:55,8.71,--,80,69680,卖盘
96,14:51:49,8.71,--,98,85358,卖盘
97,14:51:44,8.71,--,113,98423,买盘
98,14:51:39,8.71,--,2,1742,买盘
99,14:51:34,8.71,--,468,407628,卖盘
100,14:51:29,8.71,--,50,43550,卖盘
101,14:51:24,8.71,-0.01,41,35711,卖盘
102,14:51:19,8.72,--,189,164808,卖盘
103,14:51:14,8.72,-0.01,3,2616,卖盘
104,14:51:09,8.73,--,221,192933,买盘
105,14:51:04,8.73,0.01,41,35793,买盘
106,14:50:59,8.72,-0.01,100,87200,卖盘
107,14:50:54,8.73,--,1,873,买盘
108,14:50:49,8.73,--,111,96903,卖盘
109,14:50:39,8.73,--,348,303804,卖盘
110,14:50:34,8.73,--,30,26190,卖盘
111,14:50:24,8.73,0.01,100,87300,买盘
112,14:50:19,8.72,-0.01,149,129928,卖盘
113,14:50:14,8.73,--,140,122220,买盘
114,14:50:09,8.73,--,118,103014,卖盘
115,14:50:04,8.73,-0.01,14,12222,卖盘
116,14:49:59,8.74,0.01,8,6992,买盘
117,14:49:54,8.73,--,37,32301,卖盘
118,14:49:49,8.73,--,69,60237,卖盘
119,14:49:43,8.73,--,9,7857,卖盘
120,14:49:39,8.73,-0.01,5,4365,卖盘
121,14:49:34,8.74,0.01,29,25346,买盘
122,14:49:29,8.73,--,101,88173,卖盘
123,14:49:24,8.73,-0.01,5,4365,卖盘
124,14:49:19,8.74,0.01,221,193154,买盘
125,14:49:14,8.73,--,38,33174,卖盘
126,14:48:58,8.73,-0.01,33,28809,卖盘
127,14:48:49,8.74,--,23,20102,买盘
128,14:48:43,8.74,--,108,94392,买盘
129,14:48:38,8.74,--,107,93518,买盘
130,14:48:34,8.74,--,4,3496,卖盘
131,14:48:28,8.74,--,5,4370,卖盘
132,14:48:23,8.74,-0.01,18,15732,卖盘
133,14:48:19,8.75,--,5,4375,买盘
134,14:48:13,8.75,--,97,84875,买盘
135,14:48:08,8.75,0.01,146,127750,买盘
136,14:48:04,8.74,-0.01,11,9614,卖盘
137,14:47:58,8.75,0.01,57,49875,买盘
138,14:47:49,8.74,-0.01,17,14858,卖盘
139,14:47:43,8.75,--,187,163625,卖盘
140,14:47:38,8.75,-0.01,34,29750,卖盘
141,14:47:34,8.76,0.01,91,79716,买盘
142,14:47:28,8.75,--,11,9625,卖盘
143,14:47:19,8.75,--,39,34125,卖盘
144,14:47:13,8.75,--,53,46375,卖盘
145,14:47:08,8.75,--,69,60375,卖盘
146,14:47:04,8.75,--,16,14000,卖盘
147,14:46:58,8.75,--,46,40250,卖盘
148,14:46:53,8.75,--,1,875,卖盘
149,14:46:48,8.75,--,10,8750,卖盘
150,14:46:43,8.75,-0.01,17,14875,卖盘
151,14:46:33,8.76,--,27,23652,买盘
152,14:46:28,8.76,--,3,2628,中性盘
153,14:46:23,8.76,--,7,6132,卖盘
154,14:46:19,8.76,--,21,18396,卖盘
155,14:46:08,8.76,--,40,35040,卖盘
156,14:46:04,8.76,--,65,56940,卖盘
157,14:45:58,8.76,--,20,17520,卖盘
158,14:45:53,8.76,--,25,21900,卖盘
159,14:45:48,8.76,--,61,53436,卖盘
160,14:45:43,8.76,--,56,49056,卖盘
161,14:45:38,8.76,--,35,30660,卖盘
162,14:45:33,8.76,--,42,36792,卖盘
163,14:45:28,8.76,--,15,13140,卖盘
164,14:45:18,8.76,--,55,48180,卖盘
165,14:45:13,8.76,--,6,5256,卖盘
166,14:45:08,8.76,--,2,1752,卖盘
167,14:45:03,8.76,--,93,81468,卖盘
168,14:44:58,8.76,--,13,11388,卖盘
169,14:44:49,8.76,--,26,22776,卖盘
170,14:44:43,8.76,--,45,39420,卖盘
171,14:44:33,8.76,-0.01,52,45552,卖盘
172,14:44:28,8.77,0.01,158,138566,买盘
173,14:44:23,8.76,--,5,4380,买盘
174,14:44:18,8.76,--,134,117384,买盘
175,14:44:13,8.76,-0.02,9,7884,卖盘
176,14:44:08,8.78,0.02,89,78142,买盘
177,14:44:03,8.76,-0.02,61,53436,卖盘
178,14:43:58,8.78,0.02,35,30729,买盘
179,14:43:48,8.76,-0.02,20,17520,卖盘
180,14:43:43,8.78,0.01,53,46534,买盘
181,14:43:33,8.77,--,202,177154,卖盘
182,14:43:28,8.77,-0.01,336,294672,卖盘
183,14:43:18,8.78,0.01,18,15803,买盘
184,14:43:13,8.77,--,106,92962,卖盘
185,14:43:08,8.77,-0.01,3,2631,卖盘
186,14:42:58,8.78,0.01,17,14925,买盘
187,14:42:53,8.77,-0.01,36,31572,卖盘
188,14:42:48,8.78,0.01,274,240571,买盘
189,14:42:43,8.77,--,68,59636,卖盘
190,14:42:38,8.77,--,16,14032,卖盘
191,14:42:33,8.77,--,3,2631,卖盘
192,14:42:28,8.77,0.01,111,97347,买盘
193,14:42:13,8.76,--,95,83220,买盘
194,14:42:07,8.76,--,12,10512,买盘
195,14:41:58,8.76,--,3,2628,买盘
196,14:41:52,8.76,--,173,151548,买盘
197,14:41:48,8.76,0.01,10,8760,买盘
198,14:41:43,8.75,-0.01,53,46375,卖盘
199,14:41:37,8.76,0.01,58,50808,买盘
200,14:41:22,8.75,0.01,468,409902,买盘
201,14:41:18,8.74,--,22,19228,卖盘
202,14:41:12,8.74,-0.01,63,55062,卖盘
203,14:41:07,8.75,0.01,448,392000,买盘
204,14:41:02,8.74,-0.01,24,20976,卖盘
205,14:40:58,8.75,--,192,168000,买盘
206,14:40:52,8.75,--,99,86625,买盘
207,14:40:47,8.75,--,75,65625,买盘
208,14:40:37,8.75,--,18,15750,买盘
209,14:40:32,8.75,0.01,476,416500,买盘
210,14:40:27,8.74,-0.01,21,18354,卖盘
211,14:40:22,8.75,--,17,14875,买盘
212,14:40:17,8.75,0.01,14,12250,买盘
213,14:40:12,8.74,--,8,6992,卖盘
214,14:40:07,8.74,-0.01,68,59432,卖盘
215,14:39:57,8.75,0.01,2,1750,买盘
216,14:39:37,8.74,--,59,51566,卖盘
217,14:39:32,8.74,--,26,22724,买盘
218,14:39:27,8.74,0.01,103,90022,买盘
219,14:39:22,8.73,-0.01,89,77697,卖盘
220,14:39:17,8.74,-0.01,1,874,中性盘
221,14:39:12,8.75,0.01,183,160125,买盘
222,14:39:07,8.74,--,39,34086,买盘
223,14:39:02,8.74,--,11,9614,买盘
224,14:38:57,8.74,--,72,62928,买盘
225,14:38:52,8.74,--,25,21850,买盘
226,14:38:47,8.74,--,47,41078,买盘
227,14:38:42,8.74,--,273,238602,买盘
228,14:38:37,8.74,-0.01,546,477204,卖盘
229,14:38:32,8.75,0.01,50,43750,买盘
230,14:38:27,8.74,-0.01,90,78660,卖盘
231,14:38:22,8.75,--,5,4375,买盘
232,14:38:12,8.75,--,25,21875,买盘
233,14:38:02,8.75,0.01,23,20125,买盘
234,14:37:57,8.74,-0.01,322,281428,卖盘
235,14:37:52,8.75,--,5,4375,买盘
236,14:37:47,8.75,0.01,92,80500,买盘
237,14:37:42,8.74,-0.01,53,46322,卖盘
238,14:37:37,8.75,-0.01,529,462875,买盘
239,14:37:27,8.76,0.01,123,107748,买盘
240,14:37:22,8.75,--,68,59500,买盘
241,14:37:17,8.75,0.01,5,4375,买盘
242,14:37:07,8.74,--,16,13984,卖盘
243,14:37:02,8.74,-0.01,10,8740,卖盘
244,14:36:57,8.75,0.01,7,6125,买盘
245,14:36:52,8.74,--,56,48944,卖盘
246,14:36:42,8.74,--,55,48070,卖盘
247,14:36:37,8.74,0.01,130,113620,买盘
248,14:36:32,8.73,-0.01,16,13968,卖盘
249,14:36:22,8.74,--,37,32338,买盘
250,14:36:12,8.74,0.01,2,1748,买盘
251,14:36:07,8.73,-0.01,264,230472,卖盘
252,14:36:01,8.74,--,27,23598,卖盘
253,14:35:57,8.74,--,79,69046,卖盘
254,14:35:52,8.74,--,49,42826,卖盘
255,14:35:47,8.74,--,10,8740,卖盘
256,14:35:42,8.74,--,147,128478,卖盘
257,14:35:37,8.74,--,64,55936,买盘
258,14:35:32,8.74,--,15,13110,买盘
259,14:35:27,8.74,--,10,8740,买盘
260,14:35:22,8.74,-0.01,11,9614,卖盘
261,14:35:16,8.75,-0.01,5,4375,买盘
262,14:35:07,8.76,--,0,0,买盘
263,14:35:01,8.76,0.01,180,157680,买盘
264,14:34:57,8.75,--,10,8750,卖盘
265,14:34:52,8.75,--,83,72625,卖盘
266,14:34:46,8.75,-0.02,26,22750,卖盘
267,14:34:42,8.77,0.01,382,335014,买盘
268,14:34:37,8.76,--,12,10512,卖盘
269,14:34:22,8.76,--,6,5256,买盘
270,14:34:11,8.76,-0.01,3,2628,卖盘
271,14:33:57,8.77,0.01,7,6139,买盘
272,14:33:52,8.76,-0.02,140,122640,卖盘
273,14:33:46,8.78,0.01,292,256375,买盘
274,14:33:41,8.77,--,20,17540,买盘
275,14:33:36,8.77,--,31,27187,买盘
276,14:33:31,8.77,--,1,877,买盘
277,14:33:21,8.77,--,10,8770,买盘
278,14:33:16,8.77,--,4,3508,卖盘
279,14:33:06,8.77,--,2,1754,卖盘
280,14:33:01,8.77,-0.01,5,4385,卖盘
281,14:32:56,8.78,--,58,50923,卖盘
282,14:32:51,8.78,--,27,23706,卖盘
283,14:32:46,8.78,0.01,329,288862,买盘
284,14:32:41,8.77,--,93,81561,卖盘
285,14:32:36,8.77,--,10,8770,卖盘
286,14:32:21,8.77,--,7,6139,卖盘
287,14:32:16,8.77,--,40,35080,卖盘
288,14:32:11,8.77,--,25,21925,卖盘
289,14:32:01,8.77,--,12,10524,卖盘
290,14:31:56,8.77,--,38,33326,卖盘
291,14:31:51,8.77,--,50,43850,卖盘
292,14:31:46,8.77,--,69,60951,买盘
293,14:31:36,8.77,--,2,1754,买盘
294,14:31:31,8.77,--,72,63582,卖盘
295,14:31:21,8.77,--,130,114010,卖盘
296,14:31:16,8.77,-0.01,5,4385,卖盘
297,14:31:11,8.78,0.01,65,57069,买盘
298,14:31:06,8.77,--,0,0,卖盘
299,14:31:01,8.77,-0.01,235,206095,卖盘
300,14:30:51,8.78,--,234,205451,卖盘
301,14:30:46,8.78,0.01,180,158040,买盘
302,14:30:36,8.77,--,22,19294,卖盘
303,14:30:26,8.77,--,3,2631,卖盘
304,14:30:21,8.77,--,6,5262,卖盘
305,14:30:16,8.77,--,30,26310,卖盘
306,14:30:11,8.77,-0.01,23,20171,卖盘
307,14:30:06,8.78,--,5,4390,买盘
308,14:29:56,8.78,--,22,19316,买盘
309,14:29:51,8.78,--,686,602308,卖盘
310,14:29:46,8.78,--,15,13169,卖盘
311,14:29:36,8.78,--,30,26339,卖盘
312,14:29:21,8.78,--,2,1755,卖盘
313,14:29:16,8.78,-0.01,20,17560,卖盘
314,14:29:10,8.79,--,35,30764,买盘
315,14:29:06,8.79,0.01,83,72957,买盘
316,14:29:01,8.78,--,20,17560,卖盘
317,14:28:55,8.78,--,15,13169,卖盘
318,14:28:51,8.78,--,241,211597,买盘
319,14:28:46,8.78,--,14,12292,买盘
320,14:28:40,8.78,0.01,1,877,买盘
321,14:28:36,8.77,-0.01,82,71914,卖盘
322,14:28:31,8.78,--,50,43900,买盘
323,14:28:21,8.78,--,67,58825,卖盘
324,14:28:16,8.78,--,5,4390,卖盘
325,14:28:10,8.78,--,52,45656,卖盘
326,14:28:06,8.78,--,15,13169,卖盘
327,14:28:01,8.78,--,6,5268,卖盘
328,14:27:55,8.78,--,313,274814,买盘
329,14:27:46,8.78,--,7,6146,买盘
330,14:27:40,8.78,--,54,47412,买盘
331,14:27:36,8.78,--,30,26339,买盘
332,14:27:31,8.78,--,120,105359,买盘
333,14:27:25,8.78,0.01,30,26339,买盘
334,14:27:10,8.77,--,32,28064,卖盘
335,14:27:06,8.77,--,11,9647,卖盘
336,14:26:55,8.77,0.02,363,318789,买盘
337,14:26:40,8.75,--,3,2625,买盘
338,14:26:16,8.75,0.01,64,56000,买盘
339,14:26:10,8.74,--,1,874,卖盘
340,14:26:01,8.74,-0.02,20,17480,中性盘
341,14:25:55,8.76,0.02,406,355656,买盘
342,14:25:45,8.74,-0.01,3,2622,卖盘
343,14:25:40,8.75,-0.01,22,19250,卖盘
344,14:25:30,8.76,0.02,95,83220,买盘
345,14:25:25,8.74,-0.01,61,53314,卖盘
346,14:25:15,8.75,--,77,67812,卖盘
347,14:25:05,8.75,-0.01,10,8750,卖盘
348,14:25:00,8.76,0.03,348,305286,买盘
349,14:24:55,8.73,--,0,0,卖盘
350,14:24:45,8.73,0.01,20,17460,卖盘
351,14:24:40,8.72,--,0,0,卖盘
352,14:24:35,8.72,-0.01,200,174400,卖盘
353,14:24:25,8.73,-0.02,4,3492,卖盘
354,14:24:20,8.75,--,73,63875,买盘
355,14:24:05,8.75,--,0,0,买盘
356,14:24:00,8.75,--,408,357000,买盘
357,14:23:55,8.75,--,52,45500,买盘
358,14:23:45,8.75,0.03,8,7000,买盘
359,14:23:40,8.72,-0.03,33,28776,卖盘
360,14:23:30,8.75,0.03,172,150500,买盘
361,14:23:25,8.72,--,12,10464,卖盘
362,14:23:20,8.72,--,12,10464,卖盘
363,14:23:15,8.72,--,0,0,卖盘
364,14:23:10,8.72,--,2,1744,卖盘
365,14:23:05,8.72,-0.03,15,13080,卖盘
366,14:23:00,8.75,0.05,415,363125,买盘
367,14:22:55,8.7,-0.01,665,578550,卖盘
368,14:22:50,8.71,--,5,4355,卖盘
369,14:22:45,8.71,--,56,48776,买盘
370,14:22:40,8.71,--,121,105391,买盘
371,14:22:35,8.71,--,31,27001,买盘
372,14:22:30,8.71,-0.04,1543,1343953,卖盘
373,14:22:25,8.75,0.01,10,8750,买盘
374,14:22:20,8.74,--,221,193154,卖盘
375,14:22:15,8.74,--,9,7866,卖盘
376,14:22:10,8.74,--,110,96140,卖盘
377,14:22:05,8.74,0.03,22,19228,买盘
378,14:21:55,8.71,--,220,191620,卖盘
379,14:21:45,8.71,--,275,239525,卖盘
380,14:21:40,8.71,-0.04,310,270010,卖盘
381,14:21:30,8.75,0.03,122,106750,买盘
382,14:21:25,8.72,--,0,0,卖盘
383,14:21:19,8.72,-0.01,346,301712,卖盘
384,14:21:04,8.73,0.01,120,104760,买盘
385,14:21:00,8.72,--,46,40112,买盘
386,14:20:49,8.72,-0.01,143,124696,卖盘
387,14:20:45,8.73,0.01,52,45396,买盘
388,14:20:40,8.72,-0.01,119,103768,卖盘
389,14:20:34,8.73,0.01,50,43650,买盘
390,14:20:19,8.72,0.01,5,4360,中性盘
391,14:20:10,8.71,--,423,368433,卖盘
392,14:20:04,8.71,-0.01,15,13065,卖盘
393,14:20:00,8.72,--,7,6104,买盘
394,14:19:55,8.72,0.02,108,94176,卖盘
395,14:19:49,8.7,-0.01,470,408899,卖盘
396,14:19:45,8.71,--,0,0,卖盘
397,14:19:40,8.71,--,0,0,卖盘
398,14:19:34,8.71,--,0,0,卖盘
399,14:19:30,8.71,-0.02,585,509535,卖盘
400,14:19:25,8.73,-0.03,662,577926,卖盘
401,14:19:19,8.76,--,27,23652,卖盘
402,14:19:10,8.76,0.01,67,59147,买盘
403,14:19:04,8.75,-0.01,10,8750,卖盘
404,14:18:55,8.76,--,1,876,买盘
405,14:18:49,8.76,--,2,1752,买盘
406,14:18:45,8.76,-0.01,62,54732,卖盘
407,14:18:34,8.77,--,4,3508,买盘
408,14:18:30,8.77,--,64,56128,买盘
409,14:18:24,8.77,0.01,3,2631,买盘
410,14:18:19,8.76,-0.01,263,230388,卖盘
411,14:18:10,8.77,--,400,350800,买盘
412,14:17:55,8.77,--,71,62267,买盘
413,14:17:49,8.77,--,8,7016,买盘
414,14:17:44,8.77,--,1,877,买盘
415,14:17:39,8.77,0.01,31,27187,买盘
416,14:17:34,8.76,--,20,17520,卖盘
417,14:17:29,8.76,--,1,876,卖盘
418,14:17:19,8.76,--,20,17520,卖盘
419,14:17:14,8.76,--,232,203687,买盘
420,14:17:09,8.76,--,46,40296,买盘
421,14:16:54,8.76,--,1,876,买盘
422,14:16:49,8.76,0.01,14,12264,买盘
423,14:16:39,8.75,-0.01,25,21875,卖盘
424,14:16:34,8.76,0.01,1,876,买盘
425,14:16:29,8.75,--,20,17500,卖盘
426,14:16:19,8.75,--,10,8750,卖盘
427,14:16:14,8.75,0.02,222,194250,买盘
428,14:16:09,8.73,--,63,54999,卖盘
429,14:16:04,8.73,-0.01,107,93411,卖盘
430,14:15:49,8.74,-0.01,244,213256,卖盘
431,14:15:44,8.75,0.01,1,875,买盘
432,14:15:39,8.74,--,28,24472,卖盘
433,14:15:34,8.74,--,24,20976,卖盘
434,14:15:24,8.74,--,56,48944,卖盘
435,14:15:19,8.74,0.01,123,107502,买盘
436,14:15:09,8.73,--,67,58491,卖盘
437,14:15:04,8.73,--,60,52380,卖盘
438,14:14:54,8.73,--,83,72459,卖盘
439,14:14:49,8.73,--,49,42777,卖盘
440,14:14:44,8.73,-0.01,51,44523,卖盘
441,14:14:39,8.74,--,19,16606,买盘
442,14:14:34,8.74,0.01,30,26220,买盘
443,14:14:28,8.73,--,94,82192,卖盘
444,14:14:24,8.73,--,176,153648,卖盘
445,14:14:19,8.73,--,28,24444,卖盘
446,14:14:13,8.73,0.01,121,105633,买盘
447,14:14:09,8.72,--,24,20928,卖盘
448,14:14:04,8.72,--,5,4360,卖盘
449,14:13:58,8.72,--,17,14824,卖盘
450,14:13:43,8.72,-0.01,1,872,卖盘
451,14:13:34,8.73,--,2,1746,卖盘
452,14:13:28,8.73,-0.01,27,23571,买盘
453,14:13:18,8.74,0.02,566,494684,买盘
454,14:13:13,8.72,--,85,74120,卖盘
455,14:13:04,8.72,-0.02,117,102024,卖盘
456,14:12:58,8.74,--,2,1748,买盘
457,14:12:49,8.74,0.02,2,1748,中性盘
458,14:12:43,8.72,-0.02,500,436000,卖盘
459,14:12:33,8.74,-0.01,5,4370,中性盘
460,14:12:28,8.75,-0.01,57,50295,卖盘
461,14:12:24,8.76,--,8,7008,卖盘
462,14:12:18,8.76,0.01,389,341219,买盘
463,14:12:13,8.75,--,5,4375,买盘
464,14:12:09,8.75,--,63,55545,卖盘
465,14:12:03,8.75,--,130,113750,卖盘
466,14:11:53,8.75,-0.02,66,57750,卖盘
467,14:11:48,8.77,--,0,0,买盘
468,14:11:43,8.77,0.01,196,172348,买盘
469,14:11:34,8.76,--,50,43800,卖盘
470,14:11:24,8.76,0.01,81,70956,买盘
471,14:11:13,8.75,--,37,32375,卖盘
472,14:11:04,8.75,0.02,56,49000,买盘
473,14:10:58,8.73,--,0,0,卖盘
474,14:10:53,8.73,-0.03,24,20952,卖盘
475,14:10:43,8.76,-0.01,56,49056,卖盘
476,14:10:38,8.77,--,5,4385,卖盘
477,14:10:33,8.77,--,81,71037,卖盘
478,14:10:28,8.77,--,250,219250,卖盘
479,14:10:23,8.77,0.02,54,47358,买盘
480,14:10:13,8.75,-0.01,29,25375,卖盘
481,14:10:03,8.76,-0.01,21,18396,卖盘
482,14:09:48,8.77,--,24,21048,卖盘
483,14:09:43,8.77,--,145,127165,卖盘
484,14:09:38,8.77,--,29,25433,卖盘
485,14:09:33,8.77,--,56,49112,卖盘
486,14:09:28,8.77,--,258,226266,买盘
487,14:09:23,8.77,0.01,10,8770,买盘
488,14:09:18,8.76,--,6,5256,卖盘
489,14:09:13,8.76,--,41,35916,卖盘
490,14:09:08,8.76,--,2,1752,卖盘
491,14:09:03,8.76,--,9,7884,卖盘
492,14:08:58,8.76,--,10,8760,卖盘
493,14:08:53,8.76,--,286,250536,买盘
494,14:08:48,8.76,0.01,109,95484,买盘
495,14:08:43,8.75,0.01,3,2625,卖盘
496,14:08:28,8.74,--,139,121486,卖盘
497,14:08:07,8.74,--,10,8740,卖盘
498,14:08:03,8.74,--,4,3496,卖盘
499,14:07:58,8.74,--,252,220248,卖盘
500,14:07:52,8.74,--,19,16606,卖盘
501,14:07:43,8.74,--,24,20976,卖盘
502,14:07:37,8.74,--,30,26220,卖盘
503,14:07:33,8.74,--,100,87400,卖盘
504,14:07:28,8.74,--,42,36708,卖盘
505,14:07:22,8.74,0.02,241,210634,买盘
506,14:07:13,8.72,-0.01,3,2616,卖盘
507,14:07:07,8.73,-0.01,6,5238,买盘
508,14:07:03,8.74,--,1,874,中性盘
509,14:06:57,8.74,0.01,23,20102,买盘
510,14:06:52,8.73,--,3,2619,卖盘
511,14:06:48,8.73,-0.01,100,87300,卖盘
512,14:06:42,8.74,--,9,7866,买盘
513,14:06:37,8.74,--,42,36708,买盘
514,14:06:33,8.74,0.01,406,354844,买盘
515,14:06:27,8.73,--,9,7857,卖盘
516,14:06:22,8.73,-0.02,25,21825,卖盘
517,14:06:12,8.75,--,2,1750,买盘
518,14:06:07,8.75,0.02,5,4375,买盘
519,14:06:03,8.73,-0.02,26,22698,卖盘
520,14:05:57,8.75,--,190,166250,卖盘
521,14:05:52,8.75,--,43,37625,卖盘
522,14:05:37,8.75,--,38,33250,卖盘
523,14:05:32,8.75,0.02,137,119875,买盘
524,14:05:27,8.73,-0.01,510,445230,卖盘
525,14:05:22,8.74,--,2,1748,卖盘
526,14:05:07,8.74,--,2,1748,卖盘
527,14:05:02,8.74,--,0,0,中性盘
528,14:04:57,8.74,0.02,5,4370,卖盘
529,14:04:52,8.72,--,18,15696,卖盘
530,14:04:47,8.72,--,0,0,卖盘
531,14:04:42,8.72,--,76,66272,卖盘
532,14:04:37,8.72,-0.05,264,230208,卖盘
533,14:04:32,8.77,0.05,177,155229,买盘
534,14:04:27,8.72,-0.02,12,10464,卖盘
535,14:04:22,8.74,-0.03,23,20102,卖盘
536,14:04:17,8.77,--,0,0,买盘
537,14:04:12,8.77,--,5,4385,买盘
538,14:04:07,8.77,--,49,42973,卖盘
539,14:04:02,8.77,0.07,23,20171,买盘
540,14:03:57,8.7,--,0,0,卖盘
541,14:03:52,8.7,-0.03,3062,2663940,卖盘
542,14:03:47,8.73,-0.02,300,261900,卖盘
543,14:03:42,8.75,--,7,6125,卖盘
544,14:03:37,8.75,--,713,623875,卖盘
545,14:03:32,8.75,0.01,60,53147,买盘
546,14:03:27,8.74,-0.01,20,17480,卖盘
547,14:03:22,8.75,--,40,35000,买盘
548,14:03:12,8.75,--,24,21000,买盘
549,14:03:07,8.75,-0.03,287,251352,卖盘
550,14:03:02,8.78,0.03,1,877,买盘
551,14:02:57,8.75,-0.04,5,4375,卖盘
552,14:02:52,8.79,0.04,10,8790,买盘
553,14:02:47,8.75,-0.03,503,440125,卖盘
554,14:02:42,8.78,--,5,4390,卖盘
555,14:02:37,8.78,0.02,278,244733,买盘
556,14:02:32,8.76,--,0,0,卖盘
557,14:02:27,8.76,--,53,46725,卖盘
558,14:02:22,8.76,-0.02,14,12264,卖盘
559,14:02:17,8.78,--,0,0,买盘
560,14:02:07,8.78,--,1,877,买盘
561,14:01:52,8.78,0.02,12,10536,买盘
562,14:01:42,8.76,--,23,20586,卖盘
563,14:01:37,8.76,0.01,53,46428,买盘
564,14:01:27,8.75,--,21,18375,卖盘
565,14:01:22,8.75,--,1,875,卖盘
566,14:01:12,8.75,--,262,229250,卖盘
567,14:01:01,8.75,--,60,52500,卖盘
568,14:00:46,8.75,--,20,17500,卖盘
569,14:00:37,8.75,--,14,12250,卖盘
570,14:00:31,8.75,--,1,875,卖盘
571,14:00:27,8.75,0.01,79,69125,买盘
572,14:00:22,8.74,--,31,27094,卖盘
573,14:00:07,8.74,--,31,27094,卖盘
574,13:59:52,8.74,--,10,8740,卖盘
575,13:59:42,8.74,--,2,1748,卖盘
576,13:59:36,8.74,--,53,46322,买盘
577,13:59:31,8.74,0.01,76,66424,买盘
578,13:59:27,8.73,--,92,80316,卖盘
579,13:59:21,8.73,--,33,29166,卖盘
580,13:59:16,8.73,--,44,38412,买盘
581,13:59:12,8.73,--,46,40158,买盘
582,13:59:06,8.73,--,141,123093,买盘
583,13:59:01,8.73,--,78,68094,买盘
584,13:58:57,8.73,--,4,3492,买盘
585,13:58:51,8.73,-0.02,117,102141,卖盘
586,13:58:46,8.75,0.02,326,285250,买盘
587,13:58:42,8.73,--,97,84681,卖盘
588,13:58:36,8.73,-0.01,140,122220,卖盘
589,13:58:31,8.74,--,1,874,买盘
590,13:58:27,8.74,--,151,131974,卖盘
591,13:58:16,8.74,-0.01,3,2622,卖盘
592,13:58:12,8.75,--,70,61250,卖盘
593,13:58:01,8.75,-0.01,170,148750,卖盘
594,13:57:51,8.76,--,75,65700,卖盘
595,13:57:46,8.76,--,445,389820,卖盘
596,13:57:41,8.76,--,1,876,卖盘
597,13:57:36,8.76,-0.01,61,53436,卖盘
598,13:57:31,8.77,0.01,16,14032,买盘
599,13:57:26,8.76,--,5,4380,卖盘
600,13:57:16,8.76,--,46,40296,卖盘
601,13:57:06,8.76,--,12,10512,卖盘
602,13:57:01,8.76,--,53,46428,卖盘
603,13:56:56,8.76,--,45,39420,卖盘
604,13:56:46,8.76,--,204,178704,买盘
605,13:56:41,8.76,0.01,9,7884,买盘
606,13:56:36,8.75,-0.01,165,144375,卖盘
607,13:56:31,8.76,0.01,100,87600,买盘
608,13:56:26,8.75,--,12,10500,卖盘
609,13:56:21,8.75,-0.01,17,14875,卖盘
610,13:56:16,8.76,0.01,3,2628,买盘
611,13:56:11,8.75,--,67,58625,卖盘
612,13:56:06,8.75,--,13,11375,卖盘
613,13:56:01,8.75,--,3,2625,卖盘
614,13:55:51,8.75,-0.03,956,836500,卖盘
615,13:55:46,8.78,--,26,22828,卖盘
616,13:55:41,8.78,-0.01,5,4390,卖盘
617,13:55:36,8.79,-0.01,192,168767,卖盘
618,13:55:31,8.8,0.01,73,64240,买盘
619,13:55:21,8.79,--,239,210080,卖盘
620,13:55:16,8.79,--,27,23732,卖盘
621,13:55:11,8.79,--,90,79109,卖盘
622,13:55:06,8.79,--,20,17580,卖盘
623,13:55:01,8.79,--,4,3515,卖盘
624,13:54:56,8.79,--,111,97568,卖盘
625,13:54:46,8.79,--,4,3515,卖盘
626,13:54:31,8.79,--,61,53618,卖盘
627,13:54:25,8.79,--,66,58013,买盘
628,13:54:16,8.79,--,10,8790,买盘
629,13:54:10,8.79,--,6,5273,买盘
630,13:54:06,8.79,-0.01,49,43070,卖盘
631,13:54:01,8.8,0.01,21,18480,买盘
632,13:53:55,8.79,--,1,878,卖盘
633,13:53:51,8.79,0.01,336,295344,买盘
634,13:53:40,8.78,--,50,43900,卖盘
635,13:53:36,8.78,--,153,134334,卖盘
636,13:53:31,8.78,--,80,70240,卖盘
637,13:53:25,8.78,-0.01,98,86044,卖盘
638,13:53:21,8.79,0.01,1,878,买盘
639,13:53:16,8.78,--,25,21950,卖盘
640,13:53:10,8.78,--,22,19316,卖盘
641,13:53:05,8.78,--,90,79020,卖盘
642,13:52:55,8.78,--,10,8780,卖盘
643,13:52:50,8.78,--,3,2634,卖盘
644,13:52:46,8.78,0.01,44,38632,中性盘
645,13:52:40,8.77,-0.02,15,13155,卖盘
646,13:52:35,8.79,0.02,6,5273,买盘
647,13:52:30,8.77,-0.01,4,3508,卖盘
648,13:52:25,8.78,--,0,0,卖盘
649,13:52:20,8.78,--,23,20194,卖盘
650,13:52:15,8.78,0.01,22,19316,中性盘
651,13:52:05,8.77,--,375,328875,卖盘
652,13:52:00,8.77,--,6,5262,卖盘
653,13:51:55,8.77,--,25,21925,卖盘
654,13:51:45,8.77,-0.01,47,41219,卖盘
655,13:51:40,8.78,0.01,12,10536,买盘
656,13:51:35,8.77,-0.01,3,2631,卖盘
657,13:51:25,8.78,--,20,17560,买盘
658,13:51:15,8.78,--,327,287106,卖盘
659,13:51:10,8.78,--,52,45656,卖盘
660,13:51:05,8.78,-0.01,5,4390,卖盘
661,13:51:00,8.79,0.01,291,255788,买盘
662,13:50:55,8.78,--,50,43900,卖盘
663,13:50:50,8.78,-0.01,2,1755,卖盘
664,13:50:35,8.79,--,5,4395,买盘
665,13:50:30,8.79,--,27,23732,卖盘
666,13:50:25,8.79,0.01,58,50981,卖盘
667,13:50:20,8.78,-0.02,1,877,卖盘
668,13:50:15,8.8,0.01,240,211200,买盘
669,13:50:10,8.79,0.01,73,64166,买盘
670,13:50:05,8.78,--,7,6146,卖盘
671,13:50:00,8.78,-0.01,167,146626,卖盘
672,13:49:55,8.79,--,201,176678,卖盘
673,13:49:50,8.79,--,3,2636,卖盘
674,13:49:45,8.79,--,155,136245,卖盘
675,13:49:40,8.79,--,16,14063,卖盘
676,13:49:30,8.79,--,25,21974,卖盘
677,13:49:25,8.79,-0.01,38,33402,卖盘
678,13:49:20,8.8,--,190,167200,买盘
679,13:49:15,8.8,0.01,1,880,买盘
680,13:49:10,8.79,-0.01,3,2636,卖盘
681,13:48:55,8.8,--,21,18480,买盘
682,13:48:45,8.8,-0.02,505,444400,卖盘
683,13:48:40,8.82,0.01,3,2646,买盘
684,13:48:35,8.81,--,22,19382,买盘
685,13:48:30,8.81,-0.01,6,5286,中性盘
686,13:48:25,8.82,--,5,4410,买盘
687,13:48:20,8.82,0.01,200,176400,买盘
688,13:48:15,8.81,--,7,6167,卖盘
689,13:48:10,8.81,--,21,18501,卖盘
690,13:48:00,8.81,--,9,7929,卖盘
691,13:47:50,8.81,0.01,66,58146,买盘
692,13:47:40,8.8,-0.01,16,14080,卖盘
693,13:47:25,8.81,0.01,190,167390,买盘
694,13:47:19,8.8,--,33,29040,卖盘
695,13:47:15,8.8,--,21,18480,卖盘
696,13:46:59,8.8,-0.01,217,190960,卖盘
697,13:46:55,8.81,0.02,30,26430,买盘
698,13:46:34,8.79,-0.01,199,174920,卖盘
699,13:46:25,8.8,-0.01,470,413600,卖盘
700,13:46:19,8.81,--,73,64313,卖盘
701,13:46:10,8.81,--,7,6167,卖盘
702,13:46:04,8.81,--,26,22906,卖盘
703,13:45:44,8.81,-0.01,2,1762,卖盘
704,13:45:39,8.82,--,219,193599,卖盘
705,13:45:34,8.82,--,3,2646,卖盘
706,13:45:24,8.82,--,71,63063,买盘
707,13:45:19,8.82,--,70,61740,买盘
708,13:45:04,8.82,--,55,48510,买盘
709,13:44:54,8.82,-0.01,137,121275,卖盘
710,13:44:49,8.83,--,41,36203,买盘
711,13:44:44,8.83,0.01,120,105960,买盘
712,13:44:39,8.82,--,65,57330,卖盘
713,13:44:29,8.82,--,6,5292,卖盘
714,13:44:24,8.82,0.02,135,119511,买盘
715,13:44:19,8.8,-0.02,487,429000,卖盘
716,13:44:09,8.82,0.01,33,29106,买盘
717,13:44:04,8.81,-0.01,70,61670,卖盘
718,13:43:59,8.82,--,10,8820,买盘
719,13:43:49,8.82,--,115,101430,买盘
720,13:43:39,8.82,--,55,48510,买盘
721,13:43:34,8.82,--,17,14994,买盘
722,13:43:29,8.82,0.01,190,167580,买盘
723,13:43:24,8.81,--,5,4405,卖盘
724,13:42:59,8.81,0.01,6,5286,中性盘
725,13:42:54,8.8,--,664,584328,卖盘
726,13:42:49,8.8,--,23,20240,卖盘
727,13:42:34,8.8,0.01,219,193151,买盘
728,13:42:29,8.79,-0.01,22,19337,卖盘
729,13:42:24,8.8,--,12,10560,买盘
730,13:42:14,8.8,0.01,50,44000,买盘
731,13:42:09,8.79,--,1,878,卖盘
732,13:42:04,8.79,--,3,2636,卖盘
733,13:41:49,8.79,--,35,30764,卖盘
734,13:41:44,8.79,-0.01,15,13184,卖盘
735,13:41:34,8.8,0.01,237,208560,买盘
736,13:41:29,8.79,--,4,3515,卖盘
737,13:41:24,8.79,--,10,8790,卖盘
738,13:41:14,8.79,--,2,1757,卖盘
739,13:41:09,8.79,--,20,17580,卖盘
740,13:41:04,8.79,-0.01,9,7910,卖盘
741,13:40:49,8.8,--,27,23760,买盘
742,13:40:39,8.8,0.01,26,22880,买盘
743,13:40:34,8.79,-0.01,214,188105,卖盘
744,13:40:24,8.8,0.01,62,54560,买盘
745,13:40:04,8.79,--,15,13184,卖盘
746,13:39:54,8.79,--,2,1757,卖盘
747,13:39:43,8.79,--,10,8790,卖盘
748,13:39:34,8.79,--,82,72078,买盘
749,13:39:28,8.79,--,17,14942,买盘
750,13:39:13,8.79,0.01,4,3515,买盘
751,13:39:08,8.78,--,10,8780,卖盘
752,13:38:54,8.78,-0.01,10,8780,卖盘
753,13:38:48,8.79,0.01,5,4395,买盘
754,13:38:38,8.78,--,207,181746,卖盘
755,13:38:33,8.78,--,10,8780,卖盘
756,13:38:28,8.78,--,57,50045,卖盘
757,13:38:23,8.78,--,4,3511,卖盘
758,13:38:18,8.78,--,50,43900,卖盘
759,13:38:13,8.78,--,62,54435,卖盘
760,13:38:08,8.78,--,7,6146,卖盘
761,13:37:58,8.78,--,3,2634,卖盘
762,13:37:53,8.78,--,3,2634,卖盘
763,13:37:48,8.78,--,8,7023,卖盘
764,13:37:43,8.78,-0.02,2,1755,卖盘
765,13:37:38,8.8,0.01,190,167200,买盘
766,13:37:33,8.79,-0.01,3,2636,买盘
767,13:37:13,8.8,0.02,46,40480,买盘
768,13:37:08,8.78,-0.02,30,26339,卖盘
769,13:37:03,8.8,0.01,27,23760,买盘
770,13:36:58,8.79,--,201,176678,卖盘
771,13:36:53,8.79,-0.01,2,1757,卖盘
772,13:36:48,8.8,--,89,78320,买盘
773,13:36:43,8.8,--,315,277200,买盘
774,13:36:28,8.8,0.01,10,8800,买盘
775,13:36:18,8.79,-0.01,23,20216,卖盘
776,13:36:13,8.8,-0.01,10,8800,卖盘
777,13:36:08,8.81,0.01,20,17620,买盘
778,13:36:03,8.8,--,153,134640,卖盘
779,13:35:53,8.8,--,50,44000,卖盘
780,13:35:43,8.8,--,50,44000,卖盘
781,13:35:23,8.8,--,23,20240,买盘
782,13:35:13,8.8,--,38,33440,买盘
783,13:34:58,8.8,--,3,2640,买盘
784,13:34:48,8.8,-0.01,71,62480,卖盘
785,13:34:43,8.81,0.01,246,216726,买盘
786,13:34:28,8.8,--,10,8800,卖盘
787,13:34:13,8.8,--,23,20240,卖盘
788,13:34:08,8.8,-0.01,20,17600,卖盘
789,13:33:43,8.81,--,190,167390,买盘
790,13:33:33,8.81,--,2,1762,买盘
791,13:33:18,8.81,--,5,4405,买盘
792,13:33:08,8.81,--,18,15858,卖盘
793,13:33:03,8.81,--,55,48455,卖盘
794,13:32:58,8.81,--,92,81052,卖盘
795,13:32:48,8.81,0.01,25,22025,买盘
796,13:32:43,8.8,-0.01,18,15840,卖盘
797,13:32:33,8.81,--,43,37883,买盘
798,13:32:28,8.81,--,10,8810,买盘
799,13:32:23,8.81,-0.01,53,46693,卖盘
800,13:32:18,8.82,--,32,28224,买盘
801,13:32:13,8.82,0.01,3,2646,买盘
802,13:32:08,8.81,--,42,37002,卖盘
803,13:31:57,8.81,--,23,20263,卖盘
804,13:31:52,8.81,--,8,7048,卖盘
805,13:31:48,8.81,--,39,34359,买盘
806,13:31:38,8.81,--,9,7929,买盘
807,13:31:33,8.81,--,5,4405,买盘
808,13:31:27,8.81,--,32,28192,买盘
809,13:31:22,8.81,--,27,23787,买盘
810,13:31:12,8.81,-0.01,22,19382,中性盘
811,13:31:07,8.82,0.01,32,28224,买盘
812,13:31:02,8.81,-0.01,79,69599,卖盘
813,13:30:57,8.82,--,1,882,买盘
814,13:30:52,8.82,0.01,190,167580,买盘
815,13:30:47,8.81,-0.01,3,2643,卖盘
816,13:30:42,8.82,--,5,4410,买盘
817,13:30:37,8.82,0.01,14,12348,买盘
818,13:30:12,8.81,--,0,0,买盘
819,13:30:07,8.81,--,2,1762,买盘
820,13:29:57,8.81,-0.01,317,280017,卖盘
821,13:29:52,8.82,--,54,47769,买盘
822,13:29:47,8.82,--,66,58212,买盘
823,13:29:37,8.82,--,56,49392,买盘
824,13:29:32,8.82,--,10,8820,买盘
825,13:29:27,8.82,--,10,8820,买盘
826,13:29:22,8.82,--,10,8820,买盘
827,13:29:17,8.82,--,8,7056,买盘
828,13:29:12,8.82,--,36,31752,买盘
829,13:29:07,8.82,0.01,30,26460,买盘
830,13:29:02,8.81,--,100,88100,卖盘
831,13:28:52,8.81,-0.01,96,84576,卖盘
832,13:28:47,8.82,--,24,21168,买盘
833,13:28:42,8.82,0.01,70,61740,买盘
834,13:28:37,8.81,0.01,85,74885,买盘
835,13:28:32,8.8,-0.01,1,880,卖盘
836,13:28:27,8.81,0.01,163,143603,买盘
837,13:28:22,8.8,-0.01,56,49280,卖盘
838,13:28:17,8.81,--,8,7048,买盘
839,13:28:12,8.81,0.01,35,30835,买盘
840,13:28:07,8.8,-0.01,2,1760,卖盘
841,13:27:57,8.81,0.01,3,2643,买盘
842,13:27:52,8.8,--,69,61573,买盘
843,13:27:47,8.8,--,30,26400,买盘
844,13:27:42,8.8,--,415,365200,买盘
845,13:27:37,8.8,0.01,4,3520,买盘
846,13:27:27,8.79,-0.01,58,50981,卖盘
847,13:27:22,8.8,0.01,44,38720,买盘
848,13:27:12,8.79,-0.01,9,7910,卖盘
849,13:26:57,8.8,0.01,190,167200,买盘
850,13:26:52,8.79,0.01,25,21974,卖盘
851,13:26:22,8.78,--,0,0,卖盘
852,13:26:17,8.78,-0.02,18,15803,卖盘
853,13:26:07,8.8,--,150,132000,买盘
854,13:26:01,8.8,--,0,0,买盘
855,13:25:57,8.8,0.01,190,167200,买盘
856,13:25:52,8.79,--,45,39651,卖盘
857,13:25:42,8.79,--,33,29006,卖盘
858,13:25:37,8.79,--,115,101867,买盘
859,13:25:22,8.79,--,9,7910,买盘
860,13:25:17,8.79,--,10,8790,买盘
861,13:25:02,8.79,0.01,195,171404,买盘
862,13:24:51,8.78,--,10,8780,卖盘
863,13:24:36,8.78,--,1,877,卖盘
864,13:24:32,8.78,-0.01,5,4390,卖盘
865,13:24:06,8.79,--,0,0,买盘
866,13:24:01,8.79,0.01,190,167009,买盘
867,13:23:51,8.78,--,29,25461,卖盘
868,13:23:46,8.78,--,1,877,卖盘
869,13:23:36,8.78,--,1,877,卖盘
870,13:23:31,8.78,--,3,2634,买盘
871,13:23:21,8.78,-0.01,12,10536,买盘
872,13:23:01,8.79,0.01,190,167009,买盘
873,13:22:56,8.78,--,12,10536,卖盘
874,13:22:41,8.78,--,4,3511,卖盘
875,13:22:36,8.78,--,6,5268,买盘
876,13:22:31,8.78,0.01,5,4390,买盘
877,13:22:26,8.77,--,0,0,卖盘
878,13:22:16,8.77,-0.02,3,2631,卖盘
879,13:22:06,8.79,0.01,200,175799,买盘
880,13:22:01,8.78,--,9,7901,买盘
881,13:21:46,8.78,--,45,39510,卖盘
882,13:21:41,8.78,--,10,8780,卖盘
883,13:21:36,8.78,--,1,877,卖盘
884,13:21:31,8.78,--,9,7901,卖盘
885,13:21:26,8.78,--,1,877,卖盘
886,13:21:21,8.78,--,24,21072,卖盘
887,13:21:16,8.78,--,4,3511,卖盘
888,13:21:11,8.78,--,9,7901,卖盘
889,13:21:06,8.78,0.01,90,79020,买盘
890,13:21:01,8.77,0.01,14,12278,买盘
891,13:20:51,8.76,--,250,219000,卖盘
892,13:20:31,8.76,--,6,5256,卖盘
893,13:20:21,8.76,--,0,0,卖盘
894,13:20:16,8.76,--,1,876,卖盘
895,13:20:01,8.76,-0.01,13,11388,卖盘
896,13:19:56,8.77,--,17,14909,买盘
897,13:19:51,8.77,--,61,53497,卖盘
898,13:19:46,8.77,--,12,10524,卖盘
899,13:19:41,8.77,-0.01,10,8770,卖盘
900,13:19:36,8.78,0.01,1,877,买盘
901,13:19:01,8.77,--,5,4385,卖盘
902,13:18:45,8.77,-0.01,60,52620,卖盘
903,13:18:40,8.78,0.01,1,877,买盘
904,13:18:25,8.77,-0.01,7,6139,卖盘
905,13:18:20,8.78,--,4,3511,买盘
906,13:18:16,8.78,--,52,46095,卖盘
907,13:18:05,8.78,-0.01,4,3511,卖盘
908,13:18:00,8.79,0.01,2,1757,买盘
909,13:17:55,8.78,-0.01,20,17560,卖盘
910,13:17:50,8.79,0.01,20,17580,买盘
911,13:17:30,8.78,-0.01,3,2634,卖盘
912,13:17:26,8.79,0.01,22,19337,买盘
913,13:17:15,8.78,--,106,93068,卖盘
914,13:17:10,8.78,-0.01,200,175600,卖盘
915,13:17:00,8.79,0.01,6,5273,买盘
916,13:16:55,8.78,-0.01,87,76386,卖盘
917,13:16:35,8.79,--,10,8790,买盘
918,13:16:30,8.79,--,3,2636,买盘
919,13:16:10,8.79,--,15,13184,买盘
920,13:16:05,8.79,0.01,6,5273,买盘
921,13:15:45,8.78,--,1,877,卖盘
922,13:15:40,8.78,--,50,43900,卖盘
923,13:15:30,8.78,-0.01,45,39510,卖盘
924,13:15:15,8.79,--,9,7910,买盘
925,13:15:10,8.79,--,11,9668,买盘
926,13:14:50,8.79,--,12,10547,买盘
927,13:14:45,8.79,0.01,30,26369,买盘
928,13:14:40,8.78,--,103,90434,卖盘
929,13:14:35,8.78,-0.01,100,87800,卖盘
930,13:14:30,8.79,0.01,31,27248,买盘
931,13:14:25,8.78,-0.01,28,24584,卖盘
932,13:14:20,8.79,0.01,2,1757,买盘
933,13:14:10,8.78,-0.01,35,30729,卖盘
934,13:14:00,8.79,--,4,3515,买盘
935,13:13:55,8.79,--,20,17580,买盘
936,13:13:45,8.79,--,5,4395,买盘
937,13:13:40,8.79,0.01,5,4395,买盘
938,13:13:10,8.78,0.01,139,122480,买盘
939,13:12:55,8.77,--,1,877,买盘
940,13:12:50,8.77,--,2,1754,买盘
941,13:12:40,8.77,--,26,22802,买盘
942,13:12:35,8.77,--,2,1754,买盘
943,13:12:30,8.77,--,11,9647,买盘
944,13:12:25,8.77,--,10,8770,买盘
945,13:12:20,8.77,--,1,877,买盘
946,13:12:15,8.77,--,33,28941,买盘
947,13:12:10,8.77,0.01,6,5262,买盘
948,13:12:00,8.76,-0.01,17,14892,卖盘
949,13:11:44,8.77,--,34,29818,买盘
950,13:11:40,8.77,--,10,8770,买盘
951,13:11:10,8.77,--,3,2631,买盘
952,13:11:05,8.77,0.01,1,877,买盘
953,13:10:44,8.76,0.01,58,50808,买盘
954,13:10:40,8.75,-0.01,5,4375,卖盘
955,13:10:34,8.76,--,75,65700,买盘
956,13:10:29,8.76,--,31,27156,买盘
957,13:10:24,8.76,--,14,12264,买盘
958,13:10:19,8.76,--,10,8760,买盘
959,13:10:09,8.76,-0.02,199,174324,卖盘
960,13:10:04,8.78,0.01,1,877,买盘
961,13:09:54,8.77,--,4,3508,买盘
962,13:09:49,8.77,--,5,4385,买盘
963,13:09:34,8.77,--,30,26310,卖盘
964,13:09:24,8.77,--,61,53497,卖盘
965,13:09:14,8.77,--,1,877,卖盘
966,13:09:04,8.77,--,10,8770,卖盘
967,13:08:49,8.77,-0.01,12,10524,卖盘
968,13:08:44,8.78,0.01,5,4390,买盘
969,13:08:39,8.77,--,6,5262,卖盘
970,13:08:24,8.77,-0.01,100,87700,卖盘
971,13:08:19,8.78,--,5,4390,买盘
972,13:08:14,8.78,--,4,3511,买盘
973,13:08:04,8.78,0.01,1,877,买盘
974,13:07:29,8.77,--,18,15786,卖盘
975,13:07:24,8.77,--,20,17540,卖盘
976,13:07:19,8.77,--,15,13155,卖盘
977,13:06:59,8.77,-0.01,30,26310,卖盘
978,13:06:39,8.78,0.01,10,8780,买盘
979,13:06:29,8.77,--,10,8770,卖盘
980,13:06:24,8.77,-0.01,100,87700,卖盘
981,13:06:19,8.78,--,15,13169,买盘
982,13:06:14,8.78,0.01,50,43900,买盘
983,13:05:54,8.77,--,4,3508,卖盘
984,13:05:39,8.77,--,0,0,中性盘
985,13:05:18,8.77,--,0,0,买盘
986,13:05:13,8.77,--,5,4385,买盘
987,13:05:04,8.77,--,5,4385,买盘
988,13:04:49,8.77,--,1,877,卖盘
989,13:04:44,8.77,-0.01,2,1754,卖盘
990,13:04:29,8.78,--,46,40388,买盘
991,13:04:08,8.78,--,0,0,买盘
992,13:03:59,8.78,--,16,14047,买盘
993,13:03:48,8.78,0.02,12,10536,买盘
994,13:03:34,8.76,--,103,90228,卖盘
995,13:03:13,8.76,-0.01,20,17520,卖盘
996,13:03:08,8.77,0.01,30,26310,买盘
997,13:02:18,8.76,-0.01,6,5256,卖盘
998,13:02:13,8.77,0.01,11,9647,买盘
999,13:01:58,8.76,-0.01,4,3504,卖盘
1000,13:01:53,8.77,--,2,1754,买盘
1001,13:01:48,8.77,--,6,5262,买盘
1002,13:01:43,8.77,--,5,4385,买盘
1003,13:00:58,8.77,--,3,2631,买盘
1004,13:00:48,8.77,--,10,8770,买盘
1005,13:00:38,8.77,--,5,4385,买盘
1006,13:00:23,8.77,--,10,8770,买盘
1007,13:00:08,8.77,--,2,1754,买盘
1008,13:00:03,8.77,0.01,141,123657,买盘
1009,11:30:00,8.76,--,0,0,卖盘
1010,11:29:59,8.76,--,0,0,卖盘
1011,11:29:54,8.76,-0.01,1,876,卖盘
1012,11:29:39,8.77,--,10,8770,买盘
1013,11:29:24,8.77,--,30,26310,买盘
1014,11:29:14,8.77,--,4,3508,买盘
1015,11:29:09,8.77,--,20,17540,买盘
1016,11:28:54,8.77,--,31,27187,买盘
1017,11:28:44,8.77,0.01,5,4385,买盘
1018,11:28:39,8.76,-0.01,28,24528,卖盘
1019,11:28:34,8.77,0.01,20,17540,买盘
1020,11:28:29,8.76,--,70,61320,卖盘
1021,11:28:24,8.76,--,3,2628,卖盘
1022,11:28:18,8.76,-0.01,20,17520,卖盘
1023,11:28:14,8.77,0.01,38,33326,买盘
1024,11:28:09,8.76,-0.01,11,9636,卖盘
1025,11:28:03,8.77,--,2,1754,卖盘
1026,11:27:59,8.77,--,3,2631,买盘
1027,11:27:54,8.77,--,11,9647,买盘
1028,11:27:44,8.77,-0.01,196,171892,卖盘
1029,11:27:39,8.78,0.01,40,35120,买盘
1030,11:27:29,8.77,-0.01,6,5262,卖盘
1031,11:27:18,8.78,-0.01,15,13169,卖盘
1032,11:27:09,8.79,0.01,1,878,买盘
1033,11:27:03,8.78,--,1,877,卖盘
1034,11:26:58,8.78,--,5,4390,卖盘
1035,11:26:43,8.78,--,15,13169,买盘
1036,11:26:03,8.78,0.01,60,52679,买盘
1037,11:25:59,8.77,0.01,6,5262,买盘
1038,11:25:54,8.76,--,20,17520,卖盘
1039,11:25:39,8.76,--,25,21900,卖盘
1040,11:25:33,8.76,-0.01,40,35040,卖盘
1041,11:25:08,8.77,--,19,16663,卖盘
1042,11:25:03,8.77,--,48,42096,卖盘
1043,11:24:59,8.77,--,18,15786,卖盘
1044,11:24:44,8.77,--,10,8770,卖盘
1045,11:24:39,8.77,--,123,107871,买盘
1046,11:24:33,8.77,0.01,67,58759,买盘
1047,11:24:24,8.76,--,2,1752,卖盘
1048,11:24:18,8.76,--,8,7008,卖盘
1049,11:24:13,8.76,0.01,14,12264,卖盘
1050,11:24:03,8.75,-0.01,57,49875,卖盘
1051,11:23:48,8.76,--,80,70080,买盘
1052,11:23:44,8.76,0.01,10,8760,买盘
1053,11:23:39,8.75,--,5,4375,卖盘
1054,11:23:33,8.75,--,5,4375,卖盘
1055,11:23:29,8.75,--,12,10500,卖盘
1056,11:23:23,8.75,-0.01,50,43750,卖盘
1057,11:23:18,8.76,0.01,183,160308,买盘
1058,11:23:03,8.75,-0.01,2,1750,卖盘
1059,11:22:48,8.76,--,2,1752,买盘
1060,11:22:29,8.76,0.01,50,43800,买盘
1061,11:22:24,8.75,-0.01,23,20125,卖盘
1062,11:22:18,8.76,--,1,876,买盘
1063,11:22:14,8.76,0.01,1,876,买盘
1064,11:22:09,8.75,-0.01,5,4375,卖盘
1065,11:22:03,8.76,--,41,35916,买盘
1066,11:21:54,8.76,--,100,87600,买盘
1067,11:21:23,8.76,-0.01,7,6132,卖盘
1068,11:21:18,8.77,0.02,51,44727,买盘
1069,11:21:08,8.75,-0.01,60,52500,卖盘
1070,11:21:03,8.76,--,10,8760,卖盘
1071,11:20:33,8.76,--,35,30660,卖盘
1072,11:20:27,8.76,--,6,5256,卖盘
1073,11:20:08,8.76,-0.01,60,52560,卖盘
1074,11:20:03,8.77,0.01,1,877,买盘
1075,11:19:57,8.76,--,70,61320,卖盘
1076,11:19:38,8.76,--,1,876,卖盘
1077,11:19:33,8.76,-0.01,45,40138,卖盘
1078,11:19:27,8.77,0.01,1,877,买盘
1079,11:19:12,8.76,--,5,4380,卖盘
1080,11:19:08,8.76,--,9,7884,卖盘
1081,11:19:03,8.76,--,4,3504,卖盘
1082,11:18:57,8.76,-0.01,56,49056,卖盘
1083,11:18:53,8.77,0.01,18,15786,买盘
1084,11:18:42,8.76,-0.01,20,17520,卖盘
1085,11:18:38,8.77,--,83,72791,卖盘
1086,11:18:33,8.77,--,27,23679,卖盘
1087,11:18:27,8.77,--,1,877,卖盘
1088,11:18:12,8.77,0.01,111,97347,买盘
1089,11:18:08,8.76,-0.01,57,49932,卖盘
1090,11:18:03,8.77,--,26,22802,买盘
1091,11:17:53,8.77,0.01,117,102609,买盘
1092,11:17:48,8.76,--,49,42924,卖盘
1093,11:17:42,8.76,--,7,6132,卖盘
1094,11:17:38,8.76,--,10,8760,卖盘
1095,11:17:17,8.76,--,25,21900,卖盘
1096,11:17:08,8.76,--,29,25404,卖盘
1097,11:17:03,8.76,0.01,51,44676,买盘
1098,11:16:57,8.75,--,618,540750,卖盘
1099,11:16:42,8.75,-0.01,5,4375,卖盘
1100,11:16:32,8.76,--,8,7008,卖盘
1101,11:16:27,8.76,--,5,4380,卖盘
1102,11:16:17,8.76,-0.01,200,175200,卖盘
1103,11:16:08,8.77,--,240,210480,卖盘
1104,11:16:02,8.77,--,10,8770,卖盘
1105,11:15:57,8.77,--,39,34203,卖盘
1106,11:15:47,8.77,--,1,877,卖盘
1107,11:15:42,8.77,--,10,8770,卖盘
1108,11:15:38,8.77,--,10,8770,卖盘
1109,11:15:27,8.77,-0.01,131,114887,卖盘
1110,11:15:12,8.78,--,169,148382,卖盘
1111,11:15:08,8.78,--,21,18438,卖盘
1112,11:15:02,8.78,--,56,49168,卖盘
1113,11:14:57,8.78,--,10,8780,卖盘
1114,11:14:53,8.78,--,5,4390,卖盘
1115,11:14:47,8.78,--,2,1755,卖盘
1116,11:14:27,8.78,--,2,1755,卖盘
1117,11:14:12,8.78,--,20,17560,卖盘
1118,11:14:08,8.78,-0.01,4,3511,卖盘
1119,11:14:02,8.79,--,10,8790,买盘
1120,11:13:57,8.79,--,183,160856,买盘
1121,11:13:47,8.79,--,15,13184,买盘
1122,11:13:42,8.79,0.01,4,3515,买盘
1123,11:13:27,8.78,-0.01,25,21950,卖盘
1124,11:13:06,8.79,0.01,1,878,买盘
1125,11:13:02,8.78,--,63,55313,卖盘
1126,11:12:57,8.78,-0.01,5,4390,卖盘
1127,11:12:51,8.79,0.01,55,48344,买盘
1128,11:12:36,8.78,--,25,21950,卖盘
1129,11:12:27,8.78,-0.01,8,7023,卖盘
1130,11:12:17,8.79,0.01,6,5273,买盘
1131,11:12:12,8.78,-0.01,6,5268,卖盘
1132,11:12:02,8.79,0.01,63,55376,买盘
1133,11:11:57,8.78,--,100,87800,卖盘
1134,11:11:47,8.78,-0.01,10,8780,卖盘
1135,11:11:36,8.79,--,144,126575,买盘
1136,11:11:27,8.79,--,23,20216,买盘
1137,11:11:21,8.79,--,2,1757,买盘
1138,11:11:17,8.79,0.01,10,8790,买盘
1139,11:11:06,8.78,-0.01,50,43900,卖盘
1140,11:11:02,8.79,0.01,87,76472,买盘
1141,11:10:51,8.78,--,1,877,卖盘
1142,11:10:42,8.78,--,0,0,卖盘
1143,11:10:36,8.78,-0.01,30,26339,卖盘
1144,11:10:27,8.79,0.01,93,81746,买盘
1145,11:10:21,8.78,-0.01,10,8780,卖盘
1146,11:09:51,8.79,--,10,8790,卖盘
1147,11:09:46,8.79,--,9,7910,卖盘
1148,11:09:36,8.79,-0.01,54,47465,卖盘
1149,11:09:21,8.8,0.01,25,22000,买盘
1150,11:09:11,8.79,-0.01,51,44828,卖盘
1151,11:09:06,8.8,0.01,1,880,买盘
1152,11:08:51,8.79,-0.01,1,878,卖盘
1153,11:08:46,8.8,--,299,263120,买盘
1154,11:08:42,8.8,0.01,3,2640,买盘
1155,11:08:31,8.79,-0.01,7,6152,卖盘
1156,11:08:26,8.8,--,35,30800,买盘
1157,11:08:21,8.8,--,60,52800,买盘
1158,11:08:16,8.8,--,451,396880,买盘
1159,11:08:11,8.8,0.01,3,2640,买盘
1160,11:08:06,8.79,-0.01,16,14063,卖盘
1161,11:07:56,8.8,--,32,28160,买盘
1162,11:07:46,8.8,--,10,8800,买盘
1163,11:07:41,8.8,--,7,6160,买盘
1164,11:07:36,8.8,--,20,17600,买盘
1165,11:07:26,8.8,--,440,387200,买盘
1166,11:07:11,8.8,--,105,92400,卖盘
1167,11:07:06,8.8,--,400,352000,买盘
1168,11:07:01,8.8,--,2,1760,买盘
1169,11:06:56,8.8,--,16,14080,买盘
1170,11:06:51,8.8,--,16,14080,买盘
1171,11:06:46,8.8,--,51,44880,买盘
1172,11:06:41,8.8,--,2,1760,买盘
1173,11:06:36,8.8,--,19,16720,卖盘
1174,11:06:26,8.8,--,2,1760,卖盘
1175,11:06:11,8.8,0.02,289,254320,买盘
1176,11:05:41,8.78,-0.03,7,6146,卖盘
1177,11:05:36,8.81,0.01,49,43169,买盘
1178,11:05:26,8.8,0.02,994,874799,买盘
1179,11:05:21,8.78,--,104,91312,卖盘
1180,11:05:06,8.78,--,5,4390,卖盘
1181,11:05:00,8.78,--,4,3511,卖盘
1182,11:04:56,8.78,-0.01,9,7901,卖盘
1183,11:04:51,8.79,0.01,10,8790,买盘
1184,11:04:45,8.78,--,10,8780,卖盘
1185,11:04:41,8.78,0.01,28,24584,买盘
1186,11:04:36,8.77,-0.01,7,6139,卖盘
1187,11:04:30,8.78,--,74,64971,买盘
1188,11:04:26,8.78,--,19,16682,买盘
1189,11:04:21,8.78,--,44,38632,买盘
1190,11:04:15,8.78,--,7,6146,买盘
1191,11:04:00,8.78,0.01,20,17560,买盘
1192,11:03:56,8.77,-0.01,1,877,卖盘
1193,11:03:51,8.78,0.01,158,138724,买盘
1194,11:03:45,8.77,-0.01,6,5262,卖盘
1195,11:03:36,8.78,--,13,11414,买盘
1196,11:03:30,8.78,--,51,44778,买盘
1197,11:03:26,8.78,-0.02,334,293252,卖盘
1198,11:03:15,8.8,--,5,4400,买盘
1199,11:03:00,8.8,0.01,10,8800,买盘
1200,11:02:56,8.79,-0.01,3,2636,卖盘
1201,11:02:45,8.8,0.02,2,1760,买盘
1202,11:02:21,8.78,-0.02,10,8780,卖盘
1203,11:02:15,8.8,0.02,31,27280,买盘
1204,11:02:11,8.78,--,200,175600,买盘
1205,11:02:06,8.78,--,21,18438,买盘
1206,11:02:00,8.78,--,213,187014,买盘
1207,11:01:56,8.78,--,3,2634,买盘
1208,11:01:50,8.78,--,94,82532,买盘
1209,11:01:45,8.78,--,30,26339,买盘
1210,11:01:40,8.78,--,30,26339,买盘
1211,11:01:36,8.78,--,15,13169,买盘
1212,11:01:30,8.78,--,465,408269,卖盘
1213,11:01:21,8.78,-0.02,232,203695,卖盘
1214,11:01:15,8.8,0.02,17,14960,买盘
1215,11:01:05,8.78,0.01,15,13169,中性盘
1216,11:00:56,8.77,--,5,4385,卖盘
1217,11:00:50,8.77,-0.03,34,29818,中性盘
1218,11:00:40,8.8,0.04,489,430320,买盘
1219,11:00:35,8.76,--,0,0,卖盘
1220,11:00:30,8.76,--,369,323244,卖盘
1221,11:00:20,8.76,-0.01,69,60444,卖盘
1222,11:00:00,8.77,0.01,2,1754,买盘
1223,10:59:55,8.76,-0.01,4,3504,卖盘
1224,10:59:50,8.77,--,3,2631,卖盘
1225,10:59:45,8.77,0.01,2,1754,卖盘
1226,10:59:40,8.76,--,22,19272,买盘
1227,10:59:35,8.76,--,395,346020,卖盘
1228,10:59:24,8.76,--,0,0,卖盘
1229,10:59:20,8.76,-0.01,50,43800,卖盘
1230,10:59:09,8.77,--,4,3508,卖盘
1231,10:59:05,8.77,--,17,14909,买盘
1232,10:59:00,8.77,--,93,81561,卖盘
1233,10:58:45,8.77,0.01,36,31572,买盘
1234,10:58:35,8.76,-0.01,25,21900,卖盘
1235,10:58:24,8.77,--,5,4385,买盘
1236,10:58:20,8.77,-0.01,281,246437,卖盘
1237,10:58:15,8.78,--,10,8780,买盘
1238,10:58:05,8.78,--,1,877,买盘
1239,10:58:00,8.78,-0.01,10,8780,卖盘
1240,10:57:50,8.79,--,11,9668,买盘
1241,10:57:45,8.79,--,14,12305,买盘
1242,10:57:35,8.79,0.02,13,11426,买盘
1243,10:57:30,8.77,-0.02,78,68406,卖盘
1244,10:57:24,8.79,0.01,2,1757,买盘
1245,10:57:20,8.78,--,130,114139,买盘
1246,10:57:15,8.78,--,15,13169,买盘
1247,10:57:09,8.78,--,18,15803,买盘
1248,10:57:05,8.78,--,2,1755,买盘
1249,10:56:54,8.78,0.01,10,8780,买盘
1250,10:56:45,8.77,--,244,213988,买盘
1251,10:56:39,8.77,0.01,20,17540,买盘
1252,10:56:30,8.76,--,6,5256,卖盘
1253,10:56:24,8.76,--,91,79716,买盘
1254,10:56:20,8.76,--,10,8760,买盘
1255,10:56:15,8.76,0.01,20,17520,买盘
1256,10:56:09,8.75,-0.01,6,5250,卖盘
1257,10:56:05,8.76,0.01,5,4380,买盘
1258,10:56:00,8.75,--,46,40250,卖盘
1259,10:55:54,8.75,--,40,35000,卖盘
1260,10:55:45,8.75,-0.01,1,875,卖盘
1261,10:55:35,8.76,0.01,50,43800,买盘
1262,10:55:30,8.75,--,6,5250,卖盘
1263,10:55:24,8.75,--,8,7000,卖盘
1264,10:55:20,8.75,-0.01,71,62125,卖盘
1265,10:55:15,8.76,0.01,121,106801,买盘
1266,10:55:09,8.75,-0.01,10,8750,卖盘
1267,10:55:05,8.76,--,2,1752,买盘
1268,10:55:00,8.76,-0.01,501,438963,卖盘
1269,10:54:54,8.77,--,22,19294,买盘
1270,10:54:50,8.77,0.01,2,1754,买盘
1271,10:54:30,8.76,-0.01,36,31536,卖盘
1272,10:54:24,8.77,--,19,16663,买盘
1273,10:54:19,8.77,--,10,8770,买盘
1274,10:54:09,8.77,--,9,8752,卖盘
1275,10:54:00,8.77,0.01,0,17,卖盘
1276,10:53:54,8.76,-0.01,50,43800,卖盘
1277,10:53:49,8.77,--,20,17540,卖盘
1278,10:53:45,8.77,0.01,213,186801,买盘
1279,10:53:39,8.76,-0.02,89,77964,卖盘
1280,10:53:35,8.78,0.02,4,3511,买盘
1281,10:53:30,8.76,--,0,0,卖盘
1282,10:53:14,8.76,-0.01,60,52560,卖盘
1283,10:53:09,8.77,0.01,11,10103,买盘
1284,10:53:04,8.76,-0.01,16,14016,卖盘
1285,10:52:59,8.77,--,80,70160,买盘
1286,10:52:54,8.77,--,178,156106,卖盘
1287,10:52:49,8.77,--,4,3508,卖盘
1288,10:52:45,8.77,-0.01,98,85946,卖盘
1289,10:52:29,8.78,--,61,53557,买盘
1290,10:52:14,8.78,0.01,28,24584,买盘
1291,10:51:59,8.77,--,315,276255,卖盘
1292,10:51:54,8.77,--,10,8770,卖盘
1293,10:51:44,8.77,--,3,2631,卖盘
1294,10:51:39,8.77,-0.01,8,7016,卖盘
1295,10:51:33,8.78,0.01,124,108871,买盘
1296,10:51:29,8.77,-0.01,3,2631,卖盘
1297,10:51:24,8.78,--,8,7023,买盘
1298,10:51:14,8.78,0.01,9,7901,买盘
1299,10:51:09,8.77,-0.01,2,1754,卖盘
1300,10:51:03,8.78,--,2,1755,买盘
1301,10:50:54,8.78,--,6,5268,卖盘
1302,10:50:44,8.78,--,204,179112,卖盘
1303,10:50:39,8.78,--,31,27217,卖盘
1304,10:50:24,8.78,--,1,877,卖盘
1305,10:50:09,8.78,--,27,23706,卖盘
1306,10:50:03,8.78,-0.01,44,38632,卖盘
1307,10:49:54,8.79,--,1,878,买盘
1308,10:49:48,8.79,--,35,30764,买盘
1309,10:49:39,8.79,0.01,10,8790,买盘
1310,10:49:24,8.78,-0.01,63,55313,卖盘
1311,10:49:14,8.79,0.01,10,8790,买盘
1312,10:49:09,8.78,--,72,63215,卖盘
1313,10:49:03,8.78,-0.01,152,133456,卖盘
1314,10:48:54,8.79,--,15,13184,买盘
1315,10:48:48,8.79,-0.01,33,29006,卖盘
1316,10:48:44,8.8,0.01,1,880,买盘
1317,10:48:38,8.79,--,166,145914,卖盘
1318,10:48:33,8.79,--,77,67683,卖盘
1319,10:48:23,8.79,--,149,130970,卖盘
1320,10:48:18,8.79,-0.01,11,9668,卖盘
1321,10:48:08,8.8,0.01,4,3520,买盘
1322,10:48:03,8.79,-0.01,54,47465,卖盘
1323,10:47:54,8.8,0.01,28,24640,买盘
1324,10:47:48,8.79,--,58,50981,卖盘
1325,10:47:44,8.79,--,1,878,卖盘
1326,10:47:38,8.79,--,9,7910,卖盘
1327,10:47:24,8.79,--,3,2636,卖盘
1328,10:47:18,8.79,-0.01,60,52739,卖盘
1329,10:47:09,8.8,--,13,11440,买盘
1330,10:47:03,8.8,--,5,4400,买盘
1331,10:46:53,8.8,--,3,2640,买盘
1332,10:46:48,8.8,--,1,880,买盘
1333,10:46:43,8.8,--,2,1760,买盘
1334,10:46:38,8.8,--,17,14960,买盘
1335,10:46:33,8.8,--,1,880,买盘
1336,10:46:28,8.8,--,5,4400,买盘
1337,10:46:23,8.8,0.01,3,2640,买盘
1338,10:46:18,8.79,-0.01,9,7910,卖盘
1339,10:46:08,8.8,--,86,75680,买盘
1340,10:46:03,8.8,0.02,24,21120,买盘
1341,10:45:58,8.78,--,0,0,卖盘
1342,10:45:53,8.78,-0.02,56,49168,卖盘
1343,10:45:48,8.8,--,0,0,买盘
1344,10:45:38,8.8,0.01,100,88000,买盘
1345,10:45:23,8.79,0.01,43,37796,买盘
1346,10:45:18,8.78,-0.02,43,37754,卖盘
1347,10:45:08,8.8,0.01,46,40612,买盘
1348,10:45:03,8.79,--,39,34281,卖盘
1349,10:44:48,8.79,--,15,13184,卖盘
1350,10:44:38,8.79,-0.01,32,28127,卖盘
1351,10:44:33,8.8,0.01,5,4400,买盘
1352,10:44:27,8.79,--,85,74715,卖盘
1353,10:44:18,8.79,--,58,50981,卖盘
1354,10:44:08,8.79,-0.01,37,32522,卖盘
1355,10:44:03,8.8,--,58,51040,买盘
1356,10:43:57,8.8,--,15,13200,买盘
1357,10:43:48,8.8,--,461,405680,买盘
1358,10:43:42,8.8,--,9,7920,买盘
1359,10:43:33,8.8,--,5,4400,买盘
1360,10:43:18,8.8,0.01,20,17600,买盘
1361,10:43:12,8.79,--,20,17580,卖盘
1362,10:43:08,8.79,--,10,8790,卖盘
1363,10:42:57,8.79,--,16,14063,卖盘
1364,10:42:42,8.79,-0.01,10,8790,卖盘
1365,10:42:38,8.8,0.01,3,2640,买盘
1366,10:42:33,8.79,--,2,1757,卖盘
1367,10:42:12,8.79,-0.01,167,146793,卖盘
1368,10:42:02,8.8,--,45,39600,买盘
1369,10:41:57,8.8,--,20,17600,买盘
1370,10:41:48,8.8,0.01,213,187440,买盘
1371,10:41:32,8.79,-0.01,22,19337,卖盘
1372,10:41:17,8.8,--,32,28160,买盘
1373,10:41:12,8.8,--,2,1760,买盘
1374,10:41:08,8.8,--,10,8800,买盘
1375,10:41:02,8.8,--,5,4400,买盘
1376,10:40:57,8.8,--,22,19360,买盘
1377,10:40:53,8.8,--,67,58960,买盘
1378,10:40:47,8.8,--,39,34320,买盘
1379,10:40:42,8.8,--,15,13200,买盘
1380,10:40:32,8.8,--,101,88880,买盘
1381,10:40:12,8.8,0.01,122,107360,买盘
1382,10:40:08,8.79,-0.01,10,8790,卖盘
1383,10:40:02,8.8,--,64,56320,买盘
1384,10:39:57,8.8,--,236,208269,买盘
1385,10:39:47,8.8,0.01,9,7920,买盘
1386,10:39:32,8.79,-0.01,15,13184,卖盘
1387,10:39:27,8.8,0.01,11,9680,买盘
1388,10:39:23,8.79,--,8,7031,卖盘
1389,10:39:17,8.79,--,97,85262,卖盘
1390,10:39:02,8.79,-0.01,120,105479,卖盘
1391,10:38:57,8.8,0.01,51,44880,买盘
1392,10:38:52,8.79,-0.01,7,6152,卖盘
1393,10:38:47,8.8,--,53,46640,买盘
1394,10:38:42,8.8,0.01,189,166320,买盘
1395,10:38:38,8.79,--,221,194258,卖盘
1396,10:38:32,8.79,-0.01,23,20375,卖盘
1397,10:38:27,8.8,--,10,8800,买盘
1398,10:38:17,8.8,--,88,77440,买盘
1399,10:38:06,8.8,--,46,40480,买盘
1400,10:38:02,8.8,0.01,106,93280,买盘
1401,10:37:57,8.79,-0.01,26,22853,卖盘
1402,10:37:51,8.8,--,21,18480,买盘
1403,10:37:47,8.8,0.01,64,56320,买盘
1404,10:37:42,8.79,-0.01,29,25490,卖盘
1405,10:37:32,8.8,--,185,162800,买盘
1406,10:37:27,8.8,0.01,90,79200,买盘
1407,10:37:21,8.79,--,8,7031,买盘
1408,10:37:17,8.79,--,140,123059,卖盘
1409,10:37:12,8.79,-0.01,28,24611,卖盘
1410,10:37:02,8.8,0.01,15,13200,买盘
1411,10:36:57,8.79,--,11,9668,卖盘
1412,10:36:51,8.79,--,1,878,卖盘
1413,10:36:47,8.79,-0.01,229,201290,卖盘
1414,10:36:42,8.8,0.01,46,40480,买盘
1415,10:36:36,8.79,--,1,878,卖盘
1416,10:36:32,8.79,-0.01,11,9668,卖盘
1417,10:36:21,8.8,--,124,109120,买盘
1418,10:36:17,8.8,--,10,8800,买盘
1419,10:36:12,8.8,--,60,52800,买盘
1420,10:36:06,8.8,--,73,64240,买盘
1421,10:36:02,8.8,--,21,18480,买盘
1422,10:35:57,8.8,--,94,82720,买盘
1423,10:35:51,8.8,-0.02,694,610948,卖盘
1424,10:35:47,8.82,--,9,7938,买盘
1425,10:35:42,8.82,--,11,9702,买盘
1426,10:35:36,8.82,--,200,176400,买盘
1427,10:35:21,8.82,--,7,6174,买盘
1428,10:35:17,8.82,0.01,177,156114,买盘
1429,10:35:12,8.81,--,1,881,卖盘
1430,10:35:06,8.81,--,11,9691,卖盘
1431,10:35:02,8.81,--,23,20263,卖盘
1432,10:34:57,8.81,0.01,23,20263,中性盘
1433,10:34:51,8.8,--,72,63360,卖盘
1434,10:34:47,8.8,--,65,57200,卖盘
1435,10:34:41,8.8,--,100,88000,卖盘
1436,10:34:36,8.8,-0.01,109,95920,卖盘
1437,10:34:26,8.81,-0.01,24,21144,中性盘
1438,10:34:21,8.82,-0.01,5,4410,卖盘
1439,10:34:17,8.83,0.01,55,48565,买盘
1440,10:34:11,8.82,--,150,132300,卖盘
1441,10:34:06,8.82,--,44,38808,卖盘
1442,10:34:01,8.82,--,50,44100,卖盘
1443,10:33:56,8.82,0.01,99,87318,中性盘
1444,10:33:51,8.81,--,98,86338,卖盘
1445,10:33:47,8.81,-0.01,73,64313,卖盘
1446,10:33:41,8.82,--,17,14994,买盘
1447,10:33:36,8.82,0.01,11,9702,买盘
1448,10:33:32,8.81,-0.01,97,85457,卖盘
1449,10:33:26,8.82,0.02,24,21168,买盘
1450,10:33:21,8.8,-0.01,81,71280,卖盘
1451,10:33:11,8.81,--,136,119816,卖盘
1452,10:33:01,8.81,--,3,2643,卖盘
1453,10:32:56,8.81,--,13,11453,买盘
1454,10:32:51,8.81,-0.01,104,91624,卖盘
1455,10:32:46,8.82,0.02,43,37926,买盘
1456,10:32:41,8.8,-0.01,24,21120,卖盘
1457,10:32:36,8.81,--,8,7048,买盘
1458,10:32:31,8.81,-0.01,10,8810,买盘
1459,10:32:26,8.82,0.01,28,24696,买盘
1460,10:32:21,8.81,--,6,5286,买盘
1461,10:32:16,8.81,-0.01,8,7048,中性盘
1462,10:32:11,8.82,--,81,71442,买盘
1463,10:32:06,8.82,0.01,78,68796,买盘
1464,10:32:01,8.81,--,25,22025,卖盘
1465,10:31:51,8.81,0.01,10,8810,卖盘
1466,10:31:41,8.8,--,26,22880,卖盘
1467,10:31:36,8.8,--,103,91291,买盘
1468,10:31:26,8.8,0.01,792,696960,买盘
1469,10:31:21,8.79,--,412,362147,买盘
1470,10:31:15,8.79,--,217,190742,买盘
1471,10:31:11,8.79,0.01,162,142398,买盘
1472,10:31:06,8.78,-0.01,131,115017,卖盘
1473,10:30:56,8.79,--,87,76472,买盘
1474,10:30:51,8.79,0.01,335,294465,买盘
1475,10:30:45,8.78,--,102,89556,卖盘
1476,10:30:41,8.78,-0.01,527,462705,卖盘
1477,10:30:36,8.79,--,228,200411,买盘
1478,10:30:30,8.79,0.01,137,120422,买盘
1479,10:30:26,8.78,--,110,96580,卖盘
1480,10:30:21,8.78,--,25,21950,卖盘
1481,10:30:15,8.78,-0.01,130,114341,卖盘
1482,10:30:11,8.79,0.01,13,11426,买盘
1483,10:30:06,8.78,0.01,84,73752,买盘
1484,10:30:00,8.77,-0.01,109,95593,卖盘
1485,10:29:56,8.78,0.01,50,43900,买盘
1486,10:29:51,8.77,--,27,23679,卖盘
1487,10:29:45,8.77,--,20,17540,买盘
1488,10:29:41,8.77,0.01,1,877,买盘
1489,10:29:36,8.76,-0.01,30,26280,卖盘
1490,10:29:30,8.77,-0.02,13,11401,卖盘
1491,10:29:25,8.79,0.03,750,659584,买盘
1492,10:29:21,8.76,-0.01,409,358284,卖盘
1493,10:29:15,8.77,--,7,6139,买盘
1494,10:29:11,8.77,--,106,92962,买盘
1495,10:29:06,8.77,--,276,242052,卖盘
1496,10:29:00,8.77,--,23,20171,卖盘
1497,10:28:56,8.77,-0.01,12,10524,卖盘
1498,10:28:51,8.78,0.01,2,1755,中性盘
1499,10:28:45,8.77,-0.01,83,72791,卖盘
1500,10:28:40,8.78,-0.01,19,16682,卖盘
1501,10:28:36,8.79,--,356,312923,买盘
1502,10:28:30,8.79,--,1,878,买盘
1503,10:28:26,8.79,--,23,20216,卖盘
1504,10:28:21,8.79,--,28,24611,卖盘
1505,10:28:15,8.79,--,29,25490,卖盘
1506,10:28:11,8.79,0.01,6,5273,中性盘
1507,10:28:05,8.78,-0.01,316,277448,卖盘
1508,10:28:00,8.79,-0.01,280,246119,卖盘
1509,10:27:50,8.8,0.01,24,21120,买盘
1510,10:27:45,8.79,--,103,90536,卖盘
1511,10:27:40,8.79,--,30,26369,卖盘
1512,10:27:35,8.79,--,114,100205,卖盘
1513,10:27:30,8.79,-0.01,23,20216,卖盘
1514,10:27:25,8.8,--,7,6160,买盘
1515,10:27:20,8.8,--,1,880,买盘
1516,10:27:15,8.8,--,445,391828,卖盘
1517,10:27:11,8.8,--,5,4400,卖盘
1518,10:27:05,8.8,--,27,23760,卖盘
1519,10:27:00,8.8,--,6,5280,卖盘
1520,10:26:55,8.8,--,6,5280,卖盘
1521,10:26:50,8.8,--,6,5280,卖盘
1522,10:26:45,8.8,-0.01,126,110880,卖盘
1523,10:26:35,8.81,--,84,74004,买盘
1524,10:26:30,8.81,--,13,11453,买盘
1525,10:26:25,8.81,--,136,119816,卖盘
1526,10:26:20,8.81,--,85,74885,卖盘
1527,10:26:15,8.81,--,22,19382,卖盘
1528,10:26:10,8.81,--,7,6167,卖盘
1529,10:26:05,8.81,--,9,7929,卖盘
1530,10:26:00,8.81,--,5,4405,卖盘
1531,10:25:55,8.81,--,18,15858,卖盘
1532,10:25:50,8.81,--,73,64313,买盘
1533,10:25:45,8.81,--,50,44050,买盘
1534,10:25:35,8.81,--,415,365615,卖盘
1535,10:25:30,8.81,-0.01,60,52860,卖盘
1536,10:25:20,8.82,--,112,98784,买盘
1537,10:25:15,8.82,--,2,1764,买盘
1538,10:25:10,8.82,--,93,82026,卖盘
1539,10:25:05,8.82,-0.01,13,11466,卖盘
1540,10:25:00,8.83,0.01,50,44150,买盘
1541,10:24:55,8.82,-0.01,48,42336,卖盘
1542,10:24:30,8.83,0.01,9,7947,卖盘
1543,10:24:24,8.82,--,0,0,卖盘
1544,10:24:20,8.82,-0.01,3,2646,卖盘
1545,10:24:15,8.83,0.01,9,7947,卖盘
1546,10:24:10,8.82,--,0,0,卖盘
1547,10:24:05,8.82,-0.01,242,213444,卖盘
1548,10:24:00,8.83,--,51,45033,买盘
1549,10:23:54,8.83,0.01,1,883,买盘
1550,10:23:50,8.82,-0.01,19,16758,卖盘
1551,10:23:39,8.83,--,3,2649,买盘
1552,10:23:35,8.83,0.01,40,35320,买盘
1553,10:23:30,8.82,-0.01,26,22932,卖盘
1554,10:23:24,8.83,0.01,10,8830,买盘
1555,10:23:15,8.82,0.01,2,1764,卖盘
1556,10:23:09,8.81,--,47,41407,卖盘
1557,10:23:00,8.81,-0.02,81,71361,卖盘
1558,10:22:54,8.83,--,22,19426,买盘
1559,10:22:49,8.83,0.02,1,883,买盘
1560,10:22:45,8.81,--,93,81933,卖盘
1561,10:22:35,8.81,-0.01,50,44050,卖盘
1562,10:22:30,8.82,0.01,19,16758,买盘
1563,10:22:24,8.81,--,12,10572,卖盘
1564,10:22:19,8.81,-0.01,18,15858,卖盘
1565,10:22:15,8.82,0.01,3,2646,买盘
1566,10:22:09,8.81,0.01,43,37883,中性盘
1567,10:22:04,8.8,-0.01,360,316800,卖盘
1568,10:21:54,8.81,--,200,176649,买盘
1569,10:21:49,8.81,--,20,17620,买盘
1570,10:21:45,8.81,--,9,7929,买盘
1571,10:21:39,8.81,--,5,4405,买盘
1572,10:21:34,8.81,0.01,11,9893,买盘
1573,10:21:29,8.8,--,83,73040,买盘
1574,10:21:24,8.8,0.01,35,30800,买盘
1575,10:21:19,8.79,-0.01,67,58892,卖盘
1576,10:21:14,8.8,--,22,19360,买盘
1577,10:21:09,8.8,0.01,72,63360,买盘
1578,10:21:04,8.79,-0.01,3,2636,卖盘
1579,10:20:59,8.8,--,12,10560,买盘
1580,10:20:54,8.8,0.01,53,46640,买盘
1581,10:20:49,8.79,-0.01,10,8790,卖盘
1582,10:20:44,8.8,--,5,4400,买盘
1583,10:20:39,8.8,--,62,54560,买盘
1584,10:20:34,8.8,--,20,17600,买盘
1585,10:20:29,8.8,--,308,271717,卖盘
1586,10:20:24,8.8,--,82,72160,卖盘
1587,10:20:19,8.8,--,54,47520,卖盘
1588,10:20:14,8.8,--,120,105600,卖盘
1589,10:20:09,8.8,--,363,319642,卖盘
1590,10:20:04,8.8,--,10,8800,卖盘
1591,10:19:59,8.8,--,47,41360,卖盘
1592,10:19:54,8.8,-0.01,67,58960,卖盘
1593,10:19:49,8.81,--,1,881,买盘
1594,10:19:44,8.81,--,28,24668,买盘
1595,10:19:39,8.81,-0.01,102,90293,卖盘
1596,10:19:34,8.82,0.01,20,17640,买盘
1597,10:19:29,8.81,--,10,8810,卖盘
1598,10:19:24,8.81,-0.01,27,23787,卖盘
1599,10:19:19,8.82,0.01,75,66150,买盘
1600,10:19:14,8.81,-0.01,144,126864,卖盘
1601,10:19:09,8.82,--,305,269010,买盘
1602,10:19:04,8.82,--,5,4410,买盘
1603,10:18:59,8.82,-0.01,7,6174,买盘
1604,10:18:54,8.83,0.01,644,568652,买盘
1605,10:18:49,8.82,--,16,14112,卖盘
1606,10:18:44,8.82,--,192,169344,卖盘
1607,10:18:39,8.82,--,20,17640,卖盘
1608,10:18:34,8.82,--,1,882,卖盘
1609,10:18:29,8.82,--,75,66150,卖盘
1610,10:18:24,8.82,--,4,3528,卖盘
1611,10:18:14,8.82,-0.01,111,97902,卖盘
1612,10:18:09,8.83,0.01,100,88300,买盘
1613,10:17:59,8.82,--,5,4410,卖盘
1614,10:17:54,8.82,-0.01,100,88200,卖盘
1615,10:17:39,8.83,-0.01,12,10596,卖盘
1616,10:17:29,8.84,--,51,45084,买盘
1617,10:17:24,8.84,--,31,27404,卖盘
1618,10:17:14,8.84,--,46,40664,卖盘
1619,10:17:09,8.84,--,28,24752,买盘
1620,10:17:04,8.84,--,20,17680,买盘
1621,10:16:59,8.84,--,59,52156,买盘
1622,10:16:54,8.84,--,3,2652,卖盘
1623,10:16:49,8.84,--,10,8840,卖盘
1624,10:16:44,8.84,0.01,7,6188,买盘
1625,10:16:39,8.83,-0.01,31,27373,卖盘
1626,10:16:34,8.84,-0.01,62,54808,卖盘
1627,10:16:29,8.85,0.02,175,154875,买盘
1628,10:16:24,8.83,-0.01,93,82119,卖盘
1629,10:16:09,8.84,--,1,884,买盘
1630,10:16:04,8.84,--,8,7072,卖盘
1631,10:15:54,8.84,--,33,29172,卖盘
1632,10:15:44,8.84,--,50,44200,卖盘
1633,10:15:39,8.84,--,32,28288,卖盘
1634,10:15:33,8.84,--,43,38012,卖盘
1635,10:15:24,8.84,0.01,112,99008,买盘
1636,10:15:18,8.83,-0.01,6,5298,卖盘
1637,10:15:13,8.84,--,66,58344,买盘
1638,10:15:09,8.84,0.01,23,20332,买盘
1639,10:15:03,8.83,--,3,2649,卖盘
1640,10:14:58,8.83,-0.01,12,10596,卖盘
1641,10:14:48,8.84,0.01,10,8840,买盘
1642,10:14:44,8.83,--,20,17660,卖盘
1643,10:14:38,8.83,--,71,62693,卖盘
1644,10:14:33,8.83,--,10,8830,卖盘
1645,10:14:28,8.83,--,21,18543,卖盘
1646,10:14:18,8.83,--,10,8830,卖盘
1647,10:14:13,8.83,-0.01,53,46799,卖盘
1648,10:14:08,8.84,0.01,114,100776,买盘
1649,10:14:03,8.83,-0.01,35,30905,卖盘
1650,10:13:58,8.84,--,57,50388,买盘
1651,10:13:53,8.84,0.01,184,162656,买盘
1652,10:13:48,8.83,--,4,3532,卖盘
1653,10:13:28,8.83,-0.01,105,92715,卖盘
1654,10:13:23,8.84,--,12,10608,卖盘
1655,10:13:18,8.84,--,182,160888,卖盘
1656,10:13:13,8.84,-0.01,6,5304,卖盘
1657,10:13:08,8.85,0.01,25,22125,买盘
1658,10:13:03,8.84,--,110,97240,卖盘
1659,10:12:58,8.84,-0.01,18,15912,卖盘
1660,10:12:53,8.85,--,12,10620,买盘
1661,10:12:48,8.85,--,13,11505,买盘
1662,10:12:38,8.85,0.01,4,3540,买盘
1663,10:12:33,8.84,-0.01,57,50388,卖盘
1664,10:12:28,8.85,0.01,65,57525,买盘
1665,10:12:23,8.84,-0.01,31,27404,卖盘
1666,10:12:13,8.85,--,6,5310,买盘
1667,10:12:08,8.85,0.01,7,6195,买盘
1668,10:12:03,8.84,-0.01,8,7072,卖盘
1669,10:11:53,8.85,--,1,885,买盘
1670,10:11:48,8.85,--,50,44250,买盘
1671,10:11:38,8.85,0.02,8,7080,买盘
1672,10:11:28,8.83,-0.02,10,8830,卖盘
1673,10:11:23,8.85,--,76,67260,买盘
1674,10:11:18,8.85,0.02,20,17700,买盘
1675,10:11:13,8.83,-0.02,64,56512,卖盘
1676,10:11:08,8.85,--,5,4425,买盘
1677,10:11:03,8.85,0.02,2,1770,买盘
1678,10:10:58,8.83,--,9,7947,卖盘
1679,10:10:48,8.83,--,20,17660,卖盘
1680,10:10:43,8.83,--,3,2649,卖盘
1681,10:10:38,8.83,--,52,45916,卖盘
1682,10:10:33,8.83,--,5,4415,卖盘
1683,10:10:23,8.83,-0.01,19,16777,卖盘
1684,10:10:18,8.84,0.01,107,94588,买盘
1685,10:10:13,8.83,--,152,134666,卖盘
1686,10:10:08,8.83,--,107,94481,卖盘
1687,10:10:03,8.83,-0.01,10,8830,卖盘
1688,10:09:58,8.84,--,22,19448,买盘
1689,10:09:53,8.84,--,2,1768,买盘
1690,10:09:48,8.84,--,8,7072,买盘
1691,10:09:43,8.84,0.01,1,884,买盘
1692,10:09:38,8.83,-0.01,5,4415,卖盘
1693,10:09:33,8.84,-0.01,26,22984,卖盘
1694,10:09:28,8.85,0.01,11,9735,买盘
1695,10:09:23,8.84,0.01,30,26520,中性盘
1696,10:09:18,8.83,-0.01,68,60044,卖盘
1697,10:09:13,8.84,-0.01,129,114036,卖盘
1698,10:09:08,8.85,--,0,0,买盘
1699,10:09:03,8.85,0.01,500,442500,买盘
1700,10:08:58,8.84,-0.01,64,56576,卖盘
1701,10:08:53,8.85,0.01,6,5310,买盘
1702,10:08:48,8.84,-0.01,24,21216,卖盘
1703,10:08:43,8.85,--,17,15045,买盘
1704,10:08:33,8.85,--,10,8850,买盘
1705,10:08:28,8.85,--,25,22125,卖盘
1706,10:08:23,8.85,-0.01,200,177000,卖盘
1707,10:08:18,8.86,0.01,219,194034,买盘
1708,10:08:12,8.85,--,51,45135,卖盘
1709,10:08:08,8.85,-0.01,49,43365,卖盘
1710,10:08:03,8.86,--,167,147962,买盘
1711,10:07:57,8.86,--,6,5316,买盘
1712,10:07:48,8.86,--,9,7973,买盘
1713,10:07:42,8.86,0.01,36,31895,买盘
1714,10:07:38,8.85,--,16,14160,卖盘
1715,10:07:33,8.85,-0.01,2,1770,卖盘
1716,10:07:27,8.86,--,8,7088,买盘
1717,10:07:23,8.86,--,173,153278,卖盘
1718,10:07:17,8.86,-0.01,20,17720,卖盘
1719,10:07:12,8.87,--,135,119744,买盘
1720,10:07:08,8.87,--,70,62089,买盘
1721,10:07:02,8.87,0.01,11,9757,买盘
1722,10:06:57,8.86,-0.01,126,111636,卖盘
1723,10:06:52,8.87,--,20,17740,买盘
1724,10:06:47,8.87,--,26,23061,买盘
1725,10:06:42,8.87,--,29,25722,买盘
1726,10:06:32,8.87,--,29,25722,买盘
1727,10:06:27,8.87,--,10,8870,买盘
1728,10:06:22,8.87,0.01,35,31044,买盘
1729,10:06:17,8.86,--,17,15061,买盘
1730,10:06:12,8.86,--,59,52274,卖盘
1731,10:05:57,8.86,--,88,77968,卖盘
1732,10:05:52,8.86,--,50,44300,卖盘
1733,10:05:47,8.86,--,116,102776,买盘
1734,10:05:42,8.86,--,12,10632,买盘
1735,10:05:32,8.86,--,54,47844,买盘
1736,10:05:27,8.86,--,62,54932,买盘
1737,10:05:22,8.86,-0.01,23,20378,卖盘
1738,10:05:17,8.87,0.01,48,42575,买盘
1739,10:05:12,8.86,--,43,38098,买盘
1740,10:05:07,8.86,0.01,31,27466,买盘
1741,10:05:02,8.85,-0.01,99,87615,卖盘
1742,10:04:57,8.86,--,72,63791,买盘
1743,10:04:47,8.86,--,30,26580,卖盘
1744,10:04:42,8.86,--,30,26580,卖盘
1745,10:04:37,8.86,-0.02,30,26580,卖盘
1746,10:04:32,8.88,0.02,76,67488,买盘
1747,10:04:27,8.86,--,37,32782,卖盘
1748,10:04:17,8.86,-0.02,40,35440,卖盘
1749,10:04:12,8.88,0.02,40,35520,买盘
1750,10:04:02,8.86,-0.02,92,81512,卖盘
1751,10:03:57,8.88,--,7,6216,卖盘
1752,10:03:52,8.88,-0.01,1,888,卖盘
1753,10:03:47,8.89,0.03,124,110236,买盘
1754,10:03:42,8.86,-0.02,41,36326,卖盘
1755,10:03:37,8.88,0.02,19,16872,买盘
1756,10:03:32,8.86,-0.02,15,13290,卖盘
1757,10:03:27,8.88,0.02,143,126984,买盘
1758,10:03:17,8.86,-0.02,103,91258,卖盘
1759,10:03:12,8.88,0.02,103,91464,买盘
1760,10:03:07,8.86,--,6,5316,卖盘
1761,10:03:02,8.86,--,20,17720,卖盘
1762,10:02:57,8.86,--,1,886,卖盘
1763,10:02:52,8.86,0.01,45,39870,卖盘
1764,10:02:47,8.85,-0.03,100,88500,卖盘
1765,10:02:42,8.88,0.03,63,55944,买盘
1766,10:02:37,8.85,--,16,14160,卖盘
1767,10:02:32,8.85,-0.01,23,20355,卖盘
1768,10:02:27,8.86,0.01,5,4430,买盘
1769,10:02:22,8.85,--,47,41595,卖盘
1770,10:02:12,8.85,--,20,17700,卖盘
1771,10:02:07,8.85,-0.01,28,24780,卖盘
1772,10:02:02,8.86,0.01,3,2658,买盘
1773,10:01:57,8.85,-0.02,21,18585,卖盘
1774,10:01:52,8.87,0.01,7,6208,买盘
1775,10:01:47,8.86,--,13,11518,卖盘
1776,10:01:41,8.86,-0.01,21,18606,卖盘
1777,10:01:37,8.87,-0.01,25,22174,中性盘
1778,10:01:32,8.88,-0.01,10,8880,中性盘
1779,10:01:26,8.89,0.02,494,439166,买盘
1780,10:01:22,8.87,-0.01,30,26609,卖盘
1781,10:01:16,8.88,--,17,15096,买盘
1782,10:01:12,8.88,--,9,7992,买盘
1783,10:01:02,8.88,--,15,13320,买盘
1784,10:00:56,8.88,0.01,28,24864,买盘
1785,10:00:51,8.87,--,15,13304,买盘
1786,10:00:46,8.87,0.01,7,6208,买盘
1787,10:00:41,8.86,-0.03,205,181630,卖盘
1788,10:00:36,8.89,0.01,272,241808,买盘
1789,10:00:32,8.88,--,10,8880,买盘
1790,10:00:26,8.88,--,13,11544,买盘
1791,10:00:21,8.88,--,28,24864,买盘
1792,10:00:16,8.88,--,38,33744,买盘
1793,10:00:11,8.88,-0.01,85,75480,卖盘
1794,10:00:06,8.89,0.01,11,9779,买盘
1795,10:00:01,8.88,--,38,33744,卖盘
1796,09:59:56,8.88,--,10,8880,卖盘
1797,09:59:51,8.88,--,4,3552,卖盘
1798,09:59:46,8.88,0.01,448,397824,买盘
1799,09:59:41,8.87,--,74,65638,卖盘
1800,09:59:36,8.87,--,5,4435,卖盘
1801,09:59:31,8.87,-0.01,9,7982,卖盘
1802,09:59:26,8.88,0.01,50,44400,买盘
1803,09:59:21,8.87,-0.02,10,8870,卖盘
1804,09:59:11,8.89,--,37,32893,买盘
1805,09:59:06,8.89,0.03,172,152908,买盘
1806,09:59:01,8.86,-0.01,2,1772,卖盘
1807,09:58:56,8.87,-0.02,10,8870,中性盘
1808,09:58:51,8.89,0.03,350,311150,买盘
1809,09:58:46,8.86,-0.01,26,23036,卖盘
1810,09:58:36,8.87,0.01,54,47897,买盘
1811,09:58:31,8.86,--,77,68222,卖盘
1812,09:58:21,8.86,--,82,72652,买盘
1813,09:58:16,8.86,0.01,114,101004,买盘
1814,09:58:06,8.85,--,71,62835,卖盘
1815,09:58:01,8.85,--,11,9735,买盘
1816,09:57:56,8.85,0.01,147,130095,买盘
1817,09:57:51,8.84,-0.01,130,114920,卖盘
1818,09:57:46,8.85,--,6,5310,买盘
1819,09:57:41,8.85,--,11,9735,买盘
1820,09:57:36,8.85,0.01,15,13275,买盘
1821,09:57:31,8.84,0.01,11,9724,买盘
1822,09:57:26,8.83,--,25,22075,卖盘
1823,09:57:21,8.83,--,235,207505,卖盘
1824,09:57:11,8.83,0.01,86,75938,买盘
1825,09:57:06,8.82,-0.01,123,108486,卖盘
1826,09:56:56,8.83,--,31,27373,买盘
1827,09:56:51,8.83,-0.02,44,38852,中性盘
1828,09:56:46,8.85,--,2,1770,买盘
1829,09:56:41,8.85,--,11,9735,买盘
1830,09:56:36,8.85,-0.01,1,885,中性盘
1831,09:56:31,8.86,0.04,21,18606,买盘
1832,09:56:26,8.82,-0.03,1021,900522,卖盘
1833,09:56:21,8.85,--,21,18585,卖盘
1834,09:56:16,8.85,--,2,1770,买盘
1835,09:56:10,8.85,--,11,9735,买盘
1836,09:56:06,8.85,0.01,65,57525,买盘
1837,09:56:01,8.84,-0.01,99,87516,卖盘
1838,09:55:55,8.85,--,20,17700,买盘
1839,09:55:51,8.85,--,36,31860,买盘
1840,09:55:46,8.85,--,2,1770,买盘
1841,09:55:40,8.85,--,6,5310,买盘
1842,09:55:36,8.85,0.01,25,22125,买盘
1843,09:55:31,8.84,--,61,53924,买盘
1844,09:55:25,8.84,--,16,14144,买盘
1845,09:55:21,8.84,--,53,46852,买盘
1846,09:55:16,8.84,--,32,28288,买盘
1847,09:55:10,8.84,0.01,33,29172,买盘
1848,09:55:06,8.83,-0.01,237,209271,卖盘
1849,09:55:01,8.84,--,115,101660,卖盘
1850,09:54:55,8.84,--,38,33592,卖盘
1851,09:54:51,8.84,0.01,403,356252,买盘
1852,09:54:46,8.83,--,20,17660,卖盘
1853,09:54:40,8.83,--,81,71523,买盘
1854,09:54:31,8.83,--,59,52097,买盘
1855,09:54:21,8.83,--,41,36203,买盘
1856,09:54:16,8.83,--,284,250772,卖盘
1857,09:54:10,8.83,--,112,98896,卖盘
1858,09:54:05,8.83,--,47,41501,卖盘
1859,09:54:01,8.83,--,55,48565,卖盘
1860,09:53:55,8.83,--,31,27373,卖盘
1861,09:53:50,8.83,--,54,47690,卖盘
1862,09:53:46,8.83,--,31,27373,卖盘
1863,09:53:35,8.83,-0.01,8,7064,卖盘
1864,09:53:30,8.84,--,51,45084,卖盘
1865,09:53:25,8.84,--,14,12376,买盘
1866,09:53:20,8.84,--,109,96356,卖盘
1867,09:53:15,8.84,--,3,2652,卖盘
1868,09:53:10,8.84,--,7,6188,卖盘
1869,09:53:05,8.84,--,37,32708,卖盘
1870,09:53:00,8.84,-0.01,423,373932,卖盘
1871,09:52:55,8.85,--,43,38055,卖盘
1872,09:52:50,8.85,--,9,7965,卖盘
1873,09:52:45,8.85,--,25,22125,卖盘
1874,09:52:40,8.85,--,113,100005,卖盘
1875,09:52:35,8.85,--,196,173460,卖盘
1876,09:52:30,8.85,--,57,50445,卖盘
1877,09:52:25,8.85,--,92,81420,卖盘
1878,09:52:20,8.85,-0.01,47,41595,卖盘
1879,09:52:15,8.86,--,31,27466,买盘
1880,09:52:10,8.86,--,1,886,买盘
1881,09:52:05,8.86,-0.01,57,50502,卖盘
1882,09:52:00,8.87,-0.01,79,70073,卖盘
1883,09:51:55,8.88,--,21,18648,买盘
1884,09:51:50,8.88,--,6,5328,买盘
1885,09:51:45,8.88,--,53,47943,卖盘
1886,09:51:40,8.88,-0.02,100,88800,卖盘
1887,09:51:35,8.9,--,27,24030,买盘
1888,09:51:30,8.9,0.02,253,225170,买盘
1889,09:51:25,8.88,-0.02,606,538527,卖盘
1890,09:51:20,8.9,--,151,134390,卖盘
1891,09:51:05,8.9,--,161,143290,买盘
1892,09:51:00,8.9,--,646,574940,买盘
1893,09:50:55,8.9,0.02,105,93450,买盘
1894,09:50:50,8.88,-0.03,42,37296,卖盘
1895,09:50:45,8.91,0.03,73,65043,买盘
1896,09:50:35,8.88,-0.02,87,77256,卖盘
1897,09:50:30,8.9,--,538,478820,买盘
1898,09:50:25,8.9,--,10,8900,买盘
1899,09:50:20,8.9,0.02,313,278570,买盘
1900,09:50:15,8.88,-0.01,32,28913,卖盘
1901,09:50:10,8.89,--,40,35951,卖盘
1902,09:50:05,8.89,--,1,889,卖盘
1903,09:50:00,8.89,0.01,283,252084,买盘
1904,09:49:55,8.88,0.01,40,35520,买盘
1905,09:49:50,8.87,-0.02,112,99343,卖盘
1906,09:49:45,8.89,0.01,124,110236,买盘
1907,09:49:40,8.88,0.01,14,12432,买盘
1908,09:49:35,8.87,--,24,21287,卖盘
1909,09:49:30,8.87,--,116,102891,卖盘
1910,09:49:25,8.87,--,27,23948,卖盘
1911,09:49:19,8.87,-0.01,21,18627,卖盘
1912,09:49:15,8.88,0.02,143,126984,买盘
1913,09:49:10,8.86,--,20,17720,卖盘
1914,09:49:04,8.86,-0.01,11,9746,卖盘
1915,09:49:00,8.87,0.02,2,1773,买盘
1916,09:48:55,8.85,-0.01,56,49560,卖盘
1917,09:48:45,8.86,--,10,8860,买盘
1918,09:48:40,8.86,-0.01,185,163910,卖盘
1919,09:48:34,8.87,--,3,2660,卖盘
1920,09:48:30,8.87,0.02,126,111761,买盘
1921,09:48:25,8.85,-0.03,83,73455,卖盘
1922,09:48:19,8.88,0.03,16,14208,买盘
1923,09:48:14,8.85,--,52,46020,卖盘
1924,09:48:09,8.85,--,65,57525,卖盘
1925,09:48:04,8.85,-0.04,7,6195,卖盘
1926,09:47:59,8.89,0.04,115,102235,买盘
1927,09:47:54,8.85,--,316,279660,买盘
1928,09:47:49,8.85,--,303,268801,卖盘
1929,09:47:44,8.85,-0.03,872,771958,卖盘
1930,09:47:39,8.88,0.01,148,131424,买盘
1931,09:47:34,8.87,0.01,216,191591,买盘
1932,09:47:29,8.86,0.01,96,85056,买盘
1933,09:47:24,8.85,--,89,78765,卖盘
1934,09:47:19,8.85,-0.03,131,115935,卖盘
1935,09:47:14,8.88,0.01,68,60384,买盘
1936,09:47:09,8.87,--,16,15043,卖盘
1937,09:47:04,8.87,-0.01,121,107956,卖盘
1938,09:46:59,8.88,--,163,144744,卖盘
1939,09:46:54,8.88,-0.01,15,13577,卖盘
1940,09:46:49,8.89,--,70,62230,卖盘
1941,09:46:44,8.89,--,56,49784,卖盘
1942,09:46:39,8.89,-0.01,139,123571,卖盘
1943,09:46:34,8.9,--,260,231400,卖盘
1944,09:46:29,8.9,--,222,197580,卖盘
1945,09:46:24,8.9,-0.01,601,534890,卖盘
1946,09:46:19,8.91,--,328,292248,卖盘
1947,09:46:14,8.91,-0.01,139,123849,卖盘
1948,09:46:09,8.92,--,239,213188,卖盘
1949,09:46:04,8.92,-0.01,12,10704,卖盘
1950,09:45:59,8.93,0.01,150,133950,买盘
1951,09:45:54,8.92,-0.01,145,129340,卖盘
1952,09:45:49,8.93,--,230,206077,卖盘
1953,09:45:44,8.93,--,218,194674,卖盘
1954,09:45:39,8.93,--,166,148238,卖盘
1955,09:45:34,8.93,-0.01,327,292011,卖盘
1956,09:45:29,8.94,0.01,62,55428,买盘
1957,09:45:24,8.93,--,105,93765,卖盘
1958,09:45:19,8.93,--,33,29469,卖盘
1959,09:45:14,8.93,--,103,91979,卖盘
1960,09:45:09,8.93,0.01,617,551186,买盘
1961,09:45:04,8.92,-0.01,17,15164,卖盘
1962,09:44:59,8.93,0.01,210,187530,买盘
1963,09:44:54,8.92,--,229,204268,卖盘
1964,09:44:49,8.92,--,9,8028,卖盘
1965,09:44:44,8.92,--,81,72252,买盘
1966,09:44:39,8.92,--,166,148455,卖盘
1967,09:44:34,8.92,-0.01,47,41924,卖盘
1968,09:44:29,8.93,-0.01,80,71440,卖盘
1969,09:44:24,8.94,0.01,139,124266,买盘
1970,09:44:19,8.93,--,73,65189,卖盘
1971,09:44:14,8.93,-0.02,19,16967,卖盘
1972,09:44:09,8.95,0.01,308,275660,买盘
1973,09:44:04,8.94,--,231,206514,卖盘
1974,09:43:59,8.94,-0.01,35,31290,卖盘
1975,09:43:54,8.95,--,224,200479,卖盘
1976,09:43:49,8.95,--,87,77865,卖盘
1977,09:43:44,8.95,--,36,32219,卖盘
1978,09:43:39,8.95,--,177,158415,买盘
1979,09:43:34,8.95,0.02,12,10740,买盘
1980,09:43:29,8.93,--,86,76798,卖盘
1981,09:43:24,8.93,-0.01,171,152703,卖盘
1982,09:43:19,8.94,0.01,74,66156,买盘
1983,09:43:13,8.93,-0.01,104,92872,卖盘
1984,09:43:09,8.94,--,179,160026,买盘
1985,09:43:04,8.94,--,156,139464,买盘
1986,09:42:58,8.94,--,40,35760,卖盘
1987,09:42:54,8.94,--,195,174330,卖盘
1988,09:42:49,8.94,--,45,40230,卖盘
1989,09:42:43,8.94,--,24,21456,卖盘
1990,09:42:39,8.94,0.01,622,556068,买盘
1991,09:42:33,8.93,-0.01,56,50008,中性盘
1992,09:42:28,8.94,0.02,79,70626,买盘
1993,09:42:24,8.92,-0.01,25,22300,卖盘
1994,09:42:19,8.93,--,83,74119,卖盘
1995,09:42:13,8.93,--,10,8930,卖盘
1996,09:42:09,8.93,-0.01,1455,1299315,卖盘
1997,09:42:04,8.94,0.02,166,148404,买盘
1998,09:41:58,8.92,--,0,0,卖盘
1999,09:41:53,8.92,-0.01,98,87416,卖盘
2000,09:41:49,8.93,0.01,324,289332,买盘
2001,09:41:43,8.92,--,84,74928,卖盘
2002,09:41:39,8.92,--,10,8920,卖盘
2003,09:41:34,8.92,--,258,230136,卖盘
2004,09:41:28,8.92,-0.01,25,22300,卖盘
2005,09:41:24,8.93,--,238,212534,卖盘
2006,09:41:19,8.93,--,210,187530,卖盘
2007,09:41:13,8.93,--,95,84835,卖盘
2008,09:41:08,8.93,--,16,14288,卖盘
2009,09:41:03,8.93,-0.01,108,96444,卖盘
2010,09:40:58,8.94,--,29,25926,卖盘
2011,09:40:53,8.94,-0.01,147,131418,卖盘
2012,09:40:48,8.95,-0.01,68,60859,卖盘
2013,09:40:43,8.96,0.01,32,28672,中性盘
2014,09:40:38,8.95,-0.01,224,200479,卖盘
2015,09:40:33,8.96,--,689,617344,卖盘
2016,09:40:28,8.96,--,130,116480,卖盘
2017,09:40:23,8.96,-0.02,210,188160,卖盘
2018,09:40:18,8.98,0.02,55,49390,中性盘
2019,09:40:13,8.96,-0.01,80,71680,卖盘
2020,09:40:08,8.97,--,566,507702,中性盘
2021,09:40:03,8.97,--,166,148902,买盘
2022,09:39:58,8.97,0.01,34,30498,买盘
2023,09:39:53,8.96,--,157,140672,卖盘
2024,09:39:48,8.96,0.01,53,47488,买盘
2025,09:39:43,8.95,-0.01,10,8950,卖盘
2026,09:39:38,8.96,--,130,116480,买盘
2027,09:39:33,8.96,0.01,543,486528,买盘
2028,09:39:28,8.95,0.01,1,894,买盘
2029,09:39:23,8.94,--,68,60792,卖盘
2030,09:39:18,8.94,--,158,142056,买盘
2031,09:39:13,8.94,0.01,62,55428,买盘
2032,09:39:08,8.93,-0.01,132,117965,卖盘
2033,09:39:03,8.94,0.01,157,140358,买盘
2034,09:38:58,8.93,--,162,145469,买盘
2035,09:38:53,8.93,--,29,25897,买盘
2036,09:38:48,8.93,-0.01,61,54473,卖盘
2037,09:38:43,8.94,0.01,98,87612,买盘
2038,09:38:38,8.93,--,37,33041,买盘
2039,09:38:33,8.93,-0.01,150,133950,卖盘
2040,09:38:28,8.94,-0.01,13,11622,中性盘
2041,09:38:23,8.95,--,403,360685,买盘
2042,09:38:18,8.95,--,89,79655,买盘
2043,09:38:13,8.95,--,20,17900,买盘
2044,09:38:08,8.95,--,58,52473,卖盘
2045,09:38:03,8.95,-0.01,403,360685,卖盘
2046,09:37:58,8.96,--,79,70784,买盘
2047,09:37:53,8.96,--,111,99456,中性盘
2048,09:37:48,8.96,-0.01,42,37632,卖盘
2049,09:37:43,8.97,-0.01,2,1794,中性盘
2050,09:37:38,8.98,--,242,217316,买盘
2051,09:37:33,8.98,-0.03,81,72738,卖盘
2052,09:37:28,9.01,0.03,37,33337,买盘
2053,09:37:23,8.98,-0.02,250,224500,卖盘
2054,09:37:18,9.0,-0.01,136,122400,卖盘
2055,09:37:13,9.01,--,77,69377,买盘
2056,09:37:08,9.01,--,1607,1447907,卖盘
2057,09:37:03,9.01,--,211,190336,买盘
2058,09:36:57,9.01,0.02,517,465817,买盘
2059,09:36:52,8.99,0.01,167,150133,买盘
2060,09:36:48,8.98,-0.02,320,287360,卖盘
2061,09:36:43,9.0,0.03,856,770400,买盘
2062,09:36:37,8.97,-0.01,38,34086,卖盘
2063,09:36:33,8.98,--,128,114944,买盘
2064,09:36:28,8.98,0.02,835,749830,买盘
2065,09:36:22,8.96,-0.02,56,50176,买盘
2066,09:36:18,8.98,0.02,183,164666,买盘
2067,09:36:13,8.96,-0.02,137,122752,买盘
2068,09:36:07,8.98,--,170,152660,买盘
2069,09:36:03,8.98,0.03,2138,1919924,买盘
2070,09:35:57,8.95,--,189,169155,卖盘
2071,09:35:52,8.95,0.01,105,93974,买盘
2072,09:35:48,8.94,--,912,815328,买盘
2073,09:35:43,8.94,0.01,215,192210,买盘
2074,09:35:37,8.93,-0.01,453,404529,卖盘
2075,09:35:32,8.94,--,731,653514,卖盘
2076,09:35:27,8.94,0.01,314,280716,卖盘
2077,09:35:22,8.93,-0.02,259,231287,卖盘
2078,09:35:18,8.95,0.01,322,288190,买盘
2079,09:35:12,8.94,0.02,1178,1053132,买盘
2080,09:35:07,8.92,-0.02,212,189104,卖盘
2081,09:35:03,8.94,0.02,394,352236,买盘
2082,09:34:57,8.92,--,279,248868,卖盘
2083,09:34:52,8.92,--,122,108824,卖盘
2084,09:34:47,8.92,--,761,678812,卖盘
2085,09:34:42,8.92,0.01,459,409936,买盘
2086,09:34:37,8.91,--,135,120285,卖盘
2087,09:34:32,8.91,0.03,1560,1389960,买盘
2088,09:34:27,8.88,-0.03,171,151848,卖盘
2089,09:34:22,8.91,--,147,130977,卖盘
2090,09:34:17,8.91,0.03,576,513216,买盘
2091,09:34:12,8.88,-0.03,120,106560,卖盘
2092,09:34:07,8.91,0.01,514,457974,买盘
2093,09:34:02,8.9,0.02,217,193130,买盘
2094,09:33:57,8.88,--,35,31080,卖盘
2095,09:33:52,8.88,--,223,198024,卖盘
2096,09:33:47,8.88,-0.02,716,635808,卖盘
2097,09:33:42,8.9,-0.01,502,446780,卖盘
2098,09:33:37,8.91,--,564,502524,卖盘
2099,09:33:32,8.91,-0.01,50,44550,卖盘
2100,09:33:27,8.92,0.01,884,788528,买盘
2101,09:33:22,8.91,-0.01,199,177309,卖盘
2102,09:33:17,8.92,--,254,226568,卖盘
2103,09:33:12,8.92,0.01,871,776932,买盘
2104,09:33:07,8.91,0.01,188,167508,中性盘
2105,09:33:02,8.9,-0.01,664,590960,卖盘
2106,09:32:57,8.91,--,513,457083,卖盘
2107,09:32:52,8.91,--,549,489159,卖盘
2108,09:32:47,8.91,--,315,280665,卖盘
2109,09:32:42,8.91,0.03,874,778734,买盘
2110,09:32:37,8.88,--,107,95051,买盘
2111,09:32:32,8.88,--,264,234432,买盘
2112,09:32:27,8.88,--,678,602064,买盘
2113,09:32:22,8.88,-0.02,496,440448,卖盘
2114,09:32:17,8.9,0.02,1576,1402640,买盘
2115,09:32:12,8.88,--,418,371184,卖盘
2116,09:32:07,8.88,0.01,141,125208,买盘
2117,09:32:02,8.87,-0.01,97,86038,卖盘
2118,09:31:57,8.88,--,121,107448,买盘
2119,09:31:51,8.88,-0.02,36,31968,卖盘
2120,09:31:47,8.9,-0.02,124,110360,中性盘
2121,09:31:42,8.92,--,698,622616,买盘
2122,09:31:37,8.92,--,6,5352,买盘
2123,09:31:32,8.92,0.05,503,448676,买盘
2124,09:31:27,8.87,-0.05,2113,1874230,卖盘
2125,09:31:22,8.92,--,10,8920,卖盘
2126,09:31:17,8.92,0.04,450,401400,买盘
2127,09:31:12,8.88,-0.05,137,121656,卖盘
2128,09:31:06,8.93,0.03,666,594738,买盘
2129,09:31:02,8.9,0.02,892,793880,买盘
2130,09:30:57,8.88,0.03,534,474192,买盘
2131,09:30:51,8.85,-0.02,20,17700,卖盘
2132,09:30:47,8.87,0.03,224,198687,买盘
2133,09:30:42,8.84,0.01,112,99008,中性盘
2134,09:30:36,8.83,--,52,45916,卖盘
2135,09:30:32,8.83,0.01,441,389862,买盘
2136,09:30:27,8.82,0.02,283,249606,买盘
2137,09:30:21,8.8,-0.02,75,66000,卖盘
2138,09:30:16,8.82,0.01,7,6174,买盘
2139,09:30:12,8.81,0.01,25,22025,中性盘
2140,09:30:06,8.8,0.05,663,583880,买盘
2141,09:28:59,8.75,--,0,0,卖盘
2142,09:25:05,8.75,8.75,864,756437,买盘
