,time,price,change,volume,amount,type
0,15:00:00,4.37,--,0,0,买盘
1,14:59:59,4.37,--,0,0,买盘
2,14:59:59,4.37,--,1,437,买盘
3,14:59:55,4.37,--,134,58558,买盘
4,14:59:50,4.37,-0.02,1709,746833,卖盘
5,14:59:46,4.39,0.01,62,27217,买盘
6,14:59:40,4.38,--,53,23214,买盘
7,14:59:35,4.38,0.01,22,9636,买盘
8,14:59:31,4.37,--,301,131537,卖盘
9,14:59:25,4.37,--,150,65550,卖盘
10,14:59:16,4.37,--,72,31464,卖盘
11,14:59:10,4.37,--,255,111435,卖盘
12,14:59:01,4.37,--,231,100947,卖盘
13,14:58:55,4.37,-0.01,81,35397,卖盘
14,14:58:50,4.38,--,1,438,买盘
15,14:58:46,4.38,0.01,127,55626,买盘
16,14:58:40,4.37,--,127,55499,卖盘
17,14:58:35,4.37,--,23,10051,卖盘
18,14:58:25,4.37,-0.01,543,237291,卖盘
19,14:58:16,4.38,--,13,5694,买盘
20,14:58:05,4.38,0.01,100,43800,买盘
21,14:58:00,4.37,--,145,63365,卖盘
22,14:57:50,4.37,-0.01,50,21850,卖盘
23,14:57:45,4.38,--,61,26718,买盘
24,14:57:40,4.38,0.01,12,5256,买盘
25,14:57:35,4.37,--,6,2622,卖盘
26,14:57:25,4.37,--,15,6555,买盘
27,14:57:15,4.37,--,30,13110,买盘
28,14:57:05,4.37,0.01,237,103569,买盘
29,14:56:55,4.36,--,6,2616,卖盘
30,14:56:45,4.36,--,1,436,卖盘
31,14:56:35,4.36,--,13,5668,卖盘
32,14:56:30,4.36,--,25,10900,卖盘
33,14:56:25,4.36,-0.01,5,2180,卖盘
34,14:56:15,4.37,0.01,32,13984,买盘
35,14:56:10,4.36,-0.01,26,11336,卖盘
36,14:56:05,4.37,0.01,20,8740,买盘
37,14:56:00,4.36,-0.01,118,51448,卖盘
38,14:55:55,4.37,--,22,9614,买盘
39,14:55:50,4.37,--,17,7429,买盘
40,14:55:45,4.37,--,3,1311,买盘
41,14:55:40,4.37,--,5,2185,买盘
42,14:55:35,4.37,0.01,20,8740,买盘
43,14:55:25,4.36,-0.01,5,2180,卖盘
44,14:55:20,4.37,0.01,35,15295,买盘
45,14:55:10,4.36,-0.01,43,18748,卖盘
46,14:55:05,4.37,--,20,8740,买盘
47,14:55:00,4.37,--,183,79971,买盘
48,14:54:55,4.37,--,36,15732,买盘
49,14:54:50,4.37,--,8,3496,买盘
50,14:54:40,4.37,--,5,2185,买盘
51,14:54:35,4.37,--,3,1311,买盘
52,14:54:29,4.37,--,1,437,买盘
53,14:54:25,4.37,0.01,190,83030,买盘
54,14:54:19,4.36,--,7,3052,买盘
55,14:54:14,4.36,--,1,436,买盘
56,14:54:10,4.36,--,201,87636,买盘
57,14:54:04,4.36,--,82,35752,买盘
58,14:53:49,4.36,--,132,57552,买盘
59,14:53:40,4.36,0.01,52,22672,买盘
60,14:53:34,4.35,-0.01,14,6089,卖盘
61,14:53:29,4.36,0.01,1,436,买盘
62,14:53:25,4.35,0.01,15,6524,卖盘
63,14:53:19,4.34,--,0,0,卖盘
64,14:53:10,4.34,--,700,303800,卖盘
65,14:53:04,4.34,--,26,11284,买盘
66,14:52:55,4.34,--,185,80290,买盘
67,14:52:49,4.34,--,111,48174,买盘
68,14:52:44,4.34,--,117,50778,买盘
69,14:52:40,4.34,--,39,16926,买盘
70,14:52:34,4.34,--,54,23436,买盘
71,14:52:29,4.34,--,5,2170,买盘
72,14:52:25,4.34,--,60,26040,买盘
73,14:52:19,4.34,--,50,21700,买盘
74,14:52:14,4.34,--,11,4774,买盘
75,14:52:04,4.34,0.01,46,19964,中性盘
76,14:51:55,4.33,-0.02,1420,614860,卖盘
77,14:51:44,4.35,-0.01,283,123104,卖盘
78,14:51:39,4.36,--,11,4796,买盘
79,14:51:34,4.36,0.02,30,13080,买盘
80,14:51:25,4.34,-0.01,227,98518,卖盘
81,14:51:14,4.35,--,55,24294,买盘
82,14:51:04,4.35,--,152,66120,买盘
83,14:50:54,4.35,-0.01,1921,835700,卖盘
84,14:50:49,4.36,--,10,4673,买盘
85,14:50:40,4.36,--,20,8720,买盘
86,14:50:34,4.36,0.01,30,13080,买盘
87,14:50:29,4.35,-0.01,95,41325,卖盘
88,14:50:24,4.36,--,6,2616,卖盘
89,14:50:19,4.36,--,145,63220,卖盘
90,14:50:09,4.36,--,290,126440,卖盘
91,14:50:04,4.36,--,327,142572,卖盘
92,14:49:59,4.36,-0.01,3,1308,卖盘
93,14:49:49,4.37,0.01,310,135470,买盘
94,14:49:44,4.36,-0.02,62,27032,卖盘
95,14:49:39,4.38,--,0,0,买盘
96,14:49:34,4.38,0.01,517,226446,买盘
97,14:49:29,4.37,--,245,107065,卖盘
98,14:49:19,4.37,0.01,303,132411,买盘
99,14:49:14,4.36,--,30,13080,卖盘
100,14:49:09,4.36,--,50,21800,卖盘
101,14:49:04,4.36,-0.01,40,17440,卖盘
102,14:48:59,4.37,0.01,9,3933,买盘
103,14:48:34,4.36,-0.01,33,14388,卖盘
104,14:48:19,4.37,-0.01,76,33334,卖盘
105,14:48:04,4.38,0.01,30,13140,买盘
106,14:47:59,4.37,--,35,15295,卖盘
107,14:47:49,4.37,--,1,437,卖盘
108,14:47:43,4.37,-0.01,1000,437000,卖盘
109,14:47:34,4.38,--,30,13140,买盘
110,14:47:04,4.38,0.01,30,13140,买盘
111,14:46:43,4.37,-0.01,152,66738,卖盘
112,14:46:33,4.38,--,29,12702,买盘
113,14:46:23,4.38,0.01,10,4380,买盘
114,14:46:19,4.37,-0.01,20,8740,卖盘
115,14:46:04,4.38,--,30,13140,买盘
116,14:45:53,4.38,0.01,3,1314,买盘
117,14:45:48,4.37,--,25,10925,卖盘
118,14:45:38,4.37,-0.01,32,13984,卖盘
119,14:45:33,4.38,--,30,13140,买盘
120,14:45:28,4.38,0.01,50,21900,买盘
121,14:45:18,4.37,-0.01,1315,574655,卖盘
122,14:45:13,4.38,0.01,50,21900,买盘
123,14:45:08,4.37,-0.01,22,9614,卖盘
124,14:45:03,4.38,--,30,13140,买盘
125,14:44:33,4.38,--,32,14016,买盘
126,14:44:28,4.38,0.01,113,49494,买盘
127,14:44:18,4.37,--,2,874,卖盘
128,14:44:03,4.37,-0.01,63,27531,卖盘
129,14:43:48,4.38,0.01,1,438,买盘
130,14:43:38,4.37,--,20,8740,卖盘
131,14:43:33,4.37,--,39,17043,卖盘
132,14:43:28,4.37,-0.01,1,437,卖盘
133,14:43:18,4.38,--,50,21900,买盘
134,14:43:03,4.38,0.01,60,26280,买盘
135,14:42:48,4.37,--,8,3496,卖盘
136,14:42:43,4.37,-0.01,5,2185,卖盘
137,14:42:33,4.38,--,30,13140,买盘
138,14:42:03,4.38,--,60,26280,买盘
139,14:41:43,4.38,--,50,21900,买盘
140,14:41:33,4.38,--,30,13140,买盘
141,14:41:28,4.38,0.01,20,8760,买盘
142,14:41:23,4.37,-0.01,3,1311,卖盘
143,14:41:18,4.38,0.01,15,6570,买盘
144,14:41:08,4.37,-0.01,66,28842,卖盘
145,14:41:03,4.38,--,36,15768,买盘
146,14:40:48,4.38,--,50,21900,买盘
147,14:40:42,4.38,--,66,28908,买盘
148,14:40:37,4.38,--,60,26280,买盘
149,14:40:33,4.38,--,59,25842,买盘
150,14:40:28,4.38,--,78,34164,买盘
151,14:40:22,4.38,--,302,132276,买盘
152,14:40:13,4.38,--,75,32850,买盘
153,14:40:07,4.38,--,90,39420,买盘
154,14:40:02,4.38,0.01,30,13140,买盘
155,14:39:58,4.37,-0.01,30,13110,卖盘
156,14:39:52,4.38,--,21,9198,买盘
157,14:39:37,4.38,--,1,438,买盘
158,14:39:32,4.38,--,133,58254,买盘
159,14:39:28,4.38,--,208,91104,买盘
160,14:39:22,4.38,--,4,1752,买盘
161,14:39:17,4.38,--,1,438,买盘
162,14:39:02,4.38,0.01,30,13140,买盘
163,14:38:57,4.37,--,63,27531,买盘
164,14:38:52,4.37,--,59,25783,买盘
165,14:38:47,4.37,--,10,4370,买盘
166,14:38:42,4.37,--,72,31464,买盘
167,14:38:32,4.37,--,30,13110,买盘
168,14:38:27,4.37,--,187,81719,买盘
169,14:38:02,4.37,0.01,30,13110,买盘
170,14:37:52,4.36,-0.01,11,4796,卖盘
171,14:37:37,4.37,--,47,20539,买盘
172,14:37:32,4.37,0.02,30,13110,买盘
173,14:37:27,4.35,-0.02,1000,434999,卖盘
174,14:37:22,4.37,-0.01,10,4370,卖盘
175,14:37:07,4.38,--,0,0,买盘
176,14:37:02,4.38,0.01,29,12702,买盘
177,14:36:47,4.37,-0.01,69,30153,卖盘
178,14:36:37,4.38,--,0,0,买盘
179,14:36:32,4.38,0.01,30,13140,买盘
180,14:36:27,4.37,0.01,6,2622,买盘
181,14:36:22,4.36,-0.02,15,6540,卖盘
182,14:36:07,4.38,--,0,0,买盘
183,14:36:02,4.38,0.01,30,13140,买盘
184,14:35:57,4.37,-0.01,973,425201,卖盘
185,14:35:52,4.38,0.01,10,4380,买盘
186,14:35:42,4.37,--,4,1748,卖盘
187,14:35:37,4.37,-0.01,26,11362,卖盘
188,14:35:32,4.38,0.01,30,13140,买盘
189,14:35:22,4.37,--,30,13110,买盘
190,14:35:12,4.37,0.01,8,3496,买盘
191,14:35:07,4.36,-0.01,200,87200,卖盘
192,14:35:02,4.37,0.01,30,13110,买盘
193,14:34:52,4.36,--,31,13572,买盘
194,14:34:42,4.36,--,79,34444,买盘
195,14:34:32,4.36,--,892,389291,卖盘
196,14:34:22,4.36,--,0,0,卖盘
197,14:34:07,4.36,-0.02,49,21364,卖盘
198,14:34:02,4.38,-0.01,29,12702,买盘
199,14:33:37,4.39,--,0,0,买盘
200,14:33:31,4.39,0.03,30,13169,买盘
201,14:33:22,4.36,-0.03,1003,437308,卖盘
202,14:33:07,4.39,-0.01,400,175600,卖盘
203,14:33:01,4.4,0.01,140,61600,买盘
204,14:32:57,4.39,--,28,12292,卖盘
205,14:32:52,4.39,-0.01,960,421439,卖盘
206,14:32:31,4.4,0.01,530,233200,买盘
207,14:32:26,4.39,--,5,2195,卖盘
208,14:32:16,4.39,-0.01,1,438,卖盘
209,14:32:06,4.4,--,2,880,买盘
210,14:32:01,4.4,0.01,35,15400,买盘
211,14:31:56,4.39,--,10,4390,卖盘
212,14:31:51,4.39,--,7,3073,卖盘
213,14:31:46,4.39,-0.01,4,1755,卖盘
214,14:31:36,4.4,--,2,880,买盘
215,14:31:31,4.4,0.01,130,57200,买盘
216,14:31:21,4.39,-0.01,3,1317,卖盘
217,14:31:01,4.4,0.01,31,13640,买盘
218,14:30:51,4.39,-0.01,4,1755,卖盘
219,14:30:46,4.4,0.01,7,3080,买盘
220,14:30:36,4.39,-0.01,3,1317,卖盘
221,14:30:31,4.4,0.01,32,14080,买盘
222,14:30:06,4.39,-0.01,3,1317,卖盘
223,14:30:01,4.4,--,40,17600,买盘
224,14:29:56,4.4,--,4,1760,买盘
225,14:29:31,4.4,0.01,30,13200,买盘
226,14:29:21,4.39,-0.01,2,877,卖盘
227,14:29:01,4.4,0.01,33,14520,买盘
228,14:28:56,4.39,-0.01,96,42144,卖盘
229,14:28:31,4.4,--,32,14080,买盘
230,14:28:26,4.4,--,7,3080,买盘
231,14:28:01,4.4,0.01,31,13640,买盘
232,14:27:36,4.39,-0.01,5,2195,卖盘
233,14:27:31,4.4,--,30,13200,买盘
234,14:27:06,4.4,--,2,880,买盘
235,14:27:01,4.4,--,30,13200,买盘
236,14:26:31,4.4,--,32,14080,买盘
237,14:26:16,4.4,--,1,440,买盘
238,14:26:10,4.4,--,2,880,买盘
239,14:26:06,4.4,--,2,880,买盘
240,14:26:01,4.4,--,32,14080,买盘
241,14:25:36,4.4,--,1,440,买盘
242,14:25:31,4.4,0.02,306,134640,买盘
243,14:25:25,4.38,-0.01,10,4380,卖盘
244,14:25:10,4.39,0.01,24,10536,买盘
245,14:25:05,4.38,-0.01,7,3066,卖盘
246,14:25:00,4.39,--,110,48290,买盘
247,14:24:55,4.39,--,254,111505,买盘
248,14:24:51,4.39,--,20,8780,买盘
249,14:24:46,4.39,--,100,43900,买盘
250,14:24:40,4.39,--,14,6146,买盘
251,14:24:31,4.39,0.01,31,13608,买盘
252,14:24:10,4.38,-0.01,103,45114,卖盘
253,14:24:05,4.39,--,2,877,买盘
254,14:24:00,4.39,0.01,30,13169,买盘
255,14:23:35,4.38,-0.01,35,15330,卖盘
256,14:23:25,4.39,0.01,31,13608,买盘
257,14:23:20,4.38,-0.01,3,1314,卖盘
258,14:23:00,4.39,--,32,14047,买盘
259,14:22:35,4.39,--,100,43900,买盘
260,14:22:30,4.39,0.01,30,13169,买盘
261,14:22:25,4.38,--,77,33726,卖盘
262,14:22:20,4.38,-0.01,2,876,卖盘
263,14:22:00,4.39,0.01,837,367443,买盘
264,14:21:50,4.38,--,1,438,卖盘
265,14:21:45,4.38,--,12,5256,卖盘
266,14:21:35,4.38,-0.01,23,10074,卖盘
267,14:21:30,4.39,--,29,12730,买盘
268,14:21:10,4.39,--,101,44339,买盘
269,14:21:00,4.39,0.01,30,13169,买盘
270,14:20:45,4.38,--,6,2628,卖盘
271,14:20:34,4.38,-0.01,384,168192,卖盘
272,14:20:30,4.39,--,30,13169,买盘
273,14:20:00,4.39,0.01,32,14047,买盘
274,14:19:45,4.38,-0.01,28,12264,卖盘
275,14:19:40,4.39,--,300,131700,买盘
276,14:19:34,4.39,0.01,30,13169,买盘
277,14:19:30,4.38,-0.01,13,5694,卖盘
278,14:19:25,4.39,0.01,2,877,买盘
279,14:19:15,4.38,-0.01,100,43800,卖盘
280,14:19:00,4.39,--,30,13169,买盘
281,14:18:34,4.39,0.01,29,12730,买盘
282,14:18:25,4.38,-0.01,1,438,卖盘
283,14:18:15,4.39,--,1,438,买盘
284,14:18:10,4.39,--,101,44339,买盘
285,14:18:04,4.39,0.01,32,14047,买盘
286,14:18:00,4.38,-0.01,64,28032,卖盘
287,14:17:55,4.39,--,11,4829,买盘
288,14:17:34,4.39,--,32,14047,买盘
289,14:17:09,4.39,0.01,20,8780,买盘
290,14:17:04,4.38,-0.01,33,14454,卖盘
291,14:16:54,4.39,--,20,8780,买盘
292,14:16:44,4.39,--,4,1755,买盘
293,14:16:34,4.39,--,131,57508,买盘
294,14:16:09,4.39,--,0,0,买盘
295,14:16:04,4.39,0.01,36,15803,买盘
296,14:15:54,4.38,--,26,11388,买盘
297,14:15:34,4.38,--,29,12702,买盘
298,14:15:09,4.38,0.01,100,43800,买盘
299,14:15:04,4.37,--,37,16169,卖盘
300,14:14:49,4.37,--,42,18354,卖盘
301,14:14:44,4.37,-0.01,8,3496,卖盘
302,14:14:34,4.38,0.01,30,13140,买盘
303,14:14:14,4.37,-0.01,40,17480,卖盘
304,14:14:04,4.38,--,30,13140,买盘
305,14:13:54,4.38,--,236,103368,卖盘
306,14:13:44,4.38,--,25,10950,卖盘
307,14:13:39,4.38,-0.01,104,45552,卖盘
308,14:13:34,4.39,0.01,330,144870,买盘
309,14:13:09,4.38,-0.01,300,131400,卖盘
310,14:13:04,4.39,0.01,30,13169,买盘
311,14:12:54,4.38,--,134,58692,卖盘
312,14:12:49,4.38,--,504,220752,卖盘
313,14:12:43,4.38,--,2,876,卖盘
314,14:12:39,4.38,--,5,2190,卖盘
315,14:12:34,4.38,-0.01,39,17082,卖盘
316,14:12:13,4.39,--,30,13169,买盘
317,14:12:09,4.39,--,100,43900,买盘
318,14:12:03,4.39,0.01,42,18438,买盘
319,14:11:53,4.38,-0.01,10,4380,卖盘
320,14:11:34,4.39,--,93,40827,卖盘
321,14:11:24,4.39,--,5,2195,卖盘
322,14:11:13,4.39,--,23,10097,卖盘
323,14:11:09,4.39,-0.01,2,877,卖盘
324,14:11:04,4.4,0.01,30,13200,买盘
325,14:10:48,4.39,--,2,877,卖盘
326,14:10:43,4.39,--,310,136090,买盘
327,14:10:38,4.39,-0.01,152,66728,卖盘
328,14:10:33,4.4,0.01,130,57200,买盘
329,14:10:03,4.39,-0.01,33,14486,卖盘
330,14:09:33,4.4,0.01,41,18040,买盘
331,14:09:08,4.39,--,1,438,卖盘
332,14:09:03,4.39,--,234,102725,买盘
333,14:08:53,4.39,--,38,16682,买盘
334,14:08:33,4.39,0.01,60,26339,买盘
335,14:08:28,4.38,--,50,21900,卖盘
336,14:08:03,4.38,--,433,189654,卖盘
337,14:07:58,4.38,-0.01,4,1752,卖盘
338,14:07:53,4.39,--,10,4390,买盘
339,14:07:38,4.39,--,100,43900,买盘
340,14:07:33,4.39,0.01,31,13608,买盘
341,14:07:28,4.38,--,2,876,卖盘
342,14:07:23,4.38,-0.01,250,109500,卖盘
343,14:07:13,4.39,0.01,20,8780,买盘
344,14:07:07,4.38,-0.01,15,6570,卖盘
345,14:07:03,4.39,--,32,14047,买盘
346,14:06:58,4.39,--,6,2634,买盘
347,14:06:33,4.39,--,30,13169,买盘
348,14:06:18,4.39,-0.01,142,62337,卖盘
349,14:06:07,4.4,--,4,1760,买盘
350,14:06:03,4.4,0.01,129,56760,买盘
351,14:05:52,4.39,--,1,438,卖盘
352,14:05:48,4.39,--,2,877,卖盘
353,14:05:33,4.39,--,110,48290,卖盘
354,14:05:12,4.39,--,27,11853,买盘
355,14:05:02,4.39,--,30,13169,买盘
356,14:04:57,4.39,--,50,21950,买盘
357,14:04:32,4.39,--,130,57069,买盘
358,14:04:27,4.39,--,1,438,买盘
359,14:04:22,4.39,--,85,37315,卖盘
360,14:04:12,4.39,--,3,1317,买盘
361,14:04:07,4.39,--,100,43900,买盘
362,14:04:02,4.39,--,41,17999,买盘
363,14:03:57,4.39,--,35,15364,买盘
364,14:03:47,4.39,--,5,2195,买盘
365,14:03:37,4.39,--,30,13169,买盘
366,14:03:27,4.39,--,36,15803,买盘
367,14:03:22,4.39,--,15,6584,买盘
368,14:03:07,4.39,-0.01,174,76386,卖盘
369,14:02:57,4.4,0.01,10,4400,买盘
370,14:02:52,4.39,--,54,23706,卖盘
371,14:02:47,4.39,-0.01,50,21950,卖盘
372,14:02:37,4.4,0.02,36,15840,买盘
373,14:02:27,4.38,-0.02,66,28908,卖盘
374,14:02:22,4.4,--,1,440,买盘
375,14:02:12,4.4,0.02,1000,440000,买盘
376,14:02:07,4.38,--,55,24090,卖盘
377,14:02:02,4.38,-0.01,100,43800,卖盘
378,14:01:57,4.39,0.01,5,2195,买盘
379,14:01:42,4.38,--,1,438,卖盘
380,14:01:37,4.38,-0.01,336,147168,卖盘
381,14:01:27,4.39,--,40,17560,买盘
382,14:01:17,4.39,0.01,6,2634,买盘
383,14:01:12,4.38,-0.01,214,93732,卖盘
384,14:01:07,4.39,--,32,14047,买盘
385,14:00:42,4.39,--,6,2634,买盘
386,14:00:37,4.39,--,32,14047,买盘
387,14:00:32,4.39,0.01,6,2634,买盘
388,14:00:27,4.38,-0.01,50,21900,卖盘
389,14:00:22,4.39,0.01,45,19755,买盘
390,14:00:17,4.38,--,112,49056,卖盘
391,14:00:12,4.38,-0.01,83,36354,卖盘
392,14:00:07,4.39,--,180,79020,买盘
393,13:59:57,4.39,0.01,1,438,买盘
394,13:59:42,4.38,-0.01,43,19101,卖盘
395,13:59:37,4.39,--,50,21950,卖盘
396,13:59:31,4.39,--,2,877,卖盘
397,13:59:12,4.39,--,4,1755,卖盘
398,13:59:06,4.39,--,83,36437,卖盘
399,13:59:01,4.39,--,50,21950,卖盘
400,13:58:57,4.39,--,409,179551,卖盘
401,13:58:51,4.39,--,11,4829,卖盘
402,13:58:46,4.39,--,131,57508,卖盘
403,13:58:42,4.39,--,22,9658,卖盘
404,13:58:36,4.39,--,173,75947,卖盘
405,13:58:31,4.39,--,20,8780,卖盘
406,13:58:21,4.39,--,204,89556,卖盘
407,13:58:12,4.39,--,39,17121,卖盘
408,13:58:06,4.39,--,64,28095,卖盘
409,13:57:56,4.39,-0.01,100,43900,卖盘
410,13:57:36,4.4,0.01,30,13200,买盘
411,13:57:26,4.39,--,30,13169,卖盘
412,13:57:16,4.39,-0.01,75,32925,卖盘
413,13:57:06,4.4,--,133,58520,买盘
414,13:56:36,4.4,0.01,29,12760,买盘
415,13:56:11,4.39,--,18,8073,卖盘
416,13:56:06,4.39,-0.01,40,17560,卖盘
417,13:55:51,4.4,--,2,880,买盘
418,13:55:36,4.4,0.01,135,59400,买盘
419,13:55:16,4.39,-0.01,30,13169,卖盘
420,13:55:06,4.4,0.01,32,14080,买盘
421,13:54:46,4.39,--,30,13169,卖盘
422,13:54:36,4.39,--,56,24584,卖盘
423,13:54:16,4.39,-0.01,1,438,卖盘
424,13:54:06,4.4,0.01,133,58520,买盘
425,13:53:51,4.39,-0.01,26,11414,卖盘
426,13:53:36,4.4,0.01,29,12760,买盘
427,13:53:16,4.39,-0.01,59,25900,卖盘
428,13:53:06,4.4,0.01,30,13200,买盘
429,13:53:01,4.39,--,103,45217,卖盘
430,13:52:40,4.39,-0.01,100,43900,卖盘
431,13:52:35,4.4,0.01,133,58520,买盘
432,13:52:30,4.39,--,4,1755,卖盘
433,13:52:21,4.39,-0.01,117,51362,卖盘
434,13:52:05,4.4,0.01,30,13200,买盘
435,13:52:00,4.39,--,13,5707,卖盘
436,13:51:40,4.39,-0.01,21,9219,卖盘
437,13:51:35,4.4,--,30,13200,买盘
438,13:51:25,4.4,--,6,2640,买盘
439,13:51:15,4.4,--,418,183946,卖盘
440,13:51:10,4.4,--,24,10560,卖盘
441,13:51:05,4.4,--,193,84920,卖盘
442,13:50:50,4.4,--,5,2200,卖盘
443,13:50:40,4.4,-0.01,10,4400,卖盘
444,13:50:35,4.41,0.01,29,12789,买盘
445,13:50:30,4.4,--,53,23320,卖盘
446,13:50:15,4.4,--,2,880,卖盘
447,13:50:05,4.4,--,61,27253,卖盘
448,13:50:00,4.4,--,8,3520,卖盘
449,13:49:55,4.4,--,4,1760,卖盘
450,13:49:50,4.4,--,19,8360,卖盘
451,13:49:35,4.4,--,134,58960,卖盘
452,13:49:30,4.4,--,2,880,卖盘
453,13:49:15,4.4,-0.01,2,880,卖盘
454,13:49:05,4.41,--,30,13230,买盘
455,13:48:50,4.41,--,10,4410,买盘
456,13:48:45,4.41,0.01,29,12789,买盘
457,13:48:40,4.4,-0.01,205,90200,卖盘
458,13:48:35,4.41,--,30,13230,买盘
459,13:48:30,4.41,0.01,2,882,买盘
460,13:48:15,4.4,-0.01,93,40920,卖盘
461,13:48:10,4.41,--,100,44100,买盘
462,13:48:05,4.41,--,32,14112,买盘
463,13:48:00,4.41,--,368,162288,买盘
464,13:47:35,4.41,0.01,31,13671,买盘
465,13:47:15,4.4,-0.01,90,39600,卖盘
466,13:47:05,4.41,0.01,32,14112,买盘
467,13:46:50,4.4,-0.01,3,1320,卖盘
468,13:46:45,4.41,0.01,10,4410,买盘
469,13:46:40,4.4,-0.01,30,13200,卖盘
470,13:46:35,4.41,--,131,57771,买盘
471,13:46:30,4.41,--,3,1323,买盘
472,13:46:25,4.41,-0.01,889,392049,卖盘
473,13:46:04,4.42,0.01,30,13260,买盘
474,13:46:00,4.41,-0.01,7,3087,卖盘
475,13:45:49,4.42,0.01,433,191386,买盘
476,13:45:45,4.41,-0.01,7,3087,卖盘
477,13:45:34,4.42,--,32,14144,买盘
478,13:45:19,4.42,--,109,48178,买盘
479,13:45:09,4.42,--,211,93262,买盘
480,13:45:04,4.42,--,32,14144,买盘
481,13:44:59,4.42,--,49,21658,买盘
482,13:44:49,4.42,--,17,7514,买盘
483,13:44:39,4.42,--,33,14586,买盘
484,13:44:34,4.42,--,30,13260,买盘
485,13:44:24,4.42,--,200,88400,买盘
486,13:44:19,4.42,--,120,53040,买盘
487,13:44:14,4.42,--,61,26962,买盘
488,13:44:04,4.42,0.01,30,13260,买盘
489,13:43:39,4.41,-0.01,103,45423,卖盘
490,13:43:34,4.42,--,30,13260,买盘
491,13:43:24,4.42,0.01,1000,442000,买盘
492,13:43:14,4.41,--,37,16317,买盘
493,13:43:09,4.41,--,100,44100,买盘
494,13:43:04,4.41,0.01,32,14112,买盘
495,13:42:59,4.4,-0.01,303,133320,卖盘
496,13:42:34,4.41,--,32,14112,买盘
497,13:42:09,4.41,--,105,46305,买盘
498,13:42:04,4.41,--,32,14112,买盘
499,13:41:59,4.41,--,3,1323,买盘
500,13:41:54,4.41,0.01,11,4851,买盘
501,13:41:34,4.4,--,35,15400,卖盘
502,13:41:29,4.4,--,30,13200,卖盘
503,13:41:09,4.4,-0.01,30,13200,卖盘
504,13:41:04,4.41,0.01,30,13230,买盘
505,13:40:59,4.4,--,20,8800,卖盘
506,13:40:49,4.4,-0.01,7,3080,卖盘
507,13:40:39,4.41,0.01,98,43218,买盘
508,13:40:34,4.4,-0.01,32,14080,卖盘
509,13:40:09,4.41,--,206,90846,买盘
510,13:40:04,4.41,0.01,240,105840,买盘
511,13:39:59,4.4,-0.01,50,22000,卖盘
512,13:39:34,4.41,0.01,30,13230,买盘
513,13:39:19,4.4,-0.01,3,1320,卖盘
514,13:39:09,4.41,--,99,43659,买盘
515,13:39:04,4.41,0.01,32,14112,买盘
516,13:38:49,4.4,--,15,6600,卖盘
517,13:38:43,4.4,--,19,8360,卖盘
518,13:38:39,4.4,-0.01,20,8800,卖盘
519,13:38:33,4.41,0.01,30,13230,买盘
520,13:38:08,4.4,--,20,8800,卖盘
521,13:38:03,4.4,-0.01,1279,562760,卖盘
522,13:37:54,4.41,--,5,2205,买盘
523,13:37:48,4.41,--,22,10054,卖盘
524,13:37:38,4.41,--,89,39337,买盘
525,13:37:33,4.41,--,130,57330,买盘
526,13:37:23,4.41,--,100,44100,买盘
527,13:37:08,4.41,--,1,441,买盘
528,13:37:03,4.41,0.01,132,58212,买盘
529,13:36:43,4.4,-0.01,3,1320,卖盘
530,13:36:38,4.41,0.01,100,44100,买盘
531,13:36:33,4.4,-0.01,42,18480,卖盘
532,13:36:08,4.41,--,109,48069,买盘
533,13:36:03,4.41,--,32,14112,买盘
534,13:35:53,4.41,0.01,5,2205,买盘
535,13:35:38,4.4,--,11,4840,卖盘
536,13:35:33,4.4,--,154,67760,卖盘
537,13:35:18,4.4,-0.01,10,4400,卖盘
538,13:35:03,4.41,0.01,31,13671,买盘
539,13:34:48,4.4,--,10,4400,卖盘
540,13:34:43,4.4,-0.01,5,2200,卖盘
541,13:34:33,4.41,0.01,128,56448,买盘
542,13:34:23,4.4,--,1,440,卖盘
543,13:34:18,4.4,--,3,1320,卖盘
544,13:34:08,4.4,-0.01,3,1320,卖盘
545,13:34:03,4.41,0.01,30,13230,买盘
546,13:33:53,4.4,--,1,440,卖盘
547,13:33:38,4.4,-0.01,20,8800,卖盘
548,13:33:33,4.41,--,30,13230,买盘
549,13:33:08,4.41,--,208,91728,买盘
550,13:33:03,4.41,--,33,14553,买盘
551,13:32:53,4.41,--,250,110250,买盘
552,13:32:48,4.41,--,76,33516,买盘
553,13:32:33,4.41,--,32,14112,买盘
554,13:32:28,4.41,--,55,24255,买盘
555,13:32:08,4.41,--,24,10584,买盘
556,13:32:03,4.41,0.01,32,14112,买盘
557,13:31:57,4.4,-0.01,99,43560,卖盘
558,13:31:53,4.41,--,158,69678,买盘
559,13:31:48,4.41,--,20,8820,买盘
560,13:31:42,4.41,--,1040,458640,买盘
561,13:31:38,4.41,--,98,43218,买盘
562,13:31:33,4.41,--,32,14112,买盘
563,13:31:28,4.41,--,150,66150,买盘
564,13:31:12,4.41,0.01,7,3087,买盘
565,13:31:07,4.4,-0.01,17,7480,卖盘
566,13:31:03,4.41,0.01,31,13671,买盘
567,13:30:57,4.4,--,1,440,卖盘
568,13:30:48,4.4,--,23,10146,买盘
569,13:30:42,4.4,-0.01,159,70153,卖盘
570,13:30:33,4.41,0.01,45,20175,买盘
571,13:30:27,4.4,--,313,138076,买盘
572,13:30:22,4.4,--,5,2200,买盘
573,13:30:18,4.4,--,5,2200,买盘
574,13:30:07,4.4,--,99,43560,买盘
575,13:30:02,4.4,--,80,35200,买盘
576,13:29:57,4.4,--,9,3960,买盘
577,13:29:53,4.4,--,68,29920,买盘
578,13:29:32,4.4,--,30,13200,买盘
579,13:29:27,4.4,0.01,7,3080,买盘
580,13:29:12,4.39,--,11,4829,卖盘
581,13:29:02,4.39,-0.01,40,17560,卖盘
582,13:28:57,4.4,--,7,3080,买盘
583,13:28:42,4.4,--,48,21120,买盘
584,13:28:37,4.4,--,103,45320,买盘
585,13:28:32,4.4,--,29,12760,买盘
586,13:28:17,4.4,--,60,26400,买盘
587,13:28:12,4.4,--,19,8360,买盘
588,13:28:02,4.4,0.01,30,13200,买盘
589,13:27:57,4.39,--,2,877,卖盘
590,13:27:52,4.39,--,5,2195,卖盘
591,13:27:37,4.39,-0.01,3,1317,卖盘
592,13:27:32,4.4,--,49,21560,买盘
593,13:27:07,4.4,--,106,46640,买盘
594,13:27:02,4.4,--,30,13200,买盘
595,13:26:32,4.4,0.01,32,14080,买盘
596,13:26:27,4.39,-0.01,2,877,卖盘
597,13:26:12,4.4,--,4,1760,买盘
598,13:26:02,4.4,0.01,30,13200,买盘
599,13:25:57,4.39,--,15,6584,卖盘
600,13:25:32,4.39,0.01,36,15803,买盘
601,13:25:17,4.38,--,3,1314,卖盘
602,13:25:12,4.38,-0.01,18,7884,卖盘
603,13:25:07,4.39,--,30,13169,买盘
604,13:24:52,4.39,-0.01,339,148821,卖盘
605,13:24:37,4.4,--,30,13200,买盘
606,13:24:06,4.4,--,129,56760,买盘
607,13:23:46,4.4,--,28,12320,买盘
608,13:23:36,4.4,0.01,50,22000,买盘
609,13:23:31,4.39,--,5,2195,卖盘
610,13:23:16,4.39,-0.01,10,4390,卖盘
611,13:23:11,4.4,--,1,440,买盘
612,13:23:06,4.4,0.01,30,13200,买盘
613,13:23:01,4.39,--,20,8780,卖盘
614,13:22:57,4.39,--,64,28095,卖盘
615,13:22:46,4.39,-0.01,21,9219,卖盘
616,13:22:36,4.4,0.01,127,55880,买盘
617,13:22:21,4.39,--,9,3950,卖盘
618,13:22:16,4.39,--,10,4390,卖盘
619,13:22:06,4.39,-0.01,80,35120,卖盘
620,13:21:36,4.4,0.01,30,13200,买盘
621,13:21:21,4.39,--,10,4390,卖盘
622,13:21:16,4.39,--,68,29851,卖盘
623,13:21:11,4.39,-0.01,10,4390,卖盘
624,13:21:06,4.4,0.01,149,65560,买盘
625,13:20:56,4.39,--,3,1317,卖盘
626,13:20:51,4.39,-0.01,401,176039,卖盘
627,13:20:41,4.4,--,1,440,买盘
628,13:20:36,4.4,0.01,30,13200,买盘
629,13:20:21,4.39,-0.01,2,877,卖盘
630,13:20:11,4.4,0.01,47,20680,买盘
631,13:20:06,4.39,-0.01,50,21950,卖盘
632,13:19:36,4.4,--,130,57200,买盘
633,13:19:05,4.4,0.01,30,13200,买盘
634,13:19:01,4.39,-0.01,100,43900,卖盘
635,13:18:36,4.4,0.01,34,14960,买盘
636,13:18:26,4.39,--,150,65850,卖盘
637,13:18:16,4.39,-0.01,10,4390,卖盘
638,13:18:05,4.4,0.01,132,58080,买盘
639,13:17:35,4.39,--,37,16242,卖盘
640,13:17:16,4.39,-0.01,4,1755,卖盘
641,13:17:05,4.4,0.01,30,13200,买盘
642,13:16:35,4.39,--,131,57508,卖盘
643,13:16:25,4.39,-0.01,2,877,卖盘
644,13:16:05,4.4,0.01,32,14080,买盘
645,13:15:50,4.39,-0.01,8,3511,卖盘
646,13:15:35,4.4,--,30,13200,买盘
647,13:15:26,4.4,0.01,27,11880,买盘
648,13:15:15,4.39,--,5,2195,卖盘
649,13:15:10,4.39,-0.01,3,1317,卖盘
650,13:15:05,4.4,--,129,56760,买盘
651,13:14:35,4.4,--,30,13200,买盘
652,13:14:20,4.4,0.01,6,2640,买盘
653,13:14:15,4.39,-0.01,26,11414,卖盘
654,13:14:05,4.4,0.01,70,30800,买盘
655,13:13:50,4.39,-0.01,3,1317,卖盘
656,13:13:35,4.4,0.01,128,56320,买盘
657,13:13:30,4.39,-0.01,6,2634,卖盘
658,13:13:05,4.4,--,29,12760,买盘
659,13:12:35,4.4,0.01,41,18040,买盘
660,13:12:30,4.39,--,28,12292,卖盘
661,13:12:15,4.39,-0.01,53,23267,卖盘
662,13:12:05,4.4,--,129,56760,买盘
663,13:11:35,4.4,0.01,30,13200,买盘
664,13:11:20,4.39,-0.01,12,5268,卖盘
665,13:11:05,4.4,0.01,30,13200,买盘
666,13:11:00,4.39,-0.01,3,1317,卖盘
667,13:10:49,4.4,--,5,2200,买盘
668,13:10:34,4.4,--,128,56320,买盘
669,13:10:14,4.4,--,42,18480,买盘
670,13:10:04,4.4,0.01,29,12760,买盘
671,13:09:44,4.39,-0.01,10,4390,卖盘
672,13:09:34,4.4,--,30,13200,买盘
673,13:09:04,4.4,--,128,56320,买盘
674,13:08:59,4.4,0.01,1,440,买盘
675,13:08:54,4.39,--,25,10975,卖盘
676,13:08:44,4.39,-0.01,2,877,卖盘
677,13:08:39,4.4,--,12,5280,买盘
678,13:08:34,4.4,0.01,30,13200,买盘
679,13:08:24,4.39,--,61,26778,卖盘
680,13:08:19,4.39,--,7,3073,卖盘
681,13:08:09,4.39,-0.01,13,5707,卖盘
682,13:08:04,4.4,0.01,30,13200,买盘
683,13:07:38,4.39,0.01,32,14425,买盘
684,13:07:34,4.38,-0.01,33,14454,卖盘
685,13:07:29,4.39,--,5,2195,买盘
686,13:07:04,4.39,--,29,12730,买盘
687,13:06:54,4.39,--,6,2634,买盘
688,13:06:34,4.39,0.01,30,13169,买盘
689,13:06:09,4.38,-0.01,173,75774,卖盘
690,13:06:04,4.39,--,30,13169,买盘
691,13:05:34,4.39,--,30,13169,买盘
692,13:05:04,4.39,0.01,30,13169,买盘
693,13:04:59,4.38,--,1,438,卖盘
694,13:04:39,4.38,-0.01,26,11388,中性盘
695,13:04:34,4.39,0.01,30,13169,买盘
696,13:04:19,4.38,-0.01,2,876,买盘
697,13:04:04,4.39,0.02,29,12730,买盘
698,13:03:48,4.37,--,3,1311,卖盘
699,13:03:44,4.37,-0.02,1,437,卖盘
700,13:03:34,4.39,0.02,30,13169,买盘
701,13:03:18,4.37,-0.01,1000,437000,卖盘
702,13:03:08,4.38,--,2,1296,买盘
703,13:03:03,4.38,--,40,17520,买盘
704,13:02:58,4.38,--,457,200183,卖盘
705,13:02:53,4.38,--,35,15330,卖盘
706,13:02:48,4.38,-0.01,2,876,卖盘
707,13:02:33,4.39,0.01,30,13169,买盘
708,13:02:28,4.38,-0.01,7,3066,卖盘
709,13:02:23,4.39,--,5,2195,买盘
710,13:02:03,4.39,--,30,13169,买盘
711,13:01:43,4.39,--,4,1755,买盘
712,13:01:38,4.39,--,97,42583,买盘
713,13:01:33,4.39,0.01,40,17560,买盘
714,13:01:28,4.38,-0.01,48,21111,卖盘
715,13:01:03,4.39,--,30,13169,买盘
716,13:00:58,4.39,--,126,55313,卖盘
717,13:00:53,4.39,-0.01,70,30729,卖盘
718,13:00:33,4.4,0.01,29,12760,买盘
719,13:00:08,4.39,-0.01,48,21072,中性盘
720,13:00:03,4.4,0.01,30,13200,买盘
721,11:30:00,4.39,--,0,0,买盘
722,11:29:59,4.39,--,0,0,买盘
723,11:29:39,4.39,--,8,3511,买盘
724,11:29:35,4.39,0.01,30,13169,买盘
725,11:29:24,4.38,--,0,0,卖盘
726,11:29:20,4.38,--,200,87600,卖盘
727,11:29:05,4.38,-0.01,54,23906,卖盘
728,11:28:44,4.39,--,22,9658,卖盘
729,11:28:39,4.39,-0.01,69,30290,卖盘
730,11:28:35,4.4,0.01,127,55880,买盘
731,11:28:30,4.39,--,4,1755,卖盘
732,11:28:20,4.39,0.01,70,30729,买盘
733,11:28:09,4.38,-0.02,103,45184,卖盘
734,11:28:04,4.4,0.01,29,12760,买盘
735,11:27:59,4.39,--,133,58540,卖盘
736,11:27:45,4.39,--,41,18187,卖盘
737,11:27:35,4.39,--,71,31168,卖盘
738,11:27:29,4.39,--,43,18877,卖盘
739,11:27:24,4.39,-0.01,87,38588,卖盘
740,11:27:04,4.4,--,169,74641,买盘
741,11:26:48,4.4,--,3,1320,买盘
742,11:26:33,4.4,0.01,78,34619,买盘
743,11:26:18,4.39,-0.01,3,1317,卖盘
744,11:26:03,4.4,--,30,13200,买盘
745,11:25:48,4.4,--,4,1760,买盘
746,11:25:33,4.4,--,127,55880,买盘
747,11:25:24,4.4,--,7,3080,买盘
748,11:25:03,4.4,0.01,29,12760,买盘
749,11:24:59,4.39,-0.01,41,17999,卖盘
750,11:24:54,4.4,0.01,4,1760,买盘
751,11:24:48,4.39,-0.01,41,17999,卖盘
752,11:24:44,4.4,--,23,10120,买盘
753,11:24:33,4.4,--,30,13200,买盘
754,11:24:03,4.4,--,131,57640,买盘
755,11:23:33,4.4,0.01,30,13200,买盘
756,11:23:23,4.39,--,30,13169,卖盘
757,11:23:18,4.39,-0.01,100,43900,卖盘
758,11:23:03,4.4,0.01,34,14960,买盘
759,11:22:39,4.39,--,20,8780,卖盘
760,11:22:33,4.39,--,119,52570,买盘
761,11:22:03,4.39,--,39,17121,买盘
762,11:21:59,4.39,0.01,4,1755,买盘
763,11:21:48,4.38,-0.01,38,16644,卖盘
764,11:21:33,4.39,0.01,30,13169,买盘
765,11:21:09,4.38,-0.01,40,17520,卖盘
766,11:21:03,4.39,0.01,131,57508,买盘
767,11:20:48,4.38,--,100,43800,卖盘
768,11:20:38,4.38,-0.01,4,1752,卖盘
769,11:20:33,4.39,0.01,30,13169,买盘
770,11:20:08,4.38,-0.01,10,4380,卖盘
771,11:20:03,4.39,0.01,34,14925,买盘
772,11:19:48,4.38,-0.01,13,5694,卖盘
773,11:19:33,4.39,--,127,55752,买盘
774,11:19:08,4.39,--,4,1755,买盘
775,11:19:03,4.39,0.01,30,13169,买盘
776,11:18:42,4.38,-0.01,2,876,卖盘
777,11:18:33,4.39,--,29,12730,买盘
778,11:18:12,4.39,--,4,1755,买盘
779,11:18:03,4.39,--,134,58825,买盘
780,11:17:57,4.39,--,182,79898,买盘
781,11:17:33,4.39,--,30,13169,买盘
782,11:17:23,4.39,--,1,438,买盘
783,11:17:18,4.39,0.01,4,1755,买盘
784,11:17:12,4.38,-0.01,92,40296,卖盘
785,11:17:03,4.39,0.01,31,13608,买盘
786,11:16:57,4.38,--,20,8760,卖盘
787,11:16:33,4.38,-0.01,137,60006,卖盘
788,11:16:18,4.39,--,24,10536,买盘
789,11:16:03,4.39,0.01,35,15364,买盘
790,11:15:52,4.38,-0.01,50,21900,卖盘
791,11:15:47,4.39,0.01,44,19627,买盘
792,11:15:42,4.38,-0.01,8,3504,卖盘
793,11:15:32,4.39,0.01,29,12730,买盘
794,11:15:27,4.38,-0.01,76,33288,卖盘
795,11:15:17,4.39,0.01,4,1755,买盘
796,11:15:12,4.38,-0.01,48,21453,卖盘
797,11:15:02,4.39,--,286,125553,买盘
798,11:14:57,4.39,0.01,6,2634,买盘
799,11:14:53,4.38,--,1,438,卖盘
800,11:14:47,4.38,-0.01,55,24090,卖盘
801,11:14:42,4.39,--,25,10975,买盘
802,11:14:32,4.39,--,30,13169,买盘
803,11:14:17,4.39,--,4,1755,买盘
804,11:14:02,4.39,0.01,30,13169,买盘
805,11:13:42,4.38,-0.01,49,21462,卖盘
806,11:13:32,4.39,--,127,55752,买盘
807,11:13:17,4.39,--,4,1755,买盘
808,11:13:02,4.39,--,30,13169,买盘
809,11:12:52,4.39,0.01,5,2195,买盘
810,11:12:42,4.38,-0.01,1,438,卖盘
811,11:12:32,4.39,--,29,12730,买盘
812,11:12:27,4.39,0.01,4,1755,买盘
813,11:12:17,4.38,-0.01,20,8760,卖盘
814,11:12:06,4.39,--,2,877,买盘
815,11:12:02,4.39,--,158,69362,买盘
816,11:11:32,4.39,0.01,34,14925,买盘
817,11:11:21,4.38,-0.01,2,876,卖盘
818,11:11:06,4.39,0.01,30,13169,买盘
819,11:10:51,4.38,-0.01,5,2190,卖盘
820,11:10:36,4.39,0.01,131,57508,买盘
821,11:10:12,4.38,-0.01,45,20012,卖盘
822,11:10:06,4.39,0.01,30,13169,买盘
823,11:09:57,4.38,--,2,876,卖盘
824,11:09:51,4.38,--,9,3942,卖盘
825,11:09:47,4.38,-0.01,6,2628,卖盘
826,11:09:42,4.39,--,10,4390,买盘
827,11:09:36,4.39,0.01,44,19316,买盘
828,11:09:31,4.38,--,3,1314,卖盘
829,11:09:27,4.38,-0.01,2,876,卖盘
830,11:09:21,4.39,0.01,1,438,买盘
831,11:09:12,4.38,-0.01,3,1314,卖盘
832,11:09:06,4.39,0.01,127,55752,买盘
833,11:08:51,4.38,-0.01,6,2628,卖盘
834,11:08:47,4.39,-0.01,117,51622,卖盘
835,11:08:36,4.4,0.01,30,13200,买盘
836,11:08:27,4.39,--,7,3073,卖盘
837,11:08:21,4.39,--,3,1317,卖盘
838,11:08:17,4.39,--,3,1317,卖盘
839,11:08:11,4.39,--,3,1317,卖盘
840,11:08:06,4.39,--,36,15803,卖盘
841,11:08:01,4.39,--,11,4829,卖盘
842,11:07:46,4.39,-0.01,3,1317,卖盘
843,11:07:36,4.4,0.01,127,55880,买盘
844,11:07:21,4.39,-0.01,155,68045,卖盘
845,11:07:11,4.4,--,4,1760,买盘
846,11:07:06,4.4,0.01,30,13200,买盘
847,11:06:56,4.39,--,10,4390,卖盘
848,11:06:51,4.39,--,47,20716,卖盘
849,11:06:47,4.39,-0.01,46,20255,卖盘
850,11:06:36,4.4,0.01,39,17160,买盘
851,11:06:31,4.39,-0.01,2,877,卖盘
852,11:06:06,4.4,0.01,30,13200,买盘
853,11:06:01,4.39,--,42,18473,买盘
854,11:05:56,4.39,--,10,4438,卖盘
855,11:05:51,4.39,-0.01,24,10694,卖盘
856,11:05:36,4.4,0.01,30,13200,买盘
857,11:05:26,4.39,--,101,44339,卖盘
858,11:05:21,4.39,--,8,3511,卖盘
859,11:05:11,4.39,--,480,210719,卖盘
860,11:05:06,4.39,--,203,89143,卖盘
861,11:04:56,4.39,--,2,877,卖盘
862,11:04:51,4.39,--,72,31924,卖盘
863,11:04:41,4.39,-0.01,4,1755,卖盘
864,11:04:36,4.4,0.01,127,55880,买盘
865,11:04:21,4.39,-0.01,14,6330,卖盘
866,11:04:06,4.4,0.01,30,13200,买盘
867,11:03:51,4.39,--,46,20215,卖盘
868,11:03:41,4.39,-0.01,3,1317,卖盘
869,11:03:36,4.4,0.01,30,13200,买盘
870,11:03:15,4.39,--,1,438,卖盘
871,11:03:11,4.39,-0.01,2,877,卖盘
872,11:03:06,4.4,0.01,126,55440,买盘
873,11:02:56,4.39,--,30,13169,卖盘
874,11:02:45,4.39,-0.01,48,21194,卖盘
875,11:02:36,4.4,--,33,14520,买盘
876,11:02:26,4.4,0.01,13,5720,买盘
877,11:02:06,4.39,--,50,21950,卖盘
878,11:02:00,4.39,-0.01,52,22902,卖盘
879,11:01:36,4.4,0.01,137,60280,买盘
880,11:01:30,4.39,--,46,20294,卖盘
881,11:01:15,4.39,-0.01,46,20268,卖盘
882,11:01:06,4.4,--,30,13200,买盘
883,11:01:00,4.4,0.01,10,4400,买盘
884,11:00:51,4.39,--,48,21370,卖盘
885,11:00:45,4.39,-0.01,52,22972,卖盘
886,11:00:35,4.4,--,30,13200,买盘
887,11:00:05,4.4,0.01,126,55440,买盘
888,11:00:00,4.39,--,85,37521,卖盘
889,10:59:35,4.39,--,45,19755,卖盘
890,10:59:20,4.39,-0.01,243,106676,卖盘
891,10:59:05,4.4,--,30,13200,买盘
892,10:58:50,4.4,--,105,46200,买盘
893,10:58:35,4.4,0.01,227,99880,买盘
894,10:58:30,4.39,-0.01,43,18877,卖盘
895,10:58:25,4.4,0.01,47,20680,买盘
896,10:58:15,4.39,--,34,14925,卖盘
897,10:58:05,4.39,-0.01,31,13608,卖盘
898,10:57:50,4.4,--,7,3080,买盘
899,10:57:35,4.4,--,81,35640,买盘
900,10:57:09,4.4,--,2,880,买盘
901,10:57:05,4.4,0.01,126,55440,买盘
902,10:57:00,4.39,-0.01,130,57069,卖盘
903,10:56:50,4.4,--,53,23320,买盘
904,10:56:35,4.4,--,30,13200,买盘
905,10:56:05,4.4,0.01,30,13200,买盘
906,10:56:00,4.39,--,57,25022,卖盘
907,10:55:54,4.39,--,20,8780,卖盘
908,10:55:50,4.39,--,10,4390,卖盘
909,10:55:45,4.39,--,339,149145,买盘
910,10:55:35,4.39,--,127,55752,买盘
911,10:55:30,4.39,--,20,8780,买盘
912,10:55:24,4.39,--,8,3511,卖盘
913,10:55:20,4.39,--,10,4390,卖盘
914,10:55:15,4.39,-0.01,2,877,卖盘
915,10:55:09,4.4,0.01,40,17600,买盘
916,10:55:05,4.39,--,129,56630,卖盘
917,10:54:45,4.39,-0.01,1,438,卖盘
918,10:54:39,4.4,--,0,0,买盘
919,10:54:35,4.4,0.01,30,13200,买盘
920,10:54:24,4.39,0.01,50,21950,买盘
921,10:54:20,4.38,-0.01,21,9198,卖盘
922,10:54:15,4.39,0.01,50,21950,买盘
923,10:54:09,4.38,-0.01,70,30660,卖盘
924,10:54:05,4.39,0.01,126,55313,买盘
925,10:54:00,4.38,-0.01,1,438,卖盘
926,10:53:45,4.39,-0.01,1037,455357,卖盘
927,10:53:35,4.4,--,30,13200,买盘
928,10:53:04,4.4,--,30,13200,买盘
929,10:53:00,4.4,-0.01,470,207059,卖盘
930,10:52:34,4.41,0.01,162,71442,买盘
931,10:52:19,4.4,-0.01,10,4400,卖盘
932,10:52:14,4.41,0.01,20,8820,买盘
933,10:52:09,4.4,-0.01,32,14080,卖盘
934,10:52:04,4.41,0.01,30,13230,买盘
935,10:51:59,4.4,-0.01,165,72780,卖盘
936,10:51:44,4.41,0.01,50,22050,买盘
937,10:51:39,4.4,-0.01,21,9240,卖盘
938,10:51:34,4.41,0.01,130,57330,买盘
939,10:51:29,4.4,--,6,2640,卖盘
940,10:51:09,4.4,-0.01,8,3520,卖盘
941,10:51:04,4.41,--,127,56007,买盘
942,10:50:59,4.41,0.01,56,24696,买盘
943,10:50:44,4.4,--,63,27825,卖盘
944,10:50:39,4.4,-0.01,5,2200,卖盘
945,10:50:34,4.41,0.01,29,12789,买盘
946,10:50:29,4.4,--,39,17160,卖盘
947,10:50:14,4.4,--,512,225280,卖盘
948,10:50:09,4.4,-0.01,10,4400,卖盘
949,10:50:03,4.41,0.01,30,13230,买盘
950,10:49:54,4.4,-0.01,61,27240,卖盘
951,10:49:33,4.41,0.01,127,56007,买盘
952,10:49:29,4.4,--,13,5720,卖盘
953,10:49:18,4.4,--,5,2200,卖盘
954,10:49:14,4.4,--,2,880,卖盘
955,10:49:09,4.4,-0.01,1,440,卖盘
956,10:49:03,4.41,0.01,30,13230,买盘
957,10:48:44,4.4,--,5,2200,卖盘
958,10:48:33,4.4,--,98,43120,卖盘
959,10:48:29,4.4,--,30,13200,卖盘
960,10:48:24,4.4,--,49,21969,卖盘
961,10:48:18,4.4,--,66,29070,卖盘
962,10:48:14,4.4,-0.01,10,4400,卖盘
963,10:48:03,4.41,0.01,127,56007,买盘
964,10:47:54,4.4,-0.01,9,3960,卖盘
965,10:47:33,4.41,--,29,12789,买盘
966,10:47:03,4.41,--,30,13230,买盘
967,10:46:53,4.41,0.02,383,169326,买盘
968,10:46:44,4.39,-0.01,1,438,卖盘
969,10:46:33,4.4,--,127,55880,买盘
970,10:46:23,4.4,0.01,14,6160,买盘
971,10:46:18,4.39,--,75,33342,卖盘
972,10:46:14,4.39,-0.01,52,23100,卖盘
973,10:46:08,4.4,--,21,9240,买盘
974,10:46:03,4.4,--,37,16280,买盘
975,10:45:53,4.4,0.01,182,80080,买盘
976,10:45:38,4.39,-0.01,9,3950,卖盘
977,10:45:33,4.4,--,80,35200,买盘
978,10:45:03,4.4,0.01,127,55880,买盘
979,10:44:53,4.39,-0.01,18,7901,卖盘
980,10:44:33,4.4,0.01,32,14080,买盘
981,10:44:23,4.39,--,100,43900,卖盘
982,10:44:18,4.39,--,1,438,卖盘
983,10:44:08,4.39,-0.01,27,11853,卖盘
984,10:44:03,4.4,0.01,130,57200,买盘
985,10:43:53,4.39,-0.01,20,8780,卖盘
986,10:43:33,4.4,0.01,178,78320,买盘
987,10:43:23,4.39,--,17,7462,卖盘
988,10:43:08,4.39,-0.01,1,438,卖盘
989,10:43:03,4.4,--,30,13200,买盘
990,10:42:48,4.4,0.01,100,44000,买盘
991,10:42:38,4.39,-0.01,44,19316,卖盘
992,10:42:33,4.4,--,40,17600,买盘
993,10:42:18,4.4,--,10,4400,买盘
994,10:42:08,4.4,--,5,2200,买盘
995,10:42:03,4.4,--,160,70400,买盘
996,10:41:53,4.4,0.01,10,4400,买盘
997,10:41:48,4.39,-0.01,4,1755,卖盘
998,10:41:32,4.4,0.01,29,12760,买盘
999,10:41:27,4.39,--,3,1317,卖盘
1000,10:41:12,4.39,-0.01,6,2634,卖盘
1001,10:41:03,4.4,--,30,13200,买盘
1002,10:40:53,4.4,--,20,8800,买盘
1003,10:40:42,4.4,--,70,30800,买盘
1004,10:40:32,4.4,--,127,55880,买盘
1005,10:40:23,4.4,-0.01,25,11000,卖盘
1006,10:40:02,4.41,0.02,48,21168,买盘
1007,10:39:42,4.39,-0.02,20,8780,卖盘
1008,10:39:37,4.41,--,0,0,买盘
1009,10:39:32,4.41,0.01,30,13230,买盘
1010,10:39:23,4.4,--,43,18920,卖盘
1011,10:39:17,4.4,-0.01,15,6600,卖盘
1012,10:39:12,4.41,0.01,50,22050,买盘
1013,10:39:07,4.4,--,39,17160,买盘
1014,10:39:02,4.4,--,65,28600,买盘
1015,10:38:52,4.4,--,44,19360,买盘
1016,10:38:47,4.4,--,0,0,中性盘
1017,10:38:38,4.4,-0.01,10,4400,中性盘
1018,10:38:32,4.41,0.02,30,13230,买盘
1019,10:38:27,4.39,-0.01,300,131700,卖盘
1020,10:38:22,4.4,--,23,10120,买盘
1021,10:38:12,4.4,-0.01,10,4400,买盘
1022,10:38:02,4.41,0.01,29,12789,买盘
1023,10:37:57,4.4,--,33,14520,卖盘
1024,10:37:52,4.4,--,1,440,卖盘
1025,10:37:47,4.4,-0.01,70,30800,卖盘
1026,10:37:32,4.41,0.01,127,56007,买盘
1027,10:37:27,4.4,-0.01,69,30360,卖盘
1028,10:37:02,4.41,0.01,31,13671,买盘
1029,10:36:47,4.4,--,0,0,中性盘
1030,10:36:42,4.4,--,0,0,买盘
1031,10:36:32,4.4,--,240,105600,买盘
1032,10:36:27,4.4,--,791,348273,卖盘
1033,10:36:21,4.4,--,6,2640,卖盘
1034,10:36:17,4.4,-0.01,5,2200,卖盘
1035,10:36:12,4.41,--,200,88200,买盘
1036,10:36:06,4.41,--,97,42777,买盘
1037,10:36:02,4.41,0.01,40,17640,买盘
1038,10:35:51,4.4,-0.01,6,2640,卖盘
1039,10:35:47,4.41,--,20,8820,买盘
1040,10:35:32,4.41,0.01,30,13230,买盘
1041,10:35:27,4.4,--,20,8800,卖盘
1042,10:35:17,4.4,-0.01,1,440,卖盘
1043,10:35:02,4.41,--,29,12789,买盘
1044,10:34:36,4.41,--,97,42777,买盘
1045,10:34:32,4.41,--,40,17640,买盘
1046,10:34:27,4.41,--,47,20727,买盘
1047,10:34:21,4.41,0.01,1,441,买盘
1048,10:34:17,4.4,-0.01,72,31772,卖盘
1049,10:34:01,4.41,--,30,13230,买盘
1050,10:33:56,4.41,--,60,26460,买盘
1051,10:33:41,4.41,--,20,8820,买盘
1052,10:33:36,4.41,--,10,4410,买盘
1053,10:33:32,4.41,--,35,15435,买盘
1054,10:33:17,4.41,--,30,13230,买盘
1055,10:33:11,4.41,--,63,28060,卖盘
1056,10:33:06,4.41,--,938,413821,买盘
1057,10:33:01,4.41,0.01,208,91842,买盘
1058,10:32:56,4.4,--,21,9240,卖盘
1059,10:32:41,4.4,-0.01,423,186120,卖盘
1060,10:32:31,4.41,0.01,30,13230,买盘
1061,10:32:21,4.4,-0.01,4,1760,卖盘
1062,10:32:16,4.41,0.01,4,1764,买盘
1063,10:32:11,4.4,-0.01,1,440,卖盘
1064,10:32:06,4.41,0.01,29,12789,买盘
1065,10:31:56,4.4,--,5,2200,卖盘
1066,10:31:51,4.4,--,89,39160,卖盘
1067,10:31:41,4.4,--,229,100760,买盘
1068,10:31:36,4.4,--,127,55880,买盘
1069,10:31:21,4.4,--,7,3080,买盘
1070,10:31:16,4.4,0.01,57,25080,买盘
1071,10:31:11,4.39,-0.01,22,9732,卖盘
1072,10:31:06,4.4,0.01,76,33440,买盘
1073,10:30:56,4.39,--,5,2195,卖盘
1074,10:30:46,4.39,-0.01,10,4390,卖盘
1075,10:30:41,4.4,0.01,7,3080,买盘
1076,10:30:36,4.39,-0.01,104,45656,卖盘
1077,10:30:21,4.4,--,7,3080,买盘
1078,10:30:15,4.4,--,7,3080,买盘
1079,10:30:11,4.4,--,8,3520,买盘
1080,10:30:06,4.4,--,129,56760,买盘
1081,10:29:51,4.4,-0.01,40,17877,卖盘
1082,10:29:45,4.41,0.01,10,4410,买盘
1083,10:29:36,4.4,--,83,36520,卖盘
1084,10:29:26,4.4,--,168,73920,卖盘
1085,10:29:21,4.4,--,82,36251,卖盘
1086,10:29:06,4.4,--,127,55880,卖盘
1087,10:28:56,4.4,--,86,37840,卖盘
1088,10:28:36,4.4,0.01,77,34311,买盘
1089,10:28:30,4.39,-0.01,10,4390,卖盘
1090,10:28:15,4.4,--,55,24208,卖盘
1091,10:28:05,4.4,--,80,35200,卖盘
1092,10:28:00,4.4,--,1,440,卖盘
1093,10:27:51,4.4,-0.01,83,36951,卖盘
1094,10:27:45,4.41,0.01,30,13230,买盘
1095,10:27:35,4.4,--,273,120120,卖盘
1096,10:27:26,4.4,--,1,440,卖盘
1097,10:27:11,4.4,--,5,2200,卖盘
1098,10:27:05,4.4,--,46,20240,买盘
1099,10:26:45,4.4,-0.01,5,2200,卖盘
1100,10:26:35,4.41,--,30,13230,买盘
1101,10:26:25,4.41,0.01,60,26460,买盘
1102,10:26:15,4.4,0.01,56,24640,买盘
1103,10:26:10,4.39,-0.01,30,13169,卖盘
1104,10:26:05,4.4,--,29,12760,买盘
1105,10:25:55,4.4,--,50,22000,买盘
1106,10:25:40,4.4,--,0,0,中性盘
1107,10:25:35,4.4,--,138,60720,买盘
1108,10:25:30,4.4,--,157,69080,买盘
1109,10:25:25,4.4,--,14,6160,买盘
1110,10:25:20,4.4,--,1,440,买盘
1111,10:25:15,4.4,--,50,22000,买盘
1112,10:25:05,4.4,0.01,30,13200,买盘
1113,10:24:50,4.39,--,4,1755,卖盘
1114,10:24:40,4.39,--,288,126431,买盘
1115,10:24:35,4.39,--,440,193160,买盘
1116,10:24:30,4.39,--,3,1317,买盘
1117,10:24:05,4.39,--,227,99653,买盘
1118,10:24:00,4.39,0.01,54,23706,买盘
1119,10:23:50,4.38,-0.01,60,26280,卖盘
1120,10:23:35,4.39,0.01,30,13169,买盘
1121,10:23:24,4.38,-0.01,1,438,卖盘
1122,10:23:15,4.39,0.01,33,14486,买盘
1123,10:23:10,4.38,-0.01,46,20148,卖盘
1124,10:23:05,4.39,--,33,14486,买盘
1125,10:23:00,4.39,--,228,100091,买盘
1126,10:22:39,4.39,--,25,10975,卖盘
1127,10:22:35,4.39,-0.01,176,77264,卖盘
1128,10:22:15,4.4,0.01,1,440,买盘
1129,10:22:04,4.39,-0.01,40,17560,卖盘
1130,10:22:00,4.4,0.01,35,15400,买盘
1131,10:21:45,4.39,--,11,4829,卖盘
1132,10:21:39,4.39,-0.01,11,4829,卖盘
1133,10:21:34,4.4,0.01,30,13200,买盘
1134,10:21:19,4.39,--,35,15364,卖盘
1135,10:21:14,4.39,0.01,49,21598,买盘
1136,10:21:09,4.38,-0.01,177,77526,卖盘
1137,10:21:04,4.39,--,434,190526,买盘
1138,10:20:59,4.39,--,9,3950,买盘
1139,10:20:49,4.39,--,7,3073,买盘
1140,10:20:44,4.39,--,235,103164,买盘
1141,10:20:39,4.39,--,7,3073,买盘
1142,10:20:34,4.39,--,37,16242,买盘
1143,10:20:30,4.39,--,11,4829,买盘
1144,10:20:24,4.39,--,20,8780,买盘
1145,10:20:19,4.39,--,72,31607,买盘
1146,10:20:14,4.39,-0.01,326,143465,卖盘
1147,10:20:09,4.4,--,7,3080,买盘
1148,10:20:04,4.4,0.01,30,13200,买盘
1149,10:19:49,4.39,-0.01,20,8780,卖盘
1150,10:19:44,4.4,--,59,25960,买盘
1151,10:19:34,4.4,0.01,128,56320,买盘
1152,10:19:19,4.39,-0.01,10,4390,卖盘
1153,10:19:14,4.4,--,8,3520,买盘
1154,10:19:04,4.4,0.01,40,17600,买盘
1155,10:18:59,4.39,--,22,9658,卖盘
1156,10:18:44,4.39,-0.01,31,13608,卖盘
1157,10:18:39,4.4,--,4,1760,买盘
1158,10:18:34,4.4,0.01,30,13200,买盘
1159,10:18:24,4.39,--,72,32016,卖盘
1160,10:18:14,4.39,--,0,109,卖盘
1161,10:18:04,4.39,--,506,222142,买盘
1162,10:17:49,4.39,--,368,161552,买盘
1163,10:17:44,4.39,--,2,877,买盘
1164,10:17:39,4.39,--,8,3511,买盘
1165,10:17:34,4.39,--,30,13169,买盘
1166,10:17:29,4.39,-0.01,685,300715,卖盘
1167,10:17:14,4.4,--,1,440,买盘
1168,10:17:09,4.4,--,1,440,买盘
1169,10:17:04,4.4,--,30,13200,买盘
1170,10:16:59,4.4,0.01,5,2200,买盘
1171,10:16:49,4.39,--,10,4390,卖盘
1172,10:16:44,4.39,-0.01,146,64093,卖盘
1173,10:16:34,4.4,--,126,55440,买盘
1174,10:16:29,4.4,--,69,30527,卖盘
1175,10:16:24,4.4,-0.01,50,22000,卖盘
1176,10:16:09,4.41,-0.01,2,882,卖盘
1177,10:16:04,4.42,0.02,30,13260,买盘
1178,10:15:54,4.4,-0.02,101,44660,卖盘
1179,10:15:44,4.42,0.01,10,4420,买盘
1180,10:15:39,4.41,-0.01,32,14112,卖盘
1181,10:15:33,4.42,0.01,30,13260,买盘
1182,10:15:24,4.41,--,82,36162,卖盘
1183,10:15:19,4.41,--,18,7938,卖盘
1184,10:15:09,4.41,-0.01,5,2205,卖盘
1185,10:15:03,4.42,0.01,140,61880,买盘
1186,10:14:59,4.41,--,20,8820,买盘
1187,10:14:54,4.41,--,11,4851,买盘
1188,10:14:48,4.41,0.01,10,4410,买盘
1189,10:14:44,4.4,-0.01,4,1760,卖盘
1190,10:14:39,4.41,--,7,3087,买盘
1191,10:14:34,4.41,-0.01,30,13230,买盘
1192,10:14:24,4.42,--,0,0,买盘
1193,10:14:03,4.42,--,30,13260,买盘
1194,10:13:59,4.42,--,10,4420,买盘
1195,10:13:53,4.42,--,80,35360,买盘
1196,10:13:48,4.42,--,15,6630,买盘
1197,10:13:43,4.42,--,0,0,买盘
1198,10:13:38,4.42,--,97,42874,买盘
1199,10:13:33,4.42,0.01,31,13702,买盘
1200,10:13:28,4.41,0.01,19,8379,中性盘
1201,10:13:23,4.4,-0.01,200,88000,卖盘
1202,10:13:08,4.41,-0.01,20,8820,卖盘
1203,10:13:03,4.42,0.01,30,13260,买盘
1204,10:12:58,4.41,-0.01,12,5565,卖盘
1205,10:12:53,4.42,--,5,2210,买盘
1206,10:12:33,4.42,0.01,30,13260,买盘
1207,10:12:28,4.41,--,5,2205,卖盘
1208,10:12:23,4.41,-0.01,20,9040,卖盘
1209,10:12:13,4.42,--,8,3536,买盘
1210,10:12:08,4.42,--,97,42874,买盘
1211,10:12:03,4.42,--,30,13260,买盘
1212,10:11:58,4.42,0.01,7,3094,买盘
1213,10:11:43,4.41,--,42,18522,卖盘
1214,10:11:38,4.41,-0.01,153,67473,卖盘
1215,10:11:33,4.42,--,163,72046,买盘
1216,10:11:23,4.42,0.01,28,12376,买盘
1217,10:11:13,4.41,--,10,4410,卖盘
1218,10:11:08,4.41,--,24,10584,卖盘
1219,10:11:03,4.41,-0.01,41,18081,卖盘
1220,10:10:58,4.42,0.01,1,442,买盘
1221,10:10:38,4.41,-0.01,107,47187,卖盘
1222,10:10:33,4.42,--,30,13260,买盘
1223,10:10:13,4.42,0.01,7,3094,买盘
1224,10:10:08,4.41,-0.01,861,379701,卖盘
1225,10:10:03,4.42,0.01,29,12818,买盘
1226,10:09:58,4.41,--,43,18963,卖盘
1227,10:09:53,4.41,--,23,10143,卖盘
1228,10:09:43,4.41,--,8,3528,卖盘
1229,10:09:33,4.41,--,33,14553,卖盘
1230,10:09:23,4.41,-0.01,54,23814,卖盘
1231,10:09:13,4.42,0.01,69,30498,买盘
1232,10:09:08,4.41,-0.01,107,47187,卖盘
1233,10:09:03,4.42,--,52,22984,买盘
1234,10:08:58,4.42,0.01,19,8398,买盘
1235,10:08:48,4.41,--,30,13230,卖盘
1236,10:08:38,4.41,-0.01,20,8820,卖盘
1237,10:08:33,4.42,0.01,30,13260,买盘
1238,10:08:12,4.41,-0.01,10,4410,卖盘
1239,10:08:08,4.42,--,1,442,买盘
1240,10:08:03,4.42,--,45,19890,买盘
1241,10:07:48,4.42,--,85,37570,买盘
1242,10:07:38,4.42,--,97,42874,买盘
1243,10:07:33,4.42,--,40,17680,买盘
1244,10:07:27,4.42,--,30,13260,买盘
1245,10:07:17,4.42,--,34,15028,买盘
1246,10:07:03,4.42,--,56,24752,买盘
1247,10:06:38,4.42,--,14,6188,买盘
1248,10:06:32,4.42,--,40,17680,买盘
1249,10:06:23,4.42,--,38,16796,买盘
1250,10:06:17,4.42,--,7,3094,买盘
1251,10:06:12,4.42,--,110,48620,买盘
1252,10:06:07,4.42,--,167,73814,买盘
1253,10:06:02,4.42,--,110,48620,买盘
1254,10:05:52,4.42,0.01,3,1326,买盘
1255,10:05:37,4.41,-0.01,2,882,卖盘
1256,10:05:32,4.42,--,30,13260,买盘
1257,10:05:17,4.42,--,43,19006,买盘
1258,10:05:07,4.42,--,18,7956,买盘
1259,10:05:02,4.42,-0.01,123,54366,卖盘
1260,10:04:57,4.43,--,6,2658,买盘
1261,10:04:52,4.43,--,14,6202,买盘
1262,10:04:47,4.43,0.01,10,4430,买盘
1263,10:04:37,4.42,-0.01,10,4420,中性盘
1264,10:04:32,4.43,0.01,30,13290,买盘
1265,10:04:27,4.42,--,1,442,买盘
1266,10:04:07,4.42,--,8,3536,买盘
1267,10:04:02,4.42,--,42,18564,买盘
1268,10:03:57,4.42,-0.01,13,5746,卖盘
1269,10:03:32,4.43,0.01,49,21707,买盘
1270,10:03:22,4.42,--,31,13702,卖盘
1271,10:03:17,4.42,-0.01,4,1768,卖盘
1272,10:03:12,4.43,0.01,8,3544,买盘
1273,10:03:07,4.42,--,13,5746,买盘
1274,10:03:02,4.42,0.01,409,180778,买盘
1275,10:02:57,4.41,-0.01,1,441,卖盘
1276,10:02:47,4.42,0.01,46,20332,买盘
1277,10:02:32,4.41,-0.01,31,13671,卖盘
1278,10:02:12,4.42,--,11,4862,买盘
1279,10:02:02,4.42,0.02,45,19890,买盘
1280,10:01:52,4.4,--,0,0,卖盘
1281,10:01:47,4.4,--,20,8800,卖盘
1282,10:01:37,4.4,--,255,112200,买盘
1283,10:01:32,4.4,--,44,19360,买盘
1284,10:01:27,4.4,--,145,63800,买盘
1285,10:01:17,4.4,--,17,7480,买盘
1286,10:01:12,4.4,--,26,11440,买盘
1287,10:01:02,4.4,--,41,18040,买盘
1288,10:00:56,4.4,--,50,22000,买盘
1289,10:00:47,4.4,--,21,9240,买盘
1290,10:00:41,4.4,--,33,14520,买盘
1291,10:00:36,4.4,--,22,9680,买盘
1292,10:00:32,4.4,--,189,83160,买盘
1293,10:00:26,4.4,--,16,7040,买盘
1294,10:00:21,4.4,-0.03,1118,491920,卖盘
1295,10:00:17,4.43,--,20,8860,买盘
1296,10:00:11,4.43,0.01,26,11518,买盘
1297,10:00:06,4.42,--,71,31382,买盘
1298,10:00:02,4.42,--,53,23426,买盘
1299,09:59:56,4.42,--,2,884,买盘
1300,09:59:36,4.42,--,11,4862,买盘
1301,09:59:31,4.42,--,30,13260,买盘
1302,09:59:26,4.42,--,10,4420,买盘
1303,09:59:16,4.42,--,304,134368,买盘
1304,09:59:11,4.42,-0.01,8,3536,中性盘
1305,09:59:06,4.43,--,34,15061,买盘
1306,09:59:01,4.43,0.02,42,18606,买盘
1307,09:58:56,4.41,-0.02,6,2646,卖盘
1308,09:58:51,4.43,0.01,11,4873,买盘
1309,09:58:41,4.42,-0.01,3,1326,中性盘
1310,09:58:31,4.43,0.02,30,13290,买盘
1311,09:58:06,4.41,-0.02,8,3528,卖盘
1312,09:58:01,4.43,0.01,47,20821,买盘
1313,09:57:56,4.42,--,19,8398,买盘
1314,09:57:46,4.42,--,20,8840,买盘
1315,09:57:31,4.42,0.01,45,19890,买盘
1316,09:57:26,4.41,-0.01,30,13230,卖盘
1317,09:57:21,4.42,--,14,6188,买盘
1318,09:57:16,4.42,--,10,4420,买盘
1319,09:57:06,4.42,--,50,22100,买盘
1320,09:57:01,4.42,--,50,22100,买盘
1321,09:56:51,4.42,0.01,30,13260,买盘
1322,09:56:46,4.41,--,14,6174,卖盘
1323,09:56:41,4.41,-0.01,20,8820,卖盘
1324,09:56:36,4.42,--,20,8840,买盘
1325,09:56:31,4.42,--,30,13260,买盘
1326,09:56:26,4.42,0.01,10,4420,买盘
1327,09:56:16,4.41,--,8,3528,卖盘
1328,09:56:11,4.41,-0.01,33,14553,卖盘
1329,09:56:06,4.42,--,10,4420,买盘
1330,09:56:01,4.42,--,32,14144,买盘
1331,09:55:56,4.42,--,7,3094,买盘
1332,09:55:41,4.42,-0.01,97,42874,卖盘
1333,09:55:31,4.43,0.01,30,13290,买盘
1334,09:55:25,4.42,0.02,10,4420,买盘
1335,09:55:21,4.4,--,0,0,卖盘
1336,09:55:10,4.4,-0.03,2,880,卖盘
1337,09:55:01,4.43,-0.01,30,13290,中性盘
1338,09:54:55,4.44,0.03,3000,1332000,买盘
1339,09:54:46,4.41,-0.01,236,104076,卖盘
1340,09:54:40,4.42,0.01,21,9282,买盘
1341,09:54:36,4.41,--,7,3087,卖盘
1342,09:54:31,4.41,-0.01,50,22050,卖盘
1343,09:54:25,4.42,--,42,18564,买盘
1344,09:54:21,4.42,-0.01,10,4420,卖盘
1345,09:54:16,4.43,--,114,50502,买盘
1346,09:54:10,4.43,--,10,4430,买盘
1347,09:54:05,4.43,--,56,24808,买盘
1348,09:54:01,4.43,--,442,195806,买盘
1349,09:53:50,4.43,--,30,13290,买盘
1350,09:53:46,4.43,--,8,3544,买盘
1351,09:53:40,4.43,--,10,4430,买盘
1352,09:53:35,4.43,0.01,30,13290,买盘
1353,09:53:25,4.42,--,114,50388,卖盘
1354,09:53:20,4.42,--,22,9724,卖盘
1355,09:53:15,4.42,0.02,925,408850,买盘
1356,09:53:10,4.4,--,35,15400,卖盘
1357,09:53:05,4.4,--,96,42240,卖盘
1358,09:52:55,4.4,-0.01,115,50600,卖盘
1359,09:52:50,4.41,--,5,2205,买盘
1360,09:52:35,4.41,--,140,61740,买盘
1361,09:52:30,4.41,--,5,2205,买盘
1362,09:52:20,4.41,--,41,18081,买盘
1363,09:52:10,4.41,--,50,22050,买盘
1364,09:52:05,4.41,0.01,68,29988,买盘
1365,09:51:40,4.4,-0.01,76,33440,卖盘
1366,09:51:35,4.41,0.01,63,27783,买盘
1367,09:51:25,4.4,-0.01,26,11440,卖盘
1368,09:51:15,4.41,--,15,6615,买盘
1369,09:51:10,4.41,--,55,24255,买盘
1370,09:51:05,4.41,--,53,23373,买盘
1371,09:51:00,4.41,--,15,6615,买盘
1372,09:50:55,4.41,--,5,2205,买盘
1373,09:50:45,4.41,0.01,5,2205,买盘
1374,09:50:40,4.4,-0.01,223,98120,卖盘
1375,09:50:35,4.41,0.01,32,14112,买盘
1376,09:50:20,4.4,0.01,242,106480,买盘
1377,09:50:10,4.39,--,5,2195,卖盘
1378,09:50:05,4.39,--,125,54874,买盘
1379,09:50:00,4.39,--,12,5268,买盘
1380,09:49:55,4.39,--,300,131700,买盘
1381,09:49:45,4.39,--,3,1317,买盘
1382,09:49:40,4.39,0.01,502,220377,买盘
1383,09:49:35,4.38,-0.01,40,17520,卖盘
1384,09:49:25,4.39,--,100,43900,卖盘
1385,09:49:19,4.39,-0.01,30,13169,卖盘
1386,09:49:05,4.4,--,31,13640,买盘
1387,09:48:55,4.4,--,17,7480,买盘
1388,09:48:40,4.4,--,5,2200,买盘
1389,09:48:35,4.4,0.01,95,41800,买盘
1390,09:48:25,4.39,--,1,438,卖盘
1391,09:48:19,4.39,--,5,2195,卖盘
1392,09:48:10,4.39,--,3,1317,卖盘
1393,09:48:04,4.39,--,55,24145,买盘
1394,09:47:55,4.39,--,2,877,买盘
1395,09:47:49,4.39,--,1,438,买盘
1396,09:47:45,4.39,--,1050,460949,买盘
1397,09:47:40,4.39,--,12,5268,买盘
1398,09:47:34,4.39,--,30,13169,买盘
1399,09:47:24,4.39,--,163,71557,买盘
1400,09:47:19,4.39,--,80,35120,买盘
1401,09:47:10,4.39,-0.01,8,3511,中性盘
1402,09:47:04,4.4,0.01,30,13200,买盘
1403,09:46:59,4.39,--,89,39071,卖盘
1404,09:46:54,4.39,--,2,877,卖盘
1405,09:46:49,4.39,--,67,29412,卖盘
1406,09:46:44,4.39,0.01,843,370077,买盘
1407,09:46:40,4.38,-0.01,41,17958,卖盘
1408,09:46:34,4.39,0.01,226,99214,买盘
1409,09:46:29,4.38,0.01,100,43800,买盘
1410,09:46:24,4.37,--,50,21850,卖盘
1411,09:46:19,4.37,--,11,4807,卖盘
1412,09:46:04,4.37,--,48,20976,卖盘
1413,09:45:59,4.37,--,10,4370,卖盘
1414,09:45:49,4.37,-0.01,101,44137,卖盘
1415,09:45:44,4.38,--,66,28908,买盘
1416,09:45:39,4.38,--,20,8760,买盘
1417,09:45:34,4.38,--,145,63510,卖盘
1418,09:45:29,4.38,-0.01,500,219000,卖盘
1419,09:45:19,4.39,0.01,22,9658,买盘
1420,09:45:14,4.38,--,12,5256,卖盘
1421,09:45:04,4.38,-0.01,48,21024,卖盘
1422,09:44:54,4.39,--,3,1317,买盘
1423,09:44:39,4.39,--,9,3950,买盘
1424,09:44:34,4.39,--,543,238376,卖盘
1425,09:44:29,4.39,--,66,28973,卖盘
1426,09:44:24,4.39,--,200,87800,卖盘
1427,09:44:19,4.39,--,1,438,卖盘
1428,09:44:09,4.39,--,9,3950,卖盘
1429,09:44:04,4.39,--,31,13608,卖盘
1430,09:43:59,4.39,--,48,21072,卖盘
1431,09:43:44,4.39,-0.01,34,14925,卖盘
1432,09:43:39,4.4,0.01,6,2640,买盘
1433,09:43:34,4.39,--,54,23706,卖盘
1434,09:43:13,4.39,-0.01,27,11853,卖盘
1435,09:43:09,4.4,0.01,6,2640,买盘
1436,09:43:04,4.39,--,96,42144,卖盘
1437,09:42:43,4.39,-0.01,15,6584,卖盘
1438,09:42:34,4.4,0.01,34,14960,买盘
1439,09:42:28,4.39,--,4,1755,卖盘
1440,09:42:24,4.39,--,1,438,卖盘
1441,09:42:19,4.39,--,20,8780,买盘
1442,09:42:09,4.39,-0.01,36,15803,卖盘
1443,09:42:04,4.4,0.01,39,17160,买盘
1444,09:41:58,4.39,--,1,438,买盘
1445,09:41:54,4.39,--,5,2195,买盘
1446,09:41:49,4.39,--,190,83410,卖盘
1447,09:41:43,4.39,--,95,41705,卖盘
1448,09:41:39,4.39,--,51,22389,卖盘
1449,09:41:34,4.39,--,32,14047,卖盘
1450,09:41:28,4.39,--,258,113261,卖盘
1451,09:41:24,4.39,--,63,27656,卖盘
1452,09:41:19,4.39,--,23,10097,卖盘
1453,09:41:13,4.39,--,10,4390,卖盘
1454,09:41:08,4.39,-0.01,78,34242,卖盘
1455,09:41:03,4.4,0.01,30,13200,买盘
1456,09:40:58,4.39,--,20,8780,卖盘
1457,09:40:53,4.39,-0.01,62,27217,卖盘
1458,09:40:48,4.4,0.01,24,10560,买盘
1459,09:40:43,4.39,-0.01,78,34242,卖盘
1460,09:40:38,4.4,0.01,7,3080,买盘
1461,09:40:33,4.39,-0.01,165,72435,卖盘
1462,09:40:28,4.4,--,7,3080,买盘
1463,09:40:23,4.4,--,754,331760,卖盘
1464,09:40:18,4.4,--,122,53680,卖盘
1465,09:40:13,4.4,--,41,18040,卖盘
1466,09:40:08,4.4,-0.01,257,113080,卖盘
1467,09:40:03,4.41,0.01,68,29988,买盘
1468,09:39:58,4.4,-0.01,500,220000,卖盘
1469,09:39:53,4.41,--,79,34839,买盘
1470,09:39:43,4.41,--,1,441,买盘
1471,09:39:38,4.41,--,134,59094,买盘
1472,09:39:33,4.41,--,80,35280,买盘
1473,09:39:28,4.41,--,1,441,买盘
1474,09:39:23,4.41,0.01,29,12789,买盘
1475,09:39:13,4.4,-0.01,134,58960,卖盘
1476,09:39:08,4.41,--,20,8820,买盘
1477,09:39:03,4.41,0.01,121,53361,买盘
1478,09:38:58,4.4,-0.01,300,132000,卖盘
1479,09:38:53,4.41,0.01,8,3528,买盘
1480,09:38:48,4.4,--,3,1320,卖盘
1481,09:38:43,4.4,-0.01,41,18040,卖盘
1482,09:38:38,4.41,-0.01,100,44100,中性盘
1483,09:38:33,4.42,0.01,619,273598,买盘
1484,09:38:28,4.41,--,160,70560,卖盘
1485,09:38:23,4.41,--,526,231966,卖盘
1486,09:38:18,4.41,-0.01,1,441,卖盘
1487,09:38:13,4.42,0.01,198,87516,买盘
1488,09:38:08,4.41,-0.01,5,2205,卖盘
1489,09:38:03,4.42,0.01,49,21658,买盘
1490,09:37:58,4.41,--,833,367353,买盘
1491,09:37:53,4.41,0.01,342,150822,买盘
1492,09:37:48,4.4,--,20,8800,卖盘
1493,09:37:43,4.4,-0.01,53,23320,卖盘
1494,09:37:38,4.41,-0.01,17,7497,中性盘
1495,09:37:33,4.42,0.01,30,13260,买盘
1496,09:37:28,4.41,--,43,18963,买盘
1497,09:37:23,4.41,0.01,8,3528,买盘
1498,09:37:13,4.4,0.01,209,91960,买盘
1499,09:37:08,4.39,-0.01,28,12292,卖盘
1500,09:37:03,4.4,0.01,58,25520,买盘
1501,09:36:57,4.39,--,221,97019,买盘
1502,09:36:53,4.39,--,187,82093,买盘
1503,09:36:48,4.39,--,21,9219,买盘
1504,09:36:43,4.39,0.01,145,63654,买盘
1505,09:36:38,4.38,-0.01,36,15768,卖盘
1506,09:36:33,4.39,--,30,13169,买盘
1507,09:36:28,4.39,0.01,70,30729,买盘
1508,09:36:23,4.38,-0.01,24,10512,卖盘
1509,09:36:18,4.39,--,30,13169,买盘
1510,09:36:13,4.39,--,49,21511,买盘
1511,09:36:07,4.39,--,16,7023,买盘
1512,09:36:03,4.39,0.01,65,28534,买盘
1513,09:35:57,4.38,--,4,1752,卖盘
1514,09:35:52,4.38,0.01,106,46428,买盘
1515,09:35:48,4.37,-0.02,10,4370,卖盘
1516,09:35:43,4.39,--,0,0,买盘
1517,09:35:37,4.39,0.01,35,15364,买盘
1518,09:35:33,4.38,--,30,13140,买盘
1519,09:35:28,4.38,--,76,33288,买盘
1520,09:35:07,4.38,--,47,20586,买盘
1521,09:35:03,4.38,--,37,16206,买盘
1522,09:34:57,4.38,--,3,1314,买盘
1523,09:34:42,4.38,--,94,41172,买盘
1524,09:34:37,4.38,--,10,4380,买盘
1525,09:34:32,4.38,--,30,13140,买盘
1526,09:34:22,4.38,0.01,20,8760,买盘
1527,09:34:07,4.37,-0.01,238,104006,卖盘
1528,09:34:02,4.38,--,58,25404,买盘
1529,09:33:52,4.38,0.01,43,18834,卖盘
1530,09:33:37,4.37,-0.02,17,7429,卖盘
1531,09:33:32,4.39,0.01,49,21511,买盘
1532,09:33:27,4.38,--,51,22338,买盘
1533,09:33:22,4.38,--,50,21900,买盘
1534,09:33:07,4.38,--,20,8760,买盘
1535,09:33:02,4.38,0.01,29,12702,买盘
1536,09:32:52,4.37,--,0,0,卖盘
1537,09:32:37,4.37,--,129,56447,买盘
1538,09:32:32,4.37,-0.02,75,32775,买盘
1539,09:32:22,4.39,0.01,279,122480,买盘
1540,09:32:17,4.38,--,69,30222,买盘
1541,09:32:12,4.38,0.01,40,17520,买盘
1542,09:32:02,4.37,-0.01,167,72979,卖盘
1543,09:31:52,4.38,-0.01,27,11826,卖盘
1544,09:31:47,4.39,--,30,13169,买盘
1545,09:31:37,4.39,-0.01,65,28534,中性盘
1546,09:31:32,4.4,0.02,77,33880,买盘
1547,09:31:27,4.38,-0.01,79,34602,卖盘
1548,09:31:22,4.39,--,176,77264,买盘
1549,09:31:17,4.39,--,163,71557,卖盘
1550,09:31:07,4.39,-0.01,1,438,卖盘
1551,09:31:02,4.4,0.01,330,145200,买盘
1552,09:30:57,4.39,0.01,163,71557,买盘
1553,09:30:47,4.38,0.01,126,55188,买盘
1554,09:30:42,4.37,--,4,1748,卖盘
1555,09:30:37,4.37,--,68,29716,买盘
1556,09:30:32,4.37,0.02,30,13110,买盘
1557,09:30:21,4.35,--,100,43500,卖盘
1558,09:30:16,4.35,--,0,0,卖盘
1559,09:30:07,4.35,--,1341,583335,买盘
1560,09:30:02,4.35,--,29,12614,买盘
1561,09:28:59,4.35,--,0,0,买盘
1562,09:25:09,4.35,4.35,508,220979,买盘
