,time,price,change,volume,amount,type
0,14:59:59,20.58,--,0,0,卖盘
1,14:59:59,20.58,-0.02,0,0,卖盘
2,14:59:59,20.6,--,18,37080,卖盘
3,14:59:55,20.6,--,1,2060,卖盘
4,14:59:45,20.6,0.02,98,201880,买盘
5,14:59:40,20.58,-0.01,94,193451,卖盘
6,14:59:30,20.59,0.02,179,368561,买盘
7,14:59:25,20.57,-0.01,11,22627,卖盘
8,14:59:20,20.58,0.02,1,2058,买盘
9,14:59:15,20.56,-0.01,109,224104,卖盘
10,14:59:10,20.57,--,10,20570,买盘
11,14:59:00,20.57,0.01,37,76109,买盘
12,14:58:55,20.56,--,82,168592,买盘
13,14:58:50,20.56,--,2,4112,买盘
14,14:58:45,20.56,0.01,2,4112,买盘
15,14:58:40,20.55,-0.02,81,166455,卖盘
16,14:58:35,20.57,0.01,10,20570,中性盘
17,14:58:30,20.56,-0.02,180,370080,卖盘
18,14:58:25,20.58,--,10,20580,卖盘
19,14:58:20,20.58,--,2,4116,卖盘
20,14:58:15,20.58,0.01,36,74088,买盘
21,14:58:10,20.57,-0.01,47,96679,卖盘
22,14:58:05,20.58,--,10,20580,买盘
23,14:58:00,20.58,--,106,218147,卖盘
24,14:57:55,20.58,-0.01,7,14405,买盘
25,14:57:45,20.59,--,11,22649,买盘
26,14:57:40,20.59,--,71,146189,买盘
27,14:57:35,20.59,--,1,2059,买盘
28,14:57:30,20.59,--,54,111186,卖盘
29,14:57:25,20.59,--,23,47357,买盘
30,14:57:20,20.59,0.02,1,2059,买盘
31,14:57:15,20.57,--,3,6171,卖盘
32,14:57:10,20.57,-0.02,83,170731,卖盘
33,14:57:00,20.59,0.02,17,35003,买盘
34,14:56:55,20.57,0.02,9,18513,卖盘
35,14:56:50,20.55,-0.01,82,168510,卖盘
36,14:56:45,20.56,-0.01,13,26728,卖盘
37,14:56:40,20.57,--,13,26741,买盘
38,14:56:35,20.57,--,17,34969,买盘
39,14:56:30,20.57,--,52,106964,买盘
40,14:56:25,20.57,0.02,4,8228,中性盘
41,14:56:20,20.55,-0.03,27,55485,卖盘
42,14:56:14,20.58,-0.02,9,18522,中性盘
43,14:56:10,20.6,0.05,72,148320,买盘
44,14:56:04,20.55,-0.05,10,20550,卖盘
45,14:55:59,20.6,0.05,388,799280,买盘
46,14:55:55,20.55,--,104,215137,买盘
47,14:55:49,20.55,--,218,447990,买盘
48,14:55:44,20.55,--,93,191752,卖盘
49,14:55:40,20.55,-0.02,95,195225,卖盘
50,14:55:34,20.57,-0.01,32,65824,买盘
51,14:55:29,20.58,--,43,88493,买盘
52,14:55:25,20.58,--,36,74088,买盘
53,14:55:19,20.58,0.01,49,100841,买盘
54,14:55:14,20.57,--,2,4114,卖盘
55,14:55:10,20.57,-0.01,69,141933,中性盘
56,14:55:04,20.58,0.01,24,49391,买盘
57,14:54:59,20.57,--,5,10285,买盘
58,14:54:55,20.57,--,57,117249,卖盘
59,14:54:49,20.57,0.02,30,61710,买盘
60,14:54:44,20.55,--,17,34935,卖盘
61,14:54:40,20.55,--,31,65122,卖盘
62,14:54:34,20.55,0.02,16,32880,买盘
63,14:54:29,20.53,--,30,61590,卖盘
64,14:54:25,20.53,-0.02,4,8212,卖盘
65,14:54:19,20.55,0.04,24,49320,买盘
66,14:54:14,20.51,--,0,0,卖盘
67,14:54:10,20.51,-0.01,130,266630,卖盘
68,14:54:04,20.52,--,11,22572,买盘
69,14:53:55,20.52,0.02,66,136458,买盘
70,14:53:49,20.5,0.02,121,248050,买盘
71,14:53:44,20.48,-0.03,55,113664,卖盘
72,14:53:40,20.51,0.01,4,8204,买盘
73,14:53:34,20.5,--,20,41000,卖盘
74,14:53:29,20.5,--,5,10250,卖盘
75,14:53:25,20.5,0.03,93,191675,买盘
76,14:53:19,20.47,--,95,194465,买盘
77,14:53:14,20.47,-0.01,151,309097,卖盘
78,14:53:10,20.48,0.01,62,126976,买盘
79,14:53:04,20.47,0.02,232,474904,卖盘
80,14:52:59,20.45,-0.03,3,6135,卖盘
81,14:52:55,20.48,0.03,15,30720,买盘
82,14:52:49,20.45,-0.04,69,141105,卖盘
83,14:52:44,20.49,0.01,2,4098,买盘
84,14:52:40,20.48,-0.01,64,131072,卖盘
85,14:52:34,20.49,-0.01,18,36882,卖盘
86,14:52:29,20.5,0.01,7,14350,买盘
87,14:52:24,20.49,-0.01,138,282762,中性盘
88,14:52:19,20.5,--,9,18450,买盘
89,14:52:14,20.5,--,107,220375,卖盘
90,14:52:09,20.5,0.02,250,513525,买盘
91,14:52:04,20.48,-0.02,35,71680,卖盘
92,14:51:59,20.5,--,26,53300,买盘
93,14:51:54,20.5,--,44,90200,买盘
94,14:51:49,20.5,--,268,549789,卖盘
95,14:51:44,20.5,-0.02,150,307500,卖盘
96,14:51:39,20.52,--,125,256500,买盘
97,14:51:34,20.52,--,3,6156,买盘
98,14:51:29,20.52,-0.01,6,12312,卖盘
99,14:51:24,20.53,0.01,21,43113,买盘
100,14:51:19,20.52,-0.01,26,53352,卖盘
101,14:51:14,20.53,-0.02,10,20530,买盘
102,14:51:09,20.55,--,18,36990,买盘
103,14:51:04,20.55,--,190,391477,买盘
104,14:50:59,20.55,--,6,12330,买盘
105,14:50:54,20.55,--,2,4110,买盘
106,14:50:49,20.55,--,37,76035,卖盘
107,14:50:44,20.55,--,6,12330,卖盘
108,14:50:39,20.55,0.02,24,49320,卖盘
109,14:50:34,20.53,-0.02,24,49272,卖盘
110,14:50:29,20.55,0.03,33,67815,买盘
111,14:50:24,20.52,-0.03,58,119016,卖盘
112,14:50:19,20.55,-0.01,5,10275,中性盘
113,14:50:14,20.56,0.01,14,28784,买盘
114,14:50:09,20.55,0.02,43,89392,买盘
115,14:50:04,20.53,-0.02,8,16424,卖盘
116,14:49:59,20.55,--,79,162345,买盘
117,14:49:54,20.55,0.03,115,236325,买盘
118,14:49:49,20.52,-0.03,9,18468,卖盘
119,14:49:43,20.55,--,43,88365,买盘
120,14:49:38,20.55,0.03,2,4110,买盘
121,14:49:34,20.52,-0.01,14,28728,卖盘
122,14:49:28,20.53,0.01,47,96491,买盘
123,14:49:23,20.52,--,17,34884,买盘
124,14:49:19,20.52,0.01,29,59508,买盘
125,14:49:13,20.51,-0.01,15,30765,卖盘
126,14:49:08,20.52,0.01,2,4104,买盘
127,14:49:03,20.51,0.01,22,45122,中性盘
128,14:48:58,20.5,-0.05,462,947264,卖盘
129,14:48:53,20.55,0.02,106,217830,买盘
130,14:48:49,20.53,0.01,13,26689,中性盘
131,14:48:43,20.52,-0.04,81,166212,卖盘
132,14:48:38,20.56,--,37,76072,卖盘
133,14:48:33,20.56,-0.01,123,254018,中性盘
134,14:48:28,20.57,0.01,1164,2394348,买盘
135,14:48:23,20.56,-0.02,32,65792,卖盘
136,14:48:19,20.58,0.02,267,549486,买盘
137,14:48:13,20.56,-0.03,878,1805538,卖盘
138,14:48:08,20.59,--,119,245021,买盘
139,14:48:04,20.59,0.01,94,193546,买盘
140,14:47:58,20.58,-0.02,38,78204,卖盘
141,14:47:53,20.6,--,7,14420,买盘
142,14:47:49,20.6,--,110,226600,买盘
143,14:47:43,20.6,-0.01,72,148320,卖盘
144,14:47:38,20.61,--,92,189612,买盘
145,14:47:34,20.61,0.01,5,10305,中性盘
146,14:47:28,20.6,--,13,26780,卖盘
147,14:47:23,20.6,--,774,1594440,卖盘
148,14:47:19,20.6,-0.01,24,49440,卖盘
149,14:47:13,20.61,--,26,53586,卖盘
150,14:47:08,20.61,0.01,19,39159,卖盘
151,14:47:04,20.6,-0.02,10,20600,卖盘
152,14:46:58,20.62,--,15,30930,买盘
153,14:46:53,20.62,0.02,10,20620,买盘
154,14:46:48,20.6,-0.02,66,135960,卖盘
155,14:46:43,20.62,-0.01,9,18558,买盘
156,14:46:38,20.63,--,0,0,买盘
157,14:46:33,20.63,0.03,6,12378,买盘
158,14:46:28,20.6,--,71,146260,卖盘
159,14:46:23,20.6,-0.03,75,154500,卖盘
160,14:46:19,20.63,0.01,75,154725,买盘
161,14:46:13,20.62,0.01,10,20620,中性盘
162,14:46:08,20.61,0.01,2,4122,卖盘
163,14:46:04,20.6,-0.02,216,444960,卖盘
164,14:45:58,20.62,-0.02,81,167022,卖盘
165,14:45:53,20.64,0.01,4,8256,买盘
166,14:45:48,20.63,--,19,39197,卖盘
167,14:45:43,20.63,-0.01,17,35071,卖盘
168,14:45:33,20.64,--,7,14448,买盘
169,14:45:28,20.64,-0.01,26,53664,卖盘
170,14:45:18,20.65,--,79,163135,买盘
171,14:45:13,20.65,--,76,157683,卖盘
172,14:45:08,20.65,--,6,12390,卖盘
173,14:45:03,20.65,-0.03,33,68145,卖盘
174,14:44:58,20.68,--,36,74448,买盘
175,14:44:53,20.68,--,36,74448,卖盘
176,14:44:48,20.68,--,31,64108,卖盘
177,14:44:33,20.68,-0.01,3,6204,卖盘
178,14:44:28,20.69,0.01,22,45518,买盘
179,14:44:18,20.68,--,43,88924,卖盘
180,14:44:08,20.68,--,1,2068,卖盘
181,14:44:03,20.68,0.02,10,20680,买盘
182,14:43:58,20.66,-0.02,44,90904,卖盘
183,14:43:53,20.68,--,5,10340,买盘
184,14:43:38,20.68,-0.01,4,8272,卖盘
185,14:43:33,20.69,--,1,2069,买盘
186,14:43:28,20.69,--,1,2069,买盘
187,14:43:23,20.69,--,1,2069,买盘
188,14:43:13,20.69,--,0,0,买盘
189,14:43:03,20.69,--,5,10345,买盘
190,14:42:58,20.69,--,30,62070,买盘
191,14:42:53,20.69,--,14,28966,买盘
192,14:42:48,20.69,--,24,49656,买盘
193,14:42:43,20.69,--,253,524781,买盘
194,14:42:37,20.69,0.01,5,10345,买盘
195,14:42:33,20.68,-0.01,1,2068,卖盘
196,14:42:28,20.69,--,12,24828,买盘
197,14:42:18,20.69,--,33,68277,买盘
198,14:42:13,20.69,--,1,2069,买盘
199,14:42:07,20.69,0.01,2,4138,买盘
200,14:41:58,20.68,--,3,6204,卖盘
201,14:41:52,20.68,--,80,165440,买盘
202,14:41:47,20.68,--,5,10340,买盘
203,14:41:43,20.68,--,2,4136,买盘
204,14:41:37,20.68,--,2,4136,买盘
205,14:41:32,20.68,--,10,20680,买盘
206,14:41:22,20.68,--,9,18612,买盘
207,14:41:12,20.68,--,13,26884,买盘
208,14:41:07,20.68,-0.01,82,169576,卖盘
209,14:41:02,20.69,--,18,37242,买盘
210,14:40:57,20.69,--,10,20690,买盘
211,14:40:42,20.69,-0.01,53,109657,卖盘
212,14:40:37,20.7,--,60,124200,买盘
213,14:40:27,20.7,-0.02,159,329130,卖盘
214,14:40:17,20.72,--,51,105672,买盘
215,14:40:12,20.72,-0.01,3,6216,买盘
216,14:40:07,20.73,0.03,9,18657,买盘
217,14:39:57,20.7,--,1,2070,卖盘
218,14:39:52,20.7,0.02,72,149040,买盘
219,14:39:47,20.68,-0.01,2,4136,卖盘
220,14:39:42,20.69,--,7,14483,买盘
221,14:39:37,20.69,--,55,113795,卖盘
222,14:39:27,20.69,0.01,8,16552,买盘
223,14:39:12,20.68,0.01,116,239888,买盘
224,14:39:07,20.67,0.02,12,24804,买盘
225,14:39:02,20.65,--,4,8260,买盘
226,14:38:57,20.65,-0.02,217,448104,卖盘
227,14:38:52,20.67,0.03,20,41340,买盘
228,14:38:42,20.64,--,0,0,卖盘
229,14:38:32,20.64,--,11,22704,卖盘
230,14:38:27,20.64,-0.03,5,10320,中性盘
231,14:38:22,20.67,0.03,480,992160,买盘
232,14:38:17,20.64,0.01,218,449952,买盘
233,14:38:07,20.63,--,52,107276,买盘
234,14:38:02,20.63,0.03,8,16504,买盘
235,14:37:57,20.6,-0.03,275,566500,卖盘
236,14:37:52,20.63,--,55,113465,买盘
237,14:37:47,20.63,--,11,22693,买盘
238,14:37:42,20.63,0.02,1,2063,买盘
239,14:37:32,20.61,--,0,0,卖盘
240,14:37:27,20.61,--,18,37098,卖盘
241,14:37:22,20.61,-0.02,49,100989,卖盘
242,14:37:12,20.63,--,33,68079,卖盘
243,14:37:07,20.63,--,22,45386,卖盘
244,14:37:02,20.63,--,29,59827,卖盘
245,14:36:57,20.63,-0.01,9,18567,卖盘
246,14:36:52,20.64,--,12,24768,买盘
247,14:36:47,20.64,-0.02,78,160992,卖盘
248,14:36:42,20.66,-0.01,263,543358,卖盘
249,14:36:37,20.67,-0.01,65,134355,卖盘
250,14:36:32,20.68,--,200,413600,买盘
251,14:36:27,20.68,0.01,19,39292,买盘
252,14:36:22,20.67,--,100,206700,卖盘
253,14:36:12,20.67,--,2,4134,卖盘
254,14:35:52,20.67,--,1,2067,卖盘
255,14:35:42,20.67,-0.01,12,24804,卖盘
256,14:35:27,20.68,--,232,479776,卖盘
257,14:35:22,20.68,--,3,6204,卖盘
258,14:35:16,20.68,--,42,86856,卖盘
259,14:35:12,20.68,0.01,40,82720,买盘
260,14:35:07,20.67,-0.01,40,82680,卖盘
261,14:34:57,20.68,0.01,12,24816,买盘
262,14:34:52,20.67,-0.01,9,18603,卖盘
263,14:34:46,20.68,--,19,39292,买盘
264,14:34:41,20.68,--,2,4136,买盘
265,14:34:37,20.68,--,10,20680,买盘
266,14:34:31,20.68,--,1,2068,买盘
267,14:34:26,20.68,0.01,42,86856,买盘
268,14:34:22,20.67,-0.01,40,82680,卖盘
269,14:34:16,20.68,-0.01,10,20680,买盘
270,14:34:07,20.69,--,0,0,买盘
271,14:34:01,20.69,0.01,46,95174,买盘
272,14:33:52,20.68,--,21,43428,卖盘
273,14:33:46,20.68,--,24,49632,卖盘
274,14:33:36,20.68,-0.01,8,16544,卖盘
275,14:33:31,20.69,--,6,12414,买盘
276,14:33:16,20.69,--,174,360006,卖盘
277,14:33:06,20.69,-0.01,2,4138,卖盘
278,14:32:51,20.7,--,11,22770,买盘
279,14:32:46,20.7,--,14,28980,买盘
280,14:32:36,20.7,--,30,62100,买盘
281,14:32:31,20.7,--,6,12420,买盘
282,14:32:26,20.7,--,5,10350,买盘
283,14:32:21,20.7,--,10,20700,买盘
284,14:32:16,20.7,-0.03,29,60030,卖盘
285,14:31:51,20.73,--,0,0,买盘
286,14:31:46,20.73,0.01,30,62190,买盘
287,14:31:36,20.72,--,9,18648,卖盘
288,14:31:16,20.72,-0.01,2,4144,卖盘
289,14:31:06,20.73,--,11,23051,卖盘
290,14:31:01,20.73,--,38,78774,卖盘
291,14:30:51,20.73,-0.01,128,267168,卖盘
292,14:30:46,20.74,-0.01,6,12443,中性盘
293,14:30:36,20.75,--,11,22825,买盘
294,14:30:11,20.75,--,5,10375,买盘
295,14:30:06,20.75,0.02,2,4150,买盘
296,14:29:51,20.73,0.01,92,190716,买盘
297,14:29:46,20.72,--,135,279720,买盘
298,14:29:36,20.72,--,6,12432,买盘
299,14:29:21,20.72,--,16,33152,卖盘
300,14:29:06,20.72,--,85,176120,买盘
301,14:28:46,20.72,0.01,1,2072,买盘
302,14:28:36,20.71,--,102,211242,买盘
303,14:28:16,20.71,--,25,51775,买盘
304,14:28:06,20.71,--,0,0,买盘
305,14:27:51,20.71,-0.01,4,8284,买盘
306,14:27:46,20.72,0.03,1,2072,买盘
307,14:27:36,20.69,-0.03,194,401386,卖盘
308,14:27:21,20.72,-0.02,74,153328,卖盘
309,14:27:16,20.74,--,0,0,中性盘
310,14:27:01,20.74,-0.01,1,2074,卖盘
311,14:26:51,20.75,--,0,0,买盘
312,14:26:46,20.75,--,3,6225,买盘
313,14:26:36,20.75,0.03,3,6225,买盘
314,14:26:25,20.72,--,35,72520,卖盘
315,14:26:01,20.72,-0.03,4,8288,卖盘
316,14:25:55,20.75,--,0,0,买盘
317,14:25:50,20.75,0.04,23,47725,买盘
318,14:25:40,20.71,--,0,0,中性盘
319,14:25:25,20.71,--,0,0,卖盘
320,14:25:15,20.71,--,0,0,中性盘
321,14:25:10,20.71,--,4,8284,买盘
322,14:25:00,20.71,--,34,70414,买盘
323,14:24:55,20.71,0.03,21,43491,买盘
324,14:24:50,20.68,-0.02,4,8272,卖盘
325,14:24:45,20.7,--,7,14490,卖盘
326,14:24:40,20.7,0.02,41,84870,买盘
327,14:24:35,20.68,-0.02,50,103400,卖盘
328,14:24:20,20.7,0.02,10,20700,买盘
329,14:24:00,20.68,--,45,93060,卖盘
330,14:23:55,20.68,--,93,192324,买盘
331,14:23:50,20.68,--,13,26884,买盘
332,14:23:45,20.68,--,39,80652,买盘
333,14:23:40,20.68,0.01,70,144760,买盘
334,14:23:35,20.67,-0.01,10,20670,卖盘
335,14:23:25,20.68,0.01,1,2068,买盘
336,14:23:20,20.67,-0.01,40,82680,卖盘
337,14:23:10,20.68,0.01,5,10340,买盘
338,14:23:05,20.67,-0.01,1,2067,卖盘
339,14:23:00,20.68,--,7,14476,卖盘
340,14:22:55,20.68,0.01,9,18612,卖盘
341,14:22:50,20.67,-0.01,200,413400,卖盘
342,14:22:45,20.68,--,32,66176,买盘
343,14:22:35,20.68,--,6,12408,卖盘
344,14:22:30,20.68,--,10,20680,卖盘
345,14:22:04,20.68,-0.02,1,2068,卖盘
346,14:21:55,20.7,0.02,23,47610,买盘
347,14:21:49,20.68,--,85,175780,卖盘
348,14:21:45,20.68,-0.02,6,12408,卖盘
349,14:21:40,20.7,--,10,20700,买盘
350,14:21:19,20.7,0.02,5,10350,买盘
351,14:21:15,20.68,-0.02,100,206800,卖盘
352,14:21:10,20.7,0.02,8,16560,买盘
353,14:21:04,20.68,-0.01,38,78584,卖盘
354,14:20:59,20.69,-0.01,55,113795,卖盘
355,14:20:55,20.7,--,23,47610,买盘
356,14:20:45,20.7,-0.01,176,364320,卖盘
357,14:20:40,20.71,-0.01,51,105621,卖盘
358,14:20:30,20.72,--,44,91168,买盘
359,14:20:25,20.72,0.01,23,47656,买盘
360,14:20:19,20.71,-0.01,27,55917,卖盘
361,14:20:15,20.72,--,5,10360,买盘
362,14:19:55,20.72,--,1,2072,买盘
363,14:19:49,20.72,--,10,20720,买盘
364,14:19:40,20.72,-0.02,39,81719,卖盘
365,14:19:34,20.74,-0.04,10,20740,卖盘
366,14:19:00,20.78,0.06,33,68574,买盘
367,14:18:30,20.72,-0.06,60,124320,卖盘
368,14:18:24,20.78,--,31,64418,买盘
369,14:18:19,20.78,--,83,172474,买盘
370,14:18:14,20.78,--,15,31170,买盘
371,14:18:10,20.78,--,6,12468,买盘
372,14:17:59,20.78,--,2,4156,买盘
373,14:17:54,20.78,0.01,35,72730,买盘
374,14:17:49,20.77,--,13,27001,卖盘
375,14:17:39,20.77,0.02,18,37386,买盘
376,14:17:34,20.75,--,4,8300,卖盘
377,14:17:29,20.75,0.03,37,76775,买盘
378,14:17:24,20.72,-0.01,33,69536,卖盘
379,14:17:19,20.73,0.01,71,147183,中性盘
380,14:17:04,20.72,0.01,22,45584,卖盘
381,14:16:54,20.71,--,0,0,卖盘
382,14:16:39,20.71,0.01,22,45562,买盘
383,14:16:34,20.7,--,9,18630,卖盘
384,14:16:24,20.7,-0.01,36,74520,卖盘
385,14:16:19,20.71,-0.02,19,39349,中性盘
386,14:16:14,20.73,0.03,10,20730,买盘
387,14:16:09,20.7,--,3,6210,卖盘
388,14:16:04,20.7,0.01,20,41400,买盘
389,14:15:49,20.69,-0.01,17,35173,卖盘
390,14:15:44,20.7,--,35,72450,买盘
391,14:15:39,20.7,--,14,28980,买盘
392,14:15:34,20.7,0.01,2,4140,买盘
393,14:15:29,20.69,-0.01,1,2069,卖盘
394,14:15:24,20.7,--,0,0,买盘
395,14:15:13,20.7,--,9,18630,卖盘
396,14:15:09,20.7,0.02,11,22770,买盘
397,14:15:04,20.68,-0.02,5,10340,买盘
398,14:14:49,20.7,--,0,0,买盘
399,14:14:39,20.7,0.03,19,39330,买盘
400,14:14:34,20.67,-0.03,399,824733,卖盘
401,14:14:19,20.7,0.01,3,6210,买盘
402,14:14:13,20.69,-0.01,1,2069,中性盘
403,14:14:04,20.7,0.03,18,37260,买盘
404,14:13:48,20.67,--,0,0,卖盘
405,14:13:43,20.67,-0.01,27,55809,卖盘
406,14:13:39,20.68,-0.02,4,8272,卖盘
407,14:13:34,20.7,--,7,14490,买盘
408,14:13:24,20.7,--,0,0,中性盘
409,14:13:18,20.7,0.02,24,49680,买盘
410,14:13:13,20.68,--,3,6204,买盘
411,14:13:09,20.68,-0.02,52,107536,卖盘
412,14:12:58,20.7,-0.03,7,14490,卖盘
413,14:12:54,20.73,--,0,0,买盘
414,14:12:43,20.73,0.03,1,2073,买盘
415,14:12:39,20.7,-0.01,52,107640,卖盘
416,14:12:28,20.71,-0.02,19,39349,中性盘
417,14:12:23,20.73,0.02,36,74628,买盘
418,14:12:13,20.71,0.01,8,16568,卖盘
419,14:12:09,20.7,--,0,0,卖盘
420,14:11:53,20.7,-0.04,4,8280,卖盘
421,14:11:48,20.74,--,0,0,买盘
422,14:11:43,20.74,0.04,69,143106,买盘
423,14:11:39,20.7,-0.03,61,126270,卖盘
424,14:11:28,20.73,--,3,6219,卖盘
425,14:11:23,20.73,0.02,7,14511,买盘
426,14:11:13,20.71,-0.01,53,109763,卖盘
427,14:11:08,20.72,--,30,62160,卖盘
428,14:11:04,20.72,0.01,11,22792,买盘
429,14:10:58,20.71,--,21,43491,卖盘
430,14:10:53,20.71,--,55,113905,卖盘
431,14:10:48,20.71,-0.01,13,26923,卖盘
432,14:10:43,20.72,--,20,41440,卖盘
433,14:10:38,20.72,--,0,0,中性盘
434,14:10:33,20.72,0.01,10,20720,中性盘
435,14:10:28,20.71,--,92,190532,卖盘
436,14:10:18,20.71,-0.01,5,10355,卖盘
437,14:10:03,20.72,--,41,84952,买盘
438,14:09:53,20.72,--,10,20720,买盘
439,14:09:48,20.72,0.01,9,18648,买盘
440,14:09:38,20.71,--,0,0,卖盘
441,14:09:33,20.71,-0.01,24,49704,卖盘
442,14:09:28,20.72,-0.04,31,64232,卖盘
443,14:09:18,20.76,--,0,0,中性盘
444,14:09:13,20.76,0.01,10,20760,买盘
445,14:09:03,20.75,--,33,68475,卖盘
446,14:08:48,20.75,--,20,41500,卖盘
447,14:08:43,20.75,0.04,147,305025,买盘
448,14:08:37,20.71,-0.02,22,45562,卖盘
449,14:08:28,20.73,-0.01,87,180351,卖盘
450,14:08:18,20.74,-0.02,124,257175,卖盘
451,14:08:03,20.76,--,1,2076,买盘
452,14:07:58,20.76,0.02,22,45672,买盘
453,14:07:48,20.74,0.01,119,246805,卖盘
454,14:07:42,20.73,--,0,0,卖盘
455,14:07:33,20.73,--,217,449841,买盘
456,14:07:27,20.73,0.02,16,33168,买盘
457,14:07:12,20.71,--,58,120118,卖盘
458,14:07:07,20.71,--,99,205029,买盘
459,14:07:03,20.71,0.01,12,24852,买盘
460,14:06:42,20.7,-0.02,173,358110,卖盘
461,14:06:37,20.72,0.02,57,118104,买盘
462,14:06:33,20.7,--,60,124200,卖盘
463,14:06:27,20.7,0.02,4,8280,买盘
464,14:06:12,20.68,0.01,35,72380,中性盘
465,14:06:02,20.67,-0.01,94,194298,卖盘
466,14:05:57,20.68,--,0,0,中性盘
467,14:05:52,20.68,-0.01,28,57904,卖盘
468,14:05:42,20.69,--,25,51725,买盘
469,14:05:27,20.69,0.02,1,2069,买盘
470,14:05:17,20.67,-0.01,37,76479,卖盘
471,14:05:12,20.68,--,11,22748,卖盘
472,14:05:02,20.68,--,140,289520,卖盘
473,14:04:57,20.68,-0.01,16,33088,卖盘
474,14:04:52,20.69,0.01,17,35173,买盘
475,14:04:47,20.68,--,41,84788,卖盘
476,14:04:32,20.68,--,0,0,卖盘
477,14:04:27,20.68,--,5,10340,卖盘
478,14:04:22,20.68,-0.05,199,411532,卖盘
479,14:04:07,20.73,--,1,2073,买盘
480,14:04:02,20.73,--,81,167913,卖盘
481,14:03:57,20.73,--,41,84993,卖盘
482,14:03:52,20.73,-0.02,11,22803,卖盘
483,14:03:47,20.75,--,208,431600,买盘
484,14:03:42,20.75,-0.04,5,10375,卖盘
485,14:03:32,20.79,0.04,14,29106,买盘
486,14:03:27,20.75,--,45,93375,卖盘
487,14:03:22,20.75,-0.03,3,6225,卖盘
488,14:03:17,20.78,--,0,0,卖盘
489,14:03:12,20.78,0.04,9,18702,买盘
490,14:03:07,20.74,-0.03,43,89182,卖盘
491,14:03:02,20.77,0.01,1,2077,买盘
492,14:02:52,20.76,0.02,2,4152,卖盘
493,14:02:47,20.74,--,0,0,卖盘
494,14:02:42,20.74,--,0,0,卖盘
495,14:02:37,20.74,-0.02,4,8296,卖盘
496,14:02:27,20.76,--,14,29064,买盘
497,14:02:22,20.76,0.02,4,8304,买盘
498,14:02:12,20.74,--,2,4148,卖盘
499,14:02:07,20.74,--,29,60145,买盘
500,14:02:02,20.74,--,1,2074,买盘
501,14:01:57,20.74,--,17,35258,买盘
502,14:01:52,20.74,0.01,55,114069,买盘
503,14:01:37,20.73,--,1,2073,买盘
504,14:01:16,20.73,0.02,1,2073,买盘
505,14:01:01,20.71,--,11,22781,买盘
506,14:00:57,20.71,--,45,93195,买盘
507,14:00:51,20.71,--,10,20710,买盘
508,14:00:46,20.71,--,74,153254,卖盘
509,14:00:42,20.71,--,10,20710,卖盘
510,14:00:26,20.71,-0.02,1,2071,中性盘
511,14:00:11,20.73,0.02,110,228030,买盘
512,14:00:06,20.71,0.01,30,62130,买盘
513,13:59:57,20.7,--,10,20700,卖盘
514,13:59:51,20.7,--,29,60030,卖盘
515,13:59:46,20.7,--,8,16560,卖盘
516,13:59:42,20.7,--,16,33120,卖盘
517,13:59:36,20.7,--,13,26910,卖盘
518,13:59:27,20.7,--,8,16560,卖盘
519,13:59:11,20.7,--,6,12420,卖盘
520,13:59:01,20.7,--,37,76590,买盘
521,13:58:56,20.7,0.01,1,2070,买盘
522,13:58:51,20.69,-0.01,13,26897,卖盘
523,13:58:46,20.7,--,21,43470,买盘
524,13:58:42,20.7,0.01,4,8280,买盘
525,13:58:36,20.69,-0.02,19,39311,卖盘
526,13:58:31,20.71,0.02,5,10355,买盘
527,13:58:27,20.69,--,85,175865,卖盘
528,13:58:21,20.69,--,0,0,卖盘
529,13:58:16,20.69,-0.02,1,2069,卖盘
530,13:58:11,20.71,0.03,1,2071,买盘
531,13:58:06,20.68,--,216,446688,卖盘
532,13:57:56,20.68,--,20,41360,卖盘
533,13:57:51,20.68,0.01,79,163372,买盘
534,13:57:41,20.67,-0.01,56,115752,卖盘
535,13:57:36,20.68,0.01,32,66176,买盘
536,13:57:26,20.67,-0.01,67,138489,卖盘
537,13:57:21,20.68,--,92,190256,卖盘
538,13:57:06,20.68,--,2,4136,卖盘
539,13:56:56,20.68,--,3,6204,卖盘
540,13:56:51,20.68,0.01,151,312268,买盘
541,13:56:41,20.67,--,22,45474,卖盘
542,13:56:31,20.67,--,11,22737,卖盘
543,13:56:26,20.67,-0.01,5,10335,卖盘
544,13:56:21,20.68,--,23,47564,买盘
545,13:56:11,20.68,--,54,111672,卖盘
546,13:56:06,20.68,-0.02,1,2068,卖盘
547,13:56:01,20.7,--,1,2070,买盘
548,13:55:56,20.7,-0.01,87,180090,卖盘
549,13:55:51,20.71,--,16,33136,卖盘
550,13:55:46,20.71,-0.01,2,4142,卖盘
551,13:55:41,20.72,0.01,35,72520,买盘
552,13:55:36,20.71,-0.01,52,107692,卖盘
553,13:55:31,20.72,0.01,77,159544,买盘
554,13:55:25,20.71,--,3,6213,卖盘
555,13:55:21,20.71,--,24,49704,卖盘
556,13:55:16,20.71,-0.01,2,4142,卖盘
557,13:55:11,20.72,--,5,10360,买盘
558,13:55:05,20.72,0.01,11,22792,买盘
559,13:55:01,20.71,-0.01,12,24852,卖盘
560,13:54:56,20.72,--,30,62160,卖盘
561,13:54:46,20.72,0.01,9,18648,卖盘
562,13:54:40,20.71,0.01,14,28994,中性盘
563,13:54:36,20.7,-0.01,39,80730,卖盘
564,13:54:31,20.71,-0.02,35,72485,卖盘
565,13:54:25,20.73,--,4,8292,买盘
566,13:54:21,20.73,--,120,248760,卖盘
567,13:54:16,20.73,--,10,20730,卖盘
568,13:54:01,20.73,0.02,1,2073,卖盘
569,13:53:55,20.71,--,0,0,卖盘
570,13:53:50,20.71,-0.02,117,242307,卖盘
571,13:53:46,20.73,--,0,0,卖盘
572,13:53:40,20.73,-0.01,41,84993,卖盘
573,13:53:36,20.74,0.01,68,141032,买盘
574,13:53:30,20.73,-0.01,2,4146,卖盘
575,13:53:25,20.74,--,6,12443,买盘
576,13:53:15,20.74,--,39,80886,卖盘
577,13:53:05,20.74,-0.01,4,8296,卖盘
578,13:52:55,20.75,--,58,120350,卖盘
579,13:52:50,20.75,--,4,8300,卖盘
580,13:52:30,20.75,0.01,48,99600,买盘
581,13:52:20,20.74,--,14,29035,卖盘
582,13:52:10,20.74,0.01,44,91256,买盘
583,13:52:05,20.73,--,1,2073,卖盘
584,13:52:00,20.73,--,7,14511,卖盘
585,13:51:55,20.73,-0.01,7,14511,卖盘
586,13:51:50,20.74,0.01,13,26961,买盘
587,13:51:45,20.73,--,4,8292,卖盘
588,13:51:30,20.73,--,5,10365,卖盘
589,13:51:20,20.73,--,3,6219,卖盘
590,13:51:15,20.73,-0.02,10,20730,卖盘
591,13:51:10,20.75,--,59,122425,卖盘
592,13:51:05,20.75,-0.02,115,238625,卖盘
593,13:50:55,20.77,--,3,6231,买盘
594,13:50:50,20.77,--,21,43617,卖盘
595,13:50:45,20.77,--,8,16616,卖盘
596,13:50:40,20.77,-0.01,2,4154,卖盘
597,13:50:35,20.78,0.01,4,8312,中性盘
598,13:50:30,20.77,-0.03,37,76849,卖盘
599,13:50:20,20.8,--,32,66560,买盘
600,13:50:15,20.8,-0.01,134,280612,卖盘
601,13:50:10,20.81,--,2,4162,卖盘
602,13:50:05,20.81,--,50,104050,卖盘
603,13:50:00,20.81,--,109,226829,卖盘
604,13:49:50,20.81,--,8,16648,卖盘
605,13:49:45,20.81,--,12,24972,卖盘
606,13:49:35,20.81,--,0,0,卖盘
607,13:49:30,20.81,-0.02,56,116536,卖盘
608,13:49:25,20.83,0.02,6,12497,买盘
609,13:49:20,20.81,-0.01,123,255962,卖盘
610,13:49:10,20.82,--,5,10410,买盘
611,13:49:05,20.82,--,50,104100,买盘
612,13:48:55,20.82,--,5,10410,中性盘
613,13:48:50,20.82,0.01,1,2082,买盘
614,13:48:45,20.81,-0.01,55,114455,卖盘
615,13:48:35,20.82,0.01,34,70788,买盘
616,13:48:30,20.81,--,2,4162,卖盘
617,13:48:15,20.81,--,76,158156,卖盘
618,13:48:04,20.81,--,11,22891,卖盘
619,13:47:49,20.81,-0.01,108,224748,卖盘
620,13:47:45,20.82,0.01,3,6246,买盘
621,13:47:40,20.81,--,30,62429,卖盘
622,13:47:30,20.81,--,40,83427,买盘
623,13:47:25,20.81,--,71,149644,卖盘
624,13:47:19,20.81,--,8,16835,卖盘
625,13:46:59,20.81,-0.01,39,81159,卖盘
626,13:46:49,20.82,--,3,6246,卖盘
627,13:46:44,20.82,--,11,22902,卖盘
628,13:46:39,20.82,--,16,33312,卖盘
629,13:46:34,20.82,0.01,136,283152,买盘
630,13:46:29,20.81,--,7,14567,卖盘
631,13:46:19,20.81,--,3,6243,卖盘
632,13:46:14,20.81,--,6,12486,卖盘
633,13:46:09,20.81,-0.01,46,95726,卖盘
634,13:45:59,20.82,0.01,5,10410,买盘
635,13:45:54,20.81,-0.01,59,122778,卖盘
636,13:45:49,20.82,--,100,208200,买盘
637,13:45:34,20.82,--,35,72870,买盘
638,13:45:24,20.82,--,20,41640,买盘
639,13:45:14,20.82,--,60,124920,买盘
640,13:45:09,20.82,--,5,10410,买盘
641,13:45:04,20.82,--,1,2082,买盘
642,13:44:59,20.82,-0.01,10,20820,买盘
643,13:44:54,20.83,0.01,81,168723,买盘
644,13:44:44,20.82,--,0,0,卖盘
645,13:44:39,20.82,--,9,18738,买盘
646,13:44:34,20.82,--,4,8328,买盘
647,13:44:29,20.82,0.01,10,20820,买盘
648,13:44:24,20.81,-0.03,53,110293,卖盘
649,13:44:19,20.84,0.01,23,47932,买盘
650,13:44:14,20.83,--,5,10415,买盘
651,13:43:59,20.83,--,26,54157,买盘
652,13:43:54,20.83,--,2,4166,买盘
653,13:43:49,20.83,--,12,24995,买盘
654,13:43:34,20.83,--,53,110398,买盘
655,13:43:29,20.83,--,2,4166,买盘
656,13:43:24,20.83,--,21,43743,买盘
657,13:43:14,20.83,--,100,208299,买盘
658,13:43:09,20.83,0.01,2,4166,买盘
659,13:43:04,20.82,-0.01,37,77034,卖盘
660,13:42:59,20.83,--,20,41660,卖盘
661,13:42:44,20.83,-0.01,49,102066,卖盘
662,13:42:29,20.84,--,11,22924,买盘
663,13:42:14,20.84,--,16,33344,卖盘
664,13:41:59,20.84,-0.03,55,114620,卖盘
665,13:41:49,20.87,0.03,1,2087,买盘
666,13:41:44,20.84,--,10,20840,卖盘
667,13:41:14,20.84,-0.02,1,2084,卖盘
668,13:41:09,20.86,--,0,0,卖盘
669,13:40:54,20.86,--,10,20860,卖盘
670,13:40:44,20.86,0.02,65,135590,买盘
671,13:40:39,20.84,--,0,0,卖盘
672,13:40:19,20.84,--,1,2084,买盘
673,13:40:08,20.84,--,13,27092,买盘
674,13:40:04,20.84,0.01,3,6252,买盘
675,13:39:49,20.83,--,48,99983,卖盘
676,13:39:43,20.83,--,52,108315,买盘
677,13:39:38,20.83,0.01,1,2083,买盘
678,13:39:34,20.82,-0.01,7,14574,卖盘
679,13:39:28,20.83,--,45,93734,买盘
680,13:39:23,20.83,0.01,12,24995,买盘
681,13:39:18,20.82,-0.01,5,10410,中性盘
682,13:39:13,20.83,0.02,6,12497,买盘
683,13:39:08,20.81,-0.02,24,49944,卖盘
684,13:39:03,20.83,0.01,106,220797,买盘
685,13:38:58,20.82,--,1,2082,卖盘
686,13:38:53,20.82,-0.01,12,24984,卖盘
687,13:38:48,20.83,-0.01,2,4166,卖盘
688,13:38:43,20.84,0.02,19,39596,买盘
689,13:38:38,20.82,0.01,2,4164,中性盘
690,13:38:33,20.81,-0.02,168,349608,卖盘
691,13:38:23,20.83,--,3,6248,卖盘
692,13:38:18,20.83,0.02,19,39577,买盘
693,13:38:13,20.81,--,0,0,卖盘
694,13:38:08,20.81,--,15,31214,卖盘
695,13:38:03,20.81,-0.04,5,10405,卖盘
696,13:37:53,20.85,--,12,25020,买盘
697,13:37:48,20.85,-0.01,104,216840,卖盘
698,13:37:43,20.86,-0.03,94,196084,卖盘
699,13:37:38,20.89,0.03,12,25068,买盘
700,13:37:23,20.86,--,2,4172,买盘
701,13:37:18,20.86,-0.02,1,2086,中性盘
702,13:37:13,20.88,--,8,16704,卖盘
703,13:37:08,20.88,-0.02,10,20880,卖盘
704,13:37:03,20.9,-0.01,642,1342009,卖盘
705,13:36:53,20.91,--,260,543660,卖盘
706,13:36:48,20.91,-0.01,237,496612,卖盘
707,13:36:43,20.92,--,3,6276,卖盘
708,13:36:33,20.92,--,9,18828,卖盘
709,13:36:18,20.92,-0.01,1,2092,卖盘
710,13:36:13,20.93,-0.01,153,320229,卖盘
711,13:36:03,20.94,-0.04,11,23034,卖盘
712,13:35:48,20.98,--,0,0,买盘
713,13:35:38,20.98,0.05,44,92312,买盘
714,13:35:18,20.93,-0.06,30,62790,卖盘
715,13:34:58,20.99,--,0,0,买盘
716,13:34:53,20.99,0.05,1,2099,买盘
717,13:34:33,20.94,0.01,8,16752,买盘
718,13:34:28,20.93,--,10,20930,卖盘
719,13:34:23,20.93,-0.01,5,10465,卖盘
720,13:34:13,20.94,-0.05,1,2094,买盘
721,13:33:48,20.99,0.05,120,251879,买盘
722,13:33:43,20.94,--,4,8376,买盘
723,13:33:38,20.94,--,3,6282,买盘
724,13:33:33,20.94,--,26,54444,卖盘
725,13:33:23,20.94,-0.01,19,39786,卖盘
726,13:33:18,20.95,0.01,3,6285,买盘
727,13:33:03,20.94,--,0,0,卖盘
728,13:32:58,20.94,-0.05,18,37692,卖盘
729,13:32:53,20.99,0.04,14,29385,买盘
730,13:32:42,20.95,--,4,8380,卖盘
731,13:32:37,20.95,--,14,29330,买盘
732,13:32:27,20.95,--,1,2095,买盘
733,13:32:23,20.95,0.01,55,115225,买盘
734,13:32:18,20.94,-0.01,55,115170,卖盘
735,13:32:07,20.95,--,56,117320,卖盘
736,13:32:03,20.95,--,1,2095,卖盘
737,13:31:47,20.95,0.01,1,2095,卖盘
738,13:31:17,20.94,-0.06,41,85854,卖盘
739,13:30:57,21.0,0.06,1,2100,买盘
740,13:30:52,20.94,-0.06,5,10470,买盘
741,13:30:47,21.0,-0.02,4,8400,买盘
742,13:30:27,21.02,-0.01,12,25224,卖盘
743,13:30:22,21.03,0.01,20,42060,买盘
744,13:30:17,21.02,--,0,0,卖盘
745,13:30:12,21.02,-0.02,16,33632,卖盘
746,13:30:07,21.04,0.04,22,46288,买盘
747,13:30:02,21.0,--,0,0,卖盘
748,13:29:52,21.0,--,48,100800,卖盘
749,13:29:42,21.0,-0.02,12,25200,卖盘
750,13:29:37,21.02,--,14,29428,买盘
751,13:29:32,21.02,--,0,0,买盘
752,13:29:12,21.02,0.02,2,4204,买盘
753,13:29:07,21.0,0.06,75,157500,买盘
754,13:29:02,20.94,--,60,125640,买盘
755,13:28:57,20.94,0.02,55,115170,买盘
756,13:28:52,20.92,-0.02,49,102508,卖盘
757,13:28:47,20.94,0.02,4,8376,买盘
758,13:28:42,20.92,0.01,36,76358,买盘
759,13:28:37,20.91,-0.01,62,129642,卖盘
760,13:28:27,20.92,--,30,62760,买盘
761,13:28:17,20.92,--,11,23012,卖盘
762,13:28:12,20.92,-0.02,4,8368,卖盘
763,13:27:57,20.94,0.02,4,8376,中性盘
764,13:27:42,20.92,0.01,5,10460,中性盘
765,13:27:32,20.91,0.01,48,100368,卖盘
766,13:27:27,20.9,--,0,0,卖盘
767,13:27:12,20.9,--,0,0,卖盘
768,13:26:52,20.9,--,0,0,卖盘
769,13:26:42,20.9,-0.03,35,73150,卖盘
770,13:26:32,20.93,--,3,6279,卖盘
771,13:26:27,20.93,--,5,10465,卖盘
772,13:26:22,20.93,0.02,1,2093,卖盘
773,13:26:12,20.91,-0.01,305,637755,卖盘
774,13:26:07,20.92,-0.01,3,6276,卖盘
775,13:26:01,20.93,--,0,0,买盘
776,13:25:57,20.93,-0.01,32,69048,卖盘
777,13:25:47,20.94,--,33,69102,卖盘
778,13:25:26,20.94,--,58,121452,卖盘
779,13:25:12,20.94,--,4,8376,卖盘
780,13:24:57,20.94,--,10,20940,卖盘
781,13:24:46,20.94,-0.01,1,2094,卖盘
782,13:24:21,20.95,--,155,324725,卖盘
783,13:23:57,20.95,--,2,4190,卖盘
784,13:23:51,20.95,0.01,73,152935,买盘
785,13:23:41,20.94,--,2,4188,卖盘
786,13:23:21,20.94,--,3,6282,卖盘
787,13:23:16,20.94,--,1,2094,卖盘
788,13:23:11,20.94,-0.01,20,41880,卖盘
789,13:23:01,20.95,--,7,14665,买盘
790,13:22:51,20.95,-0.01,1,2095,卖盘
791,13:22:31,20.96,--,3,6288,买盘
792,13:22:16,20.96,--,10,20960,买盘
793,13:21:46,20.96,-0.09,10,20960,中性盘
794,13:21:36,21.05,--,0,0,买盘
795,13:21:31,21.05,--,0,0,买盘
796,13:21:16,21.05,0.12,109,229445,买盘
797,13:21:11,20.93,--,0,0,卖盘
798,13:21:06,20.93,-0.01,320,669760,卖盘
799,13:20:56,20.94,--,83,173822,买盘
800,13:20:41,20.94,--,24,50256,卖盘
801,13:20:36,20.94,--,5,10470,卖盘
802,13:20:26,20.94,--,17,35598,买盘
803,13:20:11,20.94,--,5,10470,买盘
804,13:20:06,20.94,0.01,31,64914,买盘
805,13:19:51,20.93,-0.06,3,6279,卖盘
806,13:19:46,20.99,--,0,0,买盘
807,13:19:41,20.99,0.01,50,104949,买盘
808,13:19:35,20.98,-0.02,30,62940,卖盘
809,13:19:25,21.0,--,0,0,买盘
810,13:19:10,21.0,--,0,0,买盘
811,13:19:05,21.0,0.07,9,18900,买盘
812,13:18:50,20.93,-0.03,10,20930,卖盘
813,13:18:40,20.96,0.03,83,173968,买盘
814,13:18:20,20.93,-0.03,28,58604,卖盘
815,13:18:05,20.96,--,5,10480,卖盘
816,13:17:55,20.96,-0.04,9,18864,卖盘
817,13:17:40,21.0,0.04,1,2100,买盘
818,13:16:55,20.96,--,10,20960,卖盘
819,13:16:25,20.96,0.03,6,12576,卖盘
820,13:16:15,20.93,--,0,0,卖盘
821,13:16:05,20.93,--,8,16744,卖盘
822,13:15:35,20.93,--,0,0,卖盘
823,13:15:20,20.93,--,11,23023,买盘
824,13:15:15,20.93,-0.03,11,23023,买盘
825,13:14:55,20.96,--,25,52400,卖盘
826,13:14:50,20.96,0.04,5,10480,买盘
827,13:14:45,20.92,--,55,115060,卖盘
828,13:14:20,20.92,--,60,125520,卖盘
829,13:13:50,20.92,-0.04,1,2092,卖盘
830,13:13:20,20.96,--,10,20960,买盘
831,13:13:15,20.96,-0.05,22,46112,卖盘
832,13:13:05,21.01,0.05,2,4202,中性盘
833,13:13:00,20.96,0.04,8,16768,卖盘
834,13:12:55,20.92,--,0,0,卖盘
835,13:12:40,20.92,-0.06,30,62760,卖盘
836,13:12:35,20.98,--,0,0,买盘
837,13:12:29,20.98,0.06,25,52450,卖盘
838,13:12:20,20.92,--,0,0,卖盘
839,13:12:14,20.92,--,46,96232,买盘
840,13:12:10,20.92,0.01,8,16736,买盘
841,13:11:59,20.91,-0.14,3,6273,卖盘
842,13:11:50,21.05,--,0,0,买盘
843,13:11:44,21.05,0.13,131,275755,买盘
844,13:11:40,20.92,--,2,4184,买盘
845,13:11:34,20.92,-0.01,3,6276,买盘
846,13:11:29,20.93,0.01,135,282555,买盘
847,13:11:19,20.92,--,171,357732,卖盘
848,13:11:04,20.92,--,1,2092,卖盘
849,13:10:54,20.92,--,3,6276,卖盘
850,13:10:49,20.92,0.01,6,12552,买盘
851,13:10:44,20.91,--,0,0,卖盘
852,13:10:34,20.91,--,1,2091,卖盘
853,13:10:29,20.91,--,5,10455,卖盘
854,13:10:19,20.91,--,1,2091,卖盘
855,13:10:04,20.91,-0.02,39,82343,卖盘
856,13:09:59,20.93,--,16,33488,买盘
857,13:09:49,20.93,0.01,10,20930,买盘
858,13:09:44,20.92,--,17,35564,卖盘
859,13:09:39,20.92,--,5,10460,卖盘
860,13:08:59,20.92,--,5,10460,卖盘
861,13:08:44,20.92,--,0,0,卖盘
862,13:08:39,20.92,--,22,46024,卖盘
863,13:08:34,20.92,--,1,2092,卖盘
864,13:08:29,20.92,--,0,0,卖盘
865,13:08:24,20.92,-0.02,6,12552,卖盘
866,13:08:19,20.94,0.02,54,113076,买盘
867,13:08:14,20.92,--,2,4184,卖盘
868,13:07:54,20.92,--,35,73220,卖盘
869,13:07:49,20.92,--,0,0,卖盘
870,13:07:44,20.92,--,18,37656,买盘
871,13:07:38,20.92,-0.02,5,10460,卖盘
872,13:07:09,20.94,--,14,29316,买盘
873,13:06:24,20.94,0.02,69,144486,买盘
874,13:06:14,20.92,--,10,20920,卖盘
875,13:06:09,20.92,--,28,58576,卖盘
876,13:05:59,20.92,--,3,6276,卖盘
877,13:05:43,20.92,-0.02,20,41840,卖盘
878,13:05:24,20.94,-0.01,41,85854,卖盘
879,13:04:53,20.95,--,71,150735,卖盘
880,13:04:44,20.95,--,8,16843,卖盘
881,13:04:28,20.95,-0.02,2,4190,卖盘
882,13:03:53,20.97,0.02,54,113238,买盘
883,13:03:33,20.95,--,10,20950,卖盘
884,13:03:28,20.95,--,7,14665,卖盘
885,13:03:13,20.95,--,2,4190,卖盘
886,13:02:58,20.95,--,10,20950,卖盘
887,13:02:53,20.95,--,11,23045,卖盘
888,13:02:13,20.95,--,0,20,卖盘
889,13:02:03,20.95,-0.03,49,102655,卖盘
890,13:01:53,20.98,0.01,12,25176,买盘
891,13:01:28,20.97,--,2,4194,卖盘
892,13:01:18,20.97,--,1,2097,卖盘
893,13:00:08,20.97,0.02,167,350199,买盘
894,13:00:03,20.95,--,7,14665,卖盘
895,11:30:00,20.95,--,0,0,卖盘
896,11:29:59,20.95,--,0,0,卖盘
897,11:29:50,20.95,--,0,0,卖盘
898,11:29:39,20.95,-0.02,42,87990,卖盘
899,11:29:20,20.97,-0.01,16,33552,卖盘
900,11:29:14,20.98,--,10,20980,买盘
901,11:29:09,20.98,0.01,3,6294,中性盘
902,11:29:04,20.97,--,0,0,卖盘
903,11:28:59,20.97,--,12,25164,卖盘
904,11:28:54,20.97,--,7,14679,卖盘
905,11:28:39,20.97,--,10,20970,卖盘
906,11:28:24,20.97,--,1,2097,卖盘
907,11:28:09,20.97,0.03,12,25164,卖盘
908,11:27:48,20.94,--,0,0,卖盘
909,11:27:39,20.94,--,0,0,卖盘
910,11:27:28,20.94,-0.06,3,6282,卖盘
911,11:27:14,21.0,0.03,20,42000,买盘
912,11:27:09,20.97,--,0,0,卖盘
913,11:26:54,20.97,0.01,166,348102,买盘
914,11:26:48,20.96,-0.01,56,117376,买盘
915,11:26:43,20.97,--,0,0,买盘
916,11:26:39,20.97,0.03,1,2097,买盘
917,11:26:33,20.94,--,4,8376,卖盘
918,11:26:13,20.94,--,20,41880,卖盘
919,11:26:03,20.94,--,1,2094,卖盘
920,11:25:48,20.94,-0.03,17,35598,中性盘
921,11:25:44,20.97,0.03,100,209700,买盘
922,11:25:29,20.94,--,40,83760,买盘
923,11:25:23,20.94,-0.01,15,31410,卖盘
924,11:25:18,20.95,0.01,3,6285,买盘
925,11:24:48,20.94,--,8,16752,卖盘
926,11:24:23,20.94,-0.01,4,8376,卖盘
927,11:24:18,20.95,0.01,2,4190,买盘
928,11:23:58,20.94,--,0,0,中性盘
929,11:23:53,20.94,--,3,6282,买盘
930,11:23:48,20.94,--,0,0,中性盘
931,11:23:38,20.94,-0.01,11,23034,卖盘
932,11:23:18,20.95,--,11,23045,卖盘
933,11:22:33,20.95,-0.04,2,4190,卖盘
934,11:22:18,20.99,0.04,2,4198,买盘
935,11:22:08,20.95,--,5,10475,卖盘
936,11:22:03,20.95,0.01,2,4190,买盘
937,11:21:58,20.94,--,45,94230,买盘
938,11:21:53,20.94,--,1,2094,买盘
939,11:21:48,20.94,--,4,8376,卖盘
940,11:21:42,20.94,--,4,8376,买盘
941,11:21:38,20.94,0.02,1,2094,买盘
942,11:20:53,20.92,--,0,0,卖盘
943,11:20:08,20.92,--,60,125520,卖盘
944,11:20:03,20.92,-0.02,2,4184,卖盘
945,11:19:42,20.94,0.02,7,14658,买盘
946,11:19:33,20.92,--,16,33472,卖盘
947,11:19:27,20.92,--,8,16736,卖盘
948,11:19:18,20.92,-0.02,59,123428,卖盘
949,11:19:12,20.94,--,0,0,中性盘
950,11:19:08,20.94,-0.01,50,104700,卖盘
951,11:18:52,20.95,--,3,6285,卖盘
952,11:18:48,20.95,-0.01,17,35615,卖盘
953,11:18:33,20.96,--,1,2096,买盘
954,11:18:18,20.96,--,10,22888,卖盘
955,11:18:07,20.96,-0.01,10,21127,卖盘
956,11:18:03,20.97,--,21,44037,买盘
957,11:17:42,20.97,-0.01,10,20970,卖盘
958,11:17:27,20.98,-0.01,21,44058,卖盘
959,11:17:17,20.99,-0.01,15,31484,买盘
960,11:16:47,21.0,-0.02,6,13587,卖盘
961,11:16:38,21.02,0.02,4,8408,买盘
962,11:16:32,21.0,-0.01,53,111300,卖盘
963,11:16:27,21.01,--,14,29414,卖盘
964,11:16:22,21.01,--,11,23111,卖盘
965,11:16:17,21.01,0.01,3,6303,买盘
966,11:16:12,21.0,-0.04,30,63000,卖盘
967,11:16:02,21.04,0.04,1,2104,买盘
968,11:15:57,21.0,-0.01,7,14700,卖盘
969,11:15:47,21.01,-0.05,16,33616,卖盘
970,11:15:42,21.06,0.02,16,33696,买盘
971,11:15:38,21.04,--,0,0,买盘
972,11:15:32,21.04,-0.03,3,6312,卖盘
973,11:15:27,21.07,--,0,0,买盘
974,11:15:22,21.07,--,0,0,买盘
975,11:15:17,21.07,0.02,18,37926,买盘
976,11:15:12,21.05,0.01,5,10525,卖盘
977,11:15:02,21.04,--,0,0,卖盘
978,11:14:57,21.04,--,59,124136,卖盘
979,11:14:53,21.04,-0.01,782,1645328,卖盘
980,11:14:47,21.05,0.01,19,39995,买盘
981,11:14:42,21.04,-0.01,12,25248,卖盘
982,11:14:36,21.05,--,9,18945,买盘
983,11:14:32,21.05,0.01,14,29470,买盘
984,11:14:27,21.04,--,23,48392,买盘
985,11:14:22,21.04,--,25,52600,买盘
986,11:14:08,21.04,--,0,0,买盘
987,11:13:57,21.04,--,19,39976,买盘
988,11:13:47,21.04,--,25,52600,买盘
989,11:13:42,21.04,0.03,30,63120,买盘
990,11:13:27,21.01,--,11,23111,卖盘
991,11:13:12,21.01,-0.03,9,18909,卖盘
992,11:12:51,21.04,--,3,6312,买盘
993,11:12:47,21.04,0.03,15,31560,买盘
994,11:12:21,21.01,0.01,4,8404,买盘
995,11:12:02,21.0,0.04,5,11613,买盘
996,11:11:57,20.96,--,76,159296,卖盘
997,11:11:42,20.96,-0.04,3,6288,卖盘
998,11:11:21,21.0,--,3,7287,卖盘
999,11:11:12,21.0,0.04,13,28413,买盘
1000,11:10:57,20.96,-0.02,14,29344,卖盘
1001,11:10:27,20.98,-0.02,3,6294,卖盘
1002,11:10:21,21.0,--,10,21000,买盘
1003,11:10:06,21.0,--,0,0,买盘
1004,11:09:51,21.0,0.05,19,39900,买盘
1005,11:09:46,20.95,-0.01,100,209500,卖盘
1006,11:09:41,20.96,0.01,42,88032,买盘
1007,11:09:26,20.95,--,20,41900,卖盘
1008,11:09:21,20.95,--,64,134080,买盘
1009,11:09:11,20.95,0.03,2,4190,买盘
1010,11:09:06,20.92,-0.03,10,20920,卖盘
1011,11:08:41,20.95,-0.01,22,46090,卖盘
1012,11:08:36,20.96,--,8,16768,买盘
1013,11:08:21,20.96,--,13,27248,卖盘
1014,11:08:01,20.96,-0.04,1,2096,卖盘
1015,11:07:51,21.0,--,18,37800,买盘
1016,11:07:46,21.0,--,0,0,买盘
1017,11:07:21,21.0,-0.01,0,987,卖盘
1018,11:07:17,21.01,0.01,10,21010,买盘
1019,11:07:11,21.0,--,29,60900,卖盘
1020,11:07:06,21.0,--,52,109200,卖盘
1021,11:06:36,21.0,0.01,59,125013,买盘
1022,11:06:26,20.99,0.03,17,35683,买盘
1023,11:06:06,20.96,-0.03,25,52400,卖盘
1024,11:06:00,20.99,--,0,0,买盘
1025,11:05:56,20.99,0.01,9,18891,买盘
1026,11:05:51,20.98,--,9,18882,卖盘
1027,11:05:45,20.98,--,0,0,卖盘
1028,11:05:41,20.98,-0.02,6,12588,卖盘
1029,11:05:36,21.0,--,6,12600,买盘
1030,11:05:30,21.0,-0.01,41,86100,卖盘
1031,11:05:26,21.01,-0.03,8,16808,卖盘
1032,11:05:21,21.04,0.03,13,27352,买盘
1033,11:05:11,21.01,-0.03,15,31515,卖盘
1034,11:05:06,21.04,--,56,117824,买盘
1035,11:04:56,21.04,--,3,6312,买盘
1036,11:04:41,21.04,-0.01,14,29456,卖盘
1037,11:04:36,21.05,--,9,18945,买盘
1038,11:04:26,21.05,0.01,20,42100,买盘
1039,11:04:21,21.04,--,1,2104,卖盘
1040,11:04:11,21.04,-0.01,5,10520,卖盘
1041,11:04:06,21.05,--,8,16840,卖盘
1042,11:04:00,21.05,--,4,8420,卖盘
1043,11:03:56,21.05,--,1,2105,卖盘
1044,11:03:51,21.05,--,73,153665,卖盘
1045,11:03:45,21.05,--,5,10525,卖盘
1046,11:03:41,21.05,-0.01,3,6315,卖盘
1047,11:03:36,21.06,-0.01,7,14742,买盘
1048,11:03:15,21.07,-0.02,19,40033,卖盘
1049,11:03:11,21.09,0.02,124,261516,买盘
1050,11:03:00,21.07,--,7,14749,买盘
1051,11:02:56,21.07,--,32,67424,卖盘
1052,11:02:51,21.07,-0.02,9,18963,卖盘
1053,11:02:45,21.09,--,6,12654,买盘
1054,11:02:40,21.09,-0.01,1,2109,买盘
1055,11:02:30,21.1,0.01,21,44310,买盘
1056,11:02:25,21.09,--,4,8436,买盘
1057,11:02:21,21.09,-0.01,1,2109,卖盘
1058,11:02:15,21.1,--,30,63300,买盘
1059,11:02:10,21.1,--,140,295400,买盘
1060,11:02:06,21.1,--,80,168800,买盘
1061,11:02:00,21.1,--,75,158250,买盘
1062,11:01:50,21.1,--,900,1899000,买盘
1063,11:01:45,21.1,--,5,10550,买盘
1064,11:01:40,21.1,--,0,0,买盘
1065,11:01:35,21.1,0.04,374,789140,买盘
1066,11:01:26,21.06,--,24,50544,买盘
1067,11:01:20,21.06,--,20,42120,买盘
1068,11:01:15,21.06,-0.03,5,10530,卖盘
1069,11:01:05,21.09,--,157,331113,买盘
1070,11:01:00,21.09,-0.01,6,12654,买盘
1071,11:00:50,21.1,--,0,0,买盘
1072,11:00:45,21.1,0.01,94,198340,买盘
1073,11:00:40,21.09,--,8,16872,买盘
1074,11:00:35,21.09,0.01,23,48507,买盘
1075,11:00:30,21.08,--,15,31619,买盘
1076,11:00:15,21.08,0.02,5,10540,买盘
1077,11:00:05,21.06,--,21,44226,卖盘
1078,10:59:55,21.06,-0.03,7,14742,卖盘
1079,10:59:50,21.09,0.01,107,225663,买盘
1080,10:59:45,21.08,--,4,8432,中性盘
1081,10:59:40,21.08,-0.01,7,14755,卖盘
1082,10:59:35,21.09,--,36,75924,买盘
1083,10:59:24,21.09,--,0,0,买盘
1084,10:59:20,21.09,0.03,9,18981,买盘
1085,10:59:15,21.06,-0.03,12,25272,中性盘
1086,10:59:09,21.09,0.05,271,571539,买盘
1087,10:59:05,21.04,-0.04,50,105200,卖盘
1088,10:58:54,21.08,0.02,7,14755,买盘
1089,10:58:50,21.06,-0.02,10,21060,卖盘
1090,10:58:45,21.08,0.01,1,2108,买盘
1091,10:58:39,21.07,-0.01,3,6321,中性盘
1092,10:58:35,21.08,0.02,144,303552,买盘
1093,10:58:30,21.06,--,41,86346,卖盘
1094,10:58:24,21.06,-0.02,11,23166,卖盘
1095,10:58:20,21.08,0.01,1,2108,买盘
1096,10:58:15,21.07,--,0,0,中性盘
1097,10:58:05,21.07,--,65,136955,买盘
1098,10:58:00,21.07,--,16,33712,买盘
1099,10:57:54,21.07,-0.01,19,40033,卖盘
1100,10:57:50,21.08,--,15,31619,买盘
1101,10:57:39,21.08,--,1,2108,买盘
1102,10:57:35,21.08,--,20,42160,买盘
1103,10:57:30,21.08,--,8,16864,买盘
1104,10:57:24,21.08,--,45,94859,买盘
1105,10:57:20,21.08,0.03,134,282472,买盘
1106,10:57:15,21.05,--,246,517830,卖盘
1107,10:57:09,21.05,-0.01,17,35785,卖盘
1108,10:57:05,21.06,0.01,78,164268,买盘
1109,10:57:00,21.05,0.05,263,553615,买盘
1110,10:56:50,21.0,-0.02,10,21000,卖盘
1111,10:56:45,21.02,0.02,558,1172916,买盘
1112,10:56:39,21.0,--,75,157500,买盘
1113,10:56:35,21.0,0.01,203,426300,买盘
1114,10:56:30,20.99,0.04,201,421898,买盘
1115,10:56:24,20.95,--,2,4190,卖盘
1116,10:56:20,20.95,--,24,50280,买盘
1117,10:56:15,20.95,0.03,262,548890,买盘
1118,10:56:05,20.92,0.01,10,20920,买盘
1119,10:56:00,20.91,--,17,35547,卖盘
1120,10:55:44,20.91,--,7,14637,卖盘
1121,10:55:35,20.91,-0.01,6,12546,卖盘
1122,10:55:30,20.92,0.01,6,12552,买盘
1123,10:55:15,20.91,-0.01,9,18819,卖盘
1124,10:55:09,20.92,--,50,104600,买盘
1125,10:55:05,20.92,--,20,41840,买盘
1126,10:54:54,20.92,-0.03,12,25104,卖盘
1127,10:54:44,20.95,--,1,2095,买盘
1128,10:54:39,20.95,--,11,23045,买盘
1129,10:54:34,20.95,0.04,7,14665,买盘
1130,10:54:30,20.91,--,11,23001,卖盘
1131,10:54:24,20.91,--,19,39729,卖盘
1132,10:54:09,20.91,--,41,85731,卖盘
1133,10:54:04,20.91,-0.04,72,150552,卖盘
1134,10:54:00,20.95,0.05,62,129890,买盘
1135,10:53:54,20.9,--,16,33440,卖盘
1136,10:53:49,20.9,--,11,22990,卖盘
1137,10:53:45,20.9,--,98,204820,卖盘
1138,10:53:30,20.9,-0.01,65,135850,卖盘
1139,10:53:19,20.91,--,15,31365,买盘
1140,10:53:14,20.91,--,3,6273,买盘
1141,10:53:09,20.91,-0.01,43,89913,卖盘
1142,10:52:54,20.92,0.01,4,8368,买盘
1143,10:52:44,20.91,-0.04,10,20910,卖盘
1144,10:52:33,20.95,0.03,9,18855,买盘
1145,10:52:29,20.92,0.01,12,25104,买盘
1146,10:52:24,20.91,-0.01,21,43911,卖盘
1147,10:52:18,20.92,0.01,20,41840,买盘
1148,10:52:14,20.91,-0.01,34,71094,卖盘
1149,10:51:59,20.92,0.01,19,39748,买盘
1150,10:51:54,20.91,-0.01,40,83640,卖盘
1151,10:51:44,20.92,--,8,16736,卖盘
1152,10:51:39,20.92,0.01,2,4184,卖盘
1153,10:51:33,20.91,--,0,0,卖盘
1154,10:51:29,20.91,--,1,2091,卖盘
1155,10:51:24,20.91,-0.04,4,8364,卖盘
1156,10:51:09,20.95,--,5,10475,买盘
1157,10:50:59,20.95,-0.01,18,37710,卖盘
1158,10:50:54,20.96,--,28,58688,卖盘
1159,10:50:48,20.96,-0.01,5,10480,买盘
1160,10:50:44,20.97,0.07,8,16776,买盘
1161,10:50:39,20.9,-0.05,20,41800,卖盘
1162,10:50:29,20.95,--,2,4190,买盘
1163,10:50:24,20.95,--,13,27235,卖盘
1164,10:50:18,20.95,--,6,12570,卖盘
1165,10:50:14,20.95,--,12,25140,卖盘
1166,10:50:09,20.95,--,0,0,卖盘
1167,10:50:03,20.95,--,5,10475,买盘
1168,10:49:59,20.95,0.04,3,6285,买盘
1169,10:49:54,20.91,0.01,18,38704,买盘
1170,10:49:48,20.9,--,4,8360,卖盘
1171,10:49:44,20.9,--,24,50160,卖盘
1172,10:49:39,20.9,0.01,22,45980,卖盘
1173,10:49:29,20.89,0.01,181,378109,买盘
1174,10:49:24,20.88,--,0,0,买盘
1175,10:49:14,20.88,--,0,0,买盘
1176,10:48:59,20.88,0.08,10,20880,买盘
1177,10:48:53,20.8,-0.08,47,97760,卖盘
1178,10:48:48,20.88,0.08,9,18792,买盘
1179,10:48:44,20.8,--,0,0,卖盘
1180,10:48:38,20.8,--,15,31200,卖盘
1181,10:48:33,20.8,--,0,0,卖盘
1182,10:48:29,20.8,--,22,45760,卖盘
1183,10:48:18,20.8,--,5,10400,卖盘
1184,10:48:14,20.8,--,369,768560,买盘
1185,10:48:08,20.8,--,146,303680,买盘
1186,10:47:58,20.8,-0.09,347,722800,卖盘
1187,10:47:54,20.89,0.07,9,18801,买盘
1188,10:47:48,20.82,--,316,657912,买盘
1189,10:47:43,20.82,--,1,2082,买盘
1190,10:47:38,20.82,0.01,28,58296,买盘
1191,10:47:29,20.81,--,85,176885,卖盘
1192,10:47:24,20.81,--,6,12486,卖盘
1193,10:47:13,20.81,--,13,27053,卖盘
1194,10:47:09,20.81,--,7,14567,卖盘
1195,10:47:03,20.81,--,1,3121,买盘
1196,10:46:58,20.81,--,60,124859,买盘
1197,10:46:53,20.81,--,10,20810,买盘
1198,10:46:48,20.81,--,10,20810,买盘
1199,10:46:43,20.81,--,1,2081,买盘
1200,10:46:38,20.81,--,19,39539,买盘
1201,10:46:33,20.81,0.01,55,114455,买盘
1202,10:46:23,20.8,--,1,2080,卖盘
1203,10:46:18,20.8,-0.01,2,4160,卖盘
1204,10:46:13,20.81,--,94,195614,买盘
1205,10:46:08,20.81,--,3,6243,买盘
1206,10:46:03,20.81,0.01,6,12486,买盘
1207,10:45:57,20.8,--,70,145600,卖盘
1208,10:45:48,20.8,--,78,162240,卖盘
1209,10:45:42,20.8,-0.01,1,2080,卖盘
1210,10:45:38,20.81,0.01,3,6243,买盘
1211,10:45:23,20.8,--,1,2080,卖盘
1212,10:45:08,20.8,--,27,56160,卖盘
1213,10:45:03,20.8,-0.01,7,14560,卖盘
1214,10:44:53,20.81,0.01,15,31214,买盘
1215,10:44:48,20.8,-0.01,13,27040,卖盘
1216,10:44:38,20.81,--,22,45782,卖盘
1217,10:44:33,20.81,--,10,20810,卖盘
1218,10:44:12,20.81,--,4,8324,买盘
1219,10:44:08,20.81,--,2,4162,买盘
1220,10:44:03,20.81,0.01,51,106131,中性盘
1221,10:43:57,20.8,-0.01,51,106080,卖盘
1222,10:43:48,20.81,--,3,6243,买盘
1223,10:43:38,20.81,0.01,19,39539,买盘
1224,10:43:33,20.8,--,2,4160,卖盘
1225,10:43:23,20.8,-0.01,20,41600,卖盘
1226,10:43:18,20.81,0.01,7,14567,买盘
1227,10:43:08,20.8,-0.01,56,116480,卖盘
1228,10:42:57,20.81,--,5,10405,卖盘
1229,10:42:53,20.81,--,1,2081,卖盘
1230,10:42:47,20.81,-0.01,152,316312,卖盘
1231,10:42:33,20.82,-0.03,1157,2408874,卖盘
1232,10:42:27,20.85,0.02,15,31275,买盘
1233,10:42:17,20.83,-0.01,43,89568,卖盘
1234,10:42:08,20.84,0.01,14,29176,买盘
1235,10:42:02,20.83,--,0,0,卖盘
1236,10:41:42,20.83,-0.02,1,2083,卖盘
1237,10:41:38,20.85,--,27,56295,卖盘
1238,10:41:32,20.85,--,2,4170,卖盘
1239,10:41:17,20.85,-0.01,1,2085,卖盘
1240,10:41:08,20.86,--,7,14602,买盘
1241,10:41:02,20.86,-0.01,11,22946,买盘
1242,10:40:57,20.87,--,8,16696,买盘
1243,10:40:47,20.87,--,5,10435,买盘
1244,10:40:17,20.87,--,20,41740,买盘
1245,10:39:42,20.87,--,25,52175,买盘
1246,10:39:23,20.87,--,0,0,中性盘
1247,10:39:17,20.87,--,3,6261,卖盘
1248,10:39:02,20.87,-0.02,25,52175,卖盘
1249,10:38:57,20.89,-0.02,5,10445,中性盘
1250,10:38:42,20.91,0.04,12,25092,买盘
1251,10:38:32,20.87,--,22,45914,买盘
1252,10:38:27,20.87,-0.04,9,18783,卖盘
1253,10:38:02,20.91,0.06,9,18819,买盘
1254,10:37:57,20.85,--,0,0,卖盘
1255,10:37:51,20.85,-0.05,65,135525,卖盘
1256,10:37:27,20.9,-0.01,387,808830,卖盘
1257,10:37:21,20.91,-0.01,10,20910,卖盘
1258,10:37:12,20.92,--,7,14644,买盘
1259,10:37:06,20.92,--,10,20920,买盘
1260,10:37:02,20.92,-0.01,3,6276,卖盘
1261,10:36:42,20.93,-0.02,10,20930,卖盘
1262,10:36:36,20.95,0.03,10,20950,买盘
1263,10:36:32,20.92,-0.02,2,4184,卖盘
1264,10:36:21,20.94,-0.01,15,31410,买盘
1265,10:36:02,20.95,--,0,0,买盘
1266,10:35:41,20.95,0.03,505,1057975,买盘
1267,10:35:32,20.92,0.02,37,77404,买盘
1268,10:35:26,20.9,-0.02,4,8360,卖盘
1269,10:35:21,20.92,0.02,3,6276,买盘
1270,10:35:11,20.9,--,38,79420,买盘
1271,10:34:56,20.9,--,19,39710,买盘
1272,10:34:47,20.9,--,19,39710,买盘
1273,10:34:41,20.9,0.02,5,10450,买盘
1274,10:34:36,20.88,--,8,16704,卖盘
1275,10:34:26,20.88,-0.02,2,4176,卖盘
1276,10:34:17,20.9,--,0,0,买盘
1277,10:34:11,20.9,0.03,4,8360,买盘
1278,10:33:56,20.87,--,0,0,买盘
1279,10:33:46,20.87,--,7,14609,买盘
1280,10:33:36,20.87,--,0,0,买盘
1281,10:33:31,20.87,0.04,2,4174,买盘
1282,10:33:26,20.83,-0.07,18,38535,卖盘
1283,10:33:21,20.9,-0.05,2,4180,卖盘
1284,10:33:16,20.95,--,195,408525,卖盘
1285,10:33:01,20.95,0.03,137,288062,买盘
1286,10:32:51,20.92,-0.07,1,2092,卖盘
1287,10:32:46,20.99,0.02,178,373622,买盘
1288,10:32:41,20.97,--,0,0,买盘
1289,10:32:36,20.97,--,0,0,买盘
1290,10:32:31,20.97,-0.02,7,14679,中性盘
1291,10:32:26,20.99,0.09,575,1206925,买盘
1292,10:32:21,20.9,-0.07,1,2090,卖盘
1293,10:32:16,20.97,-0.02,48,100656,买盘
1294,10:32:06,20.99,--,100,209899,买盘
1295,10:32:00,20.99,--,0,0,买盘
1296,10:31:56,20.99,0.09,375,787124,买盘
1297,10:31:51,20.9,0.01,7,14629,买盘
1298,10:31:36,20.89,0.02,29,60581,买盘
1299,10:31:21,20.87,-0.02,10,20870,卖盘
1300,10:31:15,20.89,--,1,2089,买盘
1301,10:31:11,20.89,--,5,10445,买盘
1302,10:31:06,20.89,--,3,6267,买盘
1303,10:31:00,20.89,--,5,10445,买盘
1304,10:30:56,20.89,--,8,16712,买盘
1305,10:30:51,20.89,0.07,2,4178,买盘
1306,10:30:41,20.82,--,0,0,卖盘
1307,10:30:30,20.82,0.02,1,2082,卖盘
1308,10:30:26,20.8,-0.07,253,526240,卖盘
1309,10:30:21,20.87,--,30,62610,买盘
1310,10:30:15,20.87,0.05,2,4174,买盘
1311,10:30:11,20.82,--,17,35394,卖盘
1312,10:29:56,20.82,--,1,2082,卖盘
1313,10:29:51,20.82,--,8,16656,买盘
1314,10:29:45,20.82,0.02,2,4164,中性盘
1315,10:29:41,20.8,-0.08,33,68640,卖盘
1316,10:29:20,20.88,--,15,31320,买盘
1317,10:29:06,20.88,--,0,0,买盘
1318,10:28:56,20.88,--,19,39672,卖盘
1319,10:28:50,20.88,0.08,16,33408,卖盘
1320,10:28:35,20.8,--,0,0,卖盘
1321,10:28:20,20.8,-0.02,24,49920,卖盘
1322,10:28:11,20.82,0.04,3,6246,中性盘
1323,10:28:05,20.78,-0.02,11,22858,卖盘
1324,10:27:55,20.8,--,5,10400,卖盘
1325,10:27:50,20.8,-0.1,4,8320,卖盘
1326,10:27:45,20.9,--,0,0,中性盘
1327,10:27:35,20.9,0.1,2,4180,买盘
1328,10:27:25,20.8,-0.1,54,112320,卖盘
1329,10:27:20,20.9,-0.01,4,8360,买盘
1330,10:27:05,20.91,--,0,0,买盘
1331,10:26:50,20.91,0.01,12,25092,买盘
1332,10:26:45,20.9,-0.02,1,2090,中性盘
1333,10:26:40,20.92,--,0,0,买盘
1334,10:26:30,20.92,-0.05,1,2092,中性盘
1335,10:26:25,20.97,0.1,1,2097,买盘
1336,10:26:20,20.87,-0.11,59,123133,买盘
1337,10:26:10,20.98,--,0,0,买盘
1338,10:26:05,20.98,0.11,51,106998,买盘
1339,10:26:00,20.87,--,4,8348,买盘
1340,10:25:55,20.87,--,15,31305,买盘
1341,10:25:40,20.87,--,17,35479,买盘
1342,10:25:35,20.87,0.05,193,402791,买盘
1343,10:25:30,20.82,-0.05,3,6246,卖盘
1344,10:25:20,20.87,0.05,13,27131,买盘
1345,10:25:05,20.82,0.01,4,8328,买盘
1346,10:25:00,20.81,--,7,14567,卖盘
1347,10:24:55,20.81,--,32,66592,卖盘
1348,10:24:50,20.81,--,0,0,卖盘
1349,10:24:45,20.81,--,5,10405,卖盘
1350,10:24:30,20.81,0.01,42,87402,买盘
1351,10:24:20,20.8,-0.02,23,47840,卖盘
1352,10:24:15,20.82,-0.05,15,31230,卖盘
1353,10:24:09,20.87,0.07,108,225396,买盘
1354,10:24:00,20.8,-0.05,10,20800,卖盘
1355,10:23:45,20.85,--,9,18765,卖盘
1356,10:23:35,20.85,0.02,35,72975,买盘
1357,10:23:30,20.83,--,17,35411,卖盘
1358,10:23:24,20.83,-0.02,3,6248,卖盘
1359,10:23:19,20.85,--,4,8340,买盘
1360,10:23:00,20.85,0.02,5,10425,中性盘
1361,10:22:54,20.83,--,2,4166,卖盘
1362,10:22:49,20.83,--,15,31244,卖盘
1363,10:22:45,20.83,0.03,1,2083,中性盘
1364,10:22:34,20.8,-0.03,30,62400,卖盘
1365,10:22:30,20.83,0.03,49,102066,买盘
1366,10:22:19,20.8,-0.03,3,6240,卖盘
1367,10:22:15,20.83,--,1,2083,买盘
1368,10:22:04,20.83,--,1,2083,买盘
1369,10:21:59,20.83,--,17,35411,买盘
1370,10:21:49,20.83,--,0,0,中性盘
1371,10:21:44,20.83,--,1,2083,买盘
1372,10:21:34,20.83,0.03,3,6248,买盘
1373,10:21:24,20.8,--,1,2080,卖盘
1374,10:21:19,20.8,--,3,6240,买盘
1375,10:21:14,20.8,--,8,16640,买盘
1376,10:20:54,20.8,0.07,3,6240,买盘
1377,10:20:49,20.73,--,260,538980,买盘
1378,10:20:44,20.73,--,0,0,买盘
1379,10:20:39,20.73,--,20,41460,买盘
1380,10:20:34,20.73,--,153,317169,买盘
1381,10:20:24,20.73,0.02,1,2073,买盘
1382,10:20:19,20.71,--,11,22781,买盘
1383,10:20:14,20.71,--,2,4142,买盘
1384,10:20:09,20.71,--,11,22781,买盘
1385,10:20:04,20.71,--,27,55917,买盘
1386,10:19:59,20.71,--,2,4142,买盘
1387,10:19:44,20.71,0.01,50,103550,买盘
1388,10:19:39,20.7,--,2,4140,卖盘
1389,10:19:34,20.7,-0.01,37,76590,卖盘
1390,10:19:29,20.71,0.01,83,171893,买盘
1391,10:19:24,20.7,-0.01,6,12420,卖盘
1392,10:19:19,20.71,--,25,51775,买盘
1393,10:19:14,20.71,0.01,65,134615,买盘
1394,10:19:04,20.7,--,35,72450,卖盘
1395,10:18:59,20.7,-0.01,11,22770,卖盘
1396,10:18:54,20.71,--,5,10355,买盘
1397,10:18:49,20.71,--,10,20710,买盘
1398,10:18:44,20.71,-0.01,28,57988,卖盘
1399,10:18:39,20.72,-0.01,5,10360,买盘
1400,10:18:34,20.73,--,68,140964,买盘
1401,10:18:29,20.73,-0.02,123,254979,卖盘
1402,10:18:24,20.75,0.02,7,14525,卖盘
1403,10:18:19,20.73,-0.02,10,20730,卖盘
1404,10:18:14,20.75,-0.01,8,16600,卖盘
1405,10:18:09,20.76,0.03,10,20760,买盘
1406,10:18:04,20.73,--,16,33168,卖盘
1407,10:17:59,20.73,-0.02,2,4146,卖盘
1408,10:17:54,20.75,0.02,5,10375,卖盘
1409,10:17:44,20.73,-0.03,28,58044,卖盘
1410,10:17:29,20.76,-0.04,21,43596,卖盘
1411,10:17:14,20.8,-0.05,55,114400,卖盘
1412,10:17:09,20.85,--,1,2085,买盘
1413,10:17:04,20.85,--,12,25020,买盘
1414,10:16:54,20.85,--,10,20850,买盘
1415,10:16:49,20.85,-0.03,272,567120,卖盘
1416,10:16:29,20.88,--,4,8352,卖盘
1417,10:16:24,20.88,--,3,6264,卖盘
1418,10:16:18,20.88,--,10,20880,卖盘
1419,10:16:14,20.88,--,12,25056,卖盘
1420,10:16:09,20.88,--,5,10440,卖盘
1421,10:16:03,20.88,-0.02,2,4176,卖盘
1422,10:15:59,20.9,0.02,2,4180,买盘
1423,10:15:54,20.88,--,1,2088,卖盘
1424,10:15:48,20.88,-0.02,2,4176,卖盘
1425,10:15:44,20.9,--,0,0,买盘
1426,10:15:39,20.9,--,166,346940,买盘
1427,10:15:29,20.9,0.02,14,29259,买盘
1428,10:15:24,20.88,-0.02,5,10440,卖盘
1429,10:15:09,20.9,--,1,2090,买盘
1430,10:14:53,20.9,-0.02,165,345895,卖盘
1431,10:14:38,20.92,--,2,4184,卖盘
1432,10:14:28,20.92,0.01,81,169452,中性盘
1433,10:14:08,20.91,-0.01,6,12546,卖盘
1434,10:13:58,20.92,--,7,14644,卖盘
1435,10:13:48,20.92,--,0,0,卖盘
1436,10:13:43,20.92,-0.05,17,35564,卖盘
1437,10:13:28,20.97,--,55,115335,买盘
1438,10:13:18,20.97,--,0,0,买盘
1439,10:13:13,20.97,0.06,56,117432,买盘
1440,10:13:03,20.91,--,1,2091,卖盘
1441,10:12:53,20.91,--,1,3136,买盘
1442,10:12:43,20.91,-0.01,10,21955,卖盘
1443,10:12:33,20.92,-0.05,11,23012,卖盘
1444,10:12:28,20.97,-0.02,76,159372,卖盘
1445,10:12:18,20.99,--,1,2099,卖盘
1446,10:12:13,20.99,--,19,39881,买盘
1447,10:12:08,20.99,--,11,23089,买盘
1448,10:11:53,20.99,-0.03,5,10495,买盘
1449,10:11:43,21.02,--,0,0,买盘
1450,10:11:38,21.02,--,0,0,买盘
1451,10:11:28,21.02,0.1,4,8408,中性盘
1452,10:11:18,20.92,--,0,0,卖盘
1453,10:11:08,20.92,-0.05,47,98324,卖盘
1454,10:11:03,20.97,--,10,20970,买盘
1455,10:10:58,20.97,--,2,4194,卖盘
1456,10:10:53,20.97,-0.07,4,8388,卖盘
1457,10:10:48,21.04,--,1,2104,买盘
1458,10:10:43,21.04,-0.03,5,10520,买盘
1459,10:10:38,21.07,-0.03,129,271803,中性盘
1460,10:10:33,21.1,0.02,200,422000,买盘
1461,10:10:28,21.08,0.04,10,21080,买盘
1462,10:10:18,21.04,--,0,0,卖盘
1463,10:10:13,21.04,-0.05,5,10520,卖盘
1464,10:10:08,21.09,0.05,106,223554,买盘
1465,10:10:03,21.04,0.04,10,21040,买盘
1466,10:09:58,21.0,0.03,12,25200,卖盘
1467,10:09:43,20.97,0.05,1,2097,卖盘
1468,10:09:38,20.92,0.01,7,15690,卖盘
1469,10:09:28,20.91,--,0,0,卖盘
1470,10:09:23,20.91,0.01,1,2091,卖盘
1471,10:09:13,20.9,--,10,20900,卖盘
1472,10:09:03,20.9,--,3,6270,卖盘
1473,10:08:57,20.9,-0.18,2,4180,卖盘
1474,10:08:53,21.08,0.17,362,763095,买盘
1475,10:08:27,20.91,-0.02,9,18819,买盘
1476,10:08:23,20.93,--,0,0,买盘
1477,10:08:18,20.93,0.03,23,48139,买盘
1478,10:08:08,20.9,-0.03,31,64789,卖盘
1479,10:08:02,20.93,0.03,40,83720,买盘
1480,10:07:53,20.9,-0.03,6,12540,卖盘
1481,10:07:47,20.93,--,10,20930,买盘
1482,10:07:37,20.93,--,0,0,买盘
1483,10:07:32,20.93,-0.03,22,46046,买盘
1484,10:07:22,20.96,--,0,0,买盘
1485,10:07:17,20.96,-0.01,4,8384,卖盘
1486,10:07:12,20.97,--,30,62910,买盘
1487,10:07:07,20.97,--,13,27261,买盘
1488,10:07:02,20.97,-0.02,116,243252,卖盘
1489,10:06:52,20.99,0.01,27,56672,中性盘
1490,10:06:47,20.98,-0.06,19,39862,买盘
1491,10:06:42,21.04,--,0,0,买盘
1492,10:06:27,21.04,0.04,4,8416,买盘
1493,10:06:22,21.0,-0.04,20,43050,卖盘
1494,10:06:17,21.04,0.04,2,4208,中性盘
1495,10:06:12,21.0,-0.06,18,37800,卖盘
1496,10:06:07,21.06,0.02,22,46332,买盘
1497,10:06:02,21.04,-0.02,1,2104,卖盘
1498,10:05:57,21.06,-0.01,13,27378,买盘
1499,10:05:52,21.07,--,35,73745,卖盘
1500,10:05:42,21.07,--,27,56889,买盘
1501,10:05:37,21.07,-0.01,8,16856,买盘
1502,10:05:32,21.08,--,13,27403,买盘
1503,10:05:27,21.08,0.04,17,35836,买盘
1504,10:05:22,21.04,-0.04,36,75744,卖盘
1505,10:05:17,21.08,0.01,35,73780,买盘
1506,10:05:12,21.07,--,7,14749,卖盘
1507,10:05:07,21.07,0.01,145,305515,买盘
1508,10:05:02,21.06,--,75,157950,卖盘
1509,10:04:52,21.06,--,123,259037,卖盘
1510,10:04:47,21.06,0.06,13,27378,买盘
1511,10:04:42,21.0,-0.04,5,10500,卖盘
1512,10:04:32,21.04,--,5,10520,买盘
1513,10:04:27,21.04,0.04,1,2104,买盘
1514,10:04:12,21.0,0.03,80,169050,买盘
1515,10:04:07,20.97,0.02,74,155178,买盘
1516,10:04:02,20.95,-0.01,141,295395,卖盘
1517,10:03:57,20.96,0.01,1,2096,买盘
1518,10:03:52,20.95,-0.01,74,155030,卖盘
1519,10:03:47,20.96,0.01,22,46112,买盘
1520,10:03:32,20.95,0.08,1,2095,买盘
1521,10:03:22,20.87,-0.08,16,33392,卖盘
1522,10:03:17,20.95,0.09,52,108940,买盘
1523,10:03:12,20.86,--,0,0,卖盘
1524,10:02:52,20.86,-0.09,4,8344,卖盘
1525,10:02:47,20.95,0.1,1,2095,买盘
1526,10:02:37,20.85,--,1,2085,中性盘
1527,10:02:32,20.85,-0.1,44,91740,卖盘
1528,10:02:22,20.95,--,0,0,买盘
1529,10:02:07,20.95,0.11,8,16760,买盘
1530,10:02:02,20.84,0.01,11,22924,中性盘
1531,10:01:57,20.83,0.01,20,41660,卖盘
1532,10:01:47,20.82,-0.14,23,47886,卖盘
1533,10:01:41,20.96,-0.02,5,10480,中性盘
1534,10:01:36,20.98,--,0,0,买盘
1535,10:01:32,20.98,-0.12,42,88116,买盘
1536,10:01:26,21.1,--,0,0,买盘
1537,10:01:20,21.1,0.11,100,211000,买盘
1538,10:01:11,20.99,0.19,5,10495,中性盘
1539,10:01:06,20.8,-0.25,18,37440,卖盘
1540,10:01:02,21.05,0.05,188,395740,买盘
1541,10:00:56,21.0,0.21,352,739200,买盘
1542,10:00:51,20.79,0.03,204,424116,买盘
1543,10:00:46,20.76,--,16,33216,卖盘
1544,10:00:41,20.76,--,75,155700,买盘
1545,10:00:36,20.76,--,10,20760,买盘
1546,10:00:31,20.76,--,20,41520,买盘
1547,10:00:26,20.76,--,18,37368,买盘
1548,10:00:21,20.76,--,44,91344,买盘
1549,10:00:16,20.76,0.01,31,64356,买盘
1550,10:00:11,20.75,--,27,56025,买盘
1551,10:00:06,20.75,--,1,2075,买盘
1552,10:00:01,20.75,0.01,5,10375,买盘
1553,09:59:46,20.74,0.03,5,10370,买盘
1554,09:59:41,20.71,0.01,1,2071,卖盘
1555,09:59:31,20.7,0.05,134,277380,买盘
1556,09:59:26,20.65,--,43,88795,买盘
1557,09:59:21,20.65,--,5,10325,买盘
1558,09:59:16,20.65,0.02,12,24780,买盘
1559,09:59:11,20.63,-0.02,10,20630,卖盘
1560,09:59:06,20.65,--,7,14454,买盘
1561,09:59:01,20.65,0.02,342,706230,买盘
1562,09:58:56,20.63,-0.01,1,2063,卖盘
1563,09:58:51,20.64,--,10,20640,买盘
1564,09:58:46,20.64,-0.01,9,18576,卖盘
1565,09:58:41,20.65,0.01,146,301490,买盘
1566,09:58:31,20.64,--,12,24768,卖盘
1567,09:58:26,20.64,-0.01,9,18576,卖盘
1568,09:58:16,20.65,-0.03,175,362407,卖盘
1569,09:57:56,20.68,-0.01,10,20680,卖盘
1570,09:57:51,20.69,-0.01,3,6207,卖盘
1571,09:57:46,20.7,--,5,10350,买盘
1572,09:57:41,20.7,--,4,8280,买盘
1573,09:57:36,20.7,-0.02,125,258750,卖盘
1574,09:57:21,20.72,--,3,6216,买盘
1575,09:57:16,20.72,-0.02,15,31080,卖盘
1576,09:57:11,20.74,--,3,6221,买盘
1577,09:57:01,20.74,0.04,25,51849,买盘
1578,09:56:56,20.7,--,2,4140,卖盘
1579,09:56:46,20.7,--,0,0,卖盘
1580,09:56:31,20.7,--,170,351900,买盘
1581,09:56:10,20.7,--,2,4140,买盘
1582,09:56:01,20.7,0.05,7,14490,买盘
1583,09:55:55,20.65,0.05,11,23747,买盘
1584,09:55:51,20.6,--,5,10300,卖盘
1585,09:55:40,20.6,--,12,24720,卖盘
1586,09:55:36,20.6,--,18,37080,买盘
1587,09:55:31,20.6,--,7,14420,买盘
1588,09:55:25,20.6,--,8,16480,买盘
1589,09:55:20,20.6,--,1,2060,买盘
1590,09:55:16,20.6,--,32,65920,卖盘
1591,09:55:10,20.6,--,33,67980,卖盘
1592,09:55:05,20.6,--,12,24720,买盘
1593,09:55:01,20.6,--,9,18540,买盘
1594,09:54:55,20.6,--,30,61800,买盘
1595,09:54:50,20.6,--,10,20600,买盘
1596,09:54:45,20.6,--,2,4120,买盘
1597,09:54:40,20.6,-0.03,170,350200,卖盘
1598,09:54:35,20.63,--,2,4126,卖盘
1599,09:54:30,20.63,--,1,2063,卖盘
1600,09:54:25,20.63,0.02,57,117591,买盘
1601,09:54:20,20.61,-0.02,10,20610,卖盘
1602,09:54:10,20.63,0.03,25,51575,买盘
1603,09:54:05,20.6,--,20,41200,卖盘
1604,09:54:00,20.6,-0.01,23,47380,卖盘
1605,09:53:45,20.61,-0.02,9,18549,买盘
1606,09:53:40,20.63,0.03,8,16504,卖盘
1607,09:53:35,20.6,-0.04,16,32960,卖盘
1608,09:53:30,20.64,--,0,0,买盘
1609,09:53:25,20.64,0.04,19,39216,买盘
1610,09:53:20,20.6,-0.05,74,152440,卖盘
1611,09:53:15,20.65,--,5,10325,买盘
1612,09:53:10,20.65,0.05,7,14454,买盘
1613,09:53:05,20.6,-0.05,891,1835460,卖盘
1614,09:53:00,20.65,--,98,202370,卖盘
1615,09:52:55,20.65,-0.04,51,105315,卖盘
1616,09:52:50,20.69,--,0,0,买盘
1617,09:52:40,20.69,--,0,0,中性盘
1618,09:52:35,20.69,-0.01,3,6207,中性盘
1619,09:52:30,20.7,0.01,20,41400,买盘
1620,09:52:25,20.69,--,20,41380,卖盘
1621,09:52:20,20.69,0.04,1,2069,卖盘
1622,09:52:10,20.65,-0.04,10,20650,卖盘
1623,09:52:05,20.69,0.03,42,86898,中性盘
1624,09:52:00,20.66,-0.04,10,20660,卖盘
1625,09:51:55,20.7,--,24,49680,买盘
1626,09:51:50,20.7,--,0,0,买盘
1627,09:51:40,20.7,0.01,10,20700,买盘
1628,09:51:30,20.69,-0.06,53,109657,买盘
1629,09:51:25,20.75,-0.04,3,6225,中性盘
1630,09:51:20,20.79,--,11,22869,买盘
1631,09:51:15,20.79,0.09,39,81081,买盘
1632,09:51:10,20.7,--,0,0,卖盘
1633,09:51:05,20.7,--,1,2070,卖盘
1634,09:50:55,20.7,--,15,31050,卖盘
1635,09:50:50,20.7,0.05,232,480240,买盘
1636,09:50:45,20.65,0.02,27,55754,买盘
1637,09:50:40,20.63,-0.01,107,220741,卖盘
1638,09:50:34,20.64,--,27,55728,买盘
1639,09:50:30,20.64,0.01,16,33024,买盘
1640,09:50:25,20.63,--,39,80457,卖盘
1641,09:50:19,20.63,-0.01,130,268190,买盘
1642,09:50:15,20.64,0.02,14,28896,买盘
1643,09:50:10,20.62,-0.02,12,24744,卖盘
1644,09:50:04,20.64,0.02,2,4128,买盘
1645,09:49:55,20.62,0.01,22,45364,买盘
1646,09:49:49,20.61,-0.01,60,123660,卖盘
1647,09:49:45,20.62,--,69,142278,买盘
1648,09:49:40,20.62,0.01,28,57736,买盘
1649,09:49:34,20.61,-0.01,70,144270,中性盘
1650,09:49:30,20.62,0.02,9,18558,买盘
1651,09:49:25,20.6,-0.04,14,28840,卖盘
1652,09:49:19,20.64,0.02,161,332304,买盘
1653,09:49:15,20.62,--,437,901094,买盘
1654,09:49:04,20.62,0.04,51,105162,买盘
1655,09:49:00,20.58,-0.04,184,378671,卖盘
1656,09:48:55,20.62,--,11,22682,买盘
1657,09:48:49,20.62,0.02,19,39178,买盘
1658,09:48:45,20.6,-0.02,138,284280,卖盘
1659,09:48:40,20.62,--,165,340230,卖盘
1660,09:48:34,20.62,0.01,97,200014,买盘
1661,09:48:30,20.61,-0.01,118,243198,卖盘
1662,09:48:24,20.62,--,5,10310,买盘
1663,09:48:19,20.62,0.01,119,245378,中性盘
1664,09:48:14,20.61,-0.02,33,68013,卖盘
1665,09:48:09,20.63,-0.03,40,82520,卖盘
1666,09:48:04,20.66,--,74,152884,买盘
1667,09:47:59,20.66,--,31,64046,买盘
1668,09:47:54,20.66,--,17,35122,买盘
1669,09:47:49,20.66,-0.01,142,293372,卖盘
1670,09:47:44,20.67,--,11,22737,买盘
1671,09:47:39,20.67,0.02,117,241839,中性盘
1672,09:47:34,20.65,--,17,35105,卖盘
1673,09:47:29,20.65,-0.03,34,70210,卖盘
1674,09:47:24,20.68,0.04,7,14476,中性盘
1675,09:47:19,20.64,--,44,90816,卖盘
1676,09:47:14,20.64,0.02,149,307536,买盘
1677,09:47:09,20.62,-0.02,10,20620,卖盘
1678,09:47:04,20.64,0.04,113,233232,买盘
1679,09:46:59,20.6,--,107,220420,买盘
1680,09:46:54,20.6,0.02,12,24720,买盘
1681,09:46:49,20.58,-0.02,49,100841,卖盘
1682,09:46:44,20.6,-0.05,37,76220,中性盘
1683,09:46:39,20.65,0.05,47,97055,买盘
1684,09:46:34,20.6,--,22,45320,卖盘
1685,09:46:29,20.6,-0.06,138,284280,卖盘
1686,09:46:24,20.66,-0.03,272,561952,卖盘
1687,09:46:19,20.69,-0.01,3,6207,卖盘
1688,09:46:14,20.7,-0.03,82,169740,卖盘
1689,09:46:09,20.73,-0.02,64,132672,卖盘
1690,09:46:04,20.75,-0.01,135,280125,卖盘
1691,09:45:59,20.76,--,48,99648,卖盘
1692,09:45:54,20.76,-0.04,2,4152,卖盘
1693,09:45:49,20.8,--,18,37440,买盘
1694,09:45:44,20.8,-0.03,170,353600,卖盘
1695,09:45:39,20.83,-0.02,16,33328,卖盘
1696,09:45:34,20.85,-0.01,12,25020,中性盘
1697,09:45:29,20.86,0.01,17,35462,买盘
1698,09:45:24,20.85,-0.01,100,208500,卖盘
1699,09:45:19,20.86,-0.03,63,131418,卖盘
1700,09:45:14,20.89,-0.01,4,8356,卖盘
1701,09:45:04,20.9,--,7,14629,卖盘
1702,09:44:59,20.9,0.01,41,85690,中性盘
1703,09:44:54,20.89,--,0,0,买盘
1704,09:44:49,20.89,0.02,14,29246,中性盘
1705,09:44:44,20.87,--,58,121046,卖盘
1706,09:44:39,20.87,--,26,54262,卖盘
1707,09:44:34,20.87,-0.02,30,62610,卖盘
1708,09:44:29,20.89,0.02,178,371842,买盘
1709,09:44:19,20.87,-0.02,1,2087,卖盘
1710,09:44:14,20.89,--,8,16712,买盘
1711,09:44:09,20.89,0.02,20,41780,买盘
1712,09:43:59,20.87,-0.02,13,27131,买盘
1713,09:43:49,20.89,--,0,0,买盘
1714,09:43:43,20.89,--,9,18801,买盘
1715,09:43:34,20.89,0.07,155,323795,买盘
1716,09:43:28,20.82,--,0,0,卖盘
1717,09:43:24,20.82,-0.03,117,243594,卖盘
1718,09:43:19,20.85,0.01,5,10425,买盘
1719,09:43:13,20.84,-0.01,37,77108,卖盘
1720,09:43:09,20.85,--,10,20850,买盘
1721,09:42:58,20.85,--,5,10425,买盘
1722,09:42:54,20.85,--,11,22935,卖盘
1723,09:42:49,20.85,-0.01,32,66720,卖盘
1724,09:42:43,20.86,--,8,16688,买盘
1725,09:42:39,20.86,--,68,141848,买盘
1726,09:42:33,20.86,--,7,14602,买盘
1727,09:42:24,20.86,0.01,10,20860,卖盘
1728,09:42:18,20.85,-0.01,11,22935,卖盘
1729,09:42:08,20.86,--,4,8344,卖盘
1730,09:42:04,20.86,-0.01,51,106386,卖盘
1731,09:41:58,20.87,--,2,4174,买盘
1732,09:41:53,20.87,0.01,3,6261,买盘
1733,09:41:48,20.86,-0.01,20,41720,卖盘
1734,09:41:43,20.87,--,21,43827,卖盘
1735,09:41:28,20.87,-0.01,22,45914,卖盘
1736,09:41:23,20.88,--,15,31320,卖盘
1737,09:41:13,20.88,--,18,37584,卖盘
1738,09:41:08,20.88,--,14,29232,卖盘
1739,09:41:03,20.88,-0.02,21,43848,卖盘
1740,09:40:58,20.9,--,13,27169,买盘
1741,09:40:48,20.9,--,5,10450,买盘
1742,09:40:43,20.9,-0.01,10,20900,买盘
1743,09:40:38,20.91,--,4,8364,卖盘
1744,09:40:33,20.91,0.01,16,33456,买盘
1745,09:40:28,20.9,--,36,75240,卖盘
1746,09:40:13,20.9,--,0,0,卖盘
1747,09:40:08,20.9,--,25,52250,卖盘
1748,09:39:58,20.9,--,12,25080,买盘
1749,09:39:53,20.9,-0.02,60,125399,卖盘
1750,09:39:48,20.92,0.02,29,60668,买盘
1751,09:39:38,20.9,0.02,49,102410,卖盘
1752,09:39:33,20.88,-0.02,87,181656,卖盘
1753,09:39:28,20.9,--,5,10450,卖盘
1754,09:39:23,20.9,--,16,33440,卖盘
1755,09:39:18,20.9,-0.02,21,43890,中性盘
1756,09:39:13,20.92,0.05,6,12552,买盘
1757,09:39:08,20.87,-0.01,54,112698,卖盘
1758,09:39:03,20.88,-0.04,21,43848,卖盘
1759,09:38:58,20.92,0.03,38,79496,买盘
1760,09:38:53,20.89,-0.03,31,64759,卖盘
1761,09:38:48,20.92,0.03,45,94140,买盘
1762,09:38:43,20.89,0.02,28,58492,卖盘
1763,09:38:38,20.87,--,0,0,卖盘
1764,09:38:33,20.87,-0.02,35,73045,卖盘
1765,09:38:28,20.89,0.04,24,50136,买盘
1766,09:38:23,20.85,-0.01,76,158460,卖盘
1767,09:38:13,20.86,0.01,25,52150,中性盘
1768,09:38:08,20.85,--,35,72975,卖盘
1769,09:37:58,20.85,-0.01,35,72975,卖盘
1770,09:37:48,20.86,0.01,10,20860,卖盘
1771,09:37:43,20.85,--,0,0,卖盘
1772,09:37:37,20.85,-0.01,36,75060,卖盘
1773,09:37:33,20.86,0.01,26,54236,买盘
1774,09:37:28,20.85,--,5,10425,买盘
1775,09:37:22,20.85,--,1,2085,买盘
1776,09:37:18,20.85,-0.02,53,110505,卖盘
1777,09:37:13,20.87,-0.05,11,22957,中性盘
1778,09:37:07,20.92,--,4,8368,买盘
1779,09:37:03,20.92,0.07,2,4184,买盘
1780,09:36:57,20.85,-0.05,59,123015,卖盘
1781,09:36:52,20.9,--,9,18810,卖盘
1782,09:36:48,20.9,0.05,62,129579,买盘
1783,09:36:43,20.85,--,124,258540,买盘
1784,09:36:37,20.85,-0.05,54,112590,卖盘
1785,09:36:33,20.9,0.02,8,16720,买盘
1786,09:36:27,20.88,-0.02,68,141984,卖盘
1787,09:36:22,20.9,0.02,10,20900,买盘
1788,09:36:18,20.88,0.02,7,14616,卖盘
1789,09:36:12,20.86,-0.02,39,81354,卖盘
1790,09:36:07,20.88,0.05,119,248472,买盘
1791,09:36:02,20.83,0.03,7,14580,中性盘
1792,09:35:57,20.8,-0.04,168,349440,卖盘
1793,09:35:52,20.84,--,223,464732,买盘
1794,09:35:47,20.84,-0.01,30,62520,买盘
1795,09:35:43,20.85,--,112,233520,买盘
1796,09:35:37,20.85,0.01,9,18765,中性盘
1797,09:35:32,20.84,-0.01,10,20840,卖盘
1798,09:35:27,20.85,-0.03,9,18765,卖盘
1799,09:35:22,20.88,0.04,25,52200,中性盘
1800,09:35:17,20.84,-0.04,13,27092,卖盘
1801,09:35:12,20.88,-0.02,20,41760,卖盘
1802,09:35:07,20.9,--,3,6270,买盘
1803,09:35:02,20.9,-0.01,61,127489,卖盘
1804,09:34:57,20.91,--,12,25092,买盘
1805,09:34:52,20.91,-0.01,48,100368,卖盘
1806,09:34:47,20.92,--,24,50208,卖盘
1807,09:34:42,20.92,0.01,22,46024,买盘
1808,09:34:37,20.91,-0.01,8,16728,卖盘
1809,09:34:32,20.92,0.01,5,10460,买盘
1810,09:34:27,20.91,-0.01,1,2091,卖盘
1811,09:34:22,20.92,--,2,4184,卖盘
1812,09:34:17,20.92,--,6,12552,买盘
1813,09:34:12,20.92,--,3,6276,买盘
1814,09:34:07,20.92,-0.01,60,125520,卖盘
1815,09:34:02,20.93,-0.01,3,6279,卖盘
1816,09:33:57,20.94,0.02,33,69102,买盘
1817,09:33:52,20.92,--,0,0,卖盘
1818,09:33:47,20.92,-0.07,13,27196,卖盘
1819,09:33:42,20.99,0.08,20,41980,买盘
1820,09:33:37,20.91,-0.04,134,280194,卖盘
1821,09:33:32,20.95,0.03,14,29330,买盘
1822,09:33:27,20.92,-0.01,110,230120,卖盘
1823,09:33:22,20.93,--,0,0,卖盘
1824,09:33:17,20.93,-0.12,47,98371,卖盘
1825,09:33:07,21.05,--,0,0,买盘
1826,09:33:02,21.05,0.11,130,273650,买盘
1827,09:32:52,20.94,--,0,0,卖盘
1828,09:32:42,20.94,-0.11,13,27222,卖盘
1829,09:32:37,21.05,0.05,13,27365,买盘
1830,09:32:32,21.0,0.05,12,25200,卖盘
1831,09:32:22,20.95,--,0,0,卖盘
1832,09:32:17,20.95,-0.13,44,92180,卖盘
1833,09:32:12,21.08,--,0,0,买盘
1834,09:32:07,21.08,0.13,34,71672,买盘
1835,09:32:02,20.95,-0.13,5,10475,卖盘
1836,09:31:57,21.08,0.15,50,105399,买盘
1837,09:31:51,20.93,--,86,179998,卖盘
1838,09:31:47,20.93,-0.15,1,2093,卖盘
1839,09:31:36,21.08,0.15,50,105399,买盘
1840,09:31:32,20.93,--,18,37674,卖盘
1841,09:31:27,20.93,0.01,3,6279,中性盘
1842,09:31:21,20.92,--,5,10460,卖盘
1843,09:31:17,20.92,0.01,39,81588,卖盘
1844,09:31:06,20.91,-0.01,62,129642,卖盘
1845,09:31:01,20.92,--,75,156900,买盘
1846,09:30:56,20.92,--,7,14644,买盘
1847,09:30:51,20.92,--,2,4184,买盘
1848,09:30:46,20.92,-0.01,84,175728,卖盘
1849,09:30:41,20.93,--,4,8372,买盘
1850,09:30:36,20.93,-0.17,39,81627,中性盘
1851,09:30:31,21.1,--,139,293290,买盘
1852,09:30:27,21.1,--,0,0,买盘
1853,09:30:21,21.1,0.1,21,44310,买盘
1854,09:30:06,21.0,-0.07,255,535500,卖盘
1855,09:30:01,21.07,-0.09,25,52675,卖盘
1856,09:28:47,21.16,--,0,0,买盘
1857,09:25:05,21.16,21.16,148,313168,买盘
