,time,price,change,volume,amount,type
0,15:00:00,17.81,--,0,0,卖盘
1,14:59:59,17.81,--,0,0,卖盘
2,14:59:59,17.81,-0.01,75,133575,卖盘
3,14:59:55,17.82,0.01,140,249480,买盘
4,14:59:50,17.81,--,22,39182,卖盘
5,14:59:46,17.81,-0.01,190,338390,卖盘
6,14:59:40,17.82,0.01,238,424116,买盘
7,14:59:35,17.81,-0.01,125,222624,卖盘
8,14:59:31,17.82,0.01,1150,2049300,买盘
9,14:59:25,17.81,--,26,46306,卖盘
10,14:59:20,17.81,-0.01,34,60553,卖盘
11,14:59:15,17.82,--,24,42768,买盘
12,14:59:10,17.82,0.01,231,411642,买盘
13,14:59:05,17.81,--,335,597507,卖盘
14,14:59:00,17.81,-0.01,3,5343,卖盘
15,14:58:55,17.82,--,68,121176,买盘
16,14:58:50,17.82,0.01,10,17820,买盘
17,14:58:45,17.81,--,59,105078,卖盘
18,14:58:40,17.81,--,96,170976,卖盘
19,14:58:35,17.81,--,56,99736,卖盘
20,14:58:30,17.81,-0.01,38,67678,卖盘
21,14:58:25,17.82,--,33,58806,买盘
22,14:58:20,17.82,--,117,208494,买盘
23,14:58:15,17.82,--,6,10692,买盘
24,14:58:10,17.82,0.01,84,149688,买盘
25,14:58:05,17.81,-0.01,80,142480,卖盘
26,14:58:00,17.82,0.01,21,37422,买盘
27,14:57:55,17.81,--,38,67678,卖盘
28,14:57:50,17.81,--,3,5343,卖盘
29,14:57:45,17.81,-0.01,7,12467,卖盘
30,14:57:40,17.82,0.01,14,24948,买盘
31,14:57:35,17.81,--,49,87269,卖盘
32,14:57:30,17.81,-0.01,2,3561,卖盘
33,14:57:25,17.82,--,14,24948,买盘
34,14:57:20,17.82,0.01,14,24948,买盘
35,14:57:15,17.81,--,73,130012,卖盘
36,14:57:10,17.81,-0.01,11,19591,卖盘
37,14:57:05,17.82,0.01,24,42768,买盘
38,14:57:00,17.81,--,15,26714,卖盘
39,14:56:55,17.81,--,72,128231,卖盘
40,14:56:50,17.81,--,8,14247,卖盘
41,14:56:45,17.81,--,8,14247,卖盘
42,14:56:40,17.81,-0.01,61,108640,卖盘
43,14:56:35,17.82,0.01,148,263736,买盘
44,14:56:30,17.81,--,6,10686,卖盘
45,14:56:25,17.81,--,3,5343,卖盘
46,14:56:15,17.81,--,27,48087,卖盘
47,14:56:10,17.81,-0.01,387,689247,卖盘
48,14:56:05,17.82,0.01,29,51678,买盘
49,14:56:00,17.81,--,85,151385,卖盘
50,14:55:55,17.81,-0.01,129,230781,卖盘
51,14:55:50,17.82,--,82,146124,卖盘
52,14:55:44,17.82,--,2,3564,卖盘
53,14:55:40,17.82,--,27,48114,卖盘
54,14:55:34,17.82,--,220,393287,卖盘
55,14:55:29,17.82,--,2,3564,卖盘
56,14:55:25,17.82,--,126,225316,卖盘
57,14:55:19,17.82,--,31,55242,卖盘
58,14:55:14,17.82,--,63,112266,卖盘
59,14:55:10,17.82,--,50,89100,卖盘
60,14:55:04,17.82,--,43,76626,卖盘
61,14:54:59,17.82,--,116,208066,卖盘
62,14:54:55,17.82,-0.01,73,130086,卖盘
63,14:54:49,17.83,0.01,112,199695,买盘
64,14:54:44,17.82,-0.01,27,48114,卖盘
65,14:54:40,17.83,0.01,73,130158,买盘
66,14:54:34,17.82,--,20,35640,卖盘
67,14:54:29,17.82,--,60,106920,卖盘
68,14:54:25,17.82,--,276,491832,卖盘
69,14:54:19,17.82,--,14,24948,卖盘
70,14:54:14,17.82,--,22,40130,卖盘
71,14:54:10,17.82,--,83,147906,卖盘
72,14:54:04,17.82,--,13,23166,卖盘
73,14:53:59,17.82,-0.01,120,213840,卖盘
74,14:53:55,17.83,0.01,50,89149,买盘
75,14:53:49,17.82,-0.01,151,269082,卖盘
76,14:53:44,17.83,0.01,13,23178,买盘
77,14:53:34,17.82,--,69,122958,卖盘
78,14:53:29,17.82,-0.01,3,5346,卖盘
79,14:53:25,17.83,0.01,119,212176,买盘
80,14:53:19,17.82,--,34,60588,卖盘
81,14:53:14,17.82,-0.01,3,5346,卖盘
82,14:53:10,17.83,0.01,559,996696,买盘
83,14:53:04,17.82,--,496,883872,卖盘
84,14:52:59,17.82,--,101,179982,卖盘
85,14:52:55,17.82,--,7,12474,卖盘
86,14:52:49,17.82,--,6,10692,卖盘
87,14:52:44,17.82,--,40,71280,卖盘
88,14:52:40,17.82,--,85,151470,卖盘
89,14:52:34,17.82,0.01,405,721710,买盘
90,14:52:29,17.81,--,8,15530,卖盘
91,14:52:25,17.81,--,41,74534,卖盘
92,14:52:19,17.81,--,33,58772,卖盘
93,14:52:14,17.81,--,155,276055,卖盘
94,14:52:10,17.81,-0.01,125,222624,卖盘
95,14:52:04,17.82,0.01,210,375200,买盘
96,14:51:59,17.81,--,5,8905,卖盘
97,14:51:54,17.81,--,109,195286,卖盘
98,14:51:49,17.81,--,2014,3588340,卖盘
99,14:51:44,17.81,-0.01,45,80145,卖盘
100,14:51:39,17.82,0.01,28,49896,买盘
101,14:51:34,17.81,--,77,137137,卖盘
102,14:51:29,17.81,--,41,73021,卖盘
103,14:51:24,17.81,--,70,124669,卖盘
104,14:51:19,17.81,--,467,831726,卖盘
105,14:51:14,17.81,--,199,354419,卖盘
106,14:51:09,17.81,--,46,81926,卖盘
107,14:51:04,17.81,--,87,154947,卖盘
108,14:50:59,17.81,--,49,87269,卖盘
109,14:50:54,17.81,--,40,71240,卖盘
110,14:50:44,17.81,-0.01,168,299208,卖盘
111,14:50:39,17.82,0.01,10,17820,买盘
112,14:50:34,17.81,--,310,552110,卖盘
113,14:50:29,17.81,-0.01,10,17810,卖盘
114,14:50:24,17.82,0.01,21,37422,买盘
115,14:50:19,17.81,--,36,64115,卖盘
116,14:50:14,17.81,--,250,445249,卖盘
117,14:50:09,17.81,--,30,53429,卖盘
118,14:50:04,17.81,--,283,504022,卖盘
119,14:49:59,17.81,--,23,40963,卖盘
120,14:49:54,17.81,-0.01,3,5343,卖盘
121,14:49:49,17.82,--,10,17820,买盘
122,14:49:43,17.82,0.01,141,251262,买盘
123,14:49:34,17.81,--,98,174538,卖盘
124,14:49:29,17.81,-0.01,53,94393,卖盘
125,14:49:24,17.82,0.01,20,37119,买盘
126,14:49:19,17.81,--,43,77206,卖盘
127,14:49:14,17.81,--,5,8905,卖盘
128,14:49:09,17.81,--,4,7123,卖盘
129,14:49:04,17.81,--,140,249339,卖盘
130,14:48:58,17.81,--,3,5343,卖盘
131,14:48:53,17.81,--,99,176319,卖盘
132,14:48:49,17.81,-0.01,53,94393,卖盘
133,14:48:43,17.82,0.01,10,17820,买盘
134,14:48:34,17.81,--,70,124669,卖盘
135,14:48:23,17.81,--,80,142480,卖盘
136,14:48:19,17.81,--,69,122888,卖盘
137,14:48:13,17.81,--,16,28495,卖盘
138,14:48:08,17.81,--,267,475526,卖盘
139,14:48:04,17.81,--,104,185224,卖盘
140,14:47:58,17.81,--,533,949272,卖盘
141,14:47:53,17.81,--,8,14247,卖盘
142,14:47:49,17.81,--,11,19591,卖盘
143,14:47:43,17.81,--,70,124669,卖盘
144,14:47:34,17.81,--,35,63243,卖盘
145,14:47:28,17.81,--,11,19591,卖盘
146,14:47:23,17.81,--,131,233310,卖盘
147,14:47:19,17.81,--,36,64115,卖盘
148,14:47:13,17.81,--,302,537862,买盘
149,14:47:08,17.81,0.01,4,7123,买盘
150,14:47:04,17.8,--,47,83660,卖盘
151,14:46:58,17.8,--,172,306160,卖盘
152,14:46:48,17.8,--,4,7120,卖盘
153,14:46:38,17.8,-0.01,10,17800,卖盘
154,14:46:33,17.81,0.01,178,317018,买盘
155,14:46:28,17.8,-0.01,4,7120,卖盘
156,14:46:23,17.81,0.01,10,17810,买盘
157,14:46:19,17.8,--,46,81880,卖盘
158,14:46:13,17.8,-0.01,4,7120,卖盘
159,14:46:04,17.81,0.01,85,151385,买盘
160,14:45:58,17.8,-0.01,262,466360,卖盘
161,14:45:53,17.81,--,198,352638,卖盘
162,14:45:48,17.81,--,23,40963,卖盘
163,14:45:43,17.81,--,26,46697,卖盘
164,14:45:38,17.81,0.01,1017,1812007,买盘
165,14:45:33,17.8,--,44,78320,卖盘
166,14:45:28,17.8,--,17,30260,卖盘
167,14:45:18,17.8,--,83,147740,卖盘
168,14:45:13,17.8,--,51,90780,卖盘
169,14:45:08,17.8,--,5,8900,卖盘
170,14:45:03,17.8,--,50,89000,卖盘
171,14:44:58,17.8,--,21,37380,卖盘
172,14:44:53,17.8,--,15,26700,卖盘
173,14:44:49,17.8,--,12,21360,卖盘
174,14:44:43,17.8,--,26,46280,卖盘
175,14:44:38,17.8,--,38,67640,卖盘
176,14:44:33,17.8,--,230,409400,卖盘
177,14:44:28,17.8,--,148,263440,卖盘
178,14:44:23,17.8,--,289,514954,卖盘
179,14:44:18,17.8,--,1477,2630644,卖盘
180,14:44:13,17.8,--,19,33820,卖盘
181,14:44:03,17.8,--,144,256320,卖盘
182,14:43:58,17.8,-0.01,125,222500,卖盘
183,14:43:53,17.81,0.01,15,26714,买盘
184,14:43:48,17.8,--,15,26700,卖盘
185,14:43:43,17.8,--,5,8900,卖盘
186,14:43:38,17.8,--,155,277502,卖盘
187,14:43:33,17.8,--,21,37380,卖盘
188,14:43:28,17.8,--,95,169100,卖盘
189,14:43:23,17.8,--,100,178000,卖盘
190,14:43:18,17.8,--,13,23140,卖盘
191,14:43:13,17.8,--,25,44500,卖盘
192,14:43:08,17.8,--,19,33820,卖盘
193,14:43:03,17.8,-0.01,3,5340,卖盘
194,14:42:58,17.81,--,385,685685,买盘
195,14:42:53,17.81,--,1321,2352807,卖盘
196,14:42:48,17.81,-0.01,25,44525,卖盘
197,14:42:43,17.82,0.01,958,1707156,买盘
198,14:42:38,17.81,--,71,126450,卖盘
199,14:42:33,17.81,--,40,71240,卖盘
200,14:42:28,17.81,--,8,14247,卖盘
201,14:42:23,17.81,--,10,17810,卖盘
202,14:42:18,17.81,--,50,89050,卖盘
203,14:42:13,17.81,--,18,32057,卖盘
204,14:42:07,17.81,--,796,1417676,卖盘
205,14:42:03,17.81,--,34,60553,卖盘
206,14:41:58,17.81,--,2010,3579809,卖盘
207,14:41:52,17.81,--,5,8905,卖盘
208,14:41:47,17.81,--,57,101516,卖盘
209,14:41:43,17.81,-0.01,7,12467,卖盘
210,14:41:37,17.82,0.01,98,174636,买盘
211,14:41:32,17.81,--,40,71240,卖盘
212,14:41:28,17.81,--,5,8905,卖盘
213,14:41:22,17.81,--,3,5343,卖盘
214,14:41:17,17.81,--,71,126450,卖盘
215,14:41:12,17.81,--,20,35922,卖盘
216,14:41:07,17.81,-0.01,20,35620,卖盘
217,14:41:02,17.82,0.01,47,83754,买盘
218,14:40:57,17.81,--,40,71240,卖盘
219,14:40:52,17.81,-0.01,8,14247,卖盘
220,14:40:47,17.82,--,26,46332,买盘
221,14:40:42,17.82,0.01,24,42768,买盘
222,14:40:37,17.81,--,25,44525,卖盘
223,14:40:32,17.81,--,105,187005,卖盘
224,14:40:27,17.81,--,80,142480,卖盘
225,14:40:22,17.81,--,28,49868,卖盘
226,14:40:17,17.81,-0.01,53,94393,卖盘
227,14:40:12,17.82,0.01,6,10692,买盘
228,14:40:07,17.81,--,45,80145,卖盘
229,14:40:02,17.81,--,116,206595,卖盘
230,14:39:57,17.81,--,53,94393,卖盘
231,14:39:52,17.81,--,102,181662,卖盘
232,14:39:47,17.81,--,85,151385,卖盘
233,14:39:42,17.81,-0.01,79,140699,卖盘
234,14:39:37,17.82,0.01,38,67716,买盘
235,14:39:27,17.81,-0.01,11,19591,卖盘
236,14:39:22,17.82,--,8,14256,买盘
237,14:39:17,17.82,0.01,129,229878,买盘
238,14:39:12,17.81,-0.01,43,76583,卖盘
239,14:39:07,17.82,0.01,93,165726,买盘
240,14:39:02,17.81,--,41,73021,卖盘
241,14:38:57,17.81,--,48,85488,卖盘
242,14:38:52,17.81,--,39,69459,卖盘
243,14:38:42,17.81,-0.01,20,35620,卖盘
244,14:38:37,17.82,0.01,27,48114,买盘
245,14:38:32,17.81,--,139,247558,卖盘
246,14:38:27,17.81,--,3,5343,卖盘
247,14:38:22,17.81,--,73,130012,卖盘
248,14:38:17,17.81,--,1,1780,卖盘
249,14:38:12,17.81,--,302,537862,卖盘
250,14:38:07,17.81,--,114,203033,卖盘
251,14:37:57,17.81,-0.01,77,137137,卖盘
252,14:37:52,17.82,0.01,82,146124,买盘
253,14:37:42,17.81,--,112,199472,卖盘
254,14:37:37,17.81,--,94,167414,卖盘
255,14:37:32,17.81,-0.01,4,7123,卖盘
256,14:37:27,17.82,0.01,54,96228,买盘
257,14:37:22,17.81,--,5,8905,卖盘
258,14:37:17,17.81,--,3,5343,卖盘
259,14:37:12,17.81,--,338,603010,卖盘
260,14:37:07,17.81,--,337,600197,卖盘
261,14:37:02,17.81,--,43,76583,卖盘
262,14:36:57,17.81,--,627,1116687,卖盘
263,14:36:52,17.81,-0.01,10,17810,卖盘
264,14:36:47,17.82,--,183,326106,买盘
265,14:36:42,17.82,--,24,42768,买盘
266,14:36:37,17.82,--,519,926105,卖盘
267,14:36:32,17.82,--,56,99792,卖盘
268,14:36:27,17.82,--,686,1222452,卖盘
269,14:36:22,17.82,--,5,8910,卖盘
270,14:36:17,17.82,--,252,449064,卖盘
271,14:36:12,17.82,--,3,5346,卖盘
272,14:36:07,17.82,--,30,53460,卖盘
273,14:36:01,17.82,--,279,497178,卖盘
274,14:35:57,17.82,--,2,3564,卖盘
275,14:35:52,17.82,--,5,8910,卖盘
276,14:35:46,17.82,-0.01,93,165726,卖盘
277,14:35:42,17.83,0.01,84,149772,买盘
278,14:35:37,17.82,--,5,8910,卖盘
279,14:35:31,17.82,--,188,335016,卖盘
280,14:35:27,17.82,--,53,94446,卖盘
281,14:35:22,17.82,--,421,750222,卖盘
282,14:35:16,17.82,--,942,1678644,卖盘
283,14:35:12,17.82,--,18,32076,卖盘
284,14:35:07,17.82,--,8,14256,卖盘
285,14:35:01,17.82,--,29,51678,卖盘
286,14:34:57,17.82,--,7,12474,卖盘
287,14:34:52,17.82,--,22,39204,卖盘
288,14:34:46,17.82,--,37,65934,卖盘
289,14:34:42,17.82,--,5,8910,卖盘
290,14:34:37,17.82,--,176,313632,卖盘
291,14:34:31,17.82,--,358,637956,卖盘
292,14:34:22,17.82,--,15,26730,卖盘
293,14:34:16,17.82,--,34,60588,卖盘
294,14:34:11,17.82,--,242,431244,卖盘
295,14:34:07,17.82,--,8,14256,卖盘
296,14:34:01,17.82,--,119,212058,卖盘
297,14:33:56,17.82,--,67,119394,卖盘
298,14:33:52,17.82,-0.01,79,140778,卖盘
299,14:33:46,17.83,0.01,15,26744,买盘
300,14:33:36,17.82,--,5,8910,卖盘
301,14:33:31,17.82,--,43,76626,卖盘
302,14:33:26,17.82,--,67,119394,卖盘
303,14:33:21,17.82,--,105,187145,卖盘
304,14:33:16,17.82,--,23,40986,卖盘
305,14:33:06,17.82,--,5,8910,卖盘
306,14:33:01,17.82,--,65,115830,卖盘
307,14:32:56,17.82,--,60,106920,卖盘
308,14:32:51,17.82,--,5,8910,卖盘
309,14:32:46,17.82,--,99,176418,卖盘
310,14:32:41,17.82,--,16,28512,卖盘
311,14:32:36,17.82,--,10,17820,卖盘
312,14:32:31,17.82,--,40,71280,卖盘
313,14:32:26,17.82,--,120,213840,卖盘
314,14:32:21,17.82,--,127,226314,卖盘
315,14:32:16,17.82,--,24,42768,卖盘
316,14:32:06,17.82,--,6,10692,卖盘
317,14:32:01,17.82,--,46,81972,卖盘
318,14:31:56,17.82,--,47,83754,卖盘
319,14:31:51,17.82,--,11,19602,卖盘
320,14:31:46,17.82,--,5,8910,卖盘
321,14:31:41,17.82,--,123,219186,卖盘
322,14:31:36,17.82,--,17,31202,卖盘
323,14:31:31,17.82,--,45,80190,卖盘
324,14:31:21,17.82,--,3,5346,卖盘
325,14:31:16,17.82,--,5,8910,卖盘
326,14:31:11,17.82,--,2,3564,卖盘
327,14:31:06,17.82,--,50,89100,卖盘
328,14:31:01,17.82,--,63,112266,卖盘
329,14:30:51,17.82,--,10,17820,卖盘
330,14:30:46,17.82,-0.01,10,17820,卖盘
331,14:30:41,17.83,--,36,64187,买盘
332,14:30:36,17.83,0.01,49,87366,买盘
333,14:30:31,17.82,-0.01,139,247698,卖盘
334,14:30:16,17.83,0.01,19,33877,买盘
335,14:30:11,17.82,--,3,5346,卖盘
336,14:30:06,17.82,--,30,53460,卖盘
337,14:30:01,17.82,--,49,87318,卖盘
338,14:29:51,17.82,-0.01,7,12474,卖盘
339,14:29:46,17.83,0.01,15,26744,买盘
340,14:29:41,17.82,--,12,21384,卖盘
341,14:29:36,17.82,-0.01,30,53460,卖盘
342,14:29:31,17.83,0.01,2,3565,买盘
343,14:29:21,17.82,-0.01,23,40986,卖盘
344,14:29:16,17.83,0.01,10,17830,买盘
345,14:29:10,17.82,--,10,17820,卖盘
346,14:29:06,17.82,-0.01,7,12474,卖盘
347,14:29:01,17.83,0.01,9,16046,买盘
348,14:28:55,17.82,--,41,73062,卖盘
349,14:28:51,17.82,--,6,10692,卖盘
350,14:28:40,17.82,-0.01,52,92664,卖盘
351,14:28:36,17.83,--,232,413655,卖盘
352,14:28:31,17.83,--,284,506371,卖盘
353,14:28:25,17.83,--,657,1171431,卖盘
354,14:28:21,17.83,-0.01,15,26744,卖盘
355,14:28:16,17.84,0.01,245,437080,买盘
356,14:28:10,17.83,--,193,344118,卖盘
357,14:28:06,17.83,--,25,44574,卖盘
358,14:28:01,17.83,--,290,517069,卖盘
359,14:27:55,17.83,--,71,126592,卖盘
360,14:27:51,17.83,--,6,10697,卖盘
361,14:27:40,17.83,--,1234,2200222,卖盘
362,14:27:36,17.83,-0.01,3187,5682420,卖盘
363,14:27:31,17.84,0.01,9,16056,买盘
364,14:27:25,17.83,--,10,17830,卖盘
365,14:27:21,17.83,--,23,41008,卖盘
366,14:27:16,17.83,--,33,58838,卖盘
367,14:27:10,17.83,--,32,57055,卖盘
368,14:27:06,17.83,-0.01,31,55272,卖盘
369,14:26:55,17.84,0.01,28,49952,买盘
370,14:26:51,17.83,--,279,497456,卖盘
371,14:26:46,17.83,--,5,8915,卖盘
372,14:26:40,17.83,--,10,17830,卖盘
373,14:26:36,17.83,-0.01,13,23178,卖盘
374,14:26:31,17.84,0.01,48,85632,买盘
375,14:26:25,17.83,--,164,292412,卖盘
376,14:26:21,17.83,--,16,28527,卖盘
377,14:26:16,17.83,--,89,158686,卖盘
378,14:26:10,17.83,--,25,44574,卖盘
379,14:26:05,17.83,--,6,10697,卖盘
380,14:26:01,17.83,--,23,41008,卖盘
381,14:25:55,17.83,--,12,21395,卖盘
382,14:25:50,17.83,--,6,10697,卖盘
383,14:25:45,17.83,--,111,197912,卖盘
384,14:25:40,17.83,--,13,23178,卖盘
385,14:25:35,17.83,--,6,10697,卖盘
386,14:25:25,17.83,--,67,119460,卖盘
387,14:25:20,17.83,--,6,10697,卖盘
388,14:25:15,17.83,-0.01,23,41008,卖盘
389,14:25:10,17.84,0.01,30,53520,买盘
390,14:25:05,17.83,-0.01,9,16046,卖盘
391,14:25:00,17.84,0.01,16,28544,买盘
392,14:24:55,17.83,--,10,17830,卖盘
393,14:24:50,17.83,--,6,10697,卖盘
394,14:24:45,17.83,-0.01,1,1782,卖盘
395,14:24:40,17.84,0.01,47,83848,买盘
396,14:24:35,17.83,-0.01,16,28527,卖盘
397,14:24:30,17.84,--,6,10704,买盘
398,14:24:25,17.84,0.01,71,126664,买盘
399,14:24:20,17.83,-0.01,48,85583,卖盘
400,14:24:15,17.84,--,64,114176,买盘
401,14:24:10,17.84,--,112,200646,卖盘
402,14:24:05,17.84,-0.01,13,23192,卖盘
403,14:24:00,17.85,0.01,7,12495,买盘
404,14:23:55,17.84,--,12,21408,卖盘
405,14:23:50,17.84,-0.01,6,10704,卖盘
406,14:23:45,17.85,0.01,168,299880,买盘
407,14:23:40,17.84,--,872,1556593,买盘
408,14:23:35,17.84,--,11,19624,买盘
409,14:23:30,17.84,--,7,12488,买盘
410,14:23:25,17.84,0.01,198,353232,买盘
411,14:23:20,17.83,--,6,10697,卖盘
412,14:23:15,17.83,-0.01,45,80234,卖盘
413,14:23:10,17.84,0.01,29,51736,买盘
414,14:23:05,17.83,--,6,10697,卖盘
415,14:23:00,17.83,--,14,24961,卖盘
416,14:22:55,17.83,-0.01,19,33877,卖盘
417,14:22:50,17.84,0.01,44,78496,买盘
418,14:22:45,17.83,--,200,356599,卖盘
419,14:22:40,17.83,--,14,24961,卖盘
420,14:22:35,17.83,--,8,14263,卖盘
421,14:22:30,17.83,--,7,12480,卖盘
422,14:22:25,17.83,--,10,17830,卖盘
423,14:22:20,17.83,--,6,10697,卖盘
424,14:22:15,17.83,--,51,90968,卖盘
425,14:22:10,17.83,--,12,21395,卖盘
426,14:22:05,17.83,--,6,10697,卖盘
427,14:21:55,17.83,--,10,17830,卖盘
428,14:21:49,17.83,--,6,10697,卖盘
429,14:21:45,17.83,--,19,33877,卖盘
430,14:21:40,17.83,--,12,21395,卖盘
431,14:21:30,17.83,--,6,10697,卖盘
432,14:21:25,17.83,--,14,24961,卖盘
433,14:21:15,17.83,--,6,10697,卖盘
434,14:21:10,17.83,--,13,23178,卖盘
435,14:21:04,17.83,--,1,1782,卖盘
436,14:21:00,17.83,--,8,14263,卖盘
437,14:20:55,17.83,--,12,21395,卖盘
438,14:20:49,17.83,--,16,28527,卖盘
439,14:20:45,17.83,-0.01,125,222874,卖盘
440,14:20:40,17.84,0.01,20,35680,买盘
441,14:20:34,17.83,-0.01,6,10697,卖盘
442,14:20:25,17.84,0.01,81,144504,买盘
443,14:20:19,17.83,--,11,19612,卖盘
444,14:20:10,17.83,--,20,35660,卖盘
445,14:20:04,17.83,--,21,37443,卖盘
446,14:20:00,17.83,-0.01,14,24961,卖盘
447,14:19:55,17.84,0.01,15,26760,买盘
448,14:19:49,17.83,-0.01,22,39225,卖盘
449,14:19:45,17.84,0.01,2,3568,买盘
450,14:19:40,17.83,--,19,33877,卖盘
451,14:19:34,17.83,--,208,370863,卖盘
452,14:19:30,17.83,--,59,105196,卖盘
453,14:19:25,17.83,--,19,33877,卖盘
454,14:19:19,17.83,--,990,1766453,卖盘
455,14:19:10,17.83,--,12,21395,卖盘
456,14:19:04,17.83,--,6,10697,卖盘
457,14:18:55,17.83,--,44,78451,卖盘
458,14:18:49,17.83,--,82,146206,卖盘
459,14:18:45,17.83,--,203,361948,卖盘
460,14:18:40,17.83,--,50,89149,卖盘
461,14:18:34,17.83,--,8,14263,卖盘
462,14:18:30,17.83,--,75,133725,卖盘
463,14:18:24,17.83,--,13,23178,卖盘
464,14:18:19,17.83,-0.01,7,12480,卖盘
465,14:18:10,17.84,--,125,223000,买盘
466,14:18:04,17.84,--,11,19624,买盘
467,14:18:00,17.84,0.01,23,41032,买盘
468,14:17:54,17.83,--,18,32093,卖盘
469,14:17:49,17.83,--,9,16046,卖盘
470,14:17:44,17.83,--,100,178299,卖盘
471,14:17:39,17.83,--,53,94498,卖盘
472,14:17:34,17.83,--,16,28527,卖盘
473,14:17:24,17.83,--,10,17830,卖盘
474,14:17:19,17.83,-0.01,12,21395,卖盘
475,14:17:14,17.84,0.01,6,10704,买盘
476,14:17:09,17.83,--,10,17830,卖盘
477,14:17:04,17.83,--,81,144423,卖盘
478,14:16:59,17.83,--,10,17830,卖盘
479,14:16:54,17.83,-0.01,10,17830,卖盘
480,14:16:49,17.84,--,7,12488,买盘
481,14:16:44,17.84,0.01,18,32112,买盘
482,14:16:39,17.83,--,18,32093,卖盘
483,14:16:34,17.83,--,6,10697,卖盘
484,14:16:24,17.83,--,23,41008,卖盘
485,14:16:19,17.83,-0.01,106,188997,卖盘
486,14:16:14,17.84,0.01,34,60656,买盘
487,14:16:09,17.83,-0.01,50,89149,卖盘
488,14:16:04,17.84,0.01,81,144504,买盘
489,14:15:59,17.83,--,18,32093,卖盘
490,14:15:54,17.83,-0.01,1508,2688763,卖盘
491,14:15:49,17.84,0.01,54,96336,买盘
492,14:15:39,17.83,--,102,181865,卖盘
493,14:15:34,17.83,--,17,30310,卖盘
494,14:15:19,17.83,-0.01,10,17830,卖盘
495,14:15:09,17.84,0.01,103,183752,买盘
496,14:15:04,17.83,--,9,16046,卖盘
497,14:14:49,17.83,--,4,7131,卖盘
498,14:14:39,17.83,--,78,139074,卖盘
499,14:14:28,17.83,--,20,35660,卖盘
500,14:14:24,17.83,--,311,554513,卖盘
501,14:14:19,17.83,--,13,23178,卖盘
502,14:14:13,17.83,--,34,60621,卖盘
503,14:14:09,17.83,--,30,53489,卖盘
504,14:14:04,17.83,-0.01,21,37443,卖盘
505,14:13:54,17.84,0.01,125,223000,买盘
506,14:13:48,17.83,--,103,183648,卖盘
507,14:13:43,17.83,--,75,133725,卖盘
508,14:13:39,17.83,--,80,142640,卖盘
509,14:13:34,17.83,--,77,137291,卖盘
510,14:13:28,17.83,--,50,89149,卖盘
511,14:13:24,17.83,-0.01,103,183648,卖盘
512,14:13:13,17.84,0.01,2,3568,买盘
513,14:13:09,17.83,--,2,3565,卖盘
514,14:13:04,17.83,--,28,49923,卖盘
515,14:12:58,17.83,--,12,21395,卖盘
516,14:12:54,17.83,--,14,24961,卖盘
517,14:12:49,17.83,--,6,10697,卖盘
518,14:12:43,17.83,--,7,12480,卖盘
519,14:12:28,17.83,--,16,28527,卖盘
520,14:12:13,17.83,--,30,53489,卖盘
521,14:12:09,17.83,--,6,10697,卖盘
522,14:12:03,17.83,-0.01,4,7506,卖盘
523,14:11:58,17.84,0.01,3,5352,买盘
524,14:11:53,17.83,--,110,196129,卖盘
525,14:11:48,17.83,-0.01,69,123026,卖盘
526,14:11:43,17.84,0.01,1,1784,买盘
527,14:11:34,17.83,--,125,222874,卖盘
528,14:11:28,17.83,--,10,17830,卖盘
529,14:11:18,17.83,--,9,16046,卖盘
530,14:11:13,17.83,--,28,49923,卖盘
531,14:11:04,17.83,--,12,21395,卖盘
532,14:10:58,17.83,--,1,1782,卖盘
533,14:10:53,17.83,--,525,937768,卖盘
534,14:10:48,17.83,--,55,98064,卖盘
535,14:10:43,17.83,--,165,294195,卖盘
536,14:10:33,17.83,--,29,51706,卖盘
537,14:10:28,17.83,--,138,246053,卖盘
538,14:10:13,17.83,--,16,28527,卖盘
539,14:10:03,17.83,--,29,51706,卖盘
540,14:09:58,17.83,--,25,44574,卖盘
541,14:09:48,17.83,--,5,8915,卖盘
542,14:09:28,17.83,--,61,108762,卖盘
543,14:09:18,17.83,--,26,46357,卖盘
544,14:09:13,17.83,--,14,24961,卖盘
545,14:09:03,17.83,--,49,87366,卖盘
546,14:08:58,17.83,--,49,87366,卖盘
547,14:08:48,17.83,--,137,244270,卖盘
548,14:08:43,17.83,--,9,16046,卖盘
549,14:08:37,17.83,--,25,44574,卖盘
550,14:08:33,17.83,--,36,64187,卖盘
551,14:08:28,17.83,--,42,74886,卖盘
552,14:08:18,17.83,--,98,174733,卖盘
553,14:08:13,17.83,-0.01,17,30310,卖盘
554,14:08:07,17.84,0.01,72,128448,买盘
555,14:08:03,17.83,--,40,71320,卖盘
556,14:07:58,17.83,--,42,74886,卖盘
557,14:07:52,17.83,--,1,1782,卖盘
558,14:07:48,17.83,--,29,51706,卖盘
559,14:07:43,17.83,--,5,8915,卖盘
560,14:07:33,17.83,--,2,3565,卖盘
561,14:07:27,17.83,--,12,21395,卖盘
562,14:07:18,17.83,-0.01,2,3565,卖盘
563,14:07:12,17.84,0.01,18,32112,买盘
564,14:07:07,17.83,--,1,1782,卖盘
565,14:07:03,17.83,--,37,65971,卖盘
566,14:06:57,17.83,-0.01,12,22180,卖盘
567,14:06:48,17.84,0.01,100,178400,买盘
568,14:06:33,17.83,--,50,89470,卖盘
569,14:06:27,17.83,-0.01,13,23178,卖盘
570,14:06:18,17.84,--,26,46384,买盘
571,14:06:12,17.84,0.01,33,58872,买盘
572,14:06:03,17.83,-0.01,26,46357,卖盘
573,14:05:57,17.84,0.01,234,417456,买盘
574,14:05:47,17.83,--,36,64187,卖盘
575,14:05:42,17.83,--,251,447532,卖盘
576,14:05:37,17.83,--,94,167601,卖盘
577,14:05:32,17.83,0.01,319,568777,买盘
578,14:05:27,17.82,--,111,197802,卖盘
579,14:05:22,17.82,-0.01,80,142560,卖盘
580,14:05:17,17.83,0.01,26,46357,买盘
581,14:05:07,17.82,--,190,338580,卖盘
582,14:05:02,17.82,--,10,17820,卖盘
583,14:04:57,17.82,--,40,71280,卖盘
584,14:04:52,17.82,--,10,17820,卖盘
585,14:04:47,17.82,--,25,44550,卖盘
586,14:04:37,17.82,-0.01,13,24841,卖盘
587,14:04:32,17.83,--,30,53489,买盘
588,14:04:27,17.83,0.01,37,65971,买盘
589,14:04:22,17.82,--,19,33858,卖盘
590,14:04:17,17.82,--,9,16038,卖盘
591,14:04:12,17.82,--,15,26730,卖盘
592,14:04:07,17.82,--,60,106920,卖盘
593,14:04:02,17.82,--,51,90882,卖盘
594,14:03:52,17.82,--,13,24342,卖盘
595,14:03:42,17.82,--,2,3564,卖盘
596,14:03:37,17.82,--,16,28512,卖盘
597,14:03:27,17.82,--,144,256608,卖盘
598,14:03:22,17.82,-0.01,18,32076,卖盘
599,14:03:17,17.83,0.01,16,28527,买盘
600,14:03:12,17.82,--,53,94446,卖盘
601,14:03:07,17.82,--,29,51678,卖盘
602,14:02:57,17.82,--,26,46332,卖盘
603,14:02:52,17.82,--,35,62370,卖盘
604,14:02:42,17.82,--,100,178200,卖盘
605,14:02:37,17.82,-0.01,101,180106,卖盘
606,14:02:27,17.83,0.01,31,55272,买盘
607,14:02:22,17.82,--,12,21384,卖盘
608,14:02:12,17.82,--,25,44550,卖盘
609,14:02:07,17.82,-0.01,25,44550,卖盘
610,14:01:57,17.83,0.01,86,154354,买盘
611,14:01:52,17.82,--,37,66450,卖盘
612,14:01:42,17.82,-0.01,25,44550,卖盘
613,14:01:37,17.83,--,6,10697,买盘
614,14:01:31,17.83,--,4,7131,买盘
615,14:01:27,17.83,--,6,10697,买盘
616,14:01:22,17.83,0.01,89,159703,买盘
617,14:01:16,17.82,-0.01,11,19602,卖盘
618,14:01:07,17.83,--,26,46357,买盘
619,14:00:57,17.83,--,4,7131,买盘
620,14:00:52,17.83,--,49,88829,卖盘
621,14:00:46,17.83,--,12,21395,卖盘
622,14:00:42,17.83,--,1,1782,卖盘
623,14:00:37,17.83,--,10,17830,卖盘
624,14:00:31,17.83,--,1,2103,卖盘
625,14:00:21,17.83,--,80,142640,卖盘
626,14:00:16,17.83,-0.01,11,19612,卖盘
627,14:00:12,17.84,0.01,33,58872,买盘
628,14:00:06,17.83,0.01,102,181865,买盘
629,14:00:01,17.82,--,27,48114,卖盘
630,13:59:57,17.82,--,15,26730,卖盘
631,13:59:51,17.82,--,112,199584,卖盘
632,13:59:42,17.82,--,118,210276,卖盘
633,13:59:36,17.82,--,456,812592,卖盘
634,13:59:31,17.82,-0.01,35,62370,卖盘
635,13:59:27,17.83,0.01,20,35660,买盘
636,13:59:21,17.82,--,49,88048,卖盘
637,13:59:16,17.82,--,75,133650,卖盘
638,13:59:11,17.82,--,99,176418,卖盘
639,13:59:06,17.82,--,6,10692,卖盘
640,13:59:01,17.82,--,25,44550,卖盘
641,13:58:57,17.82,--,343,611226,卖盘
642,13:58:51,17.82,--,38,67716,卖盘
643,13:58:46,17.82,--,5,8910,卖盘
644,13:58:42,17.82,-0.01,24,42768,卖盘
645,13:58:36,17.83,--,36,64187,买盘
646,13:58:31,17.83,--,68,121243,买盘
647,13:58:27,17.83,--,260,463579,买盘
648,13:58:21,17.83,--,71,126592,买盘
649,13:58:16,17.83,0.01,90,160469,买盘
650,13:58:11,17.82,--,3,5346,卖盘
651,13:58:06,17.82,--,1,1782,卖盘
652,13:57:56,17.82,--,20,35640,卖盘
653,13:57:51,17.82,--,76,135432,卖盘
654,13:57:46,17.82,--,18,32076,卖盘
655,13:57:41,17.82,--,137,244134,卖盘
656,13:57:36,17.82,--,81,144342,卖盘
657,13:57:31,17.82,--,76,135432,卖盘
658,13:57:26,17.82,--,1,1782,卖盘
659,13:57:21,17.82,--,9,16038,卖盘
660,13:57:16,17.82,--,98,174636,卖盘
661,13:57:11,17.82,--,99,176418,卖盘
662,13:57:06,17.82,--,38,67716,卖盘
663,13:57:01,17.82,--,210,375948,卖盘
664,13:56:51,17.82,--,116,206712,卖盘
665,13:56:46,17.82,--,177,315414,卖盘
666,13:56:41,17.82,--,25,44550,卖盘
667,13:56:36,17.82,--,30,53460,卖盘
668,13:56:31,17.82,--,30,53460,卖盘
669,13:56:21,17.82,--,31,55242,卖盘
670,13:56:11,17.82,--,40,72224,卖盘
671,13:56:06,17.82,--,5,8910,卖盘
672,13:56:01,17.82,--,28,49896,卖盘
673,13:55:56,17.82,--,13,23166,卖盘
674,13:55:51,17.82,--,57,101574,卖盘
675,13:55:41,17.82,--,25,44550,卖盘
676,13:55:26,17.82,-0.01,1,1782,卖盘
677,13:55:21,17.83,0.01,1,1782,买盘
678,13:55:06,17.82,--,73,130086,卖盘
679,13:54:51,17.82,-0.01,5,8910,卖盘
680,13:54:46,17.83,--,40,71320,买盘
681,13:54:16,17.83,--,20,35660,买盘
682,13:54:05,17.83,0.01,69,124114,买盘
683,13:54:01,17.82,--,8,14256,卖盘
684,13:53:51,17.82,--,12,21384,卖盘
685,13:53:36,17.82,--,31,55242,卖盘
686,13:53:31,17.82,--,33,58806,卖盘
687,13:53:25,17.82,--,30,53460,卖盘
688,13:53:21,17.82,--,8,14256,卖盘
689,13:53:15,17.82,--,1,1782,卖盘
690,13:53:05,17.82,-0.01,361,643302,卖盘
691,13:52:50,17.83,0.01,5,8915,买盘
692,13:52:35,17.82,-0.01,2,3564,卖盘
693,13:52:05,17.83,0.01,82,146206,买盘
694,13:52:00,17.82,--,10,17820,卖盘
695,13:51:55,17.82,-0.01,78,138996,卖盘
696,13:51:50,17.83,0.01,29,51706,买盘
697,13:51:45,17.82,--,15,26730,卖盘
698,13:51:35,17.82,-0.01,26,46332,卖盘
699,13:51:30,17.83,--,60,106979,买盘
700,13:51:20,17.83,0.01,30,53489,买盘
701,13:51:05,17.82,--,58,103356,卖盘
702,13:50:40,17.82,--,109,194238,卖盘
703,13:50:35,17.82,--,2,3564,卖盘
704,13:50:30,17.82,--,2,3564,卖盘
705,13:50:20,17.82,--,2,3564,卖盘
706,13:50:15,17.82,--,59,105138,卖盘
707,13:50:10,17.82,--,1,1782,卖盘
708,13:50:05,17.82,--,27,49307,卖盘
709,13:50:00,17.82,--,11,19602,卖盘
710,13:49:55,17.82,--,28,49896,卖盘
711,13:49:50,17.82,--,24,42768,卖盘
712,13:49:40,17.82,-0.01,24,42768,卖盘
713,13:49:35,17.83,0.01,11,19612,买盘
714,13:49:30,17.82,-0.01,56,99792,卖盘
715,13:49:25,17.83,--,42,74886,卖盘
716,13:49:10,17.83,--,7,12480,卖盘
717,13:49:05,17.83,--,3,5348,卖盘
718,13:48:55,17.83,--,40,71765,买盘
719,13:48:50,17.83,--,3,6686,卖盘
720,13:48:45,17.83,--,8,14263,卖盘
721,13:48:40,17.83,--,6,10697,卖盘
722,13:48:35,17.83,--,14,24961,卖盘
723,13:48:30,17.83,0.01,1309,2334392,买盘
724,13:48:20,17.82,-0.01,7,12474,卖盘
725,13:48:00,17.83,0.01,60,106979,买盘
726,13:47:45,17.82,-0.01,4,7128,卖盘
727,13:47:40,17.83,0.01,64,114111,买盘
728,13:47:34,17.82,-0.01,13,23166,卖盘
729,13:47:30,17.83,--,50,89149,买盘
730,13:47:19,17.83,--,20,35660,买盘
731,13:47:10,17.83,0.01,20,35660,买盘
732,13:46:59,17.82,--,3,5346,卖盘
733,13:46:55,17.82,-0.01,2,3564,卖盘
734,13:46:49,17.83,0.01,67,119460,买盘
735,13:46:44,17.82,-0.01,22,39204,卖盘
736,13:46:40,17.83,0.01,163,290629,买盘
737,13:46:34,17.82,-0.01,17,30294,卖盘
738,13:46:29,17.83,0.01,50,89149,买盘
739,13:46:19,17.82,--,5,8910,卖盘
740,13:46:14,17.82,-0.01,52,92664,卖盘
741,13:46:09,17.83,0.01,60,106979,买盘
742,13:46:04,17.82,--,1,1782,卖盘
743,13:45:54,17.82,--,5,8910,卖盘
744,13:45:44,17.82,--,1,1782,卖盘
745,13:45:34,17.82,--,7,12474,卖盘
746,13:45:29,17.82,--,12,21384,卖盘
747,13:45:24,17.82,--,14,24948,卖盘
748,13:45:14,17.82,-0.01,2,3564,卖盘
749,13:45:09,17.83,--,69,123026,买盘
750,13:45:04,17.83,0.01,10,17830,买盘
751,13:44:59,17.82,-0.01,124,220968,卖盘
752,13:44:54,17.83,--,12,21395,买盘
753,13:44:39,17.83,0.01,112,199695,买盘
754,13:44:34,17.82,--,3,5346,卖盘
755,13:44:24,17.82,--,5,8910,卖盘
756,13:44:19,17.82,--,36,64152,卖盘
757,13:44:14,17.82,--,5,8910,卖盘
758,13:44:09,17.82,--,2,3564,卖盘
759,13:44:04,17.82,--,2,3564,卖盘
760,13:43:59,17.82,--,38,67716,卖盘
761,13:43:44,17.82,--,18,32076,卖盘
762,13:43:34,17.82,--,2,3564,卖盘
763,13:43:29,17.82,--,36,64152,卖盘
764,13:43:24,17.82,--,8,14256,卖盘
765,13:43:19,17.82,--,3,5346,卖盘
766,13:43:09,17.82,--,3,5346,卖盘
767,13:42:59,17.82,--,20,35640,卖盘
768,13:42:54,17.82,--,3,5346,卖盘
769,13:42:44,17.82,--,1,1782,卖盘
770,13:42:34,17.82,--,30,53460,卖盘
771,13:42:29,17.82,--,237,422334,卖盘
772,13:42:14,17.82,--,15,26730,卖盘
773,13:42:09,17.82,--,41,74202,卖盘
774,13:42:04,17.82,--,8,14256,卖盘
775,13:41:59,17.82,--,9,16038,卖盘
776,13:41:54,17.82,--,16,28512,卖盘
777,13:41:24,17.82,--,48,85536,卖盘
778,13:41:19,17.82,-0.01,9,16038,卖盘
779,13:41:04,17.83,0.01,28,49923,买盘
780,13:40:54,17.82,--,2,3564,卖盘
781,13:40:44,17.82,--,170,302940,卖盘
782,13:40:34,17.82,--,16,28512,卖盘
783,13:40:19,17.82,--,4,7128,卖盘
784,13:40:14,17.82,--,5,8910,卖盘
785,13:40:09,17.82,--,21,37546,卖盘
786,13:40:04,17.82,--,303,539946,卖盘
787,13:39:58,17.82,--,13,23166,卖盘
788,13:39:39,17.82,--,12,21384,卖盘
789,13:39:34,17.82,--,2,3564,卖盘
790,13:39:19,17.82,--,3,5346,卖盘
791,13:39:13,17.82,-0.01,16,28512,卖盘
792,13:39:08,17.83,0.01,20,35660,买盘
793,13:39:03,17.82,--,52,94410,卖盘
794,13:38:58,17.82,--,26,46332,卖盘
795,13:38:48,17.82,--,13,23166,卖盘
796,13:38:33,17.82,--,42,74844,卖盘
797,13:38:28,17.82,-0.01,46,81972,卖盘
798,13:38:23,17.83,0.01,163,290629,买盘
799,13:38:18,17.82,--,7,12474,卖盘
800,13:38:03,17.82,--,2,3564,卖盘
801,13:37:58,17.82,--,2,3564,卖盘
802,13:37:53,17.82,--,207,368874,卖盘
803,13:37:48,17.82,--,56,99827,卖盘
804,13:37:43,17.82,--,3,5346,卖盘
805,13:37:38,17.82,--,3,5346,卖盘
806,13:37:33,17.82,--,36,64152,卖盘
807,13:37:28,17.82,--,13,23166,卖盘
808,13:37:23,17.82,--,18,32076,卖盘
809,13:37:13,17.82,--,10,17820,卖盘
810,13:37:08,17.82,--,1,1782,卖盘
811,13:36:53,17.82,--,3,5346,卖盘
812,13:36:48,17.82,--,59,105138,卖盘
813,13:36:43,17.82,--,78,138996,卖盘
814,13:36:38,17.82,--,2,3564,卖盘
815,13:36:28,17.82,--,20,35640,卖盘
816,13:36:13,17.82,-0.01,46,81972,卖盘
817,13:36:08,17.83,0.01,41,73103,买盘
818,13:36:03,17.82,--,5,8910,卖盘
819,13:35:48,17.82,--,5,8910,卖盘
820,13:35:43,17.82,--,10,17820,卖盘
821,13:35:33,17.82,--,200,356400,卖盘
822,13:35:18,17.82,--,1,1782,卖盘
823,13:35:03,17.82,--,3,5346,卖盘
824,13:34:53,17.82,--,13,23166,卖盘
825,13:34:33,17.82,--,11,19602,卖盘
826,13:34:13,17.82,--,3,5346,卖盘
827,13:34:08,17.82,0.01,25,44550,买盘
828,13:34:03,17.81,--,1,1780,卖盘
829,13:33:58,17.81,--,5,8905,卖盘
830,13:33:53,17.81,-0.02,8,15209,卖盘
831,13:33:43,17.83,--,0,0,买盘
832,13:33:38,17.83,0.02,7,12480,买盘
833,13:33:33,17.81,-0.01,53,94393,卖盘
834,13:33:28,17.82,--,21,37422,卖盘
835,13:33:23,17.82,--,13,23166,卖盘
836,13:33:18,17.82,--,2,3564,卖盘
837,13:33:08,17.82,--,100,178200,卖盘
838,13:33:03,17.82,--,1,1782,卖盘
839,13:32:58,17.82,0.01,1,1782,中性盘
840,13:32:48,17.81,--,3,5343,卖盘
841,13:32:43,17.81,-0.01,30,53429,卖盘
842,13:32:33,17.82,0.01,20,35640,中性盘
843,13:32:18,17.81,-0.01,21,37401,卖盘
844,13:32:13,17.82,-0.01,11,19602,卖盘
845,13:31:57,17.83,0.02,168,299544,买盘
846,13:31:42,17.81,--,2,3561,卖盘
847,13:31:37,17.81,--,21,37401,卖盘
848,13:31:27,17.81,-0.02,1,1780,卖盘
849,13:31:22,17.83,0.02,3,5348,买盘
850,13:31:17,17.81,-0.02,31,55210,卖盘
851,13:31:12,17.83,--,40,71320,买盘
852,13:31:07,17.83,0.01,170,303110,买盘
853,13:31:02,17.82,0.01,13,23166,卖盘
854,13:30:57,17.81,--,0,0,卖盘
855,13:30:52,17.81,-0.02,2,3561,卖盘
856,13:30:47,17.83,0.02,56,99847,买盘
857,13:30:32,17.81,--,50,89050,卖盘
858,13:30:27,17.81,-0.02,7,12467,卖盘
859,13:30:22,17.83,0.02,23,41008,买盘
860,13:30:17,17.81,-0.01,17,30276,卖盘
861,13:30:07,17.82,--,48,85536,买盘
862,13:29:57,17.82,0.01,65,115830,买盘
863,13:29:47,17.81,--,60,106859,卖盘
864,13:29:37,17.81,-0.01,60,106859,卖盘
865,13:29:32,17.82,0.01,7,12474,买盘
866,13:29:27,17.81,--,95,169195,卖盘
867,13:29:22,17.81,--,13,23153,卖盘
868,13:29:17,17.81,--,61,108640,卖盘
869,13:29:12,17.81,--,0,0,卖盘
870,13:29:07,17.81,-0.02,61,108640,卖盘
871,13:29:02,17.83,--,5,8915,买盘
872,13:28:57,17.83,--,115,205044,买盘
873,13:28:52,17.83,--,100,178299,买盘
874,13:28:42,17.83,--,35,62404,买盘
875,13:28:37,17.83,--,6,10697,买盘
876,13:28:27,17.83,0.02,49,87366,买盘
877,13:28:17,17.81,--,38,67678,卖盘
878,13:28:12,17.81,--,2,3561,卖盘
879,13:27:57,17.81,--,1,1780,卖盘
880,13:27:42,17.81,--,0,0,卖盘
881,13:27:37,17.81,-0.01,3,5343,卖盘
882,13:27:32,17.82,0.01,49,88832,买盘
883,13:27:22,17.81,--,13,23153,卖盘
884,13:27:02,17.81,-0.01,713,1270120,卖盘
885,13:26:57,17.82,--,18,32076,卖盘
886,13:26:52,17.82,--,104,185916,卖盘
887,13:26:47,17.82,--,13,23183,卖盘
888,13:26:42,17.82,0.01,311,555110,买盘
889,13:26:27,17.81,--,783,1394523,卖盘
890,13:26:22,17.81,--,14,24934,卖盘
891,13:26:07,17.81,--,19,33839,卖盘
892,13:25:52,17.81,--,2,3561,卖盘
893,13:25:42,17.81,--,20,35620,卖盘
894,13:25:37,17.81,-0.01,1,1780,卖盘
895,13:25:27,17.82,--,2209,3937382,卖盘
896,13:25:22,17.82,--,13,23166,卖盘
897,13:25:17,17.82,--,13,23166,卖盘
898,13:25:12,17.82,--,1,1782,卖盘
899,13:25:07,17.82,-0.01,403,718146,卖盘
900,13:25:02,17.83,0.01,10,17830,买盘
901,13:24:51,17.82,-0.01,14,24948,卖盘
902,13:24:47,17.83,0.01,136,242487,买盘
903,13:24:41,17.82,--,41,73062,卖盘
904,13:24:36,17.82,--,25,44550,卖盘
905,13:24:26,17.82,--,6,10692,卖盘
906,13:24:21,17.82,-0.01,260,463320,卖盘
907,13:24:11,17.83,0.01,7,12480,买盘
908,13:24:06,17.82,--,3,5346,卖盘
909,13:24:01,17.82,--,18,32076,卖盘
910,13:23:57,17.82,--,1,1782,卖盘
911,13:23:51,17.82,--,6,10692,卖盘
912,13:23:46,17.82,--,313,557766,卖盘
913,13:23:41,17.82,--,201,358182,卖盘
914,13:23:36,17.82,--,13,23166,卖盘
915,13:23:26,17.82,--,4,7128,卖盘
916,13:23:21,17.82,--,13,23166,卖盘
917,13:23:11,17.82,--,5,8910,卖盘
918,13:23:06,17.82,--,20,35640,卖盘
919,13:22:41,17.82,--,20,35640,卖盘
920,13:22:36,17.82,--,7,12474,卖盘
921,13:22:31,17.82,--,13,23166,卖盘
922,13:22:26,17.82,--,191,340362,卖盘
923,13:22:21,17.82,--,13,23166,卖盘
924,13:22:06,17.82,--,309,550638,卖盘
925,13:22:01,17.82,--,1,1782,卖盘
926,13:21:51,17.82,--,26,46332,卖盘
927,13:21:46,17.82,--,30,53460,卖盘
928,13:21:36,17.82,--,2,3564,卖盘
929,13:21:26,17.82,--,19,33858,卖盘
930,13:21:21,17.82,--,34,60588,卖盘
931,13:21:06,17.82,--,421,750222,卖盘
932,13:20:56,17.82,--,37,65934,卖盘
933,13:20:51,17.82,--,8,14256,卖盘
934,13:20:46,17.82,--,8,14256,卖盘
935,13:20:36,17.82,--,22,39204,卖盘
936,13:20:26,17.82,--,120,213840,卖盘
937,13:20:21,17.82,--,67,119394,卖盘
938,13:20:11,17.82,--,39,69498,卖盘
939,13:20:06,17.82,--,10,17820,卖盘
940,13:20:01,17.82,--,50,89100,卖盘
941,13:19:56,17.82,--,27,48114,卖盘
942,13:19:51,17.82,--,433,771606,卖盘
943,13:19:46,17.82,--,50,89100,卖盘
944,13:19:26,17.82,--,3,5346,卖盘
945,13:19:05,17.82,--,23,40986,卖盘
946,13:18:45,17.82,--,17,30294,卖盘
947,13:18:40,17.82,-0.01,10,17820,卖盘
948,13:18:20,17.83,0.01,4,7131,买盘
949,13:18:16,17.82,--,2,3564,卖盘
950,13:18:05,17.82,--,9,16038,卖盘
951,13:18:00,17.82,--,1,1782,卖盘
952,13:17:50,17.82,-0.01,34,60588,卖盘
953,13:17:45,17.83,--,30,53489,买盘
954,13:17:30,17.83,0.01,1,1782,买盘
955,13:17:15,17.82,-0.01,16,28512,卖盘
956,13:17:05,17.83,0.01,22,39225,买盘
957,13:17:00,17.82,--,5,8910,卖盘
958,13:16:55,17.82,--,5,8910,卖盘
959,13:16:50,17.82,--,7,12474,卖盘
960,13:16:45,17.82,--,3,5346,卖盘
961,13:16:30,17.82,--,19,33858,卖盘
962,13:15:50,17.82,--,5,8910,卖盘
963,13:15:40,17.82,-0.01,1,1782,卖盘
964,13:15:30,17.83,--,16,28527,买盘
965,13:15:20,17.83,--,100,178299,买盘
966,13:15:15,17.83,0.01,5,8915,买盘
967,13:15:10,17.82,--,78,138996,卖盘
968,13:15:05,17.82,--,2,3564,卖盘
969,13:15:00,17.82,--,50,89100,卖盘
970,13:14:55,17.82,--,36,64152,卖盘
971,13:14:50,17.82,--,105,187110,卖盘
972,13:14:45,17.82,--,2,3564,卖盘
973,13:14:35,17.82,--,50,89100,卖盘
974,13:14:30,17.82,--,51,90882,卖盘
975,13:14:25,17.82,--,100,178200,卖盘
976,13:14:20,17.82,--,5,8910,卖盘
977,13:14:15,17.82,--,24,42768,卖盘
978,13:14:10,17.82,--,596,1062072,卖盘
979,13:14:00,17.82,--,33,58806,卖盘
980,13:13:40,17.82,--,15,26730,卖盘
981,13:13:35,17.82,--,28,49896,卖盘
982,13:13:25,17.82,--,7,12474,卖盘
983,13:13:20,17.82,--,16,28512,卖盘
984,13:13:15,17.82,--,57,101574,卖盘
985,13:13:10,17.82,--,288,513216,卖盘
986,13:13:05,17.82,--,43,76626,卖盘
987,13:13:00,17.82,--,83,147906,卖盘
988,13:12:50,17.82,-0.01,17,30294,卖盘
989,13:12:40,17.83,0.01,36,64187,买盘
990,13:12:35,17.82,--,11,19602,卖盘
991,13:12:30,17.82,--,26,46332,卖盘
992,13:12:25,17.82,--,200,356400,卖盘
993,13:12:20,17.82,--,20,35640,卖盘
994,13:12:05,17.82,--,34,60588,卖盘
995,13:12:00,17.82,-0.01,53,94446,卖盘
996,13:11:44,17.83,0.01,5,8915,买盘
997,13:11:35,17.82,-0.01,38,67716,卖盘
998,13:11:20,17.83,0.01,3,5348,买盘
999,13:11:14,17.82,-0.01,50,89100,卖盘
1000,13:11:10,17.83,0.01,11,19612,买盘
1001,13:11:05,17.82,--,14,24948,卖盘
1002,13:10:59,17.82,--,37,65934,卖盘
1003,13:10:44,17.82,-0.01,8,14256,卖盘
1004,13:10:40,17.83,0.01,7,12480,买盘
1005,13:10:34,17.82,--,33,58806,卖盘
1006,13:10:29,17.82,-0.01,184,327888,卖盘
1007,13:10:24,17.83,0.01,31,55272,买盘
1008,13:10:19,17.82,-0.01,8,14256,卖盘
1009,13:10:14,17.83,0.01,216,385127,买盘
1010,13:10:09,17.82,-0.01,10,17820,卖盘
1011,13:10:04,17.83,--,28,49923,买盘
1012,13:09:59,17.83,--,40,71320,买盘
1013,13:09:49,17.83,--,4,7131,买盘
1014,13:09:39,17.83,0.01,5,8915,买盘
1015,13:09:34,17.82,--,33,58806,卖盘
1016,13:09:29,17.82,--,32,57024,卖盘
1017,13:09:24,17.82,--,183,326106,卖盘
1018,13:08:49,17.82,-0.01,13,23166,卖盘
1019,13:08:39,17.83,0.01,32,57055,买盘
1020,13:08:34,17.82,--,33,58806,卖盘
1021,13:08:29,17.82,--,194,345708,卖盘
1022,13:08:24,17.82,--,4,7430,卖盘
1023,13:08:14,17.82,--,1,1782,卖盘
1024,13:08:04,17.82,--,40,71280,卖盘
1025,13:07:59,17.82,--,10,17820,卖盘
1026,13:07:54,17.82,--,201,358182,卖盘
1027,13:07:38,17.82,--,69,122958,卖盘
1028,13:07:33,17.82,--,33,58806,卖盘
1029,13:07:24,17.82,--,50,89100,卖盘
1030,13:07:19,17.82,--,183,326106,卖盘
1031,13:07:09,17.82,--,1,1782,卖盘
1032,13:07:04,17.82,-0.01,39,69498,卖盘
1033,13:06:59,17.83,0.01,13,23178,买盘
1034,13:06:49,17.82,--,53,94446,卖盘
1035,13:06:34,17.82,--,33,58806,卖盘
1036,13:06:29,17.82,-0.01,27,48114,卖盘
1037,13:06:24,17.83,0.01,5,8915,买盘
1038,13:06:19,17.82,--,0,1461,卖盘
1039,13:06:04,17.82,--,33,58806,卖盘
1040,13:05:59,17.82,--,183,326106,卖盘
1041,13:05:54,17.82,--,7,12474,卖盘
1042,13:05:44,17.82,-0.01,159,283338,卖盘
1043,13:05:39,17.83,--,147,262100,卖盘
1044,13:05:34,17.83,--,50,89149,卖盘
1045,13:05:29,17.83,0.01,103,183648,买盘
1046,13:05:13,17.82,-0.01,284,506088,卖盘
1047,13:05:04,17.83,0.01,93,165818,买盘
1048,13:04:59,17.82,-0.01,67,119394,卖盘
1049,13:04:54,17.83,0.01,2,3565,买盘
1050,13:04:39,17.82,--,10,17820,卖盘
1051,13:04:34,17.82,--,2,3564,卖盘
1052,13:04:04,17.82,-0.01,1,1782,卖盘
1053,13:03:53,17.83,0.01,9,16046,卖盘
1054,13:03:48,17.82,--,0,0,卖盘
1055,13:03:44,17.82,--,1,1782,卖盘
1056,13:03:38,17.82,-0.01,25,44550,卖盘
1057,13:03:34,17.83,--,33,58838,卖盘
1058,13:03:13,17.83,--,0,0,中性盘
1059,13:03:08,17.83,0.01,325,579475,买盘
1060,13:03:03,17.82,--,59,105138,卖盘
1061,13:02:58,17.82,--,15,26730,卖盘
1062,13:02:43,17.82,--,5,8910,卖盘
1063,13:02:33,17.82,--,33,58806,卖盘
1064,13:02:28,17.82,--,25,44550,卖盘
1065,13:02:03,17.82,--,67,119394,卖盘
1066,13:01:58,17.82,--,11,19602,卖盘
1067,13:01:53,17.82,--,5,8910,卖盘
1068,13:01:43,17.82,--,2,3564,卖盘
1069,13:01:38,17.82,--,6,10692,卖盘
1070,13:01:28,17.82,--,27,48773,卖盘
1071,13:01:08,17.82,--,1,1782,卖盘
1072,13:01:03,17.82,--,33,58806,卖盘
1073,13:00:43,17.82,--,6,10692,卖盘
1074,13:00:38,17.82,--,164,292248,卖盘
1075,13:00:32,17.82,--,33,58806,卖盘
1076,13:00:08,17.82,-0.01,608,1084596,卖盘
1077,13:00:03,17.83,0.01,106,190263,买盘
1078,11:30:00,17.82,--,0,0,卖盘
1079,11:29:59,17.82,--,0,0,卖盘
1080,11:29:29,17.82,--,10,17820,卖盘
1081,11:29:24,17.82,--,5,8910,卖盘
1082,11:29:20,17.82,--,29,51678,卖盘
1083,11:29:09,17.82,--,2,3564,卖盘
1084,11:29:05,17.82,-0.01,23,42643,卖盘
1085,11:28:49,17.83,0.01,2,3565,买盘
1086,11:28:44,17.82,--,26,46332,卖盘
1087,11:28:34,17.82,--,29,51678,卖盘
1088,11:28:09,17.82,--,65,116061,卖盘
1089,11:28:03,17.82,--,4,7128,卖盘
1090,11:27:54,17.82,--,268,477576,卖盘
1091,11:27:44,17.82,-0.01,25,45547,卖盘
1092,11:27:39,17.83,0.01,100,178299,买盘
1093,11:27:29,17.82,--,27,48114,卖盘
1094,11:27:24,17.82,--,88,158009,卖盘
1095,11:27:18,17.82,--,2,3564,卖盘
1096,11:27:03,17.82,--,32,58788,卖盘
1097,11:26:58,17.82,-0.01,50,89100,卖盘
1098,11:26:54,17.83,--,18,32093,买盘
1099,11:26:48,17.83,--,6,10697,买盘
1100,11:26:39,17.83,0.01,18,32093,买盘
1101,11:26:33,17.82,--,28,51036,卖盘
1102,11:26:24,17.82,--,1,1782,卖盘
1103,11:26:18,17.82,--,28,49896,卖盘
1104,11:26:14,17.82,--,16,28512,卖盘
1105,11:26:09,17.82,--,3,5346,卖盘
1106,11:26:03,17.82,-0.01,1,1782,卖盘
1107,11:25:54,17.83,--,6,10697,买盘
1108,11:25:44,17.83,--,45,80752,卖盘
1109,11:25:24,17.83,--,100,178299,卖盘
1110,11:25:18,17.83,--,73,131424,买盘
1111,11:25:13,17.83,--,336,599088,买盘
1112,11:25:08,17.83,--,99,176516,买盘
1113,11:25:03,17.83,--,61,108762,买盘
1114,11:24:59,17.83,0.01,6,10697,买盘
1115,11:24:44,17.82,-0.01,1,1782,卖盘
1116,11:24:39,17.83,--,84,149772,买盘
1117,11:24:33,17.83,0.01,5,8915,买盘
1118,11:24:29,17.82,-0.01,1,1782,卖盘
1119,11:24:13,17.83,0.01,15,26744,买盘
1120,11:24:09,17.82,-0.01,57,101574,卖盘
1121,11:24:03,17.83,0.01,28,49923,买盘
1122,11:23:58,17.82,--,21,37422,卖盘
1123,11:23:53,17.82,--,8,14256,卖盘
1124,11:23:48,17.82,--,20,35640,卖盘
1125,11:23:44,17.82,-0.01,21,37422,卖盘
1126,11:23:33,17.83,--,5,8915,买盘
1127,11:23:29,17.83,--,2,3565,买盘
1128,11:23:18,17.83,0.01,6,10697,买盘
1129,11:23:09,17.82,--,1,1782,卖盘
1130,11:23:03,17.82,--,52,92664,卖盘
1131,11:22:59,17.82,--,10,17820,卖盘
1132,11:22:54,17.82,--,3,5346,卖盘
1133,11:22:39,17.82,--,1,1782,卖盘
1134,11:22:33,17.82,-0.01,29,53228,卖盘
1135,11:22:29,17.83,0.01,6,10697,买盘
1136,11:22:18,17.82,--,9,16038,卖盘
1137,11:22:14,17.82,-0.01,12,21384,卖盘
1138,11:22:03,17.83,--,68,121243,买盘
1139,11:21:59,17.83,0.01,6,10697,买盘
1140,11:21:54,17.82,--,28,49896,卖盘
1141,11:21:12,17.82,--,10,17820,卖盘
1142,11:21:08,17.82,-0.01,7,12474,卖盘
1143,11:21:03,17.83,0.01,3,5348,买盘
1144,11:20:38,17.82,-0.01,2,3564,卖盘
1145,11:20:33,17.83,0.01,10,17830,买盘
1146,11:20:27,17.82,--,3,5346,卖盘
1147,11:20:08,17.82,--,2,3564,卖盘
1148,11:19:57,17.82,--,5,8910,卖盘
1149,11:19:53,17.82,-0.01,10,17820,卖盘
1150,11:19:48,17.83,0.01,6,10697,买盘
1151,11:19:42,17.82,--,300,534600,卖盘
1152,11:19:38,17.82,--,75,133650,卖盘
1153,11:19:33,17.82,--,76,135432,卖盘
1154,11:19:27,17.82,--,8,14256,卖盘
1155,11:19:23,17.82,--,348,620136,卖盘
1156,11:19:18,17.82,--,53,94446,卖盘
1157,11:19:03,17.82,--,16,28512,卖盘
1158,11:18:42,17.82,--,50,89100,卖盘
1159,11:18:18,17.82,-0.01,6,10692,卖盘
1160,11:18:12,17.83,--,51,90932,买盘
1161,11:18:08,17.83,0.01,140,250939,买盘
1162,11:18:03,17.82,-0.01,92,163944,卖盘
1163,11:17:57,17.83,0.01,911,1624312,买盘
1164,11:17:48,17.82,-0.01,16,28512,卖盘
1165,11:17:38,17.83,0.01,10,17830,买盘
1166,11:17:27,17.82,--,17,30294,卖盘
1167,11:17:17,17.82,-0.01,3,5346,卖盘
1168,11:17:12,17.83,0.01,20,35660,买盘
1169,11:17:02,17.82,--,10,17820,卖盘
1170,11:16:57,17.82,--,30,53460,卖盘
1171,11:16:53,17.82,--,20,35640,卖盘
1172,11:16:42,17.82,--,1,1782,卖盘
1173,11:16:27,17.82,--,31,55242,卖盘
1174,11:16:22,17.82,--,17,30294,卖盘
1175,11:16:17,17.82,--,272,484704,卖盘
1176,11:16:12,17.82,--,178,317196,卖盘
1177,11:16:08,17.82,--,77,137214,卖盘
1178,11:16:02,17.82,--,30,53460,卖盘
1179,11:15:57,17.82,--,319,568458,卖盘
1180,11:15:52,17.82,--,18,32076,卖盘
1181,11:15:42,17.82,--,1543,2750766,卖盘
1182,11:15:27,17.82,--,54,96228,卖盘
1183,11:15:17,17.82,-0.01,4,7128,卖盘
1184,11:15:12,17.83,0.01,104,185485,买盘
1185,11:15:08,17.82,--,44,78408,卖盘
1186,11:15:02,17.82,--,840,1497895,卖盘
1187,11:14:57,17.82,--,10,17820,卖盘
1188,11:14:47,17.82,--,8,14256,卖盘
1189,11:14:42,17.82,--,110,196020,卖盘
1190,11:14:27,17.82,-0.01,13,23166,卖盘
1191,11:14:22,17.83,0.01,13,23178,买盘
1192,11:14:17,17.82,-0.01,20,35640,卖盘
1193,11:14:08,17.83,--,10,17830,买盘
1194,11:13:57,17.83,0.01,2,3565,买盘
1195,11:13:47,17.82,--,47,83754,卖盘
1196,11:13:42,17.82,--,17,30294,卖盘
1197,11:13:21,17.82,--,6,10692,卖盘
1198,11:13:17,17.82,--,9,16038,卖盘
1199,11:13:12,17.82,--,13,23166,卖盘
1200,11:13:02,17.82,--,2,3564,卖盘
1201,11:12:57,17.82,--,52,92664,卖盘
1202,11:12:42,17.82,--,16,28512,卖盘
1203,11:12:27,17.82,--,18,32076,卖盘
1204,11:12:02,17.82,--,2,3564,卖盘
1205,11:11:57,17.82,--,14,24948,卖盘
1206,11:11:51,17.82,--,18,32076,卖盘
1207,11:11:42,17.82,-0.01,18,32076,卖盘
1208,11:11:36,17.83,--,4,7131,买盘
1209,11:11:32,17.83,0.01,5,8915,买盘
1210,11:11:12,17.82,--,89,158598,卖盘
1211,11:11:06,17.82,--,9,16038,卖盘
1212,11:10:57,17.82,--,7,12474,卖盘
1213,11:10:27,17.82,--,6,10692,卖盘
1214,11:10:21,17.82,--,3,5346,卖盘
1215,11:10:12,17.82,--,20,36780,卖盘
1216,11:10:06,17.82,--,11,19602,卖盘
1217,11:09:57,17.82,-0.01,2,3564,卖盘
1218,11:09:51,17.83,0.01,54,96281,买盘
1219,11:09:46,17.82,--,1,1782,卖盘
1220,11:09:41,17.82,-0.01,5,8910,卖盘
1221,11:09:31,17.83,0.01,5,8915,买盘
1222,11:09:11,17.82,--,2,3564,卖盘
1223,11:08:56,17.82,-0.01,10,17820,卖盘
1224,11:08:51,17.83,0.01,41,73103,买盘
1225,11:08:46,17.82,--,38,67716,卖盘
1226,11:08:36,17.82,--,1,1782,卖盘
1227,11:08:26,17.82,--,4,7128,卖盘
1228,11:08:21,17.82,--,64,114048,卖盘
1229,11:08:16,17.82,--,2,3938,卖盘
1230,11:08:11,17.82,--,1,1782,卖盘
1231,11:08:06,17.82,--,1,1782,卖盘
1232,11:08:01,17.82,--,2,3564,卖盘
1233,11:07:56,17.82,--,50,89100,卖盘
1234,11:07:46,17.82,--,1,1782,卖盘
1235,11:07:41,17.82,-0.01,2,3564,卖盘
1236,11:07:31,17.83,0.01,3,5348,买盘
1237,11:07:26,17.82,--,3,5346,卖盘
1238,11:07:21,17.82,-0.01,0,17,卖盘
1239,11:07:06,17.83,0.01,15,26744,买盘
1240,11:06:56,17.82,--,10,17820,卖盘
1241,11:06:51,17.82,--,27,48149,卖盘
1242,11:06:46,17.82,--,28,50626,卖盘
1243,11:06:36,17.82,--,18,32076,卖盘
1244,11:06:15,17.82,--,1,1782,卖盘
1245,11:06:06,17.82,-0.01,37,65934,卖盘
1246,11:05:56,17.83,--,85,151840,卖盘
1247,11:05:51,17.83,0.01,114,204759,买盘
1248,11:05:41,17.82,--,165,294030,卖盘
1249,11:05:36,17.82,--,24,42768,卖盘
1250,11:05:30,17.82,--,0,0,卖盘
1251,11:05:26,17.82,-0.01,58,103356,卖盘
1252,11:05:21,17.83,--,50,89149,卖盘
1253,11:05:11,17.83,--,14,24961,卖盘
1254,11:05:06,17.83,--,113,202103,卖盘
1255,11:04:56,17.83,--,50,89149,卖盘
1256,11:04:51,17.83,--,51,92074,卖盘
1257,11:04:30,17.83,--,10,17830,卖盘
1258,11:04:21,17.83,--,26,46643,卖盘
1259,11:04:15,17.83,--,9,16046,卖盘
1260,11:03:51,17.83,-0.01,27,48765,卖盘
1261,11:03:45,17.84,--,9,16056,买盘
1262,11:03:41,17.84,--,24,42816,买盘
1263,11:03:15,17.84,0.01,1,1784,买盘
1264,11:03:06,17.83,--,4,7131,卖盘
1265,11:03:00,17.83,0.01,29,52313,买盘
1266,11:02:56,17.82,-0.01,3,5346,卖盘
1267,11:02:45,17.83,-0.01,28,49923,卖盘
1268,11:02:36,17.84,0.01,17,30328,买盘
1269,11:02:30,17.83,--,98,174733,买盘
1270,11:02:21,17.83,--,27,48140,买盘
1271,11:02:15,17.83,--,20,35660,买盘
1272,11:02:06,17.83,--,22,39225,卖盘
1273,11:02:00,17.83,0.01,106,189746,买盘
1274,11:01:50,17.82,-0.01,2233,3979206,卖盘
1275,11:01:45,17.83,0.01,51,90932,买盘
1276,11:01:36,17.82,-0.01,49,87318,卖盘
1277,11:01:30,17.83,0.01,44,79254,买盘
1278,11:01:15,17.82,-0.01,28,50644,卖盘
1279,11:01:05,17.83,0.01,74,131942,买盘
1280,11:00:50,17.82,--,27,49254,卖盘
1281,11:00:45,17.82,-0.01,54,97920,卖盘
1282,11:00:35,17.83,0.01,1,1782,买盘
1283,11:00:30,17.82,--,18,32076,卖盘
1284,11:00:20,17.82,--,148,263736,卖盘
1285,11:00:10,17.82,--,18,32076,卖盘
1286,11:00:00,17.82,-0.01,45,81330,卖盘
1287,10:59:45,17.83,-0.01,7,12480,买盘
1288,10:59:35,17.84,--,44,78496,买盘
1289,10:59:30,17.84,0.01,20,35680,买盘
1290,10:59:15,17.83,0.01,18,32093,卖盘
1291,10:59:05,17.82,--,0,0,卖盘
1292,10:59:00,17.82,-0.01,23,40986,卖盘
1293,10:58:50,17.83,-0.01,30,53489,卖盘
1294,10:58:45,17.84,--,0,0,买盘
1295,10:58:35,17.84,0.01,40,71360,买盘
1296,10:58:24,17.83,-0.01,45,80234,卖盘
1297,10:58:20,17.84,0.01,24,42816,买盘
1298,10:58:15,17.83,-0.01,11,19612,卖盘
1299,10:58:09,17.84,--,43,76712,买盘
1300,10:58:00,17.84,--,15,26760,买盘
1301,10:57:50,17.84,--,58,103472,买盘
1302,10:57:45,17.84,0.01,25,44600,买盘
1303,10:57:39,17.83,-0.01,71,126592,卖盘
1304,10:57:35,17.84,--,43,76712,买盘
1305,10:57:20,17.84,0.01,35,62440,买盘
1306,10:57:15,17.83,-0.01,27,48140,卖盘
1307,10:57:09,17.84,0.01,6,10704,买盘
1308,10:57:05,17.83,--,525,936074,卖盘
1309,10:56:50,17.83,-0.01,23,41008,卖盘
1310,10:56:39,17.84,0.01,5,8920,买盘
1311,10:56:35,17.83,--,21,37443,卖盘
1312,10:56:30,17.83,--,10,17830,卖盘
1313,10:56:24,17.83,--,20,35660,卖盘
1314,10:56:09,17.83,-0.01,3,5348,卖盘
1315,10:56:00,17.84,0.01,11,19624,买盘
1316,10:55:54,17.83,--,17,30310,卖盘
1317,10:55:45,17.83,--,19,33877,卖盘
1318,10:55:39,17.83,--,18,32093,卖盘
1319,10:55:35,17.83,--,83,147989,卖盘
1320,10:55:20,17.83,--,75,133725,卖盘
1321,10:55:09,17.83,--,97,172950,卖盘
1322,10:55:05,17.83,--,75,133725,卖盘
1323,10:55:00,17.83,--,100,178299,卖盘
1324,10:54:54,17.83,--,7,12480,卖盘
1325,10:54:50,17.83,-0.01,1,1782,卖盘
1326,10:54:30,17.84,--,5,8920,买盘
1327,10:54:19,17.84,--,19,33896,买盘
1328,10:54:04,17.84,0.01,2,3568,买盘
1329,10:53:54,17.83,--,91,162252,卖盘
1330,10:53:30,17.83,--,9,16046,卖盘
1331,10:53:19,17.83,--,12,21395,卖盘
1332,10:53:14,17.83,--,11,19612,卖盘
1333,10:53:09,17.83,0.01,73,130158,买盘
1334,10:52:59,17.82,-0.01,32,57024,卖盘
1335,10:52:54,17.83,0.01,12,21395,买盘
1336,10:52:44,17.82,--,5,8910,卖盘
1337,10:52:24,17.82,-0.01,15,27514,卖盘
1338,10:52:18,17.83,--,18,32093,买盘
1339,10:51:59,17.83,-0.01,10,17830,卖盘
1340,10:51:44,17.84,--,0,0,买盘
1341,10:51:39,17.84,--,20,35680,买盘
1342,10:51:33,17.84,--,1,1784,买盘
1343,10:51:29,17.84,0.01,21,37464,买盘
1344,10:51:24,17.83,0.01,10,17830,买盘
1345,10:51:09,17.82,--,6,10692,卖盘
1346,10:50:54,17.82,--,0,0,卖盘
1347,10:50:44,17.82,--,43,77463,卖盘
1348,10:50:39,17.82,-0.01,1,1782,卖盘
1349,10:50:33,17.83,0.01,2,3565,买盘
1350,10:50:24,17.82,--,3,5346,卖盘
1351,10:50:14,17.82,-0.01,26,47098,卖盘
1352,10:49:54,17.83,--,9,16046,卖盘
1353,10:49:44,17.83,-0.02,1,1782,卖盘
1354,10:49:33,17.85,--,0,0,买盘
1355,10:49:14,17.85,--,3,5355,买盘
1356,10:48:48,17.85,0.03,169,301665,买盘
1357,10:48:44,17.82,--,112,199584,卖盘
1358,10:48:33,17.82,--,41,73062,卖盘
1359,10:48:29,17.82,--,151,269082,卖盘
1360,10:48:23,17.82,--,28,50234,卖盘
1361,10:48:18,17.82,--,40,72723,卖盘
1362,10:48:14,17.82,--,50,89100,卖盘
1363,10:47:54,17.82,--,8,14256,卖盘
1364,10:47:38,17.82,--,18,32076,卖盘
1365,10:47:24,17.82,-0.04,16,28512,卖盘
1366,10:47:18,17.86,--,0,0,买盘
1367,10:47:09,17.86,--,13,23218,买盘
1368,10:47:03,17.86,--,9,16074,买盘
1369,10:46:58,17.86,--,47,83942,买盘
1370,10:46:53,17.86,--,88,158257,买盘
1371,10:46:48,17.86,--,1511,2698646,买盘
1372,10:46:43,17.86,--,108,192888,买盘
1373,10:46:38,17.86,0.01,54,96444,买盘
1374,10:46:33,17.85,0.01,21,37485,买盘
1375,10:46:23,17.84,-0.02,86,153424,中性盘
1376,10:46:18,17.86,0.01,75,135039,买盘
1377,10:46:13,17.85,--,2,3570,卖盘
1378,10:46:08,17.85,-0.01,109,194565,买盘
1379,10:46:03,17.86,0.01,85,151810,买盘
1380,10:45:58,17.85,--,8,14280,卖盘
1381,10:45:53,17.85,0.02,858,1532226,买盘
1382,10:45:38,17.83,-0.01,8,14263,卖盘
1383,10:45:33,17.84,0.01,27,48168,买盘
1384,10:45:27,17.83,--,1,1782,卖盘
1385,10:45:23,17.83,--,27,48140,卖盘
1386,10:45:18,17.83,-0.01,5,8915,卖盘
1387,10:45:08,17.84,--,52,92768,买盘
1388,10:45:03,17.84,--,171,305064,买盘
1389,10:44:48,17.84,0.01,3,5352,买盘
1390,10:44:42,17.83,--,10,17830,卖盘
1391,10:44:38,17.83,--,17,30310,卖盘
1392,10:44:33,17.83,--,34,60621,卖盘
1393,10:44:27,17.83,-0.01,3,5348,卖盘
1394,10:44:23,17.84,0.01,20,35680,买盘
1395,10:44:18,17.83,--,1,1782,卖盘
1396,10:44:12,17.83,--,1,1782,卖盘
1397,10:44:08,17.83,--,47,83800,买盘
1398,10:43:57,17.83,--,0,0,中性盘
1399,10:43:53,17.83,0.01,6,10697,买盘
1400,10:43:48,17.82,--,7,12474,卖盘
1401,10:43:42,17.82,--,0,0,卖盘
1402,10:43:38,17.82,--,2,3564,卖盘
1403,10:43:33,17.82,-0.03,6,10692,卖盘
1404,10:43:08,17.85,--,0,0,买盘
1405,10:43:03,17.85,0.04,5,8925,买盘
1406,10:42:57,17.81,--,0,0,卖盘
1407,10:42:53,17.81,--,2,3561,卖盘
1408,10:42:48,17.81,-0.04,5,8905,卖盘
1409,10:42:42,17.85,--,273,488536,卖盘
1410,10:42:38,17.85,--,9,16065,卖盘
1411,10:42:23,17.85,0.03,4772,8518573,买盘
1412,10:42:17,17.82,0.01,1,1782,买盘
1413,10:42:08,17.81,--,133,236872,卖盘
1414,10:41:53,17.81,-0.01,12,21372,卖盘
1415,10:41:47,17.82,0.01,39,69498,买盘
1416,10:41:42,17.81,--,5,8905,卖盘
1417,10:41:38,17.81,--,8,14247,卖盘
1418,10:41:32,17.81,-0.01,100,178100,卖盘
1419,10:41:17,17.82,0.01,10,17820,买盘
1420,10:41:08,17.81,-0.01,3,5343,卖盘
1421,10:41:02,17.82,--,9,16038,买盘
1422,10:40:47,17.82,--,32,57024,买盘
1423,10:40:37,17.82,0.01,10,17820,买盘
1424,10:40:27,17.81,-0.01,31,55210,卖盘
1425,10:40:22,17.82,0.01,61,108702,买盘
1426,10:40:17,17.81,-0.01,62,110421,卖盘
1427,10:40:12,17.82,0.01,32,57024,买盘
1428,10:40:02,17.81,--,23,40963,卖盘
1429,10:39:57,17.81,-0.01,4,8887,卖盘
1430,10:39:47,17.82,0.01,10,17820,买盘
1431,10:39:42,17.81,--,20,35620,卖盘
1432,10:39:17,17.81,--,13,23153,卖盘
1433,10:39:02,17.81,-0.01,309,550329,卖盘
1434,10:38:57,17.82,0.01,4,7128,买盘
1435,10:38:47,17.81,--,18,32057,卖盘
1436,10:38:38,17.81,-0.01,54,96174,卖盘
1437,10:38:27,17.82,0.01,22,39204,买盘
1438,10:38:22,17.81,--,1,1780,卖盘
1439,10:38:17,17.81,--,4,7123,卖盘
1440,10:38:12,17.81,--,53,94393,卖盘
1441,10:38:02,17.81,--,63,112202,卖盘
1442,10:37:47,17.81,-0.01,37,65897,卖盘
1443,10:37:42,17.82,0.01,355,632610,买盘
1444,10:37:32,17.81,--,30,53429,卖盘
1445,10:37:27,17.81,--,25,44525,卖盘
1446,10:37:21,17.81,--,8,14247,卖盘
1447,10:37:12,17.81,--,32,56991,卖盘
1448,10:37:02,17.81,--,2,3561,卖盘
1449,10:36:57,17.81,--,10,17810,卖盘
1450,10:36:46,17.81,--,1,1780,卖盘
1451,10:36:42,17.81,--,3,5343,卖盘
1452,10:36:32,17.81,--,60,106859,卖盘
1453,10:36:27,17.81,--,63,112844,卖盘
1454,10:36:17,17.81,--,115,204814,卖盘
1455,10:36:12,17.81,--,10,17810,卖盘
1456,10:36:02,17.81,--,36,64115,卖盘
1457,10:35:57,17.81,--,4,7123,卖盘
1458,10:35:51,17.81,-0.01,5,8905,卖盘
1459,10:35:47,17.82,0.01,35,62370,买盘
1460,10:35:36,17.81,--,280,498679,卖盘
1461,10:35:32,17.81,--,6,10686,卖盘
1462,10:35:26,17.81,-0.01,151,268931,卖盘
1463,10:35:21,17.82,0.01,2,3564,买盘
1464,10:35:17,17.81,-0.02,7,12467,卖盘
1465,10:35:12,17.83,0.02,20,35660,买盘
1466,10:35:06,17.81,-0.01,352,626912,卖盘
1467,10:34:51,17.82,-0.01,10,17820,卖盘
1468,10:34:47,17.83,0.02,1,1782,买盘
1469,10:34:41,17.81,--,0,0,卖盘
1470,10:34:36,17.81,-0.02,34,60553,卖盘
1471,10:34:21,17.83,0.02,70,124809,买盘
1472,10:34:17,17.81,--,116,207165,卖盘
1473,10:34:11,17.81,--,170,302770,卖盘
1474,10:34:06,17.81,--,33,58772,卖盘
1475,10:34:01,17.81,-0.01,10,17810,卖盘
1476,10:33:56,17.82,0.01,45,80190,买盘
1477,10:33:41,17.81,--,0,0,卖盘
1478,10:33:31,17.81,--,198,352638,卖盘
1479,10:33:26,17.81,--,5,8905,卖盘
1480,10:33:16,17.81,--,7,12467,卖盘
1481,10:33:11,17.81,--,164,292084,卖盘
1482,10:33:06,17.81,-0.01,87,155534,卖盘
1483,10:33:01,17.82,-0.02,164,292248,卖盘
1484,10:32:51,17.84,0.03,63,112392,买盘
1485,10:32:41,17.81,--,0,0,卖盘
1486,10:32:26,17.81,-0.01,219,390039,卖盘
1487,10:32:21,17.82,--,91,162162,卖盘
1488,10:32:11,17.82,--,38,67716,卖盘
1489,10:32:06,17.82,0.01,60,106920,中性盘
1490,10:31:51,17.81,--,560,997359,卖盘
1491,10:31:46,17.81,-0.02,181,322361,卖盘
1492,10:31:41,17.83,-0.01,1,1782,卖盘
1493,10:31:36,17.84,-0.01,23,41032,卖盘
1494,10:31:26,17.85,--,51,91035,买盘
1495,10:31:21,17.85,--,132,235959,卖盘
1496,10:31:15,17.85,-0.01,46,82110,卖盘
1497,10:31:11,17.86,0.01,97,173242,买盘
1498,10:31:06,17.85,--,205,367370,卖盘
1499,10:31:00,17.85,--,13,23205,中性盘
1500,10:30:56,17.85,--,353,630105,卖盘
1501,10:30:51,17.85,--,5,9228,卖盘
1502,10:30:45,17.85,-0.01,1,1785,卖盘
1503,10:30:41,17.86,0.04,7822,13971824,买盘
1504,10:30:36,17.82,--,60,106920,买盘
1505,10:30:30,17.82,0.01,9,16038,买盘
1506,10:30:26,17.81,--,9,16028,卖盘
1507,10:30:21,17.81,--,127,226186,卖盘
1508,10:30:15,17.81,-0.01,2,3561,卖盘
1509,10:30:11,17.82,0.01,70,124740,买盘
1510,10:30:06,17.81,--,64,113983,卖盘
1511,10:30:00,17.81,-0.01,17,30276,卖盘
1512,10:29:56,17.82,0.01,1,1782,买盘
1513,10:29:51,17.81,--,15,26714,卖盘
1514,10:29:41,17.81,-0.01,5,8905,卖盘
1515,10:29:36,17.82,0.01,21,37422,买盘
1516,10:29:30,17.81,--,10,17810,卖盘
1517,10:29:25,17.81,--,14,24934,卖盘
1518,10:29:21,17.81,--,41,74392,卖盘
1519,10:29:15,17.81,--,7,12467,卖盘
1520,10:29:11,17.81,--,131,233310,卖盘
1521,10:29:06,17.81,--,10,17810,卖盘
1522,10:28:50,17.81,--,84,149604,卖盘
1523,10:28:35,17.81,--,1,1780,卖盘
1524,10:28:30,17.81,--,29,51648,卖盘
1525,10:28:26,17.81,--,266,473745,卖盘
1526,10:28:20,17.81,--,5,8905,卖盘
1527,10:28:11,17.81,--,178,317018,卖盘
1528,10:28:05,17.81,--,11,19591,卖盘
1529,10:28:00,17.81,--,462,822821,卖盘
1530,10:27:55,17.81,-0.01,13,23153,卖盘
1531,10:27:50,17.82,0.01,75,133703,买盘
1532,10:27:35,17.81,--,1,1780,卖盘
1533,10:27:20,17.81,--,6,10686,卖盘
1534,10:27:11,17.81,--,94,167414,卖盘
1535,10:27:05,17.81,--,24,42744,卖盘
1536,10:27:00,17.81,--,6,10686,卖盘
1537,10:26:55,17.81,--,72,128231,卖盘
1538,10:26:50,17.81,--,3,5343,卖盘
1539,10:26:45,17.81,--,4,7123,卖盘
1540,10:26:40,17.81,--,12,21372,卖盘
1541,10:26:35,17.81,--,25,44525,卖盘
1542,10:26:30,17.81,--,5,8905,卖盘
1543,10:26:25,17.81,--,10,17810,卖盘
1544,10:26:20,17.81,-0.01,71,126450,卖盘
1545,10:26:15,17.82,0.01,26,46332,买盘
1546,10:26:10,17.81,--,50,89050,卖盘
1547,10:26:05,17.81,--,20,35620,卖盘
1548,10:26:00,17.81,--,55,97955,卖盘
1549,10:25:55,17.81,--,17,30276,卖盘
1550,10:25:50,17.81,--,13,23153,卖盘
1551,10:25:40,17.81,--,36,64115,卖盘
1552,10:25:35,17.81,--,66,117545,卖盘
1553,10:25:30,17.81,--,209,372229,卖盘
1554,10:25:25,17.81,--,114,203033,卖盘
1555,10:25:20,17.81,--,44,78364,卖盘
1556,10:25:10,17.81,-0.01,27,48087,卖盘
1557,10:25:05,17.82,0.01,35,62370,买盘
1558,10:25:00,17.81,--,33,58772,卖盘
1559,10:24:55,17.81,-0.01,21,37401,卖盘
1560,10:24:45,17.82,0.01,11,19602,买盘
1561,10:24:20,17.81,-0.01,35,62334,卖盘
1562,10:24:15,17.82,-0.01,6,10692,卖盘
1563,10:24:05,17.83,0.01,16,28527,买盘
1564,10:24:00,17.82,--,37,65934,卖盘
1565,10:23:54,17.82,--,4,7128,卖盘
1566,10:23:50,17.82,--,45,80190,卖盘
1567,10:23:45,17.82,--,10,17820,卖盘
1568,10:23:39,17.82,--,85,151470,卖盘
1569,10:23:35,17.82,--,68,121176,卖盘
1570,10:23:30,17.82,--,5,8910,卖盘
1571,10:23:19,17.82,--,21,37422,卖盘
1572,10:23:15,17.82,-0.01,235,418770,卖盘
1573,10:23:04,17.83,0.01,599,1068017,买盘
1574,10:23:00,17.82,--,16,28512,卖盘
1575,10:22:54,17.82,--,18,32076,卖盘
1576,10:22:45,17.82,-0.01,10,17820,卖盘
1577,10:22:39,17.83,0.01,10,17830,买盘
1578,10:22:34,17.82,--,17,30294,卖盘
1579,10:22:24,17.82,-0.01,2,3564,卖盘
1580,10:22:19,17.83,0.01,2,3565,买盘
1581,10:22:15,17.82,-0.01,25,44550,卖盘
1582,10:22:09,17.83,--,2,3565,买盘
1583,10:22:04,17.83,0.01,29,51706,买盘
1584,10:22:00,17.82,--,17,30294,卖盘
1585,10:21:54,17.82,-0.01,11,19602,卖盘
1586,10:21:49,17.83,0.01,3,5348,买盘
1587,10:21:45,17.82,--,4,7128,卖盘
1588,10:21:39,17.82,-0.01,6,10692,卖盘
1589,10:21:34,17.83,--,165,294195,买盘
1590,10:21:29,17.83,0.01,21,37443,买盘
1591,10:21:19,17.82,--,15,26730,卖盘
1592,10:21:14,17.82,-0.01,15,26730,卖盘
1593,10:21:09,17.83,--,29,51706,买盘
1594,10:21:04,17.83,--,35,62404,买盘
1595,10:20:59,17.83,--,278,495673,买盘
1596,10:20:49,17.83,--,100,178299,买盘
1597,10:20:44,17.83,--,218,388693,买盘
1598,10:20:39,17.83,--,35,62404,买盘
1599,10:20:34,17.83,0.01,101,180082,买盘
1600,10:20:24,17.82,-0.01,209,372438,卖盘
1601,10:20:19,17.83,--,50,89149,买盘
1602,10:20:14,17.83,0.01,32,57055,买盘
1603,10:20:09,17.82,--,51,90882,卖盘
1604,10:20:04,17.82,--,60,106920,卖盘
1605,10:19:59,17.82,-0.01,39,69498,卖盘
1606,10:19:54,17.83,0.01,577,1028790,买盘
1607,10:19:49,17.82,--,8,14256,卖盘
1608,10:19:39,17.82,--,17,30882,卖盘
1609,10:19:34,17.82,--,15,27763,卖盘
1610,10:19:29,17.82,--,29,51678,卖盘
1611,10:19:19,17.82,--,41,73062,卖盘
1612,10:19:14,17.82,-0.01,2,3564,卖盘
1613,10:19:09,17.83,0.01,29,51706,买盘
1614,10:19:04,17.82,--,143,255823,卖盘
1615,10:18:59,17.82,--,20,35640,卖盘
1616,10:18:54,17.82,--,63,112266,卖盘
1617,10:18:49,17.82,--,65,115830,卖盘
1618,10:18:44,17.82,--,153,272646,卖盘
1619,10:18:34,17.82,--,15,27727,卖盘
1620,10:18:29,17.82,--,52,92664,卖盘
1621,10:18:24,17.82,--,46,83290,卖盘
1622,10:18:09,17.82,--,14,24948,卖盘
1623,10:18:04,17.82,--,17,31291,卖盘
1624,10:17:59,17.82,--,48,85536,卖盘
1625,10:17:54,17.82,--,49,87318,卖盘
1626,10:17:44,17.82,--,57,102215,卖盘
1627,10:17:39,17.82,-0.01,15,27727,卖盘
1628,10:17:34,17.83,0.01,5,8915,买盘
1629,10:17:29,17.82,-0.01,89,158598,卖盘
1630,10:17:14,17.83,0.01,24,42791,买盘
1631,10:17:09,17.82,-0.01,67,120391,卖盘
1632,10:16:59,17.83,0.01,143,254968,买盘
1633,10:16:44,17.82,--,10,17820,卖盘
1634,10:16:39,17.82,--,10,17820,卖盘
1635,10:16:33,17.82,-0.01,30,53460,卖盘
1636,10:16:29,17.83,0.01,33,58838,买盘
1637,10:16:24,17.82,--,12,21384,卖盘
1638,10:16:14,17.82,--,41,73062,卖盘
1639,10:15:59,17.82,-0.01,79,140778,卖盘
1640,10:15:54,17.83,-0.01,13,23178,卖盘
1641,10:15:44,17.84,--,24,43440,卖盘
1642,10:15:39,17.84,0.01,306,546653,买盘
1643,10:15:33,17.83,--,1,1782,卖盘
1644,10:15:29,17.83,--,127,226440,卖盘
1645,10:15:24,17.83,--,8,14263,卖盘
1646,10:15:18,17.83,--,2,3565,卖盘
1647,10:14:58,17.83,-0.01,16,28527,卖盘
1648,10:14:53,17.84,0.01,2,3568,买盘
1649,10:14:48,17.83,-0.01,2,3565,卖盘
1650,10:14:43,17.84,--,137,244408,买盘
1651,10:14:38,17.84,0.01,120,214080,买盘
1652,10:14:23,17.83,-0.01,36,64187,卖盘
1653,10:14:18,17.84,0.01,104,185536,买盘
1654,10:14:13,17.83,--,84,149772,卖盘
1655,10:14:08,17.83,--,3,5348,卖盘
1656,10:14:03,17.83,--,5,8915,卖盘
1657,10:13:58,17.83,--,15,26744,卖盘
1658,10:13:53,17.83,--,100,178299,卖盘
1659,10:13:43,17.83,--,179,319763,买盘
1660,10:13:38,17.83,0.01,11,19612,买盘
1661,10:13:23,17.82,-0.01,55,98010,卖盘
1662,10:13:13,17.83,0.01,900,1604699,买盘
1663,10:13:08,17.82,--,23,41609,卖盘
1664,10:13:03,17.82,-0.01,2,3564,卖盘
1665,10:12:58,17.83,--,29,51706,买盘
1666,10:12:53,17.83,--,72,129552,卖盘
1667,10:12:48,17.83,--,2,3565,卖盘
1668,10:12:38,17.83,--,80,142640,卖盘
1669,10:12:33,17.83,--,100,178299,卖盘
1670,10:12:23,17.83,--,20,36890,卖盘
1671,10:12:13,17.83,--,72,128375,卖盘
1672,10:12:08,17.83,--,48,85583,卖盘
1673,10:12:03,17.83,-0.01,240,427919,卖盘
1674,10:11:58,17.84,0.01,35,62440,买盘
1675,10:11:53,17.83,-0.01,3,5348,卖盘
1676,10:11:48,17.84,--,13,23192,买盘
1677,10:11:43,17.84,0.01,32,57088,买盘
1678,10:11:38,17.83,--,15,26744,卖盘
1679,10:11:28,17.83,--,41,73103,卖盘
1680,10:11:23,17.83,--,1,1782,卖盘
1681,10:11:18,17.83,--,31,55272,卖盘
1682,10:11:13,17.83,--,20,35660,卖盘
1683,10:11:03,17.83,--,102,181865,卖盘
1684,10:10:58,17.83,0.01,231,413031,买盘
1685,10:10:53,17.82,--,107,191992,卖盘
1686,10:10:48,17.82,--,30,53460,卖盘
1687,10:10:43,17.82,--,23,40986,卖盘
1688,10:10:38,17.82,-0.01,118,210276,卖盘
1689,10:10:33,17.83,0.01,20,35660,买盘
1690,10:10:28,17.82,-0.01,10,17820,卖盘
1691,10:10:23,17.83,--,141,251402,买盘
1692,10:10:13,17.83,0.01,35,62404,买盘
1693,10:10:08,17.82,--,1,1782,卖盘
1694,10:10:03,17.82,-0.01,56,100415,卖盘
1695,10:09:58,17.83,0.01,50,89149,买盘
1696,10:09:53,17.82,-0.01,5,9302,卖盘
1697,10:09:48,17.83,0.01,53,94498,买盘
1698,10:09:43,17.82,--,35,62370,卖盘
1699,10:09:38,17.82,--,21,37422,卖盘
1700,10:09:33,17.82,--,74,131868,卖盘
1701,10:09:28,17.82,--,35,62370,卖盘
1702,10:09:23,17.82,-0.01,4,7128,卖盘
1703,10:09:18,17.83,0.01,3,5348,买盘
1704,10:09:08,17.82,-0.01,6,10692,卖盘
1705,10:09:03,17.83,--,48,85583,买盘
1706,10:08:57,17.83,0.01,75,134955,买盘
1707,10:08:48,17.82,-0.01,12,21384,卖盘
1708,10:08:38,17.83,--,5,8915,买盘
1709,10:08:23,17.83,--,88,156903,买盘
1710,10:08:18,17.83,--,106,189550,卖盘
1711,10:08:03,17.83,-0.01,46,83248,卖盘
1712,10:07:57,17.84,0.01,36,64224,买盘
1713,10:07:53,17.83,-0.01,8,14263,卖盘
1714,10:07:47,17.84,0.01,111,198024,买盘
1715,10:07:42,17.83,-0.01,77,137291,卖盘
1716,10:07:32,17.84,0.01,16,28544,买盘
1717,10:07:22,17.83,-0.01,1,1782,卖盘
1718,10:07:17,17.84,--,35,64152,卖盘
1719,10:07:12,17.84,--,66,117744,卖盘
1720,10:07:07,17.84,0.01,80,142791,买盘
1721,10:07:02,17.83,--,50,89149,卖盘
1722,10:06:57,17.83,--,20,35660,卖盘
1723,10:06:52,17.83,-0.01,23,41008,卖盘
1724,10:06:47,17.84,--,7,12488,买盘
1725,10:06:42,17.84,--,5,8920,买盘
1726,10:06:37,17.84,-0.01,70,124880,买盘
1727,10:06:32,17.85,--,83,148155,买盘
1728,10:06:27,17.85,--,107,190995,买盘
1729,10:06:22,17.85,0.01,154,274890,买盘
1730,10:06:17,17.84,-0.01,54,96336,中性盘
1731,10:06:12,17.85,0.01,147,262395,买盘
1732,10:06:07,17.84,--,610,1088240,买盘
1733,10:06:02,17.84,-0.01,95,169480,卖盘
1734,10:05:57,17.85,--,39,69615,买盘
1735,10:05:52,17.85,0.01,158,282030,买盘
1736,10:05:47,17.84,0.01,25,44600,买盘
1737,10:05:42,17.83,-0.01,30,53489,卖盘
1738,10:05:37,17.84,-0.01,34,61565,买盘
1739,10:05:32,17.85,0.01,23,41055,买盘
1740,10:05:27,17.84,0.02,3,5352,买盘
1741,10:05:22,17.82,-0.03,106,188892,卖盘
1742,10:05:17,17.85,--,6,10710,买盘
1743,10:05:12,17.85,--,7,12495,买盘
1744,10:05:07,17.85,0.03,209,373689,买盘
1745,10:05:02,17.82,-0.02,345,614790,卖盘
1746,10:04:57,17.84,-0.01,78,139152,卖盘
1747,10:04:52,17.85,--,120,214200,买盘
1748,10:04:47,17.85,0.01,20,35700,买盘
1749,10:04:42,17.84,--,6,10704,卖盘
1750,10:04:37,17.84,--,5,8920,卖盘
1751,10:04:32,17.84,--,91,162344,卖盘
1752,10:04:27,17.84,--,1,1784,卖盘
1753,10:04:22,17.84,--,76,135584,卖盘
1754,10:04:17,17.84,0.02,492,877728,买盘
1755,10:04:12,17.82,--,10,17820,买盘
1756,10:04:07,17.82,--,1,1782,买盘
1757,10:04:02,17.82,--,1,1782,买盘
1758,10:03:57,17.82,--,29,51678,买盘
1759,10:03:52,17.82,--,7,12474,买盘
1760,10:03:47,17.82,-0.01,1,1782,卖盘
1761,10:03:37,17.83,--,7,12480,买盘
1762,10:03:32,17.83,--,21,37443,买盘
1763,10:03:22,17.83,--,13,23178,买盘
1764,10:03:12,17.83,--,47,83800,卖盘
1765,10:03:07,17.83,-0.02,6,10697,卖盘
1766,10:03:02,17.85,0.04,497,887145,买盘
1767,10:02:57,17.81,-0.01,8,14247,卖盘
1768,10:02:52,17.82,0.01,1,1782,中性盘
1769,10:02:47,17.81,-0.03,4,7123,卖盘
1770,10:02:42,17.84,0.03,9,16056,买盘
1771,10:02:37,17.81,-0.02,2,3561,卖盘
1772,10:02:32,17.83,-0.01,63,112328,卖盘
1773,10:02:27,17.84,--,102,181968,买盘
1774,10:02:17,17.84,--,31,55304,买盘
1775,10:02:12,17.84,0.03,210,374640,买盘
1776,10:02:07,17.81,--,0,0,卖盘
1777,10:02:02,17.81,-0.02,9,16028,卖盘
1778,10:01:57,17.83,-0.01,54,96281,买盘
1779,10:01:47,17.84,--,49,88076,卖盘
1780,10:01:41,17.84,--,161,288347,买盘
1781,10:01:36,17.84,--,0,0,买盘
1782,10:01:32,17.84,0.01,124,221216,买盘
1783,10:01:26,17.83,-0.01,22,39225,卖盘
1784,10:01:22,17.84,--,49,87416,买盘
1785,10:01:16,17.84,--,88,156992,买盘
1786,10:01:11,17.84,--,41,73144,买盘
1787,10:01:06,17.84,--,0,0,买盘
1788,10:01:02,17.84,--,16,28544,买盘
1789,10:00:56,17.84,--,41,73144,买盘
1790,10:00:51,17.84,--,21,37464,买盘
1791,10:00:46,17.84,--,30,53520,买盘
1792,10:00:41,17.84,0.02,70,124880,买盘
1793,10:00:36,17.82,-0.02,28,49896,卖盘
1794,10:00:32,17.84,--,37,66008,买盘
1795,10:00:26,17.84,0.03,81,145503,买盘
1796,10:00:21,17.81,-0.02,86,153985,卖盘
1797,10:00:16,17.83,--,194,345901,买盘
1798,10:00:11,17.83,0.02,164,292412,买盘
1799,10:00:06,17.81,--,10,17810,卖盘
1800,10:00:01,17.81,--,30,53429,卖盘
1801,09:59:56,17.81,--,46,81926,卖盘
1802,09:59:51,17.81,--,5,8905,卖盘
1803,09:59:46,17.81,-0.01,19,33839,卖盘
1804,09:59:41,17.82,0.01,20,35640,买盘
1805,09:59:36,17.81,--,1,1780,卖盘
1806,09:59:31,17.81,--,102,181662,卖盘
1807,09:59:26,17.81,--,113,201253,买盘
1808,09:59:16,17.81,--,32,56991,买盘
1809,09:59:11,17.81,0.01,7,12467,买盘
1810,09:58:56,17.8,--,28,49840,买盘
1811,09:58:51,17.8,0.01,2,3560,买盘
1812,09:58:36,17.79,--,0,142,卖盘
1813,09:58:26,17.79,-0.01,64,114745,卖盘
1814,09:58:16,17.8,--,1,1780,买盘
1815,09:58:11,17.8,0.01,26,46280,买盘
1816,09:58:06,17.79,-0.01,5,8895,卖盘
1817,09:58:01,17.8,0.01,6,10680,买盘
1818,09:57:56,17.79,-0.01,65,115635,卖盘
1819,09:57:46,17.8,0.01,12,21360,买盘
1820,09:57:21,17.79,--,0,0,卖盘
1821,09:57:16,17.79,-0.01,950,1690050,卖盘
1822,09:57:11,17.8,-0.02,44,78320,卖盘
1823,09:57:06,17.82,0.02,158,281556,买盘
1824,09:57:01,17.8,--,49,87220,卖盘
1825,09:56:41,17.8,-0.02,94,167320,卖盘
1826,09:56:31,17.82,--,11,19602,买盘
1827,09:56:26,17.82,--,5,8910,买盘
1828,09:56:10,17.82,--,127,226314,卖盘
1829,09:56:06,17.82,-0.02,5,8910,卖盘
1830,09:56:01,17.84,--,1,1784,买盘
1831,09:55:55,17.84,--,41,73144,买盘
1832,09:55:51,17.84,0.01,20,35680,买盘
1833,09:55:46,17.83,--,20,35660,买盘
1834,09:55:40,17.83,--,55,98064,买盘
1835,09:55:36,17.83,--,22,39225,买盘
1836,09:55:31,17.83,--,691,1232177,卖盘
1837,09:55:25,17.83,--,116,208147,卖盘
1838,09:55:21,17.83,--,41,73103,卖盘
1839,09:55:16,17.83,--,2,3565,卖盘
1840,09:55:10,17.83,0.03,1008,1797602,买盘
1841,09:54:55,17.8,--,1,1780,买盘
1842,09:54:50,17.8,--,79,140620,买盘
1843,09:54:46,17.8,0.01,10,17800,买盘
1844,09:54:40,17.79,--,71,126309,卖盘
1845,09:54:35,17.79,-0.01,6,10674,卖盘
1846,09:54:25,17.8,0.01,4,7120,买盘
1847,09:54:20,17.79,--,37,65823,卖盘
1848,09:54:15,17.79,-0.01,17,30243,卖盘
1849,09:54:05,17.8,0.01,106,188680,买盘
1850,09:54:00,17.79,-0.01,2,3558,卖盘
1851,09:53:55,17.8,0.01,3,5340,买盘
1852,09:53:50,17.79,-0.01,33,58707,卖盘
1853,09:53:46,17.8,--,16,28480,买盘
1854,09:53:40,17.8,0.01,108,192240,买盘
1855,09:53:35,17.79,-0.01,10,17790,卖盘
1856,09:53:30,17.8,--,70,124600,买盘
1857,09:53:25,17.8,--,24,42720,买盘
1858,09:53:20,17.8,0.01,6,10680,买盘
1859,09:53:15,17.79,-0.01,141,250839,卖盘
1860,09:53:10,17.8,0.01,1,1780,买盘
1861,09:53:05,17.79,--,65,116595,买盘
1862,09:53:00,17.79,--,20,35580,买盘
1863,09:52:50,17.79,0.01,123,218817,买盘
1864,09:52:45,17.78,-0.02,30,53340,卖盘
1865,09:52:40,17.8,0.02,2430,4325400,买盘
1866,09:52:35,17.78,--,185,328930,买盘
1867,09:52:30,17.78,--,511,908558,买盘
1868,09:52:25,17.78,--,43,76454,买盘
1869,09:52:20,17.78,--,12,21336,买盘
1870,09:52:10,17.78,--,20,35560,买盘
1871,09:52:05,17.78,--,64,113792,卖盘
1872,09:51:55,17.78,--,240,426720,卖盘
1873,09:51:50,17.78,0.01,5,8890,中性盘
1874,09:51:45,17.77,--,52,93185,卖盘
1875,09:51:35,17.77,-0.01,174,309198,卖盘
1876,09:51:25,17.78,0.01,55,97790,买盘
1877,09:51:20,17.77,-0.01,42,74634,卖盘
1878,09:51:15,17.78,0.01,18,32004,买盘
1879,09:51:10,17.77,--,30,53310,卖盘
1880,09:51:05,17.77,--,73,129721,卖盘
1881,09:51:00,17.77,--,44,78188,卖盘
1882,09:50:55,17.77,-0.01,106,188362,卖盘
1883,09:50:50,17.78,0.01,7,12446,买盘
1884,09:50:45,17.77,--,95,168815,卖盘
1885,09:50:40,17.77,--,1,1777,卖盘
1886,09:50:35,17.77,--,438,779605,买盘
1887,09:50:25,17.77,--,10,17770,买盘
1888,09:50:20,17.77,--,20,35540,买盘
1889,09:50:15,17.77,0.01,658,1169266,买盘
1890,09:50:05,17.76,-0.01,5,8880,卖盘
1891,09:49:55,17.77,-0.01,362,643736,卖盘
1892,09:49:45,17.78,0.01,46,81788,买盘
1893,09:49:35,17.77,-0.01,10,17770,卖盘
1894,09:49:25,17.78,0.01,3,5334,买盘
1895,09:49:19,17.77,--,15,26655,卖盘
1896,09:49:10,17.77,-0.01,20,35540,卖盘
1897,09:49:04,17.78,--,29,51562,买盘
1898,09:49:00,17.78,0.01,10,17780,买盘
1899,09:48:49,17.77,0.01,223,397585,买盘
1900,09:48:45,17.76,-0.01,77,136752,卖盘
1901,09:48:40,17.77,--,49,87073,买盘
1902,09:48:34,17.77,--,65,115505,买盘
1903,09:48:30,17.77,0.01,14,24878,买盘
1904,09:48:25,17.76,-0.01,144,255744,卖盘
1905,09:48:19,17.77,--,225,399825,买盘
1906,09:48:14,17.77,0.01,10,17770,买盘
1907,09:48:04,17.76,--,9,15984,卖盘
1908,09:47:59,17.76,-0.01,10,17760,卖盘
1909,09:47:49,17.77,0.01,5,8885,买盘
1910,09:47:44,17.76,--,3,5328,卖盘
1911,09:47:39,17.76,--,15,26640,卖盘
1912,09:47:34,17.76,-0.01,3,5328,卖盘
1913,09:47:29,17.77,0.01,13,23101,买盘
1914,09:47:19,17.76,--,6,10656,卖盘
1915,09:47:14,17.76,--,15,26640,卖盘
1916,09:46:59,17.76,--,12,21312,卖盘
1917,09:46:49,17.76,--,137,243312,买盘
1918,09:46:44,17.76,0.01,32,56832,买盘
1919,09:46:39,17.75,--,10,17750,卖盘
1920,09:46:29,17.75,0.01,163,289325,卖盘
1921,09:46:19,17.74,--,9,15965,卖盘
1922,09:46:14,17.74,-0.01,68,120631,卖盘
1923,09:46:09,17.75,0.01,492,873300,买盘
1924,09:46:04,17.74,--,16,28383,卖盘
1925,09:45:59,17.74,-0.01,316,560584,卖盘
1926,09:45:54,17.75,0.01,60,106500,买盘
1927,09:45:34,17.74,-0.01,324,574776,卖盘
1928,09:45:29,17.75,--,33,58823,买盘
1929,09:45:24,17.75,0.01,1,1775,买盘
1930,09:45:19,17.74,-0.01,26,46123,卖盘
1931,09:45:14,17.75,--,50,88750,买盘
1932,09:45:04,17.75,0.01,79,140225,买盘
1933,09:44:59,17.74,-0.01,24,42575,卖盘
1934,09:44:54,17.75,--,21,37275,买盘
1935,09:44:49,17.75,--,1,1775,买盘
1936,09:44:44,17.75,--,58,102950,买盘
1937,09:44:34,17.75,0.01,213,378075,买盘
1938,09:44:29,17.74,-0.01,21,37254,卖盘
1939,09:44:24,17.75,--,11,19525,买盘
1940,09:44:14,17.75,--,37,66207,卖盘
1941,09:44:04,17.75,--,17,30175,卖盘
1942,09:43:59,17.75,--,43,76325,卖盘
1943,09:43:54,17.75,--,9,15975,卖盘
1944,09:43:49,17.75,-0.01,30,53250,卖盘
1945,09:43:44,17.76,--,22,39072,买盘
1946,09:43:29,17.76,0.01,23,40848,买盘
1947,09:43:24,17.75,--,1,1775,卖盘
1948,09:43:19,17.75,--,11,20767,买盘
1949,09:43:04,17.75,--,51,90525,买盘
1950,09:42:58,17.75,-0.01,97,172707,卖盘
1951,09:42:54,17.76,-0.01,8,14208,卖盘
1952,09:42:49,17.77,0.01,101,179477,买盘
1953,09:42:43,17.76,--,45,79920,买盘
1954,09:42:39,17.76,0.01,12,21312,买盘
1955,09:42:33,17.75,--,27,47925,卖盘
1956,09:42:24,17.75,--,2,4792,卖盘
1957,09:42:19,17.75,-0.01,6,10650,卖盘
1958,09:42:09,17.76,0.01,43,76368,买盘
1959,09:42:04,17.75,-0.01,73,129575,卖盘
1960,09:41:58,17.76,0.01,4,7104,买盘
1961,09:41:48,17.75,--,23,40825,卖盘
1962,09:41:43,17.75,0.02,236,418900,买盘
1963,09:41:33,17.73,--,0,0,卖盘
1964,09:41:23,17.73,--,38,67374,卖盘
1965,09:41:18,17.73,-0.01,85,150705,卖盘
1966,09:41:08,17.74,0.01,1,1773,中性盘
1967,09:40:58,17.73,-0.01,100,177300,卖盘
1968,09:40:53,17.74,0.01,428,759697,买盘
1969,09:40:48,17.73,--,35,62055,卖盘
1970,09:40:43,17.73,--,5,8865,卖盘
1971,09:40:38,17.73,-0.01,4,7092,卖盘
1972,09:40:33,17.74,--,2,3547,买盘
1973,09:40:28,17.74,0.01,4,7095,买盘
1974,09:40:23,17.73,--,5,8865,卖盘
1975,09:40:18,17.73,--,2,3546,卖盘
1976,09:40:13,17.73,0.02,113,200349,买盘
1977,09:40:08,17.71,0.01,259,458689,买盘
1978,09:40:03,17.7,--,225,398250,卖盘
1979,09:39:58,17.7,--,2,3540,卖盘
1980,09:39:53,17.7,-0.01,15,26550,卖盘
1981,09:39:48,17.71,--,54,95634,卖盘
1982,09:39:43,17.71,--,60,106260,卖盘
1983,09:39:38,17.71,-0.01,97,171787,卖盘
1984,09:39:33,17.72,--,30,53160,卖盘
1985,09:39:28,17.72,--,61,108092,卖盘
1986,09:39:23,17.72,--,75,132900,卖盘
1987,09:39:18,17.72,-0.02,5,8860,卖盘
1988,09:39:13,17.74,0.01,8,14191,买盘
1989,09:39:08,17.73,-0.01,34,60282,卖盘
1990,09:39:03,17.74,--,3,5321,买盘
1991,09:38:53,17.74,0.01,7,12417,买盘
1992,09:38:43,17.73,0.01,3,5319,买盘
1993,09:38:38,17.72,-0.01,110,194920,卖盘
1994,09:38:33,17.73,0.01,41,72693,买盘
1995,09:38:28,17.72,--,191,338452,卖盘
1996,09:38:23,17.72,--,100,177200,卖盘
1997,09:38:18,17.72,--,14,24808,卖盘
1998,09:38:13,17.72,0.01,100,177200,买盘
1999,09:38:08,17.71,-0.01,105,185955,卖盘
2000,09:38:03,17.72,--,17,30123,买盘
2001,09:37:58,17.72,0.01,16,28352,买盘
2002,09:37:53,17.71,0.01,27,47817,卖盘
2003,09:37:48,17.7,-0.01,406,718620,卖盘
2004,09:37:43,17.71,--,31,54901,卖盘
2005,09:37:38,17.71,0.01,133,236446,买盘
2006,09:37:28,17.7,--,41,72570,卖盘
2007,09:37:23,17.7,--,23,40710,卖盘
2008,09:37:18,17.7,0.01,149,264862,买盘
2009,09:37:13,17.69,-0.01,22,38918,卖盘
2010,09:37:08,17.7,--,30,53100,买盘
2011,09:37:03,17.7,--,12,21240,买盘
2012,09:36:57,17.7,-0.01,221,391807,卖盘
2013,09:36:52,17.71,0.01,223,394933,买盘
2014,09:36:48,17.7,-0.01,72,127440,卖盘
2015,09:36:43,17.71,0.01,17,30107,买盘
2016,09:36:37,17.7,-0.01,61,107970,卖盘
2017,09:36:28,17.71,--,600,1064069,卖盘
2018,09:36:22,17.71,-0.01,170,301070,卖盘
2019,09:36:18,17.72,--,84,148848,卖盘
2020,09:36:13,17.72,--,40,70880,卖盘
2021,09:36:07,17.72,--,53,93916,卖盘
2022,09:36:03,17.72,--,10,17720,卖盘
2023,09:35:57,17.72,--,140,248079,卖盘
2024,09:35:52,17.72,--,36,63791,卖盘
2025,09:35:48,17.72,0.01,77,136444,中性盘
2026,09:35:43,17.71,--,43,76153,卖盘
2027,09:35:37,17.71,-0.02,92,163233,卖盘
2028,09:35:32,17.73,0.01,20,35460,中性盘
2029,09:35:27,17.72,--,35,62019,卖盘
2030,09:35:22,17.72,0.01,40,70880,中性盘
2031,09:35:17,17.71,--,22,38962,卖盘
2032,09:35:12,17.71,--,39,69069,卖盘
2033,09:35:07,17.71,--,70,123970,卖盘
2034,09:35:02,17.71,--,33,58443,卖盘
2035,09:34:57,17.71,-0.04,27,47817,卖盘
2036,09:34:52,17.75,--,2,3550,卖盘
2037,09:34:47,17.75,--,3,5325,卖盘
2038,09:34:42,17.75,0.05,178,315950,买盘
2039,09:34:37,17.7,--,108,192292,买盘
2040,09:34:32,17.7,0.01,4,7080,买盘
2041,09:34:27,17.69,--,31,54839,卖盘
2042,09:34:22,17.69,0.01,4,7076,卖盘
2043,09:34:12,17.68,-0.02,48,84864,卖盘
2044,09:34:07,17.7,0.02,80,141600,买盘
2045,09:34:02,17.68,--,3,5304,卖盘
2046,09:33:52,17.68,-0.02,13,22984,卖盘
2047,09:33:47,17.7,0.03,257,455544,买盘
2048,09:33:42,17.67,--,25,44175,买盘
2049,09:33:37,17.67,-0.01,133,235187,卖盘
2050,09:33:32,17.68,-0.01,56,99008,卖盘
2051,09:33:27,17.69,--,274,486298,买盘
2052,09:33:22,17.69,0.01,26,46170,买盘
2053,09:33:17,17.68,--,537,951007,卖盘
2054,09:33:12,17.68,-0.01,39,68952,卖盘
2055,09:33:07,17.69,--,142,251198,买盘
2056,09:33:02,17.69,--,399,705831,买盘
2057,09:32:52,17.69,--,18,31842,买盘
2058,09:32:47,17.69,-0.01,78,137982,卖盘
2059,09:32:42,17.7,-0.02,393,696548,卖盘
2060,09:32:37,17.72,0.02,34,60247,买盘
2061,09:32:32,17.7,-0.02,10,17700,卖盘
2062,09:32:27,17.72,--,0,0,买盘
2063,09:32:22,17.72,--,1421,2518012,卖盘
2064,09:32:17,17.72,--,384,680448,卖盘
2065,09:32:12,17.72,--,88,155936,卖盘
2066,09:32:07,17.72,--,0,0,卖盘
2067,09:32:02,17.72,-0.01,113,200236,卖盘
2068,09:31:57,17.73,--,2,3546,卖盘
2069,09:31:51,17.73,0.01,83,147159,买盘
2070,09:31:47,17.72,-0.01,22,38984,卖盘
2071,09:31:42,17.73,--,10,17730,买盘
2072,09:31:37,17.73,--,55,97515,买盘
2073,09:31:32,17.73,-0.01,5,8865,卖盘
2074,09:31:27,17.74,--,0,0,买盘
2075,09:31:21,17.74,0.01,159,282066,买盘
2076,09:31:17,17.73,-0.01,8,14184,卖盘
2077,09:31:02,17.74,--,58,103069,卖盘
2078,09:30:57,17.74,--,1,1773,卖盘
2079,09:30:51,17.74,0.02,109,194962,买盘
2080,09:30:47,17.72,-0.02,45,79740,卖盘
2081,09:30:36,17.74,--,22,39205,卖盘
2082,09:30:31,17.74,--,207,368814,卖盘
2083,09:30:27,17.74,--,3,5321,卖盘
2084,09:30:21,17.74,-0.01,52,92247,卖盘
2085,09:30:16,17.75,0.03,101,179275,买盘
2086,09:30:12,17.72,-0.01,55,97460,卖盘
2087,09:30:06,17.73,-0.01,964,1710732,卖盘
2088,09:30:01,17.74,--,651,1155920,买盘
2089,09:28:59,17.74,--,0,0,买盘
2090,09:25:05,17.74,17.74,824,1461775,买盘
