,time,price,change,volume,amount,type
0,15:00:00,13.1,--,0,0,卖盘
1,14:59:59,13.1,-0.01,0,0,卖盘
2,14:59:55,13.11,--,6,7866,买盘
3,14:59:50,13.11,-0.01,40,52440,卖盘
4,14:59:45,13.12,--,5,6560,买盘
5,14:59:40,13.12,--,0,0,买盘
6,14:59:30,13.12,0.02,116,152192,买盘
7,14:59:25,13.1,--,12,16204,买盘
8,14:59:20,13.1,--,78,102180,买盘
9,14:59:15,13.1,--,3,3930,买盘
10,14:59:10,13.1,-0.01,407,533170,卖盘
11,14:59:05,13.11,0.01,53,69483,买盘
12,14:58:50,13.1,--,63,82530,卖盘
13,14:58:45,13.1,--,0,0,卖盘
14,14:58:40,13.1,--,237,310470,卖盘
15,14:58:35,13.1,--,104,136240,卖盘
16,14:58:30,13.1,-0.01,71,93010,卖盘
17,14:58:25,13.11,0.01,19,24909,买盘
18,14:58:20,13.1,--,83,108730,卖盘
19,14:58:15,13.1,-0.01,22,28820,卖盘
20,14:58:10,13.11,--,2,2622,买盘
21,14:58:00,13.11,0.01,3,3933,买盘
22,14:57:55,13.1,0.02,9,11790,买盘
23,14:57:50,13.08,-0.03,234,306503,卖盘
24,14:57:45,13.11,--,25,32775,卖盘
25,14:57:35,13.11,0.02,178,233358,买盘
26,14:57:30,13.09,-0.01,223,291907,卖盘
27,14:57:20,13.1,--,78,102180,买盘
28,14:57:15,13.1,--,36,47160,买盘
29,14:57:10,13.1,0.01,24,31440,买盘
30,14:57:05,13.09,--,2,2618,卖盘
31,14:56:59,13.09,--,43,56287,卖盘
32,14:56:49,13.09,-0.01,14,18326,卖盘
33,14:56:44,13.1,--,29,37990,买盘
34,14:56:40,13.1,--,5,6550,买盘
35,14:56:34,13.1,--,48,62880,买盘
36,14:56:29,13.1,--,49,64190,买盘
37,14:56:24,13.1,--,9,11790,买盘
38,14:56:19,13.1,--,14,18340,买盘
39,14:56:14,13.1,0.01,32,41920,买盘
40,14:56:10,13.09,-0.01,54,70686,卖盘
41,14:56:04,13.1,--,31,40610,买盘
42,14:55:58,13.1,0.02,23,30130,买盘
43,14:55:55,13.08,-0.02,200,261600,卖盘
44,14:55:49,13.1,0.01,51,66810,买盘
45,14:55:44,13.09,0.01,10,13090,买盘
46,14:55:39,13.08,--,51,66708,卖盘
47,14:55:34,13.08,-0.01,55,71940,卖盘
48,14:55:29,13.09,0.01,50,65450,买盘
49,14:55:19,13.08,--,369,482652,卖盘
50,14:55:14,13.08,--,88,115104,买盘
51,14:55:09,13.08,--,20,26160,买盘
52,14:55:04,13.08,--,58,75864,买盘
53,14:54:59,13.08,--,19,24852,买盘
54,14:54:49,13.08,--,29,37932,买盘
55,14:54:44,13.08,-0.01,112,146496,卖盘
56,14:54:40,13.09,0.01,13,17017,买盘
57,14:54:34,13.08,-0.01,7,9156,卖盘
58,14:54:29,13.09,-0.01,39,51051,卖盘
59,14:54:25,13.1,0.03,3,3930,买盘
60,14:54:19,13.07,-0.01,438,572466,卖盘
61,14:54:14,13.08,--,39,51012,卖盘
62,14:54:04,13.08,--,53,69324,卖盘
63,14:53:59,13.08,--,99,129492,买盘
64,14:53:55,13.08,--,3,3924,买盘
65,14:53:49,13.08,0.01,35,45780,买盘
66,14:53:44,13.07,--,14,18298,卖盘
67,14:53:34,13.07,--,43,56201,卖盘
68,14:53:29,13.07,--,44,57508,卖盘
69,14:53:25,13.07,--,60,78420,买盘
70,14:53:19,13.07,--,29,37903,买盘
71,14:53:14,13.07,-0.01,43,56201,买盘
72,14:53:09,13.08,--,16,20928,买盘
73,14:53:04,13.08,0.01,131,172642,买盘
74,14:52:59,13.07,-0.01,3,3921,卖盘
75,14:52:54,13.08,--,67,87636,买盘
76,14:52:49,13.08,--,10,13080,买盘
77,14:52:44,13.08,--,21,27468,买盘
78,14:52:39,13.08,-0.01,66,86328,卖盘
79,14:52:34,13.09,0.01,10,13090,买盘
80,14:52:28,13.08,--,33,43164,卖盘
81,14:52:24,13.08,--,21,27468,卖盘
82,14:52:19,13.08,--,19,24852,卖盘
83,14:52:13,13.08,-0.01,23,30084,卖盘
84,14:52:09,13.09,--,4,5236,买盘
85,14:52:04,13.09,--,10,13090,买盘
86,14:51:59,13.09,-0.01,68,89012,卖盘
87,14:51:54,13.1,--,10,13100,买盘
88,14:51:49,13.1,--,58,75980,买盘
89,14:51:44,13.1,-0.01,112,146720,卖盘
90,14:51:39,13.11,-0.01,58,76038,中性盘
91,14:51:34,13.12,0.02,24,31487,买盘
92,14:51:29,13.1,-0.02,123,161130,卖盘
93,14:51:24,13.12,--,11,14432,卖盘
94,14:51:19,13.12,--,172,225664,卖盘
95,14:51:14,13.12,-0.01,90,118080,卖盘
96,14:51:04,13.13,--,16,21008,买盘
97,14:50:59,13.13,0.01,4,5252,买盘
98,14:50:54,13.12,--,10,13120,卖盘
99,14:50:49,13.12,-0.01,40,52480,卖盘
100,14:50:44,13.13,--,12,15756,买盘
101,14:50:39,13.13,--,10,13130,买盘
102,14:50:34,13.13,0.01,14,18382,买盘
103,14:50:28,13.12,-0.01,8,10496,卖盘
104,14:50:23,13.13,--,75,98475,卖盘
105,14:50:19,13.13,--,10,13130,卖盘
106,14:50:13,13.13,--,16,21008,卖盘
107,14:50:08,13.13,--,27,35451,卖盘
108,14:50:04,13.13,--,1,1313,卖盘
109,14:49:58,13.13,--,2,2626,卖盘
110,14:49:53,13.13,--,12,15756,卖盘
111,14:49:43,13.13,--,29,38077,卖盘
112,14:49:38,13.13,-0.01,15,19695,卖盘
113,14:49:28,13.14,--,6,7884,买盘
114,14:49:23,13.14,--,57,74898,卖盘
115,14:49:13,13.14,--,33,43362,买盘
116,14:49:08,13.14,0.01,129,169506,买盘
117,14:48:58,13.13,-0.01,200,262600,卖盘
118,14:48:49,13.14,--,3,3942,卖盘
119,14:48:43,13.14,--,27,35478,买盘
120,14:48:38,13.14,--,45,59130,卖盘
121,14:48:28,13.14,-0.01,156,204984,卖盘
122,14:48:18,13.15,0.01,78,102570,买盘
123,14:48:13,13.14,--,50,65700,卖盘
124,14:48:08,13.14,--,25,32850,卖盘
125,14:48:04,13.14,--,50,65700,卖盘
126,14:47:58,13.14,-0.01,63,82782,卖盘
127,14:47:53,13.15,--,50,65750,买盘
128,14:47:48,13.15,0.01,1,1315,买盘
129,14:47:43,13.14,-0.01,19,24966,卖盘
130,14:47:38,13.15,0.01,30,39450,买盘
131,14:47:33,13.14,-0.01,2,2628,卖盘
132,14:47:28,13.15,--,150,197250,买盘
133,14:47:13,13.15,--,2,2630,买盘
134,14:47:08,13.15,0.01,4,5260,买盘
135,14:47:03,13.14,-0.01,5,6570,卖盘
136,14:46:58,13.15,--,5,6575,买盘
137,14:46:53,13.15,0.01,26,34190,买盘
138,14:46:38,13.14,--,3,3942,卖盘
139,14:46:23,13.14,-0.01,17,22338,卖盘
140,14:46:13,13.15,--,55,72325,买盘
141,14:45:58,13.15,--,20,26300,买盘
142,14:45:48,13.15,--,28,36820,买盘
143,14:45:43,13.15,--,3,3945,买盘
144,14:45:23,13.15,--,5,6575,买盘
145,14:45:18,13.15,--,1,1315,买盘
146,14:45:13,13.15,--,19,24985,买盘
147,14:45:08,13.15,--,13,17095,卖盘
148,14:44:58,13.15,--,16,21040,卖盘
149,14:44:48,13.15,--,32,42080,卖盘
150,14:44:43,13.15,--,20,26300,买盘
151,14:44:38,13.15,0.01,5,6575,买盘
152,14:44:33,13.14,-0.01,10,13140,卖盘
153,14:44:28,13.15,--,2,2630,买盘
154,14:44:23,13.15,0.01,20,26300,买盘
155,14:44:13,13.14,-0.01,13,17082,卖盘
156,14:44:08,13.15,-0.01,25,32875,买盘
157,14:44:03,13.16,--,0,0,买盘
158,14:43:58,13.16,0.01,41,53956,买盘
159,14:43:43,13.15,--,31,40765,卖盘
160,14:43:38,13.15,--,19,24985,卖盘
161,14:43:28,13.15,-0.01,17,22355,卖盘
162,14:43:22,13.16,--,72,94752,买盘
163,14:43:13,13.16,-0.01,53,69748,卖盘
164,14:43:07,13.17,0.01,21,27657,买盘
165,14:42:58,13.16,-0.01,11,14476,卖盘
166,14:42:52,13.17,0.01,4,5268,买盘
167,14:42:48,13.16,-0.01,11,14476,卖盘
168,14:42:43,13.17,--,6,7902,买盘
169,14:42:37,13.17,--,6,7902,卖盘
170,14:42:27,13.17,0.01,18,23706,买盘
171,14:42:22,13.16,--,8,10528,卖盘
172,14:42:17,13.16,--,11,14476,卖盘
173,14:42:07,13.16,--,48,63168,卖盘
174,14:41:57,13.16,--,11,14476,卖盘
175,14:41:52,13.16,-0.01,5,6580,卖盘
176,14:41:47,13.17,--,2,2634,卖盘
177,14:41:37,13.17,--,11,14487,卖盘
178,14:41:32,13.17,-0.01,12,15804,买盘
179,14:41:22,13.18,--,0,0,买盘
180,14:41:16,13.18,0.02,70,92260,买盘
181,14:41:07,13.16,--,0,0,卖盘
182,14:41:02,13.16,0.01,20,26320,卖盘
183,14:40:57,13.15,-0.01,21,27615,卖盘
184,14:40:52,13.16,--,0,0,买盘
185,14:40:47,13.16,--,141,185556,买盘
186,14:40:42,13.16,0.01,2,2632,买盘
187,14:40:37,13.15,-0.01,11,14465,卖盘
188,14:40:31,13.16,0.01,85,111860,买盘
189,14:40:27,13.15,-0.01,11,14465,卖盘
190,14:40:22,13.16,--,16,21056,买盘
191,14:40:17,13.16,-0.02,262,344792,卖盘
192,14:40:12,13.18,-0.01,3,3954,卖盘
193,14:40:07,13.19,0.01,28,36932,买盘
194,14:39:57,13.18,-0.01,11,14498,卖盘
195,14:39:52,13.19,--,0,0,买盘
196,14:39:47,13.19,0.01,25,32975,买盘
197,14:39:42,13.18,--,80,105440,卖盘
198,14:39:37,13.18,--,11,14498,卖盘
199,14:39:27,13.18,--,11,14498,卖盘
200,14:39:22,13.18,0.01,42,55356,买盘
201,14:39:17,13.17,0.01,57,75069,中性盘
202,14:39:07,13.16,-0.01,62,81592,卖盘
203,14:39:02,13.17,0.01,10,13170,买盘
204,14:38:52,13.16,--,1,1316,卖盘
205,14:38:47,13.16,--,24,31584,买盘
206,14:38:42,13.16,--,14,18424,买盘
207,14:38:37,13.16,0.01,119,156604,买盘
208,14:38:22,13.15,--,3,3945,买盘
209,14:38:17,13.15,--,22,28930,买盘
210,14:38:12,13.15,--,3,3945,买盘
211,14:38:07,13.15,0.01,42,55230,买盘
212,14:38:02,13.14,--,29,38106,卖盘
213,14:37:47,13.14,--,116,152424,买盘
214,14:37:42,13.14,--,8,10512,买盘
215,14:37:37,13.14,0.01,15,19710,买盘
216,14:37:31,13.13,-0.01,11,14443,卖盘
217,14:37:22,13.14,0.01,55,72270,买盘
218,14:37:17,13.13,--,128,168064,卖盘
219,14:37:02,13.13,--,38,49894,卖盘
220,14:36:57,13.13,-0.01,22,28886,卖盘
221,14:36:52,13.14,--,10,13140,买盘
222,14:36:42,13.14,--,3,3942,卖盘
223,14:36:37,13.14,--,30,39420,卖盘
224,14:36:22,13.14,-0.01,24,31536,卖盘
225,14:36:07,13.15,--,97,127555,卖盘
226,14:36:01,13.15,--,40,52600,卖盘
227,14:35:57,13.15,--,35,46025,卖盘
228,14:35:52,13.15,-0.01,24,31560,卖盘
229,14:35:46,13.16,0.01,60,78960,买盘
230,14:35:42,13.15,--,6,7890,卖盘
231,14:35:37,13.15,--,12,15780,卖盘
232,14:35:31,13.15,-0.01,19,24985,卖盘
233,14:35:27,13.16,0.01,5,6580,买盘
234,14:35:21,13.15,-0.01,47,61805,卖盘
235,14:35:16,13.16,--,6,7896,卖盘
236,14:35:11,13.16,--,106,139496,卖盘
237,14:35:07,13.16,--,9,11844,卖盘
238,14:35:01,13.16,--,172,226352,买盘
239,14:34:52,13.16,--,10,13160,买盘
240,14:34:46,13.16,--,9,11844,卖盘
241,14:34:41,13.16,--,30,39480,卖盘
242,14:34:31,13.16,--,59,77644,卖盘
243,14:34:21,13.16,--,10,13160,卖盘
244,14:34:11,13.16,--,9,11844,卖盘
245,14:34:01,13.16,-0.01,10,13160,卖盘
246,14:33:55,13.17,0.01,1,1317,买盘
247,14:33:51,13.16,-0.01,19,25004,卖盘
248,14:33:40,13.17,--,8,10536,卖盘
249,14:33:36,13.17,--,50,65850,卖盘
250,14:33:31,13.17,-0.01,44,57948,卖盘
251,14:33:26,13.18,--,3,3954,买盘
252,14:33:16,13.18,-0.01,164,216152,卖盘
253,14:33:11,13.19,0.01,12,15828,买盘
254,14:33:01,13.18,-0.01,10,13180,卖盘
255,14:32:51,13.19,--,31,40889,卖盘
256,14:32:46,13.19,-0.01,12,15828,卖盘
257,14:32:41,13.2,0.01,29,38280,买盘
258,14:32:36,13.19,--,5,6595,卖盘
259,14:32:31,13.19,--,12,15828,卖盘
260,14:32:25,13.19,--,5,6595,卖盘
261,14:32:21,13.19,--,11,14509,卖盘
262,14:32:16,13.19,0.01,54,71226,买盘
263,14:32:11,13.18,--,9,11862,卖盘
264,14:32:01,13.18,0.01,11,14498,中性盘
265,14:31:46,13.17,--,0,0,卖盘
266,14:31:41,13.17,-0.03,110,144870,卖盘
267,14:31:25,13.2,-0.03,11,14520,卖盘
268,14:31:21,13.23,0.03,15,19845,买盘
269,14:31:11,13.2,-0.04,4,5280,卖盘
270,14:31:06,13.24,-0.01,45,59580,买盘
271,14:30:56,13.25,--,0,0,买盘
272,14:30:51,13.25,0.05,46,60950,买盘
273,14:30:46,13.2,-0.02,7,9240,卖盘
274,14:30:41,13.22,-0.02,10,13220,中性盘
275,14:30:36,13.24,0.04,45,59580,买盘
276,14:30:31,13.2,-0.04,1,1320,卖盘
277,14:30:21,13.24,--,58,76792,买盘
278,14:30:11,13.24,--,0,0,买盘
279,14:30:06,13.24,0.04,45,59580,买盘
280,14:29:55,13.2,-0.05,3,3960,卖盘
281,14:29:51,13.25,0.01,60,79500,买盘
282,14:29:40,13.24,-0.01,16,21184,中性盘
283,14:29:35,13.25,0.01,45,59625,买盘
284,14:29:31,13.24,--,0,0,买盘
285,14:29:25,13.24,--,1,1324,买盘
286,14:29:21,13.24,--,52,68848,买盘
287,14:29:10,13.24,--,0,0,买盘
288,14:29:06,13.24,--,45,59580,买盘
289,14:29:01,13.24,--,18,23832,卖盘
290,14:28:55,13.24,-0.01,16,21184,中性盘
291,14:28:50,13.25,0.02,45,59625,买盘
292,14:28:46,13.23,--,0,0,中性盘
293,14:28:40,13.23,-0.02,10,13230,卖盘
294,14:28:35,13.25,0.01,45,59625,买盘
295,14:28:31,13.24,--,8,10592,卖盘
296,14:28:21,13.24,0.01,47,62228,买盘
297,14:28:16,13.23,0.01,2,2646,买盘
298,14:28:10,13.22,-0.02,9,11898,卖盘
299,14:28:05,13.24,0.02,55,72820,买盘
300,14:28:01,13.22,-0.02,30,39660,卖盘
301,14:27:55,13.24,--,0,0,买盘
302,14:27:51,13.24,0.02,57,75468,买盘
303,14:27:40,13.22,-0.01,10,13220,卖盘
304,14:27:36,13.23,0.01,50,66150,买盘
305,14:27:30,13.22,--,9,11898,卖盘
306,14:27:25,13.22,-0.01,40,52880,卖盘
307,14:27:21,13.23,0.02,55,72765,买盘
308,14:27:16,13.21,--,50,66869,买盘
309,14:27:10,13.21,-0.02,6,8427,卖盘
310,14:27:05,13.23,0.02,45,59535,买盘
311,14:27:01,13.21,-0.01,10,13210,卖盘
312,14:26:55,13.22,--,1,2141,买盘
313,14:26:50,13.22,--,45,59490,买盘
314,14:26:46,13.22,0.02,5,6610,买盘
315,14:26:40,13.2,-0.02,10,13200,卖盘
316,14:26:34,13.22,0.02,48,63456,买盘
317,14:26:30,13.2,--,0,0,卖盘
318,14:26:25,13.2,--,2,2640,卖盘
319,14:26:20,13.2,0.01,85,112200,卖盘
320,14:26:10,13.19,-0.02,9,11871,卖盘
321,14:26:05,13.21,--,45,59445,买盘
322,14:26:00,13.21,--,0,0,买盘
323,14:25:50,13.21,0.02,54,71334,买盘
324,14:25:45,13.19,-0.01,11,14509,买盘
325,14:25:40,13.2,-0.01,88,116160,卖盘
326,14:25:35,13.21,0.01,167,220607,买盘
327,14:25:30,13.2,--,0,0,买盘
328,14:25:20,13.2,0.01,54,71280,买盘
329,14:25:10,13.19,-0.02,13,17147,卖盘
330,14:25:04,13.21,0.02,194,256274,买盘
331,14:25:00,13.19,-0.01,9,11871,卖盘
332,14:24:49,13.2,0.02,54,71280,买盘
333,14:24:45,13.18,--,10,13180,卖盘
334,14:24:40,13.18,-0.02,9,11862,卖盘
335,14:24:34,13.2,0.02,74,97680,买盘
336,14:24:30,13.18,--,9,11862,卖盘
337,14:24:25,13.18,-0.01,2,2636,卖盘
338,14:24:20,13.19,--,48,63312,买盘
339,14:24:10,13.19,--,0,0,买盘
340,14:24:05,13.19,--,73,96287,买盘
341,14:24:00,13.19,--,0,0,买盘
342,14:23:50,13.19,--,52,68588,买盘
343,14:23:45,13.19,--,0,0,买盘
344,14:23:40,13.19,--,0,0,买盘
345,14:23:34,13.19,--,45,59355,买盘
346,14:23:25,13.19,--,5,6595,卖盘
347,14:23:20,13.19,0.04,40,52760,买盘
348,14:23:10,13.15,-0.03,6,7890,卖盘
349,14:23:05,13.18,-0.02,45,59310,中性盘
350,14:23:00,13.2,--,0,0,买盘
351,14:22:50,13.2,--,45,59400,买盘
352,14:22:40,13.2,--,0,0,买盘
353,14:22:34,13.2,--,53,69960,买盘
354,14:22:30,13.2,--,0,0,买盘
355,14:22:19,13.2,--,48,63360,买盘
356,14:22:10,13.2,--,0,0,买盘
357,14:22:04,13.2,--,45,59400,买盘
358,14:21:59,13.2,--,0,0,买盘
359,14:21:49,13.2,0.04,45,59400,买盘
360,14:21:44,13.16,-0.04,16,21056,卖盘
361,14:21:39,13.2,--,10,13200,买盘
362,14:21:34,13.2,--,45,59400,买盘
363,14:21:24,13.2,--,0,0,买盘
364,14:21:19,13.2,-0.01,51,67320,买盘
365,14:21:10,13.21,--,0,0,买盘
366,14:21:04,13.21,0.01,45,59445,买盘
367,14:20:59,13.2,--,0,0,买盘
368,14:20:49,13.2,-0.01,47,62040,卖盘
369,14:20:34,13.21,--,146,192866,卖盘
370,14:20:30,13.21,0.01,9,11889,卖盘
371,14:20:24,13.2,--,21,27720,买盘
372,14:20:19,13.2,--,45,59400,买盘
373,14:20:09,13.2,-0.02,3,3960,卖盘
374,14:20:04,13.22,0.07,45,59490,买盘
375,14:19:59,13.15,--,0,0,卖盘
376,14:19:54,13.15,-0.07,2,2630,卖盘
377,14:19:49,13.22,--,45,59490,买盘
378,14:19:39,13.22,--,0,0,买盘
379,14:19:34,13.22,0.02,66,87754,买盘
380,14:19:30,13.2,0.05,44,58898,买盘
381,14:19:24,13.15,-0.05,3,3945,卖盘
382,14:19:19,13.2,0.05,45,59400,买盘
383,14:19:13,13.15,-0.05,12,15780,卖盘
384,14:19:04,13.2,0.05,45,59400,买盘
385,14:18:54,13.15,-0.05,140,184100,卖盘
386,14:18:49,13.2,--,45,59400,买盘
387,14:18:34,13.2,0.05,45,59400,买盘
388,14:18:29,13.15,-0.03,10,13150,卖盘
389,14:18:19,13.18,0.03,51,67218,买盘
390,14:18:13,13.15,-0.01,14,18410,卖盘
391,14:18:04,13.16,--,45,59220,买盘
392,14:17:59,13.16,-0.01,2,2632,卖盘
393,14:17:49,13.17,0.02,179,235743,买盘
394,14:17:44,13.15,-0.01,50,65750,卖盘
395,14:17:39,13.16,--,5,6580,买盘
396,14:17:34,13.16,0.01,61,80276,买盘
397,14:17:29,13.15,-0.01,13,17095,中性盘
398,14:17:19,13.16,0.01,46,60536,买盘
399,14:17:14,13.15,--,29,38135,中性盘
400,14:17:09,13.15,-0.01,14,18410,买盘
401,14:17:04,13.16,0.01,55,72380,买盘
402,14:16:59,13.15,-0.01,13,17095,中性盘
403,14:16:54,13.16,--,4,5264,买盘
404,14:16:49,13.16,--,52,68432,买盘
405,14:16:43,13.16,--,0,0,买盘
406,14:16:34,13.16,0.02,47,61852,买盘
407,14:16:29,13.14,--,10,13140,卖盘
408,14:16:24,13.14,-0.02,4,5256,卖盘
409,14:16:19,13.16,0.02,45,59220,买盘
410,14:16:14,13.14,--,16,21024,买盘
411,14:16:09,13.14,0.01,4,5256,买盘
412,14:16:04,13.13,-0.01,52,68276,卖盘
413,14:15:54,13.14,--,48,63072,买盘
414,14:15:49,13.14,0.01,55,72270,买盘
415,14:15:43,13.13,-0.01,2,2626,卖盘
416,14:15:34,13.14,0.01,48,63072,中性盘
417,14:15:28,13.13,-0.03,44,57772,卖盘
418,14:15:24,13.16,--,0,0,买盘
419,14:15:19,13.16,0.06,45,59220,买盘
420,14:15:13,13.1,-0.03,143,187330,卖盘
421,14:15:04,13.13,-0.03,95,124735,卖盘
422,14:14:58,13.16,--,0,0,买盘
423,14:14:49,13.16,0.03,57,75012,买盘
424,14:14:43,13.13,-0.03,11,14443,卖盘
425,14:14:33,13.16,0.02,45,59220,买盘
426,14:14:28,13.14,-0.02,8,10512,卖盘
427,14:14:18,13.16,0.02,45,59220,买盘
428,14:14:13,13.14,-0.01,49,64386,卖盘
429,14:14:03,13.15,--,52,68380,买盘
430,14:13:48,13.15,--,55,72325,买盘
431,14:13:43,13.15,-0.01,203,267273,卖盘
432,14:13:38,13.16,-0.01,12,15792,买盘
433,14:13:34,13.17,0.01,57,75069,买盘
434,14:13:28,13.16,-0.01,3,3948,卖盘
435,14:13:18,13.17,--,45,59265,买盘
436,14:13:13,13.17,--,21,27657,卖盘
437,14:13:08,13.17,-0.01,58,76386,卖盘
438,14:13:03,13.18,0.01,50,65900,买盘
439,14:12:58,13.17,--,38,50046,卖盘
440,14:12:54,13.17,-0.01,28,36876,买盘
441,14:12:48,13.18,0.02,60,79080,买盘
442,14:12:43,13.16,-0.01,33,43428,卖盘
443,14:12:39,13.17,-0.01,2,2634,卖盘
444,14:12:33,13.18,0.01,61,80398,买盘
445,14:12:18,13.17,-0.03,93,122481,卖盘
446,14:12:09,13.2,--,0,0,买盘
447,14:12:03,13.2,0.02,67,88440,买盘
448,14:11:58,13.18,-0.02,48,63264,卖盘
449,14:11:48,13.2,0.02,48,63360,买盘
450,14:11:43,13.18,--,81,106758,卖盘
451,14:11:37,13.18,-0.02,10,13180,卖盘
452,14:11:33,13.2,0.02,46,60720,买盘
453,14:11:28,13.18,--,0,0,卖盘
454,14:11:23,13.18,-0.01,54,71172,卖盘
455,14:11:18,13.19,--,2,2638,卖盘
456,14:11:13,13.19,-0.03,20,26380,卖盘
457,14:11:08,13.22,0.03,60,79320,买盘
458,14:10:58,13.19,-0.01,4,5276,卖盘
459,14:10:53,13.2,-0.01,45,59400,买盘
460,14:10:43,13.21,-0.02,31,40951,卖盘
461,14:10:38,13.23,0.01,45,59535,买盘
462,14:10:28,13.22,--,25,33050,买盘
463,14:10:22,13.22,--,45,59490,买盘
464,14:10:18,13.22,--,0,0,买盘
465,14:10:13,13.22,--,50,66100,买盘
466,14:10:07,13.22,--,45,59490,买盘
467,14:10:03,13.22,--,0,0,买盘
468,14:09:58,13.22,--,0,0,买盘
469,14:09:53,13.22,0.03,45,59490,买盘
470,14:09:48,13.19,-0.03,2,2638,卖盘
471,14:09:43,13.22,0.03,45,59490,买盘
472,14:09:28,13.19,-0.03,1,1319,卖盘
473,14:09:23,13.22,--,45,59490,买盘
474,14:09:07,13.22,--,45,59490,买盘
475,14:09:02,13.22,--,0,0,买盘
476,14:08:52,13.22,0.05,45,59490,买盘
477,14:08:43,13.17,-0.05,22,28974,卖盘
478,14:08:37,13.22,0.05,65,85930,卖盘
479,14:08:28,13.17,-0.05,47,61899,卖盘
480,14:08:22,13.22,0.06,16,21826,买盘
481,14:08:18,13.16,-0.06,50,65800,卖盘
482,14:08:07,13.22,0.03,57,75354,买盘
483,14:07:52,13.19,-0.03,57,75829,卖盘
484,14:07:42,13.22,--,0,0,买盘
485,14:07:37,13.22,--,92,121624,买盘
486,14:07:27,13.22,--,84,111048,买盘
487,14:07:22,13.22,--,82,108404,卖盘
488,14:07:12,13.22,-0.01,11,14542,卖盘
489,14:07:07,13.23,--,63,83349,买盘
490,14:06:52,13.23,0.01,105,138915,买盘
491,14:06:42,13.22,-0.02,20,26440,卖盘
492,14:06:37,13.24,0.02,45,59580,买盘
493,14:06:32,13.22,--,30,39660,卖盘
494,14:06:27,13.22,--,5,6610,卖盘
495,14:06:22,13.22,--,53,70066,卖盘
496,14:06:12,13.22,--,0,0,卖盘
497,14:06:07,13.22,-0.01,63,83286,卖盘
498,14:05:57,13.23,0.01,3,3969,中性盘
499,14:05:52,13.22,--,55,72710,卖盘
500,14:05:47,13.22,0.02,10,13220,买盘
501,14:05:42,13.2,-0.03,30,39600,卖盘
502,14:05:37,13.23,--,45,59535,买盘
503,14:05:22,13.23,0.02,65,85995,买盘
504,14:05:17,13.21,-0.03,9,11889,卖盘
505,14:05:07,13.24,0.03,45,59580,买盘
506,14:04:57,13.21,-0.02,3,3963,卖盘
507,14:04:52,13.23,0.02,45,59535,买盘
508,14:04:42,13.21,-0.01,3,3963,卖盘
509,14:04:37,13.22,--,45,59490,买盘
510,14:04:27,13.22,0.01,5,6610,买盘
511,14:04:22,13.21,-0.01,46,60766,卖盘
512,14:04:17,13.22,0.01,5,6610,买盘
513,14:04:07,13.21,-0.05,55,72655,买盘
514,14:04:02,13.26,--,0,0,买盘
515,14:03:52,13.26,0.01,45,59670,买盘
516,14:03:37,13.25,0.02,45,59625,买盘
517,14:03:31,13.23,-0.02,2,2646,买盘
518,14:03:22,13.25,0.02,48,63600,买盘
519,14:03:16,13.23,--,0,0,中性盘
520,14:03:12,13.23,-0.02,18,23814,卖盘
521,14:03:07,13.25,--,45,59625,买盘
522,14:03:02,13.25,--,33,43725,买盘
523,14:02:57,13.25,--,0,0,买盘
524,14:02:52,13.25,0.01,311,412075,买盘
525,14:02:47,13.24,--,10,13240,卖盘
526,14:02:37,13.24,0.04,107,142330,买盘
527,14:02:27,13.2,-0.03,3,3960,卖盘
528,14:02:22,13.23,--,67,88641,买盘
529,14:02:16,13.23,--,0,0,买盘
530,14:02:12,13.23,--,0,0,买盘
531,14:02:07,13.23,0.04,50,66150,买盘
532,14:01:56,13.19,-0.03,30,39570,卖盘
533,14:01:52,13.22,0.01,35,46270,买盘
534,14:01:46,13.21,-0.01,1,1321,中性盘
535,14:01:41,13.22,0.02,12,15864,买盘
536,14:01:37,13.2,--,58,76560,卖盘
537,14:01:31,13.2,0.01,7,9240,卖盘
538,14:01:26,13.19,--,15,19785,卖盘
539,14:01:22,13.19,--,45,59697,卖盘
540,14:01:11,13.19,--,8,10881,买盘
541,14:01:06,13.19,--,45,59355,买盘
542,14:00:56,13.19,-0.01,14,18466,卖盘
543,14:00:51,13.2,--,139,183480,买盘
544,14:00:46,13.2,0.01,15,19800,买盘
545,14:00:41,13.19,-0.01,10,13190,卖盘
546,14:00:36,13.2,--,74,97680,买盘
547,14:00:31,13.2,--,11,14520,买盘
548,14:00:21,13.2,--,45,59400,买盘
549,14:00:16,13.2,0.01,220,290400,买盘
550,14:00:11,13.19,--,2,2638,买盘
551,14:00:06,13.19,0.03,195,257205,买盘
552,14:00:01,13.16,-0.04,5,6580,买盘
553,13:59:57,13.2,--,0,0,买盘
554,13:59:51,13.2,0.04,45,59400,买盘
555,13:59:46,13.16,0.01,6,7896,买盘
556,13:59:42,13.15,-0.01,4,5260,卖盘
557,13:59:36,13.16,0.01,61,81263,买盘
558,13:59:31,13.15,-0.01,330,433950,卖盘
559,13:59:27,13.16,0.01,11,14476,买盘
560,13:59:21,13.15,--,119,156485,卖盘
561,13:59:16,13.15,-0.01,5,6575,卖盘
562,13:59:11,13.16,--,70,92120,买盘
563,13:59:05,13.16,--,58,76328,买盘
564,13:59:01,13.16,--,32,42112,买盘
565,13:58:56,13.16,0.01,10,13160,买盘
566,13:58:51,13.15,--,79,103885,卖盘
567,13:58:41,13.15,--,167,219605,卖盘
568,13:58:36,13.15,--,64,84160,卖盘
569,13:58:31,13.15,--,7,9205,卖盘
570,13:58:26,13.15,-0.01,20,26300,卖盘
571,13:58:20,13.16,0.01,120,157920,买盘
572,13:58:16,13.15,-0.05,101,132815,卖盘
573,13:58:11,13.2,--,1,1320,买盘
574,13:58:06,13.2,0.05,45,59400,买盘
575,13:58:01,13.15,-0.01,182,239330,卖盘
576,13:57:56,13.16,-0.04,20,26320,卖盘
577,13:57:51,13.2,0.05,45,59400,买盘
578,13:57:46,13.15,-0.02,178,234070,卖盘
579,13:57:41,13.17,--,15,19755,买盘
580,13:57:36,13.17,-0.05,179,236717,卖盘
581,13:57:31,13.22,--,0,0,买盘
582,13:57:26,13.22,--,4,5288,卖盘
583,13:57:21,13.22,0.05,48,63456,买盘
584,13:57:16,13.17,-0.04,143,188331,卖盘
585,13:57:11,13.21,0.02,10,13210,卖盘
586,13:57:06,13.19,--,1,1319,买盘
587,13:57:01,13.19,--,1,1319,买盘
588,13:56:51,13.19,0.01,47,61993,买盘
589,13:56:46,13.18,-0.01,10,13180,卖盘
590,13:56:40,13.19,-0.05,11,14509,卖盘
591,13:56:36,13.24,--,112,148288,买盘
592,13:56:31,13.24,0.06,17,22508,买盘
593,13:56:25,13.18,--,0,0,卖盘
594,13:56:21,13.18,-0.02,95,125210,卖盘
595,13:56:16,13.2,0.02,11,14520,卖盘
596,13:56:11,13.18,-0.06,60,79080,卖盘
597,13:56:06,13.24,0.01,101,133724,买盘
598,13:56:01,13.23,--,15,19845,买盘
599,13:55:56,13.23,--,0,0,买盘
600,13:55:51,13.23,--,49,64827,买盘
601,13:55:46,13.23,--,0,0,买盘
602,13:55:41,13.23,-0.01,1,1323,中性盘
603,13:55:36,13.24,0.04,45,59580,买盘
604,13:55:31,13.2,-0.03,300,396000,卖盘
605,13:55:25,13.23,-0.01,23,31090,卖盘
606,13:55:21,13.24,--,45,59580,买盘
607,13:55:16,13.24,--,1,1324,买盘
608,13:55:10,13.24,--,127,168148,买盘
609,13:55:05,13.24,-0.01,46,60904,卖盘
610,13:54:55,13.25,--,46,61612,买盘
611,13:54:50,13.25,--,45,59625,买盘
612,13:54:46,13.25,--,8,10600,买盘
613,13:54:40,13.25,--,10,13250,买盘
614,13:54:35,13.25,-0.01,48,63600,买盘
615,13:54:25,13.26,--,0,0,买盘
616,13:54:21,13.26,0.01,173,229398,买盘
617,13:54:16,13.25,--,13,17225,买盘
618,13:54:10,13.25,-0.01,1,1325,卖盘
619,13:54:05,13.26,0.01,45,59670,买盘
620,13:53:55,13.25,-0.02,16,21200,卖盘
621,13:53:50,13.27,--,45,59715,买盘
622,13:53:45,13.27,--,0,0,买盘
623,13:53:40,13.27,0.02,12,15924,买盘
624,13:53:35,13.25,--,58,76850,卖盘
625,13:53:30,13.25,0.02,7,9275,买盘
626,13:53:25,13.23,--,0,0,卖盘
627,13:53:20,13.23,-0.01,79,104517,卖盘
628,13:53:15,13.24,0.01,8,10592,买盘
629,13:53:10,13.23,-0.04,3,3969,卖盘
630,13:53:05,13.27,0.04,45,59715,买盘
631,13:53:00,13.23,-0.01,80,105840,卖盘
632,13:52:55,13.24,-0.03,3,3972,中性盘
633,13:52:50,13.27,0.02,45,59715,买盘
634,13:52:45,13.25,--,21,27825,买盘
635,13:52:40,13.25,-0.02,58,76850,买盘
636,13:52:35,13.27,0.04,45,59715,买盘
637,13:52:24,13.23,-0.04,8,10584,买盘
638,13:52:20,13.27,0.05,45,59715,买盘
639,13:52:15,13.22,-0.03,25,33050,卖盘
640,13:52:10,13.25,-0.02,4,5300,买盘
641,13:52:05,13.27,0.04,45,59715,买盘
642,13:52:00,13.23,-0.04,20,26460,卖盘
643,13:51:55,13.27,--,0,0,买盘
644,13:51:50,13.27,0.04,45,59715,买盘
645,13:51:45,13.23,-0.04,33,43659,卖盘
646,13:51:40,13.27,--,13,17251,买盘
647,13:51:35,13.27,0.04,45,59715,买盘
648,13:51:30,13.23,-0.02,103,136269,卖盘
649,13:51:25,13.25,--,16,21200,买盘
650,13:51:20,13.25,-0.01,99,131175,卖盘
651,13:51:15,13.26,-0.01,8,10608,卖盘
652,13:51:10,13.27,-0.01,94,124738,买盘
653,13:51:05,13.28,0.01,69,91632,买盘
654,13:51:00,13.27,--,3,3981,卖盘
655,13:50:55,13.27,-0.01,2,2654,卖盘
656,13:50:50,13.28,--,73,96944,卖盘
657,13:50:45,13.28,-0.02,2,2656,卖盘
658,13:50:39,13.3,0.02,7,9310,买盘
659,13:50:35,13.28,0.01,23,30544,买盘
660,13:50:30,13.27,--,17,22559,买盘
661,13:50:24,13.27,-0.01,6,7962,卖盘
662,13:50:20,13.28,--,45,59760,买盘
663,13:50:15,13.28,-0.05,238,316064,卖盘
664,13:50:10,13.33,--,39,51987,买盘
665,13:50:05,13.33,-0.01,102,135966,卖盘
666,13:49:55,13.34,-0.01,7,9338,中性盘
667,13:49:50,13.35,0.02,45,60075,买盘
668,13:49:45,13.33,-0.02,7,9331,卖盘
669,13:49:40,13.35,0.01,50,66750,买盘
670,13:49:35,13.34,--,58,77372,卖盘
671,13:49:30,13.34,--,10,13340,卖盘
672,13:49:25,13.34,--,7,9338,卖盘
673,13:49:20,13.34,--,15,20010,买盘
674,13:49:10,13.34,-0.01,1,1334,买盘
675,13:49:05,13.35,0.02,45,60075,买盘
676,13:48:55,13.33,-0.02,13,17329,卖盘
677,13:48:50,13.35,0.02,45,60075,买盘
678,13:48:40,13.33,--,0,0,卖盘
679,13:48:35,13.33,0.03,43,57319,买盘
680,13:48:30,13.3,--,9,11970,买盘
681,13:48:25,13.3,-0.05,145,192850,卖盘
682,13:48:18,13.35,0.01,45,60075,买盘
683,13:48:15,13.34,-0.01,1,1334,卖盘
684,13:48:10,13.35,0.02,21,28035,买盘
685,13:48:04,13.33,-0.01,46,61318,卖盘
686,13:48:00,13.34,0.01,17,22678,买盘
687,13:47:55,13.33,-0.02,7,9331,卖盘
688,13:47:49,13.35,0.01,46,61410,买盘
689,13:47:44,13.34,-0.01,2,2668,中性盘
690,13:47:40,13.35,0.02,3,4005,买盘
691,13:47:34,13.33,-0.02,52,69316,卖盘
692,13:47:25,13.35,--,0,0,买盘
693,13:47:19,13.35,--,45,60075,买盘
694,13:47:10,13.35,0.02,3,4005,买盘
695,13:47:04,13.33,-0.02,52,69316,卖盘
696,13:46:54,13.35,--,0,0,买盘
697,13:46:49,13.35,--,46,61410,买盘
698,13:46:39,13.35,0.02,2,2670,买盘
699,13:46:34,13.33,--,52,69316,卖盘
700,13:46:24,13.33,-0.02,20,26660,卖盘
701,13:46:19,13.35,--,52,69420,买盘
702,13:46:14,13.35,--,0,0,买盘
703,13:46:08,13.35,0.01,11,14685,买盘
704,13:46:04,13.34,0.02,46,61364,买盘
705,13:45:54,13.32,-0.02,7,9324,卖盘
706,13:45:49,13.34,--,50,66700,买盘
707,13:45:44,13.34,--,0,0,买盘
708,13:45:38,13.34,--,82,109388,买盘
709,13:45:34,13.34,--,58,77372,卖盘
710,13:45:24,13.34,-0.01,7,9338,中性盘
711,13:45:19,13.35,0.01,46,61410,买盘
712,13:45:09,13.34,--,25,33350,买盘
713,13:45:04,13.34,--,45,60030,买盘
714,13:44:54,13.34,-0.01,1,1334,买盘
715,13:44:49,13.35,0.01,58,77430,买盘
716,13:44:34,13.34,0.03,33,44022,买盘
717,13:44:29,13.31,-0.03,22,29282,卖盘
718,13:44:24,13.34,--,0,0,买盘
719,13:44:19,13.34,--,54,72036,买盘
720,13:44:09,13.34,-0.01,86,114724,买盘
721,13:44:04,13.35,0.04,45,60075,买盘
722,13:43:54,13.31,-0.04,7,9317,卖盘
723,13:43:48,13.35,--,45,60075,买盘
724,13:43:44,13.35,--,0,0,买盘
725,13:43:39,13.35,0.01,12,16020,买盘
726,13:43:34,13.34,0.01,86,114724,买盘
727,13:43:24,13.33,--,7,9331,卖盘
728,13:43:19,13.33,0.01,13,17329,买盘
729,13:43:09,13.32,-0.02,3,3996,买盘
730,13:43:04,13.34,0.03,50,66700,买盘
731,13:42:59,13.31,--,3,3993,卖盘
732,13:42:54,13.31,-0.03,5,6655,卖盘
733,13:42:49,13.34,--,45,60030,买盘
734,13:42:39,13.34,--,26,34684,买盘
735,13:42:34,13.34,0.03,46,61364,买盘
736,13:42:29,13.31,-0.01,10,13310,卖盘
737,13:42:24,13.32,--,7,9324,卖盘
738,13:42:19,13.32,0.01,45,59940,买盘
739,13:42:09,13.31,0.01,42,55902,买盘
740,13:42:04,13.3,-0.03,52,69160,卖盘
741,13:41:53,13.33,-0.01,2,2666,卖盘
742,13:41:48,13.34,--,62,82708,买盘
743,13:41:39,13.34,0.02,12,16008,买盘
744,13:41:34,13.32,0.01,50,66600,中性盘
745,13:41:24,13.31,-0.02,7,9317,卖盘
746,13:41:19,13.33,0.01,45,59985,买盘
747,13:41:09,13.32,0.01,4,5328,中性盘
748,13:41:04,13.31,0.01,52,69212,中性盘
749,13:40:59,13.3,-0.03,25,33250,卖盘
750,13:40:54,13.33,--,0,0,买盘
751,13:40:48,13.33,--,55,73315,买盘
752,13:40:39,13.33,0.02,20,26660,买盘
753,13:40:33,13.31,--,58,77198,卖盘
754,13:40:23,13.31,-0.04,7,9317,卖盘
755,13:40:19,13.35,0.01,45,60075,买盘
756,13:40:13,13.34,0.03,1,1334,买盘
757,13:40:04,13.31,-0.01,52,69212,卖盘
758,13:39:58,13.32,-0.02,5,6660,中性盘
759,13:39:48,13.34,0.01,60,80040,买盘
760,13:39:43,13.33,-0.02,53,70649,卖盘
761,13:39:38,13.35,0.02,137,182895,买盘
762,13:39:33,13.33,--,52,69316,卖盘
763,13:39:28,13.33,--,7,9331,卖盘
764,13:39:18,13.33,0.01,10,13330,买盘
765,13:39:13,13.32,--,2,2664,买盘
766,13:39:08,13.32,-0.02,3,3996,买盘
767,13:39:03,13.34,0.03,45,60030,买盘
768,13:38:58,13.31,--,0,0,卖盘
769,13:38:53,13.31,--,0,0,卖盘
770,13:38:47,13.31,-0.04,65,86515,卖盘
771,13:38:43,13.35,0.01,56,74760,买盘
772,13:38:33,13.34,--,45,60030,买盘
773,13:38:28,13.34,--,5,6670,卖盘
774,13:38:23,13.34,-0.01,3,4002,卖盘
775,13:38:18,13.35,--,65,86775,买盘
776,13:38:08,13.35,-0.01,3,4005,买盘
777,13:38:02,13.36,0.02,47,62792,买盘
778,13:37:58,13.34,-0.02,116,154744,卖盘
779,13:37:48,13.36,0.02,47,62792,买盘
780,13:37:43,13.34,-0.01,7,9338,卖盘
781,13:37:38,13.35,--,4,5340,买盘
782,13:37:33,13.35,--,76,101460,卖盘
783,13:37:28,13.35,--,7,9345,卖盘
784,13:37:23,13.35,-0.01,10,13350,卖盘
785,13:37:17,13.36,0.01,45,60120,买盘
786,13:37:13,13.35,-0.01,9,12015,卖盘
787,13:37:08,13.36,0.01,3,4008,买盘
788,13:37:03,13.35,--,18,24030,买盘
789,13:36:58,13.35,0.04,75,100125,买盘
790,13:36:53,13.31,--,0,0,卖盘
791,13:36:47,13.31,-0.04,49,65219,卖盘
792,13:36:37,13.35,0.02,6,8010,买盘
793,13:36:33,13.33,-0.02,52,69316,卖盘
794,13:36:28,13.35,--,0,0,买盘
795,13:36:18,13.35,0.02,68,90780,买盘
796,13:36:13,13.33,--,103,137299,卖盘
797,13:36:08,13.33,-0.02,5,6665,卖盘
798,13:36:03,13.35,--,49,65415,买盘
799,13:35:58,13.35,-0.01,28,37380,卖盘
800,13:35:47,13.36,0.01,27,36072,买盘
801,13:35:42,13.35,--,62,82770,卖盘
802,13:35:33,13.35,--,52,69420,卖盘
803,13:35:28,13.35,--,17,22695,买盘
804,13:35:18,13.35,0.01,52,69420,买盘
805,13:35:08,13.34,-0.02,3,4002,买盘
806,13:35:03,13.36,--,45,60120,买盘
807,13:34:58,13.36,--,0,0,买盘
808,13:34:48,13.36,0.01,45,60120,买盘
809,13:34:43,13.35,0.02,3,4005,买盘
810,13:34:37,13.33,--,1,1333,卖盘
811,13:34:33,13.33,--,52,69316,卖盘
812,13:34:27,13.33,--,7,9331,卖盘
813,13:34:23,13.33,-0.02,1,1333,卖盘
814,13:34:18,13.35,0.02,52,69420,买盘
815,13:34:13,13.33,--,12,15996,卖盘
816,13:34:08,13.33,--,0,0,卖盘
817,13:34:03,13.33,--,87,115971,卖盘
818,13:33:57,13.33,--,0,0,卖盘
819,13:33:53,13.33,-0.02,7,9331,卖盘
820,13:33:48,13.35,--,52,69420,买盘
821,13:33:43,13.35,--,32,42720,买盘
822,13:33:32,13.35,0.02,45,60075,买盘
823,13:33:28,13.33,-0.02,11,14663,卖盘
824,13:33:23,13.35,--,10,13350,卖盘
825,13:33:17,13.35,0.02,32,42720,买盘
826,13:33:13,13.33,-0.01,23,30659,卖盘
827,13:33:07,13.34,0.01,5,6670,买盘
828,13:33:03,13.33,-0.01,52,69316,卖盘
829,13:32:58,13.34,--,10,13340,买盘
830,13:32:47,13.34,-0.01,45,60030,中性盘
831,13:32:42,13.35,--,4,5340,买盘
832,13:32:36,13.35,0.01,1,1335,中性盘
833,13:32:33,13.34,-0.01,46,61364,卖盘
834,13:32:17,13.35,-0.01,105,140175,卖盘
835,13:32:12,13.36,--,27,36072,买盘
836,13:32:07,13.36,0.01,53,70808,买盘
837,13:31:56,13.35,-0.01,7,9345,卖盘
838,13:31:52,13.36,0.01,45,60120,买盘
839,13:31:47,13.35,0.01,8,10680,中性盘
840,13:31:42,13.34,-0.01,50,66700,卖盘
841,13:31:37,13.35,0.03,576,769961,买盘
842,13:31:32,13.32,-0.02,3,3996,卖盘
843,13:31:27,13.34,--,57,76038,买盘
844,13:31:22,13.34,0.02,45,60030,买盘
845,13:31:17,13.32,--,0,0,卖盘
846,13:31:11,13.32,--,97,129204,卖盘
847,13:31:07,13.32,-0.01,53,70596,卖盘
848,13:31:02,13.33,0.01,162,215946,买盘
849,13:30:57,13.32,-0.01,7,9324,卖盘
850,13:30:47,13.33,0.01,25,33325,买盘
851,13:30:42,13.32,0.01,3,4289,买盘
852,13:30:37,13.31,--,50,67588,卖盘
853,13:30:26,13.31,--,7,9317,卖盘
854,13:30:22,13.31,--,47,62557,卖盘
855,13:30:17,13.31,-0.01,7,9317,卖盘
856,13:30:07,13.32,0.01,143,190476,买盘
857,13:29:57,13.31,-0.01,7,9317,卖盘
858,13:29:52,13.32,0.01,45,59940,买盘
859,13:29:47,13.31,0.02,29,38891,买盘
860,13:29:42,13.29,-0.02,6,7973,卖盘
861,13:29:36,13.31,0.01,57,75867,买盘
862,13:29:27,13.3,--,0,0,中性盘
863,13:29:22,13.3,--,52,69160,卖盘
864,13:29:17,13.3,-0.01,7,9310,卖盘
865,13:29:06,13.31,0.01,138,183678,买盘
866,13:28:57,13.3,--,10,13300,卖盘
867,13:28:52,13.3,0.02,15,19950,买盘
868,13:28:42,13.28,-0.02,29,38512,卖盘
869,13:28:37,13.3,0.02,45,59850,买盘
870,13:28:27,13.28,-0.02,7,9296,中性盘
871,13:28:22,13.3,--,71,94430,买盘
872,13:28:17,13.3,--,0,0,买盘
873,13:28:12,13.3,-0.01,58,77140,买盘
874,13:28:06,13.31,0.05,45,59895,买盘
875,13:27:57,13.26,-0.01,7,9282,卖盘
876,13:27:52,13.27,0.01,50,66350,买盘
877,13:27:47,13.26,-0.01,7,9282,卖盘
878,13:27:36,13.27,-0.01,113,149951,卖盘
879,13:27:27,13.28,--,10,13280,买盘
880,13:27:22,13.28,-0.02,52,69056,卖盘
881,13:27:16,13.3,--,0,0,买盘
882,13:27:12,13.3,0.02,3,3990,买盘
883,13:27:07,13.28,-0.02,52,69056,卖盘
884,13:26:56,13.3,--,0,0,买盘
885,13:26:52,13.3,0.02,45,59850,买盘
886,13:26:46,13.28,0.01,7,9296,卖盘
887,13:26:41,13.27,--,4,5308,买盘
888,13:26:37,13.27,-0.04,48,63696,卖盘
889,13:26:26,13.31,--,0,0,买盘
890,13:26:22,13.31,0.04,45,59895,买盘
891,13:26:16,13.27,-0.04,1,1327,卖盘
892,13:26:11,13.31,0.01,152,202312,买盘
893,13:26:07,13.3,--,50,66500,买盘
894,13:26:01,13.3,--,12,16997,卖盘
895,13:25:57,13.3,--,7,9310,卖盘
896,13:25:52,13.3,--,25,33542,买盘
897,13:25:46,13.3,--,0,0,买盘
898,13:25:41,13.3,0.03,1,1330,买盘
899,13:25:35,13.27,-0.02,53,70331,卖盘
900,13:25:26,13.29,0.02,4,5316,卖盘
901,13:25:21,13.27,0.01,46,61042,卖盘
902,13:25:17,13.26,--,0,0,卖盘
903,13:25:05,13.26,-0.01,53,70278,卖盘
904,13:24:50,13.27,-0.03,84,111468,卖盘
905,13:24:46,13.3,--,0,0,买盘
906,13:24:35,13.3,-0.01,53,70490,买盘
907,13:24:30,13.31,--,0,0,买盘
908,13:24:25,13.31,--,0,0,买盘
909,13:24:21,13.31,--,45,59895,买盘
910,13:24:16,13.31,--,0,0,买盘
911,13:24:11,13.31,--,32,42592,买盘
912,13:24:06,13.31,0.04,45,59895,买盘
913,13:23:55,13.27,-0.04,7,9289,卖盘
914,13:23:50,13.31,0.04,45,59895,买盘
915,13:23:46,13.27,-0.01,7,9289,卖盘
916,13:23:36,13.28,-0.01,48,63744,中性盘
917,13:23:30,13.29,-0.02,1,1329,买盘
918,13:23:26,13.31,--,0,0,买盘
919,13:23:21,13.31,-0.01,46,61226,买盘
920,13:23:11,13.32,0.01,25,33300,买盘
921,13:23:06,13.31,--,47,62557,卖盘
922,13:22:55,13.31,-0.01,13,17303,买盘
923,13:22:50,13.32,0.01,45,59940,买盘
924,13:22:46,13.31,--,2,2662,卖盘
925,13:22:41,13.31,--,0,0,中性盘
926,13:22:36,13.31,0.02,96,127776,买盘
927,13:22:26,13.29,-0.02,2,2658,卖盘
928,13:22:21,13.31,--,45,59895,买盘
929,13:22:16,13.31,--,0,0,买盘
930,13:22:11,13.31,0.02,2,2662,买盘
931,13:22:05,13.29,--,52,69108,卖盘
932,13:22:01,13.29,-0.02,3,3986,卖盘
933,13:21:56,13.31,--,0,0,买盘
934,13:21:50,13.31,0.02,45,59895,买盘
935,13:21:41,13.29,--,0,0,卖盘
936,13:21:35,13.29,-0.02,90,119609,卖盘
937,13:21:31,13.31,--,21,27951,卖盘
938,13:21:26,13.31,--,7,9317,卖盘
939,13:21:20,13.31,0.03,16,21296,买盘
940,13:21:16,13.28,-0.01,3,3984,卖盘
941,13:21:11,13.29,-0.02,3,3986,买盘
942,13:21:06,13.31,0.03,45,59895,买盘
943,13:21:01,13.28,--,2,2656,卖盘
944,13:20:56,13.28,-0.03,1,1328,中性盘
945,13:20:50,13.31,--,30,39930,买盘
946,13:20:46,13.31,0.02,17,22627,买盘
947,13:20:41,13.29,-0.03,3,3986,买盘
948,13:20:35,13.32,--,45,59940,买盘
949,13:20:25,13.32,--,0,0,买盘
950,13:20:21,13.32,0.01,30,39960,买盘
951,13:20:16,13.31,--,15,19965,买盘
952,13:20:05,13.31,--,73,97163,买盘
953,13:19:55,13.31,--,32,42592,卖盘
954,13:19:50,13.31,--,50,66550,卖盘
955,13:19:46,13.31,0.01,7,9317,卖盘
956,13:19:41,13.3,--,0,0,卖盘
957,13:19:35,13.3,--,38,50540,买盘
958,13:19:31,13.3,--,15,19950,买盘
959,13:19:20,13.3,-0.02,188,251356,卖盘
960,13:19:16,13.32,0.02,35,46620,买盘
961,13:19:09,13.3,-0.02,48,63840,卖盘
962,13:19:05,13.32,0.02,236,314352,买盘
963,13:19:01,13.3,--,10,13300,卖盘
964,13:18:54,13.3,-0.02,239,317883,卖盘
965,13:18:50,13.32,0.02,45,59940,买盘
966,13:18:45,13.3,-0.03,10,13300,卖盘
967,13:18:40,13.33,0.01,77,102641,买盘
968,13:18:35,13.32,--,30,39960,买盘
969,13:18:29,13.32,0.02,68,90576,中性盘
970,13:18:25,13.3,-0.03,17,22610,卖盘
971,13:18:20,13.33,0.03,45,59985,买盘
972,13:18:14,13.3,-0.01,7,9310,卖盘
973,13:18:11,13.31,0.01,2,2662,买盘
974,13:18:05,13.3,-0.02,32,42560,卖盘
975,13:17:59,13.32,-0.01,15,19980,买盘
976,13:17:55,13.33,--,0,0,买盘
977,13:17:50,13.33,--,30,39990,买盘
978,13:17:45,13.33,0.01,36,47988,买盘
979,13:17:35,13.32,--,71,94572,买盘
980,13:17:29,13.32,--,15,19980,买盘
981,13:17:25,13.32,-0.01,5,6660,买盘
982,13:17:20,13.33,--,30,39990,买盘
983,13:17:14,13.33,--,15,19995,买盘
984,13:17:05,13.33,0.02,57,75981,买盘
985,13:16:59,13.31,-0.01,4,5324,卖盘
986,13:16:50,13.32,-0.01,3,3996,中性盘
987,13:16:45,13.33,0.01,64,85312,买盘
988,13:16:40,13.32,0.02,24,31968,买盘
989,13:16:35,13.3,-0.02,37,49210,卖盘
990,13:16:30,13.32,--,45,59940,买盘
991,13:16:25,13.32,--,0,0,买盘
992,13:16:20,13.32,--,30,39960,买盘
993,13:16:15,13.32,--,73,97236,买盘
994,13:16:10,13.32,--,14,18648,买盘
995,13:16:04,13.32,0.02,45,59940,买盘
996,13:15:54,13.3,-0.02,2,2660,卖盘
997,13:15:49,13.32,--,30,39960,买盘
998,13:15:45,13.32,0.02,15,19980,买盘
999,13:15:40,13.3,--,23,30590,卖盘
1000,13:15:35,13.3,-0.02,37,49210,卖盘
1001,13:15:30,13.32,0.02,15,19980,买盘
1002,13:15:25,13.3,-0.01,7,9310,卖盘
1003,13:15:19,13.31,--,30,39930,买盘
1004,13:15:14,13.31,0.01,22,29282,买盘
1005,13:15:10,13.3,--,5,6650,卖盘
1006,13:15:04,13.3,-0.01,37,49210,卖盘
1007,13:14:59,13.31,0.02,125,166375,买盘
1008,13:14:55,13.29,-0.01,6,7973,卖盘
1009,13:14:50,13.3,--,30,39900,买盘
1010,13:14:44,13.3,--,25,33250,买盘
1011,13:14:40,13.3,--,26,34580,买盘
1012,13:14:35,13.3,--,30,39900,买盘
1013,13:14:29,13.3,0.01,25,33250,买盘
1014,13:14:24,13.29,-0.01,8,10632,卖盘
1015,13:14:19,13.3,--,30,39900,买盘
1016,13:14:15,13.3,--,22,29260,买盘
1017,13:14:09,13.3,--,8,10640,买盘
1018,13:14:05,13.3,0.01,30,39900,买盘
1019,13:13:59,13.29,-0.01,15,19935,买盘
1020,13:13:55,13.3,--,0,0,买盘
1021,13:13:49,13.3,--,40,53200,买盘
1022,13:13:44,13.3,--,15,19950,中性盘
1023,13:13:40,13.3,--,30,39900,卖盘
1024,13:13:35,13.3,--,7,9310,卖盘
1025,13:13:30,13.3,0.02,11,14630,买盘
1026,13:13:24,13.28,--,0,0,卖盘
1027,13:13:20,13.28,-0.02,33,43824,卖盘
1028,13:13:14,13.3,--,15,19950,买盘
1029,13:13:10,13.3,0.02,2,2660,买盘
1030,13:13:04,13.28,-0.02,37,49136,卖盘
1031,13:12:59,13.3,--,15,19950,买盘
1032,13:12:55,13.3,--,0,0,买盘
1033,13:12:49,13.3,--,30,39900,买盘
1034,13:12:45,13.3,0.02,22,29260,买盘
1035,13:12:40,13.28,--,2,2656,买盘
1036,13:12:34,13.28,-0.02,75,99600,卖盘
1037,13:12:29,13.3,--,65,86450,买盘
1038,13:12:25,13.3,--,0,0,买盘
1039,13:12:14,13.3,--,50,66500,买盘
1040,13:12:10,13.3,-0.01,6,7980,买盘
1041,13:12:04,13.31,0.01,30,39930,买盘
1042,13:11:59,13.3,0.05,15,19950,买盘
1043,13:11:54,13.25,-0.05,16,21200,卖盘
1044,13:11:49,13.3,--,0,0,买盘
1045,13:11:44,13.3,0.01,45,59850,买盘
1046,13:11:40,13.29,-0.01,29,38541,卖盘
1047,13:11:34,13.3,--,30,39900,买盘
1048,13:11:29,13.3,0.01,20,26600,买盘
1049,13:11:24,13.29,-0.02,10,13290,卖盘
1050,13:11:14,13.31,0.01,45,59895,买盘
1051,13:11:08,13.3,--,36,47880,买盘
1052,13:11:04,13.3,--,30,39900,买盘
1053,13:10:59,13.3,--,49,65170,买盘
1054,13:10:54,13.3,--,0,0,买盘
1055,13:10:44,13.3,0.01,45,59850,买盘
1056,13:10:39,13.29,--,33,43857,买盘
1057,13:10:29,13.29,--,45,59804,买盘
1058,13:10:14,13.29,0.06,45,59804,买盘
1059,13:10:09,13.23,-0.05,9,11907,卖盘
1060,13:10:04,13.28,--,30,39840,买盘
1061,13:09:59,13.28,0.05,30,39840,买盘
1062,13:09:49,13.23,-0.05,3,3969,卖盘
1063,13:09:44,13.28,0.1,45,59760,买盘
1064,13:09:38,13.18,-0.05,127,167386,卖盘
1065,13:09:29,13.23,--,45,59535,买盘
1066,13:09:23,13.23,-0.07,79,104517,卖盘
1067,13:09:19,13.3,--,8,10640,买盘
1068,13:09:14,13.3,0.02,48,63840,买盘
1069,13:08:59,13.28,0.05,24,31872,买盘
1070,13:08:44,13.23,0.02,45,59535,买盘
1071,13:08:39,13.21,--,5,6605,买盘
1072,13:08:34,13.21,-0.04,40,52840,卖盘
1073,13:08:29,13.25,0.02,15,19875,买盘
1074,13:08:19,13.23,--,52,68796,卖盘
1075,13:08:09,13.23,--,8,10584,卖盘
1076,13:08:04,13.23,0.03,35,46305,买盘
1077,13:07:54,13.2,--,440,580800,卖盘
1078,13:07:49,13.2,--,44,58080,卖盘
1079,13:07:44,13.2,--,12,15840,卖盘
1080,13:07:38,13.2,--,0,0,卖盘
1081,13:07:33,13.2,--,0,0,卖盘
1082,13:07:23,13.2,-0.01,611,806520,卖盘
1083,13:07:19,13.21,0.01,59,77939,买盘
1084,13:07:14,13.2,-0.01,200,264000,卖盘
1085,13:07:08,13.21,--,1,1321,买盘
1086,13:06:53,13.21,--,2,2642,买盘
1087,13:06:49,13.21,-0.01,155,204755,卖盘
1088,13:06:43,13.22,-0.03,1,1322,卖盘
1089,13:06:28,13.25,--,0,0,买盘
1090,13:05:18,13.25,0.03,3,3975,买盘
1091,13:05:13,13.22,-0.03,15,19830,卖盘
1092,13:04:58,13.25,--,0,0,买盘
1093,13:04:48,13.25,--,0,0,买盘
1094,13:04:42,13.25,0.03,102,135150,买盘
1095,13:04:38,13.22,--,3,3966,买盘
1096,13:04:23,13.22,--,12,15864,买盘
1097,13:04:18,13.22,0.02,50,66100,买盘
1098,13:04:04,13.2,-0.02,32,42583,卖盘
1099,13:03:58,13.22,0.02,5,6610,买盘
1100,13:03:53,13.2,-0.02,77,101640,卖盘
1101,13:03:38,13.22,--,10,13220,买盘
1102,13:03:32,13.22,-0.01,109,144098,卖盘
1103,13:03:23,13.23,-0.04,77,102850,卖盘
1104,13:03:13,13.27,--,3,3981,卖盘
1105,13:02:58,13.27,--,1,1327,卖盘
1106,13:02:38,13.27,-0.01,5,6635,卖盘
1107,13:01:53,13.28,--,8,10624,卖盘
1108,13:01:42,13.28,--,3,3984,卖盘
1109,13:01:37,13.28,--,6,7968,买盘
1110,13:01:13,13.28,-0.02,2,2656,卖盘
1111,13:01:07,13.3,0.02,1,1330,买盘
1112,13:00:22,13.28,-0.02,31,41168,买盘
1113,13:00:06,13.3,0.04,262,348460,买盘
1114,13:00:03,13.26,--,2,2652,买盘
1115,11:30:00,13.26,--,0,0,买盘
1116,11:29:59,13.26,--,0,0,买盘
1117,11:29:39,13.26,--,1,1326,买盘
1118,11:29:33,13.26,0.01,14,18564,买盘
1119,11:29:29,13.25,--,5,6625,卖盘
1120,11:29:24,13.25,--,3,3975,卖盘
1121,11:29:19,13.25,--,33,43725,卖盘
1122,11:29:14,13.25,--,3,3975,卖盘
1123,11:29:09,13.25,--,2,2994,买盘
1124,11:28:48,13.25,--,0,980,卖盘
1125,11:28:39,13.25,--,35,46375,卖盘
1126,11:28:18,13.25,-0.01,23,30475,卖盘
1127,11:28:09,13.26,0.01,4,5304,买盘
1128,11:28:03,13.25,-0.01,4,5300,卖盘
1129,11:27:48,13.26,--,10,13260,买盘
1130,11:27:43,13.26,--,14,18564,买盘
1131,11:27:39,13.26,0.01,1,1326,买盘
1132,11:27:28,13.25,--,16,21200,卖盘
1133,11:27:18,13.25,--,30,39750,卖盘
1134,11:27:14,13.25,-0.01,1,1325,卖盘
1135,11:27:09,13.26,0.01,2,2652,买盘
1136,11:27:03,13.25,-0.01,41,54325,卖盘
1137,11:26:42,13.26,-0.01,14,18564,卖盘
1138,11:26:33,13.27,0.01,6,7962,买盘
1139,11:26:28,13.26,-0.01,31,41106,卖盘
1140,11:26:24,13.27,--,2,2654,买盘
1141,11:26:18,13.27,0.01,51,67677,买盘
1142,11:26:13,13.26,-0.01,16,21216,卖盘
1143,11:26:03,13.27,--,1,1327,买盘
1144,11:25:58,13.27,0.01,4,5308,买盘
1145,11:25:48,13.26,-0.01,3,3978,中性盘
1146,11:25:43,13.27,--,104,138008,买盘
1147,11:25:29,13.27,0.01,1,1327,买盘
1148,11:25:18,13.26,--,0,0,中性盘
1149,11:25:13,13.26,0.01,16,21216,买盘
1150,11:25:03,13.25,--,0,0,卖盘
1151,11:24:58,13.25,-0.01,21,27825,卖盘
1152,11:24:38,13.26,--,30,39780,买盘
1153,11:24:28,13.26,--,0,0,中性盘
1154,11:24:18,13.26,-0.01,42,55692,卖盘
1155,11:24:08,13.27,-0.01,48,63696,卖盘
1156,11:23:57,13.28,--,20,26560,买盘
1157,11:23:48,13.28,--,28,37184,卖盘
1158,11:23:33,13.28,--,40,53120,卖盘
1159,11:23:27,13.28,--,2,2656,卖盘
1160,11:23:23,13.28,--,1,1328,卖盘
1161,11:23:08,13.28,-0.02,5,6640,卖盘
1162,11:22:48,13.3,0.02,3,3990,买盘
1163,11:22:18,13.28,--,20,26560,卖盘
1164,11:21:57,13.28,-0.02,5,6640,卖盘
1165,11:21:48,13.3,--,142,188860,买盘
1166,11:21:42,13.3,0.02,5,6650,买盘
1167,11:21:38,13.28,-0.02,20,26560,卖盘
1168,11:21:33,13.3,--,1,1330,买盘
1169,11:21:27,13.3,0.02,1,1330,买盘
1170,11:21:23,13.28,-0.02,10,13280,卖盘
1171,11:21:18,13.3,0.02,4,5320,买盘
1172,11:21:08,13.28,0.01,3,3984,买盘
1173,11:21:03,13.27,--,71,94217,卖盘
1174,11:20:48,13.27,-0.03,53,70331,卖盘
1175,11:20:42,13.3,0.01,17,22610,买盘
1176,11:20:38,13.29,--,18,23922,卖盘
1177,11:20:33,13.29,0.02,20,26580,卖盘
1178,11:20:27,13.27,--,0,0,卖盘
1179,11:19:53,13.27,-0.03,26,34502,中性盘
1180,11:19:48,13.3,0.03,108,143640,买盘
1181,11:19:42,13.27,-0.02,19,25213,卖盘
1182,11:19:38,13.29,--,1,1329,卖盘
1183,11:19:33,13.29,0.02,25,33225,买盘
1184,11:19:27,13.27,--,36,47772,卖盘
1185,11:19:18,13.27,--,108,143316,买盘
1186,11:19:12,13.27,--,69,91563,买盘
1187,11:19:03,13.27,--,1,1327,买盘
1188,11:18:51,13.27,--,5,6635,买盘
1189,11:18:48,13.27,0.02,6,7962,卖盘
1190,11:18:42,13.25,-0.02,114,151050,卖盘
1191,11:18:36,13.27,--,25,33175,卖盘
1192,11:18:33,13.27,0.02,13,17251,买盘
1193,11:18:27,13.25,--,0,0,卖盘
1194,11:18:22,13.25,-0.01,3,4319,买盘
1195,11:18:17,13.26,--,1,2307,卖盘
1196,11:18:12,13.26,0.01,32,42776,买盘
1197,11:18:07,13.25,-0.02,64,85780,卖盘
1198,11:18:02,13.27,0.02,15,19905,买盘
1199,11:17:57,13.25,--,0,344,卖盘
1200,11:17:52,13.25,-0.02,3,3975,卖盘
1201,11:17:32,13.27,-0.01,3,3981,卖盘
1202,11:17:22,13.28,--,61,81008,卖盘
1203,11:17:17,13.28,--,3,3984,卖盘
1204,11:17:12,13.28,--,6,7968,卖盘
1205,11:17:07,13.28,-0.01,11,14608,卖盘
1206,11:16:57,13.29,-0.01,50,66450,卖盘
1207,11:16:42,13.3,-0.01,7,9310,卖盘
1208,11:16:37,13.31,--,118,157058,买盘
1209,11:16:17,13.31,--,26,34606,卖盘
1210,11:16:12,13.31,-0.01,7,9317,卖盘
1211,11:16:07,13.32,--,68,90576,买盘
1212,11:16:02,13.32,--,0,0,买盘
1213,11:15:52,13.32,--,0,0,卖盘
1214,11:15:47,13.32,--,20,26640,卖盘
1215,11:15:42,13.32,0.02,79,105228,买盘
1216,11:15:37,13.3,-0.01,4,5320,卖盘
1217,11:15:27,13.31,--,16,21296,卖盘
1218,11:15:22,13.31,-0.01,51,67881,卖盘
1219,11:15:12,13.32,--,48,63936,买盘
1220,11:15:07,13.32,--,79,105228,买盘
1221,11:14:57,13.32,--,12,15984,买盘
1222,11:14:52,13.32,--,115,153180,卖盘
1223,11:14:47,13.32,--,11,14652,卖盘
1224,11:14:42,13.32,-0.01,4,5328,买盘
1225,11:14:36,13.33,0.01,10,13330,买盘
1226,11:14:27,13.32,-0.01,11,14652,卖盘
1227,11:14:21,13.33,--,11,14663,买盘
1228,11:14:12,13.33,0.02,22,29326,买盘
1229,11:14:06,13.31,--,0,0,中性盘
1230,11:14:02,13.31,-0.02,30,39930,卖盘
1231,11:13:57,13.33,--,69,91977,买盘
1232,11:13:51,13.33,0.01,40,53320,买盘
1233,11:13:42,13.32,--,52,69264,买盘
1234,11:13:36,13.32,--,75,99900,买盘
1235,11:13:32,13.32,--,52,69264,买盘
1236,11:13:27,13.32,--,24,31968,买盘
1237,11:13:21,13.32,--,15,19980,买盘
1238,11:13:17,13.32,-0.01,41,54612,卖盘
1239,11:13:12,13.33,-0.01,4,5332,中性盘
1240,11:12:57,13.34,0.03,3,4002,买盘
1241,11:12:51,13.31,-0.01,7,9317,卖盘
1242,11:12:42,13.32,--,1,1332,买盘
1243,11:12:21,13.32,0.01,12,15984,买盘
1244,11:12:17,13.31,--,33,43923,买盘
1245,11:12:12,13.31,--,0,0,中性盘
1246,11:12:06,13.31,--,65,86515,卖盘
1247,11:11:57,13.31,--,7,9317,卖盘
1248,11:11:50,13.31,--,3,3993,卖盘
1249,11:11:47,13.31,--,25,33275,买盘
1250,11:11:42,13.31,--,9,11979,买盘
1251,11:11:21,13.31,-0.04,29,38599,卖盘
1252,11:11:06,13.35,0.03,44,58740,买盘
1253,11:11:00,13.32,-0.01,7,9324,卖盘
1254,11:10:57,13.33,0.01,3,3999,买盘
1255,11:10:51,13.32,--,2,2664,卖盘
1256,11:10:46,13.32,--,10,13320,卖盘
1257,11:10:36,13.32,-0.03,5,6660,卖盘
1258,11:10:32,13.35,0.03,63,84105,买盘
1259,11:10:21,13.32,-0.03,5,6660,卖盘
1260,11:10:06,13.35,--,32,43707,卖盘
1261,11:10:01,13.35,--,81,108135,卖盘
1262,11:09:51,13.35,--,34,45390,卖盘
1263,11:09:45,13.35,--,12,16020,卖盘
1264,11:09:36,13.35,--,202,269670,卖盘
1265,11:09:31,13.35,--,33,44055,卖盘
1266,11:09:26,13.35,--,22,29370,卖盘
1267,11:09:16,13.35,--,14,18690,卖盘
1268,11:09:11,13.35,--,34,45390,卖盘
1269,11:09:06,13.35,--,31,41385,卖盘
1270,11:09:00,13.35,--,217,289695,卖盘
1271,11:08:56,13.35,--,7,9345,卖盘
1272,11:08:51,13.35,--,10,13350,卖盘
1273,11:08:46,13.35,--,10,13350,卖盘
1274,11:08:36,13.35,--,6,8010,卖盘
1275,11:08:30,13.35,-0.01,43,57405,卖盘
1276,11:08:26,13.36,0.01,10,13360,买盘
1277,11:08:21,13.35,--,103,137505,卖盘
1278,11:08:15,13.35,--,5,6675,卖盘
1279,11:08:11,13.35,--,17,22695,卖盘
1280,11:08:06,13.35,--,27,36045,卖盘
1281,11:08:01,13.35,--,10,13350,卖盘
1282,11:07:56,13.35,--,10,13350,卖盘
1283,11:07:51,13.35,-0.01,6,8010,卖盘
1284,11:07:46,13.36,0.01,101,134936,买盘
1285,11:07:41,13.35,-0.01,13,17355,卖盘
1286,11:07:36,13.36,0.01,6,8016,买盘
1287,11:07:21,13.35,-0.01,77,102795,卖盘
1288,11:07:15,13.36,--,26,34736,买盘
1289,11:07:11,13.36,0.01,33,44088,买盘
1290,11:07:06,13.35,--,19,25365,卖盘
1291,11:07:00,13.35,--,50,66750,卖盘
1292,11:06:56,13.35,--,7,9345,卖盘
1293,11:06:51,13.35,--,134,179237,卖盘
1294,11:06:41,13.35,--,15,20025,卖盘
1295,11:06:36,13.35,-0.01,22,29370,卖盘
1296,11:06:30,13.36,--,32,42752,买盘
1297,11:06:26,13.36,--,1,1336,买盘
1298,11:06:21,13.36,--,3,4008,买盘
1299,11:06:15,13.36,-0.01,11,14696,卖盘
1300,11:06:05,13.37,0.02,47,62838,买盘
1301,11:05:56,13.35,--,0,0,卖盘
1302,11:05:51,13.35,-0.02,411,548685,卖盘
1303,11:05:45,13.37,-0.01,15,20055,卖盘
1304,11:05:30,13.38,--,4,5352,卖盘
1305,11:05:15,13.38,-0.01,16,21408,卖盘
1306,11:05:11,13.39,--,2,2678,卖盘
1307,11:05:00,13.39,-0.02,10,13390,卖盘
1308,11:04:56,13.41,--,13,17433,买盘
1309,11:04:51,13.41,--,5,6705,买盘
1310,11:04:45,13.41,-0.01,20,26820,卖盘
1311,11:04:41,13.42,--,10,13420,买盘
1312,11:04:36,13.42,--,5,6710,买盘
1313,11:04:30,13.42,0.01,17,22814,买盘
1314,11:04:26,13.41,-0.03,79,105939,卖盘
1315,11:04:21,13.44,0.02,114,153216,买盘
1316,11:04:15,13.42,--,4,5368,卖盘
1317,11:04:11,13.42,-0.01,50,67100,卖盘
1318,11:04:06,13.43,0.01,11,14773,买盘
1319,11:04:00,13.42,-0.01,82,110044,卖盘
1320,11:03:55,13.43,--,26,34918,卖盘
1321,11:03:50,13.43,--,40,53720,卖盘
1322,11:03:45,13.43,0.01,9,12087,买盘
1323,11:03:41,13.42,-0.01,70,93940,中性盘
1324,11:03:35,13.43,--,28,37604,买盘
1325,11:03:30,13.43,--,84,112812,买盘
1326,11:03:26,13.43,-0.02,29,38947,卖盘
1327,11:03:20,13.45,0.02,56,75320,买盘
1328,11:03:15,13.43,--,4,5372,卖盘
1329,11:03:06,13.43,0.05,61,81923,买盘
1330,11:03:00,13.38,--,0,0,卖盘
1331,11:02:55,13.38,--,10,13380,卖盘
1332,11:02:50,13.38,-0.07,2,2676,中性盘
1333,11:02:45,13.45,0.08,51,68595,买盘
1334,11:02:35,13.37,0.01,25,33425,买盘
1335,11:02:30,13.36,--,10,13360,买盘
1336,11:02:21,13.36,--,470,627920,卖盘
1337,11:02:15,13.36,-0.03,314,419504,卖盘
1338,11:02:10,13.39,0.03,300,401700,买盘
1339,11:02:06,13.36,--,23,30728,卖盘
1340,11:02:00,13.36,--,38,50768,卖盘
1341,11:01:55,13.36,--,11,14696,买盘
1342,11:01:50,13.36,--,18,24048,买盘
1343,11:01:45,13.36,--,13,17368,买盘
1344,11:01:39,13.36,-0.01,23,30728,中性盘
1345,11:01:35,13.37,--,10,13370,买盘
1346,11:01:30,13.37,--,12,16043,买盘
1347,11:01:26,13.37,0.01,14,18718,中性盘
1348,11:01:15,13.36,-0.02,20,26720,卖盘
1349,11:01:10,13.38,0.03,143,191334,买盘
1350,11:01:05,13.35,--,70,93450,卖盘
1351,11:01:00,13.35,-0.03,17,22695,卖盘
1352,11:00:55,13.38,0.03,529,707802,买盘
1353,11:00:50,13.35,--,21,28035,买盘
1354,11:00:45,13.35,0.02,1,1335,买盘
1355,11:00:40,13.33,--,12,15996,卖盘
1356,11:00:35,13.33,-0.02,15,19995,卖盘
1357,11:00:30,13.35,--,38,50730,卖盘
1358,11:00:25,13.35,0.05,122,162870,买盘
1359,11:00:20,13.3,-0.02,61,81130,卖盘
1360,11:00:15,13.32,-0.01,5,6660,卖盘
1361,11:00:10,13.33,--,43,57319,买盘
1362,11:00:00,13.33,--,25,33325,卖盘
1363,10:59:54,13.33,--,12,15996,买盘
1364,10:59:50,13.33,-0.04,30,39990,卖盘
1365,10:59:45,13.37,0.02,30,40110,买盘
1366,10:59:39,13.35,-0.02,1,1335,买盘
1367,10:59:35,13.37,--,0,0,买盘
1368,10:59:30,13.37,--,7,9359,买盘
1369,10:59:24,13.37,-0.01,135,180495,中性盘
1370,10:59:20,13.38,0.01,21,28098,买盘
1371,10:59:15,13.37,-0.01,28,37436,卖盘
1372,10:59:09,13.38,-0.01,1,1338,买盘
1373,10:58:59,13.39,0.01,211,282529,买盘
1374,10:58:54,13.38,-0.01,154,206052,卖盘
1375,10:58:50,13.39,-0.01,173,231647,卖盘
1376,10:58:45,13.4,0.02,265,355100,买盘
1377,10:58:39,13.38,--,92,123096,卖盘
1378,10:58:35,13.38,-0.01,146,195348,卖盘
1379,10:58:30,13.39,0.01,56,74984,买盘
1380,10:58:24,13.38,-0.01,66,88308,卖盘
1381,10:58:20,13.39,0.02,56,74984,买盘
1382,10:58:15,13.37,-0.01,91,121667,卖盘
1383,10:58:09,13.38,0.02,60,80280,买盘
1384,10:58:05,13.36,--,15,20040,卖盘
1385,10:58:00,13.36,--,32,42752,卖盘
1386,10:57:53,13.36,0.01,72,96192,买盘
1387,10:57:50,13.35,0.02,50,66750,买盘
1388,10:57:45,13.33,-0.02,13,17329,卖盘
1389,10:57:39,13.35,0.02,74,98790,买盘
1390,10:57:35,13.33,0.01,81,107973,买盘
1391,10:57:30,13.32,0.01,75,99900,买盘
1392,10:57:24,13.31,-0.01,70,93170,卖盘
1393,10:57:15,13.32,--,17,22644,买盘
1394,10:57:09,13.32,0.01,166,221112,买盘
1395,10:57:05,13.31,--,9,11979,卖盘
1396,10:57:00,13.31,0.01,103,137093,买盘
1397,10:56:54,13.3,--,10,13300,卖盘
1398,10:56:49,13.3,--,3,3990,卖盘
1399,10:56:44,13.3,--,6,7980,卖盘
1400,10:56:39,13.3,0.03,77,102410,买盘
1401,10:56:35,13.27,--,48,63696,买盘
1402,10:56:24,13.27,--,7,9289,买盘
1403,10:56:20,13.27,--,18,23886,买盘
1404,10:56:15,13.27,-0.04,5,6635,卖盘
1405,10:56:09,13.31,0.08,40,53240,买盘
1406,10:56:04,13.23,-0.1,25,33075,卖盘
1407,10:55:59,13.33,--,0,0,买盘
1408,10:55:54,13.33,0.02,86,114638,买盘
1409,10:55:49,13.31,0.01,5,6655,买盘
1410,10:55:44,13.3,--,0,0,买盘
1411,10:55:39,13.3,0.1,16,21280,中性盘
1412,10:55:35,13.2,-0.1,12,15840,卖盘
1413,10:55:29,13.3,0.1,3109,4134970,买盘
1414,10:55:24,13.2,--,32,42240,卖盘
1415,10:55:19,13.2,--,17,22440,卖盘
1416,10:55:14,13.2,--,3,3960,卖盘
1417,10:55:09,13.2,0.01,50,66000,买盘
1418,10:55:03,13.19,-0.01,108,142452,卖盘
1419,10:54:54,13.2,--,60,79200,买盘
1420,10:54:39,13.2,--,36,47520,卖盘
1421,10:54:34,13.2,--,0,0,卖盘
1422,10:54:29,13.2,--,38,50160,卖盘
1423,10:54:14,13.2,-0.01,30,39600,中性盘
1424,10:54:09,13.21,0.01,87,114927,买盘
1425,10:54:04,13.2,0.02,6,7920,买盘
1426,10:53:59,13.18,--,4,5272,卖盘
1427,10:53:54,13.18,0.01,1,1318,卖盘
1428,10:53:49,13.17,--,0,0,卖盘
1429,10:53:39,13.17,-0.04,5,6585,卖盘
1430,10:53:34,13.21,--,102,134742,买盘
1431,10:53:29,13.21,-0.01,53,70013,卖盘
1432,10:53:24,13.22,0.01,2,2644,中性盘
1433,10:53:14,13.21,--,14,18494,卖盘
1434,10:53:09,13.21,--,20,26420,卖盘
1435,10:53:03,13.21,--,5,6605,卖盘
1436,10:52:59,13.21,-0.01,20,26420,卖盘
1437,10:52:54,13.22,--,26,34372,买盘
1438,10:52:48,13.22,--,6,7932,买盘
1439,10:52:44,13.22,-0.02,2,2644,买盘
1440,10:52:39,13.24,0.02,80,105920,买盘
1441,10:52:33,13.22,-0.01,30,39660,卖盘
1442,10:52:24,13.23,0.01,92,121716,买盘
1443,10:52:18,13.22,0.01,30,39660,买盘
1444,10:52:14,13.21,0.06,5,6605,卖盘
1445,10:52:09,13.15,--,0,0,卖盘
1446,10:52:03,13.15,-0.06,450,591750,卖盘
1447,10:51:59,13.21,--,10,13210,卖盘
1448,10:51:54,13.21,0.05,1776,2346096,买盘
1449,10:51:48,13.16,0.01,7,9212,买盘
1450,10:51:44,13.15,--,5,6575,卖盘
1451,10:51:39,13.15,--,10,13150,卖盘
1452,10:51:33,13.15,--,22,28930,卖盘
1453,10:51:29,13.15,--,2,2630,卖盘
1454,10:51:24,13.15,--,40,52600,卖盘
1455,10:51:09,13.15,--,1,1315,卖盘
1456,10:51:03,13.15,--,7,9205,卖盘
1457,10:50:54,13.15,-0.01,60,78900,卖盘
1458,10:50:48,13.16,--,2,2632,买盘
1459,10:50:43,13.16,--,20,26320,买盘
1460,10:50:39,13.16,--,147,193452,卖盘
1461,10:50:33,13.16,--,20,26320,卖盘
1462,10:50:29,13.16,--,4,5264,卖盘
1463,10:50:24,13.16,--,11,14476,卖盘
1464,10:50:18,13.16,--,40,52640,卖盘
1465,10:50:14,13.16,--,10,13160,卖盘
1466,10:50:09,13.16,--,55,72380,卖盘
1467,10:49:59,13.16,--,119,156604,买盘
1468,10:49:54,13.16,0.01,29,38164,买盘
1469,10:49:43,13.15,-0.01,2,2630,卖盘
1470,10:49:38,13.16,0.01,106,139496,买盘
1471,10:49:24,13.15,--,5,6575,买盘
1472,10:49:13,13.15,-0.01,252,331380,卖盘
1473,10:49:03,13.16,0.01,5,6580,买盘
1474,10:48:58,13.15,--,3,3945,卖盘
1475,10:48:53,13.15,--,52,68380,卖盘
1476,10:48:44,13.15,--,63,82845,卖盘
1477,10:48:33,13.15,--,0,0,卖盘
1478,10:48:28,13.15,-0.02,7,9205,卖盘
1479,10:48:18,13.17,-0.01,125,164625,卖盘
1480,10:48:13,13.18,0.01,25,32950,买盘
1481,10:48:08,13.17,-0.01,300,395100,卖盘
1482,10:47:53,13.18,--,232,305776,卖盘
1483,10:47:48,13.18,--,6,7908,卖盘
1484,10:47:43,13.18,--,33,43494,卖盘
1485,10:47:33,13.18,-0.01,28,36904,卖盘
1486,10:47:28,13.19,0.01,97,127943,买盘
1487,10:47:24,13.18,--,35,46130,卖盘
1488,10:47:18,13.18,--,11,14498,卖盘
1489,10:47:09,13.18,--,63,83034,买盘
1490,10:47:03,13.18,--,5,6590,买盘
1491,10:46:58,13.18,0.01,2,2636,买盘
1492,10:46:53,13.17,--,5,6585,卖盘
1493,10:46:48,13.17,0.02,168,221256,买盘
1494,10:46:38,13.15,--,10,13150,卖盘
1495,10:46:33,13.15,-0.01,200,263000,卖盘
1496,10:46:28,13.16,--,15,19740,卖盘
1497,10:46:23,13.16,--,185,243460,买盘
1498,10:46:18,13.16,--,1,1316,买盘
1499,10:46:12,13.16,0.01,100,131600,买盘
1500,10:46:08,13.15,--,100,131500,卖盘
1501,10:46:03,13.15,0.02,26,34190,买盘
1502,10:45:53,13.13,-0.02,2,2626,卖盘
1503,10:45:48,13.15,0.05,9,11835,买盘
1504,10:45:42,13.1,--,0,0,卖盘
1505,10:45:38,13.1,--,0,0,卖盘
1506,10:45:33,13.1,--,0,0,卖盘
1507,10:45:27,13.1,-0.07,3,3930,卖盘
1508,10:45:23,13.17,0.02,90,118530,买盘
1509,10:45:18,13.15,-0.01,420,552300,卖盘
1510,10:45:12,13.16,0.06,13,17108,买盘
1511,10:45:03,13.1,--,84,110053,买盘
1512,10:44:57,13.1,-0.06,315,413946,卖盘
1513,10:44:48,13.16,-0.01,50,65800,卖盘
1514,10:44:42,13.17,0.04,125,164625,买盘
1515,10:44:33,13.13,-0.03,574,753662,卖盘
1516,10:44:27,13.16,0.03,633,833028,买盘
1517,10:44:23,13.13,-0.03,8,10504,卖盘
1518,10:44:12,13.16,0.03,205,269780,买盘
1519,10:43:57,13.13,-0.02,68,89284,卖盘
1520,10:43:48,13.15,--,490,644350,卖盘
1521,10:43:37,13.15,0.02,72,94680,买盘
1522,10:43:33,13.13,--,93,122109,卖盘
1523,10:43:27,13.13,-0.01,300,393900,卖盘
1524,10:43:18,13.14,-0.01,10,13140,卖盘
1525,10:43:12,13.15,0.02,33,43395,买盘
1526,10:43:08,13.13,-0.02,45,59085,卖盘
1527,10:43:03,13.15,-0.01,134,176210,卖盘
1528,10:42:57,13.16,--,6,7896,卖盘
1529,10:42:47,13.16,--,8,10528,卖盘
1530,10:42:42,13.16,0.01,38,50008,买盘
1531,10:42:38,13.15,-0.01,68,89420,卖盘
1532,10:42:32,13.16,0.01,41,53956,买盘
1533,10:42:27,13.15,--,6,7890,卖盘
1534,10:42:17,13.15,--,8,10520,卖盘
1535,10:42:12,13.15,-0.01,20,26300,卖盘
1536,10:42:08,13.16,0.01,20,26320,买盘
1537,10:42:02,13.15,--,15,19725,卖盘
1538,10:41:52,13.15,0.02,10,13150,卖盘
1539,10:41:27,13.13,--,0,0,卖盘
1540,10:41:12,13.13,--,0,0,卖盘
1541,10:40:57,13.13,-0.01,7,9191,卖盘
1542,10:40:52,13.14,--,10,13140,卖盘
1543,10:40:47,13.14,-0.03,10,13140,卖盘
1544,10:40:42,13.17,0.03,20,26340,买盘
1545,10:40:37,13.14,--,16,21024,卖盘
1546,10:40:32,13.14,0.01,12,15768,中性盘
1547,10:40:27,13.13,--,5,6565,卖盘
1548,10:40:22,13.13,-0.03,30,39390,卖盘
1549,10:40:17,13.16,0.03,90,118440,买盘
1550,10:40:12,13.13,--,5,6565,卖盘
1551,10:40:07,13.13,--,6,7878,卖盘
1552,10:40:02,13.13,--,7,9191,卖盘
1553,10:39:57,13.13,--,8,10504,卖盘
1554,10:39:52,13.13,--,6,7878,卖盘
1555,10:39:47,13.13,-0.02,5,6565,卖盘
1556,10:39:42,13.15,0.02,4,5260,买盘
1557,10:39:32,13.13,-0.01,9,11817,卖盘
1558,10:39:27,13.14,--,32,42048,卖盘
1559,10:39:21,13.14,-0.01,106,139284,卖盘
1560,10:39:17,13.15,-0.03,53,69695,卖盘
1561,10:39:12,13.18,0.01,40,52720,买盘
1562,10:39:06,13.17,--,55,72435,卖盘
1563,10:39:02,13.17,--,101,133017,卖盘
1564,10:38:57,13.17,--,13,17121,卖盘
1565,10:38:51,13.17,--,66,86922,卖盘
1566,10:38:47,13.17,--,220,289740,卖盘
1567,10:38:42,13.17,--,61,80337,卖盘
1568,10:38:36,13.17,--,178,234426,买盘
1569,10:38:27,13.17,0.02,353,464901,买盘
1570,10:38:21,13.15,--,206,270890,买盘
1571,10:38:17,13.15,--,16,21040,买盘
1572,10:38:12,13.15,0.02,310,407650,买盘
1573,10:38:06,13.13,--,31,40703,卖盘
1574,10:37:57,13.13,--,14,18382,卖盘
1575,10:37:46,13.13,--,2,2626,卖盘
1576,10:37:42,13.13,--,13,17069,卖盘
1577,10:37:36,13.13,--,46,60398,卖盘
1578,10:37:32,13.13,0.02,152,199576,买盘
1579,10:37:27,13.11,--,0,0,卖盘
1580,10:37:21,13.11,-0.02,82,107502,卖盘
1581,10:37:12,13.13,0.01,10,13130,买盘
1582,10:37:06,13.12,--,15,19680,卖盘
1583,10:36:57,13.12,--,40,52480,卖盘
1584,10:36:51,13.12,-0.01,11,14432,卖盘
1585,10:36:46,13.13,0.01,10,13130,买盘
1586,10:36:42,13.12,--,9,11808,卖盘
1587,10:36:36,13.12,-0.01,11,14432,卖盘
1588,10:36:27,13.13,0.01,8,10504,买盘
1589,10:36:21,13.12,--,7,9184,卖盘
1590,10:36:12,13.12,-0.01,25,32800,卖盘
1591,10:36:06,13.13,--,155,203515,卖盘
1592,10:36:01,13.13,--,26,34138,卖盘
1593,10:35:51,13.13,-0.02,7,9191,卖盘
1594,10:35:47,13.15,--,0,0,买盘
1595,10:35:41,13.15,0.02,25,32875,买盘
1596,10:35:36,13.13,-0.02,169,221897,卖盘
1597,10:35:31,13.15,0.02,1,1315,买盘
1598,10:35:26,13.13,--,10,13130,卖盘
1599,10:35:21,13.13,-0.02,31,40703,卖盘
1600,10:35:17,13.15,0.02,21,27615,买盘
1601,10:35:06,13.13,-0.02,25,32825,卖盘
1602,10:35:02,13.15,0.02,18,23670,中性盘
1603,10:34:56,13.13,--,25,32825,卖盘
1604,10:34:51,13.13,-0.02,146,191698,卖盘
1605,10:34:47,13.15,0.02,205,269575,买盘
1606,10:34:41,13.13,-0.02,52,68276,卖盘
1607,10:34:36,13.15,0.02,83,109145,买盘
1608,10:34:26,13.13,-0.02,69,90597,卖盘
1609,10:34:21,13.15,--,76,99940,买盘
1610,10:34:16,13.15,--,104,136760,卖盘
1611,10:34:11,13.15,--,71,93365,卖盘
1612,10:34:06,13.15,--,7,9205,卖盘
1613,10:33:51,13.15,--,13,17095,买盘
1614,10:33:46,13.15,0.02,22,28930,买盘
1615,10:33:41,13.13,-0.02,6,7878,卖盘
1616,10:33:36,13.15,0.02,6,7890,买盘
1617,10:33:31,13.13,0.01,13,17069,卖盘
1618,10:33:26,13.12,-0.01,42,55104,卖盘
1619,10:33:21,13.13,--,98,128674,卖盘
1620,10:33:16,13.13,-0.02,327,429351,卖盘
1621,10:33:11,13.15,--,73,95995,卖盘
1622,10:33:06,13.15,0.02,130,170950,买盘
1623,10:33:01,13.13,--,13,17069,卖盘
1624,10:32:56,13.13,0.02,44,57785,买盘
1625,10:32:45,13.11,-0.02,29,38019,卖盘
1626,10:32:41,13.13,0.02,23,30199,买盘
1627,10:32:36,13.11,--,0,0,卖盘
1628,10:32:30,13.11,--,55,72105,卖盘
1629,10:32:26,13.11,--,49,64239,卖盘
1630,10:32:21,13.11,--,148,194028,卖盘
1631,10:32:15,13.11,-0.01,32,41952,中性盘
1632,10:32:11,13.12,0.01,87,114144,买盘
1633,10:32:06,13.11,0.02,248,325128,卖盘
1634,10:32:00,13.09,-0.01,33,43197,卖盘
1635,10:31:56,13.1,-0.02,97,127070,卖盘
1636,10:31:51,13.12,0.01,10,13120,买盘
1637,10:31:45,13.11,0.01,325,426075,买盘
1638,10:31:41,13.1,-0.01,105,137550,卖盘
1639,10:31:36,13.11,--,35,45885,买盘
1640,10:31:30,13.11,-0.01,15,19665,买盘
1641,10:31:26,13.12,--,0,0,买盘
1642,10:31:21,13.12,0.02,33,43296,买盘
1643,10:31:15,13.1,-0.02,37,49766,卖盘
1644,10:31:10,13.12,0.01,10,13120,买盘
1645,10:31:00,13.11,--,47,61617,卖盘
1646,10:30:51,13.11,0.02,103,135046,买盘
1647,10:30:45,13.09,-0.01,64,83776,卖盘
1648,10:30:40,13.1,-0.01,9,11790,卖盘
1649,10:30:36,13.11,0.02,156,204516,买盘
1650,10:30:30,13.09,-0.02,32,41888,卖盘
1651,10:30:25,13.11,0.02,99,129789,买盘
1652,10:30:14,13.09,-0.01,8,10472,卖盘
1653,10:30:10,13.1,--,27,35370,卖盘
1654,10:30:00,13.1,-0.01,52,68120,卖盘
1655,10:29:51,13.11,--,34,45871,卖盘
1656,10:29:45,13.11,--,14,18354,卖盘
1657,10:29:40,13.11,--,20,26220,卖盘
1658,10:29:35,13.11,--,16,20976,卖盘
1659,10:29:30,13.11,--,41,53751,卖盘
1660,10:29:25,13.11,0.01,6,7866,卖盘
1661,10:29:20,13.1,0.01,53,69443,买盘
1662,10:29:15,13.09,-0.01,19,24871,卖盘
1663,10:29:10,13.1,-0.02,52,69416,卖盘
1664,10:29:05,13.12,0.01,15,19693,买盘
1665,10:28:50,13.11,--,2,3919,卖盘
1666,10:28:45,13.11,-0.01,35,45885,卖盘
1667,10:28:40,13.12,0.01,6,7871,卖盘
1668,10:28:35,13.11,--,12,15732,卖盘
1669,10:28:30,13.11,--,5,6555,卖盘
1670,10:28:25,13.11,--,6,7866,卖盘
1671,10:28:20,13.11,0.02,8,10501,卖盘
1672,10:28:15,13.09,--,0,0,卖盘
1673,10:28:10,13.09,-0.03,22,28798,卖盘
1674,10:28:05,13.12,0.01,74,98386,买盘
1675,10:28:00,13.11,--,30,39330,卖盘
1676,10:27:55,13.11,-0.01,29,38019,卖盘
1677,10:27:50,13.12,0.01,59,77421,买盘
1678,10:27:45,13.11,--,11,14421,卖盘
1679,10:27:35,13.11,0.03,36,47196,买盘
1680,10:27:30,13.08,--,52,68016,卖盘
1681,10:27:25,13.08,-0.03,10,13080,卖盘
1682,10:27:20,13.11,0.03,172,225492,买盘
1683,10:27:15,13.08,-0.01,42,54936,卖盘
1684,10:27:10,13.09,-0.02,140,183260,卖盘
1685,10:27:05,13.11,0.02,67,87837,买盘
1686,10:27:00,13.09,-0.01,92,120428,卖盘
1687,10:26:55,13.1,-0.01,84,110040,卖盘
1688,10:26:50,13.11,0.02,22,28842,买盘
1689,10:26:45,13.09,-0.01,218,285362,卖盘
1690,10:26:39,13.1,--,24,31440,卖盘
1691,10:26:30,13.1,--,14,18340,卖盘
1692,10:26:19,13.1,0.01,30,39300,买盘
1693,10:26:15,13.09,-0.01,17,22253,卖盘
1694,10:26:10,13.1,0.01,13,17030,买盘
1695,10:26:05,13.09,-0.01,12,15708,卖盘
1696,10:26:00,13.1,0.01,34,44540,买盘
1697,10:25:55,13.09,--,18,23562,卖盘
1698,10:25:50,13.09,-0.02,59,77231,卖盘
1699,10:25:45,13.11,0.02,92,120612,买盘
1700,10:25:40,13.09,--,7,9163,卖盘
1701,10:25:35,13.09,0.01,22,28798,买盘
1702,10:25:30,13.08,--,32,41856,卖盘
1703,10:25:24,13.08,-0.01,66,86328,卖盘
1704,10:25:20,13.09,-0.01,35,45815,卖盘
1705,10:25:15,13.1,--,311,407410,卖盘
1706,10:25:09,13.1,-0.01,13,17030,卖盘
1707,10:25:05,13.11,--,22,28842,买盘
1708,10:25:00,13.11,0.01,10,13110,卖盘
1709,10:24:50,13.1,--,112,146720,卖盘
1710,10:24:45,13.1,-0.01,39,51090,卖盘
1711,10:24:39,13.11,--,9,11799,买盘
1712,10:24:20,13.11,0.01,2,2622,买盘
1713,10:24:15,13.1,-0.01,10,13100,卖盘
1714,10:24:09,13.11,--,20,26220,卖盘
1715,10:24:04,13.11,--,3,3933,买盘
1716,10:24:00,13.11,--,12,15732,卖盘
1717,10:23:54,13.11,-0.01,20,26220,卖盘
1718,10:23:45,13.12,0.01,4,5248,买盘
1719,10:23:39,13.11,-0.01,14,18354,卖盘
1720,10:23:34,13.12,0.01,38,49856,买盘
1721,10:23:24,13.11,0.01,33,43263,中性盘
1722,10:23:19,13.1,--,1,1310,卖盘
1723,10:23:15,13.1,-0.02,73,95630,卖盘
1724,10:23:09,13.12,--,13,17056,买盘
1725,10:23:04,13.12,--,5,6560,买盘
1726,10:23:00,13.12,--,24,31487,买盘
1727,10:22:54,13.12,--,23,30176,买盘
1728,10:22:45,13.12,--,10,13120,买盘
1729,10:22:39,13.12,0.03,9,11808,买盘
1730,10:22:34,13.09,--,0,0,卖盘
1731,10:22:24,13.09,--,8,10472,卖盘
1732,10:22:19,13.09,0.01,10,13090,卖盘
1733,10:22:14,13.08,--,16,20928,卖盘
1734,10:22:09,13.08,--,52,68016,卖盘
1735,10:22:04,13.08,--,45,58860,卖盘
1736,10:21:59,13.08,--,128,168405,买盘
1737,10:21:54,13.08,0.01,67,87636,买盘
1738,10:21:49,13.07,-0.01,206,269242,卖盘
1739,10:21:39,13.08,--,0,0,卖盘
1740,10:21:29,13.08,-0.02,12,15696,卖盘
1741,10:21:24,13.1,--,39,51090,买盘
1742,10:21:14,13.1,--,33,43230,卖盘
1743,10:21:09,13.1,-0.02,102,133620,卖盘
1744,10:20:54,13.12,0.02,30,39360,买盘
1745,10:20:49,13.1,--,2,2620,卖盘
1746,10:20:44,13.1,0.03,19,24890,买盘
1747,10:20:39,13.07,-0.01,33,43131,卖盘
1748,10:20:34,13.08,--,0,0,买盘
1749,10:20:24,13.08,--,5,6540,买盘
1750,10:20:19,13.08,-0.02,192,251136,卖盘
1751,10:20:09,13.1,--,20,26200,买盘
1752,10:20:04,13.1,--,2,2620,卖盘
1753,10:19:59,13.1,-0.01,33,43230,卖盘
1754,10:19:54,13.11,0.01,2,2622,中性盘
1755,10:19:49,13.1,--,12,15720,卖盘
1756,10:19:39,13.1,--,10,13100,卖盘
1757,10:19:29,13.1,-0.03,86,112660,卖盘
1758,10:19:24,13.13,0.03,3,3939,买盘
1759,10:19:14,13.1,--,5,6550,卖盘
1760,10:19:09,13.1,0.02,2,2620,卖盘
1761,10:18:54,13.08,--,0,0,卖盘
1762,10:18:44,13.08,-0.02,30,39240,卖盘
1763,10:18:39,13.1,--,3,3930,卖盘
1764,10:18:34,13.1,0.02,3,3930,买盘
1765,10:18:29,13.08,0.01,6,7848,卖盘
1766,10:18:24,13.07,-0.03,150,196050,卖盘
1767,10:18:19,13.1,--,12,15720,买盘
1768,10:18:14,13.1,0.02,2,2620,买盘
1769,10:18:09,13.08,--,0,0,中性盘
1770,10:18:04,13.08,--,1,1308,卖盘
1771,10:17:59,13.08,--,1,1308,买盘
1772,10:17:39,13.08,-0.07,1328,1737024,卖盘
1773,10:17:28,13.15,--,0,0,买盘
1774,10:17:24,13.15,0.02,98,128870,买盘
1775,10:17:18,13.13,-0.02,104,136552,卖盘
1776,10:17:14,13.15,--,30,39450,买盘
1777,10:17:09,13.15,-0.01,8,10520,中性盘
1778,10:16:33,13.16,--,12,15792,买盘
1779,10:16:29,13.16,--,12,15792,卖盘
1780,10:16:18,13.16,--,3,3948,卖盘
1781,10:16:09,13.16,--,1,1316,卖盘
1782,10:16:03,13.16,0.04,7,9212,买盘
1783,10:15:58,13.12,-0.04,43,56416,卖盘
1784,10:15:54,13.16,--,15,19740,卖盘
1785,10:15:48,13.16,0.04,83,109228,买盘
1786,10:15:39,13.12,--,0,0,卖盘
1787,10:15:33,13.12,-0.01,140,183680,卖盘
1788,10:15:23,13.13,0.01,35,45955,买盘
1789,10:15:18,13.12,--,2,2624,卖盘
1790,10:15:08,13.12,--,10,13120,卖盘
1791,10:15:03,13.12,-0.01,2,2624,卖盘
1792,10:14:58,13.13,0.01,1,1313,买盘
1793,10:14:53,13.12,-0.01,3,3935,卖盘
1794,10:14:48,13.13,--,3,3939,买盘
1795,10:14:38,13.13,--,6,7878,卖盘
1796,10:14:33,13.13,-0.04,6,7878,卖盘
1797,10:14:23,13.17,0.01,33,43461,买盘
1798,10:14:18,13.16,-0.01,311,409276,卖盘
1799,10:14:13,13.17,-0.01,509,670353,买盘
1800,10:14:08,13.18,0.02,15,19770,买盘
1801,10:14:03,13.16,-0.02,141,185556,卖盘
1802,10:13:53,13.18,--,110,144980,买盘
1803,10:13:48,13.18,-0.01,353,465254,卖盘
1804,10:13:43,13.19,-0.01,12,15828,卖盘
1805,10:13:38,13.2,--,4,5280,买盘
1806,10:13:33,13.2,--,21,27720,买盘
1807,10:13:23,13.2,--,0,0,买盘
1808,10:13:17,13.2,0.01,67,88440,买盘
1809,10:13:07,13.19,-0.01,9,11871,卖盘
1810,10:13:03,13.2,0.01,2,2640,买盘
1811,10:12:53,13.19,--,4,5276,卖盘
1812,10:12:48,13.19,--,12,15828,卖盘
1813,10:12:38,13.19,--,98,129262,卖盘
1814,10:12:33,13.19,-0.01,7,9233,卖盘
1815,10:12:28,13.2,0.02,100,132000,买盘
1816,10:12:23,13.18,-0.01,20,26360,卖盘
1817,10:12:18,13.19,--,1,1319,买盘
1818,10:12:08,13.19,0.01,89,117391,买盘
1819,10:12:03,13.18,--,22,28996,卖盘
1820,10:11:53,13.18,--,23,30314,卖盘
1821,10:11:48,13.18,-0.01,95,125210,卖盘
1822,10:11:38,13.19,--,4,5276,买盘
1823,10:11:33,13.19,--,3,3957,买盘
1824,10:11:28,13.19,0.01,8,10552,买盘
1825,10:11:23,13.18,-0.01,11,14498,卖盘
1826,10:11:18,13.19,--,12,15828,卖盘
1827,10:11:13,13.19,--,49,64631,买盘
1828,10:11:03,13.19,-0.01,7,9233,卖盘
1829,10:10:53,13.2,0.01,45,59400,买盘
1830,10:10:48,13.19,--,16,21104,卖盘
1831,10:10:43,13.19,0.01,5,6595,卖盘
1832,10:10:38,13.18,-0.01,20,26360,卖盘
1833,10:10:33,13.19,-0.01,3,3957,卖盘
1834,10:10:28,13.2,--,0,0,买盘
1835,10:10:22,13.2,0.02,97,128040,买盘
1836,10:10:18,13.18,--,12,15816,卖盘
1837,10:10:13,13.18,-0.02,50,65900,卖盘
1838,10:10:08,13.2,0.02,60,79200,买盘
1839,10:10:03,13.18,-0.02,35,46130,卖盘
1840,10:09:52,13.2,0.02,10,13200,买盘
1841,10:09:42,13.18,--,40,52720,卖盘
1842,10:09:38,13.18,0.01,11,14498,买盘
1843,10:09:27,13.17,-0.01,187,246279,卖盘
1844,10:09:23,13.18,0.01,1,1318,买盘
1845,10:09:18,13.17,0.01,13,17121,卖盘
1846,10:09:08,13.16,--,0,0,卖盘
1847,10:08:53,13.16,--,0,0,卖盘
1848,10:08:48,13.16,-0.02,54,71064,卖盘
1849,10:08:42,13.18,--,0,0,卖盘
1850,10:08:38,13.18,-0.04,314,413852,卖盘
1851,10:08:32,13.22,-0.01,86,113692,卖盘
1852,10:08:27,13.23,0.01,29,38367,买盘
1853,10:08:22,13.22,0.04,191,252502,买盘
1854,10:08:17,13.18,--,9,11862,卖盘
1855,10:08:12,13.18,-0.05,7,9226,卖盘
1856,10:08:07,13.23,--,0,0,买盘
1857,10:08:02,13.23,--,21,27783,买盘
1858,10:07:57,13.23,--,12,15876,买盘
1859,10:07:52,13.23,0.04,4,5292,买盘
1860,10:07:47,13.19,-0.04,48,63312,卖盘
1861,10:07:42,13.23,0.01,470,621810,买盘
1862,10:07:37,13.22,0.01,1,1322,买盘
1863,10:07:32,13.21,--,58,76618,卖盘
1864,10:07:27,13.21,--,64,84544,买盘
1865,10:07:17,13.21,0.03,401,529721,买盘
1866,10:07:12,13.18,--,10,13180,卖盘
1867,10:07:07,13.18,--,2,2636,买盘
1868,10:07:02,13.18,0.03,3,3954,买盘
1869,10:06:57,13.15,--,3,3945,卖盘
1870,10:06:52,13.15,--,6,7890,卖盘
1871,10:06:47,13.15,--,17,22355,卖盘
1872,10:06:42,13.15,0.03,368,483920,买盘
1873,10:06:32,13.12,0.03,6,7871,买盘
1874,10:06:26,13.09,-0.01,49,64141,卖盘
1875,10:06:22,13.1,--,26,34060,卖盘
1876,10:06:17,13.1,--,220,288200,卖盘
1877,10:06:12,13.1,--,23,30130,卖盘
1878,10:06:02,13.1,--,189,247590,买盘
1879,10:05:57,13.1,--,38,49780,买盘
1880,10:05:52,13.1,--,9,11790,买盘
1881,10:05:47,13.1,0.01,64,83840,卖盘
1882,10:05:42,13.09,-0.01,338,442442,卖盘
1883,10:05:37,13.1,--,20,26200,买盘
1884,10:05:32,13.1,-0.02,116,151960,卖盘
1885,10:05:27,13.12,0.01,1,1312,买盘
1886,10:05:22,13.11,--,12,15732,买盘
1887,10:05:17,13.11,--,89,116679,买盘
1888,10:05:12,13.11,--,10,13110,买盘
1889,10:05:02,13.11,0.01,17,22287,买盘
1890,10:04:57,13.1,-0.01,33,43230,卖盘
1891,10:04:47,13.11,0.01,10,13110,买盘
1892,10:04:32,13.1,--,20,26200,卖盘
1893,10:04:22,13.1,0.01,29,37990,买盘
1894,10:04:17,13.09,--,11,14399,卖盘
1895,10:04:07,13.09,-0.01,29,37961,卖盘
1896,10:03:57,13.1,0.02,113,148030,买盘
1897,10:03:52,13.08,-0.01,1,1308,卖盘
1898,10:03:46,13.09,0.01,11,14399,买盘
1899,10:03:42,13.08,-0.01,62,81096,中性盘
1900,10:03:37,13.09,-0.01,2,2618,买盘
1901,10:03:32,13.1,0.02,6,7860,买盘
1902,10:03:22,13.08,-0.02,10,13080,卖盘
1903,10:03:16,13.1,0.05,200,262000,买盘
1904,10:03:12,13.05,-0.03,10,13050,卖盘
1905,10:03:07,13.08,--,59,77172,买盘
1906,10:03:01,13.08,--,1203,1573524,卖盘
1907,10:02:57,13.08,--,5,6867,买盘
1908,10:02:52,13.08,--,1,1308,买盘
1909,10:02:47,13.08,--,5,6540,买盘
1910,10:02:41,13.08,--,214,279912,买盘
1911,10:02:31,13.08,--,27,35316,买盘
1912,10:02:27,13.08,0.01,50,65400,买盘
1913,10:02:21,13.07,-0.01,2,2614,卖盘
1914,10:02:17,13.08,--,10,13080,买盘
1915,10:02:11,13.08,--,7,9156,买盘
1916,10:02:06,13.08,--,20,26160,买盘
1917,10:02:01,13.08,--,8,10464,买盘
1918,10:01:56,13.08,--,126,164808,买盘
1919,10:01:51,13.08,--,20,26160,买盘
1920,10:01:46,13.08,--,189,247212,买盘
1921,10:01:41,13.08,--,131,171348,买盘
1922,10:01:36,13.08,--,648,847584,卖盘
1923,10:01:32,13.08,-0.01,14,18312,卖盘
1924,10:01:26,13.09,0.01,26,34034,买盘
1925,10:01:20,13.08,-0.01,14,18312,卖盘
1926,10:01:16,13.09,--,19,24871,买盘
1927,10:01:06,13.09,0.01,10,13090,买盘
1928,10:00:56,13.08,0.02,51,66708,买盘
1929,10:00:41,13.06,--,5,6530,买盘
1930,10:00:36,13.06,--,18,23508,买盘
1931,10:00:31,13.06,--,5,6530,卖盘
1932,10:00:26,13.06,--,37,48322,买盘
1933,10:00:21,13.06,-0.02,5,6530,买盘
1934,10:00:11,13.08,0.05,7,9156,卖盘
1935,10:00:06,13.03,-0.05,200,260600,卖盘
1936,09:59:55,13.08,--,40,52320,买盘
1937,09:59:41,13.08,--,36,47088,买盘
1938,09:59:36,13.08,-0.01,19,24852,卖盘
1939,09:59:31,13.09,0.04,22,28798,买盘
1940,09:59:26,13.05,-0.03,664,866520,卖盘
1941,09:59:21,13.08,0.03,27,35316,买盘
1942,09:59:11,13.05,--,2,2610,卖盘
1943,09:59:06,13.05,--,79,103095,买盘
1944,09:59:01,13.05,--,18,23490,买盘
1945,09:58:51,13.05,--,30,39150,卖盘
1946,09:58:46,13.05,--,12,15660,卖盘
1947,09:58:41,13.05,0.02,129,168345,买盘
1948,09:58:36,13.03,0.01,98,127694,中性盘
1949,09:58:26,13.02,-0.01,74,96348,卖盘
1950,09:58:21,13.03,--,43,56029,卖盘
1951,09:58:16,13.03,-0.01,1,1303,卖盘
1952,09:58:11,13.04,0.02,10,13040,中性盘
1953,09:58:06,13.02,--,46,59892,卖盘
1954,09:58:01,13.02,-0.01,3,3906,卖盘
1955,09:57:56,13.03,-0.02,63,82089,中性盘
1956,09:57:51,13.05,0.02,48,62640,买盘
1957,09:57:46,13.03,--,18,23454,买盘
1958,09:57:41,13.03,-0.01,213,277539,卖盘
1959,09:57:36,13.04,0.01,50,65199,买盘
1960,09:57:31,13.03,-0.01,400,521200,卖盘
1961,09:57:25,13.04,-0.02,45,58679,卖盘
1962,09:57:21,13.06,0.02,58,75748,买盘
1963,09:57:10,13.04,-0.01,198,258191,卖盘
1964,09:57:06,13.05,--,84,109620,卖盘
1965,09:57:01,13.05,-0.01,10,13050,卖盘
1966,09:56:55,13.06,0.01,107,139742,买盘
1967,09:56:50,13.05,--,130,169650,卖盘
1968,09:56:46,13.05,--,4,5220,卖盘
1969,09:56:40,13.05,--,7,9135,卖盘
1970,09:56:36,13.05,0.02,21,27405,卖盘
1971,09:56:25,13.03,-0.02,189,246267,卖盘
1972,09:56:21,13.05,-0.01,155,202275,卖盘
1973,09:56:15,13.06,0.01,40,52240,买盘
1974,09:56:10,13.05,--,0,0,卖盘
1975,09:56:06,13.05,--,27,35235,卖盘
1976,09:56:00,13.05,-0.02,22,28710,卖盘
1977,09:55:55,13.07,-0.01,40,52280,卖盘
1978,09:55:51,13.08,--,49,64092,买盘
1979,09:55:46,13.08,0.01,20,26160,买盘
1980,09:55:40,13.07,0.01,3,3921,中性盘
1981,09:55:36,13.06,-0.02,28,36568,卖盘
1982,09:55:31,13.08,0.01,5,6540,买盘
1983,09:55:25,13.07,-0.01,59,77113,卖盘
1984,09:55:20,13.08,--,32,41856,卖盘
1985,09:55:15,13.08,-0.01,127,166116,卖盘
1986,09:55:05,13.09,--,46,60214,卖盘
1987,09:55:00,13.09,-0.01,50,65450,卖盘
1988,09:54:50,13.1,-0.01,66,86460,卖盘
1989,09:54:30,13.11,--,17,22287,卖盘
1990,09:54:25,13.11,--,16,20976,卖盘
1991,09:54:20,13.11,-0.01,507,664677,卖盘
1992,09:54:10,13.12,--,12,15743,买盘
1993,09:54:05,13.12,-0.01,37,48544,卖盘
1994,09:54:00,13.13,0.01,76,99788,买盘
1995,09:53:55,13.12,--,1,1312,卖盘
1996,09:53:50,13.12,-0.01,13,17056,卖盘
1997,09:53:45,13.13,-0.01,28,36764,卖盘
1998,09:53:40,13.14,0.01,39,51246,买盘
1999,09:53:30,13.13,0.01,21,27573,买盘
2000,09:53:24,13.12,-0.02,4,5248,卖盘
2001,09:53:19,13.14,0.02,41,53874,买盘
2002,09:53:15,13.12,--,27,35424,卖盘
2003,09:53:10,13.12,--,1,1312,卖盘
2004,09:53:05,13.12,--,65,85280,卖盘
2005,09:53:00,13.12,--,54,70848,卖盘
2006,09:52:50,13.12,-0.01,14,18368,卖盘
2007,09:52:40,13.13,0.01,10,13130,中性盘
2008,09:52:35,13.12,--,3,3935,卖盘
2009,09:52:30,13.12,-0.02,85,111520,卖盘
2010,09:52:20,13.14,0.02,16,21024,买盘
2011,09:52:15,13.12,--,50,65600,卖盘
2012,09:52:10,13.12,--,2,2624,卖盘
2013,09:52:05,13.12,--,6,7871,卖盘
2014,09:51:59,13.12,--,77,101024,卖盘
2015,09:51:50,13.12,0.02,337,442144,买盘
2016,09:51:45,13.1,-0.01,176,230560,卖盘
2017,09:51:35,13.11,-0.02,303,397233,卖盘
2018,09:51:30,13.13,--,206,270478,买盘
2019,09:51:25,13.13,0.01,7,9191,买盘
2020,09:51:20,13.12,--,111,145632,卖盘
2021,09:51:15,13.12,--,32,41984,卖盘
2022,09:51:10,13.12,--,2,2624,卖盘
2023,09:51:04,13.12,0.01,54,70848,买盘
2024,09:50:59,13.11,-0.02,50,65550,卖盘
2025,09:50:49,13.13,0.01,3,3939,买盘
2026,09:50:39,13.12,-0.01,18,23616,卖盘
2027,09:50:34,13.13,--,30,39390,买盘
2028,09:50:30,13.13,--,128,168064,买盘
2029,09:50:19,13.13,--,16,21008,买盘
2030,09:50:14,13.13,-0.01,384,504192,卖盘
2031,09:50:09,13.14,--,13,17082,卖盘
2032,09:50:04,13.14,-0.01,12,15768,卖盘
2033,09:49:55,13.15,0.01,130,170950,买盘
2034,09:49:49,13.14,-0.01,207,271998,卖盘
2035,09:49:44,13.15,--,24,31560,买盘
2036,09:49:39,13.15,-0.01,386,507590,卖盘
2037,09:49:34,13.16,-0.01,10,13160,卖盘
2038,09:49:30,13.17,0.01,7,9219,中性盘
2039,09:49:15,13.16,0.01,5,6580,卖盘
2040,09:49:09,13.15,--,0,0,卖盘
2041,09:49:04,13.15,--,15,19725,卖盘
2042,09:49:00,13.15,-0.01,30,39450,卖盘
2043,09:48:54,13.16,0.01,43,56588,买盘
2044,09:48:49,13.15,--,4,5260,卖盘
2045,09:48:44,13.15,--,17,22355,卖盘
2046,09:48:39,13.15,--,197,259055,买盘
2047,09:48:34,13.15,--,26,34190,买盘
2048,09:48:29,13.15,--,5,6575,买盘
2049,09:48:24,13.15,-0.01,60,78900,卖盘
2050,09:48:19,13.16,0.01,4,5264,买盘
2051,09:48:14,13.15,-0.01,4,5260,卖盘
2052,09:48:09,13.16,--,5,6580,买盘
2053,09:48:04,13.16,--,23,30268,买盘
2054,09:47:59,13.16,-0.01,134,176344,卖盘
2055,09:47:49,13.17,--,5,6585,卖盘
2056,09:47:44,13.17,0.01,10,13170,卖盘
2057,09:47:39,13.16,--,5,6580,卖盘
2058,09:47:34,13.16,-0.04,638,839608,卖盘
2059,09:47:29,13.2,0.03,163,215160,买盘
2060,09:47:19,13.17,--,4,5268,买盘
2061,09:47:13,13.17,--,14,18438,买盘
2062,09:47:09,13.17,-0.04,321,422757,卖盘
2063,09:47:04,13.21,--,50,66050,卖盘
2064,09:46:59,13.21,--,246,324966,买盘
2065,09:46:54,13.21,-0.01,27,35667,买盘
2066,09:46:49,13.22,--,295,389990,买盘
2067,09:46:44,13.22,0.01,218,288196,买盘
2068,09:46:38,13.21,0.01,55,72655,买盘
2069,09:46:29,13.2,--,1,1320,卖盘
2070,09:46:24,13.2,--,36,47520,卖盘
2071,09:46:14,13.2,--,16,21120,卖盘
2072,09:46:09,13.2,--,22,29040,卖盘
2073,09:46:04,13.2,-0.01,33,43560,卖盘
2074,09:45:59,13.21,0.01,41,54161,买盘
2075,09:45:53,13.2,0.01,51,67320,买盘
2076,09:45:49,13.19,--,0,0,卖盘
2077,09:45:44,13.19,-0.01,53,69907,卖盘
2078,09:45:39,13.2,-0.01,3,3960,中性盘
2079,09:45:33,13.21,0.03,217,286657,买盘
2080,09:45:29,13.18,--,11,14498,卖盘
2081,09:45:24,13.18,-0.03,23,30314,卖盘
2082,09:45:19,13.21,-0.01,20,26420,中性盘
2083,09:45:14,13.22,--,965,1275730,买盘
2084,09:45:08,13.22,--,20,26440,买盘
2085,09:45:03,13.22,-0.02,103,136166,卖盘
2086,09:44:59,13.24,0.01,42,55608,买盘
2087,09:44:54,13.23,--,2,2646,买盘
2088,09:44:48,13.23,-0.01,8,10584,卖盘
2089,09:44:43,13.24,--,3,3972,买盘
2090,09:44:39,13.24,-0.02,100,132400,卖盘
2091,09:44:33,13.26,--,12,15912,买盘
2092,09:44:28,13.26,0.01,74,98124,买盘
2093,09:44:24,13.25,--,90,119250,卖盘
2094,09:44:18,13.25,--,50,66250,卖盘
2095,09:44:13,13.25,--,270,357750,买盘
2096,09:44:08,13.25,0.01,179,237175,买盘
2097,09:43:58,13.24,0.02,30,39720,买盘
2098,09:43:54,13.22,-0.02,4,5288,中性盘
2099,09:43:49,13.24,0.02,160,211840,买盘
2100,09:43:43,13.22,--,2,2644,买盘
2101,09:43:39,13.22,-0.02,41,54202,卖盘
2102,09:43:34,13.24,--,186,246264,买盘
2103,09:43:28,13.24,--,83,109892,买盘
2104,09:43:24,13.24,--,18,23832,卖盘
2105,09:43:18,13.24,--,7,9268,卖盘
2106,09:43:13,13.24,--,15,19860,卖盘
2107,09:43:09,13.24,--,86,113864,买盘
2108,09:42:58,13.24,-0.01,45,59580,买盘
2109,09:42:54,13.25,0.01,202,267650,买盘
2110,09:42:48,13.24,--,45,59580,卖盘
2111,09:42:43,13.24,--,403,533572,买盘
2112,09:42:38,13.24,--,3,3972,买盘
2113,09:42:28,13.24,0.03,164,217136,买盘
2114,09:42:23,13.21,-0.04,20,26420,卖盘
2115,09:42:18,13.25,--,48,63600,买盘
2116,09:42:13,13.25,--,91,120575,买盘
2117,09:42:08,13.25,0.01,60,79500,买盘
2118,09:42:03,13.24,--,83,109892,买盘
2119,09:41:58,13.24,0.04,54,71496,买盘
2120,09:41:53,13.2,-0.02,130,171600,卖盘
2121,09:41:48,13.22,--,23,30406,卖盘
2122,09:41:38,13.22,0.02,25,33050,买盘
2123,09:41:28,13.2,-0.02,20,26400,卖盘
2124,09:41:23,13.22,0.02,6,7932,买盘
2125,09:41:18,13.2,--,217,286440,买盘
2126,09:41:13,13.2,0.01,160,211200,买盘
2127,09:41:03,13.19,-0.01,27,35613,卖盘
2128,09:40:58,13.2,0.01,271,357720,买盘
2129,09:40:53,13.19,--,208,274352,买盘
2130,09:40:48,13.19,0.02,20,26380,买盘
2131,09:40:43,13.17,-0.01,34,44778,卖盘
2132,09:40:38,13.18,--,17,22406,卖盘
2133,09:40:33,13.18,0.01,30,39540,买盘
2134,09:40:28,13.17,--,64,84288,买盘
2135,09:40:23,13.17,--,20,26340,买盘
2136,09:40:18,13.17,--,21,27657,买盘
2137,09:40:08,13.17,0.01,2,2634,卖盘
2138,09:39:58,13.16,0.01,114,150024,买盘
2139,09:39:48,13.15,--,26,34190,卖盘
2140,09:39:43,13.15,--,3,3945,卖盘
2141,09:39:38,13.15,--,11,14465,买盘
2142,09:39:33,13.15,0.02,41,53915,买盘
2143,09:39:27,13.13,-0.02,12,15756,卖盘
2144,09:39:23,13.15,--,0,0,买盘
2145,09:39:18,13.15,0.01,29,38135,买盘
2146,09:39:08,13.14,--,11,14454,卖盘
2147,09:39:03,13.14,-0.01,82,107748,卖盘
2148,09:38:57,13.15,--,31,40765,买盘
2149,09:38:53,13.15,--,115,151225,买盘
2150,09:38:48,13.15,--,51,67065,买盘
2151,09:38:42,13.15,--,109,143335,买盘
2152,09:38:38,13.15,--,47,61805,买盘
2153,09:38:33,13.15,--,24,31560,买盘
2154,09:38:28,13.15,--,10,13150,买盘
2155,09:38:22,13.15,--,355,466825,买盘
2156,09:38:17,13.15,--,182,239330,买盘
2157,09:38:12,13.15,-0.01,111,145965,卖盘
2158,09:38:07,13.16,--,3,3948,买盘
2159,09:38:03,13.16,--,53,69748,买盘
2160,09:37:57,13.16,-0.01,35,46060,买盘
2161,09:37:52,13.17,--,689,907413,买盘
2162,09:37:48,13.17,--,1,1317,买盘
2163,09:37:42,13.17,--,5,6585,买盘
2164,09:37:37,13.17,-0.01,17,22389,中性盘
2165,09:37:33,13.18,0.04,112,147616,买盘
2166,09:37:28,13.14,--,100,131400,买盘
2167,09:37:22,13.14,-0.03,310,407340,卖盘
2168,09:37:18,13.17,-0.02,20,26340,卖盘
2169,09:37:13,13.19,0.01,309,407571,买盘
2170,09:37:07,13.18,0.01,5,6590,卖盘
2171,09:37:03,13.17,-0.02,2,2634,卖盘
2172,09:36:57,13.19,0.05,46,60674,买盘
2173,09:36:52,13.14,--,11,14454,卖盘
2174,09:36:48,13.14,--,17,22338,卖盘
2175,09:36:37,13.14,--,37,48618,买盘
2176,09:36:33,13.14,0.01,68,89352,买盘
2177,09:36:27,13.13,--,10,13130,卖盘
2178,09:36:22,13.13,--,22,28886,卖盘
2179,09:36:17,13.13,0.01,285,374205,买盘
2180,09:36:12,13.12,--,11,14432,买盘
2181,09:36:07,13.12,--,13,17056,买盘
2182,09:35:57,13.12,--,24,31487,买盘
2183,09:35:52,13.12,--,172,225664,买盘
2184,09:35:46,13.12,--,30,39360,买盘
2185,09:35:43,13.12,--,10,13120,买盘
2186,09:35:37,13.12,0.01,1,1312,买盘
2187,09:35:32,13.11,-0.01,57,74727,卖盘
2188,09:35:22,13.12,-0.01,66,86592,卖盘
2189,09:35:17,13.13,--,1,1313,买盘
2190,09:35:07,13.13,0.01,17,22321,买盘
2191,09:35:02,13.12,--,15,19680,卖盘
2192,09:34:57,13.12,--,10,13120,卖盘
2193,09:34:52,13.12,--,34,44608,买盘
2194,09:34:47,13.12,--,1,1312,买盘
2195,09:34:42,13.12,--,23,30176,卖盘
2196,09:34:37,13.12,-0.02,30,39360,卖盘
2197,09:34:32,13.14,0.02,47,61758,买盘
2198,09:34:27,13.12,--,0,0,卖盘
2199,09:34:22,13.12,-0.02,10,13120,卖盘
2200,09:34:17,13.14,0.02,73,95922,买盘
2201,09:34:12,13.12,-0.01,11,14432,卖盘
2202,09:34:07,13.13,--,2,2626,买盘
2203,09:34:02,13.13,-0.01,54,70902,中性盘
2204,09:33:57,13.14,0.02,6,7884,买盘
2205,09:33:52,13.12,--,26,34112,卖盘
2206,09:33:47,13.12,--,97,127263,买盘
2207,09:33:37,13.12,0.01,48,62975,卖盘
2208,09:33:32,13.11,-0.01,26,34086,卖盘
2209,09:33:22,13.12,0.03,138,181056,买盘
2210,09:33:17,13.09,-0.03,6,7854,卖盘
2211,09:33:12,13.12,0.01,22,28864,买盘
2212,09:33:07,13.11,--,25,32775,买盘
2213,09:33:02,13.11,--,75,98325,卖盘
2214,09:32:57,13.11,0.01,5,6555,卖盘
2215,09:32:52,13.1,-0.02,30,39300,卖盘
2216,09:32:47,13.12,0.01,169,221728,买盘
2217,09:32:41,13.11,--,3,3933,买盘
2218,09:32:36,13.11,-0.01,34,44574,卖盘
2219,09:32:32,13.12,--,232,304384,卖盘
2220,09:32:26,13.12,--,10,13120,卖盘
2221,09:32:21,13.12,0.02,155,203360,买盘
2222,09:32:17,13.1,--,56,73360,卖盘
2223,09:32:12,13.1,-0.01,5,6550,卖盘
2224,09:32:06,13.11,0.01,2,2622,买盘
2225,09:32:02,13.1,--,11,14410,卖盘
2226,09:31:56,13.1,-0.02,275,360250,卖盘
2227,09:31:51,13.12,--,3,3935,买盘
2228,09:31:46,13.12,--,70,91840,买盘
2229,09:31:42,13.12,--,14,18368,买盘
2230,09:31:36,13.12,--,1,1312,买盘
2231,09:31:31,13.12,--,235,308320,卖盘
2232,09:31:26,13.12,-0.02,56,73472,卖盘
2233,09:31:21,13.14,0.02,25,32850,买盘
2234,09:31:16,13.12,--,200,262400,买盘
2235,09:31:12,13.12,--,162,212544,卖盘
2236,09:31:06,13.12,--,29,38048,买盘
2237,09:31:01,13.12,--,31,40672,买盘
2238,09:30:56,13.12,--,17,22304,买盘
2239,09:30:51,13.12,0.01,25,32800,买盘
2240,09:30:46,13.11,-0.01,20,26220,卖盘
2241,09:30:41,13.12,0.01,4,5248,买盘
2242,09:30:36,13.11,--,8,10488,买盘
2243,09:30:31,13.11,-0.01,4,5244,卖盘
2244,09:30:27,13.12,--,19,24928,买盘
2245,09:30:21,13.12,0.01,2,2624,卖盘
2246,09:30:16,13.11,--,0,0,卖盘
2247,09:30:12,13.11,--,31,40641,卖盘
2248,09:30:06,13.11,0.03,159,208449,卖盘
2249,09:30:01,13.08,--,55,71940,买盘
2250,09:28:59,13.08,--,0,0,买盘
2251,09:25:00,13.08,13.08,552,722016,买盘
