,time,price,change,volume,amount,type
0,15:00:00,5.23,--,0,0,卖盘
1,14:59:59,5.23,--,0,0,卖盘
2,14:59:59,5.23,--,208,108784,卖盘
3,14:59:55,5.23,--,28,14644,卖盘
4,14:59:50,5.23,-0.01,215,112445,卖盘
5,14:59:35,5.24,--,300,157200,买盘
6,14:59:30,5.24,--,148,77552,买盘
7,14:59:25,5.24,0.01,10,5240,买盘
8,14:59:20,5.23,-0.01,17,8891,卖盘
9,14:59:10,5.24,0.01,405,212220,买盘
10,14:59:05,5.23,--,92,48121,卖盘
11,14:59:00,5.23,-0.01,1,523,卖盘
12,14:58:55,5.24,0.01,155,81220,买盘
13,14:58:50,5.23,-0.01,51,26673,卖盘
14,14:58:45,5.24,0.01,213,111612,买盘
15,14:58:40,5.23,-0.01,300,156900,卖盘
16,14:58:35,5.24,0.01,125,65500,买盘
17,14:58:25,5.23,-0.01,74,38702,卖盘
18,14:58:15,5.24,0.01,20,10480,买盘
19,14:58:10,5.23,--,188,98324,卖盘
20,14:58:05,5.23,-0.01,283,148009,卖盘
21,14:57:50,5.24,0.01,14,7336,买盘
22,14:57:40,5.23,-0.01,65,33995,卖盘
23,14:57:35,5.24,0.01,3,1572,买盘
24,14:57:30,5.23,-0.01,15,7845,卖盘
25,14:57:25,5.24,0.01,782,409768,买盘
26,14:57:15,5.23,--,4,2092,卖盘
27,14:57:10,5.23,--,4,2092,卖盘
28,14:56:55,5.23,-0.01,92,48116,卖盘
29,14:56:50,5.24,--,4,2096,买盘
30,14:56:35,5.24,--,265,138860,买盘
31,14:56:25,5.24,0.01,10,5240,买盘
32,14:56:20,5.23,--,55,28765,卖盘
33,14:56:10,5.23,--,110,57530,卖盘
34,14:56:05,5.23,-0.01,100,52300,卖盘
35,14:56:00,5.24,0.01,201,105324,买盘
36,14:55:55,5.23,--,44,23012,卖盘
37,14:55:50,5.23,--,213,111399,卖盘
38,14:55:40,5.23,--,10,5230,卖盘
39,14:55:34,5.23,--,127,66421,卖盘
40,14:55:25,5.23,-0.01,8,4184,卖盘
41,14:55:19,5.24,0.01,67,35108,买盘
42,14:55:14,5.23,--,11,5753,卖盘
43,14:55:04,5.23,--,112,58576,卖盘
44,14:54:59,5.23,--,182,95186,卖盘
45,14:54:55,5.23,--,44,23012,卖盘
46,14:54:49,5.23,--,411,214953,卖盘
47,14:54:44,5.23,--,11,5753,卖盘
48,14:54:34,5.23,-0.01,151,78973,卖盘
49,14:54:29,5.24,0.01,145,76074,买盘
50,14:54:25,5.23,--,6,3138,卖盘
51,14:54:19,5.23,--,380,198740,卖盘
52,14:54:14,5.23,--,20,10460,卖盘
53,14:54:10,5.23,--,372,194906,买盘
54,14:54:04,5.23,--,452,236568,卖盘
55,14:53:59,5.23,--,21,10983,卖盘
56,14:53:55,5.23,--,12,6276,卖盘
57,14:53:44,5.23,--,259,135807,买盘
58,14:53:40,5.23,--,126,65898,买盘
59,14:53:34,5.23,--,948,495804,买盘
60,14:53:29,5.23,--,10,5230,买盘
61,14:53:25,5.23,--,9,4707,买盘
62,14:53:19,5.23,--,31,16213,买盘
63,14:53:14,5.23,--,1626,850398,买盘
64,14:53:10,5.23,--,1,523,买盘
65,14:53:04,5.23,0.01,48,25104,买盘
66,14:52:59,5.22,-0.01,127,66294,卖盘
67,14:52:55,5.23,0.01,3,1569,买盘
68,14:52:49,5.22,--,35,18270,卖盘
69,14:52:44,5.22,-0.01,10341,5398341,卖盘
70,14:52:34,5.23,-0.01,84,43932,卖盘
71,14:52:29,5.24,0.01,209,109516,买盘
72,14:52:19,5.23,--,610,319030,卖盘
73,14:52:14,5.23,--,101,52823,卖盘
74,14:52:10,5.23,--,16,8368,卖盘
75,14:52:04,5.23,--,376,196674,卖盘
76,14:51:59,5.23,--,468,245056,卖盘
77,14:51:54,5.23,--,12,6276,卖盘
78,14:51:44,5.23,--,11,5753,卖盘
79,14:51:39,5.23,--,89,46834,卖盘
80,14:51:34,5.23,-0.01,80,41840,卖盘
81,14:51:29,5.24,0.01,9,4716,买盘
82,14:51:24,5.23,--,347,181481,卖盘
83,14:51:19,5.23,--,178,93209,卖盘
84,14:51:14,5.23,--,107,55961,卖盘
85,14:51:09,5.23,-0.01,12,6276,卖盘
86,14:51:04,5.24,0.01,276,144624,买盘
87,14:50:59,5.23,--,112,58576,卖盘
88,14:50:54,5.23,--,13,6799,卖盘
89,14:50:49,5.23,--,100,52300,卖盘
90,14:50:44,5.23,--,17,8891,卖盘
91,14:50:34,5.23,--,517,270391,卖盘
92,14:50:29,5.23,-0.01,52,27196,卖盘
93,14:50:24,5.24,0.01,4,2096,买盘
94,14:50:19,5.23,--,2,1046,卖盘
95,14:50:14,5.23,--,21,10983,卖盘
96,14:50:04,5.23,--,5,2615,卖盘
97,14:49:59,5.23,--,724,378944,卖盘
98,14:49:43,5.23,--,44,23017,卖盘
99,14:49:39,5.23,--,208,108784,卖盘
100,14:49:34,5.23,--,101,52823,卖盘
101,14:49:24,5.23,--,9,4707,卖盘
102,14:49:19,5.23,--,222,116106,卖盘
103,14:49:14,5.23,--,31,16213,卖盘
104,14:49:04,5.23,-0.01,11,5753,卖盘
105,14:48:58,5.24,--,156,81744,买盘
106,14:48:53,5.24,0.01,3,1572,买盘
107,14:48:49,5.23,-0.01,222,116106,卖盘
108,14:48:43,5.24,0.01,9,4716,买盘
109,14:48:38,5.23,--,15,7845,卖盘
110,14:48:34,5.23,-0.01,118,61714,卖盘
111,14:48:23,5.24,0.01,34,17889,买盘
112,14:48:19,5.23,--,12,6276,卖盘
113,14:48:13,5.23,--,3,1569,卖盘
114,14:48:08,5.23,-0.01,2564,1340972,卖盘
115,14:48:04,5.24,0.01,12,6288,买盘
116,14:47:58,5.23,--,108,56484,卖盘
117,14:47:53,5.23,--,12,6276,卖盘
118,14:47:43,5.23,--,61,31903,卖盘
119,14:47:34,5.23,--,77,40271,卖盘
120,14:47:28,5.23,--,31,16213,卖盘
121,14:47:23,5.23,--,7,3661,卖盘
122,14:47:19,5.23,--,10,5230,卖盘
123,14:47:13,5.23,--,53,27719,卖盘
124,14:47:08,5.23,--,1237,646951,卖盘
125,14:47:04,5.23,-0.01,16,8368,卖盘
126,14:46:58,5.24,0.01,87,45588,买盘
127,14:46:53,5.23,--,69,36087,卖盘
128,14:46:43,5.23,--,50,26150,卖盘
129,14:46:33,5.23,--,57,29811,卖盘
130,14:46:28,5.23,--,12,6276,卖盘
131,14:46:19,5.23,--,1676,877055,卖盘
132,14:46:13,5.23,-0.01,49,25627,卖盘
133,14:46:08,5.24,--,60,31440,买盘
134,14:45:58,5.24,0.01,80,41920,买盘
135,14:45:53,5.23,-0.01,125,65375,卖盘
136,14:45:43,5.24,0.01,10,5240,买盘
137,14:45:38,5.23,--,11,5753,卖盘
138,14:45:33,5.23,--,57,29811,卖盘
139,14:45:28,5.23,--,19,9937,卖盘
140,14:45:23,5.23,-0.01,6,3138,卖盘
141,14:45:13,5.24,--,4,2096,买盘
142,14:45:08,5.24,0.01,19,10018,买盘
143,14:44:58,5.23,-0.01,128,66944,卖盘
144,14:44:53,5.24,0.01,28,14672,买盘
145,14:44:49,5.23,--,46,24058,卖盘
146,14:44:43,5.23,--,39,20397,卖盘
147,14:44:33,5.23,--,2,1046,卖盘
148,14:44:28,5.23,-0.01,32,16736,卖盘
149,14:44:23,5.24,--,30,15720,买盘
150,14:44:18,5.24,0.01,16,8384,买盘
151,14:44:13,5.23,--,39,20397,卖盘
152,14:44:08,5.23,--,33,17259,卖盘
153,14:43:58,5.23,--,214,111974,卖盘
154,14:43:53,5.23,-0.01,10,5230,卖盘
155,14:43:48,5.24,--,57,29868,买盘
156,14:43:43,5.24,--,20,10480,买盘
157,14:43:38,5.24,--,90,47160,买盘
158,14:43:33,5.24,0.01,1,524,买盘
159,14:43:28,5.23,--,53,27719,卖盘
160,14:43:23,5.23,-0.01,89,46547,卖盘
161,14:43:18,5.24,--,69,36156,买盘
162,14:43:13,5.24,0.01,3,1572,买盘
163,14:43:08,5.23,-0.01,46,24058,卖盘
164,14:42:58,5.24,0.01,68,35632,买盘
165,14:42:53,5.23,-0.01,21,10983,卖盘
166,14:42:48,5.24,--,2,1048,买盘
167,14:42:43,5.24,0.01,1,524,买盘
168,14:42:37,5.23,-0.01,27,14121,卖盘
169,14:42:33,5.24,--,41,21484,买盘
170,14:42:28,5.24,--,77,40348,买盘
171,14:42:22,5.24,--,20,10480,卖盘
172,14:42:18,5.24,--,12,6288,买盘
173,14:42:13,5.24,--,153,80172,卖盘
174,14:42:07,5.24,--,65,34060,买盘
175,14:42:03,5.24,0.01,10,5240,中性盘
176,14:41:58,5.23,-0.01,44,23012,卖盘
177,14:41:52,5.24,--,16,8384,买盘
178,14:41:47,5.24,0.01,50,26200,买盘
179,14:41:43,5.23,-0.01,871,455533,卖盘
180,14:41:37,5.24,--,30,15720,买盘
181,14:41:32,5.24,0.01,22,11528,买盘
182,14:41:28,5.23,--,70,36610,卖盘
183,14:41:22,5.23,--,35,18305,卖盘
184,14:41:12,5.23,-0.01,154,80542,卖盘
185,14:41:07,5.24,--,23,12052,卖盘
186,14:41:02,5.24,--,57,29868,卖盘
187,14:40:57,5.24,--,42,22008,卖盘
188,14:40:52,5.24,-0.01,25,13100,卖盘
189,14:40:47,5.25,0.01,12,6300,买盘
190,14:40:42,5.24,--,11,5764,卖盘
191,14:40:37,5.24,--,1135,594740,买盘
192,14:40:32,5.24,--,457,239468,卖盘
193,14:40:27,5.24,--,21,11004,卖盘
194,14:40:22,5.24,--,53,27772,卖盘
195,14:40:17,5.24,--,2543,1332532,卖盘
196,14:40:07,5.24,-0.01,52,27248,卖盘
197,14:40:02,5.25,0.01,87,45675,买盘
198,14:39:52,5.24,--,176,92224,卖盘
199,14:39:47,5.24,--,145,75980,卖盘
200,14:39:42,5.24,--,75,39300,卖盘
201,14:39:37,5.24,--,24,12576,卖盘
202,14:39:32,5.24,--,92,48208,卖盘
203,14:39:27,5.24,-0.01,50,26200,卖盘
204,14:39:22,5.25,0.01,5,2625,买盘
205,14:39:17,5.24,0.01,248,129952,买盘
206,14:39:12,5.23,-0.01,10,5230,卖盘
207,14:39:07,5.24,--,2,1048,买盘
208,14:39:02,5.24,--,34,17816,卖盘
209,14:38:57,5.24,--,10,5240,卖盘
210,14:38:52,5.24,--,84,44016,买盘
211,14:38:47,5.24,--,43,22532,买盘
212,14:38:37,5.24,--,3,1572,买盘
213,14:38:32,5.24,0.01,75,39300,卖盘
214,14:38:27,5.23,--,474,247902,卖盘
215,14:38:22,5.23,-0.01,83,43409,卖盘
216,14:38:17,5.24,0.01,62,32488,买盘
217,14:38:12,5.23,-0.01,11,5753,卖盘
218,14:38:02,5.24,--,21,11004,卖盘
219,14:37:57,5.24,--,10,5240,卖盘
220,14:37:52,5.24,-0.01,185,96940,卖盘
221,14:37:42,5.25,0.01,82,43050,买盘
222,14:37:37,5.24,0.01,170,89080,卖盘
223,14:37:32,5.23,--,183,95709,卖盘
224,14:37:27,5.23,--,90,47070,卖盘
225,14:37:22,5.23,-0.01,36,18828,卖盘
226,14:37:17,5.24,--,3,1572,买盘
227,14:37:12,5.24,--,4,2096,买盘
228,14:37:07,5.24,--,28,14672,买盘
229,14:37:02,5.24,--,1972,1033328,买盘
230,14:36:57,5.24,0.01,429,224796,买盘
231,14:36:52,5.23,-0.01,133,69559,卖盘
232,14:36:47,5.24,0.01,314,164536,买盘
233,14:36:42,5.23,-0.01,90,47070,卖盘
234,14:36:32,5.24,0.01,18,9432,买盘
235,14:36:27,5.23,--,81,42363,卖盘
236,14:36:22,5.23,--,3228,1688244,卖盘
237,14:36:17,5.23,-0.01,11,5753,卖盘
238,14:36:12,5.24,--,12,6288,买盘
239,14:36:07,5.24,--,27,14148,买盘
240,14:36:01,5.24,0.01,85,44540,买盘
241,14:35:52,5.23,-0.01,43,22489,卖盘
242,14:35:46,5.24,--,16,8384,买盘
243,14:35:42,5.24,--,13,6812,买盘
244,14:35:37,5.24,0.01,16,8384,买盘
245,14:35:31,5.23,--,69,36087,卖盘
246,14:35:22,5.23,-0.01,72,37708,卖盘
247,14:35:16,5.24,0.01,9,4716,买盘
248,14:35:12,5.23,--,178,93094,卖盘
249,14:35:07,5.23,--,49,25627,卖盘
250,14:35:01,5.23,-0.01,166,86818,卖盘
251,14:34:57,5.24,--,3,1572,买盘
252,14:34:52,5.24,--,25,13100,买盘
253,14:34:46,5.24,0.01,2,1048,买盘
254,14:34:37,5.23,-0.01,11,5753,卖盘
255,14:34:31,5.24,--,83,43492,买盘
256,14:34:27,5.24,--,8,4192,买盘
257,14:34:22,5.24,--,3,1572,买盘
258,14:34:16,5.24,0.01,23,12052,买盘
259,14:34:11,5.23,-0.01,13,6799,卖盘
260,14:34:07,5.24,--,360,188640,买盘
261,14:34:01,5.24,0.01,24,12576,买盘
262,14:33:56,5.23,--,7,3661,卖盘
263,14:33:52,5.23,-0.01,12,6276,卖盘
264,14:33:41,5.24,0.01,18,9432,买盘
265,14:33:36,5.23,--,19,9937,卖盘
266,14:33:31,5.23,--,57,29811,卖盘
267,14:33:26,5.23,--,132,69036,卖盘
268,14:33:21,5.23,--,21,10983,卖盘
269,14:33:16,5.23,-0.01,12,6276,卖盘
270,14:33:11,5.24,--,26,13624,买盘
271,14:33:06,5.24,--,23,12052,买盘
272,14:33:01,5.24,--,146,76504,买盘
273,14:32:56,5.24,--,23,12052,买盘
274,14:32:51,5.24,0.01,15,7860,买盘
275,14:32:46,5.23,--,96,50208,卖盘
276,14:32:41,5.23,-0.01,10,5230,卖盘
277,14:32:36,5.24,--,100,52400,买盘
278,14:32:31,5.24,--,53,27772,买盘
279,14:32:26,5.24,--,23,12560,买盘
280,14:32:21,5.24,0.01,13,6812,买盘
281,14:32:16,5.23,--,14,7322,卖盘
282,14:32:11,5.23,--,31,16213,卖盘
283,14:32:06,5.23,--,22,11506,卖盘
284,14:32:01,5.23,--,70,36610,卖盘
285,14:31:56,5.23,--,38,19874,卖盘
286,14:31:51,5.23,--,14,7322,卖盘
287,14:31:46,5.23,--,43,22489,卖盘
288,14:31:41,5.23,--,28,14644,卖盘
289,14:31:36,5.23,--,3,1569,卖盘
290,14:31:31,5.23,--,75,39225,卖盘
291,14:31:26,5.23,--,24,12552,卖盘
292,14:31:21,5.23,--,4,2092,卖盘
293,14:31:16,5.23,--,133,69559,卖盘
294,14:31:11,5.23,--,501,262023,卖盘
295,14:31:06,5.23,--,12,6276,卖盘
296,14:31:01,5.23,--,88,46024,卖盘
297,14:30:56,5.23,-0.01,18,9414,卖盘
298,14:30:51,5.24,0.01,521,273004,买盘
299,14:30:46,5.23,--,278,145394,卖盘
300,14:30:41,5.23,--,49,25627,卖盘
301,14:30:31,5.23,-0.01,71,37133,卖盘
302,14:30:26,5.24,--,30,15720,买盘
303,14:30:21,5.24,--,3,1572,买盘
304,14:30:16,5.24,--,147,77028,买盘
305,14:30:11,5.24,0.01,3,1572,买盘
306,14:30:06,5.23,--,1,523,卖盘
307,14:30:01,5.23,--,123,64329,卖盘
308,14:29:56,5.23,--,17,8891,卖盘
309,14:29:51,5.23,-0.01,27,14121,卖盘
310,14:29:46,5.24,--,71,37204,买盘
311,14:29:41,5.24,0.01,2,1048,买盘
312,14:29:36,5.23,--,10,5230,卖盘
313,14:29:31,5.23,-0.01,10,5230,卖盘
314,14:29:26,5.24,0.01,10,5240,买盘
315,14:29:16,5.23,--,18,9414,卖盘
316,14:29:10,5.23,--,71,37133,卖盘
317,14:29:06,5.23,-0.01,10,5230,卖盘
318,14:29:01,5.24,0.01,74,38776,买盘
319,14:28:55,5.23,-0.01,11,5753,卖盘
320,14:28:51,5.24,--,9,4716,买盘
321,14:28:46,5.24,0.01,17,8908,买盘
322,14:28:40,5.23,-0.01,315,164745,卖盘
323,14:28:31,5.24,0.01,2,1048,买盘
324,14:28:25,5.23,--,93,48639,卖盘
325,14:28:21,5.23,-0.01,21,10983,卖盘
326,14:28:16,5.24,0.01,113,59212,买盘
327,14:28:10,5.23,-0.01,818,427814,卖盘
328,14:28:06,5.24,0.01,2,1048,买盘
329,14:28:01,5.23,-0.01,71,37133,卖盘
330,14:27:55,5.24,0.01,24,12576,买盘
331,14:27:51,5.23,-0.01,664,347272,卖盘
332,14:27:46,5.24,--,489,256236,买盘
333,14:27:40,5.24,0.01,52,27248,买盘
334,14:27:36,5.23,--,485,253655,卖盘
335,14:27:31,5.23,-0.01,293,153239,卖盘
336,14:27:25,5.24,--,18,9432,买盘
337,14:27:21,5.24,--,52,27248,买盘
338,14:27:16,5.24,0.01,2,1048,买盘
339,14:27:10,5.23,-0.01,596,311708,卖盘
340,14:27:06,5.24,0.01,2,1048,买盘
341,14:27:01,5.23,-0.01,32,16736,卖盘
342,14:26:55,5.24,--,16,8384,买盘
343,14:26:51,5.24,0.01,173,90652,买盘
344,14:26:46,5.23,--,51,26673,卖盘
345,14:26:40,5.23,--,294,153762,卖盘
346,14:26:36,5.23,--,3,1569,卖盘
347,14:26:31,5.23,-0.01,22,11506,卖盘
348,14:26:25,5.24,0.01,26,13624,买盘
349,14:26:21,5.23,-0.01,10,5230,卖盘
350,14:26:16,5.24,0.01,2,1048,买盘
351,14:26:10,5.23,-0.01,311,162653,卖盘
352,14:25:55,5.24,0.01,62,32488,买盘
353,14:25:45,5.23,-0.01,173,90479,卖盘
354,14:25:40,5.24,--,100,52400,买盘
355,14:25:35,5.24,0.01,18,9432,买盘
356,14:25:30,5.23,--,20,10460,卖盘
357,14:25:25,5.23,--,20,10460,卖盘
358,14:25:20,5.23,-0.01,47,24581,卖盘
359,14:25:15,5.24,0.01,10,5240,买盘
360,14:25:05,5.23,-0.01,82,42886,卖盘
361,14:25:00,5.24,--,717,375708,买盘
362,14:24:55,5.24,0.01,26,13624,买盘
363,14:24:50,5.23,-0.01,6,3138,卖盘
364,14:24:45,5.24,--,79,41396,买盘
365,14:24:40,5.24,--,51,26724,买盘
366,14:24:35,5.24,--,16,8384,买盘
367,14:24:30,5.24,0.01,2,1048,买盘
368,14:24:25,5.23,-0.01,275,143825,卖盘
369,14:24:20,5.24,--,369,193675,卖盘
370,14:24:15,5.24,--,51,26724,卖盘
371,14:24:10,5.24,-0.01,259,135716,卖盘
372,14:24:05,5.25,--,89,46725,买盘
373,14:23:55,5.25,--,102,53550,买盘
374,14:23:50,5.25,0.01,686,360648,买盘
375,14:23:40,5.24,--,53,27772,卖盘
376,14:23:35,5.24,-0.01,25,13100,卖盘
377,14:23:30,5.25,--,1,525,买盘
378,14:23:25,5.25,0.01,18,9450,买盘
379,14:23:20,5.24,--,140,73360,卖盘
380,14:23:10,5.24,--,12,6288,卖盘
381,14:23:05,5.24,--,50,26200,卖盘
382,14:23:00,5.24,-0.01,38,19912,卖盘
383,14:22:55,5.25,0.01,102,53550,买盘
384,14:22:50,5.24,--,104,54496,卖盘
385,14:22:45,5.24,--,668,350032,卖盘
386,14:22:40,5.24,--,20,10480,卖盘
387,14:22:35,5.24,-0.01,221,115804,卖盘
388,14:22:30,5.25,0.01,10,5250,买盘
389,14:22:25,5.24,--,61,31964,卖盘
390,14:22:20,5.24,--,61,31964,卖盘
391,14:22:15,5.24,--,80,41920,卖盘
392,14:22:10,5.24,--,415,217460,卖盘
393,14:22:05,5.24,-0.01,28,14672,卖盘
394,14:22:00,5.25,--,15,7875,买盘
395,14:21:55,5.25,--,76,39900,买盘
396,14:21:49,5.25,0.01,2,1050,买盘
397,14:21:40,5.24,-0.01,6040,3164960,卖盘
398,14:21:34,5.25,0.01,19,9975,买盘
399,14:21:30,5.24,-0.01,310,162440,卖盘
400,14:21:25,5.25,--,1,525,买盘
401,14:21:19,5.25,--,12,6300,买盘
402,14:21:10,5.25,--,30,15750,买盘
403,14:21:04,5.25,--,57,29925,买盘
404,14:20:55,5.25,0.01,3,1575,买盘
405,14:20:49,5.24,--,10,5240,卖盘
406,14:20:45,5.24,-0.01,670,351080,卖盘
407,14:20:40,5.25,0.01,74,38850,买盘
408,14:20:34,5.24,--,28,14672,卖盘
409,14:20:25,5.24,--,12,6288,卖盘
410,14:20:19,5.24,--,11,5764,卖盘
411,14:20:15,5.24,-0.01,10,5240,卖盘
412,14:20:10,5.25,0.01,12,6300,买盘
413,14:20:04,5.24,--,10,5240,卖盘
414,14:20:00,5.24,--,12,6288,卖盘
415,14:19:55,5.24,-0.01,11,5764,卖盘
416,14:19:49,5.25,--,21,11025,买盘
417,14:19:40,5.25,0.01,1,525,买盘
418,14:19:34,5.24,-0.01,107,56068,卖盘
419,14:19:30,5.25,--,12,6300,买盘
420,14:19:25,5.25,0.01,12,6300,买盘
421,14:19:19,5.24,-0.01,28,14672,卖盘
422,14:19:15,5.25,0.01,2,1050,买盘
423,14:19:10,5.24,-0.01,10,5240,卖盘
424,14:19:04,5.25,--,713,374325,买盘
425,14:19:00,5.25,0.01,698,366450,买盘
426,14:18:55,5.24,--,70,36680,卖盘
427,14:18:49,5.24,--,9,4716,卖盘
428,14:18:45,5.24,--,668,350032,卖盘
429,14:18:40,5.24,--,11,5764,卖盘
430,14:18:34,5.24,--,27,14148,卖盘
431,14:18:30,5.24,--,107,56068,卖盘
432,14:18:24,5.24,-0.01,200,104800,卖盘
433,14:18:19,5.25,0.01,18,9450,买盘
434,14:18:10,5.24,-0.01,198,103752,卖盘
435,14:18:00,5.25,0.01,13,6825,买盘
436,14:17:54,5.24,-0.01,10,5240,卖盘
437,14:17:49,5.25,0.01,17,8925,买盘
438,14:17:39,5.24,-0.01,10,5240,卖盘
439,14:17:34,5.25,0.01,4,2100,买盘
440,14:17:29,5.24,--,11,5764,卖盘
441,14:17:19,5.24,--,11,5764,卖盘
442,14:17:14,5.24,-0.01,12,6288,卖盘
443,14:17:04,5.25,0.01,130,68250,买盘
444,14:16:59,5.24,--,28,14672,卖盘
445,14:16:54,5.24,--,204,106896,卖盘
446,14:16:49,5.24,-0.01,11,5764,卖盘
447,14:16:44,5.25,0.01,2,1050,买盘
448,14:16:39,5.24,-0.01,10,5240,卖盘
449,14:16:34,5.25,--,12,6300,买盘
450,14:16:29,5.25,--,11,5775,买盘
451,14:16:19,5.25,0.01,519,272475,买盘
452,14:16:14,5.24,-0.01,75,39300,卖盘
453,14:16:09,5.25,--,12,6300,买盘
454,14:16:04,5.25,--,126,66150,买盘
455,14:15:59,5.25,--,12,6300,买盘
456,14:15:54,5.25,--,287,150675,买盘
457,14:15:49,5.25,0.01,126,66150,买盘
458,14:15:44,5.24,-0.01,195,102180,卖盘
459,14:15:34,5.25,--,1,525,买盘
460,14:15:24,5.25,--,2,1050,买盘
461,14:15:19,5.25,--,19,9975,买盘
462,14:15:13,5.25,0.01,45,23625,买盘
463,14:15:09,5.24,-0.01,20,10480,卖盘
464,14:15:04,5.25,0.01,2,1050,买盘
465,14:14:58,5.24,--,109,57168,卖盘
466,14:14:54,5.24,-0.01,32,16768,卖盘
467,14:14:49,5.25,--,55,28875,买盘
468,14:14:43,5.25,0.01,2,1050,买盘
469,14:14:39,5.24,--,207,108468,卖盘
470,14:14:34,5.24,-0.01,36,18864,卖盘
471,14:14:28,5.25,--,163,85575,买盘
472,14:14:24,5.25,--,8,4200,买盘
473,14:14:19,5.25,0.01,27,14175,买盘
474,14:14:13,5.24,--,1010,529240,卖盘
475,14:14:09,5.24,--,3,1572,卖盘
476,14:13:58,5.24,--,161,84364,卖盘
477,14:13:54,5.24,-0.01,137,71788,卖盘
478,14:13:43,5.25,0.01,196,102900,买盘
479,14:13:34,5.24,-0.01,216,113184,卖盘
480,14:13:28,5.25,--,11,5775,买盘
481,14:13:24,5.25,0.01,12,6300,买盘
482,14:13:18,5.24,-0.01,102,53448,卖盘
483,14:13:13,5.25,--,2,1050,买盘
484,14:13:04,5.25,0.01,2,1050,买盘
485,14:12:54,5.24,-0.01,70,36680,卖盘
486,14:12:49,5.25,0.01,2,1050,买盘
487,14:12:43,5.24,-0.01,3,1572,卖盘
488,14:12:39,5.25,--,1,525,买盘
489,14:12:33,5.25,--,77,40425,买盘
490,14:12:28,5.25,--,2,1050,买盘
491,14:12:18,5.25,0.01,2,1050,买盘
492,14:12:13,5.24,--,63,33012,卖盘
493,14:12:09,5.24,-0.01,40,20960,卖盘
494,14:12:03,5.25,--,2,1050,买盘
495,14:11:58,5.25,--,2,1050,买盘
496,14:11:43,5.25,--,9,4725,买盘
497,14:11:34,5.25,0.01,31,16275,买盘
498,14:11:24,5.24,--,3,1572,卖盘
499,14:11:18,5.24,--,35,18340,卖盘
500,14:11:13,5.24,-0.01,29,15196,卖盘
501,14:11:08,5.25,0.01,11,5775,买盘
502,14:11:04,5.24,-0.01,28,14672,卖盘
503,14:10:58,5.25,--,1,525,买盘
504,14:10:48,5.25,--,1004,527100,买盘
505,14:10:43,5.25,--,162,85050,买盘
506,14:10:38,5.25,0.01,27,14196,买盘
507,14:10:33,5.24,--,2,1048,卖盘
508,14:10:28,5.24,--,12,6288,卖盘
509,14:10:23,5.24,-0.01,60,31440,卖盘
510,14:10:18,5.25,0.01,2,1050,买盘
511,14:10:13,5.24,--,3,1572,卖盘
512,14:10:08,5.24,--,15,7860,卖盘
513,14:09:58,5.24,-0.01,3,1572,卖盘
514,14:09:53,5.25,0.01,25,13125,买盘
515,14:09:43,5.24,--,66,34584,卖盘
516,14:09:38,5.24,-0.01,2,1048,卖盘
517,14:09:33,5.25,0.01,3,1575,买盘
518,14:09:28,5.24,--,17,8908,卖盘
519,14:09:23,5.24,--,3,1572,卖盘
520,14:09:18,5.24,--,41,21484,卖盘
521,14:09:13,5.24,-0.01,20,10480,卖盘
522,14:09:08,5.25,--,110,57750,买盘
523,14:09:03,5.25,--,2,1050,买盘
524,14:08:58,5.25,0.01,59,30975,买盘
525,14:08:53,5.24,-0.01,9,4716,卖盘
526,14:08:48,5.25,0.01,33,17325,买盘
527,14:08:43,5.24,-0.01,51,26724,卖盘
528,14:08:37,5.25,0.01,59,30975,买盘
529,14:08:28,5.24,--,75,39300,卖盘
530,14:08:22,5.24,--,24,12576,卖盘
531,14:08:18,5.24,-0.01,74,38776,卖盘
532,14:08:13,5.25,0.01,11,5775,买盘
533,14:08:07,5.24,-0.01,53,27772,卖盘
534,14:08:03,5.25,0.01,10,5250,买盘
535,14:07:58,5.24,--,47,24628,卖盘
536,14:07:52,5.24,--,26,13624,卖盘
537,14:07:48,5.24,--,44,23056,卖盘
538,14:07:43,5.24,--,33,17292,卖盘
539,14:07:37,5.24,-0.01,1,524,卖盘
540,14:07:33,5.25,0.01,4,2100,买盘
541,14:07:27,5.24,--,9,4716,卖盘
542,14:07:22,5.24,--,55,28820,卖盘
543,14:07:18,5.24,--,31,16244,卖盘
544,14:07:12,5.24,--,105,55020,卖盘
545,14:07:07,5.24,--,28,14672,卖盘
546,14:07:03,5.24,-0.01,14,7336,卖盘
547,14:06:57,5.25,--,42,22050,买盘
548,14:06:52,5.25,--,10,5250,买盘
549,14:06:48,5.25,0.01,32,16800,买盘
550,14:06:37,5.24,-0.01,18,9432,卖盘
551,14:06:27,5.25,0.01,2,1050,买盘
552,14:06:22,5.24,--,149,78076,卖盘
553,14:06:12,5.24,--,281,147244,卖盘
554,14:06:07,5.24,-0.01,78,40872,卖盘
555,14:06:03,5.25,0.01,1,525,买盘
556,14:05:57,5.24,-0.01,411,215364,卖盘
557,14:05:52,5.25,0.01,5,2625,买盘
558,14:05:47,5.24,--,75,39300,卖盘
559,14:05:42,5.24,--,109,57116,卖盘
560,14:05:37,5.24,-0.01,77,40348,卖盘
561,14:05:27,5.25,0.01,262,137550,买盘
562,14:05:22,5.24,--,117,61308,卖盘
563,14:05:17,5.24,--,33,17292,卖盘
564,14:05:12,5.24,-0.01,143,74932,卖盘
565,14:05:07,5.25,0.01,54,28350,买盘
566,14:04:57,5.24,--,259,135716,卖盘
567,14:04:47,5.24,--,36,18864,卖盘
568,14:04:42,5.24,-0.01,154,80696,卖盘
569,14:04:37,5.25,0.01,128,67200,买盘
570,14:04:32,5.24,-0.01,1,524,卖盘
571,14:04:27,5.25,--,66,34650,买盘
572,14:04:22,5.25,--,20,10500,买盘
573,14:04:17,5.25,--,22,11550,买盘
574,14:04:12,5.25,--,137,71925,买盘
575,14:04:07,5.25,--,133,69825,买盘
576,14:04:02,5.25,0.01,2,1050,买盘
577,14:03:57,5.24,-0.01,181,94844,卖盘
578,14:03:52,5.25,0.01,59,30975,买盘
579,14:03:47,5.24,--,33,17292,卖盘
580,14:03:42,5.24,-0.01,30,15720,卖盘
581,14:03:37,5.25,--,100,52500,买盘
582,14:03:32,5.25,--,8,4200,买盘
583,14:03:27,5.25,0.01,187,98175,买盘
584,14:03:22,5.24,-0.01,148,77552,卖盘
585,14:03:17,5.25,--,2,1050,买盘
586,14:03:12,5.25,--,644,338100,买盘
587,14:03:07,5.25,--,44,23100,买盘
588,14:02:57,5.25,0.01,32,16800,买盘
589,14:02:52,5.24,--,47,24628,卖盘
590,14:02:47,5.24,-0.01,31,16244,卖盘
591,14:02:42,5.25,--,154,80850,买盘
592,14:02:37,5.25,--,263,138075,买盘
593,14:02:32,5.25,--,30,15750,买盘
594,14:02:27,5.25,0.01,132,69300,买盘
595,14:02:22,5.24,-0.01,158,82792,卖盘
596,14:02:17,5.25,--,188,98700,买盘
597,14:02:12,5.25,--,102,53550,买盘
598,14:02:07,5.25,--,90,47250,买盘
599,14:02:02,5.25,--,123,64575,买盘
600,14:01:52,5.25,0.01,77,40425,买盘
601,14:01:47,5.24,-0.01,1081,566444,卖盘
602,14:01:42,5.25,--,4,2100,买盘
603,14:01:37,5.25,--,102,53550,买盘
604,14:01:31,5.25,--,103,54075,买盘
605,14:01:27,5.25,--,103,54075,买盘
606,14:01:22,5.25,0.01,137,71925,买盘
607,14:01:16,5.24,--,134,70216,卖盘
608,14:01:12,5.24,-0.01,102,53448,卖盘
609,14:01:07,5.25,--,105,55125,买盘
610,14:01:01,5.25,0.01,2,1050,买盘
611,14:00:57,5.24,-0.01,20,10480,卖盘
612,14:00:52,5.25,--,10,5250,买盘
613,14:00:46,5.25,0.01,34,17850,买盘
614,14:00:37,5.24,--,255,133620,卖盘
615,14:00:31,5.24,-0.01,108,56592,卖盘
616,14:00:27,5.25,0.01,2,1050,买盘
617,14:00:21,5.24,--,113,59212,卖盘
618,14:00:16,5.24,--,377,197548,卖盘
619,14:00:12,5.24,--,101,52924,卖盘
620,14:00:06,5.24,-0.01,704,368896,卖盘
621,14:00:01,5.25,--,89,46725,买盘
622,13:59:51,5.25,0.01,107,56175,买盘
623,13:59:46,5.24,--,43,22532,卖盘
624,13:59:42,5.24,--,56,29344,卖盘
625,13:59:31,5.24,--,174,91176,卖盘
626,13:59:21,5.24,-0.01,44,23056,卖盘
627,13:59:16,5.25,--,151,79275,买盘
628,13:59:11,5.25,--,131,68775,买盘
629,13:59:06,5.25,0.01,21,11025,买盘
630,13:59:01,5.24,-0.01,51,26724,卖盘
631,13:58:57,5.25,0.01,30,15750,买盘
632,13:58:51,5.24,-0.01,124,64976,卖盘
633,13:58:46,5.25,0.01,45,23625,买盘
634,13:58:42,5.24,-0.01,4,2096,卖盘
635,13:58:36,5.25,0.01,2,1050,买盘
636,13:58:27,5.24,-0.01,5,2620,卖盘
637,13:58:21,5.25,0.01,31,16275,买盘
638,13:58:16,5.24,-0.01,260,136240,卖盘
639,13:58:11,5.25,--,233,122325,买盘
640,13:58:06,5.25,0.01,30,15750,买盘
641,13:58:01,5.24,--,28,14672,卖盘
642,13:57:51,5.24,--,111,58321,卖盘
643,13:57:46,5.24,-0.01,28,14672,卖盘
644,13:57:41,5.25,0.01,112,58800,买盘
645,13:57:36,5.24,--,127,66548,卖盘
646,13:57:31,5.24,--,114,59736,卖盘
647,13:57:26,5.24,-0.01,50,26200,卖盘
648,13:57:21,5.25,0.01,3,1575,买盘
649,13:57:16,5.24,--,214,112136,卖盘
650,13:57:11,5.24,-0.01,54,28296,卖盘
651,13:57:06,5.25,0.01,13,6825,买盘
652,13:57:01,5.24,-0.01,205,107420,卖盘
653,13:56:56,5.25,0.01,1,525,买盘
654,13:56:51,5.24,-0.01,160,83840,卖盘
655,13:56:46,5.25,0.01,29,15225,买盘
656,13:56:41,5.24,--,46,24104,卖盘
657,13:56:36,5.24,--,92,48208,卖盘
658,13:56:31,5.24,-0.01,43,22532,卖盘
659,13:56:21,5.25,--,44,23100,买盘
660,13:56:16,5.25,--,708,371700,买盘
661,13:56:11,5.25,--,49,25725,买盘
662,13:56:06,5.25,0.01,20,10500,买盘
663,13:56:01,5.24,--,43,22532,卖盘
664,13:55:56,5.24,--,28,14672,卖盘
665,13:55:51,5.24,-0.01,58,30392,卖盘
666,13:55:46,5.25,0.01,21,11025,买盘
667,13:55:41,5.24,-0.01,47,24628,卖盘
668,13:55:36,5.25,0.01,204,107100,买盘
669,13:55:31,5.24,-0.01,2,1048,卖盘
670,13:55:21,5.25,--,37,19425,买盘
671,13:55:16,5.25,--,2,1050,买盘
672,13:55:06,5.25,--,4,2100,买盘
673,13:54:56,5.25,--,2,1050,买盘
674,13:54:46,5.25,--,17,8925,买盘
675,13:54:40,5.25,--,202,106050,买盘
676,13:54:31,5.25,--,10,5250,买盘
677,13:54:25,5.25,--,2,1050,买盘
678,13:54:10,5.25,0.01,59,30975,买盘
679,13:54:05,5.24,-0.01,52,27248,卖盘
680,13:54:01,5.25,--,35,18375,买盘
681,13:53:51,5.25,0.01,2,1050,买盘
682,13:53:40,5.24,-0.01,10,5240,卖盘
683,13:53:36,5.25,--,9,4725,买盘
684,13:53:25,5.25,0.01,2,1050,买盘
685,13:53:21,5.24,-0.01,34,17816,卖盘
686,13:53:15,5.25,--,1,525,买盘
687,13:53:05,5.25,0.01,2,1050,买盘
688,13:53:00,5.24,-0.01,28,14672,卖盘
689,13:52:55,5.25,--,2,1050,买盘
690,13:52:45,5.25,--,2,1050,买盘
691,13:52:40,5.25,--,8,4200,买盘
692,13:52:35,5.25,--,2,1050,买盘
693,13:52:30,5.25,--,1,525,买盘
694,13:52:25,5.25,--,18,9450,买盘
695,13:52:20,5.25,--,2,1050,买盘
696,13:52:15,5.25,--,17,8925,买盘
697,13:52:10,5.25,0.01,17,8925,买盘
698,13:52:05,5.24,-0.01,12,6288,卖盘
699,13:52:00,5.25,--,2,1050,买盘
700,13:51:55,5.25,--,20,10500,买盘
701,13:51:45,5.25,0.01,10,5250,买盘
702,13:51:40,5.24,-0.01,30,15720,卖盘
703,13:51:30,5.25,--,20,10500,买盘
704,13:51:25,5.25,0.01,12,6300,买盘
705,13:51:15,5.24,--,147,77028,卖盘
706,13:51:10,5.24,-0.01,240,126053,卖盘
707,13:51:05,5.25,0.01,2,1050,买盘
708,13:50:55,5.24,--,80,41920,卖盘
709,13:50:50,5.24,--,61,31964,卖盘
710,13:50:45,5.24,-0.01,5,2620,卖盘
711,13:50:40,5.25,0.01,2,1050,买盘
712,13:50:35,5.24,-0.01,27,14148,卖盘
713,13:50:30,5.25,0.01,2,1050,买盘
714,13:50:25,5.24,-0.01,1,524,卖盘
715,13:50:20,5.25,0.01,2,1050,买盘
716,13:50:15,5.24,-0.01,27,14148,卖盘
717,13:50:10,5.25,0.01,2,1050,买盘
718,13:50:00,5.24,--,55,28820,卖盘
719,13:49:55,5.24,-0.01,108,56592,卖盘
720,13:49:45,5.25,0.01,2,1050,买盘
721,13:49:40,5.24,--,27,14148,卖盘
722,13:49:35,5.24,--,29,15196,卖盘
723,13:49:30,5.24,-0.01,27,14148,卖盘
724,13:49:25,5.25,--,1,525,买盘
725,13:49:15,5.25,--,2,1050,买盘
726,13:49:10,5.25,--,148,77700,买盘
727,13:49:05,5.25,--,775,406875,买盘
728,13:49:00,5.25,--,55,28875,买盘
729,13:48:55,5.25,--,2,1050,买盘
730,13:48:45,5.25,--,1904,999600,买盘
731,13:48:40,5.25,--,3,1575,买盘
732,13:48:30,5.25,0.01,23,12075,买盘
733,13:48:20,5.24,--,328,171872,卖盘
734,13:48:10,5.24,--,60,31440,卖盘
735,13:48:05,5.24,--,12,6288,卖盘
736,13:48:00,5.24,--,825,432378,买盘
737,13:47:55,5.24,--,13,6812,买盘
738,13:47:50,5.24,--,7255,3801620,买盘
739,13:47:45,5.24,--,43,22532,买盘
740,13:47:40,5.24,--,98,51352,买盘
741,13:47:34,5.24,--,26,13624,买盘
742,13:47:30,5.24,--,338,177112,买盘
743,13:47:25,5.24,--,2,1048,买盘
744,13:47:19,5.24,--,520,272480,买盘
745,13:47:15,5.24,--,200,104800,买盘
746,13:47:10,5.24,--,32,16768,买盘
747,13:47:04,5.24,--,33,17292,买盘
748,13:46:59,5.24,--,20,10480,买盘
749,13:46:55,5.24,--,118,61832,买盘
750,13:46:49,5.24,--,22,11528,买盘
751,13:46:40,5.24,--,100,52400,买盘
752,13:46:34,5.24,--,143,74932,买盘
753,13:46:29,5.24,--,2,1048,买盘
754,13:46:25,5.24,--,186,97464,买盘
755,13:46:19,5.24,--,1620,848880,买盘
756,13:46:14,5.24,--,3,1572,买盘
757,13:46:09,5.24,0.01,52,27248,买盘
758,13:46:04,5.23,--,100,52300,卖盘
759,13:45:59,5.23,-0.01,4,2097,卖盘
760,13:45:54,5.24,--,28,14672,买盘
761,13:45:44,5.24,--,30,15720,买盘
762,13:45:39,5.24,--,12,6288,买盘
763,13:45:34,5.24,0.01,57,29868,买盘
764,13:45:29,5.23,-0.01,150,78450,卖盘
765,13:45:24,5.24,--,19,9956,买盘
766,13:45:19,5.24,--,5,2620,买盘
767,13:45:09,5.24,--,30,15720,买盘
768,13:45:04,5.24,--,54,28296,买盘
769,13:44:59,5.24,--,9,4757,买盘
770,13:44:54,5.24,0.01,118,61832,买盘
771,13:44:49,5.23,-0.01,443,232175,卖盘
772,13:44:39,5.24,--,67,35108,买盘
773,13:44:34,5.24,--,319,167156,买盘
774,13:44:29,5.24,--,5,2620,买盘
775,13:44:24,5.24,0.01,2114,1107736,买盘
776,13:44:19,5.23,-0.01,1504,786592,卖盘
777,13:44:09,5.24,--,1028,538672,买盘
778,13:44:04,5.24,0.01,78,40872,买盘
779,13:43:59,5.23,-0.01,16,8368,卖盘
780,13:43:54,5.24,--,2,1048,买盘
781,13:43:44,5.24,--,4,2096,买盘
782,13:43:39,5.24,--,8,4192,买盘
783,13:43:34,5.24,0.01,102,53448,买盘
784,13:43:24,5.23,--,6,3138,卖盘
785,13:43:19,5.23,-0.01,109,57007,卖盘
786,13:43:14,5.24,--,100,52400,买盘
787,13:43:09,5.24,--,350,183400,买盘
788,13:43:04,5.24,--,27,14148,买盘
789,13:42:59,5.24,--,11,5764,买盘
790,13:42:54,5.24,0.01,16,8384,买盘
791,13:42:49,5.23,-0.01,15,7845,卖盘
792,13:42:44,5.24,0.01,18,9432,买盘
793,13:42:39,5.23,--,267,139641,卖盘
794,13:42:34,5.23,--,312,163176,卖盘
795,13:42:24,5.23,-0.01,53,27719,卖盘
796,13:42:19,5.24,--,41,21484,买盘
797,13:42:14,5.24,0.01,760,398240,买盘
798,13:42:09,5.23,-0.01,28,14644,卖盘
799,13:42:04,5.24,--,44,23056,买盘
800,13:41:59,5.24,--,1000,524000,买盘
801,13:41:54,5.24,--,3,1572,买盘
802,13:41:49,5.24,--,14,7336,买盘
803,13:41:44,5.24,--,2,1048,买盘
804,13:41:39,5.24,0.01,39,20436,买盘
805,13:41:34,5.23,-0.01,143,74789,卖盘
806,13:41:29,5.24,--,50,26200,买盘
807,13:41:24,5.24,--,150,78600,买盘
808,13:41:19,5.24,--,354,185496,买盘
809,13:41:14,5.24,0.01,2,1048,买盘
810,13:41:09,5.23,-0.01,36,18828,卖盘
811,13:41:04,5.24,--,2,1048,买盘
812,13:40:59,5.24,--,29,15196,买盘
813,13:40:54,5.24,--,39,20436,买盘
814,13:40:49,5.24,--,2,1048,买盘
815,13:40:44,5.24,--,5,2620,买盘
816,13:40:39,5.24,--,2,1048,买盘
817,13:40:34,5.24,0.01,28,14672,买盘
818,13:40:24,5.23,-0.01,385,201626,卖盘
819,13:40:14,5.24,--,2,1048,买盘
820,13:40:09,5.24,0.01,38,19912,买盘
821,13:40:04,5.23,-0.01,23,12029,卖盘
822,13:39:54,5.24,0.01,2,1048,买盘
823,13:39:43,5.23,-0.01,28,14644,卖盘
824,13:39:39,5.24,0.01,556,291344,买盘
825,13:39:34,5.23,-0.01,4,2092,卖盘
826,13:39:23,5.24,--,51,26724,买盘
827,13:39:19,5.24,--,2,1048,买盘
828,13:39:08,5.24,--,11,5764,买盘
829,13:39:03,5.24,--,118,61832,买盘
830,13:38:58,5.24,--,53,27772,买盘
831,13:38:53,5.24,--,120,62880,买盘
832,13:38:48,5.24,--,2,1048,买盘
833,13:38:38,5.24,--,34,17816,买盘
834,13:38:33,5.24,0.01,218,114431,买盘
835,13:38:28,5.23,-0.01,365,190895,卖盘
836,13:38:23,5.24,0.01,20,10480,买盘
837,13:38:18,5.23,-0.01,158,83078,卖盘
838,13:38:13,5.24,0.01,8,4192,买盘
839,13:38:08,5.23,-0.01,10,5230,卖盘
840,13:38:03,5.24,--,1592,834208,买盘
841,13:37:58,5.24,--,106,55544,买盘
842,13:37:48,5.24,--,32,16768,买盘
843,13:37:33,5.24,--,10,5240,买盘
844,13:37:28,5.24,--,11,5764,买盘
845,13:37:18,5.24,--,43,22532,买盘
846,13:37:13,5.24,0.01,234,122616,买盘
847,13:37:08,5.23,-0.01,4,2092,卖盘
848,13:37:03,5.24,--,52,27248,买盘
849,13:36:58,5.24,--,30,15720,买盘
850,13:36:43,5.24,--,22,11528,买盘
851,13:36:38,5.24,--,176,92224,买盘
852,13:36:33,5.24,--,22,11528,买盘
853,13:36:28,5.24,--,10,5240,买盘
854,13:36:23,5.24,--,33,17292,买盘
855,13:36:18,5.24,--,241,126284,买盘
856,13:36:13,5.24,0.01,30,15720,买盘
857,13:36:08,5.23,-0.01,28,14644,卖盘
858,13:36:03,5.24,--,12,6288,买盘
859,13:35:58,5.24,0.01,121,63404,买盘
860,13:35:48,5.23,-0.01,33,17259,卖盘
861,13:35:38,5.24,--,12,6288,买盘
862,13:35:33,5.24,--,62,32488,买盘
863,13:35:28,5.24,--,11,5764,买盘
864,13:35:18,5.24,--,908,475792,买盘
865,13:35:03,5.24,0.01,167,87508,买盘
866,13:34:58,5.23,--,35,18305,卖盘
867,13:34:53,5.23,-0.01,270,141210,卖盘
868,13:34:48,5.24,--,33,17292,买盘
869,13:34:43,5.24,--,73,38252,买盘
870,13:34:38,5.24,--,50,26200,买盘
871,13:34:33,5.24,--,14,7336,买盘
872,13:34:28,5.24,0.01,26,13624,买盘
873,13:34:23,5.23,-0.01,7,3661,卖盘
874,13:34:18,5.24,--,20,10480,买盘
875,13:34:13,5.24,--,15,7860,买盘
876,13:34:08,5.24,--,20,10480,买盘
877,13:34:03,5.24,--,59,30916,买盘
878,13:33:58,5.24,--,106,55544,买盘
879,13:33:48,5.24,--,41,21484,买盘
880,13:33:43,5.24,--,19,9956,买盘
881,13:33:38,5.24,--,2,1048,买盘
882,13:33:33,5.24,0.01,30,15720,买盘
883,13:33:28,5.23,-0.01,1735,907405,卖盘
884,13:33:23,5.24,--,20,10480,买盘
885,13:33:18,5.24,0.01,31,16244,买盘
886,13:33:13,5.23,--,301,157423,卖盘
887,13:33:03,5.23,--,315,164745,卖盘
888,13:32:53,5.23,-0.01,119,62237,卖盘
889,13:32:48,5.24,--,26,13624,买盘
890,13:32:43,5.24,--,176,92224,买盘
891,13:32:33,5.24,--,36,18864,买盘
892,13:32:28,5.24,--,300,157200,买盘
893,13:32:23,5.24,--,504,264096,买盘
894,13:32:18,5.24,--,279,146196,买盘
895,13:32:13,5.24,--,104,54496,买盘
896,13:32:08,5.24,--,30,15720,买盘
897,13:32:03,5.24,--,12,6288,买盘
898,13:31:57,5.24,--,58,30392,买盘
899,13:31:52,5.24,--,8,4192,买盘
900,13:31:47,5.24,0.01,81,42444,买盘
901,13:31:42,5.23,--,424,221752,卖盘
902,13:31:37,5.23,-0.01,76,39748,卖盘
903,13:31:33,5.24,0.01,134,70216,买盘
904,13:31:27,5.23,--,575,300725,卖盘
905,13:31:22,5.23,--,94,49162,卖盘
906,13:31:17,5.23,-0.01,460,240580,卖盘
907,13:31:12,5.24,0.01,123,64452,买盘
908,13:31:07,5.23,-0.01,114,59622,卖盘
909,13:31:02,5.24,--,410,214840,买盘
910,13:30:57,5.24,0.01,163,85412,买盘
911,13:30:52,5.23,-0.01,39,20397,卖盘
912,13:30:47,5.24,--,615,322260,买盘
913,13:30:42,5.24,0.01,1276,668624,买盘
914,13:30:37,5.23,-0.01,62,32426,卖盘
915,13:30:32,5.24,--,4,2096,买盘
916,13:30:27,5.24,--,66,34584,买盘
917,13:30:22,5.24,--,2201,1153324,买盘
918,13:30:17,5.24,--,93,48732,买盘
919,13:30:12,5.24,0.01,43,22532,买盘
920,13:30:07,5.23,--,265,138595,卖盘
921,13:29:57,5.23,-0.01,138,72174,卖盘
922,13:29:52,5.24,0.01,8,4192,买盘
923,13:29:47,5.23,--,82,42886,卖盘
924,13:29:42,5.23,-0.01,85,44455,卖盘
925,13:29:37,5.24,0.01,355,186020,买盘
926,13:29:27,5.23,-0.01,157,82111,卖盘
927,13:29:22,5.24,--,64,33536,买盘
928,13:29:17,5.24,--,204,106896,买盘
929,13:29:12,5.24,0.01,12,6288,买盘
930,13:29:07,5.23,-0.01,65,33995,卖盘
931,13:29:02,5.24,--,2,1048,买盘
932,13:28:57,5.24,0.01,215,112660,买盘
933,13:28:52,5.23,-0.01,18,9414,卖盘
934,13:28:47,5.24,0.01,10,5240,买盘
935,13:28:42,5.23,-0.01,83,43409,卖盘
936,13:28:37,5.24,--,15,7860,买盘
937,13:28:27,5.24,0.01,68,35632,买盘
938,13:28:22,5.23,-0.01,63,32949,卖盘
939,13:28:17,5.24,--,14,7336,买盘
940,13:28:12,5.24,--,19,9956,买盘
941,13:28:07,5.24,0.01,2,1048,买盘
942,13:27:57,5.23,-0.01,155,81065,卖盘
943,13:27:52,5.24,--,31,16244,买盘
944,13:27:47,5.24,0.01,5,2620,买盘
945,13:27:42,5.23,-0.01,440,230120,卖盘
946,13:27:37,5.24,--,63,33012,买盘
947,13:27:27,5.24,--,48,25152,买盘
948,13:27:22,5.24,--,18,9432,买盘
949,13:27:12,5.24,--,12,6288,买盘
950,13:27:02,5.24,0.01,13,6812,买盘
951,13:26:57,5.23,-0.01,41,21443,卖盘
952,13:26:52,5.24,--,1,524,买盘
953,13:26:42,5.24,--,223,116852,买盘
954,13:26:37,5.24,--,59,30916,买盘
955,13:26:32,5.24,--,48,25152,买盘
956,13:26:27,5.24,--,11,5764,买盘
957,13:26:17,5.24,0.01,2,1048,买盘
958,13:26:12,5.23,-0.01,1,523,卖盘
959,13:26:07,5.24,0.01,2,1048,买盘
960,13:25:57,5.23,-0.01,52,27196,卖盘
961,13:25:52,5.24,--,23,12052,买盘
962,13:25:42,5.24,--,31,16244,买盘
963,13:25:37,5.24,0.01,12,6288,买盘
964,13:25:27,5.23,-0.01,16,8629,卖盘
965,13:25:22,5.24,--,29,15196,买盘
966,13:25:12,5.24,--,52,27248,买盘
967,13:25:07,5.24,--,50,26200,买盘
968,13:24:57,5.24,0.01,12,6288,买盘
969,13:24:51,5.23,-0.01,37,19351,卖盘
970,13:24:47,5.24,0.01,314,164536,买盘
971,13:24:41,5.23,-0.01,21,10983,卖盘
972,13:24:36,5.24,0.01,24,12576,买盘
973,13:24:32,5.23,-0.01,14,7322,卖盘
974,13:24:26,5.24,0.01,92,48208,买盘
975,13:24:21,5.23,-0.01,272,142256,卖盘
976,13:24:16,5.24,--,2,1048,买盘
977,13:24:11,5.24,0.01,14,7336,买盘
978,13:24:06,5.23,-0.01,39,20878,卖盘
979,13:24:01,5.24,--,18,9432,买盘
980,13:23:57,5.24,0.01,2,1048,买盘
981,13:23:51,5.23,-0.01,42,21966,卖盘
982,13:23:46,5.24,--,12,6288,买盘
983,13:23:41,5.24,0.01,10,5240,买盘
984,13:23:31,5.23,--,13,6799,卖盘
985,13:23:21,5.23,--,17,8891,卖盘
986,13:23:16,5.23,-0.01,1,523,卖盘
987,13:23:11,5.24,0.01,1,524,买盘
988,13:23:06,5.23,-0.01,814,425722,卖盘
989,13:23:01,5.24,0.01,224,117376,买盘
990,13:22:56,5.23,-0.01,65,33995,卖盘
991,13:22:51,5.24,--,8,4192,买盘
992,13:22:46,5.24,--,3018,1581432,买盘
993,13:22:36,5.24,--,2,1048,买盘
994,13:22:31,5.24,--,1,524,买盘
995,13:22:26,5.24,0.01,1,524,买盘
996,13:22:21,5.23,-0.01,4,2092,卖盘
997,13:22:16,5.24,0.01,53,27772,买盘
998,13:22:11,5.23,-0.01,51,26673,卖盘
999,13:22:06,5.24,--,52,27248,买盘
1000,13:22:01,5.24,--,54,28296,买盘
1001,13:21:56,5.24,--,59,30916,买盘
1002,13:21:51,5.24,0.01,23,12052,买盘
1003,13:21:46,5.23,--,46,24058,卖盘
1004,13:21:41,5.23,-0.01,83,43409,卖盘
1005,13:21:36,5.24,--,10,5240,买盘
1006,13:21:31,5.24,--,11,5764,买盘
1007,13:21:26,5.24,--,32,16768,买盘
1008,13:21:21,5.24,0.01,499,261476,买盘
1009,13:21:16,5.23,--,5,2615,卖盘
1010,13:21:11,5.23,-0.01,87,45501,卖盘
1011,13:21:06,5.24,--,6,3144,买盘
1012,13:21:01,5.24,--,10,5240,买盘
1013,13:20:56,5.24,0.01,10,5240,买盘
1014,13:20:51,5.23,-0.01,96,50208,卖盘
1015,13:20:46,5.24,--,47,24628,买盘
1016,13:20:41,5.24,--,12,6288,买盘
1017,13:20:36,5.24,0.01,49,25676,买盘
1018,13:20:31,5.23,-0.01,5,2615,卖盘
1019,13:20:26,5.24,--,2,1048,买盘
1020,13:20:21,5.24,0.01,61,31964,买盘
1021,13:20:16,5.23,--,85,44455,卖盘
1022,13:20:11,5.23,-0.01,16,8368,卖盘
1023,13:20:06,5.24,--,1142,598408,买盘
1024,13:20:01,5.24,0.01,22,11528,买盘
1025,13:19:56,5.23,-0.01,36,18828,卖盘
1026,13:19:51,5.24,--,90,47160,买盘
1027,13:19:46,5.24,--,568,297632,买盘
1028,13:19:41,5.24,--,13,6812,买盘
1029,13:19:36,5.24,--,2,1048,买盘
1030,13:19:31,5.24,--,180,94320,买盘
1031,13:19:26,5.24,--,19,9956,买盘
1032,13:19:20,5.24,--,226,118424,买盘
1033,13:19:16,5.24,0.01,273,143052,买盘
1034,13:19:11,5.23,-0.01,67,35041,卖盘
1035,13:19:05,5.24,--,477,249948,买盘
1036,13:19:01,5.24,--,37,19388,买盘
1037,13:18:56,5.24,--,2012,1054288,买盘
1038,13:18:50,5.24,--,135,70740,买盘
1039,13:18:45,5.24,--,121,63404,买盘
1040,13:18:40,5.24,--,69,36156,买盘
1041,13:18:35,5.24,--,33,17292,买盘
1042,13:18:30,5.24,--,193,101132,买盘
1043,13:18:25,5.24,--,28,14672,买盘
1044,13:18:20,5.24,--,130,68120,买盘
1045,13:18:16,5.24,--,90,47160,买盘
1046,13:18:11,5.24,--,40,20960,买盘
1047,13:18:05,5.24,--,90,47160,买盘
1048,13:18:00,5.24,--,3230,1692520,买盘
1049,13:17:55,5.24,--,50,26200,买盘
1050,13:17:50,5.24,--,2,1048,买盘
1051,13:17:45,5.24,--,3004,1574096,买盘
1052,13:17:40,5.24,--,73,38252,买盘
1053,13:17:35,5.24,--,30,15720,买盘
1054,13:17:30,5.24,--,2,1048,买盘
1055,13:17:26,5.24,0.01,11,5764,买盘
1056,13:17:20,5.23,-0.01,193,100939,卖盘
1057,13:17:15,5.24,--,73,38252,买盘
1058,13:17:10,5.24,--,100,52400,买盘
1059,13:17:05,5.24,--,3013,1578812,买盘
1060,13:16:55,5.24,--,52,27248,买盘
1061,13:16:50,5.24,--,48,25152,买盘
1062,13:16:45,5.24,--,11,5764,买盘
1063,13:16:40,5.24,--,3,1572,买盘
1064,13:16:35,5.24,--,20,10480,买盘
1065,13:16:30,5.24,--,18,9432,买盘
1066,13:16:20,5.24,--,56,29344,买盘
1067,13:16:15,5.24,--,3025,1585100,买盘
1068,13:16:10,5.24,--,2,1048,买盘
1069,13:16:05,5.24,--,100,52400,买盘
1070,13:16:00,5.24,--,2,1048,买盘
1071,13:15:55,5.24,0.01,6,3144,买盘
1072,13:15:50,5.23,-0.01,549,287127,卖盘
1073,13:15:40,5.24,--,77,40348,买盘
1074,13:15:30,5.24,--,2,1048,买盘
1075,13:15:25,5.24,0.01,15,7860,买盘
1076,13:15:20,5.23,-0.01,90,47070,卖盘
1077,13:15:15,5.24,--,22,11528,买盘
1078,13:15:05,5.24,0.01,2,1048,买盘
1079,13:15:00,5.23,-0.01,7,3661,卖盘
1080,13:14:55,5.24,--,162,84888,买盘
1081,13:14:50,5.24,--,35,18340,买盘
1082,13:14:45,5.24,0.01,9,4716,买盘
1083,13:14:35,5.23,-0.01,31,16213,卖盘
1084,13:14:30,5.24,--,144,75456,买盘
1085,13:14:25,5.24,--,313,164012,买盘
1086,13:14:20,5.24,--,140,73360,买盘
1087,13:14:15,5.24,0.01,61,31964,买盘
1088,13:14:10,5.23,--,3,1569,卖盘
1089,13:14:05,5.23,-0.01,1,523,卖盘
1090,13:14:00,5.24,0.01,26,13624,买盘
1091,13:13:55,5.23,-0.01,12,6276,卖盘
1092,13:13:50,5.24,--,2,1048,买盘
1093,13:13:45,5.24,--,20,10480,买盘
1094,13:13:40,5.24,0.01,2,1048,买盘
1095,13:13:35,5.23,-0.01,47,24581,卖盘
1096,13:13:30,5.24,--,10,5240,买盘
1097,13:13:25,5.24,0.01,28,14672,买盘
1098,13:13:20,5.23,-0.01,28,14644,卖盘
1099,13:13:15,5.24,--,2,1048,买盘
1100,13:13:10,5.24,0.01,2,1048,买盘
1101,13:13:05,5.23,--,64,33472,卖盘
1102,13:12:55,5.23,--,12,6276,卖盘
1103,13:12:50,5.23,-0.01,16,8368,卖盘
1104,13:12:45,5.24,0.01,68,35632,买盘
1105,13:12:35,5.23,--,66,34518,卖盘
1106,13:12:30,5.23,-0.01,15,7845,卖盘
1107,13:12:20,5.24,0.01,14,7336,买盘
1108,13:12:15,5.23,--,16,8368,卖盘
1109,13:12:10,5.23,--,23,12029,卖盘
1110,13:12:05,5.23,-0.01,77,40271,卖盘
1111,13:12:00,5.24,--,33,17292,买盘
1112,13:11:55,5.24,--,3,1572,买盘
1113,13:11:44,5.24,--,5,2620,买盘
1114,13:11:40,5.24,0.01,112,58688,买盘
1115,13:11:35,5.23,--,62,32426,卖盘
1116,13:11:29,5.23,--,500,261500,卖盘
1117,13:11:25,5.23,-0.01,20,10460,卖盘
1118,13:11:20,5.24,0.01,29,15196,买盘
1119,13:11:14,5.23,--,154,80542,卖盘
1120,13:11:05,5.23,--,61,31903,卖盘
1121,13:10:55,5.23,--,104,54392,卖盘
1122,13:10:44,5.23,-0.01,15,7845,卖盘
1123,13:10:40,5.24,0.01,117,61308,买盘
1124,13:10:34,5.23,-0.01,47,24581,卖盘
1125,13:10:24,5.24,--,25,13100,买盘
1126,13:10:14,5.24,--,536,280864,买盘
1127,13:10:09,5.24,--,25,13100,买盘
1128,13:10:04,5.24,--,91,47684,买盘
1129,13:09:59,5.24,--,140,73360,买盘
1130,13:09:54,5.24,0.01,89,46636,买盘
1131,13:09:44,5.23,--,204,106692,卖盘
1132,13:09:39,5.23,--,92,48116,卖盘
1133,13:09:34,5.23,-0.01,48,25104,卖盘
1134,13:09:29,5.24,--,2,1048,买盘
1135,13:09:14,5.24,0.01,18,9432,买盘
1136,13:09:04,5.23,-0.01,48,25104,卖盘
1137,13:08:59,5.24,0.01,1,524,买盘
1138,13:08:54,5.23,--,1,523,卖盘
1139,13:08:44,5.23,--,18,9414,卖盘
1140,13:08:34,5.23,-0.01,75,39225,卖盘
1141,13:08:29,5.24,--,371,194404,买盘
1142,13:08:24,5.24,0.01,9,4716,买盘
1143,13:08:14,5.23,-0.01,4,2092,卖盘
1144,13:08:09,5.24,0.01,7,3668,买盘
1145,13:08:04,5.23,-0.01,88,46024,卖盘
1146,13:07:54,5.24,--,12,6288,买盘
1147,13:07:49,5.24,--,20,10480,买盘
1148,13:07:44,5.24,0.01,105,55020,买盘
1149,13:07:33,5.23,-0.01,47,24581,卖盘
1150,13:07:29,5.24,0.01,170,89080,买盘
1151,13:07:19,5.23,-0.01,144,75312,卖盘
1152,13:07:09,5.24,0.01,10,5240,买盘
1153,13:07:04,5.23,--,60,31380,卖盘
1154,13:06:54,5.23,--,20,10460,卖盘
1155,13:06:49,5.23,-0.01,10,5230,卖盘
1156,13:06:39,5.24,--,20,10480,买盘
1157,13:06:34,5.24,--,56,29344,买盘
1158,13:06:14,5.24,0.01,105,55020,买盘
1159,13:06:04,5.23,--,76,39748,卖盘
1160,13:05:59,5.23,--,14,7322,卖盘
1161,13:05:54,5.23,-0.01,2,1046,卖盘
1162,13:05:48,5.24,--,18,9432,买盘
1163,13:05:39,5.24,0.01,8,4192,买盘
1164,13:05:34,5.23,-0.01,67,35041,卖盘
1165,13:05:24,5.24,0.01,12,6288,买盘
1166,13:05:18,5.23,--,3,1569,卖盘
1167,13:05:13,5.23,--,3,1569,卖盘
1168,13:05:04,5.23,-0.01,48,25104,卖盘
1169,13:04:59,5.24,--,16,8384,买盘
1170,13:04:54,5.24,0.01,80,41920,买盘
1171,13:04:49,5.23,--,10,5230,卖盘
1172,13:04:44,5.23,-0.01,50,26150,卖盘
1173,13:04:34,5.24,0.01,48,25152,买盘
1174,13:04:29,5.23,-0.01,14,7322,卖盘
1175,13:04:23,5.24,--,15,7860,买盘
1176,13:04:18,5.24,--,2,1048,买盘
1177,13:04:08,5.24,0.01,148,77552,买盘
1178,13:04:04,5.23,-0.01,48,25104,卖盘
1179,13:03:48,5.24,0.01,23,12052,买盘
1180,13:03:38,5.23,--,38,19874,卖盘
1181,13:03:34,5.23,-0.01,47,24581,卖盘
1182,13:03:23,5.24,0.01,30,15720,买盘
1183,13:03:03,5.23,-0.01,62,32426,卖盘
1184,13:02:58,5.24,0.01,235,123140,买盘
1185,13:02:53,5.23,--,5,2615,卖盘
1186,13:02:33,5.23,--,76,39748,卖盘
1187,13:02:28,5.23,-0.01,1,523,卖盘
1188,13:02:18,5.24,0.01,2,1048,买盘
1189,13:02:13,5.23,--,1,523,卖盘
1190,13:02:08,5.23,-0.01,945,494235,卖盘
1191,13:02:03,5.24,0.01,67,35108,买盘
1192,13:01:58,5.23,-0.01,47,24581,卖盘
1193,13:01:38,5.24,--,18,9432,买盘
1194,13:01:33,5.24,--,883,462692,买盘
1195,13:01:23,5.24,--,2,1048,买盘
1196,13:01:13,5.24,0.01,988,517712,买盘
1197,13:01:03,5.23,-0.01,375,196125,卖盘
1198,13:00:48,5.24,--,122,63928,买盘
1199,13:00:38,5.24,0.01,17,8908,买盘
1200,13:00:32,5.23,--,67,35041,卖盘
1201,13:00:18,5.23,-0.01,995,520385,卖盘
1202,13:00:12,5.24,--,56,29344,买盘
1203,13:00:08,5.24,0.01,1866,977784,买盘
1204,13:00:03,5.23,--,20599,10773277,卖盘
1205,11:30:00,5.23,--,0,0,卖盘
1206,11:29:59,5.23,--,0,0,卖盘
1207,11:29:39,5.23,-0.01,1,523,卖盘
1208,11:29:35,5.24,--,55,28820,买盘
1209,11:29:29,5.24,0.01,1,524,买盘
1210,11:29:24,5.23,-0.01,970,507310,卖盘
1211,11:29:20,5.24,--,254,133096,买盘
1212,11:29:14,5.24,--,29,15196,买盘
1213,11:28:59,5.24,--,50,26200,买盘
1214,11:28:54,5.24,--,22,11528,买盘
1215,11:28:49,5.24,--,100,52400,买盘
1216,11:28:39,5.24,--,36,18864,买盘
1217,11:28:34,5.24,0.01,5,2620,买盘
1218,11:28:29,5.23,--,25,13075,卖盘
1219,11:28:24,5.23,--,1181,617663,卖盘
1220,11:28:18,5.23,-0.01,165,86389,卖盘
1221,11:28:09,5.24,--,706,369944,买盘
1222,11:28:03,5.24,0.01,10,5240,买盘
1223,11:27:54,5.23,-0.01,191,100232,卖盘
1224,11:27:48,5.24,--,28,14672,买盘
1225,11:27:44,5.24,0.01,10,5240,买盘
1226,11:27:39,5.23,-0.01,5,2615,卖盘
1227,11:27:33,5.24,--,984,515616,买盘
1228,11:27:29,5.24,0.01,292,153008,买盘
1229,11:27:24,5.23,-0.01,122,63806,卖盘
1230,11:27:18,5.24,--,109,57116,买盘
1231,11:27:14,5.24,--,10,5240,买盘
1232,11:27:03,5.24,--,61,31964,买盘
1233,11:26:58,5.24,0.01,8,4192,买盘
1234,11:26:54,5.23,-0.01,220,115060,卖盘
1235,11:26:48,5.24,--,1,524,买盘
1236,11:26:39,5.24,--,1005,526620,买盘
1237,11:26:33,5.24,--,10,5240,买盘
1238,11:26:24,5.24,--,3,1572,买盘
1239,11:26:18,5.24,--,137,71788,买盘
1240,11:26:03,5.24,--,19,9956,买盘
1241,11:25:59,5.24,--,100,52400,买盘
1242,11:25:54,5.24,--,4,2096,买盘
1243,11:25:48,5.24,0.01,445,233180,买盘
1244,11:25:44,5.23,-0.01,945,494235,卖盘
1245,11:25:39,5.24,--,19,9956,买盘
1246,11:25:33,5.24,0.01,111,58164,买盘
1247,11:25:29,5.23,-0.01,330,172590,卖盘
1248,11:25:24,5.24,0.01,89,46636,买盘
1249,11:25:18,5.23,-0.01,36,18828,卖盘
1250,11:25:13,5.24,--,2877,1507548,买盘
1251,11:25:03,5.24,--,10,5240,买盘
1252,11:24:59,5.24,--,13,6812,买盘
1253,11:24:48,5.24,--,993,520332,买盘
1254,11:24:44,5.24,--,107,56068,买盘
1255,11:24:33,5.24,--,135,70740,买盘
1256,11:24:29,5.24,0.01,37,19388,买盘
1257,11:24:23,5.23,-0.01,3,1569,卖盘
1258,11:24:18,5.24,0.01,9,4716,买盘
1259,11:24:09,5.23,-0.01,151,78973,卖盘
1260,11:24:03,5.24,--,11,5764,买盘
1261,11:23:53,5.24,--,1125,589500,买盘
1262,11:23:48,5.24,--,93,48732,买盘
1263,11:23:44,5.24,--,63,33012,买盘
1264,11:23:39,5.24,--,51,26724,买盘
1265,11:23:33,5.24,--,13,6812,买盘
1266,11:23:29,5.24,--,8,4192,买盘
1267,11:23:23,5.24,0.01,3,1572,买盘
1268,11:23:18,5.23,-0.01,1,523,卖盘
1269,11:23:03,5.24,--,161,84364,买盘
1270,11:22:59,5.24,--,1119,586356,买盘
1271,11:22:54,5.24,--,150,78600,买盘
1272,11:22:48,5.24,0.01,100,52400,买盘
1273,11:22:44,5.23,-0.01,117,61191,卖盘
1274,11:22:33,5.24,--,19,9956,买盘
1275,11:22:29,5.24,--,24,12576,买盘
1276,11:22:24,5.24,--,10,5240,买盘
1277,11:22:18,5.24,0.01,239,125236,买盘
1278,11:22:14,5.23,-0.01,3,1569,卖盘
1279,11:22:08,5.24,--,5,2620,买盘
1280,11:22:03,5.24,--,10,5240,买盘
1281,11:21:59,5.24,--,93,48732,卖盘
1282,11:21:48,5.24,0.01,19,9956,买盘
1283,11:21:43,5.23,-0.01,3,1569,卖盘
1284,11:21:33,5.24,--,101,52924,买盘
1285,11:21:29,5.24,--,29,15196,买盘
1286,11:21:23,5.24,--,33,17292,买盘
1287,11:21:18,5.24,0.01,120,62880,买盘
1288,11:21:12,5.23,-0.01,3,1569,卖盘
1289,11:21:08,5.24,-0.01,146,76986,卖盘
1290,11:21:03,5.25,0.01,42,22050,买盘
1291,11:20:53,5.24,--,8,4233,买盘
1292,11:20:48,5.24,--,472,247328,买盘
1293,11:20:42,5.24,--,32,16768,买盘
1294,11:20:38,5.24,--,20,10480,买盘
1295,11:20:33,5.24,--,138,72312,买盘
1296,11:20:27,5.24,--,91,47684,买盘
1297,11:20:18,5.24,--,24,12576,买盘
1298,11:20:12,5.24,-0.01,71,37204,卖盘
1299,11:20:03,5.25,--,19,9975,买盘
1300,11:19:57,5.25,0.01,475,249375,买盘
1301,11:19:53,5.24,--,30,15720,买盘
1302,11:19:48,5.24,--,103,53972,买盘
1303,11:19:42,5.24,--,111,58164,买盘
1304,11:19:38,5.24,0.01,136,71264,买盘
1305,11:19:33,5.23,-0.01,356,186188,卖盘
1306,11:19:27,5.24,--,49,25676,买盘
1307,11:19:23,5.24,--,62,32488,买盘
1308,11:19:18,5.24,--,696,365186,卖盘
1309,11:19:12,5.24,-0.01,3,1572,卖盘
1310,11:19:03,5.25,--,10,5250,买盘
1311,11:18:42,5.25,--,11,5775,买盘
1312,11:18:38,5.25,--,55,28875,买盘
1313,11:18:33,5.25,0.02,312,163842,买盘
1314,11:18:27,5.23,-0.01,24,12552,卖盘
1315,11:18:22,5.24,--,1355,710020,买盘
1316,11:18:18,5.24,0.01,10417,5458508,买盘
1317,11:18:12,5.23,-0.01,178,93094,卖盘
1318,11:18:08,5.24,--,399,209076,买盘
1319,11:18:03,5.24,--,1606,841544,买盘
1320,11:17:57,5.24,--,80,41920,买盘
1321,11:17:53,5.24,--,16,8384,买盘
1322,11:17:48,5.24,--,10,5240,买盘
1323,11:17:42,5.24,-0.01,6646,3482986,卖盘
1324,11:17:38,5.25,0.01,11,5775,买盘
1325,11:17:32,5.24,-0.01,222,116328,卖盘
1326,11:17:27,5.25,0.01,1000,525000,买盘
1327,11:17:23,5.24,--,14,7336,卖盘
1328,11:17:08,5.24,--,93,48732,卖盘
1329,11:16:57,5.24,-0.01,481,252044,卖盘
1330,11:16:47,5.25,--,8,4200,买盘
1331,11:16:38,5.25,0.01,2348,1232700,买盘
1332,11:16:32,5.24,--,945,495180,卖盘
1333,11:16:17,5.24,-0.01,139,72836,卖盘
1334,11:16:12,5.25,0.01,46,24150,买盘
1335,11:16:08,5.24,-0.01,159,83316,卖盘
1336,11:15:52,5.25,0.01,8,4200,买盘
1337,11:15:38,5.24,--,955,500420,卖盘
1338,11:15:27,5.24,-0.01,179,93796,卖盘
1339,11:15:22,5.25,0.01,11,5775,买盘
1340,11:15:12,5.24,-0.01,107,56068,卖盘
1341,11:15:08,5.25,--,117,61425,买盘
1342,11:14:53,5.25,0.01,9,4725,买盘
1343,11:14:42,5.24,-0.01,945,495180,卖盘
1344,11:14:38,5.25,0.01,31,16275,买盘
1345,11:14:32,5.24,-0.01,14,7336,卖盘
1346,11:14:27,5.25,--,1,525,买盘
1347,11:14:22,5.25,--,40,21000,买盘
1348,11:14:12,5.25,--,20,10500,买盘
1349,11:14:08,5.25,--,10,5250,买盘
1350,11:13:51,5.25,0.01,8,4200,买盘
1351,11:13:47,5.24,-0.01,946,495704,卖盘
1352,11:13:42,5.25,--,24,12600,买盘
1353,11:13:36,5.25,0.01,10,5250,买盘
1354,11:13:27,5.24,-0.01,100,52400,卖盘
1355,11:13:21,5.25,--,21,11025,买盘
1356,11:13:12,5.25,0.01,57,29925,买盘
1357,11:13:06,5.24,-0.01,24,12576,卖盘
1358,11:12:57,5.25,0.01,37,19425,买盘
1359,11:12:51,5.24,-0.01,945,495180,卖盘
1360,11:12:42,5.25,--,1,525,买盘
1361,11:12:36,5.25,0.01,21,11025,买盘
1362,11:12:27,5.24,--,43,22532,卖盘
1363,11:12:12,5.24,-0.01,30,15720,卖盘
1364,11:12:06,5.25,--,10,5250,买盘
1365,11:11:57,5.25,0.01,953,500325,买盘
1366,11:11:51,5.24,-0.01,1,524,卖盘
1367,11:11:42,5.25,0.01,1,525,买盘
1368,11:11:36,5.24,--,26,13624,卖盘
1369,11:11:21,5.24,-0.01,21,11004,卖盘
1370,11:11:12,5.25,--,30,15750,买盘
1371,11:11:06,5.25,0.01,11,5775,买盘
1372,11:11:02,5.24,--,954,499896,卖盘
1373,11:10:57,5.24,-0.01,140,73360,卖盘
1374,11:10:51,5.25,--,30,15750,买盘
1375,11:10:36,5.25,0.01,10,5250,买盘
1376,11:10:32,5.24,--,222,116328,卖盘
1377,11:10:27,5.24,-0.01,41,21484,卖盘
1378,11:10:17,5.25,--,12,6300,买盘
1379,11:10:12,5.25,--,43,22575,买盘
1380,11:10:06,5.25,--,998,523950,买盘
1381,11:09:57,5.25,--,14,7350,买盘
1382,11:09:51,5.25,0.01,16,8400,买盘
1383,11:09:36,5.24,--,13,6812,卖盘
1384,11:09:21,5.24,-0.01,5,2620,卖盘
1385,11:09:16,5.25,--,12,6300,买盘
1386,11:09:11,5.25,--,965,506625,买盘
1387,11:09:06,5.25,0.01,42,22050,买盘
1388,11:08:56,5.24,--,3,1572,卖盘
1389,11:08:51,5.24,--,42,22008,卖盘
1390,11:08:46,5.24,--,20,10480,卖盘
1391,11:08:41,5.24,-0.01,1,524,卖盘
1392,11:08:36,5.25,--,10,5250,买盘
1393,11:08:31,5.25,0.01,8,4200,买盘
1394,11:08:16,5.24,-0.01,959,502516,卖盘
1395,11:08:11,5.25,--,10,5250,买盘
1396,11:08:06,5.25,0.01,62,32550,买盘
1397,11:08:01,5.24,--,12,6288,卖盘
1398,11:07:51,5.24,-0.01,1,524,卖盘
1399,11:07:46,5.25,--,12,6300,买盘
1400,11:07:36,5.25,--,650,341250,买盘
1401,11:07:31,5.25,0.01,45,23625,买盘
1402,11:07:26,5.24,--,555,290820,卖盘
1403,11:07:21,5.24,--,1469,769756,卖盘
1404,11:07:17,5.24,-0.01,44,23056,卖盘
1405,11:07:11,5.25,--,8,4200,买盘
1406,11:07:06,5.25,0.01,261,137025,买盘
1407,11:07:01,5.24,--,1,524,卖盘
1408,11:06:41,5.24,-0.01,16,8384,卖盘
1409,11:06:36,5.25,--,53,27825,买盘
1410,11:06:30,5.25,0.01,1200,630000,买盘
1411,11:06:15,5.24,-0.01,1806,946344,卖盘
1412,11:06:11,5.25,--,34,17850,买盘
1413,11:06:06,5.25,--,11,5775,买盘
1414,11:06:00,5.25,--,11,5775,买盘
1415,11:05:56,5.25,0.01,12,6300,买盘
1416,11:05:51,5.24,--,309,161916,卖盘
1417,11:05:45,5.24,-0.01,10,5240,卖盘
1418,11:05:36,5.25,0.01,124,65100,买盘
1419,11:05:30,5.24,--,1070,560680,卖盘
1420,11:05:21,5.24,-0.01,67,35108,卖盘
1421,11:05:15,5.25,0.01,8,4200,买盘
1422,11:05:11,5.24,-0.01,80,41920,卖盘
1423,11:05:06,5.25,--,20,10500,买盘
1424,11:05:00,5.25,--,20,10500,买盘
1425,11:04:56,5.25,--,284,149100,买盘
1426,11:04:51,5.25,--,36,18900,买盘
1427,11:04:45,5.25,--,1,525,买盘
1428,11:04:41,5.25,0.01,2,1050,买盘
1429,11:04:36,5.24,-0.01,1043,546532,卖盘
1430,11:04:30,5.25,0.01,184,96600,买盘
1431,11:04:21,5.24,--,97,50828,卖盘
1432,11:04:15,5.24,-0.01,2580,1351920,卖盘
1433,11:04:11,5.25,--,12,6300,买盘
1434,11:04:06,5.25,--,71,37275,买盘
1435,11:04:00,5.25,--,100,52500,买盘
1436,11:03:45,5.25,--,1075,564375,买盘
1437,11:03:36,5.25,--,165,86625,买盘
1438,11:03:30,5.25,--,93,48825,买盘
1439,11:03:26,5.25,--,53,27825,买盘
1440,11:03:21,5.25,--,142,74550,买盘
1441,11:03:06,5.25,--,10,5250,买盘
1442,11:03:00,5.25,0.01,145,76125,买盘
1443,11:02:51,5.24,--,10,5240,卖盘
1444,11:02:45,5.24,-0.01,951,498324,卖盘
1445,11:02:41,5.25,--,10,5250,买盘
1446,11:02:36,5.25,--,10,5250,买盘
1447,11:02:30,5.25,--,24,12600,买盘
1448,11:02:21,5.25,--,8,4200,买盘
1449,11:02:15,5.25,0.01,195,102375,买盘
1450,11:02:06,5.24,-0.01,35,18340,卖盘
1451,11:02:00,5.25,--,60,31500,买盘
1452,11:01:56,5.25,0.01,33,17325,买盘
1453,11:01:50,5.24,--,948,496752,卖盘
1454,11:01:45,5.24,-0.01,3,1572,卖盘
1455,11:01:40,5.25,--,22,11550,买盘
1456,11:01:35,5.25,--,96,50400,买盘
1457,11:01:30,5.25,--,151,79275,买盘
1458,11:01:26,5.25,--,43,22575,买盘
1459,11:01:21,5.25,--,235,123375,买盘
1460,11:01:15,5.25,--,85,44625,买盘
1461,11:01:10,5.25,--,50,26250,买盘
1462,11:01:05,5.25,--,10,5250,买盘
1463,11:01:00,5.25,--,1005,527625,买盘
1464,11:00:56,5.25,--,116,60900,买盘
1465,11:00:50,5.25,--,1100,577500,买盘
1466,11:00:45,5.25,--,73,38325,买盘
1467,11:00:35,5.25,--,103,54075,买盘
1468,11:00:30,5.25,--,269,141225,买盘
1469,11:00:25,5.25,--,32,16800,买盘
1470,11:00:20,5.25,--,80,42000,买盘
1471,11:00:15,5.25,0.01,267,140175,买盘
1472,11:00:10,5.24,-0.01,63,33012,卖盘
1473,11:00:05,5.25,0.01,44,23100,买盘
1474,11:00:00,5.24,-0.01,978,512472,卖盘
1475,10:59:55,5.25,0.01,53,27825,买盘
1476,10:59:50,5.24,-0.01,43,22532,卖盘
1477,10:59:45,5.25,0.01,23,12075,买盘
1478,10:59:40,5.24,-0.01,15,7860,卖盘
1479,10:59:35,5.25,--,30,15750,买盘
1480,10:59:30,5.25,--,49,25725,买盘
1481,10:59:24,5.25,0.01,55,28875,买盘
1482,10:59:20,5.24,-0.01,3,1572,卖盘
1483,10:59:15,5.25,0.01,51,26775,买盘
1484,10:59:09,5.24,-0.01,968,507232,卖盘
1485,10:59:05,5.25,--,110,57750,买盘
1486,10:59:00,5.25,--,352,184800,买盘
1487,10:58:54,5.25,--,133,69825,买盘
1488,10:58:50,5.25,--,20,10500,买盘
1489,10:58:45,5.25,--,43,22575,买盘
1490,10:58:39,5.25,--,71,37275,买盘
1491,10:58:35,5.25,--,130,68250,买盘
1492,10:58:24,5.25,--,206,108150,买盘
1493,10:58:20,5.25,--,85,44625,买盘
1494,10:58:15,5.25,--,965,506625,买盘
1495,10:58:09,5.25,--,310,162750,买盘
1496,10:58:05,5.25,--,30,15750,买盘
1497,10:58:00,5.25,--,2426,1273650,买盘
1498,10:57:54,5.25,--,154,80850,买盘
1499,10:57:50,5.25,--,86,45150,买盘
1500,10:57:45,5.25,--,160,84000,买盘
1501,10:57:39,5.25,--,47,24675,买盘
1502,10:57:35,5.25,--,104,54600,买盘
1503,10:57:30,5.25,--,22,11865,买盘
1504,10:57:24,5.25,--,52,27300,买盘
1505,10:57:20,5.25,--,136,71400,买盘
1506,10:57:15,5.25,--,1022,536550,买盘
1507,10:57:09,5.25,--,140,73678,买盘
1508,10:57:05,5.25,--,56,29400,买盘
1509,10:57:00,5.25,--,177,92925,买盘
1510,10:56:54,5.25,--,62,32550,买盘
1511,10:56:45,5.25,--,11,5775,买盘
1512,10:56:39,5.25,--,29,15225,买盘
1513,10:56:35,5.25,--,10,5250,买盘
1514,10:56:30,5.25,0.01,114,59850,买盘
1515,10:56:24,5.24,-0.01,955,500420,卖盘
1516,10:56:20,5.25,--,121,63525,买盘
1517,10:56:15,5.25,--,20,10500,买盘
1518,10:56:09,5.25,--,28,14700,买盘
1519,10:56:05,5.25,0.01,114,59850,买盘
1520,10:56:00,5.24,--,50,26200,卖盘
1521,10:55:54,5.24,-0.01,10,5240,卖盘
1522,10:55:50,5.25,0.01,15,7875,买盘
1523,10:55:45,5.24,-0.01,294,154056,卖盘
1524,10:55:39,5.25,--,85,44625,买盘
1525,10:55:35,5.25,--,10,5250,买盘
1526,10:55:30,5.25,0.01,955,501375,买盘
1527,10:55:24,5.24,--,389,203836,卖盘
1528,10:55:20,5.24,-0.01,107,56068,卖盘
1529,10:55:15,5.25,0.01,132,69300,买盘
1530,10:55:09,5.24,-0.01,292,153008,卖盘
1531,10:55:05,5.25,0.01,137,71925,买盘
1532,10:54:44,5.24,-0.01,59,30916,卖盘
1533,10:54:39,5.25,--,10,5250,买盘
1534,10:54:34,5.25,0.01,10,5250,买盘
1535,10:54:30,5.24,-0.01,945,495180,卖盘
1536,10:54:24,5.25,--,117,61425,买盘
1537,10:54:19,5.25,--,7,3675,买盘
1538,10:54:09,5.25,--,1,525,买盘
1539,10:54:04,5.25,--,10,5250,买盘
1540,10:54:00,5.25,--,109,57225,买盘
1541,10:53:54,5.25,--,1,525,买盘
1542,10:53:45,5.25,--,8,4200,买盘
1543,10:53:39,5.25,--,964,506100,买盘
1544,10:53:35,5.25,--,18,9450,买盘
1545,10:53:30,5.25,--,90,47250,买盘
1546,10:53:09,5.25,--,114,59850,买盘
1547,10:53:04,5.25,--,60,31500,买盘
1548,10:52:54,5.25,--,40,21000,买盘
1549,10:52:49,5.25,--,173,90825,买盘
1550,10:52:44,5.25,--,554,290850,卖盘
1551,10:52:33,5.25,--,22,11550,卖盘
1552,10:52:24,5.25,--,20,10500,卖盘
1553,10:52:18,5.25,--,24,12600,卖盘
1554,10:52:14,5.25,--,87,45675,卖盘
1555,10:52:09,5.25,--,25,13125,卖盘
1556,10:52:03,5.25,--,137,71925,卖盘
1557,10:51:54,5.25,0.01,19,9975,买盘
1558,10:51:48,5.24,--,976,511424,卖盘
1559,10:51:44,5.24,--,174,91176,卖盘
1560,10:51:39,5.24,-0.01,172,90128,卖盘
1561,10:51:33,5.25,--,175,91875,买盘
1562,10:51:29,5.25,--,30,15750,买盘
1563,10:51:24,5.25,--,8,4200,买盘
1564,10:51:18,5.25,0.01,240,126000,买盘
1565,10:51:14,5.24,-0.01,23,12052,卖盘
1566,10:51:09,5.25,--,16,8400,买盘
1567,10:51:03,5.25,--,119,62475,买盘
1568,10:50:59,5.25,--,4,2100,买盘
1569,10:50:54,5.25,0.01,953,500325,买盘
1570,10:50:48,5.24,--,33,17292,卖盘
1571,10:50:44,5.24,--,3,1572,卖盘
1572,10:50:39,5.24,-0.01,1,524,卖盘
1573,10:50:33,5.25,--,10,5250,买盘
1574,10:50:29,5.25,0.01,117,61425,买盘
1575,10:50:14,5.24,-0.01,13,6812,卖盘
1576,10:50:09,5.25,-0.01,134,70533,卖盘
1577,10:50:03,5.26,0.01,314,165164,买盘
1578,10:49:59,5.25,-0.01,945,496125,卖盘
1579,10:49:54,5.26,--,25,13150,买盘
1580,10:49:48,5.26,0.01,36,18936,买盘
1581,10:49:44,5.25,--,26,13650,卖盘
1582,10:49:39,5.25,--,600,315000,卖盘
1583,10:49:33,5.25,--,136,71400,卖盘
1584,10:49:29,5.25,-0.01,200,105000,卖盘
1585,10:49:24,5.26,0.01,170,89420,买盘
1586,10:49:18,5.25,-0.01,10550,5538750,卖盘
1587,10:49:14,5.26,0.01,51,26826,买盘
1588,10:49:09,5.25,-0.01,3,1575,卖盘
1589,10:49:03,5.26,--,1011,531786,买盘
1590,10:48:59,5.26,0.01,8,4208,买盘
1591,10:48:54,5.25,-0.01,73,38325,卖盘
1592,10:48:48,5.26,0.01,20,10520,买盘
1593,10:48:44,5.25,--,30,15750,卖盘
1594,10:48:38,5.25,-0.01,17,8925,卖盘
1595,10:48:33,5.26,0.01,65,34190,买盘
1596,10:48:29,5.25,-0.01,343,180075,卖盘
1597,10:48:23,5.26,0.01,187,98362,买盘
1598,10:48:08,5.25,-0.01,995,522375,卖盘
1599,10:48:03,5.26,--,238,125188,买盘
1600,10:47:54,5.26,0.01,129,67854,买盘
1601,10:47:48,5.25,--,25,13125,卖盘
1602,10:47:38,5.25,-0.01,68,35700,卖盘
1603,10:47:33,5.26,0.01,10,5260,买盘
1604,10:47:29,5.25,--,20,10500,卖盘
1605,10:47:24,5.25,--,222,116550,卖盘
1606,10:47:18,5.25,-0.01,32,16800,卖盘
1607,10:47:14,5.26,--,1289,678014,买盘
1608,10:47:03,5.26,--,19,9994,买盘
1609,10:46:53,5.26,0.01,80,42080,买盘
1610,10:46:48,5.25,-0.01,20,10500,卖盘
1611,10:46:38,5.26,--,118,62068,买盘
1612,10:46:33,5.26,--,10,5260,买盘
1613,10:46:28,5.26,0.01,1932,1016232,买盘
1614,10:46:23,5.25,-0.01,617,323925,卖盘
1615,10:46:18,5.26,0.01,1121,589646,买盘
1616,10:46:13,5.25,-0.01,669,351225,卖盘
1617,10:46:08,5.26,--,248,130448,买盘
1618,10:46:03,5.26,--,90,47340,买盘
1619,10:45:58,5.26,0.01,45,23670,买盘
1620,10:45:48,5.25,-0.01,22,11550,卖盘
1621,10:45:43,5.26,0.01,187,98362,买盘
1622,10:45:38,5.25,-0.01,3,1575,卖盘
1623,10:45:33,5.26,--,10,5260,买盘
1624,10:45:27,5.26,--,15,7890,买盘
1625,10:45:23,5.26,--,957,503382,买盘
1626,10:45:08,5.26,--,145,76270,买盘
1627,10:45:03,5.26,--,213,112038,买盘
1628,10:44:48,5.26,--,187,98362,买盘
1629,10:44:33,5.26,0.01,310,163060,买盘
1630,10:44:27,5.25,--,955,501375,卖盘
1631,10:44:18,5.25,-0.01,129,67725,卖盘
1632,10:44:12,5.26,--,10,5260,买盘
1633,10:44:03,5.26,0.01,10,5260,买盘
1634,10:43:57,5.25,--,100,52500,卖盘
1635,10:43:53,5.25,--,20,10500,卖盘
1636,10:43:48,5.25,-0.01,43,22575,卖盘
1637,10:43:42,5.26,--,23,12098,买盘
1638,10:43:38,5.26,--,11,5786,买盘
1639,10:43:33,5.26,--,1001,526526,买盘
1640,10:43:27,5.26,--,150,78905,买盘
1641,10:43:12,5.26,--,9,4734,买盘
1642,10:43:08,5.26,--,1,526,买盘
1643,10:43:03,5.26,--,22,11572,买盘
1644,10:42:57,5.26,0.01,119,62594,买盘
1645,10:42:53,5.25,--,14,7350,卖盘
1646,10:42:48,5.25,-0.01,92,48300,卖盘
1647,10:42:42,5.26,--,2787,1465962,卖盘
1648,10:42:38,5.26,-0.01,200,105200,卖盘
1649,10:42:33,5.27,--,238,125425,买盘
1650,10:42:23,5.27,--,124,65347,买盘
1651,10:42:17,5.27,--,8,4216,买盘
1652,10:42:02,5.27,0.01,56,29511,买盘
1653,10:41:57,5.26,--,2008,1056208,卖盘
1654,10:41:47,5.26,--,5,2630,卖盘
1655,10:41:42,5.26,--,238,125188,卖盘
1656,10:41:38,5.26,-0.01,4,2104,卖盘
1657,10:41:32,5.27,0.01,13,6850,买盘
1658,10:41:27,5.26,--,85,44710,卖盘
1659,10:41:23,5.26,--,50,26300,卖盘
1660,10:41:17,5.26,-0.01,138,72588,卖盘
1661,10:41:12,5.27,--,10,5270,买盘
1662,10:41:02,5.27,--,16,8432,买盘
1663,10:40:57,5.27,0.01,126,66402,买盘
1664,10:40:53,5.26,--,22,11572,卖盘
1665,10:40:47,5.26,-0.01,58,30508,卖盘
1666,10:40:42,5.27,--,59,31092,买盘
1667,10:40:37,5.27,--,14,7377,买盘
1668,10:40:32,5.27,--,16,8432,买盘
1669,10:40:27,5.27,--,10,5270,买盘
1670,10:40:22,5.27,--,25,13174,买盘
1671,10:40:12,5.27,--,49,25822,买盘
1672,10:40:02,5.27,--,81,42687,买盘
1673,10:39:57,5.27,--,20,10540,买盘
1674,10:39:47,5.27,--,64,33728,买盘
1675,10:39:32,5.27,--,13,6850,买盘
1676,10:39:27,5.27,--,58,30565,买盘
1677,10:39:23,5.27,0.01,34,17918,买盘
1678,10:39:17,5.26,-0.01,60,31560,卖盘
1679,10:39:12,5.27,0.01,1,527,买盘
1680,10:39:07,5.26,-0.01,1,526,卖盘
1681,10:39:02,5.27,0.01,205,108034,买盘
1682,10:38:57,5.26,-0.01,123,64698,卖盘
1683,10:38:52,5.27,--,34,17918,买盘
1684,10:38:47,5.27,0.01,102,53753,买盘
1685,10:38:37,5.26,--,140,73640,卖盘
1686,10:38:32,5.26,-0.01,11,5786,卖盘
1687,10:38:27,5.27,0.01,48,25295,买盘
1688,10:38:21,5.26,--,216,113616,卖盘
1689,10:38:17,5.26,--,10,5260,卖盘
1690,10:38:12,5.26,-0.01,46,24196,卖盘
1691,10:38:02,5.27,--,174,91697,买盘
1692,10:37:57,5.27,0.01,10,5270,买盘
1693,10:37:47,5.26,-0.01,23,12098,卖盘
1694,10:37:36,5.27,--,41,21607,买盘
1695,10:37:32,5.27,--,10,5270,买盘
1696,10:37:27,5.27,0.01,8,4216,买盘
1697,10:37:17,5.26,--,344,180949,卖盘
1698,10:37:12,5.26,-0.01,14,7364,卖盘
1699,10:37:06,5.27,--,718,378385,买盘
1700,10:36:51,5.27,--,10,5270,买盘
1701,10:36:42,5.27,--,14,7377,买盘
1702,10:36:36,5.27,--,20,10540,买盘
1703,10:36:32,5.27,0.01,8,4216,买盘
1704,10:36:27,5.26,-0.01,69,36294,卖盘
1705,10:36:21,5.27,0.01,259,136493,买盘
1706,10:36:17,5.26,-0.01,27,14202,卖盘
1707,10:36:06,5.27,--,382,201313,买盘
1708,10:35:57,5.27,0.01,2,1054,买盘
1709,10:35:51,5.26,-0.01,23,12098,卖盘
1710,10:35:47,5.27,0.01,49,25822,买盘
1711,10:35:42,5.26,--,90,47340,卖盘
1712,10:35:36,5.26,-0.01,808,425008,卖盘
1713,10:35:26,5.27,0.01,726,382601,买盘
1714,10:35:21,5.26,-0.01,110,57860,卖盘
1715,10:35:17,5.27,--,7,3688,买盘
1716,10:35:12,5.27,0.01,44,23187,买盘
1717,10:35:06,5.26,--,980,515480,卖盘
1718,10:34:51,5.26,--,8,4208,卖盘
1719,10:34:47,5.26,--,10,5260,卖盘
1720,10:34:41,5.26,-0.01,4,2104,卖盘
1721,10:34:36,5.27,0.01,18,9486,买盘
1722,10:34:21,5.26,-0.01,455,239330,卖盘
1723,10:34:17,5.27,0.01,50,26349,买盘
1724,10:34:11,5.26,-0.01,107,56282,卖盘
1725,10:34:06,5.27,--,10,5270,买盘
1726,10:33:56,5.27,--,37,19499,买盘
1727,10:33:41,5.27,--,9,4743,买盘
1728,10:33:36,5.27,0.01,16,8432,买盘
1729,10:33:31,5.26,--,4,2104,卖盘
1730,10:33:26,5.26,--,461,242486,卖盘
1731,10:33:21,5.26,-0.01,41,21566,卖盘
1732,10:33:16,5.27,0.01,1,527,买盘
1733,10:33:11,5.26,-0.01,432,227232,卖盘
1734,10:33:06,5.27,0.01,13,6850,买盘
1735,10:32:56,5.26,-0.01,434,228284,卖盘
1736,10:32:51,5.27,--,41,21607,买盘
1737,10:32:41,5.27,--,52,27403,买盘
1738,10:32:36,5.27,--,13,6850,买盘
1739,10:32:31,5.27,0.01,2,1054,买盘
1740,10:32:26,5.26,--,547,287722,卖盘
1741,10:32:21,5.26,-0.01,250,131500,卖盘
1742,10:32:06,5.27,0.01,146,76942,买盘
1743,10:31:51,5.26,--,1265,665390,卖盘
1744,10:31:45,5.26,-0.01,495,260370,卖盘
1745,10:31:41,5.27,--,8,4216,买盘
1746,10:31:36,5.27,0.01,13,6850,买盘
1747,10:31:26,5.26,--,11,5786,卖盘
1748,10:31:21,5.26,--,82,43132,卖盘
1749,10:31:15,5.26,-0.01,83,43658,卖盘
1750,10:31:11,5.27,--,59,31092,买盘
1751,10:31:06,5.27,0.01,395,208164,买盘
1752,10:31:00,5.26,--,43,22618,卖盘
1753,10:30:56,5.26,--,30,15780,卖盘
1754,10:30:51,5.26,-0.01,17,8942,卖盘
1755,10:30:45,5.27,--,89,46902,买盘
1756,10:30:36,5.27,--,153,80631,买盘
1757,10:30:30,5.27,0.01,34,17918,买盘
1758,10:30:21,5.26,--,319,167794,卖盘
1759,10:30:15,5.26,-0.01,4,2104,卖盘
1760,10:30:11,5.27,--,160,84320,买盘
1761,10:30:06,5.27,0.01,10,5270,买盘
1762,10:30:00,5.26,--,36,19041,卖盘
1763,10:29:51,5.26,--,35,18410,卖盘
1764,10:29:41,5.26,-0.01,70,36820,卖盘
1765,10:29:36,5.27,0.01,60,31619,买盘
1766,10:29:30,5.26,-0.01,5,2630,卖盘
1767,10:29:25,5.27,0.01,17,8959,买盘
1768,10:29:21,5.26,-0.01,120,63120,卖盘
1769,10:29:06,5.27,0.01,10,5270,买盘
1770,10:29:00,5.26,--,37,19919,买盘
1771,10:28:56,5.26,0.01,16,8416,买盘
1772,10:28:50,5.25,-0.01,43,22575,卖盘
1773,10:28:35,5.26,--,940,494508,卖盘
1774,10:28:20,5.26,--,17,8942,卖盘
1775,10:28:15,5.26,--,235,124067,买盘
1776,10:28:05,5.26,--,10,5260,买盘
1777,10:28:00,5.26,--,50,26300,买盘
1778,10:27:55,5.26,0.01,18,9468,买盘
1779,10:27:50,5.25,-0.01,2,1050,卖盘
1780,10:27:40,5.26,--,187,98362,买盘
1781,10:27:35,5.26,0.01,32,16832,买盘
1782,10:27:30,5.25,--,82,43050,卖盘
1783,10:27:20,5.25,--,35,18375,卖盘
1784,10:27:05,5.25,-0.01,138,72450,卖盘
1785,10:27:00,5.26,0.01,9,4734,买盘
1786,10:26:50,5.25,-0.01,140,73568,卖盘
1787,10:26:45,5.26,-0.01,76,39976,卖盘
1788,10:26:40,5.27,0.01,2,1054,买盘
1789,10:26:35,5.26,--,177,93559,买盘
1790,10:26:30,5.26,--,52,27352,买盘
1791,10:26:20,5.26,0.01,179,94154,买盘
1792,10:26:15,5.25,--,148,77700,卖盘
1793,10:26:10,5.25,-0.01,185,97125,卖盘
1794,10:26:05,5.26,--,163,85738,买盘
1795,10:26:00,5.26,0.01,82,43132,买盘
1796,10:25:50,5.25,-0.01,330,173250,卖盘
1797,10:25:45,5.26,0.01,20,10520,买盘
1798,10:25:35,5.25,-0.01,80,42000,卖盘
1799,10:25:30,5.26,0.01,405,213030,买盘
1800,10:25:25,5.25,-0.01,24,12600,卖盘
1801,10:25:20,5.26,--,102,53652,买盘
1802,10:25:15,5.26,--,95,49970,买盘
1803,10:25:10,5.26,--,35,18410,买盘
1804,10:25:05,5.26,--,178,93628,买盘
1805,10:25:00,5.26,0.01,18,9468,买盘
1806,10:24:55,5.25,--,20,10500,卖盘
1807,10:24:50,5.25,-0.01,84,44100,卖盘
1808,10:24:45,5.26,0.01,2,1052,买盘
1809,10:24:35,5.25,-0.01,47,24675,卖盘
1810,10:24:30,5.26,--,77,40502,买盘
1811,10:24:20,5.26,--,95,49970,买盘
1812,10:24:15,5.26,--,108,56808,买盘
1813,10:24:09,5.26,--,20,10520,买盘
1814,10:24:05,5.26,--,430,226180,买盘
1815,10:24:00,5.26,0.01,110,57860,买盘
1816,10:23:54,5.25,-0.01,120,63000,卖盘
1817,10:23:50,5.26,--,13,6838,买盘
1818,10:23:45,5.26,--,9,4734,买盘
1819,10:23:39,5.26,0.01,33,17358,买盘
1820,10:23:35,5.25,-0.01,83,43575,卖盘
1821,10:23:30,5.26,--,284,149384,买盘
1822,10:23:19,5.26,0.01,40,21040,买盘
1823,10:23:15,5.25,-0.01,424,222600,卖盘
1824,10:23:09,5.26,--,8,4208,买盘
1825,10:23:04,5.26,--,10,5260,买盘
1826,10:22:45,5.26,--,1,526,买盘
1827,10:22:39,5.26,--,196,103096,买盘
1828,10:22:34,5.26,0.01,10,5260,买盘
1829,10:22:30,5.25,-0.01,43,22575,卖盘
1830,10:22:24,5.26,0.01,372,195672,买盘
1831,10:22:19,5.25,-0.01,222,116550,卖盘
1832,10:22:15,5.26,--,40,21040,买盘
1833,10:22:09,5.26,--,30,15780,买盘
1834,10:22:04,5.26,--,13,6838,买盘
1835,10:22:00,5.26,--,69,36294,买盘
1836,10:21:54,5.26,--,11,5786,买盘
1837,10:21:45,5.26,--,20,10520,买盘
1838,10:21:39,5.26,--,146,76796,买盘
1839,10:21:34,5.26,--,30,15780,买盘
1840,10:21:29,5.26,--,74,38924,买盘
1841,10:21:24,5.26,--,135,71010,买盘
1842,10:21:19,5.26,0.01,38,19988,买盘
1843,10:21:14,5.25,-0.01,102,53550,卖盘
1844,10:21:09,5.26,--,95,49970,买盘
1845,10:21:04,5.26,--,94,49444,买盘
1846,10:20:59,5.26,0.01,354,186204,买盘
1847,10:20:54,5.25,-0.01,53,27993,卖盘
1848,10:20:49,5.26,--,98,51548,买盘
1849,10:20:44,5.26,--,289,152014,买盘
1850,10:20:39,5.26,--,115,60490,买盘
1851,10:20:34,5.26,0.01,220,115720,买盘
1852,10:20:29,5.25,-0.01,48,25200,卖盘
1853,10:20:24,5.26,--,19,9994,买盘
1854,10:20:19,5.26,--,14,7364,买盘
1855,10:20:14,5.26,--,152,79952,买盘
1856,10:20:09,5.26,--,80,42080,买盘
1857,10:20:04,5.26,--,273,143598,买盘
1858,10:19:59,5.26,0.01,149,78374,买盘
1859,10:19:34,5.25,-0.01,35,18490,卖盘
1860,10:19:29,5.26,0.01,315,165690,买盘
1861,10:19:24,5.25,-0.01,1,525,卖盘
1862,10:19:19,5.26,--,395,207770,买盘
1863,10:19:14,5.26,--,9,4734,买盘
1864,10:19:09,5.26,0.01,36,18936,买盘
1865,10:19:04,5.25,-0.01,35,18485,卖盘
1866,10:18:59,5.26,--,110,57860,买盘
1867,10:18:44,5.26,--,7,3682,买盘
1868,10:18:39,5.26,0.01,23,12098,买盘
1869,10:18:34,5.25,--,35,18485,卖盘
1870,10:18:29,5.25,-0.01,244,128100,卖盘
1871,10:18:24,5.26,--,37,19462,买盘
1872,10:18:19,5.26,--,8,4208,买盘
1873,10:18:14,5.26,--,39,20514,买盘
1874,10:18:09,5.26,0.01,106,55756,买盘
1875,10:18:04,5.25,--,211,110885,卖盘
1876,10:17:59,5.25,--,44,23100,卖盘
1877,10:17:54,5.25,-0.01,202,106050,卖盘
1878,10:17:49,5.26,--,2376,1249776,买盘
1879,10:17:44,5.26,0.01,29,15254,买盘
1880,10:17:39,5.25,--,5,2625,卖盘
1881,10:17:34,5.25,--,128,67310,卖盘
1882,10:17:29,5.25,--,100,52500,卖盘
1883,10:17:24,5.25,--,235,123375,卖盘
1884,10:17:04,5.25,-0.01,32,16910,卖盘
1885,10:16:59,5.26,0.01,95,49970,买盘
1886,10:16:54,5.25,-0.01,672,352800,卖盘
1887,10:16:49,5.26,--,232,122032,买盘
1888,10:16:39,5.26,--,37,19462,买盘
1889,10:16:33,5.26,--,54,28404,买盘
1890,10:16:29,5.26,-0.01,4404,2316572,卖盘
1891,10:16:24,5.27,0.01,22,11593,买盘
1892,10:16:14,5.26,-0.01,219,115194,卖盘
1893,10:16:03,5.27,--,10,5270,买盘
1894,10:15:54,5.27,--,10,5270,买盘
1895,10:15:48,5.27,--,70,36890,买盘
1896,10:15:44,5.27,--,28,14755,买盘
1897,10:15:33,5.27,0.01,12,6323,买盘
1898,10:15:29,5.26,--,55,28930,卖盘
1899,10:15:18,5.26,--,233,122678,卖盘
1900,10:15:13,5.26,-0.01,1,526,卖盘
1901,10:15:09,5.27,--,230,121209,买盘
1902,10:15:03,5.27,--,90,47429,买盘
1903,10:14:58,5.27,--,31,16336,买盘
1904,10:14:48,5.27,0.01,600,316200,买盘
1905,10:14:43,5.26,--,79,41554,卖盘
1906,10:14:38,5.26,-0.01,8,4208,卖盘
1907,10:14:33,5.27,0.01,21,11067,买盘
1908,10:14:28,5.26,-0.01,47,24722,卖盘
1909,10:14:23,5.27,0.01,59,31092,买盘
1910,10:14:18,5.26,-0.01,304,159904,卖盘
1911,10:14:08,5.27,--,3,1580,买盘
1912,10:14:03,5.27,--,27,14228,买盘
1913,10:13:38,5.27,--,234,123317,买盘
1914,10:13:33,5.27,0.01,10,5270,买盘
1915,10:13:28,5.26,--,18,9468,卖盘
1916,10:13:18,5.26,--,51,26826,卖盘
1917,10:13:08,5.26,-0.01,349,183742,卖盘
1918,10:13:03,5.27,0.01,136,71672,买盘
1919,10:12:58,5.26,--,10,5260,卖盘
1920,10:12:48,5.26,-0.01,6,3156,卖盘
1921,10:12:33,5.27,--,68,35836,买盘
1922,10:12:28,5.27,0.01,50,26349,买盘
1923,10:12:23,5.26,--,222,116772,卖盘
1924,10:12:18,5.26,-0.01,110,57860,卖盘
1925,10:12:13,5.27,--,4,2108,买盘
1926,10:12:08,5.27,0.01,95,50064,买盘
1927,10:12:03,5.26,-0.01,83,43658,卖盘
1928,10:11:53,5.27,0.01,117,61658,买盘
1929,10:11:43,5.26,--,3,1578,卖盘
1930,10:11:38,5.26,-0.01,34,17884,卖盘
1931,10:11:33,5.27,--,25,13174,买盘
1932,10:11:23,5.27,0.01,104,54807,买盘
1933,10:11:18,5.26,--,1,526,卖盘
1934,10:11:13,5.26,--,11,5786,卖盘
1935,10:11:08,5.26,-0.01,199,104674,卖盘
1936,10:11:03,5.27,0.01,15,7904,买盘
1937,10:10:58,5.26,--,98,51548,卖盘
1938,10:10:53,5.26,--,11,5786,卖盘
1939,10:10:48,5.26,--,53,27878,卖盘
1940,10:10:38,5.26,-0.01,16,8416,卖盘
1941,10:10:33,5.27,--,127,66929,买盘
1942,10:10:28,5.27,0.01,4,2108,买盘
1943,10:10:18,5.26,-0.01,81,42606,卖盘
1944,10:10:13,5.27,0.01,190,100129,买盘
1945,10:10:08,5.26,-0.01,48,25248,卖盘
1946,10:10:03,5.27,--,75,39693,买盘
1947,10:09:53,5.27,0.01,104,54807,买盘
1948,10:09:43,5.26,-0.01,100,52600,卖盘
1949,10:09:38,5.27,--,703,370480,买盘
1950,10:09:33,5.27,0.01,10,5270,买盘
1951,10:09:08,5.26,-0.01,4,2104,卖盘
1952,10:09:03,5.27,0.01,16,8432,买盘
1953,10:08:57,5.26,-0.01,116,61347,卖盘
1954,10:08:53,5.27,0.01,114,60077,买盘
1955,10:08:48,5.26,--,30,15780,卖盘
1956,10:08:38,5.26,-0.01,137,72062,卖盘
1957,10:08:33,5.27,--,14,7377,买盘
1958,10:08:28,5.27,0.01,70,36890,买盘
1959,10:08:23,5.26,-0.01,66,35052,卖盘
1960,10:08:18,5.27,0.01,95,50064,买盘
1961,10:08:08,5.26,-0.01,19,9994,卖盘
1962,10:08:03,5.27,--,91,48294,买盘
1963,10:07:57,5.27,0.01,95,50064,买盘
1964,10:07:47,5.26,--,274,144124,卖盘
1965,10:07:37,5.26,-0.01,40,21040,卖盘
1966,10:07:32,5.27,0.01,49,25822,买盘
1967,10:07:22,5.26,-0.01,426,224076,卖盘
1968,10:07:17,5.27,0.01,82,43214,买盘
1969,10:07:02,5.26,--,271,142546,买盘
1970,10:06:57,5.26,-0.01,422,222434,卖盘
1971,10:06:47,5.27,0.01,106,55861,买盘
1972,10:06:42,5.26,-0.01,75,39450,卖盘
1973,10:06:37,5.27,0.01,213,112250,买盘
1974,10:06:32,5.26,--,143,75281,卖盘
1975,10:06:27,5.26,-0.01,549,288774,卖盘
1976,10:06:22,5.27,0.01,168,88536,买盘
1977,10:06:17,5.26,0.01,256,134656,中性盘
1978,10:06:12,5.25,-0.01,1620,850500,卖盘
1979,10:06:07,5.26,--,504,265324,买盘
1980,10:06:02,5.26,--,452,237752,买盘
1981,10:05:57,5.26,--,542,285092,买盘
1982,10:05:52,5.26,--,364,191464,买盘
1983,10:05:47,5.26,--,76,39976,买盘
1984,10:05:42,5.26,--,394,207244,买盘
1985,10:05:37,5.26,--,526,276896,买盘
1986,10:05:32,5.26,0.01,76,39976,买盘
1987,10:05:27,5.25,-0.01,408,214200,卖盘
1988,10:05:22,5.26,--,100,52600,买盘
1989,10:05:17,5.26,--,264,138864,买盘
1990,10:05:12,5.26,0.01,316,166216,买盘
1991,10:05:07,5.25,-0.01,227,119175,卖盘
1992,10:05:02,5.26,--,43,22786,买盘
1993,10:04:57,5.26,--,520,273520,买盘
1994,10:04:52,5.26,--,80,42080,买盘
1995,10:04:47,5.26,0.01,23,12098,买盘
1996,10:04:42,5.25,-0.01,5,2625,卖盘
1997,10:04:37,5.26,--,88,46288,买盘
1998,10:04:32,5.26,0.01,1515,796890,买盘
1999,10:04:27,5.25,-0.01,404,212100,卖盘
2000,10:04:22,5.26,0.01,9,4734,买盘
2001,10:04:17,5.25,--,230,120750,卖盘
2002,10:04:12,5.25,--,65,34125,卖盘
2003,10:04:07,5.25,-0.01,321,168525,卖盘
2004,10:04:02,5.26,0.01,10,5260,买盘
2005,10:03:57,5.25,--,404,212100,卖盘
2006,10:03:52,5.25,-0.01,10,5250,卖盘
2007,10:03:47,5.26,0.01,28,14728,买盘
2008,10:03:42,5.25,-0.01,31,16275,卖盘
2009,10:03:37,5.26,0.01,586,308236,买盘
2010,10:03:32,5.25,--,70,36750,卖盘
2011,10:03:27,5.25,-0.01,504,264600,卖盘
2012,10:03:17,5.26,0.01,68,35768,买盘
2013,10:03:12,5.25,-0.01,13,6825,卖盘
2014,10:03:07,5.26,--,1331,700106,买盘
2015,10:03:02,5.26,0.01,21,11046,买盘
2016,10:02:57,5.25,--,404,212100,卖盘
2017,10:02:47,5.25,--,90,47250,卖盘
2018,10:02:42,5.25,--,26,13650,卖盘
2019,10:02:37,5.25,-0.01,500,262500,卖盘
2020,10:02:32,5.26,0.01,10,5260,买盘
2021,10:02:27,5.25,-0.01,75,39375,卖盘
2022,10:02:22,5.26,--,3,1578,买盘
2023,10:02:12,5.26,0.01,205,107830,买盘
2024,10:02:07,5.25,-0.01,4,2100,卖盘
2025,10:02:02,5.26,0.01,467,245642,买盘
2026,10:01:57,5.25,-0.01,239,125475,卖盘
2027,10:01:51,5.26,0.01,13,6838,买盘
2028,10:01:41,5.25,--,200,105000,卖盘
2029,10:01:36,5.25,-0.01,3,1575,卖盘
2030,10:01:32,5.26,--,478,251428,买盘
2031,10:01:22,5.26,0.01,25,13150,买盘
2032,10:01:16,5.25,-0.01,203,106575,卖盘
2033,10:01:11,5.26,--,5,2630,买盘
2034,10:01:06,5.26,0.01,11,5786,买盘
2035,10:01:02,5.25,-0.01,13,6825,卖盘
2036,10:00:56,5.26,0.01,95,49970,买盘
2037,10:00:51,5.25,--,20,10500,卖盘
2038,10:00:46,5.25,-0.01,282,148050,卖盘
2039,10:00:41,5.26,--,11,5786,买盘
2040,10:00:36,5.26,--,62,32612,买盘
2041,10:00:32,5.26,--,450,236700,买盘
2042,10:00:26,5.26,0.01,163,85738,买盘
2043,10:00:21,5.25,-0.01,78,41296,卖盘
2044,10:00:16,5.26,--,700,368200,买盘
2045,10:00:11,5.26,0.01,189,99414,买盘
2046,10:00:06,5.25,--,27,14175,卖盘
2047,10:00:01,5.25,--,25,13125,卖盘
2048,09:59:51,5.25,--,5,2625,卖盘
2049,09:59:41,5.25,-0.01,122,64050,卖盘
2050,09:59:36,5.26,--,34,17884,买盘
2051,09:59:31,5.26,0.01,1,526,买盘
2052,09:59:06,5.25,-0.01,389,204225,卖盘
2053,09:58:51,5.26,0.01,96,50496,买盘
2054,09:58:36,5.25,--,27,14175,卖盘
2055,09:58:31,5.25,-0.01,10,5250,卖盘
2056,09:58:26,5.26,0.01,21,11046,买盘
2057,09:58:21,5.25,--,50,26250,卖盘
2058,09:58:16,5.25,--,2,1050,卖盘
2059,09:58:06,5.25,--,23,12075,卖盘
2060,09:57:51,5.25,-0.01,4,2100,卖盘
2061,09:57:36,5.26,0.01,118,62068,买盘
2062,09:57:21,5.25,--,20,10500,卖盘
2063,09:57:11,5.25,-0.01,10,5250,卖盘
2064,09:57:06,5.26,0.01,426,224076,买盘
2065,09:57:01,5.25,-0.01,100,52500,卖盘
2066,09:56:56,5.26,0.01,20,10520,买盘
2067,09:56:51,5.25,--,20,10500,卖盘
2068,09:56:36,5.25,--,2,1050,卖盘
2069,09:56:31,5.25,--,200,105000,卖盘
2070,09:56:26,5.25,-0.01,138,72450,卖盘
2071,09:56:21,5.26,--,245,128870,买盘
2072,09:56:16,5.26,0.01,20,10520,买盘
2073,09:56:10,5.25,--,23,12075,卖盘
2074,09:56:06,5.25,-0.01,283,148575,卖盘
2075,09:55:55,5.26,0.01,102,53652,买盘
2076,09:55:51,5.25,-0.01,21,11025,卖盘
2077,09:55:46,5.26,0.01,18,9468,买盘
2078,09:55:40,5.25,--,62,32550,卖盘
2079,09:55:36,5.25,-0.01,283,148575,卖盘
2080,09:55:25,5.26,--,40,21040,买盘
2081,09:55:21,5.26,0.01,80,42080,买盘
2082,09:55:16,5.25,-0.01,242,127050,卖盘
2083,09:55:10,5.26,--,6,3156,买盘
2084,09:55:06,5.26,0.01,425,223550,买盘
2085,09:54:55,5.25,-0.01,1,525,卖盘
2086,09:54:50,5.26,0.01,31,16306,买盘
2087,09:54:46,5.25,--,1,525,卖盘
2088,09:54:40,5.25,--,128,67200,卖盘
2089,09:54:35,5.25,-0.01,293,153825,卖盘
2090,09:54:25,5.26,--,3,1578,买盘
2091,09:54:15,5.26,0.01,14,7364,买盘
2092,09:54:10,5.25,--,297,155925,卖盘
2093,09:54:05,5.25,-0.01,334,175350,卖盘
2094,09:53:50,5.26,--,165,86790,买盘
2095,09:53:40,5.26,--,315,165690,买盘
2096,09:53:30,5.26,--,30,15780,买盘
2097,09:53:25,5.26,0.01,85,44710,买盘
2098,09:53:05,5.25,-0.01,8,4200,卖盘
2099,09:53:00,5.26,0.01,103,54178,买盘
2100,09:52:55,5.25,-0.01,10,5250,卖盘
2101,09:52:45,5.26,0.01,5,2630,买盘
2102,09:52:20,5.25,-0.01,4,2100,卖盘
2103,09:52:15,5.26,0.01,232,122032,买盘
2104,09:52:10,5.25,--,43,22575,卖盘
2105,09:52:05,5.25,--,42,22050,卖盘
2106,09:51:50,5.25,--,17,8925,卖盘
2107,09:51:35,5.25,-0.01,22,11550,卖盘
2108,09:51:30,5.26,0.01,121,63646,买盘
2109,09:51:20,5.25,--,90,47250,卖盘
2110,09:51:05,5.25,--,1578,828450,卖盘
2111,09:51:00,5.25,-0.01,28,14700,卖盘
2112,09:50:50,5.26,--,5,2630,买盘
2113,09:50:35,5.26,0.01,227,119402,买盘
2114,09:50:30,5.25,--,301,158025,卖盘
2115,09:50:25,5.25,-0.01,41,21525,卖盘
2116,09:50:10,5.26,--,110,57860,买盘
2117,09:50:05,5.26,0.01,11,5786,买盘
2118,09:50:00,5.25,-0.01,395,207375,卖盘
2119,09:49:45,5.26,--,567,298242,买盘
2120,09:49:35,5.26,0.01,13,6838,买盘
2121,09:49:30,5.25,-0.01,343,180075,卖盘
2122,09:49:19,5.26,0.01,96,50496,买盘
2123,09:49:15,5.25,-0.01,497,260925,卖盘
2124,09:49:04,5.26,0.01,9,4734,买盘
2125,09:49:00,5.25,-0.01,1464,768600,卖盘
2126,09:48:55,5.26,--,53,27878,买盘
2127,09:48:49,5.26,--,132,69432,买盘
2128,09:48:45,5.26,--,208,109408,买盘
2129,09:48:40,5.26,--,4,2104,买盘
2130,09:48:34,5.26,0.01,141,74166,买盘
2131,09:48:30,5.25,--,452,237300,卖盘
2132,09:48:19,5.25,-0.01,96,50400,卖盘
2133,09:48:14,5.26,--,111,58386,买盘
2134,09:48:04,5.26,0.01,129,67854,买盘
2135,09:47:59,5.25,--,238,124950,卖盘
2136,09:47:49,5.25,--,19,9975,卖盘
2137,09:47:44,5.25,-0.01,175,91875,卖盘
2138,09:47:34,5.26,0.01,163,85738,买盘
2139,09:47:29,5.25,-0.01,106,55650,卖盘
2140,09:47:24,5.26,0.01,63,33138,买盘
2141,09:47:19,5.25,--,1,525,卖盘
2142,09:47:14,5.25,-0.01,187,98175,卖盘
2143,09:47:09,5.26,--,66,34716,买盘
2144,09:47:04,5.26,--,83,43658,买盘
2145,09:46:59,5.26,0.01,61,32086,买盘
2146,09:46:54,5.25,--,27,14175,卖盘
2147,09:46:49,5.25,-0.01,28,14700,卖盘
2148,09:46:24,5.26,0.01,92,48392,买盘
2149,09:46:19,5.25,-0.01,124,65100,卖盘
2150,09:46:14,5.26,--,160,84160,买盘
2151,09:46:09,5.26,--,1358,714308,买盘
2152,09:46:04,5.26,0.01,3979,2092954,买盘
2153,09:45:59,5.25,-0.01,160,84000,卖盘
2154,09:45:49,5.26,--,167,87842,买盘
2155,09:45:39,5.26,--,558,293508,买盘
2156,09:45:34,5.26,0.01,788,414488,买盘
2157,09:45:19,5.25,-0.01,200,105000,卖盘
2158,09:45:14,5.26,0.01,34,17884,买盘
2159,09:45:09,5.25,-0.01,25,13125,卖盘
2160,09:44:59,5.26,--,110,57860,买盘
2161,09:44:54,5.26,0.01,97,51022,买盘
2162,09:44:49,5.25,-0.01,23,12075,卖盘
2163,09:44:44,5.26,0.01,11,5786,买盘
2164,09:44:39,5.25,--,577,302925,卖盘
2165,09:44:34,5.25,--,3,1575,卖盘
2166,09:44:24,5.25,--,171,89775,卖盘
2167,09:44:14,5.25,--,144,75600,卖盘
2168,09:44:09,5.25,-0.01,16,8741,卖盘
2169,09:44:04,5.26,0.01,385,202510,买盘
2170,09:43:59,5.25,-0.01,170,89250,卖盘
2171,09:43:54,5.26,0.01,4,2104,买盘
2172,09:43:44,5.25,--,54,28350,卖盘
2173,09:43:39,5.25,--,200,105000,卖盘
2174,09:43:34,5.25,--,5,2625,卖盘
2175,09:43:28,5.25,--,31,16275,卖盘
2176,09:43:24,5.25,--,206,108150,卖盘
2177,09:43:19,5.25,-0.01,34,17850,卖盘
2178,09:43:13,5.26,--,50,26300,买盘
2179,09:43:09,5.26,0.01,111,58386,买盘
2180,09:43:04,5.25,-0.01,5,2625,卖盘
2181,09:42:58,5.26,--,14,7364,买盘
2182,09:42:54,5.26,0.01,10,5260,买盘
2183,09:42:49,5.25,-0.01,249,130725,卖盘
2184,09:42:43,5.26,0.01,1,526,买盘
2185,09:42:39,5.25,--,9,5029,卖盘
2186,09:42:33,5.25,-0.01,5,2625,卖盘
2187,09:42:28,5.26,0.01,296,155696,买盘
2188,09:42:24,5.25,-0.01,146,76650,卖盘
2189,09:42:19,5.26,--,242,127292,买盘
2190,09:42:13,5.26,--,165,86790,买盘
2191,09:42:09,5.26,--,28,14728,买盘
2192,09:42:04,5.26,--,75,39450,买盘
2193,09:41:58,5.26,--,1038,545988,买盘
2194,09:41:53,5.26,0.01,19,9994,买盘
2195,09:41:48,5.25,-0.01,223,117075,卖盘
2196,09:41:43,5.26,0.01,127,66802,买盘
2197,09:41:38,5.25,-0.01,34,17850,卖盘
2198,09:41:33,5.26,0.01,25,13150,买盘
2199,09:41:28,5.25,-0.01,871,457275,卖盘
2200,09:41:23,5.26,0.01,2862,1505412,买盘
2201,09:41:18,5.25,-0.01,228,119700,卖盘
2202,09:41:13,5.26,--,30,15780,买盘
2203,09:41:08,5.26,0.01,341,179366,买盘
2204,09:41:03,5.25,-0.01,5,2625,卖盘
2205,09:40:58,5.26,--,100,52600,买盘
2206,09:40:53,5.26,0.01,52,27352,买盘
2207,09:40:48,5.25,-0.01,28,14700,卖盘
2208,09:40:43,5.26,0.01,1000,526000,买盘
2209,09:40:38,5.25,--,8,4200,卖盘
2210,09:40:33,5.25,-0.01,5,2625,卖盘
2211,09:40:28,5.26,--,108,56808,买盘
2212,09:40:13,5.26,0.01,135,71010,买盘
2213,09:40:03,5.25,-0.01,5,2625,卖盘
2214,09:39:58,5.26,0.01,18,9468,买盘
2215,09:39:53,5.25,--,148,77700,卖盘
2216,09:39:48,5.25,--,20,10500,卖盘
2217,09:39:43,5.25,-0.01,55,28875,卖盘
2218,09:39:38,5.26,--,108,56808,买盘
2219,09:39:28,5.26,0.01,50,26300,买盘
2220,09:39:23,5.25,--,130,68250,卖盘
2221,09:39:18,5.25,--,1,525,卖盘
2222,09:39:13,5.25,-0.01,12,6300,卖盘
2223,09:39:08,5.26,--,37,19462,买盘
2224,09:38:53,5.26,0.01,93,48918,买盘
2225,09:38:48,5.25,-0.01,24,12600,卖盘
2226,09:38:43,5.26,0.01,96,50496,买盘
2227,09:38:38,5.25,-0.01,76,39900,卖盘
2228,09:38:28,5.26,0.01,1,526,买盘
2229,09:38:23,5.25,-0.01,54,28350,卖盘
2230,09:38:18,5.26,--,100,52600,买盘
2231,09:38:08,5.26,0.01,50,26300,买盘
2232,09:37:53,5.25,-0.01,86,45150,卖盘
2233,09:37:48,5.26,--,25,13150,买盘
2234,09:37:43,5.26,0.01,20,10520,买盘
2235,09:37:38,5.25,-0.01,13,6825,卖盘
2236,09:37:33,5.26,0.01,319,167794,买盘
2237,09:37:28,5.25,--,19,9975,卖盘
2238,09:37:23,5.25,-0.01,41,21525,卖盘
2239,09:37:18,5.26,--,3,1578,买盘
2240,09:36:57,5.26,0.01,13,6838,买盘
2241,09:36:52,5.25,-0.01,50,26250,卖盘
2242,09:36:48,5.26,0.01,97,51022,买盘
2243,09:36:43,5.25,--,98,51450,买盘
2244,09:36:37,5.25,--,106,55650,买盘
2245,09:36:33,5.25,--,2132,1119300,卖盘
2246,09:36:28,5.25,--,10,5250,卖盘
2247,09:36:22,5.25,-0.01,197,103425,卖盘
2248,09:36:18,5.26,0.01,539,283514,买盘
2249,09:36:07,5.25,-0.01,30,15750,卖盘
2250,09:36:03,5.26,0.01,52,27352,买盘
2251,09:35:52,5.25,--,50,26250,卖盘
2252,09:35:43,5.25,--,24,12600,买盘
2253,09:35:37,5.25,--,327,171675,卖盘
2254,09:35:32,5.25,--,30,15750,卖盘
2255,09:35:27,5.25,--,30,15750,卖盘
2256,09:35:22,5.25,--,183,96075,买盘
2257,09:35:17,5.25,--,60,31500,买盘
2258,09:35:12,5.25,--,12,6300,买盘
2259,09:35:07,5.25,--,43,22575,买盘
2260,09:35:02,5.25,--,529,277725,买盘
2261,09:34:57,5.25,--,2,1050,买盘
2262,09:34:52,5.25,--,440,231000,买盘
2263,09:34:47,5.25,--,51,26775,买盘
2264,09:34:42,5.25,--,35,18375,买盘
2265,09:34:37,5.25,--,182,95550,买盘
2266,09:34:32,5.25,0.01,196,102900,买盘
2267,09:34:27,5.24,-0.01,37,19388,卖盘
2268,09:34:17,5.25,--,63,33075,买盘
2269,09:34:12,5.25,--,800,420000,买盘
2270,09:34:07,5.25,--,437,229425,买盘
2271,09:34:02,5.25,0.01,76,39900,买盘
2272,09:33:57,5.24,-0.01,10,5240,卖盘
2273,09:33:52,5.25,--,676,354900,买盘
2274,09:33:47,5.25,0.01,74,38850,买盘
2275,09:33:42,5.24,--,7,3668,卖盘
2276,09:33:37,5.24,--,44,23056,卖盘
2277,09:33:32,5.24,-0.01,52,27248,卖盘
2278,09:33:27,5.25,--,20,10500,买盘
2279,09:33:22,5.25,--,10,5250,买盘
2280,09:33:17,5.25,--,583,306075,买盘
2281,09:33:12,5.25,0.01,20,10500,买盘
2282,09:33:07,5.24,--,1,524,卖盘
2283,09:33:02,5.24,-0.01,159,83316,卖盘
2284,09:32:57,5.25,--,128,67200,买盘
2285,09:32:52,5.25,0.01,104,54600,买盘
2286,09:32:47,5.24,--,153,80172,卖盘
2287,09:32:42,5.24,-0.01,300,157200,卖盘
2288,09:32:37,5.25,0.01,20,10500,买盘
2289,09:32:32,5.24,-0.01,58,30392,卖盘
2290,09:32:27,5.25,--,165,86625,买盘
2291,09:32:22,5.25,-0.01,145,76125,中性盘
2292,09:32:17,5.26,0.01,4392,2310192,买盘
2293,09:32:12,5.25,--,119,62475,卖盘
2294,09:32:07,5.25,--,7,3675,卖盘
2295,09:32:02,5.25,--,5,2625,卖盘
2296,09:31:57,5.25,--,29,15225,卖盘
2297,09:31:47,5.25,--,146,76650,卖盘
2298,09:31:42,5.25,-0.01,400,210000,卖盘
2299,09:31:37,5.26,0.01,332,174632,买盘
2300,09:31:32,5.25,--,5,2625,卖盘
2301,09:31:27,5.25,--,40,21000,卖盘
2302,09:31:21,5.25,--,120,63000,卖盘
2303,09:31:17,5.25,--,193,101325,卖盘
2304,09:31:12,5.25,--,681,357525,卖盘
2305,09:31:06,5.25,--,40,21000,卖盘
2306,09:31:02,5.25,-0.01,5,2625,卖盘
2307,09:30:57,5.26,0.01,461,242486,买盘
2308,09:30:51,5.25,--,45,23625,卖盘
2309,09:30:47,5.25,--,1064,558600,卖盘
2310,09:30:36,5.25,--,30,15750,卖盘
2311,09:30:31,5.25,--,25,13125,卖盘
2312,09:30:27,5.25,--,70,36750,卖盘
2313,09:30:21,5.25,--,14,7350,卖盘
2314,09:30:16,5.25,-0.01,771,404775,卖盘
2315,09:30:12,5.26,0.01,45,23670,买盘
2316,09:30:06,5.25,--,1169,613725,卖盘
2317,09:30:01,5.25,--,51,26775,卖盘
2318,09:28:59,5.25,--,0,0,卖盘
2319,09:25:05,5.25,5.25,7637,4009498,买盘
