,time,price,change,volume,amount,type
0,15:00:00,29.15,--,0,0,中性盘
1,14:59:59,29.15,-0.01,0,0,中性盘
2,14:59:59,29.16,0.02,6,17496,买盘
3,14:59:55,29.14,-0.02,29,84506,卖盘
4,14:59:40,29.16,0.02,75,218700,买盘
5,14:59:30,29.14,-0.02,76,221464,卖盘
6,14:59:25,29.16,0.01,3,8748,买盘
7,14:59:20,29.15,0.02,2,5830,中性盘
8,14:59:15,29.13,-0.02,71,206823,卖盘
9,14:59:10,29.15,--,23,67045,买盘
10,14:59:00,29.15,--,86,250690,买盘
11,14:58:50,29.15,0.01,22,64130,买盘
12,14:58:45,29.14,0.01,12,34968,买盘
13,14:58:40,29.13,-0.02,5,14565,卖盘
14,14:58:35,29.15,--,11,32065,买盘
15,14:58:30,29.15,0.01,40,116600,买盘
16,14:58:20,29.14,--,22,64108,卖盘
17,14:58:10,29.14,0.02,3,8742,中性盘
18,14:58:00,29.12,0.02,7,20384,卖盘
19,14:57:55,29.1,-0.05,501,1457910,卖盘
20,14:57:50,29.15,-0.01,18,52470,中性盘
21,14:57:45,29.16,--,22,64152,买盘
22,14:57:40,29.16,--,3,8748,买盘
23,14:57:35,29.16,0.04,1,2916,买盘
24,14:57:30,29.12,--,19,55328,卖盘
25,14:57:25,29.12,-0.04,29,84448,卖盘
26,14:57:10,29.16,--,13,37908,卖盘
27,14:57:05,29.16,--,12,34992,买盘
28,14:57:00,29.16,0.05,6,17496,买盘
29,14:56:55,29.11,-0.05,6,17466,卖盘
30,14:56:50,29.16,0.05,1,2916,买盘
31,14:56:40,29.11,--,8,23288,买盘
32,14:56:35,29.11,0.01,2,5822,买盘
33,14:56:30,29.1,-0.03,8,23280,卖盘
34,14:56:25,29.13,--,251,731163,买盘
35,14:56:20,29.13,0.02,53,154389,买盘
36,14:56:15,29.11,-0.02,3,8733,卖盘
37,14:56:10,29.13,0.03,44,128172,买盘
38,14:55:55,29.1,--,8,23280,卖盘
39,14:55:50,29.1,--,17,49470,卖盘
40,14:55:34,29.1,--,36,104760,买盘
41,14:55:29,29.1,--,8,23280,买盘
42,14:55:25,29.1,0.01,23,66930,买盘
43,14:55:19,29.09,-0.01,10,29090,卖盘
44,14:55:10,29.1,0.01,26,76765,买盘
45,14:55:04,29.09,--,6,17454,买盘
46,14:54:59,29.09,0.01,5,14545,买盘
47,14:54:55,29.08,--,10,29080,卖盘
48,14:54:49,29.08,--,5,14540,买盘
49,14:54:44,29.08,--,22,63975,买盘
50,14:54:40,29.08,0.02,44,127951,买盘
51,14:54:25,29.06,--,0,0,卖盘
52,14:54:14,29.06,--,5,14530,卖盘
53,14:54:10,29.06,0.01,84,244104,买盘
54,14:54:04,29.05,-0.01,20,58100,卖盘
55,14:53:59,29.06,0.02,7,20342,买盘
56,14:53:55,29.04,-0.01,20,58080,卖盘
57,14:53:49,29.05,--,8,23240,买盘
58,14:53:44,29.05,--,10,29050,买盘
59,14:53:40,29.05,--,3,8715,买盘
60,14:53:34,29.05,--,1,2905,买盘
61,14:53:29,29.05,--,31,90055,买盘
62,14:53:25,29.05,0.01,16,46480,卖盘
63,14:53:19,29.04,-0.01,16,46464,卖盘
64,14:53:10,29.05,--,26,75530,卖盘
65,14:53:04,29.05,0.01,16,46480,买盘
66,14:52:55,29.04,0.01,15,43560,卖盘
67,14:52:49,29.03,--,0,0,卖盘
68,14:52:44,29.03,-0.07,2,5806,卖盘
69,14:52:40,29.1,0.06,100,291000,买盘
70,14:52:34,29.04,--,2,5808,买盘
71,14:52:29,29.04,--,7,21547,卖盘
72,14:52:25,29.04,-0.02,48,139392,卖盘
73,14:52:19,29.06,--,28,81368,买盘
74,14:52:14,29.06,0.01,1,2906,买盘
75,14:52:10,29.05,--,18,52290,买盘
76,14:52:04,29.05,--,13,37765,卖盘
77,14:51:59,29.05,--,16,48774,买盘
78,14:51:49,29.05,0.01,1,2905,买盘
79,14:51:39,29.04,-0.02,50,147494,卖盘
80,14:51:34,29.06,0.01,32,92992,买盘
81,14:51:29,29.05,--,131,380555,卖盘
82,14:51:24,29.05,0.01,3,8715,买盘
83,14:51:19,29.04,--,22,65572,卖盘
84,14:51:14,29.04,-0.01,11,31944,卖盘
85,14:51:09,29.05,--,13,37765,卖盘
86,14:51:04,29.05,-0.01,92,267260,卖盘
87,14:50:59,29.06,--,6,17436,卖盘
88,14:50:54,29.06,-0.01,17,49402,卖盘
89,14:50:49,29.07,--,3,8721,卖盘
90,14:50:39,29.07,0.01,1,2907,卖盘
91,14:50:34,29.06,--,2,5812,卖盘
92,14:50:29,29.06,--,6,17436,卖盘
93,14:50:24,29.06,--,29,84274,卖盘
94,14:50:19,29.06,--,0,0,卖盘
95,14:50:14,29.06,--,3,8718,卖盘
96,14:50:09,29.06,--,21,61026,卖盘
97,14:49:59,29.06,-0.03,2,5812,卖盘
98,14:49:49,29.09,0.03,2,5818,买盘
99,14:49:38,29.06,--,0,0,卖盘
100,14:49:34,29.06,-0.04,26,75556,卖盘
101,14:49:29,29.1,--,49,143986,卖盘
102,14:49:19,29.1,-0.01,5,14550,卖盘
103,14:49:14,29.11,--,20,58220,买盘
104,14:49:03,29.11,-0.01,39,113529,卖盘
105,14:48:58,29.12,--,2,5824,买盘
106,14:48:49,29.12,--,13,37856,卖盘
107,14:48:43,29.12,-0.01,10,29120,卖盘
108,14:48:34,29.13,0.01,2,5826,买盘
109,14:48:28,29.12,--,5,14560,卖盘
110,14:48:23,29.12,--,15,43680,卖盘
111,14:48:19,29.12,--,4,11648,卖盘
112,14:48:13,29.12,-0.01,10,29120,卖盘
113,14:48:08,29.13,--,2,5826,买盘
114,14:48:04,29.13,--,5,14565,买盘
115,14:47:58,29.13,0.01,2,5826,买盘
116,14:47:49,29.12,0.01,2,5824,买盘
117,14:47:43,29.11,-0.03,4,11644,卖盘
118,14:47:38,29.14,--,68,198152,买盘
119,14:47:23,29.14,--,0,0,买盘
120,14:47:19,29.14,0.02,9,26226,买盘
121,14:47:08,29.12,--,11,32032,卖盘
122,14:47:04,29.12,--,0,0,卖盘
123,14:46:58,29.12,-0.02,46,133952,卖盘
124,14:46:48,29.14,--,2,5828,买盘
125,14:46:33,29.14,--,0,0,买盘
126,14:46:28,29.14,0.02,10,29140,买盘
127,14:46:23,29.12,-0.02,1,2912,卖盘
128,14:46:19,29.14,0.02,11,32054,买盘
129,14:46:13,29.12,--,2,5824,买盘
130,14:46:08,29.12,--,3,8736,买盘
131,14:46:04,29.12,--,10,29120,买盘
132,14:45:58,29.12,-0.02,15,43680,卖盘
133,14:45:48,29.14,0.02,2,5828,买盘
134,14:45:43,29.12,-0.03,17,49504,卖盘
135,14:45:38,29.15,0.01,3,8745,买盘
136,14:45:33,29.14,--,7,20398,买盘
137,14:45:28,29.14,--,5,14570,卖盘
138,14:45:23,29.14,0.03,13,37882,买盘
139,14:45:13,29.11,-0.04,6,17466,卖盘
140,14:45:08,29.15,0.01,3,8745,买盘
141,14:45:03,29.14,--,11,32054,卖盘
142,14:44:58,29.14,-0.01,4,11656,卖盘
143,14:44:53,29.15,0.01,5,14575,买盘
144,14:44:49,29.14,-0.01,35,101990,卖盘
145,14:44:43,29.15,0.01,10,29150,买盘
146,14:44:38,29.14,-0.01,5,14570,卖盘
147,14:44:33,29.15,0.01,8,23320,买盘
148,14:44:28,29.14,--,5,14570,卖盘
149,14:44:13,29.14,0.04,46,134044,买盘
150,14:44:03,29.1,-0.04,5,14550,卖盘
151,14:43:58,29.14,0.04,1,2914,买盘
152,14:43:53,29.1,-0.04,12,34920,卖盘
153,14:43:43,29.14,--,5,14570,卖盘
154,14:43:33,29.14,-0.02,14,40796,卖盘
155,14:43:28,29.16,--,5,14580,卖盘
156,14:43:23,29.16,--,16,46656,卖盘
157,14:43:18,29.16,--,6,17496,卖盘
158,14:43:08,29.16,--,4,11664,卖盘
159,14:42:58,29.16,--,28,81648,卖盘
160,14:42:48,29.16,--,11,32076,买盘
161,14:42:43,29.16,0.01,11,32076,买盘
162,14:42:37,29.15,-0.01,54,157410,卖盘
163,14:42:28,29.16,0.01,24,69984,买盘
164,14:42:13,29.15,-0.01,6,17490,卖盘
165,14:42:07,29.16,0.01,1,2916,中性盘
166,14:42:03,29.15,-0.01,5,14575,卖盘
167,14:41:52,29.16,--,5,14580,卖盘
168,14:41:43,29.16,-0.03,11,32076,卖盘
169,14:41:37,29.19,0.04,9,26271,买盘
170,14:41:32,29.15,--,5,14575,卖盘
171,14:41:28,29.15,--,7,20405,卖盘
172,14:41:22,29.15,--,5,14575,卖盘
173,14:41:12,29.15,--,1,2915,卖盘
174,14:41:07,29.15,-0.01,5,14575,卖盘
175,14:40:57,29.16,-0.03,5,14580,卖盘
176,14:40:52,29.19,--,16,46704,卖盘
177,14:40:47,29.19,--,4,11676,卖盘
178,14:40:37,29.19,--,6,17514,卖盘
179,14:40:27,29.19,--,5,14595,卖盘
180,14:40:12,29.19,--,17,49623,买盘
181,14:40:07,29.19,0.04,17,49623,买盘
182,14:40:02,29.15,-0.04,4,11660,卖盘
183,14:39:57,29.19,0.05,16,46704,买盘
184,14:39:52,29.14,--,11,32054,买盘
185,14:39:47,29.14,--,10,29140,买盘
186,14:39:42,29.14,0.04,8,23312,买盘
187,14:39:27,29.1,0.01,7,21883,买盘
188,14:39:17,29.09,--,6,17454,卖盘
189,14:39:12,29.09,--,3,8727,卖盘
190,14:39:07,29.09,-0.01,4,11636,中性盘
191,14:39:02,29.1,0.04,42,122220,买盘
192,14:38:57,29.06,--,5,14530,卖盘
193,14:38:52,29.06,-0.02,39,113334,卖盘
194,14:38:47,29.08,0.03,1,2908,买盘
195,14:38:42,29.05,-0.01,13,37765,卖盘
196,14:38:37,29.06,0.01,5,14530,卖盘
197,14:38:32,29.05,--,0,0,卖盘
198,14:38:22,29.05,-0.01,4,11620,卖盘
199,14:38:17,29.06,0.01,2,5812,买盘
200,14:38:12,29.05,--,22,63910,卖盘
201,14:38:02,29.05,--,5,14525,卖盘
202,14:37:52,29.05,--,5,14525,卖盘
203,14:37:47,29.05,--,0,0,卖盘
204,14:37:37,29.05,-0.01,5,14525,卖盘
205,14:37:27,29.06,--,4,11624,卖盘
206,14:37:17,29.06,--,5,14530,卖盘
207,14:37:12,29.06,--,0,0,中性盘
208,14:37:07,29.06,--,5,14530,卖盘
209,14:36:57,29.06,--,15,43590,买盘
210,14:36:52,29.06,0.01,6,17436,买盘
211,14:36:42,29.05,--,9,26145,卖盘
212,14:36:37,29.05,--,5,14525,卖盘
213,14:36:32,29.05,--,4,11620,卖盘
214,14:36:27,29.05,0.02,14,40670,买盘
215,14:36:22,29.03,-0.01,7,20321,卖盘
216,14:36:12,29.04,-0.01,6,17424,卖盘
217,14:36:07,29.05,0.02,10,29050,买盘
218,14:36:01,29.03,-0.01,5,14515,卖盘
219,14:35:57,29.04,--,11,31944,卖盘
220,14:35:52,29.04,-0.01,6,17424,卖盘
221,14:35:46,29.05,0.01,10,29050,买盘
222,14:35:37,29.04,-0.01,4,11616,卖盘
223,14:35:31,29.05,0.02,2,5810,中性盘
224,14:35:27,29.03,-0.01,6,17418,卖盘
225,14:35:16,29.04,--,5,14520,卖盘
226,14:35:07,29.04,-0.01,5,14520,卖盘
227,14:35:01,29.05,-0.01,2,5810,卖盘
228,14:34:52,29.06,0.03,5,14530,买盘
229,14:34:46,29.03,--,5,14515,卖盘
230,14:34:37,29.03,--,3,8709,卖盘
231,14:34:31,29.03,--,5,14515,卖盘
232,14:34:27,29.03,--,0,0,卖盘
233,14:34:22,29.03,-0.05,22,63866,卖盘
234,14:34:16,29.08,--,2,5816,卖盘
235,14:34:11,29.08,--,5,14540,卖盘
236,14:34:07,29.08,0.05,1,2908,中性盘
237,14:34:01,29.03,--,6,17418,卖盘
238,14:33:46,29.03,-0.05,5,14515,卖盘
239,14:33:36,29.08,0.05,5,14540,卖盘
240,14:33:31,29.03,--,1,2903,中性盘
241,14:33:26,29.03,-0.05,5,14515,卖盘
242,14:33:21,29.08,0.05,5,14540,买盘
243,14:33:16,29.03,0.02,17,49351,卖盘
244,14:33:11,29.01,--,0,0,卖盘
245,14:33:06,29.01,--,5,14505,卖盘
246,14:33:01,29.01,--,0,0,卖盘
247,14:32:51,29.01,-0.07,16,46416,卖盘
248,14:32:46,29.08,0.07,1,2908,买盘
249,14:32:41,29.01,0.01,5,14505,中性盘
250,14:32:31,29.0,--,17,49300,卖盘
251,14:32:26,29.0,--,0,0,卖盘
252,14:32:21,29.0,--,50,145000,卖盘
253,14:32:16,29.0,--,39,113100,卖盘
254,14:32:11,29.0,--,42,121800,卖盘
255,14:32:06,29.0,--,6,17400,卖盘
256,14:32:01,29.0,--,24,69600,卖盘
257,14:31:51,29.0,--,0,0,卖盘
258,14:31:46,29.0,-0.05,105,304500,卖盘
259,14:31:36,29.05,--,52,151060,卖盘
260,14:31:31,29.05,--,5,14525,卖盘
261,14:31:21,29.05,-0.01,5,14525,卖盘
262,14:31:16,29.06,--,16,46496,卖盘
263,14:31:06,29.06,-0.02,5,14530,卖盘
264,14:30:56,29.08,--,8,23264,卖盘
265,14:30:51,29.08,-0.01,6,17448,卖盘
266,14:30:46,29.09,-0.01,7,20363,卖盘
267,14:30:41,29.1,0.01,1,2910,买盘
268,14:30:31,29.09,-0.01,15,43635,卖盘
269,14:30:26,29.1,--,93,272026,卖盘
270,14:30:21,29.1,--,5,14550,卖盘
271,14:30:06,29.1,-0.01,14,40740,卖盘
272,14:30:01,29.11,--,0,0,卖盘
273,14:29:56,29.11,0.01,6,17466,卖盘
274,14:29:51,29.1,--,0,0,卖盘
275,14:29:46,29.1,--,37,107670,卖盘
276,14:29:31,29.1,--,11,32010,卖盘
277,14:29:21,29.1,-0.01,4,11640,卖盘
278,14:29:16,29.11,-0.01,5,14555,卖盘
279,14:29:06,29.12,--,5,14560,卖盘
280,14:29:01,29.12,--,4,11648,卖盘
281,14:28:55,29.12,--,3,8736,卖盘
282,14:28:51,29.12,--,4,11648,卖盘
283,14:28:46,29.12,--,25,72800,卖盘
284,14:28:40,29.12,--,5,14560,卖盘
285,14:28:36,29.12,--,9,27722,卖盘
286,14:28:31,29.12,--,31,90272,卖盘
287,14:28:25,29.12,0.02,18,52416,买盘
288,14:28:21,29.1,--,11,32010,卖盘
289,14:28:16,29.1,--,10,29100,卖盘
290,14:28:10,29.1,-0.02,5,14550,卖盘
291,14:28:06,29.12,0.01,1,2912,买盘
292,14:28:01,29.11,--,24,69864,买盘
293,14:27:55,29.11,--,21,61131,卖盘
294,14:27:46,29.11,-0.01,4,11644,卖盘
295,14:27:40,29.12,0.02,3,8736,买盘
296,14:27:31,29.1,-0.01,5,14550,卖盘
297,14:27:25,29.11,--,13,37843,卖盘
298,14:27:21,29.11,--,42,122262,买盘
299,14:27:16,29.11,--,8,23288,买盘
300,14:27:10,29.11,-0.01,10,29110,买盘
301,14:27:01,29.12,--,0,0,买盘
302,14:26:55,29.12,0.01,24,69888,买盘
303,14:26:46,29.11,-0.01,20,58220,卖盘
304,14:26:40,29.12,0.01,4,11648,买盘
305,14:26:25,29.11,-0.01,13,37843,中性盘
306,14:26:16,29.12,--,3,8736,买盘
307,14:26:10,29.12,0.01,10,29120,买盘
308,14:26:01,29.11,0.01,49,142639,卖盘
309,14:25:55,29.1,-0.02,13,37830,卖盘
310,14:25:50,29.12,0.01,10,29120,买盘
311,14:25:45,29.11,0.01,1,2911,买盘
312,14:25:25,29.1,-0.01,18,52380,卖盘
313,14:25:20,29.11,--,8,23288,买盘
314,14:25:15,29.11,0.01,1,2911,买盘
315,14:25:05,29.1,--,1,2910,卖盘
316,14:25:00,29.1,--,5,14550,买盘
317,14:24:55,29.1,0.04,1,2910,买盘
318,14:24:50,29.06,-0.02,13,37778,卖盘
319,14:24:45,29.08,--,7,20356,买盘
320,14:24:40,29.08,--,10,29080,买盘
321,14:24:30,29.08,0.02,9,26172,买盘
322,14:24:25,29.06,0.01,2,5812,中性盘
323,14:24:15,29.05,--,17,49385,卖盘
324,14:24:10,29.05,--,5,14525,卖盘
325,14:24:05,29.05,--,6,17430,卖盘
326,14:24:00,29.05,--,436,1266580,买盘
327,14:23:55,29.05,0.02,17,49385,买盘
328,14:23:45,29.03,-0.02,213,618339,卖盘
329,14:23:40,29.05,0.02,22,65798,买盘
330,14:23:30,29.03,0.01,29,84187,买盘
331,14:23:25,29.02,--,5,14510,卖盘
332,14:23:20,29.02,-0.01,15,43530,卖盘
333,14:23:15,29.03,--,34,98702,买盘
334,14:23:10,29.03,--,5,14515,买盘
335,14:23:00,29.03,--,9,26127,买盘
336,14:22:50,29.03,0.01,6,17418,买盘
337,14:22:45,29.02,-0.01,23,66746,卖盘
338,14:22:40,29.03,-0.02,4,11612,卖盘
339,14:22:35,29.05,0.02,6,17430,买盘
340,14:22:30,29.03,-0.01,16,46448,卖盘
341,14:22:25,29.04,-0.01,4,11616,卖盘
342,14:22:20,29.05,--,3,8715,卖盘
343,14:22:15,29.05,--,20,58100,卖盘
344,14:22:05,29.05,-0.03,4,11620,卖盘
345,14:22:00,29.08,0.05,3,8724,买盘
346,14:21:55,29.03,-0.02,23,66769,卖盘
347,14:21:45,29.05,--,28,81340,买盘
348,14:21:40,29.05,0.02,6,17430,买盘
349,14:21:34,29.03,--,3,8709,卖盘
350,14:21:30,29.03,-0.02,97,281591,卖盘
351,14:21:25,29.05,--,2,5810,卖盘
352,14:21:19,29.05,--,5,14525,卖盘
353,14:21:15,29.05,--,14,40670,卖盘
354,14:21:10,29.05,--,20,58100,卖盘
355,14:21:04,29.05,--,4,11620,买盘
356,14:21:00,29.05,--,62,180110,买盘
357,14:20:55,29.05,0.02,1,2905,买盘
358,14:20:49,29.03,-0.02,4,11612,卖盘
359,14:20:45,29.05,--,60,174300,卖盘
360,14:20:34,29.05,--,4,11620,卖盘
361,14:20:25,29.05,--,9,26145,卖盘
362,14:20:15,29.05,--,3,8715,卖盘
363,14:20:10,29.05,-0.04,15,43575,卖盘
364,14:20:04,29.09,0.01,9,26181,买盘
365,14:20:00,29.08,-0.01,6,17448,卖盘
366,14:19:55,29.09,--,4,11636,买盘
367,14:19:49,29.09,--,15,43635,买盘
368,14:19:40,29.09,-0.01,14,40726,卖盘
369,14:19:34,29.1,0.01,10,29100,买盘
370,14:19:30,29.09,-0.01,4,11636,卖盘
371,14:19:25,29.1,0.01,9,26190,买盘
372,14:19:19,29.09,--,4,11636,卖盘
373,14:19:10,29.09,0.01,24,69816,卖盘
374,14:19:04,29.08,--,14,40712,卖盘
375,14:18:55,29.08,--,4,11632,卖盘
376,14:18:49,29.08,--,3,8724,卖盘
377,14:18:34,29.08,-0.03,17,49436,卖盘
378,14:18:30,29.11,0.01,6,17466,买盘
379,14:18:24,29.1,--,11,32010,买盘
380,14:18:19,29.1,0.02,14,40740,中性盘
381,14:18:14,29.08,-0.03,5,14540,卖盘
382,14:18:10,29.11,0.04,20,58220,买盘
383,14:18:04,29.07,-0.01,19,55233,卖盘
384,14:17:59,29.08,--,2,5816,卖盘
385,14:17:54,29.08,0.01,1,2908,买盘
386,14:17:49,29.07,-0.01,5,14535,卖盘
387,14:17:44,29.08,--,0,0,买盘
388,14:17:39,29.08,0.04,7,20356,买盘
389,14:17:34,29.04,--,13,37752,卖盘
390,14:17:29,29.04,-0.03,4,11616,卖盘
391,14:17:24,29.07,-0.01,2,5814,买盘
392,14:17:19,29.08,--,5,14540,买盘
393,14:17:09,29.08,--,10,29080,买盘
394,14:17:04,29.08,0.05,15,43620,买盘
395,14:16:59,29.03,--,0,0,卖盘
396,14:16:54,29.03,--,9,26127,卖盘
397,14:16:49,29.03,-0.05,11,31933,卖盘
398,14:16:44,29.08,0.06,7,20356,买盘
399,14:16:39,29.02,--,0,0,卖盘
400,14:16:34,29.02,-0.06,21,60942,卖盘
401,14:16:29,29.08,0.06,6,17448,买盘
402,14:16:24,29.02,--,4,11608,卖盘
403,14:16:09,29.02,--,3,8706,卖盘
404,14:16:04,29.02,0.02,6,17412,买盘
405,14:15:54,29.0,--,13,37700,卖盘
406,14:15:49,29.0,-0.08,4,11600,卖盘
407,14:15:39,29.08,0.09,4,11632,买盘
408,14:15:29,28.99,0.01,4,11596,卖盘
409,14:15:24,28.98,-0.01,105,307159,卖盘
410,14:15:19,28.99,0.01,50,144950,卖盘
411,14:15:13,28.98,--,0,0,卖盘
412,14:15:09,28.98,-0.01,74,214452,卖盘
413,14:15:04,28.99,--,16,46384,卖盘
414,14:14:54,28.99,-0.01,46,133354,卖盘
415,14:14:49,29.0,0.01,3,8700,买盘
416,14:14:43,28.99,-0.01,4,11596,卖盘
417,14:14:34,29.0,--,14,40600,买盘
418,14:14:28,29.0,0.01,24,69600,买盘
419,14:14:24,28.99,-0.01,17,49283,卖盘
420,14:14:19,29.0,0.01,54,156600,买盘
421,14:14:13,28.99,0.01,11,31889,买盘
422,14:14:09,28.98,-0.02,9,26110,卖盘
423,14:14:04,29.0,0.01,20,58000,买盘
424,14:13:58,28.99,-0.01,28,81172,卖盘
425,14:13:54,29.0,-0.01,101,292900,卖盘
426,14:13:48,29.01,0.01,120,348120,买盘
427,14:13:43,29.0,--,5,14500,卖盘
428,14:13:39,29.0,-0.01,14,40600,卖盘
429,14:13:34,29.01,0.01,50,145050,买盘
430,14:13:28,29.0,-0.01,319,925100,卖盘
431,14:13:24,29.01,0.01,14,40614,买盘
432,14:13:18,29.0,--,58,168200,卖盘
433,14:13:13,29.0,--,30,87000,卖盘
434,14:13:09,29.0,--,20,60871,卖盘
435,14:13:04,29.0,-0.01,171,495900,卖盘
436,14:12:54,29.01,-0.01,19,55119,卖盘
437,14:12:49,29.02,-0.04,45,130590,卖盘
438,14:12:43,29.06,-0.01,4,11624,卖盘
439,14:12:33,29.07,-0.02,51,148257,卖盘
440,14:12:28,29.09,-0.01,611,1777399,卖盘
441,14:12:18,29.1,-0.01,99,288119,卖盘
442,14:12:13,29.11,--,29,84419,卖盘
443,14:12:09,29.11,--,0,0,卖盘
444,14:11:58,29.11,-0.02,4,11644,卖盘
445,14:11:48,29.13,--,13,37869,买盘
446,14:11:43,29.13,0.01,112,326256,买盘
447,14:11:39,29.12,-0.01,4,11648,卖盘
448,14:11:34,29.13,--,0,0,中性盘
449,14:11:28,29.13,--,15,43695,卖盘
450,14:11:18,29.13,0.01,27,78651,买盘
451,14:11:13,29.12,--,19,55328,卖盘
452,14:11:08,29.12,--,0,0,卖盘
453,14:11:04,29.12,-0.01,38,110656,卖盘
454,14:10:53,29.13,-0.01,4,11652,卖盘
455,14:10:48,29.14,0.01,2,5828,买盘
456,14:10:43,29.13,-0.01,14,40782,卖盘
457,14:10:38,29.14,0.01,20,58280,买盘
458,14:10:33,29.13,-0.01,67,195171,卖盘
459,14:10:28,29.14,--,1,2914,买盘
460,14:10:23,29.14,0.01,6,17484,买盘
461,14:10:18,29.13,--,13,37869,卖盘
462,14:10:13,29.13,--,71,206823,卖盘
463,14:10:08,29.13,--,4,11652,卖盘
464,14:10:03,29.13,--,26,75738,卖盘
465,14:09:58,29.13,-0.01,3,8739,卖盘
466,14:09:48,29.14,0.01,4,11656,卖盘
467,14:09:43,29.13,--,0,0,卖盘
468,14:09:33,29.13,--,11,32043,卖盘
469,14:09:28,29.13,-0.01,3,8739,卖盘
470,14:09:23,29.14,--,6,17484,买盘
471,14:09:18,29.14,0.01,5,14570,买盘
472,14:09:13,29.13,-0.01,4,11652,卖盘
473,14:09:03,29.14,-0.01,6,17484,中性盘
474,14:08:58,29.15,0.02,2,5830,买盘
475,14:08:53,29.13,--,3,8739,卖盘
476,14:08:43,29.13,--,4,11652,卖盘
477,14:08:37,29.13,--,14,40782,卖盘
478,14:08:33,29.13,--,0,0,卖盘
479,14:08:28,29.13,--,4,11652,卖盘
480,14:08:22,29.13,--,4,11652,卖盘
481,14:08:07,29.13,-0.01,18,52434,卖盘
482,14:08:03,29.14,0.01,8,23312,买盘
483,14:07:58,29.13,0.01,34,99042,中性盘
484,14:07:43,29.12,-0.02,7,23266,卖盘
485,14:07:37,29.14,--,6,17484,买盘
486,14:07:33,29.14,0.02,21,61194,买盘
487,14:07:22,29.12,-0.02,4,11648,卖盘
488,14:07:12,29.14,0.02,9,26226,买盘
489,14:07:07,29.12,--,42,122304,卖盘
490,14:07:03,29.12,-0.01,16,46592,卖盘
491,14:06:57,29.13,0.01,7,20391,买盘
492,14:06:52,29.12,--,4,11648,卖盘
493,14:06:42,29.12,--,29,84448,卖盘
494,14:06:37,29.12,--,0,0,卖盘
495,14:06:27,29.12,-0.01,18,52416,卖盘
496,14:06:22,29.13,--,9,26217,卖盘
497,14:06:18,29.13,--,4,11652,卖盘
498,14:06:12,29.13,--,5,14565,卖盘
499,14:06:07,29.13,-0.01,4,11652,卖盘
500,14:06:03,29.14,0.01,5,14570,买盘
501,14:05:57,29.13,-0.01,32,93216,卖盘
502,14:05:52,29.14,--,9,26226,买盘
503,14:05:47,29.14,0.01,10,29140,买盘
504,14:05:42,29.13,-0.02,21,61173,卖盘
505,14:05:37,29.15,0.01,6,17490,买盘
506,14:05:32,29.14,--,18,52452,卖盘
507,14:05:27,29.14,--,6,17484,卖盘
508,14:05:22,29.14,-0.01,6,17484,买盘
509,14:05:12,29.15,--,5,14575,买盘
510,14:05:07,29.15,0.02,132,384780,买盘
511,14:05:02,29.13,--,0,0,卖盘
512,14:04:57,29.13,-0.01,29,84477,卖盘
513,14:04:52,29.14,-0.01,27,78678,卖盘
514,14:04:42,29.15,0.01,20,58300,买盘
515,14:04:37,29.14,-0.01,11,32054,卖盘
516,14:04:32,29.15,0.01,6,17490,买盘
517,14:04:27,29.14,-0.01,19,55366,卖盘
518,14:04:22,29.15,0.01,8,23320,买盘
519,14:04:17,29.14,--,4,11656,卖盘
520,14:04:07,29.14,0.01,32,93248,买盘
521,14:04:02,29.13,-0.01,6,17478,卖盘
522,14:03:57,29.14,--,30,87420,买盘
523,14:03:52,29.14,--,18,52452,买盘
524,14:03:47,29.14,0.01,2,5828,买盘
525,14:03:42,29.13,--,4,11652,卖盘
526,14:03:32,29.13,-0.01,16,46608,卖盘
527,14:03:27,29.14,--,2,5828,买盘
528,14:03:22,29.14,0.01,12,34968,买盘
529,14:03:12,29.13,0.01,6,17478,卖盘
530,14:03:07,29.12,--,1,2912,卖盘
531,14:03:02,29.12,--,15,43680,卖盘
532,14:02:57,29.12,--,5,14560,卖盘
533,14:02:52,29.12,--,4,11648,卖盘
534,14:02:47,29.12,--,4,11648,卖盘
535,14:02:42,29.12,-0.01,25,72800,卖盘
536,14:02:37,29.13,-0.01,11,32043,卖盘
537,14:02:32,29.14,0.02,7,20398,买盘
538,14:02:27,29.12,-0.02,7,20384,卖盘
539,14:02:22,29.14,0.02,11,32054,买盘
540,14:02:12,29.12,--,17,49504,卖盘
541,14:02:07,29.12,--,7,20384,卖盘
542,14:01:57,29.12,--,11,32032,卖盘
543,14:01:52,29.12,-0.02,11,32032,卖盘
544,14:01:47,29.14,0.03,13,37882,买盘
545,14:01:42,29.11,-0.01,97,282367,卖盘
546,14:01:37,29.12,-0.02,18,52416,中性盘
547,14:01:31,29.14,0.03,53,154442,买盘
548,14:01:27,29.11,--,11,32021,卖盘
549,14:01:22,29.11,-0.03,35,101885,卖盘
550,14:01:16,29.14,0.03,21,61194,买盘
551,14:01:07,29.11,--,4,11644,卖盘
552,14:01:01,29.11,-0.04,20,58220,卖盘
553,14:00:57,29.15,0.03,25,72875,买盘
554,14:00:52,29.12,--,4,11648,卖盘
555,14:00:46,29.12,-0.05,23,66976,卖盘
556,14:00:42,29.17,0.06,78,227526,买盘
557,14:00:37,29.11,--,4,11644,卖盘
558,14:00:31,29.11,-0.03,5,14555,卖盘
559,14:00:26,29.14,0.03,10,29140,买盘
560,14:00:21,29.11,--,9,26199,卖盘
561,14:00:16,29.11,-0.04,23,66953,卖盘
562,14:00:12,29.15,--,0,0,卖盘
563,14:00:06,29.15,0.02,4,11660,中性盘
564,14:00:01,29.13,-0.01,3,8739,卖盘
565,13:59:57,29.14,--,3,8742,卖盘
566,13:59:51,29.14,--,4,11656,卖盘
567,13:59:46,29.14,--,14,40796,卖盘
568,13:59:42,29.14,--,19,55366,卖盘
569,13:59:36,29.14,--,13,37882,卖盘
570,13:59:31,29.14,0.04,5,16027,买盘
571,13:59:21,29.1,-0.03,285,829350,卖盘
572,13:59:16,29.13,--,3,8739,卖盘
573,13:59:11,29.13,0.02,4,11652,卖盘
574,13:59:06,29.11,-0.01,19,55309,卖盘
575,13:59:01,29.12,0.01,7,20384,中性盘
576,13:58:57,29.11,-0.01,3,8733,卖盘
577,13:58:51,29.12,0.01,23,66976,买盘
578,13:58:46,29.11,--,9,26199,买盘
579,13:58:42,29.11,0.01,2,5822,买盘
580,13:58:36,29.1,--,12,34920,卖盘
581,13:58:31,29.1,-0.01,33,96030,卖盘
582,13:58:27,29.11,--,5,14555,买盘
583,13:58:21,29.11,--,33,96063,卖盘
584,13:58:16,29.11,--,26,75686,卖盘
585,13:58:11,29.11,-0.01,53,154283,卖盘
586,13:58:06,29.12,--,43,125216,买盘
587,13:58:01,29.12,0.01,34,99008,买盘
588,13:57:56,29.11,-0.01,87,253257,卖盘
589,13:57:51,29.12,-0.01,8,23296,卖盘
590,13:57:46,29.13,--,56,163128,买盘
591,13:57:41,29.13,0.01,6,17478,买盘
592,13:57:36,29.12,--,14,40768,卖盘
593,13:57:31,29.12,-0.01,145,422240,卖盘
594,13:57:26,29.13,--,1,2913,卖盘
595,13:57:21,29.13,--,9,26217,卖盘
596,13:57:16,29.13,-0.01,108,314604,卖盘
597,13:57:11,29.14,-0.02,9,27683,卖盘
598,13:57:06,29.16,0.01,1,2916,中性盘
599,13:57:01,29.15,-0.01,59,173442,卖盘
600,13:56:51,29.16,-0.01,44,128304,卖盘
601,13:56:46,29.17,--,3,8751,买盘
602,13:56:41,29.17,--,3,8751,买盘
603,13:56:36,29.17,-0.02,66,192522,卖盘
604,13:56:31,29.19,0.01,8,23352,买盘
605,13:56:26,29.18,-0.01,19,55442,卖盘
606,13:56:21,29.19,-0.01,16,46704,卖盘
607,13:56:16,29.2,--,5,14600,买盘
608,13:56:11,29.2,0.01,4,11680,买盘
609,13:56:06,29.19,-0.01,13,37947,卖盘
610,13:56:01,29.2,--,23,67160,买盘
611,13:55:56,29.2,0.01,1,2920,买盘
612,13:55:51,29.19,--,31,90489,卖盘
613,13:55:46,29.19,-0.04,156,456823,卖盘
614,13:55:41,29.23,--,5,14615,买盘
615,13:55:36,29.23,0.02,5,14615,买盘
616,13:55:31,29.21,--,17,49657,卖盘
617,13:55:21,29.21,-0.07,23,67183,卖盘
618,13:55:16,29.28,0.07,17,49776,买盘
619,13:55:11,29.21,--,4,11684,卖盘
620,13:55:06,29.21,-0.02,21,61341,卖盘
621,13:55:01,29.23,0.02,5,14615,中性盘
622,13:54:51,29.21,--,0,0,卖盘
623,13:54:46,29.21,-0.01,104,303784,卖盘
624,13:54:36,29.22,0.01,4,11688,卖盘
625,13:54:31,29.21,--,12,36512,卖盘
626,13:54:25,29.21,--,3,8763,卖盘
627,13:54:16,29.21,--,4,11684,卖盘
628,13:54:10,29.21,-0.02,7,20447,卖盘
629,13:54:05,29.23,0.02,6,17538,买盘
630,13:54:01,29.21,-0.01,7,20447,卖盘
631,13:53:55,29.22,0.01,4,11688,卖盘
632,13:53:51,29.21,--,0,0,卖盘
633,13:53:40,29.21,--,4,11684,卖盘
634,13:53:36,29.21,-0.02,2,5842,卖盘
635,13:53:31,29.23,--,21,61383,卖盘
636,13:53:25,29.23,--,8,23384,卖盘
637,13:53:21,29.23,--,4,11692,卖盘
638,13:53:10,29.23,--,3,8769,卖盘
639,13:53:00,29.23,-0.02,24,70152,卖盘
640,13:52:50,29.25,0.02,10,29250,买盘
641,13:52:45,29.23,--,4,11692,卖盘
642,13:52:35,29.23,--,5,14615,卖盘
643,13:52:30,29.23,0.02,12,35076,买盘
644,13:52:25,29.21,-0.01,29,84709,卖盘
645,13:52:15,29.22,--,8,23376,买盘
646,13:52:10,29.22,0.01,25,73050,买盘
647,13:52:05,29.21,-0.01,10,29210,卖盘
648,13:52:00,29.22,0.01,92,268824,买盘
649,13:51:55,29.21,-0.01,4,11684,卖盘
650,13:51:45,29.22,--,37,108114,卖盘
651,13:51:40,29.22,--,8,23376,卖盘
652,13:51:30,29.22,--,6,17532,卖盘
653,13:51:25,29.22,--,75,219150,卖盘
654,13:51:20,29.22,--,3,8766,卖盘
655,13:51:10,29.22,-0.01,9,26298,卖盘
656,13:51:00,29.23,--,2,5846,买盘
657,13:50:55,29.23,--,17,49691,卖盘
658,13:50:45,29.23,-0.02,4,11692,卖盘
659,13:50:40,29.25,--,51,152041,卖盘
660,13:50:35,29.25,--,25,73125,卖盘
661,13:50:30,29.25,--,21,61425,卖盘
662,13:50:25,29.25,-0.01,32,93600,卖盘
663,13:50:10,29.26,-0.01,36,105336,卖盘
664,13:50:00,29.27,-0.01,36,105372,卖盘
665,13:49:50,29.28,-0.02,64,187392,卖盘
666,13:49:45,29.3,--,0,0,中性盘
667,13:49:40,29.3,0.01,14,41020,买盘
668,13:49:30,29.29,--,4,11716,卖盘
669,13:49:15,29.29,-0.01,3,8787,卖盘
670,13:49:10,29.3,--,4,11720,卖盘
671,13:49:05,29.3,--,14,41020,买盘
672,13:49:00,29.3,0.01,5,14650,买盘
673,13:48:55,29.29,-0.01,3,8787,卖盘
674,13:48:50,29.3,0.01,3,8790,买盘
675,13:48:45,29.29,--,4,11716,卖盘
676,13:48:40,29.29,-0.01,5,14645,卖盘
677,13:48:35,29.3,0.01,6,17580,买盘
678,13:48:30,29.29,-0.01,1,2929,卖盘
679,13:48:25,29.3,0.01,5,14650,买盘
680,13:48:10,29.29,--,12,35148,卖盘
681,13:48:00,29.29,-0.01,4,11716,卖盘
682,13:47:55,29.3,0.01,2,5860,买盘
683,13:47:50,29.29,--,15,43935,卖盘
684,13:47:45,29.29,--,7,20503,卖盘
685,13:47:40,29.29,-0.01,3,8787,卖盘
686,13:47:34,29.3,0.01,3,8790,买盘
687,13:47:30,29.29,-0.01,27,79083,卖盘
688,13:47:19,29.3,--,4,11720,卖盘
689,13:47:04,29.3,0.01,16,46880,买盘
690,13:46:55,29.29,--,4,11716,卖盘
691,13:46:44,29.29,--,3,8787,卖盘
692,13:46:34,29.29,-0.01,4,11716,卖盘
693,13:46:25,29.3,0.01,12,35160,买盘
694,13:46:19,29.29,--,3,8787,卖盘
695,13:46:09,29.29,-0.01,14,41006,卖盘
696,13:46:04,29.3,--,16,46880,卖盘
697,13:45:59,29.3,--,3,8790,卖盘
698,13:45:49,29.3,--,4,11720,卖盘
699,13:45:39,29.3,--,3,8790,卖盘
700,13:45:34,29.3,--,1,2930,卖盘
701,13:45:24,29.3,--,4,11720,卖盘
702,13:45:14,29.3,--,4,11720,卖盘
703,13:45:09,29.3,--,3,8790,卖盘
704,13:45:04,29.3,-0.01,4,11720,卖盘
705,13:44:59,29.31,0.01,30,87930,买盘
706,13:44:54,29.3,--,3,8790,卖盘
707,13:44:49,29.3,--,3,8790,卖盘
708,13:44:39,29.3,--,4,11720,卖盘
709,13:44:34,29.3,0.01,99,290070,买盘
710,13:44:19,29.29,--,3,8787,卖盘
711,13:44:09,29.29,--,5,14645,卖盘
712,13:44:04,29.29,--,0,0,卖盘
713,13:43:59,29.29,--,51,149379,卖盘
714,13:43:49,29.29,--,4,11716,卖盘
715,13:43:39,29.29,0.02,2,5858,买盘
716,13:43:34,29.27,-0.02,4,11708,卖盘
717,13:43:29,29.29,0.02,3,8787,买盘
718,13:43:24,29.27,--,4,11708,卖盘
719,13:43:14,29.27,0.01,4,11708,中性盘
720,13:43:09,29.26,-0.01,102,298452,卖盘
721,13:43:04,29.27,0.01,3,8781,中性盘
722,13:42:59,29.26,--,0,0,卖盘
723,13:42:54,29.26,--,4,11704,卖盘
724,13:42:49,29.26,-0.01,10,29260,卖盘
725,13:42:39,29.27,0.01,4,11708,中性盘
726,13:42:29,29.26,-0.04,10,29260,卖盘
727,13:42:24,29.3,--,5,14650,买盘
728,13:42:19,29.3,0.05,11,32230,买盘
729,13:42:09,29.25,--,61,178483,卖盘
730,13:41:54,29.25,-0.01,14,43056,卖盘
731,13:41:49,29.26,--,11,32186,卖盘
732,13:41:34,29.26,--,20,58520,卖盘
733,13:41:24,29.26,-0.01,4,11704,卖盘
734,13:41:19,29.27,--,10,30031,卖盘
735,13:41:14,29.27,0.01,15,46070,买盘
736,13:41:04,29.26,-0.01,4,11704,卖盘
737,13:40:59,29.27,--,12,35885,卖盘
738,13:40:54,29.27,--,0,0,卖盘
739,13:40:49,29.27,--,4,11708,卖盘
740,13:40:39,29.27,-0.02,3,8781,卖盘
741,13:40:34,29.29,0.02,2,5858,中性盘
742,13:40:29,29.27,-0.03,4,11708,卖盘
743,13:40:24,29.3,0.03,5,14650,买盘
744,13:40:19,29.27,-0.02,4,11708,卖盘
745,13:40:09,29.29,--,5,14645,卖盘
746,13:40:04,29.29,--,1,2929,卖盘
747,13:39:58,29.29,0.02,8,23432,买盘
748,13:39:49,29.27,-0.02,4,11708,卖盘
749,13:39:39,29.29,0.02,5,14645,买盘
750,13:39:34,29.27,-0.02,4,11708,卖盘
751,13:39:28,29.29,--,1,2929,卖盘
752,13:39:23,29.29,--,4,11716,卖盘
753,13:39:13,29.29,-0.01,4,11716,卖盘
754,13:39:03,29.3,0.01,52,152360,买盘
755,13:38:48,29.29,0.02,1,2929,买盘
756,13:38:33,29.27,-0.03,13,40216,卖盘
757,13:38:28,29.3,0.01,11,32230,买盘
758,13:38:18,29.29,-0.01,3,8787,卖盘
759,13:38:08,29.3,--,3,8790,卖盘
760,13:38:03,29.3,--,1,2930,卖盘
761,13:37:58,29.3,--,3,8790,卖盘
762,13:37:53,29.3,--,1,2930,卖盘
763,13:37:48,29.3,--,45,131850,买盘
764,13:37:43,29.3,--,3,8790,买盘
765,13:37:38,29.3,--,5,14650,买盘
766,13:37:33,29.3,0.02,43,125990,买盘
767,13:37:28,29.28,-0.02,4,11712,卖盘
768,13:37:23,29.3,--,3,8790,买盘
769,13:37:18,29.3,--,8,23440,买盘
770,13:37:13,29.3,0.02,8,23440,买盘
771,13:37:08,29.28,0.01,3,8784,卖盘
772,13:36:58,29.27,--,0,0,卖盘
773,13:36:43,29.27,-0.03,3,8781,卖盘
774,13:36:18,29.3,--,20,58600,买盘
775,13:36:13,29.3,0.03,8,23440,买盘
776,13:36:08,29.27,--,4,11708,卖盘
777,13:36:03,29.27,0.01,20,58540,卖盘
778,13:35:58,29.26,--,0,0,卖盘
779,13:35:53,29.26,-0.01,4,11704,卖盘
780,13:35:48,29.27,--,8,24235,买盘
781,13:35:43,29.27,--,14,40978,买盘
782,13:35:33,29.27,0.02,2,5854,买盘
783,13:35:28,29.25,-0.02,3,8775,卖盘
784,13:35:18,29.27,--,7,20489,买盘
785,13:35:13,29.27,-0.02,323,947440,卖盘
786,13:35:08,29.29,--,3,8787,卖盘
787,13:34:58,29.29,--,6,17574,卖盘
788,13:34:48,29.29,--,3,8787,卖盘
789,13:34:33,29.29,--,4,11716,卖盘
790,13:34:23,29.29,-0.01,11,32219,卖盘
791,13:34:18,29.3,--,49,143570,卖盘
792,13:34:13,29.3,--,3,8790,卖盘
793,13:34:03,29.3,-0.02,6,17580,卖盘
794,13:33:53,29.32,0.01,2,5864,买盘
795,13:33:48,29.31,--,4,11724,卖盘
796,13:33:43,29.31,-0.01,4,11724,卖盘
797,13:33:38,29.32,0.01,2,5864,买盘
798,13:33:33,29.31,-0.01,15,43965,卖盘
799,13:33:28,29.32,--,3,8796,卖盘
800,13:33:18,29.32,--,4,11728,卖盘
801,13:33:08,29.32,-0.01,53,155396,卖盘
802,13:33:03,29.33,-0.01,1,2933,中性盘
803,13:32:58,29.34,0.02,5,14670,买盘
804,13:32:48,29.32,--,15,43980,买盘
805,13:32:43,29.32,--,8,23456,买盘
806,13:32:38,29.32,--,28,82096,卖盘
807,13:32:23,29.32,-0.03,4,11728,卖盘
808,13:32:18,29.35,0.02,17,49895,买盘
809,13:32:13,29.33,--,4,11732,卖盘
810,13:32:03,29.33,-0.02,4,11732,卖盘
811,13:31:57,29.35,0.01,6,17610,买盘
812,13:31:52,29.34,-0.02,23,67482,卖盘
813,13:31:42,29.36,0.02,8,23488,买盘
814,13:31:37,29.34,-0.02,5,14670,中性盘
815,13:31:27,29.36,0.03,9,26424,买盘
816,13:31:22,29.33,-0.03,1,2933,卖盘
817,13:31:17,29.36,--,16,46976,买盘
818,13:31:12,29.36,0.04,1,2936,买盘
819,13:31:07,29.32,--,3,8796,卖盘
820,13:31:02,29.32,-0.04,7,20524,卖盘
821,13:30:57,29.36,--,8,23488,买盘
822,13:30:52,29.36,0.03,4,11744,买盘
823,13:30:42,29.33,0.01,25,73325,中性盘
824,13:30:32,29.32,-0.03,13,38116,卖盘
825,13:30:22,29.35,--,4,11740,卖盘
826,13:30:17,29.35,0.03,20,58700,买盘
827,13:30:12,29.32,--,4,11728,卖盘
828,13:30:07,29.32,0.01,10,29320,卖盘
829,13:30:02,29.31,--,0,0,卖盘
830,13:29:57,29.31,-0.04,4,11724,卖盘
831,13:29:52,29.35,0.05,16,46960,买盘
832,13:29:42,29.3,--,0,0,卖盘
833,13:29:37,29.3,--,5,14650,卖盘
834,13:29:27,29.3,--,5,14650,卖盘
835,13:29:12,29.3,-0.02,9,26370,卖盘
836,13:29:07,29.32,0.02,4,11728,卖盘
837,13:28:57,29.3,-0.02,138,404340,卖盘
838,13:28:52,29.32,0.02,21,61572,买盘
839,13:28:47,29.3,--,0,0,卖盘
840,13:28:42,29.3,--,5,14650,卖盘
841,13:28:32,29.3,0.01,3,8790,卖盘
842,13:28:27,29.29,--,17,51726,卖盘
843,13:28:22,29.29,--,4,11716,卖盘
844,13:28:12,29.29,-0.01,6,17574,卖盘
845,13:28:07,29.3,0.01,1,2930,买盘
846,13:27:57,29.29,--,69,202101,卖盘
847,13:27:47,29.29,-0.01,4,11716,卖盘
848,13:27:42,29.3,0.01,1,2930,买盘
849,13:27:37,29.29,--,3,8787,卖盘
850,13:27:27,29.29,--,4,11716,卖盘
851,13:27:12,29.29,--,11,32219,卖盘
852,13:27:07,29.29,-0.03,4,11716,卖盘
853,13:27:02,29.32,0.02,54,158328,买盘
854,13:26:52,29.3,--,4,11720,卖盘
855,13:26:47,29.3,0.01,1,2930,卖盘
856,13:26:42,29.29,--,3,8787,卖盘
857,13:26:37,29.29,--,32,93728,卖盘
858,13:26:32,29.29,--,4,11716,卖盘
859,13:26:22,29.29,-0.01,3,8787,卖盘
860,13:26:17,29.3,--,4,11720,卖盘
861,13:26:07,29.3,--,12,35160,卖盘
862,13:26:01,29.3,0.01,4,11720,卖盘
863,13:25:52,29.29,--,0,0,卖盘
864,13:25:47,29.29,--,3,8787,卖盘
865,13:25:37,29.29,-0.03,4,11716,卖盘
866,13:25:31,29.32,--,3,8796,买盘
867,13:25:27,29.32,0.03,3,8796,买盘
868,13:25:22,29.29,-0.01,4,11716,卖盘
869,13:25:17,29.3,--,3,8790,卖盘
870,13:25:12,29.3,--,88,257840,卖盘
871,13:25:02,29.3,--,4,11720,卖盘
872,13:24:51,29.3,0.01,9,26370,买盘
873,13:24:47,29.29,--,29,84941,卖盘
874,13:24:41,29.29,-0.01,3,8787,卖盘
875,13:24:36,29.3,0.01,5,14650,买盘
876,13:24:32,29.29,-0.01,4,11716,卖盘
877,13:24:21,29.3,--,8,23440,买盘
878,13:24:16,29.3,-0.02,21,61530,卖盘
879,13:24:06,29.32,--,19,55708,卖盘
880,13:23:57,29.32,--,3,8796,卖盘
881,13:23:46,29.32,--,17,49844,卖盘
882,13:23:36,29.32,-0.05,4,11728,卖盘
883,13:23:31,29.37,--,0,0,中性盘
884,13:23:26,29.37,0.05,2,5874,买盘
885,13:23:21,29.32,-0.01,3,8796,卖盘
886,13:23:11,29.33,--,4,11732,卖盘
887,13:23:06,29.33,--,2,5866,卖盘
888,13:23:01,29.33,0.01,3,8799,卖盘
889,13:22:56,29.32,--,0,0,卖盘
890,13:22:51,29.32,-0.01,189,554148,卖盘
891,13:22:36,29.33,0.01,4,11732,中性盘
892,13:22:31,29.32,--,4,11728,卖盘
893,13:22:16,29.32,0.03,39,114348,买盘
894,13:22:06,29.29,-0.03,4,11716,卖盘
895,13:22:01,29.32,0.02,19,55708,买盘
896,13:21:56,29.3,--,5,14650,卖盘
897,13:21:46,29.3,-0.02,8,23440,卖盘
898,13:21:41,29.32,0.02,2,5864,买盘
899,13:21:36,29.3,--,4,11720,卖盘
900,13:21:21,29.3,--,4,11720,卖盘
901,13:21:11,29.3,--,4,11720,卖盘
902,13:21:06,29.3,--,33,98594,卖盘
903,13:21:01,29.3,--,3,8790,卖盘
904,13:20:56,29.3,0.01,3,8790,买盘
905,13:20:51,29.29,-0.01,4,11716,卖盘
906,13:20:41,29.3,0.01,151,442430,买盘
907,13:20:36,29.29,-0.01,15,43935,卖盘
908,13:20:26,29.3,--,3,8790,卖盘
909,13:20:16,29.3,--,17,49810,卖盘
910,13:20:06,29.3,--,4,11720,卖盘
911,13:20:01,29.3,--,5,14650,卖盘
912,13:19:51,29.3,--,15,43950,卖盘
913,13:19:46,29.3,-0.01,4,11720,卖盘
914,13:19:36,29.31,-0.01,41,120171,卖盘
915,13:19:31,29.32,--,8,23456,买盘
916,13:19:26,29.32,0.01,7,20524,买盘
917,13:19:20,29.31,-0.01,4,11724,卖盘
918,13:19:16,29.32,--,3,8796,卖盘
919,13:19:11,29.32,--,3,8796,卖盘
920,13:19:01,29.32,-0.02,4,11728,卖盘
921,13:18:50,29.34,0.01,9,26406,买盘
922,13:18:45,29.33,--,11,32262,卖盘
923,13:18:40,29.33,--,4,11732,卖盘
924,13:18:30,29.33,--,5,14665,卖盘
925,13:18:25,29.33,--,7,20531,卖盘
926,13:18:20,29.33,--,0,0,卖盘
927,13:18:16,29.33,-0.01,6,17598,卖盘
928,13:18:11,29.34,0.01,11,32274,中性盘
929,13:18:05,29.33,-0.01,4,11732,卖盘
930,13:17:55,29.34,0.01,3,8802,卖盘
931,13:17:50,29.33,--,0,0,卖盘
932,13:17:40,29.33,--,4,11732,卖盘
933,13:17:35,29.33,--,1,2933,卖盘
934,13:17:30,29.33,--,4,11732,卖盘
935,13:17:26,29.33,--,0,0,卖盘
936,13:17:20,29.33,--,3,8799,卖盘
937,13:17:15,29.33,--,2,5866,卖盘
938,13:17:10,29.33,-0.01,14,41062,中性盘
939,13:17:00,29.34,--,6,17604,买盘
940,13:16:55,29.34,0.01,7,20538,卖盘
941,13:16:45,29.33,--,4,11732,卖盘
942,13:16:40,29.33,-0.05,5,14665,卖盘
943,13:16:35,29.38,0.05,4,11752,卖盘
944,13:16:30,29.33,--,0,0,卖盘
945,13:16:25,29.33,-0.01,4,11732,卖盘
946,13:16:20,29.34,--,0,0,卖盘
947,13:16:15,29.34,--,3,8802,卖盘
948,13:16:00,29.34,-0.02,4,11736,卖盘
949,13:15:55,29.36,-0.04,3,8808,卖盘
950,13:15:45,29.4,--,11,32340,买盘
951,13:15:40,29.4,--,85,251575,卖盘
952,13:15:30,29.4,--,4,11760,卖盘
953,13:15:20,29.4,--,24,70560,卖盘
954,13:15:10,29.4,-0.01,26,76440,卖盘
955,13:15:00,29.41,--,16,49261,卖盘
956,13:14:55,29.41,--,11,32351,卖盘
957,13:14:45,29.41,--,4,11764,卖盘
958,13:14:35,29.41,-0.01,4,11764,卖盘
959,13:14:25,29.42,--,24,70608,卖盘
960,13:14:15,29.42,--,3,8826,卖盘
961,13:14:00,29.42,--,4,11768,卖盘
962,13:13:50,29.42,0.01,4,11768,卖盘
963,13:13:45,29.41,--,0,0,卖盘
964,13:13:40,29.41,--,4,11764,卖盘
965,13:13:35,29.41,--,10,29410,卖盘
966,13:13:30,29.41,--,4,11764,卖盘
967,13:13:15,29.41,--,14,41174,卖盘
968,13:13:10,29.41,-0.01,4,11764,卖盘
969,13:13:00,29.42,0.01,10,29420,买盘
970,13:12:55,29.41,--,6,17646,卖盘
971,13:12:50,29.41,--,0,0,卖盘
972,13:12:45,29.41,--,4,11764,卖盘
973,13:12:40,29.41,--,0,0,卖盘
974,13:12:35,29.41,--,4,11764,卖盘
975,13:12:25,29.41,-0.01,4,11764,卖盘
976,13:12:15,29.42,0.01,3,8826,买盘
977,13:12:05,29.41,0.01,16,47791,卖盘
978,13:12:00,29.4,--,0,0,卖盘
979,13:11:50,29.4,--,50,147000,卖盘
980,13:11:25,29.4,--,10,29400,卖盘
981,13:11:20,29.4,--,9,26460,卖盘
982,13:11:10,29.4,-0.02,155,457170,卖盘
983,13:11:05,29.42,0.02,21,61782,卖盘
984,13:10:49,29.4,--,0,0,卖盘
985,13:10:40,29.4,-0.04,126,370440,卖盘
986,13:10:34,29.44,--,70,206080,买盘
987,13:10:29,29.44,0.01,18,52992,买盘
988,13:10:19,29.43,--,0,0,买盘
989,13:10:14,29.43,--,0,0,中性盘
990,13:10:09,29.43,--,0,0,卖盘
991,13:10:04,29.43,--,15,44145,卖盘
992,13:09:49,29.43,0.02,57,167751,买盘
993,13:09:34,29.41,--,29,87994,买盘
994,13:09:29,29.41,0.01,4,11764,买盘
995,13:09:14,29.4,--,5,14700,卖盘
996,13:09:09,29.4,-0.01,27,79380,卖盘
997,13:08:44,29.41,--,1,2941,买盘
998,13:08:24,29.41,--,8,23528,买盘
999,13:08:19,29.41,0.01,20,58820,买盘
1000,13:08:04,29.4,--,10,29400,卖盘
1001,13:07:59,29.4,--,6,17640,卖盘
1002,13:07:49,29.4,--,1,2940,卖盘
1003,13:07:44,29.4,--,7,20580,卖盘
1004,13:07:38,29.4,--,11,32340,卖盘
1005,13:07:33,29.4,--,3,8820,卖盘
1006,13:07:19,29.4,0.02,112,329309,买盘
1007,13:07:14,29.38,0.02,53,155714,买盘
1008,13:07:09,29.36,0.04,20,58720,买盘
1009,13:06:49,29.32,-0.04,11,32252,卖盘
1010,13:06:24,29.36,--,2,5872,买盘
1011,13:05:59,29.36,--,31,93922,卖盘
1012,13:04:54,29.36,-0.03,3,8808,卖盘
1013,13:04:49,29.39,--,0,0,买盘
1014,13:04:39,29.39,0.01,26,76414,买盘
1015,13:04:29,29.38,--,0,0,中性盘
1016,13:04:23,29.38,--,1,2938,买盘
1017,13:04:14,29.38,-0.01,1,2938,买盘
1018,13:03:48,29.39,--,0,0,买盘
1019,13:03:28,29.39,0.03,4,11756,买盘
1020,13:03:03,29.36,-0.03,9,26424,卖盘
1021,13:02:28,29.39,-0.01,5,14695,卖盘
1022,13:02:18,29.4,0.01,46,135240,买盘
1023,13:02:13,29.39,--,14,41146,卖盘
1024,13:01:53,29.39,--,8,23512,买盘
1025,13:01:48,29.39,--,1,2939,买盘
1026,13:01:43,29.39,-0.01,1,2939,买盘
1027,13:01:33,29.4,--,0,0,买盘
1028,13:01:18,29.4,--,1,2940,买盘
1029,13:00:43,29.4,--,3,8820,买盘
1030,13:00:32,29.4,0.04,2,5880,买盘
1031,13:00:03,29.36,0.04,56,164445,买盘
1032,11:30:00,29.32,--,0,0,卖盘
1033,11:29:59,29.32,--,0,0,卖盘
1034,11:29:39,29.32,--,1,2932,卖盘
1035,11:28:54,29.32,-0.04,1,2932,卖盘
1036,11:28:44,29.36,-0.04,17,49912,买盘
1037,11:28:39,29.4,--,0,0,买盘
1038,11:28:34,29.4,0.04,9,26460,中性盘
1039,11:28:24,29.36,--,0,0,卖盘
1040,11:28:18,29.36,--,13,40017,卖盘
1041,11:28:14,29.36,-0.05,7,21139,卖盘
1042,11:28:03,29.41,0.01,5,14705,买盘
1043,11:27:54,29.4,-0.01,10,29400,卖盘
1044,11:27:44,29.41,--,25,73525,买盘
1045,11:27:33,29.41,0.01,19,55879,买盘
1046,11:27:24,29.4,--,3,8820,买盘
1047,11:27:18,29.4,--,0,0,买盘
1048,11:27:14,29.4,0.03,20,58800,买盘
1049,11:26:58,29.37,0.01,4,11748,买盘
1050,11:26:54,29.36,--,1,2936,中性盘
1051,11:26:29,29.36,0.01,2,5872,卖盘
1052,11:26:14,29.35,--,0,0,卖盘
1053,11:26:09,29.35,--,0,0,卖盘
1054,11:25:48,29.35,--,0,0,卖盘
1055,11:25:29,29.35,0.01,6,17610,买盘
1056,11:25:24,29.34,-0.01,25,73350,卖盘
1057,11:25:08,29.35,0.01,2,5870,买盘
1058,11:25:03,29.34,--,2,5868,卖盘
1059,11:24:48,29.34,-0.01,10,29340,卖盘
1060,11:24:39,29.35,--,1,2935,买盘
1061,11:24:33,29.35,--,14,41090,卖盘
1062,11:24:23,29.35,-0.01,27,79245,卖盘
1063,11:24:03,29.36,-0.01,123,361216,卖盘
1064,11:23:44,29.37,--,0,0,卖盘
1065,11:23:39,29.37,-0.03,4,11748,卖盘
1066,11:23:23,29.4,--,1,2940,买盘
1067,11:23:18,29.4,--,10,29400,买盘
1068,11:23:09,29.4,--,1,2940,买盘
1069,11:23:03,29.4,--,6,17640,买盘
1070,11:22:54,29.4,-0.01,6,17640,买盘
1071,11:22:44,29.41,--,0,0,买盘
1072,11:22:33,29.41,--,0,0,买盘
1073,11:22:24,29.41,0.01,5,14705,买盘
1074,11:22:18,29.4,--,1,2940,卖盘
1075,11:21:54,29.4,--,1,2940,卖盘
1076,11:21:48,29.4,0.04,18,52920,买盘
1077,11:21:43,29.36,--,0,0,卖盘
1078,11:21:38,29.36,-0.02,100,293600,卖盘
1079,11:21:33,29.38,--,31,93927,买盘
1080,11:21:18,29.38,0.02,10,29380,买盘
1081,11:21:03,29.36,-0.02,4,11744,卖盘
1082,11:20:53,29.38,--,0,0,买盘
1083,11:20:27,29.38,0.03,30,88140,买盘
1084,11:20:08,29.35,--,2,5870,卖盘
1085,11:20:03,29.35,--,8,23480,买盘
1086,11:19:57,29.35,0.01,1,2935,买盘
1087,11:19:53,29.34,-0.01,3,8802,卖盘
1088,11:19:33,29.35,--,1,2935,卖盘
1089,11:18:57,29.35,--,3,8805,买盘
1090,11:18:33,29.35,-0.03,6,17610,卖盘
1091,11:18:12,29.38,0.03,4,11752,买盘
1092,11:18:03,29.35,-0.03,7,20545,卖盘
1093,11:17:57,29.38,0.05,9,26442,买盘
1094,11:17:53,29.33,-0.02,9,26397,卖盘
1095,11:17:32,29.35,--,0,0,买盘
1096,11:17:23,29.35,--,1,2935,买盘
1097,11:17:17,29.35,--,16,46960,卖盘
1098,11:17:12,29.35,--,10,29350,卖盘
1099,11:16:53,29.35,--,0,0,卖盘
1100,11:16:47,29.35,-0.03,1,2935,卖盘
1101,11:16:27,29.38,--,1,2938,买盘
1102,11:16:22,29.38,--,0,88,卖盘
1103,11:16:08,29.38,-0.01,50,146900,卖盘
1104,11:16:02,29.39,--,105,308595,卖盘
1105,11:15:57,29.39,--,13,38207,卖盘
1106,11:15:47,29.39,-0.01,52,152828,卖盘
1107,11:15:42,29.4,--,6,17640,买盘
1108,11:15:17,29.4,--,33,97020,卖盘
1109,11:15:12,29.4,-0.01,1,2940,卖盘
1110,11:15:02,29.41,0.01,12,35292,买盘
1111,11:14:57,29.4,--,3,8820,卖盘
1112,11:14:53,29.4,--,6,17640,买盘
1113,11:14:47,29.4,--,1,2940,买盘
1114,11:14:42,29.4,--,1,2940,买盘
1115,11:14:32,29.4,-0.01,5,14700,卖盘
1116,11:14:27,29.41,0.01,1,2941,买盘
1117,11:14:12,29.4,0.01,6,17640,买盘
1118,11:14:02,29.39,-0.01,30,88170,卖盘
1119,11:13:57,29.4,0.01,30,88200,买盘
1120,11:13:42,29.39,--,5,14695,卖盘
1121,11:13:36,29.39,0.01,31,91109,买盘
1122,11:13:32,29.38,--,1,5787,买盘
1123,11:13:17,29.38,--,0,88,卖盘
1124,11:13:12,29.38,--,16,47008,卖盘
1125,11:13:06,29.38,-0.01,3,8814,卖盘
1126,11:12:57,29.39,--,2,5878,卖盘
1127,11:12:47,29.39,--,6,17634,卖盘
1128,11:12:27,29.39,--,5,14695,买盘
1129,11:12:21,29.39,--,7,20573,买盘
1130,11:11:51,29.39,-0.01,23,67597,卖盘
1131,11:11:47,29.4,0.01,1,2940,买盘
1132,11:11:36,29.39,--,14,41146,卖盘
1133,11:11:21,29.39,-0.01,2,5878,卖盘
1134,11:11:17,29.4,0.01,10,29400,买盘
1135,11:10:57,29.39,--,2,5878,卖盘
1136,11:10:42,29.39,-0.01,21,61719,卖盘
1137,11:10:36,29.4,0.01,23,67620,买盘
1138,11:10:32,29.39,--,3,8817,卖盘
1139,11:10:01,29.39,-0.02,10,29390,卖盘
1140,11:09:51,29.41,--,0,0,买盘
1141,11:09:36,29.41,--,3,9058,卖盘
1142,11:09:27,29.41,0.01,14,43879,买盘
1143,11:09:21,29.4,-0.01,26,76440,卖盘
1144,11:09:01,29.41,--,2,5882,买盘
1145,11:08:56,29.41,--,1,2941,买盘
1146,11:08:51,29.41,--,0,235,卖盘
1147,11:08:46,29.41,--,10,29410,卖盘
1148,11:08:41,29.41,--,2,5882,卖盘
1149,11:08:36,29.41,--,5,14705,卖盘
1150,11:08:31,29.41,--,5,14705,卖盘
1151,11:08:21,29.41,--,3,8823,卖盘
1152,11:08:16,29.41,--,10,29410,卖盘
1153,11:08:11,29.41,--,3,8823,卖盘
1154,11:08:06,29.41,--,11,35056,买盘
1155,11:08:01,29.41,0.01,6,17646,买盘
1156,11:07:56,29.4,-0.01,12,35280,卖盘
1157,11:07:46,29.41,0.01,1,2941,买盘
1158,11:07:41,29.4,-0.01,8,23520,卖盘
1159,11:07:36,29.41,0.02,21,61761,买盘
1160,11:07:26,29.39,--,0,0,卖盘
1161,11:07:21,29.39,0.01,2,5878,中性盘
1162,11:07:17,29.38,-0.02,19,55822,卖盘
1163,11:07:11,29.4,0.01,1,2940,买盘
1164,11:07:01,29.39,--,0,0,中性盘
1165,11:06:56,29.39,-0.01,3,8817,卖盘
1166,11:06:46,29.4,-0.01,3,8820,卖盘
1167,11:06:41,29.41,0.02,6,17646,买盘
1168,11:06:36,29.39,0.01,3,8817,买盘
1169,11:06:30,29.38,-0.02,7,20566,卖盘
1170,11:06:26,29.4,--,16,47040,买盘
1171,11:06:21,29.4,0.02,5,14700,买盘
1172,11:06:06,29.38,-0.03,2,5876,卖盘
1173,11:06:00,29.41,--,0,0,买盘
1174,11:05:26,29.41,0.01,6,17646,买盘
1175,11:05:21,29.4,--,14,41160,买盘
1176,11:05:15,29.4,-0.01,20,59035,卖盘
1177,11:05:11,29.41,-0.02,3,8823,中性盘
1178,11:05:06,29.43,0.03,10,29430,买盘
1179,11:05:00,29.4,-0.01,10,29400,卖盘
1180,11:04:56,29.41,-0.01,5,14705,卖盘
1181,11:04:51,29.42,0.01,2,5884,买盘
1182,11:04:45,29.41,0.01,11,32351,买盘
1183,11:04:41,29.4,--,1,2940,卖盘
1184,11:04:30,29.4,--,1,2940,卖盘
1185,11:04:21,29.4,0.02,192,567184,买盘
1186,11:04:15,29.38,-0.01,2,5876,卖盘
1187,11:04:06,29.39,0.05,12,38118,买盘
1188,11:04:00,29.34,-0.04,2,5868,卖盘
1189,11:03:51,29.38,--,10,29380,买盘
1190,11:03:45,29.38,--,0,0,买盘
1191,11:03:41,29.38,--,10,29380,买盘
1192,11:03:30,29.38,0.01,30,88140,买盘
1193,11:03:15,29.37,-0.01,1,3025,卖盘
1194,11:03:11,29.38,--,10,29380,买盘
1195,11:03:06,29.38,--,7,20566,买盘
1196,11:03:00,29.38,-0.02,38,111644,卖盘
1197,11:02:45,29.4,0.02,6,17640,买盘
1198,11:02:36,29.38,--,9,26442,买盘
1199,11:02:21,29.38,-0.02,15,44070,卖盘
1200,11:02:15,29.4,--,9,26460,买盘
1201,11:02:06,29.4,--,50,147000,买盘
1202,11:01:50,29.4,--,30,88200,买盘
1203,11:01:45,29.4,--,76,223440,买盘
1204,11:01:40,29.4,0.02,10,29400,买盘
1205,11:01:35,29.38,-0.01,7,20566,卖盘
1206,11:01:30,29.39,0.01,20,58780,买盘
1207,11:01:15,29.38,-0.02,35,102830,卖盘
1208,11:01:10,29.4,--,0,0,买盘
1209,11:01:00,29.4,--,26,76440,买盘
1210,11:00:50,29.4,--,3,8820,买盘
1211,11:00:45,29.4,--,3,8820,买盘
1212,11:00:40,29.4,--,11,32340,卖盘
1213,11:00:35,29.4,-0.03,3,8820,卖盘
1214,11:00:30,29.43,0.01,32,94176,买盘
1215,11:00:20,29.42,--,11,32362,买盘
1216,11:00:15,29.42,--,46,135332,卖盘
1217,11:00:10,29.42,-0.01,2,5884,卖盘
1218,11:00:05,29.43,0.01,7,20601,买盘
1219,11:00:00,29.42,--,20,58840,卖盘
1220,10:59:55,29.42,--,10,29420,卖盘
1221,10:59:50,29.42,--,44,129448,买盘
1222,10:59:40,29.42,--,0,0,买盘
1223,10:59:30,29.42,--,6,17652,买盘
1224,10:59:24,29.42,-0.01,8,23536,买盘
1225,10:59:20,29.43,0.03,12,35316,买盘
1226,10:59:15,29.4,-0.02,5,14700,卖盘
1227,10:59:09,29.42,-0.01,11,32362,卖盘
1228,10:59:05,29.43,0.03,115,338445,买盘
1229,10:58:54,29.4,--,10,29400,卖盘
1230,10:58:50,29.4,--,14,41160,卖盘
1231,10:58:45,29.4,--,64,188160,买盘
1232,10:58:39,29.4,0.02,6,17640,买盘
1233,10:58:35,29.38,0.01,12,36725,买盘
1234,10:58:20,29.37,0.01,8,23496,买盘
1235,10:58:15,29.36,-0.01,5,14680,卖盘
1236,10:58:05,29.37,0.01,19,55803,买盘
1237,10:57:54,29.36,0.01,109,320024,买盘
1238,10:57:50,29.35,--,3,8805,卖盘
1239,10:57:45,29.35,--,7,23391,卖盘
1240,10:57:39,29.35,--,13,38155,买盘
1241,10:57:35,29.35,0.05,10,29350,买盘
1242,10:57:24,29.3,0.01,118,345740,买盘
1243,10:57:20,29.29,--,15,43935,买盘
1244,10:57:15,29.29,0.07,6,17574,买盘
1245,10:57:09,29.22,-0.08,7,20454,卖盘
1246,10:57:05,29.3,--,32,93760,买盘
1247,10:57:00,29.3,--,13,38090,买盘
1248,10:56:45,29.3,--,22,64460,卖盘
1249,10:56:39,29.3,0.1,8,23440,买盘
1250,10:56:30,29.2,0.01,1,2920,卖盘
1251,10:56:24,29.19,--,0,0,卖盘
1252,10:56:20,29.19,-0.11,119,347361,卖盘
1253,10:56:09,29.3,--,4,12071,卖盘
1254,10:55:54,29.3,0.1,74,216820,买盘
1255,10:55:50,29.2,--,34,99280,卖盘
1256,10:55:45,29.2,--,5,14600,卖盘
1257,10:55:39,29.2,-0.06,16,46720,卖盘
1258,10:55:35,29.26,--,0,0,中性盘
1259,10:55:30,29.26,--,0,0,中性盘
1260,10:55:24,29.26,0.06,113,330638,买盘
1261,10:55:20,29.2,--,16,46720,买盘
1262,10:55:15,29.2,--,2,5840,买盘
1263,10:55:09,29.2,--,5,14600,买盘
1264,10:55:05,29.2,--,1,2920,买盘
1265,10:55:00,29.2,-0.02,86,251120,卖盘
1266,10:54:44,29.22,0.01,2,5844,买盘
1267,10:54:39,29.21,-0.01,7,20447,卖盘
1268,10:54:34,29.22,0.02,1,2922,卖盘
1269,10:54:24,29.2,--,0,0,卖盘
1270,10:54:00,29.2,--,0,0,卖盘
1271,10:53:54,29.2,-0.06,75,219000,卖盘
1272,10:53:49,29.26,--,0,0,中性盘
1273,10:53:45,29.26,0.05,2,5852,买盘
1274,10:53:30,29.21,--,4,11684,买盘
1275,10:53:24,29.21,--,2,5842,买盘
1276,10:53:14,29.21,--,8,23368,买盘
1277,10:53:09,29.21,--,22,64262,买盘
1278,10:52:59,29.21,--,13,37973,买盘
1279,10:52:54,29.21,-0.01,153,446913,卖盘
1280,10:52:44,29.22,--,1,2922,卖盘
1281,10:52:39,29.22,--,5,14610,卖盘
1282,10:52:24,29.22,-0.03,7,20454,卖盘
1283,10:52:14,29.25,-0.01,1,2925,卖盘
1284,10:52:03,29.26,0.06,8,23408,买盘
1285,10:51:59,29.2,-0.06,8,23360,卖盘
1286,10:51:54,29.26,--,0,0,买盘
1287,10:51:39,29.26,--,0,0,买盘
1288,10:51:29,29.26,--,182,532532,买盘
1289,10:51:18,29.26,--,0,0,买盘
1290,10:51:14,29.26,0.02,1,2926,买盘
1291,10:50:59,29.24,-0.02,17,49708,卖盘
1292,10:50:44,29.26,--,108,316008,买盘
1293,10:50:39,29.26,-0.04,16,46816,卖盘
1294,10:50:29,29.3,--,30,87900,买盘
1295,10:50:03,29.3,--,1,2930,买盘
1296,10:49:48,29.3,--,6,17580,买盘
1297,10:49:44,29.3,0.04,25,73250,买盘
1298,10:49:39,29.26,-0.04,11,32186,卖盘
1299,10:49:24,29.3,-0.06,23,67390,卖盘
1300,10:49:18,29.36,--,2,5872,卖盘
1301,10:49:14,29.36,0.03,10,29360,买盘
1302,10:49:03,29.33,-0.01,21,61593,卖盘
1303,10:48:59,29.34,--,0,0,卖盘
1304,10:48:54,29.34,-0.03,1,2934,卖盘
1305,10:48:48,29.37,--,0,0,买盘
1306,10:48:44,29.37,--,6,17622,买盘
1307,10:48:38,29.37,--,1,2937,买盘
1308,10:48:29,29.37,--,9,26433,买盘
1309,10:48:23,29.37,--,129,378961,卖盘
1310,10:48:18,29.37,-0.01,13,38181,卖盘
1311,10:48:14,29.38,0.01,6,17628,买盘
1312,10:47:59,29.37,0.04,13,41029,买盘
1313,10:47:38,29.33,--,4,11732,买盘
1314,10:47:33,29.33,0.05,16,46928,买盘
1315,10:47:29,29.28,-0.01,6,17568,卖盘
1316,10:47:18,29.29,0.01,5,14645,买盘
1317,10:47:09,29.28,0.06,54,159576,买盘
1318,10:47:03,29.22,--,13,37986,买盘
1319,10:46:58,29.22,--,30,87660,买盘
1320,10:46:53,29.22,-0.01,203,594627,卖盘
1321,10:46:48,29.23,-0.01,18,54075,买盘
1322,10:46:43,29.24,-0.01,11,33626,卖盘
1323,10:46:38,29.25,0.01,93,272025,买盘
1324,10:46:33,29.24,0.01,69,203218,买盘
1325,10:46:23,29.23,-0.01,8,23384,卖盘
1326,10:46:18,29.24,--,9,26316,买盘
1327,10:46:13,29.24,--,1,2924,买盘
1328,10:46:08,29.24,-0.01,68,198832,卖盘
1329,10:46:03,29.25,--,5,14625,买盘
1330,10:45:53,29.25,--,10,29250,买盘
1331,10:45:43,29.25,0.03,50,146250,买盘
1332,10:45:33,29.22,-0.01,24,70128,卖盘
1333,10:45:27,29.23,-0.01,1,2923,卖盘
1334,10:45:18,29.24,-0.01,10,30702,卖盘
1335,10:45:08,29.25,-0.02,31,90675,卖盘
1336,10:44:53,29.27,--,0,0,卖盘
1337,10:44:48,29.27,-0.02,5,14635,卖盘
1338,10:44:42,29.29,--,0,0,买盘
1339,10:44:23,29.29,--,17,49793,卖盘
1340,10:44:03,29.29,-0.01,5,14645,卖盘
1341,10:43:57,29.3,-0.01,67,196310,卖盘
1342,10:43:48,29.31,-0.02,3,8793,卖盘
1343,10:43:42,29.33,--,1,2933,买盘
1344,10:43:23,29.33,0.03,11,32262,买盘
1345,10:43:18,29.3,-0.01,186,544980,卖盘
1346,10:42:48,29.31,-0.03,68,199308,卖盘
1347,10:42:42,29.34,--,2,5868,买盘
1348,10:42:38,29.34,0.03,3,8802,买盘
1349,10:42:27,29.31,-0.02,3,8793,卖盘
1350,10:42:12,29.33,-0.01,5,14665,卖盘
1351,10:42:02,29.34,--,5,14670,买盘
1352,10:41:57,29.34,--,3,8802,买盘
1353,10:41:47,29.34,-0.01,22,64548,买盘
1354,10:41:42,29.35,0.01,3,8805,买盘
1355,10:41:38,29.34,--,2,5868,卖盘
1356,10:41:17,29.34,0.04,12,35208,买盘
1357,10:41:12,29.3,--,0,0,卖盘
1358,10:41:08,29.3,-0.04,56,164080,卖盘
1359,10:40:53,29.34,--,10,29340,买盘
1360,10:40:47,29.34,0.02,13,38142,买盘
1361,10:40:42,29.32,--,0,0,卖盘
1362,10:40:27,29.32,--,7,20524,卖盘
1363,10:40:22,29.32,--,0,0,卖盘
1364,10:40:17,29.32,--,7,20524,卖盘
1365,10:40:12,29.32,--,16,46912,卖盘
1366,10:40:02,29.32,--,0,0,卖盘
1367,10:39:57,29.32,-0.01,19,55708,卖盘
1368,10:39:52,29.33,0.01,1,2933,买盘
1369,10:39:47,29.32,--,0,0,卖盘
1370,10:39:42,29.32,-0.01,2,5864,卖盘
1371,10:39:32,29.33,--,4,11732,买盘
1372,10:39:27,29.33,-0.01,8,23464,卖盘
1373,10:39:12,29.34,--,14,41076,卖盘
1374,10:39:07,29.34,--,0,0,卖盘
1375,10:39:02,29.34,-0.02,11,32274,卖盘
1376,10:38:57,29.36,0.02,12,35232,买盘
1377,10:38:47,29.34,0.02,5,14670,买盘
1378,10:38:42,29.32,0.02,6,17592,买盘
1379,10:38:36,29.3,--,0,0,卖盘
1380,10:38:32,29.3,-0.01,12,35160,卖盘
1381,10:38:17,29.31,-0.01,3,8793,卖盘
1382,10:38:12,29.32,--,6,17592,买盘
1383,10:38:02,29.32,-0.04,1,2932,卖盘
1384,10:37:57,29.36,--,5,14680,买盘
1385,10:37:47,29.36,--,1,2936,买盘
1386,10:37:42,29.36,--,0,0,买盘
1387,10:37:27,29.36,--,46,135056,买盘
1388,10:37:21,29.36,--,10,29360,买盘
1389,10:37:17,29.36,-0.01,4,11978,卖盘
1390,10:37:12,29.37,--,75,220275,买盘
1391,10:37:02,29.37,--,1,2937,买盘
1392,10:36:57,29.37,--,23,67551,卖盘
1393,10:36:46,29.37,0.01,8,23496,卖盘
1394,10:36:42,29.36,--,0,0,卖盘
1395,10:36:36,29.36,--,0,0,卖盘
1396,10:36:32,29.36,--,10,29360,卖盘
1397,10:36:27,29.36,--,0,0,卖盘
1398,10:36:21,29.36,-0.02,5,14680,卖盘
1399,10:36:12,29.38,0.02,59,173342,买盘
1400,10:36:06,29.36,--,0,0,卖盘
1401,10:36:02,29.36,--,5,14680,卖盘
1402,10:35:57,29.36,--,14,41104,卖盘
1403,10:35:51,29.36,--,9,26424,卖盘
1404,10:35:36,29.36,--,19,55784,卖盘
1405,10:35:32,29.36,--,5,14680,卖盘
1406,10:35:26,29.36,-0.01,3,8808,卖盘
1407,10:35:21,29.37,--,1,2937,买盘
1408,10:35:12,29.37,--,33,96921,卖盘
1409,10:35:06,29.37,-0.01,15,44055,卖盘
1410,10:34:56,29.38,--,1,2938,买盘
1411,10:34:51,29.38,--,2,5876,买盘
1412,10:34:47,29.38,--,9,26442,买盘
1413,10:34:41,29.38,-0.01,4,11752,卖盘
1414,10:34:36,29.39,--,18,52902,买盘
1415,10:34:26,29.39,--,2,5878,买盘
1416,10:34:21,29.39,--,7,20573,卖盘
1417,10:34:17,29.39,-0.01,5,14695,卖盘
1418,10:34:11,29.4,--,4,11760,买盘
1419,10:34:06,29.4,0.01,6,17640,买盘
1420,10:33:56,29.39,--,8,23512,买盘
1421,10:33:51,29.39,--,7,20573,卖盘
1422,10:33:41,29.39,--,1,2939,卖盘
1423,10:33:36,29.39,--,4,11756,买盘
1424,10:33:31,29.39,--,10,29390,买盘
1425,10:33:26,29.39,0.03,2,5878,买盘
1426,10:33:21,29.36,-0.02,27,79272,卖盘
1427,10:33:16,29.38,0.01,4,11752,卖盘
1428,10:33:11,29.37,--,25,73425,卖盘
1429,10:33:06,29.37,--,4,11748,卖盘
1430,10:33:01,29.37,--,19,55803,买盘
1431,10:32:56,29.37,0.01,33,96921,买盘
1432,10:32:41,29.36,0.01,68,202349,买盘
1433,10:32:36,29.35,0.06,50,146750,买盘
1434,10:32:31,29.29,-0.04,20,58580,卖盘
1435,10:32:21,29.33,0.03,10,29330,买盘
1436,10:32:11,29.3,--,1,2930,卖盘
1437,10:32:06,29.3,0.01,13,38090,卖盘
1438,10:32:01,29.29,--,0,0,卖盘
1439,10:31:56,29.29,-0.05,20,58580,卖盘
1440,10:31:51,29.34,0.05,9,26406,买盘
1441,10:31:45,29.29,--,14,41006,卖盘
1442,10:31:36,29.29,-0.05,11,32219,卖盘
1443,10:31:30,29.34,0.05,4,11736,买盘
1444,10:31:26,29.29,-0.01,14,41006,卖盘
1445,10:31:21,29.3,0.01,63,184707,买盘
1446,10:31:15,29.29,0.04,1,2929,买盘
1447,10:31:11,29.25,-0.04,18,52650,卖盘
1448,10:31:06,29.29,--,29,84941,买盘
1449,10:31:00,29.29,-0.04,126,371865,卖盘
1450,10:30:51,29.33,--,25,73325,买盘
1451,10:30:45,29.33,0.04,5,14665,买盘
1452,10:30:41,29.29,-0.05,12,35148,卖盘
1453,10:30:36,29.34,0.05,13,38142,买盘
1454,10:30:26,29.29,-0.04,14,41006,卖盘
1455,10:30:21,29.33,--,15,43995,买盘
1456,10:30:15,29.33,0.03,4,11732,买盘
1457,10:30:06,29.3,0.01,11,32230,卖盘
1458,10:30:00,29.29,--,0,0,卖盘
1459,10:29:56,29.29,-0.01,15,43935,卖盘
1460,10:29:51,29.3,--,0,0,卖盘
1461,10:29:45,29.3,0.01,20,58600,卖盘
1462,10:29:41,29.29,--,0,0,卖盘
1463,10:29:36,29.29,-0.01,13,38077,卖盘
1464,10:29:30,29.3,--,20,58600,卖盘
1465,10:29:21,29.3,-0.03,17,49810,卖盘
1466,10:29:15,29.33,0.03,32,93856,买盘
1467,10:29:00,29.3,--,12,35160,卖盘
1468,10:28:50,29.3,0.01,17,49810,买盘
1469,10:28:45,29.29,-0.01,0,117,卖盘
1470,10:28:40,29.3,0.01,19,55670,买盘
1471,10:28:35,29.29,-0.01,1,2929,卖盘
1472,10:28:30,29.3,0.01,13,38090,买盘
1473,10:28:20,29.29,--,0,0,中性盘
1474,10:28:15,29.29,--,13,38077,卖盘
1475,10:28:11,29.29,--,1,2929,买盘
1476,10:28:05,29.29,0.05,15,43935,买盘
1477,10:27:55,29.24,-0.05,14,40936,卖盘
1478,10:27:50,29.29,0.04,4,11716,买盘
1479,10:27:45,29.25,0.01,12,35100,卖盘
1480,10:27:35,29.24,-0.05,13,38012,卖盘
1481,10:27:30,29.29,0.05,15,43935,买盘
1482,10:27:25,29.24,-0.01,10,29240,卖盘
1483,10:27:20,29.25,-0.08,58,169650,卖盘
1484,10:27:15,29.33,0.08,5,14665,买盘
1485,10:27:11,29.25,-0.04,12,35100,卖盘
1486,10:27:05,29.29,0.01,3,8787,卖盘
1487,10:27:00,29.28,-0.02,13,38064,卖盘
1488,10:26:55,29.3,0.06,1,2930,买盘
1489,10:26:50,29.24,-0.05,12,35088,卖盘
1490,10:26:45,29.29,--,0,0,中性盘
1491,10:26:40,29.29,0.05,1,2929,买盘
1492,10:26:35,29.24,-0.04,14,40936,卖盘
1493,10:26:30,29.28,0.02,16,48312,买盘
1494,10:26:25,29.26,-0.02,13,38038,卖盘
1495,10:26:20,29.28,0.05,10,29280,买盘
1496,10:26:15,29.23,--,12,35105,卖盘
1497,10:26:05,29.23,--,23,67229,买盘
1498,10:26:00,29.23,0.02,5,14615,买盘
1499,10:25:55,29.21,-0.01,13,37973,卖盘
1500,10:25:50,29.22,0.04,8,23376,买盘
1501,10:25:45,29.18,-0.04,65,189670,卖盘
1502,10:25:40,29.22,--,1,2922,买盘
1503,10:25:35,29.22,--,1,2922,买盘
1504,10:25:30,29.22,--,33,96426,买盘
1505,10:25:20,29.22,--,74,216228,买盘
1506,10:25:15,29.22,0.01,10,29220,买盘
1507,10:25:10,29.21,--,13,37973,卖盘
1508,10:25:05,29.21,0.01,6,17526,卖盘
1509,10:25:00,29.2,-0.01,27,78840,卖盘
1510,10:24:50,29.21,0.01,10,29210,买盘
1511,10:24:45,29.2,0.02,34,99280,买盘
1512,10:24:35,29.18,--,12,35016,卖盘
1513,10:24:24,29.18,--,26,75868,买盘
1514,10:24:20,29.18,0.02,30,87540,买盘
1515,10:24:15,29.16,--,12,34992,卖盘
1516,10:24:09,29.16,--,1,2916,卖盘
1517,10:24:05,29.16,--,16,46656,卖盘
1518,10:24:00,29.16,--,7,20412,卖盘
1519,10:23:54,29.16,-0.05,14,40824,中性盘
1520,10:23:50,29.21,0.06,5,14605,买盘
1521,10:23:45,29.15,--,13,37895,卖盘
1522,10:23:39,29.15,-0.01,11,32065,卖盘
1523,10:23:35,29.16,0.01,3,8748,买盘
1524,10:23:30,29.15,-0.01,20,58300,卖盘
1525,10:23:19,29.16,0.01,8,23328,卖盘
1526,10:23:09,29.15,-0.05,13,37895,卖盘
1527,10:23:00,29.2,--,18,52560,买盘
1528,10:22:54,29.2,0.05,10,29200,买盘
1529,10:22:45,29.15,--,23,67045,卖盘
1530,10:22:39,29.15,--,36,104940,卖盘
1531,10:22:34,29.15,-0.03,13,37895,卖盘
1532,10:22:30,29.18,0.02,7,20426,买盘
1533,10:22:24,29.16,--,51,148716,卖盘
1534,10:22:19,29.16,0.01,5,14580,卖盘
1535,10:22:15,29.15,0.02,24,69960,卖盘
1536,10:22:09,29.13,-0.02,50,145650,卖盘
1537,10:22:04,29.15,--,23,67045,卖盘
1538,10:22:00,29.15,--,12,34980,卖盘
1539,10:21:54,29.15,--,42,122430,买盘
1540,10:21:49,29.15,--,1,2915,买盘
1541,10:21:45,29.15,--,23,67045,卖盘
1542,10:21:39,29.15,0.01,11,32065,卖盘
1543,10:21:34,29.14,--,0,0,卖盘
1544,10:21:29,29.14,-0.01,37,107818,卖盘
1545,10:21:24,29.15,--,23,67045,卖盘
1546,10:21:19,29.15,--,1,2915,买盘
1547,10:21:14,29.15,-0.01,57,166155,卖盘
1548,10:21:09,29.16,--,38,110808,卖盘
1549,10:21:04,29.16,-0.06,4,11664,卖盘
1550,10:20:59,29.22,0.07,73,213306,买盘
1551,10:20:54,29.15,-0.03,14,40810,卖盘
1552,10:20:49,29.18,--,25,72950,买盘
1553,10:20:44,29.18,--,15,43770,买盘
1554,10:20:39,29.18,0.03,28,81704,买盘
1555,10:20:34,29.15,0.01,13,37895,卖盘
1556,10:20:29,29.14,--,1,2914,买盘
1557,10:20:24,29.14,-0.02,55,160270,卖盘
1558,10:20:19,29.16,0.01,25,72900,买盘
1559,10:20:14,29.15,-0.01,83,241945,卖盘
1560,10:20:09,29.16,-0.01,20,58320,卖盘
1561,10:20:04,29.17,-0.05,3,8751,中性盘
1562,10:19:59,29.22,0.06,27,78894,买盘
1563,10:19:54,29.16,--,62,180792,卖盘
1564,10:19:49,29.16,-0.01,16,46656,卖盘
1565,10:19:44,29.17,-0.01,25,72925,卖盘
1566,10:19:39,29.18,--,4,11672,买盘
1567,10:19:29,29.18,--,83,242194,卖盘
1568,10:19:24,29.18,--,1,2918,买盘
1569,10:19:19,29.18,-0.06,24,70032,卖盘
1570,10:19:14,29.24,0.05,52,152048,买盘
1571,10:19:09,29.19,-0.03,36,105084,卖盘
1572,10:19:04,29.22,--,12,35064,卖盘
1573,10:18:59,29.22,0.03,60,175320,买盘
1574,10:18:54,29.19,--,13,37947,卖盘
1575,10:18:49,29.19,0.02,65,189735,买盘
1576,10:18:44,29.17,-0.01,70,204190,卖盘
1577,10:18:39,29.18,-0.01,49,142982,卖盘
1578,10:18:34,29.19,--,3,8757,卖盘
1579,10:18:29,29.19,-0.03,29,84651,卖盘
1580,10:18:24,29.22,--,42,122724,买盘
1581,10:18:19,29.22,0.04,4,11688,买盘
1582,10:18:14,29.18,-0.04,36,105048,卖盘
1583,10:18:09,29.22,0.04,81,236682,买盘
1584,10:18:04,29.18,0.01,29,84622,卖盘
1585,10:17:59,29.17,0.01,13,37921,卖盘
1586,10:17:54,29.16,--,23,67068,卖盘
1587,10:17:49,29.16,--,13,37908,卖盘
1588,10:17:39,29.16,--,61,177876,卖盘
1589,10:17:34,29.16,--,17,49572,卖盘
1590,10:17:29,29.16,--,29,84564,卖盘
1591,10:17:24,29.16,--,13,37908,卖盘
1592,10:17:19,29.16,--,25,72900,卖盘
1593,10:17:14,29.16,-0.01,16,46656,卖盘
1594,10:17:09,29.17,--,28,81676,卖盘
1595,10:17:04,29.17,0.01,56,163352,中性盘
1596,10:16:59,29.16,--,82,239112,买盘
1597,10:16:54,29.16,--,23,67068,买盘
1598,10:16:49,29.16,--,87,253692,买盘
1599,10:16:44,29.16,0.01,21,61236,买盘
1600,10:16:39,29.15,--,25,72875,卖盘
1601,10:16:33,29.15,-0.01,145,422675,卖盘
1602,10:16:29,29.16,0.01,4,11664,中性盘
1603,10:16:24,29.15,0.01,26,75790,中性盘
1604,10:16:18,29.14,-0.01,78,227292,卖盘
1605,10:16:14,29.15,--,29,84535,买盘
1606,10:16:09,29.15,-0.01,62,180730,卖盘
1607,10:16:03,29.16,0.01,33,96228,中性盘
1608,10:15:59,29.15,--,19,55385,卖盘
1609,10:15:54,29.15,-0.01,44,128260,卖盘
1610,10:15:48,29.16,0.03,21,61236,中性盘
1611,10:15:44,29.13,--,0,0,卖盘
1612,10:15:39,29.13,--,50,145650,卖盘
1613,10:15:29,29.13,-0.05,34,99042,卖盘
1614,10:15:24,29.18,0.05,63,183834,买盘
1615,10:15:18,29.13,--,136,396168,买盘
1616,10:15:13,29.13,0.03,9,26217,买盘
1617,10:15:09,29.1,-0.05,501,1457910,卖盘
1618,10:15:03,29.15,-0.05,86,250690,卖盘
1619,10:14:58,29.2,--,5,14600,买盘
1620,10:14:53,29.2,-0.03,58,169360,卖盘
1621,10:14:48,29.23,--,30,87690,卖盘
1622,10:14:38,29.23,0.02,54,157842,买盘
1623,10:14:33,29.21,-0.02,215,628015,卖盘
1624,10:14:28,29.23,--,11,32153,买盘
1625,10:14:23,29.23,--,10,29230,买盘
1626,10:14:18,29.23,-0.02,18,52614,卖盘
1627,10:14:13,29.25,0.01,11,32175,中性盘
1628,10:14:08,29.24,-0.01,13,38012,卖盘
1629,10:14:03,29.25,--,26,76050,买盘
1630,10:13:58,29.25,-0.05,2,5850,中性盘
1631,10:13:53,29.3,0.06,543,1590990,买盘
1632,10:13:48,29.24,-0.01,25,73100,卖盘
1633,10:13:43,29.25,--,5,14625,卖盘
1634,10:13:38,29.25,-0.01,26,76050,卖盘
1635,10:13:33,29.26,0.01,16,46816,中性盘
1636,10:13:28,29.25,--,26,76050,卖盘
1637,10:13:18,29.25,--,26,76050,卖盘
1638,10:13:08,29.25,--,60,175500,买盘
1639,10:13:03,29.25,--,1,2925,买盘
1640,10:12:58,29.25,0.03,19,55575,买盘
1641,10:12:53,29.22,-0.03,33,96426,卖盘
1642,10:12:48,29.25,-0.01,61,178425,卖盘
1643,10:12:43,29.26,-0.03,32,93632,卖盘
1644,10:12:38,29.29,--,36,105444,买盘
1645,10:12:33,29.29,-0.01,134,392486,卖盘
1646,10:12:28,29.3,--,7,20510,卖盘
1647,10:12:23,29.3,0.01,37,108410,卖盘
1648,10:12:18,29.29,--,33,96657,卖盘
1649,10:12:08,29.29,-0.01,56,164024,卖盘
1650,10:12:03,29.3,-0.01,75,219750,卖盘
1651,10:11:53,29.31,--,2,5862,卖盘
1652,10:11:48,29.31,0.01,25,73275,卖盘
1653,10:11:43,29.3,-0.01,115,336950,卖盘
1654,10:11:38,29.31,--,24,70344,卖盘
1655,10:11:28,29.31,--,2,5862,卖盘
1656,10:11:23,29.31,-0.03,100,293100,卖盘
1657,10:11:18,29.34,--,36,105624,买盘
1658,10:11:13,29.34,--,2,5868,买盘
1659,10:11:08,29.34,-0.01,10,29340,中性盘
1660,10:11:03,29.35,0.01,25,73375,买盘
1661,10:10:58,29.34,0.03,16,46944,买盘
1662,10:10:53,29.31,-0.03,29,84999,卖盘
1663,10:10:43,29.34,-0.07,4,11736,中性盘
1664,10:10:38,29.41,0.06,103,302923,买盘
1665,10:10:33,29.35,-0.06,28,82180,卖盘
1666,10:10:23,29.41,0.06,2,5882,买盘
1667,10:10:18,29.35,-0.06,42,123270,卖盘
1668,10:10:13,29.41,0.07,1,2941,买盘
1669,10:10:08,29.34,-0.04,27,79218,卖盘
1670,10:10:03,29.38,0.02,8,23504,买盘
1671,10:09:58,29.36,-0.02,27,79272,卖盘
1672,10:09:53,29.38,--,4,11752,买盘
1673,10:09:48,29.38,--,14,41132,卖盘
1674,10:09:43,29.38,--,5,14690,卖盘
1675,10:09:38,29.38,0.01,32,94016,买盘
1676,10:09:33,29.37,-0.01,2,5874,卖盘
1677,10:09:23,29.38,0.01,28,82264,中性盘
1678,10:09:13,29.37,-0.02,31,91047,卖盘
1679,10:09:03,29.39,-0.01,19,55841,卖盘
1680,10:08:53,29.4,0.01,27,79380,卖盘
1681,10:08:48,29.39,--,5,14695,买盘
1682,10:08:42,29.39,--,47,138133,买盘
1683,10:08:33,29.39,--,37,108743,买盘
1684,10:08:28,29.39,0.02,29,85231,买盘
1685,10:08:18,29.37,-0.09,26,76362,卖盘
1686,10:08:12,29.46,0.08,14,41244,买盘
1687,10:08:08,29.38,-0.02,31,91078,卖盘
1688,10:07:57,29.4,-0.06,23,67620,卖盘
1689,10:07:47,29.46,-0.01,26,76596,卖盘
1690,10:07:37,29.47,--,7,20629,买盘
1691,10:07:32,29.47,-0.02,15,44205,卖盘
1692,10:07:27,29.49,-0.01,27,79623,卖盘
1693,10:07:17,29.5,0.01,32,94400,中性盘
1694,10:07:12,29.49,0.03,36,106164,卖盘
1695,10:07:07,29.46,--,0,0,卖盘
1696,10:07:02,29.46,-0.04,30,88380,卖盘
1697,10:06:57,29.5,0.04,25,73750,买盘
1698,10:06:52,29.46,-0.03,26,76596,卖盘
1699,10:06:47,29.49,0.03,18,53082,买盘
1700,10:06:42,29.46,--,33,97218,买盘
1701,10:06:37,29.46,--,1,2946,买盘
1702,10:06:32,29.46,0.07,14,41244,买盘
1703,10:06:27,29.39,--,45,132255,卖盘
1704,10:06:22,29.39,--,0,0,中性盘
1705,10:06:17,29.39,-0.06,27,79353,卖盘
1706,10:06:12,29.45,0.01,12,35340,买盘
1707,10:06:07,29.44,--,28,82432,买盘
1708,10:06:02,29.44,0.07,4,11776,买盘
1709,10:05:57,29.37,-0.04,54,158598,卖盘
1710,10:05:52,29.41,--,13,38233,买盘
1711,10:05:47,29.41,--,77,226457,买盘
1712,10:05:42,29.41,0.04,10,29410,买盘
1713,10:05:32,29.37,0.01,27,79299,卖盘
1714,10:05:27,29.36,--,0,0,卖盘
1715,10:05:22,29.36,--,29,85144,卖盘
1716,10:05:17,29.36,--,82,240752,卖盘
1717,10:05:12,29.36,-0.04,34,99824,卖盘
1718,10:05:07,29.4,0.04,4,11760,买盘
1719,10:05:02,29.36,-0.02,24,70464,卖盘
1720,10:04:57,29.38,0.02,4,11752,中性盘
1721,10:04:47,29.36,-0.01,78,229008,卖盘
1722,10:04:42,29.37,-0.03,31,91047,卖盘
1723,10:04:32,29.4,0.04,13,38220,买盘
1724,10:04:27,29.36,--,24,70464,卖盘
1725,10:04:17,29.36,-0.05,29,85144,卖盘
1726,10:04:12,29.41,0.03,3,8823,买盘
1727,10:04:07,29.38,--,26,76388,卖盘
1728,10:04:02,29.38,--,1,2938,卖盘
1729,10:03:57,29.38,-0.03,24,70512,卖盘
1730,10:03:52,29.41,--,0,0,买盘
1731,10:03:47,29.41,0.04,205,602905,买盘
1732,10:03:42,29.37,-0.01,26,76362,卖盘
1733,10:03:32,29.38,-0.01,17,49946,卖盘
1734,10:03:27,29.39,-0.01,68,199852,卖盘
1735,10:03:22,29.4,--,3,8820,买盘
1736,10:03:17,29.4,--,25,73500,买盘
1737,10:03:12,29.4,--,2,5880,买盘
1738,10:03:02,29.4,--,0,0,买盘
1739,10:02:57,29.4,0.02,116,341040,买盘
1740,10:02:52,29.38,-0.01,80,235040,卖盘
1741,10:02:47,29.39,0.01,20,58780,买盘
1742,10:02:37,29.38,--,54,158652,买盘
1743,10:02:32,29.38,--,15,44070,买盘
1744,10:02:27,29.38,--,13,38194,买盘
1745,10:02:22,29.38,--,4,11752,买盘
1746,10:02:17,29.38,--,4,11752,买盘
1747,10:02:12,29.38,0.01,50,146900,买盘
1748,10:02:07,29.37,-0.01,2,5874,卖盘
1749,10:02:02,29.38,--,23,67574,买盘
1750,10:01:57,29.38,--,23,67574,买盘
1751,10:01:51,29.38,--,2,5876,买盘
1752,10:01:47,29.38,--,2,5876,买盘
1753,10:01:41,29.38,0.01,71,208598,买盘
1754,10:01:36,29.37,--,94,277605,买盘
1755,10:01:32,29.37,0.01,10,29370,买盘
1756,10:01:26,29.36,0.01,3,8808,中性盘
1757,10:01:16,29.35,--,28,82180,卖盘
1758,10:01:06,29.35,0.02,9,26415,买盘
1759,10:01:02,29.33,-0.01,1,2933,卖盘
1760,10:00:56,29.34,0.01,53,155502,中性盘
1761,10:00:51,29.33,0.02,25,73325,买盘
1762,10:00:46,29.31,-0.02,2,5862,卖盘
1763,10:00:41,29.33,--,12,35196,买盘
1764,10:00:36,29.33,--,12,35196,买盘
1765,10:00:31,29.33,-0.02,1,2933,买盘
1766,10:00:26,29.35,0.04,2,5870,买盘
1767,10:00:21,29.31,-0.03,24,70344,卖盘
1768,10:00:16,29.34,0.02,2,5868,买盘
1769,10:00:11,29.32,-0.01,10,29320,卖盘
1770,10:00:06,29.33,-0.01,8,23464,卖盘
1771,10:00:01,29.34,-0.01,8,23472,卖盘
1772,09:59:56,29.35,-0.01,116,340460,卖盘
1773,09:59:41,29.36,0.01,4,11744,中性盘
1774,09:59:36,29.35,-0.02,21,61635,卖盘
1775,09:59:31,29.37,0.01,3,8811,买盘
1776,09:59:26,29.36,--,4,11744,买盘
1777,09:59:16,29.36,--,6,19025,卖盘
1778,09:59:11,29.36,--,6,17616,卖盘
1779,09:59:01,29.36,--,12,35232,卖盘
1780,09:58:56,29.36,-0.01,7,20552,卖盘
1781,09:58:51,29.37,0.01,6,17622,买盘
1782,09:58:46,29.36,--,6,17616,卖盘
1783,09:58:41,29.36,-0.02,2,5872,卖盘
1784,09:58:36,29.38,0.02,6,17628,买盘
1785,09:58:31,29.36,-0.02,3,8808,卖盘
1786,09:58:26,29.38,0.02,3,8814,买盘
1787,09:58:21,29.36,-0.02,5,14680,卖盘
1788,09:58:16,29.38,--,28,82264,买盘
1789,09:58:11,29.38,0.02,10,29380,买盘
1790,09:58:06,29.36,-0.01,30,88080,卖盘
1791,09:57:51,29.37,-0.01,4,11748,卖盘
1792,09:57:36,29.38,--,62,182156,买盘
1793,09:57:21,29.38,--,10,29380,买盘
1794,09:57:16,29.38,-0.01,6,17628,卖盘
1795,09:57:11,29.39,--,4,11756,买盘
1796,09:56:56,29.39,--,1,2939,卖盘
1797,09:56:51,29.39,-0.01,31,91109,卖盘
1798,09:56:46,29.4,0.03,53,155820,买盘
1799,09:56:40,29.37,--,1,2937,卖盘
1800,09:56:36,29.37,--,1,2937,卖盘
1801,09:56:26,29.37,--,2,5874,卖盘
1802,09:56:21,29.37,-0.01,17,49929,卖盘
1803,09:56:16,29.38,0.01,12,35256,买盘
1804,09:56:01,29.37,--,4,11748,卖盘
1805,09:55:55,29.37,0.01,23,69078,买盘
1806,09:55:51,29.36,--,44,129184,买盘
1807,09:55:36,29.36,--,1,2936,买盘
1808,09:55:31,29.36,--,10,30769,卖盘
1809,09:55:25,29.36,-0.01,50,146800,卖盘
1810,09:55:21,29.37,-0.01,1,2937,买盘
1811,09:55:16,29.38,--,54,158652,卖盘
1812,09:55:10,29.38,0.01,7,20566,买盘
1813,09:55:01,29.37,--,16,46992,卖盘
1814,09:54:55,29.37,--,7,20559,卖盘
1815,09:54:40,29.37,--,0,0,卖盘
1816,09:54:35,29.37,-0.01,8,23496,卖盘
1817,09:54:20,29.38,--,14,41132,卖盘
1818,09:54:15,29.38,-0.02,3,8814,卖盘
1819,09:54:00,29.4,0.01,2,5880,买盘
1820,09:53:50,29.39,--,6,17634,卖盘
1821,09:53:45,29.39,-0.01,5,14695,卖盘
1822,09:53:35,29.4,--,17,49980,买盘
1823,09:53:25,29.4,--,0,0,买盘
1824,09:53:20,29.4,--,11,32340,买盘
1825,09:53:10,29.4,0.01,20,58800,买盘
1826,09:53:05,29.39,--,3,8817,卖盘
1827,09:52:55,29.39,--,1,2939,卖盘
1828,09:52:50,29.39,--,5,14695,卖盘
1829,09:52:45,29.39,--,23,67597,卖盘
1830,09:52:35,29.39,-0.01,7,20573,卖盘
1831,09:52:30,29.4,--,16,47040,卖盘
1832,09:52:20,29.4,--,22,64680,卖盘
1833,09:52:15,29.4,--,25,73500,卖盘
1834,09:52:10,29.4,-0.01,10,29400,卖盘
1835,09:52:00,29.41,--,50,147050,卖盘
1836,09:51:55,29.41,--,2,5882,卖盘
1837,09:51:50,29.41,--,1,2941,卖盘
1838,09:51:45,29.41,-0.01,1,2941,卖盘
1839,09:51:30,29.42,--,68,200056,卖盘
1840,09:51:15,29.42,-0.01,9,26478,卖盘
1841,09:51:05,29.43,--,7,20601,卖盘
1842,09:51:00,29.43,-0.02,3,8829,卖盘
1843,09:50:50,29.45,--,4,11780,卖盘
1844,09:50:45,29.45,--,2,5890,卖盘
1845,09:50:35,29.45,--,10,29450,卖盘
1846,09:50:25,29.45,--,1,2945,卖盘
1847,09:50:20,29.45,--,8,23560,买盘
1848,09:50:05,29.45,0.03,15,44175,买盘
1849,09:50:00,29.42,--,3,8826,卖盘
1850,09:49:49,29.42,--,0,0,卖盘
1851,09:49:45,29.42,--,1,2942,卖盘
1852,09:49:34,29.42,--,10,29420,卖盘
1853,09:49:30,29.42,0.01,9,26478,买盘
1854,09:49:19,29.41,--,10,29410,卖盘
1855,09:49:15,29.41,--,20,58820,买盘
1856,09:49:10,29.41,--,12,35292,买盘
1857,09:49:00,29.41,--,10,29410,买盘
1858,09:48:55,29.41,--,8,23528,卖盘
1859,09:48:40,29.41,--,4,11764,卖盘
1860,09:48:30,29.41,--,31,91171,卖盘
1861,09:48:25,29.41,-0.01,14,41174,卖盘
1862,09:48:14,29.42,--,17,50014,卖盘
1863,09:47:59,29.42,-0.01,3,8826,卖盘
1864,09:47:54,29.43,--,15,44145,买盘
1865,09:47:44,29.43,--,9,26487,卖盘
1866,09:47:39,29.43,-0.02,3,8829,卖盘
1867,09:47:29,29.45,-0.01,9,26505,卖盘
1868,09:47:14,29.46,--,1,2946,买盘
1869,09:47:09,29.46,-0.02,1,3299,卖盘
1870,09:47:04,29.48,--,3,11438,买盘
1871,09:46:59,29.48,-0.01,23,67892,卖盘
1872,09:46:54,29.49,0.01,14,41286,买盘
1873,09:46:44,29.48,--,11,32428,卖盘
1874,09:46:39,29.48,--,15,44220,卖盘
1875,09:46:34,29.48,--,4,11939,卖盘
1876,09:46:29,29.48,--,24,70752,卖盘
1877,09:46:19,29.48,0.02,14,41272,卖盘
1878,09:46:09,29.46,--,69,205984,买盘
1879,09:45:59,29.46,0.01,19,55974,买盘
1880,09:45:49,29.45,-0.01,3,8835,卖盘
1881,09:45:34,29.46,--,5,14730,买盘
1882,09:45:29,29.46,-0.06,122,359647,卖盘
1883,09:45:24,29.52,0.04,1,2952,买盘
1884,09:45:14,29.48,-0.01,57,168036,卖盘
1885,09:45:09,29.49,--,122,362373,买盘
1886,09:44:59,29.49,--,5,14745,买盘
1887,09:44:54,29.49,-0.03,193,569510,卖盘
1888,09:44:49,29.52,--,3,8856,卖盘
1889,09:44:44,29.52,--,17,50184,卖盘
1890,09:44:39,29.52,0.01,5,17357,买盘
1891,09:44:29,29.51,-0.04,5,14755,卖盘
1892,09:44:24,29.55,0.02,103,304365,买盘
1893,09:44:14,29.53,0.01,3,8859,卖盘
1894,09:44:09,29.52,-0.01,23,67896,卖盘
1895,09:43:59,29.53,0.01,5,14765,买盘
1896,09:43:44,29.52,-0.01,6,17712,中性盘
1897,09:43:39,29.53,0.01,12,35436,买盘
1898,09:43:28,29.52,--,5,14760,卖盘
1899,09:43:24,29.52,0.03,10,29520,买盘
1900,09:43:19,29.49,-0.03,5,14745,卖盘
1901,09:43:13,29.52,--,5,14760,买盘
1902,09:43:09,29.52,--,0,0,买盘
1903,09:43:04,29.52,0.04,8,23616,买盘
1904,09:42:58,29.48,-0.02,2,5896,卖盘
1905,09:42:54,29.5,0.02,26,76700,买盘
1906,09:42:43,29.48,-0.01,63,185724,买盘
1907,09:42:39,29.49,--,0,0,买盘
1908,09:42:33,29.49,--,0,0,买盘
1909,09:42:28,29.49,0.03,7,20643,买盘
1910,09:42:24,29.46,-0.01,5,14730,卖盘
1911,09:42:19,29.47,--,39,115050,买盘
1912,09:42:13,29.47,--,5,14735,买盘
1913,09:42:04,29.47,0.01,20,58940,买盘
1914,09:41:53,29.46,0.03,19,55974,买盘
1915,09:41:48,29.43,--,21,61803,卖盘
1916,09:41:43,29.43,--,0,0,卖盘
1917,09:41:38,29.43,-0.02,7,20601,卖盘
1918,09:41:33,29.45,-0.01,4,11780,卖盘
1919,09:41:28,29.46,0.01,10,29460,买盘
1920,09:41:23,29.45,-0.01,19,55955,卖盘
1921,09:41:18,29.46,0.03,20,58920,买盘
1922,09:41:08,29.43,-0.03,20,58860,卖盘
1923,09:41:03,29.46,--,1,2946,买盘
1924,09:40:53,29.46,-0.01,5,14730,买盘
1925,09:40:48,29.47,0.04,6,17682,买盘
1926,09:40:38,29.43,-0.04,11,32373,卖盘
1927,09:40:33,29.47,0.04,2,5894,买盘
1928,09:40:28,29.43,-0.04,14,41202,卖盘
1929,09:40:23,29.47,-0.02,13,38311,买盘
1930,09:40:18,29.49,-0.02,35,103215,卖盘
1931,09:40:13,29.51,--,0,0,买盘
1932,09:40:08,29.51,--,8,23608,买盘
1933,09:40:03,29.51,-0.03,79,233129,卖盘
1934,09:39:58,29.54,--,4,11816,卖盘
1935,09:39:53,29.54,0.02,129,381066,买盘
1936,09:39:48,29.52,-0.01,23,67896,卖盘
1937,09:39:43,29.53,--,4,11812,买盘
1938,09:39:33,29.53,--,4,11812,中性盘
1939,09:39:28,29.53,0.01,8,23624,买盘
1940,09:39:23,29.52,-0.01,5,14760,卖盘
1941,09:39:18,29.53,0.01,13,38389,买盘
1942,09:39:13,29.52,-0.01,2,5904,中性盘
1943,09:39:03,29.53,0.02,10,29530,买盘
1944,09:38:53,29.51,--,20,59020,卖盘
1945,09:38:48,29.51,0.08,24,70824,买盘
1946,09:38:38,29.43,--,0,0,卖盘
1947,09:38:33,29.43,-0.06,34,102210,卖盘
1948,09:38:28,29.49,--,0,0,买盘
1949,09:38:23,29.49,0.03,25,73725,买盘
1950,09:38:18,29.46,--,3,8838,卖盘
1951,09:38:13,29.46,0.03,22,64812,买盘
1952,09:38:03,29.43,0.03,71,208953,买盘
1953,09:37:53,29.4,--,8,23520,买盘
1954,09:37:48,29.4,0.01,21,61740,买盘
1955,09:37:38,29.39,--,2,5878,买盘
1956,09:37:33,29.39,0.03,22,64658,买盘
1957,09:37:28,29.36,-0.02,6,17616,卖盘
1958,09:37:23,29.38,0.03,4,13279,买盘
1959,09:37:18,29.35,-0.01,45,132075,卖盘
1960,09:37:13,29.36,--,24,70464,买盘
1961,09:37:08,29.36,--,81,237816,买盘
1962,09:37:03,29.36,--,18,52848,买盘
1963,09:36:57,29.36,0.03,5,14680,中性盘
1964,09:36:52,29.33,--,0,0,卖盘
1965,09:36:48,29.33,--,2,5866,卖盘
1966,09:36:43,29.33,-0.02,32,93856,卖盘
1967,09:36:33,29.35,-0.01,2,5870,卖盘
1968,09:36:27,29.36,0.01,15,44040,买盘
1969,09:36:22,29.35,-0.01,10,29350,卖盘
1970,09:36:18,29.36,0.01,10,29360,买盘
1971,09:36:13,29.35,-0.01,13,38155,卖盘
1972,09:36:07,29.36,-0.01,5,14680,买盘
1973,09:36:03,29.37,--,6,17622,买盘
1974,09:35:52,29.37,--,5,14685,买盘
1975,09:35:48,29.37,-0.02,103,303920,卖盘
1976,09:35:37,29.39,--,4,11756,买盘
1977,09:35:27,29.39,0.01,50,146950,买盘
1978,09:35:22,29.38,--,0,0,卖盘
1979,09:35:17,29.38,-0.02,6,17628,卖盘
1980,09:35:12,29.4,--,15,44100,买盘
1981,09:35:07,29.4,--,18,52920,买盘
1982,09:35:02,29.4,--,42,123480,买盘
1983,09:34:52,29.4,--,5,14700,买盘
1984,09:34:47,29.4,--,13,38220,卖盘
1985,09:34:42,29.4,--,11,32340,卖盘
1986,09:34:37,29.4,--,3,8820,卖盘
1987,09:34:32,29.4,0.01,26,76440,买盘
1988,09:34:17,29.39,-0.01,20,58780,卖盘
1989,09:34:12,29.4,--,15,44100,卖盘
1990,09:34:02,29.4,--,21,61740,卖盘
1991,09:33:57,29.4,-0.02,5,14700,卖盘
1992,09:33:52,29.42,--,5,14710,买盘
1993,09:33:47,29.42,--,14,41188,买盘
1994,09:33:42,29.42,--,1,2942,买盘
1995,09:33:37,29.42,-0.03,22,64724,卖盘
1996,09:33:32,29.45,--,4,11780,买盘
1997,09:33:27,29.45,-0.03,181,533575,卖盘
1998,09:33:22,29.48,0.01,10,29480,买盘
1999,09:33:17,29.47,0.02,13,38311,中性盘
2000,09:33:12,29.45,-0.03,9,26505,卖盘
2001,09:33:07,29.48,--,8,23584,买盘
2002,09:33:02,29.48,-0.01,21,61908,买盘
2003,09:32:57,29.49,0.03,36,106164,买盘
2004,09:32:52,29.46,-0.02,2,5892,卖盘
2005,09:32:47,29.48,0.03,54,161609,买盘
2006,09:32:42,29.45,0.05,1,2945,中性盘
2007,09:32:32,29.4,-0.02,20,58800,卖盘
2008,09:32:27,29.42,--,7,20594,买盘
2009,09:32:17,29.42,0.02,64,188288,买盘
2010,09:32:07,29.4,--,20,58800,买盘
2011,09:32:02,29.4,0.03,32,94080,买盘
2012,09:31:57,29.37,--,25,73425,卖盘
2013,09:31:47,29.37,--,1,4464,买盘
2014,09:31:32,29.37,--,1,2937,买盘
2015,09:31:27,29.37,0.01,11,32307,买盘
2016,09:31:21,29.36,0.03,1,2936,买盘
2017,09:31:17,29.33,-0.03,7,20531,卖盘
2018,09:31:12,29.36,--,7,20552,买盘
2019,09:30:57,29.36,0.06,4,11744,买盘
2020,09:30:47,29.3,--,23,67390,卖盘
2021,09:30:36,29.3,--,2,8086,买盘
2022,09:30:27,29.3,0.09,4,11720,买盘
2023,09:30:21,29.21,-0.07,9,26289,卖盘
2024,09:30:12,29.28,--,15,43920,卖盘
2025,09:30:06,29.28,--,81,237168,买盘
2026,09:28:59,29.28,--,0,0,买盘
2027,09:25:05,29.28,29.28,28,81984,买盘
