,time,price,change,volume,amount,type
0,15:00:00,3.51,--,0,0,买盘
1,14:59:59,3.51,0.01,0,0,买盘
2,14:59:59,3.5,-0.01,86,30100,卖盘
3,14:59:49,3.51,--,326,114426,买盘
4,14:59:40,3.51,--,5,1755,买盘
5,14:59:34,3.51,--,1202,421902,买盘
6,14:59:29,3.51,--,208,73008,买盘
7,14:59:25,3.51,0.01,59,20709,买盘
8,14:59:19,3.5,--,2320,812000,卖盘
9,14:59:04,3.5,--,109,38150,卖盘
10,14:59:00,3.5,-0.01,10,3500,卖盘
11,14:58:55,3.51,--,1020,358020,买盘
12,14:58:50,3.51,--,37,12987,买盘
13,14:58:40,3.51,0.01,25,8775,买盘
14,14:58:35,3.5,--,2302,805700,卖盘
15,14:58:25,3.5,--,19,6650,卖盘
16,14:58:10,3.5,--,40,14000,卖盘
17,14:57:58,3.5,--,38,13300,卖盘
18,14:57:55,3.5,--,11,3850,卖盘
19,14:57:49,3.5,--,19,6650,卖盘
20,14:57:43,3.5,--,400,140003,卖盘
21,14:57:40,3.5,-0.01,514,179900,卖盘
22,14:57:35,3.51,--,9,3159,买盘
23,14:57:28,3.51,0.01,20,7020,买盘
24,14:57:25,3.5,--,100,35000,卖盘
25,14:57:20,3.5,--,41,14350,卖盘
26,14:57:13,3.5,--,10,3500,卖盘
27,14:57:10,3.5,-0.01,5,1750,卖盘
28,14:57:04,3.51,--,60,21060,买盘
29,14:56:58,3.51,0.01,50,17550,买盘
30,14:56:55,3.5,--,45,15750,卖盘
31,14:56:49,3.5,--,11,3850,卖盘
32,14:56:40,3.5,-0.01,50,17500,卖盘
33,14:56:34,3.51,--,54,18954,买盘
34,14:56:28,3.51,0.01,30,10530,买盘
35,14:56:24,3.5,-0.01,101,35350,卖盘
36,14:56:19,3.51,0.01,20,7020,买盘
37,14:56:13,3.5,-0.01,84,29400,卖盘
38,14:55:58,3.51,0.01,73,25623,买盘
39,14:55:54,3.5,--,43,15050,卖盘
40,14:55:49,3.5,-0.01,140,49000,卖盘
41,14:55:43,3.51,0.01,10,3510,买盘
42,14:55:39,3.5,-0.01,74,25900,卖盘
43,14:55:34,3.51,--,98,34398,买盘
44,14:55:28,3.51,0.01,12,4212,买盘
45,14:55:24,3.5,--,56,19600,卖盘
46,14:55:19,3.5,--,108,37800,卖盘
47,14:55:14,3.5,--,16,5600,卖盘
48,14:55:04,3.5,--,3155,1104250,卖盘
49,14:54:59,3.5,--,105,36750,卖盘
50,14:54:54,3.5,-0.01,53,18550,卖盘
51,14:54:49,3.51,0.01,525,184275,买盘
52,14:54:43,3.5,--,3,1050,卖盘
53,14:54:40,3.5,--,300,105000,卖盘
54,14:54:34,3.5,--,61,21350,卖盘
55,14:54:28,3.5,-0.01,10,3500,卖盘
56,14:54:24,3.51,0.01,29,10179,买盘
57,14:54:19,3.5,--,132,46203,卖盘
58,14:54:09,3.5,--,22,7700,卖盘
59,14:54:04,3.5,-0.01,126,44100,卖盘
60,14:53:55,3.51,0.01,1,351,买盘
61,14:53:49,3.5,-0.01,10,3500,卖盘
62,14:53:43,3.51,0.01,38,13338,买盘
63,14:53:34,3.5,--,165,57935,卖盘
64,14:53:24,3.5,-0.01,16,5600,卖盘
65,14:53:19,3.51,--,91,31940,买盘
66,14:53:13,3.51,--,2226,781326,买盘
67,14:53:09,3.51,0.01,2,702,买盘
68,14:53:04,3.5,--,49,17150,卖盘
69,14:52:58,3.5,--,177,61950,卖盘
70,14:52:49,3.5,--,16,5600,卖盘
71,14:52:43,3.5,--,48,16800,卖盘
72,14:52:34,3.5,--,11,3850,卖盘
73,14:52:28,3.5,--,10,3500,卖盘
74,14:52:19,3.5,--,115,40250,卖盘
75,14:52:13,3.5,--,16,5600,卖盘
76,14:52:04,3.5,--,117,41216,卖盘
77,14:51:59,3.5,--,174,61036,卖盘
78,14:51:49,3.5,--,34,11900,卖盘
79,14:51:39,3.5,-0.01,120,42133,卖盘
80,14:51:34,3.51,0.01,2256,791856,买盘
81,14:51:29,3.5,--,23,8050,卖盘
82,14:51:19,3.5,-0.01,659,230769,卖盘
83,14:51:14,3.51,0.01,73,25623,买盘
84,14:51:08,3.5,--,11,3850,卖盘
85,14:51:04,3.5,--,48,16800,卖盘
86,14:50:58,3.5,--,49,17150,卖盘
87,14:50:53,3.5,--,50,17500,卖盘
88,14:50:43,3.5,-0.01,15,5250,卖盘
89,14:50:38,3.51,0.01,1,351,买盘
90,14:50:34,3.5,--,267,93450,卖盘
91,14:50:19,3.5,-0.01,11,3850,卖盘
92,14:50:13,3.51,0.01,8,2808,买盘
93,14:50:04,3.5,-0.01,47,16450,卖盘
94,14:49:58,3.51,0.01,95,33345,买盘
95,14:49:52,3.5,--,11,3850,卖盘
96,14:49:49,3.5,--,27,9450,卖盘
97,14:49:43,3.5,-0.01,4,1400,卖盘
98,14:49:37,3.51,0.01,7,2457,买盘
99,14:49:34,3.5,-0.01,82,28864,卖盘
100,14:49:28,3.51,0.01,100,35100,买盘
101,14:49:22,3.5,--,114,39900,卖盘
102,14:49:13,3.5,--,56,19600,卖盘
103,14:49:07,3.5,--,11,3850,卖盘
104,14:48:58,3.5,-0.01,108,37800,卖盘
105,14:48:52,3.51,0.01,15,5265,买盘
106,14:48:43,3.5,-0.01,18,6300,卖盘
107,14:48:37,3.51,--,508,178308,买盘
108,14:48:33,3.51,0.01,5,1755,买盘
109,14:48:28,3.5,--,30,10500,卖盘
110,14:48:22,3.5,--,20,7000,卖盘
111,14:48:17,3.5,-0.01,24,8400,卖盘
112,14:48:13,3.51,0.01,43,15092,买盘
113,14:48:04,3.5,--,10,3500,卖盘
114,14:47:58,3.5,-0.01,142,50018,卖盘
115,14:47:52,3.51,0.01,7,2457,买盘
116,14:47:43,3.5,--,23,8050,卖盘
117,14:47:38,3.5,-0.01,21,7350,卖盘
118,14:47:28,3.51,--,50,17550,买盘
119,14:47:22,3.51,0.01,6,2106,买盘
120,14:47:18,3.5,-0.01,73,25550,卖盘
121,14:47:07,3.51,--,60,21060,买盘
122,14:47:03,3.51,0.01,10,3510,买盘
123,14:46:58,3.5,--,54,18900,卖盘
124,14:46:52,3.5,-0.01,13,4550,卖盘
125,14:46:37,3.51,--,1,351,买盘
126,14:46:33,3.51,0.01,20,7020,买盘
127,14:46:28,3.5,-0.01,10,3500,卖盘
128,14:46:22,3.51,--,1,351,买盘
129,14:46:19,3.51,--,1,351,买盘
130,14:46:13,3.51,--,204,71604,买盘
131,14:46:07,3.51,--,369,129634,卖盘
132,14:46:02,3.51,-0.01,48,16848,卖盘
133,14:45:58,3.52,0.01,7,2464,买盘
134,14:45:52,3.51,-0.01,109,38259,卖盘
135,14:45:43,3.52,0.01,23,8096,买盘
136,14:45:32,3.51,--,52,18252,卖盘
137,14:45:28,3.51,--,118,41418,卖盘
138,14:45:17,3.51,--,11,3860,卖盘
139,14:45:08,3.51,--,110,38610,卖盘
140,14:45:03,3.51,--,47,16497,卖盘
141,14:44:58,3.51,--,63,22348,卖盘
142,14:44:52,3.51,--,30,10530,卖盘
143,14:44:33,3.51,-0.01,190,66690,卖盘
144,14:44:28,3.52,0.01,1,352,买盘
145,14:44:22,3.51,--,50,17550,卖盘
146,14:44:13,3.51,--,31,10881,卖盘
147,14:44:07,3.51,--,91,31940,卖盘
148,14:44:02,3.51,--,47,16497,卖盘
149,14:43:58,3.51,--,40,14040,卖盘
150,14:43:52,3.51,--,10,3510,卖盘
151,14:43:43,3.51,--,100,35100,卖盘
152,14:43:37,3.51,--,112,39312,卖盘
153,14:43:31,3.51,--,547,191997,卖盘
154,14:43:22,3.51,-0.01,1059,371709,卖盘
155,14:43:16,3.52,0.01,7,2464,买盘
156,14:43:13,3.51,--,35,12285,卖盘
157,14:43:07,3.51,--,3,1053,卖盘
158,14:43:03,3.51,--,164,57564,卖盘
159,14:42:58,3.51,--,18,6318,卖盘
160,14:42:37,3.51,--,10,3510,卖盘
161,14:42:31,3.51,--,698,244997,卖盘
162,14:42:27,3.51,-0.01,12,4212,卖盘
163,14:42:22,3.52,0.01,7,2464,买盘
164,14:42:16,3.51,--,348,122147,卖盘
165,14:42:02,3.51,--,47,16497,卖盘
166,14:41:52,3.51,--,10,3510,卖盘
167,14:41:47,3.51,--,3,1053,卖盘
168,14:41:37,3.51,--,150,52650,卖盘
169,14:41:31,3.51,--,125,43875,卖盘
170,14:41:27,3.51,--,11,3860,卖盘
171,14:41:22,3.51,--,17,5967,卖盘
172,14:41:16,3.51,--,256,89856,卖盘
173,14:41:12,3.51,--,8,2808,卖盘
174,14:41:07,3.51,--,152,53352,卖盘
175,14:41:02,3.51,--,60,21060,卖盘
176,14:40:52,3.51,0.01,4801,1685151,买盘
177,14:40:46,3.5,-0.01,18,6300,卖盘
178,14:40:42,3.51,0.01,149,52299,买盘
179,14:40:37,3.5,--,29,10150,卖盘
180,14:40:31,3.5,-0.01,224,78400,卖盘
181,14:40:27,3.51,0.01,50,17550,买盘
182,14:40:22,3.5,--,11,3850,卖盘
183,14:40:16,3.5,-0.01,3020,1057000,卖盘
184,14:40:07,3.51,--,471,165321,买盘
185,14:40:01,3.51,0.01,437,153387,买盘
186,14:39:56,3.5,-0.01,10,3500,卖盘
187,14:39:52,3.51,--,1598,560898,买盘
188,14:39:47,3.51,--,57,20007,买盘
189,14:39:42,3.51,--,7,2457,买盘
190,14:39:37,3.51,0.01,852,299052,买盘
191,14:39:31,3.5,--,1139,398650,卖盘
192,14:39:27,3.5,--,137,47950,卖盘
193,14:39:22,3.5,-0.01,28,9800,卖盘
194,14:39:16,3.51,0.01,3080,1081080,买盘
195,14:39:07,3.5,--,32,11200,卖盘
196,14:39:01,3.5,-0.01,223,78050,卖盘
197,14:38:57,3.51,--,5,1755,买盘
198,14:38:52,3.51,0.01,36,12636,买盘
199,14:38:46,3.5,--,17,5950,卖盘
200,14:38:31,3.5,--,111,38850,卖盘
201,14:38:22,3.5,--,504,176400,卖盘
202,14:38:16,3.5,--,50,17500,卖盘
203,14:38:02,3.5,-0.01,58,20300,卖盘
204,14:37:52,3.51,0.01,93,32642,买盘
205,14:37:47,3.5,-0.01,5,1750,卖盘
206,14:37:40,3.51,--,3,1053,买盘
207,14:37:37,3.51,0.01,101,35451,买盘
208,14:37:31,3.5,--,136,47600,卖盘
209,14:37:22,3.5,-0.01,10,3500,卖盘
210,14:37:17,3.51,0.01,20,7020,买盘
211,14:37:12,3.5,-0.01,41,14350,卖盘
212,14:37:07,3.51,--,29,10179,买盘
213,14:37:01,3.51,--,678,237978,买盘
214,14:36:55,3.51,--,106,37206,买盘
215,14:36:52,3.51,--,3098,1087398,买盘
216,14:36:46,3.51,--,86,30185,买盘
217,14:36:41,3.51,--,117,41067,买盘
218,14:36:37,3.51,0.01,83,29136,买盘
219,14:36:31,3.5,-0.01,118,41300,卖盘
220,14:36:25,3.51,--,122,42822,买盘
221,14:36:16,3.51,--,35,12285,买盘
222,14:36:10,3.51,--,9,3159,买盘
223,14:36:07,3.51,0.01,2018,708318,买盘
224,14:36:01,3.5,-0.01,48,16800,卖盘
225,14:35:56,3.51,--,76,26676,买盘
226,14:35:51,3.51,0.01,21,7371,买盘
227,14:35:46,3.5,--,6,2100,卖盘
228,14:35:40,3.5,--,10,3500,卖盘
229,14:35:31,3.5,-0.01,129,45150,卖盘
230,14:35:25,3.51,0.01,1617,567567,买盘
231,14:35:16,3.5,-0.01,11,3850,卖盘
232,14:35:11,3.51,0.01,7,2457,买盘
233,14:35:01,3.5,--,47,16450,卖盘
234,14:34:56,3.5,--,10,3500,卖盘
235,14:34:51,3.5,--,19,6650,卖盘
236,14:34:35,3.5,--,51,17850,卖盘
237,14:34:31,3.5,-0.01,58,20300,卖盘
238,14:34:25,3.51,--,300,105300,买盘
239,14:34:16,3.51,0.01,7,2457,买盘
240,14:34:06,3.5,-0.01,10,3500,卖盘
241,14:33:46,3.51,0.01,46,16145,买盘
242,14:33:31,3.5,--,2066,723100,卖盘
243,14:33:25,3.5,-0.01,167,58450,卖盘
244,14:33:21,3.51,0.01,7,2457,买盘
245,14:33:16,3.5,-0.01,9,3150,卖盘
246,14:33:11,3.51,0.01,20,7020,买盘
247,14:33:01,3.5,--,105,36750,卖盘
248,14:32:55,3.5,-0.01,1,350,卖盘
249,14:32:51,3.51,0.01,10,3510,买盘
250,14:32:46,3.5,--,40,14157,卖盘
251,14:32:40,3.5,--,11,3850,卖盘
252,14:32:36,3.5,--,2,700,卖盘
253,14:32:25,3.5,--,22,7843,卖盘
254,14:32:16,3.5,--,120,42000,卖盘
255,14:32:10,3.5,--,0,3,卖盘
256,14:32:06,3.5,-0.01,40,14000,卖盘
257,14:32:01,3.51,0.01,120,42120,买盘
258,14:31:56,3.5,--,20,7000,卖盘
259,14:31:51,3.5,--,11,3850,卖盘
260,14:31:46,3.5,-0.01,1550,542500,卖盘
261,14:31:31,3.51,0.01,67,23517,买盘
262,14:31:11,3.5,--,728,254800,卖盘
263,14:31:06,3.5,--,21,7350,卖盘
264,14:31:01,3.5,--,54,18900,卖盘
265,14:30:55,3.5,-0.01,1,350,卖盘
266,14:30:46,3.51,0.01,56,19656,买盘
267,14:30:41,3.5,--,1122,392700,卖盘
268,14:30:31,3.5,--,49,17150,卖盘
269,14:30:16,3.5,--,1510,528500,卖盘
270,14:30:10,3.5,-0.01,1,350,卖盘
271,14:30:01,3.51,--,93,32642,买盘
272,14:29:46,3.51,0.01,13,4563,买盘
273,14:29:31,3.5,-0.01,214,74900,卖盘
274,14:29:16,3.51,--,10,3510,买盘
275,14:28:55,3.51,--,55,19305,买盘
276,14:28:50,3.51,--,26,9126,买盘
277,14:28:34,3.51,--,2,702,买盘
278,14:28:25,3.51,--,1161,407511,买盘
279,14:28:10,3.51,--,519,182169,买盘
280,14:28:05,3.51,--,2,702,买盘
281,14:27:55,3.51,0.01,10,3510,买盘
282,14:27:50,3.5,--,654,228900,卖盘
283,14:27:45,3.5,-0.01,718,251300,卖盘
284,14:27:40,3.51,0.01,10,3510,买盘
285,14:27:34,3.5,-0.01,1027,359450,卖盘
286,14:27:25,3.51,--,10,3510,买盘
287,14:27:10,3.51,--,720,252719,买盘
288,14:27:05,3.51,0.01,253,88803,买盘
289,14:27:01,3.5,--,6,2100,卖盘
290,14:26:49,3.5,--,973,340550,卖盘
291,14:26:40,3.5,--,288,100800,卖盘
292,14:26:34,3.5,--,32,11200,卖盘
293,14:26:20,3.5,--,106,37100,卖盘
294,14:26:10,3.5,-0.01,307,107450,卖盘
295,14:26:04,3.51,--,4,1404,买盘
296,14:26:00,3.51,--,2,702,买盘
297,14:25:55,3.51,--,50,17550,买盘
298,14:25:49,3.51,0.01,10,3510,买盘
299,14:25:45,3.5,--,490,171500,卖盘
300,14:25:40,3.5,-0.01,70,24500,卖盘
301,14:25:34,3.51,--,6,2106,买盘
302,14:25:29,3.51,0.01,500,175500,买盘
303,14:25:25,3.5,--,10,3500,卖盘
304,14:25:20,3.5,-0.01,30,10500,卖盘
305,14:25:15,3.51,0.01,98,34398,买盘
306,14:25:04,3.5,--,21,7350,卖盘
307,14:24:59,3.5,--,73,25550,卖盘
308,14:24:44,3.5,--,932,326200,卖盘
309,14:24:40,3.5,--,50,17500,卖盘
310,14:24:34,3.5,-0.01,31,10850,卖盘
311,14:24:18,3.51,--,222,77922,买盘
312,14:24:15,3.51,--,86,30185,买盘
313,14:24:10,3.51,--,13,4563,买盘
314,14:24:04,3.51,0.01,2,702,买盘
315,14:24:00,3.5,--,919,321650,卖盘
316,14:23:55,3.5,-0.01,19,6650,卖盘
317,14:23:49,3.51,0.01,1416,497015,买盘
318,14:23:44,3.5,-0.01,2,700,卖盘
319,14:23:34,3.51,0.01,2,702,买盘
320,14:23:30,3.5,--,123,43050,卖盘
321,14:23:25,3.5,-0.01,17,5950,卖盘
322,14:23:19,3.51,--,56,19656,买盘
323,14:23:14,3.51,0.01,54,18954,买盘
324,14:23:10,3.5,-0.01,2,700,卖盘
325,14:23:04,3.51,0.01,2,702,买盘
326,14:22:58,3.5,-0.01,175,61250,卖盘
327,14:22:50,3.51,0.01,175,61424,买盘
328,14:22:45,3.5,--,65,22750,卖盘
329,14:22:40,3.5,-0.01,11,3850,卖盘
330,14:22:29,3.51,--,7,2457,买盘
331,14:22:25,3.51,0.01,10,3510,买盘
332,14:22:19,3.5,-0.01,30,10500,卖盘
333,14:22:10,3.51,0.01,7,2457,买盘
334,14:21:59,3.5,--,93,32550,卖盘
335,14:21:49,3.5,--,93,32550,卖盘
336,14:21:44,3.5,--,571,199850,卖盘
337,14:21:34,3.5,--,780,273000,卖盘
338,14:21:28,3.5,-0.01,40,14000,卖盘
339,14:21:10,3.51,0.01,31,10881,买盘
340,14:21:04,3.5,-0.01,9,3150,卖盘
341,14:20:43,3.51,0.01,7,2457,买盘
342,14:20:28,3.5,-0.01,33,11550,卖盘
343,14:20:19,3.51,--,169,59319,买盘
344,14:20:13,3.51,0.01,3,1053,买盘
345,14:20:04,3.5,-0.01,40,14000,卖盘
346,14:19:49,3.51,--,7,2457,买盘
347,14:19:44,3.51,0.01,62,21762,买盘
348,14:19:28,3.5,--,110,38500,卖盘
349,14:19:19,3.5,--,20,7000,卖盘
350,14:19:13,3.5,-0.01,120,42000,卖盘
351,14:18:58,3.51,--,4,1404,买盘
352,14:18:54,3.51,--,7,2457,买盘
353,14:18:49,3.51,0.01,10,3510,买盘
354,14:18:43,3.5,--,976,341600,卖盘
355,14:18:28,3.5,-0.01,89,31150,卖盘
356,14:18:13,3.51,0.01,47,16497,买盘
357,14:18:09,3.5,-0.01,89,31150,卖盘
358,14:18:04,3.51,--,312,109512,买盘
359,14:17:58,3.51,0.01,7,2457,买盘
360,14:17:53,3.5,-0.01,19,6650,卖盘
361,14:17:49,3.51,--,26,9126,买盘
362,14:17:43,3.51,--,20,7020,买盘
363,14:17:34,3.51,0.01,2,702,买盘
364,14:17:07,3.5,--,5,1750,卖盘
365,14:17:04,3.5,-0.01,98,34300,卖盘
366,14:16:53,3.51,0.01,10,3510,买盘
367,14:16:49,3.5,-0.01,19,6650,卖盘
368,14:16:34,3.51,0.01,22,7721,买盘
369,14:16:19,3.5,-0.01,120,42000,卖盘
370,14:16:13,3.51,--,44,15443,买盘
371,14:16:04,3.51,--,88,30887,买盘
372,14:15:54,3.51,--,194,68094,买盘
373,14:15:49,3.51,--,86,30185,买盘
374,14:15:43,3.51,--,131,45981,买盘
375,14:15:34,3.51,0.01,3,1053,买盘
376,14:15:28,3.5,-0.01,74,25900,卖盘
377,14:15:24,3.51,--,11,3860,买盘
378,14:15:19,3.51,--,7,2457,买盘
379,14:15:13,3.51,0.01,141,49491,买盘
380,14:14:58,3.5,--,5,1750,卖盘
381,14:14:49,3.5,-0.01,3,1050,卖盘
382,14:14:43,3.51,0.01,132,46332,买盘
383,14:14:39,3.5,--,89,31150,卖盘
384,14:14:28,3.5,-0.01,89,31150,卖盘
385,14:14:24,3.51,--,27,9477,买盘
386,14:14:13,3.51,0.01,132,46332,买盘
387,14:13:58,3.5,--,71,24969,卖盘
388,14:13:52,3.5,--,89,31150,卖盘
389,14:13:43,3.5,--,179,62786,卖盘
390,14:13:37,3.5,--,89,31150,卖盘
391,14:13:34,3.5,-0.01,89,31150,卖盘
392,14:13:28,3.51,0.01,7,2457,买盘
393,14:13:23,3.5,--,2533,886630,卖盘
394,14:13:13,3.5,--,15,5250,卖盘
395,14:13:07,3.5,--,19,6734,卖盘
396,14:12:58,3.5,--,4,1400,卖盘
397,14:12:53,3.5,--,16,5603,卖盘
398,14:12:48,3.5,--,1242,434700,卖盘
399,14:12:43,3.5,-0.01,7,2450,卖盘
400,14:12:32,3.51,0.01,7,2457,买盘
401,14:12:28,3.5,-0.01,67,23450,卖盘
402,14:12:17,3.51,0.01,2,702,买盘
403,14:12:13,3.5,--,71,24850,卖盘
404,14:12:08,3.5,-0.01,18,6300,卖盘
405,14:11:37,3.51,--,41,14391,买盘
406,14:11:28,3.51,--,52,18252,买盘
407,14:11:22,3.51,0.01,20,7020,买盘
408,14:11:13,3.5,--,18,6300,卖盘
409,14:11:07,3.5,-0.01,10,3500,卖盘
410,14:10:58,3.51,--,1,351,买盘
411,14:10:48,3.51,--,66,23166,买盘
412,14:10:42,3.51,--,3026,1062126,买盘
413,14:10:37,3.51,--,128,44928,买盘
414,14:10:33,3.51,--,25,8775,买盘
415,14:10:22,3.51,--,10,3510,买盘
416,14:10:07,3.51,--,50,17550,买盘
417,14:10:02,3.51,--,1,351,买盘
418,14:09:58,3.51,--,100,35100,买盘
419,14:09:51,3.51,--,86,30185,卖盘
420,14:09:37,3.51,-0.01,60,21060,卖盘
421,14:09:32,3.52,0.01,1,352,买盘
422,14:09:28,3.51,--,10,3510,卖盘
423,14:09:22,3.51,--,13,4563,卖盘
424,14:09:13,3.51,0.01,106,37206,买盘
425,14:09:07,3.5,--,1,350,卖盘
426,14:09:02,3.5,--,113,39550,卖盘
427,14:08:58,3.5,-0.01,108,37800,卖盘
428,14:08:52,3.51,0.01,60,21060,买盘
429,14:08:48,3.5,-0.01,143,50050,卖盘
430,14:08:43,3.51,--,65,22815,买盘
431,14:08:32,3.51,--,67,23517,买盘
432,14:08:28,3.51,--,99,34749,买盘
433,14:08:22,3.51,0.01,124,43524,买盘
434,14:08:16,3.5,-0.01,36,12600,卖盘
435,14:08:11,3.51,--,97,34047,买盘
436,14:08:03,3.51,0.01,210,73710,买盘
437,14:07:56,3.5,--,1,350,卖盘
438,14:07:48,3.5,--,67,23450,卖盘
439,14:07:32,3.5,-0.01,28,9800,卖盘
440,14:07:27,3.51,0.01,117,41067,买盘
441,14:07:22,3.5,--,152,53200,卖盘
442,14:07:16,3.5,-0.01,38,13300,卖盘
443,14:07:07,3.51,0.01,7,2457,买盘
444,14:07:02,3.5,-0.01,5,1750,卖盘
445,14:06:56,3.51,0.01,100,35100,买盘
446,14:06:46,3.5,-0.01,42,14700,卖盘
447,14:06:37,3.51,0.01,32,11232,买盘
448,14:06:22,3.5,--,1,350,卖盘
449,14:06:16,3.5,--,30,10500,卖盘
450,14:06:11,3.5,-0.01,17,5950,卖盘
451,14:06:07,3.51,--,734,257665,卖盘
452,14:06:01,3.51,--,17,5967,卖盘
453,14:05:56,3.51,--,89,31238,卖盘
454,14:05:52,3.51,--,57,20007,卖盘
455,14:05:46,3.51,--,112,39312,卖盘
456,14:05:41,3.51,--,26,9126,卖盘
457,14:05:37,3.51,--,249,87399,卖盘
458,14:05:32,3.51,--,109,38259,卖盘
459,14:05:22,3.51,--,97,34047,卖盘
460,14:05:16,3.51,--,478,167778,卖盘
461,14:05:07,3.51,--,311,109161,卖盘
462,14:04:56,3.51,--,91,31940,卖盘
463,14:04:52,3.51,--,202,70902,卖盘
464,14:04:46,3.51,--,23,8072,卖盘
465,14:04:32,3.51,--,83,29133,卖盘
466,14:04:26,3.51,--,59,20709,卖盘
467,14:04:16,3.51,--,24,8424,卖盘
468,14:04:12,3.51,--,95,33345,卖盘
469,14:04:07,3.51,-0.01,29,10179,卖盘
470,14:04:01,3.52,--,90,31680,买盘
471,14:03:52,3.52,0.01,171,60192,买盘
472,14:03:46,3.51,-0.01,567,199017,卖盘
473,14:03:41,3.52,--,9,3168,买盘
474,14:03:31,3.52,--,47,16544,买盘
475,14:03:26,3.52,0.01,32,11264,买盘
476,14:03:22,3.51,--,1,351,卖盘
477,14:03:16,3.51,--,23,8072,卖盘
478,14:03:11,3.51,--,300,105300,卖盘
479,14:03:07,3.51,--,43,15092,卖盘
480,14:03:01,3.51,--,640,224640,卖盘
481,14:02:52,3.51,--,100,35100,卖盘
482,14:02:46,3.51,--,173,60722,卖盘
483,14:02:37,3.51,-0.01,115,40365,卖盘
484,14:02:31,3.52,--,2,704,买盘
485,14:02:22,3.52,0.01,89,31328,买盘
486,14:02:16,3.51,--,1,351,卖盘
487,14:02:11,3.51,--,200,70200,卖盘
488,14:02:07,3.51,-0.01,43,15092,卖盘
489,14:02:01,3.52,0.01,256,90112,买盘
490,14:01:52,3.51,--,501,175851,卖盘
491,14:01:46,3.51,-0.01,524,183924,卖盘
492,14:01:41,3.52,--,507,178464,买盘
493,14:01:37,3.52,--,10,3520,买盘
494,14:01:31,3.52,--,2,704,买盘
495,14:01:25,3.52,0.01,67,23584,买盘
496,14:01:22,3.51,--,89,31238,卖盘
497,14:01:16,3.51,--,3538,1241838,卖盘
498,14:01:11,3.51,--,224,78624,卖盘
499,14:01:06,3.51,-0.01,12,4212,卖盘
500,14:01:01,3.52,0.01,375,132000,买盘
501,14:00:55,3.51,--,20,7020,卖盘
502,14:00:51,3.51,-0.01,23,8072,卖盘
503,14:00:46,3.52,0.01,7,2464,买盘
504,14:00:41,3.51,--,151,53001,卖盘
505,14:00:35,3.51,-0.01,10000,3510000,卖盘
506,14:00:31,3.52,0.01,574,202048,买盘
507,14:00:26,3.51,--,234,82134,卖盘
508,14:00:16,3.51,--,65,22815,卖盘
509,14:00:11,3.51,--,7,2457,卖盘
510,14:00:05,3.51,--,607,213057,卖盘
511,14:00:01,3.51,--,35,12285,卖盘
512,13:59:56,3.51,--,138,48438,卖盘
513,13:59:46,3.51,--,1500,526500,卖盘
514,13:59:42,3.51,-0.01,174,61073,卖盘
515,13:59:31,3.52,0.01,131,46112,买盘
516,13:59:16,3.51,--,93,32642,卖盘
517,13:59:11,3.51,--,96,33696,卖盘
518,13:59:01,3.51,--,34,11934,卖盘
519,13:58:46,3.51,--,6,2106,卖盘
520,13:58:40,3.51,--,6,2106,卖盘
521,13:58:36,3.51,--,94,32994,卖盘
522,13:58:31,3.51,--,15,5265,卖盘
523,13:58:20,3.51,--,220,77220,卖盘
524,13:58:11,3.51,-0.01,6,2106,卖盘
525,13:58:04,3.52,0.01,7,2464,买盘
526,13:57:56,3.51,--,107,37557,卖盘
527,13:57:39,3.51,--,217,76167,卖盘
528,13:57:36,3.51,--,119,41769,卖盘
529,13:57:31,3.51,--,20,7020,卖盘
530,13:57:26,3.51,--,94,32994,卖盘
531,13:57:20,3.51,-0.01,147,51597,卖盘
532,13:57:16,3.52,--,171,60192,买盘
533,13:57:11,3.52,0.01,12,4224,买盘
534,13:57:05,3.51,--,6,2106,卖盘
535,13:57:01,3.51,-0.01,97,34047,卖盘
536,13:56:55,3.52,0.01,573,201696,买盘
537,13:56:40,3.51,--,18,6318,卖盘
538,13:56:35,3.51,-0.01,90,31589,卖盘
539,13:56:16,3.52,0.01,207,72864,买盘
540,13:56:11,3.51,--,6,2106,卖盘
541,13:55:55,3.51,--,21,7371,卖盘
542,13:55:41,3.51,-0.01,30,10530,卖盘
543,13:55:35,3.52,--,2,704,买盘
544,13:55:31,3.52,--,2,704,买盘
545,13:55:25,3.52,0.01,7,2464,买盘
546,13:55:20,3.51,--,19,6669,卖盘
547,13:55:10,3.51,--,1,351,卖盘
548,13:55:05,3.51,-0.01,250,87750,卖盘
549,13:55:01,3.52,--,300,105600,买盘
550,13:54:31,3.52,0.01,9,3168,买盘
551,13:54:16,3.51,--,4,1404,卖盘
552,13:54:10,3.51,--,22,7721,卖盘
553,13:53:50,3.51,-0.01,10,3510,卖盘
554,13:53:34,3.52,0.01,48,16896,买盘
555,13:53:25,3.51,--,3,1053,卖盘
556,13:53:10,3.51,--,2,702,卖盘
557,13:52:55,3.51,-0.01,19,6669,卖盘
558,13:52:50,3.52,0.01,222,78144,买盘
559,13:52:40,3.51,-0.01,153,53703,卖盘
560,13:52:35,3.52,--,30,10560,买盘
561,13:51:50,3.52,0.01,7,2464,买盘
562,13:51:45,3.51,--,219,76869,卖盘
563,13:51:10,3.51,--,2073,727623,卖盘
564,13:51:05,3.51,-0.01,1,351,卖盘
565,13:50:55,3.52,--,49,17248,买盘
566,13:50:50,3.52,--,9,3168,买盘
567,13:50:45,3.52,0.01,1410,496320,买盘
568,13:50:29,3.51,--,22,7721,卖盘
569,13:50:14,3.51,-0.01,18,6318,卖盘
570,13:50:10,3.52,--,1,352,买盘
571,13:50:04,3.52,--,94,33088,买盘
572,13:49:55,3.52,--,79,27808,买盘
573,13:49:40,3.52,0.01,128,45056,买盘
574,13:49:35,3.51,--,18,6318,卖盘
575,13:49:28,3.51,--,18,6318,卖盘
576,13:49:19,3.51,-0.01,19,6669,卖盘
577,13:49:04,3.52,--,10,3520,买盘
578,13:48:49,3.52,0.01,151,53152,买盘
579,13:48:40,3.51,-0.01,80,28080,卖盘
580,13:48:18,3.52,--,17,5984,买盘
581,13:48:10,3.52,0.01,7,2464,买盘
582,13:48:04,3.51,--,21,7371,卖盘
583,13:47:55,3.51,-0.01,1,351,卖盘
584,13:47:34,3.52,0.01,2,704,买盘
585,13:47:25,3.51,-0.01,300,105300,卖盘
586,13:47:13,3.52,--,7,2464,买盘
587,13:47:04,3.52,0.01,2,704,买盘
588,13:46:58,3.51,--,1766,619866,卖盘
589,13:46:49,3.51,-0.01,258,90558,卖盘
590,13:46:44,3.52,--,3,1056,买盘
591,13:46:37,3.52,--,700,246400,买盘
592,13:46:34,3.52,0.01,2,704,买盘
593,13:46:29,3.51,-0.01,6,2106,卖盘
594,13:46:19,3.52,0.01,107,37664,买盘
595,13:45:59,3.51,-0.01,410,143910,卖盘
596,13:45:49,3.52,0.01,1304,459008,买盘
597,13:45:44,3.51,-0.01,22,7721,卖盘
598,13:45:34,3.52,0.01,2,704,买盘
599,13:45:29,3.51,-0.01,13,4563,卖盘
600,13:45:24,3.52,--,2,704,买盘
601,13:45:08,3.52,--,220,77440,买盘
602,13:45:04,3.52,0.01,2,704,买盘
603,13:44:59,3.51,--,55,19305,卖盘
604,13:44:49,3.51,-0.01,78,27378,卖盘
605,13:44:34,3.52,0.01,8,2816,买盘
606,13:44:29,3.51,-0.01,25,8775,卖盘
607,13:44:23,3.52,--,65,22880,买盘
608,13:44:13,3.52,0.01,5,1760,买盘
609,13:44:04,3.51,--,5,1755,卖盘
610,13:43:59,3.51,-0.01,606,212706,卖盘
611,13:43:37,3.52,0.01,7,2464,买盘
612,13:43:34,3.51,--,36,12636,卖盘
613,13:43:29,3.51,--,6,2106,卖盘
614,13:43:22,3.51,--,77,27027,卖盘
615,13:43:19,3.51,-0.01,21,7371,卖盘
616,13:43:03,3.52,--,2,704,买盘
617,13:42:58,3.52,--,86,30272,买盘
618,13:42:44,3.52,--,11,3872,买盘
619,13:42:33,3.52,0.01,186,65472,买盘
620,13:42:28,3.51,--,11,3860,卖盘
621,13:42:04,3.51,--,34,11934,卖盘
622,13:41:52,3.51,-0.01,1,351,卖盘
623,13:41:47,3.52,0.01,7,2464,买盘
624,13:41:34,3.51,-0.01,46,16145,卖盘
625,13:41:27,3.52,--,630,221760,买盘
626,13:41:04,3.52,0.01,2,704,买盘
627,13:40:58,3.51,-0.01,26,9126,卖盘
628,13:40:19,3.52,0.01,110,38720,买盘
629,13:40:13,3.51,--,5,1755,卖盘
630,13:40:03,3.51,--,23,8072,卖盘
631,13:39:38,3.51,--,20,7020,卖盘
632,13:39:28,3.51,--,75,26325,卖盘
633,13:39:23,3.51,--,100,35100,卖盘
634,13:39:16,3.51,-0.01,43,15092,卖盘
635,13:39:13,3.52,--,6,2112,买盘
636,13:39:07,3.52,0.01,7,2464,买盘
637,13:38:58,3.51,--,85,29835,卖盘
638,13:38:53,3.51,--,7,2457,卖盘
639,13:38:43,3.51,-0.01,176,61775,卖盘
640,13:38:37,3.52,0.01,4,1408,买盘
641,13:38:32,3.51,--,234,82453,卖盘
642,13:38:28,3.51,--,19,6669,卖盘
643,13:38:23,3.51,--,243,85293,卖盘
644,13:38:16,3.51,-0.01,285,100245,卖盘
645,13:38:13,3.52,--,135,47520,买盘
646,13:37:42,3.52,--,200,70400,买盘
647,13:37:32,3.52,--,1,352,买盘
648,13:37:27,3.52,0.01,20,7040,买盘
649,13:37:22,3.51,-0.01,5,1755,卖盘
650,13:37:17,3.52,0.01,7,2464,买盘
651,13:37:13,3.51,-0.01,185,64934,卖盘
652,13:37:01,3.52,--,2,704,买盘
653,13:36:37,3.52,--,38,13376,买盘
654,13:36:32,3.52,--,2,704,买盘
655,13:36:23,3.52,0.01,38,13516,买盘
656,13:36:07,3.51,-0.01,19,6669,卖盘
657,13:36:01,3.52,0.01,2,704,买盘
658,13:35:47,3.51,-0.01,27,9477,卖盘
659,13:35:33,3.52,--,2,704,买盘
660,13:35:28,3.52,0.01,7,2464,买盘
661,13:35:23,3.51,-0.01,2,702,卖盘
662,13:35:17,3.52,--,14,4928,买盘
663,13:35:13,3.52,--,3,1056,买盘
664,13:35:02,3.52,0.01,2,704,买盘
665,13:34:58,3.51,--,3,1053,卖盘
666,13:34:52,3.51,-0.01,19,6669,卖盘
667,13:34:47,3.52,--,15,5280,买盘
668,13:34:37,3.52,--,8,2816,买盘
669,13:34:27,3.52,0.01,6,2112,买盘
670,13:34:22,3.51,-0.01,18,6318,卖盘
671,13:34:17,3.52,0.01,23,8096,买盘
672,13:34:13,3.51,-0.01,75,26325,卖盘
673,13:33:52,3.52,0.01,30,10560,买盘
674,13:33:43,3.51,--,27,9477,卖盘
675,13:33:32,3.51,-0.01,27,9477,卖盘
676,13:33:17,3.52,--,4,1408,买盘
677,13:33:13,3.52,--,14,4928,买盘
678,13:33:07,3.52,0.01,500,176000,买盘
679,13:33:01,3.51,--,1,351,卖盘
680,13:32:58,3.51,-0.01,11,3860,卖盘
681,13:32:52,3.52,--,100,35200,买盘
682,13:32:47,3.52,--,21,7392,买盘
683,13:32:32,3.52,0.01,27,9504,买盘
684,13:32:27,3.51,-0.01,146,51246,卖盘
685,13:32:22,3.52,--,1210,425920,买盘
686,13:32:17,3.52,--,15,5280,买盘
687,13:32:02,3.52,--,71,24992,买盘
688,13:31:52,3.52,--,8,2816,买盘
689,13:31:47,3.52,--,15,5280,买盘
690,13:31:32,3.52,0.01,48,16896,买盘
691,13:31:26,3.51,--,22,7721,卖盘
692,13:31:22,3.51,-0.01,53,18603,卖盘
693,13:31:16,3.52,--,43,15136,买盘
694,13:31:11,3.52,--,54,19008,买盘
695,13:31:07,3.52,0.01,2,704,买盘
696,13:31:02,3.51,--,22,7721,卖盘
697,13:30:56,3.51,-0.01,1,351,卖盘
698,13:30:52,3.52,--,80,28160,买盘
699,13:30:47,3.52,0.01,16,5632,买盘
700,13:30:41,3.51,-0.01,1,351,卖盘
701,13:30:32,3.52,0.01,8,2816,买盘
702,13:30:22,3.51,-0.01,52,18252,卖盘
703,13:30:17,3.52,0.01,14,4928,买盘
704,13:30:07,3.51,-0.01,27,9477,卖盘
705,13:30:01,3.52,0.01,1,352,买盘
706,13:29:55,3.51,-0.01,6,2106,卖盘
707,13:29:47,3.52,--,15,5280,买盘
708,13:29:36,3.52,0.01,1,352,买盘
709,13:29:32,3.51,-0.01,1,351,卖盘
710,13:29:26,3.52,0.01,54,19008,买盘
711,13:29:22,3.51,-0.01,34,11934,卖盘
712,13:29:16,3.52,--,40,14080,买盘
713,13:29:11,3.52,--,7,2464,买盘
714,13:29:06,3.52,--,190,66880,买盘
715,13:29:01,3.52,0.01,53,18656,买盘
716,13:28:56,3.51,--,57,20007,卖盘
717,13:28:51,3.51,--,25,8775,卖盘
718,13:28:47,3.51,-0.01,28,9828,卖盘
719,13:28:41,3.52,--,20,7040,买盘
720,13:28:37,3.52,--,54,19008,买盘
721,13:28:26,3.52,0.01,166,58432,买盘
722,13:28:21,3.51,--,41,14391,卖盘
723,13:28:17,3.51,--,29,10179,卖盘
724,13:28:11,3.51,--,5,1755,卖盘
725,13:28:01,3.51,--,132,46332,卖盘
726,13:27:52,3.51,--,1,351,卖盘
727,13:27:47,3.51,-0.01,70,24570,卖盘
728,13:27:41,3.52,--,80,28160,买盘
729,13:27:30,3.52,0.01,207,72864,买盘
730,13:27:22,3.51,--,34,11934,卖盘
731,13:27:16,3.51,-0.01,9,3159,卖盘
732,13:27:11,3.52,0.01,15,5280,买盘
733,13:26:52,3.51,--,3,1053,卖盘
734,13:26:46,3.51,-0.01,1,351,卖盘
735,13:26:41,3.52,0.01,14,4928,买盘
736,13:26:30,3.51,-0.01,33,11583,卖盘
737,13:26:25,3.52,0.01,26,9152,买盘
738,13:26:22,3.51,--,117,41067,卖盘
739,13:26:11,3.51,-0.01,1,351,卖盘
740,13:25:41,3.52,0.01,266,93632,买盘
741,13:25:31,3.51,--,8,2808,卖盘
742,13:25:26,3.51,--,26,9126,卖盘
743,13:25:16,3.51,-0.01,19,6669,卖盘
744,13:25:11,3.52,0.01,30,10560,买盘
745,13:25:01,3.51,-0.01,1,351,卖盘
746,13:24:46,3.52,--,263,92576,买盘
747,13:24:41,3.52,--,30,10560,买盘
748,13:24:34,3.52,0.01,30,10560,买盘
749,13:24:25,3.51,--,28,9828,卖盘
750,13:24:16,3.51,--,225,78975,卖盘
751,13:24:01,3.51,--,22,7721,卖盘
752,13:23:54,3.51,--,3,1053,卖盘
753,13:23:49,3.51,-0.01,1,351,卖盘
754,13:23:46,3.52,--,7,2464,买盘
755,13:23:41,3.52,0.01,160,56320,买盘
756,13:23:24,3.51,--,27,9477,卖盘
757,13:23:20,3.51,--,8,2808,卖盘
758,13:23:11,3.51,--,60,21060,卖盘
759,13:22:55,3.51,--,119,41769,卖盘
760,13:22:50,3.51,--,8,2808,卖盘
761,13:22:46,3.51,-0.01,1,351,卖盘
762,13:22:41,3.52,0.01,1,352,买盘
763,13:22:25,3.51,--,27,9477,卖盘
764,13:22:20,3.51,--,6,2106,卖盘
765,13:22:11,3.51,-0.01,101,35451,卖盘
766,13:21:55,3.52,0.01,19857,6989664,买盘
767,13:21:46,3.51,--,6,2106,卖盘
768,13:21:41,3.51,--,19,6669,卖盘
769,13:21:33,3.51,--,1,351,卖盘
770,13:21:25,3.51,--,37,12987,卖盘
771,13:21:16,3.51,--,6,2106,卖盘
772,13:21:01,3.51,--,8,2808,卖盘
773,13:20:46,3.51,-0.01,19,6669,卖盘
774,13:20:41,3.52,--,5,1760,买盘
775,13:20:31,3.52,0.01,620,218240,买盘
776,13:20:25,3.51,-0.01,27,9477,卖盘
777,13:20:19,3.52,0.01,3,1056,买盘
778,13:20:16,3.51,-0.01,24,8424,卖盘
779,13:20:11,3.52,0.01,7,2464,买盘
780,13:19:54,3.51,--,3,1053,卖盘
781,13:19:46,3.51,-0.01,6,2106,卖盘
782,13:19:33,3.52,0.01,200,70400,买盘
783,13:19:25,3.51,--,43,15092,卖盘
784,13:19:20,3.51,--,1,351,卖盘
785,13:19:16,3.51,--,32,11232,卖盘
786,13:19:09,3.51,--,171,60020,卖盘
787,13:19:01,3.51,-0.01,2,702,卖盘
788,13:18:50,3.52,0.01,39,13728,买盘
789,13:18:43,3.51,-0.01,6,2106,卖盘
790,13:18:19,3.52,0.01,7,2464,买盘
791,13:18:14,3.51,--,6,2106,卖盘
792,13:18:04,3.51,-0.01,19,6669,卖盘
793,13:17:43,3.52,--,190,66880,买盘
794,13:17:25,3.52,--,6,2112,买盘
795,13:17:19,3.52,0.01,10,3520,买盘
796,13:16:55,3.51,--,20,7020,卖盘
797,13:16:50,3.51,-0.01,29,10179,卖盘
798,13:16:29,3.52,0.01,7,2464,买盘
799,13:16:25,3.51,-0.01,61,21411,卖盘
800,13:15:40,3.52,--,69,24288,买盘
801,13:15:34,3.52,--,7,2464,买盘
802,13:15:25,3.52,0.01,15,5280,买盘
803,13:15:19,3.51,--,500,175500,卖盘
804,13:15:13,3.51,--,100,35100,卖盘
805,13:15:04,3.51,--,130,45630,卖盘
806,13:14:54,3.51,--,43,15092,卖盘
807,13:14:49,3.51,-0.01,62,21762,卖盘
808,13:14:40,3.52,0.01,7,2464,买盘
809,13:14:33,3.51,--,26,9126,卖盘
810,13:14:28,3.51,--,19,6669,卖盘
811,13:14:24,3.51,-0.01,9,3159,卖盘
812,13:14:14,3.52,0.01,66,23232,买盘
813,13:14:05,3.51,-0.01,3,1053,卖盘
814,13:13:59,3.52,--,59,20768,买盘
815,13:13:49,3.52,0.01,17,5984,买盘
816,13:13:33,3.51,-0.01,49,17199,卖盘
817,13:13:28,3.52,0.01,1,352,买盘
818,13:13:18,3.51,--,4020,1411020,卖盘
819,13:13:09,3.51,--,2000,702000,卖盘
820,13:13:03,3.51,--,1000,351000,卖盘
821,13:12:58,3.51,-0.01,1052,369252,卖盘
822,13:12:55,3.52,0.01,1053,370656,买盘
823,13:12:49,3.51,--,6,2106,卖盘
824,13:12:40,3.51,--,27,9477,卖盘
825,13:12:34,3.51,--,39,13689,卖盘
826,13:12:19,3.51,--,5,1755,卖盘
827,13:12:04,3.51,-0.01,19,6669,卖盘
828,13:11:59,3.52,--,15,5280,买盘
829,13:11:49,3.52,0.01,50,17600,买盘
830,13:11:34,3.51,-0.01,39,13689,卖盘
831,13:11:29,3.52,0.01,21,7392,买盘
832,13:11:17,3.51,-0.01,5,1755,卖盘
833,13:11:13,3.52,--,1,352,买盘
834,13:11:04,3.52,0.01,71,24992,买盘
835,13:10:58,3.51,--,39,13689,卖盘
836,13:10:43,3.51,-0.01,90,31589,卖盘
837,13:10:37,3.52,0.01,3,1056,买盘
838,13:10:33,3.51,-0.01,35,12285,卖盘
839,13:10:27,3.52,0.01,572,201344,买盘
840,13:10:19,3.51,--,1,351,卖盘
841,13:10:13,3.51,--,381,133731,卖盘
842,13:10:04,3.51,--,41,14391,卖盘
843,13:09:58,3.51,-0.01,40,14040,卖盘
844,13:09:48,3.52,0.01,97,34144,买盘
845,13:09:44,3.51,--,5,1755,卖盘
846,13:09:27,3.51,-0.01,60,21060,卖盘
847,13:09:23,3.52,--,572,201344,买盘
848,13:09:18,3.52,0.01,7,2464,买盘
849,13:09:13,3.51,--,5,1755,卖盘
850,13:09:04,3.51,--,40,14040,卖盘
851,13:08:59,3.51,--,39,13689,卖盘
852,13:08:43,3.51,--,5,1755,卖盘
853,13:08:33,3.51,--,200,70200,卖盘
854,13:08:29,3.51,-0.01,654,229554,卖盘
855,13:08:23,3.52,0.01,7,2464,买盘
856,13:08:13,3.51,--,5,1755,卖盘
857,13:08:04,3.51,--,39,13689,卖盘
858,13:07:59,3.51,--,139,48789,卖盘
859,13:07:44,3.51,-0.01,211,74061,卖盘
860,13:07:33,3.52,--,56,19712,买盘
861,13:07:28,3.52,0.01,7,2464,买盘
862,13:07:19,3.51,--,631,221481,卖盘
863,13:07:04,3.51,--,40,14040,卖盘
864,13:06:58,3.51,--,47,16497,卖盘
865,13:06:52,3.51,-0.01,4,1404,卖盘
866,13:06:34,3.52,0.01,129,45408,买盘
867,13:06:03,3.51,-0.01,19,6669,卖盘
868,13:05:57,3.52,--,618,217536,买盘
869,13:05:48,3.52,--,3,1056,买盘
870,13:05:38,3.52,0.01,7,2464,买盘
871,13:05:33,3.51,-0.01,39,13689,卖盘
872,13:05:21,3.52,--,4,1408,买盘
873,13:05:13,3.52,0.01,2,704,买盘
874,13:05:03,3.51,-0.01,19,6669,卖盘
875,13:04:42,3.52,0.01,7,2464,买盘
876,13:04:34,3.51,-0.01,99,34749,卖盘
877,13:04:28,3.52,--,1,352,买盘
878,13:04:13,3.52,0.01,794,279488,买盘
879,13:04:04,3.51,--,40,14040,卖盘
880,13:03:58,3.51,--,16,5616,卖盘
881,13:03:53,3.51,--,19,6669,卖盘
882,13:03:31,3.51,--,39,13689,卖盘
883,13:03:01,3.51,-0.01,39,13689,卖盘
884,13:02:47,3.52,0.01,707,248864,买盘
885,13:02:31,3.51,-0.01,58,20358,卖盘
886,13:02:27,3.52,--,30,10560,买盘
887,13:02:06,3.52,0.01,1,352,买盘
888,13:02:01,3.51,-0.01,40,14040,卖盘
889,13:01:53,3.52,0.01,10,3520,买盘
890,13:01:31,3.51,--,39,13689,卖盘
891,13:01:01,3.51,--,39,13689,卖盘
892,13:00:37,3.51,--,19,6669,卖盘
893,13:00:32,3.51,--,39,13689,卖盘
894,13:00:27,3.51,-0.01,20,7020,卖盘
895,13:00:06,3.52,0.01,1237,435424,买盘
896,13:00:02,3.51,-0.01,14,4914,卖盘
897,11:30:00,3.52,--,0,0,买盘
898,11:29:59,3.52,--,0,0,买盘
899,11:29:53,3.52,--,47,16544,买盘
900,11:29:46,3.52,--,1,352,买盘
901,11:29:33,3.52,--,1,352,买盘
902,11:29:12,3.52,0.01,7,2464,买盘
903,11:28:58,3.51,-0.01,70,24570,卖盘
904,11:28:54,3.52,--,2,704,买盘
905,11:28:39,3.52,0.01,3,1056,买盘
906,11:28:32,3.51,-0.01,1,351,卖盘
907,11:28:23,3.52,0.01,11,3872,买盘
908,11:28:17,3.51,-0.01,240,84285,卖盘
909,11:28:03,3.52,0.01,373,131296,买盘
910,11:27:54,3.51,-0.01,231,81081,卖盘
911,11:27:42,3.52,0.01,7,2464,买盘
912,11:27:33,3.51,--,32,11232,卖盘
913,11:27:27,3.51,--,18,6318,卖盘
914,11:27:24,3.51,-0.01,72,25272,卖盘
915,11:27:18,3.52,0.01,7,2464,买盘
916,11:27:03,3.51,--,43,15092,卖盘
917,11:26:54,3.51,-0.01,1,351,卖盘
918,11:26:39,3.52,0.01,10,3520,买盘
919,11:26:33,3.51,-0.01,32,11232,卖盘
920,11:26:28,3.52,0.01,11,3872,买盘
921,11:26:24,3.51,-0.01,3,1053,卖盘
922,11:26:18,3.52,--,97,34144,买盘
923,11:26:02,3.52,0.01,109,38368,买盘
924,11:25:57,3.51,-0.01,1127,395577,卖盘
925,11:25:51,3.52,--,2,704,买盘
926,11:25:41,3.52,--,40,14080,买盘
927,11:25:37,3.52,0.01,37,13024,买盘
928,11:25:32,3.51,-0.01,103,36153,卖盘
929,11:25:29,3.52,--,21,7392,买盘
930,11:25:22,3.52,--,85,29920,买盘
931,11:25:18,3.52,--,20,7040,买盘
932,11:25:13,3.52,--,26,9152,买盘
933,11:25:08,3.52,0.01,11,3872,买盘
934,11:25:03,3.51,-0.01,53,18603,卖盘
935,11:24:57,3.52,--,183,64416,买盘
936,11:24:53,3.52,--,11,3872,买盘
937,11:24:42,3.52,0.01,21,7392,买盘
938,11:24:32,3.51,-0.01,41,14391,卖盘
939,11:24:26,3.52,--,7,2464,买盘
940,11:24:12,3.52,0.01,826,290752,买盘
941,11:24:08,3.51,--,224,78624,卖盘
942,11:24:03,3.51,-0.01,32,11232,卖盘
943,11:23:48,3.52,--,537,189024,买盘
944,11:23:42,3.52,0.01,1,352,买盘
945,11:23:33,3.51,-0.01,37,12987,卖盘
946,11:23:27,3.52,0.01,7,2464,买盘
947,11:23:21,3.51,-0.01,10,3510,卖盘
948,11:23:18,3.52,--,61,21472,买盘
949,11:23:12,3.52,0.01,12,4224,买盘
950,11:23:06,3.51,--,30,10530,卖盘
951,11:23:02,3.51,--,256,89856,卖盘
952,11:22:42,3.51,--,10,3510,卖盘
953,11:22:33,3.51,-0.01,39,13689,卖盘
954,11:22:27,3.52,--,20,7040,买盘
955,11:22:22,3.52,0.01,13,4576,买盘
956,11:22:12,3.51,--,5,1755,卖盘
957,11:22:08,3.51,--,1,351,卖盘
958,11:22:03,3.51,--,35,12285,卖盘
959,11:21:47,3.51,-0.01,3,1053,卖盘
960,11:21:42,3.52,--,47,16544,买盘
961,11:21:38,3.52,--,2,704,买盘
962,11:21:33,3.52,0.01,49,17248,买盘
963,11:21:12,3.51,--,5,1755,卖盘
964,11:21:03,3.51,--,32,11232,卖盘
965,11:20:52,3.51,--,300,105300,卖盘
966,11:20:42,3.51,-0.01,17,5967,卖盘
967,11:20:33,3.52,--,39,13728,买盘
968,11:20:12,3.52,0.01,23,8096,买盘
969,11:20:02,3.51,--,42,14742,卖盘
970,11:19:42,3.51,-0.01,5,1755,卖盘
971,11:19:36,3.52,0.01,20,7040,买盘
972,11:19:33,3.51,--,210,73710,卖盘
973,11:19:20,3.51,-0.01,552,193752,卖盘
974,11:19:12,3.52,0.01,10,3520,买盘
975,11:19:03,3.51,-0.01,33,11583,卖盘
976,11:18:48,3.52,--,65,22880,买盘
977,11:18:42,3.52,--,12,4224,买盘
978,11:18:36,3.52,0.01,58,20416,买盘
979,11:18:12,3.51,-0.01,85,29835,卖盘
980,11:18:06,3.52,--,240,84480,买盘
981,11:17:57,3.52,--,54,19008,买盘
982,11:17:46,3.52,--,13,4576,买盘
983,11:17:42,3.52,0.01,6,2112,买盘
984,11:17:36,3.51,--,32,11232,卖盘
985,11:17:32,3.51,--,115,40365,卖盘
986,11:17:27,3.51,-0.01,24,8424,卖盘
987,11:17:22,3.52,0.01,5,1760,买盘
988,11:17:06,3.51,--,37,12987,卖盘
989,11:16:57,3.51,--,1808,634608,卖盘
990,11:16:52,3.51,--,40,14040,卖盘
991,11:16:47,3.51,-0.01,15,5265,卖盘
992,11:16:42,3.52,0.01,55,19360,买盘
993,11:16:36,3.51,-0.01,32,11232,卖盘
994,11:16:27,3.52,0.01,5,1760,买盘
995,11:16:12,3.51,--,26,9126,卖盘
996,11:16:06,3.51,-0.01,144,50544,卖盘
997,11:16:01,3.52,--,13,4576,买盘
998,11:15:57,3.52,0.01,36,12672,买盘
999,11:15:51,3.51,--,33,11583,卖盘
1000,11:15:36,3.51,--,32,11232,卖盘
1001,11:15:27,3.51,-0.01,86,30185,卖盘
1002,11:15:16,3.52,0.01,5,1760,买盘
1003,11:15:11,3.51,--,101,35451,卖盘
1004,11:15:07,3.51,-0.01,121,42471,卖盘
1005,11:15:02,3.52,--,13,4576,买盘
1006,11:14:51,3.52,0.01,7,2464,买盘
1007,11:14:42,3.51,-0.01,20,7020,卖盘
1008,11:14:36,3.52,0.01,34,11968,买盘
1009,11:14:32,3.51,-0.01,30,10530,卖盘
1010,11:14:21,3.52,0.01,148,52096,买盘
1011,11:14:12,3.51,--,15,5265,卖盘
1012,11:14:06,3.51,-0.01,32,11232,卖盘
1013,11:13:51,3.52,0.01,28,9856,买盘
1014,11:13:36,3.51,--,32,11232,卖盘
1015,11:13:27,3.51,-0.01,2,702,卖盘
1016,11:13:21,3.52,--,4,1408,买盘
1017,11:13:06,3.52,0.01,67,23584,买盘
1018,11:12:56,3.51,-0.01,34,11934,卖盘
1019,11:12:45,3.52,--,13,4576,买盘
1020,11:12:36,3.52,--,33,11616,买盘
1021,11:12:12,3.52,--,3,1056,买盘
1022,11:12:06,3.52,--,46,16192,买盘
1023,11:11:57,3.52,--,7,2464,买盘
1024,11:11:50,3.52,0.01,35,12320,买盘
1025,11:11:36,3.51,-0.01,32,11232,卖盘
1026,11:11:25,3.52,--,8,2816,买盘
1027,11:11:11,3.52,0.01,13,4576,买盘
1028,11:11:06,3.51,-0.01,32,11232,卖盘
1029,11:11:00,3.52,--,59,20768,买盘
1030,11:10:51,3.52,0.01,20,7040,买盘
1031,11:10:36,3.51,--,32,11232,卖盘
1032,11:10:15,3.51,--,207,72657,卖盘
1033,11:10:06,3.51,--,39,13689,卖盘
1034,11:10:01,3.51,--,12,4212,卖盘
1035,11:09:56,3.51,-0.01,23,8072,卖盘
1036,11:09:45,3.52,--,49,17248,买盘
1037,11:09:36,3.52,--,81,28512,买盘
1038,11:09:06,3.52,--,39,13728,买盘
1039,11:09:00,3.52,--,8,2816,买盘
1040,11:08:55,3.52,--,30,10560,买盘
1041,11:08:51,3.52,0.01,19,6688,买盘
1042,11:08:41,3.51,-0.01,1,351,卖盘
1043,11:08:36,3.52,--,37,13024,买盘
1044,11:08:30,3.52,--,501,176352,买盘
1045,11:08:25,3.52,--,19,6688,买盘
1046,11:08:21,3.52,--,165,58080,买盘
1047,11:08:15,3.52,--,351,123552,买盘
1048,11:08:06,3.52,--,39,13728,买盘
1049,11:08:01,3.52,--,14,4928,买盘
1050,11:07:56,3.52,--,13,4576,买盘
1051,11:07:45,3.52,--,201,70752,买盘
1052,11:07:41,3.52,--,119,41888,买盘
1053,11:07:36,3.52,--,50,17600,买盘
1054,11:07:21,3.52,--,45,15840,买盘
1055,11:07:15,3.52,--,15,5280,买盘
1056,11:07:10,3.52,0.01,21,7392,买盘
1057,11:07:05,3.51,-0.01,32,11232,卖盘
1058,11:07:00,3.52,--,78,27456,买盘
1059,11:06:54,3.52,--,95,33440,买盘
1060,11:06:51,3.52,-0.01,1767,621984,卖盘
1061,11:06:45,3.53,0.01,84,29652,买盘
1062,11:06:41,3.52,--,26,9152,卖盘
1063,11:06:36,3.52,-0.01,32,11264,卖盘
1064,11:06:21,3.53,0.01,558,196974,买盘
1065,11:06:15,3.52,--,54,19008,卖盘
1066,11:06:05,3.52,-0.01,32,11264,卖盘
1067,11:05:36,3.53,--,86,30358,买盘
1068,11:05:30,3.53,0.01,2500,882500,买盘
1069,11:05:26,3.52,--,13,4576,卖盘
1070,11:05:21,3.52,-0.01,297,104544,卖盘
1071,11:05:14,3.53,--,7,2471,买盘
1072,11:05:06,3.53,0.01,117,41301,买盘
1073,11:05:00,3.52,--,19076,6714752,卖盘
1074,11:04:45,3.52,-0.01,252,88704,卖盘
1075,11:04:36,3.53,--,81,28593,买盘
1076,11:04:21,3.53,0.01,7,2471,买盘
1077,11:04:06,3.52,-0.01,39,13728,卖盘
1078,11:03:39,3.53,0.01,1,353,买盘
1079,11:03:35,3.52,-0.01,32,11264,卖盘
1080,11:03:30,3.53,--,117,41301,买盘
1081,11:03:23,3.53,--,22,7766,买盘
1082,11:03:20,3.53,--,7,2471,买盘
1083,11:03:15,3.53,0.01,1739,613867,买盘
1084,11:03:04,3.52,-0.01,32,11264,卖盘
1085,11:03:00,3.53,0.01,165,58245,买盘
1086,11:02:45,3.52,-0.01,3,1056,卖盘
1087,11:02:35,3.53,--,199,70247,买盘
1088,11:02:29,3.53,--,4,1412,买盘
1089,11:02:25,3.53,--,7,2471,买盘
1090,11:02:19,3.53,0.01,117,41301,买盘
1091,11:02:14,3.52,-0.01,75,26400,卖盘
1092,11:02:09,3.53,--,27,9531,买盘
1093,11:02:03,3.53,0.01,59,20827,买盘
1094,11:02:00,3.52,-0.01,60,21120,卖盘
1095,11:01:54,3.53,--,48,16944,买盘
1096,11:01:45,3.53,--,19,6707,买盘
1097,11:01:35,3.53,--,175,61775,买盘
1098,11:01:30,3.53,--,19,6707,买盘
1099,11:01:24,3.53,0.01,21,7413,买盘
1100,11:01:15,3.52,--,4,1408,卖盘
1101,11:01:10,3.52,--,100,35200,卖盘
1102,11:01:04,3.52,-0.01,32,11264,卖盘
1103,11:01:00,3.53,0.01,28,9884,买盘
1104,11:00:45,3.52,-0.01,4,1408,卖盘
1105,11:00:40,3.53,--,184,64952,买盘
1106,11:00:35,3.53,--,149,52597,买盘
1107,11:00:30,3.53,0.01,117,41301,买盘
1108,11:00:24,3.52,--,26,9152,卖盘
1109,11:00:15,3.52,--,4,1408,卖盘
1110,11:00:09,3.52,--,26,9152,卖盘
1111,11:00:03,3.52,--,32,11264,卖盘
1112,11:00:00,3.52,--,1,352,卖盘
1113,10:59:45,3.52,-0.01,4,1408,卖盘
1114,10:59:39,3.53,0.01,48,16944,买盘
1115,10:59:35,3.52,--,32,11264,卖盘
1116,10:59:29,3.52,-0.01,22,7744,卖盘
1117,10:59:15,3.53,0.01,50,17650,买盘
1118,10:59:09,3.52,--,4,1408,卖盘
1119,10:59:04,3.52,--,32,11264,卖盘
1120,10:58:54,3.52,-0.01,106,37312,卖盘
1121,10:58:39,3.53,0.01,171,60363,买盘
1122,10:58:33,3.52,--,65,22880,卖盘
1123,10:58:30,3.52,-0.01,2,704,卖盘
1124,10:58:24,3.53,0.01,10,3530,买盘
1125,10:58:20,3.52,-0.01,75,26400,卖盘
1126,10:58:15,3.53,0.01,1,353,买盘
1127,10:58:09,3.52,--,4,1408,卖盘
1128,10:58:05,3.52,-0.01,45,15840,卖盘
1129,10:58:00,3.53,0.01,10,3530,买盘
1130,10:57:53,3.52,-0.01,219,77088,卖盘
1131,10:57:49,3.53,--,54,19062,买盘
1132,10:57:39,3.53,--,40,14120,买盘
1133,10:57:33,3.53,--,149,52597,买盘
1134,10:57:18,3.53,0.01,118,41654,买盘
1135,10:57:09,3.52,-0.01,10,3520,卖盘
1136,10:57:04,3.53,--,117,41301,买盘
1137,10:57:00,3.53,0.01,67,23651,买盘
1138,10:56:54,3.52,-0.01,2,704,卖盘
1139,10:56:39,3.53,0.01,7,2471,买盘
1140,10:56:35,3.52,-0.01,32,11264,卖盘
1141,10:56:24,3.53,0.01,21,7413,买盘
1142,10:56:20,3.52,--,149,52448,卖盘
1143,10:56:09,3.52,--,9,3168,卖盘
1144,10:56:04,3.52,--,32,11264,卖盘
1145,10:55:59,3.52,-0.01,30,10560,卖盘
1146,10:55:39,3.53,0.01,8,2824,买盘
1147,10:55:33,3.52,-0.01,32,11264,卖盘
1148,10:55:28,3.53,--,12,4236,买盘
1149,10:55:24,3.53,0.01,106,37418,买盘
1150,10:55:18,3.52,--,89,31328,卖盘
1151,10:55:09,3.52,--,209,73568,卖盘
1152,10:55:03,3.52,-0.01,121,42592,卖盘
1153,10:54:43,3.53,--,7,2471,买盘
1154,10:54:39,3.53,0.01,5,1765,买盘
1155,10:54:33,3.52,-0.01,32,11264,卖盘
1156,10:54:14,3.53,0.01,5,1765,买盘
1157,10:54:02,3.52,--,32,11264,卖盘
1158,10:53:58,3.52,-0.01,107,37664,卖盘
1159,10:53:48,3.53,0.01,7,2471,买盘
1160,10:53:32,3.52,-0.01,32,11264,卖盘
1161,10:53:24,3.53,--,13,4589,买盘
1162,10:53:18,3.53,0.01,80,28240,买盘
1163,10:53:13,3.52,-0.01,4,1408,卖盘
1164,10:53:09,3.53,0.01,44,15532,买盘
1165,10:53:03,3.52,-0.01,32,11264,卖盘
1166,10:52:54,3.53,--,49,17297,买盘
1167,10:52:48,3.53,0.01,27,9531,买盘
1168,10:52:43,3.52,-0.01,4,1408,卖盘
1169,10:52:39,3.53,0.01,1,353,买盘
1170,10:52:33,3.52,-0.01,152,53504,卖盘
1171,10:52:18,3.53,0.01,30,10590,买盘
1172,10:52:14,3.52,--,4,1408,卖盘
1173,10:52:03,3.52,-0.01,32,11264,卖盘
1174,10:51:58,3.53,0.01,5,1765,买盘
1175,10:51:54,3.52,-0.01,10,3520,卖盘
1176,10:51:48,3.53,0.01,63,22239,买盘
1177,10:51:42,3.52,--,4,1408,卖盘
1178,10:51:39,3.52,--,1,352,卖盘
1179,10:51:33,3.52,--,82,28864,卖盘
1180,10:51:24,3.52,--,1,352,卖盘
1181,10:51:18,3.52,--,68,23936,卖盘
1182,10:51:14,3.52,--,4,1408,卖盘
1183,10:51:03,3.52,-0.01,32,11264,卖盘
1184,10:50:58,3.53,--,61,21533,买盘
1185,10:50:54,3.53,0.01,105,37065,买盘
1186,10:50:42,3.52,--,4,1408,卖盘
1187,10:50:33,3.52,--,32,11264,卖盘
1188,10:50:24,3.52,--,100,35200,卖盘
1189,10:50:18,3.52,--,81,28512,卖盘
1190,10:50:13,3.52,-0.01,4,1408,卖盘
1191,10:50:09,3.53,0.01,212,74836,买盘
1192,10:50:03,3.52,-0.01,50,17600,卖盘
1193,10:49:54,3.53,0.01,97,34241,买盘
1194,10:49:43,3.52,--,4,1408,卖盘
1195,10:49:33,3.52,--,47,16544,卖盘
1196,10:49:18,3.52,-0.01,3,1056,卖盘
1197,10:49:12,3.53,--,22,7766,买盘
1198,10:49:08,3.53,0.01,4,1412,买盘
1199,10:49:03,3.52,-0.01,32,11264,卖盘
1200,10:48:57,3.53,--,7,2471,买盘
1201,10:48:43,3.53,0.01,54,19062,买盘
1202,10:48:33,3.52,--,129,45408,卖盘
1203,10:48:27,3.52,-0.01,240,84480,卖盘
1204,10:48:23,3.53,--,18,6354,买盘
1205,10:48:12,3.53,--,12,4236,买盘
1206,10:48:07,3.53,0.01,2,706,买盘
1207,10:48:03,3.52,--,74,26048,卖盘
1208,10:47:48,3.52,--,20,7040,卖盘
1209,10:47:33,3.52,-0.01,47,16544,卖盘
1210,10:47:18,3.53,--,28,9884,买盘
1211,10:47:13,3.53,--,44,15532,买盘
1212,10:47:07,3.53,0.01,10,3530,买盘
1213,10:47:03,3.52,-0.01,149,52448,卖盘
1214,10:46:57,3.53,--,80,28240,买盘
1215,10:46:52,3.53,--,26,9178,买盘
1216,10:46:48,3.53,--,26,9178,买盘
1217,10:46:42,3.53,0.01,111,39183,买盘
1218,10:46:33,3.52,-0.01,74,26048,卖盘
1219,10:46:22,3.53,--,38,13414,买盘
1220,10:46:18,3.53,0.01,265,93545,买盘
1221,10:46:12,3.52,-0.01,10,3520,卖盘
1222,10:46:06,3.53,--,114,40242,买盘
1223,10:46:03,3.53,--,140,49420,买盘
1224,10:45:57,3.53,--,52,18356,买盘
1225,10:45:52,3.53,0.01,31,10943,买盘
1226,10:45:48,3.52,--,109,38368,卖盘
1227,10:45:33,3.52,-0.01,42,14784,卖盘
1228,10:45:27,3.53,--,68,24004,买盘
1229,10:45:18,3.53,--,26,9178,买盘
1230,10:45:07,3.53,--,767,270751,买盘
1231,10:45:03,3.53,--,40,14120,买盘
1232,10:44:57,3.53,--,55,19415,买盘
1233,10:44:52,3.53,0.01,150,52950,买盘
1234,10:44:33,3.52,-0.01,34,11968,卖盘
1235,10:44:18,3.53,--,50,17650,买盘
1236,10:44:12,3.53,--,7,2471,买盘
1237,10:44:06,3.53,0.01,13,4589,买盘
1238,10:44:03,3.52,-0.01,303,106656,卖盘
1239,10:43:42,3.53,0.01,9,3177,买盘
1240,10:43:37,3.52,--,3,1056,卖盘
1241,10:43:33,3.52,-0.01,64,22528,卖盘
1242,10:43:27,3.53,--,203,71659,买盘
1243,10:43:18,3.53,--,9,3177,买盘
1244,10:43:12,3.53,0.01,7,2471,买盘
1245,10:43:03,3.52,--,36,12672,卖盘
1246,10:42:57,3.52,-0.01,1,352,卖盘
1247,10:42:53,3.53,0.01,13,4589,买盘
1248,10:42:42,3.52,--,100,35200,卖盘
1249,10:42:37,3.52,-0.01,36,12672,卖盘
1250,10:42:27,3.53,--,280,98840,买盘
1251,10:42:21,3.53,--,86,30358,买盘
1252,10:42:17,3.53,0.01,393,138729,买盘
1253,10:42:07,3.52,-0.01,37,13024,卖盘
1254,10:42:02,3.53,--,33,11649,买盘
1255,10:41:57,3.53,0.01,4,1412,买盘
1256,10:41:52,3.52,-0.01,3,1056,卖盘
1257,10:41:46,3.53,--,272,96016,买盘
1258,10:41:37,3.53,0.01,58,20474,买盘
1259,10:41:27,3.52,-0.01,1,352,卖盘
1260,10:41:22,3.53,--,7,2471,买盘
1261,10:41:12,3.53,--,33,11649,买盘
1262,10:41:06,3.53,0.01,62,21886,买盘
1263,10:40:51,3.52,--,225,79200,卖盘
1264,10:40:46,3.52,-0.01,50,17600,卖盘
1265,10:40:42,3.53,0.01,50,17650,买盘
1266,10:40:36,3.52,-0.01,847,298144,卖盘
1267,10:40:32,3.53,0.01,58,20474,买盘
1268,10:40:27,3.52,-0.01,1,352,卖盘
1269,10:40:22,3.53,--,69,24357,买盘
1270,10:40:12,3.53,--,52,18356,买盘
1271,10:40:07,3.53,0.01,35,12355,买盘
1272,10:40:01,3.52,-0.01,4,1408,卖盘
1273,10:39:57,3.53,0.01,355,125315,买盘
1274,10:39:46,3.52,--,3,1056,卖盘
1275,10:39:42,3.52,--,26,9152,卖盘
1276,10:39:35,3.52,--,57,20064,卖盘
1277,10:39:32,3.52,-0.01,4,1408,卖盘
1278,10:39:27,3.53,--,7,2471,买盘
1279,10:39:12,3.53,--,38,13414,买盘
1280,10:39:06,3.53,0.01,39,13767,买盘
1281,10:39:01,3.52,--,37,13024,卖盘
1282,10:38:57,3.52,-0.01,54,19008,卖盘
1283,10:38:51,3.53,--,295,104135,买盘
1284,10:38:47,3.53,0.01,51,18003,买盘
1285,10:38:41,3.52,--,17,5984,卖盘
1286,10:38:36,3.52,-0.01,128,45056,卖盘
1287,10:38:26,3.53,--,7,2471,买盘
1288,10:38:21,3.53,--,38,13414,买盘
1289,10:38:12,3.53,0.01,4,1412,买盘
1290,10:38:05,3.52,--,32,11264,卖盘
1291,10:38:01,3.52,--,86,30272,卖盘
1292,10:37:51,3.52,--,81,28512,卖盘
1293,10:37:36,3.52,-0.01,32,11264,卖盘
1294,10:37:31,3.53,--,111,39183,买盘
1295,10:37:26,3.53,--,7,2471,买盘
1296,10:37:21,3.53,0.01,190,67070,买盘
1297,10:37:06,3.52,-0.01,55,19360,卖盘
1298,10:36:51,3.53,0.01,298,105194,买盘
1299,10:36:36,3.52,-0.01,32,11264,卖盘
1300,10:36:31,3.53,--,7,2471,买盘
1301,10:36:21,3.53,--,20,7060,买盘
1302,10:36:12,3.53,0.01,22,7766,买盘
1303,10:36:06,3.52,--,32,11264,卖盘
1304,10:36:01,3.52,-0.01,1,352,卖盘
1305,10:35:56,3.53,--,10,3530,买盘
1306,10:35:51,3.53,--,222,78366,买盘
1307,10:35:45,3.53,0.01,99,34947,买盘
1308,10:35:41,3.52,--,3,1056,卖盘
1309,10:35:36,3.52,--,546,192192,卖盘
1310,10:35:31,3.52,-0.01,1177,414304,卖盘
1311,10:35:21,3.53,--,61,21533,买盘
1312,10:35:17,3.53,--,38,13414,买盘
1313,10:35:11,3.53,0.01,2832,999696,买盘
1314,10:35:06,3.52,-0.01,673,236896,卖盘
1315,10:34:51,3.53,0.01,2,706,买盘
1316,10:34:40,3.52,-0.01,3,1056,卖盘
1317,10:34:36,3.53,--,40,14120,买盘
1318,10:34:21,3.53,--,97,34241,买盘
1319,10:34:16,3.53,--,410,144730,买盘
1320,10:34:05,3.53,0.01,69,24357,买盘
1321,10:34:00,3.52,-0.01,2,704,卖盘
1322,10:33:45,3.53,--,11,3883,买盘
1323,10:33:41,3.53,0.01,7,2471,买盘
1324,10:33:36,3.52,-0.01,178,62656,卖盘
1325,10:33:31,3.53,0.01,514,181442,买盘
1326,10:33:25,3.52,-0.01,28,9856,卖盘
1327,10:33:21,3.53,0.01,37,13061,买盘
1328,10:33:15,3.52,--,284,99968,卖盘
1329,10:33:06,3.52,-0.01,36,12672,卖盘
1330,10:33:01,3.53,0.01,304,107312,买盘
1331,10:32:45,3.52,-0.01,200,70400,卖盘
1332,10:32:40,3.53,0.01,33,11649,买盘
1333,10:32:36,3.52,-0.01,89,31328,卖盘
1334,10:32:30,3.53,--,75,26475,买盘
1335,10:32:21,3.53,0.01,230,81190,买盘
1336,10:32:15,3.52,--,141,49632,卖盘
1337,10:32:10,3.52,--,1,352,卖盘
1338,10:32:06,3.52,--,161,56672,卖盘
1339,10:32:00,3.52,--,40,14080,卖盘
1340,10:31:51,3.52,--,942,331584,卖盘
1341,10:31:45,3.52,-0.01,332,116864,卖盘
1342,10:31:39,3.53,--,2,706,买盘
1343,10:31:36,3.53,0.01,69,24357,买盘
1344,10:31:30,3.52,-0.01,10,3520,卖盘
1345,10:31:21,3.53,--,203,71659,买盘
1346,10:31:15,3.53,--,95,33535,买盘
1347,10:31:10,3.53,--,40,14120,买盘
1348,10:31:06,3.53,--,435,153555,买盘
1349,10:30:51,3.53,--,118,41654,买盘
1350,10:30:45,3.53,--,184,64952,买盘
1351,10:30:40,3.53,0.01,21,7413,买盘
1352,10:30:35,3.52,--,65,22880,卖盘
1353,10:30:30,3.52,--,4,1408,卖盘
1354,10:30:24,3.52,-0.01,2,704,卖盘
1355,10:30:21,3.53,--,114,40242,买盘
1356,10:30:14,3.53,--,108,38124,买盘
1357,10:30:06,3.53,0.01,188,66364,买盘
1358,10:30:00,3.52,--,4,1408,卖盘
1359,10:29:54,3.52,--,31,10912,卖盘
1360,10:29:51,3.52,--,9,3168,卖盘
1361,10:29:45,3.52,--,60,21120,卖盘
1362,10:29:35,3.52,--,68,23936,卖盘
1363,10:29:30,3.52,--,4,1408,卖盘
1364,10:29:24,3.52,-0.01,2,704,卖盘
1365,10:29:10,3.53,0.01,24,8472,买盘
1366,10:29:04,3.52,--,34,11968,卖盘
1367,10:28:54,3.52,--,73,25696,卖盘
1368,10:28:45,3.52,--,9,3168,卖盘
1369,10:28:40,3.52,--,1,352,卖盘
1370,10:28:34,3.52,--,32,11264,卖盘
1371,10:28:25,3.52,-0.01,2,704,卖盘
1372,10:28:10,3.53,0.01,35,12355,买盘
1373,10:28:04,3.52,--,32,11264,卖盘
1374,10:27:55,3.52,--,70,24640,卖盘
1375,10:27:40,3.52,--,1,352,卖盘
1376,10:27:34,3.52,--,32,11264,卖盘
1377,10:27:30,3.52,--,53,18656,卖盘
1378,10:27:25,3.52,-0.01,2,704,卖盘
1379,10:27:18,3.53,0.01,14,4942,买盘
1380,10:27:09,3.52,--,3,1056,卖盘
1381,10:27:05,3.52,--,32,11264,卖盘
1382,10:27:00,3.52,-0.01,36,12672,卖盘
1383,10:26:55,3.53,0.01,8,2824,买盘
1384,10:26:45,3.52,-0.01,62,21824,卖盘
1385,10:26:39,3.53,0.01,1,353,买盘
1386,10:26:34,3.52,-0.01,32,11264,卖盘
1387,10:26:30,3.53,--,84,29652,买盘
1388,10:26:24,3.53,--,18,6354,买盘
1389,10:26:18,3.53,--,34,12002,买盘
1390,10:26:09,3.53,0.01,24,8472,买盘
1391,10:26:04,3.52,--,32,11264,卖盘
1392,10:26:00,3.52,--,527,185504,买盘
1393,10:25:54,3.52,--,457,160864,买盘
1394,10:25:45,3.52,--,14,4928,买盘
1395,10:25:39,3.52,0.01,1603,564256,买盘
1396,10:25:34,3.51,-0.01,32,11232,卖盘
1397,10:25:30,3.52,--,413,145376,买盘
1398,10:25:24,3.52,--,188,66176,买盘
1399,10:25:20,3.52,--,19,6688,买盘
1400,10:25:09,3.52,--,2,704,买盘
1401,10:25:04,3.52,--,2024,712448,买盘
1402,10:25:00,3.52,0.01,39,13728,买盘
1403,10:24:54,3.51,--,373,130922,卖盘
1404,10:24:49,3.51,-0.01,1,351,卖盘
1405,10:24:39,3.52,0.01,10,3520,买盘
1406,10:24:33,3.51,-0.01,33,11583,卖盘
1407,10:24:30,3.52,--,2322,817344,买盘
1408,10:24:24,3.52,--,242,85184,买盘
1409,10:24:09,3.52,0.01,509,179168,买盘
1410,10:24:04,3.51,--,65,22815,卖盘
1411,10:24:00,3.51,-0.01,164,57564,卖盘
1412,10:23:54,3.52,--,19,6688,买盘
1413,10:23:49,3.52,--,8,2816,买盘
1414,10:23:45,3.52,--,4,1408,买盘
1415,10:23:39,3.52,0.01,54,19008,买盘
1416,10:23:33,3.51,-0.01,32,11232,卖盘
1417,10:23:24,3.52,--,962,338624,买盘
1418,10:23:18,3.52,--,25,8800,买盘
1419,10:23:15,3.52,--,61,21472,买盘
1420,10:23:09,3.52,0.01,7,2464,买盘
1421,10:23:04,3.51,--,32,11232,卖盘
1422,10:23:00,3.51,-0.01,177,62126,卖盘
1423,10:22:48,3.52,0.01,28,9856,买盘
1424,10:22:45,3.51,-0.01,50,17550,卖盘
1425,10:22:39,3.52,0.01,80,28160,买盘
1426,10:22:34,3.51,-0.01,71,24921,卖盘
1427,10:22:29,3.52,--,30,10560,买盘
1428,10:22:24,3.52,--,71,24992,买盘
1429,10:22:09,3.52,0.01,18,6336,买盘
1430,10:22:03,3.51,-0.01,964,338364,卖盘
1431,10:21:58,3.52,--,1199,422048,买盘
1432,10:21:39,3.52,0.01,34,11968,买盘
1433,10:21:33,3.51,-0.01,410,143910,卖盘
1434,10:21:28,3.52,--,38,13376,买盘
1435,10:21:24,3.52,--,10,3520,买盘
1436,10:21:13,3.52,0.01,7,2464,买盘
1437,10:21:09,3.51,--,207,72657,卖盘
1438,10:21:03,3.51,-0.01,228,80028,卖盘
1439,10:20:58,3.52,0.01,211,74272,买盘
1440,10:20:53,3.51,-0.01,330,115952,卖盘
1441,10:20:49,3.52,--,819,288288,买盘
1442,10:20:43,3.52,--,150,52800,买盘
1443,10:20:38,3.52,--,139,48928,买盘
1444,10:20:34,3.52,--,206,72512,买盘
1445,10:20:24,3.52,--,21,7392,买盘
1446,10:20:19,3.52,--,99,34848,买盘
1447,10:20:14,3.52,--,7,2464,买盘
1448,10:20:09,3.52,0.01,134,47168,买盘
1449,10:20:04,3.51,-0.01,220,77220,卖盘
1450,10:19:58,3.52,--,141,49632,买盘
1451,10:19:54,3.52,--,99,34848,买盘
1452,10:19:48,3.52,--,10,3520,买盘
1453,10:19:34,3.52,--,86,30360,买盘
1454,10:19:28,3.52,--,22,7744,买盘
1455,10:19:24,3.52,--,21,7392,买盘
1456,10:19:18,3.52,0.01,54,19008,买盘
1457,10:19:04,3.51,-0.01,189,66419,卖盘
1458,10:18:58,3.52,0.01,100,35200,买盘
1459,10:18:54,3.51,--,13,4563,卖盘
1460,10:18:34,3.51,-0.01,62,21842,卖盘
1461,10:18:24,3.52,--,142,49984,买盘
1462,10:18:19,3.52,--,7,2464,买盘
1463,10:18:13,3.52,--,95,33440,买盘
1464,10:18:09,3.52,0.01,240,84480,买盘
1465,10:18:03,3.51,-0.01,86,30266,卖盘
1466,10:17:59,3.52,--,141,49632,买盘
1467,10:17:54,3.52,--,25,8800,买盘
1468,10:17:48,3.52,--,12,4224,买盘
1469,10:17:43,3.52,--,125,44000,买盘
1470,10:17:39,3.52,--,1170,412082,卖盘
1471,10:17:33,3.52,--,72,25424,卖盘
1472,10:17:24,3.52,--,173,60896,卖盘
1473,10:17:18,3.52,-0.01,2,704,卖盘
1474,10:17:09,3.53,0.01,30,10590,买盘
1475,10:17:03,3.52,-0.01,128,45136,卖盘
1476,10:16:57,3.53,--,90,31770,买盘
1477,10:16:39,3.53,0.01,100,35300,买盘
1478,10:16:33,3.52,--,75,26400,卖盘
1479,10:16:28,3.52,-0.01,3,1056,卖盘
1480,10:16:24,3.53,0.01,8,2824,买盘
1481,10:16:18,3.52,--,29,10208,卖盘
1482,10:16:13,3.52,-0.01,110,38720,卖盘
1483,10:16:09,3.53,0.01,37,13061,买盘
1484,10:16:01,3.52,--,84,29568,卖盘
1485,10:15:58,3.52,--,20,7040,卖盘
1486,10:15:54,3.52,--,568,199936,卖盘
1487,10:15:48,3.52,-0.01,20,7040,卖盘
1488,10:15:43,3.53,0.01,77,27181,买盘
1489,10:15:33,3.52,-0.01,117,41184,卖盘
1490,10:15:27,3.53,--,85,30005,买盘
1491,10:15:22,3.53,--,48,16944,买盘
1492,10:15:18,3.53,0.01,5,1765,买盘
1493,10:15:13,3.52,--,168,59259,卖盘
1494,10:15:03,3.52,-0.01,136,47872,卖盘
1495,10:14:58,3.53,0.01,141,49773,买盘
1496,10:14:52,3.52,-0.01,30,10560,卖盘
1497,10:14:48,3.53,0.01,18,6354,买盘
1498,10:14:43,3.52,--,80,28160,卖盘
1499,10:14:33,3.52,-0.01,32,11264,卖盘
1500,10:14:28,3.53,0.01,1051,371003,买盘
1501,10:14:18,3.52,-0.01,50,17600,卖盘
1502,10:14:12,3.53,0.01,22,7766,买盘
1503,10:14:03,3.52,-0.01,1256,442112,卖盘
1504,10:13:58,3.53,0.01,1465,517145,买盘
1505,10:13:33,3.52,-0.01,32,11264,卖盘
1506,10:13:17,3.53,0.01,20,7060,买盘
1507,10:13:13,3.52,--,175,61600,卖盘
1508,10:13:07,3.52,--,27,9627,卖盘
1509,10:13:02,3.52,--,32,11264,卖盘
1510,10:12:52,3.52,--,52,18304,卖盘
1511,10:12:43,3.52,--,6,2112,卖盘
1512,10:12:33,3.52,--,32,11264,卖盘
1513,10:12:28,3.52,--,20,7040,卖盘
1514,10:12:18,3.52,--,3,1056,卖盘
1515,10:12:13,3.52,-0.01,4,1408,卖盘
1516,10:12:07,3.53,0.01,4,1412,买盘
1517,10:12:03,3.52,-0.01,1287,453024,卖盘
1518,10:11:57,3.53,--,1704,601512,买盘
1519,10:11:48,3.53,0.01,1224,432072,买盘
1520,10:11:43,3.52,--,4,1408,卖盘
1521,10:11:33,3.52,-0.01,32,11264,卖盘
1522,10:11:27,3.53,0.01,4,1412,买盘
1523,10:11:18,3.52,-0.01,114,40128,卖盘
1524,10:11:13,3.53,0.01,30,10590,买盘
1525,10:11:07,3.52,--,100,35200,卖盘
1526,10:11:03,3.52,--,36,12672,卖盘
1527,10:10:57,3.52,-0.01,6,2112,卖盘
1528,10:10:48,3.53,0.01,5,1765,买盘
1529,10:10:43,3.52,-0.01,4,1408,卖盘
1530,10:10:37,3.53,--,156,55068,买盘
1531,10:10:33,3.53,0.01,33,11649,买盘
1532,10:10:28,3.52,--,140,49280,卖盘
1533,10:10:22,3.52,--,1,352,卖盘
1534,10:10:18,3.52,-0.01,1365,480480,卖盘
1535,10:10:12,3.53,--,62,21886,买盘
1536,10:10:07,3.53,0.01,21,7413,买盘
1537,10:10:03,3.52,-0.01,59,20891,卖盘
1538,10:09:58,3.53,0.01,51,18003,买盘
1539,10:09:41,3.52,-0.01,4,1408,卖盘
1540,10:09:37,3.53,0.01,82,29228,买盘
1541,10:09:32,3.52,--,193,67936,买盘
1542,10:09:27,3.52,--,223,78496,买盘
1543,10:09:18,3.52,--,500,176000,买盘
1544,10:09:12,3.52,--,49,17248,买盘
1545,10:09:07,3.52,0.01,1845,649440,买盘
1546,10:09:03,3.51,-0.01,62,21762,卖盘
1547,10:08:57,3.52,--,3325,1170646,买盘
1548,10:08:53,3.52,--,4,1408,买盘
1549,10:08:47,3.52,--,197,69344,买盘
1550,10:08:41,3.52,--,114,40128,买盘
1551,10:08:37,3.52,--,35,12320,买盘
1552,10:08:27,3.52,--,471,165792,买盘
1553,10:08:22,3.52,--,305,107676,卖盘
1554,10:08:16,3.52,--,2,704,卖盘
1555,10:08:11,3.52,--,137,48259,买盘
1556,10:08:07,3.52,0.01,2632,926464,买盘
1557,10:08:01,3.51,-0.01,54,19199,卖盘
1558,10:07:57,3.52,--,181,63712,买盘
1559,10:07:52,3.52,0.01,141,49632,买盘
1560,10:07:47,3.51,-0.01,12,4212,卖盘
1561,10:07:42,3.52,--,4,1408,买盘
1562,10:07:37,3.52,--,443,155936,买盘
1563,10:07:32,3.52,--,10,3520,买盘
1564,10:07:27,3.52,--,1018,358336,买盘
1565,10:07:16,3.52,--,340,119680,买盘
1566,10:07:11,3.52,--,1160,408320,买盘
1567,10:07:07,3.52,--,252,88704,买盘
1568,10:07:01,3.52,--,204,71808,买盘
1569,10:06:57,3.52,--,877,308704,买盘
1570,10:06:52,3.52,--,1273,448096,买盘
1571,10:06:46,3.52,--,55,19360,买盘
1572,10:06:41,3.52,--,316,111232,买盘
1573,10:06:37,3.52,--,206,72522,买盘
1574,10:06:32,3.52,--,208,73216,买盘
1575,10:06:26,3.52,--,2089,735328,买盘
1576,10:06:22,3.52,--,476,167552,买盘
1577,10:06:17,3.52,--,453,159456,买盘
1578,10:06:12,3.52,--,2073,729696,买盘
1579,10:06:07,3.52,--,945,332882,买盘
1580,10:06:02,3.52,--,2,704,买盘
1581,10:05:57,3.52,--,499,175648,买盘
1582,10:05:51,3.52,--,262,92224,买盘
1583,10:05:37,3.52,--,103,36498,买盘
1584,10:05:31,3.52,0.01,15,5280,买盘
1585,10:05:27,3.51,-0.01,468,164268,卖盘
1586,10:05:22,3.52,--,2,704,买盘
1587,10:05:16,3.52,--,19,6688,买盘
1588,10:05:12,3.52,--,369,129888,买盘
1589,10:05:07,3.52,--,647,227867,买盘
1590,10:05:01,3.52,--,59,20768,买盘
1591,10:04:56,3.52,--,697,245344,买盘
1592,10:04:52,3.52,--,54,19008,买盘
1593,10:04:42,3.52,--,1,352,买盘
1594,10:04:37,3.52,--,197,69344,买盘
1595,10:04:31,3.52,0.01,1904,670208,买盘
1596,10:04:27,3.51,--,465,163215,卖盘
1597,10:04:22,3.51,--,57,20007,卖盘
1598,10:04:06,3.51,--,673,236223,卖盘
1599,10:03:57,3.51,-0.01,465,163215,卖盘
1600,10:03:51,3.52,--,25,8800,买盘
1601,10:03:41,3.52,--,298,104896,买盘
1602,10:03:36,3.52,0.01,672,236544,买盘
1603,10:03:26,3.51,-0.01,465,163215,卖盘
1604,10:03:22,3.52,0.01,77,27104,买盘
1605,10:03:16,3.51,--,97,34047,卖盘
1606,10:03:06,3.51,-0.01,533,187083,卖盘
1607,10:03:01,3.52,--,242,85184,买盘
1608,10:02:57,3.52,--,624,219648,买盘
1609,10:02:51,3.52,--,111,39072,买盘
1610,10:02:45,3.52,0.01,99,34848,买盘
1611,10:02:36,3.51,-0.01,536,188136,卖盘
1612,10:02:31,3.52,--,31,10912,买盘
1613,10:02:20,3.52,0.01,650,228800,买盘
1614,10:02:17,3.51,--,144,50544,卖盘
1615,10:02:10,3.51,--,1,351,卖盘
1616,10:02:05,3.51,--,36,12636,卖盘
1617,10:02:01,3.51,--,419,147069,卖盘
1618,10:01:51,3.51,-0.01,1000,351000,卖盘
1619,10:01:40,3.52,--,52,18304,买盘
1620,10:01:36,3.52,0.01,73,25696,买盘
1621,10:01:31,3.51,--,213,74763,卖盘
1622,10:01:20,3.51,--,3,1053,卖盘
1623,10:01:16,3.51,--,86,30185,卖盘
1624,10:01:06,3.51,-0.01,36,12636,卖盘
1625,10:00:55,3.52,--,162,57024,买盘
1626,10:00:51,3.52,0.01,211,74272,买盘
1627,10:00:46,3.51,--,13,4563,卖盘
1628,10:00:40,3.51,-0.01,65,22815,卖盘
1629,10:00:36,3.52,--,57,20064,买盘
1630,10:00:31,3.52,--,54,19008,买盘
1631,10:00:25,3.52,0.01,54,19008,买盘
1632,10:00:21,3.51,-0.01,259,90975,卖盘
1633,10:00:16,3.52,--,412,145024,买盘
1634,10:00:10,3.52,0.01,90,31680,买盘
1635,10:00:06,3.51,--,36,12636,卖盘
1636,10:00:01,3.51,-0.01,110,38610,卖盘
1637,09:59:51,3.52,0.01,32,11264,买盘
1638,09:59:45,3.51,-0.01,109,38259,卖盘
1639,09:59:39,3.52,--,10,3520,买盘
1640,09:59:36,3.52,0.01,34,11968,买盘
1641,09:59:16,3.51,--,23,8072,卖盘
1642,09:59:11,3.51,-0.01,3,1053,卖盘
1643,09:59:06,3.52,--,54,19008,买盘
1644,09:59:01,3.52,--,39,13728,买盘
1645,09:58:55,3.52,--,3,1056,买盘
1646,09:58:51,3.52,0.01,37,13024,买盘
1647,09:58:46,3.51,--,3,1053,卖盘
1648,09:58:36,3.51,-0.01,254,89154,卖盘
1649,09:58:31,3.52,0.01,52,18304,买盘
1650,09:58:21,3.51,--,2054,720954,卖盘
1651,09:58:15,3.51,--,7,2457,卖盘
1652,09:58:10,3.51,--,4,1404,卖盘
1653,09:58:06,3.51,--,1467,514916,卖盘
1654,09:57:51,3.51,--,102,35802,卖盘
1655,09:57:36,3.51,--,802,281502,卖盘
1656,09:57:25,3.51,--,10,3510,卖盘
1657,09:57:21,3.51,-0.01,100,35100,卖盘
1658,09:57:15,3.52,--,670,235840,买盘
1659,09:57:10,3.52,0.01,1,352,买盘
1660,09:57:06,3.51,-0.01,54,18954,卖盘
1661,09:56:50,3.52,0.01,20,7040,买盘
1662,09:56:45,3.51,-0.01,33,11583,卖盘
1663,09:56:30,3.52,0.01,14,4928,买盘
1664,09:56:21,3.51,--,3,1053,卖盘
1665,09:56:05,3.51,--,339,118989,卖盘
1666,09:56:00,3.51,--,68,23868,卖盘
1667,09:55:55,3.51,--,3,1053,卖盘
1668,09:55:45,3.51,-0.01,37,12987,卖盘
1669,09:55:36,3.52,0.01,446,156992,买盘
1670,09:55:29,3.51,-0.01,33,11583,卖盘
1671,09:55:24,3.52,--,54,19008,买盘
1672,09:55:19,3.52,--,100,35200,买盘
1673,09:55:14,3.52,0.01,36,12672,买盘
1674,09:55:03,3.51,--,455,159705,卖盘
1675,09:55:00,3.51,-0.01,40,14040,卖盘
1676,09:54:45,3.52,0.01,29,10208,买盘
1677,09:54:34,3.51,--,327,114777,卖盘
1678,09:54:30,3.51,--,1,351,卖盘
1679,09:54:19,3.51,-0.01,10,3510,卖盘
1680,09:54:04,3.52,--,389,136928,买盘
1681,09:53:59,3.52,0.01,403,141856,买盘
1682,09:53:34,3.51,-0.01,19,6669,卖盘
1683,09:53:30,3.52,--,41,14432,买盘
1684,09:53:19,3.52,0.01,2,704,买盘
1685,09:53:15,3.51,--,5,1755,卖盘
1686,09:53:10,3.51,-0.01,27,9477,卖盘
1687,09:53:04,3.52,0.01,228,80256,买盘
1688,09:53:00,3.51,--,25,8775,卖盘
1689,09:52:55,3.51,-0.01,730,256229,卖盘
1690,09:52:45,3.52,--,99,34848,买盘
1691,09:52:40,3.52,0.01,6,2112,买盘
1692,09:52:34,3.51,-0.01,211,74061,卖盘
1693,09:52:19,3.52,--,5,1760,买盘
1694,09:52:15,3.52,0.01,24,8448,买盘
1695,09:52:09,3.51,--,171,60231,卖盘
1696,09:52:04,3.51,-0.01,4,1404,卖盘
1697,09:51:59,3.52,0.01,481,169312,买盘
1698,09:51:55,3.51,--,1135,398385,卖盘
1699,09:51:45,3.51,--,125,43875,卖盘
1700,09:51:33,3.51,--,7,2457,卖盘
1701,09:51:24,3.51,-0.01,93,32642,卖盘
1702,09:51:18,3.52,--,612,215424,买盘
1703,09:51:15,3.52,--,2,704,买盘
1704,09:51:09,3.52,0.01,154,54208,买盘
1705,09:51:04,3.51,-0.01,1529,536679,卖盘
1706,09:50:59,3.52,0.01,454,159808,买盘
1707,09:50:45,3.51,-0.01,136,47736,卖盘
1708,09:50:34,3.52,0.01,24,8448,买盘
1709,09:50:30,3.51,-0.01,373,130922,卖盘
1710,09:50:18,3.52,--,4,1408,买盘
1711,09:50:14,3.52,--,117,41184,买盘
1712,09:50:04,3.52,0.01,1,352,买盘
1713,09:50:00,3.51,--,392,137592,卖盘
1714,09:49:55,3.51,-0.01,49,17199,卖盘
1715,09:49:44,3.52,--,294,103488,买盘
1716,09:49:39,3.52,0.01,6,2112,买盘
1717,09:49:34,3.51,--,233,81783,卖盘
1718,09:49:30,3.51,--,349,122498,卖盘
1719,09:49:24,3.51,-0.01,58,20358,卖盘
1720,09:49:18,3.52,--,1,352,买盘
1721,09:49:15,3.52,0.01,192,67584,买盘
1722,09:49:08,3.51,--,87,30536,卖盘
1723,09:49:00,3.51,--,672,235872,卖盘
1724,09:48:48,3.51,--,16,5616,卖盘
1725,09:48:39,3.51,-0.01,350,122849,卖盘
1726,09:48:34,3.52,--,394,138688,买盘
1727,09:48:24,3.52,--,2,704,买盘
1728,09:48:18,3.52,0.01,1,352,买盘
1729,09:48:03,3.51,-0.01,4,1404,卖盘
1730,09:47:58,3.52,--,33,11616,买盘
1731,09:47:49,3.52,0.01,5,1760,买盘
1732,09:47:38,3.51,--,22,7721,卖盘
1733,09:47:34,3.51,-0.01,101,35451,卖盘
1734,09:47:28,3.52,--,214,75328,买盘
1735,09:47:23,3.52,--,12,4224,买盘
1736,09:47:19,3.52,0.01,694,244288,买盘
1737,09:47:13,3.51,-0.01,68,23868,卖盘
1738,09:47:09,3.52,--,16,5632,买盘
1739,09:47:04,3.52,--,155,54560,买盘
1740,09:46:58,3.52,0.01,26,9152,买盘
1741,09:46:54,3.51,--,50,17550,卖盘
1742,09:46:49,3.51,-0.01,29,10179,卖盘
1743,09:46:43,3.52,--,23,8096,买盘
1744,09:46:34,3.52,--,70,24640,买盘
1745,09:46:28,3.52,0.01,51,17952,买盘
1746,09:46:24,3.51,-0.01,28,9828,卖盘
1747,09:46:19,3.52,0.01,123,43296,买盘
1748,09:46:12,3.51,-0.01,1624,570024,卖盘
1749,09:46:09,3.52,0.01,3,1056,买盘
1750,09:46:03,3.51,-0.01,4564,1601964,卖盘
1751,09:45:58,3.52,--,46,16192,买盘
1752,09:45:48,3.52,--,194,68288,买盘
1753,09:45:39,3.52,0.01,7,2464,买盘
1754,09:45:33,3.51,--,551,193401,卖盘
1755,09:45:27,3.51,-0.01,20,7020,卖盘
1756,09:45:19,3.52,--,149,52448,买盘
1757,09:45:08,3.52,0.01,20,7040,买盘
1758,09:45:03,3.51,--,221,77571,卖盘
1759,09:44:54,3.51,-0.01,158,55458,卖盘
1760,09:44:48,3.52,--,20,7040,买盘
1761,09:44:39,3.52,0.01,54,19008,买盘
1762,09:44:33,3.51,--,7,2457,卖盘
1763,09:44:18,3.51,-0.01,22,7721,卖盘
1764,09:44:08,3.52,0.01,50,17600,买盘
1765,09:44:03,3.51,-0.01,7,2457,卖盘
1766,09:43:54,3.52,--,47,16544,买盘
1767,09:43:48,3.52,--,42,14784,买盘
1768,09:43:39,3.52,--,17,5984,买盘
1769,09:43:34,3.52,0.01,23,8096,买盘
1770,09:43:27,3.51,--,1,351,卖盘
1771,09:43:24,3.51,--,3,1053,卖盘
1772,09:43:18,3.51,--,97,34047,卖盘
1773,09:43:09,3.51,-0.01,169,59319,卖盘
1774,09:43:03,3.52,0.01,261,91872,买盘
1775,09:42:57,3.51,-0.01,92,32291,卖盘
1776,09:42:54,3.52,0.01,677,238304,买盘
1777,09:42:48,3.51,--,1375,482624,买盘
1778,09:42:43,3.51,--,447,156897,买盘
1779,09:42:37,3.51,0.01,20,7020,买盘
1780,09:42:32,3.5,-0.01,41,14350,卖盘
1781,09:42:27,3.51,--,4155,1458405,买盘
1782,09:42:22,3.51,--,45,15794,买盘
1783,09:42:18,3.51,0.01,700,245699,买盘
1784,09:42:12,3.5,--,20,7000,卖盘
1785,09:42:07,3.5,-0.01,55,19250,卖盘
1786,09:42:03,3.51,0.01,57,20007,买盘
1787,09:41:52,3.5,--,20,7000,卖盘
1788,09:41:48,3.5,-0.01,317,110950,卖盘
1789,09:41:43,3.51,--,11,3860,买盘
1790,09:41:37,3.51,0.01,100,35100,买盘
1791,09:41:33,3.5,-0.01,107,37450,卖盘
1792,09:41:21,3.51,--,20,7020,买盘
1793,09:41:18,3.51,--,491,172341,买盘
1794,09:41:13,3.51,--,200,70200,买盘
1795,09:41:07,3.51,0.01,112,39312,买盘
1796,09:41:03,3.5,-0.01,10,3500,卖盘
1797,09:40:57,3.51,--,150,52650,卖盘
1798,09:40:52,3.51,--,8965,3146715,卖盘
1799,09:40:48,3.51,-0.01,8990,3155490,卖盘
1800,09:40:42,3.52,0.01,15,5280,买盘
1801,09:40:37,3.51,-0.01,33,11583,卖盘
1802,09:40:33,3.52,0.01,13,4576,买盘
1803,09:40:28,3.51,--,59,20709,卖盘
1804,09:40:17,3.51,--,50,17550,卖盘
1805,09:40:12,3.51,-0.01,123,43173,卖盘
1806,09:40:07,3.52,--,13,4576,买盘
1807,09:40:03,3.52,--,32,11264,买盘
1808,09:39:57,3.52,--,132,46464,买盘
1809,09:39:51,3.52,--,570,200640,买盘
1810,09:39:47,3.52,--,49,17248,买盘
1811,09:39:43,3.52,--,59,20768,买盘
1812,09:39:37,3.52,0.01,98,34496,买盘
1813,09:39:32,3.51,-0.01,390,136890,卖盘
1814,09:39:27,3.52,0.01,2,704,买盘
1815,09:39:18,3.51,-0.01,1,351,卖盘
1816,09:39:12,3.52,--,54,19008,买盘
1817,09:39:02,3.52,--,67,23584,买盘
1818,09:38:57,3.52,0.01,61,21472,买盘
1819,09:38:48,3.51,-0.01,26,9126,卖盘
1820,09:38:42,3.52,--,5,1760,买盘
1821,09:38:33,3.52,0.01,239,84128,买盘
1822,09:38:28,3.51,--,41,14391,卖盘
1823,09:38:22,3.51,-0.01,245,85995,卖盘
1824,09:38:17,3.52,--,353,124256,买盘
1825,09:38:12,3.52,0.01,6,2112,买盘
1826,09:38:02,3.51,-0.01,680,238680,卖盘
1827,09:37:57,3.52,--,1102,387904,买盘
1828,09:37:52,3.52,--,32,11264,买盘
1829,09:37:48,3.52,--,45,15840,买盘
1830,09:37:42,3.52,--,40,14080,买盘
1831,09:37:33,3.52,--,1,352,买盘
1832,09:37:27,3.52,--,38,13376,买盘
1833,09:37:13,3.52,--,1,352,买盘
1834,09:37:07,3.52,--,1,352,买盘
1835,09:37:03,3.52,--,12,4224,买盘
1836,09:36:57,3.52,--,54,19008,买盘
1837,09:36:48,3.52,--,54,19008,买盘
1838,09:36:37,3.52,--,27,9504,买盘
1839,09:36:33,3.52,0.01,55,19360,买盘
1840,09:36:27,3.51,-0.01,4224,1482953,卖盘
1841,09:36:21,3.52,0.01,86,30272,买盘
1842,09:36:06,3.51,-0.01,213,74763,卖盘
1843,09:35:57,3.52,--,1,352,买盘
1844,09:35:46,3.52,0.01,60,21120,买盘
1845,09:35:42,3.51,-0.01,3,1053,卖盘
1846,09:35:36,3.52,0.01,54,19008,买盘
1847,09:35:26,3.51,-0.01,464,162864,卖盘
1848,09:35:21,3.52,0.01,367,129184,买盘
1849,09:35:15,3.51,--,1,351,卖盘
1850,09:35:12,3.51,--,100,35100,卖盘
1851,09:35:07,3.51,--,76,26676,买盘
1852,09:35:01,3.51,-0.01,20,7020,中性盘
1853,09:34:57,3.52,0.02,901,317152,买盘
1854,09:34:42,3.5,--,111,38850,卖盘
1855,09:34:36,3.5,-0.01,710,248500,卖盘
1856,09:34:31,3.51,--,168,58968,买盘
1857,09:34:26,3.51,--,1471,516320,买盘
1858,09:34:22,3.51,--,70,24570,买盘
1859,09:34:16,3.51,--,50,17550,买盘
1860,09:34:12,3.51,--,80,28080,买盘
1861,09:34:07,3.51,0.01,114,40014,买盘
1862,09:33:56,3.5,-0.01,10,3500,卖盘
1863,09:33:46,3.51,0.01,426,149526,买盘
1864,09:33:36,3.5,-0.01,8,2800,卖盘
1865,09:33:22,3.51,0.01,26,9126,买盘
1866,09:33:16,3.5,--,160,56000,卖盘
1867,09:33:07,3.5,-0.01,180,63000,卖盘
1868,09:32:57,3.51,-0.01,20,7020,买盘
1869,09:32:51,3.52,0.01,77,27104,买盘
1870,09:32:46,3.51,--,17,5967,买盘
1871,09:32:41,3.51,--,32,11232,卖盘
1872,09:32:36,3.51,--,8,2808,卖盘
1873,09:32:30,3.51,0.01,1120,393120,卖盘
1874,09:32:26,3.5,--,18,6300,卖盘
1875,09:32:21,3.5,-0.02,2976,1041600,卖盘
1876,09:32:06,3.52,--,1030,362560,买盘
1877,09:31:36,3.52,--,145,51040,买盘
1878,09:31:26,3.52,--,555,195360,买盘
1879,09:31:21,3.52,0.01,42,14784,买盘
1880,09:31:16,3.51,-0.01,2,702,卖盘
1881,09:31:12,3.52,0.01,816,287232,买盘
1882,09:31:06,3.51,-0.01,108,37908,卖盘
1883,09:31:01,3.52,--,816,287232,买盘
1884,09:30:51,3.52,0.02,686,241472,买盘
1885,09:30:36,3.5,-0.01,8,2800,卖盘
1886,09:30:27,3.51,--,0,0,买盘
1887,09:30:21,3.51,--,481,168831,买盘
1888,09:30:12,3.51,--,213,74763,买盘
1889,09:30:06,3.51,--,2634,924534,买盘
1890,09:28:59,3.51,--,0,0,买盘
1891,09:25:03,3.51,3.51,1234,433134,买盘
