,time,price,change,volume,amount,type
0,15:00:00,9.96,--,0,0,买盘
1,14:59:59,9.96,--,0,0,买盘
2,14:59:59,9.96,--,20,19920,买盘
3,14:59:55,9.96,--,46,45816,买盘
4,14:59:50,9.96,0.01,40,39840,买盘
5,14:59:45,9.95,-0.01,57,56714,卖盘
6,14:59:40,9.96,0.01,6,5976,买盘
7,14:59:35,9.95,-0.01,32,31839,卖盘
8,14:59:30,9.96,0.01,13,12948,买盘
9,14:59:25,9.95,--,1,994,卖盘
10,14:59:15,9.95,--,39,38805,卖盘
11,14:59:05,9.95,--,10,9950,卖盘
12,14:58:55,9.95,0.01,70,69650,买盘
13,14:58:50,9.94,-0.01,5,4970,卖盘
14,14:58:45,9.95,--,30,29849,中性盘
15,14:58:40,9.95,--,131,130344,买盘
16,14:58:35,9.95,--,105,104474,买盘
17,14:58:30,9.95,0.01,5,4975,买盘
18,14:58:25,9.94,--,168,166992,卖盘
19,14:58:20,9.94,-0.01,9,8946,卖盘
20,14:58:15,9.95,0.01,10,9950,买盘
21,14:58:10,9.94,--,28,27832,卖盘
22,14:58:05,9.94,-0.01,1,994,卖盘
23,14:58:00,9.95,0.01,122,121389,买盘
24,14:57:55,9.94,--,23,22862,卖盘
25,14:57:50,9.94,-0.01,17,16898,卖盘
26,14:57:40,9.95,--,346,344270,买盘
27,14:57:30,9.95,--,33,32835,买盘
28,14:57:25,9.95,--,10,9950,买盘
29,14:57:20,9.95,--,1,994,买盘
30,14:57:15,9.95,--,99,98505,卖盘
31,14:57:05,9.95,--,20,19900,卖盘
32,14:57:00,9.95,--,4,3979,卖盘
33,14:56:55,9.95,--,43,42785,卖盘
34,14:56:44,9.95,-0.01,20,19900,中性盘
35,14:56:40,9.96,0.01,166,165336,买盘
36,14:56:25,9.95,--,370,368150,卖盘
37,14:56:20,9.95,-0.01,44,43780,卖盘
38,14:56:14,9.96,0.01,4,3984,买盘
39,14:56:10,9.95,-0.01,32,31839,卖盘
40,14:56:04,9.96,0.01,6,5976,买盘
41,14:55:59,9.95,-0.01,2,1989,卖盘
42,14:55:55,9.96,--,53,52788,买盘
43,14:55:49,9.96,0.01,24,23904,买盘
44,14:55:44,9.95,-0.01,5,4975,卖盘
45,14:55:40,9.96,--,26,25896,买盘
46,14:55:34,9.96,--,50,49800,买盘
47,14:55:19,9.96,0.01,37,36852,买盘
48,14:55:14,9.95,--,6,5970,卖盘
49,14:55:10,9.95,-0.01,5,4975,卖盘
50,14:55:04,9.96,0.01,26,25896,买盘
51,14:54:55,9.95,--,2,1989,卖盘
52,14:54:49,9.95,-0.01,16,15919,卖盘
53,14:54:44,9.96,--,9,8964,买盘
54,14:54:40,9.96,0.01,1,996,买盘
55,14:54:34,9.95,--,15,14924,卖盘
56,14:54:25,9.95,--,74,73630,卖盘
57,14:54:19,9.95,--,13,12934,卖盘
58,14:54:10,9.95,--,30,29849,卖盘
59,14:53:59,9.95,--,98,97510,买盘
60,14:53:55,9.95,--,9,8955,买盘
61,14:53:49,9.95,--,32,31839,买盘
62,14:53:40,9.95,--,6,5970,中性盘
63,14:53:34,9.95,0.01,200,199000,买盘
64,14:53:29,9.94,--,3,2982,卖盘
65,14:53:25,9.94,-0.01,3,2982,卖盘
66,14:53:10,9.95,0.01,32,31839,买盘
67,14:53:04,9.94,-0.01,9,8946,卖盘
68,14:52:55,9.95,0.01,31,30844,买盘
69,14:52:44,9.94,--,20,19880,卖盘
70,14:52:40,9.94,--,20,19880,卖盘
71,14:52:34,9.94,--,5,4970,卖盘
72,14:52:29,9.94,--,26,25844,卖盘
73,14:52:24,9.94,--,107,106576,卖盘
74,14:52:19,9.94,--,10,9940,卖盘
75,14:52:14,9.94,--,20,19880,卖盘
76,14:52:09,9.94,--,67,66598,卖盘
77,14:52:04,9.94,--,7,6958,卖盘
78,14:51:59,9.94,--,19,18886,卖盘
79,14:51:54,9.94,--,26,25844,卖盘
80,14:51:49,9.94,--,22,21868,卖盘
81,14:51:44,9.94,-0.01,62,61628,卖盘
82,14:51:39,9.95,0.01,35,34825,买盘
83,14:51:34,9.94,--,88,87472,卖盘
84,14:51:24,9.94,--,12,11928,卖盘
85,14:51:19,9.94,--,14,13916,卖盘
86,14:51:14,9.94,--,35,34790,卖盘
87,14:51:09,9.94,--,90,89460,卖盘
88,14:51:04,9.94,--,60,59640,卖盘
89,14:50:59,9.94,--,202,200788,卖盘
90,14:50:54,9.94,--,69,68586,卖盘
91,14:50:49,9.94,--,305,303170,卖盘
92,14:50:44,9.94,--,250,248500,卖盘
93,14:50:39,9.94,--,14,13916,卖盘
94,14:50:34,9.94,--,7,6958,卖盘
95,14:50:29,9.94,--,5,4970,卖盘
96,14:50:24,9.94,--,9,8946,卖盘
97,14:50:19,9.94,--,114,113316,卖盘
98,14:50:09,9.94,--,87,86478,卖盘
99,14:50:04,9.94,--,3,2982,卖盘
100,14:49:49,9.94,--,43,42742,卖盘
101,14:49:43,9.94,--,28,27832,卖盘
102,14:49:34,9.94,--,3,2982,卖盘
103,14:49:28,9.94,--,9,8946,卖盘
104,14:49:23,9.94,--,23,22862,卖盘
105,14:49:19,9.94,--,166,165004,卖盘
106,14:49:13,9.94,--,6,5964,卖盘
107,14:49:03,9.94,--,9,8946,卖盘
108,14:48:58,9.94,--,38,37772,卖盘
109,14:48:43,9.94,-0.01,10,9940,卖盘
110,14:48:28,9.95,0.01,4,3979,买盘
111,14:48:23,9.94,--,6,5964,卖盘
112,14:48:19,9.94,--,4,3976,卖盘
113,14:48:13,9.94,-0.01,17,16898,卖盘
114,14:48:04,9.95,--,68,67660,买盘
115,14:47:58,9.95,0.01,14,13929,买盘
116,14:47:53,9.94,--,37,36778,卖盘
117,14:47:48,9.94,-0.01,70,69580,卖盘
118,14:47:43,9.95,--,26,25869,卖盘
119,14:47:38,9.95,--,12,11940,卖盘
120,14:47:34,9.95,--,49,48755,卖盘
121,14:47:28,9.95,--,35,34825,卖盘
122,14:47:23,9.95,--,7,6964,卖盘
123,14:47:19,9.95,--,13,12934,卖盘
124,14:47:13,9.95,--,32,31839,卖盘
125,14:47:08,9.95,--,3,2985,卖盘
126,14:46:58,9.95,--,14,13929,卖盘
127,14:46:53,9.95,-0.01,5,4975,卖盘
128,14:46:48,9.96,0.01,4,3984,买盘
129,14:46:43,9.95,-0.01,45,44775,卖盘
130,14:46:38,9.96,0.01,1,996,买盘
131,14:46:33,9.95,--,5,4975,卖盘
132,14:46:28,9.95,--,3,2985,卖盘
133,14:46:23,9.95,--,49,48755,卖盘
134,14:46:08,9.95,--,16,15919,卖盘
135,14:45:43,9.95,--,17,16915,卖盘
136,14:45:28,9.95,-0.01,44,43780,卖盘
137,14:45:03,9.96,--,1,996,买盘
138,14:44:48,9.96,--,38,37848,买盘
139,14:44:43,9.96,--,41,41393,卖盘
140,14:44:23,9.96,--,2,1992,卖盘
141,14:44:18,9.96,--,6,5976,卖盘
142,14:44:08,9.96,--,9,9402,卖盘
143,14:43:53,9.96,0.01,12,11952,买盘
144,14:43:38,9.95,-0.01,4,3979,卖盘
145,14:43:28,9.96,0.01,73,72708,买盘
146,14:43:18,9.95,-0.01,20,19900,卖盘
147,14:42:58,9.96,0.01,37,36852,买盘
148,14:42:33,9.95,--,64,63679,买盘
149,14:42:28,9.95,--,29,28854,买盘
150,14:42:22,9.95,--,10,9950,买盘
151,14:42:18,9.95,0.01,10,9950,买盘
152,14:42:12,9.94,--,37,36778,卖盘
153,14:42:07,9.94,-0.01,43,42742,卖盘
154,14:42:03,9.95,--,15,14924,买盘
155,14:41:58,9.95,--,37,36815,买盘
156,14:41:52,9.95,--,58,57709,买盘
157,14:41:42,9.95,--,10,9950,买盘
158,14:41:37,9.95,--,40,39800,买盘
159,14:41:22,9.95,--,98,97510,卖盘
160,14:41:07,9.95,-0.01,9,8955,卖盘
161,14:40:57,9.96,--,1,996,买盘
162,14:40:47,9.96,0.01,1,996,卖盘
163,14:40:42,9.95,--,2,1989,卖盘
164,14:40:37,9.95,-0.01,29,28854,卖盘
165,14:40:27,9.96,0.01,20,19920,买盘
166,14:39:57,9.95,-0.01,3,2985,买盘
167,14:39:52,9.96,--,0,0,买盘
168,14:39:47,9.96,0.01,105,104580,买盘
169,14:39:42,9.95,-0.01,6,5970,卖盘
170,14:39:32,9.96,--,2,1992,买盘
171,14:39:27,9.96,--,4,3984,买盘
172,14:39:22,9.96,--,11,10956,买盘
173,14:39:12,9.96,0.02,10,9960,买盘
174,14:39:07,9.94,--,0,0,卖盘
175,14:38:52,9.94,-0.02,4,3976,卖盘
176,14:38:42,9.96,--,0,0,买盘
177,14:38:32,9.96,0.03,140,139440,买盘
178,14:38:27,9.93,--,73,72489,买盘
179,14:38:17,9.93,--,35,34755,买盘
180,14:38:12,9.93,--,1072,1064496,买盘
181,14:38:07,9.93,-0.01,220,218460,卖盘
182,14:38:02,9.94,--,2,1988,卖盘
183,14:37:57,9.94,0.01,55,54670,买盘
184,14:37:42,9.93,--,62,61566,卖盘
185,14:37:32,9.93,-0.01,199,197607,卖盘
186,14:37:07,9.94,0.01,10,9940,买盘
187,14:37:02,9.93,-0.01,2,1986,卖盘
188,14:36:52,9.94,0.01,1,994,买盘
189,14:36:42,9.93,-0.01,19,18867,卖盘
190,14:36:37,9.94,0.01,11,10934,买盘
191,14:36:27,9.93,-0.01,7,6951,卖盘
192,14:36:16,9.94,--,15,14910,买盘
193,14:36:12,9.94,--,21,20874,买盘
194,14:36:01,9.94,--,1,994,买盘
195,14:35:46,9.94,--,15,14910,卖盘
196,14:35:42,9.94,--,7,6958,卖盘
197,14:35:27,9.94,-0.01,15,14910,卖盘
198,14:35:16,9.95,--,3,2985,买盘
199,14:35:07,9.95,--,30,29849,买盘
200,14:34:52,9.95,0.01,5,4975,买盘
201,14:34:37,9.94,--,60,59640,卖盘
202,14:34:22,9.94,-0.01,10,9940,卖盘
203,14:34:16,9.95,--,17,16915,卖盘
204,14:34:07,9.95,--,2,1989,卖盘
205,14:34:01,9.95,--,49,48755,卖盘
206,14:33:41,9.95,--,100,99500,卖盘
207,14:33:36,9.95,--,10,9950,卖盘
208,14:33:16,9.95,-0.01,14,13929,卖盘
209,14:33:06,9.96,0.01,4,3984,买盘
210,14:33:01,9.95,--,12,11940,卖盘
211,14:32:56,9.95,--,20,19900,卖盘
212,14:32:51,9.95,--,4,3979,卖盘
213,14:32:46,9.95,-0.01,3,2985,卖盘
214,14:32:21,9.96,--,10,9960,买盘
215,14:32:11,9.96,--,2,1992,卖盘
216,14:32:01,9.96,--,205,204180,卖盘
217,14:31:56,9.96,0.01,1,996,卖盘
218,14:31:31,9.95,0.01,2,1989,买盘
219,14:31:21,9.94,--,0,0,卖盘
220,14:31:16,9.94,-0.01,67,66598,卖盘
221,14:31:11,9.95,--,1,994,卖盘
222,14:30:56,9.95,-0.01,10,9950,卖盘
223,14:30:51,9.96,0.01,21,20916,买盘
224,14:30:41,9.95,-0.01,10,9950,卖盘
225,14:30:36,9.96,--,6,5976,买盘
226,14:30:16,9.96,0.01,8,7968,买盘
227,14:30:06,9.95,--,1,994,卖盘
228,14:29:56,9.95,0.01,4,3979,买盘
229,14:29:51,9.94,--,0,0,卖盘
230,14:29:46,9.94,-0.01,43,42742,卖盘
231,14:29:41,9.95,-0.01,10,9950,卖盘
232,14:29:36,9.96,0.01,1,996,买盘
233,14:29:06,9.95,--,7,7362,买盘
234,14:29:01,9.95,--,33,32835,买盘
235,14:28:51,9.95,--,5,4975,买盘
236,14:28:46,9.95,--,70,69650,买盘
237,14:28:40,9.95,--,15,14924,买盘
238,14:28:16,9.95,--,3,2985,买盘
239,14:28:01,9.95,0.01,3,2985,买盘
240,14:27:55,9.94,-0.01,34,34780,卖盘
241,14:27:51,9.95,--,8,7959,买盘
242,14:27:46,9.95,--,1,994,买盘
243,14:27:36,9.95,0.01,2,1989,买盘
244,14:27:31,9.94,--,6,5964,卖盘
245,14:27:21,9.94,-0.01,63,62622,卖盘
246,14:27:10,9.95,0.01,17,16915,买盘
247,14:26:46,9.94,-0.01,90,89460,卖盘
248,14:26:40,9.95,--,10,9950,买盘
249,14:26:25,9.95,--,7,6964,买盘
250,14:26:20,9.95,0.01,70,69650,买盘
251,14:26:10,9.94,--,10,9940,卖盘
252,14:26:01,9.94,--,35,35674,买盘
253,14:25:55,9.94,--,20,19880,买盘
254,14:25:45,9.94,-0.01,54,53785,卖盘
255,14:25:40,9.95,0.01,2,1989,买盘
256,14:25:35,9.94,--,2,2872,卖盘
257,14:25:30,9.94,--,104,103376,卖盘
258,14:25:00,9.94,--,4,3976,买盘
259,14:24:55,9.94,--,48,47712,买盘
260,14:24:50,9.94,--,50,49700,买盘
261,14:24:45,9.94,--,10,9940,买盘
262,14:24:25,9.94,--,5,4970,买盘
263,14:24:15,9.94,0.01,5,4970,买盘
264,14:24:10,9.93,-0.01,6,5958,卖盘
265,14:24:05,9.94,--,4,3976,买盘
266,14:24:00,9.94,0.01,62,61628,买盘
267,14:23:55,9.93,--,35,34755,卖盘
268,14:23:40,9.93,--,12,11916,卖盘
269,14:23:35,9.93,--,32,31776,卖盘
270,14:23:10,9.93,-0.01,10,9930,卖盘
271,14:23:00,9.94,--,2,1988,买盘
272,14:22:55,9.94,--,20,19880,买盘
273,14:22:50,9.94,--,11,10934,买盘
274,14:22:40,9.94,--,233,232357,买盘
275,14:22:30,9.94,--,5,4970,买盘
276,14:22:15,9.94,0.01,32,31808,买盘
277,14:21:55,9.93,--,3,2979,卖盘
278,14:21:40,9.93,-0.01,23,22839,卖盘
279,14:21:34,9.94,0.01,6,5964,买盘
280,14:21:30,9.93,-0.01,10,9930,卖盘
281,14:21:15,9.94,--,10,9940,买盘
282,14:20:55,9.94,--,4,3976,买盘
283,14:20:49,9.94,--,10,9940,买盘
284,14:20:45,9.94,-0.01,123,122500,卖盘
285,14:20:40,9.95,-0.01,2,1989,卖盘
286,14:20:34,9.96,0.01,10,9960,买盘
287,14:20:25,9.95,--,6,5970,卖盘
288,14:20:19,9.95,--,8,7959,买盘
289,14:19:55,9.95,0.01,2,1989,卖盘
290,14:19:49,9.94,--,26,25844,卖盘
291,14:19:39,9.94,-0.02,104,103376,卖盘
292,14:19:34,9.96,0.01,27,27648,买盘
293,14:19:25,9.95,0.01,10,9950,买盘
294,14:19:04,9.94,-0.01,1,994,卖盘
295,14:18:55,9.95,--,7,6964,买盘
296,14:18:45,9.95,0.02,3,2985,买盘
297,14:18:40,9.93,-0.02,300,297900,卖盘
298,14:18:24,9.95,0.01,200,199000,买盘
299,14:18:19,9.94,-0.01,29,28826,卖盘
300,14:18:14,9.95,0.01,15,14924,买盘
301,14:18:10,9.94,--,13,12922,卖盘
302,14:17:54,9.94,--,7,6958,买盘
303,14:17:44,9.94,-0.01,63,62622,卖盘
304,14:17:39,9.95,0.01,2,1989,买盘
305,14:17:34,9.94,-0.01,124,123256,卖盘
306,14:17:29,9.95,0.01,3,2985,买盘
307,14:17:19,9.94,-0.01,5,4970,卖盘
308,14:17:14,9.95,0.01,3,2985,买盘
309,14:17:09,9.94,-0.01,4,3976,卖盘
310,14:16:54,9.95,--,88,87560,买盘
311,14:16:49,9.95,--,5,4975,买盘
312,14:16:44,9.95,--,10,9950,买盘
313,14:16:39,9.95,--,26,25869,买盘
314,14:16:24,9.95,--,7,6964,买盘
315,14:16:19,9.95,--,40,39800,买盘
316,14:16:09,9.95,0.01,5,4975,买盘
317,14:15:59,9.94,-0.01,15,14910,卖盘
318,14:15:54,9.95,0.01,6,5970,买盘
319,14:15:49,9.94,-0.01,11,10934,卖盘
320,14:15:43,9.95,0.01,1,994,买盘
321,14:15:39,9.94,-0.01,89,88466,卖盘
322,14:15:34,9.95,--,42,41790,买盘
323,14:15:13,9.95,0.01,12,11940,买盘
324,14:15:04,9.94,--,15,14910,卖盘
325,14:14:39,9.94,--,1,994,卖盘
326,14:14:28,9.94,--,2,1988,卖盘
327,14:14:19,9.94,-0.03,5,4970,卖盘
328,14:14:04,9.97,--,0,0,买盘
329,14:13:58,9.97,0.01,893,890430,买盘
330,14:13:54,9.96,--,1,996,卖盘
331,14:13:48,9.96,--,75,74700,卖盘
332,14:13:39,9.96,--,9,8964,卖盘
333,14:13:34,9.96,--,10,9960,卖盘
334,14:13:28,9.96,-0.01,10,9960,卖盘
335,14:13:24,9.97,0.01,2,1994,买盘
336,14:13:18,9.96,--,123,122508,卖盘
337,14:13:13,9.96,--,25,24900,卖盘
338,14:13:04,9.96,--,14,13944,卖盘
339,14:12:58,9.96,--,97,96612,卖盘
340,14:12:49,9.96,--,2,1992,卖盘
341,14:12:43,9.96,--,3,2988,卖盘
342,14:12:33,9.96,-0.01,19,18924,卖盘
343,14:12:23,9.97,0.01,1,997,买盘
344,14:12:18,9.96,-0.01,30,29880,卖盘
345,14:12:03,9.97,0.01,1,997,买盘
346,14:11:58,9.96,--,95,94620,卖盘
347,14:11:53,9.96,--,4,3984,卖盘
348,14:11:48,9.96,--,10,9960,卖盘
349,14:11:43,9.96,-0.01,8,7968,卖盘
350,14:11:34,9.97,--,11,10967,买盘
351,14:11:23,9.97,--,2,1994,买盘
352,14:11:18,9.97,-0.01,57,56829,卖盘
353,14:11:04,9.98,0.01,34,33932,买盘
354,14:10:58,9.97,-0.01,30,29910,卖盘
355,14:10:48,9.98,0.01,3,2994,买盘
356,14:10:43,9.97,--,15,14955,卖盘
357,14:10:28,9.97,-0.02,6,5982,中性盘
358,14:10:18,9.99,0.02,28,27972,买盘
359,14:10:13,9.97,--,1,997,买盘
360,14:10:03,9.97,-0.02,78,78453,卖盘
361,14:09:48,9.99,--,5,4995,买盘
362,14:09:38,9.99,--,2,1998,买盘
363,14:09:33,9.99,--,14,13986,买盘
364,14:08:52,9.99,--,9,9540,卖盘
365,14:08:48,9.99,0.02,65,65384,买盘
366,14:08:43,9.97,--,3,2991,卖盘
367,14:08:33,9.97,--,60,59820,卖盘
368,14:08:28,9.97,-0.01,2,1994,卖盘
369,14:08:22,9.98,0.01,35,34930,买盘
370,14:08:12,9.97,--,5,4985,卖盘
371,14:08:07,9.97,--,100,99700,卖盘
372,14:07:48,9.97,--,78,77766,卖盘
373,14:07:42,9.97,--,2,1994,卖盘
374,14:07:37,9.97,--,10,9970,卖盘
375,14:07:33,9.97,--,4,3988,卖盘
376,14:07:27,9.97,-0.01,12,11964,卖盘
377,14:07:12,9.98,--,30,29940,买盘
378,14:07:07,9.98,--,1,998,买盘
379,14:06:57,9.98,--,17,16966,卖盘
380,14:06:52,9.98,--,2,1996,卖盘
381,14:06:37,9.98,--,16,15968,卖盘
382,14:06:27,9.98,--,43,42914,卖盘
383,14:06:22,9.98,-0.01,21,20958,卖盘
384,14:06:07,9.99,--,0,549,卖盘
385,14:05:57,9.99,--,50,49950,卖盘
386,14:05:47,9.99,--,20,19980,卖盘
387,14:05:42,9.99,--,5,4995,卖盘
388,14:05:37,9.99,--,8,7992,卖盘
389,14:05:12,9.99,--,15,15434,卖盘
390,14:05:02,9.99,--,6,5994,卖盘
391,14:04:42,9.99,0.02,20,19980,买盘
392,14:04:32,9.97,-0.01,15,14955,卖盘
393,14:04:27,9.98,-0.02,4,3992,卖盘
394,14:04:22,10.0,--,0,0,买盘
395,14:04:12,10.0,0.01,165,165000,买盘
396,14:04:07,9.99,0.01,5,4995,卖盘
397,14:03:57,9.98,-0.01,5,4990,卖盘
398,14:03:52,9.99,-0.01,9,8991,卖盘
399,14:03:47,10.0,--,0,0,买盘
400,14:03:42,10.0,0.02,22,22000,买盘
401,14:03:37,9.98,--,9,8982,卖盘
402,14:03:32,9.98,--,0,0,卖盘
403,14:03:27,9.98,--,30,29940,卖盘
404,14:03:12,9.98,--,6,5988,卖盘
405,14:03:07,9.98,--,57,57195,买盘
406,14:03:02,9.98,--,1,998,买盘
407,14:02:52,9.98,0.01,20,19960,买盘
408,14:02:47,9.97,-0.01,4,3988,卖盘
409,14:02:42,9.98,--,3,2994,买盘
410,14:02:37,9.98,-0.02,227,227234,卖盘
411,14:02:27,10.0,--,0,0,买盘
412,14:02:12,10.0,0.02,96,96000,买盘
413,14:02:07,9.98,--,29,28942,卖盘
414,14:01:31,9.98,--,91,91127,买盘
415,14:01:26,9.98,--,10,9980,买盘
416,14:01:22,9.98,--,31,30938,买盘
417,14:01:16,9.98,--,19,18962,买盘
418,14:01:11,9.98,--,5,4990,买盘
419,14:01:01,9.98,0.01,3,2994,买盘
420,14:00:51,9.97,-0.01,10,9970,卖盘
421,14:00:46,9.98,--,5,4990,买盘
422,14:00:42,9.98,--,10,9980,买盘
423,14:00:31,9.98,--,94,93812,买盘
424,14:00:06,9.98,0.01,12,11976,买盘
425,14:00:01,9.97,--,5,4985,买盘
426,13:59:51,9.97,-0.01,29,28913,中性盘
427,13:59:42,9.98,0.01,41,40918,买盘
428,13:59:36,9.97,-0.01,10,9970,卖盘
429,13:59:31,9.98,0.01,49,48902,买盘
430,13:59:27,9.97,-0.01,20,19940,卖盘
431,13:59:21,9.98,0.01,2,1996,买盘
432,13:59:16,9.97,--,30,29910,卖盘
433,13:59:11,9.97,--,12,11964,卖盘
434,13:59:06,9.97,--,29,28913,卖盘
435,13:59:01,9.97,--,48,47856,卖盘
436,13:58:56,9.97,--,22,21934,卖盘
437,13:58:51,9.97,--,33,32901,买盘
438,13:58:46,9.97,--,12,11964,卖盘
439,13:58:41,9.97,--,5,4985,卖盘
440,13:58:36,9.97,--,42,41874,卖盘
441,13:58:26,9.97,--,24,23928,卖盘
442,13:58:21,9.97,-0.01,3,2991,卖盘
443,13:58:16,9.98,--,10,9980,买盘
444,13:58:06,9.98,0.01,93,92814,买盘
445,13:58:01,9.97,--,133,132601,卖盘
446,13:57:51,9.97,-0.01,14,13958,卖盘
447,13:57:46,9.98,0.01,24,23952,买盘
448,13:57:36,9.97,-0.01,1,997,卖盘
449,13:57:31,9.98,--,31,30938,买盘
450,13:57:16,9.98,--,6,5988,买盘
451,13:57:11,9.98,-0.01,56,55888,卖盘
452,13:56:51,9.99,--,7,6993,卖盘
453,13:56:46,9.99,--,3,2997,卖盘
454,13:56:41,9.99,--,25,24975,卖盘
455,13:56:36,9.99,--,30,29970,卖盘
456,13:56:31,9.99,0.01,10,9990,买盘
457,13:56:26,9.98,-0.01,15,14970,卖盘
458,13:56:16,9.99,--,40,39960,卖盘
459,13:56:11,9.99,--,10,9990,卖盘
460,13:56:06,9.99,--,3,2997,卖盘
461,13:56:01,9.99,--,16,15984,卖盘
462,13:55:51,9.99,--,6,5994,卖盘
463,13:55:31,9.99,--,71,70929,买盘
464,13:55:25,9.99,--,24,23976,买盘
465,13:55:01,9.99,--,3,2997,买盘
466,13:54:55,9.99,--,5,4995,买盘
467,13:54:50,9.99,--,21,20979,买盘
468,13:54:35,9.99,--,1,999,买盘
469,13:54:25,9.99,--,22,21978,买盘
470,13:54:21,9.99,--,1,999,买盘
471,13:54:10,9.99,0.01,1,999,买盘
472,13:54:01,9.98,--,10,9980,卖盘
473,13:53:55,9.98,--,2,1996,卖盘
474,13:53:46,9.98,-0.01,8,7984,卖盘
475,13:53:40,9.99,0.01,10,9990,买盘
476,13:53:36,9.98,-0.01,5,4990,卖盘
477,13:53:30,9.99,0.01,10,9990,买盘
478,13:53:25,9.98,--,2,1996,卖盘
479,13:53:21,9.98,--,3,2994,卖盘
480,13:53:15,9.98,--,5,4990,买盘
481,13:53:10,9.98,--,0,0,中性盘
482,13:53:05,9.98,--,1,998,买盘
483,13:53:00,9.98,-0.01,8,7984,卖盘
484,13:52:55,9.99,0.01,28,27972,买盘
485,13:52:50,9.98,-0.01,6,5988,卖盘
486,13:52:45,9.99,0.02,27,26973,买盘
487,13:52:40,9.97,-0.02,13,12961,卖盘
488,13:52:30,9.99,--,13,12987,买盘
489,13:52:20,9.99,0.02,1,999,买盘
490,13:52:15,9.97,-0.02,100,99700,卖盘
491,13:52:10,9.99,--,6,5994,卖盘
492,13:52:05,9.99,-0.01,10,9990,卖盘
493,13:51:55,10.0,--,1,1000,买盘
494,13:51:50,10.0,0.02,32,32000,买盘
495,13:51:40,9.98,-0.01,28,27944,中性盘
496,13:51:35,9.99,0.03,5,4995,买盘
497,13:51:30,9.96,-0.03,727,724092,卖盘
498,13:51:25,9.99,--,69,68931,买盘
499,13:51:20,9.99,--,2,1998,买盘
500,13:51:15,9.99,-0.01,216,215784,卖盘
501,13:51:10,10.0,--,4,4000,卖盘
502,13:51:05,10.0,--,1,1000,卖盘
503,13:51:00,10.0,--,321,321000,卖盘
504,13:50:55,10.0,--,26,26000,卖盘
505,13:50:50,10.0,--,12,12000,卖盘
506,13:50:45,10.0,-0.01,14,14000,卖盘
507,13:50:40,10.01,--,23,23023,卖盘
508,13:50:30,10.01,-0.01,37,37037,卖盘
509,13:50:25,10.02,0.01,13,13026,买盘
510,13:50:10,10.01,-0.01,204,204204,卖盘
511,13:50:05,10.02,--,9,9018,卖盘
512,13:50:00,10.02,--,15,15030,卖盘
513,13:49:50,10.02,--,3,3006,卖盘
514,13:49:45,10.02,-0.01,76,76152,卖盘
515,13:49:40,10.03,-0.01,3,3009,卖盘
516,13:49:35,10.04,--,10,10040,买盘
517,13:49:30,10.04,-0.01,11,11043,卖盘
518,13:49:25,10.05,0.01,114,114570,买盘
519,13:49:15,10.04,-0.01,39,39156,卖盘
520,13:49:10,10.05,0.01,1,1005,买盘
521,13:49:05,10.04,--,30,30119,卖盘
522,13:48:55,10.04,--,13,13051,卖盘
523,13:48:50,10.04,--,5,5020,卖盘
524,13:48:40,10.04,--,3,3011,卖盘
525,13:48:35,10.04,0.01,99,99395,买盘
526,13:48:25,10.03,--,1,1002,卖盘
527,13:48:19,10.03,--,1,1002,卖盘
528,13:48:15,10.03,-0.01,2,2005,卖盘
529,13:48:10,10.04,0.01,300,301200,买盘
530,13:48:00,10.03,--,10,10030,买盘
531,13:47:55,10.03,--,5,5015,买盘
532,13:47:40,10.03,--,6,6018,买盘
533,13:47:19,10.03,--,7,7021,买盘
534,13:46:54,10.03,0.01,84,84252,买盘
535,13:46:25,10.02,0.01,61,61122,买盘
536,13:46:19,10.01,--,3,3003,卖盘
537,13:46:09,10.01,--,0,0,中性盘
538,13:45:54,10.01,--,83,83083,买盘
539,13:45:49,10.01,--,30,30030,买盘
540,13:45:39,10.01,--,20,20020,买盘
541,13:45:24,10.01,--,77,77077,卖盘
542,13:44:54,10.01,-0.01,1,1001,卖盘
543,13:44:49,10.02,0.01,1,1002,买盘
544,13:44:39,10.01,--,6,6006,卖盘
545,13:44:34,10.01,-0.01,21,21021,卖盘
546,13:44:29,10.02,--,93,93186,买盘
547,13:44:04,10.02,0.01,32,32064,买盘
548,13:43:54,10.01,--,20,20020,卖盘
549,13:43:34,10.01,--,2,2002,卖盘
550,13:43:29,10.01,-0.01,45,45045,卖盘
551,13:42:54,10.02,--,16,16032,买盘
552,13:42:49,10.02,--,17,17034,买盘
553,13:42:34,10.02,0.01,32,32064,买盘
554,13:42:19,10.01,--,100,100100,卖盘
555,13:42:04,10.01,-0.01,3,3003,卖盘
556,13:41:59,10.02,0.01,1,1002,买盘
557,13:41:39,10.01,--,17,17017,卖盘
558,13:41:24,10.01,--,116,116116,卖盘
559,13:41:19,10.01,--,2,2002,卖盘
560,13:41:09,10.01,-0.01,3,3003,卖盘
561,13:40:39,10.02,--,49,49098,卖盘
562,13:40:24,10.02,--,25,25050,卖盘
563,13:40:19,10.02,-0.01,20,20040,卖盘
564,13:40:13,10.03,0.01,10,10030,买盘
565,13:39:43,10.02,--,84,84168,卖盘
566,13:39:33,10.02,--,26,26052,卖盘
567,13:39:28,10.02,-0.01,33,33066,卖盘
568,13:39:23,10.03,0.01,10,10030,买盘
569,13:39:18,10.02,-0.01,1,1002,卖盘
570,13:39:13,10.03,--,20,20060,买盘
571,13:39:03,10.03,0.01,10,10030,买盘
572,13:38:58,10.02,--,4,4008,卖盘
573,13:38:08,10.02,--,9,9018,卖盘
574,13:38:03,10.02,--,7,7014,卖盘
575,13:37:58,10.02,0.01,15,15030,买盘
576,13:37:53,10.01,--,3,3003,卖盘
577,13:37:48,10.01,--,11,11011,卖盘
578,13:37:43,10.01,--,3,3003,卖盘
579,13:37:28,10.01,--,25,25025,卖盘
580,13:37:13,10.01,--,3,3003,卖盘
581,13:37:03,10.01,--,58,58058,卖盘
582,13:36:58,10.01,-0.01,43,43043,卖盘
583,13:36:53,10.02,--,15,15030,买盘
584,13:36:48,10.02,0.01,16,16032,买盘
585,13:36:43,10.01,--,3,3003,卖盘
586,13:36:18,10.01,-0.01,3,3003,卖盘
587,13:36:13,10.02,0.01,1,1002,买盘
588,13:35:58,10.01,-0.01,3,3003,卖盘
589,13:35:23,10.02,--,4,4008,卖盘
590,13:35:13,10.02,--,5,5010,卖盘
591,13:34:58,10.02,--,5,5010,卖盘
592,13:34:53,10.02,-0.01,15,15030,卖盘
593,13:34:48,10.03,0.01,12,12036,买盘
594,13:34:28,10.02,--,1,1002,卖盘
595,13:34:23,10.02,-0.01,1,1002,卖盘
596,13:34:18,10.03,0.01,9,9027,买盘
597,13:34:13,10.02,--,1,1002,卖盘
598,13:34:08,10.02,--,20,20040,卖盘
599,13:33:57,10.02,--,30,30060,买盘
600,13:33:48,10.02,--,50,50100,买盘
601,13:33:13,10.02,0.01,76,76152,买盘
602,13:32:58,10.01,--,37,37037,卖盘
603,13:32:42,10.01,0.01,1,1001,买盘
604,13:32:37,10.0,--,28,28000,卖盘
605,13:32:33,10.0,--,32,32000,卖盘
606,13:32:27,10.0,--,16,16000,买盘
607,13:32:22,10.0,--,6,6000,卖盘
608,13:32:18,10.0,--,5,5000,买盘
609,13:32:12,10.0,--,33,33000,卖盘
610,13:32:03,10.0,--,13,13000,买盘
611,13:31:57,10.0,--,12,12000,买盘
612,13:31:52,10.0,--,4,4000,卖盘
613,13:31:47,10.0,--,20,20000,卖盘
614,13:31:37,10.0,-0.02,40,40000,卖盘
615,13:31:27,10.02,--,5,5010,买盘
616,13:31:02,10.02,0.02,10,10020,买盘
617,13:30:52,10.0,--,1,1000,卖盘
618,13:30:47,10.0,-0.02,11,11000,卖盘
619,13:30:42,10.02,0.02,14,14028,买盘
620,13:30:32,10.0,-0.03,19,19000,卖盘
621,13:30:22,10.03,--,0,0,买盘
622,13:30:17,10.03,--,0,0,买盘
623,13:30:12,10.03,0.05,10,10030,买盘
624,13:30:07,9.98,-0.01,299,298402,卖盘
625,13:29:57,9.99,-0.03,499,498501,卖盘
626,13:29:52,10.02,-0.01,20,20040,中性盘
627,13:29:42,10.03,0.01,58,58173,买盘
628,13:29:37,10.02,0.01,17,17034,买盘
629,13:29:27,10.01,--,14,14014,卖盘
630,13:29:22,10.01,-0.01,12,12012,卖盘
631,13:29:12,10.02,0.02,120,120240,买盘
632,13:29:07,10.0,--,6,6000,卖盘
633,13:29:02,10.0,--,53,53760,买盘
634,13:28:57,10.0,--,32,32000,买盘
635,13:28:52,10.0,--,82,82000,买盘
636,13:28:47,10.0,--,8,8000,买盘
637,13:28:42,10.0,--,17,17000,买盘
638,13:28:32,10.0,--,38,38000,买盘
639,13:28:27,10.0,--,14,14000,买盘
640,13:28:22,10.0,--,57,57000,买盘
641,13:28:12,10.0,--,1,1000,买盘
642,13:28:07,10.0,--,1,1000,买盘
643,13:28:02,10.0,--,85,85000,买盘
644,13:27:57,10.0,-0.01,119,119240,卖盘
645,13:27:27,10.01,0.01,20,20020,买盘
646,13:27:16,10.0,-0.01,1,1000,卖盘
647,13:27:07,10.01,--,3,3003,买盘
648,13:26:37,10.01,0.01,2,2002,买盘
649,13:26:32,10.0,--,28,28000,卖盘
650,13:25:52,10.0,-0.01,4,4000,卖盘
651,13:25:21,10.01,0.01,20,20020,买盘
652,13:24:46,10.0,-0.01,10,10000,卖盘
653,13:24:26,10.01,--,0,0,中性盘
654,13:24:21,10.01,-0.01,10,10010,卖盘
655,13:24:11,10.02,0.01,6,6012,买盘
656,13:23:51,10.01,--,10,10010,卖盘
657,13:23:21,10.01,--,40,40040,买盘
658,13:23:16,10.01,0.01,14,14014,买盘
659,13:23:01,10.0,--,1,1000,卖盘
660,13:22:21,10.0,--,97,97760,买盘
661,13:22:16,10.0,--,11,11000,买盘
662,13:22:11,10.0,0.01,10,10000,买盘
663,13:22:01,9.99,-0.01,49,48951,卖盘
664,13:21:56,10.0,--,35,35000,买盘
665,13:21:51,10.0,--,4,4000,买盘
666,13:21:46,10.0,--,33,33000,买盘
667,13:21:36,10.0,--,82,82000,买盘
668,13:21:31,10.0,--,126,126000,买盘
669,13:21:26,10.0,--,10,10000,买盘
670,13:21:21,10.0,--,10,10000,买盘
671,13:21:16,10.0,--,1,1000,买盘
672,13:21:11,10.0,--,60,60000,买盘
673,13:21:06,10.0,0.01,43,43000,买盘
674,13:21:01,9.99,-0.01,35,34965,卖盘
675,13:20:56,10.0,--,202,202000,买盘
676,13:20:51,10.0,--,1,1000,买盘
677,13:20:46,10.0,-0.02,1239,1239240,卖盘
678,13:20:36,10.02,-0.02,2011,2015022,卖盘
679,13:20:31,10.04,0.01,50,50199,买盘
680,13:20:26,10.03,--,2,2005,卖盘
681,13:20:06,10.03,-0.01,10,10030,卖盘
682,13:19:51,10.04,0.01,18,18072,买盘
683,13:19:31,10.03,-0.01,20,20060,卖盘
684,13:19:10,10.04,-0.01,76,76304,卖盘
685,13:18:50,10.05,0.01,5,5025,买盘
686,13:18:25,10.04,--,9,9036,卖盘
687,13:18:11,10.04,--,10,10040,卖盘
688,13:17:50,10.04,--,5,5020,卖盘
689,13:17:45,10.04,--,13,13051,卖盘
690,13:17:30,10.04,--,10,10040,卖盘
691,13:17:15,10.04,-0.01,10,10040,卖盘
692,13:16:55,10.05,0.01,5,5025,买盘
693,13:16:45,10.04,--,1,1003,卖盘
694,13:16:40,10.04,--,310,311240,卖盘
695,13:16:35,10.04,--,7,7027,卖盘
696,13:16:30,10.04,--,2,2007,卖盘
697,13:16:15,10.04,-0.01,11,11043,卖盘
698,13:16:00,10.05,--,15,15075,买盘
699,13:15:50,10.05,--,19,19095,卖盘
700,13:15:35,10.05,--,1,1005,买盘
701,13:15:30,10.05,--,9,9045,卖盘
702,13:15:20,10.05,--,1,1005,卖盘
703,13:14:55,10.05,--,10,10050,买盘
704,13:14:50,10.05,--,5,5025,买盘
705,13:14:35,10.05,--,1,1005,买盘
706,13:14:24,10.05,--,20,20100,卖盘
707,13:14:05,10.05,-0.01,1,1005,卖盘
708,13:13:45,10.06,0.01,52,52312,买盘
709,13:13:20,10.05,-0.01,21,21105,卖盘
710,13:13:15,10.06,--,0,0,买盘
711,13:13:00,10.06,--,1,1006,买盘
712,13:12:50,10.06,0.02,11,11066,买盘
713,13:12:45,10.04,-0.02,50,50199,卖盘
714,13:12:20,10.06,--,1,1006,买盘
715,13:11:59,10.06,0.01,1,1006,买盘
716,13:11:55,10.05,0.01,108,108540,买盘
717,13:11:34,10.04,-0.01,10,10040,卖盘
718,13:11:25,10.05,--,1,1005,买盘
719,13:11:04,10.05,0.01,1,1005,买盘
720,13:10:49,10.04,-0.01,123,123491,卖盘
721,13:10:44,10.05,--,10,10050,买盘
722,13:10:39,10.05,--,11,11055,买盘
723,13:10:19,10.05,--,1,1005,买盘
724,13:09:49,10.05,--,6,6030,买盘
725,13:09:39,10.05,0.01,1,1005,买盘
726,13:09:24,10.04,-0.01,6,6023,卖盘
727,13:09:19,10.05,--,1,1005,买盘
728,13:09:08,10.05,0.01,33,33165,买盘
729,13:09:04,10.04,--,6,6023,买盘
730,13:08:59,10.04,--,5,5020,卖盘
731,13:08:54,10.04,-0.01,17,17068,卖盘
732,13:08:49,10.05,0.01,1,1005,买盘
733,13:08:19,10.04,--,1,1003,买盘
734,13:08:04,10.04,-0.01,55,55219,卖盘
735,13:07:54,10.05,--,50,50250,买盘
736,13:07:49,10.05,0.01,10,10050,买盘
737,13:07:29,10.04,--,3,3011,卖盘
738,13:07:24,10.04,--,110,110439,卖盘
739,13:07:19,10.04,--,1,1003,卖盘
740,13:07:14,10.04,--,2,2007,卖盘
741,13:07:09,10.04,--,11,11043,卖盘
742,13:07:04,10.04,--,60,60239,卖盘
743,13:06:59,10.04,-0.01,9,9036,卖盘
744,13:06:54,10.05,0.01,5,5025,买盘
745,13:06:24,10.04,--,10,10040,卖盘
746,13:06:14,10.04,-0.01,8,8031,卖盘
747,13:06:09,10.05,--,1,1005,买盘
748,13:05:34,10.05,--,0,0,买盘
749,13:05:24,10.05,0.02,18,18090,买盘
750,13:04:44,10.03,-0.02,28,28084,卖盘
751,13:04:34,10.05,0.01,385,386925,买盘
752,13:04:28,10.04,--,1,1003,卖盘
753,13:04:18,10.04,--,30,30119,卖盘
754,13:04:14,10.04,--,10,10040,卖盘
755,13:03:58,10.04,0.01,46,46183,买盘
756,13:03:33,10.03,--,10,10030,卖盘
757,13:02:48,10.03,-0.01,99,99297,卖盘
758,13:02:28,10.04,--,4,4015,买盘
759,13:02:13,10.04,--,20,20080,买盘
760,13:01:53,10.04,--,32,32127,买盘
761,13:01:48,10.04,--,10,10040,买盘
762,13:01:33,10.04,--,1,1003,买盘
763,13:01:08,10.04,--,51,51203,买盘
764,13:00:12,10.04,--,5,5020,买盘
765,13:00:08,10.04,--,1,1003,买盘
766,13:00:03,10.04,--,99,99395,买盘
767,11:30:00,10.04,--,0,0,买盘
768,11:29:59,10.04,--,0,0,买盘
769,11:29:44,10.04,0.01,3,3011,买盘
770,11:28:54,10.03,--,5,5015,卖盘
771,11:28:39,10.03,-0.01,2,2005,卖盘
772,11:28:29,10.04,0.01,10,10040,买盘
773,11:28:24,10.03,-0.01,5,5015,卖盘
774,11:28:18,10.04,0.01,7,7027,买盘
775,11:28:09,10.03,--,54,54914,卖盘
776,11:27:48,10.03,--,3,3009,卖盘
777,11:27:39,10.03,--,66,66198,卖盘
778,11:27:28,10.03,--,8,8023,卖盘
779,11:27:24,10.03,--,13,13039,卖盘
780,11:27:14,10.03,--,21,21063,卖盘
781,11:27:09,10.03,0.01,84,84252,买盘
782,11:26:48,10.02,--,1,1002,卖盘
783,11:26:13,10.02,--,2,2004,卖盘
784,11:26:03,10.02,--,104,104218,买盘
785,11:25:48,10.02,--,36,36072,买盘
786,11:25:39,10.02,0.01,1,1002,买盘
787,11:25:33,10.01,--,22,22022,卖盘
788,11:25:29,10.01,-0.01,14,14014,卖盘
789,11:25:23,10.02,--,4,4008,买盘
790,11:25:03,10.02,0.01,4,4008,买盘
791,11:24:54,10.01,--,10,10010,卖盘
792,11:24:48,10.01,--,5,5005,卖盘
793,11:24:44,10.01,-0.01,2,2002,卖盘
794,11:24:39,10.02,0.01,8,8016,买盘
795,11:24:28,10.01,-0.01,1,1001,卖盘
796,11:24:23,10.02,--,25,26041,卖盘
797,11:24:18,10.02,-0.01,49,49098,卖盘
798,11:24:09,10.03,0.01,4,4011,买盘
799,11:23:38,10.02,--,2,2004,卖盘
800,11:23:29,10.02,--,7,7014,卖盘
801,11:23:14,10.02,--,10,10020,卖盘
802,11:23:09,10.02,--,19,19038,卖盘
803,11:22:48,10.02,--,1,1002,卖盘
804,11:22:38,10.02,--,2,2004,卖盘
805,11:22:24,10.02,--,54,54108,卖盘
806,11:22:18,10.02,--,4,4008,卖盘
807,11:22:03,10.02,--,2,2004,卖盘
808,11:21:53,10.02,--,181,181372,买盘
809,11:21:38,10.02,0.01,20,20040,买盘
810,11:21:33,10.01,--,5,5005,卖盘
811,11:21:23,10.01,--,10,10010,卖盘
812,11:21:18,10.01,-0.01,3,3003,卖盘
813,11:21:03,10.02,--,14,14028,买盘
814,11:20:48,10.02,--,55,56101,卖盘
815,11:20:42,10.02,--,3,3006,卖盘
816,11:20:33,10.02,--,4,4008,卖盘
817,11:20:12,10.02,-0.01,40,40080,卖盘
818,11:19:48,10.03,--,3,3009,买盘
819,11:19:18,10.03,--,24,24072,买盘
820,11:19:12,10.03,0.01,8,8023,买盘
821,11:19:08,10.02,--,70,70140,卖盘
822,11:18:57,10.02,-0.01,0,10,卖盘
823,11:18:33,10.03,0.01,4,4011,买盘
824,11:18:22,10.02,--,2,2004,卖盘
825,11:18:12,10.02,--,23,23046,卖盘
826,11:17:57,10.02,--,32,32064,卖盘
827,11:17:27,10.02,--,50,50100,卖盘
828,11:17:22,10.02,--,35,35070,卖盘
829,11:17:17,10.02,--,2,2004,卖盘
830,11:17:12,10.02,--,2,2004,卖盘
831,11:17:08,10.02,-0.01,4,4008,卖盘
832,11:16:57,10.03,0.01,9,9027,买盘
833,11:16:47,10.02,-0.01,2,2004,卖盘
834,11:16:27,10.03,--,4,4011,卖盘
835,11:16:22,10.03,--,5,5015,卖盘
836,11:16:17,10.03,--,6,6018,卖盘
837,11:16:12,10.03,--,5,5015,卖盘
838,11:15:47,10.03,--,1,1002,卖盘
839,11:15:38,10.03,--,200,200600,卖盘
840,11:15:32,10.03,--,66,66198,卖盘
841,11:15:27,10.03,--,5,5015,卖盘
842,11:15:17,10.03,--,2,2005,卖盘
843,11:15:12,10.03,--,1,1002,卖盘
844,11:14:57,10.03,--,6,6018,卖盘
845,11:14:53,10.03,--,12,12036,卖盘
846,11:14:47,10.03,-0.01,3,3009,卖盘
847,11:14:36,10.04,0.01,7,7027,买盘
848,11:14:27,10.03,-0.01,5,5015,卖盘
849,11:14:17,10.04,--,11,11043,卖盘
850,11:14:12,10.04,--,2,2007,卖盘
851,11:14:06,10.04,--,100,100399,卖盘
852,11:13:32,10.04,--,13,13051,卖盘
853,11:13:27,10.04,--,6,6023,卖盘
854,11:13:12,10.04,--,54,54215,卖盘
855,11:12:51,10.04,-0.01,2,2007,卖盘
856,11:12:42,10.05,0.01,10,10050,买盘
857,11:11:57,10.04,--,5,5020,卖盘
858,11:11:47,10.04,--,2,2007,卖盘
859,11:11:36,10.04,--,10,10040,卖盘
860,11:11:06,10.04,-0.01,10,10040,卖盘
861,11:10:57,10.05,--,1,1005,买盘
862,11:10:51,10.05,0.01,31,31155,买盘
863,11:10:42,10.04,--,10,10040,卖盘
864,11:10:12,10.04,--,2,2007,卖盘
865,11:09:41,10.04,--,32,32127,卖盘
866,11:09:36,10.04,-0.01,5,5020,卖盘
867,11:09:21,10.05,0.01,19,19095,买盘
868,11:09:16,10.04,--,11,11043,卖盘
869,11:09:06,10.04,-0.01,3,3011,卖盘
870,11:09:01,10.05,0.01,16,16080,买盘
871,11:08:56,10.04,--,3,3011,卖盘
872,11:08:46,10.04,-0.01,6,6023,卖盘
873,11:08:01,10.05,--,18,18090,买盘
874,11:07:41,10.05,--,12,12060,买盘
875,11:07:31,10.05,--,6,6030,买盘
876,11:07:21,10.05,--,62,62310,卖盘
877,11:07:11,10.05,--,22,22110,卖盘
878,11:07:06,10.05,--,1,1005,卖盘
879,11:06:56,10.05,--,200,201000,卖盘
880,11:06:51,10.05,-0.01,3,3015,卖盘
881,11:06:41,10.06,-0.01,18,18108,买盘
882,11:05:41,10.07,--,0,0,买盘
883,11:05:36,10.07,0.02,33,33231,买盘
884,11:05:26,10.05,--,28,28140,卖盘
885,11:05:21,10.05,-0.01,2,2010,卖盘
886,11:05:11,10.06,0.01,28,28168,买盘
887,11:04:45,10.05,0.01,1,1005,买盘
888,11:04:21,10.04,--,1,1003,卖盘
889,11:04:06,10.04,--,23,23091,卖盘
890,11:04:00,10.04,--,1,1003,卖盘
891,11:03:56,10.04,--,1,1003,卖盘
892,11:03:51,10.04,--,5,5020,卖盘
893,11:03:41,10.04,--,44,44175,卖盘
894,11:03:21,10.04,-0.01,39,39156,卖盘
895,11:03:15,10.05,--,2,2010,卖盘
896,11:03:06,10.05,-0.02,0,502,卖盘
897,11:02:51,10.07,--,58,58406,买盘
898,11:02:45,10.07,0.02,18,18126,买盘
899,11:02:36,10.05,--,0,0,卖盘
900,11:02:30,10.05,0.01,5,5527,买盘
901,11:02:25,10.04,--,10,10040,卖盘
902,11:02:15,10.04,--,1,1003,卖盘
903,11:02:06,10.04,-0.03,2,2007,卖盘
904,11:02:00,10.07,--,4,4028,买盘
905,11:01:50,10.07,--,62,62434,买盘
906,11:01:30,10.07,0.03,18,18126,买盘
907,11:01:20,10.04,-0.01,102,102407,卖盘
908,11:01:15,10.05,-0.02,3,3015,卖盘
909,11:00:50,10.07,--,0,0,买盘
910,11:00:45,10.07,--,426,428982,买盘
911,11:00:35,10.07,--,0,0,买盘
912,11:00:30,10.07,--,50,50350,买盘
913,11:00:25,10.07,0.03,300,302100,买盘
914,11:00:20,10.04,--,2,2007,卖盘
915,11:00:15,10.04,--,8,8031,买盘
916,11:00:05,10.04,0.01,18,18072,买盘
917,11:00:00,10.03,-0.01,62,62185,卖盘
918,10:59:50,10.04,-0.01,10,10040,卖盘
919,10:59:35,10.05,--,10,10050,买盘
920,10:59:24,10.05,0.01,22,22110,买盘
921,10:59:15,10.04,-0.01,3,3011,卖盘
922,10:59:05,10.05,--,20,20100,买盘
923,10:59:00,10.05,--,23,23115,买盘
924,10:58:54,10.05,--,10,10050,买盘
925,10:58:50,10.05,0.01,17,17085,买盘
926,10:58:24,10.04,-0.01,2,2007,卖盘
927,10:58:20,10.05,-0.01,3,3015,买盘
928,10:58:15,10.06,--,56,56336,卖盘
929,10:58:00,10.06,0.01,944,949664,买盘
930,10:57:39,10.05,--,48,48240,买盘
931,10:57:30,10.05,--,28,28140,买盘
932,10:57:20,10.05,0.01,2,2010,买盘
933,10:57:09,10.04,-0.01,2,2007,卖盘
934,10:57:05,10.05,0.01,4,4020,买盘
935,10:56:45,10.04,0.01,6,6023,卖盘
936,10:56:39,10.03,--,10,10030,卖盘
937,10:56:35,10.03,-0.01,7,7021,卖盘
938,10:56:29,10.04,--,3,3011,买盘
939,10:56:24,10.04,--,3,3011,买盘
940,10:56:15,10.04,--,11,11043,买盘
941,10:56:09,10.04,0.01,16,16063,买盘
942,10:55:44,10.03,--,2,2005,卖盘
943,10:55:35,10.03,--,15,15044,卖盘
944,10:55:19,10.03,--,8,8023,卖盘
945,10:55:09,10.03,--,10,10030,卖盘
946,10:55:00,10.03,--,58,58173,卖盘
947,10:54:54,10.03,--,8,8023,卖盘
948,10:54:44,10.03,--,2,2005,卖盘
949,10:54:39,10.03,--,50,50150,卖盘
950,10:54:34,10.03,--,9,9027,卖盘
951,10:54:19,10.03,-0.01,20,20060,卖盘
952,10:54:15,10.04,--,13,13051,买盘
953,10:54:09,10.04,0.01,7,7027,买盘
954,10:53:45,10.03,--,19,19057,卖盘
955,10:53:39,10.03,-0.01,10,10030,卖盘
956,10:53:09,10.04,0.01,5,5020,买盘
957,10:52:54,10.03,--,20,20060,卖盘
958,10:52:44,10.03,--,2,2005,卖盘
959,10:52:39,10.03,-0.01,5,5015,卖盘
960,10:52:33,10.04,--,7,7027,买盘
961,10:52:09,10.04,--,1,1003,买盘
962,10:52:03,10.04,0.01,16,16063,买盘
963,10:51:54,10.03,--,20,20060,卖盘
964,10:51:44,10.03,-0.01,3,3009,卖盘
965,10:51:39,10.04,--,10,10040,买盘
966,10:50:59,10.04,0.01,10,10040,买盘
967,10:50:54,10.03,--,16,16047,卖盘
968,10:50:39,10.03,--,10,10030,卖盘
969,10:50:29,10.03,-0.01,2,2005,卖盘
970,10:50:18,10.04,--,35,35140,买盘
971,10:50:09,10.04,0.01,25,25099,买盘
972,10:49:54,10.03,--,5,5015,卖盘
973,10:49:48,10.03,--,12,12036,卖盘
974,10:49:39,10.03,-0.01,102,102306,卖盘
975,10:49:09,10.04,--,3,3011,买盘
976,10:48:59,10.04,--,17,17068,卖盘
977,10:48:53,10.04,--,6,6023,卖盘
978,10:48:44,10.04,-0.01,4,4015,卖盘
979,10:48:33,10.05,0.01,7,7035,买盘
980,10:48:23,10.04,-0.01,302,303208,卖盘
981,10:48:18,10.05,--,95,95475,买盘
982,10:48:03,10.05,--,70,70350,买盘
983,10:47:58,10.05,--,74,74370,买盘
984,10:47:54,10.05,--,30,30150,买盘
985,10:47:48,10.05,--,52,52260,买盘
986,10:47:43,10.05,0.01,10,10050,买盘
987,10:47:33,10.04,--,2,2007,卖盘
988,10:47:24,10.04,-0.01,5,5020,卖盘
989,10:47:18,10.05,--,0,0,买盘
990,10:47:13,10.05,--,10,10050,买盘
991,10:46:38,10.05,0.02,20,20100,买盘
992,10:46:33,10.03,--,169,169507,买盘
993,10:46:28,10.03,--,35,35105,买盘
994,10:46:23,10.03,--,8,8023,买盘
995,10:46:18,10.03,--,23,23069,买盘
996,10:46:12,10.03,--,1,1002,买盘
997,10:46:08,10.03,-0.03,110,110330,卖盘
998,10:46:03,10.06,0.03,205,206230,买盘
999,10:45:53,10.03,--,39,39117,卖盘
1000,10:45:48,10.03,-0.02,3,3009,卖盘
1001,10:45:38,10.05,0.01,100,100500,买盘
1002,10:45:23,10.04,0.01,4,4015,买盘
1003,10:45:08,10.03,--,55,55165,卖盘
1004,10:45:03,10.03,--,2,2005,卖盘
1005,10:44:48,10.03,--,2,2005,卖盘
1006,10:44:38,10.03,--,15,15295,买盘
1007,10:44:27,10.03,--,10,10030,买盘
1008,10:44:18,10.03,--,1,1002,买盘
1009,10:44:12,10.03,0.01,23,23069,买盘
1010,10:44:08,10.02,-0.01,9,9018,卖盘
1011,10:44:03,10.03,--,56,56168,买盘
1012,10:43:57,10.03,0.01,41,41123,买盘
1013,10:43:53,10.02,-0.01,2,2004,卖盘
1014,10:43:48,10.03,--,50,50150,买盘
1015,10:43:42,10.03,-0.01,79,79989,卖盘
1016,10:43:33,10.04,-0.01,1341,1346364,卖盘
1017,10:43:27,10.05,--,92,92460,卖盘
1018,10:43:12,10.05,-0.01,87,87435,卖盘
1019,10:43:08,10.06,--,3,3018,卖盘
1020,10:43:03,10.06,--,46,46276,卖盘
1021,10:42:38,10.06,0.01,2,2012,买盘
1022,10:42:33,10.05,--,0,0,卖盘
1023,10:42:27,10.05,--,7,7035,卖盘
1024,10:42:17,10.05,--,3,3015,卖盘
1025,10:42:12,10.05,-0.01,127,127635,卖盘
1026,10:42:08,10.06,--,74,74444,买盘
1027,10:41:57,10.06,0.01,367,369202,买盘
1028,10:41:47,10.05,--,1,1005,卖盘
1029,10:41:27,10.05,-0.01,50,50250,卖盘
1030,10:41:22,10.06,0.01,1,1006,买盘
1031,10:41:17,10.05,--,13,13065,卖盘
1032,10:41:02,10.05,--,2,2010,卖盘
1033,10:40:57,10.05,--,1,1005,卖盘
1034,10:40:27,10.05,-0.01,41,41205,卖盘
1035,10:40:22,10.06,--,6,6036,买盘
1036,10:40:17,10.06,--,5,5030,买盘
1037,10:40:12,10.06,--,156,156936,卖盘
1038,10:40:02,10.06,-0.01,10,10060,卖盘
1039,10:39:47,10.07,--,3,3021,卖盘
1040,10:39:37,10.07,--,52,52364,卖盘
1041,10:39:32,10.07,--,24,24168,卖盘
1042,10:39:27,10.07,--,148,149036,卖盘
1043,10:39:02,10.07,--,2,2014,卖盘
1044,10:38:57,10.07,-0.01,2,2014,卖盘
1045,10:38:42,10.08,--,3,3024,买盘
1046,10:38:27,10.08,-0.01,36,36288,买盘
1047,10:38:17,10.09,0.01,153,154377,买盘
1048,10:38:12,10.08,0.01,22,22176,买盘
1049,10:38:06,10.07,-0.01,2,2014,卖盘
1050,10:37:57,10.08,--,10,10080,买盘
1051,10:37:47,10.08,--,10,10080,买盘
1052,10:37:42,10.08,-0.01,9,9072,卖盘
1053,10:37:21,10.09,0.01,7,7063,买盘
1054,10:37:12,10.08,-0.01,22,22176,卖盘
1055,10:37:02,10.09,--,5,5045,买盘
1056,10:36:57,10.09,--,8,8072,卖盘
1057,10:36:51,10.09,-0.01,10,10090,卖盘
1058,10:36:46,10.1,0.01,50,50500,买盘
1059,10:36:42,10.09,--,15,15135,卖盘
1060,10:36:36,10.09,-0.01,5,5045,卖盘
1061,10:36:32,10.1,0.01,10,10100,买盘
1062,10:36:27,10.09,-0.01,18,18162,卖盘
1063,10:36:21,10.1,0.01,25,25250,买盘
1064,10:36:17,10.09,--,2,2018,卖盘
1065,10:36:12,10.09,-0.01,10,10090,卖盘
1066,10:36:06,10.1,--,35,35350,买盘
1067,10:35:51,10.1,--,25,25250,卖盘
1068,10:35:47,10.1,--,20,20200,卖盘
1069,10:35:41,10.1,--,61,61610,卖盘
1070,10:35:36,10.1,--,80,80800,卖盘
1071,10:35:32,10.1,--,10,10100,卖盘
1072,10:35:26,10.1,-0.01,54,54540,卖盘
1073,10:35:21,10.11,0.01,16,16176,买盘
1074,10:35:17,10.1,-0.01,128,129280,卖盘
1075,10:35:11,10.11,0.01,30,30330,买盘
1076,10:35:06,10.1,-0.01,58,58580,卖盘
1077,10:34:56,10.11,0.01,3,3033,买盘
1078,10:34:51,10.1,-0.01,149,150490,卖盘
1079,10:34:47,10.11,--,0,0,买盘
1080,10:34:41,10.11,0.02,106,107166,买盘
1081,10:34:36,10.09,--,0,0,卖盘
1082,10:34:31,10.09,--,112,113008,卖盘
1083,10:34:26,10.09,-0.02,62,62558,卖盘
1084,10:34:21,10.11,0.02,260,262860,买盘
1085,10:34:11,10.09,--,20,20180,卖盘
1086,10:34:06,10.09,--,0,0,卖盘
1087,10:34:01,10.09,0.02,15,15135,中性盘
1088,10:33:56,10.07,--,406,408842,卖盘
1089,10:33:51,10.07,-0.01,5,5035,卖盘
1090,10:33:41,10.08,-0.01,10,10080,买盘
1091,10:33:36,10.09,--,0,0,买盘
1092,10:33:31,10.09,0.02,9,9081,买盘
1093,10:33:21,10.07,-0.03,743,748201,卖盘
1094,10:33:16,10.1,0.02,111,112110,买盘
1095,10:33:11,10.08,-0.02,16,16128,买盘
1096,10:33:06,10.1,0.02,502,507020,买盘
1097,10:32:56,10.08,--,29,29232,卖盘
1098,10:32:51,10.08,--,91,91728,买盘
1099,10:32:46,10.08,--,10,10080,买盘
1100,10:32:41,10.08,-0.01,16,16128,买盘
1101,10:32:36,10.09,0.01,336,339024,买盘
1102,10:32:26,10.08,--,11,11088,卖盘
1103,10:32:21,10.08,-0.01,18,18144,卖盘
1104,10:32:16,10.09,0.01,11,11099,买盘
1105,10:32:11,10.08,--,13,13104,中性盘
1106,10:32:06,10.08,0.01,166,167328,买盘
1107,10:32:00,10.07,--,260,261820,卖盘
1108,10:31:56,10.07,-0.01,140,140980,卖盘
1109,10:31:51,10.08,--,190,191520,买盘
1110,10:31:45,10.08,--,45,45360,买盘
1111,10:31:41,10.08,--,19,19152,买盘
1112,10:31:36,10.08,0.01,21,21168,买盘
1113,10:31:30,10.07,--,10,10070,卖盘
1114,10:31:26,10.07,0.02,330,332310,买盘
1115,10:31:21,10.05,-0.01,2,2010,卖盘
1116,10:31:15,10.06,--,6,6036,买盘
1117,10:31:11,10.06,0.01,19,19114,买盘
1118,10:31:06,10.05,-0.01,1,1005,中性盘
1119,10:31:00,10.06,--,19,19114,买盘
1120,10:30:56,10.06,--,34,34204,买盘
1121,10:30:51,10.06,--,11,11066,买盘
1122,10:30:45,10.06,0.02,46,46276,买盘
1123,10:30:41,10.04,--,2,2007,买盘
1124,10:30:36,10.04,-0.02,9,9036,中性盘
1125,10:30:30,10.06,0.03,873,878238,买盘
1126,10:30:26,10.03,-0.01,29,29086,卖盘
1127,10:30:21,10.04,0.01,53,53211,买盘
1128,10:30:15,10.03,-0.01,35,35355,卖盘
1129,10:30:11,10.04,--,16,16063,买盘
1130,10:30:06,10.04,--,6,6023,买盘
1131,10:29:56,10.04,--,35,35140,买盘
1132,10:29:51,10.04,0.01,29,29115,买盘
1133,10:29:45,10.03,--,2,2005,卖盘
1134,10:29:41,10.03,--,605,606815,卖盘
1135,10:29:36,10.03,-0.01,15,15044,卖盘
1136,10:29:20,10.04,--,3,3011,买盘
1137,10:29:15,10.04,0.01,43,43171,买盘
1138,10:28:55,10.03,--,27,27081,卖盘
1139,10:28:45,10.03,--,60,60179,卖盘
1140,10:28:40,10.03,--,2,2005,卖盘
1141,10:28:35,10.03,--,18,18054,卖盘
1142,10:28:25,10.03,0.01,10,10030,卖盘
1143,10:28:15,10.02,-0.01,29,29058,卖盘
1144,10:28:11,10.03,--,8,8023,卖盘
1145,10:28:00,10.03,--,8,8023,买盘
1146,10:27:55,10.03,0.01,28,28084,买盘
1147,10:27:50,10.02,--,196,196392,卖盘
1148,10:27:45,10.02,-0.01,73,73146,卖盘
1149,10:27:30,10.03,--,4,4011,买盘
1150,10:27:15,10.03,0.01,5,5015,买盘
1151,10:27:11,10.02,--,48,48096,买盘
1152,10:27:05,10.02,--,11,11022,买盘
1153,10:27:00,10.02,--,55,55110,买盘
1154,10:26:55,10.02,--,3,3006,买盘
1155,10:26:50,10.02,-0.01,3,3006,卖盘
1156,10:26:45,10.03,--,170,170510,买盘
1157,10:26:40,10.03,--,53,53159,买盘
1158,10:26:35,10.03,-0.01,4,4011,卖盘
1159,10:26:30,10.04,--,2,2007,买盘
1160,10:26:20,10.04,0.02,18,18072,买盘
1161,10:26:15,10.02,0.01,3,3006,卖盘
1162,10:26:10,10.01,-0.01,124,124124,卖盘
1163,10:26:05,10.02,--,1,1002,卖盘
1164,10:26:00,10.02,0.01,6,6012,买盘
1165,10:25:50,10.01,--,104,104104,卖盘
1166,10:25:45,10.01,-0.03,25,25025,中性盘
1167,10:25:35,10.04,0.03,1552,1558207,买盘
1168,10:25:20,10.01,--,11,11011,买盘
1169,10:25:15,10.01,0.01,18,18018,买盘
1170,10:25:09,10.0,-0.01,33,33000,卖盘
1171,10:25:05,10.01,--,12,12012,卖盘
1172,10:25:00,10.01,0.02,5,5005,买盘
1173,10:24:35,9.99,-0.01,21,20979,卖盘
1174,10:24:30,10.0,0.01,5,5000,卖盘
1175,10:24:24,9.99,--,0,0,卖盘
1176,10:24:09,9.99,-0.03,188,187812,卖盘
1177,10:24:00,10.02,0.02,30,30060,买盘
1178,10:23:45,10.0,--,104,104950,买盘
1179,10:23:39,10.0,--,121,121000,买盘
1180,10:23:35,10.0,--,1,1000,买盘
1181,10:23:30,10.0,--,10,10000,买盘
1182,10:23:24,10.0,-0.01,1262,1262050,卖盘
1183,10:23:04,10.01,-0.01,2,2002,卖盘
1184,10:23:00,10.02,--,1,1002,买盘
1185,10:22:54,10.02,-0.01,6,6012,卖盘
1186,10:22:45,10.03,0.01,29,29086,买盘
1187,10:22:39,10.02,--,10,10020,卖盘
1188,10:22:34,10.02,--,1,1002,卖盘
1189,10:22:19,10.02,--,20,20040,卖盘
1190,10:22:04,10.02,--,93,93186,买盘
1191,10:21:54,10.02,0.01,50,50100,买盘
1192,10:21:49,10.01,-0.01,10,10010,卖盘
1193,10:21:39,10.02,--,21,21042,买盘
1194,10:21:34,10.02,--,8,8016,买盘
1195,10:21:29,10.02,0.01,7,7014,买盘
1196,10:21:24,10.01,--,5,5005,卖盘
1197,10:21:09,10.01,--,4,4004,卖盘
1198,10:21:04,10.01,--,65,65065,买盘
1199,10:20:59,10.01,--,37,37037,买盘
1200,10:20:54,10.01,--,11,11011,买盘
1201,10:20:49,10.01,--,4,4004,买盘
1202,10:20:39,10.01,--,25,25025,买盘
1203,10:20:34,10.01,--,10,10010,买盘
1204,10:20:29,10.01,--,4,4004,卖盘
1205,10:20:24,10.01,--,40,40040,买盘
1206,10:20:14,10.01,0.01,35,35535,买盘
1207,10:20:09,10.0,--,2,2000,卖盘
1208,10:19:59,10.0,-0.01,5,5000,卖盘
1209,10:19:54,10.01,--,2,2002,买盘
1210,10:19:39,10.01,--,3,3003,卖盘
1211,10:19:34,10.01,--,35,35035,卖盘
1212,10:19:19,10.01,--,2,2002,卖盘
1213,10:19:09,10.01,-0.01,2,2002,卖盘
1214,10:18:59,10.02,--,7,7014,买盘
1215,10:18:54,10.02,0.01,2,2004,买盘
1216,10:18:24,10.01,0.01,18,18018,买盘
1217,10:18:14,10.0,-0.02,2,2450,卖盘
1218,10:18:04,10.02,0.02,20,20040,买盘
1219,10:17:59,10.0,--,6,6000,卖盘
1220,10:17:54,10.0,--,0,0,卖盘
1221,10:17:44,10.0,-0.02,1602,1602000,卖盘
1222,10:17:29,10.02,--,79,79158,卖盘
1223,10:17:24,10.02,--,30,30060,卖盘
1224,10:17:19,10.02,--,3,3006,卖盘
1225,10:17:14,10.02,--,11,11022,卖盘
1226,10:17:09,10.02,--,1,1002,卖盘
1227,10:17:04,10.02,0.01,20,20040,买盘
1228,10:16:44,10.01,-0.01,2,2002,卖盘
1229,10:16:39,10.02,--,10,10020,卖盘
1230,10:16:33,10.02,--,3,3006,卖盘
1231,10:16:29,10.02,--,31,31062,买盘
1232,10:16:24,10.02,--,20,20040,买盘
1233,10:16:18,10.02,0.01,5,5010,买盘
1234,10:16:14,10.01,--,2,2002,卖盘
1235,10:16:03,10.01,-0.01,1,1001,卖盘
1236,10:15:58,10.02,0.01,6,6012,买盘
1237,10:15:39,10.01,--,59,59059,卖盘
1238,10:15:33,10.01,-0.01,2,2002,卖盘
1239,10:15:29,10.02,--,4,4008,买盘
1240,10:15:24,10.02,--,4,4008,买盘
1241,10:15:08,10.02,--,1,1002,买盘
1242,10:14:53,10.02,--,5,5010,买盘
1243,10:14:48,10.02,--,20,20040,买盘
1244,10:14:43,10.02,0.01,20,20040,买盘
1245,10:14:33,10.01,-0.01,3,3003,卖盘
1246,10:14:23,10.02,--,30,30060,买盘
1247,10:14:18,10.02,0.01,10,10020,买盘
1248,10:14:03,10.01,--,1,1001,卖盘
1249,10:13:53,10.01,-0.01,2,2002,卖盘
1250,10:13:48,10.02,0.01,18,18036,买盘
1251,10:13:33,10.01,-0.01,7,7007,卖盘
1252,10:13:23,10.02,--,10,10020,买盘
1253,10:13:18,10.02,0.01,5,5010,买盘
1254,10:13:13,10.01,--,4,4004,卖盘
1255,10:13:08,10.01,--,11,11011,卖盘
1256,10:13:03,10.01,--,4,4004,卖盘
1257,10:12:53,10.01,--,5,5005,卖盘
1258,10:12:48,10.01,--,2,2002,卖盘
1259,10:12:43,10.01,--,6,6006,卖盘
1260,10:12:38,10.01,--,154,154154,卖盘
1261,10:12:03,10.01,--,31,31031,卖盘
1262,10:11:53,10.01,-0.01,100,100100,卖盘
1263,10:11:48,10.02,0.01,50,50100,买盘
1264,10:11:38,10.01,--,4,4004,卖盘
1265,10:11:33,10.01,--,24,24024,卖盘
1266,10:11:23,10.01,--,10,10010,卖盘
1267,10:11:18,10.01,-0.01,70,70070,卖盘
1268,10:11:08,10.02,0.01,6,6012,买盘
1269,10:10:58,10.01,--,5,5005,卖盘
1270,10:10:53,10.01,--,4,4004,卖盘
1271,10:10:48,10.01,--,20,20020,卖盘
1272,10:10:23,10.01,--,59,59059,卖盘
1273,10:10:18,10.01,--,13,13013,卖盘
1274,10:10:08,10.01,--,10,10010,卖盘
1275,10:09:53,10.01,--,2,2002,卖盘
1276,10:09:43,10.01,-0.01,2,2002,卖盘
1277,10:09:33,10.02,--,7,7014,买盘
1278,10:09:28,10.02,0.01,41,41082,买盘
1279,10:09:23,10.01,-0.01,20,20020,卖盘
1280,10:09:18,10.02,--,5,5010,买盘
1281,10:09:08,10.02,--,40,40080,买盘
1282,10:08:57,10.02,-0.01,208,208416,卖盘
1283,10:08:53,10.03,--,103,103309,买盘
1284,10:08:42,10.03,0.01,8,8023,买盘
1285,10:08:38,10.02,-0.01,4,4008,卖盘
1286,10:08:27,10.03,0.01,52,52156,买盘
1287,10:08:23,10.02,--,16,16032,卖盘
1288,10:08:08,10.02,--,2,2004,卖盘
1289,10:08:02,10.02,--,7,7014,卖盘
1290,10:07:53,10.02,--,45,45090,买盘
1291,10:07:32,10.02,-0.01,19,19038,卖盘
1292,10:07:27,10.03,0.01,1,1002,买盘
1293,10:07:17,10.02,-0.01,2,2004,卖盘
1294,10:07:12,10.03,--,30,30089,买盘
1295,10:07:07,10.03,--,9,9027,买盘
1296,10:06:57,10.03,--,40,40120,买盘
1297,10:06:52,10.03,--,5,5015,买盘
1298,10:06:47,10.03,--,16,16047,买盘
1299,10:06:32,10.03,-0.01,21,21063,卖盘
1300,10:06:22,10.04,0.02,35,35140,买盘
1301,10:06:17,10.02,-0.01,28,28056,卖盘
1302,10:06:12,10.03,--,12,12036,买盘
1303,10:06:07,10.03,0.02,246,246737,买盘
1304,10:05:57,10.01,-0.01,2,2002,卖盘
1305,10:05:47,10.02,--,10,10020,买盘
1306,10:05:42,10.02,--,35,35070,买盘
1307,10:05:37,10.02,--,8,8016,买盘
1308,10:05:32,10.02,--,5,5010,买盘
1309,10:05:22,10.02,--,24,24048,买盘
1310,10:05:17,10.02,0.01,44,44088,买盘
1311,10:05:12,10.01,-0.01,99,99099,卖盘
1312,10:05:07,10.02,0.01,12,12024,买盘
1313,10:05:02,10.01,-0.01,27,27027,卖盘
1314,10:04:52,10.02,0.01,60,60120,买盘
1315,10:04:47,10.01,--,50,50050,卖盘
1316,10:04:17,10.01,0.01,18,18018,卖盘
1317,10:04:12,10.0,0.01,46,46000,买盘
1318,10:04:07,9.99,-0.01,1,999,卖盘
1319,10:04:02,10.0,-0.01,210,210000,卖盘
1320,10:03:57,10.01,--,1,1001,买盘
1321,10:03:52,10.01,--,1,1001,买盘
1322,10:03:47,10.01,--,6,6006,买盘
1323,10:03:27,10.01,0.01,4,4004,买盘
1324,10:03:22,10.0,-0.01,58,58000,卖盘
1325,10:03:17,10.01,--,5,5005,买盘
1326,10:03:12,10.01,--,10,10010,买盘
1327,10:02:47,10.01,--,2,2002,买盘
1328,10:02:42,10.01,-0.01,20,20020,买盘
1329,10:02:27,10.02,--,0,0,买盘
1330,10:02:22,10.02,0.02,1,1002,买盘
1331,10:02:12,10.0,-0.02,2,2000,卖盘
1332,10:02:07,10.02,0.01,11,11022,买盘
1333,10:02:02,10.01,--,15,15015,卖盘
1334,10:01:51,10.01,--,81,81081,买盘
1335,10:01:32,10.01,0.01,2,2002,买盘
1336,10:01:26,10.0,0.05,7,7000,卖盘
1337,10:01:20,9.95,-0.05,1482,1474769,卖盘
1338,10:01:16,10.0,--,2,2000,卖盘
1339,10:01:06,10.0,-0.01,6,6000,卖盘
1340,10:01:02,10.01,--,9,9009,买盘
1341,10:00:56,10.01,--,6,6006,买盘
1342,10:00:51,10.01,--,35,35035,买盘
1343,10:00:46,10.01,--,0,0,买盘
1344,10:00:41,10.01,0.01,39,39039,买盘
1345,10:00:36,10.0,--,117,117000,买盘
1346,10:00:31,10.0,--,12,12000,买盘
1347,10:00:26,10.0,--,9,9000,买盘
1348,10:00:21,10.0,--,30,30000,买盘
1349,10:00:16,10.0,--,30,30000,买盘
1350,10:00:11,10.0,--,59,59000,买盘
1351,10:00:06,10.0,0.01,31,31000,买盘
1352,09:59:41,9.99,--,1,999,卖盘
1353,09:59:36,9.99,--,2,1998,卖盘
1354,09:59:26,9.99,--,6,5994,卖盘
1355,09:59:11,9.99,--,15,14985,卖盘
1356,09:59:06,9.99,--,3,2997,买盘
1357,09:59:01,9.99,--,10,9990,买盘
1358,09:58:56,9.99,--,1,999,买盘
1359,09:58:51,9.99,--,14,13986,买盘
1360,09:58:41,9.99,--,18,17982,买盘
1361,09:58:36,9.99,0.01,80,79920,买盘
1362,09:58:26,9.98,--,2,1996,卖盘
1363,09:58:21,9.98,-0.01,1,998,卖盘
1364,09:58:16,9.99,--,10,9990,买盘
1365,09:58:11,9.99,0.01,8,7992,买盘
1366,09:58:06,9.98,--,20,19960,卖盘
1367,09:57:46,9.98,--,4,3992,卖盘
1368,09:57:41,9.98,--,25,24950,卖盘
1369,09:57:31,9.98,-0.01,2,1996,卖盘
1370,09:57:25,9.99,--,4,3996,买盘
1371,09:57:21,9.99,--,31,30969,买盘
1372,09:57:06,9.99,--,11,10989,买盘
1373,09:56:46,9.99,0.01,5,4995,买盘
1374,09:56:40,9.98,-0.01,2,1996,卖盘
1375,09:56:31,9.99,0.01,40,39960,买盘
1376,09:56:21,9.98,-0.01,7,6986,卖盘
1377,09:56:16,9.99,--,5,4995,买盘
1378,09:56:10,9.99,--,4,3996,买盘
1379,09:56:06,9.99,--,6,5994,买盘
1380,09:56:01,9.99,0.01,1,999,买盘
1381,09:55:55,9.98,--,2,1996,卖盘
1382,09:55:46,9.98,--,10,9980,卖盘
1383,09:55:40,9.98,-0.01,2,1996,卖盘
1384,09:55:36,9.99,--,21,20979,买盘
1385,09:55:31,9.99,0.01,39,38961,买盘
1386,09:55:16,9.98,--,2,1996,卖盘
1387,09:55:10,9.98,--,25,24950,卖盘
1388,09:55:05,9.98,--,14,13972,卖盘
1389,09:55:01,9.98,-0.01,17,16966,卖盘
1390,09:54:55,9.99,0.01,22,21978,买盘
1391,09:54:50,9.98,--,31,30938,卖盘
1392,09:54:45,9.98,--,7,6986,卖盘
1393,09:54:40,9.98,--,30,29940,卖盘
1394,09:54:35,9.98,-0.01,3,2994,卖盘
1395,09:54:10,9.99,--,56,55944,卖盘
1396,09:54:00,9.99,-0.01,5,4995,卖盘
1397,09:53:55,10.0,0.01,14,14000,买盘
1398,09:53:50,9.99,--,1012,1010988,卖盘
1399,09:53:45,9.99,--,3,2997,卖盘
1400,09:53:40,9.99,--,16,15984,卖盘
1401,09:53:30,9.99,--,2,1998,卖盘
1402,09:53:25,9.99,--,12,11988,卖盘
1403,09:53:10,9.99,--,19,18981,卖盘
1404,09:53:05,9.99,--,2,1998,卖盘
1405,09:52:55,9.99,--,6,5994,卖盘
1406,09:52:50,9.99,--,10,9990,卖盘
1407,09:52:45,9.99,--,2,1998,卖盘
1408,09:52:40,9.99,-0.01,10,9990,卖盘
1409,09:52:35,10.0,0.01,2,2000,买盘
1410,09:52:15,9.99,-0.01,34,33966,卖盘
1411,09:52:00,10.0,--,10,10000,买盘
1412,09:51:35,10.0,--,10,10000,买盘
1413,09:51:30,10.0,--,10,10000,买盘
1414,09:51:20,10.0,0.01,10,10000,买盘
1415,09:51:05,9.99,-0.02,49,48951,卖盘
1416,09:51:00,10.01,0.02,52,52052,买盘
1417,09:50:50,9.99,-0.01,6,5994,卖盘
1418,09:50:45,10.0,--,0,0,中性盘
1419,09:50:40,10.0,--,2,2000,卖盘
1420,09:50:34,10.0,--,7,7000,买盘
1421,09:50:30,10.0,--,43,43000,卖盘
1422,09:50:25,10.0,--,5,5000,卖盘
1423,09:50:10,10.0,--,20,20000,买盘
1424,09:50:04,10.0,0.01,20,20000,买盘
1425,09:49:55,9.99,--,5,4995,卖盘
1426,09:49:40,9.99,-0.01,2,1998,卖盘
1427,09:49:34,10.0,--,0,0,中性盘
1428,09:49:30,10.0,0.01,18,18000,买盘
1429,09:49:15,9.99,-0.01,10,9990,卖盘
1430,09:49:10,10.0,--,2,2000,买盘
1431,09:49:04,10.0,--,10,10000,买盘
1432,09:48:55,10.0,--,2,2000,买盘
1433,09:48:45,10.0,0.01,1,1000,买盘
1434,09:48:40,9.99,--,2,1998,卖盘
1435,09:48:34,9.99,-0.01,7,6993,卖盘
1436,09:48:30,10.0,0.01,1,1000,买盘
1437,09:48:09,9.99,--,0,0,卖盘
1438,09:47:59,9.99,--,88,87912,卖盘
1439,09:47:54,9.99,--,0,0,卖盘
1440,09:47:49,9.99,-0.02,412,411588,卖盘
1441,09:47:29,10.01,--,2,2002,卖盘
1442,09:47:24,10.01,-0.01,6,6006,卖盘
1443,09:47:14,10.02,-0.01,4,4008,中性盘
1444,09:47:04,10.03,--,360,361080,买盘
1445,09:46:59,10.03,--,0,0,买盘
1446,09:46:49,10.03,--,235,235704,卖盘
1447,09:46:39,10.03,--,17,17051,卖盘
1448,09:46:34,10.03,0.02,112,112336,买盘
1449,09:46:29,10.01,-0.01,7,7007,卖盘
1450,09:46:24,10.02,0.01,5,5010,买盘
1451,09:46:14,10.01,--,5,5005,卖盘
1452,09:46:09,10.01,--,10,10010,卖盘
1453,09:46:04,10.01,--,10,10010,卖盘
1454,09:45:54,10.01,--,53,53053,卖盘
1455,09:45:44,10.01,--,2,2002,中性盘
1456,09:45:39,10.01,--,30,30030,买盘
1457,09:45:34,10.01,--,16,16016,买盘
1458,09:45:29,10.01,--,20,20020,买盘
1459,09:45:14,10.01,-0.01,50,50050,卖盘
1460,09:45:09,10.02,0.01,13,13026,买盘
1461,09:44:59,10.01,-0.01,3,3003,卖盘
1462,09:44:54,10.02,--,86,86172,买盘
1463,09:44:49,10.02,0.01,10,10020,买盘
1464,09:44:44,10.01,-0.01,2,2002,卖盘
1465,09:44:39,10.02,--,26,26052,买盘
1466,09:44:19,10.02,--,5,5010,买盘
1467,09:44:09,10.02,0.02,33,33066,买盘
1468,09:44:04,10.0,-0.01,35,35000,卖盘
1469,09:43:58,10.01,0.01,4,4004,买盘
1470,09:43:54,10.0,--,5,5000,卖盘
1471,09:43:49,10.0,-0.02,2,2000,卖盘
1472,09:43:43,10.02,--,19,19038,买盘
1473,09:43:39,10.02,0.02,21,21042,买盘
1474,09:43:19,10.0,--,0,0,卖盘
1475,09:43:13,10.0,--,9,9000,卖盘
1476,09:43:04,10.0,--,49,49000,买盘
1477,09:42:58,10.0,--,70,70000,买盘
1478,09:42:54,10.0,--,5,5000,买盘
1479,09:42:49,10.0,--,38,38000,买盘
1480,09:42:43,10.0,--,1,1000,买盘
1481,09:42:39,10.0,--,10,10000,买盘
1482,09:42:33,10.0,--,71,71000,卖盘
1483,09:42:24,10.0,-0.02,100,100000,卖盘
1484,09:42:08,10.02,--,22,22044,卖盘
1485,09:41:53,10.02,--,11,11022,卖盘
1486,09:41:48,10.02,--,14,14028,卖盘
1487,09:41:43,10.02,--,100,100200,卖盘
1488,09:41:33,10.02,0.01,2,2004,买盘
1489,09:41:23,10.01,-0.01,6,6006,卖盘
1490,09:41:18,10.02,0.01,10,10020,买盘
1491,09:41:13,10.01,--,30,30030,卖盘
1492,09:41:08,10.01,--,6,6006,卖盘
1493,09:41:03,10.01,-0.01,2,2002,卖盘
1494,09:40:53,10.02,0.01,20,20040,买盘
1495,09:40:38,10.01,-0.01,59,59059,卖盘
1496,09:40:28,10.02,--,10,10020,买盘
1497,09:40:23,10.02,--,2,2004,买盘
1498,09:40:18,10.02,0.01,6,6012,买盘
1499,09:40:08,10.01,-0.01,2,2002,卖盘
1500,09:40:03,10.02,--,1,1002,买盘
1501,09:39:53,10.02,--,5,5010,中性盘
1502,09:39:48,10.02,0.01,1,1002,卖盘
1503,09:39:33,10.01,-0.01,298,298298,卖盘
1504,09:39:28,10.02,-0.01,13,13026,卖盘
1505,09:39:23,10.03,--,23,23069,买盘
1506,09:39:18,10.03,--,33,33099,卖盘
1507,09:39:13,10.03,-0.01,2,2005,卖盘
1508,09:39:08,10.04,--,29,29115,买盘
1509,09:39:03,10.04,--,35,35140,买盘
1510,09:38:43,10.04,-0.01,31,31123,卖盘
1511,09:38:38,10.05,0.01,51,51255,买盘
1512,09:38:28,10.04,--,10,10040,卖盘
1513,09:38:23,10.04,-0.01,75,75300,买盘
1514,09:38:18,10.05,0.01,181,181905,买盘
1515,09:38:13,10.04,--,11,11043,卖盘
1516,09:38:08,10.04,--,142,142568,卖盘
1517,09:38:03,10.04,--,10,10040,卖盘
1518,09:37:58,10.04,-0.01,8,8031,卖盘
1519,09:37:53,10.05,--,41,41205,卖盘
1520,09:37:48,10.05,0.01,58,58290,买盘
1521,09:37:43,10.04,--,10,10040,卖盘
1522,09:37:33,10.04,--,0,0,卖盘
1523,09:37:28,10.04,-0.01,95,95379,卖盘
1524,09:37:22,10.05,--,1,1005,卖盘
1525,09:37:18,10.05,--,38,38190,买盘
1526,09:37:13,10.05,--,92,92460,买盘
1527,09:37:07,10.05,--,20,20100,买盘
1528,09:37:03,10.05,--,41,41205,买盘
1529,09:36:57,10.05,--,13,13065,买盘
1530,09:36:52,10.05,--,3,3015,买盘
1531,09:36:48,10.05,0.01,39,39195,买盘
1532,09:36:43,10.04,--,39,39156,买盘
1533,09:36:33,10.04,0.01,57,57227,买盘
1534,09:36:27,10.03,--,9,9027,买盘
1535,09:36:22,10.03,0.01,5,5015,买盘
1536,09:36:18,10.02,-0.01,26,26052,卖盘
1537,09:36:12,10.03,0.01,32,32095,买盘
1538,09:36:07,10.02,--,28,28056,买盘
1539,09:36:02,10.02,0.02,12,12024,买盘
1540,09:35:57,10.0,-0.01,68,68000,中性盘
1541,09:35:52,10.01,0.02,26,26026,买盘
1542,09:35:47,9.99,--,9,8991,卖盘
1543,09:35:32,9.99,-0.01,73,73146,卖盘
1544,09:35:27,10.0,--,26,26000,买盘
1545,09:35:22,10.0,0.01,112,112000,买盘
1546,09:35:17,9.99,--,2,1998,卖盘
1547,09:35:12,9.99,0.02,1,999,买盘
1548,09:35:07,9.97,-0.02,45,44865,卖盘
1549,09:35:02,9.99,0.02,2,1998,买盘
1550,09:34:57,9.97,-0.03,5,4985,卖盘
1551,09:34:47,10.0,--,0,0,买盘
1552,09:34:42,10.0,0.03,104,104000,买盘
1553,09:34:32,9.97,--,2,1994,卖盘
1554,09:34:22,9.97,-0.02,2,1994,卖盘
1555,09:34:17,9.99,--,10,9990,买盘
1556,09:34:12,9.99,0.02,6,5994,买盘
1557,09:34:02,9.97,-0.02,4,3988,中性盘
1558,09:33:57,9.99,--,21,20979,买盘
1559,09:33:47,9.99,--,5,4995,买盘
1560,09:33:42,9.99,--,0,0,买盘
1561,09:33:37,9.99,--,12,11988,买盘
1562,09:33:32,9.99,--,4,3996,买盘
1563,09:33:27,9.99,--,10,9990,买盘
1564,09:33:17,9.99,--,0,0,买盘
1565,09:33:12,9.99,0.01,5,4995,买盘
1566,09:33:07,9.98,--,0,0,中性盘
1567,09:33:02,9.98,-0.02,18,17964,卖盘
1568,09:32:42,10.0,--,33,33780,卖盘
1569,09:32:37,10.0,-0.01,47,47000,卖盘
1570,09:32:32,10.01,0.01,15,15015,买盘
1571,09:32:27,10.0,-0.01,70,70000,卖盘
1572,09:32:21,10.01,--,1,1001,买盘
1573,09:32:17,10.01,--,5,5005,买盘
1574,09:32:12,10.01,0.01,2,2002,买盘
1575,09:32:07,10.0,-0.01,10,10000,卖盘
1576,09:32:02,10.01,0.01,11,11011,买盘
1577,09:31:57,10.0,--,60,60000,卖盘
1578,09:31:42,10.0,0.05,366,366220,买盘
1579,09:31:36,9.95,--,5,4975,卖盘
1580,09:31:32,9.95,--,82,81590,卖盘
1581,09:31:27,9.95,-0.01,93,92535,卖盘
1582,09:31:21,9.96,--,8,7968,买盘
1583,09:31:17,9.96,-0.01,16,15936,卖盘
1584,09:31:06,9.97,-0.01,52,51844,卖盘
1585,09:30:56,9.98,--,6,5988,买盘
1586,09:30:51,9.98,--,0,0,买盘
1587,09:30:46,9.98,0.01,30,29940,买盘
1588,09:30:41,9.97,0.01,7,6979,买盘
1589,09:30:27,9.96,-0.01,50,49800,卖盘
1590,09:30:16,9.97,--,0,0,买盘
1591,09:30:12,9.97,0.02,7,6979,买盘
1592,09:30:06,9.95,0.03,370,368150,买盘
1593,09:28:59,9.92,--,0,0,卖盘
1594,09:25:05,9.92,9.92,138,136896,买盘
