,time,price,change,volume,amount,type
0,15:00:00,9.89,--,0,0,卖盘
1,14:59:59,9.89,-0.02,0,0,卖盘
2,14:59:55,9.91,0.01,1,991,买盘
3,14:59:40,9.9,--,5,4950,卖盘
4,14:59:35,9.9,0.01,185,183150,买盘
5,14:59:30,9.89,-0.01,9,8901,卖盘
6,14:59:25,9.9,0.01,20,19800,买盘
7,14:59:20,9.89,-0.01,1720,1701080,卖盘
8,14:59:10,9.9,--,55,54450,买盘
9,14:59:05,9.9,--,7,6930,买盘
10,14:58:55,9.9,--,32,31680,买盘
11,14:58:50,9.9,--,1,990,买盘
12,14:58:45,9.9,0.01,12,11880,买盘
13,14:58:40,9.89,-0.01,167,165163,卖盘
14,14:58:35,9.9,--,12,11880,买盘
15,14:58:30,9.9,--,34,33660,买盘
16,14:58:25,9.9,--,9,8910,中性盘
17,14:58:20,9.9,--,4,3960,买盘
18,14:58:15,9.9,--,1,990,买盘
19,14:58:10,9.9,--,119,117810,买盘
20,14:58:05,9.9,--,161,159597,卖盘
21,14:57:55,9.9,--,49,49292,买盘
22,14:57:50,9.9,--,15,14850,买盘
23,14:57:45,9.9,--,129,127710,买盘
24,14:57:40,9.9,--,22,21780,买盘
25,14:57:35,9.9,--,284,281367,卖盘
26,14:57:25,9.9,--,20,19800,卖盘
27,14:57:20,9.9,--,47,47312,买盘
28,14:57:10,9.9,--,40,39600,买盘
29,14:57:05,9.9,-0.01,729,721917,卖盘
30,14:56:59,9.91,--,1,991,买盘
31,14:56:49,9.91,--,176,174614,卖盘
32,14:56:40,9.91,--,12,11892,卖盘
33,14:56:29,9.91,-0.01,2,1982,卖盘
34,14:56:24,9.92,0.01,15,14880,买盘
35,14:56:19,9.91,--,10,9910,卖盘
36,14:56:14,9.91,-0.01,4,4756,卖盘
37,14:56:04,9.92,0.01,3,2976,买盘
38,14:55:58,9.91,-0.01,6,5946,卖盘
39,14:55:55,9.92,--,0,0,买盘
40,14:55:49,9.92,0.02,28,27776,买盘
41,14:55:34,9.9,-0.01,20,19800,卖盘
42,14:55:29,9.91,-0.01,21,20811,卖盘
43,14:55:19,9.92,0.02,28,27776,买盘
44,14:55:14,9.9,--,8,7920,卖盘
45,14:55:09,9.9,--,20,19819,卖盘
46,14:55:04,9.9,-0.02,7,6930,卖盘
47,14:54:59,9.92,0.01,15,14880,买盘
48,14:54:49,9.91,0.01,170,169351,买盘
49,14:54:44,9.9,--,12,11880,卖盘
50,14:54:40,9.9,0.01,100,99762,买盘
51,14:54:34,9.89,-0.01,63,62307,卖盘
52,14:54:29,9.9,0.01,1,990,买盘
53,14:54:24,9.89,--,130,128570,卖盘
54,14:54:14,9.89,-0.01,10,9890,卖盘
55,14:54:10,9.9,0.01,17,16830,买盘
56,14:54:04,9.89,--,8,7912,卖盘
57,14:53:59,9.89,-0.01,1,989,卖盘
58,14:53:55,9.9,0.01,208,205920,买盘
59,14:53:49,9.89,--,3,2967,卖盘
60,14:53:44,9.89,-0.01,818,809002,卖盘
61,14:53:34,9.9,0.01,32,31680,买盘
62,14:53:29,9.89,--,90,89464,卖盘
63,14:53:14,9.89,--,558,551862,卖盘
64,14:53:09,9.89,-0.01,40,39560,卖盘
65,14:53:04,9.9,--,750,742500,买盘
66,14:52:59,9.9,--,150,148500,买盘
67,14:52:49,9.9,--,69,68310,买盘
68,14:52:44,9.9,0.01,128,126720,买盘
69,14:52:39,9.89,--,7,6923,卖盘
70,14:52:34,9.89,--,59,59023,卖盘
71,14:52:28,9.89,--,24,23736,卖盘
72,14:52:19,9.89,-0.01,50,49450,卖盘
73,14:52:13,9.9,0.01,21,20829,买盘
74,14:52:04,9.89,--,18,17802,卖盘
75,14:51:59,9.89,-0.01,152,151247,卖盘
76,14:51:54,9.9,0.01,70,69300,买盘
77,14:51:49,9.89,-0.01,38,37582,卖盘
78,14:51:44,9.9,0.01,373,369270,买盘
79,14:51:39,9.89,-0.01,151,149635,卖盘
80,14:51:34,9.9,--,53,52470,买盘
81,14:51:29,9.9,--,470,465696,卖盘
82,14:51:19,9.9,--,104,103554,卖盘
83,14:51:14,9.9,-0.01,24,23760,卖盘
84,14:51:09,9.91,0.01,40,39640,买盘
85,14:51:04,9.9,--,14,13860,卖盘
86,14:50:59,9.9,--,98,97020,卖盘
87,14:50:49,9.9,--,30,29700,卖盘
88,14:50:44,9.9,--,105,103950,卖盘
89,14:50:39,9.9,--,351,347490,卖盘
90,14:50:34,9.9,-0.01,43,42570,卖盘
91,14:50:28,9.91,--,1007,998640,卖盘
92,14:50:19,9.91,--,32,31712,卖盘
93,14:50:13,9.91,--,56,55496,卖盘
94,14:50:08,9.91,--,27,26757,卖盘
95,14:50:04,9.91,--,46,45586,卖盘
96,14:49:58,9.91,--,167,165497,卖盘
97,14:49:53,9.91,--,60,59460,卖盘
98,14:49:49,9.91,--,27,26757,卖盘
99,14:49:38,9.91,-0.01,38,37658,卖盘
100,14:49:28,9.92,0.01,66,65620,买盘
101,14:49:23,9.91,-0.01,125,124697,卖盘
102,14:49:18,9.92,--,15,14880,卖盘
103,14:49:13,9.92,--,75,74400,卖盘
104,14:49:08,9.92,--,15,14880,卖盘
105,14:48:58,9.92,--,16,15872,卖盘
106,14:48:53,9.92,--,37,36704,卖盘
107,14:48:49,9.92,--,15,14880,卖盘
108,14:48:38,9.92,--,51,50592,卖盘
109,14:48:28,9.92,--,29,28768,卖盘
110,14:48:18,9.92,--,82,81344,卖盘
111,14:48:08,9.92,-0.01,15,14880,卖盘
112,14:48:04,9.93,--,50,49650,卖盘
113,14:47:58,9.93,-0.01,15,14895,卖盘
114,14:47:53,9.94,0.01,20,19880,买盘
115,14:47:48,9.93,--,29,29323,卖盘
116,14:47:43,9.93,--,26,25818,卖盘
117,14:47:38,9.93,--,70,69510,卖盘
118,14:47:28,9.93,--,15,14895,卖盘
119,14:47:23,9.93,--,17,16881,卖盘
120,14:47:18,9.93,--,15,14895,卖盘
121,14:47:08,9.93,--,37,36741,卖盘
122,14:46:58,9.93,--,15,14895,卖盘
123,14:46:48,9.93,0.01,23,22839,买盘
124,14:46:38,9.92,--,52,51584,卖盘
125,14:46:33,9.92,-0.01,4,4602,卖盘
126,14:46:28,9.93,--,15,14895,卖盘
127,14:46:19,9.93,--,14,13902,卖盘
128,14:46:13,9.93,-0.01,18,17943,卖盘
129,14:46:08,9.94,0.01,36,35784,买盘
130,14:45:58,9.93,--,20,20743,卖盘
131,14:45:53,9.93,0.01,44,43692,买盘
132,14:45:48,9.92,--,16,15872,卖盘
133,14:45:38,9.92,-0.01,15,14880,卖盘
134,14:45:28,9.93,0.01,15,14895,买盘
135,14:45:23,9.92,--,0,0,卖盘
136,14:45:18,9.92,-0.01,16,15872,卖盘
137,14:45:13,9.93,--,1,993,卖盘
138,14:45:08,9.93,--,118,117174,买盘
139,14:45:03,9.93,--,10,9930,买盘
140,14:44:58,9.93,--,16,15888,买盘
141,14:44:48,9.93,0.01,31,30783,买盘
142,14:44:38,9.92,-0.01,21,20832,卖盘
143,14:44:28,9.93,0.01,36,35748,买盘
144,14:44:23,9.92,--,36,35712,卖盘
145,14:44:18,9.92,--,15,14880,卖盘
146,14:44:13,9.92,--,3,2976,卖盘
147,14:44:08,9.92,-0.02,25,24800,卖盘
148,14:43:58,9.94,0.02,24,23856,买盘
149,14:43:48,9.92,--,16,15872,卖盘
150,14:43:38,9.92,--,74,73408,卖盘
151,14:43:28,9.92,--,25,24800,卖盘
152,14:43:17,9.92,--,16,15872,卖盘
153,14:43:07,9.92,--,59,58528,卖盘
154,14:42:58,9.92,-0.01,46,45632,卖盘
155,14:42:52,9.93,--,10,9930,卖盘
156,14:42:48,9.93,0.01,17,16881,卖盘
157,14:42:37,9.92,--,16,15872,卖盘
158,14:42:32,9.92,--,99,98208,卖盘
159,14:42:27,9.92,-0.02,25,24800,卖盘
160,14:42:22,9.94,0.02,122,121268,买盘
161,14:42:17,9.92,-0.02,15,14880,卖盘
162,14:42:12,9.94,0.02,20,19880,买盘
163,14:42:07,9.92,-0.02,26,25792,卖盘
164,14:42:02,9.94,0.02,30,29820,买盘
165,14:41:57,9.92,--,15,14880,卖盘
166,14:41:52,9.92,-0.01,15,14880,卖盘
167,14:41:47,9.93,0.01,26,25818,买盘
168,14:41:37,9.92,-0.01,15,14880,卖盘
169,14:41:32,9.93,0.01,15,14895,买盘
170,14:41:27,9.92,--,15,14880,卖盘
171,14:41:16,9.92,--,16,15872,卖盘
172,14:41:07,9.92,--,15,14880,卖盘
173,14:41:02,9.92,--,43,42656,卖盘
174,14:40:57,9.92,-0.01,15,14880,卖盘
175,14:40:52,9.93,0.01,10,9930,买盘
176,14:40:47,9.92,-0.01,29,28768,卖盘
177,14:40:37,9.93,0.01,37,36741,买盘
178,14:40:27,9.92,-0.02,15,14880,卖盘
179,14:40:22,9.94,--,0,0,买盘
180,14:40:17,9.94,0.02,24,23856,买盘
181,14:40:12,9.92,--,34,33728,卖盘
182,14:40:07,9.92,--,16,15872,卖盘
183,14:40:02,9.92,--,41,40672,卖盘
184,14:39:57,9.92,-0.02,15,14880,卖盘
185,14:39:52,9.94,--,36,35784,买盘
186,14:39:47,9.94,0.01,82,81508,买盘
187,14:39:42,9.93,-0.01,10,9930,卖盘
188,14:39:37,9.94,0.01,111,110334,买盘
189,14:39:32,9.93,--,52,51636,卖盘
190,14:39:27,9.93,-0.01,14,13902,卖盘
191,14:39:22,9.94,0.02,62,61628,买盘
192,14:39:17,9.92,-0.02,19,18848,卖盘
193,14:39:07,9.94,0.02,19,18886,买盘
194,14:38:57,9.92,-0.02,15,14880,卖盘
195,14:38:52,9.94,0.02,12,11928,买盘
196,14:38:47,9.92,--,46,45632,卖盘
197,14:38:42,9.92,-0.02,13,12896,卖盘
198,14:38:37,9.94,0.01,56,55664,买盘
199,14:38:27,9.93,--,16,15888,卖盘
200,14:38:22,9.93,0.01,7,6951,买盘
201,14:38:17,9.92,-0.01,46,45632,卖盘
202,14:38:12,9.93,0.01,4,3972,买盘
203,14:38:07,9.92,--,85,84320,卖盘
204,14:38:02,9.92,--,0,0,卖盘
205,14:37:57,9.92,-0.02,15,14880,卖盘
206,14:37:52,9.94,0.02,28,27832,买盘
207,14:37:47,9.92,-0.02,15,14880,卖盘
208,14:37:42,9.94,0.01,44,43736,买盘
209,14:37:37,9.93,-0.01,43,42699,卖盘
210,14:37:27,9.94,0.01,54,53676,买盘
211,14:37:22,9.93,0.01,26,25818,买盘
212,14:37:17,9.92,--,63,62496,卖盘
213,14:37:07,9.92,-0.02,15,14880,中性盘
214,14:37:02,9.94,0.03,197,195818,买盘
215,14:36:57,9.91,-0.02,43,42613,卖盘
216,14:36:46,9.93,0.02,134,133062,买盘
217,14:36:37,9.91,-0.01,15,14865,卖盘
218,14:36:31,9.92,0.01,5,4960,中性盘
219,14:36:27,9.91,-0.02,15,14865,卖盘
220,14:36:22,9.93,0.01,41,40713,买盘
221,14:36:16,9.92,0.01,25,24800,卖盘
222,14:36:12,9.91,--,0,0,卖盘
223,14:36:07,9.91,--,16,15856,卖盘
224,14:35:57,9.91,-0.01,16,15856,卖盘
225,14:35:46,9.92,0.01,48,47616,卖盘
226,14:35:42,9.91,--,0,0,卖盘
227,14:35:36,9.91,-0.02,16,15856,卖盘
228,14:35:31,9.93,--,0,0,买盘
229,14:35:27,9.93,0.02,35,34755,买盘
230,14:35:21,9.91,--,0,0,卖盘
231,14:35:16,9.91,--,15,14865,卖盘
232,14:35:11,9.91,--,10,9910,卖盘
233,14:35:07,9.91,--,14,13874,卖盘
234,14:35:01,9.91,--,0,0,卖盘
235,14:34:56,9.91,--,15,14865,卖盘
236,14:34:46,9.91,--,15,14865,卖盘
237,14:34:41,9.91,--,36,35676,卖盘
238,14:34:35,9.91,-0.01,21,20811,卖盘
239,14:34:31,9.92,--,4,3968,买盘
240,14:34:25,9.92,--,50,49600,买盘
241,14:34:21,9.92,--,67,66464,卖盘
242,14:34:16,9.92,--,16,15872,卖盘
243,14:34:11,9.92,0.01,27,26784,买盘
244,14:34:06,9.91,--,24,23784,卖盘
245,14:33:55,9.91,--,67,66397,卖盘
246,14:33:46,9.91,--,16,15856,卖盘
247,14:33:40,9.91,--,110,109545,卖盘
248,14:33:36,9.91,--,15,14865,卖盘
249,14:33:31,9.91,--,78,77298,卖盘
250,14:33:26,9.91,--,15,14865,卖盘
251,14:33:21,9.91,-0.01,100,99100,卖盘
252,14:33:16,9.92,0.01,132,131539,买盘
253,14:33:11,9.91,--,30,29730,卖盘
254,14:33:06,9.91,--,16,15856,卖盘
255,14:33:01,9.91,--,7,6937,卖盘
256,14:32:56,9.91,-0.01,103,102073,卖盘
257,14:32:46,9.92,--,90,89736,卖盘
258,14:32:41,9.92,--,588,583296,卖盘
259,14:32:36,9.92,--,14,13888,卖盘
260,14:32:31,9.92,--,32,31744,卖盘
261,14:32:25,9.92,-0.02,174,172608,卖盘
262,14:32:21,9.94,0.02,55,54670,买盘
263,14:32:16,9.92,--,15,14880,卖盘
264,14:32:11,9.92,--,30,29849,卖盘
265,14:32:06,9.92,--,15,14880,卖盘
266,14:31:56,9.92,-0.02,22,22270,卖盘
267,14:31:46,9.94,--,25,24850,卖盘
268,14:31:41,9.94,--,157,156058,卖盘
269,14:31:36,9.94,--,15,14910,卖盘
270,14:31:31,9.94,0.02,123,122262,买盘
271,14:31:25,9.92,--,16,15872,卖盘
272,14:31:16,9.92,--,14,13888,卖盘
273,14:31:06,9.92,--,16,15872,卖盘
274,14:30:56,9.92,-0.01,172,170624,卖盘
275,14:30:51,9.93,0.01,8,7944,买盘
276,14:30:46,9.92,-0.01,411,407712,卖盘
277,14:30:41,9.93,0.01,69,68517,买盘
278,14:30:36,9.92,--,14,13888,卖盘
279,14:30:31,9.92,-0.01,100,99200,卖盘
280,14:30:26,9.93,0.01,59,58587,买盘
281,14:30:16,9.92,--,19,18848,卖盘
282,14:30:06,9.92,-0.01,15,14880,卖盘
283,14:30:01,9.93,0.01,20,19860,买盘
284,14:29:55,9.92,-0.01,49,48608,卖盘
285,14:29:46,9.93,--,19,18867,买盘
286,14:29:40,9.93,0.01,50,49650,买盘
287,14:29:35,9.92,--,15,14880,卖盘
288,14:29:25,9.92,--,39,38688,卖盘
289,14:29:16,9.92,--,17,16864,卖盘
290,14:29:06,9.92,--,109,108128,买盘
291,14:29:01,9.92,--,216,214272,买盘
292,14:28:55,9.92,--,978,970176,买盘
293,14:28:50,9.92,--,271,268832,买盘
294,14:28:46,9.92,--,55,54560,买盘
295,14:28:40,9.92,0.01,65,64480,买盘
296,14:28:35,9.91,-0.01,15,14865,卖盘
297,14:28:31,9.92,--,1,992,买盘
298,14:28:25,9.92,0.01,64,63488,卖盘
299,14:28:21,9.91,--,194,192254,卖盘
300,14:28:16,9.91,--,23,22793,卖盘
301,14:28:10,9.91,--,488,483608,卖盘
302,14:28:05,9.91,-0.01,16,15856,卖盘
303,14:28:01,9.92,--,25,24800,卖盘
304,14:27:55,9.92,--,48,47616,买盘
305,14:27:50,9.92,0.01,36,35712,卖盘
306,14:27:45,9.91,--,285,282435,卖盘
307,14:27:40,9.91,-0.01,401,397618,卖盘
308,14:27:36,9.92,--,451,447392,卖盘
309,14:27:30,9.92,--,14,13888,卖盘
310,14:27:25,9.92,--,85,84320,卖盘
311,14:27:21,9.92,--,103,102176,卖盘
312,14:27:16,9.92,--,82,81344,卖盘
313,14:27:10,9.92,--,116,115072,卖盘
314,14:27:05,9.92,--,217,215264,卖盘
315,14:27:01,9.92,--,182,180544,卖盘
316,14:26:55,9.92,-0.01,62,61504,卖盘
317,14:26:50,9.93,--,80,79787,卖盘
318,14:26:45,9.93,--,534,530262,卖盘
319,14:26:40,9.93,-0.01,142,141006,卖盘
320,14:26:34,9.94,0.01,194,192836,买盘
321,14:26:25,9.93,--,15,14895,卖盘
322,14:26:15,9.93,-0.01,15,14895,卖盘
323,14:26:10,9.94,0.01,25,24850,买盘
324,14:26:05,9.93,-0.01,16,15888,卖盘
325,14:26:00,9.94,--,38,37772,卖盘
326,14:25:55,9.94,--,15,14910,卖盘
327,14:25:50,9.94,--,10,9940,卖盘
328,14:25:45,9.94,--,441,438354,卖盘
329,14:25:40,9.94,--,24,23856,卖盘
330,14:25:35,9.94,-0.01,14,13916,卖盘
331,14:25:30,9.95,0.01,54,53729,买盘
332,14:25:25,9.94,--,19,18886,卖盘
333,14:25:15,9.94,--,35,34790,卖盘
334,14:25:04,9.94,--,16,15904,卖盘
335,14:25:00,9.94,--,54,53676,卖盘
336,14:24:55,9.94,--,34,33796,卖盘
337,14:24:45,9.94,--,71,70574,卖盘
338,14:24:34,9.94,-0.01,15,14910,卖盘
339,14:24:30,9.95,0.01,3,2985,买盘
340,14:24:25,9.94,--,15,14910,卖盘
341,14:24:20,9.94,--,265,263410,买盘
342,14:24:15,9.94,0.01,44,43736,买盘
343,14:24:05,9.93,-0.01,39,38727,卖盘
344,14:24:00,9.94,--,48,47712,卖盘
345,14:23:55,9.94,-0.01,15,14910,卖盘
346,14:23:50,9.95,0.01,314,312430,买盘
347,14:23:45,9.94,--,46,45724,卖盘
348,14:23:40,9.94,-0.01,12,11928,卖盘
349,14:23:34,9.95,0.01,19,18905,买盘
350,14:23:30,9.94,--,34,33796,卖盘
351,14:23:25,9.94,-0.01,15,14910,卖盘
352,14:23:15,9.95,0.01,64,63679,买盘
353,14:23:05,9.94,--,15,14910,卖盘
354,14:23:00,9.94,--,83,82502,卖盘
355,14:22:55,9.94,--,26,25844,买盘
356,14:22:50,9.94,0.01,4,3976,买盘
357,14:22:45,9.93,-0.01,71,70503,卖盘
358,14:22:40,9.94,0.01,2,1988,买盘
359,14:22:34,9.93,-0.01,15,14895,卖盘
360,14:22:25,9.94,0.01,54,53676,买盘
361,14:22:15,9.93,-0.02,15,14895,卖盘
362,14:22:10,9.95,0.02,3,2985,买盘
363,14:22:04,9.93,--,35,34755,卖盘
364,14:21:59,9.93,--,34,33762,卖盘
365,14:21:55,9.93,--,27,26811,卖盘
366,14:21:49,9.93,-0.01,7,6951,卖盘
367,14:21:44,9.94,--,5,4970,卖盘
368,14:21:34,9.94,--,5,4970,卖盘
369,14:21:24,9.94,--,7,6958,买盘
370,14:21:15,9.94,-0.02,20,19880,卖盘
371,14:21:10,9.96,0.03,1,996,买盘
372,14:21:04,9.93,--,0,0,卖盘
373,14:20:59,9.93,-0.01,338,335634,卖盘
374,14:20:49,9.94,--,10,9940,买盘
375,14:20:45,9.94,--,184,182896,卖盘
376,14:20:30,9.94,-0.01,7,6958,卖盘
377,14:20:19,9.95,0.02,1,994,买盘
378,14:20:14,9.93,-0.01,565,561045,卖盘
379,14:20:04,9.94,--,20,19880,买盘
380,14:19:59,9.94,--,28,27832,买盘
381,14:19:54,9.94,0.01,9,8946,买盘
382,14:19:49,9.93,-0.01,113,112407,卖盘
383,14:19:45,9.94,0.01,120,119280,卖盘
384,14:19:39,9.93,--,0,0,卖盘
385,14:19:34,9.93,-0.01,201,199593,卖盘
386,14:19:19,9.94,--,30,30346,买盘
387,14:18:58,9.94,0.01,256,254464,买盘
388,14:18:54,9.93,-0.01,137,136557,卖盘
389,14:18:44,9.94,--,235,234365,卖盘
390,14:18:29,9.94,--,17,17434,卖盘
391,14:18:24,9.94,--,234,232596,卖盘
392,14:18:19,9.94,--,24,24382,卖盘
393,14:17:59,9.94,--,17,17424,卖盘
394,14:17:44,9.94,-0.02,2,1988,卖盘
395,14:17:34,9.96,--,20,19920,买盘
396,14:17:19,9.96,--,50,49800,买盘
397,14:17:14,9.96,--,4,3984,买盘
398,14:16:43,9.96,--,4,3984,买盘
399,14:16:14,9.96,--,13,12948,买盘
400,14:16:04,9.96,0.02,29,28884,买盘
401,14:15:58,9.94,-0.01,36,35784,卖盘
402,14:15:54,9.95,--,65,64674,买盘
403,14:15:49,9.95,0.01,28,27859,买盘
404,14:15:43,9.94,--,24,24382,卖盘
405,14:15:19,9.94,--,17,17424,卖盘
406,14:14:49,9.94,--,20,19880,卖盘
407,14:14:43,9.94,--,17,17424,卖盘
408,14:14:24,9.94,-0.02,10,9940,卖盘
409,14:14:13,9.96,--,0,0,买盘
410,14:14:09,9.96,0.02,142,141432,买盘
411,14:13:53,9.94,-0.01,7,6958,卖盘
412,14:13:48,9.95,--,5,4975,卖盘
413,14:13:38,9.95,--,100,99500,卖盘
414,14:13:23,9.95,--,6,5970,卖盘
415,14:13:18,9.95,--,4,3979,卖盘
416,14:12:58,9.95,-0.01,58,57709,卖盘
417,14:12:48,9.96,0.01,1,996,买盘
418,14:12:43,9.95,--,3,2985,卖盘
419,14:12:23,9.95,-0.01,54,54118,卖盘
420,14:12:18,9.96,0.01,20,19920,买盘
421,14:12:03,9.95,--,31,30844,卖盘
422,14:11:48,9.95,--,3,2985,卖盘
423,14:11:37,9.95,--,0,0,卖盘
424,14:11:13,9.95,-0.01,6,5970,卖盘
425,14:10:33,9.96,0.01,72,71712,买盘
426,14:09:53,9.95,-0.01,4,3979,卖盘
427,14:09:33,9.96,--,35,34860,买盘
428,14:09:23,9.96,0.01,16,15936,买盘
429,14:09:18,9.95,--,1,994,卖盘
430,14:09:13,9.95,--,1,994,卖盘
431,14:09:07,9.95,--,7,6964,卖盘
432,14:09:02,9.95,--,47,46765,卖盘
433,14:08:52,9.95,--,2,1989,卖盘
434,14:08:32,9.95,--,6,5970,卖盘
435,14:08:03,9.95,--,6,5970,卖盘
436,14:07:52,9.95,--,7,6964,卖盘
437,14:07:48,9.95,--,9,8955,卖盘
438,14:07:37,9.95,--,15,14924,卖盘
439,14:07:32,9.95,-0.01,6,5970,卖盘
440,14:07:22,9.96,0.01,1,996,买盘
441,14:07:17,9.95,-0.01,100,99500,卖盘
442,14:07:12,9.96,0.01,1,996,买盘
443,14:07:02,9.95,--,102,101649,卖盘
444,14:06:57,9.95,-0.01,6,5970,卖盘
445,14:06:52,9.96,--,10,9960,买盘
446,14:06:47,9.96,0.01,20,19920,买盘
447,14:06:42,9.95,--,9,8955,卖盘
448,14:06:37,9.95,--,24,23880,卖盘
449,14:06:32,9.95,--,171,170145,卖盘
450,14:06:27,9.95,--,6,5970,卖盘
451,14:05:57,9.95,--,106,105469,卖盘
452,14:05:42,9.95,--,6,5970,卖盘
453,14:05:32,9.95,--,0,0,卖盘
454,14:05:27,9.95,--,6,5970,卖盘
455,14:05:17,9.95,--,1,994,卖盘
456,14:05:07,9.95,-0.01,100,99500,卖盘
457,14:04:57,9.96,--,19,18924,卖盘
458,14:04:52,9.96,--,6,5976,卖盘
459,14:04:47,9.96,0.01,33,32868,买盘
460,14:04:37,9.95,--,6,5970,卖盘
461,14:04:27,9.95,--,3,2985,卖盘
462,14:04:22,9.95,-0.01,32,31839,卖盘
463,14:04:17,9.96,0.01,67,66732,买盘
464,14:04:12,9.95,--,18,17910,卖盘
465,14:04:07,9.95,-0.02,8,7959,卖盘
466,14:04:02,9.97,0.01,30,29910,买盘
467,14:03:57,9.96,0.01,9,8964,买盘
468,14:03:52,9.95,--,27,26864,卖盘
469,14:03:46,9.95,--,2,2497,卖盘
470,14:03:37,9.95,--,11,10945,卖盘
471,14:03:31,9.95,-0.02,33,32835,卖盘
472,14:03:27,9.97,0.02,112,111664,买盘
473,14:03:22,9.95,--,33,32835,卖盘
474,14:03:12,9.95,-0.02,1,994,卖盘
475,14:03:02,9.97,0.02,1,997,买盘
476,14:02:57,9.95,-0.02,12,11940,卖盘
477,14:02:52,9.97,0.02,45,44865,买盘
478,14:02:37,9.95,-0.02,1,1621,卖盘
479,14:02:27,9.97,0.02,11,10967,买盘
480,14:02:22,9.95,--,7,6964,卖盘
481,14:02:07,9.95,-0.02,7,6964,卖盘
482,14:01:52,9.97,0.01,71,71255,买盘
483,14:01:46,9.96,--,12,11952,卖盘
484,14:01:37,9.96,--,7,6972,卖盘
485,14:01:31,9.96,--,30,29880,卖盘
486,14:01:26,9.96,--,4,3984,卖盘
487,14:01:16,9.96,--,7,7579,卖盘
488,14:00:56,9.96,--,100,99600,卖盘
489,14:00:51,9.96,--,100,99600,卖盘
490,14:00:46,9.96,--,8,8585,卖盘
491,14:00:36,9.96,--,15,14940,卖盘
492,14:00:31,9.96,--,1,1772,卖盘
493,14:00:21,9.96,--,7,6972,卖盘
494,14:00:16,9.96,-0.01,106,105576,卖盘
495,14:00:06,9.97,0.01,220,219340,买盘
496,14:00:01,9.96,--,7,6972,卖盘
497,13:59:57,9.96,-0.01,50,49800,卖盘
498,13:59:51,9.97,0.01,22,21934,买盘
499,13:59:42,9.96,-0.01,18,17928,卖盘
500,13:59:31,9.97,0.01,20,19940,买盘
501,13:59:27,9.96,-0.01,4,3984,卖盘
502,13:59:16,9.97,0.01,20,19940,买盘
503,13:59:05,9.96,-0.01,7,6972,卖盘
504,13:59:01,9.97,0.01,90,89730,买盘
505,13:58:41,9.96,-0.01,1,996,卖盘
506,13:58:31,9.97,0.01,2,1994,买盘
507,13:57:41,9.96,-0.01,11,11334,卖盘
508,13:57:36,9.97,--,22,21934,买盘
509,13:57:26,9.97,0.01,22,21934,买盘
510,13:57:06,9.96,--,7,6972,卖盘
511,13:56:40,9.96,--,2,1992,卖盘
512,13:56:35,9.96,--,104,103584,卖盘
513,13:56:11,9.96,-0.01,23,23386,卖盘
514,13:55:56,9.97,--,73,72781,买盘
515,13:55:31,9.97,--,21,20937,买盘
516,13:55:25,9.97,--,2,1994,买盘
517,13:55:16,9.97,--,100,99700,买盘
518,13:54:46,9.97,0.01,230,229310,买盘
519,13:54:40,9.96,--,30,29880,卖盘
520,13:54:25,9.96,-0.01,6,5976,卖盘
521,13:54:21,9.97,--,0,0,买盘
522,13:54:05,9.97,0.02,54,53838,买盘
523,13:53:25,9.95,--,5,4975,卖盘
524,13:53:20,9.95,--,7,6964,卖盘
525,13:53:10,9.95,--,0,0,卖盘
526,13:52:40,9.95,--,30,29849,卖盘
527,13:52:05,9.95,-0.01,228,226859,卖盘
528,13:51:35,9.96,--,6,5976,卖盘
529,13:51:20,9.96,0.01,212,211749,买盘
530,13:51:10,9.95,-0.01,134,133996,卖盘
531,13:50:50,9.96,0.01,20,19920,买盘
532,13:50:39,9.95,--,6,5970,卖盘
533,13:50:15,9.95,--,13,12934,卖盘
534,13:50:10,9.95,--,23,23611,卖盘
535,13:50:05,9.95,--,13,12934,卖盘
536,13:49:55,9.95,--,18,17910,卖盘
537,13:49:50,9.95,--,6,5970,卖盘
538,13:49:40,9.95,--,6,5970,卖盘
539,13:49:35,9.95,--,6,5970,卖盘
540,13:49:30,9.95,-0.01,6,5970,卖盘
541,13:49:25,9.96,--,6,5976,买盘
542,13:49:15,9.96,--,8,7968,买盘
543,13:48:50,9.96,0.01,30,29880,买盘
544,13:48:45,9.95,-0.01,7,6964,卖盘
545,13:48:40,9.96,--,21,20916,买盘
546,13:48:35,9.96,--,20,19920,买盘
547,13:48:25,9.96,--,20,19920,买盘
548,13:48:15,9.96,--,3,2988,买盘
549,13:48:00,9.96,--,100,99600,买盘
550,13:47:55,9.96,0.01,8,7968,买盘
551,13:47:49,9.95,-0.01,7,6964,卖盘
552,13:47:19,9.96,--,10,9960,买盘
553,13:47:04,9.96,-0.01,37,36852,卖盘
554,13:46:24,9.97,--,3,2991,买盘
555,13:46:04,9.97,0.01,20,19940,买盘
556,13:45:49,9.96,-0.01,3,2988,卖盘
557,13:45:24,9.97,0.01,1,997,买盘
558,13:44:59,9.96,0.01,8,7968,买盘
559,13:44:49,9.95,-0.02,125,125310,卖盘
560,13:44:34,9.97,0.01,54,53838,买盘
561,13:44:19,9.96,-0.01,1,996,中性盘
562,13:44:09,9.97,0.02,1,997,买盘
563,13:44:04,9.95,-0.01,27,26864,卖盘
564,13:43:59,9.96,-0.01,65,64740,卖盘
565,13:43:44,9.97,0.01,23,22931,买盘
566,13:43:34,9.96,--,17,16932,卖盘
567,13:43:29,9.96,--,28,27888,卖盘
568,13:42:19,9.96,--,4,3984,卖盘
569,13:42:14,9.96,--,3,2988,卖盘
570,13:42:09,9.96,--,2,2470,卖盘
571,13:42:04,9.96,-0.01,10,9960,卖盘
572,13:41:59,9.97,--,5,4985,买盘
573,13:41:48,9.97,--,19,18943,买盘
574,13:41:24,9.97,0.01,25,24925,买盘
575,13:41:04,9.96,--,7,6972,卖盘
576,13:40:48,9.96,--,4,4880,卖盘
577,13:40:28,9.96,-0.02,127,127398,卖盘
578,13:40:13,9.98,0.01,67,66866,买盘
579,13:40:08,9.97,-0.01,1,1605,卖盘
580,13:39:48,9.98,0.01,21,20958,买盘
581,13:39:38,9.97,--,10,9970,卖盘
582,13:39:33,9.97,--,93,92721,卖盘
583,13:39:28,9.97,--,10,9970,卖盘
584,13:38:58,9.97,0.01,113,113139,买盘
585,13:38:33,9.96,--,83,83195,卖盘
586,13:38:28,9.96,--,87,86652,卖盘
587,13:38:18,9.96,-0.01,83,83454,卖盘
588,13:37:58,9.97,0.01,2,1994,买盘
589,13:37:43,9.96,--,2,2250,卖盘
590,13:37:13,9.96,-0.01,10,9960,卖盘
591,13:37:08,9.97,0.01,407,405779,买盘
592,13:36:58,9.96,--,10,9960,卖盘
593,13:36:53,9.96,-0.01,50,49800,卖盘
594,13:36:47,9.97,--,20,19940,买盘
595,13:36:43,9.97,--,1,997,买盘
596,13:36:28,9.97,--,10,9970,买盘
597,13:36:18,9.97,--,11,10967,买盘
598,13:35:58,9.97,0.01,10,9970,买盘
599,13:35:53,9.96,-0.01,27,26892,卖盘
600,13:35:47,9.97,--,5,4985,买盘
601,13:35:18,9.97,0.01,5,4985,买盘
602,13:35:13,9.96,--,1,996,卖盘
603,13:34:48,9.96,-0.01,15,14940,卖盘
604,13:34:27,9.97,0.01,160,159520,买盘
605,13:34:23,9.96,--,10,9960,卖盘
606,13:34:08,9.96,-0.01,1,996,卖盘
607,13:33:48,9.97,--,124,123628,买盘
608,13:33:37,9.97,--,21,20937,买盘
609,13:33:23,9.97,-0.01,8,7976,中性盘
610,13:33:17,9.98,0.02,119,118762,买盘
611,13:33:13,9.96,--,24,23904,卖盘
612,13:32:53,9.96,--,2,1992,卖盘
613,13:32:47,9.96,-0.02,13,12948,卖盘
614,13:32:33,9.98,0.02,261,260478,买盘
615,13:32:22,9.96,-0.02,7,6972,卖盘
616,13:32:17,9.98,--,201,200598,买盘
617,13:32:07,9.98,--,2,1996,买盘
618,13:31:47,9.98,0.02,5,4990,买盘
619,13:31:37,9.96,-0.02,116,115536,卖盘
620,13:31:32,9.98,--,85,84830,买盘
621,13:31:27,9.98,--,186,185628,买盘
622,13:31:22,9.98,--,105,104790,买盘
623,13:31:17,9.98,--,49,48902,买盘
624,13:31:11,9.98,--,22,21956,买盘
625,13:31:02,9.98,0.01,98,97804,买盘
626,13:30:57,9.97,--,62,61814,买盘
627,13:30:52,9.97,--,66,65802,买盘
628,13:30:47,9.97,--,9,8973,买盘
629,13:30:37,9.97,0.01,20,19940,买盘
630,13:30:32,9.96,--,12,11952,买盘
631,13:30:26,9.96,--,50,49800,买盘
632,13:30:22,9.96,--,105,104580,买盘
633,13:30:17,9.96,--,5,4980,买盘
634,13:30:07,9.96,--,50,49800,买盘
635,13:30:01,9.96,0.01,104,103584,卖盘
636,13:29:52,9.95,-0.01,7,6964,卖盘
637,13:29:47,9.96,--,6,5976,卖盘
638,13:29:36,9.96,-0.01,37,36852,卖盘
639,13:29:32,9.97,--,105,104685,买盘
640,13:29:22,9.97,--,25,24925,买盘
641,13:29:17,9.97,--,5,4985,买盘
642,13:29:12,9.97,--,182,181454,买盘
643,13:29:02,9.97,--,49,48853,买盘
644,13:28:57,9.97,--,18,17946,买盘
645,13:28:52,9.97,0.02,53,52841,买盘
646,13:28:47,9.95,-0.02,1,994,卖盘
647,13:28:42,9.97,--,18,17946,买盘
648,13:28:37,9.97,0.02,4,3988,买盘
649,13:28:32,9.95,-0.02,390,388050,卖盘
650,13:28:27,9.97,0.02,18,17946,买盘
651,13:28:22,9.95,--,15,14924,卖盘
652,13:28:12,9.95,-0.01,43,42785,卖盘
653,13:28:06,9.96,--,21,20916,买盘
654,13:27:52,9.96,--,23,22908,买盘
655,13:27:47,9.96,--,13,12948,买盘
656,13:27:42,9.96,--,5,4980,买盘
657,13:27:36,9.96,-0.01,228,227088,卖盘
658,13:27:32,9.97,0.01,14,13958,买盘
659,13:27:22,9.96,-0.01,7,6972,卖盘
660,13:27:12,9.97,0.01,5,4985,买盘
661,13:27:07,9.96,--,1,996,卖盘
662,13:26:56,9.96,--,33,32868,卖盘
663,13:26:52,9.96,-0.01,40,39840,卖盘
664,13:26:46,9.97,0.01,5,4985,买盘
665,13:26:32,9.96,--,1,996,卖盘
666,13:26:22,9.96,--,7,6972,卖盘
667,13:26:01,9.96,-0.01,10,9960,卖盘
668,13:25:41,9.97,0.01,1,997,买盘
669,13:25:31,9.96,--,4,3984,卖盘
670,13:25:21,9.96,0.01,14,13944,卖盘
671,13:25:01,9.95,-0.02,7,6964,卖盘
672,13:24:46,9.97,0.02,81,80757,买盘
673,13:24:41,9.95,-0.01,1,994,卖盘
674,13:24:25,9.96,0.01,22,21912,买盘
675,13:24:21,9.95,-0.01,7,6964,卖盘
676,13:23:46,9.96,0.01,2,1992,买盘
677,13:23:26,9.95,--,1,994,卖盘
678,13:23:20,9.95,-0.01,7,6964,卖盘
679,13:23:11,9.96,--,5,4980,买盘
680,13:22:36,9.96,0.01,20,19920,买盘
681,13:22:31,9.95,--,3,2985,卖盘
682,13:22:21,9.95,-0.01,6,5970,卖盘
683,13:21:31,9.96,--,44,43824,卖盘
684,13:21:26,9.96,--,10,9960,卖盘
685,13:21:20,9.96,--,7,6972,卖盘
686,13:21:06,9.96,--,1,996,卖盘
687,13:21:01,9.96,--,88,87648,买盘
688,13:20:56,9.96,--,38,37848,卖盘
689,13:20:50,9.96,--,7,6972,卖盘
690,13:20:46,9.96,--,102,101592,卖盘
691,13:20:31,9.96,--,96,95616,卖盘
692,13:20:25,9.96,--,49,48804,卖盘
693,13:20:21,9.96,--,5,4980,卖盘
694,13:20:16,9.96,--,6,5976,卖盘
695,13:20:01,9.96,--,55,54780,买盘
696,13:19:55,9.96,0.01,20,19920,买盘
697,13:19:50,9.95,-0.01,5,4975,卖盘
698,13:19:41,9.96,--,2,1992,买盘
699,13:19:25,9.96,0.01,8,7968,买盘
700,13:19:20,9.95,-0.01,5,4975,卖盘
701,13:19:09,9.96,0.01,9,8964,买盘
702,13:19:05,9.95,-0.01,7,6964,卖盘
703,13:18:54,9.96,--,16,15936,中性盘
704,13:18:50,9.96,--,0,0,卖盘
705,13:18:40,9.96,--,9,8964,卖盘
706,13:18:29,9.96,--,3,2988,卖盘
707,13:18:20,9.96,--,2,1992,买盘
708,13:18:11,9.96,--,20,19920,买盘
709,13:18:05,9.96,0.01,48,47808,买盘
710,13:17:55,9.95,-0.01,5,4975,卖盘
711,13:17:09,9.96,--,5,4980,买盘
712,13:16:59,9.96,--,22,21912,买盘
713,13:16:55,9.96,--,0,0,中性盘
714,13:15:10,9.96,-0.01,10,9960,买盘
715,13:15:04,9.97,--,0,0,买盘
716,13:14:50,9.97,0.01,4,3988,买盘
717,13:14:40,9.96,--,11,10956,卖盘
718,13:14:19,9.96,0.01,44,43824,买盘
719,13:14:05,9.95,--,7,6964,卖盘
720,13:13:35,9.95,-0.01,18,17910,卖盘
721,13:13:24,9.96,--,18,17928,买盘
722,13:13:20,9.96,0.01,3,2988,买盘
723,13:13:14,9.95,--,16,15919,卖盘
724,13:12:45,9.95,--,17,16915,卖盘
725,13:12:40,9.95,-0.01,14,13929,卖盘
726,13:12:34,9.96,0.01,3,2988,买盘
727,13:12:04,9.95,--,2,1989,卖盘
728,13:11:34,9.95,-0.01,8,7959,卖盘
729,13:11:14,9.96,-0.01,4,3984,买盘
730,13:11:04,9.97,--,20,19940,买盘
731,13:10:34,9.97,--,4,3988,买盘
732,13:10:29,9.97,0.01,181,180457,买盘
733,13:10:19,9.96,-0.01,7,6972,卖盘
734,13:10:13,9.97,--,0,0,买盘
735,13:10:04,9.97,--,23,22931,买盘
736,13:09:59,9.97,--,4,3988,买盘
737,13:09:48,9.97,--,20,19940,买盘
738,13:09:34,9.97,--,4,3988,买盘
739,13:09:23,9.97,0.02,168,167496,买盘
740,13:09:08,9.95,-0.02,40,39800,卖盘
741,13:08:39,9.97,0.01,130,129610,买盘
742,13:08:34,9.96,--,0,0,卖盘
743,13:08:29,9.96,--,42,41832,买盘
744,13:07:49,9.96,-0.01,23,22908,买盘
745,13:07:33,9.97,--,15,14955,买盘
746,13:07:23,9.97,--,0,0,买盘
747,13:07:19,9.97,--,188,187436,买盘
748,13:07:04,9.97,--,0,0,买盘
749,13:06:59,9.97,--,4,3988,买盘
750,13:06:28,9.97,--,4,3988,买盘
751,13:05:57,9.97,0.02,168,167496,买盘
752,13:05:34,9.95,--,1,994,卖盘
753,13:04:52,9.95,--,5,4975,卖盘
754,13:04:38,9.95,-0.02,26,25869,卖盘
755,13:04:28,9.97,0.01,22,21934,买盘
756,13:03:53,9.96,-0.01,11,10956,中性盘
757,13:03:48,9.97,0.02,23,22931,买盘
758,13:03:43,9.95,--,800,796000,卖盘
759,13:03:37,9.95,--,1,994,卖盘
760,13:03:32,9.95,--,0,0,卖盘
761,13:02:43,9.95,--,492,489539,卖盘
762,13:02:38,9.95,--,7,6964,卖盘
763,13:02:28,9.95,-0.02,20,19900,卖盘
764,13:01:28,9.97,0.01,64,64176,买盘
765,13:00:43,9.96,--,27,26892,卖盘
766,13:00:38,9.96,--,7,6972,卖盘
767,13:00:28,9.96,-0.01,30,29880,卖盘
768,13:00:06,9.97,--,51,50847,买盘
769,13:00:03,9.97,--,1,997,买盘
770,11:30:00,9.97,--,0,0,买盘
771,11:29:59,9.97,--,0,0,买盘
772,11:29:44,9.97,--,1,997,买盘
773,11:29:24,9.97,--,0,0,买盘
774,11:29:14,9.97,--,0,0,买盘
775,11:29:03,9.97,0.01,24,23987,买盘
776,11:28:54,9.96,-0.01,2,1992,买盘
777,11:28:48,9.97,--,0,0,买盘
778,11:28:29,9.97,0.02,1,997,买盘
779,11:28:18,9.95,-0.02,82,82495,卖盘
780,11:28:14,9.97,0.02,1,997,买盘
781,11:28:09,9.95,--,83,82933,卖盘
782,11:28:03,9.95,-0.01,20,20835,卖盘
783,11:27:54,9.96,--,108,107737,买盘
784,11:27:43,9.96,0.01,2,1992,卖盘
785,11:27:33,9.95,--,0,0,卖盘
786,11:27:28,9.95,--,6,5970,卖盘
787,11:27:24,9.95,-0.01,293,292032,卖盘
788,11:27:03,9.96,0.01,42,42190,卖盘
789,11:26:54,9.95,-0.01,36,35820,卖盘
790,11:26:48,9.96,--,4,3984,买盘
791,11:26:33,9.96,--,2,1992,卖盘
792,11:26:28,9.96,-0.01,1,996,卖盘
793,11:26:18,9.97,0.01,4,3988,买盘
794,11:26:13,9.96,--,46,45816,卖盘
795,11:26:08,9.96,--,5,4980,卖盘
796,11:25:58,9.96,-0.01,0,79,卖盘
797,11:25:48,9.97,0.01,4,3988,买盘
798,11:25:43,9.96,-0.01,3,2988,卖盘
799,11:25:29,9.97,--,0,0,买盘
800,11:25:23,9.97,0.01,22,21934,买盘
801,11:25:13,9.96,-0.01,8,7968,卖盘
802,11:25:03,9.97,--,60,59820,买盘
803,11:24:58,9.97,--,4,3988,买盘
804,11:24:43,9.97,--,0,0,买盘
805,11:24:33,9.97,--,4,3988,买盘
806,11:24:13,9.97,0.02,4,4187,买盘
807,11:24:08,9.95,-0.01,82,81590,卖盘
808,11:24:03,9.96,--,4,3984,买盘
809,11:23:57,9.96,-0.01,4,3984,买盘
810,11:23:38,9.97,--,0,0,买盘
811,11:23:33,9.97,0.01,5,4985,买盘
812,11:23:13,9.96,--,2,1992,卖盘
813,11:23:03,9.96,-0.01,82,81672,卖盘
814,11:22:48,9.97,0.01,1,997,买盘
815,11:22:33,9.96,-0.01,57,57180,中性盘
816,11:22:28,9.97,0.01,24,23928,买盘
817,11:22:23,9.96,--,1,996,买盘
818,11:22:13,9.96,-0.01,5,4980,卖盘
819,11:22:08,9.97,--,5,4985,买盘
820,11:21:57,9.97,0.02,4,3988,买盘
821,11:21:42,9.95,--,18,17910,卖盘
822,11:21:33,9.95,-0.02,10,9950,卖盘
823,11:21:08,9.97,0.02,7,6979,买盘
824,11:20:57,9.95,--,173,172135,卖盘
825,11:20:27,9.95,-0.02,7,6964,卖盘
826,11:20:22,9.97,--,0,0,买盘
827,11:20:12,9.97,--,5,4985,买盘
828,11:20:03,9.97,0.02,20,19940,买盘
829,11:19:53,9.95,--,0,0,卖盘
830,11:19:48,9.95,-0.01,24,23880,卖盘
831,11:19:22,9.96,-0.01,5,4980,卖盘
832,11:19:12,9.97,--,0,0,买盘
833,11:18:57,9.97,--,4,3988,买盘
834,11:18:12,9.97,--,27,26919,买盘
835,11:18:07,9.97,--,6,5982,买盘
836,11:18:02,9.97,--,21,20937,买盘
837,11:17:57,9.97,0.01,486,484542,买盘
838,11:17:42,9.96,0.01,3,2988,买盘
839,11:17:27,9.95,--,109,108454,卖盘
840,11:17:22,9.95,-0.01,1,994,卖盘
841,11:17:12,9.96,0.01,5,4980,买盘
842,11:16:57,9.95,--,5,4975,卖盘
843,11:16:52,9.95,--,2,1989,卖盘
844,11:16:07,9.95,--,28,27859,卖盘
845,11:15:57,9.95,--,99,98505,卖盘
846,11:15:42,9.95,-0.01,45,45033,卖盘
847,11:15:37,9.96,0.01,3,2988,买盘
848,11:15:27,9.95,--,37,36815,卖盘
849,11:15:07,9.95,-0.01,42,42188,卖盘
850,11:14:52,9.96,--,5,4980,买盘
851,11:14:42,9.96,--,26,25896,买盘
852,11:14:32,9.96,--,20,19920,买盘
853,11:14:12,9.96,--,5,4980,买盘
854,11:14:06,9.96,--,0,597,卖盘
855,11:14:02,9.96,--,2,1992,卖盘
856,11:13:57,9.96,--,25,25298,买盘
857,11:13:51,9.96,--,5,4980,买盘
858,11:13:42,9.96,--,208,207168,买盘
859,11:13:27,9.96,0.01,23,22908,买盘
860,11:12:47,9.95,-0.01,11,10945,卖盘
861,11:12:42,9.96,--,4,3984,买盘
862,11:12:32,9.96,--,22,21912,买盘
863,11:12:26,9.96,0.01,13,12948,买盘
864,11:12:06,9.95,-0.01,400,398000,卖盘
865,11:11:26,9.96,0.01,5,4980,买盘
866,11:10:41,9.95,-0.01,7,6964,卖盘
867,11:10:32,9.96,0.01,6,5976,买盘
868,11:10:27,9.95,--,19,18905,卖盘
869,11:10:21,9.95,--,20,19900,卖盘
870,11:10:16,9.95,--,6,6756,卖盘
871,11:10:12,9.95,--,113,112434,卖盘
872,11:09:56,9.95,--,2,1989,卖盘
873,11:09:51,9.95,--,6,5970,卖盘
874,11:09:45,9.95,--,1,994,卖盘
875,11:09:41,9.95,--,7,6964,卖盘
876,11:09:31,9.95,-0.01,3,2985,卖盘
877,11:09:21,9.96,0.01,25,24900,买盘
878,11:09:16,9.95,--,1,994,卖盘
879,11:09:11,9.95,--,3,2985,卖盘
880,11:09:00,9.95,--,16,15919,卖盘
881,11:08:51,9.95,--,6,5970,卖盘
882,11:08:30,9.95,--,1006,1000969,卖盘
883,11:08:21,9.95,--,23,22885,卖盘
884,11:08:15,9.95,--,5,4975,卖盘
885,11:08:06,9.95,-0.01,4,3979,卖盘
886,11:08:01,9.96,--,18,17928,买盘
887,11:07:51,9.96,0.01,7,6972,买盘
888,11:07:46,9.95,-0.01,2,1989,卖盘
889,11:07:41,9.96,--,6,5976,买盘
890,11:07:30,9.96,--,16,15936,卖盘
891,11:07:15,9.96,0.01,2,1992,买盘
892,11:07:06,9.95,-0.01,19,19840,卖盘
893,11:07:00,9.96,0.01,5,4980,买盘
894,11:06:51,9.95,-0.01,56,56515,卖盘
895,11:06:45,9.96,-0.01,2,1992,卖盘
896,11:06:41,9.97,0.02,18,17946,买盘
897,11:06:36,9.95,--,0,0,卖盘
898,11:06:30,9.95,--,3,2985,卖盘
899,11:05:56,9.95,--,55,54973,卖盘
900,11:05:51,9.95,--,20,20825,卖盘
901,11:05:36,9.95,--,5,4975,卖盘
902,11:05:30,9.95,-0.02,8,7959,卖盘
903,11:05:21,9.97,0.01,90,89730,买盘
904,11:05:15,9.96,-0.02,18,17928,卖盘
905,11:05:11,9.98,0.02,27,26946,买盘
906,11:05:06,9.96,-0.02,146,146402,卖盘
907,11:05:00,9.98,0.01,110,109780,买盘
908,11:04:56,9.97,--,13,12961,买盘
909,11:04:51,9.97,-0.01,42,41874,卖盘
910,11:04:30,9.98,--,42,41916,买盘
911,11:04:26,9.98,--,0,0,买盘
912,11:04:21,9.98,--,51,51217,买盘
913,11:04:06,9.98,0.01,18,17964,买盘
914,11:04:00,9.97,--,19,19810,买盘
915,11:03:50,9.97,0.01,20,19940,卖盘
916,11:03:45,9.96,--,0,0,卖盘
917,11:03:41,9.96,-0.02,2,1992,卖盘
918,11:03:35,9.98,--,0,0,买盘
919,11:03:30,9.98,--,42,41916,买盘
920,11:03:26,9.98,--,0,0,买盘
921,11:03:20,9.98,--,42,41916,买盘
922,11:03:15,9.98,--,20,19960,买盘
923,11:03:10,9.98,0.02,584,582832,买盘
924,11:03:06,9.96,-0.01,5,4980,卖盘
925,11:02:50,9.97,0.01,59,58823,买盘
926,11:02:45,9.96,-0.01,59,59102,卖盘
927,11:02:35,9.97,--,42,41874,买盘
928,11:02:25,9.97,0.01,10,9970,买盘
929,11:02:00,9.96,-0.01,42,42788,卖盘
930,11:01:45,9.97,--,10,9970,买盘
931,11:01:39,9.97,--,1,997,买盘
932,11:01:30,9.97,--,47,46868,买盘
933,11:01:26,9.97,--,19,18943,买盘
934,11:01:20,9.97,0.01,208,207376,买盘
935,11:01:10,9.96,-0.01,42,42798,卖盘
936,11:00:50,9.97,0.01,21,20937,买盘
937,11:00:45,9.96,--,88,87737,卖盘
938,11:00:30,9.96,--,36,35856,卖盘
939,11:00:25,9.96,--,57,56772,卖盘
940,11:00:10,9.96,--,111,110556,卖盘
941,11:00:05,9.96,--,10,9960,卖盘
942,11:00:00,9.96,-0.01,64,64112,卖盘
943,10:59:24,9.97,--,22,21934,买盘
944,10:59:20,9.97,--,42,41874,买盘
945,10:58:54,9.97,--,10,9970,买盘
946,10:58:50,9.97,--,17,16949,买盘
947,10:58:45,9.97,--,3,2991,买盘
948,10:58:30,9.97,--,105,104685,买盘
949,10:58:20,9.97,--,42,41874,买盘
950,10:58:09,9.97,--,24,23928,买盘
951,10:57:50,9.97,--,18,17946,买盘
952,10:57:45,9.97,--,4,3988,买盘
953,10:57:34,9.97,--,47,46859,买盘
954,10:57:30,9.97,0.02,17,16949,买盘
955,10:57:24,9.95,-0.01,105,104474,卖盘
956,10:57:15,9.96,--,4,4093,买盘
957,10:57:09,9.96,--,30,29880,买盘
958,10:57:05,9.96,--,223,222108,买盘
959,10:56:54,9.96,0.01,1,996,买盘
960,10:56:44,9.95,-0.01,2,1989,卖盘
961,10:56:39,9.96,--,4,3984,买盘
962,10:56:35,9.96,-0.01,322,321598,卖盘
963,10:56:20,9.97,--,42,41874,买盘
964,10:55:54,9.97,--,17,16949,买盘
965,10:55:49,9.97,--,22,21934,买盘
966,10:55:44,9.97,0.01,25,24925,买盘
967,10:55:39,9.96,--,8,7968,卖盘
968,10:55:03,9.96,-0.01,12,11952,卖盘
969,10:54:54,9.97,--,42,41874,买盘
970,10:54:49,9.97,0.01,10,9970,买盘
971,10:54:34,9.96,-0.01,51,50796,卖盘
972,10:54:29,9.97,0.01,21,20937,买盘
973,10:54:24,9.96,-0.01,4,3984,卖盘
974,10:53:24,9.97,--,16,15952,买盘
975,10:53:09,9.97,0.01,22,21934,买盘
976,10:53:03,9.96,-0.01,150,149400,卖盘
977,10:52:48,9.97,--,10,9970,买盘
978,10:52:18,9.97,0.01,23,22931,买盘
979,10:52:09,9.96,-0.01,40,39840,卖盘
980,10:52:03,9.97,--,72,72412,买盘
981,10:51:33,9.97,0.01,20,19940,买盘
982,10:51:24,9.96,-0.01,10,9960,卖盘
983,10:51:18,9.97,0.01,22,21934,买盘
984,10:50:48,9.96,--,14,13944,卖盘
985,10:50:43,9.96,--,46,45905,卖盘
986,10:50:33,9.96,-0.01,9,8964,卖盘
987,10:50:29,9.97,0.01,22,21934,买盘
988,10:50:24,9.96,-0.02,2,1992,卖盘
989,10:50:18,9.98,0.02,22,21956,买盘
990,10:50:09,9.96,--,101,100596,卖盘
991,10:49:59,9.96,--,70,69720,卖盘
992,10:49:54,9.96,-0.02,53,53375,卖盘
993,10:49:48,9.98,--,0,0,买盘
994,10:49:13,9.98,0.02,1,998,买盘
995,10:48:53,9.96,--,5,4980,卖盘
996,10:48:48,9.96,-0.02,173,173134,卖盘
997,10:48:44,9.98,0.01,127,127714,买盘
998,10:48:28,9.97,--,45,45662,卖盘
999,10:48:18,9.97,-0.01,57,57028,卖盘
1000,10:48:13,9.98,--,150,149700,买盘
1001,10:47:28,9.98,--,12,11976,买盘
1002,10:47:13,9.98,--,49,48902,买盘
1003,10:46:58,9.98,--,170,169660,买盘
1004,10:46:48,9.98,--,29,28942,买盘
1005,10:46:43,9.98,0.01,76,75848,买盘
1006,10:46:33,9.97,--,14,13958,买盘
1007,10:46:28,9.97,-0.01,10,9970,卖盘
1008,10:46:18,9.98,0.01,161,161476,买盘
1009,10:46:12,9.97,-0.01,45,45064,卖盘
1010,10:46:08,9.98,--,134,133732,买盘
1011,10:46:03,9.98,0.01,140,139720,买盘
1012,10:45:57,9.97,0.01,468,466596,买盘
1013,10:45:48,9.96,-0.01,5,4980,卖盘
1014,10:45:33,9.97,--,4,3988,买盘
1015,10:45:23,9.97,0.01,16,15952,买盘
1016,10:45:12,9.96,-0.01,85,84660,卖盘
1017,10:45:07,9.97,--,45,44865,买盘
1018,10:45:03,9.97,0.01,19,18943,买盘
1019,10:44:33,9.96,--,2,1992,卖盘
1020,10:44:12,9.96,-0.02,7,6972,卖盘
1021,10:44:03,9.98,--,0,0,买盘
1022,10:43:53,9.98,0.01,4,3992,买盘
1023,10:43:33,9.97,--,160,159520,买盘
1024,10:43:18,9.97,0.01,21,20937,买盘
1025,10:42:57,9.96,-0.01,6,5976,卖盘
1026,10:42:47,9.97,--,15,14955,买盘
1027,10:42:42,9.97,0.01,20,19940,买盘
1028,10:42:38,9.96,-0.01,15,14940,卖盘
1029,10:42:32,9.97,-0.01,5,4985,买盘
1030,10:42:27,9.98,--,0,0,买盘
1031,10:42:23,9.98,--,28,27944,买盘
1032,10:42:08,9.98,0.01,208,207584,买盘
1033,10:42:02,9.97,--,75,74775,卖盘
1034,10:41:47,9.97,--,15,14955,卖盘
1035,10:41:38,9.97,--,30,29910,卖盘
1036,10:40:52,9.97,-0.01,66,65802,卖盘
1037,10:40:47,9.98,--,80,79840,买盘
1038,10:40:42,9.98,--,17,16966,买盘
1039,10:40:37,9.98,--,20,19960,买盘
1040,10:40:22,9.98,0.01,30,29940,买盘
1041,10:40:17,9.97,--,10,9970,卖盘
1042,10:40:12,9.97,--,85,84745,卖盘
1043,10:40:07,9.97,--,15,14955,卖盘
1044,10:39:42,9.97,0.01,8,7976,卖盘
1045,10:39:27,9.96,--,0,0,卖盘
1046,10:39:02,9.96,--,13,12948,卖盘
1047,10:38:57,9.96,--,18,17928,卖盘
1048,10:38:36,9.96,-0.01,28,27888,卖盘
1049,10:38:27,9.97,--,1,997,卖盘
1050,10:38:21,9.97,0.01,1,997,卖盘
1051,10:38:12,9.96,-0.01,50,49800,卖盘
1052,10:38:06,9.97,0.01,20,19940,买盘
1053,10:38:02,9.96,--,28,27888,卖盘
1054,10:37:57,9.96,-0.01,3,2988,卖盘
1055,10:37:51,9.97,0.01,10,9970,中性盘
1056,10:37:42,9.96,-0.02,13,12948,卖盘
1057,10:37:36,9.98,--,99,98802,买盘
1058,10:37:32,9.98,0.02,40,39920,买盘
1059,10:37:21,9.96,-0.01,85,84660,卖盘
1060,10:37:12,9.97,--,73,72781,卖盘
1061,10:37:06,9.97,--,56,55832,卖盘
1062,10:36:57,9.97,--,9,8973,卖盘
1063,10:36:42,9.97,-0.01,37,36889,卖盘
1064,10:36:36,9.98,0.01,6,5988,买盘
1065,10:36:27,9.97,--,71,71584,卖盘
1066,10:36:01,9.97,-0.01,25,25822,卖盘
1067,10:35:51,9.98,0.01,128,127744,买盘
1068,10:35:47,9.97,--,20,19940,卖盘
1069,10:35:36,9.97,--,78,77766,卖盘
1070,10:35:26,9.97,-0.01,49,48853,卖盘
1071,10:35:21,9.98,--,0,0,买盘
1072,10:35:06,9.98,--,252,251496,买盘
1073,10:34:56,9.98,0.01,32,31936,买盘
1074,10:34:51,9.97,--,40,39880,卖盘
1075,10:34:31,9.97,--,52,52352,买盘
1076,10:34:21,9.97,-0.01,10,9970,卖盘
1077,10:34:06,9.98,0.02,22,21956,买盘
1078,10:33:46,9.96,--,0,0,卖盘
1079,10:33:31,9.96,-0.01,99,98604,卖盘
1080,10:33:21,9.97,0.01,12,11964,中性盘
1081,10:33:16,9.96,-0.01,93,92628,卖盘
1082,10:33:06,9.97,0.01,66,66310,卖盘
1083,10:33:01,9.96,-0.02,94,93624,卖盘
1084,10:32:56,9.98,--,0,0,买盘
1085,10:32:30,9.98,0.02,13,12974,买盘
1086,10:32:26,9.96,-0.02,105,104580,卖盘
1087,10:32:21,9.98,0.01,2,1996,买盘
1088,10:32:15,9.97,--,49,48853,卖盘
1089,10:32:06,9.97,--,41,40877,卖盘
1090,10:32:00,9.97,-0.01,30,29910,买盘
1091,10:31:56,9.98,0.02,30,29940,买盘
1092,10:31:51,9.96,-0.02,300,298800,卖盘
1093,10:31:45,9.98,--,307,306386,买盘
1094,10:31:36,9.98,--,5,4990,买盘
1095,10:31:30,9.98,--,3,2994,买盘
1096,10:31:21,9.98,--,22,21956,买盘
1097,10:31:15,9.98,--,18,17964,买盘
1098,10:31:10,9.98,--,13,12974,买盘
1099,10:31:06,9.98,0.01,146,146416,买盘
1100,10:30:55,9.97,-0.01,8,7976,卖盘
1101,10:30:51,9.98,0.01,41,40918,买盘
1102,10:30:45,9.97,-0.01,40,39880,卖盘
1103,10:30:40,9.98,--,58,57884,买盘
1104,10:30:36,9.98,0.01,4,3992,买盘
1105,10:30:21,9.97,--,18,17946,买盘
1106,10:30:14,9.97,0.01,38,37886,中性盘
1107,10:30:10,9.96,-0.01,85,84660,卖盘
1108,10:30:06,9.97,-0.01,16,15952,卖盘
1109,10:30:00,9.98,0.02,1,998,买盘
1110,10:29:51,9.96,--,30,29880,卖盘
1111,10:29:45,9.96,-0.02,47,46812,卖盘
1112,10:29:40,9.98,--,6,5988,买盘
1113,10:29:25,9.98,0.01,208,207584,买盘
1114,10:29:20,9.97,-0.01,55,55293,卖盘
1115,10:28:40,9.98,0.01,31,30938,买盘
1116,10:28:30,9.97,--,1,997,卖盘
1117,10:28:15,9.97,-0.01,20,19940,卖盘
1118,10:28:10,9.98,0.01,20,19960,买盘
1119,10:28:05,9.97,--,30,29910,卖盘
1120,10:28:00,9.97,--,17,16949,卖盘
1121,10:27:55,9.97,--,20,20478,买盘
1122,10:27:45,9.97,--,43,42871,卖盘
1123,10:27:40,9.97,-0.01,5,4985,卖盘
1124,10:27:30,9.98,0.01,1,998,买盘
1125,10:27:25,9.97,--,1,997,卖盘
1126,10:27:05,9.97,--,2,1994,卖盘
1127,10:27:00,9.97,0.01,1,997,买盘
1128,10:26:55,9.96,-0.01,18,17928,卖盘
1129,10:26:45,9.97,0.01,2,1994,买盘
1130,10:26:35,9.96,--,27,26892,卖盘
1131,10:26:30,9.96,--,0,0,卖盘
1132,10:26:25,9.96,-0.01,41,40836,卖盘
1133,10:26:19,9.97,0.01,12,11964,买盘
1134,10:26:15,9.96,-0.01,50,49800,卖盘
1135,10:26:10,9.97,0.02,20,19940,买盘
1136,10:26:00,9.95,--,28,27859,卖盘
1137,10:25:55,9.95,-0.01,74,73630,卖盘
1138,10:25:50,9.96,--,13,12948,买盘
1139,10:25:30,9.96,-0.01,112,111552,中性盘
1140,10:25:24,9.97,0.02,104,103688,买盘
1141,10:25:09,9.95,-0.02,5,4984,卖盘
1142,10:25:05,9.97,0.01,425,423725,买盘
1143,10:25:00,9.96,0.01,13,12948,中性盘
1144,10:24:54,9.95,-0.02,75,74625,卖盘
1145,10:24:45,9.97,--,0,0,买盘
1146,10:24:39,9.97,0.02,10,9970,买盘
1147,10:24:24,9.95,--,81,80595,卖盘
1148,10:24:04,9.95,--,0,0,卖盘
1149,10:24:00,9.95,-0.01,58,57709,卖盘
1150,10:23:54,9.96,-0.01,17,16932,卖盘
1151,10:23:49,9.97,0.01,21,20937,买盘
1152,10:23:39,9.96,-0.01,1,996,卖盘
1153,10:23:30,9.97,--,0,0,买盘
1154,10:23:15,9.97,0.02,1,997,买盘
1155,10:22:54,9.95,--,8,7959,卖盘
1156,10:22:24,9.95,--,0,0,卖盘
1157,10:22:04,9.95,-0.02,6,5970,卖盘
1158,10:21:59,9.97,0.01,443,441671,买盘
1159,10:21:54,9.96,-0.01,3,2988,卖盘
1160,10:21:39,9.97,--,65,64805,买盘
1161,10:21:34,9.97,--,20,19940,买盘
1162,10:21:24,9.97,--,30,29910,买盘
1163,10:21:09,9.97,--,4,3988,买盘
1164,10:21:04,9.97,--,18,17946,买盘
1165,10:20:59,9.97,0.02,50,49850,买盘
1166,10:20:54,9.95,-0.02,77,76615,卖盘
1167,10:20:49,9.97,--,36,35892,买盘
1168,10:20:44,9.97,--,18,17946,买盘
1169,10:20:38,9.97,--,42,41874,买盘
1170,10:20:34,9.97,0.01,18,17946,买盘
1171,10:20:24,9.96,--,53,52788,买盘
1172,10:20:19,9.96,--,8,7968,买盘
1173,10:20:09,9.96,--,48,47808,卖盘
1174,10:20:04,9.96,--,15,14940,卖盘
1175,10:19:54,9.96,0.01,28,27888,中性盘
1176,10:19:49,9.95,-0.01,10,9950,卖盘
1177,10:19:39,9.96,--,3,2988,卖盘
1178,10:19:24,9.96,--,50,49800,卖盘
1179,10:19:19,9.96,--,18,17928,卖盘
1180,10:19:14,9.96,--,10,9960,卖盘
1181,10:19:04,9.96,--,13,12948,卖盘
1182,10:18:59,9.96,-0.01,8,7968,卖盘
1183,10:18:54,9.97,--,24,23928,买盘
1184,10:18:44,9.97,0.01,3,2991,买盘
1185,10:18:39,9.96,--,1,996,卖盘
1186,10:18:24,9.96,-0.01,63,62887,卖盘
1187,10:18:19,9.97,0.01,13,12961,买盘
1188,10:18:09,9.96,--,10,9960,卖盘
1189,10:17:59,9.96,-0.01,8,7968,卖盘
1190,10:17:54,9.97,0.01,50,49850,买盘
1191,10:17:48,9.96,-0.01,50,49800,卖盘
1192,10:17:33,9.97,--,67,66799,买盘
1193,10:17:24,9.97,0.01,8,7976,买盘
1194,10:17:18,9.96,-0.01,86,85656,卖盘
1195,10:17:03,9.97,0.01,21,20937,买盘
1196,10:16:59,9.96,--,8,7968,卖盘
1197,10:16:54,9.96,--,8,7968,卖盘
1198,10:16:43,9.96,--,10,9960,卖盘
1199,10:16:24,9.96,-0.01,1,996,卖盘
1200,10:16:18,9.97,--,1,997,买盘
1201,10:16:03,9.97,--,10,9970,买盘
1202,10:15:58,9.97,--,58,57826,买盘
1203,10:15:54,9.97,0.01,70,69790,买盘
1204,10:15:48,9.96,-0.01,10,9960,卖盘
1205,10:15:43,9.97,--,20,19940,买盘
1206,10:15:39,9.97,-0.01,81,80757,卖盘
1207,10:15:33,9.98,--,1,998,买盘
1208,10:15:28,9.98,--,60,59880,买盘
1209,10:15:13,9.98,0.01,16,15968,买盘
1210,10:15:03,9.97,-0.01,5,4985,卖盘
1211,10:14:58,9.98,--,328,327344,卖盘
1212,10:14:48,9.98,--,105,104790,卖盘
1213,10:14:43,9.98,-0.01,106,105788,卖盘
1214,10:14:38,9.99,0.01,452,451548,买盘
1215,10:14:33,9.98,-0.01,25,24950,卖盘
1216,10:14:28,9.99,0.01,15,14985,买盘
1217,10:14:23,9.98,--,30,29940,卖盘
1218,10:14:03,9.98,--,130,129740,卖盘
1219,10:13:58,9.98,--,281,280507,买盘
1220,10:13:53,9.98,0.01,700,698600,买盘
1221,10:13:43,9.97,--,6,5982,卖盘
1222,10:13:23,9.97,-0.01,6,5982,卖盘
1223,10:13:02,9.98,0.01,1,998,买盘
1224,10:12:58,9.97,-0.01,30,29910,卖盘
1225,10:12:48,9.98,0.01,20,19960,买盘
1226,10:12:43,9.97,--,10,9970,卖盘
1227,10:12:33,9.97,--,140,139580,卖盘
1228,10:12:18,9.97,-0.01,20,19940,卖盘
1229,10:12:03,9.98,0.01,438,437124,买盘
1230,10:11:58,9.97,--,456,454632,买盘
1231,10:11:48,9.97,0.01,438,436686,买盘
1232,10:11:38,9.96,--,40,39840,卖盘
1233,10:11:33,9.96,--,8,7968,卖盘
1234,10:11:08,9.96,-0.01,3,2988,卖盘
1235,10:11:03,9.97,--,22,21934,买盘
1236,10:10:58,9.97,--,50,49850,买盘
1237,10:10:22,9.97,--,49,48853,买盘
1238,10:10:18,9.97,--,51,50847,买盘
1239,10:10:13,9.97,0.01,68,67796,买盘
1240,10:10:03,9.96,-0.01,15,14940,卖盘
1241,10:09:58,9.97,--,4,3988,买盘
1242,10:09:41,9.97,--,79,78763,买盘
1243,10:09:38,9.97,--,49,48853,买盘
1244,10:09:32,9.97,0.01,6,5982,买盘
1245,10:09:18,9.96,-0.01,169,168324,卖盘
1246,10:09:08,9.97,0.01,710,707870,买盘
1247,10:09:03,9.96,-0.01,94,93624,卖盘
1248,10:08:57,9.97,0.01,50,49850,中性盘
1249,10:08:53,9.96,-0.01,1002,998031,卖盘
1250,10:08:48,9.97,--,51,50847,卖盘
1251,10:08:22,9.97,-0.01,0,199,卖盘
1252,10:08:12,9.98,0.02,4,3992,买盘
1253,10:08:02,9.96,-0.01,117,116532,卖盘
1254,10:07:57,9.97,--,3,2991,卖盘
1255,10:07:52,9.97,--,1,997,卖盘
1256,10:07:42,9.97,--,5,4985,买盘
1257,10:07:37,9.97,--,0,0,买盘
1258,10:07:32,9.97,0.02,76,75772,买盘
1259,10:07:27,9.95,-0.02,161,160195,卖盘
1260,10:07:12,9.97,0.01,23,22931,买盘
1261,10:07:07,9.96,--,15,14940,买盘
1262,10:07:02,9.96,--,10,9960,买盘
1263,10:06:57,9.96,-0.01,137,136452,卖盘
1264,10:06:52,9.97,-0.01,14,13958,卖盘
1265,10:06:47,9.98,--,49,48902,买盘
1266,10:06:42,9.98,--,0,0,买盘
1267,10:06:37,9.98,0.01,187,186626,买盘
1268,10:06:32,9.97,--,166,165502,买盘
1269,10:06:26,9.97,--,210,209370,买盘
1270,10:06:22,9.97,--,177,176469,买盘
1271,10:06:17,9.97,--,100,99700,买盘
1272,10:06:12,9.97,--,164,163508,买盘
1273,10:06:07,9.97,--,192,191424,买盘
1274,10:05:57,9.97,--,164,163508,买盘
1275,10:05:52,9.97,--,78,77766,买盘
1276,10:05:42,9.97,--,102,101694,买盘
1277,10:05:37,9.97,0.01,49,48853,买盘
1278,10:05:32,9.96,--,71,70716,买盘
1279,10:05:27,9.96,--,259,257964,买盘
1280,10:05:22,9.96,0.01,45,44820,买盘
1281,10:05:17,9.95,--,0,0,卖盘
1282,10:05:12,9.95,-0.01,114,113429,中性盘
1283,10:05:07,9.96,0.01,268,266928,买盘
1284,10:05:02,9.95,--,80,79600,买盘
1285,10:04:57,9.95,--,68,67660,买盘
1286,10:04:52,9.95,--,22,21890,买盘
1287,10:04:47,9.95,--,4,3979,买盘
1288,10:04:42,9.95,--,116,115419,卖盘
1289,10:04:37,9.95,--,18,17910,卖盘
1290,10:04:32,9.95,--,179,178105,卖盘
1291,10:04:27,9.95,-0.01,161,160195,卖盘
1292,10:04:22,9.96,0.01,334,332664,买盘
1293,10:04:07,9.95,-0.01,2,1989,卖盘
1294,10:03:57,9.96,0.01,211,210156,买盘
1295,10:03:52,9.95,--,20,19900,卖盘
1296,10:03:42,9.95,-0.01,2,1989,卖盘
1297,10:03:32,9.96,0.01,20,19920,买盘
1298,10:03:27,9.95,0.01,489,486554,卖盘
1299,10:03:07,9.94,-0.02,233,231602,卖盘
1300,10:02:57,9.96,--,250,249000,买盘
1301,10:02:52,9.96,--,41,40836,买盘
1302,10:02:41,9.96,0.01,16,15936,中性盘
1303,10:02:36,9.95,-0.02,500,497499,卖盘
1304,10:02:31,9.97,--,13,12961,买盘
1305,10:02:21,9.97,--,20,19940,买盘
1306,10:02:01,9.97,0.01,154,153538,买盘
1307,10:01:51,9.96,-0.01,80,79680,卖盘
1308,10:01:32,9.97,0.01,36,35892,买盘
1309,10:01:26,9.96,--,40,39840,卖盘
1310,10:01:16,9.96,-0.01,41,40836,卖盘
1311,10:01:06,9.97,0.01,49,48853,买盘
1312,10:00:51,9.96,--,341,340432,买盘
1313,10:00:46,9.96,--,45,44820,买盘
1314,10:00:41,9.96,--,56,55776,买盘
1315,10:00:31,9.96,--,32,31872,买盘
1316,10:00:26,9.96,0.01,18,17928,买盘
1317,10:00:21,9.95,--,168,168005,买盘
1318,10:00:16,9.95,0.01,68,67660,买盘
1319,10:00:11,9.94,--,128,127232,卖盘
1320,10:00:06,9.94,--,12,11928,卖盘
1321,10:00:01,9.94,-0.01,13,12922,卖盘
1322,09:59:55,9.95,--,50,49750,买盘
1323,09:59:41,9.95,--,13,12934,买盘
1324,09:59:36,9.95,--,12,11940,买盘
1325,09:59:31,9.95,--,21,20895,买盘
1326,09:59:16,9.95,0.01,30,29849,买盘
1327,09:59:06,9.94,-0.01,10,9940,卖盘
1328,09:59:01,9.95,--,7,6964,买盘
1329,09:58:55,9.95,--,10,9950,买盘
1330,09:58:51,9.95,0.01,13,12934,买盘
1331,09:58:46,9.94,-0.01,17,16898,卖盘
1332,09:58:31,9.95,--,20,19900,买盘
1333,09:58:21,9.95,0.01,30,29849,买盘
1334,09:58:11,9.94,--,22,21868,卖盘
1335,09:58:01,9.94,--,10,9940,卖盘
1336,09:57:56,9.94,-0.01,400,397600,卖盘
1337,09:57:51,9.95,--,3,2985,买盘
1338,09:57:36,9.95,-0.01,4,3979,买盘
1339,09:57:15,9.96,--,0,0,买盘
1340,09:57:01,9.96,--,375,373500,买盘
1341,09:56:55,9.96,0.01,60,59760,买盘
1342,09:56:46,9.95,--,1,994,卖盘
1343,09:56:36,9.95,-0.01,2,1989,卖盘
1344,09:56:21,9.96,0.01,20,19920,买盘
1345,09:56:15,9.95,0.01,20,19900,买盘
1346,09:56:06,9.94,-0.02,113,112322,卖盘
1347,09:55:55,9.96,--,67,66732,买盘
1348,09:55:51,9.96,--,45,44820,买盘
1349,09:55:46,9.96,--,54,53784,买盘
1350,09:55:40,9.96,0.02,45,44820,买盘
1351,09:55:36,9.94,--,148,147112,卖盘
1352,09:55:31,9.94,-0.02,38,37772,卖盘
1353,09:55:25,9.96,0.01,67,66732,买盘
1354,09:55:20,9.95,--,81,80595,买盘
1355,09:55:15,9.95,0.01,55,54724,买盘
1356,09:55:10,9.94,--,170,168980,卖盘
1357,09:55:05,9.94,--,5,4970,卖盘
1358,09:55:00,9.94,--,91,90851,买盘
1359,09:54:40,9.94,--,165,164010,买盘
1360,09:54:30,9.94,--,25,24850,买盘
1361,09:54:20,9.94,--,21,20874,买盘
1362,09:54:15,9.94,0.01,45,44730,买盘
1363,09:54:05,9.93,--,114,113202,卖盘
1364,09:54:00,9.93,--,1,993,卖盘
1365,09:53:50,9.93,-0.01,36,35748,卖盘
1366,09:53:35,9.94,--,5,4970,买盘
1367,09:53:30,9.94,0.01,20,19880,买盘
1368,09:53:19,9.93,-0.01,77,76461,卖盘
1369,09:53:15,9.94,0.01,103,102382,买盘
1370,09:52:30,9.93,-0.01,10,9930,卖盘
1371,09:52:24,9.94,--,10,9940,买盘
1372,09:52:20,9.94,--,374,371756,买盘
1373,09:52:15,9.94,--,10,9940,买盘
1374,09:52:10,9.94,0.01,11,10934,买盘
1375,09:51:55,9.93,-0.01,10,9930,卖盘
1376,09:51:45,9.94,0.01,40,39760,买盘
1377,09:51:40,9.93,--,0,0,卖盘
1378,09:51:35,9.93,--,1,993,卖盘
1379,09:51:25,9.93,--,19,18867,卖盘
1380,09:51:20,9.93,--,60,59580,卖盘
1381,09:51:10,9.93,--,5,4965,卖盘
1382,09:51:04,9.93,-0.01,179,177747,卖盘
1383,09:50:59,9.94,--,11,10934,买盘
1384,09:50:49,9.94,--,10,9940,买盘
1385,09:50:39,9.94,--,10,9940,买盘
1386,09:50:30,9.94,-0.01,109,108346,卖盘
1387,09:50:25,9.95,--,34,33830,买盘
1388,09:50:19,9.95,0.01,20,19900,买盘
1389,09:50:09,9.94,--,80,79520,卖盘
1390,09:50:04,9.94,--,17,16898,卖盘
1391,09:50:00,9.94,--,120,119280,卖盘
1392,09:49:30,9.94,-0.01,128,127232,卖盘
1393,09:49:09,9.95,0.01,20,19900,买盘
1394,09:49:00,9.94,--,150,149100,卖盘
1395,09:48:49,9.94,-0.01,29,28826,卖盘
1396,09:48:39,9.95,0.01,30,29849,买盘
1397,09:48:34,9.94,--,160,159040,卖盘
1398,09:48:19,9.94,--,25,24850,买盘
1399,09:48:14,9.94,--,3,2982,买盘
1400,09:48:09,9.94,0.01,29,28826,买盘
1401,09:48:04,9.93,--,20,19860,卖盘
1402,09:47:53,9.93,--,54,53622,卖盘
1403,09:47:34,9.93,--,10,9930,卖盘
1404,09:47:09,9.93,--,7,6951,卖盘
1405,09:46:54,9.93,--,6,5958,卖盘
1406,09:46:49,9.93,-0.02,23,22839,卖盘
1407,09:46:29,9.95,0.03,1,994,买盘
1408,09:46:19,9.92,--,0,0,卖盘
1409,09:46:14,9.92,-0.02,28,27776,卖盘
1410,09:46:09,9.94,-0.01,60,59640,卖盘
1411,09:46:04,9.95,0.01,1591,1583045,买盘
1412,09:45:59,9.94,--,5,4970,卖盘
1413,09:45:53,9.94,-0.01,7,6958,卖盘
1414,09:45:49,9.95,--,6,5970,买盘
1415,09:45:44,9.95,0.01,10,9950,买盘
1416,09:45:33,9.94,--,166,165004,卖盘
1417,09:45:24,9.94,--,8,7952,卖盘
1418,09:45:19,9.94,--,2,1988,卖盘
1419,09:45:08,9.94,--,8,7952,卖盘
1420,09:45:03,9.94,-0.01,16,15904,卖盘
1421,09:44:39,9.95,-0.01,103,102654,卖盘
1422,09:44:18,9.96,0.01,21,20916,买盘
1423,09:44:13,9.95,--,39,38805,卖盘
1424,09:44:08,9.95,--,20,19900,卖盘
1425,09:44:03,9.95,--,196,195020,卖盘
1426,09:43:49,9.95,-0.01,10,9950,卖盘
1427,09:43:39,9.96,0.01,73,72708,买盘
1428,09:43:28,9.95,--,6,5970,卖盘
1429,09:43:18,9.95,-0.01,0,825,卖盘
1430,09:43:09,9.96,--,0,0,买盘
1431,09:43:03,9.96,--,87,86652,买盘
1432,09:42:58,9.96,0.02,49,48804,买盘
1433,09:42:48,9.94,-0.01,91,90454,卖盘
1434,09:42:43,9.95,--,14,13929,买盘
1435,09:42:18,9.95,--,237,235814,卖盘
1436,09:42:13,9.95,--,33,32835,卖盘
1437,09:41:53,9.95,--,5,4975,卖盘
1438,09:41:48,9.95,--,94,93530,卖盘
1439,09:41:33,9.95,-0.01,17,16915,卖盘
1440,09:41:28,9.96,0.01,3,2988,买盘
1441,09:41:18,9.95,-0.01,97,96515,卖盘
1442,09:41:03,9.96,0.01,52,51792,买盘
1443,09:40:43,9.95,--,70,69650,卖盘
1444,09:40:38,9.95,-0.01,10,9950,卖盘
1445,09:40:33,9.96,0.01,23,22908,买盘
1446,09:40:28,9.95,--,8,7959,卖盘
1447,09:40:18,9.95,-0.01,100,99500,卖盘
1448,09:40:13,9.96,0.01,20,19920,买盘
1449,09:40:08,9.95,--,5,4975,卖盘
1450,09:40:03,9.95,-0.01,5,4975,卖盘
1451,09:39:58,9.96,-0.01,20,19920,卖盘
1452,09:39:52,9.97,0.02,200,199400,买盘
1453,09:39:48,9.95,-0.01,23,22885,卖盘
1454,09:39:43,9.96,0.01,60,59760,买盘
1455,09:39:33,9.95,-0.01,102,101490,卖盘
1456,09:39:27,9.96,--,25,24900,买盘
1457,09:39:18,9.96,--,13,12948,买盘
1458,09:39:08,9.96,--,12,11952,买盘
1459,09:38:57,9.96,--,21,20916,买盘
1460,09:38:42,9.96,--,114,113544,买盘
1461,09:38:38,9.96,--,5,4980,买盘
1462,09:38:33,9.96,-0.01,49,48804,中性盘
1463,09:38:22,9.97,--,0,0,买盘
1464,09:38:17,9.97,0.03,120,119640,买盘
1465,09:38:12,9.94,-0.01,18,17892,卖盘
1466,09:37:57,9.95,--,13,12934,买盘
1467,09:37:52,9.95,0.01,5,4975,买盘
1468,09:37:48,9.94,--,21,20874,卖盘
1469,09:37:42,9.94,0.01,603,600147,买盘
1470,09:37:37,9.93,-0.01,337,334641,卖盘
1471,09:37:33,9.94,--,160,159040,买盘
1472,09:37:28,9.94,--,215,213710,买盘
1473,09:37:22,9.94,--,30,29820,买盘
1474,09:37:03,9.94,--,1,994,买盘
1475,09:36:48,9.94,--,18,17892,买盘
1476,09:36:27,9.94,-0.02,158,157052,卖盘
1477,09:36:17,9.96,0.01,49,48804,买盘
1478,09:36:12,9.95,--,39,38805,卖盘
1479,09:35:57,9.95,--,68,67660,卖盘
1480,09:35:52,9.95,-0.01,65,64674,卖盘
1481,09:35:42,9.96,--,51,50796,买盘
1482,09:35:37,9.96,--,68,67728,买盘
1483,09:35:22,9.96,--,160,159360,买盘
1484,09:35:17,9.96,0.02,1,996,买盘
1485,09:35:12,9.94,--,50,49700,卖盘
1486,09:35:07,9.94,-0.02,12,11928,卖盘
1487,09:34:57,9.96,0.01,295,293820,买盘
1488,09:34:52,9.95,0.02,2,1989,买盘
1489,09:34:42,9.93,--,0,0,卖盘
1490,09:34:37,9.93,--,15,14895,卖盘
1491,09:34:27,9.93,-0.02,25,24825,卖盘
1492,09:34:22,9.95,-0.01,1,994,买盘
1493,09:34:07,9.96,--,0,0,买盘
1494,09:33:57,9.96,--,3,2988,买盘
1495,09:33:52,9.96,--,21,20916,买盘
1496,09:33:47,9.96,0.01,120,119520,买盘
1497,09:33:37,9.95,--,0,0,中性盘
1498,09:33:32,9.95,0.02,43,42785,买盘
1499,09:33:22,9.93,0.01,191,189663,卖盘
1500,09:33:07,9.92,--,0,0,卖盘
1501,09:32:52,9.92,--,0,0,卖盘
1502,09:32:47,9.92,-0.01,600,595200,卖盘
1503,09:32:41,9.93,-0.03,28,27804,卖盘
1504,09:32:36,9.96,-0.01,19,18924,中性盘
1505,09:32:32,9.97,0.03,365,363905,买盘
1506,09:32:26,9.94,0.01,13,12922,卖盘
1507,09:32:21,9.93,-0.04,245,243285,卖盘
1508,09:32:17,9.97,0.01,150,149550,买盘
1509,09:32:12,9.96,-0.02,5,4980,中性盘
1510,09:32:06,9.98,0.01,365,364270,买盘
1511,09:32:02,9.97,0.01,30,29910,买盘
1512,09:31:56,9.96,-0.01,40,39840,买盘
1513,09:31:51,9.97,--,0,0,买盘
1514,09:31:46,9.97,0.01,43,42871,买盘
1515,09:31:42,9.96,-0.01,40,39840,卖盘
1516,09:31:26,9.97,--,801,798597,买盘
1517,09:31:16,9.97,--,0,0,买盘
1518,09:31:12,9.97,0.03,292,291124,买盘
1519,09:31:06,9.94,--,0,0,卖盘
1520,09:31:01,9.94,-0.02,379,376726,卖盘
1521,09:30:56,9.96,--,79,78684,买盘
1522,09:30:51,9.96,0.01,200,199200,买盘
1523,09:30:41,9.95,--,40,39800,买盘
1524,09:30:36,9.95,--,35,34825,卖盘
1525,09:30:31,9.95,--,14,13929,买盘
1526,09:30:27,9.95,0.01,6,5970,买盘
1527,09:30:16,9.94,0.01,148,147112,买盘
1528,09:30:06,9.93,-0.01,1281,1272033,卖盘
1529,09:28:59,9.94,--,0,0,卖盘
1530,09:25:07,9.94,9.94,1454,1445276,买盘
