,time,price,change,volume,amount,type
0,15:00:03,23.62,--,2067,4883364,买盘
1,14:57:00,23.62,0.01,355,838510,买盘
2,14:56:57,23.61,--,17,40137,卖盘
3,14:56:54,23.61,--,3,7083,卖盘
4,14:56:51,23.61,-0.01,34,80274,卖盘
5,14:56:48,23.62,--,4,9448,买盘
6,14:56:42,23.62,0.01,14,33068,买盘
7,14:56:39,23.61,--,38,89718,卖盘
8,14:56:33,23.61,--,5,11805,卖盘
9,14:56:30,23.61,--,2,4722,卖盘
10,14:56:27,23.61,--,2,4722,卖盘
11,14:56:24,23.61,--,1,2361,卖盘
12,14:56:21,23.61,--,50,118050,买盘
13,14:56:18,23.61,--,20,47220,买盘
14,14:56:15,23.61,0.01,18,42498,买盘
15,14:56:12,23.6,-0.01,30,70800,卖盘
16,14:56:09,23.61,--,25,59025,买盘
17,14:56:06,23.61,--,126,297486,卖盘
18,14:56:03,23.61,-0.01,11,25971,卖盘
19,14:56:00,23.62,0.01,17,40154,买盘
20,14:55:57,23.61,0.01,4,9444,卖盘
21,14:55:54,23.6,-0.02,1,2360,卖盘
22,14:55:51,23.62,0.02,119,281078,买盘
23,14:55:42,23.6,--,334,788240,卖盘
24,14:55:39,23.6,--,15,35400,卖盘
25,14:55:36,23.6,--,24,56640,卖盘
26,14:55:33,23.6,0.01,161,382225,买盘
27,14:55:30,23.59,--,14,33026,买盘
28,14:55:27,23.59,--,26,61334,卖盘
29,14:55:24,23.59,--,516,1217244,买盘
30,14:55:21,23.59,--,222,523698,买盘
31,14:55:18,23.59,-0.01,127,299593,卖盘
32,14:55:15,23.6,--,24,56640,买盘
33,14:55:09,23.6,0.01,13,30680,买盘
34,14:55:06,23.59,-0.01,13,30667,卖盘
35,14:55:03,23.6,--,20,47200,卖盘
36,14:54:57,23.6,--,7,16520,卖盘
37,14:54:54,23.6,--,12,28320,卖盘
38,14:54:51,23.6,0.01,210,495600,买盘
39,14:54:45,23.59,0.01,4,9436,买盘
40,14:54:42,23.58,--,3,7073,买盘
41,14:54:39,23.58,--,5,11790,买盘
42,14:54:36,23.58,0.01,1,2358,买盘
43,14:54:33,23.57,0.01,21,49497,中性盘
44,14:54:30,23.56,--,23,54188,卖盘
45,14:54:27,23.56,-0.01,10,23560,卖盘
46,14:54:24,23.57,0.01,3,7071,买盘
47,14:54:18,23.56,--,20,47120,卖盘
48,14:54:15,23.56,--,35,82460,卖盘
49,14:54:12,23.56,0.03,637,1500772,买盘
50,14:54:09,23.53,--,30,70590,卖盘
51,14:54:03,23.53,--,20,47060,中性盘
52,14:54:00,23.53,--,14,34918,买盘
53,14:53:57,23.53,0.01,10,23530,买盘
54,14:53:54,23.52,--,321,754992,卖盘
55,14:53:51,23.52,--,3,7056,卖盘
56,14:53:48,23.52,--,33,77616,买盘
57,14:53:42,23.52,0.01,141,331632,买盘
58,14:53:39,23.51,0.02,36,84636,买盘
59,14:53:36,23.49,-0.03,158,371142,卖盘
60,14:53:33,23.52,0.01,289,679728,买盘
61,14:53:27,23.51,--,9,21159,卖盘
62,14:53:24,23.51,--,3,7053,卖盘
63,14:53:21,23.51,--,77,181027,卖盘
64,14:53:18,23.51,0.02,154,362054,买盘
65,14:53:15,23.49,-0.01,34,79866,卖盘
66,14:53:12,23.5,--,97,227950,卖盘
67,14:53:09,23.5,--,12,28200,买盘
68,14:53:06,23.5,0.01,29,68150,中性盘
69,14:53:03,23.49,-0.01,321,754029,卖盘
70,14:53:00,23.5,--,416,977600,卖盘
71,14:52:57,23.5,0.01,157,368950,买盘
72,14:52:54,23.49,-0.01,200,469799,卖盘
73,14:52:51,23.5,--,48,112800,买盘
74,14:52:48,23.5,--,5,11750,买盘
75,14:52:45,23.5,0.01,26,61100,买盘
76,14:52:42,23.49,-0.01,25,58724,卖盘
77,14:52:39,23.5,0.01,36,84600,买盘
78,14:52:36,23.49,-0.01,8,18792,卖盘
79,14:52:33,23.5,--,183,430050,买盘
80,14:52:30,23.5,--,83,195050,卖盘
81,14:52:27,23.5,--,239,561650,卖盘
82,14:52:24,23.5,--,93,218550,买盘
83,14:52:21,23.5,--,52,122200,买盘
84,14:52:18,23.5,--,50,117500,买盘
85,14:52:15,23.5,--,10,23500,买盘
86,14:52:12,23.5,--,4,9400,买盘
87,14:52:09,23.5,-0.02,1680,3948000,卖盘
88,14:52:06,23.52,--,41,96432,卖盘
89,14:52:03,23.52,--,142,333984,卖盘
90,14:52:00,23.52,--,30,70560,卖盘
91,14:51:54,23.52,-0.01,6,14112,卖盘
92,14:51:51,23.53,--,42,98826,买盘
93,14:51:48,23.53,-0.01,58,136474,卖盘
94,14:51:45,23.54,--,3,7062,买盘
95,14:51:42,23.54,--,10,23540,买盘
96,14:51:39,23.54,0.01,813,1913802,买盘
97,14:51:36,23.53,-0.01,27,63531,卖盘
98,14:51:33,23.54,--,61,143594,买盘
99,14:51:30,23.54,-0.01,53,124762,卖盘
100,14:51:27,23.55,--,83,195465,买盘
101,14:51:24,23.55,0.01,16,37680,买盘
102,14:51:21,23.54,-0.01,35,82390,卖盘
103,14:51:18,23.55,--,1,2355,买盘
104,14:51:15,23.55,--,60,141300,买盘
105,14:51:12,23.55,--,16,37680,买盘
106,14:51:06,23.55,--,88,207240,买盘
107,14:51:03,23.55,--,89,209595,卖盘
108,14:50:54,23.55,-0.01,5,11775,卖盘
109,14:50:51,23.56,--,7,16492,买盘
110,14:50:48,23.56,0.01,5,11780,买盘
111,14:50:45,23.55,--,1,2355,买盘
112,14:50:42,23.55,--,14,34053,卖盘
113,14:50:36,23.55,--,267,628785,卖盘
114,14:50:30,23.55,-0.02,512,1205760,卖盘
115,14:50:27,23.57,--,5,11785,卖盘
116,14:50:24,23.57,--,15,35355,卖盘
117,14:50:21,23.57,-0.01,42,98994,卖盘
118,14:50:18,23.58,0.02,3,7073,中性盘
119,14:50:15,23.56,-0.02,539,1269884,卖盘
120,14:50:12,23.58,0.01,72,169776,买盘
121,14:50:09,23.57,--,11,25927,买盘
122,14:50:03,23.57,-0.01,106,249842,卖盘
123,14:50:00,23.58,--,22,51875,买盘
124,14:49:57,23.58,0.01,7,16506,买盘
125,14:49:54,23.57,--,24,56568,卖盘
126,14:49:51,23.57,-0.01,52,122564,卖盘
127,14:49:48,23.58,--,20,47160,买盘
128,14:49:45,23.58,--,41,96678,买盘
129,14:49:42,23.58,--,59,139122,买盘
130,14:49:39,23.58,--,8,18864,买盘
131,14:49:36,23.58,--,20,47160,买盘
132,14:49:33,23.58,--,120,282960,卖盘
133,14:49:24,23.58,--,22,51875,卖盘
134,14:49:21,23.58,0.01,10,23580,中性盘
135,14:49:18,23.57,--,118,278126,卖盘
136,14:49:15,23.57,--,12,28284,卖盘
137,14:49:12,23.57,--,2,4714,卖盘
138,14:49:09,23.57,--,1,2357,卖盘
139,14:49:06,23.57,--,72,169704,卖盘
140,14:49:03,23.57,-0.01,140,329980,卖盘
141,14:49:00,23.58,0.01,17,40086,买盘
142,14:48:57,23.57,--,5,11785,卖盘
143,14:48:54,23.57,--,16,37712,卖盘
144,14:48:51,23.57,-0.01,11,25927,卖盘
145,14:48:48,23.58,0.01,6,14147,买盘
146,14:48:45,23.57,--,6,14142,卖盘
147,14:48:42,23.57,-0.02,11,25927,卖盘
148,14:48:39,23.59,0.01,58,136822,买盘
149,14:48:36,23.58,--,136,320688,卖盘
150,14:48:33,23.58,--,153,360774,卖盘
151,14:48:30,23.58,-0.01,22,51875,卖盘
152,14:48:27,23.59,--,12,28308,买盘
153,14:48:24,23.59,--,14,33026,买盘
154,14:48:21,23.59,0.01,35,82565,买盘
155,14:48:18,23.58,--,5,11790,卖盘
156,14:48:15,23.58,-0.01,27,63665,卖盘
157,14:48:09,23.59,--,105,247695,买盘
158,14:48:06,23.59,--,10,23590,买盘
159,14:48:03,23.59,-0.01,33,77847,卖盘
160,14:48:00,23.6,--,214,505040,买盘
161,14:47:57,23.6,0.01,100,236000,买盘
162,14:47:54,23.59,-0.01,2,4718,卖盘
163,14:47:48,23.6,-0.01,1004,2369440,卖盘
164,14:47:45,23.61,--,100,236100,买盘
165,14:47:42,23.61,--,2,4722,买盘
166,14:47:39,23.61,-0.01,857,2023377,卖盘
167,14:47:36,23.62,-0.01,65,153530,卖盘
168,14:47:33,23.63,--,132,311916,卖盘
169,14:47:30,23.63,0.01,76,179588,买盘
170,14:47:24,23.62,-0.01,2,4724,卖盘
171,14:47:21,23.63,--,55,129965,卖盘
172,14:47:18,23.63,--,28,66164,卖盘
173,14:47:15,23.63,--,1,2363,卖盘
174,14:47:12,23.63,--,16,37808,买盘
175,14:47:09,23.63,--,242,571846,买盘
176,14:47:00,23.63,--,417,985371,卖盘
177,14:46:54,23.63,--,2,4726,卖盘
178,14:46:48,23.63,-0.01,31,73253,卖盘
179,14:46:39,23.64,--,25,59100,买盘
180,14:46:36,23.64,--,10,23640,买盘
181,14:46:33,23.64,-0.01,12,29266,卖盘
182,14:46:30,23.65,0.01,4,9460,买盘
183,14:46:24,23.64,--,1,2364,卖盘
184,14:46:21,23.64,--,3,7092,卖盘
185,14:46:18,23.64,--,79,186756,卖盘
186,14:46:15,23.64,--,86,203304,卖盘
187,14:46:12,23.64,-0.01,102,241128,卖盘
188,14:46:09,23.65,0.01,6,14190,买盘
189,14:46:06,23.64,-0.01,51,120564,卖盘
190,14:46:00,23.65,0.01,5,11825,买盘
191,14:45:54,23.64,-0.01,2,4728,卖盘
192,14:45:51,23.65,--,7,16555,卖盘
193,14:45:36,23.65,--,30,70950,卖盘
194,14:45:33,23.65,-0.01,1,2365,卖盘
195,14:45:30,23.66,--,100,236600,买盘
196,14:45:27,23.66,0.02,16,37856,买盘
197,14:45:24,23.64,-0.01,3,7092,卖盘
198,14:45:21,23.65,--,2,4730,买盘
199,14:45:18,23.65,-0.01,10,23650,卖盘
200,14:45:09,23.66,0.01,100,236600,买盘
201,14:45:06,23.65,--,3,7095,买盘
202,14:45:03,23.65,--,8,18920,卖盘
203,14:45:00,23.65,--,20,47300,卖盘
204,14:44:57,23.65,--,13,30744,卖盘
205,14:44:54,23.65,--,13,30744,卖盘
206,14:44:51,23.65,-0.01,71,167915,卖盘
207,14:44:48,23.66,0.01,49,115934,买盘
208,14:44:36,23.65,-0.01,1,2365,卖盘
209,14:44:30,23.66,0.01,3,7098,买盘
210,14:44:27,23.65,--,8,18920,卖盘
211,14:44:24,23.65,0.01,5,11825,卖盘
212,14:44:21,23.64,-0.01,71,167844,卖盘
213,14:44:18,23.65,--,1,2365,卖盘
214,14:44:15,23.65,--,45,107891,买盘
215,14:44:12,23.65,--,5,11825,买盘
216,14:44:03,23.65,-0.01,2,4730,买盘
217,14:44:00,23.66,0.02,10,23660,买盘
218,14:43:57,23.64,-0.01,68,160752,卖盘
219,14:43:54,23.65,--,102,241230,卖盘
220,14:43:51,23.65,-0.01,73,172645,卖盘
221,14:43:48,23.66,0.01,13,30758,买盘
222,14:43:45,23.65,-0.01,20,47300,卖盘
223,14:43:33,23.66,--,50,118300,买盘
224,14:43:30,23.66,0.01,14,33124,卖盘
225,14:43:24,23.65,-0.01,1,2365,卖盘
226,14:43:21,23.66,--,101,238966,卖盘
227,14:43:18,23.66,--,43,101738,买盘
228,14:43:15,23.66,--,10,23660,买盘
229,14:43:12,23.66,--,33,78078,买盘
230,14:43:06,23.66,--,11,26026,买盘
231,14:43:03,23.66,--,9,21294,买盘
232,14:43:00,23.66,--,78,184548,卖盘
233,14:42:54,23.66,--,9,21294,卖盘
234,14:42:51,23.66,-0.01,102,241332,卖盘
235,14:42:48,23.67,0.01,12,28404,买盘
236,14:42:45,23.66,--,17,40222,卖盘
237,14:42:42,23.66,-0.01,40,94640,卖盘
238,14:42:39,23.67,--,5,11835,买盘
239,14:42:36,23.67,0.01,4,9468,买盘
240,14:42:33,23.66,-0.01,12,28392,卖盘
241,14:42:27,23.67,--,35,82845,买盘
242,14:42:24,23.67,-0.01,3,7101,买盘
243,14:42:21,23.68,0.01,20,47360,买盘
244,14:42:18,23.67,-0.01,4,9468,中性盘
245,14:42:09,23.68,--,157,371776,卖盘
246,14:42:03,23.68,-0.01,2,4736,卖盘
247,14:42:00,23.69,0.01,413,978397,买盘
248,14:41:57,23.68,0.01,10,23680,买盘
249,14:41:54,23.67,-0.01,74,175158,卖盘
250,14:41:51,23.68,--,1,2368,买盘
251,14:41:48,23.68,--,20,47360,买盘
252,14:41:45,23.68,--,9,21312,买盘
253,14:41:42,23.68,--,2,4736,买盘
254,14:41:36,23.68,-0.01,17,40256,买盘
255,14:41:30,23.69,0.01,20,47380,买盘
256,14:41:24,23.68,-0.01,144,340992,卖盘
257,14:41:15,23.69,0.01,1,2369,买盘
258,14:41:12,23.68,--,50,118400,卖盘
259,14:41:00,23.68,0.01,110,260480,买盘
260,14:40:54,23.67,--,1,2367,卖盘
261,14:40:48,23.67,--,2,4734,买盘
262,14:40:45,23.67,--,9,21303,买盘
263,14:40:42,23.67,-0.01,16,37872,中性盘
264,14:40:36,23.68,0.02,3,7104,买盘
265,14:40:24,23.66,-0.02,2,4732,卖盘
266,14:40:18,23.68,-0.01,5,11840,中性盘
267,14:40:15,23.69,0.01,8,18952,买盘
268,14:40:09,23.68,0.03,2,4736,中性盘
269,14:40:03,23.65,-0.04,2,4730,卖盘
270,14:40:00,23.69,0.03,200,473800,买盘
271,14:39:57,23.66,-0.01,3,7098,卖盘
272,14:39:54,23.67,-0.01,52,123084,卖盘
273,14:39:48,23.68,--,4,9472,买盘
274,14:39:42,23.68,--,1,2368,买盘
275,14:39:36,23.68,-0.01,30,71040,卖盘
276,14:39:33,23.69,--,1,2369,买盘
277,14:39:27,23.69,0.01,17,40273,买盘
278,14:39:24,23.68,--,2,4736,卖盘
279,14:39:18,23.68,-0.01,2,4736,卖盘
280,14:39:15,23.69,0.04,3,7107,买盘
281,14:39:12,23.65,0.01,90,212850,卖盘
282,14:39:06,23.64,-0.01,207,489348,卖盘
283,14:39:03,23.65,-0.01,10,23650,卖盘
284,14:39:00,23.66,0.03,8,18928,买盘
285,14:38:57,23.63,-0.02,20,47260,卖盘
286,14:38:54,23.65,--,36,85140,买盘
287,14:38:51,23.65,--,3,7095,买盘
288,14:38:48,23.65,0.03,70,165550,买盘
289,14:38:45,23.62,-0.01,13,30706,卖盘
290,14:38:42,23.63,0.01,5,11815,买盘
291,14:38:33,23.62,--,2,4747,卖盘
292,14:38:30,23.62,--,6,14172,卖盘
293,14:38:27,23.62,0.01,3,7086,买盘
294,14:38:24,23.61,--,78,184158,卖盘
295,14:38:15,23.61,--,34,80274,卖盘
296,14:38:12,23.61,0.02,937,2212257,买盘
297,14:38:09,23.59,-0.01,2,4718,卖盘
298,14:38:06,23.6,0.01,22,51920,买盘
299,14:38:03,23.59,-0.01,10,23590,卖盘
300,14:37:57,23.6,0.01,69,162840,买盘
301,14:37:54,23.59,-0.01,75,176925,卖盘
302,14:37:51,23.6,--,1,2360,买盘
303,14:37:48,23.6,--,3,7080,买盘
304,14:37:45,23.6,0.01,5,11800,买盘
305,14:37:42,23.59,-0.01,49,115591,卖盘
306,14:37:39,23.6,0.01,8,18880,买盘
307,14:37:33,23.59,-0.01,111,261849,卖盘
308,14:37:30,23.6,0.01,4,9440,买盘
309,14:37:27,23.59,-0.01,52,122668,卖盘
310,14:37:24,23.6,--,34,80240,卖盘
311,14:37:18,23.6,--,22,51920,卖盘
312,14:37:15,23.6,--,163,384680,卖盘
313,14:37:12,23.6,--,60,141600,卖盘
314,14:37:09,23.6,--,1,2360,卖盘
315,14:37:06,23.6,0.02,6,14160,买盘
316,14:36:54,23.58,-0.01,63,148554,卖盘
317,14:36:51,23.59,-0.02,3,7077,中性盘
318,14:36:48,23.61,0.02,170,401370,买盘
319,14:36:42,23.59,-0.01,94,221746,卖盘
320,14:36:39,23.6,--,20,47200,卖盘
321,14:36:36,23.6,--,23,54280,买盘
322,14:36:24,23.6,--,25,59000,卖盘
323,14:36:21,23.6,-0.01,1,2360,卖盘
324,14:36:18,23.61,0.01,2,4722,买盘
325,14:36:15,23.6,--,7,16520,卖盘
326,14:36:12,23.6,-0.01,64,151040,卖盘
327,14:36:09,23.61,--,1,2361,买盘
328,14:36:03,23.61,--,1,2361,买盘
329,14:36:00,23.61,0.01,300,708300,买盘
330,14:35:54,23.6,-0.02,39,92040,卖盘
331,14:35:48,23.62,-0.01,284,670808,卖盘
332,14:35:39,23.63,--,5,11815,买盘
333,14:35:36,23.63,-0.02,418,987734,卖盘
334,14:35:30,23.65,0.02,225,532125,买盘
335,14:35:24,23.63,-0.01,2,4726,卖盘
336,14:35:18,23.64,--,12,28368,买盘
337,14:35:15,23.64,--,1,4704,卖盘
338,14:35:12,23.64,--,124,293136,卖盘
339,14:35:06,23.64,--,10,23640,卖盘
340,14:34:57,23.64,--,102,241128,卖盘
341,14:34:54,23.64,--,39,92196,卖盘
342,14:34:51,23.64,-0.01,1,2387,卖盘
343,14:34:48,23.65,--,3,7095,买盘
344,14:34:45,23.65,--,5,11825,买盘
345,14:34:42,23.65,--,140,331100,卖盘
346,14:34:39,23.65,--,3,7095,卖盘
347,14:34:36,23.65,--,15,35475,卖盘
348,14:34:30,23.65,--,12,28380,卖盘
349,14:34:27,23.65,--,1,2365,卖盘
350,14:34:24,23.65,--,132,312180,买盘
351,14:34:18,23.65,--,3,7095,买盘
352,14:34:12,23.65,--,1,2365,买盘
353,14:34:09,23.65,--,231,546315,卖盘
354,14:34:06,23.65,--,2,4730,卖盘
355,14:34:03,23.65,--,10,23650,卖盘
356,14:34:00,23.65,--,4,9460,卖盘
357,14:33:54,23.65,--,91,215215,买盘
358,14:33:48,23.65,--,3,7095,买盘
359,14:33:42,23.65,--,8,18920,卖盘
360,14:33:39,23.65,--,10,23650,卖盘
361,14:33:36,23.65,--,56,132440,卖盘
362,14:33:33,23.65,--,101,238865,卖盘
363,14:33:24,23.65,-0.01,2,4730,卖盘
364,14:33:21,23.66,-0.01,107,253162,卖盘
365,14:33:18,23.67,0.01,17,40239,买盘
366,14:33:06,23.66,-0.01,3,7098,卖盘
367,14:33:03,23.67,0.01,11,26037,中性盘
368,14:32:57,23.66,-0.01,302,714532,卖盘
369,14:32:54,23.67,--,33,78111,卖盘
370,14:32:51,23.67,--,42,99414,买盘
371,14:32:48,23.67,0.01,3,7101,买盘
372,14:32:45,23.66,-0.01,16,37856,卖盘
373,14:32:42,23.67,-0.01,107,253269,卖盘
374,14:32:33,23.68,0.01,1,2368,买盘
375,14:32:30,23.67,--,5,11835,卖盘
376,14:32:24,23.67,--,34,80478,卖盘
377,14:32:21,23.67,--,30,71010,卖盘
378,14:32:18,23.67,-0.01,325,769275,卖盘
379,14:32:15,23.68,--,3,7104,买盘
380,14:32:12,23.68,0.01,7,16576,卖盘
381,14:32:03,23.67,--,38,89946,卖盘
382,14:32:00,23.67,-0.01,62,146754,卖盘
383,14:31:57,23.68,0.01,27,63936,买盘
384,14:31:54,23.67,-0.01,38,89946,卖盘
385,14:31:51,23.68,--,6,14208,买盘
386,14:31:48,23.68,--,3,7104,买盘
387,14:31:45,23.68,--,305,722240,买盘
388,14:31:42,23.68,-0.01,2,4736,卖盘
389,14:31:39,23.69,--,2,4738,买盘
390,14:31:33,23.69,--,195,461955,卖盘
391,14:31:27,23.69,0.02,107,253483,买盘
392,14:31:24,23.67,-0.01,33,78111,卖盘
393,14:31:21,23.68,--,7,16576,买盘
394,14:31:18,23.68,0.01,2,4736,买盘
395,14:31:12,23.67,--,42,99414,卖盘
396,14:31:03,23.67,--,3,7101,卖盘
397,14:30:57,23.67,--,1,2367,卖盘
398,14:30:54,23.67,--,32,75744,卖盘
399,14:30:51,23.67,-0.01,21,49707,卖盘
400,14:30:48,23.68,0.01,3,7104,买盘
401,14:30:42,23.67,--,43,101781,卖盘
402,14:30:36,23.67,-0.01,10,23670,卖盘
403,14:30:33,23.68,--,14,33152,买盘
404,14:30:27,23.68,0.01,15,35520,买盘
405,14:30:24,23.67,-0.02,62,146754,卖盘
406,14:30:21,23.69,--,50,118450,买盘
407,14:30:18,23.69,0.01,52,123188,买盘
408,14:30:12,23.68,--,39,92352,卖盘
409,14:30:09,23.68,--,2,4736,卖盘
410,14:30:06,23.68,--,21,49728,卖盘
411,14:29:57,23.68,-0.01,75,177600,卖盘
412,14:29:54,23.69,0.01,187,443003,买盘
413,14:29:51,23.68,-0.01,5,11840,卖盘
414,14:29:48,23.69,--,13,30797,买盘
415,14:29:42,23.69,--,6,14214,买盘
416,14:29:39,23.69,--,8,18952,买盘
417,14:29:36,23.69,-0.01,59,139771,卖盘
418,14:29:33,23.7,--,165,391050,买盘
419,14:29:30,23.7,0.01,10,23700,买盘
420,14:29:24,23.69,--,13,30797,卖盘
421,14:29:12,23.69,--,42,99498,卖盘
422,14:29:03,23.69,--,1,2369,卖盘
423,14:29:00,23.69,0.01,6,14214,中性盘
424,14:28:57,23.68,--,10,23680,卖盘
425,14:28:54,23.68,-0.02,31,73408,卖盘
426,14:28:51,23.7,0.01,1,2370,中性盘
427,14:28:48,23.69,-0.01,3,7107,买盘
428,14:28:39,23.7,0.02,1,2370,中性盘
429,14:28:36,23.68,-0.05,151,357568,卖盘
430,14:28:33,23.73,0.03,280,664440,买盘
431,14:28:24,23.7,-0.01,26,61620,卖盘
432,14:28:21,23.71,--,12,28452,买盘
433,14:28:18,23.71,--,14,33194,买盘
434,14:28:15,23.71,--,20,47420,买盘
435,14:28:12,23.71,--,15,35565,买盘
436,14:28:09,23.71,--,248,588008,卖盘
437,14:28:06,23.71,--,66,156486,卖盘
438,14:28:00,23.71,--,5,11855,卖盘
439,14:27:57,23.71,0.01,15,35565,买盘
440,14:27:54,23.7,-0.01,37,87690,卖盘
441,14:27:51,23.71,--,202,478942,买盘
442,14:27:48,23.71,0.01,13,30823,买盘
443,14:27:42,23.7,--,44,104280,卖盘
444,14:27:39,23.7,-0.01,50,118500,中性盘
445,14:27:33,23.71,0.03,54,128034,买盘
446,14:27:27,23.68,-0.01,15,35520,卖盘
447,14:27:24,23.69,-0.06,5,11845,中性盘
448,14:27:15,23.75,--,127,301625,卖盘
449,14:27:12,23.75,0.07,423,1004625,买盘
450,14:27:06,23.68,0.02,4,9472,中性盘
451,14:27:03,23.66,-0.04,56,132496,卖盘
452,14:27:00,23.7,0.02,300,711000,买盘
453,14:26:57,23.68,0.01,54,127872,买盘
454,14:26:54,23.67,-0.01,23,54441,卖盘
455,14:26:48,23.68,0.01,8,18944,买盘
456,14:26:33,23.67,0.01,56,132552,买盘
457,14:26:30,23.66,0.01,32,75712,买盘
458,14:26:24,23.65,--,32,75680,卖盘
459,14:26:21,23.65,--,32,75680,买盘
460,14:26:18,23.65,--,2,4730,买盘
461,14:26:15,23.65,--,15,35475,买盘
462,14:26:12,23.65,--,20,47300,买盘
463,14:26:09,23.65,0.01,456,1078440,买盘
464,14:26:06,23.64,--,6,14184,卖盘
465,14:26:00,23.64,--,2,4728,卖盘
466,14:25:57,23.64,0.01,258,609912,买盘
467,14:25:54,23.63,-0.01,30,70890,卖盘
468,14:25:51,23.64,--,7,16548,买盘
469,14:25:48,23.64,0.01,3,7092,买盘
470,14:25:42,23.63,--,6,14178,卖盘
471,14:25:39,23.63,--,1,2363,卖盘
472,14:25:36,23.63,--,2,4726,买盘
473,14:25:33,23.63,--,204,482052,买盘
474,14:25:30,23.63,0.01,20,47260,买盘
475,14:25:24,23.62,-0.01,34,80308,卖盘
476,14:25:18,23.63,--,2,4726,买盘
477,14:25:12,23.63,--,63,148869,卖盘
478,14:25:09,23.63,-0.01,2,4726,卖盘
479,14:25:03,23.64,--,5,11820,买盘
480,14:24:54,23.64,-0.01,14,33096,卖盘
481,14:24:51,23.65,--,20,47300,买盘
482,14:24:48,23.65,0.01,4,9460,买盘
483,14:24:36,23.64,--,3,7092,买盘
484,14:24:24,23.64,-0.01,27,63828,卖盘
485,14:24:21,23.65,--,45,106425,买盘
486,14:24:18,23.65,0.01,2,4730,买盘
487,14:24:12,23.64,--,1,2364,卖盘
488,14:24:09,23.64,--,5,11820,买盘
489,14:24:03,23.64,-0.01,105,248220,卖盘
490,14:23:57,23.65,0.01,1,2365,买盘
491,14:23:54,23.64,-0.01,32,75648,卖盘
492,14:23:48,23.65,--,11,26015,买盘
493,14:23:36,23.65,0.01,55,130074,买盘
494,14:23:33,23.64,--,48,113472,卖盘
495,14:23:30,23.64,--,39,92196,买盘
496,14:23:27,23.64,0.01,4,9456,买盘
497,14:23:24,23.63,-0.01,37,87431,卖盘
498,14:23:21,23.64,0.01,2,4728,买盘
499,14:23:06,23.63,--,5,11815,卖盘
500,14:23:03,23.63,0.01,1,2363,买盘
501,14:23:00,23.62,--,10,23620,卖盘
502,14:22:54,23.62,--,30,70860,卖盘
503,14:22:48,23.62,--,1,2362,卖盘
504,14:22:45,23.62,--,15,35430,买盘
505,14:22:42,23.62,0.01,20,47240,买盘
506,14:22:33,23.61,--,5,11805,卖盘
507,14:22:30,23.61,--,4,9444,卖盘
508,14:22:27,23.61,--,66,155826,卖盘
509,14:22:24,23.61,0.01,55,129855,买盘
510,14:22:21,23.6,-0.01,3,7080,卖盘
511,14:22:18,23.61,--,2,4722,买盘
512,14:22:12,23.61,0.01,5,11805,买盘
513,14:22:09,23.6,--,146,344560,卖盘
514,14:22:00,23.6,--,3,7080,卖盘
515,14:21:57,23.6,--,15,35400,卖盘
516,14:21:54,23.6,-0.01,35,82600,卖盘
517,14:21:48,23.61,--,1,2361,买盘
518,14:21:45,23.61,0.01,10,23610,买盘
519,14:21:42,23.6,--,20,47200,卖盘
520,14:21:39,23.6,--,11,25960,卖盘
521,14:21:36,23.6,0.01,23,54280,买盘
522,14:21:33,23.59,0.02,31,73129,买盘
523,14:21:27,23.57,--,1,2357,卖盘
524,14:21:24,23.57,-0.03,11,25927,中性盘
525,14:21:09,23.6,--,5,11800,买盘
526,14:21:06,23.6,0.04,66,157034,买盘
527,14:21:03,23.56,--,24,56544,买盘
528,14:20:54,23.56,-0.05,1526,3596740,卖盘
529,14:20:51,23.61,--,2,4722,买盘
530,14:20:48,23.61,0.01,3,7083,买盘
531,14:20:45,23.6,--,100,236000,卖盘
532,14:20:42,23.6,--,30,70800,卖盘
533,14:20:36,23.6,--,166,392397,买盘
534,14:20:33,23.6,--,26,61360,买盘
535,14:20:30,23.6,--,34,80240,买盘
536,14:20:27,23.6,0.01,29,68440,买盘
537,14:20:24,23.59,--,48,113232,卖盘
538,14:20:21,23.59,-0.01,11,25949,卖盘
539,14:20:18,23.6,--,57,134520,买盘
540,14:20:15,23.6,0.01,18,42480,买盘
541,14:20:12,23.59,-0.01,10,23590,中性盘
542,14:20:00,23.6,0.01,54,127440,买盘
543,14:19:57,23.59,-0.01,53,125027,卖盘
544,14:19:54,23.6,--,94,221840,买盘
545,14:19:51,23.6,--,5,11800,买盘
546,14:19:48,23.6,--,3,7080,买盘
547,14:19:45,23.6,-0.04,544,1285586,卖盘
548,14:19:42,23.64,0.01,35,82740,买盘
549,14:19:39,23.63,-0.01,15,35445,卖盘
550,14:19:36,23.64,0.04,1,2364,买盘
551,14:19:33,23.6,--,361,852573,买盘
552,14:19:30,23.6,0.01,5,11800,买盘
553,14:19:24,23.59,-0.01,32,75488,卖盘
554,14:19:18,23.6,--,22,51920,买盘
555,14:19:15,23.6,-0.04,811,1915706,卖盘
556,14:19:12,23.64,--,10,23640,卖盘
557,14:19:09,23.64,--,18,42552,卖盘
558,14:19:06,23.64,-0.01,7,16548,卖盘
559,14:19:03,23.65,0.01,2,4730,买盘
560,14:19:00,23.64,-0.01,1,2364,卖盘
561,14:18:57,23.65,0.01,27,63854,买盘
562,14:18:54,23.64,--,30,70920,卖盘
563,14:18:48,23.64,-0.01,92,218102,卖盘
564,14:18:45,23.65,--,16,37840,买盘
565,14:18:42,23.65,0.01,6,14190,买盘
566,14:18:39,23.64,--,23,54372,卖盘
567,14:18:33,23.64,-0.01,30,70920,卖盘
568,14:18:30,23.65,--,10,23650,买盘
569,14:18:27,23.65,0.01,10,23650,买盘
570,14:18:24,23.64,-0.01,29,68556,卖盘
571,14:18:18,23.65,--,2,4730,买盘
572,14:18:15,23.65,0.01,39,92235,买盘
573,14:18:03,23.64,--,4,9456,买盘
574,14:18:00,23.64,--,1,2364,买盘
575,14:17:57,23.64,--,1,2364,买盘
576,14:17:54,23.64,--,32,75648,买盘
577,14:17:48,23.64,--,3,7092,买盘
578,14:17:42,23.64,0.01,6,14184,卖盘
579,14:17:36,23.63,-0.02,18,42534,中性盘
580,14:17:27,23.65,0.03,200,473000,买盘
581,14:17:24,23.62,-0.02,33,77946,卖盘
582,14:17:18,23.64,0.01,2,4728,买盘
583,14:17:15,23.63,-0.01,286,675818,卖盘
584,14:17:12,23.64,0.01,29,68556,买盘
585,14:17:06,23.63,--,2,4726,卖盘
586,14:17:03,23.63,0.01,25,59075,卖盘
587,14:17:00,23.62,--,15,35430,卖盘
588,14:16:54,23.62,-0.01,33,77946,卖盘
589,14:16:48,23.63,--,13,30719,买盘
590,14:16:45,23.63,--,10,23630,买盘
591,14:16:42,23.63,0.01,24,56712,买盘
592,14:16:39,23.62,-0.01,19,44878,卖盘
593,14:16:36,23.63,--,19,44897,买盘
594,14:16:33,23.63,--,53,125239,买盘
595,14:16:30,23.63,--,3,7089,买盘
596,14:16:27,23.63,--,7,16541,卖盘
597,14:16:24,23.63,--,66,155958,买盘
598,14:16:21,23.63,--,17,40171,买盘
599,14:16:18,23.63,--,17,40171,买盘
600,14:16:15,23.63,0.01,10,23630,买盘
601,14:16:06,23.62,--,1,2362,卖盘
602,14:16:03,23.62,0.02,15,35430,买盘
603,14:15:54,23.6,--,50,118000,卖盘
604,14:15:48,23.6,--,8,18880,卖盘
605,14:15:45,23.6,0.03,30,70800,买盘
606,14:15:39,23.57,-0.03,201,473757,卖盘
607,14:15:36,23.6,--,6,14160,买盘
608,14:15:33,23.6,0.01,38,89680,买盘
609,14:15:30,23.59,0.01,25,58975,买盘
610,14:15:27,23.58,0.01,8,18864,买盘
611,14:15:24,23.57,--,3,7071,卖盘
612,14:15:21,23.57,--,8,18856,卖盘
613,14:15:18,23.57,0.01,12,28284,中性盘
614,14:15:12,23.56,-0.01,195,459655,卖盘
615,14:15:09,23.57,--,1,2357,买盘
616,14:15:06,23.57,0.01,6,14142,买盘
617,14:15:03,23.56,--,24,56544,卖盘
618,14:14:57,23.56,-0.01,7,16492,卖盘
619,14:14:54,23.57,0.02,182,428974,买盘
620,14:14:51,23.55,0.01,19,44745,买盘
621,14:14:48,23.54,-0.02,267,628518,卖盘
622,14:14:45,23.56,--,88,207328,买盘
623,14:14:42,23.56,-0.01,3,7068,中性盘
624,14:14:39,23.57,--,72,169704,买盘
625,14:14:33,23.57,--,100,235700,买盘
626,14:14:30,23.57,--,150,353550,买盘
627,14:14:27,23.57,0.01,197,464329,买盘
628,14:14:24,23.56,--,12,28272,卖盘
629,14:14:21,23.56,-0.01,114,268584,卖盘
630,14:14:18,23.57,--,2,4714,买盘
631,14:14:12,23.57,--,6,14142,买盘
632,14:14:09,23.57,--,6,14142,买盘
633,14:14:06,23.57,-0.02,510,1202093,卖盘
634,14:14:03,23.59,--,500,1181835,卖盘
635,14:14:00,23.59,--,91,214669,卖盘
636,14:13:57,23.59,-0.01,5,11795,卖盘
637,14:13:54,23.6,0.01,10,23600,买盘
638,14:13:48,23.59,0.01,16,37744,买盘
639,14:13:45,23.58,-0.02,33,77814,卖盘
640,14:13:42,23.6,--,11,25960,卖盘
641,14:13:39,23.6,0.02,46,108560,买盘
642,14:13:36,23.58,--,66,155628,卖盘
643,14:13:33,23.58,--,24,56591,卖盘
644,14:13:30,23.58,--,38,89604,卖盘
645,14:13:27,23.58,--,21,49518,卖盘
646,14:13:24,23.58,-0.02,6,14147,卖盘
647,14:13:21,23.6,0.01,5,11800,买盘
648,14:13:18,23.59,-0.02,113,268902,卖盘
649,14:13:15,23.61,0.01,33,77913,卖盘
650,14:13:12,23.6,--,31,73183,买盘
651,14:13:09,23.6,--,2,4720,买盘
652,14:13:06,23.6,--,2,4720,买盘
653,14:13:03,23.6,-0.02,140,332736,卖盘
654,14:13:00,23.62,0.01,5,11810,买盘
655,14:12:54,23.61,-0.03,169,399009,卖盘
656,14:12:48,23.64,--,3,7092,买盘
657,14:12:45,23.64,0.02,4,9456,买盘
658,14:12:42,23.62,0.02,16,37792,中性盘
659,14:12:39,23.6,-0.03,2000,4720023,卖盘
660,14:12:36,23.63,--,30,70890,卖盘
661,14:12:33,23.63,--,17,40171,卖盘
662,14:12:30,23.63,--,10,23630,卖盘
663,14:12:27,23.63,--,28,66164,卖盘
664,14:12:24,23.63,--,2,4726,卖盘
665,14:12:18,23.63,0.02,31,73253,卖盘
666,14:12:15,23.61,-0.02,30,70830,卖盘
667,14:12:09,23.63,0.01,95,224485,买盘
668,14:12:06,23.62,--,20,47240,卖盘
669,14:12:00,23.62,--,1,2362,卖盘
670,14:11:57,23.62,0.01,1,2362,卖盘
671,14:11:54,23.61,--,3,7083,卖盘
672,14:11:51,23.61,-0.01,61,144021,卖盘
673,14:11:48,23.62,-0.01,15,35430,卖盘
674,14:11:45,23.63,0.01,6,14178,买盘
675,14:11:42,23.62,-0.01,16,37792,卖盘
676,14:11:39,23.63,0.01,30,70890,买盘
677,14:11:36,23.62,-0.01,70,165340,卖盘
678,14:11:33,23.63,--,2,4726,卖盘
679,14:11:30,23.63,--,1,2363,卖盘
680,14:11:27,23.63,--,1,2363,卖盘
681,14:11:24,23.63,-0.01,15,35445,卖盘
682,14:11:21,23.64,--,50,118200,卖盘
683,14:11:18,23.64,-0.01,37,87468,卖盘
684,14:11:15,23.65,0.01,12,28380,买盘
685,14:11:12,23.64,--,1,2364,卖盘
686,14:11:09,23.64,-0.01,1,2364,卖盘
687,14:11:06,23.65,-0.04,880,2083115,卖盘
688,14:11:03,23.69,-0.01,2,4738,卖盘
689,14:11:00,23.7,0.01,12,28440,买盘
690,14:10:54,23.69,--,2,4738,卖盘
691,14:10:51,23.69,-0.01,25,59225,卖盘
692,14:10:48,23.7,--,3,7110,买盘
693,14:10:39,23.7,-0.02,303,720456,卖盘
694,14:10:36,23.72,0.01,23,54556,买盘
695,14:10:33,23.71,--,140,331940,卖盘
696,14:10:24,23.71,-0.02,2,4742,卖盘
697,14:10:18,23.73,0.01,21,49833,买盘
698,14:10:09,23.72,--,1,2372,卖盘
699,14:10:06,23.72,--,1,2372,卖盘
700,14:10:03,23.72,--,60,142320,卖盘
701,14:09:54,23.72,-0.01,1,2372,卖盘
702,14:09:48,23.73,--,3,7119,买盘
703,14:09:39,23.73,--,5,11865,买盘
704,14:09:36,23.73,0.01,1,2373,买盘
705,14:09:33,23.72,-0.01,419,993868,卖盘
706,14:09:27,23.73,0.01,2,4746,买盘
707,14:09:24,23.72,-0.01,2,4744,卖盘
708,14:09:18,23.73,--,2,4746,买盘
709,14:09:12,23.73,0.01,5,11865,买盘
710,14:09:06,23.72,--,20,47440,卖盘
711,14:09:03,23.72,-0.01,1,2372,卖盘
712,14:09:00,23.73,0.01,20,47460,买盘
713,14:08:54,23.72,-0.01,2,4744,卖盘
714,14:08:48,23.73,--,3,7119,买盘
715,14:08:42,23.73,0.01,7,16611,买盘
716,14:08:36,23.72,--,5,11860,卖盘
717,14:08:33,23.72,--,20,47440,卖盘
718,14:08:24,23.72,-0.01,2,4744,卖盘
719,14:08:21,23.73,--,74,175602,买盘
720,14:08:18,23.73,--,48,113904,买盘
721,14:08:09,23.73,0.01,5,11865,买盘
722,14:08:06,23.72,-0.01,1,2372,卖盘
723,14:08:03,23.73,--,50,118650,买盘
724,14:08:00,23.73,--,12,28476,买盘
725,14:07:57,23.73,--,56,132888,买盘
726,14:07:54,23.73,--,28,66444,买盘
727,14:07:51,23.73,--,5,11865,买盘
728,14:07:48,23.73,--,3,7119,买盘
729,14:07:42,23.73,--,6,14238,卖盘
730,14:07:39,23.73,--,21,49833,买盘
731,14:07:36,23.73,0.01,2,4746,买盘
732,14:07:33,23.72,-0.01,3,7116,卖盘
733,14:07:30,23.73,--,1,2373,买盘
734,14:07:27,23.73,0.01,29,68817,买盘
735,14:07:24,23.72,-0.01,1,2372,卖盘
736,14:07:21,23.73,--,8,18984,卖盘
737,14:07:18,23.73,0.01,71,168483,买盘
738,14:07:15,23.72,--,17,40324,卖盘
739,14:07:09,23.72,--,10,23720,卖盘
740,14:07:03,23.72,0.01,269,638068,买盘
741,14:07:00,23.71,--,5,11855,卖盘
742,14:06:54,23.71,-0.01,2,4742,卖盘
743,14:06:51,23.72,--,54,128088,卖盘
744,14:06:48,23.72,--,320,759040,卖盘
745,14:06:45,23.72,--,12,28464,卖盘
746,14:06:36,23.72,0.01,158,374776,买盘
747,14:06:33,23.71,--,156,369876,卖盘
748,14:06:30,23.71,-0.01,9,21339,卖盘
749,14:06:27,23.72,0.01,23,54556,买盘
750,14:06:24,23.71,--,2,4742,卖盘
751,14:06:21,23.71,-0.01,8,18968,卖盘
752,14:06:18,23.72,0.01,2,4744,买盘
753,14:06:12,23.71,--,10,23710,卖盘
754,14:06:09,23.71,--,1,2371,卖盘
755,14:06:06,23.71,--,1,2371,卖盘
756,14:06:03,23.71,--,36,85356,卖盘
757,14:05:54,23.71,-0.01,2,4742,卖盘
758,14:05:51,23.72,--,383,908476,卖盘
759,14:05:48,23.72,--,135,320220,卖盘
760,14:05:42,23.72,--,75,177900,卖盘
761,14:05:36,23.72,--,16,37952,卖盘
762,14:05:33,23.72,-0.01,1,2372,卖盘
763,14:05:30,23.73,--,1,2373,买盘
764,14:05:27,23.73,--,13,30849,卖盘
765,14:05:24,23.73,--,2,4746,卖盘
766,14:05:21,23.73,-0.01,500,1186500,卖盘
767,14:05:18,23.74,0.01,1,2374,买盘
768,14:05:15,23.73,-0.01,1,2373,卖盘
769,14:05:12,23.74,--,51,121073,买盘
770,14:05:09,23.74,0.02,42,99708,买盘
771,14:05:03,23.72,--,34,80648,卖盘
772,14:04:57,23.72,-0.01,21,49812,卖盘
773,14:04:54,23.73,--,10,23730,买盘
774,14:04:45,23.73,0.01,1,2373,买盘
775,14:04:39,23.72,--,75,177900,买盘
776,14:04:36,23.72,--,1,2372,买盘
777,14:04:30,23.72,--,5,11860,买盘
778,14:04:24,23.72,-0.01,9,21348,中性盘
779,14:04:15,23.73,--,18,42714,卖盘
780,14:04:09,23.73,0.02,47,111531,买盘
781,14:04:03,23.71,--,6,14226,卖盘
782,14:03:54,23.71,-0.01,22,52162,卖盘
783,14:03:48,23.72,--,3,7116,买盘
784,14:03:39,23.72,-0.02,134,317848,卖盘
785,14:03:24,23.74,--,20,47480,卖盘
786,14:03:21,23.74,-0.01,25,59349,卖盘
787,14:03:18,23.75,0.01,2,4750,买盘
788,14:03:12,23.74,--,9,21366,卖盘
789,14:03:03,23.74,0.02,270,640980,买盘
790,14:03:00,23.72,-0.01,186,441192,卖盘
791,14:02:57,23.73,0.01,45,106785,买盘
792,14:02:54,23.72,-0.01,9,21348,卖盘
793,14:02:51,23.73,--,5,11865,买盘
794,14:02:48,23.73,--,3,7119,买盘
795,14:02:42,23.73,--,13,31632,卖盘
796,14:02:30,23.73,-0.01,121,287133,卖盘
797,14:02:24,23.74,--,2,4748,卖盘
798,14:02:21,23.74,--,56,132944,买盘
799,14:02:18,23.74,--,2,4748,买盘
800,14:02:12,23.74,--,26,61723,买盘
801,14:02:09,23.74,--,200,474799,买盘
802,14:02:03,23.74,--,15,35610,买盘
803,14:01:57,23.74,--,133,317332,卖盘
804,14:01:54,23.74,--,1,2374,卖盘
805,14:01:48,23.74,--,120,284880,买盘
806,14:01:45,23.74,0.02,11,26114,买盘
807,14:01:42,23.72,--,76,180272,卖盘
808,14:01:39,23.72,-0.02,3,7116,卖盘
809,14:01:27,23.74,0.02,6,14243,买盘
810,14:01:24,23.72,--,2,4744,卖盘
811,14:01:21,23.72,--,50,118600,买盘
812,14:01:18,23.72,--,11,26092,买盘
813,14:01:15,23.72,--,8,18976,卖盘
814,14:01:12,23.72,-0.02,1,2372,卖盘
815,14:01:09,23.74,--,5,11870,买盘
816,14:01:03,23.74,0.03,2,4748,买盘
817,14:00:54,23.71,--,31,73501,卖盘
818,14:00:51,23.71,-0.03,5,11855,卖盘
819,14:00:45,23.74,0.04,1,2374,买盘
820,14:00:42,23.7,0.01,10,23723,卖盘
821,14:00:24,23.69,-0.01,12,28428,卖盘
822,14:00:21,23.7,0.01,95,227472,买盘
823,14:00:18,23.69,-0.01,3,7107,卖盘
824,14:00:15,23.7,--,125,296250,买盘
825,14:00:09,23.7,--,28,66360,买盘
826,14:00:03,23.7,0.01,241,571170,买盘
827,14:00:00,23.69,-0.01,11,26059,卖盘
828,13:59:57,23.7,0.01,20,47400,买盘
829,13:59:54,23.69,-0.01,2,4738,卖盘
830,13:59:51,23.7,0.01,9,21330,买盘
831,13:59:48,23.69,--,9,21321,卖盘
832,13:59:45,23.69,--,5,11845,中性盘
833,13:59:36,23.69,0.02,5,11845,买盘
834,13:59:30,23.67,-0.01,61,144387,卖盘
835,13:59:24,23.68,--,25,61094,买盘
836,13:59:21,23.68,--,47,111296,买盘
837,13:59:18,23.68,--,2,4736,买盘
838,13:59:15,23.68,0.01,7,16576,买盘
839,13:59:12,23.67,0.01,11,26037,中性盘
840,13:59:09,23.66,-0.01,49,115934,卖盘
841,13:59:06,23.67,--,185,437895,买盘
842,13:59:03,23.67,--,16,38795,买盘
843,13:58:57,23.67,--,8,18936,买盘
844,13:58:54,23.67,0.01,7,16569,买盘
845,13:58:51,23.66,-0.01,26,61516,卖盘
846,13:58:48,23.67,-0.01,193,456831,卖盘
847,13:58:42,23.68,--,45,106560,买盘
848,13:58:39,23.68,0.01,4,9472,买盘
849,13:58:36,23.67,-0.01,45,106515,卖盘
850,13:58:33,23.68,0.01,5,11840,买盘
851,13:58:30,23.67,-0.01,12,28404,卖盘
852,13:58:27,23.68,0.01,5,11840,买盘
853,13:58:24,23.67,-0.01,7,16569,卖盘
854,13:58:21,23.68,--,188,445184,卖盘
855,13:58:18,23.68,--,31,73408,卖盘
856,13:58:15,23.68,-0.01,9,21312,卖盘
857,13:58:12,23.69,--,2,4738,买盘
858,13:58:06,23.69,-0.01,277,657515,卖盘
859,13:58:03,23.7,0.01,28,66360,买盘
860,13:58:00,23.69,--,176,416944,卖盘
861,13:57:57,23.69,--,10,23690,卖盘
862,13:57:54,23.69,-0.02,594,1408252,卖盘
863,13:57:51,23.71,0.01,42,99582,买盘
864,13:57:48,23.7,--,34,80580,卖盘
865,13:57:45,23.7,--,25,59250,卖盘
866,13:57:39,23.7,--,1,2370,卖盘
867,13:57:33,23.7,-0.01,30,71100,卖盘
868,13:57:30,23.71,--,1,2371,卖盘
869,13:57:27,23.71,0.01,63,149373,买盘
870,13:57:24,23.7,-0.01,10,23700,中性盘
871,13:57:21,23.71,0.02,11,26081,买盘
872,13:57:18,23.69,-0.01,31,73439,卖盘
873,13:57:15,23.7,--,1,2370,卖盘
874,13:57:12,23.7,--,1,2370,卖盘
875,13:57:09,23.7,-0.02,20,47400,卖盘
876,13:57:06,23.72,--,7,16604,买盘
877,13:57:00,23.72,0.02,20,47440,买盘
878,13:56:57,23.7,-0.02,58,137460,卖盘
879,13:56:54,23.72,--,74,175528,卖盘
880,13:56:51,23.72,-0.02,69,163668,中性盘
881,13:56:48,23.74,0.04,3,7121,买盘
882,13:56:45,23.7,-0.04,1009,2391330,卖盘
883,13:56:36,23.74,--,102,242599,卖盘
884,13:56:24,23.74,-0.01,377,895235,卖盘
885,13:56:21,23.75,-0.01,3,7125,卖盘
886,13:56:18,23.76,0.01,76,180576,买盘
887,13:56:15,23.75,--,1,2375,卖盘
888,13:56:12,23.75,-0.02,27,64125,卖盘
889,13:56:09,23.77,0.02,1,2377,买盘
890,13:56:03,23.75,-0.01,60,142500,卖盘
891,13:55:54,23.76,0.01,2,4752,中性盘
892,13:55:48,23.75,-0.01,29,68875,卖盘
893,13:55:42,23.76,0.01,5,11880,买盘
894,13:55:36,23.75,-0.01,11,26125,卖盘
895,13:55:33,23.76,0.01,3,7128,买盘
896,13:55:30,23.75,-0.01,4,9500,卖盘
897,13:55:27,23.76,--,2,4752,买盘
898,13:55:24,23.76,0.01,12,28512,买盘
899,13:55:18,23.75,-0.01,31,73625,卖盘
900,13:55:15,23.76,--,3,7128,买盘
901,13:55:12,23.76,--,56,133056,买盘
902,13:55:09,23.76,0.01,10,23760,买盘
903,13:55:06,23.75,--,7,16625,卖盘
904,13:54:54,23.75,-0.01,5,11875,卖盘
905,13:54:48,23.76,-0.01,8,19008,买盘
906,13:54:45,23.77,--,2,4754,买盘
907,13:54:42,23.77,--,1,2377,买盘
908,13:54:39,23.77,--,34,80818,买盘
909,13:54:36,23.77,0.01,1,2377,买盘
910,13:54:30,23.76,--,306,727056,卖盘
911,13:54:27,23.76,--,10,23760,卖盘
912,13:54:24,23.76,--,42,99792,卖盘
913,13:54:18,23.76,--,31,73656,卖盘
914,13:54:15,23.76,0.01,32,77718,买盘
915,13:54:12,23.75,-0.01,10,23750,中性盘
916,13:54:03,23.76,0.01,243,578556,买盘
917,13:54:00,23.75,--,30,71250,卖盘
918,13:53:57,23.75,--,26,61750,卖盘
919,13:53:54,23.75,-0.01,2,4750,卖盘
920,13:53:51,23.76,--,3,7128,买盘
921,13:53:48,23.76,0.01,8,19008,买盘
922,13:53:42,23.75,-0.01,35,83125,卖盘
923,13:53:33,23.76,0.01,4,9504,卖盘
924,13:53:30,23.75,-0.01,38,90250,卖盘
925,13:53:27,23.76,--,3,7128,买盘
926,13:53:24,23.76,0.01,6,14256,买盘
927,13:53:21,23.75,-0.01,215,510625,卖盘
928,13:53:18,23.76,0.01,132,313632,买盘
929,13:53:15,23.75,-0.01,19,45125,卖盘
930,13:53:09,23.76,0.01,33,78408,中性盘
931,13:53:03,23.75,-0.02,326,774250,卖盘
932,13:53:00,23.77,--,1,2377,卖盘
933,13:52:57,23.77,0.01,10,23770,卖盘
934,13:52:54,23.76,--,9,21384,卖盘
935,13:52:51,23.76,--,1,2376,卖盘
936,13:52:48,23.76,-0.02,34,80784,卖盘
937,13:52:45,23.78,0.02,36,85608,买盘
938,13:52:42,23.76,-0.01,43,102168,卖盘
939,13:52:39,23.77,0.01,6,14262,买盘
940,13:52:36,23.76,-0.01,10,23760,卖盘
941,13:52:33,23.77,0.01,1,2377,买盘
942,13:52:30,23.76,-0.01,12,28512,卖盘
943,13:52:27,23.77,0.01,2,4754,买盘
944,13:52:24,23.76,-0.01,14,33264,卖盘
945,13:52:21,23.77,--,6,14262,卖盘
946,13:52:18,23.77,--,39,92703,卖盘
947,13:52:12,23.77,0.01,12,28524,买盘
948,13:52:09,23.76,--,2,4752,卖盘
949,13:52:03,23.76,--,49,116424,卖盘
950,13:51:57,23.76,0.01,174,413424,买盘
951,13:51:54,23.75,--,6,15437,卖盘
952,13:51:51,23.75,--,8,19000,卖盘
953,13:51:48,23.75,--,37,87875,卖盘
954,13:51:45,23.75,--,2,4750,卖盘
955,13:51:39,23.75,--,7,16625,卖盘
956,13:51:36,23.75,--,2,4750,卖盘
957,13:51:33,23.75,--,5,11875,卖盘
958,13:51:30,23.75,-0.01,2,4750,卖盘
959,13:51:27,23.76,0.01,7,16632,买盘
960,13:51:24,23.75,-0.01,7,16625,卖盘
961,13:51:21,23.76,--,28,66528,买盘
962,13:51:18,23.76,--,2,4752,买盘
963,13:51:15,23.76,--,119,282744,卖盘
964,13:51:12,23.76,--,16,38016,卖盘
965,13:51:09,23.76,--,35,83160,卖盘
966,13:51:06,23.76,--,59,140184,卖盘
967,13:51:00,23.76,--,119,282744,买盘
968,13:50:51,23.76,--,13,30888,买盘
969,13:50:48,23.76,--,3,7128,买盘
970,13:50:45,23.76,-0.02,865,2055240,卖盘
971,13:50:42,23.78,--,353,839434,卖盘
972,13:50:33,23.78,-0.01,300,713400,卖盘
973,13:50:30,23.79,-0.01,220,525354,卖盘
974,13:50:27,23.8,--,100,238000,买盘
975,13:50:24,23.8,--,4,9520,买盘
976,13:50:21,23.8,-0.02,275,655713,卖盘
977,13:50:18,23.82,0.01,202,481164,买盘
978,13:50:15,23.81,-0.01,50,119050,卖盘
979,13:50:09,23.82,-0.01,4,9528,卖盘
980,13:50:00,23.83,0.02,2,4766,中性盘
981,13:49:54,23.81,--,4,9524,卖盘
982,13:49:48,23.81,-0.01,500,1190500,卖盘
983,13:49:39,23.82,--,20,47640,卖盘
984,13:49:36,23.82,-0.01,20,47640,卖盘
985,13:49:33,23.83,-0.01,20,47660,卖盘
986,13:49:27,23.84,0.01,1,2384,买盘
987,13:49:24,23.83,--,2,4766,卖盘
988,13:49:21,23.83,-0.01,5,11915,卖盘
989,13:49:18,23.84,0.01,2,4768,中性盘
990,13:49:15,23.83,-0.03,500,1191500,卖盘
991,13:49:12,23.86,0.02,100,238600,买盘
992,13:49:09,23.84,-0.02,483,1151472,卖盘
993,13:49:00,23.86,0.01,3,7158,买盘
994,13:48:54,23.85,-0.01,2,4770,卖盘
995,13:48:48,23.86,0.02,4,9544,买盘
996,13:48:36,23.84,--,7,16688,卖盘
997,13:48:33,23.84,-0.01,10,23840,卖盘
998,13:48:30,23.85,--,1,2385,卖盘
999,13:48:27,23.85,--,5,11925,卖盘
1000,13:48:24,23.85,0.01,2,4770,中性盘
1001,13:48:18,23.84,--,24,57216,卖盘
1002,13:48:15,23.84,0.01,16,38144,中性盘
1003,13:47:57,23.83,-0.04,1,2383,卖盘
1004,13:47:54,23.87,--,7,16709,买盘
1005,13:47:51,23.87,0.04,10,23870,买盘
1006,13:47:36,23.83,--,33,80402,买盘
1007,13:47:33,23.83,--,4,9532,买盘
1008,13:47:30,23.83,0.01,10,23830,买盘
1009,13:47:27,23.82,-0.01,71,169122,卖盘
1010,13:47:24,23.83,--,25,59574,买盘
1011,13:47:18,23.83,--,4,9532,买盘
1012,13:47:09,23.83,-0.02,145,346154,卖盘
1013,13:46:54,23.85,-0.02,2,4770,卖盘
1014,13:46:51,23.87,--,10,23870,买盘
1015,13:46:36,23.87,0.02,5,11935,买盘
1016,13:46:24,23.85,0.02,2,4770,中性盘
1017,13:46:09,23.83,-0.01,7,16681,卖盘
1018,13:46:06,23.84,0.01,6,14304,买盘
1019,13:45:54,23.83,-0.01,12,28595,卖盘
1020,13:45:51,23.84,--,7,16688,买盘
1021,13:45:48,23.84,--,3,7152,买盘
1022,13:45:45,23.84,--,2,4768,买盘
1023,13:45:33,23.84,--,1,2384,买盘
1024,13:45:27,23.84,-0.01,7,16688,卖盘
1025,13:45:24,23.85,--,3,7155,卖盘
1026,13:45:21,23.85,--,7,16695,买盘
1027,13:45:18,23.85,0.01,2,4770,买盘
1028,13:45:09,23.84,-0.01,8,19072,卖盘
1029,13:45:06,23.85,--,6,14310,买盘
1030,13:45:03,23.85,0.01,1,2385,买盘
1031,13:44:54,23.84,--,3,7152,买盘
1032,13:44:48,23.84,0.01,3,7152,买盘
1033,13:44:45,23.83,-0.01,0,1763,卖盘
1034,13:44:39,23.84,--,1,2384,买盘
1035,13:44:33,23.84,0.01,1,2384,买盘
1036,13:44:24,23.83,-0.01,2,4766,卖盘
1037,13:44:21,23.84,--,5,11920,买盘
1038,13:44:18,23.84,0.01,2,4768,买盘
1039,13:43:54,23.83,-0.01,2,4766,卖盘
1040,13:43:48,23.84,0.01,19,45296,买盘
1041,13:43:42,23.83,--,5,11915,卖盘
1042,13:43:36,23.83,--,78,185874,卖盘
1043,13:43:33,23.83,--,67,159661,卖盘
1044,13:43:27,23.83,--,2,4766,卖盘
1045,13:43:24,23.83,--,3,7148,卖盘
1046,13:43:18,23.83,--,4,9532,卖盘
1047,13:43:06,23.83,-0.01,3,7148,卖盘
1048,13:43:03,23.84,--,7,16688,买盘
1049,13:42:54,23.84,--,3,7152,买盘
1050,13:42:48,23.84,--,3,7152,买盘
1051,13:42:33,23.84,--,5,11920,中性盘
1052,13:42:24,23.84,-0.01,1,2384,卖盘
1053,13:42:18,23.85,--,2,4770,买盘
1054,13:42:15,23.85,--,5,11925,买盘
1055,13:42:12,23.85,--,2,4770,买盘
1056,13:42:00,23.85,--,121,288585,卖盘
1057,13:41:54,23.85,0.04,2,4770,中性盘
1058,13:41:39,23.81,-0.03,750,1787535,卖盘
1059,13:41:33,23.84,-0.01,6,14304,买盘
1060,13:41:30,23.85,0.02,50,119250,买盘
1061,13:41:24,23.83,-0.02,454,1081882,卖盘
1062,13:41:18,23.85,--,12,28620,买盘
1063,13:41:03,23.85,0.01,1,2385,买盘
1064,13:40:57,23.84,0.01,138,328992,买盘
1065,13:40:54,23.83,-0.01,6,14297,卖盘
1066,13:40:48,23.84,0.01,3,7152,买盘
1067,13:40:24,23.83,-0.01,3,7148,卖盘
1068,13:40:21,23.84,--,1,2384,买盘
1069,13:40:18,23.84,--,2,4768,买盘
1070,13:40:03,23.84,0.01,2,4768,买盘
1071,13:39:57,23.83,--,1,2383,卖盘
1072,13:39:54,23.83,--,2,4766,卖盘
1073,13:39:48,23.83,--,15,35745,卖盘
1074,13:39:45,23.83,--,4,9532,买盘
1075,13:39:42,23.83,0.01,2,4766,买盘
1076,13:39:33,23.82,--,1,2382,卖盘
1077,13:39:30,23.82,--,50,119100,卖盘
1078,13:39:24,23.82,--,1,2382,卖盘
1079,13:39:21,23.82,--,5,11910,卖盘
1080,13:39:15,23.82,--,24,57168,买盘
1081,13:39:09,23.82,0.01,6,14292,买盘
1082,13:39:06,23.81,--,67,159527,卖盘
1083,13:39:03,23.81,--,6,14286,卖盘
1084,13:39:00,23.81,0.01,8,19048,买盘
1085,13:38:54,23.8,--,2,4760,卖盘
1086,13:38:51,23.8,--,51,121380,卖盘
1087,13:38:30,23.8,-0.01,500,1190000,卖盘
1088,13:38:27,23.81,-0.02,20,47620,卖盘
1089,13:38:24,23.83,-0.01,2,4766,卖盘
1090,13:38:21,23.84,--,501,1194384,买盘
1091,13:38:18,23.84,0.02,15,35760,买盘
1092,13:38:15,23.82,-0.02,500,1191000,卖盘
1093,13:38:00,23.84,--,10,23840,买盘
1094,13:37:57,23.84,0.01,86,205024,买盘
1095,13:37:54,23.83,--,22,52425,买盘
1096,13:37:48,23.83,--,3,7148,买盘
1097,13:37:45,23.83,-0.02,567,1351780,卖盘
1098,13:37:39,23.85,--,7,16695,买盘
1099,13:37:33,23.85,--,9,21465,买盘
1100,13:37:24,23.85,--,42,100170,买盘
1101,13:37:21,23.85,-0.01,411,980235,卖盘
1102,13:37:18,23.86,--,57,136002,买盘
1103,13:37:15,23.86,0.01,4,9544,买盘
1104,13:37:09,23.85,-0.01,2,4770,卖盘
1105,13:37:06,23.86,0.02,42,100212,买盘
1106,13:37:00,23.84,-0.01,27,64368,卖盘
1107,13:36:54,23.85,-0.01,1,2385,卖盘
1108,13:36:48,23.86,--,3,7158,买盘
1109,13:36:39,23.86,0.01,2,4772,中性盘
1110,13:36:33,23.85,-0.01,20,47700,卖盘
1111,13:36:30,23.86,0.01,2,4772,买盘
1112,13:36:24,23.85,-0.01,2,4770,卖盘
1113,13:36:18,23.86,0.01,2,4772,买盘
1114,13:36:12,23.85,-0.01,5,11925,卖盘
1115,13:36:03,23.86,0.02,1,2386,中性盘
1116,13:35:54,23.84,0.01,12,28608,卖盘
1117,13:35:48,23.83,-0.03,217,519184,卖盘
1118,13:35:42,23.86,--,50,119300,买盘
1119,13:35:39,23.86,--,2,4772,买盘
1120,13:35:33,23.86,--,1,2386,买盘
1121,13:35:27,23.86,0.01,4,9544,买盘
1122,13:35:24,23.85,--,52,124020,卖盘
1123,13:35:18,23.85,-0.02,74,177110,卖盘
1124,13:35:15,23.87,0.01,5,11935,买盘
1125,13:35:09,23.86,-0.01,2,4772,卖盘
1126,13:35:03,23.87,0.01,1,2387,买盘
1127,13:34:54,23.86,-0.01,2,4772,卖盘
1128,13:34:51,23.87,0.01,2,4774,买盘
1129,13:34:48,23.86,--,39,95129,卖盘
1130,13:34:39,23.86,--,67,159862,卖盘
1131,13:34:33,23.86,-0.01,2,5368,卖盘
1132,13:34:24,23.87,0.01,6,16112,买盘
1133,13:34:21,23.86,-0.01,1,2386,卖盘
1134,13:34:18,23.87,-0.02,34,81468,卖盘
1135,13:34:03,23.89,0.01,16,38224,买盘
1136,13:33:57,23.88,--,200,477600,卖盘
1137,13:33:54,23.88,--,1,2388,卖盘
1138,13:33:48,23.88,-0.01,5,11940,卖盘
1139,13:33:45,23.89,0.01,3,7167,买盘
1140,13:33:42,23.88,0.01,73,176401,买盘
1141,13:33:36,23.87,-0.01,55,131595,卖盘
1142,13:33:33,23.88,--,2,4776,卖盘
1143,13:33:30,23.88,--,1,2388,卖盘
1144,13:33:27,23.88,--,18,45061,买盘
1145,13:33:24,23.88,--,276,659088,买盘
1146,13:33:21,23.88,--,2,4776,买盘
1147,13:33:18,23.88,--,18,43294,卖盘
1148,13:33:15,23.88,--,36,88045,卖盘
1149,13:33:06,23.88,-0.01,6,14328,卖盘
1150,13:33:03,23.89,0.01,20,47780,买盘
1151,13:32:54,23.88,--,2,4776,卖盘
1152,13:32:48,23.88,0.02,58,138504,买盘
1153,13:32:45,23.86,-0.02,46,111855,卖盘
1154,13:32:42,23.88,--,6,14328,买盘
1155,13:32:39,23.88,0.02,5,11940,买盘
1156,13:32:33,23.86,--,6,14316,卖盘
1157,13:32:30,23.86,--,9,23549,买盘
1158,13:32:27,23.86,0.01,6,14316,买盘
1159,13:32:24,23.85,-0.01,2,4770,卖盘
1160,13:32:21,23.86,--,7,16702,买盘
1161,13:32:18,23.86,--,7,16702,买盘
1162,13:32:15,23.86,-0.01,8,19088,卖盘
1163,13:32:12,23.87,-0.01,12,28644,卖盘
1164,13:32:03,23.88,--,1,2388,买盘
1165,13:31:57,23.88,0.01,1,2388,买盘
1166,13:31:54,23.87,0.02,2,4774,中性盘
1167,13:31:45,23.85,--,46,111808,卖盘
1168,13:31:42,23.85,--,4,9540,卖盘
1169,13:31:36,23.85,--,16,38160,卖盘
1170,13:31:24,23.85,--,1,2385,卖盘
1171,13:31:15,23.85,--,6,14310,买盘
1172,13:31:12,23.85,--,1,2385,买盘
1173,13:31:06,23.85,--,1,2385,买盘
1174,13:31:03,23.85,0.01,101,240885,买盘
1175,13:30:54,23.84,-0.01,2,4768,卖盘
1176,13:30:48,23.85,0.01,4,9540,买盘
1177,13:30:42,23.84,--,113,271466,买盘
1178,13:30:36,23.84,--,52,123968,买盘
1179,13:30:33,23.84,--,2,4768,买盘
1180,13:30:24,23.84,--,13,30992,买盘
1181,13:30:21,23.84,--,2,4768,买盘
1182,13:30:18,23.84,0.01,5,11920,买盘
1183,13:30:15,23.83,-0.01,153,366696,卖盘
1184,13:30:12,23.84,--,7,16688,卖盘
1185,13:30:09,23.84,--,19,45296,买盘
1186,13:30:06,23.84,--,10,23840,买盘
1187,13:30:03,23.84,--,7,16688,买盘
1188,13:30:00,23.84,0.01,3,7152,买盘
1189,13:29:54,23.83,-0.01,8,19064,卖盘
1190,13:29:48,23.84,0.02,3,7152,买盘
1191,13:29:42,23.82,-0.02,36,87824,卖盘
1192,13:29:39,23.84,0.01,20,47680,买盘
1193,13:29:36,23.83,--,1,2383,卖盘
1194,13:29:33,23.83,--,8,20851,买盘
1195,13:29:30,23.83,0.02,1,2383,买盘
1196,13:29:24,23.81,-0.02,2,4762,卖盘
1197,13:29:18,23.83,0.01,65,155490,买盘
1198,13:29:12,23.82,-0.01,36,87848,卖盘
1199,13:29:06,23.83,--,18,42894,买盘
1200,13:29:03,23.83,--,54,128681,买盘
1201,13:29:00,23.83,--,2,4766,买盘
1202,13:28:57,23.83,--,2,4766,买盘
1203,13:28:54,23.83,0.01,7,16681,买盘
1204,13:28:51,23.82,-0.01,1,2382,卖盘
1205,13:28:48,23.83,--,3,7148,买盘
1206,13:28:42,23.83,0.01,8,19064,买盘
1207,13:28:24,23.82,--,1,2382,卖盘
1208,13:28:21,23.82,-0.01,2,4764,卖盘
1209,13:28:18,23.83,--,4,9532,买盘
1210,13:28:15,23.83,0.01,1,2383,买盘
1211,13:28:12,23.82,--,1,2382,卖盘
1212,13:28:09,23.82,-0.01,36,87824,卖盘
1213,13:27:57,23.83,0.02,10,23830,买盘
1214,13:27:54,23.81,-0.01,62,147622,卖盘
1215,13:27:48,23.82,0.01,2,4764,中性盘
1216,13:27:42,23.81,--,39,94954,卖盘
1217,13:27:36,23.81,--,1,2381,卖盘
1218,13:27:33,23.81,-0.02,14,33334,卖盘
1219,13:27:30,23.83,0.02,2,4766,买盘
1220,13:27:27,23.81,0.01,2,4762,买盘
1221,13:27:24,23.8,-0.01,18,42840,卖盘
1222,13:27:18,23.81,0.01,3,7143,买盘
1223,13:27:12,23.8,--,36,87750,卖盘
1224,13:27:06,23.8,-0.01,622,1482454,卖盘
1225,13:27:00,23.81,--,400,952400,卖盘
1226,13:26:54,23.81,-0.01,2,4762,卖盘
1227,13:26:48,23.82,--,386,919737,卖盘
1228,13:26:42,23.82,--,36,87848,卖盘
1229,13:26:30,23.82,--,1,2382,卖盘
1230,13:26:24,23.82,-0.01,2,4764,卖盘
1231,13:26:18,23.83,--,2,4766,买盘
1232,13:26:12,23.83,--,3,7148,卖盘
1233,13:25:57,23.83,--,1,2383,卖盘
1234,13:25:54,23.83,-0.01,1,2383,中性盘
1235,13:25:45,23.84,--,5,11920,买盘
1236,13:25:42,23.84,0.02,1,2384,买盘
1237,13:25:39,23.82,--,100,238200,卖盘
1238,13:25:30,23.82,0.01,52,123864,买盘
1239,13:25:27,23.81,--,5,11905,卖盘
1240,13:25:24,23.81,-0.01,2,4762,卖盘
1241,13:25:18,23.82,--,2,4764,买盘
1242,13:25:15,23.82,--,18,42876,买盘
1243,13:25:00,23.82,0.01,26,61932,买盘
1244,13:24:54,23.81,-0.01,2,4762,卖盘
1245,13:24:48,23.82,0.01,3,7146,买盘
1246,13:24:42,23.81,-0.01,9,21429,卖盘
1247,13:24:39,23.82,0.01,2,4764,买盘
1248,13:24:36,23.81,--,16,38096,卖盘
1249,13:24:24,23.81,--,2,4762,卖盘
1250,13:24:18,23.81,--,1,2381,卖盘
1251,13:24:12,23.81,--,215,511915,买盘
1252,13:24:09,23.81,0.01,3,7143,买盘
1253,13:24:06,23.8,-0.01,11,26180,卖盘
1254,13:24:03,23.81,0.01,121,288101,买盘
1255,13:24:00,23.8,--,12,28560,卖盘
1256,13:23:54,23.8,-0.01,2,4760,卖盘
1257,13:23:48,23.81,--,3,7143,买盘
1258,13:23:45,23.81,--,5,11905,买盘
1259,13:23:39,23.81,--,35,83335,卖盘
1260,13:23:27,23.81,--,5,11905,卖盘
1261,13:23:24,23.81,-0.01,9,21429,卖盘
1262,13:23:15,23.82,0.01,10,23820,买盘
1263,13:23:09,23.81,--,14,33334,买盘
1264,13:23:03,23.81,--,3,7143,买盘
1265,13:22:54,23.81,--,9,21429,卖盘
1266,13:22:51,23.81,-0.01,2,4762,卖盘
1267,13:22:48,23.82,0.01,3,7146,买盘
1268,13:22:45,23.81,--,4,9524,卖盘
1269,13:22:39,23.81,--,1,2381,卖盘
1270,13:22:33,23.81,-0.01,4,9524,中性盘
1271,13:22:30,23.82,0.02,100,238200,买盘
1272,13:22:24,23.8,-0.02,3,7140,卖盘
1273,13:22:09,23.82,0.02,12,28584,买盘
1274,13:22:06,23.8,--,36,85680,卖盘
1275,13:22:03,23.8,-0.02,5,11900,卖盘
1276,13:21:57,23.82,0.02,1,2382,买盘
1277,13:21:54,23.8,--,17,40460,卖盘
1278,13:21:48,23.8,-0.02,21,49980,卖盘
1279,13:21:45,23.82,--,13,30966,买盘
1280,13:21:42,23.82,0.02,10,23820,买盘
1281,13:21:36,23.8,--,60,142800,卖盘
1282,13:21:27,23.8,--,500,1190000,卖盘
1283,13:21:24,23.8,--,2,5069,卖盘
1284,13:21:21,23.8,-0.02,388,923440,卖盘
1285,13:21:18,23.82,--,5,11910,卖盘
1286,13:21:15,23.82,--,260,619320,卖盘
1287,13:21:09,23.82,--,2,4764,卖盘
1288,13:21:06,23.82,--,10,23820,卖盘
1289,13:21:03,23.82,--,129,307278,买盘
1290,13:21:00,23.82,0.02,5,11910,买盘
1291,13:20:57,23.8,-0.01,600,1428000,卖盘
1292,13:20:54,23.81,-0.01,2,4762,卖盘
1293,13:20:48,23.82,-0.01,369,878958,卖盘
1294,13:20:39,23.83,--,86,204937,卖盘
1295,13:20:24,23.83,-0.01,2,4766,卖盘
1296,13:20:18,23.84,0.01,2,4768,买盘
1297,13:20:03,23.83,--,18,42894,卖盘
1298,13:20:00,23.83,-0.01,46,109617,卖盘
1299,13:19:57,23.84,0.01,13,30992,买盘
1300,13:19:54,23.83,-0.01,1,2383,卖盘
1301,13:19:48,23.84,--,3,7152,买盘
1302,13:19:39,23.84,--,25,59600,买盘
1303,13:19:36,23.84,--,87,209553,卖盘
1304,13:19:24,23.84,--,8,19310,买盘
1305,13:19:21,23.84,--,10,23840,买盘
1306,13:19:18,23.84,0.01,2,4768,买盘
1307,13:19:12,23.83,--,20,47660,卖盘
1308,13:19:09,23.83,-0.01,20,47660,卖盘
1309,13:19:06,23.84,-0.01,6,16449,卖盘
1310,13:18:57,23.85,0.01,9,21703,买盘
1311,13:18:54,23.84,0.01,2,4768,卖盘
1312,13:18:51,23.83,--,50,119149,卖盘
1313,13:18:48,23.83,--,176,419407,卖盘
1314,13:18:45,23.83,-0.01,11,26212,卖盘
1315,13:18:24,23.84,-0.01,2,4768,卖盘
1316,13:18:18,23.85,--,2,4770,买盘
1317,13:18:15,23.85,--,69,164565,卖盘
1318,13:18:12,23.85,-0.01,5,11925,卖盘
1319,13:18:09,23.86,0.01,1,2386,买盘
1320,13:18:03,23.85,-0.01,300,715500,卖盘
1321,13:17:54,23.86,0.01,12,28632,买盘
1322,13:17:39,23.85,0.03,74,176490,买盘
1323,13:17:24,23.82,-0.03,10,23820,卖盘
1324,13:17:21,23.85,0.02,5,11925,买盘
1325,13:17:15,23.83,--,2,4766,卖盘
1326,13:17:12,23.83,--,9,21447,卖盘
1327,13:17:06,23.83,-0.02,6,14297,卖盘
1328,13:16:57,23.85,0.03,25,59625,买盘
1329,13:16:54,23.82,-0.03,2,4764,卖盘
1330,13:16:48,23.85,--,3,7155,买盘
1331,13:16:39,23.85,--,4,9540,卖盘
1332,13:16:36,23.85,--,10,23850,买盘
1333,13:16:33,23.85,--,3,7155,买盘
1334,13:16:27,23.85,0.01,7,16695,买盘
1335,13:16:24,23.84,0.03,2,4768,中性盘
1336,13:16:09,23.81,-0.04,174,414294,卖盘
1337,13:16:00,23.85,0.02,3,7155,买盘
1338,13:15:54,23.83,-0.02,3,7148,卖盘
1339,13:15:51,23.85,0.03,5,11925,买盘
1340,13:15:42,23.82,--,40,95280,卖盘
1341,13:15:30,23.82,-0.01,8,19056,卖盘
1342,13:15:27,23.83,0.01,7,16681,买盘
1343,13:15:24,23.82,-0.01,2,4764,卖盘
1344,13:15:18,23.83,0.01,2,4766,买盘
1345,13:15:12,23.82,--,2,4764,卖盘
1346,13:15:09,23.82,-0.01,200,476400,卖盘
1347,13:15:06,23.83,-0.02,1,2383,卖盘
1348,13:15:03,23.85,--,2,4770,买盘
1349,13:15:00,23.85,--,1,2385,买盘
1350,13:14:57,23.85,0.02,4,9540,买盘
1351,13:14:54,23.83,-0.02,3,7148,中性盘
1352,13:14:36,23.85,--,1,2385,买盘
1353,13:14:30,23.85,--,7,16695,买盘
1354,13:14:24,23.85,--,48,114480,卖盘
1355,13:14:21,23.85,--,12,28620,卖盘
1356,13:14:15,23.85,0.04,112,267120,买盘
1357,13:14:09,23.81,-0.03,200,476200,卖盘
1358,13:14:00,23.84,--,54,128736,买盘
1359,13:13:57,23.84,--,10,23840,买盘
1360,13:13:54,23.84,--,238,567392,卖盘
1361,13:13:48,23.84,--,1,2384,卖盘
1362,13:13:45,23.84,--,64,152576,买盘
1363,13:13:24,23.84,--,4,9536,买盘
1364,13:13:18,23.84,0.02,2,4768,中性盘
1365,13:13:09,23.82,-0.02,220,524040,卖盘
1366,13:13:06,23.84,0.01,300,715200,中性盘
1367,13:12:54,23.83,-0.02,2,4766,卖盘
1368,13:12:48,23.85,-0.01,8,19080,卖盘
1369,13:12:30,23.86,--,47,112142,卖盘
1370,13:12:27,23.86,--,3,7158,卖盘
1371,13:12:24,23.86,--,8,19088,卖盘
1372,13:12:21,23.86,--,1,2386,卖盘
1373,13:12:15,23.86,--,3,7158,买盘
1374,13:12:12,23.86,0.05,1,2386,买盘
1375,13:12:09,23.81,-0.02,200,476200,卖盘
1376,13:11:57,23.83,-0.01,5,11915,卖盘
1377,13:11:54,23.84,0.01,27,64368,买盘
1378,13:11:45,23.83,--,1,2383,卖盘
1379,13:11:42,23.83,--,14,33362,买盘
1380,13:11:36,23.83,--,2,4766,买盘
1381,13:11:24,23.83,0.02,6,14297,买盘
1382,13:11:18,23.81,-0.02,5,11905,卖盘
1383,13:11:15,23.83,0.03,5,11915,买盘
1384,13:11:06,23.8,-0.02,200,476000,卖盘
1385,13:11:00,23.82,0.01,3,7146,买盘
1386,13:10:54,23.81,0.01,11,26191,买盘
1387,13:10:36,23.8,--,70,166600,卖盘
1388,13:10:33,23.8,--,5,11900,卖盘
1389,13:10:30,23.8,0.01,140,333200,买盘
1390,13:10:27,23.79,--,30,71370,卖盘
1391,13:10:24,23.79,-0.01,6,14274,卖盘
1392,13:10:21,23.8,--,41,97580,买盘
1393,13:10:18,23.8,--,2,4760,买盘
1394,13:10:15,23.8,--,33,78540,买盘
1395,13:10:12,23.8,--,326,775880,买盘
1396,13:10:09,23.8,0.01,7,16660,买盘
1397,13:10:06,23.79,-0.01,302,718458,卖盘
1398,13:10:00,23.8,--,346,823480,卖盘
1399,13:09:54,23.8,--,2,4760,卖盘
1400,13:09:51,23.8,-0.01,189,449820,卖盘
1401,13:09:48,23.81,--,11,26191,卖盘
1402,13:09:42,23.81,-0.01,77,183337,卖盘
1403,13:09:39,23.82,--,3,7146,买盘
1404,13:09:36,23.82,--,8,19056,买盘
1405,13:09:33,23.82,-0.01,166,395816,卖盘
1406,13:09:27,23.83,0.01,20,47660,买盘
1407,13:09:24,23.82,--,2,4764,卖盘
1408,13:09:21,23.82,-0.02,77,183414,卖盘
1409,13:09:18,23.84,0.01,2,4768,买盘
1410,13:09:15,23.83,--,11,26212,卖盘
1411,13:09:09,23.83,-0.01,40,95320,卖盘
1412,13:09:06,23.84,--,202,481568,买盘
1413,13:09:00,23.84,0.01,9,21456,买盘
1414,13:08:57,23.83,--,2,4766,卖盘
1415,13:08:54,23.83,-0.01,1,2383,卖盘
1416,13:08:48,23.84,-0.02,59,140656,卖盘
1417,13:08:36,23.86,--,5,11930,买盘
1418,13:08:27,23.86,--,1,2386,买盘
1419,13:08:24,23.86,0.02,22,52492,买盘
1420,13:08:21,23.84,-0.02,2,4768,中性盘
1421,13:08:12,23.86,--,20,47720,买盘
1422,13:08:09,23.86,0.03,7,16702,买盘
1423,13:08:06,23.83,-0.03,200,476599,卖盘
1424,13:08:03,23.86,0.01,1,2386,买盘
1425,13:08:00,23.85,--,2,4770,卖盘
1426,13:07:54,23.85,-0.01,6,14310,卖盘
1427,13:07:51,23.86,--,9,21474,买盘
1428,13:07:48,23.86,--,1,2386,买盘
1429,13:07:39,23.86,-0.01,7,16702,卖盘
1430,13:07:36,23.87,--,1,2387,买盘
1431,13:07:33,23.87,0.01,63,150381,买盘
1432,13:07:24,23.86,-0.01,2,4772,卖盘
1433,13:07:21,23.87,--,1,2387,买盘
1434,13:07:15,23.87,0.03,7,16709,买盘
1435,13:07:12,23.84,--,5,11920,卖盘
1436,13:07:06,23.84,-0.03,200,476800,卖盘
1437,13:06:54,23.87,-0.01,3,7161,卖盘
1438,13:06:48,23.88,--,5,11940,买盘
1439,13:06:45,23.88,0.01,1,2388,买盘
1440,13:06:30,23.87,--,1,2387,卖盘
1441,13:06:27,23.87,--,2,4774,卖盘
1442,13:06:24,23.87,0.03,1,2387,中性盘
1443,13:06:15,23.84,--,9,21456,卖盘
1444,13:06:03,23.84,-0.03,201,479184,卖盘
1445,13:05:54,23.87,0.01,2,4774,中性盘
1446,13:05:36,23.86,--,11,26246,卖盘
1447,13:05:27,23.86,--,2,4772,卖盘
1448,13:05:24,23.86,--,13,31018,卖盘
1449,13:05:21,23.86,--,1,2386,卖盘
1450,13:05:18,23.86,--,2,4772,卖盘
1451,13:05:15,23.86,0.01,34,81124,中性盘
1452,13:05:03,23.85,-0.02,200,477000,卖盘
1453,13:05:00,23.87,0.01,10,23870,买盘
1454,13:04:54,23.86,-0.01,4,9591,卖盘
1455,13:04:48,23.87,--,124,295988,卖盘
1456,13:04:45,23.87,--,8,21435,卖盘
1457,13:04:33,23.87,--,1,2387,卖盘
1458,13:04:24,23.87,-0.01,2,4774,卖盘
1459,13:04:18,23.88,0.01,2,4776,中性盘
1460,13:04:03,23.87,-0.01,200,477400,卖盘
1461,13:03:57,23.88,--,3,7164,卖盘
1462,13:03:54,23.88,-0.01,2,4776,卖盘
1463,13:03:48,23.89,0.02,3,7167,买盘
1464,13:03:33,23.87,-0.01,5,11935,卖盘
1465,13:03:24,23.88,-0.01,1,2388,卖盘
1466,13:03:21,23.89,0.02,2,4778,买盘
1467,13:03:12,23.87,--,1,2387,卖盘
1468,13:03:03,23.87,-0.02,206,491722,卖盘
1469,13:02:57,23.89,--,1,2389,卖盘
1470,13:02:54,23.89,0.01,2,4778,中性盘
1471,13:02:24,23.88,-0.03,2,4776,中性盘
1472,13:02:06,23.91,0.04,1,2391,买盘
1473,13:02:03,23.87,-0.04,200,477400,卖盘
1474,13:01:54,23.91,--,31,74121,买盘
1475,13:01:51,23.91,--,50,119550,买盘
1476,13:01:48,23.91,-0.01,6,14346,卖盘
1477,13:01:33,23.92,--,5,11960,买盘
1478,13:01:27,23.92,0.02,5,11960,买盘
1479,13:01:24,23.9,0.01,5,11950,中性盘
1480,13:01:21,23.89,-0.03,400,955600,卖盘
1481,13:01:18,23.92,0.01,2,4784,买盘
1482,13:01:06,23.91,0.01,10,23910,买盘
1483,13:01:03,23.9,--,200,478000,卖盘
1484,13:00:57,23.9,0.01,106,253339,买盘
1485,13:00:54,23.89,-0.01,1,2389,卖盘
1486,13:00:51,23.9,--,72,172080,买盘
1487,13:00:48,23.9,0.01,3,7170,买盘
1488,13:00:33,23.89,--,3,7167,买盘
1489,13:00:30,23.89,--,13,31057,买盘
1490,13:00:27,23.89,--,100,238900,买盘
1491,13:00:24,23.89,--,2,4778,买盘
1492,13:00:09,23.89,--,73,174397,买盘
1493,13:00:06,23.89,0.02,3,7167,买盘
1494,13:00:03,23.87,0.01,286,682682,卖盘
1495,13:00:00,23.86,--,0,0,卖盘
1496,11:30:00,23.86,-0.01,200,477200,卖盘
1497,11:29:51,23.87,--,1,2387,买盘
1498,11:29:48,23.87,--,3,7161,买盘
1499,11:29:45,23.87,0.01,3,7161,买盘
1500,11:29:21,23.86,--,1,2386,卖盘
1501,11:29:18,23.86,0.01,11,26246,买盘
1502,11:29:09,23.85,--,40,95400,卖盘
1503,11:28:57,23.85,-0.02,526,1254510,卖盘
1504,11:28:54,23.87,--,9,21483,买盘
1505,11:28:51,23.87,--,215,513205,卖盘
1506,11:28:48,23.87,-0.03,71,169477,卖盘
1507,11:28:36,23.9,0.03,2,4780,买盘
1508,11:28:33,23.87,-0.01,504,1203048,卖盘
1509,11:28:30,23.88,-0.02,22,52536,卖盘
1510,11:28:27,23.9,0.02,17,40630,买盘
1511,11:28:21,23.88,-0.02,47,112236,卖盘
1512,11:28:18,23.9,--,2,4780,买盘
1513,11:28:15,23.9,-0.02,93,222270,卖盘
1514,11:28:12,23.92,0.02,1,2392,买盘
1515,11:28:09,23.9,0.04,10,23900,中性盘
1516,11:27:57,23.86,-0.04,700,1670200,卖盘
1517,11:27:54,23.9,--,103,246169,买盘
1518,11:27:51,23.9,0.03,10,23900,买盘
1519,11:27:48,23.87,-0.03,603,1439361,卖盘
1520,11:27:45,23.9,0.01,10,23900,中性盘
1521,11:27:39,23.89,--,306,732754,卖盘
1522,11:27:30,23.89,-0.01,45,107505,卖盘
1523,11:27:27,23.9,-0.02,7,17399,卖盘
1524,11:27:21,23.92,0.02,11,26312,买盘
1525,11:27:18,23.9,0.01,12,30400,中性盘
1526,11:26:57,23.89,-0.01,200,477800,卖盘
1527,11:26:54,23.9,--,20,47800,卖盘
1528,11:26:21,23.9,--,52,124279,买盘
1529,11:26:18,23.9,--,2,4780,买盘
1530,11:26:09,23.9,-0.03,41,97990,卖盘
1531,11:26:03,23.93,0.04,20,47860,中性盘
1532,11:25:57,23.89,-0.04,237,566193,卖盘
1533,11:25:48,23.93,--,4,9572,卖盘
1534,11:25:42,23.93,--,10,23930,买盘
1535,11:25:33,23.93,--,5,11965,买盘
1536,11:25:27,23.93,--,2,4786,买盘
1537,11:25:24,23.93,0.01,2,4786,买盘
1538,11:25:21,23.92,--,15,35880,买盘
1539,11:25:18,23.92,--,2,4784,买盘
1540,11:25:15,23.92,--,10,23920,买盘
1541,11:25:00,23.92,--,3,7176,买盘
1542,11:24:57,23.92,--,202,483184,买盘
1543,11:24:51,23.92,0.03,16,38272,买盘
1544,11:24:39,23.89,--,11,26279,卖盘
1545,11:24:36,23.89,0.01,13,31057,中性盘
1546,11:24:27,23.88,-0.04,72,171936,卖盘
1547,11:24:18,23.92,0.04,2,4784,买盘
1548,11:24:15,23.88,-0.03,4,9552,卖盘
1549,11:24:12,23.91,0.03,1,2391,中性盘
1550,11:23:54,23.88,-0.01,200,477600,卖盘
1551,11:23:51,23.89,-0.03,60,143340,卖盘
1552,11:23:48,23.92,0.01,3,7176,买盘
1553,11:23:39,23.91,-0.02,5,11955,中性盘
1554,11:23:12,23.93,0.04,1,2393,中性盘
1555,11:22:54,23.89,-0.01,203,484967,卖盘
1556,11:22:51,23.9,-0.03,80,191200,卖盘
1557,11:22:48,23.93,0.03,1,2393,买盘
1558,11:22:45,23.9,--,5,11950,卖盘
1559,11:22:36,23.9,-0.01,2,4780,卖盘
1560,11:22:30,23.91,-0.02,1,2391,卖盘
1561,11:22:21,23.93,0.02,2,4786,买盘
1562,11:22:18,23.91,0.01,1,2391,中性盘
1563,11:22:06,23.9,0.02,9,21510,中性盘
1564,11:21:54,23.88,-0.02,200,477600,卖盘
1565,11:21:48,23.9,0.01,3,7170,买盘
1566,11:21:33,23.89,-0.01,70,167230,卖盘
1567,11:21:30,23.9,0.01,100,239000,买盘
1568,11:21:27,23.89,--,10,23890,卖盘
1569,11:21:24,23.89,-0.01,10,23890,卖盘
1570,11:21:21,23.9,--,18,43020,买盘
1571,11:21:18,23.9,--,78,186420,卖盘
1572,11:21:15,23.9,--,15,35850,卖盘
1573,11:20:57,23.9,--,9,21510,卖盘
1574,11:20:54,23.9,-0.02,200,478000,卖盘
1575,11:20:45,23.92,0.02,63,150696,买盘
1576,11:20:39,23.9,-0.02,22,52580,卖盘
1577,11:20:33,23.92,0.02,8,19136,买盘
1578,11:20:15,23.9,-0.02,2,4780,卖盘
1579,11:20:03,23.92,0.02,5,11960,买盘
1580,11:19:54,23.9,-0.02,200,478000,卖盘
1581,11:19:48,23.92,0.02,8,19136,中性盘
1582,11:19:42,23.9,-0.02,251,599890,卖盘
1583,11:19:36,23.92,-0.01,200,478400,卖盘
1584,11:19:33,23.93,--,2,4786,买盘
1585,11:19:27,23.93,--,24,57432,买盘
1586,11:19:21,23.93,--,5,11965,买盘
1587,11:19:18,23.93,0.01,12,28716,买盘
1588,11:19:12,23.92,--,24,57408,卖盘
1589,11:19:00,23.92,-0.02,4,9568,卖盘
1590,11:18:54,23.94,0.03,68,162792,买盘
1591,11:18:51,23.91,-0.02,200,478200,卖盘
1592,11:18:48,23.93,--,24,57432,买盘
1593,11:18:45,23.93,-0.01,2,4786,中性盘
1594,11:18:30,23.94,--,80,191520,买盘
1595,11:18:18,23.94,--,102,244188,买盘
1596,11:18:09,23.94,-0.01,4,9576,买盘
1597,11:18:03,23.95,0.01,10,23950,卖盘
1598,11:18:00,23.94,-0.02,4,9576,买盘
1599,11:17:54,23.96,0.04,77,184492,买盘
1600,11:17:51,23.92,-0.03,200,478400,卖盘
1601,11:17:48,23.95,--,3,7185,买盘
1602,11:17:45,23.95,0.01,1,2395,买盘
1603,11:17:42,23.94,--,5,11970,买盘
1604,11:17:39,23.94,--,14,33516,卖盘
1605,11:17:36,23.94,--,6,14364,卖盘
1606,11:17:33,23.94,-0.01,1,2394,卖盘
1607,11:17:30,23.95,0.03,11,26345,中性盘
1608,11:16:51,23.92,-0.03,200,478400,卖盘
1609,11:16:45,23.95,-0.05,3,7185,卖盘
1610,11:16:42,24.0,0.05,200,480000,买盘
1611,11:16:39,23.95,--,6,14370,卖盘
1612,11:16:33,23.95,-0.01,57,136515,卖盘
1613,11:16:30,23.96,--,8,19168,买盘
1614,11:16:24,23.96,--,26,62296,卖盘
1615,11:16:12,23.96,-0.04,52,124592,卖盘
1616,11:16:06,24.0,--,71,170400,买盘
1617,11:15:51,24.0,--,221,530400,卖盘
1618,11:15:45,24.0,--,60,144000,卖盘
1619,11:15:30,24.0,--,5,12000,卖盘
1620,11:15:18,24.0,--,12,28800,卖盘
1621,11:15:15,24.0,-0.04,30,72000,卖盘
1622,11:15:09,24.04,-0.01,6,14424,卖盘
1623,11:15:06,24.05,--,32,76960,卖盘
1624,11:15:03,24.05,--,1,2405,卖盘
1625,11:15:00,24.05,0.05,220,529100,买盘
1626,11:14:51,24.0,-0.04,200,480000,卖盘
1627,11:14:48,24.04,-0.01,5,12020,卖盘
1628,11:14:45,24.05,--,1,2405,买盘
1629,11:14:42,24.05,--,12,28860,买盘
1630,11:14:39,24.05,--,52,125060,卖盘
1631,11:14:36,24.05,--,13,31265,卖盘
1632,11:14:30,24.05,--,12,28860,卖盘
1633,11:14:27,24.05,--,10,24050,卖盘
1634,11:14:24,24.05,-0.02,35,84175,卖盘
1635,11:14:18,24.07,0.02,70,168490,买盘
1636,11:14:09,24.05,-0.02,8,19240,卖盘
1637,11:14:00,24.07,0.02,13,31291,买盘
1638,11:13:57,24.05,0.01,197,473785,买盘
1639,11:13:54,24.04,0.09,198,475992,买盘
1640,11:13:51,23.95,-0.08,200,479000,卖盘
1641,11:13:45,24.03,0.01,66,158598,买盘
1642,11:13:42,24.02,--,49,117698,买盘
1643,11:13:39,24.02,0.02,212,509224,买盘
1644,11:13:36,24.0,0.04,156,374400,买盘
1645,11:13:33,23.96,--,1,2396,卖盘
1646,11:13:24,23.96,-0.04,20,47920,卖盘
1647,11:13:15,24.0,0.04,6,14400,买盘
1648,11:13:09,23.96,--,40,95840,卖盘
1649,11:12:48,23.96,-0.04,349,836204,卖盘
1650,11:12:45,24.0,--,200,480000,卖盘
1651,11:12:39,24.0,0.01,72,172800,买盘
1652,11:12:33,23.99,-0.01,2,4798,卖盘
1653,11:12:24,24.0,--,20,48000,买盘
1654,11:12:09,24.0,0.02,12,28800,买盘
1655,11:12:06,23.98,0.02,2,4796,中性盘
1656,11:11:48,23.96,-0.04,200,479200,卖盘
1657,11:11:45,24.0,--,2,4800,买盘
1658,11:11:42,24.0,--,28,67200,买盘
1659,11:11:39,24.0,--,10,24000,买盘
1660,11:11:30,24.0,--,91,218400,买盘
1661,11:11:27,24.0,--,10,24000,卖盘
1662,11:11:24,24.0,--,34,81600,卖盘
1663,11:11:12,24.0,--,6,14400,买盘
1664,11:11:06,24.0,--,39,93600,买盘
1665,11:10:57,24.0,--,35,84000,买盘
1666,11:10:54,24.0,--,10,24000,买盘
1667,11:10:48,24.0,--,216,518400,卖盘
1668,11:10:42,24.0,-0.01,114,273600,卖盘
1669,11:10:39,24.01,0.01,13,31213,买盘
1670,11:10:36,24.0,-0.01,7,16800,卖盘
1671,11:10:33,24.01,0.01,17,40817,买盘
1672,11:10:27,24.0,-0.01,8,19200,卖盘
1673,11:10:24,24.01,0.01,65,156065,买盘
1674,11:10:21,24.0,0.05,26,62400,买盘
1675,11:10:12,23.95,-0.05,77,184415,卖盘
1676,11:10:09,24.0,--,92,220800,卖盘
1677,11:10:06,24.0,--,1,2400,卖盘
1678,11:10:03,24.0,--,10,24000,卖盘
1679,11:09:57,24.0,0.06,38,91200,买盘
1680,11:09:51,23.94,0.03,3,7182,卖盘
1681,11:09:48,23.91,-0.09,200,478200,卖盘
1682,11:09:42,24.0,0.06,5,12000,买盘
1683,11:09:24,23.94,-0.06,5,11970,卖盘
1684,11:09:18,24.0,0.06,19,45600,买盘
1685,11:09:12,23.94,-0.06,5,11970,中性盘
1686,11:09:00,24.0,--,1,2400,买盘
1687,11:08:54,24.0,--,2,4800,买盘
1688,11:08:48,24.0,--,202,484800,买盘
1689,11:08:45,24.0,--,1,2400,卖盘
1690,11:08:39,24.0,-0.03,6,14400,卖盘
1691,11:08:18,24.03,--,2,4806,买盘
1692,11:08:09,24.03,--,4,9612,卖盘
1693,11:08:06,24.03,--,34,81702,卖盘
1694,11:07:54,24.03,0.04,70,168210,买盘
1695,11:07:51,23.99,--,45,107955,买盘
1696,11:07:48,23.99,--,6,14393,买盘
1697,11:07:45,23.99,-0.04,144,345456,卖盘
1698,11:07:39,24.03,-0.01,59,141777,卖盘
1699,11:07:36,24.04,0.01,6,14424,买盘
1700,11:07:33,24.03,--,10,24030,卖盘
1701,11:07:27,24.03,--,110,264330,卖盘
1702,11:07:24,24.03,0.01,132,317196,买盘
1703,11:07:21,24.02,--,4,9608,卖盘
1704,11:07:18,24.02,--,15,36030,卖盘
1705,11:07:15,24.02,--,5,12010,卖盘
1706,11:07:12,24.02,--,9,21618,卖盘
1707,11:07:09,24.02,0.02,7,16814,买盘
1708,11:07:06,24.0,--,12,28800,卖盘
1709,11:07:03,24.0,--,53,127200,卖盘
1710,11:07:00,24.0,--,10,24000,卖盘
1711,11:06:54,24.0,0.06,10,24000,卖盘
1712,11:06:48,23.94,--,57,136458,买盘
1713,11:06:45,23.94,-0.06,144,344736,卖盘
1714,11:06:36,24.0,--,3,7200,买盘
1715,11:06:24,24.0,-0.02,1,2400,卖盘
1716,11:06:18,24.02,0.02,2,4804,买盘
1717,11:06:09,24.0,-0.03,20,48000,中性盘
1718,11:05:54,24.03,--,24,57672,买盘
1719,11:05:51,24.03,--,16,38448,买盘
1720,11:05:48,24.03,0.05,3,7209,买盘
1721,11:05:45,23.98,-0.04,208,498784,卖盘
1722,11:05:42,24.02,--,32,76864,卖盘
1723,11:05:39,24.02,-0.01,23,55246,卖盘
1724,11:05:30,24.03,0.01,1,2403,买盘
1725,11:05:27,24.02,--,38,91276,买盘
1726,11:05:18,24.02,--,2,4804,买盘
1727,11:05:15,24.02,0.01,6,14412,买盘
1728,11:05:06,24.01,--,6,14406,买盘
1729,11:05:00,24.01,--,20,48020,卖盘
1730,11:04:54,24.01,-0.02,3,7203,卖盘
1731,11:04:51,24.03,--,38,91314,买盘
1732,11:04:48,24.03,0.03,2,4806,卖盘
1733,11:04:45,24.0,-0.03,210,504000,卖盘
1734,11:04:42,24.03,--,34,81702,买盘
1735,11:04:39,24.03,0.03,5,12015,买盘
1736,11:04:36,24.0,-0.04,1712,4108800,卖盘
1737,11:04:33,24.04,--,2,4808,买盘
1738,11:04:30,24.04,0.02,19,45676,买盘
1739,11:04:27,24.02,-0.02,16,38432,卖盘
1740,11:04:18,24.04,--,5,12020,买盘
1741,11:04:00,24.04,0.03,15,36060,买盘
1742,11:03:57,24.01,0.01,5,12005,买盘
1743,11:03:51,24.0,-0.01,201,482400,卖盘
1744,11:03:48,24.01,--,10,24010,买盘
1745,11:03:45,24.01,-0.04,157,376957,卖盘
1746,11:03:42,24.05,0.03,6,14430,买盘
1747,11:03:39,24.02,-0.03,10,24020,卖盘
1748,11:03:36,24.05,-0.02,273,656565,卖盘
1749,11:03:33,24.07,--,61,146827,卖盘
1750,11:03:30,24.07,--,119,286433,卖盘
1751,11:03:24,24.07,--,10,24070,卖盘
1752,11:03:21,24.07,--,20,48140,卖盘
1753,11:03:18,24.07,--,6,14442,卖盘
1754,11:03:15,24.07,0.01,5,12035,中性盘
1755,11:03:12,24.06,--,30,72180,卖盘
1756,11:03:09,24.06,-0.02,30,72180,卖盘
1757,11:03:06,24.08,0.01,301,724808,买盘
1758,11:03:00,24.07,--,3,7221,买盘
1759,11:02:54,24.07,--,17,40919,买盘
1760,11:02:48,24.07,0.06,3,7221,买盘
1761,11:02:42,24.01,-0.06,200,480200,卖盘
1762,11:02:39,24.07,--,35,84245,卖盘
1763,11:02:36,24.07,-0.01,1,2407,卖盘
1764,11:02:33,24.08,--,2,4816,卖盘
1765,11:02:30,24.08,--,53,127623,卖盘
1766,11:02:27,24.08,-0.01,5,12040,卖盘
1767,11:02:24,24.09,0.01,20,48180,买盘
1768,11:02:21,24.08,-0.01,50,120399,卖盘
1769,11:02:18,24.09,-0.01,106,255354,买盘
1770,11:02:12,24.1,0.02,189,455490,买盘
1771,11:02:06,24.08,--,27,65015,卖盘
1772,11:02:00,24.08,-0.02,2,4816,卖盘
1773,11:01:57,24.1,--,28,67480,买盘
1774,11:01:54,24.1,0.02,20,48200,买盘
1775,11:01:48,24.08,0.1,313,753704,买盘
1776,11:01:45,23.98,--,7,16786,买盘
1777,11:01:42,23.98,-0.08,68,163064,卖盘
1778,11:01:39,24.06,-0.04,11,26466,卖盘
1779,11:01:36,24.1,0.04,413,995330,买盘
1780,11:01:33,24.06,-0.01,8,19248,卖盘
1781,11:01:30,24.07,--,103,247921,买盘
1782,11:01:27,24.07,0.02,46,110722,买盘
1783,11:01:24,24.05,--,25,60125,卖盘
1784,11:01:21,24.05,0.01,19,45695,买盘
1785,11:01:18,24.04,--,24,57696,卖盘
1786,11:01:15,24.04,0.03,172,413488,买盘
1787,11:01:12,24.01,--,452,1085252,卖盘
1788,11:01:09,24.01,--,15,36015,卖盘
1789,11:01:06,24.01,--,7,16807,卖盘
1790,11:01:00,24.01,--,7,16807,卖盘
1791,11:00:57,24.01,0.01,179,429779,买盘
1792,11:00:54,24.0,0.01,170,408000,买盘
1793,11:00:48,23.99,-0.01,19,45581,卖盘
1794,11:00:45,24.0,--,88,211200,卖盘
1795,11:00:42,24.0,-0.01,201,482400,中性盘
1796,11:00:39,24.01,0.01,199,477799,买盘
1797,11:00:36,24.0,--,2,4800,买盘
1798,11:00:27,24.0,--,9,21600,卖盘
1799,11:00:24,24.0,-0.01,19,45600,卖盘
1800,11:00:21,24.01,0.04,58,139258,买盘
1801,11:00:18,23.97,-0.04,1,2397,卖盘
1802,11:00:15,24.01,--,20,48020,买盘
1803,11:00:12,24.01,--,12,28812,买盘
1804,11:00:06,24.01,-0.01,105,252105,中性盘
1805,11:00:03,24.02,--,8,19216,买盘
1806,11:00:00,24.02,--,134,321868,买盘
1807,10:59:57,24.02,--,5,12010,买盘
1808,10:59:54,24.02,--,76,182552,买盘
1809,10:59:51,24.02,--,31,74462,卖盘
1810,10:59:48,24.02,-0.01,10,24020,卖盘
1811,10:59:45,24.03,--,6,14418,买盘
1812,10:59:42,24.03,--,261,627183,买盘
1813,10:59:39,24.03,0.02,81,194643,买盘
1814,10:59:36,24.01,0.05,55,132055,中性盘
1815,10:59:33,23.96,-0.07,25,59900,卖盘
1816,10:59:30,24.03,0.02,267,641601,买盘
1817,10:59:27,24.01,0.01,9,21609,买盘
1818,10:59:21,24.0,--,63,151200,卖盘
1819,10:59:12,24.0,--,14,33600,买盘
1820,10:58:57,24.0,0.06,4,9600,买盘
1821,10:58:54,23.94,--,55,131670,买盘
1822,10:58:51,23.94,--,3,7182,买盘
1823,10:58:48,23.94,--,18,43092,买盘
1824,10:58:42,23.94,-0.07,124,296856,卖盘
1825,10:58:39,24.01,--,100,240100,卖盘
1826,10:58:36,24.01,--,3,7203,卖盘
1827,10:58:33,24.01,-0.01,238,571438,卖盘
1828,10:58:30,24.02,-0.02,15,36030,中性盘
1829,10:58:24,24.04,0.02,113,271652,买盘
1830,10:58:21,24.02,--,7,16814,买盘
1831,10:58:18,24.02,--,7,16814,卖盘
1832,10:58:15,24.02,-0.01,254,610108,中性盘
1833,10:58:12,24.03,0.01,281,675243,买盘
1834,10:58:06,24.02,--,2,4804,买盘
1835,10:58:03,24.02,--,12,28824,买盘
1836,10:57:54,24.02,--,5,12010,买盘
1837,10:57:51,24.02,0.02,117,281034,买盘
1838,10:57:48,24.0,--,58,139200,买盘
1839,10:57:45,24.0,--,14,33600,买盘
1840,10:57:42,24.0,0.01,275,660000,买盘
1841,10:57:39,23.99,0.01,400,959599,买盘
1842,10:57:36,23.98,0.04,305,731390,买盘
1843,10:57:33,23.94,--,5,11970,买盘
1844,10:57:30,23.94,--,23,55062,买盘
1845,10:57:24,23.94,-0.04,7,16758,中性盘
1846,10:57:15,23.98,0.02,523,1254154,买盘
1847,10:57:09,23.96,0.03,357,855372,买盘
1848,10:57:06,23.93,-0.02,2,4786,中性盘
1849,10:56:57,23.95,0.03,416,996320,买盘
1850,10:56:54,23.92,--,5,11960,卖盘
1851,10:56:51,23.92,--,56,134191,买盘
1852,10:56:48,23.92,--,13,31096,买盘
1853,10:56:42,23.92,0.05,19,45448,买盘
1854,10:56:39,23.87,-0.04,200,477400,卖盘
1855,10:56:36,23.91,-0.01,11,26301,卖盘
1856,10:56:27,23.92,0.04,200,478400,买盘
1857,10:56:18,23.88,--,11,26268,卖盘
1858,10:56:15,23.88,-0.02,30,71640,卖盘
1859,10:56:12,23.9,--,86,205540,卖盘
1860,10:56:03,23.9,-0.01,8,20315,买盘
1861,10:56:00,23.91,--,8,19128,买盘
1862,10:55:51,23.91,0.01,17,40647,买盘
1863,10:55:48,23.9,0.04,3,7170,中性盘
1864,10:55:39,23.86,-0.04,200,477200,卖盘
1865,10:55:33,23.9,--,19,45410,卖盘
1866,10:55:30,23.9,-0.01,11,26290,卖盘
1867,10:55:27,23.91,--,95,227145,买盘
1868,10:55:21,23.91,--,7,16737,买盘
1869,10:55:18,23.91,0.01,2,4782,买盘
1870,10:55:15,23.9,-0.01,1,2390,卖盘
1871,10:55:09,23.91,0.01,7,16737,买盘
1872,10:55:06,23.9,0.01,226,540140,买盘
1873,10:54:51,23.89,--,60,144534,买盘
1874,10:54:48,23.89,0.03,3,7167,买盘
1875,10:54:39,23.86,-0.02,200,477200,卖盘
1876,10:54:24,23.88,--,116,277008,买盘
1877,10:54:18,23.88,0.01,2,4776,买盘
1878,10:54:12,23.87,-0.01,5,11935,卖盘
1879,10:54:09,23.88,0.01,2,4776,买盘
1880,10:53:54,23.87,-0.01,103,245861,卖盘
1881,10:53:48,23.88,--,3,7164,买盘
1882,10:53:45,23.88,0.02,2,4776,买盘
1883,10:53:39,23.86,-0.02,200,477200,卖盘
1884,10:53:33,23.88,--,66,157608,买盘
1885,10:53:27,23.88,0.01,7,16716,买盘
1886,10:53:21,23.87,--,6,14990,买盘
1887,10:53:18,23.87,--,82,195734,卖盘
1888,10:53:00,23.87,--,10,23870,卖盘
1889,10:52:57,23.87,--,6,14322,卖盘
1890,10:52:54,23.87,--,74,176638,买盘
1891,10:52:48,23.87,--,3,7161,买盘
1892,10:52:45,23.87,0.01,3,7161,买盘
1893,10:52:42,23.86,0.01,1,2386,中性盘
1894,10:52:39,23.85,-0.02,200,477000,卖盘
1895,10:52:36,23.87,--,28,66836,买盘
1896,10:52:33,23.87,0.01,7,16709,买盘
1897,10:52:30,23.86,--,18,42948,买盘
1898,10:52:27,23.86,--,18,42948,买盘
1899,10:52:24,23.86,-0.01,100,238600,卖盘
1900,10:52:21,23.87,--,20,47740,买盘
1901,10:52:18,23.87,--,8,19096,买盘
1902,10:52:15,23.87,--,53,126511,买盘
1903,10:52:12,23.87,--,1,2387,买盘
1904,10:52:03,23.87,0.02,9,21483,买盘
1905,10:52:00,23.85,--,12,28620,卖盘
1906,10:51:54,23.85,--,10,23850,卖盘
1907,10:51:51,23.85,-0.02,52,124020,卖盘
1908,10:51:45,23.87,0.03,22,52514,买盘
1909,10:51:36,23.84,-0.03,202,481568,卖盘
1910,10:51:33,23.87,--,34,81158,买盘
1911,10:51:30,23.87,-0.02,42,100254,卖盘
1912,10:51:27,23.89,--,6,14334,买盘
1913,10:51:24,23.89,0.02,11,26279,买盘
1914,10:51:18,23.87,-0.01,502,1198274,卖盘
1915,10:51:15,23.88,--,12,28656,卖盘
1916,10:51:03,23.88,-0.02,2,4776,卖盘
1917,10:50:48,23.9,--,20,47800,买盘
1918,10:50:42,23.9,0.01,9,21510,买盘
1919,10:50:39,23.89,0.04,21,50169,买盘
1920,10:50:36,23.85,-0.03,205,488925,卖盘
1921,10:50:33,23.88,-0.01,5,11940,卖盘
1922,10:50:24,23.89,--,36,86004,买盘
1923,10:50:18,23.89,-0.01,2,4778,中性盘
1924,10:50:15,23.9,0.02,9,21510,买盘
1925,10:50:09,23.88,-0.02,4,9552,卖盘
1926,10:50:06,23.9,--,20,47800,买盘
1927,10:50:00,23.9,0.04,20,47800,买盘
1928,10:49:54,23.86,-0.04,50,119300,卖盘
1929,10:49:48,23.9,0.03,8,19120,买盘
1930,10:49:45,23.87,0.01,5,11935,中性盘
1931,10:49:36,23.86,-0.04,200,477200,卖盘
1932,10:49:33,23.9,--,2,4780,卖盘
1933,10:49:30,23.9,--,2,4780,卖盘
1934,10:49:18,23.9,0.01,8,19120,买盘
1935,10:49:12,23.89,-0.01,30,71670,卖盘
1936,10:49:09,23.9,--,198,473220,卖盘
1937,10:49:06,23.9,--,18,43020,卖盘
1938,10:49:03,23.9,--,21,50190,卖盘
1939,10:49:00,23.9,-0.03,2,4780,卖盘
1940,10:48:48,23.93,--,6,14358,买盘
1941,10:48:45,23.93,--,643,1538699,买盘
1942,10:48:39,23.93,-0.01,134,320662,卖盘
1943,10:48:36,23.94,--,1,2394,买盘
1944,10:48:33,23.94,0.01,20,47880,买盘
1945,10:48:27,23.93,-0.02,8,19144,卖盘
1946,10:48:24,23.95,0.01,100,239500,买盘
1947,10:48:21,23.94,--,18,43092,卖盘
1948,10:48:18,23.94,-0.01,32,76608,卖盘
1949,10:48:15,23.95,0.01,68,162860,买盘
1950,10:48:00,23.94,--,1,2394,卖盘
1951,10:47:54,23.94,0.01,23,55062,买盘
1952,10:47:51,23.93,-0.01,4,9572,卖盘
1953,10:47:48,23.94,--,3,7182,买盘
1954,10:47:42,23.94,--,20,47880,买盘
1955,10:47:39,23.94,0.01,23,55062,买盘
1956,10:47:33,23.93,--,4,9572,买盘
1957,10:47:30,23.93,0.01,24,57432,买盘
1958,10:47:27,23.92,0.01,6,14352,中性盘
1959,10:47:24,23.91,-0.01,105,251055,卖盘
1960,10:47:21,23.92,--,11,26312,卖盘
1961,10:47:18,23.92,0.01,21,50232,买盘
1962,10:47:15,23.91,0.01,41,98031,中性盘
1963,10:47:06,23.9,--,13,31069,卖盘
1964,10:47:03,23.9,-0.02,3,7170,卖盘
1965,10:47:00,23.92,0.02,2,4784,买盘
1966,10:46:54,23.9,0.01,173,415382,买盘
1967,10:46:48,23.89,-0.01,22,52558,卖盘
1968,10:46:45,23.9,--,11,26290,买盘
1969,10:46:39,23.9,0.01,4,9560,买盘
1970,10:46:33,23.89,--,26,62114,买盘
1971,10:46:27,23.89,--,5,11945,买盘
1972,10:46:18,23.89,--,30,71670,买盘
1973,10:46:12,23.89,--,6,14334,买盘
1974,10:46:06,23.89,--,2,4778,买盘
1975,10:46:03,23.89,0.02,51,121839,买盘
1976,10:45:54,23.87,--,105,250635,买盘
1977,10:45:51,23.87,--,10,23870,买盘
1978,10:45:48,23.87,0.01,13,31031,买盘
1979,10:45:39,23.86,-0.01,8,19088,卖盘
1980,10:45:33,23.87,0.01,5,11935,买盘
1981,10:45:30,23.86,--,10,23860,卖盘
1982,10:45:21,23.86,-0.01,3,7158,卖盘
1983,10:45:18,23.87,0.01,5,11935,买盘
1984,10:45:12,23.86,-0.01,2,4772,卖盘
1985,10:45:09,23.87,--,4,9548,买盘
1986,10:45:03,23.87,0.02,5,11935,卖盘
1987,10:44:51,23.85,-0.02,20,47700,卖盘
1988,10:44:48,23.87,--,48,114576,卖盘
1989,10:44:45,23.87,0.01,7,16709,买盘
1990,10:44:39,23.86,-0.04,2,4772,中性盘
1991,10:44:09,23.9,0.05,4,9560,买盘
1992,10:44:06,23.85,-0.04,1000,2385000,卖盘
1993,10:43:54,23.89,--,5,11945,卖盘
1994,10:43:51,23.89,-0.01,10,23890,卖盘
1995,10:43:48,23.9,0.01,46,109940,买盘
1996,10:43:45,23.89,-0.01,4,9556,卖盘
1997,10:43:42,23.9,--,39,93210,买盘
1998,10:43:39,23.9,--,2,4780,买盘
1999,10:43:36,23.9,--,25,59750,买盘
2000,10:43:27,23.9,--,8,19120,买盘
2001,10:43:18,23.9,--,3,7170,中性盘
2002,10:43:15,23.9,--,40,95600,卖盘
2003,10:43:09,23.9,--,5,11950,卖盘
2004,10:43:06,23.9,--,40,95600,卖盘
2005,10:43:00,23.9,--,1,2390,卖盘
2006,10:42:54,23.9,--,2,4780,卖盘
2007,10:42:51,23.9,--,2,4780,买盘
2008,10:42:48,23.9,0.01,3,7170,买盘
2009,10:42:45,23.89,-0.01,11,26279,卖盘
2010,10:42:33,23.9,--,42,100380,买盘
2011,10:42:27,23.9,0.01,1,2390,买盘
2012,10:42:21,23.89,-0.01,1,2389,卖盘
2013,10:42:18,23.9,--,134,320260,买盘
2014,10:42:12,23.9,--,35,83650,买盘
2015,10:42:09,23.9,--,15,35850,买盘
2016,10:42:00,23.9,0.01,3,7170,买盘
2017,10:41:51,23.89,-0.01,3,7167,卖盘
2018,10:41:48,23.9,0.01,3,7170,买盘
2019,10:41:33,23.89,0.01,3,7167,买盘
2020,10:41:30,23.88,-0.02,20,47760,卖盘
2021,10:41:12,23.9,0.03,10,23900,买盘
2022,10:41:03,23.87,-0.01,25,59675,卖盘
2023,10:41:00,23.88,0.01,72,171936,买盘
2024,10:40:57,23.87,-0.01,26,62062,卖盘
2025,10:40:51,23.88,--,1,2388,买盘
2026,10:40:48,23.88,--,3,7164,买盘
2027,10:40:42,23.88,--,2,4776,买盘
2028,10:40:39,23.88,--,62,148056,买盘
2029,10:40:36,23.88,0.01,11,26268,买盘
2030,10:40:33,23.87,-0.01,13,31031,卖盘
2031,10:40:30,23.88,--,7,16716,买盘
2032,10:40:27,23.88,--,12,28656,买盘
2033,10:40:24,23.88,--,1,2388,买盘
2034,10:40:21,23.88,--,10,23880,买盘
2035,10:40:18,23.88,--,2,4776,买盘
2036,10:40:15,23.88,0.01,7,16716,买盘
2037,10:40:12,23.87,-0.01,30,71610,卖盘
2038,10:40:09,23.88,0.01,2,4776,买盘
2039,10:39:57,23.87,--,33,80752,买盘
2040,10:39:54,23.87,0.01,22,52919,卖盘
2041,10:39:51,23.86,-0.02,43,102598,卖盘
2042,10:39:48,23.88,--,10,23880,买盘
2043,10:39:45,23.88,0.01,60,143280,买盘
2044,10:39:42,23.87,0.01,4,9548,中性盘
2045,10:39:39,23.86,-0.02,187,448162,卖盘
2046,10:39:33,23.88,0.01,70,167160,买盘
2047,10:39:30,23.87,--,2,4774,卖盘
2048,10:39:24,23.87,--,29,69223,卖盘
2049,10:39:21,23.87,-0.01,6,14322,卖盘
2050,10:39:18,23.88,--,2,4776,买盘
2051,10:39:15,23.88,--,84,200592,卖盘
2052,10:39:12,23.88,--,10,23880,卖盘
2053,10:39:06,23.88,-0.02,72,171936,卖盘
2054,10:39:03,23.9,--,2,4780,买盘
2055,10:38:57,23.9,--,25,59750,买盘
2056,10:38:54,23.9,--,2,4780,买盘
2057,10:38:48,23.9,--,3,7170,买盘
2058,10:38:45,23.9,--,21,50190,买盘
2059,10:38:42,23.9,--,90,215100,卖盘
2060,10:38:36,23.9,--,20,47800,卖盘
2061,10:38:33,23.9,-0.01,25,59750,卖盘
2062,10:38:30,23.91,0.01,2,4782,买盘
2063,10:38:27,23.9,--,1,2390,卖盘
2064,10:38:24,23.9,-0.01,10,23900,卖盘
2065,10:38:18,23.91,0.01,2,4782,买盘
2066,10:38:15,23.9,--,52,124279,卖盘
2067,10:38:12,23.9,--,2,4780,卖盘
2068,10:38:09,23.9,--,10,23900,卖盘
2069,10:38:03,23.9,-0.02,10,23900,卖盘
2070,10:37:48,23.92,--,4,9568,买盘
2071,10:37:42,23.92,0.02,4,9568,买盘
2072,10:37:39,23.9,-0.02,953,2277670,卖盘
2073,10:37:30,23.92,--,6,14352,买盘
2074,10:37:27,23.92,--,5,11960,买盘
2075,10:37:24,23.92,-0.02,6,14352,卖盘
2076,10:37:18,23.94,0.02,4,9576,买盘
2077,10:37:15,23.92,--,5,11960,买盘
2078,10:37:12,23.92,--,1,2392,中性盘
2079,10:37:09,23.92,--,5,11960,卖盘
2080,10:37:03,23.92,-0.01,401,959192,卖盘
2081,10:36:48,23.93,-0.01,3,7179,中性盘
2082,10:36:39,23.94,0.01,36,86184,买盘
2083,10:36:36,23.93,-0.01,2,4786,中性盘
2084,10:36:33,23.94,-0.01,2,4788,买盘
2085,10:36:21,23.95,--,14,33530,卖盘
2086,10:36:18,23.95,--,170,407150,买盘
2087,10:36:15,23.95,0.01,22,52690,买盘
2088,10:36:12,23.94,--,5,11970,卖盘
2089,10:35:57,23.94,-0.01,73,176342,卖盘
2090,10:35:51,23.95,0.01,13,31135,中性盘
2091,10:35:48,23.94,-0.03,20,47880,卖盘
2092,10:35:45,23.97,0.07,405,970785,买盘
2093,10:35:39,23.9,-0.05,50,119500,卖盘
2094,10:35:36,23.95,0.01,271,649045,买盘
2095,10:35:33,23.94,0.01,2,4788,买盘
2096,10:35:30,23.93,--,40,95720,卖盘
2097,10:35:27,23.93,--,24,57432,卖盘
2098,10:35:24,23.93,-0.01,51,122043,卖盘
2099,10:35:21,23.94,0.01,2,4788,买盘
2100,10:35:18,23.93,-0.01,152,363736,卖盘
2101,10:35:15,23.94,--,4,9576,买盘
2102,10:35:12,23.94,--,13,31122,买盘
2103,10:35:09,23.94,--,10,23940,买盘
2104,10:35:03,23.94,-0.01,140,335160,卖盘
2105,10:34:54,23.95,--,26,62270,买盘
2106,10:34:48,23.95,--,13,31135,买盘
2107,10:34:45,23.95,--,40,95800,买盘
2108,10:34:39,23.95,-0.01,123,294585,卖盘
2109,10:34:36,23.96,--,159,380964,买盘
2110,10:34:30,23.96,0.01,20,47920,买盘
2111,10:34:27,23.95,-0.01,27,64665,卖盘
2112,10:34:24,23.96,--,51,122196,买盘
2113,10:34:21,23.96,--,184,441678,卖盘
2114,10:34:18,23.96,--,43,103028,卖盘
2115,10:34:15,23.96,-0.01,2,4792,卖盘
2116,10:34:12,23.97,-0.01,75,179775,买盘
2117,10:34:09,23.98,0.02,7,16786,买盘
2118,10:34:06,23.96,-0.01,5,13585,卖盘
2119,10:34:03,23.97,--,4,9588,卖盘
2120,10:34:00,23.97,-0.01,55,131835,卖盘
2121,10:33:57,23.98,0.01,9,21582,买盘
2122,10:33:54,23.97,--,116,278052,卖盘
2123,10:33:51,23.97,--,5,11985,卖盘
2124,10:33:48,23.97,--,5,11985,卖盘
2125,10:33:45,23.97,0.01,89,215706,买盘
2126,10:33:42,23.96,--,33,79068,买盘
2127,10:33:39,23.96,--,78,186888,买盘
2128,10:33:36,23.96,0.01,7,16772,买盘
2129,10:33:30,23.95,--,82,196390,卖盘
2130,10:33:27,23.95,-0.01,35,83825,卖盘
2131,10:33:24,23.96,0.01,31,74276,买盘
2132,10:33:18,23.95,--,3,7185,卖盘
2133,10:33:15,23.95,--,10,23950,卖盘
2134,10:33:12,23.95,--,9,21555,卖盘
2135,10:33:09,23.95,0.01,209,500555,买盘
2136,10:33:06,23.94,0.01,17,40698,买盘
2137,10:33:00,23.93,--,5,11965,卖盘
2138,10:32:57,23.93,--,5,11965,卖盘
2139,10:32:54,23.93,--,1,2393,卖盘
2140,10:32:51,23.93,0.01,44,105292,买盘
2141,10:32:48,23.92,-0.01,113,270296,卖盘
2142,10:32:45,23.93,--,42,100506,买盘
2143,10:32:42,23.93,0.01,1,2393,买盘
2144,10:32:39,23.92,-0.01,133,319714,卖盘
2145,10:32:36,23.93,--,63,150759,买盘
2146,10:32:27,23.93,0.01,33,78969,买盘
2147,10:32:24,23.92,-0.01,5,11960,卖盘
2148,10:32:18,23.93,--,3,7179,买盘
2149,10:32:15,23.93,--,10,23930,买盘
2150,10:32:12,23.93,0.01,6,14358,买盘
2151,10:32:09,23.92,--,25,59800,卖盘
2152,10:32:06,23.92,--,1,2392,卖盘
2153,10:32:03,23.92,--,7,16744,卖盘
2154,10:32:00,23.92,--,23,55016,卖盘
2155,10:31:57,23.92,0.01,183,437736,买盘
2156,10:31:54,23.91,-0.01,13,31083,卖盘
2157,10:31:51,23.92,0.01,7,16744,买盘
2158,10:31:48,23.91,--,3,7173,卖盘
2159,10:31:45,23.91,--,37,88467,卖盘
2160,10:31:42,23.91,--,10,23910,卖盘
2161,10:31:39,23.91,--,43,102813,买盘
2162,10:31:36,23.91,--,20,47820,买盘
2163,10:31:30,23.91,0.01,29,69339,买盘
2164,10:31:24,23.9,-0.01,146,348940,卖盘
2165,10:31:21,23.91,--,18,43038,卖盘
2166,10:31:18,23.91,--,19,45429,买盘
2167,10:31:15,23.91,--,4,9564,买盘
2168,10:31:09,23.91,0.01,2,4782,买盘
2169,10:31:06,23.9,--,31,74090,买盘
2170,10:30:57,23.9,--,10,23900,买盘
2171,10:30:51,23.9,0.01,90,215100,买盘
2172,10:30:48,23.89,0.01,5,11945,中性盘
2173,10:30:45,23.88,-0.01,30,71640,卖盘
2174,10:30:42,23.89,--,20,47780,买盘
2175,10:30:39,23.89,-0.01,2,4778,中性盘
2176,10:30:36,23.9,--,30,71700,买盘
2177,10:30:33,23.9,0.02,250,597500,买盘
2178,10:30:27,23.88,--,20,47760,卖盘
2179,10:30:24,23.88,--,7,16716,买盘
2180,10:30:21,23.88,--,5,11940,买盘
2181,10:30:18,23.88,--,62,148056,买盘
2182,10:30:15,23.88,-0.01,160,382080,卖盘
2183,10:30:09,23.89,--,10,23890,买盘
2184,10:30:06,23.89,0.01,37,88393,中性盘
2185,10:29:54,23.88,-0.01,300,716400,卖盘
2186,10:29:45,23.89,--,32,76448,买盘
2187,10:29:42,23.89,--,8,19112,买盘
2188,10:29:39,23.89,--,5,11945,买盘
2189,10:29:30,23.89,0.01,1,2389,买盘
2190,10:29:27,23.88,--,1,2388,卖盘
2191,10:29:24,23.88,-0.01,5,11940,卖盘
2192,10:29:18,23.89,--,2,4778,卖盘
2193,10:29:12,23.89,0.01,14,33446,买盘
2194,10:29:09,23.88,0.01,17,40596,买盘
2195,10:29:06,23.87,-0.01,16,38192,卖盘
2196,10:29:03,23.88,--,3,7164,买盘
2197,10:29:00,23.88,--,58,138504,买盘
2198,10:28:57,23.88,--,28,67532,卖盘
2199,10:28:54,23.88,--,10,23880,卖盘
2200,10:28:51,23.88,-0.01,21,50148,卖盘
2201,10:28:48,23.89,-0.01,3,7167,买盘
2202,10:28:42,23.9,0.02,41,97990,买盘
2203,10:28:39,23.88,-0.02,34,81192,卖盘
2204,10:28:36,23.9,--,150,358500,买盘
2205,10:28:24,23.9,-0.02,109,260509,卖盘
2206,10:28:18,23.92,--,2,4784,买盘
2207,10:28:12,23.92,-0.01,189,452088,卖盘
2208,10:28:03,23.93,--,1,2393,买盘
2209,10:27:54,23.93,--,1,2393,卖盘
2210,10:27:48,23.93,--,2,4786,买盘
2211,10:27:45,23.93,--,4,9572,买盘
2212,10:27:42,23.93,--,20,47860,买盘
2213,10:27:39,23.93,0.01,58,138794,买盘
2214,10:27:36,23.92,-0.01,10,23920,卖盘
2215,10:27:21,23.93,--,38,90934,买盘
2216,10:27:18,23.93,0.01,2,4786,中性盘
2217,10:27:09,23.92,0.01,17,40664,卖盘
2218,10:27:06,23.91,-0.03,24,57384,卖盘
2219,10:27:03,23.94,0.02,20,47880,买盘
2220,10:26:54,23.92,0.01,1,2392,买盘
2221,10:26:51,23.91,0.01,3,7173,中性盘
2222,10:26:45,23.9,-0.04,100,239000,卖盘
2223,10:26:39,23.94,0.02,125,299250,买盘
2224,10:26:30,23.92,-0.01,49,117208,卖盘
2225,10:26:27,23.93,--,1,2393,卖盘
2226,10:26:24,23.93,--,3,7179,卖盘
2227,10:26:21,23.93,-0.01,20,47860,卖盘
2228,10:26:18,23.94,0.01,4,9576,买盘
2229,10:26:15,23.93,--,31,74183,卖盘
2230,10:26:12,23.93,--,34,81362,卖盘
2231,10:26:03,23.93,0.03,116,277588,买盘
2232,10:25:57,23.9,-0.02,46,109940,卖盘
2233,10:25:54,23.92,--,2,4784,买盘
2234,10:25:51,23.92,--,10,23920,买盘
2235,10:25:45,23.92,--,67,160264,买盘
2236,10:25:42,23.92,-0.01,12,28704,中性盘
2237,10:25:36,23.93,--,2,4786,买盘
2238,10:25:33,23.93,--,32,76576,买盘
2239,10:25:30,23.93,0.04,6,14358,买盘
2240,10:25:27,23.89,-0.03,16,38224,卖盘
2241,10:25:24,23.92,-0.01,4,9568,卖盘
2242,10:25:21,23.93,0.01,7,16751,买盘
2243,10:25:18,23.92,--,2,4784,卖盘
2244,10:25:15,23.92,--,5,11960,卖盘
2245,10:25:12,23.92,0.01,317,758264,买盘
2246,10:25:09,23.91,0.01,161,384951,买盘
2247,10:25:06,23.9,--,14,33460,买盘
2248,10:25:00,23.9,--,7,16730,买盘
2249,10:24:57,23.9,--,61,145790,卖盘
2250,10:24:48,23.9,--,200,478000,卖盘
2251,10:24:42,23.9,0.01,41,97990,买盘
2252,10:24:39,23.89,--,48,114672,买盘
2253,10:24:36,23.89,--,38,90782,买盘
2254,10:24:33,23.89,-0.01,10,23890,买盘
2255,10:24:24,23.9,--,7,16730,卖盘
2256,10:24:21,23.9,0.02,93,222270,买盘
2257,10:24:18,23.88,-0.01,40,95520,卖盘
2258,10:24:15,23.89,--,5,11945,中性盘
2259,10:24:09,23.89,0.01,10,23890,买盘
2260,10:24:06,23.88,--,20,47760,卖盘
2261,10:23:54,23.88,0.03,421,1007067,买盘
2262,10:23:48,23.85,0.01,2,4770,买盘
2263,10:23:45,23.84,-0.02,1,2384,卖盘
2264,10:23:42,23.86,--,15,35790,买盘
2265,10:23:39,23.86,0.02,15,35790,买盘
2266,10:23:36,23.84,--,1,2384,买盘
2267,10:23:30,23.84,-0.01,32,76288,卖盘
2268,10:23:27,23.85,-0.01,8,19080,卖盘
2269,10:23:18,23.86,0.02,25,59650,买盘
2270,10:23:06,23.84,-0.02,8,19072,卖盘
2271,10:22:57,23.86,0.01,16,38176,买盘
2272,10:22:51,23.85,--,7,16695,买盘
2273,10:22:48,23.85,--,3,7155,买盘
2274,10:22:33,23.85,0.01,14,33390,买盘
2275,10:22:27,23.84,--,4,9536,买盘
2276,10:22:24,23.84,--,72,171648,卖盘
2277,10:22:21,23.84,-0.01,11,26224,卖盘
2278,10:22:18,23.85,0.01,71,169335,买盘
2279,10:22:15,23.84,-0.01,4,9536,卖盘
2280,10:22:00,23.85,0.02,30,71550,买盘
2281,10:21:57,23.83,-0.01,6,14297,卖盘
2282,10:21:51,23.84,--,5,11920,买盘
2283,10:21:48,23.84,0.01,3,7152,买盘
2284,10:21:39,23.83,-0.01,2,4766,卖盘
2285,10:21:36,23.84,--,8,19072,买盘
2286,10:21:33,23.84,0.01,8,19072,买盘
2287,10:21:30,23.83,--,2,4766,买盘
2288,10:21:27,23.83,0.01,1,2383,买盘
2289,10:21:24,23.82,-0.01,5,11910,卖盘
2290,10:21:21,23.83,0.02,6,14297,买盘
2291,10:21:18,23.81,-0.02,33,78573,卖盘
2292,10:21:12,23.83,--,30,71490,买盘
2293,10:21:09,23.83,0.01,18,42894,买盘
2294,10:21:06,23.82,-0.01,17,40494,卖盘
2295,10:21:03,23.83,--,12,28595,买盘
2296,10:21:00,23.83,--,2,4766,买盘
2297,10:20:57,23.83,--,2,4766,买盘
2298,10:20:51,23.83,0.03,177,421790,买盘
2299,10:20:48,23.8,--,13,30940,买盘
2300,10:20:45,23.8,--,27,64260,买盘
2301,10:20:42,23.8,-0.02,62,147560,卖盘
2302,10:20:39,23.82,--,2,4764,买盘
2303,10:20:33,23.82,--,6,14292,买盘
2304,10:20:24,23.82,0.02,2,4764,买盘
2305,10:20:21,23.8,-0.03,80,190400,卖盘
2306,10:20:15,23.83,0.03,221,526643,买盘
2307,10:20:12,23.8,-0.02,34,80920,卖盘
2308,10:20:09,23.82,-0.01,23,54786,中性盘
2309,10:20:03,23.83,0.03,2,4766,买盘
2310,10:19:57,23.8,--,40,95604,卖盘
2311,10:19:54,23.8,-0.02,170,404600,卖盘
2312,10:19:51,23.82,--,2,4764,卖盘
2313,10:19:48,23.82,-0.01,1,2382,卖盘
2314,10:19:42,23.83,--,10,23830,买盘
2315,10:19:39,23.83,0.01,4,9532,买盘
2316,10:19:36,23.82,-0.01,41,97662,卖盘
2317,10:19:30,23.83,--,113,269279,买盘
2318,10:19:27,23.83,-0.01,16,38128,卖盘
2319,10:19:24,23.84,0.01,20,47680,买盘
2320,10:19:21,23.83,-0.01,10,23830,卖盘
2321,10:19:18,23.84,0.01,3,7152,买盘
2322,10:19:15,23.83,-0.01,3,7148,卖盘
2323,10:19:12,23.84,0.01,1,2384,买盘
2324,10:18:57,23.83,-0.01,5,11915,卖盘
2325,10:18:51,23.84,--,10,23840,买盘
2326,10:18:45,23.84,--,100,238400,卖盘
2327,10:18:42,23.84,--,1,2384,卖盘
2328,10:18:33,23.84,-0.01,6,14304,卖盘
2329,10:18:30,23.85,--,76,181260,卖盘
2330,10:18:27,23.85,--,139,331515,卖盘
2331,10:18:24,23.85,--,3,7155,卖盘
2332,10:18:21,23.85,-0.01,69,164565,卖盘
2333,10:18:18,23.86,-0.01,4,9544,买盘
2334,10:18:12,23.87,0.01,5,11935,买盘
2335,10:18:06,23.86,--,113,269618,卖盘
2336,10:18:03,23.86,-0.01,87,208059,卖盘
2337,10:18:00,23.87,--,10,23870,卖盘
2338,10:17:57,23.87,-0.01,33,80680,卖盘
2339,10:17:54,23.88,--,22,52536,买盘
2340,10:17:51,23.88,--,3,7164,买盘
2341,10:17:45,23.88,--,135,323048,卖盘
2342,10:17:39,23.88,--,30,71640,卖盘
2343,10:17:36,23.88,--,212,506256,卖盘
2344,10:17:33,23.88,--,13,31044,卖盘
2345,10:17:27,23.88,--,5,11940,卖盘
2346,10:17:24,23.88,--,20,47760,卖盘
2347,10:17:18,23.88,-0.01,3,7164,卖盘
2348,10:17:15,23.89,--,20,47780,买盘
2349,10:17:06,23.89,--,1,2389,买盘
2350,10:17:03,23.89,0.01,10,23890,中性盘
2351,10:16:57,23.88,-0.01,104,248352,卖盘
2352,10:16:48,23.89,--,20,47780,卖盘
2353,10:16:45,23.89,--,15,35835,买盘
2354,10:16:42,23.89,-0.01,8,19112,卖盘
2355,10:16:39,23.9,0.02,5,11950,买盘
2356,10:16:30,23.88,-0.02,10,23880,卖盘
2357,10:16:21,23.9,--,5,11950,买盘
2358,10:16:09,23.9,-0.01,11,26290,中性盘
2359,10:16:03,23.91,0.01,171,408861,买盘
2360,10:16:00,23.9,0.01,25,59750,买盘
2361,10:15:57,23.89,--,1,2389,买盘
2362,10:15:54,23.89,--,6,14334,买盘
2363,10:15:51,23.89,--,1,2389,买盘
2364,10:15:48,23.89,--,7,16723,卖盘
2365,10:15:39,23.89,--,3,7167,买盘
2366,10:15:36,23.89,-0.01,7,16723,卖盘
2367,10:15:30,23.9,0.01,20,47800,买盘
2368,10:15:27,23.89,-0.01,1,2389,卖盘
2369,10:15:24,23.9,-0.01,4,9560,中性盘
2370,10:15:06,23.91,-0.01,61,145851,卖盘
2371,10:15:03,23.92,0.01,4,9568,买盘
2372,10:14:48,23.91,--,4,9564,卖盘
2373,10:14:42,23.91,0.03,238,569058,买盘
2374,10:14:39,23.88,--,11,26268,卖盘
2375,10:14:36,23.88,--,1,2388,卖盘
2376,10:14:30,23.88,--,1,4107,买盘
2377,10:14:27,23.88,--,6,14996,卖盘
2378,10:14:24,23.88,--,15,35820,卖盘
2379,10:14:15,23.88,--,106,253128,卖盘
2380,10:14:09,23.88,--,29,70971,买盘
2381,10:14:06,23.88,--,5,11940,买盘
2382,10:14:03,23.88,--,5,11940,买盘
2383,10:14:00,23.88,--,2,4776,买盘
2384,10:13:57,23.88,--,29,69252,买盘
2385,10:13:51,23.88,-0.01,128,305664,卖盘
2386,10:13:45,23.89,0.01,10,23890,中性盘
2387,10:13:33,23.88,--,24,57312,买盘
2388,10:13:30,23.88,--,38,90744,买盘
2389,10:13:24,23.88,--,38,90744,买盘
2390,10:13:18,23.88,-0.01,100,238800,卖盘
2391,10:13:15,23.89,--,7,16723,卖盘
2392,10:13:12,23.89,0.01,53,126617,买盘
2393,10:13:09,23.88,-0.01,155,370140,卖盘
2394,10:13:06,23.89,--,3,7167,买盘
2395,10:13:03,23.89,--,10,23890,买盘
2396,10:12:57,23.89,0.01,38,90782,买盘
2397,10:12:51,23.88,-0.01,32,76416,卖盘
2398,10:12:45,23.89,0.01,85,203065,买盘
2399,10:12:42,23.88,--,4,9552,卖盘
2400,10:12:39,23.88,--,3,7164,卖盘
2401,10:12:30,23.88,--,14,33432,卖盘
2402,10:12:27,23.88,--,26,62088,买盘
2403,10:12:24,23.88,0.01,4,9552,买盘
2404,10:12:21,23.87,-0.01,11,26257,中性盘
2405,10:12:18,23.88,0.02,8,19104,买盘
2406,10:12:15,23.86,-0.02,6,14316,卖盘
2407,10:12:12,23.88,--,48,114624,买盘
2408,10:12:00,23.88,--,1,2388,买盘
2409,10:11:57,23.88,--,5,11940,买盘
2410,10:11:54,23.88,-0.01,242,577896,卖盘
2411,10:11:45,23.89,-0.01,45,107505,卖盘
2412,10:11:39,23.9,0.01,5,11950,买盘
2413,10:11:36,23.89,--,10,23890,卖盘
2414,10:11:33,23.89,--,59,140951,买盘
2415,10:11:30,23.89,0.01,34,81226,买盘
2416,10:11:27,23.88,-0.01,1,2388,卖盘
2417,10:11:21,23.89,0.01,7,16723,买盘
2418,10:11:06,23.88,-0.01,65,155220,卖盘
2419,10:11:03,23.89,--,31,74059,买盘
2420,10:11:00,23.89,0.01,10,23890,买盘
2421,10:10:57,23.88,-0.01,21,50148,卖盘
2422,10:10:54,23.89,--,3,7167,卖盘
2423,10:10:51,23.89,--,8,19112,卖盘
2424,10:10:45,23.89,--,2,4778,卖盘
2425,10:10:36,23.89,0.01,7,16723,中性盘
2426,10:10:33,23.88,--,20,47760,卖盘
2427,10:10:24,23.88,--,1,2388,卖盘
2428,10:10:21,23.88,-0.01,225,537300,卖盘
2429,10:10:15,23.89,--,32,76448,买盘
2430,10:10:09,23.89,0.01,1,2389,买盘
2431,10:10:03,23.88,-0.02,12,28656,卖盘
2432,10:10:00,23.9,0.01,17,40630,买盘
2433,10:09:57,23.89,0.01,1,2389,买盘
2434,10:09:54,23.88,-0.01,1,2388,卖盘
2435,10:09:51,23.89,--,5,11945,买盘
2436,10:09:48,23.89,--,38,90782,卖盘
2437,10:09:42,23.89,-0.01,4,9556,中性盘
2438,10:09:39,23.9,--,5,11950,买盘
2439,10:09:36,23.9,--,150,358500,买盘
2440,10:09:30,23.9,0.01,5,11950,买盘
2441,10:09:27,23.89,-0.01,105,250845,卖盘
2442,10:09:24,23.9,--,1,2390,买盘
2443,10:09:18,23.9,--,5,11950,买盘
2444,10:09:15,23.9,--,66,157740,卖盘
2445,10:09:12,23.9,--,180,430200,卖盘
2446,10:09:06,23.9,-0.03,6,14340,卖盘
2447,10:09:03,23.93,-0.01,16,38288,买盘
2448,10:09:00,23.94,--,14,33516,买盘
2449,10:08:57,23.94,--,100,239400,买盘
2450,10:08:51,23.94,--,14,33516,买盘
2451,10:08:48,23.94,--,2,4788,中性盘
2452,10:08:45,23.94,--,2,4788,卖盘
2453,10:08:42,23.94,-0.01,1,2394,卖盘
2454,10:08:39,23.95,--,5,11975,买盘
2455,10:08:36,23.95,--,519,1243005,卖盘
2456,10:08:33,23.95,--,37,88615,卖盘
2457,10:08:30,23.95,--,15,35925,卖盘
2458,10:08:27,23.95,--,5,11975,卖盘
2459,10:08:21,23.95,0.05,24,57480,买盘
2460,10:08:18,23.9,--,21,50190,买盘
2461,10:08:15,23.9,0.01,16,38240,中性盘
2462,10:08:09,23.89,--,505,1206445,卖盘
2463,10:08:06,23.89,-0.01,5,11945,卖盘
2464,10:08:03,23.9,-0.02,38,90820,卖盘
2465,10:08:00,23.92,0.02,13,31096,买盘
2466,10:07:54,23.9,0.01,53,126669,买盘
2467,10:07:51,23.89,-0.01,8,19112,卖盘
2468,10:07:48,23.9,-0.02,108,258119,中性盘
2469,10:07:45,23.92,0.03,205,490360,买盘
2470,10:07:42,23.89,--,55,131395,卖盘
2471,10:07:36,23.89,-0.01,30,71670,卖盘
2472,10:07:33,23.9,--,25,59750,买盘
2473,10:07:30,23.9,--,30,71700,买盘
2474,10:07:27,23.9,-0.03,87,207953,卖盘
2475,10:07:24,23.93,--,17,40681,买盘
2476,10:07:12,23.93,--,5,11965,买盘
2477,10:07:06,23.93,--,2,4786,买盘
2478,10:07:03,23.93,-0.03,8,19144,卖盘
2479,10:07:00,23.96,0.01,270,646920,买盘
2480,10:06:57,23.95,--,68,162860,买盘
2481,10:06:54,23.95,--,16,38320,卖盘
2482,10:06:51,23.95,-0.01,57,136515,卖盘
2483,10:06:48,23.96,--,21,50316,买盘
2484,10:06:45,23.96,0.01,6,14376,买盘
2485,10:06:42,23.95,--,142,340090,卖盘
2486,10:06:39,23.95,--,15,35925,卖盘
2487,10:06:36,23.95,0.03,183,438285,买盘
2488,10:06:33,23.92,--,5,11960,买盘
2489,10:06:30,23.92,--,1,2392,买盘
2490,10:06:27,23.92,-0.02,62,148304,卖盘
2491,10:06:21,23.94,--,55,131670,买盘
2492,10:06:18,23.94,--,12,28728,买盘
2493,10:06:15,23.94,--,2,4788,买盘
2494,10:06:12,23.94,--,52,124488,买盘
2495,10:06:09,23.94,0.01,22,52668,买盘
2496,10:06:06,23.93,--,8,19144,买盘
2497,10:06:03,23.93,0.03,15,35895,买盘
2498,10:05:57,23.9,0.01,485,1161516,买盘
2499,10:05:54,23.89,--,25,59725,买盘
2500,10:05:51,23.89,--,12,28668,买盘
2501,10:05:45,23.89,--,18,43002,卖盘
2502,10:05:42,23.89,--,168,401352,卖盘
2503,10:05:39,23.89,0.05,229,547081,买盘
2504,10:05:36,23.84,-0.01,3,7152,卖盘
2505,10:05:33,23.85,0.02,22,52470,买盘
2506,10:05:27,23.83,-0.01,2,4766,卖盘
2507,10:05:24,23.84,0.01,2,4768,买盘
2508,10:05:18,23.83,0.04,87,207320,买盘
2509,10:05:15,23.79,-0.03,50,118950,卖盘
2510,10:05:12,23.82,0.03,2,4764,买盘
2511,10:05:09,23.79,-0.02,40,95160,卖盘
2512,10:05:06,23.81,0.02,13,30953,买盘
2513,10:05:03,23.79,-0.02,16,38064,卖盘
2514,10:05:00,23.81,--,1,2381,买盘
2515,10:04:57,23.81,0.02,602,1433362,买盘
2516,10:04:54,23.79,-0.01,2,4758,卖盘
2517,10:04:51,23.8,--,2,4760,买盘
2518,10:04:48,23.8,--,5,11900,买盘
2519,10:04:45,23.8,--,1,2380,买盘
2520,10:04:42,23.8,-0.01,10,23800,卖盘
2521,10:04:36,23.81,0.01,45,107145,买盘
2522,10:04:30,23.8,--,3,7140,卖盘
2523,10:04:18,23.8,-0.01,120,285600,卖盘
2524,10:04:15,23.81,--,10,23810,买盘
2525,10:04:12,23.81,--,23,54763,买盘
2526,10:04:09,23.81,--,40,95240,卖盘
2527,10:04:00,23.81,-0.01,1,2381,卖盘
2528,10:03:57,23.82,--,21,50022,买盘
2529,10:03:54,23.82,--,24,57168,买盘
2530,10:03:51,23.82,0.01,10,23820,买盘
2531,10:03:48,23.81,-0.02,61,145241,卖盘
2532,10:03:45,23.83,0.01,101,240682,买盘
2533,10:03:42,23.82,--,30,71460,中性盘
2534,10:03:36,23.82,0.01,2,4764,买盘
2535,10:03:30,23.81,-0.02,4,9524,卖盘
2536,10:03:27,23.83,--,10,23830,买盘
2537,10:03:24,23.83,-0.01,10,23830,买盘
2538,10:03:15,23.84,0.02,42,100128,买盘
2539,10:03:09,23.82,--,6,14292,卖盘
2540,10:03:03,23.82,--,3,7146,卖盘
2541,10:03:00,23.82,-0.02,11,26202,买盘
2542,10:02:57,23.84,0.02,243,579312,买盘
2543,10:02:54,23.82,0.01,94,223908,买盘
2544,10:02:51,23.81,--,16,38096,买盘
2545,10:02:48,23.81,-0.01,31,73811,卖盘
2546,10:02:45,23.82,--,31,73842,买盘
2547,10:02:42,23.82,--,2,4764,买盘
2548,10:02:36,23.82,-0.01,9,21438,卖盘
2549,10:02:33,23.83,0.01,20,47660,买盘
2550,10:02:30,23.82,-0.01,6,14292,卖盘
2551,10:02:27,23.83,-0.01,28,66724,卖盘
2552,10:02:15,23.84,0.04,47,112048,买盘
2553,10:02:12,23.8,-0.03,18,42840,卖盘
2554,10:02:09,23.83,--,60,142980,买盘
2555,10:02:00,23.83,0.04,30,71490,买盘
2556,10:01:57,23.79,--,8,19032,卖盘
2557,10:01:54,23.79,--,1,2379,卖盘
2558,10:01:48,23.79,--,2,4758,买盘
2559,10:01:45,23.79,--,10,23790,买盘
2560,10:01:42,23.79,--,2,4758,买盘
2561,10:01:39,23.79,0.01,20,47580,买盘
2562,10:01:36,23.78,0.01,2,4756,买盘
2563,10:01:33,23.77,-0.01,68,161636,卖盘
2564,10:01:30,23.78,0.01,13,30914,买盘
2565,10:01:24,23.77,0.01,59,140243,买盘
2566,10:01:18,23.76,--,45,106920,买盘
2567,10:01:15,23.76,--,49,116424,买盘
2568,10:01:12,23.76,0.01,69,163944,买盘
2569,10:01:09,23.75,-0.01,41,97375,卖盘
2570,10:01:06,23.76,0.01,13,30888,买盘
2571,10:01:00,23.75,0.02,1,2375,买盘
2572,10:00:54,23.73,--,1,2373,卖盘
2573,10:00:51,23.73,--,286,678678,买盘
2574,10:00:48,23.73,--,21,49833,买盘
2575,10:00:45,23.73,0.01,132,313236,买盘
2576,10:00:39,23.72,--,31,73532,卖盘
2577,10:00:36,23.72,--,101,239572,买盘
2578,10:00:33,23.72,--,6,14232,买盘
2579,10:00:30,23.72,--,2,4744,买盘
2580,10:00:24,23.72,0.01,307,728204,买盘
2581,10:00:21,23.71,--,25,59275,买盘
2582,10:00:18,23.71,0.01,13,30823,买盘
2583,10:00:15,23.7,-0.01,7,16590,卖盘
2584,10:00:12,23.71,--,19,45049,买盘
2585,10:00:09,23.71,--,7,16597,买盘
2586,10:00:06,23.71,--,4,9484,买盘
2587,10:00:03,23.71,0.01,12,28452,买盘
2588,10:00:00,23.7,--,9,21330,卖盘
2589,09:59:57,23.7,--,100,237000,卖盘
2590,09:59:54,23.7,--,45,106650,卖盘
2591,09:59:51,23.7,--,1,2370,卖盘
2592,09:59:48,23.7,0.01,58,137460,卖盘
2593,09:59:45,23.69,-0.01,17,40273,卖盘
2594,09:59:42,23.7,--,594,1407780,买盘
2595,09:59:39,23.7,--,2,4740,买盘
2596,09:59:36,23.7,--,6,14220,买盘
2597,09:59:33,23.7,--,20,47400,买盘
2598,09:59:30,23.7,--,193,457410,卖盘
2599,09:59:27,23.7,-0.01,5,11850,卖盘
2600,09:59:24,23.71,--,20,47420,买盘
2601,09:59:21,23.71,--,9,21339,买盘
2602,09:59:18,23.71,--,11,26081,买盘
2603,09:59:15,23.71,--,5,11855,买盘
2604,09:59:12,23.71,-0.01,125,296375,卖盘
2605,09:59:09,23.72,0.01,2,4744,买盘
2606,09:59:06,23.71,--,9,21339,卖盘
2607,09:59:03,23.71,0.01,18,42678,卖盘
2608,09:58:57,23.7,--,159,376830,买盘
2609,09:58:54,23.7,--,30,71100,买盘
2610,09:58:51,23.7,-0.03,584,1384080,卖盘
2611,09:58:45,23.73,0.02,547,1298031,买盘
2612,09:58:39,23.71,--,10,23710,买盘
2613,09:58:36,23.71,--,14,33194,买盘
2614,09:58:33,23.71,--,81,192051,卖盘
2615,09:58:30,23.71,--,107,253697,卖盘
2616,09:58:27,23.71,--,5,11855,卖盘
2617,09:58:24,23.71,--,8,18968,卖盘
2618,09:58:21,23.71,--,69,163599,买盘
2619,09:58:18,23.71,--,10,23710,买盘
2620,09:58:12,23.71,--,89,211019,卖盘
2621,09:58:09,23.71,--,12,28452,买盘
2622,09:58:03,23.71,-0.01,28,66388,卖盘
2623,09:58:00,23.72,0.01,10,23720,买盘
2624,09:57:57,23.71,-0.01,72,170712,卖盘
2625,09:57:51,23.72,-0.01,5,11860,中性盘
2626,09:57:48,23.73,--,371,880383,买盘
2627,09:57:45,23.73,--,36,85428,卖盘
2628,09:57:42,23.73,--,15,35595,卖盘
2629,09:57:39,23.73,--,5,11865,卖盘
2630,09:57:36,23.73,--,2,4746,卖盘
2631,09:57:33,23.73,--,12,28476,买盘
2632,09:57:30,23.73,--,6,14238,买盘
2633,09:57:21,23.73,0.01,18,42714,买盘
2634,09:57:18,23.72,--,11,26092,卖盘
2635,09:57:15,23.72,--,18,42696,卖盘
2636,09:57:12,23.72,-0.01,2,4744,卖盘
2637,09:57:09,23.73,--,33,78309,买盘
2638,09:57:06,23.73,--,1,2373,买盘
2639,09:57:03,23.73,--,11,26103,买盘
2640,09:57:00,23.73,--,2,4746,买盘
2641,09:56:54,23.73,--,74,175602,卖盘
2642,09:56:51,23.73,--,40,94920,卖盘
2643,09:56:48,23.73,0.01,2,4746,买盘
2644,09:56:42,23.72,-0.05,5,11860,中性盘
2645,09:56:24,23.77,0.05,1002,2381754,买盘
2646,09:56:21,23.72,0.02,1,2372,买盘
2647,09:56:18,23.7,--,25,59250,卖盘
2648,09:56:12,23.7,-0.01,44,104280,卖盘
2649,09:56:09,23.71,--,12,28452,卖盘
2650,09:56:03,23.71,-0.02,4,9484,中性盘
2651,09:56:00,23.73,0.03,27,64071,买盘
2652,09:55:57,23.7,-0.03,5,11850,中性盘
2653,09:55:54,23.73,0.03,116,275268,买盘
2654,09:55:51,23.7,--,7,16590,买盘
2655,09:55:48,23.7,--,47,111390,卖盘
2656,09:55:45,23.7,--,20,47400,卖盘
2657,09:55:42,23.7,--,1,2370,买盘
2658,09:55:39,23.7,0.01,19,45030,买盘
2659,09:55:36,23.69,-0.01,11,26059,卖盘
2660,09:55:33,23.7,--,2,4740,买盘
2661,09:55:30,23.7,--,2,4740,买盘
2662,09:55:27,23.7,--,141,334170,买盘
2663,09:55:24,23.7,--,11,26070,买盘
2664,09:55:21,23.7,--,2,4740,买盘
2665,09:55:18,23.7,--,50,118500,卖盘
2666,09:55:15,23.7,-0.01,70,165900,卖盘
2667,09:55:12,23.71,0.01,5,11855,买盘
2668,09:55:03,23.7,--,17,40290,卖盘
2669,09:54:57,23.7,--,2,4740,卖盘
2670,09:54:54,23.7,--,16,37920,卖盘
2671,09:54:51,23.7,-0.03,22,52140,卖盘
2672,09:54:48,23.73,0.02,3,7119,买盘
2673,09:54:45,23.71,0.01,69,163599,中性盘
2674,09:54:42,23.7,--,28,66360,卖盘
2675,09:54:39,23.7,--,1,2370,卖盘
2676,09:54:36,23.7,--,7,16590,卖盘
2677,09:54:33,23.7,--,39,92430,买盘
2678,09:54:27,23.7,--,131,310470,买盘
2679,09:54:24,23.7,--,57,135090,买盘
2680,09:54:21,23.7,--,47,111390,买盘
2681,09:54:18,23.7,0.01,16,37920,买盘
2682,09:54:15,23.69,--,7,16583,卖盘
2683,09:54:12,23.69,--,6,14214,卖盘
2684,09:54:09,23.69,--,64,151616,卖盘
2685,09:54:06,23.69,--,46,108974,卖盘
2686,09:54:03,23.69,--,6,14214,卖盘
2687,09:54:00,23.69,0.01,6,14214,中性盘
2688,09:53:57,23.68,-0.01,59,139712,卖盘
2689,09:53:54,23.69,--,23,54487,买盘
2690,09:53:51,23.69,--,14,33166,买盘
2691,09:53:45,23.69,0.01,25,59225,买盘
2692,09:53:42,23.68,-0.01,109,258112,卖盘
2693,09:53:39,23.69,0.01,3,7107,买盘
2694,09:53:36,23.68,--,4,9472,卖盘
2695,09:53:33,23.68,--,22,52096,卖盘
2696,09:53:30,23.68,--,18,42624,卖盘
2697,09:53:27,23.68,--,50,118400,卖盘
2698,09:53:24,23.68,--,80,189440,卖盘
2699,09:53:21,23.68,-0.01,215,509120,卖盘
2700,09:53:18,23.69,0.01,253,600541,买盘
2701,09:53:15,23.68,--,61,144448,买盘
2702,09:53:12,23.68,--,106,251008,买盘
2703,09:53:09,23.68,--,140,332704,卖盘
2704,09:53:06,23.68,-0.01,96,227328,卖盘
2705,09:53:03,23.69,--,68,161092,买盘
2706,09:53:00,23.69,0.01,2,4738,买盘
2707,09:52:57,23.68,--,97,229696,卖盘
2708,09:52:54,23.68,--,58,138528,卖盘
2709,09:52:51,23.68,--,406,961408,卖盘
2710,09:52:48,23.68,0.01,138,326784,买盘
2711,09:52:45,23.67,-0.01,7,16569,卖盘
2712,09:52:42,23.68,--,17,40256,买盘
2713,09:52:39,23.68,--,4,9472,买盘
2714,09:52:36,23.68,0.01,17,40256,买盘
2715,09:52:33,23.67,-0.03,28,66276,卖盘
2716,09:52:30,23.7,0.01,45,106650,买盘
2717,09:52:27,23.69,-0.01,101,239269,中性盘
2718,09:52:24,23.7,0.02,2,4740,买盘
2719,09:52:21,23.68,-0.02,1,2368,卖盘
2720,09:52:18,23.7,-0.02,2,4740,中性盘
2721,09:52:15,23.72,0.02,73,173156,买盘
2722,09:52:12,23.7,--,10,23700,买盘
2723,09:52:09,23.7,-0.03,117,279162,卖盘
2724,09:52:06,23.73,0.03,46,109158,买盘
2725,09:52:03,23.7,-0.03,349,827130,卖盘
2726,09:52:00,23.73,--,34,80682,买盘
2727,09:51:57,23.73,0.03,13,30849,中性盘
2728,09:51:45,23.7,-0.06,410,971700,卖盘
2729,09:51:42,23.76,0.05,22,52272,中性盘
2730,09:51:33,23.71,-0.06,42,100079,卖盘
2731,09:51:30,23.77,0.01,99,235323,买盘
2732,09:51:27,23.76,-0.01,2,4752,卖盘
2733,09:51:24,23.77,0.01,1006,2391262,买盘
2734,09:51:21,23.76,--,28,66528,卖盘
2735,09:51:18,23.76,--,4,9504,卖盘
2736,09:51:15,23.76,-0.01,31,73656,卖盘
2737,09:51:12,23.77,--,1,2377,买盘
2738,09:51:09,23.77,0.01,2,4754,买盘
2739,09:51:06,23.76,--,9,21384,卖盘
2740,09:51:03,23.76,--,25,59400,卖盘
2741,09:51:00,23.76,0.01,60,142560,买盘
2742,09:50:57,23.75,--,17,40375,卖盘
2743,09:50:54,23.75,-0.01,27,64125,卖盘
2744,09:50:51,23.76,--,213,506088,买盘
2745,09:50:48,23.76,0.01,10,23760,买盘
2746,09:50:45,23.75,-0.01,50,118750,卖盘
2747,09:50:42,23.76,--,12,28512,买盘
2748,09:50:39,23.76,-0.01,102,242352,卖盘
2749,09:50:36,23.77,--,20,47540,买盘
2750,09:50:33,23.77,--,2,4754,卖盘
2751,09:50:30,23.77,--,7,16639,买盘
2752,09:50:27,23.77,--,11,26147,买盘
2753,09:50:24,23.77,--,5,11885,买盘
2754,09:50:18,23.77,--,38,90326,卖盘
2755,09:50:12,23.77,0.01,5,11885,卖盘
2756,09:50:09,23.76,-0.01,31,73656,卖盘
2757,09:50:06,23.77,--,5,11885,卖盘
2758,09:50:00,23.77,--,5,11885,买盘
2759,09:49:57,23.77,0.01,28,66556,买盘
2760,09:49:54,23.76,--,165,392040,卖盘
2761,09:49:51,23.76,--,5,11880,卖盘
2762,09:49:48,23.76,--,1,2376,卖盘
2763,09:49:45,23.76,-0.01,8,19008,中性盘
2764,09:49:42,23.77,0.02,3,7131,中性盘
2765,09:49:36,23.75,-0.03,48,114000,卖盘
2766,09:49:33,23.78,0.02,17,40426,买盘
2767,09:49:30,23.76,-0.02,9,21384,卖盘
2768,09:49:27,23.78,--,5,11890,买盘
2769,09:49:24,23.78,0.03,40,95120,买盘
2770,09:49:18,23.75,-0.03,67,159125,卖盘
2771,09:49:12,23.78,0.04,12,28536,买盘
2772,09:49:06,23.74,-0.04,3,7121,卖盘
2773,09:49:03,23.78,--,7,16646,买盘
2774,09:49:00,23.78,--,500,1189000,卖盘
2775,09:48:57,23.78,-0.01,11,26158,卖盘
2776,09:48:51,23.79,--,66,157014,卖盘
2777,09:48:48,23.79,--,10,23790,卖盘
2778,09:48:45,23.79,--,38,90402,卖盘
2779,09:48:42,23.79,0.01,117,278343,买盘
2780,09:48:39,23.78,--,16,38048,买盘
2781,09:48:36,23.78,--,279,663462,卖盘
2782,09:48:33,23.78,-0.01,149,354322,卖盘
2783,09:48:27,23.79,0.01,26,61854,买盘
2784,09:48:24,23.78,-0.01,8,19024,卖盘
2785,09:48:21,23.79,-0.01,193,459147,卖盘
2786,09:48:15,23.8,0.02,41,97580,买盘
2787,09:48:12,23.78,--,3,7134,买盘
2788,09:48:09,23.78,-0.02,321,765216,卖盘
2789,09:48:06,23.8,--,100,238000,买盘
2790,09:48:03,23.8,0.02,60,142800,买盘
2791,09:48:00,23.78,--,23,54694,卖盘
2792,09:47:57,23.78,-0.01,103,245433,卖盘
2793,09:47:54,23.79,--,6,14274,卖盘
2794,09:47:51,23.79,--,5,11895,卖盘
2795,09:47:48,23.79,--,14,33306,卖盘
2796,09:47:45,23.79,--,45,107055,买盘
2797,09:47:42,23.79,--,5,11895,买盘
2798,09:47:39,23.79,--,7,16653,买盘
2799,09:47:36,23.79,0.01,4,9516,买盘
2800,09:47:33,23.78,--,6,14268,卖盘
2801,09:47:30,23.78,-0.01,30,71340,卖盘
2802,09:47:27,23.79,0.01,6,14274,买盘
2803,09:47:24,23.78,0.02,238,565964,买盘
2804,09:47:21,23.76,--,23,54648,买盘
2805,09:47:18,23.76,-0.01,20,47520,卖盘
2806,09:47:15,23.77,--,306,727362,买盘
2807,09:47:12,23.77,--,5,11885,买盘
2808,09:47:09,23.77,-0.01,129,306633,卖盘
2809,09:47:06,23.78,0.01,138,328164,买盘
2810,09:47:03,23.77,--,131,311387,卖盘
2811,09:47:00,23.77,--,108,256716,卖盘
