,time,price,change,volume,amount,type
0,15:00:03,3.45,-0.01,1213,418650,卖盘
1,14:57:00,3.46,--,100,34600,买盘
2,14:56:54,3.46,--,5,1730,买盘
3,14:56:51,3.46,0.01,713,246698,买盘
4,14:56:48,3.45,--,317,109365,卖盘
5,14:56:45,3.45,-0.01,53,18285,卖盘
6,14:56:39,3.46,0.01,3,1038,买盘
7,14:56:36,3.45,--,40,13800,卖盘
8,14:56:33,3.45,--,27,9315,卖盘
9,14:56:27,3.45,--,190,65550,卖盘
10,14:56:21,3.45,--,38,13110,卖盘
11,14:56:18,3.45,-0.01,148,51060,卖盘
12,14:56:15,3.46,0.01,1,346,买盘
13,14:56:12,3.45,--,15,5175,卖盘
14,14:56:06,3.45,--,200,69000,卖盘
15,14:56:00,3.45,--,15,5175,卖盘
16,14:55:57,3.45,-0.01,10,3450,卖盘
17,14:55:54,3.46,--,20,6920,买盘
18,14:55:51,3.46,0.01,1,346,买盘
19,14:55:48,3.45,--,6,2070,卖盘
20,14:55:45,3.45,--,15,5175,卖盘
21,14:55:33,3.45,--,169,58305,卖盘
22,14:55:30,3.45,--,15,5175,卖盘
23,14:55:27,3.45,-0.01,333,114885,卖盘
24,14:55:18,3.46,--,65,22490,买盘
25,14:55:15,3.46,0.01,5,1730,买盘
26,14:55:03,3.45,--,15,5175,卖盘
27,14:55:00,3.45,--,208,71760,卖盘
28,14:54:57,3.45,--,2,690,卖盘
29,14:54:51,3.45,-0.01,65,22425,卖盘
30,14:54:48,3.46,--,100,34600,买盘
31,14:54:42,3.46,0.01,1,346,买盘
32,14:54:36,3.45,--,15,5175,卖盘
33,14:54:21,3.45,-0.02,15,5175,卖盘
34,14:54:15,3.47,--,105,36435,买盘
35,14:54:12,3.47,0.01,1,347,买盘
36,14:54:09,3.46,--,65,22490,卖盘
37,14:54:06,3.46,--,41,14186,卖盘
38,14:54:03,3.46,--,2,692,卖盘
39,14:54:00,3.46,0.01,8,2768,买盘
40,14:53:57,3.45,-0.01,10,3450,卖盘
41,14:53:54,3.46,--,96,33216,买盘
42,14:53:48,3.46,0.01,3,1038,买盘
43,14:53:39,3.45,-0.01,15,5175,卖盘
44,14:53:36,3.46,--,6,2076,买盘
45,14:53:30,3.46,--,433,149818,卖盘
46,14:53:27,3.46,--,31,10726,卖盘
47,14:53:12,3.46,--,180,62280,卖盘
48,14:53:09,3.46,--,711,246006,卖盘
49,14:53:06,3.46,--,81,28026,卖盘
50,14:53:03,3.46,--,22,7612,卖盘
51,14:53:00,3.46,-0.01,50,17300,卖盘
52,14:52:57,3.47,0.01,15,5205,买盘
53,14:52:54,3.46,--,500,173000,买盘
54,14:52:48,3.46,-0.01,10,3460,中性盘
55,14:52:36,3.47,0.01,110,38170,买盘
56,14:52:30,3.46,--,56,19376,卖盘
57,14:52:27,3.46,-0.01,4,1384,卖盘
58,14:52:15,3.47,0.01,30,10410,买盘
59,14:52:09,3.46,--,60,20760,卖盘
60,14:52:06,3.46,--,100,34600,卖盘
61,14:51:48,3.46,--,250,86500,卖盘
62,14:51:42,3.46,--,115,39790,卖盘
63,14:51:36,3.46,-0.01,100,34600,卖盘
64,14:51:33,3.47,--,3,1041,买盘
65,14:51:30,3.47,0.01,79,27413,买盘
66,14:51:27,3.46,--,450,155700,卖盘
67,14:51:21,3.46,--,10,3460,卖盘
68,14:51:15,3.46,--,10,3460,卖盘
69,14:51:12,3.46,--,30,10380,卖盘
70,14:51:06,3.46,--,100,34600,卖盘
71,14:51:03,3.46,--,280,96880,卖盘
72,14:51:00,3.46,--,100,34600,卖盘
73,14:50:48,3.46,--,1000,346000,卖盘
74,14:50:42,3.46,-0.01,1,346,卖盘
75,14:50:39,3.47,0.01,26,9022,买盘
76,14:50:36,3.46,--,104,35984,卖盘
77,14:50:33,3.46,-0.01,5,1730,卖盘
78,14:50:27,3.47,0.01,101,35047,买盘
79,14:50:24,3.46,--,1,346,卖盘
80,14:50:18,3.46,--,3,1038,卖盘
81,14:50:15,3.46,-0.01,2,692,卖盘
82,14:50:06,3.47,--,103,35741,买盘
83,14:50:00,3.47,--,170,58990,卖盘
84,14:49:57,3.47,--,74,25678,卖盘
85,14:49:51,3.47,--,2,694,卖盘
86,14:49:42,3.47,--,2,694,卖盘
87,14:49:36,3.47,-0.01,100,34700,卖盘
88,14:49:33,3.48,0.01,605,210540,买盘
89,14:49:30,3.47,--,2,694,卖盘
90,14:49:27,3.47,--,108,37476,卖盘
91,14:49:24,3.47,--,8,2776,卖盘
92,14:49:21,3.47,--,5,1735,卖盘
93,14:49:15,3.47,-0.01,12,4164,卖盘
94,14:49:12,3.48,0.01,20,6960,买盘
95,14:49:09,3.47,--,1,347,卖盘
96,14:49:06,3.47,--,100,34700,卖盘
97,14:48:54,3.47,-0.01,2,694,卖盘
98,14:48:48,3.48,--,9,3132,买盘
99,14:48:45,3.48,0.01,2,696,买盘
100,14:48:36,3.47,-0.01,100,34700,卖盘
101,14:48:33,3.48,-0.01,99,34452,卖盘
102,14:48:21,3.49,0.01,18,6282,买盘
103,14:48:15,3.48,-0.01,10,3480,卖盘
104,14:48:09,3.49,0.01,240,83760,买盘
105,14:48:06,3.48,--,607,211236,买盘
106,14:48:03,3.48,--,12,4176,买盘
107,14:48:00,3.48,0.01,12,4176,买盘
108,14:47:57,3.47,--,27,9369,卖盘
109,14:47:54,3.47,--,10,3470,卖盘
110,14:47:45,3.47,--,3,1041,卖盘
111,14:47:39,3.47,--,6,2082,卖盘
112,14:47:33,3.47,--,108,37476,卖盘
113,14:47:24,3.47,--,12,4164,卖盘
114,14:47:21,3.47,--,18,6246,卖盘
115,14:47:12,3.47,--,3,1041,卖盘
116,14:47:09,3.47,--,112,38864,卖盘
117,14:47:03,3.47,-0.01,100,34700,卖盘
118,14:46:57,3.48,0.01,1,348,买盘
119,14:46:12,3.47,-0.01,2,694,卖盘
120,14:46:09,3.48,--,30,10440,买盘
121,14:45:57,3.48,--,9,3132,买盘
122,14:45:48,3.48,--,446,155208,卖盘
123,14:45:42,3.48,--,72,25056,卖盘
124,14:45:33,3.48,--,218,75864,卖盘
125,14:45:06,3.48,--,8,2784,卖盘
126,14:45:00,3.48,-0.01,18,6264,卖盘
127,14:44:54,3.49,--,10,3490,买盘
128,14:44:51,3.49,0.01,10,3490,买盘
129,14:44:48,3.48,-0.01,35,12180,卖盘
130,14:44:45,3.49,0.01,54,18846,买盘
131,14:44:24,3.48,-0.01,22,7656,卖盘
132,14:44:21,3.49,0.01,15,5235,买盘
133,14:44:18,3.48,-0.01,114,39672,卖盘
134,14:44:03,3.49,--,17,5933,买盘
135,14:44:00,3.49,--,15,5235,买盘
136,14:43:57,3.49,--,2,698,买盘
137,14:43:54,3.49,0.01,1,349,买盘
138,14:43:48,3.48,-0.01,13,4524,卖盘
139,14:43:42,3.49,0.01,15,5235,买盘
140,14:43:39,3.48,-0.01,8,2784,卖盘
141,14:43:27,3.49,0.01,15,5235,买盘
142,14:43:24,3.48,--,315,109620,卖盘
143,14:43:15,3.48,-0.01,400,139200,卖盘
144,14:43:03,3.49,--,16,5584,买盘
145,14:42:57,3.49,--,15,5235,买盘
146,14:42:54,3.49,--,120,41880,买盘
147,14:42:51,3.49,--,450,157050,买盘
148,14:42:45,3.49,--,15,5235,买盘
149,14:42:42,3.49,--,80,27920,买盘
150,14:42:39,3.49,--,57,19893,买盘
151,14:42:33,3.49,--,500,174500,买盘
152,14:42:27,3.49,--,180,62820,买盘
153,14:42:24,3.49,0.01,102,35598,买盘
154,14:42:18,3.48,-0.01,63,21924,卖盘
155,14:42:15,3.49,--,160,55840,买盘
156,14:42:06,3.49,--,102,35598,买盘
157,14:42:03,3.49,--,186,64914,买盘
158,14:42:00,3.49,--,171,59679,买盘
159,14:41:51,3.49,--,15,5235,买盘
160,14:41:48,3.49,--,102,35598,买盘
161,14:41:45,3.49,--,103,35947,买盘
162,14:41:42,3.49,0.01,143,49907,买盘
163,14:41:39,3.48,--,84,29232,买盘
164,14:41:36,3.48,-0.01,331,115188,卖盘
165,14:41:33,3.49,--,214,74686,买盘
166,14:41:30,3.49,--,262,91438,买盘
167,14:41:21,3.49,--,352,122848,买盘
168,14:41:15,3.49,--,215,75035,买盘
169,14:41:12,3.49,0.01,160,55840,买盘
170,14:41:09,3.48,-0.01,83,28884,卖盘
171,14:41:06,3.49,0.01,233,81317,买盘
172,14:41:03,3.48,-0.01,67,23316,卖盘
173,14:40:54,3.49,--,17,5933,买盘
174,14:40:48,3.49,--,15,5235,买盘
175,14:40:45,3.49,0.01,97,33853,买盘
176,14:40:36,3.48,-0.01,21,7308,卖盘
177,14:40:18,3.49,--,15,5235,买盘
178,14:40:12,3.49,0.01,15,5235,买盘
179,14:40:00,3.48,--,76,26448,买盘
180,14:39:57,3.48,--,68,23664,买盘
181,14:39:54,3.48,--,97,33756,买盘
182,14:39:51,3.48,--,315,109620,买盘
183,14:39:45,3.48,--,418,145464,买盘
184,14:39:42,3.48,--,258,89784,买盘
185,14:39:39,3.48,--,84,29232,买盘
186,14:39:36,3.48,--,113,39324,买盘
187,14:39:33,3.48,--,139,48372,买盘
188,14:39:27,3.48,--,69,24012,买盘
189,14:39:21,3.48,-0.01,425,147900,卖盘
190,14:39:18,3.49,0.01,17,5933,买盘
191,14:39:15,3.48,-0.01,17,5916,卖盘
192,14:39:09,3.49,0.01,967,337483,买盘
193,14:39:00,3.48,-0.01,10,3480,卖盘
194,14:38:57,3.49,0.01,15,5235,买盘
195,14:38:54,3.48,-0.01,18,6264,卖盘
196,14:38:42,3.49,0.01,914,318986,买盘
197,14:38:39,3.48,--,35,12180,卖盘
198,14:38:30,3.48,-0.01,3,1044,卖盘
199,14:38:21,3.49,0.01,15,5235,买盘
200,14:38:18,3.48,-0.01,100,34800,卖盘
201,14:38:12,3.49,0.01,15,5235,买盘
202,14:38:06,3.48,--,11,3828,买盘
203,14:38:03,3.48,-0.01,75,26100,卖盘
204,14:38:00,3.49,--,42,14658,买盘
205,14:37:45,3.49,0.01,9,3141,买盘
206,14:37:42,3.48,--,2,696,买盘
207,14:37:39,3.48,--,29,10092,卖盘
208,14:37:36,3.48,--,60,20880,卖盘
209,14:37:21,3.48,--,25,8700,卖盘
210,14:37:18,3.48,--,64,22272,卖盘
211,14:37:12,3.48,--,893,310764,买盘
212,14:37:09,3.48,--,15,5220,买盘
213,14:37:03,3.48,0.01,15,5220,买盘
214,14:36:57,3.47,--,30,10410,卖盘
215,14:36:45,3.47,-0.01,18,6246,卖盘
216,14:36:36,3.48,--,15,5220,买盘
217,14:36:27,3.48,0.01,15,5220,买盘
218,14:36:18,3.47,-0.01,67,23249,卖盘
219,14:36:15,3.48,--,1042,362616,买盘
220,14:36:09,3.48,--,17,5916,买盘
221,14:36:06,3.48,--,9,3132,买盘
222,14:36:03,3.48,--,15,5220,买盘
223,14:35:45,3.48,0.01,15,5220,买盘
224,14:35:39,3.47,-0.01,50,17350,卖盘
225,14:35:33,3.48,--,15,5220,买盘
226,14:35:27,3.48,--,15,5220,买盘
227,14:35:18,3.48,--,307,106836,买盘
228,14:35:15,3.48,--,909,316332,买盘
229,14:35:09,3.48,--,15,5220,买盘
230,14:35:00,3.48,--,15,5220,买盘
231,14:34:51,3.48,--,15,5220,买盘
232,14:34:42,3.48,--,6,2088,买盘
233,14:34:36,3.48,--,6,2088,买盘
234,14:34:33,3.48,--,17,5916,买盘
235,14:34:30,3.48,0.01,15,5220,买盘
236,14:34:21,3.47,-0.01,80,27760,卖盘
237,14:34:18,3.48,--,1053,366444,买盘
238,14:34:12,3.48,--,18,6264,买盘
239,14:33:57,3.48,--,15,5220,买盘
240,14:33:54,3.48,--,15,5220,买盘
241,14:33:51,3.48,--,30,10440,买盘
242,14:33:36,3.48,0.01,15,5220,买盘
243,14:33:33,3.47,-0.01,3,1041,卖盘
244,14:33:27,3.48,--,15,5220,买盘
245,14:33:24,3.48,--,5,1740,买盘
246,14:33:21,3.48,--,1041,362268,买盘
247,14:33:15,3.48,--,15,5220,买盘
248,14:32:57,3.48,--,17,5916,买盘
249,14:32:54,3.48,--,17,5916,买盘
250,14:32:48,3.48,--,9,3132,买盘
251,14:32:39,3.48,--,20,6960,买盘
252,14:32:36,3.48,-0.01,15,5220,中性盘
253,14:32:24,3.49,--,16,5584,买盘
254,14:32:21,3.49,0.01,1036,361564,买盘
255,14:32:18,3.48,--,15,5220,买盘
256,14:32:15,3.48,--,77,26796,卖盘
257,14:32:09,3.48,--,79,27492,卖盘
258,14:32:06,3.48,-0.01,809,281532,卖盘
259,14:32:00,3.49,--,19,6631,买盘
260,14:31:48,3.49,--,15,5235,买盘
261,14:31:42,3.49,0.01,15,5235,买盘
262,14:31:24,3.48,--,113,39324,买盘
263,14:31:21,3.48,--,6,2088,买盘
264,14:31:18,3.48,0.01,15,5220,买盘
265,14:31:15,3.47,--,3,1041,卖盘
266,14:31:12,3.47,-0.01,25,8675,卖盘
267,14:31:03,3.48,--,19,6612,买盘
268,14:31:00,3.48,--,20,6960,买盘
269,14:30:36,3.48,--,2,696,买盘
270,14:30:33,3.48,-0.01,21,7308,卖盘
271,14:30:24,3.49,--,1039,362611,买盘
272,14:30:00,3.49,--,8,2792,买盘
273,14:29:54,3.49,--,3,1047,买盘
274,14:29:51,3.49,--,2,698,买盘
275,14:29:48,3.49,--,14,4886,买盘
276,14:29:45,3.49,--,15,5235,买盘
277,14:29:33,3.49,0.01,19,6631,买盘
278,14:29:30,3.48,--,12,4176,买盘
279,14:29:27,3.48,--,1040,361920,卖盘
280,14:29:18,3.48,--,11,3828,买盘
281,14:29:15,3.48,-0.01,89,30972,卖盘
282,14:29:09,3.49,--,22,7678,买盘
283,14:29:06,3.49,--,22,7678,买盘
284,14:29:03,3.49,--,10,3490,买盘
285,14:29:00,3.49,--,15,5235,买盘
286,14:28:51,3.49,0.01,14,4886,买盘
287,14:28:39,3.48,--,10,3480,买盘
288,14:28:36,3.48,--,8,2784,买盘
289,14:28:30,3.48,--,553,192444,买盘
290,14:28:27,3.48,--,486,169128,买盘
291,14:28:24,3.48,--,118,41064,买盘
292,14:28:15,3.48,--,17,5916,买盘
293,14:28:12,3.48,--,15,5220,买盘
294,14:28:09,3.48,-0.01,113,39324,卖盘
295,14:28:00,3.49,0.01,15,5235,买盘
296,14:27:51,3.48,-0.01,6,2088,买盘
297,14:27:48,3.49,0.02,15,5235,买盘
298,14:27:45,3.47,-0.01,25,8675,卖盘
299,14:27:39,3.48,0.01,100,34800,买盘
300,14:27:36,3.47,--,703,243941,卖盘
301,14:27:33,3.47,-0.01,25,8675,卖盘
302,14:27:30,3.48,--,1043,362964,买盘
303,14:27:27,3.48,--,17,5916,买盘
304,14:27:24,3.48,0.01,15,5220,买盘
305,14:27:09,3.47,-0.01,40,13880,卖盘
306,14:27:03,3.48,--,15,5220,买盘
307,14:26:57,3.48,--,15,5220,买盘
308,14:26:54,3.48,--,1,348,买盘
309,14:26:45,3.48,--,18,6264,买盘
310,14:26:42,3.48,--,95,33060,买盘
311,14:26:33,3.48,--,1039,361572,买盘
312,14:26:30,3.48,--,16,5568,买盘
313,14:26:21,3.48,--,17,5916,买盘
314,14:26:18,3.48,--,15,5220,买盘
315,14:26:06,3.48,--,15,5220,买盘
316,14:26:03,3.48,--,5,1740,买盘
317,14:25:57,3.48,--,17,5916,买盘
318,14:25:51,3.48,0.01,15,5220,买盘
319,14:25:45,3.47,-0.01,8,2776,卖盘
320,14:25:39,3.48,0.01,15,5220,买盘
321,14:25:36,3.47,-0.01,1070,371290,卖盘
322,14:25:33,3.48,--,134,46632,买盘
323,14:25:27,3.48,--,15,5220,买盘
324,14:25:24,3.48,0.01,1,348,买盘
325,14:25:15,3.47,-0.01,82,28454,卖盘
326,14:25:12,3.48,0.01,15,5220,买盘
327,14:25:06,3.47,-0.01,63,21861,卖盘
328,14:25:03,3.48,--,27,9396,买盘
329,14:24:54,3.48,0.01,18,6264,买盘
330,14:24:51,3.47,--,51,17697,卖盘
331,14:24:45,3.47,--,78,27066,卖盘
332,14:24:42,3.47,--,3,1041,卖盘
333,14:24:36,3.47,--,590,204924,买盘
334,14:24:33,3.47,0.01,9,3123,买盘
335,14:24:30,3.46,-0.01,37,12802,卖盘
336,14:24:24,3.47,--,15,5205,买盘
337,14:24:18,3.47,--,10,3470,买盘
338,14:24:12,3.47,--,20,6940,买盘
339,14:24:06,3.47,--,17,5899,买盘
340,14:24:00,3.47,--,15,5205,买盘
341,14:23:48,3.47,--,15,5205,买盘
342,14:23:42,3.47,--,401,139299,卖盘
343,14:23:39,3.47,--,657,228173,买盘
344,14:23:36,3.47,--,237,82239,买盘
345,14:23:33,3.47,--,1,347,买盘
346,14:23:27,3.47,--,100,34700,买盘
347,14:23:24,3.47,--,182,63154,买盘
348,14:23:21,3.47,--,30,10410,买盘
349,14:23:18,3.47,--,15,5205,买盘
350,14:23:09,3.47,--,15,5205,买盘
351,14:22:57,3.47,--,18,6246,买盘
352,14:22:54,3.47,--,15,5205,买盘
353,14:22:51,3.47,--,50,17350,买盘
354,14:22:42,3.47,--,174,60378,买盘
355,14:22:39,3.47,--,891,309177,买盘
356,14:22:33,3.47,--,15,5205,买盘
357,14:22:30,3.47,0.01,15,5205,买盘
358,14:22:21,3.46,-0.01,48,16608,卖盘
359,14:22:18,3.47,--,15,5205,买盘
360,14:22:12,3.47,--,15,5205,买盘
361,14:22:06,3.47,--,15,5205,买盘
362,14:22:03,3.47,0.01,50,17350,买盘
363,14:21:54,3.46,-0.01,22,7612,卖盘
364,14:21:51,3.47,--,45,15615,买盘
365,14:21:42,3.47,--,1040,360880,买盘
366,14:21:39,3.47,--,15,5205,买盘
367,14:21:33,3.47,--,4,1388,买盘
368,14:21:30,3.47,--,47,16309,买盘
369,14:21:27,3.47,--,15,5205,买盘
370,14:21:15,3.47,-0.01,11,3969,卖盘
371,14:21:12,3.48,--,16,5568,买盘
372,14:21:06,3.48,0.01,17,5916,买盘
373,14:21:00,3.47,--,53,18585,买盘
374,14:20:48,3.47,--,15,5205,买盘
375,14:20:45,3.47,--,1021,354287,买盘
376,14:20:42,3.47,--,38,13186,买盘
377,14:20:36,3.47,0.01,81,28107,买盘
378,14:20:30,3.46,-0.01,2,692,卖盘
379,14:20:27,3.47,--,4,1540,卖盘
380,14:20:24,3.47,--,13,4705,买盘
381,14:20:21,3.47,0.01,15,5205,买盘
382,14:20:18,3.46,-0.02,2,844,卖盘
383,14:20:09,3.48,--,15,5220,买盘
384,14:20:06,3.48,--,29,10092,买盘
385,14:20:00,3.48,--,365,127020,买盘
386,14:19:57,3.48,--,17,5916,买盘
387,14:19:54,3.48,--,15,5220,买盘
388,14:19:45,3.48,--,1039,361572,买盘
389,14:19:42,3.48,--,217,75516,买盘
390,14:19:33,3.48,--,17,5916,买盘
391,14:19:30,3.48,0.01,18,6264,买盘
392,14:19:24,3.47,--,9,3123,卖盘
393,14:19:18,3.47,-0.01,20,6940,卖盘
394,14:19:09,3.48,--,18,6264,买盘
395,14:19:06,3.48,--,579,201492,买盘
396,14:18:54,3.48,0.01,15,5220,买盘
397,14:18:51,3.47,--,48,16961,卖盘
398,14:18:48,3.47,-0.01,1089,378191,卖盘
399,14:18:45,3.48,--,17,5916,买盘
400,14:18:39,3.48,--,15,5220,买盘
401,14:18:27,3.48,--,63,22237,买盘
402,14:18:21,3.48,--,63,22233,买盘
403,14:18:18,3.48,--,2,696,买盘
404,14:18:15,3.48,--,15,5220,买盘
405,14:18:03,3.48,--,18,6264,买盘
406,14:18:00,3.48,--,63,22233,买盘
407,14:17:57,3.48,--,10,3480,买盘
408,14:17:48,3.48,0.01,1056,367488,买盘
409,14:17:42,3.47,--,2,694,卖盘
410,14:17:39,3.47,-0.01,19,6593,卖盘
411,14:17:36,3.48,--,15,5220,买盘
412,14:17:24,3.48,--,15,5220,买盘
413,14:17:15,3.48,--,17,5916,买盘
414,14:17:12,3.48,--,15,5220,买盘
415,14:16:57,3.48,0.01,15,5220,买盘
416,14:16:54,3.47,-0.01,299,103753,卖盘
417,14:16:51,3.48,0.01,26,9048,买盘
418,14:16:45,3.47,--,9,3123,买盘
419,14:16:33,3.47,--,20,6940,卖盘
420,14:16:27,3.47,-0.01,10,3470,中性盘
421,14:16:21,3.48,0.01,171,59622,买盘
422,14:16:15,3.47,--,3,1041,卖盘
423,14:16:12,3.47,-0.01,800,277600,卖盘
424,14:16:09,3.48,0.01,25,8700,买盘
425,14:16:06,3.47,--,69,23943,卖盘
426,14:15:57,3.47,--,25,8675,卖盘
427,14:15:51,3.47,--,265,92187,买盘
428,14:15:42,3.47,--,15,5281,卖盘
429,14:15:30,3.47,--,576,199872,卖盘
430,14:15:24,3.47,--,123,42681,卖盘
431,14:15:18,3.47,--,48,16964,卖盘
432,14:15:15,3.47,--,4,1388,卖盘
433,14:15:12,3.47,--,34,11798,卖盘
434,14:15:09,3.47,--,30,10410,卖盘
435,14:15:03,3.47,-0.01,22,7634,卖盘
436,14:15:00,3.48,0.01,1,348,买盘
437,14:14:57,3.47,-0.01,140,48580,卖盘
438,14:14:54,3.48,0.01,1125,391500,买盘
439,14:14:42,3.47,--,48,16964,卖盘
440,14:14:36,3.47,--,162,56214,卖盘
441,14:14:30,3.47,--,105,36435,卖盘
442,14:14:24,3.47,--,60,20820,卖盘
443,14:14:18,3.47,--,20,6940,卖盘
444,14:14:06,3.47,--,10,3470,卖盘
445,14:13:57,3.47,0.01,576,199872,买盘
446,14:13:42,3.46,--,140,48440,卖盘
447,14:13:36,3.46,--,16,5536,卖盘
448,14:13:15,3.46,-0.01,459,158814,卖盘
449,14:13:12,3.47,-0.01,388,134636,卖盘
450,14:13:09,3.48,0.01,21,7308,买盘
451,14:13:03,3.47,--,1,347,卖盘
452,14:12:57,3.47,--,503,174541,买盘
453,14:12:48,3.47,--,92,31924,卖盘
454,14:12:45,3.47,--,5,1735,卖盘
455,14:12:42,3.47,--,6,2082,卖盘
456,14:12:30,3.47,--,100,34700,卖盘
457,14:12:03,3.47,-0.01,9,3123,卖盘
458,14:12:00,3.48,0.01,1041,362268,买盘
459,14:11:51,3.47,-0.01,10,3470,卖盘
460,14:11:48,3.48,0.01,6,2088,买盘
461,14:11:45,3.47,--,30,10410,卖盘
462,14:11:27,3.47,-0.01,10,3470,卖盘
463,14:11:21,3.48,0.01,30,10440,买盘
464,14:11:12,3.47,--,9,3123,卖盘
465,14:11:03,3.47,-0.01,10,3470,卖盘
466,14:11:00,3.48,--,1039,361572,买盘
467,14:10:57,3.48,0.01,81,28188,买盘
468,14:10:54,3.47,--,100,34700,卖盘
469,14:10:45,3.47,--,2,694,卖盘
470,14:10:42,3.47,-0.01,4,1388,卖盘
471,14:10:39,3.48,0.01,2,696,买盘
472,14:10:33,3.47,--,4,1388,卖盘
473,14:10:30,3.47,--,1,347,卖盘
474,14:10:27,3.47,-0.01,3,1041,卖盘
475,14:10:03,3.48,--,1041,362268,买盘
476,14:09:06,3.48,0.01,1041,362268,买盘
477,14:08:24,3.47,--,107,37129,卖盘
478,14:08:15,3.47,--,38,13186,卖盘
479,14:08:09,3.47,-0.01,500,173500,卖盘
480,14:08:06,3.48,--,1039,361572,买盘
481,14:07:48,3.48,--,2,696,买盘
482,14:07:45,3.48,0.01,3,1044,买盘
483,14:07:30,3.47,--,5,1735,卖盘
484,14:07:18,3.47,--,90,31230,卖盘
485,14:07:12,3.47,-0.01,50,17350,卖盘
486,14:07:09,3.48,0.01,1042,362616,买盘
487,14:06:54,3.47,--,8,2776,卖盘
488,14:06:51,3.47,--,120,41640,卖盘
489,14:06:45,3.47,--,20,6940,卖盘
490,14:06:39,3.47,--,366,127002,卖盘
491,14:06:33,3.47,--,10,3470,卖盘
492,14:06:15,3.47,--,50,17350,卖盘
493,14:06:12,3.47,-0.01,185,64195,卖盘
494,14:06:09,3.48,0.01,943,328164,买盘
495,14:05:51,3.47,--,4,1388,卖盘
496,14:05:27,3.47,-0.01,80,27760,卖盘
497,14:05:18,3.48,0.01,9,3132,买盘
498,14:05:12,3.47,0.01,109,37823,买盘
499,14:05:06,3.46,--,3,1038,卖盘
500,14:04:33,3.46,-0.01,4,1384,卖盘
501,14:04:27,3.47,--,8,2776,买盘
502,14:04:24,3.47,-0.01,2,694,中性盘
503,14:04:15,3.48,--,174,60552,买盘
504,14:04:12,3.48,0.01,869,302412,买盘
505,14:04:06,3.47,-0.01,171,59337,卖盘
506,14:04:03,3.48,0.01,20,6960,买盘
507,14:03:51,3.47,--,4,1388,卖盘
508,14:03:48,3.47,--,50,17350,卖盘
509,14:03:42,3.47,--,100,34700,卖盘
510,14:03:30,3.47,--,6,2082,卖盘
511,14:03:21,3.47,--,109,37823,卖盘
512,14:03:15,3.47,0.01,601,208547,买盘
513,14:03:12,3.46,-0.01,18,6228,卖盘
514,14:02:54,3.47,--,165,57255,卖盘
515,14:02:51,3.47,-0.01,2,694,卖盘
516,14:02:48,3.48,0.01,3,1044,买盘
517,14:02:45,3.47,-0.01,2,694,卖盘
518,14:02:42,3.48,0.01,9,3132,买盘
519,14:02:36,3.47,-0.01,2,694,卖盘
520,14:02:18,3.48,--,173,60204,买盘
521,14:02:15,3.48,0.01,869,302412,买盘
522,14:02:00,3.47,--,22,7634,卖盘
523,14:01:42,3.47,0.01,15,5205,中性盘
524,14:01:21,3.46,-0.02,216,74736,卖盘
525,14:01:18,3.48,--,1037,360876,买盘
526,14:01:03,3.48,0.01,9,3132,买盘
527,14:00:57,3.47,--,21,7287,卖盘
528,14:00:48,3.47,--,366,127002,买盘
529,14:00:42,3.47,0.01,7,2429,买盘
530,14:00:39,3.46,-0.01,1,346,卖盘
531,14:00:30,3.47,--,1,347,买盘
532,14:00:21,3.47,--,752,260944,买盘
533,14:00:18,3.47,--,292,101324,买盘
534,14:00:15,3.47,0.01,1,347,买盘
535,14:00:12,3.46,-0.01,19,6574,卖盘
536,14:00:09,3.47,--,1,347,买盘
537,14:00:03,3.47,--,5,1735,买盘
538,14:00:00,3.47,0.01,106,36782,买盘
539,13:59:39,3.46,-0.01,23,7958,卖盘
540,13:59:33,3.47,--,142,49274,卖盘
541,13:59:27,3.47,--,5,1735,卖盘
542,13:59:24,3.47,--,24,8328,卖盘
543,13:59:21,3.47,--,872,302584,买盘
544,13:59:12,3.47,0.01,5,1735,买盘
545,13:59:09,3.46,-0.01,23,7958,卖盘
546,13:58:57,3.47,--,20,6940,买盘
547,13:58:51,3.47,--,30,10410,买盘
548,13:58:45,3.47,--,90,31230,卖盘
549,13:58:39,3.47,--,23,7981,卖盘
550,13:58:33,3.47,--,1156,401132,卖盘
551,13:58:27,3.47,--,182,63154,买盘
552,13:58:24,3.47,0.01,1043,361921,买盘
553,13:58:21,3.46,-0.01,0,86,卖盘
554,13:58:15,3.47,--,812,281764,卖盘
555,13:58:12,3.47,--,60,20820,卖盘
556,13:58:09,3.47,--,53,18391,卖盘
557,13:58:06,3.47,--,50,17350,卖盘
558,13:58:03,3.47,--,1,347,卖盘
559,13:57:54,3.47,--,100,34700,卖盘
560,13:57:45,3.47,--,50,17350,卖盘
561,13:57:42,3.47,--,76,26372,卖盘
562,13:57:39,3.47,-0.01,43,14921,卖盘
563,13:57:24,3.48,0.01,1039,361572,买盘
564,13:57:21,3.47,-0.01,3,1041,卖盘
565,13:57:15,3.48,0.01,31,10788,买盘
566,13:57:09,3.47,--,61,21167,卖盘
567,13:56:39,3.47,-0.01,573,198831,卖盘
568,13:56:36,3.48,--,1,348,买盘
569,13:56:27,3.48,0.01,1041,362268,买盘
570,13:56:24,3.47,--,4,1388,卖盘
571,13:56:12,3.47,--,2,694,卖盘
572,13:56:09,3.47,--,23,7981,卖盘
573,13:56:06,3.47,--,2,694,卖盘
574,13:56:00,3.47,--,2,694,卖盘
575,13:55:57,3.47,-0.01,3,1041,卖盘
576,13:55:54,3.48,--,13,4524,买盘
577,13:55:42,3.48,--,43,14964,卖盘
578,13:55:39,3.48,--,25,8700,卖盘
579,13:55:33,3.48,--,14,4872,卖盘
580,13:55:30,3.48,--,550,191400,卖盘
581,13:55:27,3.48,--,1122,390456,卖盘
582,13:55:24,3.48,--,10,3480,卖盘
583,13:55:18,3.48,--,129,44892,卖盘
584,13:55:06,3.48,--,1,348,卖盘
585,13:55:03,3.48,--,500,174000,卖盘
586,13:54:57,3.48,--,20,6960,卖盘
587,13:54:54,3.48,-0.01,110,38280,卖盘
588,13:54:51,3.49,0.01,9,3141,买盘
589,13:54:48,3.48,--,100,34800,卖盘
590,13:54:33,3.48,--,51,17748,卖盘
591,13:54:30,3.48,--,607,211236,买盘
592,13:54:27,3.48,--,3,1044,买盘
593,13:54:15,3.48,0.01,10,3480,买盘
594,13:54:12,3.47,-0.01,1,347,卖盘
595,13:53:45,3.48,-0.01,260,90480,卖盘
596,13:53:42,3.49,0.01,20,6980,买盘
597,13:53:39,3.48,--,2,696,卖盘
598,13:53:36,3.48,-0.01,500,174000,卖盘
599,13:53:33,3.49,0.01,1037,361913,买盘
600,13:53:09,3.48,--,4,1392,卖盘
601,13:53:06,3.48,--,476,165648,买盘
602,13:52:57,3.48,0.01,483,168084,买盘
603,13:52:54,3.47,-0.01,10,3470,卖盘
604,13:52:33,3.48,0.01,258,89784,买盘
605,13:52:24,3.47,--,30,10410,卖盘
606,13:52:03,3.47,-0.01,500,173500,卖盘
607,13:52:00,3.48,--,483,168084,买盘
608,13:51:36,3.48,--,4,1392,卖盘
609,13:51:33,3.48,--,37,12876,卖盘
610,13:51:30,3.48,--,10,3480,卖盘
611,13:51:21,3.48,--,139,48372,卖盘
612,13:51:15,3.48,--,3,1044,卖盘
613,13:51:12,3.48,--,787,273876,卖盘
614,13:51:06,3.48,--,100,34800,卖盘
615,13:51:03,3.48,-0.01,10,3480,卖盘
616,13:51:00,3.49,--,482,168218,买盘
617,13:50:45,3.49,0.01,14,4886,买盘
618,13:50:42,3.48,--,60,20880,卖盘
619,13:50:30,3.48,--,50,17400,卖盘
620,13:50:24,3.48,--,55,19140,卖盘
621,13:50:12,3.48,--,2,696,卖盘
622,13:50:09,3.48,-0.01,15,5220,卖盘
623,13:50:03,3.49,0.01,483,168567,买盘
624,13:50:00,3.48,--,4,1392,卖盘
625,13:49:57,3.48,--,22,7656,卖盘
626,13:49:51,3.48,-0.01,2,696,卖盘
627,13:49:45,3.49,0.01,10,3490,买盘
628,13:49:42,3.48,--,2,696,卖盘
629,13:49:36,3.48,--,2,696,卖盘
630,13:49:27,3.48,-0.01,2,696,卖盘
631,13:49:24,3.49,--,30,10470,卖盘
632,13:49:18,3.49,--,50,17450,卖盘
633,13:49:15,3.49,--,2,698,卖盘
634,13:49:06,3.49,-0.01,30,10470,卖盘
635,13:49:03,3.5,0.01,483,169050,买盘
636,13:48:15,3.49,--,33,11517,卖盘
637,13:48:09,3.49,--,10,3490,卖盘
638,13:48:06,3.49,--,373,130177,买盘
639,13:48:03,3.49,--,3,1047,买盘
640,13:47:39,3.49,--,1,349,买盘
641,13:47:36,3.49,--,9,3141,买盘
642,13:47:30,3.49,--,228,79572,卖盘
643,13:47:21,3.49,-0.01,10,3490,卖盘
644,13:47:15,3.5,0.01,7,2450,买盘
645,13:47:09,3.49,-0.01,216,75384,卖盘
646,13:47:06,3.5,0.02,129,45150,买盘
647,13:47:00,3.48,-0.01,19,6612,卖盘
648,13:46:54,3.49,--,20,6980,买盘
649,13:46:42,3.49,--,149,52001,卖盘
650,13:46:36,3.49,--,156,54444,卖盘
651,13:46:30,3.49,--,23,8027,卖盘
652,13:46:09,3.49,--,205,71545,买盘
653,13:46:03,3.49,0.01,10,3490,买盘
654,13:45:57,3.48,-0.01,35,12180,卖盘
655,13:45:39,3.49,0.01,50,17450,买盘
656,13:45:30,3.48,-0.01,60,20880,卖盘
657,13:45:27,3.49,--,823,287227,买盘
658,13:45:24,3.49,--,400,139600,买盘
659,13:45:12,3.49,0.01,482,168218,买盘
660,13:44:57,3.48,--,23,8004,卖盘
661,13:44:27,3.48,--,23,8004,卖盘
662,13:44:12,3.48,--,434,151032,买盘
663,13:44:09,3.48,0.01,70,24360,买盘
664,13:43:57,3.47,--,23,7981,卖盘
665,13:43:27,3.47,-0.01,23,7981,卖盘
666,13:43:21,3.48,-0.01,20,6960,卖盘
667,13:43:15,3.49,0.01,486,169614,买盘
668,13:43:09,3.48,--,32,11136,卖盘
669,13:42:54,3.48,--,23,8004,卖盘
670,13:42:45,3.48,0.01,7,2436,中性盘
671,13:42:36,3.47,--,288,99936,卖盘
672,13:42:24,3.47,-0.02,23,7981,卖盘
673,13:42:21,3.49,--,40,13960,买盘
674,13:42:15,3.49,0.01,482,168218,买盘
675,13:42:12,3.48,--,76,26448,卖盘
676,13:42:09,3.48,--,230,80040,卖盘
677,13:42:03,3.48,--,8,2784,卖盘
678,13:41:57,3.48,--,50,17400,卖盘
679,13:41:45,3.48,--,286,99528,卖盘
680,13:41:18,3.48,0.01,132,45936,买盘
681,13:41:12,3.47,--,1,347,卖盘
682,13:40:54,3.47,-0.01,40,13880,卖盘
683,13:40:45,3.48,--,4,1392,买盘
684,13:40:36,3.48,--,109,37932,买盘
685,13:40:18,3.48,--,493,171564,买盘
686,13:39:39,3.48,--,46,16008,买盘
687,13:39:33,3.48,0.01,3,1044,买盘
688,13:39:27,3.47,-0.01,216,74952,卖盘
689,13:39:21,3.48,0.01,482,167736,买盘
690,13:39:00,3.47,--,107,37129,卖盘
691,13:38:39,3.47,-0.01,2,694,卖盘
692,13:38:21,3.48,0.01,483,168084,买盘
693,13:38:06,3.47,--,4,1388,卖盘
694,13:38:00,3.47,--,3,1041,卖盘
695,13:37:54,3.47,--,2,694,卖盘
696,13:37:48,3.47,--,32,11104,卖盘
697,13:37:42,3.47,-0.01,3,1041,卖盘
698,13:37:39,3.48,--,506,176088,卖盘
699,13:37:24,3.48,0.01,50,17400,买盘
700,13:37:18,3.47,--,1,347,卖盘
701,13:37:15,3.47,--,520,180440,卖盘
702,13:37:12,3.47,--,1,347,卖盘
703,13:37:03,3.47,--,1,347,卖盘
704,13:37:00,3.47,--,1,347,卖盘
705,13:36:57,3.47,--,146,50662,卖盘
706,13:36:48,3.47,-0.01,5,1735,卖盘
707,13:36:45,3.48,--,200,69600,买盘
708,13:36:42,3.48,--,96,33408,买盘
709,13:36:39,3.48,--,20,6960,买盘
710,13:36:24,3.48,--,482,167736,买盘
711,13:36:21,3.48,0.01,50,17400,买盘
712,13:36:18,3.47,-0.01,2,694,卖盘
713,13:36:00,3.48,--,50,17400,买盘
714,13:35:57,3.48,0.01,100,34800,买盘
715,13:35:51,3.47,-0.01,16,5552,卖盘
716,13:35:42,3.48,--,20,6960,买盘
717,13:35:33,3.48,--,14,4872,买盘
718,13:35:27,3.48,0.01,483,168084,买盘
719,13:35:03,3.47,--,20,6940,卖盘
720,13:34:39,3.47,--,2,694,卖盘
721,13:34:33,3.47,-0.01,1,347,卖盘
722,13:34:30,3.48,0.01,483,168084,买盘
723,13:34:15,3.47,-0.01,9,3123,卖盘
724,13:33:54,3.48,--,10,3480,买盘
725,13:33:39,3.48,--,10,3480,买盘
726,13:33:30,3.48,--,482,167736,买盘
727,13:33:06,3.48,0.01,13,4524,买盘
728,13:33:00,3.47,-0.01,19,6593,卖盘
729,13:32:57,3.48,--,930,323640,买盘
730,13:32:51,3.48,-0.01,23,8004,卖盘
731,13:32:42,3.49,0.01,94,32806,买盘
732,13:32:33,3.48,-0.01,13,4524,卖盘
733,13:32:30,3.49,0.01,506,176594,买盘
734,13:32:21,3.48,--,50,17400,卖盘
735,13:32:06,3.48,--,50,17400,卖盘
736,13:32:00,3.48,--,23,8004,卖盘
737,13:31:51,3.48,--,18,6264,卖盘
738,13:31:48,3.48,--,80,27840,卖盘
739,13:31:45,3.48,--,8,2784,卖盘
740,13:31:39,3.48,--,2,696,卖盘
741,13:31:33,3.48,0.01,302,105096,买盘
742,13:31:30,3.47,-0.01,27,9369,卖盘
743,13:31:27,3.48,--,91,31668,买盘
744,13:31:21,3.48,--,331,115188,买盘
745,13:31:06,3.48,0.01,200,69600,买盘
746,13:31:03,3.47,--,40,13880,卖盘
747,13:30:57,3.47,-0.01,23,7981,卖盘
748,13:30:39,3.48,--,432,150336,买盘
749,13:30:33,3.48,0.01,483,168084,买盘
750,13:30:30,3.47,--,1,347,卖盘
751,13:30:27,3.47,-0.01,23,7981,卖盘
752,13:30:24,3.48,0.01,8,2784,买盘
753,13:30:09,3.47,--,208,72176,卖盘
754,13:30:03,3.47,--,79,27413,卖盘
755,13:29:54,3.47,-0.01,23,7981,卖盘
756,13:29:51,3.48,0.01,200,69600,买盘
757,13:29:42,3.47,-0.01,2,694,卖盘
758,13:29:36,3.48,--,483,168084,买盘
759,13:29:33,3.48,0.01,215,74820,买盘
760,13:29:24,3.47,-0.01,23,7981,卖盘
761,13:29:18,3.48,--,3,1044,买盘
762,13:29:15,3.48,0.01,41,14268,买盘
763,13:29:00,3.47,--,10,3470,卖盘
764,13:28:51,3.47,-0.01,26,9022,卖盘
765,13:28:48,3.48,0.01,3,1044,买盘
766,13:28:45,3.47,--,300,104100,卖盘
767,13:28:39,3.47,--,484,167948,卖盘
768,13:28:24,3.47,--,100,34700,卖盘
769,13:28:21,3.47,0.01,157,54479,买盘
770,13:28:12,3.46,-0.01,1,346,卖盘
771,13:28:09,3.47,--,1,347,买盘
772,13:28:00,3.47,--,1010,350470,买盘
773,13:27:48,3.47,--,24,8328,卖盘
774,13:27:45,3.47,-0.01,100,34700,卖盘
775,13:27:39,3.48,0.01,482,167736,买盘
776,13:27:24,3.47,--,2,694,卖盘
777,13:27:18,3.47,--,200,69400,卖盘
778,13:26:54,3.47,--,1,347,卖盘
779,13:26:48,3.47,-0.01,10,3470,卖盘
780,13:26:39,3.48,0.01,483,168084,买盘
781,13:26:12,3.47,--,100,34700,卖盘
782,13:25:54,3.47,-0.01,42,14574,卖盘
783,13:25:42,3.48,0.01,483,168084,买盘
784,13:25:33,3.47,--,59,20473,买盘
785,13:25:21,3.47,--,238,82586,买盘
786,13:25:18,3.47,--,13,4511,买盘
787,13:25:15,3.47,--,5,1735,买盘
788,13:25:09,3.47,--,36,12492,买盘
789,13:24:57,3.47,--,500,173500,买盘
790,13:24:45,3.47,--,483,167601,买盘
791,13:24:39,3.47,--,1010,350470,买盘
792,13:24:36,3.47,0.01,2,694,买盘
793,13:24:03,3.46,-0.01,43,14878,卖盘
794,13:23:48,3.47,--,483,167601,买盘
795,13:23:39,3.47,0.01,9,3123,买盘
796,13:23:09,3.46,--,30,10380,卖盘
797,13:22:48,3.46,--,503,174038,卖盘
798,13:22:45,3.46,--,76,26296,卖盘
799,13:22:42,3.46,-0.01,25,8650,卖盘
800,13:22:39,3.47,0.01,46,15962,买盘
801,13:22:24,3.46,--,27,9342,卖盘
802,13:22:18,3.46,-0.01,23,7958,卖盘
803,13:22:15,3.47,--,10,3470,买盘
804,13:22:09,3.47,--,2,694,买盘
805,13:21:51,3.47,0.01,482,167254,买盘
806,13:21:45,3.46,--,23,7958,卖盘
807,13:21:27,3.46,--,40,13840,卖盘
808,13:21:18,3.46,--,23,7958,卖盘
809,13:21:15,3.46,--,23,7958,卖盘
810,13:21:09,3.46,--,52,17992,卖盘
811,13:21:03,3.46,-0.01,5,1730,卖盘
812,13:20:51,3.47,0.01,483,167601,买盘
813,13:20:45,3.46,--,28,9688,卖盘
814,13:20:30,3.46,-0.01,3,1038,卖盘
815,13:20:27,3.47,0.01,83,28801,买盘
816,13:20:15,3.46,--,6,2076,卖盘
817,13:20:12,3.46,-0.01,23,7958,卖盘
818,13:20:00,3.47,--,9,3123,买盘
819,13:19:57,3.47,0.01,4,1388,买盘
820,13:19:42,3.46,--,23,7958,卖盘
821,13:19:30,3.46,--,6,2076,卖盘
822,13:19:27,3.46,-0.01,67,23182,卖盘
823,13:19:24,3.47,0.01,35,12145,买盘
824,13:19:12,3.46,--,23,7958,卖盘
825,13:19:09,3.46,--,4,1397,卖盘
826,13:19:06,3.46,-0.01,30,10380,卖盘
827,13:19:00,3.47,--,1,347,买盘
828,13:18:54,3.47,--,5,1735,买盘
829,13:18:51,3.47,0.01,1,347,买盘
830,13:18:42,3.46,-0.01,23,7958,卖盘
831,13:18:33,3.47,--,35,12145,买盘
832,13:18:27,3.47,0.01,13,4511,买盘
833,13:18:21,3.46,--,4,1384,卖盘
834,13:18:12,3.46,-0.01,23,7958,卖盘
835,13:18:06,3.47,--,10,3470,买盘
836,13:18:03,3.47,0.01,1,347,买盘
837,13:17:57,3.46,--,54,18684,卖盘
838,13:17:51,3.46,-0.01,30,10380,卖盘
839,13:17:48,3.47,--,34,11798,买盘
840,13:17:36,3.47,--,35,12145,买盘
841,13:17:24,3.47,0.01,10,3470,买盘
842,13:17:03,3.46,-0.01,506,175076,卖盘
843,13:16:48,3.47,--,30,10410,买盘
844,13:16:45,3.47,--,7,2429,买盘
845,13:16:39,3.47,--,10,3470,买盘
846,13:16:33,3.47,--,2,694,买盘
847,13:16:30,3.47,--,500,173500,买盘
848,13:16:15,3.47,--,36,12492,买盘
849,13:16:03,3.47,--,17,5899,买盘
850,13:16:00,3.47,--,39,13533,买盘
851,13:15:51,3.47,--,4,1388,买盘
852,13:15:36,3.47,--,9,3123,买盘
853,13:15:27,3.47,--,2,694,买盘
854,13:15:24,3.47,--,16,5552,买盘
855,13:15:09,3.47,0.01,10,3470,买盘
856,13:15:06,3.46,-0.01,90,31140,卖盘
857,13:14:45,3.47,--,500,173500,买盘
858,13:14:27,3.47,0.01,4,1388,买盘
859,13:14:24,3.46,-0.01,10,3460,卖盘
860,13:14:21,3.47,--,2,694,买盘
861,13:14:00,3.47,0.01,1,347,买盘
862,13:13:51,3.46,-0.01,1,346,卖盘
863,13:13:45,3.47,--,149,51703,买盘
864,13:13:36,3.47,--,1,347,买盘
865,13:13:33,3.47,--,462,160314,卖盘
866,13:13:24,3.47,--,1,347,卖盘
867,13:13:18,3.47,-0.01,6,2082,卖盘
868,13:13:15,3.48,0.01,30,10440,买盘
869,13:13:12,3.47,--,1,347,卖盘
870,13:13:06,3.47,--,78,27066,卖盘
871,13:12:45,3.47,--,20,6940,卖盘
872,13:12:42,3.47,--,22,7634,卖盘
873,13:12:24,3.47,--,202,70094,买盘
874,13:12:18,3.47,0.01,100,34700,买盘
875,13:12:15,3.46,-0.01,23,7958,卖盘
876,13:12:12,3.47,--,20,6940,买盘
877,13:12:00,3.47,--,124,43028,买盘
878,13:11:57,3.47,--,21,7287,买盘
879,13:11:48,3.47,0.01,30,10410,买盘
880,13:11:45,3.46,-0.01,23,7958,卖盘
881,13:11:36,3.47,--,300,104100,买盘
882,13:11:18,3.47,0.01,3,1041,买盘
883,13:11:15,3.46,-0.01,23,7958,卖盘
884,13:11:09,3.47,--,50,17350,买盘
885,13:11:03,3.47,--,110,38170,买盘
886,13:10:51,3.47,0.01,50,17350,买盘
887,13:10:45,3.46,-0.01,23,7958,卖盘
888,13:10:30,3.47,--,4,1388,买盘
889,13:10:27,3.47,0.01,11,3817,买盘
890,13:10:24,3.46,--,2,692,卖盘
891,13:10:15,3.46,-0.01,23,7958,卖盘
892,13:09:54,3.47,0.01,3,1041,买盘
893,13:09:51,3.46,-0.01,101,34946,卖盘
894,13:09:48,3.47,0.01,5,1735,买盘
895,13:09:42,3.46,-0.01,23,7958,卖盘
896,13:09:24,3.47,0.01,100,34700,买盘
897,13:09:12,3.46,--,23,7958,卖盘
898,13:09:00,3.46,--,78,26988,卖盘
899,13:08:42,3.46,--,23,7958,卖盘
900,13:08:33,3.46,--,58,20068,卖盘
901,13:08:12,3.46,--,36,12456,卖盘
902,13:08:06,3.46,--,25,8650,卖盘
903,13:07:39,3.46,--,5,1730,卖盘
904,13:07:33,3.46,--,50,17300,卖盘
905,13:06:54,3.46,--,10,3460,卖盘
906,13:06:21,3.46,-0.01,7,2422,卖盘
907,13:06:00,3.47,0.01,94,32618,买盘
908,13:05:42,3.46,-0.01,27,9342,卖盘
909,13:05:21,3.47,0.01,606,210282,买盘
910,13:05:09,3.46,-0.01,24,8304,卖盘
911,13:05:03,3.47,0.01,102,35394,买盘
912,13:04:03,3.46,-0.01,2,692,卖盘
913,13:03:45,3.47,--,1,347,买盘
914,13:03:21,3.47,--,10,3470,买盘
915,13:03:15,3.47,0.01,1120,388640,买盘
916,13:03:06,3.46,-0.01,40,13840,卖盘
917,13:03:03,3.47,--,2,694,买盘
918,13:01:57,3.47,-0.01,207,71950,卖盘
919,13:01:54,3.48,0.01,14,4872,买盘
920,13:01:39,3.47,--,17,5899,卖盘
921,13:01:33,3.47,--,40,13880,卖盘
922,13:01:06,3.47,--,4,1388,卖盘
923,13:00:42,3.47,--,8,2776,卖盘
924,13:00:39,3.47,--,241,83852,买盘
925,13:00:36,3.47,--,30,10410,买盘
926,13:00:15,3.47,--,2,694,买盘
927,13:00:12,3.47,--,13,4511,买盘
928,13:00:06,3.47,0.01,65,22555,买盘
929,13:00:03,3.46,-0.01,830,287180,卖盘
930,13:00:00,3.47,--,0,0,买盘
931,11:30:00,3.47,--,0,0,买盘
932,11:29:57,3.47,0.01,10,3470,买盘
933,11:29:42,3.46,-0.01,160,55360,卖盘
934,11:29:15,3.47,--,101,35047,卖盘
935,11:29:00,3.47,--,101,35047,卖盘
936,11:28:54,3.47,--,9,3123,卖盘
937,11:28:48,3.47,-0.01,291,100977,卖盘
938,11:28:42,3.48,--,75,26100,买盘
939,11:28:39,3.48,0.01,2,696,买盘
940,11:28:36,3.47,--,15,5205,卖盘
941,11:28:24,3.47,--,80,27760,卖盘
942,11:27:54,3.47,--,3,1041,卖盘
943,11:27:39,3.47,--,600,208200,卖盘
944,11:27:30,3.47,-0.01,4,1388,卖盘
945,11:27:27,3.48,0.01,183,63684,买盘
946,11:26:27,3.47,--,40,13880,卖盘
947,11:25:57,3.47,--,48,16656,卖盘
948,11:25:42,3.47,--,10,3470,卖盘
949,11:25:30,3.47,--,103,35741,卖盘
950,11:24:30,3.47,-0.01,46,15962,卖盘
951,11:24:27,3.48,--,10,3480,买盘
952,11:24:12,3.48,0.01,2,696,买盘
953,11:23:42,3.47,--,4,1388,卖盘
954,11:23:33,3.47,--,50,17350,卖盘
955,11:23:15,3.47,--,236,81892,卖盘
956,11:22:42,3.47,--,17,5899,卖盘
957,11:22:12,3.47,--,19,6593,卖盘
958,11:21:42,3.47,-0.01,19,6593,卖盘
959,11:21:33,3.48,0.01,266,92568,买盘
960,11:21:12,3.47,--,19,6593,卖盘
961,11:20:57,3.47,--,132,45804,卖盘
962,11:20:39,3.47,--,28,9716,卖盘
963,11:20:24,3.47,-0.01,40,13880,卖盘
964,11:20:21,3.48,0.01,3,1044,买盘
965,11:20:09,3.47,-0.01,19,6593,卖盘
966,11:20:03,3.48,--,12,4176,买盘
967,11:19:48,3.48,--,13,4524,买盘
968,11:19:45,3.48,0.01,5,1740,买盘
969,11:19:39,3.47,--,19,6593,卖盘
970,11:19:33,3.47,-0.01,4,1388,卖盘
971,11:19:30,3.48,--,5,1740,买盘
972,11:19:27,3.48,--,1,348,买盘
973,11:19:21,3.48,--,9,3132,买盘
974,11:19:18,3.48,0.01,43,14964,买盘
975,11:19:09,3.47,-0.01,19,6593,卖盘
976,11:19:03,3.48,0.01,5,1740,买盘
977,11:18:51,3.47,--,10,3470,卖盘
978,11:18:45,3.47,--,10,3470,卖盘
979,11:18:39,3.47,--,53,18391,卖盘
980,11:18:30,3.47,0.01,955,331385,买盘
981,11:18:24,3.46,-0.01,20,6920,卖盘
982,11:18:18,3.47,--,101,35047,买盘
983,11:18:15,3.47,--,34,11798,买盘
984,11:18:12,3.47,0.01,10,3470,买盘
985,11:18:09,3.46,-0.01,19,6574,卖盘
986,11:18:06,3.47,--,51,17697,买盘
987,11:18:03,3.47,--,53,18391,买盘
988,11:18:00,3.47,--,66,22902,买盘
989,11:17:57,3.47,0.01,320,111040,买盘
990,11:17:54,3.46,-0.01,16,5536,卖盘
991,11:17:39,3.47,0.01,20,6940,买盘
992,11:17:18,3.46,-0.01,160,55360,卖盘
993,11:16:27,3.47,--,31,10757,买盘
994,11:15:48,3.47,--,30,10410,买盘
995,11:15:39,3.47,0.01,200,69400,买盘
996,11:15:36,3.46,-0.01,1000,346000,卖盘
997,11:15:12,3.47,--,216,75222,卖盘
998,11:15:09,3.47,--,600,208200,卖盘
999,11:15:06,3.47,--,13,4511,卖盘
1000,11:15:03,3.47,--,27,9369,卖盘
1001,11:15:00,3.47,--,1668,578872,卖盘
1002,11:14:48,3.47,--,1,347,卖盘
1003,11:14:39,3.47,--,211,73217,卖盘
1004,11:14:27,3.47,-0.01,1,347,卖盘
1005,11:13:57,3.48,0.01,51,17748,买盘
1006,11:13:36,3.47,--,36,12492,卖盘
1007,11:13:09,3.47,--,1810,628070,卖盘
1008,11:13:00,3.47,--,43,14921,卖盘
1009,11:12:57,3.47,--,9,3123,卖盘
1010,11:12:54,3.47,-0.01,5,1735,卖盘
1011,11:12:48,3.48,0.01,10,3480,买盘
1012,11:12:39,3.47,--,13,4511,卖盘
1013,11:12:27,3.47,--,67,23249,卖盘
1014,11:12:24,3.47,--,1,347,卖盘
1015,11:12:00,3.47,-0.01,10,3470,卖盘
1016,11:11:54,3.48,--,3,1044,买盘
1017,11:11:48,3.48,0.01,1,348,买盘
1018,11:11:27,3.47,--,20,6940,卖盘
1019,11:11:18,3.47,--,200,69400,卖盘
1020,11:11:12,3.47,--,300,104100,卖盘
1021,11:11:09,3.47,-0.01,36,12492,卖盘
1022,11:11:00,3.48,--,10,3480,买盘
1023,11:10:42,3.48,--,200,69600,买盘
1024,11:10:33,3.48,--,25,8700,买盘
1025,11:10:21,3.48,--,1,348,买盘
1026,11:10:06,3.48,--,72,25056,买盘
1027,11:09:54,3.48,--,3,1044,买盘
1028,11:09:51,3.48,--,407,141636,卖盘
1029,11:09:45,3.48,--,10,3480,卖盘
1030,11:09:06,3.48,-0.01,22,7656,卖盘
1031,11:09:00,3.49,--,1,349,买盘
1032,11:08:48,3.49,0.01,49,17101,买盘
1033,11:08:42,3.48,-0.01,46,16008,卖盘
1034,11:08:15,3.49,0.01,204,71196,买盘
1035,11:07:57,3.48,-0.01,54,18792,卖盘
1036,11:07:30,3.49,0.01,57,19893,买盘
1037,11:07:12,3.48,--,3,1044,卖盘
1038,11:06:57,3.48,-0.01,3,1044,卖盘
1039,11:06:42,3.49,0.01,10,3490,买盘
1040,11:06:39,3.48,-0.01,46,16008,卖盘
1041,11:06:21,3.49,--,15,5235,买盘
1042,11:06:15,3.49,--,1,349,买盘
1043,11:06:09,3.49,--,51,17799,买盘
1044,11:05:39,3.49,--,278,97022,买盘
1045,11:05:36,3.49,--,91,31759,买盘
1046,11:05:24,3.49,0.01,1,349,买盘
1047,11:05:21,3.48,--,8,2784,卖盘
1048,11:05:06,3.48,-0.01,20,6960,卖盘
1049,11:05:00,3.49,--,3,1047,买盘
1050,11:04:51,3.49,--,51,17799,买盘
1051,11:04:27,3.49,0.01,13,4537,买盘
1052,11:04:21,3.48,-0.01,1,348,卖盘
1053,11:04:00,3.49,--,200,69800,买盘
1054,11:03:30,3.49,--,50,17450,买盘
1055,11:03:24,3.49,--,168,58632,买盘
1056,11:03:15,3.49,--,113,39437,买盘
1057,11:02:45,3.49,0.01,160,55840,买盘
1058,11:02:42,3.48,-0.01,14,4872,卖盘
1059,11:02:18,3.49,0.01,100,34900,买盘
1060,11:02:12,3.48,--,67,23316,卖盘
1061,11:01:57,3.48,-0.01,10,3480,卖盘
1062,11:01:48,3.49,0.01,135,47115,买盘
1063,11:01:42,3.48,-0.01,17,5916,卖盘
1064,11:01:30,3.49,0.01,10,3490,买盘
1065,11:01:24,3.48,-0.01,479,166692,卖盘
1066,11:01:21,3.49,0.01,100,34900,买盘
1067,11:01:12,3.48,-0.01,17,5916,卖盘
1068,11:00:51,3.49,0.01,192,67008,买盘
1069,11:00:45,3.48,--,1,348,卖盘
1070,11:00:42,3.48,-0.02,17,5916,卖盘
1071,11:00:39,3.5,0.02,1231,430850,买盘
1072,11:00:33,3.48,--,81,28188,买盘
1073,11:00:30,3.48,-0.01,219,76212,卖盘
1074,11:00:27,3.49,0.01,858,299442,买盘
1075,11:00:18,3.48,--,772,268656,卖盘
1076,11:00:12,3.48,-0.01,71,24708,卖盘
1077,11:00:06,3.49,--,80,27920,买盘
1078,11:00:03,3.49,0.01,23,8027,买盘
1079,10:59:57,3.48,--,1,348,卖盘
1080,10:59:42,3.48,--,17,5916,卖盘
1081,10:59:36,3.48,0.01,70,24360,中性盘
1082,10:59:09,3.47,--,17,5899,卖盘
1083,10:59:03,3.47,-0.01,1000,347000,卖盘
1084,10:59:00,3.48,--,777,270396,卖盘
1085,10:58:51,3.48,--,324,112752,卖盘
1086,10:58:39,3.48,--,200,69600,买盘
1087,10:58:33,3.48,--,20,6960,买盘
1088,10:58:21,3.48,--,30,10440,买盘
1089,10:58:18,3.48,-0.01,5,1740,卖盘
1090,10:58:15,3.49,0.01,45,15705,买盘
1091,10:58:12,3.48,0.01,5,1740,买盘
1092,10:58:09,3.47,-0.01,17,5899,卖盘
1093,10:58:06,3.48,--,144,50112,买盘
1094,10:58:03,3.48,--,1,348,买盘
1095,10:57:54,3.48,--,299,104052,卖盘
1096,10:57:30,3.48,--,10,3480,卖盘
1097,10:57:24,3.48,--,92,32016,买盘
1098,10:57:18,3.48,--,125,43500,买盘
1099,10:57:15,3.48,--,2,696,买盘
1100,10:57:12,3.48,--,48,16704,买盘
1101,10:57:06,3.48,--,1,348,买盘
1102,10:56:48,3.48,-0.01,142,49416,卖盘
1103,10:56:36,3.49,0.01,509,177641,买盘
1104,10:56:30,3.48,--,2,696,买盘
1105,10:56:24,3.48,--,4,1392,买盘
1106,10:56:15,3.48,--,1,348,买盘
1107,10:56:12,3.48,--,223,77604,卖盘
1108,10:56:00,3.48,--,200,69600,卖盘
1109,10:55:54,3.48,--,10,3480,卖盘
1110,10:55:45,3.48,-0.01,21,7308,卖盘
1111,10:55:36,3.49,--,46,16054,买盘
1112,10:55:27,3.49,0.01,134,46766,买盘
1113,10:55:06,3.48,--,6,2088,买盘
1114,10:55:00,3.48,--,8,2784,卖盘
1115,10:54:57,3.48,0.01,71,24708,买盘
1116,10:54:45,3.47,-0.01,1,347,卖盘
1117,10:54:36,3.48,-0.01,5,1740,中性盘
1118,10:54:27,3.49,0.01,200,69800,买盘
1119,10:54:21,3.48,-0.01,17,5916,卖盘
1120,10:54:09,3.49,0.01,5,1745,买盘
1121,10:54:03,3.48,-0.01,6,2088,卖盘
1122,10:53:54,3.49,0.01,1,349,买盘
1123,10:53:51,3.48,--,20,6960,卖盘
1124,10:53:48,3.48,-0.01,359,124932,卖盘
1125,10:53:45,3.49,0.01,3,1047,买盘
1126,10:53:33,3.48,--,40,13920,卖盘
1127,10:53:18,3.48,-0.01,1230,428040,卖盘
1128,10:53:06,3.49,0.01,46,16054,买盘
1129,10:52:57,3.48,--,897,312156,卖盘
1130,10:52:42,3.48,--,12,4176,卖盘
1131,10:52:36,3.48,-0.01,50,17400,卖盘
1132,10:52:33,3.49,0.01,200,69800,买盘
1133,10:52:21,3.48,-0.01,10,3480,卖盘
1134,10:52:18,3.49,0.01,13,4537,买盘
1135,10:52:12,3.48,--,17,5916,卖盘
1136,10:51:42,3.48,-0.01,17,5916,卖盘
1137,10:51:30,3.49,--,46,16054,买盘
1138,10:51:24,3.49,0.01,50,17450,买盘
1139,10:51:12,3.48,--,17,5916,卖盘
1140,10:51:06,3.48,--,4,1392,卖盘
1141,10:50:45,3.48,--,20,6960,卖盘
1142,10:50:42,3.48,--,17,5916,卖盘
1143,10:50:36,3.48,--,96,33408,卖盘
1144,10:50:12,3.48,-0.01,37,12876,卖盘
1145,10:50:06,3.49,0.01,4,1396,买盘
1146,10:49:39,3.48,--,94,32712,卖盘
1147,10:49:18,3.48,--,500,174000,卖盘
1148,10:49:15,3.48,--,2,696,卖盘
1149,10:49:09,3.48,--,454,157992,卖盘
1150,10:48:39,3.48,--,17,5916,卖盘
1151,10:48:36,3.48,-0.01,3,1044,卖盘
1152,10:48:24,3.49,0.01,144,50256,买盘
1153,10:48:18,3.48,--,2,696,卖盘
1154,10:48:15,3.48,--,2,696,卖盘
1155,10:48:09,3.48,-0.01,17,5916,卖盘
1156,10:47:54,3.49,--,8,2792,买盘
1157,10:47:51,3.49,--,8,2792,买盘
1158,10:47:33,3.49,--,67,23383,买盘
1159,10:47:24,3.49,--,20,6980,买盘
1160,10:47:18,3.49,0.01,10,3490,买盘
1161,10:47:15,3.48,-0.01,8,2784,卖盘
1162,10:47:12,3.49,--,14,4886,买盘
1163,10:47:09,3.49,--,44,15356,买盘
1164,10:47:06,3.49,--,100,34900,买盘
1165,10:46:51,3.49,0.01,30,10470,买盘
1166,10:46:48,3.48,-0.01,555,193140,卖盘
1167,10:46:39,3.49,--,5,1745,买盘
1168,10:46:36,3.49,--,102,35598,买盘
1169,10:46:30,3.49,--,46,16054,买盘
1170,10:46:27,3.49,--,1,349,买盘
1171,10:46:24,3.49,--,10,3490,买盘
1172,10:46:18,3.49,--,106,36994,买盘
1173,10:46:09,3.49,--,100,34900,买盘
1174,10:46:03,3.49,0.01,793,276757,买盘
1175,10:46:00,3.48,-0.01,2,696,卖盘
1176,10:45:57,3.49,--,1,349,买盘
1177,10:45:39,3.49,--,100,34900,买盘
1178,10:45:30,3.49,--,200,69800,买盘
1179,10:45:06,3.49,--,45,15705,买盘
1180,10:45:03,3.49,--,5,1745,买盘
1181,10:44:57,3.49,0.01,200,69800,买盘
1182,10:44:36,3.48,-0.01,51,17748,卖盘
1183,10:44:03,3.49,0.01,212,73988,买盘
1184,10:43:33,3.48,--,217,75516,卖盘
1185,10:43:03,3.48,-0.01,17,5916,卖盘
1186,10:42:45,3.49,0.01,11,3839,买盘
1187,10:42:39,3.48,-0.01,1302,453096,卖盘
1188,10:42:36,3.49,0.01,20,6980,买盘
1189,10:42:33,3.48,-0.01,17,5916,卖盘
1190,10:42:27,3.49,--,389,135761,买盘
1191,10:42:24,3.49,0.01,60,20940,买盘
1192,10:42:03,3.48,-0.01,17,5916,卖盘
1193,10:42:00,3.49,0.01,35,12215,买盘
1194,10:41:54,3.48,-0.01,13,4524,卖盘
1195,10:41:48,3.49,--,4,1396,买盘
1196,10:41:42,3.49,0.01,100,34900,买盘
1197,10:41:33,3.48,-0.01,17,5916,卖盘
1198,10:41:27,3.49,--,79,27571,买盘
1199,10:41:24,3.49,--,20,6980,买盘
1200,10:41:06,3.49,0.01,10,3490,买盘
1201,10:41:00,3.48,-0.01,54,18792,卖盘
1202,10:40:57,3.49,0.01,66,23034,买盘
1203,10:40:45,3.48,--,20,6960,卖盘
1204,10:40:42,3.48,--,4,1392,卖盘
1205,10:40:30,3.48,-0.01,219,76212,卖盘
1206,10:40:27,3.49,--,42,14958,卖盘
1207,10:40:21,3.49,-0.01,16,5584,卖盘
1208,10:40:18,3.5,0.01,5,1750,买盘
1209,10:40:12,3.49,--,100,34900,卖盘
1210,10:40:00,3.49,--,17,5933,卖盘
1211,10:39:51,3.49,--,5,1745,卖盘
1212,10:39:39,3.49,--,13,4585,买盘
1213,10:39:36,3.49,0.01,5,1745,买盘
1214,10:39:30,3.48,-0.01,17,5916,卖盘
1215,10:39:27,3.49,--,1,349,买盘
1216,10:39:21,3.49,--,10,3490,买盘
1217,10:39:15,3.49,--,123,43227,卖盘
1218,10:39:09,3.49,--,4,1396,卖盘
1219,10:38:57,3.49,-0.01,148,51652,卖盘
1220,10:38:54,3.5,0.01,2,700,买盘
1221,10:38:51,3.49,--,4,1396,卖盘
1222,10:38:45,3.49,--,45,15705,卖盘
1223,10:38:42,3.49,--,25,8725,卖盘
1224,10:38:39,3.49,--,365,127385,卖盘
1225,10:38:33,3.49,--,50,17450,卖盘
1226,10:38:27,3.49,--,62,21638,卖盘
1227,10:38:21,3.49,-0.01,30,10470,卖盘
1228,10:38:18,3.5,0.01,10,3500,买盘
1229,10:38:12,3.49,--,80,27920,卖盘
1230,10:38:06,3.49,-0.01,780,272220,卖盘
1231,10:38:00,3.5,0.01,30,10500,买盘
1232,10:37:54,3.49,--,35,12215,卖盘
1233,10:37:51,3.49,--,14,4886,卖盘
1234,10:37:45,3.49,-0.01,48,16752,卖盘
1235,10:37:42,3.5,0.01,102,35700,买盘
1236,10:37:36,3.49,--,100,34900,卖盘
1237,10:37:30,3.49,-0.01,100,34900,卖盘
1238,10:37:27,3.5,0.01,200,70000,买盘
1239,10:37:21,3.49,--,20,6980,卖盘
1240,10:37:15,3.49,--,51,17799,卖盘
1241,10:37:12,3.49,--,8,2792,卖盘
1242,10:36:57,3.49,--,10,3490,卖盘
1243,10:36:51,3.49,--,52,18148,卖盘
1244,10:36:42,3.49,--,38,13262,卖盘
1245,10:36:33,3.49,--,200,69800,卖盘
1246,10:36:27,3.49,-0.01,10,3490,卖盘
1247,10:36:18,3.5,0.01,345,120750,买盘
1248,10:35:51,3.49,-0.01,130,45370,卖盘
1249,10:35:48,3.5,--,306,107100,买盘
1250,10:35:45,3.5,0.01,13,4550,买盘
1251,10:35:42,3.49,--,100,34900,卖盘
1252,10:35:33,3.49,--,7,2443,卖盘
1253,10:35:27,3.49,--,25,8725,卖盘
1254,10:35:21,3.49,--,504,175896,卖盘
1255,10:35:18,3.49,--,203,70847,卖盘
1256,10:35:15,3.49,--,40,13960,卖盘
1257,10:35:00,3.49,-0.01,25,8725,卖盘
1258,10:34:54,3.5,0.01,1,350,买盘
1259,10:34:15,3.49,--,3,1047,卖盘
1260,10:34:06,3.49,--,7,2443,卖盘
1261,10:34:03,3.49,--,12,4188,卖盘
1262,10:33:57,3.49,--,3,1047,卖盘
1263,10:33:54,3.49,--,138,48210,买盘
1264,10:33:51,3.49,--,150,52350,买盘
1265,10:33:48,3.49,--,149,52001,买盘
1266,10:33:45,3.49,--,321,112029,买盘
1267,10:33:42,3.49,--,14,4886,买盘
1268,10:33:39,3.49,--,408,142392,买盘
1269,10:33:36,3.49,0.01,70,24430,买盘
1270,10:33:33,3.48,-0.01,136,47328,卖盘
1271,10:33:30,3.49,--,468,163332,买盘
1272,10:33:27,3.49,--,155,54095,买盘
1273,10:33:24,3.49,--,62,21638,买盘
1274,10:33:21,3.49,0.01,197,68753,买盘
1275,10:33:18,3.48,-0.01,549,191052,卖盘
1276,10:33:15,3.49,--,30,10470,买盘
1277,10:33:12,3.49,--,9,3141,买盘
1278,10:33:09,3.49,--,80,27920,买盘
1279,10:33:06,3.49,--,84,29316,买盘
1280,10:33:03,3.49,--,19,6631,买盘
1281,10:33:00,3.49,--,100,34900,买盘
1282,10:32:57,3.49,--,603,210447,买盘
1283,10:32:51,3.49,-0.01,2810,980690,卖盘
1284,10:32:45,3.5,--,78,27300,买盘
1285,10:32:36,3.5,--,20,7000,买盘
1286,10:32:33,3.5,--,47,16450,买盘
1287,10:32:27,3.5,0.01,10,3500,买盘
1288,10:32:24,3.49,-0.01,1,349,卖盘
1289,10:32:21,3.5,0.01,200,70000,买盘
1290,10:32:15,3.49,-0.01,1,349,卖盘
1291,10:32:12,3.5,0.01,6,2100,买盘
1292,10:32:09,3.49,--,41,14309,卖盘
1293,10:32:03,3.49,--,310,108190,买盘
1294,10:32:00,3.49,--,3,1047,买盘
1295,10:31:57,3.49,--,921,321429,买盘
1296,10:31:54,3.49,--,281,98069,买盘
1297,10:31:48,3.49,--,908,316892,买盘
1298,10:31:45,3.49,--,431,150419,买盘
1299,10:31:42,3.49,--,160,55840,买盘
1300,10:31:39,3.49,--,60,20940,买盘
1301,10:31:36,3.49,--,3,1047,买盘
1302,10:31:33,3.49,--,517,180433,买盘
1303,10:31:30,3.49,--,100,34900,买盘
1304,10:31:27,3.49,--,6,2094,买盘
1305,10:31:24,3.49,--,110,38390,买盘
1306,10:31:21,3.49,--,50,17450,买盘
1307,10:31:18,3.49,--,203,70847,买盘
1308,10:31:15,3.49,--,106,36994,买盘
1309,10:31:12,3.49,--,176,61424,买盘
1310,10:31:09,3.49,--,62,21638,买盘
1311,10:31:03,3.49,0.01,310,108190,买盘
1312,10:31:00,3.48,-0.01,17,5916,卖盘
1313,10:30:57,3.49,--,5,1745,买盘
1314,10:30:54,3.49,--,29,10121,买盘
1315,10:30:51,3.49,--,6,2094,买盘
1316,10:30:48,3.49,--,7,2443,买盘
1317,10:30:39,3.49,--,25,8725,买盘
1318,10:30:36,3.49,--,12,4188,买盘
1319,10:30:33,3.49,0.01,9,3141,买盘
1320,10:30:30,3.48,-0.01,25,8700,卖盘
1321,10:30:27,3.49,0.01,5,1745,买盘
1322,10:30:24,3.48,-0.01,24,8352,卖盘
1323,10:30:21,3.49,--,2,698,买盘
1324,10:30:18,3.49,--,2,698,买盘
1325,10:30:15,3.49,--,52,18148,买盘
1326,10:30:12,3.49,--,35,12215,买盘
1327,10:30:09,3.49,--,11,3839,买盘
1328,10:30:06,3.49,--,5,1745,买盘
1329,10:30:03,3.49,0.01,105,36645,买盘
1330,10:30:00,3.48,-0.01,17,5916,卖盘
1331,10:29:54,3.49,-0.01,358,124942,卖盘
1332,10:29:45,3.5,0.01,10,3500,买盘
1333,10:29:39,3.49,-0.01,346,120754,卖盘
1334,10:29:33,3.5,0.01,1,350,买盘
1335,10:29:30,3.49,--,17,5933,卖盘
1336,10:29:24,3.49,-0.01,54,18846,中性盘
1337,10:29:18,3.5,0.01,50,17500,买盘
1338,10:29:15,3.49,--,12,4188,买盘
1339,10:29:12,3.49,--,4,1396,买盘
1340,10:29:09,3.49,--,12,4188,卖盘
1341,10:28:33,3.49,--,1,349,买盘
1342,10:28:30,3.49,--,290,101210,买盘
1343,10:28:18,3.49,0.01,559,195091,买盘
1344,10:28:09,3.48,-0.01,24,8352,卖盘
1345,10:27:45,3.49,-0.01,1166,406934,卖盘
1346,10:27:36,3.5,0.01,10,3500,买盘
1347,10:27:33,3.49,--,3,1047,卖盘
1348,10:27:24,3.49,-0.01,30,10470,卖盘
1349,10:27:21,3.5,0.01,200,70000,买盘
1350,10:27:03,3.49,--,12,4188,卖盘
1351,10:26:51,3.49,--,9,3141,卖盘
1352,10:26:39,3.49,-0.01,60,20940,卖盘
1353,10:26:24,3.5,0.01,216,75600,买盘
1354,10:26:21,3.49,-0.01,752,262448,卖盘
1355,10:26:12,3.5,--,54,18900,买盘
1356,10:26:03,3.5,--,30,10500,买盘
1357,10:25:54,3.5,0.01,116,40600,买盘
1358,10:25:36,3.49,0.01,749,261401,买盘
1359,10:25:33,3.48,-0.01,2,696,卖盘
1360,10:25:30,3.49,--,3,1047,买盘
1361,10:25:27,3.49,--,4,1396,买盘
1362,10:25:24,3.49,0.01,343,119707,买盘
1363,10:25:12,3.48,--,435,151380,卖盘
1364,10:25:06,3.48,--,213,74124,卖盘
1365,10:24:57,3.48,-0.01,7,2436,卖盘
1366,10:24:39,3.49,0.01,77,26873,买盘
1367,10:24:33,3.48,-0.01,241,83868,卖盘
1368,10:24:15,3.49,--,70,24430,买盘
1369,10:24:12,3.49,--,18,6282,买盘
1370,10:23:57,3.49,--,5,1745,买盘
1371,10:23:21,3.49,--,325,113425,买盘
1372,10:23:18,3.49,--,4,1396,买盘
1373,10:23:15,3.49,--,20,6980,买盘
1374,10:23:03,3.49,--,80,27920,买盘
1375,10:23:00,3.49,--,2,698,买盘
1376,10:22:57,3.49,0.01,12,4188,买盘
1377,10:22:48,3.48,-0.01,16,5568,卖盘
1378,10:22:39,3.49,0.01,10,3490,买盘
1379,10:22:33,3.48,--,16,5568,卖盘
1380,10:22:30,3.48,-0.01,355,123540,卖盘
1381,10:22:18,3.49,0.01,8,2792,买盘
1382,10:22:03,3.48,-0.01,16,5568,卖盘
1383,10:22:00,3.49,--,99,34551,买盘
1384,10:21:57,3.49,-0.01,100,34900,卖盘
1385,10:21:54,3.5,0.01,4,1400,买盘
1386,10:21:48,3.49,0.01,2,698,中性盘
1387,10:21:33,3.48,-0.01,16,5568,卖盘
1388,10:21:24,3.49,--,126,43974,买盘
1389,10:21:21,3.49,--,1,349,买盘
1390,10:21:18,3.49,--,22,7678,买盘
1391,10:21:06,3.49,0.01,1,349,买盘
1392,10:21:03,3.48,-0.01,16,5568,卖盘
1393,10:21:00,3.49,--,113,39437,卖盘
1394,10:20:54,3.49,--,110,38390,买盘
1395,10:20:39,3.49,--,70,24430,买盘
1396,10:20:33,3.49,--,19,6631,买盘
1397,10:20:30,3.49,0.01,26,9074,买盘
1398,10:20:24,3.48,-0.01,247,85956,卖盘
1399,10:20:18,3.49,--,71,24779,买盘
1400,10:20:15,3.49,--,3,1047,买盘
1401,10:20:03,3.49,--,158,55142,买盘
1402,10:20:00,3.49,--,6,2094,买盘
1403,10:19:57,3.49,0.01,3,1047,买盘
1404,10:19:33,3.48,-0.01,516,179568,卖盘
1405,10:19:06,3.49,0.01,3,1047,买盘
1406,10:19:03,3.48,--,16,5568,卖盘
1407,10:18:57,3.48,-0.01,60,20880,卖盘
1408,10:18:48,3.49,0.01,200,69800,买盘
1409,10:18:30,3.48,--,16,5568,卖盘
1410,10:18:27,3.48,--,880,306240,卖盘
1411,10:18:12,3.48,-0.01,11,3828,卖盘
1412,10:18:09,3.49,0.01,5,1745,买盘
1413,10:18:06,3.48,-0.01,23,8004,卖盘
1414,10:18:03,3.49,--,11,3839,卖盘
1415,10:18:00,3.49,--,19,6631,卖盘
1416,10:17:57,3.49,--,63,21987,买盘
1417,10:17:54,3.49,--,2,698,买盘
1418,10:17:45,3.49,--,18,6282,买盘
1419,10:17:36,3.49,--,136,47464,卖盘
1420,10:17:24,3.49,--,305,106445,卖盘
1421,10:17:21,3.49,--,935,326315,卖盘
1422,10:17:15,3.49,--,50,17450,卖盘
1423,10:17:03,3.49,--,30,10470,卖盘
1424,10:16:57,3.49,-0.01,10,3490,卖盘
1425,10:16:51,3.5,0.01,1,350,买盘
1426,10:16:45,3.49,-0.01,32,11168,卖盘
1427,10:16:39,3.5,--,13,4550,买盘
1428,10:16:24,3.5,0.01,2,700,买盘
1429,10:16:18,3.49,-0.01,92,32108,卖盘
1430,10:16:15,3.5,0.01,30,10500,买盘
1431,10:16:09,3.49,--,10,3490,卖盘
1432,10:15:51,3.49,-0.01,23,8027,卖盘
1433,10:15:24,3.5,0.01,202,70700,买盘
1434,10:15:21,3.49,-0.01,40,13960,卖盘
1435,10:15:15,3.5,0.01,4,1400,买盘
1436,10:15:12,3.49,-0.01,17,5933,卖盘
1437,10:15:09,3.5,--,10,3500,买盘
1438,10:15:03,3.5,--,10,3500,买盘
1439,10:15:00,3.5,--,7,2450,买盘
1440,10:14:57,3.5,--,10,3500,买盘
1441,10:14:15,3.5,0.01,73,25550,买盘
1442,10:14:09,3.49,--,12,4188,卖盘
1443,10:14:03,3.49,--,14,4886,卖盘
1444,10:13:57,3.49,-0.01,24,8376,卖盘
1445,10:13:45,3.5,--,1,350,买盘
1446,10:13:42,3.5,0.01,1,350,买盘
1447,10:13:33,3.49,--,5,1745,卖盘
1448,10:13:27,3.49,--,222,77478,买盘
1449,10:13:18,3.49,--,115,40135,买盘
1450,10:13:15,3.49,--,10,3490,买盘
1451,10:13:12,3.49,--,155,54095,买盘
1452,10:13:06,3.49,--,50,17450,买盘
1453,10:13:03,3.49,--,25,8725,买盘
1454,10:12:51,3.49,--,220,76780,买盘
1455,10:12:45,3.49,0.01,10,3490,买盘
1456,10:12:39,3.48,-0.01,16,5568,卖盘
1457,10:12:27,3.49,0.01,70,24430,买盘
1458,10:12:09,3.48,-0.01,19,6612,卖盘
1459,10:11:45,3.49,--,10,3490,买盘
1460,10:11:42,3.49,0.01,150,52350,买盘
1461,10:11:39,3.48,--,16,5568,卖盘
1462,10:11:36,3.48,-0.01,99,34452,卖盘
1463,10:11:33,3.49,--,50,17450,买盘
1464,10:11:15,3.49,--,21,7329,买盘
1465,10:11:12,3.49,--,174,60726,买盘
1466,10:11:09,3.49,0.01,23,8027,买盘
1467,10:11:06,3.48,-0.01,2,696,卖盘
1468,10:11:03,3.49,--,3,1047,买盘
1469,10:11:00,3.49,--,227,79223,买盘
1470,10:10:51,3.49,--,50,17450,买盘
1471,10:10:48,3.49,0.01,520,181480,买盘
1472,10:10:39,3.48,-0.01,32,11136,卖盘
1473,10:10:36,3.49,--,1,349,买盘
1474,10:10:27,3.49,--,14,4886,买盘
1475,10:10:24,3.49,--,200,69800,买盘
1476,10:10:21,3.49,--,20,6980,买盘
1477,10:10:18,3.49,0.01,50,17450,买盘
1478,10:10:09,3.48,-0.01,73,25404,卖盘
1479,10:10:03,3.49,--,7,2443,买盘
1480,10:10:00,3.49,--,208,72592,买盘
1481,10:09:54,3.49,0.01,30,10470,买盘
1482,10:09:39,3.48,-0.01,16,5568,卖盘
1483,10:09:36,3.49,--,91,31759,买盘
1484,10:09:24,3.49,--,5,1745,买盘
1485,10:09:15,3.49,0.01,1,349,买盘
1486,10:09:09,3.48,--,26,9048,卖盘
1487,10:09:06,3.48,-0.01,10,3480,卖盘
1488,10:08:54,3.49,0.01,15,5235,买盘
1489,10:08:51,3.48,-0.01,16,5568,卖盘
1490,10:08:42,3.49,0.01,1,349,买盘
1491,10:08:39,3.48,-0.01,66,22968,卖盘
1492,10:08:36,3.49,--,100,34900,买盘
1493,10:08:27,3.49,--,2,698,买盘
1494,10:08:21,3.49,0.01,15,5235,买盘
1495,10:08:12,3.48,--,2,696,卖盘
1496,10:08:09,3.48,-0.01,16,5568,卖盘
1497,10:08:03,3.49,--,35,12215,买盘
1498,10:07:51,3.49,--,1,349,买盘
1499,10:07:48,3.49,--,20,6980,买盘
1500,10:07:45,3.49,--,302,105398,卖盘
1501,10:07:39,3.49,-0.01,215,75035,卖盘
1502,10:07:36,3.5,--,1,350,买盘
1503,10:07:33,3.5,--,1,350,买盘
1504,10:07:30,3.5,--,13,4550,买盘
1505,10:07:24,3.5,0.01,200,70000,买盘
1506,10:07:15,3.49,-0.01,3333,1163217,卖盘
1507,10:07:12,3.5,--,622,217700,买盘
1508,10:07:09,3.5,--,40,14000,买盘
1509,10:07:06,3.5,--,4,1400,买盘
1510,10:07:03,3.5,--,10,3500,买盘
1511,10:07:00,3.5,--,791,276850,卖盘
1512,10:06:57,3.5,--,173,60550,卖盘
1513,10:06:54,3.5,--,13,4550,卖盘
1514,10:06:48,3.5,--,299,104650,买盘
1515,10:06:42,3.5,--,7,2450,买盘
1516,10:06:36,3.5,--,425,148750,买盘
1517,10:06:33,3.5,--,107,37450,买盘
1518,10:06:30,3.5,--,140,49000,买盘
1519,10:06:27,3.5,--,91,31850,买盘
1520,10:06:24,3.5,--,57,19950,买盘
1521,10:06:21,3.5,--,128,44800,买盘
1522,10:06:18,3.5,--,184,64400,买盘
1523,10:06:15,3.5,--,41,14350,买盘
1524,10:06:12,3.5,--,3,1050,买盘
1525,10:06:09,3.5,--,10,3500,买盘
1526,10:06:06,3.5,--,100,35000,买盘
1527,10:06:03,3.5,--,80,28000,买盘
1528,10:06:00,3.5,--,747,261450,卖盘
1529,10:05:48,3.5,--,1293,452550,买盘
1530,10:05:45,3.5,--,2,700,买盘
1531,10:05:42,3.5,--,54,18900,买盘
1532,10:05:39,3.5,--,8,2800,买盘
1533,10:05:36,3.5,0.01,54,18900,买盘
1534,10:05:33,3.49,-0.01,1,349,卖盘
1535,10:05:30,3.5,--,321,112350,买盘
1536,10:05:27,3.5,--,2,700,买盘
1537,10:05:24,3.5,--,23,8050,买盘
1538,10:05:21,3.5,--,49,17150,买盘
1539,10:05:18,3.5,--,122,42700,买盘
1540,10:05:15,3.5,--,29,10150,买盘
1541,10:05:12,3.5,--,33,11550,买盘
1542,10:05:09,3.5,--,12,4200,买盘
1543,10:05:06,3.5,--,7,2450,买盘
1544,10:05:03,3.5,0.01,6,2100,买盘
1545,10:04:57,3.49,-0.01,6,2094,卖盘
1546,10:04:51,3.5,0.01,30,10500,买盘
1547,10:04:48,3.49,-0.01,10,3490,卖盘
1548,10:04:39,3.5,--,70,24500,买盘
1549,10:04:36,3.5,0.01,350,122500,买盘
1550,10:04:27,3.49,0.01,7,2443,卖盘
1551,10:03:54,3.48,-0.01,94,32712,卖盘
1552,10:03:51,3.49,--,6,2094,买盘
1553,10:03:48,3.49,--,4,1396,买盘
1554,10:03:45,3.49,--,180,62820,买盘
1555,10:03:42,3.49,--,100,34900,买盘
1556,10:03:30,3.49,--,600,209400,买盘
1557,10:03:24,3.49,0.01,50,17450,买盘
1558,10:03:21,3.48,--,20,6960,卖盘
1559,10:03:18,3.48,-0.01,8,2784,卖盘
1560,10:03:15,3.49,--,35,12215,买盘
1561,10:03:12,3.49,--,26,9074,买盘
1562,10:03:06,3.49,0.01,265,92485,买盘
1563,10:02:57,3.48,-0.01,715,248820,卖盘
1564,10:02:51,3.49,--,90,31410,买盘
1565,10:02:45,3.49,--,127,44323,买盘
1566,10:02:36,3.49,--,10,3490,买盘
1567,10:02:33,3.49,--,17,5933,买盘
1568,10:02:24,3.49,--,20,6980,买盘
1569,10:02:21,3.49,-0.01,727,253723,卖盘
1570,10:02:18,3.5,--,1,350,买盘
1571,10:02:12,3.5,0.01,13,4550,买盘
1572,10:02:03,3.49,-0.01,16,5584,卖盘
1573,10:02:00,3.5,0.01,13,4550,买盘
1574,10:01:57,3.49,--,82,28618,卖盘
1575,10:01:54,3.49,--,13,4537,卖盘
1576,10:01:51,3.49,--,68,23732,买盘
1577,10:01:48,3.49,--,1595,556655,买盘
1578,10:01:39,3.49,--,10,3490,买盘
1579,10:01:36,3.49,0.01,20,6980,买盘
1580,10:01:33,3.48,-0.01,16,5568,卖盘
1581,10:01:27,3.49,--,654,228246,买盘
1582,10:01:24,3.49,--,2,698,买盘
1583,10:01:21,3.49,--,200,69800,买盘
1584,10:01:06,3.49,0.01,70,24430,买盘
1585,10:01:03,3.48,-0.01,16,5568,卖盘
1586,10:00:57,3.49,--,7,2443,买盘
1587,10:00:54,3.49,--,8,2792,买盘
1588,10:00:51,3.49,--,16,5584,买盘
1589,10:00:45,3.49,--,4,1396,买盘
1590,10:00:42,3.49,--,203,70847,买盘
1591,10:00:39,3.49,--,12,4188,买盘
1592,10:00:36,3.49,--,25,8725,买盘
1593,10:00:33,3.49,--,18,6282,买盘
1594,10:00:30,3.49,--,31,10819,买盘
1595,10:00:27,3.49,--,17,5933,买盘
1596,10:00:24,3.49,--,3,1047,买盘
1597,10:00:21,3.49,0.01,207,72243,买盘
1598,10:00:18,3.48,-0.01,26,9048,卖盘
1599,10:00:15,3.49,--,50,17450,买盘
1600,10:00:12,3.49,--,59,20591,买盘
1601,10:00:09,3.49,--,42,14658,买盘
1602,10:00:06,3.49,0.01,20,6980,买盘
1603,10:00:03,3.48,-0.01,23,8004,卖盘
1604,10:00:00,3.49,--,103,35947,买盘
1605,09:59:57,3.49,--,5,1745,买盘
1606,09:59:51,3.49,--,28,9772,买盘
1607,09:59:39,3.49,0.01,38,13262,买盘
1608,09:59:33,3.48,-0.01,16,5568,卖盘
1609,09:59:30,3.49,--,76,26524,买盘
1610,09:59:21,3.49,0.01,84,29316,买盘
1611,09:59:12,3.48,-0.01,70,24360,卖盘
1612,09:59:09,3.49,--,11,3839,买盘
1613,09:59:06,3.49,--,15,5235,买盘
1614,09:59:03,3.49,--,141,49209,买盘
1615,09:59:00,3.49,--,21,7329,买盘
1616,09:58:51,3.49,--,34,11866,买盘
1617,09:58:45,3.49,--,8,2792,买盘
1618,09:58:39,3.49,0.01,53,18497,买盘
1619,09:58:33,3.48,-0.01,16,5568,卖盘
1620,09:58:30,3.49,--,60,20940,买盘
1621,09:58:21,3.49,--,160,55840,买盘
1622,09:58:09,3.49,0.01,22,7678,买盘
1623,09:58:03,3.48,-0.01,26,9048,卖盘
1624,09:58:00,3.49,--,26,9074,买盘
1625,09:57:51,3.49,--,2,698,买盘
1626,09:57:42,3.49,--,49,17101,买盘
1627,09:57:21,3.49,--,97,33853,买盘
1628,09:57:12,3.49,0.01,195,68055,买盘
1629,09:57:00,3.48,--,329,114770,买盘
1630,09:56:57,3.48,--,10,3480,买盘
1631,09:56:54,3.48,0.01,50,17400,买盘
1632,09:56:45,3.47,-0.01,3,1041,卖盘
1633,09:56:42,3.48,0.01,289,100572,买盘
1634,09:56:30,3.47,-0.01,268,92996,卖盘
1635,09:56:21,3.48,--,49,17052,买盘
1636,09:56:18,3.48,--,2,696,买盘
1637,09:56:15,3.48,--,10,3480,买盘
1638,09:56:12,3.48,--,264,91872,买盘
1639,09:56:03,3.48,--,113,39324,买盘
1640,09:56:00,3.48,--,467,162516,买盘
1641,09:55:57,3.48,--,25,8769,卖盘
1642,09:55:51,3.48,--,223,77882,买盘
1643,09:55:48,3.48,--,3,1044,买盘
1644,09:55:42,3.48,--,403,140244,买盘
1645,09:55:36,3.48,--,3,1044,买盘
1646,09:55:33,3.48,--,88,30624,买盘
1647,09:55:30,3.48,--,260,90480,买盘
1648,09:55:27,3.48,-0.01,538,187293,卖盘
1649,09:55:24,3.49,--,2,698,买盘
1650,09:55:21,3.49,--,57,19893,买盘
1651,09:55:18,3.49,--,6,2094,买盘
1652,09:55:15,3.49,0.01,2,698,买盘
1653,09:55:12,3.48,--,625,217778,买盘
1654,09:55:09,3.48,--,91,31737,卖盘
1655,09:55:06,3.48,-0.01,1,348,卖盘
1656,09:55:03,3.49,0.01,111,39018,买盘
1657,09:55:00,3.48,--,200,69600,买盘
1658,09:54:57,3.48,--,4,1392,买盘
1659,09:54:54,3.48,--,4,1392,买盘
1660,09:54:51,3.48,--,266,92637,卖盘
1661,09:54:45,3.48,-0.01,15,5220,卖盘
1662,09:54:42,3.49,0.01,108,37692,买盘
1663,09:54:39,3.48,-0.01,30,10440,卖盘
1664,09:54:33,3.49,0.01,6,2094,买盘
1665,09:54:27,3.48,-0.01,5,1740,卖盘
1666,09:54:24,3.49,--,206,71894,买盘
1667,09:54:18,3.49,--,1,349,买盘
1668,09:54:03,3.49,--,411,143439,买盘
1669,09:53:42,3.49,--,23,8027,买盘
1670,09:53:33,3.49,--,5,1745,买盘
1671,09:53:30,3.49,0.01,2,698,买盘
1672,09:53:24,3.48,-0.01,40,13920,卖盘
1673,09:53:18,3.49,--,1,349,买盘
1674,09:53:12,3.49,--,12,4188,买盘
1675,09:53:00,3.49,--,10,3490,买盘
1676,09:52:54,3.49,-0.01,14,4886,卖盘
1677,09:52:51,3.5,0.01,15,5250,买盘
1678,09:52:42,3.49,--,26,9074,买盘
1679,09:52:39,3.49,--,3,1047,买盘
1680,09:52:36,3.49,0.01,10,3490,买盘
1681,09:52:33,3.48,-0.01,16,5568,卖盘
1682,09:52:18,3.49,--,10,3490,卖盘
1683,09:52:15,3.49,-0.01,6,2094,中性盘
1684,09:52:09,3.5,0.01,90,31500,买盘
1685,09:52:06,3.49,--,615,214914,买盘
1686,09:52:03,3.49,--,21,7329,买盘
1687,09:51:54,3.49,--,122,42578,买盘
1688,09:51:45,3.49,--,48,16752,买盘
1689,09:51:39,3.49,--,55,19195,卖盘
1690,09:51:36,3.49,0.01,141,49209,买盘
1691,09:51:33,3.48,-0.01,16,5568,卖盘
1692,09:51:24,3.49,--,392,136808,买盘
1693,09:51:15,3.49,0.01,604,210796,买盘
1694,09:51:09,3.48,-0.01,100,34800,卖盘
1695,09:51:06,3.49,0.01,81,28269,买盘
1696,09:51:00,3.48,-0.01,16,5568,卖盘
1697,09:50:57,3.49,--,1180,411820,买盘
1698,09:50:54,3.49,--,161,56189,买盘
1699,09:50:45,3.49,0.01,266,92834,买盘
1700,09:50:42,3.48,-0.01,52,18096,卖盘
1701,09:50:36,3.49,0.01,4,1396,买盘
1702,09:50:33,3.48,--,500,174000,卖盘
1703,09:50:30,3.48,-0.01,32,11136,卖盘
1704,09:50:27,3.49,--,7,2443,买盘
1705,09:50:15,3.49,--,14,4886,买盘
1706,09:50:06,3.49,0.01,12,4188,买盘
1707,09:50:00,3.48,-0.01,16,5568,卖盘
1708,09:49:54,3.49,--,23,8027,买盘
1709,09:49:45,3.49,--,45,15705,买盘
1710,09:49:42,3.49,--,1,349,买盘
1711,09:49:36,3.49,--,71,24779,买盘
1712,09:49:33,3.49,0.01,4,1396,买盘
1713,09:49:30,3.48,--,16,5568,卖盘
1714,09:49:27,3.48,-0.01,96,33408,卖盘
1715,09:49:24,3.49,--,45,15705,买盘
1716,09:49:15,3.49,--,18,6282,买盘
1717,09:49:06,3.49,0.01,13,4537,买盘
1718,09:49:03,3.48,--,20,6960,卖盘
1719,09:49:00,3.48,-0.01,16,5568,卖盘
1720,09:48:54,3.49,--,26,9074,买盘
1721,09:48:45,3.49,--,51,17799,买盘
1722,09:48:36,3.49,0.01,17,5933,买盘
1723,09:48:30,3.48,-0.01,86,29928,卖盘
1724,09:48:27,3.49,--,4,1396,买盘
1725,09:48:24,3.49,--,26,9074,买盘
1726,09:48:21,3.49,--,4,1396,买盘
1727,09:48:15,3.49,--,45,15705,买盘
1728,09:48:06,3.49,--,7,2443,买盘
1729,09:48:03,3.49,0.01,16,5584,买盘
1730,09:48:00,3.48,-0.01,66,22968,卖盘
1731,09:47:57,3.49,--,8,2792,买盘
1732,09:47:51,3.49,--,11,3839,买盘
1733,09:47:48,3.49,--,2,698,买盘
1734,09:47:45,3.49,--,8,2792,买盘
1735,09:47:39,3.49,0.01,9,3141,买盘
1736,09:47:27,3.48,-0.01,5,1740,卖盘
1737,09:47:24,3.49,--,10,3490,买盘
1738,09:47:15,3.49,--,1,349,买盘
1739,09:47:12,3.49,--,1,349,买盘
1740,09:46:57,3.49,--,56,19544,买盘
1741,09:46:51,3.49,--,5,1745,买盘
1742,09:46:33,3.49,--,10,3490,买盘
1743,09:46:30,3.49,--,450,157050,卖盘
1744,09:46:18,3.49,-0.01,575,200675,卖盘
1745,09:46:15,3.5,--,2,700,买盘
1746,09:46:12,3.5,0.01,3,1050,买盘
1747,09:45:54,3.49,-0.01,26,9074,卖盘
1748,09:45:48,3.5,0.01,18,6300,买盘
1749,09:45:42,3.49,--,270,94230,卖盘
1750,09:45:39,3.49,--,2,698,卖盘
1751,09:45:33,3.49,-0.01,205,71545,卖盘
1752,09:45:30,3.5,--,58,20300,买盘
1753,09:45:24,3.5,0.01,1,350,买盘
1754,09:45:18,3.49,-0.01,25,8725,卖盘
1755,09:45:12,3.5,--,90,31500,买盘
1756,09:45:03,3.5,--,20,7000,买盘
1757,09:44:51,3.5,--,53,18550,买盘
1758,09:44:48,3.5,0.01,102,35700,买盘
1759,09:44:45,3.49,--,102,35598,卖盘
1760,09:44:42,3.49,-0.01,40,13960,卖盘
1761,09:44:39,3.5,0.01,40,14000,买盘
1762,09:44:36,3.49,--,515,179735,卖盘
1763,09:44:33,3.49,-0.01,29,10121,卖盘
1764,09:44:30,3.5,0.01,1,350,买盘
1765,09:44:24,3.49,--,34,11866,卖盘
1766,09:44:21,3.49,--,68,23732,卖盘
1767,09:44:18,3.49,-0.01,435,151815,卖盘
1768,09:44:09,3.5,--,200,70000,买盘
1769,09:44:03,3.5,0.01,79,27650,买盘
1770,09:44:00,3.49,-0.01,200,69800,卖盘
1771,09:43:57,3.5,--,4,1400,买盘
1772,09:43:54,3.5,0.01,10,3500,买盘
1773,09:43:39,3.49,-0.01,5,1745,卖盘
1774,09:43:36,3.5,0.01,20,7000,买盘
1775,09:43:33,3.49,--,29,10121,卖盘
1776,09:43:18,3.49,-0.01,176,61424,卖盘
1777,09:43:00,3.5,--,87,30450,买盘
1778,09:42:54,3.5,--,15,5250,买盘
1779,09:42:45,3.5,0.01,301,105350,买盘
1780,09:42:36,3.49,--,24,8376,买盘
1781,09:42:33,3.49,0.01,7,2443,买盘
1782,09:42:30,3.48,-0.01,171,59508,卖盘
1783,09:42:27,3.49,0.01,247,86203,买盘
1784,09:42:00,3.48,-0.01,29,10092,卖盘
1785,09:41:57,3.49,--,16,5584,买盘
1786,09:41:51,3.49,0.01,4,1396,买盘
1787,09:41:42,3.48,-0.01,4,1392,卖盘
1788,09:41:39,3.49,--,29,10121,买盘
1789,09:41:36,3.49,0.01,1,349,买盘
1790,09:41:30,3.48,-0.01,29,10092,卖盘
1791,09:41:27,3.49,--,20,6980,买盘
1792,09:41:21,3.49,--,30,10470,买盘
1793,09:41:18,3.49,--,29,10121,买盘
1794,09:41:15,3.49,--,30,10470,买盘
1795,09:41:12,3.49,--,2,698,买盘
1796,09:41:06,3.49,0.01,30,10470,买盘
1797,09:41:03,3.48,--,295,102660,卖盘
1798,09:41:00,3.48,-0.01,29,10092,卖盘
1799,09:40:48,3.49,-0.01,117,40833,卖盘
1800,09:40:45,3.5,0.01,68,23800,买盘
1801,09:40:42,3.49,--,12,4188,卖盘
1802,09:40:39,3.49,-0.01,30,10470,中性盘
1803,09:40:33,3.5,0.02,60,21000,买盘
1804,09:40:30,3.48,-0.01,69,24012,卖盘
1805,09:40:24,3.49,--,203,70847,买盘
1806,09:40:00,3.49,--,39,13611,买盘
1807,09:39:57,3.49,-0.01,410,143090,卖盘
1808,09:39:54,3.5,0.01,35,12250,买盘
1809,09:39:51,3.49,--,30,10470,卖盘
1810,09:39:42,3.49,--,71,24779,买盘
1811,09:39:39,3.49,--,19,6631,买盘
1812,09:39:36,3.49,--,78,27222,买盘
1813,09:39:30,3.49,0.01,85,29665,买盘
1814,09:39:27,3.48,-0.01,150,52200,卖盘
1815,09:39:24,3.49,--,120,41880,买盘
1816,09:39:21,3.49,--,5,1745,买盘
1817,09:39:18,3.49,--,2,698,买盘
1818,09:39:12,3.49,--,150,52350,买盘
1819,09:39:09,3.49,-0.01,483,168567,卖盘
1820,09:39:06,3.5,--,4,1400,买盘
1821,09:39:00,3.5,0.01,130,45500,买盘
1822,09:38:57,3.49,--,119,41531,卖盘
1823,09:38:51,3.49,--,2,698,卖盘
1824,09:38:42,3.49,-0.01,50,17450,卖盘
1825,09:38:36,3.5,--,773,270823,卖盘
1826,09:38:30,3.5,-0.01,50,17500,卖盘
1827,09:38:27,3.51,--,114,40014,买盘
1828,09:38:24,3.51,--,5,1755,买盘
1829,09:38:18,3.51,--,2,702,买盘
1830,09:38:12,3.51,--,21,7371,买盘
1831,09:38:09,3.51,--,50,17550,买盘
1832,09:38:06,3.51,0.01,386,135486,买盘
1833,09:38:03,3.5,-0.01,50,17500,卖盘
1834,09:37:51,3.51,--,12,4212,买盘
1835,09:37:48,3.51,0.01,83,29133,买盘
1836,09:37:45,3.5,-0.01,80,28000,卖盘
1837,09:37:42,3.51,--,8,2808,买盘
1838,09:37:36,3.51,--,2,702,买盘
1839,09:37:33,3.51,--,25,8775,买盘
1840,09:37:30,3.51,0.01,1050,368550,买盘
1841,09:37:24,3.5,-0.01,8,2800,卖盘
1842,09:37:18,3.51,--,6,2106,买盘
1843,09:37:15,3.51,0.01,18,6318,买盘
1844,09:37:09,3.5,--,57,20027,卖盘
1845,09:37:03,3.5,--,104,36400,买盘
1846,09:36:57,3.5,--,5,1750,买盘
1847,09:36:54,3.5,--,3,1050,买盘
1848,09:36:48,3.5,--,33,11550,买盘
1849,09:36:45,3.5,0.01,249,87150,买盘
1850,09:36:36,3.49,-0.01,5,1745,卖盘
1851,09:36:33,3.5,--,85,29750,买盘
1852,09:36:27,3.5,0.01,50,17500,买盘
1853,09:36:24,3.49,-0.01,8,2792,中性盘
1854,09:36:15,3.5,0.01,800,280000,买盘
1855,09:36:12,3.49,--,14,4886,买盘
1856,09:36:09,3.49,--,6,2094,买盘
1857,09:36:06,3.49,--,2,698,买盘
1858,09:36:03,3.49,0.01,25,8725,买盘
1859,09:36:00,3.48,-0.01,290,100920,卖盘
1860,09:35:57,3.49,--,2,698,买盘
1861,09:35:54,3.49,--,2,698,买盘
1862,09:35:51,3.49,--,4,1396,买盘
1863,09:35:48,3.49,0.01,27,9423,买盘
1864,09:35:45,3.48,--,13,4524,买盘
1865,09:35:42,3.48,--,87,30276,买盘
1866,09:35:39,3.48,--,101,35148,买盘
1867,09:35:36,3.48,--,42,14616,买盘
1868,09:35:33,3.48,--,2,696,买盘
1869,09:35:30,3.48,-0.01,118,41064,卖盘
1870,09:35:27,3.49,--,3,1047,买盘
1871,09:35:21,3.49,--,5,1745,买盘
1872,09:35:18,3.49,0.01,27,9423,买盘
1873,09:35:12,3.48,-0.01,2,696,卖盘
1874,09:35:09,3.49,0.01,20,6980,买盘
1875,09:35:06,3.48,--,1,348,卖盘
1876,09:35:03,3.48,--,132,45936,卖盘
1877,09:34:57,3.48,-0.01,451,156948,卖盘
1878,09:34:54,3.49,0.01,20,6980,买盘
1879,09:34:48,3.48,-0.01,595,207060,卖盘
1880,09:34:42,3.49,0.01,54,18846,买盘
1881,09:34:39,3.48,--,17,5916,卖盘
1882,09:34:33,3.48,-0.01,32,11136,卖盘
1883,09:34:30,3.49,--,7,2443,买盘
1884,09:34:27,3.49,0.01,1,349,买盘
1885,09:34:21,3.48,--,288,100224,卖盘
1886,09:34:15,3.48,-0.01,600,208800,卖盘
1887,09:34:12,3.49,--,40,13960,买盘
1888,09:34:09,3.49,--,12,4188,买盘
1889,09:34:06,3.49,--,8,2792,买盘
1890,09:34:03,3.49,--,39,13611,卖盘
1891,09:34:00,3.49,--,80,27920,卖盘
1892,09:33:54,3.49,--,13,4537,买盘
1893,09:33:51,3.49,--,18,6282,买盘
1894,09:33:48,3.49,0.01,58,20242,买盘
1895,09:33:36,3.48,--,500,174000,卖盘
1896,09:33:33,3.48,-0.02,43,14964,卖盘
1897,09:33:30,3.5,-0.01,10,3500,买盘
1898,09:33:27,3.51,0.02,1500,526500,买盘
1899,09:33:24,3.49,0.01,5,1745,买盘
1900,09:33:15,3.48,--,92,32016,卖盘
1901,09:33:12,3.48,--,1,348,卖盘
1902,09:33:03,3.48,--,32,11136,卖盘
1903,09:33:00,3.48,--,7,2436,卖盘
1904,09:32:57,3.48,-0.01,110,38280,卖盘
1905,09:32:51,3.49,0.01,733,255817,买盘
1906,09:32:45,3.48,0.01,3,1044,买盘
1907,09:32:39,3.47,-0.01,57,19779,卖盘
1908,09:32:33,3.48,--,68,23664,卖盘
1909,09:32:30,3.48,0.01,105,36540,买盘
1910,09:32:27,3.47,--,129,44763,买盘
1911,09:32:18,3.47,--,117,40599,买盘
1912,09:32:15,3.47,-0.01,454,157538,卖盘
1913,09:32:06,3.48,0.01,60,20880,买盘
1914,09:32:03,3.47,-0.01,32,11104,卖盘
1915,09:31:57,3.48,-0.01,64,22272,卖盘
1916,09:31:48,3.49,0.01,100,34900,买盘
1917,09:31:45,3.48,-0.01,95,33060,卖盘
1918,09:31:39,3.49,--,43,15007,买盘
1919,09:31:33,3.49,--,84,29316,买盘
1920,09:31:27,3.49,0.01,7,2443,买盘
1921,09:31:24,3.48,-0.01,32,11136,卖盘
1922,09:31:18,3.49,--,27,9423,买盘
1923,09:31:15,3.49,--,18,6282,买盘
1924,09:31:09,3.49,--,41,14309,买盘
1925,09:31:06,3.49,--,226,78874,卖盘
1926,09:31:03,3.49,-0.01,40,13960,卖盘
1927,09:30:57,3.5,--,28,9800,买盘
1928,09:30:54,3.5,0.01,1,350,买盘
1929,09:30:48,3.49,-0.01,80,27920,卖盘
1930,09:30:45,3.5,--,235,82250,买盘
1931,09:30:42,3.5,0.02,4,1400,买盘
1932,09:30:39,3.48,-0.01,184,64032,卖盘
1933,09:30:36,3.49,0.01,502,175198,买盘
1934,09:30:33,3.48,--,32,11136,卖盘
1935,09:30:30,3.48,--,110,38280,卖盘
1936,09:30:21,3.48,-0.01,60,20880,卖盘
1937,09:30:18,3.49,--,96,33504,买盘
1938,09:30:15,3.49,0.01,2,698,买盘
1939,09:30:06,3.48,--,161,56028,卖盘
1940,09:30:03,3.48,--,813,282924,买盘
1941,09:30:00,3.48,--,0,0,买盘
1942,09:25:03,3.48,3.48,223,77604,买盘
