,time,price,change,volume,amount,type
0,15:00:03,14.32,--,1747,2501704,买盘
1,14:57:00,14.32,0.01,21,30072,买盘
2,14:56:57,14.31,-0.01,268,383508,卖盘
3,14:56:54,14.32,0.01,33,47256,买盘
4,14:56:51,14.31,--,8,11448,卖盘
5,14:56:48,14.31,-0.01,38,55379,卖盘
6,14:56:45,14.32,--,10,14320,买盘
7,14:56:18,14.32,0.01,2,2864,买盘
8,14:56:12,14.31,-0.01,23,32913,卖盘
9,14:56:06,14.32,0.01,180,257760,买盘
10,14:56:03,14.31,--,34,48654,卖盘
11,14:56:00,14.31,--,5,7155,卖盘
12,14:55:57,14.31,--,8,11448,卖盘
13,14:55:48,14.31,--,96,137962,买盘
14,14:55:45,14.31,--,11,15741,买盘
15,14:55:42,14.31,--,107,153961,卖盘
16,14:55:39,14.31,--,18,25758,卖盘
17,14:55:36,14.31,--,39,55809,卖盘
18,14:55:30,14.31,--,152,218055,卖盘
19,14:55:24,14.31,-0.01,2,2862,卖盘
20,14:55:18,14.32,--,113,161816,买盘
21,14:55:15,14.32,0.01,3,4296,买盘
22,14:55:09,14.31,--,127,181737,卖盘
23,14:55:03,14.31,--,104,148824,卖盘
24,14:55:00,14.31,-0.01,101,144531,卖盘
25,14:54:57,14.32,0.01,2,2864,买盘
26,14:54:54,14.31,--,9,13365,卖盘
27,14:54:51,14.31,--,2,2862,卖盘
28,14:54:48,14.31,-0.01,147,210357,卖盘
29,14:54:45,14.32,--,50,71600,买盘
30,14:54:42,14.32,0.01,2,2864,买盘
31,14:54:33,14.31,--,59,84429,卖盘
32,14:54:30,14.31,-0.01,2,2862,卖盘
33,14:54:27,14.32,--,28,40096,买盘
34,14:54:24,14.32,--,11,15752,买盘
35,14:54:18,14.32,--,120,171840,买盘
36,14:54:15,14.32,--,5,7160,买盘
37,14:54:12,14.32,0.01,52,74464,买盘
38,14:54:09,14.31,-0.01,6,8872,卖盘
39,14:54:03,14.32,--,3,4296,买盘
40,14:54:00,14.32,--,2,2864,买盘
41,14:53:51,14.32,0.01,4,5728,买盘
42,14:53:45,14.31,-0.01,9,12879,卖盘
43,14:53:42,14.32,0.01,1,1432,买盘
44,14:53:39,14.31,--,34,48654,卖盘
45,14:53:36,14.31,-0.01,9,12879,卖盘
46,14:53:33,14.32,0.01,9,12888,买盘
47,14:53:27,14.31,-0.01,3,4293,卖盘
48,14:53:24,14.32,0.01,116,166112,买盘
49,14:53:21,14.31,--,57,81567,卖盘
50,14:53:18,14.31,--,4,5724,卖盘
51,14:53:15,14.31,--,23,32913,卖盘
52,14:53:12,14.31,--,77,110187,卖盘
53,14:53:09,14.31,-0.01,1,1431,卖盘
54,14:53:06,14.32,0.01,1,1432,买盘
55,14:53:03,14.31,-0.01,30,42930,卖盘
56,14:53:00,14.32,0.01,5,7160,买盘
57,14:52:57,14.31,--,30,42930,卖盘
58,14:52:54,14.31,--,52,74412,卖盘
59,14:52:51,14.31,-0.01,36,51516,卖盘
60,14:52:42,14.32,0.01,5,7160,买盘
61,14:52:30,14.31,--,3,4293,卖盘
62,14:52:27,14.31,-0.01,38,54378,卖盘
63,14:52:24,14.32,--,99,143142,卖盘
64,14:52:21,14.32,--,11,15809,卖盘
65,14:52:18,14.32,--,81,115992,卖盘
66,14:52:15,14.32,--,172,246304,卖盘
67,14:52:06,14.32,--,13,18616,卖盘
68,14:52:03,14.32,--,50,71600,卖盘
69,14:51:54,14.32,--,3,4954,卖盘
70,14:51:48,14.32,--,10,14320,卖盘
71,14:51:45,14.32,--,6,8592,卖盘
72,14:51:36,14.32,--,5,7933,卖盘
73,14:51:30,14.32,--,3,4296,卖盘
74,14:51:27,14.32,-0.01,7,10024,卖盘
75,14:51:24,14.33,--,19,27227,卖盘
76,14:51:21,14.33,--,4,5732,卖盘
77,14:51:18,14.33,--,7,10031,买盘
78,14:51:15,14.33,0.01,1,1433,买盘
79,14:51:12,14.32,-0.01,51,73032,卖盘
80,14:51:09,14.33,--,24,34392,卖盘
81,14:50:57,14.33,--,25,35825,卖盘
82,14:50:45,14.33,-0.01,3,4299,卖盘
83,14:50:42,14.34,--,47,67398,卖盘
84,14:50:39,14.34,-0.01,49,70266,卖盘
85,14:50:27,14.35,--,8,11480,买盘
86,14:50:24,14.35,--,191,274974,卖盘
87,14:50:21,14.35,--,208,298480,卖盘
88,14:50:18,14.35,-0.01,25,35875,卖盘
89,14:50:09,14.36,0.01,31,44516,买盘
90,14:50:06,14.35,--,12,17220,卖盘
91,14:50:03,14.35,--,54,77490,卖盘
92,14:49:54,14.35,-0.01,169,242515,卖盘
93,14:49:51,14.36,0.01,1,1436,买盘
94,14:49:45,14.35,--,120,172200,卖盘
95,14:49:42,14.35,--,100,143500,卖盘
96,14:49:36,14.35,--,28,40180,卖盘
97,14:49:33,14.35,--,20,28700,卖盘
98,14:49:18,14.35,--,7,10045,卖盘
99,14:49:15,14.35,--,266,382284,卖盘
100,14:49:12,14.35,--,10,15311,卖盘
101,14:49:09,14.35,--,5,7175,卖盘
102,14:49:06,14.35,-0.01,3,4305,卖盘
103,14:49:03,14.36,0.01,22,31592,买盘
104,14:49:00,14.35,--,5,7175,卖盘
105,14:48:45,14.35,--,25,36449,卖盘
106,14:48:24,14.35,--,20,28700,卖盘
107,14:48:18,14.35,--,12,17220,卖盘
108,14:48:15,14.35,--,9,12915,卖盘
109,14:48:12,14.35,--,17,24395,卖盘
110,14:48:09,14.35,--,105,150675,卖盘
111,14:48:03,14.35,--,23,33005,卖盘
112,14:47:54,14.35,-0.01,29,41844,卖盘
113,14:47:51,14.36,0.01,30,43080,买盘
114,14:47:48,14.35,--,16,22960,卖盘
115,14:47:45,14.35,--,23,33005,卖盘
116,14:47:42,14.35,-0.01,8,11480,卖盘
117,14:47:39,14.36,0.01,5,7180,买盘
118,14:47:36,14.35,-0.01,0,57,卖盘
119,14:47:33,14.36,--,20,28720,买盘
120,14:47:24,14.36,0.01,18,25848,买盘
121,14:47:15,14.35,--,23,33005,卖盘
122,14:47:12,14.35,--,30,43050,卖盘
123,14:47:09,14.35,--,4,5740,卖盘
124,14:47:06,14.35,-0.01,39,55965,卖盘
125,14:47:03,14.36,--,20,28720,买盘
126,14:47:00,14.36,0.01,3,4308,买盘
127,14:46:57,14.35,-0.01,20,28700,卖盘
128,14:46:54,14.36,--,30,43080,买盘
129,14:46:39,14.36,0.01,100,143600,买盘
130,14:46:36,14.35,-0.01,943,1353205,卖盘
131,14:46:24,14.36,--,76,109308,卖盘
132,14:46:12,14.36,--,16,22976,卖盘
133,14:46:09,14.36,--,20,28720,卖盘
134,14:46:03,14.36,--,54,77544,卖盘
135,14:45:57,14.36,--,6,8616,卖盘
136,14:45:54,14.36,--,6,8659,卖盘
137,14:45:42,14.36,--,5,7180,卖盘
138,14:45:36,14.36,--,6,9836,买盘
139,14:45:33,14.36,0.01,140,201040,买盘
140,14:45:24,14.35,--,30,43050,卖盘
141,14:45:18,14.35,--,4,5740,卖盘
142,14:45:15,14.35,--,128,184698,买盘
143,14:45:00,14.35,--,19,27265,买盘
144,14:44:54,14.35,--,3,4721,卖盘
145,14:44:48,14.35,--,42,60270,卖盘
146,14:44:24,14.35,--,3,4735,卖盘
147,14:44:18,14.35,--,48,68880,卖盘
148,14:44:03,14.35,--,25,35875,卖盘
149,14:43:57,14.35,-0.01,1,1435,卖盘
150,14:43:42,14.36,0.01,8,11488,买盘
151,14:43:39,14.35,--,10,14350,卖盘
152,14:43:36,14.35,--,1,1435,卖盘
153,14:43:33,14.35,--,33,47355,卖盘
154,14:43:27,14.35,-0.01,23,33005,卖盘
155,14:43:24,14.36,--,2,2872,买盘
156,14:43:21,14.36,--,10,14360,买盘
157,14:43:12,14.36,--,62,89032,卖盘
158,14:43:09,14.36,-0.01,24,34464,卖盘
159,14:42:57,14.37,--,12,17244,买盘
160,14:42:48,14.37,--,11,15807,买盘
161,14:42:36,14.37,0.01,13,18681,买盘
162,14:42:27,14.36,-0.01,14,20104,卖盘
163,14:42:24,14.37,0.01,39,56043,买盘
164,14:42:21,14.36,--,11,15796,卖盘
165,14:42:18,14.36,-0.01,20,28720,卖盘
166,14:42:15,14.37,--,10,14370,买盘
167,14:42:12,14.37,--,5,7185,买盘
168,14:42:06,14.37,--,7,10059,买盘
169,14:42:03,14.37,--,35,50295,买盘
170,14:41:54,14.37,-0.01,19,27303,卖盘
171,14:41:51,14.38,--,11,15818,买盘
172,14:41:42,14.38,--,11,15818,买盘
173,14:41:39,14.38,0.01,10,14380,买盘
174,14:41:36,14.37,-0.01,20,28740,卖盘
175,14:41:30,14.38,--,11,15818,买盘
176,14:41:24,14.38,0.01,18,25884,买盘
177,14:41:09,14.37,--,12,17244,买盘
178,14:41:03,14.37,-0.02,15,21555,卖盘
179,14:40:57,14.39,--,10,14390,买盘
180,14:40:45,14.39,--,20,28780,买盘
181,14:40:36,14.39,--,18,25902,买盘
182,14:40:24,14.39,0.03,50,71950,买盘
183,14:40:15,14.36,-0.03,2,2872,卖盘
184,14:40:12,14.39,--,10,14390,买盘
185,14:40:09,14.39,0.03,11,15829,买盘
186,14:40:03,14.36,-0.01,21,30156,卖盘
187,14:40:00,14.37,--,12,17244,卖盘
188,14:39:51,14.37,-0.01,26,37362,卖盘
189,14:39:48,14.38,0.01,14,20132,买盘
190,14:39:45,14.37,-0.01,19,27303,卖盘
191,14:39:39,14.38,0.02,20,28760,买盘
192,14:39:33,14.36,-0.02,10,14360,卖盘
193,14:39:30,14.38,0.01,15,21570,买盘
194,14:39:27,14.37,--,28,40236,卖盘
195,14:39:24,14.37,-0.01,9,13522,中性盘
196,14:39:21,14.38,0.01,16,23008,买盘
197,14:39:18,14.37,--,11,15807,买盘
198,14:39:09,14.37,--,9,12933,买盘
199,14:39:06,14.37,0.03,15,21555,买盘
200,14:39:03,14.34,--,3,4302,买盘
201,14:38:57,14.34,--,12,17208,卖盘
202,14:38:54,14.34,-0.01,2,2868,卖盘
203,14:38:48,14.35,--,5,7175,卖盘
204,14:38:45,14.35,-0.02,16,22960,买盘
205,14:38:42,14.37,--,39,56043,买盘
206,14:38:39,14.37,--,10,14370,买盘
207,14:38:36,14.37,--,46,66102,买盘
208,14:38:33,14.37,0.02,11,15807,买盘
209,14:38:30,14.35,-0.02,13,18655,中性盘
210,14:38:27,14.37,0.01,23,33051,买盘
211,14:38:24,14.36,--,74,106264,买盘
212,14:38:18,14.36,--,46,66056,买盘
213,14:38:12,14.36,--,22,31592,买盘
214,14:38:09,14.36,0.03,46,66056,买盘
215,14:38:06,14.33,-0.03,22,31526,卖盘
216,14:38:03,14.36,0.01,46,66056,买盘
217,14:38:00,14.35,0.03,79,113365,买盘
218,14:37:57,14.32,-0.01,34,48688,卖盘
219,14:37:54,14.33,-0.02,3,4299,中性盘
220,14:37:51,14.35,0.02,10,14350,买盘
221,14:37:48,14.33,--,77,111057,卖盘
222,14:37:42,14.33,--,16,22928,卖盘
223,14:37:39,14.33,--,90,128970,卖盘
224,14:37:36,14.33,--,2,2866,卖盘
225,14:37:33,14.33,--,21,30093,卖盘
226,14:37:27,14.33,-0.02,215,308811,卖盘
227,14:37:24,14.35,0.02,14,20090,买盘
228,14:37:21,14.33,-0.02,3,4299,卖盘
229,14:37:18,14.35,0.02,11,15785,买盘
230,14:37:12,14.33,--,17,24361,卖盘
231,14:37:09,14.33,-0.02,15,21495,卖盘
232,14:37:06,14.35,0.02,12,17220,买盘
233,14:37:03,14.33,--,46,65918,卖盘
234,14:37:00,14.33,-0.02,10,14330,卖盘
235,14:36:54,14.35,0.02,29,41615,买盘
236,14:36:51,14.33,--,4,5732,卖盘
237,14:36:45,14.33,--,12,17196,卖盘
238,14:36:42,14.33,--,1,1433,卖盘
239,14:36:39,14.33,--,9,12897,卖盘
240,14:36:36,14.33,--,4,5732,卖盘
241,14:36:33,14.33,--,11,15763,卖盘
242,14:36:30,14.33,--,1,1433,卖盘
243,14:36:27,14.33,--,4,5732,卖盘
244,14:36:24,14.33,-0.02,5,7165,卖盘
245,14:36:21,14.35,0.02,11,15785,买盘
246,14:36:15,14.33,--,70,100310,卖盘
247,14:36:12,14.33,-0.02,30,42990,卖盘
248,14:36:06,14.35,0.01,55,78925,买盘
249,14:36:00,14.34,--,11,15774,买盘
250,14:35:57,14.34,0.01,3,4302,买盘
251,14:35:54,14.33,-0.01,8,11464,卖盘
252,14:35:48,14.34,--,14,20076,买盘
253,14:35:39,14.34,--,11,16849,卖盘
254,14:35:36,14.34,--,29,41586,卖盘
255,14:35:33,14.34,-0.02,9,12906,卖盘
256,14:35:27,14.36,0.01,27,38772,买盘
257,14:35:24,14.35,--,98,140630,买盘
258,14:35:15,14.35,--,10,14350,买盘
259,14:35:12,14.35,--,8,11480,买盘
260,14:35:06,14.35,-0.01,10,14350,中性盘
261,14:34:54,14.36,0.02,11,15796,买盘
262,14:34:48,14.34,-0.02,7,10038,卖盘
263,14:34:42,14.36,--,10,14360,买盘
264,14:34:33,14.36,0.01,10,14360,买盘
265,14:34:27,14.35,--,2,2870,卖盘
266,14:34:24,14.35,--,31,44485,买盘
267,14:34:21,14.35,--,17,24395,买盘
268,14:34:09,14.35,0.01,10,14350,买盘
269,14:34:03,14.34,-0.02,83,119022,卖盘
270,14:34:00,14.36,--,11,15796,买盘
271,14:33:48,14.36,--,10,14360,买盘
272,14:33:36,14.36,0.01,29,41644,买盘
273,14:33:33,14.35,-0.01,4,5740,卖盘
274,14:33:27,14.36,--,10,14360,买盘
275,14:33:15,14.36,0.01,35,50260,买盘
276,14:33:03,14.35,--,10,14350,买盘
277,14:32:54,14.35,--,109,156415,买盘
278,14:32:51,14.35,-0.01,1,1435,中性盘
279,14:32:42,14.36,0.02,11,15796,买盘
280,14:32:36,14.34,-0.01,100,143400,卖盘
281,14:32:33,14.35,0.01,13,18655,卖盘
282,14:32:30,14.34,--,2,2868,卖盘
283,14:32:27,14.34,-0.02,26,37284,卖盘
284,14:32:21,14.36,0.02,10,14360,买盘
285,14:32:12,14.34,-0.01,23,32982,卖盘
286,14:32:09,14.35,--,11,15785,买盘
287,14:32:06,14.35,--,107,153616,卖盘
288,14:32:00,14.35,--,131,187985,卖盘
289,14:31:57,14.35,-0.01,1,1435,卖盘
290,14:31:48,14.36,0.01,11,15796,买盘
291,14:31:45,14.35,-0.01,5,8538,卖盘
292,14:31:42,14.36,--,10,14360,买盘
293,14:31:33,14.36,0.02,18,25848,中性盘
294,14:31:27,14.34,--,0,157,卖盘
295,14:31:24,14.34,-0.01,23,32982,卖盘
296,14:31:21,14.35,-0.02,23,33005,卖盘
297,14:31:18,14.37,0.02,11,15807,买盘
298,14:31:12,14.35,0.01,10,14350,中性盘
299,14:31:09,14.34,-0.03,100,143400,卖盘
300,14:31:06,14.37,0.03,276,396813,买盘
301,14:31:03,14.34,-0.01,50,71700,卖盘
302,14:31:00,14.35,0.01,16,22960,买盘
303,14:30:54,14.34,--,1,1434,卖盘
304,14:30:51,14.34,-0.01,23,32982,卖盘
305,14:30:48,14.35,--,30,43050,买盘
306,14:30:33,14.35,--,10,14350,买盘
307,14:30:27,14.35,--,2,2870,买盘
308,14:30:24,14.35,--,10,14350,买盘
309,14:30:15,14.35,--,30,43050,买盘
310,14:30:09,14.35,0.01,11,15785,买盘
311,14:30:03,14.34,-0.01,4,5736,卖盘
312,14:30:00,14.35,0.01,16,22960,买盘
313,14:29:57,14.34,--,10,14340,买盘
314,14:29:54,14.34,-0.01,34,48756,卖盘
315,14:29:45,14.35,--,21,30135,买盘
316,14:29:33,14.35,--,10,14350,买盘
317,14:29:27,14.35,--,169,242515,卖盘
318,14:29:21,14.35,0.01,237,340095,买盘
319,14:29:15,14.34,--,12,17208,买盘
320,14:29:12,14.34,--,10,14340,买盘
321,14:29:00,14.34,--,18,25812,买盘
322,14:28:51,14.34,--,11,15774,买盘
323,14:28:48,14.34,--,41,58794,买盘
324,14:28:39,14.34,0.01,12,17208,买盘
325,14:28:36,14.33,-0.02,1,1433,卖盘
326,14:28:33,14.35,0.02,10,14350,买盘
327,14:28:30,14.33,--,84,120372,买盘
328,14:28:27,14.33,--,20,28660,买盘
329,14:28:24,14.33,0.01,15,21495,买盘
330,14:28:18,14.32,-0.01,40,57280,卖盘
331,14:28:15,14.33,0.01,16,22928,买盘
332,14:28:03,14.32,0.01,34,48688,中性盘
333,14:28:00,14.31,-0.02,102,145962,卖盘
334,14:27:57,14.33,0.01,9,12897,买盘
335,14:27:51,14.32,-0.01,3,4296,卖盘
336,14:27:42,14.33,0.01,21,30093,买盘
337,14:27:39,14.32,--,45,64440,买盘
338,14:27:33,14.32,-0.01,70,100240,卖盘
339,14:27:30,14.33,--,5,7165,买盘
340,14:27:24,14.33,--,13,18629,买盘
341,14:27:21,14.33,--,7,10031,买盘
342,14:27:18,14.33,--,20,28660,买盘
343,14:27:15,14.33,--,2,2866,买盘
344,14:27:12,14.33,0.01,8,11464,买盘
345,14:27:09,14.32,-0.01,23,32936,卖盘
346,14:27:06,14.33,--,91,130403,买盘
347,14:27:00,14.33,--,12,17196,买盘
348,14:26:57,14.33,--,172,247708,卖盘
349,14:26:54,14.33,-0.02,350,501550,卖盘
350,14:26:51,14.35,--,13,18655,买盘
351,14:26:45,14.35,0.01,6,8610,卖盘
352,14:26:42,14.34,-0.02,63,90342,卖盘
353,14:26:39,14.36,0.01,7,10052,买盘
354,14:26:33,14.35,--,5,7175,买盘
355,14:26:30,14.35,-0.01,8,11480,中性盘
356,14:26:18,14.36,0.02,43,61748,买盘
357,14:26:12,14.34,-0.01,23,32982,卖盘
358,14:26:06,14.35,-0.01,667,957747,卖盘
359,14:26:00,14.36,-0.01,463,664868,卖盘
360,14:25:57,14.37,--,36,51732,买盘
361,14:25:54,14.37,--,56,80472,卖盘
362,14:25:48,14.37,-0.02,4,5748,卖盘
363,14:25:45,14.39,--,8,11512,买盘
364,14:25:33,14.39,-0.01,38,54682,中性盘
365,14:25:24,14.4,--,9,12960,买盘
366,14:25:21,14.4,0.02,17,24480,买盘
367,14:25:18,14.38,-0.02,32,46016,卖盘
368,14:25:12,14.4,0.01,8,11520,买盘
369,14:25:06,14.39,0.01,7,10073,买盘
370,14:25:03,14.38,-0.01,30,43140,卖盘
371,14:25:00,14.39,--,8,11512,买盘
372,14:24:57,14.39,--,14,20146,买盘
373,14:24:48,14.39,0.01,8,11512,买盘
374,14:24:45,14.38,--,11,15818,卖盘
375,14:24:39,14.38,-0.01,16,23008,卖盘
376,14:24:33,14.39,--,7,10073,买盘
377,14:24:30,14.39,--,10,14390,买盘
378,14:24:27,14.39,--,8,11512,买盘
379,14:24:24,14.39,0.01,9,12951,买盘
380,14:24:18,14.38,0.02,4,5752,买盘
381,14:24:12,14.36,-0.02,22,31592,卖盘
382,14:24:06,14.38,--,32,46016,买盘
383,14:24:03,14.38,--,179,257402,买盘
384,14:24:00,14.38,0.01,7,10066,买盘
385,14:23:57,14.37,-0.01,10,14370,中性盘
386,14:23:48,14.38,0.01,43,61834,买盘
387,14:23:39,14.37,0.01,7,10059,买盘
388,14:23:36,14.36,-0.01,23,33028,卖盘
389,14:23:27,14.37,--,9,12933,买盘
390,14:23:24,14.37,--,31,44547,买盘
391,14:23:12,14.37,--,3,4311,买盘
392,14:23:06,14.37,--,8,11496,买盘
393,14:23:00,14.37,-0.01,25,35925,买盘
394,14:22:54,14.38,--,8,11504,买盘
395,14:22:48,14.38,--,59,84842,买盘
396,14:22:45,14.38,0.01,8,11504,买盘
397,14:22:33,14.37,--,30,43110,买盘
398,14:22:21,14.37,--,8,11496,买盘
399,14:22:12,14.37,--,11,15807,买盘
400,14:22:09,14.37,--,8,11496,买盘
401,14:22:06,14.37,--,20,28740,卖盘
402,14:22:03,14.37,-0.01,10,14370,卖盘
403,14:22:00,14.38,0.02,8,11504,买盘
404,14:21:57,14.36,-0.01,38,54568,卖盘
405,14:21:54,14.37,--,8,11496,卖盘
406,14:21:48,14.37,--,55,79035,卖盘
407,14:21:45,14.37,--,9,12933,卖盘
408,14:21:39,14.37,-0.01,23,33051,卖盘
409,14:21:36,14.38,--,8,11504,买盘
410,14:21:27,14.38,--,8,11504,买盘
411,14:21:15,14.38,0.01,8,11504,买盘
412,14:21:12,14.37,-0.01,4,5748,卖盘
413,14:21:06,14.38,--,53,76214,买盘
414,14:20:57,14.38,-0.01,32,46016,卖盘
415,14:20:54,14.39,--,8,11512,买盘
416,14:20:42,14.39,--,46,67503,买盘
417,14:20:36,14.39,--,3,4317,买盘
418,14:20:33,14.39,--,8,11512,买盘
419,14:20:21,14.39,--,7,10073,买盘
420,14:20:09,14.39,--,8,11512,买盘
421,14:20:00,14.39,--,14,20146,买盘
422,14:19:57,14.39,--,18,25902,买盘
423,14:19:54,14.39,--,13,18707,买盘
424,14:19:48,14.39,--,8,11512,买盘
425,14:19:36,14.39,--,40,57560,买盘
426,14:19:24,14.39,--,9,12951,买盘
427,14:19:15,14.39,--,51,73389,买盘
428,14:19:03,14.39,0.01,9,12951,买盘
429,14:18:54,14.38,-0.01,5,7190,卖盘
430,14:18:51,14.39,--,8,11512,买盘
431,14:18:42,14.39,0.01,8,11512,买盘
432,14:18:39,14.38,--,1,1438,卖盘
433,14:18:36,14.38,--,166,238837,买盘
434,14:18:30,14.38,--,17,24446,买盘
435,14:18:21,14.38,--,8,11504,买盘
436,14:18:18,14.38,--,154,221452,买盘
437,14:18:09,14.38,0.01,9,12942,买盘
438,14:18:06,14.37,--,3,4311,买盘
439,14:18:03,14.37,--,5,7185,买盘
440,14:18:00,14.37,--,5,7185,买盘
441,14:17:57,14.37,-0.01,7,10059,中性盘
442,14:17:45,14.38,0.01,10,14380,买盘
443,14:17:42,14.37,0.01,20,28740,买盘
444,14:17:36,14.36,--,58,83288,卖盘
445,14:17:33,14.36,-0.01,3,4308,卖盘
446,14:17:24,14.37,--,57,81909,买盘
447,14:17:21,14.37,--,20,28740,买盘
448,14:17:12,14.37,--,29,41673,买盘
449,14:17:03,14.37,--,9,12933,买盘
450,14:16:57,14.37,--,2,2874,买盘
451,14:16:54,14.37,--,10,14370,买盘
452,14:16:51,14.37,--,9,12933,买盘
453,14:16:48,14.37,--,5,7185,买盘
454,14:16:42,14.37,--,10,14370,买盘
455,14:16:39,14.37,--,10,14370,买盘
456,14:16:36,14.37,--,32,45984,买盘
457,14:16:30,14.37,--,9,12933,买盘
458,14:16:18,14.37,--,8,11496,买盘
459,14:16:09,14.37,0.01,31,44547,买盘
460,14:16:06,14.36,--,101,145036,买盘
461,14:16:00,14.36,-0.01,87,125650,卖盘
462,14:15:57,14.37,--,31,44547,买盘
463,14:15:54,14.37,0.01,41,58917,买盘
464,14:15:51,14.36,-0.01,1,1436,卖盘
465,14:15:48,14.37,--,23,33051,买盘
466,14:15:45,14.37,--,8,11496,买盘
467,14:15:42,14.37,--,23,33051,买盘
468,14:15:33,14.37,--,8,11496,买盘
469,14:15:30,14.37,0.01,46,66102,买盘
470,14:15:27,14.36,-0.01,26,38054,卖盘
471,14:15:24,14.37,--,8,11496,买盘
472,14:15:12,14.37,--,8,11496,买盘
473,14:15:09,14.37,--,23,33051,买盘
474,14:15:06,14.37,0.01,55,79035,买盘
475,14:15:00,14.36,--,23,33028,买盘
476,14:14:51,14.36,0.01,7,10052,买盘
477,14:14:45,14.35,-0.02,1,1435,卖盘
478,14:14:39,14.37,0.01,8,11496,买盘
479,14:14:27,14.36,0.01,8,11488,中性盘
480,14:14:18,14.35,--,36,51660,卖盘
481,14:14:12,14.35,-0.02,2,2870,卖盘
482,14:14:06,14.37,0.02,8,11496,买盘
483,14:14:00,14.35,-0.01,30,43050,卖盘
484,14:13:57,14.36,-0.01,5,7180,卖盘
485,14:13:54,14.37,0.01,7,10059,买盘
486,14:13:51,14.36,-0.01,36,51696,卖盘
487,14:13:45,14.37,--,9,12933,买盘
488,14:13:42,14.37,0.01,11,15807,买盘
489,14:13:39,14.36,--,4,5744,卖盘
490,14:13:36,14.36,-0.01,1,1436,卖盘
491,14:13:33,14.37,0.01,53,76161,买盘
492,14:13:30,14.36,--,2,2872,卖盘
493,14:13:27,14.36,--,2,2872,卖盘
494,14:13:24,14.36,-0.01,2,2872,卖盘
495,14:13:21,14.37,--,26,37362,买盘
496,14:13:15,14.37,--,21,30177,买盘
497,14:13:12,14.37,0.01,7,10059,买盘
498,14:13:09,14.36,--,17,24412,卖盘
499,14:13:00,14.36,--,155,222580,卖盘
500,14:12:54,14.36,--,3,4308,卖盘
501,14:12:51,14.36,-0.01,94,134984,卖盘
502,14:12:48,14.37,0.01,74,106338,买盘
503,14:12:45,14.36,-0.01,4,5744,卖盘
504,14:12:36,14.37,--,8,11496,买盘
505,14:12:30,14.37,-0.01,698,1003615,卖盘
506,14:12:27,14.38,0.01,8,11504,买盘
507,14:12:24,14.37,--,32,45984,卖盘
508,14:12:21,14.37,--,10,14370,卖盘
509,14:12:18,14.37,-0.01,35,50295,卖盘
510,14:12:15,14.38,--,7,10066,买盘
511,14:12:12,14.38,0.01,5,7190,买盘
512,14:12:09,14.37,-0.01,7,10059,卖盘
513,14:12:06,14.38,0.01,40,57520,买盘
514,14:12:03,14.37,-0.01,193,277585,卖盘
515,14:12:00,14.38,0.01,50,71900,买盘
516,14:11:57,14.37,-0.01,23,33051,卖盘
517,14:11:54,14.38,--,7,10066,买盘
518,14:11:48,14.38,0.01,11,15818,买盘
519,14:11:45,14.37,-0.01,23,33424,卖盘
520,14:11:42,14.38,--,8,11504,买盘
521,14:11:33,14.38,0.01,9,12942,买盘
522,14:11:27,14.37,--,0,71,卖盘
523,14:11:24,14.37,-0.01,1,1437,卖盘
524,14:11:21,14.38,0.01,7,10066,买盘
525,14:11:15,14.37,--,1,1437,卖盘
526,14:11:12,14.37,-0.01,6,8780,卖盘
527,14:11:09,14.38,0.01,9,12942,买盘
528,14:11:06,14.37,--,1,1437,卖盘
529,14:11:03,14.37,-0.01,11,15807,卖盘
530,14:11:00,14.38,0.01,8,11504,买盘
531,14:10:57,14.37,--,40,57480,卖盘
532,14:10:51,14.37,-0.01,1,1437,卖盘
533,14:10:48,14.38,--,8,11504,买盘
534,14:10:36,14.38,0.01,39,56082,买盘
535,14:10:27,14.37,-0.01,231,331947,卖盘
536,14:10:24,14.38,--,100,143800,买盘
537,14:10:21,14.38,0.01,10,14380,买盘
538,14:10:18,14.37,-0.01,16,22992,卖盘
539,14:10:15,14.38,0.01,25,35950,买盘
540,14:10:12,14.37,--,10,14370,卖盘
541,14:10:09,14.37,--,10,14370,卖盘
542,14:10:06,14.37,-0.01,10,14370,卖盘
543,14:10:03,14.38,--,7,10066,买盘
544,14:09:54,14.38,--,7,10066,买盘
545,14:09:42,14.38,--,9,12942,买盘
546,14:09:30,14.38,--,8,11504,买盘
547,14:09:21,14.38,0.01,8,11504,买盘
548,14:09:09,14.37,-0.01,12,17244,卖盘
549,14:09:06,14.38,--,11,15818,买盘
550,14:09:03,14.38,0.01,32,46016,买盘
551,14:09:00,14.37,-0.01,2,2874,卖盘
552,14:08:57,14.38,--,12,17256,买盘
553,14:08:48,14.38,--,137,197006,买盘
554,14:08:36,14.38,0.01,8,11504,买盘
555,14:08:30,14.37,-0.01,2,2874,卖盘
556,14:08:24,14.38,--,8,11504,买盘
557,14:08:15,14.38,--,9,12942,买盘
558,14:08:03,14.38,0.01,7,10066,买盘
559,14:08:00,14.37,--,4,5748,卖盘
560,14:07:57,14.37,-0.01,2,2874,卖盘
561,14:07:51,14.38,--,8,11504,买盘
562,14:07:42,14.38,--,7,10066,买盘
563,14:07:36,14.38,--,31,44578,买盘
564,14:07:33,14.38,--,23,33074,买盘
565,14:07:30,14.38,0.02,8,11504,买盘
566,14:07:27,14.36,-0.01,3,4308,卖盘
567,14:07:21,14.37,-0.01,63,91263,卖盘
568,14:07:18,14.38,0.01,276,396888,买盘
569,14:07:09,14.37,0.01,10,14370,买盘
570,14:07:06,14.36,--,2,2872,卖盘
571,14:06:57,14.36,-0.01,15,22573,卖盘
572,14:06:45,14.37,-0.01,478,686886,卖盘
573,14:06:36,14.38,--,8,11504,买盘
574,14:06:33,14.38,0.01,27,38826,买盘
575,14:06:24,14.37,-0.02,214,307518,卖盘
576,14:06:12,14.39,0.01,48,69777,买盘
577,14:06:06,14.38,--,2,2876,卖盘
578,14:06:03,14.38,0.01,22,31636,买盘
579,14:05:57,14.37,-0.01,2,2874,卖盘
580,14:05:54,14.38,--,17,24446,买盘
581,14:05:51,14.38,--,8,11504,买盘
582,14:05:39,14.38,--,9,12942,买盘
583,14:05:36,14.38,0.01,30,43140,买盘
584,14:05:33,14.37,-0.02,28,40236,卖盘
585,14:05:27,14.39,0.01,10,14390,买盘
586,14:05:24,14.38,--,2,2876,卖盘
587,14:05:21,14.38,-0.01,5,7190,卖盘
588,14:05:18,14.39,0.01,8,11512,买盘
589,14:05:12,14.38,-0.01,24,34512,卖盘
590,14:05:06,14.39,0.01,14,20146,买盘
591,14:05:03,14.38,--,3,5593,买盘
592,14:05:00,14.38,--,16,23166,卖盘
593,14:04:57,14.38,-0.01,8,11504,卖盘
594,14:04:54,14.39,0.01,8,11512,买盘
595,14:04:51,14.38,-0.01,3,4314,卖盘
596,14:04:45,14.39,0.01,8,11512,买盘
597,14:04:42,14.38,0.01,13,19973,买盘
598,14:04:39,14.37,-0.01,1,1437,卖盘
599,14:04:36,14.38,--,5,7190,买盘
600,14:04:33,14.38,0.01,38,54644,买盘
601,14:04:27,14.37,--,30,43110,卖盘
602,14:04:24,14.37,-0.01,113,162381,卖盘
603,14:04:21,14.38,0.01,82,118620,买盘
604,14:04:18,14.37,--,12,17244,卖盘
605,14:04:15,14.37,--,8,11496,卖盘
606,14:04:12,14.37,--,19,27303,卖盘
607,14:04:09,14.37,-0.01,234,336286,卖盘
608,14:04:06,14.38,-0.01,16,23166,卖盘
609,14:04:03,14.39,--,11,15829,买盘
610,14:04:00,14.39,0.01,8,11512,买盘
611,14:03:51,14.38,-0.01,2,2876,卖盘
612,14:03:48,14.39,--,31,46033,买盘
613,14:03:39,14.39,0.01,7,10073,买盘
614,14:03:30,14.38,-0.01,15,21570,卖盘
615,14:03:27,14.39,--,9,12951,买盘
616,14:03:24,14.39,0.01,14,20146,买盘
617,14:03:21,14.38,-0.01,63,91183,卖盘
618,14:03:15,14.39,--,7,10073,买盘
619,14:03:06,14.39,--,9,12951,买盘
620,14:03:03,14.39,-0.01,65,93535,中性盘
621,14:02:57,14.4,--,4,5760,买盘
622,14:02:54,14.4,0.02,8,11520,买盘
623,14:02:48,14.38,-0.02,3,4314,卖盘
624,14:02:45,14.4,--,7,10080,买盘
625,14:02:36,14.4,--,20,29505,买盘
626,14:02:33,14.4,--,57,82080,买盘
627,14:02:24,14.4,--,34,48960,买盘
628,14:02:21,14.4,0.02,9,12960,买盘
629,14:02:18,14.38,-0.02,4,5752,卖盘
630,14:02:15,14.4,0.02,8,11520,买盘
631,14:02:12,14.38,--,18,25884,买盘
632,14:02:09,14.38,-0.02,57,83375,卖盘
633,14:02:03,14.4,--,8,11520,买盘
634,14:01:57,14.4,--,8,11520,买盘
635,14:01:51,14.4,0.02,7,10080,买盘
636,14:01:48,14.38,-0.02,59,85920,卖盘
637,14:01:42,14.4,--,8,11520,买盘
638,14:01:36,14.4,--,8,11520,买盘
639,14:01:33,14.4,--,33,47520,买盘
640,14:01:30,14.4,--,8,11520,买盘
641,14:01:27,14.4,--,18,25920,买盘
642,14:01:24,14.4,--,34,48960,买盘
643,14:01:18,14.4,0.02,9,12960,买盘
644,14:01:15,14.38,-0.02,44,63660,卖盘
645,14:01:09,14.4,--,8,11520,买盘
646,14:01:03,14.4,0.01,7,10080,买盘
647,14:00:57,14.39,--,20,28780,买盘
648,14:00:51,14.39,--,71,103449,卖盘
649,14:00:48,14.39,-0.01,0,417,卖盘
650,14:00:45,14.4,0.01,17,25056,买盘
651,14:00:42,14.39,-0.01,1,1439,卖盘
652,14:00:36,14.4,0.01,7,10080,买盘
653,14:00:30,14.39,--,1,2043,卖盘
654,14:00:24,14.39,--,28,40292,卖盘
655,14:00:21,14.39,--,10,14390,卖盘
656,14:00:15,14.39,-0.01,16,23024,卖盘
657,14:00:12,14.4,0.01,8,11520,买盘
658,14:00:06,14.39,--,2,2878,卖盘
659,14:00:03,14.39,0.01,47,67633,买盘
660,13:59:57,14.38,-0.01,2,2876,卖盘
661,13:59:51,14.39,0.01,10,14390,买盘
662,13:59:42,14.38,-0.02,22,31636,卖盘
663,13:59:39,14.4,0.01,8,11520,买盘
664,13:59:36,14.39,--,366,526674,卖盘
665,13:59:33,14.39,-0.01,3,4317,买盘
666,13:59:30,14.4,0.02,8,11520,买盘
667,13:59:27,14.38,-0.02,410,589580,卖盘
668,13:59:18,14.4,0.01,8,11520,买盘
669,13:59:15,14.39,--,40,57560,卖盘
670,13:59:09,14.39,-0.01,2,2878,卖盘
671,13:59:06,14.4,0.01,31,44640,买盘
672,13:59:03,14.39,--,18,25902,卖盘
673,13:59:00,14.39,-0.01,2,2878,卖盘
674,13:58:57,14.4,0.01,8,11520,买盘
675,13:58:54,14.39,0.01,50,71950,中性盘
676,13:58:51,14.38,-0.02,51,73338,卖盘
677,13:58:48,14.4,--,106,152640,买盘
678,13:58:45,14.4,0.01,8,11520,买盘
679,13:58:42,14.39,--,8,11512,卖盘
680,13:58:36,14.39,-0.01,20,28780,卖盘
681,13:58:33,14.4,--,41,59040,买盘
682,13:58:30,14.4,0.01,13,18720,买盘
683,13:58:27,14.39,--,1,1439,卖盘
684,13:58:24,14.39,-0.01,1,1439,卖盘
685,13:58:21,14.4,0.01,10,14400,买盘
686,13:58:18,14.39,--,2,2878,卖盘
687,13:58:15,14.39,-0.01,3,4317,卖盘
688,13:58:12,14.4,--,9,12960,买盘
689,13:58:09,14.4,--,33,47520,买盘
690,13:58:06,14.4,--,29,41760,买盘
691,13:58:03,14.4,-0.02,501,721440,卖盘
692,13:58:00,14.42,0.01,7,10094,买盘
693,13:57:57,14.41,--,8,11528,卖盘
694,13:57:54,14.41,--,2,2882,卖盘
695,13:57:51,14.41,--,10,14410,卖盘
696,13:57:48,14.41,--,1,1441,卖盘
697,13:57:45,14.41,--,29,41789,卖盘
698,13:57:42,14.41,--,103,148423,卖盘
699,13:57:39,14.41,--,22,31702,卖盘
700,13:57:36,14.41,--,33,47553,卖盘
701,13:57:33,14.41,--,9,12969,卖盘
702,13:57:27,14.41,--,13,18733,卖盘
703,13:57:24,14.41,-0.01,3,5144,卖盘
704,13:57:21,14.42,-0.01,31,44702,卖盘
705,13:57:18,14.43,--,8,11544,买盘
706,13:57:06,14.43,-0.01,8,11544,中性盘
707,13:57:03,14.44,0.01,48,69312,买盘
708,13:57:00,14.43,--,22,31746,卖盘
709,13:56:57,14.43,-0.01,15,21645,卖盘
710,13:56:54,14.44,0.01,9,12996,买盘
711,13:56:51,14.43,--,23,33189,卖盘
712,13:56:48,14.43,-0.01,30,43290,卖盘
713,13:56:45,14.44,0.01,9,12996,买盘
714,13:56:42,14.43,--,20,28860,卖盘
715,13:56:39,14.43,--,8,11544,卖盘
716,13:56:36,14.43,-0.01,2,2886,卖盘
717,13:56:33,14.44,--,7,10108,买盘
718,13:56:21,14.44,--,7,10108,买盘
719,13:56:15,14.44,-0.01,202,292193,卖盘
720,13:56:12,14.45,0.01,8,11560,买盘
721,13:56:09,14.44,-0.01,18,26930,卖盘
722,13:56:00,14.45,0.01,8,11560,买盘
723,13:55:57,14.44,-0.02,10,14440,卖盘
724,13:55:48,14.46,--,42,60732,买盘
725,13:55:39,14.46,0.01,9,13014,买盘
726,13:55:36,14.45,--,66,95370,买盘
727,13:55:27,14.45,--,8,11560,买盘
728,13:55:24,14.45,--,30,43350,买盘
729,13:55:15,14.45,--,8,11560,买盘
730,13:55:06,14.45,--,7,10115,买盘
731,13:54:54,14.45,--,9,13005,买盘
732,13:54:42,14.45,--,8,11560,买盘
733,13:54:33,14.45,0.01,7,10115,买盘
734,13:54:24,14.44,-0.01,10,14440,卖盘
735,13:54:21,14.45,--,9,13005,买盘
736,13:54:09,14.45,0.01,7,10115,买盘
737,13:54:06,14.44,--,38,54872,卖盘
738,13:54:03,14.44,-0.01,17,24548,中性盘
739,13:53:57,14.45,0.01,14,20230,买盘
740,13:53:54,14.44,--,21,30324,卖盘
741,13:53:51,14.44,--,94,135736,买盘
742,13:53:48,14.44,--,8,11552,买盘
743,13:53:36,14.44,--,8,11552,买盘
744,13:53:27,14.44,0.01,8,11552,买盘
745,13:53:15,14.43,-0.01,11,15873,卖盘
746,13:53:03,14.44,0.01,20,28880,买盘
747,13:52:57,14.43,--,26,37518,卖盘
748,13:52:54,14.43,-0.01,15,21645,卖盘
749,13:52:51,14.44,--,8,11552,买盘
750,13:52:42,14.44,0.01,7,10108,买盘
751,13:52:36,14.43,-0.01,30,43290,卖盘
752,13:52:33,14.44,--,31,44764,买盘
753,13:52:30,14.44,0.01,8,11552,买盘
754,13:52:27,14.43,--,3,4329,卖盘
755,13:52:21,14.43,--,23,33189,卖盘
756,13:52:15,14.43,-0.01,1,1443,卖盘
757,13:52:09,14.44,0.01,8,11552,买盘
758,13:52:06,14.43,--,8,11544,卖盘
759,13:52:03,14.43,--,51,73593,卖盘
760,13:52:00,14.43,-0.01,16,23088,卖盘
761,13:51:57,14.44,0.01,8,11552,买盘
762,13:51:54,14.43,--,1,1443,卖盘
763,13:51:48,14.43,--,33,47619,卖盘
764,13:51:45,14.43,--,3,4329,卖盘
765,13:51:42,14.43,--,1,1443,卖盘
766,13:51:39,14.43,--,3,4329,卖盘
767,13:51:36,14.43,--,10,14430,卖盘
768,13:51:33,14.43,--,1,1443,卖盘
769,13:51:30,14.43,--,1,1443,卖盘
770,13:51:27,14.43,-0.01,2,2886,卖盘
771,13:51:24,14.44,0.01,9,12996,买盘
772,13:51:15,14.43,-0.01,4,5772,卖盘
773,13:51:12,14.44,--,8,11552,买盘
774,13:51:03,14.44,0.01,40,57760,买盘
775,13:50:57,14.43,--,385,555555,卖盘
776,13:50:54,14.43,-0.01,1,1443,卖盘
777,13:50:51,14.44,0.01,7,10108,买盘
778,13:50:48,14.43,--,8,11544,卖盘
779,13:50:42,14.43,--,8,11544,卖盘
780,13:50:36,14.43,-0.01,55,79365,卖盘
781,13:50:30,14.44,--,9,12996,卖盘
782,13:50:24,14.44,--,20,28880,卖盘
783,13:50:21,14.44,--,1,1444,卖盘
784,13:50:18,14.44,--,11,15884,卖盘
785,13:50:15,14.44,--,7,10108,卖盘
786,13:50:12,14.44,-0.01,55,79420,中性盘
787,13:50:06,14.45,0.01,23,34391,买盘
788,13:50:03,14.44,--,4,5776,卖盘
789,13:50:00,14.44,-0.01,55,79420,卖盘
790,13:49:57,14.45,--,30,43350,卖盘
791,13:49:54,14.45,0.01,4,5780,中性盘
792,13:49:51,14.44,--,4,5776,卖盘
793,13:49:45,14.44,-0.01,54,77976,卖盘
794,13:49:36,14.45,-0.01,11,15895,卖盘
795,13:49:33,14.46,0.01,33,47718,买盘
796,13:49:30,14.45,--,69,99705,卖盘
797,13:49:27,14.45,--,2,2890,卖盘
798,13:49:24,14.45,--,32,46240,卖盘
799,13:49:18,14.45,-0.01,11,15895,卖盘
800,13:49:12,14.46,0.01,8,12724,买盘
801,13:49:09,14.45,-0.01,20,28900,卖盘
802,13:49:03,14.46,0.01,9,13014,买盘
803,13:48:57,14.45,-0.01,20,28900,卖盘
804,13:48:54,14.46,--,4,5784,买盘
805,13:48:51,14.46,0.01,7,10122,买盘
806,13:48:45,14.45,-0.01,3,4335,卖盘
807,13:48:39,14.46,--,8,11568,买盘
808,13:48:27,14.46,0.01,9,13014,买盘
809,13:48:24,14.45,--,5,7225,卖盘
810,13:48:18,14.45,--,38,54910,卖盘
811,13:48:09,14.45,-0.01,10,14450,卖盘
812,13:48:06,14.46,0.01,60,86760,买盘
813,13:48:03,14.45,-0.01,10,14450,卖盘
814,13:47:54,14.46,--,8,11568,买盘
815,13:47:45,14.46,--,7,10122,买盘
816,13:47:33,14.46,0.01,8,11568,买盘
817,13:47:30,14.45,-0.01,2,3468,卖盘
818,13:47:24,14.46,--,23,33258,买盘
819,13:47:12,14.46,--,8,11568,买盘
820,13:47:00,14.46,--,9,13014,买盘
821,13:46:54,14.46,-0.01,21,30655,卖盘
822,13:46:51,14.47,0.01,8,11576,买盘
823,13:46:48,14.46,-0.01,0,1156,卖盘
824,13:46:39,14.47,0.01,8,11576,买盘
825,13:46:36,14.46,--,4,5784,卖盘
826,13:46:33,14.46,-0.01,44,63624,卖盘
827,13:46:30,14.47,0.01,50,72350,买盘
828,13:46:27,14.46,--,9,13014,买盘
829,13:46:15,14.46,0.01,7,10122,买盘
830,13:46:09,14.45,-0.01,44,63623,卖盘
831,13:46:06,14.46,0.01,7,10122,买盘
832,13:46:00,14.45,-0.01,3,4335,卖盘
833,13:45:54,14.46,--,8,11568,买盘
834,13:45:45,14.46,--,10,14460,买盘
835,13:45:42,14.46,0.01,9,13014,买盘
836,13:45:33,14.45,-0.01,10,14450,卖盘
837,13:45:21,14.46,--,8,11568,买盘
838,13:45:15,14.46,-0.01,510,737460,卖盘
839,13:45:09,14.47,--,18,26046,买盘
840,13:45:06,14.47,0.01,32,46304,买盘
841,13:45:00,14.46,-0.01,18,26028,卖盘
842,13:44:48,14.47,0.01,8,11576,买盘
843,13:44:45,14.46,-0.01,5,7230,卖盘
844,13:44:36,14.47,--,8,11576,买盘
845,13:44:33,14.47,0.01,18,26046,买盘
846,13:44:30,14.46,-0.01,2,2892,卖盘
847,13:44:27,14.47,0.01,8,11576,买盘
848,13:44:24,14.46,--,5,7230,卖盘
849,13:44:21,14.46,-0.01,1,1446,卖盘
850,13:44:15,14.47,0.01,9,13023,买盘
851,13:44:06,14.46,-0.01,88,127248,卖盘
852,13:44:03,14.47,0.02,7,10129,买盘
853,13:43:54,14.45,-0.01,74,106930,卖盘
854,13:43:48,14.46,-0.01,2,2892,卖盘
855,13:43:42,14.47,0.02,12,17364,买盘
856,13:43:36,14.45,-0.01,10,14450,卖盘
857,13:43:33,14.46,0.01,39,56394,买盘
858,13:43:30,14.45,-0.02,4,5780,卖盘
859,13:43:21,14.47,0.01,54,78138,买盘
860,13:43:18,14.46,--,10,14460,卖盘
861,13:43:09,14.46,--,40,57840,买盘
862,13:43:03,14.46,--,2,2892,买盘
863,13:42:57,14.46,--,8,11568,买盘
864,13:42:48,14.46,--,7,10122,买盘
865,13:42:36,14.46,--,8,11568,买盘
866,13:42:33,14.46,-0.01,2,2892,中性盘
867,13:42:24,14.47,--,8,11576,买盘
868,13:42:15,14.47,0.02,8,11576,买盘
869,13:42:09,14.45,-0.02,1,2846,卖盘
870,13:42:03,14.47,0.03,41,59327,买盘
871,13:41:54,14.44,-0.03,1,1444,卖盘
872,13:41:51,14.47,0.01,18,26046,买盘
873,13:41:42,14.46,--,9,13014,买盘
874,13:41:39,14.46,0.01,34,49164,买盘
875,13:41:33,14.45,--,2,2890,买盘
876,13:41:30,14.45,--,8,11560,买盘
877,13:41:18,14.45,-0.01,10,14450,卖盘
878,13:41:09,14.46,--,9,13014,买盘
879,13:40:57,14.46,--,8,11568,买盘
880,13:40:48,14.46,-0.01,3,4338,卖盘
881,13:40:45,14.47,0.01,7,10129,买盘
882,13:40:39,14.46,-0.01,21,30366,卖盘
883,13:40:36,14.47,0.01,8,11576,买盘
884,13:40:33,14.46,--,8,11568,买盘
885,13:40:30,14.46,-0.01,2,2892,买盘
886,13:40:24,14.47,--,9,13023,买盘
887,13:40:12,14.47,0.03,8,11576,买盘
888,13:40:06,14.44,-0.03,1,1848,卖盘
889,13:40:03,14.47,--,8,11576,买盘
890,13:40:00,14.47,--,2,2894,买盘
891,13:39:51,14.47,--,7,10129,买盘
892,13:39:39,14.47,0.03,8,11576,买盘
893,13:39:36,14.44,-0.03,16,23104,卖盘
894,13:39:33,14.47,--,8,11576,买盘
895,13:39:30,14.47,0.03,8,11576,买盘
896,13:39:21,14.44,-0.03,50,72200,卖盘
897,13:39:18,14.47,--,8,11576,买盘
898,13:39:06,14.47,0.03,40,57880,买盘
899,13:39:03,14.44,0.02,1,1689,中性盘
900,13:38:57,14.42,-0.04,66,95172,卖盘
901,13:38:51,14.46,--,19,27474,卖盘
902,13:38:48,14.46,0.03,168,243549,买盘
903,13:38:45,14.43,-0.01,7,10101,买盘
904,13:38:42,14.44,--,10,15263,卖盘
905,13:38:39,14.44,--,96,138624,买盘
906,13:38:33,14.44,--,9,12996,买盘
907,13:38:12,14.44,--,25,36100,买盘
908,13:38:03,14.44,--,2,2888,买盘
909,13:38:00,14.44,--,5,7220,买盘
910,13:37:57,14.44,--,183,264252,卖盘
911,13:37:54,14.44,--,23,33212,卖盘
912,13:37:51,14.44,--,46,66424,卖盘
913,13:37:45,14.44,-0.03,1,1444,卖盘
914,13:37:33,14.47,0.03,31,44857,中性盘
915,13:37:12,14.44,--,48,69312,卖盘
916,13:37:03,14.44,--,25,36100,卖盘
917,13:36:57,14.44,-0.01,234,337896,卖盘
918,13:36:51,14.45,--,2,2890,买盘
919,13:36:48,14.45,--,34,49130,买盘
920,13:36:45,14.45,0.01,2,2890,买盘
921,13:36:42,14.44,-0.01,100,144400,卖盘
922,13:36:33,14.45,--,1,1445,买盘
923,13:36:27,14.45,--,5,7225,买盘
924,13:36:21,14.45,-0.03,52,75140,卖盘
925,13:36:18,14.48,--,10,14480,买盘
926,13:36:12,14.48,0.01,8,11584,买盘
927,13:36:09,14.47,-0.01,300,434100,卖盘
928,13:36:06,14.48,-0.01,6,8688,卖盘
929,13:36:03,14.49,--,38,55062,买盘
930,13:36:00,14.49,--,260,376740,买盘
931,13:35:57,14.49,0.02,3,4347,买盘
932,13:35:51,14.47,-0.01,55,79585,卖盘
933,13:35:48,14.48,0.01,20,28960,买盘
934,13:35:42,14.47,-0.02,5,7235,卖盘
935,13:35:36,14.49,0.02,7,10143,中性盘
936,13:35:30,14.47,-0.03,14,20258,中性盘
937,13:35:27,14.5,0.02,1405,2037250,买盘
938,13:35:24,14.48,0.01,8,11584,买盘
939,13:35:21,14.47,--,23,33281,买盘
940,13:35:18,14.47,--,12,17364,买盘
941,13:35:15,14.47,0.01,1653,2391891,卖盘
942,13:35:12,14.46,-0.02,5,7230,买盘
943,13:35:09,14.48,--,25,36200,买盘
944,13:35:06,14.48,0.01,251,363448,买盘
945,13:35:03,14.47,--,722,1044734,卖盘
946,13:35:00,14.47,--,86,124442,买盘
947,13:34:57,14.47,--,24,34728,买盘
948,13:34:54,14.47,--,7,10129,买盘
949,13:34:51,14.47,--,9,13023,买盘
950,13:34:48,14.47,--,24,34728,买盘
951,13:34:42,14.47,0.02,7,10129,买盘
952,13:34:39,14.45,-0.02,38,54910,卖盘
953,13:34:36,14.47,--,22,31834,买盘
954,13:34:33,14.47,--,31,44857,买盘
955,13:34:30,14.47,--,9,13023,买盘
956,13:34:24,14.47,0.03,22,31834,买盘
957,13:34:21,14.44,--,9,12996,卖盘
958,13:34:15,14.44,-0.02,27,38988,卖盘
959,13:34:09,14.46,--,29,41934,买盘
960,13:34:03,14.46,--,25,36150,买盘
961,13:33:57,14.46,0.02,8,11568,买盘
962,13:33:54,14.44,-0.02,13,18772,卖盘
963,13:33:51,14.46,--,48,69408,买盘
964,13:33:48,14.46,--,7,10122,买盘
965,13:33:42,14.46,--,25,36150,买盘
966,13:33:36,14.46,--,8,11568,买盘
967,13:33:30,14.46,--,504,728784,买盘
968,13:33:24,14.46,0.01,15,21690,买盘
969,13:33:21,14.45,-0.01,10,14450,卖盘
970,13:33:18,14.46,--,23,33258,买盘
971,13:33:15,14.46,--,8,11568,买盘
972,13:33:09,14.46,--,23,33258,买盘
973,13:33:06,14.46,--,2,2892,买盘
974,13:33:03,14.46,--,40,57840,买盘
975,13:32:57,14.46,--,120,173520,卖盘
976,13:32:54,14.46,-0.01,20,28920,卖盘
977,13:32:51,14.47,0.01,10,14470,买盘
978,13:32:48,14.46,-0.01,30,43380,卖盘
979,13:32:45,14.47,--,24,34728,买盘
980,13:32:42,14.47,--,30,43410,买盘
981,13:32:39,14.47,--,12,17364,买盘
982,13:32:36,14.47,--,25,36175,买盘
983,13:32:33,14.47,--,1,1447,买盘
984,13:32:30,14.47,0.01,9,13023,买盘
985,13:32:24,14.46,-0.01,85,122910,卖盘
986,13:32:18,14.47,0.01,8,11576,中性盘
987,13:32:12,14.46,-0.01,39,56394,卖盘
988,13:32:06,14.47,-0.01,10,14470,卖盘
989,13:32:03,14.48,0.01,27,39096,买盘
990,13:32:00,14.47,-0.01,30,43410,卖盘
991,13:31:57,14.48,0.02,8,11584,买盘
992,13:31:51,14.46,0.01,79,114234,买盘
993,13:31:48,14.45,-0.02,314,453730,卖盘
994,13:31:45,14.47,--,258,373326,买盘
995,13:31:39,14.47,0.01,44,63668,买盘
996,13:31:36,14.46,-0.01,256,370176,卖盘
997,13:31:33,14.47,--,1,1447,买盘
998,13:31:30,14.47,0.01,25,36175,买盘
999,13:31:27,14.46,--,98,141708,买盘
1000,13:31:24,14.46,--,20,28920,买盘
1001,13:31:18,14.46,0.01,25,37060,买盘
1002,13:31:15,14.45,--,193,278885,买盘
1003,13:31:12,14.45,--,9,13005,买盘
1004,13:31:09,14.45,0.01,374,540430,买盘
1005,13:31:06,14.44,-0.01,25,36100,卖盘
1006,13:31:03,14.45,--,508,734060,买盘
1007,13:30:57,14.45,--,23,33235,买盘
1008,13:30:54,14.45,--,10,14450,买盘
1009,13:30:51,14.45,--,11,15895,买盘
1010,13:30:48,14.45,--,10,14450,买盘
1011,13:30:45,14.45,--,32,46240,买盘
1012,13:30:42,14.45,--,14,20230,买盘
1013,13:30:39,14.45,0.02,9,13005,买盘
1014,13:30:33,14.43,-0.02,31,44733,卖盘
1015,13:30:30,14.45,--,10,14450,买盘
1016,13:30:27,14.45,--,7,10115,买盘
1017,13:30:24,14.45,--,35,50575,买盘
1018,13:30:18,14.45,0.02,9,13005,买盘
1019,13:30:15,14.43,--,59,85137,买盘
1020,13:30:12,14.43,--,22,31746,买盘
1021,13:30:09,14.43,--,250,360750,买盘
1022,13:30:06,14.43,--,39,56277,买盘
1023,13:30:00,14.43,--,26,37518,买盘
1024,13:29:57,14.43,0.02,1510,2178930,买盘
1025,13:29:54,14.41,-0.03,47,67727,卖盘
1026,13:29:51,14.44,0.03,634,915496,买盘
1027,13:29:48,14.41,--,10,14410,卖盘
1028,13:29:45,14.41,-0.02,611,880451,卖盘
1029,13:29:39,14.43,0.02,65,93795,买盘
1030,13:29:33,14.41,-0.02,11,15851,卖盘
1031,13:29:30,14.43,--,10,14430,买盘
1032,13:29:27,14.43,--,27,38961,买盘
1033,13:29:21,14.43,--,8,11544,买盘
1034,13:29:18,14.43,0.02,38,54834,买盘
1035,13:29:15,14.41,-0.02,2,2882,卖盘
1036,13:29:12,14.43,--,8,11544,买盘
1037,13:29:09,14.43,--,23,33189,买盘
1038,13:29:06,14.43,--,34,49062,买盘
1039,13:29:03,14.43,--,9,12987,买盘
1040,13:29:00,14.43,--,23,33189,买盘
1041,13:28:57,14.43,--,23,33189,买盘
1042,13:28:54,14.43,--,47,67821,买盘
1043,13:28:51,14.43,--,19,27417,买盘
1044,13:28:48,14.43,--,97,139971,买盘
1045,13:28:45,14.43,--,23,33189,买盘
1046,13:28:42,14.43,--,53,76479,买盘
1047,13:28:39,14.43,--,13,18759,买盘
1048,13:28:36,14.43,0.03,61,88023,买盘
1049,13:28:33,14.4,--,47,68832,买盘
1050,13:28:30,14.4,--,20,28800,买盘
1051,13:28:27,14.4,--,10,14400,买盘
1052,13:28:21,14.4,--,23,33120,买盘
1053,13:28:18,14.4,--,14,20160,买盘
1054,13:28:12,14.4,--,23,33120,买盘
1055,13:28:06,14.4,--,15,21600,买盘
1056,13:28:00,14.4,--,29,41760,买盘
1057,13:27:54,14.4,--,48,69408,卖盘
1058,13:27:51,14.4,-0.02,2,2880,卖盘
1059,13:27:48,14.42,-0.01,26,37492,中性盘
1060,13:27:45,14.43,--,5,7215,买盘
1061,13:27:42,14.43,--,8,11544,买盘
1062,13:27:36,14.43,--,22,31746,买盘
1063,13:27:33,14.43,0.03,12,17316,买盘
1064,13:27:27,14.4,-0.02,43,61920,卖盘
1065,13:27:21,14.42,-0.01,12,17304,买盘
1066,13:27:15,14.43,0.03,26,37518,买盘
1067,13:27:12,14.4,-0.03,14,20160,卖盘
1068,13:27:09,14.43,0.01,9,12987,买盘
1069,13:27:06,14.42,--,22,31724,买盘
1070,13:27:03,14.42,--,32,46144,买盘
1071,13:27:00,14.42,0.02,10,14420,买盘
1072,13:26:57,14.4,-0.02,0,1152,卖盘
1073,13:26:54,14.42,0.02,24,34608,买盘
1074,13:26:51,14.4,-0.02,23,33120,卖盘
1075,13:26:48,14.42,0.03,11,15862,买盘
1076,13:26:42,14.39,-0.02,26,37414,卖盘
1077,13:26:39,14.41,--,4,5764,买盘
1078,13:26:36,14.41,--,8,11528,买盘
1079,13:26:30,14.41,--,24,34584,买盘
1080,13:26:27,14.41,--,12,17292,买盘
1081,13:26:21,14.41,--,24,34584,买盘
1082,13:26:15,14.41,0.02,10,14410,买盘
1083,13:26:12,14.39,-0.02,2,2878,卖盘
1084,13:26:09,14.41,--,26,37466,买盘
1085,13:26:06,14.41,--,13,18733,买盘
1086,13:26:00,14.41,0.01,25,36025,买盘
1087,13:25:54,14.4,--,13,18720,买盘
1088,13:25:51,14.4,--,13,18720,买盘
1089,13:25:48,14.4,--,26,37440,买盘
1090,13:25:42,14.4,--,22,31680,买盘
1091,13:25:36,14.4,--,23,33120,买盘
1092,13:25:33,14.4,--,39,56160,买盘
1093,13:25:30,14.4,--,44,63360,买盘
1094,13:25:27,14.4,--,33,47520,买盘
1095,13:25:24,14.4,-0.03,14,20448,卖盘
1096,13:25:21,14.43,--,11,15873,买盘
1097,13:25:15,14.43,--,26,37518,买盘
1098,13:25:09,14.43,--,11,15873,买盘
1099,13:25:03,14.43,--,25,36075,买盘
1100,13:25:00,14.43,0.03,16,23088,买盘
1101,13:24:57,14.4,-0.02,10,14400,卖盘
1102,13:24:54,14.42,0.02,15,22783,买盘
1103,13:24:48,14.4,-0.02,14,20160,卖盘
1104,13:24:42,14.42,0.02,26,37492,买盘
1105,13:24:39,14.4,-0.02,23,33120,卖盘
1106,13:24:36,14.42,--,12,17304,买盘
1107,13:24:33,14.42,--,3,4326,买盘
1108,13:24:30,14.42,--,26,37492,买盘
1109,13:24:24,14.42,0.04,12,17304,买盘
1110,13:24:21,14.38,-0.04,26,37388,卖盘
1111,13:24:15,14.42,--,16,23072,买盘
1112,13:24:09,14.42,--,27,38934,买盘
1113,13:24:03,14.42,--,42,60564,买盘
1114,13:23:57,14.42,--,22,31724,买盘
1115,13:23:54,14.42,--,9,12978,买盘
1116,13:23:51,14.42,--,10,14420,买盘
1117,13:23:45,14.42,--,22,31724,买盘
1118,13:23:42,14.42,--,11,15862,买盘
1119,13:23:39,14.42,--,13,19034,卖盘
1120,13:23:36,14.42,-0.01,75,109303,卖盘
1121,13:23:30,14.43,--,13,18759,买盘
1122,13:23:24,14.43,--,27,38961,买盘
1123,13:23:18,14.43,0.01,14,20202,买盘
1124,13:23:15,14.42,-0.01,3,4326,卖盘
1125,13:23:12,14.43,0.01,24,34632,买盘
1126,13:23:09,14.42,-0.01,20,28840,卖盘
1127,13:23:03,14.43,--,26,37518,买盘
1128,13:22:57,14.43,0.03,13,18759,买盘
1129,13:22:51,14.4,-0.03,25,36000,中性盘
1130,13:22:45,14.43,0.02,19,27417,买盘
1131,13:22:39,14.41,--,27,38907,买盘
1132,13:22:36,14.41,--,18,25938,买盘
1133,13:22:33,14.41,--,31,44671,买盘
1134,13:22:30,14.41,--,26,37466,买盘
1135,13:22:27,14.41,--,30,43230,买盘
1136,13:22:24,14.41,0.01,21,30261,买盘
1137,13:22:18,14.4,-0.01,27,38880,卖盘
1138,13:22:12,14.41,0.01,47,67727,买盘
1139,13:22:09,14.4,--,6,8640,买盘
1140,13:22:03,14.4,0.01,189,272160,买盘
1141,13:21:57,14.39,--,23,33097,买盘
1142,13:21:54,14.39,-0.02,173,248947,卖盘
1143,13:21:51,14.41,0.01,16,23056,买盘
1144,13:21:48,14.4,--,22,31680,买盘
1145,13:21:45,14.4,--,23,33120,买盘
1146,13:21:39,14.4,--,12,17280,买盘
1147,13:21:36,14.4,--,45,64800,买盘
1148,13:21:33,14.4,--,22,31680,买盘
1149,13:21:30,14.4,0.01,14,20160,买盘
1150,13:21:24,14.39,-0.01,29,41731,卖盘
1151,13:21:18,14.4,--,38,54720,买盘
1152,13:21:12,14.4,--,23,33120,买盘
1153,13:21:09,14.4,--,8,11520,买盘
1154,13:21:06,14.4,--,143,205920,买盘
1155,13:21:00,14.4,--,25,36000,买盘
1156,13:20:57,14.4,--,29,41760,买盘
1157,13:20:51,14.4,--,35,50400,卖盘
1158,13:20:48,14.4,--,46,66240,买盘
1159,13:20:45,14.4,--,47,67680,买盘
1160,13:20:42,14.4,--,107,154080,卖盘
1161,13:20:39,14.4,-0.01,55,79200,卖盘
1162,13:20:33,14.41,0.01,12,17292,买盘
1163,13:20:30,14.4,-0.01,366,527040,卖盘
1164,13:20:27,14.41,-0.01,31,44671,买盘
1165,13:20:24,14.42,0.02,11,15862,买盘
1166,13:20:21,14.4,-0.01,2,2880,卖盘
1167,13:20:18,14.41,-0.01,28,40348,中性盘
1168,13:20:12,14.42,-0.01,13,18746,中性盘
1169,13:20:06,14.43,--,25,36075,买盘
1170,13:20:00,14.43,--,15,21645,买盘
1171,13:19:54,14.43,0.01,44,63492,买盘
1172,13:19:51,14.42,-0.01,17,24514,中性盘
1173,13:19:39,14.43,0.01,22,31746,买盘
1174,13:19:33,14.42,0.02,53,76426,买盘
1175,13:19:30,14.4,-0.02,46,66240,卖盘
1176,13:19:27,14.42,--,19,27398,买盘
1177,13:19:21,14.42,--,79,113918,买盘
1178,13:19:18,14.42,--,45,64890,卖盘
1179,13:19:15,14.42,--,23,33166,卖盘
1180,13:19:12,14.42,-0.01,33,47586,卖盘
1181,13:19:06,14.43,0.01,13,18759,买盘
1182,13:19:03,14.42,-0.01,4,5768,卖盘
1183,13:19:00,14.43,--,23,33189,买盘
1184,13:18:54,14.43,--,14,20202,买盘
1185,13:18:48,14.43,--,47,67821,买盘
1186,13:18:45,14.43,0.02,13,18759,买盘
1187,13:18:39,14.41,-0.01,48,69168,卖盘
1188,13:18:33,14.42,--,13,18746,买盘
1189,13:18:27,14.42,--,25,36050,买盘
1190,13:18:21,14.42,--,21,30282,买盘
1191,13:18:15,14.42,--,26,37492,买盘
1192,13:18:12,14.42,--,62,89404,买盘
1193,13:18:06,14.42,--,29,41818,买盘
1194,13:18:03,14.42,--,32,46144,买盘
1195,13:18:00,14.42,--,16,23072,买盘
1196,13:17:54,14.42,0.01,25,36050,买盘
1197,13:17:48,14.41,-0.02,58,83578,卖盘
1198,13:17:42,14.43,--,26,37518,买盘
1199,13:17:39,14.43,--,12,17316,买盘
1200,13:17:33,14.43,0.01,26,37518,买盘
1201,13:17:27,14.42,--,12,17304,买盘
1202,13:17:21,14.42,--,24,34608,买盘
1203,13:17:15,14.42,--,17,24514,买盘
1204,13:17:09,14.42,--,24,34608,买盘
1205,13:17:06,14.42,--,13,18746,买盘
1206,13:17:00,14.42,--,76,109592,买盘
1207,13:16:54,14.42,--,12,17304,买盘
1208,13:16:48,14.42,--,33,47586,买盘
1209,13:16:42,14.42,--,16,23072,买盘
1210,13:16:36,14.42,--,29,41818,买盘
1211,13:16:33,14.42,-0.01,42,60564,中性盘
1212,13:16:27,14.43,--,25,36075,买盘
1213,13:16:21,14.43,--,13,18759,买盘
1214,13:16:15,14.43,--,23,33189,买盘
1215,13:16:09,14.43,--,12,17316,买盘
1216,13:16:06,14.43,--,26,37518,买盘
1217,13:16:00,14.43,--,12,17316,买盘
1218,13:15:54,14.43,--,25,36075,买盘
1219,13:15:48,14.43,0.03,14,20202,买盘
1220,13:15:42,14.4,-0.03,31,44640,卖盘
1221,13:15:36,14.43,0.01,14,20202,买盘
1222,13:15:33,14.42,-0.01,7,10094,卖盘
1223,13:15:30,14.43,--,24,34632,买盘
1224,13:15:27,14.43,0.01,22,31746,买盘
1225,13:15:24,14.42,-0.01,10,14420,卖盘
1226,13:15:21,14.43,0.01,23,33189,买盘
1227,13:15:18,14.42,--,18,25956,买盘
1228,13:15:15,14.42,-0.01,47,67774,卖盘
1229,13:15:12,14.43,--,6,8658,买盘
1230,13:15:09,14.43,--,22,31746,买盘
1231,13:15:06,14.43,--,53,76479,买盘
1232,13:15:03,14.43,--,44,63492,买盘
1233,13:14:57,14.43,--,26,37518,买盘
1234,13:14:54,14.43,--,8,11544,买盘
1235,13:14:51,14.43,--,8,11544,买盘
1236,13:14:48,14.43,--,25,36075,买盘
1237,13:14:45,14.43,-0.01,9,12987,中性盘
1238,13:14:42,14.44,--,12,17328,买盘
1239,13:14:36,14.44,--,22,31768,买盘
1240,13:14:30,14.44,--,12,17328,买盘
1241,13:14:24,14.44,--,26,37544,买盘
1242,13:14:21,14.44,0.01,8,11552,买盘
1243,13:14:18,14.43,-0.01,11,15873,买盘
1244,13:14:15,14.44,--,26,37544,买盘
1245,13:14:09,14.44,0.04,20,28880,买盘
1246,13:14:03,14.4,-0.04,34,48960,卖盘
1247,13:14:00,14.44,0.01,47,67868,买盘
1248,13:13:57,14.43,--,19,27417,买盘
1249,13:13:51,14.43,--,26,37518,买盘
1250,13:13:48,14.43,--,82,118326,买盘
1251,13:13:45,14.43,--,15,21645,买盘
1252,13:13:42,14.43,--,25,36075,买盘
1253,13:13:39,14.43,--,64,92352,买盘
1254,13:13:36,14.43,--,10,14430,买盘
1255,13:13:33,14.43,0.04,31,44733,买盘
1256,13:13:30,14.39,-0.04,45,64755,卖盘
1257,13:13:27,14.43,0.01,69,99567,买盘
1258,13:13:24,14.42,--,25,36050,买盘
1259,13:13:15,14.42,0.02,110,158620,买盘
1260,13:13:12,14.4,--,17,24480,买盘
1261,13:13:09,14.4,-0.02,56,80640,卖盘
1262,13:13:06,14.42,--,71,102382,买盘
1263,13:13:03,14.42,0.01,38,54796,买盘
1264,13:12:54,14.41,--,62,89342,买盘
1265,13:12:51,14.41,-0.01,128,184448,卖盘
1266,13:12:48,14.42,--,14,20188,买盘
1267,13:12:45,14.42,-0.01,162,233604,卖盘
1268,13:12:39,14.43,--,30,43290,买盘
1269,13:12:33,14.43,--,81,116883,买盘
1270,13:12:30,14.43,--,10,14430,买盘
1271,13:12:21,14.43,--,61,88023,买盘
1272,13:12:18,14.43,--,28,40404,买盘
1273,13:12:09,14.43,--,67,96681,买盘
1274,13:12:06,14.43,--,17,24531,买盘
1275,13:12:00,14.43,0.02,70,101010,买盘
1276,13:11:57,14.41,0.01,27,38907,中性盘
1277,13:11:48,14.4,-0.03,78,112320,卖盘
1278,13:11:45,14.43,0.02,16,23088,买盘
1279,13:11:42,14.41,-0.02,3,4323,中性盘
1280,13:11:36,14.43,0.03,72,103896,买盘
1281,13:11:33,14.4,-0.02,12,17280,卖盘
1282,13:11:27,14.42,--,64,92288,买盘
1283,13:11:24,14.42,--,12,17304,买盘
1284,13:11:15,14.42,--,90,129780,卖盘
1285,13:11:12,14.42,-0.01,20,28840,卖盘
1286,13:11:09,14.43,0.01,10,14430,买盘
1287,13:11:06,14.42,-0.01,7,10094,卖盘
1288,13:11:03,14.43,--,72,103896,买盘
1289,13:11:00,14.43,--,8,11544,买盘
1290,13:10:54,14.43,0.01,71,102453,买盘
1291,13:10:51,14.42,--,21,30282,卖盘
1292,13:10:45,14.42,-0.01,1,1442,卖盘
1293,13:10:42,14.43,--,61,88023,买盘
1294,13:10:39,14.43,--,15,21645,买盘
1295,13:10:36,14.43,--,10,14430,买盘
1296,13:10:33,14.43,0.01,31,44733,买盘
1297,13:10:30,14.42,-0.01,74,106708,卖盘
1298,13:10:27,14.43,0.01,11,15873,买盘
1299,13:10:24,14.42,-0.01,5,7210,卖盘
1300,13:10:21,14.43,0.01,64,92352,买盘
1301,13:10:18,14.42,-0.01,29,41818,中性盘
1302,13:10:09,14.43,0.01,68,98124,买盘
1303,13:10:06,14.42,--,25,36050,买盘
1304,13:10:00,14.42,--,9,12978,买盘
1305,13:09:57,14.42,--,73,105266,买盘
1306,13:09:54,14.42,--,39,56238,买盘
1307,13:09:51,14.42,--,23,33166,买盘
1308,13:09:48,14.42,0.02,63,90846,买盘
1309,13:09:45,14.4,--,3,4320,卖盘
1310,13:09:42,14.4,-0.02,20,28800,卖盘
1311,13:09:36,14.42,--,77,111034,买盘
1312,13:09:33,14.42,0.02,14,20188,买盘
1313,13:09:27,14.4,-0.02,2,2880,卖盘
1314,13:09:24,14.42,--,66,95172,买盘
1315,13:09:21,14.42,--,12,17304,买盘
1316,13:09:15,14.42,0.01,63,90846,买盘
1317,13:09:12,14.41,-0.01,1,1441,中性盘
1318,13:09:03,14.42,--,120,173040,买盘
1319,13:09:00,14.42,--,14,20188,买盘
1320,13:08:51,14.42,--,65,93730,买盘
1321,13:08:48,14.42,--,9,12978,买盘
1322,13:08:42,14.42,--,63,90846,买盘
1323,13:08:39,14.42,0.02,12,17304,买盘
1324,13:08:30,14.4,-0.02,75,108000,卖盘
1325,13:08:27,14.42,0.02,14,20188,买盘
1326,13:08:21,14.4,-0.02,5,7200,卖盘
1327,13:08:18,14.42,0.01,72,103824,买盘
1328,13:08:15,14.41,-0.01,9,12969,中性盘
1329,13:08:09,14.42,0.01,63,90846,买盘
1330,13:08:06,14.41,0.01,1,1441,买盘
1331,13:08:03,14.4,-0.02,9,13248,卖盘
1332,13:07:57,14.42,0.01,74,106708,买盘
1333,13:07:54,14.41,--,17,24497,买盘
1334,13:07:45,14.41,--,66,95106,买盘
1335,13:07:42,14.41,--,13,18733,买盘
1336,13:07:39,14.41,--,9,12969,买盘
1337,13:07:36,14.41,--,80,115280,买盘
1338,13:07:33,14.41,--,34,48994,买盘
1339,13:07:30,14.41,-0.01,25,36025,卖盘
1340,13:07:24,14.42,0.01,74,106708,买盘
1341,13:07:21,14.41,--,15,21615,卖盘
1342,13:07:18,14.41,--,3,4323,卖盘
1343,13:07:15,14.41,--,6,8646,卖盘
1344,13:07:12,14.41,0.01,37,53317,买盘
1345,13:07:09,14.4,--,11,15840,买盘
1346,13:07:03,14.4,--,82,118080,买盘
1347,13:07:00,14.4,--,3,4320,买盘
1348,13:06:57,14.4,--,10,14400,买盘
1349,13:06:51,14.4,--,67,96480,买盘
1350,13:06:48,14.4,--,17,24480,买盘
1351,13:06:45,14.4,-0.02,20,28800,中性盘
1352,13:06:39,14.42,0.01,65,93730,买盘
1353,13:06:36,14.41,--,36,51876,买盘
1354,13:06:30,14.41,--,62,89342,买盘
1355,13:06:27,14.41,0.02,8,11528,买盘
1356,13:06:24,14.39,--,22,31658,卖盘
1357,13:06:21,14.39,-0.02,40,57560,卖盘
1358,13:06:18,14.41,--,67,96547,买盘
1359,13:06:15,14.41,0.02,12,17292,买盘
1360,13:06:06,14.39,-0.01,79,113681,卖盘
1361,13:06:03,14.4,0.01,8,11520,买盘
1362,13:05:57,14.39,0.01,36,51804,买盘
1363,13:05:54,14.38,--,7,10066,买盘
1364,13:05:45,14.38,--,73,104974,买盘
1365,13:05:42,14.38,--,7,10066,买盘
1366,13:05:33,14.38,-0.01,65,93470,买盘
1367,13:05:30,14.39,--,32,46048,卖盘
1368,13:05:24,14.39,--,41,58999,买盘
1369,13:05:21,14.39,--,31,44609,买盘
1370,13:05:12,14.39,0.03,66,94974,买盘
1371,13:05:09,14.36,--,13,18668,买盘
1372,13:05:03,14.36,-0.04,231,331716,卖盘
1373,13:05:00,14.4,--,64,92160,买盘
1374,13:04:57,14.4,--,8,11520,买盘
1375,13:04:51,14.4,--,62,89280,买盘
1376,13:04:48,14.4,--,7,10080,买盘
1377,13:04:39,14.4,--,74,106560,买盘
1378,13:04:36,14.4,--,14,20160,买盘
1379,13:04:33,14.4,--,54,77760,买盘
1380,13:04:27,14.4,--,65,93600,买盘
1381,13:04:24,14.4,0.01,10,14400,买盘
1382,13:04:18,14.39,0.03,69,99291,买盘
1383,13:04:15,14.36,-0.01,25,35900,卖盘
1384,13:04:12,14.37,-0.02,11,15807,中性盘
1385,13:04:06,14.39,--,66,94974,买盘
1386,13:04:03,14.39,0.02,19,27341,买盘
1387,13:03:54,14.37,--,64,91968,买盘
1388,13:03:51,14.37,--,62,89783,卖盘
1389,13:03:48,14.37,-0.03,0,962,卖盘
1390,13:03:45,14.4,--,61,87840,买盘
1391,13:03:42,14.4,0.03,1,1440,买盘
1392,13:03:33,14.37,-0.03,75,107775,卖盘
1393,13:03:30,14.4,--,17,24480,买盘
1394,13:03:21,14.4,--,64,92160,买盘
1395,13:03:18,14.4,--,23,33120,买盘
1396,13:03:12,14.4,--,69,99360,买盘
1397,13:03:09,14.4,--,154,221760,买盘
1398,13:03:06,14.4,-0.01,1,1440,中性盘
1399,13:03:00,14.41,0.03,72,103752,买盘
1400,13:02:57,14.38,--,10,14380,买盘
1401,13:02:48,14.38,--,64,92032,买盘
1402,13:02:45,14.38,-0.04,42,60396,卖盘
1403,13:02:36,14.42,--,68,98056,买盘
1404,13:02:33,14.42,--,7,10094,买盘
1405,13:02:27,14.42,--,66,95172,买盘
1406,13:02:24,14.42,--,7,10094,买盘
1407,13:02:15,14.42,0.01,63,90846,买盘
1408,13:02:12,14.41,--,8,11528,买盘
1409,13:02:06,14.41,--,61,87901,买盘
1410,13:02:00,14.41,--,11,15851,买盘
1411,13:01:54,14.41,--,66,95106,买盘
1412,13:01:51,14.41,0.02,19,27379,买盘
1413,13:01:45,14.39,-0.02,16,23225,卖盘
1414,13:01:42,14.41,0.01,70,100870,买盘
1415,13:01:39,14.4,--,10,14400,买盘
1416,13:01:33,14.4,--,142,204480,买盘
1417,13:01:27,14.4,0.01,1,1440,买盘
1418,13:01:24,14.39,-0.01,32,47285,卖盘
1419,13:01:21,14.4,-0.01,66,95040,买盘
1420,13:01:18,14.41,--,15,21615,买盘
1421,13:01:09,14.41,--,70,100870,买盘
1422,13:01:06,14.41,0.01,6,8646,买盘
1423,13:01:00,14.4,--,67,96480,买盘
1424,13:00:54,14.4,0.01,1,1440,买盘
1425,13:00:51,14.39,--,2,2878,买盘
1426,13:00:48,14.39,--,66,94974,买盘
1427,13:00:45,14.39,--,9,12951,买盘
1428,13:00:36,14.39,--,69,99291,买盘
1429,13:00:33,14.39,-0.01,19,27341,中性盘
1430,13:00:24,14.4,--,133,191520,买盘
1431,13:00:18,14.4,--,60,86400,卖盘
1432,13:00:09,14.4,0.03,24,34560,买盘
1433,13:00:06,14.37,-0.03,32,45984,卖盘
1434,13:00:03,14.4,--,657,946080,买盘
1435,13:00:00,14.4,--,0,0,买盘
1436,11:30:00,14.4,0.02,59,84960,买盘
1437,11:29:57,14.38,-0.02,1,1438,卖盘
1438,11:29:51,14.4,--,74,106560,买盘
1439,11:29:48,14.4,--,14,20160,买盘
1440,11:29:42,14.4,--,73,105120,买盘
1441,11:29:39,14.4,--,53,76320,买盘
1442,11:29:33,14.4,--,20,28800,买盘
1443,11:29:30,14.4,--,64,92160,买盘
1444,11:29:27,14.4,0.01,35,50400,买盘
1445,11:29:18,14.39,--,248,356872,买盘
1446,11:29:15,14.39,--,32,46407,卖盘
1447,11:29:12,14.39,-0.01,3,4317,卖盘
1448,11:29:09,14.4,--,66,95040,买盘
1449,11:29:06,14.4,0.01,25,36000,买盘
1450,11:29:03,14.39,--,16,24060,卖盘
1451,11:29:00,14.39,-0.02,20,28780,卖盘
1452,11:28:57,14.41,--,64,92224,买盘
1453,11:28:54,14.41,0.02,4,5764,买盘
1454,11:28:45,14.39,-0.03,177,254703,卖盘
1455,11:28:42,14.42,--,21,30282,买盘
1456,11:28:39,14.42,0.01,2,2884,买盘
1457,11:28:36,14.41,-0.01,23,33143,卖盘
1458,11:28:33,14.42,0.01,129,186018,买盘
1459,11:28:27,14.41,-0.01,8,11528,卖盘
1460,11:28:24,14.42,0.01,70,100940,买盘
1461,11:28:21,14.41,--,14,20174,买盘
1462,11:28:12,14.41,--,62,89342,买盘
1463,11:28:09,14.41,0.02,43,63216,买盘
1464,11:28:06,14.39,-0.02,33,47976,卖盘
1465,11:28:03,14.41,--,72,103752,买盘
1466,11:28:00,14.41,0.02,10,14410,买盘
1467,11:27:57,14.39,-0.03,24,34536,卖盘
1468,11:27:51,14.42,--,70,100940,买盘
1469,11:27:48,14.42,0.03,12,17304,买盘
1470,11:27:42,14.39,-0.02,87,126372,卖盘
1471,11:27:39,14.41,--,68,97988,买盘
1472,11:27:36,14.41,0.02,26,37466,中性盘
1473,11:27:33,14.39,-0.04,23,33097,中性盘
1474,11:27:27,14.43,0.04,99,142857,买盘
1475,11:27:24,14.39,-0.01,73,106270,卖盘
1476,11:27:21,14.4,-0.02,8,11520,卖盘
1477,11:27:18,14.42,--,80,115360,买盘
1478,11:27:15,14.42,--,6,8652,买盘
1479,11:27:12,14.42,--,9,12978,买盘
1480,11:27:06,14.42,--,68,98056,买盘
1481,11:27:03,14.42,--,40,57680,买盘
1482,11:27:00,14.42,-0.01,17,24514,卖盘
1483,11:26:54,14.43,--,86,124098,买盘
1484,11:26:45,14.43,--,80,115440,买盘
1485,11:26:42,14.43,--,12,17316,买盘
1486,11:26:33,14.43,0.01,67,96681,买盘
1487,11:26:30,14.42,-0.01,49,70658,买盘
1488,11:26:24,14.43,0.02,72,103896,买盘
1489,11:26:21,14.41,-0.02,88,126808,卖盘
1490,11:26:18,14.43,--,10,14430,买盘
1491,11:26:12,14.43,0.01,63,90909,买盘
1492,11:26:09,14.42,--,36,51912,买盘
1493,11:26:06,14.42,-0.01,23,33166,中性盘
1494,11:26:00,14.43,0.01,91,131313,买盘
1495,11:25:57,14.42,--,16,23072,买盘
1496,11:25:54,14.42,--,25,36050,买盘
1497,11:25:51,14.42,-0.01,30,44154,卖盘
1498,11:25:48,14.43,0.01,81,116883,买盘
1499,11:25:45,14.42,--,5,7210,卖盘
1500,11:25:42,14.42,-0.01,10,14420,卖盘
1501,11:25:39,14.43,--,63,90909,买盘
1502,11:25:36,14.43,0.01,64,92352,买盘
1503,11:25:33,14.42,--,22,31724,卖盘
1504,11:25:30,14.42,--,5,7210,卖盘
1505,11:25:27,14.42,0.01,25,36597,买盘
1506,11:25:24,14.41,--,125,181018,买盘
1507,11:25:21,14.41,--,68,97988,买盘
1508,11:25:18,14.41,-0.01,60,86460,卖盘
1509,11:25:15,14.42,--,98,141316,买盘
1510,11:25:12,14.42,0.01,36,51912,买盘
1511,11:25:09,14.41,--,43,61963,卖盘
1512,11:25:06,14.41,--,152,219032,买盘
1513,11:25:03,14.41,--,24,34584,买盘
1514,11:25:00,14.41,--,5,7205,买盘
1515,11:24:57,14.41,-0.01,29,41789,卖盘
1516,11:24:54,14.42,--,74,106708,买盘
1517,11:24:51,14.42,--,15,21630,买盘
1518,11:24:45,14.42,--,25,36050,买盘
1519,11:24:42,14.42,-0.01,74,106708,中性盘
1520,11:24:33,14.43,--,69,99567,买盘
1521,11:24:30,14.43,0.04,17,24531,买盘
1522,11:24:27,14.39,-0.04,4,5756,卖盘
1523,11:24:21,14.43,0.01,67,96681,买盘
1524,11:24:18,14.42,0.03,22,31724,买盘
1525,11:24:12,14.39,-0.04,60,86340,卖盘
1526,11:24:09,14.43,0.04,66,95238,买盘
1527,11:24:06,14.39,-0.03,62,89218,卖盘
1528,11:24:03,14.42,--,27,39481,买盘
1529,11:24:00,14.42,--,69,99498,买盘
1530,11:23:57,14.42,--,9,12978,买盘
1531,11:23:48,14.42,--,74,106708,买盘
1532,11:23:45,14.42,--,14,20188,买盘
1533,11:23:36,14.42,0.01,66,95172,买盘
1534,11:23:33,14.41,-0.01,9,12969,中性盘
1535,11:23:27,14.42,--,63,90846,买盘
1536,11:23:24,14.42,--,15,21630,买盘
1537,11:23:15,14.42,--,66,95172,买盘
1538,11:23:12,14.42,0.06,20,28840,买盘
1539,11:23:06,14.36,-0.06,62,89032,卖盘
1540,11:23:03,14.42,0.02,72,103824,买盘
1541,11:23:00,14.4,--,59,84960,买盘
1542,11:22:57,14.4,-0.02,3,4521,卖盘
1543,11:22:54,14.42,0.01,69,99498,买盘
1544,11:22:51,14.41,--,52,74932,买盘
1545,11:22:42,14.41,--,84,121044,买盘
1546,11:22:39,14.41,--,17,24497,买盘
1547,11:22:33,14.41,0.01,32,46112,买盘
1548,11:22:30,14.4,-0.01,96,139478,卖盘
1549,11:22:27,14.41,-0.01,10,14410,买盘
1550,11:22:21,14.42,--,62,89404,买盘
1551,11:22:18,14.42,0.02,13,18746,买盘
1552,11:22:12,14.4,-0.01,10,14400,卖盘
1553,11:22:09,14.41,--,71,102311,买盘
1554,11:22:06,14.41,--,14,20174,买盘
1555,11:22:00,14.41,--,10,14410,买盘
1556,11:21:57,14.41,--,64,92224,买盘
1557,11:21:54,14.41,--,20,28820,买盘
1558,11:21:51,14.41,--,60,86460,买盘
1559,11:21:48,14.41,--,69,99429,买盘
1560,11:21:45,14.41,0.01,7,10087,买盘
1561,11:21:42,14.4,--,4,5760,卖盘
1562,11:21:39,14.4,-0.01,50,72000,卖盘
1563,11:21:36,14.41,--,75,108075,买盘
1564,11:21:33,14.41,0.01,35,50435,买盘
1565,11:21:30,14.4,-0.01,28,40320,中性盘
1566,11:21:24,14.41,0.02,215,309815,买盘
1567,11:21:21,14.39,-0.01,80,115695,卖盘
1568,11:21:18,14.4,0.01,56,80640,买盘
1569,11:21:15,14.39,--,89,128071,卖盘
1570,11:21:12,14.39,--,13,19570,卖盘
1571,11:21:09,14.39,-0.01,3,4317,卖盘
1572,11:21:03,14.4,0.01,73,105120,买盘
1573,11:21:00,14.39,-0.01,12,17268,中性盘
1574,11:20:51,14.4,--,71,102240,买盘
1575,11:20:48,14.4,--,40,57600,买盘
1576,11:20:42,14.4,0.01,80,115200,买盘
1577,11:20:39,14.39,--,4,5756,买盘
1578,11:20:36,14.39,--,3,4317,买盘
1579,11:20:30,14.39,-0.01,90,129510,卖盘
1580,11:20:27,14.4,--,47,67680,买盘
1581,11:20:18,14.4,--,67,96480,买盘
1582,11:20:15,14.4,--,30,43200,买盘
1583,11:20:12,14.4,-0.01,14,20160,买盘
1584,11:20:09,14.41,0.01,68,97988,买盘
1585,11:20:06,14.4,--,9,12960,买盘
1586,11:20:03,14.4,-0.01,10,14400,中性盘
1587,11:19:57,14.41,0.01,73,105193,买盘
1588,11:19:54,14.4,--,18,25920,买盘
1589,11:19:45,14.4,--,75,108000,买盘
1590,11:19:42,14.4,0.01,11,15840,买盘
1591,11:19:39,14.39,-0.01,32,46048,卖盘
1592,11:19:36,14.4,--,61,87840,买盘
1593,11:19:33,14.4,--,77,110880,买盘
1594,11:19:24,14.4,--,434,624960,买盘
1595,11:19:21,14.4,--,14,20160,买盘
1596,11:19:12,14.4,0.01,64,92160,买盘
1597,11:19:09,14.39,--,77,110803,买盘
1598,11:19:03,14.39,--,69,99291,买盘
1599,11:19:00,14.39,--,22,31658,买盘
1600,11:18:51,14.39,--,73,105047,买盘
1601,11:18:48,14.39,--,43,61877,买盘
1602,11:18:39,14.39,--,64,92096,买盘
1603,11:18:36,14.39,0.02,45,64755,买盘
1604,11:18:33,14.37,-0.02,2,2874,中性盘
1605,11:18:30,14.39,0.02,61,87779,买盘
1606,11:18:27,14.37,--,7,10059,买盘
1607,11:18:24,14.37,-0.02,16,22992,卖盘
1608,11:18:18,14.39,--,66,94974,买盘
1609,11:18:15,14.39,--,53,76267,买盘
1610,11:18:12,14.39,--,13,18707,买盘
1611,11:18:09,14.39,--,10,14390,买盘
1612,11:18:06,14.39,0.02,141,202899,买盘
1613,11:18:03,14.37,-0.02,40,57480,卖盘
1614,11:18:00,14.39,--,23,33097,买盘
1615,11:17:57,14.39,--,296,425944,买盘
1616,11:17:54,14.39,0.01,32,46048,买盘
1617,11:17:51,14.38,-0.01,5,7190,卖盘
1618,11:17:45,14.39,--,66,94974,买盘
1619,11:17:42,14.39,--,21,30219,买盘
1620,11:17:33,14.39,--,63,90657,买盘
1621,11:17:30,14.39,--,7,10073,买盘
1622,11:17:24,14.39,--,139,200524,买盘
1623,11:17:21,14.39,--,5,7195,买盘
1624,11:17:12,14.39,--,74,106486,买盘
1625,11:17:09,14.39,--,42,60438,买盘
1626,11:17:00,14.39,0.01,70,100730,买盘
1627,11:16:57,14.38,-0.01,10,14380,买盘
1628,11:16:51,14.39,0.01,67,96413,买盘
1629,11:16:48,14.38,--,32,46016,买盘
1630,11:16:39,14.38,0.01,66,94908,买盘
1631,11:16:36,14.37,--,13,18681,买盘
1632,11:16:33,14.37,-0.01,37,53169,中性盘
1633,11:16:27,14.38,0.01,65,93470,买盘
1634,11:16:24,14.37,--,11,15807,买盘
1635,11:16:21,14.37,-0.02,58,83346,卖盘
1636,11:16:18,14.39,0.01,61,87779,买盘
1637,11:16:15,14.38,0.01,12,17256,中性盘
1638,11:16:09,14.37,-0.02,25,35925,卖盘
1639,11:16:06,14.39,0.01,73,105047,买盘
1640,11:16:03,14.38,0.01,9,12942,买盘
1641,11:16:00,14.37,--,20,28740,卖盘
1642,11:15:57,14.37,-0.01,20,28740,卖盘
1643,11:15:54,14.38,--,70,100660,买盘
1644,11:15:51,14.38,0.01,22,31650,买盘
1645,11:15:48,14.37,-0.01,25,35925,卖盘
1646,11:15:42,14.38,0.01,104,150975,买盘
1647,11:15:36,14.37,--,39,56043,卖盘
1648,11:15:33,14.37,-0.01,78,112086,卖盘
1649,11:15:30,14.38,--,9,12942,买盘
1650,11:15:21,14.38,--,62,89156,买盘
1651,11:15:18,14.38,--,16,23008,买盘
1652,11:15:12,14.38,0.01,75,107850,买盘
1653,11:15:09,14.37,--,50,72784,买盘
1654,11:15:03,14.37,--,31,44547,买盘
1655,11:15:00,14.37,--,81,116397,买盘
1656,11:14:57,14.37,--,19,27303,买盘
1657,11:14:54,14.37,0.01,24,34488,买盘
1658,11:14:51,14.36,--,34,48824,卖盘
1659,11:14:48,14.36,-0.01,94,134984,卖盘
1660,11:14:45,14.37,--,92,132204,买盘
1661,11:14:42,14.37,--,26,37362,买盘
1662,11:14:39,14.37,--,67,96279,买盘
1663,11:14:36,14.37,--,8,11496,买盘
1664,11:14:33,14.37,0.01,3,4311,买盘
1665,11:14:30,14.36,-0.01,23,33028,卖盘
1666,11:14:27,14.37,--,72,103464,买盘
1667,11:14:24,14.37,--,9,12933,买盘
1668,11:14:15,14.37,--,71,102027,买盘
1669,11:14:12,14.37,--,14,20118,买盘
1670,11:14:03,14.37,--,77,110649,买盘
1671,11:13:54,14.37,--,71,102027,买盘
1672,11:13:51,14.37,0.01,11,15807,买盘
1673,11:13:48,14.36,-0.01,1,1436,卖盘
1674,11:13:45,14.37,--,10,14370,买盘
1675,11:13:42,14.37,--,63,90531,买盘
1676,11:13:39,14.37,--,12,17244,买盘
1677,11:13:33,14.37,--,99,142263,买盘
1678,11:13:30,14.37,0.01,1,1437,买盘
1679,11:13:24,14.36,-0.01,50,71800,卖盘
1680,11:13:21,14.37,--,72,103464,买盘
1681,11:13:18,14.37,--,7,10059,买盘
1682,11:13:09,14.37,--,62,89094,买盘
1683,11:13:06,14.37,--,12,17244,买盘
1684,11:12:57,14.37,--,91,130767,买盘
1685,11:12:48,14.37,--,71,102027,买盘
1686,11:12:45,14.37,--,31,44547,买盘
1687,11:12:42,14.37,--,33,47421,买盘
1688,11:12:39,14.37,--,27,38799,买盘
1689,11:12:36,14.37,--,86,123582,买盘
1690,11:12:33,14.37,--,14,20118,买盘
1691,11:12:30,14.37,--,11,15807,买盘
1692,11:12:24,14.37,--,75,107775,买盘
1693,11:12:15,14.37,--,65,93405,买盘
1694,11:12:12,14.37,--,17,24429,买盘
1695,11:12:09,14.37,--,2,2874,买盘
1696,11:12:03,14.37,--,100,143700,买盘
1697,11:12:00,14.37,0.01,24,34488,买盘
1698,11:11:54,14.36,--,47,67492,买盘
1699,11:11:51,14.36,--,87,124932,买盘
1700,11:11:45,14.36,-0.01,159,228324,卖盘
1701,11:11:42,14.37,0.01,64,91968,买盘
1702,11:11:39,14.36,-0.01,10,14360,卖盘
1703,11:11:30,14.37,--,62,89094,买盘
1704,11:11:27,14.37,--,18,25866,买盘
1705,11:11:18,14.37,0.01,74,106338,中性盘
1706,11:11:12,14.36,-0.02,33,47388,卖盘
1707,11:11:09,14.38,0.01,71,102098,买盘
1708,11:11:06,14.37,--,15,21555,买盘
1709,11:10:57,14.37,--,62,89094,买盘
1710,11:10:54,14.37,--,8,11496,买盘
1711,11:10:48,14.37,--,79,113523,买盘
1712,11:10:45,14.37,--,13,18681,买盘
1713,11:10:36,14.37,--,64,91968,买盘
1714,11:10:33,14.37,--,39,56043,买盘
1715,11:10:24,14.37,--,62,89094,买盘
1716,11:10:21,14.37,--,16,22992,买盘
1717,11:10:12,14.37,--,82,118121,买盘
1718,11:10:09,14.37,--,4,5748,买盘
1719,11:10:03,14.37,0.01,70,100590,买盘
1720,11:10:00,14.36,0.01,2,2872,买盘
1721,11:09:54,14.35,-0.01,16,22960,卖盘
1722,11:09:51,14.36,--,80,114880,买盘
1723,11:09:48,14.36,0.01,13,18668,买盘
1724,11:09:45,14.35,-0.01,2,2870,卖盘
1725,11:09:42,14.36,0.01,3,4308,买盘
1726,11:09:39,14.35,-0.01,66,94710,卖盘
1727,11:09:36,14.36,0.01,6,8616,买盘
1728,11:09:33,14.35,--,10,14350,卖盘
1729,11:09:30,14.35,-0.01,2,2870,卖盘
1730,11:09:27,14.36,0.01,4,5744,买盘
1731,11:09:18,14.35,--,52,74620,买盘
1732,11:09:15,14.35,--,20,28700,买盘
1733,11:09:12,14.35,0.01,20,28700,买盘
1734,11:09:09,14.34,-0.01,2,2868,卖盘
1735,11:09:03,14.35,-0.01,108,154980,卖盘
1736,11:08:57,14.36,--,92,132901,卖盘
1737,11:08:54,14.36,--,2,2872,卖盘
1738,11:08:48,14.36,-0.01,4,5744,卖盘
1739,11:08:42,14.37,--,5,7185,买盘
1740,11:08:33,14.37,--,11,15807,买盘
1741,11:08:30,14.37,0.01,33,47421,买盘
1742,11:08:27,14.36,-0.01,4,5744,卖盘
1743,11:08:21,14.37,0.01,1,1437,买盘
1744,11:08:18,14.36,--,2,2872,卖盘
1745,11:08:15,14.36,-0.01,302,433672,卖盘
1746,11:08:12,14.37,0.01,30,43110,买盘
1747,11:08:06,14.36,-0.01,4,5744,卖盘
1748,11:07:48,14.37,0.01,6,8622,买盘
1749,11:07:45,14.36,-0.01,2,2872,卖盘
1750,11:07:36,14.37,--,23,33051,买盘
1751,11:07:33,14.37,0.01,37,53169,买盘
1752,11:07:27,14.36,-0.01,20,29007,卖盘
1753,11:07:24,14.37,--,4,5748,买盘
1754,11:07:15,14.37,0.01,19,27303,买盘
1755,11:07:12,14.36,-0.01,23,33028,卖盘
1756,11:07:03,14.37,-0.01,53,76951,卖盘
1757,11:06:57,14.38,--,7,10066,买盘
1758,11:06:54,14.38,--,26,37388,买盘
1759,11:06:51,14.38,--,34,49539,买盘
1760,11:06:45,14.38,-0.01,2,2876,卖盘
1761,11:06:42,14.39,--,4,5756,买盘
1762,11:06:33,14.39,--,10,14390,买盘
1763,11:06:30,14.39,--,9,12951,买盘
1764,11:06:27,14.39,--,6,8634,买盘
1765,11:06:18,14.39,--,13,18707,买盘
1766,11:06:15,14.39,--,77,110803,买盘
1767,11:06:09,14.39,--,14,20146,买盘
1768,11:06:03,14.39,--,113,162607,买盘
1769,11:05:57,14.39,0.03,19,27341,买盘
1770,11:05:54,14.36,-0.02,114,163991,卖盘
1771,11:05:51,14.38,0.01,12,17256,买盘
1772,11:05:48,14.37,-0.02,11,16669,卖盘
1773,11:05:45,14.39,--,46,66194,买盘
1774,11:05:42,14.39,0.01,124,178436,买盘
1775,11:05:36,14.38,--,13,18694,买盘
1776,11:05:30,14.38,0.01,91,130858,买盘
1777,11:05:27,14.37,-0.01,11,15807,卖盘
1778,11:05:24,14.38,--,16,23008,买盘
1779,11:05:21,14.38,--,113,162494,买盘
1780,11:05:18,14.38,0.01,2,2876,买盘
1781,11:05:15,14.37,-0.02,2,2874,卖盘
1782,11:05:12,14.39,--,17,24463,买盘
1783,11:05:09,14.39,0.01,85,122315,买盘
1784,11:05:06,14.38,--,57,81966,卖盘
1785,11:05:03,14.38,-0.01,45,64710,卖盘
1786,11:04:57,14.39,--,118,169802,买盘
1787,11:04:51,14.39,--,77,110803,买盘
1788,11:04:48,14.39,0.01,79,113681,买盘
1789,11:04:39,14.38,--,9,12942,买盘
1790,11:04:36,14.38,--,85,122230,买盘
1791,11:04:33,14.38,--,44,63272,买盘
1792,11:04:30,14.38,--,9,12942,买盘
1793,11:04:24,14.38,--,82,117916,买盘
1794,11:04:18,14.38,--,50,72475,买盘
1795,11:04:12,14.38,--,17,24446,买盘
1796,11:04:09,14.38,--,24,34512,买盘
1797,11:04:06,14.38,--,8,11504,买盘
1798,11:04:00,14.38,0.01,26,37388,买盘
1799,11:03:57,14.37,--,19,27303,买盘
1800,11:03:51,14.37,--,5,7185,买盘
1801,11:03:48,14.37,--,58,84251,买盘
1802,11:03:45,14.37,-0.01,8,11496,中性盘
1803,11:03:36,14.38,0.01,58,83404,买盘
1804,11:03:33,14.37,--,7,10059,买盘
1805,11:03:30,14.37,-0.01,1,1437,中性盘
1806,11:03:27,14.38,0.01,65,93470,买盘
1807,11:03:24,14.37,-0.01,44,63472,卖盘
1808,11:03:15,14.38,--,24,34512,买盘
1809,11:03:12,14.38,0.01,26,37388,买盘
1810,11:03:06,14.37,-0.01,10,14370,卖盘
1811,11:03:03,14.38,--,55,79090,买盘
1812,11:03:00,14.38,--,6,8628,买盘
1813,11:02:54,14.38,--,25,35950,买盘
1814,11:02:51,14.38,0.01,3,4314,买盘
1815,11:02:45,14.37,-0.01,32,47176,卖盘
1816,11:02:42,14.38,--,28,40264,买盘
1817,11:02:39,14.38,0.01,5,7190,买盘
1818,11:02:36,14.37,-0.01,20,28740,中性盘
1819,11:02:30,14.38,--,23,33074,买盘
1820,11:02:27,14.38,--,6,8628,买盘
1821,11:02:21,14.38,--,26,37388,买盘
1822,11:02:18,14.38,--,54,77652,买盘
1823,11:02:09,14.38,--,27,38826,买盘
1824,11:02:06,14.38,--,4,5752,买盘
1825,11:02:03,14.38,0.02,61,87718,买盘
1826,11:01:57,14.36,-0.01,58,83460,卖盘
1827,11:01:54,14.37,--,17,24429,买盘
1828,11:01:48,14.37,--,25,35925,买盘
1829,11:01:45,14.37,0.01,14,20118,买盘
1830,11:01:39,14.36,-0.01,10,14360,卖盘
1831,11:01:36,14.37,--,29,41673,买盘
1832,11:01:33,14.37,--,37,53169,买盘
1833,11:01:30,14.37,0.01,10,14370,买盘
1834,11:01:27,14.36,--,34,49068,卖盘
1835,11:01:24,14.36,-0.01,59,84724,卖盘
1836,11:01:21,14.37,0.01,12,17244,买盘
1837,11:01:15,14.36,--,36,51696,卖盘
1838,11:01:12,14.36,--,46,66242,卖盘
1839,11:01:09,14.36,--,52,74672,买盘
1840,11:01:03,14.36,--,25,35900,买盘
1841,11:01:00,14.36,--,25,35900,买盘
1842,11:00:57,14.36,--,73,104828,买盘
1843,11:00:51,14.36,-0.01,24,34464,买盘
1844,11:00:48,14.37,0.02,41,59190,买盘
1845,11:00:45,14.35,--,1,1435,卖盘
1846,11:00:42,14.35,--,62,90333,卖盘
1847,11:00:39,14.35,-0.02,31,44485,卖盘
1848,11:00:36,14.37,0.01,14,20118,买盘
1849,11:00:33,14.36,-0.02,8,11488,中性盘
1850,11:00:30,14.38,0.01,28,40264,买盘
1851,11:00:27,14.37,--,11,15807,买盘
1852,11:00:18,14.37,--,66,94842,买盘
1853,11:00:15,14.37,--,3,4311,买盘
1854,11:00:09,14.37,--,30,43110,买盘
1855,11:00:06,14.37,--,12,17244,买盘
1856,11:00:03,14.37,0.02,31,44547,中性盘
1857,10:59:57,14.35,-0.03,78,112231,卖盘
1858,10:59:54,14.38,0.03,15,21570,买盘
1859,10:59:48,14.35,-0.03,23,33005,卖盘
1860,10:59:45,14.38,0.01,79,113602,买盘
1861,10:59:42,14.37,--,4,5748,买盘
1862,10:59:39,14.37,--,43,61791,买盘
1863,10:59:36,14.37,--,26,37362,买盘
1864,10:59:33,14.37,0.02,11,15807,买盘
1865,10:59:27,14.35,-0.02,7,10360,卖盘
1866,10:59:24,14.37,0.01,24,34488,买盘
1867,10:59:21,14.36,--,7,10052,买盘
1868,10:59:18,14.36,0.01,53,76108,买盘
1869,10:59:15,14.35,-0.01,20,28700,卖盘
1870,10:59:12,14.36,--,26,37336,买盘
1871,10:59:09,14.36,--,6,8616,买盘
1872,10:59:03,14.36,--,26,37336,买盘
1873,10:59:00,14.36,--,43,61748,买盘
1874,10:58:57,14.36,--,7,10425,卖盘
1875,10:58:54,14.36,-0.01,17,25331,卖盘
1876,10:58:51,14.37,0.01,27,38799,买盘
1877,10:58:48,14.36,-0.01,51,73236,卖盘
1878,10:58:42,14.37,0.01,30,43110,买盘
1879,10:58:39,14.36,-0.01,128,183808,卖盘
1880,10:58:36,14.37,0.01,23,33051,买盘
1881,10:58:33,14.36,--,60,86160,卖盘
1882,10:58:30,14.36,-0.01,48,68928,卖盘
1883,10:58:27,14.37,--,30,43110,买盘
1884,10:58:24,14.37,--,58,83346,买盘
1885,10:58:18,14.37,--,63,90531,买盘
1886,10:58:15,14.37,0.01,31,44547,买盘
1887,10:58:09,14.36,-0.01,20,28720,卖盘
1888,10:58:06,14.37,-0.01,36,51732,中性盘
1889,10:58:03,14.38,0.01,46,66148,买盘
1890,10:58:00,14.37,--,13,18681,买盘
1891,10:57:57,14.37,--,27,38799,买盘
1892,10:57:54,14.37,0.01,23,33051,买盘
1893,10:57:51,14.36,-0.01,142,203912,卖盘
1894,10:57:48,14.37,--,11,15807,买盘
1895,10:57:42,14.37,0.01,23,33051,买盘
1896,10:57:36,14.36,--,127,182515,买盘
1897,10:57:33,14.36,--,82,117752,买盘
1898,10:57:30,14.36,--,1,1436,买盘
1899,10:57:27,14.36,0.01,10,14360,买盘
1900,10:57:24,14.35,-0.01,20,28700,卖盘
1901,10:57:18,14.36,0.02,10,14360,买盘
1902,10:57:09,14.34,-0.01,33,47322,卖盘
1903,10:57:06,14.35,-0.01,20,28700,卖盘
1904,10:57:03,14.36,0.02,33,47388,买盘
1905,10:57:00,14.34,-0.02,1,1434,卖盘
1906,10:56:57,14.36,0.02,9,12924,买盘
1907,10:56:54,14.34,-0.02,23,33268,卖盘
1908,10:56:48,14.36,0.01,34,48824,买盘
1909,10:56:45,14.35,--,29,41615,买盘
1910,10:56:42,14.35,--,23,33005,买盘
1911,10:56:39,14.35,--,24,34440,买盘
1912,10:56:36,14.35,0.01,16,22960,买盘
1913,10:56:33,14.34,-0.01,20,28680,卖盘
1914,10:56:21,14.35,-0.01,110,159141,卖盘
1915,10:56:18,14.36,-0.01,53,76108,中性盘
1916,10:56:03,14.37,--,4,5748,买盘
1917,10:55:51,14.37,0.01,25,35925,买盘
1918,10:55:48,14.36,--,5,7180,卖盘
1919,10:55:45,14.36,-0.01,5,7180,卖盘
1920,10:55:39,14.37,0.01,4,5748,买盘
1921,10:55:36,14.36,--,4,5744,卖盘
1922,10:55:33,14.36,--,18,25848,买盘
1923,10:55:30,14.36,--,18,25848,买盘
1924,10:55:24,14.36,--,16,22976,买盘
1925,10:55:18,14.36,--,163,234068,卖盘
1926,10:55:09,14.36,--,20,28720,卖盘
1927,10:55:06,14.36,-0.01,4,5744,卖盘
1928,10:55:03,14.37,--,10,14370,买盘
1929,10:54:45,14.37,--,7,10059,买盘
1930,10:54:36,14.37,--,5,7185,买盘
1931,10:54:33,14.37,-0.01,31,44547,卖盘
1932,10:54:30,14.38,--,30,43140,买盘
1933,10:54:24,14.38,--,3,4314,买盘
1934,10:54:12,14.38,--,24,34512,买盘
1935,10:54:00,14.38,--,35,50330,买盘
1936,10:53:57,14.38,0.01,12,17256,买盘
1937,10:53:51,14.37,--,4,5748,买盘
1938,10:53:42,14.37,--,3,4311,买盘
1939,10:53:39,14.37,--,2,2874,买盘
1940,10:53:27,14.37,0.01,8,11496,买盘
1941,10:53:24,14.36,-0.02,8,11488,卖盘
1942,10:53:06,14.38,0.01,4,5752,买盘
1943,10:52:54,14.37,--,2,2874,买盘
1944,10:52:51,14.37,--,11,15807,买盘
1945,10:52:48,14.37,--,25,35925,买盘
1946,10:52:45,14.37,--,25,35925,买盘
1947,10:52:33,14.37,--,34,48858,买盘
1948,10:52:27,14.37,--,150,215550,买盘
1949,10:52:21,14.37,0.01,5,7185,买盘
1950,10:52:18,14.36,-0.01,12,17232,中性盘
1951,10:52:12,14.37,--,5,7185,买盘
1952,10:52:03,14.37,0.01,16,22992,买盘
1953,10:52:00,14.36,--,53,77443,买盘
1954,10:51:54,14.36,-0.01,1,1436,中性盘
1955,10:51:48,14.37,--,16,22992,买盘
1956,10:51:45,14.37,0.01,15,21555,买盘
1957,10:51:42,14.36,--,5,7180,买盘
1958,10:51:39,14.36,-0.01,154,221144,卖盘
1959,10:51:30,14.37,--,5,7185,买盘
1960,10:51:21,14.37,--,5,7185,买盘
1961,10:51:15,14.37,-0.01,5,7185,买盘
1962,10:51:06,14.38,--,1,1438,买盘
1963,10:51:03,14.38,--,31,44578,买盘
1964,10:51:00,14.38,--,6,8628,买盘
1965,10:50:57,14.38,--,14,20132,买盘
1966,10:50:54,14.38,0.01,15,21570,买盘
1967,10:50:51,14.37,-0.01,1,1437,中性盘
1968,10:50:42,14.38,0.01,40,58195,买盘
1969,10:50:36,14.37,-0.01,5,7185,卖盘
1970,10:50:33,14.38,--,28,40264,买盘
1971,10:50:27,14.38,--,27,38826,买盘
1972,10:50:24,14.38,-0.01,35,50330,卖盘
1973,10:50:21,14.39,0.01,12,17268,买盘
1974,10:50:18,14.38,--,210,301980,卖盘
1975,10:50:15,14.38,-0.01,18,25884,买盘
1976,10:50:09,14.39,0.01,49,70511,买盘
1977,10:50:03,14.38,-0.01,20,28760,卖盘
1978,10:50:00,14.39,0.01,3,4317,买盘
1979,10:49:57,14.38,--,20,28760,卖盘
1980,10:49:54,14.38,0.01,122,175436,买盘
1981,10:49:51,14.37,-0.01,42,61115,卖盘
1982,10:49:48,14.38,0.01,5,7190,买盘
1983,10:49:45,14.37,--,20,28740,卖盘
1984,10:49:39,14.37,-0.01,5,7185,卖盘
1985,10:49:33,14.38,0.01,32,46016,买盘
1986,10:49:30,14.37,-0.01,23,33051,卖盘
1987,10:49:27,14.38,0.01,1,1438,买盘
1988,10:49:21,14.37,-0.01,1,1437,卖盘
1989,10:49:15,14.38,-0.01,3,4314,中性盘
1990,10:49:03,14.39,--,5,7195,买盘
1991,10:49:00,14.39,0.01,28,40292,买盘
1992,10:48:54,14.38,-0.01,6,8628,买盘
1993,10:48:51,14.39,0.04,26,37414,买盘
1994,10:48:45,14.35,-0.04,23,33005,卖盘
1995,10:48:42,14.39,-0.01,31,44609,买盘
1996,10:48:39,14.4,0.03,25,36000,买盘
1997,10:48:33,14.37,--,3,4311,买盘
1998,10:48:30,14.37,-0.01,93,133641,卖盘
1999,10:48:27,14.38,-0.01,28,40264,中性盘
2000,10:48:24,14.39,0.01,189,271971,买盘
2001,10:48:21,14.38,0.01,113,163054,买盘
2002,10:48:18,14.37,0.01,51,73287,卖盘
2003,10:48:15,14.36,-0.03,23,33028,卖盘
2004,10:48:09,14.39,0.01,50,71950,买盘
2005,10:48:06,14.38,--,5,7190,买盘
2006,10:48:03,14.38,--,32,46016,买盘
2007,10:47:57,14.38,-0.01,186,268589,卖盘
2008,10:47:54,14.39,--,27,38853,买盘
2009,10:47:48,14.39,-0.02,73,105047,买盘
2010,10:47:45,14.41,0.01,23,33143,买盘
2011,10:47:42,14.4,0.02,500,720000,买盘
2012,10:47:36,14.38,-0.01,41,58958,卖盘
2013,10:47:33,14.39,0.01,409,589011,买盘
2014,10:47:27,14.38,--,277,399620,买盘
2015,10:47:24,14.38,--,5,7190,买盘
2016,10:47:21,14.38,0.03,25,35950,买盘
2017,10:47:18,14.35,-0.03,1,1435,卖盘
2018,10:47:15,14.38,--,27,38826,买盘
2019,10:47:12,14.38,--,26,37388,买盘
2020,10:47:03,14.38,--,43,61834,买盘
2021,10:47:00,14.38,0.02,61,87718,买盘
2022,10:46:57,14.36,-0.02,31,44516,卖盘
2023,10:46:51,14.38,0.01,48,69024,买盘
2024,10:46:48,14.37,0.01,35,50295,买盘
2025,10:46:45,14.36,--,33,47388,买盘
2026,10:46:42,14.36,-0.01,52,74672,卖盘
2027,10:46:39,14.37,--,93,133641,买盘
2028,10:46:36,14.37,--,23,33051,买盘
2029,10:46:33,14.37,0.01,74,106338,买盘
2030,10:46:30,14.36,-0.02,70,100520,卖盘
2031,10:46:27,14.38,--,57,81966,买盘
2032,10:46:24,14.38,0.02,23,33074,买盘
2033,10:46:21,14.36,-0.02,7,10052,卖盘
2034,10:46:18,14.38,--,25,35950,买盘
2035,10:46:15,14.38,0.02,77,110970,买盘
2036,10:46:12,14.36,-0.02,52,74672,卖盘
2037,10:46:09,14.38,--,27,38826,买盘
2038,10:46:06,14.38,0.01,53,76214,买盘
2039,10:46:00,14.37,--,23,33051,买盘
2040,10:45:57,14.37,--,22,31614,买盘
2041,10:45:54,14.37,0.01,231,331947,买盘
2042,10:45:51,14.36,-0.01,23,33028,卖盘
2043,10:45:48,14.37,--,5,7185,买盘
2044,10:45:45,14.37,--,15,21555,买盘
2045,10:45:42,14.37,--,24,34488,买盘
2046,10:45:39,14.37,0.01,46,66102,买盘
2047,10:45:36,14.36,--,103,147908,买盘
2048,10:45:33,14.36,--,26,37336,买盘
2049,10:45:30,14.36,--,10,14360,买盘
2050,10:45:27,14.36,--,13,18668,买盘
2051,10:45:24,14.36,--,9,12924,买盘
2052,10:45:21,14.36,--,120,172320,卖盘
2053,10:45:18,14.36,-0.01,33,47388,卖盘
2054,10:45:12,14.37,--,35,50295,买盘
2055,10:45:09,14.37,--,46,66102,买盘
2056,10:45:06,14.37,--,13,18681,买盘
2057,10:45:03,14.37,0.01,8,11496,买盘
2058,10:45:00,14.36,0.01,116,166576,买盘
2059,10:44:51,14.35,-0.01,4,5740,中性盘
2060,10:44:48,14.36,--,74,106264,买盘
2061,10:44:39,14.36,--,6,8616,买盘
2062,10:44:36,14.36,0.02,27,38772,买盘
2063,10:44:30,14.34,-0.02,44,63096,卖盘
2064,10:44:27,14.36,--,23,33028,买盘
2065,10:44:18,14.36,--,19,27284,买盘
2066,10:44:15,14.36,--,28,40208,买盘
2067,10:44:06,14.36,--,138,198168,买盘
2068,10:44:03,14.36,0.02,27,38772,买盘
2069,10:43:57,14.34,-0.02,27,38718,卖盘
2070,10:43:54,14.36,--,26,37336,买盘
2071,10:43:51,14.36,--,20,28720,买盘
2072,10:43:45,14.36,--,8,11488,买盘
2073,10:43:42,14.36,--,25,35900,买盘
2074,10:43:39,14.36,--,10,14360,买盘
2075,10:43:33,14.36,--,35,50260,买盘
2076,10:43:30,14.36,-0.01,39,56004,卖盘
2077,10:43:24,14.37,--,3,4311,买盘
2078,10:43:21,14.37,0.01,26,37362,买盘
2079,10:43:12,14.36,--,6,8616,买盘
2080,10:43:09,14.36,--,32,45952,买盘
2081,10:43:00,14.36,--,18,25848,买盘
2082,10:42:57,14.36,0.03,27,38772,买盘
2083,10:42:51,14.33,-0.03,13,18629,卖盘
2084,10:42:48,14.36,--,118,169448,买盘
2085,10:42:45,14.36,0.01,60,86160,买盘
2086,10:42:39,14.35,--,4,5740,买盘
2087,10:42:36,14.35,--,28,40180,买盘
2088,10:42:27,14.35,--,19,27265,买盘
2089,10:42:24,14.35,0.02,26,37310,买盘
2090,10:42:18,14.33,-0.03,53,75949,卖盘
2091,10:42:15,14.36,0.01,29,41644,买盘
2092,10:42:09,14.35,--,1,1435,买盘
2093,10:42:06,14.35,--,4,5740,买盘
2094,10:42:03,14.35,--,58,83230,买盘
2095,10:42:00,14.35,--,7,10045,买盘
2096,10:41:57,14.35,--,2,2870,买盘
2097,10:41:54,14.35,--,10,14350,买盘
2098,10:41:51,14.35,--,27,38745,买盘
2099,10:41:42,14.35,0.01,77,110495,买盘
2100,10:41:39,14.34,--,5,7170,买盘
2101,10:41:36,14.34,-0.01,20,28680,卖盘
2102,10:41:33,14.35,--,3,4305,买盘
2103,10:41:30,14.35,--,28,40180,买盘
2104,10:41:21,14.35,--,6,8610,买盘
2105,10:41:18,14.35,--,27,38745,买盘
2106,10:41:09,14.35,--,41,58835,买盘
2107,10:41:06,14.35,--,13,18655,买盘
2108,10:41:00,14.35,--,6,8610,买盘
2109,10:40:57,14.35,--,25,35875,买盘
2110,10:40:48,14.35,--,21,30135,买盘
2111,10:40:45,14.35,--,27,38745,买盘
2112,10:40:42,14.35,--,15,21525,买盘
2113,10:40:39,14.35,-0.01,139,199465,卖盘
2114,10:40:36,14.36,--,29,41644,买盘
2115,10:40:33,14.36,--,32,45952,买盘
2116,10:40:27,14.36,--,7,10052,买盘
2117,10:40:24,14.36,--,30,43080,买盘
2118,10:40:21,14.36,--,18,25848,买盘
2119,10:40:15,14.36,--,15,21540,买盘
2120,10:40:12,14.36,0.01,46,66056,买盘
2121,10:40:06,14.35,-0.01,100,143500,卖盘
2122,10:40:03,14.36,0.01,49,70364,买盘
2123,10:40:00,14.35,-0.01,10,14350,卖盘
2124,10:39:54,14.36,--,3,4308,买盘
2125,10:39:51,14.36,--,27,38772,买盘
2126,10:39:48,14.36,--,2,2872,买盘
2127,10:39:42,14.36,--,7,10052,买盘
2128,10:39:39,14.36,--,24,34464,买盘
2129,10:39:30,14.36,--,70,100520,买盘
2130,10:39:21,14.36,--,9,12924,买盘
2131,10:39:18,14.36,--,27,38772,买盘
2132,10:39:12,14.36,-0.01,388,557168,卖盘
2133,10:39:09,14.37,--,6,8622,买盘
2134,10:39:06,14.37,--,46,66102,买盘
2135,10:39:03,14.37,--,34,48858,买盘
2136,10:38:57,14.37,--,38,54606,卖盘
2137,10:38:51,14.37,-0.02,23,33051,卖盘
2138,10:38:48,14.39,--,7,10073,买盘
2139,10:38:45,14.39,0.01,28,40292,买盘
2140,10:38:36,14.38,-0.01,43,61834,买盘
2141,10:38:33,14.39,--,28,40292,买盘
2142,10:38:24,14.39,0.03,204,293556,买盘
2143,10:38:18,14.36,-0.03,23,33028,卖盘
2144,10:38:15,14.39,--,5,7195,买盘
2145,10:38:12,14.39,--,28,40292,买盘
2146,10:38:09,14.39,0.01,195,280605,买盘
2147,10:38:06,14.38,--,3,4314,买盘
2148,10:38:03,14.38,--,15,21570,买盘
2149,10:38:00,14.38,0.02,23,33074,买盘
2150,10:37:54,14.36,-0.02,5,7180,卖盘
2151,10:37:51,14.38,--,12,17256,买盘
2152,10:37:48,14.38,--,53,76214,买盘
2153,10:37:42,14.38,--,70,100660,买盘
2154,10:37:39,14.38,0.03,27,38826,买盘
2155,10:37:33,14.35,-0.02,23,33005,卖盘
2156,10:37:30,14.37,--,5,7185,买盘
2157,10:37:27,14.37,0.01,24,34488,买盘
2158,10:37:21,14.36,--,668,959248,买盘
2159,10:37:18,14.36,--,51,73236,买盘
2160,10:37:09,14.36,0.01,5,7180,买盘
2161,10:37:06,14.35,--,32,45920,卖盘
2162,10:37:03,14.35,--,224,321440,买盘
2163,10:36:57,14.35,--,20,28700,买盘
2164,10:36:54,14.35,0.01,26,37310,买盘
2165,10:36:48,14.34,0.01,10,14340,买盘
2166,10:36:45,14.33,-0.01,33,47546,卖盘
2167,10:36:42,14.34,--,5,7170,买盘
2168,10:36:39,14.34,-0.01,152,217968,卖盘
2169,10:36:36,14.35,--,8,11480,买盘
2170,10:36:33,14.35,--,2,2870,买盘
2171,10:36:27,14.35,--,14,20090,买盘
2172,10:36:24,14.35,-0.01,11,15785,卖盘
2173,10:36:21,14.36,0.01,16,22976,买盘
2174,10:36:18,14.35,--,56,80360,买盘
2175,10:36:09,14.35,-0.01,2,2870,买盘
2176,10:36:03,14.36,0.01,35,50260,买盘
2177,10:36:00,14.35,--,2,2870,卖盘
2178,10:35:51,14.35,-0.01,38,54530,中性盘
2179,10:35:39,14.36,0.03,5,7180,买盘
2180,10:35:33,14.33,-0.03,57,81681,卖盘
2181,10:35:30,14.36,0.02,269,387432,买盘
2182,10:35:27,14.34,0.01,6,8604,买盘
2183,10:35:24,14.33,-0.01,8,11464,卖盘
2184,10:35:21,14.34,--,31,44454,买盘
2185,10:35:18,14.34,0.01,9,12906,买盘
2186,10:35:06,14.33,--,69,98877,卖盘
2187,10:34:57,14.33,-0.01,26,37258,卖盘
2188,10:34:45,14.34,0.01,8,11472,买盘
2189,10:34:39,14.33,0.01,6,8598,买盘
2190,10:34:36,14.32,-0.02,13,18616,卖盘
2191,10:34:33,14.34,0.02,48,68832,买盘
2192,10:34:27,14.32,-0.02,39,55848,卖盘
2193,10:34:24,14.34,--,9,12906,买盘
2194,10:34:21,14.34,0.02,21,30114,买盘
2195,10:34:18,14.32,-0.02,49,71027,卖盘
2196,10:34:15,14.34,--,76,108998,买盘
2197,10:34:12,14.34,0.02,29,41586,买盘
2198,10:34:09,14.32,-0.01,34,48688,卖盘
2199,10:34:06,14.33,0.01,23,32959,买盘
2200,10:34:03,14.32,-0.02,25,35800,卖盘
2201,10:34:00,14.34,0.01,27,38718,买盘
2202,10:33:57,14.33,--,12,17196,卖盘
2203,10:33:51,14.33,--,44,63052,卖盘
2204,10:33:48,14.33,-0.01,23,32959,卖盘
2205,10:33:45,14.34,--,21,30400,卖盘
2206,10:33:42,14.34,-0.01,30,43020,卖盘
2207,10:33:39,14.35,0.01,10,14350,买盘
2208,10:33:36,14.34,--,10,14340,卖盘
2209,10:33:33,14.34,--,127,182118,卖盘
2210,10:33:30,14.34,-0.01,23,32982,卖盘
2211,10:33:27,14.35,0.01,38,54530,买盘
2212,10:33:21,14.34,-0.01,40,57360,卖盘
2213,10:33:18,14.35,0.01,31,44485,买盘
2214,10:33:12,14.34,-0.02,30,43020,卖盘
2215,10:33:09,14.36,--,5,7180,买盘
2216,10:33:06,14.36,0.01,3,4308,买盘
2217,10:33:03,14.35,--,102,146413,买盘
2218,10:33:00,14.35,--,60,86100,卖盘
2219,10:32:57,14.35,-0.01,30,43050,卖盘
2220,10:32:54,14.36,--,14,20104,买盘
2221,10:32:45,14.36,--,17,24412,买盘
2222,10:32:42,14.36,0.01,30,43080,买盘
2223,10:32:39,14.35,-0.01,15,21525,卖盘
2224,10:32:33,14.36,--,36,51696,买盘
2225,10:32:30,14.36,--,24,34464,买盘
2226,10:32:27,14.36,0.02,22,31592,买盘
2227,10:32:24,14.34,-0.02,84,120456,卖盘
2228,10:32:21,14.36,0.01,11,15796,买盘
2229,10:32:12,14.35,-0.01,10,14350,中性盘
2230,10:32:00,14.36,--,11,15796,买盘
2231,10:31:54,14.36,0.02,7,10052,买盘
2232,10:31:51,14.34,-0.02,36,51624,卖盘
2233,10:31:48,14.36,0.02,59,84724,买盘
2234,10:31:45,14.34,-0.01,35,50190,卖盘
2235,10:31:42,14.35,-0.01,11,15785,卖盘
2236,10:31:39,14.36,--,10,14360,买盘
2237,10:31:36,14.36,--,4,5744,买盘
2238,10:31:33,14.36,0.01,32,45952,买盘
2239,10:31:27,14.35,-0.01,34,48790,卖盘
2240,10:31:24,14.36,--,7,10052,买盘
2241,10:31:18,14.36,--,7,10052,买盘
2242,10:31:15,14.36,--,43,61748,买盘
2243,10:31:12,14.36,0.01,18,25848,买盘
2244,10:31:09,14.35,0.01,59,84665,买盘
2245,10:31:06,14.34,-0.01,50,72804,卖盘
2246,10:31:03,14.35,--,39,55965,买盘
2247,10:31:00,14.35,--,41,58835,买盘
2248,10:30:57,14.35,--,23,33005,买盘
2249,10:30:54,14.35,--,21,30135,买盘
2250,10:30:51,14.35,--,90,129150,买盘
2251,10:30:48,14.35,-0.01,55,78925,中性盘
2252,10:30:42,14.36,0.01,10,14360,买盘
2253,10:30:39,14.35,--,46,66010,买盘
2254,10:30:33,14.35,--,19,27265,买盘
2255,10:30:30,14.35,--,23,33005,买盘
2256,10:30:27,14.35,0.03,4,5740,买盘
2257,10:30:24,14.32,-0.03,57,81624,卖盘
2258,10:30:21,14.35,--,47,67445,买盘
2259,10:30:15,14.35,--,37,53095,买盘
2260,10:30:12,14.35,--,23,33005,买盘
2261,10:30:09,14.35,0.01,139,199465,买盘
2262,10:30:06,14.34,--,64,91776,买盘
2263,10:30:03,14.34,0.02,40,57360,买盘
2264,10:30:00,14.32,-0.02,11,15752,卖盘
2265,10:29:57,14.34,--,5,7170,买盘
2266,10:29:48,14.34,--,11,15774,买盘
2267,10:29:45,14.34,--,8,11472,买盘
2268,10:29:42,14.34,-0.01,35,50190,卖盘
2269,10:29:36,14.35,0.03,10,14350,买盘
2270,10:29:27,14.32,-0.03,46,65872,卖盘
2271,10:29:24,14.35,0.01,25,35875,买盘
2272,10:29:21,14.34,-0.01,33,47322,卖盘
2273,10:29:18,14.35,--,48,69367,买盘
2274,10:29:15,14.35,0.01,14,20090,买盘
2275,10:29:12,14.34,-0.01,4,5736,卖盘
2276,10:29:03,14.35,0.01,60,86100,买盘
2277,10:29:00,14.34,0.02,20,28680,中性盘
2278,10:28:57,14.32,-0.03,23,32936,卖盘
2279,10:28:54,14.35,--,30,43050,买盘
2280,10:28:51,14.35,--,3,4305,买盘
2281,10:28:48,14.35,0.03,3,4305,买盘
2282,10:28:45,14.32,-0.03,23,32936,卖盘
2283,10:28:42,14.35,0.01,16,22960,买盘
2284,10:28:36,14.34,--,20,28680,卖盘
2285,10:28:33,14.34,--,10,14340,买盘
2286,10:28:30,14.34,0.02,8,11472,买盘
2287,10:28:27,14.32,-0.02,23,32936,卖盘
2288,10:28:24,14.34,-0.01,2,2868,卖盘
2289,10:28:18,14.35,0.04,30,43050,买盘
2290,10:28:12,14.31,-0.03,23,32913,卖盘
2291,10:28:09,14.34,--,41,58794,卖盘
2292,10:28:06,14.34,0.03,237,339886,买盘
2293,10:28:03,14.31,-0.01,23,32913,卖盘
2294,10:28:00,14.32,0.01,68,97376,买盘
2295,10:27:57,14.31,--,30,42930,卖盘
2296,10:27:54,14.31,-0.01,66,94446,卖盘
2297,10:27:51,14.32,--,16,22912,买盘
2298,10:27:48,14.32,--,6,8592,买盘
2299,10:27:45,14.32,--,62,89457,买盘
2300,10:27:36,14.32,--,102,146064,买盘
2301,10:27:33,14.32,--,12,17184,买盘
2302,10:27:27,14.32,0.01,6,8592,买盘
2303,10:27:24,14.31,--,13,18603,卖盘
2304,10:27:21,14.31,-0.01,8,11448,卖盘
2305,10:27:15,14.32,--,13,18616,买盘
2306,10:27:12,14.32,--,6,8592,买盘
2307,10:27:09,14.32,0.01,5,7160,买盘
2308,10:27:03,14.31,-0.01,46,65826,卖盘
2309,10:26:57,14.32,--,7,10024,买盘
2310,10:26:54,14.32,--,11,15752,买盘
2311,10:26:51,14.32,--,6,8592,买盘
2312,10:26:48,14.32,--,69,98808,买盘
2313,10:26:45,14.32,--,50,71600,买盘
2314,10:26:39,14.32,--,46,65872,买盘
2315,10:26:36,14.32,--,10,14320,买盘
2316,10:26:33,14.32,--,1,1432,买盘
2317,10:26:30,14.32,0.01,11,15752,买盘
2318,10:26:24,14.31,-0.01,39,55809,卖盘
2319,10:26:18,14.32,--,34,48688,买盘
2320,10:26:15,14.32,--,10,14320,买盘
2321,10:26:12,14.32,--,10,14320,买盘
2322,10:26:09,14.32,--,3,4296,买盘
2323,10:26:06,14.32,0.01,5,7160,买盘
2324,10:25:57,14.31,--,152,217512,买盘
2325,10:25:54,14.31,--,8,11448,买盘
2326,10:25:51,14.31,--,18,25758,买盘
2327,10:25:48,14.31,--,20,28620,买盘
2328,10:25:45,14.31,--,106,151686,买盘
2329,10:25:39,14.31,--,10,14310,买盘
2330,10:25:36,14.31,--,7,10017,买盘
2331,10:25:33,14.31,--,981,1403811,卖盘
2332,10:25:30,14.31,-0.01,39,55809,卖盘
2333,10:25:27,14.32,--,33,47256,买盘
2334,10:25:24,14.32,--,65,93080,买盘
2335,10:25:21,14.32,0.01,41,58712,买盘
2336,10:25:15,14.31,-0.01,14,20034,卖盘
2337,10:25:12,14.32,--,3,4296,买盘
2338,10:25:09,14.32,0.01,10,14320,买盘
2339,10:25:06,14.31,--,175,250425,卖盘
2340,10:25:03,14.31,--,22,31482,卖盘
2341,10:25:00,14.31,-0.01,9,12879,卖盘
2342,10:24:51,14.32,0.01,19,27208,买盘
2343,10:24:48,14.31,-0.01,30,42930,卖盘
2344,10:24:39,14.32,0.01,20,28640,买盘
2345,10:24:36,14.31,-0.01,6,8586,卖盘
2346,10:24:27,14.32,0.01,203,290696,买盘
2347,10:24:24,14.31,-0.01,3,4293,卖盘
2348,10:24:18,14.32,--,5,7160,买盘
2349,10:24:06,14.32,--,13,18616,买盘
2350,10:24:03,14.32,--,37,52984,买盘
2351,10:23:57,14.32,--,47,67304,买盘
2352,10:23:54,14.32,0.01,67,95944,买盘
2353,10:23:48,14.31,-0.01,19,27189,卖盘
2354,10:23:45,14.32,--,13,18616,买盘
2355,10:23:42,14.32,--,13,18616,买盘
2356,10:23:33,14.32,0.01,81,115992,买盘
2357,10:23:27,14.31,-0.01,3,4293,卖盘
2358,10:23:24,14.32,--,5,7160,买盘
2359,10:23:21,14.32,--,7,10024,买盘
2360,10:23:18,14.32,--,8,11456,买盘
2361,10:23:15,14.32,-0.02,788,1128988,卖盘
2362,10:23:12,14.34,--,12,17208,买盘
2363,10:23:09,14.34,--,19,27246,买盘
2364,10:23:00,14.34,0.01,110,157740,买盘
2365,10:22:54,14.33,-0.01,5,7165,卖盘
2366,10:22:48,14.34,0.01,6,8604,买盘
2367,10:22:45,14.33,--,4,5732,卖盘
2368,10:22:39,14.33,-0.01,12,17196,卖盘
2369,10:22:33,14.34,0.01,31,44454,买盘
2370,10:22:27,14.33,--,15,21495,卖盘
2371,10:22:24,14.33,--,3,4299,卖盘
2372,10:22:21,14.33,--,57,81681,买盘
2373,10:22:15,14.33,--,40,57320,买盘
2374,10:22:09,14.33,--,1,1433,买盘
2375,10:22:06,14.33,--,42,60186,买盘
2376,10:22:03,14.33,0.01,47,67351,中性盘
2377,10:22:00,14.32,-0.02,147,210504,卖盘
2378,10:21:57,14.34,0.01,20,29540,买盘
2379,10:21:54,14.33,--,4,5732,买盘
2380,10:21:45,14.33,--,10,14330,买盘
2381,10:21:42,14.33,-0.01,2,2866,中性盘
2382,10:21:36,14.34,--,19,27246,买盘
2383,10:21:33,14.34,--,10,14340,买盘
2384,10:21:24,14.34,--,13,18642,买盘
2385,10:21:21,14.34,-0.01,9,12906,中性盘
2386,10:21:15,14.35,--,73,104755,买盘
2387,10:21:12,14.35,0.03,14,20090,买盘
2388,10:21:09,14.32,-0.03,22,31504,卖盘
2389,10:21:06,14.35,--,7,10045,买盘
2390,10:21:03,14.35,--,54,77490,买盘
2391,10:21:00,14.35,--,15,21525,买盘
2392,10:20:57,14.35,0.04,47,67445,买盘
2393,10:20:54,14.31,-0.04,3,4293,卖盘
2394,10:20:51,14.35,--,29,41615,买盘
2395,10:20:48,14.35,--,60,86100,买盘
2396,10:20:45,14.35,0.05,53,76055,买盘
2397,10:20:42,14.3,--,34,48620,买盘
2398,10:20:39,14.3,--,64,91520,买盘
2399,10:20:36,14.3,--,52,74360,买盘
2400,10:20:33,14.3,--,92,131560,买盘
2401,10:20:30,14.3,0.01,27,38610,买盘
2402,10:20:27,14.29,--,227,324383,卖盘
2403,10:20:24,14.29,--,48,68592,卖盘
2404,10:20:18,14.29,-0.01,10,14290,卖盘
2405,10:20:15,14.3,--,30,42900,买盘
2406,10:20:09,14.3,0.01,7,10010,买盘
2407,10:20:06,14.29,-0.01,100,142900,卖盘
2408,10:20:03,14.3,0.01,3,4290,买盘
2409,10:19:57,14.29,--,3,4287,卖盘
2410,10:19:54,14.29,-0.01,20,28580,中性盘
2411,10:19:51,14.3,0.02,7,10010,买盘
2412,10:19:42,14.28,-0.01,68,97104,卖盘
2413,10:19:36,14.29,--,2,2858,买盘
2414,10:19:33,14.29,0.01,31,44299,买盘
2415,10:19:30,14.28,-0.01,320,456960,卖盘
2416,10:19:24,14.29,--,8,11432,买盘
2417,10:19:21,14.29,-0.01,139,198631,卖盘
2418,10:19:18,14.3,0.01,9,12870,买盘
2419,10:19:15,14.29,-0.01,6,8574,卖盘
2420,10:19:09,14.3,--,77,110110,买盘
2421,10:19:06,14.3,--,10,14300,买盘
2422,10:19:03,14.3,--,5,7150,买盘
2423,10:18:57,14.3,--,221,316030,买盘
2424,10:18:54,14.3,--,11,15730,买盘
2425,10:18:51,14.3,--,17,24310,买盘
2426,10:18:48,14.3,--,6,8580,买盘
2427,10:18:45,14.3,-0.05,1181,1689373,卖盘
2428,10:18:42,14.35,0.01,15,21525,买盘
2429,10:18:39,14.34,-0.01,10,14340,卖盘
2430,10:18:36,14.35,--,9,12915,买盘
2431,10:18:33,14.35,-0.01,20,28700,中性盘
2432,10:18:24,14.36,0.02,18,25848,买盘
2433,10:18:21,14.34,-0.01,50,71843,卖盘
2434,10:18:18,14.35,--,15,21525,卖盘
2435,10:18:15,14.35,--,50,71750,卖盘
2436,10:18:12,14.35,--,65,93275,卖盘
2437,10:18:09,14.35,--,15,21525,卖盘
2438,10:18:06,14.35,-0.01,46,66010,卖盘
2439,10:18:03,14.36,0.01,57,81852,买盘
2440,10:18:00,14.35,--,48,68880,卖盘
2441,10:17:57,14.35,--,26,37310,卖盘
2442,10:17:54,14.35,--,284,407540,卖盘
2443,10:17:51,14.35,--,31,44485,卖盘
2444,10:17:48,14.35,--,23,33005,卖盘
2445,10:17:45,14.35,-0.01,23,33005,卖盘
2446,10:17:39,14.36,0.01,26,37336,买盘
2447,10:17:36,14.35,-0.01,23,33005,卖盘
2448,10:17:30,14.36,--,74,106264,买盘
2449,10:17:27,14.36,--,85,122060,买盘
2450,10:17:21,14.36,--,15,21540,买盘
2451,10:17:18,14.36,-0.01,607,872599,卖盘
2452,10:17:15,14.37,--,63,90531,卖盘
2453,10:17:12,14.37,-0.01,20,28740,卖盘
2454,10:17:09,14.38,--,1,1438,买盘
2455,10:17:06,14.38,0.01,1,1438,买盘
2456,10:17:00,14.37,--,1,1437,卖盘
2457,10:16:57,14.37,-0.01,57,81909,卖盘
2458,10:16:54,14.38,--,1,1438,买盘
2459,10:16:48,14.38,--,11,15818,买盘
2460,10:16:45,14.38,--,36,51768,买盘
2461,10:16:42,14.38,-0.01,35,50330,卖盘
2462,10:16:33,14.39,0.01,16,23024,买盘
2463,10:16:24,14.38,0.01,17,24446,买盘
2464,10:16:21,14.37,-0.01,35,50295,卖盘
2465,10:16:12,14.38,--,8,11504,买盘
2466,10:16:03,14.38,--,10,14380,买盘
2467,10:16:00,14.38,0.01,8,11504,买盘
2468,10:15:57,14.37,-0.01,62,89094,卖盘
2469,10:15:51,14.38,--,26,37388,卖盘
2470,10:15:45,14.38,-0.01,5,7190,卖盘
2471,10:15:42,14.39,--,1,1439,买盘
2472,10:15:39,14.39,--,8,11512,买盘
2473,10:15:36,14.39,0.01,200,287800,买盘
2474,10:15:33,14.38,-0.01,4,5752,卖盘
2475,10:15:27,14.39,--,6,8634,买盘
2476,10:15:24,14.39,0.01,36,51804,买盘
2477,10:15:21,14.38,-0.01,20,28760,卖盘
2478,10:15:18,14.39,--,33,47487,买盘
2479,10:15:06,14.39,--,35,50365,买盘
2480,10:15:03,14.39,0.01,7,10073,买盘
2481,10:14:57,14.38,--,40,57520,买盘
2482,10:14:54,14.38,0.01,311,447218,买盘
2483,10:14:51,14.37,-0.01,2,2874,卖盘
2484,10:14:45,14.38,0.01,47,67586,买盘
2485,10:14:39,14.37,--,56,80472,买盘
2486,10:14:33,14.37,--,13,18681,买盘
2487,10:14:27,14.37,--,5,7185,买盘
2488,10:14:24,14.37,--,11,15807,买盘
2489,10:14:21,14.37,-0.02,65,93405,卖盘
2490,10:14:18,14.39,--,23,33097,买盘
2491,10:14:15,14.39,0.02,6,8634,买盘
2492,10:14:12,14.37,-0.02,7,10059,卖盘
2493,10:14:09,14.39,0.02,64,92096,买盘
2494,10:14:06,14.37,-0.01,100,143700,卖盘
2495,10:14:00,14.38,--,3,4314,买盘
2496,10:13:57,14.38,0.02,47,67586,买盘
2497,10:13:51,14.36,-0.02,5,7180,卖盘
2498,10:13:48,14.38,--,28,40264,买盘
2499,10:13:39,14.38,--,1,1438,买盘
2500,10:13:33,14.38,--,31,44578,买盘
2501,10:13:27,14.38,--,5,7190,买盘
2502,10:13:18,14.38,--,1,1438,买盘
2503,10:13:15,14.38,0.01,10,14380,买盘
2504,10:13:12,14.37,-0.01,1,1437,卖盘
2505,10:13:06,14.38,--,3,4314,买盘
2506,10:13:00,14.38,-0.01,51,73366,卖盘
2507,10:12:57,14.39,0.01,39,57531,买盘
2508,10:12:54,14.38,--,31,44578,买盘
2509,10:12:51,14.38,--,1,1438,买盘
2510,10:12:42,14.38,--,2,2904,卖盘
2511,10:12:39,14.38,--,13,20103,买盘
2512,10:12:33,14.38,-0.01,66,94936,卖盘
2513,10:12:21,14.39,--,54,77706,买盘
2514,10:12:12,14.39,--,2,2878,买盘
2515,10:12:09,14.39,--,7,10073,买盘
2516,10:12:03,14.39,--,42,60438,买盘
2517,10:12:00,14.39,--,11,15829,买盘
2518,10:11:57,14.39,--,7,11483,买盘
2519,10:11:51,14.39,--,35,50365,买盘
2520,10:11:48,14.39,--,51,73389,买盘
2521,10:11:45,14.39,0.01,13,18707,买盘
2522,10:11:42,14.38,-0.01,10,14380,卖盘
2523,10:11:39,14.39,--,8,11512,买盘
2524,10:11:36,14.39,--,15,21585,买盘
2525,10:11:33,14.39,--,10,14390,买盘
2526,10:11:27,14.39,--,14,20146,买盘
2527,10:11:24,14.39,-0.01,36,51804,卖盘
2528,10:11:21,14.4,--,10,14400,买盘
2529,10:11:18,14.4,--,99,142560,卖盘
2530,10:11:15,14.4,-0.01,88,126720,卖盘
2531,10:11:09,14.41,0.01,47,67727,买盘
2532,10:11:06,14.4,-0.01,23,33120,卖盘
2533,10:11:03,14.41,0.01,62,89342,买盘
2534,10:10:57,14.4,-0.01,15,21600,卖盘
2535,10:10:54,14.41,0.01,21,30261,买盘
2536,10:10:51,14.4,0.01,335,482400,买盘
2537,10:10:45,14.39,-0.01,261,375579,卖盘
2538,10:10:42,14.4,0.01,14,20160,买盘
2539,10:10:33,14.39,0.01,24,34536,买盘
2540,10:10:30,14.38,-0.01,66,94908,卖盘
2541,10:10:27,14.39,-0.01,30,43170,卖盘
2542,10:10:24,14.4,0.01,17,24480,买盘
2543,10:10:21,14.39,0.01,263,378457,买盘
2544,10:10:18,14.38,-0.01,176,253088,卖盘
2545,10:10:15,14.39,--,23,33097,买盘
2546,10:10:12,14.39,--,4,5756,买盘
2547,10:10:09,14.39,--,63,90657,买盘
2548,10:10:06,14.39,0.01,30,43170,买盘
2549,10:10:03,14.38,--,36,51768,卖盘
2550,10:10:00,14.38,-0.01,10,14380,卖盘
2551,10:09:57,14.39,0.01,27,38853,买盘
2552,10:09:54,14.38,-0.01,30,43140,卖盘
2553,10:09:48,14.39,--,3,4317,买盘
2554,10:09:45,14.39,0.01,34,48926,买盘
2555,10:09:42,14.38,--,15,21570,卖盘
2556,10:09:39,14.38,-0.01,150,215700,卖盘
2557,10:09:36,14.39,0.03,26,37414,买盘
2558,10:09:24,14.36,-0.02,143,205836,卖盘
2559,10:09:12,14.38,--,4,5752,卖盘
2560,10:09:06,14.38,--,19,27322,卖盘
2561,10:09:03,14.38,0.03,1084,1559928,买盘
2562,10:09:00,14.35,-0.01,5,7175,卖盘
2563,10:08:51,14.36,0.01,36,51696,买盘
2564,10:08:48,14.35,--,2,2870,卖盘
2565,10:08:42,14.35,--,1,1435,买盘
2566,10:08:36,14.35,--,54,77490,卖盘
2567,10:08:33,14.35,-0.01,300,430500,卖盘
2568,10:08:30,14.36,--,2,2872,买盘
2569,10:08:18,14.36,--,11,15796,买盘
2570,10:08:09,14.36,0.01,8,11488,买盘
2571,10:08:06,14.35,-0.01,21,30135,卖盘
2572,10:08:03,14.36,--,10,14360,买盘
2573,10:08:00,14.36,-0.01,28,40208,卖盘
2574,10:07:57,14.37,0.01,50,71850,买盘
2575,10:07:54,14.36,--,35,50260,买盘
2576,10:07:51,14.36,--,44,63184,买盘
2577,10:07:48,14.36,--,10,14360,买盘
2578,10:07:45,14.36,-0.01,15,21540,中性盘
2579,10:07:39,14.37,0.01,13,18681,买盘
2580,10:07:33,14.36,--,61,87596,卖盘
2581,10:07:30,14.36,-0.01,6,8616,卖盘
2582,10:07:27,14.37,--,56,80472,买盘
2583,10:07:24,14.37,0.01,40,57480,买盘
2584,10:07:18,14.36,--,53,76108,卖盘
2585,10:07:15,14.36,-0.01,46,66056,卖盘
2586,10:07:12,14.37,0.01,71,102027,买盘
2587,10:07:09,14.36,-0.01,46,66056,卖盘
2588,10:07:06,14.37,--,10,14370,买盘
2589,10:07:00,14.37,--,13,18681,买盘
2590,10:06:57,14.37,--,28,40236,买盘
2591,10:06:54,14.37,0.01,222,319014,买盘
2592,10:06:51,14.36,--,42,60312,买盘
2593,10:06:48,14.36,0.01,8,11488,买盘
2594,10:06:45,14.35,-0.02,32,45920,卖盘
2595,10:06:42,14.37,0.01,7,10059,买盘
2596,10:06:39,14.36,--,21,30156,买盘
2597,10:06:36,14.36,0.01,31,44516,买盘
2598,10:06:33,14.35,-0.01,30,43050,卖盘
2599,10:06:30,14.36,--,50,71800,买盘
2600,10:06:27,14.36,--,58,83288,买盘
2601,10:06:24,14.36,--,10,14360,买盘
2602,10:06:21,14.36,0.01,21,30156,买盘
2603,10:06:18,14.35,-0.01,186,266910,卖盘
2604,10:06:15,14.36,--,59,84724,买盘
2605,10:06:12,14.36,--,211,302996,买盘
2606,10:06:09,14.36,--,51,73236,买盘
2607,10:06:06,14.36,--,62,89032,买盘
2608,10:06:03,14.36,0.01,82,117752,买盘
2609,10:05:57,14.35,--,6,8610,买盘
2610,10:05:54,14.35,--,9,12915,买盘
2611,10:05:51,14.35,0.01,30,43050,买盘
2612,10:05:48,14.34,-0.01,5,7170,卖盘
2613,10:05:45,14.35,--,6,8610,买盘
2614,10:05:42,14.35,--,11,15785,买盘
2615,10:05:39,14.35,--,5,7175,买盘
2616,10:05:36,14.35,--,38,54530,买盘
2617,10:05:33,14.35,--,18,25830,买盘
2618,10:05:27,14.35,--,20,28700,买盘
2619,10:05:24,14.35,--,1,1435,买盘
2620,10:05:21,14.35,--,118,169330,买盘
2621,10:05:18,14.35,--,31,44485,买盘
2622,10:05:15,14.35,-0.01,34,48790,中性盘
2623,10:05:12,14.36,0.01,127,182372,买盘
2624,10:05:09,14.35,-0.01,28,40180,卖盘
2625,10:05:06,14.36,0.01,26,37336,买盘
2626,10:05:00,14.35,-0.01,19,28126,卖盘
2627,10:04:57,14.36,0.01,40,58014,买盘
2628,10:04:54,14.35,--,87,124845,买盘
2629,10:04:51,14.35,--,17,24395,买盘
2630,10:04:48,14.35,--,4,5740,买盘
2631,10:04:45,14.35,--,6,8610,买盘
2632,10:04:39,14.35,0.01,12,17220,买盘
2633,10:04:36,14.34,-0.01,7,10038,卖盘
2634,10:04:33,14.35,0.01,35,50225,买盘
2635,10:04:30,14.34,-0.01,5,7170,卖盘
2636,10:04:27,14.35,--,1,1435,买盘
2637,10:04:24,14.35,--,20,28700,买盘
2638,10:04:15,14.35,--,3,4305,买盘
2639,10:04:06,14.35,--,37,53095,买盘
2640,10:03:54,14.35,0.02,370,530950,买盘
2641,10:03:45,14.33,--,4,5732,买盘
2642,10:03:42,14.33,--,6,8598,卖盘
2643,10:03:39,14.33,--,8,11464,买盘
2644,10:03:36,14.33,--,52,74516,买盘
2645,10:03:33,14.33,--,8,11464,买盘
2646,10:03:30,14.33,--,2,2866,买盘
2647,10:03:21,14.33,0.01,50,71650,买盘
2648,10:03:18,14.32,-0.01,23,32936,卖盘
2649,10:03:09,14.33,0.01,13,18629,中性盘
2650,10:03:03,14.32,-0.02,54,77328,卖盘
2651,10:03:00,14.34,--,11,15774,买盘
2652,10:02:54,14.34,0.01,47,67398,买盘
2653,10:02:51,14.33,-0.01,72,103176,卖盘
2654,10:02:48,14.34,-0.01,10,14340,买盘
2655,10:02:42,14.35,0.01,73,104755,买盘
2656,10:02:39,14.34,0.01,24,34416,中性盘
2657,10:02:36,14.33,-0.01,56,80248,卖盘
2658,10:02:30,14.34,-0.01,43,61662,卖盘
2659,10:02:27,14.35,--,25,35875,买盘
2660,10:02:21,14.35,0.01,45,64575,买盘
2661,10:02:18,14.34,-0.01,26,37284,卖盘
2662,10:02:15,14.35,0.01,21,30135,买盘
2663,10:02:12,14.34,-0.01,4,5736,卖盘
2664,10:02:03,14.35,--,60,86100,买盘
2665,10:01:54,14.35,--,52,74620,买盘
2666,10:01:45,14.35,--,10,14350,买盘
2667,10:01:42,14.35,--,10,14350,买盘
2668,10:01:39,14.35,--,5,7175,买盘
2669,10:01:36,14.35,--,10,14350,买盘
2670,10:01:33,14.35,--,31,44485,买盘
2671,10:01:30,14.35,--,17,24395,买盘
2672,10:01:21,14.35,0.01,3,4305,买盘
2673,10:01:15,14.34,--,167,239478,买盘
2674,10:01:09,14.34,--,24,34416,买盘
2675,10:01:06,14.34,--,15,21510,买盘
2676,10:00:57,14.34,--,64,91776,买盘
2677,10:00:54,14.34,--,58,83172,买盘
2678,10:00:51,14.34,--,4,5736,买盘
2679,10:00:48,14.34,--,10,14340,买盘
2680,10:00:39,14.34,0.01,54,77436,买盘
2681,10:00:36,14.33,-0.01,29,41557,卖盘
2682,10:00:33,14.34,--,31,44454,买盘
2683,10:00:30,14.34,--,35,50190,买盘
2684,10:00:24,14.34,0.01,35,50190,买盘
2685,10:00:21,14.33,-0.01,90,129715,中性盘
2686,10:00:18,14.34,--,112,160608,买盘
2687,10:00:15,14.34,0.01,112,160608,买盘
2688,10:00:12,14.33,--,167,239311,买盘
2689,10:00:09,14.33,0.01,10,14330,买盘
2690,10:00:06,14.32,--,20,28640,买盘
2691,10:00:03,14.32,-0.01,68,97376,中性盘
2692,09:59:57,14.33,0.01,23,32959,买盘
2693,09:59:54,14.32,--,54,77328,买盘
2694,09:59:42,14.32,--,3,4296,买盘
2695,09:59:33,14.32,--,1,1432,买盘
2696,09:59:30,14.32,0.01,8,11456,买盘
2697,09:59:27,14.31,--,5,7155,买盘
2698,09:59:24,14.31,-0.01,10,14310,卖盘
2699,09:59:21,14.32,--,7,10024,买盘
2700,09:59:09,14.32,--,5,7160,买盘
2701,09:59:03,14.32,--,1,1432,买盘
2702,09:58:57,14.32,0.01,34,48688,买盘
2703,09:58:54,14.31,--,7,10017,买盘
2704,09:58:51,14.31,--,5,7155,买盘
2705,09:58:45,14.31,--,8,11448,买盘
2706,09:58:39,14.31,-0.01,334,477954,卖盘
2707,09:58:36,14.32,--,1,1432,买盘
2708,09:58:33,14.32,0.01,15,21480,买盘
2709,09:58:30,14.31,--,1,1431,卖盘
2710,09:58:21,14.31,-0.01,10,14310,卖盘
2711,09:58:15,14.32,--,2,2864,买盘
2712,09:58:12,14.32,--,1,1432,买盘
2713,09:58:06,14.32,0.01,5,7160,买盘
2714,09:58:03,14.31,--,3,4293,卖盘
2715,09:57:45,14.31,-0.01,4,5724,卖盘
2716,09:57:39,14.32,--,1,1432,买盘
2717,09:57:30,14.32,-0.01,8,11456,中性盘
2718,09:57:18,14.33,0.01,12,17196,买盘
2719,09:57:12,14.32,0.01,72,103104,买盘
2720,09:57:09,14.31,--,1,1431,卖盘
2721,09:57:06,14.31,0.01,31,44361,买盘
2722,09:57:03,14.3,-0.01,80,114400,卖盘
2723,09:56:57,14.31,--,21,30051,买盘
2724,09:56:54,14.31,--,6,8586,买盘
2725,09:56:51,14.31,--,2,2862,买盘
2726,09:56:45,14.31,--,10,14310,买盘
2727,09:56:42,14.31,--,24,34344,买盘
2728,09:56:39,14.31,-0.02,171,244701,卖盘
2729,09:56:33,14.33,-0.01,96,137568,卖盘
2730,09:56:24,14.34,--,1,1434,买盘
2731,09:56:21,14.34,--,3,4302,买盘
2732,09:56:15,14.34,--,64,91776,买盘
2733,09:56:12,14.34,0.01,9,12906,买盘
2734,09:56:09,14.33,-0.01,1,1433,中性盘
2735,09:56:03,14.34,0.02,7,10038,买盘
2736,09:56:00,14.32,--,54,77328,卖盘
2737,09:55:57,14.32,-0.01,10,14320,中性盘
2738,09:55:51,14.33,0.02,16,22928,买盘
2739,09:55:42,14.31,--,24,34344,卖盘
2740,09:55:39,14.31,--,17,24327,卖盘
2741,09:55:36,14.31,-0.03,8,11448,卖盘
2742,09:55:33,14.34,--,23,32982,买盘
2743,09:55:30,14.34,--,34,48756,买盘
2744,09:55:27,14.34,0.01,46,65964,买盘
2745,09:55:24,14.33,0.01,109,156197,买盘
2746,09:55:21,14.32,0.01,46,65872,买盘
2747,09:55:18,14.31,--,11,15741,买盘
2748,09:55:15,14.31,--,6,8586,买盘
2749,09:55:12,14.31,0.01,20,28620,买盘
2750,09:55:09,14.3,-0.01,47,67210,卖盘
2751,09:55:06,14.31,0.01,53,75843,买盘
2752,09:55:00,14.3,-0.01,5,7150,卖盘
2753,09:54:57,14.31,--,10,14310,买盘
2754,09:54:51,14.31,0.01,2,2862,买盘
2755,09:54:48,14.3,-0.01,55,78650,卖盘
2756,09:54:42,14.31,--,2,2862,买盘
2757,09:54:33,14.31,0.01,7,10017,买盘
2758,09:54:27,14.3,0.01,10,15258,买盘
2759,09:54:24,14.29,-0.01,63,90027,卖盘
2760,09:54:21,14.3,--,13,18590,买盘
2761,09:54:12,14.3,--,10,14300,买盘
2762,09:54:09,14.3,--,17,24310,买盘
2763,09:54:00,14.3,--,7,10010,买盘
2764,09:53:48,14.3,0.01,19,27170,买盘
2765,09:53:45,14.29,--,7,10003,卖盘
2766,09:53:42,14.29,-0.01,50,71450,卖盘
2767,09:53:39,14.3,--,22,31460,买盘
2768,09:53:36,14.3,-0.01,140,200200,卖盘
2769,09:53:30,14.31,--,5,7155,买盘
2770,09:53:27,14.31,--,2,2862,买盘
2771,09:53:24,14.31,--,1,1431,买盘
2772,09:53:18,14.31,-0.01,17,24327,卖盘
2773,09:53:15,14.32,0.01,14,20048,买盘
2774,09:53:12,14.31,-0.01,5,7155,卖盘
2775,09:53:03,14.32,0.01,7,10024,买盘
2776,09:53:00,14.31,-0.01,20,28620,卖盘
2777,09:52:57,14.32,0.01,113,161816,买盘
2778,09:52:54,14.31,-0.01,20,28620,卖盘
2779,09:52:42,14.32,--,19,27208,买盘
2780,09:52:30,14.32,-0.02,193,276376,卖盘
2781,09:52:24,14.34,0.01,3,4302,买盘
2782,09:52:21,14.33,--,14,20062,买盘
2783,09:52:18,14.33,-0.01,1,1433,中性盘
2784,09:52:15,14.34,0.01,562,805908,买盘
2785,09:52:09,14.33,-0.01,1,1433,卖盘
2786,09:51:48,14.34,--,3,4302,买盘
2787,09:51:36,14.34,--,7,10038,买盘
2788,09:51:33,14.34,0.01,12,17208,买盘
2789,09:51:30,14.33,--,11,15763,卖盘
2790,09:51:27,14.33,-0.01,6,8598,卖盘
2791,09:51:24,14.34,--,24,34416,买盘
2792,09:51:18,14.34,--,21,30114,买盘
2793,09:51:15,14.34,--,14,20076,买盘
2794,09:51:12,14.34,0.01,5,7170,买盘
2795,09:51:06,14.33,-0.01,2,2866,卖盘
2796,09:51:03,14.34,--,43,61662,买盘
2797,09:51:00,14.34,0.02,10,14340,买盘
2798,09:50:57,14.32,-0.02,52,74464,卖盘
2799,09:50:54,14.34,0.01,30,43020,买盘
2800,09:50:51,14.33,--,20,28660,卖盘
2801,09:50:48,14.33,-0.01,5,7165,卖盘
2802,09:50:42,14.34,--,2,2868,买盘
2803,09:50:30,14.34,0.01,13,18642,买盘
2804,09:50:27,14.33,-0.01,5,7165,卖盘
2805,09:50:18,14.34,0.01,20,28680,买盘
2806,09:50:15,14.33,-0.01,9,12897,卖盘
2807,09:50:09,14.34,--,137,196458,买盘
2808,09:50:03,14.34,--,10,14340,买盘
2809,09:49:57,14.34,--,2,2868,买盘
2810,09:49:45,14.34,--,15,21510,买盘
2811,09:49:36,14.34,0.01,9,12906,买盘
2812,09:49:33,14.33,0.01,92,131836,买盘
2813,09:49:27,14.32,-0.01,30,42960,卖盘
2814,09:49:24,14.33,--,10,14330,买盘
2815,09:49:21,14.33,--,40,57320,买盘
2816,09:49:18,14.33,-0.01,6,8598,卖盘
2817,09:49:12,14.34,0.01,90,129060,买盘
