,time,price,change,volume,amount,type
0,15:00:03,10.25,-0.01,2444,2505100,卖盘
1,14:57:00,10.26,--,0,0,买盘
2,14:56:57,10.26,0.01,10,10260,买盘
3,14:56:54,10.25,--,1000,1025000,卖盘
4,14:56:42,10.25,--,2,2050,卖盘
5,14:56:39,10.25,-0.01,27,27675,卖盘
6,14:56:36,10.26,--,50,51300,买盘
7,14:56:33,10.26,--,15,15390,买盘
8,14:56:30,10.26,0.01,45,46170,买盘
9,14:56:27,10.25,-0.01,6,6150,卖盘
10,14:56:21,10.26,--,132,135432,买盘
11,14:56:15,10.26,--,96,98496,买盘
12,14:56:12,10.26,0.01,3,3078,买盘
13,14:56:09,10.25,--,10,10250,卖盘
14,14:56:06,10.25,--,5,5125,卖盘
15,14:56:03,10.25,-0.01,20,20500,卖盘
16,14:56:00,10.26,--,402,412452,买盘
17,14:55:54,10.26,0.01,40,41040,买盘
18,14:55:51,10.25,--,180,184500,卖盘
19,14:55:48,10.25,--,19,19475,卖盘
20,14:55:45,10.25,-0.01,10,10250,卖盘
21,14:55:42,10.26,0.01,9,9234,买盘
22,14:55:39,10.25,-0.01,22,22550,卖盘
23,14:55:36,10.26,--,600,615600,买盘
24,14:55:33,10.26,0.01,10,10260,买盘
25,14:55:27,10.25,--,7,7175,卖盘
26,14:55:24,10.25,-0.01,16,16400,卖盘
27,14:55:21,10.26,0.01,20,20520,买盘
28,14:55:18,10.25,-0.01,10,10250,卖盘
29,14:55:15,10.26,0.01,69,70794,买盘
30,14:55:09,10.25,-0.01,29,29725,卖盘
31,14:55:06,10.26,--,4,4104,买盘
32,14:55:03,10.26,0.01,21,21546,买盘
33,14:55:00,10.25,--,28,28700,卖盘
34,14:54:57,10.25,-0.01,1,1281,卖盘
35,14:54:54,10.26,--,10,10260,买盘
36,14:54:51,10.26,0.01,465,477090,买盘
37,14:54:48,10.25,-0.01,218,224352,卖盘
38,14:54:45,10.26,0.01,20,20520,买盘
39,14:54:42,10.25,-0.01,1,1025,卖盘
40,14:54:36,10.26,0.01,10,10260,买盘
41,14:54:33,10.25,-0.01,13,13325,卖盘
42,14:54:30,10.26,0.01,3,3078,买盘
43,14:54:21,10.25,--,83,85075,卖盘
44,14:54:18,10.25,--,202,207050,卖盘
45,14:54:12,10.25,-0.01,0,830,卖盘
46,14:54:09,10.26,0.01,3,3078,买盘
47,14:54:06,10.25,--,346,354650,卖盘
48,14:54:03,10.25,--,44,45100,卖盘
49,14:54:00,10.25,--,34,34850,卖盘
50,14:53:57,10.25,--,12,12300,卖盘
51,14:53:51,10.25,--,9,9225,卖盘
52,14:53:48,10.25,--,1,1025,卖盘
53,14:53:45,10.25,--,475,486875,卖盘
54,14:53:33,10.25,--,5,5125,卖盘
55,14:53:24,10.25,--,149,152725,卖盘
56,14:53:21,10.25,--,31,31775,卖盘
57,14:53:18,10.25,-0.01,84,86100,卖盘
58,14:53:15,10.26,--,18,18468,买盘
59,14:53:12,10.26,0.01,100,102600,买盘
60,14:53:06,10.25,--,10,10250,卖盘
61,14:53:00,10.25,--,25,25625,卖盘
62,14:52:57,10.25,-0.01,293,300325,卖盘
63,14:52:54,10.26,0.01,10,10260,买盘
64,14:52:51,10.25,-0.01,70,71750,卖盘
65,14:52:48,10.26,0.01,8,8208,买盘
66,14:52:39,10.25,--,196,201791,卖盘
67,14:52:36,10.25,--,5,5125,卖盘
68,14:52:33,10.25,--,20,20500,卖盘
69,14:52:27,10.25,--,39,39975,卖盘
70,14:52:24,10.25,--,1,1260,卖盘
71,14:52:21,10.25,--,30,30750,卖盘
72,14:52:12,10.25,--,1,1025,卖盘
73,14:52:06,10.25,--,10,10250,卖盘
74,14:52:03,10.25,-0.01,6,6150,卖盘
75,14:52:00,10.26,0.01,285,292410,买盘
76,14:51:54,10.25,-0.01,10,10250,卖盘
77,14:51:51,10.26,0.01,200,205200,买盘
78,14:51:48,10.25,--,30,30750,卖盘
79,14:51:45,10.25,--,1,1322,卖盘
80,14:51:39,10.25,-0.01,58,59450,卖盘
81,14:51:36,10.26,0.01,15,15390,买盘
82,14:51:33,10.25,-0.01,10,10250,卖盘
83,14:51:24,10.26,0.01,14,14364,买盘
84,14:51:21,10.25,--,100,102500,卖盘
85,14:51:18,10.25,--,7,7175,卖盘
86,14:51:15,10.25,-0.01,10,10250,卖盘
87,14:51:12,10.26,0.01,27,27702,买盘
88,14:51:09,10.25,--,30,30750,卖盘
89,14:51:06,10.25,--,10,10250,卖盘
90,14:51:03,10.25,--,98,100450,卖盘
91,14:51:00,10.25,--,6,6150,卖盘
92,14:50:57,10.25,-0.01,1078,1104950,卖盘
93,14:50:54,10.26,--,2,2052,买盘
94,14:50:51,10.26,0.01,68,69768,买盘
95,14:50:48,10.25,-0.01,20,20500,卖盘
96,14:50:42,10.26,0.01,23,23598,买盘
97,14:50:39,10.25,--,117,119925,卖盘
98,14:50:36,10.25,--,12,12300,卖盘
99,14:50:33,10.25,-0.01,9,9225,卖盘
100,14:50:30,10.26,0.01,304,311904,买盘
101,14:50:27,10.25,--,100,102500,卖盘
102,14:50:21,10.25,--,7,7175,卖盘
103,14:50:18,10.25,--,500,512500,卖盘
104,14:50:06,10.25,-0.01,10,10250,卖盘
105,14:50:03,10.26,-0.01,9,9234,卖盘
106,14:50:00,10.27,0.01,761,781547,买盘
107,14:49:57,10.26,--,805,825930,卖盘
108,14:49:54,10.26,--,11,11286,卖盘
109,14:49:51,10.26,--,161,165186,卖盘
110,14:49:45,10.26,--,69,70794,卖盘
111,14:49:39,10.26,-0.01,215,220590,卖盘
112,14:49:36,10.27,0.01,53,54431,买盘
113,14:49:33,10.26,--,200,205200,卖盘
114,14:49:27,10.26,--,3001,3079026,卖盘
115,14:49:21,10.26,--,1,1313,卖盘
116,14:49:18,10.26,--,41,42066,卖盘
117,14:49:15,10.26,--,10,10260,卖盘
118,14:49:09,10.26,-0.01,1,1026,卖盘
119,14:48:51,10.27,0.01,3,3081,买盘
120,14:48:48,10.26,-0.01,47,48222,卖盘
121,14:48:45,10.27,--,20,20540,买盘
122,14:48:42,10.27,--,3,3081,买盘
123,14:48:39,10.27,0.01,15,15405,买盘
124,14:48:30,10.26,--,19,19494,卖盘
125,14:48:24,10.26,--,7,7182,卖盘
126,14:48:21,10.26,-0.01,783,804086,卖盘
127,14:48:18,10.27,0.01,30,30810,买盘
128,14:48:15,10.26,--,67,68742,卖盘
129,14:47:57,10.26,--,100,102600,卖盘
130,14:47:54,10.26,--,44,45144,卖盘
131,14:47:48,10.26,-0.01,9,9234,卖盘
132,14:47:45,10.27,0.01,10,10270,买盘
133,14:47:42,10.26,--,418,429627,卖盘
134,14:47:36,10.26,-0.01,11,11286,卖盘
135,14:47:24,10.27,--,11,11297,买盘
136,14:47:21,10.27,--,83,85241,买盘
137,14:47:18,10.27,0.01,12,12324,买盘
138,14:47:12,10.26,--,10,10260,卖盘
139,14:47:06,10.26,-0.01,7,7182,卖盘
140,14:47:03,10.27,--,2,2054,买盘
141,14:47:00,10.27,--,64,65728,买盘
142,14:46:57,10.27,--,22,22594,买盘
143,14:46:54,10.27,0.01,3,3081,买盘
144,14:46:48,10.26,--,17,17442,卖盘
145,14:46:36,10.26,-0.01,225,230850,卖盘
146,14:46:33,10.27,--,1,1027,买盘
147,14:46:30,10.27,0.01,33,33891,买盘
148,14:46:18,10.26,-0.01,49,50274,卖盘
149,14:46:15,10.27,0.01,36,36972,买盘
150,14:46:12,10.26,--,45,46170,卖盘
151,14:46:00,10.26,-0.01,22,22572,卖盘
152,14:45:54,10.27,--,30,30810,买盘
153,14:45:42,10.27,0.01,100,102700,买盘
154,14:45:39,10.26,-0.01,0,748,卖盘
155,14:45:33,10.27,0.01,2,2054,买盘
156,14:45:30,10.26,-0.01,2,2052,卖盘
157,14:45:27,10.27,0.01,2,2054,买盘
158,14:45:24,10.26,-0.01,3,3078,卖盘
159,14:45:21,10.27,--,20,20540,买盘
160,14:45:18,10.27,0.01,71,72917,买盘
161,14:45:12,10.26,-0.01,24,24624,卖盘
162,14:45:09,10.27,0.01,16,16432,买盘
163,14:45:06,10.26,--,37,37962,卖盘
164,14:44:57,10.26,--,1,1026,卖盘
165,14:44:36,10.26,-0.01,53,54378,卖盘
166,14:44:15,10.27,--,12,12324,买盘
167,14:44:12,10.27,0.01,3,3081,买盘
168,14:44:09,10.26,-0.01,20,20520,卖盘
169,14:44:06,10.27,0.01,10,10270,买盘
170,14:44:03,10.26,-0.01,79,81054,卖盘
171,14:44:00,10.27,--,10,10270,买盘
172,14:43:54,10.27,--,1,1027,买盘
173,14:43:48,10.27,--,20,20540,买盘
174,14:43:33,10.27,--,7,7189,买盘
175,14:43:30,10.27,--,130,133510,买盘
176,14:43:27,10.27,--,3,3081,买盘
177,14:43:24,10.27,0.01,15,15405,买盘
178,14:43:21,10.26,-0.01,50,51300,卖盘
179,14:43:18,10.27,--,3,3081,买盘
180,14:43:12,10.27,--,15,15405,买盘
181,14:43:09,10.27,--,27,27729,买盘
182,14:43:06,10.27,--,30,30810,买盘
183,14:43:03,10.27,--,2,2054,买盘
184,14:43:00,10.27,0.01,28,28756,买盘
185,14:42:57,10.26,--,18,18468,卖盘
186,14:42:51,10.26,-0.01,1,1026,卖盘
187,14:42:48,10.27,0.01,17,17459,买盘
188,14:42:42,10.26,-0.01,273,280098,卖盘
189,14:42:39,10.27,0.01,3,3081,买盘
190,14:42:33,10.26,-0.01,39,40014,卖盘
191,14:42:30,10.27,--,10,10270,买盘
192,14:42:24,10.27,0.01,3,3081,买盘
193,14:42:18,10.26,-0.01,10,10260,卖盘
194,14:42:12,10.27,--,10,10270,买盘
195,14:42:03,10.27,--,5,5135,买盘
196,14:42:00,10.27,--,1,1027,买盘
197,14:41:57,10.27,--,10,10270,买盘
198,14:41:51,10.27,0.01,20,20540,买盘
199,14:41:48,10.26,-0.01,2,2052,卖盘
200,14:41:39,10.27,--,124,127348,买盘
201,14:41:33,10.27,--,26,26702,买盘
202,14:41:30,10.27,--,83,85241,买盘
203,14:41:24,10.27,0.01,32,32864,买盘
204,14:41:15,10.26,-0.01,7,7182,卖盘
205,14:41:09,10.27,--,313,321451,买盘
206,14:40:54,10.27,--,1,1027,买盘
207,14:40:51,10.27,--,200,205400,买盘
208,14:40:45,10.27,0.01,3,3081,买盘
209,14:40:42,10.26,--,6,6156,卖盘
210,14:40:39,10.26,-0.01,41,42066,卖盘
211,14:40:36,10.27,0.01,204,209508,买盘
212,14:40:21,10.26,--,50,51300,卖盘
213,14:40:15,10.26,-0.01,13,13338,卖盘
214,14:40:12,10.27,--,110,112970,买盘
215,14:40:09,10.27,0.01,12,12324,买盘
216,14:40:00,10.26,--,7,7182,卖盘
217,14:39:54,10.26,-0.01,34,34884,卖盘
218,14:39:48,10.27,0.01,97,99619,买盘
219,14:39:45,10.26,--,3,3078,卖盘
220,14:39:42,10.26,--,2,2052,卖盘
221,14:39:39,10.26,-0.01,67,68742,卖盘
222,14:39:33,10.27,0.01,49,50323,买盘
223,14:39:27,10.26,-0.01,6,6156,卖盘
224,14:39:21,10.27,--,49,50323,买盘
225,14:39:18,10.27,0.01,4,4108,买盘
226,14:39:15,10.26,--,5,5130,卖盘
227,14:39:12,10.26,-0.01,11,11286,卖盘
228,14:39:09,10.27,--,10,10270,买盘
229,14:39:06,10.27,--,80,82160,买盘
230,14:39:00,10.27,--,50,51350,买盘
231,14:38:54,10.27,--,5,5135,买盘
232,14:38:48,10.27,0.01,13,13351,买盘
233,14:38:45,10.26,--,10,10260,卖盘
234,14:38:42,10.26,--,41,42066,卖盘
235,14:38:39,10.26,--,7,7182,卖盘
236,14:38:36,10.26,--,152,155952,卖盘
237,14:38:30,10.26,-0.01,45,46170,卖盘
238,14:38:27,10.27,0.01,10,10270,买盘
239,14:38:15,10.26,-0.01,11,11286,卖盘
240,14:38:12,10.27,0.01,3,3081,买盘
241,14:38:09,10.26,--,2,2052,卖盘
242,14:38:00,10.26,-0.01,8,8208,卖盘
243,14:37:51,10.27,0.01,3,3081,买盘
244,14:37:48,10.26,--,5,5130,卖盘
245,14:37:45,10.26,--,41,42066,卖盘
246,14:37:42,10.26,-0.01,9,9234,卖盘
247,14:37:36,10.27,0.01,25,25675,买盘
248,14:37:27,10.26,--,47,48222,卖盘
249,14:37:24,10.26,--,20,20520,卖盘
250,14:37:21,10.26,--,24,24624,卖盘
251,14:37:15,10.26,-0.01,9,9234,卖盘
252,14:37:06,10.27,0.01,1,1027,买盘
253,14:37:03,10.26,-0.01,11,11286,卖盘
254,14:36:57,10.27,0.01,10,10270,买盘
255,14:36:48,10.26,-0.01,42,43092,卖盘
256,14:36:27,10.27,0.01,4,4108,买盘
257,14:36:24,10.26,--,12,12312,卖盘
258,14:36:21,10.26,--,200,205200,卖盘
259,14:36:15,10.26,--,40,41040,卖盘
260,14:36:06,10.26,-0.01,30,30780,卖盘
261,14:36:03,10.27,0.01,3,3081,买盘
262,14:35:48,10.26,--,42,43092,卖盘
263,14:35:42,10.26,-0.01,10,10260,卖盘
264,14:35:30,10.27,0.01,10,10270,买盘
265,14:35:27,10.26,--,10,10260,卖盘
266,14:35:24,10.26,--,25,25650,卖盘
267,14:35:21,10.26,--,15,15390,卖盘
268,14:35:18,10.26,-0.01,54,55404,卖盘
269,14:35:15,10.27,0.01,2,2054,买盘
270,14:35:12,10.26,--,30,30780,卖盘
271,14:35:09,10.26,--,70,71820,卖盘
272,14:35:06,10.26,-0.01,908,931608,卖盘
273,14:35:03,10.27,0.01,8,8216,买盘
274,14:35:00,10.26,--,11,11286,卖盘
275,14:34:54,10.26,--,10,10260,卖盘
276,14:34:48,10.26,--,5,5130,卖盘
277,14:34:45,10.26,--,99,101574,卖盘
278,14:34:30,10.26,--,21,21546,卖盘
279,14:34:15,10.26,-0.01,21,21546,卖盘
280,14:34:06,10.27,--,110,112970,买盘
281,14:34:03,10.27,0.01,4,4108,买盘
282,14:33:57,10.26,--,18,18468,卖盘
283,14:33:54,10.26,--,15,15390,卖盘
284,14:33:51,10.26,-0.01,60,61560,卖盘
285,14:33:45,10.27,--,9,9243,买盘
286,14:33:39,10.27,0.01,20,20540,买盘
287,14:33:27,10.26,--,1,1026,卖盘
288,14:33:24,10.26,-0.01,101,103626,卖盘
289,14:33:21,10.27,0.01,3,3081,买盘
290,14:33:18,10.26,--,1,1026,卖盘
291,14:33:15,10.26,--,2,2052,卖盘
292,14:33:09,10.26,--,6,6156,卖盘
293,14:33:06,10.26,-0.01,1,1026,卖盘
294,14:33:03,10.27,0.01,4,4108,买盘
295,14:33:00,10.26,--,1,1026,卖盘
296,14:32:57,10.26,--,15,15390,卖盘
297,14:32:54,10.26,--,1,1026,卖盘
298,14:32:51,10.26,-0.01,67,68742,卖盘
299,14:32:42,10.27,0.01,2,2054,买盘
300,14:32:39,10.26,-0.01,28,28728,卖盘
301,14:32:36,10.27,0.01,100,102700,买盘
302,14:32:33,10.26,-0.01,101,103626,卖盘
303,14:32:27,10.27,0.01,3,3081,买盘
304,14:32:24,10.26,-0.01,10,10260,卖盘
305,14:32:12,10.27,0.01,12,12324,中性盘
306,14:32:03,10.26,-0.01,150,153900,卖盘
307,14:32:00,10.27,0.01,2,2054,中性盘
308,14:31:45,10.26,-0.01,910,933660,卖盘
309,14:31:36,10.27,--,10,10270,卖盘
310,14:31:33,10.27,--,23,24504,卖盘
311,14:31:30,10.27,--,40,41080,卖盘
312,14:31:24,10.27,--,21,21567,卖盘
313,14:31:12,10.27,--,16,16432,卖盘
314,14:31:03,10.27,0.01,1,1027,中性盘
315,14:31:00,10.26,-0.01,108,110808,卖盘
316,14:30:57,10.27,--,4,4108,卖盘
317,14:30:54,10.27,0.01,246,253422,买盘
318,14:30:48,10.26,--,21,21546,卖盘
319,14:30:45,10.26,--,1,1026,卖盘
320,14:30:42,10.26,-0.01,1,1026,卖盘
321,14:30:36,10.27,0.01,20,20540,买盘
322,14:30:33,10.26,--,51,52326,卖盘
323,14:30:30,10.26,--,2,2052,卖盘
324,14:30:27,10.26,--,9,9234,卖盘
325,14:30:24,10.26,--,1,1026,卖盘
326,14:30:21,10.26,--,1,1026,卖盘
327,14:30:18,10.26,-0.01,1,1026,卖盘
328,14:30:15,10.27,0.01,124,127348,买盘
329,14:30:09,10.26,--,13,13338,卖盘
330,14:30:06,10.26,-0.01,1,1026,卖盘
331,14:30:03,10.27,--,358,367676,卖盘
332,14:30:00,10.27,--,1,1027,卖盘
333,14:29:57,10.27,--,66,67782,卖盘
334,14:29:54,10.27,--,1,1027,卖盘
335,14:29:51,10.27,--,400,410800,卖盘
336,14:29:48,10.27,--,1,1027,卖盘
337,14:29:45,10.27,--,3,3081,卖盘
338,14:29:42,10.27,--,58,59566,卖盘
339,14:29:39,10.27,--,118,121186,卖盘
340,14:29:36,10.27,--,103,105781,卖盘
341,14:29:33,10.27,--,14,14378,卖盘
342,14:29:30,10.27,--,1,1027,卖盘
343,14:29:27,10.27,--,5,5135,卖盘
344,14:29:24,10.27,--,1,1027,卖盘
345,14:29:21,10.27,--,11,11297,卖盘
346,14:29:18,10.27,0.01,71,73933,买盘
347,14:29:15,10.26,--,1,1026,卖盘
348,14:29:12,10.26,-0.01,1,1026,卖盘
349,14:29:09,10.27,--,6,6162,买盘
350,14:29:06,10.27,--,17,17469,卖盘
351,14:29:03,10.27,--,2,2054,卖盘
352,14:29:00,10.27,0.01,501,515543,买盘
353,14:28:57,10.26,--,1,1026,卖盘
354,14:28:54,10.26,--,1,1026,卖盘
355,14:28:51,10.26,-0.01,6,6156,卖盘
356,14:28:48,10.27,0.01,85,87295,买盘
357,14:28:45,10.26,--,12,12312,卖盘
358,14:28:39,10.26,--,6,6156,卖盘
359,14:28:36,10.26,--,51,52326,卖盘
360,14:28:33,10.26,-0.01,3,3078,卖盘
361,14:28:30,10.27,0.01,21,21567,买盘
362,14:28:27,10.26,--,13,13338,卖盘
363,14:28:24,10.26,--,1,1026,卖盘
364,14:28:18,10.26,--,2,2052,卖盘
365,14:28:12,10.26,-0.01,3,3078,卖盘
366,14:28:09,10.27,0.01,5,5135,买盘
367,14:28:06,10.26,-0.01,1,1026,卖盘
368,14:28:03,10.27,--,279,286543,卖盘
369,14:27:57,10.27,-0.01,7,7189,卖盘
370,14:27:54,10.28,--,3,3084,买盘
371,14:27:48,10.28,0.01,5,5140,买盘
372,14:27:39,10.27,--,106,108862,卖盘
373,14:27:36,10.27,--,10,10270,卖盘
374,14:27:33,10.27,--,102,104754,卖盘
375,14:27:24,10.27,-0.01,15,15405,卖盘
376,14:27:21,10.28,0.01,20,20560,买盘
377,14:27:18,10.27,--,28,28756,卖盘
378,14:27:06,10.27,--,10,10270,卖盘
379,14:27:03,10.27,-0.01,200,205400,卖盘
380,14:27:00,10.28,--,6,6168,买盘
381,14:26:54,10.28,0.01,5,5140,买盘
382,14:26:45,10.27,--,45,46215,卖盘
383,14:26:42,10.27,--,102,104754,卖盘
384,14:26:27,10.27,--,3,4015,卖盘
385,14:26:21,10.27,--,239,245976,卖盘
386,14:26:09,10.27,-0.01,1,1027,卖盘
387,14:26:06,10.28,0.01,3,3084,买盘
388,14:26:00,10.27,--,5,5135,卖盘
389,14:25:57,10.27,--,10,10270,卖盘
390,14:25:51,10.27,--,1,1027,卖盘
391,14:25:48,10.27,--,3,3081,卖盘
392,14:25:45,10.27,0.01,1,1612,买盘
393,14:25:42,10.26,-0.01,2,2052,卖盘
394,14:25:39,10.27,--,45,46215,买盘
395,14:25:33,10.27,-0.01,582,598155,卖盘
396,14:25:24,10.28,0.01,3,3084,买盘
397,14:25:12,10.27,--,108,110916,卖盘
398,14:25:09,10.27,--,19,19513,卖盘
399,14:25:00,10.27,--,106,109447,买盘
400,14:24:57,10.27,--,3,3081,买盘
401,14:24:54,10.27,--,30,30810,买盘
402,14:24:48,10.27,0.01,201,206427,买盘
403,14:24:45,10.26,-0.01,46,47196,卖盘
404,14:24:42,10.27,--,58,59566,买盘
405,14:24:39,10.27,--,24,24648,买盘
406,14:24:30,10.27,--,141,144807,买盘
407,14:24:27,10.27,0.01,4,4108,买盘
408,14:24:21,10.26,-0.01,10,10260,卖盘
409,14:24:18,10.27,0.01,87,89349,买盘
410,14:24:15,10.26,-0.01,1,1026,卖盘
411,14:24:12,10.27,0.01,40,41080,买盘
412,14:24:09,10.26,-0.01,51,52326,卖盘
413,14:24:03,10.27,--,3,3081,买盘
414,14:24:00,10.27,--,5,5135,买盘
415,14:23:57,10.27,--,1,1027,买盘
416,14:23:54,10.27,--,3,3081,买盘
417,14:23:48,10.27,--,296,303992,买盘
418,14:23:42,10.27,0.01,35,35945,买盘
419,14:23:36,10.26,-0.01,8,8208,卖盘
420,14:23:30,10.27,--,50,51350,买盘
421,14:23:24,10.27,--,3,3081,买盘
422,14:23:18,10.27,--,113,116051,买盘
423,14:23:12,10.27,0.01,2,2054,买盘
424,14:23:09,10.26,-0.01,50,51300,卖盘
425,14:23:03,10.27,0.01,10,10270,买盘
426,14:23:00,10.26,-0.01,4,4104,卖盘
427,14:22:57,10.27,0.01,38,39026,买盘
428,14:22:54,10.26,-0.01,9,9234,卖盘
429,14:22:48,10.27,--,234,240318,买盘
430,14:22:36,10.27,--,8,8216,买盘
431,14:22:33,10.27,0.01,32,32864,买盘
432,14:22:30,10.26,--,28,28728,卖盘
433,14:22:21,10.26,-0.01,4,4104,卖盘
434,14:22:18,10.27,--,50,51350,买盘
435,14:22:15,10.27,--,215,220805,买盘
436,14:22:12,10.27,0.01,4,4108,买盘
437,14:22:09,10.26,-0.01,10,10260,卖盘
438,14:22:06,10.27,0.01,30,30810,买盘
439,14:22:03,10.26,--,1,1026,卖盘
440,14:21:42,10.26,-0.01,7,7182,卖盘
441,14:21:39,10.27,--,10,10270,买盘
442,14:21:36,10.27,0.01,3,3081,买盘
443,14:21:33,10.26,-0.01,17,17442,卖盘
444,14:21:30,10.27,0.01,49,50323,买盘
445,14:21:27,10.26,--,13,13338,卖盘
446,14:21:12,10.26,-0.01,150,153900,卖盘
447,14:20:51,10.27,--,1,1027,买盘
448,14:20:48,10.27,--,70,71890,买盘
449,14:20:42,10.27,0.01,13,13351,买盘
450,14:20:39,10.26,-0.01,50,51300,卖盘
451,14:20:36,10.27,0.01,27,27729,买盘
452,14:20:33,10.26,--,10,10260,卖盘
453,14:20:30,10.26,-0.01,7,7182,卖盘
454,14:20:27,10.27,--,106,108862,买盘
455,14:20:24,10.27,0.01,18,18486,买盘
456,14:20:21,10.26,-0.01,10,10260,卖盘
457,14:20:15,10.27,--,2,2054,买盘
458,14:20:06,10.27,--,12,12324,买盘
459,14:20:03,10.27,--,37,37999,买盘
460,14:19:48,10.27,--,20,20540,买盘
461,14:19:45,10.27,--,3,3081,买盘
462,14:19:42,10.27,--,57,58539,买盘
463,14:19:30,10.27,0.01,7,7189,买盘
464,14:19:18,10.26,-0.01,7,7182,卖盘
465,14:18:54,10.27,--,10,10270,买盘
466,14:18:51,10.27,0.01,3,3081,买盘
467,14:18:42,10.26,-0.01,17,17442,卖盘
468,14:18:39,10.27,0.01,16,16432,买盘
469,14:18:33,10.26,-0.01,10,10260,卖盘
470,14:18:27,10.27,0.01,44,45188,买盘
471,14:18:09,10.26,-0.01,50,51300,卖盘
472,14:18:06,10.27,0.01,41,42107,买盘
473,14:18:03,10.26,-0.01,7,7182,卖盘
474,14:18:00,10.27,--,5,5135,买盘
475,14:17:57,10.27,0.01,3,3081,买盘
476,14:17:48,10.26,-0.01,1,1026,卖盘
477,14:17:45,10.27,0.01,100,102700,买盘
478,14:17:39,10.26,-0.01,33,33858,卖盘
479,14:17:27,10.27,--,6,6162,买盘
480,14:17:21,10.27,0.01,80,82160,买盘
481,14:17:18,10.26,-0.01,300,307800,卖盘
482,14:17:15,10.27,--,6,6162,买盘
483,14:17:12,10.27,--,27,27729,买盘
484,14:17:09,10.27,--,46,47242,买盘
485,14:17:03,10.27,0.01,42,43134,买盘
486,14:17:00,10.26,-0.01,24,24624,卖盘
487,14:16:54,10.27,--,123,126321,买盘
488,14:16:42,10.27,--,13,13351,买盘
489,14:16:33,10.27,0.01,100,102700,买盘
490,14:16:27,10.26,--,22,22572,卖盘
491,14:16:21,10.26,-0.01,18,18468,卖盘
492,14:16:15,10.27,--,11,11297,买盘
493,14:16:09,10.27,0.01,4,4108,买盘
494,14:16:06,10.26,-0.01,4,4104,卖盘
495,14:16:00,10.27,--,1,1027,买盘
496,14:15:57,10.27,--,11,11297,买盘
497,14:15:54,10.27,0.01,90,92430,买盘
498,14:15:45,10.26,-0.01,550,564300,卖盘
499,14:15:39,10.27,0.01,20,20540,买盘
500,14:15:36,10.26,--,50,51300,卖盘
501,14:15:27,10.26,--,1,1026,卖盘
502,14:15:24,10.26,--,2,2052,卖盘
503,14:15:15,10.26,--,44,45144,卖盘
504,14:15:12,10.26,-0.01,553,567819,卖盘
505,14:15:06,10.27,--,1,1027,卖盘
506,14:15:03,10.27,--,1,1027,卖盘
507,14:14:57,10.27,--,5,5135,卖盘
508,14:14:54,10.27,--,54,55458,卖盘
509,14:14:51,10.27,--,1000,1027000,卖盘
510,14:14:45,10.27,-0.01,3,3081,卖盘
511,14:14:42,10.28,0.01,65,66820,买盘
512,14:14:39,10.27,--,210,215670,卖盘
513,14:14:36,10.27,--,54,55458,卖盘
514,14:14:27,10.27,--,7,7189,卖盘
515,14:14:24,10.27,-0.01,39,40053,卖盘
516,14:14:21,10.28,--,3,3084,买盘
517,14:14:15,10.28,0.01,2,2056,买盘
518,14:14:12,10.27,--,65,66755,卖盘
519,14:14:03,10.27,--,20,20540,卖盘
520,14:14:00,10.27,--,76,78052,卖盘
521,14:13:57,10.27,--,274,281398,卖盘
522,14:13:51,10.27,--,39,40053,卖盘
523,14:13:45,10.27,--,1000,1027000,卖盘
524,14:13:42,10.27,-0.01,39,40053,卖盘
525,14:13:36,10.28,0.01,30,30839,买盘
526,14:13:33,10.27,--,39,40053,卖盘
527,14:13:30,10.27,-0.01,39,40053,卖盘
528,14:13:27,10.28,--,3,3084,买盘
529,14:13:24,10.28,0.01,25,25700,买盘
530,14:13:12,10.27,--,7,7189,卖盘
531,14:13:06,10.27,--,50,51350,卖盘
532,14:13:03,10.27,--,188,193076,卖盘
533,14:13:00,10.27,--,119,122213,卖盘
534,14:12:42,10.27,-0.01,29,29783,卖盘
535,14:12:33,10.28,--,11,11308,买盘
536,14:12:30,10.28,--,1,1028,买盘
537,14:12:09,10.28,--,4,4112,买盘
538,14:12:06,10.28,0.01,10,10280,买盘
539,14:12:03,10.27,--,7,7189,卖盘
540,14:11:57,10.27,-0.01,3,3460,卖盘
541,14:11:45,10.28,0.01,22,22616,买盘
542,14:11:39,10.27,--,19,19513,卖盘
543,14:11:33,10.27,--,6,6162,卖盘
544,14:11:30,10.27,-0.01,9,9243,卖盘
545,14:11:24,10.28,0.01,73,75044,买盘
546,14:11:21,10.27,-0.01,5,5135,卖盘
547,14:11:18,10.28,0.01,68,69904,买盘
548,14:11:12,10.27,--,584,599768,卖盘
549,14:11:06,10.27,--,50,51350,卖盘
550,14:10:57,10.27,--,98,100646,卖盘
551,14:10:54,10.27,-0.01,5,5135,卖盘
552,14:10:51,10.28,0.01,10,10280,买盘
553,14:10:45,10.27,-0.01,22,22594,卖盘
554,14:10:39,10.28,--,5,5140,买盘
555,14:10:36,10.28,0.01,2,2056,买盘
556,14:10:30,10.27,--,20,20540,卖盘
557,14:10:21,10.27,--,15,15405,卖盘
558,14:10:09,10.27,-0.01,1,1027,卖盘
559,14:10:03,10.28,--,99,101772,买盘
560,14:10:00,10.28,--,10,10280,买盘
561,14:09:48,10.28,0.01,3,3084,买盘
562,14:09:45,10.27,--,2,2054,卖盘
563,14:09:42,10.27,-0.01,101,103727,卖盘
564,14:09:39,10.28,0.01,29,29811,买盘
565,14:09:36,10.27,--,2,2054,卖盘
566,14:09:33,10.27,-0.01,7,7189,卖盘
567,14:09:30,10.28,0.01,52,53456,买盘
568,14:09:27,10.27,-0.01,3,3081,卖盘
569,14:09:21,10.28,0.01,20,20560,买盘
570,14:09:18,10.27,--,2,2054,卖盘
571,14:09:15,10.27,--,14,14378,卖盘
572,14:09:06,10.27,--,1,1027,卖盘
573,14:09:03,10.27,--,23,23621,卖盘
574,14:09:00,10.27,--,700,718900,卖盘
575,14:08:57,10.27,-0.01,36,36972,卖盘
576,14:08:54,10.28,0.01,16,16448,买盘
577,14:08:45,10.27,--,13,13351,卖盘
578,14:08:42,10.27,--,1,1027,卖盘
579,14:08:36,10.27,--,13,13351,卖盘
580,14:08:30,10.27,--,88,90376,卖盘
581,14:08:27,10.27,--,6,6162,卖盘
582,14:08:24,10.27,--,14,14378,卖盘
583,14:08:18,10.27,--,3,3081,卖盘
584,14:08:15,10.27,-0.01,13,13351,卖盘
585,14:08:06,10.28,--,67,68876,买盘
586,14:08:00,10.28,--,3,3084,买盘
587,14:07:57,10.28,0.01,41,42148,买盘
588,14:07:54,10.27,-0.01,34,34918,卖盘
589,14:07:45,10.28,--,28,28784,买盘
590,14:07:36,10.28,--,10,10280,买盘
591,14:07:27,10.28,--,34,34952,买盘
592,14:07:24,10.28,0.01,23,23644,买盘
593,14:07:21,10.27,--,16,16432,卖盘
594,14:07:09,10.27,--,10,10270,卖盘
595,14:07:06,10.27,--,20,20540,卖盘
596,14:07:00,10.27,-0.01,7,7189,卖盘
597,14:06:54,10.28,0.01,54,55512,买盘
598,14:06:36,10.27,--,22,22594,卖盘
599,14:06:24,10.27,--,6,6162,卖盘
600,14:06:15,10.27,-0.01,13,13351,卖盘
601,14:06:12,10.28,--,3,3084,买盘
602,14:06:06,10.28,0.01,10,10280,买盘
603,14:06:03,10.27,--,14,14378,卖盘
604,14:06:00,10.27,--,50,51350,卖盘
605,14:05:57,10.27,--,1,1027,卖盘
606,14:05:54,10.27,--,73,74971,卖盘
607,14:05:51,10.27,--,7,7189,卖盘
608,14:05:45,10.27,--,13,13351,卖盘
609,14:05:42,10.27,--,39,40053,卖盘
610,14:05:33,10.27,--,23,23621,卖盘
611,14:05:27,10.27,--,40,41080,卖盘
612,14:05:21,10.27,--,6,6162,卖盘
613,14:05:18,10.27,-0.01,52,53516,卖盘
614,14:05:15,10.28,--,64,65792,卖盘
615,14:05:12,10.28,--,32,32896,卖盘
616,14:05:09,10.28,--,20,20560,卖盘
617,14:05:06,10.28,--,300,308400,卖盘
618,14:05:03,10.28,--,14,14392,卖盘
619,14:04:57,10.28,--,4,4112,卖盘
620,14:04:54,10.28,--,124,127471,卖盘
621,14:04:51,10.28,--,7,7196,卖盘
622,14:04:45,10.28,--,40,41120,卖盘
623,14:04:42,10.28,--,17,17476,卖盘
624,14:04:39,10.28,--,10,10280,卖盘
625,14:04:36,10.28,--,1,1028,卖盘
626,14:04:24,10.28,--,62,63735,卖盘
627,14:04:21,10.28,--,33,33924,卖盘
628,14:04:18,10.28,--,46,47288,卖盘
629,14:04:15,10.28,--,10,10280,卖盘
630,14:04:12,10.28,--,30,30839,卖盘
631,14:04:09,10.28,--,100,102800,卖盘
632,14:04:06,10.28,--,77,79156,卖盘
633,14:04:03,10.28,-0.01,112,115136,卖盘
634,14:03:57,10.29,--,13,13376,买盘
635,14:03:54,10.29,--,8,8232,买盘
636,14:03:51,10.29,0.01,1041,1071189,买盘
637,14:03:48,10.28,-0.01,13,13364,卖盘
638,14:03:30,10.29,--,3,3086,买盘
639,14:03:24,10.29,0.01,27,27782,买盘
640,14:03:21,10.28,--,1,1028,卖盘
641,14:03:18,10.28,-0.01,6,6168,卖盘
642,14:03:15,10.29,0.01,19,19551,买盘
643,14:03:12,10.28,--,13,13364,卖盘
644,14:03:09,10.28,--,36,37008,卖盘
645,14:03:06,10.28,--,50,51400,卖盘
646,14:03:03,10.28,-0.01,63,64763,卖盘
647,14:02:54,10.29,0.01,39,40131,买盘
648,14:02:48,10.28,--,6,6168,卖盘
649,14:02:42,10.28,--,545,560260,卖盘
650,14:02:39,10.28,--,3,3084,卖盘
651,14:02:36,10.28,--,42,43176,卖盘
652,14:02:33,10.28,-0.01,13,13364,卖盘
653,14:02:27,10.29,--,20,20580,买盘
654,14:02:24,10.29,0.01,32,32928,买盘
655,14:02:18,10.28,--,7,7196,卖盘
656,14:02:15,10.28,--,7,7196,卖盘
657,14:02:12,10.28,--,13,13364,卖盘
658,14:02:09,10.28,-0.01,10,10280,卖盘
659,14:02:03,10.29,0.01,52,53507,买盘
660,14:01:57,10.28,-0.01,151,155228,卖盘
661,14:01:54,10.29,0.01,23,23666,买盘
662,14:01:45,10.28,--,106,108968,卖盘
663,14:01:42,10.28,--,16,16448,卖盘
664,14:01:33,10.28,-0.01,3,3084,卖盘
665,14:01:24,10.29,0.01,39,40131,买盘
666,14:01:21,10.28,--,2,2056,卖盘
667,14:01:18,10.28,--,39,40092,卖盘
668,14:01:15,10.28,--,55,56540,卖盘
669,14:01:12,10.28,--,7,7196,卖盘
670,14:01:09,10.28,-0.01,1,1028,卖盘
671,14:01:03,10.29,0.01,12,12347,买盘
672,14:00:51,10.28,-0.01,9,9252,卖盘
673,14:00:48,10.29,0.01,8,8232,买盘
674,14:00:42,10.28,--,106,108968,卖盘
675,14:00:39,10.28,--,10,10280,卖盘
676,14:00:36,10.28,-0.01,1,1028,卖盘
677,14:00:27,10.29,--,13,13376,买盘
678,14:00:24,10.29,0.01,3,3086,买盘
679,14:00:18,10.28,-0.01,49,50372,卖盘
680,14:00:15,10.29,0.01,10,10290,买盘
681,14:00:12,10.28,-0.01,39,40092,卖盘
682,14:00:03,10.29,0.01,239,245930,买盘
683,13:59:57,10.28,-0.01,173,177844,卖盘
684,13:59:54,10.29,0.01,3,3086,买盘
685,13:59:51,10.28,--,13,13364,卖盘
686,13:59:48,10.28,--,30,30839,卖盘
687,13:59:45,10.28,--,7,7196,卖盘
688,13:59:42,10.28,--,14,14392,卖盘
689,13:59:39,10.28,--,10,10280,卖盘
690,13:59:30,10.28,-0.01,92,94576,卖盘
691,13:59:27,10.29,0.01,45,46304,买盘
692,13:59:21,10.28,--,14,14392,卖盘
693,13:59:15,10.28,--,39,40092,卖盘
694,13:59:12,10.28,--,13,13364,卖盘
695,13:59:09,10.28,--,61,62707,卖盘
696,13:59:06,10.28,--,4,4112,卖盘
697,13:59:03,10.28,--,3,3084,卖盘
698,13:59:00,10.28,-0.01,14,14392,卖盘
699,13:58:57,10.29,0.01,103,105986,买盘
700,13:58:54,10.28,--,10,10280,卖盘
701,13:58:51,10.28,--,42,43176,卖盘
702,13:58:48,10.28,--,9,9252,卖盘
703,13:58:42,10.28,--,13,13364,卖盘
704,13:58:39,10.28,--,16,16448,卖盘
705,13:58:33,10.28,-0.01,37,38036,卖盘
706,13:58:27,10.29,0.01,10,10290,买盘
707,13:58:18,10.28,--,1,1028,卖盘
708,13:58:12,10.28,--,12,12336,卖盘
709,13:58:09,10.28,-0.01,2,2056,卖盘
710,13:58:06,10.29,--,5,5145,买盘
711,13:58:03,10.29,0.01,6,6173,买盘
712,13:58:00,10.28,--,221,227188,卖盘
713,13:57:54,10.28,--,2,2056,卖盘
714,13:57:51,10.28,-0.01,39,40092,卖盘
715,13:57:48,10.29,0.01,1,1029,买盘
716,13:57:45,10.28,--,730,750440,卖盘
717,13:57:42,10.28,--,21,21588,卖盘
718,13:57:39,10.28,--,2,2056,卖盘
719,13:57:36,10.28,--,99,101772,卖盘
720,13:57:33,10.28,--,49,50372,卖盘
721,13:57:30,10.28,--,39,40092,卖盘
722,13:57:21,10.28,--,28,28784,卖盘
723,13:57:15,10.28,--,39,40092,卖盘
724,13:57:09,10.28,--,57,58595,卖盘
725,13:57:06,10.28,--,50,51400,卖盘
726,13:57:03,10.28,--,30,30839,卖盘
727,13:57:00,10.28,--,25,25700,卖盘
728,13:56:57,10.28,--,39,40092,卖盘
729,13:56:54,10.28,--,16,16448,卖盘
730,13:56:51,10.28,--,17,17476,卖盘
731,13:56:48,10.28,--,90,92520,卖盘
732,13:56:45,10.28,--,40,41120,卖盘
733,13:56:39,10.28,--,16,16448,卖盘
734,13:56:33,10.28,--,6,6168,卖盘
735,13:56:30,10.28,-0.01,13,13364,卖盘
736,13:56:27,10.29,0.01,101,103928,买盘
737,13:56:21,10.28,-0.01,13,13364,卖盘
738,13:56:15,10.29,0.01,3,3086,买盘
739,13:56:12,10.28,--,20,20560,卖盘
740,13:56:09,10.28,--,15,15419,卖盘
741,13:56:06,10.28,--,7,7196,卖盘
742,13:56:00,10.28,--,32,32896,卖盘
743,13:55:51,10.28,--,52,53456,卖盘
744,13:55:39,10.28,-0.01,15,15419,卖盘
745,13:55:21,10.29,0.01,4,4116,买盘
746,13:55:18,10.28,--,3,3084,卖盘
747,13:55:06,10.28,--,1,1028,卖盘
748,13:54:51,10.28,-0.01,12,12336,卖盘
749,13:54:45,10.29,0.01,20,20580,买盘
750,13:54:42,10.28,-0.01,5,5140,卖盘
751,13:54:30,10.29,--,5,5145,买盘
752,13:54:27,10.29,--,3,3086,买盘
753,13:54:18,10.29,0.01,60,61739,买盘
754,13:54:12,10.28,--,6,6168,卖盘
755,13:54:06,10.28,--,5,5140,卖盘
756,13:54:00,10.28,--,3,3084,卖盘
757,13:53:54,10.28,--,30,30839,卖盘
758,13:53:39,10.28,-0.01,7,7196,卖盘
759,13:53:33,10.29,0.01,3,3086,买盘
760,13:53:03,10.28,-0.01,20,20560,卖盘
761,13:52:57,10.29,0.01,1610,1656689,买盘
762,13:52:51,10.28,--,50,51400,卖盘
763,13:52:39,10.28,--,6,6168,卖盘
764,13:52:33,10.28,--,7,7196,卖盘
765,13:52:00,10.28,--,100,102800,卖盘
766,13:51:57,10.28,--,2,2056,卖盘
767,13:51:51,10.28,-0.01,14,14392,卖盘
768,13:51:45,10.29,0.01,3,3086,买盘
769,13:51:39,10.28,--,2,2056,卖盘
770,13:51:33,10.28,--,1,1028,卖盘
771,13:51:30,10.28,--,20,20560,卖盘
772,13:51:24,10.28,--,40,41120,卖盘
773,13:51:15,10.28,--,4,4112,卖盘
774,13:51:12,10.28,--,7,7196,卖盘
775,13:51:06,10.28,-0.01,1300,1336400,卖盘
776,13:50:54,10.29,--,10,10290,买盘
777,13:50:51,10.29,0.01,3,3086,买盘
778,13:50:48,10.28,-0.01,15,15419,卖盘
779,13:50:30,10.29,--,48,49391,买盘
780,13:50:27,10.29,0.01,6,6173,买盘
781,13:50:21,10.28,--,4,4112,卖盘
782,13:50:18,10.28,-0.01,1,1028,卖盘
783,13:50:15,10.29,0.01,14,14405,买盘
784,13:50:12,10.28,-0.01,17,17476,卖盘
785,13:50:06,10.29,0.01,15,15434,买盘
786,13:50:03,10.28,--,18,18504,卖盘
787,13:49:57,10.28,--,18,18504,卖盘
788,13:49:54,10.28,--,17,17476,卖盘
789,13:49:51,10.28,--,62,63735,卖盘
790,13:49:48,10.28,-0.01,3,3084,卖盘
791,13:49:42,10.29,0.01,22,22637,买盘
792,13:49:36,10.28,-0.01,62,63735,卖盘
793,13:49:30,10.29,0.01,1,1029,买盘
794,13:49:27,10.28,-0.01,6,6168,卖盘
795,13:49:09,10.29,--,13,13376,买盘
796,13:49:03,10.29,0.01,3,3086,买盘
797,13:48:57,10.28,--,20,20560,卖盘
798,13:48:54,10.28,-0.01,4,4112,卖盘
799,13:48:48,10.29,0.01,11,11318,买盘
800,13:48:45,10.28,-0.01,7,7196,卖盘
801,13:48:39,10.29,--,1,1029,买盘
802,13:48:27,10.29,0.01,5,5145,买盘
803,13:48:21,10.28,--,6,6168,卖盘
804,13:48:12,10.28,-0.01,75,77100,卖盘
805,13:48:06,10.29,--,3,3086,买盘
806,13:47:54,10.29,--,5,5145,买盘
807,13:47:51,10.29,0.01,4,4116,买盘
808,13:47:48,10.28,-0.01,10,10280,卖盘
809,13:47:45,10.29,0.01,1000,1028999,买盘
810,13:47:39,10.28,--,20,20560,卖盘
811,13:47:36,10.28,--,7,7196,卖盘
812,13:47:33,10.28,-0.01,4,4112,卖盘
813,13:47:30,10.29,--,13,13376,买盘
814,13:47:12,10.29,--,10,10290,买盘
815,13:47:09,10.29,--,30,30869,买盘
816,13:47:03,10.29,0.01,1,1029,买盘
817,13:47:00,10.28,-0.01,2,2056,卖盘
818,13:46:45,10.29,0.01,10,10290,买盘
819,13:46:42,10.28,--,50,51400,卖盘
820,13:46:36,10.28,--,11,11308,卖盘
821,13:46:30,10.28,--,6,6168,卖盘
822,13:46:24,10.28,--,62,64383,卖盘
823,13:46:21,10.28,-0.01,7,7196,卖盘
824,13:46:18,10.29,--,159,163611,买盘
825,13:46:15,10.29,0.01,1,1029,买盘
826,13:45:57,10.28,-0.01,52,53456,卖盘
827,13:45:54,10.29,--,10,10290,买盘
828,13:45:39,10.29,--,44,45275,买盘
829,13:45:27,10.29,--,7,7202,买盘
830,13:45:24,10.29,0.01,3,3086,买盘
831,13:45:18,10.28,-0.01,14,14392,卖盘
832,13:45:15,10.29,0.01,3,3086,买盘
833,13:44:57,10.28,-0.01,2,2056,卖盘
834,13:44:45,10.29,0.01,2,2058,买盘
835,13:44:42,10.28,-0.01,4,4112,卖盘
836,13:44:36,10.29,--,36,37044,买盘
837,13:44:33,10.29,--,58,59681,买盘
838,13:44:30,10.29,0.01,5,5145,买盘
839,13:44:27,10.28,-0.01,2,2056,卖盘
840,13:44:18,10.29,--,50,51449,买盘
841,13:44:15,10.29,--,10,10290,买盘
842,13:44:00,10.29,0.01,7,7202,买盘
843,13:43:57,10.28,-0.01,9,9252,卖盘
844,13:43:51,10.29,--,10,10290,买盘
845,13:43:45,10.29,--,5,5145,买盘
846,13:43:39,10.29,--,1,1029,买盘
847,13:43:36,10.29,0.01,3,3086,买盘
848,13:43:27,10.28,--,16,16448,卖盘
849,13:43:21,10.28,--,48,49344,卖盘
850,13:43:15,10.28,--,26,26728,卖盘
851,13:43:06,10.28,-0.01,4,4112,卖盘
852,13:43:00,10.29,0.01,25,25724,买盘
853,13:42:54,10.28,--,3,3084,卖盘
854,13:42:48,10.28,-0.01,9,9252,卖盘
855,13:42:45,10.29,--,5,5145,买盘
856,13:42:42,10.29,--,3,3086,买盘
857,13:42:33,10.29,0.01,32,32928,买盘
858,13:42:24,10.28,-0.01,2,2056,卖盘
859,13:42:15,10.29,--,4,4116,买盘
860,13:42:12,10.29,--,8,8232,买盘
861,13:42:09,10.29,--,27,27782,买盘
862,13:42:03,10.29,--,10,10290,买盘
863,13:41:48,10.29,0.01,171,175958,买盘
864,13:41:36,10.28,--,3,3084,卖盘
865,13:41:33,10.28,--,11,11308,卖盘
866,13:41:27,10.28,--,59,60651,卖盘
867,13:41:12,10.28,-0.01,20,20560,卖盘
868,13:41:06,10.29,--,70,72030,买盘
869,13:41:03,10.29,--,1,1029,买盘
870,13:40:54,10.29,--,3,3086,买盘
871,13:40:42,10.29,0.01,2,2058,买盘
872,13:40:15,10.28,-0.01,7,7196,卖盘
873,13:40:09,10.29,--,20,20580,买盘
874,13:40:06,10.29,--,3,3086,买盘
875,13:40:03,10.29,--,10,10290,买盘
876,13:40:00,10.29,0.01,3,3086,买盘
877,13:39:48,10.28,-0.01,4,4112,卖盘
878,13:39:42,10.29,0.01,6,6173,买盘
879,13:39:36,10.28,-0.01,11,11308,卖盘
880,13:39:24,10.29,--,2,2058,买盘
881,13:39:06,10.29,--,24,24695,买盘
882,13:39:03,10.29,0.01,13,13376,买盘
883,13:38:57,10.28,--,28,28784,卖盘
884,13:38:51,10.28,--,22,22616,卖盘
885,13:38:27,10.28,-0.01,3,3084,卖盘
886,13:38:21,10.29,--,100,102899,买盘
887,13:38:15,10.29,--,6,6173,买盘
888,13:38:09,10.29,0.01,3,3086,买盘
889,13:38:06,10.28,--,10,10280,卖盘
890,13:38:00,10.28,--,3,3084,卖盘
891,13:37:51,10.28,-0.01,10,10280,卖盘
892,13:37:48,10.29,0.01,21,21609,买盘
893,13:37:45,10.28,-0.01,4,4112,卖盘
894,13:37:42,10.29,0.01,30,30869,买盘
895,13:37:33,10.28,-0.01,5,5140,卖盘
896,13:37:30,10.29,--,10,10290,买盘
897,13:37:27,10.29,--,2,2058,买盘
898,13:37:15,10.29,0.01,12,12347,买盘
899,13:37:12,10.28,-0.01,48,49344,卖盘
900,13:37:09,10.29,--,4,4116,买盘
901,13:36:57,10.29,0.01,37,38073,买盘
902,13:36:54,10.28,--,30,30839,卖盘
903,13:36:51,10.28,-0.01,11,11308,卖盘
904,13:36:48,10.29,--,10,10290,买盘
905,13:36:45,10.29,--,230,236669,买盘
906,13:36:36,10.29,--,30,30869,买盘
907,13:36:33,10.29,0.01,15,15434,买盘
908,13:36:24,10.28,-0.01,1,1028,卖盘
909,13:36:21,10.29,0.01,3,3086,买盘
910,13:36:18,10.28,-0.01,4,4112,卖盘
911,13:36:15,10.29,--,11,11318,买盘
912,13:35:48,10.29,0.01,6,6173,买盘
913,13:35:45,10.28,-0.01,16,16448,卖盘
914,13:35:42,10.29,--,5,5145,买盘
915,13:35:33,10.29,--,86,88493,买盘
916,13:35:30,10.29,--,480,493919,买盘
917,13:35:27,10.29,0.01,3,3086,买盘
918,13:35:21,10.28,-0.01,487,500635,卖盘
919,13:35:18,10.29,--,1,1029,买盘
920,13:35:15,10.29,--,58,59681,买盘
921,13:35:12,10.29,--,56,57623,买盘
922,13:35:03,10.29,--,16,16464,买盘
923,13:34:51,10.29,--,11,11318,买盘
924,13:34:45,10.29,--,6,6173,买盘
925,13:34:39,10.29,--,16,16464,买盘
926,13:34:33,10.29,0.01,6,6173,买盘
927,13:34:30,10.28,-0.01,20,20560,卖盘
928,13:34:27,10.29,--,23,23666,买盘
929,13:34:18,10.29,--,7,7202,买盘
930,13:34:15,10.29,--,2,2058,买盘
931,13:34:12,10.29,0.01,10,10290,买盘
932,13:34:09,10.28,--,8,8224,卖盘
933,13:34:06,10.28,--,1,1028,卖盘
934,13:34:03,10.28,-0.01,20,20560,卖盘
935,13:33:57,10.29,--,3,3086,买盘
936,13:33:54,10.29,0.01,69,71001,买盘
937,13:33:51,10.28,--,12,12336,卖盘
938,13:33:45,10.28,-0.01,3,3988,卖盘
939,13:33:42,10.29,--,15,15434,买盘
940,13:33:39,10.29,--,14,14405,买盘
941,13:33:36,10.29,0.01,7,7202,买盘
942,13:33:30,10.28,-0.01,5,5140,卖盘
943,13:33:27,10.29,0.01,101,103928,买盘
944,13:33:21,10.28,-0.01,100,102800,卖盘
945,13:33:18,10.29,--,10,10290,买盘
946,13:33:15,10.29,--,6,6173,买盘
947,13:33:06,10.29,0.01,110,113189,买盘
948,13:33:03,10.28,--,3,3084,卖盘
949,13:33:00,10.28,--,2,2056,卖盘
950,13:32:57,10.28,--,1,1028,卖盘
951,13:32:51,10.28,-0.01,7,7196,卖盘
952,13:32:48,10.29,--,114,117305,买盘
953,13:32:45,10.29,--,40,41160,买盘
954,13:32:42,10.29,0.01,1,1029,买盘
955,13:32:30,10.28,-0.01,11,11308,卖盘
956,13:32:27,10.29,--,491,505238,买盘
957,13:32:18,10.29,--,7,7202,买盘
958,13:32:15,10.29,--,6,6173,买盘
959,13:32:12,10.29,--,2,2058,买盘
960,13:32:09,10.29,--,196,201683,买盘
961,13:32:06,10.29,0.01,17,17493,买盘
962,13:32:03,10.28,--,1,1028,卖盘
963,13:32:00,10.28,-0.01,3,3084,卖盘
964,13:31:57,10.29,0.01,10,10290,买盘
965,13:31:54,10.28,-0.01,5,5140,卖盘
966,13:31:51,10.29,0.01,3,3086,买盘
967,13:31:48,10.28,-0.01,7,7196,卖盘
968,13:31:45,10.29,--,7,7202,买盘
969,13:31:36,10.29,0.01,2,2058,买盘
970,13:31:33,10.28,--,478,491774,买盘
971,13:31:30,10.28,--,88,90464,买盘
972,13:31:27,10.28,--,475,488299,买盘
973,13:31:24,10.28,--,95,97660,买盘
974,13:31:21,10.28,--,79,81212,买盘
975,13:31:18,10.28,--,151,155228,买盘
976,13:31:15,10.28,--,156,160368,买盘
977,13:31:12,10.28,--,88,90464,买盘
978,13:31:09,10.28,--,3,3084,买盘
979,13:31:06,10.28,--,45,46260,买盘
980,13:31:03,10.28,--,673,691844,买盘
981,13:31:00,10.28,--,786,808008,买盘
982,13:30:57,10.28,--,64,65792,买盘
983,13:30:54,10.28,--,50,51400,买盘
984,13:30:51,10.28,--,90,92520,买盘
985,13:30:48,10.28,--,101,103828,买盘
986,13:30:45,10.28,0.01,9,9252,买盘
987,13:30:39,10.27,--,37,37999,卖盘
988,13:30:33,10.27,-0.01,180,184860,卖盘
989,13:30:30,10.28,0.01,29,29811,买盘
990,13:30:27,10.27,-0.01,2,2054,卖盘
991,13:30:24,10.28,--,13,13364,买盘
992,13:30:21,10.28,--,107,109996,买盘
993,13:30:18,10.28,--,123,126443,买盘
994,13:30:15,10.28,--,57,58595,买盘
995,13:30:12,10.28,--,272,279616,买盘
996,13:30:06,10.28,--,162,166741,买盘
997,13:30:03,10.28,--,4,4112,买盘
998,13:29:57,10.28,0.01,601,617828,买盘
999,13:29:54,10.27,-0.01,143,146861,卖盘
1000,13:29:51,10.28,--,52,53456,买盘
1001,13:29:48,10.28,0.01,97,99716,买盘
1002,13:29:45,10.27,-0.01,64,65728,卖盘
1003,13:29:42,10.28,--,13,13364,买盘
1004,13:29:39,10.28,--,7,7196,买盘
1005,13:29:36,10.28,--,101,103828,买盘
1006,13:29:30,10.28,--,46,47288,买盘
1007,13:29:27,10.28,0.01,60,61679,买盘
1008,13:29:24,10.27,-0.01,142,145834,卖盘
1009,13:29:18,10.28,0.01,18,18504,买盘
1010,13:29:15,10.27,-0.01,74,75998,卖盘
1011,13:29:12,10.28,--,10,10280,买盘
1012,13:29:09,10.28,--,3,3084,买盘
1013,13:29:06,10.28,0.01,78,80184,买盘
1014,13:29:03,10.27,-0.01,11,11297,卖盘
1015,13:29:00,10.28,--,19,19532,买盘
1016,13:28:57,10.28,0.01,47,48316,买盘
1017,13:28:54,10.27,--,160,164320,卖盘
1018,13:28:51,10.27,--,2,2054,卖盘
1019,13:28:48,10.27,-0.01,7,7189,卖盘
1020,13:28:42,10.28,--,20,20560,买盘
1021,13:28:36,10.28,0.01,4,4112,买盘
1022,13:28:33,10.27,--,20,20540,卖盘
1023,13:28:30,10.27,--,10,10270,卖盘
1024,13:28:21,10.27,-0.01,2,2054,卖盘
1025,13:28:15,10.28,--,3,3084,买盘
1026,13:28:12,10.28,0.01,15,15419,买盘
1027,13:28:03,10.27,--,7,7189,卖盘
1028,13:27:57,10.27,-0.01,4,4108,卖盘
1029,13:27:51,10.28,--,54,55512,买盘
1030,13:27:48,10.28,--,31,31867,买盘
1031,13:27:42,10.28,--,7,7196,买盘
1032,13:27:36,10.28,0.01,4,4112,买盘
1033,13:27:33,10.27,-0.01,1,1027,卖盘
1034,13:27:30,10.28,--,32,32896,买盘
1035,13:27:18,10.28,--,3,3084,买盘
1036,13:27:12,10.28,--,19,19532,买盘
1037,13:27:06,10.28,0.01,1,1028,买盘
1038,13:27:00,10.27,--,32,32864,卖盘
1039,13:26:57,10.27,--,10,10270,卖盘
1040,13:26:54,10.27,--,7,7189,卖盘
1041,13:26:48,10.27,-0.01,8,8216,卖盘
1042,13:26:42,10.28,--,25,25700,买盘
1043,13:26:36,10.28,--,95,97660,买盘
1044,13:26:33,10.28,--,3,3084,买盘
1045,13:26:30,10.28,--,1,1028,买盘
1046,13:26:24,10.28,--,98,100744,买盘
1047,13:26:18,10.28,--,47,48316,买盘
1048,13:26:15,10.28,0.01,10,10280,买盘
1049,13:26:09,10.27,-0.01,96,98592,卖盘
1050,13:26:06,10.28,--,48,49344,买盘
1051,13:26:00,10.28,--,30,30839,买盘
1052,13:25:57,10.28,--,1,1028,买盘
1053,13:25:51,10.28,0.01,13,13364,买盘
1054,13:25:48,10.27,-0.01,12,12324,卖盘
1055,13:25:45,10.28,--,23,23644,买盘
1056,13:25:42,10.28,--,8,8224,买盘
1057,13:25:36,10.28,-0.01,556,572051,卖盘
1058,13:25:30,10.29,0.01,1360,1399985,买盘
1059,13:25:15,10.28,0.01,35,35980,买盘
1060,13:24:51,10.27,--,25,25675,卖盘
1061,13:24:48,10.27,--,7,7189,卖盘
1062,13:24:36,10.27,--,7,7189,卖盘
1063,13:24:33,10.27,-0.01,1,1027,卖盘
1064,13:24:30,10.28,0.01,18,18504,买盘
1065,13:24:24,10.27,--,7,7189,卖盘
1066,13:24:18,10.27,--,97,99619,卖盘
1067,13:23:54,10.27,--,10,10270,卖盘
1068,13:23:48,10.27,-0.01,8,8216,卖盘
1069,13:23:42,10.28,0.01,3,3084,买盘
1070,13:23:06,10.27,-0.01,4,4108,卖盘
1071,13:23:00,10.28,0.01,20,20560,买盘
1072,13:22:54,10.27,-0.01,8,8216,卖盘
1073,13:22:51,10.28,--,19,19532,买盘
1074,13:22:48,10.28,--,3,3084,买盘
1075,13:22:45,10.28,--,92,94576,买盘
1076,13:22:27,10.28,0.01,1,1028,买盘
1077,13:22:24,10.27,--,1,1027,卖盘
1078,13:22:18,10.27,--,2,2054,卖盘
1079,13:21:57,10.27,-0.01,7,7189,卖盘
1080,13:21:54,10.28,--,4,4112,买盘
1081,13:21:51,10.28,0.01,160,164480,买盘
1082,13:21:45,10.27,--,7,7189,卖盘
1083,13:21:42,10.27,-0.01,4,4108,卖盘
1084,13:21:36,10.28,0.01,50,51400,买盘
1085,13:21:24,10.27,--,53,54431,卖盘
1086,13:21:15,10.27,--,2,2054,卖盘
1087,13:21:09,10.27,-0.01,2,2054,卖盘
1088,13:21:03,10.28,--,12,12336,买盘
1089,13:21:00,10.28,--,3,3084,买盘
1090,13:20:48,10.28,0.01,27,27756,买盘
1091,13:20:45,10.27,--,9,9243,卖盘
1092,13:20:42,10.27,--,117,120159,卖盘
1093,13:20:39,10.27,--,4,4108,卖盘
1094,13:20:36,10.27,--,50,51350,卖盘
1095,13:20:24,10.27,--,74,75998,卖盘
1096,13:20:21,10.27,--,1,1027,卖盘
1097,13:20:18,10.27,--,6,6162,卖盘
1098,13:20:12,10.27,-0.01,2,2054,卖盘
1099,13:20:09,10.28,--,2,2056,买盘
1100,13:20:06,10.28,0.01,3,3084,买盘
1101,13:19:57,10.27,-0.01,4,4108,卖盘
1102,13:19:54,10.28,--,237,244119,卖盘
1103,13:19:51,10.28,--,8,8224,卖盘
1104,13:19:48,10.28,-0.01,4,4410,卖盘
1105,13:19:45,10.29,0.01,25,25724,买盘
1106,13:19:42,10.28,--,2,2056,卖盘
1107,13:19:39,10.28,--,40,41120,卖盘
1108,13:19:36,10.28,--,21,21588,卖盘
1109,13:19:33,10.28,--,6,6168,卖盘
1110,13:19:30,10.28,--,37,38036,卖盘
1111,13:19:24,10.28,--,604,620912,卖盘
1112,13:19:15,10.28,--,4,4358,卖盘
1113,13:19:12,10.28,--,5,5140,卖盘
1114,13:19:09,10.28,--,20,20560,卖盘
1115,13:19:06,10.28,--,12,12336,卖盘
1116,13:18:48,10.28,--,40,41120,卖盘
1117,13:18:42,10.28,--,2,2056,卖盘
1118,13:18:36,10.28,-0.01,20,20560,卖盘
1119,13:18:18,10.29,0.01,3,3086,买盘
1120,13:18:15,10.28,--,8,8224,卖盘
1121,13:18:12,10.28,--,17,17476,卖盘
1122,13:17:27,10.28,-0.01,13,13364,卖盘
1123,13:17:21,10.29,0.01,3,3086,买盘
1124,13:16:54,10.28,--,37,38036,买盘
1125,13:16:51,10.28,--,97,99716,买盘
1126,13:16:45,10.28,--,3,3084,买盘
1127,13:16:39,10.28,--,17,17476,卖盘
1128,13:16:36,10.28,--,26,26728,卖盘
1129,13:16:33,10.28,0.01,57,58595,买盘
1130,13:16:30,10.27,-0.01,12,12324,卖盘
1131,13:16:27,10.28,0.01,13,13364,买盘
1132,13:15:51,10.27,--,13,13351,卖盘
1133,13:15:48,10.27,-0.01,3,3081,卖盘
1134,13:15:45,10.28,--,10,10280,买盘
1135,13:15:33,10.28,--,103,105884,买盘
1136,13:15:24,10.28,0.01,126,129527,买盘
1137,13:15:18,10.27,-0.01,1,1027,卖盘
1138,13:15:15,10.28,--,35,35980,买盘
1139,13:15:09,10.28,0.01,12,12336,买盘
1140,13:15:03,10.27,-0.01,30,30810,卖盘
1141,13:15:00,10.28,0.01,11,11308,买盘
1142,13:14:48,10.27,-0.01,5,5135,卖盘
1143,13:14:45,10.28,0.01,3,3084,买盘
1144,13:14:39,10.27,-0.01,20,20540,卖盘
1145,13:14:36,10.28,--,21,21588,买盘
1146,13:14:33,10.28,0.01,10,10280,买盘
1147,13:14:06,10.27,--,19,20190,卖盘
1148,13:14:03,10.27,--,4,4108,卖盘
1149,13:13:57,10.27,-0.01,51,52377,卖盘
1150,13:13:51,10.28,--,100,102800,买盘
1151,13:13:48,10.28,--,6,6168,买盘
1152,13:13:45,10.28,0.01,3,3084,买盘
1153,13:13:42,10.27,-0.01,1106,1135862,卖盘
1154,13:13:39,10.28,0.01,125,128499,买盘
1155,13:13:36,10.27,--,100,102700,卖盘
1156,13:13:24,10.27,-0.01,7,7189,卖盘
1157,13:13:18,10.28,0.01,2,2056,买盘
1158,13:13:15,10.27,-0.01,31,31837,卖盘
1159,13:13:09,10.28,--,111,114108,买盘
1160,13:12:54,10.28,--,85,87380,买盘
1161,13:12:51,10.28,0.01,3,3084,买盘
1162,13:12:45,10.27,--,2,2054,卖盘
1163,13:12:42,10.27,--,20,20540,卖盘
1164,13:12:39,10.27,--,10,10270,卖盘
1165,13:12:33,10.27,-0.01,11,11297,卖盘
1166,13:12:30,10.28,0.01,35,35980,买盘
1167,13:12:21,10.27,--,32,32864,卖盘
1168,13:12:18,10.27,--,36,36972,卖盘
1169,13:12:15,10.27,-0.01,52,53404,卖盘
1170,13:11:57,10.28,0.01,7,7196,买盘
1171,13:11:45,10.27,-0.01,52,53404,卖盘
1172,13:11:30,10.28,0.01,2,2056,买盘
1173,13:11:15,10.27,-0.01,2,2054,卖盘
1174,13:11:12,10.28,--,1,1028,买盘
1175,13:11:09,10.28,--,3,3084,买盘
1176,13:11:03,10.28,--,158,162424,卖盘
1177,13:10:51,10.28,--,7,7196,卖盘
1178,13:10:45,10.28,-0.01,2,2056,卖盘
1179,13:10:36,10.29,0.01,3,3086,买盘
1180,13:10:15,10.28,--,29,29811,买盘
1181,13:10:09,10.28,--,3,3084,买盘
1182,13:10:00,10.28,--,2,2056,买盘
1183,13:09:51,10.28,--,29,29811,买盘
1184,13:09:45,10.28,0.01,39,40092,买盘
1185,13:09:42,10.27,--,2,2054,卖盘
1186,13:09:36,10.27,-0.01,13,13351,卖盘
1187,13:09:27,10.28,--,45,46260,买盘
1188,13:09:18,10.28,--,8,8224,买盘
1189,13:09:15,10.28,0.01,3,3084,买盘
1190,13:09:12,10.27,-0.01,2,2054,卖盘
1191,13:09:06,10.28,-0.01,13,13364,卖盘
1192,13:09:03,10.29,0.01,10,10290,买盘
1193,13:09:00,10.28,0.01,2,2056,中性盘
1194,13:08:48,10.27,-0.01,25,25675,卖盘
1195,13:08:42,10.28,-0.01,2,2056,卖盘
1196,13:08:36,10.29,0.01,2,2058,买盘
1197,13:08:30,10.28,0.01,12,12336,中性盘
1198,13:08:24,10.27,-0.01,60,61620,卖盘
1199,13:08:21,10.28,--,5,5140,买盘
1200,13:08:18,10.28,0.01,8,8224,买盘
1201,13:08:12,10.27,--,2,2054,卖盘
1202,13:08:09,10.27,--,8,8216,卖盘
1203,13:08:06,10.27,--,36,36972,卖盘
1204,13:08:03,10.27,-0.02,42,43134,卖盘
1205,13:08:00,10.29,--,1,1029,买盘
1206,13:07:36,10.29,0.01,15,15434,买盘
1207,13:07:33,10.28,-0.01,125,128499,卖盘
1208,13:07:27,10.29,0.01,3,3086,买盘
1209,13:07:24,10.28,--,7,7196,卖盘
1210,13:07:18,10.28,--,100,102800,卖盘
1211,13:06:57,10.28,--,6,6168,卖盘
1212,13:06:51,10.28,--,537,552036,卖盘
1213,13:06:42,10.28,--,1,1028,卖盘
1214,13:06:39,10.28,--,15,15419,卖盘
1215,13:06:36,10.28,-0.01,108,111024,卖盘
1216,13:06:30,10.29,--,2,2058,买盘
1217,13:06:24,10.29,0.01,3,3086,买盘
1218,13:06:21,10.28,--,7,7196,卖盘
1219,13:06:18,10.28,--,17,17476,卖盘
1220,13:05:42,10.28,-0.01,32,32896,卖盘
1221,13:05:39,10.29,--,45,46304,买盘
1222,13:05:36,10.29,0.01,4,4116,买盘
1223,13:05:24,10.28,--,40,41120,卖盘
1224,13:05:18,10.28,-0.01,4,4112,卖盘
1225,13:05:15,10.29,0.01,10,10290,买盘
1226,13:05:03,10.28,--,6,6168,卖盘
1227,13:04:57,10.28,--,11,11308,卖盘
1228,13:04:51,10.28,--,68,69904,卖盘
1229,13:04:45,10.28,-0.01,33,33924,卖盘
1230,13:04:42,10.29,--,3,3086,买盘
1231,13:04:39,10.29,--,5,5145,买盘
1232,13:04:30,10.29,0.01,31,31898,买盘
1233,13:04:21,10.28,-0.01,155,159340,卖盘
1234,13:04:09,10.29,0.01,24,24695,买盘
1235,13:04:06,10.28,-0.01,3,3084,卖盘
1236,13:04:03,10.29,0.01,21,21609,买盘
1237,13:03:57,10.28,-0.01,100,102800,卖盘
1238,13:03:51,10.29,0.01,3,3086,买盘
1239,13:03:48,10.28,-0.01,44,45232,卖盘
1240,13:03:42,10.29,0.01,100,102899,买盘
1241,13:03:03,10.28,--,30,30839,卖盘
1242,13:03:00,10.28,--,5,5140,卖盘
1243,13:02:33,10.28,--,7,7196,卖盘
1244,13:01:57,10.28,--,36,37008,卖盘
1245,13:01:51,10.28,-0.01,5,5140,卖盘
1246,13:01:30,10.29,--,20,20580,买盘
1247,13:00:48,10.29,0.01,11,11318,买盘
1248,13:00:33,10.28,-0.01,38,39064,卖盘
1249,13:00:30,10.29,--,40,41160,买盘
1250,13:00:18,10.29,--,4,4116,买盘
1251,13:00:15,10.29,--,1,1029,买盘
1252,13:00:09,10.29,--,109,112160,买盘
1253,13:00:06,10.29,-0.01,122,125537,卖盘
1254,13:00:03,10.3,0.01,389,400670,买盘
1255,13:00:00,10.29,--,0,0,卖盘
1256,11:30:00,10.29,--,0,0,卖盘
1257,11:29:54,10.29,--,3,3086,卖盘
1258,11:29:48,10.29,--,50,51449,卖盘
1259,11:29:39,10.29,--,4,4116,卖盘
1260,11:29:24,10.29,-0.01,3,3086,卖盘
1261,11:29:21,10.3,0.01,50,51500,买盘
1262,11:29:18,10.29,-0.01,50,51449,卖盘
1263,11:29:12,10.3,--,3,3090,买盘
1264,11:29:06,10.3,--,2,2060,买盘
1265,11:28:57,10.3,0.01,4,4120,买盘
1266,11:28:54,10.29,--,3,3086,卖盘
1267,11:28:39,10.29,-0.01,1,1029,卖盘
1268,11:28:24,10.3,0.01,1,1030,买盘
1269,11:28:15,10.29,-0.01,8,8232,卖盘
1270,11:28:03,10.3,0.01,1,1030,买盘
1271,11:27:54,10.29,-0.01,32,32928,卖盘
1272,11:27:30,10.3,0.01,4,4120,买盘
1273,11:27:27,10.29,--,9,9261,卖盘
1274,11:27:24,10.29,--,6,6173,卖盘
1275,11:27:21,10.29,-0.01,18,18522,卖盘
1276,11:27:15,10.3,0.01,3,3090,买盘
1277,11:26:57,10.29,-0.01,11,11318,卖盘
1278,11:26:54,10.3,--,4,4120,买盘
1279,11:26:45,10.3,--,3,3090,买盘
1280,11:26:18,10.3,0.01,56,57680,买盘
1281,11:25:51,10.29,--,13,13376,买盘
1282,11:25:48,10.29,--,2,2058,买盘
1283,11:25:42,10.29,-0.01,5,5145,卖盘
1284,11:25:36,10.3,--,18,18540,买盘
1285,11:25:33,10.3,0.01,22,22660,买盘
1286,11:25:30,10.29,--,10,10290,买盘
1287,11:25:27,10.29,--,22,22637,买盘
1288,11:25:24,10.29,--,80,82320,买盘
1289,11:25:21,10.29,--,18,18522,买盘
1290,11:25:15,10.29,--,5,5145,买盘
1291,11:25:12,10.29,--,346,356033,买盘
1292,11:25:09,10.29,--,10,10290,买盘
1293,11:25:06,10.29,--,14,14405,买盘
1294,11:25:03,10.29,--,78,80262,买盘
1295,11:25:00,10.29,--,1,1029,买盘
1296,11:24:57,10.29,--,34,34986,买盘
1297,11:24:48,10.29,--,3,3086,买盘
1298,11:24:39,10.29,--,78,80262,买盘
1299,11:24:30,10.29,--,3,3086,买盘
1300,11:24:27,10.29,--,2,2058,买盘
1301,11:24:24,10.29,--,3,3086,买盘
1302,11:24:21,10.29,--,5,5145,买盘
1303,11:24:15,10.29,0.01,3,3086,买盘
1304,11:24:06,10.28,-0.01,79,81212,卖盘
1305,11:24:03,10.29,--,3,3086,买盘
1306,11:24:00,10.29,0.01,1,1029,买盘
1307,11:23:54,10.28,-0.01,4,4112,卖盘
1308,11:23:51,10.29,--,71,73059,买盘
1309,11:23:33,10.29,--,8,8232,买盘
1310,11:23:27,10.29,--,3,3086,买盘
1311,11:23:12,10.29,0.01,6,6173,买盘
1312,11:23:09,10.28,--,473,486243,卖盘
1313,11:23:03,10.28,-0.01,79,81212,卖盘
1314,11:22:48,10.29,--,6,6173,买盘
1315,11:22:42,10.29,--,3,3086,买盘
1316,11:22:33,10.29,--,11,11318,买盘
1317,11:22:30,10.29,--,3,3086,买盘
1318,11:22:27,10.29,0.01,9,9261,买盘
1319,11:22:18,10.28,--,4,4112,卖盘
1320,11:22:15,10.28,--,10,10280,卖盘
1321,11:22:12,10.28,-0.01,1,1028,卖盘
1322,11:22:03,10.29,--,90,92609,买盘
1323,11:21:57,10.29,--,3,3086,买盘
1324,11:21:48,10.29,--,10,10290,买盘
1325,11:21:45,10.29,--,15,15434,买盘
1326,11:21:42,10.29,--,12,12347,买盘
1327,11:21:30,10.29,--,5,5145,买盘
1328,11:21:27,10.29,--,6,6173,买盘
1329,11:21:18,10.29,0.01,20,20580,买盘
1330,11:21:12,10.28,-0.01,2,2056,卖盘
1331,11:20:54,10.29,0.01,15,15434,买盘
1332,11:20:51,10.28,-0.01,36,37008,卖盘
1333,11:20:48,10.29,0.01,21,21609,买盘
1334,11:20:39,10.28,-0.01,6,6168,卖盘
1335,11:20:33,10.29,--,3,3086,买盘
1336,11:20:30,10.29,--,5,5145,买盘
1337,11:20:18,10.29,0.01,30,30869,买盘
1338,11:20:09,10.28,-0.01,2,2056,卖盘
1339,11:19:54,10.29,--,30,30869,买盘
1340,11:19:48,10.29,--,15,15434,买盘
1341,11:19:45,10.29,0.01,3,3086,买盘
1342,11:19:42,10.28,--,50,51400,卖盘
1343,11:19:39,10.28,-0.01,2,2056,卖盘
1344,11:19:36,10.29,0.01,23,23666,买盘
1345,11:19:33,10.28,--,39,40092,卖盘
1346,11:19:30,10.28,-0.01,39,40092,卖盘
1347,11:19:27,10.29,0.01,6,6173,买盘
1348,11:19:21,10.28,--,194,199432,卖盘
1349,11:19:18,10.28,--,4,4112,卖盘
1350,11:19:09,10.28,-0.01,2,2056,卖盘
1351,11:19:06,10.29,--,72,74088,买盘
1352,11:19:00,10.29,0.01,6,6173,买盘
1353,11:18:54,10.28,-0.01,4,4112,卖盘
1354,11:18:51,10.29,--,43,44246,买盘
1355,11:18:48,10.29,--,103,105986,买盘
1356,11:18:39,10.29,--,33,33957,买盘
1357,11:18:33,10.29,0.01,18,18522,买盘
1358,11:18:24,10.28,-0.01,8,8224,卖盘
1359,11:18:21,10.29,0.01,10,10290,买盘
1360,11:18:15,10.28,-0.01,1,1028,卖盘
1361,11:18:09,10.29,--,49,50420,买盘
1362,11:18:03,10.29,--,37,38073,买盘
1363,11:17:57,10.29,--,510,524790,买盘
1364,11:17:42,10.29,0.01,53,54536,买盘
1365,11:17:33,10.28,-0.01,6,6168,卖盘
1366,11:17:30,10.29,0.01,5,5145,买盘
1367,11:17:27,10.28,--,2,2056,卖盘
1368,11:17:24,10.28,--,24,24672,卖盘
1369,11:17:15,10.28,--,80,82240,卖盘
1370,11:17:09,10.28,--,4,4112,卖盘
1371,11:17:03,10.28,-0.01,120,123359,卖盘
1372,11:16:45,10.29,--,3,3086,买盘
1373,11:16:27,10.29,0.01,3,3086,买盘
1374,11:16:09,10.28,--,46,47288,卖盘
1375,11:16:03,10.28,--,56,57568,卖盘
1376,11:15:57,10.28,-0.01,9,9252,卖盘
1377,11:15:48,10.29,--,3,3086,买盘
1378,11:15:45,10.29,--,24,24695,买盘
1379,11:15:36,10.29,--,69,71001,买盘
1380,11:15:33,10.29,--,473,486716,卖盘
1381,11:15:30,10.29,--,4,4116,卖盘
1382,11:15:27,10.29,--,60,61739,卖盘
1383,11:15:24,10.29,--,500,514499,卖盘
1384,11:15:12,10.29,--,5,5145,卖盘
1385,11:15:09,10.29,--,45,46304,卖盘
1386,11:15:06,10.29,--,5,5145,卖盘
1387,11:15:03,10.29,-0.01,91,93638,卖盘
1388,11:14:51,10.3,--,50,51500,买盘
1389,11:14:48,10.3,--,3,3090,买盘
1390,11:14:30,10.3,0.01,6,6180,买盘
1391,11:14:21,10.29,-0.01,3700,3807299,卖盘
1392,11:14:15,10.3,0.01,80,82400,买盘
1393,11:14:03,10.29,--,15,15434,卖盘
1394,11:13:57,10.29,--,35,36015,卖盘
1395,11:13:51,10.29,--,70,72030,卖盘
1396,11:13:48,10.29,--,7,7202,卖盘
1397,11:13:36,10.29,--,3,3086,卖盘
1398,11:13:33,10.29,-0.01,100,102899,卖盘
1399,11:13:30,10.3,0.01,6,6180,买盘
1400,11:13:24,10.29,-0.01,28,28811,卖盘
1401,11:12:54,10.3,--,8,8240,买盘
1402,11:12:48,10.3,0.01,50,51500,买盘
1403,11:12:45,10.29,-0.01,1,1029,卖盘
1404,11:12:42,10.3,--,8,8240,买盘
1405,11:12:36,10.3,--,5,5150,买盘
1406,11:12:30,10.3,0.01,68,70040,买盘
1407,11:12:27,10.29,-0.01,10,10290,卖盘
1408,11:12:24,10.3,0.01,20,20600,买盘
1409,11:12:06,10.29,--,28,28811,卖盘
1410,11:12:03,10.29,-0.01,4,4116,卖盘
1411,11:11:57,10.3,--,3,3090,买盘
1412,11:11:36,10.3,--,6,6180,买盘
1413,11:11:27,10.3,--,264,271920,买盘
1414,11:11:21,10.3,--,6,6180,买盘
1415,11:11:12,10.3,--,20,20600,买盘
1416,11:11:00,10.3,0.01,3,3090,买盘
1417,11:10:54,10.29,-0.01,17,17493,卖盘
1418,11:10:36,10.3,--,218,224540,买盘
1419,11:10:30,10.3,0.01,6,6180,买盘
1420,11:10:27,10.29,-0.01,4,4116,卖盘
1421,11:10:24,10.3,--,5,5150,买盘
1422,11:10:21,10.3,--,99,101970,买盘
1423,11:10:03,10.3,0.01,3,3090,买盘
1424,11:09:45,10.29,-0.01,11,11318,卖盘
1425,11:09:36,10.3,--,60,61800,买盘
1426,11:09:15,10.3,--,16,16480,买盘
1427,11:09:03,10.3,0.01,3,3090,买盘
1428,11:08:57,10.29,--,5,5145,卖盘
1429,11:08:45,10.29,-0.01,34,34986,卖盘
1430,11:08:42,10.3,--,3,3090,买盘
1431,11:08:39,10.3,--,5,5150,买盘
1432,11:08:15,10.3,--,6,6180,买盘
1433,11:08:06,10.3,0.01,3,3090,买盘
1434,11:07:57,10.29,-0.01,4,4116,卖盘
1435,11:07:54,10.3,--,1,1030,买盘
1436,11:07:51,10.3,--,10,10300,买盘
1437,11:07:42,10.3,0.01,5,5150,买盘
1438,11:07:39,10.29,-0.01,3,3086,卖盘
1439,11:07:36,10.3,--,855,880650,买盘
1440,11:07:09,10.3,--,14,14420,买盘
1441,11:06:57,10.3,0.01,5,5150,买盘
1442,11:06:51,10.29,-0.01,300,308700,卖盘
1443,11:06:33,10.3,0.01,306,315180,买盘
1444,11:06:27,10.29,-0.01,16,16464,卖盘
1445,11:06:21,10.3,0.01,7,7210,买盘
1446,11:06:18,10.29,-0.01,10,10290,卖盘
1447,11:06:12,10.3,--,3,3090,买盘
1448,11:06:06,10.3,--,29,29870,买盘
1449,11:06:03,10.3,0.01,2,2060,买盘
1450,11:06:00,10.29,--,35,36015,卖盘
1451,11:05:54,10.29,--,17,17493,卖盘
1452,11:05:48,10.29,--,4,4116,卖盘
1453,11:05:42,10.29,-0.01,355,365294,卖盘
1454,11:05:24,10.3,--,10,10300,买盘
1455,11:05:21,10.3,--,8,8240,买盘
1456,11:05:18,10.3,--,10,10300,买盘
1457,11:05:15,10.3,--,838,863140,卖盘
1458,11:05:06,10.3,--,95,97850,卖盘
1459,11:04:51,10.3,--,10,10300,卖盘
1460,11:04:48,10.3,-0.01,332,341960,卖盘
1461,11:04:30,10.31,--,194,200014,买盘
1462,11:04:18,10.31,0.01,3,3093,买盘
1463,11:04:12,10.3,-0.01,2,2060,卖盘
1464,11:04:00,10.31,0.01,1,1031,买盘
1465,11:03:51,10.3,-0.01,10,10300,卖盘
1466,11:03:18,10.31,--,3,3093,买盘
1467,11:03:15,10.31,0.01,3,3093,买盘
1468,11:03:09,10.3,-0.01,30,30900,中性盘
1469,11:03:00,10.31,0.01,568,585608,买盘
1470,11:02:57,10.3,--,1,1030,卖盘
1471,11:02:54,10.3,--,5,5150,卖盘
1472,11:02:51,10.3,--,64,65920,买盘
1473,11:02:48,10.3,--,136,140080,卖盘
1474,11:02:42,10.3,--,5,5150,卖盘
1475,11:02:39,10.3,-0.01,3,3090,卖盘
1476,11:02:33,10.31,--,1,1031,买盘
1477,11:02:21,10.31,0.01,3,3093,买盘
1478,11:02:09,10.3,-0.01,50,51500,卖盘
1479,11:02:03,10.31,0.01,18,18558,买盘
1480,11:01:57,10.3,--,50,51500,卖盘
1481,11:01:51,10.3,-0.01,1,1030,卖盘
1482,11:01:48,10.31,0.01,20,20620,买盘
1483,11:01:45,10.3,--,7,7210,卖盘
1484,11:01:42,10.3,--,1,1030,卖盘
1485,11:01:36,10.3,--,10,10300,卖盘
1486,11:01:33,10.3,--,10,10300,卖盘
1487,11:01:30,10.3,-0.01,1,1030,卖盘
1488,11:01:27,10.31,--,2,2062,买盘
1489,11:01:24,10.31,0.01,16,16496,买盘
1490,11:01:18,10.3,--,3,3090,卖盘
1491,11:01:12,10.3,--,2,2060,卖盘
1492,11:01:00,10.3,--,119,122570,卖盘
1493,11:00:51,10.3,--,10,10300,卖盘
1494,11:00:42,10.3,-0.01,2,2060,卖盘
1495,11:00:27,10.31,0.01,33,34023,买盘
1496,11:00:24,10.3,--,150,154500,卖盘
1497,11:00:12,10.3,--,2,2060,卖盘
1498,11:00:09,10.3,--,10,10300,卖盘
1499,11:00:06,10.3,--,10,10300,卖盘
1500,11:00:00,10.3,--,3,3090,卖盘
1501,10:59:54,10.3,--,34,35020,卖盘
1502,10:59:48,10.3,--,10,10300,卖盘
1503,10:59:42,10.3,--,35,36276,买盘
1504,10:59:36,10.3,--,4,4120,买盘
1505,10:59:30,10.3,--,3,3090,买盘
1506,10:59:15,10.3,--,9,9270,买盘
1507,10:59:12,10.3,0.01,12,12360,买盘
1508,10:59:09,10.29,-0.01,105,108044,卖盘
1509,10:59:06,10.3,--,10,10300,买盘
1510,10:59:00,10.3,0.01,100,103000,买盘
1511,10:58:48,10.29,-0.01,10,10290,卖盘
1512,10:58:45,10.3,--,1,1030,买盘
1513,10:58:39,10.3,0.01,32,32960,买盘
1514,10:58:33,10.29,--,13,13376,卖盘
1515,10:58:18,10.29,--,10,10290,卖盘
1516,10:58:15,10.29,-0.01,127,130682,卖盘
1517,10:58:12,10.3,0.01,55,56650,买盘
1518,10:58:09,10.29,--,46,47333,卖盘
1519,10:58:00,10.29,-0.01,18,18522,卖盘
1520,10:57:57,10.3,--,84,86520,买盘
1521,10:57:51,10.3,--,19,19570,买盘
1522,10:57:48,10.3,--,20,20600,买盘
1523,10:57:45,10.3,--,3,3090,买盘
1524,10:57:42,10.3,--,2,2060,买盘
1525,10:57:36,10.3,--,6,6180,买盘
1526,10:57:33,10.3,0.01,10,10300,买盘
1527,10:57:27,10.29,-0.01,4,4116,卖盘
1528,10:57:24,10.3,--,2,2060,买盘
1529,10:57:21,10.3,0.01,19,19570,买盘
1530,10:57:18,10.29,-0.01,10,10290,卖盘
1531,10:57:15,10.3,--,24,24720,买盘
1532,10:57:09,10.3,--,3,3090,买盘
1533,10:57:03,10.3,--,98,100940,买盘
1534,10:57:00,10.3,--,10,10300,买盘
1535,10:56:39,10.3,--,20,20600,买盘
1536,10:56:36,10.3,--,53,54590,买盘
1537,10:56:33,10.3,--,18,18540,买盘
1538,10:56:24,10.3,0.01,100,103000,买盘
1539,10:56:00,10.29,--,5,5145,卖盘
1540,10:55:57,10.29,-0.01,5,5145,卖盘
1541,10:55:51,10.3,0.01,10,10300,买盘
1542,10:55:45,10.29,-0.01,4,4116,卖盘
1543,10:55:42,10.3,--,25,25750,买盘
1544,10:55:39,10.3,--,3,3090,买盘
1545,10:55:18,10.3,--,89,91670,买盘
1546,10:55:15,10.3,0.01,6,6180,买盘
1547,10:55:09,10.29,--,39,40131,卖盘
1548,10:55:03,10.29,-0.01,39,40131,卖盘
1549,10:54:45,10.3,--,10,10300,买盘
1550,10:54:42,10.3,--,830,855703,卖盘
1551,10:54:39,10.3,--,5,5150,卖盘
1552,10:54:33,10.3,-0.01,593,610790,卖盘
1553,10:54:30,10.31,0.01,4,4124,买盘
1554,10:54:21,10.3,--,9,9270,卖盘
1555,10:54:15,10.3,--,4,4120,卖盘
1556,10:54:09,10.3,--,4,4120,卖盘
1557,10:54:06,10.3,--,50,51500,卖盘
1558,10:53:48,10.3,--,10,10300,卖盘
1559,10:53:45,10.3,--,93,95790,卖盘
1560,10:53:42,10.3,--,2,2060,卖盘
1561,10:53:39,10.3,-0.01,35,36050,卖盘
1562,10:53:24,10.31,0.01,10,10310,买盘
1563,10:53:15,10.3,--,27,27810,卖盘
1564,10:53:12,10.3,-0.01,4,4944,卖盘
1565,10:53:09,10.31,0.01,21,21651,买盘
1566,10:53:06,10.3,--,10,10300,卖盘
1567,10:53:00,10.3,-0.01,54,55620,卖盘
1568,10:52:48,10.31,--,3,3093,买盘
1569,10:52:42,10.31,--,5,5155,买盘
1570,10:52:27,10.31,0.01,2,2062,买盘
1571,10:52:24,10.3,-0.01,4,4120,卖盘
1572,10:52:18,10.31,0.01,21,21651,买盘
1573,10:52:00,10.3,-0.01,90,92700,卖盘
1574,10:51:48,10.31,0.01,3,3093,买盘
1575,10:51:42,10.3,-0.01,1,1030,卖盘
1576,10:51:30,10.31,0.01,22,22682,买盘
1577,10:51:24,10.3,-0.01,40,41200,卖盘
1578,10:51:15,10.31,0.01,2,2062,买盘
1579,10:51:12,10.3,--,22,22660,卖盘
1580,10:51:06,10.3,--,80,82400,卖盘
1581,10:51:03,10.3,--,10,10300,卖盘
1582,10:51:00,10.3,--,10,10300,卖盘
1583,10:50:57,10.3,-0.01,35,36050,卖盘
1584,10:50:54,10.31,--,49,50519,买盘
1585,10:50:51,10.31,--,11,11341,买盘
1586,10:50:48,10.31,0.01,200,206200,买盘
1587,10:50:42,10.3,--,2,2060,卖盘
1588,10:50:39,10.3,--,4,4120,卖盘
1589,10:50:36,10.3,-0.01,288,296640,卖盘
1590,10:50:27,10.31,--,22,22682,买盘
1591,10:50:21,10.31,0.01,10,10310,买盘
1592,10:50:12,10.3,-0.01,2,2060,卖盘
1593,10:50:06,10.31,0.01,140,144340,买盘
1594,10:50:03,10.3,--,50,51500,卖盘
1595,10:50:00,10.3,-0.01,643,662290,卖盘
1596,10:49:54,10.31,0.01,3,3093,买盘
1597,10:49:51,10.3,--,6,6180,卖盘
1598,10:49:42,10.3,--,33,33990,卖盘
1599,10:49:39,10.3,--,249,256470,卖盘
1600,10:49:36,10.3,--,2,2060,卖盘
1601,10:49:33,10.3,-0.01,2,2060,卖盘
1602,10:49:27,10.31,0.01,20,20620,买盘
1603,10:49:24,10.3,--,3,3090,卖盘
1604,10:49:15,10.3,--,20,20600,卖盘
1605,10:49:09,10.3,-0.01,3,3090,卖盘
1606,10:49:06,10.31,0.01,3,3093,买盘
1607,10:49:03,10.3,--,13,13390,卖盘
1608,10:49:00,10.3,--,5,5150,卖盘
1609,10:48:57,10.3,--,103,106090,卖盘
1610,10:48:51,10.3,--,1,1030,卖盘
1611,10:48:48,10.3,--,60,61800,卖盘
1612,10:48:39,10.3,--,4,4120,卖盘
1613,10:48:30,10.3,--,20,20600,卖盘
1614,10:48:27,10.3,--,82,84460,卖盘
1615,10:48:09,10.3,-0.01,2,2060,卖盘
1616,10:48:00,10.31,0.01,14,14434,买盘
1617,10:47:54,10.3,-0.01,6,6180,卖盘
1618,10:47:51,10.31,0.01,150,154650,买盘
1619,10:47:39,10.3,--,20,20600,卖盘
1620,10:47:36,10.3,-0.01,11,11330,卖盘
1621,10:47:30,10.31,--,56,57736,买盘
1622,10:47:27,10.31,0.01,10,10310,买盘
1623,10:47:24,10.3,-0.01,12,12360,卖盘
1624,10:47:15,10.31,0.01,19,19589,买盘
1625,10:47:12,10.3,-0.01,20,20600,卖盘
1626,10:47:09,10.31,0.01,69,71139,买盘
1627,10:47:06,10.3,-0.01,40,41200,卖盘
1628,10:47:03,10.31,--,39,40209,买盘
1629,10:47:00,10.31,--,37,38147,买盘
1630,10:46:57,10.31,--,36,37116,买盘
1631,10:46:54,10.31,0.01,126,129906,买盘
1632,10:46:51,10.3,--,668,688472,买盘
1633,10:46:48,10.3,--,21,21630,买盘
1634,10:46:42,10.3,--,18,18540,买盘
1635,10:46:39,10.3,--,78,80340,买盘
1636,10:46:33,10.3,0.01,107,110210,买盘
1637,10:46:30,10.29,-0.01,94,96725,卖盘
1638,10:46:27,10.3,--,84,86520,买盘
1639,10:46:21,10.3,--,78,80340,买盘
1640,10:46:18,10.3,--,107,110210,买盘
1641,10:46:12,10.3,--,72,74160,买盘
1642,10:46:09,10.3,-0.01,49,51067,卖盘
1643,10:46:06,10.31,0.01,117,120627,买盘
1644,10:46:03,10.3,--,94,97252,买盘
1645,10:46:00,10.3,0.01,81,83430,买盘
1646,10:45:57,10.29,-0.01,40,41160,卖盘
1647,10:45:54,10.3,--,494,508820,买盘
1648,10:45:51,10.3,--,18,18540,买盘
1649,10:45:48,10.3,--,150,154500,买盘
1650,10:45:45,10.3,--,50,51500,买盘
1651,10:45:39,10.3,--,10,10300,买盘
1652,10:45:33,10.3,--,16,16480,买盘
1653,10:45:30,10.3,--,4,4120,买盘
1654,10:45:27,10.3,--,21,21630,买盘
1655,10:45:24,10.3,0.01,10,10300,买盘
1656,10:45:21,10.29,-0.01,3,3086,卖盘
1657,10:45:18,10.3,--,18,18540,买盘
1658,10:45:15,10.3,--,68,70040,买盘
1659,10:45:12,10.3,--,1,1030,买盘
1660,10:45:09,10.3,--,50,51500,买盘
1661,10:45:06,10.3,--,66,67980,买盘
1662,10:45:03,10.3,--,112,115360,买盘
1663,10:44:54,10.3,--,23,23690,买盘
1664,10:44:45,10.3,--,10,10300,买盘
1665,10:44:27,10.3,0.01,5,5150,买盘
1666,10:44:18,10.29,-0.01,1,1029,卖盘
1667,10:44:15,10.3,--,17,17510,买盘
1668,10:44:12,10.3,--,83,85490,买盘
1669,10:44:09,10.3,--,203,209090,买盘
1670,10:44:03,10.3,--,18,18540,买盘
1671,10:43:57,10.3,--,1,1030,买盘
1672,10:43:54,10.3,--,1,1030,买盘
1673,10:43:51,10.3,--,16,16480,买盘
1674,10:43:48,10.3,0.01,22,22660,买盘
1675,10:43:33,10.29,-0.01,1,1029,卖盘
1676,10:43:30,10.3,--,256,263680,买盘
1677,10:43:27,10.3,0.01,11,11330,买盘
1678,10:43:21,10.29,-0.01,10,10290,卖盘
1679,10:43:12,10.3,0.01,3,3090,买盘
1680,10:43:06,10.29,--,7,7202,卖盘
1681,10:43:03,10.29,-0.01,1,1029,卖盘
1682,10:42:54,10.3,--,9,9270,买盘
1683,10:42:48,10.3,0.01,100,103000,买盘
1684,10:42:39,10.29,--,4,4116,卖盘
1685,10:42:33,10.29,-0.01,2,2058,卖盘
1686,10:42:21,10.3,--,26,26780,买盘
1687,10:42:18,10.3,--,100,103000,买盘
1688,10:42:15,10.3,0.01,3,3090,买盘
1689,10:42:03,10.29,-0.01,2,2058,卖盘
1690,10:42:00,10.3,--,32,32960,买盘
1691,10:41:57,10.3,--,30,30900,买盘
1692,10:41:45,10.3,0.01,2,2060,买盘
1693,10:41:42,10.29,--,29,30859,卖盘
1694,10:41:33,10.29,-0.01,2,2058,卖盘
1695,10:41:27,10.3,--,5,5150,买盘
1696,10:41:24,10.3,--,222,228660,买盘
1697,10:41:21,10.3,--,30,30900,买盘
1698,10:41:18,10.3,0.01,9,9270,买盘
1699,10:41:12,10.29,-0.01,2,2058,卖盘
1700,10:41:09,10.3,--,18,18540,买盘
1701,10:41:06,10.3,0.01,523,538690,买盘
1702,10:41:00,10.29,--,7,7202,卖盘
1703,10:40:57,10.29,-0.01,20,20580,卖盘
1704,10:40:54,10.3,--,1,1030,买盘
1705,10:40:51,10.3,--,71,73130,买盘
1706,10:40:48,10.3,--,39,40170,买盘
1707,10:40:45,10.3,--,76,78280,买盘
1708,10:40:42,10.3,--,240,247200,买盘
1709,10:40:39,10.3,--,31,31930,买盘
1710,10:40:33,10.3,0.01,3,3090,买盘
1711,10:40:30,10.29,--,43,44246,卖盘
1712,10:40:27,10.29,-0.01,29,30859,卖盘
1713,10:40:24,10.3,0.01,7,7210,买盘
1714,10:40:21,10.29,-0.01,101,103928,卖盘
1715,10:40:18,10.3,0.01,3,3090,买盘
1716,10:40:15,10.29,--,4,4116,卖盘
1717,10:40:00,10.29,-0.01,2,2058,卖盘
1718,10:39:45,10.3,0.01,5,5150,买盘
1719,10:39:42,10.29,-0.01,14,14405,卖盘
1720,10:39:39,10.3,0.01,109,112270,买盘
1721,10:39:36,10.29,--,1,1029,卖盘
1722,10:39:30,10.29,-0.01,22,22637,卖盘
1723,10:39:24,10.3,--,2,2060,买盘
1724,10:39:21,10.3,0.01,3,3090,买盘
1725,10:39:18,10.29,-0.01,4,4116,卖盘
1726,10:39:12,10.3,0.01,50,51500,买盘
1727,10:39:03,10.29,-0.01,7,7202,卖盘
1728,10:38:57,10.3,--,22,22660,买盘
1729,10:38:51,10.3,--,5,5150,买盘
1730,10:38:48,10.3,--,5,5150,买盘
1731,10:38:36,10.3,--,5,5150,买盘
1732,10:38:33,10.3,--,1,1030,买盘
1733,10:38:27,10.3,--,59,60770,买盘
1734,10:38:24,10.3,--,1732,1784928,卖盘
1735,10:38:18,10.3,--,4,4120,卖盘
1736,10:38:15,10.3,--,50,51500,卖盘
1737,10:38:06,10.3,--,2,2060,卖盘
1738,10:38:03,10.3,--,121,124630,卖盘
1739,10:38:00,10.3,--,2,2060,卖盘
1740,10:37:57,10.3,--,1,1030,卖盘
1741,10:37:36,10.3,-0.01,96,98880,卖盘
1742,10:37:30,10.31,0.01,38,39178,买盘
1743,10:37:27,10.3,-0.01,5,5150,卖盘
1744,10:37:24,10.31,0.01,2,2062,买盘
1745,10:37:15,10.3,-0.01,68,70040,卖盘
1746,10:37:12,10.31,--,14,14434,买盘
1747,10:37:00,10.31,--,98,101038,买盘
1748,10:36:57,10.31,--,300,309300,买盘
1749,10:36:54,10.31,--,56,57736,买盘
1750,10:36:30,10.31,--,23,23713,买盘
1751,10:36:24,10.31,--,35,36085,买盘
1752,10:36:21,10.31,--,106,109286,买盘
1753,10:36:18,10.31,-0.01,244,251564,卖盘
1754,10:36:03,10.32,0.01,238,245616,买盘
1755,10:35:57,10.31,0.01,2,2062,买盘
1756,10:35:54,10.3,-0.01,49,50470,卖盘
1757,10:35:51,10.31,-0.01,5,5155,卖盘
1758,10:35:48,10.32,--,76,78432,买盘
1759,10:35:42,10.32,0.02,462,476784,买盘
1760,10:35:36,10.3,-0.01,178,183340,卖盘
1761,10:35:33,10.31,--,13,13403,卖盘
1762,10:35:21,10.31,--,26,26806,买盘
1763,10:35:18,10.31,--,2,2062,买盘
1764,10:35:15,10.31,0.01,10,10310,买盘
1765,10:35:12,10.3,-0.01,1,1030,卖盘
1766,10:35:09,10.31,--,5,5155,买盘
1767,10:35:06,10.31,--,302,311362,买盘
1768,10:35:03,10.31,--,70,72170,买盘
1769,10:34:57,10.31,--,705,726855,买盘
1770,10:34:51,10.31,--,49,50519,买盘
1771,10:34:48,10.31,0.01,374,385594,买盘
1772,10:34:45,10.3,--,1771,1824130,卖盘
1773,10:34:42,10.3,--,7,7210,卖盘
1774,10:34:39,10.3,-0.01,54,55620,卖盘
1775,10:34:36,10.31,--,10,10310,买盘
1776,10:34:33,10.31,0.01,3,3093,买盘
1777,10:34:27,10.3,--,23,23690,卖盘
1778,10:34:24,10.3,-0.01,35,36050,卖盘
1779,10:34:21,10.31,0.01,10,10310,买盘
1780,10:34:18,10.3,-0.01,39,40170,卖盘
1781,10:34:12,10.31,--,174,179394,买盘
1782,10:34:06,10.31,--,4,4124,买盘
1783,10:33:54,10.31,0.01,10,10310,买盘
1784,10:33:39,10.3,-0.01,5,5150,卖盘
1785,10:33:36,10.31,--,18,18558,买盘
1786,10:33:33,10.31,--,656,676336,买盘
1787,10:33:27,10.31,--,165,170115,买盘
1788,10:33:24,10.31,--,18,18558,买盘
1789,10:33:18,10.31,0.01,9,9279,买盘
1790,10:33:12,10.3,-0.01,102,105060,卖盘
1791,10:33:06,10.31,--,12,12372,买盘
1792,10:33:03,10.31,--,41,42271,买盘
1793,10:33:00,10.31,0.01,4,4124,买盘
1794,10:32:57,10.3,-0.01,100,103000,卖盘
1795,10:32:54,10.31,--,54,55674,买盘
1796,10:32:51,10.31,--,16,16496,买盘
1797,10:32:39,10.31,--,21,21651,买盘
1798,10:32:33,10.31,--,28,28868,买盘
1799,10:32:30,10.31,0.01,18,18558,买盘
1800,10:32:24,10.3,-0.01,153,157590,卖盘
1801,10:32:21,10.31,--,2,2062,买盘
1802,10:32:15,10.31,--,12,12372,买盘
1803,10:32:12,10.31,--,10,10310,买盘
1804,10:32:03,10.31,--,83,85573,买盘
1805,10:31:54,10.31,0.01,19,19589,买盘
1806,10:31:51,10.3,--,112,115360,卖盘
1807,10:31:48,10.3,-0.01,6,6180,卖盘
1808,10:31:45,10.31,--,133,137123,买盘
1809,10:31:42,10.31,0.01,3,3093,买盘
1810,10:31:39,10.3,-0.01,117,120510,卖盘
1811,10:31:36,10.31,0.01,22,22682,买盘
1812,10:31:33,10.3,-0.01,2,2060,卖盘
1813,10:31:24,10.31,--,77,79387,买盘
1814,10:31:18,10.31,--,19,19589,买盘
1815,10:31:15,10.31,--,32,32992,买盘
1816,10:31:12,10.31,--,50,51550,买盘
1817,10:31:09,10.31,--,14,14434,买盘
1818,10:31:06,10.31,0.01,150,154650,买盘
1819,10:31:00,10.3,--,31,31930,卖盘
1820,10:30:54,10.3,-0.01,10,10300,卖盘
1821,10:30:48,10.31,--,20,20620,买盘
1822,10:30:45,10.31,0.01,3,3093,买盘
1823,10:30:42,10.3,--,4,4120,卖盘
1824,10:30:39,10.3,-0.01,96,98880,卖盘
1825,10:30:36,10.31,--,26,26806,买盘
1826,10:30:33,10.31,0.01,3,3093,买盘
1827,10:30:30,10.3,--,2,2060,卖盘
1828,10:30:27,10.3,-0.01,18,18540,卖盘
1829,10:30:24,10.31,--,19,19589,买盘
1830,10:30:21,10.31,0.01,1,1031,买盘
1831,10:30:18,10.3,-0.01,1,1030,卖盘
1832,10:30:15,10.31,--,38,39178,买盘
1833,10:30:12,10.31,0.01,43,44333,买盘
1834,10:30:09,10.3,--,12,12360,卖盘
1835,10:30:00,10.3,--,2,2060,卖盘
1836,10:29:57,10.3,--,4,4120,卖盘
1837,10:29:51,10.3,--,29,29870,卖盘
1838,10:29:48,10.3,--,33,33990,卖盘
1839,10:29:42,10.3,-0.01,28,28840,卖盘
1840,10:29:30,10.31,--,59,60829,买盘
1841,10:29:27,10.31,0.01,1,1031,买盘
1842,10:29:24,10.3,--,2,2060,卖盘
1843,10:29:15,10.3,-0.01,2,2060,卖盘
1844,10:29:12,10.31,--,100,103100,买盘
1845,10:29:09,10.31,--,23,23713,买盘
1846,10:28:54,10.31,0.01,20,20620,买盘
1847,10:28:51,10.3,-0.01,25,25750,卖盘
1848,10:28:48,10.31,0.01,2,2062,买盘
1849,10:28:33,10.3,-0.01,60,61800,卖盘
1850,10:28:21,10.31,--,2,2062,买盘
1851,10:28:15,10.31,0.01,103,106193,买盘
1852,10:28:09,10.3,--,25,25750,卖盘
1853,10:28:00,10.3,-0.01,5,5150,卖盘
1854,10:27:57,10.31,--,12,12372,买盘
1855,10:27:54,10.31,--,5,5155,买盘
1856,10:27:51,10.31,0.01,3,3093,买盘
1857,10:27:48,10.3,-0.01,2,2060,卖盘
1858,10:27:42,10.31,--,13,13403,买盘
1859,10:27:24,10.31,--,41,42271,买盘
1860,10:27:21,10.31,--,8,8248,买盘
1861,10:27:18,10.31,--,24,24744,买盘
1862,10:27:15,10.31,0.01,1,1031,买盘
1863,10:27:06,10.3,--,2,2060,卖盘
1864,10:27:00,10.3,-0.01,101,104030,卖盘
1865,10:26:54,10.31,0.01,11,11341,买盘
1866,10:26:51,10.3,--,3,3090,卖盘
1867,10:26:42,10.3,-0.01,50,51500,卖盘
1868,10:26:39,10.31,--,8,8248,买盘
1869,10:26:30,10.31,--,10,10310,买盘
1870,10:26:27,10.31,--,10,10310,买盘
1871,10:26:24,10.31,0.01,25,25775,买盘
1872,10:26:21,10.3,-0.01,1,1030,卖盘
1873,10:26:18,10.31,--,78,80418,买盘
1874,10:26:15,10.31,--,47,48457,买盘
1875,10:26:12,10.31,--,12,12372,买盘
1876,10:26:09,10.31,0.01,5,5155,买盘
1877,10:26:03,10.3,-0.01,651,670530,卖盘
1878,10:25:57,10.31,--,12,12372,买盘
1879,10:25:51,10.31,0.01,28,28868,买盘
1880,10:25:48,10.3,-0.01,7,7210,卖盘
1881,10:25:42,10.31,--,1,1031,买盘
1882,10:25:36,10.31,0.01,39,40209,买盘
1883,10:25:33,10.3,-0.01,119,122570,卖盘
1884,10:25:30,10.31,--,78,80418,买盘
1885,10:25:27,10.31,--,69,71139,买盘
1886,10:25:24,10.31,--,36,37116,买盘
1887,10:25:21,10.31,--,78,80418,买盘
1888,10:25:12,10.31,--,60,61860,买盘
1889,10:25:09,10.31,--,2,2062,买盘
1890,10:25:03,10.31,0.01,406,418586,买盘
1891,10:25:00,10.3,-0.01,615,633450,卖盘
1892,10:24:57,10.31,--,9,9279,卖盘
1893,10:24:54,10.31,--,11,11341,卖盘
1894,10:24:36,10.31,--,10,10310,卖盘
1895,10:24:30,10.31,-0.01,5,5155,卖盘
1896,10:24:27,10.32,0.01,138,142416,买盘
1897,10:24:24,10.31,--,1,1031,卖盘
1898,10:24:21,10.31,--,20,20620,卖盘
1899,10:24:18,10.31,-0.01,1,1031,卖盘
1900,10:24:06,10.32,0.01,10,10320,买盘
1901,10:24:03,10.31,--,19,19589,卖盘
1902,10:24:00,10.31,--,5,5155,卖盘
1903,10:23:57,10.31,--,2,2062,卖盘
1904,10:23:54,10.31,--,103,106193,卖盘
1905,10:23:48,10.31,--,60,61860,卖盘
1906,10:23:39,10.31,--,2,2062,卖盘
1907,10:23:36,10.31,--,58,59798,买盘
1908,10:23:30,10.31,--,10,10310,买盘
1909,10:23:24,10.31,--,20,20620,买盘
1910,10:23:21,10.31,--,34,35054,买盘
1911,10:23:18,10.31,--,59,60829,买盘
1912,10:23:15,10.31,--,20,20620,买盘
1913,10:23:06,10.31,--,28,28868,买盘
1914,10:23:03,10.31,0.01,35,36085,买盘
1915,10:23:00,10.3,-0.01,1,1030,卖盘
1916,10:22:57,10.31,--,24,24744,卖盘
1917,10:22:54,10.31,0.01,7,7217,卖盘
1918,10:22:48,10.3,-0.01,11,11330,卖盘
1919,10:22:45,10.31,--,1,1031,卖盘
1920,10:22:42,10.31,--,513,529191,买盘
1921,10:22:39,10.31,--,510,525810,买盘
1922,10:22:36,10.31,--,4,4124,买盘
1923,10:22:33,10.31,--,1,1031,买盘
1924,10:22:30,10.31,--,11,11341,买盘
1925,10:22:27,10.31,--,8,8248,买盘
1926,10:22:24,10.31,--,5,5155,买盘
1927,10:22:15,10.31,--,10,10310,买盘
1928,10:22:06,10.31,--,25,25775,买盘
1929,10:22:03,10.31,--,2,2062,买盘
1930,10:21:57,10.31,--,364,375284,买盘
1931,10:21:54,10.31,0.01,35,36085,买盘
1932,10:21:45,10.3,-0.01,2,2060,卖盘
1933,10:21:36,10.31,0.01,104,107224,买盘
1934,10:21:33,10.3,-0.01,1,1030,卖盘
1935,10:21:30,10.31,--,33,34023,买盘
1936,10:21:27,10.31,0.01,6,6186,买盘
1937,10:21:18,10.3,--,1112,1146163,买盘
1938,10:21:09,10.3,--,71,73130,买盘
1939,10:21:06,10.3,0.01,34,35020,买盘
1940,10:21:03,10.29,-0.01,12,12347,卖盘
1941,10:21:00,10.3,0.01,95,97850,买盘
1942,10:20:57,10.29,-0.01,9,9261,卖盘
1943,10:20:54,10.3,--,20,20600,买盘
1944,10:20:51,10.3,--,39,40170,买盘
1945,10:20:48,10.3,--,121,124630,买盘
1946,10:20:45,10.3,--,19,19570,买盘
1947,10:20:42,10.3,--,29,29870,买盘
1948,10:20:39,10.3,--,20,20600,买盘
1949,10:20:36,10.3,0.01,11,11330,买盘
1950,10:20:33,10.29,--,2,2058,卖盘
1951,10:20:27,10.29,-0.01,2,2058,卖盘
1952,10:20:24,10.3,0.01,78,80340,买盘
1953,10:20:15,10.29,-0.01,1,1029,卖盘
1954,10:20:12,10.3,--,4,4120,买盘
1955,10:20:09,10.3,0.01,79,81370,买盘
1956,10:20:03,10.29,-0.01,112,115247,卖盘
1957,10:20:00,10.3,--,25,25750,买盘
1958,10:19:57,10.3,0.01,606,624180,买盘
1959,10:19:54,10.29,-0.01,4,4116,卖盘
1960,10:19:51,10.3,--,233,239990,买盘
1961,10:19:45,10.3,0.01,13,13390,买盘
1962,10:19:36,10.29,--,12,12347,卖盘
1963,10:19:33,10.29,--,22,23193,卖盘
1964,10:19:30,10.29,-0.01,5,5145,卖盘
1965,10:19:27,10.3,0.01,1,1030,买盘
1966,10:19:24,10.29,--,325,334425,卖盘
1967,10:19:21,10.29,--,40,41160,卖盘
1968,10:19:18,10.29,--,11,11318,卖盘
1969,10:19:15,10.29,-0.01,13,13376,卖盘
1970,10:19:12,10.3,0.01,2,2060,买盘
1971,10:19:09,10.29,--,52,53507,卖盘
1972,10:19:03,10.29,--,36,37558,卖盘
1973,10:18:57,10.29,--,9,9261,卖盘
1974,10:18:54,10.29,--,27,27782,卖盘
1975,10:18:45,10.29,--,45,46304,卖盘
1976,10:18:39,10.29,--,3,3086,卖盘
1977,10:18:33,10.29,--,20,21094,卖盘
1978,10:18:30,10.29,-0.01,2,2058,卖盘
1979,10:18:27,10.3,--,13,13390,买盘
1980,10:18:24,10.3,0.01,16,16480,买盘
1981,10:18:21,10.29,-0.01,12,12347,卖盘
1982,10:18:18,10.3,0.01,4,4120,买盘
1983,10:18:09,10.29,--,3,3086,卖盘
1984,10:18:03,10.29,--,22,23152,卖盘
1985,10:18:00,10.29,--,45,46304,卖盘
1986,10:17:57,10.29,--,27,27782,卖盘
1987,10:17:33,10.29,-0.01,33,34471,卖盘
1988,10:17:30,10.3,--,35,36050,买盘
1989,10:17:24,10.3,--,2,2060,买盘
1990,10:17:21,10.3,0.01,2,2060,买盘
1991,10:17:18,10.29,-0.01,11,11318,卖盘
1992,10:17:15,10.3,--,22,22660,买盘
1993,10:17:12,10.3,0.01,10,10300,买盘
1994,10:17:03,10.29,--,33,34471,卖盘
1995,10:16:57,10.29,-0.01,9,9261,卖盘
1996,10:16:42,10.3,0.01,13,13390,买盘
1997,10:16:39,10.29,-0.01,20,20580,卖盘
1998,10:16:33,10.3,0.01,106,109180,买盘
1999,10:16:24,10.29,-0.01,23,23666,卖盘
2000,10:16:21,10.3,--,198,203940,买盘
2001,10:16:18,10.3,0.01,140,144200,买盘
2002,10:16:09,10.29,-0.01,58,59681,卖盘
2003,10:16:06,10.3,0.01,166,170980,买盘
2004,10:16:03,10.29,--,10,10290,卖盘
2005,10:16:00,10.29,--,7,7202,卖盘
2006,10:15:57,10.29,--,21,21609,卖盘
2007,10:15:48,10.29,-0.01,3,3086,卖盘
2008,10:15:27,10.3,--,78,80340,买盘
2009,10:15:24,10.3,--,106,109180,买盘
2010,10:15:18,10.3,--,18,18540,买盘
2011,10:15:12,10.3,--,10,10300,买盘
2012,10:15:06,10.3,0.01,1,1030,买盘
2013,10:15:00,10.29,--,58,59681,卖盘
2014,10:14:57,10.29,-0.01,9,9261,卖盘
2015,10:14:54,10.3,--,50,51500,买盘
2016,10:14:48,10.3,--,10,10300,买盘
2017,10:14:45,10.3,--,64,65920,买盘
2018,10:14:39,10.3,0.01,7,7210,买盘
2019,10:14:36,10.29,--,10,10290,卖盘
2020,10:14:33,10.29,--,9,9261,卖盘
2021,10:14:24,10.29,--,1,1029,卖盘
2022,10:14:15,10.29,--,9,9261,卖盘
2023,10:14:12,10.29,-0.01,77,79233,卖盘
2024,10:14:06,10.3,--,16,16480,买盘
2025,10:14:03,10.3,0.01,477,491310,买盘
2026,10:14:00,10.29,-0.01,10,10290,卖盘
2027,10:13:57,10.3,--,426,438780,买盘
2028,10:13:51,10.3,--,1,1030,买盘
2029,10:13:48,10.3,0.01,1,1030,买盘
2030,10:13:45,10.29,--,12,12347,卖盘
2031,10:13:33,10.29,-0.01,0,41,卖盘
2032,10:13:27,10.3,--,38,39140,买盘
2033,10:13:21,10.3,--,2,2060,买盘
2034,10:13:18,10.3,0.01,5,5150,买盘
2035,10:13:15,10.29,--,12,12347,卖盘
2036,10:13:12,10.29,--,41,42189,卖盘
2037,10:13:06,10.29,--,203,209669,卖盘
2038,10:13:03,10.29,-0.01,94,96725,卖盘
2039,10:12:57,10.3,--,30,30900,买盘
2040,10:12:51,10.3,--,500,515000,买盘
2041,10:12:48,10.3,0.01,5,5150,买盘
2042,10:12:39,10.29,-0.01,11,11318,卖盘
2043,10:12:30,10.3,--,12,12360,买盘
2044,10:12:27,10.3,--,2,2060,买盘
2045,10:12:24,10.3,--,38,39140,买盘
2046,10:12:21,10.3,--,1,1030,买盘
2047,10:12:15,10.3,--,4,4120,买盘
2048,10:12:12,10.3,0.01,10,10300,买盘
2049,10:12:09,10.29,-0.01,55,56594,卖盘
2050,10:12:03,10.3,-0.01,436,449080,卖盘
2051,10:11:57,10.31,0.02,19,19589,买盘
2052,10:11:54,10.29,-0.01,457,470252,卖盘
2053,10:11:48,10.3,--,247,254410,买盘
2054,10:11:45,10.3,0.01,426,438780,买盘
2055,10:11:39,10.29,-0.01,1,1029,卖盘
2056,10:11:36,10.3,--,2,2060,买盘
2057,10:11:33,10.3,--,11,11330,买盘
2058,10:11:30,10.3,--,21,21630,买盘
2059,10:11:27,10.3,0.01,1,1030,买盘
2060,10:11:21,10.29,--,2,2058,卖盘
2061,10:11:18,10.29,-0.01,10,10290,卖盘
2062,10:11:15,10.3,0.01,1400,1442000,买盘
2063,10:11:09,10.29,-0.01,1,1029,卖盘
2064,10:11:03,10.3,--,74,76220,买盘
2065,10:10:57,10.3,0.01,167,172010,买盘
2066,10:10:54,10.29,--,100,102899,卖盘
2067,10:10:51,10.29,-0.01,12,12347,卖盘
2068,10:10:42,10.3,0.01,32,32960,买盘
2069,10:10:39,10.29,-0.01,21,21609,卖盘
2070,10:10:36,10.3,--,50,51500,买盘
2071,10:10:21,10.3,--,49,50470,买盘
2072,10:10:18,10.3,0.01,69,71070,买盘
2073,10:10:09,10.29,-0.01,1,1029,卖盘
2074,10:10:03,10.3,0.01,46,47380,买盘
2075,10:10:00,10.29,-0.01,30,31652,卖盘
2076,10:09:54,10.3,0.01,3,3090,买盘
2077,10:09:45,10.29,-0.01,22,22637,卖盘
2078,10:09:42,10.3,0.01,167,172010,买盘
2079,10:09:39,10.29,-0.01,1,1029,卖盘
2080,10:09:36,10.3,0.01,49,50470,买盘
2081,10:09:33,10.29,-0.01,424,436295,卖盘
2082,10:09:30,10.3,0.01,5,5150,买盘
2083,10:09:27,10.29,-0.01,31,31898,卖盘
2084,10:09:18,10.3,0.01,90,92700,买盘
2085,10:09:15,10.29,--,7,7202,卖盘
2086,10:09:12,10.29,--,79,81291,卖盘
2087,10:09:09,10.29,-0.01,102,104957,卖盘
2088,10:09:06,10.3,--,639,658170,买盘
2089,10:09:03,10.3,--,22,22660,买盘
2090,10:08:57,10.3,--,240,247735,买盘
2091,10:08:54,10.3,--,30,30900,买盘
2092,10:08:48,10.3,--,1,1030,买盘
2093,10:08:42,10.3,--,691,711884,卖盘
2094,10:08:39,10.3,-0.01,1,1030,卖盘
2095,10:08:30,10.31,0.01,6,6186,买盘
2096,10:08:27,10.3,--,48,49440,卖盘
2097,10:08:24,10.3,--,61,63365,卖盘
2098,10:08:21,10.3,--,18,18540,卖盘
2099,10:08:18,10.3,--,2,2060,卖盘
2100,10:08:15,10.3,--,60,61800,卖盘
2101,10:08:09,10.3,--,22,22660,卖盘
2102,10:08:06,10.3,--,30,30900,卖盘
2103,10:08:03,10.3,-0.01,100,103000,卖盘
2104,10:08:00,10.31,0.01,103,106729,买盘
2105,10:07:54,10.3,--,200,206000,卖盘
2106,10:07:51,10.3,-0.01,49,50470,卖盘
2107,10:07:45,10.31,0.01,1,1031,买盘
2108,10:07:42,10.3,--,46,47380,卖盘
2109,10:07:39,10.3,--,20,20600,卖盘
2110,10:07:36,10.3,--,2,2060,卖盘
2111,10:07:33,10.3,-0.01,10,10300,卖盘
2112,10:07:30,10.31,0.01,47,48457,买盘
2113,10:07:27,10.3,-0.01,15,15450,卖盘
2114,10:07:24,10.31,0.01,4,4124,买盘
2115,10:07:21,10.3,--,11,11330,卖盘
2116,10:07:18,10.3,-0.01,11,11330,卖盘
2117,10:07:12,10.31,--,4,4124,买盘
2118,10:07:09,10.31,0.01,3,3093,买盘
2119,10:07:06,10.3,-0.01,13,13390,卖盘
2120,10:07:03,10.31,0.01,8,8248,买盘
2121,10:07:00,10.3,-0.01,100,103000,卖盘
2122,10:06:57,10.31,--,8,8248,买盘
2123,10:06:51,10.31,--,176,181456,买盘
2124,10:06:48,10.31,--,78,80418,买盘
2125,10:06:45,10.31,0.01,19,19589,买盘
2126,10:06:42,10.3,-0.01,22,22660,卖盘
2127,10:06:39,10.31,--,1,1031,买盘
2128,10:06:36,10.31,--,199,205169,买盘
2129,10:06:33,10.31,--,95,98460,买盘
2130,10:06:27,10.31,--,51,52581,买盘
2131,10:06:24,10.31,--,80,82480,买盘
2132,10:06:21,10.31,0.01,87,89697,买盘
2133,10:06:18,10.3,-0.01,24,24720,卖盘
2134,10:06:12,10.31,--,73,75263,买盘
2135,10:06:09,10.31,--,142,146402,买盘
2136,10:06:06,10.31,--,73,75263,买盘
2137,10:06:03,10.31,0.01,131,135463,买盘
2138,10:05:54,10.3,--,26,27727,买盘
2139,10:05:51,10.3,--,194,199820,买盘
2140,10:05:48,10.3,--,16,16480,买盘
2141,10:05:42,10.3,--,173,178190,买盘
2142,10:05:39,10.3,0.01,1,1030,买盘
2143,10:05:33,10.29,-0.01,93,96098,卖盘
2144,10:05:30,10.3,--,178,183340,买盘
2145,10:05:27,10.3,--,49,50470,买盘
2146,10:05:24,10.3,0.01,121,124630,买盘
2147,10:05:21,10.29,-0.01,108,111131,卖盘
2148,10:05:18,10.3,--,54,55620,买盘
2149,10:05:15,10.3,--,20,20600,买盘
2150,10:05:12,10.3,--,39,40170,买盘
2151,10:05:09,10.3,--,6,6180,买盘
2152,10:05:06,10.3,--,75,77250,买盘
2153,10:05:03,10.3,--,173,178972,买盘
2154,10:05:00,10.3,--,55,56650,买盘
2155,10:04:57,10.3,--,70,72100,买盘
2156,10:04:54,10.3,--,8,8240,买盘
2157,10:04:51,10.3,--,79,81370,买盘
2158,10:04:45,10.3,--,12,12360,买盘
2159,10:04:42,10.3,0.01,12,12360,买盘
2160,10:04:39,10.29,--,219,225350,卖盘
2161,10:04:30,10.29,--,74,76146,卖盘
2162,10:04:27,10.29,-0.01,63,64826,卖盘
2163,10:04:21,10.3,--,161,165830,买盘
2164,10:04:12,10.3,0.01,12,12360,买盘
2165,10:04:03,10.29,--,70,72030,卖盘
2166,10:03:57,10.29,--,10,10290,卖盘
2167,10:03:54,10.29,-0.01,38,39102,卖盘
2168,10:03:33,10.3,--,55,56650,买盘
2169,10:03:30,10.3,--,20,20600,买盘
2170,10:03:27,10.3,--,42,43260,买盘
2171,10:03:24,10.3,0.01,1,1030,买盘
2172,10:03:15,10.29,-0.01,50,51449,卖盘
2173,10:03:12,10.3,--,16,16480,买盘
2174,10:03:09,10.3,0.01,200,206000,买盘
2175,10:03:06,10.29,-0.01,530,545370,卖盘
2176,10:03:03,10.3,--,6,6180,买盘
2177,10:02:54,10.3,--,3,3090,买盘
2178,10:02:51,10.3,--,23,23690,买盘
2179,10:02:48,10.3,--,48,49440,买盘
2180,10:02:45,10.3,0.01,1,1030,买盘
2181,10:02:39,10.29,--,10,10290,卖盘
2182,10:02:33,10.29,-0.01,11,11318,卖盘
2183,10:02:30,10.3,--,103,106090,买盘
2184,10:02:27,10.3,0.01,8,8240,买盘
2185,10:02:24,10.29,--,22,22637,卖盘
2186,10:02:21,10.29,--,32,32928,卖盘
2187,10:02:15,10.29,--,559,575211,卖盘
2188,10:02:12,10.29,-0.01,13,13376,卖盘
2189,10:02:09,10.3,--,2,2060,买盘
2190,10:02:06,10.3,0.01,78,80340,买盘
2191,10:02:03,10.29,-0.01,110,113189,卖盘
2192,10:01:57,10.3,0.01,13,13390,买盘
2193,10:01:51,10.29,--,30,30869,卖盘
2194,10:01:48,10.29,--,5,5145,卖盘
2195,10:01:33,10.29,--,12,12347,卖盘
2196,10:01:30,10.29,--,20,20580,卖盘
2197,10:01:21,10.29,0.01,116,119363,买盘
2198,10:01:15,10.28,-0.01,62,63735,卖盘
2199,10:01:12,10.29,--,150,154350,买盘
2200,10:01:09,10.29,--,125,128624,买盘
2201,10:01:06,10.29,--,20,20580,买盘
2202,10:01:03,10.29,--,92,94667,买盘
2203,10:00:54,10.29,0.01,103,105986,买盘
2204,10:00:51,10.28,-0.01,55,56540,卖盘
2205,10:00:45,10.29,--,45,46304,买盘
2206,10:00:39,10.29,--,56,57623,买盘
2207,10:00:36,10.29,0.01,78,80262,买盘
2208,10:00:33,10.28,--,20,20560,卖盘
2209,10:00:30,10.28,-0.01,20,20560,卖盘
2210,10:00:27,10.29,0.01,20,20580,买盘
2211,10:00:24,10.28,-0.01,10,10280,卖盘
2212,10:00:21,10.29,0.01,38,39225,买盘
2213,10:00:18,10.28,-0.01,111,114108,卖盘
2214,10:00:15,10.29,--,39,40131,买盘
2215,10:00:12,10.29,--,22,22637,买盘
2216,10:00:09,10.29,0.01,76,78204,买盘
2217,10:00:06,10.28,--,20,20560,卖盘
2218,10:00:03,10.28,-0.01,1,1028,卖盘
2219,10:00:00,10.29,--,39,40131,买盘
2220,09:59:57,10.29,--,30,30869,买盘
2221,09:59:51,10.29,--,3,3086,买盘
2222,09:59:48,10.29,--,1,1029,买盘
2223,09:59:45,10.29,0.01,10,10290,买盘
2224,09:59:42,10.28,--,12,12336,卖盘
2225,09:59:36,10.28,--,2,2056,卖盘
2226,09:59:33,10.28,--,1,1028,卖盘
2227,09:59:30,10.28,-0.01,40,41120,卖盘
2228,09:59:27,10.29,--,12,12347,买盘
2229,09:59:21,10.29,--,114,117305,买盘
2230,09:59:18,10.29,0.01,10,10290,买盘
2231,09:59:06,10.28,-0.01,53,54484,卖盘
2232,09:59:03,10.29,--,22,22637,买盘
2233,09:58:51,10.29,--,18,18522,买盘
2234,09:58:45,10.29,--,16,16464,买盘
2235,09:58:36,10.29,0.01,18,18522,买盘
2236,09:58:33,10.28,-0.01,1,1028,卖盘
2237,09:58:21,10.29,--,6,6173,买盘
2238,09:58:15,10.29,--,2,2058,买盘
2239,09:58:12,10.29,0.01,12,12347,买盘
2240,09:58:09,10.28,-0.01,4,4112,卖盘
2241,09:58:06,10.29,0.01,5,5145,买盘
2242,09:58:03,10.28,--,1,1028,卖盘
2243,09:58:00,10.28,-0.01,2,2056,卖盘
2244,09:57:54,10.29,0.01,110,113189,买盘
2245,09:57:51,10.28,--,27,27756,卖盘
2246,09:57:33,10.28,--,388,398864,卖盘
2247,09:57:30,10.28,-0.01,20,20560,卖盘
2248,09:57:15,10.29,--,8,8232,买盘
2249,09:57:12,10.29,--,179,184190,买盘
2250,09:57:09,10.29,--,6,6173,买盘
2251,09:57:03,10.29,0.01,10,10290,买盘
2252,09:57:00,10.28,--,50,51400,卖盘
2253,09:56:33,10.28,--,212,217936,卖盘
2254,09:56:30,10.28,--,1,1028,卖盘
2255,09:56:24,10.28,0.01,8,8224,买盘
2256,09:56:21,10.27,-0.01,10,10270,卖盘
2257,09:56:18,10.28,0.01,43,44204,买盘
2258,09:56:15,10.27,-0.02,14,14378,卖盘
2259,09:56:03,10.29,0.01,19,19551,买盘
2260,09:55:54,10.28,--,944,970431,买盘
2261,09:55:51,10.28,--,35,35980,买盘
2262,09:55:48,10.28,0.01,75,77100,买盘
2263,09:55:45,10.27,-0.01,51,52377,卖盘
2264,09:55:42,10.28,--,45,46260,买盘
2265,09:55:39,10.28,0.01,45,46260,买盘
2266,09:55:36,10.27,-0.01,65,66755,卖盘
2267,09:55:33,10.28,--,78,80184,买盘
2268,09:55:30,10.28,0.01,78,80184,买盘
2269,09:55:27,10.27,--,20,20540,卖盘
2270,09:55:24,10.27,-0.01,94,96538,卖盘
2271,09:55:21,10.28,--,3,3084,买盘
2272,09:55:18,10.28,--,94,96632,买盘
2273,09:55:15,10.28,0.01,52,53456,买盘
2274,09:55:12,10.27,-0.01,173,177671,卖盘
2275,09:55:09,10.28,--,45,46260,买盘
2276,09:55:06,10.28,0.01,31,31867,买盘
2277,09:55:03,10.27,--,62,63674,卖盘
2278,09:55:00,10.27,-0.01,17,17459,卖盘
2279,09:54:51,10.28,--,38,39064,买盘
2280,09:54:39,10.28,--,45,46260,买盘
2281,09:54:36,10.28,0.01,3,3084,买盘
2282,09:54:33,10.27,-0.01,17,17459,卖盘
2283,09:54:27,10.28,--,20,20560,买盘
2284,09:54:21,10.28,0.01,30,30839,买盘
2285,09:54:18,10.27,-0.01,4,4108,卖盘
2286,09:54:15,10.28,--,45,46260,买盘
2287,09:54:09,10.28,--,1,1028,买盘
2288,09:54:06,10.28,0.01,16,16448,买盘
2289,09:54:03,10.27,-0.01,1,1027,卖盘
2290,09:54:00,10.28,--,2,2056,买盘
2291,09:53:57,10.28,0.01,5,5140,买盘
2292,09:53:39,10.27,-0.01,10,10270,卖盘
2293,09:53:06,10.28,0.01,10,10280,买盘
2294,09:52:57,10.27,--,17,17459,卖盘
2295,09:52:48,10.27,--,13,13351,卖盘
2296,09:52:45,10.27,-0.01,552,566904,卖盘
2297,09:52:33,10.28,0.01,6,6168,买盘
2298,09:52:24,10.27,--,13,13351,卖盘
2299,09:52:18,10.27,-0.01,173,177671,卖盘
2300,09:52:12,10.28,0.01,4,4112,买盘
2301,09:52:09,10.27,--,51,52377,卖盘
2302,09:52:06,10.27,--,14,14378,卖盘
2303,09:52:03,10.27,-0.01,101,103727,卖盘
2304,09:52:00,10.28,0.01,14,14392,买盘
2305,09:51:54,10.27,--,43,44161,卖盘
2306,09:51:48,10.27,-0.01,81,83187,卖盘
2307,09:51:45,10.28,0.01,38,39064,买盘
2308,09:51:42,10.27,--,116,119132,卖盘
2309,09:51:39,10.27,--,10,10270,卖盘
2310,09:51:36,10.27,--,4,4108,卖盘
2311,09:51:33,10.27,--,1,1027,卖盘
2312,09:51:30,10.27,-0.01,25,25675,卖盘
2313,09:51:27,10.28,0.01,32,32896,买盘
2314,09:51:12,10.27,--,82,84214,卖盘
2315,09:51:06,10.27,--,16,16432,卖盘
2316,09:51:03,10.27,--,1,1027,卖盘
2317,09:51:00,10.27,-0.01,88,90376,卖盘
2318,09:50:57,10.28,0.01,14,14392,买盘
2319,09:50:51,10.27,--,5,5135,卖盘
2320,09:50:45,10.27,--,53,54431,卖盘
2321,09:50:39,10.27,--,9,9243,卖盘
2322,09:50:30,10.27,--,42,43134,卖盘
2323,09:50:03,10.27,--,14,14378,卖盘
2324,09:50:00,10.27,--,1,1027,卖盘
2325,09:49:57,10.27,--,1,1027,卖盘
2326,09:49:39,10.27,-0.01,19,19513,卖盘
2327,09:49:36,10.28,0.01,10,10280,买盘
2328,09:49:33,10.27,--,55,56485,卖盘
2329,09:49:30,10.27,-0.01,22,22594,卖盘
2330,09:49:24,10.28,--,33,33924,买盘
2331,09:49:21,10.28,--,79,81212,买盘
2332,09:49:18,10.28,0.01,2,2056,买盘
2333,09:49:06,10.27,--,289,296803,卖盘
2334,09:49:03,10.27,--,6,6162,卖盘
2335,09:49:00,10.27,--,16,16432,卖盘
2336,09:48:54,10.27,-0.01,17,17459,卖盘
2337,09:48:48,10.28,--,144,148032,买盘
2338,09:48:45,10.28,--,50,51400,买盘
2339,09:48:36,10.28,0.01,32,32896,买盘
2340,09:48:30,10.27,--,1,1848,卖盘
2341,09:48:27,10.27,--,2,2054,卖盘
2342,09:48:24,10.27,--,84,86268,买盘
2343,09:48:21,10.27,--,1,1027,买盘
2344,09:48:15,10.27,--,123,126321,买盘
2345,09:48:09,10.27,-0.01,1086,1115322,卖盘
2346,09:48:03,10.28,0.01,58,59623,买盘
2347,09:48:00,10.27,-0.01,1,1027,卖盘
2348,09:47:57,10.28,0.01,15,15419,买盘
2349,09:47:51,10.27,-0.01,5,5135,卖盘
2350,09:47:39,10.28,0.01,48,49344,买盘
2351,09:47:36,10.27,--,3,3081,卖盘
2352,09:47:30,10.27,-0.01,8,8216,卖盘
2353,09:47:27,10.28,0.01,20,20560,买盘
2354,09:47:21,10.27,--,20,20540,卖盘
2355,09:47:09,10.27,--,42,43134,卖盘
2356,09:46:54,10.27,--,6,6162,卖盘
2357,09:46:48,10.27,-0.02,26,26702,卖盘
2358,09:46:45,10.29,--,44,45275,买盘
2359,09:46:42,10.29,--,6,6173,买盘
2360,09:46:39,10.29,0.01,9,9261,买盘
2361,09:46:36,10.28,0.01,32,32896,买盘
2362,09:46:33,10.27,-0.01,500,513500,卖盘
2363,09:46:30,10.28,--,107,109996,卖盘
2364,09:46:18,10.28,--,4,4112,中性盘
2365,09:46:15,10.28,--,1,1028,卖盘
2366,09:46:12,10.28,--,85,87380,买盘
2367,09:46:09,10.28,--,22,22616,卖盘
2368,09:46:06,10.28,0.01,61,62707,中性盘
2369,09:46:03,10.27,-0.01,207,212589,卖盘
2370,09:46:00,10.28,-0.01,30,30839,卖盘
2371,09:45:54,10.29,--,25,25724,买盘
2372,09:45:51,10.29,0.01,78,80262,买盘
2373,09:45:45,10.28,-0.01,30,30839,卖盘
2374,09:45:42,10.29,--,4,4116,买盘
2375,09:45:39,10.29,0.01,62,63797,买盘
2376,09:45:36,10.28,--,78,80184,卖盘
2377,09:45:33,10.28,-0.01,185,190180,卖盘
2378,09:45:30,10.29,0.01,59,60710,买盘
2379,09:45:24,10.28,-0.01,24,24672,卖盘
2380,09:45:21,10.29,0.01,50,51449,买盘
2381,09:45:15,10.28,-0.01,175,179900,卖盘
2382,09:45:12,10.29,--,77,79233,买盘
2383,09:45:06,10.29,--,2,2058,买盘
2384,09:45:03,10.29,0.01,4,4116,买盘
2385,09:44:57,10.28,-0.01,25,25700,卖盘
2386,09:44:54,10.29,--,42,43218,买盘
2387,09:44:51,10.29,0.01,5,5145,买盘
2388,09:44:48,10.28,--,12,12336,卖盘
2389,09:44:45,10.28,--,20,20560,卖盘
2390,09:44:36,10.28,-0.01,10,10280,卖盘
2391,09:44:33,10.29,--,117,120392,买盘
2392,09:44:21,10.29,--,10,10290,买盘
2393,09:44:18,10.29,--,12,12347,买盘
2394,09:44:12,10.29,0.01,85,87465,买盘
2395,09:44:09,10.28,--,22,22616,卖盘
2396,09:44:03,10.28,-0.01,134,137752,卖盘
2397,09:44:00,10.29,--,2,2058,买盘
2398,09:43:48,10.29,0.01,12,12347,买盘
2399,09:43:45,10.28,-0.01,160,164480,卖盘
2400,09:43:42,10.29,0.01,9,9261,买盘
2401,09:43:33,10.28,--,2,2056,卖盘
2402,09:43:30,10.28,0.01,7,7196,买盘
2403,09:43:27,10.27,-0.01,30,30810,卖盘
2404,09:43:24,10.28,-0.01,4,4112,卖盘
2405,09:43:21,10.29,--,185,190364,买盘
2406,09:43:15,10.29,0.01,103,105986,买盘
2407,09:43:12,10.28,-0.01,5,5140,卖盘
2408,09:43:09,10.29,0.01,67,68943,买盘
2409,09:43:06,10.28,--,20,20560,卖盘
2410,09:43:00,10.28,-0.01,2,2056,卖盘
2411,09:42:57,10.29,--,49,50420,买盘
2412,09:42:54,10.29,0.01,20,20580,买盘
2413,09:42:51,10.28,--,3,3084,买盘
2414,09:42:42,10.28,-0.01,58,59623,买盘
2415,09:42:33,10.29,0.02,2,2058,买盘
2416,09:42:30,10.27,-0.01,502,515554,卖盘
2417,09:42:27,10.28,--,18,18504,卖盘
2418,09:42:18,10.28,-0.01,128,131584,卖盘
2419,09:42:15,10.29,0.01,114,117305,买盘
2420,09:42:09,10.28,-0.01,7,7196,卖盘
2421,09:42:06,10.29,--,35,36015,买盘
2422,09:42:03,10.29,0.01,18,18522,买盘
2423,09:42:00,10.28,-0.01,2,2056,卖盘
2424,09:41:57,10.29,--,22,22637,买盘
2425,09:41:48,10.29,0.01,50,51449,买盘
2426,09:41:45,10.28,-0.01,1000,1027999,卖盘
2427,09:41:42,10.29,0.01,13,13376,买盘
2428,09:41:36,10.28,--,18,18504,卖盘
2429,09:41:30,10.28,--,2,2056,卖盘
2430,09:41:27,10.28,--,9,9252,卖盘
2431,09:41:21,10.28,--,18,18504,卖盘
2432,09:41:15,10.28,0.01,29,29811,买盘
2433,09:41:12,10.27,--,320,328640,卖盘
2434,09:41:09,10.27,-0.01,5,5135,卖盘
2435,09:41:06,10.28,--,50,51400,买盘
2436,09:41:03,10.28,0.01,5,5140,买盘
2437,09:41:00,10.27,-0.01,2,2054,卖盘
2438,09:40:57,10.28,--,1,1028,买盘
2439,09:40:54,10.28,--,6,6168,买盘
2440,09:40:51,10.28,--,86,88408,买盘
2441,09:40:48,10.28,--,32,32896,买盘
2442,09:40:45,10.28,0.01,94,96632,买盘
2443,09:40:36,10.27,-0.01,2,2054,卖盘
2444,09:40:33,10.28,--,45,46260,买盘
2445,09:40:30,10.28,--,5,5140,买盘
2446,09:40:18,10.28,--,36,37008,卖盘
2447,09:40:15,10.28,--,140,143920,卖盘
2448,09:40:06,10.28,--,325,334100,卖盘
2449,09:40:03,10.28,--,129,132612,卖盘
2450,09:40:00,10.28,--,2,2056,卖盘
2451,09:39:57,10.28,--,3,3084,卖盘
2452,09:39:54,10.28,-0.01,200,205600,卖盘
2453,09:39:51,10.29,0.01,195,200654,买盘
2454,09:39:45,10.28,-0.01,16,16448,卖盘
2455,09:39:42,10.29,0.01,53,54536,买盘
2456,09:39:39,10.28,-0.01,4223,4341244,卖盘
2457,09:39:36,10.29,--,12,12347,买盘
2458,09:39:30,10.29,--,10,10290,买盘
2459,09:39:27,10.29,--,16,16464,买盘
2460,09:39:24,10.29,--,7,7202,买盘
2461,09:39:21,10.29,--,16,16464,买盘
2462,09:39:12,10.29,0.01,11,11318,买盘
2463,09:39:06,10.28,--,11,11308,卖盘
2464,09:39:03,10.28,--,20,20560,卖盘
2465,09:38:54,10.28,--,39,40780,买盘
2466,09:38:51,10.28,--,15,15419,买盘
2467,09:38:48,10.28,--,50,51400,买盘
2468,09:38:45,10.28,--,6,6168,买盘
2469,09:38:42,10.28,--,70,71960,买盘
2470,09:38:39,10.28,--,93,95604,买盘
2471,09:38:33,10.28,--,50,51400,买盘
2472,09:38:30,10.28,--,10,10280,买盘
2473,09:38:27,10.28,0.01,49,50372,买盘
2474,09:38:24,10.27,--,10,10270,卖盘
2475,09:38:21,10.27,--,20,20540,卖盘
2476,09:38:18,10.27,-0.01,175,179725,卖盘
2477,09:38:15,10.28,--,73,75044,买盘
2478,09:38:12,10.28,--,25,25700,买盘
2479,09:38:06,10.28,--,13,13364,买盘
2480,09:38:00,10.28,--,50,51400,买盘
2481,09:37:57,10.28,--,3,3084,买盘
2482,09:37:54,10.28,0.01,40,41120,买盘
2483,09:37:51,10.27,-0.01,25,25675,卖盘
2484,09:37:48,10.28,--,60,61679,买盘
2485,09:37:45,10.28,--,15,15419,买盘
2486,09:37:42,10.28,0.01,28,28784,买盘
2487,09:37:39,10.27,-0.01,29,29783,卖盘
2488,09:37:36,10.28,--,30,30839,买盘
2489,09:37:30,10.28,--,82,84296,买盘
2490,09:37:24,10.28,--,56,57568,买盘
2491,09:37:21,10.28,--,1,1028,买盘
2492,09:37:18,10.28,--,2,2056,买盘
2493,09:37:15,10.28,--,10,10280,买盘
2494,09:37:12,10.28,0.01,16,16448,买盘
2495,09:37:09,10.27,--,161,165347,卖盘
2496,09:37:03,10.27,--,50,51350,卖盘
2497,09:36:57,10.27,--,18,19133,买盘
2498,09:36:54,10.27,--,269,276263,买盘
2499,09:36:51,10.27,--,20,20540,买盘
2500,09:36:48,10.27,--,6,6162,买盘
2501,09:36:45,10.27,--,10,10270,买盘
2502,09:36:39,10.27,--,8,8216,买盘
2503,09:36:36,10.27,0.01,2,2054,买盘
2504,09:36:33,10.26,-0.01,230,235980,卖盘
2505,09:36:30,10.27,--,55,56485,买盘
2506,09:36:27,10.27,-0.01,640,657280,卖盘
2507,09:36:24,10.28,--,51,52428,买盘
2508,09:36:21,10.28,--,10,10280,买盘
2509,09:36:18,10.28,--,27,27756,买盘
2510,09:36:12,10.28,0.01,6,6168,买盘
2511,09:36:09,10.27,--,19,19513,卖盘
2512,09:36:06,10.27,0.01,30,30810,中性盘
2513,09:35:51,10.26,-0.01,237,243162,卖盘
2514,09:35:48,10.27,--,5,5135,卖盘
2515,09:35:45,10.27,--,10,10270,买盘
2516,09:35:42,10.27,0.01,80,82160,买盘
2517,09:35:36,10.26,--,10,10260,卖盘
2518,09:35:30,10.26,--,93,95418,卖盘
2519,09:35:27,10.26,-0.01,218,223668,卖盘
2520,09:35:24,10.27,--,1,1027,买盘
2521,09:35:21,10.27,0.01,155,159185,买盘
2522,09:35:18,10.26,-0.01,201,206226,卖盘
2523,09:35:15,10.27,0.01,1,1027,买盘
2524,09:35:09,10.26,-0.01,10,10260,卖盘
2525,09:35:00,10.27,0.01,284,291668,买盘
2526,09:34:54,10.26,--,3,3078,买盘
2527,09:34:48,10.26,--,20,20520,买盘
2528,09:34:45,10.26,0.01,200,205200,买盘
2529,09:34:42,10.25,-0.01,1,1025,卖盘
2530,09:34:36,10.26,--,40,41040,买盘
2531,09:34:33,10.26,0.01,22,22572,买盘
2532,09:34:30,10.25,-0.01,129,132225,卖盘
2533,09:34:27,10.26,--,10,10260,买盘
2534,09:34:24,10.26,0.01,14,14364,买盘
2535,09:34:21,10.25,--,99,101475,卖盘
2536,09:34:18,10.25,-0.01,11,11275,卖盘
2537,09:34:15,10.26,--,4,4104,买盘
2538,09:34:09,10.26,--,14,14364,买盘
2539,09:34:06,10.26,0.01,20,20520,买盘
2540,09:34:03,10.25,--,17,17425,卖盘
2541,09:33:57,10.25,-0.01,60,61500,卖盘
2542,09:33:54,10.26,--,13,13338,买盘
2543,09:33:51,10.26,--,30,30780,买盘
2544,09:33:42,10.26,--,117,120042,买盘
2545,09:33:36,10.26,0.01,20,20520,买盘
2546,09:33:33,10.25,-0.01,17,17425,卖盘
2547,09:33:27,10.26,0.01,18,18468,买盘
2548,09:33:24,10.25,-0.01,15,15375,卖盘
2549,09:33:21,10.26,0.01,9,9234,买盘
2550,09:33:15,10.25,--,12,12300,卖盘
2551,09:33:12,10.25,--,10,10250,卖盘
2552,09:33:06,10.25,--,100,102500,卖盘
2553,09:33:03,10.25,--,14,14350,卖盘
2554,09:33:00,10.25,--,15,15375,卖盘
2555,09:32:54,10.25,-0.01,20,20500,卖盘
2556,09:32:51,10.26,--,58,59508,买盘
2557,09:32:48,10.26,--,1,1026,买盘
2558,09:32:45,10.26,--,20,20520,买盘
2559,09:32:42,10.26,--,4,4104,买盘
2560,09:32:39,10.26,--,150,153900,卖盘
2561,09:32:36,10.26,-0.01,20,20520,卖盘
2562,09:32:33,10.27,--,5,5135,买盘
2563,09:32:30,10.27,0.01,359,368693,买盘
2564,09:32:27,10.26,--,21,21546,买盘
2565,09:32:24,10.26,0.01,53,54378,买盘
2566,09:32:21,10.25,-0.01,1044,1070100,卖盘
2567,09:32:18,10.26,--,500,513000,卖盘
2568,09:32:09,10.26,-0.02,354,363204,卖盘
2569,09:32:06,10.28,0.02,355,364940,买盘
2570,09:32:03,10.26,-0.01,3,3078,卖盘
2571,09:32:00,10.27,0.01,3,3081,买盘
2572,09:31:57,10.26,-0.01,58,59508,卖盘
2573,09:31:51,10.27,--,32,32864,卖盘
2574,09:31:42,10.27,0.01,2,2054,中性盘
2575,09:31:33,10.26,-0.02,4,4104,卖盘
2576,09:31:27,10.28,0.02,210,215880,买盘
2577,09:31:21,10.26,--,10,10260,卖盘
2578,09:31:18,10.26,--,6,6156,卖盘
2579,09:31:15,10.26,-0.02,7,7182,卖盘
2580,09:31:12,10.28,0.02,284,291952,买盘
2581,09:31:09,10.26,--,10,10260,买盘
2582,09:31:06,10.26,0.01,10,10260,买盘
2583,09:31:03,10.25,-0.02,3,3075,卖盘
2584,09:31:00,10.27,0.02,382,392314,买盘
2585,09:30:57,10.25,-0.01,400,410000,卖盘
2586,09:30:51,10.26,-0.01,10,10260,卖盘
2587,09:30:48,10.27,0.01,190,195130,买盘
2588,09:30:45,10.26,--,10,10260,卖盘
2589,09:30:39,10.26,--,5,5130,卖盘
2590,09:30:36,10.26,0.01,17,17442,买盘
2591,09:30:33,10.25,--,10,10250,卖盘
2592,09:30:30,10.25,-0.01,93,95325,卖盘
2593,09:30:24,10.26,--,1,1026,买盘
2594,09:30:21,10.26,--,138,141588,卖盘
2595,09:30:18,10.26,-0.01,5,5130,卖盘
2596,09:30:15,10.27,0.01,189,194103,买盘
2597,09:30:09,10.26,--,168,172368,买盘
2598,09:30:06,10.26,--,76,77976,买盘
2599,09:30:03,10.26,-0.01,1107,1135782,卖盘
2600,09:30:00,10.27,--,0,0,买盘
2601,09:25:03,10.27,10.27,652,669604,买盘
