,time,price,change,volume,amount,type
0,15:00:03,20.97,-0.01,517,1085176,卖盘
1,14:57:00,20.98,--,0,0,买盘
2,14:56:57,20.98,--,1,2098,买盘
3,14:56:54,20.98,--,5,10490,买盘
4,14:56:51,20.98,0.01,5,10490,买盘
5,14:56:48,20.97,--,3,6291,卖盘
6,14:56:45,20.97,-0.01,9,18873,卖盘
7,14:56:42,20.98,0.01,44,92312,买盘
8,14:56:39,20.97,--,63,132111,卖盘
9,14:56:36,20.97,-0.01,60,125820,卖盘
10,14:56:33,20.98,--,30,62940,买盘
11,14:56:30,20.98,0.01,13,27274,买盘
12,14:56:24,20.97,-0.01,6,12582,卖盘
13,14:56:21,20.98,0.01,20,41960,买盘
14,14:56:18,20.97,--,3,6291,卖盘
15,14:56:15,20.97,-0.01,15,31455,卖盘
16,14:56:12,20.98,0.01,46,96508,买盘
17,14:56:06,20.97,--,11,23067,卖盘
18,14:56:03,20.97,--,12,25164,卖盘
19,14:56:00,20.97,--,21,44037,卖盘
20,14:55:57,20.97,--,5,10485,卖盘
21,14:55:54,20.97,--,5,10485,卖盘
22,14:55:51,20.97,-0.01,30,62910,卖盘
23,14:55:45,20.98,0.01,36,75528,买盘
24,14:55:42,20.97,-0.01,6,12582,卖盘
25,14:55:33,20.98,0.01,20,41960,买盘
26,14:55:30,20.97,--,69,144693,卖盘
27,14:55:27,20.97,--,42,88074,卖盘
28,14:55:24,20.97,-0.01,25,52425,卖盘
29,14:55:18,20.98,--,50,104900,买盘
30,14:55:15,20.98,0.01,5,10490,买盘
31,14:55:12,20.97,--,16,33552,卖盘
32,14:55:09,20.97,-0.01,23,48231,卖盘
33,14:55:03,20.98,0.01,2,4196,买盘
34,14:55:00,20.97,-0.01,17,35649,卖盘
35,14:54:57,20.98,0.01,9,18882,买盘
36,14:54:45,20.97,-0.01,23,48231,卖盘
37,14:54:42,20.98,--,5,10490,买盘
38,14:54:39,20.98,--,1,2098,买盘
39,14:54:36,20.98,--,19,39862,买盘
40,14:54:33,20.98,--,7,14686,买盘
41,14:54:21,20.98,--,15,31470,买盘
42,14:54:18,20.98,-0.01,42,88116,卖盘
43,14:54:15,20.99,0.01,1,2099,买盘
44,14:54:09,20.98,--,12,25176,卖盘
45,14:54:03,20.98,--,21,44058,买盘
46,14:54:00,20.98,0.01,11,23078,买盘
47,14:53:57,20.97,-0.01,18,37746,卖盘
48,14:53:45,20.98,0.01,3,6294,买盘
49,14:53:42,20.97,--,22,46134,买盘
50,14:53:39,20.97,0.01,1,2097,买盘
51,14:53:27,20.96,--,25,52400,卖盘
52,14:53:21,20.96,0.01,14,31230,买盘
53,14:53:18,20.95,--,15,31425,卖盘
54,14:53:15,20.95,--,15,31425,卖盘
55,14:53:12,20.95,--,8,16760,卖盘
56,14:53:09,20.95,--,71,149122,买盘
57,14:53:06,20.95,--,11,23045,买盘
58,14:53:03,20.95,--,72,150840,买盘
59,14:53:00,20.95,--,7,14665,买盘
60,14:52:57,20.95,--,3,6285,买盘
61,14:52:54,20.95,--,1,2095,买盘
62,14:52:51,20.95,--,46,97040,卖盘
63,14:52:45,20.95,-0.01,13,27235,卖盘
64,14:52:42,20.96,0.01,9,18864,买盘
65,14:52:39,20.95,--,37,77515,卖盘
66,14:52:36,20.95,--,20,41900,卖盘
67,14:52:33,20.95,--,15,31425,卖盘
68,14:52:30,20.95,--,6,12570,卖盘
69,14:52:27,20.95,--,11,23045,卖盘
70,14:52:24,20.95,-0.01,12,25140,卖盘
71,14:52:21,20.96,--,1,2096,买盘
72,14:52:15,20.96,--,2,4192,买盘
73,14:52:12,20.96,--,26,54705,卖盘
74,14:52:09,20.96,-0.02,10,20960,卖盘
75,14:51:57,20.98,--,23,50142,买盘
76,14:51:54,20.98,0.03,10,20980,买盘
77,14:51:51,20.95,-0.02,200,419000,卖盘
78,14:51:45,20.97,-0.01,5,10485,卖盘
79,14:51:39,20.98,--,1,3965,买盘
80,14:51:36,20.98,0.01,20,41960,买盘
81,14:51:30,20.97,-0.01,55,115335,卖盘
82,14:51:27,20.98,--,9,18882,买盘
83,14:51:24,20.98,0.01,2,4196,买盘
84,14:51:18,20.97,--,7,14679,卖盘
85,14:51:15,20.97,-0.01,1,3753,卖盘
86,14:51:12,20.98,-0.01,5,10490,卖盘
87,14:51:09,20.99,0.01,3,6296,买盘
88,14:51:06,20.98,0.01,10,20980,中性盘
89,14:51:03,20.97,-0.01,21,44037,卖盘
90,14:51:00,20.98,--,13,27274,卖盘
91,14:50:57,20.98,-0.02,31,65038,卖盘
92,14:50:54,21.0,0.02,23,48300,买盘
93,14:50:51,20.98,--,20,41960,卖盘
94,14:50:48,20.98,-0.01,8,16784,卖盘
95,14:50:42,20.99,-0.01,1,2099,中性盘
96,14:50:36,21.0,0.01,5,10500,买盘
97,14:50:33,20.99,-0.01,217,456742,卖盘
98,14:50:30,21.0,--,10,21000,卖盘
99,14:50:27,21.0,--,8,16800,卖盘
100,14:50:24,21.0,--,17,35700,卖盘
101,14:50:21,21.0,--,118,247800,卖盘
102,14:50:18,21.0,--,10,21000,卖盘
103,14:50:15,21.0,-0.01,423,888300,卖盘
104,14:50:12,21.01,--,3,6303,卖盘
105,14:50:09,21.01,-0.01,10,21010,卖盘
106,14:50:03,21.02,0.01,11,23122,买盘
107,14:49:57,21.01,-0.01,10,21010,卖盘
108,14:49:54,21.02,0.01,15,31530,买盘
109,14:49:45,21.01,-0.01,2,4202,卖盘
110,14:49:39,21.02,0.01,31,65162,买盘
111,14:49:30,21.01,--,29,60929,卖盘
112,14:49:27,21.01,--,10,21010,卖盘
113,14:49:24,21.01,-0.01,6,12606,卖盘
114,14:49:09,21.02,--,2,4204,买盘
115,14:49:06,21.02,--,66,139068,卖盘
116,14:49:03,21.02,--,40,84080,卖盘
117,14:48:51,21.02,-0.01,8,16816,卖盘
118,14:48:48,21.03,0.01,15,31545,买盘
119,14:48:36,21.02,--,14,29428,卖盘
120,14:48:30,21.02,--,10,21020,卖盘
121,14:48:27,21.02,-0.01,15,31530,卖盘
122,14:48:24,21.03,--,13,27339,买盘
123,14:48:21,21.03,0.01,5,10515,买盘
124,14:48:18,21.02,-0.01,19,39938,卖盘
125,14:48:15,21.03,0.01,3,6309,买盘
126,14:48:12,21.02,--,15,31530,卖盘
127,14:47:57,21.02,-0.01,5,10510,卖盘
128,14:47:54,21.03,--,5,10515,卖盘
129,14:47:51,21.03,-0.02,2,4206,卖盘
130,14:47:45,21.05,0.02,14,29470,买盘
131,14:47:42,21.03,--,7,14721,卖盘
132,14:47:36,21.03,--,11,23133,卖盘
133,14:47:30,21.03,--,33,69399,卖盘
134,14:47:27,21.03,0.01,11,23133,中性盘
135,14:47:24,21.02,--,4,8408,卖盘
136,14:47:21,21.02,--,4,8408,卖盘
137,14:47:12,21.02,--,6,12612,卖盘
138,14:47:09,21.02,-0.02,25,52550,卖盘
139,14:47:00,21.04,0.01,3,6312,买盘
140,14:46:54,21.03,--,0,1766,买盘
141,14:46:51,21.03,--,11,23469,卖盘
142,14:46:45,21.03,--,1,2103,卖盘
143,14:46:42,21.03,--,214,451808,买盘
144,14:46:39,21.03,0.01,1,2103,买盘
145,14:46:33,21.02,-0.01,28,58856,卖盘
146,14:46:30,21.03,0.01,1,2103,买盘
147,14:46:27,21.02,-0.01,5,10510,卖盘
148,14:46:24,21.03,0.01,17,35751,买盘
149,14:46:18,21.02,--,10,21020,卖盘
150,14:46:15,21.02,-0.01,3,6306,卖盘
151,14:46:12,21.03,-0.01,8,16824,卖盘
152,14:46:06,21.04,0.01,23,48392,买盘
153,14:46:00,21.03,-0.01,10,21030,卖盘
154,14:45:57,21.04,--,7,14728,卖盘
155,14:45:48,21.04,--,9,18936,卖盘
156,14:45:45,21.04,--,3,6312,卖盘
157,14:45:42,21.04,--,2,4208,卖盘
158,14:45:39,21.04,--,6,12624,买盘
159,14:45:33,21.04,0.01,17,35768,买盘
160,14:45:30,21.03,-0.01,10,21030,卖盘
161,14:45:15,21.04,--,20,42080,卖盘
162,14:45:06,21.04,--,6,12624,卖盘
163,14:44:57,21.04,-0.02,141,296664,卖盘
164,14:44:51,21.06,0.01,10,21060,买盘
165,14:44:48,21.05,-0.01,27,56835,卖盘
166,14:44:27,21.06,-0.01,8,18111,卖盘
167,14:44:18,21.07,0.01,44,92708,买盘
168,14:44:12,21.06,--,11,23166,卖盘
169,14:44:09,21.06,-0.01,5,10530,卖盘
170,14:44:06,21.07,0.01,3,6321,买盘
171,14:43:57,21.06,-0.01,2,4212,卖盘
172,14:43:54,21.07,-0.01,4,8428,中性盘
173,14:43:51,21.08,--,1,2108,买盘
174,14:43:42,21.08,0.02,1,2108,买盘
175,14:43:36,21.06,--,5,10530,卖盘
176,14:43:30,21.06,-0.02,5,10530,卖盘
177,14:43:21,21.08,0.02,2,4216,买盘
178,14:43:18,21.06,-0.01,60,126359,卖盘
179,14:43:12,21.07,-0.01,20,42140,卖盘
180,14:43:06,21.08,0.01,1,2108,买盘
181,14:42:48,21.07,--,88,185416,买盘
182,14:42:45,21.07,--,20,42140,买盘
183,14:42:30,21.07,--,6,12642,买盘
184,14:42:27,21.07,-0.02,43,90601,卖盘
185,14:42:24,21.09,--,1,2109,买盘
186,14:42:21,21.09,0.02,3,6327,买盘
187,14:42:06,21.07,--,1,2107,卖盘
188,14:41:51,21.07,-0.03,8,16856,卖盘
189,14:41:48,21.1,--,30,63300,买盘
190,14:41:42,21.1,0.03,4,8440,买盘
191,14:41:30,21.07,--,77,162239,买盘
192,14:41:12,21.07,--,1,2107,买盘
193,14:41:09,21.07,--,1,2107,买盘
194,14:41:06,21.07,--,2,4214,买盘
195,14:41:03,21.07,--,6,12642,买盘
196,14:40:57,21.07,--,2,4214,买盘
197,14:40:48,21.07,--,1,2107,买盘
198,14:40:45,21.07,--,1,2107,买盘
199,14:40:39,21.07,--,20,42140,买盘
200,14:40:36,21.07,0.01,7,14749,买盘
201,14:40:33,21.06,-0.01,6,12636,卖盘
202,14:40:24,21.07,--,17,35819,买盘
203,14:40:18,21.07,--,3,6321,买盘
204,14:40:15,21.07,--,10,21070,买盘
205,14:40:12,21.07,0.01,13,27391,买盘
206,14:40:09,21.06,-0.01,49,104036,卖盘
207,14:40:06,21.07,--,35,73745,买盘
208,14:39:54,21.07,0.01,1,2107,买盘
209,14:39:39,21.06,--,3,6318,卖盘
210,14:39:36,21.06,0.01,13,27378,买盘
211,14:39:24,21.05,--,2,4210,卖盘
212,14:39:21,21.05,--,67,141035,买盘
213,14:39:18,21.05,--,69,145245,买盘
214,14:39:06,21.05,0.01,45,94725,买盘
215,14:39:00,21.04,0.01,17,35768,买盘
216,14:38:57,21.03,-0.01,25,52575,卖盘
217,14:38:54,21.04,--,3,6312,买盘
218,14:38:51,21.04,--,68,143072,买盘
219,14:38:39,21.04,--,20,42080,买盘
220,14:38:33,21.04,0.01,35,73640,买盘
221,14:38:30,21.03,-0.01,10,21030,卖盘
222,14:38:24,21.04,--,2,4208,买盘
223,14:38:21,21.04,--,12,25248,买盘
224,14:38:12,21.04,0.01,25,52600,买盘
225,14:38:06,21.03,--,1,2103,卖盘
226,14:38:03,21.03,--,1,2103,卖盘
227,14:38:00,21.03,--,10,21030,卖盘
228,14:37:54,21.03,-0.01,6,12618,卖盘
229,14:37:51,21.04,0.01,9,18936,买盘
230,14:37:33,21.03,-0.01,10,21030,卖盘
231,14:37:30,21.04,0.01,8,16832,买盘
232,14:37:27,21.03,--,1,2103,卖盘
233,14:37:18,21.03,--,2,4206,卖盘
234,14:37:15,21.03,0.01,3,6309,买盘
235,14:37:12,21.02,-0.01,15,31530,卖盘
236,14:37:09,21.03,0.01,14,29442,买盘
237,14:36:57,21.02,--,10,21020,卖盘
238,14:36:51,21.02,--,44,92488,买盘
239,14:36:48,21.02,0.01,5,10510,买盘
240,14:36:45,21.01,--,50,105050,卖盘
241,14:36:39,21.01,--,5,10505,卖盘
242,14:36:33,21.01,--,50,105050,卖盘
243,14:36:27,21.01,--,2,4202,卖盘
244,14:36:21,21.01,-0.01,5,10505,卖盘
245,14:36:18,21.02,--,25,52550,买盘
246,14:36:00,21.02,-0.01,10,21020,卖盘
247,14:35:57,21.03,--,1,2103,买盘
248,14:35:36,21.03,0.02,1,2103,买盘
249,14:35:30,21.01,-0.01,20,42020,卖盘
250,14:35:24,21.02,--,6,12612,买盘
251,14:35:15,21.02,0.01,9,18918,买盘
252,14:35:12,21.01,-0.01,3,6303,卖盘
253,14:35:03,21.02,--,6,12612,买盘
254,14:34:57,21.02,--,2,4204,买盘
255,14:34:54,21.02,0.01,6,12612,买盘
256,14:34:51,21.01,-0.01,2,4202,卖盘
257,14:34:42,21.02,--,14,29428,买盘
258,14:34:39,21.02,0.01,1,2102,买盘
259,14:34:36,21.01,-0.01,1,2101,卖盘
260,14:34:30,21.02,--,14,29428,卖盘
261,14:34:27,21.02,-0.02,5,10510,卖盘
262,14:34:24,21.04,0.03,1,2104,买盘
263,14:34:15,21.01,-0.03,1,2101,卖盘
264,14:33:57,21.04,0.03,1,2104,买盘
265,14:33:54,21.01,--,1,2101,卖盘
266,14:33:48,21.01,-0.01,3,6303,卖盘
267,14:33:42,21.02,--,6,12612,买盘
268,14:33:39,21.02,--,64,134528,买盘
269,14:33:36,21.02,--,5,10510,买盘
270,14:33:27,21.02,--,4,8408,买盘
271,14:33:21,21.02,--,9,18918,卖盘
272,14:33:15,21.02,-0.03,12,25224,卖盘
273,14:33:06,21.05,--,2,4210,买盘
274,14:33:03,21.05,0.01,2,4210,买盘
275,14:33:00,21.04,-0.01,10,21040,卖盘
276,14:32:57,21.05,--,19,39995,买盘
277,14:32:51,21.05,0.01,3,6315,买盘
278,14:32:48,21.04,--,5,10520,卖盘
279,14:32:42,21.04,-0.01,18,37872,卖盘
280,14:32:21,21.05,--,2,4210,买盘
281,14:32:18,21.05,0.01,1,2105,买盘
282,14:32:15,21.04,--,53,111512,卖盘
283,14:32:12,21.04,-0.01,10,21040,卖盘
284,14:32:00,21.05,--,4,8420,买盘
285,14:31:51,21.05,--,10,21050,买盘
286,14:31:39,21.05,0.01,25,52625,买盘
287,14:31:36,21.04,--,1,2104,卖盘
288,14:31:33,21.04,--,5,10520,卖盘
289,14:31:27,21.04,-0.01,11,23144,卖盘
290,14:31:15,21.05,--,11,23155,买盘
291,14:31:12,21.05,--,10,21050,买盘
292,14:31:06,21.05,--,60,126300,卖盘
293,14:30:54,21.05,-0.01,5,10525,卖盘
294,14:30:51,21.06,--,4,8424,买盘
295,14:30:48,21.06,--,15,31589,买盘
296,14:30:42,21.06,--,11,23166,买盘
297,14:30:33,21.06,--,14,29484,买盘
298,14:30:27,21.06,-0.01,61,128465,卖盘
299,14:30:24,21.07,0.01,1,2107,中性盘
300,14:29:45,21.06,-0.03,1,2106,卖盘
301,14:28:54,21.09,-0.01,2,4218,中性盘
302,14:28:21,21.1,-0.01,18,37980,卖盘
303,14:28:00,21.11,--,1,2111,卖盘
304,14:27:57,21.11,--,5,10555,卖盘
305,14:27:54,21.11,--,10,21110,卖盘
306,14:27:48,21.11,--,50,105550,卖盘
307,14:27:33,21.11,--,43,90773,买盘
308,14:27:30,21.11,0.01,3,6333,买盘
309,14:27:12,21.1,0.05,3,6330,卖盘
310,14:27:06,21.05,-0.04,105,221025,卖盘
311,14:27:03,21.09,-0.03,5,10545,卖盘
312,14:26:45,21.12,0.03,124,261888,买盘
313,14:26:36,21.09,--,5,10545,买盘
314,14:26:33,21.09,--,16,33744,买盘
315,14:26:30,21.09,--,27,56943,买盘
316,14:26:12,21.09,-0.02,17,35853,卖盘
317,14:26:00,21.11,0.02,20,42220,买盘
318,14:25:54,21.09,-0.02,3,6327,卖盘
319,14:25:51,21.11,0.03,64,135104,买盘
320,14:25:21,21.08,--,1,2108,卖盘
321,14:25:18,21.08,-0.03,49,103291,卖盘
322,14:25:06,21.11,0.03,3,6333,买盘
323,14:24:57,21.08,-0.01,37,77996,卖盘
324,14:24:42,21.09,--,11,23220,买盘
325,14:24:39,21.09,0.01,30,63270,买盘
326,14:24:24,21.08,--,1,2108,卖盘
327,14:24:18,21.08,0.01,23,48483,买盘
328,14:24:15,21.07,-0.01,15,31605,卖盘
329,14:23:57,21.08,--,10,21080,买盘
330,14:23:39,21.08,--,32,67456,买盘
331,14:23:36,21.08,--,4,8432,卖盘
332,14:23:30,21.08,--,10,21080,卖盘
333,14:23:09,21.08,0.02,6,12647,买盘
334,14:23:03,21.06,-0.01,10,21060,卖盘
335,14:22:57,21.07,-0.01,5,10535,中性盘
336,14:22:54,21.08,0.01,10,21080,买盘
337,14:22:42,21.07,-0.01,17,35819,卖盘
338,14:22:39,21.08,0.01,10,21080,中性盘
339,14:22:30,21.07,--,4,8428,买盘
340,14:22:18,21.07,--,12,25284,卖盘
341,14:22:03,21.07,0.01,16,33712,卖盘
342,14:21:54,21.06,--,3,6318,卖盘
343,14:21:48,21.06,--,10,21060,卖盘
344,14:21:39,21.06,-0.03,9,18954,卖盘
345,14:21:30,21.09,0.03,11,23199,买盘
346,14:21:27,21.06,-0.01,5,10530,卖盘
347,14:21:21,21.07,-0.02,5,10535,中性盘
348,14:20:54,21.09,-0.03,51,109646,卖盘
349,14:20:45,21.12,-0.02,8,16917,中性盘
350,14:20:33,21.14,0.03,21,44394,买盘
351,14:20:27,21.11,-0.02,1,2111,卖盘
352,14:20:21,21.13,0.07,212,447956,买盘
353,14:20:18,21.06,-0.05,2,4212,卖盘
354,14:20:06,21.11,0.02,205,432755,买盘
355,14:19:57,21.09,--,2,4218,买盘
356,14:19:42,21.09,0.03,5,10545,买盘
357,14:19:33,21.06,-0.03,4,8424,卖盘
358,14:19:30,21.09,0.02,20,42180,买盘
359,14:19:27,21.07,--,10,21070,卖盘
360,14:19:15,21.07,--,1,2107,卖盘
361,14:19:12,21.07,-0.03,1,2107,卖盘
362,14:19:06,21.1,0.03,9,18990,买盘
363,14:18:57,21.07,-0.03,2,4214,卖盘
364,14:18:36,21.1,--,2,4220,买盘
365,14:18:30,21.1,--,19,40090,卖盘
366,14:18:24,21.1,--,2,4220,卖盘
367,14:18:21,21.1,-0.01,4,8440,卖盘
368,14:18:12,21.11,--,1,2111,买盘
369,14:18:06,21.11,--,78,164658,卖盘
370,14:18:00,21.11,-0.01,10,21110,卖盘
371,14:17:57,21.12,--,4,8448,买盘
372,14:17:45,21.12,0.01,8,16896,买盘
373,14:17:42,21.11,0.03,60,126660,买盘
374,14:17:39,21.08,--,3,6323,买盘
375,14:17:36,21.08,0.01,36,75888,买盘
376,14:17:33,21.07,-0.01,1,2107,卖盘
377,14:17:27,21.08,--,4,8432,买盘
378,14:17:24,21.08,0.02,8,16864,买盘
379,14:17:21,21.06,--,20,42120,卖盘
380,14:17:18,21.06,-0.02,10,21060,卖盘
381,14:17:15,21.08,0.02,1,2108,买盘
382,14:17:12,21.06,0.02,44,93611,买盘
383,14:17:00,21.04,0.03,3,7364,买盘
384,14:16:54,21.01,-0.01,30,63030,卖盘
385,14:16:48,21.02,0.01,1,2102,买盘
386,14:16:45,21.01,0.01,25,52525,买盘
387,14:16:42,21.0,-0.01,28,58800,卖盘
388,14:16:39,21.01,--,7,14707,买盘
389,14:16:36,21.01,--,46,96646,买盘
390,14:16:33,21.01,--,14,29414,买盘
391,14:16:30,21.01,--,19,39919,买盘
392,14:16:27,21.01,--,21,44121,买盘
393,14:16:21,21.01,--,25,52525,买盘
394,14:16:18,21.01,0.01,4,8404,买盘
395,14:16:15,21.0,-0.01,10,21000,卖盘
396,14:16:12,21.01,--,10,21010,买盘
397,14:16:09,21.01,0.01,3,6303,买盘
398,14:16:06,21.0,-0.01,40,84000,卖盘
399,14:16:00,21.01,--,4,8404,买盘
400,14:15:57,21.01,--,2,4202,买盘
401,14:15:54,21.01,--,9,18909,买盘
402,14:15:51,21.01,0.01,1,2101,买盘
403,14:15:45,21.0,--,30,63000,卖盘
404,14:15:42,21.0,-0.01,4,8400,卖盘
405,14:15:39,21.01,0.01,4,8404,买盘
406,14:15:36,21.0,-0.01,8,16800,卖盘
407,14:15:33,21.01,--,5,10505,买盘
408,14:15:30,21.01,--,3,6303,买盘
409,14:15:27,21.01,--,5,10505,买盘
410,14:15:24,21.01,0.01,3,6303,买盘
411,14:15:21,21.0,--,10,21000,卖盘
412,14:15:18,21.0,-0.01,1,2100,卖盘
413,14:15:09,21.01,0.01,12,25212,中性盘
414,14:15:03,21.0,-0.03,5,10500,卖盘
415,14:15:00,21.03,0.02,98,206094,买盘
416,14:14:57,21.01,0.01,27,56727,中性盘
417,14:14:45,21.0,--,20,42000,卖盘
418,14:14:42,21.0,-0.01,120,252000,卖盘
419,14:14:36,21.01,0.01,3,6303,中性盘
420,14:14:33,21.0,--,6,12600,卖盘
421,14:14:27,21.0,-0.01,90,189000,卖盘
422,14:14:24,21.01,--,3,7143,买盘
423,14:14:21,21.01,0.01,10,21010,买盘
424,14:14:15,21.0,-0.01,8,16800,卖盘
425,14:14:06,21.01,0.01,1,2101,买盘
426,14:14:03,21.0,-0.01,86,181860,卖盘
427,14:13:54,21.01,--,1,2101,卖盘
428,14:13:42,21.01,--,0,840,买盘
429,14:13:39,21.01,--,4,8404,买盘
430,14:13:36,21.01,-0.02,105,221865,卖盘
431,14:13:33,21.03,--,3,6309,卖盘
432,14:13:30,21.03,--,20,42060,卖盘
433,14:13:27,21.03,--,3,6309,卖盘
434,14:13:24,21.03,0.02,20,42060,中性盘
435,14:13:18,21.01,--,54,113454,卖盘
436,14:13:15,21.01,--,12,25212,卖盘
437,14:13:12,21.01,--,15,31515,卖盘
438,14:13:06,21.01,--,84,176484,卖盘
439,14:12:54,21.01,-0.03,204,429444,卖盘
440,14:12:39,21.04,-0.01,104,220267,卖盘
441,14:12:36,21.05,--,4,8420,卖盘
442,14:12:33,21.05,--,0,652,卖盘
443,14:12:30,21.05,--,10,21050,卖盘
444,14:12:27,21.05,-0.02,54,113670,卖盘
445,14:12:24,21.07,0.01,45,94815,买盘
446,14:12:18,21.06,--,1,3790,卖盘
447,14:12:15,21.06,--,19,40014,卖盘
448,14:12:12,21.06,--,0,421,卖盘
449,14:12:03,21.06,--,3,6381,卖盘
450,14:12:00,21.06,--,10,21060,卖盘
451,14:11:54,21.06,--,83,175366,卖盘
452,14:11:45,21.06,--,5,12614,卖盘
453,14:11:42,21.06,--,37,78280,卖盘
454,14:11:39,21.06,--,110,231660,卖盘
455,14:11:36,21.06,--,2,4212,卖盘
456,14:11:33,21.06,-0.01,41,87399,卖盘
457,14:11:30,21.07,--,11,23177,买盘
458,14:11:27,21.07,0.01,5,10535,买盘
459,14:11:24,21.06,--,18,39655,卖盘
460,14:11:21,21.06,-0.01,5,10530,卖盘
461,14:11:18,21.07,-0.01,18,37926,中性盘
462,14:11:06,21.08,0.01,24,51983,买盘
463,14:11:03,21.07,--,13,27391,卖盘
464,14:10:45,21.07,-0.01,20,42498,卖盘
465,14:10:42,21.08,0.01,8,17327,中性盘
466,14:10:36,21.07,-0.02,11,23893,卖盘
467,14:10:33,21.09,0.02,23,49962,买盘
468,14:10:30,21.07,--,5,10535,卖盘
469,14:10:27,21.07,--,13,27391,卖盘
470,14:10:24,21.07,--,6,12642,卖盘
471,14:10:21,21.07,--,6,12894,卖盘
472,14:10:18,21.07,--,5,10535,卖盘
473,14:10:12,21.07,--,4,9355,卖盘
474,14:10:03,21.07,--,5,12262,卖盘
475,14:09:54,21.07,--,8,18646,卖盘
476,14:09:51,21.07,--,1,3455,卖盘
477,14:09:48,21.07,--,10,21070,卖盘
478,14:09:42,21.07,--,21,44247,卖盘
479,14:09:33,21.07,-0.02,2,4319,卖盘
480,14:09:30,21.09,--,18,37962,买盘
481,14:09:27,21.09,0.01,9,18981,买盘
482,14:09:24,21.08,--,14,31071,卖盘
483,14:09:21,21.08,-0.01,2,4764,卖盘
484,14:09:12,21.09,--,35,74173,卖盘
485,14:09:06,21.09,--,1,2109,卖盘
486,14:09:03,21.09,-0.03,13,28703,卖盘
487,14:08:57,21.12,0.03,135,285120,买盘
488,14:08:51,21.09,--,7,15226,卖盘
489,14:08:45,21.09,0.02,20,42180,买盘
490,14:08:42,21.07,--,14,30425,卖盘
491,14:08:33,21.07,0.01,17,35882,中性盘
492,14:08:24,21.06,-0.01,11,24935,卖盘
493,14:08:21,21.07,--,9,20416,买盘
494,14:08:18,21.07,--,23,48461,买盘
495,14:08:15,21.07,--,10,21070,买盘
496,14:08:12,21.07,0.01,1,2107,中性盘
497,14:08:09,21.06,-0.01,11,23166,卖盘
498,14:08:03,21.07,0.01,19,40601,买盘
499,14:08:00,21.06,--,1,2106,卖盘
500,14:07:57,21.06,--,5,10530,卖盘
501,14:07:54,21.06,--,45,95106,卖盘
502,14:07:51,21.06,-0.01,6,13752,卖盘
503,14:07:48,21.07,--,9,18963,买盘
504,14:07:45,21.07,0.01,3,6321,中性盘
505,14:07:39,21.06,--,15,31589,卖盘
506,14:07:33,21.06,-0.01,28,59768,卖盘
507,14:07:30,21.07,0.01,17,37736,买盘
508,14:07:24,21.06,-0.01,20,44099,卖盘
509,14:07:21,21.07,--,6,12642,买盘
510,14:07:18,21.07,0.01,7,14749,买盘
511,14:07:15,21.06,--,22,48037,卖盘
512,14:07:12,21.06,-0.01,16,35591,卖盘
513,14:07:09,21.07,--,1,2107,买盘
514,14:07:06,21.07,-0.01,3,6321,中性盘
515,14:07:00,21.08,0.01,33,69564,买盘
516,14:06:57,21.07,--,3,7205,卖盘
517,14:06:54,21.07,--,3,7395,卖盘
518,14:06:51,21.07,-0.01,32,68035,卖盘
519,14:06:48,21.08,--,14,29511,买盘
520,14:06:42,21.08,--,1,2108,买盘
521,14:06:39,21.08,-0.01,2,4279,卖盘
522,14:06:36,21.09,-0.01,4,8436,中性盘
523,14:06:27,21.1,0.01,180,379800,买盘
524,14:06:24,21.09,--,5,10545,卖盘
525,14:06:15,21.09,--,1,2109,卖盘
526,14:06:03,21.09,-0.01,15,33722,卖盘
527,14:05:45,21.1,--,31,67477,买盘
528,14:05:33,21.1,--,19,42115,卖盘
529,14:05:24,21.1,--,28,60282,卖盘
530,14:05:18,21.1,--,35,73850,卖盘
531,14:05:12,21.1,--,34,72035,卖盘
532,14:05:06,21.1,--,23,48530,卖盘
533,14:05:03,21.1,-0.01,21,44900,卖盘
534,14:05:00,21.11,0.01,9,18999,买盘
535,14:04:57,21.1,--,10,21100,卖盘
536,14:04:54,21.1,-0.01,42,89780,卖盘
537,14:04:42,21.11,--,35,74096,卖盘
538,14:04:39,21.11,-0.01,30,63330,卖盘
539,14:04:36,21.12,0.01,20,42240,买盘
540,14:04:33,21.11,--,12,26387,卖盘
541,14:04:24,21.11,-0.01,33,70950,卖盘
542,14:04:21,21.12,--,10,21120,买盘
543,14:04:15,21.12,0.01,15,31680,买盘
544,14:04:12,21.11,-0.01,22,46906,卖盘
545,14:04:06,21.12,--,1,2112,买盘
546,14:04:03,21.12,0.01,11,24288,买盘
547,14:04:00,21.11,-0.01,1,2111,卖盘
548,14:03:57,21.12,--,8,16896,买盘
549,14:03:54,21.12,0.01,23,50561,买盘
550,14:03:51,21.11,-0.01,3,6333,卖盘
551,14:03:33,21.12,0.01,37,80002,买盘
552,14:03:21,21.11,-0.01,5,12138,卖盘
553,14:03:18,21.12,--,16,33792,买盘
554,14:03:15,21.12,0.01,50,105600,买盘
555,14:03:12,21.11,-0.01,0,1055,卖盘
556,14:03:09,21.12,--,5,10560,买盘
557,14:03:00,21.12,--,1,2112,买盘
558,14:02:54,21.12,-0.01,6,13728,卖盘
559,14:02:51,21.13,0.01,4,8452,买盘
560,14:02:48,21.12,--,20,42240,卖盘
561,14:02:45,21.12,-0.01,2,4224,卖盘
562,14:02:42,21.13,--,15,32751,买盘
563,14:02:36,21.13,0.01,10,21130,买盘
564,14:02:33,21.12,-0.01,4,8448,卖盘
565,14:02:27,21.13,--,1,2113,买盘
566,14:02:24,21.13,--,16,33808,买盘
567,14:02:15,21.13,--,8,16904,买盘
568,14:02:09,21.13,0.01,13,27469,买盘
569,14:02:06,21.12,-0.01,10,21120,卖盘
570,14:02:03,21.13,--,10,21130,买盘
571,14:02:00,21.13,--,1,2113,买盘
572,14:01:57,21.13,0.01,9,19017,买盘
573,14:01:51,21.12,--,9,19008,卖盘
574,14:01:42,21.12,-0.01,9,19008,卖盘
575,14:01:33,21.13,--,15,31695,买盘
576,14:01:24,21.13,--,11,23243,买盘
577,14:01:09,21.13,--,6,12678,买盘
578,14:01:06,21.13,--,1,2113,买盘
579,14:01:00,21.13,0.01,24,50712,买盘
580,14:00:57,21.12,--,2,4224,买盘
581,14:00:51,21.12,--,55,116160,买盘
582,14:00:42,21.12,0.01,7,14784,买盘
583,14:00:39,21.11,--,6,12666,卖盘
584,14:00:36,21.11,--,2,4222,卖盘
585,14:00:33,21.11,--,3,6333,卖盘
586,14:00:18,21.11,--,51,107661,买盘
587,14:00:15,21.11,--,2,4222,买盘
588,14:00:09,21.11,0.01,3,6333,中性盘
589,13:59:48,21.1,-0.01,6,12660,卖盘
590,13:59:45,21.11,--,20,42220,卖盘
591,13:59:42,21.11,--,11,23221,卖盘
592,13:59:36,21.11,--,3,6333,卖盘
593,13:59:27,21.11,--,1,3166,买盘
594,13:59:21,21.11,--,2,5277,卖盘
595,13:59:18,21.11,--,50,105550,卖盘
596,13:59:09,21.11,--,20,42220,卖盘
597,13:59:00,21.11,-0.01,21,45386,卖盘
598,13:58:57,21.12,0.01,4,8448,买盘
599,13:58:54,21.11,-0.01,35,73885,卖盘
600,13:58:42,21.12,0.01,1,2112,买盘
601,13:58:39,21.11,--,15,31665,卖盘
602,13:58:36,21.11,--,2,4222,卖盘
603,13:58:33,21.11,--,38,80218,卖盘
604,13:58:24,21.11,--,4,8444,卖盘
605,13:58:21,21.11,-0.01,13,27443,卖盘
606,13:58:18,21.12,0.01,16,33792,买盘
607,13:58:15,21.11,--,5,10555,卖盘
608,13:58:12,21.11,--,25,52775,卖盘
609,13:58:09,21.11,--,20,42220,卖盘
610,13:58:03,21.11,--,5,10555,卖盘
611,13:58:00,21.11,--,11,23221,卖盘
612,13:57:51,21.11,--,100,211100,卖盘
613,13:57:48,21.11,--,20,42220,卖盘
614,13:57:39,21.11,--,14,29554,卖盘
615,13:57:36,21.11,--,108,227988,卖盘
616,13:57:33,21.11,-0.01,5,10555,卖盘
617,13:57:24,21.12,0.01,4,8448,中性盘
618,13:57:06,21.11,-0.02,22,46442,卖盘
619,13:57:00,21.13,0.01,2,4226,买盘
620,13:56:57,21.12,--,20,42240,卖盘
621,13:56:51,21.12,-0.01,7,14784,卖盘
622,13:56:33,21.13,--,25,53881,卖盘
623,13:56:27,21.13,--,2,4226,卖盘
624,13:56:24,21.13,--,5,10565,卖盘
625,13:56:15,21.13,--,5,10565,卖盘
626,13:56:12,21.13,--,1,2113,卖盘
627,13:56:09,21.13,--,5,10565,卖盘
628,13:56:06,21.13,--,1,2113,卖盘
629,13:56:00,21.13,0.01,3,6339,卖盘
630,13:55:57,21.12,--,18,39072,买盘
631,13:55:54,21.12,--,12,25344,买盘
632,13:55:51,21.12,--,10,21120,买盘
633,13:55:48,21.12,-0.03,35,74976,卖盘
634,13:55:36,21.15,0.02,2,4230,买盘
635,13:55:00,21.13,--,29,61277,卖盘
636,13:54:54,21.13,0.01,20,42260,卖盘
637,13:54:33,21.12,-0.01,20,42240,卖盘
638,13:54:30,21.13,--,4,9508,买盘
639,13:54:24,21.13,--,11,23243,买盘
640,13:54:21,21.13,0.01,3,6339,买盘
641,13:54:18,21.12,-0.01,7,14784,卖盘
642,13:54:09,21.13,--,64,135232,买盘
643,13:53:57,21.13,-0.01,61,129949,卖盘
644,13:53:51,21.14,0.01,26,56021,买盘
645,13:53:48,21.13,--,2,4226,卖盘
646,13:53:45,21.13,-0.01,30,63390,卖盘
647,13:53:42,21.14,0.01,100,211400,买盘
648,13:53:33,21.13,-0.01,30,63390,卖盘
649,13:53:24,21.14,--,4,8456,买盘
650,13:53:18,21.14,0.01,5,10570,卖盘
651,13:53:15,21.13,--,6,12678,卖盘
652,13:53:12,21.13,-0.01,34,71842,卖盘
653,13:53:06,21.14,0.01,3,6342,买盘
654,13:53:00,21.13,-0.01,10,21130,卖盘
655,13:52:57,21.14,0.01,9,19026,买盘
656,13:52:51,21.13,-0.01,6,12678,卖盘
657,13:52:33,21.14,--,10,21140,卖盘
658,13:52:30,21.14,--,7,14798,卖盘
659,13:52:27,21.14,--,6,12684,卖盘
660,13:52:24,21.14,-0.01,2,4228,卖盘
661,13:52:21,21.15,0.01,58,122669,买盘
662,13:52:18,21.14,--,31,65534,卖盘
663,13:52:09,21.14,--,7,14798,卖盘
664,13:52:06,21.14,--,3,6342,卖盘
665,13:52:03,21.14,--,31,65534,卖盘
666,13:51:57,21.14,--,18,38052,卖盘
667,13:51:54,21.14,--,25,52850,卖盘
668,13:51:51,21.14,--,1,2114,卖盘
669,13:51:48,21.14,--,1,2114,卖盘
670,13:51:42,21.14,--,15,31710,卖盘
671,13:51:39,21.14,--,2,4228,卖盘
672,13:51:33,21.14,--,8,16912,卖盘
673,13:51:27,21.14,--,20,42280,卖盘
674,13:51:15,21.14,-0.01,40,84560,卖盘
675,13:51:03,21.15,--,4,8460,卖盘
676,13:51:00,21.15,--,16,33840,卖盘
677,13:50:57,21.15,--,17,35955,卖盘
678,13:50:54,21.15,--,40,84600,卖盘
679,13:50:51,21.15,--,3,6345,卖盘
680,13:50:48,21.15,--,9,19035,卖盘
681,13:50:45,21.15,--,19,40185,卖盘
682,13:50:42,21.15,-0.01,5,10575,卖盘
683,13:50:27,21.16,-0.01,29,61364,卖盘
684,13:50:21,21.17,0.01,10,21170,中性盘
685,13:50:15,21.16,--,49,103684,卖盘
686,13:50:12,21.16,--,15,31740,卖盘
687,13:50:09,21.16,-0.01,2,4232,卖盘
688,13:50:00,21.17,--,48,101616,卖盘
689,13:49:57,21.17,-0.01,1,2117,卖盘
690,13:49:51,21.18,--,5,10590,卖盘
691,13:49:45,21.18,-0.01,5,10590,卖盘
692,13:49:42,21.19,0.01,2,4238,买盘
693,13:49:36,21.18,--,1,2118,卖盘
694,13:49:33,21.18,--,10,21180,卖盘
695,13:49:27,21.18,--,1,2118,卖盘
696,13:49:24,21.18,--,8,16944,卖盘
697,13:49:18,21.18,--,11,23298,卖盘
698,13:48:57,21.18,--,10,21180,卖盘
699,13:48:54,21.18,--,1,2118,卖盘
700,13:48:48,21.18,--,4,8472,卖盘
701,13:48:36,21.18,0.01,2,4236,买盘
702,13:48:33,21.17,-0.01,30,63510,卖盘
703,13:48:24,21.18,0.01,4,8472,买盘
704,13:48:18,21.17,-0.01,8,16936,卖盘
705,13:48:09,21.18,--,17,36006,买盘
706,13:48:03,21.18,--,2,4236,买盘
707,13:48:00,21.18,-0.01,20,42360,卖盘
708,13:47:57,21.19,-0.01,8,16952,卖盘
709,13:47:54,21.2,--,5,10600,买盘
710,13:47:39,21.2,--,18,38160,买盘
711,13:47:36,21.2,--,5,10600,买盘
712,13:47:30,21.2,0.02,10,21200,买盘
713,13:47:27,21.18,-0.02,16,33888,卖盘
714,13:47:06,21.2,0.01,23,48760,买盘
715,13:47:00,21.19,--,5,10595,买盘
716,13:46:51,21.19,-0.01,3,7183,卖盘
717,13:46:39,21.2,--,1,2120,买盘
718,13:46:15,21.2,--,2,4240,买盘
719,13:46:09,21.2,0.01,4,8480,买盘
720,13:46:00,21.19,--,1,2119,卖盘
721,13:45:57,21.19,--,3,6357,卖盘
722,13:45:42,21.19,--,34,72046,卖盘
723,13:45:36,21.19,--,4,8476,卖盘
724,13:45:33,21.19,--,2,4238,卖盘
725,13:45:30,21.19,--,2,5530,卖盘
726,13:45:24,21.19,--,10,21190,卖盘
727,13:45:21,21.19,--,1,2119,卖盘
728,13:44:57,21.19,0.02,20,42380,买盘
729,13:44:39,21.17,--,38,80446,卖盘
730,13:44:30,21.17,--,5,10585,卖盘
731,13:44:18,21.17,-0.02,2,4234,卖盘
732,13:44:00,21.19,--,1,2945,卖盘
733,13:43:51,21.19,--,4,8476,卖盘
734,13:43:48,21.19,--,2,4238,卖盘
735,13:43:12,21.19,-0.01,100,211900,卖盘
736,13:43:09,21.2,--,1,2120,买盘
737,13:42:48,21.2,--,7,14840,买盘
738,13:42:33,21.2,0.01,10,21200,买盘
739,13:42:24,21.19,-0.01,20,42380,卖盘
740,13:42:09,21.2,--,1,2120,买盘
741,13:42:06,21.2,--,10,21200,买盘
742,13:42:00,21.2,--,41,86920,买盘
743,13:41:51,21.2,0.01,10,21200,买盘
744,13:41:36,21.19,--,1,2119,卖盘
745,13:41:12,21.19,-0.01,1,2119,卖盘
746,13:40:54,21.2,0.01,8,16960,买盘
747,13:40:39,21.19,--,38,80522,卖盘
748,13:40:27,21.19,--,2,4238,卖盘
749,13:39:51,21.19,0.01,14,30958,买盘
750,13:39:48,21.18,--,1,2118,买盘
751,13:39:42,21.18,--,35,74956,卖盘
752,13:39:36,21.18,-0.01,32,67776,卖盘
753,13:39:30,21.19,0.01,43,91117,买盘
754,13:39:15,21.18,-0.01,50,105900,卖盘
755,13:39:06,21.19,--,10,21190,买盘
756,13:38:54,21.19,--,2,4238,买盘
757,13:38:48,21.19,0.01,6,12714,买盘
758,13:38:45,21.18,--,1,2118,卖盘
759,13:38:33,21.18,-0.01,1,3812,卖盘
760,13:38:30,21.19,0.01,5,10595,买盘
761,13:38:24,21.18,--,1,2118,卖盘
762,13:38:15,21.18,--,1,3833,卖盘
763,13:38:12,21.18,--,2,4236,卖盘
764,13:38:06,21.18,--,3,6354,卖盘
765,13:38:00,21.18,--,1,2118,卖盘
766,13:37:54,21.18,--,1,2118,卖盘
767,13:37:48,21.18,-0.01,2,4236,卖盘
768,13:37:45,21.19,0.01,7,14833,买盘
769,13:37:42,21.18,--,1,2118,卖盘
770,13:37:12,21.18,--,4,8472,卖盘
771,13:37:09,21.18,--,10,21180,卖盘
772,13:37:00,21.18,--,1,2118,卖盘
773,13:36:57,21.18,--,20,42360,卖盘
774,13:36:48,21.18,--,2,4236,卖盘
775,13:36:42,21.18,-0.01,1,2118,卖盘
776,13:36:39,21.19,0.01,11,23309,买盘
777,13:36:33,21.18,--,5,10590,卖盘
778,13:36:27,21.18,--,18,38124,卖盘
779,13:36:18,21.18,--,1,2118,卖盘
780,13:36:15,21.18,0.01,37,78366,买盘
781,13:36:12,21.17,-0.01,11,23287,卖盘
782,13:36:09,21.18,0.01,3,6354,买盘
783,13:36:00,21.17,-0.01,3,6351,卖盘
784,13:35:48,21.18,0.01,24,50832,买盘
785,13:35:42,21.17,-0.01,12,25404,卖盘
786,13:35:36,21.18,--,10,21180,买盘
787,13:35:33,21.18,--,10,21180,买盘
788,13:35:30,21.18,--,5,10590,买盘
789,13:35:27,21.18,--,2,4236,买盘
790,13:35:00,21.18,--,10,21180,买盘
791,13:34:51,21.18,--,3,6354,买盘
792,13:34:45,21.18,-0.01,242,512556,卖盘
793,13:34:42,21.19,--,10,21190,买盘
794,13:34:39,21.19,--,2,4238,买盘
795,13:34:33,21.19,--,3,6357,买盘
796,13:34:27,21.19,--,24,50856,买盘
797,13:33:57,21.19,0.01,3,6357,买盘
798,13:33:45,21.18,-0.01,10,21180,卖盘
799,13:33:30,21.19,--,1,2119,买盘
800,13:33:27,21.19,--,13,27547,买盘
801,13:33:18,21.19,--,10,21190,买盘
802,13:32:54,21.19,--,1,2119,卖盘
803,13:32:45,21.19,0.01,15,31785,买盘
804,13:32:39,21.18,-0.01,1,2118,卖盘
805,13:32:33,21.19,--,7,14833,卖盘
806,13:32:27,21.19,--,4,8476,卖盘
807,13:32:24,21.19,--,6,12714,卖盘
808,13:32:21,21.19,-0.01,9,19071,卖盘
809,13:32:15,21.2,--,1,2120,买盘
810,13:32:06,21.2,--,9,19080,买盘
811,13:32:00,21.2,--,1,2120,买盘
812,13:31:54,21.2,--,10,21200,买盘
813,13:31:45,21.2,0.02,10,21200,买盘
814,13:31:39,21.18,--,3,6354,买盘
815,13:31:33,21.18,--,20,42360,买盘
816,13:31:30,21.18,--,3,6354,买盘
817,13:31:18,21.18,-0.02,4,8472,卖盘
818,13:31:15,21.2,0.01,10,21200,买盘
819,13:31:12,21.19,--,4,8476,买盘
820,13:31:06,21.19,--,12,25428,买盘
821,13:30:54,21.19,--,12,25428,买盘
822,13:30:51,21.19,--,5,10595,买盘
823,13:30:48,21.19,--,20,42380,买盘
824,13:30:33,21.19,0.02,119,252161,买盘
825,13:30:18,21.17,-0.01,4,8468,卖盘
826,13:30:12,21.18,0.01,30,63540,买盘
827,13:30:09,21.17,--,30,63510,买盘
828,13:30:06,21.17,--,1,2117,买盘
829,13:29:57,21.17,--,22,46574,买盘
830,13:29:54,21.17,--,6,12702,买盘
831,13:29:51,21.17,--,16,33872,买盘
832,13:29:39,21.17,0.01,10,21170,买盘
833,13:29:33,21.16,-0.01,19,40204,卖盘
834,13:29:21,21.17,--,5,10585,买盘
835,13:29:15,21.17,--,2,4234,买盘
836,13:29:09,21.17,--,2,4234,买盘
837,13:29:03,21.17,--,7,14819,买盘
838,13:29:00,21.17,--,5,10585,买盘
839,13:28:51,21.17,-0.01,12,25404,卖盘
840,13:28:48,21.18,--,2,4236,买盘
841,13:28:45,21.18,--,10,21180,买盘
842,13:28:42,21.18,--,21,44478,买盘
843,13:28:36,21.18,--,1,2118,买盘
844,13:28:21,21.18,--,2,4236,买盘
845,13:28:12,21.18,0.01,1,2118,买盘
846,13:28:06,21.17,-0.01,4,8468,卖盘
847,13:27:57,21.18,0.01,33,69894,买盘
848,13:27:30,21.17,--,11,23287,卖盘
849,13:27:24,21.17,--,5,10585,卖盘
850,13:27:18,21.17,--,8,16936,买盘
851,13:27:00,21.17,0.01,5,10585,买盘
852,13:26:54,21.16,--,6,12696,卖盘
853,13:26:39,21.16,0.01,70,148120,买盘
854,13:26:15,21.15,0.01,15,31724,买盘
855,13:26:12,21.14,-0.01,3,6342,卖盘
856,13:26:09,21.15,--,2,4230,买盘
857,13:25:30,21.15,0.01,10,21150,买盘
858,13:25:18,21.14,--,28,59192,卖盘
859,13:25:03,21.14,--,1,2114,卖盘
860,13:24:57,21.14,-0.01,28,59192,卖盘
861,13:24:51,21.15,--,5,10575,买盘
862,13:24:45,21.15,0.01,3,6345,买盘
863,13:24:39,21.14,--,1,2114,卖盘
864,13:24:21,21.14,--,55,118278,买盘
865,13:24:15,21.14,--,43,90902,买盘
866,13:24:00,21.14,-0.01,55,116270,卖盘
867,13:23:27,21.15,--,3,6345,买盘
868,13:23:21,21.15,-0.01,3,6345,卖盘
869,13:23:18,21.16,--,3,6348,买盘
870,13:23:09,21.16,--,3,6348,买盘
871,13:23:03,21.16,0.01,18,38088,买盘
872,13:23:00,21.15,--,3,6345,卖盘
873,13:22:51,21.15,0.01,2,4230,中性盘
874,13:22:27,21.14,-0.01,5,10570,中性盘
875,13:22:18,21.15,--,3,8438,卖盘
876,13:22:15,21.15,--,186,393411,买盘
877,13:22:03,21.15,0.01,73,154395,买盘
878,13:21:54,21.14,--,20,42280,卖盘
879,13:21:51,21.14,-0.01,5,10570,卖盘
880,13:21:45,21.15,0.01,1,2115,买盘
881,13:21:36,21.14,--,13,27482,卖盘
882,13:21:33,21.14,--,1,2114,卖盘
883,13:21:00,21.14,--,30,63420,卖盘
884,13:20:45,21.14,--,15,31710,买盘
885,13:20:39,21.14,0.01,4,8456,买盘
886,13:20:33,21.13,-0.01,2,4226,卖盘
887,13:20:30,21.14,-0.01,6,12684,卖盘
888,13:20:21,21.15,--,6,12690,买盘
889,13:20:09,21.15,-0.02,118,251663,卖盘
890,13:20:06,21.17,-0.01,10,21170,卖盘
891,13:19:54,21.18,--,14,29652,卖盘
892,13:19:33,21.18,--,3,6354,卖盘
893,13:19:27,21.18,-0.01,20,42360,卖盘
894,13:19:09,21.19,--,3,6357,买盘
895,13:18:33,21.19,--,4,8476,买盘
896,13:18:24,21.19,0.01,10,21190,买盘
897,13:18:21,21.18,-0.01,3,6354,卖盘
898,13:18:18,21.19,--,3,6357,买盘
899,13:18:15,21.19,--,0,2076,卖盘
900,13:18:09,21.19,--,3,6357,卖盘
901,13:18:03,21.19,--,3,6357,卖盘
902,13:17:57,21.19,-0.01,5,10595,卖盘
903,13:17:45,21.2,--,8,16960,买盘
904,13:17:39,21.2,0.01,5,10600,买盘
905,13:17:18,21.19,--,5,10595,卖盘
906,13:17:09,21.19,-0.01,4,8476,卖盘
907,13:17:06,21.2,0.01,2,4240,买盘
908,13:16:51,21.19,--,13,27589,买盘
909,13:16:33,21.19,--,9,19071,买盘
910,13:16:30,21.19,--,27,57213,买盘
911,13:16:21,21.19,--,1,2119,买盘
912,13:16:00,21.19,0.01,2,4238,买盘
913,13:15:30,21.18,--,1,2118,卖盘
914,13:15:15,21.18,0.01,2,4236,买盘
915,13:15:03,21.17,-0.01,1,2117,卖盘
916,13:14:57,21.18,--,5,10590,买盘
917,13:14:30,21.18,-0.01,1,2118,中性盘
918,13:14:06,21.19,--,30,63570,买盘
919,13:13:51,21.19,0.02,20,42380,买盘
920,13:13:42,21.17,-0.02,2,4234,卖盘
921,13:12:57,21.19,--,11,23309,买盘
922,13:12:42,21.19,-0.01,4,10552,卖盘
923,13:12:36,21.2,0.01,5,10600,买盘
924,13:12:24,21.19,-0.01,4,8476,卖盘
925,13:12:18,21.2,0.01,5,10600,买盘
926,13:12:09,21.19,--,3,6357,卖盘
927,13:12:06,21.19,--,1,2119,卖盘
928,13:11:45,21.19,0.03,9,19113,买盘
929,13:11:33,21.16,-0.03,1,2116,卖盘
930,13:11:30,21.19,--,2,4238,买盘
931,13:11:21,21.19,--,5,10595,买盘
932,13:11:18,21.19,0.03,4,8476,买盘
933,13:10:36,21.16,--,4,8485,买盘
934,13:10:33,21.16,--,44,93104,买盘
935,13:10:18,21.16,0.01,2,4232,买盘
936,13:09:57,21.15,--,5,10575,买盘
937,13:09:54,21.15,0.01,2,4230,买盘
938,13:09:36,21.14,--,9,19026,买盘
939,13:09:33,21.14,--,2,4228,买盘
940,13:09:18,21.14,--,2,4228,买盘
941,13:09:06,21.14,--,4,8456,卖盘
942,13:08:36,21.14,--,6,12684,买盘
943,13:08:24,21.14,--,7,14798,买盘
944,13:08:09,21.14,--,8,16912,卖盘
945,13:08:00,21.14,--,15,31710,卖盘
946,13:07:54,21.14,-0.01,30,63420,卖盘
947,13:07:45,21.15,0.01,34,71910,买盘
948,13:07:39,21.14,--,20,42280,买盘
949,13:07:36,21.14,--,10,21140,买盘
950,13:07:30,21.14,-0.01,25,52850,卖盘
951,13:07:12,21.15,--,3,8417,卖盘
952,13:07:09,21.15,--,10,21150,卖盘
953,13:06:57,21.15,--,1,2115,卖盘
954,13:06:33,21.15,-0.01,3,6345,卖盘
955,13:06:18,21.16,--,3,6390,买盘
956,13:06:15,21.16,--,0,2073,卖盘
957,13:06:06,21.16,--,1,2158,买盘
958,13:05:42,21.16,--,11,25349,卖盘
959,13:05:30,21.16,--,2,4232,卖盘
960,13:05:00,21.16,--,9,19044,卖盘
961,13:04:48,21.16,--,2,4274,买盘
962,13:04:45,21.16,--,5,10580,买盘
963,13:04:36,21.16,--,0,2073,卖盘
964,13:04:27,21.16,--,0,42,买盘
965,13:04:18,21.16,--,20,42320,买盘
966,13:04:03,21.16,0.02,100,211600,买盘
967,13:04:00,21.14,0.01,48,101472,买盘
968,13:03:54,21.13,-0.01,1,2113,卖盘
969,13:03:48,21.14,--,1,2114,买盘
970,13:03:33,21.14,--,1,2114,买盘
971,13:03:18,21.14,-0.02,150,317100,卖盘
972,13:02:36,21.16,-0.04,97,207325,卖盘
973,13:02:33,21.2,--,5,10600,买盘
974,13:02:06,21.2,0.02,9,19080,买盘
975,13:01:33,21.18,0.01,16,33930,买盘
976,13:01:09,21.17,0.01,5,10585,买盘
977,13:00:09,21.16,0.02,3,6348,买盘
978,13:00:06,21.14,--,9,19026,卖盘
979,13:00:03,21.14,--,134,283276,买盘
980,13:00:00,21.14,--,0,0,买盘
981,11:30:00,21.14,--,0,0,买盘
982,11:29:57,21.14,--,5,10570,买盘
983,11:29:51,21.14,--,7,14798,买盘
984,11:29:39,21.14,--,12,25368,卖盘
985,11:29:33,21.14,--,2,4228,卖盘
986,11:29:24,21.14,0.01,18,38052,买盘
987,11:29:21,21.13,-0.01,10,21130,卖盘
988,11:29:15,21.14,--,45,95130,买盘
989,11:29:12,21.14,--,3,6342,买盘
990,11:29:09,21.14,0.01,1,2114,买盘
991,11:29:03,21.13,--,3,6339,卖盘
992,11:28:57,21.13,-0.01,4,8452,卖盘
993,11:28:54,21.14,--,2,4228,买盘
994,11:28:42,21.14,--,1,2114,卖盘
995,11:28:33,21.14,--,9,19026,卖盘
996,11:28:30,21.14,-0.01,15,31710,卖盘
997,11:28:24,21.15,-0.01,84,177660,卖盘
998,11:28:21,21.16,--,10,21160,买盘
999,11:28:18,21.16,-0.03,520,1101060,卖盘
1000,11:28:09,21.19,0.01,25,52975,买盘
1001,11:28:03,21.18,--,129,273222,卖盘
1002,11:27:57,21.18,--,4,8472,卖盘
1003,11:27:54,21.18,-0.01,1,3494,卖盘
1004,11:27:36,21.19,0.01,19,40261,买盘
1005,11:27:30,21.18,--,3,6354,卖盘
1006,11:27:27,21.18,--,20,42360,买盘
1007,11:27:24,21.18,--,29,61422,卖盘
1008,11:27:21,21.18,--,1,2118,卖盘
1009,11:27:06,21.18,-0.01,30,63540,中性盘
1010,11:26:42,21.19,0.01,20,42380,买盘
1011,11:26:36,21.18,0.01,10,21180,买盘
1012,11:26:33,21.17,--,1,2117,卖盘
1013,11:26:30,21.17,-0.01,1,2117,卖盘
1014,11:26:24,21.18,--,5,10590,买盘
1015,11:26:18,21.18,0.01,6,12708,买盘
1016,11:26:15,21.17,-0.01,132,279444,卖盘
1017,11:26:09,21.18,--,16,33888,买盘
1018,11:26:00,21.18,--,3,6354,买盘
1019,11:25:57,21.18,--,12,25416,买盘
1020,11:25:51,21.18,--,3,6354,买盘
1021,11:25:45,21.18,--,23,48714,买盘
1022,11:25:33,21.18,--,10,21180,买盘
1023,11:25:30,21.18,--,3,6354,买盘
1024,11:25:27,21.18,0.01,5,10590,中性盘
1025,11:25:18,21.17,-0.01,10,21170,中性盘
1026,11:25:06,21.18,0.02,20,42360,买盘
1027,11:25:03,21.16,-0.02,38,80408,卖盘
1028,11:24:57,21.18,0.01,30,63540,买盘
1029,11:24:54,21.17,-0.01,15,31755,卖盘
1030,11:24:51,21.18,0.01,6,12708,买盘
1031,11:24:45,21.17,--,28,59276,卖盘
1032,11:24:42,21.17,-0.01,15,31755,卖盘
1033,11:24:39,21.18,--,5,10590,买盘
1034,11:24:27,21.18,0.01,2,4236,买盘
1035,11:24:21,21.17,--,48,101616,卖盘
1036,11:24:18,21.17,--,6,12702,卖盘
1037,11:24:09,21.17,--,45,95265,买盘
1038,11:23:57,21.17,0.01,14,29638,买盘
1039,11:23:48,21.16,-0.01,3,6348,卖盘
1040,11:23:36,21.17,0.01,5,10585,买盘
1041,11:23:18,21.16,0.01,15,31740,中性盘
1042,11:22:48,21.15,-0.02,16,33840,卖盘
1043,11:22:45,21.17,0.01,1,2117,中性盘
1044,11:22:30,21.16,--,2,4232,卖盘
1045,11:22:27,21.16,--,10,21160,卖盘
1046,11:22:06,21.16,0.01,136,287776,买盘
1047,11:22:03,21.15,--,32,67680,买盘
1048,11:22:00,21.15,--,26,54989,买盘
1049,11:21:54,21.15,--,5,10575,买盘
1050,11:21:51,21.15,--,10,21150,买盘
1051,11:21:42,21.15,--,1,2115,买盘
1052,11:21:39,21.15,--,10,21150,买盘
1053,11:21:36,21.15,0.01,38,80370,买盘
1054,11:21:33,21.14,-0.01,1,2114,卖盘
1055,11:21:30,21.15,--,15,31724,买盘
1056,11:21:24,21.15,0.01,4,8460,买盘
1057,11:21:18,21.14,--,7,14798,卖盘
1058,11:21:15,21.14,--,5,10570,卖盘
1059,11:21:06,21.14,--,1,2114,卖盘
1060,11:20:39,21.14,--,10,21140,中性盘
1061,11:20:33,21.14,--,2,4228,买盘
1062,11:20:30,21.14,-0.01,32,67648,卖盘
1063,11:20:21,21.15,--,3,6345,买盘
1064,11:20:12,21.15,--,21,44415,买盘
1065,11:20:06,21.15,--,20,42300,买盘
1066,11:20:00,21.15,-0.01,254,537210,卖盘
1067,11:19:51,21.16,-0.02,176,372416,卖盘
1068,11:19:48,21.18,-0.01,24,50832,卖盘
1069,11:19:39,21.19,0.01,3,6357,买盘
1070,11:19:30,21.18,-0.01,20,42360,卖盘
1071,11:19:27,21.19,--,22,46618,买盘
1072,11:19:24,21.19,--,5,10595,买盘
1073,11:19:15,21.19,--,37,78403,买盘
1074,11:19:12,21.19,0.01,11,23309,买盘
1075,11:19:09,21.18,-0.01,10,21180,卖盘
1076,11:19:03,21.19,--,10,21190,买盘
1077,11:18:57,21.19,--,6,12714,买盘
1078,11:18:54,21.19,0.01,3,6357,买盘
1079,11:18:45,21.18,--,5,10590,买盘
1080,11:18:42,21.18,--,11,23298,买盘
1081,11:18:36,21.18,0.01,33,69894,买盘
1082,11:18:24,21.17,0.01,2,4234,买盘
1083,11:18:21,21.16,-0.01,2,4232,卖盘
1084,11:18:18,21.17,--,36,76212,买盘
1085,11:18:15,21.17,--,25,52925,买盘
1086,11:18:06,21.17,0.01,20,42340,买盘
1087,11:18:03,21.16,-0.01,1,2116,卖盘
1088,11:17:57,21.17,--,4,8468,买盘
1089,11:17:51,21.17,0.01,2,4234,买盘
1090,11:17:36,21.16,--,6,12696,卖盘
1091,11:17:30,21.16,--,8,16928,卖盘
1092,11:17:24,21.16,--,5,10580,卖盘
1093,11:17:15,21.16,--,4,8464,卖盘
1094,11:17:09,21.16,0.01,16,33856,买盘
1095,11:17:06,21.15,-0.01,10,21150,卖盘
1096,11:17:03,21.16,0.01,21,44436,买盘
1097,11:16:51,21.15,--,31,65565,卖盘
1098,11:16:48,21.15,--,9,19035,卖盘
1099,11:16:42,21.15,--,5,10575,卖盘
1100,11:16:39,21.15,--,4,8460,卖盘
1101,11:16:36,21.15,--,73,154395,买盘
1102,11:16:33,21.15,--,2,4230,买盘
1103,11:16:27,21.15,--,20,42300,买盘
1104,11:16:18,21.15,--,101,213615,买盘
1105,11:16:12,21.15,-0.03,145,306675,卖盘
1106,11:16:06,21.18,0.02,10,21180,买盘
1107,11:15:45,21.16,--,10,21160,卖盘
1108,11:15:42,21.16,0.01,51,107916,中性盘
1109,11:15:39,21.15,--,1,2115,卖盘
1110,11:15:33,21.15,--,1,2115,卖盘
1111,11:15:24,21.15,-0.03,22,46530,卖盘
1112,11:15:18,21.18,0.03,3,6354,买盘
1113,11:15:12,21.15,-0.03,518,1095570,卖盘
1114,11:15:09,21.18,--,14,29652,卖盘
1115,11:15:00,21.18,-0.02,14,29652,卖盘
1116,11:14:45,21.2,-0.01,328,695360,卖盘
1117,11:14:39,21.21,--,4,8484,卖盘
1118,11:14:30,21.21,-0.03,216,458136,卖盘
1119,11:14:27,21.24,--,1,2124,中性盘
1120,11:14:09,21.24,--,5,10620,中性盘
1121,11:13:54,21.24,0.01,7,14867,买盘
1122,11:13:48,21.23,--,12,25476,卖盘
1123,11:13:42,21.23,-0.01,2,4246,卖盘
1124,11:13:36,21.24,0.01,2,4248,买盘
1125,11:13:33,21.23,--,11,23353,卖盘
1126,11:13:27,21.23,--,4,8492,卖盘
1127,11:13:21,21.23,--,27,57321,卖盘
1128,11:13:18,21.23,--,9,19107,卖盘
1129,11:13:15,21.23,-0.01,20,42460,卖盘
1130,11:13:12,21.24,--,6,12743,买盘
1131,11:13:06,21.24,--,7,14867,买盘
1132,11:12:57,21.24,--,43,91332,买盘
1133,11:12:54,21.24,--,7,14867,买盘
1134,11:12:51,21.24,-0.01,4,8496,卖盘
1135,11:12:48,21.25,0.01,25,53125,买盘
1136,11:12:45,21.24,-0.01,1,2124,卖盘
1137,11:12:33,21.25,--,3,6375,买盘
1138,11:12:27,21.25,--,18,38250,卖盘
1139,11:12:24,21.25,0.01,17,36125,中性盘
1140,11:12:12,21.24,-0.03,1,2124,中性盘
1141,11:11:54,21.27,0.04,5,10635,买盘
1142,11:11:51,21.23,0.01,1,2123,卖盘
1143,11:11:39,21.22,-0.01,110,233420,卖盘
1144,11:11:30,21.23,--,29,61567,卖盘
1145,11:11:27,21.23,--,15,31845,卖盘
1146,11:11:06,21.23,0.01,3,6369,中性盘
1147,11:11:03,21.22,--,1,2122,卖盘
1148,11:10:57,21.22,--,46,97612,买盘
1149,11:10:54,21.22,--,40,84880,买盘
1150,11:10:39,21.22,--,8,16976,买盘
1151,11:10:27,21.22,-0.04,406,861532,卖盘
1152,11:10:24,21.26,-0.02,10,21260,卖盘
1153,11:10:12,21.28,-0.02,338,720328,卖盘
1154,11:10:06,21.3,0.01,50,106500,买盘
1155,11:09:57,21.29,--,15,31935,卖盘
1156,11:09:51,21.29,-0.01,1,2129,卖盘
1157,11:09:45,21.3,0.01,5,10650,买盘
1158,11:09:24,21.29,--,9,19161,卖盘
1159,11:09:21,21.29,-0.01,2,4258,卖盘
1160,11:09:12,21.3,--,10,21300,买盘
1161,11:09:06,21.3,0.01,7,14910,买盘
1162,11:08:42,21.29,-0.01,6,12774,卖盘
1163,11:08:39,21.3,--,2,4260,卖盘
1164,11:08:36,21.3,--,60,127800,卖盘
1165,11:08:24,21.3,-0.01,5,10650,卖盘
1166,11:08:18,21.31,0.01,12,25572,买盘
1167,11:08:12,21.3,-0.01,12,25560,卖盘
1168,11:07:54,21.31,0.01,36,76716,买盘
1169,11:07:48,21.3,--,2,4260,卖盘
1170,11:07:45,21.3,--,5,10650,卖盘
1171,11:07:39,21.3,--,1,2130,卖盘
1172,11:07:30,21.3,--,1,2130,卖盘
1173,11:07:27,21.3,--,7,14910,卖盘
1174,11:07:12,21.3,-0.01,2,4260,卖盘
1175,11:07:09,21.31,--,60,127859,卖盘
1176,11:07:00,21.31,--,2,4262,卖盘
1177,11:06:54,21.31,-0.01,1,2131,卖盘
1178,11:06:51,21.32,0.01,14,29848,买盘
1179,11:06:27,21.31,--,5,10655,卖盘
1180,11:06:18,21.31,--,1,2131,卖盘
1181,11:06:15,21.31,--,2,4262,卖盘
1182,11:06:06,21.31,--,5,10655,卖盘
1183,11:05:42,21.31,-0.02,2,4262,卖盘
1184,11:05:36,21.33,0.02,14,29861,买盘
1185,11:05:24,21.31,--,2,4262,卖盘
1186,11:05:09,21.31,--,1,2131,卖盘
1187,11:05:06,21.31,-0.02,20,42620,卖盘
1188,11:04:48,21.33,--,5,10665,中性盘
1189,11:04:42,21.33,--,3,6398,买盘
1190,11:04:39,21.33,--,8,17064,买盘
1191,11:04:30,21.33,0.01,5,10665,买盘
1192,11:04:27,21.32,--,21,44772,卖盘
1193,11:03:57,21.32,--,1,2132,卖盘
1194,11:03:54,21.32,--,1,2132,卖盘
1195,11:03:51,21.32,--,12,25584,卖盘
1196,11:03:45,21.32,--,1,2132,卖盘
1197,11:03:39,21.32,--,5,10660,卖盘
1198,11:03:33,21.32,-0.02,12,25584,卖盘
1199,11:03:27,21.34,--,4,8536,买盘
1200,11:03:21,21.34,--,3,6402,买盘
1201,11:03:09,21.34,--,25,53350,卖盘
1202,11:02:54,21.34,--,23,49082,卖盘
1203,11:02:45,21.34,--,2,4268,中性盘
1204,11:02:39,21.34,--,5,10670,买盘
1205,11:02:30,21.34,0.03,5,10670,买盘
1206,11:02:21,21.31,-0.04,5,10655,卖盘
1207,11:02:12,21.35,0.04,291,621285,买盘
1208,11:02:03,21.31,-0.03,4,8524,卖盘
1209,11:01:48,21.34,0.03,10,21340,买盘
1210,11:01:39,21.31,-0.03,1,2131,卖盘
1211,11:01:21,21.34,0.02,74,157916,买盘
1212,11:01:18,21.32,0.03,2,4264,买盘
1213,11:01:00,21.29,-0.05,20,42580,卖盘
1214,11:00:39,21.34,0.05,201,428934,买盘
1215,11:00:33,21.29,--,7,14903,卖盘
1216,11:00:30,21.29,-0.03,5,10645,卖盘
1217,11:00:27,21.32,0.03,140,298480,买盘
1218,11:00:24,21.29,--,21,44709,卖盘
1219,11:00:18,21.29,--,1,2129,卖盘
1220,11:00:06,21.29,-0.01,3,6387,卖盘
1221,11:00:03,21.3,-0.01,3,6390,中性盘
1222,11:00:00,21.31,0.01,13,27703,买盘
1223,10:59:48,21.3,--,2,4260,卖盘
1224,10:59:42,21.3,--,3,6390,买盘
1225,10:59:39,21.3,--,26,55380,买盘
1226,10:59:24,21.3,--,8,17040,买盘
1227,10:59:18,21.3,--,3,6390,买盘
1228,10:59:03,21.3,--,50,106500,买盘
1229,10:59:00,21.3,--,3,6390,买盘
1230,10:58:48,21.3,--,1,2130,买盘
1231,10:58:24,21.3,0.01,3,6390,中性盘
1232,10:58:06,21.29,-0.02,1,2129,卖盘
1233,10:57:57,21.31,0.01,15,31964,买盘
1234,10:57:54,21.3,-0.01,41,87330,卖盘
1235,10:57:51,21.31,0.01,1,2131,买盘
1236,10:57:24,21.3,--,17,36210,卖盘
1237,10:57:09,21.3,--,2,4260,买盘
1238,10:57:00,21.3,--,70,149100,买盘
1239,10:56:54,21.3,-0.01,61,131847,卖盘
1240,10:56:51,21.31,0.01,5,10655,买盘
1241,10:56:39,21.3,0.01,85,181263,买盘
1242,10:56:36,21.29,-0.01,51,108579,卖盘
1243,10:56:12,21.3,0.01,5,10650,买盘
1244,10:56:03,21.29,--,12,25548,卖盘
1245,10:55:57,21.29,--,1,2129,卖盘
1246,10:55:54,21.29,--,2,4258,卖盘
1247,10:55:51,21.29,--,5,10645,卖盘
1248,10:55:45,21.29,--,1,2129,卖盘
1249,10:55:42,21.29,--,1,2129,卖盘
1250,10:55:39,21.29,--,3,6387,卖盘
1251,10:55:36,21.29,--,1,2129,卖盘
1252,10:55:33,21.29,--,13,28741,卖盘
1253,10:55:30,21.29,0.01,112,238448,买盘
1254,10:55:27,21.28,--,5,10640,卖盘
1255,10:55:24,21.28,--,1,2128,卖盘
1256,10:55:06,21.28,-0.01,10,21280,卖盘
1257,10:54:48,21.29,--,103,219287,卖盘
1258,10:54:33,21.29,--,1,2129,卖盘
1259,10:54:27,21.29,--,1,2129,买盘
1260,10:54:24,21.29,0.01,1,2129,中性盘
1261,10:54:15,21.28,-0.01,30,63840,卖盘
1262,10:54:09,21.29,--,72,153288,买盘
1263,10:53:57,21.29,0.01,19,40451,买盘
1264,10:53:45,21.28,-0.01,5,10640,卖盘
1265,10:53:42,21.29,0.01,10,21290,买盘
1266,10:53:24,21.28,-0.01,1,2128,卖盘
1267,10:53:18,21.29,--,3,6387,卖盘
1268,10:53:12,21.29,--,4,8516,卖盘
1269,10:53:06,21.29,0.01,17,36193,买盘
1270,10:53:00,21.28,--,5,10640,卖盘
1271,10:52:54,21.28,--,28,59584,卖盘
1272,10:52:36,21.28,--,20,42560,卖盘
1273,10:52:24,21.28,--,19,40432,卖盘
1274,10:52:15,21.28,-0.02,101,214928,卖盘
1275,10:51:48,21.3,--,1,2130,卖盘
1276,10:51:45,21.3,--,1,2130,卖盘
1277,10:51:42,21.3,--,1,2130,卖盘
1278,10:51:33,21.3,--,1,2130,卖盘
1279,10:51:30,21.3,--,5,10650,卖盘
1280,10:51:24,21.3,--,19,40470,卖盘
1281,10:51:12,21.3,--,1,2130,卖盘
1282,10:51:09,21.3,0.01,23,48990,中性盘
1283,10:51:03,21.29,--,1,2129,卖盘
1284,10:50:57,21.29,--,25,53225,卖盘
1285,10:50:39,21.29,--,20,42580,卖盘
1286,10:50:33,21.29,--,2,4258,卖盘
1287,10:50:24,21.29,--,2,4258,卖盘
1288,10:50:09,21.29,-0.03,30,63870,卖盘
1289,10:50:00,21.32,0.03,20,42640,买盘
1290,10:49:48,21.29,-0.03,16,34064,卖盘
1291,10:49:45,21.32,--,2,4264,买盘
1292,10:49:42,21.32,--,40,85280,买盘
1293,10:49:36,21.32,0.02,13,27716,买盘
1294,10:49:27,21.3,--,13,27690,卖盘
1295,10:49:24,21.3,--,8,17040,卖盘
1296,10:48:54,21.3,-0.02,47,100110,卖盘
1297,10:48:45,21.32,--,10,21320,卖盘
1298,10:48:42,21.32,--,5,10660,卖盘
1299,10:48:36,21.32,--,2,4264,卖盘
1300,10:48:30,21.32,--,4,8528,买盘
1301,10:48:27,21.32,-0.01,30,63960,中性盘
1302,10:48:21,21.33,--,69,147177,买盘
1303,10:48:18,21.33,--,13,27728,买盘
1304,10:48:15,21.33,--,20,42660,买盘
1305,10:48:12,21.33,--,5,10665,买盘
1306,10:47:54,21.33,--,1,2133,买盘
1307,10:47:51,21.33,--,10,21330,买盘
1308,10:47:48,21.33,0.01,6,12797,买盘
1309,10:47:33,21.32,--,6,12792,买盘
1310,10:47:30,21.32,--,3,6396,卖盘
1311,10:47:24,21.32,0.01,7,14924,买盘
1312,10:47:15,21.31,-0.01,1,2131,卖盘
1313,10:47:12,21.32,0.02,4,8528,买盘
1314,10:47:00,21.3,-0.01,113,240690,卖盘
1315,10:46:54,21.31,0.01,13,27703,买盘
1316,10:46:42,21.3,-0.01,9,19170,卖盘
1317,10:46:39,21.31,--,17,36227,买盘
1318,10:46:36,21.31,--,6,12786,买盘
1319,10:46:30,21.31,0.01,1,2131,买盘
1320,10:46:21,21.3,--,1,2130,卖盘
1321,10:46:06,21.3,-0.01,3,6390,卖盘
1322,10:46:03,21.31,0.01,3,6393,买盘
1323,10:46:00,21.3,-0.01,5,10650,卖盘
1324,10:45:57,21.31,--,4,8524,买盘
1325,10:45:54,21.31,--,10,21310,买盘
1326,10:45:42,21.31,--,10,21310,买盘
1327,10:45:39,21.31,-0.02,7,14917,卖盘
1328,10:45:36,21.33,0.02,77,164241,买盘
1329,10:45:33,21.31,0.01,5,10655,买盘
1330,10:45:30,21.3,--,10,21300,卖盘
1331,10:45:27,21.3,--,4,8520,卖盘
1332,10:45:24,21.3,--,23,48990,卖盘
1333,10:45:18,21.3,--,5,10650,卖盘
1334,10:45:12,21.3,--,1,2130,卖盘
1335,10:45:03,21.3,--,71,151230,卖盘
1336,10:44:57,21.3,--,1,2130,卖盘
1337,10:44:45,21.3,--,1,2130,卖盘
1338,10:44:39,21.3,-0.01,1,2130,卖盘
1339,10:44:18,21.31,--,1,2131,卖盘
1340,10:44:12,21.31,-0.01,2,4262,卖盘
1341,10:44:06,21.32,--,10,21320,买盘
1342,10:44:03,21.32,0.01,1,2132,买盘
1343,10:44:00,21.31,-0.01,1,2131,卖盘
1344,10:43:54,21.32,0.01,15,31980,买盘
1345,10:43:48,21.31,--,6,12786,卖盘
1346,10:43:45,21.31,-0.01,70,149170,卖盘
1347,10:43:24,21.32,--,37,78884,买盘
1348,10:43:18,21.32,0.01,8,17056,买盘
1349,10:43:15,21.31,--,7,14917,卖盘
1350,10:43:12,21.31,--,2,4262,卖盘
1351,10:43:09,21.31,--,10,21310,卖盘
1352,10:43:06,21.31,--,3,6393,卖盘
1353,10:42:57,21.31,--,1,2131,卖盘
1354,10:42:54,21.31,0.01,6,13766,买盘
1355,10:42:48,21.3,-0.01,1,2130,卖盘
1356,10:42:42,21.31,--,3,6393,买盘
1357,10:42:39,21.31,--,0,1150,卖盘
1358,10:42:30,21.31,--,19,41469,买盘
1359,10:42:21,21.31,0.01,2,4262,买盘
1360,10:42:06,21.3,-0.01,3,6390,中性盘
1361,10:42:00,21.31,0.01,33,71473,买盘
1362,10:41:54,21.3,--,14,30799,买盘
1363,10:41:48,21.3,-0.01,39,84220,卖盘
1364,10:41:42,21.31,0.01,13,27703,买盘
1365,10:41:36,21.3,--,23,48990,卖盘
1366,10:41:30,21.3,--,4,9499,买盘
1367,10:41:15,21.3,--,18,38340,买盘
1368,10:41:06,21.3,--,8,18190,卖盘
1369,10:40:57,21.3,--,10,21300,卖盘
1370,10:40:54,21.3,--,2,4260,卖盘
1371,10:40:51,21.3,-0.01,2,4260,卖盘
1372,10:40:48,21.31,0.01,5,11635,买盘
1373,10:40:42,21.3,--,0,1150,卖盘
1374,10:40:39,21.3,--,13,28669,买盘
1375,10:40:36,21.3,--,15,31950,买盘
1376,10:40:33,21.3,0.01,15,31950,买盘
1377,10:40:27,21.29,--,1,2129,卖盘
1378,10:40:21,21.29,--,11,23419,卖盘
1379,10:40:18,21.29,-0.01,2,4811,卖盘
1380,10:40:06,21.3,-0.01,13,28840,卖盘
1381,10:40:00,21.31,-0.01,5,10655,卖盘
1382,10:39:57,21.32,0.01,3,6396,买盘
1383,10:39:48,21.31,0.01,6,12786,买盘
1384,10:39:45,21.3,--,21,44730,卖盘
1385,10:39:39,21.3,--,17,36210,卖盘
1386,10:39:36,21.3,--,1,2130,卖盘
1387,10:39:15,21.3,--,1,2130,卖盘
1388,10:39:12,21.3,--,53,113869,卖盘
1389,10:39:09,21.3,--,5,10650,卖盘
1390,10:39:03,21.3,-0.01,8,17040,中性盘
1391,10:38:48,21.31,0.01,10,21310,买盘
1392,10:38:45,21.3,--,1,2130,买盘
1393,10:38:42,21.3,--,4,8520,买盘
1394,10:38:39,21.3,-0.02,6,12780,卖盘
1395,10:38:30,21.32,0.01,50,106600,买盘
1396,10:38:21,21.31,-0.01,5,10655,卖盘
1397,10:38:18,21.32,0.01,40,85280,买盘
1398,10:38:15,21.31,--,10,21310,卖盘
1399,10:38:09,21.31,--,3,6393,卖盘
1400,10:38:06,21.31,--,1,2131,卖盘
1401,10:38:00,21.31,--,6,12786,卖盘
1402,10:37:57,21.31,0.01,19,40489,买盘
1403,10:37:54,21.3,--,94,200220,卖盘
1404,10:37:51,21.3,-0.01,2,4260,卖盘
1405,10:37:39,21.31,--,6,12786,卖盘
1406,10:37:36,21.31,--,3,6393,卖盘
1407,10:37:30,21.31,--,5,10655,卖盘
1408,10:37:27,21.31,-0.01,1,2131,卖盘
1409,10:37:18,21.32,0.01,5,10660,买盘
1410,10:37:12,21.31,-0.01,5,10655,卖盘
1411,10:37:00,21.32,--,4,8528,买盘
1412,10:36:54,21.32,--,2,4264,买盘
1413,10:36:36,21.32,--,3,6396,买盘
1414,10:36:27,21.32,0.02,1,2132,买盘
1415,10:36:21,21.3,-0.02,150,319500,卖盘
1416,10:36:18,21.32,--,30,63960,买盘
1417,10:36:15,21.32,--,12,25584,买盘
1418,10:36:12,21.32,--,28,59696,卖盘
1419,10:36:06,21.32,-0.01,10,21320,卖盘
1420,10:36:03,21.33,0.01,4,8532,买盘
1421,10:36:00,21.32,--,29,61828,卖盘
1422,10:35:57,21.32,--,1,2132,卖盘
1423,10:35:51,21.32,--,55,117260,卖盘
1424,10:35:45,21.32,--,13,27716,卖盘
1425,10:35:42,21.32,--,1,2132,卖盘
1426,10:35:39,21.32,--,2,4264,卖盘
1427,10:35:36,21.32,--,1,2132,卖盘
1428,10:35:27,21.32,--,2,4264,卖盘
1429,10:35:24,21.32,--,11,23452,买盘
1430,10:35:21,21.32,--,29,61828,买盘
1431,10:35:09,21.32,-0.01,3,6396,中性盘
1432,10:34:54,21.33,0.02,5,10665,买盘
1433,10:34:42,21.31,-0.01,20,42620,卖盘
1434,10:34:39,21.32,-0.01,1,2132,中性盘
1435,10:34:33,21.33,--,10,21330,买盘
1436,10:34:24,21.33,--,10,21330,中性盘
1437,10:34:21,21.33,--,20,42660,卖盘
1438,10:34:18,21.33,--,14,29861,卖盘
1439,10:34:15,21.33,-0.01,3,6398,卖盘
1440,10:34:06,21.34,0.01,10,21340,买盘
1441,10:34:00,21.33,--,5,10665,卖盘
1442,10:33:54,21.33,-0.02,5,10665,卖盘
1443,10:33:45,21.35,0.02,15,32025,买盘
1444,10:33:42,21.33,--,1,2133,卖盘
1445,10:33:33,21.33,-0.01,26,55457,卖盘
1446,10:33:30,21.34,0.01,10,21340,买盘
1447,10:33:24,21.33,-0.02,6,12797,卖盘
1448,10:33:18,21.35,--,22,46970,卖盘
1449,10:33:15,21.35,0.01,3,6405,卖盘
1450,10:33:12,21.34,--,48,102432,买盘
1451,10:33:06,21.34,-0.02,82,174988,卖盘
1452,10:33:03,21.36,0.01,200,427200,买盘
1453,10:33:00,21.35,0.01,57,121695,买盘
1454,10:32:57,21.34,-0.01,20,42680,卖盘
1455,10:32:54,21.35,--,46,98210,买盘
1456,10:32:51,21.35,0.01,15,32025,买盘
1457,10:32:48,21.34,-0.01,3,6402,卖盘
1458,10:32:42,21.35,0.01,22,46970,买盘
1459,10:32:36,21.34,--,1,2134,卖盘
1460,10:32:33,21.34,--,5,10670,卖盘
1461,10:32:30,21.34,--,5,10670,卖盘
1462,10:32:27,21.34,--,3,6402,卖盘
1463,10:32:24,21.34,0.01,30,64020,买盘
1464,10:32:18,21.33,--,32,68256,买盘
1465,10:32:15,21.33,--,20,42660,买盘
1466,10:32:12,21.33,--,35,74655,买盘
1467,10:32:09,21.33,--,79,168507,买盘
1468,10:32:03,21.33,0.01,22,46925,买盘
1469,10:32:00,21.32,--,21,44772,卖盘
1470,10:31:57,21.32,-0.01,41,87412,卖盘
1471,10:31:51,21.33,--,30,63989,买盘
1472,10:31:48,21.33,--,18,38394,买盘
1473,10:31:45,21.33,--,58,123713,买盘
1474,10:31:39,21.33,0.01,31,66123,买盘
1475,10:31:36,21.32,--,18,38376,卖盘
1476,10:31:33,21.32,--,15,31980,卖盘
1477,10:31:30,21.32,--,2,4264,卖盘
1478,10:31:18,21.32,0.01,8,17056,中性盘
1479,10:31:15,21.31,-0.01,17,36227,卖盘
1480,10:31:12,21.32,--,22,46904,买盘
1481,10:31:09,21.32,0.01,5,10660,买盘
1482,10:31:06,21.31,-0.01,1,2131,卖盘
1483,10:31:03,21.32,--,7,14924,买盘
1484,10:31:00,21.32,--,22,46904,买盘
1485,10:30:54,21.32,--,7,14924,买盘
1486,10:30:51,21.32,0.01,4,8528,买盘
1487,10:30:48,21.31,--,1,2131,卖盘
1488,10:30:42,21.31,0.01,47,100157,买盘
1489,10:30:39,21.3,-0.01,37,78810,卖盘
1490,10:30:36,21.31,0.02,3,6393,买盘
1491,10:30:33,21.29,-0.01,34,72386,卖盘
1492,10:30:30,21.3,-0.01,8,17040,卖盘
1493,10:30:21,21.31,0.01,3,6393,买盘
1494,10:30:18,21.3,--,2,4260,卖盘
1495,10:30:12,21.3,--,4,8520,卖盘
1496,10:30:09,21.3,--,5,10650,买盘
1497,10:30:03,21.3,--,3,6390,买盘
1498,10:29:57,21.3,--,3,6390,买盘
1499,10:29:54,21.3,0.01,1,2130,买盘
1500,10:29:51,21.29,--,1,2129,卖盘
1501,10:29:45,21.29,-0.02,6,12774,卖盘
1502,10:29:42,21.31,0.02,25,53275,买盘
1503,10:29:36,21.29,--,10,21290,卖盘
1504,10:29:21,21.29,-0.02,111,236319,卖盘
1505,10:29:15,21.31,0.02,2,4262,买盘
1506,10:29:03,21.29,--,2,4258,卖盘
1507,10:28:57,21.29,-0.02,20,42580,卖盘
1508,10:28:54,21.31,0.01,18,38358,买盘
1509,10:28:51,21.3,0.01,1,2130,买盘
1510,10:28:48,21.29,--,1,2129,卖盘
1511,10:28:45,21.29,--,3,6387,卖盘
1512,10:28:39,21.29,-0.02,20,42580,卖盘
1513,10:28:30,21.31,0.01,6,12786,买盘
1514,10:28:27,21.3,--,23,48990,买盘
1515,10:28:24,21.3,--,10,21300,买盘
1516,10:28:18,21.3,--,12,25560,买盘
1517,10:28:15,21.3,0.01,15,31950,买盘
1518,10:28:09,21.29,-0.01,17,36193,卖盘
1519,10:28:06,21.3,--,3,6390,买盘
1520,10:28:03,21.3,--,11,23430,买盘
1521,10:28:00,21.3,0.01,3,6390,买盘
1522,10:27:57,21.29,-0.01,10,21290,卖盘
1523,10:27:51,21.3,--,5,10650,卖盘
1524,10:27:45,21.3,--,20,42600,买盘
1525,10:27:42,21.3,--,39,83070,买盘
1526,10:27:36,21.3,0.01,16,34080,买盘
1527,10:27:30,21.29,-0.01,16,34064,卖盘
1528,10:27:24,21.3,--,127,270510,买盘
1529,10:27:21,21.3,--,10,21300,买盘
1530,10:27:18,21.3,0.01,10,21300,买盘
1531,10:27:06,21.29,0.01,11,23972,买盘
1532,10:27:00,21.28,-0.01,20,42560,卖盘
1533,10:26:57,21.29,--,32,68128,买盘
1534,10:26:54,21.29,--,40,85160,买盘
1535,10:26:45,21.29,0.01,50,106450,买盘
1536,10:26:24,21.28,-0.01,1,2128,卖盘
1537,10:26:21,21.29,--,14,29806,买盘
1538,10:26:18,21.29,--,24,51096,买盘
1539,10:26:15,21.29,--,2,4258,买盘
1540,10:26:09,21.29,--,27,57483,买盘
1541,10:26:03,21.29,0.01,35,74515,买盘
1542,10:26:00,21.28,--,1,2128,卖盘
1543,10:25:42,21.28,--,83,178283,买盘
1544,10:25:36,21.28,--,16,34048,买盘
1545,10:25:33,21.28,-0.01,110,234080,卖盘
1546,10:25:30,21.29,--,3,6387,买盘
1547,10:25:24,21.29,0.01,3,6387,买盘
1548,10:25:18,21.28,--,1,2128,卖盘
1549,10:25:15,21.28,0.02,39,82992,买盘
1550,10:24:57,21.26,-0.02,5,10630,卖盘
1551,10:24:51,21.28,--,5,10640,买盘
1552,10:24:36,21.28,--,2,4256,买盘
1553,10:24:33,21.28,0.01,5,10640,买盘
1554,10:24:24,21.27,--,9,19143,买盘
1555,10:24:12,21.27,--,4,8508,买盘
1556,10:24:09,21.27,0.01,110,233970,买盘
1557,10:24:06,21.26,-0.01,1,2126,卖盘
1558,10:23:57,21.27,0.01,6,12762,买盘
1559,10:23:42,21.26,--,65,138190,买盘
1560,10:23:33,21.26,0.01,8,17008,买盘
1561,10:23:30,21.25,-0.01,47,99875,卖盘
1562,10:23:09,21.26,-0.01,1,2126,买盘
1563,10:23:06,21.27,--,37,78699,卖盘
1564,10:23:00,21.27,-0.01,5,10635,卖盘
1565,10:22:57,21.28,--,5,10640,买盘
1566,10:22:51,21.28,--,15,31920,买盘
1567,10:22:45,21.28,-0.01,29,61712,卖盘
1568,10:22:36,21.29,--,1,2129,买盘
1569,10:22:30,21.29,0.01,10,21290,买盘
1570,10:22:27,21.28,-0.01,5,10640,卖盘
1571,10:22:24,21.29,0.01,1,2129,买盘
1572,10:22:15,21.28,-0.01,5,10640,卖盘
1573,10:22:06,21.29,0.01,35,74515,买盘
1574,10:21:54,21.28,-0.01,18,38304,中性盘
1575,10:21:48,21.29,0.01,5,10645,买盘
1576,10:21:45,21.28,--,1,2128,卖盘
1577,10:21:36,21.28,0.01,7,14896,买盘
1578,10:21:24,21.27,0.01,29,61683,买盘
1579,10:21:21,21.26,-0.01,5,10630,买盘
1580,10:21:09,21.27,0.01,5,10635,买盘
1581,10:20:57,21.26,--,57,121182,买盘
1582,10:20:51,21.26,0.01,2,4252,买盘
1583,10:20:45,21.25,--,9,19125,卖盘
1584,10:20:42,21.25,0.01,4,8500,买盘
1585,10:20:33,21.24,-0.01,1,2124,卖盘
1586,10:20:30,21.25,--,3,6375,买盘
1587,10:20:24,21.25,0.01,1,2125,中性盘
1588,10:20:18,21.24,-0.01,91,193284,卖盘
1589,10:20:09,21.25,--,5,10625,卖盘
1590,10:19:57,21.25,0.01,1,2125,买盘
1591,10:19:54,21.24,-0.02,17,36108,卖盘
1592,10:19:51,21.26,--,45,95670,卖盘
1593,10:19:48,21.26,0.01,23,48898,买盘
1594,10:19:27,21.25,--,1,2125,卖盘
1595,10:19:21,21.25,--,1,2125,卖盘
1596,10:19:18,21.25,--,10,21250,卖盘
1597,10:19:15,21.25,-0.01,10,21250,卖盘
1598,10:19:03,21.26,--,5,10630,买盘
1599,10:18:57,21.26,--,12,25512,卖盘
1600,10:18:51,21.26,--,25,53150,卖盘
1601,10:18:48,21.26,--,4,8504,卖盘
1602,10:18:45,21.26,-0.01,1,2126,卖盘
1603,10:18:33,21.27,0.01,13,27651,买盘
1604,10:18:30,21.26,-0.01,13,27638,卖盘
1605,10:18:21,21.27,--,24,51048,卖盘
1606,10:18:12,21.27,-0.01,1,2127,卖盘
1607,10:18:03,21.28,-0.01,9,19152,卖盘
1608,10:18:00,21.29,0.01,4,8516,买盘
1609,10:17:57,21.28,-0.01,2,4256,卖盘
1610,10:17:45,21.29,--,5,10645,买盘
1611,10:17:42,21.29,--,14,31381,卖盘
1612,10:17:39,21.29,--,11,23419,卖盘
1613,10:17:33,21.29,--,31,66552,卖盘
1614,10:17:27,21.29,-0.01,16,34064,卖盘
1615,10:17:24,21.3,0.01,1,2130,买盘
1616,10:17:15,21.29,-0.01,11,23419,卖盘
1617,10:17:12,21.3,--,3,6390,买盘
1618,10:17:09,21.3,--,4,8520,买盘
1619,10:17:06,21.3,--,4,8520,买盘
1620,10:17:03,21.3,0.01,2,4260,买盘
1621,10:17:00,21.29,--,1,2129,卖盘
1622,10:16:51,21.29,--,5,10645,卖盘
1623,10:16:42,21.29,--,50,106450,卖盘
1624,10:16:30,21.29,-0.01,1,2129,卖盘
1625,10:16:24,21.3,0.01,10,21300,买盘
1626,10:16:12,21.29,--,28,59612,买盘
1627,10:16:09,21.29,0.01,2,4258,中性盘
1628,10:16:03,21.28,--,10,21280,卖盘
1629,10:16:00,21.28,--,2,4256,卖盘
1630,10:15:54,21.28,--,4,8512,卖盘
1631,10:15:48,21.28,-0.02,1,2128,卖盘
1632,10:15:42,21.3,0.01,56,119280,买盘
1633,10:15:39,21.29,--,5,10645,中性盘
1634,10:15:30,21.29,--,11,23419,卖盘
1635,10:15:18,21.29,--,10,21290,卖盘
1636,10:15:15,21.29,--,10,21290,卖盘
1637,10:15:12,21.29,0.01,14,29806,中性盘
1638,10:15:06,21.28,-0.01,48,102144,卖盘
1639,10:14:51,21.29,--,20,42580,卖盘
1640,10:14:42,21.29,0.01,14,29806,买盘
1641,10:14:36,21.28,-0.01,1,2128,卖盘
1642,10:14:30,21.29,--,6,12774,买盘
1643,10:14:21,21.29,0.01,10,21290,中性盘
1644,10:14:12,21.28,--,2,4256,卖盘
1645,10:14:09,21.28,-0.01,20,42560,卖盘
1646,10:14:06,21.29,0.02,5,10645,买盘
1647,10:13:45,21.27,--,72,153144,卖盘
1648,10:13:33,21.27,--,1,2127,卖盘
1649,10:13:30,21.27,--,8,17016,卖盘
1650,10:13:24,21.27,--,2,4254,卖盘
1651,10:13:15,21.27,--,15,31905,卖盘
1652,10:13:12,21.27,--,33,70191,买盘
1653,10:13:09,21.27,--,5,10635,买盘
1654,10:13:00,21.27,--,2,4254,买盘
1655,10:12:51,21.27,--,55,116985,买盘
1656,10:12:48,21.27,0.01,3,6381,买盘
1657,10:12:45,21.26,-0.01,30,63780,卖盘
1658,10:12:39,21.27,--,26,55302,买盘
1659,10:12:36,21.27,--,5,10635,买盘
1660,10:12:33,21.27,0.01,3,6381,买盘
1661,10:12:30,21.26,-0.01,5,10630,卖盘
1662,10:12:27,21.27,--,1,2127,买盘
1663,10:12:21,21.27,0.02,5,10635,买盘
1664,10:12:18,21.25,-0.02,1,2125,中性盘
1665,10:12:09,21.27,0.01,2,4254,买盘
1666,10:12:00,21.26,0.02,5,10630,买盘
1667,10:11:54,21.24,-0.02,25,53099,卖盘
1668,10:11:48,21.26,0.02,5,10630,买盘
1669,10:11:42,21.24,-0.01,18,38232,卖盘
1670,10:11:33,21.25,--,12,25500,买盘
1671,10:11:30,21.25,-0.01,18,38250,卖盘
1672,10:11:24,21.26,--,23,48898,买盘
1673,10:11:18,21.26,--,120,255120,买盘
1674,10:11:15,21.26,0.01,10,21260,买盘
1675,10:11:09,21.25,--,1,2125,卖盘
1676,10:11:06,21.25,-0.01,10,21250,卖盘
1677,10:10:57,21.26,--,80,170080,买盘
1678,10:10:51,21.26,-0.01,29,61654,卖盘
1679,10:10:42,21.27,0.01,10,21270,买盘
1680,10:10:39,21.26,-0.01,9,19134,卖盘
1681,10:10:27,21.27,--,5,10635,买盘
1682,10:10:24,21.27,-0.01,10,21270,卖盘
1683,10:10:21,21.28,--,3,6384,买盘
1684,10:10:18,21.28,--,6,12768,买盘
1685,10:10:15,21.28,--,10,21280,买盘
1686,10:10:12,21.28,-0.01,11,23408,买盘
1687,10:10:06,21.29,0.01,14,29806,买盘
1688,10:10:00,21.28,--,8,17024,卖盘
1689,10:09:57,21.28,--,1,2128,卖盘
1690,10:09:54,21.28,--,3,6384,卖盘
1691,10:09:51,21.28,--,4,8512,卖盘
1692,10:09:48,21.28,-0.01,1,2128,卖盘
1693,10:09:42,21.29,0.01,5,10645,买盘
1694,10:09:36,21.28,-0.01,5,10640,中性盘
1695,10:09:33,21.29,0.01,20,42580,买盘
1696,10:09:21,21.28,-0.02,11,23408,卖盘
1697,10:09:18,21.3,0.02,11,23430,买盘
1698,10:09:09,21.28,-0.01,10,21280,卖盘
1699,10:09:06,21.29,0.01,2,4258,买盘
1700,10:09:03,21.28,--,75,159600,卖盘
1701,10:08:57,21.28,--,15,31920,卖盘
1702,10:08:54,21.28,--,22,46816,卖盘
1703,10:08:51,21.28,--,1,2128,卖盘
1704,10:08:42,21.28,--,2,4256,卖盘
1705,10:08:33,21.28,0.02,1,2128,买盘
1706,10:08:30,21.26,-0.06,59,125434,卖盘
1707,10:08:24,21.32,0.02,32,68224,买盘
1708,10:08:21,21.3,--,50,106500,买盘
1709,10:08:18,21.3,0.02,97,206610,买盘
1710,10:08:15,21.28,--,13,27664,买盘
1711,10:08:12,21.28,-0.01,6,12768,中性盘
1712,10:08:06,21.29,0.01,10,21290,买盘
1713,10:08:03,21.28,--,1,2128,买盘
1714,10:08:00,21.28,-0.01,48,102144,卖盘
1715,10:07:57,21.29,--,1,2129,买盘
1716,10:07:48,21.29,-0.01,32,68128,卖盘
1717,10:07:42,21.3,-0.01,75,159750,卖盘
1718,10:07:39,21.31,--,28,59668,卖盘
1719,10:07:36,21.31,-0.01,10,21310,卖盘
1720,10:07:33,21.32,0.01,13,27716,买盘
1721,10:07:30,21.31,-0.01,5,10655,卖盘
1722,10:07:27,21.32,--,10,21320,买盘
1723,10:07:24,21.32,-0.01,8,17056,卖盘
1724,10:07:21,21.33,--,7,14930,买盘
1725,10:07:18,21.33,0.01,21,44793,买盘
1726,10:07:15,21.32,--,8,17056,卖盘
1727,10:07:12,21.32,-0.02,13,27716,卖盘
1728,10:07:09,21.34,--,13,27742,买盘
1729,10:07:06,21.34,--,10,21340,买盘
1730,10:06:57,21.34,-0.01,50,106700,卖盘
1731,10:06:54,21.35,--,12,25620,买盘
1732,10:06:45,21.35,--,20,42700,买盘
1733,10:06:42,21.35,-0.01,14,29890,买盘
1734,10:06:33,21.36,0.01,10,21360,买盘
1735,10:06:30,21.35,0.01,10,21350,买盘
1736,10:06:27,21.34,--,26,55484,卖盘
1737,10:06:24,21.34,-0.01,6,12804,卖盘
1738,10:06:21,21.35,--,21,44835,买盘
1739,10:06:18,21.35,--,2,4270,买盘
1740,10:06:15,21.35,0.02,5,10675,买盘
1741,10:06:12,21.33,-0.01,33,70389,卖盘
1742,10:06:09,21.34,--,12,25608,买盘
1743,10:06:06,21.34,--,24,51216,卖盘
1744,10:06:03,21.34,-0.01,6,12804,卖盘
1745,10:06:00,21.35,--,38,81130,买盘
1746,10:05:57,21.35,0.01,61,130235,买盘
1747,10:05:54,21.34,--,10,21340,买盘
1748,10:05:51,21.34,--,8,17072,卖盘
1749,10:05:45,21.34,-0.01,13,27742,卖盘
1750,10:05:42,21.35,0.01,90,192150,买盘
1751,10:05:39,21.34,-0.01,1,2134,中性盘
1752,10:05:24,21.35,0.01,32,68320,买盘
1753,10:05:21,21.34,0.03,8,17072,买盘
1754,10:05:15,21.31,-0.02,18,38358,卖盘
1755,10:05:12,21.33,0.02,2,4266,买盘
1756,10:05:09,21.31,-0.04,4,8524,卖盘
1757,10:05:06,21.35,0.03,24,51240,买盘
1758,10:05:03,21.32,-0.03,7,14924,卖盘
1759,10:05:00,21.35,0.04,146,311710,买盘
1760,10:04:57,21.31,-0.02,10,21310,卖盘
1761,10:04:54,21.33,0.01,5,10665,中性盘
1762,10:04:51,21.32,0.01,5,10660,中性盘
1763,10:04:39,21.31,-0.01,75,159825,卖盘
1764,10:04:36,21.32,0.01,7,14924,买盘
1765,10:04:33,21.31,--,1,2131,卖盘
1766,10:04:27,21.31,--,6,12786,买盘
1767,10:04:24,21.31,0.02,26,55406,买盘
1768,10:04:12,21.29,-0.02,34,72386,卖盘
1769,10:04:09,21.31,0.02,19,40489,买盘
1770,10:04:06,21.29,-0.01,1,2129,卖盘
1771,10:04:03,21.3,0.01,158,336540,买盘
1772,10:04:00,21.29,--,15,31935,卖盘
1773,10:03:57,21.29,--,31,65999,卖盘
1774,10:03:54,21.29,--,50,106705,买盘
1775,10:03:51,21.29,0.01,7,14903,买盘
1776,10:03:42,21.28,--,16,34048,卖盘
1777,10:03:39,21.28,--,26,55328,卖盘
1778,10:03:36,21.28,--,35,74480,卖盘
1779,10:03:33,21.28,--,5,10640,卖盘
1780,10:03:30,21.28,-0.01,4,8512,卖盘
1781,10:03:24,21.29,0.01,50,106450,买盘
1782,10:03:18,21.28,--,8,17024,卖盘
1783,10:03:12,21.28,0.02,38,80864,买盘
1784,10:03:09,21.26,--,1,2126,卖盘
1785,10:03:06,21.26,--,1,2126,卖盘
1786,10:03:00,21.26,--,137,291262,卖盘
1787,10:02:54,21.26,-0.03,7,14882,卖盘
1788,10:02:51,21.29,0.01,170,361930,买盘
1789,10:02:45,21.28,--,6,12768,买盘
1790,10:02:39,21.28,--,2,4256,买盘
1791,10:02:36,21.28,--,39,82992,卖盘
1792,10:02:30,21.28,-0.01,36,76608,卖盘
1793,10:02:27,21.29,-0.01,30,63870,卖盘
1794,10:02:24,21.3,0.01,19,40470,买盘
1795,10:02:21,21.29,--,10,21290,卖盘
1796,10:02:18,21.29,--,14,29806,卖盘
1797,10:02:15,21.29,--,2,4258,买盘
1798,10:02:12,21.29,-0.01,8,17032,卖盘
1799,10:02:09,21.3,0.01,19,40470,买盘
1800,10:02:06,21.29,--,80,170320,买盘
1801,10:02:03,21.29,--,3,6387,买盘
1802,10:01:57,21.29,--,7,14903,卖盘
1803,10:01:54,21.29,--,5,10645,卖盘
1804,10:01:51,21.29,--,21,44709,卖盘
1805,10:01:45,21.29,--,67,142643,买盘
1806,10:01:33,21.29,0.01,65,138385,买盘
1807,10:01:30,21.28,--,41,87248,卖盘
1808,10:01:27,21.28,-0.01,10,21280,卖盘
1809,10:01:24,21.29,--,12,25548,买盘
1810,10:01:21,21.29,--,18,38322,买盘
1811,10:01:18,21.29,0.01,26,55354,买盘
1812,10:01:15,21.28,--,5,10640,卖盘
1813,10:01:12,21.28,--,15,31920,卖盘
1814,10:01:09,21.28,--,56,119168,卖盘
1815,10:01:06,21.28,--,10,21280,卖盘
1816,10:01:03,21.28,--,4,8512,卖盘
1817,10:01:00,21.28,0.02,30,63840,买盘
1818,10:00:57,21.26,-0.02,12,25512,卖盘
1819,10:00:54,21.28,0.01,34,72352,买盘
1820,10:00:51,21.27,--,2,4254,买盘
1821,10:00:48,21.27,0.01,26,55302,买盘
1822,10:00:45,21.26,-0.02,10,21260,卖盘
1823,10:00:42,21.28,0.01,47,100016,买盘
1824,10:00:39,21.27,0.01,5,10635,买盘
1825,10:00:36,21.26,-0.02,4,8504,卖盘
1826,10:00:33,21.28,0.02,9,19152,买盘
1827,10:00:30,21.26,--,2,4252,买盘
1828,10:00:27,21.26,-0.01,10,21260,卖盘
1829,10:00:24,21.27,0.01,149,316923,买盘
1830,10:00:21,21.26,--,24,51024,卖盘
1831,10:00:18,21.26,-0.01,7,14882,中性盘
1832,10:00:15,21.27,--,15,31905,买盘
1833,10:00:12,21.27,0.01,4,8508,买盘
1834,10:00:09,21.26,-0.01,13,27638,中性盘
1835,10:00:06,21.27,0.01,10,21270,买盘
1836,10:00:03,21.26,0.01,12,25512,买盘
1837,10:00:00,21.25,-0.02,2,4250,卖盘
1838,09:59:57,21.27,--,120,255240,买盘
1839,09:59:54,21.27,--,24,51048,买盘
1840,09:59:48,21.27,--,1,2127,买盘
1841,09:59:45,21.27,0.01,37,78699,买盘
1842,09:59:42,21.26,-0.01,35,74410,卖盘
1843,09:59:39,21.27,--,15,31905,买盘
1844,09:59:36,21.27,--,14,29778,买盘
1845,09:59:33,21.27,-0.01,111,236097,卖盘
1846,09:59:30,21.28,0.02,103,219184,买盘
1847,09:59:24,21.26,-0.02,8,17008,中性盘
1848,09:59:21,21.28,0.02,107,227696,买盘
1849,09:59:18,21.26,0.01,56,119056,买盘
1850,09:59:12,21.25,--,5,10625,卖盘
1851,09:59:09,21.25,0.02,75,159375,买盘
1852,09:59:03,21.23,--,19,40337,卖盘
1853,09:59:00,21.23,0.01,50,106150,买盘
1854,09:58:48,21.22,--,9,19098,卖盘
1855,09:58:45,21.22,0.01,58,123076,买盘
1856,09:58:42,21.21,0.01,24,50904,买盘
1857,09:58:39,21.2,0.03,244,517280,买盘
1858,09:58:27,21.17,-0.01,10,21170,卖盘
1859,09:58:21,21.18,0.01,1,2118,中性盘
1860,09:58:18,21.17,--,201,425517,卖盘
1861,09:58:00,21.17,--,50,105850,买盘
1862,09:57:57,21.17,--,2,4234,买盘
1863,09:57:54,21.17,--,4,8468,买盘
1864,09:57:51,21.17,--,6,12702,买盘
1865,09:57:48,21.17,--,13,27521,买盘
1866,09:57:36,21.17,0.01,2,4234,买盘
1867,09:57:12,21.16,--,7,14812,卖盘
1868,09:57:09,21.16,-0.01,1,2116,卖盘
1869,09:57:06,21.17,0.01,11,23287,买盘
1870,09:57:03,21.16,0.01,10,21160,买盘
1871,09:56:39,21.15,-0.01,6,12690,卖盘
1872,09:56:36,21.16,0.01,10,21160,买盘
1873,09:56:27,21.15,--,1,2115,卖盘
1874,09:56:24,21.15,--,55,116324,买盘
1875,09:56:21,21.15,--,17,35955,买盘
1876,09:56:12,21.15,--,2,4230,买盘
1877,09:56:06,21.15,0.02,7,14804,买盘
1878,09:55:57,21.13,-0.01,19,40147,卖盘
1879,09:55:51,21.14,-0.01,1,2114,卖盘
1880,09:55:48,21.15,0.01,137,289755,买盘
1881,09:55:42,21.14,--,2,4228,买盘
1882,09:55:39,21.14,0.01,2,4228,买盘
1883,09:55:33,21.13,--,10,21130,卖盘
1884,09:55:27,21.13,--,20,42260,卖盘
1885,09:55:24,21.13,--,4,8452,卖盘
1886,09:55:18,21.13,--,5,10565,卖盘
1887,09:55:09,21.13,--,11,23243,卖盘
1888,09:55:06,21.13,-0.01,7,14791,卖盘
1889,09:55:03,21.14,0.01,3,6342,买盘
1890,09:54:57,21.13,--,10,21130,卖盘
1891,09:54:51,21.13,-0.01,13,27469,买盘
1892,09:54:45,21.14,--,24,50736,买盘
1893,09:54:24,21.14,--,5,10570,买盘
1894,09:54:15,21.14,0.02,4,8456,买盘
1895,09:54:12,21.12,--,7,14784,卖盘
1896,09:53:57,21.12,-0.01,3,6336,卖盘
1897,09:53:51,21.13,-0.01,53,111989,卖盘
1898,09:53:48,21.14,--,10,21140,买盘
1899,09:53:45,21.14,0.01,34,71876,买盘
1900,09:53:42,21.13,--,7,14791,卖盘
1901,09:53:39,21.13,--,1,2113,卖盘
1902,09:53:36,21.13,--,3,6339,卖盘
1903,09:53:33,21.13,-0.01,1,2113,卖盘
1904,09:53:21,21.14,-0.01,15,31710,卖盘
1905,09:53:18,21.15,0.01,1,2115,买盘
1906,09:53:15,21.14,--,3,6342,卖盘
1907,09:53:06,21.14,--,3,6342,卖盘
1908,09:52:51,21.14,--,25,52850,卖盘
1909,09:52:45,21.14,--,1,2114,卖盘
1910,09:52:36,21.14,--,1,2114,卖盘
1911,09:52:33,21.14,--,3,6342,卖盘
1912,09:52:27,21.14,-0.01,1,2114,卖盘
1913,09:52:24,21.15,0.01,14,29609,买盘
1914,09:52:21,21.14,--,7,14798,卖盘
1915,09:52:18,21.14,--,6,12684,卖盘
1916,09:52:12,21.14,--,3,6342,卖盘
1917,09:51:57,21.14,0.01,14,29596,买盘
1918,09:51:48,21.13,--,57,120441,卖盘
1919,09:51:39,21.13,-0.02,32,67616,卖盘
1920,09:51:24,21.15,--,30,63449,中性盘
1921,09:51:21,21.15,0.02,2,4230,买盘
1922,09:51:15,21.13,-0.01,1,2113,卖盘
1923,09:51:12,21.14,-0.01,5,10570,卖盘
1924,09:51:09,21.15,0.01,60,126899,买盘
1925,09:50:57,21.14,--,3,6342,卖盘
1926,09:50:54,21.14,0.01,13,27482,买盘
1927,09:50:45,21.13,--,10,21130,卖盘
1928,09:50:33,21.13,0.01,5,11304,买盘
1929,09:50:30,21.12,--,5,10560,卖盘
1930,09:50:24,21.12,--,9,19008,卖盘
1931,09:50:03,21.12,-0.01,3,6336,卖盘
1932,09:50:00,21.13,0.01,5,10565,买盘
1933,09:49:57,21.12,-0.01,3,6336,卖盘
1934,09:49:48,21.13,-0.01,19,41520,卖盘
1935,09:49:45,21.14,--,10,21140,卖盘
1936,09:49:42,21.14,-0.01,10,21140,卖盘
1937,09:49:36,21.15,--,20,42300,买盘
1938,09:49:33,21.15,--,9,19775,买盘
1939,09:49:27,21.15,0.01,1,2115,买盘
1940,09:49:21,21.14,--,5,10570,卖盘
1941,09:49:18,21.14,-0.01,3,6342,卖盘
1942,09:49:15,21.15,0.01,5,10575,买盘
1943,09:49:12,21.14,-0.01,11,23254,卖盘
1944,09:48:54,21.15,--,5,10575,买盘
1945,09:48:51,21.15,0.01,32,67680,买盘
1946,09:48:48,21.14,-0.01,161,341728,卖盘
1947,09:48:45,21.15,--,2,4230,卖盘
1948,09:48:42,21.15,-0.01,22,46530,卖盘
1949,09:48:39,21.16,0.01,8,16928,买盘
1950,09:48:24,21.15,--,1,2855,卖盘
1951,09:48:21,21.15,--,1,2115,卖盘
1952,09:48:09,21.15,--,30,63449,买盘
1953,09:48:00,21.15,0.01,49,103635,买盘
1954,09:47:57,21.14,--,2,4228,卖盘
1955,09:47:54,21.14,--,7,14798,买盘
1956,09:47:45,21.14,--,3,6342,卖盘
1957,09:47:42,21.14,--,5,10570,卖盘
1958,09:47:15,21.14,0.01,7,16150,买盘
1959,09:47:12,21.13,--,15,31695,卖盘
1960,09:47:09,21.13,-0.01,9,19017,卖盘
1961,09:47:03,21.14,0.01,2,4228,买盘
1962,09:47:00,21.13,--,2,4226,卖盘
1963,09:46:54,21.13,--,63,133119,卖盘
1964,09:46:48,21.13,-0.01,1,2113,卖盘
1965,09:46:45,21.14,0.01,10,21140,买盘
1966,09:46:42,21.13,--,2,4226,卖盘
1967,09:46:39,21.13,-0.01,1,2113,卖盘
1968,09:46:30,21.14,--,14,29596,买盘
1969,09:46:24,21.14,--,67,141638,卖盘
1970,09:46:21,21.14,-0.01,17,35938,卖盘
1971,09:46:18,21.15,--,1,2115,买盘
1972,09:46:06,21.15,-0.01,6,12690,卖盘
1973,09:46:03,21.16,0.01,7,14812,买盘
1974,09:46:00,21.15,--,10,21150,卖盘
1975,09:45:57,21.15,--,29,61334,卖盘
1976,09:45:54,21.15,--,3,6345,卖盘
1977,09:45:48,21.15,-0.01,50,105750,卖盘
1978,09:45:45,21.16,-0.01,8,16928,卖盘
1979,09:45:42,21.17,--,1,2117,买盘
1980,09:45:39,21.17,-0.01,20,42340,卖盘
1981,09:45:36,21.18,--,4,8472,买盘
1982,09:45:33,21.18,--,9,19062,买盘
1983,09:45:30,21.18,--,51,108018,买盘
1984,09:45:27,21.18,--,10,21180,买盘
1985,09:45:24,21.18,0.02,10,21180,买盘
1986,09:45:21,21.16,-0.02,3,6348,卖盘
1987,09:45:09,21.18,--,6,12708,卖盘
1988,09:45:06,21.18,-0.01,2,4236,卖盘
1989,09:45:03,21.19,0.01,30,63570,买盘
1990,09:45:00,21.18,--,6,12708,卖盘
1991,09:44:57,21.18,-0.01,16,33888,卖盘
1992,09:44:54,21.19,--,1,2119,买盘
1993,09:44:51,21.19,0.01,18,38142,买盘
1994,09:44:48,21.18,-0.01,1,2118,卖盘
1995,09:44:45,21.19,0.01,24,50856,买盘
1996,09:44:39,21.18,-0.01,7,14826,卖盘
1997,09:44:36,21.19,--,2,4238,卖盘
1998,09:44:33,21.19,0.01,1,2119,买盘
1999,09:44:30,21.18,--,14,29652,买盘
2000,09:44:27,21.18,--,10,21180,买盘
2001,09:44:21,21.18,0.03,4,8472,买盘
2002,09:44:15,21.15,-0.03,20,42300,卖盘
2003,09:44:12,21.18,0.02,15,31770,买盘
2004,09:44:09,21.16,-0.02,1,2116,卖盘
2005,09:44:06,21.18,0.02,31,65658,买盘
2006,09:44:00,21.16,0.01,4,8464,买盘
2007,09:43:57,21.15,--,206,435689,买盘
2008,09:43:54,21.15,--,10,21150,买盘
2009,09:43:51,21.15,--,5,10575,买盘
2010,09:43:48,21.15,--,11,23265,买盘
2011,09:43:45,21.15,--,35,74025,买盘
2012,09:43:42,21.15,--,55,116324,买盘
2013,09:43:36,21.15,0.01,4,8460,买盘
2014,09:43:33,21.14,--,1,2114,卖盘
2015,09:43:30,21.14,-0.01,5,10570,卖盘
2016,09:43:27,21.15,--,3,6345,买盘
2017,09:43:24,21.15,0.01,83,175545,买盘
2018,09:43:21,21.14,--,26,54964,买盘
2019,09:43:18,21.14,--,7,14798,买盘
2020,09:43:15,21.14,--,12,25368,买盘
2021,09:43:12,21.14,--,60,126840,买盘
2022,09:43:09,21.14,--,3,6342,买盘
2023,09:43:06,21.14,--,72,152208,买盘
2024,09:43:00,21.14,0.01,4,8456,买盘
2025,09:42:57,21.13,-0.01,1,2113,卖盘
2026,09:42:51,21.14,0.01,20,42280,买盘
2027,09:42:48,21.13,-0.01,5,10565,卖盘
2028,09:42:45,21.14,0.01,8,16912,买盘
2029,09:42:36,21.13,-0.01,1,2113,卖盘
2030,09:42:33,21.14,-0.01,2,4228,中性盘
2031,09:42:27,21.15,--,5,10575,买盘
2032,09:42:24,21.15,0.01,100,211500,买盘
2033,09:42:21,21.14,0.01,10,21140,买盘
2034,09:42:18,21.13,-0.01,5,10565,卖盘
2035,09:42:15,21.14,0.01,21,44394,买盘
2036,09:42:09,21.13,-0.01,3,6339,卖盘
2037,09:42:03,21.14,--,2,4228,买盘
2038,09:41:57,21.14,--,20,42280,买盘
2039,09:41:51,21.14,0.03,3,6342,买盘
2040,09:41:48,21.11,--,1,2111,卖盘
2041,09:41:42,21.11,-0.02,8,16888,卖盘
2042,09:41:36,21.13,--,5,10565,买盘
2043,09:41:27,21.13,0.02,5,10565,买盘
2044,09:41:18,21.11,--,1,2111,卖盘
2045,09:41:06,21.11,0.01,1,2111,买盘
2046,09:41:00,21.1,--,13,27430,卖盘
2047,09:40:48,21.1,-0.04,8,16880,卖盘
2048,09:40:45,21.14,0.04,3,6342,买盘
2049,09:40:39,21.1,-0.01,21,44310,卖盘
2050,09:40:30,21.11,-0.04,34,71774,卖盘
2051,09:40:18,21.15,--,14,29609,买盘
2052,09:40:15,21.15,--,4,8460,买盘
2053,09:40:06,21.15,--,1,2115,买盘
2054,09:40:00,21.15,--,17,35955,卖盘
2055,09:39:51,21.15,0.05,28,59219,买盘
2056,09:39:45,21.1,-0.02,50,105500,卖盘
2057,09:39:42,21.12,0.02,3,6336,中性盘
2058,09:39:30,21.1,--,104,219440,卖盘
2059,09:39:27,21.1,--,54,113940,卖盘
2060,09:39:24,21.1,-0.02,3,6330,卖盘
2061,09:39:18,21.12,--,5,10560,买盘
2062,09:39:15,21.12,0.01,40,84480,买盘
2063,09:39:12,21.11,-0.03,1,2111,卖盘
2064,09:39:09,21.14,0.04,5,10570,卖盘
2065,09:39:03,21.1,--,3,6330,卖盘
2066,09:38:57,21.1,-0.05,40,84400,卖盘
2067,09:38:54,21.15,0.01,12,25380,买盘
2068,09:38:51,21.14,-0.01,4,8456,中性盘
2069,09:38:45,21.15,--,27,57104,买盘
2070,09:38:42,21.15,--,22,46530,买盘
2071,09:38:39,21.15,--,24,50760,买盘
2072,09:38:36,21.15,-0.02,9,19035,卖盘
2073,09:38:33,21.17,0.02,5,10585,买盘
2074,09:38:30,21.15,-0.02,15,31724,卖盘
2075,09:38:27,21.17,--,27,57159,买盘
2076,09:38:24,21.17,0.02,12,25404,买盘
2077,09:38:21,21.15,--,10,21150,卖盘
2078,09:38:18,21.15,--,11,23265,卖盘
2079,09:38:15,21.15,-0.03,10,21150,卖盘
2080,09:38:09,21.18,--,4,8472,买盘
2081,09:38:06,21.18,--,1,2118,买盘
2082,09:38:00,21.18,--,1,2118,买盘
2083,09:37:51,21.18,--,89,188502,买盘
2084,09:37:48,21.18,0.03,2,4236,中性盘
2085,09:37:45,21.15,-0.04,6,12690,卖盘
2086,09:37:42,21.19,0.01,5,10595,买盘
2087,09:37:39,21.18,--,3,6354,卖盘
2088,09:37:33,21.18,--,3,6354,卖盘
2089,09:37:27,21.18,0.03,9,19062,买盘
2090,09:37:24,21.15,--,5,10575,买盘
2091,09:37:18,21.15,--,1,2115,卖盘
2092,09:37:15,21.15,0.01,50,105750,卖盘
2093,09:37:09,21.14,0.04,5,10570,买盘
2094,09:37:06,21.1,-0.05,5,10550,卖盘
2095,09:37:03,21.15,0.05,3,6345,买盘
2096,09:37:00,21.1,-0.05,38,80180,卖盘
2097,09:36:57,21.15,--,3,6345,买盘
2098,09:36:54,21.15,0.04,2,4230,买盘
2099,09:36:51,21.11,--,20,42220,卖盘
2100,09:36:45,21.11,0.02,5,10555,中性盘
2101,09:36:39,21.09,-0.06,100,210900,卖盘
2102,09:36:33,21.15,0.05,30,63449,买盘
2103,09:36:30,21.1,--,39,83176,买盘
2104,09:36:27,21.1,0.01,14,29540,买盘
2105,09:36:24,21.09,-0.01,1,2109,卖盘
2106,09:36:21,21.1,0.01,10,21100,买盘
2107,09:36:18,21.09,--,2,4218,卖盘
2108,09:36:15,21.09,--,123,259407,卖盘
2109,09:36:09,21.09,--,11,23199,卖盘
2110,09:36:06,21.09,--,18,37962,买盘
2111,09:36:03,21.09,--,11,23199,买盘
2112,09:36:00,21.09,--,24,50616,买盘
2113,09:35:57,21.09,--,2,4218,买盘
2114,09:35:54,21.09,--,15,31635,买盘
2115,09:35:51,21.09,0.01,2,4218,买盘
2116,09:35:48,21.08,--,4,8432,买盘
2117,09:35:45,21.08,0.01,2,4216,买盘
2118,09:35:42,21.07,0.01,8,18499,买盘
2119,09:35:39,21.06,-0.01,24,50544,卖盘
2120,09:35:36,21.07,--,24,50568,买盘
2121,09:35:33,21.07,--,20,42140,买盘
2122,09:35:24,21.07,-0.02,30,63673,卖盘
2123,09:35:21,21.09,0.02,73,153957,买盘
2124,09:35:18,21.07,-0.01,10,21070,卖盘
2125,09:35:09,21.08,--,33,69564,买盘
2126,09:35:03,21.08,--,15,31619,卖盘
2127,09:35:00,21.08,0.01,5,10540,买盘
2128,09:34:57,21.07,-0.02,20,42140,卖盘
2129,09:34:54,21.09,0.02,8,16872,买盘
2130,09:34:48,21.07,-0.01,10,21070,卖盘
2131,09:34:45,21.08,0.01,4,8432,中性盘
2132,09:34:36,21.07,-0.01,22,46354,卖盘
2133,09:34:30,21.08,--,12,25295,卖盘
2134,09:34:27,21.08,0.01,43,90643,买盘
2135,09:34:18,21.07,--,5,10535,卖盘
2136,09:34:15,21.07,--,5,10535,卖盘
2137,09:34:12,21.07,--,40,85923,买盘
2138,09:34:09,21.07,0.01,6,12642,买盘
2139,09:34:06,21.06,-0.01,4,8424,卖盘
2140,09:34:03,21.07,0.01,5,10535,买盘
2141,09:33:57,21.06,-0.01,1,2569,卖盘
2142,09:33:51,21.07,--,10,21070,买盘
2143,09:33:42,21.07,0.01,7,14749,买盘
2144,09:33:39,21.06,0.02,1,3748,买盘
2145,09:33:36,21.04,--,2,4208,卖盘
2146,09:33:33,21.04,-0.03,7,14728,卖盘
2147,09:33:30,21.07,--,1,2107,买盘
2148,09:33:27,21.07,--,35,73745,买盘
2149,09:33:24,21.07,0.01,4,8428,买盘
2150,09:33:21,21.06,-0.01,3,6318,卖盘
2151,09:33:18,21.07,0.01,7,14749,买盘
2152,09:33:15,21.06,-0.01,3,6318,卖盘
2153,09:33:12,21.07,--,7,14749,买盘
2154,09:33:03,21.07,0.03,10,21070,买盘
2155,09:32:57,21.04,--,43,90472,卖盘
2156,09:32:54,21.04,-0.04,10,21040,卖盘
2157,09:32:39,21.08,0.04,10,21080,中性盘
2158,09:32:33,21.04,-0.05,20,42080,卖盘
2159,09:32:30,21.09,--,20,42180,卖盘
2160,09:32:27,21.09,--,1,2109,卖盘
2161,09:32:21,21.09,--,10,21090,卖盘
2162,09:32:15,21.09,--,61,128649,买盘
2163,09:32:06,21.09,--,55,115995,买盘
2164,09:32:03,21.09,0.06,10,21090,买盘
2165,09:32:00,21.03,-0.06,1,2103,中性盘
2166,09:31:57,21.09,0.07,1,2109,买盘
2167,09:31:54,21.02,-0.01,16,33632,卖盘
2168,09:31:51,21.03,-0.05,5,10515,中性盘
2169,09:31:48,21.08,0.07,5,10540,买盘
2170,09:31:45,21.01,-0.01,67,140767,卖盘
2171,09:31:42,21.02,--,30,63060,卖盘
2172,09:31:33,21.02,0.01,1,2102,中性盘
2173,09:31:30,21.01,--,30,63030,卖盘
2174,09:31:27,21.01,--,2,4202,买盘
2175,09:31:24,21.01,--,13,27313,买盘
2176,09:31:21,21.01,--,24,50424,买盘
2177,09:31:18,21.01,--,10,21010,买盘
2178,09:31:15,21.01,--,8,16808,买盘
2179,09:31:12,21.01,--,7,14707,买盘
2180,09:31:09,21.01,-0.11,39,81939,卖盘
2181,09:31:06,21.12,0.02,7,14784,买盘
2182,09:31:03,21.1,-0.05,8,16880,卖盘
2183,09:30:51,21.15,0.15,26,54989,买盘
2184,09:30:48,21.0,-0.12,5,10500,卖盘
2185,09:30:45,21.12,0.02,8,16896,买盘
2186,09:30:42,21.1,--,2,4220,买盘
2187,09:30:39,21.1,--,1,2110,买盘
2188,09:30:36,21.1,0.1,5,10550,买盘
2189,09:30:21,21.0,--,5,10500,买盘
2190,09:30:06,21.0,0.05,29,60900,买盘
2191,09:30:03,20.95,0.01,186,389670,买盘
2192,09:30:00,20.94,--,0,0,卖盘
2193,09:25:03,20.94,20.94,63,131922,买盘
