,time,price,change,volume,amount,type
0,15:00:03,40.3,0.01,231,934153,买盘
1,14:57:00,40.29,--,0,0,买盘
2,14:56:57,40.29,0.09,23,92667,买盘
3,14:56:54,40.2,--,2,8040,买盘
4,14:56:48,40.2,-0.06,2,8040,卖盘
5,14:56:45,40.26,0.15,5,20130,中性盘
6,14:56:42,40.11,-0.16,57,228627,卖盘
7,14:56:36,40.27,0.07,1,4027,买盘
8,14:56:21,40.2,-0.06,6,26130,中性盘
9,14:56:15,40.26,0.08,9,36234,买盘
10,14:56:12,40.18,-0.02,10,40180,卖盘
11,14:56:09,40.2,--,13,54109,买盘
12,14:56:06,40.2,--,39,156780,买盘
13,14:56:03,40.2,--,3,12060,买盘
14,14:55:54,40.2,0.02,25,100500,买盘
15,14:55:51,40.18,--,10,40180,卖盘
16,14:55:48,40.18,--,1,4018,买盘
17,14:55:45,40.18,0.02,5,20090,买盘
18,14:55:42,40.16,0.01,2,8031,卖盘
19,14:55:36,40.15,--,10,40150,中性盘
20,14:55:33,40.15,-0.03,5,20075,卖盘
21,14:55:30,40.18,0.03,22,88396,买盘
22,14:55:27,40.15,-0.03,5,20075,卖盘
23,14:55:24,40.18,--,2,8036,买盘
24,14:55:21,40.18,0.03,21,84378,买盘
25,14:55:09,40.15,--,5,20075,卖盘
26,14:55:03,40.15,--,2,8030,买盘
27,14:55:00,40.15,0.01,1,4015,卖盘
28,14:54:57,40.14,0.04,33,132462,中性盘
29,14:54:36,40.1,--,10,40100,卖盘
30,14:54:27,40.1,-0.05,3,12030,卖盘
31,14:54:24,40.15,0.05,6,24090,买盘
32,14:54:12,40.1,--,40,160400,卖盘
33,14:54:09,40.1,-0.04,21,84210,卖盘
34,14:54:06,40.14,--,17,68238,买盘
35,14:53:57,40.14,0.04,6,24084,买盘
36,14:53:54,40.1,--,2,8020,卖盘
37,14:53:45,40.1,--,1,7619,卖盘
38,14:53:42,40.1,--,7,28070,卖盘
39,14:53:39,40.1,--,4,16040,买盘
40,14:53:36,40.1,--,4,16040,卖盘
41,14:53:33,40.1,0.01,4,16040,卖盘
42,14:53:30,40.09,-0.01,19,76171,卖盘
43,14:53:27,40.1,--,4,16040,卖盘
44,14:53:24,40.1,0.01,15,61473,买盘
45,14:53:21,40.09,-0.01,6,24054,卖盘
46,14:53:12,40.1,--,2,8020,买盘
47,14:53:09,40.1,--,1,4010,买盘
48,14:53:06,40.1,--,25,102936,卖盘
49,14:53:03,40.1,-0.03,55,220550,卖盘
50,14:53:00,40.13,0.03,23,95629,买盘
51,14:52:57,40.1,0.01,0,2005,卖盘
52,14:52:45,40.09,--,4,16036,买盘
53,14:52:39,40.09,--,46,184414,卖盘
54,14:52:36,40.09,--,3,12027,卖盘
55,14:52:27,40.09,-0.01,24,96216,卖盘
56,14:52:21,40.1,0.01,2,8020,买盘
57,14:52:03,40.09,0.02,4,16036,买盘
58,14:51:51,40.07,-0.01,2,8014,买盘
59,14:51:45,40.08,0.02,1,4008,买盘
60,14:51:42,40.06,0.01,1,4006,中性盘
61,14:51:21,40.05,-0.03,3,12015,卖盘
62,14:51:15,40.08,0.02,3,12024,买盘
63,14:51:09,40.06,--,2,8012,中性盘
64,14:51:06,40.06,--,5,20030,中性盘
65,14:51:00,40.06,-0.04,25,100150,卖盘
66,14:50:57,40.1,0.04,10,40100,买盘
67,14:50:54,40.06,--,10,40060,卖盘
68,14:50:42,40.06,-0.03,15,60090,卖盘
69,14:50:39,40.09,--,1,4009,卖盘
70,14:50:33,40.09,--,1,4009,卖盘
71,14:50:27,40.09,-0.01,5,20045,卖盘
72,14:50:24,40.1,--,2,8020,卖盘
73,14:50:18,40.1,-0.03,1,4010,卖盘
74,14:50:15,40.13,0.03,2,8026,买盘
75,14:50:12,40.1,-0.05,5,20050,卖盘
76,14:49:48,40.15,--,2,8030,买盘
77,14:49:45,40.15,0.02,20,80300,买盘
78,14:49:42,40.13,--,3,12039,卖盘
79,14:49:36,40.13,--,3,12039,卖盘
80,14:49:33,40.13,--,12,48156,卖盘
81,14:49:27,40.13,--,11,44143,卖盘
82,14:49:24,40.13,--,14,56182,卖盘
83,14:49:21,40.13,--,2,8026,卖盘
84,14:49:18,40.13,--,25,100325,卖盘
85,14:49:15,40.13,--,1,4013,卖盘
86,14:49:12,40.13,0.07,2,8026,中性盘
87,14:48:21,40.06,-0.09,10,40060,卖盘
88,14:48:15,40.15,--,3,12045,卖盘
89,14:48:12,40.15,0.06,25,100375,买盘
90,14:48:06,40.09,--,2,8018,卖盘
91,14:48:03,40.09,--,1,4009,卖盘
92,14:47:54,40.09,--,5,20045,卖盘
93,14:47:48,40.09,--,1,4009,卖盘
94,14:47:45,40.09,--,1,4009,卖盘
95,14:47:42,40.09,--,2,8018,卖盘
96,14:47:30,40.09,-0.09,1,4009,卖盘
97,14:47:27,40.18,0.08,21,84378,买盘
98,14:47:24,40.1,-0.08,9,36090,卖盘
99,14:47:21,40.18,0.08,1,4018,买盘
100,14:47:18,40.1,-0.08,2,8020,中性盘
101,14:47:15,40.18,0.09,3,12054,买盘
102,14:47:12,40.09,--,2,8018,卖盘
103,14:47:09,40.09,-0.09,4,16036,卖盘
104,14:46:48,40.18,--,1,4018,卖盘
105,14:46:45,40.18,-0.01,2,8036,卖盘
106,14:46:42,40.19,--,3,12057,买盘
107,14:46:30,40.19,--,1,4019,买盘
108,14:46:27,40.19,--,2,8038,买盘
109,14:46:15,40.19,-0.01,1,4019,买盘
110,14:46:06,40.2,0.02,26,106690,卖盘
111,14:45:51,40.18,--,50,200900,卖盘
112,14:45:42,40.18,-0.01,37,148666,卖盘
113,14:45:33,40.19,-0.06,2,8038,卖盘
114,14:45:30,40.25,0.07,50,201250,买盘
115,14:45:27,40.18,-0.01,2,8036,卖盘
116,14:45:24,40.19,--,12,50076,买盘
117,14:45:21,40.19,0.01,1,4019,买盘
118,14:45:15,40.18,--,20,80360,卖盘
119,14:45:09,40.18,--,2,8036,卖盘
120,14:44:57,40.18,-0.01,3,12054,卖盘
121,14:44:51,40.19,0.01,1,4019,买盘
122,14:44:48,40.18,--,10,40180,卖盘
123,14:44:36,40.18,--,1,4018,卖盘
124,14:44:27,40.18,--,2,8036,卖盘
125,14:44:24,40.18,--,1,4018,卖盘
126,14:44:21,40.18,--,2,8036,卖盘
127,14:44:18,40.18,-0.01,6,24108,卖盘
128,14:44:15,40.19,--,2,8038,买盘
129,14:44:12,40.19,0.01,3,12057,买盘
130,14:44:06,40.18,--,6,24108,卖盘
131,14:44:03,40.18,--,1,4018,买盘
132,14:44:00,40.18,--,2,8036,买盘
133,14:43:57,40.18,--,1,4018,买盘
134,14:43:51,40.18,0.02,2,8036,买盘
135,14:43:36,40.16,0.01,20,80320,买盘
136,14:43:27,40.15,0.1,6,24090,买盘
137,14:43:24,40.05,--,17,68085,卖盘
138,14:43:00,40.05,0.04,31,126998,买盘
139,14:42:57,40.01,--,3,12003,买盘
140,14:42:54,40.01,--,10,40010,买盘
141,14:42:51,40.01,--,5,20005,买盘
142,14:42:39,40.01,--,3,12003,买盘
143,14:42:27,40.01,0.01,1,4001,买盘
144,14:42:12,40.0,0.07,9,36000,买盘
145,14:42:09,39.93,-0.07,7,27951,卖盘
146,14:42:06,40.0,--,5,20000,买盘
147,14:41:45,40.0,0.07,3,12000,买盘
148,14:41:39,39.93,--,5,19965,卖盘
149,14:41:33,39.93,0.03,2,7986,卖盘
150,14:41:30,39.9,-0.03,140,558600,卖盘
151,14:41:24,39.93,--,9,35937,买盘
152,14:41:12,39.93,-0.07,3,11979,卖盘
153,14:41:09,40.0,--,10,40000,买盘
154,14:41:06,40.0,--,1,4000,买盘
155,14:41:03,40.0,--,3,12000,买盘
156,14:40:51,40.0,0.09,10,40000,买盘
157,14:40:48,39.91,--,8,31927,卖盘
158,14:40:42,39.91,0.01,27,107756,中性盘
159,14:40:21,39.9,--,7,27930,卖盘
160,14:40:09,39.9,--,2,9536,买盘
161,14:40:06,39.9,--,3,11970,买盘
162,14:40:03,39.9,--,2,7980,买盘
163,14:40:00,39.9,--,30,119700,买盘
164,14:39:57,39.9,--,54,215460,买盘
165,14:39:54,39.9,--,14,55860,买盘
166,14:39:51,39.9,--,3,11970,买盘
167,14:39:45,39.9,--,6,23940,买盘
168,14:39:42,39.9,--,1,3990,买盘
169,14:39:36,39.9,--,7,27930,买盘
170,14:39:33,39.9,--,2,7980,买盘
171,14:39:24,39.9,--,12,47880,买盘
172,14:39:21,39.9,--,12,47880,买盘
173,14:39:18,39.9,--,8,31920,买盘
174,14:39:15,39.9,-0.1,48,191520,卖盘
175,14:39:12,40.0,--,29,116000,买盘
176,14:39:09,40.0,--,31,124000,买盘
177,14:39:06,40.0,0.02,62,248000,买盘
178,14:39:03,39.98,-0.01,9,35982,卖盘
179,14:39:00,39.99,--,9,35991,买盘
180,14:38:57,39.99,--,25,99975,买盘
181,14:38:54,39.99,--,2,7998,买盘
182,14:38:48,39.99,--,2,7998,买盘
183,14:38:45,39.99,--,1,3999,买盘
184,14:38:42,39.99,--,3,11997,买盘
185,14:38:21,39.99,0.04,5,19995,买盘
186,14:38:06,39.95,-0.04,5,19975,卖盘
187,14:38:00,39.99,0.01,7,27993,买盘
188,14:37:51,39.98,-0.01,3,11993,卖盘
189,14:37:48,39.99,0.01,1,3999,买盘
190,14:37:45,39.98,--,2,7995,卖盘
191,14:37:39,39.98,-0.01,8,31983,卖盘
192,14:37:27,39.99,--,7,27993,买盘
193,14:37:24,39.99,0.01,1,3999,买盘
194,14:37:21,39.98,--,4,15991,卖盘
195,14:37:18,39.98,-0.02,11,43978,卖盘
196,14:37:03,40.0,0.01,50,200000,买盘
197,14:37:00,39.99,0.01,1,3999,中性盘
198,14:36:30,39.98,-0.03,200,799599,卖盘
199,14:36:27,40.01,--,5,20005,卖盘
200,14:36:21,40.01,--,1,4001,买盘
201,14:36:00,40.01,-0.01,13,52013,卖盘
202,14:35:57,40.02,--,6,24012,买盘
203,14:35:39,40.02,-0.01,5,20010,卖盘
204,14:35:36,40.03,-0.02,50,200150,买盘
205,14:35:24,40.05,-0.01,4,16019,卖盘
206,14:35:15,40.06,-0.02,4,16024,卖盘
207,14:35:00,40.08,-0.01,3,12024,卖盘
208,14:34:54,40.09,--,20,80180,买盘
209,14:34:48,40.09,-0.01,2,8018,中性盘
210,14:34:39,40.1,--,3,12030,买盘
211,14:34:36,40.1,-0.01,113,453130,卖盘
212,14:34:09,40.11,-0.05,10,40110,卖盘
213,14:34:00,40.16,0.05,3,12047,买盘
214,14:33:54,40.11,0.01,8,34093,买盘
215,14:33:51,40.1,--,2,8020,卖盘
216,14:33:48,40.1,--,2,8020,卖盘
217,14:33:42,40.1,-0.01,128,513280,卖盘
218,14:33:33,40.11,0.01,1,4011,买盘
219,14:33:18,40.1,-0.01,1,4010,卖盘
220,14:33:15,40.11,--,10,40110,卖盘
221,14:32:57,40.11,0.01,7,28077,买盘
222,14:32:42,40.1,-0.01,3,12030,卖盘
223,14:32:36,40.11,-0.04,9,36099,卖盘
224,14:32:33,40.15,0.04,3,12045,买盘
225,14:32:09,40.11,--,1,4011,买盘
226,14:32:06,40.11,--,3,12033,买盘
227,14:31:57,40.11,0.01,1,4011,买盘
228,14:31:54,40.1,-0.01,5,20050,卖盘
229,14:31:48,40.11,0.01,2,8022,买盘
230,14:31:30,40.1,0.02,206,826060,中性盘
231,14:31:15,40.08,--,1,4008,卖盘
232,14:31:03,40.08,--,20,80160,卖盘
233,14:30:57,40.08,--,48,192384,买盘
234,14:30:51,40.08,--,1,4008,买盘
235,14:30:33,40.08,-0.02,7,28056,卖盘
236,14:30:27,40.1,-0.02,5,20050,卖盘
237,14:30:15,40.12,--,1,4011,买盘
238,14:29:45,40.12,-0.05,1,4011,卖盘
239,14:29:36,40.17,--,3,12051,买盘
240,14:29:33,40.17,-0.01,29,116493,卖盘
241,14:29:30,40.18,--,7,28126,买盘
242,14:29:24,40.18,--,3,12054,买盘
243,14:29:15,40.18,--,3,12054,买盘
244,14:29:12,40.18,--,3,12054,买盘
245,14:29:03,40.18,--,86,345548,买盘
246,14:28:42,40.18,--,2,8036,买盘
247,14:28:36,40.18,0.01,3,12054,买盘
248,14:28:15,40.17,--,6,24102,买盘
249,14:28:12,40.17,0.06,98,393666,买盘
250,14:27:48,40.11,0.03,5,20055,买盘
251,14:27:45,40.08,-0.03,1,4008,卖盘
252,14:27:36,40.11,0.06,1,4011,买盘
253,14:27:30,40.05,--,14,56069,卖盘
254,14:27:24,40.05,0.04,4,16019,买盘
255,14:26:57,40.01,--,21,84021,买盘
256,14:26:54,40.01,0.03,13,52013,买盘
257,14:26:48,39.98,-0.03,7,27985,卖盘
258,14:26:45,40.01,0.01,10,40010,买盘
259,14:26:39,40.0,0.02,12,48000,买盘
260,14:26:24,39.98,--,46,185707,买盘
261,14:26:21,39.98,--,10,39980,买盘
262,14:26:15,39.98,--,2,7995,买盘
263,14:26:12,39.98,--,121,483757,买盘
264,14:26:09,39.98,0.08,1,3997,买盘
265,14:26:03,39.9,--,8,31920,卖盘
266,14:25:42,39.9,--,9,35910,买盘
267,14:25:39,39.9,--,8,31920,买盘
268,14:25:36,39.9,--,5,19950,买盘
269,14:25:30,39.9,--,7,27930,买盘
270,14:25:27,39.9,--,2,7980,买盘
271,14:25:24,39.9,--,5,19950,买盘
272,14:25:21,39.9,--,2,7980,买盘
273,14:25:18,39.9,--,12,47880,买盘
274,14:25:15,39.9,--,33,131670,买盘
275,14:25:12,39.9,--,5,19950,买盘
276,14:25:09,39.9,0.05,3,11970,买盘
277,14:25:06,39.85,-0.05,3,11955,卖盘
278,14:25:00,39.9,--,1,3990,买盘
279,14:24:54,39.9,--,6,23940,买盘
280,14:24:51,39.9,--,2,7980,买盘
281,14:24:48,39.9,--,2,7980,买盘
282,14:24:36,39.9,0.14,6,23940,买盘
283,14:24:33,39.76,-0.14,32,127232,卖盘
284,14:24:30,39.9,0.07,49,195510,买盘
285,14:24:18,39.83,0.03,5,19915,卖盘
286,14:24:15,39.8,--,74,297624,买盘
287,14:24:12,39.8,--,20,79600,买盘
288,14:24:09,39.8,--,16,63679,买盘
289,14:24:06,39.8,--,1,3979,买盘
290,14:24:03,39.8,--,5,19900,买盘
291,14:24:00,39.8,--,7,27859,买盘
292,14:23:57,39.8,--,4,15919,买盘
293,14:23:54,39.8,-0.09,151,600980,卖盘
294,14:23:51,39.89,0.02,2,7978,买盘
295,14:23:39,39.87,--,5,19935,买盘
296,14:23:33,39.87,--,1,3986,买盘
297,14:23:30,39.87,--,4,15947,买盘
298,14:23:27,39.87,--,4,15947,买盘
299,14:23:24,39.87,--,1,3986,买盘
300,14:23:12,39.87,--,3,11961,卖盘
301,14:23:03,39.87,-0.03,7,27909,卖盘
302,14:23:00,39.9,--,3,11970,买盘
303,14:22:57,39.9,--,3,11970,买盘
304,14:22:54,39.9,0.03,5,19950,买盘
305,14:22:51,39.87,-0.03,10,39870,卖盘
306,14:22:48,39.9,--,8,31920,买盘
307,14:22:21,39.9,--,2,7980,买盘
308,14:22:18,39.9,--,11,43890,买盘
309,14:22:09,39.9,--,10,39900,买盘
310,14:22:03,39.9,--,15,59850,买盘
311,14:21:54,39.9,--,2,7980,买盘
312,14:21:51,39.9,0.02,2,7980,中性盘
313,14:21:06,39.88,-0.1,3,11964,卖盘
314,14:20:57,39.98,0.11,1,3997,买盘
315,14:20:54,39.87,-0.11,5,19935,卖盘
316,14:20:39,39.98,0.11,3,11993,买盘
317,14:20:30,39.87,--,3,11961,卖盘
318,14:20:27,39.87,--,41,163467,买盘
319,14:20:24,39.87,--,86,342882,买盘
320,14:20:21,39.87,--,5,19935,买盘
321,14:20:18,39.87,--,6,23922,买盘
322,14:20:09,39.87,-0.11,63,251180,卖盘
323,14:20:03,39.98,0.11,2,7995,买盘
324,14:19:57,39.87,-0.11,5,19935,卖盘
325,14:19:51,39.98,--,3,11993,买盘
326,14:19:48,39.98,0.11,3,11993,买盘
327,14:19:45,39.87,-0.11,2,7973,卖盘
328,14:19:42,39.98,--,9,35982,买盘
329,14:19:39,39.98,0.11,7,27985,买盘
330,14:19:27,39.87,--,5,19935,买盘
331,14:19:15,39.87,-0.11,2,7973,中性盘
332,14:18:51,39.98,0.08,2,7995,买盘
333,14:18:48,39.9,-0.08,1,3990,卖盘
334,14:18:45,39.98,--,15,59969,买盘
335,14:18:27,39.98,--,2,7995,买盘
336,14:18:24,39.98,-0.01,7,27985,卖盘
337,14:18:18,39.99,--,1,3999,买盘
338,14:18:15,39.99,--,1,3999,买盘
339,14:18:06,39.99,0.19,2,7998,买盘
340,14:18:00,39.8,-0.19,134,533320,卖盘
341,14:17:51,39.99,--,2,7998,买盘
342,14:17:42,39.99,-0.01,8,31992,中性盘
343,14:17:27,40.0,0.2,6,24000,买盘
344,14:17:15,39.8,-0.19,10,39800,卖盘
345,14:17:09,39.99,0.09,8,31992,买盘
346,14:16:48,39.9,--,3,11970,买盘
347,14:16:45,39.9,0.1,1,3990,买盘
348,14:16:42,39.8,-0.1,1,3979,卖盘
349,14:16:36,39.9,-0.1,1,3990,中性盘
350,14:16:15,40.0,--,34,136000,买盘
351,14:16:00,40.0,0.25,50,200000,买盘
352,14:15:57,39.75,-0.05,8,31800,卖盘
353,14:15:54,39.8,--,3,11940,买盘
354,14:15:51,39.8,0.01,3,11940,买盘
355,14:15:48,39.79,-0.01,1,3979,中性盘
356,14:15:45,39.8,0.03,1,3979,买盘
357,14:15:42,39.77,-0.02,1,3977,中性盘
358,14:15:39,39.79,-0.01,23,91517,中性盘
359,14:15:33,39.8,--,3,11940,买盘
360,14:15:30,39.8,--,50,199000,买盘
361,14:15:15,39.8,--,10,39800,买盘
362,14:15:06,39.8,--,1,3979,买盘
363,14:15:03,39.8,--,5,19900,买盘
364,14:15:00,39.8,--,6,23880,买盘
365,14:14:57,39.8,--,4,15919,买盘
366,14:14:51,39.8,-0.09,174,692520,卖盘
367,14:14:45,39.89,--,3,11967,买盘
368,14:14:42,39.89,-0.02,55,219395,卖盘
369,14:14:27,39.91,--,5,19955,买盘
370,14:14:24,39.91,--,3,11972,买盘
371,14:14:21,39.91,--,4,15963,买盘
372,14:14:15,39.91,0.01,5,19955,买盘
373,14:14:12,39.9,-0.01,2,7980,卖盘
374,14:14:09,39.91,0.01,5,19955,买盘
375,14:14:06,39.9,--,4,15960,卖盘
376,14:14:00,39.9,-0.01,22,87780,卖盘
377,14:13:57,39.91,0.01,4,15963,买盘
378,14:13:54,39.9,-0.01,1,3990,卖盘
379,14:13:51,39.91,--,1,3990,买盘
380,14:13:45,39.91,--,5,19955,买盘
381,14:13:36,39.91,--,3,11972,买盘
382,14:13:33,39.91,--,10,39910,买盘
383,14:13:30,39.91,-0.03,50,199549,卖盘
384,14:13:27,39.94,--,11,43934,卖盘
385,14:13:24,39.94,-0.02,3,11982,卖盘
386,14:13:15,39.96,--,36,143856,买盘
387,14:13:09,39.96,--,10,41958,卖盘
388,14:13:06,39.96,--,11,43956,卖盘
389,14:12:57,39.96,--,10,39960,卖盘
390,14:12:54,39.96,--,9,35964,卖盘
391,14:12:51,39.96,-0.03,43,171828,卖盘
392,14:12:45,39.99,--,2,7998,中性盘
393,14:12:33,39.99,--,7,27993,卖盘
394,14:12:27,39.99,-0.01,1,3999,卖盘
395,14:12:21,40.0,--,72,290000,卖盘
396,14:12:06,40.0,-0.12,70,280000,卖盘
397,14:12:03,40.12,-0.01,5,20060,卖盘
398,14:12:00,40.13,0.01,3,12039,买盘
399,14:11:54,40.12,-0.01,5,20060,卖盘
400,14:11:48,40.13,--,2,8026,买盘
401,14:11:42,40.13,--,2,8026,买盘
402,14:11:36,40.13,-0.01,17,68221,卖盘
403,14:11:33,40.14,--,3,12042,买盘
404,14:11:24,40.14,--,2,8028,买盘
405,14:11:09,40.14,-0.04,1,4014,卖盘
406,14:11:03,40.18,0.04,5,20090,买盘
407,14:11:00,40.14,--,1,4014,卖盘
408,14:10:57,40.14,--,5,20070,卖盘
409,14:10:51,40.14,-0.03,3,12042,卖盘
410,14:10:48,40.17,--,4,16068,卖盘
411,14:10:45,40.17,--,2,8034,卖盘
412,14:10:39,40.17,--,4,16068,卖盘
413,14:10:30,40.17,0.04,1,4017,买盘
414,14:10:27,40.13,-0.04,1,4013,卖盘
415,14:10:09,40.17,-0.01,1,4017,中性盘
416,14:10:06,40.18,--,1,4018,买盘
417,14:10:03,40.18,--,5,20090,买盘
418,14:09:42,40.18,--,3,12054,买盘
419,14:09:39,40.18,0.06,83,333494,买盘
420,14:08:48,40.12,-0.06,0,1083,卖盘
421,14:08:45,40.18,--,6,24108,买盘
422,14:08:42,40.18,-0.06,5,20090,中性盘
423,14:08:18,40.24,0.06,7,28168,买盘
424,14:07:57,40.18,0.06,1,4018,卖盘
425,14:07:21,40.12,-0.06,1,4011,卖盘
426,14:06:54,40.18,0.08,1,4018,买盘
427,14:06:39,40.1,-0.02,5,20050,卖盘
428,14:06:21,40.12,0.02,1,4011,买盘
429,14:06:12,40.1,-0.02,10,40100,卖盘
430,14:06:06,40.12,0.02,2,8023,中性盘
431,14:05:36,40.1,-0.02,5,22055,卖盘
432,14:05:30,40.12,--,5,20060,中性盘
433,14:05:15,40.12,0.01,2,8023,卖盘
434,14:05:00,40.11,0.01,1,4011,中性盘
435,14:04:51,40.1,--,1,4010,卖盘
436,14:04:48,40.1,--,5,20050,卖盘
437,14:04:27,40.1,--,2,8020,卖盘
438,14:04:21,40.1,-0.17,2,8020,卖盘
439,14:04:18,40.27,0.15,7,28189,买盘
440,14:04:09,40.12,-0.15,1,4011,卖盘
441,14:03:57,40.27,--,1,4027,买盘
442,14:03:54,40.27,--,1,4027,卖盘
443,14:03:51,40.27,--,1,4027,卖盘
444,14:03:48,40.27,0.15,3,12081,买盘
445,14:03:30,40.12,0.06,1,4011,中性盘
446,14:03:12,40.06,-0.03,1,4006,卖盘
447,14:03:03,40.09,-0.19,1,4009,中性盘
448,14:02:51,40.28,0.27,1,4028,买盘
449,14:02:33,40.01,--,4,16004,卖盘
450,14:02:18,40.01,--,2,8002,买盘
451,14:02:15,40.01,--,1,4001,买盘
452,14:02:12,40.01,--,40,160040,买盘
453,14:02:09,40.01,0.01,2,8002,买盘
454,14:02:00,40.0,--,1,4000,卖盘
455,14:01:57,40.0,--,11,44000,买盘
456,14:01:54,40.0,0.01,10,40000,买盘
457,14:01:51,39.99,-0.01,16,63984,卖盘
458,14:01:48,40.0,--,8,32000,买盘
459,14:01:42,40.0,--,20,80000,买盘
460,14:01:39,40.0,--,16,64000,买盘
461,14:01:36,40.0,--,46,184000,买盘
462,14:01:33,40.0,--,20,80000,买盘
463,14:01:27,40.0,0.01,29,116000,买盘
464,14:01:24,39.99,-0.01,1,3999,卖盘
465,14:01:15,40.0,0.04,10,40000,买盘
466,14:01:03,39.96,--,7,27972,卖盘
467,14:01:00,39.96,--,28,113886,买盘
468,14:00:57,39.96,--,11,43956,买盘
469,14:00:54,39.96,--,2,7992,买盘
470,14:00:51,39.96,--,16,63936,买盘
471,14:00:48,39.96,--,37,147852,买盘
472,14:00:45,39.96,0.01,1,3996,买盘
473,14:00:36,39.95,-0.01,8,31960,卖盘
474,14:00:33,39.96,--,2,7992,买盘
475,14:00:27,39.96,0.01,1,3996,买盘
476,14:00:09,39.95,0.04,8,31960,买盘
477,13:59:57,39.91,-0.02,20,79820,卖盘
478,13:59:54,39.93,0.02,2,7986,买盘
479,13:59:45,39.91,-0.02,4,15963,卖盘
480,13:59:42,39.93,0.01,5,19965,买盘
481,13:59:39,39.92,0.01,3,11976,买盘
482,13:59:36,39.91,-0.01,8,31927,卖盘
483,13:59:33,39.92,0.01,2,7984,买盘
484,13:59:27,39.91,--,2,7981,卖盘
485,13:59:24,39.91,--,17,68206,买盘
486,13:59:21,39.91,0.01,7,27936,买盘
487,13:59:18,39.9,--,13,51870,卖盘
488,13:59:12,39.9,-0.01,1,3990,卖盘
489,13:59:09,39.91,--,50,199549,买盘
490,13:59:06,39.91,0.01,8,31927,买盘
491,13:59:00,39.9,--,20,79800,卖盘
492,13:58:54,39.9,--,11,43890,卖盘
493,13:58:48,39.9,-0.01,1,3990,卖盘
494,13:58:39,39.91,--,9,35919,买盘
495,13:58:30,39.91,-0.01,36,143676,卖盘
496,13:58:18,39.92,--,12,47904,卖盘
497,13:58:15,39.92,-0.01,9,35928,卖盘
498,13:58:06,39.93,--,7,27951,买盘
499,13:58:03,39.93,--,26,103818,卖盘
500,13:58:00,39.93,-0.03,89,355377,卖盘
501,13:57:57,39.96,--,1,3996,买盘
502,13:57:51,39.96,0.01,22,87912,买盘
503,13:57:45,39.95,-0.01,21,85892,卖盘
504,13:57:33,39.96,--,2,7992,买盘
505,13:57:30,39.96,0.01,9,35964,买盘
506,13:57:27,39.95,-0.01,1,3995,卖盘
507,13:57:18,39.96,--,2,7992,买盘
508,13:57:15,39.96,--,3,11988,买盘
509,13:57:03,39.96,--,3,11988,买盘
510,13:57:00,39.96,--,13,51948,买盘
511,13:56:57,39.96,--,5,19980,买盘
512,13:56:54,39.96,--,43,171828,卖盘
513,13:56:39,39.96,--,1,3996,卖盘
514,13:56:33,39.96,--,7,27972,卖盘
515,13:56:27,39.96,0.01,3,11988,中性盘
516,13:56:18,39.95,-0.05,4,15980,卖盘
517,13:56:15,40.0,0.04,15,60000,买盘
518,13:56:09,39.96,0.01,1,3996,买盘
519,13:56:06,39.95,--,2,7990,卖盘
520,13:56:00,39.95,--,20,79900,卖盘
521,13:55:57,39.95,-0.01,4,15980,卖盘
522,13:55:54,39.96,--,1,3996,卖盘
523,13:55:51,39.96,0.01,21,83916,中性盘
524,13:55:39,39.95,--,0,1997,卖盘
525,13:55:36,39.95,-0.05,16,63920,卖盘
526,13:55:30,40.0,0.07,2,8000,买盘
527,13:55:18,39.93,-0.07,20,79860,卖盘
528,13:55:15,40.0,0.05,102,408000,买盘
529,13:55:12,39.95,--,1,3995,买盘
530,13:55:09,39.95,--,103,411485,买盘
531,13:55:06,39.95,--,1,3995,买盘
532,13:55:03,39.95,-0.03,72,287640,卖盘
533,13:54:54,39.98,-0.02,7,27985,卖盘
534,13:54:48,40.0,--,10,40000,买盘
535,13:54:45,40.0,0.02,5,20000,买盘
536,13:54:42,39.98,--,1,3997,买盘
537,13:54:39,39.98,--,5,19990,买盘
538,13:54:33,39.98,--,8,31983,买盘
539,13:54:30,39.98,--,5,19990,买盘
540,13:54:27,39.98,--,5,19990,买盘
541,13:54:24,39.98,-0.02,12,47975,卖盘
542,13:54:21,40.0,--,10,40000,买盘
543,13:54:18,40.0,0.02,2,8000,买盘
544,13:54:12,39.98,-0.02,3,11993,中性盘
545,13:54:09,40.0,0.02,107,428000,买盘
546,13:54:06,39.98,--,1,3997,买盘
547,13:54:03,39.98,--,4,15991,卖盘
548,13:53:45,39.98,--,3,11993,买盘
549,13:53:39,39.98,--,6,23987,买盘
550,13:53:33,39.98,-0.02,1,3997,买盘
551,13:53:30,40.0,--,1,4000,买盘
552,13:53:24,40.0,0.09,11,44000,买盘
553,13:53:15,39.91,-0.09,1,3990,中性盘
554,13:53:06,40.0,0.09,223,892000,买盘
555,13:53:03,39.91,-0.07,187,746316,卖盘
556,13:52:57,39.98,-0.02,1,3997,中性盘
557,13:52:48,40.0,--,13,52000,买盘
558,13:52:45,40.0,--,1,4000,买盘
559,13:52:42,40.0,0.02,2,8000,买盘
560,13:52:36,39.98,-0.02,12,47975,卖盘
561,13:52:33,40.0,--,7,28000,卖盘
562,13:52:30,40.0,-0.01,3,12000,卖盘
563,13:52:27,40.01,0.01,1,4001,买盘
564,13:52:21,40.0,-0.01,15,60000,卖盘
565,13:52:18,40.01,--,14,56014,买盘
566,13:52:15,40.01,0.01,10,40010,买盘
567,13:52:12,40.0,-0.01,12,48000,卖盘
568,13:52:09,40.01,--,15,60015,买盘
569,13:52:06,40.01,--,3,12003,买盘
570,13:52:03,40.01,--,105,420105,买盘
571,13:51:57,40.01,--,24,96024,买盘
572,13:51:54,40.01,--,10,40010,买盘
573,13:51:51,40.01,--,70,280070,买盘
574,13:51:48,40.01,-0.03,6,24006,中性盘
575,13:51:45,40.04,-0.02,31,124124,中性盘
576,13:51:36,40.06,0.04,2,8012,买盘
577,13:51:30,40.02,-0.08,7,28014,卖盘
578,13:51:27,40.1,0.04,22,88220,买盘
579,13:51:24,40.06,-0.04,19,76114,卖盘
580,13:51:21,40.1,--,5,20050,买盘
581,13:51:18,40.1,0.04,1,4010,买盘
582,13:51:15,40.06,-0.04,2,8012,卖盘
583,13:51:09,40.1,-0.05,81,324810,卖盘
584,13:51:03,40.15,-0.01,3,12045,卖盘
585,13:51:00,40.16,--,5,20080,卖盘
586,13:50:57,40.16,-0.03,8,32127,卖盘
587,13:50:48,40.19,0.02,2,8038,买盘
588,13:50:42,40.17,-0.02,20,80340,卖盘
589,13:50:36,40.19,-0.01,9,36171,卖盘
590,13:50:30,40.2,--,4,16080,买盘
591,13:50:27,40.2,-0.01,58,233160,卖盘
592,13:50:21,40.21,-0.01,20,80420,卖盘
593,13:50:18,40.22,-0.07,120,482640,卖盘
594,13:50:15,40.29,0.04,40,161160,买盘
595,13:50:12,40.25,-0.02,1,4025,卖盘
596,13:50:09,40.27,-0.01,15,61210,卖盘
597,13:50:06,40.28,0.01,1,4028,买盘
598,13:50:00,40.27,--,1,4027,卖盘
599,13:49:57,40.27,--,1,4027,卖盘
600,13:49:54,40.27,-0.01,1,4027,卖盘
601,13:49:51,40.28,--,2,8056,卖盘
602,13:49:45,40.28,-0.01,3,12084,卖盘
603,13:49:42,40.29,--,3,12087,买盘
604,13:49:36,40.29,0.02,2,8058,买盘
605,13:49:33,40.27,-0.02,32,128864,卖盘
606,13:49:27,40.29,--,9,36261,买盘
607,13:49:24,40.29,--,7,28203,买盘
608,13:49:21,40.29,--,4,16116,买盘
609,13:49:12,40.29,-0.01,18,72522,卖盘
610,13:49:09,40.3,--,3,12090,买盘
611,13:49:06,40.3,0.01,37,149110,买盘
612,13:49:03,40.29,-0.01,2,8058,卖盘
613,13:49:00,40.3,--,9,36270,买盘
614,13:48:54,40.3,0.02,3,12090,买盘
615,13:48:42,40.28,-0.01,12,51558,卖盘
616,13:48:30,40.29,0.01,1,4029,买盘
617,13:48:27,40.28,--,21,84588,买盘
618,13:48:21,40.28,-0.01,10,40280,中性盘
619,13:48:12,40.29,0.01,7,28203,买盘
620,13:48:09,40.28,-0.01,5,20140,卖盘
621,13:48:03,40.29,--,1,4029,买盘
622,13:48:00,40.29,--,3,12087,买盘
623,13:47:57,40.29,0.01,5,20145,买盘
624,13:47:51,40.28,-0.01,2,8056,卖盘
625,13:47:48,40.29,--,5,20145,买盘
626,13:47:45,40.29,--,4,16116,买盘
627,13:47:42,40.29,--,15,60435,买盘
628,13:47:39,40.29,--,3,12087,买盘
629,13:47:36,40.29,--,50,201450,买盘
630,13:47:30,40.29,--,1,4029,买盘
631,13:47:27,40.29,--,5,20145,买盘
632,13:47:24,40.29,--,2,8058,买盘
633,13:47:21,40.29,--,3,12087,买盘
634,13:47:15,40.29,--,1,4029,买盘
635,13:47:06,40.29,--,10,40290,买盘
636,13:47:03,40.29,--,58,233682,买盘
637,13:47:00,40.29,--,5,20145,买盘
638,13:46:57,40.29,-0.04,22,89443,卖盘
639,13:46:54,40.33,0.03,2,8066,买盘
640,13:46:51,40.3,--,2,8059,卖盘
641,13:46:42,40.3,0.01,20,83824,买盘
642,13:46:39,40.29,-0.01,5,20145,卖盘
643,13:46:36,40.3,0.01,1,4029,买盘
644,13:46:30,40.29,--,10,40290,卖盘
645,13:46:27,40.29,-0.01,1,4029,卖盘
646,13:46:24,40.3,--,2,8059,买盘
647,13:46:21,40.3,0.01,105,423149,买盘
648,13:46:09,40.29,-0.01,1,4029,卖盘
649,13:46:06,40.3,0.01,10,40300,买盘
650,13:46:03,40.29,-0.01,9,36261,卖盘
651,13:45:51,40.3,0.01,19,76570,买盘
652,13:45:48,40.29,-0.01,10,40290,卖盘
653,13:45:39,40.3,--,6,24180,买盘
654,13:45:33,40.3,0.01,1,4029,买盘
655,13:45:24,40.29,--,19,76551,买盘
656,13:45:18,40.29,--,10,40290,买盘
657,13:45:15,40.29,0.02,3,12087,买盘
658,13:45:12,40.27,-0.02,1,4027,卖盘
659,13:45:09,40.29,--,4,16116,买盘
660,13:45:00,40.29,-0.01,3,12087,中性盘
661,13:44:51,40.3,0.03,3,12090,买盘
662,13:44:42,40.27,--,4,16108,卖盘
663,13:44:36,40.27,-0.03,4,16108,卖盘
664,13:44:33,40.3,--,30,120899,买盘
665,13:44:30,40.3,--,20,80600,买盘
666,13:44:21,40.3,-0.03,7,29015,卖盘
667,13:44:03,40.33,0.03,2,8066,买盘
668,13:44:00,40.3,-0.03,65,261949,卖盘
669,13:43:57,40.33,--,3,12099,卖盘
670,13:43:54,40.33,--,3,13107,卖盘
671,13:43:51,40.33,-0.02,5,20165,卖盘
672,13:43:48,40.35,0.02,5,20175,买盘
673,13:43:45,40.33,--,22,90944,买盘
674,13:43:42,40.33,--,5,20165,买盘
675,13:43:39,40.33,--,1,4033,买盘
676,13:43:36,40.33,--,4,16132,买盘
677,13:43:30,40.33,-0.02,5,20165,卖盘
678,13:43:24,40.35,--,1,4035,买盘
679,13:43:15,40.35,0.02,1,4035,买盘
680,13:43:12,40.33,0.01,5,20165,卖盘
681,13:43:09,40.32,-0.01,20,80640,卖盘
682,13:43:06,40.33,--,103,415399,卖盘
683,13:43:00,40.33,--,95,384546,买盘
684,13:42:57,40.33,--,1,4033,买盘
685,13:42:51,40.33,--,3,12099,买盘
686,13:42:48,40.33,--,82,330706,买盘
687,13:42:45,40.33,--,10,40330,买盘
688,13:42:42,40.33,-0.07,153,620880,卖盘
689,13:42:36,40.4,-0.01,9,36360,中性盘
690,13:42:30,40.41,--,53,214698,买盘
691,13:42:27,40.41,0.01,11,44450,买盘
692,13:42:24,40.4,-0.01,20,80800,卖盘
693,13:42:15,40.41,--,89,360740,卖盘
694,13:42:09,40.41,--,0,2949,卖盘
695,13:42:06,40.41,0.02,11,47966,买盘
696,13:42:03,40.39,--,4,16156,卖盘
697,13:41:54,40.39,--,9,39057,卖盘
698,13:41:45,40.39,--,13,54405,买盘
699,13:41:42,40.39,--,4,16156,买盘
700,13:41:39,40.39,--,6,24234,卖盘
701,13:41:36,40.39,--,2,8078,卖盘
702,13:41:33,40.39,--,26,105014,卖盘
703,13:41:30,40.39,-0.03,12,50123,卖盘
704,13:41:27,40.42,0.03,5,20210,买盘
705,13:41:21,40.39,--,10,42045,卖盘
706,13:41:18,40.39,--,3,12117,卖盘
707,13:41:15,40.39,0.01,9,39541,买盘
708,13:41:12,40.38,-0.01,1,4038,卖盘
709,13:41:06,40.39,0.01,1,4039,中性盘
710,13:41:00,40.38,-0.04,2,8076,卖盘
711,13:40:57,40.42,0.03,1,7316,买盘
712,13:40:51,40.39,-0.02,0,3231,卖盘
713,13:40:48,40.41,--,8,32327,买盘
714,13:40:42,40.41,--,5,20205,买盘
715,13:40:39,40.41,--,1,4040,买盘
716,13:40:33,40.41,--,3,12122,卖盘
717,13:40:27,40.41,--,30,121229,卖盘
718,13:40:18,40.41,--,3,12122,卖盘
719,13:40:12,40.41,--,1,4040,卖盘
720,13:40:09,40.41,0.03,15,60614,买盘
721,13:40:03,40.38,--,3,12114,卖盘
722,13:40:00,40.38,--,12,48456,买盘
723,13:39:57,40.38,--,4,16152,买盘
724,13:39:39,40.38,--,5,20190,买盘
725,13:39:36,40.38,-0.01,73,294774,卖盘
726,13:39:30,40.39,-0.01,13,52507,卖盘
727,13:39:24,40.4,--,1,4040,买盘
728,13:39:21,40.4,-0.02,1,4040,卖盘
729,13:39:18,40.42,0.02,2,8084,买盘
730,13:39:15,40.4,-0.02,8,32320,卖盘
731,13:39:12,40.42,--,1,4042,买盘
732,13:39:06,40.42,--,2,8084,买盘
733,13:39:03,40.42,-0.01,6,24252,中性盘
734,13:38:57,40.43,--,28,113204,买盘
735,13:38:54,40.43,-0.06,2,8086,卖盘
736,13:38:51,40.49,0.06,10,40490,买盘
737,13:38:45,40.43,--,2,8086,卖盘
738,13:38:42,40.43,-0.06,3,12129,卖盘
739,13:38:36,40.49,0.07,2,8098,买盘
740,13:38:30,40.42,-0.04,5,20210,卖盘
741,13:38:24,40.46,--,1,4046,买盘
742,13:38:15,40.46,-0.03,2,8092,中性盘
743,13:38:12,40.49,-0.01,4,16196,卖盘
744,13:38:09,40.5,0.04,3,12150,买盘
745,13:38:06,40.46,--,6,24276,买盘
746,13:38:00,40.46,-0.03,2,8092,卖盘
747,13:37:57,40.49,-0.01,1,4049,中性盘
748,13:37:54,40.5,0.01,3,12150,买盘
749,13:37:48,40.49,--,1,4049,买盘
750,13:37:45,40.49,-0.01,1,4049,卖盘
751,13:37:33,40.5,--,2,8100,买盘
752,13:37:27,40.5,-0.14,95,384750,卖盘
753,13:37:24,40.64,-0.01,5,20320,中性盘
754,13:37:12,40.65,--,2,8130,买盘
755,13:37:00,40.65,--,26,105690,买盘
756,13:36:57,40.65,0.02,1,4065,买盘
757,13:36:48,40.63,-0.02,1,4063,卖盘
758,13:36:45,40.65,0.02,5,20325,买盘
759,13:36:42,40.63,-0.02,1,4063,卖盘
760,13:36:30,40.65,--,7,28455,卖盘
761,13:36:27,40.65,-0.01,6,24390,卖盘
762,13:36:24,40.66,--,1,4065,买盘
763,13:36:21,40.66,0.01,1,4065,买盘
764,13:36:15,40.65,-0.01,3,12195,卖盘
765,13:35:51,40.66,--,0,853,卖盘
766,13:35:45,40.66,--,0,3212,买盘
767,13:35:27,40.66,-0.04,0,853,卖盘
768,13:35:24,40.7,0.01,6,24420,买盘
769,13:35:15,40.69,0.04,3,12207,买盘
770,13:34:57,40.65,--,2,11341,买盘
771,13:34:48,40.65,--,1,4065,买盘
772,13:34:45,40.65,--,3,13048,卖盘
773,13:34:27,40.65,--,3,12195,卖盘
774,13:34:09,40.65,--,2,8130,卖盘
775,13:33:57,40.65,-0.04,6,24390,卖盘
776,13:33:54,40.69,0.04,10,40690,买盘
777,13:33:27,40.65,-0.04,11,44715,卖盘
778,13:33:09,40.69,0.09,1,4069,买盘
779,13:32:54,40.6,--,108,441687,买盘
780,13:32:51,40.6,-0.1,191,776312,卖盘
781,13:32:39,40.7,0.01,1,4070,买盘
782,13:32:24,40.69,--,6,24414,卖盘
783,13:32:21,40.69,-0.01,2,8138,卖盘
784,13:32:15,40.7,0.02,3,12210,买盘
785,13:31:54,40.68,-0.02,2,8136,卖盘
786,13:31:36,40.7,--,1,4070,买盘
787,13:31:30,40.7,0.02,1,4070,买盘
788,13:31:21,40.68,-0.02,4,16272,卖盘
789,13:31:12,40.7,0.02,7,28490,买盘
790,13:31:09,40.68,--,2,8136,卖盘
791,13:31:06,40.68,-0.02,3,12204,卖盘
792,13:31:00,40.7,--,5,20350,买盘
793,13:30:57,40.7,-0.05,2,8140,买盘
794,13:30:48,40.75,-0.03,7,28525,卖盘
795,13:30:45,40.78,--,7,28546,买盘
796,13:30:39,40.78,--,3,12234,买盘
797,13:30:21,40.78,0.1,21,85638,买盘
798,13:30:03,40.68,--,0,3213,卖盘
799,13:30:00,40.68,--,2,8136,卖盘
800,13:29:51,40.68,0.05,3,12204,中性盘
801,13:29:48,40.63,-0.05,200,812600,卖盘
802,13:29:30,40.68,--,4,16272,卖盘
803,13:29:21,40.68,-0.1,11,44748,卖盘
804,13:29:18,40.78,-0.01,1,4078,中性盘
805,13:29:03,40.79,--,54,220266,买盘
806,13:28:51,40.79,--,4,16316,买盘
807,13:28:48,40.79,--,1,4079,买盘
808,13:28:45,40.79,--,4,16316,买盘
809,13:28:33,40.79,-0.01,15,61185,卖盘
810,13:28:21,40.8,0.01,16,65279,中性盘
811,13:27:51,40.79,--,1,4079,卖盘
812,13:27:45,40.79,0.11,7,28553,买盘
813,13:27:36,40.68,-0.11,3,12204,卖盘
814,13:27:27,40.79,0.11,24,97896,买盘
815,13:27:21,40.68,0.01,5,20340,中性盘
816,13:26:48,40.67,-0.12,3,12201,中性盘
817,13:26:33,40.79,0.13,2,8158,买盘
818,13:26:24,40.66,--,30,121979,卖盘
819,13:26:18,40.66,-0.02,18,73188,卖盘
820,13:26:15,40.68,0.02,3,12204,买盘
821,13:25:48,40.66,--,14,56923,卖盘
822,13:25:42,40.66,-0.02,1,4065,卖盘
823,13:25:33,40.68,0.02,1,4068,买盘
824,13:25:27,40.66,0.01,4,16263,卖盘
825,13:25:18,40.65,-0.02,9,36585,卖盘
826,13:25:12,40.67,--,1,4067,中性盘
827,13:25:00,40.67,--,5,20335,卖盘
828,13:24:48,40.67,-0.01,5,20335,卖盘
829,13:24:42,40.68,0.01,8,32544,买盘
830,13:24:39,40.67,--,1,4067,卖盘
831,13:24:18,40.67,-0.01,11,44737,卖盘
832,13:24:12,40.68,0.01,3,12204,买盘
833,13:23:45,40.67,-0.01,7,28469,卖盘
834,13:23:42,40.68,--,7,28476,买盘
835,13:23:15,40.68,-0.01,11,44748,卖盘
836,13:22:45,40.69,--,1,4069,卖盘
837,13:22:36,40.69,0.01,2,8138,买盘
838,13:22:15,40.68,--,9,36612,卖盘
839,13:21:42,40.68,-0.01,18,73224,卖盘
840,13:21:30,40.69,--,1,4069,买盘
841,13:21:12,40.69,-0.01,1,4069,卖盘
842,13:20:39,40.7,-0.02,32,130240,卖盘
843,13:20:33,40.72,0.02,2,8144,买盘
844,13:20:30,40.7,-0.09,1,4070,卖盘
845,13:20:21,40.79,0.07,1,4079,买盘
846,13:20:18,40.72,--,1,4072,卖盘
847,13:20:12,40.72,--,2,8144,卖盘
848,13:20:00,40.72,-0.07,2,8144,卖盘
849,13:19:54,40.79,0.07,3,12237,买盘
850,13:19:42,40.72,-0.07,5,20360,卖盘
851,13:19:33,40.79,--,1,4079,卖盘
852,13:19:12,40.79,-0.14,1,4079,卖盘
853,13:19:00,40.93,-0.01,4,16372,中性盘
854,13:18:51,40.94,0.26,5,20470,买盘
855,13:18:48,40.68,0.01,5,20340,中性盘
856,13:18:39,40.67,-0.01,15,61005,卖盘
857,13:18:21,40.68,-0.27,3,12204,中性盘
858,13:18:12,40.95,0.28,4,16380,买盘
859,13:18:09,40.67,-0.28,24,97608,卖盘
860,13:18:00,40.95,0.28,18,73710,买盘
861,13:17:54,40.67,-0.28,2,8134,中性盘
862,13:17:51,40.95,0.29,1,4095,买盘
863,13:17:39,40.66,-0.29,3,12197,中性盘
864,13:17:18,40.95,0.3,10,40950,买盘
865,13:17:09,40.65,-0.3,1,4065,中性盘
866,13:16:54,40.95,0.31,100,409500,买盘
867,13:16:39,40.64,--,1,4064,卖盘
868,13:16:09,40.64,0.01,2,8128,中性盘
869,13:15:45,40.63,--,1,4063,卖盘
870,13:15:39,40.63,--,26,105638,卖盘
871,13:15:24,40.63,0.03,28,113764,买盘
872,13:15:09,40.6,-0.03,12,48720,卖盘
873,13:14:51,40.63,0.03,10,40630,买盘
874,13:14:48,40.6,--,6,24360,卖盘
875,13:14:39,40.6,-0.02,30,121800,卖盘
876,13:14:36,40.62,--,2,8123,买盘
877,13:14:33,40.62,--,2,8123,买盘
878,13:14:24,40.62,-0.01,1,4061,中性盘
879,13:14:03,40.63,0.02,3,12189,卖盘
880,13:14:00,40.61,-0.01,13,52793,卖盘
881,13:13:39,40.62,-0.01,2,8123,卖盘
882,13:13:33,40.63,--,1,4063,买盘
883,13:13:30,40.63,--,1,4063,买盘
884,13:13:27,40.63,--,1,4063,买盘
885,13:13:18,40.63,--,5,20315,买盘
886,13:13:15,40.63,--,23,93449,卖盘
887,13:13:09,40.63,--,20,81260,卖盘
888,13:12:39,40.63,-0.02,3,12189,卖盘
889,13:12:33,40.65,-0.01,1,4065,中性盘
890,13:12:30,40.66,--,21,85386,买盘
891,13:12:21,40.66,--,8,32527,卖盘
892,13:12:09,40.66,--,1,4065,中性盘
893,13:11:57,40.66,0.01,2,8131,买盘
894,13:11:54,40.65,-0.01,4,16260,卖盘
895,13:11:51,40.66,0.01,2,8131,买盘
896,13:11:45,40.65,-0.01,3,12195,卖盘
897,13:11:42,40.66,0.03,1,4065,买盘
898,13:11:36,40.63,-0.03,6,24378,卖盘
899,13:11:30,40.66,0.03,3,12197,中性盘
900,13:11:06,40.63,--,7,28441,卖盘
901,13:10:57,40.63,--,10,40630,卖盘
902,13:10:36,40.63,-0.12,8,32504,卖盘
903,13:10:30,40.75,0.12,7,28525,买盘
904,13:10:06,40.63,-0.12,15,60945,卖盘
905,13:10:00,40.75,--,1,4075,买盘
906,13:09:51,40.75,--,1,4075,买盘
907,13:09:42,40.75,0.13,1,4075,买盘
908,13:09:36,40.62,--,3,12186,卖盘
909,13:09:27,40.62,--,4,16247,卖盘
910,13:09:06,40.62,-0.01,9,36558,卖盘
911,13:09:03,40.63,0.01,1,4063,买盘
912,13:09:00,40.62,--,4,16247,卖盘
913,13:08:48,40.62,--,7,28434,买盘
914,13:08:39,40.62,--,1,4061,买盘
915,13:08:36,40.62,0.01,11,44682,买盘
916,13:08:30,40.61,-0.01,8,32488,卖盘
917,13:08:24,40.62,--,1,4061,买盘
918,13:08:12,40.62,--,2,8123,卖盘
919,13:08:06,40.62,-0.01,1,4061,卖盘
920,13:07:51,40.63,0.01,1,4063,中性盘
921,13:07:36,40.62,--,1,4061,买盘
922,13:07:09,40.62,--,18,77096,卖盘
923,13:07:06,40.62,-0.13,15,60929,卖盘
924,13:07:00,40.75,0.13,11,44825,买盘
925,13:06:36,40.62,-0.04,10,40620,卖盘
926,13:06:33,40.66,0.01,3,12279,买盘
927,13:06:03,40.65,-0.01,4,16260,卖盘
928,13:05:45,40.66,--,7,32446,卖盘
929,13:05:33,40.66,--,6,24395,卖盘
930,13:05:24,40.66,--,3,12197,卖盘
931,13:05:21,40.66,--,16,65055,卖盘
932,13:05:03,40.66,-0.01,32,130111,卖盘
933,13:04:54,40.67,-0.08,1,6832,卖盘
934,13:04:51,40.75,0.08,2,8150,买盘
935,13:04:45,40.67,--,4,17650,卖盘
936,13:04:33,40.67,-0.07,4,16268,卖盘
937,13:04:09,40.74,0.06,1,4074,买盘
938,13:04:03,40.68,-0.06,1,4068,卖盘
939,13:03:54,40.74,0.06,3,12222,买盘
940,13:03:42,40.68,--,4,16272,卖盘
941,13:03:33,40.68,0.01,5,20340,中性盘
942,13:03:03,40.67,-0.01,9,36603,卖盘
943,13:02:39,40.68,0.01,3,12204,买盘
944,13:02:33,40.67,-0.01,14,56938,卖盘
945,13:02:30,40.68,--,1,4068,买盘
946,13:02:24,40.68,--,33,134244,卖盘
947,13:02:06,40.68,--,10,40680,卖盘
948,13:02:03,40.68,--,51,207468,卖盘
949,13:01:57,40.68,--,10,40680,卖盘
950,13:01:36,40.68,--,3,12204,卖盘
951,13:01:30,40.68,0.01,1,4068,中性盘
952,13:01:03,40.67,-0.02,24,97608,卖盘
953,13:00:54,40.69,--,7,28483,卖盘
954,13:00:51,40.69,--,4,16276,卖盘
955,13:00:36,40.69,-0.01,10,40690,卖盘
956,13:00:33,40.7,-0.05,1,4070,卖盘
957,13:00:06,40.75,-0.01,2,8150,买盘
958,13:00:03,40.76,-0.04,51,207876,卖盘
959,13:00:00,40.8,--,0,0,卖盘
960,11:30:00,40.8,--,0,0,卖盘
961,11:29:57,40.8,--,2,8159,卖盘
962,11:29:51,40.8,--,37,150960,卖盘
963,11:29:24,40.8,-0.01,11,44880,卖盘
964,11:29:21,40.81,--,1,4081,卖盘
965,11:29:12,40.81,--,3,12243,卖盘
966,11:29:00,40.81,--,11,44891,卖盘
967,11:28:54,40.81,--,14,57134,卖盘
968,11:28:51,40.81,--,26,106106,卖盘
969,11:28:36,40.81,-0.01,10,40810,卖盘
970,11:28:33,40.82,-0.01,10,40820,卖盘
971,11:28:27,40.83,--,11,44913,买盘
972,11:28:21,40.83,0.01,2,8166,买盘
973,11:28:18,40.82,-0.01,17,69394,卖盘
974,11:28:12,40.83,--,11,44913,卖盘
975,11:28:00,40.83,--,30,122490,卖盘
976,11:27:57,40.83,--,1,4083,卖盘
977,11:27:48,40.83,-0.01,4,16332,卖盘
978,11:27:39,40.84,--,21,85764,卖盘
979,11:27:30,40.84,--,1,4084,卖盘
980,11:27:27,40.84,--,4,16336,卖盘
981,11:27:18,40.84,--,18,73512,卖盘
982,11:27:15,40.84,-0.01,11,44924,卖盘
983,11:27:12,40.85,0.01,13,53105,买盘
984,11:26:51,40.84,--,1,4084,买盘
985,11:26:48,40.84,--,1,4084,卖盘
986,11:26:45,40.84,-0.01,4,16336,卖盘
987,11:26:39,40.85,0.01,2,8170,买盘
988,11:26:33,40.84,-0.01,6,24504,卖盘
989,11:26:21,40.85,0.01,1,4085,买盘
990,11:26:18,40.84,-0.01,2,8168,卖盘
991,11:26:12,40.85,0.01,10,40850,买盘
992,11:26:06,40.84,-0.01,2,8168,卖盘
993,11:26:03,40.85,0.01,5,20425,买盘
994,11:25:57,40.84,--,30,122520,卖盘
995,11:25:54,40.84,-0.01,1,4084,卖盘
996,11:25:45,40.85,--,7,28595,买盘
997,11:25:42,40.85,-0.03,8,32680,卖盘
998,11:25:39,40.88,0.03,10,40880,买盘
999,11:25:33,40.85,-0.03,2,8170,卖盘
1000,11:25:24,40.88,--,2,8176,买盘
1001,11:25:18,40.88,-0.02,10,40880,卖盘
1002,11:25:09,40.9,0.05,1,4090,买盘
1003,11:24:48,40.85,-0.1,3,12255,卖盘
1004,11:24:21,40.95,--,2,8190,卖盘
1005,11:24:18,40.95,--,2,8190,卖盘
1006,11:24:06,40.95,--,4,16380,卖盘
1007,11:23:51,40.95,0.11,2,8190,买盘
1008,11:23:48,40.84,--,6,24504,卖盘
1009,11:23:39,40.84,-0.01,12,49008,卖盘
1010,11:23:27,40.85,0.01,7,28595,买盘
1011,11:23:18,40.84,-0.01,1,4084,中性盘
1012,11:22:54,40.85,0.01,3,12255,买盘
1013,11:22:42,40.84,-0.01,19,77596,卖盘
1014,11:22:27,40.85,--,8,32680,买盘
1015,11:22:24,40.85,0.01,2,8170,中性盘
1016,11:22:18,40.84,-0.13,9,36756,卖盘
1017,11:22:15,40.97,0.13,1,4097,买盘
1018,11:22:00,40.84,-0.06,23,93932,卖盘
1019,11:21:57,40.9,0.06,8,32720,买盘
1020,11:21:45,40.84,0.02,12,49008,中性盘
1021,11:21:36,40.82,--,3,12246,卖盘
1022,11:21:33,40.82,-0.02,9,36738,卖盘
1023,11:21:24,40.84,--,10,40840,卖盘
1024,11:21:15,40.84,-0.01,7,28588,卖盘
1025,11:21:06,40.85,-0.04,1,4085,买盘
1026,11:21:03,40.89,--,1,4089,卖盘
1027,11:20:45,40.89,-0.01,1,4089,卖盘
1028,11:20:27,40.9,--,2,8180,买盘
1029,11:20:24,40.9,--,10,40900,买盘
1030,11:20:09,40.9,--,1,4090,卖盘
1031,11:19:57,40.9,--,2,8180,卖盘
1032,11:19:54,40.9,--,2,8180,卖盘
1033,11:19:48,40.9,--,3,12270,卖盘
1034,11:19:30,40.9,--,3,12270,买盘
1035,11:19:15,40.9,--,4,16360,卖盘
1036,11:19:12,40.9,-0.07,10,40900,卖盘
1037,11:19:00,40.97,--,1,4097,买盘
1038,11:18:57,40.97,0.07,3,12291,买盘
1039,11:18:45,40.9,--,19,77710,卖盘
1040,11:18:42,40.9,--,5,20450,卖盘
1041,11:18:27,40.9,-0.07,70,286300,卖盘
1042,11:18:15,40.97,0.01,4,16388,中性盘
1043,11:17:54,40.96,0.01,1,4096,中性盘
1044,11:17:45,40.95,-0.06,5,20475,卖盘
1045,11:17:27,41.01,0.08,3,12303,买盘
1046,11:17:21,40.93,--,5,20465,卖盘
1047,11:17:18,40.93,--,1,4093,卖盘
1048,11:17:15,40.93,--,31,126883,卖盘
1049,11:16:54,40.93,-0.08,50,204650,卖盘
1050,11:16:45,41.01,--,12,49212,卖盘
1051,11:16:15,41.01,-0.01,4,16404,卖盘
1052,11:16:06,41.02,0.01,1,4102,中性盘
1053,11:15:45,41.01,0.01,2,8202,卖盘
1054,11:15:42,41.0,-0.01,5,20500,买盘
1055,11:15:30,41.01,--,5,20505,卖盘
1056,11:15:15,41.01,-0.06,2,8202,卖盘
1057,11:15:12,41.07,0.06,4,16428,买盘
1058,11:15:00,41.01,-0.06,1,4101,卖盘
1059,11:14:54,41.07,--,1,4107,卖盘
1060,11:14:48,41.07,--,6,24642,卖盘
1061,11:14:45,41.07,-0.16,5,20535,卖盘
1062,11:14:39,41.23,0.01,7,28860,买盘
1063,11:14:30,41.22,--,1,4122,卖盘
1064,11:14:27,41.22,0.15,18,74196,买盘
1065,11:14:24,41.07,-0.08,7,28749,卖盘
1066,11:14:15,41.15,--,8,32920,卖盘
1067,11:14:09,41.15,0.04,4,16460,卖盘
1068,11:14:06,41.11,--,1,4111,买盘
1069,11:13:48,41.11,0.04,3,12333,买盘
1070,11:13:42,41.07,-0.04,1,4107,卖盘
1071,11:13:39,41.11,0.18,6,24666,买盘
1072,11:13:24,40.93,-0.14,11,45023,卖盘
1073,11:13:21,41.07,--,1,4107,买盘
1074,11:13:15,41.07,0.14,5,20535,买盘
1075,11:13:12,40.93,0.02,5,20465,中性盘
1076,11:12:42,40.91,0.01,5,20455,中性盘
1077,11:12:30,40.9,-0.12,544,2227495,卖盘
1078,11:12:12,41.02,-0.05,2,8204,卖盘
1079,11:12:09,41.07,--,1,4107,买盘
1080,11:12:00,41.07,-0.04,20,82140,卖盘
1081,11:11:57,41.11,--,2,8222,卖盘
1082,11:11:42,41.11,-0.08,1,4111,中性盘
1083,11:11:09,41.19,--,55,226545,卖盘
1084,11:11:03,41.19,-0.01,5,20595,卖盘
1085,11:10:48,41.2,--,1,4120,买盘
1086,11:10:39,41.2,-0.02,28,115360,卖盘
1087,11:10:12,41.22,-0.03,6,24732,卖盘
1088,11:10:06,41.25,--,4,16500,买盘
1089,11:09:57,41.25,--,1,4125,卖盘
1090,11:09:45,41.25,--,3,12375,卖盘
1091,11:09:42,41.25,-0.04,4,16500,卖盘
1092,11:09:30,41.29,-0.01,1,4129,中性盘
1093,11:09:18,41.3,0.01,4,16520,买盘
1094,11:09:15,41.29,0.02,1,4129,买盘
1095,11:09:12,41.27,-0.02,1,4127,中性盘
1096,11:08:54,41.29,0.04,1,4129,中性盘
1097,11:08:48,41.25,-0.05,10,41250,卖盘
1098,11:08:42,41.3,-0.03,1,4130,卖盘
1099,11:08:27,41.33,-0.02,1,4133,卖盘
1100,11:08:09,41.35,-0.03,5,20675,卖盘
1101,11:07:54,41.38,--,7,28966,买盘
1102,11:07:51,41.38,--,6,28759,卖盘
1103,11:07:45,41.38,--,1,4138,卖盘
1104,11:07:42,41.38,--,17,70346,卖盘
1105,11:07:36,41.38,-0.01,11,45890,卖盘
1106,11:07:30,41.39,0.01,5,20695,买盘
1107,11:07:24,41.38,--,2,8276,卖盘
1108,11:07:21,41.38,--,1,4138,卖盘
1109,11:07:12,41.38,-0.01,1,4138,卖盘
1110,11:07:06,41.39,-0.01,2,8278,卖盘
1111,11:07:03,41.4,--,29,122130,卖盘
1112,11:06:57,41.4,--,1,4140,卖盘
1113,11:06:54,41.4,0.02,28,117990,买盘
1114,11:06:51,41.38,--,40,165520,卖盘
1115,11:06:48,41.38,--,3,12414,卖盘
1116,11:06:42,41.38,-0.02,54,223452,卖盘
1117,11:06:39,41.4,0.02,12,49680,买盘
1118,11:06:36,41.38,--,1,4138,卖盘
1119,11:06:30,41.38,--,4,16552,卖盘
1120,11:06:27,41.38,--,1,4138,卖盘
1121,11:06:15,41.38,--,3,12414,卖盘
1122,11:06:12,41.38,--,3,16386,卖盘
1123,11:06:09,41.38,--,20,82760,卖盘
1124,11:06:03,41.38,--,17,70346,买盘
1125,11:05:39,41.38,-0.02,22,91036,卖盘
1126,11:05:33,41.4,0.01,8,33120,买盘
1127,11:05:27,41.39,0.01,5,20695,买盘
1128,11:05:21,41.38,--,1,4138,卖盘
1129,11:05:18,41.38,--,20,82760,卖盘
1130,11:05:12,41.38,--,6,24828,卖盘
1131,11:05:09,41.38,--,1,4138,卖盘
1132,11:05:03,41.38,--,1,4138,买盘
1133,11:04:51,41.38,--,4,16552,买盘
1134,11:04:48,41.38,0.03,5,20690,买盘
1135,11:04:39,41.35,-0.04,15,62025,卖盘
1136,11:04:36,41.39,--,17,70363,买盘
1137,11:04:27,41.39,-0.01,5,20695,卖盘
1138,11:04:18,41.4,0.01,2,8280,买盘
1139,11:04:15,41.39,--,15,62085,卖盘
1140,11:04:09,41.39,--,5,20695,卖盘
1141,11:04:03,41.39,0.06,15,62085,买盘
1142,11:03:39,41.33,--,7,28931,卖盘
1143,11:03:30,41.33,-0.07,6,24798,卖盘
1144,11:03:24,41.4,0.01,14,57960,买盘
1145,11:03:15,41.39,-0.01,8,33112,卖盘
1146,11:03:12,41.4,-0.05,7,28980,卖盘
1147,11:03:09,41.45,--,8,33160,卖盘
1148,11:03:03,41.45,0.01,26,107770,买盘
1149,11:02:54,41.44,--,6,24864,卖盘
1150,11:02:51,41.44,--,4,16576,买盘
1151,11:02:45,41.44,--,2,8288,买盘
1152,11:02:42,41.44,0.04,14,58016,买盘
1153,11:02:39,41.4,--,12,49680,卖盘
1154,11:02:36,41.4,-0.04,20,82800,卖盘
1155,11:02:27,41.44,0.05,12,49728,买盘
1156,11:02:24,41.39,--,18,74502,买盘
1157,11:02:18,41.39,--,1,4139,买盘
1158,11:02:12,41.39,--,9,37251,卖盘
1159,11:02:09,41.39,--,23,95197,卖盘
1160,11:02:00,41.39,--,13,53807,买盘
1161,11:01:57,41.39,0.04,3,12417,买盘
1162,11:01:54,41.35,-0.01,1,4135,卖盘
1163,11:01:39,41.36,-0.03,1,4136,卖盘
1164,11:01:33,41.39,--,2,8278,买盘
1165,11:01:30,41.39,--,2,8278,买盘
1166,11:01:27,41.39,-0.06,3,12417,卖盘
1167,11:01:15,41.45,0.09,38,157510,买盘
1168,11:01:12,41.36,-0.03,5,20680,卖盘
1169,11:01:09,41.39,--,6,24834,卖盘
1170,11:01:00,41.39,0.04,38,157282,买盘
1171,11:00:57,41.35,-0.04,11,45485,卖盘
1172,11:00:51,41.39,--,4,16556,买盘
1173,11:00:39,41.39,0.01,108,447012,买盘
1174,11:00:27,41.38,0.13,72,297936,买盘
1175,11:00:24,41.25,-0.02,4,16500,卖盘
1176,11:00:18,41.27,-0.01,8,33016,中性盘
1177,11:00:09,41.28,-0.02,1,4128,卖盘
1178,10:59:57,41.3,--,40,165200,买盘
1179,10:59:54,41.3,--,2,8260,买盘
1180,10:59:51,41.3,--,9,37170,卖盘
1181,10:59:48,41.3,-0.01,2,8260,卖盘
1182,10:59:45,41.31,--,3,12393,买盘
1183,10:59:36,41.31,-0.01,8,33048,卖盘
1184,10:59:33,41.32,--,1,4132,买盘
1185,10:59:24,41.32,0.01,14,57848,买盘
1186,10:59:18,41.31,--,2,8262,中性盘
1187,10:59:12,41.31,0.01,6,24786,买盘
1188,10:59:09,41.3,-0.01,13,53689,卖盘
1189,10:59:06,41.31,0.01,2,8262,买盘
1190,10:59:03,41.3,--,5,20650,卖盘
1191,10:58:48,41.3,0.04,33,140213,买盘
1192,10:58:45,41.26,-0.03,6,24756,卖盘
1193,10:58:42,41.29,--,1,4129,买盘
1194,10:58:39,41.29,--,44,181676,买盘
1195,10:58:36,41.29,--,26,107354,买盘
1196,10:58:33,41.29,0.01,54,222966,买盘
1197,10:58:24,41.28,0.03,25,103200,买盘
1198,10:58:18,41.25,-0.01,1,4125,卖盘
1199,10:58:15,41.26,0.01,35,144410,买盘
1200,10:58:12,41.25,0.02,19,78375,买盘
1201,10:58:09,41.23,--,38,156674,卖盘
1202,10:58:03,41.23,0.01,108,445283,买盘
1203,10:57:57,41.22,-0.01,34,140148,中性盘
1204,10:57:48,41.23,0.04,25,103074,买盘
1205,10:57:39,41.19,--,7,28833,卖盘
1206,10:57:36,41.19,--,28,115332,买盘
1207,10:57:30,41.19,-0.03,2,8238,中性盘
1208,10:57:12,41.22,0.15,97,399834,买盘
1209,10:57:09,41.07,--,17,69819,卖盘
1210,10:56:57,41.07,0.05,5,20535,买盘
1211,10:56:48,41.02,--,10,41020,卖盘
1212,10:56:42,41.02,0.01,18,73836,买盘
1213,10:56:39,41.01,-0.01,6,24606,卖盘
1214,10:56:33,41.02,--,20,82040,买盘
1215,10:56:30,41.02,--,2,8204,买盘
1216,10:56:24,41.02,-0.18,31,127162,卖盘
1217,10:56:09,41.2,0.01,38,156560,买盘
1218,10:56:06,41.19,--,12,51487,卖盘
1219,10:56:03,41.19,--,5,20595,卖盘
1220,10:56:00,41.19,--,7,28833,卖盘
1221,10:55:54,41.19,0.17,20,84439,买盘
1222,10:55:39,41.02,-0.17,3,12306,卖盘
1223,10:55:36,41.19,--,4,16476,买盘
1224,10:55:27,41.19,0.17,10,41190,买盘
1225,10:55:24,41.02,--,4,16408,卖盘
1226,10:55:06,41.02,-0.17,7,28714,卖盘
1227,10:54:57,41.19,--,22,90618,卖盘
1228,10:54:54,41.19,0.17,33,135927,买盘
1229,10:54:48,41.02,--,3,12306,卖盘
1230,10:54:39,41.02,--,1,4102,卖盘
1231,10:54:36,41.02,0.03,1,4102,买盘
1232,10:54:21,40.99,0.01,7,28693,中性盘
1233,10:54:06,40.98,-0.21,1,4098,卖盘
1234,10:54:00,41.19,--,29,119451,卖盘
1235,10:53:54,41.19,0.17,11,45309,买盘
1236,10:53:36,41.02,-0.17,1,4102,卖盘
1237,10:53:33,41.19,--,6,24714,买盘
1238,10:53:30,41.19,--,1,4119,卖盘
1239,10:53:27,41.19,--,2,8238,卖盘
1240,10:53:24,41.19,--,2,8238,卖盘
1241,10:53:18,41.19,--,2,8238,卖盘
1242,10:53:12,41.19,--,9,37071,卖盘
1243,10:53:06,41.19,-0.01,19,78261,卖盘
1244,10:52:57,41.2,0.01,10,41200,买盘
1245,10:52:54,41.19,--,2,8238,卖盘
1246,10:52:51,41.19,--,8,32952,卖盘
1247,10:52:42,41.19,0.23,1,4119,买盘
1248,10:52:36,40.96,-0.25,12,49152,中性盘
1249,10:52:18,41.21,0.2,1,4121,买盘
1250,10:52:15,41.01,-0.21,22,90222,卖盘
1251,10:52:09,41.22,-0.03,2,8244,买盘
1252,10:51:51,41.25,0.01,40,165000,买盘
1253,10:51:48,41.24,0.02,10,41240,买盘
1254,10:51:42,41.22,--,16,66158,卖盘
1255,10:51:36,41.22,--,13,53586,卖盘
1256,10:51:27,41.22,0.02,35,148185,买盘
1257,10:51:15,41.2,0.06,6,24720,买盘
1258,10:51:06,41.14,-0.06,6,24684,卖盘
1259,10:50:54,41.2,0.06,6,24720,买盘
1260,10:50:51,41.14,0.06,27,111078,买盘
1261,10:50:39,41.08,-0.06,1,4108,卖盘
1262,10:50:33,41.14,--,3,12342,买盘
1263,10:50:21,41.14,-0.06,12,49368,卖盘
1264,10:50:18,41.2,0.06,21,86520,买盘
1265,10:50:06,41.14,--,26,106964,卖盘
1266,10:49:57,41.14,--,1,4114,卖盘
1267,10:49:54,41.14,--,1,4114,卖盘
1268,10:49:48,41.14,0.02,5,20570,买盘
1269,10:49:42,41.12,--,7,28784,卖盘
1270,10:49:39,41.12,--,5,20560,卖盘
1271,10:49:24,41.12,-0.02,5,20560,卖盘
1272,10:49:09,41.14,0.02,17,69938,买盘
1273,10:49:06,41.12,-0.02,20,82240,中性盘
1274,10:48:45,41.14,0.02,10,41140,买盘
1275,10:48:39,41.12,0.02,1,4112,买盘
1276,10:48:36,41.1,-0.02,28,115080,卖盘
1277,10:48:27,41.12,0.01,4,16448,中性盘
1278,10:48:06,41.11,--,21,86331,卖盘
1279,10:47:51,41.11,-0.04,10,41110,卖盘
1280,10:47:48,41.15,--,6,24690,买盘
1281,10:47:39,41.15,0.05,10,41150,买盘
1282,10:47:36,41.1,--,7,28770,卖盘
1283,10:47:27,41.1,--,1,4110,卖盘
1284,10:47:24,41.1,0.02,1,4110,买盘
1285,10:47:18,41.08,--,10,41080,卖盘
1286,10:47:06,41.08,--,11,45188,卖盘
1287,10:47:00,41.08,--,3,12324,卖盘
1288,10:46:57,41.08,-0.01,7,28756,卖盘
1289,10:46:54,41.09,0.01,5,20545,买盘
1290,10:46:45,41.08,--,10,41080,买盘
1291,10:46:39,41.08,0.12,2,8216,买盘
1292,10:46:36,40.96,-0.12,1,4096,卖盘
1293,10:46:30,41.08,--,1,4108,买盘
1294,10:46:21,41.08,--,1,4108,买盘
1295,10:46:06,41.08,-0.01,3,12324,卖盘
1296,10:46:03,41.09,0.01,1,4109,买盘
1297,10:46:00,41.08,--,17,69836,卖盘
1298,10:45:51,41.08,-0.01,20,82160,中性盘
1299,10:45:36,41.09,0.13,38,156142,买盘
1300,10:45:27,40.96,-0.04,6,24576,卖盘
1301,10:45:24,41.0,--,1,4100,卖盘
1302,10:45:18,41.0,0.04,3,12300,买盘
1303,10:45:03,40.96,--,13,53248,卖盘
1304,10:44:54,40.96,--,10,40960,卖盘
1305,10:44:45,40.96,0.01,5,20480,买盘
1306,10:44:33,40.95,-0.01,5,20475,卖盘
1307,10:44:18,40.96,-0.04,1,4096,卖盘
1308,10:44:03,41.0,-0.09,1,4100,中性盘
1309,10:43:42,41.09,-0.01,40,164360,中性盘
1310,10:43:18,41.1,--,1,4110,买盘
1311,10:43:15,41.1,--,24,98640,卖盘
1312,10:43:12,41.1,--,2,8220,卖盘
1313,10:43:06,41.1,--,2,8220,卖盘
1314,10:43:03,41.1,-0.03,5,20550,卖盘
1315,10:42:54,41.13,0.08,4,16452,买盘
1316,10:42:42,41.05,--,4,16420,买盘
1317,10:42:30,41.05,--,3,12315,买盘
1318,10:42:27,41.05,--,16,65680,卖盘
1319,10:42:15,41.05,0.13,24,98520,中性盘
1320,10:42:12,40.92,-0.13,10,40920,卖盘
1321,10:42:06,41.05,0.13,1,4105,买盘
1322,10:42:03,40.92,--,5,20460,卖盘
1323,10:41:48,40.92,-0.19,194,793848,卖盘
1324,10:41:45,41.11,--,23,94553,卖盘
1325,10:41:42,41.11,--,6,24666,买盘
1326,10:41:27,41.11,-0.09,10,41110,卖盘
1327,10:41:15,41.2,--,3,12360,卖盘
1328,10:41:03,41.2,--,14,57680,卖盘
1329,10:41:00,41.2,-0.02,1,4120,卖盘
1330,10:40:57,41.22,--,6,24732,买盘
1331,10:40:51,41.22,--,5,20610,买盘
1332,10:40:45,41.22,--,5,20610,买盘
1333,10:40:42,41.22,--,1,4122,卖盘
1334,10:40:39,41.22,-0.06,52,214344,卖盘
1335,10:40:36,41.28,--,4,16512,买盘
1336,10:40:33,41.28,0.06,5,20640,中性盘
1337,10:40:15,41.22,-0.06,12,49464,中性盘
1338,10:40:09,41.28,0.08,17,70176,买盘
1339,10:40:03,41.2,-0.05,1,4120,卖盘
1340,10:40:00,41.25,0.05,2,8250,买盘
1341,10:39:54,41.2,0.02,8,32960,买盘
1342,10:39:51,41.18,0.03,5,20590,买盘
1343,10:39:48,41.15,0.04,1,4115,买盘
1344,10:39:45,41.11,--,1,4111,卖盘
1345,10:39:39,41.11,--,9,36999,买盘
1346,10:39:36,41.11,0.01,2,8222,买盘
1347,10:39:33,41.1,--,165,678150,卖盘
1348,10:39:18,41.1,0.11,181,745965,买盘
1349,10:39:15,40.99,--,2,10247,卖盘
1350,10:39:12,40.99,-0.01,2,8198,卖盘
1351,10:39:06,41.0,0.01,1,4100,买盘
1352,10:39:03,40.99,-0.01,2,8198,卖盘
1353,10:38:54,41.0,0.01,20,82000,买盘
1354,10:38:51,40.99,-0.01,5,20495,卖盘
1355,10:38:45,41.0,0.01,5,20500,买盘
1356,10:38:39,40.99,-0.01,7,28693,卖盘
1357,10:38:36,41.0,0.01,40,164000,买盘
1358,10:38:33,40.99,-0.01,23,94277,卖盘
1359,10:38:27,41.0,0.01,50,205000,买盘
1360,10:38:12,40.99,--,1,4099,卖盘
1361,10:38:09,40.99,--,5,20495,卖盘
1362,10:38:03,40.99,--,23,94277,卖盘
1363,10:37:45,40.99,--,6,24594,卖盘
1364,10:37:42,40.99,--,2,8198,卖盘
1365,10:37:36,40.99,0.04,14,59435,买盘
1366,10:37:33,40.95,-0.03,1,4095,卖盘
1367,10:37:06,40.98,--,10,40980,卖盘
1368,10:37:03,40.98,--,14,57371,卖盘
1369,10:36:54,40.98,--,6,24587,卖盘
1370,10:36:48,40.98,--,4,16392,卖盘
1371,10:36:39,40.98,0.03,2,8196,中性盘
1372,10:36:33,40.95,-0.04,6,24570,卖盘
1373,10:36:27,40.99,0.01,11,45089,买盘
1374,10:36:21,40.98,-0.02,1,4098,卖盘
1375,10:36:18,41.0,0.01,20,82000,买盘
1376,10:36:09,40.99,--,3,14346,卖盘
1377,10:36:03,40.99,--,1,4099,卖盘
1378,10:35:57,40.99,--,2,8198,卖盘
1379,10:35:51,40.99,--,15,61485,卖盘
1380,10:35:45,40.99,--,3,12297,卖盘
1381,10:35:42,40.99,0.01,84,346365,买盘
1382,10:35:39,40.98,--,7,28685,卖盘
1383,10:35:36,40.98,0.03,24,98351,买盘
1384,10:35:33,40.95,-0.03,9,36855,卖盘
1385,10:35:21,40.98,-0.01,4,16392,卖盘
1386,10:35:18,40.99,0.01,51,209049,买盘
1387,10:35:15,40.98,--,20,81960,卖盘
1388,10:35:12,40.98,-0.01,2,8196,卖盘
1389,10:35:09,40.99,0.01,4,16396,买盘
1390,10:35:03,40.98,--,17,69666,卖盘
1391,10:34:45,40.98,--,1,4098,卖盘
1392,10:34:39,40.98,--,10,40980,卖盘
1393,10:34:36,40.98,--,9,36882,卖盘
1394,10:34:33,40.98,--,33,135234,买盘
1395,10:34:30,40.98,--,20,81960,买盘
1396,10:34:24,40.98,--,1,4098,买盘
1397,10:34:18,40.98,0.01,18,73764,买盘
1398,10:34:15,40.97,-0.01,3,12291,中性盘
1399,10:34:03,40.98,0.01,44,180312,买盘
1400,10:33:57,40.97,--,1,4097,买盘
1401,10:33:54,40.97,0.01,2,8194,买盘
1402,10:33:48,40.96,0.01,1,4096,中性盘
1403,10:33:33,40.95,0.05,396,1621620,买盘
1404,10:33:30,40.9,--,13,53170,卖盘
1405,10:33:27,40.9,--,1,4090,卖盘
1406,10:33:18,40.9,--,47,192230,买盘
1407,10:33:03,40.9,--,17,69530,买盘
1408,10:32:48,40.9,-0.06,278,1137020,卖盘
1409,10:32:42,40.96,--,9,36864,卖盘
1410,10:32:39,40.96,--,41,167936,买盘
1411,10:32:30,40.96,--,43,176128,买盘
1412,10:32:15,40.96,--,7,28672,买盘
1413,10:32:12,40.96,--,2,8192,买盘
1414,10:32:09,40.96,--,16,65536,卖盘
1415,10:32:06,40.96,--,2,8192,卖盘
1416,10:32:03,40.96,--,1,4096,卖盘
1417,10:31:51,40.96,0.01,22,90112,买盘
1418,10:31:36,40.95,0.01,1,4095,买盘
1419,10:31:33,40.94,--,12,49128,卖盘
1420,10:31:30,40.94,--,36,147384,买盘
1421,10:31:24,40.94,--,3,12282,买盘
1422,10:31:18,40.94,0.02,2,8188,买盘
1423,10:31:12,40.92,-0.02,5,20460,卖盘
1424,10:31:09,40.94,--,2,8188,买盘
1425,10:31:03,40.94,0.02,18,73692,买盘
1426,10:30:57,40.92,-0.02,1,4092,卖盘
1427,10:30:54,40.94,0.02,3,12282,买盘
1428,10:30:45,40.92,0.02,1,4092,中性盘
1429,10:30:33,40.9,-0.01,204,834360,卖盘
1430,10:30:30,40.91,0.01,1,4090,买盘
1431,10:30:27,40.9,-0.01,1,4090,卖盘
1432,10:30:24,40.91,--,9,36819,买盘
1433,10:30:15,40.91,0.01,7,28636,买盘
1434,10:30:12,40.9,-0.01,2,8180,卖盘
1435,10:30:09,40.91,0.01,2,8181,买盘
1436,10:30:06,40.9,-0.01,12,49080,卖盘
1437,10:30:03,40.91,--,420,1718219,买盘
1438,10:30:00,40.91,--,5,20455,买盘
1439,10:29:57,40.91,0.01,3,12272,买盘
1440,10:29:54,40.9,--,1,4090,卖盘
1441,10:29:33,40.9,--,25,102250,卖盘
1442,10:29:24,40.9,0.1,66,269940,买盘
1443,10:29:18,40.8,0.01,15,61199,买盘
1444,10:29:09,40.79,0.02,11,44869,买盘
1445,10:29:03,40.77,--,24,97848,卖盘
1446,10:28:42,40.77,0.01,4,16308,买盘
1447,10:28:36,40.76,-0.01,10,40760,卖盘
1448,10:28:33,40.77,0.01,2,8154,买盘
1449,10:28:27,40.76,--,2,8152,买盘
1450,10:28:15,40.76,0.04,10,40760,买盘
1451,10:28:09,40.72,--,1,4072,卖盘
1452,10:28:03,40.72,-0.01,30,122160,卖盘
1453,10:28:00,40.73,0.01,1,4072,中性盘
1454,10:27:30,40.72,--,13,52936,卖盘
1455,10:27:24,40.72,0.02,0,366,买盘
1456,10:27:06,40.7,-0.02,1,4070,卖盘
1457,10:27:00,40.72,0.02,10,40720,买盘
1458,10:26:51,40.7,--,2,8140,卖盘
1459,10:26:42,40.7,0.01,4,16280,买盘
1460,10:26:30,40.69,--,19,77311,买盘
1461,10:26:24,40.69,--,40,162760,买盘
1462,10:26:21,40.69,0.02,30,126057,买盘
1463,10:26:15,40.67,-0.02,100,406700,卖盘
1464,10:26:12,40.69,0.01,2,8138,买盘
1465,10:26:00,40.68,-0.01,1,4068,卖盘
1466,10:25:54,40.69,--,16,65104,买盘
1467,10:25:45,40.69,0.01,16,65104,买盘
1468,10:25:30,40.68,-0.01,2,8136,卖盘
1469,10:25:24,40.69,0.02,2,8138,买盘
1470,10:25:12,40.67,-0.02,12,48804,卖盘
1471,10:25:06,40.69,0.02,2,8138,买盘
1472,10:25:00,40.67,--,22,89474,卖盘
1473,10:24:57,40.67,--,2,8134,卖盘
1474,10:24:48,40.67,0.01,2,8134,中性盘
1475,10:24:42,40.66,-0.01,21,85751,卖盘
1476,10:24:39,40.67,--,6,24402,卖盘
1477,10:24:33,40.67,--,2,11916,买盘
1478,10:24:27,40.67,--,1,7483,卖盘
1479,10:24:24,40.67,-0.01,7,28550,卖盘
1480,10:24:21,40.68,0.01,6,24408,买盘
1481,10:24:18,40.67,--,8,33105,卖盘
1482,10:24:09,40.67,-0.01,4,16268,卖盘
1483,10:24:06,40.68,--,4,16272,买盘
1484,10:24:00,40.68,--,1,4068,买盘
1485,10:23:57,40.68,--,8,33683,卖盘
1486,10:23:54,40.68,--,16,67325,卖盘
1487,10:23:45,40.68,-0.01,51,208159,卖盘
1488,10:23:30,40.69,--,2,8138,卖盘
1489,10:23:27,40.69,--,3,12207,卖盘
1490,10:23:03,40.69,--,1,4069,卖盘
1491,10:23:00,40.69,-0.01,5,20345,卖盘
1492,10:22:54,40.7,0.01,12,48840,买盘
1493,10:22:51,40.69,-0.01,6,24414,卖盘
1494,10:22:33,40.7,-0.02,1,4070,卖盘
1495,10:22:30,40.72,0.02,10,40720,买盘
1496,10:22:27,40.7,--,2,8140,卖盘
1497,10:22:21,40.7,-0.02,10,40700,卖盘
1498,10:22:12,40.72,--,4,16288,买盘
1499,10:22:03,40.72,0.02,1,4072,买盘
1500,10:21:57,40.7,--,10,40700,卖盘
1501,10:21:54,40.7,-0.01,2,8140,卖盘
1502,10:21:51,40.71,0.01,1,4071,买盘
1503,10:21:45,40.7,--,6,24420,买盘
1504,10:21:39,40.7,--,5,20350,买盘
1505,10:21:30,40.7,0.01,3,12210,买盘
1506,10:21:27,40.69,-0.01,11,44759,卖盘
1507,10:21:18,40.7,0.01,1,4070,买盘
1508,10:21:15,40.69,-0.01,3,12207,卖盘
1509,10:21:09,40.7,0.01,5,20350,买盘
1510,10:21:00,40.69,-0.01,26,105794,卖盘
1511,10:20:51,40.7,--,1,4070,买盘
1512,10:20:45,40.7,--,6,24420,买盘
1513,10:20:39,40.7,-0.01,6,24420,卖盘
1514,10:20:30,40.71,0.01,13,52923,买盘
1515,10:20:27,40.7,--,16,65120,卖盘
1516,10:20:09,40.7,-0.01,2,8140,卖盘
1517,10:20:00,40.71,0.01,2,8142,买盘
1518,10:19:57,40.7,-0.01,34,138380,卖盘
1519,10:19:48,40.71,--,15,61065,卖盘
1520,10:19:42,40.71,-0.01,4,16284,卖盘
1521,10:19:24,40.72,--,1,7777,卖盘
1522,10:19:15,40.72,-0.01,21,85512,卖盘
1523,10:18:57,40.73,--,2,8145,卖盘
1524,10:18:51,40.73,0.01,5,20365,中性盘
1525,10:18:27,40.72,-0.01,11,45158,卖盘
1526,10:18:24,40.73,--,1,4072,卖盘
1527,10:18:21,40.73,0.01,17,69241,买盘
1528,10:18:15,40.72,-0.01,3,12216,卖盘
1529,10:18:03,40.73,--,5,20365,卖盘
1530,10:18:00,40.73,-0.02,1,4072,卖盘
1531,10:17:57,40.75,--,2,8150,卖盘
1532,10:17:51,40.75,-0.01,3,12225,卖盘
1533,10:17:36,40.76,--,1,4076,买盘
1534,10:17:30,40.76,--,4,16304,卖盘
1535,10:17:27,40.76,--,3,12228,卖盘
1536,10:17:03,40.76,-0.09,3,12228,卖盘
1537,10:16:57,40.85,-0.03,9,36765,买盘
1538,10:16:51,40.88,--,3,12264,买盘
1539,10:16:21,40.88,--,41,167608,卖盘
1540,10:16:18,40.88,--,1,4088,卖盘
1541,10:16:12,40.88,--,10,40880,卖盘
1542,10:16:06,40.88,--,5,20440,卖盘
1543,10:15:57,40.88,--,3,12264,卖盘
1544,10:15:51,40.88,--,1,4088,买盘
1545,10:15:48,40.88,0.08,10,40880,买盘
1546,10:15:45,40.8,-0.08,18,73440,卖盘
1547,10:15:30,40.88,0.08,19,77672,买盘
1548,10:15:27,40.8,-0.02,13,53039,卖盘
1549,10:15:21,40.82,0.02,1,4082,买盘
1550,10:15:00,40.8,0.01,10,40800,买盘
1551,10:14:57,40.79,-0.01,2,8158,中性盘
1552,10:14:39,40.8,--,10,40800,卖盘
1553,10:14:30,40.8,--,1,4079,卖盘
1554,10:14:24,40.8,--,1,4079,卖盘
1555,10:14:12,40.8,-0.03,3,12240,卖盘
1556,10:14:06,40.83,0.01,20,81660,买盘
1557,10:14:00,40.82,--,1,4082,卖盘
1558,10:13:54,40.82,-0.06,1,4082,卖盘
1559,10:13:30,40.88,0.06,30,122640,买盘
1560,10:13:27,40.82,--,7,28574,卖盘
1561,10:13:09,40.82,--,1,4082,买盘
1562,10:12:57,40.82,0.02,1,4082,买盘
1563,10:12:54,40.8,-0.02,14,57119,卖盘
1564,10:12:51,40.82,0.02,3,12246,买盘
1565,10:12:48,40.8,-0.02,5,20400,卖盘
1566,10:12:45,40.82,0.06,1,4082,买盘
1567,10:12:24,40.76,--,4,16304,卖盘
1568,10:12:15,40.76,-0.03,7,28532,卖盘
1569,10:12:09,40.79,0.04,27,113885,买盘
1570,10:12:03,40.75,--,1,4360,卖盘
1571,10:11:54,40.75,0.03,16,65200,中性盘
1572,10:11:33,40.72,--,1,4072,卖盘
1573,10:11:24,40.72,--,14,57008,卖盘
1574,10:11:09,40.72,--,2,8144,买盘
1575,10:11:00,40.72,0.01,3,12216,买盘
1576,10:10:57,40.71,-0.01,46,187266,卖盘
1577,10:10:54,40.72,--,33,134376,卖盘
1578,10:10:45,40.72,--,30,122160,卖盘
1579,10:10:42,40.72,-0.04,4,16288,卖盘
1580,10:10:24,40.76,--,1,4402,卖盘
1581,10:10:21,40.76,-0.06,16,65216,卖盘
1582,10:10:15,40.82,0.06,2,8164,买盘
1583,10:10:12,40.76,--,1,4076,卖盘
1584,10:10:09,40.76,--,2,8152,卖盘
1585,10:09:57,40.76,0.06,80,329829,买盘
1586,10:09:48,40.7,-0.06,7,28490,卖盘
1587,10:09:39,40.76,--,16,65216,买盘
1588,10:09:36,40.76,--,6,24456,买盘
1589,10:09:30,40.76,--,6,24456,买盘
1590,10:09:27,40.76,--,7,28532,买盘
1591,10:09:24,40.76,-0.05,97,396839,卖盘
1592,10:09:21,40.81,-0.01,13,53053,卖盘
1593,10:09:09,40.82,-0.06,2,8164,卖盘
1594,10:09:06,40.88,0.07,30,122640,买盘
1595,10:08:51,40.81,--,13,53053,卖盘
1596,10:08:42,40.81,0.01,2,8162,中性盘
1597,10:08:33,40.8,-0.01,13,53570,卖盘
1598,10:08:30,40.81,-0.07,13,53053,卖盘
1599,10:08:27,40.88,0.07,25,102200,买盘
1600,10:08:24,40.81,--,5,20405,卖盘
1601,10:08:21,40.81,0.01,15,61215,中性盘
1602,10:07:57,40.8,--,1,4079,卖盘
1603,10:07:51,40.8,-0.09,22,89760,卖盘
1604,10:07:45,40.89,--,2,8178,买盘
1605,10:07:33,40.89,--,50,204450,中性盘
1606,10:07:21,40.89,-0.02,22,89958,卖盘
1607,10:07:18,40.91,0.01,11,45000,买盘
1608,10:07:15,40.9,--,1,4090,买盘
1609,10:07:09,40.9,--,6,24540,买盘
1610,10:07:03,40.9,-0.01,44,183518,卖盘
1611,10:06:57,40.91,--,3,12272,买盘
1612,10:06:54,40.91,0.01,1,4090,买盘
1613,10:06:51,40.9,-0.01,54,220860,卖盘
1614,10:06:48,40.91,0.01,2,9695,买盘
1615,10:06:42,40.9,-0.01,0,654,卖盘
1616,10:06:39,40.91,--,5,20455,买盘
1617,10:06:33,40.91,0.01,1,4090,买盘
1618,10:06:27,40.9,-0.01,21,88344,卖盘
1619,10:06:24,40.91,--,7,28636,买盘
1620,10:06:21,40.91,--,14,57273,买盘
1621,10:06:18,40.91,0.02,36,147276,买盘
1622,10:06:12,40.89,-0.01,2,8178,卖盘
1623,10:06:09,40.9,0.01,1,4090,买盘
1624,10:06:03,40.89,0.02,28,114492,买盘
1625,10:05:57,40.87,-0.02,2,8173,中性盘
1626,10:05:39,40.89,-0.01,2,8178,中性盘
1627,10:05:24,40.9,--,10,40900,买盘
1628,10:05:21,40.9,--,4,16360,买盘
1629,10:05:18,40.9,0.01,8,32720,买盘
1630,10:05:15,40.89,0.09,7,28623,买盘
1631,10:05:12,40.8,--,2,8159,买盘
1632,10:05:09,40.8,-0.1,19,77520,卖盘
1633,10:05:06,40.9,--,1,4090,中性盘
1634,10:05:03,40.9,-0.01,2,8180,中性盘
1635,10:04:45,40.91,--,2,8181,卖盘
1636,10:04:42,40.91,--,7,28636,卖盘
1637,10:04:33,40.91,0.11,2,8181,中性盘
1638,10:04:30,40.8,-0.14,3,12240,中性盘
1639,10:04:27,40.94,0.18,3,12282,买盘
1640,10:04:21,40.76,-0.14,3,12228,卖盘
1641,10:04:18,40.9,--,1,4090,中性盘
1642,10:04:09,40.9,--,3,12270,买盘
1643,10:04:00,40.9,--,10,40900,卖盘
1644,10:03:57,40.9,-0.01,1,4090,卖盘
1645,10:03:54,40.91,--,4,16363,买盘
1646,10:03:51,40.91,--,2,8181,买盘
1647,10:03:42,40.91,-0.02,1,4090,买盘
1648,10:03:39,40.93,-0.03,16,68926,卖盘
1649,10:03:21,40.96,0.07,30,122880,买盘
1650,10:03:18,40.89,-0.01,27,111057,卖盘
1651,10:03:09,40.9,0.01,3,12270,买盘
1652,10:03:06,40.89,--,4,16356,卖盘
1653,10:03:00,40.89,0.03,4,16356,买盘
1654,10:02:45,40.86,--,2,8172,买盘
1655,10:02:42,40.86,0.01,2,8172,买盘
1656,10:02:33,40.85,--,6,24510,买盘
1657,10:02:12,40.85,0.14,32,132803,买盘
1658,10:01:54,40.71,-0.05,2,8142,中性盘
1659,10:01:51,40.76,0.04,12,48912,买盘
1660,10:01:45,40.72,--,1,4072,买盘
1661,10:01:42,40.72,--,5,20360,买盘
1662,10:01:36,40.72,--,14,57008,买盘
1663,10:01:30,40.72,0.04,1,4072,买盘
1664,10:01:18,40.68,--,6,24408,买盘
1665,10:01:15,40.68,0.08,1,4068,买盘
1666,10:01:06,40.6,-0.07,1,4060,卖盘
1667,10:00:54,40.67,--,2,8134,买盘
1668,10:00:51,40.67,0.07,4,16268,买盘
1669,10:00:48,40.6,--,2,8120,买盘
1670,10:00:45,40.6,--,3,12180,买盘
1671,10:00:42,40.6,--,80,324800,买盘
1672,10:00:39,40.6,--,2,8120,买盘
1673,10:00:36,40.6,--,1,4060,买盘
1674,10:00:33,40.6,--,2,8120,买盘
1675,10:00:30,40.6,--,5,20300,买盘
1676,10:00:27,40.6,--,1,4060,买盘
1677,10:00:24,40.6,--,3,12180,买盘
1678,10:00:21,40.6,--,1,4060,买盘
1679,10:00:18,40.6,0.06,2,8120,买盘
1680,10:00:15,40.54,-0.06,107,433778,卖盘
1681,10:00:12,40.6,--,1,4060,买盘
1682,10:00:09,40.6,0.01,3,12180,买盘
1683,10:00:06,40.59,0.01,13,52767,买盘
1684,10:00:00,40.58,0.03,13,52754,买盘
1685,09:59:48,40.55,-0.03,1,4054,卖盘
1686,09:59:15,40.58,--,1,4058,买盘
1687,09:59:03,40.58,0.03,2,8116,买盘
1688,09:58:57,40.55,-0.01,2,8109,卖盘
1689,09:58:54,40.56,0.01,1,4056,中性盘
1690,09:58:36,40.55,--,1,4054,买盘
1691,09:58:30,40.55,--,8,32439,买盘
1692,09:58:12,40.55,0.01,1,4054,中性盘
1693,09:58:00,40.54,--,2,10013,买盘
1694,09:57:51,40.54,--,2,8108,买盘
1695,09:57:48,40.54,--,10,40540,买盘
1696,09:57:30,40.54,0.04,50,202700,买盘
1697,09:57:27,40.5,--,21,85050,买盘
1698,09:57:24,40.5,--,51,206550,买盘
1699,09:57:21,40.5,--,34,139846,卖盘
1700,09:57:18,40.5,--,1,4050,卖盘
1701,09:57:03,40.5,0.02,65,265153,买盘
1702,09:57:00,40.48,--,2,8095,卖盘
1703,09:56:45,40.48,-0.02,6,24287,中性盘
1704,09:56:42,40.5,0.02,33,133650,买盘
1705,09:56:39,40.48,0.07,15,60719,买盘
1706,09:56:30,40.41,--,34,137394,卖盘
1707,09:56:18,40.41,-0.07,1,4040,卖盘
1708,09:56:12,40.48,--,31,125487,卖盘
1709,09:56:06,40.48,0.09,20,80960,中性盘
1710,09:55:45,40.39,-0.09,45,181755,卖盘
1711,09:55:42,40.48,--,69,279312,买盘
1712,09:55:39,40.48,0.08,100,404799,买盘
1713,09:55:24,40.4,--,8,32320,卖盘
1714,09:55:18,40.4,-0.02,5,20200,卖盘
1715,09:55:15,40.42,--,1,4042,卖盘
1716,09:55:12,40.42,0.02,1,4042,买盘
1717,09:55:09,40.4,-0.01,1,4040,卖盘
1718,09:55:03,40.41,0.01,2,8081,中性盘
1719,09:54:36,40.4,-0.04,42,169680,卖盘
1720,09:54:33,40.44,0.02,1,4044,卖盘
1721,09:54:24,40.42,-0.08,9,37994,卖盘
1722,09:54:21,40.5,0.07,5,20250,买盘
1723,09:54:18,40.43,--,5,20215,卖盘
1724,09:54:12,40.43,0.01,1,4043,中性盘
1725,09:53:51,40.42,--,3,12126,卖盘
1726,09:53:39,40.42,--,21,84882,卖盘
1727,09:53:36,40.42,--,23,92966,卖盘
1728,09:53:30,40.42,-0.08,1,4042,卖盘
1729,09:53:27,40.5,0.08,3,12150,买盘
1730,09:53:21,40.42,--,3,12126,卖盘
1731,09:53:12,40.42,-0.09,1,4042,卖盘
1732,09:52:57,40.51,0.09,10,40510,买盘
1733,09:52:51,40.42,-0.08,10,40420,卖盘
1734,09:52:42,40.5,--,9,38596,卖盘
1735,09:52:39,40.5,--,4,16200,卖盘
1736,09:52:36,40.5,--,3,12150,卖盘
1737,09:52:33,40.5,--,2,8100,卖盘
1738,09:52:24,40.5,--,83,336150,卖盘
1739,09:52:18,40.5,--,7,28350,卖盘
1740,09:52:12,40.5,--,14,56700,卖盘
1741,09:52:09,40.5,-0.05,6,24300,卖盘
1742,09:52:06,40.55,0.03,25,103280,买盘
1743,09:52:03,40.52,--,45,182340,买盘
1744,09:52:00,40.52,0.01,10,40520,中性盘
1745,09:51:54,40.51,-0.01,5,20255,卖盘
1746,09:51:51,40.52,-0.03,2,8104,卖盘
1747,09:51:42,40.55,-0.01,4,16219,卖盘
1748,09:51:39,40.56,0.01,5,20280,中性盘
1749,09:51:24,40.55,-0.01,5,20275,卖盘
1750,09:51:18,40.56,0.01,1,4056,买盘
1751,09:51:03,40.55,-0.01,6,24330,卖盘
1752,09:51:00,40.56,-0.04,5,20280,卖盘
1753,09:50:57,40.6,--,4,16240,买盘
1754,09:50:42,40.6,--,1,4060,买盘
1755,09:50:39,40.6,--,5,20300,买盘
1756,09:50:27,40.6,0.09,10,40600,买盘
1757,09:50:24,40.51,--,3,12153,买盘
1758,09:50:21,40.51,--,5,20255,买盘
1759,09:50:15,40.51,-0.04,13,52663,卖盘
1760,09:50:09,40.55,0.04,1,4054,中性盘
1761,09:50:06,40.51,--,15,60765,卖盘
1762,09:50:00,40.51,--,1,4051,卖盘
1763,09:49:57,40.51,0.01,20,81020,中性盘
1764,09:49:39,40.5,-0.05,13,52650,卖盘
1765,09:49:33,40.55,-0.03,33,133815,卖盘
1766,09:49:30,40.58,0.03,3,12174,买盘
1767,09:49:27,40.55,-0.03,15,60824,卖盘
1768,09:49:18,40.58,0.03,8,32464,买盘
1769,09:49:15,40.55,-0.18,43,174365,卖盘
1770,09:49:12,40.73,0.15,50,203649,买盘
1771,09:49:03,40.58,-0.02,2,8116,卖盘
1772,09:48:51,40.6,--,2,8120,买盘
1773,09:48:45,40.6,--,3,12180,买盘
1774,09:48:39,40.6,--,1,4060,卖盘
1775,09:48:36,40.6,--,8,32480,卖盘
1776,09:48:30,40.6,-0.02,55,223300,卖盘
1777,09:48:24,40.62,0.02,9,36558,中性盘
1778,09:48:18,40.6,-0.04,3,12180,卖盘
1779,09:48:15,40.64,--,1,4064,买盘
1780,09:48:12,40.64,-0.02,23,95463,卖盘
1781,09:48:09,40.66,0.02,2,8131,买盘
1782,09:48:06,40.64,-0.01,213,867704,卖盘
1783,09:48:03,40.65,--,4,16260,买盘
1784,09:47:54,40.65,--,1,4065,买盘
1785,09:47:51,40.65,0.01,1,4065,买盘
1786,09:47:42,40.64,--,1,4064,卖盘
1787,09:47:39,40.64,--,2,8128,卖盘
1788,09:47:36,40.64,--,12,48768,卖盘
1789,09:47:15,40.64,--,5,20320,卖盘
1790,09:47:12,40.64,-0.01,1,4064,卖盘
1791,09:47:03,40.65,0.01,3,12195,中性盘
1792,09:46:57,40.64,-0.01,15,60960,卖盘
1793,09:46:54,40.65,--,1,4065,卖盘
1794,09:46:48,40.65,-0.01,1,4065,卖盘
1795,09:46:42,40.66,-0.04,117,475721,卖盘
1796,09:46:39,40.7,-0.03,2,8140,卖盘
1797,09:46:36,40.73,0.03,1,4072,买盘
1798,09:46:33,40.7,--,5,20350,卖盘
1799,09:46:30,40.7,--,4,16280,卖盘
1800,09:46:24,40.7,-0.05,5,20350,卖盘
1801,09:46:12,40.75,-0.01,32,132030,卖盘
1802,09:46:09,40.76,-0.01,2,8152,买盘
1803,09:46:03,40.77,--,11,44847,卖盘
1804,09:46:00,40.77,0.01,1,4077,中性盘
1805,09:45:54,40.76,-0.02,2,8152,卖盘
1806,09:45:51,40.78,0.02,1,4078,中性盘
1807,09:45:48,40.76,0.01,1,4076,中性盘
1808,09:45:45,40.75,-0.01,58,238795,卖盘
1809,09:45:42,40.76,--,1,4076,卖盘
1810,09:45:39,40.76,--,1,4076,卖盘
1811,09:45:36,40.76,-0.01,15,61140,卖盘
1812,09:45:27,40.77,--,7,28539,买盘
1813,09:45:24,40.77,-0.01,16,65232,卖盘
1814,09:45:12,40.78,-0.01,10,40780,卖盘
1815,09:45:09,40.79,--,6,24474,买盘
1816,09:45:06,40.79,0.01,13,53027,中性盘
1817,09:45:03,40.78,-0.02,30,122340,卖盘
1818,09:45:00,40.8,--,5,20400,买盘
1819,09:44:57,40.8,--,1,4079,买盘
1820,09:44:54,40.8,0.01,3,12240,中性盘
1821,09:44:51,40.79,-0.01,37,150923,卖盘
1822,09:44:48,40.8,0.01,7,28559,中性盘
1823,09:44:45,40.79,-0.01,9,36711,卖盘
1824,09:44:39,40.8,-0.08,100,408000,卖盘
1825,09:44:36,40.88,--,1,4088,卖盘
1826,09:44:33,40.88,-0.02,7,28616,卖盘
1827,09:44:27,40.9,--,2,8180,买盘
1828,09:44:24,40.9,--,43,175870,卖盘
1829,09:44:21,40.9,-0.01,6,24540,卖盘
1830,09:44:18,40.91,0.01,7,28636,买盘
1831,09:44:06,40.9,--,15,61350,买盘
1832,09:43:48,40.9,--,2,8180,买盘
1833,09:43:42,40.9,-0.07,9,36810,卖盘
1834,09:43:36,40.97,--,1,4097,买盘
1835,09:43:30,40.97,--,1,4097,买盘
1836,09:43:24,40.97,--,10,40970,买盘
1837,09:43:21,40.97,--,10,40970,买盘
1838,09:43:18,40.97,--,5,20485,买盘
1839,09:43:15,40.97,-0.01,10,40970,卖盘
1840,09:43:12,40.98,--,16,65568,买盘
1841,09:43:09,40.98,--,6,24587,买盘
1842,09:43:06,40.98,0.01,3,12293,买盘
1843,09:43:03,40.97,--,3,12291,卖盘
1844,09:43:00,40.97,--,11,45067,买盘
1845,09:42:57,40.97,--,1,4097,买盘
1846,09:42:54,40.97,--,2,8194,买盘
1847,09:42:48,40.97,0.01,17,69649,买盘
1848,09:42:45,40.96,-0.02,6,24576,买盘
1849,09:42:39,40.98,-0.01,3,12293,卖盘
1850,09:42:33,40.99,0.1,22,90178,买盘
1851,09:42:27,40.89,-0.09,1,4089,中性盘
1852,09:42:21,40.98,-0.01,10,40980,卖盘
1853,09:42:18,40.99,0.11,12,49188,买盘
1854,09:42:09,40.88,0.06,1,4088,卖盘
1855,09:42:03,40.82,0.02,16,65312,买盘
1856,09:42:00,40.8,--,10,40800,买盘
1857,09:41:57,40.8,0.01,15,61199,买盘
1858,09:41:54,40.79,-0.01,2,8158,卖盘
1859,09:41:51,40.8,--,1,4079,买盘
1860,09:41:42,40.8,0.02,21,85680,买盘
1861,09:41:36,40.78,--,15,61170,卖盘
1862,09:41:33,40.78,-0.02,2,8156,卖盘
1863,09:41:24,40.8,--,3,12240,买盘
1864,09:41:21,40.8,--,6,24480,买盘
1865,09:41:15,40.8,0.02,1,4079,买盘
1866,09:41:03,40.78,--,20,81560,卖盘
1867,09:41:00,40.78,--,21,85638,中性盘
1868,09:40:54,40.78,--,12,48936,卖盘
1869,09:40:48,40.78,--,5,20390,卖盘
1870,09:40:42,40.78,--,8,32624,买盘
1871,09:40:39,40.78,0.03,11,44858,买盘
1872,09:40:30,40.75,-0.03,10,40750,卖盘
1873,09:40:21,40.78,0.03,22,89716,买盘
1874,09:40:09,40.75,--,9,36675,卖盘
1875,09:40:06,40.75,-0.03,1,4075,卖盘
1876,09:40:03,40.78,0.03,1,4078,买盘
1877,09:39:51,40.75,-0.03,15,61125,卖盘
1878,09:39:42,40.78,-0.02,1,4078,中性盘
1879,09:39:36,40.8,--,8,32639,买盘
1880,09:39:33,40.8,0.05,26,106079,买盘
1881,09:39:30,40.75,-0.05,38,154850,卖盘
1882,09:39:27,40.8,--,30,122399,买盘
1883,09:39:24,40.8,--,2,8159,买盘
1884,09:39:18,40.8,0.02,25,102000,买盘
1885,09:39:15,40.78,-0.02,3,12234,卖盘
1886,09:39:06,40.8,--,36,146880,卖盘
1887,09:39:03,40.8,-0.2,1,4079,卖盘
1888,09:39:00,41.0,0.2,210,861000,买盘
1889,09:38:57,40.8,-0.07,8,32639,卖盘
1890,09:38:54,40.87,0.07,15,61304,买盘
1891,09:38:48,40.8,--,12,48960,卖盘
1892,09:38:45,40.8,--,1,4079,卖盘
1893,09:38:42,40.8,--,10,40800,卖盘
1894,09:38:36,40.8,-0.08,12,48960,卖盘
1895,09:38:33,40.88,--,1,4088,买盘
1896,09:38:30,40.88,--,1,4088,买盘
1897,09:38:27,40.88,--,2,8176,买盘
1898,09:38:24,40.88,-0.02,11,47543,卖盘
1899,09:38:18,40.9,-0.03,29,118610,卖盘
1900,09:38:15,40.93,-0.03,8,32744,卖盘
1901,09:38:12,40.96,0.03,7,28672,买盘
1902,09:38:06,40.93,--,9,36837,卖盘
1903,09:38:03,40.93,--,1,4093,卖盘
1904,09:38:00,40.93,--,7,28651,买盘
1905,09:37:57,40.93,--,2,8186,买盘
1906,09:37:54,40.93,0.03,1,4093,买盘
1907,09:37:48,40.9,0.02,5,20450,中性盘
1908,09:37:45,40.88,-0.02,10,42392,卖盘
1909,09:37:42,40.9,--,1,4090,买盘
1910,09:37:27,40.9,0.15,4,16360,买盘
1911,09:37:12,40.75,--,15,61125,买盘
1912,09:37:09,40.75,--,8,32600,买盘
1913,09:37:06,40.75,--,42,171150,买盘
1914,09:37:03,40.75,0.05,1,4075,买盘
1915,09:37:00,40.7,-0.05,10,40700,卖盘
1916,09:36:57,40.75,0.05,52,211900,买盘
1917,09:36:54,40.7,0.03,16,65120,买盘
1918,09:36:42,40.67,0.01,2,8134,买盘
1919,09:36:36,40.66,0.01,1,4065,买盘
1920,09:36:27,40.65,0.1,14,56910,买盘
1921,09:36:24,40.55,--,1,4054,卖盘
1922,09:36:21,40.55,--,5,20275,卖盘
1923,09:36:15,40.55,--,12,48660,卖盘
1924,09:36:12,40.55,0.02,20,81100,买盘
1925,09:36:09,40.53,--,13,52689,卖盘
1926,09:36:06,40.53,--,10,40530,卖盘
1927,09:36:03,40.53,--,19,77007,买盘
1928,09:36:00,40.53,--,1,4053,买盘
1929,09:35:51,40.53,0.11,2,8106,买盘
1930,09:35:48,40.42,0.02,6,24252,中性盘
1931,09:35:39,40.4,-0.1,7,28280,卖盘
1932,09:35:36,40.5,--,1,4050,买盘
1933,09:35:33,40.5,0.01,102,413100,买盘
1934,09:35:30,40.49,--,1,4049,中性盘
1935,09:35:24,40.49,--,1,4049,买盘
1936,09:35:21,40.49,--,11,44539,买盘
1937,09:35:09,40.49,0.1,1,4049,买盘
1938,09:35:06,40.39,-0.02,84,339276,卖盘
1939,09:35:00,40.41,0.01,5,20205,中性盘
1940,09:34:51,40.4,--,2,8080,卖盘
1941,09:34:42,40.4,--,143,577720,卖盘
1942,09:34:39,40.4,--,1,4040,买盘
1943,09:34:33,40.4,0.01,1,4040,买盘
1944,09:34:30,40.39,-0.01,1,4039,卖盘
1945,09:34:21,40.4,--,1,4040,买盘
1946,09:34:18,40.4,-0.1,37,149480,卖盘
1947,09:34:15,40.5,0.04,50,202500,买盘
1948,09:33:54,40.46,-0.04,1,4046,卖盘
1949,09:33:48,40.5,--,72,291600,买盘
1950,09:33:45,40.5,--,31,125550,买盘
1951,09:33:42,40.5,--,3,12150,买盘
1952,09:33:36,40.5,--,2,8100,买盘
1953,09:33:30,40.5,--,4,16200,卖盘
1954,09:33:27,40.5,-0.05,5,20250,卖盘
1955,09:33:24,40.55,0.05,1,4054,买盘
1956,09:33:21,40.5,-0.03,5,20250,卖盘
1957,09:33:18,40.53,0.03,18,72954,买盘
1958,09:33:15,40.5,0.05,4,16200,中性盘
1959,09:33:09,40.45,--,10,40450,卖盘
1960,09:33:06,40.45,-0.08,8,32360,卖盘
1961,09:33:00,40.53,--,1,4053,买盘
1962,09:32:57,40.53,0.03,10,40530,买盘
1963,09:32:54,40.5,0.08,3,12150,买盘
1964,09:32:51,40.42,-0.08,1,4042,中性盘
1965,09:32:45,40.5,-0.05,10,40500,中性盘
1966,09:32:39,40.55,0.15,5,20275,中性盘
1967,09:32:33,40.4,-0.22,10,40400,卖盘
1968,09:32:24,40.62,0.12,5,20310,中性盘
1969,09:32:18,40.5,-0.05,4,16200,卖盘
1970,09:32:15,40.55,-0.09,2,8109,中性盘
1971,09:32:09,40.64,0.14,1,4064,买盘
1972,09:32:06,40.5,--,2,8100,卖盘
1973,09:32:03,40.5,-0.12,10,40500,卖盘
1974,09:31:54,40.62,0.09,5,20310,买盘
1975,09:31:48,40.53,--,2,8106,买盘
1976,09:31:45,40.53,--,2,8106,买盘
1977,09:31:42,40.53,-0.07,3,12159,卖盘
1978,09:31:39,40.6,--,20,81200,买盘
1979,09:31:33,40.6,--,2,8120,买盘
1980,09:31:18,40.6,-0.02,6,24360,卖盘
1981,09:31:15,40.62,--,10,40620,买盘
1982,09:31:12,40.62,--,2,8123,买盘
1983,09:31:06,40.62,--,2,8123,买盘
1984,09:31:03,40.62,--,13,52806,买盘
1985,09:30:57,40.62,--,3,12186,买盘
1986,09:30:54,40.62,--,15,60929,买盘
1987,09:30:45,40.62,0.12,23,93426,买盘
1988,09:30:42,40.5,--,4,16200,卖盘
1989,09:30:30,40.5,0.11,2,8100,买盘
1990,09:30:21,40.39,-0.11,2,8078,卖盘
1991,09:30:18,40.5,0.11,1,4050,买盘
1992,09:30:09,40.39,--,1,4039,卖盘
1993,09:30:06,40.39,-0.11,24,96936,卖盘
1994,09:30:03,40.5,0.16,346,1401300,买盘
1995,09:30:00,40.34,--,0,0,买盘
1996,09:25:03,40.34,40.34,92,371128,买盘
