,time,price,change,volume,amount,type
0,15:00:00,8.72,--,0,0,卖盘
1,15:00:00,8.72,--,59,51448,卖盘
2,14:59:59,8.72,-0.01,31,27032,卖盘
3,14:59:54,8.73,0.01,28,24444,买盘
4,14:59:50,8.72,-0.01,88,76736,卖盘
5,14:59:45,8.73,0.01,57,49761,买盘
6,14:59:39,8.72,--,35,30520,买盘
7,14:59:35,8.72,0.01,235,204920,买盘
8,14:59:30,8.71,-0.01,59,51389,卖盘
9,14:59:24,8.72,0.01,38,33136,买盘
10,14:59:20,8.71,-0.01,108,94068,卖盘
11,14:59:14,8.72,--,91,79352,买盘
12,14:59:09,8.72,--,62,54064,买盘
13,14:59:05,8.72,--,139,121208,买盘
14,14:58:59,8.72,--,122,106384,卖盘
15,14:58:54,8.72,--,393,342696,买盘
16,14:58:49,8.72,0.01,86,74992,买盘
17,14:58:45,8.71,-0.01,171,148941,卖盘
18,14:58:39,8.72,--,24,20928,买盘
19,14:58:34,8.72,--,123,107256,买盘
20,14:58:29,8.72,--,90,78480,买盘
21,14:58:24,8.72,0.01,45,39240,买盘
22,14:58:19,8.71,-0.01,164,142844,卖盘
23,14:58:14,8.72,0.01,79,68888,买盘
24,14:58:09,8.71,--,9,7839,买盘
25,14:58:04,8.71,--,96,83616,卖盘
26,14:57:59,8.71,--,57,49647,买盘
27,14:57:54,8.71,--,10,8710,买盘
28,14:57:49,8.71,--,299,260429,买盘
29,14:57:44,8.71,--,343,298753,买盘
30,14:57:39,8.71,0.01,10,8710,买盘
31,14:57:34,8.7,-0.01,72,62639,卖盘
32,14:57:29,8.71,0.01,115,100165,买盘
33,14:57:24,8.7,--,55,47849,卖盘
34,14:57:19,8.7,--,73,63509,卖盘
35,14:57:14,8.7,--,174,151380,买盘
36,14:57:09,8.7,--,5,4350,买盘
37,14:57:04,8.7,0.01,15,13049,买盘
38,14:56:59,8.69,-0.01,93,80817,卖盘
39,14:56:54,8.7,0.01,595,517649,买盘
40,14:56:49,8.69,-0.01,127,110363,卖盘
41,14:56:44,8.7,--,14,12179,买盘
42,14:56:39,8.7,0.01,162,140940,买盘
43,14:56:34,8.69,--,81,70389,卖盘
44,14:56:29,8.69,--,11,9559,卖盘
45,14:56:24,8.69,--,16,13904,买盘
46,14:56:19,8.69,--,309,268521,卖盘
47,14:56:14,8.69,--,95,82555,卖盘
48,14:56:09,8.69,-0.01,30,26070,中性盘
49,14:56:04,8.7,--,227,197489,买盘
50,14:55:59,8.7,0.01,158,137460,买盘
51,14:55:54,8.69,-0.01,32,27808,卖盘
52,14:55:49,8.7,0.01,212,184439,买盘
53,14:55:44,8.69,--,371,322399,卖盘
54,14:55:39,8.69,-0.01,4,3476,卖盘
55,14:55:34,8.7,0.01,14,12179,买盘
56,14:55:28,8.69,--,6,5214,卖盘
57,14:55:24,8.69,--,4,3476,卖盘
58,14:55:19,8.69,--,92,79948,卖盘
59,14:55:14,8.69,--,144,125136,买盘
60,14:55:09,8.69,--,112,97328,买盘
61,14:55:03,8.69,0.01,81,70389,买盘
62,14:54:58,8.68,-0.01,691,600482,卖盘
63,14:54:54,8.69,0.01,136,118184,买盘
64,14:54:48,8.68,-0.01,20,17360,卖盘
65,14:54:44,8.69,0.01,40,34760,买盘
66,14:54:39,8.68,--,131,113708,卖盘
67,14:54:33,8.68,0.01,697,604996,买盘
68,14:54:29,8.67,--,446,386682,卖盘
69,14:54:24,8.67,--,150,130050,卖盘
70,14:54:14,8.67,--,44,38148,卖盘
71,14:54:08,8.67,--,6,5202,卖盘
72,14:54:03,8.67,--,30,26010,卖盘
73,14:53:58,8.67,-0.01,43,37281,卖盘
74,14:53:53,8.68,0.01,40,34720,买盘
75,14:53:44,8.67,-0.01,10,8670,卖盘
76,14:53:38,8.68,0.01,76,65968,买盘
77,14:53:29,8.67,--,5,4335,卖盘
78,14:53:23,8.67,0.01,68,59190,买盘
79,14:53:18,8.66,-0.01,30,25980,卖盘
80,14:53:14,8.67,--,217,188139,买盘
81,14:53:08,8.67,0.01,43,37281,买盘
82,14:53:03,8.66,-0.01,14,12124,卖盘
83,14:52:59,8.67,--,73,63291,买盘
84,14:52:53,8.67,0.01,20,17340,买盘
85,14:52:48,8.66,--,64,55424,卖盘
86,14:52:44,8.66,--,2,1732,卖盘
87,14:52:38,8.66,0.01,146,126436,买盘
88,14:52:33,8.65,--,135,116775,卖盘
89,14:52:28,8.65,--,10,8650,卖盘
90,14:52:23,8.65,-0.01,15,12975,卖盘
91,14:52:18,8.66,-0.01,14,12124,中性盘
92,14:52:13,8.67,0.02,233,202011,买盘
93,14:52:08,8.65,--,45,38925,卖盘
94,14:51:58,8.65,--,236,204140,卖盘
95,14:51:53,8.65,--,41,35465,卖盘
96,14:51:48,8.65,-0.01,7,6055,卖盘
97,14:51:43,8.66,0.01,143,123838,买盘
98,14:51:38,8.65,-0.01,18,15570,卖盘
99,14:51:28,8.66,0.01,41,35506,买盘
100,14:51:23,8.65,-0.01,6,5190,卖盘
101,14:51:18,8.66,0.01,16,13856,买盘
102,14:51:13,8.65,--,81,70065,卖盘
103,14:51:08,8.65,--,23,19895,卖盘
104,14:51:03,8.65,--,7,6055,卖盘
105,14:50:58,8.65,-0.01,96,83040,卖盘
106,14:50:53,8.66,--,8,6928,买盘
107,14:50:48,8.66,0.02,8,6928,买盘
108,14:50:43,8.64,-0.01,602,520128,卖盘
109,14:50:38,8.65,--,25,21625,卖盘
110,14:50:33,8.65,-0.01,100,86500,卖盘
111,14:50:28,8.66,--,67,58022,买盘
112,14:50:23,8.66,0.01,51,44166,买盘
113,14:50:18,8.65,-0.01,10,8650,卖盘
114,14:50:13,8.66,0.01,28,24248,买盘
115,14:50:08,8.65,-0.01,36,31140,卖盘
116,14:49:58,8.66,--,15,12990,买盘
117,14:49:53,8.66,-0.01,42,36787,卖盘
118,14:49:48,8.67,--,20,17340,买盘
119,14:49:43,8.67,0.01,152,131784,买盘
120,14:49:38,8.66,-0.01,165,142890,卖盘
121,14:49:33,8.67,0.01,9,7803,买盘
122,14:49:28,8.66,--,72,62352,卖盘
123,14:49:18,8.66,--,11,9526,卖盘
124,14:49:03,8.66,-0.01,47,40702,卖盘
125,14:48:58,8.67,--,48,41616,买盘
126,14:48:52,8.67,0.01,11,9537,买盘
127,14:48:48,8.66,-0.01,66,57156,卖盘
128,14:48:42,8.67,0.01,1,867,中性盘
129,14:48:37,8.66,-0.02,121,104786,卖盘
130,14:48:27,8.68,--,0,0,买盘
131,14:48:22,8.68,0.01,53,46004,买盘
132,14:48:18,8.67,-0.01,191,165597,卖盘
133,14:48:12,8.68,0.01,45,39060,买盘
134,14:48:07,8.67,-0.01,4,3468,卖盘
135,14:48:03,8.68,--,101,87668,买盘
136,14:47:57,8.68,0.01,25,21700,买盘
137,14:47:52,8.67,-0.01,18,15606,卖盘
138,14:47:47,8.68,0.01,335,290780,买盘
139,14:47:42,8.67,-0.01,24,20808,卖盘
140,14:47:37,8.68,0.01,163,141484,买盘
141,14:47:32,8.67,-0.01,91,78897,卖盘
142,14:47:27,8.68,0.01,30,26040,买盘
143,14:47:22,8.67,--,428,371076,卖盘
144,14:47:17,8.67,--,14,12138,卖盘
145,14:47:12,8.67,--,5,4335,卖盘
146,14:47:07,8.67,-0.01,49,42483,卖盘
147,14:47:02,8.68,0.01,104,90272,买盘
148,14:46:57,8.67,-0.01,1,867,卖盘
149,14:46:47,8.68,0.01,169,146692,买盘
150,14:46:37,8.67,--,74,64158,买盘
151,14:46:32,8.67,-0.01,256,221952,卖盘
152,14:46:22,8.68,0.01,60,52080,买盘
153,14:46:17,8.67,--,60,52020,卖盘
154,14:46:12,8.67,--,100,86700,卖盘
155,14:46:07,8.67,--,63,54621,买盘
156,14:46:02,8.67,--,69,59823,买盘
157,14:45:52,8.67,0.01,41,35547,买盘
158,14:45:47,8.66,-0.01,28,24248,卖盘
159,14:45:42,8.67,0.01,7,6069,买盘
160,14:45:37,8.66,--,228,197448,卖盘
161,14:45:32,8.66,-0.01,10,8660,卖盘
162,14:45:27,8.67,--,133,115311,买盘
163,14:45:17,8.67,0.01,85,73695,买盘
164,14:44:52,8.66,--,5,4330,卖盘
165,14:44:47,8.66,--,211,183176,买盘
166,14:44:42,8.66,--,5,4330,买盘
167,14:44:37,8.66,0.01,116,100456,买盘
168,14:44:32,8.65,--,14,12110,卖盘
169,14:44:27,8.65,-0.01,10,8650,卖盘
170,14:44:22,8.66,0.02,199,172334,买盘
171,14:44:17,8.64,-0.01,71,61344,卖盘
172,14:44:07,8.65,--,15,12975,买盘
173,14:44:02,8.65,--,77,66605,买盘
174,14:43:57,8.65,--,28,24220,买盘
175,14:43:52,8.65,0.01,24,20760,买盘
176,14:43:37,8.64,--,71,61344,卖盘
177,14:43:32,8.64,--,25,21600,卖盘
178,14:43:22,8.64,--,3,2592,卖盘
179,14:43:17,8.64,--,50,43200,卖盘
180,14:43:02,8.64,--,5,4320,卖盘
181,14:42:57,8.64,-0.01,30,25920,卖盘
182,14:42:52,8.65,0.01,1,865,买盘
183,14:42:47,8.64,-0.01,5,4320,卖盘
184,14:42:37,8.65,--,11,9515,卖盘
185,14:42:32,8.65,0.01,10,8650,买盘
186,14:42:27,8.64,--,0,0,卖盘
187,14:42:22,8.64,-0.01,224,193536,卖盘
188,14:42:17,8.65,--,6,5190,卖盘
189,14:42:12,8.65,--,83,71795,卖盘
190,14:42:07,8.65,-0.01,10,8650,卖盘
191,14:42:02,8.66,--,141,122106,买盘
192,14:41:57,8.66,0.01,104,90064,买盘
193,14:41:47,8.65,0.01,328,283720,买盘
194,14:41:41,8.64,-0.01,45,38880,卖盘
195,14:41:36,8.65,--,18,15570,卖盘
196,14:41:31,8.65,--,53,45845,买盘
197,14:41:21,8.65,--,24,20760,买盘
198,14:41:16,8.65,--,47,40655,卖盘
199,14:41:06,8.65,--,21,18165,卖盘
200,14:41:01,8.65,--,100,86500,卖盘
201,14:40:56,8.65,-0.01,12,10380,卖盘
202,14:40:51,8.66,0.01,79,68414,买盘
203,14:40:46,8.65,--,35,30275,卖盘
204,14:40:41,8.65,-0.01,13,11245,卖盘
205,14:40:31,8.66,0.01,21,18186,买盘
206,14:40:26,8.65,-0.01,25,21625,卖盘
207,14:40:21,8.66,0.02,210,181860,买盘
208,14:40:16,8.64,-0.01,189,163296,卖盘
209,14:40:11,8.65,--,34,29410,买盘
210,14:40:06,8.65,0.01,3,2595,买盘
211,14:39:56,8.64,-0.01,23,19872,卖盘
212,14:39:51,8.65,--,151,130615,卖盘
213,14:39:46,8.65,--,12,10380,卖盘
214,14:39:41,8.65,-0.01,35,30275,卖盘
215,14:39:36,8.66,--,130,112580,买盘
216,14:39:31,8.66,0.01,45,38970,买盘
217,14:39:26,8.65,-0.01,26,22490,卖盘
218,14:39:21,8.66,0.01,33,28578,买盘
219,14:39:16,8.65,--,7,6055,卖盘
220,14:39:11,8.65,-0.01,27,23355,卖盘
221,14:39:06,8.66,--,45,38970,买盘
222,14:39:01,8.66,--,61,52826,买盘
223,14:38:56,8.66,0.01,116,100456,买盘
224,14:38:51,8.65,--,100,86500,卖盘
225,14:38:46,8.65,--,151,130615,卖盘
226,14:38:41,8.65,-0.01,10,8650,卖盘
227,14:38:36,8.66,--,27,23382,买盘
228,14:38:31,8.66,--,13,11258,买盘
229,14:38:26,8.66,--,16,13856,买盘
230,14:38:16,8.66,--,225,195265,卖盘
231,14:38:11,8.66,-0.01,216,187506,卖盘
232,14:38:06,8.67,0.01,10,8670,买盘
233,14:38:01,8.66,-0.01,114,98724,卖盘
234,14:37:56,8.67,--,3,2601,买盘
235,14:37:51,8.67,0.01,24,20808,买盘
236,14:37:46,8.66,--,60,51960,卖盘
237,14:37:41,8.66,-0.01,110,95260,卖盘
238,14:37:36,8.67,0.01,30,26010,买盘
239,14:37:31,8.66,-0.01,29,25114,卖盘
240,14:37:26,8.67,--,96,83232,买盘
241,14:37:21,8.67,0.01,92,79764,买盘
242,14:37:11,8.66,--,3,2598,卖盘
243,14:37:06,8.66,--,29,25114,买盘
244,14:37:01,8.66,0.01,40,34640,买盘
245,14:36:56,8.65,--,4,3460,卖盘
246,14:36:51,8.65,--,246,212790,买盘
247,14:36:46,8.65,--,257,222305,买盘
248,14:36:41,8.65,--,151,130615,买盘
249,14:36:36,8.65,--,50,43250,买盘
250,14:36:31,8.65,0.01,25,21625,买盘
251,14:36:26,8.64,--,4,3456,卖盘
252,14:36:16,8.64,--,128,110592,买盘
253,14:36:11,8.64,0.01,1,864,买盘
254,14:36:06,8.63,0.01,512,441856,买盘
255,14:35:56,8.62,0.01,2,1723,买盘
256,14:35:51,8.61,--,144,124526,买盘
257,14:35:41,8.61,0.01,111,95571,买盘
258,14:35:30,8.6,-0.01,21,18060,卖盘
259,14:35:20,8.61,0.02,15,12915,买盘
260,14:35:10,8.59,-0.01,593,509387,卖盘
261,14:35:00,8.6,--,72,61920,卖盘
262,14:34:55,8.6,-0.01,1,860,中性盘
263,14:34:50,8.61,0.01,36,31486,买盘
264,14:34:40,8.6,--,2,2089,买盘
265,14:34:30,8.6,--,15,13269,买盘
266,14:34:25,8.6,--,14,12530,卖盘
267,14:34:20,8.6,-0.01,10,8600,卖盘
268,14:34:15,8.61,0.01,6,5166,买盘
269,14:34:05,8.6,--,13,11180,卖盘
270,14:34:00,8.6,--,44,37840,卖盘
271,14:33:55,8.6,--,2,1720,卖盘
272,14:33:50,8.6,--,170,146569,买盘
273,14:33:40,8.6,--,9,7740,买盘
274,14:33:35,8.6,--,25,21500,买盘
275,14:33:30,8.6,--,433,372380,买盘
276,14:33:25,8.6,0.01,15,12900,买盘
277,14:33:20,8.59,-0.01,29,24911,卖盘
278,14:33:15,8.6,--,10,8600,卖盘
279,14:33:05,8.6,-0.01,59,50740,卖盘
280,14:33:00,8.61,--,23,19803,买盘
281,14:32:55,8.61,0.01,1,861,买盘
282,14:32:50,8.6,--,11,9460,卖盘
283,14:32:45,8.6,--,2,1720,卖盘
284,14:32:40,8.6,--,57,49389,卖盘
285,14:32:35,8.6,--,95,81700,买盘
286,14:32:25,8.6,0.01,38,32680,买盘
287,14:32:10,8.59,-0.01,9,7731,卖盘
288,14:32:05,8.6,0.01,33,28380,买盘
289,14:31:55,8.59,-0.01,31,26629,卖盘
290,14:31:50,8.6,--,5,4300,买盘
291,14:31:45,8.6,--,53,45580,买盘
292,14:31:40,8.6,0.01,23,19780,买盘
293,14:31:35,8.59,--,8,6872,卖盘
294,14:31:30,8.59,--,13,11167,卖盘
295,14:31:20,8.59,-0.01,40,34360,卖盘
296,14:31:10,8.6,0.01,6,5160,买盘
297,14:31:05,8.59,--,10,8590,卖盘
298,14:31:00,8.59,--,0,0,卖盘
299,14:30:55,8.59,-0.01,57,48963,卖盘
300,14:30:45,8.6,--,60,51600,买盘
301,14:30:40,8.6,0.01,1,860,买盘
302,14:30:35,8.59,-0.01,25,21475,卖盘
303,14:30:30,8.6,--,11,9460,卖盘
304,14:30:25,8.6,--,89,76540,买盘
305,14:30:10,8.6,0.01,124,107431,买盘
306,14:30:05,8.59,--,132,113388,卖盘
307,14:30:00,8.59,-0.01,2,1718,卖盘
308,14:29:55,8.6,0.01,11,9460,买盘
309,14:29:50,8.59,-0.01,1,859,卖盘
310,14:29:40,8.6,0.01,61,52460,买盘
311,14:29:25,8.59,-0.01,39,33501,卖盘
312,14:29:20,8.6,--,23,19780,买盘
313,14:29:10,8.6,--,25,21500,买盘
314,14:29:05,8.6,-0.01,32,27520,卖盘
315,14:28:50,8.61,--,95,82483,卖盘
316,14:28:45,8.61,--,10,8610,卖盘
317,14:28:40,8.61,--,15,12915,卖盘
318,14:28:35,8.61,--,19,16358,卖盘
319,14:28:29,8.61,--,68,58720,卖盘
320,14:28:25,8.61,-0.01,40,34440,卖盘
321,14:28:20,8.62,--,9,7757,买盘
322,14:28:14,8.62,--,290,250410,卖盘
323,14:28:05,8.62,--,93,80166,卖盘
324,14:27:59,8.62,--,57,49133,卖盘
325,14:27:50,8.62,--,32,27583,卖盘
326,14:27:44,8.62,-0.01,1,861,卖盘
327,14:27:39,8.63,0.01,5,4315,买盘
328,14:27:34,8.62,--,83,71546,卖盘
329,14:27:29,8.62,-0.01,20,17240,卖盘
330,14:27:20,8.63,0.01,54,46602,买盘
331,14:27:14,8.62,-0.01,4,3447,卖盘
332,14:27:09,8.63,--,47,40992,买盘
333,14:27:05,8.63,0.01,6,5178,买盘
334,14:26:59,8.62,--,13,11205,卖盘
335,14:26:55,8.62,-0.01,352,303424,卖盘
336,14:26:49,8.63,0.01,7,6041,买盘
337,14:26:44,8.62,-0.01,35,30169,卖盘
338,14:26:39,8.63,0.01,59,50917,买盘
339,14:26:24,8.62,0.01,465,400829,买盘
340,14:26:04,8.61,--,5,4305,卖盘
341,14:25:59,8.61,0.01,277,238496,买盘
342,14:25:44,8.6,--,18,15480,买盘
343,14:25:39,8.6,--,10,8600,买盘
344,14:25:34,8.6,--,1,860,买盘
345,14:25:24,8.6,--,8,6880,买盘
346,14:25:19,8.6,--,30,25800,买盘
347,14:25:04,8.6,0.01,2,1720,买盘
348,14:24:59,8.59,--,103,88477,卖盘
349,14:24:49,8.59,--,3,2577,卖盘
350,14:24:44,8.59,-0.01,7,6013,卖盘
351,14:24:39,8.6,--,11,9460,买盘
352,14:24:29,8.6,--,10,8600,买盘
353,14:24:14,8.6,--,6,5160,卖盘
354,14:24:04,8.6,-0.01,3,2580,中性盘
355,14:23:54,8.61,--,10,8610,买盘
356,14:23:44,8.61,--,35,30134,买盘
357,14:23:29,8.61,-0.01,60,51660,卖盘
358,14:23:24,8.62,0.01,15,12929,买盘
359,14:23:19,8.61,--,4,3444,卖盘
360,14:23:04,8.61,0.02,348,299628,买盘
361,14:22:59,8.59,0.01,2,1718,买盘
362,14:22:49,8.58,-0.01,82,70356,卖盘
363,14:22:44,8.59,-0.01,11,9449,买盘
364,14:22:34,8.6,0.01,7,6020,买盘
365,14:22:24,8.59,-0.01,15,12885,卖盘
366,14:22:19,8.6,--,29,24940,买盘
367,14:22:14,8.6,--,39,33540,买盘
368,14:22:09,8.6,--,10,8600,买盘
369,14:22:04,8.6,--,18,15480,卖盘
370,14:21:59,8.6,-0.01,126,108360,卖盘
371,14:21:49,8.61,--,342,294462,卖盘
372,14:21:44,8.61,--,9,7748,卖盘
373,14:21:39,8.61,--,3,2583,卖盘
374,14:21:34,8.61,-0.01,14,12054,卖盘
375,14:21:29,8.62,--,235,202569,买盘
376,14:21:23,8.62,0.01,91,78442,买盘
377,14:21:14,8.61,-0.01,15,12915,卖盘
378,14:21:08,8.62,--,4,3447,买盘
379,14:20:59,8.62,--,2,1723,买盘
380,14:20:53,8.62,--,3,2585,买盘
381,14:20:48,8.62,--,78,67236,卖盘
382,14:20:44,8.62,-0.01,8,6895,卖盘
383,14:20:38,8.63,0.01,58,50054,买盘
384,14:20:29,8.62,--,295,254289,卖盘
385,14:20:23,8.62,--,13,11205,卖盘
386,14:20:18,8.62,--,53,45685,卖盘
387,14:20:13,8.62,--,26,22411,卖盘
388,14:20:08,8.62,--,13,11205,卖盘
389,14:20:03,8.62,0.01,70,60339,买盘
390,14:19:58,8.61,-0.01,1,861,卖盘
391,14:19:53,8.62,0.01,100,86199,买盘
392,14:19:48,8.61,-0.01,25,21525,卖盘
393,14:19:44,8.62,0.01,30,25859,买盘
394,14:19:38,8.61,--,79,68019,买盘
395,14:19:28,8.61,--,34,29273,买盘
396,14:19:23,8.61,0.01,21,18081,买盘
397,14:19:13,8.6,0.01,190,163400,买盘
398,14:19:03,8.59,-0.01,1,859,卖盘
399,14:18:53,8.6,0.01,5,4300,买盘
400,14:18:48,8.59,--,4,3436,卖盘
401,14:18:43,8.59,-0.01,201,172659,卖盘
402,14:18:38,8.6,--,17,14620,买盘
403,14:18:33,8.6,--,10,8600,买盘
404,14:18:28,8.6,--,8,6880,买盘
405,14:18:13,8.6,0.01,4,3440,买盘
406,14:18:08,8.59,--,17,14603,卖盘
407,14:18:03,8.59,-0.01,1,859,卖盘
408,14:17:58,8.6,0.01,59,50740,买盘
409,14:17:53,8.59,--,164,140876,买盘
410,14:17:43,8.59,--,10,8590,买盘
411,14:17:37,8.59,--,130,111670,买盘
412,14:17:28,8.59,--,301,258559,买盘
413,14:17:23,8.59,--,0,0,买盘
414,14:16:58,8.59,--,5,4295,买盘
415,14:16:48,8.59,--,0,0,买盘
416,14:16:37,8.59,0.01,10,8590,买盘
417,14:16:28,8.58,--,180,154440,买盘
418,14:16:18,8.58,--,15,12870,买盘
419,14:16:03,8.58,--,2,1716,卖盘
420,14:15:58,8.58,--,48,41184,买盘
421,14:15:53,8.58,--,60,51480,买盘
422,14:15:48,8.58,--,14,12012,买盘
423,14:15:37,8.58,--,2,1716,买盘
424,14:15:28,8.58,0.02,73,62634,买盘
425,14:15:23,8.56,--,2,1712,卖盘
426,14:15:02,8.56,--,3,2568,卖盘
427,14:14:52,8.56,-0.02,30,25680,卖盘
428,14:14:47,8.58,0.01,50,42900,买盘
429,14:14:42,8.57,--,10,8570,买盘
430,14:14:38,8.57,--,3,2571,卖盘
431,14:14:32,8.57,--,22,18854,买盘
432,14:14:28,8.57,--,28,23996,买盘
433,14:14:17,8.57,--,13,11141,买盘
434,14:14:12,8.57,0.01,15,12855,买盘
435,14:14:07,8.56,-0.01,100,85600,卖盘
436,14:13:52,8.57,0.01,94,80558,买盘
437,14:13:37,8.56,-0.01,100,85600,卖盘
438,14:13:12,8.57,--,16,13712,买盘
439,14:13:07,8.57,--,9,7713,买盘
440,14:12:47,8.57,0.01,10,8570,买盘
441,14:12:17,8.56,-0.01,0,8,卖盘
442,14:12:07,8.57,--,7,5999,买盘
443,14:12:02,8.57,--,45,38565,卖盘
444,14:11:57,8.57,--,15,12855,卖盘
445,14:11:42,8.57,0.01,13,11141,买盘
446,14:11:32,8.56,--,0,0,卖盘
447,14:11:27,8.56,--,44,37664,卖盘
448,14:11:22,8.56,-0.01,30,25680,卖盘
449,14:11:01,8.57,0.01,197,168829,买盘
450,14:10:57,8.56,-0.01,5,4280,卖盘
451,14:10:52,8.57,0.01,3,2571,买盘
452,14:10:42,8.56,--,112,95872,卖盘
453,14:10:37,8.56,-0.01,30,25680,买盘
454,14:10:27,8.57,--,0,0,买盘
455,14:10:22,8.57,0.02,30,25710,买盘
456,14:10:16,8.55,--,0,0,卖盘
457,14:10:12,8.55,-0.01,31,26505,卖盘
458,14:10:07,8.56,--,37,31672,卖盘
459,14:10:01,8.56,--,1,856,卖盘
460,14:09:52,8.56,--,23,19688,卖盘
461,14:09:42,8.56,--,10,8560,卖盘
462,14:09:37,8.56,--,42,35952,卖盘
463,14:09:27,8.56,--,18,15408,卖盘
464,14:09:07,8.56,-0.01,1,856,卖盘
465,14:08:46,8.57,--,10,8570,买盘
466,14:08:42,8.57,--,18,15426,买盘
467,14:08:22,8.57,--,1,857,买盘
468,14:08:16,8.57,--,30,25710,卖盘
469,14:08:07,8.57,--,4,3428,卖盘
470,14:08:01,8.57,--,7,5999,卖盘
471,14:07:57,8.57,--,1,857,卖盘
472,14:07:52,8.57,-0.01,1,857,卖盘
473,14:07:46,8.58,0.01,18,15444,买盘
474,14:07:41,8.57,-0.01,12,10284,卖盘
475,14:07:26,8.58,0.01,7,6006,买盘
476,14:07:22,8.57,--,20,17140,卖盘
477,14:07:16,8.57,--,24,20568,卖盘
478,14:06:56,8.57,-0.01,30,25710,卖盘
479,14:06:46,8.58,0.01,20,17160,买盘
480,14:06:41,8.57,-0.01,23,19711,卖盘
481,14:06:26,8.58,--,14,12012,买盘
482,14:05:56,8.58,--,2,1716,买盘
483,14:05:51,8.58,--,7,6006,买盘
484,14:05:46,8.58,--,7,6006,买盘
485,14:05:26,8.58,--,55,47190,买盘
486,14:05:11,8.58,--,158,135564,卖盘
487,14:05:01,8.58,--,1,858,卖盘
488,14:04:56,8.58,--,7,6006,买盘
489,14:04:46,8.58,--,3,2574,买盘
490,14:04:41,8.58,--,16,13728,买盘
491,14:04:31,8.58,--,42,36036,买盘
492,14:04:16,8.58,0.01,3,2574,买盘
493,14:04:11,8.57,-0.01,63,53991,卖盘
494,14:04:06,8.58,0.01,9,7722,买盘
495,14:04:01,8.57,--,10,8570,卖盘
496,14:03:51,8.57,--,2,1714,卖盘
497,14:03:46,8.57,--,3,2571,卖盘
498,14:03:31,8.57,--,2,1714,卖盘
499,14:03:25,8.57,-0.01,2,1714,卖盘
500,14:03:21,8.58,0.01,15,12870,买盘
501,14:03:16,8.57,-0.01,23,19711,卖盘
502,14:03:10,8.58,--,1,858,买盘
503,14:03:06,8.58,--,10,8580,买盘
504,14:03:01,8.58,-0.01,17,14586,卖盘
505,14:02:55,8.59,--,12,10308,买盘
506,14:02:51,8.59,0.01,10,8590,买盘
507,14:02:31,8.58,--,28,24024,买盘
508,14:02:25,8.58,0.01,20,17160,买盘
509,14:02:21,8.57,-0.01,4,3428,卖盘
510,14:02:16,8.58,0.01,20,17160,买盘
511,14:02:10,8.57,--,7,5999,卖盘
512,14:02:01,8.57,-0.01,5,4285,卖盘
513,14:01:51,8.58,-0.01,3,2574,卖盘
514,14:01:46,8.59,--,4,3436,买盘
515,14:01:40,8.59,--,30,25770,买盘
516,14:01:36,8.59,--,0,0,买盘
517,14:01:31,8.59,--,13,11167,买盘
518,14:01:16,8.59,--,25,21475,买盘
519,14:01:10,8.59,0.02,312,268008,买盘
520,14:01:06,8.57,--,0,0,卖盘
521,14:01:01,8.57,-0.02,6,5142,卖盘
522,14:00:55,8.59,--,274,235366,买盘
523,14:00:51,8.59,--,3,2577,买盘
524,14:00:46,8.59,0.01,12,10308,买盘
525,14:00:40,8.58,--,13,11154,卖盘
526,14:00:35,8.58,-0.01,4,3432,卖盘
527,14:00:25,8.59,0.01,200,171800,买盘
528,14:00:15,8.58,0.01,41,35178,买盘
529,14:00:10,8.57,0.01,5,4285,中性盘
530,14:00:05,8.56,-0.02,8,6848,卖盘
531,14:00:00,8.58,0.01,206,176748,买盘
532,13:59:55,8.57,--,36,30852,买盘
533,13:59:50,8.57,0.01,57,48849,买盘
534,13:59:35,8.56,--,6,5136,买盘
535,13:59:20,8.56,0.01,230,196880,买盘
536,13:59:10,8.55,--,159,135945,买盘
537,13:59:05,8.55,--,120,102600,买盘
538,13:59:01,8.55,--,5,4275,买盘
539,13:58:55,8.55,--,49,41895,买盘
540,13:58:50,8.55,--,1,855,买盘
541,13:58:40,8.55,--,10,8550,买盘
542,13:58:35,8.55,--,100,85500,买盘
543,13:58:20,8.55,--,16,13680,买盘
544,13:58:15,8.55,--,3,2565,买盘
545,13:58:05,8.55,--,84,71820,买盘
546,13:57:50,8.55,--,91,77805,买盘
547,13:57:45,8.55,0.01,1,855,买盘
548,13:57:35,8.54,--,95,81129,卖盘
549,13:57:20,8.54,--,15,12809,卖盘
550,13:57:10,8.54,--,4,3415,买盘
551,13:56:55,8.54,--,6,5123,买盘
552,13:56:40,8.54,--,7,5977,卖盘
553,13:56:30,8.54,--,8,6831,卖盘
554,13:56:00,8.54,-0.01,90,76859,卖盘
555,13:55:40,8.55,--,2,1710,买盘
556,13:55:25,8.55,--,67,57285,买盘
557,13:55:19,8.55,--,31,26505,买盘
558,13:55:15,8.55,0.01,10,8550,买盘
559,13:55:04,8.54,--,1,853,卖盘
560,13:55:00,8.54,--,5,4270,卖盘
561,13:54:40,8.54,-0.01,46,39283,卖盘
562,13:54:30,8.55,0.01,11,9405,买盘
563,13:54:19,8.54,-0.01,7,5977,卖盘
564,13:53:55,8.55,-0.01,10,8550,买盘
565,13:53:49,8.56,0.02,72,61632,买盘
566,13:53:45,8.54,--,50,42699,卖盘
567,13:53:34,8.54,-0.02,8,6831,卖盘
568,13:53:29,8.56,0.01,73,62488,买盘
569,13:53:19,8.55,0.01,15,12825,买盘
570,13:53:09,8.54,--,5,4270,卖盘
571,13:52:54,8.54,-0.01,10,8540,卖盘
572,13:52:44,8.55,--,73,62415,买盘
573,13:52:14,8.55,--,3,2565,买盘
574,13:51:59,8.55,--,22,18810,买盘
575,13:51:54,8.55,--,22,18810,买盘
576,13:51:49,8.55,--,1,855,买盘
577,13:51:44,8.55,0.01,69,58995,买盘
578,13:51:34,8.54,-0.01,10,8540,卖盘
579,13:51:29,8.55,0.01,11,9405,买盘
580,13:51:24,8.54,-0.01,13,11101,卖盘
581,13:51:19,8.55,--,87,74385,卖盘
582,13:51:04,8.55,0.02,242,206910,买盘
583,13:50:49,8.53,--,0,0,中性盘
584,13:50:44,8.53,-0.01,123,104918,卖盘
585,13:50:34,8.54,--,146,124683,买盘
586,13:50:29,8.54,--,12,10247,买盘
587,13:50:14,8.54,0.01,37,31597,买盘
588,13:50:09,8.53,-0.01,119,101506,卖盘
589,13:50:04,8.54,--,3,2561,买盘
590,13:49:54,8.54,--,6,5123,买盘
591,13:49:49,8.54,--,13,11101,买盘
592,13:49:44,8.54,-0.01,212,181047,卖盘
593,13:49:34,8.55,--,25,21375,卖盘
594,13:49:29,8.55,-0.01,7,5985,卖盘
595,13:49:19,8.56,0.01,13,11128,买盘
596,13:49:13,8.55,--,3,2565,卖盘
597,13:49:04,8.55,--,321,274455,买盘
598,13:48:58,8.55,0.01,20,17100,买盘
599,13:48:39,8.54,--,11,9393,买盘
600,13:48:34,8.54,--,6,5123,买盘
601,13:48:28,8.54,--,30,25619,买盘
602,13:48:24,8.54,0.01,47,40137,买盘
603,13:48:04,8.53,--,94,80898,买盘
604,13:47:58,8.53,0.01,5,4265,买盘
605,13:47:54,8.52,0.01,30,25560,卖盘
606,13:47:43,8.51,--,0,0,卖盘
607,13:47:39,8.51,-0.01,124,105524,卖盘
608,13:47:34,8.52,--,137,116724,买盘
609,13:47:28,8.52,--,7,5964,买盘
610,13:47:24,8.52,--,320,272640,买盘
611,13:47:09,8.52,0.01,1,852,买盘
612,13:46:58,8.51,--,1,851,卖盘
613,13:46:54,8.51,--,10,8510,卖盘
614,13:46:43,8.51,--,29,24679,卖盘
615,13:46:33,8.51,--,15,12765,卖盘
616,13:46:19,8.51,--,18,15318,卖盘
617,13:46:08,8.51,--,55,46805,卖盘
618,13:46:03,8.51,--,200,170897,买盘
619,13:45:58,8.51,--,288,245088,买盘
620,13:45:53,8.51,0.01,130,110630,买盘
621,13:45:48,8.5,-0.01,113,96050,卖盘
622,13:45:43,8.51,--,40,34040,买盘
623,13:45:38,8.51,--,50,42550,买盘
624,13:45:33,8.51,-0.01,58,49511,卖盘
625,13:45:28,8.52,--,655,558060,买盘
626,13:45:23,8.52,--,100,85200,买盘
627,13:45:18,8.52,--,7,5964,买盘
628,13:45:13,8.52,0.01,34,28968,买盘
629,13:45:08,8.51,-0.02,1,851,卖盘
630,13:44:58,8.53,--,297,254040,买盘
631,13:44:53,8.53,--,1,852,买盘
632,13:44:43,8.53,0.01,1,852,买盘
633,13:44:33,8.52,--,46,39192,买盘
634,13:44:28,8.52,--,32,27264,卖盘
635,13:44:23,8.52,0.01,7,5964,中性盘
636,13:44:18,8.51,--,254,216154,卖盘
637,13:44:13,8.51,-0.01,6,5106,卖盘
638,13:44:08,8.52,--,13,11076,买盘
639,13:44:03,8.52,0.01,74,63048,买盘
640,13:43:58,8.51,--,87,74037,卖盘
641,13:43:53,8.51,-0.01,1,851,卖盘
642,13:43:48,8.52,--,11,9372,买盘
643,13:43:43,8.52,0.01,630,536760,买盘
644,13:43:38,8.51,-0.01,45,38295,卖盘
645,13:43:33,8.52,0.01,10,8520,买盘
646,13:43:28,8.51,-0.01,5,4255,卖盘
647,13:43:23,8.52,0.01,69,58788,买盘
648,13:43:13,8.51,--,5,4255,卖盘
649,13:43:08,8.51,--,53,45103,卖盘
650,13:43:03,8.51,--,150,127650,卖盘
651,13:42:58,8.51,--,3,2553,卖盘
652,13:42:53,8.51,--,132,112332,卖盘
653,13:42:43,8.51,-0.01,10,8510,卖盘
654,13:42:28,8.52,0.01,36,30672,买盘
655,13:42:23,8.51,-0.03,303,257853,卖盘
656,13:42:13,8.54,0.02,125,106749,买盘
657,13:42:08,8.52,--,10,8520,卖盘
658,13:41:58,8.52,--,35,29820,卖盘
659,13:41:53,8.52,-0.01,635,541020,卖盘
660,13:41:43,8.53,0.01,104,88712,买盘
661,13:41:33,8.52,--,5,4260,卖盘
662,13:41:22,8.52,--,221,188292,卖盘
663,13:41:13,8.52,--,22,18744,卖盘
664,13:41:07,8.52,-0.01,103,87756,卖盘
665,13:40:58,8.53,0.01,29,24736,买盘
666,13:40:52,8.52,--,44,37488,卖盘
667,13:40:48,8.52,-0.01,52,44304,卖盘
668,13:40:43,8.53,0.01,3,2559,买盘
669,13:40:28,8.52,--,185,157620,卖盘
670,13:40:22,8.52,--,20,17040,卖盘
671,13:40:18,8.52,--,5,4260,卖盘
672,13:40:13,8.52,--,9,7668,卖盘
673,13:40:07,8.52,-0.01,21,17892,卖盘
674,13:40:03,8.53,--,282,240545,卖盘
675,13:39:58,8.53,--,78,66534,卖盘
676,13:39:52,8.53,--,33,28148,卖盘
677,13:39:43,8.53,--,4,3411,卖盘
678,13:39:37,8.53,-0.01,8,6823,卖盘
679,13:39:33,8.54,--,10,8540,买盘
680,13:39:28,8.54,0.01,21,17934,买盘
681,13:39:12,8.53,-0.01,170,145010,卖盘
682,13:39:07,8.54,--,176,150303,卖盘
683,13:39:02,8.54,-0.01,30,25619,卖盘
684,13:38:58,8.55,0.01,11,9405,买盘
685,13:38:52,8.54,--,2,1707,卖盘
686,13:38:37,8.54,--,2,1707,卖盘
687,13:38:32,8.54,--,59,50385,卖盘
688,13:38:27,8.54,-0.01,2,1707,卖盘
689,13:37:52,8.55,--,32,27360,买盘
690,13:37:32,8.55,--,28,23940,买盘
691,13:37:17,8.55,--,215,183825,卖盘
692,13:37:07,8.55,-0.01,8,6840,卖盘
693,13:37:02,8.56,--,3,2568,买盘
694,13:36:52,8.56,0.01,30,25680,买盘
695,13:36:47,8.55,--,15,12825,卖盘
696,13:36:37,8.55,--,30,25650,卖盘
697,13:36:22,8.55,-0.01,74,63270,卖盘
698,13:35:52,8.56,--,5,4280,买盘
699,13:35:47,8.56,0.01,82,70192,买盘
700,13:35:37,8.55,--,9,7695,卖盘
701,13:35:32,8.55,--,100,85500,卖盘
702,13:35:17,8.55,--,2,1710,卖盘
703,13:35:12,8.55,--,1,855,卖盘
704,13:35:02,8.55,-0.01,10,8550,卖盘
705,13:34:57,8.56,0.01,3,2568,买盘
706,13:34:52,8.55,-0.01,1,855,卖盘
707,13:34:47,8.56,--,96,82176,卖盘
708,13:34:37,8.56,--,4,3424,卖盘
709,13:34:32,8.56,--,53,45368,买盘
710,13:34:22,8.56,--,9,7704,买盘
711,13:34:16,8.56,--,2,1712,买盘
712,13:34:12,8.56,0.01,29,24824,买盘
713,13:34:07,8.55,--,2,1710,卖盘
714,13:34:01,8.55,--,1,855,卖盘
715,13:33:52,8.55,--,24,20520,卖盘
716,13:33:46,8.55,--,0,0,中性盘
717,13:33:42,8.55,0.01,10,8550,买盘
718,13:33:37,8.54,-0.01,5,4270,卖盘
719,13:33:31,8.55,--,30,25650,买盘
720,13:33:27,8.55,--,28,23940,买盘
721,13:33:22,8.55,--,68,58140,卖盘
722,13:33:16,8.55,-0.01,6,5130,卖盘
723,13:33:01,8.56,--,30,25680,买盘
724,13:32:37,8.56,0.01,20,17120,买盘
725,13:32:27,8.55,--,5,4275,买盘
726,13:32:22,8.55,0.01,2,1710,买盘
727,13:32:16,8.54,-0.01,160,136640,卖盘
728,13:32:12,8.55,0.01,2,1710,买盘
729,13:32:07,8.54,-0.01,30,25619,卖盘
730,13:31:57,8.55,--,1,855,买盘
731,13:31:46,8.55,0.01,23,19665,买盘
732,13:31:41,8.54,0.01,55,46969,买盘
733,13:31:37,8.53,-0.01,24,20472,卖盘
734,13:31:31,8.54,0.01,5,4270,买盘
735,13:31:27,8.53,--,0,0,卖盘
736,13:31:21,8.53,-0.01,67,57150,卖盘
737,13:31:16,8.54,--,13,11101,买盘
738,13:31:11,8.54,0.01,36,30743,买盘
739,13:31:01,8.53,--,34,29001,卖盘
740,13:30:56,8.53,--,13,11089,卖盘
741,13:30:46,8.53,--,112,95536,卖盘
742,13:30:41,8.53,--,17,14500,卖盘
743,13:30:36,8.53,--,89,75917,买盘
744,13:30:31,8.53,0.01,120,102359,买盘
745,13:30:26,8.52,--,80,68160,卖盘
746,13:30:21,8.52,-0.01,56,47712,卖盘
747,13:30:16,8.53,0.01,74,63121,买盘
748,13:30:11,8.52,-0.01,99,84348,卖盘
749,13:30:06,8.53,--,400,341200,买盘
750,13:30:01,8.53,--,75,63974,买盘
751,13:29:56,8.53,--,44,37532,买盘
752,13:29:51,8.53,--,11,9383,买盘
753,13:29:46,8.53,--,115,98094,卖盘
754,13:29:41,8.53,-0.01,55,46915,卖盘
755,13:29:36,8.54,0.01,10,8540,买盘
756,13:29:31,8.53,--,5,4265,卖盘
757,13:29:26,8.53,-0.01,10,8530,卖盘
758,13:29:16,8.54,--,8,6831,买盘
759,13:29:11,8.54,-0.01,92,78567,卖盘
760,13:29:01,8.55,--,50,42750,买盘
761,13:28:56,8.55,0.01,55,47025,买盘
762,13:28:46,8.54,-0.02,3,2561,卖盘
763,13:28:41,8.56,0.01,17,14552,买盘
764,13:28:36,8.55,--,65,55575,卖盘
765,13:28:31,8.55,--,57,48735,卖盘
766,13:28:16,8.55,--,5,4275,卖盘
767,13:28:11,8.55,--,15,12825,卖盘
768,13:28:01,8.55,-0.01,8,6840,卖盘
769,13:27:51,8.56,--,29,24824,卖盘
770,13:27:41,8.56,--,21,17976,卖盘
771,13:27:31,8.56,-0.01,9,7704,卖盘
772,13:27:26,8.57,--,0,0,买盘
773,13:27:16,8.57,0.02,5,4285,买盘
774,13:27:11,8.55,-0.01,150,128250,卖盘
775,13:27:06,8.56,0.01,10,8560,买盘
776,13:26:46,8.55,-0.02,76,64980,卖盘
777,13:26:36,8.57,0.01,1,857,买盘
778,13:26:31,8.56,-0.01,10,8560,卖盘
779,13:26:25,8.57,--,1,857,买盘
780,13:26:16,8.57,0.01,2,1714,买盘
781,13:25:55,8.56,--,0,0,卖盘
782,13:25:46,8.56,-0.02,110,94160,卖盘
783,13:25:15,8.58,0.01,4,3432,买盘
784,13:25:01,8.57,--,4,3428,卖盘
785,13:24:55,8.57,0.01,6,5142,买盘
786,13:24:51,8.56,-0.01,12,10272,卖盘
787,13:24:36,8.57,-0.01,1,857,买盘
788,13:24:31,8.58,--,0,0,买盘
789,13:24:25,8.58,0.02,4,3432,买盘
790,13:23:40,8.56,--,28,23968,卖盘
791,13:23:25,8.56,--,2,1712,卖盘
792,13:23:15,8.56,--,23,19688,卖盘
793,13:23:10,8.56,--,20,17120,卖盘
794,13:23:05,8.56,--,4,3424,买盘
795,13:23:00,8.56,0.01,5,4280,买盘
796,13:22:55,8.55,--,2,1710,卖盘
797,13:22:50,8.55,-0.01,7,5985,卖盘
798,13:22:30,8.56,--,11,9416,买盘
799,13:22:25,8.56,--,10,8560,买盘
800,13:22:20,8.56,--,93,79608,买盘
801,13:22:15,8.56,--,23,19688,卖盘
802,13:22:10,8.56,-0.01,25,21400,卖盘
803,13:22:05,8.57,0.01,6,5142,买盘
804,13:21:55,8.56,--,18,15408,卖盘
805,13:21:50,8.56,--,124,106144,卖盘
806,13:21:45,8.56,--,82,70192,买盘
807,13:21:40,8.56,--,10,8560,买盘
808,13:21:35,8.56,--,20,17120,卖盘
809,13:21:25,8.56,-0.02,104,89024,卖盘
810,13:21:05,8.58,0.02,10,8580,买盘
811,13:21:00,8.56,-0.01,61,52216,卖盘
812,13:20:45,8.57,--,0,0,买盘
813,13:20:39,8.57,-0.01,4,3428,卖盘
814,13:20:35,8.58,--,30,25740,买盘
815,13:20:25,8.58,--,15,12870,卖盘
816,13:20:20,8.58,--,31,26598,卖盘
817,13:20:15,8.58,--,71,60918,卖盘
818,13:20:10,8.58,--,50,42900,卖盘
819,13:20:05,8.58,--,9,7722,卖盘
820,13:19:50,8.58,--,50,42900,卖盘
821,13:19:40,8.58,--,6,5148,卖盘
822,13:19:35,8.58,--,5,4290,卖盘
823,13:19:30,8.58,--,11,9438,卖盘
824,13:19:25,8.58,--,20,17160,卖盘
825,13:19:14,8.58,-0.01,12,10296,卖盘
826,13:19:10,8.59,0.01,13,11167,买盘
827,13:19:04,8.58,--,10,8580,卖盘
828,13:18:55,8.58,-0.01,10,8580,卖盘
829,13:17:49,8.59,--,2,1718,卖盘
830,13:17:39,8.59,--,13,11167,卖盘
831,13:17:03,8.59,--,1,859,买盘
832,13:16:44,8.59,--,8,6872,买盘
833,13:16:34,8.59,--,2,1718,买盘
834,13:16:04,8.59,0.01,10,8590,买盘
835,13:15:59,8.58,--,16,13728,卖盘
836,13:15:54,8.58,-0.01,3,2574,卖盘
837,13:15:39,8.59,--,8,6872,买盘
838,13:15:34,8.59,--,4,3436,卖盘
839,13:15:19,8.59,--,12,10308,卖盘
840,13:15:04,8.59,--,52,44668,卖盘
841,13:14:59,8.59,--,20,17180,卖盘
842,13:14:49,8.59,--,65,55835,卖盘
843,13:14:44,8.59,--,1,859,卖盘
844,13:14:39,8.59,--,6,5154,卖盘
845,13:14:34,8.59,--,8,6872,卖盘
846,13:14:29,8.59,-0.01,25,21475,卖盘
847,13:14:09,8.6,--,30,25800,卖盘
848,13:14:04,8.6,--,20,17200,买盘
849,13:13:59,8.6,--,10,8600,卖盘
850,13:13:54,8.6,--,200,172000,卖盘
851,13:13:34,8.6,-0.01,50,43000,卖盘
852,13:12:59,8.61,0.01,20,17220,买盘
853,13:12:49,8.6,-0.01,7,6020,卖盘
854,13:12:09,8.61,--,1,861,买盘
855,13:11:59,8.61,--,40,34440,买盘
856,13:11:24,8.61,0.01,8,6888,买盘
857,13:11:04,8.6,0.01,76,65360,买盘
858,13:10:49,8.59,-0.01,2,1718,卖盘
859,13:10:39,8.6,0.01,125,107500,买盘
860,13:10:34,8.59,--,3,2577,卖盘
861,13:10:19,8.59,--,1,859,卖盘
862,13:10:04,8.59,--,2,1718,卖盘
863,13:09:58,8.59,0.01,40,34360,卖盘
864,13:09:49,8.58,-0.01,7,6006,卖盘
865,13:09:43,8.59,--,23,19757,卖盘
866,13:09:24,8.59,0.01,17,14603,买盘
867,13:09:13,8.58,--,16,13728,卖盘
868,13:09:04,8.58,--,10,8580,卖盘
869,13:08:58,8.58,--,5,4290,卖盘
870,13:08:38,8.58,--,5,4290,卖盘
871,13:08:28,8.58,-0.02,145,124410,卖盘
872,13:08:18,8.6,0.02,3,2580,买盘
873,13:08:08,8.58,--,0,0,卖盘
874,13:07:58,8.58,-0.01,10,8580,卖盘
875,13:07:38,8.59,-0.01,6,5154,卖盘
876,13:07:08,8.6,0.01,32,27520,买盘
877,13:06:53,8.59,-0.01,53,45527,卖盘
878,13:06:27,8.6,0.01,5,4300,买盘
879,13:06:23,8.59,-0.01,2,1718,卖盘
880,13:05:53,8.6,0.01,21,18060,买盘
881,13:05:38,8.59,-0.01,17,14603,卖盘
882,13:05:28,8.6,0.01,21,18060,买盘
883,13:05:23,8.59,--,36,30924,卖盘
884,13:05:08,8.59,--,1,859,卖盘
885,13:04:48,8.59,--,5,4295,卖盘
886,13:04:43,8.59,--,0,0,卖盘
887,13:04:38,8.59,--,1,859,卖盘
888,13:04:23,8.59,0.01,10,8590,买盘
889,13:04:12,8.58,-0.01,13,11154,卖盘
890,13:03:58,8.59,0.02,534,458706,买盘
891,13:03:53,8.57,-0.01,13,11141,卖盘
892,13:03:48,8.58,-0.01,80,68640,卖盘
893,13:03:43,8.59,--,50,42950,买盘
894,13:03:37,8.59,0.01,11,9449,买盘
895,13:03:28,8.58,-0.01,3,2574,卖盘
896,13:03:21,8.59,-0.01,30,25770,买盘
897,13:03:07,8.6,--,98,84280,买盘
898,13:02:52,8.6,--,9,7740,卖盘
899,13:02:48,8.6,--,0,0,卖盘
900,13:02:18,8.6,-0.02,6,5160,卖盘
901,13:02:13,8.62,--,25,21549,买盘
902,13:01:58,8.62,--,10,8620,买盘
903,13:01:22,8.62,--,79,68098,买盘
904,13:01:18,8.62,--,0,0,中性盘
905,13:01:13,8.62,--,19,16377,卖盘
906,13:00:57,8.62,-0.01,1,861,卖盘
907,13:00:42,8.63,--,32,27616,卖盘
908,13:00:37,8.63,--,1,863,卖盘
909,13:00:32,8.63,-0.01,51,44013,卖盘
910,13:00:27,8.64,--,1,864,买盘
911,13:00:22,8.64,--,1,864,买盘
912,13:00:17,8.64,--,11,9504,买盘
913,13:00:12,8.64,--,6,5184,买盘
914,13:00:07,8.64,0.04,353,304992,买盘
915,13:00:02,8.6,-0.02,55,47300,卖盘
916,11:30:00,8.62,--,0,0,买盘
917,11:30:00,8.62,--,0,0,买盘
918,11:29:58,8.62,--,46,39652,卖盘
919,11:29:48,8.62,0.01,8,6895,买盘
920,11:29:43,8.61,-0.01,5,4305,卖盘
921,11:29:33,8.62,--,50,43099,买盘
922,11:29:28,8.62,0.01,99,85337,买盘
923,11:29:18,8.61,--,50,43050,卖盘
924,11:29:08,8.61,--,23,19803,买盘
925,11:29:03,8.61,0.01,3,2583,买盘
926,11:28:43,8.6,--,20,17200,卖盘
927,11:28:33,8.6,--,57,49020,买盘
928,11:28:28,8.6,0.01,11,9460,买盘
929,11:28:23,8.59,-0.01,9,7731,卖盘
930,11:28:13,8.6,0.01,15,12900,买盘
931,11:27:58,8.59,--,10,8590,卖盘
932,11:27:52,8.59,-0.01,10,8590,卖盘
933,11:27:43,8.6,--,10,8600,买盘
934,11:27:17,8.6,--,50,43000,买盘
935,11:26:58,8.6,0.01,6,5160,买盘
936,11:26:43,8.59,-0.01,5,4295,卖盘
937,11:26:37,8.6,--,34,29240,买盘
938,11:26:12,8.6,--,6,5160,买盘
939,11:26:07,8.6,--,4,3440,买盘
940,11:25:42,8.6,0.01,16,13760,买盘
941,11:25:37,8.59,0.01,216,185544,买盘
942,11:25:22,8.58,--,1,858,卖盘
943,11:25:17,8.58,-0.01,355,304590,卖盘
944,11:25:13,8.59,--,17,14603,买盘
945,11:24:42,8.59,0.01,145,124555,买盘
946,11:24:37,8.58,-0.01,30,25740,卖盘
947,11:24:32,8.59,0.01,10,8590,买盘
948,11:24:17,8.58,-0.01,18,15444,卖盘
949,11:24:13,8.59,--,953,818627,买盘
950,11:24:07,8.59,0.01,50,42950,买盘
951,11:24:02,8.58,-0.01,5,4290,卖盘
952,11:23:57,8.59,--,47,40373,买盘
953,11:23:52,8.59,--,30,25770,买盘
954,11:23:47,8.59,--,2,1718,买盘
955,11:23:42,8.59,--,25,21475,买盘
956,11:23:27,8.59,0.01,250,214750,买盘
957,11:23:22,8.58,-0.01,87,74646,卖盘
958,11:23:12,8.59,--,225,193275,买盘
959,11:23:07,8.59,0.01,30,25770,买盘
960,11:22:47,8.58,-0.01,20,17160,卖盘
961,11:22:42,8.59,--,31,26629,买盘
962,11:22:32,8.59,--,3,2577,买盘
963,11:22:12,8.59,--,16,13744,买盘
964,11:22:07,8.59,--,345,296355,买盘
965,11:22:02,8.59,--,20,17180,买盘
966,11:21:57,8.59,--,71,60989,买盘
967,11:21:52,8.59,--,19,16321,买盘
968,11:21:42,8.59,--,16,13744,买盘
969,11:21:37,8.59,0.01,79,67861,买盘
970,11:21:17,8.58,0.01,68,58584,买盘
971,11:21:12,8.57,--,70,59990,卖盘
972,11:21:07,8.57,--,18,15426,卖盘
973,11:20:57,8.57,-0.01,198,169686,卖盘
974,11:20:46,8.58,--,20,17160,买盘
975,11:20:42,8.58,--,36,30888,买盘
976,11:20:27,8.58,0.01,68,58344,买盘
977,11:20:22,8.57,-0.01,1,857,卖盘
978,11:20:16,8.58,0.01,20,17160,买盘
979,11:20:11,8.57,-0.01,1,857,卖盘
980,11:20:01,8.58,0.01,5,4290,买盘
981,11:19:56,8.57,--,11,9427,买盘
982,11:19:46,8.57,0.01,18,15426,买盘
983,11:19:37,8.56,--,96,82176,卖盘
984,11:19:31,8.56,-0.01,10,8560,卖盘
985,11:19:16,8.57,--,16,13712,买盘
986,11:19:11,8.57,-0.01,56,47992,卖盘
987,11:19:06,8.58,0.01,12,10296,买盘
988,11:19:01,8.57,-0.01,7,5999,卖盘
989,11:18:51,8.58,--,100,85800,买盘
990,11:18:46,8.58,0.01,19,16302,买盘
991,11:18:36,8.57,--,10,8570,卖盘
992,11:18:31,8.57,--,19,16283,卖盘
993,11:18:21,8.57,-0.01,20,17140,卖盘
994,11:18:16,8.58,0.01,23,19734,买盘
995,11:18:11,8.57,--,129,110553,卖盘
996,11:18:06,8.57,0.01,57,48849,买盘
997,11:17:51,8.56,-0.01,1,856,卖盘
998,11:17:46,8.57,0.01,16,13712,买盘
999,11:17:36,8.56,0.01,78,66853,买盘
1000,11:17:31,8.55,--,25,21375,买盘
1001,11:17:26,8.55,-0.01,5,4275,卖盘
1002,11:17:16,8.56,0.02,26,22256,买盘
1003,11:17:06,8.54,-0.01,4,3415,卖盘
1004,11:17:01,8.55,--,34,29070,买盘
1005,11:16:56,8.55,-0.01,158,135859,卖盘
1006,11:16:51,8.56,--,35,29960,买盘
1007,11:16:46,8.56,--,16,13696,买盘
1008,11:16:41,8.56,--,2,1712,买盘
1009,11:16:36,8.56,--,11,9416,买盘
1010,11:16:31,8.56,--,2,1712,买盘
1011,11:16:16,8.56,--,33,28248,卖盘
1012,11:16:06,8.56,--,50,42800,卖盘
1013,11:16:01,8.56,--,3,2568,买盘
1014,11:15:56,8.56,--,50,42800,买盘
1015,11:15:51,8.56,--,47,40232,卖盘
1016,11:15:46,8.56,--,17,14552,卖盘
1017,11:15:41,8.56,--,5,4280,买盘
1018,11:15:36,8.56,-0.01,19,16264,卖盘
1019,11:15:31,8.57,0.01,6,5142,买盘
1020,11:15:21,8.56,-0.02,36,30816,卖盘
1021,11:15:16,8.58,0.01,16,13728,买盘
1022,11:15:11,8.57,--,10,8570,卖盘
1023,11:15:06,8.57,0.02,442,379222,买盘
1024,11:15:01,8.55,--,6,5130,卖盘
1025,11:14:56,8.55,--,2,1710,卖盘
1026,11:14:51,8.55,--,36,30780,卖盘
1027,11:14:46,8.55,--,21,17955,卖盘
1028,11:14:31,8.55,-0.01,44,37620,卖盘
1029,11:14:21,8.56,--,2,1712,买盘
1030,11:14:16,8.56,--,16,13696,买盘
1031,11:14:06,8.56,--,11,9416,买盘
1032,11:14:01,8.56,--,4,3424,买盘
1033,11:13:56,8.56,--,32,27392,卖盘
1034,11:13:51,8.56,-0.01,60,51360,卖盘
1035,11:13:46,8.57,0.01,16,13712,买盘
1036,11:13:40,8.56,--,6,5136,卖盘
1037,11:13:36,8.56,--,20,17120,卖盘
1038,11:13:31,8.56,-0.01,1,856,卖盘
1039,11:13:21,8.57,--,20,17140,买盘
1040,11:13:16,8.57,--,24,20568,买盘
1041,11:13:06,8.57,--,53,45421,买盘
1042,11:13:01,8.57,-0.01,10,8998,卖盘
1043,11:12:55,8.58,0.01,27,23166,买盘
1044,11:12:51,8.57,--,5,4285,卖盘
1045,11:12:46,8.57,0.01,170,146118,买盘
1046,11:12:36,8.56,--,4,3424,卖盘
1047,11:12:21,8.56,-0.01,106,90736,卖盘
1048,11:12:16,8.57,0.01,16,13712,买盘
1049,11:12:10,8.56,--,98,83888,卖盘
1050,11:11:55,8.56,-0.01,21,17976,卖盘
1051,11:11:46,8.57,0.01,41,35137,买盘
1052,11:11:40,8.56,--,110,94160,卖盘
1053,11:11:31,8.56,--,5,4280,卖盘
1054,11:11:25,8.56,-0.01,14,11984,卖盘
1055,11:11:21,8.57,-0.01,79,68131,卖盘
1056,11:11:16,8.58,0.01,16,13728,买盘
1057,11:11:10,8.57,--,25,21425,卖盘
1058,11:11:05,8.57,-0.01,30,25710,卖盘
1059,11:11:01,8.58,--,50,42900,买盘
1060,11:10:55,8.58,0.01,8,6864,买盘
1061,11:10:50,8.57,-0.01,188,161930,卖盘
1062,11:10:45,8.58,--,42,36036,卖盘
1063,11:10:40,8.58,--,65,55770,卖盘
1064,11:10:35,8.58,--,10,8580,卖盘
1065,11:10:25,8.58,--,18,15486,卖盘
1066,11:10:20,8.58,--,76,65208,卖盘
1067,11:10:15,8.58,--,101,86658,卖盘
1068,11:10:10,8.58,--,10,8580,卖盘
1069,11:10:00,8.58,-0.01,19,16302,买盘
1070,11:09:55,8.59,--,0,0,买盘
1071,11:09:45,8.59,0.02,19,16321,买盘
1072,11:09:40,8.57,-0.01,64,54848,卖盘
1073,11:09:35,8.58,-0.01,1,858,中性盘
1074,11:09:30,8.59,0.02,10,8590,买盘
1075,11:09:25,8.57,-0.01,2,1714,卖盘
1076,11:09:15,8.58,--,21,18018,卖盘
1077,11:09:05,8.58,0.01,165,141570,买盘
1078,11:08:55,8.57,--,6,5142,卖盘
1079,11:08:45,8.57,-0.01,21,17997,卖盘
1080,11:08:30,8.58,--,25,21450,买盘
1081,11:08:25,8.58,-0.01,4,3432,卖盘
1082,11:08:15,8.59,--,63,54117,买盘
1083,11:08:10,8.59,--,73,62707,买盘
1084,11:07:45,8.59,--,21,18039,买盘
1085,11:07:40,8.59,0.01,25,21475,买盘
1086,11:07:30,8.58,-0.01,5,4290,卖盘
1087,11:07:25,8.59,--,41,35219,买盘
1088,11:07:20,8.59,--,39,33501,买盘
1089,11:07:15,8.59,0.01,16,13744,买盘
1090,11:07:10,8.58,--,13,11154,卖盘
1091,11:07:05,8.58,-0.01,5,4290,卖盘
1092,11:06:55,8.59,--,50,42950,买盘
1093,11:06:45,8.59,0.01,16,13744,买盘
1094,11:06:40,8.58,--,12,10296,卖盘
1095,11:06:34,8.58,-0.01,47,40326,卖盘
1096,11:06:30,8.59,--,16,13744,买盘
1097,11:06:25,8.59,--,1,859,买盘
1098,11:06:15,8.59,--,16,13744,买盘
1099,11:05:55,8.59,--,119,102221,买盘
1100,11:05:45,8.59,0.01,16,13744,买盘
1101,11:05:40,8.58,--,5,4290,买盘
1102,11:05:30,8.58,0.01,25,21450,买盘
1103,11:05:25,8.57,-0.01,51,43707,卖盘
1104,11:05:19,8.58,--,32,27456,买盘
1105,11:05:15,8.58,0.01,16,13728,买盘
1106,11:05:10,8.57,--,4,3428,卖盘
1107,11:05:04,8.57,--,59,50563,卖盘
1108,11:04:49,8.57,-0.02,11,9427,卖盘
1109,11:04:45,8.59,0.01,26,22334,买盘
1110,11:04:40,8.58,--,14,12012,卖盘
1111,11:04:34,8.58,--,67,57486,买盘
1112,11:04:19,8.58,-0.01,8,6864,卖盘
1113,11:04:15,8.59,0.01,16,13744,买盘
1114,11:03:55,8.58,0.01,48,41184,买盘
1115,11:03:49,8.57,-0.01,12,10284,卖盘
1116,11:03:45,8.58,0.01,16,13728,买盘
1117,11:03:34,8.57,-0.01,1,857,卖盘
1118,11:03:30,8.58,0.01,25,21450,买盘
1119,11:03:14,8.57,--,101,86557,卖盘
1120,11:03:04,8.57,--,68,58276,卖盘
1121,11:02:59,8.57,--,8,6856,卖盘
1122,11:02:49,8.57,-0.02,85,72845,卖盘
1123,11:02:44,8.59,0.01,37,32212,买盘
1124,11:02:34,8.58,-0.01,52,44616,买盘
1125,11:02:19,8.59,--,0,0,买盘
1126,11:02:14,8.59,0.01,16,13744,买盘
1127,11:02:04,8.58,--,5,4290,买盘
1128,11:01:59,8.58,--,43,36894,卖盘
1129,11:01:54,8.58,--,85,72930,卖盘
1130,11:01:49,8.58,-0.01,72,61776,卖盘
1131,11:01:44,8.59,--,16,13744,买盘
1132,11:01:39,8.59,-0.01,272,233648,卖盘
1133,11:01:34,8.6,--,19,16340,买盘
1134,11:01:29,8.6,--,32,27520,买盘
1135,11:01:19,8.6,--,8,6880,买盘
1136,11:01:14,8.6,--,26,22360,买盘
1137,11:01:09,8.6,0.01,21,18060,买盘
1138,11:00:49,8.59,-0.01,180,154620,卖盘
1139,11:00:44,8.6,0.01,42,36120,买盘
1140,11:00:34,8.59,-0.01,1,859,卖盘
1141,11:00:29,8.6,0.01,8,6880,买盘
1142,11:00:19,8.59,-0.01,12,10308,卖盘
1143,11:00:14,8.6,--,16,13760,买盘
1144,11:00:09,8.6,--,0,0,买盘
1145,11:00:04,8.6,--,5,4300,买盘
1146,10:59:49,8.6,--,0,0,买盘
1147,10:59:44,8.6,0.01,17,14620,买盘
1148,10:59:39,8.59,--,88,75592,买盘
1149,10:59:34,8.59,0.01,56,48104,买盘
1150,10:59:29,8.58,-0.01,3,2574,卖盘
1151,10:59:24,8.59,0.01,7,6013,买盘
1152,10:59:19,8.58,-0.01,10,8580,卖盘
1153,10:59:14,8.59,0.01,16,13744,买盘
1154,10:59:09,8.58,--,20,17160,卖盘
1155,10:59:04,8.58,-0.01,20,17160,卖盘
1156,10:58:54,8.59,--,5,4295,买盘
1157,10:58:44,8.59,--,36,30924,买盘
1158,10:58:34,8.59,--,25,21475,买盘
1159,10:58:24,8.59,--,31,26629,买盘
1160,10:58:13,8.59,0.01,16,13744,买盘
1161,10:58:04,8.58,-0.02,35,30030,卖盘
1162,10:57:54,8.6,--,0,0,买盘
1163,10:57:49,8.6,--,10,8600,买盘
1164,10:57:43,8.6,0.01,19,16340,买盘
1165,10:57:39,8.59,-0.01,2,1718,卖盘
1166,10:57:34,8.6,0.02,6,5160,买盘
1167,10:57:24,8.58,-0.02,6,5148,卖盘
1168,10:57:13,8.6,-0.01,16,13760,买盘
1169,10:57:09,8.61,--,0,0,买盘
1170,10:56:54,8.61,--,0,0,买盘
1171,10:56:49,8.61,--,174,149814,买盘
1172,10:56:43,8.61,0.01,32,27552,买盘
1173,10:56:39,8.6,--,2,1720,卖盘
1174,10:56:34,8.6,--,10,8600,卖盘
1175,10:56:28,8.6,--,6,5160,卖盘
1176,10:56:13,8.6,-0.01,26,22360,卖盘
1177,10:55:58,8.61,--,17,14636,卖盘
1178,10:55:54,8.61,--,3,2583,买盘
1179,10:55:43,8.61,--,28,24108,卖盘
1180,10:55:34,8.61,-0.01,25,21525,卖盘
1181,10:55:24,8.62,--,1,861,买盘
1182,10:55:19,8.62,-0.01,6,5171,卖盘
1183,10:55:13,8.63,--,16,13808,买盘
1184,10:55:04,8.63,--,28,24164,买盘
1185,10:54:48,8.63,--,0,0,买盘
1186,10:54:43,8.63,--,167,144940,买盘
1187,10:54:39,8.63,0.01,1,863,买盘
1188,10:54:33,8.62,--,3,2585,卖盘
1189,10:54:28,8.62,--,17,14653,卖盘
1190,10:54:18,8.62,-0.01,51,43961,卖盘
1191,10:54:13,8.63,0.01,16,13808,买盘
1192,10:54:03,8.62,--,19,16377,卖盘
1193,10:53:58,8.62,-0.01,3,2585,卖盘
1194,10:53:48,8.63,-0.01,10,8630,中性盘
1195,10:53:43,8.64,0.01,201,173949,买盘
1196,10:53:34,8.63,-0.01,25,21575,卖盘
1197,10:53:28,8.64,--,10,8640,买盘
1198,10:53:18,8.64,--,5,4320,买盘
1199,10:53:13,8.64,--,16,13824,买盘
1200,10:53:03,8.64,--,17,14688,买盘
1201,10:52:43,8.64,0.01,146,126144,买盘
1202,10:52:33,8.63,--,20,17260,卖盘
1203,10:52:28,8.63,0.01,128,111042,买盘
1204,10:52:18,8.62,-0.01,5,4310,卖盘
1205,10:52:13,8.63,--,16,13808,买盘
1206,10:52:08,8.63,--,28,24164,买盘
1207,10:52:03,8.63,0.01,4,3452,买盘
1208,10:51:48,8.62,-0.01,50,43099,卖盘
1209,10:51:43,8.63,0.01,16,13808,买盘
1210,10:51:33,8.62,--,1,861,卖盘
1211,10:51:28,8.62,--,258,222395,卖盘
1212,10:51:18,8.62,-0.01,5,4310,卖盘
1213,10:51:13,8.63,--,21,18123,买盘
1214,10:51:03,8.63,0.01,30,25890,买盘
1215,10:50:57,8.62,--,52,44823,卖盘
1216,10:50:52,8.62,0.01,0,43,卖盘
1217,10:50:48,8.61,--,0,0,卖盘
1218,10:50:43,8.61,-0.01,26,22386,卖盘
1219,10:50:37,8.62,0.01,5,4310,买盘
1220,10:50:33,8.61,-0.01,137,117956,卖盘
1221,10:50:27,8.62,--,36,31031,买盘
1222,10:50:22,8.62,0.01,1,861,买盘
1223,10:50:18,8.61,-0.01,1,861,卖盘
1224,10:50:12,8.62,0.01,28,24135,买盘
1225,10:50:03,8.61,--,23,19803,买盘
1226,10:49:48,8.61,--,162,139482,买盘
1227,10:49:42,8.61,0.01,22,18942,买盘
1228,10:49:27,8.6,-0.01,17,14620,卖盘
1229,10:49:18,8.61,--,6,5166,买盘
1230,10:49:12,8.61,--,20,17220,买盘
1231,10:49:03,8.61,--,51,43911,卖盘
1232,10:48:52,8.61,-0.01,182,156702,卖盘
1233,10:48:42,8.62,--,16,13791,买盘
1234,10:48:37,8.62,--,109,93957,买盘
1235,10:48:33,8.62,0.01,3,2585,买盘
1236,10:48:18,8.61,-0.01,6,5166,卖盘
1237,10:48:12,8.62,0.01,36,31031,买盘
1238,10:48:07,8.61,--,41,35301,卖盘
1239,10:48:03,8.61,--,3,2583,卖盘
1240,10:47:57,8.61,-0.01,5,4305,卖盘
1241,10:47:52,8.62,0.01,24,20687,买盘
1242,10:47:47,8.61,-0.01,53,45633,卖盘
1243,10:47:42,8.62,--,16,13791,买盘
1244,10:47:37,8.62,--,3,2585,买盘
1245,10:47:27,8.62,--,15,12929,买盘
1246,10:47:22,8.62,0.01,23,19826,卖盘
1247,10:47:18,8.61,-0.02,37,31856,卖盘
1248,10:47:12,8.63,0.01,16,13808,买盘
1249,10:47:07,8.62,-0.01,14,12067,中性盘
1250,10:47:03,8.63,0.02,12,10356,买盘
1251,10:46:57,8.61,--,8,6888,卖盘
1252,10:46:52,8.61,-0.01,10,8610,卖盘
1253,10:46:47,8.62,0.01,58,49995,买盘
1254,10:46:42,8.61,-0.01,43,37023,卖盘
1255,10:46:37,8.62,--,58,50280,卖盘
1256,10:46:33,8.62,-0.01,5,4310,卖盘
1257,10:46:12,8.63,0.01,77,66451,买盘
1258,10:46:07,8.62,-0.01,5,4310,卖盘
1259,10:45:57,8.63,0.01,1,863,买盘
1260,10:45:47,8.62,-0.01,8,6895,卖盘
1261,10:45:42,8.63,0.01,26,22438,买盘
1262,10:45:37,8.62,--,13,11205,卖盘
1263,10:45:27,8.62,-0.01,21,18102,卖盘
1264,10:45:12,8.63,--,20,17260,买盘
1265,10:45:07,8.63,0.01,1,863,买盘
1266,10:45:02,8.62,-0.01,18,15515,卖盘
1267,10:44:52,8.63,0.01,3,2589,中性盘
1268,10:44:47,8.62,-0.02,1,861,卖盘
1269,10:44:42,8.64,0.01,37,31968,买盘
1270,10:44:37,8.63,--,0,0,中性盘
1271,10:44:32,8.63,--,9,7767,买盘
1272,10:44:27,8.63,-0.01,1,863,买盘
1273,10:44:17,8.64,--,11,9504,卖盘
1274,10:44:12,8.64,0.01,57,49248,买盘
1275,10:44:07,8.63,--,20,17260,买盘
1276,10:44:02,8.63,--,33,28479,买盘
1277,10:43:57,8.63,-0.01,42,36246,卖盘
1278,10:43:52,8.64,-0.01,1,864,买盘
1279,10:43:47,8.65,--,0,0,买盘
1280,10:43:42,8.65,0.03,26,22490,买盘
1281,10:43:37,8.62,-0.02,63,54883,卖盘
1282,10:43:32,8.64,0.01,159,137376,买盘
1283,10:43:27,8.63,0.01,5,4315,买盘
1284,10:43:22,8.62,-0.01,5,4310,卖盘
1285,10:43:16,8.63,-0.01,27,23301,买盘
1286,10:43:12,8.64,--,57,49248,买盘
1287,10:43:07,8.64,0.01,28,24192,买盘
1288,10:42:57,8.63,-0.01,35,30205,买盘
1289,10:42:52,8.64,--,53,45792,买盘
1290,10:42:42,8.64,--,50,43200,买盘
1291,10:42:36,8.64,--,22,19008,卖盘
1292,10:42:31,8.64,--,111,95904,卖盘
1293,10:42:27,8.64,--,16,13824,卖盘
1294,10:42:21,8.64,-0.01,95,82080,卖盘
1295,10:42:16,8.65,--,5,4325,买盘
1296,10:42:12,8.65,--,79,68335,买盘
1297,10:42:06,8.65,--,192,166080,卖盘
1298,10:42:01,8.65,--,75,64875,卖盘
1299,10:41:57,8.65,--,38,32870,卖盘
1300,10:41:51,8.65,0.01,114,98610,买盘
1301,10:41:46,8.64,-0.01,157,135648,卖盘
1302,10:41:36,8.65,0.01,80,69200,买盘
1303,10:41:31,8.64,0.01,130,112320,买盘
1304,10:41:21,8.63,--,20,17260,卖盘
1305,10:41:16,8.63,-0.01,30,25890,中性盘
1306,10:41:12,8.64,0.01,74,63936,买盘
1307,10:41:06,8.63,0.01,40,34520,买盘
1308,10:41:01,8.62,--,210,181019,买盘
1309,10:40:51,8.62,--,17,14653,买盘
1310,10:40:46,8.62,0.01,16,13791,买盘
1311,10:40:42,8.61,--,1,861,买盘
1312,10:40:36,8.61,0.01,204,175644,买盘
1313,10:40:27,8.6,0.01,273,234780,买盘
1314,10:40:21,8.59,-0.01,9,7731,卖盘
1315,10:40:16,8.6,0.01,16,13760,买盘
1316,10:40:11,8.59,-0.01,9,7731,卖盘
1317,10:40:06,8.6,0.03,500,430000,买盘
1318,10:40:01,8.57,--,33,28281,卖盘
1319,10:39:56,8.57,-0.02,9,7713,卖盘
1320,10:39:51,8.59,0.01,500,429500,买盘
1321,10:39:46,8.58,--,17,14586,买盘
1322,10:39:41,8.58,--,501,429858,买盘
1323,10:39:36,8.58,0.01,10,8580,买盘
1324,10:39:31,8.57,-0.01,5,4285,卖盘
1325,10:39:16,8.58,0.01,16,13728,买盘
1326,10:39:01,8.57,-0.01,4,3428,卖盘
1327,10:38:56,8.58,--,5,4290,买盘
1328,10:38:46,8.58,--,31,26598,卖盘
1329,10:38:41,8.58,-0.01,40,34320,卖盘
1330,10:38:36,8.59,0.01,32,27488,买盘
1331,10:38:31,8.58,-0.01,9,7722,卖盘
1332,10:38:26,8.59,0.01,10,8590,买盘
1333,10:38:21,8.58,--,100,85800,卖盘
1334,10:38:16,8.58,--,22,18876,卖盘
1335,10:38:11,8.58,-0.01,51,43758,卖盘
1336,10:38:06,8.59,0.01,38,32642,买盘
1337,10:38:01,8.58,-0.01,1,858,卖盘
1338,10:37:51,8.59,--,1,859,买盘
1339,10:37:46,8.59,--,19,16321,买盘
1340,10:37:36,8.59,--,10,8590,买盘
1341,10:37:31,8.59,--,22,18898,买盘
1342,10:37:16,8.59,--,38,32642,买盘
1343,10:37:06,8.59,-0.01,6,5154,卖盘
1344,10:37:01,8.6,0.01,17,14620,买盘
1345,10:36:51,8.59,-0.01,2,1718,卖盘
1346,10:36:46,8.6,0.01,16,13760,买盘
1347,10:36:41,8.59,0.01,5,4295,买盘
1348,10:36:36,8.58,--,146,125268,卖盘
1349,10:36:26,8.58,--,106,90948,买盘
1350,10:36:21,8.58,--,29,24882,买盘
1351,10:36:16,8.58,--,56,48048,买盘
1352,10:36:06,8.58,-0.02,49,42042,卖盘
1353,10:36:00,8.6,0.02,8,6880,买盘
1354,10:35:55,8.58,-0.02,44,37752,卖盘
1355,10:35:45,8.6,0.02,57,49020,买盘
1356,10:35:36,8.58,-0.01,10,8580,卖盘
1357,10:35:30,8.59,--,30,25770,买盘
1358,10:35:20,8.59,0.01,7,6013,买盘
1359,10:35:15,8.58,0.01,70,60060,买盘
1360,10:35:06,8.57,-0.02,34,29138,中性盘
1361,10:35:00,8.59,0.01,10,8590,买盘
1362,10:34:55,8.58,-0.01,162,138996,中性盘
1363,10:34:45,8.59,0.03,18,15462,买盘
1364,10:34:40,8.56,0.01,4,3424,中性盘
1365,10:34:36,8.55,-0.03,145,123975,卖盘
1366,10:34:30,8.58,--,50,42900,买盘
1367,10:34:25,8.58,--,110,94380,买盘
1368,10:34:21,8.58,--,18,15444,买盘
1369,10:34:15,8.58,--,17,14586,买盘
1370,10:34:10,8.58,0.02,33,28314,买盘
1371,10:34:06,8.56,--,22,18832,中性盘
1372,10:34:00,8.56,-0.01,75,64200,卖盘
1373,10:33:45,8.57,--,199,170543,买盘
1374,10:33:25,8.57,0.01,116,99412,买盘
1375,10:33:21,8.56,-0.01,512,438272,卖盘
1376,10:33:15,8.57,--,19,16283,买盘
1377,10:33:10,8.57,0.01,16,13712,买盘
1378,10:33:05,8.56,-0.01,7,5992,卖盘
1379,10:33:00,8.57,--,8,6856,买盘
1380,10:32:55,8.57,--,112,95984,买盘
1381,10:32:45,8.57,0.01,16,13712,买盘
1382,10:32:40,8.56,-0.01,49,41944,卖盘
1383,10:32:35,8.57,0.01,9,7713,买盘
1384,10:32:30,8.56,-0.01,14,11984,卖盘
1385,10:32:25,8.57,0.01,12,10284,买盘
1386,10:32:15,8.56,--,22,18917,买盘
1387,10:32:10,8.56,--,28,24738,卖盘
1388,10:32:00,8.56,--,21,18061,买盘
1389,10:31:45,8.56,--,42,35952,买盘
1390,10:31:40,8.56,0.01,15,12840,买盘
1391,10:31:35,8.55,-0.01,6,5130,卖盘
1392,10:31:15,8.56,0.01,16,13696,买盘
1393,10:31:05,8.55,--,100,85500,卖盘
1394,10:31:00,8.55,--,7,5985,卖盘
1395,10:30:55,8.55,-0.01,5,4275,中性盘
1396,10:30:50,8.56,--,14,11984,买盘
1397,10:30:45,8.56,0.01,16,13696,买盘
1398,10:30:40,8.55,--,5,4275,卖盘
1399,10:30:25,8.55,-0.01,15,12825,卖盘
1400,10:30:20,8.56,--,8,6848,买盘
1401,10:30:15,8.56,--,16,13696,买盘
1402,10:30:10,8.56,--,7,5992,买盘
1403,10:30:00,8.56,0.02,49,41944,买盘
1404,10:29:50,8.54,-0.01,2,1707,卖盘
1405,10:29:45,8.55,--,22,18810,买盘
1406,10:29:40,8.55,--,1,855,买盘
1407,10:29:34,8.55,--,4,3420,买盘
1408,10:29:30,8.55,0.02,5,4275,买盘
1409,10:29:25,8.53,--,35,29854,卖盘
1410,10:29:19,8.53,-0.03,17,14500,卖盘
1411,10:29:15,8.56,0.01,66,56496,买盘
1412,10:29:09,8.55,0.01,10,8550,买盘
1413,10:29:04,8.54,-0.01,32,27327,卖盘
1414,10:29:00,8.55,--,78,66690,买盘
1415,10:28:54,8.55,--,10,8550,买盘
1416,10:28:49,8.55,--,29,24795,买盘
1417,10:28:45,8.55,--,16,13680,买盘
1418,10:28:39,8.55,-0.01,261,223924,卖盘
1419,10:28:24,8.56,0.01,25,21400,卖盘
1420,10:28:15,8.55,--,68,58140,卖盘
1421,10:28:09,8.55,--,0,0,卖盘
1422,10:28:04,8.55,-0.01,20,17100,卖盘
1423,10:27:59,8.56,--,235,201160,买盘
1424,10:27:49,8.56,-0.01,79,67624,卖盘
1425,10:27:44,8.57,--,21,17997,买盘
1426,10:27:39,8.57,--,67,57419,买盘
1427,10:27:34,8.57,--,31,26567,买盘
1428,10:27:24,8.57,--,8,6856,买盘
1429,10:27:19,8.57,-0.01,3,2571,中性盘
1430,10:27:14,8.58,--,16,13728,买盘
1431,10:27:09,8.58,0.03,3,2574,买盘
1432,10:27:04,8.55,-0.02,50,42750,卖盘
1433,10:26:59,8.57,--,2,1714,卖盘
1434,10:26:54,8.57,-0.01,42,35994,卖盘
1435,10:26:49,8.58,--,10,8580,买盘
1436,10:26:44,8.58,0.01,16,13728,买盘
1437,10:26:39,8.57,-0.01,40,34280,卖盘
1438,10:26:29,8.58,--,4,3432,买盘
1439,10:26:24,8.58,--,5,4290,买盘
1440,10:26:19,8.58,--,10,8580,买盘
1441,10:26:14,8.58,0.01,16,13728,买盘
1442,10:26:04,8.57,--,5,4285,买盘
1443,10:25:59,8.57,--,4,3428,买盘
1444,10:25:54,8.57,0.01,25,21425,买盘
1445,10:25:49,8.56,-0.01,2,1712,卖盘
1446,10:25:44,8.57,0.01,16,13712,买盘
1447,10:25:39,8.56,--,1,856,卖盘
1448,10:25:34,8.56,--,2,1712,卖盘
1449,10:25:29,8.56,--,394,337349,买盘
1450,10:25:14,8.56,0.01,16,13696,买盘
1451,10:24:54,8.55,-0.01,6,5130,卖盘
1452,10:24:49,8.56,--,12,10272,买盘
1453,10:24:44,8.56,0.01,17,14552,买盘
1454,10:24:39,8.55,-0.01,2,1710,卖盘
1455,10:24:34,8.56,0.01,50,42800,买盘
1456,10:24:24,8.55,--,0,0,中性盘
1457,10:24:19,8.55,--,49,41895,卖盘
1458,10:24:14,8.55,--,60,51300,卖盘
1459,10:24:09,8.55,--,5,4275,买盘
1460,10:24:04,8.55,--,26,22230,卖盘
1461,10:23:59,8.55,0.01,40,34200,买盘
1462,10:23:54,8.54,-0.01,11,9393,卖盘
1463,10:23:49,8.55,--,5,4275,买盘
1464,10:23:44,8.55,--,16,13680,买盘
1465,10:23:39,8.55,--,39,33345,买盘
1466,10:23:34,8.55,0.01,5,4275,买盘
1467,10:23:29,8.54,-0.01,5,4270,卖盘
1468,10:23:19,8.55,--,17,14535,买盘
1469,10:23:14,8.55,0.01,16,13680,买盘
1470,10:23:09,8.54,-0.01,30,25619,卖盘
1471,10:22:49,8.55,--,16,13680,卖盘
1472,10:22:44,8.55,--,26,22230,卖盘
1473,10:22:39,8.55,--,15,12825,卖盘
1474,10:22:34,8.55,--,1,855,卖盘
1475,10:22:19,8.55,-0.01,6,5130,卖盘
1476,10:22:14,8.56,0.01,24,20544,买盘
1477,10:22:09,8.55,-0.01,63,53865,卖盘
1478,10:21:58,8.56,--,16,13696,买盘
1479,10:21:49,8.56,--,1,856,买盘
1480,10:21:43,8.56,--,28,23968,买盘
1481,10:21:39,8.56,--,134,115474,卖盘
1482,10:21:34,8.56,--,74,63344,卖盘
1483,10:21:28,8.56,--,286,244816,卖盘
1484,10:21:24,8.56,--,226,193456,卖盘
1485,10:21:18,8.56,-0.01,20,17120,卖盘
1486,10:21:13,8.57,--,16,13712,买盘
1487,10:21:09,8.57,--,14,11998,买盘
1488,10:21:03,8.57,0.01,59,50563,买盘
1489,10:20:58,8.56,-0.01,1,856,卖盘
1490,10:20:53,8.57,--,2,1714,买盘
1491,10:20:48,8.57,-0.01,136,116552,卖盘
1492,10:20:43,8.58,0.01,35,30030,买盘
1493,10:20:39,8.57,-0.01,84,71988,卖盘
1494,10:20:33,8.58,--,8,6864,买盘
1495,10:20:28,8.58,0.01,3,2574,买盘
1496,10:20:23,8.57,-0.01,10,8570,卖盘
1497,10:20:18,8.58,--,6,5148,买盘
1498,10:20:13,8.58,0.01,16,13728,买盘
1499,10:20:03,8.57,-0.01,50,42850,买盘
1500,10:19:58,8.58,0.01,33,28314,买盘
1501,10:19:53,8.57,--,17,14569,买盘
1502,10:19:43,8.57,--,37,31709,买盘
1503,10:19:38,8.57,-0.01,15,12855,买盘
1504,10:19:33,8.58,--,23,19734,买盘
1505,10:19:28,8.58,0.02,53,45474,买盘
1506,10:19:23,8.56,-0.01,15,12925,卖盘
1507,10:19:18,8.57,--,11,9427,卖盘
1508,10:19:13,8.57,0.01,94,80558,买盘
1509,10:19:03,8.56,--,35,29960,买盘
1510,10:18:58,8.56,--,10,8560,买盘
1511,10:18:53,8.56,--,3,2568,买盘
1512,10:18:48,8.56,--,71,60776,买盘
1513,10:18:43,8.56,0.01,38,32528,买盘
1514,10:18:38,8.55,--,200,171000,卖盘
1515,10:18:33,8.55,--,31,26505,卖盘
1516,10:18:28,8.55,--,30,25650,买盘
1517,10:18:23,8.55,--,56,47880,买盘
1518,10:18:18,8.55,--,44,37620,买盘
1519,10:18:13,8.55,--,22,18810,买盘
1520,10:18:08,8.55,--,10,8550,买盘
1521,10:18:03,8.55,--,243,207765,卖盘
1522,10:17:53,8.55,--,92,78660,买盘
1523,10:17:48,8.55,0.01,8,6840,买盘
1524,10:17:43,8.54,-0.01,36,30743,卖盘
1525,10:17:33,8.55,0.01,118,100890,买盘
1526,10:17:28,8.54,--,5,4270,卖盘
1527,10:17:23,8.54,--,1,853,买盘
1528,10:17:18,8.54,--,415,354409,买盘
1529,10:17:13,8.54,--,53,45261,买盘
1530,10:17:03,8.54,0.01,40,34160,买盘
1531,10:16:58,8.53,--,20,17060,卖盘
1532,10:16:48,8.53,--,33,28148,买盘
1533,10:16:43,8.53,--,137,116860,买盘
1534,10:16:38,8.53,0.02,7,5971,买盘
1535,10:16:33,8.51,-0.02,8,6808,卖盘
1536,10:16:28,8.53,0.02,14,11942,买盘
1537,10:16:23,8.51,--,5,4255,卖盘
1538,10:16:18,8.51,--,207,176157,买盘
1539,10:16:13,8.51,--,90,76590,买盘
1540,10:16:08,8.51,--,2,1702,买盘
1541,10:16:03,8.51,--,63,53613,买盘
1542,10:15:58,8.51,-0.01,188,159988,卖盘
1543,10:15:48,8.52,0.01,16,13632,买盘
1544,10:15:43,8.51,--,83,70633,卖盘
1545,10:15:38,8.51,-0.01,43,36593,卖盘
1546,10:15:33,8.52,--,16,13632,买盘
1547,10:15:28,8.52,0.01,55,46860,买盘
1548,10:15:18,8.51,-0.01,13,11063,卖盘
1549,10:15:13,8.52,0.02,41,34932,买盘
1550,10:15:08,8.5,--,55,46750,卖盘
1551,10:15:03,8.5,-0.01,68,57800,卖盘
1552,10:14:53,8.51,--,100,85100,买盘
1553,10:14:48,8.51,--,83,70633,买盘
1554,10:14:43,8.51,--,23,19573,买盘
1555,10:14:38,8.51,--,5,4255,买盘
1556,10:14:33,8.51,--,17,14467,卖盘
1557,10:14:27,8.51,-0.01,219,186369,卖盘
1558,10:14:23,8.52,--,122,103944,买盘
1559,10:14:18,8.52,--,28,23856,买盘
1560,10:14:12,8.52,--,16,13632,买盘
1561,10:13:57,8.52,0.01,100,85200,买盘
1562,10:13:52,8.51,--,5,4255,卖盘
1563,10:13:48,8.51,--,8,6808,卖盘
1564,10:13:42,8.51,-0.01,101,85951,卖盘
1565,10:13:37,8.52,0.01,40,34080,买盘
1566,10:13:27,8.51,--,0,0,卖盘
1567,10:13:22,8.51,-0.01,8,6808,卖盘
1568,10:13:18,8.52,--,1,852,卖盘
1569,10:13:12,8.52,-0.02,8,6816,中性盘
1570,10:13:07,8.54,0.03,183,156281,买盘
1571,10:13:02,8.51,--,16,13616,买盘
1572,10:12:57,8.51,0.01,39,33189,买盘
1573,10:12:52,8.5,-0.01,182,154700,卖盘
1574,10:12:47,8.51,0.01,167,142117,买盘
1575,10:12:42,8.5,-0.01,42,35700,卖盘
1576,10:12:37,8.51,--,26,22126,买盘
1577,10:12:32,8.51,--,121,102971,买盘
1578,10:12:27,8.51,--,25,21275,买盘
1579,10:12:22,8.51,--,40,34040,买盘
1580,10:12:17,8.51,--,20,17020,买盘
1581,10:12:12,8.51,0.01,37,31487,买盘
1582,10:12:07,8.5,--,13,11050,卖盘
1583,10:12:02,8.5,-0.01,7,5950,卖盘
1584,10:11:52,8.51,0.01,262,222962,买盘
1585,10:11:47,8.5,--,322,273700,买盘
1586,10:11:42,8.5,--,101,85850,买盘
1587,10:11:37,8.5,--,27,22950,买盘
1588,10:11:32,8.5,--,24,20400,买盘
1589,10:11:27,8.5,--,78,66300,买盘
1590,10:11:22,8.5,-0.01,24,20400,卖盘
1591,10:11:17,8.51,--,2,1702,买盘
1592,10:11:12,8.51,--,33,28083,买盘
1593,10:11:07,8.51,-0.01,1005,855255,卖盘
1594,10:11:02,8.52,0.01,118,100536,买盘
1595,10:10:52,8.51,-0.01,54,45954,卖盘
1596,10:10:47,8.52,--,3,2556,买盘
1597,10:10:42,8.52,--,30,25560,买盘
1598,10:10:37,8.52,--,78,66456,买盘
1599,10:10:32,8.52,--,4,3408,买盘
1600,10:10:27,8.52,0.01,563,479676,买盘
1601,10:10:22,8.51,--,7,5957,买盘
1602,10:10:17,8.51,-0.01,145,123395,中性盘
1603,10:10:12,8.52,0.01,516,439632,买盘
1604,10:10:07,8.51,--,12,10212,卖盘
1605,10:10:02,8.51,--,40,34040,卖盘
1606,10:09:57,8.51,-0.01,24,20424,买盘
1607,10:09:52,8.52,--,40,34080,卖盘
1608,10:09:42,8.52,0.01,183,155916,买盘
1609,10:09:37,8.51,0.01,330,280830,买盘
1610,10:09:32,8.5,-0.01,501,425850,卖盘
1611,10:09:27,8.51,--,10,8510,买盘
1612,10:09:22,8.51,0.01,29,24679,买盘
1613,10:09:17,8.5,--,1000,850000,卖盘
1614,10:09:12,8.5,-0.01,77,65450,卖盘
1615,10:09:07,8.51,--,17,14467,卖盘
1616,10:09:02,8.51,--,42,35742,买盘
1617,10:08:57,8.51,-0.01,514,437414,卖盘
1618,10:08:52,8.52,0.01,9,7668,买盘
1619,10:08:47,8.51,-0.01,50,42550,卖盘
1620,10:08:42,8.52,0.01,17,14484,中性盘
1621,10:08:37,8.51,-0.02,502,427202,卖盘
1622,10:08:32,8.53,--,1,852,买盘
1623,10:08:27,8.53,--,70,59709,卖盘
1624,10:08:22,8.53,--,7,5971,卖盘
1625,10:08:17,8.53,--,35,29854,卖盘
1626,10:08:12,8.53,--,17,14500,卖盘
1627,10:08:07,8.53,--,20,17060,卖盘
1628,10:08:02,8.53,--,79,67387,卖盘
1629,10:07:57,8.53,-0.01,130,110889,卖盘
1630,10:07:52,8.54,0.01,39,33306,买盘
1631,10:07:47,8.53,--,5,4265,卖盘
1632,10:07:42,8.53,-0.01,101,86153,卖盘
1633,10:07:37,8.54,0.01,8,6831,买盘
1634,10:07:27,8.53,--,53,45209,卖盘
1635,10:07:22,8.53,--,283,241398,卖盘
1636,10:07:17,8.53,--,10,8530,卖盘
1637,10:07:12,8.53,-0.01,41,34973,卖盘
1638,10:06:57,8.54,--,15,12809,买盘
1639,10:06:52,8.54,--,36,30743,买盘
1640,10:06:47,8.54,--,20,17080,买盘
1641,10:06:42,8.54,--,16,13663,买盘
1642,10:06:37,8.54,-0.01,312,266448,卖盘
1643,10:06:27,8.55,0.01,14,11970,买盘
1644,10:06:21,8.54,-0.01,26,22203,卖盘
1645,10:06:17,8.55,--,8,6840,买盘
1646,10:06:12,8.55,--,81,69255,买盘
1647,10:06:06,8.55,--,45,38475,卖盘
1648,10:05:57,8.55,0.01,22,18810,中性盘
1649,10:05:51,8.54,-0.01,67,57217,卖盘
1650,10:05:47,8.55,--,3,2565,买盘
1651,10:05:42,8.55,--,30,25650,买盘
1652,10:05:36,8.55,--,26,22230,买盘
1653,10:05:31,8.55,--,40,34200,买盘
1654,10:05:27,8.55,--,58,49590,买盘
1655,10:05:21,8.55,--,20,17100,买盘
1656,10:05:16,8.55,--,21,17955,买盘
1657,10:05:06,8.55,0.01,49,41895,买盘
1658,10:05:01,8.54,-0.01,30,25619,卖盘
1659,10:04:56,8.55,--,21,17955,买盘
1660,10:04:46,8.55,--,83,70965,买盘
1661,10:04:42,8.55,--,10,8550,买盘
1662,10:04:36,8.55,--,5,4275,买盘
1663,10:04:31,8.55,-0.01,190,162450,卖盘
1664,10:04:26,8.56,--,25,21400,买盘
1665,10:04:21,8.56,--,84,71904,买盘
1666,10:04:16,8.56,--,141,120696,买盘
1667,10:04:06,8.56,0.01,10,8560,买盘
1668,10:03:56,8.55,--,37,31635,卖盘
1669,10:03:51,8.55,--,21,17955,卖盘
1670,10:03:46,8.55,-0.01,28,23940,卖盘
1671,10:03:41,8.56,0.01,25,21400,买盘
1672,10:03:36,8.55,-0.01,2,1710,卖盘
1673,10:03:31,8.56,0.01,14,11984,买盘
1674,10:03:21,8.55,-0.01,43,36765,卖盘
1675,10:03:16,8.56,0.01,23,19688,买盘
1676,10:03:11,8.55,--,4,3420,卖盘
1677,10:03:01,8.55,--,152,129960,卖盘
1678,10:02:56,8.55,--,46,39330,买盘
1679,10:02:51,8.55,--,159,135945,卖盘
1680,10:02:46,8.55,-0.01,55,47025,卖盘
1681,10:02:41,8.56,--,100,85600,买盘
1682,10:02:36,8.56,--,46,39376,卖盘
1683,10:02:31,8.56,--,65,55640,卖盘
1684,10:02:26,8.56,--,47,40232,卖盘
1685,10:02:21,8.56,--,135,115560,卖盘
1686,10:02:16,8.56,--,326,279056,买盘
1687,10:02:11,8.56,--,6,5136,买盘
1688,10:02:06,8.56,--,61,52216,买盘
1689,10:02:01,8.56,-0.01,363,310728,卖盘
1690,10:01:56,8.57,--,10,8570,买盘
1691,10:01:51,8.57,-0.01,54,46278,卖盘
1692,10:01:46,8.58,--,56,48048,买盘
1693,10:01:36,8.58,--,9,7722,买盘
1694,10:01:26,8.58,0.02,20,17160,买盘
1695,10:01:21,8.56,--,0,0,卖盘
1696,10:01:16,8.56,0.01,762,652272,买盘
1697,10:01:11,8.55,--,96,82080,卖盘
1698,10:01:01,8.55,0.01,69,58995,买盘
1699,10:00:56,8.54,--,4,3415,卖盘
1700,10:00:51,8.54,--,66,56363,卖盘
1701,10:00:46,8.54,--,81,69174,买盘
1702,10:00:41,8.54,0.02,26,22203,买盘
1703,10:00:36,8.52,-0.01,483,411516,卖盘
1704,10:00:31,8.53,--,80,68240,买盘
1705,10:00:26,8.53,--,13,11089,买盘
1706,10:00:21,8.53,--,36,30707,卖盘
1707,10:00:16,8.53,-0.01,15,12794,卖盘
1708,10:00:11,8.54,--,17,14517,买盘
1709,10:00:06,8.54,0.03,123,105041,买盘
1710,10:00:01,8.51,-0.02,260,221260,卖盘
1711,09:59:56,8.53,0.02,117,99800,买盘
1712,09:59:51,8.51,-0.01,96,81696,卖盘
1713,09:59:45,8.52,--,50,42600,买盘
1714,09:59:41,8.52,0.02,3,2556,买盘
1715,09:59:36,8.5,-0.01,52,44200,卖盘
1716,09:59:31,8.51,--,156,132756,买盘
1717,09:59:26,8.51,--,119,101269,买盘
1718,09:59:21,8.51,0.01,77,65527,买盘
1719,09:59:16,8.5,-0.02,1704,1448400,卖盘
1720,09:59:11,8.52,0.01,2,1704,买盘
1721,09:59:06,8.51,--,228,194028,卖盘
1722,09:59:00,8.51,--,17,14467,卖盘
1723,09:58:51,8.51,--,302,257002,卖盘
1724,09:58:45,8.51,-0.01,230,195730,卖盘
1725,09:58:41,8.52,--,111,94572,买盘
1726,09:58:36,8.52,--,63,53676,卖盘
1727,09:58:30,8.52,--,5,4260,卖盘
1728,09:58:26,8.52,--,78,66456,卖盘
1729,09:58:21,8.52,--,52,44304,中性盘
1730,09:58:15,8.52,--,199,169548,卖盘
1731,09:58:11,8.52,-0.01,45,38340,卖盘
1732,09:58:05,8.53,--,24,20472,买盘
1733,09:58:00,8.53,-0.01,336,286608,卖盘
1734,09:57:56,8.54,--,28,23911,买盘
1735,09:57:50,8.54,--,3,2561,买盘
1736,09:57:45,8.54,--,96,81983,买盘
1737,09:57:41,8.54,-0.01,216,184463,卖盘
1738,09:57:35,8.55,--,206,176130,买盘
1739,09:57:30,8.55,0.01,29,24795,买盘
1740,09:57:25,8.54,-0.01,31,26473,卖盘
1741,09:57:20,8.55,--,40,34200,买盘
1742,09:57:15,8.55,-0.01,289,247095,卖盘
1743,09:57:10,8.56,0.01,147,125832,买盘
1744,09:57:00,8.55,-0.01,101,86355,卖盘
1745,09:56:55,8.56,0.01,2,1712,买盘
1746,09:56:50,8.55,--,2,1710,卖盘
1747,09:56:45,8.55,--,43,36765,卖盘
1748,09:56:40,8.55,0.02,153,130815,买盘
1749,09:56:35,8.53,--,35,29854,卖盘
1750,09:56:30,8.53,0.01,4,3411,中性盘
1751,09:56:25,8.52,-0.02,5,4260,卖盘
1752,09:56:20,8.54,0.01,322,274988,买盘
1753,09:56:15,8.53,0.02,125,106624,买盘
1754,09:56:10,8.51,0.02,108,91908,中性盘
1755,09:56:05,8.49,-0.03,200,169800,卖盘
1756,09:56:00,8.52,--,25,21300,买盘
1757,09:55:55,8.52,--,68,57936,买盘
1758,09:55:50,8.52,0.02,129,109908,买盘
1759,09:55:45,8.5,-0.03,1108,941800,卖盘
1760,09:55:40,8.53,--,52,44356,买盘
1761,09:55:35,8.53,--,10,8530,买盘
1762,09:55:30,8.53,-0.01,580,495123,卖盘
1763,09:55:25,8.54,--,189,161405,买盘
1764,09:55:20,8.54,--,43,36721,买盘
1765,09:55:15,8.54,--,153,130661,买盘
1766,09:55:10,8.54,0.01,66,56833,买盘
1767,09:55:05,8.53,0.01,30,25589,买盘
1768,09:55:00,8.52,--,124,105648,卖盘
1769,09:54:55,8.52,-0.01,22,18744,卖盘
1770,09:54:50,8.53,--,307,261870,买盘
1771,09:54:45,8.53,0.03,275,234574,买盘
1772,09:54:40,8.5,-0.01,168,142800,卖盘
1773,09:54:35,8.51,--,24,20424,买盘
1774,09:54:30,8.51,-0.01,303,257853,卖盘
1775,09:54:25,8.52,-0.01,184,156768,卖盘
1776,09:54:20,8.53,0.01,36,30707,买盘
1777,09:54:15,8.52,--,174,148248,买盘
1778,09:54:10,8.52,--,24,20448,买盘
1779,09:54:05,8.52,--,79,67308,买盘
1780,09:54:00,8.52,0.01,22,18744,买盘
1781,09:53:55,8.51,--,102,86802,买盘
1782,09:53:50,8.51,--,7,5957,买盘
1783,09:53:45,8.51,0.01,43,36593,买盘
1784,09:53:40,8.5,--,159,135150,卖盘
1785,09:53:35,8.5,--,11,9350,卖盘
1786,09:53:30,8.5,-0.01,105,89250,卖盘
1787,09:53:25,8.51,0.01,154,131054,买盘
1788,09:53:20,8.5,--,18,15300,买盘
1789,09:53:15,8.5,--,131,111350,买盘
1790,09:53:10,8.5,--,157,133450,买盘
1791,09:53:05,8.5,0.02,6,5100,买盘
1792,09:53:00,8.48,-0.02,25,21200,卖盘
1793,09:52:55,8.5,0.02,45,38250,买盘
1794,09:52:50,8.48,--,31,26288,卖盘
1795,09:52:45,8.48,0.01,92,78016,买盘
1796,09:52:40,8.47,0.01,257,217679,卖盘
1797,09:52:35,8.46,-0.01,20,16920,卖盘
1798,09:52:30,8.47,--,74,62678,卖盘
1799,09:52:24,8.47,0.01,119,100793,中性盘
1800,09:52:20,8.46,--,54,45684,卖盘
1801,09:52:15,8.46,0.01,97,82062,买盘
1802,09:52:10,8.45,--,11,9295,买盘
1803,09:52:05,8.45,-0.02,327,276315,卖盘
1804,09:52:00,8.47,0.01,91,77077,买盘
1805,09:51:54,8.46,-0.01,158,133668,中性盘
1806,09:51:50,8.47,0.01,84,71148,买盘
1807,09:51:44,8.46,-0.02,1013,856998,卖盘
1808,09:51:39,8.48,-0.02,112,94976,卖盘
1809,09:51:34,8.5,0.02,59,50150,买盘
1810,09:51:29,8.48,-0.02,382,323936,卖盘
1811,09:51:24,8.5,--,74,62900,买盘
1812,09:51:20,8.5,--,78,66300,买盘
1813,09:51:14,8.5,--,16,13600,买盘
1814,09:51:09,8.5,--,1253,1065050,卖盘
1815,09:51:05,8.5,-0.01,542,460700,卖盘
1816,09:50:59,8.51,--,112,95312,买盘
1817,09:50:54,8.51,--,79,67229,买盘
1818,09:50:49,8.51,-0.01,452,384652,中性盘
1819,09:50:44,8.52,0.01,383,326316,买盘
1820,09:50:39,8.51,--,101,85951,卖盘
1821,09:50:34,8.51,-0.01,22,18722,卖盘
1822,09:50:24,8.52,-0.01,1009,859668,卖盘
1823,09:50:19,8.53,-0.01,285,243104,卖盘
1824,09:50:14,8.54,--,26,22203,买盘
1825,09:50:09,8.54,--,55,46969,买盘
1826,09:50:04,8.54,-0.01,787,672097,卖盘
1827,09:49:59,8.55,--,40,34200,卖盘
1828,09:49:54,8.55,-0.01,52,44460,卖盘
1829,09:49:49,8.56,--,26,22256,买盘
1830,09:49:44,8.56,--,19,16264,买盘
1831,09:49:39,8.56,0.01,170,145520,买盘
1832,09:49:34,8.55,--,93,79515,卖盘
1833,09:49:24,8.55,--,219,187245,卖盘
1834,09:49:19,8.55,-0.01,46,39330,卖盘
1835,09:49:14,8.56,--,23,19688,买盘
1836,09:49:09,8.56,--,157,134392,买盘
1837,09:49:04,8.56,-0.01,24,20544,买盘
1838,09:48:59,8.57,--,0,0,买盘
1839,09:48:54,8.57,--,348,298236,买盘
1840,09:48:49,8.57,--,10,8570,买盘
1841,09:48:44,8.57,--,16,13712,买盘
1842,09:48:39,8.57,--,28,23996,卖盘
1843,09:48:34,8.57,--,75,64275,卖盘
1844,09:48:29,8.57,--,20,17140,卖盘
1845,09:48:24,8.57,0.01,10,8570,中性盘
1846,09:48:19,8.56,-0.01,32,27392,卖盘
1847,09:48:14,8.57,--,69,59133,买盘
1848,09:48:09,8.57,-0.01,728,623896,卖盘
1849,09:48:04,8.58,--,70,60060,买盘
1850,09:47:54,8.58,--,58,49764,买盘
1851,09:47:49,8.58,--,62,53196,买盘
1852,09:47:44,8.58,--,58,49764,买盘
1853,09:47:39,8.58,--,40,34320,买盘
1854,09:47:34,8.58,--,26,22308,买盘
1855,09:47:29,8.58,--,5,4290,买盘
1856,09:47:24,8.58,--,10,8580,买盘
1857,09:47:19,8.58,--,162,138996,卖盘
1858,09:47:14,8.58,--,117,100386,买盘
1859,09:47:09,8.58,--,51,43758,买盘
1860,09:46:54,8.58,0.01,129,110682,买盘
1861,09:46:49,8.57,-0.01,73,62561,卖盘
1862,09:46:44,8.58,0.01,21,18018,买盘
1863,09:46:39,8.57,--,31,26567,买盘
1864,09:46:34,8.57,0.01,92,78844,买盘
1865,09:46:29,8.56,-0.01,31,26536,卖盘
1866,09:46:24,8.57,0.01,23,19711,卖盘
1867,09:46:19,8.56,-0.02,115,98440,卖盘
1868,09:46:14,8.58,0.02,34,29172,买盘
1869,09:46:09,8.56,-0.01,15,12840,卖盘
1870,09:46:04,8.57,--,41,35137,买盘
1871,09:45:59,8.57,0.01,37,31709,买盘
1872,09:45:54,8.56,--,228,195168,卖盘
1873,09:45:49,8.56,--,74,63344,卖盘
1874,09:45:44,8.56,--,25,21400,卖盘
1875,09:45:39,8.56,--,41,35096,卖盘
1876,09:45:34,8.56,-0.01,25,21400,卖盘
1877,09:45:29,8.57,0.01,28,23996,买盘
1878,09:45:24,8.56,-0.01,43,36808,卖盘
1879,09:45:18,8.57,--,121,103697,买盘
1880,09:45:14,8.57,-0.01,76,65132,卖盘
1881,09:45:09,8.58,0.01,85,72930,买盘
1882,09:45:03,8.57,-0.01,38,32566,卖盘
1883,09:44:54,8.58,0.01,251,215358,买盘
1884,09:44:48,8.57,-0.01,40,34280,卖盘
1885,09:44:44,8.58,--,40,34320,买盘
1886,09:44:39,8.58,--,78,66924,买盘
1887,09:44:33,8.58,--,10,8580,买盘
1888,09:44:23,8.58,--,26,22308,买盘
1889,09:44:18,8.58,--,304,260832,卖盘
1890,09:44:14,8.58,-0.01,130,111540,卖盘
1891,09:44:03,8.59,--,20,17180,买盘
1892,09:43:59,8.59,--,2,1718,买盘
1893,09:43:53,8.59,--,96,82464,卖盘
1894,09:43:48,8.59,-0.01,30,25770,卖盘
1895,09:43:43,8.6,0.02,16,13760,买盘
1896,09:43:38,8.58,--,4,3432,买盘
1897,09:43:33,8.58,0.01,170,145860,中性盘
1898,09:43:28,8.57,-0.01,273,233961,卖盘
1899,09:43:18,8.58,-0.01,10,8580,卖盘
1900,09:43:14,8.59,0.02,41,35219,买盘
1901,09:42:53,8.57,--,50,42850,卖盘
1902,09:42:48,8.57,-0.01,23,19711,中性盘
1903,09:42:43,8.58,0.02,36,30888,买盘
1904,09:42:38,8.56,--,13,11128,卖盘
1905,09:42:33,8.56,0.01,73,62488,卖盘
1906,09:42:28,8.55,-0.01,255,218025,卖盘
1907,09:42:23,8.56,0.01,32,28179,买盘
1908,09:42:18,8.55,-0.01,337,288135,卖盘
1909,09:42:13,8.56,0.01,135,115560,买盘
1910,09:42:08,8.55,-0.01,140,119700,卖盘
1911,09:42:03,8.56,--,24,20544,买盘
1912,09:41:58,8.56,--,105,89880,卖盘
1913,09:41:48,8.56,-0.01,86,73616,卖盘
1914,09:41:43,8.57,--,32,27424,买盘
1915,09:41:33,8.57,-0.02,117,100269,卖盘
1916,09:41:28,8.59,0.02,44,37796,买盘
1917,09:41:23,8.57,--,0,0,卖盘
1918,09:41:18,8.57,-0.02,65,55705,卖盘
1919,09:41:13,8.59,0.01,65,55835,买盘
1920,09:41:03,8.58,-0.02,227,194766,卖盘
1921,09:40:58,8.6,0.01,96,82560,买盘
1922,09:40:48,8.59,-0.03,118,101362,卖盘
1923,09:40:43,8.62,--,58,49995,买盘
1924,09:40:38,8.62,0.02,5,4310,买盘
1925,09:40:33,8.6,-0.02,52,44720,卖盘
1926,09:40:28,8.62,0.02,65,56029,买盘
1927,09:40:23,8.6,--,10,8600,卖盘
1928,09:40:18,8.6,--,0,0,卖盘
1929,09:40:13,8.6,-0.02,237,203820,卖盘
1930,09:40:08,8.62,0.02,27,23273,买盘
1931,09:40:03,8.6,--,36,30960,卖盘
1932,09:39:58,8.6,-0.02,9,7740,卖盘
1933,09:39:53,8.62,0.02,6,5171,买盘
1934,09:39:48,8.6,-0.02,4,3440,卖盘
1935,09:39:43,8.62,0.02,84,72408,买盘
1936,09:39:38,8.6,--,5,4300,卖盘
1937,09:39:33,8.6,--,143,122980,卖盘
1938,09:39:28,8.6,--,43,36980,买盘
1939,09:39:23,8.6,--,21,18060,买盘
1940,09:39:18,8.6,--,19,16340,买盘
1941,09:39:13,8.6,-0.03,155,133300,卖盘
1942,09:39:07,8.63,0.04,17,14671,卖盘
1943,09:39:03,8.59,--,0,0,卖盘
1944,09:38:58,8.59,--,180,154620,卖盘
1945,09:38:52,8.59,-0.04,256,219904,卖盘
1946,09:38:48,8.63,0.03,272,234736,买盘
1947,09:38:43,8.6,--,34,29240,卖盘
1948,09:38:37,8.6,--,9,7740,买盘
1949,09:38:33,8.6,0.01,10,8600,买盘
1950,09:38:28,8.59,-0.01,14,12026,中性盘
1951,09:38:22,8.6,0.02,7,6020,买盘
1952,09:38:18,8.58,--,8,6864,卖盘
1953,09:38:13,8.58,0.01,233,199914,买盘
1954,09:38:03,8.57,-0.01,72,61704,卖盘
1955,09:37:52,8.58,0.01,71,60918,买盘
1956,09:37:48,8.57,0.01,23,19711,买盘
1957,09:37:42,8.56,--,205,175480,买盘
1958,09:37:37,8.56,--,52,44512,买盘
1959,09:37:33,8.56,0.01,443,379653,买盘
1960,09:37:27,8.55,-0.01,24,20520,卖盘
1961,09:37:22,8.56,0.02,196,167776,买盘
1962,09:37:17,8.54,-0.01,20,17080,卖盘
1963,09:37:12,8.55,0.01,139,118845,买盘
1964,09:37:07,8.54,0.01,270,230579,买盘
1965,09:37:02,8.53,--,321,273813,卖盘
1966,09:36:57,8.53,-0.01,136,116007,卖盘
1967,09:36:52,8.54,--,153,130661,卖盘
1968,09:36:47,8.54,--,67,57217,买盘
1969,09:36:42,8.54,--,63,53801,买盘
1970,09:36:37,8.54,--,113,96501,买盘
1971,09:36:32,8.54,--,225,192149,卖盘
1972,09:36:27,8.54,-0.01,147,125537,卖盘
1973,09:36:22,8.55,0.01,32,27360,买盘
1974,09:36:17,8.54,0.01,21,17934,卖盘
1975,09:36:12,8.53,-0.02,675,575775,卖盘
1976,09:36:07,8.55,0.01,40,34200,中性盘
1977,09:36:02,8.54,--,77,65758,卖盘
1978,09:35:57,8.54,-0.01,160,136640,卖盘
1979,09:35:52,8.55,0.01,156,133380,卖盘
1980,09:35:47,8.54,-0.01,41,35014,卖盘
1981,09:35:42,8.55,0.01,153,130815,中性盘
1982,09:35:37,8.54,-0.02,30,25619,卖盘
1983,09:35:32,8.56,--,10,8560,卖盘
1984,09:35:27,8.56,0.03,36,30816,中性盘
1985,09:35:22,8.53,-0.02,416,354848,卖盘
1986,09:35:17,8.55,0.01,8,6840,买盘
1987,09:35:12,8.54,-0.01,82,70028,卖盘
1988,09:35:07,8.55,-0.02,732,625860,卖盘
1989,09:35:02,8.57,--,0,0,卖盘
1990,09:34:57,8.57,--,38,32566,卖盘
1991,09:34:52,8.57,--,79,67703,卖盘
1992,09:34:47,8.57,0.01,64,54848,中性盘
1993,09:34:42,8.56,--,491,420296,卖盘
1994,09:34:37,8.56,-0.01,11,9416,卖盘
1995,09:34:32,8.57,--,32,27424,买盘
1996,09:34:27,8.57,-0.01,95,81415,卖盘
1997,09:34:22,8.58,--,19,16302,买盘
1998,09:34:17,8.58,--,20,17160,买盘
1999,09:34:12,8.58,0.01,9,7722,中性盘
2000,09:34:07,8.57,-0.02,132,113124,卖盘
2001,09:34:02,8.59,0.01,183,157197,买盘
2002,09:33:57,8.58,0.01,11,9438,买盘
2003,09:33:52,8.57,-0.01,20,17140,卖盘
2004,09:33:47,8.58,--,4,3432,买盘
2005,09:33:42,8.58,0.01,25,21450,中性盘
2006,09:33:37,8.57,-0.02,533,456781,卖盘
2007,09:33:32,8.59,--,30,25770,买盘
2008,09:33:27,8.59,-0.02,124,106516,卖盘
2009,09:33:22,8.61,0.01,59,50799,买盘
2010,09:33:17,8.6,-0.01,9,7740,卖盘
2011,09:33:12,8.61,--,43,37023,买盘
2012,09:33:07,8.61,0.01,19,16358,买盘
2013,09:33:02,8.6,-0.02,36,30960,卖盘
2014,09:32:57,8.62,0.02,8,6895,买盘
2015,09:32:52,8.6,0.03,14,12040,卖盘
2016,09:32:47,8.57,-0.06,149,127693,卖盘
2017,09:32:42,8.63,0.06,65,56095,买盘
2018,09:32:37,8.57,-0.03,53,45421,卖盘
2019,09:32:31,8.6,0.04,10,8600,买盘
2020,09:32:27,8.56,--,37,31672,卖盘
2021,09:32:22,8.56,--,140,119840,买盘
2022,09:32:16,8.56,--,17,14552,买盘
2023,09:32:12,8.56,--,20,17120,买盘
2024,09:32:07,8.56,0.01,143,122408,买盘
2025,09:32:01,8.55,--,22,18810,买盘
2026,09:31:57,8.55,--,221,188955,卖盘
2027,09:31:52,8.55,0.01,97,82935,卖盘
2028,09:31:46,8.54,--,0,0,卖盘
2029,09:31:42,8.54,0.01,113,96501,中性盘
2030,09:31:36,8.53,--,94,80182,卖盘
2031,09:31:31,8.53,--,168,143304,买盘
2032,09:31:27,8.53,--,109,92977,买盘
2033,09:31:21,8.53,-0.02,126,107477,中性盘
2034,09:31:16,8.55,-0.01,54,46170,买盘
2035,09:31:12,8.56,0.01,264,225984,买盘
2036,09:31:06,8.55,--,313,267615,卖盘
2037,09:31:01,8.55,-0.01,35,29925,卖盘
2038,09:30:57,8.56,0.01,36,30816,中性盘
2039,09:30:51,8.55,-0.04,51,43605,卖盘
2040,09:30:46,8.59,0.04,5,4295,买盘
2041,09:30:41,8.55,-0.04,56,47880,卖盘
2042,09:30:36,8.59,-0.01,18,15462,中性盘
2043,09:30:31,8.6,0.01,476,409360,买盘
2044,09:30:26,8.59,-0.01,41,35219,卖盘
2045,09:30:21,8.6,--,104,89440,买盘
2046,09:30:06,8.6,-0.12,912,784320,卖盘
2047,09:28:52,8.72,--,0,0,买盘
2048,09:25:05,8.72,8.72,521,454312,买盘
