,time,price,change,volume,amount,type
0,15:00:00,3.53,--,0,0,卖盘
1,15:00:00,3.53,--,0,0,卖盘
2,14:59:53,3.53,-0.01,86,30358,卖盘
3,14:59:44,3.54,0.01,142,50268,买盘
4,14:59:38,3.53,--,100,35300,卖盘
5,14:59:34,3.53,-0.01,296,104488,卖盘
6,14:59:29,3.54,0.01,276,97704,买盘
7,14:59:23,3.53,--,50,17650,卖盘
8,14:59:19,3.53,--,580,204740,卖盘
9,14:59:09,3.53,--,13,4589,卖盘
10,14:59:04,3.53,--,11,3883,卖盘
11,14:58:59,3.53,--,522,184266,卖盘
12,14:58:53,3.53,-0.01,750,264750,卖盘
13,14:58:49,3.54,--,220,77880,买盘
14,14:58:44,3.54,0.01,474,167796,买盘
15,14:58:38,3.53,--,380,134140,卖盘
16,14:58:34,3.53,-0.01,262,92486,卖盘
17,14:58:29,3.54,0.01,6,2124,买盘
18,14:58:24,3.53,--,199,70247,卖盘
19,14:58:19,3.53,--,448,158144,卖盘
20,14:58:14,3.53,--,84,29652,卖盘
21,14:58:09,3.53,--,84,29652,卖盘
22,14:58:03,3.53,--,589,207917,卖盘
23,14:57:59,3.53,--,32,11296,卖盘
24,14:57:53,3.53,--,181,63893,卖盘
25,14:57:47,3.53,--,139,49067,卖盘
26,14:57:43,3.53,-0.01,226,79778,卖盘
27,14:57:38,3.54,--,1326,469404,买盘
28,14:57:32,3.54,0.01,266,94164,买盘
29,14:57:24,3.53,-0.01,21,7413,卖盘
30,14:57:18,3.54,0.01,1,354,买盘
31,14:57:14,3.53,-0.01,130,45890,卖盘
32,14:57:08,3.54,--,100,35400,买盘
33,14:57:02,3.54,0.01,1079,381966,买盘
34,14:56:54,3.53,--,400,141200,卖盘
35,14:56:48,3.53,-0.01,11,3883,卖盘
36,14:56:43,3.54,--,74,26196,买盘
37,14:56:38,3.54,0.01,134,47436,买盘
38,14:56:32,3.53,--,254,89662,卖盘
39,14:56:24,3.53,--,179,63187,卖盘
40,14:56:17,3.53,--,15,5295,卖盘
41,14:56:14,3.53,--,15,5295,卖盘
42,14:56:09,3.53,--,1863,657639,卖盘
43,14:56:02,3.53,-0.01,101,35653,卖盘
44,14:55:54,3.54,0.01,100,35400,买盘
45,14:55:48,3.53,--,308,108724,卖盘
46,14:55:38,3.53,-0.01,21,7413,卖盘
47,14:55:32,3.54,0.01,133,47082,买盘
48,14:55:28,3.53,--,15,5295,卖盘
49,14:55:24,3.53,-0.01,40,14120,卖盘
50,14:55:17,3.54,0.01,17,6018,买盘
51,14:55:14,3.53,--,15,5295,卖盘
52,14:55:08,3.53,--,1265,446545,卖盘
53,14:55:01,3.53,--,1,353,卖盘
54,14:54:53,3.53,--,64,22592,卖盘
55,14:54:47,3.53,--,101,35653,卖盘
56,14:54:23,3.53,-0.01,82,28946,卖盘
57,14:54:17,3.54,--,50,17700,买盘
58,14:54:08,3.54,--,21,7434,买盘
59,14:54:02,3.54,--,209,73986,买盘
60,14:53:53,3.54,0.01,250,88500,买盘
61,14:53:38,3.53,-0.01,15,5295,卖盘
62,14:53:32,3.54,--,139,49206,买盘
63,14:53:23,3.54,0.01,318,112572,买盘
64,14:53:17,3.53,--,1,353,卖盘
65,14:52:58,3.53,-0.01,50,17650,卖盘
66,14:52:53,3.54,0.01,150,53100,买盘
67,14:52:47,3.53,-0.01,1,353,卖盘
68,14:52:42,3.54,--,14,4956,买盘
69,14:52:38,3.54,0.01,63,22302,买盘
70,14:52:28,3.53,--,137,48361,卖盘
71,14:52:23,3.53,-0.01,170,60010,卖盘
72,14:52:17,3.54,--,5,1770,买盘
73,14:52:13,3.54,0.01,409,144786,买盘
74,14:52:02,3.53,-0.01,355,125315,卖盘
75,14:51:58,3.54,--,22,7788,买盘
76,14:51:53,3.54,--,300,106200,买盘
77,14:51:47,3.54,--,143,50622,买盘
78,14:51:43,3.54,0.01,18,6372,买盘
79,14:51:32,3.53,--,15,5295,卖盘
80,14:51:27,3.53,-0.01,30,10590,卖盘
81,14:51:18,3.54,--,28,9912,买盘
82,14:50:53,3.54,0.01,49,17346,买盘
83,14:50:47,3.53,-0.01,25,8825,卖盘
84,14:50:43,3.54,0.01,41,14514,买盘
85,14:50:26,3.53,-0.01,70,24710,卖盘
86,14:50:23,3.54,0.01,214,75756,买盘
87,14:50:18,3.53,-0.01,77,27181,卖盘
88,14:50:11,3.54,--,236,83544,买盘
89,14:49:47,3.54,0.01,1521,538434,买盘
90,14:49:37,3.53,--,50,17650,卖盘
91,14:49:32,3.53,--,5,1765,卖盘
92,14:49:26,3.53,-0.01,200,70600,卖盘
93,14:49:17,3.54,--,10,3540,买盘
94,14:49:11,3.54,0.01,1740,615967,买盘
95,14:49:07,3.53,-0.01,257,91049,卖盘
96,14:49:02,3.54,--,242,85668,买盘
97,14:48:56,3.54,0.01,5,1770,买盘
98,14:48:52,3.53,--,62,21886,卖盘
99,14:48:47,3.53,--,1,353,卖盘
100,14:48:41,3.53,--,257,91049,卖盘
101,14:48:32,3.53,--,595,210035,卖盘
102,14:48:26,3.53,--,100,35300,卖盘
103,14:48:22,3.53,--,83,29299,卖盘
104,14:48:11,3.53,--,40,14120,卖盘
105,14:48:02,3.53,-0.01,100,35300,卖盘
106,14:47:56,3.54,--,5,1770,买盘
107,14:47:47,3.54,--,50,17700,买盘
108,14:47:41,3.54,0.01,50,17700,买盘
109,14:47:32,3.53,-0.01,2,706,卖盘
110,14:47:26,3.54,0.01,100,35400,买盘
111,14:47:11,3.53,--,209,73777,卖盘
112,14:47:07,3.53,-0.01,264,93470,卖盘
113,14:47:02,3.54,0.01,66,23364,买盘
114,14:46:56,3.53,--,80,28240,卖盘
115,14:46:51,3.53,--,14,4942,卖盘
116,14:46:47,3.53,--,140,49420,卖盘
117,14:46:41,3.53,--,242,85729,卖盘
118,14:46:32,3.53,--,209,73777,卖盘
119,14:46:26,3.53,--,30,10590,卖盘
120,14:46:17,3.53,--,275,97269,卖盘
121,14:46:11,3.53,-0.01,411,145083,卖盘
122,14:46:07,3.54,0.01,5,1770,买盘
123,14:46:02,3.53,-0.01,10,3530,卖盘
124,14:45:56,3.54,--,44,15576,买盘
125,14:45:52,3.54,--,5,1770,买盘
126,14:45:47,3.54,0.01,316,112140,买盘
127,14:45:41,3.53,--,136,48008,卖盘
128,14:45:26,3.53,--,41,14473,卖盘
129,14:45:20,3.53,-0.01,53,18709,卖盘
130,14:45:16,3.54,--,15,5310,买盘
131,14:45:11,3.54,0.01,405,143370,买盘
132,14:45:06,3.53,--,76,26828,卖盘
133,14:45:02,3.53,--,255,90015,卖盘
134,14:44:56,3.53,-0.01,50,17650,卖盘
135,14:44:46,3.54,0.01,819,289926,买盘
136,14:44:41,3.53,-0.01,5,1765,卖盘
137,14:44:35,3.54,--,30,10620,买盘
138,14:44:31,3.54,--,14,4956,买盘
139,14:44:26,3.54,0.01,162,57348,买盘
140,14:44:22,3.53,-0.01,552,194856,卖盘
141,14:44:16,3.54,--,100,35400,买盘
142,14:44:11,3.54,0.01,198,70092,买盘
143,14:44:05,3.53,--,341,120373,卖盘
144,14:44:01,3.53,-0.01,28,9884,卖盘
145,14:43:56,3.54,--,179,63366,买盘
146,14:43:52,3.54,--,159,56286,买盘
147,14:43:41,3.54,0.01,18,6372,买盘
148,14:43:35,3.53,--,243,85867,卖盘
149,14:43:31,3.53,-0.01,532,187972,卖盘
150,14:43:22,3.54,0.01,15,5310,买盘
151,14:43:11,3.53,-0.01,100,35300,卖盘
152,14:43:05,3.54,--,52,18408,买盘
153,14:42:56,3.54,0.01,15,5310,买盘
154,14:42:50,3.53,-0.01,94,33182,卖盘
155,14:42:46,3.54,--,200,70800,买盘
156,14:42:41,3.54,--,9,3186,买盘
157,14:42:35,3.54,--,12,4248,买盘
158,14:42:31,3.54,0.01,64,22656,买盘
159,14:42:26,3.53,--,78,27534,卖盘
160,14:42:20,3.53,--,30,10590,卖盘
161,14:42:11,3.53,--,215,75895,卖盘
162,14:42:05,3.53,--,157,55421,卖盘
163,14:41:56,3.53,--,202,71306,卖盘
164,14:41:50,3.53,--,46,16238,卖盘
165,14:41:35,3.53,--,17,6001,卖盘
166,14:41:31,3.53,--,80,28240,卖盘
167,14:41:11,3.53,--,127,44831,卖盘
168,14:41:05,3.53,--,2,706,卖盘
169,14:41:01,3.53,--,241,85073,卖盘
170,14:40:56,3.53,--,114,40242,卖盘
171,14:40:41,3.53,--,30,10590,卖盘
172,14:40:35,3.53,--,49,17297,卖盘
173,14:40:20,3.53,--,171,60363,卖盘
174,14:40:05,3.53,--,60,21180,卖盘
175,14:39:56,3.53,--,627,221331,卖盘
176,14:39:50,3.53,-0.01,24,8472,卖盘
177,14:39:26,3.54,--,714,252756,买盘
178,14:39:20,3.54,0.01,2,708,买盘
179,14:39:15,3.53,--,446,157438,卖盘
180,14:39:06,3.53,--,21,7413,卖盘
181,14:38:56,3.53,--,86,30358,卖盘
182,14:38:50,3.53,--,90,31770,卖盘
183,14:38:46,3.53,--,80,28240,卖盘
184,14:38:40,3.53,-0.01,30,10590,卖盘
185,14:38:35,3.54,0.01,13,4602,买盘
186,14:38:09,3.53,--,12,4236,卖盘
187,14:38:05,3.53,--,27,9531,卖盘
188,14:37:59,3.53,-0.01,4,1412,卖盘
189,14:37:44,3.54,0.01,66,23364,买盘
190,14:37:40,3.53,-0.01,7,2471,卖盘
191,14:37:36,3.54,--,3,1062,买盘
192,14:37:30,3.54,0.01,125,44250,买盘
193,14:37:20,3.53,--,30,10590,卖盘
194,14:37:14,3.53,--,10,3530,卖盘
195,14:36:59,3.53,--,21,7413,卖盘
196,14:36:51,3.53,--,25,8825,卖盘
197,14:36:45,3.53,--,50,17650,卖盘
198,14:36:41,3.53,--,220,77660,卖盘
199,14:36:35,3.53,--,6524,2303056,买盘
200,14:36:31,3.53,--,146,51538,买盘
201,14:36:26,3.53,--,1450,511850,买盘
202,14:36:20,3.53,--,563,198739,买盘
203,14:36:15,3.53,--,910,321230,买盘
204,14:36:09,3.53,0.01,98,34594,买盘
205,14:35:59,3.52,--,117,41184,卖盘
206,14:35:55,3.52,-0.01,57,20064,卖盘
207,14:35:44,3.53,--,272,96016,买盘
208,14:35:40,3.53,--,156,55068,买盘
209,14:35:29,3.53,--,99,34947,买盘
210,14:35:14,3.53,--,60,21180,买盘
211,14:35:05,3.53,0.01,304,107312,买盘
212,14:34:54,3.52,-0.01,2,704,卖盘
213,14:34:38,3.53,--,54,19062,买盘
214,14:34:35,3.53,--,54,19062,买盘
215,14:34:29,3.53,0.01,54,19062,买盘
216,14:34:20,3.52,--,1,352,卖盘
217,14:34:14,3.52,--,100,35200,卖盘
218,14:34:05,3.52,-0.01,99,34848,卖盘
219,14:33:53,3.53,--,14,4942,买盘
220,14:33:50,3.53,--,434,153202,买盘
221,14:33:44,3.53,0.01,576,203328,买盘
222,14:33:35,3.52,--,12,4224,卖盘
223,14:33:29,3.52,--,10,3520,卖盘
224,14:33:14,3.52,--,9,3168,卖盘
225,14:33:05,3.52,--,101,35552,卖盘
226,14:32:53,3.52,-0.01,12,4224,卖盘
227,14:32:45,3.53,0.01,24,8472,买盘
228,14:32:34,3.52,--,10,3520,卖盘
229,14:32:29,3.52,--,1,352,卖盘
230,14:32:09,3.52,--,7,2464,卖盘
231,14:31:54,3.52,--,2,704,卖盘
232,14:31:50,3.52,-0.01,1,352,卖盘
233,14:31:40,3.53,--,14,4942,买盘
234,14:31:29,3.53,--,4,1412,买盘
235,14:31:09,3.53,--,300,105900,买盘
236,14:30:54,3.53,0.01,15,5295,买盘
237,14:30:48,3.52,-0.01,10,3520,卖盘
238,14:30:39,3.53,--,6,2118,买盘
239,14:30:25,3.53,--,13,4589,买盘
240,14:29:54,3.53,0.01,1,353,买盘
241,14:29:48,3.52,-0.01,1,352,卖盘
242,14:29:45,3.53,--,300,105900,买盘
243,14:29:29,3.53,0.01,79,27887,买盘
244,14:29:23,3.52,-0.01,30,10560,卖盘
245,14:29:14,3.53,0.01,15,5295,买盘
246,14:29:04,3.52,--,3,1056,卖盘
247,14:28:39,3.52,--,1,352,卖盘
248,14:28:33,3.52,--,4,1408,卖盘
249,14:28:29,3.52,-0.01,10,3520,卖盘
250,14:28:03,3.53,--,17,6001,买盘
251,14:27:59,3.53,--,1,353,买盘
252,14:27:38,3.53,0.01,522,184266,买盘
253,14:27:34,3.52,-0.01,3,1056,卖盘
254,14:27:29,3.53,0.01,102,36006,买盘
255,14:27:14,3.52,--,677,238304,卖盘
256,14:27:02,3.52,-0.01,389,136928,卖盘
257,14:26:53,3.53,0.01,14,4942,买盘
258,14:26:44,3.52,--,4000,1408000,卖盘
259,14:26:34,3.52,-0.01,3,1056,卖盘
260,14:26:29,3.53,0.01,6,2118,买盘
261,14:26:23,3.52,-0.01,129,45408,卖盘
262,14:26:14,3.53,--,237,83661,买盘
263,14:26:08,3.53,0.01,6,2118,买盘
264,14:26:03,3.52,-0.01,4,1408,卖盘
265,14:25:59,3.53,--,464,164000,卖盘
266,14:25:53,3.53,--,541,190973,卖盘
267,14:25:47,3.53,-0.01,40,14120,卖盘
268,14:25:43,3.54,0.01,314,111156,买盘
269,14:25:38,3.53,--,64,22592,卖盘
270,14:25:34,3.53,--,1906,672818,卖盘
271,14:25:23,3.53,--,5040,1779120,卖盘
272,14:25:03,3.53,--,3,1059,卖盘
273,14:24:53,3.53,--,10,3530,卖盘
274,14:24:46,3.53,-0.01,1912,674936,卖盘
275,14:24:34,3.54,--,19,6726,买盘
276,14:24:28,3.54,0.01,253,89562,买盘
277,14:24:23,3.53,--,80,28240,卖盘
278,14:24:19,3.53,--,11,3883,卖盘
279,14:24:08,3.53,--,10,3530,卖盘
280,14:24:03,3.53,-0.01,118,41654,卖盘
281,14:23:58,3.54,--,1000,354000,买盘
282,14:23:54,3.54,0.01,30,10620,买盘
283,14:23:32,3.53,--,336,118608,卖盘
284,14:23:28,3.53,--,1,353,卖盘
285,14:23:23,3.53,-0.01,114,40242,卖盘
286,14:23:18,3.54,0.01,237,83898,买盘
287,14:23:13,3.53,--,132,46737,卖盘
288,14:23:08,3.53,--,19,6707,卖盘
289,14:23:02,3.53,--,3,1059,卖盘
290,14:22:53,3.53,-0.01,130,45971,卖盘
291,14:22:48,3.54,0.01,54,19116,买盘
292,14:22:41,3.53,--,11,3883,卖盘
293,14:22:34,3.53,--,3,1059,卖盘
294,14:22:18,3.53,-0.01,5,1765,卖盘
295,14:22:13,3.54,0.01,23,8142,买盘
296,14:21:58,3.53,-0.01,52,18356,卖盘
297,14:21:53,3.54,0.01,100,35400,买盘
298,14:21:47,3.53,--,21,7413,卖盘
299,14:21:32,3.53,--,301,106253,卖盘
300,14:21:23,3.53,-0.01,10,3530,卖盘
301,14:21:13,3.54,0.01,10,3540,买盘
302,14:21:08,3.53,-0.01,70,24710,卖盘
303,14:21:02,3.54,0.01,14,4956,买盘
304,14:20:32,3.53,--,80,28240,卖盘
305,14:20:08,3.53,--,3,1059,卖盘
306,14:20:02,3.53,-0.01,10,3530,卖盘
307,14:19:53,3.54,0.01,14,4956,买盘
308,14:19:48,3.53,--,10,3530,卖盘
309,14:19:33,3.53,-0.01,731,258043,卖盘
310,14:19:27,3.54,--,700,247800,买盘
311,14:19:23,3.54,0.01,1,354,买盘
312,14:19:17,3.53,-0.01,5,1765,卖盘
313,14:19:12,3.54,--,484,171336,买盘
314,14:19:02,3.54,0.01,54,19116,买盘
315,14:18:57,3.53,-0.01,100,35300,卖盘
316,14:18:51,3.54,0.01,1000,354000,买盘
317,14:18:47,3.53,--,200,70776,卖盘
318,14:18:41,3.53,-0.01,64,22592,卖盘
319,14:18:28,3.54,0.01,330,116820,买盘
320,14:18:17,3.53,-0.01,24,8472,卖盘
321,14:18:12,3.54,--,1,354,买盘
322,14:18:06,3.54,0.01,341,120714,买盘
323,14:18:02,3.53,--,50,17650,卖盘
324,14:17:57,3.53,-0.01,34,12002,卖盘
325,14:17:32,3.54,0.01,314,111156,买盘
326,14:17:27,3.53,--,3,1059,卖盘
327,14:17:20,3.53,--,30,10590,卖盘
328,14:17:02,3.53,--,150,52950,卖盘
329,14:16:41,3.53,--,20,7060,卖盘
330,14:16:37,3.53,--,377,133179,买盘
331,14:16:32,3.53,--,1120,395360,买盘
332,14:16:17,3.53,--,14,4942,买盘
333,14:16:02,3.53,0.01,203,71659,买盘
334,14:15:51,3.52,-0.01,100,35200,卖盘
335,14:15:41,3.53,--,5,1765,买盘
336,14:15:26,3.53,--,46,16238,买盘
337,14:15:21,3.53,--,10,3530,买盘
338,14:15:17,3.53,--,10,3530,买盘
339,14:15:11,3.53,--,14,4942,买盘
340,14:15:02,3.53,0.01,100,35300,买盘
341,14:14:56,3.52,-0.01,110,38720,卖盘
342,14:14:41,3.53,--,1,353,买盘
343,14:14:32,3.53,--,51,18003,买盘
344,14:14:27,3.53,--,1,353,买盘
345,14:14:22,3.53,0.01,30,10590,买盘
346,14:14:17,3.52,-0.01,81,28512,卖盘
347,14:13:56,3.53,--,13,4589,买盘
348,14:13:51,3.53,0.01,1,353,买盘
349,14:13:32,3.52,-0.01,17,5984,卖盘
350,14:13:26,3.53,--,251,88881,卖盘
351,14:13:21,3.53,--,19,6707,卖盘
352,14:13:11,3.53,--,90,31770,卖盘
353,14:13:02,3.53,--,220,77660,卖盘
354,14:12:56,3.53,-0.01,120,42360,卖盘
355,14:12:47,3.54,0.01,35,12390,买盘
356,14:12:31,3.53,--,3,1059,卖盘
357,14:12:26,3.53,--,1353,477683,买盘
358,14:12:21,3.53,--,2014,710942,买盘
359,14:12:11,3.53,--,100,35300,买盘
360,14:12:02,3.53,--,206,72718,买盘
361,14:11:56,3.53,0.01,140,49420,买盘
362,14:11:51,3.52,-0.01,6,2112,卖盘
363,14:11:41,3.53,--,14,4942,买盘
364,14:11:35,3.53,0.01,2,706,买盘
365,14:11:30,3.52,-0.01,97,34144,卖盘
366,14:11:25,3.53,--,40,14120,买盘
367,14:11:11,3.53,--,1168,412304,买盘
368,14:11:06,3.53,0.01,25,8825,买盘
369,14:11:00,3.52,--,13,4576,卖盘
370,14:10:56,3.52,-0.01,3,1056,卖盘
371,14:10:51,3.53,0.01,34,12002,买盘
372,14:10:30,3.52,-0.01,5,1760,卖盘
373,14:10:26,3.53,0.01,24,8472,买盘
374,14:10:21,3.52,-0.01,63,22176,卖盘
375,14:10:11,3.53,--,8,2824,买盘
376,14:10:06,3.53,--,1142,403126,买盘
377,14:09:56,3.53,0.01,10,3530,买盘
378,14:09:51,3.52,--,1425,501600,卖盘
379,14:09:41,3.52,-0.01,10,3520,卖盘
380,14:09:36,3.53,--,200,70600,买盘
381,14:09:26,3.53,--,100,35300,买盘
382,14:09:20,3.53,0.01,34,12002,买盘
383,14:09:16,3.52,--,50,17600,卖盘
384,14:09:05,3.52,-0.01,25,8800,卖盘
385,14:08:50,3.53,--,1835,647755,买盘
386,14:08:45,3.53,0.01,70,24710,买盘
387,14:08:41,3.52,-0.01,280,98560,卖盘
388,14:08:36,3.53,--,500,176500,买盘
389,14:08:26,3.53,--,3325,1173725,买盘
390,14:08:06,3.53,0.01,444,156732,买盘
391,14:07:50,3.52,-0.01,80,28160,卖盘
392,14:07:41,3.53,--,10,3530,买盘
393,14:07:36,3.53,--,7,2471,买盘
394,14:07:31,3.53,--,7,2471,买盘
395,14:07:21,3.53,--,5,1765,买盘
396,14:07:15,3.53,--,10,3530,买盘
397,14:07:11,3.53,--,22,7766,买盘
398,14:07:05,3.53,--,74,26122,买盘
399,14:07:00,3.53,--,2365,834845,买盘
400,14:06:56,3.53,--,14,4942,买盘
401,14:06:50,3.53,0.01,5542,1956326,买盘
402,14:06:45,3.52,-0.01,30,10560,卖盘
403,14:06:41,3.53,--,879,310287,买盘
404,14:06:30,3.53,--,100,35300,买盘
405,14:06:20,3.53,--,10,3530,买盘
406,14:06:15,3.53,--,50,17650,买盘
407,14:06:11,3.53,0.01,13,4589,买盘
408,14:06:05,3.52,-0.01,1,352,卖盘
409,14:05:59,3.53,--,120,42360,买盘
410,14:05:50,3.53,--,30,10590,买盘
411,14:05:45,3.53,--,13,4589,买盘
412,14:05:35,3.53,--,168,59304,买盘
413,14:05:31,3.53,--,100,35300,买盘
414,14:05:26,3.53,--,15,5295,买盘
415,14:05:00,3.53,--,111,39183,买盘
416,14:04:56,3.53,--,50,17650,买盘
417,14:04:51,3.53,0.01,30,10590,买盘
418,14:04:44,3.52,-0.01,1015,357280,卖盘
419,14:04:35,3.53,--,64,22592,买盘
420,14:04:30,3.53,--,21,7413,买盘
421,14:04:20,3.53,--,10,3530,买盘
422,14:04:15,3.53,--,1750,618025,卖盘
423,14:04:09,3.53,-0.01,500,176500,卖盘
424,14:04:05,3.54,0.01,652,230808,买盘
425,14:04:00,3.53,-0.01,50,17650,卖盘
426,14:03:55,3.54,--,333,117882,买盘
427,14:03:50,3.54,0.01,44,15576,买盘
428,14:03:44,3.53,--,103,36359,卖盘
429,14:03:39,3.53,-0.01,30,10590,卖盘
430,14:03:35,3.54,--,447,158238,买盘
431,14:03:30,3.54,--,100,35400,买盘
432,14:03:24,3.54,0.01,414,146556,买盘
433,14:03:20,3.53,--,75,26475,卖盘
434,14:03:14,3.53,-0.01,20,7060,卖盘
435,14:03:09,3.54,--,737,260898,买盘
436,14:03:05,3.54,--,15,5310,买盘
437,14:03:00,3.54,0.01,208,73632,买盘
438,14:02:54,3.53,-0.01,253,89309,卖盘
439,14:02:50,3.54,0.01,383,135582,买盘
440,14:02:44,3.53,--,160,56480,卖盘
441,14:02:40,3.53,--,29,10237,卖盘
442,14:02:35,3.53,--,90,31770,卖盘
443,14:02:30,3.53,--,155,54792,买盘
444,14:02:25,3.53,--,180,63540,买盘
445,14:02:20,3.53,--,1039,366767,买盘
446,14:02:14,3.53,--,875,308875,买盘
447,14:02:10,3.53,--,2784,983027,卖盘
448,14:02:05,3.53,--,2354,831039,买盘
449,14:02:00,3.53,--,567,200151,买盘
450,14:01:55,3.53,--,100,35300,买盘
451,14:01:50,3.53,--,1652,583438,买盘
452,14:01:45,3.53,--,2607,920271,买盘
453,14:01:35,3.53,--,3405,1201965,买盘
454,14:01:30,3.53,--,925,326525,买盘
455,14:01:24,3.53,--,59,20827,买盘
456,14:01:20,3.53,--,250,88250,买盘
457,14:01:15,3.53,--,2779,980987,买盘
458,14:01:09,3.53,--,1000,353000,买盘
459,14:01:05,3.53,--,62,21886,买盘
460,14:00:59,3.53,--,4918,1736054,买盘
461,14:00:55,3.53,--,220,77660,买盘
462,14:00:50,3.53,--,4318,1524254,买盘
463,14:00:45,3.53,--,535,188855,买盘
464,14:00:39,3.53,--,79,27887,买盘
465,14:00:35,3.53,--,3052,1077356,买盘
466,14:00:30,3.53,--,4551,1606503,买盘
467,14:00:24,3.53,--,194,68482,买盘
468,14:00:20,3.53,--,59,20827,买盘
469,14:00:14,3.53,--,3965,1399645,买盘
470,14:00:05,3.53,--,6718,2371454,买盘
471,13:59:59,3.53,--,193,68129,买盘
472,13:59:55,3.53,--,3370,1189610,买盘
473,13:59:50,3.53,0.01,1,353,买盘
474,13:59:34,3.52,--,15307,5388113,买盘
475,13:59:29,3.52,--,12314,4334528,买盘
476,13:59:23,3.52,--,3445,1212640,买盘
477,13:59:20,3.52,--,505,177760,买盘
478,13:59:14,3.52,--,150,52800,买盘
479,13:59:09,3.52,--,3354,1180608,买盘
480,13:59:05,3.52,--,547,192544,买盘
481,13:58:59,3.52,--,403,141856,买盘
482,13:58:45,3.52,--,14,4928,买盘
483,13:58:35,3.52,--,5456,1920512,买盘
484,13:58:30,3.52,--,100,35200,买盘
485,13:58:24,3.52,0.01,200,70400,买盘
486,13:58:20,3.51,--,1,351,卖盘
487,13:58:14,3.51,-0.01,2653,931203,卖盘
488,13:58:05,3.52,--,1459,513568,买盘
489,13:57:59,3.52,--,30,10560,买盘
490,13:57:44,3.52,--,1143,402336,买盘
491,13:57:35,3.52,--,4099,1442848,买盘
492,13:57:29,3.52,--,108,38016,买盘
493,13:57:23,3.52,0.01,305,107360,买盘
494,13:57:14,3.51,--,80,28080,卖盘
495,13:57:09,3.51,-0.01,1657,581607,卖盘
496,13:56:59,3.52,--,101,35552,买盘
497,13:56:23,3.52,--,1450,510400,买盘
498,13:56:09,3.52,0.01,447,157344,买盘
499,13:55:59,3.51,-0.01,2,702,卖盘
500,13:55:48,3.52,0.01,2215,779680,买盘
501,13:55:32,3.51,--,200,70200,卖盘
502,13:55:30,3.51,--,44,15443,卖盘
503,13:55:23,3.51,-0.01,3446,1209546,卖盘
504,13:55:17,3.52,0.01,141,49632,买盘
505,13:55:14,3.51,-0.01,16,5616,卖盘
506,13:54:48,3.52,--,2256,794112,买盘
507,13:54:33,3.52,--,200,70400,买盘
508,13:54:29,3.52,--,116,40832,买盘
509,13:54:24,3.52,0.01,469,165088,买盘
510,13:54:03,3.51,--,114,40014,卖盘
511,13:53:54,3.51,--,522,183267,买盘
512,13:53:48,3.51,--,30,10530,买盘
513,13:53:44,3.51,--,3325,1167075,买盘
514,13:53:39,3.51,--,6674,2342574,买盘
515,13:53:32,3.51,--,110,38610,买盘
516,13:53:29,3.51,--,12,4212,买盘
517,13:53:14,3.51,--,232,81432,买盘
518,13:53:02,3.51,--,8517,2989467,买盘
519,13:52:59,3.51,--,272,95472,买盘
520,13:52:54,3.51,--,511,179361,买盘
521,13:52:44,3.51,--,26,9126,买盘
522,13:52:39,3.51,0.01,2,702,买盘
523,13:52:14,3.5,-0.01,1,350,卖盘
524,13:52:09,3.51,0.01,70,24570,买盘
525,13:51:44,3.5,-0.01,23,8050,卖盘
526,13:51:39,3.51,0.01,111,38961,买盘
527,13:51:27,3.5,-0.01,525,183750,卖盘
528,13:51:23,3.51,--,42,14742,买盘
529,13:51:13,3.51,--,27,9477,买盘
530,13:51:08,3.51,--,447,156897,买盘
531,13:50:58,3.51,--,37,12987,买盘
532,13:50:54,3.51,--,1,351,买盘
533,13:50:48,3.51,--,100,35100,买盘
534,13:50:39,3.51,--,150,52650,买盘
535,13:50:33,3.51,--,5,1755,买盘
536,13:50:29,3.51,--,457,160407,买盘
537,13:50:08,3.51,--,3,1053,买盘
538,13:49:53,3.51,--,28,9828,买盘
539,13:49:47,3.51,--,86,30185,买盘
540,13:49:38,3.51,0.01,26,9126,买盘
541,13:49:32,3.5,--,18,6300,卖盘
542,13:49:24,3.5,-0.01,243,85050,卖盘
543,13:49:18,3.51,--,9,3159,买盘
544,13:49:09,3.51,0.01,540,189540,买盘
545,13:49:03,3.5,--,50,17500,卖盘
546,13:48:56,3.5,-0.01,29,10150,卖盘
547,13:48:53,3.51,0.01,63,22113,买盘
548,13:48:48,3.5,-0.01,114,39900,卖盘
549,13:48:33,3.51,--,18,6318,买盘
550,13:48:23,3.51,0.01,129,45279,买盘
551,13:48:18,3.5,-0.01,195,68250,卖盘
552,13:48:08,3.51,--,15,5265,买盘
553,13:47:38,3.51,--,63,22113,买盘
554,13:47:32,3.51,--,178,62477,买盘
555,13:47:08,3.51,--,11,3860,买盘
556,13:47:02,3.51,0.01,24,8424,买盘
557,13:46:53,3.5,-0.01,6,2100,卖盘
558,13:46:48,3.51,--,5,1755,买盘
559,13:46:38,3.51,--,11,3860,买盘
560,13:46:33,3.51,--,1,351,买盘
561,13:46:27,3.51,--,1,351,买盘
562,13:46:23,3.51,--,2,702,买盘
563,13:46:18,3.51,--,20,7020,买盘
564,13:46:08,3.51,--,2,702,买盘
565,13:46:03,3.51,--,1,351,买盘
566,13:45:56,3.51,--,1,351,买盘
567,13:45:53,3.51,--,1,351,买盘
568,13:45:48,3.51,0.01,80,28080,买盘
569,13:45:38,3.5,-0.01,179,62650,卖盘
570,13:45:32,3.51,--,10,3510,买盘
571,13:45:27,3.51,--,2,702,买盘
572,13:45:22,3.51,0.01,24,8424,买盘
573,13:45:17,3.5,--,1,350,卖盘
574,13:45:11,3.5,-0.01,70,24500,卖盘
575,13:45:07,3.51,--,37,12987,买盘
576,13:44:57,3.51,--,6,2106,买盘
577,13:44:53,3.51,--,139,48789,买盘
578,13:44:38,3.51,--,93,32642,买盘
579,13:44:23,3.51,--,90,31589,买盘
580,13:44:16,3.51,--,1,351,买盘
581,13:44:11,3.51,0.01,253,88803,买盘
582,13:44:08,3.5,-0.01,10,3500,卖盘
583,13:44:03,3.51,--,1,351,买盘
584,13:43:57,3.51,--,2,702,买盘
585,13:43:53,3.51,--,2,702,买盘
586,13:43:48,3.51,--,28,9828,买盘
587,13:43:41,3.51,--,3,1053,买盘
588,13:43:37,3.51,--,1,351,买盘
589,13:43:27,3.51,--,14,4914,买盘
590,13:43:23,3.51,0.01,75,26325,买盘
591,13:43:18,3.5,--,1,350,卖盘
592,13:42:56,3.5,--,15,5250,卖盘
593,13:42:53,3.5,--,57,19950,卖盘
594,13:42:42,3.5,-0.01,3,1050,卖盘
595,13:42:38,3.51,--,7,2457,买盘
596,13:42:32,3.51,0.01,20,7020,买盘
597,13:42:27,3.5,-0.01,59,20650,卖盘
598,13:42:18,3.51,--,14,4914,买盘
599,13:42:03,3.51,0.01,36,12636,买盘
600,13:41:57,3.5,-0.01,107,37450,卖盘
601,13:41:51,3.51,--,1,351,买盘
602,13:41:27,3.51,--,110,38610,买盘
603,13:41:17,3.51,--,333,116883,买盘
604,13:41:06,3.51,--,13,4563,买盘
605,13:41:02,3.51,0.01,51,17901,买盘
606,13:40:58,3.5,--,5,1750,卖盘
607,13:40:51,3.5,--,3,1050,卖盘
608,13:40:47,3.5,--,38,13300,卖盘
609,13:40:41,3.5,-0.01,41,14350,卖盘
610,13:40:32,3.51,0.01,312,109512,买盘
611,13:40:27,3.5,-0.01,26,9100,卖盘
612,13:40:21,3.51,0.01,233,81783,买盘
613,13:40:17,3.5,--,204,71400,卖盘
614,13:40:02,3.5,-0.01,73,25550,卖盘
615,13:39:56,3.51,0.01,14,4914,买盘
616,13:39:51,3.5,--,38,13300,卖盘
617,13:39:47,3.5,--,10,3500,卖盘
618,13:39:42,3.5,--,13,4550,卖盘
619,13:39:32,3.5,-0.01,2,700,卖盘
620,13:39:27,3.51,--,8,2808,买盘
621,13:39:06,3.51,--,15,5265,买盘
622,13:39:02,3.51,0.01,6,2106,买盘
623,13:38:51,3.5,-0.01,34,11900,卖盘
624,13:38:47,3.51,0.01,14,4914,买盘
625,13:38:32,3.5,--,2,700,卖盘
626,13:38:17,3.5,--,34,11900,卖盘
627,13:38:11,3.5,--,18,6300,卖盘
628,13:38:06,3.5,--,29,10150,卖盘
629,13:38:02,3.5,-0.01,2,700,卖盘
630,13:37:36,3.51,0.01,14,4914,买盘
631,13:37:31,3.5,-0.01,2,700,卖盘
632,13:37:21,3.51,0.01,20,7020,买盘
633,13:37:17,3.5,--,1,350,卖盘
634,13:37:02,3.5,--,2,700,卖盘
635,13:36:51,3.5,--,8,2800,卖盘
636,13:36:35,3.5,--,30,10500,卖盘
637,13:36:32,3.5,-0.01,2,700,卖盘
638,13:36:27,3.51,0.01,14,4914,买盘
639,13:36:17,3.5,-0.01,1,350,卖盘
640,13:36:01,3.51,0.01,142,49842,买盘
641,13:35:57,3.5,-0.01,309,108150,卖盘
642,13:35:50,3.51,0.01,5,1755,买盘
643,13:35:47,3.5,-0.01,2,700,卖盘
644,13:35:27,3.51,--,30,10530,买盘
645,13:35:17,3.51,--,14,4914,买盘
646,13:35:12,3.51,0.01,2530,888030,买盘
647,13:35:00,3.5,--,80,28000,卖盘
648,13:34:57,3.5,-0.01,1440,504000,卖盘
649,13:34:41,3.51,0.01,57,20007,买盘
650,13:34:36,3.5,--,2,700,卖盘
651,13:34:15,3.5,--,18,6300,卖盘
652,13:34:12,3.5,--,18,6300,卖盘
653,13:34:05,3.5,-0.01,307,107450,卖盘
654,13:33:46,3.51,0.01,100,35100,买盘
655,13:33:36,3.5,-0.01,5,1750,卖盘
656,13:33:26,3.51,--,155,54405,买盘
657,13:33:11,3.51,0.01,17,5967,买盘
658,13:33:06,3.5,-0.01,20,7000,卖盘
659,13:32:57,3.51,--,13,4563,买盘
660,13:32:51,3.51,0.01,100,35100,买盘
661,13:32:45,3.5,-0.01,30,10500,卖盘
662,13:32:41,3.51,--,3,1053,买盘
663,13:32:36,3.51,0.01,118,41418,买盘
664,13:32:29,3.5,-0.01,25,8750,卖盘
665,13:32:26,3.51,--,111,38961,买盘
666,13:32:21,3.51,--,1,351,买盘
667,13:32:14,3.51,--,20,7020,买盘
668,13:32:06,3.51,--,222,77922,买盘
669,13:32:00,3.51,--,710,249209,买盘
670,13:31:51,3.51,--,65,22815,买盘
671,13:31:45,3.51,--,79,27729,买盘
672,13:31:30,3.51,--,1,351,买盘
673,13:31:26,3.51,--,1669,585969,卖盘
674,13:31:21,3.51,--,52,18252,卖盘
675,13:31:14,3.51,--,142,49842,卖盘
676,13:31:06,3.51,-0.01,113,39663,卖盘
677,13:30:59,3.52,0.01,141,49632,买盘
678,13:30:56,3.51,--,309,108659,买盘
679,13:30:51,3.51,--,272,95472,买盘
680,13:30:45,3.51,--,6014,2111064,卖盘
681,13:30:41,3.51,--,20,7020,卖盘
682,13:30:36,3.51,--,86,30185,卖盘
683,13:30:30,3.51,--,20,7020,卖盘
684,13:30:26,3.51,--,255,89505,卖盘
685,13:30:21,3.51,--,1,351,卖盘
686,13:30:14,3.51,--,580,203580,卖盘
687,13:30:06,3.51,--,91,31940,卖盘
688,13:30:00,3.51,--,200,70200,卖盘
689,13:29:56,3.51,--,193,67743,卖盘
690,13:29:36,3.51,--,44,15443,卖盘
691,13:29:30,3.51,--,5,1755,卖盘
692,13:29:26,3.51,--,34,11934,卖盘
693,13:29:21,3.51,--,117,41067,卖盘
694,13:29:14,3.51,--,1060,372060,卖盘
695,13:29:11,3.51,-0.01,10,3510,卖盘
696,13:29:05,3.52,0.01,874,307651,买盘
697,13:28:56,3.51,--,10,3510,卖盘
698,13:28:50,3.51,--,80,28080,卖盘
699,13:28:44,3.51,--,834,292734,卖盘
700,13:28:41,3.51,--,2197,771147,卖盘
701,13:28:35,3.51,--,8,2808,卖盘
702,13:28:26,3.51,--,79,27729,卖盘
703,13:28:15,3.51,-0.01,100,35100,卖盘
704,13:28:11,3.52,0.01,74,26048,买盘
705,13:28:05,3.51,--,3,1053,卖盘
706,13:28:00,3.51,--,30,10530,卖盘
707,13:27:56,3.51,-0.01,3,1053,卖盘
708,13:27:44,3.52,0.01,2,704,买盘
709,13:27:36,3.51,--,501,175851,卖盘
710,13:27:29,3.51,-0.01,100,35100,卖盘
711,13:27:05,3.52,0.01,15,5280,买盘
712,13:27:00,3.51,--,2000,702000,卖盘
713,13:26:51,3.51,--,52,18252,卖盘
714,13:26:44,3.51,--,1,351,卖盘
715,13:26:38,3.51,--,6,2106,卖盘
716,13:26:08,3.51,-0.01,300,105300,卖盘
717,13:25:51,3.52,--,15,5280,买盘
718,13:25:39,3.52,0.01,18,6336,买盘
719,13:25:29,3.51,--,2,702,卖盘
720,13:25:23,3.51,--,1,351,卖盘
721,13:25:21,3.51,-0.01,5,1755,卖盘
722,13:25:15,3.52,--,156,54912,买盘
723,13:25:05,3.52,--,1,352,买盘
724,13:24:50,3.52,--,20,7040,买盘
725,13:24:45,3.52,--,13,4576,买盘
726,13:24:38,3.52,0.01,66,23232,买盘
727,13:24:35,3.51,--,1,351,卖盘
728,13:23:50,3.51,-0.01,2,702,卖盘
729,13:23:45,3.52,0.01,4,1408,买盘
730,13:23:35,3.51,-0.01,340,119340,卖盘
731,13:23:29,3.52,--,14,4928,买盘
732,13:23:19,3.52,0.01,222,78144,买盘
733,13:23:14,3.51,--,15,5265,卖盘
734,13:23:08,3.51,--,10,3510,卖盘
735,13:23:00,3.51,-0.01,20,7020,卖盘
736,13:22:54,3.52,--,1,352,买盘
737,13:22:50,3.52,0.01,385,135520,买盘
738,13:22:35,3.51,--,124,43524,卖盘
739,13:22:30,3.51,-0.01,169,59319,卖盘
740,13:22:24,3.52,--,1,352,买盘
741,13:22:20,3.52,0.01,14,4928,买盘
742,13:22:14,3.51,-0.01,62,21762,卖盘
743,13:22:05,3.52,0.01,382,134464,买盘
744,13:21:50,3.51,--,101,35451,卖盘
745,13:21:35,3.51,-0.01,1,351,卖盘
746,13:21:30,3.52,0.01,382,134464,买盘
747,13:21:20,3.51,-0.01,150,52650,卖盘
748,13:21:14,3.52,--,14,4928,买盘
749,13:21:05,3.52,--,1,352,买盘
750,13:20:59,3.52,0.01,382,134464,买盘
751,13:20:50,3.51,--,5,1758,卖盘
752,13:20:35,3.51,--,700,245699,卖盘
753,13:20:29,3.51,-0.01,200,70200,卖盘
754,13:20:24,3.52,0.01,1,352,买盘
755,13:20:08,3.51,-0.01,9,3159,卖盘
756,13:20:00,3.52,0.01,14,4928,买盘
757,13:19:47,3.51,--,12,4212,卖盘
758,13:19:44,3.51,--,30,10530,卖盘
759,13:19:38,3.51,-0.01,1,351,卖盘
760,13:19:33,3.52,0.01,333,117216,买盘
761,13:19:23,3.51,-0.01,17,5967,卖盘
762,13:19:07,3.52,--,15,5280,买盘
763,13:18:59,3.52,--,200,70400,买盘
764,13:18:54,3.52,0.01,14,4928,买盘
765,13:18:24,3.51,-0.01,60,21060,卖盘
766,13:18:17,3.52,0.01,57,20064,买盘
767,13:18:14,3.51,-0.01,14,4914,卖盘
768,13:18:03,3.52,--,6,2112,买盘
769,13:17:38,3.52,0.01,14,4928,买盘
770,13:17:32,3.51,-0.01,2,702,卖盘
771,13:17:23,3.52,0.01,2,704,买盘
772,13:16:59,3.51,--,1,351,卖盘
773,13:16:44,3.51,--,1,351,卖盘
774,13:16:38,3.51,--,100,35100,卖盘
775,13:16:32,3.51,-0.01,34,11934,卖盘
776,13:16:29,3.52,0.01,13,4576,买盘
777,13:16:18,3.51,--,522,183222,卖盘
778,13:15:44,3.51,-0.01,448,157248,卖盘
779,13:15:18,3.52,0.01,14,4928,买盘
780,13:15:14,3.51,-0.01,116,40716,卖盘
781,13:15:09,3.52,0.01,382,134464,买盘
782,13:14:59,3.51,--,1,351,卖盘
783,13:14:48,3.51,--,5,1755,卖盘
784,13:14:44,3.51,-0.01,12,4212,卖盘
785,13:14:38,3.52,0.01,3,1056,买盘
786,13:14:29,3.51,--,1,351,卖盘
787,13:14:18,3.51,-0.01,9,3159,卖盘
788,13:14:14,3.52,--,447,157344,买盘
789,13:14:08,3.52,0.01,14,4928,买盘
790,13:14:03,3.51,--,7,2457,卖盘
791,13:13:54,3.51,--,38,13338,卖盘
792,13:13:48,3.51,--,11,3860,卖盘
793,13:13:32,3.51,--,3,1053,卖盘
794,13:13:17,3.51,--,19,6669,卖盘
795,13:13:03,3.51,-0.01,3,1053,卖盘
796,13:12:59,3.52,--,134,47168,买盘
797,13:12:53,3.52,0.01,25,8800,买盘
798,13:12:44,3.51,--,20,7020,卖盘
799,13:12:39,3.51,-0.01,7,2457,卖盘
800,13:12:32,3.52,0.01,53,18656,买盘
801,13:12:17,3.51,-0.01,5,1755,卖盘
802,13:12:14,3.52,0.01,11,3872,买盘
803,13:12:02,3.51,-0.01,3,1053,卖盘
804,13:11:48,3.52,0.01,127,44704,买盘
805,13:11:33,3.51,--,6,2106,卖盘
806,13:11:26,3.51,--,1,351,卖盘
807,13:11:23,3.51,-0.01,120,42120,卖盘
808,13:11:18,3.52,--,111,39072,买盘
809,13:11:03,3.52,0.01,12,4224,买盘
810,13:10:47,3.51,-0.01,500,175500,卖盘
811,13:10:38,3.52,0.01,14,4928,买盘
812,13:10:32,3.51,--,559,196209,卖盘
813,13:10:18,3.51,-0.01,103,36153,卖盘
814,13:10:11,3.52,0.01,3,1056,买盘
815,13:10:08,3.51,--,65,22815,卖盘
816,13:10:02,3.51,-0.01,2,702,卖盘
817,13:09:47,3.52,0.01,20,7040,买盘
818,13:09:41,3.51,--,34,11934,卖盘
819,13:09:32,3.51,-0.01,3,1053,卖盘
820,13:09:27,3.52,--,17,5984,买盘
821,13:09:17,3.52,--,2,704,买盘
822,13:09:08,3.52,0.01,3,1056,买盘
823,13:09:03,3.51,-0.01,3,1053,卖盘
824,13:08:41,3.52,0.01,1,352,买盘
825,13:08:32,3.51,-0.01,2,702,卖盘
826,13:08:22,3.52,--,111,39072,买盘
827,13:08:18,3.52,0.01,13,4576,买盘
828,13:08:02,3.51,--,24,8424,卖盘
829,13:07:56,3.51,-0.01,20,7020,卖盘
830,13:07:53,3.52,0.01,600,211200,买盘
831,13:07:32,3.51,--,62,21762,卖盘
832,13:07:22,3.51,-0.01,500,175500,卖盘
833,13:07:07,3.52,0.01,14,4928,买盘
834,13:07:02,3.51,--,16,5616,卖盘
835,13:06:56,3.51,-0.01,9,3159,卖盘
836,13:06:47,3.52,0.01,7,2464,买盘
837,13:06:41,3.51,--,3,1053,卖盘
838,13:06:37,3.51,--,1,351,卖盘
839,13:06:32,3.51,--,88,30887,卖盘
840,13:06:23,3.51,--,139,48789,卖盘
841,13:06:17,3.51,--,9,3159,卖盘
842,13:06:08,3.51,-0.01,3,1053,卖盘
843,13:05:56,3.52,0.01,18,6336,买盘
844,13:05:07,3.51,--,270,94770,卖盘
845,13:05:02,3.51,-0.01,1,351,卖盘
846,13:04:47,3.52,--,14,4928,买盘
847,13:03:35,3.52,0.01,14,4928,买盘
848,13:03:17,3.51,-0.01,1,351,卖盘
849,13:03:11,3.52,--,22,7744,买盘
850,13:02:50,3.52,0.01,555,195360,买盘
851,13:02:41,3.51,-0.01,129,45279,卖盘
852,13:02:26,3.52,0.01,14,4928,买盘
853,13:02:17,3.51,-0.01,15,5265,卖盘
854,13:02:11,3.52,0.01,555,195360,买盘
855,13:02:05,3.51,-0.01,2,702,卖盘
856,13:01:17,3.52,--,14,4928,买盘
857,13:00:57,3.52,--,111,39072,买盘
858,13:00:47,3.52,--,43,15136,买盘
859,13:00:41,3.52,--,223,78496,买盘
860,13:00:16,3.52,--,36,12672,买盘
861,13:00:05,3.52,0.01,3787,1333259,买盘
862,13:00:02,3.51,--,1293,453843,卖盘
863,11:30:00,3.51,--,0,0,卖盘
864,11:30:00,3.51,--,0,0,卖盘
865,11:29:57,3.51,-0.01,35,12285,卖盘
866,11:29:42,3.52,--,14,4928,买盘
867,11:29:22,3.52,--,698,245696,买盘
868,11:28:42,3.52,--,15,5280,买盘
869,11:28:31,3.52,0.01,14,4928,买盘
870,11:28:22,3.51,-0.01,7,2457,卖盘
871,11:28:16,3.52,0.01,222,78144,买盘
872,11:27:52,3.51,--,1,351,卖盘
873,11:27:37,3.51,-0.01,30,10530,卖盘
874,11:27:22,3.52,0.01,14,4928,买盘
875,11:27:12,3.51,-0.01,200,70200,卖盘
876,11:26:56,3.52,0.01,45,15840,买盘
877,11:26:52,3.51,--,1,351,卖盘
878,11:26:37,3.51,--,40,14040,卖盘
879,11:26:31,3.51,-0.01,10,3510,卖盘
880,11:26:12,3.52,0.01,14,4928,买盘
881,11:26:07,3.51,-0.01,5,1755,卖盘
882,11:25:52,3.52,0.01,1,352,买盘
883,11:25:46,3.51,--,1,351,卖盘
884,11:25:42,3.51,--,84,29484,卖盘
885,11:25:26,3.51,--,1,351,卖盘
886,11:25:22,3.51,--,170,59670,卖盘
887,11:25:16,3.51,-0.01,2,702,卖盘
888,11:25:10,3.52,--,34,11968,买盘
889,11:25:07,3.52,--,34,11968,买盘
890,11:25:01,3.52,--,48,16896,买盘
891,11:24:57,3.52,--,54,19008,买盘
892,11:24:52,3.52,--,34,11968,买盘
893,11:24:46,3.52,0.01,222,78144,买盘
894,11:24:22,3.51,-0.01,1,351,卖盘
895,11:24:16,3.52,0.01,1,352,买盘
896,11:24:12,3.51,-0.01,17,5967,卖盘
897,11:23:52,3.52,--,86,30272,买盘
898,11:23:46,3.52,--,13,4576,买盘
899,11:23:22,3.52,--,11,3872,买盘
900,11:23:16,3.52,0.01,20,7040,买盘
901,11:23:07,3.51,--,10,3510,卖盘
902,11:23:01,3.51,-0.01,374,131274,卖盘
903,11:22:52,3.52,--,555,195360,买盘
904,11:22:37,3.52,--,14,4928,买盘
905,11:22:32,3.52,--,560,197120,买盘
906,11:22:26,3.52,0.01,1,352,买盘
907,11:22:15,3.51,-0.01,10,3510,卖盘
908,11:22:07,3.52,0.01,333,117216,买盘
909,11:21:46,3.51,-0.01,41,14391,卖盘
910,11:21:27,3.52,--,114,40128,买盘
911,11:21:16,3.52,--,158,55616,买盘
912,11:21:12,3.52,--,335,117920,买盘
913,11:21:00,3.52,--,112,39424,买盘
914,11:20:54,3.52,--,111,39072,买盘
915,11:20:51,3.52,0.01,50,17600,买盘
916,11:20:45,3.51,--,1093,383643,卖盘
917,11:20:40,3.51,-0.01,2,702,卖盘
918,11:20:34,3.52,0.01,34,11968,买盘
919,11:20:31,3.51,-0.01,262,91962,卖盘
920,11:20:15,3.52,0.01,14,4928,买盘
921,11:20:11,3.51,--,60,21060,卖盘
922,11:19:55,3.51,--,20,7020,卖盘
923,11:19:31,3.51,--,2000,702000,卖盘
924,11:19:05,3.51,--,15,5265,卖盘
925,11:18:31,3.51,--,50,17550,卖盘
926,11:18:16,3.51,-0.01,508,178308,卖盘
927,11:18:06,3.52,--,22,7744,买盘
928,11:17:55,3.52,--,14,4928,买盘
929,11:17:30,3.52,0.01,555,195360,买盘
930,11:17:25,3.51,--,50,17550,卖盘
931,11:17:20,3.51,--,3,1053,卖盘
932,11:17:01,3.51,--,6,2106,卖盘
933,11:16:55,3.51,-0.01,5,2049,卖盘
934,11:16:40,3.52,0.01,14,4928,买盘
935,11:16:21,3.51,-0.01,32,11232,卖盘
936,11:15:55,3.52,0.01,447,157344,买盘
937,11:15:40,3.51,-0.01,120,42120,卖盘
938,11:15:36,3.52,--,555,195360,买盘
939,11:15:31,3.52,--,13,4576,买盘
940,11:15:25,3.52,0.01,152,53504,买盘
941,11:15:10,3.51,-0.01,301,105651,卖盘
942,11:14:19,3.52,0.01,323,113696,买盘
943,11:13:55,3.51,-0.01,5,1755,卖盘
944,11:13:49,3.52,--,2030,714560,买盘
945,11:13:40,3.52,--,328,115456,买盘
946,11:13:36,3.52,0.01,1000,352000,买盘
947,11:13:19,3.51,-0.01,11,3860,卖盘
948,11:13:10,3.52,0.01,14,4928,买盘
949,11:13:05,3.51,--,60,21060,卖盘
950,11:12:34,3.51,-0.01,575,201825,卖盘
951,11:12:25,3.52,--,140,49280,买盘
952,11:12:14,3.52,0.01,153,53856,买盘
953,11:12:10,3.51,--,6,2106,卖盘
954,11:12:04,3.51,-0.01,230,80730,卖盘
955,11:11:55,3.52,0.01,939,330528,买盘
956,11:11:49,3.51,--,1,351,卖盘
957,11:11:25,3.51,--,120,42120,卖盘
958,11:11:10,3.51,--,11,3860,卖盘
959,11:11:00,3.51,-0.01,3,1053,卖盘
960,11:10:49,3.52,0.01,14,4928,买盘
961,11:10:40,3.51,--,48,16848,卖盘
962,11:10:30,3.51,--,30,10530,卖盘
963,11:10:25,3.51,--,1,351,卖盘
964,11:10:04,3.51,--,87,30536,卖盘
965,11:09:48,3.51,-0.01,10,3510,卖盘
966,11:09:39,3.52,--,37,13024,买盘
967,11:09:35,3.52,0.01,14,4928,买盘
968,11:09:28,3.51,--,85,29835,卖盘
969,11:09:25,3.51,--,20,7020,卖盘
970,11:09:19,3.51,-0.01,25,8775,卖盘
971,11:09:10,3.52,0.01,300,105600,买盘
972,11:08:55,3.51,--,10,3510,卖盘
973,11:08:49,3.51,--,38,13338,卖盘
974,11:08:40,3.51,--,503,176553,卖盘
975,11:08:34,3.51,--,41,14391,卖盘
976,11:08:24,3.51,--,17,5967,卖盘
977,11:08:10,3.51,--,1845,647595,卖盘
978,11:08:04,3.51,-0.01,26,9126,卖盘
979,11:07:45,3.52,--,447,157344,买盘
980,11:07:34,3.52,--,2,704,买盘
981,11:07:14,3.52,--,22,7744,买盘
982,11:06:44,3.52,0.01,500,176000,买盘
983,11:06:34,3.51,--,103,36153,卖盘
984,11:06:19,3.51,--,182,63881,卖盘
985,11:06:15,3.51,-0.01,10,3510,卖盘
986,11:06:04,3.52,0.01,14,4928,买盘
987,11:05:58,3.51,-0.01,570,200070,卖盘
988,11:05:54,3.52,0.01,6,2112,买盘
989,11:05:49,3.51,-0.01,67,23517,卖盘
990,11:05:29,3.52,--,10,3520,买盘
991,11:05:22,3.52,--,153,53856,买盘
992,11:05:14,3.52,--,67,23584,买盘
993,11:04:49,3.52,--,14,4928,买盘
994,11:04:37,3.52,0.01,66,23232,买盘
995,11:04:34,3.51,--,5,1755,卖盘
996,11:04:28,3.51,--,300,105300,卖盘
997,11:04:09,3.51,-0.01,1,351,卖盘
998,11:04:03,3.52,--,111,39072,买盘
999,11:03:52,3.52,0.01,259,91168,买盘
1000,11:03:49,3.51,-0.01,1,351,卖盘
1001,11:03:43,3.52,--,14,4928,买盘
1002,11:03:28,3.52,0.01,66,23232,买盘
1003,11:03:08,3.51,--,1,351,卖盘
1004,11:02:43,3.51,--,1,351,卖盘
1005,11:02:28,3.51,--,134,47034,卖盘
1006,11:02:24,3.51,-0.01,1,351,卖盘
1007,11:02:19,3.52,0.01,50,17600,买盘
1008,11:02:08,3.51,-0.01,1,351,卖盘
1009,11:01:58,3.52,0.01,46,16192,买盘
1010,11:01:49,3.51,--,420,147420,卖盘
1011,11:01:18,3.51,-0.01,15,5265,卖盘
1012,11:00:49,3.52,--,34,11968,买盘
1013,11:00:34,3.52,--,41,14432,买盘
1014,11:00:28,3.52,--,14,4928,买盘
1015,11:00:19,3.52,--,270,95040,买盘
1016,11:00:14,3.52,0.01,174,61248,买盘
1017,11:00:09,3.51,-0.01,15,5265,卖盘
1018,11:00:04,3.52,--,1712,602624,买盘
1019,10:59:58,3.52,0.01,45,15840,买盘
1020,10:59:54,3.51,--,67,23517,卖盘
1021,10:59:49,3.51,--,30,10530,卖盘
1022,10:59:43,3.51,--,40,14040,卖盘
1023,10:59:34,3.51,-0.01,30,10530,卖盘
1024,10:59:28,3.52,--,5,1760,买盘
1025,10:59:19,3.52,0.01,1,352,买盘
1026,10:59:13,3.51,--,50,17550,卖盘
1027,10:59:09,3.51,--,29,10179,卖盘
1028,10:59:03,3.51,--,68,23868,卖盘
1029,10:58:58,3.51,--,15,5265,卖盘
1030,10:58:47,3.51,--,141,49491,卖盘
1031,10:58:42,3.51,--,42,14742,卖盘
1032,10:58:07,3.51,-0.01,1,351,卖盘
1033,10:57:52,3.52,--,447,157344,买盘
1034,10:57:48,3.52,0.01,45,15840,买盘
1035,10:57:42,3.51,--,1214,426114,卖盘
1036,10:57:22,3.51,-0.01,47,16497,卖盘
1037,10:57:17,3.52,0.01,153,53856,买盘
1038,10:57:07,3.51,-0.01,11,3860,卖盘
1039,10:56:57,3.52,--,220,77440,买盘
1040,10:56:52,3.52,--,41,14432,买盘
1041,10:56:33,3.52,--,14,4928,买盘
1042,10:56:27,3.52,--,447,157344,买盘
1043,10:56:23,3.52,0.01,97,34144,买盘
1044,10:56:12,3.51,--,40,14040,卖盘
1045,10:56:07,3.51,--,1,351,卖盘
1046,10:55:53,3.51,--,121,42471,卖盘
1047,10:55:31,3.51,--,2,702,卖盘
1048,10:55:27,3.51,-0.01,5,1755,卖盘
1049,10:55:22,3.52,--,14,4928,买盘
1050,10:55:16,3.52,0.01,65,22880,买盘
1051,10:55:07,3.51,--,2,702,卖盘
1052,10:54:48,3.51,-0.01,3,1053,卖盘
1053,10:54:41,3.52,--,66,23232,买盘
1054,10:54:28,3.52,0.01,1,352,买盘
1055,10:54:23,3.51,-0.01,50,17550,卖盘
1056,10:54:13,3.52,0.01,14,4928,买盘
1057,10:54:07,3.51,-0.01,67,23517,卖盘
1058,10:53:32,3.52,--,67,23584,买盘
1059,10:53:22,3.52,0.01,2,704,买盘
1060,10:53:06,3.51,-0.01,72,25272,卖盘
1061,10:52:58,3.52,0.01,453,159456,买盘
1062,10:52:53,3.51,--,4,1404,卖盘
1063,10:52:43,3.51,-0.01,504,176904,卖盘
1064,10:52:22,3.52,0.01,8,2816,买盘
1065,10:52:16,3.51,--,82,28782,卖盘
1066,10:52:07,3.51,-0.01,3,1053,卖盘
1067,10:51:53,3.52,0.01,14,4928,买盘
1068,10:51:33,3.51,-0.01,1,351,卖盘
1069,10:51:26,3.52,0.01,208,73216,买盘
1070,10:51:22,3.51,-0.01,140,49140,卖盘
1071,10:51:07,3.52,--,42,14784,买盘
1072,10:50:52,3.52,0.01,156,54912,买盘
1073,10:50:48,3.51,-0.01,75,26325,卖盘
1074,10:50:37,3.52,--,628,221056,买盘
1075,10:50:22,3.52,0.01,153,53856,买盘
1076,10:50:07,3.51,-0.01,1,351,卖盘
1077,10:50:01,3.52,0.01,209,73568,买盘
1078,10:49:52,3.51,-0.01,300,105300,卖盘
1079,10:49:30,3.52,--,15,5280,买盘
1080,10:49:26,3.52,0.01,15,5280,买盘
1081,10:49:22,3.51,--,2,702,卖盘
1082,10:49:06,3.51,--,1,351,卖盘
1083,10:48:46,3.51,-0.01,100,35100,卖盘
1084,10:48:32,3.52,0.01,52,18304,买盘
1085,10:48:27,3.51,--,400,140400,卖盘
1086,10:48:22,3.51,-0.01,99,34749,卖盘
1087,10:48:17,3.52,--,16,5632,买盘
1088,10:48:11,3.52,0.01,11,3872,买盘
1089,10:48:06,3.51,--,1,351,卖盘
1090,10:48:01,3.51,--,6,2106,卖盘
1091,10:47:46,3.51,-0.01,30,10530,卖盘
1092,10:47:22,3.52,0.01,6,2112,买盘
1093,10:47:07,3.51,--,141,49491,卖盘
1094,10:47:02,3.51,-0.01,58,20358,卖盘
1095,10:46:52,3.52,0.01,22,7744,买盘
1096,10:46:37,3.51,--,21,7371,卖盘
1097,10:46:27,3.51,-0.01,86,30185,卖盘
1098,10:46:16,3.52,--,1,352,买盘
1099,10:46:07,3.52,0.01,35,12320,买盘
1100,10:46:01,3.51,-0.01,86,30185,卖盘
1101,10:45:52,3.52,0.01,54,19008,买盘
1102,10:45:46,3.51,--,1,351,卖盘
1103,10:45:31,3.51,-0.01,8,2808,卖盘
1104,10:45:16,3.52,0.01,153,53856,买盘
1105,10:45:10,3.51,--,1,351,卖盘
1106,10:45:07,3.51,--,1,351,卖盘
1107,10:45:01,3.51,--,40,14040,卖盘
1108,10:44:56,3.51,-0.01,744,261143,卖盘
1109,10:44:52,3.52,--,1,352,买盘
1110,10:44:41,3.52,--,14,4928,买盘
1111,10:44:37,3.52,0.01,1,352,买盘
1112,10:44:32,3.51,--,2,702,卖盘
1113,10:44:10,3.51,-0.01,153,53703,卖盘
1114,10:43:51,3.52,0.01,3,1056,买盘
1115,10:43:41,3.51,--,4,1404,卖盘
1116,10:43:31,3.51,-0.01,154,54054,卖盘
1117,10:43:26,3.52,0.01,2,704,买盘
1118,10:43:12,3.51,-0.01,1,351,卖盘
1119,10:43:01,3.52,0.01,1,352,买盘
1120,10:42:56,3.51,-0.01,10,3510,卖盘
1121,10:42:45,3.52,--,4,1408,买盘
1122,10:42:41,3.52,--,50,17600,买盘
1123,10:42:20,3.52,--,24,8448,买盘
1124,10:42:16,3.52,0.01,157,55264,买盘
1125,10:42:12,3.51,--,21,7371,卖盘
1126,10:42:06,3.51,-0.01,2,702,卖盘
1127,10:41:51,3.52,0.01,543,191136,买盘
1128,10:41:41,3.51,-0.01,25,8775,卖盘
1129,10:41:35,3.52,--,284,99968,买盘
1130,10:41:20,3.52,0.01,104,36608,买盘
1131,10:41:16,3.51,-0.01,1,351,卖盘
1132,10:41:10,3.52,0.01,15,5280,买盘
1133,10:41:05,3.51,-0.01,138,48438,卖盘
1134,10:40:55,3.52,0.01,156,54912,买盘
1135,10:40:50,3.51,-0.01,1,351,卖盘
1136,10:40:45,3.52,0.01,51,17952,买盘
1137,10:40:41,3.51,--,1229,431379,卖盘
1138,10:40:31,3.51,-0.01,393,137943,卖盘
1139,10:40:26,3.52,0.01,30,10560,买盘
1140,10:40:21,3.51,--,51,17901,卖盘
1141,10:40:16,3.51,--,39,13689,卖盘
1142,10:40:11,3.51,-0.01,1,351,卖盘
1143,10:40:05,3.52,--,104,36608,买盘
1144,10:40:01,3.52,--,13,4576,买盘
1145,10:39:56,3.52,--,1,352,买盘
1146,10:39:46,3.52,0.01,20,7040,买盘
1147,10:39:30,3.51,-0.01,28,9828,卖盘
1148,10:39:24,3.52,0.01,2,704,买盘
1149,10:39:11,3.51,--,1,351,卖盘
1150,10:39:01,3.51,-0.01,500,175500,卖盘
1151,10:38:46,3.52,--,65,22880,买盘
1152,10:38:40,3.52,0.01,5,1760,买盘
1153,10:38:21,3.51,--,1,351,卖盘
1154,10:38:10,3.51,-0.01,1,351,卖盘
1155,10:38:01,3.52,0.01,84,29568,买盘
1156,10:37:56,3.51,-0.01,20,7020,卖盘
1157,10:37:40,3.52,--,12,4224,买盘
1158,10:37:35,3.52,--,14,4928,买盘
1159,10:37:31,3.52,--,22,7744,买盘
1160,10:37:25,3.52,0.01,36,12672,买盘
1161,10:36:59,3.51,-0.01,3,1053,卖盘
1162,10:36:50,3.52,--,10,3520,买盘
1163,10:36:25,3.52,--,1815,638925,买盘
1164,10:36:10,3.52,--,2,704,买盘
1165,10:35:44,3.52,0.01,82,28864,买盘
1166,10:35:40,3.51,--,637,223587,卖盘
1167,10:35:25,3.51,--,3,1053,卖盘
1168,10:35:20,3.51,-0.01,154,54054,卖盘
1169,10:35:14,3.52,0.01,14,4928,买盘
1170,10:35:10,3.51,-0.01,1,351,卖盘
1171,10:34:55,3.52,--,194,68288,买盘
1172,10:34:35,3.52,0.01,25,8800,买盘
1173,10:34:30,3.51,-0.01,8,2808,卖盘
1174,10:34:25,3.52,--,37,13024,买盘
1175,10:34:19,3.52,--,208,73216,买盘
1176,10:34:14,3.52,--,295,103840,买盘
1177,10:34:10,3.52,0.01,99,34848,买盘
1178,10:34:04,3.51,--,1218,427518,卖盘
1179,10:33:55,3.51,-0.01,632,221832,卖盘
1180,10:33:49,3.52,0.01,30,10560,买盘
1181,10:33:35,3.51,-0.01,1,351,卖盘
1182,10:33:28,3.52,--,66,23232,买盘
1183,10:33:19,3.52,0.01,171,60192,买盘
1184,10:33:10,3.51,-0.01,1,351,卖盘
1185,10:33:04,3.52,--,76,26752,买盘
1186,10:32:55,3.52,--,30,10560,买盘
1187,10:32:50,3.52,0.01,14,4928,买盘
1188,10:32:34,3.51,--,2,702,卖盘
1189,10:32:10,3.51,--,1,351,卖盘
1190,10:31:49,3.51,-0.01,1,351,卖盘
1191,10:31:40,3.52,--,43,15136,买盘
1192,10:31:24,3.52,0.01,50,17600,买盘
1193,10:31:10,3.51,-0.01,1,351,卖盘
1194,10:31:05,3.52,0.01,30,10560,买盘
1195,10:30:55,3.51,-0.01,17,5967,卖盘
1196,10:30:49,3.52,--,2,704,买盘
1197,10:30:44,3.52,--,5,1760,买盘
1198,10:30:40,3.52,--,27,9504,买盘
1199,10:30:30,3.52,--,14,4928,买盘
1200,10:30:19,3.52,--,20,7040,买盘
1201,10:30:14,3.52,0.01,30,10560,买盘
1202,10:30:10,3.51,-0.01,1,351,卖盘
1203,10:29:54,3.52,0.01,20,7040,买盘
1204,10:29:49,3.51,-0.01,288,101088,卖盘
1205,10:29:29,3.52,--,30,10560,买盘
1206,10:29:19,3.52,--,14,4928,买盘
1207,10:29:13,3.52,0.01,30,10560,买盘
1208,10:29:09,3.51,--,1,351,卖盘
1209,10:29:04,3.51,--,117,41067,卖盘
1210,10:28:53,3.51,--,620,217620,卖盘
1211,10:28:34,3.51,--,300,105300,卖盘
1212,10:28:19,3.51,-0.01,250,87750,卖盘
1213,10:28:14,3.52,0.01,115,40480,买盘
1214,10:28:08,3.51,--,15,5265,卖盘
1215,10:28:02,3.51,--,248,87048,卖盘
1216,10:27:59,3.51,--,381,133731,卖盘
1217,10:27:44,3.51,--,6,2106,卖盘
1218,10:27:28,3.51,--,99,34749,卖盘
1219,10:27:19,3.51,--,2,702,卖盘
1220,10:27:08,3.51,--,1,351,卖盘
1221,10:26:59,3.51,-0.01,219,76869,卖盘
1222,10:26:49,3.52,0.01,36,12672,买盘
1223,10:26:08,3.51,--,1,351,卖盘
1224,10:25:59,3.51,--,3,1053,卖盘
1225,10:25:49,3.51,-0.01,500,175500,卖盘
1226,10:25:44,3.52,0.01,14,4928,买盘
1227,10:25:38,3.51,-0.01,101,35770,卖盘
1228,10:25:34,3.52,--,30,10560,买盘
1229,10:25:28,3.52,0.01,156,54912,买盘
1230,10:25:22,3.51,--,37,12987,卖盘
1231,10:25:19,3.51,--,1,351,卖盘
1232,10:25:14,3.51,--,155,54405,卖盘
1233,10:25:08,3.51,--,1,351,卖盘
1234,10:25:04,3.51,--,2,702,卖盘
1235,10:24:58,3.51,-0.01,1,351,卖盘
1236,10:24:49,3.52,0.01,4,1408,买盘
1237,10:24:44,3.51,--,1,351,卖盘
1238,10:24:34,3.51,--,57,20007,卖盘
1239,10:24:19,3.51,--,1,351,卖盘
1240,10:24:14,3.51,-0.01,2,702,卖盘
1241,10:24:07,3.52,0.01,3,1056,买盘
1242,10:24:04,3.51,--,12,4212,卖盘
1243,10:23:58,3.51,--,1,351,卖盘
1244,10:23:49,3.51,--,1,351,卖盘
1245,10:23:38,3.51,--,1,351,卖盘
1246,10:23:28,3.51,-0.01,1,351,卖盘
1247,10:23:23,3.52,0.01,14,4928,买盘
1248,10:23:19,3.51,--,1,351,卖盘
1249,10:23:08,3.51,--,497,174447,卖盘
1250,10:23:04,3.51,--,4,1404,卖盘
1251,10:22:53,3.51,--,1,351,卖盘
1252,10:22:43,3.51,-0.01,1,351,卖盘
1253,10:22:34,3.52,0.01,4,1408,买盘
1254,10:22:23,3.51,-0.01,46,16145,卖盘
1255,10:22:12,3.52,0.01,68,23936,买盘
1256,10:22:08,3.51,--,2,702,卖盘
1257,10:21:58,3.51,--,43,15092,卖盘
1258,10:21:46,3.51,--,1,351,卖盘
1259,10:21:38,3.51,--,2,702,卖盘
1260,10:21:28,3.51,-0.01,1,351,卖盘
1261,10:21:23,3.52,0.01,36,12672,买盘
1262,10:21:12,3.51,--,2,702,卖盘
1263,10:21:08,3.51,-0.01,3,1053,卖盘
1264,10:20:58,3.52,0.01,20,7040,买盘
1265,10:20:52,3.51,--,1,351,卖盘
1266,10:20:43,3.51,--,1,351,卖盘
1267,10:20:31,3.51,--,1,351,卖盘
1268,10:20:28,3.51,--,680,238680,卖盘
1269,10:20:22,3.51,--,1,351,卖盘
1270,10:20:13,3.51,--,156,54756,卖盘
1271,10:20:07,3.51,--,2,702,卖盘
1272,10:19:58,3.51,-0.01,11,3860,卖盘
1273,10:19:52,3.52,0.01,14,4928,买盘
1274,10:19:48,3.51,--,1,351,卖盘
1275,10:19:43,3.51,-0.01,67,23517,卖盘
1276,10:19:37,3.52,0.01,19,6688,买盘
1277,10:19:22,3.51,--,1158,406458,卖盘
1278,10:19:13,3.51,--,1,351,卖盘
1279,10:19:07,3.51,--,1,351,卖盘
1280,10:19:02,3.51,--,20,7020,卖盘
1281,10:18:52,3.51,--,1,351,卖盘
1282,10:18:43,3.51,-0.01,87,30536,卖盘
1283,10:18:38,3.52,0.01,14,4928,买盘
1284,10:18:28,3.51,-0.01,1,351,卖盘
1285,10:18:22,3.52,0.01,13,4576,买盘
1286,10:18:13,3.51,--,55,19305,卖盘
1287,10:18:07,3.51,--,2,702,卖盘
1288,10:17:58,3.51,--,5,1755,卖盘
1289,10:17:43,3.51,--,1,351,卖盘
1290,10:17:37,3.51,-0.01,2,702,卖盘
1291,10:17:28,3.52,0.01,64,22528,买盘
1292,10:17:22,3.51,--,1,351,卖盘
1293,10:17:13,3.51,--,1,351,卖盘
1294,10:17:08,3.51,--,1,351,卖盘
1295,10:17:03,3.51,-0.01,2,702,卖盘
1296,10:16:58,3.52,0.01,245,86240,买盘
1297,10:16:52,3.51,--,1,351,卖盘
1298,10:16:43,3.51,--,1,351,卖盘
1299,10:16:38,3.51,--,37,12987,卖盘
1300,10:16:32,3.51,--,51,17901,卖盘
1301,10:16:28,3.51,-0.01,1,351,卖盘
1302,10:16:22,3.52,0.01,109,38368,买盘
1303,10:16:17,3.51,-0.01,80,28080,卖盘
1304,10:16:13,3.52,0.01,258,90816,买盘
1305,10:16:07,3.51,-0.01,1,351,卖盘
1306,10:16:01,3.52,--,130,45760,买盘
1307,10:15:58,3.52,--,319,112288,买盘
1308,10:15:51,3.52,0.01,101,35552,买盘
1309,10:15:48,3.51,--,2,702,卖盘
1310,10:15:42,3.51,--,2,702,卖盘
1311,10:15:37,3.51,--,36,12636,卖盘
1312,10:15:32,3.51,-0.01,346,121445,卖盘
1313,10:15:26,3.52,0.01,7,2464,买盘
1314,10:15:22,3.51,-0.01,375,131625,卖盘
1315,10:15:17,3.52,0.01,363,127776,买盘
1316,10:15:11,3.51,-0.01,1,351,卖盘
1317,10:15:07,3.52,0.01,49,17248,买盘
1318,10:15:01,3.51,--,453,159003,买盘
1319,10:14:55,3.51,--,15,5265,买盘
1320,10:14:52,3.51,--,11,3860,买盘
1321,10:14:46,3.51,0.01,264,92664,买盘
1322,10:14:37,3.5,--,36,12600,卖盘
1323,10:14:26,3.5,--,1,350,卖盘
1324,10:14:17,3.5,-0.01,401,140350,卖盘
1325,10:14:11,3.51,0.01,10,3510,买盘
1326,10:14:07,3.5,--,2,700,卖盘
1327,10:13:55,3.5,-0.01,3259,1140650,卖盘
1328,10:13:52,3.51,--,15,5265,卖盘
1329,10:13:47,3.51,--,1,351,卖盘
1330,10:13:37,3.51,--,102,35802,卖盘
1331,10:13:32,3.51,--,1,351,卖盘
1332,10:13:22,3.51,--,68,23868,卖盘
1333,10:13:11,3.51,--,1,351,卖盘
1334,10:13:07,3.51,--,30,10530,卖盘
1335,10:13:01,3.51,--,1,351,卖盘
1336,10:12:46,3.51,--,16,5616,卖盘
1337,10:12:37,3.51,--,291,102141,卖盘
1338,10:12:24,3.51,--,1,351,卖盘
1339,10:12:22,3.51,--,950,333450,卖盘
1340,10:12:17,3.51,--,81,28431,卖盘
1341,10:12:07,3.51,--,2,702,卖盘
1342,10:11:52,3.51,--,221,77571,卖盘
1343,10:11:40,3.51,-0.01,1,351,卖盘
1344,10:11:32,3.52,--,30,10560,买盘
1345,10:11:26,3.52,--,160,56320,买盘
1346,10:11:22,3.52,0.01,427,150304,买盘
1347,10:11:16,3.51,--,84,29484,卖盘
1348,10:11:11,3.51,--,20,7020,卖盘
1349,10:11:07,3.51,-0.01,198,69498,卖盘
1350,10:11:02,3.52,0.01,73,25696,买盘
1351,10:10:46,3.51,--,51,17901,卖盘
1352,10:10:35,3.51,-0.01,1,351,卖盘
1353,10:10:32,3.52,0.01,174,61248,买盘
1354,10:10:25,3.51,-0.01,1,351,卖盘
1355,10:10:22,3.52,--,14,4928,买盘
1356,10:10:16,3.52,0.01,785,276320,买盘
1357,10:10:11,3.51,--,20,7020,卖盘
1358,10:10:07,3.51,--,1,351,卖盘
1359,10:10:01,3.51,--,7,2457,买盘
1360,10:09:56,3.51,--,29,10179,卖盘
1361,10:09:51,3.51,-0.01,1,351,卖盘
1362,10:09:40,3.52,0.01,55,19360,买盘
1363,10:09:31,3.51,--,1,351,卖盘
1364,10:09:22,3.51,--,4,1404,卖盘
1365,10:09:11,3.51,0.01,340,119340,买盘
1366,10:09:07,3.5,--,53,18550,卖盘
1367,10:09:01,3.5,--,0,0,卖盘
1368,10:08:56,3.5,-0.01,47,16450,卖盘
1369,10:08:52,3.51,0.01,291,102141,买盘
1370,10:08:46,3.5,-0.01,4,1400,卖盘
1371,10:08:41,3.51,0.01,1,351,买盘
1372,10:08:35,3.5,-0.01,1,350,卖盘
1373,10:08:26,3.51,-0.01,15,5265,卖盘
1374,10:08:22,3.52,--,102,35904,买盘
1375,10:08:16,3.52,0.01,55,19360,买盘
1376,10:08:07,3.51,--,1,351,卖盘
1377,10:08:00,3.51,0.01,22,7721,买盘
1378,10:07:49,3.5,--,1,350,卖盘
1379,10:07:46,3.5,-0.01,1,350,卖盘
1380,10:07:40,3.51,--,3,1053,卖盘
1381,10:07:35,3.51,0.01,2,702,买盘
1382,10:07:31,3.5,-0.01,42,14700,卖盘
1383,10:07:26,3.51,0.01,6,2106,买盘
1384,10:07:16,3.5,-0.01,53,18550,卖盘
1385,10:07:10,3.51,--,2,702,卖盘
1386,10:06:56,3.51,-0.01,2,702,卖盘
1387,10:06:50,3.52,--,29,10208,买盘
1388,10:06:46,3.52,0.01,15,5280,买盘
1389,10:06:41,3.51,--,197,69147,买盘
1390,10:06:34,3.51,--,1001,351351,买盘
1391,10:06:26,3.51,--,61,21411,买盘
1392,10:06:16,3.51,--,87,30536,买盘
1393,10:06:10,3.51,--,51,17901,买盘
1394,10:06:01,3.51,--,100,35100,买盘
1395,10:05:41,3.51,--,3,1053,买盘
1396,10:05:34,3.51,0.01,14,4914,买盘
1397,10:05:31,3.5,--,18,6300,卖盘
1398,10:05:25,3.5,-0.01,2,700,卖盘
1399,10:05:20,3.51,--,31,10881,买盘
1400,10:05:10,3.51,0.01,20,7020,买盘
1401,10:04:56,3.5,-0.01,109,38150,卖盘
1402,10:04:49,3.51,--,130,45630,买盘
1403,10:04:46,3.51,--,164,57564,买盘
1404,10:04:40,3.51,0.01,135,47385,买盘
1405,10:04:31,3.5,-0.01,67,23450,卖盘
1406,10:04:26,3.51,--,116,40716,买盘
1407,10:04:16,3.51,--,178,62477,买盘
1408,10:04:11,3.51,--,1111,389961,买盘
1409,10:04:04,3.51,--,78,27378,买盘
1410,10:04:01,3.51,--,126,44226,买盘
1411,10:03:56,3.51,--,194,68094,买盘
1412,10:03:50,3.51,0.01,102,35802,买盘
1413,10:03:41,3.5,-0.01,311,108850,卖盘
1414,10:03:31,3.51,--,105,36855,买盘
1415,10:03:25,3.51,0.01,54,18954,买盘
1416,10:03:19,3.5,-0.01,3,1050,卖盘
1417,10:03:15,3.51,--,42,14742,买盘
1418,10:03:11,3.51,--,14,4914,买盘
1419,10:03:01,3.51,--,150,52650,买盘
1420,10:02:55,3.51,0.01,404,141804,买盘
1421,10:02:49,3.5,-0.01,16,5600,卖盘
1422,10:02:46,3.51,--,40,14040,买盘
1423,10:02:40,3.51,--,205,71955,买盘
1424,10:02:34,3.51,--,87,30536,买盘
1425,10:02:31,3.51,--,211,74061,买盘
1426,10:02:26,3.51,--,3,1053,买盘
1427,10:02:20,3.51,--,1100,386100,买盘
1428,10:02:16,3.51,--,60,21060,买盘
1429,10:02:11,3.51,0.01,200,70200,买盘
1430,10:02:01,3.5,-0.01,44,15400,卖盘
1431,10:01:55,3.51,0.01,2000,702000,买盘
1432,10:01:50,3.5,-0.01,203,71050,卖盘
1433,10:01:45,3.51,0.01,20,7020,买盘
1434,10:01:41,3.5,-0.01,161,56350,卖盘
1435,10:01:34,3.51,--,125,43875,买盘
1436,10:01:31,3.51,--,1,351,买盘
1437,10:01:26,3.51,--,2285,802035,买盘
1438,10:01:20,3.51,0.01,191,67041,买盘
1439,10:01:16,3.5,-0.01,11,3850,卖盘
1440,10:01:10,3.51,0.01,275,96525,买盘
1441,10:01:04,3.5,-0.01,201,70350,卖盘
1442,10:01:01,3.51,--,265,93015,买盘
1443,10:00:55,3.51,0.01,80,28080,买盘
1444,10:00:50,3.5,-0.01,3,1050,卖盘
1445,10:00:39,3.51,--,150,52650,买盘
1446,10:00:31,3.51,--,173,60722,买盘
1447,10:00:26,3.51,0.01,1173,411723,买盘
1448,10:00:20,3.5,-0.01,4,1400,卖盘
1449,10:00:14,3.51,--,383,134433,买盘
1450,10:00:10,3.51,--,4327,1518777,买盘
1451,10:00:05,3.51,--,305,107055,买盘
1452,09:59:58,3.51,--,1,351,买盘
1453,09:59:55,3.51,0.01,52,18252,买盘
1454,09:59:50,3.5,--,102,35700,卖盘
1455,09:59:44,3.5,-0.01,1,350,卖盘
1456,09:59:40,3.51,--,18,6318,买盘
1457,09:59:34,3.51,0.01,5,1755,买盘
1458,09:59:29,3.5,-0.01,1,350,卖盘
1459,09:59:25,3.51,--,78,27378,买盘
1460,09:59:20,3.51,--,56,19656,买盘
1461,09:59:10,3.51,0.01,8,2808,买盘
1462,09:58:59,3.5,--,11,3850,卖盘
1463,09:58:55,3.5,--,3,1050,卖盘
1464,09:58:49,3.5,-0.01,52,18200,卖盘
1465,09:58:29,3.51,0.01,30,10530,买盘
1466,09:58:20,3.5,-0.01,2,700,卖盘
1467,09:58:09,3.51,0.01,4,1404,买盘
1468,09:57:55,3.5,--,437,152950,卖盘
1469,09:57:50,3.5,--,303,106050,卖盘
1470,09:57:44,3.5,-0.01,70,24500,卖盘
1471,09:57:40,3.51,0.01,10,3510,买盘
1472,09:57:35,3.5,--,1,350,卖盘
1473,09:57:20,3.5,--,1016,355600,卖盘
1474,09:57:10,3.5,-0.01,1573,550781,卖盘
1475,09:57:04,3.51,0.01,113,39663,买盘
1476,09:56:58,3.5,-0.01,9,3150,卖盘
1477,09:56:55,3.51,0.01,10,3510,买盘
1478,09:56:50,3.5,--,54,18900,卖盘
1479,09:56:35,3.5,-0.01,6,2100,卖盘
1480,09:56:25,3.51,0.01,15,5265,买盘
1481,09:56:19,3.5,--,5,1750,卖盘
1482,09:56:14,3.5,-0.01,228,79800,卖盘
1483,09:56:10,3.51,--,206,72306,买盘
1484,09:56:05,3.51,--,100,35100,买盘
1485,09:55:54,3.51,--,100,35100,买盘
1486,09:55:40,3.51,--,19,6669,买盘
1487,09:55:35,3.51,--,9,3159,买盘
1488,09:55:29,3.51,--,203,71253,买盘
1489,09:55:25,3.51,--,154,54054,买盘
1490,09:55:20,3.51,--,77,27027,买盘
1491,09:55:14,3.51,--,1,351,买盘
1492,09:55:10,3.51,0.01,48,16848,买盘
1493,09:55:04,3.5,-0.01,4,1400,卖盘
1494,09:54:55,3.51,0.01,14,4914,买盘
1495,09:54:50,3.5,--,781,273350,卖盘
1496,09:54:35,3.5,-0.01,32,11200,卖盘
1497,09:54:29,3.51,--,3000,1053000,买盘
1498,09:54:25,3.51,--,116,40716,买盘
1499,09:54:19,3.51,--,278,97578,买盘
1500,09:54:14,3.51,--,102,35802,买盘
1501,09:54:10,3.51,0.01,1155,405405,买盘
1502,09:54:04,3.5,-0.01,302,105700,卖盘
1503,09:53:58,3.51,--,225,78975,买盘
1504,09:53:53,3.51,--,645,226395,买盘
1505,09:53:49,3.51,--,489,171639,买盘
1506,09:53:44,3.51,--,108,37908,买盘
1507,09:53:38,3.51,--,66,23166,买盘
1508,09:53:34,3.51,0.01,181,63530,买盘
1509,09:53:29,3.5,--,36,12600,卖盘
1510,09:52:59,3.5,--,3,1050,卖盘
1511,09:52:37,3.5,--,70,24500,卖盘
1512,09:52:35,3.5,--,73,25550,卖盘
1513,09:52:19,3.5,--,36,12600,卖盘
1514,09:52:13,3.5,--,14,4900,卖盘
1515,09:52:03,3.5,--,51,17850,卖盘
1516,09:51:49,3.5,--,30,10500,卖盘
1517,09:51:44,3.5,-0.01,6,2100,卖盘
1518,09:51:29,3.51,0.01,130,45630,买盘
1519,09:51:23,3.5,--,24,8400,卖盘
1520,09:51:14,3.5,--,181,63350,卖盘
1521,09:50:59,3.5,-0.01,16,5600,卖盘
1522,09:50:53,3.51,--,20,7020,买盘
1523,09:50:43,3.51,0.01,1,351,买盘
1524,09:50:33,3.5,--,530,185500,卖盘
1525,09:50:18,3.5,-0.01,50,17500,卖盘
1526,09:50:14,3.51,0.01,14,4914,买盘
1527,09:50:08,3.5,--,10,3500,卖盘
1528,09:50:04,3.5,-0.01,32,11200,卖盘
1529,09:49:58,3.51,--,10,3510,买盘
1530,09:49:52,3.51,0.01,1011,354861,买盘
1531,09:49:48,3.5,-0.01,237,82950,卖盘
1532,09:49:34,3.51,--,26,9126,买盘
1533,09:49:19,3.51,0.01,657,230607,买盘
1534,09:49:04,3.5,--,64,22400,卖盘
1535,09:48:59,3.5,-0.01,369,129150,卖盘
1536,09:48:49,3.51,0.01,3,1053,买盘
1537,09:48:43,3.5,--,100,35000,卖盘
1538,09:48:34,3.5,--,1,350,卖盘
1539,09:48:19,3.5,--,11,3850,卖盘
1540,09:48:13,3.5,-0.01,33,11550,卖盘
1541,09:48:04,3.51,0.01,50,17550,买盘
1542,09:47:59,3.5,-0.01,3,1050,卖盘
1543,09:47:53,3.51,--,5,1755,买盘
1544,09:47:49,3.51,--,73,25623,买盘
1545,09:47:38,3.51,0.01,100,35100,买盘
1546,09:47:29,3.5,-0.01,45,15750,卖盘
1547,09:47:23,3.51,0.01,10,3510,买盘
1548,09:47:19,3.5,-0.01,1,350,卖盘
1549,09:46:59,3.51,0.01,36,12636,买盘
1550,09:46:49,3.5,-0.01,1020,357000,卖盘
1551,09:46:38,3.51,0.01,13,4563,买盘
1552,09:46:13,3.5,--,40,14000,卖盘
1553,09:46:08,3.5,-0.01,1,350,卖盘
1554,09:45:53,3.51,--,16,5616,买盘
1555,09:45:37,3.51,--,2,702,买盘
1556,09:45:28,3.51,0.01,68,23868,买盘
1557,09:45:22,3.5,-0.01,80,28000,卖盘
1558,09:45:13,3.51,0.01,264,92664,买盘
1559,09:45:08,3.5,--,500,175000,卖盘
1560,09:44:58,3.5,--,2,700,卖盘
1561,09:44:53,3.5,--,15,5250,卖盘
1562,09:44:37,3.5,--,50,17500,卖盘
1563,09:44:28,3.5,-0.01,4557,1594950,卖盘
1564,09:44:17,3.51,--,14,4914,买盘
1565,09:44:13,3.51,--,231,81081,买盘
1566,09:44:06,3.51,0.01,340,119340,买盘
1567,09:43:58,3.5,-0.01,2,700,卖盘
1568,09:43:53,3.51,0.01,51,17901,买盘
1569,09:43:43,3.5,--,15,5250,卖盘
1570,09:43:37,3.5,-0.01,30,10500,卖盘
1571,09:43:28,3.51,0.01,65,22815,买盘
1572,09:43:23,3.5,--,1,350,卖盘
1573,09:43:16,3.5,-0.01,92,32200,卖盘
1574,09:43:07,3.51,0.01,14,4914,买盘
1575,09:42:58,3.5,--,250,87500,卖盘
1576,09:42:52,3.5,--,44,15400,卖盘
1577,09:42:42,3.5,--,71,24850,卖盘
1578,09:42:37,3.5,--,1,350,卖盘
1579,09:42:23,3.5,-0.01,420,147308,卖盘
1580,09:42:12,3.51,0.01,433,151983,买盘
1581,09:42:08,3.5,-0.01,251,87850,卖盘
1582,09:41:52,3.51,0.01,256,89856,买盘
1583,09:41:47,3.5,-0.01,41,14350,卖盘
1584,09:41:43,3.51,--,1,351,买盘
1585,09:41:38,3.51,--,20,7020,买盘
1586,09:41:27,3.51,0.01,3,1053,买盘
1587,09:41:22,3.5,--,59,20650,卖盘
1588,09:41:17,3.5,--,25,8750,卖盘
1589,09:41:08,3.5,--,33,11550,卖盘
1590,09:41:01,3.5,--,2,700,卖盘
1591,09:40:52,3.5,-0.01,33,11550,卖盘
1592,09:40:43,3.51,--,14,4914,买盘
1593,09:40:38,3.51,0.01,110,38610,买盘
1594,09:40:16,3.5,-0.01,50,17500,卖盘
1595,09:40:07,3.51,0.01,50,17550,买盘
1596,09:40:02,3.5,--,10,3500,卖盘
1597,09:39:52,3.5,--,848,297132,卖盘
1598,09:39:46,3.5,-0.01,27,9450,卖盘
1599,09:39:32,3.51,--,14,4914,买盘
1600,09:39:26,3.51,0.01,72,25272,买盘
1601,09:39:22,3.5,--,1,350,卖盘
1602,09:39:17,3.5,-0.01,2,700,卖盘
1603,09:39:07,3.51,--,84,29484,买盘
1604,09:39:02,3.51,--,1,351,买盘
1605,09:38:51,3.51,0.01,711,249560,买盘
1606,09:38:37,3.5,--,18,6300,卖盘
1607,09:38:22,3.5,--,2469,864150,买盘
1608,09:38:17,3.5,--,513,179550,买盘
1609,09:38:11,3.5,0.01,8,2800,买盘
1610,09:38:07,3.49,-0.01,218,76082,卖盘
1611,09:38:02,3.5,--,229,80150,买盘
1612,09:37:56,3.5,--,29,10150,买盘
1613,09:37:52,3.5,--,1,350,买盘
1614,09:37:47,3.5,--,186,65100,买盘
1615,09:37:37,3.5,0.01,98,34300,买盘
1616,09:37:32,3.49,-0.01,50,17450,卖盘
1617,09:37:26,3.5,--,64,22400,买盘
1618,09:37:22,3.5,--,200,70000,买盘
1619,09:37:16,3.5,--,489,171150,买盘
1620,09:37:11,3.5,--,50,17500,买盘
1621,09:37:07,3.5,--,170,59500,买盘
1622,09:37:01,3.5,0.01,264,92400,买盘
1623,09:36:56,3.49,-0.01,81,28269,卖盘
1624,09:36:52,3.5,--,16,5600,买盘
1625,09:36:47,3.5,--,56,19600,买盘
1626,09:36:36,3.5,--,54,18900,买盘
1627,09:36:32,3.5,0.01,36,12600,买盘
1628,09:36:26,3.49,-0.01,1,349,卖盘
1629,09:36:22,3.5,0.01,48,16800,买盘
1630,09:36:17,3.49,--,408,142392,卖盘
1631,09:36:11,3.49,-0.01,3,1047,卖盘
1632,09:36:07,3.5,--,55,19250,买盘
1633,09:36:02,3.5,0.01,68,23800,买盘
1634,09:35:52,3.49,--,60,20940,卖盘
1635,09:35:46,3.49,--,60,20940,卖盘
1636,09:35:40,3.49,-0.01,205,71545,卖盘
1637,09:35:36,3.5,--,8,2800,买盘
1638,09:35:21,3.5,--,545,190750,买盘
1639,09:35:16,3.5,--,87,30450,买盘
1640,09:35:07,3.5,0.01,12,4200,买盘
1641,09:35:02,3.49,-0.01,105,36645,卖盘
1642,09:34:56,3.5,--,100,35000,买盘
1643,09:34:51,3.5,--,50,17500,买盘
1644,09:34:46,3.5,--,21,7350,买盘
1645,09:34:41,3.5,--,5,1750,买盘
1646,09:34:32,3.5,--,100,35000,买盘
1647,09:34:25,3.5,--,20,7000,买盘
1648,09:34:22,3.5,0.01,20,7000,买盘
1649,09:34:17,3.49,--,7,2443,卖盘
1650,09:34:07,3.49,--,1,349,卖盘
1651,09:34:01,3.49,-0.01,100,34900,卖盘
1652,09:33:56,3.5,--,7,2450,买盘
1653,09:33:52,3.5,0.01,3,1050,买盘
1654,09:33:46,3.49,-0.01,2,698,卖盘
1655,09:33:37,3.5,0.01,17,5950,买盘
1656,09:33:31,3.49,--,10,3490,卖盘
1657,09:33:25,3.49,--,10,3490,卖盘
1658,09:33:22,3.49,-0.01,1,349,卖盘
1659,09:33:16,3.5,--,10,3500,买盘
1660,09:33:06,3.5,--,48,16800,买盘
1661,09:32:55,3.5,--,10,3500,买盘
1662,09:32:46,3.5,--,20,7000,买盘
1663,09:32:41,3.5,0.01,5,1750,买盘
1664,09:32:34,3.49,-0.01,37,12913,卖盘
1665,09:32:30,3.5,--,8,2800,买盘
1666,09:32:25,3.5,--,144,50400,买盘
1667,09:32:11,3.5,0.01,50,17500,买盘
1668,09:32:01,3.49,-0.01,865,301885,卖盘
1669,09:31:55,3.5,--,11,3850,买盘
1670,09:31:50,3.5,--,87,30450,买盘
1671,09:31:39,3.5,--,56,19600,买盘
1672,09:31:31,3.5,--,1619,566650,买盘
1673,09:31:25,3.5,0.01,32,11200,买盘
1674,09:31:20,3.49,-0.01,104,36296,卖盘
1675,09:31:16,3.5,--,213,74550,买盘
1676,09:31:10,3.5,0.01,270,94500,买盘
1677,09:31:01,3.49,--,1108,386692,卖盘
1678,09:30:56,3.49,-0.01,24,8376,卖盘
1679,09:30:41,3.5,--,852,298200,买盘
1680,09:30:34,3.5,--,50,17500,买盘
1681,09:30:31,3.5,--,21,7350,买盘
1682,09:30:16,3.5,--,104,36400,买盘
1683,09:30:10,3.5,0.01,25,8750,买盘
1684,09:30:05,3.49,--,2852,995348,卖盘
1685,09:30:01,3.49,-0.01,251,87599,卖盘
1686,09:28:43,3.5,--,0,0,买盘
1687,09:25:03,3.5,3.5,4536,1587600,买盘
