,time,price,change,volume,amount,type
0,15:00:00,9.94,--,0,0,卖盘
1,15:00:00,9.94,--,0,0,卖盘
2,14:59:59,9.94,--,100,99400,卖盘
3,14:59:54,9.94,--,238,236572,卖盘
4,14:59:39,9.94,-0.01,10,9940,卖盘
5,14:59:34,9.95,--,29,28854,买盘
6,14:59:29,9.95,0.02,278,276610,买盘
7,14:59:24,9.93,--,30,29790,卖盘
8,14:59:19,9.93,-0.01,20,19860,卖盘
9,14:59:09,9.94,--,543,539742,买盘
10,14:58:59,9.94,0.01,262,260428,买盘
11,14:58:54,9.93,--,14,13902,卖盘
12,14:58:44,9.93,--,1,1747,卖盘
13,14:58:38,9.93,-0.01,7,6951,卖盘
14,14:58:34,9.94,0.01,1,994,买盘
15,14:58:24,9.93,-0.01,94,93342,卖盘
16,14:58:19,9.94,--,49,48706,卖盘
17,14:58:14,9.94,--,24,23856,卖盘
18,14:58:09,9.94,--,24,23856,卖盘
19,14:58:04,9.94,--,23,22862,卖盘
20,14:57:59,9.94,--,10,9940,卖盘
21,14:57:53,9.94,--,84,83496,卖盘
22,14:57:49,9.94,--,22,21868,卖盘
23,14:57:44,9.94,0.01,1072,1065568,买盘
24,14:57:39,9.93,--,30,29790,卖盘
25,14:57:34,9.93,--,1,993,卖盘
26,14:57:24,9.93,-0.01,38,37734,卖盘
27,14:57:19,9.94,0.01,1,994,买盘
28,14:57:09,9.93,--,11,10923,卖盘
29,14:57:04,9.93,--,105,104265,卖盘
30,14:56:54,9.93,-0.01,45,44714,卖盘
31,14:56:49,9.94,--,200,198800,买盘
32,14:56:43,9.94,--,9,8946,买盘
33,14:56:39,9.94,0.02,1,994,买盘
34,14:56:18,9.92,--,0,0,卖盘
35,14:56:14,9.92,--,9,8928,卖盘
36,14:56:09,9.92,-0.02,488,484096,卖盘
37,14:56:02,9.94,0.01,35,34790,买盘
38,14:55:54,9.93,--,2,1986,卖盘
39,14:55:48,9.93,--,3,2979,卖盘
40,14:55:38,9.93,--,503,499479,卖盘
41,14:55:28,9.93,--,100,99300,卖盘
42,14:55:24,9.93,--,2,1986,卖盘
43,14:55:18,9.93,--,7,6951,卖盘
44,14:55:08,9.93,-0.01,528,524304,卖盘
45,14:55:02,9.94,0.01,22,21868,买盘
46,14:54:48,9.93,-0.01,52,51636,卖盘
47,14:54:38,9.94,0.01,25,24850,买盘
48,14:54:32,9.93,--,36,35748,卖盘
49,14:54:28,9.93,-0.01,20,19860,卖盘
50,14:54:23,9.94,0.01,209,207746,买盘
51,14:54:17,9.93,--,3,2979,卖盘
52,14:53:53,9.93,--,67,66531,卖盘
53,14:53:48,9.93,--,10,9930,卖盘
54,14:53:38,9.93,-0.01,402,399186,卖盘
55,14:53:33,9.94,--,40,39760,买盘
56,14:53:08,9.94,--,10,9940,买盘
57,14:53:03,9.94,0.01,68,67989,买盘
58,14:52:58,9.93,--,11,10923,卖盘
59,14:52:53,9.93,-0.01,6,6424,卖盘
60,14:52:48,9.94,0.01,5,4970,买盘
61,14:52:38,9.93,--,10,9930,卖盘
62,14:52:28,9.93,-0.01,22,21846,卖盘
63,14:52:23,9.94,0.01,31,30814,买盘
64,14:52:18,9.93,--,50,49650,卖盘
65,14:52:13,9.93,-0.01,65,64545,卖盘
66,14:52:08,9.94,0.01,1,994,买盘
67,14:52:03,9.93,--,30,29790,卖盘
68,14:51:53,9.93,0.01,14,13902,买盘
69,14:51:48,9.92,-0.02,31,30752,卖盘
70,14:51:43,9.94,0.02,1,994,买盘
71,14:51:28,9.92,-0.02,12,11904,卖盘
72,14:51:18,9.94,0.01,10,9940,买盘
73,14:51:03,9.93,--,7,6951,买盘
74,14:50:58,9.93,--,20,19860,卖盘
75,14:50:43,9.93,0.01,35,34755,买盘
76,14:50:38,9.92,-0.01,10,9920,卖盘
77,14:50:33,9.93,--,12,11916,买盘
78,14:50:28,9.93,--,26,25818,买盘
79,14:50:18,9.93,0.01,10,9930,买盘
80,14:50:13,9.92,--,89,88288,卖盘
81,14:50:03,9.92,-0.01,50,49600,卖盘
82,14:49:56,9.93,0.01,19,18867,买盘
83,14:49:52,9.92,--,10,9920,卖盘
84,14:49:48,9.92,-0.02,2,1984,卖盘
85,14:49:42,9.94,--,0,0,买盘
86,14:49:33,9.94,0.01,58,57652,买盘
87,14:49:26,9.93,--,18,17874,买盘
88,14:49:22,9.93,--,26,25818,买盘
89,14:49:12,9.93,--,7,7546,卖盘
90,14:49:07,9.93,--,86,85795,卖盘
91,14:49:03,9.93,--,23,22839,买盘
92,14:48:57,9.93,--,61,60662,买盘
93,14:48:42,9.93,--,44,44675,卖盘
94,14:48:32,9.93,--,211,209523,卖盘
95,14:48:27,9.93,--,38,37734,卖盘
96,14:48:02,9.93,-0.01,14,13902,卖盘
97,14:47:57,9.94,--,39,38766,买盘
98,14:47:42,9.94,0.01,20,19880,买盘
99,14:47:37,9.93,-0.01,31,30783,卖盘
100,14:47:26,9.94,0.01,31,30814,买盘
101,14:47:17,9.93,--,5,4965,卖盘
102,14:47:07,9.93,--,85,85040,卖盘
103,14:47:02,9.93,--,20,19860,卖盘
104,14:46:56,9.93,--,2,1986,卖盘
105,14:46:52,9.93,--,85,84772,买盘
106,14:46:42,9.93,-0.01,1,993,卖盘
107,14:46:37,9.94,0.02,12,11928,买盘
108,14:46:32,9.92,--,2,1984,卖盘
109,14:46:27,9.92,-0.01,18,18401,卖盘
110,14:46:17,9.93,-0.01,78,77454,卖盘
111,14:46:12,9.94,--,6,5964,买盘
112,14:46:07,9.94,--,11,10934,买盘
113,14:46:02,9.94,0.01,35,35058,买盘
114,14:45:57,9.93,0.01,19,18867,买盘
115,14:45:47,9.92,-0.02,60,60174,卖盘
116,14:45:32,9.94,--,33,32802,买盘
117,14:45:27,9.94,--,21,20874,买盘
118,14:45:17,9.94,0.01,9,8946,买盘
119,14:45:12,9.93,--,103,102279,卖盘
120,14:45:07,9.93,--,10,9930,卖盘
121,14:44:57,9.93,-0.01,28,27804,卖盘
122,14:44:52,9.94,--,1,994,买盘
123,14:44:47,9.94,--,6,5964,买盘
124,14:44:37,9.94,0.01,30,29820,买盘
125,14:44:31,9.93,-0.01,3,2979,卖盘
126,14:44:26,9.94,--,18,17892,买盘
127,14:44:22,9.94,0.01,81,80514,买盘
128,14:44:17,9.93,--,20,19860,卖盘
129,14:44:07,9.93,--,201,199593,卖盘
130,14:44:01,9.93,-0.01,2,1986,卖盘
131,14:43:56,9.94,--,66,65792,买盘
132,14:43:52,9.94,--,25,24850,买盘
133,14:43:42,9.94,0.01,28,27832,买盘
134,14:43:37,9.93,--,96,95834,卖盘
135,14:43:31,9.93,-0.01,85,84812,卖盘
136,14:43:27,9.94,0.01,26,25844,买盘
137,14:43:12,9.93,-0.01,19,18867,卖盘
138,14:43:06,9.94,--,1,994,买盘
139,14:42:56,9.94,--,30,29820,买盘
140,14:42:51,9.94,0.01,24,23856,买盘
141,14:42:46,9.93,--,4,3972,卖盘
142,14:42:42,9.93,--,30,29790,卖盘
143,14:42:36,9.93,--,8,7944,卖盘
144,14:42:26,9.93,--,78,77454,卖盘
145,14:42:21,9.93,-0.01,19,19820,卖盘
146,14:42:16,9.94,0.01,23,22862,买盘
147,14:42:06,9.93,-0.01,12,11916,卖盘
148,14:42:01,9.94,0.01,2,1988,买盘
149,14:41:56,9.93,-0.01,41,40713,卖盘
150,14:41:51,9.94,--,2,1988,买盘
151,14:41:41,9.94,--,5,4970,买盘
152,14:41:36,9.94,--,12,11928,买盘
153,14:41:26,9.94,0.01,18,17892,买盘
154,14:41:20,9.93,--,12,11916,卖盘
155,14:41:16,9.93,--,28,27804,卖盘
156,14:41:05,9.93,-0.01,14,13902,卖盘
157,14:40:56,9.94,0.01,19,18886,买盘
158,14:40:41,9.93,-0.01,4,3972,卖盘
159,14:40:36,9.94,--,8,7952,买盘
160,14:40:26,9.94,0.01,18,17892,买盘
161,14:40:21,9.93,--,56,55608,卖盘
162,14:40:16,9.93,--,15,14895,卖盘
163,14:40:11,9.93,--,4,3972,卖盘
164,14:40:06,9.93,--,5,4965,卖盘
165,14:39:56,9.93,--,124,123132,卖盘
166,14:39:41,9.93,--,20,19860,卖盘
167,14:39:31,9.93,--,4,3972,卖盘
168,14:39:26,9.93,-0.01,29,28797,卖盘
169,14:39:16,9.94,--,21,20874,买盘
170,14:39:06,9.94,--,6,5964,买盘
171,14:38:56,9.94,0.01,19,18886,买盘
172,14:38:46,9.93,--,40,39988,卖盘
173,14:38:40,9.93,--,10,9930,卖盘
174,14:38:36,9.93,-0.02,9,8937,卖盘
175,14:38:26,9.95,0.01,18,17910,买盘
176,14:38:16,9.94,--,8,7952,卖盘
177,14:38:01,9.94,0.01,5,4970,买盘
178,14:37:55,9.93,-0.01,10,9930,卖盘
179,14:37:51,9.94,--,30,29820,买盘
180,14:37:46,9.94,0.01,7,6958,中性盘
181,14:37:36,9.93,-0.02,2,1986,卖盘
182,14:37:31,9.95,0.01,18,17910,买盘
183,14:37:20,9.94,-0.01,35,34790,卖盘
184,14:37:16,9.95,--,41,40795,买盘
185,14:37:10,9.95,0.01,51,50745,买盘
186,14:37:06,9.94,-0.01,11,10934,卖盘
187,14:37:01,9.95,--,68,67660,买盘
188,14:36:55,9.95,--,49,48755,买盘
189,14:36:41,9.95,0.01,95,94525,买盘
190,14:36:36,9.94,--,18,17892,买盘
191,14:36:31,9.94,0.01,92,91448,买盘
192,14:36:26,9.93,--,11,10923,卖盘
193,14:36:20,9.93,-0.01,82,81426,卖盘
194,14:36:15,9.94,--,49,48706,买盘
195,14:36:10,9.94,--,46,45724,买盘
196,14:36:05,9.94,--,55,54670,买盘
197,14:35:59,9.94,--,138,137172,买盘
198,14:35:55,9.94,--,20,19880,买盘
199,14:35:50,9.94,--,80,79520,买盘
200,14:35:29,9.94,--,23,22862,买盘
201,14:35:25,9.94,0.02,49,48706,买盘
202,14:35:20,9.92,-0.01,11,10912,卖盘
203,14:35:14,9.93,--,64,63552,卖盘
204,14:35:05,9.93,--,52,52311,买盘
205,14:35:00,9.93,0.01,19,18867,买盘
206,14:34:40,9.92,-0.01,20,19840,卖盘
207,14:34:35,9.93,--,28,27804,买盘
208,14:34:29,9.93,0.01,151,150260,买盘
209,14:34:25,9.92,--,21,20832,卖盘
210,14:34:14,9.92,--,6,5952,卖盘
211,14:34:05,9.92,--,2,2291,卖盘
212,14:33:59,9.92,--,120,119129,卖盘
213,14:33:55,9.92,0.01,46,45632,买盘
214,14:33:50,9.91,--,2,1982,卖盘
215,14:33:35,9.91,-0.01,1,1080,卖盘
216,14:33:29,9.92,--,10,9920,买盘
217,14:33:25,9.92,0.01,18,17856,买盘
218,14:33:20,9.91,-0.02,90,89408,卖盘
219,14:33:05,9.93,--,1,1310,卖盘
220,14:32:59,9.93,--,12,11916,卖盘
221,14:32:55,9.93,0.01,5,5640,买盘
222,14:32:40,9.92,-0.01,115,114853,卖盘
223,14:32:35,9.93,0.01,14,13902,买盘
224,14:32:29,9.92,-0.01,5,4960,卖盘
225,14:32:25,9.93,0.01,18,17874,买盘
226,14:32:15,9.92,-0.02,577,572701,卖盘
227,14:32:10,9.94,0.01,15,14910,买盘
228,14:31:59,9.93,-0.01,21,20853,卖盘
229,14:31:55,9.94,0.01,19,18886,买盘
230,14:31:40,9.93,--,159,158443,卖盘
231,14:31:29,9.93,-0.01,30,29790,卖盘
232,14:31:25,9.94,0.01,18,17892,买盘
233,14:31:19,9.93,--,11,10923,卖盘
234,14:31:10,9.93,-0.01,3,2979,卖盘
235,14:30:55,9.94,0.01,19,18886,买盘
236,14:30:44,9.93,--,2,1986,卖盘
237,14:30:40,9.93,--,2,1986,卖盘
238,14:30:34,9.93,--,14,13902,卖盘
239,14:30:29,9.93,-0.01,10,9930,卖盘
240,14:30:25,9.94,0.01,38,38109,买盘
241,14:30:20,9.93,--,3,2979,卖盘
242,14:30:04,9.93,-0.01,1,993,卖盘
243,14:30:00,9.94,0.01,19,18886,买盘
244,14:29:54,9.93,-0.01,121,120361,卖盘
245,14:29:39,9.94,0.01,1,994,买盘
246,14:29:35,9.93,-0.01,2,1986,卖盘
247,14:29:29,9.94,--,22,21868,买盘
248,14:29:24,9.94,0.01,2,1988,买盘
249,14:29:09,9.93,--,2,1986,卖盘
250,14:29:05,9.93,-0.01,1,993,卖盘
251,14:28:59,9.94,0.01,19,18886,买盘
252,14:28:44,9.93,--,4,3972,卖盘
253,14:28:39,9.93,--,8,7944,卖盘
254,14:28:34,9.93,--,1,993,卖盘
255,14:28:29,9.93,--,20,19860,卖盘
256,14:28:04,9.93,-0.02,1,993,卖盘
257,14:27:59,9.95,--,19,18905,买盘
258,14:27:54,9.95,0.01,1,994,买盘
259,14:27:49,9.94,--,2,1988,卖盘
260,14:27:44,9.94,--,11,10934,卖盘
261,14:27:34,9.94,--,1,994,卖盘
262,14:27:29,9.94,-0.01,10,9940,卖盘
263,14:27:24,9.95,0.01,18,17910,买盘
264,14:27:14,9.94,--,7,6958,卖盘
265,14:27:09,9.94,--,6,5964,卖盘
266,14:27:04,9.94,--,1,994,卖盘
267,14:26:59,9.94,--,2,1988,卖盘
268,14:26:53,9.94,0.01,13,12922,买盘
269,14:26:44,9.93,--,0,0,卖盘
270,14:26:34,9.93,-0.02,2,1986,卖盘
271,14:26:29,9.95,0.01,20,19900,买盘
272,14:26:24,9.94,0.01,24,23856,买盘
273,14:26:19,9.93,--,0,0,卖盘
274,14:26:14,9.93,--,14,13902,卖盘
275,14:26:09,9.93,--,0,0,卖盘
276,14:26:04,9.93,--,1,993,卖盘
277,14:25:59,9.93,-0.01,703,698079,卖盘
278,14:25:53,9.94,--,136,135740,买盘
279,14:25:38,9.94,0.01,50,49700,买盘
280,14:25:34,9.93,-0.01,444,440892,卖盘
281,14:25:24,9.94,0.01,18,17892,买盘
282,14:25:04,9.93,-0.01,21,20853,卖盘
283,14:24:53,9.94,0.01,21,20874,买盘
284,14:24:39,9.93,--,50,49650,卖盘
285,14:24:34,9.93,--,5,4965,卖盘
286,14:24:28,9.93,-0.01,2,1986,卖盘
287,14:24:23,9.94,0.01,18,17892,买盘
288,14:24:13,9.93,-0.01,48,47664,卖盘
289,14:24:08,9.94,0.01,25,24850,买盘
290,14:24:04,9.93,-0.01,4,3972,卖盘
291,14:23:58,9.94,--,446,443324,买盘
292,14:23:54,9.94,--,19,18886,买盘
293,14:23:49,9.94,--,100,99400,买盘
294,14:23:34,9.94,--,121,120274,买盘
295,14:23:29,9.94,0.01,18,17892,买盘
296,14:23:23,9.93,-0.01,4,3972,卖盘
297,14:23:19,9.94,0.01,34,33796,买盘
298,14:23:09,9.93,--,11,10923,卖盘
299,14:23:04,9.93,-0.01,21,20862,中性盘
300,14:22:58,9.94,0.02,19,18886,买盘
301,14:22:53,9.92,-0.02,28,27776,卖盘
302,14:22:49,9.94,0.01,135,134478,买盘
303,14:22:39,9.93,-0.01,50,49650,卖盘
304,14:22:34,9.94,0.01,2,1988,买盘
305,14:22:29,9.93,-0.01,29,28797,卖盘
306,14:22:23,9.94,--,1,994,买盘
307,14:22:18,9.94,0.01,20,19880,买盘
308,14:22:08,9.93,--,10,9930,卖盘
309,14:22:04,9.93,--,1,993,卖盘
310,14:21:58,9.93,--,23,22839,卖盘
311,14:21:53,9.93,--,1,993,卖盘
312,14:21:34,9.93,--,6,5958,卖盘
313,14:21:28,9.93,-0.01,18,18370,卖盘
314,14:21:23,9.94,0.01,18,17892,买盘
315,14:21:18,9.93,--,2,1986,卖盘
316,14:21:08,9.93,-0.01,7,6951,卖盘
317,14:21:04,9.94,--,9,8946,买盘
318,14:20:53,9.94,--,19,18886,买盘
319,14:20:48,9.94,--,45,44730,买盘
320,14:20:43,9.94,0.01,14,13916,买盘
321,14:20:38,9.93,--,399,396207,卖盘
322,14:20:33,9.93,--,18,17874,卖盘
323,14:20:28,9.93,-0.01,17,16881,卖盘
324,14:20:23,9.94,0.01,39,38766,买盘
325,14:20:18,9.93,-0.01,106,105258,卖盘
326,14:20:03,9.94,0.01,123,122262,买盘
327,14:19:58,9.93,-0.01,2,1986,卖盘
328,14:19:53,9.94,--,21,20874,买盘
329,14:19:48,9.94,--,4,3976,买盘
330,14:19:38,9.94,0.01,1,994,买盘
331,14:19:33,9.93,-0.01,6,5958,卖盘
332,14:19:28,9.94,--,1,994,买盘
333,14:19:23,9.94,0.01,70,69580,买盘
334,14:19:13,9.93,--,10,9930,卖盘
335,14:19:02,9.93,--,504,500660,买盘
336,14:18:58,9.93,--,19,18867,买盘
337,14:18:47,9.93,--,211,209523,买盘
338,14:18:28,9.93,0.01,18,17874,买盘
339,14:18:22,9.92,--,9,8928,卖盘
340,14:18:17,9.92,-0.01,25,24800,卖盘
341,14:18:07,9.93,--,18,17874,买盘
342,14:18:02,9.93,--,2,1986,买盘
343,14:17:57,9.93,0.01,19,18867,买盘
344,14:17:52,9.92,--,2,1984,卖盘
345,14:17:43,9.92,-0.01,7,6944,卖盘
346,14:17:32,9.93,--,0,0,买盘
347,14:17:27,9.93,0.01,140,139020,买盘
348,14:17:22,9.92,--,100,99398,卖盘
349,14:17:17,9.92,-0.01,10,10713,卖盘
350,14:16:58,9.93,0.01,19,18867,买盘
351,14:16:42,9.92,-0.01,3,2976,卖盘
352,14:16:37,9.93,--,1,993,买盘
353,14:16:27,9.93,0.01,18,17874,买盘
354,14:16:18,9.92,-0.01,2,1984,卖盘
355,14:15:57,9.93,0.01,19,18867,买盘
356,14:15:47,9.92,-0.01,2,1984,卖盘
357,14:15:27,9.93,--,18,17874,买盘
358,14:15:22,9.93,0.01,10,9930,买盘
359,14:15:17,9.92,-0.01,2,1984,卖盘
360,14:15:07,9.93,0.01,2,1986,买盘
361,14:15:02,9.92,--,25,24800,卖盘
362,14:14:52,9.92,--,2,1984,卖盘
363,14:14:47,9.92,--,77,76384,买盘
364,14:14:27,9.92,--,38,37696,买盘
365,14:14:12,9.92,--,20,19840,买盘
366,14:13:57,9.92,0.01,23,22816,买盘
367,14:13:47,9.91,-0.01,3,2973,卖盘
368,14:13:32,9.92,--,51,50592,买盘
369,14:13:27,9.92,--,56,55552,买盘
370,14:13:17,9.92,--,103,102176,买盘
371,14:12:56,9.92,0.01,42,41664,买盘
372,14:12:52,9.91,-0.01,3,2973,卖盘
373,14:12:47,9.92,--,10,9920,买盘
374,14:12:26,9.92,0.01,66,65472,买盘
375,14:12:22,9.91,-0.01,2,1982,卖盘
376,14:12:17,9.92,--,10,9920,买盘
377,14:12:06,9.92,--,3,2976,买盘
378,14:11:56,9.92,0.01,111,110112,买盘
379,14:11:51,9.91,-0.01,2,1982,卖盘
380,14:11:37,9.92,--,59,58528,买盘
381,14:11:25,9.92,0.01,18,17856,买盘
382,14:11:22,9.91,-0.01,3,2973,卖盘
383,14:10:56,9.92,0.01,19,18848,买盘
384,14:10:46,9.91,--,5,4955,卖盘
385,14:10:42,9.91,-0.01,40,39640,卖盘
386,14:10:37,9.92,--,1,992,买盘
387,14:10:27,9.92,0.01,18,17856,买盘
388,14:10:01,9.91,-0.01,2,1982,卖盘
389,14:09:56,9.92,--,19,18848,买盘
390,14:09:26,9.92,0.01,18,17856,买盘
391,14:09:16,9.91,-0.01,3,2973,卖盘
392,14:09:06,9.92,--,22,21824,买盘
393,14:08:57,9.92,--,19,18848,买盘
394,14:08:41,9.92,-0.01,270,267840,卖盘
395,14:08:26,9.93,--,18,17874,买盘
396,14:08:06,9.93,--,10,9930,买盘
397,14:07:56,9.93,0.01,23,22839,买盘
398,14:07:46,9.92,-0.01,10,9920,卖盘
399,14:07:41,9.93,--,9,8937,买盘
400,14:07:36,9.93,--,1,993,买盘
401,14:07:26,9.93,0.01,20,19860,买盘
402,14:07:21,9.92,--,2,1984,卖盘
403,14:07:16,9.92,-0.01,65,64480,卖盘
404,14:06:56,9.93,--,19,18867,买盘
405,14:06:51,9.93,--,10,9930,买盘
406,14:06:41,9.93,--,1,993,买盘
407,14:06:26,9.93,0.01,18,17874,买盘
408,14:06:21,9.92,-0.01,3,2976,卖盘
409,14:06:11,9.93,--,28,27804,买盘
410,14:06:06,9.93,--,2,1986,买盘
411,14:05:56,9.93,0.01,19,18867,买盘
412,14:05:50,9.92,-0.01,2,1984,卖盘
413,14:05:36,9.93,0.01,40,39720,买盘
414,14:05:31,9.92,--,10,9920,卖盘
415,14:05:26,9.92,--,20,19840,卖盘
416,14:05:21,9.92,--,1,992,卖盘
417,14:05:01,9.92,-0.01,2,1984,卖盘
418,14:04:56,9.93,--,59,58587,买盘
419,14:04:35,9.93,--,31,30783,买盘
420,14:04:31,9.93,--,18,17874,买盘
421,14:04:01,9.93,--,19,18867,买盘
422,14:03:36,9.93,--,1,993,买盘
423,14:03:31,9.93,--,18,17874,买盘
424,14:03:05,9.93,--,122,121146,买盘
425,14:03:01,9.93,--,19,18867,买盘
426,14:02:50,9.93,--,121,120153,买盘
427,14:02:31,9.93,--,18,17874,买盘
428,14:02:25,9.93,0.01,20,19860,买盘
429,14:02:21,9.92,-0.01,102,101184,卖盘
430,14:01:55,9.93,0.01,120,119160,买盘
431,14:01:50,9.92,-0.01,19,18848,卖盘
432,14:01:35,9.93,--,1,993,买盘
433,14:01:25,9.93,0.01,18,17874,买盘
434,14:01:15,9.92,--,2,1984,卖盘
435,14:01:09,9.92,-0.01,50,49600,卖盘
436,14:01:05,9.93,--,56,55608,买盘
437,14:00:55,9.93,0.01,20,19860,买盘
438,14:00:35,9.92,-0.01,3,2976,卖盘
439,14:00:25,9.93,0.01,18,17874,买盘
440,14:00:15,9.92,--,307,304544,买盘
441,14:00:05,9.92,--,2,1984,买盘
442,14:00:00,9.92,--,20,19840,买盘
443,13:59:55,9.92,--,19,18848,买盘
444,13:59:34,9.92,--,90,89280,买盘
445,13:59:29,9.92,-0.01,200,198400,卖盘
446,13:59:20,9.93,--,196,194628,买盘
447,13:59:14,9.93,--,18,17874,买盘
448,13:59:05,9.93,--,17,16881,买盘
449,13:59:00,9.93,--,19,18867,买盘
450,13:58:35,9.93,0.02,87,86391,买盘
451,13:58:30,9.91,--,0,0,卖盘
452,13:58:15,9.91,-0.01,2,1982,卖盘
453,13:58:05,9.92,--,592,587264,卖盘
454,13:58:00,9.92,--,119,118048,卖盘
455,13:57:55,9.92,--,181,179552,卖盘
456,13:57:50,9.92,--,2,1984,卖盘
457,13:57:35,9.92,--,5,4960,卖盘
458,13:57:30,9.92,0.01,302,299584,买盘
459,13:57:25,9.91,-0.01,37,36667,卖盘
460,13:57:04,9.92,--,2,1984,买盘
461,13:56:59,9.92,--,223,221216,买盘
462,13:56:29,9.92,0.01,18,17856,买盘
463,13:56:09,9.91,--,2,1982,卖盘
464,13:55:59,9.91,-0.01,21,20811,卖盘
465,13:55:40,9.92,--,1,992,买盘
466,13:55:34,9.92,--,6,5952,卖盘
467,13:55:30,9.92,0.01,12,11904,买盘
468,13:55:19,9.91,-0.01,3,2973,卖盘
469,13:55:14,9.92,--,8,7936,卖盘
470,13:54:59,9.92,--,21,20832,卖盘
471,13:54:54,9.92,-0.01,2,1984,卖盘
472,13:54:48,9.93,0.01,1,993,买盘
473,13:54:30,9.92,--,66,65472,买盘
474,13:54:24,9.92,--,156,154752,买盘
475,13:54:09,9.92,0.01,100,99200,买盘
476,13:53:59,9.91,--,8,7928,买盘
477,13:53:54,9.91,0.01,2,1982,买盘
478,13:53:49,9.9,--,0,0,卖盘
479,13:53:29,9.9,-0.01,38,37620,卖盘
480,13:53:09,9.91,-0.01,3,2973,卖盘
481,13:52:59,9.92,--,19,18848,买盘
482,13:52:44,9.92,0.01,6,5952,买盘
483,13:52:39,9.91,-0.01,4,3964,卖盘
484,13:52:29,9.92,0.01,18,17856,买盘
485,13:52:24,9.91,--,16,15856,卖盘
486,13:52:14,9.91,--,2,1982,卖盘
487,13:52:09,9.91,-0.01,3,2973,卖盘
488,13:51:59,9.92,0.01,19,18848,买盘
489,13:51:49,9.91,-0.01,2,1982,卖盘
490,13:51:44,9.92,--,40,39680,买盘
491,13:51:29,9.92,0.01,18,17856,买盘
492,13:51:09,9.91,-0.01,24,23784,卖盘
493,13:51:04,9.92,0.02,2,1984,买盘
494,13:50:58,9.9,-0.01,24,23760,卖盘
495,13:50:48,9.91,--,19,18829,卖盘
496,13:50:39,9.91,-0.01,29,28739,卖盘
497,13:50:29,9.92,0.01,18,17856,买盘
498,13:50:04,9.91,-0.01,12,11892,卖盘
499,13:49:58,9.92,--,19,18848,买盘
500,13:49:49,9.92,0.01,28,27776,买盘
501,13:49:43,9.91,--,3,2973,卖盘
502,13:49:39,9.91,-0.01,8,7928,卖盘
503,13:49:33,9.92,--,1,992,买盘
504,13:49:28,9.92,--,18,17856,买盘
505,13:48:58,9.92,--,19,18848,买盘
506,13:48:49,9.92,0.01,28,27776,买盘
507,13:48:43,9.91,--,2,1982,卖盘
508,13:48:38,9.91,0.01,54,53514,买盘
509,13:48:33,9.9,-0.01,2,1980,卖盘
510,13:48:28,9.91,-0.01,18,17838,买盘
511,13:48:18,9.92,--,0,0,买盘
512,13:48:08,9.92,--,2,1984,买盘
513,13:47:58,9.92,0.02,19,18848,买盘
514,13:47:49,9.9,--,68,67320,卖盘
515,13:47:28,9.9,--,0,0,卖盘
516,13:47:03,9.9,-0.02,24,23760,卖盘
517,13:46:58,9.92,0.01,19,18848,买盘
518,13:46:53,9.91,--,3,2973,卖盘
519,13:46:27,9.91,0.01,1,991,买盘
520,13:46:23,9.9,-0.01,50,49500,卖盘
521,13:46:18,9.91,0.01,1,991,买盘
522,13:46:03,9.9,-0.01,2,1980,卖盘
523,13:45:57,9.91,--,19,18829,买盘
524,13:45:48,9.91,--,10,9910,买盘
525,13:45:38,9.91,--,12,11892,买盘
526,13:45:27,9.91,--,18,17838,买盘
527,13:45:08,9.91,--,2,1982,买盘
528,13:44:58,9.91,0.01,19,18829,买盘
529,13:44:53,9.9,--,43,42570,卖盘
530,13:44:48,9.9,-0.01,5,4950,卖盘
531,13:44:38,9.91,--,4,3964,买盘
532,13:44:33,9.91,--,78,77298,买盘
533,13:44:28,9.91,--,18,17838,买盘
534,13:44:03,9.91,--,1,991,买盘
535,13:43:57,9.91,--,22,21802,买盘
536,13:43:53,9.91,--,5,4955,买盘
537,13:43:48,9.91,--,2,1982,买盘
538,13:43:43,9.91,--,4,3964,买盘
539,13:43:38,9.91,--,7,6937,买盘
540,13:43:33,9.91,--,3,2973,买盘
541,13:43:28,9.91,0.01,18,17838,买盘
542,13:43:18,9.9,-0.01,10,9900,卖盘
543,13:42:58,9.91,0.01,19,18829,买盘
544,13:42:38,9.9,-0.01,264,261558,卖盘
545,13:42:28,9.91,--,18,17838,买盘
546,13:42:18,9.91,--,17,16847,卖盘
547,13:42:07,9.91,--,2,1982,卖盘
548,13:41:58,9.91,--,2,1982,买盘
549,13:41:48,9.91,--,8,7928,卖盘
550,13:41:33,9.91,-0.01,2,1982,卖盘
551,13:41:28,9.92,0.01,18,17856,买盘
552,13:41:18,9.91,--,9,8919,卖盘
553,13:41:06,9.91,--,15,14865,卖盘
554,13:41:03,9.91,-0.01,10,9910,卖盘
555,13:40:58,9.92,0.01,19,18848,买盘
556,13:40:47,9.91,-0.01,2,1982,卖盘
557,13:40:33,9.92,--,1,992,买盘
558,13:40:27,9.92,0.01,124,123008,买盘
559,13:40:21,9.91,--,2,1982,买盘
560,13:40:17,9.91,-0.01,2,1982,买盘
561,13:40:02,9.92,--,0,0,买盘
562,13:39:57,9.92,0.02,21,20832,买盘
563,13:39:47,9.9,-0.01,15,14850,卖盘
564,13:39:32,9.91,-0.01,2,1982,卖盘
565,13:39:27,9.92,0.02,5,4960,买盘
566,13:39:07,9.9,-0.02,19,18810,卖盘
567,13:39:02,9.92,0.01,2,1984,买盘
568,13:38:57,9.91,--,23,22793,卖盘
569,13:38:42,9.91,-0.01,2,1982,卖盘
570,13:38:37,9.92,--,1,992,买盘
571,13:38:32,9.92,--,1,992,买盘
572,13:38:27,9.92,0.01,18,17856,买盘
573,13:38:17,9.91,--,6,5946,卖盘
574,13:38:12,9.91,--,6,5946,卖盘
575,13:38:06,9.91,-0.01,6,5946,卖盘
576,13:37:57,9.92,0.01,19,18848,买盘
577,13:37:47,9.91,-0.01,3,2973,卖盘
578,13:37:37,9.92,0.01,1,992,买盘
579,13:37:32,9.91,-0.01,20,19820,卖盘
580,13:37:27,9.92,0.01,18,17856,买盘
581,13:37:21,9.91,--,2,1982,卖盘
582,13:37:17,9.91,-0.01,5,4955,卖盘
583,13:36:57,9.92,--,22,21824,买盘
584,13:36:47,9.92,--,36,35712,卖盘
585,13:36:27,9.92,-0.01,21,20832,卖盘
586,13:36:06,9.93,0.01,2,1986,买盘
587,13:36:01,9.92,-0.01,2,1984,卖盘
588,13:35:57,9.93,0.01,19,18867,买盘
589,13:35:51,9.92,--,17,16864,卖盘
590,13:35:36,9.92,-0.01,62,61504,买盘
591,13:35:27,9.93,--,0,0,买盘
592,13:35:17,9.93,--,0,0,买盘
593,13:35:12,9.93,0.01,861,854973,买盘
594,13:35:07,9.92,--,0,0,买盘
595,13:34:57,9.92,--,19,18848,买盘
596,13:34:37,9.92,--,3,2976,买盘
597,13:34:26,9.92,0.01,21,20832,买盘
598,13:34:12,9.91,--,12,11892,卖盘
599,13:34:06,9.91,--,6,5946,卖盘
600,13:33:56,9.91,--,20,19820,卖盘
601,13:33:37,9.91,-0.01,1,991,卖盘
602,13:33:27,9.92,0.02,18,17856,买盘
603,13:33:16,9.9,--,0,0,卖盘
604,13:33:11,9.9,-0.02,15,14850,卖盘
605,13:33:06,9.92,--,2,1984,买盘
606,13:32:57,9.92,0.01,19,18848,买盘
607,13:32:42,9.91,--,10,9910,卖盘
608,13:32:36,9.91,--,1,1189,买盘
609,13:32:30,9.91,--,14,14666,卖盘
610,13:32:26,9.91,--,83,82451,买盘
611,13:32:16,9.91,--,60,59460,买盘
612,13:32:06,9.91,--,49,48559,买盘
613,13:31:56,9.91,--,19,18829,买盘
614,13:31:41,9.91,--,9,8919,买盘
615,13:31:36,9.91,--,1,991,买盘
616,13:31:26,9.91,0.01,18,17838,买盘
617,13:31:21,9.9,-0.02,10,9900,卖盘
618,13:31:06,9.92,--,0,0,买盘
619,13:31:00,9.92,0.01,120,119040,买盘
620,13:30:56,9.91,0.01,37,36667,买盘
621,13:30:51,9.9,--,5,4950,卖盘
622,13:30:46,9.9,--,33,32670,卖盘
623,13:30:36,9.9,-0.01,10,9900,卖盘
624,13:30:26,9.91,0.01,18,17838,买盘
625,13:30:21,9.9,--,2,1980,卖盘
626,13:30:16,9.9,--,2,1980,卖盘
627,13:30:06,9.9,-0.01,5,4950,卖盘
628,13:29:56,9.91,0.01,19,18829,买盘
629,13:29:51,9.9,-0.01,2,1980,卖盘
630,13:29:26,9.91,--,18,17838,买盘
631,13:29:01,9.91,--,3,2973,买盘
632,13:28:56,9.91,--,337,334888,卖盘
633,13:28:41,9.91,-0.01,3,2973,卖盘
634,13:28:36,9.92,0.01,1,992,买盘
635,13:28:26,9.91,-0.01,79,78289,卖盘
636,13:27:56,9.92,0.01,19,18848,买盘
637,13:27:51,9.91,--,1,991,卖盘
638,13:27:45,9.91,-0.01,3,2973,卖盘
639,13:27:31,9.92,0.01,18,17856,买盘
640,13:27:06,9.91,-0.01,14,13874,卖盘
641,13:27:00,9.92,0.01,20,19840,买盘
642,13:26:51,9.91,--,19,18829,卖盘
643,13:26:35,9.91,--,10,9910,卖盘
644,13:26:30,9.91,--,20,19820,卖盘
645,13:26:00,9.91,-0.01,21,20811,卖盘
646,13:25:35,9.92,--,1,992,买盘
647,13:25:31,9.92,0.01,34,33728,买盘
648,13:25:21,9.91,--,77,76307,卖盘
649,13:25:09,9.91,-0.01,1,991,卖盘
650,13:25:05,9.92,0.01,1,992,买盘
651,13:25:00,9.91,-0.01,21,20811,卖盘
652,13:24:30,9.92,--,18,17856,买盘
653,13:24:06,9.92,--,102,101184,买盘
654,13:24:00,9.92,--,110,109120,买盘
655,13:23:30,9.92,--,18,17856,买盘
656,13:23:20,9.92,--,120,119040,买盘
657,13:23:00,9.92,--,19,18848,买盘
658,13:22:50,9.92,--,119,118048,买盘
659,13:22:35,9.92,--,1,992,买盘
660,13:22:30,9.92,0.01,18,17856,买盘
661,13:22:14,9.91,-0.01,20,19820,卖盘
662,13:22:05,9.92,--,109,108128,买盘
663,13:22:00,9.92,0.01,19,18848,买盘
664,13:21:45,9.91,-0.01,20,19820,卖盘
665,13:21:30,9.92,--,127,125984,买盘
666,13:21:05,9.92,0.01,2,1984,买盘
667,13:20:59,9.91,--,111,110001,卖盘
668,13:20:50,9.91,--,338,335027,买盘
669,13:20:30,9.91,0.01,18,17838,买盘
670,13:20:20,9.9,--,3,2970,卖盘
671,13:20:00,9.9,--,22,21780,卖盘
672,13:19:55,9.9,-0.01,12,11880,卖盘
673,13:19:40,9.91,0.01,1,991,买盘
674,13:19:30,9.9,--,20,19800,卖盘
675,13:19:24,9.9,--,15,14850,卖盘
676,13:19:14,9.9,--,180,178200,卖盘
677,13:19:04,9.9,-0.01,2,1980,卖盘
678,13:18:59,9.91,0.01,19,18829,买盘
679,13:18:45,9.9,--,7,7128,卖盘
680,13:18:39,9.9,-0.01,2,2900,卖盘
681,13:18:34,9.91,-0.01,70,69370,卖盘
682,13:18:30,9.92,0.01,18,17856,买盘
683,13:18:18,9.91,--,19,18829,卖盘
684,13:18:10,9.91,-0.01,2,1982,卖盘
685,13:18:04,9.92,--,236,234112,买盘
686,13:18:00,9.92,0.01,19,18848,买盘
687,13:17:45,9.91,-0.01,2,1982,卖盘
688,13:17:29,9.92,0.01,18,17856,买盘
689,13:17:24,9.91,-0.01,2,1982,卖盘
690,13:17:09,9.92,--,5,4960,买盘
691,13:16:59,9.92,0.01,19,18848,买盘
692,13:16:39,9.91,-0.01,3,2973,卖盘
693,13:16:29,9.92,0.01,18,17856,买盘
694,13:16:09,9.91,-0.01,2,1982,卖盘
695,13:15:59,9.92,0.01,19,18848,买盘
696,13:15:44,9.91,-0.01,1,991,卖盘
697,13:15:39,9.92,--,120,119040,买盘
698,13:15:29,9.92,-0.01,18,17856,买盘
699,13:15:14,9.93,--,0,0,买盘
700,13:15:09,9.93,0.01,111,110223,买盘
701,13:15:03,9.92,--,2,1984,买盘
702,13:14:59,9.92,0.01,19,18848,买盘
703,13:14:53,9.91,--,86,85226,卖盘
704,13:14:29,9.91,-0.01,32,31712,卖盘
705,13:14:09,9.92,--,23,22816,卖盘
706,13:14:03,9.92,-0.01,2,1984,卖盘
707,13:13:59,9.93,0.01,19,18867,买盘
708,13:13:29,9.92,--,16,15872,买盘
709,13:13:23,9.92,0.01,10,9920,买盘
710,13:12:59,9.91,-0.01,33,32703,卖盘
711,13:12:44,9.92,--,2,1984,卖盘
712,13:12:29,9.92,--,19,18848,卖盘
713,13:12:14,9.92,-0.01,2,1984,卖盘
714,13:12:04,9.93,0.02,3,2979,买盘
715,13:11:57,9.91,--,0,0,卖盘
716,13:11:53,9.91,-0.02,3,2973,卖盘
717,13:11:49,9.93,0.01,50,49650,买盘
718,13:11:33,9.92,--,1,992,卖盘
719,13:11:28,9.92,0.01,12,11904,买盘
720,13:11:23,9.91,-0.02,3,2973,卖盘
721,13:11:18,9.93,0.01,40,39720,买盘
722,13:11:09,9.92,0.01,35,34720,买盘
723,13:11:04,9.91,--,1,991,卖盘
724,13:10:57,9.91,-0.01,21,20811,卖盘
725,13:10:33,9.92,--,223,221216,买盘
726,13:10:27,9.92,0.01,18,17856,买盘
727,13:10:18,9.91,--,14,13874,卖盘
728,13:10:03,9.91,-0.01,14,13874,卖盘
729,13:09:57,9.92,--,19,18848,买盘
730,13:09:54,9.92,0.01,10,9920,买盘
731,13:09:33,9.91,-0.01,4,3964,卖盘
732,13:09:27,9.92,--,18,17856,买盘
733,13:09:17,9.92,--,3,2976,买盘
734,13:09:08,9.92,--,2,1984,买盘
735,13:08:57,9.92,0.01,19,18848,买盘
736,13:08:38,9.91,--,89,88199,卖盘
737,13:08:32,9.91,--,3,2973,卖盘
738,13:08:28,9.91,-0.01,18,17956,卖盘
739,13:08:18,9.92,0.01,41,40672,买盘
740,13:08:03,9.91,-0.01,1,991,卖盘
741,13:07:57,9.92,--,19,18848,买盘
742,13:07:53,9.92,0.01,16,16050,买盘
743,13:07:47,9.91,-0.01,2,1982,卖盘
744,13:07:38,9.92,0.01,1,992,买盘
745,13:07:33,9.91,-0.01,4,3964,卖盘
746,13:07:28,9.92,0.01,18,17856,买盘
747,13:07:03,9.91,-0.01,1,991,卖盘
748,13:06:58,9.92,0.01,31,30752,买盘
749,13:06:33,9.91,-0.01,29,28739,卖盘
750,13:06:27,9.92,0.01,18,17856,买盘
751,13:06:17,9.91,-0.01,19,18829,卖盘
752,13:06:08,9.92,0.01,2,1984,买盘
753,13:06:02,9.91,-0.01,1,991,卖盘
754,13:05:57,9.92,0.01,19,18848,买盘
755,13:05:48,9.91,--,2,1982,卖盘
756,13:05:38,9.91,--,3,2973,卖盘
757,13:05:32,9.91,-0.01,0,584,卖盘
758,13:05:27,9.92,0.01,18,17856,买盘
759,13:05:07,9.91,-0.01,2,1982,卖盘
760,13:04:57,9.92,--,19,18848,买盘
761,13:04:47,9.92,--,8,7936,卖盘
762,13:04:27,9.92,--,11,10912,买盘
763,13:04:17,9.92,-0.01,15,14880,卖盘
764,13:03:57,9.93,0.01,19,18867,买盘
765,13:03:47,9.92,-0.01,29,28768,卖盘
766,13:03:27,9.93,--,18,17874,买盘
767,13:03:17,9.93,0.02,2,1986,买盘
768,13:02:58,9.91,-0.01,202,200182,卖盘
769,13:02:33,9.92,0.01,336,333312,买盘
770,13:02:27,9.91,-0.01,24,23784,卖盘
771,13:02:18,9.92,--,38,37696,买盘
772,13:02:12,9.92,--,200,198400,买盘
773,13:01:57,9.92,--,19,18848,买盘
774,13:01:35,9.92,--,1,992,买盘
775,13:01:26,9.92,0.01,18,17856,买盘
776,13:01:17,9.91,-0.01,17,16847,卖盘
777,13:00:57,9.92,--,19,18848,买盘
778,13:00:52,9.92,--,40,39680,买盘
779,13:00:42,9.92,--,82,81344,买盘
780,13:00:12,9.92,--,12,11904,买盘
781,13:00:07,9.92,--,74,73527,买盘
782,13:00:02,9.92,--,54,53568,买盘
783,11:30:00,9.92,--,0,0,买盘
784,11:30:00,9.92,--,0,0,买盘
785,11:30:00,9.92,--,2,1984,买盘
786,11:29:58,9.92,0.01,19,18848,买盘
787,11:29:43,9.91,--,3,2973,卖盘
788,11:29:33,9.91,-0.01,2,1982,卖盘
789,11:29:28,9.92,0.01,18,17856,买盘
790,11:29:18,9.91,-0.01,2,1982,卖盘
791,11:28:58,9.92,--,19,18848,买盘
792,11:28:48,9.92,--,20,19840,买盘
793,11:28:32,9.92,--,104,103168,买盘
794,11:28:27,9.92,0.01,18,17856,买盘
795,11:28:22,9.91,-0.01,0,852,卖盘
796,11:28:17,9.92,0.01,80,79360,买盘
797,11:28:12,9.91,-0.01,3,2973,卖盘
798,11:28:07,9.92,0.01,1,992,买盘
799,11:27:57,9.91,--,13,12883,卖盘
800,11:27:47,9.91,0.01,40,39838,买盘
801,11:27:42,9.9,-0.01,2,1980,卖盘
802,11:27:27,9.91,0.01,18,17838,买盘
803,11:27:12,9.9,-0.01,2,1980,卖盘
804,11:27:06,9.91,--,1,991,买盘
805,11:26:57,9.91,0.01,33,32703,买盘
806,11:26:42,9.9,-0.01,23,22770,卖盘
807,11:26:31,9.91,--,1,991,买盘
808,11:26:28,9.91,0.01,18,17838,买盘
809,11:26:22,9.9,--,2,1980,卖盘
810,11:26:12,9.9,-0.01,3,2970,卖盘
811,11:25:57,9.91,--,19,18829,买盘
812,11:25:46,9.91,--,20,19820,买盘
813,11:25:37,9.91,0.01,2,1982,买盘
814,11:25:31,9.9,-0.01,2,1980,卖盘
815,11:25:27,9.91,--,18,17838,买盘
816,11:24:57,9.91,--,19,18829,买盘
817,11:24:47,9.91,--,80,79280,买盘
818,11:24:37,9.91,-0.01,60,60252,卖盘
819,11:24:27,9.92,0.01,18,17856,买盘
820,11:24:17,9.91,-0.01,10,9910,卖盘
821,11:24:07,9.92,--,1,992,买盘
822,11:23:57,9.92,0.01,19,18848,买盘
823,11:23:52,9.91,-0.01,13,12883,卖盘
824,11:23:46,9.92,--,6,5952,买盘
825,11:23:31,9.92,--,1,992,买盘
826,11:23:27,9.92,0.01,18,17856,买盘
827,11:23:02,9.91,--,44,43802,买盘
828,11:22:57,9.91,--,19,18829,买盘
829,11:22:52,9.91,--,200,198200,买盘
830,11:22:32,9.91,--,202,200182,买盘
831,11:22:27,9.91,0.01,18,17838,买盘
832,11:22:21,9.9,-0.01,2,1980,卖盘
833,11:22:17,9.91,--,1,991,买盘
834,11:22:07,9.91,--,169,167479,买盘
835,11:21:57,9.91,--,19,18829,买盘
836,11:21:42,9.91,--,12,11892,买盘
837,11:21:27,9.91,--,32,31712,买盘
838,11:21:16,9.91,--,52,51532,买盘
839,11:21:12,9.91,--,32,31712,买盘
840,11:21:07,9.91,--,22,21802,买盘
841,11:21:01,9.91,--,42,41622,买盘
842,11:20:56,9.91,0.02,40,39640,买盘
843,11:20:45,9.89,-0.02,4,3956,卖盘
844,11:20:31,9.91,--,80,79280,买盘
845,11:20:26,9.91,0.01,21,20811,买盘
846,11:20:16,9.9,-0.01,9,8910,卖盘
847,11:19:55,9.91,0.01,19,18829,买盘
848,11:19:46,9.9,-0.01,3,2970,卖盘
849,11:19:31,9.91,0.01,2,1982,买盘
850,11:19:26,9.9,--,21,20790,卖盘
851,11:19:21,9.9,--,2,1980,卖盘
852,11:19:11,9.9,--,3,2970,买盘
853,11:19:01,9.9,--,1,990,买盘
854,11:18:55,9.9,-0.01,19,18810,中性盘
855,11:18:51,9.91,--,12,11892,买盘
856,11:18:36,9.91,--,1,991,买盘
857,11:18:25,9.91,0.01,29,28739,买盘
858,11:18:21,9.9,-0.01,10,9900,卖盘
859,11:18:01,9.91,--,1,991,买盘
860,11:17:55,9.91,0.01,19,18829,买盘
861,11:17:46,9.9,-0.01,3,2970,卖盘
862,11:17:31,9.91,0.01,200,198200,买盘
863,11:17:26,9.9,0.01,8,8553,买盘
864,11:17:11,9.89,--,2,1978,卖盘
865,11:16:55,9.89,-0.01,64,63296,卖盘
866,11:16:46,9.9,--,8,7920,卖盘
867,11:16:40,9.9,-0.01,33,32670,卖盘
868,11:16:31,9.91,--,13,12883,买盘
869,11:16:26,9.91,0.01,486,481626,买盘
870,11:16:16,9.9,--,39,38610,买盘
871,11:16:01,9.9,-0.01,19,18810,卖盘
872,11:15:56,9.91,--,0,0,买盘
873,11:15:36,9.91,--,200,198200,买盘
874,11:15:26,9.91,0.01,18,17838,买盘
875,11:15:10,9.9,--,1,990,卖盘
876,11:15:01,9.9,--,0,0,买盘
877,11:14:55,9.9,0.01,19,18810,买盘
878,11:14:51,9.89,-0.01,6,5934,卖盘
879,11:14:46,9.9,--,2,1980,卖盘
880,11:14:25,9.9,--,12,11880,中性盘
881,11:14:15,9.9,--,0,0,买盘
882,11:14:10,9.9,--,5,4950,买盘
883,11:14:01,9.9,--,9,8910,卖盘
884,11:13:55,9.9,-0.01,10,9900,买盘
885,11:13:36,9.91,--,2,1982,买盘
886,11:13:25,9.91,0.01,18,17838,买盘
887,11:13:21,9.9,--,16,15840,卖盘
888,11:13:05,9.9,0.01,3,2970,卖盘
889,11:12:55,9.89,--,0,0,卖盘
890,11:12:51,9.89,-0.02,10,9890,卖盘
891,11:12:35,9.91,0.01,202,200182,买盘
892,11:12:25,9.9,--,24,23760,买盘
893,11:12:05,9.9,0.01,1,990,买盘
894,11:12:01,9.89,-0.01,3,2967,卖盘
895,11:11:55,9.9,--,19,18810,买盘
896,11:11:30,9.9,--,2,1980,买盘
897,11:11:25,9.9,--,18,17820,买盘
898,11:11:04,9.9,--,11,10890,买盘
899,11:10:55,9.9,--,19,18810,买盘
900,11:10:45,9.9,--,19,18810,卖盘
901,11:10:40,9.9,--,0,0,中性盘
902,11:10:35,9.9,-0.01,20,19800,卖盘
903,11:10:25,9.91,0.01,18,17838,买盘
904,11:09:55,9.9,--,2,1980,买盘
905,11:09:25,9.9,--,18,17820,买盘
906,11:09:15,9.9,--,11,10890,买盘
907,11:09:04,9.9,--,1,990,买盘
908,11:08:55,9.9,--,19,18810,买盘
909,11:08:50,9.9,--,11,10890,买盘
910,11:08:45,9.9,--,301,297990,卖盘
911,11:08:35,9.9,-0.01,31,30690,卖盘
912,11:08:24,9.91,0.01,48,47568,买盘
913,11:08:19,9.9,-0.01,11,10890,卖盘
914,11:08:10,9.91,0.01,11,10901,买盘
915,11:08:05,9.9,-0.01,14,13860,卖盘
916,11:07:55,9.91,0.01,19,18829,买盘
917,11:07:49,9.9,--,10,9900,卖盘
918,11:07:45,9.9,-0.01,1,990,卖盘
919,11:07:34,9.91,--,2,1982,买盘
920,11:07:30,9.91,0.01,18,17838,买盘
921,11:07:15,9.9,--,10,9900,卖盘
922,11:07:00,9.9,-0.01,21,20790,卖盘
923,11:06:15,9.91,--,10,9910,买盘
924,11:06:04,9.91,0.01,1,991,买盘
925,11:05:58,9.9,--,5,4950,卖盘
926,11:05:49,9.9,-0.01,20,19800,卖盘
927,11:05:43,9.91,0.01,21,20811,买盘
928,11:05:30,9.9,-0.01,8,7920,卖盘
929,11:05:14,9.91,0.01,24,23784,买盘
930,11:04:45,9.9,-0.01,30,29700,卖盘
931,11:04:39,9.91,--,24,23784,买盘
932,11:04:34,9.91,0.01,4,3964,买盘
933,11:04:24,9.9,--,1,990,卖盘
934,11:04:09,9.9,--,1,990,卖盘
935,11:04:04,9.9,-0.01,27,26730,卖盘
936,11:03:54,9.91,--,89,88199,买盘
937,11:03:29,9.91,--,71,70361,买盘
938,11:03:04,9.91,0.01,1,991,买盘
939,11:02:28,9.9,-0.01,38,37620,卖盘
940,11:01:49,9.91,--,14,13874,买盘
941,11:01:39,9.91,--,18,17838,买盘
942,11:01:34,9.91,0.01,2,1982,买盘
943,11:01:09,9.9,-0.01,1,990,卖盘
944,11:00:34,9.91,--,23,22793,买盘
945,11:00:19,9.91,0.01,35,34685,买盘
946,11:00:14,9.9,-0.01,77,76230,卖盘
947,11:00:04,9.91,--,47,46577,买盘
948,10:59:58,9.91,0.01,6,5946,买盘
949,10:59:49,9.9,-0.01,74,73260,卖盘
950,10:59:28,9.91,--,17,16847,买盘
951,10:59:09,9.91,--,9,8919,买盘
952,10:58:39,9.91,0.01,2,1982,买盘
953,10:58:13,9.9,--,2,1980,卖盘
954,10:58:09,9.9,--,1,990,卖盘
955,10:57:48,9.9,-0.01,30,29700,卖盘
956,10:57:13,9.91,--,17,16847,买盘
957,10:57:04,9.91,--,1,991,买盘
958,10:56:54,9.91,--,60,59460,买盘
959,10:56:28,9.91,--,18,17838,买盘
960,10:56:23,9.91,0.01,29,28739,买盘
961,10:56:08,9.9,-0.01,402,397980,卖盘
962,10:55:54,9.91,0.01,4,3964,买盘
963,10:55:43,9.9,-0.01,21,20790,卖盘
964,10:55:39,9.91,--,2,1982,买盘
965,10:55:23,9.91,--,2,1982,买盘
966,10:55:18,9.91,0.01,21,20811,买盘
967,10:55:08,9.9,-0.01,1,990,卖盘
968,10:54:48,9.91,--,24,23784,买盘
969,10:54:43,9.91,--,24,23784,买盘
970,10:54:08,9.91,--,27,26757,买盘
971,10:54:03,9.91,0.01,1,991,买盘
972,10:53:48,9.9,--,10,9900,卖盘
973,10:53:28,9.9,--,158,156420,买盘
974,10:53:23,9.9,--,50,49500,买盘
975,10:53:13,9.9,--,6,5940,买盘
976,10:52:58,9.9,--,74,73260,买盘
977,10:52:37,9.9,0.01,22,21780,买盘
978,10:52:33,9.89,--,2,1978,卖盘
979,10:52:08,9.89,-0.02,18,17802,卖盘
980,10:51:37,9.91,--,0,0,买盘
981,10:51:27,9.91,--,52,51532,买盘
982,10:51:07,9.91,--,12,11892,买盘
983,10:51:03,9.91,0.02,1,991,买盘
984,10:50:33,9.89,-0.02,2,1978,卖盘
985,10:50:17,9.91,--,495,490545,买盘
986,10:50:07,9.91,0.01,4,3973,买盘
987,10:49:42,9.9,--,167,165330,买盘
988,10:49:37,9.9,--,2,1980,买盘
989,10:49:17,9.9,0.01,3,2970,买盘
990,10:49:07,9.89,-0.01,1,989,卖盘
991,10:48:42,9.9,--,52,51480,买盘
992,10:48:22,9.9,0.01,140,138600,买盘
993,10:48:17,9.89,-0.01,6,5934,卖盘
994,10:48:06,9.9,0.01,11,10890,买盘
995,10:48:02,9.89,--,11,10879,卖盘
996,10:47:52,9.89,-0.01,1,1186,卖盘
997,10:47:47,9.9,--,30,29700,买盘
998,10:47:33,9.9,--,3,2970,买盘
999,10:47:22,9.9,0.01,2,1980,买盘
1000,10:47:12,9.89,--,49,48461,卖盘
1001,10:47:07,9.89,--,151,149339,卖盘
1002,10:46:57,9.89,-0.01,31,30659,卖盘
1003,10:46:52,9.9,--,71,70290,卖盘
1004,10:46:47,9.9,--,6,5940,卖盘
1005,10:46:37,9.9,-0.01,12,11880,卖盘
1006,10:46:32,9.91,0.01,1,991,买盘
1007,10:46:27,9.9,--,78,77220,卖盘
1008,10:46:22,9.9,--,316,312840,卖盘
1009,10:46:17,9.9,0.01,245,242550,买盘
1010,10:46:07,9.89,--,1,989,卖盘
1011,10:46:01,9.89,--,34,33626,卖盘
1012,10:45:57,9.89,-0.01,35,34615,卖盘
1013,10:45:52,9.9,0.01,105,103950,买盘
1014,10:45:07,9.89,--,36,35604,卖盘
1015,10:45:02,9.89,--,117,115713,卖盘
1016,10:44:47,9.89,--,20,19780,卖盘
1017,10:44:22,9.89,--,68,67252,卖盘
1018,10:44:16,9.89,--,9,8901,卖盘
1019,10:44:12,9.89,-0.01,118,116702,卖盘
1020,10:43:36,9.9,--,1,990,买盘
1021,10:43:31,9.9,0.01,105,103950,买盘
1022,10:43:16,9.89,--,2,1978,卖盘
1023,10:43:12,9.89,-0.01,1,989,卖盘
1024,10:42:56,9.9,0.01,5,4950,买盘
1025,10:42:46,9.89,-0.01,250,247250,卖盘
1026,10:42:01,9.9,--,1,990,买盘
1027,10:41:56,9.9,0.01,22,21780,买盘
1028,10:41:51,9.89,-0.01,50,49450,卖盘
1029,10:41:46,9.9,--,20,19800,买盘
1030,10:41:26,9.9,--,37,36630,买盘
1031,10:41:11,9.9,--,53,52470,买盘
1032,10:41:01,9.9,--,59,58410,买盘
1033,10:40:51,9.9,0.01,60,59400,买盘
1034,10:40:45,9.89,-0.01,6,5934,卖盘
1035,10:40:41,9.9,--,49,48510,买盘
1036,10:40:31,9.9,--,50,49500,买盘
1037,10:40:21,9.9,--,12,11880,买盘
1038,10:40:11,9.9,0.01,5,4950,买盘
1039,10:40:06,9.89,--,34,33626,卖盘
1040,10:40:01,9.89,--,12,11868,卖盘
1041,10:39:31,9.89,-0.01,5,4945,卖盘
1042,10:39:16,9.9,--,50,49500,买盘
1043,10:39:01,9.9,0.01,1,990,买盘
1044,10:38:31,9.89,-0.01,2,1978,卖盘
1045,10:38:01,9.9,0.01,26,25740,买盘
1046,10:37:56,9.89,-0.01,22,21758,卖盘
1047,10:37:51,9.9,0.01,73,72270,买盘
1048,10:37:41,9.89,-0.01,120,118680,卖盘
1049,10:37:31,9.9,0.01,1,990,买盘
1050,10:37:10,9.89,0.01,1,989,卖盘
1051,10:36:55,9.88,-0.02,343,338884,卖盘
1052,10:36:40,9.9,0.01,50,49500,买盘
1053,10:36:21,9.89,-0.01,5,4945,卖盘
1054,10:36:05,9.9,0.01,3,2970,买盘
1055,10:35:50,9.89,-0.01,17,16813,卖盘
1056,10:35:44,9.9,--,31,30690,买盘
1057,10:35:40,9.9,--,1,990,买盘
1058,10:35:20,9.9,--,20,19800,买盘
1059,10:34:55,9.9,--,67,66330,买盘
1060,10:34:50,9.9,--,49,48510,买盘
1061,10:34:35,9.9,--,1,990,买盘
1062,10:34:25,9.9,--,46,45540,买盘
1063,10:34:20,9.9,--,69,68310,买盘
1064,10:34:15,9.9,--,27,26730,买盘
1065,10:34:10,9.9,--,35,34650,买盘
1066,10:34:05,9.9,0.02,120,118800,买盘
1067,10:33:55,9.88,--,82,81016,卖盘
1068,10:33:45,9.88,--,0,0,卖盘
1069,10:33:35,9.88,-0.02,499,493012,卖盘
1070,10:33:30,9.9,--,30,29700,买盘
1071,10:33:25,9.9,0.01,10,9900,买盘
1072,10:33:20,9.89,-0.01,2,1978,中性盘
1073,10:33:10,9.9,--,49,48510,买盘
1074,10:33:05,9.9,--,1,990,买盘
1075,10:32:10,9.9,0.02,49,48510,买盘
1076,10:32:05,9.88,--,1,988,卖盘
1077,10:31:40,9.88,-0.01,5,4940,卖盘
1078,10:31:34,9.89,--,1,989,买盘
1079,10:31:24,9.89,0.01,49,48461,买盘
1080,10:31:10,9.88,--,1,988,卖盘
1081,10:31:05,9.88,-0.01,2,1976,卖盘
1082,10:30:55,9.89,--,49,48461,买盘
1083,10:30:50,9.89,--,160,158240,买盘
1084,10:30:30,9.89,0.01,30,29670,买盘
1085,10:30:20,9.88,-0.01,19,18772,卖盘
1086,10:30:10,9.89,--,20,19780,买盘
1087,10:30:04,9.89,--,1,989,买盘
1088,10:28:49,9.89,--,24,23736,买盘
1089,10:28:34,9.89,--,3,2967,买盘
1090,10:28:14,9.89,--,106,104834,卖盘
1091,10:28:08,9.89,--,1,989,卖盘
1092,10:27:54,9.89,--,104,102856,卖盘
1093,10:27:49,9.89,--,110,108790,卖盘
1094,10:27:34,9.89,-0.01,15,14835,卖盘
1095,10:27:14,9.9,--,11,10890,买盘
1096,10:27:04,9.9,--,121,119790,买盘
1097,10:26:14,9.9,--,7,6930,买盘
1098,10:25:34,9.9,0.01,1,990,买盘
1099,10:25:29,9.89,--,12,11868,卖盘
1100,10:25:24,9.89,--,1,989,卖盘
1101,10:25:08,9.89,--,1,989,卖盘
1102,10:24:59,9.89,--,1,989,卖盘
1103,10:24:34,9.89,--,1,989,卖盘
1104,10:24:14,9.89,-0.01,1,989,卖盘
1105,10:24:04,9.9,0.02,1,990,买盘
1106,10:23:59,9.88,--,0,0,卖盘
1107,10:23:49,9.88,-0.02,1,988,卖盘
1108,10:23:44,9.9,0.02,360,356400,买盘
1109,10:23:34,9.88,--,2,1976,卖盘
1110,10:23:28,9.88,0.01,1,988,卖盘
1111,10:23:19,9.87,--,0,0,卖盘
1112,10:23:04,9.87,--,1,986,卖盘
1113,10:22:43,9.87,-0.03,1,986,卖盘
1114,10:22:34,9.9,0.03,1,990,买盘
1115,10:22:28,9.87,-0.02,2065,2038154,卖盘
1116,10:22:24,9.89,--,1,989,卖盘
1117,10:22:09,9.89,-0.01,11,10879,卖盘
1118,10:22:02,9.9,0.01,1,990,买盘
1119,10:21:58,9.89,-0.01,1,989,卖盘
1120,10:21:53,9.9,0.01,1,990,买盘
1121,10:21:38,9.89,--,1,989,卖盘
1122,10:21:32,9.89,--,2,1978,卖盘
1123,10:21:13,9.89,-0.01,1,989,卖盘
1124,10:21:08,9.9,0.01,1,990,买盘
1125,10:20:53,9.89,--,1,989,卖盘
1126,10:20:48,9.89,-0.01,6,5934,卖盘
1127,10:20:43,9.9,--,10,9900,买盘
1128,10:20:38,9.9,0.01,3,2970,买盘
1129,10:20:33,9.89,--,1,989,卖盘
1130,10:20:28,9.89,-0.01,60,59340,卖盘
1131,10:20:23,9.9,0.01,11,10890,买盘
1132,10:20:08,9.89,-0.01,1,989,卖盘
1133,10:19:53,9.9,0.01,3,2970,买盘
1134,10:19:48,9.89,-0.01,1,989,卖盘
1135,10:19:32,9.9,0.01,13,12870,买盘
1136,10:19:13,9.89,--,1,989,卖盘
1137,10:19:08,9.89,--,24,23736,卖盘
1138,10:18:53,9.89,-0.01,607,600323,卖盘
1139,10:18:47,9.9,--,21,20790,卖盘
1140,10:18:38,9.9,0.01,776,768240,买盘
1141,10:18:28,9.89,-0.01,51,50439,卖盘
1142,10:18:18,9.9,0.01,10,9900,买盘
1143,10:18:08,9.89,-0.01,2,1978,卖盘
1144,10:18:03,9.9,0.01,26,25740,买盘
1145,10:17:53,9.89,-0.01,20,19780,卖盘
1146,10:17:48,9.9,0.01,5,4950,买盘
1147,10:17:43,9.89,--,1,989,卖盘
1148,10:17:32,9.89,--,2,1978,卖盘
1149,10:17:28,9.89,--,24,23736,卖盘
1150,10:17:23,9.89,-0.01,51,50439,卖盘
1151,10:17:18,9.9,0.01,50,49500,买盘
1152,10:17:13,9.89,--,61,60329,卖盘
1153,10:17:03,9.89,-0.01,1,989,卖盘
1154,10:16:58,9.9,0.01,76,75240,买盘
1155,10:16:53,9.89,-0.01,210,207690,卖盘
1156,10:16:43,9.9,--,10,9900,买盘
1157,10:16:38,9.9,0.01,27,26730,买盘
1158,10:16:28,9.89,-0.01,1,989,卖盘
1159,10:16:23,9.9,--,65,64350,买盘
1160,10:16:18,9.9,--,46,45540,买盘
1161,10:16:13,9.9,0.01,49,48510,买盘
1162,10:16:08,9.89,--,148,146569,买盘
1163,10:16:03,9.89,--,42,41538,买盘
1164,10:15:58,9.89,--,101,99889,买盘
1165,10:15:53,9.89,--,31,30659,买盘
1166,10:15:48,9.89,0.01,49,48461,买盘
1167,10:15:43,9.88,-0.01,50,49400,卖盘
1168,10:15:38,9.89,0.01,97,95933,买盘
1169,10:15:33,9.88,-0.01,66,65208,卖盘
1170,10:15:27,9.89,0.01,7,6923,买盘
1171,10:15:23,9.88,--,121,119548,卖盘
1172,10:15:18,9.88,--,20,19760,卖盘
1173,10:15:07,9.88,-0.01,10,9880,卖盘
1174,10:15:03,9.89,0.01,2,1978,买盘
1175,10:14:37,9.88,--,1,988,卖盘
1176,10:14:17,9.88,--,1,988,卖盘
1177,10:14:02,9.88,--,10,9880,卖盘
1178,10:13:56,9.88,--,991,979108,卖盘
1179,10:13:52,9.88,--,1,988,卖盘
1180,10:13:47,9.88,--,7,6916,卖盘
1181,10:13:37,9.88,-0.01,28,27664,卖盘
1182,10:13:32,9.89,0.01,2,1978,买盘
1183,10:13:22,9.88,--,3,2964,卖盘
1184,10:13:07,9.88,--,10,9880,卖盘
1185,10:13:02,9.88,--,1,988,卖盘
1186,10:12:37,9.88,--,1,988,卖盘
1187,10:12:17,9.88,-0.01,1,988,卖盘
1188,10:12:07,9.89,0.01,10,9890,买盘
1189,10:11:57,9.88,0.01,10,9880,买盘
1190,10:11:52,9.87,-0.01,1,986,卖盘
1191,10:11:42,9.88,--,1,988,买盘
1192,10:11:37,9.88,--,21,20748,卖盘
1193,10:11:32,9.88,-0.01,1,988,卖盘
1194,10:11:27,9.89,--,126,124614,买盘
1195,10:11:22,9.89,0.01,151,149339,买盘
1196,10:11:12,9.88,0.01,49,48412,买盘
1197,10:11:07,9.87,-0.02,1,986,卖盘
1198,10:11:02,9.89,--,88,87032,买盘
1199,10:10:57,9.89,0.01,98,96922,买盘
1200,10:10:52,9.88,-0.01,3,2964,卖盘
1201,10:10:47,9.89,--,50,49450,买盘
1202,10:10:36,9.89,--,105,103845,买盘
1203,10:10:32,9.89,0.02,11,10879,买盘
1204,10:10:27,9.87,-0.02,1,986,卖盘
1205,10:10:17,9.89,0.02,20,19780,买盘
1206,10:10:07,9.87,--,11,10857,卖盘
1207,10:10:02,9.87,-0.01,1,986,卖盘
1208,10:09:56,9.88,--,30,29640,买盘
1209,10:09:47,9.88,--,0,0,买盘
1210,10:09:42,9.88,-0.01,19,18772,买盘
1211,10:09:37,9.89,0.03,49,48461,买盘
1212,10:09:32,9.86,-0.01,2,2395,卖盘
1213,10:09:27,9.87,--,2,1973,买盘
1214,10:09:12,9.87,--,702,693436,卖盘
1215,10:09:07,9.87,--,21,20727,卖盘
1216,10:09:02,9.87,--,6,5921,卖盘
1217,10:08:47,9.87,--,1,986,卖盘
1218,10:08:32,9.87,-0.01,1002,988973,卖盘
1219,10:08:22,9.88,-0.01,72,71886,卖盘
1220,10:08:16,9.89,0.01,18,17802,买盘
1221,10:08:01,9.88,--,1,988,卖盘
1222,10:07:42,9.88,-0.01,1,988,卖盘
1223,10:07:36,9.89,--,1,989,买盘
1224,10:07:21,9.89,0.01,10,9890,买盘
1225,10:07:17,9.88,--,11,10868,卖盘
1226,10:07:12,9.88,--,1,988,卖盘
1227,10:06:56,9.88,--,1,988,卖盘
1228,10:06:31,9.88,-0.01,9,8892,卖盘
1229,10:06:26,9.89,0.01,6,5934,买盘
1230,10:06:16,9.88,-0.01,1,988,卖盘
1231,10:06:06,9.89,--,1,989,买盘
1232,10:05:57,9.89,--,5,4945,买盘
1233,10:05:31,9.89,--,9,8901,买盘
1234,10:05:16,9.89,0.01,7,6923,买盘
1235,10:05:01,9.88,-0.01,28,27664,卖盘
1236,10:04:46,9.89,0.01,18,17802,买盘
1237,10:04:41,9.88,-0.01,6,5928,卖盘
1238,10:04:36,9.89,--,8,7912,买盘
1239,10:04:31,9.89,--,3,2967,买盘
1240,10:04:26,9.89,0.01,10,9890,买盘
1241,10:04:21,9.88,-0.01,6,5928,卖盘
1242,10:04:16,9.89,0.01,11,10879,买盘
1243,10:04:11,9.88,-0.01,11,10868,卖盘
1244,10:04:06,9.89,--,10,9890,买盘
1245,10:04:01,9.89,--,11,10879,买盘
1246,10:03:56,9.89,0.01,10,9890,买盘
1247,10:03:51,9.88,-0.01,1,988,卖盘
1248,10:03:46,9.89,--,15,14835,买盘
1249,10:03:21,9.89,--,6,5934,买盘
1250,10:03:15,9.89,--,33,32637,买盘
1251,10:03:05,9.89,--,1,989,买盘
1252,10:02:51,9.89,0.01,6,5934,买盘
1253,10:02:46,9.88,-0.01,2,1976,卖盘
1254,10:02:35,9.89,--,22,21758,买盘
1255,10:02:31,9.89,0.01,6,5934,买盘
1256,10:02:21,9.88,-0.01,1,988,卖盘
1257,10:02:11,9.89,--,25,24725,卖盘
1258,10:02:05,9.89,0.01,516,510324,买盘
1259,10:02:01,9.88,--,15,14820,卖盘
1260,10:01:50,9.88,--,1,988,卖盘
1261,10:01:36,9.88,-0.01,2,1976,卖盘
1262,10:01:31,9.89,0.01,1,989,买盘
1263,10:01:21,9.88,-0.01,51,50388,卖盘
1264,10:01:06,9.89,0.01,5,4945,买盘
1265,10:01:01,9.88,-0.01,100,98800,卖盘
1266,10:00:56,9.89,--,31,30659,买盘
1267,10:00:46,9.89,--,0,0,买盘
1268,10:00:21,9.89,--,0,0,买盘
1269,10:00:15,9.89,--,75,74175,买盘
1270,10:00:11,9.89,0.01,644,636916,买盘
1271,10:00:06,9.88,--,24,23712,买盘
1272,09:59:55,9.88,0.01,30,29640,买盘
1273,09:59:50,9.87,-0.01,6,5921,卖盘
1274,09:59:26,9.88,--,31,30628,买盘
1275,09:59:20,9.88,--,14,13832,买盘
1276,09:59:11,9.88,--,10,9880,买盘
1277,09:59:05,9.88,--,70,69160,买盘
1278,09:59:00,9.88,0.01,10,9880,买盘
1279,09:58:50,9.87,-0.01,8,7895,卖盘
1280,09:58:35,9.88,--,1,988,买盘
1281,09:58:30,9.88,--,30,29640,买盘
1282,09:58:25,9.88,0.01,3,2964,买盘
1283,09:57:55,9.87,--,50,49349,卖盘
1284,09:57:50,9.87,--,5,4935,卖盘
1285,09:57:20,9.87,--,3,2960,卖盘
1286,09:57:10,9.87,-0.01,573,565817,卖盘
1287,09:57:05,9.88,--,148,146224,卖盘
1288,09:56:55,9.88,-0.01,1,988,卖盘
1289,09:56:50,9.89,--,30,29670,买盘
1290,09:56:35,9.89,0.01,5,4945,买盘
1291,09:56:20,9.88,-0.01,1,988,卖盘
1292,09:56:15,9.89,--,20,19780,买盘
1293,09:56:10,9.89,--,46,45494,买盘
1294,09:56:05,9.89,--,50,49450,买盘
1295,09:55:50,9.89,--,22,21758,买盘
1296,09:55:40,9.89,--,20,19780,买盘
1297,09:55:25,9.89,--,45,44505,买盘
1298,09:55:20,9.89,0.01,680,672520,买盘
1299,09:55:10,9.88,-0.01,23,22724,卖盘
1300,09:55:05,9.89,0.01,1,989,买盘
1301,09:54:55,9.88,--,1,988,卖盘
1302,09:54:50,9.88,0.01,1,988,卖盘
1303,09:54:40,9.87,--,0,0,卖盘
1304,09:54:35,9.87,-0.01,19,19147,卖盘
1305,09:54:25,9.88,--,18,17784,买盘
1306,09:54:19,9.88,--,108,106704,买盘
1307,09:54:14,9.88,--,126,124488,买盘
1308,09:54:10,9.88,--,365,360620,买盘
1309,09:54:04,9.88,0.01,68,67184,买盘
1310,09:54:00,9.87,-0.01,199,196412,中性盘
1311,09:53:54,9.88,0.01,126,124488,买盘
1312,09:53:50,9.87,--,63,62180,买盘
1313,09:53:45,9.87,--,61,60206,买盘
1314,09:53:35,9.87,0.01,224,221087,买盘
1315,09:52:04,9.86,-0.01,21,20706,卖盘
1316,09:51:44,9.87,0.01,20,19740,买盘
1317,09:51:34,9.86,-0.01,100,98600,卖盘
1318,09:51:14,9.87,0.01,30,29609,买盘
1319,09:50:59,9.86,0.01,33,33050,买盘
1320,09:50:49,9.85,-0.01,15,14775,卖盘
1321,09:50:44,9.86,--,119,117334,买盘
1322,09:50:34,9.86,--,5,4930,买盘
1323,09:50:29,9.86,--,50,49300,买盘
1324,09:50:19,9.86,--,32,31552,买盘
1325,09:50:09,9.86,0.01,39,38454,买盘
1326,09:50:04,9.85,-0.01,7,6895,卖盘
1327,09:49:59,9.86,--,736,726169,卖盘
1328,09:49:48,9.86,--,36,35496,卖盘
1329,09:49:44,9.86,--,30,29580,卖盘
1330,09:49:34,9.86,-0.01,5,4930,卖盘
1331,09:48:59,9.87,--,13,12830,买盘
1332,09:48:49,9.87,--,5,4935,买盘
1333,09:48:44,9.87,--,85,83895,买盘
1334,09:48:39,9.87,--,44,43428,卖盘
1335,09:48:34,9.87,-0.01,2,1973,卖盘
1336,09:48:19,9.88,--,20,19760,买盘
1337,09:48:14,9.88,--,18,17784,买盘
1338,09:48:09,9.88,0.01,5,4940,买盘
1339,09:47:49,9.87,-0.01,186,183582,卖盘
1340,09:47:34,9.88,--,217,214396,买盘
1341,09:47:19,9.88,0.02,2,1976,买盘
1342,09:46:49,9.86,-0.02,2,1972,卖盘
1343,09:46:28,9.88,0.02,10,9880,买盘
1344,09:46:08,9.86,--,80,79392,买盘
1345,09:46:03,9.86,--,28,27608,买盘
1346,09:45:58,9.86,--,2,1972,买盘
1347,09:45:53,9.86,--,1838,1812268,买盘
1348,09:45:47,9.86,--,50,49300,买盘
1349,09:45:33,9.86,--,30,29580,买盘
1350,09:45:28,9.86,--,105,103530,买盘
1351,09:45:23,9.86,--,108,106488,买盘
1352,09:45:18,9.86,--,50,49300,买盘
1353,09:45:13,9.86,--,36,35496,买盘
1354,09:45:08,9.86,0.01,40,39440,买盘
1355,09:45:03,9.85,--,44,43340,卖盘
1356,09:44:58,9.85,-0.01,61,60085,卖盘
1357,09:44:38,9.86,--,3,2958,买盘
1358,09:44:33,9.86,0.01,200,197200,买盘
1359,09:44:28,9.85,-0.01,189,186165,卖盘
1360,09:44:17,9.86,--,30,29580,买盘
1361,09:44:13,9.86,--,191,188326,买盘
1362,09:43:58,9.86,0.01,6,5916,买盘
1363,09:43:53,9.85,-0.01,31,30535,卖盘
1364,09:43:37,9.86,--,1,986,买盘
1365,09:43:32,9.86,--,46,45356,买盘
1366,09:43:28,9.86,--,85,83810,买盘
1367,09:43:08,9.86,0.02,146,143956,买盘
1368,09:43:03,9.84,-0.01,2,1968,卖盘
1369,09:42:58,9.85,-0.01,1398,1377030,卖盘
1370,09:42:53,9.86,--,125,123250,买盘
1371,09:42:43,9.86,--,50,49300,买盘
1372,09:42:23,9.86,--,10,9860,买盘
1373,09:42:17,9.86,-0.01,1500,1479473,卖盘
1374,09:42:08,9.87,--,161,158907,买盘
1375,09:41:57,9.87,--,72,71064,买盘
1376,09:41:53,9.87,0.01,50,49349,买盘
1377,09:41:47,9.86,-0.01,20,19720,卖盘
1378,09:41:43,9.87,0.01,8,7895,买盘
1379,09:41:27,9.86,-0.01,10,9860,卖盘
1380,09:41:23,9.87,0.01,2014,1987817,买盘
1381,09:41:17,9.86,--,10,9860,卖盘
1382,09:41:13,9.86,--,106,104516,卖盘
1383,09:41:08,9.86,--,4,3944,卖盘
1384,09:40:57,9.86,--,40,39440,卖盘
1385,09:40:38,9.86,--,100,98600,卖盘
1386,09:40:32,9.86,-0.01,10,9860,卖盘
1387,09:40:13,9.87,0.01,23,22701,买盘
1388,09:39:52,9.86,--,300,296312,卖盘
1389,09:39:47,9.86,-0.01,2,1972,卖盘
1390,09:39:42,9.87,--,2,1973,买盘
1391,09:39:37,9.87,--,30,29609,买盘
1392,09:39:22,9.87,0.01,52,51323,买盘
1393,09:39:18,9.86,-0.01,60,59160,卖盘
1394,09:38:52,9.87,--,50,49349,买盘
1395,09:38:47,9.87,--,38,37506,买盘
1396,09:38:37,9.87,-0.01,532,525084,卖盘
1397,09:38:32,9.88,--,18,17784,买盘
1398,09:38:26,9.88,0.01,200,197600,买盘
1399,09:38:12,9.87,-0.01,12,11843,卖盘
1400,09:38:07,9.88,0.01,49,48412,买盘
1401,09:38:02,9.87,-0.01,52,51323,卖盘
1402,09:37:57,9.88,--,101,99788,买盘
1403,09:37:52,9.88,--,133,131404,买盘
1404,09:37:47,9.88,--,28,27664,买盘
1405,09:37:37,9.88,--,28,27664,买盘
1406,09:37:27,9.88,0.01,18,17784,买盘
1407,09:37:22,9.87,--,191,188516,买盘
1408,09:37:17,9.87,--,139,137193,买盘
1409,09:37:11,9.87,--,55,54284,买盘
1410,09:37:07,9.87,--,87,85869,买盘
1411,09:37:02,9.87,--,36,35532,买盘
1412,09:36:57,9.87,--,18,17766,买盘
1413,09:36:47,9.87,0.01,42,41454,买盘
1414,09:36:41,9.86,-0.01,24,23664,卖盘
1415,09:36:37,9.87,0.01,118,116465,买盘
1416,09:36:32,9.86,--,45,44370,卖盘
1417,09:36:27,9.86,--,28,27608,卖盘
1418,09:36:22,9.86,--,51,50286,卖盘
1419,09:36:07,9.86,--,39,38454,买盘
1420,09:36:02,9.86,--,27,26622,卖盘
1421,09:35:52,9.86,0.01,147,144942,买盘
1422,09:35:47,9.85,-0.01,12,11820,卖盘
1423,09:35:37,9.86,-0.01,197,194242,卖盘
1424,09:35:17,9.87,--,33,32570,买盘
1425,09:35:07,9.87,--,201,198386,卖盘
1426,09:35:02,9.87,-0.01,48,47375,卖盘
1427,09:34:36,9.88,--,50,49400,买盘
1428,09:34:32,9.88,--,40,39520,买盘
1429,09:34:22,9.88,--,2,1976,买盘
1430,09:34:17,9.88,-0.01,508,501904,卖盘
1431,09:34:02,9.89,0.01,2,1978,买盘
1432,09:33:52,9.88,-0.01,40,39520,卖盘
1433,09:33:42,9.89,--,101,99889,买盘
1434,09:33:37,9.89,0.01,60,59340,买盘
1435,09:33:31,9.88,-0.01,22,21736,卖盘
1436,09:33:22,9.89,--,79,78131,卖盘
1437,09:33:06,9.89,-0.01,30,29670,卖盘
1438,09:33:01,9.9,0.01,50,49500,买盘
1439,09:32:51,9.89,--,1,989,卖盘
1440,09:32:46,9.89,-0.01,39,38571,卖盘
1441,09:32:36,9.9,0.01,12,11880,买盘
1442,09:32:26,9.89,-0.01,116,114724,中性盘
1443,09:32:21,9.9,0.02,18,17820,买盘
1444,09:32:16,9.88,-0.01,2,1976,卖盘
1445,09:32:11,9.89,0.01,13,12857,买盘
1446,09:32:01,9.88,--,208,205504,卖盘
1447,09:31:56,9.88,-0.01,12,11856,卖盘
1448,09:31:50,9.89,--,28,27692,买盘
1449,09:31:46,9.89,--,22,21758,买盘
1450,09:31:41,9.89,--,21,20769,买盘
1451,09:31:31,9.89,--,18,17802,买盘
1452,09:31:16,9.89,0.01,118,116702,买盘
1453,09:31:11,9.88,-0.01,262,258856,卖盘
1454,09:31:06,9.89,--,12,11868,买盘
1455,09:31:01,9.89,--,30,29670,买盘
1456,09:30:46,9.89,0.01,30,29670,买盘
1457,09:30:35,9.88,-0.01,67,66196,卖盘
1458,09:30:31,9.89,0.01,109,107801,买盘
1459,09:30:21,9.88,-0.01,70,69160,卖盘
1460,09:30:16,9.89,0.01,140,138460,买盘
1461,09:30:06,9.88,--,156,154128,卖盘
1462,09:30:01,9.88,-0.01,20,19760,卖盘
1463,09:28:52,9.89,--,0,0,买盘
1464,09:25:07,9.89,9.89,289,285821,买盘
