,time,price,change,volume,amount,type
0,15:00:00,20.76,--,0,0,买盘
1,15:00:00,20.76,0.01,0,0,买盘
2,14:59:59,20.75,-0.01,8,16600,卖盘
3,14:59:54,20.76,-0.02,24,49824,卖盘
4,14:59:49,20.78,-0.01,40,83120,买盘
5,14:59:45,20.79,0.03,97,201663,买盘
6,14:59:39,20.76,0.01,5,10380,中性盘
7,14:59:34,20.75,0.01,121,251075,卖盘
8,14:59:29,20.74,0.02,1,2074,中性盘
9,14:59:24,20.72,-0.04,203,420616,卖盘
10,14:59:19,20.76,0.02,32,66432,中性盘
11,14:59:14,20.74,-0.01,66,136884,卖盘
12,14:59:09,20.75,-0.01,1,2075,卖盘
13,14:59:04,20.76,0.02,24,49824,买盘
14,14:58:59,20.74,0.01,211,437613,买盘
15,14:58:54,20.73,-0.01,2,4146,卖盘
16,14:58:49,20.74,-0.04,125,261282,卖盘
17,14:58:45,20.78,--,176,365728,卖盘
18,14:58:39,20.78,0.06,1023,2125835,买盘
19,14:58:34,20.72,-0.04,10,20720,卖盘
20,14:58:29,20.76,0.02,162,336312,买盘
21,14:58:24,20.74,-0.03,90,186660,卖盘
22,14:58:19,20.77,0.03,475,986575,买盘
23,14:58:14,20.74,--,141,292434,卖盘
24,14:58:09,20.74,--,5,10370,卖盘
25,14:58:04,20.74,0.02,133,275842,买盘
26,14:57:59,20.72,0.05,6,12432,买盘
27,14:57:54,20.67,-0.05,122,252174,卖盘
28,14:57:49,20.72,--,51,105672,卖盘
29,14:57:44,20.72,--,3,6216,卖盘
30,14:57:39,20.72,--,10,20720,卖盘
31,14:57:34,20.72,--,30,62160,卖盘
32,14:57:29,20.72,-0.03,5,10360,卖盘
33,14:57:24,20.75,0.03,43,89225,买盘
34,14:57:19,20.72,-0.03,11,22792,卖盘
35,14:57:14,20.75,--,71,147325,卖盘
36,14:57:09,20.75,--,408,846600,卖盘
37,14:56:59,20.75,0.04,25,51875,中性盘
38,14:56:54,20.71,-0.04,320,662720,卖盘
39,14:56:49,20.75,0.01,45,93375,买盘
40,14:56:44,20.74,0.02,296,613904,买盘
41,14:56:39,20.72,--,132,273504,卖盘
42,14:56:34,20.72,--,5,10360,卖盘
43,14:56:29,20.72,0.01,20,41440,买盘
44,14:56:24,20.71,--,10,20710,卖盘
45,14:56:19,20.71,0.01,276,571596,买盘
46,14:56:14,20.7,0.03,775,1604250,买盘
47,14:56:09,20.67,--,70,144690,卖盘
48,14:55:59,20.67,--,35,72345,卖盘
49,14:55:54,20.67,-0.01,42,86814,卖盘
50,14:55:44,20.68,0.01,89,184052,买盘
51,14:55:39,20.67,--,8,16536,卖盘
52,14:55:33,20.67,0.05,45,93015,买盘
53,14:55:28,20.62,-0.03,71,146402,卖盘
54,14:55:24,20.65,--,2,4130,卖盘
55,14:55:09,20.65,--,101,208565,卖盘
56,14:55:03,20.65,0.04,493,1018044,买盘
57,14:54:58,20.61,--,14,28854,买盘
58,14:54:54,20.61,--,34,70074,买盘
59,14:54:44,20.61,--,38,78318,卖盘
60,14:54:38,20.61,-0.01,30,61830,买盘
61,14:54:33,20.62,--,0,0,买盘
62,14:54:29,20.62,0.01,227,468074,买盘
63,14:54:18,20.61,0.01,3,6183,买盘
64,14:54:14,20.6,--,2,4120,卖盘
65,14:54:08,20.6,0.02,470,968200,买盘
66,14:54:03,20.58,0.01,13,26753,买盘
67,14:53:53,20.57,--,2,4114,卖盘
68,14:53:44,20.57,--,10,20570,买盘
69,14:53:38,20.57,--,37,76109,买盘
70,14:53:33,20.57,--,7,14399,买盘
71,14:53:29,20.57,--,17,34969,买盘
72,14:53:23,20.57,--,9,18513,买盘
73,14:53:14,20.57,-0.01,32,65824,卖盘
74,14:53:08,20.58,0.01,18,37044,买盘
75,14:53:03,20.57,--,2,4114,买盘
76,14:52:59,20.57,--,1,2057,买盘
77,14:52:53,20.57,--,0,0,买盘
78,14:52:43,20.57,0.02,11,22627,买盘
79,14:52:38,20.55,--,55,113025,卖盘
80,14:52:33,20.55,--,2,4110,卖盘
81,14:52:23,20.55,0.02,26,53594,买盘
82,14:52:18,20.53,--,6,12318,卖盘
83,14:52:13,20.53,--,7,14371,卖盘
84,14:52:08,20.53,0.01,55,112915,买盘
85,14:51:53,20.52,--,3,6156,卖盘
86,14:51:43,20.52,0.01,72,147744,买盘
87,14:51:38,20.51,-0.01,15,30765,卖盘
88,14:51:33,20.52,-0.01,12,24624,买盘
89,14:51:28,20.53,0.01,42,86226,买盘
90,14:51:23,20.52,-0.01,21,43092,卖盘
91,14:51:13,20.53,--,13,26689,买盘
92,14:51:08,20.53,--,15,30795,买盘
93,14:50:58,20.53,0.01,16,32848,买盘
94,14:50:53,20.52,-0.01,14,28728,卖盘
95,14:50:48,20.53,--,14,28742,买盘
96,14:50:43,20.53,--,6,12318,卖盘
97,14:50:38,20.53,-0.01,1,2053,卖盘
98,14:50:33,20.54,0.01,2,4108,买盘
99,14:50:28,20.53,--,7,14371,买盘
100,14:50:23,20.53,-0.01,2,4106,卖盘
101,14:50:13,20.54,--,0,0,买盘
102,14:50:08,20.54,-0.01,45,92430,卖盘
103,14:49:58,20.55,--,78,162180,卖盘
104,14:49:53,20.55,--,25,51375,卖盘
105,14:49:48,20.55,-0.01,38,78090,卖盘
106,14:49:43,20.56,-0.01,3,6168,买盘
107,14:49:33,20.57,0.02,1,2057,买盘
108,14:49:03,20.55,-0.01,95,195225,卖盘
109,14:48:57,20.56,-0.01,59,121303,卖盘
110,14:48:52,20.57,0.01,5,10285,买盘
111,14:48:37,20.56,-0.02,3,6168,卖盘
112,14:48:33,20.58,0.02,5,10290,买盘
113,14:48:27,20.56,-0.01,146,300176,卖盘
114,14:48:12,20.57,--,5,10285,卖盘
115,14:48:07,20.57,--,129,265353,卖盘
116,14:47:52,20.57,--,17,34969,卖盘
117,14:47:47,20.57,--,5,10285,卖盘
118,14:47:37,20.57,-0.02,5,10285,卖盘
119,14:47:32,20.59,0.04,5,10295,买盘
120,14:47:22,20.55,-0.02,3,6165,卖盘
121,14:47:17,20.57,0.01,17,34969,卖盘
122,14:47:12,20.56,--,0,0,卖盘
123,14:47:07,20.56,--,1,2056,买盘
124,14:47:02,20.56,-0.03,8,16448,卖盘
125,14:46:52,20.59,0.03,4,8236,中性盘
126,14:46:47,20.56,-0.04,18,37008,卖盘
127,14:46:42,20.6,0.04,5,10300,买盘
128,14:46:22,20.56,0.01,19,39064,卖盘
129,14:46:12,20.55,--,0,0,卖盘
130,14:46:07,20.55,-0.01,64,131520,卖盘
131,14:46:02,20.56,0.01,11,22616,买盘
132,14:45:57,20.55,-0.01,11,22605,卖盘
133,14:45:52,20.56,--,0,0,买盘
134,14:45:47,20.56,--,7,14392,卖盘
135,14:45:37,20.56,--,2,4112,卖盘
136,14:45:32,20.56,-0.04,1,2056,卖盘
137,14:45:27,20.6,0.05,20,41200,买盘
138,14:45:22,20.55,--,31,63705,卖盘
139,14:45:17,20.55,-0.05,382,785010,卖盘
140,14:45:07,20.6,0.04,1,2060,买盘
141,14:44:57,20.56,--,0,0,卖盘
142,14:44:52,20.56,-0.01,124,254943,卖盘
143,14:44:47,20.57,-0.03,5,10285,卖盘
144,14:44:32,20.6,--,5,10300,买盘
145,14:44:22,20.6,--,7,14420,卖盘
146,14:44:17,20.6,--,2,4120,卖盘
147,14:44:07,20.6,--,18,37080,卖盘
148,14:44:02,20.6,0.04,3,6180,买盘
149,14:43:57,20.56,-0.04,9,18504,卖盘
150,14:43:52,20.6,--,56,115360,买盘
151,14:43:47,20.6,--,1,2060,买盘
152,14:43:37,20.6,0.03,28,57680,买盘
153,14:43:17,20.57,-0.02,31,63767,卖盘
154,14:43:12,20.59,0.02,10,20590,买盘
155,14:43:07,20.57,--,0,0,卖盘
156,14:42:57,20.57,-0.01,10,20570,卖盘
157,14:42:52,20.58,0.02,10,20580,买盘
158,14:42:37,20.56,-0.04,4,8224,卖盘
159,14:42:32,20.6,0.04,3,6180,买盘
160,14:42:27,20.56,--,10,20560,卖盘
161,14:42:21,20.56,-0.02,9,18504,卖盘
162,14:42:16,20.58,0.02,3,6173,买盘
163,14:42:12,20.56,-0.02,18,37008,卖盘
164,14:42:06,20.58,0.02,1,2058,买盘
165,14:41:57,20.56,-0.02,12,24672,卖盘
166,14:41:51,20.58,0.02,2,4116,买盘
167,14:41:41,20.56,-0.04,5,10280,卖盘
168,14:41:31,20.6,--,1,2060,卖盘
169,14:41:21,20.6,0.05,4,8240,卖盘
170,14:41:16,20.55,--,0,0,卖盘
171,14:41:11,20.55,--,0,0,卖盘
172,14:40:56,20.55,-0.09,196,402780,卖盘
173,14:40:51,20.64,--,7,14448,买盘
174,14:40:46,20.64,0.01,20,41280,买盘
175,14:40:41,20.63,--,8,16504,卖盘
176,14:40:36,20.63,--,5,10315,卖盘
177,14:40:31,20.63,0.01,47,97126,买盘
178,14:40:16,20.62,--,8,16496,卖盘
179,14:40:11,20.62,--,13,26806,卖盘
180,14:40:06,20.62,--,5,10310,卖盘
181,14:40:01,20.62,-0.01,20,41240,卖盘
182,14:39:51,20.63,--,10,20630,买盘
183,14:39:46,20.63,--,39,80457,买盘
184,14:39:41,20.63,--,2,4126,买盘
185,14:39:31,20.63,-0.02,3,6189,买盘
186,14:39:26,20.65,--,0,0,买盘
187,14:39:16,20.65,0.03,86,177590,买盘
188,14:39:11,20.62,-0.03,5,10310,卖盘
189,14:39:06,20.65,0.02,26,53689,买盘
190,14:39:01,20.63,--,20,41260,卖盘
191,14:38:56,20.63,-0.01,143,295009,卖盘
192,14:38:51,20.64,0.01,2,4128,买盘
193,14:38:46,20.63,0.01,116,239308,买盘
194,14:38:41,20.62,-0.01,20,41240,卖盘
195,14:38:36,20.63,0.01,15,30945,买盘
196,14:38:16,20.62,0.02,25,51550,买盘
197,14:38:11,20.6,0.02,9,18540,卖盘
198,14:38:01,20.58,-0.02,51,104957,卖盘
199,14:37:56,20.6,--,30,61800,买盘
200,14:37:51,20.6,--,0,0,买盘
201,14:37:46,20.6,0.03,508,1046480,买盘
202,14:37:41,20.57,-0.01,2,4114,卖盘
203,14:37:36,20.58,--,0,0,买盘
204,14:37:31,20.58,0.04,8,16464,买盘
205,14:37:26,20.54,--,0,0,卖盘
206,14:37:16,20.54,0.02,10,20540,买盘
207,14:37:11,20.52,-0.02,25,51300,卖盘
208,14:37:01,20.54,-0.04,20,41080,卖盘
209,14:36:56,20.58,0.04,70,144060,买盘
210,14:36:46,20.54,0.02,3,6162,卖盘
211,14:36:41,20.52,--,0,0,卖盘
212,14:36:36,20.52,--,0,0,卖盘
213,14:36:26,20.52,-0.02,12,24624,卖盘
214,14:36:21,20.54,--,0,0,买盘
215,14:36:16,20.54,--,2,4108,买盘
216,14:36:10,20.54,--,34,69836,卖盘
217,14:36:06,20.54,-0.03,6,12324,中性盘
218,14:36:01,20.57,0.05,1,2057,买盘
219,14:35:56,20.52,--,0,0,卖盘
220,14:35:46,20.52,--,0,0,卖盘
221,14:35:41,20.52,--,22,45144,卖盘
222,14:35:35,20.52,0.03,12,24624,买盘
223,14:35:30,20.49,-0.03,1,2049,中性盘
224,14:35:25,20.52,0.02,44,90288,买盘
225,14:35:20,20.5,--,6,12300,买盘
226,14:35:10,20.5,0.02,10,20500,买盘
227,14:34:55,20.48,--,8,16384,买盘
228,14:34:50,20.48,--,24,49152,买盘
229,14:34:40,20.48,0.02,20,40960,买盘
230,14:34:35,20.46,-0.01,5,10230,卖盘
231,14:34:30,20.47,--,0,0,买盘
232,14:34:25,20.47,-0.01,13,26611,卖盘
233,14:34:20,20.48,--,59,120832,买盘
234,14:34:15,20.48,--,3,6144,买盘
235,14:34:10,20.48,--,5,10240,买盘
236,14:34:05,20.48,0.01,17,34816,买盘
237,14:34:00,20.47,-0.01,5,10235,卖盘
238,14:33:50,20.48,0.01,14,28672,买盘
239,14:33:40,20.47,--,2,4094,卖盘
240,14:33:35,20.47,-0.01,230,470810,卖盘
241,14:33:15,20.48,--,8,16384,买盘
242,14:33:00,20.48,-0.02,6,12288,卖盘
243,14:32:55,20.5,0.02,3,6150,买盘
244,14:32:50,20.48,-0.02,18,36864,卖盘
245,14:32:35,20.5,--,5,10250,买盘
246,14:32:30,20.5,--,2,4100,卖盘
247,14:32:25,20.5,--,19,38950,卖盘
248,14:32:20,20.5,-0.01,2,4100,卖盘
249,14:32:10,20.51,--,16,32816,买盘
250,14:32:00,20.51,-0.01,105,215355,卖盘
251,14:31:45,20.52,--,2,4104,买盘
252,14:31:25,20.52,--,47,96444,卖盘
253,14:31:05,20.52,--,1,2052,卖盘
254,14:31:00,20.52,--,4,8208,卖盘
255,14:30:55,20.52,-0.01,2,4104,卖盘
256,14:30:45,20.53,--,1,2053,买盘
257,14:30:40,20.53,--,1,2053,买盘
258,14:30:25,20.53,-0.05,9,18477,卖盘
259,14:30:20,20.58,--,0,0,买盘
260,14:30:10,20.58,0.06,38,78204,买盘
261,14:30:05,20.52,--,0,0,卖盘
262,14:29:50,20.52,-0.01,20,41040,卖盘
263,14:29:30,20.53,-0.04,2,4106,卖盘
264,14:29:25,20.57,0.04,67,137819,买盘
265,14:29:20,20.53,-0.02,7,14371,卖盘
266,14:29:10,20.55,-0.01,23,47265,买盘
267,14:29:05,20.56,--,0,0,买盘
268,14:29:00,20.56,--,0,0,买盘
269,14:28:55,20.56,--,0,0,买盘
270,14:28:50,20.56,0.03,5,10280,买盘
271,14:28:40,20.53,-0.02,5,10265,卖盘
272,14:28:35,20.55,-0.02,5,10275,卖盘
273,14:28:29,20.57,--,0,0,买盘
274,14:28:20,20.57,--,9,18513,卖盘
275,14:28:14,20.57,-0.01,16,32912,卖盘
276,14:27:55,20.58,--,4,8232,卖盘
277,14:27:49,20.58,--,37,76146,卖盘
278,14:27:44,20.58,--,4,8232,卖盘
279,14:27:34,20.58,--,1,2058,卖盘
280,14:27:29,20.58,--,2,4116,卖盘
281,14:27:24,20.58,--,0,0,卖盘
282,14:27:09,20.58,--,101,207857,卖盘
283,14:27:04,20.58,-0.01,11,22637,卖盘
284,14:26:59,20.59,0.01,1,2059,卖盘
285,14:26:54,20.58,--,0,0,卖盘
286,14:26:49,20.58,--,32,65856,卖盘
287,14:26:44,20.58,--,2,4116,卖盘
288,14:26:39,20.58,-0.02,5,10290,卖盘
289,14:26:14,20.6,--,10,20600,买盘
290,14:26:04,20.6,-0.01,11,22660,卖盘
291,14:25:54,20.61,--,95,195795,买盘
292,14:25:49,20.61,0.01,15,30915,买盘
293,14:25:44,20.6,-0.01,2,4120,卖盘
294,14:25:34,20.61,0.01,8,16488,买盘
295,14:25:19,20.6,-0.03,13,26780,卖盘
296,14:25:14,20.63,0.03,1,2063,买盘
297,14:24:54,20.6,--,5,10300,卖盘
298,14:24:44,20.6,0.02,14,28840,买盘
299,14:24:39,20.58,-0.02,5,10290,卖盘
300,14:24:34,20.6,--,3,6180,买盘
301,14:24:29,20.6,--,5,10300,买盘
302,14:24:14,20.6,--,28,57680,买盘
303,14:23:49,20.6,0.02,10,20600,买盘
304,14:23:44,20.58,--,0,0,卖盘
305,14:23:39,20.58,-0.07,10,20580,卖盘
306,14:23:29,20.65,0.07,50,103250,买盘
307,14:23:19,20.58,--,17,34986,卖盘
308,14:23:14,20.58,-0.01,12,24695,卖盘
309,14:23:09,20.59,-0.07,6,12354,卖盘
310,14:22:59,20.66,0.07,5,10330,买盘
311,14:22:54,20.59,--,7,14413,买盘
312,14:22:49,20.59,--,5,10295,买盘
313,14:22:44,20.59,-0.01,17,35003,卖盘
314,14:22:34,20.6,-0.05,19,39140,中性盘
315,14:22:29,20.65,0.04,50,103250,买盘
316,14:22:24,20.61,0.02,3,6183,买盘
317,14:22:18,20.59,-0.01,6,12354,卖盘
318,14:22:14,20.6,--,27,55620,买盘
319,14:22:09,20.6,0.01,40,82400,买盘
320,14:21:59,20.59,0.01,3,6177,买盘
321,14:21:54,20.58,-0.01,39,80262,卖盘
322,14:21:49,20.59,-0.01,6,12354,卖盘
323,14:21:44,20.6,--,7,14420,买盘
324,14:21:29,20.6,0.03,7,14420,买盘
325,14:21:23,20.57,-0.02,10,20570,卖盘
326,14:21:19,20.59,--,8,16472,卖盘
327,14:21:14,20.59,0.02,5,10295,卖盘
328,14:21:08,20.57,--,0,0,卖盘
329,14:21:04,20.57,--,113,232441,卖盘
330,14:20:59,20.57,-0.02,35,71995,卖盘
331,14:20:53,20.59,0.02,56,115304,买盘
332,14:20:33,20.57,0.05,7,14399,买盘
333,14:20:29,20.52,-0.05,29,59508,卖盘
334,14:20:23,20.57,--,2,4114,买盘
335,14:20:13,20.57,-0.02,1,2057,中性盘
336,14:20:08,20.59,--,25,51475,买盘
337,14:19:58,20.59,-0.01,89,183251,卖盘
338,14:19:53,20.6,--,121,249260,卖盘
339,14:19:28,20.6,--,9,18540,卖盘
340,14:19:23,20.6,0.01,70,144200,买盘
341,14:19:18,20.59,0.02,73,150430,买盘
342,14:19:13,20.57,-0.01,13,26741,买盘
343,14:19:08,20.58,--,0,0,买盘
344,14:18:58,20.58,0.08,89,183161,买盘
345,14:18:53,20.5,--,59,120950,买盘
346,14:18:48,20.5,--,20,41000,买盘
347,14:18:43,20.5,-0.07,89,184377,卖盘
348,14:18:38,20.57,0.01,2,4114,买盘
349,14:18:33,20.56,--,3,6168,买盘
350,14:18:28,20.56,-0.01,8,16448,卖盘
351,14:18:23,20.57,0.01,14,28798,买盘
352,14:18:18,20.56,--,22,45232,买盘
353,14:18:08,20.56,0.01,10,20560,买盘
354,14:18:03,20.55,--,7,14385,买盘
355,14:17:58,20.55,--,6,12330,买盘
356,14:17:53,20.55,--,28,57540,卖盘
357,14:17:48,20.55,0.03,2,4110,买盘
358,14:17:43,20.52,-0.03,3,6156,买盘
359,14:17:37,20.55,--,0,0,买盘
360,14:17:28,20.55,0.02,11,22605,买盘
361,14:17:23,20.53,-0.01,10,20530,卖盘
362,14:17:13,20.54,--,10,20540,买盘
363,14:16:58,20.54,0.02,5,10270,买盘
364,14:16:53,20.52,0.02,21,43092,买盘
365,14:16:37,20.5,--,12,24723,买盘
366,14:16:18,20.5,--,3,6150,买盘
367,14:16:13,20.5,--,10,20500,买盘
368,14:16:07,20.5,--,4,8200,买盘
369,14:15:58,20.5,0.01,54,110700,买盘
370,14:15:53,20.49,-0.01,23,47127,卖盘
371,14:15:42,20.5,--,2,4100,买盘
372,14:15:37,20.5,--,13,26650,买盘
373,14:15:28,20.5,--,3,6150,买盘
374,14:15:23,20.5,0.01,6,12300,买盘
375,14:15:13,20.49,--,9,18441,卖盘
376,14:15:07,20.49,0.03,20,40980,买盘
377,14:14:42,20.46,0.02,49,100254,买盘
378,14:14:37,20.44,-0.02,13,26572,卖盘
379,14:14:27,20.46,--,1,2046,买盘
380,14:14:12,20.46,-0.01,4,8184,卖盘
381,14:14:07,20.47,0.01,3,6141,买盘
382,14:13:52,20.46,0.03,1,2046,卖盘
383,14:13:37,20.43,--,0,0,卖盘
384,14:13:12,20.43,-0.07,18,36774,卖盘
385,14:13:02,20.5,--,30,61500,买盘
386,14:12:52,20.5,--,5,10250,买盘
387,14:12:42,20.5,--,10,20500,买盘
388,14:12:37,20.5,--,0,0,买盘
389,14:12:27,20.5,0.07,300,615000,买盘
390,14:12:22,20.43,--,5,10215,买盘
391,14:12:17,20.43,0.01,3,6129,买盘
392,14:12:07,20.42,-0.01,3,6126,卖盘
393,14:11:57,20.43,--,6,12258,卖盘
394,14:11:46,20.43,--,25,51075,买盘
395,14:11:37,20.43,0.01,16,32688,买盘
396,14:11:27,20.42,-0.01,12,24504,卖盘
397,14:11:22,20.43,--,17,34731,卖盘
398,14:11:07,20.43,--,13,26559,买盘
399,14:11:01,20.43,-0.01,15,30645,卖盘
400,14:10:27,20.44,-0.03,3,6132,卖盘
401,14:10:07,20.47,0.03,44,90068,买盘
402,14:10:01,20.44,-0.01,6,12264,卖盘
403,14:09:46,20.45,--,10,20450,买盘
404,14:09:37,20.45,-0.01,23,47035,卖盘
405,14:09:16,20.46,-0.01,8,18291,卖盘
406,14:09:12,20.47,--,20,40940,买盘
407,14:09:01,20.47,0.01,1,2047,买盘
408,14:08:52,20.46,--,44,90024,卖盘
409,14:08:46,20.46,--,1,2046,卖盘
410,14:08:36,20.46,--,20,40920,卖盘
411,14:08:31,20.46,--,1,2046,卖盘
412,14:08:16,20.46,-0.01,0,122,卖盘
413,14:08:11,20.47,--,20,40940,买盘
414,14:08:07,20.47,--,2,4094,买盘
415,14:08:01,20.47,--,12,24564,买盘
416,14:07:46,20.47,--,6,12282,买盘
417,14:07:31,20.47,0.01,31,63457,买盘
418,14:07:21,20.46,--,13,26598,卖盘
419,14:07:07,20.46,--,32,65472,卖盘
420,14:07:01,20.46,-0.01,7,14322,卖盘
421,14:06:52,20.47,0.01,20,40940,买盘
422,14:06:46,20.46,--,2,4092,卖盘
423,14:06:21,20.46,--,1,2046,卖盘
424,14:06:16,20.46,-0.01,10,20460,卖盘
425,14:06:06,20.47,0.01,20,40940,买盘
426,14:06:01,20.46,-0.01,20,40920,卖盘
427,14:05:51,20.47,--,3,6141,买盘
428,14:05:46,20.47,0.01,5,10235,买盘
429,14:05:26,20.46,--,5,10230,卖盘
430,14:05:21,20.46,-0.01,2,4092,卖盘
431,14:05:06,20.47,-0.02,9,18423,买盘
432,14:05:01,20.49,--,0,0,买盘
433,14:04:46,20.49,--,2,4098,买盘
434,14:04:36,20.49,0.01,17,34833,买盘
435,14:04:31,20.48,-0.01,1,2048,卖盘
436,14:04:25,20.49,--,20,40980,买盘
437,14:04:16,20.49,0.01,3,6146,买盘
438,14:03:51,20.48,--,1,2048,卖盘
439,14:03:46,20.48,--,2,4096,买盘
440,14:03:40,20.48,0.03,1,2048,买盘
441,14:03:31,20.45,-0.04,21,42945,卖盘
442,14:03:21,20.49,--,0,0,买盘
443,14:03:16,20.49,0.05,5,10245,买盘
444,14:03:10,20.44,--,0,0,卖盘
445,14:03:01,20.44,0.01,1,2044,卖盘
446,14:02:55,20.43,--,0,0,卖盘
447,14:02:31,20.43,0.01,1,2043,中性盘
448,14:02:25,20.42,-0.07,20,40840,卖盘
449,14:02:21,20.49,0.08,30,61469,买盘
450,14:02:16,20.41,--,0,0,卖盘
451,14:02:10,20.41,--,3,6123,卖盘
452,14:02:06,20.41,-0.08,18,36738,卖盘
453,14:02:01,20.49,0.08,4,8196,买盘
454,14:01:51,20.41,--,0,0,卖盘
455,14:01:46,20.41,-0.09,30,61230,卖盘
456,14:01:40,20.5,0.1,1,2050,买盘
457,14:01:10,20.4,--,39,80498,买盘
458,14:01:05,20.4,--,60,122399,买盘
459,14:01:00,20.4,--,4,8159,买盘
460,14:00:55,20.4,--,19,38760,买盘
461,14:00:50,20.4,-0.1,177,362181,卖盘
462,14:00:45,20.5,0.06,34,69700,买盘
463,14:00:40,20.44,--,29,59276,卖盘
464,14:00:31,20.44,--,2,4088,卖盘
465,14:00:15,20.44,-0.06,3,6132,卖盘
466,14:00:10,20.5,0.06,69,141450,买盘
467,14:00:05,20.44,--,2,4088,卖盘
468,13:59:55,20.44,-0.06,7,14308,卖盘
469,13:59:46,20.5,--,0,0,中性盘
470,13:59:40,20.5,-0.03,10,20500,卖盘
471,13:59:35,20.53,--,0,0,买盘
472,13:59:30,20.53,--,0,0,买盘
473,13:59:25,20.53,0.09,83,170399,买盘
474,13:59:10,20.44,--,3,6132,卖盘
475,13:59:05,20.44,0.02,1,2044,卖盘
476,13:59:00,20.42,-0.03,63,128646,卖盘
477,13:58:55,20.45,0.01,6,12270,买盘
478,13:58:45,20.44,--,10,20440,买盘
479,13:58:35,20.44,--,5,10220,买盘
480,13:58:25,20.44,0.01,3,6132,买盘
481,13:58:05,20.43,--,10,21369,买盘
482,13:58:00,20.43,--,15,30645,买盘
483,13:57:55,20.43,--,38,77634,买盘
484,13:57:45,20.43,--,10,20430,买盘
485,13:57:30,20.43,--,0,0,买盘
486,13:57:25,20.43,0.01,65,132795,买盘
487,13:57:19,20.42,--,3,6126,买盘
488,13:57:15,20.42,-0.01,8,16336,卖盘
489,13:57:04,20.43,0.01,34,69462,买盘
490,13:56:55,20.42,--,15,30630,买盘
491,13:56:45,20.42,--,5,10210,买盘
492,13:56:19,20.42,--,0,0,买盘
493,13:56:15,20.42,0.02,1,2042,买盘
494,13:56:10,20.4,--,8,16319,卖盘
495,13:56:04,20.4,-0.02,10,20400,卖盘
496,13:55:49,20.42,0.02,2,4084,买盘
497,13:55:45,20.4,--,0,0,卖盘
498,13:55:40,20.4,-0.02,9,18360,卖盘
499,13:55:34,20.42,0.02,2,4084,买盘
500,13:55:19,20.4,-0.02,8,16319,卖盘
501,13:55:04,20.42,--,5,10210,买盘
502,13:54:39,20.42,0.02,5,10210,买盘
503,13:54:30,20.4,--,2,4079,卖盘
504,13:54:24,20.4,0.01,2,4079,买盘
505,13:54:19,20.39,--,3,6117,卖盘
506,13:54:04,20.39,--,4,8156,卖盘
507,13:53:54,20.39,-0.01,18,36702,卖盘
508,13:53:39,20.4,--,5,10200,买盘
509,13:53:34,20.4,--,1,2039,买盘
510,13:53:29,20.4,0.01,2,4079,买盘
511,13:53:09,20.39,--,14,28546,买盘
512,13:53:04,20.39,--,2,4078,买盘
513,13:52:59,20.39,0.01,10,20390,买盘
514,13:52:44,20.38,--,0,0,中性盘
515,13:52:34,20.38,-0.02,1,2038,中性盘
516,13:52:24,20.4,0.05,53,108119,买盘
517,13:52:14,20.35,--,0,0,卖盘
518,13:52:09,20.35,-0.01,63,128205,卖盘
519,13:52:04,20.36,--,0,0,卖盘
520,13:51:59,20.36,0.01,7,14252,卖盘
521,13:51:34,20.35,-0.05,21,42735,卖盘
522,13:51:24,20.4,0.05,1,2039,买盘
523,13:51:19,20.35,-0.04,13,26455,中性盘
524,13:51:09,20.39,-0.01,1,2039,中性盘
525,13:51:04,20.4,0.07,11,22440,买盘
526,13:50:59,20.33,-0.07,18,36594,卖盘
527,13:50:54,20.4,--,249,507959,买盘
528,13:50:39,20.4,--,10,20400,买盘
529,13:50:34,20.4,-0.01,19,38760,卖盘
530,13:50:29,20.41,0.01,1,2041,买盘
531,13:50:24,20.4,-0.01,38,77520,卖盘
532,13:50:19,20.41,0.01,11,22451,买盘
533,13:50:04,20.4,--,13,26519,卖盘
534,13:49:59,20.4,--,1,2039,卖盘
535,13:49:54,20.4,--,0,0,卖盘
536,13:49:43,20.4,--,4,8159,买盘
537,13:49:34,20.4,-0.01,2,4079,买盘
538,13:49:24,20.41,0.03,3,6123,卖盘
539,13:49:19,20.38,--,54,110052,卖盘
540,13:49:13,20.38,-0.01,5,10190,卖盘
541,13:49:04,20.39,0.01,11,22429,买盘
542,13:48:54,20.38,-0.01,1,2038,卖盘
543,13:48:49,20.39,--,12,24468,买盘
544,13:48:43,20.39,--,6,12234,买盘
545,13:48:39,20.39,-0.01,23,46897,卖盘
546,13:48:33,20.4,--,2,4079,买盘
547,13:48:24,20.4,0.01,9,18360,买盘
548,13:48:13,20.39,--,3,6117,卖盘
549,13:48:08,20.39,0.06,11,22429,买盘
550,13:48:04,20.33,--,122,249225,买盘
551,13:47:58,20.33,--,246,500117,买盘
552,13:47:54,20.33,--,3,6098,买盘
553,13:47:49,20.33,--,130,264290,买盘
554,13:47:43,20.33,--,55,111814,买盘
555,13:47:33,20.33,0.01,12,24395,卖盘
556,13:47:28,20.32,--,0,0,卖盘
557,13:47:24,20.32,-0.07,105,213360,卖盘
558,13:47:18,20.39,0.08,14,28546,买盘
559,13:47:09,20.31,-0.01,15,30464,卖盘
560,13:47:03,20.32,0.01,2,4064,买盘
561,13:46:58,20.31,0.01,853,1732443,中性盘
562,13:46:43,20.3,--,0,0,卖盘
563,13:46:38,20.3,-0.09,1005,2040150,卖盘
564,13:46:33,20.39,-0.02,7,14273,卖盘
565,13:46:28,20.41,0.01,89,181649,买盘
566,13:46:03,20.4,0.01,4,8159,买盘
567,13:45:58,20.39,--,0,0,卖盘
568,13:45:48,20.39,-0.04,7,14273,卖盘
569,13:45:43,20.43,0.04,61,124623,买盘
570,13:45:38,20.39,0.01,10,20390,买盘
571,13:45:33,20.38,-0.01,32,65216,卖盘
572,13:45:28,20.39,-0.01,21,42819,卖盘
573,13:45:13,20.4,--,29,59159,买盘
574,13:45:08,20.4,--,1,2039,买盘
575,13:45:03,20.4,--,4,8159,买盘
576,13:44:58,20.4,-0.03,48,97920,卖盘
577,13:44:43,20.43,0.04,2,4086,买盘
578,13:44:38,20.39,--,0,0,卖盘
579,13:44:33,20.39,-0.04,6,12234,卖盘
580,13:44:28,20.43,--,200,408600,买盘
581,13:44:18,20.43,0.03,9,18387,买盘
582,13:44:13,20.4,-0.03,5,10200,卖盘
583,13:44:03,20.43,--,15,30645,买盘
584,13:43:58,20.43,--,0,0,买盘
585,13:43:53,20.43,--,0,0,买盘
586,13:43:43,20.43,--,30,61290,买盘
587,13:43:33,20.43,0.04,110,224730,买盘
588,13:43:28,20.39,-0.01,10,20390,卖盘
589,13:43:23,20.4,--,5,10200,买盘
590,13:43:18,20.4,0.01,5,10200,买盘
591,13:43:13,20.39,--,10,20390,卖盘
592,13:43:08,20.39,--,1,2039,卖盘
593,13:42:58,20.39,-0.01,7,14273,卖盘
594,13:42:53,20.4,0.01,33,67320,买盘
595,13:42:38,20.39,--,37,75443,买盘
596,13:42:33,20.39,0.01,3,6117,买盘
597,13:42:28,20.38,--,1,2038,卖盘
598,13:42:23,20.38,--,20,40760,卖盘
599,13:42:18,20.38,--,64,130432,卖盘
600,13:42:08,20.38,--,2,4076,卖盘
601,13:42:03,20.38,--,5,10190,卖盘
602,13:41:58,20.38,0.02,4,8152,中性盘
603,13:41:43,20.36,--,70,142520,卖盘
604,13:41:33,20.36,--,61,124196,卖盘
605,13:41:28,20.36,--,3,6108,卖盘
606,13:41:18,20.36,--,20,40720,卖盘
607,13:41:13,20.36,-0.02,2,4072,卖盘
608,13:41:03,20.38,--,34,69292,买盘
609,13:40:58,20.38,--,40,81520,卖盘
610,13:40:48,20.38,--,30,61140,卖盘
611,13:40:43,20.38,-0.01,11,22418,卖盘
612,13:40:33,20.39,-0.01,13,26507,卖盘
613,13:40:18,20.4,--,28,57119,卖盘
614,13:40:07,20.4,--,0,0,卖盘
615,13:40:03,20.4,--,2,4079,卖盘
616,13:39:58,20.4,-0.05,266,542640,卖盘
617,13:39:42,20.45,-0.01,40,81800,卖盘
618,13:39:37,20.46,--,20,40920,卖盘
619,13:39:27,20.46,-0.01,5,10230,卖盘
620,13:39:22,20.47,--,5,10235,卖盘
621,13:39:17,20.47,--,3,6141,卖盘
622,13:39:07,20.47,-0.01,1,2047,卖盘
623,13:38:57,20.48,--,11,22528,买盘
624,13:38:42,20.48,--,8,16384,卖盘
625,13:38:32,20.48,--,1,2048,卖盘
626,13:38:27,20.48,-0.02,2,4096,卖盘
627,13:38:07,20.5,--,0,0,买盘
628,13:37:27,20.5,-0.05,40,82000,卖盘
629,13:37:17,20.55,--,0,0,中性盘
630,13:37:12,20.55,--,40,82200,卖盘
631,13:37:02,20.55,0.08,10,20550,买盘
632,13:36:57,20.47,--,2,4094,买盘
633,13:36:52,20.47,-0.09,5,10235,卖盘
634,13:36:37,20.56,--,0,0,买盘
635,13:36:32,20.56,0.09,2,4112,买盘
636,13:36:27,20.47,--,0,0,卖盘
637,13:36:22,20.47,0.01,1,2047,卖盘
638,13:36:17,20.46,--,0,0,卖盘
639,13:36:07,20.46,--,303,619938,卖盘
640,13:35:57,20.46,-0.01,2,4092,卖盘
641,13:35:37,20.47,-0.03,335,685745,卖盘
642,13:35:27,20.5,--,1,2050,买盘
643,13:35:07,20.5,0.03,14,28700,买盘
644,13:34:57,20.47,0.01,41,83927,买盘
645,13:34:27,20.46,--,6,12276,卖盘
646,13:34:22,20.46,-0.01,5,10230,卖盘
647,13:34:12,20.47,-0.02,51,104397,买盘
648,13:33:57,20.49,--,0,0,买盘
649,13:33:52,20.49,0.03,8,16392,买盘
650,13:33:46,20.46,--,1,2046,卖盘
651,13:33:42,20.46,-0.03,5,10230,卖盘
652,13:33:16,20.49,--,1,2049,买盘
653,13:33:07,20.49,--,2,4098,买盘
654,13:33:01,20.49,--,16,32784,卖盘
655,13:32:52,20.49,--,5,10245,买盘
656,13:32:37,20.49,0.03,13,26636,买盘
657,13:32:31,20.46,-0.03,25,51150,卖盘
658,13:32:26,20.49,--,10,20490,买盘
659,13:32:16,20.49,--,7,14342,买盘
660,13:32:11,20.49,--,0,0,买盘
661,13:31:57,20.49,0.05,14,28685,买盘
662,13:31:51,20.44,-0.02,10,20440,卖盘
663,13:31:46,20.46,--,43,87978,买盘
664,13:31:41,20.46,--,1,2046,买盘
665,13:31:31,20.46,0.05,10,20460,买盘
666,13:31:16,20.41,--,58,118378,买盘
667,13:31:11,20.41,0.01,25,51025,买盘
668,13:31:06,20.4,--,115,234599,卖盘
669,13:31:01,20.4,-0.01,24,48960,卖盘
670,13:30:56,20.41,0.01,5,10205,买盘
671,13:30:51,20.4,-0.01,22,44880,卖盘
672,13:30:46,20.41,--,3,6123,买盘
673,13:30:41,20.41,--,2,4082,买盘
674,13:30:36,20.41,--,16,32656,卖盘
675,13:30:31,20.41,-0.01,35,71435,卖盘
676,13:30:21,20.42,-0.03,11,22462,买盘
677,13:30:16,20.45,--,8,16360,卖盘
678,13:30:06,20.45,0.04,43,87935,买盘
679,13:30:01,20.41,--,7,14287,卖盘
680,13:29:51,20.41,0.01,1,2041,卖盘
681,13:29:46,20.4,--,0,0,卖盘
682,13:29:31,20.4,--,13,26519,买盘
683,13:29:26,20.4,0.01,8,16319,买盘
684,13:29:21,20.39,--,2,4078,卖盘
685,13:29:16,20.39,--,1,2039,买盘
686,13:29:11,20.39,--,2,4078,买盘
687,13:29:06,20.39,0.01,19,38741,买盘
688,13:29:01,20.38,--,29,59102,卖盘
689,13:28:56,20.38,-0.01,6,12228,卖盘
690,13:28:51,20.39,0.01,13,26507,买盘
691,13:28:46,20.38,0.02,35,71330,中性盘
692,13:28:41,20.36,-0.03,80,162880,卖盘
693,13:28:36,20.39,--,25,50975,买盘
694,13:28:31,20.39,0.02,10,20390,买盘
695,13:28:26,20.37,-0.01,2,4074,卖盘
696,13:28:21,20.38,--,204,415752,买盘
697,13:28:16,20.38,--,81,165078,买盘
698,13:28:11,20.38,--,13,26494,买盘
699,13:28:06,20.38,-0.01,126,256788,卖盘
700,13:28:01,20.39,--,132,269148,买盘
701,13:27:56,20.39,-0.01,57,116223,中性盘
702,13:27:51,20.4,--,100,204000,买盘
703,13:27:46,20.4,--,24,48960,买盘
704,13:27:40,20.4,--,5,10200,卖盘
705,13:27:36,20.4,--,72,146880,卖盘
706,13:27:31,20.4,--,1,2039,卖盘
707,13:27:16,20.4,-0.06,201,410040,卖盘
708,13:27:06,20.46,0.01,2,4092,中性盘
709,13:27:01,20.45,-0.02,51,104295,卖盘
710,13:26:46,20.47,--,5,10235,买盘
711,13:26:40,20.47,-0.02,29,59363,卖盘
712,13:26:36,20.49,-0.01,10,20490,卖盘
713,13:26:16,20.5,--,56,114800,买盘
714,13:26:10,20.5,-0.01,15,30750,卖盘
715,13:26:06,20.51,--,6,12306,买盘
716,13:25:51,20.51,-0.06,3,6153,卖盘
717,13:25:21,20.57,--,0,0,买盘
718,13:25:09,20.57,--,0,0,买盘
719,13:25:06,20.57,--,0,0,买盘
720,13:25:00,20.57,--,2,4114,买盘
721,13:24:55,20.57,0.08,10,20570,买盘
722,13:24:45,20.49,-0.02,12,24587,卖盘
723,13:24:40,20.51,-0.06,6,12306,卖盘
724,13:24:35,20.57,--,38,78166,卖盘
725,13:24:31,20.57,0.08,12,24684,买盘
726,13:24:25,20.49,--,0,0,卖盘
727,13:24:10,20.49,--,0,0,卖盘
728,13:24:06,20.49,0.02,5,10245,卖盘
729,13:23:55,20.47,--,0,0,卖盘
730,13:23:45,20.47,--,0,0,卖盘
731,13:23:40,20.47,-0.01,50,102350,卖盘
732,13:23:35,20.48,--,49,100352,买盘
733,13:23:30,20.48,--,20,40960,买盘
734,13:23:20,20.48,--,2,4096,买盘
735,13:23:15,20.48,--,5,10240,买盘
736,13:23:10,20.48,--,49,100352,卖盘
737,13:22:55,20.48,--,0,0,卖盘
738,13:22:50,20.48,--,2,4096,买盘
739,13:22:45,20.48,0.02,236,483348,买盘
740,13:22:39,20.46,--,9,18414,买盘
741,13:22:30,20.46,--,21,42966,买盘
742,13:22:25,20.46,-0.01,144,294624,卖盘
743,13:22:15,20.47,--,17,34799,买盘
744,13:22:09,20.47,--,5,10235,买盘
745,13:22:05,20.47,--,10,20470,买盘
746,13:22:00,20.47,-0.01,17,34799,卖盘
747,13:21:55,20.48,0.01,125,256000,卖盘
748,13:21:50,20.47,--,0,0,卖盘
749,13:21:45,20.47,-0.02,50,102350,卖盘
750,13:21:30,20.49,-0.01,12,24587,卖盘
751,13:21:25,20.5,--,0,0,中性盘
752,13:21:20,20.5,--,0,0,买盘
753,13:21:15,20.5,-0.04,280,574000,卖盘
754,13:21:05,20.54,-0.04,22,45188,卖盘
755,13:21:00,20.58,0.04,5,10290,买盘
756,13:20:45,20.54,--,15,30810,买盘
757,13:20:39,20.54,--,1,2054,买盘
758,13:20:35,20.54,--,14,28756,卖盘
759,13:20:20,20.54,0.01,2,4108,买盘
760,13:20:15,20.53,-0.01,5,10265,卖盘
761,13:20:05,20.54,0.01,2,4108,买盘
762,13:19:45,20.53,--,2,4106,卖盘
763,13:19:34,20.53,-0.01,10,20530,卖盘
764,13:19:30,20.54,--,3,6162,买盘
765,13:19:25,20.54,--,5,10270,买盘
766,13:19:19,20.54,--,5,10270,买盘
767,13:19:14,20.54,--,31,63674,买盘
768,13:19:09,20.54,--,4,8216,卖盘
769,13:18:49,20.54,-0.01,10,20540,卖盘
770,13:18:45,20.55,--,0,0,买盘
771,13:18:40,20.55,-0.01,1,2055,卖盘
772,13:18:34,20.56,--,0,0,买盘
773,13:18:30,20.56,--,7,14392,卖盘
774,13:18:25,20.56,-0.02,1,2056,卖盘
775,13:18:00,20.58,-0.01,70,144060,卖盘
776,13:17:49,20.59,--,0,0,中性盘
777,13:17:24,20.59,-0.02,1,2059,卖盘
778,13:17:18,20.61,-0.03,275,566775,卖盘
779,13:17:09,20.64,0.01,1,2064,买盘
780,13:16:59,20.63,-0.02,2,4126,卖盘
781,13:16:54,20.65,0.02,1,2065,买盘
782,13:16:48,20.63,-0.02,5,10315,卖盘
783,13:16:29,20.65,--,33,68145,卖盘
784,13:16:14,20.65,--,15,30974,卖盘
785,13:16:09,20.65,--,2,4130,买盘
786,13:15:44,20.65,-0.01,10,22694,卖盘
787,13:15:09,20.66,-0.02,6,12396,卖盘
788,13:14:54,20.68,--,0,0,买盘
789,13:13:14,20.68,--,1,2068,买盘
790,13:12:49,20.68,--,3,6204,买盘
791,13:12:34,20.68,--,0,0,买盘
792,13:12:29,20.68,--,0,0,买盘
793,13:12:24,20.68,0.01,19,39292,买盘
794,13:12:18,20.67,--,0,0,买盘
795,13:12:14,20.67,--,2,4134,卖盘
796,13:11:54,20.67,--,1,2067,卖盘
797,13:11:42,20.67,--,2,4134,卖盘
798,13:11:39,20.67,--,1,2067,买盘
799,13:11:33,20.67,--,0,0,买盘
800,13:10:57,20.67,--,5,10335,卖盘
801,13:10:54,20.67,--,1,2067,卖盘
802,13:10:39,20.67,0.02,5,10335,买盘
803,13:10:24,20.65,--,9,18585,卖盘
804,13:10:18,20.65,--,0,20,卖盘
805,13:10:09,20.65,--,5,10325,卖盘
806,13:09:49,20.65,-0.02,4,8260,卖盘
807,13:09:39,20.67,--,6,12402,卖盘
808,13:09:33,20.67,-0.01,11,22737,卖盘
809,13:09:18,20.68,--,1,2068,卖盘
810,13:09:09,20.68,-0.02,4,8272,卖盘
811,13:08:48,20.7,-0.03,10,20700,卖盘
812,13:08:33,20.73,0.03,5,10365,买盘
813,13:08:18,20.7,--,28,57960,卖盘
814,13:08:08,20.7,--,11,22770,卖盘
815,13:08:03,20.7,--,18,37260,卖盘
816,13:07:33,20.7,--,0,0,卖盘
817,13:07:18,20.7,-0.01,11,22770,卖盘
818,13:07:13,20.71,--,0,0,买盘
819,13:07:08,20.71,-0.03,7,14497,卖盘
820,13:07:03,20.74,--,1,2074,卖盘
821,13:06:53,20.74,--,2,4148,买盘
822,13:06:48,20.74,--,14,29035,卖盘
823,13:06:43,20.74,--,7,14517,买盘
824,13:06:33,20.74,--,2,4148,买盘
825,13:05:58,20.74,--,0,0,买盘
826,13:05:38,20.74,0.04,1,2074,买盘
827,13:05:28,20.7,-0.01,20,41400,卖盘
828,13:05:23,20.71,0.01,5,10355,买盘
829,13:04:58,20.7,--,0,0,卖盘
830,13:04:53,20.7,--,39,80730,卖盘
831,13:04:32,20.7,-0.01,14,28980,卖盘
832,13:04:28,20.71,-0.04,4,8284,卖盘
833,13:04:12,20.75,0.04,1,2075,买盘
834,13:03:18,20.71,--,0,0,卖盘
835,13:03:13,20.71,-0.04,11,22781,中性盘
836,13:03:07,20.75,0.05,1,2075,买盘
837,13:03:03,20.7,--,20,41400,卖盘
838,13:02:47,20.7,--,0,0,卖盘
839,13:02:43,20.7,--,0,0,卖盘
840,13:02:36,20.7,--,1,2070,买盘
841,13:02:06,20.7,0.02,1,2070,买盘
842,13:02:03,20.68,--,10,20680,卖盘
843,13:01:22,20.68,-0.02,1,2068,卖盘
844,13:01:17,20.7,0.02,1,2070,买盘
845,13:01:07,20.68,-0.01,3,6204,卖盘
846,13:00:57,20.69,--,0,0,中性盘
847,13:00:52,20.69,0.01,27,55863,买盘
848,13:00:37,20.68,--,1,2068,卖盘
849,13:00:27,20.68,-0.01,2,4136,卖盘
850,13:00:17,20.69,--,4,8276,买盘
851,13:00:12,20.69,--,11,22759,买盘
852,13:00:07,20.69,-0.06,405,837945,卖盘
853,13:00:02,20.75,0.05,79,163925,买盘
854,11:30:00,20.7,--,0,0,买盘
855,11:30:00,20.7,--,0,0,买盘
856,11:29:58,20.7,--,0,0,买盘
857,11:29:53,20.7,0.01,13,26910,买盘
858,11:29:43,20.69,--,0,0,中性盘
859,11:29:38,20.69,--,0,0,中性盘
860,11:29:33,20.69,-0.03,5,10345,买盘
861,11:29:28,20.72,0.03,41,84952,买盘
862,11:29:13,20.69,0.01,3,6207,买盘
863,11:29:08,20.68,--,8,16544,买盘
864,11:28:58,20.68,--,3,6204,卖盘
865,11:28:53,20.68,0.01,100,206800,卖盘
866,11:28:37,20.67,--,0,0,卖盘
867,11:28:07,20.67,-0.05,10,20670,卖盘
868,11:27:52,20.72,--,19,39368,买盘
869,11:27:42,20.72,0.04,16,33152,买盘
870,11:27:37,20.68,--,2,4136,卖盘
871,11:27:22,20.68,-0.04,18,37224,卖盘
872,11:27:17,20.72,--,0,0,买盘
873,11:27:07,20.72,0.02,1,2072,买盘
874,11:27:02,20.7,-0.04,5,10350,卖盘
875,11:26:57,20.74,--,0,0,买盘
876,11:26:52,20.74,--,17,35258,买盘
877,11:26:47,20.74,--,0,0,买盘
878,11:26:37,20.74,--,0,0,买盘
879,11:26:28,20.74,0.07,2,4148,买盘
880,11:26:12,20.67,-0.05,5,10335,中性盘
881,11:25:52,20.72,--,0,0,中性盘
882,11:25:37,20.72,-0.03,4,8288,买盘
883,11:25:28,20.75,--,0,0,买盘
884,11:25:22,20.75,0.05,10,20750,买盘
885,11:24:58,20.7,--,0,0,中性盘
886,11:24:37,20.7,-0.02,9,18630,买盘
887,11:24:28,20.72,-0.03,1,2072,卖盘
888,11:24:22,20.75,0.1,40,83000,买盘
889,11:24:17,20.65,--,0,0,卖盘
890,11:23:57,20.65,--,0,0,卖盘
891,11:23:52,20.65,-0.1,151,311815,卖盘
892,11:23:47,20.75,--,0,0,买盘
893,11:23:42,20.75,0.03,2,4150,买盘
894,11:23:37,20.72,-0.03,9,18648,卖盘
895,11:23:22,20.75,0.03,12,24900,买盘
896,11:23:17,20.72,-0.03,14,29008,卖盘
897,11:23:07,20.75,--,7,14525,买盘
898,11:22:52,20.75,--,3,6225,买盘
899,11:22:47,20.75,--,4,8300,买盘
900,11:22:42,20.75,--,10,20750,买盘
901,11:22:22,20.75,--,3,6225,买盘
902,11:22:07,20.75,--,26,53950,买盘
903,11:22:02,20.75,--,7,14525,买盘
904,11:21:57,20.75,--,3,6225,买盘
905,11:21:52,20.75,--,11,22825,买盘
906,11:21:37,20.75,-0.01,2,4150,买盘
907,11:21:22,20.76,--,0,0,买盘
908,11:21:12,20.76,0.03,55,114180,买盘
909,11:21:07,20.73,--,2,4146,买盘
910,11:20:56,20.73,-0.02,16,33168,卖盘
911,11:20:52,20.75,--,20,41500,买盘
912,11:20:41,20.75,--,3,6225,买盘
913,11:20:37,20.75,-0.01,30,62250,卖盘
914,11:20:31,20.76,-0.02,4,8304,卖盘
915,11:20:26,20.78,0.02,38,78964,买盘
916,11:20:22,20.76,--,27,56052,卖盘
917,11:20:16,20.76,-0.02,8,16608,卖盘
918,11:20:11,20.78,0.02,5,10390,买盘
919,11:20:01,20.76,--,1,2076,买盘
920,11:19:56,20.76,0.06,9,18684,买盘
921,11:19:52,20.7,--,0,0,卖盘
922,11:19:46,20.7,--,0,0,卖盘
923,11:19:37,20.7,-0.05,146,302220,卖盘
924,11:19:31,20.75,0.03,55,114125,买盘
925,11:19:21,20.72,0.02,155,321160,买盘
926,11:19:16,20.7,0.02,165,341550,买盘
927,11:19:06,20.68,0.03,40,82720,买盘
928,11:19:01,20.65,--,22,45430,买盘
929,11:18:51,20.65,0.06,5,10325,买盘
930,11:18:46,20.59,--,55,113245,卖盘
931,11:18:36,20.59,0.02,170,350030,买盘
932,11:18:31,20.57,-0.02,2,4114,卖盘
933,11:18:21,20.59,--,10,20590,买盘
934,11:18:01,20.59,-0.04,8,16472,卖盘
935,11:17:51,20.63,0.03,20,41260,买盘
936,11:17:31,20.6,--,16,32960,买盘
937,11:17:01,20.6,--,9,18540,买盘
938,11:16:46,20.6,--,9,18540,买盘
939,11:16:36,20.6,0.01,5,10300,买盘
940,11:16:31,20.59,-0.01,8,16472,卖盘
941,11:16:16,20.6,--,10,20600,买盘
942,11:16:01,20.6,--,5,10300,买盘
943,11:15:51,20.6,0.01,21,43260,卖盘
944,11:15:31,20.59,--,0,0,卖盘
945,11:15:26,20.59,--,0,0,卖盘
946,11:15:21,20.59,-0.01,27,55593,卖盘
947,11:15:06,20.6,0.01,42,86520,买盘
948,11:14:36,20.59,--,0,0,卖盘
949,11:14:31,20.59,-0.07,10,20590,卖盘
950,11:14:21,20.66,--,4,8264,卖盘
951,11:14:16,20.66,--,48,99168,卖盘
952,11:14:06,20.66,0.05,85,175610,买盘
953,11:14:01,20.61,--,0,0,中性盘
954,11:13:51,20.61,--,2,4122,卖盘
955,11:13:46,20.61,-0.05,15,30915,卖盘
956,11:13:36,20.66,-0.01,2,4132,买盘
957,11:13:21,20.67,--,0,0,买盘
958,11:13:16,20.67,--,0,0,买盘
959,11:13:06,20.67,--,0,0,买盘
960,11:13:01,20.67,0.07,13,26871,买盘
961,11:12:55,20.6,--,100,206000,买盘
962,11:12:46,20.6,--,0,0,买盘
963,11:12:40,20.6,0.02,20,41200,买盘
964,11:12:31,20.58,0.03,50,102899,买盘
965,11:12:25,20.55,--,0,0,卖盘
966,11:12:21,20.55,--,10,20550,卖盘
967,11:12:16,20.55,--,29,59595,卖盘
968,11:11:50,20.55,--,20,41100,卖盘
969,11:11:40,20.55,0.01,12,24660,买盘
970,11:11:15,20.54,--,4,8216,卖盘
971,11:11:10,20.54,0.03,3,6162,买盘
972,11:11:05,20.51,-0.02,200,410200,卖盘
973,11:11:00,20.53,--,2,4106,卖盘
974,11:10:55,20.53,--,0,0,卖盘
975,11:10:45,20.53,-0.02,8,16424,卖盘
976,11:10:35,20.55,--,13,26715,卖盘
977,11:10:30,20.55,-0.03,11,22605,卖盘
978,11:10:25,20.58,--,7,14405,买盘
979,11:10:15,20.58,--,2,4116,买盘
980,11:10:10,20.58,-0.01,66,135828,卖盘
981,11:10:00,20.59,-0.01,45,92655,卖盘
982,11:09:45,20.6,-0.06,34,70040,卖盘
983,11:09:30,20.66,--,0,0,中性盘
984,11:09:25,20.66,--,15,30990,卖盘
985,11:09:10,20.66,-0.01,5,10330,卖盘
986,11:09:05,20.67,-0.03,8,16536,卖盘
987,11:09:00,20.7,--,0,0,买盘
988,11:08:50,20.7,--,11,23867,买盘
989,11:08:40,20.7,--,0,0,买盘
990,11:08:30,20.7,--,0,0,中性盘
991,11:08:25,20.7,-0.01,5,10350,卖盘
992,11:08:15,20.71,--,48,99408,卖盘
993,11:08:10,20.71,--,26,53846,卖盘
994,11:07:55,20.71,0.01,51,105621,买盘
995,11:07:40,20.7,--,5,10350,卖盘
996,11:07:15,20.7,--,14,28980,卖盘
997,11:07:10,20.7,--,17,35190,卖盘
998,11:07:04,20.7,--,19,39330,卖盘
999,11:06:49,20.7,--,0,0,卖盘
1000,11:06:45,20.7,--,1,2070,卖盘
1001,11:06:40,20.7,-0.03,208,430560,卖盘
1002,11:06:34,20.73,0.03,14,29022,买盘
1003,11:06:30,20.7,--,24,49680,卖盘
1004,11:06:25,20.7,-0.03,21,43470,卖盘
1005,11:06:04,20.73,--,0,0,中性盘
1006,11:05:55,20.73,--,3,6219,卖盘
1007,11:05:49,20.73,--,2,4146,买盘
1008,11:05:45,20.73,--,20,41460,买盘
1009,11:05:40,20.73,--,1,2073,买盘
1010,11:05:25,20.73,0.03,42,87066,买盘
1011,11:05:19,20.7,--,359,743130,卖盘
1012,11:05:00,20.7,-0.03,4,8280,卖盘
1013,11:04:55,20.73,0.03,1,2073,买盘
1014,11:04:40,20.7,--,8,16560,卖盘
1015,11:04:25,20.7,--,3,6210,卖盘
1016,11:04:19,20.7,-0.01,55,113850,卖盘
1017,11:04:14,20.71,0.01,1,2071,中性盘
1018,11:04:10,20.7,--,99,204930,卖盘
1019,11:03:55,20.7,--,0,0,卖盘
1020,11:03:49,20.7,--,6,12420,卖盘
1021,11:03:44,20.7,--,5,10350,卖盘
1022,11:03:40,20.7,--,22,45540,卖盘
1023,11:03:34,20.7,0.05,103,213210,买盘
1024,11:03:29,20.65,--,30,61949,买盘
1025,11:03:19,20.65,--,0,0,买盘
1026,11:03:14,20.65,-0.04,3,6195,卖盘
1027,11:02:59,20.69,0.04,8,16552,买盘
1028,11:02:54,20.65,--,27,55754,买盘
1029,11:02:19,20.65,--,1,2065,卖盘
1030,11:01:54,20.65,--,0,0,卖盘
1031,11:01:49,20.65,--,0,0,中性盘
1032,11:01:39,20.65,--,0,0,中性盘
1033,11:01:34,20.65,--,148,305620,买盘
1034,11:01:29,20.65,-0.05,2,4130,卖盘
1035,11:01:24,20.7,--,36,74520,买盘
1036,11:01:14,20.7,--,0,0,买盘
1037,11:01:09,20.7,0.02,8,16560,买盘
1038,11:00:59,20.68,0.01,6,12408,买盘
1039,11:00:54,20.67,0.01,1,2067,卖盘
1040,11:00:49,20.66,0.03,4,8264,买盘
1041,11:00:39,20.63,-0.04,18,37134,卖盘
1042,11:00:34,20.67,0.04,3,6201,买盘
1043,11:00:24,20.63,--,23,47449,买盘
1044,11:00:19,20.63,--,6,12378,买盘
1045,11:00:09,20.63,--,0,0,买盘
1046,11:00:04,20.63,--,37,76331,买盘
1047,10:59:54,20.63,0.02,9,18567,买盘
1048,10:59:49,20.61,--,17,35037,卖盘
1049,10:59:44,20.61,--,0,0,卖盘
1050,10:59:34,20.61,0.01,25,51525,买盘
1051,10:59:24,20.6,0.02,58,119480,买盘
1052,10:59:19,20.58,-0.02,3,6173,卖盘
1053,10:59:09,20.6,-0.01,144,296640,卖盘
1054,10:59:04,20.61,--,0,0,中性盘
1055,10:58:59,20.61,-0.02,1,2061,买盘
1056,10:58:54,20.63,0.03,9,18567,买盘
1057,10:58:49,20.6,-0.01,37,76220,卖盘
1058,10:58:33,20.61,-0.02,24,49464,卖盘
1059,10:58:24,20.63,0.03,10,20630,买盘
1060,10:58:13,20.6,--,0,0,卖盘
1061,10:58:09,20.6,-0.03,85,175100,卖盘
1062,10:58:04,20.63,--,1,2063,卖盘
1063,10:57:58,20.63,-0.01,6,12378,卖盘
1064,10:57:49,20.64,--,3,6192,买盘
1065,10:57:43,20.64,--,1,2064,卖盘
1066,10:57:39,20.64,--,1,2064,卖盘
1067,10:57:24,20.64,--,0,0,卖盘
1068,10:57:19,20.64,-0.05,17,35088,卖盘
1069,10:57:09,20.69,0.02,10,20690,买盘
1070,10:57:04,20.67,-0.02,52,107484,卖盘
1071,10:56:54,20.69,0.02,3,6207,买盘
1072,10:56:49,20.67,-0.02,5,10335,卖盘
1073,10:56:43,20.69,--,9,18621,买盘
1074,10:56:39,20.69,-0.01,5,10345,买盘
1075,10:56:13,20.7,--,143,296010,卖盘
1076,10:56:09,20.7,--,39,80730,卖盘
1077,10:56:04,20.7,--,10,20700,卖盘
1078,10:55:54,20.7,--,0,0,卖盘
1079,10:55:49,20.7,-0.01,10,20700,卖盘
1080,10:55:43,20.71,0.01,10,20710,买盘
1081,10:55:39,20.7,--,269,556830,卖盘
1082,10:55:28,20.7,--,2,4140,卖盘
1083,10:55:24,20.7,--,10,20700,卖盘
1084,10:55:19,20.7,-0.01,13,26910,卖盘
1085,10:55:13,20.71,--,10,20710,买盘
1086,10:55:08,20.71,0.01,1,2071,买盘
1087,10:55:04,20.7,-0.01,105,217350,卖盘
1088,10:54:53,20.71,--,1,2071,卖盘
1089,10:54:48,20.71,--,4,8284,卖盘
1090,10:54:43,20.71,--,0,0,卖盘
1091,10:54:39,20.71,--,35,72485,卖盘
1092,10:54:33,20.71,--,5,10355,卖盘
1093,10:54:28,20.71,--,30,62130,卖盘
1094,10:54:08,20.71,-0.04,7,14497,卖盘
1095,10:53:43,20.75,0.04,1,2075,买盘
1096,10:53:38,20.71,-0.04,3,6213,卖盘
1097,10:53:28,20.75,0.04,1,2075,买盘
1098,10:53:18,20.71,--,0,0,卖盘
1099,10:53:08,20.71,-0.09,199,412129,卖盘
1100,10:53:03,20.8,0.03,1,2080,买盘
1101,10:52:48,20.77,-0.01,4,8308,卖盘
1102,10:52:23,20.78,--,1,2078,卖盘
1103,10:51:48,20.78,-0.02,1,2078,卖盘
1104,10:51:33,20.8,--,5,10400,买盘
1105,10:51:12,20.8,0.02,20,41600,买盘
1106,10:51:03,20.78,--,0,0,卖盘
1107,10:50:48,20.78,--,6,12468,卖盘
1108,10:50:42,20.78,--,421,874838,卖盘
1109,10:50:33,20.78,--,25,51950,卖盘
1110,10:50:27,20.78,--,8,16624,卖盘
1111,10:50:03,20.78,--,1,2078,卖盘
1112,10:49:57,20.78,--,71,147538,买盘
1113,10:49:48,20.78,--,19,39482,卖盘
1114,10:49:42,20.78,--,7,14546,卖盘
1115,10:49:37,20.78,--,1,2078,卖盘
1116,10:49:33,20.78,--,40,83120,卖盘
1117,10:49:27,20.78,--,3,6234,卖盘
1118,10:49:03,20.78,--,10,20780,卖盘
1119,10:48:57,20.78,--,5,10390,卖盘
1120,10:48:48,20.78,--,17,35326,买盘
1121,10:48:42,20.78,--,3,6234,卖盘
1122,10:48:37,20.78,--,2,4156,买盘
1123,10:48:33,20.78,--,5,10390,买盘
1124,10:48:27,20.78,--,5,10390,买盘
1125,10:48:02,20.78,0.01,20,41560,买盘
1126,10:47:52,20.77,--,38,78926,卖盘
1127,10:47:37,20.77,0.01,24,49848,买盘
1128,10:47:02,20.76,--,1,2076,卖盘
1129,10:46:57,20.76,-0.01,8,16608,卖盘
1130,10:46:42,20.77,--,9,18693,卖盘
1131,10:46:32,20.77,--,1,2077,卖盘
1132,10:46:12,20.77,--,1,2077,卖盘
1133,10:46:07,20.77,--,2,4154,卖盘
1134,10:46:02,20.77,--,12,24924,卖盘
1135,10:45:47,20.77,--,0,0,卖盘
1136,10:45:42,20.77,-0.02,8,16616,卖盘
1137,10:45:17,20.79,-0.01,20,41580,卖盘
1138,10:44:12,20.8,-0.01,13,27040,卖盘
1139,10:43:57,20.81,--,30,62429,买盘
1140,10:43:27,20.81,0.01,31,64510,买盘
1141,10:43:21,20.8,-0.01,22,45760,卖盘
1142,10:43:12,20.81,0.01,6,12486,买盘
1143,10:43:06,20.8,--,5,10400,卖盘
1144,10:42:57,20.8,-0.01,1,2080,卖盘
1145,10:42:51,20.81,0.01,8,16648,买盘
1146,10:42:36,20.8,-0.01,1,2080,卖盘
1147,10:42:06,20.81,--,0,0,买盘
1148,10:41:51,20.81,-0.01,3,6243,卖盘
1149,10:41:46,20.82,--,7,14574,买盘
1150,10:41:27,20.82,0.01,10,20820,买盘
1151,10:41:21,20.81,-0.02,16,33296,卖盘
1152,10:41:16,20.83,--,10,20830,买盘
1153,10:41:12,20.83,0.01,3,6248,买盘
1154,10:41:06,20.82,-0.02,2,4164,卖盘
1155,10:41:01,20.84,--,0,0,买盘
1156,10:40:51,20.84,0.02,2,4168,买盘
1157,10:40:46,20.82,-0.02,2,4164,卖盘
1158,10:40:36,20.84,--,1,2084,买盘
1159,10:40:21,20.84,0.02,3,6252,买盘
1160,10:40:06,20.82,-0.01,9,18738,卖盘
1161,10:39:41,20.83,-0.01,2,4166,卖盘
1162,10:39:31,20.84,0.01,28,58352,买盘
1163,10:39:26,20.83,-0.01,4,8332,卖盘
1164,10:39:21,20.84,0.01,66,137544,买盘
1165,10:39:16,20.83,--,1,2083,买盘
1166,10:39:01,20.83,-0.01,4,8332,卖盘
1167,10:38:41,20.84,--,20,41680,卖盘
1168,10:38:36,20.84,--,1,2084,卖盘
1169,10:38:26,20.84,--,4,8336,卖盘
1170,10:38:21,20.84,--,0,0,卖盘
1171,10:38:16,20.84,0.01,14,29176,买盘
1172,10:38:11,20.83,-0.01,10,20830,卖盘
1173,10:38:06,20.84,--,1,2084,买盘
1174,10:37:56,20.84,--,2,4168,买盘
1175,10:37:36,20.84,--,9,18756,卖盘
1176,10:37:11,20.84,-0.03,1,2084,卖盘
1177,10:36:40,20.87,-0.02,150,313050,卖盘
1178,10:36:36,20.89,--,30,62670,买盘
1179,10:36:31,20.89,-0.01,5,10445,卖盘
1180,10:36:25,20.9,--,20,41800,买盘
1181,10:36:21,20.9,0.03,40,83600,买盘
1182,10:36:15,20.87,-0.02,2,4174,卖盘
1183,10:36:10,20.89,--,8,16712,买盘
1184,10:36:06,20.89,0.02,24,50136,买盘
1185,10:36:00,20.87,-0.02,5,10435,卖盘
1186,10:35:55,20.89,--,5,10445,买盘
1187,10:35:50,20.89,--,0,0,买盘
1188,10:35:45,20.89,0.01,60,125340,买盘
1189,10:35:40,20.88,0.01,16,33408,买盘
1190,10:35:36,20.87,0.05,102,212874,买盘
1191,10:35:30,20.82,--,0,0,卖盘
1192,10:35:20,20.82,--,2,4164,买盘
1193,10:35:15,20.82,--,40,83280,卖盘
1194,10:35:05,20.82,--,8,16656,买盘
1195,10:35:00,20.82,0.01,55,114510,买盘
1196,10:34:50,20.81,0.02,10,20810,买盘
1197,10:34:35,20.79,-0.01,10,20790,卖盘
1198,10:34:30,20.8,--,4,8320,买盘
1199,10:34:25,20.8,0.02,6,12480,买盘
1200,10:34:21,20.78,-0.01,46,95588,卖盘
1201,10:34:15,20.79,--,171,355509,买盘
1202,10:34:10,20.79,-0.01,5,10395,中性盘
1203,10:34:06,20.8,--,23,47840,买盘
1204,10:34:00,20.8,0.01,5,10400,买盘
1205,10:33:55,20.79,-0.01,3,6237,卖盘
1206,10:33:50,20.8,0.01,8,16640,买盘
1207,10:33:40,20.79,-0.01,1,2079,卖盘
1208,10:33:35,20.8,--,0,0,买盘
1209,10:33:20,20.8,-0.01,11,22880,卖盘
1210,10:33:15,20.81,-0.03,15,31214,卖盘
1211,10:33:10,20.84,0.01,5,10420,买盘
1212,10:33:05,20.83,0.01,4,8332,买盘
1213,10:33:00,20.82,--,1,2082,买盘
1214,10:32:55,20.82,0.01,3,6246,买盘
1215,10:32:50,20.81,--,30,62429,卖盘
1216,10:32:40,20.81,--,6,12486,卖盘
1217,10:32:30,20.81,0.01,52,108212,买盘
1218,10:32:25,20.8,--,10,20800,卖盘
1219,10:32:20,20.8,--,11,22880,卖盘
1220,10:32:15,20.8,--,7,14560,卖盘
1221,10:32:05,20.8,--,1,2080,卖盘
1222,10:32:00,20.8,-0.01,104,216320,卖盘
1223,10:31:55,20.81,0.01,20,41620,买盘
1224,10:31:50,20.8,--,8,16640,卖盘
1225,10:31:45,20.8,--,10,20800,卖盘
1226,10:31:35,20.8,--,1,2080,卖盘
1227,10:31:20,20.8,--,3,6240,卖盘
1228,10:31:15,20.8,--,41,85280,卖盘
1229,10:31:10,20.8,-0.01,7,14560,卖盘
1230,10:31:05,20.81,--,22,45782,买盘
1231,10:31:00,20.81,0.01,16,33296,买盘
1232,10:30:50,20.8,-0.01,23,47840,卖盘
1233,10:30:45,20.81,--,66,137346,卖盘
1234,10:30:35,20.81,--,2,4162,买盘
1235,10:30:30,20.81,--,8,16648,卖盘
1236,10:30:25,20.81,-0.01,35,72835,卖盘
1237,10:30:10,20.82,0.01,3,6246,买盘
1238,10:30:05,20.81,-0.01,1,2081,卖盘
1239,10:30:00,20.82,--,5,10410,卖盘
1240,10:29:45,20.82,-0.01,30,62460,卖盘
1241,10:29:40,20.83,0.01,34,70822,买盘
1242,10:29:34,20.82,--,8,16656,卖盘
1243,10:29:24,20.82,--,49,102018,卖盘
1244,10:29:09,20.82,-0.01,19,39558,卖盘
1245,10:29:04,20.83,--,8,16664,卖盘
1246,10:28:54,20.83,--,9,18747,买盘
1247,10:28:29,20.83,-0.02,3,6248,卖盘
1248,10:28:24,20.85,--,5,10425,买盘
1249,10:28:14,20.85,--,5,10425,买盘
1250,10:28:09,20.85,0.02,1,2085,买盘
1251,10:27:59,20.83,-0.02,2,4166,卖盘
1252,10:27:54,20.85,0.03,2,4170,买盘
1253,10:27:49,20.82,--,0,0,卖盘
1254,10:27:44,20.82,-0.03,4,8328,卖盘
1255,10:27:39,20.85,--,504,1050840,卖盘
1256,10:27:29,20.85,--,0,0,卖盘
1257,10:27:24,20.85,0.02,21,43785,买盘
1258,10:27:19,20.83,-0.02,10,20830,买盘
1259,10:27:14,20.85,--,0,0,买盘
1260,10:27:09,20.85,--,0,0,买盘
1261,10:26:59,20.85,0.02,2,4170,买盘
1262,10:26:54,20.83,0.01,5,10415,卖盘
1263,10:26:29,20.82,--,0,0,卖盘
1264,10:26:09,20.82,-0.03,1,2082,卖盘
1265,10:25:59,20.85,0.03,6,12510,买盘
1266,10:25:54,20.82,--,0,0,卖盘
1267,10:25:49,20.82,--,1,2082,卖盘
1268,10:25:44,20.82,-0.05,2,4164,卖盘
1269,10:25:39,20.87,0.06,300,626100,买盘
1270,10:25:29,20.81,0.01,94,195614,买盘
1271,10:25:24,20.8,-0.01,4,8320,卖盘
1272,10:25:19,20.81,-0.01,17,35377,买盘
1273,10:25:14,20.82,--,0,0,买盘
1274,10:25:09,20.82,0.01,4,8328,买盘
1275,10:25:04,20.81,--,12,24972,买盘
1276,10:24:54,20.81,--,9,18729,卖盘
1277,10:24:49,20.81,-0.01,5,10405,卖盘
1278,10:24:44,20.82,--,20,41640,买盘
1279,10:24:29,20.82,--,5,10410,买盘
1280,10:24:24,20.82,-0.01,1,2082,买盘
1281,10:24:19,20.83,--,0,0,买盘
1282,10:24:14,20.83,--,116,241627,买盘
1283,10:23:59,20.83,0.01,6,12497,买盘
1284,10:23:54,20.82,--,24,49968,卖盘
1285,10:23:44,20.82,0.01,31,64542,买盘
1286,10:23:39,20.81,-0.01,1,2081,卖盘
1287,10:23:34,20.82,--,4,8328,卖盘
1288,10:23:29,20.82,-0.03,15,31230,卖盘
1289,10:23:24,20.85,0.03,95,198075,买盘
1290,10:23:14,20.82,-0.02,6,12492,中性盘
1291,10:23:09,20.84,0.02,4,8336,买盘
1292,10:22:59,20.82,--,6,12492,买盘
1293,10:22:54,20.82,--,4,8328,买盘
1294,10:22:49,20.82,0.01,4,8328,买盘
1295,10:22:44,20.81,0.01,2,4162,买盘
1296,10:22:34,20.8,-0.04,6,12480,卖盘
1297,10:22:28,20.84,0.04,6,12504,买盘
1298,10:22:24,20.8,-0.03,32,66560,卖盘
1299,10:22:19,20.83,0.02,6,12497,买盘
1300,10:22:14,20.81,-0.01,40,83240,卖盘
1301,10:22:03,20.82,-0.01,10,20820,卖盘
1302,10:21:58,20.83,0.01,17,35411,买盘
1303,10:21:54,20.82,--,2,4164,卖盘
1304,10:21:48,20.82,--,62,129084,买盘
1305,10:21:43,20.82,0.01,25,52050,买盘
1306,10:21:28,20.81,--,6,12486,买盘
1307,10:21:24,20.81,0.01,45,93645,买盘
1308,10:21:18,20.8,-0.01,5,10400,卖盘
1309,10:21:13,20.81,0.01,5,10405,买盘
1310,10:21:09,20.8,--,43,89440,买盘
1311,10:21:03,20.8,0.01,37,76960,买盘
1312,10:20:58,20.79,--,12,24948,卖盘
1313,10:20:53,20.79,--,10,20790,卖盘
1314,10:20:43,20.79,0.01,3,6237,卖盘
1315,10:20:38,20.78,--,0,0,卖盘
1316,10:20:33,20.78,--,22,45716,买盘
1317,10:20:28,20.78,0.01,1,2078,买盘
1318,10:20:23,20.77,-0.01,39,81003,卖盘
1319,10:20:03,20.78,--,29,60262,卖盘
1320,10:19:58,20.78,--,5,10390,卖盘
1321,10:19:53,20.78,--,0,0,卖盘
1322,10:19:48,20.78,-0.03,10,20780,卖盘
1323,10:19:43,20.81,0.03,3,6243,买盘
1324,10:19:38,20.78,-0.03,37,76886,卖盘
1325,10:19:28,20.81,--,14,29134,卖盘
1326,10:19:23,20.81,0.01,64,133184,买盘
1327,10:19:18,20.8,0.01,11,22880,中性盘
1328,10:19:03,20.79,0.02,43,89397,买盘
1329,10:18:58,20.77,-0.01,5,10385,卖盘
1330,10:18:53,20.78,--,24,49872,买盘
1331,10:18:48,20.78,--,2,4156,买盘
1332,10:18:43,20.78,-0.04,45,93510,卖盘
1333,10:18:38,20.82,--,49,102018,买盘
1334,10:18:33,20.82,--,0,0,买盘
1335,10:18:23,20.82,--,20,41640,买盘
1336,10:18:18,20.82,0.01,64,133248,买盘
1337,10:18:13,20.81,-0.01,4,8324,买盘
1338,10:18:08,20.82,--,30,62460,买盘
1339,10:17:58,20.82,--,14,29148,买盘
1340,10:17:53,20.82,--,19,39558,买盘
1341,10:17:43,20.82,--,0,0,买盘
1342,10:17:38,20.82,0.03,101,210282,买盘
1343,10:17:33,20.79,--,20,41580,卖盘
1344,10:17:28,20.79,0.01,10,20790,买盘
1345,10:17:23,20.78,--,1,2078,买盘
1346,10:17:18,20.78,--,5,10390,买盘
1347,10:17:08,20.78,0.01,41,85198,买盘
1348,10:17:03,20.77,--,14,29078,买盘
1349,10:16:53,20.77,--,15,31155,买盘
1350,10:16:48,20.77,0.02,20,41540,买盘
1351,10:16:33,20.75,-0.02,2,4150,卖盘
1352,10:16:28,20.77,--,0,0,买盘
1353,10:16:23,20.77,0.03,1,2077,买盘
1354,10:16:18,20.74,-0.03,17,35258,卖盘
1355,10:16:13,20.77,--,3,6231,买盘
1356,10:16:08,20.77,0.05,28,58156,买盘
1357,10:16:03,20.72,-0.02,16,33152,卖盘
1358,10:15:58,20.74,0.02,2,4148,买盘
1359,10:15:53,20.72,--,3,6216,卖盘
1360,10:15:48,20.72,-0.02,12,24864,中性盘
1361,10:15:38,20.74,0.03,4,8296,买盘
1362,10:15:33,20.71,--,35,72485,买盘
1363,10:15:28,20.71,0.01,5,10355,买盘
1364,10:15:18,20.7,--,1,2070,卖盘
1365,10:15:12,20.7,-0.01,4,8280,卖盘
1366,10:15:08,20.71,--,17,35207,卖盘
1367,10:14:57,20.71,--,99,205029,卖盘
1368,10:14:42,20.71,--,1,2071,卖盘
1369,10:14:38,20.71,--,1,2071,卖盘
1370,10:14:33,20.71,-0.01,129,267159,卖盘
1371,10:14:18,20.72,--,1,2072,卖盘
1372,10:14:03,20.72,-0.02,10,20720,卖盘
1373,10:13:52,20.74,0.01,7,14517,买盘
1374,10:13:48,20.73,-0.01,55,114015,卖盘
1375,10:13:12,20.74,-0.02,3,6221,卖盘
1376,10:12:37,20.76,--,12,24912,卖盘
1377,10:12:17,20.76,0.03,18,37368,买盘
1378,10:11:52,20.73,--,0,0,卖盘
1379,10:11:37,20.73,--,1,2073,卖盘
1380,10:11:32,20.73,--,0,0,中性盘
1381,10:11:27,20.73,0.03,1,2073,买盘
1382,10:11:22,20.7,-0.02,5,10350,卖盘
1383,10:11:07,20.72,0.02,38,78736,买盘
1384,10:10:57,20.7,--,50,103500,买盘
1385,10:10:47,20.7,--,7,14490,买盘
1386,10:10:42,20.7,0.04,22,45540,买盘
1387,10:10:32,20.66,-0.01,7,14462,卖盘
1388,10:10:27,20.67,--,20,41340,买盘
1389,10:10:22,20.67,0.02,3,6201,买盘
1390,10:10:12,20.65,-0.05,11,22715,卖盘
1391,10:10:07,20.7,0.03,200,414000,买盘
1392,10:09:57,20.67,--,0,0,中性盘
1393,10:09:47,20.67,-0.03,1,2067,卖盘
1394,10:09:42,20.7,--,7,14490,买盘
1395,10:09:37,20.7,--,2,4140,买盘
1396,10:09:32,20.7,-0.03,523,1082610,卖盘
1397,10:09:27,20.73,--,0,0,买盘
1398,10:09:22,20.73,--,11,22803,买盘
1399,10:09:12,20.73,-0.02,26,53898,卖盘
1400,10:09:07,20.75,--,0,0,中性盘
1401,10:09:02,20.75,--,17,35275,买盘
1402,10:08:57,20.75,-0.02,21,43575,卖盘
1403,10:08:47,20.77,-0.03,3,6231,买盘
1404,10:08:42,20.8,0.02,201,418080,买盘
1405,10:08:32,20.78,--,14,29092,卖盘
1406,10:08:27,20.78,--,1,2078,买盘
1407,10:08:22,20.78,--,33,68574,卖盘
1408,10:08:17,20.78,--,19,39482,卖盘
1409,10:08:12,20.78,--,2,4156,卖盘
1410,10:08:02,20.78,--,4,8312,卖盘
1411,10:07:57,20.78,-0.01,18,37404,卖盘
1412,10:07:51,20.79,0.01,22,45738,买盘
1413,10:07:42,20.78,--,5,10390,卖盘
1414,10:07:36,20.78,--,1,2078,卖盘
1415,10:07:32,20.78,-0.01,104,216112,卖盘
1416,10:07:27,20.79,0.01,3,6237,买盘
1417,10:07:17,20.78,--,11,22858,卖盘
1418,10:07:12,20.78,-0.01,4,8312,卖盘
1419,10:06:57,20.79,-0.01,14,29106,卖盘
1420,10:06:47,20.8,0.01,6,12480,买盘
1421,10:06:42,20.79,-0.03,83,172557,卖盘
1422,10:06:36,20.82,0.03,20,41640,买盘
1423,10:06:21,20.79,--,10,20790,卖盘
1424,10:06:12,20.79,--,5,10395,卖盘
1425,10:05:57,20.79,--,3,6237,买盘
1426,10:05:51,20.79,--,17,35343,卖盘
1427,10:05:36,20.79,--,20,41580,卖盘
1428,10:05:16,20.79,--,0,0,卖盘
1429,10:05:12,20.79,-0.01,5,10395,卖盘
1430,10:05:06,20.8,--,24,49920,买盘
1431,10:04:56,20.8,--,1,2080,买盘
1432,10:04:46,20.8,-0.02,4,8320,卖盘
1433,10:04:41,20.82,--,1,2082,买盘
1434,10:04:36,20.82,--,13,27066,买盘
1435,10:04:31,20.82,--,185,385170,买盘
1436,10:04:21,20.82,-0.01,1,2082,买盘
1437,10:04:06,20.83,0.04,36,74988,买盘
1438,10:03:51,20.79,0.01,23,47817,买盘
1439,10:03:41,20.78,-0.01,72,149616,卖盘
1440,10:03:36,20.79,--,1,2079,买盘
1441,10:03:31,20.79,--,144,299376,卖盘
1442,10:03:26,20.79,-0.04,51,106029,卖盘
1443,10:03:21,20.83,--,1,2083,买盘
1444,10:03:16,20.83,0.02,4,8332,买盘
1445,10:03:11,20.81,-0.03,103,216236,卖盘
1446,10:03:06,20.84,--,9,18756,卖盘
1447,10:03:01,20.84,0.06,10,21027,卖盘
1448,10:02:56,20.78,-0.06,350,727300,卖盘
1449,10:02:51,20.84,-0.02,2,4168,中性盘
1450,10:02:46,20.86,-0.01,3,6258,中性盘
1451,10:02:41,20.87,0.07,52,108524,买盘
1452,10:02:36,20.8,-0.07,896,1863680,卖盘
1453,10:02:31,20.87,--,0,0,买盘
1454,10:02:26,20.87,--,13,27131,买盘
1455,10:02:21,20.87,0.04,76,158612,买盘
1456,10:02:16,20.83,--,4,8332,卖盘
1457,10:02:11,20.83,-0.02,28,58323,卖盘
1458,10:02:06,20.85,0.04,253,527505,买盘
1459,10:02:01,20.81,0.01,7,14567,买盘
1460,10:01:51,20.8,--,44,91520,卖盘
1461,10:01:41,20.8,--,2,4160,卖盘
1462,10:01:36,20.8,--,0,0,卖盘
1463,10:01:26,20.8,0.01,16,33280,买盘
1464,10:01:21,20.79,-0.01,9,18711,卖盘
1465,10:01:16,20.8,0.01,30,62400,买盘
1466,10:01:11,20.79,0.01,5,10395,中性盘
1467,10:01:06,20.78,--,15,31170,买盘
1468,10:01:01,20.78,-0.01,10,20780,买盘
1469,10:00:51,20.79,0.01,10,20790,卖盘
1470,10:00:41,20.78,--,0,0,买盘
1471,10:00:31,20.78,--,213,442614,卖盘
1472,10:00:26,20.78,-0.01,5,10390,卖盘
1473,10:00:21,20.79,0.01,30,62370,买盘
1474,10:00:16,20.78,-0.01,2,4156,卖盘
1475,10:00:11,20.79,--,10,20790,买盘
1476,10:00:06,20.79,--,21,43659,买盘
1477,09:59:56,20.79,-0.03,21,43659,中性盘
1478,09:59:51,20.82,0.02,12,24984,中性盘
1479,09:59:45,20.8,--,20,41600,买盘
1480,09:59:41,20.8,--,1,2080,买盘
1481,09:59:36,20.8,--,5,10400,买盘
1482,09:59:30,20.8,--,12,24960,买盘
1483,09:59:26,20.8,-0.03,132,274934,卖盘
1484,09:59:15,20.83,0.03,10,20830,买盘
1485,09:59:11,20.8,-0.02,5,10400,卖盘
1486,09:59:00,20.82,0.02,10,20820,买盘
1487,09:58:50,20.8,--,35,74505,买盘
1488,09:58:45,20.8,0.03,1,2080,买盘
1489,09:58:41,20.77,-0.03,9,18693,卖盘
1490,09:58:35,20.8,--,17,35360,买盘
1491,09:58:26,20.8,0.03,20,41600,买盘
1492,09:58:11,20.77,--,7,14539,卖盘
1493,09:58:05,20.77,0.06,1,2077,买盘
1494,09:57:56,20.71,0.01,200,414200,中性盘
1495,09:57:50,20.7,-0.05,45,93150,卖盘
1496,09:57:41,20.75,--,0,0,买盘
1497,09:57:30,20.75,-0.05,74,153550,卖盘
1498,09:57:25,20.8,--,2,4160,买盘
1499,09:57:20,20.8,-0.02,1,2080,买盘
1500,09:57:15,20.82,0.02,20,41640,买盘
1501,09:57:10,20.8,--,15,31200,买盘
1502,09:57:05,20.8,--,11,22880,卖盘
1503,09:56:59,20.8,-0.09,20,41600,卖盘
1504,09:56:55,20.89,--,0,0,买盘
1505,09:56:50,20.89,0.09,495,1034055,买盘
1506,09:56:45,20.8,-0.03,27,56160,卖盘
1507,09:56:35,20.83,--,6,12497,买盘
1508,09:56:30,20.83,--,18,37494,卖盘
1509,09:56:25,20.83,--,10,20830,买盘
1510,09:56:20,20.83,0.01,48,99983,买盘
1511,09:56:15,20.82,--,22,45804,中性盘
1512,09:56:10,20.82,--,1,2082,卖盘
1513,09:56:05,20.82,0.02,2,4164,中性盘
1514,09:56:00,20.8,-0.02,172,357760,卖盘
1515,09:55:55,20.82,-0.01,22,45804,卖盘
1516,09:55:50,20.83,0.03,15,31244,中性盘
1517,09:55:45,20.8,-0.02,242,503360,卖盘
1518,09:55:40,20.82,--,10,20820,买盘
1519,09:55:35,20.82,-0.01,139,289398,卖盘
1520,09:55:30,20.83,--,18,37494,卖盘
1521,09:55:25,20.83,0.01,21,43743,卖盘
1522,09:55:20,20.82,-0.02,310,645420,卖盘
1523,09:55:15,20.84,0.02,54,112536,买盘
1524,09:55:10,20.82,--,6,12492,卖盘
1525,09:55:05,20.82,0.04,48,99936,买盘
1526,09:55:00,20.78,-0.01,29,60262,卖盘
1527,09:54:55,20.79,--,21,44698,买盘
1528,09:54:50,20.79,--,28,58212,买盘
1529,09:54:45,20.79,0.01,155,322245,买盘
1530,09:54:40,20.78,--,26,54028,买盘
1531,09:54:35,20.78,--,96,199488,买盘
1532,09:54:30,20.78,0.03,1040,2161120,买盘
1533,09:54:20,20.75,--,40,83000,卖盘
1534,09:54:15,20.75,-0.02,8,16600,卖盘
1535,09:54:10,20.77,-0.01,2,4154,中性盘
1536,09:54:05,20.78,0.03,222,461316,买盘
1537,09:54:00,20.75,0.11,1,2075,买盘
1538,09:53:50,20.64,-0.04,19,39216,中性盘
1539,09:53:45,20.68,-0.07,4,8272,中性盘
1540,09:53:40,20.75,--,2,4150,买盘
1541,09:53:35,20.75,0.1,861,1786575,买盘
1542,09:53:30,20.65,--,0,0,买盘
1543,09:53:24,20.65,0.04,10,20650,买盘
1544,09:52:59,20.61,0.03,102,210222,买盘
1545,09:52:54,20.58,-0.02,7,14405,卖盘
1546,09:52:50,20.6,--,200,412000,买盘
1547,09:52:29,20.6,-0.05,312,642720,卖盘
1548,09:52:24,20.65,-0.02,4,8260,卖盘
1549,09:52:20,20.67,0.02,8,16536,买盘
1550,09:52:14,20.65,--,4,8260,卖盘
1551,09:52:05,20.65,--,23,47495,卖盘
1552,09:51:59,20.65,-0.02,4,8260,卖盘
1553,09:51:54,20.67,0.02,19,39273,买盘
1554,09:51:50,20.65,--,16,33040,卖盘
1555,09:51:44,20.65,--,3,6195,卖盘
1556,09:51:39,20.65,--,20,41300,卖盘
1557,09:51:34,20.65,0.04,36,74340,买盘
1558,09:51:19,20.61,--,14,28854,卖盘
1559,09:51:14,20.61,--,3,6183,卖盘
1560,09:51:04,20.61,--,20,41220,买盘
1561,09:50:59,20.61,--,10,20610,买盘
1562,09:50:54,20.61,-0.03,35,72135,卖盘
1563,09:50:44,20.64,0.03,9,18576,中性盘
1564,09:50:39,20.61,-0.03,100,206100,卖盘
1565,09:50:34,20.64,-0.01,5,10320,卖盘
1566,09:50:29,20.65,--,1,2065,买盘
1567,09:50:19,20.65,--,6,12390,卖盘
1568,09:50:09,20.65,--,0,0,卖盘
1569,09:50:04,20.65,-0.03,31,64014,卖盘
1570,09:49:59,20.68,0.02,31,64108,买盘
1571,09:49:54,20.66,--,29,59914,卖盘
1572,09:49:49,20.66,-0.02,6,12396,卖盘
1573,09:49:44,20.68,0.02,2,4136,买盘
1574,09:49:39,20.66,-0.03,1,2066,卖盘
1575,09:49:34,20.69,--,5,10345,买盘
1576,09:49:29,20.69,0.03,51,105519,买盘
1577,09:49:24,20.66,--,6,12396,买盘
1578,09:49:14,20.66,0.01,4,8264,买盘
1579,09:49:09,20.65,--,1,2065,卖盘
1580,09:48:59,20.65,0.02,18,37170,买盘
1581,09:48:54,20.63,--,3,6189,买盘
1582,09:48:49,20.63,0.01,1,2063,中性盘
1583,09:48:39,20.62,-0.01,3,6186,卖盘
1584,09:48:34,20.63,--,13,26819,卖盘
1585,09:48:29,20.63,0.01,6,12378,买盘
1586,09:48:24,20.62,--,5,10310,卖盘
1587,09:48:19,20.62,-0.01,6,12372,卖盘
1588,09:48:14,20.63,0.01,14,28882,买盘
1589,09:48:09,20.62,--,15,30930,卖盘
1590,09:48:04,20.62,--,0,0,卖盘
1591,09:47:54,20.62,--,5,10310,卖盘
1592,09:47:49,20.62,--,0,0,卖盘
1593,09:47:39,20.62,--,1,2062,卖盘
1594,09:47:34,20.62,--,9,18558,买盘
1595,09:47:24,20.62,--,2,4124,买盘
1596,09:47:14,20.62,--,17,35054,卖盘
1597,09:47:09,20.62,-0.03,5,10310,卖盘
1598,09:47:04,20.65,0.05,3,6195,买盘
1599,09:46:59,20.6,--,1,2060,买盘
1600,09:46:54,20.6,-0.02,24,49440,卖盘
1601,09:46:49,20.62,0.02,13,26806,买盘
1602,09:46:38,20.6,--,32,65920,卖盘
1603,09:46:29,20.6,-0.02,31,63860,卖盘
1604,09:46:24,20.62,--,1,2062,买盘
1605,09:46:13,20.62,-0.01,34,70108,卖盘
1606,09:46:09,20.63,0.01,11,22693,中性盘
1607,09:45:54,20.62,--,3,6186,买盘
1608,09:45:44,20.62,0.02,30,61860,买盘
1609,09:45:39,20.6,--,5,10300,卖盘
1610,09:45:29,20.6,--,2,4120,卖盘
1611,09:45:23,20.6,0.02,32,65920,买盘
1612,09:45:18,20.58,--,28,57623,卖盘
1613,09:44:44,20.58,0.01,10,20580,中性盘
1614,09:44:38,20.57,-0.03,49,100793,卖盘
1615,09:44:33,20.6,0.02,2,4120,买盘
1616,09:44:23,20.58,--,4,8232,买盘
1617,09:44:13,20.58,--,1,2058,买盘
1618,09:43:58,20.58,-0.02,11,22637,卖盘
1619,09:43:38,20.6,-0.01,69,142140,卖盘
1620,09:43:28,20.61,--,0,0,卖盘
1621,09:43:13,20.61,-0.05,10,20610,卖盘
1622,09:42:58,20.66,--,12,24792,买盘
1623,09:42:53,20.66,-0.03,2,4132,卖盘
1624,09:42:43,20.69,--,0,0,买盘
1625,09:42:28,20.69,0.02,2,4138,买盘
1626,09:42:23,20.67,--,19,39273,卖盘
1627,09:42:13,20.67,-0.01,39,80613,买盘
1628,09:42:08,20.68,0.01,28,57904,买盘
1629,09:42:03,20.67,--,12,24804,卖盘
1630,09:41:53,20.67,--,40,82680,买盘
1631,09:41:48,20.67,0.02,16,33072,买盘
1632,09:41:38,20.65,-0.02,6,12390,买盘
1633,09:41:33,20.67,--,0,0,买盘
1634,09:41:23,20.67,--,3,6201,买盘
1635,09:41:18,20.67,-0.02,7,14469,买盘
1636,09:41:03,20.69,--,40,82760,卖盘
1637,09:40:53,20.69,0.09,10,20690,中性盘
1638,09:40:48,20.6,0.01,29,59740,买盘
1639,09:40:43,20.59,-0.01,7,14413,卖盘
1640,09:40:38,20.6,--,20,41200,买盘
1641,09:40:33,20.6,--,22,45320,买盘
1642,09:40:23,20.6,--,28,57680,买盘
1643,09:40:18,20.6,--,21,44290,卖盘
1644,09:40:08,20.6,--,0,0,卖盘
1645,09:40:03,20.6,-0.09,253,522210,卖盘
1646,09:39:58,20.69,--,19,39311,买盘
1647,09:39:53,20.69,--,2,4138,买盘
1648,09:39:48,20.69,--,3,6207,买盘
1649,09:39:37,20.69,-0.01,26,53794,卖盘
1650,09:39:33,20.7,0.01,20,41400,买盘
1651,09:39:28,20.69,--,0,0,中性盘
1652,09:39:22,20.69,--,0,0,卖盘
1653,09:39:18,20.69,-0.01,1,2069,卖盘
1654,09:39:13,20.7,0.1,10,20700,买盘
1655,09:39:07,20.6,-0.09,138,284280,卖盘
1656,09:39:02,20.69,--,50,103450,卖盘
1657,09:38:52,20.69,-0.08,5,10345,买盘
1658,09:38:48,20.77,--,0,0,买盘
1659,09:38:42,20.77,0.08,40,83080,买盘
1660,09:38:37,20.69,--,1,2069,买盘
1661,09:38:33,20.69,--,9,18621,买盘
1662,09:38:27,20.69,--,27,55863,买盘
1663,09:38:22,20.69,-0.01,29,60001,卖盘
1664,09:38:17,20.7,--,33,68310,买盘
1665,09:38:07,20.7,0.01,2,4140,买盘
1666,09:38:02,20.69,-0.07,1,2069,中性盘
1667,09:37:52,20.76,--,0,0,买盘
1668,09:37:47,20.76,0.07,352,730752,买盘
1669,09:37:42,20.69,0.11,340,703460,买盘
1670,09:37:37,20.58,0.01,28,57623,买盘
1671,09:37:32,20.57,0.07,8,16456,买盘
1672,09:37:27,20.5,--,20,41000,买盘
1673,09:37:22,20.5,-0.06,26,53300,卖盘
1674,09:37:17,20.56,0.01,20,41120,买盘
1675,09:37:12,20.55,--,1,2055,买盘
1676,09:37:07,20.55,--,5,10275,买盘
1677,09:37:02,20.55,--,23,47265,卖盘
1678,09:36:57,20.55,0.03,1,2055,买盘
1679,09:36:52,20.52,--,0,0,卖盘
1680,09:36:47,20.52,0.02,13,26676,卖盘
1681,09:36:42,20.5,0.01,13,26650,买盘
1682,09:36:37,20.49,-0.01,13,26636,卖盘
1683,09:36:32,20.5,--,13,26650,买盘
1684,09:36:22,20.5,0.02,14,28700,买盘
1685,09:36:12,20.48,-0.01,19,38912,卖盘
1686,09:36:07,20.49,0.04,226,463073,买盘
1687,09:36:02,20.45,--,1,2045,卖盘
1688,09:35:52,20.45,0.01,20,40900,中性盘
1689,09:35:47,20.44,--,127,259588,卖盘
1690,09:35:42,20.44,--,0,0,卖盘
1691,09:35:37,20.44,-0.01,61,124684,卖盘
1692,09:35:32,20.45,0.01,3,6135,卖盘
1693,09:35:27,20.44,--,0,0,卖盘
1694,09:35:22,20.44,-0.05,80,163520,卖盘
1695,09:35:17,20.49,0.07,24,49175,买盘
1696,09:35:12,20.42,--,0,0,卖盘
1697,09:35:07,20.42,0.01,3,6126,中性盘
1698,09:35:02,20.41,-0.08,5,10205,卖盘
1699,09:34:57,20.49,--,5,10245,买盘
1700,09:34:52,20.49,0.06,19,38931,买盘
1701,09:34:47,20.43,0.02,6,12258,买盘
1702,09:34:42,20.41,-0.09,8,16328,卖盘
1703,09:34:32,20.5,--,8,16400,卖盘
1704,09:34:27,20.5,0.1,32,65600,买盘
1705,09:34:22,20.4,--,15,30599,买盘
1706,09:34:17,20.4,--,1,2039,买盘
1707,09:34:12,20.4,--,57,116279,卖盘
1708,09:34:07,20.4,-0.01,29,59159,卖盘
1709,09:34:02,20.41,0.01,14,28574,中性盘
1710,09:33:57,20.4,0.03,54,110159,买盘
1711,09:33:52,20.37,--,0,0,卖盘
1712,09:33:47,20.37,-0.08,76,154812,卖盘
1713,09:33:42,20.45,0.05,230,470350,买盘
1714,09:33:37,20.4,--,3,6120,卖盘
1715,09:33:32,20.4,-0.02,185,377400,卖盘
1716,09:33:27,20.42,-0.03,2,4084,中性盘
1717,09:33:16,20.45,--,6,12270,买盘
1718,09:33:12,20.45,-0.04,10,20450,卖盘
1719,09:33:07,20.49,-0.01,1,2049,买盘
1720,09:33:01,20.5,-0.04,37,75850,卖盘
1721,09:32:57,20.54,--,89,182806,买盘
1722,09:32:52,20.54,-0.06,17,34918,卖盘
1723,09:32:42,20.6,--,2,4120,买盘
1724,09:32:37,20.6,--,24,49440,买盘
1725,09:32:31,20.6,-0.05,35,72100,卖盘
1726,09:32:27,20.65,--,2,4130,买盘
1727,09:32:22,20.65,--,10,20650,买盘
1728,09:32:12,20.65,--,38,78470,买盘
1729,09:32:06,20.65,--,6,12390,买盘
1730,09:32:01,20.65,--,1,2065,买盘
1731,09:31:56,20.65,-0.01,23,47495,买盘
1732,09:31:51,20.66,--,24,49584,买盘
1733,09:31:46,20.66,--,26,53716,买盘
1734,09:31:41,20.66,0.06,11,22726,买盘
1735,09:31:36,20.6,-0.06,2,4120,卖盘
1736,09:31:31,20.66,0.01,1,2066,买盘
1737,09:31:26,20.65,-0.01,1,2065,中性盘
1738,09:31:21,20.66,-0.04,5,10330,卖盘
1739,09:31:16,20.7,0.04,227,469890,买盘
1740,09:31:11,20.66,--,27,55782,买盘
1741,09:31:06,20.66,--,8,16528,买盘
1742,09:31:01,20.66,--,20,41320,买盘
1743,09:30:56,20.66,--,106,218996,买盘
1744,09:30:36,20.66,0.08,20,41320,买盘
1745,09:30:31,20.58,0.08,39,80262,买盘
1746,09:30:26,20.5,-0.16,13,26650,卖盘
1747,09:30:16,20.66,0.08,20,41320,买盘
1748,09:30:11,20.58,0.08,14,28811,买盘
1749,09:30:06,20.5,-0.1,340,697000,卖盘
1750,09:30:01,20.6,-0.1,22,45320,卖盘
1751,09:28:52,20.7,--,0,0,买盘
1752,09:25:03,20.7,20.7,732,1515240,买盘
