,time,price,change,volume,amount,type
0,15:00:00,4.41,--,0,0,卖盘
1,15:00:00,4.41,--,0,0,卖盘
2,14:59:59,4.41,-0.01,53,23373,卖盘
3,14:59:54,4.42,0.01,7,3094,买盘
4,14:59:50,4.41,--,398,175518,卖盘
5,14:59:45,4.41,-0.01,89,39249,卖盘
6,14:59:39,4.42,0.01,116,51272,买盘
7,14:59:35,4.41,--,40,17640,卖盘
8,14:59:30,4.41,-0.01,120,52920,卖盘
9,14:59:24,4.42,0.01,109,48178,买盘
10,14:59:20,4.41,-0.01,552,243432,卖盘
11,14:59:14,4.42,0.01,233,102986,买盘
12,14:59:09,4.41,--,64,28224,卖盘
13,14:59:05,4.41,-0.01,1221,538566,卖盘
14,14:59:00,4.42,0.01,87,38454,买盘
15,14:58:54,4.41,--,202,89082,买盘
16,14:58:50,4.41,0.01,1,441,买盘
17,14:58:45,4.4,-0.01,119,52360,卖盘
18,14:58:39,4.41,--,56,24696,买盘
19,14:58:30,4.41,--,76,33516,买盘
20,14:58:24,4.41,--,1000,441000,买盘
21,14:58:20,4.41,--,335,147735,买盘
22,14:58:15,4.41,0.01,106,46746,买盘
23,14:57:54,4.4,--,5,2200,卖盘
24,14:57:49,4.4,--,13,5720,卖盘
25,14:57:45,4.4,--,7,3080,卖盘
26,14:57:34,4.4,--,14,6160,卖盘
27,14:57:29,4.4,--,10,4400,卖盘
28,14:57:19,4.4,-0.01,31,13640,卖盘
29,14:57:04,4.41,--,5,2205,买盘
30,14:56:59,4.41,--,5,2205,买盘
31,14:56:54,4.41,0.01,29,13199,买盘
32,14:56:49,4.4,-0.01,10,4400,卖盘
33,14:56:39,4.41,--,58,26014,买盘
34,14:56:29,4.41,0.01,50,22050,买盘
35,14:56:24,4.4,--,20,8800,卖盘
36,14:56:19,4.4,-0.01,200,88000,卖盘
37,14:56:14,4.41,0.01,428,188748,买盘
38,14:56:09,4.4,--,382,168080,卖盘
39,14:55:49,4.4,--,5,2200,卖盘
40,14:55:44,4.4,--,122,53680,卖盘
41,14:55:39,4.4,--,144,63360,卖盘
42,14:55:29,4.4,--,24,10560,卖盘
43,14:55:24,4.4,--,128,56320,卖盘
44,14:55:14,4.4,--,518,227920,卖盘
45,14:55:04,4.4,--,10,4400,卖盘
46,14:54:58,4.4,--,30,13200,卖盘
47,14:54:29,4.4,--,20,8800,卖盘
48,14:54:24,4.4,--,170,74800,卖盘
49,14:54:14,4.4,--,27,11880,卖盘
50,14:53:54,4.4,--,31,13640,卖盘
51,14:53:48,4.4,--,42,18700,卖盘
52,14:53:44,4.4,--,17,7480,卖盘
53,14:53:39,4.4,--,50,22000,卖盘
54,14:53:29,4.4,--,50,22000,卖盘
55,14:53:14,4.4,-0.01,2,880,卖盘
56,14:52:59,4.41,--,1,441,买盘
57,14:52:54,4.41,0.01,71,31482,买盘
58,14:52:44,4.4,--,8,3520,卖盘
59,14:52:38,4.4,--,1,440,卖盘
60,14:52:33,4.4,-0.01,33,14520,卖盘
61,14:52:28,4.41,0.01,17,7497,买盘
62,14:52:23,4.4,--,40,17600,卖盘
63,14:52:18,4.4,--,14,6160,卖盘
64,14:52:08,4.4,--,160,70791,卖盘
65,14:51:58,4.4,-0.01,27,11880,卖盘
66,14:51:53,4.41,--,630,277830,买盘
67,14:51:43,4.41,--,107,47187,买盘
68,14:51:33,4.41,--,109,48069,买盘
69,14:51:23,4.41,--,100,44100,买盘
70,14:51:13,4.41,--,110,48510,买盘
71,14:51:03,4.41,--,167,73647,买盘
72,14:50:53,4.41,--,120,52920,买盘
73,14:50:48,4.41,--,16,7056,买盘
74,14:50:43,4.41,0.01,100,44100,买盘
75,14:50:38,4.4,-0.01,10,4400,卖盘
76,14:50:33,4.41,0.01,100,44100,买盘
77,14:50:28,4.4,-0.01,26,11440,卖盘
78,14:50:23,4.41,--,100,44100,买盘
79,14:50:13,4.41,0.01,150,66150,买盘
80,14:50:08,4.4,--,10,4400,卖盘
81,14:49:53,4.4,-0.01,1,440,卖盘
82,14:49:48,4.41,0.01,10,4410,买盘
83,14:49:33,4.4,--,758,333520,卖盘
84,14:49:28,4.4,--,5,2200,卖盘
85,14:49:18,4.4,--,55,24200,卖盘
86,14:49:13,4.4,--,11,4840,卖盘
87,14:49:08,4.4,--,24,10863,卖盘
88,14:49:03,4.4,--,14,6560,卖盘
89,14:48:48,4.4,--,46,20240,卖盘
90,14:48:38,4.4,--,54,23760,卖盘
91,14:48:33,4.4,--,10,4400,卖盘
92,14:48:28,4.4,--,2,880,卖盘
93,14:48:18,4.4,--,5,2200,卖盘
94,14:48:08,4.4,--,10,4400,卖盘
95,14:47:52,4.4,--,7,3080,卖盘
96,14:47:48,4.4,0.01,3514,1546274,买盘
97,14:47:33,4.39,-0.01,12,5268,卖盘
98,14:47:27,4.4,--,2,880,买盘
99,14:47:22,4.4,--,1,440,买盘
100,14:47:12,4.4,0.01,40,17600,买盘
101,14:47:07,4.39,-0.01,10,4390,卖盘
102,14:47:03,4.4,--,3,1320,买盘
103,14:46:52,4.4,--,2664,1172485,卖盘
104,14:46:37,4.4,-0.01,0,409,卖盘
105,14:46:17,4.41,--,130,57330,买盘
106,14:46:02,4.41,--,22,9702,买盘
107,14:45:57,4.41,--,22,9702,买盘
108,14:45:47,4.41,--,44,19404,买盘
109,14:45:37,4.41,--,305,134505,买盘
110,14:45:32,4.41,--,9,3969,买盘
111,14:45:22,4.41,--,16,7056,买盘
112,14:45:17,4.41,0.01,3,1323,买盘
113,14:45:12,4.4,-0.01,4,1905,卖盘
114,14:45:07,4.41,--,6,2646,买盘
115,14:45:02,4.41,--,10,4410,买盘
116,14:44:57,4.41,--,1,441,买盘
117,14:44:37,4.41,0.01,50,22050,买盘
118,14:44:32,4.4,--,16,7040,卖盘
119,14:44:22,4.4,--,15,6600,卖盘
120,14:44:17,4.4,--,6,2640,卖盘
121,14:44:07,4.4,--,5,2200,卖盘
122,14:44:02,4.4,0.01,1162,511280,买盘
123,14:43:52,4.39,-0.01,10,4390,卖盘
124,14:43:47,4.4,--,79,34760,买盘
125,14:43:42,4.4,--,74,32560,买盘
126,14:43:37,4.4,--,91,40040,买盘
127,14:43:22,4.4,0.01,500,220000,买盘
128,14:43:17,4.39,-0.01,42,18438,卖盘
129,14:43:07,4.4,--,156,68640,买盘
130,14:42:52,4.4,--,40,17600,买盘
131,14:42:47,4.4,--,10,4400,买盘
132,14:42:42,4.4,--,5,2200,买盘
133,14:42:32,4.4,--,4,1760,买盘
134,14:42:27,4.4,--,16,7040,买盘
135,14:42:22,4.4,--,190,83868,买盘
136,14:42:17,4.4,--,7,3080,买盘
137,14:42:12,4.4,--,3,1320,买盘
138,14:42:07,4.4,0.01,3,1320,买盘
139,14:42:02,4.39,--,23,10097,卖盘
140,14:41:52,4.39,-0.01,10,4390,卖盘
141,14:41:47,4.4,0.01,29,12760,买盘
142,14:41:42,4.39,--,31,13608,卖盘
143,14:41:32,4.39,--,33,14486,卖盘
144,14:41:27,4.39,--,1,438,卖盘
145,14:41:17,4.39,--,595,261204,买盘
146,14:40:57,4.39,--,35,15364,买盘
147,14:40:31,4.39,0.01,17,7462,买盘
148,14:40:26,4.38,--,21,9198,卖盘
149,14:40:12,4.38,--,1,438,卖盘
150,14:39:46,4.38,-0.01,20,8760,卖盘
151,14:39:31,4.39,--,20,8780,买盘
152,14:39:21,4.39,--,2,877,买盘
153,14:39:16,4.39,0.01,149,65410,买盘
154,14:39:06,4.38,-0.01,70,30660,卖盘
155,14:38:56,4.39,0.01,202,88678,买盘
156,14:38:41,4.38,-0.01,80,35447,卖盘
157,14:38:26,4.39,--,95,41705,买盘
158,14:38:16,4.39,--,30,13169,买盘
159,14:38:06,4.39,--,1,438,买盘
160,14:38:01,4.39,--,225,98775,买盘
161,14:37:56,4.39,--,19,8341,买盘
162,14:37:51,4.39,--,805,353395,买盘
163,14:37:41,4.39,0.01,68,29851,买盘
164,14:37:36,4.38,-0.01,1,438,卖盘
165,14:37:11,4.39,--,27,11853,买盘
166,14:37:01,4.39,0.01,5,2195,买盘
167,14:36:56,4.38,-0.01,102,44676,卖盘
168,14:36:51,4.39,--,4,1755,买盘
169,14:36:46,4.39,--,4,1755,买盘
170,14:36:41,4.39,--,29,12730,买盘
171,14:36:36,4.39,--,3,1317,买盘
172,14:36:31,4.39,0.01,9,3950,买盘
173,14:36:21,4.38,--,4,1752,卖盘
174,14:36:16,4.38,--,310,135867,买盘
175,14:36:11,4.38,--,5,2190,买盘
176,14:36:01,4.38,--,25,10950,买盘
177,14:35:56,4.38,--,7,3066,买盘
178,14:35:51,4.38,--,20,8760,买盘
179,14:35:46,4.38,0.01,36,15768,买盘
180,14:35:36,4.37,-0.01,10,4370,卖盘
181,14:35:26,4.38,--,50,21900,买盘
182,14:35:11,4.38,0.01,7,3066,买盘
183,14:35:06,4.37,-0.01,43,18791,卖盘
184,14:35:01,4.38,--,10,4380,买盘
185,14:34:40,4.38,--,27,11826,买盘
186,14:34:36,4.38,-0.01,29,13052,卖盘
187,14:34:31,4.39,0.01,7,3073,买盘
188,14:34:26,4.38,--,20,8760,卖盘
189,14:34:10,4.38,--,2,963,买盘
190,14:33:55,4.38,--,15,6570,买盘
191,14:33:40,4.38,--,17,7796,卖盘
192,14:33:25,4.38,--,76,33288,卖盘
193,14:33:20,4.38,-0.01,6,2628,卖盘
194,14:33:15,4.39,0.01,14,6146,买盘
195,14:32:35,4.38,--,117,51246,卖盘
196,14:32:10,4.38,0.01,13,5781,买盘
197,14:31:50,4.37,-0.01,0,393,卖盘
198,14:31:40,4.38,--,4,1752,买盘
199,14:31:35,4.38,--,55,24440,卖盘
200,14:31:30,4.38,--,52,22863,买盘
201,14:31:25,4.38,--,0,350,卖盘
202,14:31:20,4.38,--,10,4380,卖盘
203,14:31:05,4.38,--,60,26280,卖盘
204,14:31:00,4.38,--,16,7008,卖盘
205,14:30:50,4.38,--,77,34115,卖盘
206,14:30:45,4.38,--,77,33861,买盘
207,14:30:25,4.38,--,106,46730,卖盘
208,14:30:20,4.38,--,60,26280,卖盘
209,14:30:10,4.38,--,3,1734,卖盘
210,14:30:05,4.38,--,57,24966,卖盘
211,14:29:50,4.38,--,25,11322,卖盘
212,14:29:45,4.38,--,100,44167,卖盘
213,14:29:35,4.38,--,3,1314,卖盘
214,14:29:30,4.38,--,26,11388,卖盘
215,14:29:25,4.38,--,22,9885,卖盘
216,14:29:20,4.38,--,17,7446,卖盘
217,14:29:10,4.38,--,126,55188,卖盘
218,14:29:05,4.38,--,16,7384,卖盘
219,14:28:55,4.38,--,90,39420,卖盘
220,14:28:50,4.38,--,2,876,卖盘
221,14:28:40,4.38,--,13,5694,卖盘
222,14:28:35,4.38,--,0,245,卖盘
223,14:28:25,4.38,--,48,21024,卖盘
224,14:28:20,4.38,--,300,131400,卖盘
225,14:28:05,4.38,--,0,293,卖盘
226,14:27:55,4.38,-0.01,4,1752,卖盘
227,14:27:45,4.39,0.01,2,877,买盘
228,14:27:35,4.38,--,8,3504,卖盘
229,14:27:30,4.38,--,23,10074,卖盘
230,14:27:20,4.38,0.01,35,15330,买盘
231,14:26:59,4.37,-0.01,1,437,卖盘
232,14:26:45,4.38,--,387,169838,卖盘
233,14:26:39,4.38,--,19,8322,卖盘
234,14:26:29,4.38,--,150,65700,卖盘
235,14:26:04,4.38,--,5,2190,卖盘
236,14:25:59,4.38,--,1,438,卖盘
237,14:25:49,4.38,-0.01,50,21900,卖盘
238,14:25:44,4.39,--,5,2195,买盘
239,14:25:34,4.39,--,159,69801,买盘
240,14:25:14,4.39,--,3,1317,买盘
241,14:25:04,4.39,0.01,1,438,买盘
242,14:24:59,4.38,--,1,438,卖盘
243,14:24:49,4.38,--,5,2190,卖盘
244,14:24:29,4.38,--,10,4380,卖盘
245,14:24:09,4.38,--,50,21900,卖盘
246,14:24:04,4.38,--,1,438,卖盘
247,14:23:59,4.38,--,1,438,卖盘
248,14:23:49,4.38,--,12,5256,卖盘
249,14:23:44,4.38,--,1,438,卖盘
250,14:23:29,4.38,-0.01,2,876,卖盘
251,14:22:59,4.39,--,58,25461,卖盘
252,14:22:49,4.39,--,2,877,卖盘
253,14:22:44,4.39,--,23,10097,卖盘
254,14:22:39,4.39,--,20,8780,卖盘
255,14:22:34,4.39,--,5,2195,卖盘
256,14:22:29,4.39,0.01,142,62337,买盘
257,14:22:24,4.38,--,3,1314,卖盘
258,14:22:14,4.38,-0.01,18,7884,卖盘
259,14:22:04,4.39,--,30,13169,买盘
260,14:21:59,4.39,--,310,136090,买盘
261,14:21:49,4.39,--,50,21950,买盘
262,14:21:44,4.39,0.01,100,43900,买盘
263,14:21:39,4.38,--,20,8760,卖盘
264,14:21:29,4.38,-0.01,22,9741,卖盘
265,14:21:24,4.39,0.01,50,21950,买盘
266,14:21:14,4.38,-0.01,40,17520,卖盘
267,14:21:09,4.39,0.01,35,15364,买盘
268,14:21:04,4.38,--,211,92418,卖盘
269,14:20:59,4.38,-0.01,30,13140,卖盘
270,14:20:54,4.39,0.01,5,2195,买盘
271,14:20:44,4.38,--,133,58254,买盘
272,14:20:39,4.38,--,1,438,买盘
273,14:20:34,4.38,--,22,9636,买盘
274,14:20:29,4.38,--,2,876,买盘
275,14:20:23,4.38,--,2,876,买盘
276,14:20:19,4.38,--,2,876,买盘
277,14:20:13,4.38,--,306,134028,买盘
278,14:20:08,4.38,0.01,1,438,买盘
279,14:19:53,4.37,--,310,135470,买盘
280,14:19:33,4.37,--,1,437,买盘
281,14:19:28,4.37,--,2,874,买盘
282,14:19:23,4.37,--,54,23598,买盘
283,14:19:19,4.37,--,1,437,买盘
284,14:19:14,4.37,--,3,1311,买盘
285,14:19:08,4.37,--,3,1311,买盘
286,14:19:04,4.37,0.01,7,3059,买盘
287,14:18:48,4.36,--,18,7848,买盘
288,14:18:28,4.36,--,39,17004,卖盘
289,14:18:23,4.36,0.01,204,88944,买盘
290,14:18:18,4.35,-0.01,5,2175,卖盘
291,14:18:13,4.36,--,166,72376,买盘
292,14:18:08,4.36,--,7,3052,买盘
293,14:17:28,4.36,--,9,3924,买盘
294,14:17:23,4.36,--,3,1308,买盘
295,14:17:18,4.36,0.01,1,436,买盘
296,14:17:13,4.35,--,10,4350,卖盘
297,14:17:08,4.35,--,23,10005,卖盘
298,14:17:03,4.35,--,123,53504,卖盘
299,14:16:38,4.35,--,226,98309,买盘
300,14:16:28,4.35,--,35,15224,买盘
301,14:16:13,4.35,--,100,43500,买盘
302,14:15:37,4.35,--,10,4350,买盘
303,14:15:07,4.35,--,1,434,买盘
304,14:14:52,4.35,--,9,3914,买盘
305,14:14:28,4.35,-0.01,105,45674,卖盘
306,14:14:22,4.36,--,60,26160,买盘
307,14:12:57,4.36,0.01,4,1744,买盘
308,14:12:52,4.35,0.01,10,4350,卖盘
309,14:12:47,4.34,-0.01,1000,434000,卖盘
310,14:12:17,4.35,--,31,13484,卖盘
311,14:11:47,4.35,--,27,11744,卖盘
312,14:11:42,4.35,--,100,43500,卖盘
313,14:11:27,4.35,--,30,13049,卖盘
314,14:11:02,4.35,--,5,2175,卖盘
315,14:10:22,4.35,--,6,2610,卖盘
316,14:10:01,4.35,--,17,7394,买盘
317,14:09:27,4.35,--,23,10005,卖盘
318,14:09:22,4.35,--,20,8700,卖盘
319,14:09:07,4.35,--,1000,434999,卖盘
320,14:08:52,4.35,--,2,869,卖盘
321,14:08:46,4.35,--,30,13049,卖盘
322,14:08:16,4.35,--,2,869,卖盘
323,14:07:46,4.35,--,5,2175,卖盘
324,14:07:07,4.35,-0.01,1,434,卖盘
325,14:06:16,4.36,0.01,1,436,买盘
326,14:05:31,4.35,-0.01,31,13484,卖盘
327,14:04:31,4.36,0.01,7,3052,买盘
328,14:03:10,4.35,--,40,17400,卖盘
329,14:02:31,4.35,-0.01,7,3044,卖盘
330,14:02:25,4.36,0.01,1,436,买盘
331,14:02:21,4.35,-0.01,2,869,卖盘
332,14:01:16,4.36,0.01,36,15696,买盘
333,14:01:06,4.35,-0.01,70,30449,卖盘
334,14:00:55,4.36,0.01,2,872,买盘
335,14:00:10,4.35,--,7,3044,卖盘
336,14:00:06,4.35,--,0,0,中性盘
337,13:59:55,4.35,--,5,2175,卖盘
338,13:59:40,4.35,0.01,100,43500,买盘
339,13:59:15,4.34,0.01,12,5208,中性盘
340,13:59:01,4.33,-0.01,520,225160,卖盘
341,13:58:50,4.34,--,4,1736,卖盘
342,13:58:20,4.34,--,30,13020,买盘
343,13:58:05,4.34,--,16,6944,买盘
344,13:57:55,4.34,--,5,2170,买盘
345,13:57:25,4.34,--,10,4340,买盘
346,13:57:05,4.34,--,12,5208,买盘
347,13:56:50,4.34,-0.01,27,11718,卖盘
348,13:56:25,4.35,0.01,1,434,买盘
349,13:56:20,4.34,--,10,4340,卖盘
350,13:55:40,4.34,--,100,43400,卖盘
351,13:55:25,4.34,--,40,17360,卖盘
352,13:55:19,4.34,-0.01,80,34720,卖盘
353,13:54:30,4.35,--,2,869,买盘
354,13:54:09,4.35,0.01,4,1739,买盘
355,13:53:49,4.34,--,2,868,卖盘
356,13:53:24,4.34,0.01,6,2604,卖盘
357,13:53:14,4.33,--,0,0,卖盘
358,13:53:04,4.33,-0.01,200,86600,卖盘
359,13:52:39,4.34,--,5,2170,卖盘
360,13:52:24,4.34,--,31,13454,卖盘
361,13:52:15,4.34,-0.01,1,434,卖盘
362,13:51:34,4.35,0.01,1,434,买盘
363,13:51:09,4.34,--,204,88536,卖盘
364,13:50:54,4.34,-0.01,20,8680,卖盘
365,13:50:49,4.35,--,5,2175,买盘
366,13:50:19,4.35,0.01,74,32189,买盘
367,13:49:54,4.34,-0.01,1,434,卖盘
368,13:48:34,4.35,0.01,18,7829,买盘
369,13:48:13,4.34,--,8,3472,卖盘
370,13:48:04,4.34,--,48,20832,卖盘
371,13:47:49,4.34,--,1,434,卖盘
372,13:46:43,4.34,--,10,4340,卖盘
373,13:45:34,4.34,--,3,1302,卖盘
374,13:44:33,4.34,--,133,57748,买盘
375,13:44:28,4.34,--,6,2604,买盘
376,13:43:58,4.34,0.01,1,434,买盘
377,13:43:18,4.33,--,78,33774,卖盘
378,13:43:03,4.33,--,25,10825,卖盘
379,13:42:33,4.33,-0.01,12,5196,卖盘
380,13:42:08,4.34,--,19,8653,卖盘
381,13:42:03,4.34,--,18,7812,卖盘
382,13:41:33,4.34,--,10,4340,卖盘
383,13:41:23,4.34,--,18,7838,买盘
384,13:41:08,4.34,--,541,235201,卖盘
385,13:40:43,4.34,--,5,2170,卖盘
386,13:40:22,4.34,--,56,24304,卖盘
387,13:39:33,4.34,--,203,88102,卖盘
388,13:39:18,4.34,--,20,8680,卖盘
389,13:38:18,4.34,--,2,954,卖盘
390,13:38:12,4.34,--,2,954,卖盘
391,13:38:07,4.34,-0.01,2,954,卖盘
392,13:38:02,4.35,--,29,12614,卖盘
393,13:37:57,4.35,-0.01,2,869,卖盘
394,13:37:42,4.36,0.01,250,109000,买盘
395,13:35:42,4.35,--,62,26969,卖盘
396,13:35:22,4.35,--,2,869,卖盘
397,13:34:47,4.35,--,269,117014,买盘
398,13:34:37,4.35,0.01,4,1739,买盘
399,13:34:12,4.34,--,4,1909,卖盘
400,13:34:07,4.34,-0.01,2,954,卖盘
401,13:34:02,4.35,--,2,869,买盘
402,13:33:52,4.35,0.01,13,5654,买盘
403,13:33:37,4.34,-0.01,40,17360,卖盘
404,13:33:31,4.35,--,3,1305,买盘
405,13:33:12,4.35,--,9,3914,买盘
406,13:33:01,4.35,--,3,1305,买盘
407,13:32:42,4.35,--,7,3044,买盘
408,13:32:31,4.35,--,5,2262,买盘
409,13:32:22,4.35,--,3,1305,买盘
410,13:32:16,4.35,--,7,3044,买盘
411,13:32:01,4.35,0.01,3,1305,买盘
412,13:31:57,4.34,-0.01,3,1302,卖盘
413,13:31:46,4.35,--,5,2175,买盘
414,13:31:31,4.35,--,3,1305,买盘
415,13:31:16,4.35,--,99,43065,买盘
416,13:31:11,4.35,--,109,47414,买盘
417,13:30:57,4.35,0.01,7,3044,买盘
418,13:30:46,4.34,--,20,8680,卖盘
419,13:30:37,4.34,--,2,868,卖盘
420,13:30:31,4.34,--,100,43400,卖盘
421,13:30:22,4.34,--,50,21700,卖盘
422,13:30:07,4.34,--,1,434,卖盘
423,13:30:01,4.34,-0.01,28,12152,卖盘
424,13:29:36,4.35,0.01,55,23924,买盘
425,13:29:21,4.34,-0.01,1,434,卖盘
426,13:29:06,4.35,0.01,1,434,买盘
427,13:28:46,4.34,--,10,4340,卖盘
428,13:28:01,4.34,--,22,9548,卖盘
429,13:27:16,4.34,--,7,3038,卖盘
430,13:27:01,4.34,--,0,0,卖盘
431,13:26:46,4.34,--,30,13020,卖盘
432,13:26:41,4.34,-0.01,1009,438170,卖盘
433,13:26:21,4.35,--,8,3479,卖盘
434,13:25:36,4.35,--,1,434,卖盘
435,13:24:46,4.35,--,20,8700,卖盘
436,13:24:36,4.35,--,18,7829,卖盘
437,13:24:21,4.35,--,63,27404,卖盘
438,13:23:45,4.35,--,5,2175,卖盘
439,13:21:45,4.35,--,20,8700,卖盘
440,13:21:40,4.35,--,13,5654,卖盘
441,13:21:30,4.35,--,17,7394,卖盘
442,13:20:45,4.35,--,180,78300,卖盘
443,13:20:40,4.35,--,20,8700,卖盘
444,13:20:30,4.35,--,2,869,卖盘
445,13:20:25,4.35,-0.01,1,434,卖盘
446,13:20:00,4.36,--,46,20056,卖盘
447,13:19:55,4.36,--,14,6104,买盘
448,13:19:50,4.36,--,6,2616,卖盘
449,13:19:25,4.36,--,50,21800,卖盘
450,13:19:04,4.36,--,10,4360,卖盘
451,13:18:19,4.36,--,60,26160,卖盘
452,13:18:15,4.36,--,30,13080,卖盘
453,13:18:05,4.36,--,91,39676,卖盘
454,13:17:09,4.36,-0.01,2,872,卖盘
455,13:15:54,4.37,--,5,2185,买盘
456,13:15:39,4.37,--,0,0,买盘
457,13:15:30,4.37,0.01,1,437,买盘
458,13:15:24,4.36,--,5,2180,买盘
459,13:15:09,4.36,--,60,26160,卖盘
460,13:14:59,4.36,--,48,20928,卖盘
461,13:14:29,4.36,-0.01,60,26160,卖盘
462,13:14:14,4.37,--,22,9614,买盘
463,13:14:09,4.37,--,45,19665,买盘
464,13:13:54,4.37,0.01,243,106191,买盘
465,13:13:39,4.36,-0.01,31,13516,卖盘
466,13:13:34,4.37,0.01,3,1311,买盘
467,13:13:24,4.36,--,10,4360,卖盘
468,13:13:14,4.36,--,20,8720,买盘
469,13:13:09,4.36,--,7,3052,买盘
470,13:12:54,4.36,0.01,15,6540,买盘
471,13:12:44,4.35,-0.01,10,4350,卖盘
472,13:12:34,4.36,0.01,19,8284,买盘
473,13:12:24,4.35,-0.01,1,434,卖盘
474,13:12:14,4.36,0.01,10,4360,买盘
475,13:12:04,4.35,-0.01,200,87000,卖盘
476,13:11:54,4.36,--,32,13952,买盘
477,13:11:34,4.36,--,17,7412,买盘
478,13:11:24,4.36,--,112,48832,卖盘
479,13:11:09,4.36,--,1,436,卖盘
480,13:11:04,4.36,--,1,436,卖盘
481,13:10:13,4.36,--,1,436,卖盘
482,13:10:09,4.36,--,13,5668,买盘
483,13:10:04,4.36,0.01,50,21800,买盘
484,13:09:54,4.35,-0.01,1,434,卖盘
485,13:09:49,4.36,0.01,7,3052,买盘
486,13:09:39,4.35,-0.01,69,30014,卖盘
487,13:09:24,4.36,--,2,872,买盘
488,13:09:09,4.36,--,15,6540,买盘
489,13:08:39,4.36,0.01,339,147804,买盘
490,13:08:33,4.35,--,1,434,卖盘
491,13:08:23,4.35,--,1,434,卖盘
492,13:08:03,4.35,-0.01,2,869,卖盘
493,13:07:43,4.36,0.01,16,6976,买盘
494,13:07:23,4.35,--,10,4350,卖盘
495,13:06:53,4.35,--,137,59594,买盘
496,13:06:43,4.35,--,14,6089,卖盘
497,13:06:38,4.35,--,5,2175,卖盘
498,13:06:13,4.35,--,44,19140,卖盘
499,13:06:08,4.35,--,3,1305,卖盘
500,13:06:03,4.35,--,20,8700,卖盘
501,13:05:53,4.35,--,5,2175,卖盘
502,13:05:38,4.35,--,36,15659,卖盘
503,13:04:43,4.35,--,13,5654,买盘
504,13:04:03,4.35,--,9,3914,卖盘
505,13:03:43,4.35,--,4,1739,买盘
506,13:03:13,4.35,--,20,8700,买盘
507,13:02:48,4.35,0.01,76,33060,卖盘
508,13:02:33,4.34,--,0,0,卖盘
509,13:02:28,4.34,--,38,16492,卖盘
510,13:02:21,4.34,-0.01,285,123690,卖盘
511,13:02:18,4.35,-0.01,4,1739,卖盘
512,13:02:03,4.36,--,5,2180,买盘
513,13:01:58,4.36,--,4,1744,买盘
514,13:01:13,4.36,--,12,5232,买盘
515,13:00:48,4.36,0.01,71,30956,买盘
516,13:00:43,4.35,-0.01,6,2610,卖盘
517,13:00:17,4.36,0.01,4,1744,买盘
518,13:00:07,4.35,--,71,30884,卖盘
519,13:00:03,4.35,--,172,74841,买盘
520,11:30:00,4.35,--,0,0,买盘
521,11:30:00,4.35,--,10,4350,买盘
522,11:29:38,4.35,--,6,2610,买盘
523,11:29:33,4.35,--,10,4350,买盘
524,11:29:18,4.35,--,10,4350,买盘
525,11:28:23,4.35,--,36,15659,买盘
526,11:28:08,4.35,--,10,4350,买盘
527,11:27:53,4.35,0.01,336,146160,买盘
528,11:27:43,4.34,-0.01,50,21700,卖盘
529,11:27:38,4.35,0.01,23,10005,买盘
530,11:27:33,4.34,-0.01,20,8680,卖盘
531,11:27:28,4.35,--,10,4350,买盘
532,11:27:13,4.35,--,100,43500,买盘
533,11:27:08,4.35,--,94,40890,买盘
534,11:25:58,4.35,--,40,17400,买盘
535,11:25:52,4.35,--,183,79605,买盘
536,11:25:47,4.35,0.01,7,3044,买盘
537,11:25:13,4.34,--,6,2604,卖盘
538,11:24:42,4.34,--,32,13888,卖盘
539,11:24:22,4.34,--,40,17360,卖盘
540,11:23:22,4.34,--,272,118048,卖盘
541,11:23:12,4.34,-0.01,81,35154,卖盘
542,11:23:07,4.35,--,4,1739,买盘
543,11:22:27,4.35,--,100,43500,买盘
544,11:22:07,4.35,0.01,1,434,买盘
545,11:21:57,4.34,-0.01,20,8680,卖盘
546,11:21:42,4.35,0.01,4,1739,买盘
547,11:21:32,4.34,-0.01,3,1302,卖盘
548,11:21:12,4.35,--,23,10005,买盘
549,11:21:07,4.35,0.01,8,3479,买盘
550,11:20:32,4.34,--,21,9114,卖盘
551,11:19:52,4.34,-0.01,2,868,卖盘
552,11:19:16,4.35,0.01,10,4350,买盘
553,11:19:01,4.34,0.01,2,868,中性盘
554,11:18:52,4.33,-0.02,67,29011,卖盘
555,11:18:46,4.35,--,10,4350,买盘
556,11:18:37,4.35,--,0,0,买盘
557,11:18:16,4.35,--,0,0,买盘
558,11:18:11,4.35,0.01,100,43500,买盘
559,11:18:07,4.34,0.01,1,434,买盘
560,11:18:01,4.33,--,1,433,卖盘
561,11:17:46,4.33,--,5,2165,卖盘
562,11:17:41,4.33,--,10,4330,卖盘
563,11:17:26,4.33,--,5,2165,卖盘
564,11:17:16,4.33,--,10,4330,卖盘
565,11:17:06,4.33,--,1,433,卖盘
566,11:16:41,4.33,--,40,17320,卖盘
567,11:16:31,4.33,-0.01,776,336008,卖盘
568,11:16:26,4.34,--,182,78988,买盘
569,11:16:21,4.34,--,24,10416,买盘
570,11:16:16,4.34,0.01,100,43400,买盘
571,11:16:01,4.33,-0.01,409,177097,卖盘
572,11:15:56,4.34,0.01,5,2170,买盘
573,11:15:46,4.33,-0.01,33,14289,卖盘
574,11:15:16,4.34,0.01,100,43400,买盘
575,11:14:36,4.33,--,6,2598,卖盘
576,11:14:21,4.33,-0.01,7,3031,卖盘
577,11:14:16,4.34,0.01,100,43400,买盘
578,11:14:01,4.33,--,13,5629,卖盘
579,11:13:51,4.33,--,11,4763,卖盘
580,11:13:46,4.33,-0.01,24,10392,卖盘
581,11:13:11,4.34,0.01,11,4774,买盘
582,11:13:01,4.33,-0.01,1,433,卖盘
583,11:12:46,4.34,--,120,52080,买盘
584,11:12:31,4.34,0.01,23,9982,买盘
585,11:12:21,4.33,--,15,6495,卖盘
586,11:11:25,4.33,--,20,8660,卖盘
587,11:11:10,4.33,--,50,21650,卖盘
588,11:10:46,4.33,-0.01,4,1732,卖盘
589,11:10:25,4.34,0.01,31,13454,买盘
590,11:10:20,4.33,--,11,4763,卖盘
591,11:10:05,4.33,-0.01,2,866,卖盘
592,11:09:46,4.34,0.01,2,868,买盘
593,11:09:25,4.33,-0.01,46,19918,卖盘
594,11:09:20,4.34,-0.01,421,182714,卖盘
595,11:09:15,4.35,0.01,11,4785,买盘
596,11:09:10,4.34,--,109,47306,卖盘
597,11:09:05,4.34,--,10,4340,卖盘
598,11:09:00,4.34,--,170,73780,卖盘
599,11:08:45,4.34,--,182,78988,卖盘
600,11:08:40,4.34,--,10,4340,卖盘
601,11:07:55,4.34,-0.01,50,21700,卖盘
602,11:06:40,4.35,--,1,434,买盘
603,11:06:35,4.35,--,5,2175,买盘
604,11:06:15,4.35,0.01,5,2175,买盘
605,11:05:30,4.34,--,3,1302,卖盘
606,11:05:25,4.34,--,6,2604,卖盘
607,11:05:15,4.34,--,11,4774,卖盘
608,11:05:10,4.34,-0.01,6,2604,卖盘
609,11:03:25,4.35,-0.01,84,36957,卖盘
610,11:03:19,4.36,0.01,12,5232,买盘
611,11:02:34,4.35,--,27,11762,买盘
612,11:02:25,4.35,--,74,32320,卖盘
613,11:02:10,4.35,-0.01,1,434,卖盘
614,11:01:34,4.36,0.01,10,4360,买盘
615,11:01:24,4.35,-0.01,29,12614,卖盘
616,11:01:04,4.36,--,30,13080,买盘
617,11:00:59,4.36,--,30,13080,买盘
618,11:00:34,4.36,--,4,1744,买盘
619,11:00:24,4.36,--,12,5232,买盘
620,11:00:19,4.36,0.01,14,6104,买盘
621,11:00:09,4.35,-0.01,748,325380,卖盘
622,11:00:04,4.36,--,8,3488,买盘
623,10:59:59,4.36,0.01,2,872,买盘
624,10:59:54,4.35,--,1,434,卖盘
625,10:59:34,4.35,--,33,14354,卖盘
626,10:59:09,4.35,--,200,87000,卖盘
627,10:58:54,4.35,-0.01,900,391499,卖盘
628,10:58:39,4.36,--,21,9156,买盘
629,10:58:09,4.36,0.01,276,120336,买盘
630,10:57:39,4.35,-0.01,2,869,卖盘
631,10:57:34,4.36,--,26,11336,买盘
632,10:56:49,4.36,0.01,3,1308,买盘
633,10:56:34,4.35,-0.01,6,2610,卖盘
634,10:56:24,4.36,--,10,4360,买盘
635,10:56:19,4.36,0.01,100,43600,买盘
636,10:56:09,4.35,--,2,869,卖盘
637,10:55:49,4.35,-0.01,66,28709,卖盘
638,10:55:43,4.36,0.01,3,1308,买盘
639,10:55:34,4.35,--,31,13484,卖盘
640,10:54:39,4.35,--,53,23054,卖盘
641,10:54:34,4.35,--,46,20010,卖盘
642,10:54:13,4.35,--,9,3914,卖盘
643,10:52:58,4.35,-0.01,50,21750,卖盘
644,10:52:28,4.36,--,50,21800,买盘
645,10:52:13,4.36,--,137,59732,买盘
646,10:51:33,4.36,0.01,10,4360,买盘
647,10:51:18,4.35,-0.01,102,44370,卖盘
648,10:51:13,4.36,--,4,1744,买盘
649,10:51:03,4.36,--,1,436,买盘
650,10:50:58,4.36,--,37,16132,买盘
651,10:49:53,4.36,0.01,30,13080,买盘
652,10:49:33,4.35,-0.01,5,2175,卖盘
653,10:49:28,4.36,0.01,3,1308,买盘
654,10:49:18,4.35,--,3,1305,卖盘
655,10:49:12,4.35,-0.01,104,45239,卖盘
656,10:49:03,4.36,0.01,1,436,买盘
657,10:48:52,4.35,-0.01,10,4350,卖盘
658,10:48:22,4.36,0.01,114,49704,买盘
659,10:47:47,4.35,-0.01,10,4350,卖盘
660,10:47:27,4.36,0.01,100,43600,买盘
661,10:47:12,4.35,-0.01,1,434,卖盘
662,10:47:07,4.36,0.01,10,4360,买盘
663,10:46:57,4.35,--,820,356699,卖盘
664,10:46:52,4.35,-0.01,12,5220,卖盘
665,10:46:33,4.36,0.01,2,872,买盘
666,10:46:22,4.35,-0.01,1,434,卖盘
667,10:46:17,4.36,0.01,10,4360,买盘
668,10:46:07,4.35,-0.01,43,18705,卖盘
669,10:45:57,4.36,--,31,13516,买盘
670,10:45:47,4.36,0.01,55,23980,买盘
671,10:45:37,4.35,-0.01,5,2175,卖盘
672,10:45:32,4.36,0.01,15,6540,买盘
673,10:45:22,4.35,--,48,20880,卖盘
674,10:45:07,4.35,-0.01,31,13484,卖盘
675,10:45:02,4.36,0.01,285,124260,买盘
676,10:44:47,4.35,--,131,57289,卖盘
677,10:44:42,4.35,--,40,17400,卖盘
678,10:44:37,4.35,--,134,58289,卖盘
679,10:44:22,4.35,-0.01,33,14354,卖盘
680,10:44:17,4.36,--,9,3924,买盘
681,10:44:07,4.36,--,50,21800,买盘
682,10:43:52,4.36,--,20,8720,买盘
683,10:43:42,4.36,--,100,43600,买盘
684,10:43:37,4.36,0.01,5,2180,买盘
685,10:43:27,4.35,-0.01,4,1739,卖盘
686,10:43:22,4.36,0.01,10,4360,买盘
687,10:43:12,4.35,-0.01,17,7394,卖盘
688,10:43:07,4.36,0.01,53,23108,买盘
689,10:42:57,4.35,--,68,29579,卖盘
690,10:42:52,4.35,-0.01,6,2610,卖盘
691,10:42:42,4.36,0.01,50,21800,买盘
692,10:42:36,4.35,--,5,2175,卖盘
693,10:42:12,4.35,--,30,13049,买盘
694,10:42:06,4.35,--,10,4350,卖盘
695,10:42:01,4.35,--,37,16094,卖盘
696,10:41:57,4.35,0.01,31,13484,买盘
697,10:41:36,4.34,-0.01,10,4340,卖盘
698,10:41:31,4.35,0.01,5,2175,买盘
699,10:41:16,4.34,--,10,4340,卖盘
700,10:41:12,4.34,-0.01,6,2604,卖盘
701,10:41:06,4.35,--,2,869,买盘
702,10:40:57,4.35,0.01,1,434,买盘
703,10:40:51,4.34,--,0,0,中性盘
704,10:40:42,4.34,--,14,6076,买盘
705,10:40:31,4.34,--,10,4340,买盘
706,10:40:27,4.34,-0.01,145,62930,卖盘
707,10:40:21,4.35,--,5,2175,买盘
708,10:40:16,4.35,--,50,21750,买盘
709,10:40:06,4.35,0.01,71,30884,买盘
710,10:39:51,4.34,--,100,43400,卖盘
711,10:39:46,4.34,-0.01,79,34286,卖盘
712,10:39:31,4.35,0.01,49,21315,买盘
713,10:39:21,4.34,-0.01,1,434,卖盘
714,10:39:16,4.35,0.01,1,434,买盘
715,10:39:11,4.34,-0.01,40,17360,卖盘
716,10:39:06,4.35,--,30,13049,买盘
717,10:38:41,4.35,--,5,2175,买盘
718,10:38:16,4.35,--,3,1305,买盘
719,10:38:11,4.35,--,5,2175,买盘
720,10:38:06,4.35,0.01,18,7829,买盘
721,10:37:56,4.34,--,12,5208,卖盘
722,10:37:51,4.34,--,2,868,卖盘
723,10:37:36,4.34,-0.01,68,29512,卖盘
724,10:37:26,4.35,--,69,30014,买盘
725,10:37:16,4.35,0.01,61,26534,买盘
726,10:37:01,4.34,-0.01,143,62062,卖盘
727,10:36:56,4.35,--,25,10875,买盘
728,10:36:41,4.35,--,48,20880,买盘
729,10:36:31,4.35,--,300,130499,买盘
730,10:36:21,4.35,--,100,43500,买盘
731,10:36:16,4.35,--,1,434,买盘
732,10:35:46,4.35,--,8,3479,买盘
733,10:35:31,4.35,0.01,14,6089,买盘
734,10:35:21,4.34,--,200,86800,卖盘
735,10:35:11,4.34,-0.01,1,434,卖盘
736,10:35:06,4.35,--,10,4350,买盘
737,10:34:51,4.35,0.01,13,5654,买盘
738,10:34:40,4.34,--,5,2170,卖盘
739,10:34:30,4.34,--,20,8680,卖盘
740,10:34:25,4.34,-0.01,1,434,卖盘
741,10:34:15,4.35,--,11,4785,买盘
742,10:34:10,4.35,--,2,869,买盘
743,10:34:06,4.35,--,22,9570,买盘
744,10:33:21,4.35,--,1,434,买盘
745,10:33:10,4.35,--,1,434,买盘
746,10:33:05,4.35,--,1,434,卖盘
747,10:32:45,4.35,-0.01,6,2610,买盘
748,10:32:25,4.36,--,0,0,买盘
749,10:32:05,4.36,0.02,1,436,买盘
750,10:32:00,4.34,--,0,0,卖盘
751,10:31:40,4.34,--,0,0,卖盘
752,10:31:30,4.34,--,100,43400,卖盘
753,10:31:10,4.34,-0.02,1020,442870,卖盘
754,10:30:55,4.36,0.01,1,436,买盘
755,10:30:30,4.35,--,0,0,中性盘
756,10:30:25,4.35,--,98,42630,买盘
757,10:30:20,4.35,--,97,42195,买盘
758,10:30:15,4.35,--,3,1305,卖盘
759,10:30:10,4.35,--,100,43500,卖盘
760,10:30:00,4.35,--,250,108749,卖盘
761,10:29:55,4.35,--,4,1739,卖盘
762,10:29:45,4.35,-0.01,5,2175,卖盘
763,10:29:40,4.36,--,0,0,买盘
764,10:29:15,4.36,0.02,1,436,买盘
765,10:28:55,4.34,-0.02,1,434,卖盘
766,10:28:30,4.36,0.01,10,4360,买盘
767,10:28:09,4.35,--,0,0,买盘
768,10:27:54,4.35,--,14,6089,卖盘
769,10:27:24,4.35,--,14,6089,买盘
770,10:27:19,4.35,--,22,9570,买盘
771,10:27:14,4.35,--,7,3044,买盘
772,10:26:59,4.35,0.01,120,52199,买盘
773,10:26:44,4.34,--,2,868,卖盘
774,10:26:29,4.34,--,3,1302,卖盘
775,10:25:39,4.34,-0.01,27,11718,卖盘
776,10:25:09,4.35,0.01,2,869,买盘
777,10:25:04,4.34,-0.01,26,11284,卖盘
778,10:24:59,4.35,--,7,3044,买盘
779,10:24:54,4.35,0.01,10,4350,买盘
780,10:24:39,4.34,--,10,4340,卖盘
781,10:23:59,4.34,--,4,1736,卖盘
782,10:23:44,4.34,--,51,22134,卖盘
783,10:23:39,4.34,--,5,2170,卖盘
784,10:23:24,4.34,--,100,43400,卖盘
785,10:23:19,4.34,--,200,86800,卖盘
786,10:23:09,4.34,-0.01,1,434,卖盘
787,10:22:59,4.35,0.01,90,39150,买盘
788,10:22:49,4.34,-0.01,4,1736,卖盘
789,10:22:24,4.35,0.01,2,869,买盘
790,10:22:19,4.34,--,12,5208,买盘
791,10:22:09,4.34,0.01,2,868,买盘
792,10:22:04,4.33,--,0,0,卖盘
793,10:21:59,4.33,-0.02,1626,704058,卖盘
794,10:21:39,4.35,--,1,434,买盘
795,10:21:24,4.35,--,336,146160,卖盘
796,10:21:09,4.35,-0.01,120,52199,卖盘
797,10:20:54,4.36,0.01,51,22236,买盘
798,10:20:39,4.35,--,5,2175,卖盘
799,10:20:24,4.35,--,4,1739,卖盘
800,10:19:24,4.35,--,149,64814,卖盘
801,10:19:18,4.35,--,71,30884,买盘
802,10:19:08,4.35,--,5,2175,买盘
803,10:18:54,4.35,0.01,50,21750,买盘
804,10:18:48,4.34,--,100,43400,卖盘
805,10:18:33,4.34,-0.01,20,8680,卖盘
806,10:18:28,4.35,0.01,5,2175,卖盘
807,10:18:23,4.34,--,0,0,卖盘
808,10:18:13,4.34,-0.02,229,99386,卖盘
809,10:18:08,4.36,0.01,133,57988,买盘
810,10:17:48,4.35,--,62,26969,卖盘
811,10:17:38,4.35,-0.01,45,19575,卖盘
812,10:17:23,4.36,0.01,3,1308,买盘
813,10:16:53,4.35,--,25,10875,卖盘
814,10:16:38,4.35,--,3,1305,买盘
815,10:16:23,4.35,--,31,13484,买盘
816,10:16:03,4.35,--,29,12614,买盘
817,10:15:58,4.35,0.02,16,6959,买盘
818,10:15:53,4.33,-0.02,217,93961,卖盘
819,10:15:48,4.35,0.01,40,17400,买盘
820,10:15:38,4.34,-0.01,27,11718,卖盘
821,10:15:33,4.35,--,7,3044,买盘
822,10:15:28,4.35,--,7,3044,买盘
823,10:15:23,4.35,--,24,10440,买盘
824,10:15:08,4.35,--,0,0,买盘
825,10:14:43,4.35,-0.01,26,11309,卖盘
826,10:14:28,4.36,--,0,0,买盘
827,10:14:13,4.36,--,0,0,买盘
828,10:14:03,4.36,--,0,0,买盘
829,10:13:53,4.36,0.03,6,2616,买盘
830,10:13:48,4.33,-0.02,1511,654263,卖盘
831,10:13:42,4.35,-0.01,8,3479,卖盘
832,10:13:27,4.36,0.01,1,436,买盘
833,10:13:22,4.35,-0.01,42,18270,卖盘
834,10:13:18,4.36,--,101,44036,买盘
835,10:12:18,4.36,0.01,5,2180,买盘
836,10:11:48,4.35,-0.01,101,43935,卖盘
837,10:11:42,4.36,0.01,10,4360,买盘
838,10:11:37,4.35,--,1,434,卖盘
839,10:11:32,4.35,-0.01,17,7394,卖盘
840,10:11:27,4.36,--,6,2616,买盘
841,10:11:17,4.36,0.01,30,13080,买盘
842,10:11:12,4.35,--,24,10440,卖盘
843,10:11:02,4.35,-0.01,108,46979,卖盘
844,10:10:17,4.36,0.01,7,3052,买盘
845,10:10:02,4.35,--,106,46109,卖盘
846,10:09:57,4.35,--,20,8700,卖盘
847,10:09:47,4.35,--,95,41325,卖盘
848,10:09:42,4.35,--,9,3914,卖盘
849,10:09:12,4.35,--,6,2610,卖盘
850,10:08:57,4.35,--,0,0,中性盘
851,10:08:52,4.35,-0.01,15,6524,卖盘
852,10:08:47,4.36,0.01,112,48832,买盘
853,10:08:27,4.35,-0.01,10,4350,卖盘
854,10:08:17,4.36,0.01,7,3052,买盘
855,10:08:12,4.35,--,5,2175,卖盘
856,10:08:07,4.35,--,100,43500,卖盘
857,10:07:47,4.35,-0.01,101,43935,卖盘
858,10:07:42,4.36,0.01,3,1308,买盘
859,10:07:32,4.35,--,2,869,卖盘
860,10:07:27,4.35,--,3,1305,卖盘
861,10:06:32,4.35,0.01,101,43935,买盘
862,10:06:12,4.34,-0.01,137,59458,卖盘
863,10:05:52,4.35,-0.01,10,4350,卖盘
864,10:05:47,4.36,0.01,10,4360,买盘
865,10:05:42,4.35,--,1,434,卖盘
866,10:05:21,4.35,--,50,21750,卖盘
867,10:05:17,4.35,--,117,50894,卖盘
868,10:05:06,4.35,-0.01,100,43500,卖盘
869,10:05:02,4.36,0.01,4,1744,买盘
870,10:04:51,4.35,--,13,5654,卖盘
871,10:04:32,4.35,-0.01,1,434,卖盘
872,10:04:06,4.36,--,100,43600,卖盘
873,10:03:51,4.36,--,1,436,卖盘
874,10:03:46,4.36,--,10,4360,卖盘
875,10:03:36,4.36,--,100,43600,卖盘
876,10:03:27,4.36,-0.01,100,43600,卖盘
877,10:03:06,4.37,0.01,1,437,买盘
878,10:02:57,4.36,-0.01,2,872,卖盘
879,10:02:36,4.37,--,6,2622,买盘
880,10:02:21,4.37,--,7,3059,卖盘
881,10:02:16,4.37,--,20,8740,卖盘
882,10:02:12,4.37,--,143,62491,卖盘
883,10:02:06,4.37,--,41,17917,卖盘
884,10:01:51,4.37,-0.01,49,21413,卖盘
885,10:01:41,4.38,--,91,39858,买盘
886,10:01:36,4.38,0.01,10,4380,买盘
887,10:01:21,4.37,0.01,110,48070,买盘
888,10:01:16,4.36,-0.01,6,2616,卖盘
889,10:00:56,4.37,--,250,109250,买盘
890,10:00:46,4.37,--,30,13110,买盘
891,10:00:21,4.37,--,0,0,买盘
892,10:00:16,4.37,--,13,5681,买盘
893,10:00:11,4.37,0.01,53,23161,买盘
894,10:00:06,4.36,0.01,11,4796,买盘
895,10:00:01,4.35,-0.01,1,434,卖盘
896,09:59:56,4.36,0.01,100,43600,买盘
897,09:59:51,4.35,-0.01,5,2175,卖盘
898,09:59:41,4.36,0.01,18,7848,买盘
899,09:59:31,4.35,-0.01,1,434,卖盘
900,09:59:26,4.36,--,100,43600,买盘
901,09:59:21,4.36,0.01,5,2180,买盘
902,09:59:11,4.35,--,10,4350,卖盘
903,09:59:06,4.35,--,6,2610,卖盘
904,09:59:01,4.35,--,10,4350,卖盘
905,09:58:56,4.35,--,33,14354,卖盘
906,09:58:45,4.35,--,1,434,卖盘
907,09:58:41,4.35,--,285,123974,买盘
908,09:58:36,4.35,--,6,2610,买盘
909,09:58:26,4.35,0.01,10,4350,买盘
910,09:58:11,4.34,-0.01,2,868,卖盘
911,09:58:06,4.35,0.01,57,24794,买盘
912,09:58:00,4.34,--,23,9982,卖盘
913,09:57:56,4.34,-0.01,5,2170,卖盘
914,09:57:45,4.35,0.01,11,4785,买盘
915,09:57:36,4.34,--,2,868,卖盘
916,09:57:30,4.34,--,1,434,卖盘
917,09:57:15,4.34,0.01,179,77686,买盘
918,09:57:10,4.33,-0.01,200,86600,卖盘
919,09:57:05,4.34,--,28,12152,买盘
920,09:57:00,4.34,--,130,56420,买盘
921,09:56:50,4.34,0.01,20,8680,买盘
922,09:56:45,4.33,-0.01,115,49795,卖盘
923,09:56:40,4.34,--,110,47740,买盘
924,09:56:35,4.34,--,6,2604,买盘
925,09:56:30,4.34,--,46,19964,买盘
926,09:56:26,4.34,--,32,13888,买盘
927,09:56:20,4.34,--,110,47740,买盘
928,09:56:15,4.34,--,26,11284,买盘
929,09:56:10,4.34,--,24,10416,买盘
930,09:56:05,4.34,--,16,6944,买盘
931,09:56:00,4.34,0.01,61,26474,买盘
932,09:55:55,4.33,-0.01,5,2165,卖盘
933,09:55:50,4.34,--,38,16492,买盘
934,09:55:45,4.34,--,10,4340,买盘
935,09:55:40,4.34,--,9,3906,买盘
936,09:55:35,4.34,0.01,51,22134,买盘
937,09:55:25,4.33,-0.01,16,6928,卖盘
938,09:55:20,4.34,--,15,6510,买盘
939,09:55:15,4.34,--,30,13020,买盘
940,09:55:10,4.34,0.01,36,15624,买盘
941,09:55:05,4.33,--,6,2598,卖盘
942,09:54:35,4.33,-0.01,5,2165,卖盘
943,09:54:30,4.34,0.01,13,5642,买盘
944,09:54:15,4.33,--,78,33774,买盘
945,09:54:10,4.33,--,11,4763,买盘
946,09:54:05,4.33,--,91,39403,买盘
947,09:54:00,4.33,--,7,3031,买盘
948,09:53:55,4.33,--,222,96126,买盘
949,09:53:50,4.33,-0.01,4,1732,中性盘
950,09:53:45,4.34,0.02,11,4774,买盘
951,09:53:40,4.32,-0.02,5,2160,卖盘
952,09:53:35,4.34,0.01,180,78120,买盘
953,09:53:25,4.33,0.01,1,433,买盘
954,09:53:05,4.32,-0.01,2,864,卖盘
955,09:52:50,4.33,--,1,433,买盘
956,09:52:45,4.33,--,1,433,买盘
957,09:52:35,4.33,--,19,8227,买盘
958,09:52:30,4.33,--,396,171468,卖盘
959,09:52:25,4.33,--,6,2598,卖盘
960,09:52:05,4.33,--,300,129900,卖盘
961,09:51:45,4.33,-0.01,101,43733,卖盘
962,09:51:35,4.34,0.01,10,4340,买盘
963,09:51:24,4.33,-0.01,300,129900,卖盘
964,09:51:15,4.34,--,11,4774,买盘
965,09:50:59,4.34,--,10,4340,买盘
966,09:50:54,4.34,0.01,22,9548,买盘
967,09:50:49,4.33,--,49,21217,卖盘
968,09:50:45,4.33,--,376,162808,卖盘
969,09:50:20,4.33,-0.01,10,4330,卖盘
970,09:50:05,4.34,0.01,16,6944,买盘
971,09:49:54,4.33,-0.01,152,65816,卖盘
972,09:49:49,4.34,--,11,4774,买盘
973,09:49:44,4.34,-0.01,60,26040,卖盘
974,09:49:39,4.35,0.01,50,21750,买盘
975,09:49:34,4.34,--,55,23870,卖盘
976,09:49:19,4.34,--,4,1736,卖盘
977,09:49:14,4.34,0.01,1,434,卖盘
978,09:49:09,4.33,-0.01,426,184458,卖盘
979,09:48:59,4.34,--,5,2170,买盘
980,09:48:44,4.34,-0.01,6,2604,卖盘
981,09:48:34,4.35,--,5,2175,买盘
982,09:48:24,4.35,--,0,0,买盘
983,09:48:14,4.35,--,0,0,中性盘
984,09:48:09,4.35,0.02,43,18705,买盘
985,09:47:59,4.33,-0.02,216,93528,卖盘
986,09:47:54,4.35,0.01,11,4785,买盘
987,09:47:44,4.34,-0.01,5,2170,卖盘
988,09:47:29,4.35,0.01,5,2175,买盘
989,09:47:19,4.34,-0.01,1,434,卖盘
990,09:47:04,4.35,--,2,869,买盘
991,09:46:49,4.35,0.01,54,23489,买盘
992,09:46:44,4.34,--,4,1736,卖盘
993,09:46:39,4.34,--,5,2170,卖盘
994,09:46:34,4.34,--,2,868,买盘
995,09:46:29,4.34,--,66,28644,卖盘
996,09:46:09,4.34,--,8,3472,买盘
997,09:45:59,4.34,--,12,5208,买盘
998,09:45:54,4.34,--,50,21700,买盘
999,09:45:49,4.34,-0.01,159,69006,卖盘
1000,09:45:44,4.35,--,10,4350,买盘
1001,09:45:39,4.35,--,0,0,买盘
1002,09:45:29,4.35,0.02,7,3044,买盘
1003,09:45:24,4.33,-0.02,119,51527,卖盘
1004,09:45:14,4.35,0.01,63,27404,买盘
1005,09:45:09,4.34,--,5,2170,买盘
1006,09:44:59,4.34,--,137,59458,卖盘
1007,09:44:39,4.34,--,16,6944,卖盘
1008,09:44:03,4.34,--,9,3906,卖盘
1009,09:43:59,4.34,-0.01,100,43400,卖盘
1010,09:43:54,4.35,--,12,5220,买盘
1011,09:43:29,4.35,--,6,2610,卖盘
1012,09:43:03,4.35,-0.01,5,2175,卖盘
1013,09:42:59,4.36,0.01,50,21800,买盘
1014,09:42:54,4.35,--,1,434,卖盘
1015,09:42:48,4.35,--,11,4785,卖盘
1016,09:42:43,4.35,--,7,3044,卖盘
1017,09:42:38,4.35,--,17,7394,卖盘
1018,09:42:28,4.35,0.01,7,3044,卖盘
1019,09:42:13,4.34,--,0,0,卖盘
1020,09:41:43,4.34,-0.02,9,3906,卖盘
1021,09:41:38,4.36,--,18,7848,卖盘
1022,09:41:23,4.36,--,16,6976,卖盘
1023,09:41:18,4.36,--,30,13080,卖盘
1024,09:41:08,4.36,--,20,8720,卖盘
1025,09:40:58,4.36,--,20,8720,买盘
1026,09:40:53,4.36,--,17,7412,卖盘
1027,09:40:38,4.36,0.01,45,19620,买盘
1028,09:40:33,4.35,--,2,869,卖盘
1029,09:40:28,4.35,--,50,21750,卖盘
1030,09:40:13,4.35,-0.01,200,87000,卖盘
1031,09:40:08,4.36,--,9,3924,买盘
1032,09:40:03,4.36,--,10,4360,买盘
1033,09:39:58,4.36,0.01,101,44036,买盘
1034,09:39:43,4.35,-0.01,11,4785,卖盘
1035,09:39:33,4.36,0.01,10,4360,中性盘
1036,09:39:03,4.35,--,50,21750,卖盘
1037,09:38:58,4.35,--,5,2175,卖盘
1038,09:38:53,4.35,0.02,176,76560,买盘
1039,09:38:48,4.33,--,0,0,卖盘
1040,09:38:43,4.33,-0.02,5,2165,卖盘
1041,09:38:38,4.35,0.02,48,20880,买盘
1042,09:38:33,4.33,0.01,600,259800,买盘
1043,09:38:28,4.32,-0.01,1,432,卖盘
1044,09:38:23,4.33,0.01,525,227325,买盘
1045,09:38:18,4.32,--,30,12960,卖盘
1046,09:38:03,4.32,--,73,31536,买盘
1047,09:37:58,4.32,0.01,86,37152,买盘
1048,09:37:53,4.31,-0.01,24,10343,卖盘
1049,09:37:48,4.32,0.01,42,18144,买盘
1050,09:37:37,4.31,-0.01,420,181019,卖盘
1051,09:37:33,4.32,--,213,92016,买盘
1052,09:37:27,4.32,--,7,3024,买盘
1053,09:37:22,4.32,--,121,52272,买盘
1054,09:37:17,4.32,--,20,8640,买盘
1055,09:37:12,4.32,--,31,13392,买盘
1056,09:37:07,4.32,--,7,3024,买盘
1057,09:37:03,4.32,--,20,8640,买盘
1058,09:36:57,4.32,0.01,7,3024,买盘
1059,09:36:52,4.31,-0.01,100,43099,卖盘
1060,09:36:48,4.32,--,7,3024,买盘
1061,09:36:42,4.32,0.01,8,3456,买盘
1062,09:36:37,4.31,-0.01,15,6464,卖盘
1063,09:36:33,4.32,-0.01,7,3024,卖盘
1064,09:36:27,4.33,0.03,164,71012,买盘
1065,09:36:22,4.3,--,0,0,卖盘
1066,09:36:17,4.3,-0.02,1101,473430,卖盘
1067,09:36:07,4.32,-0.01,13,5616,卖盘
1068,09:36:02,4.33,--,107,46331,买盘
1069,09:35:57,4.33,0.01,3,1299,买盘
1070,09:35:42,4.32,0.01,65,28080,买盘
1071,09:35:17,4.31,-0.01,17,7326,卖盘
1072,09:35:12,4.32,--,24,10368,买盘
1073,09:35:02,4.32,-0.01,147,63504,卖盘
1074,09:34:52,4.33,--,115,49795,买盘
1075,09:34:47,4.33,--,28,12124,买盘
1076,09:34:42,4.33,--,6,2598,买盘
1077,09:34:37,4.33,0.01,4,1732,买盘
1078,09:34:32,4.32,-0.01,136,58752,卖盘
1079,09:34:17,4.33,-0.01,159,68847,卖盘
1080,09:34:07,4.34,--,14,6076,卖盘
1081,09:33:42,4.34,--,20,8680,卖盘
1082,09:33:32,4.34,--,4,1736,买盘
1083,09:33:27,4.34,0.01,40,17360,买盘
1084,09:33:22,4.33,-0.01,12,5196,卖盘
1085,09:33:17,4.34,--,10,4340,买盘
1086,09:33:12,4.34,--,100,43400,买盘
1087,09:32:57,4.34,--,5,2170,买盘
1088,09:32:47,4.34,--,40,17360,卖盘
1089,09:32:42,4.34,--,10,4340,买盘
1090,09:32:37,4.34,0.01,5,2170,买盘
1091,09:32:32,4.33,-0.02,383,165839,卖盘
1092,09:32:22,4.35,0.01,7,3044,买盘
1093,09:32:17,4.34,0.01,10,4340,买盘
1094,09:32:07,4.33,--,11,4763,卖盘
1095,09:32:02,4.33,--,3,1299,卖盘
1096,09:31:57,4.33,--,1,433,卖盘
1097,09:31:52,4.33,--,43,18619,卖盘
1098,09:31:47,4.33,--,18,7794,买盘
1099,09:31:42,4.33,--,12,5196,买盘
1100,09:31:37,4.33,-0.01,25,10825,卖盘
1101,09:31:31,4.34,0.01,38,16492,买盘
1102,09:31:27,4.33,--,233,100889,卖盘
1103,09:31:22,4.33,-0.01,10,4330,卖盘
1104,09:31:16,4.34,0.01,14,6076,买盘
1105,09:31:12,4.33,--,102,44166,买盘
1106,09:31:01,4.33,--,22,9526,买盘
1107,09:30:51,4.33,--,173,74909,买盘
1108,09:30:46,4.33,--,25,10825,买盘
1109,09:30:41,4.33,0.01,20,8660,买盘
1110,09:30:36,4.32,--,34,14688,卖盘
1111,09:30:31,4.32,-0.01,47,20304,卖盘
1112,09:30:27,4.33,0.01,100,43300,买盘
1113,09:30:16,4.32,-0.01,13,5616,卖盘
1114,09:30:11,4.33,0.01,72,31176,买盘
1115,09:30:06,4.32,0.01,116,50112,中性盘
1116,09:30:01,4.31,-0.04,43,18533,卖盘
1117,09:28:52,4.35,--,0,0,买盘
1118,09:25:06,4.35,4.35,53,23054,买盘
