,time,price,change,volume,amount,type
0,15:00:00,17.88,--,0,0,买盘
1,15:00:00,17.88,0.01,0,0,买盘
2,14:59:59,17.87,-0.01,97,173339,卖盘
3,14:59:54,17.88,0.01,3,5364,买盘
4,14:59:50,17.87,--,52,92924,卖盘
5,14:59:45,17.87,--,23,41994,卖盘
6,14:59:39,17.87,--,61,109007,卖盘
7,14:59:35,17.87,-0.01,9,16083,卖盘
8,14:59:30,17.88,0.01,187,334356,买盘
9,14:59:24,17.87,--,9,16083,卖盘
10,14:59:20,17.87,-0.01,265,474788,卖盘
11,14:59:14,17.88,--,120,214560,卖盘
12,14:59:09,17.88,--,13,23244,卖盘
13,14:59:05,17.88,--,9,16646,卖盘
14,14:58:59,17.88,-0.01,8,14304,中性盘
15,14:58:54,17.89,0.03,1362,2436618,买盘
16,14:58:49,17.86,-0.01,160,285760,卖盘
17,14:58:45,17.87,0.02,921,1645827,买盘
18,14:58:39,17.85,-0.01,328,586800,卖盘
19,14:58:34,17.86,0.01,354,632244,买盘
20,14:58:29,17.85,-0.01,561,1001385,卖盘
21,14:58:24,17.86,--,693,1237698,买盘
22,14:58:19,17.86,--,45,80370,买盘
23,14:58:14,17.86,--,721,1287706,买盘
24,14:58:09,17.86,0.01,548,978728,买盘
25,14:58:04,17.85,-0.01,228,406980,卖盘
26,14:57:59,17.86,0.01,29,51794,买盘
27,14:57:54,17.85,--,21,37485,卖盘
28,14:57:49,17.85,--,29,51765,卖盘
29,14:57:44,17.85,--,37,66045,卖盘
30,14:57:39,17.85,--,3,5355,卖盘
31,14:57:34,17.85,--,3,5355,卖盘
32,14:57:29,17.85,-0.01,5,8925,卖盘
33,14:57:24,17.86,0.02,105,187530,买盘
34,14:57:19,17.84,--,7,12488,卖盘
35,14:57:14,17.84,--,9,16056,卖盘
36,14:57:09,17.84,-0.01,6,10704,卖盘
37,14:57:04,17.85,0.01,19,33915,买盘
38,14:56:59,17.84,-0.02,108,192672,卖盘
39,14:56:54,17.86,0.01,119,212534,买盘
40,14:56:49,17.85,--,5,8925,卖盘
41,14:56:44,17.85,-0.01,56,99960,卖盘
42,14:56:39,17.86,--,30,53580,买盘
43,14:56:34,17.86,0.01,82,146452,买盘
44,14:56:29,17.85,--,66,117810,卖盘
45,14:56:24,17.85,--,44,78540,卖盘
46,14:56:19,17.85,--,13,23205,卖盘
47,14:56:14,17.85,--,33,58905,卖盘
48,14:56:09,17.85,--,55,98175,卖盘
49,14:56:04,17.85,--,77,137445,卖盘
50,14:55:59,17.85,-0.01,209,373065,卖盘
51,14:55:54,17.86,0.01,27,48222,买盘
52,14:55:49,17.85,--,23,41055,卖盘
53,14:55:44,17.85,--,188,335580,卖盘
54,14:55:39,17.85,--,24,42840,卖盘
55,14:55:34,17.85,--,7,12495,卖盘
56,14:55:28,17.85,--,47,83895,卖盘
57,14:55:24,17.85,--,47,83895,卖盘
58,14:55:14,17.85,-0.01,265,473025,卖盘
59,14:55:09,17.86,0.01,65,116090,买盘
60,14:55:03,17.85,--,14,24990,卖盘
61,14:54:58,17.85,--,42,74970,卖盘
62,14:54:54,17.85,--,26,46410,卖盘
63,14:54:48,17.85,--,24,42840,卖盘
64,14:54:44,17.85,--,58,103530,卖盘
65,14:54:39,17.85,0.01,1121,2000985,买盘
66,14:54:33,17.84,--,24,42816,卖盘
67,14:54:29,17.84,--,3,5352,卖盘
68,14:54:24,17.84,--,66,117744,卖盘
69,14:54:14,17.84,--,109,195401,卖盘
70,14:54:08,17.84,--,35,62761,卖盘
71,14:54:03,17.84,-0.01,3,5352,卖盘
72,14:53:53,17.85,0.01,26,46410,买盘
73,14:53:44,17.84,-0.01,10,17840,卖盘
74,14:53:38,17.85,0.01,234,417690,买盘
75,14:53:33,17.84,--,20,35680,卖盘
76,14:53:29,17.84,--,3,5352,卖盘
77,14:53:23,17.84,--,36,64224,卖盘
78,14:53:18,17.84,--,6,10704,卖盘
79,14:53:14,17.84,--,37,66008,卖盘
80,14:53:08,17.84,0.01,109,194456,买盘
81,14:53:03,17.83,--,496,884367,卖盘
82,14:52:59,17.83,--,6,10697,卖盘
83,14:52:53,17.83,--,10,18329,卖盘
84,14:52:48,17.83,--,20,35660,卖盘
85,14:52:44,17.83,--,7,12480,卖盘
86,14:52:38,17.83,--,27,48140,卖盘
87,14:52:33,17.83,--,3,5348,卖盘
88,14:52:28,17.83,--,88,156903,卖盘
89,14:52:23,17.83,--,183,326288,卖盘
90,14:52:18,17.83,--,19,33877,卖盘
91,14:52:13,17.83,--,11,19612,卖盘
92,14:52:08,17.83,--,6,10697,卖盘
93,14:52:03,17.83,--,150,269054,买盘
94,14:51:58,17.83,0.01,242,431485,买盘
95,14:51:53,17.82,--,33,58806,卖盘
96,14:51:48,17.82,--,3,5346,卖盘
97,14:51:43,17.82,--,4,7128,卖盘
98,14:51:38,17.82,--,13,23166,卖盘
99,14:51:33,17.82,--,3,5346,卖盘
100,14:51:28,17.82,--,35,62370,卖盘
101,14:51:23,17.82,--,40,71280,卖盘
102,14:51:18,17.82,--,10,17820,卖盘
103,14:51:13,17.82,--,8,14256,卖盘
104,14:51:08,17.82,--,22,39204,卖盘
105,14:51:03,17.82,--,24,42768,卖盘
106,14:50:58,17.82,-0.01,79,140778,卖盘
107,14:50:53,17.83,0.01,29,51706,买盘
108,14:50:48,17.82,--,108,192456,卖盘
109,14:50:43,17.82,--,3,5346,卖盘
110,14:50:38,17.82,--,120,213840,卖盘
111,14:50:33,17.82,--,93,165726,卖盘
112,14:50:28,17.82,-0.01,39,69498,卖盘
113,14:50:23,17.83,--,106,188997,买盘
114,14:50:18,17.83,0.01,315,561645,买盘
115,14:50:13,17.82,--,49,87318,卖盘
116,14:50:08,17.82,--,3,5346,卖盘
117,14:50:03,17.82,--,33,58806,卖盘
118,14:49:58,17.82,--,26,46332,卖盘
119,14:49:53,17.82,--,47,83754,卖盘
120,14:49:48,17.82,--,24,42768,卖盘
121,14:49:43,17.82,--,3,5346,卖盘
122,14:49:37,17.82,0.01,1084,1933202,买盘
123,14:49:33,17.81,--,41,73021,卖盘
124,14:49:28,17.81,-0.01,26,46306,卖盘
125,14:49:23,17.82,0.01,230,409860,买盘
126,14:49:18,17.81,--,7,12467,卖盘
127,14:49:13,17.81,--,83,147823,卖盘
128,14:49:08,17.81,-0.01,60,106859,卖盘
129,14:49:03,17.82,0.01,120,213840,买盘
130,14:48:58,17.81,--,26,46306,卖盘
131,14:48:52,17.81,--,16,28495,卖盘
132,14:48:48,17.81,--,43,76583,卖盘
133,14:48:37,17.81,-0.01,17,30276,卖盘
134,14:48:33,17.82,0.01,125,222750,买盘
135,14:48:27,17.81,-0.01,29,51648,卖盘
136,14:48:22,17.82,--,815,1452330,买盘
137,14:48:18,17.82,--,2508,4469309,卖盘
138,14:48:07,17.82,--,6,10692,卖盘
139,14:48:03,17.82,--,73,130086,卖盘
140,14:47:57,17.82,-0.01,26,46332,卖盘
141,14:47:52,17.83,--,71,126592,卖盘
142,14:47:47,17.83,--,7,12480,卖盘
143,14:47:42,17.83,--,3,5348,卖盘
144,14:47:37,17.83,--,6,10697,卖盘
145,14:47:32,17.83,--,16,28527,卖盘
146,14:47:27,17.83,--,52,92715,卖盘
147,14:47:22,17.83,--,25,44574,卖盘
148,14:47:17,17.83,--,17,30310,卖盘
149,14:47:07,17.83,--,22,39225,卖盘
150,14:47:02,17.83,0.01,103,183648,中性盘
151,14:46:57,17.82,-0.01,15,26730,卖盘
152,14:46:52,17.83,0.01,3,5348,中性盘
153,14:46:47,17.82,--,17,30294,卖盘
154,14:46:42,17.82,--,20,35640,卖盘
155,14:46:37,17.82,--,7,12474,卖盘
156,14:46:32,17.82,--,3,5346,卖盘
157,14:46:27,17.82,--,10,17820,卖盘
158,14:46:22,17.82,--,7,12474,卖盘
159,14:46:17,17.82,-0.02,6,10692,卖盘
160,14:46:12,17.84,0.02,24,42816,买盘
161,14:46:07,17.82,-0.02,3,5346,卖盘
162,14:46:02,17.84,0.02,10,17840,买盘
163,14:45:57,17.82,--,45,80190,卖盘
164,14:45:52,17.82,-0.01,25,44550,卖盘
165,14:45:47,17.83,--,9,16046,买盘
166,14:45:42,17.83,--,16,28527,买盘
167,14:45:37,17.83,--,106,190727,买盘
168,14:45:32,17.83,--,15,26744,买盘
169,14:45:22,17.83,--,54,96281,买盘
170,14:45:17,17.83,--,19,33877,买盘
171,14:45:12,17.83,--,1,1782,买盘
172,14:45:07,17.83,--,4,7131,买盘
173,14:45:02,17.83,0.02,79,140857,买盘
174,14:44:57,17.81,-0.02,31,55210,卖盘
175,14:44:52,17.83,--,7,12480,买盘
176,14:44:47,17.83,0.02,92,164035,买盘
177,14:44:42,17.81,-0.01,10,17810,卖盘
178,14:44:37,17.82,0.01,1,2690,卖盘
179,14:44:32,17.81,--,21,37401,卖盘
180,14:44:27,17.81,-0.02,20,35620,卖盘
181,14:44:22,17.83,0.02,128,228223,买盘
182,14:44:17,17.81,-0.01,3,5343,卖盘
183,14:44:12,17.82,--,18,32076,买盘
184,14:44:07,17.82,0.01,267,475794,买盘
185,14:44:02,17.81,-0.01,68,121107,卖盘
186,14:43:57,17.82,--,92,163944,买盘
187,14:43:52,17.82,0.01,62,110484,买盘
188,14:43:47,17.81,-0.01,2,3561,卖盘
189,14:43:42,17.82,0.01,29,51678,买盘
190,14:43:32,17.81,--,207,368667,卖盘
191,14:43:27,17.81,--,7,12467,卖盘
192,14:43:17,17.81,-0.01,17,30276,卖盘
193,14:43:02,17.82,0.01,34,60588,买盘
194,14:42:57,17.81,-0.01,5,8905,卖盘
195,14:42:47,17.82,--,69,122958,买盘
196,14:42:42,17.82,0.01,4,7128,买盘
197,14:42:37,17.81,-0.01,4,7123,卖盘
198,14:42:32,17.82,--,96,171072,买盘
199,14:42:27,17.82,0.01,160,285120,买盘
200,14:42:22,17.81,-0.01,13,23509,卖盘
201,14:42:17,17.82,--,71,126522,买盘
202,14:42:12,17.82,--,2,3564,买盘
203,14:42:07,17.82,--,66,117612,买盘
204,14:42:01,17.82,--,221,393822,卖盘
205,14:41:52,17.82,--,7,12474,卖盘
206,14:41:41,17.82,--,23,40986,卖盘
207,14:41:31,17.82,--,154,274428,卖盘
208,14:41:21,17.82,--,30,53460,卖盘
209,14:41:16,17.82,--,3,5346,卖盘
210,14:41:12,17.82,--,13,23166,卖盘
211,14:41:06,17.82,--,25,44550,卖盘
212,14:41:01,17.82,-0.01,132,235224,卖盘
213,14:40:46,17.83,--,35,62404,卖盘
214,14:40:41,17.83,-0.01,17,30310,卖盘
215,14:40:31,17.84,--,5,8920,买盘
216,14:40:21,17.84,0.03,86,153424,买盘
217,14:40:16,17.81,-0.03,97,172757,卖盘
218,14:40:06,17.84,--,0,0,买盘
219,14:39:56,17.84,--,220,392480,卖盘
220,14:39:51,17.84,--,15,26760,卖盘
221,14:39:46,17.84,--,5,8920,卖盘
222,14:39:41,17.84,-0.02,7,12488,卖盘
223,14:39:36,17.86,0.02,67,119662,买盘
224,14:39:31,17.84,--,60,107040,卖盘
225,14:39:26,17.84,--,10,17840,卖盘
226,14:39:16,17.84,0.01,24,42816,买盘
227,14:39:06,17.83,--,0,0,卖盘
228,14:39:01,17.83,-0.01,17,30310,卖盘
229,14:38:41,17.84,--,26,47525,卖盘
230,14:38:36,17.84,-0.01,36,64224,卖盘
231,14:38:31,17.85,--,25,44625,卖盘
232,14:38:21,17.85,--,66,117810,卖盘
233,14:38:16,17.85,0.01,161,287385,买盘
234,14:38:11,17.84,-0.01,17,30328,卖盘
235,14:37:46,17.85,-0.01,35,62475,买盘
236,14:37:26,17.86,--,0,0,买盘
237,14:37:11,17.86,--,20,35720,买盘
238,14:37:01,17.86,--,20,35720,买盘
239,14:36:56,17.86,--,6,10716,买盘
240,14:36:41,17.86,--,148,264328,买盘
241,14:36:36,17.86,0.01,113,201818,买盘
242,14:36:31,17.85,0.01,12,21420,买盘
243,14:36:21,17.84,-0.01,47,83848,卖盘
244,14:36:16,17.85,--,3,5355,买盘
245,14:36:11,17.85,0.01,41,73185,买盘
246,14:36:06,17.84,-0.01,17,30328,卖盘
247,14:36:01,17.85,--,65,116025,卖盘
248,14:35:56,17.85,-0.01,54,96390,卖盘
249,14:35:51,17.86,0.02,75,133950,买盘
250,14:35:46,17.84,--,0,0,卖盘
251,14:35:41,17.84,-0.01,158,281872,卖盘
252,14:35:36,17.85,-0.01,11,19635,卖盘
253,14:35:30,17.86,0.01,5,8930,买盘
254,14:35:25,17.85,--,13,23205,卖盘
255,14:35:20,17.85,-0.01,10,17850,卖盘
256,14:35:15,17.86,--,35,62510,买盘
257,14:35:10,17.86,--,0,0,买盘
258,14:35:05,17.86,0.02,316,564376,买盘
259,14:34:55,17.84,--,18,32112,卖盘
260,14:34:40,17.84,-0.01,83,148072,卖盘
261,14:34:35,17.85,0.01,93,166005,买盘
262,14:34:30,17.84,--,42,74928,卖盘
263,14:34:10,17.84,--,105,187320,卖盘
264,14:34:05,17.84,--,127,226568,卖盘
265,14:33:55,17.84,--,20,35680,卖盘
266,14:33:50,17.84,--,26,46384,卖盘
267,14:33:45,17.84,--,3,5352,卖盘
268,14:33:40,17.84,0.01,143,255112,买盘
269,14:33:35,17.83,-0.01,2,4190,卖盘
270,14:33:30,17.84,0.01,21,37464,买盘
271,14:33:25,17.83,--,102,183060,买盘
272,14:33:05,17.83,0.01,193,344118,买盘
273,14:33:00,17.82,--,17,30294,卖盘
274,14:32:50,17.82,--,37,65934,卖盘
275,14:32:30,17.82,--,18,32076,卖盘
276,14:32:25,17.82,--,17,30294,卖盘
277,14:32:20,17.82,--,45,80190,卖盘
278,14:32:05,17.82,-0.01,18,32076,卖盘
279,14:31:40,17.83,--,101,180671,卖盘
280,14:31:35,17.83,-0.01,16,28527,卖盘
281,14:31:30,17.84,0.01,60,107040,买盘
282,14:31:25,17.83,--,5,8915,卖盘
283,14:31:20,17.83,--,203,361948,卖盘
284,14:31:10,17.83,-0.01,18,32093,卖盘
285,14:31:05,17.84,--,556,991904,买盘
286,14:30:55,17.84,0.01,345,615480,买盘
287,14:30:50,17.83,--,4,7131,卖盘
288,14:30:45,17.83,--,17,30310,卖盘
289,14:30:40,17.83,--,0,0,卖盘
290,14:30:35,17.83,-0.01,100,178299,卖盘
291,14:30:20,17.84,--,17,30328,卖盘
292,14:30:05,17.84,--,7,12488,卖盘
293,14:30:00,17.84,-0.01,10,17840,卖盘
294,14:29:45,17.85,0.01,6,10710,买盘
295,14:29:40,17.84,0.01,10,17840,中性盘
296,14:29:35,17.83,-0.02,17,30310,卖盘
297,14:29:30,17.85,--,0,0,买盘
298,14:29:20,17.85,0.01,352,628320,买盘
299,14:29:15,17.84,0.01,3,5352,买盘
300,14:29:05,17.83,--,9,16046,卖盘
301,14:28:50,17.83,-0.01,2,3565,卖盘
302,14:28:45,17.84,0.01,10,17840,买盘
303,14:28:40,17.83,--,8,14263,卖盘
304,14:28:35,17.83,-0.01,2,3565,卖盘
305,14:28:29,17.84,0.01,25,44600,买盘
306,14:28:20,17.83,-0.02,3,5348,卖盘
307,14:28:14,17.85,0.01,13,23205,买盘
308,14:28:05,17.84,--,29,51736,买盘
309,14:27:59,17.84,0.01,4,7136,买盘
310,14:27:50,17.83,-0.01,21,37443,卖盘
311,14:27:44,17.84,0.01,9,16056,买盘
312,14:27:39,17.83,--,20,35660,卖盘
313,14:27:34,17.83,--,10,17830,卖盘
314,14:27:29,17.83,--,5,8915,卖盘
315,14:27:19,17.83,--,88,156903,卖盘
316,14:27:14,17.83,-0.01,47,83800,卖盘
317,14:27:09,17.84,0.01,100,178400,买盘
318,14:27:04,17.83,-0.01,182,324505,卖盘
319,14:26:59,17.84,0.01,105,187320,买盘
320,14:26:49,17.83,-0.01,18,32093,卖盘
321,14:26:39,17.84,--,20,35680,买盘
322,14:26:34,17.84,--,15,26760,买盘
323,14:26:29,17.84,0.01,6,10704,买盘
324,14:26:24,17.83,-0.01,20,35660,卖盘
325,14:26:19,17.84,0.01,10,17840,买盘
326,14:26:14,17.83,-0.03,11,19612,卖盘
327,14:26:04,17.86,0.02,912,1628832,买盘
328,14:25:59,17.84,--,19,33896,卖盘
329,14:25:54,17.84,--,10,17840,卖盘
330,14:25:49,17.84,0.01,132,236683,买盘
331,14:25:44,17.83,--,6,10697,卖盘
332,14:25:34,17.83,--,16,28527,卖盘
333,14:25:19,17.83,--,90,160469,卖盘
334,14:25:14,17.83,-0.01,112,199695,卖盘
335,14:25:04,17.84,0.01,22,39248,买盘
336,14:24:54,17.83,-0.01,19,33877,卖盘
337,14:24:49,17.84,0.01,50,89200,买盘
338,14:24:44,17.83,--,2,3565,卖盘
339,14:24:34,17.83,--,7,12480,卖盘
340,14:24:29,17.83,-0.01,35,62404,卖盘
341,14:24:19,17.84,0.01,50,89200,买盘
342,14:24:14,17.83,--,7,12480,卖盘
343,14:24:04,17.83,--,22,39225,卖盘
344,14:23:44,17.83,-0.01,30,53489,卖盘
345,14:23:19,17.84,--,143,255112,买盘
346,14:23:14,17.84,--,581,1037092,卖盘
347,14:23:09,17.84,-0.01,2,3568,卖盘
348,14:23:04,17.85,--,28,49980,买盘
349,14:22:54,17.85,--,121,217163,买盘
350,14:22:49,17.85,0.01,300,535500,买盘
351,14:22:44,17.84,--,5,9615,卖盘
352,14:22:39,17.84,-0.01,103,183752,卖盘
353,14:22:34,17.85,0.01,50,89250,买盘
354,14:22:19,17.84,-0.01,20,35680,卖盘
355,14:22:09,17.85,--,3,5355,买盘
356,14:21:59,17.85,--,89,158865,买盘
357,14:21:54,17.85,--,12,21420,买盘
358,14:21:49,17.85,--,21,37485,买盘
359,14:21:39,17.85,--,5,8925,买盘
360,14:21:34,17.85,0.01,26,46410,买盘
361,14:21:29,17.84,-0.01,20,37303,卖盘
362,14:21:23,17.85,--,8,15011,卖盘
363,14:21:08,17.85,--,30,53550,卖盘
364,14:20:53,17.85,--,2,3570,卖盘
365,14:20:38,17.85,--,25,44625,卖盘
366,14:20:29,17.85,--,0,0,卖盘
367,14:20:18,17.85,--,20,35700,卖盘
368,14:20:08,17.85,-0.01,226,403410,卖盘
369,14:19:58,17.86,--,37,66082,卖盘
370,14:19:48,17.86,--,29,51794,卖盘
371,14:19:43,17.86,--,13,23218,卖盘
372,14:19:33,17.86,--,20,35720,卖盘
373,14:19:23,17.86,0.01,254,454697,买盘
374,14:19:13,17.85,--,14,24990,卖盘
375,14:19:08,17.85,-0.01,67,119595,卖盘
376,14:19:03,17.86,--,36,64296,买盘
377,14:18:58,17.86,--,16,28576,买盘
378,14:18:53,17.86,--,1,1786,买盘
379,14:18:48,17.86,--,2,3572,买盘
380,14:18:43,17.86,--,48,85728,买盘
381,14:18:38,17.86,--,14,25004,买盘
382,14:18:33,17.86,--,18,32148,买盘
383,14:18:28,17.86,--,102,182172,买盘
384,14:18:23,17.86,--,1,1786,买盘
385,14:18:18,17.86,--,2,3572,买盘
386,14:18:08,17.86,0.01,413,737618,买盘
387,14:18:03,17.85,--,12,21420,卖盘
388,14:17:58,17.85,--,5,8925,卖盘
389,14:17:48,17.85,--,10,17850,卖盘
390,14:17:43,17.85,--,5,8925,卖盘
391,14:17:37,17.85,--,16,28560,卖盘
392,14:17:33,17.85,-0.01,7,12941,卖盘
393,14:17:28,17.86,0.01,21,37506,买盘
394,14:17:23,17.85,--,12,21420,卖盘
395,14:17:08,17.85,0.01,70,124950,买盘
396,14:17:03,17.84,-0.01,4,7136,卖盘
397,14:16:43,17.85,--,23,41055,买盘
398,14:16:37,17.85,--,3,5355,买盘
399,14:16:33,17.85,--,39,69615,卖盘
400,14:16:13,17.85,-0.01,15,26775,卖盘
401,14:16:07,17.86,0.01,50,89300,买盘
402,14:15:58,17.85,-0.01,10,17850,买盘
403,14:15:53,17.86,--,0,0,买盘
404,14:15:48,17.86,0.02,50,89300,买盘
405,14:15:43,17.84,-0.01,17,30328,卖盘
406,14:15:23,17.85,--,17,30345,卖盘
407,14:15:13,17.85,--,62,110670,卖盘
408,14:14:47,17.85,-0.01,54,96390,卖盘
409,14:14:42,17.86,0.01,50,89300,买盘
410,14:14:38,17.85,--,10,17850,卖盘
411,14:14:28,17.85,--,23,41055,卖盘
412,14:14:07,17.85,-0.01,6,10710,卖盘
413,14:14:02,17.86,--,1,1786,买盘
414,14:13:57,17.86,0.01,10,17860,买盘
415,14:13:47,17.85,-0.01,21,37485,卖盘
416,14:13:27,17.86,0.02,6,11984,买盘
417,14:13:22,17.84,--,280,499520,卖盘
418,14:13:17,17.84,--,21,37464,卖盘
419,14:12:52,17.84,--,15,26760,卖盘
420,14:12:47,17.84,--,3,5352,卖盘
421,14:12:27,17.84,--,17,30328,卖盘
422,14:12:17,17.84,-0.01,5,8920,卖盘
423,14:12:02,17.85,0.01,5,8925,买盘
424,14:11:52,17.84,--,17,30328,卖盘
425,14:11:42,17.84,-0.01,10,17840,卖盘
426,14:11:37,17.85,0.01,101,180285,买盘
427,14:11:32,17.84,--,99,176616,卖盘
428,14:11:27,17.84,--,1,1784,卖盘
429,14:11:22,17.84,--,18,32112,卖盘
430,14:11:07,17.84,--,10,17840,卖盘
431,14:11:01,17.84,-0.01,2,3568,卖盘
432,14:10:31,17.85,--,18,32183,卖盘
433,14:10:22,17.85,--,4,7140,卖盘
434,14:10:16,17.85,--,20,35700,卖盘
435,14:09:46,17.85,--,29,53496,买盘
436,14:09:42,17.85,--,51,91088,卖盘
437,14:09:37,17.85,--,5,8925,卖盘
438,14:09:27,17.85,--,7,12495,卖盘
439,14:09:16,17.85,--,16,28560,卖盘
440,14:08:57,17.85,--,6,10710,卖盘
441,14:08:52,17.85,--,5,8925,卖盘
442,14:08:46,17.85,0.01,108,194511,买盘
443,14:08:31,17.84,-0.01,5,8920,卖盘
444,14:08:01,17.85,0.01,5,8925,买盘
445,14:07:37,17.84,-0.01,20,35680,卖盘
446,14:07:31,17.85,0.01,4,7140,买盘
447,14:07:26,17.84,--,0,0,卖盘
448,14:07:22,17.84,-0.02,16,28544,卖盘
449,14:07:07,17.86,0.02,698,1246628,买盘
450,14:07:01,17.84,--,1,1784,卖盘
451,14:06:41,17.84,--,1,1784,卖盘
452,14:06:26,17.84,--,0,0,卖盘
453,14:06:21,17.84,-0.01,17,30328,卖盘
454,14:05:56,17.85,--,2,3570,卖盘
455,14:05:46,17.85,-0.01,18,32130,卖盘
456,14:05:36,17.86,0.01,26,46436,买盘
457,14:05:31,17.85,--,4,7140,卖盘
458,14:05:26,17.85,--,12,21420,卖盘
459,14:05:21,17.85,--,0,0,卖盘
460,14:05:16,17.85,-0.01,4,7140,卖盘
461,14:05:11,17.86,0.01,3,5358,买盘
462,14:04:51,17.85,--,0,0,卖盘
463,14:04:46,17.85,-0.01,13,23205,卖盘
464,14:04:31,17.86,--,2,3572,买盘
465,14:04:16,17.86,-0.01,30,53580,卖盘
466,14:04:06,17.87,0.01,68,121516,买盘
467,14:03:55,17.86,--,11,19646,买盘
468,14:03:46,17.86,-0.01,5,8930,卖盘
469,14:03:25,17.87,--,0,0,买盘
470,14:03:21,17.87,0.02,6,10722,买盘
471,14:03:06,17.85,-0.02,100,178500,卖盘
472,14:03:01,17.87,0.01,2,3574,买盘
473,14:02:55,17.86,0.01,32,57616,中性盘
474,14:02:46,17.85,--,231,412335,卖盘
475,14:02:31,17.85,--,20,35700,卖盘
476,14:02:25,17.85,-0.02,15,26775,卖盘
477,14:02:21,17.87,--,1,1787,买盘
478,14:02:16,17.87,0.02,10,17870,买盘
479,14:01:51,17.85,-0.02,3,5355,卖盘
480,14:01:46,17.87,0.02,145,259115,买盘
481,14:01:40,17.85,--,6,10710,卖盘
482,14:01:25,17.85,--,10,17850,卖盘
483,14:01:16,17.85,--,38,67830,卖盘
484,14:00:45,17.85,--,10,17850,卖盘
485,14:00:40,17.85,--,30,53550,卖盘
486,14:00:31,17.85,--,17,30345,卖盘
487,14:00:25,17.85,--,1,1785,卖盘
488,14:00:15,17.85,-0.02,44,78540,卖盘
489,14:00:10,17.87,--,0,0,买盘
490,14:00:00,17.87,0.01,121,216227,买盘
491,13:59:46,17.86,--,10,17860,卖盘
492,13:59:31,17.86,--,22,39292,中性盘
493,13:59:25,17.86,--,33,58938,卖盘
494,13:59:20,17.86,-0.01,20,35720,卖盘
495,13:59:15,17.87,0.02,15,26805,买盘
496,13:58:55,17.85,--,0,0,卖盘
497,13:58:50,17.85,--,25,44625,卖盘
498,13:58:35,17.85,--,4,7140,卖盘
499,13:58:25,17.85,--,12,21420,卖盘
500,13:58:15,17.85,--,15,26775,卖盘
501,13:58:10,17.85,-0.02,10,17850,卖盘
502,13:58:05,17.87,0.02,93,166191,买盘
503,13:57:55,17.85,-0.02,9,16065,卖盘
504,13:57:50,17.87,0.02,197,352039,买盘
505,13:57:25,17.85,--,18,32130,卖盘
506,13:57:10,17.85,-0.02,42,74970,卖盘
507,13:57:05,17.87,0.01,143,255541,买盘
508,13:56:34,17.86,0.01,24,42864,买盘
509,13:56:15,17.85,--,5,8925,卖盘
510,13:56:10,17.85,--,16,28560,卖盘
511,13:55:55,17.85,-0.01,84,149940,卖盘
512,13:55:49,17.86,0.01,145,258970,买盘
513,13:55:19,17.85,--,15,26775,卖盘
514,13:55:15,17.85,-0.02,21,37485,卖盘
515,13:55:10,17.87,0.01,13,23231,买盘
516,13:54:55,17.86,--,19,33934,卖盘
517,13:54:49,17.86,--,20,35720,卖盘
518,13:54:25,17.86,--,15,26790,卖盘
519,13:54:19,17.86,--,3,5358,卖盘
520,13:53:54,17.86,--,76,135736,卖盘
521,13:53:49,17.86,-0.01,170,304173,卖盘
522,13:53:39,17.87,--,2,3574,卖盘
523,13:53:34,17.87,--,22,39314,卖盘
524,13:53:29,17.87,-0.01,10,17870,卖盘
525,13:53:24,17.88,0.01,23,41124,买盘
526,13:53:04,17.87,--,35,62545,卖盘
527,13:52:54,17.87,--,1,1787,卖盘
528,13:52:49,17.87,--,5,8935,卖盘
529,13:52:39,17.87,0.02,80,144193,买盘
530,13:52:24,17.85,--,10,17850,卖盘
531,13:52:19,17.85,--,5,8925,卖盘
532,13:52:09,17.85,--,15,26775,卖盘
533,13:51:49,17.85,--,47,83895,卖盘
534,13:51:24,17.85,--,0,0,卖盘
535,13:51:04,17.85,--,64,114240,卖盘
536,13:50:59,17.85,--,15,26775,卖盘
537,13:50:49,17.85,-0.03,183,326655,卖盘
538,13:50:39,17.88,0.03,54,96552,买盘
539,13:50:34,17.85,-0.02,1,1785,卖盘
540,13:50:24,17.87,--,18,32166,卖盘
541,13:50:19,17.87,--,10,17870,卖盘
542,13:50:04,17.87,-0.01,42,75054,卖盘
543,13:49:49,17.88,0.01,56,100128,买盘
544,13:49:39,17.87,--,3,5361,卖盘
545,13:49:29,17.87,--,97,173339,买盘
546,13:49:19,17.87,0.02,37,66119,买盘
547,13:49:09,17.85,-0.02,20,35700,卖盘
548,13:48:58,17.87,--,0,0,中性盘
549,13:48:54,17.87,--,0,0,中性盘
550,13:48:49,17.87,--,97,174053,卖盘
551,13:48:39,17.87,--,20,35740,卖盘
552,13:48:34,17.87,0.02,93,167263,买盘
553,13:48:28,17.85,--,17,31059,卖盘
554,13:48:24,17.85,--,60,107100,卖盘
555,13:48:19,17.85,--,60,107100,卖盘
556,13:48:09,17.85,--,20,35700,卖盘
557,13:47:58,17.85,--,21,37485,卖盘
558,13:47:49,17.85,--,35,62475,卖盘
559,13:47:39,17.85,--,20,35700,卖盘
560,13:47:34,17.85,--,52,92820,卖盘
561,13:47:28,17.85,--,20,35700,卖盘
562,13:47:24,17.85,--,19,33915,卖盘
563,13:47:19,17.85,-0.02,58,103530,卖盘
564,13:47:13,17.87,--,53,94711,卖盘
565,13:47:09,17.87,--,46,83828,买盘
566,13:47:04,17.87,0.02,142,253754,买盘
567,13:46:58,17.85,--,37,66045,卖盘
568,13:46:48,17.85,--,25,44625,卖盘
569,13:46:39,17.85,--,20,35700,卖盘
570,13:46:33,17.85,--,51,91035,卖盘
571,13:46:28,17.85,--,20,35700,卖盘
572,13:46:18,17.85,--,24,44071,卖盘
573,13:46:03,17.85,--,37,66045,卖盘
574,13:45:58,17.85,-0.01,20,35700,卖盘
575,13:45:53,17.86,0.01,3,5358,买盘
576,13:45:48,17.85,--,0,0,卖盘
577,13:45:38,17.85,-0.01,15,26775,卖盘
578,13:45:33,17.86,--,36,64296,卖盘
579,13:45:28,17.86,-0.01,60,107160,卖盘
580,13:45:23,17.87,--,38,67906,卖盘
581,13:45:18,17.87,0.01,144,257328,买盘
582,13:45:13,17.86,--,2,3572,卖盘
583,13:45:03,17.86,--,26,46436,卖盘
584,13:44:58,17.86,-0.01,37,66082,卖盘
585,13:44:53,17.87,0.01,2,3574,买盘
586,13:44:48,17.86,--,20,35720,卖盘
587,13:44:33,17.86,--,25,44650,卖盘
588,13:44:28,17.86,--,58,103588,卖盘
589,13:44:18,17.86,--,20,35720,卖盘
590,13:44:08,17.86,--,20,35720,卖盘
591,13:44:03,17.86,--,13,23218,卖盘
592,13:43:58,17.86,0.01,74,132164,买盘
593,13:43:38,17.85,-0.01,13,23205,卖盘
594,13:43:33,17.86,--,40,71440,卖盘
595,13:43:28,17.86,-0.01,34,60724,卖盘
596,13:43:23,17.87,0.01,81,144747,买盘
597,13:43:18,17.86,--,90,160740,卖盘
598,13:43:13,17.86,-0.01,1,1786,卖盘
599,13:43:08,17.87,0.01,30,53610,买盘
600,13:43:03,17.86,-0.01,20,35720,卖盘
601,13:42:58,17.87,0.02,67,119729,买盘
602,13:42:48,17.85,-0.01,22,39270,卖盘
603,13:42:38,17.86,-0.01,22,39292,卖盘
604,13:42:33,17.87,0.01,1,1787,买盘
605,13:42:28,17.86,--,20,35720,卖盘
606,13:42:18,17.86,0.01,92,164312,买盘
607,13:42:13,17.85,--,42,74970,卖盘
608,13:42:08,17.85,--,40,71400,卖盘
609,13:41:58,17.85,-0.02,74,132090,卖盘
610,13:41:48,17.87,0.02,55,98285,买盘
611,13:41:43,17.85,--,77,137445,卖盘
612,13:41:37,17.85,--,67,119595,卖盘
613,13:41:33,17.85,--,54,96390,卖盘
614,13:41:28,17.85,--,70,124950,卖盘
615,13:41:22,17.85,--,18,32130,卖盘
616,13:41:18,17.85,--,21,37485,卖盘
617,13:41:13,17.85,-0.01,29,51765,卖盘
618,13:41:07,17.86,0.01,21,37506,买盘
619,13:41:03,17.85,--,10,17850,卖盘
620,13:40:58,17.85,--,2,3570,卖盘
621,13:40:52,17.85,--,15,26775,卖盘
622,13:40:48,17.85,--,20,35700,卖盘
623,13:40:37,17.85,-0.01,40,72114,卖盘
624,13:40:28,17.86,--,18,33219,卖盘
625,13:40:22,17.86,0.01,21,38220,买盘
626,13:40:18,17.85,-0.01,22,40341,卖盘
627,13:40:13,17.86,--,28,50008,卖盘
628,13:40:07,17.86,--,20,35720,卖盘
629,13:40:03,17.86,--,10,17860,卖盘
630,13:39:58,17.86,--,35,62510,卖盘
631,13:39:48,17.86,--,20,35720,卖盘
632,13:39:43,17.86,--,31,55366,卖盘
633,13:39:37,17.86,--,35,62510,卖盘
634,13:39:33,17.86,--,16,28576,卖盘
635,13:39:27,17.86,--,22,39292,卖盘
636,13:39:18,17.86,--,20,35720,卖盘
637,13:39:12,17.86,--,34,60724,卖盘
638,13:39:07,17.86,--,37,66082,卖盘
639,13:38:57,17.86,--,26,46436,卖盘
640,13:38:47,17.86,--,22,39292,卖盘
641,13:38:42,17.86,-0.01,48,85728,卖盘
642,13:38:37,17.87,0.01,32,57184,买盘
643,13:38:27,17.86,--,20,35720,卖盘
644,13:38:12,17.86,--,23,41435,卖盘
645,13:38:07,17.86,-0.01,11,20717,卖盘
646,13:37:57,17.87,--,7,13223,卖盘
647,13:37:52,17.87,--,51,91137,卖盘
648,13:37:47,17.87,--,20,35740,卖盘
649,13:37:37,17.87,--,20,35740,卖盘
650,13:37:32,17.87,--,3,5361,卖盘
651,13:37:27,17.87,--,20,35740,卖盘
652,13:37:22,17.87,--,42,75054,卖盘
653,13:37:17,17.87,--,20,35740,卖盘
654,13:37:12,17.87,--,1,1787,卖盘
655,13:37:07,17.87,--,40,71480,卖盘
656,13:36:57,17.87,--,3,5361,卖盘
657,13:36:52,17.87,-0.01,366,654042,卖盘
658,13:36:47,17.88,0.01,1034,1848792,买盘
659,13:36:27,17.87,--,16,28592,卖盘
660,13:36:12,17.87,--,10,17870,卖盘
661,13:36:07,17.87,--,10,17870,卖盘
662,13:36:02,17.87,--,15,26805,卖盘
663,13:35:52,17.87,--,38,67906,卖盘
664,13:35:47,17.87,--,10,17870,卖盘
665,13:35:42,17.87,--,56,100072,卖盘
666,13:35:22,17.87,--,4,7148,卖盘
667,13:35:07,17.87,-0.01,14,25018,卖盘
668,13:34:52,17.88,0.01,3,5364,买盘
669,13:34:27,17.87,--,17,30379,卖盘
670,13:34:22,17.87,--,59,105433,卖盘
671,13:34:12,17.87,0.02,178,318443,买盘
672,13:34:07,17.85,--,16,29631,卖盘
673,13:34:01,17.85,-0.02,3,5355,卖盘
674,13:33:46,17.87,0.02,10,17870,买盘
675,13:33:37,17.85,--,4,7140,卖盘
676,13:33:12,17.85,--,22,39270,卖盘
677,13:33:07,17.85,-0.01,15,26775,卖盘
678,13:32:52,17.86,-0.01,1,1786,买盘
679,13:32:42,17.87,--,0,0,买盘
680,13:32:37,17.87,0.02,27,48249,买盘
681,13:32:31,17.85,-0.03,12,22491,卖盘
682,13:32:16,17.88,--,0,0,买盘
683,13:31:57,17.88,--,0,0,买盘
684,13:31:37,17.88,0.01,2,3576,买盘
685,13:31:31,17.87,--,50,89350,卖盘
686,13:31:21,17.87,--,23,41101,卖盘
687,13:31:16,17.87,-0.01,20,35740,卖盘
688,13:31:06,17.88,0.01,50,89400,买盘
689,13:31:01,17.87,--,401,716587,卖盘
690,13:30:56,17.87,--,616,1100792,卖盘
691,13:30:51,17.87,0.01,615,1099005,买盘
692,13:30:46,17.86,0.02,49,87514,中性盘
693,13:30:41,17.84,--,66,117744,卖盘
694,13:30:36,17.84,-0.02,4,7136,卖盘
695,13:30:31,17.86,--,10,17860,卖盘
696,13:30:26,17.86,0.02,10,17860,买盘
697,13:30:21,17.84,--,2,3568,卖盘
698,13:30:06,17.84,--,17,30328,卖盘
699,13:30:01,17.84,--,50,89200,卖盘
700,13:29:56,17.84,--,9,16056,卖盘
701,13:29:41,17.84,--,133,237272,卖盘
702,13:29:36,17.84,--,63,112392,卖盘
703,13:29:31,17.84,-0.01,166,296144,卖盘
704,13:29:26,17.85,0.01,160,285600,买盘
705,13:29:21,17.84,--,106,189104,卖盘
706,13:29:16,17.84,--,10,17840,卖盘
707,13:29:01,17.84,--,158,283049,卖盘
708,13:28:51,17.84,--,10,17840,卖盘
709,13:28:46,17.84,--,14,24976,卖盘
710,13:28:41,17.84,--,21,37464,卖盘
711,13:28:36,17.84,--,5,8920,卖盘
712,13:28:16,17.84,--,14,24976,卖盘
713,13:28:11,17.84,-0.02,20,35680,卖盘
714,13:28:06,17.86,0.01,3,5358,买盘
715,13:28:01,17.85,-0.01,4,7140,卖盘
716,13:27:56,17.86,--,2,3572,买盘
717,13:27:46,17.86,0.01,30,53580,买盘
718,13:27:41,17.85,--,4,7140,卖盘
719,13:27:36,17.85,-0.01,20,35700,中性盘
720,13:27:31,17.86,--,21,37506,买盘
721,13:27:26,17.86,--,0,0,买盘
722,13:27:21,17.86,--,12,21432,买盘
723,13:27:16,17.86,0.02,10,17860,买盘
724,13:27:11,17.84,-0.02,33,58872,卖盘
725,13:27:06,17.86,-0.01,1,1786,中性盘
726,13:27:01,17.87,--,101,180487,买盘
727,13:26:51,17.87,--,13,23231,买盘
728,13:26:46,17.87,--,13,23231,买盘
729,13:26:36,17.87,0.01,7,12509,买盘
730,13:26:31,17.86,0.02,134,239324,买盘
731,13:26:21,17.84,--,10,17840,卖盘
732,13:26:16,17.84,--,43,78210,买盘
733,13:26:10,17.84,--,50,89200,买盘
734,13:26:06,17.84,--,30,53805,卖盘
735,13:26:01,17.84,-0.02,15,26760,卖盘
736,13:25:55,17.86,0.01,1,1928,买盘
737,13:25:51,17.85,--,8,15636,买盘
738,13:25:36,17.85,-0.01,4,7568,卖盘
739,13:25:31,17.86,0.01,1,1786,买盘
740,13:25:25,17.85,-0.02,28,49980,卖盘
741,13:25:15,17.87,0.02,3,5361,买盘
742,13:25:10,17.85,--,11,19635,卖盘
743,13:25:06,17.85,--,4,7140,卖盘
744,13:25:01,17.85,--,23,41055,卖盘
745,13:24:55,17.85,-0.02,2,3570,卖盘
746,13:24:51,17.87,0.02,51,91137,买盘
747,13:24:46,17.85,--,27,48195,卖盘
748,13:24:40,17.85,-0.02,58,103530,卖盘
749,13:24:36,17.87,0.02,16,28592,买盘
750,13:24:25,17.85,-0.02,14,24990,卖盘
751,13:24:21,17.87,0.02,104,185848,买盘
752,13:24:15,17.85,-0.01,59,105315,卖盘
753,13:24:10,17.86,0.01,1,1786,买盘
754,13:24:01,17.85,--,3,5355,卖盘
755,13:23:55,17.85,--,1,1785,卖盘
756,13:23:51,17.85,-0.01,2,3570,卖盘
757,13:23:45,17.86,0.01,3,5358,买盘
758,13:23:40,17.85,-0.01,5,8925,卖盘
759,13:23:30,17.86,0.01,5,8930,买盘
760,13:23:20,17.85,-0.01,2,3570,卖盘
761,13:23:15,17.86,--,26,46436,买盘
762,13:23:10,17.86,0.01,27,48222,买盘
763,13:23:00,17.85,--,75,133875,卖盘
764,13:22:50,17.85,--,69,123165,卖盘
765,13:22:45,17.85,--,207,369495,卖盘
766,13:22:40,17.85,--,21,37485,卖盘
767,13:22:25,17.85,-0.02,49,88821,卖盘
768,13:22:10,17.87,--,2,3574,买盘
769,13:22:00,17.87,--,5,8935,买盘
770,13:21:55,17.87,0.01,21,37527,买盘
771,13:21:45,17.86,0.01,49,87514,买盘
772,13:21:40,17.85,0.02,11,19635,买盘
773,13:21:35,17.83,--,197,351250,卖盘
774,13:21:30,17.83,--,17,30310,卖盘
775,13:21:25,17.83,--,21,37443,卖盘
776,13:21:20,17.83,--,20,35660,卖盘
777,13:21:15,17.83,--,29,51706,卖盘
778,13:21:10,17.83,--,0,0,卖盘
779,13:21:05,17.83,-0.03,1,1782,卖盘
780,13:21:00,17.86,0.03,2,3572,买盘
781,13:20:55,17.83,-0.02,2,3565,卖盘
782,13:20:50,17.85,0.02,2,3570,中性盘
783,13:20:45,17.83,--,20,35660,卖盘
784,13:20:39,17.83,--,0,0,卖盘
785,13:20:35,17.83,-0.04,14,24961,卖盘
786,13:20:30,17.87,--,0,0,买盘
787,13:20:25,17.87,0.02,54,96498,买盘
788,13:20:20,17.85,-0.02,2,3570,买盘
789,13:20:15,17.87,0.04,129,230523,买盘
790,13:20:10,17.83,-0.02,175,312024,卖盘
791,13:20:05,17.85,--,0,0,买盘
792,13:20:00,17.85,0.02,19,33915,中性盘
793,13:19:55,17.83,--,5,8915,卖盘
794,13:19:50,17.83,--,0,0,卖盘
795,13:19:45,17.83,-0.04,4,7131,卖盘
796,13:19:40,17.87,0.04,28,50036,买盘
797,13:19:30,17.83,--,20,35660,卖盘
798,13:19:25,17.83,--,272,484975,卖盘
799,13:19:14,17.83,--,4,7131,卖盘
800,13:19:10,17.83,--,3,5348,卖盘
801,13:19:04,17.83,--,26,46357,卖盘
802,13:19:00,17.83,--,12,21395,卖盘
803,13:18:55,17.83,-0.01,30,53489,卖盘
804,13:18:49,17.84,-0.03,5,8920,卖盘
805,13:18:45,17.87,0.03,7,12509,买盘
806,13:18:40,17.84,-0.03,11,19624,中性盘
807,13:18:30,17.87,--,27,48249,买盘
808,13:18:25,17.87,--,26,46462,买盘
809,13:18:19,17.87,0.04,38,67906,买盘
810,13:18:15,17.83,-0.01,7,12480,卖盘
811,13:18:10,17.84,--,238,426286,买盘
812,13:18:04,17.84,-0.03,372,663737,卖盘
813,13:18:00,17.87,--,2,3574,买盘
814,13:17:55,17.87,0.02,7,12509,买盘
815,13:17:45,17.85,-0.01,18,32130,卖盘
816,13:17:39,17.86,0.01,14,25004,买盘
817,13:17:19,17.85,-0.01,17,30345,卖盘
818,13:17:15,17.86,0.01,1,1786,买盘
819,13:17:09,17.85,--,1,1963,卖盘
820,13:16:54,17.85,-0.02,10,17850,卖盘
821,13:16:49,17.87,0.02,2,3574,买盘
822,13:16:44,17.85,--,6,10710,卖盘
823,13:16:39,17.85,--,1,1785,卖盘
824,13:16:34,17.85,-0.02,19,33915,卖盘
825,13:16:24,17.87,--,2,3574,买盘
826,13:16:19,17.87,--,7,12509,买盘
827,13:16:09,17.87,0.02,23,41101,买盘
828,13:16:04,17.85,--,7,12495,卖盘
829,13:15:54,17.85,-0.01,13,23205,卖盘
830,13:15:49,17.86,0.01,13,23218,中性盘
831,13:15:44,17.85,--,6,10710,卖盘
832,13:15:39,17.85,--,12,21420,卖盘
833,13:15:34,17.85,--,23,41055,卖盘
834,13:15:24,17.85,--,6,10710,卖盘
835,13:15:19,17.85,-0.02,29,51765,卖盘
836,13:15:14,17.87,0.02,4,7148,买盘
837,13:15:04,17.85,--,15,26775,卖盘
838,13:14:59,17.85,-0.02,36,64260,卖盘
839,13:14:49,17.87,0.02,4,7148,买盘
840,13:14:39,17.85,--,155,276675,卖盘
841,13:14:34,17.85,-0.01,42,74970,卖盘
842,13:14:19,17.86,0.01,3,5358,买盘
843,13:14:14,17.85,--,1,1785,卖盘
844,13:14:04,17.85,-0.01,7,12495,卖盘
845,13:13:54,17.86,0.01,1,1786,买盘
846,13:13:48,17.85,--,3,5355,卖盘
847,13:13:39,17.85,--,4,7140,卖盘
848,13:13:34,17.85,-0.01,7,12495,卖盘
849,13:13:29,17.86,0.01,10,17860,买盘
850,13:13:24,17.85,-0.01,4,7140,卖盘
851,13:13:18,17.86,--,19,33934,买盘
852,13:13:14,17.86,--,33,58938,买盘
853,13:13:09,17.86,0.01,20,35720,买盘
854,13:13:04,17.85,--,27,48195,卖盘
855,13:12:59,17.85,--,15,26775,卖盘
856,13:12:54,17.85,--,121,215985,卖盘
857,13:12:49,17.85,--,15,26775,卖盘
858,13:12:44,17.85,--,18,32130,卖盘
859,13:12:39,17.85,--,70,124950,卖盘
860,13:12:34,17.85,--,4,7140,卖盘
861,13:12:24,17.85,--,1,1785,卖盘
862,13:12:19,17.85,--,20,35700,卖盘
863,13:12:14,17.85,-0.01,1,1785,卖盘
864,13:12:09,17.86,0.01,2,3572,买盘
865,13:12:04,17.85,-0.01,1,1785,卖盘
866,13:11:54,17.86,0.01,1,1786,买盘
867,13:11:49,17.85,--,20,35700,卖盘
868,13:11:39,17.85,-0.01,2,3570,卖盘
869,13:11:34,17.86,0.01,11,19646,买盘
870,13:11:24,17.85,--,18,32130,卖盘
871,13:11:13,17.85,-0.01,6,10710,卖盘
872,13:11:09,17.86,0.01,1,1786,买盘
873,13:11:04,17.85,--,2,3570,卖盘
874,13:10:58,17.85,--,32,57120,卖盘
875,13:10:54,17.85,-0.02,19,33915,卖盘
876,13:10:39,17.87,--,7,12509,买盘
877,13:10:33,17.87,0.01,138,246606,买盘
878,13:10:27,17.86,--,20,35720,买盘
879,13:10:24,17.86,--,11,19646,买盘
880,13:10:19,17.86,--,2,3572,买盘
881,13:10:09,17.86,0.01,70,125020,买盘
882,13:10:04,17.85,--,23,41055,卖盘
883,13:09:58,17.85,-0.01,1,1785,卖盘
884,13:09:54,17.86,--,2,3572,买盘
885,13:09:49,17.86,--,1,1786,买盘
886,13:09:39,17.86,0.01,2,3572,买盘
887,13:09:34,17.85,-0.01,17,30345,卖盘
888,13:09:27,17.86,--,3,5358,买盘
889,13:09:24,17.86,0.01,2,3572,买盘
890,13:09:18,17.85,--,2,3570,卖盘
891,13:09:13,17.85,-0.01,9,16065,卖盘
892,13:09:09,17.86,0.01,20,35720,买盘
893,13:09:04,17.85,-0.01,23,41055,卖盘
894,13:08:58,17.86,0.01,1,1786,买盘
895,13:08:54,17.85,-0.02,74,132090,卖盘
896,13:08:48,17.87,0.01,3,5361,买盘
897,13:08:38,17.86,--,10,17860,卖盘
898,13:08:33,17.86,--,20,35720,卖盘
899,13:08:28,17.86,-0.01,13,23218,卖盘
900,13:08:23,17.87,--,2,3574,买盘
901,13:08:18,17.87,0.01,1,1787,买盘
902,13:08:13,17.86,--,1,1786,卖盘
903,13:08:08,17.86,0.01,23,41078,买盘
904,13:08:03,17.85,-0.01,2,3570,卖盘
905,13:07:53,17.86,--,3,5358,买盘
906,13:07:48,17.86,--,1,1786,买盘
907,13:07:38,17.86,0.01,10,17860,买盘
908,13:07:33,17.85,-0.01,20,35700,卖盘
909,13:07:28,17.86,--,1,1786,买盘
910,13:07:23,17.86,--,0,0,中性盘
911,13:07:13,17.86,-0.01,11,19646,卖盘
912,13:07:08,17.87,--,0,0,买盘
913,13:07:03,17.87,--,8,14296,买盘
914,13:06:58,17.87,0.02,89,159043,买盘
915,13:06:53,17.85,--,8,14280,卖盘
916,13:06:48,17.85,-0.02,19,33915,卖盘
917,13:06:43,17.87,0.03,841,1504385,买盘
918,13:06:38,17.84,--,50,89200,卖盘
919,13:06:33,17.84,-0.01,58,103472,卖盘
920,13:06:27,17.85,0.01,1,1785,买盘
921,13:06:18,17.84,--,2,3568,卖盘
922,13:06:13,17.84,-0.01,20,35680,卖盘
923,13:06:08,17.85,-0.01,6,10710,卖盘
924,13:06:03,17.86,0.01,2,3572,买盘
925,13:05:58,17.85,--,6,10710,卖盘
926,13:05:53,17.85,-0.02,1,1785,卖盘
927,13:05:43,17.87,--,18,32166,买盘
928,13:05:28,17.87,--,4,7148,买盘
929,13:05:23,17.87,0.02,8,14296,买盘
930,13:05:13,17.85,-0.02,30,53550,卖盘
931,13:05:08,17.87,--,56,100072,卖盘
932,13:05:03,17.87,0.01,23,41101,买盘
933,13:04:48,17.86,-0.01,2,3572,买盘
934,13:04:38,17.87,--,0,0,中性盘
935,13:04:33,17.87,0.03,5,8935,买盘
936,13:04:28,17.84,-0.02,18,32112,卖盘
937,13:04:17,17.86,--,48,87228,卖盘
938,13:03:58,17.86,-0.01,475,848350,卖盘
939,13:03:48,17.87,--,0,0,卖盘
940,13:03:33,17.87,-0.01,5,8935,卖盘
941,13:03:28,17.88,0.01,1,1788,买盘
942,13:03:13,17.87,--,5,8935,买盘
943,13:03:03,17.87,--,5,8935,买盘
944,13:02:58,17.87,0.01,8,14296,买盘
945,13:02:48,17.86,--,50,89300,卖盘
946,13:02:43,17.86,-0.02,6,10716,卖盘
947,13:02:33,17.88,0.02,1,1788,买盘
948,13:02:28,17.86,--,19,33934,卖盘
949,13:02:18,17.86,--,9,16074,卖盘
950,13:02:13,17.86,-0.02,1,1786,卖盘
951,13:02:03,17.88,0.02,22,39336,买盘
952,13:01:58,17.86,--,29,51794,卖盘
953,13:01:47,17.86,--,1,1786,卖盘
954,13:01:42,17.86,-0.01,27,48222,卖盘
955,13:01:37,17.87,--,0,0,中性盘
956,13:01:13,17.87,--,1,1787,买盘
957,13:01:07,17.87,--,0,0,中性盘
958,13:00:57,17.87,0.01,12,21444,中性盘
959,13:00:52,17.86,--,0,0,卖盘
960,13:00:47,17.86,-0.01,2,3572,卖盘
961,13:00:32,17.87,0.01,1,1787,买盘
962,13:00:27,17.86,-0.02,8,14288,卖盘
963,13:00:17,17.88,--,11,19668,买盘
964,13:00:12,17.88,0.01,24,42912,买盘
965,13:00:07,17.87,-0.01,15,26805,中性盘
966,13:00:02,17.88,--,97,173436,买盘
967,11:30:00,17.88,--,0,0,买盘
968,11:30:00,17.88,--,0,0,买盘
969,11:29:58,17.88,0.01,13,23244,买盘
970,11:29:43,17.87,0.01,69,123588,买盘
971,11:29:38,17.86,-0.01,62,110732,卖盘
972,11:29:28,17.87,0.01,1,1787,买盘
973,11:29:23,17.86,--,1,1786,卖盘
974,11:29:18,17.86,--,17,30362,卖盘
975,11:29:13,17.86,--,10,17860,卖盘
976,11:29:08,17.86,-0.01,1,1786,卖盘
977,11:28:43,17.87,--,1,1787,买盘
978,11:28:33,17.87,--,2,3574,买盘
979,11:28:18,17.87,0.01,5,8935,买盘
980,11:28:13,17.86,-0.01,16,28576,卖盘
981,11:28:03,17.87,--,35,62545,买盘
982,11:27:58,17.87,--,7,12509,买盘
983,11:27:52,17.87,--,8,14296,买盘
984,11:27:43,17.87,-0.01,42,75054,卖盘
985,11:27:37,17.88,--,80,143040,买盘
986,11:27:28,17.88,0.01,12,21456,买盘
987,11:27:22,17.87,--,50,89350,卖盘
988,11:27:12,17.87,-0.01,122,218014,卖盘
989,11:26:57,17.88,--,26,46488,买盘
990,11:26:52,17.88,0.01,1,1788,买盘
991,11:26:43,17.87,-0.01,27,48249,卖盘
992,11:26:37,17.88,0.01,4,7152,买盘
993,11:26:32,17.87,--,4,7148,卖盘
994,11:26:22,17.87,--,10,17870,卖盘
995,11:26:12,17.87,-0.01,17,30379,卖盘
996,11:25:57,17.88,0.01,1,1788,买盘
997,11:25:52,17.87,-0.01,10,17870,卖盘
998,11:25:47,17.88,0.01,3,5364,买盘
999,11:25:42,17.87,--,1,1787,卖盘
1000,11:25:22,17.87,-0.01,14,25018,卖盘
1001,11:25:13,17.88,0.01,17,30396,买盘
1002,11:25:07,17.87,--,100,178700,卖盘
1003,11:24:28,17.87,--,1,1787,卖盘
1004,11:24:22,17.87,--,2,3574,卖盘
1005,11:24:13,17.87,--,13,23231,卖盘
1006,11:23:57,17.87,--,1,1787,卖盘
1007,11:23:52,17.87,--,16,28592,卖盘
1008,11:23:47,17.87,--,6,10722,卖盘
1009,11:23:37,17.87,--,7,12509,卖盘
1010,11:23:27,17.87,--,10,17870,卖盘
1011,11:23:22,17.87,--,1,1787,卖盘
1012,11:22:52,17.87,--,345,616515,买盘
1013,11:22:42,17.87,--,575,1027525,卖盘
1014,11:22:37,17.87,--,40,71480,卖盘
1015,11:22:27,17.87,--,30,53610,卖盘
1016,11:22:22,17.87,-0.01,10,17870,卖盘
1017,11:22:17,17.88,0.01,12,21456,买盘
1018,11:22:12,17.87,-0.01,13,23231,卖盘
1019,11:22:07,17.88,0.02,3,5364,买盘
1020,11:22:02,17.86,--,0,0,卖盘
1021,11:21:47,17.86,-0.02,26,46436,卖盘
1022,11:21:42,17.88,0.02,71,126948,买盘
1023,11:21:37,17.86,-0.02,3,5358,卖盘
1024,11:21:32,17.88,0.02,35,62580,买盘
1025,11:21:17,17.86,--,4,7144,卖盘
1026,11:21:01,17.86,-0.01,17,30362,卖盘
1027,11:20:52,17.87,0.01,20,35740,买盘
1028,11:20:27,17.86,-0.01,17,30362,卖盘
1029,11:20:22,17.87,-0.01,31,55397,卖盘
1030,11:20:16,17.88,0.01,25,44700,买盘
1031,11:20:01,17.87,--,85,151895,卖盘
1032,11:19:46,17.87,--,17,30379,卖盘
1033,11:19:37,17.87,--,2,3574,卖盘
1034,11:19:31,17.87,--,41,73267,卖盘
1035,11:19:21,17.87,--,17,30379,卖盘
1036,11:19:06,17.87,--,5,8935,卖盘
1037,11:19:01,17.87,--,20,35740,卖盘
1038,11:18:51,17.87,-0.01,18,32166,卖盘
1039,11:18:36,17.88,--,12,21456,买盘
1040,11:18:31,17.88,--,20,35760,买盘
1041,11:18:26,17.88,--,57,101916,买盘
1042,11:18:21,17.88,0.01,4,7152,买盘
1043,11:18:16,17.87,-0.01,1,1787,卖盘
1044,11:18:11,17.88,0.01,8,14304,买盘
1045,11:18:01,17.87,--,9,16083,卖盘
1046,11:17:51,17.87,--,0,0,卖盘
1047,11:17:46,17.87,0.01,17,30379,中性盘
1048,11:17:41,17.86,-0.02,100,178600,卖盘
1049,11:17:36,17.88,0.02,491,877908,买盘
1050,11:17:21,17.86,--,0,0,卖盘
1051,11:17:11,17.86,-0.01,16,28576,卖盘
1052,11:17:06,17.87,--,6,10722,卖盘
1053,11:17:01,17.87,0.01,17,30379,买盘
1054,11:16:51,17.86,--,2,4643,卖盘
1055,11:16:41,17.86,-0.02,17,30362,卖盘
1056,11:16:31,17.88,--,0,0,买盘
1057,11:16:26,17.88,0.02,910,1627080,买盘
1058,11:16:16,17.86,--,4,7144,卖盘
1059,11:16:11,17.86,--,20,35720,卖盘
1060,11:16:01,17.86,--,17,30362,卖盘
1061,11:15:51,17.86,--,28,50008,卖盘
1062,11:15:46,17.86,--,3,5358,卖盘
1063,11:15:41,17.86,--,11,19646,卖盘
1064,11:15:36,17.86,--,10,17860,卖盘
1065,11:15:31,17.86,--,12,21432,卖盘
1066,11:15:26,17.86,--,1,1786,卖盘
1067,11:15:16,17.86,--,2,3572,卖盘
1068,11:14:56,17.86,--,18,32148,卖盘
1069,11:14:51,17.86,--,30,53580,卖盘
1070,11:14:46,17.86,--,58,103588,卖盘
1071,11:14:41,17.86,--,30,53580,卖盘
1072,11:14:21,17.86,--,10,17860,卖盘
1073,11:14:16,17.86,--,39,69654,卖盘
1074,11:14:11,17.86,--,27,48222,卖盘
1075,11:13:51,17.86,0.03,3,5358,卖盘
1076,11:13:46,17.83,-0.03,1000,1782999,卖盘
1077,11:13:40,17.86,--,9,16074,卖盘
1078,11:13:36,17.86,--,4,7144,卖盘
1079,11:13:25,17.86,-0.01,13,23218,卖盘
1080,11:13:16,17.87,0.01,74,132238,买盘
1081,11:13:10,17.86,--,2,3572,卖盘
1082,11:13:01,17.86,-0.01,29,51794,卖盘
1083,11:12:51,17.87,--,1,1787,买盘
1084,11:12:46,17.87,0.01,2,3574,买盘
1085,11:12:40,17.86,-0.01,4,7144,卖盘
1086,11:12:31,17.87,--,16,28592,买盘
1087,11:12:21,17.87,--,2,3574,买盘
1088,11:12:16,17.87,0.01,30,53610,买盘
1089,11:12:01,17.86,--,17,30362,卖盘
1090,11:11:55,17.86,--,7,12502,卖盘
1091,11:11:50,17.86,-0.02,101,180386,卖盘
1092,11:11:31,17.88,--,2,3576,买盘
1093,11:11:20,17.88,0.02,21,37548,买盘
1094,11:11:10,17.86,-0.02,6,10716,卖盘
1095,11:10:55,17.88,0.01,48,85824,买盘
1096,11:10:45,17.87,0.01,2,3574,买盘
1097,11:10:40,17.86,0.01,5,8930,中性盘
1098,11:10:35,17.85,--,467,833595,卖盘
1099,11:10:30,17.85,-0.01,14,24990,卖盘
1100,11:10:25,17.86,--,5,8930,买盘
1101,11:10:20,17.86,0.01,21,37506,买盘
1102,11:10:15,17.85,--,5,8925,卖盘
1103,11:10:10,17.85,-0.01,35,62475,卖盘
1104,11:10:05,17.86,0.01,11,19646,买盘
1105,11:10:00,17.85,-0.01,3,5355,卖盘
1106,11:09:55,17.86,--,1,1786,买盘
1107,11:09:50,17.86,--,1,1786,买盘
1108,11:09:45,17.86,--,113,201818,卖盘
1109,11:09:40,17.86,-0.01,4,7144,卖盘
1110,11:09:30,17.87,--,13,23231,买盘
1111,11:09:20,17.87,-0.01,101,180487,卖盘
1112,11:09:15,17.88,--,21,37548,买盘
1113,11:09:00,17.88,--,37,66156,买盘
1114,11:08:45,17.88,--,326,583066,卖盘
1115,11:08:40,17.88,--,41,73308,卖盘
1116,11:08:30,17.88,--,36,64368,卖盘
1117,11:08:25,17.88,-0.01,19,33972,卖盘
1118,11:08:20,17.89,--,3,5367,买盘
1119,11:08:15,17.89,0.01,14,25046,买盘
1120,11:08:10,17.88,-0.01,332,593616,卖盘
1121,11:08:05,17.89,--,24,42936,买盘
1122,11:07:55,17.89,0.01,140,250460,买盘
1123,11:07:45,17.88,-0.01,200,357600,卖盘
1124,11:07:40,17.89,0.01,70,125230,买盘
1125,11:07:25,17.88,--,207,371725,卖盘
1126,11:07:10,17.88,--,3,5364,卖盘
1127,11:07:05,17.88,--,22,39336,卖盘
1128,11:06:50,17.88,-0.01,2,3576,卖盘
1129,11:06:34,17.89,0.01,1,1789,买盘
1130,11:06:15,17.88,-0.01,5,8940,卖盘
1131,11:06:10,17.89,--,5,8945,买盘
1132,11:06:04,17.89,--,2,3578,买盘
1133,11:05:55,17.89,--,3,5367,买盘
1134,11:05:45,17.89,--,23,41147,买盘
1135,11:05:40,17.89,0.01,31,55459,买盘
1136,11:05:34,17.88,--,230,411240,卖盘
1137,11:05:25,17.88,-0.01,306,547128,卖盘
1138,11:05:19,17.89,--,2,3578,买盘
1139,11:05:15,17.89,0.01,300,536700,买盘
1140,11:05:10,17.88,-0.01,3,5364,卖盘
1141,11:05:04,17.89,--,54,96606,买盘
1142,11:05:00,17.89,--,27,48303,买盘
1143,11:04:55,17.89,--,15,26835,买盘
1144,11:04:45,17.89,--,2,3578,买盘
1145,11:04:34,17.89,-0.01,147,262983,卖盘
1146,11:04:30,17.9,--,5,8950,买盘
1147,11:04:25,17.9,--,18,32219,买盘
1148,11:04:19,17.9,--,2,3579,买盘
1149,11:04:10,17.9,0.01,47,84130,买盘
1150,11:04:04,17.89,-0.01,18,32202,卖盘
1151,11:03:55,17.9,0.01,475,850249,买盘
1152,11:03:49,17.89,--,1,1789,买盘
1153,11:03:40,17.89,--,7,12523,买盘
1154,11:03:34,17.89,--,15,26835,买盘
1155,11:03:25,17.89,-0.01,68,121652,中性盘
1156,11:03:19,17.9,0.01,150,268500,买盘
1157,11:03:10,17.89,--,162,291553,卖盘
1158,11:03:04,17.89,-0.01,505,903445,卖盘
1159,11:02:59,17.9,0.01,1,1789,买盘
1160,11:02:55,17.89,-0.01,100,178900,卖盘
1161,11:02:44,17.9,--,4,7159,买盘
1162,11:02:40,17.9,--,6,10740,买盘
1163,11:02:34,17.9,0.01,1,1789,买盘
1164,11:02:25,17.89,--,40,71560,卖盘
1165,11:02:19,17.89,--,3,5367,卖盘
1166,11:02:10,17.89,--,7,12523,卖盘
1167,11:02:04,17.89,--,13,23257,卖盘
1168,11:01:54,17.89,--,4,7156,卖盘
1169,11:01:49,17.89,-0.01,3,5367,卖盘
1170,11:01:44,17.9,--,8,14319,买盘
1171,11:01:39,17.9,--,3,5370,买盘
1172,11:01:34,17.9,0.01,1,1789,买盘
1173,11:01:24,17.89,--,29,51881,卖盘
1174,11:01:19,17.89,-0.01,7,12523,卖盘
1175,11:01:09,17.9,0.01,1,1789,买盘
1176,11:01:04,17.89,--,67,119916,买盘
1177,11:00:54,17.89,0.01,4,7156,买盘
1178,11:00:49,17.88,-0.01,7,12516,卖盘
1179,11:00:34,17.89,--,38,67982,买盘
1180,11:00:19,17.89,--,102,182478,买盘
1181,11:00:14,17.89,--,3,5367,买盘
1182,11:00:09,17.89,--,161,288029,买盘
1183,11:00:04,17.89,--,59,105551,买盘
1184,10:59:59,17.89,--,13,23257,买盘
1185,10:59:54,17.89,--,18,32202,买盘
1186,10:59:49,17.89,0.01,1,1789,买盘
1187,10:59:44,17.88,-0.01,10,17880,卖盘
1188,10:59:39,17.89,0.01,21,37569,买盘
1189,10:59:34,17.88,--,6,10728,卖盘
1190,10:59:29,17.88,--,11,19668,卖盘
1191,10:59:24,17.88,--,202,361176,卖盘
1192,10:59:19,17.88,--,10,17880,卖盘
1193,10:59:09,17.88,--,13,23244,卖盘
1194,10:59:04,17.88,-0.01,113,202044,卖盘
1195,10:58:59,17.89,0.01,1,1789,买盘
1196,10:58:54,17.88,--,4,7152,卖盘
1197,10:58:49,17.88,-0.01,119,212772,卖盘
1198,10:58:44,17.89,--,2,3578,买盘
1199,10:58:34,17.89,-0.01,28,50092,卖盘
1200,10:58:29,17.9,0.01,10,17900,买盘
1201,10:58:24,17.89,--,10,17890,卖盘
1202,10:58:19,17.89,-0.01,103,184267,卖盘
1203,10:58:09,17.9,0.01,102,182580,买盘
1204,10:58:04,17.89,--,2,3578,卖盘
1205,10:57:54,17.89,--,16,28624,卖盘
1206,10:57:43,17.89,--,1,1789,卖盘
1207,10:57:39,17.89,--,50,89450,卖盘
1208,10:57:34,17.89,-0.01,14,25046,卖盘
1209,10:57:24,17.9,0.01,210,375899,买盘
1210,10:57:19,17.89,--,227,406103,卖盘
1211,10:57:13,17.89,--,7,12523,卖盘
1212,10:57:09,17.89,--,54,96606,卖盘
1213,10:56:58,17.89,-0.01,115,205735,卖盘
1214,10:56:54,17.9,--,5,8950,买盘
1215,10:56:49,17.9,--,34,60859,买盘
1216,10:56:43,17.9,0.01,15,26849,买盘
1217,10:56:39,17.89,-0.01,1,1789,卖盘
1218,10:56:28,17.9,--,6,10740,买盘
1219,10:56:24,17.9,--,65,116349,买盘
1220,10:56:09,17.9,--,16,28639,买盘
1221,10:56:04,17.9,--,3,5370,买盘
1222,10:55:58,17.9,--,1,1789,买盘
1223,10:55:49,17.9,0.01,2,3579,买盘
1224,10:55:43,17.89,-0.01,15,26835,卖盘
1225,10:55:39,17.9,0.01,16,28639,买盘
1226,10:55:34,17.89,--,4,7156,卖盘
1227,10:55:28,17.89,-0.01,18,32202,卖盘
1228,10:55:24,17.9,--,27,48329,买盘
1229,10:55:09,17.9,0.01,2,3579,买盘
1230,10:55:04,17.89,-0.01,263,470507,卖盘
1231,10:54:58,17.9,--,5,8950,买盘
1232,10:54:48,17.9,0.01,21,37590,买盘
1233,10:54:43,17.89,-0.01,10,17890,卖盘
1234,10:54:33,17.9,0.01,85,152150,买盘
1235,10:54:28,17.89,-0.01,4,7156,卖盘
1236,10:54:23,17.9,--,2,3579,买盘
1237,10:54:18,17.9,0.01,1,1789,买盘
1238,10:54:13,17.89,--,12,21468,卖盘
1239,10:54:03,17.89,-0.01,6,10734,卖盘
1240,10:53:58,17.9,--,1,1789,买盘
1241,10:53:48,17.9,0.01,1,1789,买盘
1242,10:53:43,17.89,--,11,19679,卖盘
1243,10:53:38,17.89,--,3,5367,卖盘
1244,10:53:34,17.89,--,5,8945,卖盘
1245,10:53:18,17.89,-0.01,2,3578,卖盘
1246,10:53:13,17.9,--,1,1789,买盘
1247,10:52:58,17.9,--,8,14319,买盘
1248,10:52:48,17.9,--,1,1789,买盘
1249,10:52:43,17.9,0.01,70,125299,买盘
1250,10:52:38,17.89,--,14,25046,卖盘
1251,10:52:33,17.89,--,4,7156,卖盘
1252,10:52:28,17.89,-0.01,2,3578,卖盘
1253,10:52:18,17.9,0.01,1,1789,买盘
1254,10:52:13,17.89,-0.01,6,10734,卖盘
1255,10:52:03,17.9,--,1,1789,买盘
1256,10:51:48,17.9,0.01,10,17900,买盘
1257,10:51:38,17.89,-0.01,2,3578,卖盘
1258,10:51:33,17.9,0.01,3,5370,买盘
1259,10:51:28,17.89,-0.01,100,178900,卖盘
1260,10:51:23,17.9,--,1,1789,买盘
1261,10:51:13,17.9,--,32,57279,买盘
1262,10:50:57,17.9,--,36,64439,买盘
1263,10:50:48,17.9,--,1,1789,买盘
1264,10:50:33,17.9,--,7,12529,买盘
1265,10:50:27,17.9,0.01,1,1789,买盘
1266,10:50:18,17.89,--,16,28624,卖盘
1267,10:50:12,17.89,--,44,78716,卖盘
1268,10:50:07,17.89,--,8,14312,卖盘
1269,10:50:03,17.89,--,35,62615,卖盘
1270,10:49:52,17.89,--,1,1789,卖盘
1271,10:49:48,17.89,--,10,17890,卖盘
1272,10:49:42,17.89,-0.01,105,187845,卖盘
1273,10:49:33,17.9,0.01,2,3579,买盘
1274,10:49:18,17.89,-0.01,6,10734,卖盘
1275,10:49:12,17.9,--,18,32219,买盘
1276,10:48:57,17.9,--,10,17900,买盘
1277,10:48:42,17.9,0.01,74,132460,买盘
1278,10:48:37,17.89,--,11,19679,卖盘
1279,10:48:33,17.89,--,3,5367,卖盘
1280,10:48:27,17.89,-0.01,1,1789,卖盘
1281,10:48:18,17.9,0.01,4,7159,买盘
1282,10:48:12,17.89,-0.01,9,16101,卖盘
1283,10:47:52,17.9,--,53,94869,买盘
1284,10:47:47,17.9,--,1,1789,买盘
1285,10:47:37,17.9,--,13,23269,买盘
1286,10:47:27,17.9,--,3,5370,买盘
1287,10:47:22,17.9,--,10,17900,买盘
1288,10:47:12,17.9,0.01,14,25059,买盘
1289,10:47:07,17.89,-0.01,100,178900,卖盘
1290,10:46:57,17.9,0.01,117,209429,买盘
1291,10:46:52,17.89,--,20,35780,卖盘
1292,10:46:47,17.89,-0.01,3,5367,卖盘
1293,10:46:42,17.9,--,6,10740,买盘
1294,10:46:37,17.9,0.01,1,1789,买盘
1295,10:46:33,17.89,--,1,1789,卖盘
1296,10:46:27,17.89,--,54,96606,卖盘
1297,10:46:22,17.89,-0.01,11,19679,卖盘
1298,10:46:12,17.9,--,10,17900,买盘
1299,10:46:02,17.9,0.01,1,1789,买盘
1300,10:45:57,17.89,-0.01,26,46514,卖盘
1301,10:45:52,17.9,--,70,125299,卖盘
1302,10:45:47,17.9,--,3,5370,卖盘
1303,10:45:42,17.9,-0.01,7,12529,卖盘
1304,10:45:37,17.91,--,17,30447,买盘
1305,10:45:27,17.91,-0.01,1,1791,买盘
1306,10:45:22,17.92,0.02,87,155904,买盘
1307,10:45:12,17.9,-0.01,4,7159,卖盘
1308,10:45:07,17.91,0.01,819,1466829,买盘
1309,10:45:02,17.9,-0.01,54,96659,卖盘
1310,10:44:57,17.91,--,1,1791,买盘
1311,10:44:52,17.91,0.01,26,46566,买盘
1312,10:44:42,17.9,-0.01,10,17900,卖盘
1313,10:44:37,17.91,0.01,1,1791,买盘
1314,10:44:32,17.9,-0.01,50,89500,卖盘
1315,10:44:27,17.91,--,7,12537,买盘
1316,10:44:17,17.91,0.01,13,23283,买盘
1317,10:44:12,17.9,--,3,5370,卖盘
1318,10:44:07,17.9,-0.01,64,114559,卖盘
1319,10:44:02,17.91,0.01,84,150444,买盘
1320,10:43:57,17.9,-0.01,52,93079,卖盘
1321,10:43:52,17.91,0.01,6,10746,买盘
1322,10:43:47,17.9,0.01,60,107399,买盘
1323,10:43:42,17.89,--,57,101973,卖盘
1324,10:43:37,17.89,--,46,82294,卖盘
1325,10:43:31,17.89,--,0,0,卖盘
1326,10:43:27,17.89,--,10,17890,卖盘
1327,10:43:21,17.89,-0.01,50,89450,卖盘
1328,10:43:06,17.9,-0.01,41,73390,卖盘
1329,10:43:01,17.91,--,417,746847,买盘
1330,10:42:57,17.91,0.01,1,1791,买盘
1331,10:42:46,17.9,-0.01,14,25059,卖盘
1332,10:42:42,17.91,--,5,8955,买盘
1333,10:42:36,17.91,--,3,5373,买盘
1334,10:42:27,17.91,--,45,80595,买盘
1335,10:42:21,17.91,--,2,3582,买盘
1336,10:42:16,17.91,--,1,1791,买盘
1337,10:42:12,17.91,--,5,8955,买盘
1338,10:42:06,17.91,-0.01,446,798786,卖盘
1339,10:42:01,17.92,--,7,12544,买盘
1340,10:41:51,17.92,0.01,47,84224,买盘
1341,10:41:46,17.91,--,75,134325,卖盘
1342,10:41:42,17.91,-0.01,360,644760,卖盘
1343,10:41:36,17.92,0.01,77,137984,买盘
1344,10:41:31,17.91,-0.01,6,10746,卖盘
1345,10:41:27,17.92,--,46,82432,买盘
1346,10:41:21,17.92,0.01,587,1051904,买盘
1347,10:41:12,17.91,--,184,329544,买盘
1348,10:41:06,17.91,--,57,102087,买盘
1349,10:41:01,17.91,0.01,17,30447,买盘
1350,10:40:57,17.9,-0.01,602,1077580,卖盘
1351,10:40:51,17.91,--,15,26865,买盘
1352,10:40:46,17.91,--,3,5373,买盘
1353,10:40:42,17.91,0.01,40,71640,买盘
1354,10:40:36,17.9,-0.01,12,21480,卖盘
1355,10:40:31,17.91,--,126,225666,买盘
1356,10:40:27,17.91,0.01,169,302679,买盘
1357,10:40:21,17.9,-0.01,149,266710,卖盘
1358,10:40:16,17.91,--,72,128952,买盘
1359,10:40:11,17.91,--,197,352827,买盘
1360,10:40:06,17.91,0.01,1462,2618442,买盘
1361,10:40:01,17.9,0.01,602,1077580,买盘
1362,10:39:56,17.89,-0.01,112,200368,卖盘
1363,10:39:51,17.9,--,2,3579,买盘
1364,10:39:46,17.9,0.01,21,37590,买盘
1365,10:39:31,17.89,-0.01,213,381057,卖盘
1366,10:39:21,17.9,0.01,2,3579,买盘
1367,10:39:16,17.89,-0.01,12,21468,卖盘
1368,10:39:06,17.9,--,19,34010,买盘
1369,10:39:01,17.9,0.01,7,12529,买盘
1370,10:38:56,17.89,--,21,37569,卖盘
1371,10:38:51,17.89,-0.01,5,8945,卖盘
1372,10:38:46,17.9,--,55,98449,买盘
1373,10:38:41,17.9,0.01,65,116349,买盘
1374,10:38:36,17.89,-0.01,4,7156,卖盘
1375,10:38:26,17.9,--,2,3579,买盘
1376,10:38:21,17.9,-0.01,649,1161710,卖盘
1377,10:38:16,17.91,--,15,26865,买盘
1378,10:38:11,17.91,0.01,4,7164,买盘
1379,10:38:06,17.9,-0.01,20,35800,卖盘
1380,10:38:01,17.91,--,39,69849,买盘
1381,10:37:51,17.91,0.01,40,71640,买盘
1382,10:37:36,17.9,-0.01,200,358000,卖盘
1383,10:37:31,17.91,0.01,95,170145,买盘
1384,10:37:21,17.9,--,1,1789,卖盘
1385,10:37:11,17.9,-0.01,12,21480,卖盘
1386,10:37:06,17.91,0.01,5,8955,买盘
1387,10:36:51,17.9,--,29,51909,卖盘
1388,10:36:46,17.9,-0.01,20,35800,卖盘
1389,10:36:41,17.91,--,2,3582,买盘
1390,10:36:31,17.91,0.01,72,128952,买盘
1391,10:36:21,17.9,-0.01,20,35800,卖盘
1392,10:36:15,17.91,0.01,192,343872,买盘
1393,10:36:10,17.9,-0.01,11,19690,卖盘
1394,10:36:06,17.91,0.01,1,1791,买盘
1395,10:36:00,17.9,-0.01,13,23269,卖盘
1396,10:35:51,17.91,0.01,4,7164,买盘
1397,10:35:45,17.9,-0.01,75,134250,卖盘
1398,10:35:36,17.91,--,6,10746,买盘
1399,10:35:30,17.91,--,14,25074,买盘
1400,10:35:20,17.91,0.01,12,21492,买盘
1401,10:35:15,17.9,-0.01,42,75180,卖盘
1402,10:35:06,17.91,--,7,12537,买盘
1403,10:35:00,17.91,--,10,17910,买盘
1404,10:34:55,17.91,--,53,94923,买盘
1405,10:34:50,17.91,--,76,136116,买盘
1406,10:34:40,17.91,--,9,16119,买盘
1407,10:34:36,17.91,--,7,12537,买盘
1408,10:34:30,17.91,--,35,62685,买盘
1409,10:34:25,17.91,0.01,78,139698,买盘
1410,10:34:21,17.9,--,77,137830,卖盘
1411,10:34:15,17.9,-0.01,268,479719,卖盘
1412,10:34:10,17.91,--,93,166563,买盘
1413,10:34:06,17.91,0.01,366,655506,买盘
1414,10:34:00,17.9,-0.01,8,14319,卖盘
1415,10:33:50,17.91,0.01,64,114624,买盘
1416,10:33:45,17.9,--,28,50119,买盘
1417,10:33:35,17.9,--,502,898579,买盘
1418,10:33:30,17.9,0.01,79,141410,买盘
1419,10:33:21,17.89,-0.01,108,193212,卖盘
1420,10:33:15,17.9,--,57,102029,买盘
1421,10:33:10,17.9,--,3,5370,买盘
1422,10:33:05,17.9,--,27,48329,买盘
1423,10:33:00,17.9,-0.01,59,105609,卖盘
1424,10:32:55,17.91,--,256,458496,买盘
1425,10:32:50,17.91,0.01,6,10746,买盘
1426,10:32:45,17.9,-0.01,5,8950,卖盘
1427,10:32:40,17.91,0.01,1,1791,买盘
1428,10:32:35,17.9,-0.01,500,894999,卖盘
1429,10:32:30,17.91,0.01,16,28656,买盘
1430,10:32:20,17.9,--,1,1789,卖盘
1431,10:32:15,17.9,-0.01,20,35800,卖盘
1432,10:32:10,17.91,0.01,48,85968,买盘
1433,10:32:00,17.9,--,63,112769,卖盘
1434,10:31:55,17.9,--,18,32219,卖盘
1435,10:31:50,17.9,--,5,8950,卖盘
1436,10:31:45,17.9,--,105,187949,买盘
1437,10:31:40,17.9,--,423,757169,卖盘
1438,10:31:35,17.9,-0.01,106,189739,卖盘
1439,10:31:25,17.91,--,23,41193,买盘
1440,10:31:20,17.91,0.01,36,64476,买盘
1441,10:31:15,17.9,-0.01,151,270290,买盘
1442,10:31:10,17.91,--,0,0,买盘
1443,10:31:05,17.91,0.02,324,580284,买盘
1444,10:31:00,17.89,-0.01,4,7156,卖盘
1445,10:30:55,17.9,0.01,574,1027459,买盘
1446,10:30:50,17.89,--,32,57248,卖盘
1447,10:30:45,17.89,-0.01,7,12523,卖盘
1448,10:30:40,17.9,--,46,82340,买盘
1449,10:30:30,17.9,--,8,14319,买盘
1450,10:30:25,17.9,0.01,192,343680,买盘
1451,10:30:20,17.89,--,221,395369,卖盘
1452,10:30:15,17.89,-0.01,75,134175,卖盘
1453,10:30:00,17.9,--,5,8950,买盘
1454,10:29:55,17.9,0.01,244,436759,买盘
1455,10:29:45,17.89,--,44,78716,卖盘
1456,10:29:40,17.89,-0.01,11,19679,卖盘
1457,10:29:30,17.9,--,21,37590,买盘
1458,10:29:19,17.9,--,6,10740,买盘
1459,10:29:15,17.9,0.01,10,17900,买盘
1460,10:29:09,17.89,-0.01,6,10734,卖盘
1461,10:29:04,17.9,0.01,56,100239,买盘
1462,10:29:00,17.89,-0.01,17,30413,卖盘
1463,10:28:54,17.9,--,3,5370,买盘
1464,10:28:39,17.9,--,560,1002399,卖盘
1465,10:28:34,17.9,--,1,1789,卖盘
1466,10:28:30,17.9,-0.01,462,826979,卖盘
1467,10:28:24,17.91,0.01,54,96714,买盘
1468,10:28:14,17.9,--,4,7159,卖盘
1469,10:28:09,17.9,-0.01,10,17900,卖盘
1470,10:28:04,17.91,0.01,148,265068,买盘
1471,10:27:54,17.9,--,169,302510,卖盘
1472,10:27:49,17.9,-0.01,27,48329,卖盘
1473,10:27:44,17.91,0.01,2,3582,买盘
1474,10:27:39,17.9,--,3,5370,卖盘
1475,10:27:34,17.9,--,5,8950,卖盘
1476,10:27:29,17.9,--,3,5584,卖盘
1477,10:27:24,17.9,-0.01,50,89500,卖盘
1478,10:27:19,17.91,0.02,1,1791,买盘
1479,10:27:14,17.89,--,45,80505,卖盘
1480,10:27:09,17.89,-0.02,20,35780,卖盘
1481,10:27:04,17.91,0.02,1,1791,买盘
1482,10:26:59,17.89,-0.02,9,16101,卖盘
1483,10:26:44,17.91,0.01,3,5373,买盘
1484,10:26:39,17.9,--,3,5370,买盘
1485,10:26:29,17.9,--,29,51909,卖盘
1486,10:26:24,17.9,--,23,41170,卖盘
1487,10:26:19,17.9,--,5,8950,卖盘
1488,10:26:14,17.9,--,28,50119,卖盘
1489,10:26:09,17.9,-0.01,50,89500,卖盘
1490,10:25:59,17.91,0.02,4,7164,买盘
1491,10:25:54,17.89,-0.01,1,1789,卖盘
1492,10:25:44,17.9,--,22,39380,买盘
1493,10:25:34,17.9,-0.01,2,3579,买盘
1494,10:25:29,17.91,0.01,162,290142,买盘
1495,10:25:24,17.9,-0.01,56,100239,卖盘
1496,10:25:19,17.91,0.01,14,25074,买盘
1497,10:25:14,17.9,-0.01,1,1789,卖盘
1498,10:25:09,17.91,--,10,17910,买盘
1499,10:25:04,17.91,0.01,5,8955,买盘
1500,10:24:59,17.9,-0.01,30,53699,卖盘
1501,10:24:54,17.91,--,80,143280,买盘
1502,10:24:44,17.91,--,5,8955,买盘
1503,10:24:39,17.91,--,105,188055,买盘
1504,10:24:29,17.91,0.01,18,32238,买盘
1505,10:24:24,17.9,-0.01,19,34010,卖盘
1506,10:24:19,17.91,0.01,3,5373,买盘
1507,10:24:14,17.9,--,20,35800,卖盘
1508,10:24:09,17.9,--,12,21480,卖盘
1509,10:23:59,17.9,-0.01,27,48329,卖盘
1510,10:23:54,17.91,0.01,8,14328,买盘
1511,10:23:49,17.9,--,2,3579,卖盘
1512,10:23:39,17.9,-0.01,10,17900,卖盘
1513,10:23:34,17.91,--,29,51939,买盘
1514,10:23:29,17.91,0.01,1,1791,买盘
1515,10:23:24,17.9,-0.01,4,7159,卖盘
1516,10:23:19,17.91,--,289,517599,买盘
1517,10:23:09,17.91,--,2,3582,买盘
1518,10:23:04,17.91,--,1,1791,买盘
1519,10:22:59,17.91,--,1,1791,买盘
1520,10:22:54,17.91,--,4,7164,买盘
1521,10:22:49,17.91,--,12,21492,买盘
1522,10:22:39,17.91,--,35,62685,买盘
1523,10:22:34,17.91,--,10,17910,买盘
1524,10:22:29,17.91,--,112,200592,卖盘
1525,10:22:24,17.91,--,232,415512,卖盘
1526,10:22:19,17.91,-0.01,43,77013,卖盘
1527,10:22:14,17.92,--,6,10752,买盘
1528,10:22:09,17.92,--,73,130816,买盘
1529,10:22:04,17.92,0.01,13,23296,买盘
1530,10:21:58,17.91,--,4,7164,卖盘
1531,10:21:54,17.91,-0.01,5,8955,卖盘
1532,10:21:49,17.92,0.01,12,21504,买盘
1533,10:21:43,17.91,-0.01,29,51939,卖盘
1534,10:21:33,17.92,--,1,1792,买盘
1535,10:21:28,17.92,0.01,57,102144,买盘
1536,10:21:24,17.91,-0.01,10,17910,卖盘
1537,10:21:18,17.92,--,16,28672,买盘
1538,10:21:09,17.92,0.01,65,116480,买盘
1539,10:21:03,17.91,0.01,6,10746,买盘
1540,10:20:58,17.9,--,106,190044,买盘
1541,10:20:53,17.9,--,29,51909,买盘
1542,10:20:48,17.9,-0.02,22,40865,卖盘
1543,10:20:43,17.92,--,0,0,买盘
1544,10:20:39,17.92,0.02,55,98864,买盘
1545,10:20:33,17.9,-0.02,197,354115,卖盘
1546,10:20:28,17.92,0.02,76,136192,买盘
1547,10:20:23,17.9,--,508,909319,卖盘
1548,10:20:18,17.9,--,2,3579,卖盘
1549,10:20:13,17.9,--,0,0,卖盘
1550,10:20:08,17.9,--,5106,9139740,卖盘
1551,10:20:03,17.9,--,10,17900,卖盘
1552,10:19:58,17.9,--,10,17900,卖盘
1553,10:19:53,17.9,--,316,565640,卖盘
1554,10:19:48,17.9,-0.01,539,964809,卖盘
1555,10:19:33,17.91,0.01,5,8955,买盘
1556,10:19:28,17.9,-0.01,10,17900,卖盘
1557,10:19:18,17.91,0.01,39,69849,买盘
1558,10:19:13,17.9,-0.01,10,17900,卖盘
1559,10:19:08,17.91,0.01,6,10746,买盘
1560,10:19:03,17.9,--,285,511796,卖盘
1561,10:18:48,17.9,--,66,118139,卖盘
1562,10:18:43,17.9,--,35,62649,卖盘
1563,10:18:38,17.9,--,140,250599,卖盘
1564,10:18:33,17.9,--,60,107399,卖盘
1565,10:18:28,17.9,--,209,374109,卖盘
1566,10:18:18,17.9,--,222,397379,卖盘
1567,10:18:13,17.9,--,100,179000,卖盘
1568,10:18:08,17.9,--,130,232699,卖盘
1569,10:18:03,17.9,--,4,7159,卖盘
1570,10:17:58,17.9,--,1,1789,卖盘
1571,10:17:53,17.9,-0.01,17,30429,卖盘
1572,10:17:48,17.91,--,33,59103,买盘
1573,10:17:43,17.91,--,1,1791,买盘
1574,10:17:38,17.91,-0.01,96,171936,卖盘
1575,10:17:33,17.92,--,22,39424,买盘
1576,10:17:28,17.92,0.01,201,360192,买盘
1577,10:17:23,17.91,--,103,184473,卖盘
1578,10:17:18,17.91,-0.01,379,678789,卖盘
1579,10:17:13,17.92,--,3,5376,买盘
1580,10:17:08,17.92,--,221,396032,买盘
1581,10:17:03,17.92,--,144,258048,买盘
1582,10:16:58,17.92,--,26,46592,买盘
1583,10:16:48,17.92,0.01,45,80640,买盘
1584,10:16:43,17.91,-0.01,5,8955,卖盘
1585,10:16:38,17.92,--,168,301056,买盘
1586,10:16:33,17.92,0.02,94,168448,买盘
1587,10:16:28,17.9,--,159,284610,卖盘
1588,10:16:23,17.9,-0.01,484,866807,卖盘
1589,10:16:18,17.91,0.01,741,1327131,买盘
1590,10:16:13,17.9,-0.01,42,75180,卖盘
1591,10:16:08,17.91,--,44,78804,买盘
1592,10:16:03,17.91,0.01,648,1160568,买盘
1593,10:15:58,17.9,--,309,553110,买盘
1594,10:15:53,17.9,--,238,426019,买盘
1595,10:15:48,17.9,--,397,710630,买盘
1596,10:15:43,17.9,--,18,32219,买盘
1597,10:15:38,17.9,--,100,179000,买盘
1598,10:15:33,17.9,--,107,191529,买盘
1599,10:15:28,17.9,--,740,1324600,买盘
1600,10:15:23,17.9,0.01,351,628290,买盘
1601,10:15:18,17.89,--,840,1502760,买盘
1602,10:15:13,17.89,--,59,105551,买盘
1603,10:15:08,17.89,0.01,58,103762,买盘
1604,10:14:58,17.88,-0.01,894,1598472,卖盘
1605,10:14:53,17.89,--,0,0,买盘
1606,10:14:48,17.89,0.02,94,168166,买盘
1607,10:14:42,17.87,--,6,10722,卖盘
1608,10:14:33,17.87,--,24,42888,买盘
1609,10:14:27,17.87,-0.02,201,359187,卖盘
1610,10:14:22,17.89,--,1,1789,卖盘
1611,10:14:18,17.89,-0.01,214,382846,卖盘
1612,10:14:12,17.9,0.01,36,64439,买盘
1613,10:14:07,17.89,-0.01,51,91239,买盘
1614,10:14:03,17.9,--,0,0,买盘
1615,10:13:57,17.9,--,84,150360,买盘
1616,10:13:52,17.9,0.02,34,60859,买盘
1617,10:13:42,17.88,--,20,35760,卖盘
1618,10:13:37,17.88,--,3,5364,卖盘
1619,10:13:33,17.88,-0.02,564,1008432,卖盘
1620,10:13:27,17.9,0.02,10004,17907160,买盘
1621,10:13:22,17.88,--,70,125160,买盘
1622,10:13:02,17.88,--,114,203832,买盘
1623,10:12:57,17.88,0.01,301,538188,买盘
1624,10:12:47,17.87,--,14,25018,卖盘
1625,10:12:37,17.87,0.01,111,198357,卖盘
1626,10:12:22,17.86,--,0,0,卖盘
1627,10:12:17,17.86,--,50,89300,卖盘
1628,10:12:12,17.86,--,322,576056,卖盘
1629,10:12:07,17.86,-0.01,72,128592,卖盘
1630,10:12:02,17.87,0.01,2260,4038620,买盘
1631,10:11:57,17.86,--,10,17860,卖盘
1632,10:11:52,17.86,--,170,303620,卖盘
1633,10:11:47,17.86,--,68,121448,卖盘
1634,10:11:32,17.86,-0.01,2,3572,卖盘
1635,10:11:27,17.87,0.01,235,419945,买盘
1636,10:11:17,17.86,-0.01,4,7144,卖盘
1637,10:11:12,17.87,0.01,253,452111,买盘
1638,10:11:07,17.86,-0.01,150,267900,卖盘
1639,10:11:02,17.87,--,30,53610,买盘
1640,10:10:57,17.87,--,35,62545,买盘
1641,10:10:47,17.87,--,3,5361,买盘
1642,10:10:37,17.87,0.01,13,23588,买盘
1643,10:10:32,17.86,--,67,121090,卖盘
1644,10:10:27,17.86,--,200,357200,卖盘
1645,10:10:22,17.86,-0.01,17,30362,卖盘
1646,10:10:17,17.87,0.01,35,62545,买盘
1647,10:10:12,17.86,--,309,551874,卖盘
1648,10:10:07,17.86,--,4,7501,卖盘
1649,10:10:02,17.86,-0.01,17,30362,卖盘
1650,10:09:57,17.87,0.01,35,62545,买盘
1651,10:09:42,17.86,--,52,92872,卖盘
1652,10:09:37,17.86,--,18,32148,卖盘
1653,10:09:32,17.86,0.01,171,305406,买盘
1654,10:09:27,17.85,--,10,17850,卖盘
1655,10:09:17,17.85,--,7,12495,卖盘
1656,10:09:12,17.85,0.01,53,94605,买盘
1657,10:09:07,17.84,--,1,1784,卖盘
1658,10:09:02,17.84,-0.01,24,42816,卖盘
1659,10:08:57,17.85,0.01,15,26775,买盘
1660,10:08:47,17.84,--,40,71360,卖盘
1661,10:08:42,17.84,--,1,1784,卖盘
1662,10:08:32,17.84,--,5,8920,卖盘
1663,10:08:27,17.84,--,33,58872,卖盘
1664,10:08:17,17.84,-0.01,41,73144,卖盘
1665,10:08:12,17.85,0.01,18,32130,买盘
1666,10:08:02,17.84,--,16,28544,卖盘
1667,10:07:47,17.84,0.01,28,49952,买盘
1668,10:07:42,17.83,--,4,7131,卖盘
1669,10:07:32,17.83,-0.01,45,80234,卖盘
1670,10:07:27,17.84,--,5,8920,买盘
1671,10:07:22,17.84,-0.01,36,64224,卖盘
1672,10:07:17,17.85,0.01,6,10710,买盘
1673,10:07:12,17.84,--,317,565528,卖盘
1674,10:07:06,17.84,--,1,1784,卖盘
1675,10:06:57,17.84,--,5,8920,卖盘
1676,10:06:42,17.84,--,5,8920,卖盘
1677,10:06:36,17.84,-0.01,92,164128,卖盘
1678,10:06:32,17.85,-0.01,20,35700,卖盘
1679,10:06:27,17.86,-0.01,21,37506,卖盘
1680,10:06:21,17.87,0.01,3,5361,买盘
1681,10:06:17,17.86,--,4,7144,卖盘
1682,10:06:12,17.86,-0.01,30,53580,卖盘
1683,10:05:36,17.87,--,381,680847,卖盘
1684,10:05:31,17.87,-0.01,1,1787,卖盘
1685,10:05:21,17.88,0.01,2,3576,买盘
1686,10:05:12,17.87,-0.01,13,23231,卖盘
1687,10:05:06,17.88,0.01,18,32184,买盘
1688,10:04:56,17.87,-0.01,30,53610,卖盘
1689,10:04:51,17.88,--,35,62580,买盘
1690,10:04:46,17.88,--,4,7152,买盘
1691,10:04:31,17.88,--,254,454152,卖盘
1692,10:04:26,17.88,--,210,375480,卖盘
1693,10:04:16,17.88,-0.01,104,185952,卖盘
1694,10:04:11,17.89,0.01,15,26835,买盘
1695,10:04:06,17.88,--,74,132312,卖盘
1696,10:04:01,17.88,--,10,17880,卖盘
1697,10:03:56,17.88,--,10,17880,卖盘
1698,10:03:51,17.88,-0.01,27,48276,卖盘
1699,10:03:46,17.89,0.01,5,8945,买盘
1700,10:03:41,17.88,--,6,10728,卖盘
1701,10:03:36,17.88,--,5,8940,卖盘
1702,10:03:31,17.88,--,5,8940,卖盘
1703,10:03:26,17.88,--,2,3576,卖盘
1704,10:03:21,17.88,--,932,1666416,卖盘
1705,10:03:11,17.88,--,21,37548,卖盘
1706,10:03:06,17.88,0.01,80,143040,买盘
1707,10:02:56,17.87,-0.01,2,3574,卖盘
1708,10:02:51,17.88,-0.01,423,756324,卖盘
1709,10:02:46,17.89,0.01,9,16101,买盘
1710,10:02:41,17.88,-0.01,5,8940,卖盘
1711,10:02:36,17.89,0.01,70,125230,买盘
1712,10:02:31,17.88,-0.01,5,8940,卖盘
1713,10:02:26,17.89,0.01,35,62615,买盘
1714,10:02:21,17.88,-0.01,2,3576,卖盘
1715,10:02:11,17.89,--,7,12523,买盘
1716,10:02:06,17.89,-0.01,173,309497,卖盘
1717,10:02:01,17.9,0.01,24,42960,买盘
1718,10:01:56,17.89,--,48,85872,卖盘
1719,10:01:51,17.89,--,55,98395,卖盘
1720,10:01:46,17.89,--,173,309497,卖盘
1721,10:01:41,17.89,--,55,98395,卖盘
1722,10:01:36,17.89,--,26,46514,卖盘
1723,10:01:26,17.89,--,21,37569,卖盘
1724,10:01:21,17.89,-0.01,56,100184,卖盘
1725,10:01:16,17.9,--,1,1789,买盘
1726,10:01:06,17.9,--,1,1789,买盘
1727,10:01:01,17.9,--,25,44750,买盘
1728,10:00:56,17.9,0.01,69,123509,买盘
1729,10:00:51,17.89,--,296,529544,卖盘
1730,10:00:46,17.89,--,2,3578,卖盘
1731,10:00:41,17.89,0.01,109,195001,买盘
1732,10:00:31,17.88,0.01,16,28608,买盘
1733,10:00:21,17.87,--,16,30218,买盘
1734,10:00:16,17.87,--,137,244819,买盘
1735,10:00:11,17.87,0.01,202,360974,买盘
1736,10:00:06,17.86,--,72,128592,买盘
1737,09:59:56,17.86,0.01,46,82156,买盘
1738,09:59:51,17.85,-0.01,20,35700,卖盘
1739,09:59:45,17.86,--,14,25004,买盘
1740,09:59:36,17.86,0.01,13,23218,买盘
1741,09:59:30,17.85,-0.01,9,16065,卖盘
1742,09:59:26,17.86,--,30,53580,买盘
1743,09:59:21,17.86,0.01,47,83942,买盘
1744,09:59:15,17.85,--,138,246330,卖盘
1745,09:59:11,17.85,--,5,8925,卖盘
1746,09:59:06,17.85,--,30,53550,买盘
1747,09:59:00,17.85,--,10,17850,买盘
1748,09:58:56,17.85,0.01,22,39270,买盘
1749,09:58:51,17.84,-0.01,44,78496,卖盘
1750,09:58:45,17.85,--,30,53550,买盘
1751,09:58:41,17.85,0.01,11,19635,买盘
1752,09:58:36,17.84,--,17,30328,卖盘
1753,09:58:30,17.84,-0.01,5,8920,中性盘
1754,09:58:26,17.85,0.02,4,7140,买盘
1755,09:58:21,17.83,-0.03,67,119460,卖盘
1756,09:58:05,17.86,--,41,73226,买盘
1757,09:58:00,17.86,0.01,10,17860,买盘
1758,09:57:56,17.85,--,2,3570,卖盘
1759,09:57:50,17.85,--,10,17850,卖盘
1760,09:57:45,17.85,-0.01,24,42840,卖盘
1761,09:57:41,17.86,--,14,25004,卖盘
1762,09:57:25,17.86,--,10,17860,卖盘
1763,09:57:20,17.86,-0.02,143,255398,卖盘
1764,09:57:15,17.88,-0.01,14,25032,卖盘
1765,09:57:05,17.89,--,71,127019,卖盘
1766,09:57:00,17.89,--,12,21468,卖盘
1767,09:56:55,17.89,--,19,33991,卖盘
1768,09:56:50,17.89,--,40,71560,卖盘
1769,09:56:45,17.89,--,80,143120,卖盘
1770,09:56:35,17.89,--,29,51881,卖盘
1771,09:56:25,17.89,-0.01,12,21468,卖盘
1772,09:56:20,17.9,--,226,404539,卖盘
1773,09:56:15,17.9,--,15,26849,卖盘
1774,09:56:10,17.9,--,8,14319,卖盘
1775,09:56:05,17.9,--,10,17900,卖盘
1776,09:56:00,17.9,--,24,42960,买盘
1777,09:55:50,17.9,0.01,7,12529,买盘
1778,09:55:45,17.89,-0.01,10,17890,卖盘
1779,09:55:40,17.9,0.01,8,14319,中性盘
1780,09:55:35,17.89,-0.01,89,159221,卖盘
1781,09:55:30,17.9,-0.02,188,336520,卖盘
1782,09:55:25,17.92,0.01,63,112896,买盘
1783,09:55:20,17.91,--,62,111042,买盘
1784,09:55:15,17.91,0.01,613,1097883,买盘
1785,09:55:10,17.9,0.01,31,55489,买盘
1786,09:55:05,17.89,--,50,89450,卖盘
1787,09:55:00,17.89,--,56,100184,买盘
1788,09:54:55,17.89,--,51,91239,买盘
1789,09:54:50,17.89,--,47,84083,买盘
1790,09:54:45,17.89,--,22,39358,买盘
1791,09:54:40,17.89,--,6,10734,买盘
1792,09:54:35,17.89,0.01,13,23257,买盘
1793,09:54:30,17.88,-0.01,1,1788,中性盘
1794,09:54:25,17.89,0.02,51,91239,买盘
1795,09:54:20,17.87,-0.02,10,17870,卖盘
1796,09:54:15,17.89,--,232,415048,买盘
1797,09:54:10,17.89,0.02,191,341699,买盘
1798,09:54:05,17.87,-0.01,561,1002507,买盘
1799,09:54:00,17.88,0.02,114,203832,买盘
1800,09:53:55,17.86,--,127,226822,买盘
1801,09:53:50,17.86,--,125,223250,中性盘
1802,09:53:45,17.86,0.01,846,1510956,买盘
1803,09:53:40,17.85,--,192,342720,买盘
1804,09:53:35,17.85,0.03,312,556920,买盘
1805,09:53:15,17.82,--,0,0,中性盘
1806,09:53:10,17.82,--,10,17820,买盘
1807,09:53:05,17.82,0.02,53,94446,买盘
1808,09:53:00,17.8,-0.02,3,5340,卖盘
1809,09:52:54,17.82,--,4,7128,买盘
1810,09:52:50,17.82,-0.01,73,130086,卖盘
1811,09:52:45,17.83,-0.01,2,3565,卖盘
1812,09:52:35,17.84,0.02,5,8920,买盘
1813,09:52:30,17.82,--,22,39204,卖盘
1814,09:52:24,17.82,-0.02,7,12474,卖盘
1815,09:52:20,17.84,0.01,14,24976,买盘
1816,09:52:15,17.83,--,65,115894,买盘
1817,09:52:09,17.83,0.01,27,48140,买盘
1818,09:52:05,17.82,0.01,11,19602,卖盘
1819,09:51:44,17.81,--,87,154947,卖盘
1820,09:51:34,17.81,0.02,99,176319,买盘
1821,09:51:29,17.79,--,0,0,卖盘
1822,09:51:14,17.79,--,72,128088,卖盘
1823,09:51:04,17.79,--,1,1779,卖盘
1824,09:50:49,17.79,-0.01,63,112077,卖盘
1825,09:50:44,17.8,0.01,116,206480,买盘
1826,09:50:24,17.79,-0.01,144,256176,卖盘
1827,09:50:14,17.8,0.01,1,1780,买盘
1828,09:50:09,17.79,-0.01,298,530142,卖盘
1829,09:50:04,17.8,0.01,1,1780,买盘
1830,09:49:59,17.79,--,19,33801,卖盘
1831,09:49:49,17.79,-0.01,534,949986,卖盘
1832,09:49:34,17.8,--,10,17800,买盘
1833,09:49:24,17.8,--,20,35600,买盘
1834,09:49:04,17.8,0.01,10,17800,买盘
1835,09:48:59,17.79,-0.01,4,7116,卖盘
1836,09:48:54,17.8,0.01,19,33820,买盘
1837,09:48:44,17.79,-0.01,24,42696,卖盘
1838,09:48:39,17.8,0.01,17,30260,买盘
1839,09:48:29,17.79,-0.01,52,92508,卖盘
1840,09:48:24,17.8,--,22,39160,买盘
1841,09:48:14,17.8,0.01,279,496620,买盘
1842,09:47:59,17.79,-0.01,6,10674,卖盘
1843,09:47:54,17.8,--,13,23140,买盘
1844,09:47:49,17.8,-0.01,440,783200,卖盘
1845,09:47:39,17.81,0.01,8,14247,买盘
1846,09:47:29,17.8,--,19,33820,卖盘
1847,09:47:24,17.8,-0.01,35,62300,卖盘
1848,09:47:19,17.81,0.01,20,35620,买盘
1849,09:47:04,17.8,-0.01,3,5340,卖盘
1850,09:46:54,17.81,--,447,796107,买盘
1851,09:46:49,17.81,0.01,7,12467,买盘
1852,09:46:44,17.8,--,500,890000,卖盘
1853,09:46:39,17.8,--,21,37380,卖盘
1854,09:46:29,17.8,--,38,67640,卖盘
1855,09:46:14,17.8,-0.01,209,372020,卖盘
1856,09:46:09,17.81,--,60,106859,买盘
1857,09:46:04,17.81,--,35,62334,买盘
1858,09:45:59,17.81,--,50,89050,买盘
1859,09:45:54,17.81,--,15,26714,买盘
1860,09:45:49,17.81,0.01,25,44525,买盘
1861,09:45:39,17.8,--,69,122820,卖盘
1862,09:45:34,17.8,--,1,1780,卖盘
1863,09:45:29,17.8,--,46,81880,卖盘
1864,09:45:24,17.8,-0.01,31,55981,卖盘
1865,09:45:14,17.81,0.01,715,1273415,买盘
1866,09:45:09,17.8,0.01,10,17800,买盘
1867,09:44:59,17.79,--,10,17790,卖盘
1868,09:44:44,17.79,--,55,97845,卖盘
1869,09:44:33,17.79,--,8,14232,卖盘
1870,09:44:28,17.79,--,14,24906,卖盘
1871,09:44:14,17.79,--,54,96066,卖盘
1872,09:44:08,17.79,-0.01,21,37359,卖盘
1873,09:43:59,17.8,0.01,33,58740,买盘
1874,09:43:53,17.79,--,38,67602,卖盘
1875,09:43:48,17.79,--,4,7116,卖盘
1876,09:43:38,17.79,-0.01,308,547932,卖盘
1877,09:43:33,17.8,0.01,20,35600,买盘
1878,09:43:28,17.79,--,20,35580,卖盘
1879,09:43:23,17.79,--,1,1779,卖盘
1880,09:43:13,17.79,-0.01,2,3558,卖盘
1881,09:43:08,17.8,0.04,514,914920,买盘
1882,09:43:03,17.76,--,0,0,卖盘
1883,09:42:58,17.76,-0.02,24,42624,卖盘
1884,09:42:48,17.78,0.01,256,455168,买盘
1885,09:42:38,17.77,0.01,217,385609,买盘
1886,09:42:33,17.76,0.01,31,55056,买盘
1887,09:42:23,17.75,--,0,0,卖盘
1888,09:42:13,17.75,--,28,49700,卖盘
1889,09:42:08,17.75,-0.01,12,21300,卖盘
1890,09:42:03,17.76,--,174,309024,买盘
1891,09:41:53,17.76,--,78,138528,卖盘
1892,09:41:48,17.76,--,10,17760,卖盘
1893,09:41:43,17.76,0.01,1,1776,买盘
1894,09:41:33,17.75,--,29,51475,卖盘
1895,09:41:28,17.75,-0.01,39,69225,卖盘
1896,09:41:23,17.76,0.01,436,774336,买盘
1897,09:41:18,17.75,-0.01,59,104725,卖盘
1898,09:41:08,17.76,--,200,355200,卖盘
1899,09:41:03,17.76,--,9,15984,卖盘
1900,09:40:48,17.76,-0.02,75,133200,卖盘
1901,09:40:23,17.78,--,15,26670,买盘
1902,09:40:13,17.78,--,3,5334,中性盘
1903,09:40:08,17.78,--,20,35560,买盘
1904,09:40:03,17.78,-0.01,10,17780,中性盘
1905,09:39:53,17.79,--,192,341710,买盘
1906,09:39:48,17.79,--,15,26685,买盘
1907,09:39:18,17.79,-0.01,38,67602,买盘
1908,09:39:13,17.8,--,75,133500,买盘
1909,09:39:07,17.8,0.02,28,49840,买盘
1910,09:39:03,17.78,-0.02,17,31861,卖盘
1911,09:38:52,17.8,-0.01,3,5340,中性盘
1912,09:38:48,17.81,0.01,54,96174,买盘
1913,09:38:37,17.8,--,42,74760,买盘
1914,09:38:33,17.8,0.01,4,7120,买盘
1915,09:38:27,17.79,-0.01,4,7116,卖盘
1916,09:38:22,17.8,0.01,14,24920,买盘
1917,09:38:18,17.79,-0.01,1,1779,卖盘
1918,09:38:07,17.8,0.01,34,60520,买盘
1919,09:38:03,17.79,-0.01,61,108519,卖盘
1920,09:37:57,17.8,--,17,30260,买盘
1921,09:37:52,17.8,--,35,62300,买盘
1922,09:37:48,17.8,0.04,54,96120,买盘
1923,09:37:42,17.76,-0.03,61,108336,卖盘
1924,09:37:37,17.79,0.01,316,562164,买盘
1925,09:37:33,17.78,--,39,70302,买盘
1926,09:37:27,17.78,--,45,80010,买盘
1927,09:37:22,17.78,0.02,73,129794,买盘
1928,09:37:17,17.76,0.02,187,332112,买盘
1929,09:37:12,17.74,0.01,141,250133,买盘
1930,09:37:07,17.73,-0.03,104,184392,卖盘
1931,09:37:02,17.76,0.02,86,152736,买盘
1932,09:36:57,17.74,--,35,62089,买盘
1933,09:36:47,17.74,0.04,41,72734,买盘
1934,09:36:42,17.7,-0.04,200,354000,卖盘
1935,09:36:37,17.74,0.03,35,62089,买盘
1936,09:36:32,17.71,-0.02,229,405559,卖盘
1937,09:36:17,17.73,--,6,10638,买盘
1938,09:36:12,17.73,--,93,164889,卖盘
1939,09:36:07,17.73,-0.01,10,17730,卖盘
1940,09:36:02,17.74,--,47,83377,买盘
1941,09:35:57,17.74,0.01,8,14191,买盘
1942,09:35:52,17.73,--,10,17730,卖盘
1943,09:35:47,17.73,--,483,856359,卖盘
1944,09:35:42,17.73,--,4,7092,卖盘
1945,09:35:37,17.73,--,14,24822,卖盘
1946,09:35:32,17.73,--,6,10638,卖盘
1947,09:35:27,17.73,--,300,531900,卖盘
1948,09:35:22,17.73,--,0,0,卖盘
1949,09:35:17,17.73,0.01,135,239355,卖盘
1950,09:35:12,17.72,-0.01,100,177200,卖盘
1951,09:35:02,17.73,--,40,70920,卖盘
1952,09:34:57,17.73,-0.01,1,1773,卖盘
1953,09:34:47,17.74,--,16,28383,买盘
1954,09:34:32,17.74,--,179,317546,卖盘
1955,09:34:27,17.74,-0.01,10,17740,卖盘
1956,09:34:22,17.75,0.01,9,15975,买盘
1957,09:34:17,17.74,--,4,7095,卖盘
1958,09:34:12,17.74,-0.01,80,141920,卖盘
1959,09:34:07,17.75,--,14,24850,买盘
1960,09:33:57,17.75,--,11,19525,买盘
1961,09:33:47,17.75,0.01,28,49700,买盘
1962,09:33:32,17.74,--,28,49671,卖盘
1963,09:33:27,17.74,--,13,23061,卖盘
1964,09:33:22,17.74,0.02,541,959733,买盘
1965,09:33:17,17.72,0.01,7,12404,买盘
1966,09:33:12,17.71,--,10,17710,卖盘
1967,09:33:07,17.71,-0.01,40,70840,卖盘
1968,09:32:57,17.72,--,35,62019,买盘
1969,09:32:52,17.72,0.01,350,620200,买盘
1970,09:32:47,17.71,-0.01,41,72611,卖盘
1971,09:32:42,17.72,-0.02,30,53160,卖盘
1972,09:32:37,17.74,0.02,23,40802,买盘
1973,09:32:31,17.72,0.02,2,3544,卖盘
1974,09:32:27,17.7,-0.04,440,780534,卖盘
1975,09:32:22,17.74,0.03,37,65638,买盘
1976,09:32:16,17.71,-0.02,2,3542,卖盘
1977,09:32:12,17.73,--,10,17730,买盘
1978,09:32:07,17.73,-0.01,7,12411,卖盘
1979,09:32:01,17.74,--,44,78056,买盘
1980,09:31:57,17.74,--,65,115309,买盘
1981,09:31:52,17.74,--,65,115309,买盘
1982,09:31:42,17.74,-0.01,76,134824,卖盘
1983,09:31:31,17.75,0.01,38,67450,买盘
1984,09:31:27,17.74,--,60,106439,卖盘
1985,09:31:21,17.74,-0.01,10,17740,卖盘
1986,09:31:16,17.75,0.01,73,129575,买盘
1987,09:31:12,17.74,--,680,1206320,买盘
1988,09:31:06,17.74,--,0,0,买盘
1989,09:31:01,17.74,0.02,168,298032,买盘
1990,09:30:56,17.72,-0.02,40,70880,卖盘
1991,09:30:46,17.74,0.02,50,88699,买盘
1992,09:30:41,17.72,--,8,14176,卖盘
1993,09:30:31,17.72,-0.02,31,54932,中性盘
1994,09:30:26,17.74,--,2,3547,买盘
1995,09:30:21,17.74,-0.01,1,1773,卖盘
1996,09:30:16,17.75,--,45,79875,买盘
1997,09:30:11,17.75,--,12,21300,买盘
1998,09:30:06,17.75,0.01,173,307075,买盘
1999,09:30:01,17.74,-0.02,41,72734,卖盘
2000,09:28:52,17.76,--,0,0,买盘
2001,09:25:04,17.76,17.76,290,515040,买盘
