,time,price,change,volume,amount,type
0,15:00:00,13.13,--,0,0,卖盘
1,15:00:00,13.13,--,0,0,卖盘
2,14:59:59,13.13,0.01,33,43329,买盘
3,14:59:54,13.12,0.02,173,226976,买盘
4,14:59:49,13.1,-0.03,197,258070,卖盘
5,14:59:45,13.13,0.01,24,31512,买盘
6,14:59:39,13.12,-0.01,64,83968,卖盘
7,14:59:34,13.13,--,23,30199,买盘
8,14:59:29,13.13,--,31,40703,买盘
9,14:59:24,13.13,--,25,32825,买盘
10,14:59:19,13.13,--,31,40703,卖盘
11,14:59:14,13.13,--,3,3939,卖盘
12,14:59:09,13.13,-0.01,778,1021514,卖盘
13,14:59:04,13.14,--,56,73584,买盘
14,14:58:59,13.14,0.01,33,43362,买盘
15,14:58:54,13.13,--,131,172003,卖盘
16,14:58:44,13.13,--,19,24947,卖盘
17,14:58:38,13.13,0.01,18,23634,买盘
18,14:58:34,13.12,-0.01,30,39360,卖盘
19,14:58:29,13.13,--,19,24947,卖盘
20,14:58:24,13.13,--,13,17069,买盘
21,14:58:19,13.13,--,5,6565,买盘
22,14:58:14,13.13,-0.01,17,22321,卖盘
23,14:58:09,13.14,--,87,114318,卖盘
24,14:58:04,13.14,--,100,131400,卖盘
25,14:57:59,13.14,0.01,71,93294,买盘
26,14:57:53,13.13,--,58,76154,卖盘
27,14:57:49,13.13,-0.01,48,63024,卖盘
28,14:57:44,13.14,--,85,111690,买盘
29,14:57:39,13.14,0.01,53,69642,买盘
30,14:57:34,13.13,-0.01,52,68276,卖盘
31,14:57:24,13.14,--,19,24966,买盘
32,14:57:14,13.14,--,52,68328,买盘
33,14:57:09,13.14,--,124,162936,卖盘
34,14:57:04,13.14,--,17,22338,卖盘
35,14:56:58,13.14,--,37,48618,卖盘
36,14:56:54,13.14,--,43,56502,卖盘
37,14:56:49,13.14,-0.01,64,84096,卖盘
38,14:56:43,13.15,0.01,3,3945,买盘
39,14:56:34,13.14,-0.01,99,130086,卖盘
40,14:56:29,13.15,0.01,50,65750,买盘
41,14:56:24,13.14,--,229,300906,买盘
42,14:56:18,13.14,--,114,149796,买盘
43,14:56:14,13.14,0.01,5,6570,买盘
44,14:56:09,13.13,-0.01,186,244218,卖盘
45,14:56:02,13.14,--,208,273312,买盘
46,14:55:59,13.14,--,30,39420,中性盘
47,14:55:54,13.14,0.01,4,5256,中性盘
48,14:55:48,13.13,-0.02,50,65650,卖盘
49,14:55:44,13.15,0.02,12,15780,买盘
50,14:55:38,13.13,-0.02,593,778609,卖盘
51,14:55:32,13.15,0.01,84,110460,买盘
52,14:55:28,13.14,--,18,23652,买盘
53,14:55:24,13.14,--,81,106434,买盘
54,14:55:18,13.14,--,152,199728,卖盘
55,14:55:14,13.14,-0.01,1,1314,卖盘
56,14:55:08,13.15,0.01,80,105200,买盘
57,14:55:02,13.14,--,10,13140,卖盘
58,14:54:53,13.14,0.01,85,111690,买盘
59,14:54:38,13.13,-0.01,139,182507,买盘
60,14:54:32,13.14,0.01,65,85410,买盘
61,14:54:28,13.13,--,204,267852,买盘
62,14:54:23,13.13,--,19,24947,卖盘
63,14:54:17,13.13,--,46,60398,买盘
64,14:54:13,13.13,--,28,36764,买盘
65,14:54:08,13.13,0.01,85,111605,买盘
66,14:54:02,13.12,-0.01,11,14432,卖盘
67,14:53:53,13.13,--,5,6565,买盘
68,14:53:48,13.13,--,12,15756,卖盘
69,14:53:44,13.13,--,8,10504,买盘
70,14:53:33,13.13,--,14,18382,买盘
71,14:53:29,13.13,0.02,180,236340,买盘
72,14:53:23,13.11,--,80,104880,卖盘
73,14:53:18,13.11,--,1,1311,卖盘
74,14:53:13,13.11,--,20,26220,卖盘
75,14:53:08,13.11,-0.01,27,35397,卖盘
76,14:53:03,13.12,0.01,20,26240,买盘
77,14:52:43,13.11,-0.01,97,127167,卖盘
78,14:52:38,13.12,-0.01,18,23616,卖盘
79,14:52:33,13.13,0.01,8,10504,买盘
80,14:52:23,13.12,--,8,10496,卖盘
81,14:52:13,13.12,--,20,26240,卖盘
82,14:52:08,13.12,--,25,32800,卖盘
83,14:52:03,13.12,--,50,65600,卖盘
84,14:51:53,13.12,--,15,19680,卖盘
85,14:51:48,13.12,--,15,19680,卖盘
86,14:51:38,13.12,--,4,5248,卖盘
87,14:51:33,13.12,--,10,13120,卖盘
88,14:51:18,13.12,-0.01,45,59040,卖盘
89,14:51:13,13.13,0.01,100,131300,买盘
90,14:51:08,13.12,--,8,10496,卖盘
91,14:51:03,13.12,-0.01,8,10496,卖盘
92,14:50:58,13.13,0.01,2,2626,买盘
93,14:50:48,13.12,-0.02,115,150880,卖盘
94,14:50:43,13.14,--,10,13140,买盘
95,14:50:38,13.14,--,265,348210,买盘
96,14:50:33,13.14,0.01,13,17082,买盘
97,14:50:28,13.13,-0.01,1,1313,卖盘
98,14:50:23,13.14,0.01,11,14454,买盘
99,14:50:13,13.13,-0.01,10,13130,卖盘
100,14:50:07,13.14,0.01,4,5256,买盘
101,14:49:56,13.13,--,12,15756,卖盘
102,14:49:52,13.13,-0.01,46,60398,卖盘
103,14:49:42,13.14,0.01,62,81468,买盘
104,14:49:37,13.13,--,8,10504,卖盘
105,14:49:33,13.13,--,2,2626,卖盘
106,14:49:22,13.13,--,2,2626,卖盘
107,14:49:17,13.13,--,20,26260,卖盘
108,14:49:12,13.13,--,0,0,卖盘
109,14:49:07,13.13,-0.01,55,72215,卖盘
110,14:49:03,13.14,--,87,114318,买盘
111,14:48:57,13.14,--,28,36792,买盘
112,14:48:52,13.14,-0.01,2,2628,买盘
113,14:48:42,13.15,0.01,166,218290,买盘
114,14:48:37,13.14,--,7,9198,买盘
115,14:48:32,13.14,--,1,1314,买盘
116,14:48:27,13.14,0.01,18,23652,买盘
117,14:48:17,13.13,-0.01,37,48581,卖盘
118,14:48:02,13.14,0.01,10,13140,买盘
119,14:47:57,13.13,-0.01,21,27573,卖盘
120,14:47:47,13.14,0.01,17,22338,买盘
121,14:47:42,13.13,--,9,11817,买盘
122,14:47:37,13.13,-0.01,1,1313,卖盘
123,14:47:32,13.14,0.01,80,105120,买盘
124,14:47:26,13.13,--,52,68276,卖盘
125,14:47:17,13.13,--,41,53833,卖盘
126,14:47:11,13.13,--,58,76154,买盘
127,14:46:56,13.13,-0.01,62,81406,卖盘
128,14:46:47,13.14,0.01,10,13140,卖盘
129,14:46:42,13.13,--,3,3939,卖盘
130,14:46:37,13.13,-0.01,77,101101,卖盘
131,14:46:32,13.14,--,66,86724,买盘
132,14:46:12,13.14,-0.01,46,60444,卖盘
133,14:46:02,13.15,0.01,15,19725,买盘
134,14:45:57,13.14,--,7,9198,卖盘
135,14:45:41,13.14,--,20,26280,卖盘
136,14:45:32,13.14,--,67,88038,买盘
137,14:45:27,13.14,0.01,24,31536,买盘
138,14:45:17,13.13,-0.01,10,13130,卖盘
139,14:45:02,13.14,--,13,17082,买盘
140,14:44:57,13.14,--,93,122202,买盘
141,14:44:52,13.14,-0.01,47,61758,卖盘
142,14:44:47,13.15,--,56,73640,买盘
143,14:44:41,13.15,--,49,64435,卖盘
144,14:44:32,13.15,0.01,44,57860,买盘
145,14:44:11,13.14,0.01,105,137970,买盘
146,14:43:52,13.13,--,10,13130,买盘
147,14:43:47,13.13,-0.01,315,413595,卖盘
148,14:43:32,13.14,-0.01,1,1314,卖盘
149,14:43:17,13.15,0.02,30,39450,买盘
150,14:43:12,13.13,-0.02,17,22321,卖盘
151,14:43:06,13.15,--,1,1315,买盘
152,14:43:01,13.15,--,7,9205,买盘
153,14:42:56,13.15,--,34,44710,卖盘
154,14:42:46,13.15,0.02,22,28930,买盘
155,14:42:42,13.13,0.01,43,56459,卖盘
156,14:42:21,13.12,--,20,26240,买盘
157,14:42:06,13.12,--,22,28864,买盘
158,14:42:01,13.12,0.01,25,32800,买盘
159,14:41:56,13.11,-0.01,5,6555,卖盘
160,14:41:51,13.12,0.01,70,91840,中性盘
161,14:41:46,13.11,--,1,1311,买盘
162,14:41:41,13.11,-0.01,39,51129,卖盘
163,14:41:36,13.12,--,6,7871,买盘
164,14:41:26,13.12,-0.02,61,80032,卖盘
165,14:41:20,13.14,-0.01,3,3942,卖盘
166,14:41:11,13.15,--,17,22355,买盘
167,14:41:05,13.15,--,10,13150,卖盘
168,14:41:01,13.15,-0.01,27,35505,卖盘
169,14:40:46,13.16,--,0,0,中性盘
170,14:40:41,13.16,0.01,1,1316,卖盘
171,14:40:36,13.15,-0.01,322,423430,卖盘
172,14:40:26,13.16,--,38,50008,买盘
173,14:40:16,13.16,--,20,26320,买盘
174,14:40:11,13.16,-0.02,40,52640,卖盘
175,14:40:06,13.18,0.01,9,11862,买盘
176,14:40:01,13.17,--,35,46095,卖盘
177,14:39:51,13.17,0.01,31,40827,买盘
178,14:39:46,13.16,--,83,109228,卖盘
179,14:39:41,13.16,-0.01,2,2632,卖盘
180,14:39:36,13.17,--,0,0,中性盘
181,14:39:26,13.17,--,33,43461,卖盘
182,14:39:21,13.17,--,16,21072,卖盘
183,14:39:16,13.17,-0.01,3,3951,卖盘
184,14:39:10,13.18,0.01,8,10544,买盘
185,14:39:06,13.17,--,21,27657,买盘
186,14:39:01,13.17,--,5,6585,买盘
187,14:38:56,13.17,0.01,242,318714,买盘
188,14:38:51,13.16,--,141,185556,卖盘
189,14:38:40,13.16,--,2,2632,卖盘
190,14:38:36,13.16,-0.01,10,13160,买盘
191,14:38:31,13.17,--,0,0,买盘
192,14:38:26,13.17,0.01,180,237060,买盘
193,14:38:21,13.16,--,145,190820,卖盘
194,14:38:11,13.16,--,87,114492,卖盘
195,14:38:06,13.16,0.01,31,41454,买盘
196,14:38:01,13.15,--,5,6575,卖盘
197,14:37:55,13.15,-0.01,99,130185,卖盘
198,14:37:51,13.16,0.01,71,93436,买盘
199,14:37:46,13.15,--,5,6575,卖盘
200,14:37:40,13.15,--,50,65750,卖盘
201,14:37:31,13.15,--,145,190675,买盘
202,14:37:26,13.15,0.01,58,76270,买盘
203,14:37:20,13.14,-0.01,6,7884,卖盘
204,14:37:16,13.15,--,1,1315,买盘
205,14:37:11,13.15,--,25,32875,买盘
206,14:37:06,13.15,--,11,14465,买盘
207,14:37:01,13.15,--,10,13150,买盘
208,14:36:55,13.15,--,2,2630,买盘
209,14:36:51,13.15,--,40,52600,买盘
210,14:36:45,13.15,--,222,291930,买盘
211,14:36:41,13.15,0.01,1,1315,买盘
212,14:36:36,13.14,-0.01,3,3942,卖盘
213,14:36:31,13.15,0.01,18,23670,买盘
214,14:36:26,13.14,--,120,157680,卖盘
215,14:36:15,13.14,--,6,7884,卖盘
216,14:36:05,13.14,--,6,7884,买盘
217,14:35:59,13.14,--,15,19710,买盘
218,14:35:50,13.14,--,38,49932,买盘
219,14:35:45,13.14,0.01,28,36792,买盘
220,14:35:40,13.13,0.01,29,38077,买盘
221,14:35:35,13.12,--,19,24928,买盘
222,14:35:25,13.12,--,20,26240,买盘
223,14:35:14,13.12,-0.02,6,7871,卖盘
224,14:35:05,13.14,0.01,71,93294,买盘
225,14:35:00,13.13,0.01,6,7878,买盘
226,14:34:55,13.12,--,163,213856,买盘
227,14:34:45,13.12,--,10,13120,买盘
228,14:34:40,13.12,-0.01,76,99712,卖盘
229,14:34:29,13.13,0.01,34,44642,买盘
230,14:34:25,13.12,--,18,23616,卖盘
231,14:34:14,13.12,--,14,18368,卖盘
232,14:34:10,13.12,--,1,1312,卖盘
233,14:34:05,13.12,--,12,15743,买盘
234,14:33:59,13.12,--,21,27552,买盘
235,14:33:50,13.12,--,74,97088,卖盘
236,14:33:40,13.12,--,10,13120,卖盘
237,14:33:35,13.12,--,16,20992,买盘
238,14:33:29,13.12,-0.01,25,32800,买盘
239,14:33:20,13.13,0.02,60,78780,买盘
240,14:33:10,13.11,0.01,20,26220,买盘
241,14:32:59,13.1,--,0,0,卖盘
242,14:32:55,13.1,-0.01,57,74670,卖盘
243,14:32:49,13.11,--,8,10488,买盘
244,14:32:45,13.11,--,6,7866,买盘
245,14:32:40,13.11,0.01,10,13110,买盘
246,14:32:35,13.1,-0.01,200,262000,卖盘
247,14:32:29,13.11,--,1,1311,卖盘
248,14:32:25,13.11,0.01,21,27531,卖盘
249,14:32:15,13.1,--,44,57640,买盘
250,14:32:10,13.1,-0.03,61,79910,卖盘
251,14:32:05,13.13,0.03,15,19695,中性盘
252,14:31:59,13.1,-0.05,100,131000,卖盘
253,14:31:50,13.15,0.03,22,28930,买盘
254,14:31:45,13.12,-0.01,234,307008,卖盘
255,14:31:40,13.13,--,1,1313,买盘
256,14:31:29,13.13,--,3,3939,卖盘
257,14:31:25,13.13,--,15,19695,卖盘
258,14:31:19,13.13,--,3,3939,卖盘
259,14:31:05,13.13,-0.02,45,59085,卖盘
260,14:30:59,13.15,--,0,0,买盘
261,14:30:55,13.15,0.02,26,34190,买盘
262,14:30:44,13.13,-0.01,11,14443,卖盘
263,14:30:34,13.14,0.01,1,1314,买盘
264,14:30:20,13.13,--,23,30199,卖盘
265,14:30:14,13.13,--,1,1313,卖盘
266,14:30:09,13.13,--,0,0,卖盘
267,14:30:00,13.13,--,19,24947,卖盘
268,14:29:49,13.13,--,0,0,卖盘
269,14:29:45,13.13,--,13,17069,卖盘
270,14:29:24,13.13,--,27,35451,卖盘
271,14:29:19,13.13,-0.02,711,933543,卖盘
272,14:29:14,13.15,0.02,11,14465,买盘
273,14:29:05,13.13,0.01,25,32825,中性盘
274,14:28:59,13.12,--,5,6560,卖盘
275,14:28:55,13.12,--,12,15743,卖盘
276,14:28:50,13.12,-0.01,34,44608,卖盘
277,14:28:39,13.13,0.01,22,28886,买盘
278,14:28:34,13.12,-0.03,6,7871,卖盘
279,14:28:29,13.15,--,153,201195,卖盘
280,14:28:24,13.15,--,53,69695,卖盘
281,14:28:19,13.15,--,4,5260,卖盘
282,14:28:14,13.15,--,48,63120,卖盘
283,14:28:09,13.15,--,24,31560,卖盘
284,14:27:59,13.15,-0.01,6,7890,卖盘
285,14:27:54,13.16,--,52,68432,买盘
286,14:27:49,13.16,0.01,34,44744,买盘
287,14:27:44,13.15,--,76,99940,卖盘
288,14:27:39,13.15,-0.01,38,49970,卖盘
289,14:27:34,13.16,--,8,10528,买盘
290,14:27:29,13.16,--,1,1316,买盘
291,14:27:24,13.16,--,100,131600,买盘
292,14:27:19,13.16,0.01,15,19740,买盘
293,14:27:14,13.15,-0.01,20,26300,卖盘
294,14:27:09,13.16,--,76,100016,买盘
295,14:27:04,13.16,0.01,5,6580,买盘
296,14:26:59,13.15,--,73,95995,卖盘
297,14:26:53,13.15,--,34,44710,卖盘
298,14:26:49,13.15,--,33,43395,卖盘
299,14:26:44,13.15,--,148,194620,买盘
300,14:26:38,13.15,--,0,0,买盘
301,14:26:34,13.15,0.04,123,161745,买盘
302,14:26:19,13.11,0.01,12,15732,中性盘
303,14:26:14,13.1,-0.05,53,69430,卖盘
304,14:25:53,13.15,0.08,6,7890,买盘
305,14:25:44,13.07,--,0,0,卖盘
306,14:25:38,13.07,--,0,0,卖盘
307,14:25:34,13.07,-0.01,100,130700,卖盘
308,14:25:24,13.08,-0.08,1,1308,卖盘
309,14:25:19,13.16,0.11,3,3948,买盘
310,14:25:13,13.05,--,0,0,卖盘
311,14:25:08,13.05,-0.12,200,261000,卖盘
312,14:24:58,13.17,--,0,0,买盘
313,14:24:53,13.17,-0.01,2,2634,卖盘
314,14:24:49,13.18,--,17,22406,买盘
315,14:24:43,13.18,0.01,29,38222,买盘
316,14:24:39,13.17,--,5,6585,买盘
317,14:24:34,13.17,-0.01,3,3951,买盘
318,14:24:28,13.18,--,435,573330,卖盘
319,14:24:23,13.18,0.02,168,221727,买盘
320,14:24:13,13.16,-0.02,826,1087016,卖盘
321,14:24:08,13.18,--,28,36904,买盘
322,14:24:04,13.18,0.01,10,13180,买盘
323,14:23:58,13.17,-0.01,63,83985,卖盘
324,14:23:54,13.18,0.01,100,132103,买盘
325,14:23:49,13.17,--,60,79020,买盘
326,14:23:43,13.17,-0.01,9,11853,卖盘
327,14:23:39,13.18,0.02,200,263600,买盘
328,14:23:29,13.16,--,123,161868,买盘
329,14:23:23,13.16,0.01,23,30268,买盘
330,14:23:19,13.15,-0.01,10,13150,卖盘
331,14:23:13,13.16,--,21,27636,买盘
332,14:23:09,13.16,--,60,78960,买盘
333,14:22:58,13.16,0.01,5,6580,买盘
334,14:22:53,13.15,--,430,565450,买盘
335,14:22:49,13.15,--,9,11835,买盘
336,14:22:44,13.15,--,387,508905,卖盘
337,14:22:34,13.15,--,100,131500,卖盘
338,14:22:29,13.15,0.02,605,795575,买盘
339,14:22:18,13.13,0.01,5,6565,买盘
340,14:22:14,13.12,--,56,73472,卖盘
341,14:22:08,13.12,--,8,10496,卖盘
342,14:21:58,13.12,-0.01,7,9184,卖盘
343,14:21:53,13.13,-0.01,60,78780,买盘
344,14:21:49,13.14,--,0,0,买盘
345,14:21:43,13.14,--,75,98550,卖盘
346,14:21:38,13.14,-0.01,2,2628,卖盘
347,14:21:28,13.15,--,48,63120,卖盘
348,14:21:23,13.15,--,4,5260,卖盘
349,14:21:18,13.15,-0.02,12,15780,卖盘
350,14:21:13,13.17,0.02,167,219939,买盘
351,14:21:08,13.15,-0.01,7,9205,卖盘
352,14:21:04,13.16,--,35,46060,卖盘
353,14:20:58,13.16,0.01,5,6580,买盘
354,14:20:53,13.15,--,42,55230,卖盘
355,14:20:48,13.15,--,0,0,卖盘
356,14:20:43,13.15,--,37,48655,卖盘
357,14:20:38,13.15,--,156,205140,卖盘
358,14:20:33,13.15,-0.01,85,111775,卖盘
359,14:20:28,13.16,0.01,1,1316,买盘
360,14:20:23,13.15,-0.01,2,2630,中性盘
361,14:20:18,13.16,0.01,100,131600,买盘
362,14:20:13,13.15,0.01,33,43395,买盘
363,14:20:08,13.14,--,50,65700,卖盘
364,14:20:03,13.14,--,8,10512,卖盘
365,14:19:58,13.14,-0.01,8,10512,卖盘
366,14:19:53,13.15,0.02,56,73640,买盘
367,14:19:48,13.13,-0.01,45,59085,卖盘
368,14:19:38,13.14,0.01,10,13140,买盘
369,14:19:33,13.13,-0.01,2,2626,卖盘
370,14:19:23,13.14,0.01,10,13140,买盘
371,14:19:17,13.13,0.01,50,65650,买盘
372,14:19:13,13.12,--,10,13120,卖盘
373,14:19:07,13.12,--,15,19680,卖盘
374,14:18:58,13.12,--,5,6560,卖盘
375,14:18:47,13.12,0.01,11,14432,买盘
376,14:18:38,13.11,-0.01,2,2622,中性盘
377,14:18:33,13.12,0.02,103,135136,买盘
378,14:18:22,13.1,-0.01,26,34060,卖盘
379,14:18:17,13.11,0.01,2,2622,买盘
380,14:18:13,13.1,-0.01,91,119210,卖盘
381,14:18:08,13.11,0.01,10,13110,买盘
382,14:18:02,13.1,--,107,140170,买盘
383,14:17:57,13.1,--,7,9170,买盘
384,14:17:52,13.1,--,401,525310,买盘
385,14:17:48,13.1,0.02,1,1310,买盘
386,14:17:43,13.08,-0.02,5,6540,卖盘
387,14:17:32,13.1,0.03,70,91700,买盘
388,14:17:27,13.07,--,0,0,卖盘
389,14:17:13,13.07,-0.01,2,2614,卖盘
390,14:17:07,13.08,--,31,40548,买盘
391,14:17:02,13.08,0.03,70,91560,买盘
392,14:16:37,13.05,0.02,99,129195,买盘
393,14:16:33,13.03,--,3,3909,卖盘
394,14:15:52,13.03,0.02,56,72968,买盘
395,14:15:47,13.01,-0.01,9,11709,卖盘
396,14:15:42,13.02,--,0,0,中性盘
397,14:15:37,13.02,--,0,0,买盘
398,14:15:32,13.02,--,49,63798,买盘
399,14:15:22,13.02,-0.01,10,13020,买盘
400,14:15:17,13.03,0.01,5,6515,买盘
401,14:15:12,13.02,-0.01,10,13020,卖盘
402,14:15:02,13.03,--,2,2606,买盘
403,14:14:57,13.03,--,10,13030,买盘
404,14:14:52,13.03,-0.02,4,5212,卖盘
405,14:14:47,13.05,--,1,1305,买盘
406,14:14:42,13.05,0.02,1,1305,买盘
407,14:14:32,13.03,-0.02,51,66453,卖盘
408,14:14:27,13.05,0.02,13,16965,买盘
409,14:14:17,13.03,--,46,59938,买盘
410,14:14:02,13.03,0.02,10,13030,买盘
411,14:13:52,13.01,0.01,35,45860,买盘
412,14:13:47,13.0,-0.01,120,156000,卖盘
413,14:13:37,13.01,--,45,58545,买盘
414,14:13:32,13.01,0.01,44,57244,买盘
415,14:13:27,13.0,-0.01,7,9100,卖盘
416,14:13:22,13.01,--,12,15612,买盘
417,14:13:17,13.01,--,12,15612,买盘
418,14:13:12,13.01,--,49,63749,买盘
419,14:13:07,13.01,0.01,25,32525,买盘
420,14:12:47,13.0,0.01,120,156000,买盘
421,14:12:41,12.99,-0.01,29,37671,卖盘
422,14:12:31,13.0,0.01,32,41600,买盘
423,14:12:22,12.99,-0.01,66,85734,卖盘
424,14:12:11,13.0,0.01,5,6500,买盘
425,14:12:02,12.99,--,20,25980,卖盘
426,14:11:56,12.99,--,11,14289,卖盘
427,14:11:51,12.99,-0.01,1,1299,卖盘
428,14:11:46,13.0,--,203,263900,买盘
429,14:11:41,13.0,--,13,16900,买盘
430,14:11:25,13.0,0.01,13,16900,买盘
431,14:11:22,12.99,-0.01,21,27279,卖盘
432,14:11:15,13.0,--,31,40300,买盘
433,14:11:11,13.0,--,5,6500,买盘
434,14:11:07,13.0,--,10,13000,买盘
435,14:10:56,13.0,--,11,14300,卖盘
436,14:10:42,13.0,--,89,115700,买盘
437,14:10:37,13.0,--,20,26000,买盘
438,14:10:31,13.0,--,13,16900,买盘
439,14:10:27,13.0,0.01,12,15600,买盘
440,14:10:22,12.99,-0.01,37,48063,卖盘
441,14:09:31,13.0,--,2,2600,买盘
442,14:09:26,13.0,0.01,1,1300,买盘
443,14:09:21,12.99,-0.01,16,20784,卖盘
444,14:09:11,13.0,--,1,1300,买盘
445,14:09:06,13.0,--,38,49400,买盘
446,14:09:01,13.0,--,108,140400,卖盘
447,14:08:57,13.0,-0.01,20,26000,卖盘
448,14:08:52,13.01,--,111,145386,卖盘
449,14:08:41,13.01,-0.01,18,23418,卖盘
450,14:08:36,13.02,--,1,1302,买盘
451,14:08:31,13.02,0.01,12,15624,买盘
452,14:08:11,13.01,-0.01,4,5529,卖盘
453,14:07:56,13.02,0.01,3,3906,买盘
454,14:07:46,13.01,--,3,3903,卖盘
455,14:07:31,13.01,-0.01,12,15612,卖盘
456,14:07:16,13.02,--,42,54684,买盘
457,14:06:56,13.02,--,6,7812,买盘
458,14:06:46,13.02,--,9,11718,买盘
459,14:06:41,13.02,0.01,4,5208,买盘
460,14:06:26,13.01,-0.02,55,71555,卖盘
461,14:06:15,13.03,--,0,0,买盘
462,14:06:01,13.03,0.02,25,32575,买盘
463,14:05:56,13.01,-0.01,8,10408,卖盘
464,14:05:36,13.02,--,10,13020,买盘
465,14:05:26,13.02,-0.01,37,48174,卖盘
466,14:05:11,13.03,--,4,5212,卖盘
467,14:05:05,13.03,-0.01,8,10424,卖盘
468,14:04:45,13.04,--,3,3911,买盘
469,14:04:35,13.04,0.01,5,6520,买盘
470,14:04:16,13.03,--,10,13030,卖盘
471,14:03:50,13.03,0.01,1,1303,买盘
472,14:03:36,13.02,-0.01,5,6510,卖盘
473,14:03:20,13.03,0.01,6,7818,买盘
474,14:03:16,13.02,--,0,0,卖盘
475,14:03:10,13.02,-0.02,27,35154,卖盘
476,14:03:05,13.04,0.01,18,23472,买盘
477,14:02:55,13.03,-0.01,133,173299,卖盘
478,14:02:50,13.04,--,6,7823,买盘
479,14:02:45,13.04,--,10,13040,买盘
480,14:02:40,13.04,--,40,52160,买盘
481,14:02:36,13.04,--,50,65199,买盘
482,14:02:25,13.04,--,5,6520,买盘
483,14:02:21,13.04,--,8,10432,买盘
484,14:02:15,13.04,--,10,13040,买盘
485,14:02:06,13.04,--,13,16952,买盘
486,14:01:55,13.04,--,10,13040,买盘
487,14:01:50,13.04,-0.01,115,149960,卖盘
488,14:01:39,13.05,--,25,32625,买盘
489,14:01:35,13.05,--,5,6525,买盘
490,14:01:30,13.05,--,17,22185,买盘
491,14:01:25,13.05,--,91,118755,买盘
492,14:01:20,13.05,--,1,1305,买盘
493,14:01:15,13.05,0.01,18,23490,买盘
494,14:01:05,13.04,0.02,22,28687,买盘
495,14:00:55,13.02,--,0,0,卖盘
496,14:00:50,13.02,--,14,18228,卖盘
497,14:00:45,13.02,--,12,15624,卖盘
498,14:00:39,13.02,--,171,222642,买盘
499,14:00:35,13.02,--,10,13020,买盘
500,14:00:25,13.02,--,27,35154,买盘
501,14:00:20,13.02,--,30,39060,买盘
502,14:00:15,13.02,--,138,179676,买盘
503,14:00:10,13.02,--,2,2604,买盘
504,14:00:00,13.02,--,16,20832,买盘
505,13:59:55,13.02,--,3,3906,买盘
506,13:59:50,13.02,--,10,13020,买盘
507,13:59:40,13.02,-0.01,116,151032,卖盘
508,13:59:30,13.03,--,34,44302,买盘
509,13:59:25,13.03,0.01,8,10424,买盘
510,13:59:20,13.02,-0.01,30,39060,卖盘
511,13:59:05,13.03,0.01,1,1303,买盘
512,13:59:00,13.02,-0.01,13,16926,卖盘
513,13:58:55,13.03,--,19,24757,买盘
514,13:58:50,13.03,-0.02,17,22151,卖盘
515,13:58:40,13.05,--,0,0,买盘
516,13:58:10,13.05,--,0,0,买盘
517,13:58:05,13.05,0.02,105,137025,买盘
518,13:57:55,13.03,--,5,6515,买盘
519,13:57:45,13.03,--,3,3909,买盘
520,13:57:40,13.03,0.02,59,76877,买盘
521,13:57:35,13.01,--,0,0,卖盘
522,13:57:10,13.01,0.01,14,18214,买盘
523,13:56:49,13.0,--,3,3900,买盘
524,13:56:29,13.0,--,2,2600,买盘
525,13:56:19,13.0,0.01,81,105300,买盘
526,13:56:14,12.99,-0.01,7,9093,卖盘
527,13:56:04,13.0,--,1,1300,买盘
528,13:55:49,13.0,0.01,20,26000,买盘
529,13:55:40,12.99,-0.01,7,9093,卖盘
530,13:55:34,13.0,--,5,6500,买盘
531,13:55:04,13.0,--,13,16900,买盘
532,13:54:59,13.0,-0.02,159,206700,卖盘
533,13:54:54,13.02,-0.01,6,7812,卖盘
534,13:54:48,13.03,0.01,5,6515,买盘
535,13:54:34,13.02,0.01,48,62496,买盘
536,13:54:19,13.01,--,18,23418,卖盘
537,13:54:14,13.01,--,0,0,卖盘
538,13:53:59,13.01,--,5,6505,卖盘
539,13:53:54,13.01,--,23,29923,买盘
540,13:53:44,13.01,0.01,11,14311,买盘
541,13:53:34,13.0,-0.01,113,146900,卖盘
542,13:53:29,13.01,--,10,13010,买盘
543,13:53:24,13.01,--,3,3903,买盘
544,13:53:19,13.01,0.01,10,13010,买盘
545,13:53:14,13.0,-0.01,13,16900,卖盘
546,13:53:03,13.01,0.01,98,127498,买盘
547,13:52:59,13.0,-0.01,117,152100,卖盘
548,13:52:54,13.01,--,11,14311,买盘
549,13:52:29,13.01,--,9,11709,买盘
550,13:52:24,13.01,0.01,3,3903,买盘
551,13:52:14,13.0,-0.01,175,227500,卖盘
552,13:52:09,13.01,-0.02,30,39030,卖盘
553,13:51:59,13.03,-0.02,25,32575,卖盘
554,13:51:44,13.05,--,10,13050,买盘
555,13:51:39,13.05,--,0,0,买盘
556,13:51:24,13.05,--,10,13050,买盘
557,13:51:04,13.05,--,11,14355,买盘
558,13:50:44,13.05,-0.01,22,28710,卖盘
559,13:50:29,13.06,0.01,33,43098,买盘
560,13:50:19,13.05,-0.01,10,13050,卖盘
561,13:49:58,13.06,0.01,37,48322,买盘
562,13:49:53,13.05,-0.01,28,36540,卖盘
563,13:49:43,13.06,0.01,59,77054,买盘
564,13:49:39,13.05,--,5,6525,卖盘
565,13:49:33,13.05,--,5,6525,卖盘
566,13:49:24,13.05,--,2,2610,卖盘
567,13:49:09,13.05,0.01,54,70470,买盘
568,13:49:04,13.04,-0.01,9,11736,中性盘
569,13:48:53,13.05,0.05,50,65250,买盘
570,13:48:49,13.0,-0.04,30,39000,卖盘
571,13:48:43,13.04,0.04,5,6520,买盘
572,13:48:38,13.0,--,45,58500,卖盘
573,13:48:33,13.0,--,125,162500,卖盘
574,13:47:58,13.0,--,29,37700,卖盘
575,13:47:38,13.0,--,21,27300,卖盘
576,13:47:23,13.0,--,0,0,卖盘
577,13:47:13,13.0,-0.05,4,5200,卖盘
578,13:47:09,13.05,0.05,1,1305,买盘
579,13:47:03,13.0,-0.05,20,26000,卖盘
580,13:46:58,13.05,-0.01,8,10440,卖盘
581,13:46:48,13.06,0.01,1,1306,买盘
582,13:46:38,13.05,0.04,53,69165,买盘
583,13:46:28,13.01,-0.03,53,68953,卖盘
584,13:46:23,13.04,-0.01,1,1304,买盘
585,13:46:18,13.05,--,22,28710,买盘
586,13:46:13,13.05,0.05,2,2610,买盘
587,13:46:08,13.0,-0.04,40,52000,卖盘
588,13:46:03,13.04,0.04,27,35208,买盘
589,13:45:53,13.0,-0.04,50,65000,卖盘
590,13:45:42,13.04,0.04,2,2608,买盘
591,13:45:27,13.0,--,102,132600,卖盘
592,13:45:22,13.0,--,11,14300,卖盘
593,13:45:18,13.0,--,5,6500,卖盘
594,13:45:13,13.0,0.01,8,10400,买盘
595,13:45:08,12.99,-0.01,162,210438,卖盘
596,13:45:03,13.0,0.01,86,111800,买盘
597,13:44:58,12.99,-0.01,21,27279,卖盘
598,13:44:53,13.0,--,66,85800,买盘
599,13:44:48,13.0,--,20,26000,买盘
600,13:44:43,13.0,--,54,70200,买盘
601,13:44:38,13.0,--,1,1300,买盘
602,13:44:28,13.0,--,100,130000,买盘
603,13:44:23,13.0,0.01,32,41600,买盘
604,13:44:13,12.99,0.01,8,10392,卖盘
605,13:43:48,12.98,--,0,0,卖盘
606,13:43:43,12.98,--,105,136290,卖盘
607,13:43:38,12.98,-0.02,4,5192,卖盘
608,13:43:28,13.0,0.02,154,200200,买盘
609,13:43:23,12.98,-0.02,52,67496,卖盘
610,13:43:12,13.0,0.02,19,24700,买盘
611,13:43:03,12.98,--,20,25960,卖盘
612,13:42:58,12.98,0.01,28,36344,买盘
613,13:42:53,12.97,--,0,0,卖盘
614,13:42:48,12.97,-0.01,1,1297,卖盘
615,13:42:43,12.98,--,15,19470,买盘
616,13:42:38,12.98,--,21,27258,买盘
617,13:42:28,12.98,--,7,9086,卖盘
618,13:42:22,12.98,--,40,51920,卖盘
619,13:42:13,12.98,--,1,1298,卖盘
620,13:42:07,12.98,--,17,22066,卖盘
621,13:42:03,12.98,--,10,12980,卖盘
622,13:41:58,12.98,-0.02,41,53218,卖盘
623,13:41:52,13.0,0.02,5,6500,买盘
624,13:41:48,12.98,--,10,12980,卖盘
625,13:41:43,12.98,--,13,16874,卖盘
626,13:41:37,12.98,-0.02,100,129800,卖盘
627,13:41:33,13.0,--,14,18200,买盘
628,13:41:22,13.0,--,40,52000,卖盘
629,13:41:18,13.0,-0.02,30,39000,卖盘
630,13:41:12,13.02,0.02,57,74214,买盘
631,13:41:06,13.0,--,10,13000,卖盘
632,13:41:03,13.0,--,13,16900,卖盘
633,13:40:58,13.0,--,10,13000,卖盘
634,13:40:52,13.0,-0.03,15,19500,卖盘
635,13:40:47,13.03,--,1,1303,买盘
636,13:40:43,13.03,0.03,33,42999,买盘
637,13:40:37,13.0,-0.03,888,1154400,卖盘
638,13:40:17,13.03,--,56,72968,卖盘
639,13:40:07,13.03,--,77,100331,卖盘
640,13:40:02,13.03,--,2,2606,卖盘
641,13:39:57,13.03,--,1,1303,卖盘
642,13:39:52,13.03,--,14,18242,卖盘
643,13:39:47,13.03,--,74,96422,卖盘
644,13:39:42,13.03,--,120,156360,卖盘
645,13:39:36,13.03,-0.01,5,6515,卖盘
646,13:39:21,13.04,--,7,9128,卖盘
647,13:39:17,13.04,-0.02,62,80848,卖盘
648,13:39:07,13.06,0.01,50,65300,买盘
649,13:39:02,13.05,--,6,7830,卖盘
650,13:38:52,13.05,-0.01,22,28710,卖盘
651,13:38:47,13.06,--,30,39180,买盘
652,13:38:37,13.06,--,10,13060,买盘
653,13:38:32,13.06,0.01,333,434898,买盘
654,13:38:27,13.05,-0.01,8,10440,卖盘
655,13:38:22,13.06,0.01,27,35262,买盘
656,13:38:17,13.05,--,3,3915,卖盘
657,13:38:06,13.05,-0.01,2,2610,卖盘
658,13:38:02,13.06,0.01,31,40486,买盘
659,13:37:47,13.05,--,4,5220,买盘
660,13:37:32,13.05,--,5,6525,买盘
661,13:37:21,13.05,--,3,3915,卖盘
662,13:37:02,13.05,--,3,3915,卖盘
663,13:36:57,13.05,0.01,9,11745,买盘
664,13:36:37,13.04,-0.04,425,554200,卖盘
665,13:36:32,13.08,-0.01,18,23544,卖盘
666,13:36:22,13.09,--,9,11781,买盘
667,13:36:17,13.09,0.01,6,7854,买盘
668,13:36:01,13.08,0.02,21,27468,买盘
669,13:35:57,13.06,-0.02,13,16978,卖盘
670,13:35:51,13.08,--,106,138648,买盘
671,13:35:41,13.08,0.04,7,9156,买盘
672,13:35:01,13.04,--,0,0,卖盘
673,13:34:57,13.04,0.01,2,2608,卖盘
674,13:34:45,13.03,--,0,0,卖盘
675,13:34:37,13.03,--,32,41696,卖盘
676,13:34:26,13.03,--,25,32575,卖盘
677,13:34:01,13.03,--,72,93816,卖盘
678,13:33:52,13.03,--,0,0,卖盘
679,13:33:46,13.03,-0.06,39,50817,卖盘
680,13:33:37,13.09,0.02,100,130900,买盘
681,13:33:22,13.07,--,23,30061,卖盘
682,13:33:16,13.07,-0.02,10,13070,卖盘
683,13:32:57,13.09,--,0,0,买盘
684,13:32:46,13.09,0.02,200,261800,买盘
685,13:32:36,13.07,--,53,69271,买盘
686,13:32:26,13.07,0.06,5,6535,买盘
687,13:32:16,13.01,--,15,19515,卖盘
688,13:32:11,13.01,--,28,36428,买盘
689,13:32:00,13.01,0.01,10,13010,买盘
690,13:31:56,13.0,-0.01,13,16900,卖盘
691,13:31:46,13.01,-0.07,12,15612,卖盘
692,13:31:31,13.08,0.1,32,41856,买盘
693,13:31:26,12.98,-0.02,27,35046,卖盘
694,13:31:21,13.0,--,9,11700,买盘
695,13:31:16,13.0,0.02,11,14300,买盘
696,13:31:01,12.98,-0.02,131,170038,卖盘
697,13:30:56,13.0,0.04,1,1300,买盘
698,13:30:51,12.96,--,16,20736,买盘
699,13:30:46,12.96,--,9,11664,买盘
700,13:30:41,12.96,-0.02,79,102384,卖盘
701,13:30:36,12.98,-0.02,1,1298,卖盘
702,13:30:31,13.0,--,21,27300,买盘
703,13:30:21,13.0,--,12,15600,买盘
704,13:30:16,13.0,0.02,21,27300,买盘
705,13:30:11,12.98,-0.03,516,669768,卖盘
706,13:30:01,13.01,0.01,19,24719,买盘
707,13:29:56,13.0,-0.01,13,16900,卖盘
708,13:29:51,13.01,--,6,7806,卖盘
709,13:29:46,13.01,--,58,75458,卖盘
710,13:29:41,13.01,0.01,50,65050,中性盘
711,13:29:36,13.0,-0.06,200,260000,卖盘
712,13:29:26,13.06,--,3,3918,买盘
713,13:29:21,13.06,0.05,1,1306,买盘
714,13:29:16,13.01,-0.05,42,54642,卖盘
715,13:28:56,13.06,--,18,23508,卖盘
716,13:28:45,13.06,--,0,0,卖盘
717,13:28:41,13.06,-0.02,9,11754,卖盘
718,13:28:36,13.08,--,1,1308,卖盘
719,13:28:26,13.08,-0.01,3,3924,卖盘
720,13:28:11,13.09,--,40,52360,卖盘
721,13:28:01,13.09,--,10,13090,卖盘
722,13:27:56,13.09,--,17,22253,卖盘
723,13:27:51,13.09,0.04,33,43197,买盘
724,13:27:45,13.05,-0.04,400,522000,卖盘
725,13:27:40,13.09,--,10,13090,卖盘
726,13:27:25,13.09,-0.01,13,17017,卖盘
727,13:27:21,13.1,--,16,20960,卖盘
728,13:27:16,13.1,--,19,24890,卖盘
729,13:26:54,13.1,--,5,6550,卖盘
730,13:26:51,13.1,--,20,26200,卖盘
731,13:26:40,13.1,--,10,13100,卖盘
732,13:26:35,13.1,--,1,1310,卖盘
733,13:26:24,13.1,--,69,90390,卖盘
734,13:26:10,13.1,--,8,10480,卖盘
735,13:26:00,13.1,--,6,7860,卖盘
736,13:25:39,13.1,--,20,26200,卖盘
737,13:25:31,13.1,--,10,13100,卖盘
738,13:25:24,13.1,--,2,2620,卖盘
739,13:25:15,13.1,-0.01,1,1310,卖盘
740,13:24:55,13.11,--,1,1311,买盘
741,13:24:50,13.11,--,2,2622,买盘
742,13:24:40,13.11,--,5,6555,卖盘
743,13:24:30,13.11,0.01,25,32775,买盘
744,13:24:21,13.1,--,5,6550,卖盘
745,13:24:15,13.1,--,5,6550,卖盘
746,13:24:09,13.1,--,1,1310,卖盘
747,13:24:00,13.1,0.01,24,31440,卖盘
748,13:23:50,13.09,--,0,0,卖盘
749,13:23:45,13.09,-0.01,20,26180,卖盘
750,13:23:24,13.1,0.01,48,62880,卖盘
751,13:23:14,13.09,--,0,0,卖盘
752,13:23:09,13.09,--,0,0,卖盘
753,13:23:00,13.09,--,0,0,卖盘
754,13:22:54,13.09,-0.01,39,51051,卖盘
755,13:22:50,13.1,-0.01,3,3930,卖盘
756,13:22:35,13.11,0.02,26,34086,买盘
757,13:22:24,13.09,-0.01,100,130900,卖盘
758,13:22:14,13.1,--,5,6550,买盘
759,13:22:09,13.1,0.01,23,30130,买盘
760,13:22:05,13.09,--,4,5236,卖盘
761,13:22:00,13.09,--,16,20944,卖盘
762,13:21:50,13.09,--,9,11781,买盘
763,13:21:30,13.09,0.01,2,2618,买盘
764,13:21:24,13.08,--,23,30084,卖盘
765,13:21:20,13.08,--,55,71940,卖盘
766,13:21:14,13.08,-0.01,2,2616,卖盘
767,13:21:09,13.09,0.01,10,13090,中性盘
768,13:20:59,13.08,--,16,20928,卖盘
769,13:20:50,13.08,-0.03,144,188352,卖盘
770,13:20:39,13.11,--,192,251712,卖盘
771,13:20:35,13.11,-0.01,18,23598,卖盘
772,13:20:30,13.12,--,10,13120,卖盘
773,13:20:20,13.12,--,10,13120,卖盘
774,13:20:09,13.12,--,85,111520,卖盘
775,13:20:03,13.12,-0.03,120,157440,卖盘
776,13:19:55,13.15,0.01,59,77585,买盘
777,13:19:18,13.14,--,13,17082,卖盘
778,13:19:14,13.14,--,17,22338,卖盘
779,13:19:09,13.14,--,5,6570,卖盘
780,13:18:54,13.14,0.01,18,23652,买盘
781,13:18:49,13.13,-0.01,6,7878,卖盘
782,13:18:39,13.14,0.01,10,13140,买盘
783,13:18:24,13.13,--,4,5252,卖盘
784,13:18:10,13.13,--,0,0,卖盘
785,13:17:48,13.13,--,13,17069,卖盘
786,13:17:45,13.13,-0.03,1,1313,卖盘
787,13:17:33,13.16,--,50,65800,买盘
788,13:17:24,13.16,0.01,55,72380,买盘
789,13:17:14,13.15,0.02,1,1315,卖盘
790,13:17:09,13.13,-0.03,15,19695,卖盘
791,13:17:03,13.16,--,1,1316,卖盘
792,13:16:54,13.16,0.03,92,121072,买盘
793,13:16:33,13.13,0.01,27,35451,买盘
794,13:16:24,13.12,-0.01,18,23616,卖盘
795,13:15:53,13.13,-0.02,4,5252,卖盘
796,13:15:48,13.15,--,10,13150,卖盘
797,13:15:44,13.15,0.02,17,22355,买盘
798,13:15:33,13.13,-0.01,12,15756,卖盘
799,13:15:23,13.14,-0.02,5,6570,卖盘
800,13:15:09,13.16,--,0,0,买盘
801,13:15:03,13.16,0.02,56,73696,买盘
802,13:14:59,13.14,-0.02,10,13140,卖盘
803,13:14:53,13.16,--,10,13160,买盘
804,13:14:48,13.16,--,27,35532,卖盘
805,13:14:44,13.16,--,20,26320,卖盘
806,13:14:29,13.16,--,8,10528,卖盘
807,13:14:23,13.16,0.02,180,236880,买盘
808,13:14:18,13.14,-0.01,2,2628,中性盘
809,13:14:14,13.15,0.01,5,6575,买盘
810,13:14:03,13.14,--,6,7884,卖盘
811,13:13:59,13.14,-0.01,5,6570,卖盘
812,13:13:48,13.15,0.01,1,1315,买盘
813,13:13:34,13.14,-0.01,7,9198,卖盘
814,13:13:23,13.15,0.01,12,15780,买盘
815,13:13:17,13.14,--,10,13140,卖盘
816,13:13:04,13.14,-0.01,32,42048,卖盘
817,13:12:59,13.15,--,6,7890,买盘
818,13:12:53,13.15,--,34,44710,买盘
819,13:12:44,13.15,-0.01,15,19725,买盘
820,13:12:18,13.16,--,0,0,买盘
821,13:12:14,13.16,-0.02,55,72380,买盘
822,13:12:04,13.18,--,0,0,买盘
823,13:11:57,13.18,--,12,15816,买盘
824,13:11:53,13.18,--,3,4968,卖盘
825,13:11:49,13.18,--,20,26360,卖盘
826,13:11:42,13.18,0.01,76,100471,买盘
827,13:11:38,13.17,--,0,0,买盘
828,13:11:28,13.17,0.02,25,32925,买盘
829,13:11:18,13.15,0.02,28,36820,买盘
830,13:10:57,13.13,--,0,0,卖盘
831,13:10:42,13.13,-0.05,5,6565,卖盘
832,13:10:33,13.18,0.05,150,197700,买盘
833,13:10:12,13.13,--,7,9191,卖盘
834,13:10:08,13.13,--,13,17069,卖盘
835,13:10:03,13.13,0.01,102,133926,买盘
836,13:09:57,13.12,-0.01,3,3935,卖盘
837,13:09:54,13.13,0.01,13,17069,买盘
838,13:09:43,13.12,--,1,1312,卖盘
839,13:09:27,13.12,0.01,1,1312,买盘
840,13:09:12,13.11,0.01,5,6555,卖盘
841,13:08:57,13.1,--,0,0,卖盘
842,13:08:48,13.1,--,0,0,卖盘
843,13:08:38,13.1,--,4,5240,卖盘
844,13:08:28,13.1,--,10,13100,卖盘
845,13:08:18,13.1,0.02,63,82530,卖盘
846,13:08:12,13.08,--,0,0,卖盘
847,13:08:03,13.08,--,0,0,卖盘
848,13:07:57,13.08,-0.04,402,525816,卖盘
849,13:07:47,13.12,--,3,3935,卖盘
850,13:07:28,13.12,--,14,18368,买盘
851,13:07:17,13.12,--,0,0,买盘
852,13:07:08,13.12,0.01,29,38048,买盘
853,13:06:58,13.11,--,4,5244,卖盘
854,13:06:53,13.11,--,3,3933,卖盘
855,13:06:47,13.11,-0.03,16,20976,卖盘
856,13:06:43,13.14,-0.01,16,21024,买盘
857,13:06:27,13.15,--,0,0,买盘
858,13:06:17,13.15,0.05,50,65750,卖盘
859,13:06:11,13.1,-0.06,205,268550,卖盘
860,13:06:08,13.16,0.01,200,263200,买盘
861,13:05:53,13.15,--,5,6575,买盘
862,13:05:42,13.15,0.01,4,5260,买盘
863,13:05:27,13.14,--,50,65700,卖盘
864,13:05:23,13.14,-0.01,2,2628,卖盘
865,13:05:17,13.15,--,6,7890,买盘
866,13:05:12,13.15,0.01,2,2630,中性盘
867,13:05:07,13.14,-0.02,6,7884,卖盘
868,13:04:57,13.16,--,31,40796,买盘
869,13:04:53,13.16,0.02,10,13160,买盘
870,13:04:47,13.14,-0.01,212,278568,卖盘
871,13:04:42,13.15,--,3,3945,卖盘
872,13:04:22,13.15,--,5,6575,卖盘
873,13:04:12,13.15,0.01,4,5260,买盘
874,13:04:07,13.14,--,23,30222,卖盘
875,13:04:02,13.14,-0.01,5,6570,卖盘
876,13:03:57,13.15,--,0,0,中性盘
877,13:03:51,13.15,--,0,0,买盘
878,13:03:47,13.15,--,18,23670,买盘
879,13:03:42,13.15,--,87,114405,卖盘
880,13:03:37,13.15,--,6,7890,卖盘
881,13:03:32,13.15,--,2,2630,卖盘
882,13:03:21,13.15,--,11,14465,卖盘
883,13:03:17,13.15,--,2,2630,卖盘
884,13:03:02,13.15,--,10,13150,卖盘
885,13:02:58,13.15,-0.01,4,5260,卖盘
886,13:02:41,13.16,-0.01,176,231616,卖盘
887,13:02:33,13.17,-0.01,24,31608,卖盘
888,13:02:27,13.18,--,1,1318,买盘
889,13:02:21,13.18,--,25,32950,卖盘
890,13:02:12,13.18,--,34,44812,卖盘
891,13:02:06,13.18,-0.01,50,65900,卖盘
892,13:02:02,13.19,--,10,13190,买盘
893,13:01:51,13.19,--,42,55398,卖盘
894,13:01:42,13.19,--,12,15828,卖盘
895,13:01:36,13.19,-0.01,22,29018,卖盘
896,13:01:27,13.2,0.01,44,58080,买盘
897,13:01:21,13.19,-0.02,30,39570,卖盘
898,13:01:17,13.21,0.01,14,18494,买盘
899,13:01:11,13.2,0.01,5,6600,中性盘
900,13:01:07,13.19,-0.01,105,138495,卖盘
901,13:01:02,13.2,--,13,17160,卖盘
902,13:00:57,13.2,--,220,290400,卖盘
903,13:00:52,13.2,0.01,25,33000,买盘
904,13:00:47,13.19,-0.01,14,18466,卖盘
905,13:00:42,13.2,--,10,13200,买盘
906,13:00:37,13.2,--,127,167640,买盘
907,13:00:32,13.2,--,142,187440,买盘
908,13:00:27,13.2,0.01,5,6600,买盘
909,13:00:12,13.19,--,15,19785,卖盘
910,13:00:07,13.19,0.02,431,568489,买盘
911,13:00:02,13.17,--,26,34242,买盘
912,11:30:00,13.17,--,0,0,买盘
913,11:30:00,13.17,0.02,31,40827,买盘
914,11:29:58,13.15,-0.01,192,252480,卖盘
915,11:29:43,13.16,-0.01,47,61852,中性盘
916,11:29:38,13.17,0.02,10,13170,买盘
917,11:29:28,13.15,--,37,48655,买盘
918,11:29:23,13.15,--,126,165690,买盘
919,11:29:18,13.15,--,1,1315,买盘
920,11:29:13,13.15,--,68,89420,买盘
921,11:29:08,13.15,-0.02,102,134130,中性盘
922,11:29:03,13.17,0.02,220,289740,买盘
923,11:28:58,13.15,--,39,51285,买盘
924,11:28:53,13.15,-0.02,12,15780,卖盘
925,11:28:48,13.17,0.02,23,30291,买盘
926,11:28:43,13.15,--,23,30245,卖盘
927,11:28:37,13.15,--,37,48655,买盘
928,11:28:32,13.15,--,40,52600,买盘
929,11:28:27,13.15,--,99,130185,卖盘
930,11:28:22,13.15,--,2,2630,卖盘
931,11:28:17,13.15,--,40,52600,卖盘
932,11:28:12,13.15,--,5,6575,卖盘
933,11:28:07,13.15,--,88,115720,买盘
934,11:27:57,13.15,--,186,244590,买盘
935,11:27:52,13.15,--,30,39450,买盘
936,11:27:47,13.15,0.01,42,55230,买盘
937,11:27:37,13.14,--,9,11826,卖盘
938,11:27:32,13.14,0.01,35,45990,买盘
939,11:27:27,13.13,-0.01,5,6565,卖盘
940,11:27:22,13.14,0.01,20,26280,买盘
941,11:27:17,13.13,-0.01,14,18382,卖盘
942,11:27:06,13.14,0.01,11,14454,买盘
943,11:27:01,13.13,--,59,77467,卖盘
944,11:26:57,13.13,--,56,73528,卖盘
945,11:26:52,13.13,-0.01,1,1313,卖盘
946,11:26:47,13.14,0.01,41,53874,买盘
947,11:26:37,13.13,-0.01,21,27573,卖盘
948,11:26:31,13.14,0.01,91,119574,买盘
949,11:26:28,13.13,-0.01,34,44642,卖盘
950,11:26:22,13.14,--,46,60444,卖盘
951,11:26:16,13.14,--,108,141912,卖盘
952,11:26:07,13.14,-0.01,181,237834,卖盘
953,11:26:02,13.15,--,29,38135,买盘
954,11:25:57,13.15,0.01,1,1315,买盘
955,11:25:46,13.14,-0.01,109,143226,卖盘
956,11:25:42,13.15,--,0,0,卖盘
957,11:25:37,13.15,-0.01,17,22355,卖盘
958,11:25:31,13.16,--,22,28952,卖盘
959,11:25:27,13.16,--,6,7896,买盘
960,11:25:22,13.16,0.01,10,13160,买盘
961,11:25:16,13.15,-0.01,137,180155,中性盘
962,11:25:12,13.16,--,4,5264,买盘
963,11:25:07,13.16,0.02,101,132916,买盘
964,11:25:02,13.14,-0.02,21,27594,卖盘
965,11:24:57,13.16,--,20,26320,卖盘
966,11:24:52,13.16,-0.01,100,131600,卖盘
967,11:24:47,13.17,--,61,80337,卖盘
968,11:24:37,13.17,--,17,22389,卖盘
969,11:24:32,13.17,-0.02,33,43461,卖盘
970,11:24:27,13.19,--,106,139814,买盘
971,11:24:22,13.19,0.01,257,338983,中性盘
972,11:24:17,13.18,-0.02,111,146298,卖盘
973,11:24:12,13.2,--,12,15840,买盘
974,11:24:07,13.2,0.01,72,95040,买盘
975,11:24:02,13.19,-0.01,176,232144,卖盘
976,11:23:57,13.2,--,25,33000,买盘
977,11:23:52,13.2,0.01,127,167640,买盘
978,11:23:46,13.19,0.02,165,217635,买盘
979,11:23:42,13.17,--,73,96141,买盘
980,11:23:37,13.17,--,158,208086,卖盘
981,11:23:31,13.17,-0.02,118,155406,卖盘
982,11:23:27,13.19,0.01,5,6595,买盘
983,11:23:22,13.18,--,53,69854,买盘
984,11:23:16,13.18,0.01,318,419124,买盘
985,11:23:12,13.17,-0.01,68,89556,卖盘
986,11:23:07,13.18,--,77,101486,买盘
987,11:23:02,13.18,0.02,165,217470,买盘
988,11:22:57,13.16,0.01,10,13160,买盘
989,11:22:52,13.15,--,67,88105,卖盘
990,11:22:46,13.15,0.01,611,803465,买盘
991,11:22:42,13.14,0.01,5,6570,买盘
992,11:22:37,13.13,--,224,294112,卖盘
993,11:22:32,13.13,0.03,1991,2614183,买盘
994,11:22:21,13.1,0.07,38,49780,买盘
995,11:22:17,13.03,-0.05,14,18242,卖盘
996,11:22:07,13.08,0.07,8,10464,中性盘
997,11:22:02,13.01,-0.1,9,11709,卖盘
998,11:21:57,13.11,0.1,105,137655,买盘
999,11:21:52,13.01,-0.01,13,16913,卖盘
1000,11:21:46,13.02,-0.06,56,72912,卖盘
1001,11:21:42,13.08,-0.02,10,13080,买盘
1002,11:21:37,13.1,--,225,294750,买盘
1003,11:21:31,13.1,--,61,79910,买盘
1004,11:21:21,13.1,0.01,62,81220,买盘
1005,11:21:16,13.09,--,27,35343,买盘
1006,11:21:12,13.09,-0.01,2,2618,卖盘
1007,11:21:07,13.1,0.01,13,17030,买盘
1008,11:21:01,13.09,0.01,75,98175,买盘
1009,11:20:56,13.08,--,14,18312,卖盘
1010,11:20:52,13.08,--,32,41856,卖盘
1011,11:20:45,13.08,--,22,28776,卖盘
1012,11:20:41,13.08,--,29,37932,卖盘
1013,11:20:36,13.08,-0.02,118,154344,卖盘
1014,11:20:31,13.1,--,18,23580,买盘
1015,11:20:22,13.1,0.02,90,117900,买盘
1016,11:20:16,13.08,-0.02,8,10464,卖盘
1017,11:20:11,13.1,0.04,29,37990,买盘
1018,11:20:06,13.06,-0.03,85,111010,卖盘
1019,11:20:01,13.09,0.01,65,85085,买盘
1020,11:19:51,13.08,0.02,24,31392,买盘
1021,11:19:46,13.06,--,10,13060,卖盘
1022,11:19:41,13.06,0.01,55,71830,买盘
1023,11:19:36,13.05,0.02,1,1305,买盘
1024,11:19:31,13.03,-0.01,8,10424,卖盘
1025,11:19:26,13.04,0.04,58,75632,买盘
1026,11:19:21,13.0,--,51,66300,卖盘
1027,11:19:16,13.0,0.04,238,309413,买盘
1028,11:19:11,12.96,0.02,389,504144,买盘
1029,11:19:06,12.94,--,32,41408,买盘
1030,11:19:01,12.94,--,118,152692,买盘
1031,11:18:55,12.94,--,10,12940,买盘
1032,11:18:51,12.94,--,602,778988,卖盘
1033,11:18:46,12.94,-0.01,269,348086,卖盘
1034,11:18:40,12.95,-0.01,20,25900,卖盘
1035,11:18:36,12.96,0.01,10,12960,买盘
1036,11:18:31,12.95,-0.01,77,99715,卖盘
1037,11:18:21,12.96,--,4,5184,买盘
1038,11:18:16,12.96,--,98,127008,卖盘
1039,11:18:11,12.96,--,9,11664,卖盘
1040,11:18:01,12.96,-0.02,8,10368,卖盘
1041,11:17:55,12.98,0.02,36,46728,买盘
1042,11:17:46,12.96,-0.01,10,12960,卖盘
1043,11:17:40,12.97,-0.01,168,217896,卖盘
1044,11:17:36,12.98,-0.02,50,64900,卖盘
1045,11:17:31,13.0,0.01,17,22100,买盘
1046,11:17:26,12.99,--,50,64950,卖盘
1047,11:17:16,12.99,0.01,58,75342,卖盘
1048,11:17:11,12.98,--,9,11682,卖盘
1049,11:17:01,12.98,0.01,19,24662,卖盘
1050,11:16:51,12.97,--,0,0,卖盘
1051,11:16:46,12.97,--,8,10376,卖盘
1052,11:16:40,12.97,--,9,11673,卖盘
1053,11:16:36,12.97,0.01,58,75226,卖盘
1054,11:16:31,12.96,-0.04,8,10368,卖盘
1055,11:16:26,13.0,0.03,18,23400,买盘
1056,11:16:21,12.97,--,4,5188,卖盘
1057,11:16:16,12.97,--,14,18158,卖盘
1058,11:16:11,12.97,--,9,11673,卖盘
1059,11:16:06,12.97,--,2,2594,卖盘
1060,11:16:01,12.97,--,14,18158,卖盘
1061,11:15:56,12.97,0.01,47,60959,中性盘
1062,11:15:51,12.96,--,30,38880,卖盘
1063,11:15:46,12.96,--,9,11664,卖盘
1064,11:15:40,12.96,--,8,10368,卖盘
1065,11:15:36,12.96,0.01,7,9072,卖盘
1066,11:15:31,12.95,-0.04,9,11655,卖盘
1067,11:15:26,12.99,0.02,17,22083,买盘
1068,11:15:16,12.97,-0.03,2,2594,卖盘
1069,11:15:10,13.0,--,22,29887,卖盘
1070,11:15:05,13.0,--,12,15613,买盘
1071,11:15:01,13.0,-0.01,32,42887,卖盘
1072,11:14:55,13.01,0.01,335,435835,买盘
1073,11:14:46,13.0,-0.03,109,141700,卖盘
1074,11:14:40,13.03,0.01,12,15636,买盘
1075,11:14:36,13.02,--,5,6510,卖盘
1076,11:14:31,13.02,--,68,88536,卖盘
1077,11:14:25,13.02,--,17,22147,卖盘
1078,11:14:15,13.02,--,31,40362,卖盘
1079,11:14:10,13.02,0.02,17,22134,卖盘
1080,11:14:01,13.0,--,9,11700,卖盘
1081,11:13:55,13.0,-0.03,80,104000,卖盘
1082,11:13:51,13.03,0.03,79,102937,买盘
1083,11:13:46,13.0,--,8,10400,卖盘
1084,11:13:40,13.0,-0.02,15,19500,卖盘
1085,11:13:36,13.02,0.02,7,9114,买盘
1086,11:13:30,13.0,--,24,31200,卖盘
1087,11:13:25,13.0,--,8,10400,卖盘
1088,11:13:16,13.0,0.06,128,166400,买盘
1089,11:13:10,12.94,-0.03,701,907094,卖盘
1090,11:13:05,12.97,--,20,25940,卖盘
1091,11:13:01,12.97,0.04,121,156937,买盘
1092,11:12:46,12.93,-0.01,85,109905,卖盘
1093,11:12:40,12.94,-0.04,572,740168,卖盘
1094,11:12:31,12.98,-0.03,21,27258,卖盘
1095,11:12:25,13.01,0.03,213,277113,买盘
1096,11:12:20,12.98,--,0,0,卖盘
1097,11:12:16,12.98,-0.02,285,369930,卖盘
1098,11:12:10,13.0,--,205,266500,卖盘
1099,11:12:05,13.0,--,16,20800,卖盘
1100,11:12:01,13.0,--,13,16900,卖盘
1101,11:11:55,13.0,--,12,15600,卖盘
1102,11:11:50,13.0,-0.01,8,10400,卖盘
1103,11:11:40,13.01,--,121,157421,买盘
1104,11:11:35,13.01,--,171,222471,卖盘
1105,11:11:30,13.01,--,36,46836,卖盘
1106,11:11:19,13.01,--,19,24719,卖盘
1107,11:11:15,13.01,-0.01,14,18214,卖盘
1108,11:11:10,13.02,-0.01,12,15624,中性盘
1109,11:11:04,13.03,0.02,16,20848,买盘
1110,11:11:00,13.01,-0.01,99,128799,卖盘
1111,11:10:55,13.02,-0.01,12,15624,卖盘
1112,11:10:50,13.03,0.01,88,114664,买盘
1113,11:10:45,13.02,--,61,79422,卖盘
1114,11:10:40,13.02,--,9,11718,卖盘
1115,11:10:35,13.02,--,74,96348,卖盘
1116,11:10:30,13.02,--,9,11718,卖盘
1117,11:10:25,13.02,--,67,87234,卖盘
1118,11:10:20,13.02,--,18,23436,卖盘
1119,11:10:10,13.02,--,9,11718,卖盘
1120,11:10:05,13.02,-0.01,5,6510,卖盘
1121,11:10:00,13.03,0.01,16,20848,买盘
1122,11:09:55,13.02,--,50,65100,卖盘
1123,11:09:49,13.02,-0.01,23,29946,卖盘
1124,11:09:40,13.03,0.01,12,15636,卖盘
1125,11:09:35,13.02,--,0,0,卖盘
1126,11:09:30,13.02,--,14,18228,卖盘
1127,11:09:25,13.02,--,27,35154,卖盘
1128,11:09:20,13.02,--,165,214830,卖盘
1129,11:09:15,13.02,-0.02,10,13020,卖盘
1130,11:09:10,13.04,--,60,78240,买盘
1131,11:09:04,13.04,0.02,65,84760,买盘
1132,11:09:00,13.02,--,79,102858,卖盘
1133,11:08:55,13.02,--,13,16926,卖盘
1134,11:08:50,13.02,--,58,75516,卖盘
1135,11:08:45,13.02,--,0,0,卖盘
1136,11:08:40,13.02,-0.03,34,44268,卖盘
1137,11:08:35,13.05,0.03,30,39150,买盘
1138,11:08:30,13.02,--,10,13020,卖盘
1139,11:08:19,13.02,-0.01,10,13020,卖盘
1140,11:08:10,13.03,-0.02,8,10424,卖盘
1141,11:08:05,13.05,0.03,3,3915,买盘
1142,11:08:00,13.02,-0.03,9,11718,卖盘
1143,11:07:55,13.05,0.03,40,52200,买盘
1144,11:07:49,13.02,--,12,15624,卖盘
1145,11:07:45,13.02,--,3,3906,卖盘
1146,11:07:39,13.02,--,8,10416,卖盘
1147,11:07:30,13.02,-0.03,9,11718,卖盘
1148,11:07:24,13.05,--,1,1305,买盘
1149,11:07:19,13.05,--,10,13050,卖盘
1150,11:07:15,13.05,0.03,46,60030,买盘
1151,11:07:10,13.02,-0.03,9,11718,卖盘
1152,11:07:04,13.05,0.03,5,6525,买盘
1153,11:07:00,13.02,0.01,38,49476,卖盘
1154,11:06:54,13.01,--,0,0,卖盘
1155,11:06:49,13.01,--,97,126197,卖盘
1156,11:06:39,13.01,-0.01,24,31224,卖盘
1157,11:06:34,13.02,0.01,50,65100,买盘
1158,11:06:30,13.01,--,8,10408,卖盘
1159,11:06:24,13.01,--,13,16913,卖盘
1160,11:06:19,13.01,--,9,11709,卖盘
1161,11:06:15,13.01,--,0,0,卖盘
1162,11:06:09,13.01,-0.05,63,81963,卖盘
1163,11:06:04,13.06,0.05,5,6530,买盘
1164,11:05:58,13.01,--,9,11709,卖盘
1165,11:05:49,13.01,--,12,15612,卖盘
1166,11:05:40,13.01,-0.04,59,76759,卖盘
1167,11:05:34,13.05,0.04,34,44370,买盘
1168,11:05:30,13.01,--,78,101478,卖盘
1169,11:05:19,13.01,--,96,124896,卖盘
1170,11:05:10,13.01,--,9,11709,卖盘
1171,11:05:04,13.01,--,89,115789,卖盘
1172,11:05:00,13.01,--,8,10408,卖盘
1173,11:04:54,13.01,0.01,22,28622,买盘
1174,11:04:49,13.0,-0.01,119,154700,卖盘
1175,11:04:34,13.01,0.01,20,26020,中性盘
1176,11:04:29,13.0,-0.01,19,24700,卖盘
1177,11:04:24,13.01,0.01,50,65050,卖盘
1178,11:04:19,13.0,--,8,10400,卖盘
1179,11:04:13,13.0,-0.01,40,52000,卖盘
1180,11:04:09,13.01,--,14,18214,买盘
1181,11:03:58,13.01,--,21,27321,卖盘
1182,11:03:54,13.01,0.01,6,7806,买盘
1183,11:03:49,13.0,-0.01,32,41600,卖盘
1184,11:03:38,13.01,--,9,11709,卖盘
1185,11:03:29,13.01,--,18,23418,卖盘
1186,11:03:25,13.01,--,50,65050,卖盘
1187,11:03:19,13.01,--,10,13010,卖盘
1188,11:03:13,13.01,--,10,13010,卖盘
1189,11:03:09,13.01,--,13,16913,卖盘
1190,11:03:04,13.01,0.01,68,88468,买盘
1191,11:02:58,13.0,-0.01,9,11700,卖盘
1192,11:02:54,13.01,0.01,57,74157,买盘
1193,11:02:49,13.0,-0.01,111,144300,卖盘
1194,11:02:44,13.01,--,24,31224,卖盘
1195,11:02:39,13.01,--,9,11709,卖盘
1196,11:02:34,13.01,--,0,0,卖盘
1197,11:02:28,13.01,--,109,141809,卖盘
1198,11:02:19,13.01,--,58,75458,卖盘
1199,11:02:13,13.01,--,80,104080,卖盘
1200,11:02:09,13.01,-0.01,16,20816,卖盘
1201,11:02:04,13.02,--,2,2604,买盘
1202,11:01:58,13.02,--,100,130200,买盘
1203,11:01:54,13.02,-0.03,4,5208,买盘
1204,11:01:49,13.05,0.04,56,73080,买盘
1205,11:01:43,13.01,-0.01,100,130100,卖盘
1206,11:01:39,13.02,--,8,10416,卖盘
1207,11:01:34,13.02,--,13,16926,卖盘
1208,11:01:28,13.02,--,114,148428,卖盘
1209,11:01:19,13.02,--,8,10416,卖盘
1210,11:01:13,13.02,--,13,16926,卖盘
1211,11:01:09,13.02,0.01,9,11718,卖盘
1212,11:01:04,13.01,--,0,0,卖盘
1213,11:00:58,13.01,-0.01,89,115789,卖盘
1214,11:00:49,13.02,--,8,10416,卖盘
1215,11:00:44,13.02,-0.01,42,54684,卖盘
1216,11:00:39,13.03,--,22,28666,买盘
1217,11:00:34,13.03,--,209,272327,卖盘
1218,11:00:29,13.03,-0.02,8,10424,卖盘
1219,11:00:19,13.05,--,18,24142,卖盘
1220,11:00:14,13.05,--,13,16965,卖盘
1221,11:00:09,13.05,--,8,10440,卖盘
1222,10:59:58,13.05,--,12,15660,卖盘
1223,10:59:49,13.05,-0.01,9,11745,卖盘
1224,10:59:44,13.06,0.01,10,13060,中性盘
1225,10:59:39,13.05,--,8,10440,卖盘
1226,10:59:28,13.05,--,36,46980,卖盘
1227,10:59:19,13.05,--,8,10440,卖盘
1228,10:59:09,13.05,--,30,39150,卖盘
1229,10:59:04,13.05,0.03,70,92002,买盘
1230,10:58:58,13.02,--,12,15624,卖盘
1231,10:58:48,13.02,--,22,28644,卖盘
1232,10:58:39,13.02,-0.03,9,11718,卖盘
1233,10:58:28,13.05,0.02,334,436522,买盘
1234,10:58:18,13.03,-0.01,9,11727,卖盘
1235,10:58:13,13.04,--,154,200816,卖盘
1236,10:58:09,13.04,--,8,10432,卖盘
1237,10:58:03,13.04,--,0,0,卖盘
1238,10:57:58,13.04,--,9,11736,卖盘
1239,10:57:48,13.04,-0.01,8,10432,卖盘
1240,10:57:38,13.05,-0.02,9,11745,卖盘
1241,10:57:28,13.07,--,31,40517,卖盘
1242,10:57:18,13.07,--,9,11763,卖盘
1243,10:57:09,13.07,-0.02,9,11763,卖盘
1244,10:56:58,13.09,0.02,11,14399,买盘
1245,10:56:48,13.07,--,9,11763,卖盘
1246,10:56:38,13.07,0.03,8,10456,中性盘
1247,10:56:33,13.04,-0.04,30,39120,卖盘
1248,10:56:28,13.08,--,24,31392,卖盘
1249,10:56:23,13.08,0.04,87,113796,买盘
1250,10:56:18,13.04,-0.01,61,79544,卖盘
1251,10:56:13,13.05,-0.01,173,225765,卖盘
1252,10:56:08,13.06,--,9,11754,卖盘
1253,10:56:04,13.06,0.01,22,28732,卖盘
1254,10:55:58,13.05,--,113,147465,卖盘
1255,10:55:48,13.05,--,8,10440,卖盘
1256,10:55:39,13.05,-0.03,20,26100,卖盘
1257,10:55:28,13.08,--,8,10464,卖盘
1258,10:55:18,13.08,0.02,40,52320,买盘
1259,10:55:13,13.06,--,8,10448,卖盘
1260,10:55:08,13.06,-0.02,130,169780,卖盘
1261,10:55:03,13.08,0.02,20,26160,买盘
1262,10:54:58,13.06,-0.02,9,11754,卖盘
1263,10:54:48,13.08,0.01,9,11772,买盘
1264,10:54:43,13.07,--,0,0,卖盘
1265,10:54:38,13.07,--,14,18298,卖盘
1266,10:54:28,13.07,-0.02,9,11763,卖盘
1267,10:54:23,13.09,0.01,18,23562,买盘
1268,10:54:08,13.08,-0.01,21,27468,卖盘
1269,10:54:03,13.09,--,3,3927,卖盘
1270,10:53:58,13.09,--,8,10472,卖盘
1271,10:53:53,13.09,--,14,18326,卖盘
1272,10:53:42,13.09,--,4,5236,卖盘
1273,10:53:38,13.09,--,18,23562,卖盘
1274,10:53:28,13.09,--,9,11781,卖盘
1275,10:53:18,13.09,--,8,10472,卖盘
1276,10:53:08,13.09,0.03,38,49742,买盘
1277,10:52:58,13.06,-0.02,9,11754,卖盘
1278,10:52:53,13.08,--,0,0,卖盘
1279,10:52:48,13.08,-0.01,8,10464,卖盘
1280,10:52:43,13.09,0.03,3,3927,买盘
1281,10:52:37,13.06,-0.04,40,52240,卖盘
1282,10:52:28,13.1,--,28,36680,买盘
1283,10:52:23,13.1,--,10,13100,买盘
1284,10:52:18,13.1,0.02,19,24890,买盘
1285,10:52:13,13.08,--,0,0,卖盘
1286,10:52:08,13.08,-0.03,8,10464,卖盘
1287,10:52:03,13.11,0.03,20,26220,买盘
1288,10:51:58,13.08,-0.02,9,11772,卖盘
1289,10:51:53,13.1,0.02,4,5240,买盘
1290,10:51:48,13.08,-0.02,9,11772,卖盘
1291,10:51:43,13.1,0.02,1,1310,买盘
1292,10:51:37,13.08,--,8,10464,卖盘
1293,10:51:27,13.08,-0.02,24,31392,中性盘
1294,10:51:22,13.1,0.03,18,23580,买盘
1295,10:51:07,13.07,-0.01,17,22219,卖盘
1296,10:51:03,13.08,0.02,18,23544,买盘
1297,10:50:57,13.06,--,18,23508,卖盘
1298,10:50:52,13.06,--,10,13060,卖盘
1299,10:50:42,13.06,--,10,13060,卖盘
1300,10:50:37,13.06,--,9,11754,卖盘
1301,10:50:27,13.06,--,10,13060,卖盘
1302,10:50:22,13.06,-0.01,9,11754,卖盘
1303,10:50:17,13.07,0.01,6,7842,买盘
1304,10:50:07,13.06,--,20,26120,卖盘
1305,10:49:57,13.06,--,46,60076,卖盘
1306,10:49:52,13.06,--,8,10448,卖盘
1307,10:49:42,13.06,--,8,10448,卖盘
1308,10:49:37,13.06,--,14,18284,卖盘
1309,10:49:27,13.06,--,23,30038,卖盘
1310,10:49:22,13.06,--,9,11754,卖盘
1311,10:49:17,13.06,--,10,13060,卖盘
1312,10:49:07,13.06,-0.01,18,23508,卖盘
1313,10:48:57,13.07,--,38,49666,卖盘
1314,10:48:52,13.07,-0.01,19,24833,卖盘
1315,10:48:47,13.08,0.01,16,20928,买盘
1316,10:48:42,13.07,--,13,16991,卖盘
1317,10:48:37,13.07,-0.01,74,96718,卖盘
1318,10:48:27,13.08,0.01,29,37932,买盘
1319,10:48:22,13.07,--,8,10456,卖盘
1320,10:48:12,13.07,--,0,0,卖盘
1321,10:48:06,13.07,-0.02,9,11763,卖盘
1322,10:48:02,13.09,--,9,11781,卖盘
1323,10:47:57,13.09,--,68,89012,卖盘
1324,10:47:52,13.09,0.01,23,30107,买盘
1325,10:47:42,13.08,--,3,3924,卖盘
1326,10:47:37,13.08,0.01,9,11772,卖盘
1327,10:47:33,13.07,--,0,0,卖盘
1328,10:47:27,13.07,--,9,11763,卖盘
1329,10:47:17,13.07,-0.01,9,11763,卖盘
1330,10:47:12,13.08,--,9,11772,卖盘
1331,10:47:07,13.08,--,8,10464,卖盘
1332,10:47:02,13.08,--,3,3924,卖盘
1333,10:46:57,13.08,-0.01,19,24852,卖盘
1334,10:46:52,13.09,0.01,18,23562,买盘
1335,10:46:42,13.08,--,3,3924,卖盘
1336,10:46:37,13.08,--,9,11772,卖盘
1337,10:46:32,13.08,0.01,14,18312,买盘
1338,10:46:27,13.07,--,9,11763,卖盘
1339,10:46:22,13.07,-0.04,9,11763,卖盘
1340,10:46:17,13.11,0.04,50,65550,买盘
1341,10:46:07,13.07,-0.01,9,11763,卖盘
1342,10:45:57,13.08,0.01,18,23544,卖盘
1343,10:45:52,13.07,--,9,11763,卖盘
1344,10:45:47,13.07,-0.03,128,167296,卖盘
1345,10:45:37,13.1,--,9,11790,买盘
1346,10:45:31,13.1,0.02,27,35370,买盘
1347,10:45:27,13.08,--,1,1308,卖盘
1348,10:45:22,13.08,--,108,141264,卖盘
1349,10:45:07,13.08,-0.02,24,31392,卖盘
1350,10:45:02,13.1,0.02,5,6550,中性盘
1351,10:44:57,13.08,-0.03,100,130800,卖盘
1352,10:44:52,13.11,--,52,68172,卖盘
1353,10:44:37,13.11,--,33,43263,卖盘
1354,10:44:32,13.11,0.01,8,10488,卖盘
1355,10:44:27,13.1,--,0,0,卖盘
1356,10:44:22,13.1,-0.02,9,11790,卖盘
1357,10:44:16,13.12,--,4,5248,买盘
1358,10:44:12,13.12,--,0,0,中性盘
1359,10:44:06,13.12,-0.01,8,10496,卖盘
1360,10:44:01,13.13,-0.01,97,127361,卖盘
1361,10:43:57,13.14,0.01,15,19710,买盘
1362,10:43:51,13.13,--,18,23634,卖盘
1363,10:43:46,13.13,0.01,39,51207,买盘
1364,10:43:36,13.12,--,53,69536,卖盘
1365,10:43:31,13.12,-0.01,10,13120,卖盘
1366,10:43:27,13.13,0.01,12,15756,买盘
1367,10:43:21,13.12,--,8,10496,卖盘
1368,10:43:16,13.12,--,46,60352,卖盘
1369,10:43:06,13.12,-0.01,111,145632,卖盘
1370,10:43:01,13.13,0.01,30,39390,买盘
1371,10:42:56,13.12,--,20,26240,卖盘
1372,10:42:51,13.12,-0.01,9,11808,卖盘
1373,10:42:46,13.13,0.01,7,9191,买盘
1374,10:42:36,13.12,0.01,41,53792,买盘
1375,10:42:31,13.11,--,11,14421,卖盘
1376,10:42:21,13.11,--,26,34086,卖盘
1377,10:42:16,13.11,0.01,18,23598,买盘
1378,10:42:12,13.1,--,37,48470,卖盘
1379,10:42:06,13.1,--,36,47160,卖盘
1380,10:42:01,13.1,--,130,170300,买盘
1381,10:41:51,13.1,0.01,10,13100,买盘
1382,10:41:46,13.09,0.01,1,1309,买盘
1383,10:41:41,13.08,--,13,17004,卖盘
1384,10:41:36,13.08,-0.01,89,116412,卖盘
1385,10:41:31,13.09,--,99,129591,卖盘
1386,10:41:26,13.09,--,0,0,卖盘
1387,10:41:21,13.09,--,14,18326,卖盘
1388,10:41:16,13.09,--,13,17017,卖盘
1389,10:41:06,13.09,-0.01,209,273581,卖盘
1390,10:41:01,13.1,--,8,10480,卖盘
1391,10:40:56,13.1,0.01,35,45850,买盘
1392,10:40:51,13.09,--,9,11781,卖盘
1393,10:40:41,13.09,--,12,15708,卖盘
1394,10:40:36,13.09,-0.01,20,26180,卖盘
1395,10:40:31,13.1,--,58,75980,卖盘
1396,10:40:21,13.1,--,39,51090,卖盘
1397,10:40:16,13.1,--,3,3930,卖盘
1398,10:40:06,13.1,--,9,11790,卖盘
1399,10:40:01,13.1,--,8,10480,卖盘
1400,10:39:56,13.1,0.01,11,14410,买盘
1401,10:39:51,13.09,--,25,32725,卖盘
1402,10:39:36,13.09,--,9,11781,卖盘
1403,10:39:31,13.09,-0.02,8,10472,卖盘
1404,10:39:26,13.11,0.02,1,1311,买盘
1405,10:39:21,13.09,-0.02,9,11781,卖盘
1406,10:39:16,13.11,--,1,1311,买盘
1407,10:39:11,13.11,--,1,1311,卖盘
1408,10:39:06,13.11,--,8,10488,卖盘
1409,10:39:01,13.11,--,43,56373,卖盘
1410,10:38:56,13.11,-0.01,500,655500,卖盘
1411,10:38:51,13.12,--,13,17056,卖盘
1412,10:38:46,13.12,--,19,24928,卖盘
1413,10:38:36,13.12,-0.01,11,14432,卖盘
1414,10:38:31,13.13,--,10,13130,买盘
1415,10:38:24,13.13,0.01,1,1313,买盘
1416,10:38:21,13.12,--,53,69536,卖盘
1417,10:38:16,13.12,--,111,145632,卖盘
1418,10:38:11,13.12,-0.01,50,65600,卖盘
1419,10:38:06,13.13,--,20,26260,买盘
1420,10:38:01,13.13,--,42,55146,买盘
1421,10:37:56,13.13,0.01,53,69589,买盘
1422,10:37:51,13.12,--,9,11808,卖盘
1423,10:37:46,13.12,0.01,92,120704,买盘
1424,10:37:41,13.11,--,8,10488,卖盘
1425,10:37:31,13.11,-0.01,9,11799,卖盘
1426,10:37:26,13.12,--,78,102336,买盘
1427,10:37:21,13.12,0.01,30,39360,买盘
1428,10:37:16,13.11,-0.01,8,10488,卖盘
1429,10:37:10,13.12,-0.01,20,26240,中性盘
1430,10:37:00,13.13,0.01,102,133926,买盘
1431,10:36:51,13.12,--,8,10496,卖盘
1432,10:36:45,13.12,--,37,48544,买盘
1433,10:36:40,13.12,--,13,17056,买盘
1434,10:36:30,13.12,0.01,14,18368,买盘
1435,10:36:25,13.11,--,17,22287,卖盘
1436,10:36:21,13.11,0.01,9,11799,卖盘
1437,10:36:15,13.1,-0.02,127,166370,卖盘
1438,10:36:10,13.12,0.01,123,161376,买盘
1439,10:36:05,13.11,--,20,26220,买盘
1440,10:36:00,13.11,--,13,17043,买盘
1441,10:35:55,13.11,0.04,5,6555,买盘
1442,10:35:50,13.07,-0.03,9,11763,卖盘
1443,10:35:44,13.1,0.02,98,128380,买盘
1444,10:35:40,13.08,-0.02,8,10464,卖盘
1445,10:35:35,13.1,--,10,13100,买盘
1446,10:35:30,13.1,--,30,39300,买盘
1447,10:35:25,13.1,0.03,19,24890,买盘
1448,10:35:20,13.07,--,8,10456,卖盘
1449,10:35:10,13.07,-0.03,9,11763,卖盘
1450,10:35:05,13.1,0.03,100,131000,买盘
1451,10:34:59,13.07,0.01,34,44438,卖盘
1452,10:34:55,13.06,--,0,0,卖盘
1453,10:34:50,13.06,-0.03,9,11754,卖盘
1454,10:34:45,13.09,0.03,38,49742,买盘
1455,10:34:40,13.06,-0.03,13,16978,卖盘
1456,10:34:35,13.09,--,0,0,买盘
1457,10:34:30,13.09,0.03,51,66759,买盘
1458,10:34:20,13.06,--,9,11754,卖盘
1459,10:34:15,13.06,--,30,39180,卖盘
1460,10:34:10,13.06,-0.01,64,83584,卖盘
1461,10:34:00,13.07,--,62,81034,卖盘
1462,10:33:55,13.07,-0.01,20,26140,卖盘
1463,10:33:50,13.08,0.01,8,10464,卖盘
1464,10:33:45,13.07,--,0,0,卖盘
1465,10:33:40,13.07,0.01,155,202585,买盘
1466,10:33:30,13.06,--,12,15672,卖盘
1467,10:33:20,13.06,-0.03,9,11754,卖盘
1468,10:33:14,13.09,0.03,27,35343,买盘
1469,10:33:10,13.06,--,9,11754,卖盘
1470,10:33:00,13.06,-0.02,9,11754,卖盘
1471,10:32:55,13.08,0.02,10,13080,买盘
1472,10:32:50,13.06,-0.01,9,11754,卖盘
1473,10:32:45,13.07,--,0,0,中性盘
1474,10:32:40,13.07,--,24,31368,卖盘
1475,10:32:35,13.07,--,3,3921,卖盘
1476,10:32:30,13.07,--,76,99332,卖盘
1477,10:32:25,13.07,--,10,13070,卖盘
1478,10:32:20,13.07,--,8,10456,卖盘
1479,10:32:10,13.07,--,9,11763,卖盘
1480,10:32:00,13.07,-0.02,11,14377,卖盘
1481,10:31:55,13.09,0.02,81,106029,买盘
1482,10:31:50,13.07,--,9,11763,卖盘
1483,10:31:45,13.07,--,20,26140,卖盘
1484,10:31:40,13.07,-0.02,10,13070,卖盘
1485,10:31:34,13.09,0.02,1,1309,买盘
1486,10:31:30,13.07,--,14,18298,卖盘
1487,10:31:25,13.07,0.01,1,1307,中性盘
1488,10:31:20,13.06,--,9,11754,卖盘
1489,10:31:10,13.06,--,10,13060,卖盘
1490,10:31:05,13.06,--,2,2612,卖盘
1491,10:31:00,13.06,--,9,11754,卖盘
1492,10:30:50,13.06,--,8,10448,卖盘
1493,10:30:40,13.06,-0.04,9,11754,卖盘
1494,10:30:34,13.1,0.04,50,65500,买盘
1495,10:30:30,13.06,--,8,10448,卖盘
1496,10:30:25,13.06,--,57,74442,卖盘
1497,10:30:20,13.06,--,9,11754,卖盘
1498,10:30:15,13.06,--,8,10448,卖盘
1499,10:30:10,13.06,--,9,11754,卖盘
1500,10:30:00,13.06,--,8,10448,卖盘
1501,10:29:54,13.06,-0.04,3,3918,卖盘
1502,10:29:49,13.1,0.04,11,14410,买盘
1503,10:29:39,13.06,--,8,10448,卖盘
1504,10:29:30,13.06,-0.04,9,11754,卖盘
1505,10:29:24,13.1,0.04,30,39300,买盘
1506,10:29:19,13.06,--,8,10448,卖盘
1507,10:29:09,13.06,--,10,13060,卖盘
1508,10:29:04,13.06,0.01,194,253364,买盘
1509,10:28:59,13.05,-0.01,35,45675,卖盘
1510,10:28:54,13.06,0.01,76,99256,买盘
1511,10:28:49,13.05,-0.01,8,10440,卖盘
1512,10:28:44,13.06,0.01,5,6530,买盘
1513,10:28:39,13.05,-0.01,53,69165,卖盘
1514,10:28:34,13.06,0.01,12,15672,买盘
1515,10:28:29,13.05,--,13,16965,卖盘
1516,10:28:24,13.05,--,2,2610,卖盘
1517,10:28:19,13.05,-0.01,9,11745,卖盘
1518,10:28:14,13.06,--,50,65300,买盘
1519,10:28:09,13.06,--,13,16978,买盘
1520,10:28:03,13.06,--,15,19590,买盘
1521,10:27:59,13.06,--,14,18284,买盘
1522,10:27:54,13.06,--,47,61382,买盘
1523,10:27:49,13.06,0.01,44,57464,买盘
1524,10:27:44,13.05,-0.01,63,82215,卖盘
1525,10:27:39,13.06,0.01,58,75748,买盘
1526,10:27:34,13.05,--,28,36540,卖盘
1527,10:27:29,13.05,--,39,50895,卖盘
1528,10:27:23,13.05,--,87,113535,卖盘
1529,10:27:19,13.05,--,15,19575,卖盘
1530,10:27:14,13.05,-0.01,24,31320,卖盘
1531,10:27:09,13.06,--,18,23508,买盘
1532,10:27:04,13.06,--,20,26120,买盘
1533,10:26:59,13.06,--,9,11754,买盘
1534,10:26:54,13.06,--,11,14366,买盘
1535,10:26:49,13.06,0.01,72,94032,买盘
1536,10:26:38,13.05,0.01,8,10440,中性盘
1537,10:26:34,13.04,--,20,26080,卖盘
1538,10:26:29,13.04,-0.02,9,11736,卖盘
1539,10:26:24,13.06,0.02,10,13060,买盘
1540,10:26:19,13.04,-0.02,9,11736,卖盘
1541,10:26:14,13.06,--,0,0,买盘
1542,10:26:09,13.06,--,18,23508,买盘
1543,10:25:59,13.06,0.03,14,18284,买盘
1544,10:25:54,13.03,--,0,0,卖盘
1545,10:25:49,13.03,-0.03,8,10424,卖盘
1546,10:25:38,13.06,0.03,55,71830,买盘
1547,10:25:34,13.03,--,30,39090,卖盘
1548,10:25:29,13.03,--,8,10424,卖盘
1549,10:25:24,13.03,0.02,4,5863,买盘
1550,10:25:19,13.01,-0.01,36,46836,卖盘
1551,10:25:14,13.02,--,2,2604,卖盘
1552,10:25:09,13.02,--,128,166656,卖盘
1553,10:25:04,13.02,--,1,1302,卖盘
1554,10:24:59,13.02,--,110,143220,卖盘
1555,10:24:53,13.02,-0.01,16,20832,卖盘
1556,10:24:49,13.03,-0.02,197,256691,卖盘
1557,10:24:44,13.05,-0.01,40,52200,卖盘
1558,10:24:39,13.06,--,26,33956,卖盘
1559,10:24:34,13.06,--,3,3918,卖盘
1560,10:24:29,13.06,-0.01,13,16978,卖盘
1561,10:24:23,13.07,0.01,12,15684,买盘
1562,10:24:19,13.06,-0.02,13,16978,卖盘
1563,10:24:08,13.08,-0.01,59,77172,卖盘
1564,10:23:59,13.09,--,33,43197,卖盘
1565,10:23:54,13.09,--,3,3927,卖盘
1566,10:23:49,13.09,0.01,16,20944,买盘
1567,10:23:39,13.08,--,10,13080,卖盘
1568,10:23:34,13.08,-0.01,9,11772,卖盘
1569,10:23:28,13.09,0.01,11,14399,买盘
1570,10:23:19,13.08,-0.02,14,18312,卖盘
1571,10:23:14,13.1,--,0,0,买盘
1572,10:23:08,13.1,--,28,36680,买盘
1573,10:23:04,13.1,--,190,248900,卖盘
1574,10:22:59,13.1,--,9,11790,卖盘
1575,10:22:54,13.1,--,2,2620,卖盘
1576,10:22:49,13.1,--,21,27510,卖盘
1577,10:22:43,13.1,--,4,5240,卖盘
1578,10:22:39,13.1,-0.01,9,11790,卖盘
1579,10:22:34,13.11,0.01,73,95703,买盘
1580,10:22:28,13.1,--,18,23580,卖盘
1581,10:22:24,13.1,--,100,131000,卖盘
1582,10:22:18,13.1,-0.01,9,11790,卖盘
1583,10:22:13,13.11,0.01,9,11799,买盘
1584,10:22:09,13.1,-0.02,22,28820,卖盘
1585,10:22:02,13.12,--,2,2624,买盘
1586,10:21:58,13.12,0.01,108,141696,买盘
1587,10:21:54,13.11,-0.01,22,28842,卖盘
1588,10:21:48,13.12,0.01,25,32800,买盘
1589,10:21:43,13.11,--,21,27531,卖盘
1590,10:21:38,13.11,--,8,10488,卖盘
1591,10:21:28,13.11,--,9,11799,卖盘
1592,10:21:18,13.11,-0.01,18,23598,卖盘
1593,10:21:13,13.12,--,23,30176,卖盘
1594,10:21:08,13.12,--,13,17056,卖盘
1595,10:21:02,13.12,--,20,26240,卖盘
1596,10:20:58,13.12,--,9,11808,卖盘
1597,10:20:48,13.12,-0.01,28,36736,卖盘
1598,10:20:43,13.13,0.01,3,3939,买盘
1599,10:20:38,13.12,-0.02,9,11808,卖盘
1600,10:20:33,13.14,0.02,10,13140,买盘
1601,10:20:28,13.12,--,18,23616,卖盘
1602,10:20:18,13.12,-0.02,9,11808,卖盘
1603,10:20:13,13.14,0.02,44,57816,买盘
1604,10:20:08,13.12,--,8,10496,卖盘
1605,10:19:58,13.12,--,14,18368,卖盘
1606,10:19:53,13.12,--,20,26240,卖盘
1607,10:19:48,13.12,-0.02,36,47232,卖盘
1608,10:19:43,13.14,0.02,10,13140,买盘
1609,10:19:38,13.12,-0.01,525,688800,卖盘
1610,10:19:32,13.13,0.01,15,19695,买盘
1611,10:19:28,13.12,--,55,72160,卖盘
1612,10:19:23,13.12,--,10,13120,卖盘
1613,10:19:18,13.12,--,71,93152,卖盘
1614,10:19:13,13.12,--,75,98400,卖盘
1615,10:19:08,13.12,--,24,31487,卖盘
1616,10:19:03,13.12,0.01,167,219104,买盘
1617,10:18:58,13.11,--,72,94392,卖盘
1618,10:18:53,13.11,--,38,49818,卖盘
1619,10:18:47,13.11,--,33,43263,卖盘
1620,10:18:43,13.11,--,355,465405,卖盘
1621,10:18:38,13.11,0.01,8,10488,卖盘
1622,10:18:33,13.1,--,0,0,卖盘
1623,10:18:28,13.1,-0.01,91,119210,卖盘
1624,10:18:23,13.11,--,17,22287,买盘
1625,10:18:18,13.11,-0.01,82,107502,卖盘
1626,10:18:13,13.12,0.01,19,24928,买盘
1627,10:18:08,13.11,-0.01,38,49818,卖盘
1628,10:17:58,13.12,0.01,123,161376,买盘
1629,10:17:48,13.11,--,8,10488,卖盘
1630,10:17:43,13.11,0.01,24,31464,买盘
1631,10:17:38,13.1,--,52,68120,买盘
1632,10:17:32,13.1,0.02,5,6550,买盘
1633,10:17:28,13.08,--,8,10464,卖盘
1634,10:17:18,13.08,--,10,13080,买盘
1635,10:17:13,13.08,0.02,101,132108,买盘
1636,10:17:08,13.06,0.01,8,10448,中性盘
1637,10:17:03,13.05,--,20,26100,卖盘
1638,10:16:58,13.05,--,20,26100,卖盘
1639,10:16:53,13.05,--,21,27405,卖盘
1640,10:16:47,13.05,--,9,11745,卖盘
1641,10:16:43,13.05,0.01,6,7830,买盘
1642,10:16:38,13.04,--,8,10432,卖盘
1643,10:16:33,13.04,--,5,6520,卖盘
1644,10:16:28,13.04,0.01,9,11736,卖盘
1645,10:16:23,13.03,--,0,0,卖盘
1646,10:16:18,13.03,-0.01,63,82089,卖盘
1647,10:16:13,13.04,-0.01,35,45640,卖盘
1648,10:16:08,13.05,0.02,51,66555,买盘
1649,10:16:03,13.03,--,16,20848,卖盘
1650,10:15:58,13.03,--,8,10424,卖盘
1651,10:15:53,13.03,--,31,40393,卖盘
1652,10:15:48,13.03,--,41,53423,卖盘
1653,10:15:43,13.03,0.01,93,121179,买盘
1654,10:15:38,13.02,--,8,10416,卖盘
1655,10:15:33,13.02,-0.01,106,138012,卖盘
1656,10:15:27,13.03,-0.01,12,15636,卖盘
1657,10:15:23,13.04,0.01,1,1304,买盘
1658,10:15:18,13.03,--,38,49514,卖盘
1659,10:15:11,13.03,-0.01,16,20848,卖盘
1660,10:15:07,13.04,--,54,70416,卖盘
1661,10:15:03,13.04,-0.01,32,41728,卖盘
1662,10:14:57,13.05,--,9,11745,卖盘
1663,10:14:52,13.05,--,1,1305,卖盘
1664,10:14:48,13.05,--,9,11745,卖盘
1665,10:14:41,13.05,--,4,5220,卖盘
1666,10:14:37,13.05,--,9,11745,卖盘
1667,10:14:32,13.05,--,39,50895,卖盘
1668,10:14:27,13.05,--,15,19575,卖盘
1669,10:14:22,13.05,--,4,5220,卖盘
1670,10:14:17,13.05,--,19,24795,卖盘
1671,10:14:12,13.05,--,36,46980,卖盘
1672,10:14:07,13.05,-0.01,123,160515,卖盘
1673,10:13:57,13.06,--,35,45710,卖盘
1674,10:13:52,13.06,-0.02,9,11754,卖盘
1675,10:13:47,13.08,--,33,43164,买盘
1676,10:13:41,13.08,0.02,27,35316,买盘
1677,10:13:37,13.06,-0.02,26,33956,卖盘
1678,10:13:26,13.08,--,10,13080,卖盘
1679,10:13:22,13.08,--,57,74556,买盘
1680,10:13:17,13.08,-0.01,23,30084,买盘
1681,10:13:11,13.09,0.03,1,1309,买盘
1682,10:13:07,13.06,-0.04,18,23508,卖盘
1683,10:13:02,13.1,--,15,19650,买盘
1684,10:12:57,13.1,--,10,13100,买盘
1685,10:12:52,13.1,0.01,29,37990,买盘
1686,10:12:41,13.09,--,20,26180,卖盘
1687,10:12:37,13.09,--,13,17017,卖盘
1688,10:12:32,13.09,-0.01,5,6545,中性盘
1689,10:12:27,13.1,0.01,48,62880,买盘
1690,10:12:22,13.09,0.02,36,47124,买盘
1691,10:12:11,13.07,0.01,59,77113,中性盘
1692,10:12:07,13.06,-0.03,23,30038,卖盘
1693,10:12:02,13.09,0.02,27,35343,买盘
1694,10:11:57,13.07,-0.02,119,155533,卖盘
1695,10:11:52,13.09,--,58,75922,买盘
1696,10:11:42,13.09,--,10,13090,买盘
1697,10:11:32,13.09,0.02,25,32725,买盘
1698,10:11:27,13.07,--,39,50973,卖盘
1699,10:11:22,13.07,--,7,9149,买盘
1700,10:11:17,13.07,--,5,6535,买盘
1701,10:11:12,13.07,-0.01,56,73192,中性盘
1702,10:11:07,13.08,0.01,114,149112,买盘
1703,10:11:02,13.07,--,4,5228,卖盘
1704,10:10:52,13.07,0.01,4,5228,买盘
1705,10:10:47,13.06,-0.01,12,15672,卖盘
1706,10:10:42,13.07,-0.01,108,141156,卖盘
1707,10:10:32,13.08,--,6,7848,买盘
1708,10:10:22,13.08,--,1,1308,卖盘
1709,10:10:12,13.08,-0.01,24,31392,卖盘
1710,10:10:02,13.09,--,81,106029,买盘
1711,10:09:56,13.09,--,10,13090,买盘
1712,10:09:42,13.09,--,18,23562,卖盘
1713,10:09:37,13.09,--,28,36652,卖盘
1714,10:09:27,13.09,--,28,36652,卖盘
1715,10:09:22,13.09,--,4,5236,卖盘
1716,10:09:12,13.09,-0.01,40,52360,卖盘
1717,10:09:07,13.1,--,101,132310,买盘
1718,10:08:57,13.1,-0.01,20,26200,卖盘
1719,10:08:42,13.11,--,2,2622,买盘
1720,10:08:22,13.11,-0.01,6,7866,卖盘
1721,10:08:07,13.12,--,27,35424,买盘
1722,10:08:01,13.12,0.02,5,6560,买盘
1723,10:07:57,13.1,-0.01,14,18340,卖盘
1724,10:07:51,13.11,--,2,2622,买盘
1725,10:07:46,13.11,-0.01,1,1311,中性盘
1726,10:07:42,13.12,0.01,73,95776,买盘
1727,10:07:36,13.11,-0.01,10,13110,卖盘
1728,10:07:27,13.12,0.02,9,11808,买盘
1729,10:07:21,13.1,-0.01,92,120520,卖盘
1730,10:07:12,13.11,--,6,7866,买盘
1731,10:07:06,13.11,-0.02,63,82593,卖盘
1732,10:07:01,13.13,--,7,9191,买盘
1733,10:06:56,13.13,--,10,13130,买盘
1734,10:06:41,13.13,--,3,3939,买盘
1735,10:06:36,13.13,--,212,278356,卖盘
1736,10:06:31,13.13,--,56,73528,卖盘
1737,10:06:26,13.13,--,60,78780,卖盘
1738,10:06:21,13.13,--,9,11817,卖盘
1739,10:06:16,13.13,--,17,22321,卖盘
1740,10:06:06,13.13,0.03,335,439855,买盘
1741,10:05:57,13.1,--,9,11790,卖盘
1742,10:05:51,13.1,-0.02,91,119210,卖盘
1743,10:05:41,13.12,0.02,400,524800,买盘
1744,10:05:36,13.1,--,1,1310,卖盘
1745,10:05:31,13.1,-0.01,5,6550,卖盘
1746,10:05:26,13.11,--,27,35397,买盘
1747,10:05:21,13.11,--,56,73416,卖盘
1748,10:05:11,13.11,--,23,30153,买盘
1749,10:04:56,13.11,--,8,10488,买盘
1750,10:04:51,13.11,0.01,8,10488,买盘
1751,10:04:46,13.1,0.02,40,52400,买盘
1752,10:04:36,13.08,--,0,0,卖盘
1753,10:04:21,13.08,--,10,13080,卖盘
1754,10:04:16,13.08,-0.02,20,26160,卖盘
1755,10:04:11,13.1,0.02,124,162440,买盘
1756,10:04:01,13.08,--,1,1308,卖盘
1757,10:03:56,13.08,-0.02,5,6540,卖盘
1758,10:03:51,13.1,--,269,352390,买盘
1759,10:03:36,13.1,0.02,28,36680,买盘
1760,10:03:31,13.08,--,8,10464,卖盘
1761,10:03:26,13.08,-0.02,136,177888,卖盘
1762,10:03:21,13.1,--,312,408720,卖盘
1763,10:03:11,13.1,--,7,9170,卖盘
1764,10:03:01,13.1,-0.02,30,39300,卖盘
1765,10:02:51,13.12,0.02,84,110208,买盘
1766,10:02:41,13.1,-0.02,8,10480,卖盘
1767,10:02:35,13.12,--,9,11808,卖盘
1768,10:02:31,13.12,--,7,9184,卖盘
1769,10:02:26,13.12,0.02,5,6560,买盘
1770,10:02:21,13.1,-0.02,8,10480,卖盘
1771,10:02:16,13.12,0.02,67,87904,买盘
1772,10:02:11,13.1,--,8,10480,卖盘
1773,10:02:05,13.1,--,24,31440,卖盘
1774,10:02:01,13.1,-0.02,71,93010,卖盘
1775,10:01:56,13.12,0.02,20,26240,买盘
1776,10:01:51,13.1,-0.02,21,27510,卖盘
1777,10:01:45,13.12,-0.01,48,62975,卖盘
1778,10:01:41,13.13,-0.01,33,43329,卖盘
1779,10:01:36,13.14,0.02,51,67014,买盘
1780,10:01:31,13.12,-0.02,8,10496,卖盘
1781,10:01:26,13.14,--,30,39420,买盘
1782,10:01:21,13.14,0.01,133,174762,买盘
1783,10:01:16,13.13,--,51,66963,卖盘
1784,10:01:11,13.13,-0.01,7,9191,卖盘
1785,10:01:06,13.14,0.02,61,80154,买盘
1786,10:01:01,13.12,--,337,442144,卖盘
1787,10:00:56,13.12,--,60,78720,卖盘
1788,10:00:51,13.12,--,229,300448,卖盘
1789,10:00:46,13.12,--,9,11808,卖盘
1790,10:00:41,13.12,0.03,81,106272,买盘
1791,10:00:36,13.09,0.01,1,1309,中性盘
1792,10:00:31,13.08,-0.01,23,30084,卖盘
1793,10:00:26,13.09,--,30,39270,买盘
1794,10:00:21,13.09,0.01,162,212058,买盘
1795,10:00:11,13.08,--,9,11772,买盘
1796,10:00:06,13.08,0.01,2,2616,买盘
1797,10:00:00,13.07,--,38,49666,卖盘
1798,09:59:50,13.07,0.02,653,853471,买盘
1799,09:59:44,13.05,-0.01,100,130500,卖盘
1800,09:59:40,13.06,-0.01,8,10448,卖盘
1801,09:59:36,13.07,0.01,40,52280,买盘
1802,09:59:30,13.06,-0.01,10,13060,卖盘
1803,09:59:26,13.07,--,3,3921,买盘
1804,09:59:20,13.07,-0.01,29,37903,卖盘
1805,09:59:11,13.08,-0.01,2,2616,卖盘
1806,09:59:05,13.09,--,26,34034,卖盘
1807,09:59:00,13.09,--,65,85085,卖盘
1808,09:58:50,13.09,--,8,10472,卖盘
1809,09:58:45,13.09,0.02,9,11781,买盘
1810,09:58:40,13.07,-0.02,23,30061,卖盘
1811,09:58:35,13.09,0.01,7,9163,买盘
1812,09:58:30,13.08,-0.02,45,58860,卖盘
1813,09:58:20,13.1,--,29,37990,买盘
1814,09:58:15,13.1,0.02,6,7860,买盘
1815,09:58:10,13.08,-0.02,8,10464,卖盘
1816,09:58:04,13.1,--,30,39300,卖盘
1817,09:57:59,13.1,-0.02,23,30130,卖盘
1818,09:57:50,13.12,0.01,30,39360,买盘
1819,09:57:45,13.11,--,14,18354,卖盘
1820,09:57:40,13.11,-0.02,11,14421,卖盘
1821,09:57:35,13.13,0.01,37,48581,买盘
1822,09:57:29,13.12,-0.01,1,1312,卖盘
1823,09:57:25,13.13,--,9,11817,卖盘
1824,09:57:20,13.13,--,84,110292,卖盘
1825,09:57:14,13.13,--,55,72215,卖盘
1826,09:57:10,13.13,--,37,48581,卖盘
1827,09:57:05,13.13,--,30,39390,卖盘
1828,09:56:59,13.13,--,8,10504,卖盘
1829,09:56:55,13.13,--,19,24947,卖盘
1830,09:56:44,13.13,0.03,48,63024,买盘
1831,09:56:40,13.1,-0.01,23,30130,卖盘
1832,09:56:29,13.11,--,61,79971,买盘
1833,09:56:25,13.11,--,13,17043,买盘
1834,09:56:15,13.11,--,26,34086,卖盘
1835,09:56:10,13.11,-0.03,79,103569,卖盘
1836,09:56:05,13.14,0.03,130,170820,买盘
1837,09:56:00,13.11,--,38,49818,买盘
1838,09:55:55,13.11,-0.03,20,26220,买盘
1839,09:55:50,13.14,--,5,6570,买盘
1840,09:55:45,13.14,--,10,13140,买盘
1841,09:55:40,13.14,0.03,16,21024,买盘
1842,09:55:30,13.11,0.03,9,11799,卖盘
1843,09:55:25,13.08,--,32,41856,买盘
1844,09:55:20,13.08,--,76,99408,卖盘
1845,09:55:15,13.08,--,124,162192,卖盘
1846,09:55:10,13.08,-0.01,138,180504,卖盘
1847,09:55:05,13.09,0.01,12,15708,买盘
1848,09:54:59,13.08,--,36,47088,买盘
1849,09:54:55,13.08,--,304,397632,买盘
1850,09:54:50,13.08,0.03,2,2616,买盘
1851,09:54:45,13.05,--,50,65250,卖盘
1852,09:54:40,13.05,0.03,286,373230,买盘
1853,09:54:30,13.02,--,69,89838,卖盘
1854,09:54:25,13.02,--,23,29946,卖盘
1855,09:54:19,13.02,0.02,163,212226,买盘
1856,09:54:14,13.0,0.02,181,235300,买盘
1857,09:54:10,12.98,-0.01,7,9086,卖盘
1858,09:54:04,12.99,0.01,34,44166,买盘
1859,09:54:00,12.98,-0.01,9,11682,卖盘
1860,09:53:54,12.99,--,50,64950,卖盘
1861,09:53:50,12.99,--,5,6495,卖盘
1862,09:53:45,12.99,--,0,0,卖盘
1863,09:53:39,12.99,--,7,9093,卖盘
1864,09:53:30,12.99,-0.01,11,14289,卖盘
1865,09:53:24,13.0,-0.01,94,122200,卖盘
1866,09:53:20,13.01,0.01,5,6505,买盘
1867,09:53:15,13.0,--,5,6500,卖盘
1868,09:53:08,13.0,-0.01,22,28600,卖盘
1869,09:53:05,13.01,0.01,3,3903,买盘
1870,09:52:59,13.0,--,7,9100,卖盘
1871,09:52:53,13.0,--,83,107900,买盘
1872,09:52:45,13.0,0.01,120,156000,中性盘
1873,09:52:38,12.99,-0.01,8,10392,卖盘
1874,09:52:35,13.0,--,2,2600,卖盘
1875,09:52:29,13.0,--,33,42900,卖盘
1876,09:52:24,13.0,--,88,114400,卖盘
1877,09:52:14,13.0,--,0,0,卖盘
1878,09:52:08,13.0,-0.02,8,10400,卖盘
1879,09:51:59,13.02,0.02,15,19530,买盘
1880,09:51:53,13.0,--,18,23400,卖盘
1881,09:51:44,13.0,--,30,39000,卖盘
1882,09:51:39,13.0,--,7,9100,卖盘
1883,09:51:29,13.0,--,59,76700,卖盘
1884,09:51:24,13.0,--,176,228800,卖盘
1885,09:51:14,13.0,--,1,1300,卖盘
1886,09:51:08,13.0,--,33,42900,卖盘
1887,09:51:04,13.0,--,11,14300,卖盘
1888,09:50:59,13.0,--,26,33800,卖盘
1889,09:50:54,13.0,--,8,10400,卖盘
1890,09:50:49,13.0,-0.02,3,3900,卖盘
1891,09:50:44,13.02,0.02,202,263004,买盘
1892,09:50:39,13.0,-0.02,23,29900,卖盘
1893,09:50:34,13.02,--,0,0,买盘
1894,09:50:29,13.02,0.02,51,66402,买盘
1895,09:50:23,13.0,-0.02,18,23400,卖盘
1896,09:50:14,13.02,--,38,49476,卖盘
1897,09:50:09,13.02,-0.01,80,104160,卖盘
1898,09:50:04,13.03,-0.01,1,1303,买盘
1899,09:49:59,13.04,--,229,298616,卖盘
1900,09:49:54,13.04,--,12,15647,卖盘
1901,09:49:48,13.04,--,6,7823,买盘
1902,09:49:44,13.04,0.01,13,16952,买盘
1903,09:49:39,13.03,--,38,49514,卖盘
1904,09:49:34,13.03,--,5,6515,卖盘
1905,09:49:29,13.03,--,58,75574,卖盘
1906,09:49:24,13.03,0.01,37,48211,买盘
1907,09:49:09,13.02,--,7,9114,卖盘
1908,09:49:04,13.02,--,51,66402,卖盘
1909,09:48:59,13.02,0.02,35,45570,买盘
1910,09:48:53,13.0,-0.01,121,157300,卖盘
1911,09:48:39,13.01,0.01,10,13010,中性盘
1912,09:48:34,13.0,-0.01,126,163800,卖盘
1913,09:48:29,13.01,--,1,1301,买盘
1914,09:48:24,13.01,0.01,13,16913,买盘
1915,09:48:19,13.0,--,11,14300,卖盘
1916,09:48:09,13.0,--,43,55900,卖盘
1917,09:48:04,13.0,0.02,81,105300,买盘
1918,09:47:54,12.98,-0.02,7,9086,卖盘
1919,09:47:49,13.0,--,23,29900,卖盘
1920,09:47:39,13.0,--,109,141700,卖盘
1921,09:47:34,13.0,-0.01,15,19500,卖盘
1922,09:47:29,13.01,0.01,5,6505,买盘
1923,09:47:24,13.0,--,32,41600,卖盘
1924,09:47:19,13.0,--,24,31200,卖盘
1925,09:47:08,13.0,-0.01,12,15600,卖盘
1926,09:47:04,13.01,--,12,15612,买盘
1927,09:46:53,13.01,0.01,76,98876,买盘
1928,09:46:49,13.0,--,154,200200,卖盘
1929,09:46:43,13.0,--,0,0,卖盘
1930,09:46:38,13.0,-0.03,19,24700,卖盘
1931,09:46:34,13.03,--,13,16939,买盘
1932,09:46:24,13.03,--,19,24757,买盘
1933,09:46:19,13.03,0.03,4,5212,买盘
1934,09:46:08,13.0,-0.03,48,62400,卖盘
1935,09:46:03,13.03,0.03,7,9121,卖盘
1936,09:45:58,13.0,--,0,0,卖盘
1937,09:45:53,13.0,-0.02,8,10400,卖盘
1938,09:45:39,13.02,--,12,15624,卖盘
1939,09:45:33,13.02,--,8,10416,卖盘
1940,09:45:28,13.02,--,50,65100,卖盘
1941,09:45:23,13.02,-0.03,7,9114,卖盘
1942,09:45:18,13.05,--,3,3915,买盘
1943,09:45:13,13.05,0.03,11,14355,买盘
1944,09:45:08,13.02,-0.01,13,16926,卖盘
1945,09:45:03,13.03,-0.02,12,15636,中性盘
1946,09:44:58,13.05,0.03,5,6525,买盘
1947,09:44:53,13.02,0.02,143,186186,买盘
1948,09:44:38,13.0,--,38,49400,卖盘
1949,09:44:33,13.0,0.03,18,23400,买盘
1950,09:44:23,12.97,-0.03,33,42801,卖盘
1951,09:44:17,13.0,0.02,44,57200,买盘
1952,09:44:13,12.98,0.01,5,6490,中性盘
1953,09:44:08,12.97,--,8,10376,卖盘
1954,09:44:03,12.97,--,27,35019,卖盘
1955,09:43:58,12.97,-0.01,19,24643,卖盘
1956,09:43:53,12.98,0.01,10,12980,中性盘
1957,09:43:48,12.97,--,17,22049,卖盘
1958,09:43:43,12.97,--,1,1297,卖盘
1959,09:43:38,12.97,-0.03,8,10376,卖盘
1960,09:43:32,13.0,0.03,64,83200,买盘
1961,09:43:28,12.97,-0.01,20,25940,卖盘
1962,09:43:23,12.98,-0.01,8,10384,卖盘
1963,09:43:17,12.99,0.02,70,90930,买盘
1964,09:43:13,12.97,--,2,2594,卖盘
1965,09:43:08,12.97,--,8,10376,卖盘
1966,09:43:03,12.97,0.01,33,42801,买盘
1967,09:42:58,12.96,0.02,30,38880,买盘
1968,09:42:53,12.94,-0.02,18,23292,卖盘
1969,09:42:48,12.96,-0.03,10,12960,卖盘
1970,09:42:43,12.99,0.03,52,67548,买盘
1971,09:42:38,12.96,--,13,16848,卖盘
1972,09:42:33,12.96,0.03,11,14256,卖盘
1973,09:42:27,12.93,--,0,0,卖盘
1974,09:42:23,12.93,-0.03,68,87924,卖盘
1975,09:42:17,12.96,--,2,2592,卖盘
1976,09:42:08,12.96,-0.03,7,9072,卖盘
1977,09:42:02,12.99,0.01,213,276687,买盘
1978,09:41:57,12.98,--,74,96052,卖盘
1979,09:41:53,12.98,--,12,15576,卖盘
1980,09:41:47,12.98,--,40,51920,卖盘
1981,09:41:38,12.98,--,49,63602,卖盘
1982,09:41:33,12.98,-0.01,17,22066,卖盘
1983,09:41:27,12.99,0.01,10,12990,买盘
1984,09:41:23,12.98,-0.01,8,10384,卖盘
1985,09:41:17,12.99,--,8,10392,卖盘
1986,09:41:13,12.99,--,18,23382,卖盘
1987,09:41:03,12.99,--,22,28578,卖盘
1988,09:40:57,12.99,--,7,9093,卖盘
1989,09:40:52,12.99,--,17,22083,卖盘
1990,09:40:47,12.99,-0.01,51,66249,卖盘
1991,09:40:43,13.0,--,62,80600,买盘
1992,09:40:32,13.0,--,19,24700,买盘
1993,09:40:28,13.0,--,89,115700,卖盘
1994,09:40:22,13.0,-0.01,32,41600,卖盘
1995,09:40:18,13.01,--,5,6505,买盘
1996,09:40:13,13.01,0.01,17,22117,买盘
1997,09:40:07,13.0,-0.01,7,9100,卖盘
1998,09:40:02,13.01,0.01,69,89769,买盘
1999,09:39:58,13.0,-0.01,28,36400,卖盘
2000,09:39:52,13.01,--,43,55943,买盘
2001,09:39:48,13.01,0.01,56,72856,买盘
2002,09:39:42,13.0,--,6,7800,买盘
2003,09:39:37,13.0,-0.01,18,23400,卖盘
2004,09:39:32,13.01,0.01,10,13010,买盘
2005,09:39:28,13.0,0.01,24,31200,中性盘
2006,09:39:18,12.99,-0.01,31,40269,卖盘
2007,09:39:12,13.0,0.01,80,104000,买盘
2008,09:39:02,12.99,--,10,12990,买盘
2009,09:38:57,12.99,--,14,18186,买盘
2010,09:38:47,12.99,0.04,14,18186,买盘
2011,09:38:41,12.95,--,5,6475,卖盘
2012,09:38:32,12.95,0.02,37,47915,买盘
2013,09:38:26,12.93,0.01,4,5172,卖盘
2014,09:38:22,12.92,--,48,62016,卖盘
2015,09:38:17,12.92,--,184,238529,买盘
2016,09:38:12,12.92,-0.02,183,236436,卖盘
2017,09:38:07,12.94,0.02,13,16822,买盘
2018,09:37:57,12.92,0.01,8,10336,买盘
2019,09:37:52,12.91,-0.01,41,52931,卖盘
2020,09:37:47,12.92,0.02,42,54264,买盘
2021,09:37:37,12.9,0.01,30,38700,买盘
2022,09:37:32,12.89,-0.01,23,29647,卖盘
2023,09:37:27,12.9,0.01,110,141900,买盘
2024,09:37:22,12.89,-0.01,48,61872,卖盘
2025,09:37:17,12.9,-0.01,142,183180,卖盘
2026,09:37:11,12.91,--,10,12910,买盘
2027,09:37:07,12.91,--,33,42603,买盘
2028,09:37:02,12.91,--,0,0,买盘
2029,09:36:57,12.91,0.01,25,32275,买盘
2030,09:36:52,12.9,0.01,7,9030,买盘
2031,09:36:47,12.89,-0.01,30,38670,卖盘
2032,09:36:41,12.9,-0.01,86,110940,买盘
2033,09:36:37,12.91,--,0,0,买盘
2034,09:36:32,12.91,0.01,304,392464,买盘
2035,09:36:27,12.9,-0.01,10,12900,中性盘
2036,09:36:22,12.91,--,1,1291,买盘
2037,09:36:17,12.91,--,157,202687,买盘
2038,09:36:12,12.91,--,15,19365,卖盘
2039,09:36:07,12.91,-0.01,17,21947,卖盘
2040,09:36:02,12.92,--,2,2584,买盘
2041,09:35:57,12.92,--,10,12920,买盘
2042,09:35:52,12.92,0.01,9,11628,买盘
2043,09:35:47,12.91,-0.01,208,268528,卖盘
2044,09:35:42,12.92,-0.01,13,16796,卖盘
2045,09:35:32,12.93,-0.01,31,40083,卖盘
2046,09:35:26,12.94,--,3,3882,卖盘
2047,09:35:21,12.94,-0.01,14,18116,卖盘
2048,09:35:07,12.95,--,20,25900,卖盘
2049,09:35:02,12.95,--,73,94535,卖盘
2050,09:34:57,12.95,-0.03,23,29785,卖盘
2051,09:34:51,12.98,-0.02,3,3894,卖盘
2052,09:34:47,13.0,0.02,18,23400,买盘
2053,09:34:42,12.98,-0.02,3,3894,中性盘
2054,09:34:36,13.0,--,7,9100,买盘
2055,09:34:32,13.0,--,32,41600,买盘
2056,09:34:27,13.0,0.02,73,94900,中性盘
2057,09:34:22,12.98,-0.02,20,25960,卖盘
2058,09:34:17,13.0,--,83,107900,买盘
2059,09:34:12,13.0,0.02,23,29900,买盘
2060,09:34:07,12.98,--,193,250514,卖盘
2061,09:33:57,12.98,0.04,190,246620,买盘
2062,09:33:52,12.94,0.03,100,129400,买盘
2063,09:33:46,12.91,-0.03,50,64550,卖盘
2064,09:33:42,12.94,--,83,107402,买盘
2065,09:33:37,12.94,-0.01,49,63406,卖盘
2066,09:33:31,12.95,--,42,54390,买盘
2067,09:33:26,12.95,0.03,123,159285,买盘
2068,09:33:22,12.92,-0.01,60,77520,卖盘
2069,09:33:12,12.93,-0.01,26,33618,卖盘
2070,09:33:06,12.94,--,16,20704,买盘
2071,09:33:01,12.94,0.05,25,32350,买盘
2072,09:32:56,12.89,-0.03,135,174015,卖盘
2073,09:32:51,12.92,0.03,7,9044,卖盘
2074,09:32:46,12.89,--,0,0,卖盘
2075,09:32:42,12.89,--,129,166281,卖盘
2076,09:32:36,12.89,--,60,77340,卖盘
2077,09:32:31,12.89,--,180,232020,买盘
2078,09:32:26,12.89,--,80,103120,买盘
2079,09:32:21,12.89,-0.03,376,484664,卖盘
2080,09:32:16,12.92,0.04,17,21964,买盘
2081,09:32:11,12.88,--,0,0,卖盘
2082,09:32:05,12.88,--,60,77280,卖盘
2083,09:32:01,12.88,--,102,131376,卖盘
2084,09:31:56,12.88,--,167,215096,买盘
2085,09:31:50,12.88,0.01,28,36064,买盘
2086,09:31:46,12.87,-0.01,16,20592,卖盘
2087,09:31:41,12.88,--,24,30912,买盘
2088,09:31:36,12.88,0.01,72,92736,买盘
2089,09:31:31,12.87,--,58,74646,买盘
2090,09:31:26,12.87,0.01,68,87516,卖盘
2091,09:31:20,12.86,-0.04,146,187756,卖盘
2092,09:31:16,12.9,0.02,41,52890,中性盘
2093,09:31:11,12.88,--,144,185472,卖盘
2094,09:31:06,12.88,-0.02,31,39928,卖盘
2095,09:31:01,12.9,-0.02,75,96750,卖盘
2096,09:30:56,12.92,0.02,13,16796,买盘
2097,09:30:51,12.9,--,82,105780,卖盘
2098,09:30:46,12.9,--,17,21930,买盘
2099,09:30:41,12.9,--,0,0,买盘
2100,09:30:35,12.9,--,15,19350,买盘
2101,09:30:31,12.9,-0.02,143,184470,卖盘
2102,09:30:26,12.92,-0.03,115,148580,卖盘
2103,09:30:21,12.95,--,282,365190,卖盘
2104,09:30:06,12.95,-0.1,490,634550,卖盘
2105,09:28:52,13.05,--,0,0,买盘
2106,09:25:03,13.05,13.05,147,191835,买盘
