,time,price,change,volume,amount,type
0,15:00:00,29.23,--,0,0,卖盘
1,15:00:00,29.23,-0.08,5,14615,卖盘
2,14:59:59,29.31,0.01,52,152412,买盘
3,14:59:54,29.3,-0.01,55,161150,卖盘
4,14:59:50,29.31,--,43,126033,买盘
5,14:59:45,29.31,0.01,87,254997,买盘
6,14:59:39,29.3,-0.01,6,17580,卖盘
7,14:59:35,29.31,0.01,29,84999,买盘
8,14:59:30,29.3,--,29,84970,卖盘
9,14:59:24,29.3,0.1,531,1555830,买盘
10,14:59:20,29.2,--,56,163520,买盘
11,14:59:14,29.2,--,652,1903840,卖盘
12,14:59:09,29.2,-0.02,14,40880,卖盘
13,14:59:05,29.22,0.02,68,198696,买盘
14,14:58:59,29.2,--,35,102200,卖盘
15,14:58:54,29.2,--,22,64240,卖盘
16,14:58:49,29.2,0.07,363,1059960,买盘
17,14:58:45,29.13,0.02,5,14565,买盘
18,14:58:39,29.11,--,0,0,卖盘
19,14:58:34,29.11,-0.01,50,145550,卖盘
20,14:58:29,29.12,--,10,29120,卖盘
21,14:58:24,29.12,0.02,9,26208,卖盘
22,14:58:19,29.1,--,13,37830,卖盘
23,14:58:14,29.1,-0.02,1,2910,卖盘
24,14:58:09,29.12,0.02,11,32032,买盘
25,14:58:04,29.1,--,15,43650,卖盘
26,14:57:59,29.1,--,66,192060,买盘
27,14:57:54,29.1,0.01,84,244440,买盘
28,14:57:49,29.09,-0.01,55,159995,卖盘
29,14:57:44,29.1,--,10,29100,买盘
30,14:57:39,29.1,--,20,58200,买盘
31,14:57:34,29.1,--,26,76358,买盘
32,14:57:24,29.1,0.01,6,17460,买盘
33,14:57:19,29.09,--,19,55271,中性盘
34,14:57:14,29.09,-0.01,8,23272,卖盘
35,14:57:09,29.1,--,1,2910,买盘
36,14:57:04,29.1,0.03,14,40740,买盘
37,14:56:59,29.07,-0.02,66,191862,卖盘
38,14:56:49,29.09,--,67,194903,买盘
39,14:56:39,29.09,--,19,55271,买盘
40,14:56:34,29.09,0.03,48,139632,买盘
41,14:56:19,29.06,--,14,40684,买盘
42,14:56:14,29.06,--,24,69744,买盘
43,14:56:09,29.06,0.01,1,2906,买盘
44,14:56:04,29.05,--,51,148997,买盘
45,14:55:59,29.05,0.01,34,98770,买盘
46,14:55:54,29.04,-0.01,19,55176,卖盘
47,14:55:49,29.05,--,15,43575,买盘
48,14:55:44,29.05,0.01,27,78435,买盘
49,14:55:39,29.04,0.01,3,8712,买盘
50,14:55:28,29.03,-0.01,4,11612,卖盘
51,14:55:19,29.04,--,2,5808,买盘
52,14:55:14,29.04,0.03,11,31944,买盘
53,14:55:09,29.01,-0.01,63,182763,卖盘
54,14:55:03,29.02,--,7,20314,卖盘
55,14:54:58,29.02,0.01,10,29020,买盘
56,14:54:54,29.01,--,16,46474,买盘
57,14:54:48,29.01,--,20,58020,买盘
58,14:54:44,29.01,0.01,11,31911,买盘
59,14:54:39,29.0,-0.01,13,37700,卖盘
60,14:54:33,29.01,--,2,5802,买盘
61,14:54:24,29.01,0.01,3,8703,买盘
62,14:54:14,29.0,--,19,57420,买盘
63,14:54:08,29.0,--,12,34800,买盘
64,14:53:58,29.0,0.01,45,130500,买盘
65,14:53:53,28.99,--,15,43485,卖盘
66,14:53:33,28.99,--,0,0,卖盘
67,14:53:29,28.99,-0.01,34,98566,卖盘
68,14:53:23,29.0,--,1,2900,买盘
69,14:53:18,29.0,0.01,50,145000,买盘
70,14:53:14,28.99,--,7,20293,买盘
71,14:53:08,28.99,--,60,173940,卖盘
72,14:52:59,28.99,-0.01,23,66677,卖盘
73,14:52:53,29.0,--,1,2900,买盘
74,14:52:48,29.0,-0.01,32,95381,卖盘
75,14:52:44,29.01,0.01,16,46416,买盘
76,14:52:33,29.0,--,5,14500,卖盘
77,14:52:28,29.0,-0.01,90,261000,卖盘
78,14:52:23,29.01,--,7,20307,买盘
79,14:52:18,29.01,0.01,25,72525,买盘
80,14:52:13,29.0,-0.02,10,29000,卖盘
81,14:52:08,29.02,0.01,15,43530,买盘
82,14:51:58,29.01,0.01,3,8703,买盘
83,14:51:53,29.0,-0.04,131,380219,卖盘
84,14:51:48,29.04,--,0,0,买盘
85,14:51:43,29.04,0.03,22,63888,买盘
86,14:51:38,29.01,--,4,11604,卖盘
87,14:51:28,29.01,--,18,52218,中性盘
88,14:51:23,29.01,0.01,35,101535,卖盘
89,14:51:18,29.0,--,0,0,卖盘
90,14:51:13,29.0,-0.01,55,159500,卖盘
91,14:51:08,29.01,--,5,14505,卖盘
92,14:51:03,29.01,--,3,8703,买盘
93,14:50:58,29.01,0.01,9,26109,中性盘
94,14:50:53,29.0,-0.01,84,243600,卖盘
95,14:50:43,29.01,0.01,63,182763,买盘
96,14:50:33,29.0,-0.01,21,60900,卖盘
97,14:50:28,29.01,--,4,11604,买盘
98,14:50:23,29.01,-0.01,9,26109,中性盘
99,14:50:18,29.02,--,41,118982,买盘
100,14:50:13,29.02,-0.02,31,92805,卖盘
101,14:50:08,29.04,0.01,12,34906,买盘
102,14:49:58,29.03,--,68,200248,卖盘
103,14:49:53,29.03,-0.02,1,2903,卖盘
104,14:49:48,29.05,--,11,31955,买盘
105,14:49:43,29.05,-0.01,2,7872,卖盘
106,14:49:33,29.06,0.01,4,11624,买盘
107,14:49:28,29.05,--,15,43575,卖盘
108,14:49:23,29.05,--,4,11620,卖盘
109,14:49:18,29.05,--,2,5810,卖盘
110,14:49:13,29.05,--,14,40902,卖盘
111,14:49:08,29.05,-0.01,67,195245,买盘
112,14:48:52,29.06,--,0,0,买盘
113,14:48:48,29.06,0.03,50,145300,买盘
114,14:48:42,29.03,-0.02,14,41396,卖盘
115,14:48:37,29.05,--,107,313536,卖盘
116,14:48:33,29.05,--,66,191730,卖盘
117,14:48:18,29.05,--,2,5810,卖盘
118,14:48:12,29.05,--,4,11620,卖盘
119,14:48:07,29.05,--,31,90258,买盘
120,14:48:03,29.05,--,52,151060,买盘
121,14:47:47,29.05,--,5,14525,买盘
122,14:47:37,29.05,--,5,17226,卖盘
123,14:47:27,29.05,--,3,8715,卖盘
124,14:47:22,29.05,--,11,32158,买盘
125,14:47:12,29.05,--,1,5606,卖盘
126,14:47:07,29.05,0.01,23,67018,买盘
127,14:47:02,29.04,-0.01,5,14520,卖盘
128,14:46:52,29.05,0.01,32,92960,买盘
129,14:46:47,29.04,--,14,41236,卖盘
130,14:46:32,29.04,-0.01,120,348480,卖盘
131,14:46:22,29.05,0.02,107,311038,买盘
132,14:46:17,29.03,-0.01,17,49351,卖盘
133,14:46:12,29.04,0.01,20,58080,买盘
134,14:46:07,29.03,--,53,153859,卖盘
135,14:46:02,29.03,--,2,5806,卖盘
136,14:45:52,29.03,--,6,17418,卖盘
137,14:45:47,29.03,--,14,40874,卖盘
138,14:45:32,29.03,--,23,68539,买盘
139,14:45:27,29.03,0.01,2,5806,买盘
140,14:45:22,29.02,-0.01,12,34824,卖盘
141,14:45:17,29.03,--,7,20321,买盘
142,14:45:12,29.03,-0.01,12,35968,卖盘
143,14:45:07,29.04,0.01,4,11616,买盘
144,14:45:02,29.03,--,11,31933,卖盘
145,14:44:47,29.03,--,82,239816,买盘
146,14:44:42,29.03,--,2,5806,买盘
147,14:44:22,29.03,--,12,34836,买盘
148,14:44:07,29.03,-0.01,24,72052,卖盘
149,14:44:02,29.04,0.01,28,81950,买盘
150,14:43:52,29.03,--,4,11612,卖盘
151,14:43:42,29.03,0.03,58,171160,买盘
152,14:43:37,29.0,-0.03,9,26100,卖盘
153,14:43:32,29.03,0.02,45,131912,买盘
154,14:43:27,29.01,--,0,0,卖盘
155,14:43:22,29.01,-0.01,30,87030,卖盘
156,14:43:17,29.02,-0.01,20,58040,卖盘
157,14:43:12,29.03,0.01,38,110314,买盘
158,14:43:07,29.02,--,4,11608,卖盘
159,14:43:02,29.02,-0.01,34,98668,卖盘
160,14:42:57,29.03,0.01,1,2903,买盘
161,14:42:42,29.02,-0.01,5,14510,卖盘
162,14:42:32,29.03,--,10,29030,买盘
163,14:42:22,29.03,-0.01,5,14515,卖盘
164,14:42:01,29.04,0.01,38,110352,买盘
165,14:41:57,29.03,-0.02,1,2903,卖盘
166,14:41:46,29.05,0.01,24,69720,买盘
167,14:41:41,29.04,--,5,14520,卖盘
168,14:41:36,29.04,-0.01,17,49368,卖盘
169,14:41:31,29.05,0.01,9,26145,买盘
170,14:41:26,29.04,-0.01,64,185856,卖盘
171,14:41:12,29.05,--,31,90055,卖盘
172,14:41:01,29.05,--,26,75530,卖盘
173,14:40:56,29.05,--,7,20335,卖盘
174,14:40:46,29.05,--,39,113295,买盘
175,14:40:41,29.05,-0.01,9,26145,卖盘
176,14:40:36,29.06,0.01,10,29060,买盘
177,14:40:31,29.05,--,12,34860,买盘
178,14:40:01,29.05,0.01,2,5810,买盘
179,14:39:56,29.04,--,20,58080,卖盘
180,14:39:51,29.04,--,6,17424,买盘
181,14:39:46,29.04,-0.01,73,211992,卖盘
182,14:39:41,29.05,0.01,10,29050,买盘
183,14:39:31,29.04,0.01,7,20328,买盘
184,14:39:26,29.03,-0.01,15,43545,卖盘
185,14:39:01,29.04,--,16,46464,买盘
186,14:38:56,29.04,--,5,14520,买盘
187,14:38:51,29.04,-0.01,1,2904,卖盘
188,14:38:46,29.05,--,6,17430,买盘
189,14:38:41,29.05,--,10,29050,买盘
190,14:38:36,29.05,--,2,5810,买盘
191,14:38:31,29.05,0.01,6,17430,买盘
192,14:38:26,29.04,-0.02,31,90024,卖盘
193,14:38:21,29.06,0.01,1,2906,买盘
194,14:38:16,29.05,--,1,2905,买盘
195,14:38:11,29.05,--,20,58100,买盘
196,14:38:01,29.05,--,42,122010,买盘
197,14:37:56,29.05,--,13,37765,买盘
198,14:37:51,29.05,--,26,75530,买盘
199,14:37:46,29.05,--,20,58100,买盘
200,14:37:41,29.05,0.01,20,58100,买盘
201,14:37:36,29.04,0.01,1,2904,买盘
202,14:37:26,29.03,0.01,11,31933,买盘
203,14:37:21,29.02,--,11,31922,卖盘
204,14:37:16,29.02,0.01,11,31922,买盘
205,14:37:11,29.01,--,23,68347,买盘
206,14:37:06,29.01,--,6,17406,买盘
207,14:37:01,29.01,0.01,29,84129,买盘
208,14:36:56,29.0,-0.01,49,142100,卖盘
209,14:36:41,29.01,0.01,8,23208,买盘
210,14:36:31,29.0,-0.01,1,2900,买盘
211,14:36:26,29.01,0.01,30,87030,买盘
212,14:36:16,29.0,0.01,16,46400,买盘
213,14:36:11,28.99,--,0,0,买盘
214,14:36:06,28.99,0.02,144,417456,买盘
215,14:36:01,28.97,0.01,77,223069,买盘
216,14:35:56,28.96,--,2,5792,买盘
217,14:35:51,28.96,-0.01,4,11584,卖盘
218,14:35:35,28.97,--,8,23176,买盘
219,14:35:20,28.97,--,10,28970,买盘
220,14:35:10,28.97,0.02,3,8691,买盘
221,14:35:05,28.95,--,0,0,卖盘
222,14:34:50,28.95,--,4,11580,买盘
223,14:34:45,28.95,--,0,0,买盘
224,14:34:40,28.95,0.02,11,31845,买盘
225,14:34:35,28.93,-0.02,6,17358,卖盘
226,14:34:30,28.95,0.02,1,2895,买盘
227,14:34:10,28.93,--,1,2893,卖盘
228,14:34:05,28.93,-0.02,1,2893,卖盘
229,14:33:55,28.95,--,0,0,买盘
230,14:33:50,28.95,-0.02,43,124485,卖盘
231,14:33:35,28.97,-0.01,3,8691,卖盘
232,14:33:00,28.98,--,8,23184,买盘
233,14:32:50,28.98,0.01,7,20286,买盘
234,14:32:30,28.97,-0.01,1,2897,卖盘
235,14:32:25,28.98,--,5,14490,卖盘
236,14:32:20,28.98,--,5,14490,买盘
237,14:32:15,28.98,--,3,8694,买盘
238,14:32:05,28.98,--,2,5796,买盘
239,14:31:50,28.98,0.01,2,5796,买盘
240,14:31:40,28.97,0.02,1,2897,买盘
241,14:31:35,28.95,--,13,37635,卖盘
242,14:31:10,28.95,--,1,2895,卖盘
243,14:31:05,28.95,0.01,16,46320,买盘
244,14:30:40,28.94,0.02,55,159922,买盘
245,14:30:35,28.92,--,0,0,中性盘
246,14:30:25,28.92,-0.01,50,144600,卖盘
247,14:30:20,28.93,-0.01,6,17358,卖盘
248,14:30:10,28.94,0.01,5,14470,买盘
249,14:30:05,28.93,--,1,2893,卖盘
250,14:30:00,28.93,-0.01,10,28930,卖盘
251,14:29:55,28.94,-0.01,5,14470,卖盘
252,14:29:30,28.95,--,10,28950,买盘
253,14:29:25,28.95,0.01,1,2895,买盘
254,14:29:20,28.94,-0.01,1,2894,卖盘
255,14:29:05,28.95,--,1,2895,买盘
256,14:28:50,28.95,--,4,11580,卖盘
257,14:28:45,28.95,--,12,34740,卖盘
258,14:28:40,28.95,--,9,26055,卖盘
259,14:28:35,28.95,--,2,5790,卖盘
260,14:28:29,28.95,-0.01,34,98430,卖盘
261,14:28:20,28.96,0.01,13,37648,买盘
262,14:28:14,28.95,--,2,5790,卖盘
263,14:28:05,28.95,-0.01,22,63690,卖盘
264,14:27:59,28.96,--,7,20272,卖盘
265,14:27:50,28.96,--,18,52128,卖盘
266,14:27:44,28.96,--,22,63712,卖盘
267,14:27:34,28.96,--,10,28960,卖盘
268,14:27:19,28.96,--,0,0,卖盘
269,14:27:14,28.96,-0.01,6,17376,卖盘
270,14:26:59,28.97,-0.03,1,2897,买盘
271,14:26:54,29.0,--,0,0,买盘
272,14:26:49,29.0,--,0,0,买盘
273,14:26:34,29.0,0.04,52,150800,买盘
274,14:26:29,28.96,-0.02,7,20272,卖盘
275,14:26:19,28.98,-0.02,45,130410,卖盘
276,14:26:09,29.0,--,7,20300,买盘
277,14:25:59,29.0,--,66,191400,买盘
278,14:25:49,29.0,--,29,84100,卖盘
279,14:25:39,29.0,-0.01,6,17400,卖盘
280,14:25:34,29.01,0.01,1,2901,买盘
281,14:25:29,29.0,--,4,11600,卖盘
282,14:25:14,29.0,--,1,2900,卖盘
283,14:25:09,29.0,0.01,39,113100,买盘
284,14:25:04,28.99,-0.01,14,40586,卖盘
285,14:24:59,29.0,--,10,29000,买盘
286,14:24:49,29.0,--,4,11600,买盘
287,14:24:44,29.0,-0.01,20,58000,买盘
288,14:24:34,29.01,0.01,32,92832,买盘
289,14:24:29,29.0,--,11,31900,卖盘
290,14:24:19,29.0,-0.01,20,58000,卖盘
291,14:24:14,29.01,--,14,40614,买盘
292,14:23:59,29.01,--,0,0,买盘
293,14:23:54,29.01,0.01,1,2901,买盘
294,14:23:49,29.0,0.01,10,29000,买盘
295,14:23:44,28.99,-0.04,4,11596,卖盘
296,14:23:34,29.03,0.01,31,89993,买盘
297,14:23:29,29.02,0.01,6,17412,买盘
298,14:23:24,29.01,--,5,14505,卖盘
299,14:23:19,29.01,0.02,45,130545,买盘
300,14:23:04,28.99,-0.01,1,2899,卖盘
301,14:22:59,29.0,0.02,6,17400,买盘
302,14:22:54,28.98,--,0,0,卖盘
303,14:22:34,28.98,-0.03,6,17388,卖盘
304,14:22:24,29.01,--,0,0,中性盘
305,14:22:19,29.01,--,4,11604,卖盘
306,14:22:14,29.01,0.03,26,75426,买盘
307,14:22:09,28.98,-0.02,30,86940,卖盘
308,14:22:04,29.0,0.01,2,5800,买盘
309,14:21:59,28.99,-0.01,11,31889,卖盘
310,14:21:54,29.0,--,12,34800,买盘
311,14:21:38,29.0,0.01,45,130500,买盘
312,14:21:34,28.99,-0.01,63,182637,卖盘
313,14:21:29,29.0,0.01,46,133400,买盘
314,14:21:23,28.99,-0.01,3,8697,卖盘
315,14:21:19,29.0,--,17,49300,买盘
316,14:21:14,29.0,0.01,13,37700,买盘
317,14:21:08,28.99,--,47,136253,卖盘
318,14:20:59,28.99,-0.01,5,14495,卖盘
319,14:20:53,29.0,0.01,2,5800,买盘
320,14:20:48,28.99,--,9,26091,买盘
321,14:20:44,28.99,--,8,23192,买盘
322,14:20:38,28.99,--,9,26091,买盘
323,14:20:33,28.99,--,27,78273,买盘
324,14:20:23,28.99,0.01,8,23192,买盘
325,14:20:13,28.98,-0.01,18,52164,卖盘
326,14:20:08,28.99,0.01,10,28990,买盘
327,14:20:03,28.98,--,4,11592,卖盘
328,14:19:53,28.98,0.01,12,34776,买盘
329,14:19:38,28.97,--,0,0,中性盘
330,14:19:28,28.97,--,3,8691,买盘
331,14:19:23,28.97,0.01,11,31867,买盘
332,14:19:18,28.96,-0.02,12,34752,卖盘
333,14:19:13,28.98,--,1,2898,买盘
334,14:19:08,28.98,--,5,14490,买盘
335,14:19:03,28.98,0.03,1,2898,买盘
336,14:18:58,28.95,--,26,75270,卖盘
337,14:18:43,28.95,-0.03,5,14475,中性盘
338,14:18:38,28.98,0.03,19,55062,买盘
339,14:18:28,28.95,-0.01,19,55005,卖盘
340,14:18:18,28.96,--,5,14480,买盘
341,14:18:08,28.96,--,1,2896,买盘
342,14:18:03,28.96,0.01,2,5792,买盘
343,14:17:58,28.95,--,50,144750,卖盘
344,14:17:43,28.95,--,103,298185,买盘
345,14:17:37,28.95,0.01,77,222915,买盘
346,14:17:23,28.94,--,4,11576,买盘
347,14:17:13,28.94,--,10,28940,买盘
348,14:17:08,28.94,0.02,10,28940,买盘
349,14:16:43,28.92,--,1,2892,买盘
350,14:16:37,28.92,0.01,22,63624,买盘
351,14:16:33,28.91,-0.01,5,14455,卖盘
352,14:16:28,28.92,--,3,8676,买盘
353,14:16:22,28.92,--,54,156168,买盘
354,14:16:07,28.92,-0.02,15,43380,中性盘
355,14:16:03,28.94,0.02,23,66562,买盘
356,14:15:53,28.92,--,3,8676,买盘
357,14:15:48,28.92,0.01,7,20244,买盘
358,14:15:43,28.91,0.01,7,20237,买盘
359,14:15:33,28.9,0.03,13,37570,买盘
360,14:15:28,28.87,-0.03,13,37531,卖盘
361,14:15:23,28.9,0.03,10,28900,买盘
362,14:14:52,28.87,-0.03,36,103932,卖盘
363,14:14:47,28.9,--,26,75140,卖盘
364,14:14:27,28.9,0.02,24,69360,买盘
365,14:14:12,28.88,--,0,0,卖盘
366,14:14:02,28.88,--,0,0,卖盘
367,14:13:47,28.88,--,4,11552,卖盘
368,14:13:42,28.88,--,3,8664,卖盘
369,14:13:22,28.88,--,10,28880,卖盘
370,14:13:17,28.88,--,1,2888,卖盘
371,14:13:12,28.88,--,4,11552,卖盘
372,14:13:07,28.88,-0.01,1,2888,卖盘
373,14:13:02,28.89,--,4,11556,买盘
374,14:12:52,28.89,-0.01,38,109782,卖盘
375,14:12:42,28.9,--,8,23120,买盘
376,14:12:32,28.9,--,1,2890,买盘
377,14:12:22,28.9,--,5,14450,卖盘
378,14:12:17,28.9,--,1,2890,卖盘
379,14:11:52,28.9,--,10,28900,卖盘
380,14:11:47,28.9,--,10,28900,卖盘
381,14:11:32,28.9,--,23,66470,买盘
382,14:11:16,28.9,--,7,20230,买盘
383,14:11:07,28.9,--,1,2890,买盘
384,14:11:01,28.9,--,2,5780,买盘
385,14:10:57,28.9,--,10,28900,买盘
386,14:10:46,28.9,--,8,23120,买盘
387,14:10:31,28.9,--,5,14450,卖盘
388,14:10:22,28.9,--,2,5780,卖盘
389,14:10:16,28.9,--,0,0,卖盘
390,14:09:57,28.9,--,2,5780,卖盘
391,14:09:52,28.9,0.01,6,17340,买盘
392,14:09:16,28.89,--,6,17334,卖盘
393,14:09:07,28.89,--,6,17334,卖盘
394,14:08:36,28.89,-0.01,2,5778,卖盘
395,14:08:16,28.9,0.01,11,31790,买盘
396,14:07:57,28.89,-0.01,1,2889,卖盘
397,14:07:37,28.9,--,10,28900,买盘
398,14:07:26,28.9,--,18,52020,买盘
399,14:07:22,28.9,--,10,28900,买盘
400,14:07:07,28.9,--,6,17340,买盘
401,14:07:01,28.9,--,10,28900,买盘
402,14:06:56,28.9,--,132,381480,卖盘
403,14:06:26,28.9,--,10,28900,卖盘
404,14:06:16,28.9,-0.01,37,106930,卖盘
405,14:06:11,28.91,0.01,1,2891,买盘
406,14:05:51,28.9,-0.02,2,5780,卖盘
407,14:05:46,28.92,--,0,0,买盘
408,14:05:41,28.92,--,4,11568,买盘
409,14:05:26,28.92,0.02,12,34704,买盘
410,14:05:21,28.9,--,10,28900,卖盘
411,14:05:16,28.9,-0.02,10,28900,卖盘
412,14:05:06,28.92,0.02,5,14460,买盘
413,14:04:46,28.9,-0.04,28,80920,卖盘
414,14:04:41,28.94,0.02,27,78138,买盘
415,14:04:31,28.92,--,4,11568,买盘
416,14:04:26,28.92,--,3,8676,买盘
417,14:04:21,28.92,--,4,11568,卖盘
418,14:04:16,28.92,-0.02,1,2892,卖盘
419,14:04:11,28.94,0.02,30,86820,买盘
420,14:03:55,28.92,--,6,17352,买盘
421,14:03:46,28.92,0.01,1,2892,买盘
422,14:03:40,28.91,-0.01,5,14455,买盘
423,14:03:31,28.92,0.02,102,294984,买盘
424,14:03:25,28.9,-0.02,2,5780,卖盘
425,14:03:21,28.92,0.02,27,78084,买盘
426,14:03:10,28.9,--,5,14450,卖盘
427,14:03:06,28.9,-0.01,20,57800,卖盘
428,14:02:55,28.91,-0.01,2,5782,中性盘
429,14:02:51,28.92,0.01,13,37596,买盘
430,14:02:46,28.91,-0.01,3,8673,卖盘
431,14:02:40,28.92,--,5,14460,买盘
432,14:02:31,28.92,--,3,8676,买盘
433,14:02:25,28.92,-0.01,6,17352,卖盘
434,14:02:01,28.93,--,3,8679,买盘
435,14:01:51,28.93,--,12,34716,买盘
436,14:01:40,28.93,0.01,2,5786,买盘
437,14:01:36,28.92,--,3,8676,卖盘
438,14:01:30,28.92,--,1,2892,卖盘
439,14:01:25,28.92,--,2,5784,卖盘
440,14:01:10,28.92,--,0,0,中性盘
441,14:00:55,28.92,0.01,1,2892,买盘
442,14:00:51,28.91,0.01,2,5782,卖盘
443,14:00:40,28.9,--,0,0,卖盘
444,14:00:20,28.9,--,0,0,卖盘
445,14:00:00,28.9,--,17,49130,买盘
446,13:59:55,28.9,--,15,43350,买盘
447,13:59:46,28.9,0.01,13,37570,买盘
448,13:59:40,28.89,--,5,14445,卖盘
449,13:59:25,28.89,-0.01,24,69336,中性盘
450,13:59:20,28.9,0.02,14,40460,买盘
451,13:59:15,28.88,--,14,40432,买盘
452,13:59:10,28.88,0.01,1,2888,买盘
453,13:59:05,28.87,--,5,14435,卖盘
454,13:58:50,28.87,--,17,49079,买盘
455,13:58:35,28.87,0.02,3,8661,买盘
456,13:58:30,28.85,0.01,2,5770,中性盘
457,13:58:05,28.84,-0.03,4,11536,卖盘
458,13:58:00,28.87,0.03,4,11548,买盘
459,13:57:55,28.84,--,6,17304,卖盘
460,13:57:35,28.84,--,1,2884,卖盘
461,13:57:20,28.84,0.01,1,2884,卖盘
462,13:57:10,28.83,--,18,54229,卖盘
463,13:56:40,28.83,--,1,2883,卖盘
464,13:56:34,28.83,--,10,28830,卖盘
465,13:56:15,28.83,--,1,2883,卖盘
466,13:56:00,28.83,--,27,77841,买盘
467,13:55:55,28.83,--,21,60543,卖盘
468,13:55:40,28.83,--,0,0,中性盘
469,13:55:34,28.83,0.01,1,2883,买盘
470,13:55:25,28.82,--,3,8646,卖盘
471,13:55:10,28.82,--,10,28820,卖盘
472,13:55:00,28.82,-0.01,4,11528,卖盘
473,13:54:39,28.83,--,10,28830,买盘
474,13:54:04,28.83,--,2,5766,买盘
475,13:54:00,28.83,0.01,2,5766,买盘
476,13:53:49,28.82,--,1,2882,卖盘
477,13:53:45,28.82,-0.01,31,89342,卖盘
478,13:53:19,28.83,--,10,28830,卖盘
479,13:53:14,28.83,-0.01,3,8649,卖盘
480,13:53:09,28.84,--,4,11536,买盘
481,13:52:59,28.84,--,0,547,卖盘
482,13:52:54,28.84,--,1,5220,买盘
483,13:52:49,28.84,--,0,0,买盘
484,13:52:44,28.84,0.01,12,34608,买盘
485,13:52:39,28.83,--,10,28830,买盘
486,13:52:09,28.83,-0.01,3,8649,卖盘
487,13:52:04,28.84,--,3,8652,买盘
488,13:51:44,28.84,--,1,2884,买盘
489,13:51:34,28.84,-0.01,2,5768,买盘
490,13:51:19,28.85,--,1,3433,卖盘
491,13:51:14,28.85,--,15,45611,买盘
492,13:51:04,28.85,--,16,46160,买盘
493,13:50:59,28.85,--,0,0,买盘
494,13:50:54,28.85,0.05,3,8655,买盘
495,13:50:29,28.8,0.02,46,132480,买盘
496,13:50:19,28.78,-0.02,23,66194,卖盘
497,13:50:14,28.8,--,1,2880,买盘
498,13:50:04,28.8,--,0,0,买盘
499,13:49:59,28.8,0.02,4,11520,买盘
500,13:49:54,28.78,-0.02,2,5756,卖盘
501,13:49:49,28.8,--,0,0,买盘
502,13:49:44,28.8,0.01,452,1301760,买盘
503,13:49:34,28.79,--,1,2879,买盘
504,13:49:24,28.79,--,5,14395,买盘
505,13:49:19,28.79,0.02,10,28790,买盘
506,13:49:04,28.77,-0.02,6,17262,卖盘
507,13:48:58,28.79,0.02,5,14395,买盘
508,13:48:39,28.77,--,15,43155,买盘
509,13:48:34,28.77,--,3,8631,买盘
510,13:48:28,28.77,0.01,7,20139,买盘
511,13:48:19,28.76,--,13,37388,买盘
512,13:48:04,28.76,--,11,31636,买盘
513,13:47:58,28.76,-0.01,76,218576,卖盘
514,13:47:39,28.77,--,179,514983,买盘
515,13:47:34,28.77,--,16,46032,买盘
516,13:47:19,28.77,0.01,3,8631,买盘
517,13:47:13,28.76,-0.02,1,2876,卖盘
518,13:47:09,28.78,-0.01,4,11512,卖盘
519,13:47:04,28.79,0.01,12,34548,买盘
520,13:46:58,28.78,0.02,1,2878,买盘
521,13:46:54,28.76,-0.02,100,287600,卖盘
522,13:46:48,28.78,0.02,1,2878,买盘
523,13:46:43,28.76,--,0,0,卖盘
524,13:46:39,28.76,--,30,86280,卖盘
525,13:46:33,28.76,--,135,388260,买盘
526,13:46:28,28.76,--,5,14380,买盘
527,13:46:23,28.76,--,22,63272,买盘
528,13:46:18,28.76,--,5,14380,买盘
529,13:46:13,28.76,--,1,2876,买盘
530,13:46:08,28.76,--,42,120792,卖盘
531,13:45:58,28.76,--,15,43140,卖盘
532,13:45:53,28.76,--,79,227204,买盘
533,13:45:43,28.76,--,39,112164,买盘
534,13:45:38,28.76,--,17,48892,买盘
535,13:45:33,28.76,0.01,100,287600,买盘
536,13:45:28,28.75,-0.01,5,14375,卖盘
537,13:45:23,28.76,--,0,0,买盘
538,13:45:18,28.76,0.01,10,28760,买盘
539,13:45:13,28.75,--,36,103500,买盘
540,13:45:08,28.75,-0.03,57,163875,卖盘
541,13:45:03,28.78,0.03,7,20146,买盘
542,13:44:53,28.75,--,111,319125,卖盘
543,13:44:48,28.75,--,22,63250,卖盘
544,13:44:43,28.75,--,14,40250,卖盘
545,13:44:38,28.75,--,16,46000,卖盘
546,13:44:33,28.75,--,3,8625,卖盘
547,13:44:28,28.75,--,24,69000,买盘
548,13:44:23,28.75,0.04,2,5750,买盘
549,13:44:18,28.71,--,0,0,卖盘
550,13:44:13,28.71,--,185,531135,卖盘
551,13:44:08,28.71,-0.03,9,25839,卖盘
552,13:44:03,28.74,-0.01,1,2874,买盘
553,13:43:58,28.75,--,2,5750,买盘
554,13:43:53,28.75,0.02,10,28750,买盘
555,13:43:48,28.73,-0.02,30,86190,卖盘
556,13:43:43,28.75,--,103,296125,买盘
557,13:43:38,28.75,--,2,5750,买盘
558,13:43:33,28.75,--,2,5750,买盘
559,13:43:28,28.75,-0.01,9,25875,卖盘
560,13:43:23,28.76,--,8,23008,卖盘
561,13:43:13,28.76,0.06,4,11504,买盘
562,13:43:08,28.7,-0.06,502,1440740,卖盘
563,13:43:03,28.76,0.01,1,2876,买盘
564,13:42:43,28.75,--,8,23000,卖盘
565,13:42:38,28.75,0.02,18,52785,买盘
566,13:42:33,28.73,-0.02,85,244894,卖盘
567,13:42:28,28.75,--,7,20125,买盘
568,13:42:23,28.75,-0.02,29,84525,卖盘
569,13:42:18,28.77,0.02,72,208870,买盘
570,13:42:13,28.75,-0.01,46,132250,卖盘
571,13:41:58,28.76,-0.01,22,63703,卖盘
572,13:41:53,28.77,-0.01,12,34524,买盘
573,13:41:43,28.78,--,55,158290,卖盘
574,13:41:37,28.78,--,2,5756,卖盘
575,13:41:33,28.78,--,2,5756,卖盘
576,13:41:28,28.78,--,6,17268,卖盘
577,13:41:22,28.78,--,35,100730,买盘
578,13:41:07,28.78,--,1,2878,买盘
579,13:41:03,28.78,--,30,86340,买盘
580,13:40:58,28.78,--,0,0,中性盘
581,13:40:52,28.78,--,2,5756,卖盘
582,13:40:43,28.78,--,51,146778,卖盘
583,13:40:37,28.78,--,9,25902,卖盘
584,13:40:28,28.78,--,25,71950,卖盘
585,13:40:22,28.78,--,1,2878,卖盘
586,13:40:18,28.78,--,16,46048,卖盘
587,13:40:13,28.78,0.02,67,192826,买盘
588,13:40:03,28.76,--,41,120360,卖盘
589,13:39:52,28.76,-0.02,30,86280,卖盘
590,13:39:43,28.78,-0.02,1,2878,卖盘
591,13:39:27,28.8,--,4,11520,买盘
592,13:39:22,28.8,-0.03,228,658051,卖盘
593,13:39:07,28.83,--,0,0,卖盘
594,13:39:02,28.83,-0.01,102,294066,卖盘
595,13:38:52,28.84,--,13,37492,卖盘
596,13:38:32,28.84,-0.01,4,11536,卖盘
597,13:38:17,28.85,--,22,63758,卖盘
598,13:38:12,28.85,--,0,1154,卖盘
599,13:38:07,28.85,-0.01,0,1154,卖盘
600,13:37:52,28.86,--,4,11544,卖盘
601,13:37:37,28.86,0.01,6,17316,买盘
602,13:37:22,28.85,--,8,23080,卖盘
603,13:37:07,28.85,-0.01,7,21637,卖盘
604,13:36:57,28.86,--,6,17316,卖盘
605,13:36:22,28.86,-0.01,5,14430,卖盘
606,13:36:07,28.87,--,9,25983,卖盘
607,13:35:37,28.87,--,17,49079,卖盘
608,13:35:32,28.87,--,0,0,中性盘
609,13:35:02,28.87,-0.01,1,2887,买盘
610,13:34:27,28.88,--,0,0,买盘
611,13:34:22,28.88,0.03,3,8664,买盘
612,13:34:16,28.85,--,0,1154,卖盘
613,13:34:12,28.85,--,0,1154,卖盘
614,13:34:07,28.85,-0.02,20,58854,卖盘
615,13:33:52,28.87,--,0,0,中性盘
616,13:33:46,28.87,--,4,11548,卖盘
617,13:33:37,28.87,--,11,31757,买盘
618,13:33:31,28.87,0.01,1,2887,买盘
619,13:33:12,28.86,--,1,2886,买盘
620,13:33:01,28.86,0.01,5,14430,买盘
621,13:32:52,28.85,--,0,0,卖盘
622,13:32:31,28.85,-0.02,0,1154,卖盘
623,13:32:22,28.87,0.03,1,2887,买盘
624,13:32:07,28.84,--,0,0,卖盘
625,13:32:01,28.84,-0.02,12,34608,卖盘
626,13:31:51,28.86,-0.01,1,2886,卖盘
627,13:31:46,28.87,0.02,1,2887,卖盘
628,13:31:31,28.85,--,0,0,中性盘
629,13:31:16,28.85,-0.03,7,20195,卖盘
630,13:31:01,28.88,--,18,51984,买盘
631,13:30:56,28.88,0.03,1,2888,买盘
632,13:30:31,28.85,--,47,135595,买盘
633,13:30:26,28.85,--,1,2885,买盘
634,13:30:11,28.85,0.01,11,31735,买盘
635,13:29:56,28.84,--,4,11536,卖盘
636,13:29:46,28.84,-0.01,2,5768,卖盘
637,13:29:31,28.85,--,83,239455,卖盘
638,13:29:26,28.85,--,1,2885,卖盘
639,13:29:11,28.85,--,20,57700,卖盘
640,13:29:06,28.85,--,1,2885,卖盘
641,13:29:01,28.85,--,5,14425,卖盘
642,13:28:41,28.85,-0.05,2,5770,卖盘
643,13:28:31,28.9,--,0,0,买盘
644,13:28:26,28.9,0.05,22,63580,买盘
645,13:28:21,28.85,--,8,23080,卖盘
646,13:28:16,28.85,--,10,28850,卖盘
647,13:28:11,28.85,--,10,28850,卖盘
648,13:28:06,28.85,--,2,5770,卖盘
649,13:27:56,28.85,--,10,28850,卖盘
650,13:27:46,28.85,--,20,57700,卖盘
651,13:27:41,28.85,--,12,34620,卖盘
652,13:27:31,28.85,--,1,2885,卖盘
653,13:27:11,28.85,--,2,5770,卖盘
654,13:26:46,28.85,--,3,8655,卖盘
655,13:26:40,28.85,--,45,129825,卖盘
656,13:26:31,28.85,--,16,46160,买盘
657,13:26:21,28.85,--,4,11540,卖盘
658,13:26:10,28.85,--,8,23080,卖盘
659,13:25:55,28.85,--,16,46160,买盘
660,13:25:46,28.85,--,24,69240,卖盘
661,13:25:25,28.85,--,9,25965,卖盘
662,13:25:10,28.85,-0.05,7,20195,卖盘
663,13:25:01,28.9,0.06,4,11560,买盘
664,13:24:46,28.84,--,0,0,卖盘
665,13:24:36,28.84,-0.06,2,5768,卖盘
666,13:24:25,28.9,--,1,2890,买盘
667,13:23:45,28.9,0.07,4,11560,买盘
668,13:23:36,28.83,--,0,0,卖盘
669,13:23:25,28.83,--,105,302715,卖盘
670,13:23:10,28.83,--,13,37479,卖盘
671,13:22:50,28.83,--,15,43245,卖盘
672,13:22:45,28.83,--,10,28830,卖盘
673,13:22:35,28.83,--,10,28830,卖盘
674,13:22:25,28.83,--,20,57660,卖盘
675,13:22:05,28.83,--,1,2883,买盘
676,13:21:55,28.83,0.01,3,8649,卖盘
677,13:21:50,28.82,--,0,0,卖盘
678,13:21:40,28.82,-0.04,10,28820,卖盘
679,13:21:35,28.86,0.01,91,264097,买盘
680,13:21:30,28.85,--,0,0,买盘
681,13:21:25,28.85,--,13,38918,卖盘
682,13:21:00,28.85,--,23,66355,卖盘
683,13:20:45,28.85,--,0,0,卖盘
684,13:20:39,28.85,-0.02,17,50516,卖盘
685,13:20:35,28.87,0.01,1,2887,买盘
686,13:20:30,28.86,-0.01,3,8658,卖盘
687,13:20:25,28.87,-0.01,26,75062,卖盘
688,13:20:09,28.88,-0.01,40,118379,卖盘
689,13:19:55,28.89,-0.01,10,28890,卖盘
690,13:19:35,28.9,--,5,14450,买盘
691,13:19:30,28.9,--,0,0,中性盘
692,13:19:19,28.9,--,10,28900,卖盘
693,13:19:14,28.9,--,1,2890,卖盘
694,13:19:04,28.9,--,2,5780,卖盘
695,13:19:00,28.9,--,9,26010,卖盘
696,13:18:55,28.9,-0.01,1,2890,卖盘
697,13:18:34,28.91,-0.01,3,8673,卖盘
698,13:18:19,28.92,--,0,0,中性盘
699,13:18:10,28.92,--,30,86760,卖盘
700,13:17:55,28.92,--,12,34704,卖盘
701,13:17:00,28.92,--,8,23136,卖盘
702,13:16:19,28.92,-0.03,6,17352,卖盘
703,13:16:09,28.95,--,3,8685,中性盘
704,13:16:04,28.95,--,4,11580,卖盘
705,13:15:49,28.95,--,1,2895,中性盘
706,13:15:34,28.95,--,50,144750,买盘
707,13:15:09,28.95,0.03,4,11580,买盘
708,13:14:49,28.92,0.01,2,5784,买盘
709,13:14:39,28.91,0.02,5,14455,卖盘
710,13:14:34,28.89,--,0,0,卖盘
711,13:14:24,28.89,--,0,0,卖盘
712,13:14:19,28.89,--,30,86670,卖盘
713,13:14:04,28.89,--,1,2889,卖盘
714,13:13:59,28.89,--,3,8695,买盘
715,13:13:48,28.89,--,8,23112,买盘
716,13:13:34,28.89,-0.01,7,20223,卖盘
717,13:13:24,28.9,--,6,20201,卖盘
718,13:13:14,28.9,--,2,5808,买盘
719,13:12:59,28.9,--,3,8670,买盘
720,13:12:44,28.9,-0.02,28,83781,卖盘
721,13:12:29,28.92,--,1,2892,买盘
722,13:12:24,28.92,--,2,5784,买盘
723,13:12:19,28.92,0.02,2,5784,买盘
724,13:12:04,28.9,--,17,49130,卖盘
725,13:11:54,28.9,--,0,0,卖盘
726,13:11:24,28.9,--,0,0,卖盘
727,13:11:19,28.9,-0.01,3,8670,卖盘
728,13:10:58,28.91,--,0,28,卖盘
729,13:10:54,28.91,--,3,8673,卖盘
730,13:10:49,28.91,0.01,11,31801,中性盘
731,13:10:43,28.9,-0.02,4,11560,卖盘
732,13:10:13,28.92,--,2,5784,买盘
733,13:10:04,28.92,--,2,5784,卖盘
734,13:09:39,28.92,-0.01,20,57840,卖盘
735,13:09:34,28.93,--,12,34716,买盘
736,13:09:04,28.93,--,0,0,中性盘
737,13:08:43,28.93,--,11,31823,卖盘
738,13:08:38,28.93,-0.02,1,2893,卖盘
739,13:07:43,28.95,--,3,8685,卖盘
740,13:07:38,28.95,--,11,31845,卖盘
741,13:07:28,28.95,--,2,5790,卖盘
742,13:07:08,28.95,--,1,2895,卖盘
743,13:07:03,28.95,0.02,7,20265,买盘
744,13:06:53,28.93,--,14,40502,卖盘
745,13:06:38,28.93,--,2,5786,卖盘
746,13:06:27,28.93,--,2,5786,卖盘
747,13:06:23,28.93,--,0,0,卖盘
748,13:06:18,28.93,-0.02,6,17358,卖盘
749,13:06:08,28.95,--,0,0,买盘
750,13:06:03,28.95,0.02,22,63690,买盘
751,13:05:43,28.93,--,0,0,卖盘
752,13:05:23,28.93,--,1,2893,卖盘
753,13:05:18,28.93,-0.02,4,11572,卖盘
754,13:04:53,28.95,--,11,31845,卖盘
755,13:04:43,28.95,--,2,5790,卖盘
756,13:04:12,28.95,--,1,2895,卖盘
757,13:04:08,28.95,-0.02,51,147645,卖盘
758,13:03:53,28.97,0.02,5,14485,买盘
759,13:03:37,28.95,--,6,17370,卖盘
760,13:03:21,28.95,-0.02,1,2895,卖盘
761,13:03:07,28.97,--,6,17382,买盘
762,13:03:03,28.97,--,3,8691,买盘
763,13:02:58,28.97,-0.03,53,153541,卖盘
764,13:02:43,29.0,--,0,0,买盘
765,13:02:36,29.0,0.03,101,292900,买盘
766,13:02:13,28.97,--,1,2897,卖盘
767,13:01:58,28.97,0.02,6,17382,卖盘
768,13:01:47,28.95,--,0,0,卖盘
769,13:01:32,28.95,-0.03,7,20265,卖盘
770,13:01:13,28.98,0.03,50,144900,买盘
771,13:01:02,28.95,-0.02,7,20265,卖盘
772,13:00:47,28.97,0.01,4,11588,买盘
773,13:00:32,28.96,0.01,1,2896,买盘
774,13:00:27,28.95,--,0,0,卖盘
775,13:00:07,28.95,--,129,373455,买盘
776,13:00:02,28.95,--,1,2895,买盘
777,11:30:00,28.95,--,0,0,买盘
778,11:30:00,28.95,--,0,0,买盘
779,11:29:38,28.95,0.04,1,2895,买盘
780,11:29:18,28.91,--,22,63602,买盘
781,11:29:08,28.91,--,2,5782,买盘
782,11:29:03,28.91,--,5,14455,买盘
783,11:28:48,28.91,-0.01,23,66493,卖盘
784,11:28:43,28.92,--,1,2892,买盘
785,11:28:38,28.92,--,1,2892,买盘
786,11:28:33,28.92,--,43,124356,卖盘
787,11:28:28,28.92,--,29,83868,买盘
788,11:28:18,28.92,0.01,4,11568,买盘
789,11:28:03,28.91,0.03,6,17346,中性盘
790,11:27:48,28.88,-0.04,2,5776,卖盘
791,11:27:32,28.92,0.04,5,14460,买盘
792,11:27:22,28.88,0.01,3,8664,卖盘
793,11:26:52,28.87,--,0,0,卖盘
794,11:26:28,28.87,-0.05,1,2887,卖盘
795,11:26:12,28.92,0.02,9,26028,买盘
796,11:25:52,28.9,0.03,1,2890,中性盘
797,11:25:32,28.87,-0.05,3,8661,卖盘
798,11:25:12,28.92,--,0,0,买盘
799,11:25:07,28.92,-0.02,1,2892,买盘
800,11:24:58,28.94,--,13,37622,卖盘
801,11:24:52,28.94,--,2,5788,卖盘
802,11:24:47,28.94,0.09,12,34728,买盘
803,11:24:42,28.85,--,0,0,卖盘
804,11:24:37,28.85,0.03,1,2885,卖盘
805,11:24:32,28.82,--,0,0,卖盘
806,11:24:28,28.82,--,0,0,卖盘
807,11:24:02,28.82,--,0,0,卖盘
808,11:23:52,28.82,--,0,0,卖盘
809,11:23:47,28.82,--,0,0,卖盘
810,11:23:42,28.82,-0.01,33,95106,卖盘
811,11:23:37,28.83,--,2,5766,买盘
812,11:23:27,28.83,-0.12,38,109554,卖盘
813,11:23:22,28.95,--,52,150540,买盘
814,11:23:12,28.95,--,0,0,买盘
815,11:23:07,28.95,0.03,10,28950,买盘
816,11:23:02,28.92,--,2,5784,买盘
817,11:22:57,28.92,-0.03,6,17352,卖盘
818,11:22:52,28.95,0.03,1,2895,买盘
819,11:22:42,28.92,--,1,2892,卖盘
820,11:22:37,28.92,-0.03,14,40488,卖盘
821,11:22:32,28.95,--,2,5790,买盘
822,11:22:17,28.95,--,3,8685,买盘
823,11:22:02,28.95,--,0,0,买盘
824,11:21:52,28.95,0.05,6,17370,买盘
825,11:21:47,28.9,0.02,25,72250,买盘
826,11:21:42,28.88,--,2,5776,卖盘
827,11:21:37,28.88,-0.02,3,8664,卖盘
828,11:21:27,28.9,--,15,43350,买盘
829,11:21:12,28.9,0.02,6,17340,买盘
830,11:21:07,28.88,0.08,2,5776,买盘
831,11:21:01,28.8,--,0,0,卖盘
832,11:20:31,28.8,--,0,0,卖盘
833,11:20:11,28.8,--,5,14400,卖盘
834,11:20:07,28.8,--,6,17280,买盘
835,11:19:52,28.8,0.04,1,2880,买盘
836,11:19:46,28.76,--,28,80528,买盘
837,11:19:41,28.76,--,0,0,买盘
838,11:19:37,28.76,-0.04,12,34512,卖盘
839,11:19:31,28.8,--,5,14400,卖盘
840,11:19:26,28.8,--,0,0,卖盘
841,11:19:21,28.8,0.07,20,57600,卖盘
842,11:19:16,28.73,--,0,0,卖盘
843,11:19:01,28.73,-0.07,183,527166,卖盘
844,11:18:51,28.8,--,36,105148,卖盘
845,11:18:41,28.8,0.01,203,586051,买盘
846,11:18:36,28.79,-0.01,18,51822,卖盘
847,11:18:26,28.8,--,2,5760,买盘
848,11:18:21,28.8,--,5,14400,买盘
849,11:18:06,28.8,--,8,23040,卖盘
850,11:17:56,28.8,-0.02,60,172800,卖盘
851,11:17:51,28.82,--,34,97988,买盘
852,11:17:41,28.82,--,4,11528,买盘
853,11:17:36,28.82,-0.02,30,86460,卖盘
854,11:17:31,28.84,--,8,23072,买盘
855,11:17:16,28.84,--,1,2884,买盘
856,11:17:11,28.84,-0.01,6,17304,卖盘
857,11:17:06,28.85,0.01,1,2885,买盘
858,11:16:46,28.84,0.01,17,49028,买盘
859,11:16:41,28.83,--,3,8649,卖盘
860,11:16:36,28.83,--,36,103788,卖盘
861,11:16:31,28.83,--,174,501641,买盘
862,11:16:21,28.83,0.01,38,109554,买盘
863,11:16:16,28.82,-0.01,17,48994,卖盘
864,11:16:06,28.83,--,10,28830,卖盘
865,11:15:56,28.83,-0.01,2,5766,卖盘
866,11:15:51,28.84,--,1,2884,中性盘
867,11:15:46,28.84,-0.01,68,196112,卖盘
868,11:15:41,28.85,--,3,8655,买盘
869,11:15:36,28.85,-0.03,13,37505,卖盘
870,11:15:31,28.88,0.03,2,5776,买盘
871,11:15:16,28.85,-0.03,13,37505,卖盘
872,11:15:11,28.88,0.03,10,28880,买盘
873,11:15:01,28.85,--,8,23080,卖盘
874,11:14:31,28.85,0.01,18,51930,买盘
875,11:14:21,28.84,--,0,0,卖盘
876,11:14:16,28.84,--,3,8652,卖盘
877,11:14:01,28.84,--,37,106708,买盘
878,11:13:46,28.84,--,1,2884,买盘
879,11:13:40,28.84,--,3,8652,买盘
880,11:13:36,28.84,--,2,5768,买盘
881,11:13:31,28.84,--,2,5768,买盘
882,11:13:21,28.84,--,0,0,买盘
883,11:13:16,28.84,-0.01,21,60564,卖盘
884,11:13:06,28.85,--,3,8655,买盘
885,11:12:55,28.85,0.01,6,17310,买盘
886,11:12:46,28.84,--,5,14420,卖盘
887,11:12:40,28.84,--,5,14420,卖盘
888,11:12:36,28.84,0.02,10,28840,卖盘
889,11:12:31,28.82,--,7,20174,中性盘
890,11:12:25,28.82,--,10,28820,买盘
891,11:12:10,28.82,--,20,57640,卖盘
892,11:11:55,28.82,-0.02,1,2882,卖盘
893,11:11:46,28.84,0.02,10,28840,买盘
894,11:11:40,28.82,--,0,0,买盘
895,11:11:35,28.82,--,4,11528,买盘
896,11:11:31,28.82,0.02,84,242088,买盘
897,11:11:25,28.8,-0.02,176,506880,卖盘
898,11:11:20,28.82,-0.02,5,14410,卖盘
899,11:11:10,28.84,-0.01,9,25956,卖盘
900,11:11:00,28.85,--,5,14425,买盘
901,11:10:55,28.85,--,13,37505,买盘
902,11:10:45,28.85,--,1,2885,卖盘
903,11:10:40,28.85,--,4,11540,卖盘
904,11:10:25,28.85,-0.01,7,20195,卖盘
905,11:10:20,28.86,-0.02,11,31746,卖盘
906,11:10:15,28.88,-0.01,288,831744,卖盘
907,11:10:10,28.89,--,289,834921,卖盘
908,11:10:00,28.89,--,12,34668,卖盘
909,11:09:55,28.89,--,700,2022300,卖盘
910,11:09:50,28.89,-0.01,4,11556,卖盘
911,11:09:40,28.9,--,1,2890,买盘
912,11:09:25,28.9,--,2,5780,买盘
913,11:09:20,28.9,-0.02,383,1106870,卖盘
914,11:09:15,28.92,-0.01,8,23136,卖盘
915,11:09:00,28.93,--,22,63646,卖盘
916,11:08:45,28.93,--,6,17358,卖盘
917,11:08:40,28.93,-0.01,2,5786,卖盘
918,11:08:30,28.94,0.01,4,11576,买盘
919,11:08:25,28.93,-0.01,6,17358,卖盘
920,11:08:10,28.94,0.01,2,5788,买盘
921,11:08:00,28.93,--,6,17358,卖盘
922,11:07:55,28.93,-0.01,52,150436,卖盘
923,11:07:50,28.94,--,6,17364,买盘
924,11:07:45,28.94,-0.01,25,72350,卖盘
925,11:07:20,28.95,-0.02,8,23160,卖盘
926,11:06:40,28.97,0.02,1,2897,买盘
927,11:06:30,28.95,--,3,8685,卖盘
928,11:06:15,28.95,-0.03,6,17370,卖盘
929,11:06:04,28.98,0.01,6,17388,买盘
930,11:06:00,28.97,--,5,14485,卖盘
931,11:05:55,28.97,-0.01,10,28970,卖盘
932,11:05:34,28.98,0.01,4,11592,买盘
933,11:05:30,28.97,--,6,17382,买盘
934,11:05:10,28.97,-0.01,1,2897,卖盘
935,11:05:04,28.98,--,10,28980,买盘
936,11:04:49,28.98,--,0,0,买盘
937,11:04:40,28.98,--,10,28980,买盘
938,11:04:19,28.98,0.05,14,40572,买盘
939,11:03:40,28.93,--,0,0,卖盘
940,11:03:34,28.93,--,0,0,卖盘
941,11:03:19,28.93,--,0,0,卖盘
942,11:03:14,28.93,--,59,170687,买盘
943,11:03:10,28.93,0.01,11,31823,买盘
944,11:03:04,28.92,-0.01,22,63624,卖盘
945,11:02:55,28.93,0.01,10,28930,买盘
946,11:02:40,28.92,-0.01,18,52056,卖盘
947,11:02:10,28.93,--,6,17358,买盘
948,11:02:04,28.93,-0.06,10,28930,卖盘
949,11:01:59,28.99,0.04,13,37687,买盘
950,11:01:39,28.95,--,10,28950,买盘
951,11:01:24,28.95,-0.04,8,23160,卖盘
952,11:01:14,28.99,0.04,10,28990,买盘
953,11:00:59,28.95,0.01,99,286605,买盘
954,11:00:54,28.94,--,4,11576,买盘
955,11:00:49,28.94,--,0,0,买盘
956,11:00:44,28.94,-0.01,5,14470,买盘
957,11:00:39,28.95,0.01,5,14475,买盘
958,11:00:34,28.94,-0.01,1,2894,买盘
959,11:00:24,28.95,--,78,225810,买盘
960,11:00:19,28.95,0.04,4,11580,买盘
961,11:00:04,28.91,-0.01,47,135877,卖盘
962,10:59:59,28.92,--,0,0,卖盘
963,10:59:14,28.92,--,91,263172,买盘
964,10:59:04,28.92,--,100,289200,买盘
965,10:58:54,28.92,0.01,13,37596,买盘
966,10:58:39,28.91,-0.01,17,49147,卖盘
967,10:58:34,28.92,0.01,9,26028,买盘
968,10:58:24,28.91,-0.01,17,50592,卖盘
969,10:58:19,28.92,--,4,11568,买盘
970,10:58:13,28.92,--,5,14460,买盘
971,10:58:09,28.92,--,5,14460,买盘
972,10:58:04,28.92,-0.01,9,26028,卖盘
973,10:57:49,28.93,--,9,26037,买盘
974,10:57:39,28.93,--,21,62199,卖盘
975,10:57:24,28.93,-0.06,2,5786,卖盘
976,10:57:04,28.99,--,0,0,买盘
977,10:56:49,28.99,0.06,27,78273,买盘
978,10:56:39,28.93,-0.07,3,8679,卖盘
979,10:56:34,29.0,--,0,0,买盘
980,10:56:24,29.0,0.07,1,2900,买盘
981,10:56:19,28.93,--,5,14465,卖盘
982,10:56:09,28.93,--,20,57860,卖盘
983,10:55:49,28.93,--,17,49181,卖盘
984,10:55:43,28.93,--,26,75218,卖盘
985,10:55:34,28.93,-0.01,10,28930,卖盘
986,10:55:19,28.94,-0.06,8,23152,卖盘
987,10:55:09,29.0,--,0,0,买盘
988,10:55:04,29.0,--,30,87000,买盘
989,10:54:58,29.0,--,2,5800,买盘
990,10:54:39,29.0,--,20,58000,买盘
991,10:54:23,29.0,0.04,1,2900,买盘
992,10:53:58,28.96,--,0,0,买盘
993,10:53:43,28.96,-0.01,24,69504,卖盘
994,10:53:28,28.97,--,0,0,中性盘
995,10:53:03,28.97,0.01,1,2897,买盘
996,10:52:58,28.96,--,6,17376,卖盘
997,10:52:43,28.96,--,2,5792,卖盘
998,10:52:33,28.96,--,1,2896,买盘
999,10:52:18,28.96,-0.05,21,60816,卖盘
1000,10:52:13,29.01,0.05,2,5802,买盘
1001,10:51:43,28.96,--,7,20272,买盘
1002,10:51:33,28.96,0.03,3,8688,买盘
1003,10:51:28,28.93,--,3,8679,卖盘
1004,10:51:18,28.93,--,0,1446,买盘
1005,10:51:13,28.93,0.02,11,31823,买盘
1006,10:50:48,28.91,--,7,20237,卖盘
1007,10:50:42,28.91,--,0,0,卖盘
1008,10:50:33,28.91,--,13,39809,买盘
1009,10:50:18,28.91,--,10,29574,卖盘
1010,10:50:12,28.91,-0.02,57,164787,卖盘
1011,10:50:03,28.93,--,1,2893,卖盘
1012,10:49:58,28.93,-0.02,78,225654,卖盘
1013,10:49:52,28.95,--,9,26055,买盘
1014,10:49:48,28.95,0.02,2,5790,买盘
1015,10:49:27,28.93,-0.02,2,5786,卖盘
1016,10:49:22,28.95,--,3,8685,买盘
1017,10:49:18,28.95,-0.03,46,133170,卖盘
1018,10:49:12,28.98,--,10,28980,买盘
1019,10:49:07,28.98,--,0,0,中性盘
1020,10:49:03,28.98,--,0,0,中性盘
1021,10:48:57,28.98,--,1,2898,卖盘
1022,10:48:48,28.98,-0.02,3,8694,卖盘
1023,10:48:33,29.0,--,25,72500,卖盘
1024,10:48:27,29.0,-0.01,11,31900,卖盘
1025,10:48:12,29.01,-0.01,15,43515,卖盘
1026,10:47:52,29.02,--,8,23216,卖盘
1027,10:47:42,29.02,-0.01,5,14510,卖盘
1028,10:47:22,29.03,--,30,87090,卖盘
1029,10:47:03,29.03,-0.01,7,20321,卖盘
1030,10:46:47,29.04,-0.01,21,60984,卖盘
1031,10:46:42,29.05,--,4,11620,买盘
1032,10:46:37,29.05,--,50,147428,卖盘
1033,10:46:32,29.05,--,1,2905,卖盘
1034,10:46:22,29.05,--,7,20335,卖盘
1035,10:46:12,29.05,--,1,2905,卖盘
1036,10:46:07,29.05,--,9,26145,卖盘
1037,10:45:57,29.05,--,6,17430,卖盘
1038,10:45:47,29.05,-0.01,13,37765,卖盘
1039,10:45:42,29.06,--,2,5812,卖盘
1040,10:45:37,29.06,-0.01,10,29060,卖盘
1041,10:45:32,29.07,--,4,11628,买盘
1042,10:45:27,29.07,0.01,3,8721,买盘
1043,10:45:22,29.06,-0.01,17,49402,卖盘
1044,10:45:17,29.07,--,0,0,中性盘
1045,10:45:12,29.07,0.01,2,5814,买盘
1046,10:45:07,29.06,-0.01,5,14530,卖盘
1047,10:44:47,29.07,-0.01,5,14535,买盘
1048,10:44:17,29.08,--,0,0,买盘
1049,10:44:12,29.08,0.02,23,66884,买盘
1050,10:44:02,29.06,-0.01,2,5812,卖盘
1051,10:43:47,29.07,-0.02,3,8721,卖盘
1052,10:43:42,29.09,0.02,11,31999,买盘
1053,10:43:16,29.07,--,1,2907,卖盘
1054,10:43:12,29.07,--,8,23256,买盘
1055,10:43:01,29.07,--,1,2907,买盘
1056,10:42:51,29.07,--,11,31977,买盘
1057,10:42:42,29.07,--,14,40698,买盘
1058,10:42:31,29.07,0.01,6,17442,买盘
1059,10:42:27,29.06,-0.01,10,29060,卖盘
1060,10:42:21,29.07,--,3,8721,买盘
1061,10:42:16,29.07,0.01,1,2907,买盘
1062,10:42:06,29.06,--,5,14530,买盘
1063,10:42:01,29.06,0.01,4,11624,买盘
1064,10:41:57,29.05,-0.01,8,23240,卖盘
1065,10:41:51,29.06,--,2,5812,买盘
1066,10:41:46,29.06,--,8,23248,买盘
1067,10:41:42,29.06,--,13,37778,买盘
1068,10:41:31,29.06,--,1,2906,买盘
1069,10:41:27,29.06,0.01,10,29060,买盘
1070,10:41:12,29.05,--,7,21061,卖盘
1071,10:41:06,29.05,--,2,5810,卖盘
1072,10:41:01,29.05,--,14,40670,卖盘
1073,10:40:57,29.05,--,5,14525,买盘
1074,10:40:36,29.05,--,0,0,买盘
1075,10:40:31,29.05,0.02,2,5810,买盘
1076,10:40:21,29.03,-0.02,6,17418,卖盘
1077,10:40:16,29.05,--,22,63910,买盘
1078,10:40:11,29.05,--,1,2905,买盘
1079,10:40:06,29.05,0.02,2,5810,买盘
1080,10:40:01,29.03,-0.02,10,29030,卖盘
1081,10:39:56,29.05,--,1,2905,卖盘
1082,10:39:51,29.05,--,8,23240,卖盘
1083,10:39:46,29.05,--,6,17430,卖盘
1084,10:39:41,29.05,--,5,14525,卖盘
1085,10:39:26,29.05,-0.01,3,8715,卖盘
1086,10:39:11,29.06,--,4,11624,买盘
1087,10:38:51,29.06,-0.01,24,69744,买盘
1088,10:38:46,29.07,--,0,0,买盘
1089,10:38:41,29.07,0.01,19,55233,买盘
1090,10:38:36,29.06,--,1,2906,卖盘
1091,10:38:21,29.06,--,0,0,卖盘
1092,10:38:16,29.06,-0.02,29,84274,卖盘
1093,10:38:06,29.08,0.01,30,87240,买盘
1094,10:37:51,29.07,-0.01,1,2907,中性盘
1095,10:37:46,29.08,0.01,6,17448,买盘
1096,10:37:36,29.07,0.02,1,2907,买盘
1097,10:37:16,29.05,--,0,0,卖盘
1098,10:37:11,29.05,0.01,13,37765,买盘
1099,10:37:06,29.04,0.01,2,5808,买盘
1100,10:36:56,29.03,--,25,72575,买盘
1101,10:36:51,29.03,0.01,10,29030,买盘
1102,10:36:41,29.02,0.01,10,29020,买盘
1103,10:36:36,29.01,--,12,34812,买盘
1104,10:36:31,29.01,--,12,34812,买盘
1105,10:36:25,29.01,--,70,203070,买盘
1106,10:36:21,29.01,--,22,63822,买盘
1107,10:36:15,29.01,0.01,3,8703,买盘
1108,10:36:10,29.0,--,34,98600,买盘
1109,10:36:06,29.0,--,5,14500,买盘
1110,10:36:00,29.0,0.03,21,60900,买盘
1111,10:35:51,28.97,-0.03,3,8691,卖盘
1112,10:35:45,29.0,0.04,8,23200,买盘
1113,10:35:40,28.96,-0.04,7,20272,卖盘
1114,10:35:36,29.0,--,0,0,买盘
1115,10:35:30,29.0,--,2,5800,买盘
1116,10:35:25,29.0,--,5,14500,买盘
1117,10:35:20,29.0,--,2,5800,买盘
1118,10:35:10,29.0,0.04,5,14500,买盘
1119,10:35:00,28.96,--,25,72400,卖盘
1120,10:34:45,28.96,--,81,234576,买盘
1121,10:34:25,28.96,-0.03,9,26064,卖盘
1122,10:34:15,28.99,--,2,5798,买盘
1123,10:34:10,28.99,--,10,28990,买盘
1124,10:34:06,28.99,0.04,5,14495,买盘
1125,10:34:00,28.95,0.01,1,2895,买盘
1126,10:33:55,28.94,-0.02,3,8682,卖盘
1127,10:33:50,28.96,--,0,0,中性盘
1128,10:33:40,28.96,0.02,15,43440,买盘
1129,10:33:30,28.94,-0.02,7,20258,卖盘
1130,10:33:25,28.96,0.03,2,5792,买盘
1131,10:33:21,28.93,--,0,0,卖盘
1132,10:33:05,28.93,-0.05,216,624888,卖盘
1133,10:32:45,28.98,--,1,2898,卖盘
1134,10:32:20,28.98,--,0,0,卖盘
1135,10:32:10,28.98,--,51,147798,卖盘
1136,10:32:05,28.98,--,9,26082,卖盘
1137,10:32:00,28.98,--,8,23184,卖盘
1138,10:31:55,28.98,--,4,11592,卖盘
1139,10:31:45,28.98,--,1,2898,卖盘
1140,10:31:40,28.98,--,35,101430,买盘
1141,10:31:30,28.98,--,0,0,买盘
1142,10:31:25,28.98,0.01,1,2898,买盘
1143,10:31:20,28.97,--,3,8691,卖盘
1144,10:31:00,28.97,0.01,21,60837,卖盘
1145,10:30:55,28.96,--,43,124528,买盘
1146,10:30:40,28.96,-0.03,8,23168,卖盘
1147,10:30:10,28.99,0.01,34,98566,买盘
1148,10:30:00,28.98,--,25,74855,卖盘
1149,10:29:55,28.98,--,8,23184,卖盘
1150,10:29:50,28.98,--,17,49266,卖盘
1151,10:29:34,28.98,0.01,4,11592,买盘
1152,10:29:25,28.97,--,0,0,卖盘
1153,10:29:19,28.97,-0.02,7,20279,卖盘
1154,10:29:15,28.99,0.03,11,31889,买盘
1155,10:29:00,28.96,--,0,0,卖盘
1156,10:28:30,28.96,-0.03,2,5792,卖盘
1157,10:28:24,28.99,--,9,26091,卖盘
1158,10:28:19,28.99,--,9,26091,买盘
1159,10:28:09,28.99,0.04,3,8697,买盘
1160,10:28:04,28.95,--,4,11580,卖盘
1161,10:27:54,28.95,-0.01,5,14475,卖盘
1162,10:27:49,28.96,0.01,7,20272,卖盘
1163,10:27:29,28.95,--,0,0,卖盘
1164,10:27:24,28.95,-0.01,12,36969,卖盘
1165,10:27:14,28.96,0.01,9,26064,买盘
1166,10:27:04,28.95,--,11,31845,卖盘
1167,10:26:34,28.95,--,0,0,卖盘
1168,10:26:29,28.95,--,0,0,卖盘
1169,10:26:24,28.95,-0.01,40,115800,卖盘
1170,10:26:19,28.96,0.01,51,147696,买盘
1171,10:26:14,28.95,-0.01,30,86850,卖盘
1172,10:26:09,28.96,0.01,2,5792,买盘
1173,10:26:04,28.95,-0.01,10,28950,卖盘
1174,10:25:59,28.96,--,5,14480,买盘
1175,10:25:54,28.96,--,5,14480,买盘
1176,10:25:39,28.96,--,6,17376,买盘
1177,10:25:19,28.96,--,1,2896,买盘
1178,10:25:09,28.96,--,131,379376,卖盘
1179,10:25:04,28.96,-0.02,25,72400,卖盘
1180,10:24:59,28.98,0.01,12,34776,中性盘
1181,10:24:54,28.97,-0.01,3,8691,卖盘
1182,10:24:49,28.98,--,0,0,买盘
1183,10:24:44,28.98,0.02,52,150696,买盘
1184,10:24:39,28.96,-0.01,3,8688,卖盘
1185,10:24:29,28.97,-0.01,5,14485,卖盘
1186,10:24:04,28.98,--,45,131076,卖盘
1187,10:23:54,28.98,--,1,2898,卖盘
1188,10:23:34,28.98,--,13,37674,卖盘
1189,10:23:14,28.98,--,1,2898,卖盘
1190,10:23:09,28.98,--,16,46368,卖盘
1191,10:22:39,28.98,-0.02,4,11592,卖盘
1192,10:22:24,29.0,0.02,1,2900,买盘
1193,10:22:19,28.98,--,5,14490,卖盘
1194,10:22:09,28.98,--,17,49266,卖盘
1195,10:22:04,28.98,-0.02,1,2898,卖盘
1196,10:21:43,29.0,0.02,11,31900,买盘
1197,10:21:39,28.98,-0.01,6,17388,卖盘
1198,10:21:33,28.99,-0.01,1,2899,卖盘
1199,10:21:28,29.0,0.01,1,2900,买盘
1200,10:21:18,28.99,--,0,0,中性盘
1201,10:21:09,28.99,--,7,20293,买盘
1202,10:21:03,28.99,-0.01,9,26091,中性盘
1203,10:20:48,29.0,--,2,5800,买盘
1204,10:20:43,29.0,0.01,11,31900,买盘
1205,10:20:33,28.99,--,10,28990,买盘
1206,10:20:28,28.99,-0.01,23,66677,卖盘
1207,10:20:13,29.0,-0.02,8,23200,卖盘
1208,10:20:08,29.02,--,0,0,买盘
1209,10:20:03,29.02,0.01,10,29020,买盘
1210,10:19:58,29.01,--,3,8703,买盘
1211,10:19:48,29.01,--,9,26109,卖盘
1212,10:19:43,29.01,-0.01,15,43515,卖盘
1213,10:19:38,29.02,0.01,15,43530,买盘
1214,10:19:33,29.01,--,7,20307,卖盘
1215,10:19:28,29.01,--,12,34812,卖盘
1216,10:19:18,29.01,--,1,2901,卖盘
1217,10:19:13,29.01,--,81,234981,买盘
1218,10:19:03,29.01,0.01,10,29010,买盘
1219,10:18:58,29.0,--,3,8700,卖盘
1220,10:18:53,29.0,--,4,11600,卖盘
1221,10:18:43,29.0,--,74,214600,买盘
1222,10:18:28,29.0,--,1,2900,买盘
1223,10:18:18,29.0,--,5,14500,卖盘
1224,10:18:13,29.0,--,9,26100,买盘
1225,10:18:03,29.0,0.03,21,63133,买盘
1226,10:17:58,28.97,-0.01,47,136159,卖盘
1227,10:17:53,28.98,--,2,5796,买盘
1228,10:17:43,28.98,-0.01,10,28980,买盘
1229,10:17:38,28.99,-0.01,5,15277,卖盘
1230,10:17:28,29.0,--,10,29000,买盘
1231,10:17:23,29.0,0.01,7,20300,买盘
1232,10:17:13,28.99,-0.01,35,101465,卖盘
1233,10:17:03,29.0,--,6,17400,买盘
1234,10:16:53,29.0,--,1,2900,买盘
1235,10:16:48,29.0,--,11,31900,买盘
1236,10:16:38,29.0,0.01,6,17400,买盘
1237,10:16:28,28.99,-0.01,5,14495,卖盘
1238,10:16:23,29.0,--,3,8700,买盘
1239,10:16:18,29.0,0.01,5,14500,买盘
1240,10:16:13,28.99,--,6,17394,卖盘
1241,10:16:08,28.99,--,3,10813,买盘
1242,10:16:03,28.99,--,4,11596,买盘
1243,10:15:58,28.99,--,5,14495,买盘
1244,10:15:53,28.99,--,0,0,买盘
1245,10:15:48,28.99,--,1,2899,买盘
1246,10:15:43,28.99,--,12,34788,买盘
1247,10:15:38,28.99,--,3,8697,买盘
1248,10:15:33,28.99,--,8,23192,买盘
1249,10:15:28,28.99,0.02,1,2899,买盘
1250,10:15:23,28.97,0.01,3,8691,卖盘
1251,10:15:18,28.96,--,0,0,卖盘
1252,10:15:13,28.96,--,1,2896,卖盘
1253,10:14:58,28.96,0.01,78,225888,买盘
1254,10:14:42,28.95,-0.01,1,2895,卖盘
1255,10:14:33,28.96,--,2,5792,卖盘
1256,10:14:27,28.96,0.01,1,2896,中性盘
1257,10:14:22,28.95,--,11,31845,卖盘
1258,10:14:18,28.95,-0.04,1,2895,卖盘
1259,10:13:48,28.99,0.04,20,57980,买盘
1260,10:13:37,28.95,--,5,14475,卖盘
1261,10:13:18,28.95,0.01,1,2895,中性盘
1262,10:13:07,28.94,0.01,42,121548,买盘
1263,10:12:47,28.93,--,16,46288,卖盘
1264,10:12:37,28.93,-0.01,17,49181,卖盘
1265,10:12:32,28.94,--,4,11576,买盘
1266,10:12:27,28.94,--,7,20258,买盘
1267,10:12:22,28.94,--,7,20258,买盘
1268,10:12:17,28.94,--,13,37622,买盘
1269,10:12:12,28.94,-0.01,5,14470,卖盘
1270,10:12:07,28.95,--,27,78165,买盘
1271,10:11:52,28.95,-0.03,52,150540,卖盘
1272,10:11:47,28.98,0.03,3,8694,买盘
1273,10:11:42,28.95,-0.03,2,5790,卖盘
1274,10:11:37,28.98,--,1,2898,中性盘
1275,10:11:22,28.98,-0.01,1,2898,买盘
1276,10:11:12,28.99,--,0,0,买盘
1277,10:11:07,28.99,--,3,8697,买盘
1278,10:11:02,28.99,0.01,1,2899,买盘
1279,10:10:42,28.98,0.03,27,78246,买盘
1280,10:10:37,28.95,--,2,5790,卖盘
1281,10:10:27,28.95,--,0,0,卖盘
1282,10:10:22,28.95,--,2,5790,买盘
1283,10:10:17,28.95,--,1,2895,买盘
1284,10:10:12,28.95,-0.03,6,17370,卖盘
1285,10:10:07,28.98,-0.01,8,23184,中性盘
1286,10:09:57,28.99,--,5,14495,买盘
1287,10:09:42,28.99,--,9,28874,卖盘
1288,10:09:37,28.99,--,1,2899,卖盘
1289,10:09:27,28.99,-0.01,64,185536,卖盘
1290,10:09:22,29.0,--,37,107300,卖盘
1291,10:09:12,29.0,--,25,72616,买盘
1292,10:09:07,29.0,--,32,92800,买盘
1293,10:08:57,29.0,--,7,20300,卖盘
1294,10:08:52,29.0,-0.02,95,275500,卖盘
1295,10:08:27,29.02,-0.01,20,60158,卖盘
1296,10:08:17,29.03,-0.01,3,8709,买盘
1297,10:08:12,29.04,-0.01,1,2904,卖盘
1298,10:08:07,29.05,--,7,20335,买盘
1299,10:07:57,29.05,-0.02,142,412510,卖盘
1300,10:07:52,29.07,0.01,5,14535,买盘
1301,10:07:37,29.06,--,13,37778,买盘
1302,10:07:32,29.06,0.01,5,14530,买盘
1303,10:07:22,29.05,0.01,8,23240,买盘
1304,10:07:12,29.04,0.02,1,2904,买盘
1305,10:07:02,29.02,-0.02,2,5804,卖盘
1306,10:06:57,29.04,0.02,1,2904,买盘
1307,10:06:51,29.02,--,7,20314,卖盘
1308,10:06:21,29.02,--,0,783,买盘
1309,10:06:17,29.02,--,2,5804,买盘
1310,10:06:12,29.02,--,5,16628,卖盘
1311,10:06:06,29.02,--,1,2902,卖盘
1312,10:06:02,29.02,0.02,25,72550,买盘
1313,10:05:57,29.0,--,15,44283,卖盘
1314,10:05:51,29.0,0.01,97,281300,买盘
1315,10:05:47,28.99,--,7,20293,卖盘
1316,10:05:27,28.99,-0.01,1,2899,卖盘
1317,10:05:16,29.0,0.01,36,104400,买盘
1318,10:05:01,28.99,--,3,8697,卖盘
1319,10:04:51,28.99,-0.01,7,20293,卖盘
1320,10:04:42,29.0,0.01,2,5800,买盘
1321,10:04:31,28.99,-0.01,5,14495,卖盘
1322,10:04:26,29.0,--,2,5800,买盘
1323,10:04:21,29.0,--,4,11600,卖盘
1324,10:04:16,29.0,--,1,2900,卖盘
1325,10:03:56,29.0,--,1,2900,卖盘
1326,10:03:51,29.0,--,3,8700,卖盘
1327,10:03:46,29.0,--,4,11600,买盘
1328,10:03:41,29.0,0.01,10,29000,买盘
1329,10:03:36,28.99,-0.01,20,57980,卖盘
1330,10:03:26,29.0,0.01,1,2900,买盘
1331,10:03:21,28.99,--,1,2899,卖盘
1332,10:03:16,28.99,--,3,8697,卖盘
1333,10:03:11,28.99,--,18,52182,买盘
1334,10:03:01,28.99,-0.01,25,72475,卖盘
1335,10:02:56,29.0,0.01,1,2900,买盘
1336,10:02:51,28.99,-0.01,2,5798,卖盘
1337,10:02:36,29.0,0.01,2,5800,买盘
1338,10:02:31,28.99,0.04,3,8697,买盘
1339,10:02:21,28.95,-0.04,53,153435,卖盘
1340,10:02:16,28.99,--,5,15277,卖盘
1341,10:02:01,28.99,--,22,65894,买盘
1342,10:01:56,28.99,0.01,12,34788,买盘
1343,10:01:51,28.98,-0.02,7,20286,卖盘
1344,10:01:46,29.0,--,0,0,买盘
1345,10:01:36,29.0,--,0,783,卖盘
1346,10:01:31,29.0,0.01,4,13717,买盘
1347,10:01:26,28.99,--,98,284102,卖盘
1348,10:01:16,28.99,--,10,28990,卖盘
1349,10:01:11,28.99,0.07,13,37687,买盘
1350,10:01:06,28.92,--,19,54948,买盘
1351,10:01:01,28.92,--,26,75192,买盘
1352,10:00:56,28.92,--,5,14460,买盘
1353,10:00:46,28.92,--,81,234252,卖盘
1354,10:00:41,28.92,-0.07,1,2892,卖盘
1355,10:00:31,28.99,--,1,2899,买盘
1356,10:00:21,28.99,--,0,0,买盘
1357,10:00:16,28.99,--,7,20293,买盘
1358,10:00:11,28.99,--,1,2899,买盘
1359,10:00:06,28.99,0.08,2,5798,买盘
1360,09:59:51,28.91,--,0,0,中性盘
1361,09:59:36,28.91,--,2,5782,卖盘
1362,09:59:30,28.91,--,3,8673,中性盘
1363,09:59:21,28.91,-0.08,1,2891,买盘
1364,09:59:15,28.99,--,8,23192,卖盘
1365,09:59:00,28.99,--,10,28990,卖盘
1366,09:58:56,28.99,0.09,2,5798,买盘
1367,09:58:51,28.9,-0.1,21,60690,卖盘
1368,09:58:45,29.0,--,11,31900,买盘
1369,09:58:30,29.0,0.01,6,17400,买盘
1370,09:58:15,28.99,--,1,2899,卖盘
1371,09:58:11,28.99,-0.03,1,2899,卖盘
1372,09:58:05,29.02,0.03,30,87060,买盘
1373,09:58:00,28.99,-0.01,16,46384,卖盘
1374,09:57:56,29.0,--,55,159500,卖盘
1375,09:57:50,29.0,-0.02,48,139200,卖盘
1376,09:57:35,29.02,--,5,14510,买盘
1377,09:57:30,29.02,-0.02,51,148002,卖盘
1378,09:57:25,29.04,-0.01,15,43560,卖盘
1379,09:57:20,29.05,--,27,78435,买盘
1380,09:57:15,29.05,0.01,15,43575,买盘
1381,09:57:00,29.04,--,2,5808,买盘
1382,09:56:45,29.04,--,0,0,买盘
1383,09:56:40,29.04,0.04,2,5808,中性盘
1384,09:56:20,29.0,0.02,53,153700,买盘
1385,09:56:15,28.98,-0.01,14,40572,卖盘
1386,09:56:10,28.99,0.02,27,78273,买盘
1387,09:56:00,28.97,--,0,0,卖盘
1388,09:55:55,28.97,--,6,17382,卖盘
1389,09:55:50,28.97,--,9,26073,卖盘
1390,09:55:45,28.97,--,10,28970,卖盘
1391,09:55:40,28.97,0.02,6,17382,买盘
1392,09:55:30,28.95,--,4,11580,买盘
1393,09:55:25,28.95,--,6,17370,卖盘
1394,09:55:20,28.95,--,0,0,中性盘
1395,09:55:15,28.95,--,2,5790,买盘
1396,09:55:10,28.95,--,4,11580,买盘
1397,09:55:05,28.95,0.05,11,31845,买盘
1398,09:54:55,28.9,--,1,2890,卖盘
1399,09:54:40,28.9,--,8,25229,买盘
1400,09:54:35,28.9,--,2,5780,买盘
1401,09:54:30,28.9,0.04,20,57800,买盘
1402,09:54:25,28.86,-0.02,32,92352,卖盘
1403,09:54:15,28.88,--,0,0,买盘
1404,09:54:10,28.88,0.03,4,11552,买盘
1405,09:54:05,28.85,0.03,14,40390,买盘
1406,09:54:00,28.82,0.04,2,5764,中性盘
1407,09:53:55,28.78,-0.07,211,607258,卖盘
1408,09:53:50,28.85,--,6,17310,买盘
1409,09:53:45,28.85,0.02,7,20195,买盘
1410,09:53:40,28.83,0.01,106,305598,买盘
1411,09:53:35,28.82,--,28,80696,买盘
1412,09:53:30,28.82,--,24,69168,买盘
1413,09:53:25,28.82,--,7,20174,买盘
1414,09:53:10,28.82,0.01,25,72050,买盘
1415,09:53:00,28.81,0.01,4,11524,中性盘
1416,09:52:54,28.8,-0.01,76,219657,卖盘
1417,09:52:50,28.81,--,1,2881,买盘
1418,09:52:45,28.81,-0.01,50,144050,卖盘
1419,09:52:30,28.82,--,1,2882,买盘
1420,09:52:20,28.82,--,3,8646,卖盘
1421,09:52:09,28.82,-0.02,4,11528,卖盘
1422,09:52:05,28.84,-0.01,2,5768,买盘
1423,09:52:00,28.85,--,0,0,买盘
1424,09:51:54,28.85,--,0,0,买盘
1425,09:51:50,28.85,--,1,2885,买盘
1426,09:51:44,28.85,0.03,12,34620,买盘
1427,09:51:34,28.82,-0.03,2,5764,卖盘
1428,09:51:24,28.85,0.03,3,8655,买盘
1429,09:51:19,28.82,-0.03,10,28820,卖盘
1430,09:51:09,28.85,-0.01,3,8655,卖盘
1431,09:51:04,28.86,--,1,2886,卖盘
1432,09:50:54,28.86,--,0,0,卖盘
1433,09:50:49,28.86,--,9,25974,卖盘
1434,09:50:39,28.86,-0.02,6,17316,卖盘
1435,09:50:24,28.88,0.03,26,75088,买盘
1436,09:50:19,28.85,--,31,89435,买盘
1437,09:50:14,28.85,-0.03,26,75010,卖盘
1438,09:50:04,28.88,0.02,4,11552,买盘
1439,09:49:59,28.86,-0.02,4,11544,中性盘
1440,09:49:49,28.88,0.03,4,11552,买盘
1441,09:49:39,28.85,-0.05,46,134816,卖盘
1442,09:49:29,28.9,0.02,1,2890,买盘
1443,09:49:24,28.88,-0.01,105,303240,卖盘
1444,09:49:19,28.89,--,13,37557,卖盘
1445,09:49:09,28.89,--,5,14445,卖盘
1446,09:49:04,28.89,-0.01,14,40446,卖盘
1447,09:48:54,28.9,--,1,2890,买盘
1448,09:48:49,28.9,--,5,14450,买盘
1449,09:48:44,28.9,--,54,156060,卖盘
1450,09:48:39,28.9,--,10,28900,卖盘
1451,09:48:34,28.9,-0.02,33,95370,卖盘
1452,09:48:29,28.92,--,2,5784,卖盘
1453,09:48:24,28.92,-0.03,1,2892,卖盘
1454,09:48:14,28.95,--,5,14475,买盘
1455,09:48:09,28.95,-0.01,61,176595,卖盘
1456,09:48:04,28.96,--,35,101360,卖盘
1457,09:47:54,28.96,0.01,1,2896,中性盘
1458,09:47:34,28.95,--,14,40530,买盘
1459,09:47:29,28.95,--,0,0,买盘
1460,09:47:24,28.95,--,1,2895,买盘
1461,09:47:09,28.95,0.05,2,5790,买盘
1462,09:47:04,28.9,-0.02,24,69360,卖盘
1463,09:46:59,28.92,0.02,11,31812,买盘
1464,09:46:39,28.9,--,7,20230,买盘
1465,09:46:34,28.9,0.01,50,144500,买盘
1466,09:46:24,28.89,-0.01,17,49113,卖盘
1467,09:46:19,28.9,0.01,7,20230,买盘
1468,09:46:14,28.89,0.01,6,17334,买盘
1469,09:46:04,28.88,--,10,28880,卖盘
1470,09:45:59,28.88,--,3,8664,卖盘
1471,09:45:54,28.88,--,8,23883,买盘
1472,09:45:49,28.88,--,5,14440,买盘
1473,09:45:44,28.88,0.01,3,8664,买盘
1474,09:45:34,28.87,-0.01,10,28870,卖盘
1475,09:45:29,28.88,--,1,2888,买盘
1476,09:45:24,28.88,0.01,6,17328,买盘
1477,09:45:18,28.87,-0.01,4,11548,中性盘
1478,09:45:14,28.88,0.01,4,11552,买盘
1479,09:45:03,28.87,--,9,25983,卖盘
1480,09:44:54,28.87,--,16,46192,买盘
1481,09:44:38,28.87,0.01,1,2887,买盘
1482,09:44:33,28.86,--,4,11544,卖盘
1483,09:44:28,28.86,--,1,5021,卖盘
1484,09:44:23,28.86,--,10,28860,卖盘
1485,09:44:18,28.86,--,8,23088,买盘
1486,09:44:14,28.86,--,33,95238,卖盘
1487,09:44:03,28.86,--,42,121212,卖盘
1488,09:43:59,28.86,-0.01,51,147186,卖盘
1489,09:43:53,28.87,--,50,144350,卖盘
1490,09:43:43,28.87,--,13,37531,买盘
1491,09:43:38,28.87,0.01,55,158785,买盘
1492,09:43:33,28.86,--,97,279942,卖盘
1493,09:43:28,28.86,--,39,112554,卖盘
1494,09:43:18,28.86,0.01,114,329004,买盘
1495,09:43:13,28.85,--,14,40390,卖盘
1496,09:43:08,28.85,-0.02,12,34620,卖盘
1497,09:43:03,28.87,0.02,1,2887,买盘
1498,09:42:58,28.85,-0.01,10,28850,卖盘
1499,09:42:53,28.86,-0.01,6,17316,中性盘
1500,09:42:43,28.87,--,12,34644,买盘
1501,09:42:33,28.87,--,0,0,买盘
1502,09:42:28,28.87,0.04,26,75062,买盘
1503,09:42:18,28.83,-0.04,2,5766,卖盘
1504,09:42:13,28.87,--,23,66401,卖盘
1505,09:42:08,28.87,--,2,5774,卖盘
1506,09:42:03,28.87,-0.01,7,20209,卖盘
1507,09:41:58,28.88,0.04,35,101080,买盘
1508,09:41:53,28.84,-0.04,7,20188,卖盘
1509,09:41:48,28.88,0.04,8,23104,买盘
1510,09:41:33,28.84,--,6,17304,买盘
1511,09:41:28,28.84,--,3,8652,买盘
1512,09:41:23,28.84,-0.04,1,2884,中性盘
1513,09:41:18,28.88,0.03,89,257032,中性盘
1514,09:41:13,28.85,-0.04,11,31735,卖盘
1515,09:41:08,28.89,0.05,1,2889,买盘
1516,09:41:03,28.84,--,21,60564,卖盘
1517,09:40:58,28.84,--,5,14420,卖盘
1518,09:40:53,28.84,-0.01,32,92288,卖盘
1519,09:40:48,28.85,--,28,80780,买盘
1520,09:40:43,28.85,--,5,14425,买盘
1521,09:40:38,28.85,0.02,2,5770,买盘
1522,09:40:23,28.83,-0.02,17,49011,卖盘
1523,09:40:18,28.85,-0.04,6,17310,卖盘
1524,09:40:13,28.89,0.07,5,14445,买盘
1525,09:39:58,28.82,--,0,0,卖盘
1526,09:39:48,28.82,--,2,5764,卖盘
1527,09:39:43,28.82,-0.08,13,37466,卖盘
1528,09:39:28,28.9,-0.01,1,2890,买盘
1529,09:39:18,28.91,0.01,39,112749,买盘
1530,09:39:13,28.9,-0.02,48,138720,卖盘
1531,09:38:58,28.92,-0.03,1,2892,中性盘
1532,09:38:52,28.95,--,4,11580,买盘
1533,09:38:48,28.95,--,0,0,买盘
1534,09:38:42,28.95,--,14,40530,买盘
1535,09:38:33,28.95,-0.01,21,60795,卖盘
1536,09:38:27,28.96,0.06,10,28960,卖盘
1537,09:38:22,28.9,-0.05,10,28900,卖盘
1538,09:38:18,28.95,0.04,12,34740,买盘
1539,09:38:13,28.91,-0.04,60,173460,卖盘
1540,09:38:07,28.95,--,1,2895,买盘
1541,09:38:02,28.95,0.04,11,31845,买盘
1542,09:37:57,28.91,0.01,5,14455,中性盘
1543,09:37:48,28.9,0.07,6,17340,买盘
1544,09:37:42,28.83,--,11,31712,卖盘
1545,09:37:37,28.83,0.09,4,11532,买盘
1546,09:37:32,28.74,-0.08,29,83346,卖盘
1547,09:37:27,28.82,0.01,1,2882,买盘
1548,09:37:22,28.81,0.09,208,599248,买盘
1549,09:37:17,28.72,0.01,13,37336,卖盘
1550,09:37:12,28.71,-0.02,74,212454,卖盘
1551,09:37:07,28.73,0.02,13,37349,买盘
1552,09:37:02,28.71,--,17,48807,卖盘
1553,09:36:57,28.71,--,18,51678,买盘
1554,09:36:52,28.71,--,1,2871,买盘
1555,09:36:47,28.71,--,9,25839,买盘
1556,09:36:42,28.71,0.01,32,91872,中性盘
1557,09:36:37,28.7,--,46,132020,卖盘
1558,09:36:32,28.7,-0.01,6,17220,卖盘
1559,09:36:27,28.71,0.01,38,109098,买盘
1560,09:36:22,28.7,--,118,338660,买盘
1561,09:36:17,28.7,--,11,31570,买盘
1562,09:36:12,28.7,--,15,43050,买盘
1563,09:36:07,28.7,-0.01,62,177940,卖盘
1564,09:36:02,28.71,--,11,31581,买盘
1565,09:35:57,28.71,0.05,159,456489,买盘
1566,09:35:52,28.66,-0.02,13,37258,卖盘
1567,09:35:47,28.68,-0.02,43,123324,卖盘
1568,09:35:42,28.7,--,51,146370,卖盘
1569,09:35:37,28.7,-0.03,10,28700,卖盘
1570,09:35:32,28.73,0.02,60,172380,买盘
1571,09:35:27,28.71,-0.02,15,43065,卖盘
1572,09:35:22,28.73,-0.02,24,68952,卖盘
1573,09:35:17,28.75,--,8,23000,买盘
1574,09:35:12,28.75,0.02,8,23000,买盘
1575,09:35:07,28.73,-0.02,14,40222,卖盘
1576,09:35:02,28.75,-0.01,45,129375,卖盘
1577,09:34:57,28.76,--,33,94908,买盘
1578,09:34:52,28.76,--,53,152428,卖盘
1579,09:34:42,28.76,--,3,8628,卖盘
1580,09:34:37,28.76,-0.06,38,109288,卖盘
1581,09:34:27,28.82,0.01,16,46112,买盘
1582,09:34:22,28.81,-0.01,9,25929,卖盘
1583,09:34:17,28.82,--,103,296846,买盘
1584,09:34:12,28.82,-0.01,4,11528,卖盘
1585,09:34:07,28.83,--,20,57660,买盘
1586,09:34:02,28.83,--,16,46128,买盘
1587,09:33:57,28.83,-0.03,162,467046,卖盘
1588,09:33:42,28.86,-0.02,22,63492,卖盘
1589,09:33:37,28.88,--,9,25992,买盘
1590,09:33:32,28.88,--,2,5776,买盘
1591,09:33:27,28.88,--,8,23104,买盘
1592,09:33:22,28.88,-0.02,9,25992,卖盘
1593,09:33:17,28.9,0.02,16,46240,买盘
1594,09:33:12,28.88,-0.01,7,20216,卖盘
1595,09:33:07,28.89,-0.01,16,46224,买盘
1596,09:33:01,28.9,--,3,8670,卖盘
1597,09:32:57,28.9,--,47,135830,买盘
1598,09:32:52,28.9,--,17,49130,买盘
1599,09:32:47,28.9,--,3,8670,买盘
1600,09:32:37,28.9,0.03,17,49130,买盘
1601,09:32:31,28.87,-0.02,17,49079,卖盘
1602,09:32:27,28.89,-0.01,9,26001,卖盘
1603,09:32:22,28.9,0.02,6,17340,买盘
1604,09:32:16,28.88,0.01,32,92416,买盘
1605,09:32:12,28.87,-0.01,5,14435,卖盘
1606,09:32:07,28.88,0.02,41,118408,买盘
1607,09:32:01,28.86,-0.02,7,20202,卖盘
1608,09:31:57,28.88,0.02,49,141512,买盘
1609,09:31:52,28.86,0.03,36,103896,买盘
1610,09:31:46,28.83,-0.03,41,118203,卖盘
1611,09:31:42,28.86,--,13,37518,买盘
1612,09:31:36,28.86,-0.03,1,2886,中性盘
1613,09:31:31,28.89,0.07,2,5778,买盘
1614,09:31:27,28.82,-0.06,31,89342,卖盘
1615,09:31:21,28.88,--,14,40432,买盘
1616,09:31:16,28.88,-0.02,60,173280,卖盘
1617,09:31:11,28.9,--,14,40460,买盘
1618,09:31:06,28.9,-0.02,9,26010,中性盘
1619,09:31:01,28.92,--,11,31812,买盘
1620,09:30:56,28.92,--,37,107004,买盘
1621,09:30:51,28.92,-0.01,11,31812,卖盘
1622,09:30:46,28.93,-0.03,3,8679,买盘
1623,09:30:36,28.96,--,0,0,买盘
1624,09:30:16,28.96,--,54,156384,买盘
1625,09:30:11,28.96,--,25,72400,买盘
1626,09:30:06,28.96,-0.04,73,211408,卖盘
1627,09:28:52,29.0,--,0,0,买盘
1628,09:25:04,29.0,29,64,185600,买盘
