,time,price,change,volume,amount,type
0,15:00:03,23.83,0.03,2087,4973321,买盘
1,14:57:00,23.8,--,0,0,卖盘
2,14:56:54,23.8,-0.03,1,2380,卖盘
3,14:56:51,23.83,0.01,121,288343,买盘
4,14:56:45,23.82,0.02,5,11910,买盘
5,14:56:42,23.8,-0.01,170,404600,卖盘
6,14:56:39,23.81,--,12,28572,中性盘
7,14:56:36,23.81,-0.01,1,2381,卖盘
8,14:56:33,23.82,--,51,121482,卖盘
9,14:56:30,23.82,--,5,11910,卖盘
10,14:56:27,23.82,0.02,180,428760,买盘
11,14:56:24,23.8,--,21,49980,卖盘
12,14:56:21,23.8,--,12,28560,卖盘
13,14:56:18,23.8,--,17,40460,卖盘
14,14:56:15,23.8,--,44,104720,买盘
15,14:56:12,23.8,--,34,80920,买盘
16,14:56:06,23.8,0.01,11,26180,买盘
17,14:56:03,23.79,--,3,7137,卖盘
18,14:56:00,23.79,--,268,637572,卖盘
19,14:55:57,23.79,-0.01,7,16653,卖盘
20,14:55:54,23.8,0.01,23,54740,买盘
21,14:55:51,23.79,--,13,30927,卖盘
22,14:55:48,23.79,--,15,35685,卖盘
23,14:55:45,23.79,--,1,2379,卖盘
24,14:55:42,23.79,--,3,7137,卖盘
25,14:55:39,23.79,--,11,26169,卖盘
26,14:55:36,23.79,-0.01,1,2379,卖盘
27,14:55:33,23.8,-0.01,5,11900,中性盘
28,14:55:27,23.81,0.02,17,40477,买盘
29,14:55:24,23.79,-0.02,42,99918,卖盘
30,14:55:18,23.81,--,3,7143,买盘
31,14:55:15,23.81,0.02,363,864303,买盘
32,14:55:09,23.79,--,19,45201,卖盘
33,14:55:06,23.79,--,21,49959,卖盘
34,14:55:00,23.79,--,7,16653,卖盘
35,14:54:57,23.79,-0.01,121,287859,卖盘
36,14:54:54,23.8,0.01,6,14280,中性盘
37,14:54:48,23.79,-0.01,155,368745,卖盘
38,14:54:45,23.8,0.01,117,278460,买盘
39,14:54:39,23.79,-0.01,17,40443,卖盘
40,14:54:33,23.8,0.01,60,142800,买盘
41,14:54:30,23.79,--,48,114192,卖盘
42,14:54:27,23.79,--,115,273585,卖盘
43,14:54:24,23.79,-0.01,1,2379,卖盘
44,14:54:21,23.8,--,33,78540,买盘
45,14:54:18,23.8,--,3,7140,买盘
46,14:54:15,23.8,0.01,58,138040,买盘
47,14:54:12,23.79,-0.01,10,23790,卖盘
48,14:54:06,23.8,--,18,42840,买盘
49,14:54:03,23.8,--,11,26180,卖盘
50,14:54:00,23.8,--,4,9520,卖盘
51,14:53:57,23.8,--,220,523600,买盘
52,14:53:54,23.8,0.01,14,33320,买盘
53,14:53:51,23.79,--,3,7137,卖盘
54,14:53:48,23.79,--,12,28548,卖盘
55,14:53:45,23.79,-0.01,32,76128,卖盘
56,14:53:42,23.8,0.01,30,71400,买盘
57,14:53:39,23.79,-0.01,10,23790,卖盘
58,14:53:36,23.8,0.01,7,16660,买盘
59,14:53:33,23.79,--,60,142740,卖盘
60,14:53:30,23.79,--,3,7137,卖盘
61,14:53:24,23.79,-0.01,1,2379,卖盘
62,14:53:18,23.8,0.02,157,373660,买盘
63,14:53:15,23.78,-0.01,17,40426,卖盘
64,14:53:09,23.79,0.01,5,11895,买盘
65,14:53:06,23.78,--,45,107010,卖盘
66,14:52:51,23.78,--,2,4756,卖盘
67,14:52:48,23.78,--,3,7134,卖盘
68,14:52:45,23.78,--,25,59450,卖盘
69,14:52:39,23.78,--,10,23780,卖盘
70,14:52:36,23.78,0.01,78,185484,买盘
71,14:52:33,23.77,--,3,7131,卖盘
72,14:52:30,23.77,--,1,2377,卖盘
73,14:52:27,23.77,-0.01,8,19016,卖盘
74,14:52:21,23.78,0.01,416,989248,买盘
75,14:52:18,23.77,--,15,35655,卖盘
76,14:52:12,23.77,--,1,2377,卖盘
77,14:52:09,23.77,-0.01,5,11885,中性盘
78,14:52:06,23.78,0.01,16,38048,买盘
79,14:52:03,23.77,-0.01,31,73687,卖盘
80,14:52:00,23.78,0.01,31,73718,买盘
81,14:51:57,23.77,--,29,68933,卖盘
82,14:51:54,23.77,-0.01,2,4754,卖盘
83,14:51:51,23.78,0.01,4,9512,买盘
84,14:51:48,23.77,--,101,240077,卖盘
85,14:51:45,23.77,--,70,166390,卖盘
86,14:51:39,23.77,--,7,16639,卖盘
87,14:51:36,23.77,-0.01,43,102211,卖盘
88,14:51:33,23.78,--,18,42804,买盘
89,14:51:30,23.78,--,9,21402,买盘
90,14:51:27,23.78,--,31,73718,买盘
91,14:51:24,23.78,--,5,11890,买盘
92,14:51:21,23.78,--,4,9512,买盘
93,14:51:15,23.78,--,300,713400,卖盘
94,14:51:12,23.78,--,2,4756,卖盘
95,14:51:09,23.78,--,28,66584,卖盘
96,14:51:03,23.78,--,2,4756,卖盘
97,14:51:00,23.78,--,3,7134,卖盘
98,14:50:57,23.78,--,2,4756,卖盘
99,14:50:54,23.78,--,3,7134,卖盘
100,14:50:51,23.78,-0.01,3,7134,中性盘
101,14:50:45,23.79,0.02,52,123708,买盘
102,14:50:42,23.77,--,16,38032,卖盘
103,14:50:36,23.77,-0.02,1,2377,卖盘
104,14:50:30,23.79,0.01,800,1903200,买盘
105,14:50:27,23.78,--,130,309140,卖盘
106,14:50:24,23.78,--,5,11890,卖盘
107,14:50:15,23.78,-0.01,60,142680,卖盘
108,14:50:12,23.79,--,5,11895,买盘
109,14:50:09,23.79,0.01,2,4758,买盘
110,14:50:03,23.78,-0.01,10,23780,卖盘
111,14:50:00,23.79,--,10,23790,买盘
112,14:49:54,23.79,--,31,73749,卖盘
113,14:49:51,23.79,-0.01,41,97539,卖盘
114,14:49:48,23.8,0.01,12,28560,买盘
115,14:49:45,23.79,-0.01,25,59475,卖盘
116,14:49:42,23.8,0.01,8,19040,买盘
117,14:49:39,23.79,--,5,11895,卖盘
118,14:49:33,23.79,--,38,90402,卖盘
119,14:49:27,23.79,--,9,21411,卖盘
120,14:49:24,23.79,-0.01,5,11895,卖盘
121,14:49:21,23.8,--,16,38080,买盘
122,14:49:03,23.8,--,357,849660,卖盘
123,14:49:00,23.8,--,81,192780,卖盘
124,14:48:57,23.8,--,2,4760,卖盘
125,14:48:51,23.8,-0.01,64,152320,卖盘
126,14:48:48,23.81,--,9,21429,买盘
127,14:48:45,23.81,0.01,2,4762,买盘
128,14:48:42,23.8,--,1,2380,卖盘
129,14:48:39,23.8,--,2,4760,卖盘
130,14:48:33,23.8,-0.01,10,23800,卖盘
131,14:48:27,23.81,--,93,221433,卖盘
132,14:48:24,23.81,--,26,61906,卖盘
133,14:48:18,23.81,--,3,7143,卖盘
134,14:48:15,23.81,-0.01,24,57144,卖盘
135,14:48:09,23.82,0.01,18,42876,买盘
136,14:48:00,23.81,-0.01,6,14286,卖盘
137,14:47:57,23.82,--,15,35730,卖盘
138,14:47:54,23.82,-0.01,17,40494,卖盘
139,14:47:51,23.83,0.01,31,73873,买盘
140,14:47:48,23.82,-0.01,23,54786,卖盘
141,14:47:45,23.83,0.01,1,2383,买盘
142,14:47:42,23.82,-0.01,21,50022,卖盘
143,14:47:33,23.83,--,163,388429,买盘
144,14:47:30,23.83,--,101,240682,卖盘
145,14:47:27,23.83,-0.01,40,95320,卖盘
146,14:47:24,23.84,0.01,8,19072,中性盘
147,14:47:18,23.83,-0.01,540,1286820,卖盘
148,14:47:15,23.84,--,3,7152,卖盘
149,14:47:12,23.84,0.01,394,939296,买盘
150,14:47:09,23.83,--,218,519493,卖盘
151,14:47:06,23.83,--,3,7148,卖盘
152,14:47:03,23.83,--,2,4766,卖盘
153,14:47:00,23.83,--,12,28595,卖盘
154,14:46:57,23.83,0.01,346,824517,买盘
155,14:46:54,23.82,-0.01,304,724128,卖盘
156,14:46:51,23.83,--,47,112000,买盘
157,14:46:48,23.83,0.01,20,47660,买盘
158,14:46:39,23.82,--,5,11910,卖盘
159,14:46:36,23.82,0.01,162,385884,买盘
160,14:46:33,23.81,-0.01,8,19048,卖盘
161,14:46:30,23.82,0.01,15,35730,买盘
162,14:46:27,23.81,--,2,4762,卖盘
163,14:46:18,23.81,--,99,235719,买盘
164,14:46:12,23.81,0.01,11,26191,买盘
165,14:46:09,23.8,--,10,23800,卖盘
166,14:46:03,23.8,--,18,42840,卖盘
167,14:46:00,23.8,--,41,97580,买盘
168,14:45:57,23.8,--,50,119000,买盘
169,14:45:54,23.8,--,10,23800,买盘
170,14:45:51,23.8,0.01,8,19040,买盘
171,14:45:45,23.79,-0.01,3,7137,卖盘
172,14:45:39,23.8,--,47,111860,卖盘
173,14:45:36,23.8,--,22,52360,卖盘
174,14:45:24,23.8,-0.01,37,88060,卖盘
175,14:45:21,23.81,--,12,28572,买盘
176,14:45:18,23.81,0.01,79,188099,买盘
177,14:45:15,23.8,--,132,314160,卖盘
178,14:45:12,23.8,--,167,397460,卖盘
179,14:45:09,23.8,--,6,14280,卖盘
180,14:45:06,23.8,--,1,2380,卖盘
181,14:45:03,23.8,--,2,4760,卖盘
182,14:45:00,23.8,0.02,241,573580,买盘
183,14:44:57,23.78,-0.01,336,799008,卖盘
184,14:44:54,23.79,-0.01,4,9516,卖盘
185,14:44:51,23.8,0.02,400,952000,买盘
186,14:44:48,23.78,--,12,28536,卖盘
187,14:44:42,23.78,0.01,391,929798,买盘
188,14:44:39,23.77,-0.01,5,11885,卖盘
189,14:44:36,23.78,0.01,10,23780,买盘
190,14:44:30,23.77,0.01,89,211553,买盘
191,14:44:27,23.76,--,8,19008,卖盘
192,14:44:24,23.76,-0.01,20,47520,卖盘
193,14:44:21,23.77,0.01,16,38032,买盘
194,14:44:18,23.76,--,3,7128,卖盘
195,14:44:12,23.76,--,31,73656,买盘
196,14:44:09,23.76,0.01,138,327888,买盘
197,14:44:03,23.75,--,10,23750,卖盘
198,14:43:57,23.75,--,39,92625,买盘
199,14:43:54,23.75,--,2,4750,买盘
200,14:43:51,23.75,--,6,14250,买盘
201,14:43:48,23.75,-0.01,20,47500,卖盘
202,14:43:42,23.76,--,26,61776,买盘
203,14:43:39,23.76,0.01,10,23760,买盘
204,14:43:33,23.75,--,19,45125,卖盘
205,14:43:30,23.75,--,51,121125,卖盘
206,14:43:27,23.75,0.01,362,859750,买盘
207,14:43:24,23.74,-0.01,37,87838,卖盘
208,14:43:21,23.75,0.01,30,71250,买盘
209,14:43:18,23.74,--,67,159058,卖盘
210,14:43:12,23.74,--,7,16618,卖盘
211,14:43:09,23.74,--,4,9496,卖盘
212,14:43:06,23.74,--,2,4748,卖盘
213,14:42:57,23.74,--,1,2374,卖盘
214,14:42:48,23.74,--,78,185172,买盘
215,14:42:45,23.74,--,22,52228,买盘
216,14:42:33,23.74,--,471,1118154,卖盘
217,14:42:30,23.74,--,1,2374,卖盘
218,14:42:27,23.74,-0.01,8,18992,卖盘
219,14:42:24,23.75,--,8,19000,买盘
220,14:42:21,23.75,0.01,123,292125,买盘
221,14:42:18,23.74,--,1,2374,卖盘
222,14:42:12,23.74,--,10,23740,卖盘
223,14:42:09,23.74,--,15,35610,卖盘
224,14:42:06,23.74,--,100,237399,卖盘
225,14:42:03,23.74,--,112,265888,卖盘
226,14:42:00,23.74,0.02,22,52228,买盘
227,14:41:54,23.72,-0.01,15,35580,卖盘
228,14:41:51,23.73,--,5,11865,买盘
229,14:41:48,23.73,-0.02,90,213570,卖盘
230,14:41:36,23.75,0.01,50,118750,买盘
231,14:41:30,23.74,0.01,2,4748,买盘
232,14:41:27,23.73,-0.02,12,28476,卖盘
233,14:41:24,23.75,--,8,19000,买盘
234,14:41:21,23.75,0.01,19,45125,买盘
235,14:41:18,23.74,--,1,2374,卖盘
236,14:41:12,23.74,--,2,4748,卖盘
237,14:41:09,23.74,--,1,2374,卖盘
238,14:41:06,23.74,-0.01,12,28487,卖盘
239,14:40:57,23.75,0.01,1,2375,买盘
240,14:40:54,23.74,-0.02,76,180424,卖盘
241,14:40:51,23.76,--,3,7128,卖盘
242,14:40:48,23.76,0.01,33,78408,买盘
243,14:40:33,23.75,-0.01,20,47500,卖盘
244,14:40:27,23.76,--,12,28512,卖盘
245,14:40:21,23.76,-0.01,10,23760,中性盘
246,14:40:18,23.77,0.02,5,11885,买盘
247,14:40:15,23.75,-0.01,11,26125,卖盘
248,14:40:06,23.76,--,10,23760,买盘
249,14:40:03,23.76,-0.02,6,14256,中性盘
250,14:39:57,23.78,--,90,214020,买盘
251,14:39:51,23.78,--,10,23780,买盘
252,14:39:45,23.78,0.02,11,26158,买盘
253,14:39:42,23.76,--,1,2376,卖盘
254,14:39:39,23.76,0.01,10,23760,中性盘
255,14:39:36,23.75,-0.01,5,11875,卖盘
256,14:39:33,23.76,--,16,38016,卖盘
257,14:39:30,23.76,-0.03,1,2376,卖盘
258,14:39:27,23.79,0.01,50,118950,买盘
259,14:39:24,23.78,--,3,7134,买盘
260,14:39:21,23.78,0.03,45,107010,买盘
261,14:39:18,23.75,--,20,47500,卖盘
262,14:39:15,23.75,--,9,21375,卖盘
263,14:39:06,23.75,--,44,104500,买盘
264,14:39:00,23.75,0.01,50,118750,买盘
265,14:38:57,23.74,-0.01,5,11870,卖盘
266,14:38:54,23.75,--,45,106875,买盘
267,14:38:51,23.75,0.01,8,19000,买盘
268,14:38:48,23.74,-0.01,1,2374,卖盘
269,14:38:45,23.75,0.01,14,33250,中性盘
270,14:38:39,23.74,-0.05,12,28487,卖盘
271,14:38:36,23.79,0.04,960,2283840,买盘
272,14:38:33,23.75,0.02,318,755250,买盘
273,14:38:30,23.73,-0.01,59,140007,卖盘
274,14:38:27,23.74,--,15,35610,买盘
275,14:38:24,23.74,0.01,5,11870,买盘
276,14:38:15,23.73,--,75,178876,买盘
277,14:38:12,23.73,-0.01,123,291879,中性盘
278,14:37:54,23.74,0.01,400,949599,买盘
279,14:37:51,23.73,0.01,8,18984,买盘
280,14:37:36,23.72,--,10,23720,卖盘
281,14:37:33,23.72,--,9,21348,买盘
282,14:37:30,23.72,--,1,2372,买盘
283,14:37:27,23.72,--,2,4744,卖盘
284,14:37:24,23.72,-0.01,4,9488,卖盘
285,14:37:21,23.73,--,36,85428,买盘
286,14:37:18,23.73,--,5,11865,买盘
287,14:37:12,23.73,-0.01,29,68817,卖盘
288,14:37:09,23.74,--,5,11870,买盘
289,14:36:57,23.74,0.01,20,47480,买盘
290,14:36:51,23.73,--,107,253911,买盘
291,14:36:48,23.73,--,13,30849,买盘
292,14:36:45,23.73,--,20,47460,买盘
293,14:36:42,23.73,--,5,11865,买盘
294,14:36:39,23.73,--,8,18984,买盘
295,14:36:33,23.73,0.01,2,4746,买盘
296,14:36:27,23.72,--,5,11860,卖盘
297,14:36:24,23.72,-0.01,12,28464,卖盘
298,14:36:21,23.73,--,7,16611,买盘
299,14:36:18,23.73,--,30,71190,买盘
300,14:36:15,23.73,--,20,47460,买盘
301,14:36:06,23.73,0.01,1,2373,买盘
302,14:36:03,23.72,--,52,123344,买盘
303,14:36:00,23.72,--,7,16604,买盘
304,14:35:57,23.72,--,13,30836,买盘
305,14:35:54,23.72,--,18,42696,买盘
306,14:35:51,23.72,0.01,3,7116,中性盘
307,14:35:42,23.71,-0.01,26,61646,卖盘
308,14:35:39,23.72,0.01,62,147064,买盘
309,14:35:36,23.71,--,101,239471,卖盘
310,14:35:33,23.71,--,50,118550,卖盘
311,14:35:30,23.71,--,5,11855,卖盘
312,14:35:27,23.71,-0.01,14,33194,卖盘
313,14:35:24,23.72,--,8,18976,买盘
314,14:35:15,23.72,--,7,16604,买盘
315,14:35:12,23.72,--,10,23720,买盘
316,14:35:09,23.72,--,36,85392,买盘
317,14:35:03,23.72,0.01,10,23720,买盘
318,14:35:00,23.71,--,2,4742,卖盘
319,14:34:57,23.71,-0.01,8,18968,卖盘
320,14:34:54,23.72,0.01,8,18976,买盘
321,14:34:48,23.71,--,6,14226,卖盘
322,14:34:45,23.71,-0.01,3,7113,卖盘
323,14:34:42,23.72,--,2,4744,买盘
324,14:34:39,23.72,0.01,2,4744,买盘
325,14:34:36,23.71,--,4,9484,卖盘
326,14:34:30,23.71,--,12,28452,卖盘
327,14:34:27,23.71,--,70,165970,买盘
328,14:34:24,23.71,0.01,8,18968,买盘
329,14:34:18,23.7,--,2,4740,卖盘
330,14:34:15,23.7,--,4,9480,卖盘
331,14:34:09,23.7,--,10,23700,卖盘
332,14:33:57,23.7,-0.02,5,11850,卖盘
333,14:33:51,23.72,--,10,23720,买盘
334,14:33:39,23.72,0.01,157,372404,买盘
335,14:33:30,23.71,--,1,2371,卖盘
336,14:33:27,23.71,0.02,3,7113,卖盘
337,14:33:24,23.69,-0.02,21,49749,卖盘
338,14:33:12,23.71,0.02,5,11855,中性盘
339,14:33:06,23.69,-0.03,23,54487,卖盘
340,14:32:57,23.72,0.03,13,30836,买盘
341,14:32:54,23.69,-0.03,300,710700,卖盘
342,14:32:51,23.72,0.01,9,21348,买盘
343,14:32:45,23.71,--,5,11855,卖盘
344,14:32:42,23.71,--,6,14226,卖盘
345,14:32:39,23.71,--,5,11855,卖盘
346,14:32:30,23.71,-0.02,10,23710,卖盘
347,14:32:21,23.73,0.01,11,26103,买盘
348,14:32:18,23.72,--,3,7116,卖盘
349,14:32:15,23.72,--,6,14232,卖盘
350,14:31:57,23.72,0.01,18,42696,买盘
351,14:31:54,23.71,-0.01,2,4742,卖盘
352,14:31:51,23.72,0.02,51,120972,买盘
353,14:31:39,23.7,-0.01,7,16590,中性盘
354,14:31:30,23.71,0.01,36,85356,买盘
355,14:31:27,23.7,0.01,30,71100,买盘
356,14:31:24,23.69,-0.01,9,21321,卖盘
357,14:31:21,23.7,0.01,8,18960,买盘
358,14:31:12,23.69,--,30,71070,卖盘
359,14:31:06,23.69,0.01,20,47380,中性盘
360,14:31:03,23.68,--,52,123136,卖盘
361,14:31:00,23.68,-0.01,8,18944,卖盘
362,14:30:51,23.69,0.01,6,14214,买盘
363,14:30:48,23.68,--,1,2368,卖盘
364,14:30:36,23.68,0.03,208,493822,买盘
365,14:30:33,23.65,-0.02,2,4730,中性盘
366,14:30:03,23.67,0.01,429,1015443,买盘
367,14:30:00,23.66,-0.01,14,33124,卖盘
368,14:29:57,23.67,--,8,18936,买盘
369,14:29:54,23.67,--,28,66276,卖盘
370,14:29:51,23.67,--,1,2367,卖盘
371,14:29:48,23.67,--,24,56808,买盘
372,14:29:30,23.67,-0.01,1,2367,中性盘
373,14:29:24,23.68,0.01,8,18944,买盘
374,14:29:18,23.67,--,45,106515,卖盘
375,14:29:12,23.67,--,1,2367,卖盘
376,14:29:06,23.67,--,1,2367,卖盘
377,14:29:03,23.67,-0.01,1,2367,卖盘
378,14:28:57,23.68,-0.01,5,12929,卖盘
379,14:28:54,23.69,0.01,8,18952,买盘
380,14:28:48,23.68,--,5,11840,卖盘
381,14:28:24,23.68,--,18,42624,卖盘
382,14:28:21,23.68,--,1,2368,卖盘
383,14:28:06,23.68,-0.01,2,4736,卖盘
384,14:27:54,23.69,0.01,8,18952,买盘
385,14:27:51,23.68,-0.01,2,4736,卖盘
386,14:27:45,23.69,-0.01,6,14214,卖盘
387,14:27:24,23.7,--,140,331800,卖盘
388,14:27:21,23.7,--,202,478740,卖盘
389,14:27:18,23.7,-0.02,205,485850,卖盘
390,14:27:03,23.72,-0.01,3,7116,卖盘
391,14:27:00,23.73,0.01,26,61698,买盘
392,14:26:57,23.72,-0.01,20,47440,卖盘
393,14:26:51,23.73,0.01,13,30849,买盘
394,14:26:45,23.72,--,700,1660400,卖盘
395,14:26:39,23.72,-0.01,13,30836,卖盘
396,14:26:24,23.73,0.01,2,4746,中性盘
397,14:26:09,23.72,0.02,132,313104,买盘
398,14:26:06,23.7,--,12,28440,卖盘
399,14:26:03,23.7,0.01,85,201450,买盘
400,14:25:54,23.69,0.01,1,2369,卖盘
401,14:25:51,23.68,--,2,4736,卖盘
402,14:25:48,23.68,--,1,2368,卖盘
403,14:25:42,23.68,--,0,1278,卖盘
404,14:25:39,23.68,--,1,2368,卖盘
405,14:25:30,23.68,--,1,2368,卖盘
406,14:25:15,23.68,--,5,11840,买盘
407,14:25:09,23.68,-0.02,20,47360,卖盘
408,14:25:06,23.7,0.01,10,23700,买盘
409,14:25:03,23.69,--,11,26059,卖盘
410,14:25:00,23.69,--,7,16583,卖盘
411,14:24:57,23.69,-0.01,2,4738,卖盘
412,14:24:54,23.7,--,3,7110,买盘
413,14:24:51,23.7,--,5,11850,买盘
414,14:24:48,23.7,--,9,21330,卖盘
415,14:24:45,23.7,--,4,9480,卖盘
416,14:24:42,23.7,--,14,33180,卖盘
417,14:24:33,23.7,-0.02,500,1185000,卖盘
418,14:24:21,23.72,--,28,66416,买盘
419,14:24:03,23.72,--,1,2372,卖盘
420,14:24:00,23.72,--,1,2372,卖盘
421,14:23:57,23.72,-0.01,3,7116,卖盘
422,14:23:54,23.73,--,3,7119,买盘
423,14:23:51,23.73,--,5,11865,买盘
424,14:23:48,23.73,--,20,47460,买盘
425,14:23:45,23.73,0.01,100,237300,买盘
426,14:23:36,23.72,-0.01,3,7116,卖盘
427,14:23:33,23.73,--,63,149499,卖盘
428,14:23:30,23.73,--,30,71190,卖盘
429,14:23:27,23.73,--,500,1186500,卖盘
430,14:23:18,23.73,0.01,23,54579,买盘
431,14:23:15,23.72,0.01,2,4744,买盘
432,14:23:12,23.71,--,10,23710,卖盘
433,14:23:06,23.71,--,3,7113,卖盘
434,14:23:03,23.71,-0.01,6,14226,卖盘
435,14:22:54,23.72,0.01,9,21348,中性盘
436,14:22:45,23.71,--,33,78243,卖盘
437,14:22:36,23.71,-0.02,423,1002933,卖盘
438,14:22:33,23.73,0.01,30,71190,买盘
439,14:22:30,23.72,-0.01,8,18976,卖盘
440,14:22:27,23.73,--,68,161364,卖盘
441,14:22:24,23.73,--,4,9492,卖盘
442,14:22:18,23.73,0.02,30,71190,买盘
443,14:22:15,23.71,-0.01,700,1659700,卖盘
444,14:22:12,23.72,--,41,97252,卖盘
445,14:22:06,23.72,-0.01,10,23720,卖盘
446,14:22:03,23.73,-0.01,49,116277,卖盘
447,14:21:54,23.74,--,8,18992,买盘
448,14:21:51,23.74,0.01,2,4748,买盘
449,14:21:42,23.73,-0.02,36,85428,卖盘
450,14:21:39,23.75,0.01,9,21375,买盘
451,14:21:36,23.74,--,2,4748,卖盘
452,14:21:33,23.74,--,15,35610,卖盘
453,14:21:30,23.74,--,4,9496,卖盘
454,14:21:21,23.74,-0.01,3,7121,卖盘
455,14:21:18,23.75,-0.01,10,23750,买盘
456,14:21:12,23.76,0.02,200,475200,买盘
457,14:21:06,23.74,--,43,102082,买盘
458,14:21:03,23.74,--,25,59349,卖盘
459,14:20:57,23.74,-0.01,10,23740,卖盘
460,14:20:54,23.75,--,5,11875,买盘
461,14:20:51,23.75,--,133,315875,买盘
462,14:20:30,23.75,--,4,9500,买盘
463,14:20:27,23.75,--,38,90250,买盘
464,14:20:21,23.75,--,106,251750,卖盘
465,14:20:15,23.75,--,3,7125,卖盘
466,14:20:09,23.75,0.04,399,947625,买盘
467,14:19:54,23.71,--,21,49791,买盘
468,14:19:51,23.71,--,8,18968,买盘
469,14:19:48,23.71,--,21,49791,买盘
470,14:19:27,23.71,0.02,228,540588,买盘
471,14:19:24,23.69,-0.01,5,11845,卖盘
472,14:19:21,23.7,0.01,108,255960,买盘
473,14:19:18,23.69,-0.01,14,33166,卖盘
474,14:19:12,23.7,--,6,14220,买盘
475,14:19:09,23.7,0.01,200,474000,买盘
476,14:18:54,23.69,--,406,961814,买盘
477,14:18:48,23.69,--,1,2369,买盘
478,14:18:45,23.69,--,40,94760,买盘
479,14:18:24,23.69,0.01,110,260590,买盘
480,14:18:21,23.68,0.01,8,18944,买盘
481,14:18:18,23.67,-0.01,1,2367,卖盘
482,14:18:09,23.68,--,62,146816,买盘
483,14:18:03,23.68,--,17,40256,买盘
484,14:18:00,23.68,--,50,118400,买盘
485,14:17:57,23.68,--,85,201280,买盘
486,14:17:54,23.68,--,2,4736,买盘
487,14:17:51,23.68,0.01,6,14208,买盘
488,14:17:36,23.67,--,54,127818,买盘
489,14:17:33,23.67,--,1,2367,买盘
490,14:17:30,23.67,0.01,24,56808,买盘
491,14:17:27,23.66,-0.01,5,11830,卖盘
492,14:17:21,23.67,--,8,18936,买盘
493,14:17:12,23.67,--,3,7101,买盘
494,14:17:09,23.67,0.01,5,11835,买盘
495,14:17:06,23.66,-0.01,1,2366,卖盘
496,14:17:03,23.67,--,74,175158,买盘
497,14:17:00,23.67,--,5,11835,买盘
498,14:16:57,23.67,--,2,4734,买盘
499,14:16:54,23.67,--,3,7101,买盘
500,14:16:51,23.67,0.01,5,11835,买盘
501,14:16:30,23.66,--,10,23660,卖盘
502,14:16:24,23.66,0.01,607,1436162,买盘
503,14:16:21,23.65,--,5,11825,卖盘
504,14:16:18,23.65,--,17,40205,卖盘
505,14:16:06,23.65,-0.01,20,47300,卖盘
506,14:16:03,23.66,0.01,202,478641,买盘
507,14:16:00,23.65,--,2,4730,卖盘
508,14:15:54,23.65,--,11,26015,卖盘
509,14:15:51,23.65,--,4,9460,卖盘
510,14:15:48,23.65,--,10,23650,卖盘
511,14:15:36,23.65,--,1,2365,卖盘
512,14:15:27,23.65,--,441,1043248,买盘
513,14:15:24,23.65,--,68,160820,买盘
514,14:15:21,23.65,0.01,8,18920,买盘
515,14:14:48,23.64,--,21,49644,买盘
516,14:14:36,23.64,0.01,26,61464,买盘
517,14:14:33,23.63,-0.02,15,35445,卖盘
518,14:14:24,23.65,--,270,638550,买盘
519,14:14:00,23.65,--,50,118250,买盘
520,14:13:57,23.65,--,225,532125,买盘
521,14:13:51,23.65,0.01,8,18920,买盘
522,14:13:45,23.64,--,375,886500,卖盘
523,14:13:42,23.64,--,1,2364,卖盘
524,14:13:30,23.64,--,23,54372,卖盘
525,14:13:24,23.64,-0.01,7,16548,卖盘
526,14:13:21,23.65,--,8,18920,买盘
527,14:13:03,23.65,0.01,2,4730,买盘
528,14:13:00,23.64,--,15,35460,卖盘
529,14:12:57,23.64,-0.01,5,11820,卖盘
530,14:12:51,23.65,0.01,8,18920,买盘
531,14:12:42,23.64,--,22,52008,卖盘
532,14:12:36,23.64,--,18,42552,卖盘
533,14:12:33,23.64,--,16,37824,卖盘
534,14:12:30,23.64,-0.01,26,61464,卖盘
535,14:12:24,23.65,--,3,9128,卖盘
536,14:12:21,23.65,0.01,14,33441,买盘
537,14:12:18,23.64,--,4,9456,卖盘
538,14:12:12,23.64,-0.01,50,118200,卖盘
539,14:12:03,23.65,0.01,3,7095,买盘
540,14:11:57,23.64,-0.01,1,2364,卖盘
541,14:11:51,23.65,0.01,8,18920,买盘
542,14:11:45,23.64,--,18,42552,卖盘
543,14:11:42,23.64,--,20,47280,卖盘
544,14:11:27,23.64,-0.02,104,247889,卖盘
545,14:11:21,23.66,0.01,8,18928,买盘
546,14:11:18,23.65,--,5,11825,卖盘
547,14:11:09,23.65,0.01,90,213181,买盘
548,14:11:06,23.64,-0.01,114,271174,卖盘
549,14:10:54,23.65,--,3,7095,买盘
550,14:10:51,23.65,0.01,5,11825,买盘
551,14:10:42,23.64,--,3,7092,卖盘
552,14:10:36,23.64,-0.01,96,227629,中性盘
553,14:10:15,23.65,0.01,80,189200,买盘
554,14:10:06,23.64,-0.01,82,193848,卖盘
555,14:10:00,23.65,--,47,111155,买盘
556,14:09:54,23.65,--,12,28380,买盘
557,14:09:45,23.65,--,1,2365,买盘
558,14:09:36,23.65,-0.01,51,120615,卖盘
559,14:09:30,23.66,0.01,8,18928,买盘
560,14:09:24,23.65,-0.01,30,70950,卖盘
561,14:09:03,23.66,--,114,269724,卖盘
562,14:09:00,23.66,--,5,11830,卖盘
563,14:08:54,23.66,--,9,21294,卖盘
564,14:08:42,23.66,--,2,4732,卖盘
565,14:08:27,23.66,--,178,421148,买盘
566,14:08:21,23.66,0.01,8,18928,买盘
567,14:07:57,23.65,-0.01,10,23650,卖盘
568,14:07:51,23.66,0.01,8,18928,买盘
569,14:07:48,23.65,--,2,4730,卖盘
570,14:07:39,23.65,--,2,4730,卖盘
571,14:07:36,23.65,0.02,149,352385,买盘
572,14:07:33,23.63,-0.01,16,37808,卖盘
573,14:07:21,23.64,--,8,18912,买盘
574,14:07:18,23.64,--,2,4728,卖盘
575,14:06:51,23.64,--,6,14184,买盘
576,14:06:42,23.64,--,4,9456,卖盘
577,14:06:39,23.64,-0.01,10,23640,卖盘
578,14:06:36,23.65,0.01,46,108790,买盘
579,14:06:33,23.64,--,5,11820,卖盘
580,14:06:30,23.64,--,184,434976,卖盘
581,14:06:24,23.64,--,2,4728,卖盘
582,14:06:21,23.64,--,59,139476,买盘
583,14:06:15,23.64,0.01,28,66192,买盘
584,14:06:12,23.63,-0.01,20,47260,卖盘
585,14:06:06,23.64,--,1,2364,买盘
586,14:05:57,23.64,--,2,4728,买盘
587,14:05:51,23.64,--,13,30732,买盘
588,14:05:48,23.64,0.01,5,11820,买盘
589,14:05:45,23.63,--,39,92157,卖盘
590,14:05:42,23.63,--,1,2363,卖盘
591,14:05:30,23.63,--,3,7089,买盘
592,14:05:24,23.63,--,3,7089,买盘
593,14:05:21,23.63,--,5,11815,买盘
594,14:05:18,23.63,-0.01,3,7089,卖盘
595,14:05:06,23.64,-0.01,5,11820,卖盘
596,14:04:57,23.65,0.02,4,9460,买盘
597,14:04:42,23.63,0.02,2,4726,中性盘
598,14:04:24,23.61,-0.05,100,236100,卖盘
599,14:04:03,23.66,0.04,189,447174,买盘
600,14:04:00,23.62,-0.04,691,1632142,卖盘
601,14:03:54,23.66,-0.01,175,414050,卖盘
602,14:03:51,23.67,0.01,5,11835,买盘
603,14:03:48,23.66,-0.01,68,160888,卖盘
604,14:03:45,23.67,--,1,2367,买盘
605,14:03:36,23.67,--,17,40239,买盘
606,14:03:33,23.67,0.01,5,11835,买盘
607,14:03:27,23.66,--,20,47320,卖盘
608,14:03:24,23.66,--,38,89908,卖盘
609,14:03:15,23.66,--,1,2366,卖盘
610,14:03:09,23.66,-0.01,4,9464,卖盘
611,14:03:06,23.67,0.01,4,9468,买盘
612,14:02:54,23.66,-0.01,9,21294,卖盘
613,14:02:51,23.67,--,104,246168,买盘
614,14:02:36,23.67,0.01,2,4734,买盘
615,14:02:33,23.66,-0.01,17,40222,卖盘
616,14:02:27,23.67,--,1,2367,买盘
617,14:02:21,23.67,--,8,18936,买盘
618,14:02:12,23.67,0.01,1,2367,买盘
619,14:02:00,23.66,--,37,87542,买盘
620,14:01:57,23.66,--,6,14196,买盘
621,14:01:54,23.66,--,15,35490,买盘
622,14:01:51,23.66,0.01,58,137228,买盘
623,14:01:48,23.65,--,120,283800,卖盘
624,14:01:30,23.65,0.01,28,66220,买盘
625,14:01:27,23.64,-0.01,197,465708,卖盘
626,14:01:21,23.65,0.01,19,44935,买盘
627,14:01:09,23.64,--,85,200940,买盘
628,14:01:03,23.64,--,74,174936,买盘
629,14:00:51,23.64,0.01,13,30732,买盘
630,14:00:39,23.63,--,1,2363,卖盘
631,14:00:33,23.63,0.01,110,259930,买盘
632,14:00:30,23.62,-0.01,6,14172,卖盘
633,14:00:27,23.63,--,3,7089,卖盘
634,14:00:21,23.63,--,5,11815,买盘
635,14:00:18,23.63,--,102,241026,买盘
636,14:00:15,23.63,--,10,23630,买盘
637,14:00:00,23.63,0.01,25,59075,买盘
638,13:59:51,23.62,0.01,1,2362,买盘
639,13:59:45,23.61,-0.02,1,2361,卖盘
640,13:59:30,23.63,--,50,118150,买盘
641,13:59:21,23.63,0.02,18,42534,买盘
642,13:59:18,23.61,0.01,124,292764,买盘
643,13:59:15,23.6,0.01,205,483800,中性盘
644,13:59:00,23.59,-0.01,25,58975,卖盘
645,13:58:54,23.6,--,16,37760,买盘
646,13:58:51,23.6,0.01,8,18880,买盘
647,13:58:48,23.59,--,20,47180,卖盘
648,13:58:42,23.59,-0.01,2,4718,卖盘
649,13:58:39,23.6,--,10,23600,买盘
650,13:58:27,23.6,--,20,47200,买盘
651,13:58:24,23.6,--,3,7080,买盘
652,13:58:21,23.6,--,6,14160,买盘
653,13:58:18,23.6,--,42,99120,卖盘
654,13:58:09,23.6,-0.01,140,330400,卖盘
655,13:57:54,23.61,-0.01,157,370677,卖盘
656,13:57:51,23.62,0.01,6,14172,买盘
657,13:57:48,23.61,-0.01,2,4722,卖盘
658,13:57:39,23.62,0.01,8,18896,买盘
659,13:57:33,23.61,-0.02,165,389565,卖盘
660,13:57:24,23.63,--,8,18904,买盘
661,13:57:21,23.63,--,29,68527,卖盘
662,13:57:15,23.63,--,59,139417,卖盘
663,13:56:57,23.63,-0.01,21,49623,卖盘
664,13:56:54,23.64,0.01,8,18912,买盘
665,13:56:51,23.63,-0.01,7,16541,卖盘
666,13:56:48,23.64,0.01,5,11820,买盘
667,13:56:33,23.63,--,2,4726,卖盘
668,13:56:24,23.63,-0.01,5,11815,卖盘
669,13:56:21,23.64,0.01,8,18912,买盘
670,13:56:15,23.63,--,2,4726,卖盘
671,13:56:06,23.63,--,33,77979,卖盘
672,13:56:03,23.63,--,2,4726,卖盘
673,13:56:00,23.63,-0.01,4,9452,卖盘
674,13:55:54,23.64,0.01,58,137112,买盘
675,13:55:48,23.63,--,19,44897,买盘
676,13:55:33,23.63,--,10,23630,买盘
677,13:55:30,23.63,-0.01,6,14178,卖盘
678,13:55:24,23.64,0.01,2,4728,买盘
679,13:55:21,23.63,--,2,4726,买盘
680,13:55:12,23.63,--,5,11815,卖盘
681,13:55:06,23.63,--,2,4726,卖盘
682,13:55:03,23.63,--,46,108698,买盘
683,13:55:00,23.63,--,48,113424,卖盘
684,13:54:57,23.63,-0.01,6,14178,卖盘
685,13:54:51,23.64,0.01,14,33096,买盘
686,13:54:45,23.63,--,2,4726,卖盘
687,13:54:42,23.63,--,5,11815,卖盘
688,13:54:33,23.63,-0.01,10,23630,买盘
689,13:54:24,23.64,-0.01,8,18912,卖盘
690,13:54:21,23.65,0.01,50,118250,买盘
691,13:54:15,23.64,0.01,10,23640,买盘
692,13:54:09,23.63,--,2,4726,卖盘
693,13:54:06,23.63,--,29,68527,卖盘
694,13:54:03,23.63,--,1,2363,卖盘
695,13:53:57,23.63,-0.01,30,70890,卖盘
696,13:53:54,23.64,--,22,52008,买盘
697,13:53:51,23.64,0.01,8,18912,买盘
698,13:53:42,23.63,--,2,4726,卖盘
699,13:53:33,23.63,--,2,4726,卖盘
700,13:53:30,23.63,--,1,2363,卖盘
701,13:53:27,23.63,--,5,11815,卖盘
702,13:53:24,23.63,--,24,56712,买盘
703,13:53:21,23.63,--,8,18904,买盘
704,13:53:12,23.63,--,3,7089,买盘
705,13:53:09,23.63,--,63,148869,买盘
706,13:52:57,23.63,--,2,4726,买盘
707,13:52:54,23.63,-0.01,4,9452,卖盘
708,13:52:51,23.64,--,17,40188,买盘
709,13:52:48,23.64,--,50,118200,买盘
710,13:52:42,23.64,0.01,1,2364,买盘
711,13:52:36,23.63,--,10,23630,卖盘
712,13:52:33,23.63,-0.01,1,2363,卖盘
713,13:52:24,23.64,--,4,9456,买盘
714,13:52:21,23.64,--,8,18912,买盘
715,13:52:18,23.64,--,2,4728,买盘
716,13:52:15,23.64,0.01,8,18912,中性盘
717,13:52:03,23.63,--,4,9452,卖盘
718,13:52:00,23.63,0.01,29,68527,买盘
719,13:51:57,23.62,--,10,23620,卖盘
720,13:51:48,23.62,--,16,37792,买盘
721,13:51:39,23.62,--,33,77946,买盘
722,13:51:24,23.62,--,6,14172,卖盘
723,13:51:21,23.62,--,12,28344,买盘
724,13:51:15,23.62,0.02,3,7086,买盘
725,13:51:12,23.6,-0.04,40,94400,卖盘
726,13:51:00,23.64,0.03,300,709200,买盘
727,13:50:54,23.61,--,1,2361,买盘
728,13:50:51,23.61,--,30,70830,买盘
729,13:50:48,23.61,--,51,120411,买盘
730,13:50:39,23.61,--,3,7083,买盘
731,13:50:30,23.61,--,20,47220,买盘
732,13:50:21,23.61,0.01,13,30693,买盘
733,13:50:18,23.6,--,23,54280,卖盘
734,13:50:15,23.6,--,4,9440,卖盘
735,13:50:12,23.6,0.01,6,14160,中性盘
736,13:49:57,23.59,-0.01,15,35385,卖盘
737,13:49:54,23.6,--,1,2360,卖盘
738,13:49:51,23.6,--,12,28320,买盘
739,13:49:48,23.6,--,40,94400,买盘
740,13:49:42,23.6,0.02,41,96760,买盘
741,13:49:30,23.58,-0.02,13,30653,卖盘
742,13:49:21,23.6,--,1,2360,买盘
743,13:49:15,23.6,--,13,30680,买盘
744,13:49:09,23.6,--,39,92040,买盘
745,13:49:06,23.6,--,10,23600,买盘
746,13:48:57,23.6,--,4,9440,买盘
747,13:48:51,23.6,--,9,21240,买盘
748,13:48:33,23.6,0.01,2,4720,买盘
749,13:48:21,23.59,0.01,5,11795,买盘
750,13:48:06,23.58,--,19,44802,买盘
751,13:47:54,23.58,--,32,75456,买盘
752,13:47:51,23.58,--,8,18864,买盘
753,13:47:45,23.58,0.01,2,4716,买盘
754,13:47:42,23.57,0.01,1,2357,买盘
755,13:47:39,23.56,-0.02,19,44764,卖盘
756,13:47:33,23.58,0.02,2,4716,买盘
757,13:47:27,23.56,--,3,7068,买盘
758,13:47:24,23.56,--,52,122512,买盘
759,13:47:21,23.56,--,18,42408,买盘
760,13:47:18,23.56,--,56,131936,买盘
761,13:47:12,23.56,-0.01,35,82460,卖盘
762,13:47:03,23.57,--,2,4714,卖盘
763,13:46:51,23.57,0.01,1,2357,买盘
764,13:46:39,23.56,--,4,9424,买盘
765,13:46:30,23.56,--,5,11780,买盘
766,13:46:21,23.56,--,10,23560,买盘
767,13:46:15,23.56,--,72,169632,卖盘
768,13:46:00,23.56,--,51,120156,买盘
769,13:45:57,23.56,0.01,3,7068,买盘
770,13:45:54,23.55,-0.01,35,82425,卖盘
771,13:45:51,23.56,--,8,18848,买盘
772,13:45:45,23.56,--,18,42408,买盘
773,13:45:39,23.56,0.01,5,11780,买盘
774,13:45:30,23.55,-0.01,20,47100,卖盘
775,13:45:24,23.56,--,11,25916,买盘
776,13:45:21,23.56,--,15,35340,买盘
777,13:45:15,23.56,--,28,65968,卖盘
778,13:45:06,23.56,0.01,2,4712,卖盘
779,13:44:54,23.55,-0.01,50,117750,卖盘
780,13:44:42,23.56,--,1,2356,买盘
781,13:44:21,23.56,--,8,18848,买盘
782,13:44:15,23.56,0.02,6,14136,买盘
783,13:44:09,23.54,-0.02,1,2354,卖盘
784,13:44:06,23.56,--,8,18848,买盘
785,13:44:03,23.56,--,3,7068,买盘
786,13:44:00,23.56,-0.02,7,16492,卖盘
787,13:43:54,23.58,--,5,11790,买盘
788,13:43:51,23.58,0.05,3,7073,买盘
789,13:43:48,23.53,-0.04,1000,2353000,卖盘
790,13:43:45,23.57,0.01,19,44783,买盘
791,13:43:36,23.56,0.01,22,51832,卖盘
792,13:43:30,23.55,-0.01,25,58875,卖盘
793,13:43:27,23.56,--,7,16492,买盘
794,13:43:24,23.56,0.01,8,18848,买盘
795,13:43:15,23.55,-0.01,34,80070,卖盘
796,13:43:06,23.56,0.01,9,21204,买盘
797,13:43:00,23.55,--,50,117750,卖盘
798,13:42:57,23.55,-0.01,2,4710,卖盘
799,13:42:51,23.56,0.01,10,23560,买盘
800,13:42:45,23.55,--,1,2355,卖盘
801,13:42:42,23.55,-0.01,6,14130,卖盘
802,13:42:33,23.56,0.01,13,30628,买盘
803,13:42:30,23.55,--,11,25905,卖盘
804,13:42:24,23.55,-0.01,10,23550,卖盘
805,13:42:21,23.56,0.01,24,56544,买盘
806,13:42:18,23.55,--,5,11775,卖盘
807,13:42:12,23.55,--,2,4710,卖盘
808,13:42:09,23.55,--,2,4710,卖盘
809,13:42:03,23.55,--,2,4710,卖盘
810,13:41:57,23.55,--,200,471000,卖盘
811,13:41:54,23.55,-0.01,50,117750,卖盘
812,13:41:48,23.56,--,7,16492,卖盘
813,13:41:45,23.56,--,68,160208,买盘
814,13:41:42,23.56,--,111,261516,卖盘
815,13:41:39,23.56,--,2,4712,卖盘
816,13:41:33,23.56,--,50,117800,卖盘
817,13:41:30,23.56,--,30,70680,卖盘
818,13:41:27,23.56,-0.02,15,35340,卖盘
819,13:41:21,23.58,0.01,260,613080,买盘
820,13:41:15,23.57,-0.01,1,2357,卖盘
821,13:41:12,23.58,--,54,127331,买盘
822,13:41:09,23.58,--,64,150912,卖盘
823,13:41:03,23.58,--,4,9432,买盘
824,13:41:00,23.58,--,6,14147,卖盘
825,13:40:54,23.58,-0.01,2,4716,卖盘
826,13:40:51,23.59,--,8,18872,买盘
827,13:40:39,23.59,--,26,62749,卖盘
828,13:40:36,23.59,--,23,54257,卖盘
829,13:40:33,23.59,--,2,4718,卖盘
830,13:40:30,23.59,--,14,33026,卖盘
831,13:40:27,23.59,--,24,56616,卖盘
832,13:40:24,23.59,--,2,4718,卖盘
833,13:40:21,23.59,--,12,28308,卖盘
834,13:40:18,23.59,0.01,100,236843,买盘
835,13:40:12,23.58,--,2,4716,卖盘
836,13:40:06,23.58,-0.01,13,30653,卖盘
837,13:39:51,23.59,--,10,25005,卖盘
838,13:39:39,23.59,--,30,70770,卖盘
839,13:39:33,23.59,--,16,37744,卖盘
840,13:39:21,23.59,0.01,5,12738,买盘
841,13:39:18,23.58,--,12,28295,卖盘
842,13:39:12,23.58,--,5,11790,卖盘
843,13:39:00,23.58,-0.01,100,235799,卖盘
844,13:38:57,23.59,--,1,2359,买盘
845,13:38:51,23.59,--,96,227879,卖盘
846,13:38:48,23.59,--,20,47180,卖盘
847,13:38:30,23.59,-0.01,10,23590,卖盘
848,13:38:27,23.6,-0.01,20,47200,卖盘
849,13:38:21,23.61,0.01,8,18888,买盘
850,13:38:12,23.6,--,0,1888,卖盘
851,13:38:09,23.6,0.01,14,34928,买盘
852,13:38:06,23.59,--,0,1887,卖盘
853,13:38:03,23.59,--,2,4718,卖盘
854,13:37:51,23.59,--,46,108514,卖盘
855,13:37:45,23.59,--,13,30667,买盘
856,13:37:27,23.59,-0.01,7,16513,卖盘
857,13:37:21,23.6,0.01,8,18880,买盘
858,13:37:03,23.59,-0.01,1,2359,卖盘
859,13:36:51,23.6,--,1,2360,买盘
860,13:36:45,23.6,--,3,7080,买盘
861,13:36:42,23.6,0.02,7,16520,买盘
862,13:36:39,23.58,-0.01,400,943199,卖盘
863,13:36:33,23.59,-0.02,300,707700,卖盘
864,13:36:21,23.61,--,8,18888,买盘
865,13:36:15,23.61,-0.01,56,132216,卖盘
866,13:36:12,23.62,--,1,2362,买盘
867,13:36:06,23.62,-0.01,2,4724,卖盘
868,13:36:00,23.63,-0.01,12,28356,中性盘
869,13:35:51,23.64,0.01,117,276588,买盘
870,13:35:48,23.63,--,2,4726,买盘
871,13:35:45,23.63,-0.01,89,210307,卖盘
872,13:35:42,23.64,--,2,4728,买盘
873,13:35:39,23.64,--,10,23640,买盘
874,13:35:36,23.64,--,10,23640,买盘
875,13:35:33,23.64,--,10,23640,买盘
876,13:35:21,23.64,0.02,8,18912,买盘
877,13:35:15,23.62,-0.01,30,70860,卖盘
878,13:35:09,23.63,--,83,196129,买盘
879,13:35:03,23.63,--,2,4726,买盘
880,13:35:00,23.63,--,5,11815,买盘
881,13:34:57,23.63,0.01,4,9452,买盘
882,13:34:54,23.62,-0.01,1,2362,卖盘
883,13:34:51,23.63,0.01,8,18904,买盘
884,13:34:45,23.62,--,2,4724,卖盘
885,13:34:33,23.62,--,5,11810,卖盘
886,13:34:18,23.62,0.01,82,193684,买盘
887,13:34:12,23.61,--,36,86884,卖盘
888,13:34:09,23.61,--,2,6610,卖盘
889,13:34:06,23.61,--,3,8971,卖盘
890,13:34:03,23.61,-0.01,4,9444,卖盘
891,13:33:57,23.62,0.02,14,33068,买盘
892,13:33:39,23.6,-0.01,11,25960,卖盘
893,13:33:33,23.61,--,3,7083,买盘
894,13:33:24,23.61,--,39,92079,买盘
895,13:33:21,23.61,0.01,8,18888,买盘
896,13:33:15,23.6,--,55,129800,卖盘
897,13:33:00,23.6,--,8,18880,卖盘
898,13:32:57,23.6,--,30,70800,买盘
899,13:32:51,23.6,0.01,58,136880,买盘
900,13:32:45,23.59,-0.01,30,70770,卖盘
901,13:32:39,23.6,-0.01,2,4720,中性盘
902,13:32:30,23.61,--,3,8971,买盘
903,13:32:27,23.61,0.01,141,332901,买盘
904,13:32:24,23.6,-0.01,10,23600,卖盘
905,13:32:21,23.61,--,126,297486,买盘
906,13:32:18,23.61,0.01,7,16527,买盘
907,13:32:12,23.6,-0.01,6,14160,卖盘
908,13:32:09,23.61,--,63,148743,买盘
909,13:32:00,23.61,0.01,3,7083,买盘
910,13:31:48,23.6,--,17,40120,买盘
911,13:31:45,23.6,--,9,21240,卖盘
912,13:31:42,23.6,0.01,112,264320,买盘
913,13:31:21,23.59,--,8,18872,买盘
914,13:31:15,23.59,--,15,35385,卖盘
915,13:31:03,23.59,-0.01,8,18872,卖盘
916,13:30:54,23.6,--,2,4720,买盘
917,13:30:51,23.6,0.01,8,18880,买盘
918,13:30:45,23.59,--,22,51898,卖盘
919,13:30:42,23.59,--,9,21231,卖盘
920,13:30:39,23.59,--,5,11795,卖盘
921,13:30:33,23.59,--,2,4718,卖盘
922,13:30:24,23.59,0.01,3,7077,买盘
923,13:30:21,23.58,-0.01,34,80172,卖盘
924,13:30:18,23.59,0.01,10,23590,买盘
925,13:30:15,23.58,--,1,2358,卖盘
926,13:30:00,23.58,-0.02,18,42444,卖盘
927,13:29:57,23.6,0.01,42,99120,买盘
928,13:29:54,23.59,0.01,5,11795,中性盘
929,13:29:48,23.58,--,1,2358,卖盘
930,13:29:45,23.58,--,11,25937,卖盘
931,13:29:39,23.58,--,10,23580,卖盘
932,13:29:27,23.58,-0.02,30,70740,卖盘
933,13:29:21,23.6,0.01,12,28320,买盘
934,13:29:18,23.59,--,3,7077,卖盘
935,13:29:15,23.59,--,5,11795,卖盘
936,13:29:12,23.59,--,1,2359,卖盘
937,13:29:06,23.59,-0.01,8,18872,卖盘
938,13:28:57,23.6,--,5,11800,买盘
939,13:28:54,23.6,--,1,2360,买盘
940,13:28:51,23.6,--,8,18880,买盘
941,13:28:39,23.6,--,20,47200,卖盘
942,13:28:36,23.6,--,3,7080,卖盘
943,13:28:33,23.6,--,1,2360,卖盘
944,13:28:30,23.6,--,9,21240,卖盘
945,13:28:27,23.6,--,67,158120,买盘
946,13:28:21,23.6,0.02,10,23600,买盘
947,13:28:15,23.58,-0.01,25,58949,卖盘
948,13:28:12,23.59,--,5,11795,卖盘
949,13:28:09,23.59,--,6,14154,卖盘
950,13:28:06,23.59,0.01,170,401030,买盘
951,13:28:00,23.58,--,50,117899,卖盘
952,13:27:57,23.58,--,1,2358,卖盘
953,13:27:54,23.58,-0.01,1,2358,卖盘
954,13:27:51,23.59,--,8,18872,买盘
955,13:27:45,23.59,--,46,108514,卖盘
956,13:27:42,23.59,--,5,11795,卖盘
957,13:27:39,23.59,-0.01,48,113232,卖盘
958,13:27:30,23.6,--,10,23600,买盘
959,13:27:21,23.6,--,8,18880,买盘
960,13:27:18,23.6,--,5,11800,卖盘
961,13:27:15,23.6,--,20,47200,卖盘
962,13:27:09,23.6,-0.01,2,4720,卖盘
963,13:27:06,23.61,0.01,10,23610,买盘
964,13:27:03,23.6,-0.01,57,134520,卖盘
965,13:27:00,23.61,0.01,5,11805,买盘
966,13:26:54,23.6,-0.01,8,18880,卖盘
967,13:26:51,23.61,0.01,8,18888,买盘
968,13:26:48,23.6,-0.01,1,2360,卖盘
969,13:26:45,23.61,0.01,42,99162,买盘
970,13:26:36,23.6,--,1,2360,卖盘
971,13:26:27,23.6,--,15,35400,卖盘
972,13:26:18,23.6,--,3,7080,卖盘
973,13:26:09,23.6,--,30,70800,买盘
974,13:26:03,23.6,--,10,23600,买盘
975,13:25:57,23.6,--,2,4720,买盘
976,13:25:54,23.6,-0.01,8,18880,卖盘
977,13:25:51,23.61,0.02,150,354150,买盘
978,13:25:39,23.59,-0.01,46,108514,卖盘
979,13:25:33,23.6,--,1,2360,卖盘
980,13:25:30,23.6,0.01,77,181720,买盘
981,13:25:21,23.59,--,11,25949,卖盘
982,13:25:18,23.59,-0.01,20,47180,卖盘
983,13:24:51,23.6,--,8,18880,买盘
984,13:24:48,23.6,-0.01,18,42480,卖盘
985,13:24:42,23.61,0.01,2,4722,买盘
986,13:24:36,23.6,-0.01,5,11800,卖盘
987,13:24:27,23.61,--,1,2361,买盘
988,13:24:21,23.61,--,8,18888,买盘
989,13:24:15,23.61,0.01,1,2361,买盘
990,13:24:12,23.6,--,2,4720,卖盘
991,13:24:09,23.6,--,3,7080,买盘
992,13:24:00,23.6,-0.01,2,4720,中性盘
993,13:23:57,23.61,0.01,706,1666866,买盘
994,13:23:51,23.6,--,8,18880,买盘
995,13:23:45,23.6,0.01,30,70800,买盘
996,13:23:42,23.59,--,3,7077,买盘
997,13:23:36,23.59,--,52,122668,买盘
998,13:23:33,23.59,--,422,995498,买盘
999,13:23:27,23.59,--,10,23590,买盘
1000,13:23:24,23.59,--,1,2359,买盘
1001,13:23:21,23.59,--,8,18872,买盘
1002,13:23:15,23.59,--,1,2359,买盘
1003,13:23:09,23.59,--,11,25949,卖盘
1004,13:23:00,23.59,-0.01,1,2359,卖盘
1005,13:22:51,23.6,0.01,8,18880,买盘
1006,13:22:45,23.59,--,2,4718,卖盘
1007,13:22:42,23.59,--,19,44821,买盘
1008,13:22:39,23.59,0.01,11,25949,买盘
1009,13:22:36,23.58,--,5,11790,卖盘
1010,13:22:33,23.58,-0.01,4,9432,卖盘
1011,13:22:30,23.59,--,3,7077,买盘
1012,13:22:27,23.59,0.01,10,23590,买盘
1013,13:22:24,23.58,-0.01,4,9432,卖盘
1014,13:22:21,23.59,0.01,8,18872,买盘
1015,13:22:18,23.58,--,51,120257,卖盘
1016,13:22:15,23.58,--,1,2358,卖盘
1017,13:22:00,23.58,-0.01,6,14147,卖盘
1018,13:21:51,23.59,0.02,25,58975,买盘
1019,13:21:48,23.57,-0.02,200,471400,卖盘
1020,13:21:42,23.59,0.01,1,2359,买盘
1021,13:21:39,23.58,--,15,35370,卖盘
1022,13:21:27,23.58,-0.01,1,2358,卖盘
1023,13:21:21,23.59,0.01,8,18872,买盘
1024,13:21:18,23.58,--,2,4716,卖盘
1025,13:21:12,23.58,-0.01,5,11790,卖盘
1026,13:21:06,23.59,--,56,132104,买盘
1027,13:20:57,23.59,0.01,1,2359,买盘
1028,13:20:54,23.58,-0.01,4,9432,卖盘
1029,13:20:51,23.59,--,13,30667,买盘
1030,13:20:48,23.59,--,164,386876,卖盘
1031,13:20:45,23.59,--,15,35385,卖盘
1032,13:20:42,23.59,--,17,40103,卖盘
1033,13:20:39,23.59,-0.01,14,33026,卖盘
1034,13:20:30,23.6,-0.01,182,429520,卖盘
1035,13:20:27,23.61,--,125,295125,卖盘
1036,13:20:24,23.61,-0.01,1,2361,卖盘
1037,13:20:21,23.62,--,8,18896,买盘
1038,13:20:12,23.62,--,70,165340,卖盘
1039,13:20:09,23.62,--,60,141720,卖盘
1040,13:20:06,23.62,-0.01,7,16534,卖盘
1041,13:20:00,23.63,--,1,2363,买盘
1042,13:19:51,23.63,-0.01,181,427703,卖盘
1043,13:19:48,23.64,--,6,14184,买盘
1044,13:19:42,23.64,-0.01,194,458616,卖盘
1045,13:19:36,23.65,-0.01,103,243594,卖盘
1046,13:19:33,23.66,--,1,2366,买盘
1047,13:19:27,23.66,--,20,47320,买盘
1048,13:19:21,23.66,--,61,144326,卖盘
1049,13:19:00,23.66,--,10,23660,卖盘
1050,13:18:51,23.66,0.01,13,30758,买盘
1051,13:18:48,23.65,-0.01,10,23650,卖盘
1052,13:18:33,23.66,--,16,37856,卖盘
1053,13:18:30,23.66,--,10,23660,卖盘
1054,13:18:27,23.66,-0.01,50,118300,卖盘
1055,13:18:21,23.67,--,8,18936,买盘
1056,13:18:15,23.67,0.02,39,92313,中性盘
1057,13:17:54,23.65,-0.01,10,23650,卖盘
1058,13:17:51,23.66,-0.01,60,141960,卖盘
1059,13:17:36,23.67,--,1,2367,买盘
1060,13:17:33,23.67,--,2,4734,卖盘
1061,13:17:21,23.67,0.01,256,605952,买盘
1062,13:17:12,23.66,--,1,2366,卖盘
1063,13:17:03,23.66,-0.01,2,4732,卖盘
1064,13:16:51,23.67,--,8,18936,买盘
1065,13:16:45,23.67,--,30,71010,买盘
1066,13:16:36,23.67,-0.01,6,14202,卖盘
1067,13:16:24,23.68,--,2,4736,买盘
1068,13:16:21,23.68,--,25,59200,买盘
1069,13:16:15,23.68,--,6,14208,买盘
1070,13:16:12,23.68,0.01,5,11840,买盘
1071,13:16:06,23.67,0.02,2,4734,卖盘
1072,13:15:51,23.65,-0.01,200,473000,卖盘
1073,13:15:45,23.66,--,5,11830,卖盘
1074,13:15:42,23.66,--,100,236600,卖盘
1075,13:15:36,23.66,-0.01,11,26026,卖盘
1076,13:15:30,23.67,0.01,47,111249,买盘
1077,13:15:27,23.66,-0.01,73,172718,卖盘
1078,13:15:21,23.67,--,25,59175,买盘
1079,13:15:12,23.67,-0.01,230,544410,卖盘
1080,13:15:09,23.68,--,23,54464,买盘
1081,13:14:51,23.68,--,13,30784,买盘
1082,13:14:33,23.68,-0.01,75,177600,卖盘
1083,13:14:30,23.69,-0.01,21,49749,中性盘
1084,13:14:21,23.7,0.01,25,59250,买盘
1085,13:14:18,23.69,-0.01,80,189520,卖盘
1086,13:13:51,23.7,--,8,18960,买盘
1087,13:13:24,23.7,--,3,7110,买盘
1088,13:13:21,23.7,--,5,11850,买盘
1089,13:13:18,23.7,0.01,38,90060,买盘
1090,13:12:54,23.69,-0.01,1,2369,卖盘
1091,13:12:51,23.7,0.01,36,85320,买盘
1092,13:12:48,23.69,--,68,161092,买盘
1093,13:12:27,23.69,--,15,35535,卖盘
1094,13:12:18,23.69,--,10,23690,买盘
1095,13:11:57,23.69,-0.01,12,28428,中性盘
1096,13:11:48,23.7,0.03,59,139830,买盘
1097,13:11:36,23.67,-0.01,27,63909,卖盘
1098,13:11:30,23.68,--,30,71040,买盘
1099,13:11:27,23.68,--,6,14208,买盘
1100,13:11:21,23.68,-0.02,164,388352,卖盘
1101,13:11:18,23.7,--,18,42660,买盘
1102,13:11:09,23.7,--,31,73470,买盘
1103,13:11:06,23.7,0.01,7,16590,买盘
1104,13:10:57,23.69,--,24,56856,卖盘
1105,13:10:51,23.69,0.01,5,11845,卖盘
1106,13:10:45,23.68,-0.03,4,9472,卖盘
1107,13:10:36,23.71,0.03,50,118550,买盘
1108,13:10:24,23.68,-0.02,140,331520,卖盘
1109,13:10:21,23.7,--,8,18960,买盘
1110,13:10:18,23.7,0.01,17,40290,买盘
1111,13:10:06,23.69,0.01,45,106605,买盘
1112,13:09:51,23.68,-0.01,30,71040,卖盘
1113,13:09:48,23.69,--,24,56856,买盘
1114,13:09:45,23.69,0.02,22,52118,买盘
1115,13:09:39,23.67,-0.02,150,355050,卖盘
1116,13:09:27,23.69,--,17,40273,卖盘
1117,13:09:18,23.69,--,104,246376,买盘
1118,13:09:03,23.69,0.01,437,1035253,买盘
1119,13:09:00,23.68,--,6,14208,卖盘
1120,13:08:54,23.68,-0.01,1,2368,卖盘
1121,13:08:51,23.69,0.01,8,18952,买盘
1122,13:08:42,23.68,-0.01,5,11840,卖盘
1123,13:08:39,23.69,--,4,9476,卖盘
1124,13:08:27,23.69,-0.01,4,9476,卖盘
1125,13:08:24,23.7,--,15,35550,买盘
1126,13:08:18,23.7,0.02,17,40290,买盘
1127,13:08:06,23.68,--,1,2368,卖盘
1128,13:07:54,23.68,-0.02,54,127872,卖盘
1129,13:07:51,23.7,--,8,18960,买盘
1130,13:07:21,23.7,--,36,85320,买盘
1131,13:07:18,23.7,0.01,17,40290,买盘
1132,13:07:15,23.69,--,10,23690,卖盘
1133,13:07:12,23.69,--,2,4738,卖盘
1134,13:07:00,23.69,--,11,26059,卖盘
1135,13:06:51,23.69,--,5,11845,买盘
1136,13:06:45,23.69,--,2,4738,买盘
1137,13:06:24,23.69,-0.01,8,18952,中性盘
1138,13:06:18,23.7,0.02,19,45030,买盘
1139,13:06:00,23.68,-0.01,70,165760,卖盘
1140,13:05:54,23.69,-0.01,11,26059,卖盘
1141,13:05:51,23.7,0.01,8,18960,买盘
1142,13:05:48,23.69,--,3,7107,卖盘
1143,13:05:45,23.69,-0.01,4,9476,卖盘
1144,13:05:42,23.7,--,5,11850,买盘
1145,13:05:33,23.7,--,20,47400,买盘
1146,13:05:21,23.7,--,8,18960,买盘
1147,13:05:18,23.7,--,16,37920,买盘
1148,13:05:12,23.7,--,1,2370,卖盘
1149,13:05:09,23.7,-0.01,7,16590,卖盘
1150,13:04:51,23.71,--,2,4742,买盘
1151,13:04:42,23.71,--,1,2371,买盘
1152,13:04:39,23.71,--,3,7113,买盘
1153,13:04:36,23.71,--,3,7113,买盘
1154,13:04:21,23.71,--,8,18968,买盘
1155,13:04:18,23.71,0.01,18,42678,买盘
1156,13:04:15,23.7,--,145,343650,卖盘
1157,13:04:09,23.7,-0.01,1,2370,卖盘
1158,13:04:06,23.71,--,3,7113,买盘
1159,13:03:57,23.71,-0.01,8,18968,卖盘
1160,13:03:51,23.72,--,9,21348,买盘
1161,13:03:48,23.72,--,5,11860,买盘
1162,13:03:42,23.72,--,5,11860,买盘
1163,13:03:36,23.72,--,5,11860,买盘
1164,13:03:21,23.72,--,8,18976,买盘
1165,13:03:15,23.72,--,16,37952,买盘
1166,13:03:03,23.72,--,19,45068,买盘
1167,13:02:36,23.72,0.02,2,4744,买盘
1168,13:02:30,23.7,-0.02,1,2370,卖盘
1169,13:02:27,23.72,-0.01,60,142320,中性盘
1170,13:02:15,23.73,0.01,17,40341,买盘
1171,13:01:57,23.72,-0.01,16,37952,卖盘
1172,13:01:51,23.73,--,8,18984,买盘
1173,13:01:39,23.73,--,11,26103,买盘
1174,13:01:36,23.73,--,15,35595,买盘
1175,13:01:33,23.73,--,20,47460,买盘
1176,13:01:21,23.73,0.01,8,18984,买盘
1177,13:01:18,23.72,-0.01,100,237200,卖盘
1178,13:01:15,23.73,0.01,17,40341,买盘
1179,13:01:09,23.72,-0.01,1,2372,卖盘
1180,13:01:00,23.73,-0.01,17,40341,卖盘
1181,13:00:57,23.74,--,100,237399,买盘
1182,13:00:51,23.74,0.01,13,30861,买盘
1183,13:00:48,23.73,-0.02,54,128142,卖盘
1184,13:00:36,23.75,--,20,47500,买盘
1185,13:00:18,23.75,--,28,66500,卖盘
1186,13:00:15,23.75,-0.01,310,736250,卖盘
1187,13:00:12,23.76,0.01,2,4752,买盘
1188,13:00:06,23.75,--,39,92625,卖盘
1189,13:00:03,23.75,--,157,372875,买盘
1190,13:00:00,23.75,--,0,0,买盘
1191,11:30:00,23.75,0.03,15,35625,买盘
1192,11:29:54,23.72,-0.02,3,7116,卖盘
1193,11:29:51,23.74,0.02,405,961469,买盘
1194,11:29:45,23.72,-0.01,2,4744,中性盘
1195,11:29:42,23.73,0.02,20,47460,买盘
1196,11:29:39,23.71,-0.01,2,4742,卖盘
1197,11:29:27,23.72,--,50,118600,买盘
1198,11:29:24,23.72,--,10,23720,买盘
1199,11:29:21,23.72,--,27,64044,买盘
1200,11:29:15,23.72,0.01,17,40324,买盘
1201,11:29:12,23.71,--,2,4742,卖盘
1202,11:29:03,23.71,--,1,2371,卖盘
1203,11:28:54,23.71,-0.01,32,75872,卖盘
1204,11:28:51,23.72,0.01,9,21348,买盘
1205,11:28:45,23.71,--,36,85356,卖盘
1206,11:28:39,23.71,--,32,75872,卖盘
1207,11:28:36,23.71,--,181,429151,买盘
1208,11:28:30,23.71,--,25,59275,买盘
1209,11:28:27,23.71,0.01,5,11855,买盘
1210,11:28:24,23.7,-0.01,56,132720,卖盘
1211,11:28:21,23.71,--,8,18968,买盘
1212,11:28:18,23.71,0.01,59,139889,买盘
1213,11:28:09,23.7,0.02,457,1083090,买盘
1214,11:28:03,23.68,--,77,182336,买盘
1215,11:27:57,23.68,0.03,25,59200,买盘
1216,11:27:54,23.65,-0.02,31,73315,卖盘
1217,11:27:45,23.67,0.02,3,7101,买盘
1218,11:27:39,23.65,-0.02,32,75680,卖盘
1219,11:27:33,23.67,0.02,3,7101,买盘
1220,11:27:24,23.65,-0.02,32,75680,中性盘
1221,11:27:15,23.67,--,17,40239,买盘
1222,11:27:12,23.67,0.04,1,2367,买盘
1223,11:27:09,23.63,-0.04,69,163921,卖盘
1224,11:27:03,23.67,--,11,26037,卖盘
1225,11:27:00,23.67,--,1,2367,卖盘
1226,11:26:54,23.67,--,31,73377,卖盘
1227,11:26:51,23.67,0.04,122,290265,买盘
1228,11:26:39,23.63,--,32,75616,卖盘
1229,11:26:27,23.63,0.01,2,4726,中性盘
1230,11:26:24,23.62,-0.05,32,75584,卖盘
1231,11:26:21,23.67,--,8,18936,买盘
1232,11:26:15,23.67,--,15,35505,卖盘
1233,11:26:12,23.67,0.05,12,28404,买盘
1234,11:26:09,23.62,-0.05,32,75584,卖盘
1235,11:26:03,23.67,0.04,2,4734,买盘
1236,11:25:57,23.63,-0.05,3,7089,卖盘
1237,11:25:54,23.68,0.06,36,85248,买盘
1238,11:25:39,23.62,--,32,75584,卖盘
1239,11:25:36,23.62,-0.03,500,1181000,卖盘
1240,11:25:24,23.65,-0.04,32,75680,卖盘
1241,11:25:12,23.69,0.04,17,40273,买盘
1242,11:25:09,23.65,--,32,75680,卖盘
1243,11:25:06,23.65,--,40,94600,卖盘
1244,11:24:54,23.65,-0.04,31,73315,卖盘
1245,11:24:51,23.69,--,8,18952,买盘
1246,11:24:48,23.69,--,35,82915,卖盘
1247,11:24:39,23.69,--,42,99498,卖盘
1248,11:24:30,23.69,0.04,223,528287,买盘
1249,11:24:24,23.65,-0.04,32,75680,卖盘
1250,11:24:12,23.69,0.04,37,87653,买盘
1251,11:24:09,23.65,-0.04,32,75680,卖盘
1252,11:24:06,23.69,--,40,94760,卖盘
1253,11:24:03,23.69,0.04,10,23690,买盘
1254,11:23:54,23.65,-0.05,31,73315,卖盘
1255,11:23:45,23.7,0.05,49,116130,买盘
1256,11:23:39,23.65,-0.05,36,85140,卖盘
1257,11:23:33,23.7,0.07,20,47400,买盘
1258,11:23:24,23.63,-0.07,32,75616,卖盘
1259,11:23:21,23.7,--,8,18960,买盘
1260,11:23:12,23.7,--,53,125610,买盘
1261,11:23:09,23.7,--,169,400530,卖盘
1262,11:23:03,23.7,--,33,78210,卖盘
1263,11:23:00,23.7,0.01,311,737070,买盘
1264,11:22:57,23.69,0.05,22,52118,买盘
1265,11:22:54,23.64,-0.05,31,73284,卖盘
1266,11:22:48,23.69,--,9,21321,买盘
1267,11:22:42,23.69,--,25,59225,买盘
1268,11:22:39,23.69,--,66,156354,买盘
1269,11:22:30,23.69,--,10,23690,买盘
1270,11:22:27,23.69,0.07,8,18952,中性盘
1271,11:22:24,23.62,-0.07,209,493658,卖盘
1272,11:22:18,23.69,-0.01,1,2369,中性盘
1273,11:22:12,23.7,0.07,22,52140,买盘
1274,11:22:09,23.63,0.01,32,75616,卖盘
1275,11:21:54,23.62,-0.09,53,125186,卖盘
1276,11:21:51,23.71,0.01,18,42678,买盘
1277,11:21:45,23.7,--,10,23700,卖盘
1278,11:21:42,23.7,--,102,241740,卖盘
1279,11:21:39,23.7,0.03,303,718110,买盘
1280,11:21:36,23.67,0.02,3,7101,买盘
1281,11:21:24,23.65,0.01,32,75680,卖盘
1282,11:21:12,23.64,0.02,2,4728,买盘
1283,11:21:09,23.62,-0.03,32,75584,卖盘
1284,11:21:06,23.65,--,189,446985,买盘
1285,11:21:03,23.65,0.04,3,7095,买盘
1286,11:20:54,23.61,-0.03,31,73191,中性盘
1287,11:20:48,23.64,0.04,22,52008,买盘
1288,11:20:42,23.6,0.02,6,14160,卖盘
1289,11:20:39,23.58,-0.02,32,75456,卖盘
1290,11:20:36,23.6,--,23,54610,买盘
1291,11:20:30,23.6,--,26,61360,买盘
1292,11:20:27,23.6,0.02,19,44840,买盘
1293,11:20:24,23.58,-0.02,36,84888,卖盘
1294,11:20:21,23.6,--,18,42480,买盘
1295,11:20:15,23.6,--,40,94400,买盘
1296,11:20:12,23.6,-0.02,170,403229,卖盘
1297,11:20:09,23.62,--,32,75584,卖盘
1298,11:20:06,23.62,--,477,1127004,买盘
1299,11:20:03,23.62,--,112,264544,买盘
1300,11:19:54,23.62,0.02,440,1039280,买盘
1301,11:19:45,23.6,--,5,11800,买盘
1302,11:19:42,23.6,--,6,14160,买盘
1303,11:19:39,23.6,--,82,193520,买盘
1304,11:19:30,23.6,--,71,167560,买盘
1305,11:19:27,23.6,0.03,20,47200,买盘
1306,11:19:24,23.57,--,32,75424,卖盘
1307,11:19:15,23.57,-0.03,18,42426,卖盘
1308,11:19:12,23.6,0.04,8,18880,买盘
1309,11:19:09,23.56,--,32,75392,卖盘
1310,11:19:06,23.56,-0.04,3,7068,卖盘
1311,11:19:03,23.6,0.03,29,68440,买盘
1312,11:19:00,23.57,--,52,122564,卖盘
1313,11:18:54,23.57,--,130,306410,卖盘
1314,11:18:51,23.57,-0.01,29,68353,买盘
1315,11:18:45,23.58,0.01,500,1179000,买盘
1316,11:18:42,23.57,--,368,867376,卖盘
1317,11:18:39,23.57,--,32,75424,卖盘
1318,11:18:36,23.57,-0.01,400,942800,卖盘
1319,11:18:33,23.58,--,10,23580,买盘
1320,11:18:27,23.58,--,30,70740,买盘
1321,11:18:24,23.58,--,72,169776,买盘
1322,11:18:21,23.58,-0.02,32,75456,卖盘
1323,11:18:12,23.6,--,16,37760,买盘
1324,11:18:09,23.6,--,42,99120,买盘
1325,11:17:57,23.6,0.02,41,96760,买盘
1326,11:17:54,23.58,-0.02,31,73098,卖盘
1327,11:17:51,23.6,--,100,237180,卖盘
1328,11:17:48,23.6,--,5,11800,卖盘
1329,11:17:39,23.6,--,32,75520,卖盘
1330,11:17:24,23.6,--,32,75520,卖盘
1331,11:17:21,23.6,0.01,318,751660,买盘
1332,11:17:12,23.59,0.01,2,4718,买盘
1333,11:17:09,23.58,--,32,75456,卖盘
1334,11:17:03,23.58,--,136,320688,卖盘
1335,11:17:00,23.58,--,2,4716,卖盘
1336,11:16:57,23.58,--,56,132048,卖盘
1337,11:16:54,23.58,--,31,73098,卖盘
1338,11:16:51,23.58,--,1,2358,卖盘
1339,11:16:48,23.58,--,8,18864,买盘
1340,11:16:39,23.58,--,11,25937,买盘
1341,11:16:36,23.58,--,1,2358,买盘
1342,11:16:33,23.58,--,3,7073,买盘
1343,11:16:21,23.58,0.01,10,23580,买盘
1344,11:16:18,23.57,-0.01,6,14142,卖盘
1345,11:16:15,23.58,-0.01,258,608364,卖盘
1346,11:16:12,23.59,--,26,61334,买盘
1347,11:16:09,23.59,--,50,117950,买盘
1348,11:16:03,23.59,--,10,23590,买盘
1349,11:16:00,23.59,--,77,181643,卖盘
1350,11:15:57,23.59,-0.01,50,117950,卖盘
1351,11:15:51,23.6,--,8,18880,买盘
1352,11:15:48,23.6,--,2,4720,买盘
1353,11:15:42,23.6,--,21,49560,买盘
1354,11:15:33,23.6,-0.01,28,67260,卖盘
1355,11:15:21,23.61,0.01,25,60205,买盘
1356,11:15:15,23.6,--,10,23600,卖盘
1357,11:15:12,23.6,--,12,28320,买盘
1358,11:15:09,23.6,--,20,47200,买盘
1359,11:15:06,23.6,--,1,2360,买盘
1360,11:15:00,23.6,--,17,40120,卖盘
1361,11:14:51,23.6,0.01,6,14160,买盘
1362,11:14:48,23.59,-0.01,15,35385,卖盘
1363,11:14:36,23.6,0.01,2,4720,买盘
1364,11:14:33,23.59,-0.01,4,9436,卖盘
1365,11:14:30,23.6,0.01,5,11800,中性盘
1366,11:14:15,23.59,-0.01,283,667597,中性盘
1367,11:14:12,23.6,0.01,17,40120,买盘
1368,11:14:06,23.59,--,4,9436,买盘
1369,11:14:03,23.59,-0.01,87,206412,卖盘
1370,11:14:00,23.6,--,1,2360,买盘
1371,11:13:51,23.6,0.01,15,35400,买盘
1372,11:13:48,23.59,-0.01,123,290157,卖盘
1373,11:13:45,23.6,--,11,25960,买盘
1374,11:13:42,23.6,--,18,42480,买盘
1375,11:13:27,23.6,--,6,14160,买盘
1376,11:13:21,23.6,--,21,49560,买盘
1377,11:13:09,23.6,--,15,35400,买盘
1378,11:13:03,23.6,0.01,50,118000,买盘
1379,11:13:00,23.59,-0.01,110,259490,卖盘
1380,11:12:57,23.6,--,12,28320,买盘
1381,11:12:54,23.6,--,1,2360,买盘
1382,11:12:51,23.6,--,12,28320,买盘
1383,11:12:48,23.6,--,4,9440,买盘
1384,11:12:45,23.6,--,22,51920,买盘
1385,11:12:33,23.6,--,76,179360,卖盘
1386,11:12:30,23.6,-0.01,3,7080,卖盘
1387,11:12:27,23.61,0.01,1,2361,买盘
1388,11:12:21,23.6,--,1,2360,卖盘
1389,11:12:18,23.6,--,3,7080,买盘
1390,11:12:09,23.6,0.01,19,44840,买盘
1391,11:12:06,23.59,--,20,47180,卖盘
1392,11:12:03,23.59,--,3,7077,卖盘
1393,11:12:00,23.59,--,42,100257,买盘
1394,11:11:57,23.59,--,20,47180,买盘
1395,11:11:51,23.59,--,8,18872,买盘
1396,11:11:48,23.59,0.01,9,21231,买盘
1397,11:11:42,23.58,-0.01,29,68382,卖盘
1398,11:11:39,23.59,0.01,10,23590,买盘
1399,11:11:36,23.58,--,49,115541,卖盘
1400,11:11:30,23.58,-0.01,10,23580,卖盘
1401,11:11:27,23.59,--,10,23590,买盘
1402,11:11:24,23.59,--,20,47180,买盘
1403,11:11:21,23.59,--,8,18872,买盘
1404,11:11:18,23.59,--,131,309029,卖盘
1405,11:11:15,23.59,--,2,4718,卖盘
1406,11:11:12,23.59,--,1,2359,卖盘
1407,11:11:03,23.59,--,3,7077,买盘
1408,11:11:00,23.59,--,7,16513,卖盘
1409,11:10:57,23.59,0.01,100,235900,买盘
1410,11:10:54,23.58,-0.02,273,643734,卖盘
1411,11:10:51,23.6,0.01,8,18880,买盘
1412,11:10:42,23.59,-0.01,77,181643,卖盘
1413,11:10:30,23.6,-0.02,296,698560,卖盘
1414,11:10:27,23.62,--,79,186598,买盘
1415,11:10:24,23.62,--,20,47240,买盘
1416,11:10:21,23.62,--,18,42516,买盘
1417,11:10:15,23.62,--,5,11810,买盘
1418,11:10:12,23.62,-0.01,83,196046,卖盘
1419,11:10:09,23.63,--,20,47260,买盘
1420,11:10:06,23.63,0.01,5,11815,买盘
1421,11:10:03,23.62,-0.01,31,73222,卖盘
1422,11:10:00,23.63,0.01,2,4726,买盘
1423,11:09:54,23.62,-0.01,22,51964,中性盘
1424,11:09:45,23.63,--,10,23630,买盘
1425,11:09:42,23.63,0.01,227,536401,买盘
1426,11:09:39,23.62,--,176,415712,卖盘
1427,11:09:36,23.62,-0.02,321,758202,卖盘
1428,11:09:33,23.64,-0.01,106,250584,卖盘
1429,11:09:21,23.65,0.01,8,18920,买盘
1430,11:09:18,23.64,--,5,11820,卖盘
1431,11:09:15,23.64,-0.03,132,312048,卖盘
1432,11:09:12,23.67,-0.01,12,28404,中性盘
1433,11:09:09,23.68,0.01,366,866688,买盘
1434,11:09:06,23.67,--,2,4734,卖盘
1435,11:08:54,23.67,0.01,2,4734,中性盘
1436,11:08:21,23.66,-0.01,212,501592,卖盘
1437,11:08:15,23.67,--,5,11835,卖盘
1438,11:08:12,23.67,-0.01,118,279306,卖盘
1439,11:08:09,23.68,--,39,92352,卖盘
1440,11:08:03,23.68,-0.01,300,710400,卖盘
1441,11:08:00,23.69,0.01,1,2369,买盘
1442,11:07:57,23.68,-0.01,2,4736,卖盘
1443,11:07:51,23.69,--,29,68701,卖盘
1444,11:07:48,23.69,-0.01,8,18952,卖盘
1445,11:07:45,23.7,0.01,6,14220,买盘
1446,11:07:39,23.69,-0.01,100,236900,卖盘
1447,11:07:33,23.7,0.01,6,14220,买盘
1448,11:07:27,23.69,--,9,21321,卖盘
1449,11:07:24,23.69,-0.01,2,4738,卖盘
1450,11:07:21,23.7,0.01,57,135090,买盘
1451,11:07:12,23.69,--,16,37904,买盘
1452,11:07:09,23.69,--,16,37904,买盘
1453,11:07:03,23.69,-0.01,173,409837,卖盘
1454,11:06:51,23.7,--,8,18960,买盘
1455,11:06:48,23.7,-0.01,92,218040,卖盘
1456,11:06:39,23.71,--,9,21339,买盘
1457,11:06:36,23.71,0.01,2,4742,买盘
1458,11:06:27,23.7,-0.01,4,9480,卖盘
1459,11:06:21,23.71,--,9,21339,买盘
1460,11:06:09,23.71,--,17,40307,买盘
1461,11:05:54,23.71,--,6,14226,买盘
1462,11:05:51,23.71,--,4,9484,买盘
1463,11:05:21,23.71,0.01,13,30823,买盘
1464,11:05:09,23.7,0.01,14,33180,买盘
1465,11:04:51,23.69,--,1,2369,卖盘
1466,11:04:45,23.69,--,332,786508,买盘
1467,11:04:36,23.69,--,50,118450,买盘
1468,11:04:27,23.69,--,5,11845,买盘
1469,11:04:24,23.69,-0.01,113,267697,卖盘
1470,11:04:21,23.7,--,8,18960,买盘
1471,11:04:15,23.7,--,2,4740,买盘
1472,11:04:12,23.7,--,81,191970,卖盘
1473,11:04:09,23.7,-0.01,18,42660,卖盘
1474,11:04:06,23.71,--,17,40307,买盘
1475,11:03:51,23.71,0.01,8,18968,买盘
1476,11:03:45,23.7,-0.01,1,2370,卖盘
1477,11:03:33,23.71,0.01,3,7113,买盘
1478,11:03:27,23.7,--,11,26070,卖盘
1479,11:03:21,23.7,--,3,7110,买盘
1480,11:03:12,23.7,-0.01,5,11850,卖盘
1481,11:03:06,23.71,0.02,40,94840,买盘
1482,11:03:03,23.69,--,1,2369,卖盘
1483,11:02:57,23.69,-0.01,6,14214,卖盘
1484,11:02:54,23.7,--,23,54510,买盘
1485,11:02:51,23.7,0.01,8,18960,买盘
1486,11:02:45,23.69,-0.01,300,710700,卖盘
1487,11:02:42,23.7,--,10,23700,买盘
1488,11:02:36,23.7,--,1,2370,买盘
1489,11:02:30,23.7,--,12,28440,卖盘
1490,11:02:27,23.7,--,10,23700,卖盘
1491,11:02:24,23.7,-0.01,18,42660,卖盘
1492,11:02:21,23.71,--,38,90098,买盘
1493,11:02:12,23.71,--,11,26081,买盘
1494,11:02:06,23.71,--,21,49791,买盘
1495,11:01:54,23.71,0.01,4,9484,卖盘
1496,11:01:51,23.7,--,4,9480,买盘
1497,11:01:45,23.7,--,1,2370,卖盘
1498,11:01:42,23.7,-0.02,80,189600,卖盘
1499,11:01:27,23.72,--,2,4744,买盘
1500,11:01:21,23.72,--,8,18976,买盘
1501,11:01:15,23.72,--,12,28464,买盘
1502,11:01:06,23.72,--,18,42696,买盘
1503,11:01:03,23.72,--,10,23720,买盘
1504,11:00:54,23.72,0.02,79,187388,买盘
1505,11:00:45,23.7,-0.03,1,2370,卖盘
1506,11:00:39,23.73,0.02,110,261030,买盘
1507,11:00:33,23.71,--,2,4742,买盘
1508,11:00:30,23.71,-0.01,80,189680,卖盘
1509,11:00:21,23.72,0.01,94,222968,买盘
1510,11:00:18,23.71,--,2,4742,买盘
1511,11:00:15,23.71,0.01,1,2371,买盘
1512,11:00:12,23.7,--,5,11850,买盘
1513,11:00:06,23.7,-0.01,16,37920,买盘
1514,11:00:03,23.71,0.01,3,7113,买盘
1515,11:00:00,23.7,0.01,1,2370,中性盘
1516,10:59:51,23.69,0.01,6,14214,买盘
1517,10:59:48,23.68,--,209,494912,卖盘
1518,10:59:45,23.68,--,1,2368,卖盘
1519,10:59:33,23.68,-0.02,2,4736,卖盘
1520,10:59:30,23.7,0.02,1,2370,中性盘
1521,10:59:27,23.68,-0.02,182,430976,卖盘
1522,10:59:21,23.7,--,8,18960,买盘
1523,10:59:09,23.7,0.01,12,28440,买盘
1524,10:59:06,23.69,-0.01,78,184782,卖盘
1525,10:58:51,23.7,--,8,18960,买盘
1526,10:58:48,23.7,--,25,59250,卖盘
1527,10:58:45,23.7,--,9,21330,卖盘
1528,10:58:42,23.7,--,4,9480,卖盘
1529,10:58:21,23.7,-0.01,18,42660,卖盘
1530,10:58:15,23.71,--,10,23710,买盘
1531,10:58:06,23.71,--,19,45049,买盘
1532,10:58:03,23.71,0.01,5,11855,买盘
1533,10:58:00,23.7,--,1,2370,卖盘
1534,10:57:57,23.7,-0.01,101,239370,卖盘
1535,10:57:51,23.71,0.01,19,45049,买盘
1536,10:57:45,23.7,-0.01,25,59250,卖盘
1537,10:57:42,23.71,0.01,10,23710,买盘
1538,10:57:33,23.7,--,1,2370,卖盘
1539,10:57:27,23.7,--,12,28440,卖盘
1540,10:57:24,23.7,-0.01,3,7110,卖盘
1541,10:57:21,23.71,0.01,33,78243,买盘
1542,10:57:12,23.7,--,2,4740,卖盘
1543,10:57:09,23.7,--,13,30810,买盘
1544,10:57:06,23.7,0.02,25,59250,买盘
1545,10:56:54,23.68,--,12,28416,买盘
1546,10:56:51,23.68,0.01,8,18944,买盘
1547,10:56:48,23.67,-0.01,5,11835,卖盘
1548,10:56:45,23.68,--,56,132608,买盘
1549,10:56:42,23.68,--,5,11840,买盘
1550,10:56:39,23.68,0.01,619,1465792,买盘
1551,10:56:36,23.67,--,45,106515,卖盘
1552,10:56:33,23.67,--,7,16569,卖盘
1553,10:56:30,23.67,-0.01,59,139653,卖盘
1554,10:56:21,23.68,--,13,30784,买盘
1555,10:56:18,23.68,--,4,9472,买盘
1556,10:56:15,23.68,--,105,248640,买盘
1557,10:56:09,23.68,-0.01,192,454656,卖盘
1558,10:56:06,23.69,-0.02,67,158723,卖盘
1559,10:56:03,23.71,0.01,139,329569,买盘
1560,10:56:00,23.7,--,347,822390,卖盘
1561,10:55:57,23.7,--,10,23700,卖盘
1562,10:55:51,23.7,--,11,26070,卖盘
1563,10:55:48,23.7,0.01,45,106650,买盘
1564,10:55:45,23.69,--,1,2369,卖盘
1565,10:55:39,23.69,--,1,2369,卖盘
1566,10:55:33,23.69,--,2,4738,卖盘
1567,10:55:27,23.69,-0.01,2,4738,中性盘
1568,10:55:21,23.7,0.02,11,26070,买盘
1569,10:55:18,23.68,-0.01,200,473600,卖盘
1570,10:55:12,23.69,--,9,21321,买盘
1571,10:55:09,23.69,-0.02,8,18952,卖盘
1572,10:55:06,23.71,--,17,40307,买盘
1573,10:54:51,23.71,0.03,5,11855,买盘
1574,10:54:42,23.68,-0.01,411,973248,卖盘
1575,10:54:36,23.69,-0.02,40,94760,卖盘
1576,10:54:33,23.71,0.01,14,33194,卖盘
1577,10:54:30,23.7,--,87,206190,买盘
1578,10:54:27,23.7,--,115,272550,卖盘
1579,10:54:24,23.7,-0.02,126,298620,卖盘
1580,10:54:21,23.72,0.01,8,18976,买盘
1581,10:54:15,23.71,-0.01,32,75872,卖盘
1582,10:54:12,23.72,0.01,18,42696,买盘
1583,10:54:06,23.71,-0.01,243,576153,卖盘
1584,10:54:03,23.72,--,14,33208,买盘
1585,10:53:54,23.72,-0.01,268,635696,卖盘
1586,10:53:51,23.73,--,8,18984,买盘
1587,10:53:42,23.73,--,55,130515,买盘
1588,10:53:39,23.73,--,5,11865,买盘
1589,10:53:36,23.73,--,17,40341,卖盘
1590,10:53:27,23.73,-0.01,100,237300,卖盘
1591,10:53:24,23.74,--,30,71220,买盘
1592,10:53:21,23.74,0.01,9,21366,买盘
1593,10:53:15,23.73,--,1,2373,卖盘
1594,10:53:12,23.73,-0.01,64,151872,卖盘
1595,10:53:09,23.74,--,3,7121,买盘
1596,10:53:03,23.74,--,28,66472,买盘
1597,10:52:54,23.74,--,100,237399,买盘
1598,10:52:51,23.74,--,8,18992,买盘
1599,10:52:48,23.74,0.01,43,102082,买盘
1600,10:52:36,23.73,-0.01,5,11865,卖盘
1601,10:52:33,23.74,--,150,356100,买盘
1602,10:52:27,23.74,--,45,106830,买盘
1603,10:52:24,23.74,--,5,11870,买盘
1604,10:52:21,23.74,--,8,18992,买盘
1605,10:52:18,23.74,0.01,50,118699,买盘
1606,10:52:12,23.73,-0.01,25,59325,卖盘
1607,10:52:06,23.74,--,184,436816,买盘
1608,10:52:03,23.74,--,26,61723,买盘
1609,10:51:57,23.74,--,10,23740,买盘
1610,10:51:54,23.74,--,100,237399,买盘
1611,10:51:51,23.74,--,10,23740,卖盘
1612,10:51:48,23.74,--,181,429694,买盘
1613,10:51:39,23.74,0.01,108,256391,买盘
1614,10:51:33,23.73,--,3,7119,卖盘
1615,10:51:27,23.73,-0.01,1,2373,卖盘
1616,10:51:21,23.74,--,8,18992,买盘
1617,10:51:09,23.74,--,1,2374,买盘
1618,10:51:06,23.74,--,13,30861,买盘
1619,10:51:03,23.74,0.01,17,40358,买盘
1620,10:51:00,23.73,--,5,11865,卖盘
1621,10:50:57,23.73,-0.01,4,9492,卖盘
1622,10:50:51,23.74,0.03,8,18992,买盘
1623,10:50:39,23.71,-0.01,299,708929,卖盘
1624,10:50:36,23.72,--,2,4744,卖盘
1625,10:50:27,23.72,--,6,14232,卖盘
1626,10:50:24,23.72,-0.01,200,474400,卖盘
1627,10:50:21,23.73,0.01,8,18984,买盘
1628,10:50:18,23.72,-0.01,8,18976,卖盘
1629,10:50:15,23.73,0.01,60,142380,中性盘
1630,10:50:09,23.72,-0.02,199,472028,卖盘
1631,10:50:06,23.74,--,1,2374,买盘
1632,10:50:03,23.74,--,16,37984,买盘
1633,10:50:00,23.74,-0.01,81,192294,卖盘
1634,10:49:51,23.75,-0.01,95,225625,卖盘
1635,10:49:42,23.76,0.01,10,23760,买盘
1636,10:49:39,23.75,-0.01,5,11875,卖盘
1637,10:49:24,23.76,0.01,2,4752,买盘
1638,10:49:15,23.75,--,18,42750,买盘
1639,10:49:12,23.75,--,27,64125,买盘
1640,10:49:09,23.75,-0.01,8,19000,卖盘
1641,10:49:06,23.76,--,95,225720,买盘
1642,10:49:03,23.76,--,154,365904,买盘
1643,10:49:00,23.76,0.01,20,47520,买盘
1644,10:48:51,23.75,-0.01,2,4750,卖盘
1645,10:48:48,23.76,0.01,4,9504,买盘
1646,10:48:45,23.75,-0.01,2,4750,中性盘
1647,10:48:39,23.76,--,33,78408,买盘
1648,10:48:36,23.76,0.02,1,2376,买盘
1649,10:48:33,23.74,-0.01,1,2374,卖盘
1650,10:48:27,23.75,0.02,10,23750,买盘
1651,10:48:24,23.73,--,17,41432,买盘
1652,10:48:21,23.73,--,82,195867,卖盘
1653,10:48:18,23.73,-0.02,140,332220,卖盘
1654,10:48:15,23.75,0.02,119,282625,买盘
1655,10:48:12,23.73,-0.01,50,118650,卖盘
1656,10:48:09,23.74,-0.01,40,94960,卖盘
1657,10:48:06,23.75,--,25,59375,买盘
1658,10:48:03,23.75,0.01,16,38000,买盘
1659,10:48:00,23.74,-0.01,71,168554,卖盘
1660,10:47:57,23.75,--,36,85500,买盘
1661,10:47:54,23.75,--,2,4750,买盘
1662,10:47:51,23.75,-0.01,121,287375,卖盘
1663,10:47:48,23.76,0.01,2,4752,买盘
1664,10:47:45,23.75,-0.01,60,142500,卖盘
1665,10:47:42,23.76,0.01,10,23760,买盘
1666,10:47:36,23.75,-0.01,12,28500,卖盘
1667,10:47:21,23.76,0.01,8,19008,买盘
1668,10:47:18,23.75,-0.01,7,16625,卖盘
1669,10:47:12,23.76,--,13,30888,买盘
1670,10:47:06,23.76,0.01,27,64152,买盘
1671,10:47:03,23.75,--,20,47500,卖盘
1672,10:47:00,23.75,--,15,35625,卖盘
1673,10:46:57,23.75,0.01,30,71250,中性盘
1674,10:46:51,23.74,-0.02,211,502290,卖盘
1675,10:46:45,23.76,0.01,36,85536,买盘
1676,10:46:42,23.75,--,8,19000,卖盘
1677,10:46:39,23.75,--,61,146965,卖盘
1678,10:46:36,23.75,-0.01,2,4750,卖盘
1679,10:46:33,23.76,--,1,2376,买盘
1680,10:46:30,23.76,--,14,33264,买盘
1681,10:46:27,23.76,--,7,16632,买盘
1682,10:46:24,23.76,0.01,151,358776,买盘
1683,10:46:21,23.75,0.01,3,7125,卖盘
1684,10:46:18,23.74,-0.02,26,61723,卖盘
1685,10:46:12,23.76,-0.01,24,57024,买盘
1686,10:46:09,23.77,--,2,4754,买盘
1687,10:46:03,23.77,--,517,1228909,卖盘
1688,10:45:57,23.77,-0.01,3,7131,卖盘
1689,10:45:51,23.78,--,27,64206,买盘
1690,10:45:45,23.78,0.01,29,68962,买盘
1691,10:45:39,23.77,--,3,7131,卖盘
1692,10:45:36,23.77,-0.01,2,4754,卖盘
1693,10:45:30,23.78,--,6,14268,买盘
1694,10:45:21,23.78,--,8,19024,买盘
1695,10:45:15,23.78,--,20,47560,卖盘
1696,10:45:09,23.78,--,17,40426,买盘
1697,10:45:03,23.78,-0.01,88,209264,卖盘
1698,10:45:00,23.79,-0.01,4,9516,卖盘
1699,10:44:57,23.8,--,16,38080,买盘
1700,10:44:54,23.8,--,100,238000,买盘
1701,10:44:51,23.8,0.01,8,19040,买盘
1702,10:44:48,23.79,-0.01,74,176141,卖盘
1703,10:44:39,23.8,--,19,47504,买盘
1704,10:44:33,23.8,-0.01,50,119000,卖盘
1705,10:44:24,23.81,0.02,9,21429,中性盘
1706,10:44:18,23.79,-0.03,100,237900,卖盘
1707,10:44:15,23.82,--,8,19056,买盘
1708,10:44:12,23.82,0.02,41,97662,买盘
1709,10:44:09,23.8,--,260,618800,买盘
1710,10:44:06,23.8,-0.02,100,238000,卖盘
1711,10:44:03,23.82,0.01,19,45258,买盘
1712,10:44:00,23.81,--,13,30953,买盘
1713,10:43:57,23.81,-0.01,8,19048,卖盘
1714,10:43:54,23.82,0.02,12,28584,买盘
1715,10:43:51,23.8,-0.01,10,23800,卖盘
1716,10:43:39,23.81,-0.01,10,23810,卖盘
1717,10:43:36,23.82,--,31,73842,买盘
1718,10:43:33,23.82,0.02,1,2382,买盘
1719,10:43:30,23.8,-0.01,120,285600,卖盘
1720,10:43:27,23.81,--,24,57144,卖盘
1721,10:43:21,23.81,--,42,100002,买盘
1722,10:43:18,23.81,0.01,11,26191,买盘
1723,10:43:15,23.8,-0.01,37,88060,卖盘
1724,10:43:12,23.81,--,11,26191,买盘
1725,10:43:06,23.81,-0.01,41,97621,中性盘
1726,10:42:57,23.82,0.02,48,114336,买盘
1727,10:42:51,23.8,--,68,161840,卖盘
1728,10:42:48,23.8,-0.03,9,21420,卖盘
1729,10:42:45,23.83,0.03,1,2383,买盘
1730,10:42:42,23.8,--,16,38080,买盘
1731,10:42:39,23.8,--,20,47600,买盘
1732,10:42:36,23.8,0.01,16,39270,买盘
1733,10:42:33,23.79,--,206,490074,买盘
1734,10:42:30,23.79,--,116,275964,买盘
1735,10:42:24,23.79,--,78,185562,买盘
1736,10:42:21,23.79,--,8,19032,买盘
1737,10:42:18,23.79,--,102,242658,买盘
1738,10:42:15,23.79,--,1,2379,买盘
1739,10:42:12,23.79,--,1,2379,买盘
1740,10:42:09,23.79,-0.01,135,321165,卖盘
1741,10:42:06,23.8,--,56,133280,买盘
1742,10:42:00,23.8,0.02,2,4760,买盘
1743,10:41:57,23.78,--,21,49938,买盘
1744,10:41:54,23.78,-0.01,148,351944,卖盘
1745,10:41:51,23.79,--,14,33306,买盘
1746,10:41:48,23.79,--,18,42822,买盘
1747,10:41:42,23.79,-0.01,37,88023,卖盘
1748,10:41:33,23.8,--,1,2380,买盘
1749,10:41:30,23.8,--,19,45220,买盘
1750,10:41:27,23.8,--,12,28560,买盘
1751,10:41:24,23.8,--,105,249900,买盘
1752,10:41:21,23.8,--,44,105910,卖盘
1753,10:41:18,23.8,-0.01,299,712810,卖盘
1754,10:41:15,23.81,--,12,28572,买盘
1755,10:41:12,23.81,--,1,2381,买盘
1756,10:41:09,23.81,--,12,28572,买盘
1757,10:41:06,23.81,--,36,85716,买盘
1758,10:41:03,23.81,--,21,50001,买盘
1759,10:41:00,23.81,-0.02,199,473819,卖盘
1760,10:40:48,23.83,0.02,67,159661,买盘
1761,10:40:42,23.81,--,483,1150023,买盘
1762,10:40:39,23.81,--,14,33334,买盘
1763,10:40:33,23.81,0.01,52,123812,买盘
1764,10:40:30,23.8,--,19,45220,卖盘
1765,10:40:27,23.8,--,50,119000,买盘
1766,10:40:24,23.8,--,1,2380,买盘
1767,10:40:21,23.8,0.03,2,4760,买盘
1768,10:40:18,23.77,-0.01,100,237700,卖盘
1769,10:40:12,23.78,--,26,61828,买盘
1770,10:40:06,23.78,--,4,9512,买盘
1771,10:40:03,23.78,--,17,40426,买盘
1772,10:40:00,23.78,--,22,52316,买盘
1773,10:39:54,23.78,--,12,28536,买盘
1774,10:39:51,23.78,--,10,23780,买盘
1775,10:39:39,23.78,--,8,19024,买盘
1776,10:39:36,23.78,--,10,23780,买盘
1777,10:39:33,23.78,--,6,14268,买盘
1778,10:39:30,23.78,-0.02,19,45182,卖盘
1779,10:39:24,23.8,0.01,45,107100,买盘
1780,10:39:21,23.79,-0.01,9,21411,卖盘
1781,10:39:18,23.8,0.01,111,264180,买盘
1782,10:39:09,23.79,--,1,2379,卖盘
1783,10:39:03,23.79,--,5,11895,买盘
1784,10:38:51,23.79,-0.01,26,61854,买盘
1785,10:38:45,23.8,--,11,26180,中性盘
1786,10:38:36,23.8,--,12,28560,买盘
1787,10:38:30,23.8,--,10,23800,买盘
1788,10:38:27,23.8,--,1,2380,买盘
1789,10:38:24,23.8,--,10,23800,买盘
1790,10:38:21,23.8,--,36,85680,买盘
1791,10:38:12,23.8,--,36,85680,买盘
1792,10:38:09,23.8,--,1,2380,买盘
1793,10:38:06,23.8,-0.01,85,202300,卖盘
1794,10:38:03,23.81,-0.01,10,23810,卖盘
1795,10:38:00,23.82,-0.01,15,35730,中性盘
1796,10:37:48,23.83,--,12,28595,买盘
1797,10:37:39,23.83,-0.02,1,2383,中性盘
1798,10:37:33,23.85,0.05,10,23850,买盘
1799,10:37:30,23.8,--,43,102340,买盘
1800,10:37:27,23.8,-0.06,50,119000,卖盘
1801,10:37:24,23.86,--,1,2386,买盘
1802,10:37:18,23.86,0.01,58,138388,买盘
1803,10:37:15,23.85,0.01,45,107325,买盘
1804,10:37:12,23.84,-0.03,21,50064,中性盘
1805,10:37:09,23.87,0.03,150,358050,买盘
1806,10:37:06,23.84,-0.02,33,78672,卖盘
1807,10:37:00,23.86,0.02,30,71580,买盘
1808,10:36:57,23.84,--,2,4768,卖盘
1809,10:36:54,23.84,-0.02,191,455344,卖盘
1810,10:36:48,23.86,--,9,21474,买盘
1811,10:36:45,23.86,0.02,3,7158,买盘
1812,10:36:42,23.84,--,50,119200,卖盘
1813,10:36:39,23.84,--,218,519712,买盘
1814,10:36:30,23.84,--,46,109664,买盘
1815,10:36:24,23.84,-0.03,131,312304,卖盘
1816,10:36:21,23.87,--,8,19096,买盘
1817,10:36:18,23.87,--,1,2387,买盘
1818,10:36:15,23.87,--,196,467852,卖盘
1819,10:36:12,23.87,--,34,81158,卖盘
1820,10:36:09,23.87,-0.01,18,42966,中性盘
1821,10:36:06,23.88,--,15,35820,买盘
1822,10:36:03,23.88,0.01,200,477600,买盘
1823,10:35:57,23.87,0.02,21,50127,买盘
1824,10:35:51,23.85,--,123,293355,买盘
1825,10:35:45,23.85,0.01,168,400680,买盘
1826,10:35:42,23.84,--,13,30992,买盘
1827,10:35:39,23.84,--,103,245552,买盘
1828,10:35:36,23.84,--,11,26224,买盘
1829,10:35:33,23.84,0.01,3,7152,买盘
1830,10:35:30,23.83,-0.02,22,52425,中性盘
1831,10:35:27,23.85,--,101,240885,买盘
1832,10:35:24,23.85,0.03,100,238500,买盘
1833,10:35:21,23.82,--,104,247728,卖盘
1834,10:35:18,23.82,--,9,21438,买盘
1835,10:35:12,23.82,0.01,23,54786,买盘
1836,10:35:09,23.81,--,27,64287,买盘
1837,10:35:06,23.81,--,20,47620,买盘
1838,10:35:03,23.81,-0.01,34,80954,卖盘
1839,10:34:57,23.82,--,93,221526,买盘
1840,10:34:54,23.82,0.01,1,2382,买盘
1841,10:34:51,23.81,-0.01,19,45239,买盘
1842,10:34:48,23.82,--,55,131010,买盘
1843,10:34:45,23.82,0.01,244,581208,买盘
1844,10:34:42,23.81,0.01,4,9524,买盘
1845,10:34:39,23.8,--,5,11900,卖盘
1846,10:34:36,23.8,--,4,9520,买盘
1847,10:34:30,23.8,0.02,1,2380,中性盘
1848,10:34:24,23.78,-0.02,111,263958,卖盘
1849,10:34:18,23.8,0.02,151,359380,买盘
1850,10:34:15,23.78,--,3,7134,买盘
1851,10:34:12,23.78,--,1,2378,买盘
1852,10:34:06,23.78,--,18,42804,买盘
1853,10:34:03,23.78,-0.01,8,19024,中性盘
1854,10:34:00,23.79,--,69,164151,买盘
1855,10:33:57,23.79,--,3,7137,买盘
1856,10:33:54,23.79,--,30,71370,买盘
1857,10:33:51,23.79,--,8,19032,买盘
1858,10:33:45,23.79,--,10,23790,买盘
1859,10:33:42,23.79,--,1,2379,买盘
1860,10:33:39,23.79,--,5,11895,买盘
1861,10:33:36,23.79,0.02,114,271206,买盘
1862,10:33:30,23.77,0.01,13,30901,买盘
1863,10:33:24,23.76,--,6,14256,卖盘
1864,10:33:18,23.76,0.01,15,35640,中性盘
1865,10:33:12,23.75,--,423,1004625,买盘
1866,10:33:09,23.75,--,22,52250,买盘
1867,10:33:06,23.75,--,1,2375,买盘
1868,10:33:03,23.75,0.01,13,30875,买盘
1869,10:33:00,23.74,-0.01,2,4748,卖盘
1870,10:32:57,23.75,--,20,47500,买盘
1871,10:32:51,23.75,0.01,8,19000,买盘
1872,10:32:42,23.74,--,30,71220,卖盘
1873,10:32:36,23.74,--,61,144814,买盘
1874,10:32:33,23.74,--,20,47480,卖盘
1875,10:32:30,23.74,0.01,16,37984,买盘
1876,10:32:24,23.73,-0.01,9,21357,卖盘
1877,10:32:21,23.74,--,8,18992,买盘
1878,10:32:09,23.74,--,10,23740,买盘
1879,10:32:06,23.74,--,5,11870,买盘
1880,10:32:03,23.74,-0.01,4,9496,卖盘
1881,10:31:51,23.75,0.01,8,19000,买盘
1882,10:31:45,23.74,-0.01,1,2374,卖盘
1883,10:31:42,23.75,--,2,4750,买盘
1884,10:31:36,23.75,0.01,19,45125,买盘
1885,10:31:30,23.74,--,5,11870,卖盘
1886,10:31:27,23.74,--,29,68846,买盘
1887,10:31:24,23.74,-0.01,9,21366,中性盘
1888,10:31:12,23.75,0.01,14,33250,买盘
1889,10:31:06,23.74,--,1,2374,买盘
1890,10:30:57,23.74,0.01,20,47480,买盘
1891,10:30:54,23.73,-0.01,1,2373,卖盘
1892,10:30:51,23.74,0.02,1,2374,买盘
1893,10:30:48,23.72,-0.02,1,2372,卖盘
1894,10:30:45,23.74,--,24,56975,买盘
1895,10:30:39,23.74,--,28,66472,买盘
1896,10:30:36,23.74,-0.01,6,14243,卖盘
1897,10:30:33,23.75,0.01,27,64125,买盘
1898,10:30:30,23.74,--,15,35610,卖盘
1899,10:30:27,23.74,--,29,68846,买盘
1900,10:30:21,23.74,--,9,21366,买盘
1901,10:30:15,23.74,--,32,75968,买盘
1902,10:30:09,23.74,0.01,2,4748,买盘
1903,10:30:06,23.73,-0.01,4,9492,卖盘
1904,10:30:03,23.74,--,18,42732,买盘
1905,10:29:57,23.74,0.01,10,23740,买盘
1906,10:29:51,23.73,--,54,128142,买盘
1907,10:29:45,23.73,--,2,4746,买盘
1908,10:29:39,23.73,--,1,2373,买盘
1909,10:29:21,23.73,0.01,8,18984,买盘
1910,10:29:12,23.72,--,5,11860,买盘
1911,10:29:06,23.72,-0.01,15,35580,卖盘
1912,10:28:51,23.73,0.01,2,4746,买盘
1913,10:28:48,23.72,-0.01,4,9488,卖盘
1914,10:28:42,23.73,--,1,2373,买盘
1915,10:28:39,23.73,--,9,21357,买盘
1916,10:28:36,23.73,--,10,23730,买盘
1917,10:28:30,23.73,-0.01,30,71190,卖盘
1918,10:28:27,23.74,--,18,42732,买盘
1919,10:28:21,23.74,--,57,135318,买盘
1920,10:28:18,23.74,0.01,11,26114,买盘
1921,10:28:12,23.73,0.02,22,52206,买盘
1922,10:27:54,23.71,-0.01,10,23710,卖盘
1923,10:27:51,23.72,--,12,28464,买盘
1924,10:27:42,23.72,--,6,14232,卖盘
1925,10:27:39,23.72,0.02,7,16604,买盘
1926,10:27:36,23.7,-0.01,101,239370,卖盘
1927,10:27:33,23.71,-0.02,17,40307,卖盘
1928,10:27:30,23.73,--,3,7119,买盘
1929,10:27:21,23.73,--,8,18984,买盘
1930,10:27:18,23.73,0.01,17,40341,买盘
1931,10:27:12,23.72,-0.01,4,9488,卖盘
1932,10:27:00,23.73,--,27,64071,买盘
1933,10:26:57,23.73,--,10,23730,买盘
1934,10:26:54,23.73,--,48,113904,买盘
1935,10:26:45,23.73,--,3,7119,买盘
1936,10:26:42,23.73,--,2,4746,买盘
1937,10:26:30,23.73,--,25,59325,买盘
1938,10:26:24,23.73,0.03,3,7119,买盘
1939,10:26:15,23.7,-0.03,31,73470,卖盘
1940,10:26:06,23.73,--,1,2373,买盘
1941,10:26:00,23.73,0.03,36,85428,买盘
1942,10:25:54,23.7,--,215,509550,卖盘
1943,10:25:48,23.7,-0.03,1,2370,卖盘
1944,10:25:39,23.73,0.03,1,2373,买盘
1945,10:25:33,23.7,--,100,237000,卖盘
1946,10:25:27,23.7,-0.03,50,118500,卖盘
1947,10:25:15,23.73,0.01,1,2373,买盘
1948,10:25:09,23.72,-0.01,26,61672,中性盘
1949,10:25:03,23.73,0.03,1,2373,中性盘
1950,10:24:57,23.7,--,100,237000,卖盘
1951,10:24:54,23.7,-0.03,30,71100,卖盘
1952,10:24:51,23.73,0.03,1,2373,卖盘
1953,10:24:48,23.7,0.01,13,30810,买盘
1954,10:24:42,23.69,-0.01,123,291387,卖盘
1955,10:24:39,23.7,--,2,4740,买盘
1956,10:24:36,23.7,0.01,106,251220,买盘
1957,10:24:33,23.69,--,20,47380,卖盘
1958,10:24:30,23.69,-0.01,5,11845,卖盘
1959,10:24:27,23.7,--,12,28440,买盘
1960,10:24:21,23.7,--,8,18960,买盘
1961,10:24:15,23.7,--,20,47400,买盘
1962,10:24:06,23.7,0.01,20,47400,买盘
1963,10:24:00,23.69,-0.01,36,85284,卖盘
1964,10:23:57,23.7,--,82,194340,买盘
1965,10:23:51,23.7,--,226,535620,买盘
1966,10:23:45,23.7,-0.04,717,1699290,卖盘
1967,10:23:42,23.74,--,46,109204,买盘
1968,10:23:39,23.74,0.01,10,23740,买盘
1969,10:23:36,23.73,--,108,256284,买盘
1970,10:23:30,23.73,--,1,2373,买盘
1971,10:23:24,23.73,--,3,7119,买盘
1972,10:23:21,23.73,--,14,33222,买盘
1973,10:23:09,23.73,--,7,16611,买盘
1974,10:23:06,23.73,--,10,23730,买盘
1975,10:23:00,23.73,--,10,23730,买盘
1976,10:22:57,23.73,--,5,11865,买盘
1977,10:22:51,23.73,--,8,18984,买盘
1978,10:22:42,23.73,--,10,23730,买盘
1979,10:22:39,23.73,0.01,6,14238,买盘
1980,10:22:36,23.72,-0.01,21,49812,卖盘
1981,10:22:30,23.73,--,1,2373,买盘
1982,10:22:24,23.73,--,12,28476,买盘
1983,10:22:21,23.73,0.01,8,18984,买盘
1984,10:22:18,23.72,--,10,23720,卖盘
1985,10:22:12,23.72,--,2,4744,卖盘
1986,10:22:09,23.72,--,7,16604,买盘
1987,10:22:06,23.72,-0.01,4,9488,卖盘
1988,10:21:57,23.73,--,2,4746,买盘
1989,10:21:51,23.73,0.01,79,187467,买盘
1990,10:21:45,23.72,-0.02,200,474400,卖盘
1991,10:21:36,23.74,--,43,102082,买盘
1992,10:21:30,23.74,0.01,103,244521,买盘
1993,10:21:24,23.73,-0.01,17,40341,卖盘
1994,10:21:21,23.74,0.02,3,7121,买盘
1995,10:21:15,23.72,--,51,120972,卖盘
1996,10:21:00,23.72,-0.02,23,54556,卖盘
1997,10:20:54,23.74,0.02,19,45106,买盘
1998,10:20:51,23.72,--,9,21348,买盘
1999,10:20:48,23.72,-0.02,175,415100,卖盘
2000,10:20:45,23.74,0.02,1,2374,买盘
2001,10:20:39,23.72,-0.02,48,113856,卖盘
2002,10:20:36,23.74,0.03,12,28487,买盘
2003,10:20:30,23.71,-0.03,804,1906284,卖盘
2004,10:20:21,23.74,--,8,18992,买盘
2005,10:20:18,23.74,--,24,56975,买盘
2006,10:20:12,23.74,-0.03,159,377466,卖盘
2007,10:20:09,23.77,--,2,4754,买盘
2008,10:20:06,23.77,0.03,343,815311,买盘
2009,10:20:03,23.74,-0.02,181,429694,卖盘
2010,10:19:54,23.76,--,5,11880,买盘
2011,10:19:51,23.76,-0.01,1,2376,买盘
2012,10:19:48,23.77,0.03,9,21393,买盘
2013,10:19:45,23.74,-0.03,105,249269,卖盘
2014,10:19:42,23.77,--,1,2377,买盘
2015,10:19:33,23.77,--,1,2377,买盘
2016,10:19:27,23.77,--,1,2377,买盘
2017,10:19:24,23.77,--,4,9508,买盘
2018,10:19:21,23.77,0.04,92,218684,买盘
2019,10:19:18,23.73,-0.03,373,885129,卖盘
2020,10:19:15,23.76,--,20,47520,卖盘
2021,10:19:12,23.76,-0.01,2,4752,卖盘
2022,10:19:09,23.77,--,16,38032,买盘
2023,10:19:03,23.77,0.01,38,90326,买盘
2024,10:18:57,23.76,--,15,35640,买盘
2025,10:18:54,23.76,--,5,11880,买盘
2026,10:18:51,23.76,--,47,111672,买盘
2027,10:18:48,23.76,--,4,9504,买盘
2028,10:18:42,23.76,--,29,68904,卖盘
2029,10:18:39,23.76,--,10,23760,卖盘
2030,10:18:36,23.76,--,52,123552,卖盘
2031,10:18:30,23.76,-0.01,1,2376,卖盘
2032,10:18:24,23.77,0.01,16,38032,买盘
2033,10:18:18,23.76,--,19,45144,买盘
2034,10:18:03,23.76,--,86,204336,买盘
2035,10:18:00,23.76,--,1,2376,买盘
2036,10:17:57,23.76,--,2,4752,买盘
2037,10:17:48,23.76,--,1,2376,买盘
2038,10:17:45,23.76,--,2,4752,买盘
2039,10:17:42,23.76,0.01,32,76032,买盘
2040,10:17:39,23.75,-0.01,4,9500,中性盘
2041,10:17:33,23.76,--,194,460944,买盘
2042,10:17:27,23.76,0.01,1,2376,买盘
2043,10:17:18,23.75,--,38,90250,买盘
2044,10:17:15,23.75,--,1,2375,买盘
2045,10:17:12,23.75,0.01,28,66500,买盘
2046,10:17:09,23.74,--,36,85464,买盘
2047,10:17:06,23.74,0.03,101,239773,买盘
2048,10:17:03,23.71,--,655,1553005,卖盘
2049,10:17:00,23.71,-0.02,501,1187871,卖盘
2050,10:16:57,23.73,--,1,2373,买盘
2051,10:16:51,23.73,--,10,23730,买盘
2052,10:16:48,23.73,--,26,61698,买盘
2053,10:16:45,23.73,--,11,26103,买盘
2054,10:16:42,23.73,-0.01,2050,4864650,卖盘
2055,10:16:39,23.74,--,51,121073,买盘
2056,10:16:36,23.74,--,1,2374,买盘
2057,10:16:30,23.74,--,101,239773,买盘
2058,10:16:24,23.74,--,133,315742,买盘
2059,10:16:21,23.74,--,10,23740,买盘
2060,10:16:18,23.74,0.03,5,11870,买盘
2061,10:16:15,23.71,-0.03,125,296375,卖盘
2062,10:16:12,23.74,0.01,16,37984,买盘
2063,10:16:09,23.73,-0.01,2,4746,卖盘
2064,10:16:06,23.74,--,28,66472,买盘
2065,10:16:03,23.74,0.01,5,11870,买盘
2066,10:16:00,23.73,-0.01,5,11865,中性盘
2067,10:15:57,23.74,0.01,4,9496,买盘
2068,10:15:54,23.73,0.02,1,2373,买盘
2069,10:15:51,23.71,--,2,4742,买盘
2070,10:15:48,23.71,--,23,54533,买盘
2071,10:15:45,23.71,-0.02,26,61646,中性盘
2072,10:15:36,23.73,--,2,4746,买盘
2073,10:15:33,23.73,--,5,11865,买盘
2074,10:15:30,23.73,--,3,7119,买盘
2075,10:15:27,23.73,0.02,1,2373,买盘
2076,10:15:21,23.71,0.01,74,175454,买盘
2077,10:15:18,23.7,-0.01,32,75840,卖盘
2078,10:15:15,23.71,0.01,77,182567,买盘
2079,10:15:09,23.7,--,101,239370,买盘
2080,10:15:06,23.7,--,38,90060,卖盘
2081,10:15:03,23.7,--,4,9480,卖盘
2082,10:15:00,23.7,--,84,199080,买盘
2083,10:14:57,23.7,--,73,173010,买盘
2084,10:14:54,23.7,--,33,78210,买盘
2085,10:14:51,23.7,--,23,54510,买盘
2086,10:14:48,23.7,--,38,90060,买盘
2087,10:14:39,23.7,--,2,4740,买盘
2088,10:14:33,23.7,-0.04,232,549840,卖盘
2089,10:14:24,23.74,0.01,15,35610,买盘
2090,10:14:21,23.73,0.03,8,18984,中性盘
2091,10:14:15,23.7,-0.04,413,978810,卖盘
2092,10:14:09,23.74,--,45,106830,买盘
2093,10:14:06,23.74,--,33,78342,买盘
2094,10:13:57,23.74,--,1,2374,买盘
2095,10:13:54,23.74,--,30,71220,买盘
2096,10:13:51,23.74,0.02,47,111577,买盘
2097,10:13:45,23.72,-0.02,162,384264,卖盘
2098,10:13:30,23.74,--,12,28487,买盘
2099,10:13:27,23.74,0.02,1,2374,买盘
2100,10:13:24,23.72,-0.04,281,666532,卖盘
2101,10:13:21,23.76,--,10,23760,买盘
2102,10:13:18,23.76,--,2,4752,买盘
2103,10:13:12,23.76,0.02,211,501336,买盘
2104,10:13:09,23.74,--,14,33236,买盘
2105,10:13:03,23.74,0.01,26,61723,中性盘
2106,10:13:00,23.73,-0.03,25,59325,卖盘
2107,10:12:48,23.76,0.02,1,2376,买盘
2108,10:12:45,23.74,0.01,10,23740,买盘
2109,10:12:42,23.73,--,20,47460,卖盘
2110,10:12:36,23.73,-0.03,59,140007,卖盘
2111,10:12:30,23.76,0.03,15,35640,买盘
2112,10:12:27,23.73,--,11,26103,买盘
2113,10:12:24,23.73,-0.03,277,657321,卖盘
2114,10:12:21,23.76,0.02,28,66528,买盘
2115,10:12:15,23.74,--,101,239773,买盘
2116,10:12:12,23.74,--,10,23740,买盘
2117,10:12:09,23.74,-0.01,95,225529,卖盘
2118,10:12:06,23.75,--,1,2375,买盘
2119,10:12:03,23.75,--,1,2375,买盘
2120,10:12:00,23.75,--,114,270750,买盘
2121,10:11:54,23.75,-0.02,357,847875,卖盘
2122,10:11:51,23.77,-0.01,3,7131,卖盘
2123,10:11:45,23.78,0.01,9,21402,买盘
2124,10:11:39,23.77,--,4,9508,买盘
2125,10:11:36,23.77,0.01,1,2377,买盘
2126,10:11:33,23.76,-0.01,9,21384,卖盘
2127,10:11:21,23.77,--,2,4754,买盘
2128,10:11:18,23.77,--,30,71310,买盘
2129,10:11:12,23.77,0.01,1,2377,买盘
2130,10:11:09,23.76,0.01,23,54648,买盘
2131,10:11:06,23.75,-0.01,59,140125,卖盘
2132,10:11:03,23.76,--,18,42768,买盘
2133,10:11:00,23.76,--,18,42768,买盘
2134,10:10:57,23.76,--,10,23760,买盘
2135,10:10:51,23.76,--,8,19008,买盘
2136,10:10:45,23.76,--,8,19008,买盘
2137,10:10:42,23.76,--,5,11880,买盘
2138,10:10:39,23.76,-0.01,2,4752,卖盘
2139,10:10:36,23.77,0.01,1,2377,买盘
2140,10:10:30,23.76,-0.01,5,11880,卖盘
2141,10:10:27,23.77,0.04,102,242454,买盘
2142,10:10:21,23.73,-0.03,300,711900,卖盘
2143,10:10:18,23.76,--,5,11880,买盘
2144,10:10:15,23.76,0.02,15,35640,买盘
2145,10:10:12,23.74,-0.01,500,1187000,卖盘
2146,10:10:09,23.75,0.01,145,344375,买盘
2147,10:10:06,23.74,--,21,49854,买盘
2148,10:10:03,23.74,--,53,125821,买盘
2149,10:10:00,23.74,--,100,237399,买盘
2150,10:09:57,23.74,--,65,154310,买盘
2151,10:09:54,23.74,--,26,61723,买盘
2152,10:09:51,23.74,--,34,80716,买盘
2153,10:09:48,23.74,0.01,16,37984,买盘
2154,10:09:42,23.73,--,19,45087,卖盘
2155,10:09:36,23.73,-0.01,1,2373,卖盘
2156,10:09:33,23.74,0.01,11,26114,买盘
2157,10:09:27,23.73,0.01,10,23730,买盘
2158,10:09:21,23.72,-0.01,2,4744,卖盘
2159,10:09:18,23.73,--,3,7119,买盘
2160,10:09:15,23.73,--,30,71190,买盘
2161,10:09:12,23.73,0.01,3,7119,买盘
2162,10:09:09,23.72,-0.01,35,83020,卖盘
2163,10:09:06,23.73,0.01,12,28476,买盘
2164,10:09:03,23.72,-0.01,4,9488,卖盘
2165,10:09:00,23.73,--,50,118650,买盘
2166,10:08:57,23.73,--,4,9492,买盘
2167,10:08:54,23.73,--,77,182721,卖盘
2168,10:08:51,23.73,-0.01,30,71190,卖盘
2169,10:08:48,23.74,--,168,398832,买盘
2170,10:08:42,23.74,--,37,87838,买盘
2171,10:08:36,23.74,--,95,225529,买盘
2172,10:08:33,23.74,--,10,23740,买盘
2173,10:08:30,23.74,--,332,788168,买盘
2174,10:08:24,23.74,-0.01,34,80716,卖盘
2175,10:08:21,23.75,--,31,73625,买盘
2176,10:08:18,23.75,--,19,45125,买盘
2177,10:08:15,23.75,--,2,4750,买盘
2178,10:08:12,23.75,--,153,363375,买盘
2179,10:08:09,23.75,--,1,2375,买盘
2180,10:08:06,23.75,-0.01,18,42750,卖盘
2181,10:08:03,23.76,0.01,33,78408,买盘
2182,10:08:00,23.75,--,24,57000,卖盘
2183,10:07:57,23.75,--,6,14250,卖盘
2184,10:07:54,23.75,-0.01,1,2375,卖盘
2185,10:07:51,23.76,--,18,42768,买盘
2186,10:07:48,23.76,--,1,2376,买盘
2187,10:07:42,23.76,--,2,4752,买盘
2188,10:07:39,23.76,0.01,1,2376,买盘
2189,10:07:36,23.75,0.01,31,73625,卖盘
2190,10:07:33,23.74,--,1,2374,卖盘
2191,10:07:30,23.74,-0.02,12,28487,卖盘
2192,10:07:27,23.76,0.02,6,14256,买盘
2193,10:07:24,23.74,--,22,52228,买盘
2194,10:07:21,23.74,--,127,301498,买盘
2195,10:07:18,23.74,--,110,261139,买盘
2196,10:07:15,23.74,-0.02,143,339482,卖盘
2197,10:07:12,23.76,--,3,7128,卖盘
2198,10:07:09,23.76,--,7,16632,买盘
2199,10:07:03,23.76,--,18,42768,买盘
2200,10:07:00,23.76,--,48,114048,买盘
2201,10:06:57,23.76,--,7,16632,买盘
2202,10:06:54,23.76,0.01,133,316008,买盘
2203,10:06:48,23.75,-0.01,1,2375,买盘
2204,10:06:42,23.76,0.02,10,23760,买盘
2205,10:06:39,23.74,-0.01,30,71220,卖盘
2206,10:06:36,23.75,--,15,35625,卖盘
2207,10:06:33,23.75,-0.01,2,4750,中性盘
2208,10:06:27,23.76,0.02,1,2376,买盘
2209,10:06:24,23.74,-0.02,1,2374,卖盘
2210,10:06:21,23.76,0.02,23,54648,买盘
2211,10:06:15,23.74,--,5,11870,卖盘
2212,10:06:12,23.74,-0.01,16,37984,卖盘
2213,10:06:06,23.75,-0.01,1,2375,买盘
2214,10:06:03,23.76,0.03,26,61776,买盘
2215,10:06:00,23.73,-0.03,56,132888,卖盘
2216,10:05:57,23.76,0.01,1,2376,买盘
2217,10:05:45,23.75,-0.01,12,28500,卖盘
2218,10:05:42,23.76,0.01,50,118800,买盘
2219,10:05:33,23.75,-0.01,5,11875,卖盘
2220,10:05:27,23.76,-0.03,152,361152,卖盘
2221,10:05:24,23.79,--,10,23790,买盘
2222,10:05:21,23.79,--,1,2379,买盘
2223,10:05:15,23.79,--,59,140361,卖盘
2224,10:05:12,23.79,--,5,11895,卖盘
2225,10:05:09,23.79,-0.01,3,7137,卖盘
2226,10:05:06,23.8,--,3,7140,买盘
2227,10:04:57,23.8,--,5,11900,买盘
2228,10:04:54,23.8,0.01,20,47600,买盘
2229,10:04:51,23.79,-0.01,18,42822,卖盘
2230,10:04:48,23.8,--,3,7140,买盘
2231,10:04:42,23.8,--,1,2380,买盘
2232,10:04:39,23.8,--,7,16660,买盘
2233,10:04:36,23.8,0.01,36,85680,买盘
2234,10:04:30,23.79,-0.01,72,171288,卖盘
2235,10:04:27,23.8,-0.01,18,42840,卖盘
2236,10:04:24,23.81,--,1,2381,买盘
2237,10:04:18,23.81,0.01,6,14286,中性盘
2238,10:04:15,23.8,-0.02,15,35700,卖盘
2239,10:04:12,23.82,0.01,60,142920,买盘
2240,10:04:06,23.81,--,3,7143,买盘
2241,10:04:00,23.81,-0.01,32,76192,中性盘
2242,10:03:57,23.82,--,86,204852,买盘
2243,10:03:54,23.82,0.02,1,2382,买盘
2244,10:03:51,23.8,--,7,16660,卖盘
2245,10:03:48,23.8,--,11,26180,卖盘
2246,10:03:45,23.8,-0.02,5,11900,卖盘
2247,10:03:42,23.82,0.02,42,100044,买盘
2248,10:03:36,23.8,-0.02,32,76160,卖盘
2249,10:03:33,23.82,0.02,1,2382,买盘
2250,10:03:27,23.8,--,22,52360,买盘
2251,10:03:24,23.8,--,4,9520,买盘
2252,10:03:21,23.8,0.01,122,290360,买盘
2253,10:03:18,23.79,-0.01,6,14274,卖盘
2254,10:03:15,23.8,0.01,3,7140,买盘
2255,10:03:09,23.79,0.01,301,716079,买盘
2256,10:03:06,23.78,0.02,43,102254,买盘
2257,10:03:03,23.76,--,10,23760,买盘
2258,10:03:00,23.76,-0.02,245,582120,卖盘
2259,10:02:57,23.78,-0.01,15,35670,卖盘
2260,10:02:54,23.79,--,165,392535,买盘
2261,10:02:48,23.79,0.02,1,2379,买盘
2262,10:02:45,23.77,-0.02,2,4754,卖盘
2263,10:02:42,23.79,--,21,49959,买盘
2264,10:02:39,23.79,--,24,57096,买盘
2265,10:02:33,23.79,--,7,16653,买盘
2266,10:02:30,23.79,--,1,2379,买盘
2267,10:02:27,23.79,0.02,425,1011075,买盘
2268,10:02:24,23.77,-0.02,179,425483,卖盘
2269,10:02:21,23.79,--,1363,3242577,买盘
2270,10:02:18,23.79,-0.01,91,216489,卖盘
2271,10:02:15,23.8,0.01,6,14280,买盘
2272,10:02:09,23.79,-0.01,55,130845,中性盘
2273,10:02:03,23.8,--,106,252280,买盘
2274,10:02:00,23.8,--,2,4760,买盘
2275,10:01:57,23.8,--,47,111860,买盘
2276,10:01:54,23.8,-0.04,177,421260,卖盘
2277,10:01:51,23.84,--,102,243168,买盘
2278,10:01:48,23.84,0.02,288,686592,买盘
2279,10:01:45,23.82,0.07,236,562152,卖盘
2280,10:01:39,23.75,-0.06,1100,2612500,卖盘
2281,10:01:36,23.81,-0.01,15,35715,卖盘
2282,10:01:33,23.82,0.01,68,161976,买盘
2283,10:01:30,23.81,0.01,15,35715,买盘
2284,10:01:27,23.8,--,105,249900,买盘
2285,10:01:24,23.8,0.01,30,71400,买盘
2286,10:01:18,23.79,--,13,30927,买盘
2287,10:01:15,23.79,0.04,17,40443,买盘
2288,10:01:09,23.75,--,1158,2750250,买盘
2289,10:01:06,23.75,--,582,1382250,买盘
2290,10:01:03,23.75,--,66,156750,买盘
2291,10:01:00,23.75,--,226,536750,买盘
2292,10:00:57,23.75,--,9,21375,买盘
2293,10:00:54,23.75,--,59,140125,买盘
2294,10:00:51,23.75,-0.03,1282,3044750,卖盘
2295,10:00:48,23.78,--,55,130790,买盘
2296,10:00:45,23.78,--,100,237800,买盘
2297,10:00:39,23.78,0.03,2002,4760756,买盘
2298,10:00:30,23.75,--,398,945250,买盘
2299,10:00:27,23.75,0.01,41,97375,买盘
2300,10:00:24,23.74,--,175,415450,卖盘
2301,10:00:21,23.74,--,10,23740,卖盘
2302,10:00:18,23.74,-0.01,122,289628,卖盘
2303,10:00:15,23.75,--,35,83125,买盘
2304,10:00:12,23.75,--,46,109250,买盘
2305,10:00:09,23.75,--,52,123500,买盘
2306,10:00:06,23.75,-0.02,151,358625,卖盘
2307,10:00:03,23.77,-0.02,33,78441,卖盘
2308,09:59:54,23.79,--,6,14274,买盘
2309,09:59:51,23.79,-0.01,6,14274,卖盘
2310,09:59:48,23.8,0.01,13,30940,买盘
2311,09:59:45,23.79,-0.01,7,16653,卖盘
2312,09:59:42,23.8,--,18,42840,买盘
2313,09:59:36,23.8,--,33,78540,买盘
2314,09:59:33,23.8,--,14,33320,买盘
2315,09:59:30,23.8,--,76,180880,买盘
2316,09:59:27,23.8,--,6,14280,买盘
2317,09:59:24,23.8,-0.02,317,754460,卖盘
2318,09:59:21,23.82,-0.02,10,23820,卖盘
2319,09:59:18,23.84,0.02,171,407664,买盘
2320,09:59:15,23.82,-0.02,27,64314,卖盘
2321,09:59:12,23.84,--,125,298000,买盘
2322,09:59:09,23.84,--,5,11920,买盘
2323,09:59:06,23.84,--,23,54832,买盘
2324,09:59:03,23.84,-0.01,20,47680,卖盘
2325,09:59:00,23.85,--,53,127192,卖盘
2326,09:58:57,23.85,--,1,2385,卖盘
2327,09:58:54,23.85,0.01,22,54067,买盘
2328,09:58:51,23.84,-0.01,91,216944,卖盘
2329,09:58:48,23.85,0.01,30,71550,买盘
2330,09:58:45,23.84,-0.01,21,50064,卖盘
2331,09:58:42,23.85,--,17,40545,买盘
2332,09:58:39,23.85,--,16,38160,买盘
2333,09:58:36,23.85,--,49,116865,买盘
2334,09:58:33,23.85,--,30,71550,买盘
2335,09:58:30,23.85,--,82,195570,买盘
2336,09:58:27,23.85,--,1,2385,买盘
2337,09:58:24,23.85,-0.01,202,481770,卖盘
2338,09:58:18,23.86,--,29,69194,卖盘
2339,09:58:15,23.86,0.02,14,33404,买盘
2340,09:58:12,23.84,-0.02,53,126352,卖盘
2341,09:58:09,23.86,-0.04,5,11930,卖盘
2342,09:58:03,23.9,0.06,29,69310,买盘
2343,09:58:00,23.84,--,7,16688,买盘
2344,09:57:57,23.84,0.02,67,159728,买盘
2345,09:57:54,23.82,-0.02,5,11910,卖盘
2346,09:57:51,23.84,-0.06,514,1225376,卖盘
2347,09:57:48,23.9,0.04,4,9560,买盘
2348,09:57:45,23.86,0.01,170,405620,中性盘
2349,09:57:42,23.85,--,666,1588410,卖盘
2350,09:57:39,23.85,-0.03,25,59625,卖盘
2351,09:57:36,23.88,0.03,13,31044,买盘
2352,09:57:33,23.85,--,41,97785,买盘
2353,09:57:30,23.85,--,5,11925,买盘
2354,09:57:27,23.85,--,2,4770,买盘
2355,09:57:18,23.85,0.03,20,47700,买盘
2356,09:57:15,23.82,--,10,23820,买盘
2357,09:57:12,23.82,-0.03,12,28584,中性盘
2358,09:57:06,23.85,0.02,359,856215,买盘
2359,09:57:00,23.83,--,22,52425,买盘
2360,09:56:57,23.83,-0.01,174,414641,卖盘
2361,09:56:51,23.84,--,158,376672,买盘
2362,09:56:48,23.84,-0.01,3,7152,卖盘
2363,09:56:45,23.85,0.01,129,307665,买盘
2364,09:56:42,23.84,-0.01,16,38144,卖盘
2365,09:56:39,23.85,-0.04,362,863370,卖盘
2366,09:56:36,23.89,-0.01,41,97949,卖盘
2367,09:56:33,23.9,--,9,21510,买盘
2368,09:56:30,23.9,--,37,88430,买盘
2369,09:56:27,23.9,--,30,71700,买盘
2370,09:56:24,23.9,-0.01,11,26337,中性盘
2371,09:56:21,23.91,0.02,33,78903,买盘
2372,09:56:18,23.89,-0.03,37,88393,卖盘
2373,09:56:15,23.92,--,31,74152,买盘
2374,09:56:12,23.92,--,9,21528,买盘
2375,09:56:09,23.92,0.02,29,69368,买盘
2376,09:56:06,23.9,-0.04,97,231830,卖盘
2377,09:56:03,23.94,--,5,11970,中性盘
2378,09:56:00,23.94,-0.02,35,83790,中性盘
2379,09:55:57,23.96,0.01,24,57504,买盘
2380,09:55:54,23.95,--,188,450260,卖盘
2381,09:55:51,23.95,0.03,37,90962,买盘
2382,09:55:48,23.92,-0.03,173,413816,卖盘
2383,09:55:45,23.95,0.03,72,172440,买盘
2384,09:55:42,23.92,-0.01,140,334880,卖盘
2385,09:55:39,23.93,0.01,51,122043,买盘
2386,09:55:36,23.92,--,309,739128,卖盘
2387,09:55:33,23.92,0.01,67,160264,买盘
2388,09:55:30,23.91,0.01,31,74121,卖盘
2389,09:55:27,23.9,0.01,110,262900,卖盘
2390,09:55:24,23.89,-0.03,67,160063,卖盘
2391,09:55:21,23.92,0.03,274,655408,买盘
2392,09:55:18,23.89,--,310,742620,买盘
2393,09:55:15,23.89,--,44,105116,买盘
2394,09:55:12,23.89,0.01,240,573360,买盘
2395,09:55:09,23.88,--,106,253128,卖盘
2396,09:55:06,23.88,0.01,210,501480,买盘
2397,09:55:03,23.87,--,31,73997,卖盘
2398,09:55:00,23.87,0.01,26,62062,买盘
2399,09:54:54,23.86,0.01,28,66808,买盘
2400,09:54:51,23.85,--,11,26235,卖盘
2401,09:54:48,23.85,--,572,1364220,买盘
2402,09:54:45,23.85,0.01,68,162180,买盘
2403,09:54:39,23.84,--,49,116816,买盘
2404,09:54:36,23.84,--,12,28608,买盘
2405,09:54:33,23.84,0.01,13,30992,买盘
2406,09:54:30,23.83,0.01,35,83405,买盘
2407,09:54:27,23.82,-0.01,55,131010,卖盘
2408,09:54:24,23.83,0.01,154,366982,买盘
2409,09:54:21,23.82,0.02,38,90516,买盘
2410,09:54:15,23.8,--,16,38080,买盘
2411,09:54:12,23.8,--,127,302260,买盘
2412,09:54:09,23.8,0.01,9,21420,买盘
2413,09:54:06,23.79,--,129,306891,买盘
2414,09:54:03,23.79,0.01,28,66612,买盘
2415,09:54:00,23.78,0.01,311,739558,买盘
2416,09:53:57,23.77,-0.01,28,66556,卖盘
2417,09:53:54,23.78,0.01,250,594500,买盘
2418,09:53:51,23.77,0.02,5,11885,买盘
2419,09:53:48,23.75,-0.02,64,152000,中性盘
2420,09:53:45,23.77,--,11,26147,买盘
2421,09:53:42,23.77,--,100,237700,买盘
2422,09:53:39,23.77,--,30,71310,买盘
2423,09:53:36,23.77,--,35,83195,买盘
2424,09:53:30,23.77,0.05,17,40409,买盘
2425,09:53:27,23.72,-0.05,133,315476,卖盘
2426,09:53:24,23.77,--,74,175898,卖盘
2427,09:53:21,23.77,0.05,203,482531,买盘
2428,09:53:15,23.72,--,4,9488,卖盘
2429,09:53:12,23.72,-0.05,1,2372,卖盘
2430,09:53:09,23.77,--,93,221061,卖盘
2431,09:53:06,23.77,--,38,90326,卖盘
2432,09:53:03,23.77,0.06,210,499170,买盘
2433,09:53:00,23.71,--,25,59275,买盘
2434,09:52:57,23.71,-0.06,2,4742,中性盘
2435,09:52:54,23.77,0.05,439,1043503,买盘
2436,09:52:51,23.72,0.01,53,125716,买盘
2437,09:52:48,23.71,--,72,170712,买盘
2438,09:52:45,23.71,0.01,22,52162,买盘
2439,09:52:42,23.7,-0.01,21,49770,卖盘
2440,09:52:39,23.71,--,11,26081,买盘
2441,09:52:36,23.71,--,13,30823,买盘
2442,09:52:33,23.71,--,3,7113,买盘
2443,09:52:30,23.71,0.01,1,2371,中性盘
2444,09:52:27,23.7,-0.01,58,137460,卖盘
2445,09:52:24,23.71,0.01,50,118550,买盘
2446,09:52:21,23.7,--,47,111390,卖盘
2447,09:52:18,23.7,--,12,28440,卖盘
2448,09:52:15,23.7,--,12,28440,卖盘
2449,09:52:12,23.7,--,90,213300,买盘
2450,09:52:09,23.7,0.01,41,97170,卖盘
2451,09:52:06,23.69,-0.01,43,101867,卖盘
2452,09:52:03,23.7,0.01,74,175380,买盘
2453,09:52:00,23.69,--,3,7107,卖盘
2454,09:51:57,23.69,-0.01,14,33166,卖盘
2455,09:51:54,23.7,--,184,436080,买盘
2456,09:51:51,23.7,--,42,99540,买盘
2457,09:51:48,23.7,--,48,113760,买盘
2458,09:51:45,23.7,--,17,40290,买盘
2459,09:51:42,23.7,-0.01,9,21330,卖盘
2460,09:51:39,23.71,--,49,116179,买盘
2461,09:51:36,23.71,--,8,18968,买盘
2462,09:51:33,23.71,0.01,48,113808,买盘
2463,09:51:30,23.7,0.01,27,63990,中性盘
2464,09:51:27,23.69,-0.01,43,101867,卖盘
2465,09:51:24,23.7,--,8,18960,买盘
2466,09:51:18,23.7,--,15,35550,买盘
2467,09:51:15,23.7,0.02,18,42660,买盘
2468,09:51:12,23.68,-0.01,1,2368,卖盘
2469,09:51:09,23.69,--,4,9476,买盘
2470,09:51:06,23.69,0.03,293,694117,买盘
2471,09:51:03,23.66,--,145,343070,卖盘
2472,09:50:54,23.66,0.02,72,170352,买盘
2473,09:50:48,23.64,--,10,23640,买盘
2474,09:50:45,23.64,--,1,2364,买盘
2475,09:50:33,23.64,0.01,246,581544,买盘
2476,09:50:30,23.63,-0.02,5,11815,买盘
2477,09:50:27,23.65,0.03,25,59125,买盘
2478,09:50:24,23.62,-0.03,10,23620,卖盘
2479,09:50:12,23.65,--,107,253054,卖盘
2480,09:50:09,23.65,--,20,47300,卖盘
2481,09:50:06,23.65,0.05,376,889240,买盘
2482,09:50:03,23.6,-0.01,140,330400,卖盘
2483,09:49:57,23.61,--,2,4722,买盘
2484,09:49:54,23.61,-0.01,4,9444,卖盘
2485,09:49:51,23.62,--,5,11810,买盘
2486,09:49:48,23.62,0.01,4,9448,买盘
2487,09:49:45,23.61,-0.01,2,4722,卖盘
2488,09:49:42,23.62,0.02,25,59050,买盘
2489,09:49:39,23.6,-0.03,5,11800,卖盘
2490,09:49:27,23.63,0.02,61,144143,买盘
2491,09:49:24,23.61,-0.01,46,108606,卖盘
2492,09:49:21,23.62,--,4,9448,卖盘
2493,09:49:18,23.62,0.01,6,14172,中性盘
2494,09:49:15,23.61,-0.02,1,2361,卖盘
2495,09:49:12,23.63,0.01,108,255204,买盘
2496,09:49:09,23.62,--,32,75584,买盘
2497,09:49:06,23.62,--,4,9448,买盘
2498,09:49:03,23.62,--,7,16534,买盘
2499,09:49:00,23.62,-0.01,180,425160,卖盘
2500,09:48:57,23.63,--,5,11815,买盘
2501,09:48:54,23.63,--,13,30719,买盘
2502,09:48:51,23.63,-0.01,7,16541,卖盘
2503,09:48:45,23.64,--,5,11820,买盘
2504,09:48:42,23.64,0.01,8,18912,买盘
2505,09:48:39,23.63,-0.01,33,77979,中性盘
2506,09:48:36,23.64,--,13,30732,卖盘
2507,09:48:33,23.64,-0.01,22,52008,中性盘
2508,09:48:27,23.65,0.01,143,338195,买盘
2509,09:48:24,23.64,--,8,18912,买盘
2510,09:48:21,23.64,0.02,1,2364,买盘
2511,09:48:18,23.62,-0.01,28,66136,卖盘
2512,09:48:15,23.63,--,3,7089,卖盘
2513,09:48:12,23.63,--,45,106335,买盘
2514,09:48:09,23.63,0.01,204,482052,买盘
2515,09:48:00,23.62,--,2,4724,卖盘
2516,09:47:54,23.62,--,55,129910,买盘
2517,09:47:51,23.62,0.02,1,2362,买盘
2518,09:47:48,23.6,-0.02,45,106200,卖盘
2519,09:47:45,23.62,0.01,13,30706,买盘
2520,09:47:42,23.61,-0.01,15,35415,中性盘
2521,09:47:36,23.62,0.02,20,47240,买盘
2522,09:47:33,23.6,-0.01,51,120360,卖盘
2523,09:47:27,23.61,0.01,109,257349,买盘
2524,09:47:18,23.6,--,4,9440,买盘
2525,09:47:15,23.6,-0.01,122,287920,卖盘
2526,09:47:12,23.61,--,9,21249,买盘
2527,09:47:09,23.61,--,15,35415,买盘
2528,09:47:06,23.61,-0.01,34,80274,买盘
2529,09:47:00,23.62,--,2,4724,买盘
2530,09:46:54,23.62,0.02,2,4724,买盘
2531,09:46:48,23.6,-0.02,100,236000,卖盘
2532,09:46:45,23.62,--,34,80308,买盘
2533,09:46:42,23.62,--,10,23620,买盘
2534,09:46:39,23.62,--,1,2362,买盘
2535,09:46:33,23.62,--,10,23620,卖盘
2536,09:46:30,23.62,-0.01,1,2362,中性盘
2537,09:46:27,23.63,0.03,65,153595,买盘
2538,09:46:24,23.6,-0.01,22,51920,卖盘
2539,09:46:21,23.61,--,10,23610,卖盘
2540,09:46:18,23.61,--,44,103884,卖盘
2541,09:46:15,23.61,--,11,25971,卖盘
2542,09:46:12,23.61,--,20,47220,卖盘
2543,09:46:09,23.61,0.01,53,125133,买盘
2544,09:46:06,23.6,--,1,2360,买盘
2545,09:46:03,23.6,--,8,18880,卖盘
2546,09:46:00,23.6,-0.01,6,14160,卖盘
2547,09:45:57,23.61,--,13,30693,买盘
2548,09:45:51,23.61,--,10,23610,买盘
2549,09:45:48,23.61,--,20,47220,买盘
2550,09:45:45,23.61,--,29,68469,卖盘
2551,09:45:33,23.61,-0.02,19,44859,卖盘
2552,09:45:30,23.63,0.01,4,9452,买盘
2553,09:45:27,23.62,0.02,156,368472,买盘
2554,09:45:24,23.6,--,3,7080,卖盘
2555,09:45:21,23.6,--,7,16520,卖盘
2556,09:45:18,23.6,--,85,200600,卖盘
2557,09:45:15,23.6,-0.01,1,2360,卖盘
2558,09:45:12,23.61,--,115,271515,买盘
2559,09:45:09,23.61,--,2,4722,买盘
2560,09:45:06,23.61,0.01,15,35415,买盘
2561,09:45:03,23.6,--,2,4720,卖盘
2562,09:45:00,23.6,-0.01,4,9440,卖盘
2563,09:44:57,23.61,0.01,5,11805,买盘
2564,09:44:54,23.6,-0.01,2,4720,卖盘
2565,09:44:51,23.61,0.01,25,59025,买盘
2566,09:44:48,23.6,--,25,59000,卖盘
2567,09:44:42,23.6,0.05,163,384680,买盘
2568,09:44:39,23.55,--,1,2355,买盘
2569,09:44:36,23.55,--,10,23550,买盘
2570,09:44:33,23.55,-0.01,18,42390,买盘
2571,09:44:27,23.56,-0.04,5,11780,中性盘
2572,09:44:15,23.6,0.07,450,1062000,买盘
2573,09:44:12,23.53,-0.03,29,68237,卖盘
2574,09:44:03,23.56,--,3,7068,买盘
2575,09:44:00,23.56,--,10,23560,买盘
2576,09:43:57,23.56,-0.01,32,75392,卖盘
2577,09:43:45,23.57,0.01,5,11785,中性盘
2578,09:43:36,23.56,--,2,4712,卖盘
2579,09:43:33,23.56,-0.02,5,11780,卖盘
2580,09:43:30,23.58,0.01,5,11790,买盘
2581,09:43:27,23.57,--,12,28284,买盘
2582,09:43:18,23.57,0.01,7,16499,买盘
2583,09:43:15,23.56,-0.01,2,4712,卖盘
2584,09:43:12,23.57,0.01,10,23570,买盘
2585,09:43:09,23.56,-0.01,3,7068,卖盘
2586,09:43:06,23.57,--,6,14142,买盘
2587,09:43:00,23.57,0.01,13,30641,买盘
2588,09:42:57,23.56,-0.01,10,23560,卖盘
2589,09:42:51,23.57,-0.01,21,49497,买盘
2590,09:42:45,23.58,0.05,5,11790,买盘
2591,09:42:42,23.53,--,2,4706,卖盘
2592,09:42:33,23.53,-0.05,1,2353,卖盘
2593,09:42:27,23.58,0.01,6,14147,买盘
2594,09:42:21,23.57,--,10,23570,卖盘
2595,09:42:18,23.57,0.07,6,16216,买盘
2596,09:42:15,23.5,-0.06,59,138650,卖盘
2597,09:42:12,23.56,0.01,16,37696,买盘
2598,09:42:09,23.55,--,2,4710,卖盘
2599,09:42:03,23.55,0.06,89,209595,买盘
2600,09:41:54,23.49,-0.01,7,16443,卖盘
2601,09:41:51,23.5,0.01,1,2350,中性盘
2602,09:41:39,23.49,--,3,7046,卖盘
2603,09:41:36,23.49,0.01,93,218457,买盘
2604,09:41:30,23.48,-0.01,102,239496,卖盘
2605,09:41:24,23.49,-0.01,3,7046,买盘
2606,09:41:09,23.5,-0.01,73,171550,卖盘
2607,09:41:06,23.51,-0.01,7,16457,卖盘
2608,09:41:03,23.52,0.01,100,235200,中性盘
2609,09:41:00,23.51,-0.03,50,117550,卖盘
2610,09:40:57,23.54,0.02,88,207152,买盘
2611,09:40:51,23.52,-0.01,15,35280,卖盘
2612,09:40:45,23.53,0.01,3,7059,买盘
2613,09:40:39,23.52,--,6,14112,卖盘
2614,09:40:36,23.52,--,84,197568,卖盘
2615,09:40:33,23.52,-0.02,25,58800,卖盘
2616,09:40:30,23.54,--,210,494340,买盘
2617,09:40:27,23.54,0.02,30,70620,买盘
2618,09:40:24,23.52,--,20,47040,卖盘
2619,09:40:21,23.52,-0.02,2,4704,卖盘
2620,09:40:12,23.54,--,11,25894,买盘
2621,09:40:09,23.54,-0.01,10,23540,卖盘
2622,09:40:06,23.55,0.01,5,11775,买盘
2623,09:40:00,23.54,--,71,167134,买盘
2624,09:39:51,23.54,-0.01,15,35310,中性盘
2625,09:39:42,23.55,--,13,30615,买盘
2626,09:39:33,23.55,-0.02,39,91845,买盘
2627,09:39:30,23.57,0.02,10,23570,买盘
2628,09:39:27,23.55,--,19,45027,卖盘
2629,09:39:24,23.55,-0.01,2,4710,卖盘
2630,09:39:21,23.56,--,19,44764,买盘
2631,09:39:15,23.56,-0.01,27,63612,卖盘
2632,09:39:12,23.57,0.02,25,58925,中性盘
2633,09:39:09,23.55,--,1,2355,卖盘
2634,09:39:06,23.55,--,5,11775,卖盘
2635,09:39:03,23.55,--,118,277890,卖盘
2636,09:39:00,23.55,--,93,219015,卖盘
2637,09:38:57,23.55,--,27,63585,卖盘
2638,09:38:51,23.55,--,21,49455,卖盘
2639,09:38:48,23.55,0.04,48,115112,买盘
2640,09:38:42,23.51,-0.03,19,44669,卖盘
2641,09:38:33,23.54,0.04,40,94160,买盘
2642,09:38:30,23.5,--,5,11750,买盘
2643,09:38:27,23.5,-0.01,71,166850,卖盘
2644,09:38:24,23.51,--,8,18808,买盘
2645,09:38:21,23.51,0.01,18,42318,买盘
2646,09:38:15,23.5,--,208,488800,买盘
2647,09:38:12,23.5,0.02,40,94000,买盘
2648,09:38:06,23.48,--,1,2348,卖盘
2649,09:38:03,23.48,0.02,13,30524,买盘
2650,09:37:57,23.46,0.02,50,117300,中性盘
2651,09:37:48,23.44,--,13,30472,卖盘
2652,09:37:45,23.44,-0.02,15,35160,卖盘
2653,09:37:39,23.46,-0.01,9,21114,买盘
2654,09:37:36,23.47,0.04,39,91533,买盘
2655,09:37:33,23.43,-0.04,1,2343,中性盘
2656,09:37:30,23.47,0.05,22,51634,买盘
2657,09:37:27,23.42,-0.04,6,14052,中性盘
2658,09:37:24,23.46,0.04,4,9384,买盘
2659,09:37:21,23.42,-0.04,8,18736,卖盘
2660,09:37:18,23.46,0.05,118,276828,买盘
2661,09:37:15,23.41,-0.02,47,110027,卖盘
2662,09:37:12,23.43,0.03,18,42174,买盘
2663,09:37:09,23.4,-0.01,1,2340,卖盘
2664,09:37:06,23.41,--,13,30433,买盘
2665,09:37:00,23.41,0.01,14,32774,买盘
2666,09:36:57,23.4,--,1,2340,卖盘
2667,09:36:54,23.4,-0.01,2,4680,卖盘
2668,09:36:51,23.41,0.02,138,323058,买盘
2669,09:36:48,23.39,-0.01,46,109137,卖盘
2670,09:36:45,23.4,0.01,24,56160,买盘
2671,09:36:42,23.39,-0.01,20,46780,卖盘
2672,09:36:39,23.4,0.01,30,70200,买盘
2673,09:36:36,23.39,--,10,23390,卖盘
2674,09:36:33,23.39,0.01,28,65492,买盘
2675,09:36:30,23.38,--,5,11690,卖盘
2676,09:36:27,23.38,-0.02,28,65464,卖盘
2677,09:36:24,23.4,0.02,500,1170000,买盘
2678,09:36:18,23.38,-0.01,3,7014,卖盘
2679,09:36:15,23.39,0.02,24,56136,买盘
2680,09:36:12,23.37,-0.02,45,105165,卖盘
2681,09:36:09,23.39,--,53,123967,卖盘
2682,09:36:06,23.39,--,81,189459,买盘
2683,09:36:03,23.39,-0.01,26,60814,卖盘
2684,09:36:00,23.4,0.01,15,35100,买盘
2685,09:35:57,23.39,--,6,14034,卖盘
2686,09:35:54,23.39,0.01,77,180103,买盘
2687,09:35:51,23.38,--,60,140280,卖盘
2688,09:35:45,23.38,-0.02,15,35070,卖盘
2689,09:35:42,23.4,0.01,58,135720,买盘
2690,09:35:39,23.39,--,11,25729,卖盘
2691,09:35:33,23.39,--,100,233900,买盘
2692,09:35:30,23.39,--,22,51458,卖盘
2693,09:35:27,23.39,--,35,81865,卖盘
2694,09:35:24,23.39,-0.01,122,285358,卖盘
2695,09:35:21,23.4,--,9,21060,买盘
2696,09:35:18,23.4,--,102,238680,买盘
2697,09:35:12,23.4,--,177,414180,卖盘
2698,09:35:09,23.4,-0.01,141,329940,卖盘
2699,09:35:06,23.41,--,113,264533,买盘
2700,09:35:03,23.41,0.01,2,4682,买盘
2701,09:35:00,23.4,-0.01,543,1270620,卖盘
2702,09:34:54,23.41,-0.02,40,93640,卖盘
2703,09:34:51,23.43,0.01,29,67947,买盘
2704,09:34:48,23.42,--,86,201412,卖盘
2705,09:34:45,23.42,--,2,4684,卖盘
2706,09:34:42,23.42,--,38,88996,卖盘
2707,09:34:39,23.42,-0.01,6,14052,卖盘
2708,09:34:36,23.43,--,2,4686,买盘
2709,09:34:33,23.43,--,10,23430,卖盘
2710,09:34:30,23.43,--,157,367851,卖盘
2711,09:34:27,23.43,-0.01,25,58575,卖盘
2712,09:34:24,23.44,0.01,100,234400,买盘
2713,09:34:21,23.43,-0.01,11,25773,卖盘
2714,09:34:18,23.44,--,103,241432,买盘
2715,09:34:12,23.44,--,74,173456,卖盘
2716,09:34:09,23.44,--,16,37504,卖盘
2717,09:34:06,23.44,-0.02,2,4688,卖盘
2718,09:34:03,23.46,-0.01,16,37536,卖盘
2719,09:34:00,23.47,--,100,234700,买盘
2720,09:33:57,23.47,--,10,23470,买盘
2721,09:33:54,23.47,--,358,840226,买盘
2722,09:33:48,23.47,--,53,124391,买盘
2723,09:33:45,23.47,-0.01,7,16429,卖盘
2724,09:33:42,23.48,--,1,2348,卖盘
2725,09:33:39,23.48,0.02,1,2348,中性盘
2726,09:33:36,23.46,-0.02,113,265098,卖盘
2727,09:33:33,23.48,--,74,173752,买盘
2728,09:33:30,23.48,--,14,32872,买盘
2729,09:33:27,23.48,0.01,18,42264,买盘
2730,09:33:24,23.47,-0.01,100,234700,卖盘
2731,09:33:21,23.48,--,13,30524,买盘
2732,09:33:18,23.48,0.01,21,49308,买盘
2733,09:33:15,23.47,-0.01,23,53981,卖盘
2734,09:33:12,23.48,-0.02,18,42264,卖盘
2735,09:33:09,23.5,--,34,79900,买盘
2736,09:33:06,23.5,0.02,10,23500,买盘
2737,09:33:03,23.48,-0.02,5,11740,卖盘
2738,09:33:00,23.5,0.02,50,117500,买盘
2739,09:32:57,23.48,--,4,9392,卖盘
2740,09:32:54,23.48,0.01,3,7044,卖盘
2741,09:32:51,23.47,--,131,307457,卖盘
2742,09:32:48,23.47,-0.03,5,11735,卖盘
2743,09:32:45,23.5,0.03,80,188000,买盘
2744,09:32:42,23.47,--,17,39899,买盘
2745,09:32:39,23.47,0.01,1,2347,买盘
2746,09:32:36,23.46,--,4,9384,卖盘
2747,09:32:33,23.46,-0.01,61,143106,卖盘
2748,09:32:30,23.47,0.02,87,204189,买盘
2749,09:32:18,23.45,-0.02,340,797300,卖盘
2750,09:32:15,23.47,0.01,51,119697,买盘
2751,09:32:12,23.46,--,4,9384,买盘
2752,09:32:09,23.46,0.01,12,28152,买盘
2753,09:32:06,23.45,--,5,11725,卖盘
2754,09:32:00,23.45,-0.01,11,25795,卖盘
2755,09:31:57,23.46,--,1,2346,买盘
2756,09:31:54,23.46,-0.02,17,39882,卖盘
2757,09:31:51,23.48,0.03,2,4696,买盘
2758,09:31:39,23.45,0.01,2,4690,中性盘
2759,09:31:36,23.44,0.01,5,11720,卖盘
2760,09:31:33,23.43,-0.07,4,9372,卖盘
2761,09:31:30,23.5,0.04,50,117500,买盘
2762,09:31:27,23.46,0.03,2,4692,中性盘
2763,09:31:24,23.43,-0.04,144,337392,卖盘
2764,09:31:21,23.47,0.04,7,16429,买盘
2765,09:31:18,23.43,-0.05,1,2343,买盘
2766,09:31:15,23.48,--,138,324024,卖盘
2767,09:31:09,23.48,0.05,4,9392,买盘
2768,09:31:06,23.43,-0.05,4,9372,卖盘
2769,09:31:03,23.48,0.03,6,14088,中性盘
2770,09:31:00,23.45,0.03,14,32830,中性盘
2771,09:30:57,23.42,-0.06,24,56208,卖盘
2772,09:30:54,23.48,0.06,7,16436,买盘
2773,09:30:51,23.42,--,6,14052,卖盘
2774,09:30:45,23.42,-0.03,30,70260,卖盘
2775,09:30:42,23.45,--,37,86765,买盘
2776,09:30:36,23.45,0.04,8,18760,买盘
2777,09:30:33,23.41,--,53,124073,买盘
2778,09:30:30,23.41,-0.03,180,421380,卖盘
2779,09:30:27,23.44,--,4,9376,卖盘
2780,09:30:24,23.44,-0.01,25,58600,卖盘
2781,09:30:21,23.45,-0.05,4,9380,卖盘
2782,09:30:15,23.5,0.05,23,54050,买盘
2783,09:30:12,23.45,-0.05,35,82075,卖盘
2784,09:30:09,23.5,0.05,210,493500,买盘
2785,09:30:06,23.45,-0.05,519,1217055,卖盘
2786,09:30:03,23.5,-0.05,238,559300,卖盘
2787,09:30:00,23.55,--,0,0,买盘
2788,09:25:03,23.55,23.55,757,1782735,买盘
