,time,price,change,volume,amount,type
0,15:00:03,14.81,-0.01,1605,2377005,卖盘
1,14:57:00,14.82,0.01,42,62244,买盘
2,14:56:57,14.81,-0.01,108,159948,卖盘
3,14:56:54,14.82,--,44,65208,买盘
4,14:56:51,14.82,--,32,47424,买盘
5,14:56:48,14.82,--,24,35568,买盘
6,14:56:45,14.82,0.01,136,201552,买盘
7,14:56:42,14.81,-0.01,20,29620,卖盘
8,14:56:39,14.82,--,54,80028,买盘
9,14:56:36,14.82,0.01,122,180804,买盘
10,14:56:33,14.81,--,162,239922,卖盘
11,14:56:30,14.81,--,151,223631,卖盘
12,14:56:27,14.81,--,264,390984,卖盘
13,14:56:24,14.81,--,41,60721,卖盘
14,14:56:21,14.81,--,46,68126,卖盘
15,14:56:18,14.81,--,18,26658,卖盘
16,14:56:15,14.81,-0.01,20,29620,卖盘
17,14:56:12,14.82,0.01,86,127452,买盘
18,14:56:09,14.81,-0.01,3,4443,卖盘
19,14:56:06,14.82,--,111,164502,买盘
20,14:56:03,14.82,0.01,11,16302,买盘
21,14:56:00,14.81,--,11,16291,卖盘
22,14:55:57,14.81,--,55,81455,卖盘
23,14:55:54,14.81,-0.01,8,11848,卖盘
24,14:55:51,14.82,--,8,11856,买盘
25,14:55:48,14.82,0.01,80,118560,买盘
26,14:55:45,14.81,-0.01,51,75531,卖盘
27,14:55:42,14.82,0.01,26,38532,买盘
28,14:55:39,14.81,--,192,284352,卖盘
29,14:55:36,14.81,--,5,7405,卖盘
30,14:55:33,14.81,-0.01,18,26658,卖盘
31,14:55:27,14.82,--,747,1107054,买盘
32,14:55:24,14.82,--,3,4446,买盘
33,14:55:21,14.82,0.01,10,14820,买盘
34,14:55:18,14.81,--,20,29620,卖盘
35,14:55:15,14.81,-0.01,6,8886,卖盘
36,14:55:12,14.82,0.01,30,44460,买盘
37,14:55:09,14.81,--,10,14810,卖盘
38,14:55:06,14.81,--,12,17772,卖盘
39,14:55:03,14.81,-0.01,42,62202,卖盘
40,14:55:00,14.82,0.01,46,68172,买盘
41,14:54:57,14.81,--,21,31101,卖盘
42,14:54:54,14.81,-0.01,17,25177,卖盘
43,14:54:48,14.82,0.01,16,23712,买盘
44,14:54:45,14.81,-0.01,1,1481,卖盘
45,14:54:42,14.82,0.01,43,63726,买盘
46,14:54:39,14.81,--,98,145138,卖盘
47,14:54:36,14.81,--,25,37025,卖盘
48,14:54:30,14.81,--,3,4443,卖盘
49,14:54:27,14.81,-0.01,21,31101,卖盘
50,14:54:24,14.82,0.01,23,34086,买盘
51,14:54:21,14.81,--,14,20734,卖盘
52,14:54:15,14.81,--,23,34063,卖盘
53,14:54:12,14.81,--,179,265099,买盘
54,14:54:09,14.81,0.01,80,118480,买盘
55,14:54:06,14.8,-0.01,34,50320,卖盘
56,14:54:03,14.81,--,7,10367,买盘
57,14:54:00,14.81,0.01,10,14810,买盘
58,14:53:57,14.8,-0.01,22,32560,卖盘
59,14:53:51,14.81,0.01,45,66645,买盘
60,14:53:48,14.8,-0.01,27,39960,卖盘
61,14:53:42,14.81,--,5,7405,买盘
62,14:53:39,14.81,--,31,45911,买盘
63,14:53:36,14.81,--,244,361364,卖盘
64,14:53:33,14.81,--,58,85898,卖盘
65,14:53:30,14.81,--,202,299162,卖盘
66,14:53:24,14.81,--,20,29620,卖盘
67,14:53:18,14.81,--,1,1481,卖盘
68,14:53:15,14.81,-0.01,3,4443,卖盘
69,14:53:12,14.82,--,23,34086,买盘
70,14:53:09,14.82,--,2,2964,买盘
71,14:53:06,14.82,--,5,7410,买盘
72,14:53:03,14.82,0.01,21,31122,买盘
73,14:53:00,14.81,--,3,4443,卖盘
74,14:52:57,14.81,-0.01,67,99227,卖盘
75,14:52:54,14.82,--,92,136344,买盘
76,14:52:51,14.82,0.01,21,31122,买盘
77,14:52:48,14.81,--,4,5924,卖盘
78,14:52:45,14.81,--,1,1481,卖盘
79,14:52:42,14.81,--,24,35544,买盘
80,14:52:39,14.81,--,128,189568,买盘
81,14:52:36,14.81,--,10,14810,买盘
82,14:52:33,14.81,--,10,14810,买盘
83,14:52:30,14.81,--,30,44430,买盘
84,14:52:27,14.81,--,3,4443,买盘
85,14:52:24,14.81,--,1,1481,买盘
86,14:52:21,14.81,--,29,42949,卖盘
87,14:52:18,14.81,--,40,59240,卖盘
88,14:52:15,14.81,-0.01,12,17772,卖盘
89,14:52:12,14.82,0.02,130,192660,买盘
90,14:52:09,14.8,-0.01,30,44400,卖盘
91,14:52:03,14.81,--,55,81455,买盘
92,14:52:00,14.81,0.01,60,88860,买盘
93,14:51:54,14.8,-0.01,3,4440,卖盘
94,14:51:51,14.81,--,2,2962,买盘
95,14:51:48,14.81,--,284,420604,买盘
96,14:51:45,14.81,--,43,63683,买盘
97,14:51:42,14.81,--,2,2962,买盘
98,14:51:39,14.81,0.01,320,473920,买盘
99,14:51:36,14.8,--,8,11840,卖盘
100,14:51:33,14.8,--,1,1480,卖盘
101,14:51:30,14.8,--,6,8880,卖盘
102,14:51:27,14.8,--,50,74000,卖盘
103,14:51:24,14.8,--,61,90280,卖盘
104,14:51:21,14.8,--,4,5920,卖盘
105,14:51:18,14.8,--,22,32634,买盘
106,14:51:15,14.8,--,10,14800,买盘
107,14:51:06,14.8,--,27,41366,卖盘
108,14:51:03,14.8,--,56,82880,卖盘
109,14:51:00,14.8,--,13,19240,卖盘
110,14:50:57,14.8,-0.01,8,11840,卖盘
111,14:50:54,14.81,0.01,52,77012,买盘
112,14:50:51,14.8,--,20,29600,卖盘
113,14:50:48,14.8,--,10,14800,卖盘
114,14:50:42,14.8,-0.01,2,2960,卖盘
115,14:50:39,14.81,--,53,78493,买盘
116,14:50:36,14.81,--,86,127366,买盘
117,14:50:33,14.81,0.01,5,7405,买盘
118,14:50:30,14.8,--,5,7400,卖盘
119,14:50:24,14.8,--,79,116920,卖盘
120,14:50:21,14.8,--,26,38480,卖盘
121,14:50:12,14.8,--,24,35594,买盘
122,14:50:09,14.8,--,59,87320,买盘
123,14:50:06,14.8,--,6,8880,买盘
124,14:50:03,14.8,--,30,44400,买盘
125,14:50:00,14.8,--,57,84360,买盘
126,14:49:57,14.8,0.01,6,8880,买盘
127,14:49:54,14.79,-0.01,51,75429,卖盘
128,14:49:51,14.8,--,2,2960,买盘
129,14:49:48,14.8,--,100,148000,买盘
130,14:49:45,14.8,--,69,103526,卖盘
131,14:49:42,14.8,--,10,14800,卖盘
132,14:49:39,14.8,--,5,7400,卖盘
133,14:49:36,14.8,--,20,29600,卖盘
134,14:49:33,14.8,--,10,14800,卖盘
135,14:49:27,14.8,--,300,444000,卖盘
136,14:49:24,14.8,--,109,161320,卖盘
137,14:49:21,14.8,--,5,7400,卖盘
138,14:49:18,14.8,--,3,4440,卖盘
139,14:49:12,14.8,-0.01,10,14800,卖盘
140,14:49:09,14.81,--,55,81455,买盘
141,14:49:06,14.81,0.01,15,22215,买盘
142,14:49:03,14.8,--,175,259000,卖盘
143,14:49:00,14.8,--,4,5920,卖盘
144,14:48:57,14.8,--,6,8880,卖盘
145,14:48:54,14.8,-0.01,67,99160,卖盘
146,14:48:51,14.81,0.01,15,22215,买盘
147,14:48:48,14.8,--,24,36260,卖盘
148,14:48:42,14.8,-0.01,6,8880,卖盘
149,14:48:36,14.81,--,10,14810,买盘
150,14:48:30,14.81,0.01,3,4443,买盘
151,14:48:27,14.8,--,57,84360,卖盘
152,14:48:24,14.8,-0.01,21,31080,卖盘
153,14:48:21,14.81,--,61,90341,买盘
154,14:48:18,14.81,0.01,19,28139,买盘
155,14:48:15,14.8,--,91,134680,卖盘
156,14:48:09,14.8,--,5,7400,卖盘
157,14:48:06,14.8,--,11,16280,卖盘
158,14:48:03,14.8,--,57,84360,卖盘
159,14:48:00,14.8,--,27,39960,卖盘
160,14:47:57,14.8,-0.01,15,22200,卖盘
161,14:47:54,14.81,0.01,601,890081,买盘
162,14:47:51,14.8,--,6,8880,卖盘
163,14:47:39,14.8,-0.01,100,148000,卖盘
164,14:47:33,14.81,--,7,10367,买盘
165,14:47:30,14.81,--,21,31930,卖盘
166,14:47:24,14.81,--,18,26658,卖盘
167,14:47:21,14.81,--,4,5924,卖盘
168,14:47:18,14.81,--,9,13980,买盘
169,14:47:15,14.81,--,3,4443,买盘
170,14:47:09,14.81,--,9,13329,买盘
171,14:47:03,14.81,-0.01,82,122271,卖盘
172,14:47:00,14.82,0.01,10,14820,买盘
173,14:46:57,14.81,-0.01,56,82936,卖盘
174,14:46:48,14.82,0.01,15,22985,买盘
175,14:46:45,14.81,--,63,94680,卖盘
176,14:46:42,14.81,-0.01,10,14810,卖盘
177,14:46:39,14.82,--,207,306774,买盘
178,14:46:36,14.82,--,200,296400,买盘
179,14:46:33,14.82,0.01,12,17784,买盘
180,14:46:27,14.81,-0.01,3,4443,卖盘
181,14:46:24,14.82,--,54,80028,买盘
182,14:46:21,14.82,--,23,34086,买盘
183,14:46:18,14.82,--,67,99294,买盘
184,14:46:12,14.82,--,17,25194,买盘
185,14:46:09,14.82,--,10,14820,买盘
186,14:46:06,14.82,--,18,26676,买盘
187,14:46:03,14.82,--,10,14820,买盘
188,14:46:00,14.82,--,28,41496,买盘
189,14:45:57,14.82,0.01,3,4446,买盘
190,14:45:51,14.81,-0.01,7,10367,卖盘
191,14:45:48,14.82,0.01,20,29640,买盘
192,14:45:45,14.81,-0.01,5,7405,卖盘
193,14:45:42,14.82,--,2,2964,买盘
194,14:45:39,14.82,--,19,28158,买盘
195,14:45:30,14.82,--,401,594282,买盘
196,14:45:27,14.82,--,2,2964,买盘
197,14:45:24,14.82,0.02,50,74100,买盘
198,14:45:21,14.8,-0.01,5,7400,卖盘
199,14:45:15,14.81,-0.01,101,149581,卖盘
200,14:45:09,14.82,--,70,103740,买盘
201,14:45:03,14.82,0.01,9,13338,买盘
202,14:45:00,14.81,--,24,35544,买盘
203,14:44:57,14.81,--,42,62202,买盘
204,14:44:54,14.81,0.01,30,44430,买盘
205,14:44:42,14.8,-0.02,1,1480,卖盘
206,14:44:36,14.82,--,64,94848,买盘
207,14:44:33,14.82,--,5,7410,买盘
208,14:44:24,14.82,0.01,68,100776,买盘
209,14:44:15,14.81,0.01,33,49687,买盘
210,14:44:12,14.8,--,55,81400,卖盘
211,14:44:09,14.8,--,55,81400,卖盘
212,14:44:06,14.8,-0.01,49,72520,买盘
213,14:44:03,14.81,--,1,1481,买盘
214,14:44:00,14.81,--,30,44430,买盘
215,14:43:57,14.81,0.01,20,29620,买盘
216,14:43:54,14.8,-0.01,52,76960,卖盘
217,14:43:51,14.81,--,15,22215,买盘
218,14:43:48,14.81,0.01,12,17772,买盘
219,14:43:45,14.8,--,18,26640,卖盘
220,14:43:42,14.8,-0.01,31,45880,卖盘
221,14:43:39,14.81,0.01,15,22215,买盘
222,14:43:36,14.8,-0.01,36,53280,卖盘
223,14:43:30,14.81,0.02,39,57759,买盘
224,14:43:27,14.79,-0.02,4,5916,卖盘
225,14:43:24,14.81,0.01,17,25177,买盘
226,14:43:21,14.8,--,7,10360,卖盘
227,14:43:18,14.8,--,2,2960,买盘
228,14:43:15,14.8,--,13,19240,买盘
229,14:43:12,14.8,--,10,14800,卖盘
230,14:43:09,14.8,-0.01,29,42920,卖盘
231,14:43:06,14.81,0.01,25,37025,买盘
232,14:43:03,14.8,--,53,78440,卖盘
233,14:43:00,14.8,--,82,121360,卖盘
234,14:42:57,14.8,--,21,31080,卖盘
235,14:42:54,14.8,-0.01,50,74000,卖盘
236,14:42:51,14.81,--,11,16291,买盘
237,14:42:48,14.81,0.01,53,78493,买盘
238,14:42:45,14.8,--,20,29600,卖盘
239,14:42:42,14.8,--,21,31080,卖盘
240,14:42:39,14.8,--,5,7400,卖盘
241,14:42:36,14.8,-0.01,6,8880,卖盘
242,14:42:30,14.81,0.01,2,2962,买盘
243,14:42:24,14.8,-0.01,16,23680,卖盘
244,14:42:21,14.81,0.01,6,8886,买盘
245,14:42:18,14.8,--,41,60680,卖盘
246,14:42:09,14.8,-0.01,2,2960,卖盘
247,14:42:06,14.81,--,88,130328,卖盘
248,14:42:03,14.81,-0.01,31,45911,卖盘
249,14:42:00,14.82,0.01,3,4446,买盘
250,14:41:57,14.81,--,36,53316,卖盘
251,14:41:54,14.81,--,31,45911,卖盘
252,14:41:51,14.81,--,69,102189,卖盘
253,14:41:48,14.81,--,125,185125,买盘
254,14:41:45,14.81,0.01,21,31101,买盘
255,14:41:42,14.8,--,30,44400,卖盘
256,14:41:39,14.8,-0.01,45,66600,卖盘
257,14:41:36,14.81,--,90,133290,买盘
258,14:41:33,14.81,0.01,34,50354,买盘
259,14:41:30,14.8,--,100,148000,卖盘
260,14:41:27,14.8,-0.01,4,5920,卖盘
261,14:41:21,14.81,--,84,124404,卖盘
262,14:41:18,14.81,--,79,116999,买盘
263,14:41:15,14.81,0.01,244,361364,买盘
264,14:41:12,14.8,-0.01,49,72520,卖盘
265,14:41:09,14.81,--,3,4443,买盘
266,14:41:06,14.81,--,14,20734,买盘
267,14:41:03,14.81,--,30,44430,买盘
268,14:41:00,14.81,--,45,66645,买盘
269,14:40:57,14.81,--,39,57759,买盘
270,14:40:54,14.81,0.01,3,4443,买盘
271,14:40:51,14.8,--,14,20720,卖盘
272,14:40:48,14.8,--,10,14800,卖盘
273,14:40:45,14.8,-0.01,10,14800,卖盘
274,14:40:42,14.81,0.01,3,4443,买盘
275,14:40:36,14.8,--,10,14800,卖盘
276,14:40:27,14.8,--,11,16280,卖盘
277,14:40:24,14.8,-0.01,12,17760,卖盘
278,14:40:21,14.81,0.01,23,34063,买盘
279,14:40:18,14.8,-0.01,46,68080,卖盘
280,14:40:15,14.81,--,8,11848,买盘
281,14:40:09,14.81,--,20,29620,买盘
282,14:40:06,14.81,--,10,14810,买盘
283,14:40:00,14.81,0.01,1,1481,买盘
284,14:39:57,14.8,-0.01,33,48840,卖盘
285,14:39:48,14.81,--,20,29620,买盘
286,14:39:45,14.81,-0.01,55,81455,卖盘
287,14:39:42,14.82,0.01,36,53352,买盘
288,14:39:39,14.81,-0.01,34,50354,卖盘
289,14:39:36,14.82,-0.01,89,131898,中性盘
290,14:39:30,14.83,0.02,16,23728,买盘
291,14:39:27,14.81,-0.02,7,10367,卖盘
292,14:39:24,14.83,0.01,44,65252,买盘
293,14:39:15,14.82,-0.01,3,4446,中性盘
294,14:39:12,14.83,0.01,244,361852,买盘
295,14:39:09,14.82,-0.01,11,16302,卖盘
296,14:39:06,14.83,0.01,21,31143,买盘
297,14:39:03,14.82,--,53,78546,卖盘
298,14:39:00,14.82,--,50,74100,卖盘
299,14:38:57,14.82,-0.01,20,29640,卖盘
300,14:38:54,14.83,0.01,20,29660,买盘
301,14:38:51,14.82,-0.01,2,2964,卖盘
302,14:38:45,14.83,0.01,9,13347,买盘
303,14:38:42,14.82,--,10,14820,卖盘
304,14:38:39,14.82,0.02,197,291954,买盘
305,14:38:36,14.8,--,33,48840,卖盘
306,14:38:33,14.8,-0.01,37,54760,卖盘
307,14:38:30,14.81,--,11,16291,卖盘
308,14:38:27,14.81,--,286,423566,买盘
309,14:38:24,14.81,--,52,77012,买盘
310,14:38:21,14.81,--,10,14810,买盘
311,14:38:18,14.81,0.01,10,14810,买盘
312,14:38:15,14.8,-0.01,5,7400,卖盘
313,14:38:12,14.81,0.01,5,7405,买盘
314,14:38:06,14.8,--,460,680800,买盘
315,14:38:03,14.8,--,112,165760,买盘
316,14:38:00,14.8,--,11,16280,买盘
317,14:37:57,14.8,0.01,25,37000,买盘
318,14:37:54,14.79,-0.01,165,244035,卖盘
319,14:37:51,14.8,--,122,180560,买盘
320,14:37:48,14.8,--,65,96200,买盘
321,14:37:39,14.8,0.01,32,47360,买盘
322,14:37:36,14.79,--,9,13311,买盘
323,14:37:33,14.79,--,37,54723,买盘
324,14:37:30,14.79,--,3,4437,买盘
325,14:37:27,14.79,0.01,57,84303,买盘
326,14:37:24,14.78,-0.01,3,4434,卖盘
327,14:37:21,14.79,0.01,9,13311,买盘
328,14:37:18,14.78,--,23,33994,中性盘
329,14:37:09,14.78,--,24,35472,买盘
330,14:37:06,14.78,--,122,180316,买盘
331,14:37:03,14.78,--,5,7390,买盘
332,14:37:00,14.78,--,9,13302,买盘
333,14:36:57,14.78,--,226,334028,买盘
334,14:36:51,14.78,--,11,16258,买盘
335,14:36:48,14.78,--,60,88680,买盘
336,14:36:39,14.78,0.01,118,174404,买盘
337,14:36:36,14.77,--,9,13293,卖盘
338,14:36:33,14.77,--,60,88620,买盘
339,14:36:30,14.77,--,16,23632,买盘
340,14:36:27,14.77,--,23,33971,买盘
341,14:36:24,14.77,0.01,27,39879,买盘
342,14:36:21,14.76,-0.01,1,1476,卖盘
343,14:36:15,14.77,0.02,29,42833,买盘
344,14:36:09,14.75,-0.01,65,95875,卖盘
345,14:36:06,14.76,--,21,30996,买盘
346,14:36:03,14.76,--,31,45756,买盘
347,14:36:00,14.76,--,93,137268,买盘
348,14:35:57,14.76,--,53,78228,买盘
349,14:35:54,14.76,--,21,30996,买盘
350,14:35:51,14.76,--,92,135792,买盘
351,14:35:48,14.76,0.01,254,374904,买盘
352,14:35:42,14.75,-0.01,52,76700,卖盘
353,14:35:39,14.76,0.01,1,1476,买盘
354,14:35:36,14.75,--,45,66375,卖盘
355,14:35:33,14.75,-0.01,4,5900,卖盘
356,14:35:30,14.76,--,20,29520,买盘
357,14:35:27,14.76,0.01,21,30996,买盘
358,14:35:24,14.75,--,60,88500,买盘
359,14:35:21,14.75,--,3,4425,买盘
360,14:35:18,14.75,--,49,72275,卖盘
361,14:35:15,14.75,-0.01,57,84075,卖盘
362,14:35:09,14.76,--,33,48708,买盘
363,14:35:06,14.76,--,45,66420,买盘
364,14:35:03,14.76,--,36,53136,买盘
365,14:34:57,14.76,--,6,8856,买盘
366,14:34:48,14.76,--,1,1476,买盘
367,14:34:45,14.76,--,30,44280,买盘
368,14:34:42,14.76,--,45,66420,买盘
369,14:34:39,14.76,--,19,28044,买盘
370,14:34:33,14.76,--,5,7380,买盘
371,14:34:24,14.76,--,12,17712,买盘
372,14:34:21,14.76,--,10,14760,买盘
373,14:34:18,14.76,-0.01,27,39852,卖盘
374,14:34:15,14.77,--,5,7385,买盘
375,14:33:54,14.77,0.01,33,48741,买盘
376,14:33:51,14.76,-0.01,89,131364,卖盘
377,14:33:48,14.77,0.01,2,2954,买盘
378,14:33:45,14.76,--,2,2952,卖盘
379,14:33:27,14.76,--,10,14760,卖盘
380,14:33:24,14.76,--,37,54612,买盘
381,14:33:21,14.76,0.01,31,45756,买盘
382,14:33:18,14.75,-0.01,12,17700,卖盘
383,14:33:15,14.76,0.01,7,10332,买盘
384,14:33:12,14.75,-0.01,2,2950,卖盘
385,14:33:09,14.76,--,22,32472,买盘
386,14:33:06,14.76,0.01,5,7380,买盘
387,14:33:03,14.75,-0.01,3,4425,卖盘
388,14:33:00,14.76,0.01,3,4428,买盘
389,14:32:42,14.75,--,10,14750,卖盘
390,14:32:33,14.75,-0.02,10,14750,卖盘
391,14:32:30,14.77,--,27,39879,买盘
392,14:32:24,14.77,0.02,1,1477,买盘
393,14:32:18,14.75,-0.01,37,54575,卖盘
394,14:32:15,14.76,-0.01,12,17712,卖盘
395,14:32:09,14.77,--,5,7385,买盘
396,14:32:06,14.77,--,11,16247,买盘
397,14:32:03,14.77,--,10,14770,买盘
398,14:31:57,14.77,--,11,16247,买盘
399,14:31:51,14.77,--,1,1477,买盘
400,14:31:39,14.77,0.01,2,2954,买盘
401,14:31:36,14.76,--,5,7380,卖盘
402,14:31:33,14.76,-0.01,16,23616,卖盘
403,14:31:30,14.77,0.01,2,2954,买盘
404,14:31:18,14.76,--,4,5904,卖盘
405,14:31:15,14.76,--,7,10332,买盘
406,14:31:09,14.76,--,3,4428,买盘
407,14:31:03,14.76,--,7,10332,卖盘
408,14:31:00,14.76,-0.01,50,73800,卖盘
409,14:30:48,14.77,0.01,14,20678,买盘
410,14:30:45,14.76,--,3,4428,买盘
411,14:30:42,14.76,0.01,4,5904,中性盘
412,14:30:36,14.75,-0.01,50,73750,卖盘
413,14:30:30,14.76,0.01,35,51660,买盘
414,14:30:27,14.75,-0.01,1,1475,卖盘
415,14:30:24,14.76,--,20,29520,买盘
416,14:30:18,14.76,0.01,22,32472,买盘
417,14:30:15,14.75,--,10,14750,卖盘
418,14:30:12,14.75,--,1,1475,卖盘
419,14:30:03,14.75,--,22,32450,卖盘
420,14:30:00,14.75,-0.02,1,1475,卖盘
421,14:29:57,14.77,0.02,58,85666,买盘
422,14:29:51,14.75,--,157,232696,卖盘
423,14:29:48,14.75,--,2,2950,卖盘
424,14:29:45,14.75,--,2,2950,卖盘
425,14:29:42,14.75,--,48,70800,卖盘
426,14:29:39,14.75,--,16,23600,卖盘
427,14:29:36,14.75,-0.01,20,29500,卖盘
428,14:29:33,14.76,--,7,10332,买盘
429,14:29:27,14.76,--,27,39852,买盘
430,14:29:21,14.76,--,9,13284,买盘
431,14:29:18,14.76,--,3,4428,买盘
432,14:29:09,14.76,-0.01,8,11808,中性盘
433,14:29:06,14.77,0.01,55,81235,买盘
434,14:28:54,14.76,--,27,39852,卖盘
435,14:28:51,14.76,--,6,8856,卖盘
436,14:28:48,14.76,--,164,242064,卖盘
437,14:28:39,14.76,-0.01,10,14760,卖盘
438,14:28:27,14.77,--,5,7385,买盘
439,14:28:21,14.77,--,4,5908,买盘
440,14:28:18,14.77,--,18,27250,卖盘
441,14:28:12,14.77,--,39,57603,卖盘
442,14:28:06,14.77,--,17,25109,卖盘
443,14:28:03,14.77,--,38,56126,卖盘
444,14:28:00,14.77,--,2,2954,卖盘
445,14:27:57,14.77,-0.01,123,181671,卖盘
446,14:27:48,14.78,--,3,4434,买盘
447,14:27:45,14.78,--,23,33994,卖盘
448,14:27:42,14.78,--,59,87202,卖盘
449,14:27:39,14.78,--,36,53208,卖盘
450,14:27:36,14.78,--,6,8868,卖盘
451,14:27:27,14.78,--,43,63554,卖盘
452,14:27:24,14.78,--,113,167014,卖盘
453,14:27:21,14.78,0.01,79,116762,中性盘
454,14:27:09,14.77,-0.01,25,36925,卖盘
455,14:27:03,14.78,0.01,65,96070,买盘
456,14:27:00,14.77,--,51,75327,卖盘
457,14:26:57,14.77,--,1,1477,卖盘
458,14:26:54,14.77,--,6,8862,卖盘
459,14:26:48,14.77,--,133,196441,卖盘
460,14:26:45,14.77,--,10,14770,卖盘
461,14:26:39,14.77,--,21,31017,卖盘
462,14:26:33,14.77,-0.01,21,31017,卖盘
463,14:26:30,14.78,--,4,5912,卖盘
464,14:26:24,14.78,--,15,22170,卖盘
465,14:26:21,14.78,--,23,33994,卖盘
466,14:26:18,14.78,-0.01,1,1478,卖盘
467,14:26:12,14.79,0.01,4,5916,买盘
468,14:26:03,14.78,-0.01,40,59120,卖盘
469,14:26:00,14.79,0.01,3,4437,中性盘
470,14:25:45,14.78,-0.02,18,26604,卖盘
471,14:25:42,14.8,0.01,42,62160,买盘
472,14:25:39,14.79,0.01,21,31059,买盘
473,14:25:36,14.78,-0.01,75,110850,买盘
474,14:25:33,14.79,--,63,93177,买盘
475,14:25:30,14.79,0.02,20,29580,买盘
476,14:25:24,14.77,-0.01,63,93051,卖盘
477,14:25:15,14.78,0.01,2,2956,买盘
478,14:25:09,14.77,--,1,1477,卖盘
479,14:25:03,14.77,-0.01,21,31017,卖盘
480,14:25:00,14.78,--,16,23648,卖盘
481,14:24:54,14.78,--,9,13302,卖盘
482,14:24:51,14.78,--,6,8868,买盘
483,14:24:48,14.78,--,2,2956,买盘
484,14:24:45,14.78,--,19,28082,卖盘
485,14:24:42,14.78,0.01,39,57642,中性盘
486,14:24:27,14.77,--,12,17724,卖盘
487,14:24:24,14.77,-0.01,61,90097,卖盘
488,14:24:21,14.78,0.01,3,4434,买盘
489,14:24:15,14.77,--,11,16247,卖盘
490,14:24:12,14.77,--,6,8862,卖盘
491,14:24:09,14.77,-0.01,26,38402,卖盘
492,14:24:06,14.78,--,6,8868,买盘
493,14:24:03,14.78,--,13,19214,买盘
494,14:24:00,14.78,0.01,20,29560,买盘
495,14:23:54,14.77,--,1,1477,卖盘
496,14:23:48,14.77,-0.01,17,25109,卖盘
497,14:23:42,14.78,0.01,55,81969,买盘
498,14:23:36,14.77,--,34,50218,卖盘
499,14:23:33,14.77,--,2,2954,卖盘
500,14:23:24,14.77,--,46,68074,卖盘
501,14:23:18,14.77,-0.01,282,416514,卖盘
502,14:23:12,14.78,--,13,19214,买盘
503,14:23:09,14.78,--,22,33314,卖盘
504,14:23:03,14.78,--,10,14780,卖盘
505,14:23:00,14.78,-0.01,26,38428,卖盘
506,14:22:57,14.79,0.01,18,26622,买盘
507,14:22:54,14.78,-0.01,55,81290,卖盘
508,14:22:45,14.79,0.01,72,106488,买盘
509,14:22:42,14.78,-0.01,12,18046,卖盘
510,14:22:39,14.79,-0.01,11,16283,中性盘
511,14:22:36,14.8,0.01,21,31080,买盘
512,14:22:33,14.79,--,21,31059,买盘
513,14:22:30,14.79,0.01,52,76908,买盘
514,14:22:27,14.78,--,10,15134,买盘
515,14:22:24,14.78,-0.01,2,4079,卖盘
516,14:22:21,14.79,0.01,127,188187,买盘
517,14:22:18,14.78,--,22,32516,买盘
518,14:22:12,14.78,--,10,14780,买盘
519,14:22:09,14.78,--,52,77979,卖盘
520,14:22:03,14.78,--,56,82768,卖盘
521,14:22:00,14.78,-0.01,56,82768,卖盘
522,14:21:57,14.79,0.01,2,2958,买盘
523,14:21:54,14.78,--,30,44340,卖盘
524,14:21:51,14.78,--,19,28082,卖盘
525,14:21:48,14.78,--,106,157022,买盘
526,14:21:36,14.78,--,34,50252,买盘
527,14:21:33,14.78,0.01,31,45818,买盘
528,14:21:30,14.77,-0.01,2,2954,卖盘
529,14:21:27,14.78,--,52,76856,买盘
530,14:21:24,14.78,--,5,7390,买盘
531,14:21:21,14.78,-0.01,31,46941,卖盘
532,14:21:18,14.79,0.01,9,13311,买盘
533,14:21:15,14.78,--,10,14780,卖盘
534,14:21:12,14.78,0.01,109,161456,买盘
535,14:21:09,14.77,--,4,7030,卖盘
536,14:21:06,14.77,0.01,6,9216,买盘
537,14:21:03,14.76,-0.01,2,2952,卖盘
538,14:21:00,14.77,--,7,10339,买盘
539,14:20:54,14.77,--,17,25109,买盘
540,14:20:51,14.77,--,29,42833,买盘
541,14:20:48,14.77,--,20,29540,买盘
542,14:20:45,14.77,-0.01,126,187224,卖盘
543,14:20:39,14.78,0.01,40,59120,买盘
544,14:20:36,14.77,-0.01,2,2954,卖盘
545,14:20:33,14.78,0.01,40,59120,买盘
546,14:20:27,14.77,--,57,84543,买盘
547,14:20:24,14.77,--,50,73850,买盘
548,14:20:21,14.77,0.01,3,4431,买盘
549,14:20:15,14.76,-0.01,7,10332,卖盘
550,14:20:12,14.77,--,1,1477,买盘
551,14:20:09,14.77,--,6,8862,买盘
552,14:20:03,14.77,0.02,6,8862,买盘
553,14:20:00,14.75,-0.02,11,16225,卖盘
554,14:19:57,14.77,0.02,223,329371,买盘
555,14:19:51,14.75,-0.01,20,29500,卖盘
556,14:19:45,14.76,--,35,51660,买盘
557,14:19:42,14.76,--,10,14760,买盘
558,14:19:39,14.76,--,10,14760,买盘
559,14:19:36,14.76,--,1,1476,买盘
560,14:19:33,14.76,0.01,20,29520,买盘
561,14:19:30,14.75,-0.01,2,2950,卖盘
562,14:19:27,14.76,--,29,42804,买盘
563,14:19:24,14.76,--,10,14760,买盘
564,14:19:15,14.76,--,3,4428,买盘
565,14:19:12,14.76,--,63,92988,买盘
566,14:19:09,14.76,0.01,5,7380,买盘
567,14:19:06,14.75,-0.01,65,95875,卖盘
568,14:19:03,14.76,--,58,85608,买盘
569,14:19:00,14.76,0.01,10,14760,买盘
570,14:18:57,14.75,-0.01,25,36875,卖盘
571,14:18:54,14.76,--,28,41328,买盘
572,14:18:51,14.76,0.01,37,54612,买盘
573,14:18:42,14.75,--,8,11800,买盘
574,14:18:39,14.75,-0.01,12,17700,卖盘
575,14:18:36,14.76,0.02,34,50184,买盘
576,14:18:33,14.74,--,32,47168,买盘
577,14:18:30,14.74,-0.01,277,408298,卖盘
578,14:18:27,14.75,--,24,35400,买盘
579,14:18:18,14.75,--,42,61950,买盘
580,14:18:15,14.75,0.01,21,30975,买盘
581,14:18:09,14.74,0.01,48,70752,买盘
582,14:18:06,14.73,-0.01,10,14730,卖盘
583,14:18:00,14.74,0.01,5,7370,买盘
584,14:17:57,14.73,--,3,4419,卖盘
585,14:17:48,14.73,--,5,7365,卖盘
586,14:17:42,14.73,-0.01,4,5892,卖盘
587,14:17:39,14.74,0.02,11,16214,买盘
588,14:17:36,14.72,-0.01,90,132480,卖盘
589,14:17:33,14.73,--,12,17676,买盘
590,14:17:30,14.73,--,57,83961,买盘
591,14:17:27,14.73,0.01,6,8838,买盘
592,14:17:24,14.72,--,44,64768,卖盘
593,14:17:18,14.72,--,50,73600,卖盘
594,14:17:15,14.72,--,26,38816,买盘
595,14:17:12,14.72,--,142,209024,买盘
596,14:17:09,14.72,--,200,294400,买盘
597,14:17:06,14.72,--,130,191360,买盘
598,14:17:03,14.72,--,10,14720,买盘
599,14:17:00,14.72,--,21,30912,买盘
600,14:16:57,14.72,0.01,31,45632,买盘
601,14:16:54,14.71,--,21,30891,卖盘
602,14:16:51,14.71,-0.01,4,5884,卖盘
603,14:16:48,14.72,--,10,14720,买盘
604,14:16:42,14.72,0.01,7,10304,买盘
605,14:16:36,14.71,-0.01,23,33833,卖盘
606,14:16:30,14.72,0.01,27,39744,买盘
607,14:16:24,14.71,-0.01,26,38246,卖盘
608,14:16:18,14.72,--,3,4416,买盘
609,14:16:12,14.72,0.01,61,89792,买盘
610,14:16:03,14.71,--,35,51485,卖盘
611,14:16:00,14.71,--,5,7355,卖盘
612,14:15:57,14.71,-0.01,5,7355,卖盘
613,14:15:45,14.72,--,3,4416,买盘
614,14:15:42,14.72,0.01,30,44160,买盘
615,14:15:36,14.71,-0.01,20,29420,卖盘
616,14:15:30,14.72,0.02,9,13248,买盘
617,14:15:21,14.7,-0.02,108,158760,卖盘
618,14:15:18,14.72,0.01,3,4416,买盘
619,14:15:15,14.71,--,10,14710,卖盘
620,14:15:09,14.71,--,25,36775,买盘
621,14:15:06,14.71,--,11,16181,买盘
622,14:15:03,14.71,--,1,1471,买盘
623,14:14:57,14.71,--,21,30891,买盘
624,14:14:51,14.71,--,30,44130,买盘
625,14:14:45,14.71,--,20,29420,买盘
626,14:14:27,14.71,--,110,161810,卖盘
627,14:14:24,14.71,--,4,5884,卖盘
628,14:14:12,14.71,-0.01,11,16181,卖盘
629,14:14:06,14.72,--,10,14720,买盘
630,14:14:00,14.72,--,4,5888,买盘
631,14:13:57,14.72,--,1,1472,买盘
632,14:13:51,14.72,-0.01,5,8287,卖盘
633,14:13:45,14.73,0.01,2,2946,买盘
634,14:13:33,14.72,--,5,7360,卖盘
635,14:13:21,14.72,--,23,34400,买盘
636,14:13:18,14.72,--,3,4416,买盘
637,14:13:15,14.72,0.01,27,39744,买盘
638,14:13:06,14.71,-0.01,4,5884,卖盘
639,14:12:54,14.72,0.01,3,4416,买盘
640,14:12:45,14.71,--,187,275077,买盘
641,14:12:39,14.71,--,20,29420,买盘
642,14:12:36,14.71,--,40,58840,买盘
643,14:12:30,14.71,--,1,1471,买盘
644,14:12:27,14.71,0.01,3,4413,买盘
645,14:12:18,14.7,-0.01,21,30870,卖盘
646,14:12:12,14.71,0.01,22,32362,买盘
647,14:12:09,14.7,-0.01,21,30870,卖盘
648,14:12:06,14.71,--,10,14710,买盘
649,14:12:03,14.71,--,5,7355,买盘
650,14:11:51,14.71,--,29,42659,买盘
651,14:11:48,14.71,0.01,16,23536,买盘
652,14:11:45,14.7,--,26,38220,卖盘
653,14:11:39,14.7,-0.02,67,98490,卖盘
654,14:11:36,14.72,0.01,20,29440,买盘
655,14:11:33,14.71,-0.01,21,30891,卖盘
656,14:11:21,14.72,--,64,94208,买盘
657,14:11:18,14.72,--,100,147200,买盘
658,14:11:15,14.72,--,10,14720,买盘
659,14:11:12,14.72,--,103,151616,买盘
660,14:10:57,14.72,--,100,147200,买盘
661,14:10:54,14.72,--,2,2944,买盘
662,14:10:51,14.72,--,4,5888,买盘
663,14:10:48,14.72,--,40,58880,买盘
664,14:10:45,14.72,0.01,100,147200,买盘
665,14:10:42,14.71,-0.01,26,38246,卖盘
666,14:10:36,14.72,0.01,13,19136,买盘
667,14:10:33,14.71,-0.01,6,8826,中性盘
668,14:10:15,14.72,0.01,23,33856,买盘
669,14:10:06,14.71,-0.01,2,2942,中性盘
670,14:10:03,14.72,--,42,61824,买盘
671,14:10:00,14.72,--,42,61824,买盘
672,14:09:57,14.72,--,90,132480,买盘
673,14:09:45,14.72,0.02,101,148672,买盘
674,14:09:39,14.7,--,4,5880,卖盘
675,14:09:33,14.7,-0.01,10,14700,卖盘
676,14:09:21,14.71,--,9,13239,买盘
677,14:09:18,14.71,--,105,154455,买盘
678,14:09:15,14.71,--,3,4413,买盘
679,14:09:03,14.71,-0.01,54,79434,卖盘
680,14:08:54,14.72,--,21,30912,买盘
681,14:08:51,14.72,--,2,2944,买盘
682,14:08:45,14.72,--,6,8832,买盘
683,14:08:36,14.72,0.01,10,14720,买盘
684,14:08:24,14.71,0.01,3,4413,中性盘
685,14:08:21,14.7,--,6,8820,卖盘
686,14:08:18,14.7,--,6,8820,卖盘
687,14:08:15,14.7,--,3,4410,买盘
688,14:08:12,14.7,--,5,7350,买盘
689,14:08:06,14.7,--,5,7350,买盘
690,14:08:03,14.7,--,50,73500,买盘
691,14:07:57,14.7,--,236,346920,买盘
692,14:07:54,14.7,--,36,52920,买盘
693,14:07:45,14.7,--,36,52920,买盘
694,14:07:33,14.7,--,23,33810,买盘
695,14:07:30,14.7,--,10,14700,买盘
696,14:07:24,14.7,--,28,41160,买盘
697,14:07:21,14.7,0.01,80,117600,买盘
698,14:07:12,14.69,--,216,317304,卖盘
699,14:07:06,14.69,--,34,49946,卖盘
700,14:07:00,14.69,-0.01,10,14690,卖盘
701,14:06:57,14.7,--,10,14700,买盘
702,14:06:51,14.7,0.01,5,7350,买盘
703,14:06:45,14.69,--,51,74919,卖盘
704,14:06:42,14.69,--,21,30849,卖盘
705,14:06:39,14.69,-0.01,52,76388,卖盘
706,14:06:36,14.7,--,31,45570,买盘
707,14:06:33,14.7,0.01,21,30870,买盘
708,14:06:30,14.69,--,30,44070,卖盘
709,14:06:27,14.69,-0.01,6,8814,卖盘
710,14:06:24,14.7,0.01,5,7350,买盘
711,14:06:21,14.69,-0.01,63,92547,卖盘
712,14:06:18,14.7,0.01,28,41160,买盘
713,14:06:15,14.69,-0.01,5,7345,卖盘
714,14:06:09,14.7,--,3,4410,买盘
715,14:05:57,14.7,--,5,7350,买盘
716,14:05:51,14.7,--,7,10290,买盘
717,14:05:48,14.7,--,2,2940,买盘
718,14:05:45,14.7,--,10,14700,买盘
719,14:05:42,14.7,--,10,14700,买盘
720,14:05:33,14.7,0.01,13,19110,买盘
721,14:05:21,14.69,-0.01,2,2938,卖盘
722,14:05:12,14.7,--,9,13230,买盘
723,14:05:09,14.7,0.01,1,1470,买盘
724,14:05:03,14.69,-0.01,7,10283,卖盘
725,14:05:00,14.7,--,17,24990,买盘
726,14:04:54,14.7,--,3,4410,买盘
727,14:04:48,14.7,--,2,2940,买盘
728,14:04:45,14.7,--,13,19110,买盘
729,14:04:42,14.7,--,1,1470,买盘
730,14:04:39,14.7,0.01,2,2940,买盘
731,14:04:36,14.69,-0.01,17,24973,卖盘
732,14:04:21,14.7,--,10,14700,买盘
733,14:04:15,14.7,0.01,20,29400,买盘
734,14:04:09,14.69,-0.01,1,1469,卖盘
735,14:04:03,14.7,0.01,11,16170,买盘
736,14:03:57,14.69,--,32,47008,卖盘
737,14:03:54,14.69,-0.01,23,33787,卖盘
738,14:03:51,14.7,--,13,19110,买盘
739,14:03:48,14.7,--,25,36750,买盘
740,14:03:45,14.7,0.01,1,1470,买盘
741,14:03:42,14.69,-0.01,31,45539,卖盘
742,14:03:33,14.7,0.01,3,4410,买盘
743,14:03:30,14.69,--,30,44070,卖盘
744,14:03:27,14.69,--,22,32318,卖盘
745,14:03:18,14.69,-0.01,26,38194,卖盘
746,14:03:12,14.7,--,55,80850,买盘
747,14:03:03,14.7,--,22,32340,买盘
748,14:03:00,14.7,0.01,114,167580,买盘
749,14:02:57,14.69,-0.01,42,61698,卖盘
750,14:02:54,14.7,0.01,32,47040,买盘
751,14:02:51,14.69,--,300,440700,卖盘
752,14:02:45,14.69,--,1,1469,卖盘
753,14:02:42,14.69,--,69,101361,卖盘
754,14:02:39,14.69,-0.01,27,39663,卖盘
755,14:02:36,14.7,--,448,658560,买盘
756,14:02:30,14.7,0.01,10,14700,买盘
757,14:02:27,14.69,-0.01,21,30849,卖盘
758,14:02:24,14.7,--,2,2940,买盘
759,14:02:21,14.7,--,2,2940,买盘
760,14:02:18,14.7,--,33,48510,买盘
761,14:02:15,14.7,--,27,39690,买盘
762,14:02:09,14.7,--,103,151410,买盘
763,14:02:06,14.7,--,46,67620,买盘
764,14:02:03,14.7,--,1,1470,买盘
765,14:02:00,14.7,-0.01,332,488040,卖盘
766,14:01:54,14.71,0.01,1,1471,买盘
767,14:01:51,14.7,-0.01,31,45570,卖盘
768,14:01:48,14.71,--,10,14710,买盘
769,14:01:39,14.71,--,20,29420,买盘
770,14:01:36,14.71,--,101,148571,买盘
771,14:01:27,14.71,--,38,55898,买盘
772,14:01:21,14.71,--,60,88260,买盘
773,14:01:18,14.71,--,3,4413,买盘
774,14:01:06,14.71,--,85,125035,卖盘
775,14:01:03,14.71,-0.01,34,50014,卖盘
776,14:00:57,14.72,--,5,7360,买盘
777,14:00:51,14.72,--,97,142784,买盘
778,14:00:33,14.72,0.01,2,2944,买盘
779,14:00:18,14.71,-0.01,4,5884,卖盘
780,14:00:15,14.72,--,2,2944,买盘
781,14:00:12,14.72,--,119,175168,买盘
782,14:00:03,14.72,--,20,29440,买盘
783,13:59:54,14.72,--,8,11776,买盘
784,13:59:51,14.72,--,1,1472,买盘
785,13:59:48,14.72,--,53,78016,买盘
786,13:59:39,14.72,--,10,14720,买盘
787,13:59:24,14.72,--,1,1472,买盘
788,13:59:12,14.72,0.01,10,14720,买盘
789,13:59:09,14.71,0.01,3,4413,中性盘
790,13:58:57,14.7,-0.02,30,44100,中性盘
791,13:58:51,14.72,0.02,56,82432,买盘
792,13:58:48,14.7,-0.02,3,4410,卖盘
793,13:58:45,14.72,0.01,84,123648,买盘
794,13:58:42,14.71,--,57,83847,买盘
795,13:58:39,14.71,0.01,65,95615,买盘
796,13:58:36,14.7,-0.01,24,35280,卖盘
797,13:58:30,14.71,0.01,6,8826,买盘
798,13:58:27,14.7,-0.01,13,19110,卖盘
799,13:58:24,14.71,--,5,7355,买盘
800,13:58:18,14.71,--,2,2942,买盘
801,13:58:15,14.71,0.01,3,4413,买盘
802,13:58:06,14.7,--,10,14700,卖盘
803,13:58:03,14.7,--,9,13230,卖盘
804,13:57:57,14.7,--,19,27930,买盘
805,13:57:48,14.7,--,55,80850,买盘
806,13:57:36,14.7,--,10,14700,买盘
807,13:57:30,14.7,--,3,4410,买盘
808,13:57:24,14.7,--,3,4410,买盘
809,13:57:21,14.7,--,6,8820,买盘
810,13:57:18,14.7,0.01,15,22050,买盘
811,13:57:12,14.69,-0.01,5,7345,卖盘
812,13:57:09,14.7,--,2,2940,买盘
813,13:57:03,14.7,--,3,4410,买盘
814,13:57:00,14.7,--,10,14700,买盘
815,13:56:54,14.7,--,32,47040,买盘
816,13:56:45,14.7,0.01,5,7350,买盘
817,13:56:42,14.69,--,9,13221,卖盘
818,13:56:39,14.69,--,4,5876,卖盘
819,13:56:24,14.69,--,8,11752,卖盘
820,13:56:15,14.69,-0.01,19,27911,卖盘
821,13:56:12,14.7,--,3,4410,买盘
822,13:56:06,14.7,0.01,30,44100,买盘
823,13:55:54,14.69,-0.01,25,36725,卖盘
824,13:55:45,14.7,0.01,15,22050,买盘
825,13:55:39,14.69,-0.01,1,1469,卖盘
826,13:55:27,14.7,--,4,5880,买盘
827,13:55:21,14.7,0.01,10,14700,买盘
828,13:55:18,14.69,--,20,29380,卖盘
829,13:55:09,14.69,--,14,20566,卖盘
830,13:55:00,14.69,--,32,47008,买盘
831,13:54:57,14.69,--,1,1469,买盘
832,13:54:54,14.69,--,9,13221,卖盘
833,13:54:48,14.69,0.01,4,5876,买盘
834,13:54:45,14.68,--,1,1468,卖盘
835,13:54:42,14.68,-0.01,171,251028,卖盘
836,13:54:36,14.69,--,4,5876,买盘
837,13:54:33,14.69,--,14,20566,买盘
838,13:54:30,14.69,--,3,4407,买盘
839,13:54:27,14.69,-0.02,23,33787,买盘
840,13:54:18,14.71,0.03,21,30891,买盘
841,13:54:15,14.68,--,27,39636,卖盘
842,13:53:48,14.68,-0.03,505,741340,卖盘
843,13:53:42,14.71,--,48,70608,买盘
844,13:53:39,14.71,--,5,7355,买盘
845,13:53:33,14.71,--,3,4413,买盘
846,13:53:27,14.71,--,10,14710,买盘
847,13:53:18,14.71,--,2,2942,卖盘
848,13:53:12,14.71,-0.01,13,19123,卖盘
849,13:53:06,14.72,0.01,3,4416,买盘
850,13:53:03,14.71,-0.01,7,10297,卖盘
851,13:52:42,14.72,0.02,33,48576,买盘
852,13:52:39,14.7,--,54,79380,卖盘
853,13:52:36,14.7,-0.01,4,5880,卖盘
854,13:52:33,14.71,--,50,73550,买盘
855,13:52:30,14.71,--,25,36775,买盘
856,13:52:24,14.71,0.01,10,14710,买盘
857,13:52:21,14.7,--,10,14700,卖盘
858,13:52:18,14.7,-0.01,10,14700,卖盘
859,13:52:15,14.71,--,3,4413,买盘
860,13:52:12,14.71,0.01,169,248599,买盘
861,13:52:09,14.7,-0.01,10,14700,卖盘
862,13:51:48,14.71,--,10,14710,买盘
863,13:51:45,14.71,--,6,8826,买盘
864,13:51:42,14.71,0.01,3,4413,买盘
865,13:51:39,14.7,-0.01,4,5880,卖盘
866,13:51:30,14.71,0.01,3,4413,买盘
867,13:51:24,14.7,-0.01,12,17640,卖盘
868,13:51:21,14.71,0.02,150,220650,买盘
869,13:51:06,14.69,-0.02,21,30849,卖盘
870,13:51:03,14.71,--,2,2942,买盘
871,13:51:00,14.71,--,5,7355,买盘
872,13:50:57,14.71,--,2,2942,买盘
873,13:50:51,14.71,0.01,14,20594,买盘
874,13:50:48,14.7,--,10,14700,卖盘
875,13:50:36,14.7,--,2,2940,买盘
876,13:50:33,14.7,0.01,1,1470,卖盘
877,13:50:30,14.69,-0.01,100,146900,卖盘
878,13:50:27,14.7,--,5,7350,买盘
879,13:50:18,14.7,0.01,28,41160,买盘
880,13:50:15,14.69,-0.01,10,14690,卖盘
881,13:50:09,14.7,0.02,101,148470,买盘
882,13:50:06,14.68,-0.01,5,7340,卖盘
883,13:49:57,14.69,--,101,148369,买盘
884,13:49:48,14.69,--,23,33787,买盘
885,13:49:45,14.69,--,8,11752,买盘
886,13:49:42,14.69,--,5,7345,买盘
887,13:49:39,14.69,--,4,5876,买盘
888,13:49:36,14.69,--,23,33787,买盘
889,13:49:24,14.69,--,7,10283,卖盘
890,13:49:18,14.69,--,12,17628,买盘
891,13:49:12,14.69,0.01,2,2938,买盘
892,13:49:06,14.68,-0.01,20,29360,卖盘
893,13:49:03,14.69,--,2,2938,买盘
894,13:48:57,14.69,-0.01,41,60229,中性盘
895,13:48:51,14.7,0.01,41,60270,买盘
896,13:48:48,14.69,--,31,45539,卖盘
897,13:48:45,14.69,--,11,16159,卖盘
898,13:48:42,14.69,-0.01,10,14690,卖盘
899,13:48:36,14.7,--,5,7350,买盘
900,13:48:33,14.7,0.01,33,48510,买盘
901,13:48:30,14.69,-0.01,13,19097,卖盘
902,13:48:24,14.7,0.01,5,7350,买盘
903,13:48:18,14.69,--,4,5876,买盘
904,13:48:15,14.69,-0.01,1,1469,中性盘
905,13:48:00,14.7,--,15,22050,买盘
906,13:47:54,14.7,0.02,28,41160,买盘
907,13:47:48,14.68,--,23,33764,卖盘
908,13:47:30,14.68,-0.01,51,74868,卖盘
909,13:47:27,14.69,0.01,22,32318,买盘
910,13:47:24,14.68,--,22,32296,卖盘
911,13:47:15,14.68,--,18,26424,卖盘
912,13:47:00,14.68,--,54,79272,买盘
913,13:46:54,14.68,--,26,38168,买盘
914,13:46:51,14.68,0.01,10,14680,买盘
915,13:46:48,14.67,-0.01,90,132030,卖盘
916,13:46:45,14.68,--,10,14680,买盘
917,13:46:36,14.68,--,7,10276,买盘
918,13:46:30,14.68,--,9,13212,买盘
919,13:46:27,14.68,--,5,7340,买盘
920,13:46:24,14.68,--,3,4404,买盘
921,13:46:18,14.68,-0.01,14,20552,卖盘
922,13:46:09,14.69,--,20,29380,买盘
923,13:46:06,14.69,0.02,3,4407,买盘
924,13:46:03,14.67,-0.01,66,96822,卖盘
925,13:45:54,14.68,--,2,2936,买盘
926,13:45:42,14.68,-0.01,25,36700,卖盘
927,13:45:39,14.69,--,3,4407,买盘
928,13:45:36,14.69,0.01,60,88140,买盘
929,13:45:30,14.68,--,5,7340,卖盘
930,13:45:21,14.68,--,21,30828,卖盘
931,13:45:18,14.68,--,7,10276,卖盘
932,13:45:15,14.68,--,35,51380,买盘
933,13:45:09,14.68,--,4,5872,买盘
934,13:44:57,14.68,--,1,1468,买盘
935,13:44:54,14.68,0.01,3,4404,买盘
936,13:44:51,14.67,-0.01,2,2934,卖盘
937,13:44:45,14.68,--,3,4404,买盘
938,13:44:42,14.68,--,8,11744,买盘
939,13:44:39,14.68,--,1,1468,买盘
940,13:44:36,14.68,--,48,70464,买盘
941,13:44:24,14.68,--,2,2936,买盘
942,13:44:21,14.68,--,10,14680,买盘
943,13:44:12,14.68,--,5,7340,卖盘
944,13:44:03,14.68,--,16,23488,买盘
945,13:43:57,14.68,--,2,2936,买盘
946,13:43:51,14.68,--,1,1468,买盘
947,13:43:48,14.68,--,13,19084,买盘
948,13:43:21,14.68,0.02,14,20552,中性盘
949,13:43:15,14.66,-0.02,142,208172,卖盘
950,13:43:09,14.68,-0.01,1,1468,中性盘
951,13:43:03,14.69,--,2,2938,买盘
952,13:43:00,14.69,--,21,30849,买盘
953,13:42:54,14.69,0.01,21,30849,买盘
954,13:42:51,14.68,--,23,33764,买盘
955,13:42:48,14.68,--,63,92484,买盘
956,13:42:45,14.68,0.03,105,154140,买盘
957,13:42:42,14.65,-0.01,5,7325,卖盘
958,13:42:39,14.66,--,20,29320,买盘
959,13:42:36,14.66,--,5,7330,买盘
960,13:42:33,14.66,--,16,23456,买盘
961,13:42:27,14.66,--,181,265346,卖盘
962,13:42:24,14.66,--,40,58640,卖盘
963,13:42:18,14.66,--,43,63038,卖盘
964,13:42:15,14.66,-0.02,29,42514,卖盘
965,13:42:09,14.68,0.01,82,120376,买盘
966,13:42:06,14.67,--,7,10269,买盘
967,13:42:03,14.67,0.02,95,139365,买盘
968,13:42:00,14.65,-0.01,16,23440,卖盘
969,13:41:57,14.66,--,7,10262,买盘
970,13:41:54,14.66,--,36,52776,买盘
971,13:41:48,14.66,--,20,29320,买盘
972,13:41:45,14.66,--,5,7330,买盘
973,13:41:42,14.66,--,22,32252,中性盘
974,13:41:39,14.66,0.01,2,2932,买盘
975,13:41:36,14.65,-0.02,26,38090,卖盘
976,13:41:33,14.67,--,123,180441,买盘
977,13:41:30,14.67,0.01,1,1467,买盘
978,13:41:27,14.66,0.01,1,1466,买盘
979,13:41:24,14.65,-0.01,9,13185,卖盘
980,13:41:21,14.66,--,155,227230,卖盘
981,13:41:18,14.66,-0.01,1686,2471676,卖盘
982,13:41:15,14.67,0.01,35,51345,买盘
983,13:41:09,14.66,-0.01,10,14660,卖盘
984,13:41:03,14.67,--,10,14670,买盘
985,13:41:00,14.67,--,6,8802,买盘
986,13:40:57,14.67,0.01,10,14670,买盘
987,13:40:54,14.66,-0.02,300,439800,卖盘
988,13:40:51,14.68,0.01,26,38168,买盘
989,13:40:42,14.67,--,5,7335,卖盘
990,13:40:36,14.67,-0.01,2,2934,卖盘
991,13:40:33,14.68,--,22,32296,买盘
992,13:40:30,14.68,0.01,38,55784,买盘
993,13:40:27,14.67,--,3,4401,卖盘
994,13:40:24,14.67,--,32,46944,卖盘
995,13:40:21,14.67,--,2,2934,卖盘
996,13:40:15,14.67,--,3,4401,卖盘
997,13:40:09,14.67,--,100,146700,卖盘
998,13:40:06,14.67,--,7,10269,卖盘
999,13:40:03,14.67,-0.01,5,7335,卖盘
1000,13:40:00,14.68,0.01,3,4404,买盘
1001,13:39:57,14.67,--,5,7335,卖盘
1002,13:39:51,14.67,-0.01,22,32274,卖盘
1003,13:39:48,14.68,0.01,1,1468,买盘
1004,13:39:45,14.67,-0.01,30,44010,卖盘
1005,13:39:42,14.68,--,10,14680,买盘
1006,13:39:33,14.68,-0.01,2,2936,中性盘
1007,13:39:27,14.69,0.01,68,101067,买盘
1008,13:39:24,14.68,--,50,73400,卖盘
1009,13:39:15,14.68,--,100,146800,卖盘
1010,13:39:12,14.68,--,100,146800,卖盘
1011,13:39:09,14.68,-0.01,26,38168,卖盘
1012,13:39:06,14.69,--,382,562039,卖盘
1013,13:38:57,14.69,--,21,30849,卖盘
1014,13:38:42,14.69,-0.01,8,11752,卖盘
1015,13:38:39,14.7,--,2,2940,买盘
1016,13:38:36,14.7,--,13,19110,买盘
1017,13:38:30,14.7,0.01,8,11760,买盘
1018,13:38:27,14.69,--,21,30849,卖盘
1019,13:38:24,14.69,--,4,5876,卖盘
1020,13:38:21,14.69,-0.01,21,30849,卖盘
1021,13:38:18,14.7,0.01,68,99960,买盘
1022,13:38:12,14.69,--,1,2644,卖盘
1023,13:38:09,14.69,--,1,2644,卖盘
1024,13:38:06,14.69,-0.01,1,2644,卖盘
1025,13:38:00,14.7,--,26,38220,买盘
1026,13:37:57,14.7,--,1,1470,买盘
1027,13:37:54,14.7,-0.02,20,29400,卖盘
1028,13:37:51,14.72,--,20,29440,买盘
1029,13:37:48,14.72,--,3,4416,买盘
1030,13:37:36,14.72,--,81,120159,卖盘
1031,13:37:30,14.72,-0.01,138,203136,卖盘
1032,13:37:24,14.73,--,11,16203,买盘
1033,13:37:21,14.73,0.01,3,4419,买盘
1034,13:37:15,14.72,--,100,147200,卖盘
1035,13:37:06,14.72,--,11,16192,卖盘
1036,13:37:03,14.72,-0.01,2,2944,卖盘
1037,13:36:57,14.73,0.01,3,4419,买盘
1038,13:36:54,14.72,-0.01,10,14720,卖盘
1039,13:36:45,14.73,0.01,9,13257,买盘
1040,13:36:42,14.72,0.03,293,431840,买盘
1041,13:36:39,14.69,-0.01,55,80795,卖盘
1042,13:36:36,14.7,--,3,4410,买盘
1043,13:36:30,14.7,--,2,2940,买盘
1044,13:36:18,14.7,0.02,49,72030,买盘
1045,13:36:15,14.68,-0.01,1,1468,卖盘
1046,13:36:12,14.69,--,8,11752,买盘
1047,13:36:06,14.69,--,14,20566,买盘
1048,13:36:03,14.69,-0.01,35,51415,中性盘
1049,13:35:45,14.7,0.02,5,7350,买盘
1050,13:35:33,14.68,-0.01,44,64592,卖盘
1051,13:35:30,14.69,--,5,7345,买盘
1052,13:35:27,14.69,-0.01,82,120458,卖盘
1053,13:35:24,14.7,--,2,2940,买盘
1054,13:35:21,14.7,--,6,8820,买盘
1055,13:35:06,14.7,0.01,13,19110,买盘
1056,13:35:00,14.69,-0.01,3,4407,买盘
1057,13:34:57,14.7,0.01,40,58800,买盘
1058,13:34:54,14.69,--,70,102830,卖盘
1059,13:34:51,14.69,--,8,11752,卖盘
1060,13:34:48,14.69,-0.01,3,4407,卖盘
1061,13:34:42,14.7,--,21,30870,买盘
1062,13:34:39,14.7,0.01,20,29400,买盘
1063,13:34:36,14.69,-0.01,9,13221,卖盘
1064,13:34:27,14.7,0.01,8,11760,买盘
1065,13:34:24,14.69,--,69,101361,买盘
1066,13:34:18,14.69,--,29,42601,买盘
1067,13:34:15,14.69,0.01,10,14690,买盘
1068,13:34:12,14.68,--,31,46682,卖盘
1069,13:34:09,14.68,--,1,2642,卖盘
1070,13:34:06,14.68,-0.01,9,14386,卖盘
1071,13:34:03,14.69,--,10,14690,买盘
1072,13:34:00,14.69,--,27,39663,买盘
1073,13:33:51,14.69,--,11,16159,买盘
1074,13:33:48,14.69,--,25,36725,买盘
1075,13:33:45,14.69,--,4,5876,买盘
1076,13:33:42,14.69,--,10,14690,买盘
1077,13:33:39,14.69,--,5,7345,买盘
1078,13:33:36,14.69,--,14,20566,买盘
1079,13:33:33,14.69,--,10,14690,买盘
1080,13:33:27,14.69,-0.01,114,167466,卖盘
1081,13:33:24,14.7,0.01,5,7350,买盘
1082,13:33:18,14.69,-0.01,10,14690,卖盘
1083,13:33:09,14.7,0.02,3,4410,买盘
1084,13:33:06,14.68,-0.01,50,73400,卖盘
1085,13:33:03,14.69,--,21,30849,买盘
1086,13:33:00,14.69,--,55,80795,买盘
1087,13:32:57,14.69,--,14,20566,卖盘
1088,13:32:54,14.69,--,5,7345,买盘
1089,13:32:48,14.69,--,4,5876,买盘
1090,13:32:39,14.69,0.01,3,4407,买盘
1091,13:32:33,14.68,--,1,1468,卖盘
1092,13:32:30,14.68,-0.01,3,5578,卖盘
1093,13:32:27,14.69,-0.01,1,1469,中性盘
1094,13:32:24,14.7,0.03,5,7350,买盘
1095,13:32:18,14.67,-0.02,548,803916,卖盘
1096,13:32:15,14.69,--,16,23504,卖盘
1097,13:32:12,14.69,--,66,96954,卖盘
1098,13:32:06,14.69,--,5,7345,卖盘
1099,13:31:57,14.69,-0.01,90,132210,卖盘
1100,13:31:54,14.7,0.02,34,49980,买盘
1101,13:31:48,14.68,-0.02,22,32296,卖盘
1102,13:31:30,14.7,0.02,56,82320,买盘
1103,13:31:24,14.68,--,60,88080,卖盘
1104,13:31:21,14.68,-0.02,20,29360,卖盘
1105,13:31:18,14.7,--,10,14700,买盘
1106,13:31:12,14.7,0.02,60,88200,买盘
1107,13:31:09,14.68,--,20,30094,卖盘
1108,13:31:03,14.68,-0.02,5,7340,卖盘
1109,13:31:00,14.7,--,32,47040,买盘
1110,13:30:57,14.7,0.01,42,61740,买盘
1111,13:30:54,14.69,--,39,57291,买盘
1112,13:30:45,14.69,--,22,32318,买盘
1113,13:30:42,14.69,--,21,30849,买盘
1114,13:30:39,14.69,0.01,18,26442,买盘
1115,13:30:36,14.68,--,5,7340,卖盘
1116,13:30:33,14.68,-0.01,16,23488,卖盘
1117,13:30:30,14.69,0.01,5,7345,买盘
1118,13:30:27,14.68,--,12,17616,卖盘
1119,13:30:24,14.68,-0.01,10,14680,卖盘
1120,13:30:21,14.69,--,12,17628,买盘
1121,13:30:09,14.69,--,24,35256,买盘
1122,13:30:06,14.69,--,24,35256,买盘
1123,13:30:00,14.69,--,2,2938,卖盘
1124,13:29:54,14.69,--,5,7345,卖盘
1125,13:29:51,14.69,-0.01,12,17628,卖盘
1126,13:29:48,14.7,0.01,27,39690,买盘
1127,13:29:45,14.69,--,24,35256,卖盘
1128,13:29:42,14.69,--,41,60229,卖盘
1129,13:29:39,14.69,--,20,29380,卖盘
1130,13:29:36,14.69,--,20,29380,卖盘
1131,13:29:33,14.69,-0.01,34,49946,卖盘
1132,13:29:30,14.7,--,5,7350,买盘
1133,13:29:24,14.7,--,20,29591,卖盘
1134,13:29:18,14.7,-0.02,20,29400,卖盘
1135,13:29:09,14.72,0.02,21,30912,买盘
1136,13:29:03,14.7,-0.01,10,14700,卖盘
1137,13:29:00,14.71,--,4,7163,买盘
1138,13:28:57,14.71,0.01,1,1471,买盘
1139,13:28:45,14.7,--,20,29400,买盘
1140,13:28:42,14.7,--,10,14700,买盘
1141,13:28:39,14.7,0.01,3,4410,买盘
1142,13:28:36,14.69,--,2,2938,卖盘
1143,13:28:30,14.69,-0.01,205,301145,卖盘
1144,13:28:27,14.7,-0.01,4,5880,中性盘
1145,13:28:24,14.71,0.02,28,41188,买盘
1146,13:28:12,14.69,0.01,11,16159,中性盘
1147,13:27:57,14.68,-0.03,2298,3373464,卖盘
1148,13:27:51,14.71,-0.01,48,70799,卖盘
1149,13:27:45,14.72,0.01,3,4416,买盘
1150,13:27:42,14.71,-0.01,25,36775,卖盘
1151,13:27:39,14.72,0.01,30,44160,买盘
1152,13:27:36,14.71,-0.01,7,10297,卖盘
1153,13:27:24,14.72,0.01,2,2958,买盘
1154,13:27:21,14.71,--,15,22065,卖盘
1155,13:27:18,14.71,--,176,260161,卖盘
1156,13:27:15,14.71,-0.01,28,41188,卖盘
1157,13:27:12,14.72,--,5,7360,买盘
1158,13:27:09,14.72,--,30,44160,买盘
1159,13:27:03,14.72,--,1,1472,中性盘
1160,13:27:00,14.72,--,10,14720,卖盘
1161,13:26:54,14.72,--,19,27968,卖盘
1162,13:26:48,14.72,--,19,27968,卖盘
1163,13:26:45,14.72,-0.01,7,10304,卖盘
1164,13:26:42,14.73,0.01,2,2946,中性盘
1165,13:26:36,14.72,-0.01,25,36800,卖盘
1166,13:26:24,14.73,-0.01,10,14730,卖盘
1167,13:26:21,14.74,--,5,8107,卖盘
1168,13:26:18,14.74,--,5,7370,卖盘
1169,13:26:09,14.74,--,55,81807,买盘
1170,13:26:03,14.74,0.01,28,41272,买盘
1171,13:26:00,14.73,-0.01,250,368250,卖盘
1172,13:25:57,14.74,0.01,22,32428,买盘
1173,13:25:54,14.73,--,6,8838,卖盘
1174,13:25:48,14.73,-0.01,15,22095,卖盘
1175,13:25:27,14.74,--,20,29480,买盘
1176,13:25:21,14.74,0.01,32,47168,买盘
1177,13:25:18,14.73,-0.01,25,36825,卖盘
1178,13:25:12,14.74,0.02,3,4422,买盘
1179,13:24:57,14.72,--,24,35328,买盘
1180,13:24:48,14.72,--,6,8832,卖盘
1181,13:24:39,14.72,-0.01,69,101568,卖盘
1182,13:24:33,14.73,0.01,36,53028,买盘
1183,13:24:18,14.72,-0.01,4,5888,中性盘
1184,13:24:09,14.73,0.01,133,195909,买盘
1185,13:24:03,14.72,--,36,52992,买盘
1186,13:24:00,14.72,--,13,19136,买盘
1187,13:23:51,14.72,--,42,61824,买盘
1188,13:23:48,14.72,--,26,38272,买盘
1189,13:23:45,14.72,0.01,8,11776,买盘
1190,13:23:42,14.71,--,10,14710,卖盘
1191,13:23:33,14.71,0.01,14,20594,买盘
1192,13:23:30,14.7,-0.01,2,2940,卖盘
1193,13:23:27,14.71,--,2,2942,买盘
1194,13:23:24,14.71,--,10,14710,买盘
1195,13:23:21,14.71,--,5,7355,买盘
1196,13:23:18,14.71,--,3,4413,卖盘
1197,13:23:15,14.71,-0.01,99,145629,卖盘
1198,13:23:12,14.72,0.01,1,1472,买盘
1199,13:23:03,14.71,--,83,122093,卖盘
1200,13:22:57,14.71,--,5,7355,卖盘
1201,13:22:45,14.71,--,8,11768,卖盘
1202,13:22:39,14.71,--,20,29420,卖盘
1203,13:22:27,14.71,--,4,5884,卖盘
1204,13:22:21,14.71,--,8,11768,卖盘
1205,13:22:18,14.71,--,35,51485,买盘
1206,13:22:15,14.71,0.01,16,23536,买盘
1207,13:22:12,14.7,--,104,152880,卖盘
1208,13:22:06,14.7,--,20,29400,卖盘
1209,13:22:03,14.7,-0.01,128,188160,卖盘
1210,13:22:00,14.71,--,22,32362,卖盘
1211,13:21:57,14.71,--,10,14710,买盘
1212,13:21:51,14.71,--,20,29420,买盘
1213,13:21:48,14.71,--,15,22065,买盘
1214,13:21:45,14.71,--,4,5884,买盘
1215,13:21:39,14.71,--,25,36775,买盘
1216,13:21:36,14.71,--,5,7355,买盘
1217,13:21:33,14.71,--,5,7355,买盘
1218,13:21:24,14.71,-0.01,98,144158,卖盘
1219,13:21:18,14.72,0.01,1,1472,买盘
1220,13:21:15,14.71,-0.01,10,14710,卖盘
1221,13:21:09,14.72,--,11,16192,买盘
1222,13:20:51,14.72,-0.01,24,35328,卖盘
1223,13:20:45,14.73,0.01,22,32406,买盘
1224,13:20:42,14.72,-0.01,10,14720,卖盘
1225,13:20:36,14.73,0.01,10,14730,买盘
1226,13:20:30,14.72,--,11,16192,买盘
1227,13:20:24,14.72,-0.01,12,17664,卖盘
1228,13:20:21,14.73,--,3,4419,买盘
1229,13:20:15,14.73,--,5,7365,买盘
1230,13:20:12,14.73,--,2,2946,买盘
1231,13:20:09,14.73,--,5,7365,买盘
1232,13:20:06,14.73,0.02,6,8838,买盘
1233,13:20:03,14.71,--,50,73550,卖盘
1234,13:19:57,14.71,-0.02,655,963505,卖盘
1235,13:19:54,14.73,-0.01,138,203274,卖盘
1236,13:19:51,14.74,--,1,1474,买盘
1237,13:19:48,14.74,--,18,27269,卖盘
1238,13:19:33,14.74,-0.01,4,5896,卖盘
1239,13:19:30,14.75,0.01,17,25075,买盘
1240,13:19:21,14.74,--,115,169510,卖盘
1241,13:19:18,14.74,--,3,4422,卖盘
1242,13:19:15,14.74,--,66,97284,卖盘
1243,13:19:12,14.74,--,80,117920,卖盘
1244,13:19:09,14.74,-0.01,2,2948,卖盘
1245,13:19:06,14.75,0.01,3,4425,买盘
1246,13:19:03,14.74,-0.01,1,1474,卖盘
1247,13:18:57,14.75,0.01,10,14750,买盘
1248,13:18:54,14.74,--,10,14740,卖盘
1249,13:18:48,14.74,--,7,10318,卖盘
1250,13:18:42,14.74,-0.02,4,5896,卖盘
1251,13:18:39,14.76,0.02,3,4428,买盘
1252,13:18:36,14.74,-0.02,80,117920,卖盘
1253,13:18:33,14.76,0.02,10,14760,买盘
1254,13:18:27,14.74,-0.01,2,2948,卖盘
1255,13:18:21,14.75,--,2,2950,买盘
1256,13:18:18,14.75,--,91,134225,卖盘
1257,13:18:15,14.75,--,60,88500,卖盘
1258,13:18:12,14.75,--,4,5900,卖盘
1259,13:18:09,14.75,--,21,30975,卖盘
1260,13:18:06,14.75,--,21,30975,卖盘
1261,13:18:00,14.75,-0.01,21,30975,卖盘
1262,13:17:57,14.76,--,1,1476,买盘
1263,13:17:54,14.76,-0.01,1,1476,卖盘
1264,13:17:45,14.77,0.01,3,4431,买盘
1265,13:17:39,14.76,--,7,10332,买盘
1266,13:17:36,14.76,--,1,1476,买盘
1267,13:17:18,14.76,-0.01,3,4428,中性盘
1268,13:17:12,14.77,0.01,25,38047,买盘
1269,13:17:09,14.76,-0.01,2,2952,卖盘
1270,13:16:54,14.77,0.01,2,2954,买盘
1271,13:16:42,14.76,-0.01,6,8856,卖盘
1272,13:16:36,14.77,--,3,4431,买盘
1273,13:16:21,14.77,0.01,4,5908,买盘
1274,13:16:15,14.76,--,9,13638,买盘
1275,13:16:12,14.76,--,54,79704,买盘
1276,13:16:09,14.76,--,3,4428,买盘
1277,13:16:06,14.76,-0.01,5,7380,中性盘
1278,13:15:54,14.77,0.02,8,11816,买盘
1279,13:15:45,14.75,-0.02,29,42775,卖盘
1280,13:15:42,14.77,--,13,19201,买盘
1281,13:15:30,14.77,0.01,20,29540,买盘
1282,13:15:21,14.76,0.01,9,13284,买盘
1283,13:15:15,14.75,0.01,24,35400,中性盘
1284,13:15:06,14.74,-0.02,13,19162,卖盘
1285,13:14:57,14.76,--,20,29520,卖盘
1286,13:14:42,14.76,0.01,70,103320,买盘
1287,13:14:39,14.75,--,1,1475,买盘
1288,13:14:33,14.75,--,21,30975,卖盘
1289,13:14:30,14.75,-0.01,31,45725,卖盘
1290,13:14:18,14.76,0.01,66,97416,买盘
1291,13:14:06,14.75,--,5,7375,卖盘
1292,13:14:03,14.75,--,1,1475,卖盘
1293,13:13:57,14.75,--,7,10325,卖盘
1294,13:13:54,14.75,0.01,10,14750,中性盘
1295,13:13:39,14.74,-0.01,5,7370,卖盘
1296,13:13:33,14.75,--,7,10944,买盘
1297,13:13:30,14.75,--,13,19175,买盘
1298,13:13:27,14.75,0.01,5,7375,买盘
1299,13:13:24,14.74,-0.01,1,1474,卖盘
1300,13:13:21,14.75,--,24,36255,卖盘
1301,13:13:12,14.75,--,10,14750,卖盘
1302,13:13:09,14.75,--,6,8850,卖盘
1303,13:13:06,14.75,0.01,6,9469,买盘
1304,13:13:03,14.74,--,78,114972,卖盘
1305,13:12:48,14.74,-0.01,2,2948,卖盘
1306,13:12:42,14.75,0.01,3,4425,买盘
1307,13:12:39,14.74,0.01,0,117,买盘
1308,13:12:21,14.73,-0.01,121,178233,卖盘
1309,13:12:18,14.74,--,6,8844,买盘
1310,13:12:15,14.74,--,19,28006,买盘
1311,13:12:12,14.74,-0.01,153,226878,卖盘
1312,13:12:09,14.75,--,27,39825,买盘
1313,13:12:03,14.75,--,7,10325,买盘
1314,13:11:57,14.75,-0.01,178,263405,卖盘
1315,13:11:51,14.76,-0.01,151,222876,卖盘
1316,13:11:42,14.77,--,28,41356,卖盘
1317,13:11:36,14.77,--,201,296877,卖盘
1318,13:11:27,14.77,--,202,298354,买盘
1319,13:11:24,14.77,--,3,4431,买盘
1320,13:11:18,14.77,--,122,180194,买盘
1321,13:11:12,14.77,0.01,3,4431,买盘
1322,13:11:09,14.76,-0.01,100,147600,卖盘
1323,13:11:00,14.77,-0.01,397,586369,卖盘
1324,13:10:57,14.78,--,3,4434,买盘
1325,13:10:54,14.78,--,8,11824,买盘
1326,13:10:51,14.78,--,81,119718,卖盘
1327,13:10:39,14.78,--,100,147800,卖盘
1328,13:10:36,14.78,-0.01,5,7390,卖盘
1329,13:10:33,14.79,0.01,137,202623,买盘
1330,13:10:21,14.78,--,58,85724,买盘
1331,13:10:18,14.78,--,27,39906,卖盘
1332,13:10:15,14.78,--,1,1478,卖盘
1333,13:10:12,14.78,-0.01,1,1478,卖盘
1334,13:10:03,14.79,0.01,2,2958,买盘
1335,13:10:00,14.78,-0.01,25,36950,卖盘
1336,13:09:48,14.79,0.01,25,36975,买盘
1337,13:09:39,14.78,-0.01,1,1478,卖盘
1338,13:09:33,14.79,0.01,4,5916,买盘
1339,13:09:30,14.78,--,18,26604,买盘
1340,13:09:27,14.78,--,20,29560,买盘
1341,13:09:12,14.78,--,1,1478,买盘
1342,13:09:09,14.78,-0.01,61,90158,卖盘
1343,13:09:03,14.79,--,12,17748,卖盘
1344,13:08:57,14.79,--,7,10353,买盘
1345,13:08:51,14.79,--,1,1479,买盘
1346,13:08:48,14.79,0.01,1,1479,买盘
1347,13:08:36,14.78,-0.01,1,1478,卖盘
1348,13:08:30,14.79,0.01,3,4437,买盘
1349,13:08:18,14.78,-0.01,1,1478,卖盘
1350,13:08:12,14.79,0.01,20,29580,买盘
1351,13:08:03,14.78,--,21,31038,卖盘
1352,13:08:00,14.78,-0.02,10,14780,卖盘
1353,13:07:57,14.8,0.01,23,34040,买盘
1354,13:07:54,14.79,--,26,38454,卖盘
1355,13:07:51,14.79,-0.01,20,29580,卖盘
1356,13:07:36,14.8,--,5,7400,买盘
1357,13:07:33,14.8,0.01,3,4440,买盘
1358,13:07:30,14.79,-0.01,2,2958,卖盘
1359,13:07:15,14.8,0.01,50,74000,买盘
1360,13:07:00,14.79,-0.01,8,11832,卖盘
1361,13:06:54,14.8,0.01,6,8880,买盘
1362,13:06:48,14.79,--,10,14790,卖盘
1363,13:06:45,14.79,-0.01,2,2958,卖盘
1364,13:06:42,14.8,0.01,5,7400,买盘
1365,13:06:21,14.79,--,25,36975,买盘
1366,13:06:18,14.79,--,53,78387,买盘
1367,13:06:15,14.79,--,5,7395,买盘
1368,13:06:00,14.79,0.02,1,1479,买盘
1369,13:05:57,14.77,-0.02,10,14770,卖盘
1370,13:05:39,14.79,0.02,2,2958,买盘
1371,13:05:36,14.77,-0.01,80,118160,卖盘
1372,13:05:33,14.78,0.01,3,4434,买盘
1373,13:05:27,14.77,-0.02,55,81235,卖盘
1374,13:05:24,14.79,--,8,11832,买盘
1375,13:05:09,14.79,--,3,4437,买盘
1376,13:05:06,14.79,--,1,1479,买盘
1377,13:05:00,14.79,--,50,73950,买盘
1378,13:04:54,14.79,0.01,8,11832,买盘
1379,13:04:45,14.78,--,6,8868,卖盘
1380,13:04:36,14.78,-0.01,30,44340,卖盘
1381,13:04:27,14.79,0.01,3,4437,买盘
1382,13:04:12,14.78,--,10,14780,买盘
1383,13:04:09,14.78,0.01,10,14780,买盘
1384,13:04:03,14.77,-0.01,16,23632,卖盘
1385,13:03:54,14.78,--,20,29560,买盘
1386,13:03:51,14.78,--,38,56164,卖盘
1387,13:03:42,14.78,--,62,91636,买盘
1388,13:03:39,14.78,--,3,4434,买盘
1389,13:03:27,14.78,--,31,45818,买盘
1390,13:02:54,14.78,--,51,75378,买盘
1391,13:02:51,14.78,--,5,7390,买盘
1392,13:02:48,14.78,--,2,2956,买盘
1393,13:02:45,14.78,0.01,8,11824,买盘
1394,13:02:42,14.77,--,14,20678,卖盘
1395,13:02:39,14.77,-0.01,20,29540,卖盘
1396,13:02:30,14.78,0.01,10,14780,买盘
1397,13:02:27,14.77,--,2,2954,卖盘
1398,13:02:18,14.77,--,110,162470,卖盘
1399,13:02:06,14.77,--,5,7385,卖盘
1400,13:01:48,14.77,-0.01,22,32494,卖盘
1401,13:01:42,14.78,0.01,1,1478,买盘
1402,13:01:39,14.77,--,11,16247,卖盘
1403,13:01:33,14.77,-0.01,10,14770,卖盘
1404,13:01:27,14.78,--,2,2956,买盘
1405,13:01:21,14.78,0.01,4,5912,买盘
1406,13:01:18,14.77,-0.01,30,44310,卖盘
1407,13:01:12,14.78,--,1,1478,买盘
1408,13:01:09,14.78,0.01,20,29560,买盘
1409,13:01:06,14.77,-0.01,21,31017,卖盘
1410,13:01:03,14.78,0.01,5,7390,买盘
1411,13:00:57,14.77,0.01,61,90097,中性盘
1412,13:00:42,14.76,-0.02,18,26568,卖盘
1413,13:00:39,14.78,0.01,6,8868,买盘
1414,13:00:33,14.77,--,100,147700,买盘
1415,13:00:24,14.77,-0.02,21,31017,卖盘
1416,13:00:15,14.79,--,14,20706,买盘
1417,13:00:12,14.79,0.01,33,48807,买盘
1418,13:00:09,14.78,--,9,13302,买盘
1419,13:00:06,14.78,--,40,59120,买盘
1420,13:00:03,14.78,-0.02,246,363588,卖盘
1421,13:00:00,14.8,--,21,31080,买盘
1422,11:30:00,14.8,0.01,21,31080,买盘
1423,11:29:57,14.79,--,5,7395,买盘
1424,11:29:54,14.79,0.01,23,34017,买盘
1425,11:29:51,14.78,-0.01,8,11824,卖盘
1426,11:29:45,14.79,--,8,11832,买盘
1427,11:29:42,14.79,0.01,21,31059,买盘
1428,11:29:36,14.78,--,1,1478,卖盘
1429,11:29:30,14.78,--,22,32516,卖盘
1430,11:29:24,14.78,-0.01,40,59120,卖盘
1431,11:29:18,14.79,0.01,3,4437,买盘
1432,11:29:12,14.78,--,2,2956,卖盘
1433,11:29:06,14.78,-0.01,10,14780,卖盘
1434,11:29:03,14.79,0.01,5,7395,买盘
1435,11:29:00,14.78,--,20,29560,卖盘
1436,11:28:57,14.78,-0.01,1,1478,卖盘
1437,11:28:51,14.79,0.01,2,2958,买盘
1438,11:28:48,14.78,--,5,7390,卖盘
1439,11:28:42,14.78,-0.01,12,17736,卖盘
1440,11:28:36,14.79,0.01,14,20706,买盘
1441,11:28:30,14.78,--,6,8868,卖盘
1442,11:28:27,14.78,0.02,51,75378,买盘
1443,11:28:24,14.76,-0.02,5,7380,卖盘
1444,11:28:18,14.78,--,9,13302,买盘
1445,11:28:12,14.78,0.02,2,2956,买盘
1446,11:28:09,14.76,--,11,16236,卖盘
1447,11:28:03,14.76,--,22,32472,卖盘
1448,11:27:48,14.76,-0.01,4,5904,卖盘
1449,11:27:42,14.77,--,17,25109,卖盘
1450,11:27:39,14.77,-0.01,4,5908,卖盘
1451,11:27:36,14.78,--,2,2956,买盘
1452,11:27:24,14.78,--,6,8868,买盘
1453,11:27:12,14.78,0.01,4,5912,买盘
1454,11:27:09,14.77,-0.01,42,62034,卖盘
1455,11:26:45,14.78,--,8,11824,卖盘
1456,11:26:42,14.78,--,16,23648,卖盘
1457,11:26:24,14.78,--,7,10346,卖盘
1458,11:26:21,14.78,--,37,54686,买盘
1459,11:26:18,14.78,--,20,29560,买盘
1460,11:26:12,14.78,-0.02,5,7390,买盘
1461,11:26:03,14.8,0.01,1,1480,买盘
1462,11:25:51,14.79,--,1,1479,卖盘
1463,11:25:45,14.79,--,22,32537,卖盘
1464,11:25:39,14.79,0.02,99,146421,买盘
1465,11:25:30,14.77,-0.02,57,84189,卖盘
1466,11:25:24,14.79,0.01,3,4437,买盘
1467,11:25:21,14.78,--,7,10346,卖盘
1468,11:25:09,14.78,-0.02,40,59120,卖盘
1469,11:25:00,14.8,0.02,5,7400,买盘
1470,11:24:54,14.78,--,22,32516,卖盘
1471,11:24:39,14.78,--,1,1478,卖盘
1472,11:24:30,14.78,--,23,33994,卖盘
1473,11:24:27,14.78,--,41,60598,卖盘
1474,11:24:06,14.78,--,13,19214,卖盘
1475,11:24:03,14.78,--,4,5912,买盘
1476,11:23:57,14.78,--,10,14780,买盘
1477,11:23:54,14.78,--,13,19214,买盘
1478,11:23:51,14.78,--,10,14780,买盘
1479,11:23:48,14.78,--,10,14780,卖盘
1480,11:23:45,14.78,--,295,436010,买盘
1481,11:23:42,14.78,--,5,7390,买盘
1482,11:23:36,14.78,--,4,5912,买盘
1483,11:23:21,14.78,0.01,5,7390,买盘
1484,11:23:12,14.77,0.01,14,20678,买盘
1485,11:23:03,14.76,--,59,87084,卖盘
1486,11:23:00,14.76,-0.01,10,14760,卖盘
1487,11:22:57,14.77,--,2,2954,买盘
1488,11:22:54,14.77,0.02,10,14770,中性盘
1489,11:22:18,14.75,-0.03,40,59000,卖盘
1490,11:22:03,14.78,--,21,31038,买盘
1491,11:22:00,14.78,0.03,21,31038,买盘
1492,11:21:57,14.75,--,30,44250,卖盘
1493,11:21:48,14.75,-0.03,4,5900,卖盘
1494,11:21:45,14.78,--,1,1478,买盘
1495,11:21:42,14.78,0.03,4,5912,买盘
1496,11:21:39,14.75,-0.03,50,73750,卖盘
1497,11:21:33,14.78,0.03,6,8868,买盘
1498,11:21:30,14.75,-0.03,100,147500,卖盘
1499,11:21:24,14.78,--,3,4434,买盘
1500,11:21:18,14.78,0.03,3,4434,买盘
1501,11:21:15,14.75,-0.03,23,33925,卖盘
1502,11:21:09,14.78,--,27,39906,买盘
1503,11:21:00,14.78,--,3,4434,买盘
1504,11:20:48,14.78,0.01,21,31038,买盘
1505,11:20:45,14.77,0.01,21,31017,买盘
1506,11:20:27,14.76,--,41,60516,买盘
1507,11:20:15,14.76,0.01,3,4428,买盘
1508,11:20:09,14.75,-0.01,3,4425,卖盘
1509,11:19:57,14.76,--,5,7380,买盘
1510,11:19:48,14.76,0.01,2,2952,买盘
1511,11:19:27,14.75,-0.01,7,10325,卖盘
1512,11:19:24,14.76,--,8,11808,买盘
1513,11:19:21,14.76,--,3,4428,买盘
1514,11:19:15,14.76,--,2,2952,买盘
1515,11:19:09,14.76,0.01,5,7380,买盘
1516,11:19:03,14.75,-0.01,25,36875,卖盘
1517,11:18:57,14.76,--,3,4428,买盘
1518,11:18:51,14.76,--,33,48708,买盘
1519,11:18:39,14.76,0.01,5,7380,买盘
1520,11:18:36,14.75,--,7,10325,卖盘
1521,11:18:27,14.75,--,2,2950,卖盘
1522,11:18:24,14.75,-0.01,36,53100,卖盘
1523,11:17:45,14.76,--,74,109224,卖盘
1524,11:17:24,14.76,-0.01,3,4428,卖盘
1525,11:17:09,14.77,--,14,20678,买盘
1526,11:17:00,14.77,--,6,8862,买盘
1527,11:16:39,14.77,--,3,4431,买盘
1528,11:16:33,14.77,0.01,6,8862,买盘
1529,11:16:27,14.76,--,1,1476,买盘
1530,11:16:24,14.76,--,6,8856,中性盘
1531,11:16:18,14.76,0.01,3,4428,中性盘
1532,11:16:09,14.75,--,20,29500,卖盘
1533,11:16:06,14.75,-0.01,37,54575,卖盘
1534,11:16:00,14.76,--,16,24235,买盘
1535,11:15:54,14.76,--,18,26568,买盘
1536,11:15:48,14.76,0.01,2,2952,买盘
1537,11:15:39,14.75,-0.01,69,101775,卖盘
1538,11:15:33,14.76,0.01,2,2952,中性盘
1539,11:15:18,14.75,-0.03,30,44250,卖盘
1540,11:15:12,14.78,--,1,1478,买盘
1541,11:15:09,14.78,0.02,20,29560,买盘
1542,11:14:57,14.76,-0.01,5,7380,卖盘
1543,11:14:51,14.77,-0.01,3,4431,中性盘
1544,11:14:48,14.78,0.01,21,31038,买盘
1545,11:14:45,14.77,0.01,2,2954,买盘
1546,11:14:33,14.76,--,17,25092,中性盘
1547,11:14:27,14.76,-0.01,2,2952,中性盘
1548,11:14:21,14.77,0.02,12,17724,买盘
1549,11:14:18,14.75,--,123,181425,卖盘
1550,11:14:15,14.75,-0.02,89,131275,卖盘
1551,11:14:09,14.77,0.02,69,101913,买盘
1552,11:14:00,14.75,--,12,17700,卖盘
1553,11:13:51,14.75,--,7,10325,卖盘
1554,11:13:42,14.75,--,15,22125,卖盘
1555,11:13:24,14.75,-0.02,200,295000,卖盘
1556,11:13:15,14.77,--,2,2954,买盘
1557,11:13:09,14.77,0.01,19,28063,买盘
1558,11:13:03,14.76,--,13,19188,卖盘
1559,11:13:00,14.76,-0.02,41,60516,卖盘
1560,11:12:54,14.78,--,9,13302,买盘
1561,11:12:48,14.78,--,5,7390,买盘
1562,11:12:45,14.78,0.01,235,348187,买盘
1563,11:12:39,14.77,--,23,35388,卖盘
1564,11:12:30,14.77,-0.01,31,45787,卖盘
1565,11:12:27,14.78,--,2,2956,买盘
1566,11:12:18,14.78,--,46,67988,卖盘
1567,11:12:15,14.78,--,54,79812,卖盘
1568,11:12:09,14.78,--,75,110850,卖盘
1569,11:12:06,14.78,--,22,32516,卖盘
1570,11:12:03,14.78,--,6,8868,卖盘
1571,11:12:00,14.78,--,67,99026,卖盘
1572,11:11:54,14.78,--,28,41384,卖盘
1573,11:11:45,14.78,--,1,1478,卖盘
1574,11:11:39,14.78,--,3,4434,卖盘
1575,11:11:36,14.78,--,463,684314,卖盘
1576,11:11:30,14.78,--,5,7390,卖盘
1577,11:11:27,14.78,--,5,7390,卖盘
1578,11:11:21,14.78,--,20,29560,卖盘
1579,11:11:09,14.78,-0.01,18,26604,卖盘
1580,11:11:03,14.79,0.01,6,8874,买盘
1581,11:10:57,14.78,-0.01,20,29560,卖盘
1582,11:10:48,14.79,--,28,41412,卖盘
1583,11:10:45,14.79,--,10,14790,卖盘
1584,11:10:42,14.79,--,50,73950,卖盘
1585,11:10:39,14.79,--,7,10353,卖盘
1586,11:10:36,14.79,--,7,10353,卖盘
1587,11:10:33,14.79,--,100,147900,卖盘
1588,11:10:30,14.79,-0.01,58,85782,卖盘
1589,11:10:27,14.8,0.01,5,7400,买盘
1590,11:10:24,14.79,--,2,2958,卖盘
1591,11:10:21,14.79,--,75,110925,卖盘
1592,11:10:15,14.79,-0.01,38,56202,卖盘
1593,11:10:09,14.8,0.01,3,4440,买盘
1594,11:10:03,14.79,--,23,34017,卖盘
1595,11:10:00,14.79,--,20,29580,卖盘
1596,11:09:57,14.79,--,24,35496,卖盘
1597,11:09:54,14.79,-0.01,135,199665,卖盘
1598,11:09:51,14.8,0.01,2,2960,买盘
1599,11:09:45,14.79,--,2,2958,卖盘
1600,11:09:42,14.79,--,10,14790,卖盘
1601,11:09:36,14.79,--,10,14790,卖盘
1602,11:09:24,14.79,--,10,14790,卖盘
1603,11:09:18,14.79,--,15,22185,卖盘
1604,11:09:15,14.79,--,1,1479,卖盘
1605,11:09:09,14.79,--,13,19227,卖盘
1606,11:09:03,14.79,-0.01,24,35496,卖盘
1607,11:08:48,14.8,--,8,11840,买盘
1608,11:08:36,14.8,0.01,66,97680,买盘
1609,11:08:30,14.79,--,42,62118,卖盘
1610,11:08:27,14.79,-0.01,11,16268,卖盘
1611,11:08:15,14.8,--,20,29600,买盘
1612,11:08:12,14.8,--,5,7400,买盘
1613,11:08:09,14.8,--,35,51800,卖盘
1614,11:07:54,14.8,--,260,384800,卖盘
1615,11:07:51,14.8,-0.01,21,31080,卖盘
1616,11:07:42,14.81,0.01,5,7405,买盘
1617,11:07:30,14.8,-0.01,5,7400,卖盘
1618,11:07:21,14.81,0.01,5,7405,买盘
1619,11:07:12,14.8,--,5,7400,卖盘
1620,11:07:09,14.8,-0.01,13,19240,卖盘
1621,11:07:03,14.81,0.01,5,7405,买盘
1622,11:06:48,14.8,--,10,14800,卖盘
1623,11:06:36,14.8,--,17,25160,卖盘
1624,11:06:21,14.8,--,10,14800,卖盘
1625,11:06:18,14.8,--,31,45880,卖盘
1626,11:06:15,14.8,--,9,13320,卖盘
1627,11:06:09,14.8,0.01,79,116920,买盘
1628,11:06:06,14.79,-0.01,79,116841,卖盘
1629,11:05:33,14.8,--,43,63640,卖盘
1630,11:05:12,14.8,--,60,88800,卖盘
1631,11:05:06,14.8,--,7,10360,买盘
1632,11:04:51,14.8,0.01,6,8880,买盘
1633,11:04:33,14.79,--,17,25143,卖盘
1634,11:04:30,14.79,-0.01,200,295800,卖盘
1635,11:04:27,14.8,0.01,18,26640,买盘
1636,11:04:12,14.79,--,10,14790,卖盘
1637,11:03:57,14.79,-0.01,2,2958,卖盘
1638,11:03:54,14.8,0.01,12,17760,买盘
1639,11:03:48,14.79,--,17,25143,卖盘
1640,11:03:42,14.79,--,36,53244,卖盘
1641,11:03:36,14.79,--,3,4437,卖盘
1642,11:03:30,14.79,-0.01,3,4437,卖盘
1643,11:03:27,14.8,--,3,4440,买盘
1644,11:03:09,14.8,--,11,16280,买盘
1645,11:03:03,14.8,--,3,4440,中性盘
1646,11:02:54,14.8,--,10,14800,卖盘
1647,11:02:51,14.8,--,2,2960,卖盘
1648,11:02:39,14.8,-0.01,15,22200,卖盘
1649,11:02:18,14.81,-0.01,32,47392,中性盘
1650,11:01:57,14.82,--,16,23712,买盘
1651,11:01:18,14.82,0.02,11,16302,买盘
1652,11:01:12,14.8,--,2,2960,买盘
1653,11:01:09,14.8,0.01,5,7400,中性盘
1654,11:00:39,14.79,-0.03,3,4437,卖盘
1655,11:00:33,14.82,--,24,35568,买盘
1656,11:00:30,14.82,--,27,40014,买盘
1657,11:00:27,14.82,0.03,57,84474,买盘
1658,11:00:21,14.79,-0.01,402,594558,卖盘
1659,11:00:18,14.8,--,10,14800,买盘
1660,11:00:15,14.8,--,1,1480,买盘
1661,11:00:12,14.8,--,42,62160,买盘
1662,11:00:06,14.8,--,6,8880,买盘
1663,11:00:03,14.8,--,14,20720,买盘
1664,11:00:00,14.8,0.01,1,1480,买盘
1665,10:59:48,14.79,-0.01,1,1479,卖盘
1666,10:59:36,14.8,0.01,20,29600,买盘
1667,10:59:30,14.79,--,10,14790,卖盘
1668,10:59:21,14.79,--,9,13311,卖盘
1669,10:59:18,14.79,-0.01,10,14790,卖盘
1670,10:59:09,14.8,--,12,17760,买盘
1671,10:59:00,14.8,0.01,1,1480,买盘
1672,10:58:57,14.79,--,21,31059,卖盘
1673,10:58:54,14.79,-0.01,21,31059,卖盘
1674,10:58:48,14.8,--,2,2960,买盘
1675,10:58:21,14.8,--,6,8880,买盘
1676,10:58:18,14.8,0.01,7,10360,买盘
1677,10:58:12,14.79,-0.01,19,28101,卖盘
1678,10:58:06,14.8,0.01,1,1480,买盘
1679,10:58:03,14.79,-0.01,100,147900,卖盘
1680,10:57:42,14.8,--,40,59200,卖盘
1681,10:57:39,14.8,--,60,88800,买盘
1682,10:57:27,14.8,--,100,148000,买盘
1683,10:57:24,14.8,--,6,8880,买盘
1684,10:57:15,14.8,0.01,100,148000,买盘
1685,10:57:12,14.79,-0.01,10,14790,卖盘
1686,10:57:03,14.8,0.01,8,11840,买盘
1687,10:57:00,14.79,--,11,16268,卖盘
1688,10:56:51,14.79,-0.01,65,96135,卖盘
1689,10:56:48,14.8,--,13,19240,买盘
1690,10:56:45,14.8,0.01,155,229400,买盘
1691,10:56:42,14.79,--,6,8874,买盘
1692,10:56:39,14.79,--,12,17748,买盘
1693,10:56:36,14.79,0.01,10,14790,买盘
1694,10:56:33,14.78,--,20,29560,卖盘
1695,10:56:30,14.78,--,5,7390,卖盘
1696,10:56:27,14.78,-0.01,9,13302,卖盘
1697,10:56:24,14.79,--,4,5916,买盘
1698,10:56:21,14.79,--,18,26622,买盘
1699,10:56:15,14.79,0.01,2,2958,买盘
1700,10:56:03,14.78,-0.01,2,2956,卖盘
1701,10:55:48,14.79,0.01,2,2958,中性盘
1702,10:55:36,14.78,-0.02,10,14780,卖盘
1703,10:55:27,14.8,0.02,10,14800,买盘
1704,10:55:24,14.78,-0.02,18,26604,卖盘
1705,10:55:18,14.8,--,120,177600,卖盘
1706,10:55:15,14.8,-0.01,15,22200,卖盘
1707,10:55:09,14.81,0.01,10,14810,买盘
1708,10:55:06,14.8,--,64,94720,卖盘
1709,10:55:03,14.8,-0.01,10,14800,卖盘
1710,10:54:42,14.81,0.01,5,7405,买盘
1711,10:54:39,14.8,--,7,10360,卖盘
1712,10:54:36,14.8,--,21,31080,卖盘
1713,10:54:30,14.8,--,20,29600,卖盘
1714,10:54:21,14.8,-0.01,1,1480,卖盘
1715,10:54:12,14.81,--,92,136252,卖盘
1716,10:54:09,14.81,--,63,93303,卖盘
1717,10:54:03,14.81,-0.01,10,14810,卖盘
1718,10:53:51,14.82,--,7,10374,买盘
1719,10:53:48,14.82,--,14,20748,买盘
1720,10:53:42,14.82,--,14,20748,买盘
1721,10:53:36,14.82,--,6,8892,买盘
1722,10:53:30,14.82,0.01,30,44460,买盘
1723,10:53:27,14.81,-0.01,10,14810,卖盘
1724,10:53:15,14.82,--,20,29936,卖盘
1725,10:53:03,14.82,--,1,1482,卖盘
1726,10:53:00,14.82,--,9,13338,卖盘
1727,10:52:57,14.82,--,41,60762,卖盘
1728,10:52:54,14.82,--,28,41496,卖盘
1729,10:52:45,14.82,--,36,54537,买盘
1730,10:52:39,14.82,--,2,2964,买盘
1731,10:52:18,14.82,--,43,63726,买盘
1732,10:52:15,14.82,--,12,17784,买盘
1733,10:52:12,14.82,--,48,71136,买盘
1734,10:52:03,14.82,0.01,2,2964,买盘
1735,10:51:57,14.81,--,20,29620,卖盘
1736,10:51:39,14.81,-0.01,1,1481,卖盘
1737,10:51:33,14.82,--,12,17784,买盘
1738,10:51:15,14.82,0.01,6,8892,买盘
1739,10:51:09,14.81,--,4,5924,卖盘
1740,10:51:06,14.81,--,36,53316,买盘
1741,10:51:03,14.81,0.01,5,7405,买盘
1742,10:50:54,14.8,--,2,2960,卖盘
1743,10:50:48,14.8,--,5,7400,卖盘
1744,10:50:39,14.8,--,6,8880,买盘
1745,10:50:21,14.8,0.02,2,2960,中性盘
1746,10:50:18,14.78,-0.01,4,5912,卖盘
1747,10:50:15,14.79,-0.02,6,8874,卖盘
1748,10:50:09,14.81,0.02,8,11848,买盘
1749,10:50:03,14.79,0.01,1,1479,买盘
1750,10:50:00,14.78,-0.01,30,44340,卖盘
1751,10:49:54,14.79,--,2,2958,卖盘
1752,10:49:51,14.79,-0.02,17,25143,买盘
1753,10:49:48,14.81,0.03,7,10367,买盘
1754,10:49:45,14.78,-0.01,100,147800,卖盘
1755,10:49:42,14.79,0.01,5,7395,买盘
1756,10:49:39,14.78,-0.01,10,14780,卖盘
1757,10:49:33,14.79,-0.02,326,482154,卖盘
1758,10:49:15,14.81,0.02,4,5924,买盘
1759,10:49:09,14.79,-0.01,333,492507,卖盘
1760,10:49:00,14.8,--,108,159840,买盘
1761,10:48:48,14.8,--,10,14800,买盘
1762,10:48:36,14.8,--,9,13320,卖盘
1763,10:48:33,14.8,--,26,38480,卖盘
1764,10:48:30,14.8,--,26,38480,卖盘
1765,10:48:15,14.8,--,21,31080,卖盘
1766,10:48:09,14.8,-0.01,4,5920,卖盘
1767,10:48:06,14.81,0.01,7,10367,买盘
1768,10:48:03,14.8,--,17,25160,卖盘
1769,10:48:00,14.8,-0.01,40,59200,卖盘
1770,10:47:57,14.81,0.01,5,7405,买盘
1771,10:47:45,14.8,-0.01,31,45880,卖盘
1772,10:47:30,14.81,--,4,5924,买盘
1773,10:47:21,14.81,--,2,2962,买盘
1774,10:47:18,14.81,0.01,36,53316,买盘
1775,10:47:09,14.8,--,2,2960,卖盘
1776,10:46:57,14.8,--,54,79920,卖盘
1777,10:46:54,14.8,--,2,2960,卖盘
1778,10:46:51,14.8,--,50,74000,卖盘
1779,10:46:48,14.8,-0.01,20,29600,卖盘
1780,10:46:33,14.81,--,38,56278,卖盘
1781,10:46:24,14.81,-0.01,49,72569,卖盘
1782,10:46:18,14.82,--,3,4446,买盘
1783,10:46:12,14.82,0.01,135,200070,买盘
1784,10:46:03,14.81,-0.01,42,62202,卖盘
1785,10:45:48,14.82,-0.01,181,269279,卖盘
1786,10:45:42,14.83,--,30,44490,卖盘
1787,10:45:39,14.83,--,57,84531,买盘
1788,10:45:33,14.83,0.01,3,4449,买盘
1789,10:45:27,14.82,-0.02,6,8892,卖盘
1790,10:45:21,14.84,0.02,22,32648,买盘
1791,10:45:18,14.82,-0.01,17,25194,卖盘
1792,10:45:15,14.83,--,5,7415,买盘
1793,10:45:12,14.83,-0.01,7,10381,卖盘
1794,10:45:09,14.84,0.01,26,38584,买盘
1795,10:45:06,14.83,-0.01,10,14830,卖盘
1796,10:44:54,14.84,0.01,2,2968,买盘
1797,10:44:51,14.83,-0.01,18,26694,卖盘
1798,10:44:48,14.84,0.01,20,29680,买盘
1799,10:44:45,14.83,--,5,7415,卖盘
1800,10:44:30,14.83,-0.01,50,74150,卖盘
1801,10:44:18,14.84,0.02,8,11872,买盘
1802,10:44:09,14.82,-0.02,21,31122,卖盘
1803,10:44:00,14.84,--,6,8904,买盘
1804,10:43:54,14.84,--,7,10388,买盘
1805,10:43:45,14.84,--,44,65296,买盘
1806,10:43:39,14.84,-0.01,6,8904,中性盘
1807,10:43:33,14.85,0.02,300,445500,买盘
1808,10:43:30,14.83,--,6,8898,买盘
1809,10:43:27,14.83,--,27,40041,卖盘
1810,10:43:21,14.83,--,28,41524,买盘
1811,10:43:18,14.83,--,10,14830,中性盘
1812,10:43:12,14.83,--,6,8898,买盘
1813,10:43:06,14.83,--,31,45973,买盘
1814,10:43:03,14.83,--,11,16313,买盘
1815,10:43:00,14.83,0.01,9,13347,买盘
1816,10:42:57,14.82,-0.01,6,8892,卖盘
1817,10:42:54,14.83,--,27,40041,买盘
1818,10:42:51,14.83,--,5,7415,买盘
1819,10:42:48,14.83,0.01,73,108259,买盘
1820,10:42:45,14.82,--,10,14820,卖盘
1821,10:42:36,14.82,-0.02,20,29640,卖盘
1822,10:42:30,14.84,0.02,3,4452,买盘
1823,10:42:27,14.82,-0.02,21,31122,卖盘
1824,10:42:18,14.84,0.01,1,1484,买盘
1825,10:42:15,14.83,0.01,2,2966,中性盘
1826,10:42:12,14.82,--,21,31122,卖盘
1827,10:42:09,14.82,--,21,31122,卖盘
1828,10:42:03,14.82,--,78,115596,卖盘
1829,10:41:54,14.82,-0.02,48,71136,卖盘
1830,10:41:39,14.84,--,4,5936,中性盘
1831,10:41:24,14.84,--,21,31164,卖盘
1832,10:41:21,14.84,0.01,56,83104,买盘
1833,10:41:18,14.83,0.01,18,26694,买盘
1834,10:41:12,14.82,-0.02,2,2964,卖盘
1835,10:40:51,14.84,0.01,221,327964,买盘
1836,10:40:48,14.83,-0.01,24,35592,卖盘
1837,10:40:45,14.84,0.01,26,38584,买盘
1838,10:40:42,14.83,-0.01,3,4449,卖盘
1839,10:40:39,14.84,0.01,10,14840,买盘
1840,10:40:27,14.83,-0.01,29,43007,卖盘
1841,10:40:21,14.84,--,39,57876,买盘
1842,10:40:18,14.84,--,1,1484,买盘
1843,10:40:12,14.84,--,21,31164,买盘
1844,10:40:09,14.84,--,26,38584,买盘
1845,10:40:06,14.84,--,10,14840,买盘
1846,10:40:03,14.84,--,19,28196,买盘
1847,10:39:54,14.84,0.01,10,14840,买盘
1848,10:39:45,14.83,--,15,22245,买盘
1849,10:39:42,14.83,-0.01,15,22245,卖盘
1850,10:39:36,14.84,0.01,3,4452,买盘
1851,10:39:27,14.83,--,61,90463,买盘
1852,10:39:24,14.83,--,3,4449,买盘
1853,10:39:21,14.83,--,5,7415,买盘
1854,10:39:15,14.83,--,2,2966,买盘
1855,10:39:09,14.83,-0.01,5,7415,中性盘
1856,10:39:03,14.84,0.01,46,68264,买盘
1857,10:39:00,14.83,-0.01,30,44490,中性盘
1858,10:38:57,14.84,--,301,446684,买盘
1859,10:38:54,14.84,0.01,99,146916,买盘
1860,10:38:51,14.83,-0.01,10,14830,卖盘
1861,10:38:48,14.84,--,1,1484,买盘
1862,10:38:45,14.84,0.01,18,26712,买盘
1863,10:38:33,14.83,-0.01,23,34109,卖盘
1864,10:38:21,14.84,0.01,40,59360,买盘
1865,10:38:18,14.83,-0.01,2,2966,卖盘
1866,10:38:09,14.84,0.01,33,48972,买盘
1867,10:38:00,14.83,--,31,45973,买盘
1868,10:37:57,14.83,--,10,14830,买盘
1869,10:37:54,14.83,0.01,1,1483,买盘
1870,10:37:48,14.82,-0.01,14,20748,卖盘
1871,10:37:42,14.83,--,42,62286,买盘
1872,10:37:39,14.83,--,52,77116,买盘
1873,10:37:33,14.83,--,3,4449,买盘
1874,10:37:30,14.83,0.01,6,8898,买盘
1875,10:37:27,14.82,--,7,10374,卖盘
1876,10:37:18,14.82,--,21,31122,卖盘
1877,10:37:15,14.82,--,10,14820,卖盘
1878,10:37:12,14.82,--,4,5928,卖盘
1879,10:37:09,14.82,0.01,161,239046,买盘
1880,10:37:06,14.81,--,55,81455,卖盘
1881,10:37:00,14.81,-0.01,19,28139,卖盘
1882,10:36:57,14.82,0.01,25,37050,买盘
1883,10:36:54,14.81,--,4,5924,卖盘
1884,10:36:51,14.81,-0.01,4,5924,卖盘
1885,10:36:48,14.82,--,100,148200,买盘
1886,10:36:45,14.82,0.01,25,37050,买盘
1887,10:36:42,14.81,-0.01,21,31101,中性盘
1888,10:36:36,14.82,0.01,321,475722,买盘
1889,10:36:33,14.81,0.02,6,8886,买盘
1890,10:36:30,14.79,-0.02,240,354960,卖盘
1891,10:36:15,14.81,0.02,20,29620,买盘
1892,10:36:09,14.79,--,9,13311,买盘
1893,10:36:06,14.79,--,5,7395,买盘
1894,10:36:03,14.79,--,5,7395,买盘
1895,10:36:00,14.79,--,6,8874,买盘
1896,10:35:57,14.79,-0.02,2,2958,中性盘
1897,10:35:48,14.81,0.02,38,56278,买盘
1898,10:35:45,14.79,--,9,13311,买盘
1899,10:35:42,14.79,--,26,38454,卖盘
1900,10:35:39,14.79,--,100,147900,卖盘
1901,10:35:36,14.79,--,5,7395,卖盘
1902,10:35:30,14.79,0.01,6,8874,卖盘
1903,10:35:24,14.78,--,8,11824,卖盘
1904,10:35:18,14.78,--,26,38428,卖盘
1905,10:35:09,14.78,--,3,4434,卖盘
1906,10:35:00,14.78,-0.03,66,97548,卖盘
1907,10:34:51,14.81,0.03,19,28139,买盘
1908,10:34:48,14.78,--,78,115284,买盘
1909,10:34:45,14.78,--,20,29560,买盘
1910,10:34:42,14.78,--,12,17736,买盘
1911,10:34:33,14.78,-0.03,50,73900,卖盘
1912,10:34:27,14.81,--,21,31101,买盘
1913,10:34:21,14.81,0.03,42,62202,买盘
1914,10:34:18,14.78,-0.03,35,51730,卖盘
1915,10:34:15,14.81,0.01,93,137733,买盘
1916,10:34:09,14.8,--,3,4440,买盘
1917,10:34:06,14.8,0.01,21,31080,买盘
1918,10:34:03,14.79,0.01,65,96135,买盘
1919,10:34:00,14.78,--,70,103460,买盘
1920,10:33:57,14.78,--,5,7390,买盘
1921,10:33:54,14.78,0.01,21,31038,买盘
1922,10:33:45,14.77,--,106,157241,卖盘
1923,10:33:42,14.77,--,22,32494,买盘
1924,10:33:33,14.77,--,15,22155,买盘
1925,10:33:30,14.77,--,4,5908,买盘
1926,10:33:27,14.77,--,3,4431,买盘
1927,10:33:21,14.77,--,50,73850,买盘
1928,10:33:18,14.77,--,15,22155,买盘
1929,10:33:15,14.77,--,52,76804,买盘
1930,10:33:12,14.77,0.01,15,22155,买盘
1931,10:33:00,14.76,--,1,1476,卖盘
1932,10:32:51,14.76,-0.01,38,56088,卖盘
1933,10:32:39,14.77,0.01,9,13293,买盘
1934,10:32:33,14.76,-0.01,44,64944,卖盘
1935,10:32:30,14.77,--,2,2954,买盘
1936,10:32:18,14.77,0.01,1,1477,买盘
1937,10:32:09,14.76,-0.01,18,26568,卖盘
1938,10:32:06,14.77,--,23,33971,买盘
1939,10:32:03,14.77,0.01,5,7385,买盘
1940,10:31:48,14.76,-0.01,4,5904,卖盘
1941,10:31:39,14.77,--,29,42833,卖盘
1942,10:31:30,14.77,-0.01,20,29540,卖盘
1943,10:31:27,14.78,0.01,20,29560,买盘
1944,10:31:21,14.77,--,29,42833,买盘
1945,10:31:15,14.77,-0.01,121,178717,卖盘
1946,10:31:09,14.78,--,12,17736,买盘
1947,10:31:06,14.78,--,8,11824,买盘
1948,10:31:03,14.78,--,6,8868,买盘
1949,10:30:51,14.78,--,58,85724,卖盘
1950,10:30:42,14.78,--,37,54686,卖盘
1951,10:30:36,14.78,--,8,11824,卖盘
1952,10:30:27,14.78,--,14,20692,卖盘
1953,10:30:21,14.78,--,3,4434,卖盘
1954,10:30:06,14.78,--,2,2956,卖盘
1955,10:29:54,14.78,-0.01,55,81290,卖盘
1956,10:29:51,14.79,--,30,44370,买盘
1957,10:29:48,14.79,0.01,1,1479,买盘
1958,10:29:45,14.78,-0.01,14,20692,卖盘
1959,10:29:36,14.79,--,1,1479,买盘
1960,10:29:30,14.79,--,7,10353,卖盘
1961,10:29:27,14.79,-0.01,6,8874,卖盘
1962,10:29:24,14.8,0.01,50,74000,买盘
1963,10:28:51,14.79,--,93,137547,买盘
1964,10:28:45,14.79,0.01,45,66555,买盘
1965,10:28:42,14.78,--,31,45818,卖盘
1966,10:28:39,14.78,-0.01,21,31038,卖盘
1967,10:28:33,14.79,0.01,5,7395,买盘
1968,10:28:30,14.78,-0.01,62,91636,卖盘
1969,10:28:27,14.79,--,50,73950,买盘
1970,10:28:18,14.79,--,4,5916,买盘
1971,10:28:06,14.79,--,1,1479,买盘
1972,10:28:00,14.79,-0.01,20,29580,卖盘
1973,10:27:57,14.8,--,10,14800,买盘
1974,10:27:54,14.8,--,31,45880,买盘
1975,10:27:48,14.8,0.01,5,7400,买盘
1976,10:27:45,14.79,-0.01,23,34017,卖盘
1977,10:27:36,14.8,0.01,35,51800,买盘
1978,10:27:30,14.79,--,24,35496,卖盘
1979,10:27:24,14.79,-0.01,10,14790,卖盘
1980,10:27:21,14.8,--,2,2960,买盘
1981,10:27:12,14.8,0.01,7,10360,买盘
1982,10:27:06,14.79,-0.01,14,20706,卖盘
1983,10:26:57,14.8,0.01,7,10360,买盘
1984,10:26:54,14.79,--,2,2958,卖盘
1985,10:26:51,14.79,--,21,31059,卖盘
1986,10:26:36,14.79,--,1,1479,卖盘
1987,10:26:21,14.79,-0.01,21,31059,卖盘
1988,10:26:06,14.8,--,100,148000,买盘
1989,10:26:00,14.8,--,1,1480,买盘
1990,10:25:51,14.8,0.01,9,13320,买盘
1991,10:25:48,14.79,--,15,22185,卖盘
1992,10:25:42,14.79,--,41,60639,卖盘
1993,10:25:33,14.79,--,11,16268,卖盘
1994,10:25:30,14.79,--,50,73950,中性盘
1995,10:25:27,14.79,--,30,44370,卖盘
1996,10:25:18,14.79,--,27,39933,卖盘
1997,10:25:03,14.79,--,5,7395,卖盘
1998,10:25:00,14.79,-0.01,1,1479,卖盘
1999,10:24:57,14.8,0.01,2,2960,买盘
2000,10:24:45,14.79,--,20,29580,卖盘
2001,10:24:39,14.79,--,9,13311,卖盘
2002,10:24:18,14.79,--,15,22185,卖盘
2003,10:24:06,14.79,--,3,4437,卖盘
2004,10:23:57,14.79,-0.01,10,14790,卖盘
2005,10:23:54,14.8,0.01,2,2960,买盘
2006,10:23:48,14.79,--,22,32537,卖盘
2007,10:23:45,14.79,-0.01,4,5916,卖盘
2008,10:23:42,14.8,0.01,5,7400,买盘
2009,10:23:33,14.79,-0.01,13,19227,卖盘
2010,10:23:27,14.8,--,2,2960,买盘
2011,10:23:24,14.8,--,33,48840,买盘
2012,10:23:18,14.8,0.01,2,2960,买盘
2013,10:23:15,14.79,-0.01,10,14790,卖盘
2014,10:23:09,14.8,0.01,2,2960,买盘
2015,10:23:06,14.79,-0.01,36,53244,卖盘
2016,10:23:00,14.8,--,10,14800,买盘
2017,10:22:57,14.8,--,20,29600,买盘
2018,10:22:51,14.8,-0.01,59,87320,卖盘
2019,10:22:45,14.81,--,25,37025,卖盘
2020,10:22:36,14.81,--,9,13329,卖盘
2021,10:22:33,14.81,--,1,1481,卖盘
2022,10:22:30,14.81,--,2,2962,卖盘
2023,10:22:27,14.81,--,16,23696,卖盘
2024,10:22:24,14.81,--,4,5924,卖盘
2025,10:22:21,14.81,--,11,16291,卖盘
2026,10:22:18,14.81,--,23,34063,卖盘
2027,10:22:09,14.81,-0.01,101,149581,卖盘
2028,10:22:03,14.82,--,1,1482,买盘
2029,10:22:00,14.82,--,1,1482,买盘
2030,10:21:57,14.82,0.01,25,37050,买盘
2031,10:21:54,14.81,-0.01,30,44430,卖盘
2032,10:21:42,14.82,0.01,1,1482,买盘
2033,10:21:39,14.81,--,41,60721,卖盘
2034,10:21:36,14.81,--,61,90341,卖盘
2035,10:21:33,14.81,--,2,2962,卖盘
2036,10:21:30,14.81,--,24,35544,卖盘
2037,10:21:27,14.81,--,13,19253,卖盘
2038,10:21:18,14.81,--,15,22215,卖盘
2039,10:21:15,14.81,0.01,36,53316,中性盘
2040,10:21:06,14.8,-0.01,155,229400,卖盘
2041,10:21:03,14.81,--,21,31101,卖盘
2042,10:20:54,14.81,0.01,109,161429,买盘
2043,10:20:42,14.8,--,1,1480,卖盘
2044,10:20:36,14.8,--,1,1480,卖盘
2045,10:20:30,14.8,--,33,48840,买盘
2046,10:20:24,14.8,--,8,11840,买盘
2047,10:20:09,14.8,0.02,100,148000,买盘
2048,10:20:06,14.78,--,15,22170,卖盘
2049,10:20:03,14.78,-0.01,20,29560,卖盘
2050,10:20:00,14.79,--,8,11832,卖盘
2051,10:19:57,14.79,0.01,19,28101,买盘
2052,10:19:54,14.78,--,2,2956,卖盘
2053,10:19:51,14.78,-0.01,100,147800,卖盘
2054,10:19:48,14.79,--,2,2958,买盘
2055,10:19:42,14.79,0.01,5,7395,买盘
2056,10:19:27,14.78,-0.01,2,2956,卖盘
2057,10:19:21,14.79,0.01,3,4437,中性盘
2058,10:19:09,14.78,-0.01,3,4434,卖盘
2059,10:19:06,14.79,--,42,62118,卖盘
2060,10:19:03,14.79,0.01,6,8874,中性盘
2061,10:19:00,14.78,-0.02,21,31038,卖盘
2062,10:18:57,14.8,0.01,11,16280,买盘
2063,10:18:51,14.79,0.01,31,45849,中性盘
2064,10:18:42,14.78,-0.01,21,31038,卖盘
2065,10:18:39,14.79,0.01,23,34017,中性盘
2066,10:18:33,14.78,-0.02,8,11824,卖盘
2067,10:18:30,14.8,--,18,26640,买盘
2068,10:18:27,14.8,0.02,5,7400,买盘
2069,10:18:21,14.78,--,21,31038,卖盘
2070,10:18:18,14.78,-0.03,42,62076,卖盘
2071,10:18:15,14.81,0.03,10,14810,买盘
2072,10:18:12,14.78,--,21,31038,卖盘
2073,10:18:09,14.78,-0.02,42,62076,卖盘
2074,10:18:06,14.8,--,42,62160,卖盘
2075,10:18:03,14.8,--,21,31080,卖盘
2076,10:18:00,14.8,-0.02,40,59200,卖盘
2077,10:17:57,14.82,0.01,22,32604,买盘
2078,10:17:45,14.81,0.01,20,29620,中性盘
2079,10:17:30,14.8,-0.01,29,42920,卖盘
2080,10:17:24,14.81,-0.01,3,4443,中性盘
2081,10:17:21,14.82,0.02,20,29640,买盘
2082,10:17:12,14.8,--,21,31080,卖盘
2083,10:17:09,14.8,-0.02,50,74000,卖盘
2084,10:17:00,14.82,--,21,31122,买盘
2085,10:16:57,14.82,--,10,14820,买盘
2086,10:16:54,14.82,0.01,30,44460,买盘
2087,10:16:51,14.81,0.01,3,4443,买盘
2088,10:16:48,14.8,-0.02,14,20720,卖盘
2089,10:16:39,14.82,0.02,24,35568,买盘
2090,10:16:36,14.8,-0.02,60,88800,卖盘
2091,10:16:30,14.82,0.01,10,14820,买盘
2092,10:16:27,14.81,-0.01,10,14810,中性盘
2093,10:16:18,14.82,--,9,13338,买盘
2094,10:16:15,14.82,--,7,10374,买盘
2095,10:16:06,14.82,--,5,7410,买盘
2096,10:16:03,14.82,--,46,68172,买盘
2097,10:16:00,14.82,--,71,105222,买盘
2098,10:15:57,14.82,--,7,10374,买盘
2099,10:15:54,14.82,--,52,77064,买盘
2100,10:15:51,14.82,--,21,31122,买盘
2101,10:15:48,14.82,--,47,69654,买盘
2102,10:15:45,14.82,0.02,30,44460,买盘
2103,10:15:42,14.8,-0.01,13,19240,中性盘
2104,10:15:39,14.81,0.06,84,124404,买盘
2105,10:15:36,14.75,-0.05,104,153400,卖盘
2106,10:15:33,14.8,0.02,63,93240,买盘
2107,10:15:30,14.78,--,6,8868,买盘
2108,10:15:27,14.78,--,42,62076,买盘
2109,10:15:24,14.78,0.03,21,31038,买盘
2110,10:15:21,14.75,-0.01,21,30975,卖盘
2111,10:15:18,14.76,-0.01,2,2952,卖盘
2112,10:15:06,14.77,--,1,1477,买盘
2113,10:14:54,14.77,0.02,12,17724,买盘
2114,10:14:48,14.75,--,4,5900,卖盘
2115,10:14:36,14.75,-0.02,10,14750,卖盘
2116,10:14:33,14.77,0.02,20,29540,买盘
2117,10:14:30,14.75,--,53,78175,卖盘
2118,10:14:27,14.75,--,10,14750,卖盘
2119,10:14:24,14.75,-0.02,65,95875,卖盘
2120,10:14:21,14.77,0.02,100,147700,买盘
2121,10:14:18,14.75,--,10,14750,卖盘
2122,10:14:06,14.75,--,5,7375,卖盘
2123,10:14:03,14.75,-0.01,30,44250,卖盘
2124,10:13:57,14.76,0.01,20,29520,中性盘
2125,10:13:45,14.75,-0.01,33,48675,卖盘
2126,10:13:42,14.76,--,6,8856,卖盘
2127,10:13:33,14.76,--,50,73800,买盘
2128,10:13:21,14.76,0.01,1,1476,买盘
2129,10:13:09,14.75,--,9,13275,卖盘
2130,10:13:03,14.75,-0.01,17,25075,卖盘
2131,10:13:00,14.76,--,11,16236,卖盘
2132,10:12:57,14.76,-0.01,27,39852,卖盘
2133,10:12:54,14.77,0.01,20,29540,买盘
2134,10:12:45,14.76,-0.01,27,39852,卖盘
2135,10:12:27,14.77,--,24,35448,买盘
2136,10:12:24,14.77,0.01,1,1477,买盘
2137,10:12:21,14.76,--,25,36900,卖盘
2138,10:12:09,14.76,-0.01,10,14760,卖盘
2139,10:12:06,14.77,0.01,9,13293,买盘
2140,10:12:00,14.76,--,73,107748,卖盘
2141,10:11:57,14.76,--,5,7380,卖盘
2142,10:11:54,14.76,-0.01,5,7380,卖盘
2143,10:11:51,14.77,0.01,1,1477,买盘
2144,10:11:48,14.76,--,1,1476,卖盘
2145,10:11:42,14.76,-0.01,2,2952,卖盘
2146,10:11:39,14.77,--,9,13293,买盘
2147,10:11:24,14.77,--,7,10339,卖盘
2148,10:11:21,14.77,--,5,7385,卖盘
2149,10:11:18,14.77,--,20,29540,卖盘
2150,10:11:06,14.77,-0.01,7,10339,买盘
2151,10:11:00,14.78,--,21,31038,买盘
2152,10:10:54,14.78,0.01,21,31038,买盘
2153,10:10:51,14.77,0.01,21,31017,买盘
2154,10:10:48,14.76,-0.01,8,11808,卖盘
2155,10:10:39,14.77,0.01,10,14770,买盘
2156,10:10:36,14.76,-0.01,30,44280,卖盘
2157,10:10:33,14.77,--,21,31017,买盘
2158,10:10:30,14.77,0.01,10,14770,中性盘
2159,10:10:24,14.76,-0.01,18,26568,卖盘
2160,10:10:21,14.77,--,2,2954,买盘
2161,10:10:18,14.77,-0.01,5,7385,中性盘
2162,10:10:06,14.78,0.02,11,16258,买盘
2163,10:10:03,14.76,-0.02,33,48708,卖盘
2164,10:09:57,14.78,0.01,45,66510,买盘
2165,10:09:54,14.77,--,23,33971,卖盘
2166,10:09:48,14.77,-0.01,56,82712,卖盘
2167,10:09:42,14.78,0.01,32,47296,买盘
2168,10:09:39,14.77,-0.01,12,17724,卖盘
2169,10:09:30,14.78,--,5,7390,买盘
2170,10:09:15,14.78,--,5,7390,买盘
2171,10:09:12,14.78,--,6,8868,买盘
2172,10:09:09,14.78,--,36,53208,买盘
2173,10:09:06,14.78,--,5,7390,买盘
2174,10:09:00,14.78,--,20,29560,买盘
2175,10:08:36,14.78,0.01,160,236480,买盘
2176,10:08:33,14.77,--,0,886,卖盘
2177,10:08:30,14.77,-0.01,50,73850,卖盘
2178,10:08:27,14.78,--,15,22170,买盘
2179,10:08:21,14.78,--,110,162580,买盘
2180,10:08:18,14.78,--,5,7390,买盘
2181,10:08:15,14.78,0.01,15,22170,卖盘
2182,10:08:12,14.77,-0.01,45,66465,卖盘
2183,10:08:09,14.78,--,10,14780,卖盘
2184,10:08:03,14.78,--,9,13302,买盘
2185,10:08:00,14.78,--,9,13302,卖盘
2186,10:07:57,14.78,0.01,10,14780,买盘
2187,10:07:54,14.77,-0.01,5,7385,卖盘
2188,10:07:51,14.78,0.01,2,2956,买盘
2189,10:07:48,14.77,--,47,69419,卖盘
2190,10:07:45,14.77,-0.01,6,8862,卖盘
2191,10:07:39,14.78,0.01,30,44340,买盘
2192,10:07:36,14.77,--,21,31017,卖盘
2193,10:07:33,14.77,-0.01,3,4431,卖盘
2194,10:07:30,14.78,--,17,25126,买盘
2195,10:07:27,14.78,0.01,10,14780,买盘
2196,10:07:21,14.77,--,36,53172,卖盘
2197,10:07:18,14.77,--,104,153608,卖盘
2198,10:07:15,14.77,-0.01,21,31017,卖盘
2199,10:07:12,14.78,0.01,33,48774,买盘
2200,10:07:06,14.77,-0.01,22,32494,买盘
2201,10:07:03,14.78,--,5,7390,买盘
2202,10:07:00,14.78,0.01,17,25126,买盘
2203,10:06:51,14.77,-0.01,3,4431,卖盘
2204,10:06:48,14.78,--,2,2956,买盘
2205,10:06:42,14.78,0.01,10,14780,买盘
2206,10:06:39,14.77,--,54,79758,卖盘
2207,10:06:36,14.77,-0.01,60,88620,卖盘
2208,10:06:27,14.78,--,3,4434,买盘
2209,10:06:24,14.78,--,50,73900,买盘
2210,10:06:21,14.78,0.01,30,44340,买盘
2211,10:06:12,14.77,-0.01,2,2954,卖盘
2212,10:06:03,14.78,--,20,29560,买盘
2213,10:06:00,14.78,0.01,100,147800,买盘
2214,10:05:57,14.77,--,5,7385,卖盘
2215,10:05:54,14.77,-0.01,53,78281,卖盘
2216,10:05:45,14.78,0.01,10,14780,买盘
2217,10:05:42,14.77,-0.01,165,243705,卖盘
2218,10:05:39,14.78,0.01,5,7390,买盘
2219,10:05:36,14.77,-0.01,9,13293,卖盘
2220,10:05:24,14.78,--,50,73900,卖盘
2221,10:05:03,14.78,-0.01,4,5912,卖盘
2222,10:04:57,14.79,0.01,27,39933,买盘
2223,10:04:54,14.78,-0.01,13,19214,卖盘
2224,10:04:48,14.79,--,10,14790,买盘
2225,10:04:45,14.79,0.01,15,22185,买盘
2226,10:04:42,14.78,-0.01,12,17736,卖盘
2227,10:04:39,14.79,--,17,25143,买盘
2228,10:04:36,14.79,0.01,17,25143,买盘
2229,10:04:33,14.78,-0.01,6,8868,卖盘
2230,10:04:30,14.79,--,1,1479,买盘
2231,10:04:24,14.79,0.01,17,25143,买盘
2232,10:04:21,14.78,--,4,5912,卖盘
2233,10:04:18,14.78,--,17,25126,买盘
2234,10:04:15,14.78,-0.01,34,50252,卖盘
2235,10:04:03,14.79,--,47,69513,卖盘
2236,10:04:00,14.79,--,23,34017,卖盘
2237,10:03:54,14.79,-0.01,30,44370,中性盘
2238,10:03:42,14.8,--,27,39960,买盘
2239,10:03:39,14.8,--,16,23680,买盘
2240,10:03:33,14.8,0.01,5,7400,买盘
2241,10:03:30,14.79,-0.01,1,1479,卖盘
2242,10:03:21,14.8,--,4,5920,买盘
2243,10:03:15,14.8,--,281,415880,卖盘
2244,10:03:12,14.8,--,59,87320,卖盘
2245,10:03:06,14.8,--,21,31080,卖盘
2246,10:03:03,14.8,-0.01,11,16280,卖盘
2247,10:02:57,14.81,0.01,66,97746,买盘
2248,10:02:54,14.8,--,10,14800,卖盘
2249,10:02:51,14.8,--,10,14800,卖盘
2250,10:02:48,14.8,-0.01,5,7400,卖盘
2251,10:02:42,14.81,--,16,23696,买盘
2252,10:02:33,14.81,0.01,11,16291,买盘
2253,10:02:30,14.8,-0.02,33,48840,卖盘
2254,10:02:27,14.82,0.01,10,14820,买盘
2255,10:02:24,14.81,0.01,1,1481,买盘
2256,10:02:21,14.8,--,20,29600,卖盘
2257,10:02:15,14.8,-0.01,5,7400,卖盘
2258,10:02:12,14.81,0.01,9,13329,中性盘
2259,10:02:09,14.8,--,88,130240,卖盘
2260,10:02:06,14.8,0.03,26,38480,卖盘
2261,10:02:00,14.77,--,26,38402,卖盘
2262,10:01:57,14.77,-0.05,43,63511,卖盘
2263,10:01:54,14.82,0.02,41,60762,买盘
2264,10:01:51,14.8,0.04,4,5920,买盘
2265,10:01:48,14.76,-0.04,21,30996,卖盘
2266,10:01:45,14.8,--,26,38480,买盘
2267,10:01:42,14.8,0.02,94,139120,买盘
2268,10:01:39,14.78,--,23,33994,卖盘
2269,10:01:36,14.78,--,21,31038,卖盘
2270,10:01:33,14.78,-0.03,21,31038,卖盘
2271,10:01:27,14.81,-0.01,39,57759,中性盘
2272,10:01:21,14.82,0.02,126,186732,买盘
2273,10:01:18,14.8,-0.02,208,307840,卖盘
2274,10:01:12,14.82,0.01,9,13338,买盘
2275,10:01:09,14.81,-0.01,2,2962,卖盘
2276,10:01:06,14.82,--,8,11856,买盘
2277,10:01:03,14.82,--,42,62244,买盘
2278,10:00:57,14.82,0.01,86,127452,买盘
2279,10:00:54,14.81,-0.01,1,1481,中性盘
2280,10:00:51,14.82,--,8,11856,买盘
2281,10:00:48,14.82,0.02,10,14820,买盘
2282,10:00:45,14.8,-0.02,31,45880,卖盘
2283,10:00:42,14.82,--,23,34086,买盘
2284,10:00:33,14.82,0.01,25,37050,买盘
2285,10:00:27,14.81,-0.01,13,19253,中性盘
2286,10:00:21,14.82,--,21,31122,买盘
2287,10:00:18,14.82,--,28,41496,买盘
2288,10:00:15,14.82,0.02,126,186732,买盘
2289,10:00:12,14.8,--,42,62160,买盘
2290,10:00:09,14.8,0.02,52,76960,买盘
2291,10:00:06,14.78,0.01,31,45818,买盘
2292,10:00:03,14.77,--,42,62034,买盘
2293,10:00:00,14.77,0.01,13,19201,买盘
2294,09:59:57,14.76,--,10,14760,买盘
2295,09:59:54,14.76,--,3,4428,买盘
2296,09:59:51,14.76,-0.01,1,1476,中性盘
2297,09:59:48,14.77,--,31,45787,买盘
2298,09:59:42,14.77,0.01,28,41356,买盘
2299,09:59:39,14.76,-0.01,50,73800,卖盘
2300,09:59:27,14.77,--,2,2954,买盘
2301,09:59:24,14.77,0.01,19,28063,买盘
2302,09:59:21,14.76,-0.01,15,22140,卖盘
2303,09:59:18,14.77,--,4,5908,买盘
2304,09:59:15,14.77,0.01,21,31017,买盘
2305,09:59:12,14.76,-0.01,14,20664,卖盘
2306,09:59:09,14.77,--,74,109298,买盘
2307,09:59:03,14.77,0.01,14,20678,买盘
2308,09:58:54,14.76,--,20,29520,卖盘
2309,09:58:51,14.76,--,13,19188,卖盘
2310,09:58:48,14.76,--,101,149076,卖盘
2311,09:58:45,14.76,-0.01,35,51660,卖盘
2312,09:58:42,14.77,--,5,7385,买盘
2313,09:58:39,14.77,0.01,51,75327,买盘
2314,09:58:33,14.76,-0.01,11,16236,卖盘
2315,09:58:27,14.77,--,8,11816,买盘
2316,09:58:21,14.77,0.01,40,59080,中性盘
2317,09:58:12,14.76,--,24,35424,卖盘
2318,09:58:09,14.76,-0.02,42,61992,卖盘
2319,09:58:06,14.78,0.01,13,19214,买盘
2320,09:58:03,14.77,0.01,25,36925,买盘
2321,09:58:00,14.76,-0.01,52,76752,卖盘
2322,09:57:51,14.77,0.01,18,26586,买盘
2323,09:57:48,14.76,--,27,39852,卖盘
2324,09:57:45,14.76,--,130,191880,买盘
2325,09:57:42,14.76,0.01,5,7380,买盘
2326,09:57:39,14.75,0.01,23,33925,买盘
2327,09:57:36,14.74,-0.01,20,29480,卖盘
2328,09:57:33,14.75,--,4,5900,卖盘
2329,09:57:30,14.75,-0.01,5,7375,卖盘
2330,09:57:27,14.76,0.01,202,298152,买盘
2331,09:57:24,14.75,0.01,2,2950,买盘
2332,09:57:18,14.74,-0.01,1,1474,卖盘
2333,09:57:15,14.75,-0.01,202,297950,中性盘
2334,09:57:12,14.76,0.01,76,112176,买盘
2335,09:57:06,14.75,-0.01,5,7375,卖盘
2336,09:57:03,14.76,--,37,54612,买盘
2337,09:57:00,14.76,0.02,100,147600,买盘
2338,09:56:57,14.74,--,38,56012,卖盘
2339,09:56:54,14.74,-0.02,42,61908,卖盘
2340,09:56:51,14.76,0.01,45,66420,买盘
2341,09:56:48,14.75,-0.01,42,61950,卖盘
2342,09:56:45,14.76,--,20,29520,买盘
2343,09:56:42,14.76,--,18,26568,买盘
2344,09:56:39,14.76,--,102,150552,买盘
2345,09:56:36,14.76,-0.01,44,64944,卖盘
2346,09:56:33,14.77,--,5,7385,买盘
2347,09:56:30,14.77,0.01,30,44310,买盘
2348,09:56:27,14.76,--,16,23616,卖盘
2349,09:56:24,14.76,-0.01,32,47232,卖盘
2350,09:56:18,14.77,--,1,1477,买盘
2351,09:56:15,14.77,--,16,23632,买盘
2352,09:56:12,14.77,0.01,1,1477,买盘
2353,09:56:09,14.76,-0.01,34,50184,卖盘
2354,09:56:03,14.77,0.02,1,1477,买盘
2355,09:55:57,14.75,--,21,30975,卖盘
2356,09:55:51,14.75,-0.01,48,70918,卖盘
2357,09:55:48,14.76,--,14,20664,买盘
2358,09:55:45,14.76,0.01,10,14760,中性盘
2359,09:55:39,14.75,-0.01,117,172575,卖盘
2360,09:55:36,14.76,--,10,14760,买盘
2361,09:55:33,14.76,--,64,94464,卖盘
2362,09:55:30,14.76,0.02,46,67896,买盘
2363,09:55:27,14.74,-0.02,10,14740,卖盘
2364,09:55:21,14.76,0.01,33,48708,买盘
2365,09:55:18,14.75,--,21,30975,卖盘
2366,09:55:15,14.75,-0.01,10,14750,卖盘
2367,09:55:09,14.76,--,33,48708,买盘
2368,09:55:06,14.76,--,6,8856,买盘
2369,09:55:03,14.76,--,3,4428,买盘
2370,09:54:57,14.76,0.03,2,2952,买盘
2371,09:54:54,14.73,-0.03,5,7365,卖盘
2372,09:54:51,14.76,0.04,7,10332,买盘
2373,09:54:48,14.72,-0.04,26,38448,卖盘
2374,09:54:39,14.76,--,20,29520,买盘
2375,09:54:33,14.76,0.05,7,10332,买盘
2376,09:54:30,14.71,-0.01,10,14710,卖盘
2377,09:54:27,14.72,0.02,21,30912,卖盘
2378,09:54:21,14.7,-0.07,100,147000,卖盘
2379,09:54:12,14.77,0.01,13,19201,买盘
2380,09:54:09,14.76,--,18,26568,买盘
2381,09:54:06,14.76,0.06,21,30996,买盘
2382,09:54:03,14.7,-0.05,68,99960,卖盘
2383,09:54:00,14.75,0.04,71,104725,买盘
2384,09:53:57,14.71,--,82,120622,买盘
2385,09:53:54,14.71,--,64,94144,买盘
2386,09:53:51,14.71,0.02,9,13239,买盘
2387,09:53:48,14.69,-0.01,152,223493,卖盘
2388,09:53:45,14.7,--,192,282240,买盘
2389,09:53:42,14.7,--,42,61740,买盘
2390,09:53:39,14.7,--,247,363090,买盘
2391,09:53:36,14.7,0.01,29,42630,买盘
2392,09:53:33,14.69,--,7,10283,买盘
2393,09:53:30,14.69,0.01,26,38194,买盘
2394,09:53:27,14.68,-0.01,137,201336,卖盘
2395,09:53:24,14.69,--,4,5876,买盘
2396,09:53:21,14.69,0.01,21,30849,买盘
2397,09:53:18,14.68,-0.01,19,27892,卖盘
2398,09:53:15,14.69,0.01,61,89609,买盘
2399,09:53:09,14.68,-0.01,39,57252,卖盘
2400,09:53:06,14.69,0.01,4,5876,买盘
2401,09:53:03,14.68,-0.01,23,33764,卖盘
2402,09:53:00,14.69,0.01,9,13221,买盘
2403,09:52:51,14.68,-0.01,16,23722,卖盘
2404,09:52:48,14.69,0.01,262,384878,买盘
2405,09:52:45,14.68,--,1,1468,卖盘
2406,09:52:42,14.68,-0.01,1,1468,卖盘
2407,09:52:36,14.69,--,4,5876,买盘
2408,09:52:30,14.69,--,37,54353,买盘
2409,09:52:27,14.69,0.01,13,19097,买盘
2410,09:52:21,14.68,-0.01,4,5872,卖盘
2411,09:52:18,14.69,--,4,5876,买盘
2412,09:52:15,14.69,-0.01,10,14690,中性盘
2413,09:52:03,14.7,--,203,299659,买盘
2414,09:52:00,14.7,0.01,8,11760,买盘
2415,09:51:54,14.69,--,19,27911,卖盘
2416,09:51:48,14.69,-0.01,19,28131,卖盘
2417,09:51:39,14.7,0.01,31,45570,买盘
2418,09:51:36,14.69,-0.01,48,70512,卖盘
2419,09:51:33,14.7,--,3,4410,买盘
2420,09:51:30,14.7,--,2,2940,买盘
2421,09:51:27,14.7,0.01,66,97020,买盘
2422,09:51:24,14.69,-0.01,40,58760,卖盘
2423,09:51:15,14.7,0.01,5,7350,买盘
2424,09:51:12,14.69,-0.01,1,1469,卖盘
2425,09:51:09,14.7,--,44,64680,买盘
2426,09:51:03,14.7,0.01,50,73500,买盘
2427,09:51:00,14.69,--,3,4407,买盘
2428,09:50:57,14.69,0.01,2,2938,买盘
2429,09:50:54,14.68,--,27,39636,卖盘
2430,09:50:51,14.68,-0.02,10,14680,卖盘
2431,09:50:48,14.7,0.02,10,14700,买盘
2432,09:50:42,14.68,--,133,195244,卖盘
2433,09:50:36,14.68,-0.02,13,19084,卖盘
2434,09:50:24,14.7,0.01,43,63210,买盘
2435,09:50:21,14.69,--,50,73450,买盘
2436,09:50:18,14.69,--,5,7345,买盘
2437,09:50:15,14.69,--,1,1469,买盘
2438,09:50:09,14.69,-0.01,68,99892,卖盘
2439,09:50:06,14.7,--,1,1470,买盘
2440,09:50:00,14.7,0.01,30,44100,买盘
2441,09:49:54,14.69,-0.01,49,71981,卖盘
2442,09:49:51,14.7,--,7,10290,买盘
2443,09:49:48,14.7,--,29,42630,买盘
2444,09:49:45,14.7,--,45,66150,卖盘
2445,09:49:42,14.7,--,98,144060,卖盘
2446,09:49:39,14.7,--,6,8820,卖盘
2447,09:49:36,14.7,--,59,86730,卖盘
2448,09:49:33,14.7,--,30,44100,卖盘
2449,09:49:27,14.7,-0.01,316,464520,卖盘
2450,09:49:24,14.71,--,7,10297,买盘
2451,09:49:21,14.71,0.01,15,22065,买盘
2452,09:49:18,14.7,-0.01,5,7350,卖盘
2453,09:49:12,14.71,--,84,123564,卖盘
2454,09:49:09,14.71,--,26,38246,卖盘
2455,09:49:00,14.71,--,21,30891,卖盘
2456,09:48:57,14.71,-0.01,31,45601,卖盘
2457,09:48:51,14.72,-0.01,1,1472,中性盘
2458,09:48:48,14.73,--,55,81015,买盘
2459,09:48:45,14.73,--,23,33879,买盘
2460,09:48:42,14.73,--,2,2946,买盘
2461,09:48:39,14.73,--,5,7365,买盘
2462,09:48:33,14.73,0.01,45,66285,买盘
2463,09:48:30,14.72,--,21,30912,卖盘
2464,09:48:27,14.72,-0.01,4,5888,卖盘
2465,09:48:24,14.73,--,1,1473,买盘
2466,09:48:21,14.73,--,5,7365,买盘
2467,09:48:15,14.73,0.01,55,81015,买盘
2468,09:48:12,14.72,-0.01,21,30912,中性盘
2469,09:48:09,14.73,0.01,49,72177,买盘
2470,09:48:06,14.72,--,40,58880,买盘
2471,09:48:03,14.72,0.01,54,79488,买盘
2472,09:48:00,14.71,-0.01,21,30891,卖盘
2473,09:47:57,14.72,--,1,1472,买盘
2474,09:47:54,14.72,--,20,29440,买盘
2475,09:47:51,14.72,--,122,179584,卖盘
2476,09:47:39,14.72,-0.01,22,32384,中性盘
2477,09:47:33,14.73,0.01,30,44190,买盘
2478,09:47:30,14.72,--,3,4416,买盘
2479,09:47:24,14.72,0.01,30,44160,买盘
2480,09:47:15,14.71,--,100,147100,卖盘
2481,09:47:12,14.71,--,2,2942,卖盘
2482,09:47:09,14.71,-0.01,1,1471,卖盘
2483,09:47:06,14.72,0.01,24,35328,买盘
2484,09:47:00,14.71,--,10,14710,卖盘
2485,09:46:57,14.71,--,12,17652,买盘
2486,09:46:54,14.71,--,10,14710,买盘
2487,09:46:51,14.71,--,230,338330,买盘
2488,09:46:48,14.71,0.01,3,4413,买盘
2489,09:46:45,14.7,-0.01,9,13230,卖盘
2490,09:46:42,14.71,0.01,23,33833,买盘
2491,09:46:39,14.7,-0.01,25,36750,卖盘
2492,09:46:36,14.71,0.01,3,4413,买盘
2493,09:46:33,14.7,-0.01,71,104370,卖盘
2494,09:46:30,14.71,--,32,47072,买盘
2495,09:46:27,14.71,--,4,5884,买盘
2496,09:46:24,14.71,0.01,35,51485,买盘
2497,09:46:21,14.7,-0.01,34,49980,卖盘
2498,09:46:18,14.71,--,12,17652,买盘
2499,09:46:15,14.71,--,9,13239,买盘
2500,09:46:12,14.71,--,6,8826,买盘
2501,09:46:09,14.71,-0.01,170,250070,卖盘
2502,09:46:06,14.72,--,9,13248,买盘
2503,09:46:03,14.72,0.01,15,22080,买盘
2504,09:45:54,14.71,-0.01,3,4413,卖盘
2505,09:45:51,14.72,--,10,14720,买盘
2506,09:45:48,14.72,0.01,26,38272,买盘
2507,09:45:42,14.71,--,13,19123,卖盘
2508,09:45:39,14.71,-0.01,43,63253,卖盘
2509,09:45:36,14.72,0.01,80,117760,买盘
2510,09:45:33,14.71,--,45,66195,卖盘
2511,09:45:30,14.71,--,6,8826,卖盘
2512,09:45:21,14.71,-0.01,26,38246,卖盘
2513,09:45:18,14.72,0.02,5,7360,买盘
2514,09:45:15,14.7,--,2,2940,卖盘
2515,09:45:12,14.7,-0.01,89,130830,卖盘
2516,09:45:06,14.71,0.01,15,22065,买盘
2517,09:45:03,14.7,--,43,63210,卖盘
2518,09:45:00,14.7,-0.01,100,147000,卖盘
2519,09:44:57,14.71,0.01,5,7355,买盘
2520,09:44:51,14.7,-0.01,10,14700,卖盘
2521,09:44:48,14.71,0.01,3,4413,买盘
2522,09:44:45,14.7,--,4,5880,卖盘
2523,09:44:42,14.7,--,23,33810,卖盘
2524,09:44:36,14.7,--,1,1470,卖盘
2525,09:44:33,14.7,--,15,22050,卖盘
2526,09:44:30,14.7,--,23,33810,买盘
2527,09:44:27,14.7,0.01,4,5880,买盘
2528,09:44:24,14.69,--,18,26442,卖盘
2529,09:44:21,14.69,-0.01,2,2938,卖盘
2530,09:44:18,14.7,0.01,12,17640,买盘
2531,09:44:12,14.69,-0.01,30,44070,卖盘
2532,09:44:06,14.7,0.01,10,14700,买盘
2533,09:44:00,14.69,-0.01,500,734500,卖盘
2534,09:43:57,14.7,--,5,7350,买盘
2535,09:43:54,14.7,--,15,22050,买盘
2536,09:43:51,14.7,--,6,8820,买盘
2537,09:43:48,14.7,--,1,1470,买盘
2538,09:43:45,14.7,--,1,1470,买盘
2539,09:43:42,14.7,-0.01,432,635040,卖盘
2540,09:43:39,14.71,--,12,17652,买盘
2541,09:43:36,14.71,--,60,88260,卖盘
2542,09:43:33,14.71,-0.01,10,14710,卖盘
2543,09:43:30,14.72,--,7,10304,买盘
2544,09:43:24,14.72,0.01,1,1472,买盘
2545,09:43:21,14.71,--,52,76492,买盘
2546,09:43:18,14.71,--,2,2942,买盘
2547,09:43:15,14.71,--,75,110325,卖盘
2548,09:43:12,14.71,-0.01,12,17652,卖盘
2549,09:43:09,14.72,0.01,6,8832,买盘
2550,09:43:03,14.71,-0.01,5,7355,卖盘
2551,09:43:00,14.72,--,71,104512,买盘
2552,09:42:57,14.72,--,42,61824,买盘
2553,09:42:51,14.72,--,25,36800,买盘
2554,09:42:48,14.72,0.01,10,14720,买盘
2555,09:42:42,14.71,-0.01,18,26478,卖盘
2556,09:42:39,14.72,--,1,1472,买盘
2557,09:42:33,14.72,--,60,88320,买盘
2558,09:42:21,14.72,0.01,1,1472,买盘
2559,09:42:12,14.71,-0.01,3,4413,卖盘
2560,09:42:03,14.72,--,17,25024,买盘
2561,09:42:00,14.72,--,5,7360,买盘
2562,09:41:54,14.72,-0.01,17,25024,卖盘
2563,09:41:51,14.73,0.01,7,10311,买盘
2564,09:41:45,14.72,-0.01,10,14720,卖盘
2565,09:41:42,14.73,--,2,2946,买盘
2566,09:41:39,14.73,0.01,2,2946,买盘
2567,09:41:33,14.72,-0.02,25,36800,卖盘
2568,09:41:30,14.74,0.02,20,29480,买盘
2569,09:41:27,14.72,-0.01,23,33856,卖盘
2570,09:41:24,14.73,0.01,11,16203,买盘
2571,09:41:18,14.72,-0.01,34,50048,卖盘
2572,09:41:12,14.73,--,31,45663,中性盘
2573,09:41:09,14.73,--,21,30933,卖盘
2574,09:41:06,14.73,-0.01,6,8838,卖盘
2575,09:41:03,14.74,--,4,5896,买盘
2576,09:40:57,14.74,--,3,4422,买盘
2577,09:40:54,14.74,--,30,44220,买盘
2578,09:40:51,14.74,0.01,26,38324,买盘
2579,09:40:48,14.73,-0.01,2,2946,中性盘
2580,09:40:33,14.74,--,6,8844,买盘
2581,09:40:30,14.74,0.02,44,64856,买盘
2582,09:40:27,14.72,-0.02,8,11776,卖盘
2583,09:40:24,14.74,--,19,28006,买盘
2584,09:40:21,14.74,--,15,22110,买盘
2585,09:40:15,14.74,--,2,2948,买盘
2586,09:40:12,14.74,0.03,23,33902,买盘
2587,09:40:06,14.71,-0.03,33,48543,卖盘
2588,09:40:03,14.74,--,5,7370,买盘
2589,09:40:00,14.74,0.01,20,29480,买盘
2590,09:39:51,14.73,0.02,10,14730,买盘
2591,09:39:48,14.71,-0.03,21,30891,卖盘
2592,09:39:45,14.74,--,53,78122,买盘
2593,09:39:42,14.74,0.02,1,1474,买盘
2594,09:39:39,14.72,-0.01,62,91264,卖盘
2595,09:39:36,14.73,--,32,47136,卖盘
2596,09:39:33,14.73,-0.02,27,39771,卖盘
2597,09:39:27,14.75,0.02,7,10325,买盘
2598,09:39:24,14.73,--,8,11784,卖盘
2599,09:39:21,14.73,-0.02,40,58920,卖盘
2600,09:39:18,14.75,--,26,38350,买盘
2601,09:39:12,14.75,--,52,76700,买盘
2602,09:39:09,14.75,--,8,11800,买盘
2603,09:39:06,14.75,--,5,7375,买盘
2604,09:39:03,14.75,-0.01,15,22125,卖盘
2605,09:38:57,14.76,0.01,50,73800,买盘
2606,09:38:54,14.75,--,1,1475,卖盘
2607,09:38:48,14.75,--,30,44250,卖盘
2608,09:38:45,14.75,0.02,16,23600,买盘
2609,09:38:36,14.73,-0.02,5,7365,中性盘
2610,09:38:30,14.75,0.03,23,33925,买盘
2611,09:38:24,14.72,--,20,29440,买盘
2612,09:38:21,14.72,--,19,27968,买盘
2613,09:38:18,14.72,0.01,10,14720,买盘
2614,09:38:12,14.71,-0.01,10,14710,卖盘
2615,09:38:09,14.72,0.01,57,83904,买盘
2616,09:38:06,14.71,0.01,100,147100,买盘
2617,09:38:00,14.7,--,7,10290,卖盘
2618,09:37:57,14.7,--,195,286650,买盘
2619,09:37:48,14.7,--,8,11760,买盘
2620,09:37:45,14.7,0.01,3,5527,买盘
2621,09:37:42,14.69,--,92,135148,买盘
2622,09:37:39,14.69,0.01,21,30849,买盘
2623,09:37:36,14.68,--,27,39636,卖盘
2624,09:37:33,14.68,--,97,143849,买盘
2625,09:37:30,14.68,--,21,30828,买盘
2626,09:37:27,14.68,--,13,19084,买盘
2627,09:37:24,14.68,0.01,15,22020,买盘
2628,09:37:21,14.67,-0.01,68,99756,中性盘
2629,09:37:18,14.68,0.01,290,425720,买盘
2630,09:37:15,14.67,--,21,30807,买盘
2631,09:37:12,14.67,0.01,71,104157,买盘
2632,09:37:09,14.66,--,49,71834,买盘
2633,09:37:06,14.66,-0.01,84,123144,卖盘
2634,09:37:03,14.67,--,49,71883,买盘
2635,09:37:00,14.67,0.01,64,93888,中性盘
2636,09:36:57,14.66,-0.01,72,105552,卖盘
2637,09:36:54,14.67,--,21,30807,买盘
2638,09:36:51,14.67,0.02,61,89487,买盘
2639,09:36:45,14.65,-0.01,105,153825,卖盘
2640,09:36:42,14.66,--,21,30786,买盘
2641,09:36:39,14.66,--,5,7330,买盘
2642,09:36:36,14.66,0.01,4,5864,买盘
2643,09:36:30,14.65,-0.01,11,16115,卖盘
2644,09:36:27,14.66,--,7,10262,买盘
2645,09:36:24,14.66,--,3,4398,买盘
2646,09:36:21,14.66,--,20,29320,买盘
2647,09:36:18,14.66,0.01,37,54242,买盘
2648,09:36:15,14.65,-0.01,191,279815,卖盘
2649,09:36:12,14.66,--,14,20524,卖盘
2650,09:36:09,14.66,-0.01,52,76232,卖盘
2651,09:36:06,14.67,0.01,28,41076,买盘
2652,09:36:03,14.66,-0.01,31,45446,卖盘
2653,09:36:00,14.67,0.01,23,33741,买盘
2654,09:35:57,14.66,--,7,10262,买盘
2655,09:35:54,14.66,-0.01,48,70368,卖盘
2656,09:35:51,14.67,--,17,24939,买盘
2657,09:35:48,14.67,0.01,10,14670,买盘
2658,09:35:45,14.66,--,11,16126,卖盘
2659,09:35:42,14.66,0.01,21,30786,卖盘
2660,09:35:36,14.65,-0.01,100,146500,卖盘
2661,09:35:30,14.66,-0.02,56,82096,中性盘
2662,09:35:27,14.68,0.03,7,10276,买盘
2663,09:35:24,14.65,-0.01,210,307650,卖盘
2664,09:35:21,14.66,--,142,208172,卖盘
2665,09:35:18,14.66,0.01,138,202308,买盘
2666,09:35:15,14.65,-0.01,24,35160,卖盘
2667,09:35:12,14.66,0.01,40,58640,买盘
2668,09:35:09,14.65,-0.01,17,24905,卖盘
2669,09:35:06,14.66,--,26,38116,买盘
2670,09:35:00,14.66,--,7,10262,买盘
2671,09:34:57,14.66,-0.03,18,26388,卖盘
2672,09:34:54,14.69,0.01,58,85202,买盘
2673,09:34:51,14.68,0.02,60,88080,买盘
2674,09:34:48,14.66,-0.01,128,187648,卖盘
2675,09:34:45,14.67,--,6,8802,买盘
2676,09:34:36,14.67,-0.02,21,30807,卖盘
2677,09:34:33,14.69,--,1,1469,买盘
2678,09:34:30,14.69,0.01,9,13221,买盘
2679,09:34:27,14.68,-0.01,38,55784,买盘
2680,09:34:21,14.69,0.01,10,14690,买盘
2681,09:34:18,14.68,--,100,146800,买盘
2682,09:34:15,14.68,0.01,135,198180,买盘
2683,09:34:12,14.67,-0.01,66,97188,卖盘
2684,09:34:09,14.68,-0.01,2,2936,卖盘
2685,09:34:06,14.69,0.01,24,35256,买盘
2686,09:34:00,14.68,--,108,158544,卖盘
2687,09:33:57,14.68,--,12,17616,卖盘
2688,09:33:54,14.68,-0.01,69,102393,卖盘
2689,09:33:51,14.69,--,20,29380,买盘
2690,09:33:48,14.69,0.01,1,1469,买盘
2691,09:33:45,14.68,-0.01,21,30828,卖盘
2692,09:33:42,14.69,-0.01,93,136617,卖盘
2693,09:33:33,14.7,0.01,152,223440,买盘
2694,09:33:27,14.69,-0.01,11,16159,卖盘
2695,09:33:24,14.7,--,10,14700,买盘
2696,09:33:21,14.7,--,46,67620,买盘
2697,09:33:15,14.7,--,13,19110,买盘
2698,09:33:12,14.7,--,53,77910,买盘
2699,09:33:09,14.7,--,106,155820,卖盘
2700,09:33:03,14.7,-0.01,1,1470,卖盘
2701,09:33:00,14.71,0.01,80,117680,买盘
2702,09:32:54,14.7,-0.01,1,1470,卖盘
2703,09:32:51,14.71,0.01,26,38246,买盘
2704,09:32:45,14.7,--,18,26460,买盘
2705,09:32:42,14.7,--,25,36750,买盘
2706,09:32:39,14.7,0.01,161,236670,买盘
2707,09:32:36,14.69,-0.01,20,29380,卖盘
2708,09:32:33,14.7,0.01,84,123480,买盘
2709,09:32:30,14.69,-0.01,55,80795,卖盘
2710,09:32:27,14.7,0.01,11,16170,买盘
2711,09:32:21,14.69,-0.01,5,7345,卖盘
2712,09:32:18,14.7,--,8,11760,买盘
2713,09:32:15,14.7,--,43,63210,卖盘
2714,09:32:12,14.7,--,7,10290,买盘
2715,09:32:09,14.7,0.01,35,51450,买盘
2716,09:32:06,14.69,-0.01,40,58760,卖盘
2717,09:32:03,14.7,0.02,12,17640,中性盘
2718,09:32:00,14.68,-0.02,9,13212,卖盘
2719,09:31:57,14.7,--,22,32340,买盘
2720,09:31:54,14.7,--,12,17640,买盘
2721,09:31:48,14.7,--,31,45570,买盘
2722,09:31:45,14.7,--,6,8820,买盘
2723,09:31:42,14.7,--,4,5880,买盘
2724,09:31:39,14.7,--,2,2940,买盘
2725,09:31:36,14.7,0.02,79,116130,买盘
2726,09:31:33,14.68,-0.02,132,193776,卖盘
2727,09:31:30,14.7,0.02,8,11760,买盘
2728,09:31:27,14.68,--,9,13212,卖盘
2729,09:31:24,14.68,--,11,16148,卖盘
2730,09:31:21,14.68,0.01,60,88080,买盘
2731,09:31:18,14.67,--,27,39609,卖盘
2732,09:31:15,14.67,-0.01,10,14670,卖盘
2733,09:31:12,14.68,0.01,80,117440,买盘
2734,09:31:09,14.67,0.01,59,86553,中性盘
2735,09:31:06,14.66,--,73,107018,卖盘
2736,09:31:03,14.66,-0.01,2,2932,卖盘
2737,09:31:00,14.67,0.01,20,29340,买盘
2738,09:30:57,14.66,-0.01,13,19058,买盘
2739,09:30:54,14.67,--,150,220050,卖盘
2740,09:30:51,14.67,--,1,1467,卖盘
2741,09:30:48,14.67,--,62,90954,买盘
2742,09:30:45,14.67,0.01,15,22005,买盘
2743,09:30:42,14.66,--,24,35184,卖盘
2744,09:30:39,14.66,-0.02,9,13194,卖盘
2745,09:30:33,14.68,0.01,26,38168,买盘
2746,09:30:30,14.67,-0.01,67,98289,卖盘
2747,09:30:21,14.68,-0.02,5,7340,中性盘
2748,09:30:09,14.7,0.01,131,192570,买盘
2749,09:30:06,14.69,-0.01,102,149838,中性盘
2750,09:30:03,14.7,-0.02,659,968730,卖盘
2751,09:30:00,14.72,--,0,0,买盘
2752,09:25:03,14.72,14.72,293,431296,买盘
