,time,price,change,volume,amount,type
0,15:00:03,29.44,0.03,3226,9497344,买盘
1,14:57:00,29.41,--,228,670548,卖盘
2,14:56:57,29.41,-0.01,43,126463,卖盘
3,14:56:54,29.42,0.01,118,347156,买盘
4,14:56:51,29.41,-0.01,14,41174,卖盘
5,14:56:48,29.42,--,49,145629,买盘
6,14:56:45,29.42,--,11,32362,中性盘
7,14:56:42,29.42,-0.01,35,102970,卖盘
8,14:56:39,29.43,0.01,12,35316,中性盘
9,14:56:36,29.42,--,213,626646,卖盘
10,14:56:33,29.42,--,140,411880,卖盘
11,14:56:30,29.42,--,6,17652,卖盘
12,14:56:27,29.42,-0.02,352,1035584,卖盘
13,14:56:24,29.44,0.01,74,217856,买盘
14,14:56:21,29.43,0.01,39,114777,买盘
15,14:56:18,29.42,-0.01,53,155926,卖盘
16,14:56:15,29.43,0.01,24,70632,买盘
17,14:56:12,29.42,-0.02,206,608699,卖盘
18,14:56:09,29.44,0.02,81,238758,买盘
19,14:56:06,29.42,--,45,132390,卖盘
20,14:56:03,29.42,-0.01,60,176520,卖盘
21,14:56:00,29.43,--,24,70632,卖盘
22,14:55:57,29.43,0.01,1024,3013632,买盘
23,14:55:54,29.42,--,12,35304,买盘
24,14:55:51,29.42,0.01,3,8826,买盘
25,14:55:48,29.41,--,10,29410,卖盘
26,14:55:45,29.41,--,8,23528,卖盘
27,14:55:42,29.41,0.01,176,517616,卖盘
28,14:55:39,29.4,--,78,229320,卖盘
29,14:55:36,29.4,--,12,35280,卖盘
30,14:55:33,29.4,--,17,49980,卖盘
31,14:55:30,29.4,--,66,194040,卖盘
32,14:55:27,29.4,--,62,182280,卖盘
33,14:55:24,29.4,0.01,293,861890,买盘
34,14:55:21,29.39,--,6,17634,卖盘
35,14:55:18,29.39,--,234,687726,卖盘
36,14:55:15,29.39,--,14,41146,卖盘
37,14:55:12,29.39,0.01,27,79353,买盘
38,14:55:09,29.38,--,85,249730,卖盘
39,14:55:06,29.38,-0.02,20,58760,卖盘
40,14:55:03,29.4,0.02,68,199920,买盘
41,14:55:00,29.38,--,10,29380,卖盘
42,14:54:57,29.38,0.01,11,32318,中性盘
43,14:54:54,29.37,--,18,52866,卖盘
44,14:54:51,29.37,-0.01,808,2373096,卖盘
45,14:54:48,29.38,0.01,48,141024,买盘
46,14:54:45,29.37,--,21,61677,卖盘
47,14:54:42,29.37,--,20,58740,卖盘
48,14:54:39,29.37,0.01,345,1013265,买盘
49,14:54:36,29.36,--,74,217264,卖盘
50,14:54:33,29.36,--,156,459190,买盘
51,14:54:30,29.36,0.01,43,126248,买盘
52,14:54:27,29.35,-0.01,9,26415,卖盘
53,14:54:24,29.36,0.01,27,79272,买盘
54,14:54:21,29.35,0.01,157,462497,买盘
55,14:54:18,29.34,--,46,134964,卖盘
56,14:54:15,29.34,-0.01,111,325674,卖盘
57,14:54:12,29.35,--,105,308175,买盘
58,14:54:09,29.35,0.01,103,302305,买盘
59,14:54:06,29.34,-0.01,57,167238,卖盘
60,14:54:03,29.35,0.01,83,243605,买盘
61,14:54:00,29.34,-0.01,14,41076,卖盘
62,14:53:57,29.35,0.01,85,249475,买盘
63,14:53:54,29.34,0.01,154,451836,买盘
64,14:53:51,29.33,--,103,302099,卖盘
65,14:53:48,29.33,--,10,29330,卖盘
66,14:53:45,29.33,--,12,35196,卖盘
67,14:53:42,29.33,-0.01,12,35196,卖盘
68,14:53:39,29.34,0.02,48,141770,买盘
69,14:53:36,29.32,--,104,304928,卖盘
70,14:53:33,29.32,--,91,266812,卖盘
71,14:53:30,29.32,-0.01,24,70368,卖盘
72,14:53:24,29.33,--,17,49861,买盘
73,14:53:21,29.33,0.01,76,222908,买盘
74,14:53:18,29.32,0.01,37,108484,买盘
75,14:53:15,29.31,--,7,20517,卖盘
76,14:53:12,29.31,--,86,252066,卖盘
77,14:53:09,29.31,--,4,11724,卖盘
78,14:53:06,29.31,0.01,40,117240,买盘
79,14:53:03,29.3,--,17,49810,卖盘
80,14:53:00,29.3,--,40,117200,卖盘
81,14:52:57,29.3,-0.01,210,615300,卖盘
82,14:52:54,29.31,0.01,2,5862,买盘
83,14:52:51,29.3,--,8,23440,卖盘
84,14:52:48,29.3,--,100,293000,卖盘
85,14:52:45,29.3,0.02,3438,10073340,买盘
86,14:52:39,29.28,--,77,225456,卖盘
87,14:52:36,29.28,-0.01,17,49776,卖盘
88,14:52:33,29.29,--,15,43935,中性盘
89,14:52:30,29.29,0.01,202,591658,买盘
90,14:52:27,29.28,-0.01,53,155184,卖盘
91,14:52:24,29.29,--,6,17574,买盘
92,14:52:21,29.29,0.01,113,330977,买盘
93,14:52:18,29.28,--,4,11712,卖盘
94,14:52:15,29.28,--,50,146400,卖盘
95,14:52:12,29.28,--,66,193248,卖盘
96,14:52:09,29.28,--,6,17568,卖盘
97,14:52:06,29.28,-0.02,11,32208,卖盘
98,14:52:03,29.3,--,1,2930,买盘
99,14:51:57,29.3,0.02,30,87900,买盘
100,14:51:51,29.28,-0.02,320,936960,卖盘
101,14:51:48,29.3,0.01,30,87900,卖盘
102,14:51:45,29.29,-0.01,104,304616,卖盘
103,14:51:42,29.3,-0.01,58,169940,卖盘
104,14:51:39,29.31,0.01,76,222756,买盘
105,14:51:36,29.3,--,125,366250,买盘
106,14:51:33,29.3,0.02,6,17580,买盘
107,14:51:27,29.28,-0.02,9,26352,卖盘
108,14:51:24,29.3,--,8,23440,买盘
109,14:51:18,29.3,--,4,11720,买盘
110,14:51:15,29.3,--,20,58600,买盘
111,14:51:12,29.3,--,11,32230,买盘
112,14:51:06,29.3,--,16,46880,卖盘
113,14:51:03,29.3,--,57,167010,买盘
114,14:51:00,29.3,--,25,73250,卖盘
115,14:50:57,29.3,--,62,181660,卖盘
116,14:50:54,29.3,0.02,122,357460,买盘
117,14:50:51,29.28,-0.01,3,8784,卖盘
118,14:50:42,29.29,0.01,10,29290,买盘
119,14:50:39,29.28,-0.01,20,58560,卖盘
120,14:50:36,29.29,0.01,5,14645,买盘
121,14:50:33,29.28,-0.02,109,319152,卖盘
122,14:50:30,29.3,-0.02,256,750080,卖盘
123,14:50:27,29.32,0.03,410,1202120,买盘
124,14:50:24,29.29,-0.01,41,120089,卖盘
125,14:50:21,29.3,--,83,243190,买盘
126,14:50:18,29.3,--,3,8790,买盘
127,14:50:15,29.3,--,6,17580,买盘
128,14:50:09,29.3,0.01,18,52740,买盘
129,14:50:06,29.29,-0.01,30,87870,卖盘
130,14:50:03,29.3,--,3,8790,买盘
131,14:50:00,29.3,--,89,260770,买盘
132,14:49:54,29.3,--,1,2930,买盘
133,14:49:51,29.3,--,18,52740,买盘
134,14:49:48,29.3,-0.01,31,90830,卖盘
135,14:49:45,29.31,0.01,6,17586,买盘
136,14:49:39,29.3,--,30,87900,卖盘
137,14:49:36,29.3,--,19,55670,买盘
138,14:49:33,29.3,0.01,6,17580,买盘
139,14:49:30,29.29,--,8,23432,卖盘
140,14:49:27,29.29,--,1,2929,卖盘
141,14:49:24,29.29,-0.02,9,26361,卖盘
142,14:49:21,29.31,0.01,37,108447,买盘
143,14:49:15,29.3,-0.01,16,46880,中性盘
144,14:49:12,29.31,0.03,12,35172,买盘
145,14:49:09,29.28,--,50,146400,卖盘
146,14:49:06,29.28,-0.03,31,90768,卖盘
147,14:49:03,29.31,--,9,26379,卖盘
148,14:49:00,29.31,0.02,17,49827,买盘
149,14:48:57,29.29,--,3,8787,卖盘
150,14:48:54,29.29,-0.02,16,46864,卖盘
151,14:48:51,29.31,-0.01,2,5862,中性盘
152,14:48:48,29.32,0.03,26,76232,买盘
153,14:48:45,29.29,--,13,38077,卖盘
154,14:48:39,29.29,--,11,32219,卖盘
155,14:48:36,29.29,-0.03,5,14645,卖盘
156,14:48:33,29.32,--,20,58640,买盘
157,14:48:30,29.32,--,2,5864,买盘
158,14:48:21,29.32,-0.01,32,95817,卖盘
159,14:48:18,29.33,--,29,85057,卖盘
160,14:48:15,29.33,--,42,123186,卖盘
161,14:48:12,29.33,0.02,89,261036,买盘
162,14:48:03,29.31,-0.02,414,1213434,卖盘
163,14:48:00,29.33,--,8,23464,卖盘
164,14:47:57,29.33,--,52,152516,卖盘
165,14:47:54,29.33,--,43,126118,卖盘
166,14:47:51,29.33,-0.01,16,46928,卖盘
167,14:47:48,29.34,--,83,243522,买盘
168,14:47:42,29.34,--,8,23472,买盘
169,14:47:39,29.34,--,1,2934,买盘
170,14:47:36,29.34,--,136,399024,卖盘
171,14:47:33,29.34,--,25,73350,卖盘
172,14:47:30,29.34,-0.01,10,29340,卖盘
173,14:47:27,29.35,--,15,44025,买盘
174,14:47:24,29.35,0.01,63,184905,买盘
175,14:47:21,29.34,-0.01,2,5868,卖盘
176,14:47:18,29.35,--,8,23480,买盘
177,14:47:15,29.35,-0.01,5,14675,买盘
178,14:47:09,29.36,0.01,130,381680,买盘
179,14:47:06,29.35,--,17,51362,卖盘
180,14:47:03,29.35,--,10,29350,卖盘
181,14:47:00,29.35,-0.01,46,135010,卖盘
182,14:46:54,29.36,0.01,1,2936,买盘
183,14:46:51,29.35,-0.01,137,402095,卖盘
184,14:46:48,29.36,0.01,2,5872,买盘
185,14:46:45,29.35,--,30,88050,卖盘
186,14:46:42,29.35,--,1,2935,卖盘
187,14:46:39,29.35,-0.01,11,32285,卖盘
188,14:46:36,29.36,--,12,35232,买盘
189,14:46:33,29.36,0.01,53,155608,买盘
190,14:46:30,29.35,--,11,32285,卖盘
191,14:46:27,29.35,--,24,70440,卖盘
192,14:46:24,29.35,0.01,46,136477,买盘
193,14:46:21,29.34,-0.01,163,478242,卖盘
194,14:46:18,29.35,0.01,9,26415,买盘
195,14:46:15,29.34,-0.01,12,36146,卖盘
196,14:46:12,29.35,0.01,68,199580,买盘
197,14:46:09,29.34,0.01,26,76284,买盘
198,14:46:03,29.33,-0.01,540,1583820,卖盘
199,14:46:00,29.34,--,50,146700,买盘
200,14:45:57,29.34,--,4,11736,买盘
201,14:45:54,29.34,--,31,90954,买盘
202,14:45:51,29.34,--,13,38142,买盘
203,14:45:48,29.34,0.01,90,264060,买盘
204,14:45:45,29.33,-0.01,85,249305,卖盘
205,14:45:42,29.34,--,19,55746,买盘
206,14:45:39,29.34,--,30,88020,买盘
207,14:45:36,29.34,0.01,6,17604,买盘
208,14:45:33,29.33,0.01,39,114387,买盘
209,14:45:30,29.32,-0.02,1,2932,卖盘
210,14:45:27,29.34,0.01,17,49878,买盘
211,14:45:24,29.33,0.02,2,5866,买盘
212,14:45:21,29.31,--,6,17586,卖盘
213,14:45:15,29.31,-0.04,1,2931,卖盘
214,14:45:12,29.35,0.02,76,223060,买盘
215,14:45:09,29.33,0.02,7,20531,买盘
216,14:45:06,29.31,-0.02,2,5862,卖盘
217,14:45:00,29.33,0.02,78,228774,买盘
218,14:44:48,29.31,0.02,425,1245675,买盘
219,14:44:45,29.29,--,111,325119,卖盘
220,14:44:36,29.29,-0.01,36,105444,卖盘
221,14:44:33,29.3,--,24,70320,买盘
222,14:44:30,29.3,0.01,20,58600,买盘
223,14:44:27,29.29,--,26,76154,卖盘
224,14:44:24,29.29,--,32,93728,卖盘
225,14:44:21,29.29,--,37,108373,卖盘
226,14:44:18,29.29,0.02,51,149379,买盘
227,14:44:15,29.27,-0.01,21,61467,卖盘
228,14:44:12,29.28,--,3,8784,买盘
229,14:44:09,29.28,-0.01,19,55632,卖盘
230,14:44:06,29.29,0.01,8,23432,买盘
231,14:44:03,29.28,-0.01,2,5856,中性盘
232,14:43:57,29.29,0.01,27,79083,买盘
233,14:43:54,29.28,--,20,58560,买盘
234,14:43:51,29.28,--,63,184464,卖盘
235,14:43:48,29.28,--,3,8784,卖盘
236,14:43:45,29.28,--,114,333792,卖盘
237,14:43:42,29.28,--,62,181536,卖盘
238,14:43:39,29.28,--,20,58560,卖盘
239,14:43:36,29.28,0.02,8,23424,买盘
240,14:43:33,29.26,--,55,160930,卖盘
241,14:43:30,29.26,--,82,239932,卖盘
242,14:43:27,29.26,--,7,20482,买盘
243,14:43:24,29.26,--,10,29260,卖盘
244,14:43:21,29.26,-0.02,4,11704,中性盘
245,14:43:15,29.28,0.01,5,14640,买盘
246,14:43:12,29.27,0.01,3,8781,卖盘
247,14:43:09,29.26,0.01,14,40964,中性盘
248,14:43:03,29.25,-0.01,13,38025,卖盘
249,14:43:00,29.26,--,5,14630,卖盘
250,14:42:54,29.26,--,7,20482,卖盘
251,14:42:51,29.26,0.01,14,43597,中性盘
252,14:42:48,29.25,-0.04,5,14625,卖盘
253,14:42:45,29.29,0.02,81,237249,买盘
254,14:42:42,29.27,0.02,32,93664,买盘
255,14:42:39,29.25,--,3,8775,卖盘
256,14:42:36,29.25,--,2,5850,卖盘
257,14:42:30,29.25,-0.02,17,49725,卖盘
258,14:42:24,29.27,0.02,25,73175,买盘
259,14:42:21,29.25,--,3,8775,卖盘
260,14:42:18,29.25,-0.01,6,17550,卖盘
261,14:42:15,29.26,0.01,9,26334,买盘
262,14:42:12,29.25,--,20,58500,买盘
263,14:42:09,29.25,-0.02,10,29250,中性盘
264,14:42:03,29.27,--,22,64394,买盘
265,14:42:00,29.27,0.03,7,20489,中性盘
266,14:41:51,29.24,0.01,11,32164,卖盘
267,14:41:45,29.23,-0.02,47,137381,卖盘
268,14:41:42,29.25,0.01,4,11700,买盘
269,14:41:39,29.24,-0.05,3,8772,中性盘
270,14:41:36,29.29,0.06,406,1189174,买盘
271,14:41:33,29.23,-0.02,6,17538,中性盘
272,14:41:27,29.25,0.01,55,160875,买盘
273,14:41:24,29.24,0.01,34,99416,买盘
274,14:41:18,29.23,-0.01,6,17538,卖盘
275,14:41:15,29.24,--,5,14620,买盘
276,14:41:09,29.24,-0.01,6,17544,中性盘
277,14:41:03,29.25,0.02,2,5850,买盘
278,14:41:00,29.23,-0.01,23,67229,卖盘
279,14:40:57,29.24,-0.01,1,2924,卖盘
280,14:40:51,29.25,-0.01,1,2925,卖盘
281,14:40:48,29.26,0.01,10,29260,买盘
282,14:40:45,29.25,-0.01,5,14625,中性盘
283,14:40:42,29.26,--,4,11704,中性盘
284,14:40:39,29.26,0.01,20,58520,买盘
285,14:40:33,29.25,-0.01,28,81900,卖盘
286,14:40:30,29.26,-0.02,3,8778,卖盘
287,14:40:27,29.28,0.02,5,14640,买盘
288,14:40:18,29.26,-0.02,24,70224,买盘
289,14:40:15,29.28,0.03,17,49776,买盘
290,14:40:12,29.25,--,1,2925,卖盘
291,14:40:09,29.25,-0.04,31,90675,卖盘
292,14:40:03,29.29,0.02,11,32219,买盘
293,14:40:00,29.27,-0.02,9,26343,卖盘
294,14:39:57,29.29,--,2,5858,买盘
295,14:39:54,29.29,0.01,154,451066,买盘
296,14:39:51,29.28,-0.01,20,58560,卖盘
297,14:39:48,29.29,0.01,10,29290,买盘
298,14:39:42,29.28,--,2,5856,卖盘
299,14:39:39,29.28,-0.01,8,23424,买盘
300,14:39:33,29.29,0.02,20,58580,买盘
301,14:39:27,29.27,0.02,1,2927,买盘
302,14:39:24,29.25,-0.03,3,8775,卖盘
303,14:39:18,29.28,-0.01,13,38064,卖盘
304,14:39:15,29.29,0.01,242,708818,买盘
305,14:39:06,29.28,--,25,73200,买盘
306,14:39:03,29.28,--,24,70272,买盘
307,14:38:48,29.28,--,60,175680,卖盘
308,14:38:45,29.28,--,10,29280,卖盘
309,14:38:39,29.28,--,55,161040,买盘
310,14:38:36,29.28,0.01,27,79056,买盘
311,14:38:33,29.27,-0.01,10,29270,卖盘
312,14:38:30,29.28,--,57,166896,买盘
313,14:38:27,29.28,0.03,55,161040,买盘
314,14:38:24,29.25,-0.03,1,2925,卖盘
315,14:38:21,29.28,--,4,11712,买盘
316,14:38:18,29.28,0.03,31,90768,买盘
317,14:38:15,29.25,--,4,11700,卖盘
318,14:38:12,29.25,0.03,54,157950,卖盘
319,14:38:09,29.22,-0.03,83,242526,卖盘
320,14:38:06,29.25,--,3,8775,买盘
321,14:38:00,29.25,--,151,441675,买盘
322,14:37:54,29.25,--,11,32175,买盘
323,14:37:51,29.25,--,53,155025,买盘
324,14:37:48,29.25,--,22,64350,买盘
325,14:37:45,29.25,--,2,5850,买盘
326,14:37:36,29.25,0.03,14,40950,买盘
327,14:37:33,29.22,--,11,32142,卖盘
328,14:37:24,29.22,--,6,17532,卖盘
329,14:37:21,29.22,--,302,882444,买盘
330,14:37:18,29.22,0.01,31,90582,买盘
331,14:37:15,29.21,-0.01,7,20447,卖盘
332,14:37:12,29.22,--,169,493818,买盘
333,14:37:09,29.22,--,5,14610,买盘
334,14:37:06,29.22,--,50,146100,买盘
335,14:37:03,29.22,0.01,77,224994,买盘
336,14:37:00,29.21,-0.01,9,26289,卖盘
337,14:36:57,29.22,0.01,32,93504,买盘
338,14:36:54,29.21,-0.01,6,17526,卖盘
339,14:36:51,29.22,--,110,321420,买盘
340,14:36:48,29.22,0.01,60,175320,买盘
341,14:36:42,29.21,-0.01,25,73025,中性盘
342,14:36:33,29.22,0.01,13,37986,买盘
343,14:36:30,29.21,--,1,2921,买盘
344,14:36:24,29.21,-0.01,2,5842,中性盘
345,14:36:15,29.22,0.01,50,146100,买盘
346,14:36:09,29.21,--,11,32131,买盘
347,14:36:03,29.21,0.02,181,531505,买盘
348,14:36:00,29.19,--,47,137193,买盘
349,14:35:57,29.19,0.01,26,75894,买盘
350,14:35:51,29.18,-0.01,17,49606,卖盘
351,14:35:48,29.19,0.01,22,64218,买盘
352,14:35:45,29.18,-0.01,145,423110,中性盘
353,14:35:36,29.19,0.02,19,55461,买盘
354,14:35:33,29.17,-0.02,13,37921,卖盘
355,14:35:30,29.19,0.01,18,52542,买盘
356,14:35:24,29.18,--,17,49606,买盘
357,14:35:15,29.18,--,6,17508,买盘
358,14:35:06,29.18,0.03,26,75868,买盘
359,14:35:03,29.15,0.01,13,39381,买盘
360,14:35:00,29.14,--,3,8742,买盘
361,14:34:57,29.14,--,6,17484,买盘
362,14:34:54,29.14,--,10,29140,买盘
363,14:34:51,29.14,--,9,26226,买盘
364,14:34:45,29.14,--,3,8742,买盘
365,14:34:42,29.14,--,7,20398,买盘
366,14:34:39,29.14,--,17,49538,买盘
367,14:34:36,29.14,--,30,87420,买盘
368,14:34:33,29.14,--,11,32054,买盘
369,14:34:30,29.14,--,20,58280,买盘
370,14:34:21,29.14,--,1,2914,买盘
371,14:34:18,29.14,--,9,26226,买盘
372,14:34:15,29.14,0.01,6,17484,买盘
373,14:34:12,29.13,--,5,14565,卖盘
374,14:34:00,29.13,-0.01,2,5826,卖盘
375,14:33:57,29.14,0.01,54,157356,买盘
376,14:33:54,29.13,-0.01,7,20391,卖盘
377,14:33:48,29.14,--,14,40796,买盘
378,14:33:45,29.14,--,5,14570,买盘
379,14:33:42,29.14,--,6,17484,买盘
380,14:33:39,29.14,--,36,104904,买盘
381,14:33:33,29.14,0.01,4,11656,买盘
382,14:33:27,29.13,-0.01,21,61173,卖盘
383,14:33:21,29.14,0.01,6,17484,买盘
384,14:33:18,29.13,--,14,42034,买盘
385,14:33:09,29.13,0.02,20,58260,买盘
386,14:33:03,29.11,-0.02,25,72775,卖盘
387,14:33:00,29.13,0.02,5,14565,买盘
388,14:32:54,29.11,--,1,2911,买盘
389,14:32:51,29.11,--,26,75686,买盘
390,14:32:48,29.11,--,9,26199,买盘
391,14:32:45,29.11,--,2,5822,买盘
392,14:32:42,29.11,--,14,40754,买盘
393,14:32:39,29.11,--,5,14555,买盘
394,14:32:36,29.11,--,10,29110,买盘
395,14:32:33,29.11,--,6,17466,买盘
396,14:32:30,29.11,--,24,69864,买盘
397,14:32:27,29.11,0.01,14,40754,买盘
398,14:32:24,29.1,-0.01,200,582000,卖盘
399,14:32:21,29.11,--,7,20377,买盘
400,14:32:18,29.11,--,26,75686,买盘
401,14:32:15,29.11,--,79,229969,买盘
402,14:32:12,29.11,--,13,37843,买盘
403,14:32:09,29.11,-0.02,7,20377,卖盘
404,14:32:06,29.13,0.01,5,14565,买盘
405,14:32:03,29.12,0.01,90,262080,买盘
406,14:32:00,29.11,-0.01,181,526891,卖盘
407,14:31:54,29.12,0.01,5,14560,买盘
408,14:31:51,29.11,-0.02,108,314388,卖盘
409,14:31:48,29.13,--,21,61173,买盘
410,14:31:45,29.13,--,4,11652,买盘
411,14:31:39,29.13,--,4,11652,买盘
412,14:31:33,29.13,--,1,2913,买盘
413,14:31:30,29.13,--,19,55347,买盘
414,14:31:27,29.13,-0.01,134,392002,卖盘
415,14:31:24,29.14,--,3,8742,买盘
416,14:31:18,29.14,0.01,4,11656,买盘
417,14:31:15,29.13,-0.01,4,12904,卖盘
418,14:31:09,29.14,--,8,23312,买盘
419,14:31:06,29.14,--,3,8742,买盘
420,14:31:00,29.14,--,2,5828,买盘
421,14:30:48,29.14,0.01,12,34968,买盘
422,14:30:45,29.13,-0.01,100,291300,卖盘
423,14:30:39,29.14,--,36,104904,买盘
424,14:30:36,29.14,0.01,1,2914,买盘
425,14:30:33,29.13,-0.01,5,14565,卖盘
426,14:30:30,29.14,0.01,1,2914,买盘
427,14:30:24,29.13,-0.01,8,23304,卖盘
428,14:30:18,29.14,--,12,34968,买盘
429,14:30:15,29.14,--,40,116560,买盘
430,14:30:12,29.14,--,5,14570,买盘
431,14:30:09,29.14,-0.01,62,180668,卖盘
432,14:30:00,29.15,-0.03,3,8745,中性盘
433,14:29:51,29.18,0.04,9,26262,买盘
434,14:29:48,29.14,-0.04,11,32054,中性盘
435,14:29:33,29.18,--,6,17508,买盘
436,14:29:27,29.18,--,24,70032,买盘
437,14:29:24,29.18,0.05,10,29180,买盘
438,14:29:21,29.13,--,7,20391,卖盘
439,14:29:15,29.13,0.02,19,55347,中性盘
440,14:29:12,29.11,--,12,34932,卖盘
441,14:29:03,29.11,0.01,12,34932,卖盘
442,14:29:00,29.1,--,147,427770,买盘
443,14:28:57,29.1,--,28,81480,买盘
444,14:28:54,29.1,--,241,701310,买盘
445,14:28:51,29.1,0.01,142,413220,买盘
446,14:28:48,29.09,-0.01,51,148359,卖盘
447,14:28:42,29.1,-0.11,338,983580,卖盘
448,14:28:39,29.21,0.02,4,11684,中性盘
449,14:28:36,29.19,-0.02,224,653856,卖盘
450,14:28:33,29.21,-0.01,30,87630,卖盘
451,14:28:30,29.22,--,8,23376,买盘
452,14:28:27,29.22,--,2,5844,买盘
453,14:28:24,29.22,--,10,29220,买盘
454,14:28:21,29.22,--,101,295122,卖盘
455,14:28:00,29.22,--,5,14610,卖盘
456,14:27:57,29.22,--,93,271746,买盘
457,14:27:54,29.22,--,31,90582,卖盘
458,14:27:51,29.22,-0.03,2,5844,卖盘
459,14:27:48,29.25,0.03,14,40950,买盘
460,14:27:45,29.22,--,5,14610,卖盘
461,14:27:33,29.22,--,30,87660,卖盘
462,14:27:27,29.22,-0.03,10,29220,卖盘
463,14:27:24,29.25,0.03,20,58500,买盘
464,14:27:09,29.22,-0.03,19,55518,卖盘
465,14:27:06,29.25,--,20,58500,买盘
466,14:27:03,29.25,--,42,122850,买盘
467,14:26:54,29.25,--,4,11700,买盘
468,14:26:48,29.25,--,15,43875,买盘
469,14:26:45,29.25,-0.04,296,867233,卖盘
470,14:26:36,29.29,--,3,8787,买盘
471,14:26:27,29.29,0.01,10,29290,中性盘
472,14:26:24,29.28,-0.01,22,64416,卖盘
473,14:26:18,29.29,-0.01,7,20503,卖盘
474,14:26:15,29.3,0.02,37,108410,买盘
475,14:26:06,29.28,--,4,11712,卖盘
476,14:26:00,29.28,-0.01,12,36014,中性盘
477,14:25:42,29.29,0.03,44,128876,买盘
478,14:25:33,29.26,-0.03,20,58520,卖盘
479,14:25:30,29.29,0.01,108,316332,买盘
480,14:25:27,29.28,0.01,26,76128,买盘
481,14:25:24,29.27,0.01,4,11708,卖盘
482,14:25:12,29.26,-0.01,5,14630,卖盘
483,14:25:09,29.27,--,9,26343,卖盘
484,14:25:00,29.27,--,1,2927,卖盘
485,14:24:57,29.27,-0.01,1,2927,卖盘
486,14:24:54,29.28,0.01,4,11712,买盘
487,14:24:51,29.27,-0.02,7,20489,卖盘
488,14:24:48,29.29,0.01,9,26361,中性盘
489,14:24:39,29.28,--,1,2928,卖盘
490,14:24:36,29.28,-0.02,11,32208,卖盘
491,14:24:30,29.3,--,2,5860,买盘
492,14:24:27,29.3,--,104,304720,买盘
493,14:24:24,29.3,--,10,29300,买盘
494,14:24:21,29.3,--,5,14650,买盘
495,14:24:18,29.3,--,8,23440,买盘
496,14:24:06,29.3,--,7,20510,买盘
497,14:24:03,29.3,-0.01,54,158220,卖盘
498,14:23:57,29.31,0.01,83,243273,买盘
499,14:23:54,29.3,--,2,5860,卖盘
500,14:23:51,29.3,-0.01,5,14650,卖盘
501,14:23:48,29.31,0.01,10,29310,买盘
502,14:23:45,29.3,--,1,2930,卖盘
503,14:23:39,29.3,--,2,5860,卖盘
504,14:23:33,29.3,-0.01,1,2930,卖盘
505,14:23:30,29.31,0.01,30,87930,买盘
506,14:23:27,29.3,--,11,32230,卖盘
507,14:23:24,29.3,-0.01,167,489310,卖盘
508,14:23:21,29.31,--,58,169998,卖盘
509,14:23:18,29.31,0.01,117,342927,买盘
510,14:23:12,29.3,0.01,79,231470,买盘
511,14:23:00,29.29,-0.01,6,17574,卖盘
512,14:22:57,29.3,0.01,5,14650,卖盘
513,14:22:48,29.29,-0.01,16,46864,卖盘
514,14:22:45,29.3,-0.01,5,14650,中性盘
515,14:22:42,29.31,0.01,20,58620,买盘
516,14:22:36,29.3,--,53,155290,买盘
517,14:22:33,29.3,-0.02,33,96690,卖盘
518,14:22:30,29.32,0.02,5,14660,买盘
519,14:22:27,29.3,-0.01,1,2930,卖盘
520,14:22:24,29.31,--,203,594993,买盘
521,14:22:21,29.31,--,12,35172,卖盘
522,14:22:18,29.31,-0.02,73,213963,卖盘
523,14:22:15,29.33,0.02,131,384223,买盘
524,14:22:12,29.31,--,10,29310,卖盘
525,14:22:09,29.31,-0.01,11,32241,卖盘
526,14:22:06,29.32,--,2,5864,买盘
527,14:22:03,29.32,0.02,28,82096,买盘
528,14:22:00,29.3,-0.02,12,35160,卖盘
529,14:21:57,29.32,0.02,46,134872,买盘
530,14:21:54,29.3,-0.01,2,5860,卖盘
531,14:21:51,29.31,--,9,26379,买盘
532,14:21:48,29.31,0.01,2,5862,买盘
533,14:21:45,29.3,-0.01,41,120130,卖盘
534,14:21:42,29.31,-0.01,61,178791,卖盘
535,14:21:39,29.32,--,32,93824,买盘
536,14:21:33,29.32,0.01,11,32252,买盘
537,14:21:30,29.31,-0.02,15,43965,卖盘
538,14:21:27,29.33,0.01,100,293300,买盘
539,14:21:18,29.32,--,42,123144,卖盘
540,14:21:15,29.32,--,15,43980,卖盘
541,14:21:12,29.32,--,7,20524,卖盘
542,14:21:09,29.32,--,51,149532,卖盘
543,14:21:06,29.32,--,6,17592,卖盘
544,14:21:03,29.32,--,35,102620,卖盘
545,14:21:00,29.32,--,11,32252,卖盘
546,14:20:57,29.32,0.02,49,143668,买盘
547,14:20:54,29.3,0.01,15,43950,买盘
548,14:20:51,29.29,-0.03,10,29290,卖盘
549,14:20:48,29.32,0.01,24,70368,买盘
550,14:20:45,29.31,0.02,21,61551,中性盘
551,14:20:36,29.29,-0.01,15,43935,卖盘
552,14:20:33,29.3,0.01,9,26370,买盘
553,14:20:30,29.29,--,40,117160,卖盘
554,14:20:27,29.29,-0.01,5,14645,卖盘
555,14:20:24,29.3,--,41,120130,卖盘
556,14:20:21,29.3,--,32,93760,买盘
557,14:20:18,29.3,0.01,24,70320,买盘
558,14:20:15,29.29,-0.01,15,43935,卖盘
559,14:20:09,29.3,--,102,298860,买盘
560,14:20:06,29.3,--,323,946390,买盘
561,14:20:03,29.3,0.01,87,254910,买盘
562,14:20:00,29.29,--,1,2929,买盘
563,14:19:57,29.29,--,3,8787,买盘
564,14:19:54,29.29,--,65,190385,买盘
565,14:19:51,29.29,0.02,10,29290,买盘
566,14:19:48,29.27,0.01,2,5854,买盘
567,14:19:42,29.26,-0.01,30,87780,卖盘
568,14:19:39,29.27,0.01,16,46832,买盘
569,14:19:36,29.26,0.01,39,114728,买盘
570,14:19:33,29.25,0.03,20,58500,买盘
571,14:19:30,29.22,-0.01,14,40908,卖盘
572,14:19:24,29.23,--,3,10230,买盘
573,14:19:15,29.23,0.02,20,58460,买盘
574,14:19:12,29.21,-0.01,22,64262,卖盘
575,14:19:06,29.22,0.02,4,11688,买盘
576,14:18:57,29.2,0.01,105,308819,买盘
577,14:18:54,29.19,--,33,96327,买盘
578,14:18:51,29.19,--,102,297738,买盘
579,14:18:48,29.19,0.04,11,32109,买盘
580,14:18:42,29.15,-0.04,300,874500,卖盘
581,14:18:39,29.19,0.02,133,388227,买盘
582,14:18:36,29.17,--,20,58340,卖盘
583,14:18:33,29.17,-0.01,17,49589,卖盘
584,14:18:30,29.18,--,2,5836,买盘
585,14:18:24,29.18,--,10,29180,买盘
586,14:18:15,29.18,--,10,29180,买盘
587,14:18:09,29.18,--,14,40852,买盘
588,14:18:03,29.18,0.01,10,29180,买盘
589,14:18:00,29.17,-0.01,5,14585,卖盘
590,14:17:57,29.18,--,7,20426,买盘
591,14:17:54,29.18,--,11,32098,买盘
592,14:17:51,29.18,0.02,1,2918,买盘
593,14:17:48,29.16,-0.02,24,69984,卖盘
594,14:17:42,29.18,0.01,13,37934,买盘
595,14:17:39,29.17,--,12,35004,买盘
596,14:17:36,29.17,--,1,2917,买盘
597,14:17:33,29.17,--,12,35004,买盘
598,14:17:30,29.17,--,57,166269,买盘
599,14:17:27,29.17,0.01,1,2917,买盘
600,14:17:18,29.16,--,17,49572,卖盘
601,14:17:03,29.16,-0.01,87,253692,卖盘
602,14:17:00,29.17,0.01,8,23336,买盘
603,14:16:57,29.16,-0.01,1,2916,卖盘
604,14:16:54,29.17,0.01,2,5834,买盘
605,14:16:51,29.16,-0.01,10,29160,卖盘
606,14:16:48,29.17,--,10,29170,买盘
607,14:16:45,29.17,--,100,291700,买盘
608,14:16:42,29.17,0.01,3,8751,买盘
609,14:16:36,29.16,0.01,11,32076,买盘
610,14:16:33,29.15,-0.01,20,58300,卖盘
611,14:16:30,29.16,--,5,14580,买盘
612,14:16:27,29.16,0.01,46,134136,买盘
613,14:16:21,29.15,-0.01,2,5830,卖盘
614,14:16:18,29.16,--,2,5832,买盘
615,14:16:12,29.16,0.01,80,233280,买盘
616,14:16:09,29.15,--,4,11660,卖盘
617,14:16:03,29.15,0.02,54,157410,买盘
618,14:15:57,29.13,--,2,5826,卖盘
619,14:15:51,29.13,--,11,32043,卖盘
620,14:15:48,29.13,-0.02,1,2913,卖盘
621,14:15:45,29.15,0.02,5,14575,买盘
622,14:15:36,29.13,--,17,49521,买盘
623,14:15:27,29.13,--,17,49521,买盘
624,14:15:21,29.13,--,4,11652,买盘
625,14:15:18,29.13,--,3,8739,买盘
626,14:15:15,29.13,0.03,1,2913,买盘
627,14:15:03,29.1,--,10,29100,卖盘
628,14:14:54,29.1,-0.03,122,355020,卖盘
629,14:14:51,29.13,0.01,3,8739,买盘
630,14:14:48,29.12,0.02,9,26208,买盘
631,14:14:27,29.1,--,1,2910,卖盘
632,14:14:21,29.1,--,3,8730,卖盘
633,14:14:15,29.1,--,25,72866,买盘
634,14:14:12,29.1,--,3,8730,买盘
635,14:14:09,29.1,--,2,5820,买盘
636,14:14:06,29.1,--,15,43650,买盘
637,14:13:57,29.1,--,10,29100,买盘
638,14:13:51,29.1,--,2,5820,买盘
639,14:13:48,29.1,--,9,26190,买盘
640,14:13:45,29.1,--,12,34920,买盘
641,14:13:42,29.1,--,461,1341510,买盘
642,14:13:39,29.1,0.01,2,5820,买盘
643,14:13:36,29.09,-0.01,5,14545,卖盘
644,14:13:33,29.1,--,2,5820,买盘
645,14:13:30,29.1,--,4,11640,买盘
646,14:13:21,29.1,--,22,64020,买盘
647,14:13:18,29.1,--,9,26190,买盘
648,14:13:15,29.1,-0.03,156,456753,卖盘
649,14:13:12,29.13,0.01,32,93216,买盘
650,14:13:09,29.12,--,1,2912,卖盘
651,14:12:57,29.12,-0.01,7,20384,卖盘
652,14:12:54,29.13,--,3,8739,买盘
653,14:12:51,29.13,--,10,29130,买盘
654,14:12:48,29.13,--,9,26217,买盘
655,14:12:45,29.13,--,2,5826,买盘
656,14:12:24,29.13,0.03,5,14565,买盘
657,14:12:06,29.1,-0.03,1,2910,卖盘
658,14:12:03,29.13,--,8,23304,买盘
659,14:12:00,29.13,--,1,2913,买盘
660,14:11:57,29.13,--,21,61173,买盘
661,14:11:51,29.13,--,4,11652,买盘
662,14:11:48,29.13,--,11,32043,买盘
663,14:11:45,29.13,0.03,3,8739,买盘
664,14:11:42,29.1,-0.03,506,1472460,卖盘
665,14:11:39,29.13,--,12,34956,买盘
666,14:11:36,29.13,--,17,49521,买盘
667,14:11:33,29.13,0.01,112,326256,买盘
668,14:11:30,29.12,-0.01,94,273728,卖盘
669,14:11:21,29.13,0.01,7,20391,买盘
670,14:11:15,29.12,0.01,19,55328,买盘
671,14:11:12,29.11,-0.01,39,113645,卖盘
672,14:11:09,29.12,--,2,5824,买盘
673,14:11:06,29.12,0.01,3,8736,买盘
674,14:11:03,29.11,--,7,20377,卖盘
675,14:11:00,29.11,--,30,87330,卖盘
676,14:10:57,29.11,--,7,20377,卖盘
677,14:10:51,29.11,--,1,2911,卖盘
678,14:10:45,29.11,--,54,157194,买盘
679,14:10:39,29.11,--,4,11644,买盘
680,14:10:36,29.11,--,30,87330,买盘
681,14:10:27,29.11,--,8,23288,买盘
682,14:10:24,29.11,-0.01,104,302744,卖盘
683,14:10:21,29.12,--,3,8736,买盘
684,14:10:06,29.12,--,1,2912,买盘
685,14:10:00,29.12,--,3,8736,买盘
686,14:09:57,29.12,--,1,2912,买盘
687,14:09:54,29.12,0.02,22,64064,买盘
688,14:09:48,29.1,-0.02,23,66930,卖盘
689,14:09:33,29.12,--,1,2912,买盘
690,14:09:27,29.12,--,18,52416,买盘
691,14:09:21,29.12,--,31,90272,买盘
692,14:09:15,29.12,--,7,20384,买盘
693,14:09:09,29.12,--,10,29120,买盘
694,14:09:00,29.12,-0.01,8,23296,卖盘
695,14:08:48,29.13,0.03,9,26217,买盘
696,14:08:39,29.1,--,3,8730,卖盘
697,14:08:36,29.1,--,25,72750,卖盘
698,14:08:21,29.1,-0.03,45,130950,卖盘
699,14:08:18,29.13,--,3,8739,买盘
700,14:08:06,29.13,0.03,2,5826,买盘
701,14:08:03,29.1,-0.03,14,40740,卖盘
702,14:07:54,29.13,0.01,5,14565,买盘
703,14:07:51,29.12,--,1,2912,买盘
704,14:07:48,29.12,0.02,9,26208,买盘
705,14:07:33,29.1,--,16,49208,买盘
706,14:07:30,29.1,--,10,29100,买盘
707,14:07:27,29.1,--,10,29100,买盘
708,14:07:24,29.1,--,7,20370,买盘
709,14:07:21,29.1,--,75,218250,买盘
710,14:07:15,29.1,0.01,20,58200,买盘
711,14:07:12,29.09,--,27,78543,卖盘
712,14:07:03,29.09,-0.01,20,58180,卖盘
713,14:07:00,29.1,--,86,250260,买盘
714,14:06:54,29.1,--,10,29100,买盘
715,14:06:48,29.1,--,30,87300,买盘
716,14:06:45,29.1,0.01,6,17460,买盘
717,14:06:42,29.09,-0.01,15,43635,卖盘
718,14:06:39,29.1,--,2,5820,买盘
719,14:06:36,29.1,--,2,5820,买盘
720,14:06:30,29.1,--,1,2910,买盘
721,14:06:24,29.1,-0.02,5,14811,卖盘
722,14:06:21,29.12,0.02,5,14560,买盘
723,14:06:09,29.1,--,6,17460,卖盘
724,14:06:03,29.1,--,5,17198,买盘
725,14:06:00,29.1,0.01,8,23280,买盘
726,14:05:57,29.09,-0.01,5,14545,卖盘
727,14:05:51,29.1,--,13,37830,卖盘
728,14:05:48,29.1,--,11,32010,买盘
729,14:05:42,29.1,--,5,14550,买盘
730,14:05:39,29.1,--,4,11640,买盘
731,14:05:33,29.1,--,4,11640,买盘
732,14:05:30,29.1,--,1,2910,买盘
733,14:05:27,29.1,-0.03,174,506340,卖盘
734,14:05:24,29.13,--,10,29130,买盘
735,14:05:09,29.13,0.01,2,5826,买盘
736,14:05:06,29.12,-0.01,9,26208,卖盘
737,14:05:03,29.13,--,3,8739,买盘
738,14:04:54,29.13,-0.02,66,192258,卖盘
739,14:04:51,29.15,--,10,29412,卖盘
740,14:04:48,29.15,0.01,30,90102,买盘
741,14:04:39,29.14,-0.01,35,101990,卖盘
742,14:04:33,29.15,--,10,29150,买盘
743,14:04:30,29.15,--,4,11660,买盘
744,14:04:27,29.15,--,23,67045,买盘
745,14:04:12,29.15,--,46,134090,买盘
746,14:03:57,29.15,--,49,142835,买盘
747,14:03:54,29.15,-0.03,91,265527,卖盘
748,14:03:48,29.18,0.03,9,26262,买盘
749,14:03:45,29.15,-0.03,500,1457500,卖盘
750,14:03:42,29.18,0.01,1,2918,买盘
751,14:03:39,29.17,-0.01,6,17502,卖盘
752,14:03:36,29.18,--,13,37934,买盘
753,14:03:24,29.18,0.01,7,20426,买盘
754,14:03:21,29.17,-0.01,11,32087,卖盘
755,14:03:15,29.18,--,10,29180,买盘
756,14:03:06,29.18,--,5,14590,买盘
757,14:03:03,29.18,--,3,8754,买盘
758,14:02:48,29.18,0.01,29,84622,买盘
759,14:02:39,29.17,--,23,67091,卖盘
760,14:02:36,29.17,--,26,75842,卖盘
761,14:02:33,29.17,0.01,310,904270,买盘
762,14:02:24,29.16,--,4,11664,买盘
763,14:02:18,29.16,--,28,81648,买盘
764,14:02:15,29.16,--,10,29160,卖盘
765,14:02:12,29.16,-0.01,66,192456,卖盘
766,14:02:06,29.17,--,414,1207638,买盘
767,14:02:03,29.17,--,20,58340,买盘
768,14:02:00,29.17,--,4,11668,买盘
769,14:01:57,29.17,--,1,2917,买盘
770,14:01:54,29.17,-0.01,12,35004,卖盘
771,14:01:51,29.18,--,1,2918,买盘
772,14:01:48,29.18,--,59,172162,买盘
773,14:01:39,29.18,--,8,23344,买盘
774,14:01:33,29.18,--,17,49606,买盘
775,14:01:30,29.18,--,13,37934,买盘
776,14:01:27,29.18,0.01,11,32098,买盘
777,14:01:24,29.17,--,10,29170,卖盘
778,14:01:21,29.17,-0.01,11,32087,卖盘
779,14:01:18,29.18,--,11,32098,买盘
780,14:01:12,29.18,--,5,14590,买盘
781,14:01:06,29.18,--,2,5836,买盘
782,14:01:03,29.18,--,2,5836,买盘
783,14:01:00,29.18,--,162,472716,买盘
784,14:00:57,29.18,--,23,67114,买盘
785,14:00:54,29.18,--,15,43770,买盘
786,14:00:48,29.18,--,46,134228,买盘
787,14:00:39,29.18,0.01,10,29180,买盘
788,14:00:36,29.17,-0.01,21,61257,卖盘
789,14:00:33,29.18,0.01,7,20426,买盘
790,14:00:30,29.17,--,30,87510,卖盘
791,14:00:27,29.17,--,9,26253,卖盘
792,14:00:24,29.17,0.01,313,913021,买盘
793,14:00:12,29.16,--,35,102060,买盘
794,14:00:09,29.16,--,19,55404,买盘
795,14:00:06,29.16,--,48,139968,买盘
796,14:00:03,29.16,--,1,2916,买盘
797,14:00:00,29.16,--,27,78732,买盘
798,13:59:57,29.16,--,116,338256,买盘
799,13:59:51,29.16,--,1,2916,买盘
800,13:59:48,29.16,--,61,177876,买盘
801,13:59:45,29.16,--,1,2916,买盘
802,13:59:42,29.16,0.01,10,29160,买盘
803,13:59:39,29.15,-0.01,2,5830,卖盘
804,13:59:36,29.16,0.02,885,2583313,买盘
805,13:59:33,29.14,--,17,49538,买盘
806,13:59:24,29.14,0.01,216,630502,买盘
807,13:59:21,29.13,--,7,20391,买盘
808,13:59:15,29.13,--,35,101955,买盘
809,13:59:12,29.13,--,30,87390,买盘
810,13:59:00,29.13,0.02,210,611730,买盘
811,13:58:57,29.11,-0.01,3,8733,卖盘
812,13:58:54,29.12,--,18,52416,买盘
813,13:58:51,29.12,--,9,26208,买盘
814,13:58:48,29.12,--,9,26208,买盘
815,13:58:36,29.12,0.02,5,14560,买盘
816,13:58:33,29.1,--,126,367300,卖盘
817,13:58:27,29.1,--,1,2910,卖盘
818,13:58:21,29.1,--,83,241530,卖盘
819,13:58:18,29.1,--,200,582000,卖盘
820,13:58:15,29.1,0.01,148,432396,买盘
821,13:58:06,29.09,--,5,14545,卖盘
822,13:58:03,29.09,-0.01,33,98644,卖盘
823,13:57:51,29.1,--,200,582000,买盘
824,13:57:48,29.1,--,30,87300,买盘
825,13:57:45,29.1,--,12,34920,买盘
826,13:57:42,29.1,--,20,58200,买盘
827,13:57:39,29.1,0.01,8,23280,买盘
828,13:57:36,29.09,-0.01,13,37817,卖盘
829,13:57:33,29.1,--,73,213273,买盘
830,13:57:27,29.1,--,18,52380,买盘
831,13:57:24,29.1,--,34,100133,卖盘
832,13:57:09,29.1,--,13,37830,卖盘
833,13:57:03,29.1,--,5,16557,卖盘
834,13:56:54,29.1,--,145,424569,买盘
835,13:56:51,29.1,--,2,5820,买盘
836,13:56:48,29.1,--,9,26190,买盘
837,13:56:42,29.1,--,6,17460,买盘
838,13:56:36,29.1,-0.02,40,116691,卖盘
839,13:56:33,29.12,--,19,57948,买盘
840,13:56:27,29.12,--,1,2912,买盘
841,13:56:18,29.12,-0.01,6,17472,买盘
842,13:56:12,29.13,--,3,8739,买盘
843,13:56:06,29.13,0.04,13,37869,买盘
844,13:56:03,29.09,-0.01,8,25715,卖盘
845,13:56:00,29.1,-0.03,2,5820,卖盘
846,13:55:51,29.13,0.03,94,273822,买盘
847,13:55:48,29.1,--,0,523,买盘
848,13:55:45,29.1,--,2,5820,买盘
849,13:55:39,29.1,--,10,29100,买盘
850,13:55:36,29.1,--,1,2910,买盘
851,13:55:33,29.1,--,15,44261,买盘
852,13:55:21,29.1,--,7,20370,买盘
853,13:55:12,29.1,0.01,108,314280,买盘
854,13:55:06,29.09,--,1,2909,卖盘
855,13:55:03,29.09,-0.01,20,60478,卖盘
856,13:55:00,29.1,--,1,2910,买盘
857,13:54:54,29.1,--,5,14550,买盘
858,13:54:45,29.1,0.01,62,180420,买盘
859,13:54:42,29.09,--,0,436,买盘
860,13:54:39,29.09,--,8,25744,卖盘
861,13:54:33,29.09,-0.01,25,74674,卖盘
862,13:54:30,29.1,--,78,226980,买盘
863,13:54:27,29.1,--,2,5820,买盘
864,13:54:24,29.1,--,12,34920,买盘
865,13:54:21,29.1,--,36,104760,买盘
866,13:54:18,29.1,0.01,13,37830,买盘
867,13:54:03,29.09,-0.04,41,120432,卖盘
868,13:54:00,29.13,0.03,25,72825,买盘
869,13:53:51,29.1,-0.03,17,49470,卖盘
870,13:53:48,29.13,--,9,26217,买盘
871,13:53:36,29.13,0.04,3,8739,买盘
872,13:53:33,29.09,-0.01,52,153653,卖盘
873,13:53:27,29.1,-0.03,27,78570,卖盘
874,13:53:18,29.13,0.03,10,29130,买盘
875,13:53:12,29.1,-0.03,19,55290,卖盘
876,13:53:06,29.13,0.01,10,29130,买盘
877,13:53:03,29.12,-0.01,27,79206,卖盘
878,13:52:57,29.13,0.04,2,5826,买盘
879,13:52:45,29.09,-0.04,100,290900,卖盘
880,13:52:42,29.13,0.01,4,11652,买盘
881,13:52:39,29.12,--,1,2912,买盘
882,13:52:36,29.12,--,3,8736,买盘
883,13:52:33,29.12,-0.02,131,383248,卖盘
884,13:52:30,29.14,0.01,102,297228,买盘
885,13:52:27,29.13,-0.01,2,5826,卖盘
886,13:52:24,29.14,0.01,2,5828,买盘
887,13:52:21,29.13,-0.01,2,5826,卖盘
888,13:52:18,29.14,--,10,29140,买盘
889,13:52:15,29.14,--,8,23312,买盘
890,13:52:12,29.14,--,3,8742,买盘
891,13:52:09,29.14,0.01,3,8742,买盘
892,13:52:06,29.13,-0.01,4,11652,卖盘
893,13:52:03,29.14,--,8,25031,买盘
894,13:51:57,29.14,0.01,2,5828,买盘
895,13:51:54,29.13,-0.01,2,5826,卖盘
896,13:51:48,29.14,--,15,43710,买盘
897,13:51:36,29.14,0.02,500,1457000,买盘
898,13:51:33,29.12,-0.01,3,11065,卖盘
899,13:51:30,29.13,--,3,8739,买盘
900,13:51:18,29.13,--,1,2913,买盘
901,13:51:09,29.13,0.01,13,37869,买盘
902,13:51:03,29.12,--,7,21577,买盘
903,13:51:00,29.12,-0.01,6,17472,卖盘
904,13:50:57,29.13,--,4,11652,买盘
905,13:50:48,29.13,0.01,9,26217,买盘
906,13:50:42,29.12,0.01,6,17472,中性盘
907,13:50:33,29.11,-0.01,4,12138,卖盘
908,13:50:21,29.12,--,7,22102,买盘
909,13:50:18,29.12,--,1,2912,买盘
910,13:50:06,29.12,--,1,4105,卖盘
911,13:50:03,29.12,-0.01,12,36662,卖盘
912,13:49:48,29.13,--,11,32043,买盘
913,13:49:42,29.13,0.01,3,8739,买盘
914,13:49:33,29.12,-0.01,9,26208,卖盘
915,13:49:27,29.13,--,1,2913,买盘
916,13:49:12,29.13,-0.01,3,9001,卖盘
917,13:49:06,29.14,0.01,46,134044,买盘
918,13:49:03,29.13,-0.01,36,107518,卖盘
919,13:49:00,29.14,0.01,1,2914,买盘
920,13:48:57,29.13,--,2,5826,卖盘
921,13:48:48,29.13,--,1,2913,卖盘
922,13:48:45,29.13,--,7,20391,卖盘
923,13:48:42,29.13,-0.01,10,29130,买盘
924,13:48:39,29.14,0.01,90,262260,买盘
925,13:48:33,29.13,-0.01,14,43345,中性盘
926,13:48:30,29.14,--,4,11656,买盘
927,13:48:27,29.14,0.01,11,32054,买盘
928,13:48:24,29.13,--,26,75738,卖盘
929,13:48:21,29.13,-0.01,2,5826,卖盘
930,13:48:15,29.14,0.01,1,2914,买盘
931,13:48:12,29.13,--,21,61173,卖盘
932,13:48:09,29.13,0.03,5,14594,买盘
933,13:48:06,29.1,-0.03,0,2880,卖盘
934,13:48:03,29.13,0.03,10,29159,买盘
935,13:47:51,29.1,-0.03,4,11640,卖盘
936,13:47:48,29.13,0.04,9,26217,买盘
937,13:47:45,29.09,0.01,2,5818,中性盘
938,13:47:39,29.08,-0.01,12,34896,卖盘
939,13:47:36,29.09,0.01,3,8727,买盘
940,13:47:33,29.08,-0.01,15,45044,卖盘
941,13:47:21,29.09,--,5,14545,买盘
942,13:47:18,29.09,--,7,20363,买盘
943,13:47:12,29.09,--,9,26181,买盘
944,13:47:03,29.09,--,17,50645,买盘
945,13:46:57,29.09,-0.06,19,55271,卖盘
946,13:46:54,29.15,0.01,5,14575,买盘
947,13:46:51,29.14,--,10,29140,买盘
948,13:46:48,29.14,--,9,26226,买盘
949,13:46:45,29.14,0.06,1,2914,买盘
950,13:46:33,29.08,--,55,161713,卖盘
951,13:46:21,29.08,-0.06,100,290800,卖盘
952,13:46:18,29.14,-0.01,5,14570,买盘
953,13:46:12,29.15,--,8,23320,买盘
954,13:46:06,29.15,0.02,4,11660,买盘
955,13:46:03,29.13,--,4,13079,卖盘
956,13:46:00,29.13,-0.02,2,5826,卖盘
957,13:45:54,29.15,0.01,7,20405,买盘
958,13:45:48,29.14,-0.01,12,34968,买盘
959,13:45:39,29.15,--,2,5830,买盘
960,13:45:36,29.15,0.03,9,26235,买盘
961,13:45:33,29.12,-0.01,93,271048,卖盘
962,13:45:30,29.13,0.01,5,14565,中性盘
963,13:45:24,29.12,-0.02,10,29120,卖盘
964,13:45:18,29.14,0.02,13,37882,买盘
965,13:45:06,29.12,--,10,29120,卖盘
966,13:45:03,29.12,0.02,82,239191,买盘
967,13:45:00,29.1,--,6,17460,买盘
968,13:44:57,29.1,--,1,2910,买盘
969,13:44:54,29.1,--,9,26190,买盘
970,13:44:51,29.1,--,1,2910,买盘
971,13:44:48,29.1,--,12,34920,买盘
972,13:44:42,29.1,--,8,23280,买盘
973,13:44:39,29.1,--,9,26190,买盘
974,13:44:36,29.1,--,1,2910,买盘
975,13:44:33,29.1,0.01,5,16005,买盘
976,13:44:30,29.09,--,1,2909,卖盘
977,13:44:27,29.09,-0.01,2,5818,卖盘
978,13:44:24,29.1,0.02,12,34920,买盘
979,13:44:12,29.08,--,2,5816,卖盘
980,13:44:06,29.08,--,38,110504,买盘
981,13:44:03,29.08,--,65,191346,买盘
982,13:44:00,29.08,--,11,31987,买盘
983,13:43:57,29.08,--,200,581600,买盘
984,13:43:54,29.08,--,13,37804,买盘
985,13:43:51,29.08,--,7,20356,买盘
986,13:43:48,29.08,--,1,2908,买盘
987,13:43:45,29.08,0.01,8,23264,买盘
988,13:43:42,29.07,0.01,8,23256,买盘
989,13:43:39,29.06,--,21,61026,卖盘
990,13:43:33,29.06,--,47,138616,卖盘
991,13:43:27,29.06,0.01,19,58090,买盘
992,13:43:24,29.05,-0.01,14,40670,卖盘
993,13:43:18,29.06,0.01,100,290600,买盘
994,13:43:15,29.05,--,3,8715,卖盘
995,13:43:12,29.05,-0.01,17,49385,卖盘
996,13:43:09,29.06,--,3,8718,买盘
997,13:43:06,29.06,0.03,3,8718,买盘
998,13:43:03,29.03,-0.03,362,1051902,卖盘
999,13:43:00,29.06,--,16,46496,买盘
1000,13:42:54,29.06,0.02,24,69744,买盘
1001,13:42:51,29.04,-0.01,136,394973,卖盘
1002,13:42:48,29.05,--,11,31955,卖盘
1003,13:42:45,29.05,--,21,61005,卖盘
1004,13:42:42,29.05,--,20,58100,卖盘
1005,13:42:39,29.05,0.01,77,223685,买盘
1006,13:42:36,29.04,--,9,26136,卖盘
1007,13:42:33,29.04,--,67,197442,卖盘
1008,13:42:27,29.04,--,2,5808,卖盘
1009,13:42:24,29.04,0.01,7,20328,卖盘
1010,13:42:15,29.03,-0.01,70,203210,卖盘
1011,13:42:12,29.04,0.01,93,272162,买盘
1012,13:42:06,29.03,-0.01,25,72575,卖盘
1013,13:42:03,29.04,0.01,51,150717,买盘
1014,13:42:00,29.03,-0.01,11,31933,卖盘
1015,13:41:57,29.04,0.01,6,17424,买盘
1016,13:41:54,29.03,--,45,130635,卖盘
1017,13:41:51,29.03,-0.01,4,12424,卖盘
1018,13:41:48,29.04,--,12,34848,卖盘
1019,13:41:45,29.04,--,7,21315,卖盘
1020,13:41:42,29.04,--,10,29040,卖盘
1021,13:41:39,29.04,--,1,2904,卖盘
1022,13:41:36,29.04,-0.02,4,11616,卖盘
1023,13:41:33,29.06,--,88,257384,买盘
1024,13:41:30,29.06,0.01,14,40684,买盘
1025,13:41:27,29.05,-0.01,2,5810,卖盘
1026,13:41:21,29.06,--,66,191796,买盘
1027,13:41:18,29.06,0.01,10,29060,买盘
1028,13:41:15,29.05,-0.01,25,72625,卖盘
1029,13:41:09,29.06,-0.01,5,14530,中性盘
1030,13:41:06,29.07,0.01,20,58140,买盘
1031,13:41:03,29.06,-0.01,48,141841,卖盘
1032,13:41:00,29.07,0.01,18,52326,买盘
1033,13:40:57,29.06,--,8,23248,卖盘
1034,13:40:54,29.06,-0.01,50,145300,卖盘
1035,13:40:51,29.07,--,22,63954,买盘
1036,13:40:48,29.07,0.01,9,26163,买盘
1037,13:40:45,29.06,-0.01,7,20342,卖盘
1038,13:40:36,29.07,-0.01,7,22267,卖盘
1039,13:40:33,29.08,--,36,107450,买盘
1040,13:40:30,29.08,--,3,8724,买盘
1041,13:40:27,29.08,--,5,14540,买盘
1042,13:40:21,29.08,0.01,5,14540,买盘
1043,13:40:18,29.07,-0.01,15,43605,卖盘
1044,13:40:15,29.08,--,13,37804,中性盘
1045,13:40:12,29.08,--,2,5816,卖盘
1046,13:40:06,29.08,--,2,5816,卖盘
1047,13:40:03,29.08,--,95,278557,卖盘
1048,13:40:00,29.08,-0.02,18,52344,卖盘
1049,13:39:57,29.1,0.02,25,72750,买盘
1050,13:39:54,29.08,--,4,11632,卖盘
1051,13:39:48,29.08,0.01,11,31987,买盘
1052,13:39:45,29.07,-0.01,3,8721,卖盘
1053,13:39:42,29.08,--,13,37804,买盘
1054,13:39:39,29.08,--,7,20356,买盘
1055,13:39:33,29.08,-0.01,41,120972,卖盘
1056,13:39:30,29.09,-0.01,8,23272,中性盘
1057,13:39:24,29.1,0.02,20,58200,买盘
1058,13:39:21,29.08,-0.02,54,157032,卖盘
1059,13:39:15,29.1,0.01,35,101850,买盘
1060,13:39:09,29.09,-0.01,1,4363,卖盘
1061,13:39:06,29.1,0.01,5,14550,买盘
1062,13:39:03,29.09,-0.01,25,74179,卖盘
1063,13:38:57,29.1,--,2,5820,买盘
1064,13:38:54,29.1,--,1,2910,买盘
1065,13:38:51,29.1,-0.04,2769,8060292,卖盘
1066,13:38:48,29.14,--,9,26226,买盘
1067,13:38:39,29.14,0.01,55,160270,买盘
1068,13:38:33,29.13,--,9,26217,卖盘
1069,13:38:27,29.13,-0.01,6,17478,卖盘
1070,13:38:24,29.14,--,15,43710,卖盘
1071,13:38:15,29.14,--,13,37882,卖盘
1072,13:38:12,29.14,--,67,195820,卖盘
1073,13:38:09,29.14,--,2,6410,卖盘
1074,13:38:06,29.14,0.02,27,78678,买盘
1075,13:38:03,29.12,-0.01,12,34944,卖盘
1076,13:37:57,29.13,--,2,5826,卖盘
1077,13:37:54,29.13,0.01,1,2913,中性盘
1078,13:37:48,29.12,--,15,43680,卖盘
1079,13:37:45,29.12,--,7,20384,卖盘
1080,13:37:42,29.12,-0.01,18,52416,卖盘
1081,13:37:36,29.13,--,9,26945,买盘
1082,13:37:33,29.13,0.01,195,569957,买盘
1083,13:37:30,29.12,--,130,381355,卖盘
1084,13:37:27,29.12,-0.01,2,5824,卖盘
1085,13:37:21,29.13,0.01,8,23304,买盘
1086,13:37:12,29.12,--,5,14560,卖盘
1087,13:37:06,29.12,-0.01,1,2912,卖盘
1088,13:37:03,29.13,--,8,25838,买盘
1089,13:36:57,29.13,--,11,34227,卖盘
1090,13:36:54,29.13,-0.01,2,5826,卖盘
1091,13:36:48,29.14,--,9,26226,买盘
1092,13:36:42,29.14,--,3,8742,买盘
1093,13:36:36,29.14,0.01,16,46624,买盘
1094,13:36:33,29.13,--,64,187043,卖盘
1095,13:36:30,29.13,-0.01,39,115413,卖盘
1096,13:36:27,29.14,--,10,29140,买盘
1097,13:36:21,29.14,--,2,5828,买盘
1098,13:36:18,29.14,-0.01,6,18066,卖盘
1099,13:36:09,29.15,--,9,26235,买盘
1100,13:36:06,29.15,--,2,5830,买盘
1101,13:36:03,29.15,--,58,171402,买盘
1102,13:35:54,29.15,-0.02,6,17490,卖盘
1103,13:35:48,29.17,0.02,9,26253,买盘
1104,13:35:39,29.15,0.02,4,11660,买盘
1105,13:35:33,29.13,--,0,1660,卖盘
1106,13:35:30,29.13,-0.04,2,6787,卖盘
1107,13:35:24,29.17,0.04,2,5834,买盘
1108,13:35:18,29.13,-0.05,6,17478,卖盘
1109,13:35:15,29.18,0.05,41,119638,买盘
1110,13:35:00,29.13,-0.05,148,431881,卖盘
1111,13:34:57,29.18,--,1,2918,买盘
1112,13:34:54,29.18,0.05,2,5836,买盘
1113,13:34:51,29.13,-0.06,134,390342,卖盘
1114,13:34:48,29.19,0.01,10,29190,买盘
1115,13:34:45,29.18,-0.01,2,5836,卖盘
1116,13:34:42,29.19,0.01,19,55461,买盘
1117,13:34:33,29.18,--,1,2918,卖盘
1118,13:34:30,29.18,-0.01,14,43478,卖盘
1119,13:34:27,29.19,--,4,11676,买盘
1120,13:34:15,29.19,0.03,10,29190,买盘
1121,13:34:12,29.16,-0.03,2,6415,卖盘
1122,13:34:09,29.19,0.03,8,23935,买盘
1123,13:34:06,29.16,-0.03,4,12247,卖盘
1124,13:34:03,29.19,0.03,26,77090,买盘
1125,13:34:00,29.16,--,15,43885,卖盘
1126,13:33:57,29.16,--,3,8748,卖盘
1127,13:33:48,29.16,--,17,51321,买盘
1128,13:33:36,29.16,0.01,4,11664,买盘
1129,13:33:33,29.15,-0.01,2,7870,卖盘
1130,13:33:24,29.16,0.01,5,14580,买盘
1131,13:33:21,29.15,--,2,5830,中性盘
1132,13:33:18,29.15,-0.01,1,2915,中性盘
1133,13:33:12,29.16,--,222,647352,买盘
1134,13:33:09,29.16,0.01,14,40824,买盘
1135,13:33:06,29.15,0.01,1,2915,买盘
1136,13:33:03,29.14,-0.01,6,18329,卖盘
1137,13:33:00,29.15,--,10,31511,卖盘
1138,13:32:57,29.15,-0.01,10,29150,卖盘
1139,13:32:54,29.16,0.01,35,102060,买盘
1140,13:32:51,29.15,-0.01,5,14575,中性盘
1141,13:32:42,29.16,0.01,35,102060,买盘
1142,13:32:39,29.15,-0.01,1,2915,买盘
1143,13:32:36,29.16,--,10,29160,买盘
1144,13:32:33,29.16,--,131,382579,买盘
1145,13:32:30,29.16,--,25,73483,买盘
1146,13:32:27,29.16,--,22,64152,买盘
1147,13:32:24,29.16,--,3,8748,买盘
1148,13:32:18,29.16,--,10,29160,买盘
1149,13:32:06,29.16,--,2,5832,买盘
1150,13:32:03,29.16,--,50,146966,卖盘
1151,13:32:00,29.16,--,3,10497,卖盘
1152,13:31:57,29.16,--,5,14580,卖盘
1153,13:31:54,29.16,--,20,58320,卖盘
1154,13:31:48,29.16,0.01,6,17496,买盘
1155,13:31:45,29.15,-0.01,3,8745,卖盘
1156,13:31:36,29.16,0.01,4,11664,买盘
1157,13:31:33,29.15,0.01,11,32065,买盘
1158,13:31:30,29.14,-0.01,91,266951,卖盘
1159,13:31:24,29.15,--,4,11660,卖盘
1160,13:31:21,29.15,--,33,96195,卖盘
1161,13:31:18,29.15,--,1,2915,卖盘
1162,13:31:15,29.15,0.02,24,69960,买盘
1163,13:31:09,29.13,0.01,16,46608,买盘
1164,13:31:06,29.12,--,11,32032,卖盘
1165,13:31:03,29.12,--,25,73207,卖盘
1166,13:31:00,29.12,-0.02,36,106666,卖盘
1167,13:30:57,29.14,--,8,23312,买盘
1168,13:30:54,29.14,0.02,18,52452,买盘
1169,13:30:51,29.12,-0.03,106,308672,卖盘
1170,13:30:48,29.15,0.03,6,17490,买盘
1171,13:30:45,29.12,-0.01,2,5824,卖盘
1172,13:30:39,29.13,0.01,7,20391,中性盘
1173,13:30:36,29.12,-0.02,95,276640,卖盘
1174,13:30:33,29.14,0.01,7,20398,买盘
1175,13:30:30,29.13,--,76,223427,卖盘
1176,13:30:27,29.13,--,217,632412,买盘
1177,13:30:24,29.13,0.01,6,17478,买盘
1178,13:30:21,29.12,--,4,11648,卖盘
1179,13:30:12,29.12,-0.04,20,60860,卖盘
1180,13:30:06,29.16,0.03,15,43740,买盘
1181,13:30:03,29.13,--,12,37606,卖盘
1182,13:30:00,29.13,-0.03,22,64639,卖盘
1183,13:29:54,29.16,0.02,10,29160,买盘
1184,13:29:48,29.14,-0.02,338,985398,卖盘
1185,13:29:45,29.16,-0.01,3,8748,卖盘
1186,13:29:39,29.17,--,49,142933,买盘
1187,13:29:30,29.17,-0.02,90,265184,卖盘
1188,13:29:24,29.19,0.01,1,2919,买盘
1189,13:29:15,29.18,-0.02,2,5836,卖盘
1190,13:29:12,29.2,--,3,9460,卖盘
1191,13:29:09,29.2,--,32,93440,卖盘
1192,13:29:03,29.2,--,199,583299,买盘
1193,13:28:57,29.2,--,53,155928,卖盘
1194,13:28:54,29.2,--,52,151840,卖盘
1195,13:28:48,29.2,0.02,5,16352,买盘
1196,13:28:45,29.18,-0.02,10,29180,卖盘
1197,13:28:42,29.2,--,9,26280,买盘
1198,13:28:36,29.2,--,5,14600,买盘
1199,13:28:33,29.2,--,78,227760,卖盘
1200,13:28:30,29.2,--,3,8760,卖盘
1201,13:28:27,29.2,--,3,8760,卖盘
1202,13:28:21,29.2,--,16,46720,买盘
1203,13:28:18,29.2,--,2,5840,买盘
1204,13:28:15,29.2,--,96,280320,卖盘
1205,13:28:12,29.2,0.02,4,11680,中性盘
1206,13:28:03,29.18,-0.02,73,213334,卖盘
1207,13:27:57,29.2,--,2,5840,卖盘
1208,13:27:54,29.2,-0.02,29,84680,卖盘
1209,13:27:48,29.22,--,20,58440,买盘
1210,13:27:45,29.22,0.02,9,26298,买盘
1211,13:27:36,29.2,--,2,5840,卖盘
1212,13:27:33,29.2,--,3,8760,卖盘
1213,13:27:30,29.2,--,33,97236,卖盘
1214,13:27:27,29.2,0.03,61,180105,买盘
1215,13:27:21,29.17,-0.01,91,267780,卖盘
1216,13:27:18,29.18,-0.01,1,2918,卖盘
1217,13:27:12,29.19,--,1,2919,买盘
1218,13:27:09,29.19,--,60,175140,买盘
1219,13:27:06,29.19,--,21,61649,卖盘
1220,13:27:03,29.19,-0.01,118,344850,卖盘
1221,13:27:00,29.2,0.01,2,5840,买盘
1222,13:26:57,29.19,-0.01,7,20433,卖盘
1223,13:26:48,29.2,--,15,43800,买盘
1224,13:26:42,29.2,--,30,87892,卖盘
1225,13:26:36,29.2,--,1,2920,卖盘
1226,13:26:33,29.2,--,199,583708,卖盘
1227,13:26:18,29.2,--,3,8760,买盘
1228,13:26:15,29.2,-0.02,22,64240,买盘
1229,13:26:03,29.22,0.03,4,11688,买盘
1230,13:26:00,29.19,-0.01,209,611151,卖盘
1231,13:25:54,29.2,--,31,90520,卖盘
1232,13:25:48,29.2,--,32,93440,卖盘
1233,13:25:42,29.2,--,5,14600,卖盘
1234,13:25:39,29.2,0.01,2,5840,卖盘
1235,13:25:36,29.19,0.01,37,109083,买盘
1236,13:25:30,29.18,-0.01,35,102421,卖盘
1237,13:25:27,29.19,--,18,52542,买盘
1238,13:25:24,29.19,--,9,26271,买盘
1239,13:25:21,29.19,-0.01,10,31028,卖盘
1240,13:25:18,29.2,-0.02,1,2920,卖盘
1241,13:25:12,29.22,--,503,1469766,买盘
1242,13:25:09,29.22,0.02,23,67206,买盘
1243,13:25:06,29.2,--,4,11680,卖盘
1244,13:25:03,29.2,--,25,74927,卖盘
1245,13:25:00,29.2,--,1010,2949200,卖盘
1246,13:24:51,29.2,-0.02,8,23360,卖盘
1247,13:24:48,29.22,-0.01,2,5844,中性盘
1248,13:24:42,29.23,0.03,17,49691,买盘
1249,13:24:36,29.2,-0.01,22,64240,卖盘
1250,13:24:33,29.21,-0.01,2,7886,卖盘
1251,13:24:27,29.22,-0.01,3,8766,卖盘
1252,13:24:24,29.23,0.03,5,14615,买盘
1253,13:24:12,29.2,-0.03,8,23360,卖盘
1254,13:24:03,29.23,0.01,5,14615,买盘
1255,13:24:00,29.22,--,114,335767,卖盘
1256,13:23:54,29.22,0.02,291,850594,买盘
1257,13:23:48,29.2,--,9,26280,买盘
1258,13:23:42,29.2,0.02,2,5840,买盘
1259,13:23:36,29.18,-0.02,10,29180,卖盘
1260,13:23:33,29.2,0.03,28,84212,买盘
1261,13:23:30,29.17,-0.04,39,114521,卖盘
1262,13:23:27,29.21,0.05,4,11684,买盘
1263,13:23:12,29.16,0.01,20,58320,中性盘
1264,13:23:03,29.15,-0.06,322,938950,卖盘
1265,13:23:00,29.21,--,58,171608,卖盘
1266,13:22:57,29.21,--,3,8763,卖盘
1267,13:22:54,29.21,-0.01,22,64262,卖盘
1268,13:22:51,29.22,--,43,125646,买盘
1269,13:22:48,29.22,0.01,119,347718,买盘
1270,13:22:42,29.21,-0.01,27,78867,卖盘
1271,13:22:39,29.22,-0.01,6,20161,卖盘
1272,13:22:36,29.23,--,14,40922,买盘
1273,13:22:33,29.23,0.01,38,113500,买盘
1274,13:22:30,29.22,--,6,18320,卖盘
1275,13:22:27,29.22,-0.01,200,584400,卖盘
1276,13:22:24,29.23,--,10,29230,买盘
1277,13:22:21,29.23,--,2,5846,买盘
1278,13:22:18,29.23,--,4,11692,买盘
1279,13:22:15,29.23,--,10,29230,买盘
1280,13:22:09,29.23,--,49,143227,买盘
1281,13:22:06,29.23,-0.03,7,22097,卖盘
1282,13:22:03,29.26,0.03,71,209764,买盘
1283,13:22:00,29.23,--,28,82837,卖盘
1284,13:21:54,29.23,--,2,5846,卖盘
1285,13:21:51,29.23,--,1,2923,卖盘
1286,13:21:48,29.23,--,3,8769,卖盘
1287,13:21:45,29.23,0.01,170,498108,买盘
1288,13:21:39,29.22,--,112,327264,卖盘
1289,13:21:33,29.22,--,26,77637,卖盘
1290,13:21:30,29.22,-0.01,86,253074,卖盘
1291,13:21:27,29.23,--,1,2923,买盘
1292,13:21:15,29.23,-0.01,15,43845,卖盘
1293,13:21:12,29.24,0.02,30,87720,买盘
1294,13:21:06,29.22,-0.01,10,29220,卖盘
1295,13:21:00,29.23,--,9,28645,卖盘
1296,13:20:57,29.23,-0.01,5,14615,买盘
1297,13:20:54,29.24,0.01,40,116960,买盘
1298,13:20:48,29.23,--,21,61383,卖盘
1299,13:20:45,29.23,--,1,2923,卖盘
1300,13:20:42,29.23,-0.01,8,23384,卖盘
1301,13:20:39,29.24,--,4,11696,买盘
1302,13:20:33,29.24,--,0,2309,卖盘
1303,13:20:30,29.24,-0.01,17,50322,卖盘
1304,13:20:24,29.25,0.01,3,8775,买盘
1305,13:20:21,29.24,-0.01,1,2924,卖盘
1306,13:20:18,29.25,-0.05,114,335585,卖盘
1307,13:20:06,29.3,0.04,41,120130,买盘
1308,13:20:03,29.26,-0.03,26,77480,卖盘
1309,13:20:00,29.29,--,4,11716,卖盘
1310,13:19:57,29.29,0.02,39,116837,买盘
1311,13:19:54,29.27,-0.01,3,8781,卖盘
1312,13:19:48,29.28,--,10,29280,买盘
1313,13:19:42,29.28,-0.01,18,53026,卖盘
1314,13:19:36,29.29,0.01,3,8787,买盘
1315,13:19:33,29.28,--,3,10687,卖盘
1316,13:19:30,29.28,-0.01,0,1083,卖盘
1317,13:19:24,29.29,0.01,1,2929,买盘
1318,13:19:18,29.28,-0.02,4,11712,卖盘
1319,13:19:12,29.3,--,3,8790,买盘
1320,13:19:06,29.3,0.02,4,11720,买盘
1321,13:19:00,29.28,-0.01,1,3337,卖盘
1322,13:18:54,29.29,--,1,2929,卖盘
1323,13:18:51,29.29,-0.01,3,8787,卖盘
1324,13:18:48,29.3,--,19,55670,买盘
1325,13:18:39,29.3,0.01,2,5860,中性盘
1326,13:18:33,29.29,-0.01,11,33566,卖盘
1327,13:18:30,29.3,--,1,2930,卖盘
1328,13:18:27,29.3,--,4,11720,卖盘
1329,13:18:24,29.3,--,11,32230,卖盘
1330,13:18:18,29.3,--,22,64460,卖盘
1331,13:18:15,29.3,--,1,2930,卖盘
1332,13:18:09,29.3,--,2,5860,卖盘
1333,13:18:03,29.3,--,72,211253,卖盘
1334,13:18:00,29.3,-0.01,125,367480,卖盘
1335,13:17:54,29.31,--,10,29310,买盘
1336,13:17:48,29.31,--,9,26379,买盘
1337,13:17:45,29.31,--,7,20517,买盘
1338,13:17:39,29.31,--,0,879,卖盘
1339,13:17:33,29.31,--,2,7913,卖盘
1340,13:17:24,29.31,-0.03,1,2931,卖盘
1341,13:17:21,29.34,--,5,14670,买盘
1342,13:17:12,29.34,0.04,10,29340,买盘
1343,13:17:09,29.3,--,61,178730,卖盘
1344,13:17:03,29.3,-0.01,14,42192,卖盘
1345,13:17:00,29.31,-0.02,1,2931,卖盘
1346,13:16:57,29.33,--,2,5866,买盘
1347,13:16:54,29.33,0.02,2,5866,买盘
1348,13:16:48,29.31,-0.02,7,20517,买盘
1349,13:16:36,29.33,0.03,7,20531,中性盘
1350,13:16:30,29.3,-0.01,114,335485,卖盘
1351,13:16:24,29.31,-0.02,2,5862,卖盘
1352,13:16:18,29.33,0.02,13,38129,买盘
1353,13:16:15,29.31,-0.02,20,58620,卖盘
1354,13:16:09,29.33,0.02,12,35196,买盘
1355,13:16:06,29.31,0.01,25,73275,买盘
1356,13:16:00,29.3,--,55,162175,卖盘
1357,13:15:54,29.3,-0.01,20,58600,卖盘
1358,13:15:51,29.31,--,1,2931,中性盘
1359,13:15:42,29.31,--,2,5862,买盘
1360,13:15:39,29.31,0.01,14,41034,买盘
1361,13:15:33,29.3,--,2,8350,卖盘
1362,13:15:30,29.3,-0.03,1,4834,卖盘
1363,13:15:27,29.33,0.02,2,5866,买盘
1364,13:15:24,29.31,--,5,14655,卖盘
1365,13:15:18,29.31,--,15,43965,卖盘
1366,13:15:12,29.31,0.01,23,68292,买盘
1367,13:15:03,29.3,--,10,31966,卖盘
1368,13:15:00,29.3,--,14,42748,卖盘
1369,13:14:54,29.3,-0.03,85,249050,卖盘
1370,13:14:48,29.33,0.01,9,26397,买盘
1371,13:14:42,29.32,-0.01,1,2932,卖盘
1372,13:14:36,29.33,--,4,11732,买盘
1373,13:14:33,29.33,0.01,2,5866,买盘
1374,13:14:30,29.32,-0.01,9,26388,卖盘
1375,13:14:27,29.33,--,13,38129,买盘
1376,13:14:24,29.33,-0.02,36,106174,卖盘
1377,13:14:21,29.35,-0.02,29,87639,卖盘
1378,13:14:18,29.37,--,3,8811,中性盘
1379,13:14:15,29.37,0.02,20,58740,买盘
1380,13:14:12,29.35,--,5,14675,卖盘
1381,13:14:03,29.35,--,116,342984,卖盘
1382,13:14:00,29.35,--,120,353021,卖盘
1383,13:13:57,29.35,--,1,2935,卖盘
1384,13:13:51,29.35,-0.01,9,26415,卖盘
1385,13:13:48,29.36,0.01,9,26424,买盘
1386,13:13:45,29.35,0.02,5,14675,中性盘
1387,13:13:30,29.33,-0.02,30,90336,卖盘
1388,13:13:27,29.35,0.02,4,11740,买盘
1389,13:13:21,29.33,-0.02,1,2933,卖盘
1390,13:13:06,29.35,--,12,36100,卖盘
1391,13:13:03,29.35,--,11,32285,卖盘
1392,13:13:00,29.35,--,155,456979,卖盘
1393,13:12:51,29.35,--,1,2935,卖盘
1394,13:12:48,29.35,0.02,2,5870,卖盘
1395,13:12:45,29.33,--,4,11732,买盘
1396,13:12:42,29.33,0.02,19,55727,买盘
1397,13:12:39,29.31,--,1,2931,卖盘
1398,13:12:33,29.31,--,13,38103,卖盘
1399,13:12:30,29.31,--,496,1456443,卖盘
1400,13:12:24,29.31,-0.02,60,175860,卖盘
1401,13:12:21,29.33,--,10,29330,买盘
1402,13:12:15,29.33,0.02,4,11732,中性盘
1403,13:12:00,29.31,-0.05,40,117591,卖盘
1404,13:11:57,29.36,--,2,5872,买盘
1405,13:11:51,29.36,0.03,3,8808,买盘
1406,13:11:48,29.33,--,3,8799,卖盘
1407,13:11:45,29.33,--,3,11028,买盘
1408,13:11:42,29.33,--,1,3636,卖盘
1409,13:11:39,29.33,0.03,18,55023,买盘
1410,13:11:30,29.3,-0.03,15,46030,卖盘
1411,13:11:27,29.33,-0.03,14,41765,卖盘
1412,13:11:24,29.36,--,4,11744,买盘
1413,13:11:21,29.36,0.03,3,8808,买盘
1414,13:11:15,29.33,--,4,13961,买盘
1415,13:11:06,29.33,0.03,24,70392,买盘
1416,13:11:03,29.3,0.04,67,196310,买盘
1417,13:11:00,29.26,-0.02,27,81635,卖盘
1418,13:10:57,29.28,0.02,25,73200,买盘
1419,13:10:48,29.26,--,28,81928,买盘
1420,13:10:45,29.26,--,9,26334,买盘
1421,13:10:42,29.26,-0.05,11,32186,卖盘
1422,13:10:33,29.31,0.03,84,246204,买盘
1423,13:10:30,29.28,-0.02,2,5856,卖盘
1424,13:10:27,29.3,-0.01,36,105480,卖盘
1425,13:10:18,29.31,0.01,9,26379,买盘
1426,13:10:12,29.3,-0.01,1,2930,卖盘
1427,13:10:06,29.31,--,9,26379,买盘
1428,13:10:03,29.31,-0.01,36,108065,卖盘
1429,13:10:00,29.32,--,171,501753,卖盘
1430,13:09:57,29.32,--,20,58640,卖盘
1431,13:09:51,29.32,-0.02,3,8796,卖盘
1432,13:09:45,29.34,0.01,9,26406,买盘
1433,13:09:42,29.33,--,1,3959,卖盘
1434,13:09:39,29.33,-0.01,3,8799,卖盘
1435,13:09:36,29.34,0.01,4,11736,买盘
1436,13:09:30,29.33,-0.03,21,62062,卖盘
1437,13:09:06,29.36,--,2,5872,买盘
1438,13:09:00,29.36,0.03,10,29360,买盘
1439,13:08:57,29.33,-0.02,20,58660,卖盘
1440,13:08:54,29.35,0.01,69,202515,卖盘
1441,13:08:48,29.34,-0.02,1,2934,卖盘
1442,13:08:45,29.36,--,10,29360,买盘
1443,13:08:30,29.36,0.02,245,721110,买盘
1444,13:08:24,29.34,--,1,2934,买盘
1445,13:08:21,29.34,-0.02,16,47061,卖盘
1446,13:08:18,29.36,--,10,29360,卖盘
1447,13:08:12,29.36,0.01,11,32296,买盘
1448,13:08:09,29.35,--,5,14675,卖盘
1449,13:08:00,29.35,-0.01,144,423755,卖盘
1450,13:07:57,29.36,0.01,2,5872,买盘
1451,13:07:54,29.35,--,2,5870,卖盘
1452,13:07:51,29.35,--,1,2935,卖盘
1453,13:07:45,29.35,--,3,8805,卖盘
1454,13:07:42,29.35,0.01,46,136712,买盘
1455,13:07:39,29.34,-0.01,1,2934,中性盘
1456,13:07:36,29.35,--,10,29350,买盘
1457,13:07:33,29.35,0.01,4,11740,买盘
1458,13:07:30,29.34,--,6,20185,买盘
1459,13:07:24,29.34,--,5,15902,卖盘
1460,13:07:00,29.34,-0.01,49,145966,卖盘
1461,13:06:54,29.35,--,48,140880,卖盘
1462,13:06:51,29.35,--,1,2935,卖盘
1463,13:06:48,29.35,--,16,46960,卖盘
1464,13:06:45,29.35,--,10,29350,卖盘
1465,13:06:33,29.35,0.01,18,52830,中性盘
1466,13:06:30,29.34,-0.03,73,215737,卖盘
1467,13:06:27,29.37,--,5,14685,买盘
1468,13:06:09,29.37,0.03,1,2937,卖盘
1469,13:06:00,29.34,-0.03,6,18484,卖盘
1470,13:05:57,29.37,-0.02,1,2937,卖盘
1471,13:05:51,29.39,0.02,4,11756,买盘
1472,13:05:48,29.37,-0.02,2,5874,中性盘
1473,13:05:45,29.39,0.05,10,29390,买盘
1474,13:05:42,29.34,-0.04,5,14670,卖盘
1475,13:05:39,29.38,0.05,3,8814,买盘
1476,13:05:30,29.33,-0.04,560,1642480,卖盘
1477,13:05:12,29.37,-0.03,23,67551,卖盘
1478,13:05:09,29.4,0.02,5,14700,买盘
1479,13:05:00,29.38,-0.02,19,56820,卖盘
1480,13:04:57,29.4,0.01,20,58800,买盘
1481,13:04:48,29.39,-0.01,11,32329,卖盘
1482,13:04:45,29.4,--,9,26460,买盘
1483,13:04:42,29.4,0.02,5,14700,买盘
1484,13:04:30,29.38,--,36,106766,卖盘
1485,13:04:24,29.38,-0.01,2,5876,卖盘
1486,13:04:21,29.39,0.01,2,5878,买盘
1487,13:04:15,29.38,--,5,14690,卖盘
1488,13:04:12,29.38,-0.01,2,5876,卖盘
1489,13:04:06,29.39,0.01,13,38207,中性盘
1490,13:04:00,29.38,-0.01,10,31495,卖盘
1491,13:03:54,29.39,--,5,14695,卖盘
1492,13:03:48,29.39,--,8,23512,卖盘
1493,13:03:45,29.39,-0.01,0,293,卖盘
1494,13:03:42,29.4,0.01,4,11760,买盘
1495,13:03:30,29.39,--,57,168610,卖盘
1496,13:03:24,29.39,--,2,5878,卖盘
1497,13:03:09,29.39,--,4,11756,卖盘
1498,13:03:03,29.39,--,7,20573,卖盘
1499,13:03:00,29.39,0.01,99,291490,中性盘
1500,13:02:57,29.38,-0.01,5,14690,卖盘
1501,13:02:54,29.39,0.01,2,5878,买盘
1502,13:02:48,29.38,-0.02,2,5876,卖盘
1503,13:02:45,29.4,0.01,9,26460,买盘
1504,13:02:39,29.39,0.01,10,29390,中性盘
1505,13:02:30,29.38,-0.01,55,163940,卖盘
1506,13:02:27,29.39,-0.01,14,41146,卖盘
1507,13:02:24,29.4,--,2,5880,买盘
1508,13:02:21,29.4,-0.01,1,2940,卖盘
1509,13:02:15,29.41,--,5,14705,买盘
1510,13:02:12,29.41,--,51,149991,买盘
1511,13:02:06,29.41,--,10,32056,卖盘
1512,13:02:00,29.41,-0.01,47,138521,卖盘
1513,13:01:57,29.42,--,6,17652,买盘
1514,13:01:54,29.42,--,1,2942,买盘
1515,13:01:51,29.42,--,13,38246,买盘
1516,13:01:48,29.42,-0.01,15,44130,卖盘
1517,13:01:45,29.43,0.01,15,44145,买盘
1518,13:01:30,29.42,-0.01,10,30891,卖盘
1519,13:01:24,29.43,--,3,11742,卖盘
1520,13:01:21,29.43,--,40,117896,卖盘
1521,13:01:18,29.43,-0.01,93,273699,卖盘
1522,13:01:12,29.44,0.01,178,524032,买盘
1523,13:01:09,29.43,--,10,29430,卖盘
1524,13:01:06,29.43,--,100,294300,卖盘
1525,13:01:03,29.43,--,5,14715,卖盘
1526,13:01:00,29.43,--,13,41054,卖盘
1527,13:00:57,29.43,--,17,50031,买盘
1528,13:00:48,29.43,0.01,1,2943,买盘
1529,13:00:30,29.42,0.01,22,66195,卖盘
1530,13:00:18,29.41,-0.02,4,11764,卖盘
1531,13:00:12,29.43,0.01,4,11772,买盘
1532,13:00:09,29.42,--,5,14710,买盘
1533,13:00:06,29.42,-0.01,159,467778,卖盘
1534,13:00:03,29.43,0.02,1020,3001860,买盘
1535,13:00:00,29.41,--,0,0,买盘
1536,11:30:00,29.41,0.01,5,14705,买盘
1537,11:29:57,29.4,--,1,2940,卖盘
1538,11:29:54,29.4,--,41,120540,卖盘
1539,11:29:48,29.4,--,6,17640,卖盘
1540,11:29:45,29.4,0.01,125,367941,买盘
1541,11:29:42,29.39,-0.01,79,232181,卖盘
1542,11:29:39,29.4,--,5,17199,卖盘
1543,11:29:36,29.4,--,6,17640,卖盘
1544,11:29:33,29.4,--,2,5880,卖盘
1545,11:29:30,29.4,--,5,15141,买盘
1546,11:29:21,29.4,--,18,52920,买盘
1547,11:29:18,29.4,--,7,20580,买盘
1548,11:29:15,29.4,-0.01,30,90699,卖盘
1549,11:29:12,29.41,-0.01,12,35292,中性盘
1550,11:29:09,29.42,0.02,21,61782,买盘
1551,11:29:06,29.4,--,20,58800,卖盘
1552,11:29:00,29.4,--,1,2940,卖盘
1553,11:28:57,29.4,-0.01,11,32340,卖盘
1554,11:28:54,29.41,--,30,88230,买盘
1555,11:28:51,29.41,0.01,91,267631,买盘
1556,11:28:48,29.4,-0.01,33,97020,卖盘
1557,11:28:45,29.41,0.01,3,8823,买盘
1558,11:28:42,29.4,0.02,7,21021,买盘
1559,11:28:39,29.38,-0.02,202,593476,卖盘
1560,11:28:33,29.4,--,20,58800,买盘
1561,11:28:30,29.4,0.01,13,38220,买盘
1562,11:28:21,29.39,-0.01,5,14695,卖盘
1563,11:28:18,29.4,0.01,300,882000,买盘
1564,11:28:15,29.39,-0.01,3,8817,卖盘
1565,11:28:12,29.4,0.01,14,41160,买盘
1566,11:28:09,29.39,0.02,2,5878,中性盘
1567,11:28:06,29.37,-0.01,517,1518429,卖盘
1568,11:28:00,29.38,0.01,23,67574,买盘
1569,11:27:57,29.37,-0.01,19,55803,卖盘
1570,11:27:54,29.38,-0.01,80,235040,卖盘
1571,11:27:51,29.39,--,65,191035,买盘
1572,11:27:45,29.39,--,27,79353,买盘
1573,11:27:42,29.39,0.02,23,67597,买盘
1574,11:27:39,29.37,-0.01,20,58740,卖盘
1575,11:27:30,29.38,--,18,52884,卖盘
1576,11:27:27,29.38,-0.01,4,11752,卖盘
1577,11:27:24,29.39,--,21,61719,买盘
1578,11:27:21,29.39,0.01,39,114621,买盘
1579,11:27:12,29.38,--,17,49946,买盘
1580,11:27:06,29.38,-0.01,61,182126,卖盘
1581,11:27:03,29.39,--,98,288022,买盘
1582,11:27:00,29.39,--,46,135194,买盘
1583,11:26:54,29.39,--,12,35268,买盘
1584,11:26:51,29.39,0.01,10,29390,买盘
1585,11:26:48,29.38,-0.01,11,32318,卖盘
1586,11:26:45,29.39,0.01,26,76414,买盘
1587,11:26:42,29.38,-0.01,27,79326,卖盘
1588,11:26:39,29.39,0.01,10,29390,买盘
1589,11:26:36,29.38,0.01,177,520055,买盘
1590,11:26:30,29.37,-0.01,11,32336,卖盘
1591,11:26:27,29.38,--,33,96954,买盘
1592,11:26:24,29.38,--,27,79326,买盘
1593,11:26:18,29.38,--,10,29380,买盘
1594,11:26:12,29.38,--,4,11752,买盘
1595,11:26:09,29.38,0.01,9,26442,买盘
1596,11:26:06,29.37,-0.01,11,32307,卖盘
1597,11:26:03,29.38,0.01,2,5876,买盘
1598,11:26:00,29.37,--,2,5874,卖盘
1599,11:25:57,29.37,--,5,14685,卖盘
1600,11:25:54,29.37,--,75,221537,卖盘
1601,11:25:51,29.37,--,29,85173,买盘
1602,11:25:48,29.37,0.01,9,26433,买盘
1603,11:25:42,29.36,--,30,88080,卖盘
1604,11:25:39,29.36,-0.01,1,2936,中性盘
1605,11:25:33,29.37,0.02,10,29370,买盘
1606,11:25:24,29.35,--,5,14675,卖盘
1607,11:25:18,29.35,--,10,29350,卖盘
1608,11:25:15,29.35,-0.02,3,8805,卖盘
1609,11:25:09,29.37,--,9,26433,买盘
1610,11:24:57,29.37,--,5,14685,中性盘
1611,11:24:51,29.37,--,1,2937,卖盘
1612,11:24:48,29.37,--,8,23496,买盘
1613,11:24:45,29.37,--,15,44055,买盘
1614,11:24:39,29.37,0.02,55,161535,买盘
1615,11:24:36,29.35,-0.02,5,14675,中性盘
1616,11:24:30,29.37,--,1,2937,卖盘
1617,11:24:27,29.37,0.05,11,32307,买盘
1618,11:24:24,29.32,-0.05,14,41048,卖盘
1619,11:24:21,29.37,-0.01,5,14685,中性盘
1620,11:24:09,29.38,0.05,88,258544,买盘
1621,11:24:00,29.33,-0.04,1,2933,卖盘
1622,11:23:54,29.37,-0.01,8,23496,中性盘
1623,11:23:45,29.38,0.07,9,26442,买盘
1624,11:23:42,29.31,-0.07,100,293100,卖盘
1625,11:23:39,29.38,--,1,2938,买盘
1626,11:23:36,29.38,--,1,2938,买盘
1627,11:23:33,29.38,--,30,88140,买盘
1628,11:23:21,29.38,0.02,1,2938,买盘
1629,11:23:15,29.36,-0.02,30,88080,卖盘
1630,11:23:12,29.38,--,9,26442,买盘
1631,11:23:03,29.38,--,4,11752,买盘
1632,11:22:57,29.38,-0.01,33,99862,卖盘
1633,11:22:54,29.39,0.01,10,29390,买盘
1634,11:22:51,29.38,-0.01,1,2938,卖盘
1635,11:22:48,29.39,--,15,44085,买盘
1636,11:22:45,29.39,0.01,9,26451,买盘
1637,11:22:42,29.38,--,5,14690,卖盘
1638,11:22:36,29.38,0.06,390,1145849,买盘
1639,11:22:30,29.32,-0.01,2,5864,卖盘
1640,11:22:27,29.33,--,12,35196,买盘
1641,11:22:24,29.33,0.02,15,43995,买盘
1642,11:22:09,29.31,-0.02,2,5862,买盘
1643,11:22:06,29.33,0.02,110,322630,买盘
1644,11:22:03,29.31,-0.01,201,589131,卖盘
1645,11:22:00,29.32,0.01,36,105552,买盘
1646,11:21:54,29.31,--,20,58620,卖盘
1647,11:21:51,29.31,-0.01,1,2931,卖盘
1648,11:21:45,29.32,--,9,26388,买盘
1649,11:21:42,29.32,--,6,17592,买盘
1650,11:21:39,29.32,--,13,38116,买盘
1651,11:21:36,29.32,0.01,4,11728,中性盘
1652,11:21:24,29.31,--,5,14655,卖盘
1653,11:21:18,29.31,-0.03,1,2931,卖盘
1654,11:21:15,29.34,0.03,18,52812,买盘
1655,11:21:12,29.31,-0.03,10,29310,卖盘
1656,11:21:09,29.34,0.01,23,67482,买盘
1657,11:21:06,29.33,--,11,32262,买盘
1658,11:21:00,29.33,-0.01,8,23464,买盘
1659,11:20:51,29.34,0.01,90,264060,买盘
1660,11:20:48,29.33,--,17,49861,买盘
1661,11:20:45,29.33,--,9,26397,买盘
1662,11:20:39,29.33,-0.01,23,67459,卖盘
1663,11:20:30,29.34,0.01,19,55746,买盘
1664,11:20:27,29.33,--,4,11732,买盘
1665,11:20:21,29.33,-0.01,4,11732,卖盘
1666,11:20:18,29.34,--,7,23442,卖盘
1667,11:20:12,29.34,0.03,2,5868,卖盘
1668,11:20:06,29.31,-0.02,14,41034,卖盘
1669,11:20:03,29.33,--,25,73354,卖盘
1670,11:20:00,29.33,-0.01,1,2933,卖盘
1671,11:19:57,29.34,0.01,1,2934,买盘
1672,11:19:54,29.33,--,14,41062,买盘
1673,11:19:48,29.33,0.01,13,38129,买盘
1674,11:19:45,29.32,--,50,146600,买盘
1675,11:19:42,29.32,--,5,14660,买盘
1676,11:19:33,29.32,-0.01,17,49844,卖盘
1677,11:19:27,29.33,0.01,21,61593,买盘
1678,11:19:21,29.32,0.01,4,11728,买盘
1679,11:19:12,29.31,-0.01,5,14655,卖盘
1680,11:19:09,29.32,0.01,20,58640,买盘
1681,11:19:06,29.31,0.01,6,17586,买盘
1682,11:19:03,29.3,--,34,99620,卖盘
1683,11:18:54,29.3,--,151,442430,买盘
1684,11:18:51,29.3,--,4,11720,买盘
1685,11:18:45,29.3,0.02,180,527400,买盘
1686,11:18:42,29.28,0.04,180,527040,买盘
1687,11:18:36,29.24,0.01,11,32164,买盘
1688,11:18:33,29.23,-0.01,100,292300,卖盘
1689,11:18:30,29.24,--,1,2924,买盘
1690,11:18:24,29.24,0.01,48,140352,买盘
1691,11:18:21,29.23,-0.01,6,17538,卖盘
1692,11:18:15,29.24,--,2,5848,买盘
1693,11:18:06,29.24,0.01,5,14620,买盘
1694,11:18:03,29.23,--,2,5846,卖盘
1695,11:18:00,29.23,-0.01,1,4384,卖盘
1696,11:17:57,29.24,-0.01,44,128656,卖盘
1697,11:17:54,29.25,0.02,48,140400,买盘
1698,11:17:51,29.23,-0.02,27,78921,卖盘
1699,11:17:45,29.25,0.02,36,105300,买盘
1700,11:17:39,29.23,-0.01,2,5846,卖盘
1701,11:17:36,29.24,-0.01,6,17544,卖盘
1702,11:17:33,29.25,0.02,55,160875,买盘
1703,11:17:30,29.23,-0.01,9,26307,卖盘
1704,11:17:27,29.24,--,2,5848,卖盘
1705,11:17:24,29.24,--,2,5848,卖盘
1706,11:17:18,29.24,-0.01,2,5848,卖盘
1707,11:17:15,29.25,--,3,8775,买盘
1708,11:17:12,29.25,--,5,14625,买盘
1709,11:17:00,29.25,-0.02,38,111150,卖盘
1710,11:16:57,29.27,--,10,29270,买盘
1711,11:16:54,29.27,0.02,4,11708,买盘
1712,11:16:51,29.25,-0.02,40,117000,卖盘
1713,11:16:48,29.27,--,3,8781,卖盘
1714,11:16:45,29.27,-0.01,2,5854,卖盘
1715,11:16:42,29.28,0.03,13,38064,买盘
1716,11:16:39,29.25,-0.02,4,11700,卖盘
1717,11:16:36,29.27,0.01,40,117080,买盘
1718,11:16:33,29.26,--,348,1018248,卖盘
1719,11:16:21,29.26,--,5,14630,卖盘
1720,11:16:06,29.26,-0.02,22,64372,卖盘
1721,11:15:57,29.28,--,10,29280,卖盘
1722,11:15:51,29.28,0.01,11,32208,买盘
1723,11:15:48,29.27,-0.01,3,8781,卖盘
1724,11:15:45,29.28,0.01,9,26352,买盘
1725,11:15:42,29.27,-0.01,5,14635,卖盘
1726,11:15:39,29.28,0.01,40,117120,买盘
1727,11:15:36,29.27,--,1,2927,卖盘
1728,11:15:30,29.27,-0.01,35,102445,卖盘
1729,11:15:18,29.28,--,10,29280,买盘
1730,11:15:06,29.28,--,5,14640,买盘
1731,11:14:48,29.28,-0.01,5,14640,中性盘
1732,11:14:45,29.29,0.02,13,38077,买盘
1733,11:14:42,29.27,-0.02,15,43905,卖盘
1734,11:14:24,29.29,0.02,1,2929,买盘
1735,11:14:12,29.27,-0.03,10,29270,卖盘
1736,11:14:09,29.3,0.02,21,61530,买盘
1737,11:14:06,29.28,0.02,1,2928,中性盘
1738,11:14:00,29.26,-0.03,100,292600,卖盘
1739,11:13:54,29.29,--,14,41006,买盘
1740,11:13:45,29.29,--,24,70296,卖盘
1741,11:13:42,29.29,-0.01,1,2929,中性盘
1742,11:13:30,29.3,--,19,55670,买盘
1743,11:13:24,29.3,--,1,2930,买盘
1744,11:13:21,29.3,0.01,1,2930,买盘
1745,11:13:18,29.29,-0.01,5,14645,卖盘
1746,11:13:15,29.3,--,20,58600,买盘
1747,11:13:09,29.3,0.01,3,8790,买盘
1748,11:13:03,29.29,-0.01,7,20503,中性盘
1749,11:12:51,29.3,0.01,15,43950,买盘
1750,11:12:48,29.29,--,21,61509,买盘
1751,11:12:45,29.29,--,22,64438,买盘
1752,11:12:42,29.29,--,4,11716,买盘
1753,11:12:39,29.29,0.02,1,2929,买盘
1754,11:12:36,29.27,-0.01,14,40978,卖盘
1755,11:12:33,29.28,-0.01,4,11712,中性盘
1756,11:12:27,29.29,0.02,2,5858,买盘
1757,11:12:24,29.27,-0.01,10,29270,卖盘
1758,11:12:21,29.28,--,3,8784,卖盘
1759,11:12:15,29.28,0.02,6,17568,买盘
1760,11:12:12,29.26,--,10,29260,卖盘
1761,11:12:09,29.26,-0.02,8,23408,卖盘
1762,11:12:03,29.28,--,13,38064,买盘
1763,11:12:00,29.28,0.03,5,14640,买盘
1764,11:11:54,29.25,-0.03,28,81900,卖盘
1765,11:11:51,29.28,0.01,10,29280,买盘
1766,11:11:48,29.27,--,11,32197,买盘
1767,11:11:45,29.27,0.02,9,26343,买盘
1768,11:11:42,29.25,--,2,5850,卖盘
1769,11:11:39,29.25,--,18,52650,卖盘
1770,11:11:36,29.25,--,61,178425,卖盘
1771,11:11:33,29.25,--,2,5850,卖盘
1772,11:11:27,29.25,--,12,35100,卖盘
1773,11:11:24,29.25,0.02,88,257400,买盘
1774,11:11:21,29.23,-0.01,123,359529,卖盘
1775,11:11:18,29.24,--,5,14620,买盘
1776,11:11:09,29.24,--,18,52632,卖盘
1777,11:11:06,29.24,-0.01,2,5848,卖盘
1778,11:10:57,29.25,0.01,6,17550,买盘
1779,11:10:54,29.24,-0.01,10,29240,中性盘
1780,11:10:45,29.25,0.04,9,26325,买盘
1781,11:10:42,29.21,-0.05,134,391414,卖盘
1782,11:10:33,29.26,0.01,1,2926,中性盘
1783,11:10:27,29.25,--,6,17550,卖盘
1784,11:10:24,29.25,-0.01,9,26325,卖盘
1785,11:10:18,29.26,0.01,8,23408,中性盘
1786,11:10:15,29.25,-0.04,4,11700,卖盘
1787,11:10:12,29.29,0.02,22,64438,买盘
1788,11:10:09,29.27,-0.03,4,11708,卖盘
1789,11:10:03,29.3,0.01,113,331090,买盘
1790,11:09:57,29.29,--,100,292900,卖盘
1791,11:09:54,29.29,-0.01,10,29290,卖盘
1792,11:09:45,29.3,--,9,26370,买盘
1793,11:09:42,29.3,--,2,5860,卖盘
1794,11:09:39,29.3,--,10,29300,卖盘
1795,11:09:36,29.3,--,8,23440,卖盘
1796,11:09:30,29.3,-0.02,34,99620,卖盘
1797,11:09:27,29.32,0.02,1,2932,买盘
1798,11:09:24,29.3,-0.02,8,23440,卖盘
1799,11:09:12,29.32,--,16,46912,卖盘
1800,11:09:09,29.32,--,8,23456,卖盘
1801,11:09:06,29.32,--,50,146600,卖盘
1802,11:09:03,29.32,--,33,96756,卖盘
1803,11:09:00,29.32,--,4,11728,卖盘
1804,11:08:51,29.32,--,3,8796,卖盘
1805,11:08:48,29.32,-0.01,2,5864,卖盘
1806,11:08:45,29.33,--,9,26397,买盘
1807,11:08:39,29.33,0.01,1,2933,中性盘
1808,11:08:36,29.32,-0.01,51,149532,卖盘
1809,11:08:30,29.33,-0.01,12,35196,卖盘
1810,11:08:24,29.34,--,5,14670,卖盘
1811,11:08:21,29.34,-0.01,100,293400,卖盘
1812,11:08:12,29.35,-0.02,87,255345,卖盘
1813,11:08:09,29.37,0.01,12,35244,买盘
1814,11:08:06,29.36,--,137,402232,买盘
1815,11:08:03,29.36,0.01,166,487376,买盘
1816,11:08:00,29.35,-0.01,19,55765,卖盘
1817,11:07:54,29.36,--,53,155608,卖盘
1818,11:07:51,29.36,--,13,38168,卖盘
1819,11:07:48,29.36,--,16,46976,卖盘
1820,11:07:45,29.36,--,24,70464,卖盘
1821,11:07:42,29.36,-0.01,7,20552,卖盘
1822,11:07:39,29.37,0.01,13,38181,买盘
1823,11:07:33,29.36,--,4,11744,卖盘
1824,11:07:30,29.36,--,8,23488,卖盘
1825,11:07:24,29.36,-0.01,29,85144,卖盘
1826,11:07:21,29.37,--,1,2937,买盘
1827,11:07:18,29.37,0.01,32,93984,买盘
1828,11:07:12,29.36,-0.01,13,38168,卖盘
1829,11:07:03,29.37,--,3,8811,买盘
1830,11:07:00,29.37,--,3,8811,买盘
1831,11:06:57,29.37,0.01,2,5874,买盘
1832,11:06:48,29.36,-0.01,21,61656,卖盘
1833,11:06:45,29.37,--,11,32307,卖盘
1834,11:06:42,29.37,--,5,14685,卖盘
1835,11:06:39,29.37,--,39,114543,卖盘
1836,11:06:36,29.37,--,1,2937,卖盘
1837,11:06:27,29.37,--,9,26433,卖盘
1838,11:06:24,29.37,0.01,15,44055,买盘
1839,11:06:18,29.36,-0.01,1,2936,卖盘
1840,11:06:15,29.37,0.01,3,8811,买盘
1841,11:06:00,29.36,-0.01,150,440400,卖盘
1842,11:05:54,29.37,0.01,7,20559,中性盘
1843,11:05:48,29.36,-0.02,3,8808,卖盘
1844,11:05:45,29.38,0.02,9,26442,买盘
1845,11:05:36,29.36,-0.02,1,2936,卖盘
1846,11:05:33,29.38,--,60,176280,买盘
1847,11:05:27,29.38,--,6,17628,买盘
1848,11:05:21,29.38,--,6,17628,买盘
1849,11:05:18,29.38,--,1,2938,买盘
1850,11:05:15,29.38,--,20,58760,中性盘
1851,11:05:00,29.38,--,17,49946,买盘
1852,11:04:57,29.38,-0.01,5,14690,卖盘
1853,11:04:54,29.39,--,5,14695,买盘
1854,11:04:48,29.39,0.01,1,2939,买盘
1855,11:04:45,29.38,--,9,26442,买盘
1856,11:04:42,29.38,--,10,29380,买盘
1857,11:04:36,29.38,-0.01,1,2938,中性盘
1858,11:04:18,29.39,0.04,19,55841,买盘
1859,11:04:15,29.35,-0.04,299,877565,卖盘
1860,11:04:12,29.39,--,6,17634,买盘
1861,11:04:09,29.39,--,11,32329,买盘
1862,11:03:57,29.39,--,93,273327,卖盘
1863,11:03:54,29.39,--,4,11756,卖盘
1864,11:03:51,29.39,--,5,14695,卖盘
1865,11:03:48,29.39,--,10,29390,卖盘
1866,11:03:45,29.39,--,10,29390,卖盘
1867,11:03:42,29.39,--,1,2939,卖盘
1868,11:03:36,29.39,--,15,44085,卖盘
1869,11:03:33,29.39,-0.01,3,8817,卖盘
1870,11:03:30,29.4,--,10,29400,买盘
1871,11:03:27,29.4,--,2,5880,买盘
1872,11:03:24,29.4,--,85,249900,买盘
1873,11:03:15,29.4,-0.01,91,270303,卖盘
1874,11:03:12,29.41,--,35,102935,买盘
1875,11:03:06,29.41,0.01,16,47056,买盘
1876,11:03:03,29.4,-0.01,68,199920,卖盘
1877,11:02:57,29.41,0.01,101,297041,买盘
1878,11:02:54,29.4,--,12,35280,卖盘
1879,11:02:51,29.4,--,83,244020,卖盘
1880,11:02:48,29.4,--,211,620516,买盘
1881,11:02:45,29.4,0.01,219,643860,买盘
1882,11:02:42,29.39,--,43,126377,卖盘
1883,11:02:36,29.39,-0.01,20,58780,卖盘
1884,11:02:33,29.4,--,316,929040,买盘
1885,11:02:24,29.4,0.01,124,364560,买盘
1886,11:02:21,29.39,--,25,73475,卖盘
1887,11:02:18,29.39,-0.01,10,29390,卖盘
1888,11:02:15,29.4,0.01,10,29400,买盘
1889,11:02:03,29.39,--,10,29390,卖盘
1890,11:02:00,29.39,--,5,14695,买盘
1891,11:01:48,29.39,0.02,10,29390,买盘
1892,11:01:45,29.37,--,39,114543,卖盘
1893,11:01:30,29.37,-0.03,2,5874,中性盘
1894,11:01:21,29.4,0.01,92,270480,买盘
1895,11:01:15,29.39,--,15,44085,卖盘
1896,11:01:06,29.39,--,102,299778,卖盘
1897,11:01:03,29.39,-0.01,4,11756,卖盘
1898,11:01:00,29.4,0.01,86,252840,买盘
1899,11:00:54,29.39,--,2,5878,卖盘
1900,11:00:51,29.39,--,5,14695,卖盘
1901,11:00:48,29.39,-0.01,115,337985,卖盘
1902,11:00:45,29.4,0.01,21,61740,买盘
1903,11:00:42,29.39,--,102,299778,卖盘
1904,11:00:39,29.39,--,31,91109,卖盘
1905,11:00:36,29.39,-0.01,31,91109,卖盘
1906,11:00:33,29.4,0.01,4,11760,买盘
1907,11:00:30,29.39,--,15,44085,卖盘
1908,11:00:27,29.39,--,3,8817,卖盘
1909,11:00:24,29.39,--,13,38207,卖盘
1910,11:00:21,29.39,0.01,162,476118,买盘
1911,11:00:18,29.38,--,21,61698,买盘
1912,11:00:15,29.38,0.05,3,8814,买盘
1913,11:00:12,29.33,0.04,1,2933,卖盘
1914,11:00:09,29.29,-0.03,326,954854,卖盘
1915,11:00:06,29.32,-0.07,50,146600,卖盘
1916,11:00:03,29.39,0.01,22,64658,买盘
1917,11:00:00,29.38,0.05,12,35256,买盘
1918,10:59:54,29.33,-0.03,29,85057,卖盘
1919,10:59:48,29.36,-0.03,15,44040,卖盘
1920,10:59:45,29.39,-0.01,9,26451,买盘
1921,10:59:42,29.4,--,50,147000,买盘
1922,10:59:39,29.4,0.04,50,147000,买盘
1923,10:59:33,29.36,-0.04,35,102760,卖盘
1924,10:59:30,29.4,0.01,1,2940,买盘
1925,10:59:27,29.39,--,40,117560,卖盘
1926,10:59:21,29.39,--,92,270388,卖盘
1927,10:59:18,29.39,--,1,2939,卖盘
1928,10:59:15,29.39,--,5,14695,卖盘
1929,10:59:12,29.39,0.03,24,70536,中性盘
1930,10:59:09,29.36,--,111,325896,卖盘
1931,10:59:06,29.36,--,13,38168,卖盘
1932,10:58:54,29.36,-0.03,10,29360,卖盘
1933,10:58:48,29.39,0.02,11,32329,买盘
1934,10:58:45,29.37,--,17,49929,买盘
1935,10:58:42,29.37,-0.01,21,61677,卖盘
1936,10:58:39,29.38,-0.02,1,2938,中性盘
1937,10:58:36,29.4,0.03,5,14700,买盘
1938,10:58:33,29.37,-0.03,2,5874,卖盘
1939,10:58:30,29.4,0.01,1,2940,买盘
1940,10:58:27,29.39,0.01,6,17634,买盘
1941,10:58:21,29.38,-0.02,16,47008,卖盘
1942,10:58:18,29.4,0.02,80,235200,买盘
1943,10:58:15,29.38,--,1,2938,卖盘
1944,10:58:12,29.38,-0.02,3,8814,卖盘
1945,10:58:09,29.4,--,28,82320,买盘
1946,10:58:03,29.4,--,30,88200,买盘
1947,10:58:00,29.4,0.03,17,49980,买盘
1948,10:57:57,29.37,-0.03,1,2937,卖盘
1949,10:57:48,29.4,--,13,38220,买盘
1950,10:57:45,29.4,--,9,26460,买盘
1951,10:57:42,29.4,--,10,29400,买盘
1952,10:57:39,29.4,--,160,473104,卖盘
1953,10:57:36,29.4,--,6,17640,卖盘
1954,10:57:30,29.4,--,20,58800,卖盘
1955,10:57:27,29.4,--,69,203095,买盘
1956,10:57:21,29.4,--,44,131065,卖盘
1957,10:57:18,29.4,--,35,104134,买盘
1958,10:57:12,29.4,--,10,29400,买盘
1959,10:57:09,29.4,--,16,47040,买盘
1960,10:57:06,29.4,--,52,154585,卖盘
1961,10:57:03,29.4,--,8,23520,卖盘
1962,10:57:00,29.4,--,10,29400,卖盘
1963,10:56:57,29.4,--,15,44100,卖盘
1964,10:56:54,29.4,--,24,71794,买盘
1965,10:56:48,29.4,-0.01,15,45805,卖盘
1966,10:56:45,29.41,0.04,164,483559,买盘
1967,10:56:42,29.37,--,2,5874,卖盘
1968,10:56:39,29.37,-0.03,15,44055,卖盘
1969,10:56:36,29.4,0.03,500,1470000,买盘
1970,10:56:30,29.37,-0.01,10,29370,卖盘
1971,10:56:27,29.38,-0.01,1,2938,买盘
1972,10:56:24,29.39,-0.01,21,63423,卖盘
1973,10:56:21,29.4,0.01,16,47040,买盘
1974,10:56:18,29.39,0.01,52,154062,买盘
1975,10:56:12,29.38,-0.02,10,29380,卖盘
1976,10:55:57,29.4,--,4,11760,中性盘
1977,10:55:51,29.4,--,8,23520,卖盘
1978,10:55:48,29.4,--,10,29400,卖盘
1979,10:55:45,29.4,0.03,118,346920,买盘
1980,10:55:42,29.37,0.01,3,8811,买盘
1981,10:55:39,29.36,--,2,5872,卖盘
1982,10:55:33,29.36,--,3,8808,卖盘
1983,10:55:27,29.36,--,10,29360,卖盘
1984,10:55:24,29.36,-0.04,2,5872,卖盘
1985,10:55:21,29.4,0.04,205,602700,买盘
1986,10:55:18,29.36,--,15,44040,卖盘
1987,10:55:15,29.36,--,6,17616,买盘
1988,10:55:09,29.36,0.01,2,5872,买盘
1989,10:55:06,29.35,--,21,61635,买盘
1990,10:55:03,29.35,--,30,88050,买盘
1991,10:55:00,29.35,--,1,2935,买盘
1992,10:54:51,29.35,0.02,2,5870,买盘
1993,10:54:48,29.33,-0.02,168,492744,卖盘
1994,10:54:45,29.35,--,49,143815,卖盘
1995,10:54:42,29.35,-0.01,33,96855,卖盘
1996,10:54:39,29.36,--,4,11744,买盘
1997,10:54:36,29.36,--,1,2936,买盘
1998,10:54:33,29.36,-0.05,1,2936,买盘
1999,10:54:30,29.41,0.05,183,538203,买盘
2000,10:54:24,29.36,-0.04,6,17616,卖盘
2001,10:54:18,29.4,--,6,17640,买盘
2002,10:54:15,29.4,--,80,235200,买盘
2003,10:54:12,29.4,--,1,2940,买盘
2004,10:54:09,29.4,--,20,58800,买盘
2005,10:54:06,29.4,--,59,173460,卖盘
2006,10:54:03,29.4,-0.01,8,23520,卖盘
2007,10:53:57,29.41,--,2,5882,买盘
2008,10:53:54,29.41,-0.01,24,73495,卖盘
2009,10:53:51,29.42,0.01,19,55898,买盘
2010,10:53:48,29.41,--,2,5882,卖盘
2011,10:53:45,29.41,--,116,341156,卖盘
2012,10:53:42,29.41,-0.02,11,32351,卖盘
2013,10:53:39,29.43,0.01,100,294300,买盘
2014,10:53:36,29.42,0.01,256,753152,买盘
2015,10:53:33,29.41,-0.01,11,32351,卖盘
2016,10:53:27,29.42,-0.01,19,55898,卖盘
2017,10:53:21,29.43,--,15,44145,买盘
2018,10:53:18,29.43,--,19,55917,买盘
2019,10:53:15,29.43,--,84,247212,买盘
2020,10:53:12,29.43,--,1,2943,买盘
2021,10:53:09,29.43,--,41,120663,买盘
2022,10:53:06,29.43,--,21,61803,买盘
2023,10:53:03,29.43,-0.01,59,176550,卖盘
2024,10:53:00,29.44,0.01,2,5888,买盘
2025,10:52:57,29.43,--,5,14715,卖盘
2026,10:52:54,29.43,--,102,300186,卖盘
2027,10:52:51,29.43,-0.01,19,55917,卖盘
2028,10:52:48,29.44,0.01,7,20637,买盘
2029,10:52:45,29.43,-0.01,113,332559,卖盘
2030,10:52:42,29.44,0.01,104,306176,买盘
2031,10:52:39,29.43,--,148,435564,买盘
2032,10:52:36,29.43,--,6,17658,买盘
2033,10:52:33,29.43,--,30,88290,买盘
2034,10:52:27,29.43,--,83,244269,卖盘
2035,10:52:24,29.43,--,20,58860,卖盘
2036,10:52:21,29.43,--,91,267813,卖盘
2037,10:52:18,29.43,--,10,29430,卖盘
2038,10:52:15,29.43,--,2,5886,卖盘
2039,10:52:12,29.43,--,10,29430,卖盘
2040,10:52:09,29.43,--,183,538569,买盘
2041,10:52:06,29.43,0.01,13,38259,买盘
2042,10:51:57,29.42,-0.01,1,2942,卖盘
2043,10:51:51,29.43,-0.02,13,38259,卖盘
2044,10:51:48,29.45,0.03,10,29450,买盘
2045,10:51:45,29.42,-0.03,9,26478,中性盘
2046,10:51:42,29.45,0.04,400,1178000,买盘
2047,10:51:39,29.41,--,30,88230,卖盘
2048,10:51:36,29.41,-0.04,9,26469,卖盘
2049,10:51:33,29.45,0.03,508,1496060,买盘
2050,10:51:30,29.42,--,50,147100,买盘
2051,10:51:27,29.42,--,88,258896,买盘
2052,10:51:24,29.42,-0.02,85,250070,卖盘
2053,10:51:21,29.44,0.02,122,359168,买盘
2054,10:51:18,29.42,--,32,94144,卖盘
2055,10:51:15,29.42,-0.01,12,35304,卖盘
2056,10:51:12,29.43,0.01,36,105948,买盘
2057,10:51:09,29.42,0.01,55,161810,买盘
2058,10:51:06,29.41,--,30,88230,卖盘
2059,10:51:03,29.41,--,68,199988,卖盘
2060,10:50:54,29.41,--,27,79407,卖盘
2061,10:50:51,29.41,--,41,120581,卖盘
2062,10:50:45,29.41,0.01,13,38262,买盘
2063,10:50:42,29.4,--,47,138180,卖盘
2064,10:50:39,29.4,--,31,91140,卖盘
2065,10:50:36,29.4,--,196,578886,买盘
2066,10:50:33,29.4,--,5,14700,买盘
2067,10:50:30,29.4,--,179,526260,买盘
2068,10:50:27,29.4,0.02,52,152880,买盘
2069,10:50:24,29.38,--,1,2938,卖盘
2070,10:50:21,29.38,0.01,4,11752,买盘
2071,10:50:18,29.37,-0.03,8,23496,卖盘
2072,10:50:15,29.4,0.03,1080,3175200,买盘
2073,10:50:12,29.37,0.01,135,396495,买盘
2074,10:50:09,29.36,--,19,55784,买盘
2075,10:50:06,29.36,-0.02,3,8808,卖盘
2076,10:49:57,29.38,--,17,49946,买盘
2077,10:49:51,29.38,0.02,5,14690,买盘
2078,10:49:48,29.36,-0.02,2,5872,卖盘
2079,10:49:45,29.38,-0.02,10,29380,中性盘
2080,10:49:42,29.4,0.04,226,664440,买盘
2081,10:49:36,29.36,-0.02,4,11744,卖盘
2082,10:49:30,29.38,--,9,26442,买盘
2083,10:49:27,29.38,--,17,50239,卖盘
2084,10:49:24,29.38,--,17,49946,卖盘
2085,10:49:18,29.38,--,35,102830,卖盘
2086,10:49:15,29.38,-0.01,35,102830,卖盘
2087,10:49:12,29.39,0.01,10,29390,买盘
2088,10:49:09,29.38,0.04,24,73156,买盘
2089,10:49:06,29.34,--,7,20538,买盘
2090,10:49:03,29.34,-0.04,1,2934,卖盘
2091,10:49:00,29.38,0.04,308,904904,买盘
2092,10:48:51,29.34,--,2,5868,买盘
2093,10:48:48,29.34,--,12,35208,卖盘
2094,10:48:45,29.34,-0.01,15,44010,卖盘
2095,10:48:42,29.35,--,15,44025,卖盘
2096,10:48:39,29.35,--,29,85115,买盘
2097,10:48:36,29.35,--,12,35220,买盘
2098,10:48:33,29.35,0.06,7,20545,买盘
2099,10:48:30,29.29,-0.06,505,1479145,卖盘
2100,10:48:27,29.35,--,59,173165,买盘
2101,10:48:24,29.35,0.01,13,38155,中性盘
2102,10:48:21,29.34,-0.03,5,14670,卖盘
2103,10:48:18,29.37,0.03,10,29370,买盘
2104,10:48:15,29.34,-0.02,26,76284,卖盘
2105,10:48:12,29.36,0.03,1,2936,买盘
2106,10:48:09,29.33,--,40,117320,卖盘
2107,10:48:06,29.33,--,22,64525,卖盘
2108,10:48:03,29.33,--,223,654059,卖盘
2109,10:48:00,29.33,--,17,49861,卖盘
2110,10:47:57,29.33,-0.01,10,29330,卖盘
2111,10:47:54,29.34,0.01,5,14670,买盘
2112,10:47:51,29.33,--,8,23464,卖盘
2113,10:47:48,29.33,-0.01,4,11732,卖盘
2114,10:47:45,29.34,-0.02,12,35208,卖盘
2115,10:47:36,29.36,--,4,11744,买盘
2116,10:47:33,29.36,-0.01,3,9101,卖盘
2117,10:47:30,29.37,0.01,18,52866,买盘
2118,10:47:21,29.36,-0.01,13,38168,卖盘
2119,10:47:18,29.37,--,9,26433,卖盘
2120,10:47:09,29.37,0.03,72,214107,买盘
2121,10:47:06,29.34,-0.02,12,35208,卖盘
2122,10:47:03,29.36,--,4,11744,买盘
2123,10:46:57,29.36,-0.01,1,2936,中性盘
2124,10:46:54,29.37,0.02,51,149787,买盘
2125,10:46:48,29.35,-0.02,46,135303,卖盘
2126,10:46:45,29.37,0.01,9,26433,买盘
2127,10:46:42,29.36,-0.01,16,46976,卖盘
2128,10:46:39,29.37,-0.01,2,5874,买盘
2129,10:46:36,29.38,0.01,3,8814,买盘
2130,10:46:33,29.37,--,3,8811,买盘
2131,10:46:27,29.37,-0.01,39,114543,中性盘
2132,10:46:24,29.38,0.03,1,2938,买盘
2133,10:46:21,29.35,-0.03,500,1467500,卖盘
2134,10:46:18,29.38,--,9,26442,卖盘
2135,10:46:15,29.38,--,7,20566,卖盘
2136,10:46:12,29.38,--,50,146900,卖盘
2137,10:46:09,29.38,--,1,2938,卖盘
2138,10:46:06,29.38,0.03,20,58760,买盘
2139,10:46:03,29.35,-0.02,409,1200415,卖盘
2140,10:46:00,29.37,--,201,590337,卖盘
2141,10:45:48,29.37,-0.02,23,67551,卖盘
2142,10:45:45,29.39,0.02,24,70536,买盘
2143,10:45:42,29.37,--,20,58740,卖盘
2144,10:45:39,29.37,-0.02,3,8811,卖盘
2145,10:45:36,29.39,0.02,2,5878,买盘
2146,10:45:33,29.37,--,21,61677,卖盘
2147,10:45:27,29.37,-0.02,6,17622,卖盘
2148,10:45:24,29.39,0.02,9,26451,买盘
2149,10:45:21,29.37,-0.02,2,5874,卖盘
2150,10:45:18,29.39,0.02,92,270388,买盘
2151,10:45:15,29.37,-0.02,1,2937,卖盘
2152,10:45:12,29.39,-0.01,24,70536,买盘
2153,10:45:06,29.4,0.01,81,238140,买盘
2154,10:45:03,29.39,--,58,170462,卖盘
2155,10:45:00,29.39,0.01,41,120499,买盘
2156,10:44:57,29.38,-0.01,4,11752,卖盘
2157,10:44:54,29.39,--,28,82292,买盘
2158,10:44:51,29.39,--,16,47024,买盘
2159,10:44:48,29.39,0.01,145,426155,买盘
2160,10:44:45,29.38,--,65,190970,买盘
2161,10:44:42,29.38,-0.01,136,399568,卖盘
2162,10:44:39,29.39,0.01,48,141072,买盘
2163,10:44:36,29.38,-0.01,1,2938,卖盘
2164,10:44:33,29.39,0.01,1,2939,买盘
2165,10:44:30,29.38,--,7,20566,卖盘
2166,10:44:24,29.38,-0.02,40,117520,卖盘
2167,10:44:21,29.4,0.02,44,129360,买盘
2168,10:44:18,29.38,--,23,67574,卖盘
2169,10:44:15,29.38,-0.02,11,32318,卖盘
2170,10:44:12,29.4,--,23,67620,买盘
2171,10:44:09,29.4,--,180,529200,买盘
2172,10:44:06,29.4,0.01,81,238140,买盘
2173,10:44:03,29.39,--,7,20573,买盘
2174,10:44:00,29.39,--,46,135194,卖盘
2175,10:43:57,29.39,-0.01,5,14695,卖盘
2176,10:43:51,29.4,--,2,5880,买盘
2177,10:43:48,29.4,--,25,73500,买盘
2178,10:43:45,29.4,-0.01,33,97020,卖盘
2179,10:43:42,29.41,--,1,2941,卖盘
2180,10:43:39,29.41,-0.01,9,26469,卖盘
2181,10:43:33,29.42,-0.01,2,5884,中性盘
2182,10:43:30,29.43,-0.01,18,52974,中性盘
2183,10:43:27,29.44,0.01,274,806656,买盘
2184,10:43:24,29.43,--,38,111834,卖盘
2185,10:43:21,29.43,0.01,29,85347,买盘
2186,10:43:18,29.42,-0.01,16,47072,卖盘
2187,10:43:15,29.43,0.01,27,79461,买盘
2188,10:43:12,29.42,--,16,47072,卖盘
2189,10:43:09,29.42,0.02,80,235360,卖盘
2190,10:43:06,29.4,0.03,4,11760,中性盘
2191,10:43:03,29.37,-0.03,177,519849,卖盘
2192,10:43:00,29.4,-0.02,324,952560,卖盘
2193,10:42:57,29.42,--,8,23536,买盘
2194,10:42:54,29.42,0.02,16,47072,买盘
2195,10:42:51,29.4,--,171,502740,卖盘
2196,10:42:48,29.4,--,102,299880,卖盘
2197,10:42:45,29.4,0.03,145,426300,买盘
2198,10:42:39,29.37,--,21,61677,卖盘
2199,10:42:36,29.37,-0.03,22,64614,卖盘
2200,10:42:33,29.4,--,40,117600,买盘
2201,10:42:30,29.4,0.03,83,244020,买盘
2202,10:42:24,29.37,--,7,20559,卖盘
2203,10:42:21,29.37,--,2,5874,卖盘
2204,10:42:18,29.37,--,581,1706397,买盘
2205,10:42:15,29.37,0.01,6,17622,买盘
2206,10:42:12,29.36,--,60,176160,卖盘
2207,10:42:06,29.36,--,4,11744,卖盘
2208,10:42:03,29.36,-0.01,115,337640,卖盘
2209,10:42:00,29.37,0.01,1,2937,买盘
2210,10:41:54,29.36,--,3,8808,卖盘
2211,10:41:51,29.36,--,10,29360,卖盘
2212,10:41:48,29.36,--,204,601586,买盘
2213,10:41:45,29.36,0.01,9,26424,买盘
2214,10:41:42,29.35,--,2,5870,卖盘
2215,10:41:39,29.35,0.01,209,613415,买盘
2216,10:41:36,29.34,-0.02,186,545724,卖盘
2217,10:41:33,29.36,0.01,134,393424,买盘
2218,10:41:30,29.35,--,10,29350,买盘
2219,10:41:24,29.35,0.01,2,5870,买盘
2220,10:41:21,29.34,-0.01,10,29340,卖盘
2221,10:41:18,29.35,0.01,63,184905,买盘
2222,10:41:15,29.34,--,29,85086,买盘
2223,10:41:12,29.34,--,1,2934,买盘
2224,10:41:09,29.34,--,5,14670,买盘
2225,10:41:06,29.34,--,45,132030,买盘
2226,10:41:03,29.34,--,88,258192,买盘
2227,10:41:00,29.34,0.01,59,173106,买盘
2228,10:40:54,29.33,--,56,164248,卖盘
2229,10:40:51,29.33,-0.01,13,38129,买盘
2230,10:40:48,29.34,0.02,18,52812,买盘
2231,10:40:45,29.32,--,29,85028,卖盘
2232,10:40:39,29.32,-0.02,2,5864,卖盘
2233,10:40:36,29.34,0.01,50,146700,买盘
2234,10:40:33,29.33,--,98,287434,卖盘
2235,10:40:30,29.33,-0.01,8,23464,卖盘
2236,10:40:27,29.34,--,56,164304,买盘
2237,10:40:24,29.34,0.01,115,337410,买盘
2238,10:40:21,29.33,-0.01,2,5866,卖盘
2239,10:40:18,29.34,0.01,9,26406,买盘
2240,10:40:15,29.33,--,5,14665,卖盘
2241,10:40:12,29.33,--,78,228774,卖盘
2242,10:40:09,29.33,-0.01,64,187712,卖盘
2243,10:40:06,29.34,0.01,25,73350,买盘
2244,10:40:03,29.33,--,22,64525,卖盘
2245,10:40:00,29.33,--,10,29330,卖盘
2246,10:39:54,29.33,--,4,11732,卖盘
2247,10:39:51,29.33,0.01,111,327029,买盘
2248,10:39:48,29.32,--,5,14660,卖盘
2249,10:39:45,29.32,--,11,32252,卖盘
2250,10:39:42,29.32,-0.01,5,14660,卖盘
2251,10:39:39,29.33,--,1,2933,买盘
2252,10:39:36,29.33,0.02,135,395955,买盘
2253,10:39:30,29.31,--,3,8793,卖盘
2254,10:39:27,29.31,--,10,29310,卖盘
2255,10:39:24,29.31,--,50,146550,卖盘
2256,10:39:21,29.31,--,5,14655,卖盘
2257,10:39:18,29.31,--,5,14655,卖盘
2258,10:39:15,29.31,-0.02,5,14655,卖盘
2259,10:39:12,29.33,0.01,54,158382,买盘
2260,10:39:06,29.32,--,31,90892,卖盘
2261,10:39:03,29.32,-0.01,62,181784,中性盘
2262,10:39:00,29.33,0.01,192,563136,买盘
2263,10:38:57,29.32,--,11,32252,卖盘
2264,10:38:54,29.32,--,2,5864,卖盘
2265,10:38:51,29.32,-0.01,18,52776,卖盘
2266,10:38:48,29.33,0.01,221,650774,买盘
2267,10:38:45,29.32,0.01,10,29320,买盘
2268,10:38:39,29.31,--,5,14655,卖盘
2269,10:38:36,29.31,-0.01,6,17586,卖盘
2270,10:38:33,29.32,0.02,2,5864,买盘
2271,10:38:30,29.3,-0.02,12,35160,卖盘
2272,10:38:21,29.32,0.02,50,146600,买盘
2273,10:38:18,29.3,-0.01,2,5860,卖盘
2274,10:38:15,29.31,-0.01,1,2931,卖盘
2275,10:38:09,29.32,--,38,111416,买盘
2276,10:38:03,29.32,--,14,41048,买盘
2277,10:38:00,29.32,--,127,372715,卖盘
2278,10:37:57,29.32,--,13,38116,卖盘
2279,10:37:54,29.32,-0.01,15,43980,卖盘
2280,10:37:45,29.33,0.01,37,108521,买盘
2281,10:37:42,29.32,--,9,26388,卖盘
2282,10:37:39,29.32,--,4,11728,卖盘
2283,10:37:36,29.32,-0.02,4,11728,卖盘
2284,10:37:30,29.34,--,36,105624,买盘
2285,10:37:27,29.34,0.01,39,114426,买盘
2286,10:37:24,29.33,--,36,105588,卖盘
2287,10:37:21,29.33,-0.01,160,469280,卖盘
2288,10:37:18,29.34,--,11,32274,卖盘
2289,10:37:15,29.34,--,23,67482,买盘
2290,10:37:12,29.34,0.01,3,8802,买盘
2291,10:37:09,29.33,--,1,2933,买盘
2292,10:37:06,29.33,--,8,23464,买盘
2293,10:37:03,29.33,-0.01,526,1542758,卖盘
2294,10:37:00,29.34,--,103,302202,卖盘
2295,10:36:57,29.34,0.01,19,58327,买盘
2296,10:36:54,29.33,-0.01,72,211176,卖盘
2297,10:36:51,29.34,--,11,32274,买盘
2298,10:36:48,29.34,--,7,20538,买盘
2299,10:36:45,29.34,-0.02,29,85086,卖盘
2300,10:36:42,29.36,0.02,161,472696,买盘
2301,10:36:39,29.34,-0.01,11,32274,买盘
2302,10:36:33,29.35,--,76,223060,卖盘
2303,10:36:30,29.35,0.01,18,52830,买盘
2304,10:36:27,29.34,-0.02,19,55746,卖盘
2305,10:36:24,29.36,--,10,29360,买盘
2306,10:36:21,29.36,--,27,79272,买盘
2307,10:36:18,29.36,0.01,40,117440,买盘
2308,10:36:15,29.35,--,10,29350,买盘
2309,10:36:12,29.35,--,9,26415,买盘
2310,10:36:09,29.35,--,73,214255,卖盘
2311,10:36:06,29.35,-0.01,53,155555,卖盘
2312,10:36:03,29.36,--,19,57134,卖盘
2313,10:36:00,29.36,--,22,64592,卖盘
2314,10:35:57,29.36,--,29,86729,买盘
2315,10:35:54,29.36,0.01,66,193776,买盘
2316,10:35:51,29.35,0.02,33,96855,买盘
2317,10:35:48,29.33,-0.02,75,222614,卖盘
2318,10:35:45,29.35,-0.01,84,246540,卖盘
2319,10:35:42,29.36,0.01,24,70464,买盘
2320,10:35:39,29.35,--,52,152913,买盘
2321,10:35:36,29.35,-0.01,160,469600,卖盘
2322,10:35:33,29.36,--,16,46976,买盘
2323,10:35:30,29.36,0.03,77,226072,买盘
2324,10:35:27,29.33,-0.02,13,38129,卖盘
2325,10:35:24,29.35,--,8,23480,买盘
2326,10:35:21,29.35,--,85,249475,买盘
2327,10:35:18,29.35,--,24,70440,买盘
2328,10:35:15,29.35,0.03,50,146750,买盘
2329,10:35:12,29.32,0.02,133,389956,买盘
2330,10:35:09,29.3,--,4,11720,卖盘
2331,10:35:06,29.3,--,43,125990,卖盘
2332,10:35:03,29.3,0.04,1194,3500881,买盘
2333,10:35:00,29.26,--,23,67298,卖盘
2334,10:34:57,29.26,-0.01,85,248710,卖盘
2335,10:34:54,29.27,--,56,163912,买盘
2336,10:34:51,29.27,--,5,14635,买盘
2337,10:34:48,29.27,0.01,81,237087,买盘
2338,10:34:45,29.26,0.03,206,605360,买盘
2339,10:34:42,29.23,-0.01,90,263070,卖盘
2340,10:34:39,29.24,-0.01,174,508776,卖盘
2341,10:34:36,29.25,--,42,122850,卖盘
2342,10:34:33,29.25,--,46,134550,卖盘
2343,10:34:30,29.25,-0.01,7,20475,卖盘
2344,10:34:27,29.26,--,33,96558,买盘
2345,10:34:24,29.26,0.01,263,769538,买盘
2346,10:34:21,29.25,--,143,418275,买盘
2347,10:34:18,29.25,--,2,5850,买盘
2348,10:34:15,29.25,0.02,11,32175,买盘
2349,10:34:12,29.23,-0.01,40,116920,卖盘
2350,10:34:09,29.24,0.02,22,64912,买盘
2351,10:34:06,29.22,-0.01,100,292200,卖盘
2352,10:34:03,29.23,0.01,59,172457,买盘
2353,10:33:57,29.22,0.01,8,23376,中性盘
2354,10:33:51,29.21,-0.02,27,78867,卖盘
2355,10:33:48,29.23,0.02,238,695674,买盘
2356,10:33:45,29.21,--,168,490728,卖盘
2357,10:33:42,29.21,--,106,309626,卖盘
2358,10:33:39,29.21,--,50,146838,买盘
2359,10:33:36,29.21,--,47,137287,买盘
2360,10:33:33,29.21,0.01,140,408940,买盘
2361,10:33:30,29.2,--,14,40880,卖盘
2362,10:33:27,29.2,--,23,67160,卖盘
2363,10:33:24,29.2,--,15,43800,卖盘
2364,10:33:21,29.2,-0.01,9,26280,卖盘
2365,10:33:18,29.21,0.01,24,70104,买盘
2366,10:33:15,29.2,--,20,58400,卖盘
2367,10:33:12,29.2,--,5,14600,卖盘
2368,10:33:09,29.2,--,20,58400,买盘
2369,10:33:06,29.2,--,3,8760,买盘
2370,10:33:03,29.2,--,5,14600,买盘
2371,10:33:00,29.2,--,64,186880,买盘
2372,10:32:57,29.2,--,16,46720,买盘
2373,10:32:54,29.2,--,629,1836680,卖盘
2374,10:32:51,29.2,--,1,2920,卖盘
2375,10:32:45,29.2,--,17,49640,卖盘
2376,10:32:42,29.2,0.01,98,286160,买盘
2377,10:32:36,29.19,--,38,110922,买盘
2378,10:32:30,29.19,0.01,56,163464,买盘
2379,10:32:24,29.18,0.01,5,14590,买盘
2380,10:32:21,29.17,--,5,14585,卖盘
2381,10:32:18,29.17,--,2,5834,卖盘
2382,10:32:15,29.17,--,108,315036,买盘
2383,10:32:12,29.17,0.01,8,23336,买盘
2384,10:32:09,29.16,-0.01,19,55404,卖盘
2385,10:32:06,29.17,0.01,501,1461417,买盘
2386,10:32:03,29.16,--,2,5832,卖盘
2387,10:31:57,29.16,-0.01,6,17496,卖盘
2388,10:31:45,29.17,--,9,26253,买盘
2389,10:31:42,29.17,-0.01,376,1096792,卖盘
2390,10:31:36,29.18,--,9,26262,卖盘
2391,10:31:30,29.18,0.01,99,288882,买盘
2392,10:31:21,29.17,--,62,180854,卖盘
2393,10:31:06,29.17,-0.01,2,5834,卖盘
2394,10:31:03,29.18,0.01,10,29180,买盘
2395,10:31:00,29.17,-0.01,32,93344,卖盘
2396,10:30:57,29.18,0.01,1,2918,中性盘
2397,10:30:54,29.17,--,30,87510,卖盘
2398,10:30:51,29.17,--,2,5834,卖盘
2399,10:30:45,29.17,0.01,307,895519,买盘
2400,10:30:42,29.16,-0.01,9,26244,卖盘
2401,10:30:33,29.17,--,60,175020,买盘
2402,10:30:27,29.17,--,2,5834,买盘
2403,10:30:24,29.17,--,7,20419,买盘
2404,10:30:21,29.17,-0.01,625,1823125,卖盘
2405,10:30:18,29.18,-0.01,2,5836,卖盘
2406,10:30:15,29.19,0.01,12,35028,买盘
2407,10:30:09,29.18,-0.01,1,2918,卖盘
2408,10:30:06,29.19,--,50,145950,买盘
2409,10:29:57,29.19,--,15,43785,买盘
2410,10:29:54,29.19,-0.01,55,160545,卖盘
2411,10:29:51,29.2,--,65,189800,买盘
2412,10:29:45,29.2,--,9,26280,买盘
2413,10:29:39,29.2,--,1,2920,买盘
2414,10:29:36,29.2,--,3,8760,卖盘
2415,10:29:33,29.2,--,67,195640,卖盘
2416,10:29:30,29.2,-0.01,109,318280,中性盘
2417,10:29:27,29.21,0.01,110,321310,买盘
2418,10:29:24,29.2,--,44,128480,卖盘
2419,10:29:21,29.2,-0.01,1,2920,卖盘
2420,10:29:18,29.21,0.01,3,8763,买盘
2421,10:29:15,29.2,--,119,347480,卖盘
2422,10:29:06,29.2,--,9,26280,卖盘
2423,10:29:03,29.2,0.01,28,81760,买盘
2424,10:28:57,29.19,--,1,2919,买盘
2425,10:28:54,29.19,--,36,105084,买盘
2426,10:28:51,29.19,-0.01,48,140112,卖盘
2427,10:28:48,29.2,--,94,274480,买盘
2428,10:28:45,29.2,--,9,26280,买盘
2429,10:28:42,29.2,0.01,7,20440,买盘
2430,10:28:39,29.19,-0.01,24,70056,卖盘
2431,10:28:33,29.2,0.01,60,175200,买盘
2432,10:28:27,29.19,-0.01,2,5838,卖盘
2433,10:28:21,29.2,0.01,3,8760,买盘
2434,10:28:18,29.19,-0.01,4,11676,卖盘
2435,10:28:15,29.2,--,57,166440,买盘
2436,10:28:12,29.2,--,43,125560,买盘
2437,10:28:09,29.2,--,43,125560,卖盘
2438,10:28:06,29.2,--,1,2920,卖盘
2439,10:28:03,29.2,-0.01,3,8760,卖盘
2440,10:27:57,29.21,0.01,1,2921,买盘
2441,10:27:54,29.2,-0.01,38,110960,卖盘
2442,10:27:51,29.21,--,7,20447,买盘
2443,10:27:48,29.21,--,99,289179,买盘
2444,10:27:45,29.21,0.02,108,315468,买盘
2445,10:27:42,29.19,-0.02,20,58380,卖盘
2446,10:27:36,29.21,--,31,90551,买盘
2447,10:27:30,29.21,--,60,175260,买盘
2448,10:27:27,29.21,0.01,14,40894,买盘
2449,10:27:24,29.2,-0.01,1,2920,中性盘
2450,10:27:18,29.21,0.02,235,686435,买盘
2451,10:27:15,29.19,--,10,29190,买盘
2452,10:27:12,29.19,--,50,145950,买盘
2453,10:27:09,29.19,--,1,2919,买盘
2454,10:27:06,29.19,--,10,29190,买盘
2455,10:26:57,29.19,0.04,1,2919,买盘
2456,10:26:48,29.15,-0.04,100,291500,卖盘
2457,10:26:45,29.19,0.02,9,26271,买盘
2458,10:26:42,29.17,-0.01,300,875100,卖盘
2459,10:26:33,29.18,--,3,8754,卖盘
2460,10:26:30,29.18,--,10,29180,买盘
2461,10:26:27,29.18,--,1,2918,买盘
2462,10:26:21,29.18,--,14,40852,买盘
2463,10:26:18,29.18,-0.01,97,283046,卖盘
2464,10:26:15,29.19,--,23,67137,卖盘
2465,10:26:12,29.19,-0.01,52,151788,卖盘
2466,10:26:09,29.2,0.01,11,32120,买盘
2467,10:26:06,29.19,--,1,2919,卖盘
2468,10:26:03,29.19,--,10,29190,卖盘
2469,10:26:00,29.19,-0.01,7,20433,卖盘
2470,10:25:57,29.2,--,31,90520,买盘
2471,10:25:54,29.2,0.01,10,29200,买盘
2472,10:25:51,29.19,-0.01,7,20433,卖盘
2473,10:25:45,29.2,-0.01,9,26280,买盘
2474,10:25:30,29.21,0.01,60,175260,买盘
2475,10:25:27,29.2,--,2,5840,买盘
2476,10:25:24,29.2,--,4,11680,卖盘
2477,10:25:21,29.2,--,25,73000,卖盘
2478,10:25:15,29.2,-0.01,11,32120,卖盘
2479,10:25:12,29.21,0.01,50,146050,买盘
2480,10:25:00,29.2,-0.01,1,2920,卖盘
2481,10:24:57,29.21,--,2,5842,买盘
2482,10:24:48,29.21,--,8,23368,买盘
2483,10:24:45,29.21,0.03,10,29210,买盘
2484,10:24:42,29.18,-0.02,89,259702,卖盘
2485,10:24:39,29.2,--,2,5840,买盘
2486,10:24:36,29.2,--,8,23360,卖盘
2487,10:24:33,29.2,--,6,17520,卖盘
2488,10:24:30,29.2,-0.01,21,61320,中性盘
2489,10:24:27,29.21,0.03,120,350520,买盘
2490,10:24:24,29.18,-0.02,132,386372,卖盘
2491,10:24:15,29.2,0.02,163,477682,买盘
2492,10:24:12,29.18,-0.01,10,29180,卖盘
2493,10:24:09,29.19,0.01,50,145950,中性盘
2494,10:24:03,29.18,-0.02,11,32098,卖盘
2495,10:23:57,29.2,--,1,2920,买盘
2496,10:23:54,29.2,0.03,100,292000,买盘
2497,10:23:51,29.17,-0.01,1,2917,卖盘
2498,10:23:48,29.18,--,100,291800,买盘
2499,10:23:45,29.18,0.01,109,318062,买盘
2500,10:23:42,29.17,-0.01,102,297534,卖盘
2501,10:23:36,29.18,--,5,14590,买盘
2502,10:23:27,29.18,--,61,177998,买盘
2503,10:23:24,29.18,--,1,2918,买盘
2504,10:23:21,29.18,--,165,481470,卖盘
2505,10:23:15,29.18,--,4,11672,卖盘
2506,10:23:12,29.18,--,130,379340,卖盘
2507,10:23:09,29.18,--,51,148818,卖盘
2508,10:23:03,29.18,-0.01,14,40852,卖盘
2509,10:22:57,29.19,0.01,1,2919,买盘
2510,10:22:51,29.18,-0.01,27,78786,卖盘
2511,10:22:45,29.19,--,14,40866,买盘
2512,10:22:42,29.19,0.01,3,8757,买盘
2513,10:22:39,29.18,--,50,145900,卖盘
2514,10:22:36,29.18,-0.01,200,583600,卖盘
2515,10:22:30,29.19,--,20,58380,买盘
2516,10:22:27,29.19,--,96,280224,卖盘
2517,10:22:24,29.19,-0.01,4,11676,卖盘
2518,10:22:21,29.2,--,6,17520,买盘
2519,10:22:15,29.2,--,10,29200,买盘
2520,10:22:12,29.2,--,4,12877,卖盘
2521,10:22:09,29.2,0.01,45,133122,买盘
2522,10:21:57,29.19,-0.01,11,32109,卖盘
2523,10:21:54,29.2,--,5,14600,买盘
2524,10:21:51,29.2,--,263,767960,买盘
2525,10:21:48,29.2,--,21,61320,买盘
2526,10:21:45,29.2,-0.01,135,394200,卖盘
2527,10:21:42,29.21,0.01,42,122682,买盘
2528,10:21:39,29.2,--,15,43800,卖盘
2529,10:21:36,29.2,--,11,32120,卖盘
2530,10:21:33,29.2,-0.01,60,175200,卖盘
2531,10:21:30,29.21,--,32,93472,买盘
2532,10:21:27,29.21,--,1,2921,买盘
2533,10:21:24,29.21,--,94,274574,买盘
2534,10:21:21,29.21,-0.01,185,540385,卖盘
2535,10:21:18,29.22,--,4,11688,买盘
2536,10:21:15,29.22,--,2,5844,买盘
2537,10:21:09,29.22,--,5,14610,买盘
2538,10:21:06,29.22,0.01,150,438300,买盘
2539,10:21:03,29.21,--,10,29210,卖盘
2540,10:21:00,29.21,--,6,17526,卖盘
2541,10:20:57,29.21,-0.01,6,17526,卖盘
2542,10:20:54,29.22,--,57,166554,买盘
2543,10:20:45,29.22,0.01,9,26298,买盘
2544,10:20:42,29.21,-0.01,1,2921,卖盘
2545,10:20:39,29.22,--,2,5844,买盘
2546,10:20:36,29.22,-0.01,12,35064,中性盘
2547,10:20:30,29.23,--,123,359529,买盘
2548,10:20:27,29.23,--,23,67229,买盘
2549,10:20:24,29.23,0.01,162,473526,买盘
2550,10:20:21,29.22,--,110,321420,卖盘
2551,10:20:18,29.22,--,132,385704,卖盘
2552,10:20:15,29.22,-0.01,32,93504,卖盘
2553,10:20:12,29.23,0.01,5,14615,买盘
2554,10:20:09,29.22,-0.01,1,2922,卖盘
2555,10:20:06,29.23,--,96,280608,买盘
2556,10:20:03,29.23,--,16,46768,买盘
2557,10:20:00,29.23,--,176,516786,卖盘
2558,10:19:57,29.23,-0.02,201,587523,卖盘
2559,10:19:54,29.25,--,21,61425,买盘
2560,10:19:51,29.25,--,60,175500,买盘
2561,10:19:48,29.25,-0.01,50,146250,买盘
2562,10:19:45,29.26,0.01,9,26334,买盘
2563,10:19:42,29.25,--,1,2925,买盘
2564,10:19:39,29.25,-0.01,32,94565,卖盘
2565,10:19:36,29.26,0.01,20,60480,买盘
2566,10:19:33,29.25,--,23,67275,卖盘
2567,10:19:30,29.25,--,105,307125,卖盘
2568,10:19:27,29.25,-0.01,33,96525,卖盘
2569,10:19:24,29.26,0.01,313,915838,买盘
2570,10:19:21,29.25,--,53,155025,卖盘
2571,10:19:18,29.25,--,6,17550,卖盘
2572,10:19:15,29.25,--,62,181350,买盘
2573,10:19:12,29.25,--,12,35100,买盘
2574,10:19:09,29.25,--,49,143325,买盘
2575,10:19:06,29.25,0.01,50,146250,买盘
2576,10:19:03,29.24,--,16,46784,卖盘
2577,10:19:00,29.24,--,62,181288,卖盘
2578,10:18:57,29.24,--,12,35088,卖盘
2579,10:18:54,29.24,-0.01,1,2924,卖盘
2580,10:18:51,29.25,0.01,17,49725,买盘
2581,10:18:45,29.24,--,95,278364,买盘
2582,10:18:39,29.24,0.01,21,61404,买盘
2583,10:18:36,29.23,--,3,8769,卖盘
2584,10:18:33,29.23,--,45,131535,卖盘
2585,10:18:30,29.23,-0.01,23,67229,卖盘
2586,10:18:27,29.24,--,81,236844,买盘
2587,10:18:24,29.24,0.01,1,2924,买盘
2588,10:18:18,29.23,--,33,96459,卖盘
2589,10:18:12,29.23,0.01,168,491064,买盘
2590,10:18:09,29.22,--,7,20454,卖盘
2591,10:18:06,29.22,--,2,5844,卖盘
2592,10:18:03,29.22,--,77,224994,买盘
2593,10:17:57,29.22,0.01,15,43830,买盘
2594,10:17:51,29.21,--,2,5842,卖盘
2595,10:17:45,29.21,--,56,163576,买盘
2596,10:17:42,29.21,--,24,70104,买盘
2597,10:17:36,29.21,--,3,8763,买盘
2598,10:17:33,29.21,--,2,5842,买盘
2599,10:17:30,29.21,--,18,52578,买盘
2600,10:17:27,29.21,--,3,8763,买盘
2601,10:17:21,29.21,--,60,175260,买盘
2602,10:17:18,29.21,0.01,20,58420,买盘
2603,10:17:15,29.2,-0.01,7,20440,中性盘
2604,10:17:12,29.21,-0.01,26,75946,中性盘
2605,10:17:09,29.22,0.02,93,271746,买盘
2606,10:17:06,29.2,-0.02,5,14600,卖盘
2607,10:17:00,29.22,0.02,171,499662,买盘
2608,10:16:57,29.2,--,1,2920,买盘
2609,10:16:54,29.2,--,1,2920,买盘
2610,10:16:51,29.2,--,50,146000,买盘
2611,10:16:48,29.2,--,1,2920,买盘
2612,10:16:45,29.2,--,12,35040,买盘
2613,10:16:42,29.2,--,2,5840,买盘
2614,10:16:36,29.2,--,6,17520,买盘
2615,10:16:33,29.2,0.01,8,23360,买盘
2616,10:16:27,29.19,0.02,27,78813,买盘
2617,10:16:24,29.17,--,21,61257,买盘
2618,10:16:21,29.17,--,87,253779,买盘
2619,10:16:18,29.17,-0.03,101,294617,卖盘
2620,10:16:15,29.2,0.01,50,146000,买盘
2621,10:16:12,29.19,0.01,17,49623,买盘
2622,10:16:09,29.18,-0.01,1,2918,卖盘
2623,10:16:06,29.19,0.01,34,99246,买盘
2624,10:16:03,29.18,--,27,78786,买盘
2625,10:16:00,29.18,--,65,189670,买盘
2626,10:15:57,29.18,--,14,40852,买盘
2627,10:15:54,29.18,--,11,32098,买盘
2628,10:15:51,29.18,--,19,55442,买盘
2629,10:15:48,29.18,--,16,46688,买盘
2630,10:15:45,29.18,--,9,26262,买盘
2631,10:15:42,29.18,-0.01,3,8754,中性盘
2632,10:15:36,29.19,0.01,24,70056,买盘
2633,10:15:33,29.18,--,111,323898,卖盘
2634,10:15:30,29.18,-0.01,27,78786,卖盘
2635,10:15:27,29.19,0.01,14,40866,买盘
2636,10:15:24,29.18,-0.01,4,11672,卖盘
2637,10:15:21,29.19,--,34,99246,买盘
2638,10:15:18,29.19,0.01,66,192654,买盘
2639,10:15:15,29.18,-0.01,5,14590,卖盘
2640,10:15:09,29.19,--,5,14595,买盘
2641,10:15:06,29.19,--,5,14595,买盘
2642,10:15:03,29.19,0.01,4,11676,买盘
2643,10:15:00,29.18,-0.01,1,2918,卖盘
2644,10:14:57,29.19,0.01,10,29190,买盘
2645,10:14:54,29.18,--,3,8754,卖盘
2646,10:14:51,29.18,-0.01,2,5836,卖盘
2647,10:14:48,29.19,--,13,37947,买盘
2648,10:14:45,29.19,0.01,104,303576,买盘
2649,10:14:42,29.18,-0.01,20,58360,卖盘
2650,10:14:39,29.19,--,43,125517,卖盘
2651,10:14:33,29.19,0.01,55,160545,买盘
2652,10:14:27,29.18,-0.01,4,11672,中性盘
2653,10:14:24,29.19,0.01,68,198492,买盘
2654,10:14:21,29.18,-0.01,74,215932,卖盘
2655,10:14:18,29.19,0.01,70,204330,买盘
2656,10:14:15,29.18,-0.01,2,5836,卖盘
2657,10:14:12,29.19,--,1,2919,买盘
2658,10:14:09,29.19,--,26,75894,买盘
2659,10:14:00,29.19,--,5,14595,买盘
2660,10:13:57,29.19,--,20,58380,买盘
2661,10:13:54,29.19,-0.01,55,160545,卖盘
2662,10:13:51,29.2,0.01,6,17520,买盘
2663,10:13:48,29.19,-0.01,65,189735,卖盘
2664,10:13:45,29.2,--,20,58400,买盘
2665,10:13:42,29.2,0.01,21,61320,买盘
2666,10:13:39,29.19,0.01,19,55461,买盘
2667,10:13:36,29.18,-0.01,10,29180,卖盘
2668,10:13:27,29.19,-0.01,6,17514,卖盘
2669,10:13:24,29.2,--,6,17520,买盘
2670,10:13:18,29.2,0.01,60,175200,买盘
2671,10:13:15,29.19,--,3,8757,买盘
2672,10:13:09,29.19,--,14,40866,买盘
2673,10:13:06,29.19,-0.01,3,8757,卖盘
2674,10:13:03,29.2,0.01,12,35040,买盘
2675,10:13:00,29.19,--,12,35028,卖盘
2676,10:12:57,29.19,--,1,2919,卖盘
2677,10:12:54,29.19,-0.01,2,5838,卖盘
2678,10:12:48,29.2,--,7,20440,买盘
2679,10:12:45,29.2,--,16,46720,买盘
2680,10:12:42,29.2,0.01,17,49640,买盘
2681,10:12:36,29.19,--,1,2919,卖盘
2682,10:12:33,29.19,--,20,58380,卖盘
2683,10:12:30,29.19,-0.01,13,37947,卖盘
2684,10:12:27,29.2,0.01,9,26280,买盘
2685,10:12:24,29.19,--,3,8757,卖盘
2686,10:12:21,29.19,-0.01,10,29190,卖盘
2687,10:12:18,29.2,0.01,88,256960,买盘
2688,10:12:15,29.19,--,3,8757,买盘
2689,10:12:09,29.19,--,62,180978,买盘
2690,10:12:06,29.19,--,6,17514,卖盘
2691,10:12:03,29.19,--,25,72975,卖盘
2692,10:11:54,29.19,-0.01,1,2919,卖盘
2693,10:11:51,29.2,0.01,2,5840,买盘
2694,10:11:48,29.19,0.01,4,11676,中性盘
2695,10:11:45,29.18,-0.02,3,8754,卖盘
2696,10:11:42,29.2,--,9,26280,买盘
2697,10:11:39,29.2,--,20,58400,买盘
2698,10:11:36,29.2,0.02,6,17520,买盘
2699,10:11:33,29.18,-0.02,3,8754,卖盘
2700,10:11:30,29.2,--,88,256960,买盘
2701,10:11:27,29.2,--,2,5840,买盘
2702,10:11:24,29.2,--,54,157680,买盘
2703,10:11:21,29.2,--,45,131400,买盘
2704,10:11:15,29.2,0.01,61,178120,买盘
2705,10:11:12,29.19,0.01,1,2919,买盘
2706,10:11:09,29.18,-0.02,12,35016,卖盘
2707,10:11:06,29.2,--,37,108040,买盘
2708,10:11:00,29.2,0.01,6,17520,买盘
2709,10:10:54,29.19,-0.01,5,14595,中性盘
2710,10:10:51,29.2,--,59,172280,买盘
2711,10:10:48,29.2,0.02,3,8760,买盘
2712,10:10:45,29.18,-0.02,150,437700,卖盘
2713,10:10:42,29.2,0.01,9,26280,买盘
2714,10:10:39,29.19,0.01,3,8757,中性盘
2715,10:10:36,29.18,-0.01,11,32098,卖盘
2716,10:10:33,29.19,0.01,24,70056,买盘
2717,10:10:27,29.18,--,23,67114,买盘
2718,10:10:24,29.18,--,9,26262,卖盘
2719,10:10:21,29.18,-0.01,10,29180,卖盘
2720,10:10:18,29.19,0.01,6,17514,买盘
2721,10:10:12,29.18,--,10,29180,卖盘
2722,10:10:09,29.18,--,4,11672,卖盘
2723,10:10:06,29.18,0.01,76,221768,买盘
2724,10:10:03,29.17,0.01,22,64174,买盘
2725,10:09:57,29.16,-0.01,8,23328,卖盘
2726,10:09:54,29.17,0.01,15,43755,买盘
2727,10:09:51,29.16,--,10,29160,卖盘
2728,10:09:48,29.16,--,14,40824,卖盘
2729,10:09:45,29.16,--,17,49572,买盘
2730,10:09:42,29.16,--,23,67068,买盘
2731,10:09:39,29.16,0.01,3,8748,买盘
2732,10:09:36,29.15,-0.01,14,40810,卖盘
2733,10:09:33,29.16,0.01,10,29160,买盘
2734,10:09:27,29.15,--,5,14575,买盘
2735,10:09:24,29.15,0.01,8,23320,买盘
2736,10:09:21,29.14,--,11,32054,卖盘
2737,10:09:18,29.14,--,1,2914,卖盘
2738,10:09:15,29.14,0.01,15,43710,卖盘
2739,10:09:09,29.13,--,2,5826,卖盘
2740,10:09:06,29.13,--,1,2913,卖盘
2741,10:09:03,29.13,--,43,125259,买盘
2742,10:08:54,29.13,--,10,29130,买盘
2743,10:08:51,29.13,-0.03,18,52434,卖盘
2744,10:08:45,29.16,--,9,26244,买盘
2745,10:08:42,29.16,0.01,13,37908,买盘
2746,10:08:39,29.15,0.02,14,40810,中性盘
2747,10:08:36,29.13,-0.02,10,29130,卖盘
2748,10:08:33,29.15,-0.01,9,26235,卖盘
2749,10:08:30,29.16,--,11,32076,卖盘
2750,10:08:27,29.16,--,11,32076,卖盘
2751,10:08:21,29.16,--,11,32076,卖盘
2752,10:08:18,29.16,-0.01,7,20412,卖盘
2753,10:08:15,29.17,-0.01,6,17502,买盘
2754,10:08:12,29.18,0.02,60,175080,买盘
2755,10:08:09,29.16,-0.02,2,5832,卖盘
2756,10:08:06,29.18,0.01,13,37934,买盘
2757,10:08:03,29.17,--,5,14585,卖盘
2758,10:08:00,29.17,--,22,64174,卖盘
2759,10:07:51,29.17,--,10,29170,卖盘
2760,10:07:48,29.17,-0.01,1,2917,卖盘
2761,10:07:45,29.18,--,4,11672,买盘
2762,10:07:42,29.18,0.01,9,26262,买盘
2763,10:07:39,29.17,-0.01,9,26253,卖盘
2764,10:07:27,29.18,--,7,20426,买盘
2765,10:07:24,29.18,--,27,78786,卖盘
2766,10:07:21,29.18,-0.01,6,17508,卖盘
2767,10:07:18,29.19,--,5,14595,买盘
2768,10:07:15,29.19,-0.01,11,32109,买盘
2769,10:07:12,29.2,0.01,60,175200,买盘
2770,10:07:09,29.19,--,38,110922,买盘
2771,10:07:06,29.19,--,14,40866,卖盘
2772,10:07:03,29.19,-0.01,14,40866,卖盘
2773,10:07:00,29.2,--,10,29200,买盘
2774,10:06:57,29.2,--,21,61320,买盘
2775,10:06:54,29.2,--,28,81760,买盘
2776,10:06:51,29.2,--,30,87600,买盘
2777,10:06:48,29.2,--,155,452600,买盘
2778,10:06:42,29.2,--,9,26280,买盘
2779,10:06:39,29.2,--,30,87600,买盘
2780,10:06:33,29.2,--,5,14600,买盘
2781,10:06:27,29.2,--,50,146000,卖盘
2782,10:06:15,29.2,-0.01,79,230680,卖盘
2783,10:06:12,29.21,0.01,8,23368,买盘
2784,10:06:09,29.2,--,8,23360,卖盘
2785,10:06:06,29.2,-0.01,70,204400,卖盘
2786,10:06:03,29.21,0.01,10,29210,买盘
2787,10:06:00,29.2,-0.01,2,5840,卖盘
2788,10:05:57,29.21,0.01,4,11684,买盘
2789,10:05:51,29.2,--,15,43800,卖盘
2790,10:05:48,29.2,-0.01,22,64240,卖盘
2791,10:05:45,29.21,--,11,32131,买盘
2792,10:05:42,29.21,-0.01,22,64262,买盘
2793,10:05:36,29.22,--,57,166554,买盘
2794,10:05:33,29.22,--,6,17532,买盘
2795,10:05:30,29.22,--,7,20454,买盘
2796,10:05:27,29.22,--,8,23376,卖盘
2797,10:05:24,29.22,--,26,75972,卖盘
2798,10:05:21,29.22,--,28,81816,买盘
2799,10:05:18,29.22,--,100,292200,卖盘
2800,10:05:15,29.22,-0.02,24,70128,卖盘
2801,10:05:12,29.24,0.02,12,35088,买盘
2802,10:05:09,29.22,0.01,25,73050,买盘
2803,10:05:06,29.21,-0.01,217,633857,卖盘
2804,10:05:03,29.22,0.01,4,11688,买盘
2805,10:05:00,29.21,--,13,37973,卖盘
2806,10:04:57,29.21,--,11,32131,卖盘
2807,10:04:54,29.21,-0.01,11,32131,卖盘
2808,10:04:51,29.22,--,22,64284,买盘
2809,10:04:48,29.22,--,31,90582,买盘
2810,10:04:45,29.22,0.01,5,14610,买盘
2811,10:04:42,29.21,--,16,46736,卖盘
