,time,price,change,volume,amount,type
0,15:00:03,10.3,--,4376,4507280,卖盘
1,14:57:00,10.3,--,172,177160,卖盘
2,14:56:57,10.3,-0.01,550,566500,卖盘
3,14:56:54,10.31,--,537,553647,买盘
4,14:56:51,10.31,--,80,82480,买盘
5,14:56:48,10.31,0.01,212,218572,买盘
6,14:56:45,10.3,--,1060,1091800,买盘
7,14:56:42,10.3,--,184,189520,买盘
8,14:56:39,10.3,--,109,112270,买盘
9,14:56:36,10.3,--,234,241020,买盘
10,14:56:33,10.3,--,101,104030,买盘
11,14:56:30,10.3,--,240,247200,买盘
12,14:56:27,10.3,--,80,82400,买盘
13,14:56:24,10.3,--,209,215270,买盘
14,14:56:21,10.3,0.01,90,92700,买盘
15,14:56:18,10.29,-0.01,195,200654,卖盘
16,14:56:15,10.3,--,105,108150,买盘
17,14:56:12,10.3,--,90,92700,买盘
18,14:56:09,10.3,0.01,181,186430,买盘
19,14:56:06,10.29,-0.01,194,199625,卖盘
20,14:56:03,10.3,0.01,143,147290,买盘
21,14:56:00,10.29,-0.01,13,13376,卖盘
22,14:55:57,10.3,0.01,26,26780,买盘
23,14:55:54,10.29,--,2,2058,卖盘
24,14:55:51,10.29,--,3,3086,卖盘
25,14:55:48,10.29,-0.01,110,113601,卖盘
26,14:55:45,10.3,0.01,65,66950,买盘
27,14:55:42,10.29,--,12,12347,卖盘
28,14:55:36,10.29,-0.01,10,10290,卖盘
29,14:55:33,10.3,0.01,103,106090,买盘
30,14:55:30,10.29,-0.01,10,10290,卖盘
31,14:55:27,10.3,--,44,45320,买盘
32,14:55:24,10.3,0.01,75,77250,买盘
33,14:55:15,10.29,--,305,313845,卖盘
34,14:55:12,10.29,--,168,172872,卖盘
35,14:55:03,10.29,-0.01,1,1029,卖盘
36,14:55:00,10.3,0.01,14,14420,买盘
37,14:54:54,10.29,-0.01,207,213002,卖盘
38,14:54:48,10.3,--,35,36050,买盘
39,14:54:42,10.3,--,111,114330,买盘
40,14:54:39,10.3,--,1229,1266117,卖盘
41,14:54:36,10.3,-0.01,17,17510,卖盘
42,14:54:33,10.31,--,1,1031,买盘
43,14:54:30,10.31,0.01,27,27837,买盘
44,14:54:27,10.3,-0.01,2,2060,卖盘
45,14:54:21,10.31,0.01,69,71139,买盘
46,14:54:18,10.3,-0.01,1,1030,卖盘
47,14:54:15,10.31,--,15,15465,买盘
48,14:54:12,10.31,0.01,15,15465,买盘
49,14:54:09,10.3,--,10,10300,卖盘
50,14:54:06,10.3,--,40,41200,卖盘
51,14:53:57,10.3,-0.01,19,19570,卖盘
52,14:53:51,10.31,0.01,34,35054,买盘
53,14:53:48,10.3,--,36,37080,卖盘
54,14:53:45,10.3,--,46,47668,卖盘
55,14:53:42,10.3,--,2,2060,卖盘
56,14:53:39,10.3,--,5,5150,卖盘
57,14:53:36,10.3,-0.01,4,4120,卖盘
58,14:53:33,10.31,0.01,294,303114,买盘
59,14:53:30,10.3,-0.01,33,33990,卖盘
60,14:53:24,10.31,0.01,57,58767,买盘
61,14:53:12,10.3,--,100,103000,卖盘
62,14:53:09,10.3,-0.01,24,24720,卖盘
63,14:53:03,10.31,0.01,2,2062,买盘
64,14:52:57,10.3,--,35,36050,卖盘
65,14:52:51,10.3,--,83,85490,卖盘
66,14:52:48,10.3,--,6,6180,卖盘
67,14:52:45,10.3,-0.01,55,56650,卖盘
68,14:52:42,10.31,0.01,6,6186,买盘
69,14:52:39,10.3,--,500,515000,卖盘
70,14:52:36,10.3,-0.01,5,5150,卖盘
71,14:52:33,10.31,0.01,19,19589,买盘
72,14:52:21,10.3,--,40,41200,卖盘
73,14:52:18,10.3,--,10,10300,卖盘
74,14:52:15,10.3,--,27,27810,卖盘
75,14:52:00,10.3,--,50,51500,卖盘
76,14:51:54,10.3,-0.01,20,20600,卖盘
77,14:51:48,10.31,0.01,3,3093,买盘
78,14:51:45,10.3,--,364,374920,卖盘
79,14:51:33,10.3,--,650,669500,卖盘
80,14:51:30,10.3,-0.01,64,65920,卖盘
81,14:51:24,10.31,--,262,270122,买盘
82,14:51:21,10.31,0.01,30,30930,买盘
83,14:51:18,10.3,--,19,19570,卖盘
84,14:51:12,10.3,--,100,103000,卖盘
85,14:51:09,10.3,--,20,20600,卖盘
86,14:51:06,10.3,-0.01,12,12360,卖盘
87,14:51:00,10.31,0.01,2,2062,买盘
88,14:50:48,10.3,-0.01,10,10300,卖盘
89,14:50:45,10.31,--,200,206200,买盘
90,14:50:42,10.31,--,44,45364,买盘
91,14:50:39,10.31,0.01,100,103100,买盘
92,14:50:36,10.3,-0.01,1,1030,卖盘
93,14:50:33,10.31,0.01,75,77819,买盘
94,14:50:24,10.3,-0.01,44,45320,卖盘
95,14:50:21,10.31,0.01,6,6186,买盘
96,14:50:18,10.3,--,26,26780,卖盘
97,14:50:12,10.3,-0.01,200,206000,卖盘
98,14:50:09,10.31,0.01,94,96914,买盘
99,14:50:06,10.3,--,5,5150,卖盘
100,14:50:03,10.3,--,207,213210,买盘
101,14:49:57,10.3,--,5,5150,买盘
102,14:49:54,10.3,--,3,3090,买盘
103,14:49:51,10.3,--,8,8240,买盘
104,14:49:48,10.3,--,25,25750,买盘
105,14:49:45,10.3,--,888,914640,买盘
106,14:49:42,10.3,--,26,26780,卖盘
107,14:49:39,10.3,--,25,25750,卖盘
108,14:49:33,10.3,--,227,233810,买盘
109,14:49:30,10.3,--,382,393460,卖盘
110,14:49:27,10.3,--,100,103000,卖盘
111,14:49:24,10.3,--,28,28840,卖盘
112,14:49:12,10.3,-0.01,20,20600,卖盘
113,14:49:09,10.31,0.01,6,6186,买盘
114,14:49:03,10.3,-0.01,300,309000,卖盘
115,14:49:00,10.31,0.01,82,84542,买盘
116,14:48:57,10.3,--,5,5150,卖盘
117,14:48:54,10.3,-0.01,612,630360,卖盘
118,14:48:51,10.31,0.01,15,15465,买盘
119,14:48:48,10.3,--,14,14420,卖盘
120,14:48:45,10.3,--,10,10300,卖盘
121,14:48:42,10.3,--,100,103000,卖盘
122,14:48:33,10.3,-0.01,6,6180,卖盘
123,14:48:30,10.31,0.01,205,211355,买盘
124,14:48:27,10.3,-0.01,30,30900,卖盘
125,14:48:21,10.31,0.01,10,10310,买盘
126,14:48:18,10.3,-0.01,27,27810,卖盘
127,14:48:12,10.31,--,4,4124,买盘
128,14:48:00,10.31,--,6,6186,买盘
129,14:47:51,10.31,--,5,5155,买盘
130,14:47:48,10.31,--,25,25775,买盘
131,14:47:45,10.31,0.01,30,30930,买盘
132,14:47:42,10.3,-0.01,15,15450,卖盘
133,14:47:39,10.31,--,56,57736,买盘
134,14:47:24,10.31,0.01,21,21651,买盘
135,14:47:21,10.3,-0.01,1,1030,卖盘
136,14:47:18,10.31,0.01,113,116503,买盘
137,14:47:15,10.3,--,8,8240,卖盘
138,14:47:09,10.3,-0.01,10,10300,卖盘
139,14:47:00,10.31,0.01,2,2062,买盘
140,14:46:54,10.3,-0.01,500,515000,卖盘
141,14:46:48,10.31,0.01,65,67015,买盘
142,14:46:42,10.3,--,236,243080,卖盘
143,14:46:39,10.3,--,10,10300,卖盘
144,14:46:30,10.3,-0.01,15,15450,卖盘
145,14:46:27,10.31,--,3,3093,买盘
146,14:46:21,10.31,0.01,20,20620,买盘
147,14:46:18,10.3,-0.01,30,30900,卖盘
148,14:46:15,10.31,--,9,9279,买盘
149,14:46:09,10.31,--,4,4124,买盘
150,14:46:06,10.31,--,1,1031,买盘
151,14:46:03,10.31,0.01,19,19589,买盘
152,14:46:00,10.3,-0.01,15,15450,卖盘
153,14:45:57,10.31,--,9,9279,买盘
154,14:45:54,10.31,0.01,27,27837,买盘
155,14:45:51,10.3,--,19,19570,卖盘
156,14:45:48,10.3,-0.01,48,49440,卖盘
157,14:45:45,10.31,--,21,21651,买盘
158,14:45:42,10.31,--,2,2062,买盘
159,14:45:39,10.31,0.01,18,18558,买盘
160,14:45:36,10.3,--,24,24720,卖盘
161,14:45:33,10.3,-0.01,35,36050,卖盘
162,14:45:30,10.31,--,10,10310,买盘
163,14:45:24,10.31,0.01,15,15465,买盘
164,14:45:18,10.3,-0.01,4,4120,卖盘
165,14:45:15,10.31,0.01,28,28868,买盘
166,14:45:12,10.3,-0.01,11,11330,卖盘
167,14:45:09,10.31,--,10,10310,买盘
168,14:45:03,10.31,--,26,26806,买盘
169,14:45:00,10.31,--,12,12372,买盘
170,14:44:57,10.31,--,3,3093,买盘
171,14:44:51,10.31,0.01,4,4124,买盘
172,14:44:48,10.3,--,6,6180,卖盘
173,14:44:45,10.3,-0.01,12,12360,卖盘
174,14:44:36,10.31,--,15,15465,买盘
175,14:44:33,10.31,--,3,3093,买盘
176,14:44:30,10.31,--,18,18558,买盘
177,14:44:27,10.31,0.01,32,32992,买盘
178,14:44:24,10.3,-0.01,3,3090,卖盘
179,14:44:21,10.31,0.01,33,34023,买盘
180,14:44:18,10.3,-0.01,73,75190,卖盘
181,14:44:12,10.31,--,7,7217,买盘
182,14:44:06,10.31,--,102,105162,买盘
183,14:44:03,10.31,0.01,10,10310,买盘
184,14:44:00,10.3,--,15,15450,卖盘
185,14:43:57,10.3,--,32,32960,卖盘
186,14:43:54,10.3,-0.01,1,1030,卖盘
187,14:43:48,10.31,0.01,6,6186,买盘
188,14:43:42,10.3,--,33,33990,卖盘
189,14:43:39,10.3,--,21,21630,卖盘
190,14:43:30,10.3,--,63,64890,卖盘
191,14:43:27,10.3,--,3,3090,卖盘
192,14:43:21,10.3,-0.01,100,103000,卖盘
193,14:43:18,10.31,--,38,39178,买盘
194,14:43:15,10.31,0.01,3,3093,买盘
195,14:43:03,10.3,--,14,14420,卖盘
196,14:43:00,10.3,--,1,1030,卖盘
197,14:42:51,10.3,--,1,1030,卖盘
198,14:42:45,10.3,-0.01,52,53560,卖盘
199,14:42:39,10.31,0.01,25,25775,买盘
200,14:42:36,10.3,-0.01,1000,1030000,卖盘
201,14:42:33,10.31,--,29,29899,买盘
202,14:42:30,10.31,0.01,12,12372,买盘
203,14:42:27,10.3,--,60,61800,卖盘
204,14:42:24,10.3,--,72,74160,卖盘
205,14:42:21,10.3,-0.01,1,1030,卖盘
206,14:42:18,10.31,--,11,11341,买盘
207,14:42:15,10.31,--,21,21651,买盘
208,14:42:09,10.31,--,10,10310,买盘
209,14:42:06,10.31,--,4,4124,买盘
210,14:42:03,10.31,--,62,63922,买盘
211,14:42:00,10.31,0.01,3,3093,买盘
212,14:41:57,10.3,-0.01,15,15450,卖盘
213,14:41:51,10.31,0.01,105,108255,买盘
214,14:41:48,10.3,-0.01,66,67980,卖盘
215,14:41:42,10.31,0.01,1,1031,买盘
216,14:41:39,10.3,-0.01,20,20600,卖盘
217,14:41:36,10.31,0.01,2,2062,买盘
218,14:41:21,10.3,-0.01,214,220420,卖盘
219,14:41:18,10.31,--,10,10310,买盘
220,14:41:15,10.31,0.01,175,180425,买盘
221,14:41:12,10.3,-0.01,9,9270,卖盘
222,14:41:09,10.31,0.01,4,4124,买盘
223,14:41:00,10.3,-0.01,99,101970,卖盘
224,14:40:57,10.31,0.01,6,6186,买盘
225,14:40:54,10.3,-0.01,29,29870,卖盘
226,14:40:42,10.31,0.01,3,3093,买盘
227,14:40:39,10.3,--,5,5150,卖盘
228,14:40:36,10.3,-0.01,127,130810,卖盘
229,14:40:27,10.31,--,104,107224,买盘
230,14:40:24,10.31,0.01,2,2062,买盘
231,14:40:18,10.3,--,99,101970,卖盘
232,14:40:15,10.3,--,64,65920,卖盘
233,14:40:09,10.3,--,71,73130,卖盘
234,14:40:03,10.3,-0.01,20,20600,卖盘
235,14:40:00,10.31,--,41,42271,买盘
236,14:39:57,10.31,0.01,2,2062,买盘
237,14:39:54,10.3,-0.01,15,15450,卖盘
238,14:39:48,10.31,0.01,19,19589,买盘
239,14:39:39,10.3,-0.01,51,52530,卖盘
240,14:39:30,10.31,--,3,3093,买盘
241,14:39:15,10.31,0.01,91,93821,买盘
242,14:39:03,10.3,--,21,21630,卖盘
243,14:38:39,10.3,-0.01,4,4120,卖盘
244,14:38:36,10.31,0.01,9,9279,买盘
245,14:38:24,10.3,--,20,20600,卖盘
246,14:38:15,10.3,-0.01,1,1030,卖盘
247,14:38:12,10.31,--,3,3093,买盘
248,14:38:09,10.31,0.01,1834,1890854,买盘
249,14:38:06,10.3,--,482,496460,卖盘
250,14:37:54,10.3,-0.01,300,309000,卖盘
251,14:37:51,10.31,0.01,1,1031,买盘
252,14:37:48,10.3,-0.01,16,16480,卖盘
253,14:37:42,10.31,--,12,12372,买盘
254,14:37:39,10.31,--,100,103100,买盘
255,14:37:33,10.31,--,1970,2031070,买盘
256,14:37:27,10.31,--,6,6186,买盘
257,14:37:21,10.31,0.01,22,22682,买盘
258,14:37:09,10.3,-0.01,151,155530,卖盘
259,14:37:03,10.31,--,6,6186,买盘
260,14:37:00,10.31,0.01,55,56705,买盘
261,14:36:54,10.3,-0.01,59,60770,卖盘
262,14:36:51,10.31,--,18,18558,买盘
263,14:36:39,10.31,--,49,50519,买盘
264,14:36:36,10.31,0.02,124,127844,买盘
265,14:36:33,10.29,-0.01,122,125537,卖盘
266,14:36:30,10.3,--,56,57680,买盘
267,14:36:27,10.3,-0.01,10,10300,买盘
268,14:36:24,10.31,0.01,257,264967,买盘
269,14:36:21,10.3,--,200,206000,买盘
270,14:36:18,10.3,--,197,202910,买盘
271,14:36:15,10.3,--,255,262650,买盘
272,14:36:12,10.3,--,29,29870,买盘
273,14:36:09,10.3,--,56,57680,买盘
274,14:36:06,10.3,--,76,78280,买盘
275,14:36:03,10.3,--,13,13390,买盘
276,14:36:00,10.3,--,68,70040,买盘
277,14:35:57,10.3,--,180,185400,买盘
278,14:35:51,10.3,--,76,78280,买盘
279,14:35:48,10.3,--,101,104030,买盘
280,14:35:30,10.3,0.01,62,63860,买盘
281,14:35:24,10.29,--,59,60710,卖盘
282,14:35:18,10.29,-0.01,12,12347,卖盘
283,14:35:15,10.3,--,29,29870,买盘
284,14:35:12,10.3,0.01,9,9270,买盘
285,14:35:09,10.29,-0.01,61,62768,卖盘
286,14:35:06,10.3,--,9,9270,买盘
287,14:35:03,10.3,--,103,106090,买盘
288,14:34:48,10.3,--,77,79310,买盘
289,14:34:42,10.3,--,19,19570,买盘
290,14:34:39,10.3,--,48,49440,买盘
291,14:34:33,10.3,--,19,19570,买盘
292,14:34:27,10.3,0.01,100,103000,买盘
293,14:34:24,10.29,-0.01,54,55565,卖盘
294,14:34:21,10.3,--,83,85490,买盘
295,14:34:15,10.3,--,2,2060,买盘
296,14:34:00,10.3,--,83,85490,买盘
297,14:33:54,10.3,--,6,6180,买盘
298,14:33:51,10.3,--,187,192610,买盘
299,14:33:48,10.3,--,3,3090,买盘
300,14:33:45,10.3,--,124,127720,买盘
301,14:33:42,10.3,0.01,124,127720,买盘
302,14:33:27,10.29,-0.01,10,10290,卖盘
303,14:33:24,10.3,--,1,1030,买盘
304,14:33:21,10.3,--,3,3090,买盘
305,14:33:18,10.3,--,36,37080,买盘
306,14:33:15,10.3,--,53,54590,买盘
307,14:33:12,10.3,0.01,60,61800,买盘
308,14:33:06,10.29,--,15,15434,卖盘
309,14:33:03,10.29,-0.01,13,13376,卖盘
310,14:33:00,10.3,--,102,105060,买盘
311,14:32:48,10.3,--,37,38110,买盘
312,14:32:45,10.3,--,6,6180,买盘
313,14:32:39,10.3,--,1,1030,买盘
314,14:32:30,10.3,0.01,3,3090,买盘
315,14:32:24,10.29,--,20,20580,卖盘
316,14:32:21,10.29,--,10,10290,卖盘
317,14:32:15,10.29,--,100,102899,卖盘
318,14:32:12,10.29,-0.01,161,165669,卖盘
319,14:32:06,10.3,0.01,2,2060,买盘
320,14:31:54,10.29,-0.01,7,7202,卖盘
321,14:31:48,10.3,--,23,23690,买盘
322,14:31:45,10.3,--,21,21630,买盘
323,14:31:39,10.3,--,3,3090,买盘
324,14:31:33,10.3,--,15,15450,买盘
325,14:31:24,10.3,--,31,31930,买盘
326,14:31:09,10.3,--,128,131840,买盘
327,14:30:45,10.3,--,2,2060,买盘
328,14:30:42,10.3,0.01,17,17510,买盘
329,14:30:33,10.29,-0.01,15,15434,卖盘
330,14:30:30,10.3,--,9,9270,买盘
331,14:30:24,10.3,--,16,16480,买盘
332,14:30:18,10.3,--,3,3090,买盘
333,14:30:03,10.3,0.01,10,10300,买盘
334,14:30:00,10.29,-0.01,10,10290,卖盘
335,14:29:57,10.3,--,126,129780,买盘
336,14:29:33,10.3,0.01,3,3090,买盘
337,14:29:27,10.29,--,30,30869,卖盘
338,14:29:21,10.29,-0.01,92,94667,卖盘
339,14:29:18,10.3,0.01,89,91670,买盘
340,14:29:15,10.29,-0.01,216,222263,卖盘
341,14:29:09,10.3,--,390,401700,卖盘
342,14:29:06,10.3,--,230,236900,卖盘
343,14:29:00,10.3,--,775,798250,卖盘
344,14:28:57,10.3,--,23,23690,卖盘
345,14:28:54,10.3,--,140,144200,卖盘
346,14:28:48,10.3,-0.01,250,257500,卖盘
347,14:28:45,10.31,0.01,107,110317,买盘
348,14:28:42,10.3,--,23,23690,卖盘
349,14:28:39,10.3,--,10,10300,卖盘
350,14:28:33,10.3,--,1000,1030000,卖盘
351,14:28:30,10.3,-0.01,1,1030,卖盘
352,14:28:27,10.31,--,41,42271,买盘
353,14:28:24,10.31,--,100,103100,买盘
354,14:28:18,10.31,0.01,47,48457,买盘
355,14:28:12,10.3,--,10,10300,卖盘
356,14:28:09,10.3,-0.01,20,20600,卖盘
357,14:28:03,10.31,0.01,6,6186,买盘
358,14:28:00,10.3,--,10,10300,卖盘
359,14:27:57,10.3,--,2,2060,卖盘
360,14:27:54,10.3,--,162,166860,卖盘
361,14:27:51,10.3,-0.01,1,1030,卖盘
362,14:27:48,10.31,0.01,30,30930,买盘
363,14:27:45,10.3,--,2,2060,卖盘
364,14:27:39,10.3,--,2,2472,卖盘
365,14:27:33,10.3,--,5,5150,卖盘
366,14:27:27,10.3,--,18,18540,卖盘
367,14:27:18,10.3,--,104,107120,卖盘
368,14:27:12,10.3,--,20,20600,卖盘
369,14:27:09,10.3,--,71,73130,卖盘
370,14:27:06,10.3,--,100,103000,卖盘
371,14:27:00,10.3,--,15,15450,卖盘
372,14:26:57,10.3,--,4,4120,卖盘
373,14:26:54,10.3,--,16,16480,卖盘
374,14:26:48,10.3,-0.01,128,131840,卖盘
375,14:26:45,10.31,0.01,868,894908,买盘
376,14:26:39,10.3,--,20,20600,卖盘
377,14:26:27,10.3,-0.01,2,2060,卖盘
378,14:26:24,10.31,--,4,4124,买盘
379,14:26:18,10.31,--,72,74232,买盘
380,14:26:09,10.31,0.01,10,10310,买盘
381,14:26:03,10.3,-0.01,20,20600,卖盘
382,14:26:00,10.31,0.01,2,2062,买盘
383,14:25:54,10.3,-0.01,201,207030,卖盘
384,14:25:42,10.31,--,6,6186,买盘
385,14:25:39,10.31,--,49,50519,买盘
386,14:25:33,10.31,--,9,9279,买盘
387,14:25:30,10.31,0.01,3,3093,买盘
388,14:25:24,10.3,--,24,24781,卖盘
389,14:25:15,10.3,-0.01,80,82400,卖盘
390,14:25:12,10.31,0.01,2,2062,买盘
391,14:25:03,10.3,-0.01,46,47380,卖盘
392,14:24:54,10.31,--,34,35054,买盘
393,14:24:51,10.31,--,16,16496,买盘
394,14:24:48,10.31,0.01,28,28868,买盘
395,14:24:42,10.3,--,23,23690,卖盘
396,14:24:33,10.3,-0.01,13,13390,卖盘
397,14:24:27,10.31,0.01,4,4124,买盘
398,14:24:24,10.3,--,10,10300,卖盘
399,14:24:21,10.3,--,1,1030,卖盘
400,14:24:12,10.3,-0.01,51,52530,卖盘
401,14:24:03,10.31,0.01,12,12372,买盘
402,14:24:00,10.3,--,200,206000,卖盘
403,14:23:51,10.3,--,2,2060,卖盘
404,14:23:48,10.3,-0.01,38,39140,卖盘
405,14:23:45,10.31,0.01,2,2062,买盘
406,14:23:42,10.3,--,10,10300,卖盘
407,14:23:39,10.3,--,6,6180,卖盘
408,14:23:36,10.3,-0.01,4,4120,卖盘
409,14:23:33,10.31,0.01,114,117534,买盘
410,14:23:27,10.3,--,1,1565,卖盘
411,14:23:24,10.3,--,37,38110,买盘
412,14:23:21,10.3,0.01,6,6180,买盘
413,14:23:18,10.29,-0.01,18,18522,卖盘
414,14:23:15,10.3,-0.01,10,10300,中性盘
415,14:23:09,10.31,0.01,179,184549,买盘
416,14:23:00,10.3,0.01,7,7210,买盘
417,14:22:57,10.29,--,1,1522,卖盘
418,14:22:51,10.29,--,145,149205,卖盘
419,14:22:48,10.29,-0.01,126,130178,卖盘
420,14:22:30,10.3,--,7,7210,卖盘
421,14:22:24,10.3,-0.01,10,10300,卖盘
422,14:22:21,10.31,0.01,56,57736,买盘
423,14:22:18,10.3,--,1,1030,卖盘
424,14:22:15,10.3,--,36,37584,买盘
425,14:22:12,10.3,--,6,6180,买盘
426,14:22:09,10.3,--,9,9795,卖盘
427,14:22:06,10.3,-0.01,3,3090,卖盘
428,14:22:03,10.31,--,13,13403,买盘
429,14:21:57,10.31,0.01,3,3093,买盘
430,14:21:54,10.3,--,10,10300,卖盘
431,14:21:48,10.3,--,12,12864,买盘
432,14:21:45,10.3,0.01,2,2060,买盘
433,14:21:39,10.29,--,15,15434,卖盘
434,14:21:33,10.29,-0.01,8,8232,卖盘
435,14:21:30,10.3,--,104,107645,卖盘
436,14:21:24,10.3,--,28,28840,卖盘
437,14:21:15,10.3,--,17,18014,买盘
438,14:21:12,10.3,--,30,30900,买盘
439,14:21:09,10.3,--,154,159145,卖盘
440,14:21:03,10.3,-0.01,1,1030,卖盘
441,14:21:00,10.31,0.01,16,16496,买盘
442,14:20:54,10.3,--,344,354824,买盘
443,14:20:48,10.3,--,125,128750,买盘
444,14:20:45,10.3,--,20,20600,买盘
445,14:20:42,10.3,--,139,143170,买盘
446,14:20:36,10.3,--,21,21630,买盘
447,14:20:33,10.3,--,3,3090,买盘
448,14:20:27,10.3,--,409,421270,买盘
449,14:20:24,10.3,--,553,569590,买盘
450,14:20:21,10.3,--,450,463500,买盘
451,14:20:18,10.3,0.01,24,24720,买盘
452,14:20:15,10.29,-0.01,9,9261,卖盘
453,14:20:12,10.3,--,52,53560,买盘
454,14:20:03,10.3,--,4,4120,买盘
455,14:20:00,10.3,--,4,4120,买盘
456,14:19:57,10.3,--,2,2060,买盘
457,14:19:51,10.3,0.01,506,521180,买盘
458,14:19:48,10.29,-0.01,26,26753,卖盘
459,14:19:45,10.3,0.01,100,103000,买盘
460,14:19:42,10.29,-0.01,203,208886,卖盘
461,14:19:36,10.3,0.01,4,4120,买盘
462,14:19:30,10.29,-0.01,2,2058,卖盘
463,14:19:27,10.3,--,5,5150,买盘
464,14:19:21,10.3,--,124,127720,买盘
465,14:19:18,10.3,--,416,428480,买盘
466,14:19:12,10.3,0.01,19,19570,买盘
467,14:19:09,10.29,-0.01,45,46304,卖盘
468,14:19:06,10.3,0.01,3,3090,买盘
469,14:19:03,10.29,-0.01,31,31898,卖盘
470,14:18:51,10.3,--,197,202910,买盘
471,14:18:48,10.3,--,25,25750,买盘
472,14:18:39,10.3,--,33,33990,买盘
473,14:18:30,10.3,--,31,31930,买盘
474,14:18:27,10.3,--,101,104030,买盘
475,14:18:24,10.3,--,25,25750,买盘
476,14:18:18,10.3,0.01,24,24720,买盘
477,14:18:15,10.29,-0.01,1,1029,卖盘
478,14:18:12,10.3,0.01,1,1030,买盘
479,14:18:09,10.29,--,30,30869,卖盘
480,14:17:51,10.29,--,5,5145,卖盘
481,14:17:48,10.29,--,69,71001,卖盘
482,14:17:45,10.29,-0.01,10,10290,卖盘
483,14:17:42,10.3,0.01,3,3090,买盘
484,14:17:33,10.29,-0.01,70,72030,卖盘
485,14:17:30,10.3,0.01,10,10300,买盘
486,14:17:27,10.29,-0.01,10,10290,卖盘
487,14:17:21,10.3,--,50,51500,买盘
488,14:17:18,10.3,--,24,24720,买盘
489,14:17:00,10.3,--,23,23690,买盘
490,14:16:48,10.3,--,25,25750,买盘
491,14:16:45,10.3,--,23,23690,买盘
492,14:16:42,10.3,0.01,1003,1033090,买盘
493,14:16:33,10.29,-0.01,10,10290,卖盘
494,14:16:30,10.3,--,14,14420,买盘
495,14:16:27,10.3,--,3,3090,买盘
496,14:16:24,10.3,--,1,1030,买盘
497,14:16:21,10.3,--,20,20600,买盘
498,14:16:18,10.3,0.01,70,72100,买盘
499,14:15:57,10.29,-0.01,1,1029,卖盘
500,14:15:51,10.3,--,10,10300,买盘
501,14:15:48,10.3,--,26,26780,买盘
502,14:15:45,10.3,--,2,2060,买盘
503,14:15:42,10.3,0.01,1,1030,买盘
504,14:15:39,10.29,-0.01,321,330309,卖盘
505,14:15:36,10.3,0.01,40,41200,买盘
506,14:15:33,10.29,--,2,2058,卖盘
507,14:15:27,10.29,--,1,1029,卖盘
508,14:15:21,10.29,-0.01,1,1029,卖盘
509,14:15:18,10.3,0.01,42,43260,买盘
510,14:15:15,10.29,-0.01,1,1029,卖盘
511,14:15:12,10.3,--,11,11330,买盘
512,14:15:09,10.3,--,6,6180,买盘
513,14:15:03,10.3,--,300,309000,买盘
514,14:14:54,10.3,--,16,16480,买盘
515,14:14:48,10.3,0.01,66,67980,买盘
516,14:14:33,10.29,-0.01,1,1029,卖盘
517,14:14:30,10.3,--,249,256470,买盘
518,14:14:27,10.3,--,10,10300,买盘
519,14:14:18,10.3,--,25,25750,买盘
520,14:13:57,10.3,0.01,851,877446,买盘
521,14:13:45,10.29,0.01,2,2058,买盘
522,14:13:42,10.28,-0.01,5,5140,卖盘
523,14:13:39,10.29,0.01,17,17493,买盘
524,14:13:36,10.28,--,10,10280,卖盘
525,14:13:30,10.28,--,6,6168,卖盘
526,14:13:24,10.28,-0.01,30,30839,卖盘
527,14:13:18,10.29,--,52,53507,买盘
528,14:12:57,10.29,--,90,92609,买盘
529,14:12:54,10.29,0.01,3,3086,买盘
530,14:12:51,10.28,-0.01,16,16448,卖盘
531,14:12:48,10.29,--,55,56594,买盘
532,14:12:42,10.29,--,38,39102,买盘
533,14:12:36,10.29,--,2,2058,买盘
534,14:12:27,10.29,--,3,3086,买盘
535,14:12:00,10.29,--,6,6173,买盘
536,14:11:51,10.29,--,3,3086,买盘
537,14:11:48,10.29,--,4,4116,买盘
538,14:11:39,10.29,--,6,6173,买盘
539,14:11:30,10.29,--,7,7202,买盘
540,14:11:21,10.29,--,3,3086,买盘
541,14:11:18,10.29,0.01,37,38073,买盘
542,14:11:12,10.28,-0.01,10,10280,卖盘
543,14:11:03,10.29,0.01,15,15434,买盘
544,14:11:00,10.28,-0.01,102,104856,卖盘
545,14:10:48,10.29,--,37,38073,买盘
546,14:10:45,10.29,--,30,30869,买盘
547,14:10:36,10.29,--,2,2058,买盘
548,14:10:27,10.29,--,6,6173,买盘
549,14:10:18,10.29,--,34,34986,买盘
550,14:10:15,10.29,0.01,30,30869,买盘
551,14:10:09,10.28,-0.01,7,7196,卖盘
552,14:09:39,10.29,0.01,2,2058,买盘
553,14:09:30,10.28,-0.01,1,1028,卖盘
554,14:09:18,10.29,--,48,49391,买盘
555,14:09:15,10.29,--,2,2058,买盘
556,14:08:57,10.29,--,1,1029,买盘
557,14:08:48,10.29,--,42,43218,买盘
558,14:08:27,10.29,--,208,214031,买盘
559,14:08:21,10.29,--,1,1029,买盘
560,14:08:18,10.29,--,1,1029,买盘
561,14:08:06,10.29,--,16,16464,买盘
562,14:08:03,10.29,--,672,691488,买盘
563,14:07:57,10.29,--,671,690459,买盘
564,14:07:48,10.29,0.01,37,38073,买盘
565,14:07:45,10.28,--,6,6168,卖盘
566,14:07:39,10.28,-0.01,11,11308,卖盘
567,14:07:24,10.29,--,3,3086,买盘
568,14:07:18,10.29,0.01,26,26753,买盘
569,14:07:06,10.28,-0.01,10,10280,卖盘
570,14:07:00,10.29,--,5,5145,买盘
571,14:06:57,10.29,--,6,6173,买盘
572,14:06:39,10.29,--,5,5145,买盘
573,14:06:21,10.29,--,3,3086,买盘
574,14:06:18,10.29,--,50,51449,买盘
575,14:06:12,10.29,0.01,16,16464,买盘
576,14:05:48,10.28,-0.01,53,55326,卖盘
577,14:05:45,10.29,--,6,6173,买盘
578,14:05:36,10.29,--,48,49391,买盘
579,14:05:06,10.29,0.01,10,10290,买盘
580,14:05:00,10.28,-0.01,77,79156,卖盘
581,14:04:57,10.29,0.01,468,481571,买盘
582,14:04:48,10.28,--,10,10280,卖盘
583,14:04:45,10.28,--,60,61679,卖盘
584,14:04:36,10.28,-0.01,16,16448,卖盘
585,14:04:33,10.29,--,10,10290,买盘
586,14:04:18,10.29,--,60,61739,买盘
587,14:04:00,10.29,--,76,78204,买盘
588,14:03:48,10.29,0.01,60,61739,买盘
589,14:03:36,10.28,-0.01,20,20560,卖盘
590,14:03:30,10.29,--,30,30869,买盘
591,14:03:24,10.29,--,6,6173,买盘
592,14:03:15,10.29,--,5,5145,买盘
593,14:03:09,10.29,--,30,30869,买盘
594,14:03:06,10.29,--,20,20580,买盘
595,14:03:03,10.29,--,2,2058,买盘
596,14:02:51,10.29,--,114,117305,买盘
597,14:02:48,10.29,--,70,72030,买盘
598,14:02:33,10.29,--,175,180074,买盘
599,14:02:24,10.29,--,3,3086,买盘
600,14:02:18,10.29,--,19,19551,买盘
601,14:02:15,10.29,0.01,187,193328,买盘
602,14:02:12,10.28,--,6,6168,卖盘
603,14:02:06,10.28,-0.01,1,1028,卖盘
604,14:02:00,10.29,0.01,40,41160,买盘
605,14:01:54,10.28,-0.01,163,167564,卖盘
606,14:01:45,10.29,--,10,10290,买盘
607,14:01:36,10.29,--,40,41160,买盘
608,14:01:33,10.29,--,300,308700,买盘
609,14:01:30,10.29,--,100,102899,买盘
610,14:01:15,10.29,--,6,6173,买盘
611,14:01:03,10.29,--,7,7202,买盘
612,14:00:54,10.29,--,17,17493,买盘
613,14:00:51,10.29,0.01,218,224321,买盘
614,14:00:42,10.28,--,40,41120,卖盘
615,14:00:39,10.28,-0.01,30,30839,卖盘
616,14:00:33,10.29,0.01,2,2058,买盘
617,14:00:21,10.28,--,392,402976,买盘
618,14:00:18,10.28,--,54,55512,买盘
619,14:00:15,10.28,--,40,41120,买盘
620,14:00:12,10.28,--,48,49344,买盘
621,14:00:09,10.28,--,300,308400,买盘
622,14:00:06,10.28,--,25,25700,买盘
623,13:59:57,10.28,--,5,5140,买盘
624,13:59:54,10.28,--,6,6168,买盘
625,13:59:51,10.28,--,20,20560,买盘
626,13:59:48,10.28,--,25,25700,买盘
627,13:59:42,10.28,--,50,51400,买盘
628,13:59:36,10.28,--,18,18504,买盘
629,13:59:33,10.28,--,1,1028,买盘
630,13:59:30,10.28,--,3,3084,买盘
631,13:59:27,10.28,0.01,17,17476,买盘
632,13:59:24,10.27,-0.01,110,112970,卖盘
633,13:59:21,10.28,--,173,177844,买盘
634,13:59:18,10.28,--,41,42148,买盘
635,13:59:15,10.28,--,9,9252,买盘
636,13:59:12,10.28,--,27,27756,买盘
637,13:59:09,10.28,--,60,61679,买盘
638,13:59:06,10.28,--,49,50372,买盘
639,13:59:03,10.28,--,17,17476,买盘
640,13:59:00,10.28,--,84,86352,买盘
641,13:58:57,10.28,0.01,4,4112,买盘
642,13:58:48,10.27,-0.01,55,56485,卖盘
643,13:58:45,10.28,--,224,230272,买盘
644,13:58:42,10.28,0.01,41,42148,买盘
645,13:58:39,10.27,-0.01,11,11297,卖盘
646,13:58:30,10.28,--,12,12336,买盘
647,13:58:18,10.28,--,24,24672,买盘
648,13:58:15,10.28,--,3,3084,买盘
649,13:58:12,10.28,--,108,111024,买盘
650,13:58:00,10.28,--,2,2056,买盘
651,13:57:48,10.28,0.01,27,27756,买盘
652,13:57:39,10.27,-0.01,13,13351,卖盘
653,13:57:33,10.28,--,54,55512,买盘
654,13:57:30,10.28,--,2,2056,买盘
655,13:57:24,10.28,--,3,3084,买盘
656,13:57:18,10.28,--,3,3084,买盘
657,13:57:09,10.28,0.01,15,15419,买盘
658,13:56:54,10.27,-0.01,238,244426,卖盘
659,13:56:51,10.28,0.01,10,10280,买盘
660,13:56:48,10.27,-0.01,38,39026,卖盘
661,13:56:45,10.28,0.01,20,20560,买盘
662,13:56:39,10.27,-0.01,10,10270,卖盘
663,13:56:33,10.28,--,20,20560,买盘
664,13:56:27,10.28,--,1,1028,买盘
665,13:56:21,10.28,--,6,6168,买盘
666,13:56:18,10.28,--,52,53456,买盘
667,13:56:12,10.28,--,2,2056,买盘
668,13:55:48,10.28,--,25,25700,买盘
669,13:55:42,10.28,0.01,2,2056,买盘
670,13:55:39,10.27,-0.01,4,4108,卖盘
671,13:55:21,10.28,--,7,7196,买盘
672,13:55:18,10.28,--,38,39064,买盘
673,13:55:12,10.28,--,6,6168,买盘
674,13:55:06,10.28,--,3,3084,买盘
675,13:54:54,10.28,--,3,3084,买盘
676,13:54:48,10.28,--,48,49344,买盘
677,13:54:33,10.28,--,16,16448,买盘
678,13:54:30,10.28,--,20,20560,买盘
679,13:54:27,10.28,--,38,39064,买盘
680,13:54:18,10.28,0.01,42,43176,买盘
681,13:54:12,10.27,-0.01,14,14378,卖盘
682,13:54:03,10.28,--,11,11308,买盘
683,13:53:48,10.28,--,42,43176,买盘
684,13:53:36,10.28,--,6,6168,买盘
685,13:53:33,10.28,--,2,2056,买盘
686,13:53:30,10.28,--,25,25700,买盘
687,13:53:27,10.28,--,4,4112,买盘
688,13:53:18,10.28,--,36,37008,买盘
689,13:53:06,10.28,--,3,3084,买盘
690,13:53:00,10.28,--,10,10280,买盘
691,13:52:54,10.28,--,2,2056,买盘
692,13:52:51,10.28,--,6,6168,买盘
693,13:52:42,10.28,--,24,24672,买盘
694,13:52:39,10.28,--,30,30839,买盘
695,13:52:33,10.28,--,5,5140,买盘
696,13:52:24,10.28,0.01,279,286812,买盘
697,13:52:21,10.27,--,10,10270,卖盘
698,13:52:18,10.27,-0.01,12,12324,卖盘
699,13:52:15,10.28,0.01,2,2056,买盘
700,13:52:06,10.27,-0.01,105,107835,卖盘
701,13:51:48,10.28,--,52,53456,买盘
702,13:51:42,10.28,--,6,6168,买盘
703,13:51:39,10.28,0.01,191,196348,买盘
704,13:51:24,10.27,--,82,84214,卖盘
705,13:51:21,10.27,-0.01,20,20540,卖盘
706,13:51:03,10.28,--,3,3084,买盘
707,13:50:36,10.28,--,5,5140,买盘
708,13:50:30,10.28,--,6,6168,买盘
709,13:50:27,10.28,--,50,51400,买盘
710,13:50:21,10.28,--,10,10280,买盘
711,13:50:18,10.28,--,259,266252,买盘
712,13:50:03,10.28,--,19,19532,买盘
713,13:50:00,10.28,--,20,20560,买盘
714,13:49:57,10.28,--,30,30839,买盘
715,13:49:51,10.28,--,4,4112,买盘
716,13:49:48,10.28,--,47,48316,买盘
717,13:49:45,10.28,--,10,10280,买盘
718,13:49:42,10.28,0.01,23,23644,买盘
719,13:49:39,10.27,--,1,1027,卖盘
720,13:49:36,10.27,-0.01,10,10270,卖盘
721,13:49:30,10.28,--,15,15419,买盘
722,13:49:27,10.28,0.01,59,60651,买盘
723,13:49:21,10.27,-0.01,42,43134,卖盘
724,13:49:18,10.28,--,66,67848,买盘
725,13:49:12,10.28,--,104,106912,买盘
726,13:49:09,10.28,0.01,26,26728,买盘
727,13:49:06,10.27,--,51,52377,卖盘
728,13:49:03,10.27,-0.01,10,10270,卖盘
729,13:48:54,10.28,--,3,3084,买盘
730,13:48:48,10.28,--,303,311484,买盘
731,13:48:33,10.28,--,2,2056,买盘
732,13:48:18,10.28,--,42,43176,买盘
733,13:48:09,10.28,0.01,6,6168,买盘
734,13:47:57,10.27,--,7,7189,卖盘
735,13:47:54,10.27,-0.01,10,10270,卖盘
736,13:47:48,10.28,0.01,2,2056,买盘
737,13:47:36,10.27,-0.01,1,1027,卖盘
738,13:47:33,10.28,--,35,35980,买盘
739,13:47:30,10.28,0.01,109,112052,买盘
740,13:47:27,10.27,--,4,4108,卖盘
741,13:47:24,10.27,-0.01,23,23621,卖盘
742,13:47:21,10.28,0.01,96,98688,买盘
743,13:47:09,10.27,--,45,46215,卖盘
744,13:47:06,10.27,-0.01,19,19513,卖盘
745,13:47:00,10.28,0.01,6,6168,买盘
746,13:46:57,10.27,-0.01,1,1027,卖盘
747,13:46:54,10.28,0.01,2,2056,买盘
748,13:46:48,10.27,-0.01,92,94484,卖盘
749,13:46:42,10.28,0.01,20,20560,买盘
750,13:46:27,10.27,--,4,4108,卖盘
751,13:46:24,10.27,--,15,15405,卖盘
752,13:46:21,10.27,--,1,1027,卖盘
753,13:46:15,10.27,-0.01,80,82160,卖盘
754,13:46:06,10.28,0.01,3,3084,买盘
755,13:45:54,10.27,-0.01,300,308100,卖盘
756,13:45:48,10.28,--,6,6168,买盘
757,13:45:39,10.28,--,3,3084,买盘
758,13:45:36,10.28,0.01,17,17476,买盘
759,13:45:33,10.27,-0.01,4,4108,卖盘
760,13:45:18,10.28,--,52,53456,买盘
761,13:45:03,10.28,--,1,1028,买盘
762,13:44:54,10.28,--,48,49344,买盘
763,13:44:51,10.28,0.01,8,8224,买盘
764,13:44:48,10.27,-0.01,60,61620,卖盘
765,13:44:39,10.28,--,27,27756,买盘
766,13:44:36,10.28,0.01,8,8224,买盘
767,13:44:30,10.27,-0.01,50,51350,卖盘
768,13:44:27,10.28,--,10,10280,买盘
769,13:44:24,10.28,0.01,10,10280,买盘
770,13:44:21,10.27,-0.01,46,47242,卖盘
771,13:44:18,10.28,--,1,1028,买盘
772,13:44:09,10.28,0.01,220,226160,买盘
773,13:44:03,10.27,-0.01,100,102700,卖盘
774,13:43:45,10.28,--,20,20560,买盘
775,13:43:42,10.28,--,88,90464,买盘
776,13:43:39,10.28,0.01,4,4112,买盘
777,13:43:30,10.27,-0.01,5,5135,卖盘
778,13:43:27,10.28,0.01,6,6168,买盘
779,13:43:24,10.27,--,10,10270,卖盘
780,13:43:21,10.27,--,2,2054,卖盘
781,13:43:18,10.27,--,325,333775,卖盘
782,13:43:15,10.27,--,10,10270,卖盘
783,13:43:06,10.27,--,20,20540,卖盘
784,13:42:57,10.27,--,20,20540,卖盘
785,13:42:48,10.27,--,19,19513,卖盘
786,13:42:45,10.27,--,20,20540,卖盘
787,13:42:42,10.27,--,25,25675,卖盘
788,13:42:39,10.27,--,13,13351,卖盘
789,13:42:36,10.27,-0.01,320,328640,卖盘
790,13:42:27,10.28,0.01,27,27756,买盘
791,13:42:24,10.27,-0.01,20,20540,卖盘
792,13:42:21,10.28,--,29,29811,买盘
793,13:42:18,10.28,0.01,26,26728,买盘
794,13:42:15,10.27,-0.01,10,10270,卖盘
795,13:42:12,10.28,0.01,1,1028,买盘
796,13:42:09,10.27,-0.01,2,2054,卖盘
797,13:42:06,10.28,--,22,22616,买盘
798,13:42:03,10.28,0.01,8,8224,买盘
799,13:41:54,10.27,--,29,29783,卖盘
800,13:41:45,10.27,-0.01,20,20540,卖盘
801,13:41:39,10.28,0.01,34,34952,买盘
802,13:41:36,10.27,--,20,20540,卖盘
803,13:41:33,10.27,-0.01,23,23621,卖盘
804,13:41:30,10.28,0.01,20,20560,买盘
805,13:41:24,10.27,-0.01,20,20540,卖盘
806,13:41:18,10.28,0.01,53,54484,买盘
807,13:41:15,10.27,--,269,276263,卖盘
808,13:41:09,10.27,-0.01,1,1027,卖盘
809,13:41:06,10.28,0.01,32,32896,买盘
810,13:41:00,10.27,--,304,312208,卖盘
811,13:40:57,10.27,--,8,8216,卖盘
812,13:40:54,10.27,-0.01,20,20540,卖盘
813,13:40:51,10.28,0.01,12,12336,买盘
814,13:40:45,10.27,--,23,23621,卖盘
815,13:40:36,10.27,--,20,20540,卖盘
816,13:40:33,10.27,-0.01,4,4108,卖盘
817,13:40:30,10.28,0.01,8,8224,买盘
818,13:40:27,10.27,--,5,5135,卖盘
819,13:40:24,10.27,--,20,20540,卖盘
820,13:40:15,10.27,--,20,20540,卖盘
821,13:40:06,10.27,-0.01,20,20540,卖盘
822,13:40:00,10.28,--,2,2056,买盘
823,13:39:57,10.28,0.01,6,6168,买盘
824,13:39:54,10.27,--,30,30810,卖盘
825,13:39:48,10.27,--,20,20540,卖盘
826,13:39:36,10.27,--,20,20540,卖盘
827,13:39:33,10.27,--,102,104754,卖盘
828,13:39:30,10.27,-0.01,90,92430,卖盘
829,13:39:27,10.28,--,25,25700,买盘
830,13:39:24,10.28,--,1,1028,买盘
831,13:39:15,10.28,0.01,134,137752,买盘
832,13:39:06,10.27,--,23,23621,卖盘
833,13:38:54,10.27,-0.01,20,20540,卖盘
834,13:38:48,10.28,0.01,6,6168,买盘
835,13:38:45,10.27,-0.01,20,20540,卖盘
836,13:38:42,10.28,0.01,2,2056,买盘
837,13:38:39,10.27,--,23,23621,卖盘
838,13:38:33,10.27,--,20,20540,卖盘
839,13:38:24,10.27,-0.01,45,46215,卖盘
840,13:38:21,10.28,0.01,6,6168,买盘
841,13:38:15,10.27,--,20,20540,卖盘
842,13:38:12,10.27,--,6,6572,卖盘
843,13:38:09,10.27,--,6,6572,卖盘
844,13:38:06,10.27,--,26,27112,卖盘
845,13:38:00,10.27,--,74,75998,卖盘
846,13:37:57,10.27,--,20,20540,卖盘
847,13:37:54,10.27,--,1840,1889680,卖盘
848,13:37:51,10.27,--,50,51350,卖盘
849,13:37:48,10.27,--,32,32864,卖盘
850,13:37:45,10.27,--,20,20540,卖盘
851,13:37:39,10.27,--,5,5135,卖盘
852,13:37:36,10.27,--,26,26702,卖盘
853,13:37:27,10.27,--,4,4108,卖盘
854,13:37:24,10.27,-0.01,20,20540,卖盘
855,13:37:21,10.28,--,3,3084,买盘
856,13:37:18,10.28,0.01,24,24672,买盘
857,13:37:15,10.27,--,30,30810,卖盘
858,13:37:06,10.27,-0.01,4,4108,卖盘
859,13:36:57,10.28,0.01,3,3084,买盘
860,13:36:54,10.27,-0.01,14,14378,卖盘
861,13:36:51,10.28,--,3,3084,买盘
862,13:36:48,10.28,--,25,25700,买盘
863,13:36:45,10.28,0.01,15,15419,买盘
864,13:36:42,10.27,--,254,260858,卖盘
865,13:36:33,10.27,-0.01,8,8216,卖盘
866,13:36:30,10.28,--,2,2056,买盘
867,13:36:27,10.28,0.01,56,57568,买盘
868,13:36:21,10.27,-0.01,5,5135,卖盘
869,13:36:18,10.28,0.01,24,24672,买盘
870,13:36:09,10.27,-0.01,4,4108,卖盘
871,13:36:03,10.28,0.01,38,39064,买盘
872,13:36:00,10.27,-0.01,5,5135,卖盘
873,13:35:57,10.28,0.01,19,19532,买盘
874,13:35:48,10.27,-0.01,30,30810,卖盘
875,13:35:39,10.28,0.01,2,2056,买盘
876,13:35:36,10.27,--,5,5135,卖盘
877,13:35:33,10.27,--,1,1027,卖盘
878,13:35:27,10.27,-0.01,15,15405,卖盘
879,13:35:18,10.28,--,23,23644,买盘
880,13:35:15,10.28,--,44,45232,买盘
881,13:35:12,10.28,--,85,87380,买盘
882,13:35:09,10.28,0.01,50,51400,买盘
883,13:35:03,10.27,-0.01,605,621335,卖盘
884,13:35:00,10.28,0.01,467,480075,买盘
885,13:34:54,10.27,-0.01,4,4108,卖盘
886,13:34:51,10.28,0.01,5,5140,买盘
887,13:34:48,10.27,--,73,74971,卖盘
888,13:34:42,10.27,-0.01,11,11297,卖盘
889,13:34:33,10.28,0.01,50,51400,买盘
890,13:34:30,10.27,-0.01,5,5135,卖盘
891,13:34:27,10.28,0.01,15,15419,买盘
892,13:34:21,10.27,-0.01,4,4108,卖盘
893,13:34:18,10.28,0.01,44,45232,买盘
894,13:34:12,10.27,-0.01,18,18896,卖盘
895,13:34:09,10.28,0.01,26,27139,买盘
896,13:34:06,10.27,--,12,12734,卖盘
897,13:34:03,10.27,--,33,33891,卖盘
898,13:33:57,10.27,-0.01,5,5135,卖盘
899,13:33:51,10.28,0.01,37,38036,买盘
900,13:33:48,10.27,-0.01,50,51350,卖盘
901,13:33:45,10.28,--,4,4112,买盘
902,13:33:36,10.28,--,6,6168,买盘
903,13:33:33,10.28,0.01,24,24672,买盘
904,13:33:24,10.27,--,20,20540,卖盘
905,13:33:18,10.27,-0.01,72,73944,卖盘
906,13:33:15,10.28,--,15,15419,买盘
907,13:33:09,10.28,--,8,8224,买盘
908,13:33:06,10.28,0.01,1,1028,买盘
909,13:33:03,10.27,-0.01,9,9243,卖盘
910,13:33:00,10.28,--,9,9252,买盘
911,13:32:54,10.28,0.01,6,6168,买盘
912,13:32:51,10.27,--,5,5135,卖盘
913,13:32:48,10.27,--,8,8216,卖盘
914,13:32:42,10.27,-0.01,25,25675,卖盘
915,13:32:30,10.28,--,33,34335,买盘
916,13:32:24,10.28,0.01,38,39064,买盘
917,13:32:18,10.27,-0.01,4,4108,卖盘
918,13:32:15,10.28,0.01,3,3084,买盘
919,13:32:12,10.27,-0.01,4,4108,卖盘
920,13:32:09,10.28,0.01,25,25700,买盘
921,13:32:00,10.27,-0.01,10,10270,卖盘
922,13:31:57,10.28,--,27,27756,买盘
923,13:31:48,10.28,--,31,31867,买盘
924,13:31:45,10.28,0.01,81,83268,买盘
925,13:31:36,10.27,-0.01,26,26702,卖盘
926,13:31:33,10.28,0.01,38,39064,买盘
927,13:31:30,10.27,-0.01,10,10270,卖盘
928,13:31:27,10.28,0.01,33,33924,买盘
929,13:31:21,10.27,--,10,10270,卖盘
930,13:31:18,10.27,--,20,20540,卖盘
931,13:31:15,10.27,--,5,5135,卖盘
932,13:31:03,10.27,-0.01,100,102700,卖盘
933,13:31:00,10.28,--,38,39064,买盘
934,13:30:57,10.28,--,8,8224,买盘
935,13:30:54,10.28,0.01,24,24672,买盘
936,13:30:51,10.27,--,4,4108,卖盘
937,13:30:39,10.27,-0.01,31,32720,卖盘
938,13:30:33,10.28,0.01,6,6168,买盘
939,13:30:24,10.27,-0.01,8,8216,卖盘
940,13:30:21,10.28,--,35,35980,买盘
941,13:30:09,10.28,--,45,46260,买盘
942,13:30:06,10.28,--,8,8224,卖盘
943,13:30:03,10.28,-0.01,5,5140,卖盘
944,13:30:00,10.29,0.01,2,2058,买盘
945,13:29:57,10.28,--,15,15419,买盘
946,13:29:54,10.28,--,421,432788,买盘
947,13:29:48,10.28,--,609,626052,卖盘
948,13:29:45,10.28,--,10,10280,卖盘
949,13:29:42,10.28,--,14,14392,卖盘
950,13:29:39,10.28,--,1,1028,卖盘
951,13:29:36,10.28,-0.01,10,10280,卖盘
952,13:29:24,10.29,0.01,6,6173,买盘
953,13:29:21,10.28,--,40,41120,卖盘
954,13:29:18,10.28,--,50,51400,卖盘
955,13:28:45,10.28,--,60,61679,卖盘
956,13:28:42,10.28,-0.01,6,6168,卖盘
957,13:28:39,10.29,0.01,3,3086,买盘
958,13:28:30,10.28,--,33,33924,卖盘
959,13:28:24,10.28,--,50,51400,卖盘
960,13:28:21,10.28,--,71,72988,卖盘
961,13:28:18,10.28,-0.01,19,19532,卖盘
962,13:28:12,10.29,0.01,6,6173,买盘
963,13:28:09,10.28,-0.01,15,15419,卖盘
964,13:27:54,10.29,0.01,1,1029,买盘
965,13:27:48,10.28,-0.01,137,140836,卖盘
966,13:27:45,10.29,0.01,69,71001,买盘
967,13:27:39,10.28,-0.01,100,102800,卖盘
968,13:27:30,10.29,0.01,1,1029,买盘
969,13:27:27,10.28,--,10,10280,卖盘
970,13:27:21,10.28,--,16,16448,卖盘
971,13:27:18,10.28,--,41,42148,卖盘
972,13:27:15,10.28,--,5,5140,卖盘
973,13:27:03,10.28,-0.01,11,11308,卖盘
974,13:27:00,10.29,0.01,9,9261,买盘
975,13:26:57,10.28,--,20,20560,卖盘
976,13:26:39,10.28,-0.01,29,29811,卖盘
977,13:26:27,10.29,--,5,5145,买盘
978,13:26:21,10.29,--,1,1029,买盘
979,13:26:18,10.29,--,40,41160,买盘
980,13:26:03,10.29,--,3,3086,买盘
981,13:25:51,10.29,--,6,6173,买盘
982,13:25:48,10.29,0.01,39,40131,买盘
983,13:25:30,10.28,-0.01,3,3084,卖盘
984,13:25:27,10.29,--,8,8232,买盘
985,13:25:12,10.29,--,1,1029,买盘
986,13:25:09,10.29,--,184,189335,买盘
987,13:24:48,10.29,--,41,42189,买盘
988,13:24:42,10.29,0.01,6,6173,买盘
989,13:24:36,10.28,--,8,8224,卖盘
990,13:24:30,10.28,--,2,2056,卖盘
991,13:24:27,10.28,-0.01,100,102800,卖盘
992,13:24:18,10.29,--,189,194480,买盘
993,13:24:15,10.29,0.01,1,1029,买盘
994,13:24:03,10.28,--,10,10280,卖盘
995,13:23:54,10.28,-0.01,10,10280,卖盘
996,13:23:45,10.29,0.01,8,8232,买盘
997,13:23:36,10.28,--,3,3084,卖盘
998,13:23:33,10.28,-0.01,15,15419,卖盘
999,13:23:30,10.29,--,6,6173,买盘
1000,13:23:18,10.29,0.01,41,42189,买盘
1001,13:23:03,10.28,--,1,1028,卖盘
1002,13:22:54,10.28,-0.02,22,22616,卖盘
1003,13:22:51,10.3,0.01,145,149350,买盘
1004,13:22:48,10.29,0.01,25,25724,买盘
1005,13:22:30,10.28,-0.01,3,3084,卖盘
1006,13:22:21,10.29,--,6,6173,买盘
1007,13:22:18,10.29,--,50,51449,买盘
1008,13:22:06,10.29,--,147,151263,买盘
1009,13:21:54,10.29,--,49,50420,买盘
1010,13:21:48,10.29,0.01,31,31898,买盘
1011,13:21:36,10.28,-0.01,7,7196,卖盘
1012,13:21:27,10.29,--,147,151263,买盘
1013,13:21:21,10.29,--,3,3086,买盘
1014,13:21:18,10.29,--,46,47333,买盘
1015,13:21:12,10.29,0.01,46,47333,买盘
1016,13:21:06,10.28,-0.01,50,51400,卖盘
1017,13:20:54,10.29,0.01,147,151263,买盘
1018,13:20:48,10.28,--,47,48316,卖盘
1019,13:20:27,10.28,-0.01,55,56540,卖盘
1020,13:20:24,10.29,--,2,2058,买盘
1021,13:20:00,10.29,--,6,6173,买盘
1022,13:19:57,10.29,0.01,2,2058,买盘
1023,13:19:48,10.28,--,54,55512,卖盘
1024,13:19:45,10.28,-0.01,100,102800,卖盘
1025,13:19:30,10.29,--,3,3086,买盘
1026,13:19:06,10.29,--,3,3086,买盘
1027,13:19:00,10.29,0.01,1,1029,买盘
1028,13:18:57,10.28,--,120,123359,卖盘
1029,13:18:54,10.28,-0.01,6,6168,卖盘
1030,13:18:51,10.29,--,70,72030,买盘
1031,13:18:39,10.29,0.01,1,1029,中性盘
1032,13:18:03,10.28,-0.01,283,290924,卖盘
1033,13:17:51,10.29,--,187,192422,卖盘
1034,13:17:48,10.29,-0.01,25,25724,卖盘
1035,13:17:45,10.3,0.01,3,3090,买盘
1036,13:17:42,10.29,-0.01,10,10290,卖盘
1037,13:17:39,10.3,0.01,6,6180,买盘
1038,13:17:33,10.29,-0.01,44,45275,卖盘
1039,13:17:30,10.3,0.01,14,14420,买盘
1040,13:17:27,10.29,--,12,12347,卖盘
1041,13:17:24,10.29,--,3,3086,卖盘
1042,13:17:21,10.29,-0.01,20,20580,卖盘
1043,13:17:18,10.3,0.01,56,57680,买盘
1044,13:17:03,10.29,-0.01,1,1029,卖盘
1045,13:16:54,10.3,--,11,11330,买盘
1046,13:16:48,10.3,--,42,43260,买盘
1047,13:16:36,10.3,--,3,3090,买盘
1048,13:16:30,10.3,--,6,6180,买盘
1049,13:16:18,10.3,--,100,103000,买盘
1050,13:16:09,10.3,--,2,2060,买盘
1051,13:15:48,10.3,0.01,37,38110,买盘
1052,13:15:42,10.29,-0.01,10,10290,卖盘
1053,13:15:39,10.3,--,149,153470,买盘
1054,13:15:36,10.3,--,17,17510,买盘
1055,13:15:27,10.3,--,5,5150,买盘
1056,13:15:18,10.3,0.01,33,33990,买盘
1057,13:15:15,10.29,-0.01,5,5145,卖盘
1058,13:15:12,10.3,0.01,147,151410,买盘
1059,13:15:03,10.29,--,27,27782,卖盘
1060,13:14:48,10.29,-0.01,1,1029,卖盘
1061,13:14:45,10.3,0.01,20,20600,买盘
1062,13:14:42,10.29,-0.01,108,111131,卖盘
1063,13:14:39,10.3,0.01,19,19570,买盘
1064,13:14:30,10.29,--,5,5145,卖盘
1065,13:14:27,10.29,--,4,4116,卖盘
1066,13:14:18,10.29,--,32,32928,卖盘
1067,13:14:12,10.29,-0.01,3,3086,卖盘
1068,13:14:09,10.3,0.01,6,6180,买盘
1069,13:14:00,10.29,-0.01,1,1029,卖盘
1070,13:13:57,10.3,0.01,6,6180,买盘
1071,13:13:51,10.29,-0.01,21,21609,卖盘
1072,13:13:36,10.3,--,97,99910,买盘
1073,13:13:33,10.3,0.01,37,38110,买盘
1074,13:13:30,10.29,--,1,1029,卖盘
1075,13:13:27,10.29,-0.01,10,10290,卖盘
1076,13:13:15,10.3,--,131,134930,买盘
1077,13:13:06,10.3,--,9,9270,买盘
1078,13:12:57,10.3,--,17,17510,买盘
1079,13:12:42,10.3,0.01,3,3090,买盘
1080,13:12:30,10.29,0.01,20,20580,买盘
1081,13:12:27,10.28,-0.01,8,8224,卖盘
1082,13:12:18,10.29,-0.01,183,188306,卖盘
1083,13:12:15,10.3,--,47,48410,买盘
1084,13:12:12,10.3,0.01,45,46350,买盘
1085,13:12:06,10.29,--,7,7202,卖盘
1086,13:11:54,10.29,-0.01,1,1029,卖盘
1087,13:11:51,10.3,--,2,2060,买盘
1088,13:11:48,10.3,--,6,6180,买盘
1089,13:11:45,10.3,--,38,39140,买盘
1090,13:11:30,10.3,0.02,89,91670,买盘
1091,13:11:27,10.28,-0.02,20,20560,卖盘
1092,13:11:24,10.3,--,4,4120,买盘
1093,13:11:15,10.3,0.01,38,39140,买盘
1094,13:11:12,10.29,--,35,36015,买盘
1095,13:11:09,10.29,--,29,29840,买盘
1096,13:11:06,10.29,-0.01,200,205799,卖盘
1097,13:11:03,10.3,0.01,5,5150,买盘
1098,13:11:00,10.29,-0.01,13,13376,卖盘
1099,13:10:57,10.3,0.01,3,3090,买盘
1100,13:10:54,10.29,-0.01,1,1029,卖盘
1101,13:10:51,10.3,--,63,64890,买盘
1102,13:10:48,10.3,--,80,82400,买盘
1103,13:10:39,10.3,--,31,31930,买盘
1104,13:10:36,10.3,--,6,6180,买盘
1105,13:10:33,10.3,--,15,15450,买盘
1106,13:10:30,10.3,0.01,343,353290,买盘
1107,13:10:21,10.29,-0.01,1,1029,卖盘
1108,13:10:18,10.3,0.01,33,33990,买盘
1109,13:10:15,10.29,-0.01,5,5145,卖盘
1110,13:10:09,10.3,--,88,90640,买盘
1111,13:10:03,10.3,--,41,42230,买盘
1112,13:10:00,10.3,--,11,11330,买盘
1113,13:09:57,10.3,--,36,37080,买盘
1114,13:09:51,10.3,0.01,16,16480,买盘
1115,13:09:48,10.29,--,76,78204,卖盘
1116,13:09:42,10.29,-0.01,5,5145,卖盘
1117,13:09:33,10.3,--,3,3090,买盘
1118,13:09:27,10.3,0.01,13,13390,买盘
1119,13:09:21,10.29,-0.01,1,1029,卖盘
1120,13:09:09,10.3,--,17,17510,买盘
1121,13:09:06,10.3,0.02,5,5150,买盘
1122,13:09:00,10.28,-0.02,600,616800,卖盘
1123,13:08:57,10.3,0.01,1,1030,买盘
1124,13:08:48,10.29,-0.01,1,1029,卖盘
1125,13:08:42,10.3,--,75,77250,买盘
1126,13:08:39,10.3,--,73,75190,买盘
1127,13:08:36,10.3,--,2,2060,买盘
1128,13:08:30,10.3,--,3,3090,买盘
1129,13:08:24,10.3,--,39,40283,卖盘
1130,13:08:21,10.3,-0.01,600,618000,卖盘
1131,13:08:18,10.31,--,84,86604,买盘
1132,13:08:15,10.31,0.01,6,6186,买盘
1133,13:08:12,10.3,--,49,50470,卖盘
1134,13:08:09,10.3,-0.01,1,1030,卖盘
1135,13:08:03,10.31,0.01,37,38147,买盘
1136,13:07:57,10.3,--,16,16480,卖盘
1137,13:07:48,10.3,--,6,6180,卖盘
1138,13:07:45,10.3,--,1,1030,卖盘
1139,13:07:42,10.3,-0.01,20,20600,卖盘
1140,13:07:33,10.31,0.01,2,2062,买盘
1141,13:07:30,10.3,-0.01,1,1946,卖盘
1142,13:07:27,10.31,--,22,22682,买盘
1143,13:07:18,10.31,0.01,43,44333,买盘
1144,13:07:15,10.3,-0.01,11,11330,卖盘
1145,13:07:06,10.31,0.01,336,346416,买盘
1146,13:06:54,10.3,-0.01,3,3090,卖盘
1147,13:06:48,10.31,0.01,43,44333,买盘
1148,13:06:45,10.3,--,1,1030,卖盘
1149,13:06:36,10.3,--,1,1030,卖盘
1150,13:06:21,10.3,--,10,10300,卖盘
1151,13:06:18,10.3,--,30,30900,卖盘
1152,13:06:15,10.3,--,1,1030,卖盘
1153,13:06:12,10.3,--,5,5150,卖盘
1154,13:06:03,10.3,--,68,70040,卖盘
1155,13:06:00,10.3,-0.01,4,4120,卖盘
1156,13:05:57,10.31,0.01,6,6186,买盘
1157,13:05:45,10.3,-0.01,1,1030,卖盘
1158,13:05:39,10.31,--,3,3093,买盘
1159,13:05:33,10.31,0.01,8,8248,买盘
1160,13:05:30,10.3,-0.01,2,2060,卖盘
1161,13:05:24,10.31,--,20,20888,卖盘
1162,13:05:18,10.31,--,30,30930,卖盘
1163,13:05:15,10.31,-0.01,72,74232,卖盘
1164,13:05:09,10.32,0.01,22,22704,买盘
1165,13:05:06,10.31,--,41,42271,卖盘
1166,13:05:00,10.31,--,20,20620,卖盘
1167,13:04:57,10.31,--,7,7217,卖盘
1168,13:04:54,10.31,-0.01,8,8248,卖盘
1169,13:04:51,10.32,0.01,2,2064,买盘
1170,13:04:48,10.31,-0.01,134,138154,卖盘
1171,13:04:45,10.32,0.01,7,7224,买盘
1172,13:04:42,10.31,--,12,12372,卖盘
1173,13:04:39,10.31,--,10,10310,卖盘
1174,13:04:33,10.31,-0.01,143,147433,卖盘
1175,13:04:30,10.32,--,13,13416,买盘
1176,13:04:27,10.32,0.01,2,2064,买盘
1177,13:04:21,10.31,--,8,8248,卖盘
1178,13:04:18,10.31,--,46,47426,卖盘
1179,13:04:15,10.31,-0.01,10,10310,卖盘
1180,13:04:06,10.32,--,20,20640,买盘
1181,13:04:03,10.32,--,5,5160,买盘
1182,13:04:00,10.32,0.01,29,29928,买盘
1183,13:03:54,10.31,-0.01,21,21651,卖盘
1184,13:03:48,10.32,--,36,37152,买盘
1185,13:03:39,10.32,--,30,30960,买盘
1186,13:03:36,10.32,0.01,6,6192,买盘
1187,13:03:33,10.31,--,11,11341,卖盘
1188,13:03:27,10.31,-0.01,100,103100,卖盘
1189,13:03:24,10.32,0.01,20,20640,买盘
1190,13:03:21,10.31,--,10,10310,卖盘
1191,13:03:15,10.31,--,150,154650,卖盘
1192,13:03:12,10.31,--,30,31692,买盘
1193,13:02:51,10.31,--,38,39178,买盘
1194,13:02:48,10.31,--,216,222696,买盘
1195,13:02:42,10.31,--,26,26806,买盘
1196,13:02:39,10.31,0.01,384,395904,买盘
1197,13:02:27,10.3,-0.01,11,11330,卖盘
1198,13:02:24,10.31,--,9,9279,买盘
1199,13:02:21,10.31,--,2,2062,买盘
1200,13:02:15,10.31,--,10,10310,买盘
1201,13:02:12,10.31,0.01,3,3093,买盘
1202,13:02:06,10.3,-0.01,6,6180,卖盘
1203,13:02:03,10.31,--,190,195890,买盘
1204,13:01:48,10.31,0.01,55,56705,买盘
1205,13:01:45,10.3,--,10,10300,卖盘
1206,13:01:42,10.3,-0.01,15,15450,卖盘
1207,13:01:39,10.31,--,7,7217,买盘
1208,13:01:33,10.31,0.01,20,20620,买盘
1209,13:01:27,10.3,-0.01,37,38110,卖盘
1210,13:01:24,10.31,--,69,71139,买盘
1211,13:01:18,10.31,--,131,135061,买盘
1212,13:01:15,10.31,0.01,6,6186,买盘
1213,13:01:12,10.3,--,6,6180,卖盘
1214,13:01:09,10.3,-0.01,30,30900,卖盘
1215,13:00:57,10.31,--,38,39178,买盘
1216,13:00:54,10.31,--,36,37116,买盘
1217,13:00:42,10.31,0.01,76,78356,买盘
1218,13:00:39,10.3,-0.01,10,10300,卖盘
1219,13:00:36,10.31,--,10,10310,买盘
1220,13:00:33,10.31,--,10,10310,买盘
1221,13:00:30,10.31,--,14,14434,买盘
1222,13:00:24,10.31,--,11,11341,买盘
1223,13:00:15,10.31,--,279,287649,买盘
1224,13:00:12,10.31,--,12,12372,买盘
1225,13:00:09,10.31,--,10,10310,买盘
1226,13:00:06,10.31,--,76,78356,买盘
1227,13:00:03,10.31,-0.01,3938,4060078,卖盘
1228,13:00:00,10.32,--,0,0,买盘
1229,11:30:00,10.32,-0.01,423,437155,卖盘
1230,11:29:57,10.33,0.01,553,571249,买盘
1231,11:29:54,10.32,--,276,284832,卖盘
1232,11:29:51,10.32,--,55,56760,卖盘
1233,11:29:48,10.32,--,112,115584,卖盘
1234,11:29:45,10.32,-0.01,122,125904,卖盘
1235,11:29:42,10.33,0.01,4,4545,买盘
1236,11:29:39,10.32,-0.01,155,159960,卖盘
1237,11:29:36,10.33,0.01,65,67145,买盘
1238,11:29:33,10.32,--,52,53664,卖盘
1239,11:29:30,10.32,--,156,160992,卖盘
1240,11:29:27,10.32,--,173,178536,卖盘
1241,11:29:24,10.32,-0.01,35,36120,卖盘
1242,11:29:21,10.33,--,138,142554,买盘
1243,11:29:18,10.33,--,32,33056,买盘
1244,11:29:12,10.33,--,15,15495,买盘
1245,11:29:09,10.33,--,18,18594,买盘
1246,11:29:06,10.33,0.01,30,30990,买盘
1247,11:29:03,10.32,--,282,291024,卖盘
1248,11:29:00,10.32,-0.01,148,152736,卖盘
1249,11:28:57,10.33,0.01,331,341923,买盘
1250,11:28:54,10.32,-0.01,150,154800,卖盘
1251,11:28:51,10.33,--,24,24792,买盘
1252,11:28:48,10.33,--,69,71277,买盘
1253,11:28:45,10.33,--,39,40287,买盘
1254,11:28:42,10.33,--,93,96069,买盘
1255,11:28:39,10.33,0.01,32,33056,买盘
1256,11:28:33,10.32,--,65,67080,卖盘
1257,11:28:30,10.32,0.01,2744,2831808,买盘
1258,11:28:27,10.31,--,42,43302,卖盘
1259,11:28:24,10.31,--,81,83511,卖盘
1260,11:28:21,10.31,--,2571,2650701,买盘
1261,11:28:18,10.31,0.01,119,122689,买盘
1262,11:28:15,10.3,-0.01,18,18540,卖盘
1263,11:28:12,10.31,--,78,80418,买盘
1264,11:28:09,10.31,--,200,206200,买盘
1265,11:28:06,10.31,0.01,539,555709,买盘
1266,11:28:03,10.3,-0.01,131,134930,卖盘
1267,11:28:00,10.31,0.01,7,7217,买盘
1268,11:27:57,10.3,-0.01,10,10300,卖盘
1269,11:27:54,10.31,--,8,8248,买盘
1270,11:27:51,10.31,0.01,247,254657,买盘
1271,11:27:48,10.3,-0.01,382,393460,卖盘
1272,11:27:42,10.31,0.01,2,2062,买盘
1273,11:27:36,10.3,0.01,5417,5579922,买盘
1274,11:27:27,10.29,--,2589,2664081,买盘
1275,11:27:21,10.29,0.01,6,6173,买盘
1276,11:27:15,10.28,0.01,3334,3427352,买盘
1277,11:27:12,10.27,--,23,23621,卖盘
1278,11:27:06,10.27,0.01,2448,2514096,买盘
1279,11:26:54,10.26,--,20,20520,卖盘
1280,11:26:51,10.26,-0.01,10,10260,卖盘
1281,11:26:42,10.27,0.01,3,3081,买盘
1282,11:26:39,10.26,--,200,205200,卖盘
1283,11:26:24,10.26,--,5,5130,卖盘
1284,11:26:12,10.26,-0.01,38,38988,卖盘
1285,11:25:51,10.27,--,1,1027,买盘
1286,11:25:30,10.27,0.01,5,5135,买盘
1287,11:25:24,10.26,--,100,102600,卖盘
1288,11:25:21,10.26,--,3,3078,卖盘
1289,11:25:09,10.26,-0.01,30,30780,卖盘
1290,11:25:00,10.27,0.01,6,6162,买盘
1291,11:24:54,10.26,--,45,46170,卖盘
1292,11:24:51,10.26,--,249,255474,卖盘
1293,11:24:48,10.26,-0.01,50,51300,卖盘
1294,11:24:42,10.27,0.01,76,78052,买盘
1295,11:24:39,10.26,-0.01,5,5130,卖盘
1296,11:24:30,10.27,0.01,7,7189,买盘
1297,11:24:18,10.26,--,3,3078,卖盘
1298,11:24:12,10.26,--,10,10260,卖盘
1299,11:24:03,10.26,--,400,410400,卖盘
1300,11:24:00,10.26,-0.01,100,102600,卖盘
1301,11:23:54,10.27,--,3,3081,买盘
1302,11:23:48,10.27,0.01,6,6162,买盘
1303,11:23:21,10.26,--,20,20520,卖盘
1304,11:23:18,10.26,--,2,2052,卖盘
1305,11:23:09,10.26,-0.01,12,12312,卖盘
1306,11:22:57,10.27,--,19,19513,买盘
1307,11:22:51,10.27,--,190,195130,买盘
1308,11:22:36,10.27,--,6,6162,买盘
1309,11:22:30,10.27,0.01,192,197184,买盘
1310,11:22:15,10.26,--,10,10260,卖盘
1311,11:22:12,10.26,--,9,9234,卖盘
1312,11:22:09,10.26,-0.01,50,51402,卖盘
1313,11:22:03,10.27,--,181,185887,买盘
1314,11:21:54,10.27,0.01,5,5135,买盘
1315,11:21:48,10.26,--,11,11286,卖盘
1316,11:21:42,10.26,-0.01,9,9234,卖盘
1317,11:21:39,10.27,--,12,12324,买盘
1318,11:21:36,10.27,0.01,9,9243,买盘
1319,11:21:33,10.26,--,20,20520,卖盘
1320,11:21:27,10.26,--,36,36936,卖盘
1321,11:21:21,10.26,-0.01,30,30780,卖盘
1322,11:21:09,10.27,--,20,20540,买盘
1323,11:21:06,10.27,--,3,3081,买盘
1324,11:21:00,10.27,--,41,42107,买盘
1325,11:20:51,10.27,0.01,17,17459,买盘
1326,11:20:30,10.26,-0.01,5,5130,卖盘
1327,11:20:27,10.27,--,93,95511,买盘
1328,11:20:15,10.27,0.01,6,6162,买盘
1329,11:20:00,10.26,-0.01,30,30780,卖盘
1330,11:19:57,10.27,--,779,800033,买盘
1331,11:19:51,10.27,--,8,8216,买盘
1332,11:19:48,10.27,0.01,2,2054,买盘
1333,11:19:45,10.26,-0.01,20,20520,卖盘
1334,11:19:39,10.27,0.01,59,60593,买盘
1335,11:19:36,10.26,--,10,10260,卖盘
1336,11:19:33,10.26,--,12,12312,卖盘
1337,11:19:21,10.26,--,12,12312,卖盘
1338,11:19:18,10.26,-0.01,50,51300,卖盘
1339,11:19:12,10.27,0.01,12,12324,买盘
1340,11:19:09,10.26,-0.01,20,20520,卖盘
1341,11:19:03,10.27,--,6,6162,买盘
1342,11:18:51,10.27,0.01,6,6162,买盘
1343,11:18:42,10.26,--,3,3078,卖盘
1344,11:18:30,10.26,-0.01,9,9234,卖盘
1345,11:18:24,10.27,0.01,203,208481,买盘
1346,11:18:15,10.26,--,42,43092,卖盘
1347,11:18:12,10.26,-0.01,14,14364,卖盘
1348,11:18:03,10.27,--,8,8216,买盘
1349,11:17:54,10.27,--,42,43134,买盘
1350,11:17:45,10.27,0.01,52,53404,买盘
1351,11:17:36,10.26,--,1,1026,卖盘
1352,11:17:30,10.26,--,16,16416,买盘
1353,11:17:27,10.26,0.01,190,194940,买盘
1354,11:17:24,10.25,-0.01,10,10250,卖盘
1355,11:17:18,10.26,--,600,615600,买盘
1356,11:17:09,10.26,0.01,1124,1153224,买盘
1357,11:17:03,10.25,-0.01,20,20500,卖盘
1358,11:17:00,10.26,0.01,13,13338,买盘
1359,11:16:42,10.25,-0.01,16,16400,卖盘
1360,11:16:39,10.26,0.01,2,2052,买盘
1361,11:16:36,10.25,-0.01,300,307500,卖盘
1362,11:16:33,10.26,0.01,13,13338,买盘
1363,11:16:27,10.25,--,37,38622,买盘
1364,11:16:24,10.25,--,494,506350,买盘
1365,11:16:18,10.25,--,100,102500,买盘
1366,11:16:00,10.25,0.01,2,2050,买盘
1367,11:15:54,10.24,--,10,10240,卖盘
1368,11:15:45,10.24,-0.01,20,20480,卖盘
1369,11:15:42,10.25,--,10,10250,买盘
1370,11:15:36,10.25,--,190,194750,买盘
1371,11:15:30,10.25,--,6,6150,买盘
1372,11:15:27,10.25,0.01,51,52275,买盘
1373,11:15:18,10.24,-0.01,50,51200,卖盘
1374,11:14:57,10.25,--,7,7175,买盘
1375,11:14:45,10.25,--,3,3075,买盘
1376,11:14:33,10.25,--,8,8200,买盘
1377,11:14:24,10.25,--,5,5125,买盘
1378,11:14:18,10.25,0.01,6,6150,买盘
1379,11:14:12,10.24,-0.01,15,15360,卖盘
1380,11:14:09,10.25,0.01,3,3075,买盘
1381,11:14:06,10.24,-0.01,20,20480,卖盘
1382,11:13:15,10.25,--,90,92250,买盘
1383,11:13:09,10.25,--,6,6150,买盘
1384,11:13:03,10.25,0.01,82,84050,买盘
1385,11:12:57,10.24,-0.01,4,4096,卖盘
1386,11:12:54,10.25,0.01,30,30750,买盘
1387,11:12:45,10.24,--,100,102400,卖盘
1388,11:12:36,10.24,-0.01,100,102400,卖盘
1389,11:12:33,10.25,0.01,209,214225,买盘
1390,11:12:27,10.24,--,11,11264,卖盘
1391,11:12:12,10.24,-0.01,10,10240,卖盘
1392,11:12:00,10.25,--,2,2050,买盘
1393,11:11:57,10.25,0.01,6,6150,买盘
1394,11:11:48,10.24,0.01,891,912384,买盘
1395,11:11:45,10.23,--,11,11253,卖盘
1396,11:11:42,10.23,-0.01,21,21483,卖盘
1397,11:11:33,10.24,--,195,199680,买盘
1398,11:11:09,10.24,--,317,324608,买盘
1399,11:11:03,10.24,--,59,60416,买盘
1400,11:10:48,10.24,--,1,1024,买盘
1401,11:10:45,10.24,0.01,14,14336,买盘
1402,11:10:42,10.23,--,97,99231,卖盘
1403,11:10:33,10.23,-0.01,70,71610,卖盘
1404,11:10:27,10.24,--,51,52224,买盘
1405,11:09:51,10.24,0.01,17,17408,买盘
1406,11:09:48,10.23,--,6,6138,卖盘
1407,11:09:42,10.23,-0.01,20,20460,卖盘
1408,11:09:36,10.24,--,6,6144,买盘
1409,11:09:30,10.24,--,15,15360,买盘
1410,11:09:24,10.24,--,4,4096,买盘
1411,11:09:18,10.24,--,2,2048,买盘
1412,11:09:15,10.24,--,12,12288,买盘
1413,11:09:00,10.24,--,10,10240,买盘
1414,11:08:57,10.24,--,10,10240,买盘
1415,11:08:54,10.24,--,10,10240,买盘
1416,11:08:48,10.24,--,18,18432,买盘
1417,11:08:42,10.24,--,99,101376,卖盘
1418,11:08:36,10.24,--,26,26624,卖盘
1419,11:08:30,10.24,--,280,286720,卖盘
1420,11:08:27,10.24,-0.01,300,307200,卖盘
1421,11:08:24,10.25,0.01,6,6150,买盘
1422,11:07:54,10.24,--,18,18432,买盘
1423,11:07:45,10.24,--,2,2048,卖盘
1424,11:07:42,10.24,0.01,158,161792,买盘
1425,11:07:36,10.23,--,20,20460,卖盘
1426,11:07:30,10.23,-0.01,2,2046,卖盘
1427,11:07:21,10.24,0.01,5,5120,买盘
1428,11:07:15,10.23,-0.01,10,10230,卖盘
1429,11:07:12,10.24,--,6,6144,买盘
1430,11:07:09,10.24,--,500,512000,买盘
1431,11:07:06,10.24,0.01,11,11264,买盘
1432,11:06:51,10.23,-0.01,2,2046,卖盘
1433,11:06:39,10.24,--,67,68608,买盘
1434,11:06:36,10.24,--,11,11264,卖盘
1435,11:06:24,10.24,0.01,11,11264,买盘
1436,11:06:18,10.23,-0.01,1,1023,卖盘
1437,11:06:15,10.24,-0.01,9,9216,买盘
1438,11:06:03,10.25,0.01,32,32800,买盘
1439,11:06:00,10.24,--,5,5120,买盘
1440,11:05:57,10.24,--,5,5120,买盘
1441,11:05:54,10.24,--,0,327,卖盘
1442,11:05:51,10.24,--,10,10240,卖盘
1443,11:05:39,10.24,--,12,12984,买盘
1444,11:05:33,10.24,--,5,5120,买盘
1445,11:05:30,10.24,--,126,129105,卖盘
1446,11:05:24,10.24,--,17,18350,买盘
1447,11:05:12,10.24,-0.01,11,11345,卖盘
1448,11:05:06,10.25,0.01,1,1025,买盘
1449,11:05:00,10.24,-0.01,2000,2048000,卖盘
1450,11:04:57,10.25,0.01,8,8200,买盘
1451,11:04:51,10.24,-0.01,27,27648,卖盘
1452,11:04:30,10.25,0.01,26,26650,买盘
1453,11:04:27,10.24,-0.01,23,23552,卖盘
1454,11:04:15,10.25,0.01,7,7175,买盘
1455,11:04:12,10.24,-0.01,10,10240,卖盘
1456,11:04:09,10.25,0.01,10,10250,买盘
1457,11:04:06,10.24,-0.01,150,153600,卖盘
1458,11:03:57,10.25,--,9,9225,买盘
1459,11:03:51,10.25,--,5,5125,买盘
1460,11:03:39,10.25,0.01,6,6150,买盘
1461,11:03:09,10.24,-0.01,2,2048,卖盘
1462,11:03:00,10.25,--,38,38950,买盘
1463,11:02:54,10.25,--,50,51250,买盘
1464,11:02:39,10.25,--,10,10250,买盘
1465,11:02:30,10.25,--,6,6150,买盘
1466,11:02:21,10.25,--,10,10250,买盘
1467,11:02:18,10.25,--,51,52275,买盘
1468,11:02:12,10.25,--,2,2050,买盘
1469,11:02:09,10.25,--,25,25625,买盘
1470,11:02:00,10.25,--,32,32800,买盘
1471,11:01:57,10.25,--,1,1025,买盘
1472,11:01:42,10.25,--,71,72775,买盘
1473,11:01:33,10.25,--,15,15375,买盘
1474,11:01:24,10.25,--,28,28700,买盘
1475,11:01:18,10.25,0.01,6,6150,买盘
1476,11:01:15,10.24,-0.01,5,5120,卖盘
1477,11:01:09,10.25,--,61,62525,买盘
1478,11:00:48,10.25,--,85,87125,买盘
1479,11:00:33,10.25,--,15,15375,买盘
1480,11:00:30,10.25,0.01,13,13325,买盘
1481,11:00:24,10.24,-0.01,10,10240,卖盘
1482,11:00:18,10.25,--,37,37925,买盘
1483,11:00:15,10.25,--,7,7175,买盘
1484,11:00:12,10.25,--,49,50225,买盘
1485,11:00:09,10.25,--,74,75850,买盘
1486,11:00:06,10.25,--,19,19475,买盘
1487,11:00:03,10.25,--,34,34850,买盘
1488,11:00:00,10.25,0.01,10,10250,买盘
1489,10:59:48,10.24,--,20,20480,卖盘
1490,10:59:45,10.24,-0.01,9,9216,卖盘
1491,10:59:39,10.25,0.01,10,10250,买盘
1492,10:59:36,10.24,--,1,1024,卖盘
1493,10:59:18,10.24,-0.01,30,31662,卖盘
1494,10:59:12,10.25,--,1,1025,买盘
1495,10:59:00,10.25,-0.01,461,472525,卖盘
1496,10:58:54,10.26,0.01,394,404244,买盘
1497,10:58:48,10.25,-0.01,66,67650,卖盘
1498,10:58:39,10.26,--,60,61560,买盘
1499,10:58:24,10.26,--,3,3078,买盘
1500,10:58:21,10.26,0.01,13,13338,买盘
1501,10:58:12,10.25,--,30,30750,卖盘
1502,10:58:09,10.25,-0.01,2,2050,卖盘
1503,10:58:06,10.26,--,8,8208,买盘
1504,10:58:03,10.26,0.01,2,2052,买盘
1505,10:57:54,10.25,-0.01,50,51250,卖盘
1506,10:57:45,10.26,0.01,6,6156,买盘
1507,10:57:33,10.25,--,30,30750,卖盘
1508,10:57:21,10.25,--,1,1025,卖盘
1509,10:57:15,10.25,-0.01,16,16400,卖盘
1510,10:57:09,10.26,--,54,55404,买盘
1511,10:57:06,10.26,--,4,4104,买盘
1512,10:57:03,10.26,--,1,1026,买盘
1513,10:56:57,10.26,--,50,51300,买盘
1514,10:56:54,10.26,--,49,50274,买盘
1515,10:56:48,10.26,--,8,8208,买盘
1516,10:56:33,10.26,0.01,8,8208,买盘
1517,10:56:30,10.25,-0.01,25,25625,卖盘
1518,10:56:21,10.26,0.01,36,36936,买盘
1519,10:56:15,10.25,--,50,51250,卖盘
1520,10:56:06,10.25,--,50,51250,卖盘
1521,10:55:54,10.25,-0.01,3,3075,卖盘
1522,10:55:48,10.26,--,1,1026,买盘
1523,10:55:36,10.26,--,40,41040,买盘
1524,10:55:33,10.26,--,9,9234,买盘
1525,10:55:21,10.26,0.01,6,6156,买盘
1526,10:55:06,10.25,--,31,31775,卖盘
1527,10:54:48,10.25,--,3,3075,卖盘
1528,10:54:42,10.25,--,18,18450,卖盘
1529,10:54:24,10.25,--,20,20500,卖盘
1530,10:54:18,10.25,--,4,4100,卖盘
1531,10:54:12,10.25,--,11,11275,卖盘
1532,10:54:09,10.25,--,2,2050,卖盘
1533,10:54:06,10.25,0.01,972,996300,买盘
1534,10:54:00,10.24,-0.01,30,30720,卖盘
1535,10:53:57,10.25,--,10,10250,买盘
1536,10:53:36,10.25,--,1,1025,买盘
1537,10:53:27,10.25,--,3,3075,买盘
1538,10:53:09,10.25,--,6,6150,买盘
1539,10:53:00,10.25,--,6,6150,买盘
1540,10:52:57,10.25,0.01,36,36900,买盘
1541,10:52:48,10.24,-0.01,2,2048,卖盘
1542,10:52:45,10.25,--,8,8200,买盘
1543,10:52:36,10.25,0.01,33,33825,买盘
1544,10:52:27,10.24,-0.01,20,20480,卖盘
1545,10:52:21,10.25,--,20,20500,买盘
1546,10:52:18,10.25,0.01,4,4100,买盘
1547,10:52:12,10.24,--,224,229376,卖盘
1548,10:52:00,10.24,-0.01,40,40960,卖盘
1549,10:51:54,10.25,--,100,102500,买盘
1550,10:51:48,10.25,0.01,10,10250,买盘
1551,10:51:39,10.24,--,150,153600,卖盘
1552,10:51:36,10.24,-0.01,30,30720,卖盘
1553,10:51:33,10.25,--,36,36900,买盘
1554,10:51:15,10.25,--,4,4100,买盘
1555,10:51:09,10.25,--,15,15375,买盘
1556,10:51:03,10.25,--,5,5125,买盘
1557,10:50:39,10.25,--,6,6150,买盘
1558,10:50:36,10.25,--,10,10250,买盘
1559,10:50:21,10.25,--,52,53300,买盘
1560,10:50:15,10.25,--,49,50225,买盘
1561,10:50:12,10.25,--,45,46125,买盘
1562,10:50:09,10.25,--,5,5125,买盘
1563,10:49:48,10.25,--,2,2050,买盘
1564,10:49:42,10.25,--,4,4100,买盘
1565,10:49:39,10.25,0.01,4,4100,买盘
1566,10:49:36,10.24,-0.01,22,22528,卖盘
1567,10:49:27,10.25,--,6,6150,买盘
1568,10:49:24,10.25,--,35,35875,买盘
1569,10:49:21,10.25,0.01,14,14350,买盘
1570,10:49:18,10.24,-0.01,13,13312,卖盘
1571,10:49:15,10.25,--,3,3075,买盘
1572,10:48:57,10.25,--,159,162975,买盘
1573,10:48:48,10.25,--,7,7175,买盘
1574,10:48:42,10.25,0.01,5,5125,买盘
1575,10:48:36,10.24,-0.01,1,1024,卖盘
1576,10:48:15,10.25,0.01,6,6150,买盘
1577,10:48:12,10.24,--,20,20480,卖盘
1578,10:48:06,10.24,--,3,3072,卖盘
1579,10:48:03,10.24,-0.01,137,140288,卖盘
1580,10:47:30,10.25,--,13,13325,买盘
1581,10:47:27,10.25,0.01,4,4100,买盘
1582,10:47:24,10.24,--,148,151552,卖盘
1583,10:47:21,10.24,--,5,5120,卖盘
1584,10:47:18,10.24,-0.01,1,1024,卖盘
1585,10:47:09,10.25,--,52,53300,买盘
1586,10:47:03,10.25,--,6,6150,买盘
1587,10:46:48,10.25,--,50,51250,买盘
1588,10:46:42,10.25,0.01,10,10250,买盘
1589,10:46:39,10.24,--,86,88064,卖盘
1590,10:46:36,10.24,-0.01,477,488448,卖盘
1591,10:46:33,10.25,0.01,1,1025,买盘
1592,10:46:30,10.24,-0.01,4,4096,卖盘
1593,10:46:24,10.25,-0.01,1498,1535450,卖盘
1594,10:46:15,10.26,--,1,1026,买盘
1595,10:46:09,10.26,--,18,18468,买盘
1596,10:45:54,10.26,--,6,6156,买盘
1597,10:45:39,10.26,--,7,7182,买盘
1598,10:45:24,10.26,0.01,78,80028,买盘
1599,10:45:21,10.25,-0.01,7,7175,卖盘
1600,10:45:18,10.26,--,17,17442,买盘
1601,10:45:12,10.26,-0.01,194,199044,卖盘
1602,10:45:06,10.27,0.01,12,12324,买盘
1603,10:44:51,10.26,-0.01,6,6156,卖盘
1604,10:44:42,10.27,0.01,6,6162,买盘
1605,10:44:39,10.26,0.01,20,20520,买盘
1606,10:44:33,10.25,-0.01,1,1025,卖盘
1607,10:44:27,10.26,--,127,130302,买盘
1608,10:44:18,10.26,--,18,18468,卖盘
1609,10:44:15,10.26,--,6,6156,卖盘
1610,10:44:12,10.26,-0.01,181,185706,卖盘
1611,10:44:00,10.27,--,12,12324,买盘
1612,10:43:57,10.27,0.01,28,28756,买盘
1613,10:43:48,10.26,--,116,119016,卖盘
1614,10:43:45,10.26,--,53,54378,卖盘
1615,10:43:39,10.26,--,10,10260,卖盘
1616,10:43:33,10.26,-0.01,22,22572,卖盘
1617,10:43:30,10.27,--,6,6162,买盘
1618,10:43:15,10.27,--,3,3081,买盘
1619,10:43:06,10.27,--,38,39026,买盘
1620,10:42:51,10.27,0.01,13,13351,买盘
1621,10:42:48,10.26,-0.01,2,2052,卖盘
1622,10:42:42,10.27,--,5,5135,买盘
1623,10:42:36,10.27,--,40,41080,买盘
1624,10:42:30,10.27,0.01,2,2054,买盘
1625,10:42:27,10.26,-0.01,20,20520,卖盘
1626,10:42:21,10.27,0.01,6,6162,买盘
1627,10:42:18,10.26,-0.01,1,1026,卖盘
1628,10:42:09,10.27,--,53,54431,买盘
1629,10:42:06,10.27,--,67,68809,买盘
1630,10:41:51,10.27,--,39,40053,买盘
1631,10:41:48,10.27,--,49,50323,买盘
1632,10:41:36,10.27,0.01,30,30810,买盘
1633,10:41:33,10.26,-0.01,71,72846,卖盘
1634,10:41:30,10.27,--,21,21567,买盘
1635,10:41:27,10.27,--,30,30810,买盘
1636,10:41:12,10.27,--,32,32864,买盘
1637,10:41:09,10.27,0.01,85,87295,买盘
1638,10:41:06,10.26,-0.01,182,186732,卖盘
1639,10:41:00,10.27,--,49,50323,买盘
1640,10:40:51,10.27,--,106,108862,买盘
1641,10:40:48,10.27,--,5,5135,买盘
1642,10:40:45,10.27,--,12,12324,买盘
1643,10:40:39,10.27,--,962,987974,买盘
1644,10:40:33,10.27,--,11,11297,买盘
1645,10:40:27,10.27,--,49,50323,买盘
1646,10:40:21,10.27,-0.01,72,73944,卖盘
1647,10:40:18,10.28,0.01,18,18504,买盘
1648,10:40:15,10.27,--,479,491933,买盘
1649,10:40:09,10.27,--,4,4108,买盘
1650,10:40:03,10.27,--,128,131456,买盘
1651,10:39:57,10.27,--,6,6162,买盘
1652,10:39:51,10.27,--,12,12324,买盘
1653,10:39:48,10.27,--,11,11297,买盘
1654,10:39:45,10.27,0.01,5,5135,买盘
1655,10:39:39,10.26,--,10,10260,卖盘
1656,10:39:33,10.26,-0.01,1,1026,卖盘
1657,10:39:18,10.27,0.01,16,16432,买盘
1658,10:39:15,10.26,-0.01,20,20520,卖盘
1659,10:39:06,10.27,0.01,52,53404,买盘
1660,10:38:48,10.26,--,129,132354,卖盘
1661,10:38:45,10.26,-0.01,115,117990,卖盘
1662,10:38:42,10.27,--,100,102700,买盘
1663,10:38:30,10.27,--,2,2054,买盘
1664,10:38:27,10.27,--,5,5135,买盘
1665,10:38:24,10.27,--,20,20540,买盘
1666,10:38:15,10.27,0.01,20,20540,买盘
1667,10:38:09,10.26,-0.01,1,1026,卖盘
1668,10:38:03,10.27,--,13,13351,买盘
1669,10:38:00,10.27,--,4,4108,买盘
1670,10:37:57,10.27,0.01,11,11297,买盘
1671,10:37:51,10.26,--,10,10260,卖盘
1672,10:37:48,10.26,--,1,1026,卖盘
1673,10:37:42,10.26,-0.01,75,76950,卖盘
1674,10:37:39,10.27,--,3,3081,买盘
1675,10:37:36,10.27,--,6,6162,买盘
1676,10:37:27,10.27,--,101,103727,买盘
1677,10:37:24,10.27,--,20,20540,买盘
1678,10:37:15,10.27,--,66,67782,买盘
1679,10:37:12,10.27,--,14,14378,买盘
1680,10:37:09,10.27,--,424,435448,卖盘
1681,10:37:06,10.27,--,302,310154,买盘
1682,10:36:54,10.27,0.01,10,10270,买盘
1683,10:36:51,10.26,-0.01,343,351918,卖盘
1684,10:36:45,10.27,0.01,84,86268,买盘
1685,10:36:33,10.26,--,1,1026,卖盘
1686,10:36:30,10.26,--,145,148770,买盘
1687,10:36:27,10.26,--,63,64638,买盘
1688,10:36:24,10.26,-0.01,94,96444,卖盘
1689,10:36:21,10.27,0.01,22,22594,买盘
1690,10:36:18,10.26,-0.01,123,126198,卖盘
1691,10:36:15,10.27,--,10,10270,买盘
1692,10:36:09,10.27,--,916,940732,买盘
1693,10:36:00,10.27,--,28,28756,买盘
1694,10:35:48,10.27,--,3,3081,买盘
1695,10:35:42,10.27,0.01,31,31837,买盘
1696,10:35:39,10.26,-0.01,28,28728,卖盘
1697,10:35:36,10.27,0.01,10,10270,买盘
1698,10:35:24,10.26,-0.01,34,34884,卖盘
1699,10:35:21,10.27,0.01,52,53404,买盘
1700,10:35:18,10.26,-0.01,100,102600,卖盘
1701,10:35:15,10.27,--,13,13351,买盘
1702,10:35:12,10.27,0.01,6,6162,买盘
1703,10:35:09,10.26,-0.01,1,1026,卖盘
1704,10:34:54,10.27,--,60,61620,买盘
1705,10:34:48,10.27,0.01,49,50323,买盘
1706,10:34:45,10.26,0.01,463,475038,买盘
1707,10:34:39,10.25,-0.01,10,10250,卖盘
1708,10:34:24,10.26,--,66,67716,买盘
1709,10:34:21,10.26,--,12,12312,买盘
1710,10:34:18,10.26,--,45,46170,买盘
1711,10:34:15,10.26,--,84,86184,买盘
1712,10:34:12,10.26,0.01,3,3078,买盘
1713,10:34:09,10.25,-0.01,230,235750,卖盘
1714,10:34:06,10.26,--,11,11286,买盘
1715,10:34:03,10.26,0.01,136,139536,买盘
1716,10:34:00,10.25,--,800,820000,买盘
1717,10:33:48,10.25,--,53,54325,买盘
1718,10:33:45,10.25,0.01,26,26650,买盘
1719,10:33:36,10.24,-0.01,31,31744,卖盘
1720,10:33:30,10.25,--,67,68675,买盘
1721,10:33:18,10.25,--,54,55350,买盘
1722,10:33:09,10.25,--,80,82000,买盘
1723,10:33:03,10.25,0.01,174,178350,买盘
1724,10:32:57,10.24,-0.01,10,10240,卖盘
1725,10:32:51,10.25,0.01,7,7175,买盘
1726,10:32:45,10.24,-0.01,101,103424,卖盘
1727,10:32:36,10.25,--,20,20500,买盘
1728,10:32:24,10.25,--,21,21525,买盘
1729,10:32:12,10.25,--,4,4100,买盘
1730,10:32:06,10.25,--,49,50225,买盘
1731,10:31:42,10.25,--,11,11275,买盘
1732,10:31:39,10.25,0.01,6,6150,买盘
1733,10:31:30,10.24,--,58,59392,卖盘
1734,10:31:27,10.24,-0.01,2,2048,卖盘
1735,10:31:21,10.25,0.01,49,50225,买盘
1736,10:31:15,10.24,-0.01,40,40960,卖盘
1737,10:31:00,10.25,0.01,32,32800,买盘
1738,10:30:57,10.24,-0.01,4,4096,卖盘
1739,10:30:51,10.25,0.01,49,50225,买盘
1740,10:30:42,10.24,0.01,5,5120,中性盘
1741,10:30:36,10.23,-0.02,544,556512,卖盘
1742,10:30:30,10.25,--,6,6150,买盘
1743,10:30:27,10.25,0.01,34,34850,买盘
1744,10:30:24,10.24,0.01,199,203776,买盘
1745,10:30:21,10.23,-0.01,27,27621,卖盘
1746,10:30:18,10.24,--,131,134144,卖盘
1747,10:30:15,10.24,0.01,1,1024,中性盘
1748,10:30:00,10.23,-0.02,1089,1114047,卖盘
1749,10:29:57,10.25,0.01,32,32800,买盘
1750,10:29:54,10.24,-0.01,10,10240,卖盘
1751,10:29:51,10.25,0.01,2,2050,买盘
1752,10:29:42,10.24,--,284,290816,卖盘
1753,10:29:39,10.24,-0.01,5,5120,卖盘
1754,10:29:27,10.25,--,32,32800,买盘
1755,10:29:18,10.25,--,550,563750,买盘
1756,10:29:09,10.25,--,15,15375,买盘
1757,10:29:06,10.25,0.01,100,102500,买盘
1758,10:29:00,10.24,-0.01,11,11264,卖盘
1759,10:28:57,10.25,0.01,32,32800,买盘
1760,10:28:48,10.24,-0.01,60,61440,卖盘
1761,10:28:39,10.25,--,30,30750,买盘
1762,10:28:30,10.25,--,2,2050,买盘
1763,10:28:27,10.25,--,32,32800,买盘
1764,10:28:24,10.25,--,10,10250,买盘
1765,10:28:15,10.25,--,21,21525,买盘
1766,10:28:09,10.25,--,27,27675,买盘
1767,10:28:06,10.25,--,6,6150,买盘
1768,10:28:00,10.25,--,29,29725,买盘
1769,10:27:57,10.25,0.01,37,37925,买盘
1770,10:27:54,10.24,-0.01,89,91136,卖盘
1771,10:27:51,10.25,--,10,10250,买盘
1772,10:27:42,10.25,--,163,167075,买盘
1773,10:27:36,10.25,--,2,2050,买盘
1774,10:27:33,10.25,--,1,1025,买盘
1775,10:27:27,10.25,--,68,69700,买盘
1776,10:27:24,10.25,--,5,5125,买盘
1777,10:27:21,10.25,--,10,10250,买盘
1778,10:27:18,10.25,--,55,56375,买盘
1779,10:27:15,10.25,--,23,23575,买盘
1780,10:27:00,10.25,--,1000,1025000,买盘
1781,10:26:57,10.25,--,50,51250,买盘
1782,10:26:54,10.25,--,29,29725,买盘
1783,10:26:51,10.25,--,30,30750,买盘
1784,10:26:42,10.25,--,253,259325,买盘
1785,10:26:39,10.25,--,55,56375,买盘
1786,10:26:27,10.25,-0.02,591,605775,卖盘
1787,10:26:21,10.27,0.02,52,53404,买盘
1788,10:26:18,10.25,-0.02,2091,2143275,卖盘
1789,10:26:03,10.27,--,27,27729,买盘
1790,10:25:57,10.27,0.01,32,32864,买盘
1791,10:25:54,10.26,-0.01,10,10260,卖盘
1792,10:25:45,10.27,0.01,6,6162,买盘
1793,10:25:39,10.26,--,2,2052,卖盘
1794,10:25:33,10.26,-0.01,4,4104,卖盘
1795,10:25:27,10.27,--,32,32864,买盘
1796,10:25:18,10.27,--,52,53404,买盘
1797,10:25:15,10.27,--,84,86268,买盘
1798,10:25:12,10.27,0.01,180,184860,买盘
1799,10:25:09,10.26,--,1,1026,卖盘
1800,10:25:06,10.26,-0.01,1,1026,卖盘
1801,10:24:57,10.27,0.01,32,32864,买盘
1802,10:24:54,10.26,--,5,5130,卖盘
1803,10:24:48,10.26,--,50,51300,卖盘
1804,10:24:42,10.26,-0.01,1,1026,卖盘
1805,10:24:33,10.27,--,16,16432,买盘
1806,10:24:27,10.27,0.01,32,32864,买盘
1807,10:24:21,10.26,-0.01,1,1026,卖盘
1808,10:24:18,10.27,--,2,2054,买盘
1809,10:24:00,10.27,--,290,297830,买盘
1810,10:23:57,10.27,0.01,32,32864,买盘
1811,10:23:48,10.26,-0.01,1,1026,卖盘
1812,10:23:45,10.27,--,167,171509,买盘
1813,10:23:42,10.27,0.01,2,2054,买盘
1814,10:23:30,10.26,-0.01,2,2052,卖盘
1815,10:23:27,10.27,--,33,33891,买盘
1816,10:23:21,10.27,0.01,47,48269,买盘
1817,10:23:12,10.26,--,3,3078,卖盘
1818,10:23:03,10.26,-0.01,1,1026,卖盘
1819,10:22:57,10.27,0.01,32,32864,买盘
1820,10:22:48,10.26,--,12,12312,卖盘
1821,10:22:42,10.26,--,3,3078,卖盘
1822,10:22:30,10.26,-0.01,6,6156,卖盘
1823,10:22:27,10.27,0.01,32,32864,买盘
1824,10:22:15,10.26,--,14,14364,卖盘
1825,10:22:12,10.26,--,28,28728,卖盘
1826,10:22:09,10.26,-0.01,1,1026,卖盘
1827,10:21:57,10.27,--,32,32864,买盘
1828,10:21:45,10.27,0.01,1,1027,买盘
1829,10:21:36,10.26,-0.01,1,1026,卖盘
1830,10:21:27,10.27,0.01,32,32864,买盘
1831,10:21:15,10.26,-0.01,1,1026,卖盘
1832,10:21:09,10.27,--,63,64701,买盘
1833,10:21:06,10.27,0.01,1,1027,买盘
1834,10:21:00,10.26,-0.01,11,11286,卖盘
1835,10:20:57,10.27,--,32,32864,买盘
1836,10:20:54,10.27,0.01,1,1027,买盘
1837,10:20:51,10.26,-0.01,1,1026,卖盘
1838,10:20:48,10.27,0.01,3,3081,买盘
1839,10:20:39,10.26,--,16,16416,卖盘
1840,10:20:33,10.26,--,35,35910,卖盘
1841,10:20:30,10.26,-0.01,250,256500,卖盘
1842,10:20:27,10.27,0.01,32,32864,买盘
1843,10:20:18,10.26,-0.01,53,54378,卖盘
1844,10:20:12,10.27,0.01,20,20540,买盘
1845,10:20:09,10.26,--,1,1026,卖盘
1846,10:20:03,10.26,-0.01,100,102600,卖盘
1847,10:19:57,10.27,0.01,33,33891,买盘
1848,10:19:51,10.26,-0.01,7,7182,卖盘
1849,10:19:48,10.27,--,6,6162,买盘
1850,10:19:42,10.27,--,26,26702,买盘
1851,10:19:36,10.27,0.01,101,103727,买盘
1852,10:19:33,10.26,-0.01,7,7182,卖盘
1853,10:19:30,10.27,--,3,3081,买盘
1854,10:19:27,10.27,--,32,32864,买盘
1855,10:19:15,10.27,0.01,19,19513,买盘
1856,10:19:09,10.26,-0.01,31,31806,卖盘
1857,10:19:06,10.27,0.01,1,1027,买盘
1858,10:19:03,10.26,-0.01,3,3078,卖盘
1859,10:19:00,10.27,--,7,7189,买盘
1860,10:18:57,10.27,--,32,32864,买盘
1861,10:18:51,10.27,--,10,10270,买盘
1862,10:18:45,10.27,--,15,15405,买盘
1863,10:18:39,10.27,--,114,117078,买盘
1864,10:18:27,10.27,--,257,264863,卖盘
1865,10:18:21,10.27,--,1,1027,卖盘
1866,10:18:18,10.27,-0.01,1,1027,卖盘
1867,10:18:15,10.28,--,5,5140,买盘
1868,10:18:12,10.28,--,870,894360,买盘
1869,10:17:57,10.28,0.01,32,32896,买盘
1870,10:17:51,10.27,--,103,105781,卖盘
1871,10:17:48,10.27,--,630,647112,买盘
1872,10:17:45,10.27,0.01,29,29783,买盘
1873,10:17:36,10.26,--,37,37962,卖盘
1874,10:17:33,10.26,-0.01,10,10260,卖盘
1875,10:17:27,10.27,0.01,43,44161,买盘
1876,10:17:24,10.26,-0.01,1,1026,卖盘
1877,10:17:15,10.27,0.01,53,54431,买盘
1878,10:17:09,10.26,-0.01,3,3078,卖盘
1879,10:17:06,10.27,0.01,1,1027,买盘
1880,10:17:00,10.26,-0.01,81,83106,卖盘
1881,10:16:57,10.27,--,32,32864,买盘
1882,10:16:39,10.27,0.01,13,13351,买盘
1883,10:16:33,10.26,--,6,6156,卖盘
1884,10:16:27,10.26,-0.01,33,33858,卖盘
1885,10:16:24,10.27,0.01,180,184860,买盘
1886,10:16:18,10.26,-0.01,87,89262,卖盘
1887,10:16:15,10.27,--,174,178698,买盘
1888,10:16:09,10.27,--,16,16432,买盘
1889,10:16:06,10.27,--,20,20540,买盘
1890,10:16:03,10.27,--,132,135564,买盘
1891,10:16:00,10.27,--,45,46215,买盘
1892,10:15:57,10.27,--,57,58539,买盘
1893,10:15:54,10.27,--,64,65728,买盘
1894,10:15:51,10.27,--,15,15405,买盘
1895,10:15:48,10.27,0.01,82,84214,买盘
1896,10:15:45,10.26,-0.01,1,1026,卖盘
1897,10:15:42,10.27,0.01,49,50323,买盘
1898,10:15:36,10.26,-0.01,29,29754,中性盘
1899,10:15:33,10.27,0.01,167,171509,买盘
1900,10:15:30,10.26,--,20,20520,买盘
1901,10:15:27,10.26,0.01,32,32832,买盘
1902,10:15:24,10.25,-0.01,20,20500,卖盘
1903,10:15:21,10.26,0.01,1160,1190160,买盘
1904,10:15:12,10.25,--,11,11275,卖盘
1905,10:15:09,10.25,-0.01,500,512500,卖盘
1906,10:15:06,10.26,0.01,6,6156,买盘
1907,10:15:00,10.25,--,92,94300,卖盘
1908,10:14:48,10.25,--,1,1025,卖盘
1909,10:14:33,10.25,-0.01,380,389500,中性盘
1910,10:14:30,10.26,0.02,4,4104,买盘
1911,10:14:27,10.24,--,1,1024,卖盘
1912,10:14:24,10.24,-0.02,30,30720,卖盘
1913,10:14:06,10.26,0.01,20,20520,买盘
1914,10:14:03,10.25,-0.01,1,1025,中性盘
1915,10:13:57,10.26,--,1064,1091664,买盘
1916,10:13:54,10.26,--,7,7182,买盘
1917,10:13:48,10.26,--,11,11286,买盘
1918,10:13:45,10.26,0.01,4,4104,买盘
1919,10:13:42,10.25,-0.01,25,25625,卖盘
1920,10:13:33,10.26,0.01,30,30780,买盘
1921,10:13:30,10.25,--,1,1025,卖盘
1922,10:13:27,10.25,-0.01,4,4100,卖盘
1923,10:13:15,10.26,--,11,11286,买盘
1924,10:13:12,10.26,0.01,50,51300,买盘
1925,10:13:09,10.25,--,1,1025,卖盘
1926,10:13:06,10.25,-0.01,60,61500,卖盘
1927,10:13:00,10.26,--,55,56430,买盘
1928,10:12:51,10.26,--,15,15390,买盘
1929,10:12:48,10.26,--,23,23598,买盘
1930,10:12:42,10.26,--,26,26676,买盘
1931,10:12:39,10.26,0.01,97,99522,买盘
1932,10:12:36,10.25,-0.01,385,394625,卖盘
1933,10:12:33,10.26,--,438,449388,买盘
1934,10:12:30,10.26,--,150,153900,买盘
1935,10:12:27,10.26,--,15,15390,买盘
1936,10:12:21,10.26,--,20,20520,买盘
1937,10:12:18,10.26,0.01,10,10260,买盘
1938,10:12:15,10.25,--,1,1025,卖盘
1939,10:12:09,10.25,--,1,1025,卖盘
1940,10:11:57,10.25,--,31,31775,卖盘
1941,10:11:54,10.25,--,501,513525,卖盘
1942,10:11:48,10.25,--,5,5125,卖盘
1943,10:11:42,10.25,-0.01,10,10250,卖盘
1944,10:11:36,10.26,--,25,25650,买盘
1945,10:11:30,10.26,0.01,6,6156,买盘
1946,10:11:27,10.25,-0.01,10,10250,卖盘
1947,10:11:24,10.26,--,188,192888,买盘
1948,10:11:21,10.26,0.01,58,59508,买盘
1949,10:11:18,10.25,--,1,1025,卖盘
1950,10:11:12,10.25,--,270,276750,买盘
1951,10:11:06,10.25,--,69,70725,买盘
1952,10:11:00,10.25,0.01,64,65600,买盘
1953,10:10:57,10.24,-0.01,1,1024,卖盘
1954,10:10:54,10.25,--,98,100450,买盘
1955,10:10:48,10.25,--,49,50225,买盘
1956,10:10:45,10.25,--,20,20500,买盘
1957,10:10:36,10.25,0.01,98,100450,买盘
1958,10:10:33,10.24,-0.01,51,52224,卖盘
1959,10:10:30,10.25,0.01,14,14350,买盘
1960,10:10:24,10.24,-0.01,1,1024,卖盘
1961,10:10:21,10.25,--,6,6150,买盘
1962,10:10:18,10.25,--,52,53300,买盘
1963,10:10:15,10.25,0.01,22,22550,买盘
1964,10:10:12,10.24,--,1,1024,卖盘
1965,10:10:03,10.24,-0.01,1,1024,卖盘
1966,10:09:54,10.25,--,67,68675,买盘
1967,10:09:45,10.25,--,2,2050,买盘
1968,10:09:42,10.25,0.01,19,19475,买盘
1969,10:09:39,10.24,--,33,33792,卖盘
1970,10:09:36,10.24,--,73,74752,卖盘
1971,10:09:30,10.24,-0.01,1,1024,卖盘
1972,10:09:24,10.25,--,593,607825,买盘
1973,10:09:21,10.25,--,10,10250,买盘
1974,10:09:15,10.25,--,17,17425,买盘
1975,10:09:09,10.25,0.01,7,7175,买盘
1976,10:09:00,10.24,-0.01,0,860,卖盘
1977,10:08:54,10.25,0.01,1,1025,买盘
1978,10:08:45,10.24,--,12,12288,卖盘
1979,10:08:42,10.24,-0.01,19,19456,卖盘
1980,10:08:39,10.25,--,44,45100,买盘
1981,10:08:27,10.25,--,10,10250,买盘
1982,10:08:24,10.25,--,20,20500,买盘
1983,10:08:21,10.25,--,45,46125,买盘
1984,10:08:18,10.25,--,311,318775,买盘
1985,10:08:15,10.25,0.01,330,338250,买盘
1986,10:08:12,10.24,--,61,62464,卖盘
1987,10:08:09,10.24,--,1,1024,卖盘
1988,10:08:03,10.24,-0.01,10,10240,卖盘
1989,10:07:57,10.25,--,51,52275,买盘
1990,10:07:54,10.25,0.01,3,3075,买盘
1991,10:07:51,10.24,-0.01,1,1024,卖盘
1992,10:07:36,10.25,--,2,2050,买盘
1993,10:07:33,10.25,0.01,10,10250,买盘
1994,10:07:27,10.24,-0.01,124,126976,卖盘
1995,10:07:24,10.25,--,500,512500,买盘
1996,10:07:15,10.25,0.01,15,15375,买盘
1997,10:07:09,10.24,--,22,22528,卖盘
1998,10:07:03,10.24,-0.01,6,6144,卖盘
1999,10:06:57,10.25,0.01,1,1025,买盘
2000,10:06:54,10.24,--,12,12288,卖盘
2001,10:06:51,10.24,-0.01,16,16384,卖盘
2002,10:06:48,10.25,--,56,57400,买盘
2003,10:06:45,10.25,--,10,10250,买盘
2004,10:06:39,10.25,0.01,121,124025,买盘
2005,10:06:33,10.24,-0.01,1,1024,卖盘
2006,10:06:30,10.25,--,24,24600,买盘
2007,10:06:24,10.25,--,10,10250,买盘
2008,10:06:18,10.25,--,12,12300,买盘
2009,10:06:15,10.25,--,20,20500,买盘
2010,10:06:12,10.25,0.01,10,10250,买盘
2011,10:06:06,10.24,--,3,3072,卖盘
2012,10:06:00,10.24,-0.01,15,15360,卖盘
2013,10:05:45,10.25,--,3,3075,买盘
2014,10:05:42,10.25,--,11,11275,买盘
2015,10:05:36,10.25,--,129,132225,买盘
2016,10:05:33,10.25,--,102,104550,买盘
2017,10:05:30,10.25,0.01,66,67650,买盘
2018,10:05:24,10.24,-0.01,28,28672,卖盘
2019,10:05:18,10.25,--,55,56375,买盘
2020,10:05:12,10.25,0.01,20,20500,买盘
2021,10:05:03,10.24,-0.01,90,92160,卖盘
2022,10:04:48,10.25,--,119,121975,买盘
2023,10:04:45,10.25,--,5,5125,买盘
2024,10:04:42,10.25,--,55,56375,买盘
2025,10:04:36,10.25,--,10,10250,买盘
2026,10:04:27,10.25,--,38,38950,买盘
2027,10:04:24,10.25,0.01,24,24600,买盘
2028,10:04:21,10.24,-0.01,1,1146,卖盘
2029,10:04:18,10.25,0.01,835,855875,买盘
2030,10:04:09,10.24,-0.01,4,4096,卖盘
2031,10:04:06,10.25,0.01,7,7175,买盘
2032,10:04:03,10.24,-0.01,30,30720,卖盘
2033,10:04:00,10.25,--,3,3075,买盘
2034,10:03:54,10.25,--,3,3075,买盘
2035,10:03:51,10.25,0.01,3,3075,买盘
2036,10:03:36,10.24,--,5,5120,卖盘
2037,10:03:33,10.24,-0.01,1,1024,卖盘
2038,10:03:30,10.25,0.01,1,1025,买盘
2039,10:03:27,10.24,-0.01,3,3072,卖盘
2040,10:03:18,10.25,--,10,10250,买盘
2041,10:03:15,10.25,0.01,13,13325,买盘
2042,10:03:03,10.24,-0.01,1,1024,卖盘
2043,10:02:42,10.25,--,2,2050,买盘
2044,10:02:39,10.25,--,10,10250,买盘
2045,10:02:33,10.25,--,3,3075,买盘
2046,10:02:30,10.25,--,30,30750,买盘
2047,10:02:24,10.25,--,20,20500,买盘
2048,10:02:21,10.25,--,2,2050,买盘
2049,10:02:03,10.25,--,8,8200,买盘
2050,10:01:57,10.25,--,2,2050,买盘
2051,10:01:45,10.25,--,192,196800,卖盘
2052,10:01:33,10.25,--,1,1025,卖盘
2053,10:01:24,10.25,--,327,335175,买盘
2054,10:01:21,10.25,--,1,1025,买盘
2055,10:01:18,10.25,--,48,49200,买盘
2056,10:01:09,10.25,--,5,5125,买盘
2057,10:01:03,10.25,--,4,4100,买盘
2058,10:01:00,10.25,--,1,1025,买盘
2059,10:00:54,10.25,--,70,71750,买盘
2060,10:00:51,10.25,--,6,6150,买盘
2061,10:00:48,10.25,--,24,24600,买盘
2062,10:00:36,10.25,--,120,123000,买盘
2063,10:00:33,10.25,--,90,92250,买盘
2064,10:00:24,10.25,--,75,76875,买盘
2065,10:00:21,10.25,0.01,1,1025,买盘
2066,10:00:18,10.24,-0.01,89,91136,卖盘
2067,10:00:15,10.25,--,63,64575,买盘
2068,10:00:12,10.25,--,80,82000,买盘
2069,10:00:09,10.25,--,257,263425,买盘
2070,10:00:06,10.25,0.01,215,220375,买盘
2071,10:00:03,10.24,-0.01,1,1024,卖盘
2072,09:59:54,10.25,0.01,67,68675,买盘
2073,09:59:48,10.24,-0.01,30,30720,卖盘
2074,09:59:45,10.25,--,5,5125,买盘
2075,09:59:42,10.25,0.01,6,6150,买盘
2076,09:59:33,10.24,-0.01,1,1024,卖盘
2077,09:59:27,10.25,--,87,89175,买盘
2078,09:59:24,10.25,--,11,11275,买盘
2079,09:59:18,10.25,--,13,13325,买盘
2080,09:59:15,10.25,--,65,66625,买盘
2081,09:59:06,10.25,0.01,10,10250,买盘
2082,09:59:03,10.24,--,1,1024,卖盘
2083,09:58:57,10.24,--,26,26624,卖盘
2084,09:58:42,10.24,-0.01,50,51200,卖盘
2085,09:58:39,10.25,0.01,70,71750,买盘
2086,09:58:33,10.24,-0.01,1,1024,卖盘
2087,09:58:30,10.25,--,6,6150,买盘
2088,09:58:27,10.25,--,72,73800,买盘
2089,09:58:15,10.25,0.01,2,2050,买盘
2090,09:58:03,10.24,--,1,1024,卖盘
2091,09:57:45,10.24,0.01,26,26839,买盘
2092,09:57:36,10.23,-0.01,12,12276,卖盘
2093,09:57:33,10.24,--,11,11264,买盘
2094,09:57:27,10.24,--,100,102400,买盘
2095,09:57:18,10.24,-0.01,386,395376,卖盘
2096,09:57:12,10.25,--,34,34850,买盘
2097,09:57:09,10.25,--,16,16400,卖盘
2098,09:57:03,10.25,--,1,1025,卖盘
2099,09:57:00,10.25,-0.01,200,205000,卖盘
2100,09:56:57,10.26,--,131,134406,买盘
2101,09:56:48,10.26,--,258,264708,买盘
2102,09:56:36,10.26,0.01,6,6156,买盘
2103,09:56:33,10.25,--,155,158875,卖盘
2104,09:56:30,10.25,-0.01,100,102500,卖盘
2105,09:56:24,10.26,--,19,19494,买盘
2106,09:56:21,10.26,0.01,2,2052,买盘
2107,09:56:18,10.25,-0.01,2,2050,卖盘
2108,09:56:06,10.26,0.01,14,14364,买盘
2109,09:56:03,10.25,--,1,1025,卖盘
2110,09:55:57,10.25,--,110,112750,卖盘
2111,09:55:54,10.25,--,20,20500,卖盘
2112,09:55:48,10.25,-0.01,10,10250,卖盘
2113,09:55:42,10.26,0.01,31,31806,买盘
2114,09:55:39,10.25,--,35,35875,卖盘
2115,09:55:36,10.25,--,29,29725,卖盘
2116,09:55:33,10.25,-0.01,13,13325,卖盘
2117,09:55:21,10.26,--,54,55404,买盘
2118,09:55:18,10.26,--,49,50274,买盘
2119,09:55:15,10.26,--,207,212382,买盘
2120,09:55:12,10.26,--,3,3078,买盘
2121,09:55:09,10.26,0.01,18,18468,买盘
2122,09:55:06,10.25,--,27,27675,卖盘
2123,09:55:03,10.25,-0.01,1,1025,卖盘
2124,09:54:57,10.26,0.01,6,6156,买盘
2125,09:54:51,10.25,-0.01,10,10250,卖盘
2126,09:54:48,10.26,0.01,36,36936,买盘
2127,09:54:45,10.25,--,10,10250,买盘
2128,09:54:36,10.25,--,3,3075,买盘
2129,09:54:33,10.25,--,29,29725,卖盘
2130,09:54:24,10.25,--,20,20500,买盘
2131,09:54:21,10.25,--,10,10250,买盘
2132,09:54:15,10.25,--,116,118900,买盘
2133,09:54:12,10.25,--,87,89175,买盘
2134,09:54:09,10.25,--,649,665225,买盘
2135,09:54:06,10.25,0.01,86,88150,买盘
2136,09:54:03,10.24,--,476,487424,卖盘
2137,09:54:00,10.24,--,58,60303,买盘
2138,09:53:57,10.24,--,509,521216,买盘
2139,09:53:54,10.24,--,13,13312,买盘
2140,09:53:51,10.24,--,90,92160,买盘
2141,09:53:48,10.24,--,49,50176,买盘
2142,09:53:45,10.24,--,188,192512,买盘
2143,09:53:36,10.24,--,127,130048,买盘
2144,09:53:33,10.24,0.01,25,25600,买盘
2145,09:53:27,10.23,-0.01,30,30690,卖盘
2146,09:53:12,10.24,--,3,3072,买盘
2147,09:52:42,10.24,0.01,10,10240,买盘
2148,09:52:36,10.23,-0.01,6,6138,卖盘
2149,09:52:33,10.24,0.01,10,10240,买盘
2150,09:52:30,10.23,--,98,100254,卖盘
2151,09:52:27,10.23,-0.01,5,5115,卖盘
2152,09:52:21,10.24,--,1,1024,买盘
2153,09:52:12,10.24,--,5,5120,买盘
2154,09:52:09,10.24,0.01,11,11264,买盘
2155,09:51:54,10.23,--,1,1023,卖盘
2156,09:51:51,10.23,--,14,14322,卖盘
2157,09:51:36,10.23,-0.01,15,15345,卖盘
2158,09:51:30,10.24,--,40,40960,买盘
2159,09:51:24,10.24,--,6,6144,买盘
2160,09:51:15,10.24,--,5,5120,买盘
2161,09:51:09,10.24,0.01,32,32768,买盘
2162,09:51:06,10.23,-0.01,89,91047,卖盘
2163,09:51:03,10.24,--,277,283648,买盘
2164,09:50:27,10.24,0.02,100,102400,买盘
2165,09:50:24,10.22,-0.01,56,57232,卖盘
2166,09:50:21,10.23,--,3,3069,卖盘
2167,09:50:15,10.23,-0.01,20,20460,卖盘
2168,09:50:12,10.24,0.01,6,6144,买盘
2169,09:50:09,10.23,--,39,39897,卖盘
2170,09:50:06,10.23,-0.01,84,85932,卖盘
2171,09:49:51,10.24,0.01,60,61440,买盘
2172,09:49:48,10.23,-0.01,166,169818,卖盘
2173,09:49:42,10.24,0.01,1,1024,买盘
2174,09:49:39,10.23,--,10,10230,卖盘
2175,09:49:33,10.23,--,15,15345,卖盘
2176,09:49:18,10.23,0.01,18,18414,卖盘
2177,09:49:06,10.22,-0.01,1003,1025066,卖盘
2178,09:49:00,10.23,--,6,6138,买盘
2179,09:48:54,10.23,--,14,14322,买盘
2180,09:48:48,10.23,--,46,47058,买盘
2181,09:48:36,10.23,0.01,10,10230,买盘
2182,09:48:30,10.22,-0.02,100,102200,卖盘
2183,09:48:21,10.24,0.01,1000,1024000,买盘
2184,09:48:15,10.23,0.01,29,29667,买盘
2185,09:48:09,10.22,-0.01,85,86870,卖盘
2186,09:48:06,10.23,--,6,6138,买盘
2187,09:48:00,10.23,--,9,9207,买盘
2188,09:47:57,10.23,--,50,51150,买盘
2189,09:47:51,10.23,--,28,28644,买盘
2190,09:47:48,10.23,-0.01,106,108438,卖盘
2191,09:47:33,10.24,0.02,1000,1024000,买盘
2192,09:47:30,10.22,--,8,8482,卖盘
2193,09:47:21,10.22,--,20,20440,卖盘
2194,09:47:15,10.22,--,2,2227,买盘
2195,09:47:12,10.22,0.01,9,9198,买盘
2196,09:47:09,10.21,-0.01,3,3063,卖盘
2197,09:47:06,10.22,--,12,12264,买盘
2198,09:47:00,10.22,--,100,102200,买盘
2199,09:46:57,10.22,--,20,20440,买盘
2200,09:46:54,10.22,--,8,8176,买盘
2201,09:46:51,10.22,--,30,30660,买盘
2202,09:46:48,10.22,--,20,20440,买盘
2203,09:46:42,10.22,--,26,26572,买盘
2204,09:46:39,10.22,--,6,6132,买盘
2205,09:46:36,10.22,--,5,5110,买盘
2206,09:46:33,10.22,--,13,13286,买盘
2207,09:46:30,10.22,--,40,40880,买盘
2208,09:46:24,10.22,--,15,15330,买盘
2209,09:46:21,10.22,--,20,20440,买盘
2210,09:46:18,10.22,--,17,17374,买盘
2211,09:46:15,10.22,0.01,31,31682,买盘
2212,09:46:12,10.21,--,10,10210,卖盘
2213,09:46:00,10.21,-0.01,50,51050,卖盘
2214,09:45:57,10.22,--,4,4088,买盘
2215,09:45:54,10.22,--,58,59276,买盘
2216,09:45:51,10.22,--,74,75628,买盘
2217,09:45:48,10.22,0.01,490,500780,买盘
2218,09:45:45,10.21,-0.01,5,5105,卖盘
2219,09:45:33,10.22,--,19,19418,买盘
2220,09:45:30,10.22,--,20,20440,买盘
2221,09:45:27,10.22,--,16,16352,买盘
2222,09:45:24,10.22,--,1,1022,买盘
2223,09:45:21,10.22,--,3,3066,买盘
2224,09:45:18,10.22,--,49,50078,买盘
2225,09:45:12,10.22,--,28,28616,买盘
2226,09:45:06,10.22,0.01,11,11242,买盘
2227,09:45:00,10.21,-0.01,10,10210,卖盘
2228,09:44:57,10.22,--,1,1022,买盘
2229,09:44:54,10.22,--,3,3066,买盘
2230,09:44:42,10.22,--,60,61320,买盘
2231,09:44:39,10.22,0.01,26,26572,买盘
2232,09:44:36,10.21,--,1,1021,卖盘
2233,09:44:33,10.21,-0.01,224,228704,卖盘
2234,09:44:30,10.22,0.01,2,2044,买盘
2235,09:44:24,10.21,-0.01,5,5105,卖盘
2236,09:44:21,10.22,--,4,4088,买盘
2237,09:44:18,10.22,--,66,67452,买盘
2238,09:44:15,10.22,--,6,6132,买盘
2239,09:44:12,10.22,--,23,23506,买盘
2240,09:44:09,10.22,--,30,30660,买盘
2241,09:44:06,10.22,0.01,5,5110,买盘
2242,09:44:03,10.21,--,20,20420,卖盘
2243,09:44:00,10.21,--,39,39819,卖盘
2244,09:43:42,10.21,--,20,20420,卖盘
2245,09:43:39,10.21,-0.01,10,10210,卖盘
2246,09:43:36,10.22,--,10,10220,买盘
2247,09:43:30,10.22,--,78,79716,买盘
2248,09:43:24,10.22,-0.01,267,273712,卖盘
2249,09:43:12,10.23,--,10,10230,买盘
2250,09:43:06,10.23,0.01,20,20460,买盘
2251,09:43:03,10.22,--,77,78694,卖盘
2252,09:42:57,10.22,--,10,10220,卖盘
2253,09:42:54,10.22,0.01,378,386499,买盘
2254,09:42:45,10.21,--,10,10210,卖盘
2255,09:42:42,10.21,-0.01,13,13273,卖盘
2256,09:42:36,10.22,--,60,61320,买盘
2257,09:42:30,10.22,0.01,8,8176,买盘
2258,09:42:24,10.21,-0.01,20,20420,卖盘
2259,09:42:21,10.22,0.01,10,10220,买盘
2260,09:42:18,10.21,--,18,18378,卖盘
2261,09:42:12,10.21,-0.01,17,17357,卖盘
2262,09:42:06,10.22,--,10,10220,买盘
2263,09:42:00,10.22,--,5,5110,买盘
2264,09:41:57,10.22,--,19,19418,买盘
2265,09:41:54,10.22,--,6,6132,买盘
2266,09:41:51,10.22,0.01,130,132860,买盘
2267,09:41:48,10.21,-0.01,2,2042,卖盘
2268,09:41:45,10.22,0.01,51,52122,买盘
2269,09:41:42,10.21,-0.01,30,30630,卖盘
2270,09:41:33,10.22,--,71,72562,买盘
2271,09:41:24,10.22,0.01,10,10220,买盘
2272,09:41:21,10.21,-0.01,135,137835,卖盘
2273,09:41:15,10.22,--,152,155344,买盘
2274,09:41:12,10.22,--,7,7154,买盘
2275,09:41:09,10.22,--,169,172718,买盘
2276,09:41:06,10.22,--,20,20440,买盘
2277,09:41:03,10.22,--,740,756402,卖盘
2278,09:41:00,10.22,-0.01,2,2044,卖盘
2279,09:40:54,10.23,0.01,20,20460,买盘
2280,09:40:51,10.22,-0.01,40,40880,卖盘
2281,09:40:48,10.23,--,8,8184,买盘
2282,09:40:42,10.23,0.01,6,6138,买盘
2283,09:40:33,10.22,--,31,31682,卖盘
2284,09:40:21,10.22,--,1,1022,卖盘
2285,09:40:12,10.22,--,77,78694,卖盘
2286,09:40:03,10.22,-0.01,1,1022,卖盘
2287,09:39:54,10.23,0.01,12,12276,买盘
2288,09:39:51,10.22,--,315,322461,卖盘
2289,09:39:45,10.22,-0.01,90,91980,卖盘
2290,09:39:39,10.23,--,8,8184,买盘
2291,09:39:36,10.23,--,28,28644,买盘
2292,09:39:33,10.23,--,6,6138,买盘
2293,09:39:30,10.23,0.01,153,156519,买盘
2294,09:39:27,10.22,-0.01,5,5110,卖盘
2295,09:39:24,10.23,0.01,25,25575,买盘
2296,09:39:21,10.22,-0.01,27,27594,卖盘
2297,09:39:18,10.23,--,25,25575,买盘
2298,09:39:15,10.23,0.01,100,102300,买盘
2299,09:39:09,10.22,-0.01,50,51100,卖盘
2300,09:39:06,10.23,0.01,20,20460,买盘
2301,09:39:00,10.22,--,346,353979,买盘
2302,09:38:57,10.22,--,120,122640,买盘
2303,09:38:54,10.22,--,11,11242,买盘
2304,09:38:51,10.22,--,188,192136,买盘
2305,09:38:48,10.22,--,70,71540,买盘
2306,09:38:45,10.22,--,11,11242,买盘
2307,09:38:42,10.22,--,4,4088,买盘
2308,09:38:39,10.22,--,63,64386,买盘
2309,09:38:33,10.22,0.01,20,20440,买盘
2310,09:38:27,10.21,-0.01,77,78617,卖盘
2311,09:38:24,10.22,--,81,82782,买盘
2312,09:38:21,10.22,0.01,6,6132,买盘
2313,09:38:15,10.21,-0.01,30,30630,中性盘
2314,09:38:09,10.22,0.01,49,50078,买盘
2315,09:38:06,10.21,--,39,39819,买盘
2316,09:38:03,10.21,--,102,104142,买盘
2317,09:38:00,10.21,--,30,30630,买盘
2318,09:37:57,10.21,--,191,195011,买盘
2319,09:37:54,10.21,--,32,32672,买盘
2320,09:37:51,10.21,--,863,881123,买盘
2321,09:37:48,10.21,--,55,56155,买盘
2322,09:37:42,10.21,0.01,93,94953,买盘
2323,09:37:39,10.2,-0.01,243,247859,卖盘
2324,09:37:33,10.21,0.01,511,521731,买盘
2325,09:37:30,10.2,--,961,980342,买盘
2326,09:37:27,10.2,0.01,989,1008779,买盘
2327,09:37:24,10.19,--,89,90691,卖盘
2328,09:37:21,10.19,-0.01,107,109033,卖盘
2329,09:37:18,10.2,--,84,85680,买盘
2330,09:37:15,10.2,--,18,18360,买盘
2331,09:37:12,10.2,--,58,59159,买盘
2332,09:37:09,10.2,--,16,16319,买盘
2333,09:37:06,10.2,--,97,98940,买盘
2334,09:37:03,10.2,--,52,53039,买盘
2335,09:37:00,10.2,--,41,41820,买盘
2336,09:36:51,10.2,0.01,88,89760,买盘
2337,09:36:48,10.19,--,96,97824,卖盘
2338,09:36:45,10.19,--,341,347479,卖盘
2339,09:36:42,10.19,-0.01,143,145717,卖盘
2340,09:36:39,10.2,--,25,25500,买盘
2341,09:36:33,10.2,0.01,30,30599,买盘
2342,09:36:27,10.19,--,43,43817,卖盘
2343,09:36:24,10.19,-0.01,3,3057,卖盘
2344,09:36:21,10.2,--,22,22450,买盘
2345,09:36:18,10.2,--,20,20400,买盘
2346,09:36:15,10.2,0.01,223,227459,买盘
2347,09:36:12,10.19,-0.01,1050,1069950,卖盘
2348,09:36:09,10.2,0.01,20,20400,买盘
2349,09:36:06,10.19,--,84,85596,卖盘
2350,09:36:03,10.19,-0.01,64,65216,卖盘
2351,09:36:00,10.2,--,29,29579,买盘
2352,09:35:57,10.2,--,55,56099,买盘
2353,09:35:51,10.2,--,198,201960,买盘
2354,09:35:48,10.2,0.01,72,73440,买盘
2355,09:35:45,10.19,-0.01,140,142660,卖盘
2356,09:35:42,10.2,0.01,16,16319,买盘
2357,09:35:39,10.19,-0.01,190,193610,卖盘
2358,09:35:36,10.2,--,10,10200,买盘
2359,09:35:33,10.2,--,83,84660,买盘
2360,09:35:30,10.2,--,10,10200,买盘
2361,09:35:24,10.2,--,19,19380,买盘
2362,09:35:21,10.2,0.01,20,20400,买盘
2363,09:35:18,10.19,--,10,10190,卖盘
2364,09:35:15,10.19,-0.01,70,71330,卖盘
2365,09:35:12,10.2,--,40,40800,买盘
2366,09:35:09,10.2,--,5,5100,买盘
2367,09:35:06,10.2,--,19,19380,买盘
2368,09:35:03,10.2,--,27,27539,买盘
2369,09:35:00,10.2,-0.01,926,945417,卖盘
2370,09:34:57,10.21,--,29,29609,买盘
2371,09:34:54,10.21,0.01,97,99037,买盘
2372,09:34:51,10.2,--,49,49980,卖盘
2373,09:34:48,10.2,-0.01,17,17340,卖盘
2374,09:34:45,10.21,--,12,12252,买盘
2375,09:34:42,10.21,--,352,359392,买盘
2376,09:34:39,10.21,--,1485,1516307,买盘
2377,09:34:36,10.21,0.01,10,10210,买盘
2378,09:34:30,10.2,--,5,5100,卖盘
2379,09:34:27,10.2,--,28,28559,卖盘
2380,09:34:24,10.2,-0.01,10,10200,卖盘
2381,09:34:21,10.21,--,28,28588,买盘
2382,09:34:18,10.21,0.01,10,10210,买盘
2383,09:34:15,10.2,--,11,11220,卖盘
2384,09:34:03,10.2,0.01,1,1019,卖盘
2385,09:33:57,10.19,-0.01,10,10190,卖盘
2386,09:33:54,10.2,--,1252,1277754,买盘
2387,09:33:48,10.2,--,5,5100,买盘
2388,09:33:45,10.2,--,10,10200,买盘
2389,09:33:42,10.2,--,71,72420,买盘
2390,09:33:39,10.2,--,25,25500,买盘
2391,09:33:36,10.2,--,26,26519,买盘
2392,09:33:33,10.2,--,8,8159,买盘
2393,09:33:30,10.2,--,22,22440,买盘
2394,09:33:27,10.2,-0.01,1609,1641180,卖盘
2395,09:33:24,10.21,0.01,10,10210,买盘
2396,09:33:21,10.2,-0.01,1,1019,卖盘
2397,09:33:18,10.21,0.01,510,520710,买盘
2398,09:33:15,10.2,-0.01,20,20400,卖盘
2399,09:33:12,10.21,--,51,52071,买盘
2400,09:33:06,10.21,--,2,2042,买盘
2401,09:33:00,10.21,--,5,5105,买盘
2402,09:32:57,10.21,--,2,2042,买盘
2403,09:32:54,10.21,--,40,40840,买盘
2404,09:32:51,10.21,-0.01,1655,1690326,卖盘
2405,09:32:48,10.22,0.01,1,1022,买盘
2406,09:32:45,10.21,--,162,165402,卖盘
2407,09:32:42,10.21,-0.01,26,26546,卖盘
2408,09:32:39,10.22,--,105,107310,买盘
2409,09:32:36,10.22,0.01,74,75628,买盘
2410,09:32:33,10.21,-0.01,105,107205,卖盘
2411,09:32:30,10.22,--,29,29638,买盘
2412,09:32:27,10.22,0.01,18,18396,买盘
2413,09:32:24,10.21,--,65,66365,卖盘
2414,09:32:21,10.21,-0.01,109,111289,卖盘
2415,09:32:15,10.22,0.01,60,61320,买盘
2416,09:32:12,10.21,-0.01,48,49008,卖盘
2417,09:32:06,10.22,--,21,21462,买盘
2418,09:32:03,10.22,--,47,48483,买盘
2419,09:32:00,10.22,0.01,34,34748,买盘
2420,09:31:57,10.21,-0.01,195,199095,卖盘
2421,09:31:54,10.22,--,93,95046,买盘
2422,09:31:51,10.22,--,132,134904,买盘
2423,09:31:48,10.22,0.01,23,23506,买盘
2424,09:31:45,10.21,-0.01,11,11231,卖盘
2425,09:31:42,10.22,--,27,27594,买盘
2426,09:31:36,10.22,--,16,16352,买盘
2427,09:31:33,10.22,--,59,60298,买盘
2428,09:31:30,10.22,0.01,29,29638,买盘
2429,09:31:27,10.21,-0.01,35,35735,卖盘
2430,09:31:21,10.22,--,62,63364,卖盘
2431,09:31:18,10.22,--,10,10220,卖盘
2432,09:31:15,10.22,--,110,112420,卖盘
2433,09:31:09,10.22,0.01,20,20440,中性盘
2434,09:31:06,10.21,-0.01,435,444135,卖盘
2435,09:31:03,10.22,--,288,294336,买盘
2436,09:31:00,10.22,0.01,117,119574,买盘
2437,09:30:57,10.21,-0.01,28,28588,卖盘
2438,09:30:51,10.22,0.01,7,7154,买盘
2439,09:30:45,10.21,--,45,45945,卖盘
2440,09:30:39,10.21,--,57,58197,卖盘
2441,09:30:33,10.21,-0.01,199,203179,卖盘
2442,09:30:30,10.22,0.01,51,52122,买盘
2443,09:30:24,10.21,-0.01,16,16336,卖盘
2444,09:30:18,10.22,--,35,35770,买盘
2445,09:30:15,10.22,--,6,6132,买盘
2446,09:30:12,10.22,--,182,186004,买盘
2447,09:30:06,10.22,--,871,890162,买盘
2448,09:30:03,10.22,-0.02,1733,1771126,卖盘
2449,09:30:00,10.24,--,0,0,买盘
2450,09:25:03,10.24,10.24,1525,1561600,买盘
