,time,price,change,volume,amount,type
0,15:00:03,6.7,0.01,575,385906,买盘
1,14:57:00,6.69,--,7,4683,卖盘
2,14:56:57,6.69,-0.01,15,10035,卖盘
3,14:56:54,6.7,--,50,33500,买盘
4,14:56:51,6.7,--,30,20100,买盘
5,14:56:48,6.7,--,24,16080,买盘
6,14:56:45,6.7,--,5,3350,买盘
7,14:56:21,6.7,--,8,5360,买盘
8,14:56:18,6.7,--,3,2010,买盘
9,14:56:15,6.7,--,38,25460,买盘
10,14:56:12,6.7,0.01,100,67000,买盘
11,14:56:09,6.69,--,3,2007,卖盘
12,14:56:03,6.69,-0.01,41,27429,卖盘
13,14:55:57,6.7,--,40,26800,买盘
14,14:55:48,6.7,--,30,20100,买盘
15,14:55:33,6.7,--,8,5360,买盘
16,14:55:30,6.7,--,99,66330,卖盘
17,14:55:27,6.7,--,5,3350,卖盘
18,14:55:24,6.7,--,5,3350,卖盘
19,14:55:21,6.7,-0.01,6,4020,卖盘
20,14:55:15,6.71,0.01,12,8052,买盘
21,14:55:12,6.7,--,30,20100,卖盘
22,14:55:00,6.7,--,22,14740,卖盘
23,14:54:48,6.7,--,13,8710,卖盘
24,14:54:45,6.7,--,20,13400,卖盘
25,14:54:39,6.7,-0.01,29,19430,中性盘
26,14:54:24,6.71,0.01,338,226798,买盘
27,14:54:21,6.7,--,8,5360,买盘
28,14:54:18,6.7,--,48,32160,卖盘
29,14:54:15,6.7,-0.01,7,4690,卖盘
30,14:54:12,6.71,0.01,6,4026,买盘
31,14:54:06,6.7,--,8,5360,卖盘
32,14:54:03,6.7,--,4,2680,卖盘
33,14:54:00,6.7,--,9,6030,买盘
34,14:53:54,6.7,--,57,38190,买盘
35,14:53:51,6.7,--,27,18090,买盘
36,14:53:48,6.7,--,50,33500,买盘
37,14:53:36,6.7,--,3,2010,买盘
38,14:53:12,6.7,--,3,2010,买盘
39,14:52:57,6.7,--,85,56950,买盘
40,14:52:54,6.7,--,240,160800,买盘
41,14:52:51,6.7,--,22,14740,买盘
42,14:52:45,6.7,--,9,6030,买盘
43,14:52:36,6.7,-0.01,10,6700,中性盘
44,14:52:18,6.71,0.01,288,193248,买盘
45,14:52:15,6.7,--,245,164237,卖盘
46,14:52:12,6.7,--,200,134000,卖盘
47,14:52:03,6.7,0.02,294,197562,买盘
48,14:52:00,6.68,-0.02,1,668,中性盘
49,14:51:45,6.7,--,403,270097,卖盘
50,14:51:42,6.7,--,56,37520,卖盘
51,14:51:33,6.7,--,2,1340,卖盘
52,14:51:30,6.7,--,18,12060,卖盘
53,14:51:27,6.7,--,294,197562,买盘
54,14:51:24,6.7,--,18,12060,买盘
55,14:51:18,6.7,0.03,20,13400,买盘
56,14:51:15,6.67,-0.03,10,6670,卖盘
57,14:50:57,6.7,--,36,24120,买盘
58,14:50:45,6.7,0.02,741,496470,买盘
59,14:50:36,6.68,--,10,6680,买盘
60,14:50:21,6.68,0.02,37,24716,买盘
61,14:50:12,6.66,-0.01,40,26640,卖盘
62,14:50:09,6.67,--,8,5929,买盘
63,14:49:54,6.67,--,1,667,买盘
64,14:49:51,6.67,-0.01,62,41354,卖盘
65,14:49:45,6.68,--,2,1336,买盘
66,14:49:39,6.68,0.01,20,13360,买盘
67,14:49:36,6.67,--,30,20010,卖盘
68,14:49:30,6.67,--,164,109388,卖盘
69,14:49:21,6.67,--,5,3335,卖盘
70,14:49:12,6.67,--,42,28014,卖盘
71,14:49:06,6.67,--,20,13340,卖盘
72,14:49:00,6.67,--,5,3335,卖盘
73,14:48:48,6.67,--,2,1334,卖盘
74,14:48:36,6.67,--,1,667,卖盘
75,14:48:33,6.67,-0.02,5,3335,卖盘
76,14:48:30,6.69,--,30,20070,买盘
77,14:48:27,6.69,0.02,6,4014,买盘
78,14:48:24,6.67,--,28,18676,卖盘
79,14:48:09,6.67,--,7,4669,卖盘
80,14:47:48,6.67,--,130,86710,卖盘
81,14:47:36,6.67,-0.01,40,26680,卖盘
82,14:47:09,6.68,-0.01,291,194461,卖盘
83,14:46:48,6.69,--,8,5352,买盘
84,14:46:36,6.69,--,2,1338,买盘
85,14:46:30,6.69,--,2,1338,买盘
86,14:46:27,6.69,--,8,5352,买盘
87,14:46:18,6.69,--,50,33450,买盘
88,14:45:51,6.69,--,12,8028,买盘
89,14:45:42,6.69,--,94,62886,卖盘
90,14:45:33,6.69,--,7,4683,卖盘
91,14:45:24,6.69,--,150,100350,卖盘
92,14:45:15,6.69,--,91,60879,买盘
93,14:44:54,6.69,--,67,44823,买盘
94,14:44:48,6.69,--,18,12042,卖盘
95,14:44:45,6.69,-0.01,5,3345,卖盘
96,14:44:42,6.7,0.01,15,10050,买盘
97,14:44:39,6.69,--,1,669,买盘
98,14:44:33,6.69,--,8,5352,买盘
99,14:44:30,6.69,--,30,20070,买盘
100,14:44:27,6.69,--,5,3345,买盘
101,14:44:00,6.69,-0.01,18,12042,卖盘
102,14:43:54,6.7,0.02,3,2010,买盘
103,14:43:48,6.68,-0.02,300,200400,卖盘
104,14:43:36,6.7,0.01,86,57620,买盘
105,14:43:30,6.69,--,6,4014,卖盘
106,14:43:24,6.69,--,50,33450,卖盘
107,14:43:21,6.69,-0.01,8,5352,卖盘
108,14:43:12,6.7,0.01,8,5360,买盘
109,14:43:09,6.69,-0.01,50,33450,卖盘
110,14:43:03,6.7,0.01,3,2010,买盘
111,14:43:00,6.69,-0.01,61,40809,卖盘
112,14:42:48,6.7,--,20,13400,买盘
113,14:42:42,6.7,--,7,4690,买盘
114,14:42:33,6.7,--,10,6700,买盘
115,14:42:12,6.7,--,7,4690,卖盘
116,14:42:03,6.7,--,3,2010,买盘
117,14:41:42,6.7,-0.01,2,1340,中性盘
118,14:41:15,6.71,0.01,33,22143,买盘
119,14:41:09,6.7,--,10,6700,买盘
120,14:41:03,6.7,--,13,8710,买盘
121,14:41:00,6.7,-0.01,1172,785240,卖盘
122,14:40:57,6.71,--,10,6710,买盘
123,14:40:51,6.71,--,8,5368,买盘
124,14:40:48,6.71,--,7,4697,买盘
125,14:40:42,6.71,--,61,40931,卖盘
126,14:40:39,6.71,-0.01,5,3355,卖盘
127,14:40:12,6.72,0.01,7,4704,买盘
128,14:40:06,6.71,--,1,671,卖盘
129,14:39:57,6.71,--,38,25498,买盘
130,14:39:54,6.71,--,22,14762,买盘
131,14:39:51,6.71,0.01,44,29524,买盘
132,14:39:39,6.7,--,34,22780,买盘
133,14:39:36,6.7,--,50,33500,买盘
134,14:39:24,6.7,--,20,13400,买盘
135,14:39:21,6.7,--,100,67000,买盘
136,14:39:15,6.7,--,8,5360,买盘
137,14:38:36,6.7,-0.01,193,129310,卖盘
138,14:38:27,6.71,-0.01,244,163724,卖盘
139,14:38:12,6.72,--,5,3360,买盘
140,14:38:06,6.72,0.01,49,32928,买盘
141,14:37:57,6.71,--,10,6710,卖盘
142,14:37:54,6.71,--,45,30195,卖盘
143,14:37:45,6.71,-0.01,10,6710,卖盘
144,14:37:42,6.72,--,13,8736,买盘
145,14:37:39,6.72,0.01,3,2016,买盘
146,14:37:30,6.71,0.01,105,70455,买盘
147,14:37:27,6.7,-0.01,1,670,卖盘
148,14:37:12,6.71,--,1,671,买盘
149,14:37:06,6.71,--,5,3355,买盘
150,14:37:03,6.71,--,13,8723,买盘
151,14:36:51,6.71,--,43,28853,买盘
152,14:36:48,6.71,0.01,25,16775,买盘
153,14:36:45,6.7,-0.01,26,17688,卖盘
154,14:36:39,6.71,0.01,1,671,买盘
155,14:36:33,6.7,--,10,6700,卖盘
156,14:36:27,6.7,--,298,200062,买盘
157,14:36:21,6.7,--,687,460290,买盘
158,14:36:00,6.7,0.01,107,71690,买盘
159,14:35:51,6.69,--,15,10035,买盘
160,14:35:09,6.69,--,10,6690,买盘
161,14:34:57,6.69,--,190,127110,卖盘
162,14:33:15,6.69,-0.01,1,669,卖盘
163,14:33:00,6.7,--,2,1340,买盘
164,14:32:57,6.7,--,40,26800,买盘
165,14:32:39,6.7,--,12,8040,买盘
166,14:32:12,6.7,0.01,10,6700,买盘
167,14:31:24,6.69,0.01,5,3345,买盘
168,14:31:18,6.68,-0.02,1,668,卖盘
169,14:30:06,6.7,0.01,115,77050,买盘
170,14:29:24,6.69,0.01,5,3345,买盘
171,14:29:21,6.68,-0.01,50,33400,卖盘
172,14:29:18,6.69,--,10,6690,买盘
173,14:29:06,6.69,--,11,7359,卖盘
174,14:28:57,6.69,--,20,13380,卖盘
175,14:28:45,6.69,-0.01,1,669,卖盘
176,14:28:15,6.7,--,230,154100,买盘
177,14:27:42,6.7,--,6,4020,买盘
178,14:27:36,6.7,--,1,670,买盘
179,14:26:09,6.7,0.01,10,6700,买盘
180,14:25:54,6.69,--,60,40140,卖盘
181,14:25:51,6.69,--,10,6690,卖盘
182,14:25:39,6.69,-0.01,10,6690,卖盘
183,14:25:36,6.7,0.01,5,3350,买盘
184,14:25:30,6.69,-0.01,20,13380,卖盘
185,14:25:18,6.7,0.01,3,2010,买盘
186,14:25:15,6.69,--,18,12042,卖盘
187,14:24:57,6.69,-0.01,59,39471,卖盘
188,14:24:45,6.7,--,25,16750,买盘
189,14:24:30,6.7,--,28,18760,买盘
190,14:24:06,6.7,--,66,44220,卖盘
191,14:24:00,6.7,-0.01,100,67000,卖盘
192,14:23:57,6.71,0.01,30,20130,买盘
193,14:23:39,6.7,--,64,42880,买盘
194,14:23:36,6.7,--,92,61640,买盘
195,14:23:27,6.7,--,2,1340,买盘
196,14:23:24,6.7,--,2,1340,买盘
197,14:22:48,6.7,--,3,2010,买盘
198,14:22:42,6.7,--,13,8710,买盘
199,14:22:15,6.7,0.01,5,3350,买盘
200,14:22:12,6.69,-0.01,1,669,卖盘
201,14:22:09,6.7,-0.01,15,10050,卖盘
202,14:22:00,6.71,0.01,20,13420,买盘
203,14:21:54,6.7,--,45,30150,买盘
204,14:21:45,6.7,--,14,9380,买盘
205,14:21:33,6.7,--,5,3350,买盘
206,14:21:21,6.7,--,70,46900,买盘
207,14:20:54,6.7,--,9,6030,买盘
208,14:20:33,6.7,--,6,4020,买盘
209,14:20:24,6.7,--,51,34170,卖盘
210,14:20:15,6.7,-0.01,107,71690,卖盘
211,14:20:00,6.71,--,1,671,买盘
212,14:19:57,6.71,0.01,31,20801,买盘
213,14:19:45,6.7,0.01,43,28810,买盘
214,14:19:42,6.69,-0.01,106,70914,卖盘
215,14:19:39,6.7,--,9,6030,买盘
216,14:19:36,6.7,--,8,5360,买盘
217,14:19:30,6.7,--,4,2680,卖盘
218,14:19:27,6.7,--,62,41540,买盘
219,14:19:21,6.7,--,20,13400,买盘
220,14:19:12,6.7,--,1,670,买盘
221,14:19:00,6.7,-0.01,17,11390,卖盘
222,14:18:57,6.71,0.01,10,6710,买盘
223,14:18:48,6.7,--,3,2010,买盘
224,14:18:39,6.7,--,5,3350,买盘
225,14:18:33,6.7,--,10,6700,买盘
226,14:18:27,6.7,--,20,13400,买盘
227,14:18:21,6.7,--,3,2010,买盘
228,14:18:18,6.7,--,110,73700,买盘
229,14:17:57,6.7,0.01,74,49580,买盘
230,14:17:33,6.69,-0.01,6,4014,卖盘
231,14:17:30,6.7,--,28,18760,买盘
232,14:17:03,6.7,--,7,4690,买盘
233,14:16:57,6.7,--,51,34170,卖盘
234,14:16:48,6.7,--,33,22110,卖盘
235,14:16:45,6.7,--,10,6700,卖盘
236,14:16:24,6.7,--,38,25460,买盘
237,14:16:21,6.7,--,20,13400,买盘
238,14:16:03,6.7,--,17,11390,买盘
239,14:15:54,6.7,--,28,18760,卖盘
240,14:15:51,6.7,-0.01,2,1340,中性盘
241,14:15:48,6.71,--,51,34221,买盘
242,14:15:45,6.71,0.01,100,67100,买盘
243,14:15:36,6.7,-0.01,11,7370,卖盘
244,14:15:33,6.71,0.01,3,2013,买盘
245,14:15:21,6.7,-0.01,100,67000,卖盘
246,14:15:18,6.71,0.01,1,671,买盘
247,14:15:00,6.7,--,314,210380,买盘
248,14:14:57,6.7,0.01,2,1340,买盘
249,14:14:42,6.69,--,36,24084,买盘
250,14:14:30,6.69,--,72,48168,买盘
251,14:14:15,6.69,0.01,10,6690,买盘
252,14:14:00,6.68,--,50,33400,卖盘
253,14:13:36,6.68,--,50,33400,卖盘
254,14:13:03,6.68,--,10,6680,卖盘
255,14:12:45,6.68,--,30,20040,卖盘
256,14:11:51,6.68,--,30,20040,卖盘
257,14:11:42,6.68,-0.01,30,20040,卖盘
258,14:11:21,6.69,0.01,8,5352,买盘
259,14:11:12,6.68,--,5,3340,卖盘
260,14:11:09,6.68,--,9,6012,卖盘
261,14:11:00,6.68,--,32,21970,买盘
262,14:10:57,6.68,--,64,42752,卖盘
263,14:10:51,6.68,-0.01,44,29392,卖盘
264,14:10:42,6.69,--,9,6021,买盘
265,14:10:12,6.69,--,9,6021,买盘
266,14:10:06,6.69,--,5,3345,买盘
267,14:09:54,6.69,0.01,74,49506,买盘
268,14:09:09,6.68,--,9,6012,买盘
269,14:09:00,6.68,-0.01,46,30728,卖盘
270,14:08:45,6.69,0.01,20,13380,买盘
271,14:08:00,6.68,--,2,1336,卖盘
272,14:07:48,6.68,-0.01,20,13360,卖盘
273,14:07:33,6.69,--,28,18732,买盘
274,14:07:03,6.69,0.01,8,5352,买盘
275,14:06:57,6.68,--,7,4676,卖盘
276,14:06:18,6.68,-0.01,32,21376,卖盘
277,14:06:09,6.69,--,3,2007,买盘
278,14:05:30,6.69,0.01,45,30105,买盘
279,14:05:12,6.68,-0.01,26,17368,卖盘
280,14:04:12,6.69,--,26,17394,买盘
281,14:03:51,6.69,--,10,6690,买盘
282,14:03:03,6.69,--,22,14718,买盘
283,14:02:51,6.69,--,15,10035,买盘
284,14:02:48,6.69,--,1,669,买盘
285,14:02:33,6.69,--,10,6690,买盘
286,14:02:27,6.69,--,4,2676,买盘
287,14:02:21,6.69,--,26,17394,卖盘
288,14:01:36,6.69,--,5,3345,卖盘
289,14:01:09,6.69,--,25,16725,卖盘
290,14:00:57,6.69,0.01,7,4683,中性盘
291,14:00:18,6.68,-0.02,5,3340,卖盘
292,13:59:54,6.7,0.01,50,33500,买盘
293,13:59:48,6.69,-0.01,17,11373,卖盘
294,13:59:24,6.7,--,9,6030,买盘
295,13:59:12,6.7,-0.01,895,599650,卖盘
296,13:59:06,6.71,0.01,10,6710,买盘
297,13:59:00,6.7,0.01,61,40870,买盘
298,13:58:54,6.69,--,6,4014,卖盘
299,13:58:48,6.69,-0.01,5,3345,卖盘
300,13:58:45,6.7,-0.01,5,3350,买盘
301,13:58:30,6.71,--,28,18788,卖盘
302,13:58:24,6.71,0.02,99,66429,买盘
303,13:58:15,6.69,-0.02,5,3345,中性盘
304,13:57:51,6.71,0.02,115,77165,买盘
305,13:57:30,6.69,--,7,4683,买盘
306,13:57:24,6.69,--,20,13380,买盘
307,13:56:51,6.69,--,10,6690,买盘
308,13:56:12,6.69,-0.01,13,8697,卖盘
309,13:56:06,6.7,--,2,1340,买盘
310,13:56:03,6.7,--,238,159460,买盘
311,13:55:48,6.7,--,43,28810,卖盘
312,13:55:45,6.7,-0.01,25,16750,卖盘
313,13:55:42,6.71,0.01,8,5368,买盘
314,13:55:33,6.7,--,44,29480,买盘
315,13:55:30,6.7,--,10,6700,买盘
316,13:55:21,6.7,--,20,13400,买盘
317,13:54:57,6.7,-0.01,1,670,卖盘
318,13:54:51,6.71,0.01,7,4697,买盘
319,13:54:39,6.7,--,30,20100,买盘
320,13:54:36,6.7,--,2,1340,买盘
321,13:54:15,6.7,--,73,48910,买盘
322,13:54:06,6.7,0.02,29,19430,买盘
323,13:54:03,6.68,-0.02,6,4008,卖盘
324,13:54:00,6.7,--,19,12730,买盘
325,13:53:54,6.7,--,3,2010,买盘
326,13:53:48,6.7,--,3,2010,买盘
327,13:53:42,6.7,-0.01,61,40870,卖盘
328,13:53:30,6.71,0.01,6,4026,买盘
329,13:53:24,6.7,--,62,41540,卖盘
330,13:53:09,6.7,--,1,670,买盘
331,13:53:06,6.7,--,159,106530,买盘
332,13:53:03,6.7,--,1,670,买盘
333,13:52:57,6.7,--,18,12060,买盘
334,13:52:51,6.7,--,1,670,买盘
335,13:52:39,6.7,--,79,52930,买盘
336,13:52:36,6.7,0.01,65,43550,买盘
337,13:52:21,6.69,--,20,13380,买盘
338,13:52:15,6.69,--,19,12711,买盘
339,13:52:09,6.69,--,3,2007,买盘
340,13:52:06,6.69,0.01,200,133800,买盘
341,13:51:33,6.68,--,17,11356,买盘
342,13:51:30,6.68,0.01,40,26720,买盘
343,13:51:24,6.67,-0.01,23,15341,卖盘
344,13:51:21,6.68,--,16,10688,买盘
345,13:51:00,6.68,--,27,18036,卖盘
346,13:50:57,6.68,0.01,12,8016,买盘
347,13:50:39,6.67,0.01,4,2668,买盘
348,13:50:21,6.66,--,5,3330,卖盘
349,13:50:18,6.66,-0.01,14,9324,卖盘
350,13:50:06,6.67,--,40,26680,买盘
351,13:49:57,6.67,0.01,16,10672,买盘
352,13:49:54,6.66,-0.01,26,17316,卖盘
353,13:49:39,6.67,--,30,20010,卖盘
354,13:49:30,6.67,--,1,667,卖盘
355,13:49:27,6.67,--,115,76705,卖盘
356,13:49:15,6.67,-0.01,10,6670,卖盘
357,13:49:00,6.68,--,92,61456,卖盘
358,13:48:30,6.68,--,2,1336,卖盘
359,13:48:21,6.68,-0.01,10,6680,卖盘
360,13:48:12,6.69,0.01,100,66900,买盘
361,13:47:51,6.68,--,20,13360,卖盘
362,13:47:03,6.68,--,5,3340,卖盘
363,13:47:00,6.68,--,5,3340,卖盘
364,13:46:54,6.68,--,20,13360,卖盘
365,13:46:48,6.68,--,12,8016,卖盘
366,13:46:42,6.68,--,17,11356,卖盘
367,13:46:30,6.68,-0.01,10,6680,卖盘
368,13:46:27,6.69,0.01,10,6690,买盘
369,13:46:12,6.68,-0.01,1,668,卖盘
370,13:45:42,6.69,0.01,14,9366,买盘
371,13:45:21,6.68,-0.01,20,13360,卖盘
372,13:45:09,6.69,--,5,3345,买盘
373,13:45:06,6.69,--,23,15387,买盘
374,13:44:36,6.69,0.01,100,66900,买盘
375,13:44:33,6.68,--,300,200400,卖盘
376,13:44:24,6.68,-0.01,3,2004,卖盘
377,13:44:21,6.69,--,44,29436,买盘
378,13:44:12,6.69,--,310,207390,买盘
379,13:44:03,6.69,0.01,1,669,买盘
380,13:43:36,6.68,--,64,42752,买盘
381,13:43:24,6.68,--,20,13360,买盘
382,13:43:18,6.68,0.01,50,33400,买盘
383,13:43:15,6.67,-0.01,10,6670,卖盘
384,13:43:09,6.68,0.01,1,668,买盘
385,13:42:57,6.67,-0.01,7,4669,卖盘
386,13:42:48,6.68,--,1,668,买盘
387,13:42:42,6.68,--,10,6680,买盘
388,13:42:39,6.68,--,2,1336,买盘
389,13:42:33,6.68,-0.01,2,1336,中性盘
390,13:42:18,6.69,0.01,87,58203,买盘
391,13:42:12,6.68,--,14,9352,买盘
392,13:42:09,6.68,0.01,3,2004,买盘
393,13:42:06,6.67,--,6,4002,卖盘
394,13:42:00,6.67,--,92,61364,买盘
395,13:41:39,6.67,0.01,5,3335,买盘
396,13:41:33,6.66,--,12,7992,卖盘
397,13:41:30,6.66,-0.01,75,49950,中性盘
398,13:41:21,6.67,0.01,41,27347,买盘
399,13:41:18,6.66,--,7,4662,卖盘
400,13:41:12,6.66,--,2,1332,卖盘
401,13:41:09,6.66,0.01,91,60606,买盘
402,13:41:03,6.65,-0.01,12,7980,卖盘
403,13:40:57,6.66,0.01,45,29970,买盘
404,13:40:51,6.65,--,1,665,卖盘
405,13:40:48,6.65,--,3,1995,卖盘
406,13:40:42,6.65,--,6,3990,卖盘
407,13:40:33,6.65,--,500,332500,卖盘
408,13:40:27,6.65,-0.01,26,17290,卖盘
409,13:40:21,6.66,0.01,3,1998,买盘
410,13:40:18,6.65,-0.01,2,1330,卖盘
411,13:40:09,6.66,--,1,666,买盘
412,13:40:03,6.66,--,18,11988,卖盘
413,13:39:54,6.66,--,66,43956,卖盘
414,13:39:51,6.66,-0.01,10,6660,卖盘
415,13:39:33,6.67,--,91,60697,卖盘
416,13:39:21,6.67,-0.01,10,6670,卖盘
417,13:38:51,6.68,--,163,108884,卖盘
418,13:38:30,6.68,--,20,13360,卖盘
419,13:38:24,6.68,--,2,1336,卖盘
420,13:38:21,6.68,-0.01,5,3340,卖盘
421,13:38:06,6.69,--,5,3345,卖盘
422,13:37:51,6.69,--,4,2676,卖盘
423,13:37:45,6.69,--,25,16725,卖盘
424,13:36:33,6.69,--,15,10035,买盘
425,13:35:48,6.69,-0.01,5,3345,卖盘
426,13:35:39,6.7,--,10,6700,买盘
427,13:35:18,6.7,0.01,6,4020,买盘
428,13:35:15,6.69,-0.01,50,33450,中性盘
429,13:34:42,6.7,--,15,10050,卖盘
430,13:34:39,6.7,--,15,10050,卖盘
431,13:34:33,6.7,--,70,46900,买盘
432,13:34:27,6.7,--,5,3350,买盘
433,13:34:18,6.7,--,5,3350,买盘
434,13:34:12,6.7,--,100,67000,买盘
435,13:34:00,6.7,0.02,50,33500,买盘
436,13:33:57,6.68,-0.01,200,133600,卖盘
437,13:33:54,6.69,-0.01,2,1338,卖盘
438,13:33:51,6.7,--,5,3350,买盘
439,13:33:42,6.7,0.02,20,13400,买盘
440,13:33:36,6.68,-0.02,1,668,卖盘
441,13:33:24,6.7,0.01,5,3350,买盘
442,13:33:12,6.69,-0.01,7,4683,卖盘
443,13:33:06,6.7,--,6,4020,买盘
444,13:33:03,6.7,--,31,20770,买盘
445,13:32:51,6.7,-0.01,125,83750,卖盘
446,13:32:48,6.71,--,10,6710,买盘
447,13:32:30,6.71,--,21,14091,买盘
448,13:32:27,6.71,--,4,2684,买盘
449,13:32:21,6.71,0.01,10,6710,买盘
450,13:31:54,6.7,--,22,14740,卖盘
451,13:31:48,6.7,0.01,211,141370,买盘
452,13:31:45,6.69,-0.01,10,6690,卖盘
453,13:31:24,6.7,0.03,2,1340,买盘
454,13:31:00,6.67,-0.01,50,33350,卖盘
455,13:30:57,6.68,0.01,25,16700,买盘
456,13:30:51,6.67,--,21,14007,卖盘
457,13:30:42,6.67,--,40,26680,买盘
458,13:30:39,6.67,-0.01,20,13340,卖盘
459,13:30:09,6.68,-0.01,5,3340,卖盘
460,13:29:54,6.69,-0.01,4,2676,卖盘
461,13:29:39,6.7,-0.01,945,633150,卖盘
462,13:29:18,6.71,--,9,6039,卖盘
463,13:29:15,6.71,--,23,15433,卖盘
464,13:29:06,6.71,-0.01,50,33550,卖盘
465,13:28:54,6.72,--,62,41664,卖盘
466,13:28:48,6.72,--,50,33600,卖盘
467,13:28:39,6.72,-0.01,25,16800,卖盘
468,13:28:24,6.73,--,1592,1071416,卖盘
469,13:28:18,6.73,--,49,32977,卖盘
470,13:28:09,6.73,--,30,20190,卖盘
471,13:28:03,6.73,--,40,26920,卖盘
472,13:27:54,6.73,--,16,10768,卖盘
473,13:27:27,6.73,--,4,2692,卖盘
474,13:27:24,6.73,-0.01,5,3365,卖盘
475,13:27:06,6.74,--,10,6740,买盘
476,13:26:51,6.74,--,8,5392,买盘
477,13:26:48,6.74,--,7,4718,买盘
478,13:26:45,6.74,-0.01,5,3370,卖盘
479,13:26:39,6.75,0.01,15,10125,买盘
480,13:26:30,6.74,--,2,1348,卖盘
481,13:26:27,6.74,-0.01,11,7414,卖盘
482,13:26:03,6.75,--,1,675,卖盘
483,13:26:00,6.75,--,99,66825,买盘
484,13:25:57,6.75,--,1,675,买盘
485,13:25:39,6.75,--,21,14175,买盘
486,13:25:36,6.75,--,5,3375,买盘
487,13:25:30,6.75,-0.01,274,184950,卖盘
488,13:25:21,6.76,0.01,6,4056,买盘
489,13:25:15,6.75,--,2,1350,卖盘
490,13:25:09,6.75,--,202,136350,买盘
491,13:24:48,6.75,0.02,10,6750,买盘
492,13:24:45,6.73,--,1,673,卖盘
493,13:24:15,6.73,0.01,76,51148,中性盘
494,13:24:12,6.72,-0.02,15,10080,卖盘
495,13:24:09,6.74,0.02,13,8762,买盘
496,13:24:06,6.72,--,1,672,卖盘
497,13:24:03,6.72,--,84,56448,买盘
498,13:24:00,6.72,0.01,50,33600,买盘
499,13:23:57,6.71,--,1,671,卖盘
500,13:23:54,6.71,-0.01,20,13420,卖盘
501,13:23:51,6.72,--,7,4704,买盘
502,13:23:48,6.72,--,41,27552,买盘
503,13:23:45,6.72,0.01,50,33600,买盘
504,13:23:42,6.71,--,11,7381,卖盘
505,13:23:39,6.71,-0.01,6,4026,卖盘
506,13:23:36,6.72,--,188,126336,买盘
507,13:23:33,6.72,--,212,142464,买盘
508,13:23:30,6.72,--,76,51072,买盘
509,13:23:21,6.72,--,12,8064,买盘
510,13:23:15,6.72,--,13,8736,买盘
511,13:23:09,6.72,--,43,28896,买盘
512,13:22:57,6.72,--,81,54432,买盘
513,13:22:51,6.72,0.01,13,8736,买盘
514,13:22:48,6.71,--,40,26840,卖盘
515,13:22:45,6.71,-0.01,8,5368,卖盘
516,13:22:39,6.72,0.01,50,33600,买盘
517,13:22:33,6.71,-0.01,2,1342,卖盘
518,13:22:30,6.72,--,32,21504,买盘
519,13:22:27,6.72,--,10,6720,买盘
520,13:22:24,6.72,--,3,2016,买盘
521,13:22:21,6.72,--,2,1344,买盘
522,13:22:15,6.72,-0.01,240,161280,卖盘
523,13:22:09,6.73,--,58,39034,买盘
524,13:22:06,6.73,0.01,59,39707,买盘
525,13:22:03,6.72,-0.01,104,69888,卖盘
526,13:22:00,6.73,0.01,17,11441,买盘
527,13:21:57,6.72,-0.01,4,2688,卖盘
528,13:21:48,6.73,--,20,13460,买盘
529,13:21:42,6.73,0.01,50,33650,中性盘
530,13:21:39,6.72,-0.02,10,6720,卖盘
531,13:21:36,6.74,0.02,59,39766,买盘
532,13:21:30,6.72,-0.02,4,2688,卖盘
533,13:21:27,6.74,0.01,217,146258,买盘
534,13:21:21,6.73,-0.01,589,396397,卖盘
535,13:21:09,6.74,--,2,1348,买盘
536,13:21:03,6.74,--,42,28308,买盘
537,13:21:00,6.74,--,14,9436,买盘
538,13:20:51,6.74,--,95,64030,买盘
539,13:20:48,6.74,0.01,5,3370,买盘
540,13:20:45,6.73,-0.01,15,10095,卖盘
541,13:20:39,6.74,--,10,6740,买盘
542,13:20:30,6.74,-0.01,11,7414,卖盘
543,13:20:24,6.75,0.01,142,95850,买盘
544,13:20:18,6.74,-0.01,2,1348,卖盘
545,13:20:06,6.75,--,7,4725,买盘
546,13:20:03,6.75,--,20,13500,买盘
547,13:19:57,6.75,--,15,10125,买盘
548,13:19:54,6.75,--,1,675,买盘
549,13:19:51,6.75,-0.01,300,202500,卖盘
550,13:19:45,6.76,0.01,21,14196,买盘
551,13:19:39,6.75,--,159,107325,卖盘
552,13:19:30,6.75,0.01,144,97200,买盘
553,13:19:24,6.74,--,30,20220,卖盘
554,13:19:21,6.74,--,6,4044,卖盘
555,13:19:15,6.74,-0.01,1,674,卖盘
556,13:19:09,6.75,--,6,4050,买盘
557,13:19:00,6.75,-0.01,201,135675,卖盘
558,13:18:57,6.76,--,1,676,买盘
559,13:18:51,6.76,--,40,27040,买盘
560,13:18:48,6.76,--,57,38532,卖盘
561,13:18:42,6.76,-0.02,51,34476,卖盘
562,13:18:33,6.78,--,20,13560,买盘
563,13:18:30,6.78,0.01,160,108480,买盘
564,13:18:27,6.77,--,302,204454,卖盘
565,13:18:24,6.77,-0.01,50,33850,卖盘
566,13:18:21,6.78,0.01,26,17628,买盘
567,13:18:18,6.77,-0.01,3,2030,卖盘
568,13:18:15,6.78,--,21,14238,买盘
569,13:18:12,6.78,0.01,6,4068,买盘
570,13:18:06,6.77,-0.01,31,20987,卖盘
571,13:17:57,6.78,--,1,678,买盘
572,13:17:54,6.78,--,667,452226,卖盘
573,13:17:51,6.78,-0.01,2,1356,卖盘
574,13:17:48,6.79,0.01,5,3395,买盘
575,13:17:45,6.78,-0.01,68,46104,卖盘
576,13:17:39,6.79,-0.01,20,13580,卖盘
577,13:17:30,6.8,0.02,10,6800,买盘
578,13:17:27,6.78,-0.02,51,34578,卖盘
579,13:17:18,6.8,-0.01,108,73440,卖盘
580,13:17:15,6.81,--,364,247884,买盘
581,13:17:12,6.81,--,209,142329,卖盘
582,13:17:06,6.81,--,132,89892,卖盘
583,13:17:03,6.81,--,20,13620,卖盘
584,13:16:57,6.81,0.01,3,2042,中性盘
585,13:16:42,6.8,--,12,8160,卖盘
586,13:16:39,6.8,-0.03,61,41480,卖盘
587,13:16:36,6.83,--,12,8196,买盘
588,13:16:33,6.83,0.01,10,6830,中性盘
589,13:16:30,6.82,-0.02,878,598796,卖盘
590,13:16:27,6.84,--,45,30780,买盘
591,13:16:24,6.84,--,6,4104,买盘
592,13:16:21,6.84,0.01,277,189468,买盘
593,13:16:18,6.83,-0.01,269,183727,卖盘
594,13:16:15,6.84,--,77,52668,买盘
595,13:16:12,6.84,--,31,21204,买盘
596,13:16:09,6.84,--,42,28728,买盘
597,13:16:06,6.84,--,512,350208,买盘
598,13:16:03,6.84,--,30,20520,买盘
599,13:16:00,6.84,--,15,10260,买盘
600,13:15:57,6.84,-0.01,24,16416,卖盘
601,13:15:54,6.85,--,406,278110,买盘
602,13:15:51,6.85,0.02,118,80830,买盘
603,13:15:48,6.83,-0.01,121,82643,卖盘
604,13:15:45,6.84,-0.01,63,43092,卖盘
605,13:15:42,6.85,--,18,12330,买盘
606,13:15:39,6.85,--,350,239750,买盘
607,13:15:36,6.85,--,105,71925,买盘
608,13:15:33,6.85,0.01,10,6850,买盘
609,13:15:27,6.84,0.02,5,3420,买盘
610,13:15:24,6.82,-0.01,10,6820,卖盘
611,13:15:21,6.83,--,100,68300,卖盘
612,13:15:18,6.83,0.01,22,15026,买盘
613,13:15:15,6.82,0.02,375,255750,买盘
614,13:15:12,6.8,--,59,40120,买盘
615,13:15:09,6.8,--,59,40120,卖盘
616,13:15:06,6.8,-0.02,20,13600,卖盘
617,13:15:03,6.82,--,10,6820,买盘
618,13:15:00,6.82,0.03,38,25916,买盘
619,13:14:57,6.79,0.01,328,222712,买盘
620,13:14:54,6.78,-0.01,10,6780,卖盘
621,13:14:48,6.79,0.01,20,13580,买盘
622,13:14:45,6.78,0.02,420,284760,买盘
623,13:14:42,6.76,--,18,12168,买盘
624,13:14:39,6.76,--,37,25012,买盘
625,13:14:27,6.76,--,1,676,买盘
626,13:14:24,6.76,0.01,49,33124,买盘
627,13:14:18,6.75,--,177,119475,买盘
628,13:14:15,6.75,--,5,3375,买盘
629,13:14:12,6.75,0.01,134,90450,买盘
630,13:14:00,6.74,0.02,675,454950,买盘
631,13:13:51,6.72,-0.02,20,13440,卖盘
632,13:13:48,6.74,0.01,259,174566,买盘
633,13:13:45,6.73,--,5,3365,买盘
634,13:13:39,6.73,--,1,673,买盘
635,13:13:36,6.73,-0.01,10,6730,卖盘
636,13:13:33,6.74,0.01,350,235900,买盘
637,13:13:30,6.73,--,20,13460,买盘
638,13:13:24,6.73,--,3,2019,卖盘
639,13:13:21,6.73,--,26,17498,买盘
640,13:13:18,6.73,--,56,37688,买盘
641,13:13:15,6.73,-0.01,216,145368,卖盘
642,13:13:12,6.74,--,56,37744,买盘
643,13:13:09,6.74,--,57,38418,买盘
644,13:13:03,6.74,0.01,115,77510,买盘
645,13:12:57,6.73,-0.01,7,4711,卖盘
646,13:12:54,6.74,--,14,9436,买盘
647,13:12:51,6.74,0.01,10,6740,买盘
648,13:12:42,6.73,--,22,14806,卖盘
649,13:12:36,6.73,--,1,673,卖盘
650,13:12:33,6.73,--,19,12787,卖盘
651,13:12:30,6.73,--,25,16825,买盘
652,13:12:24,6.73,0.01,25,16825,买盘
653,13:12:21,6.72,-0.01,20,13440,卖盘
654,13:12:18,6.73,--,129,86817,买盘
655,13:12:12,6.73,0.01,10,6730,买盘
656,13:12:06,6.72,-0.01,27,18144,卖盘
657,13:12:03,6.73,0.01,35,23555,买盘
658,13:11:57,6.72,0.01,234,157248,买盘
659,13:11:45,6.71,--,60,40260,买盘
660,13:11:39,6.71,0.01,140,93940,买盘
661,13:11:12,6.7,--,73,48910,买盘
662,13:11:09,6.7,--,5,3350,买盘
663,13:11:03,6.7,--,2,1340,卖盘
664,13:11:00,6.7,--,1,670,买盘
665,13:10:57,6.7,--,209,140030,卖盘
666,13:10:54,6.7,--,20,13400,卖盘
667,13:10:45,6.7,--,4,2680,卖盘
668,13:10:30,6.7,--,23,15410,买盘
669,13:10:24,6.7,--,58,38860,买盘
670,13:10:21,6.7,--,35,23450,买盘
671,13:10:18,6.7,-0.01,7,4690,中性盘
672,13:10:12,6.71,0.01,13,8723,买盘
673,13:09:57,6.7,-0.01,1,670,买盘
674,13:09:45,6.71,--,30,20130,买盘
675,13:09:39,6.71,0.01,12,8052,买盘
676,13:09:33,6.7,--,7,4690,卖盘
677,13:09:30,6.7,--,30,20100,卖盘
678,13:09:27,6.7,-0.01,47,31490,卖盘
679,13:09:24,6.71,0.01,49,32879,买盘
680,13:09:18,6.7,-0.01,217,145390,卖盘
681,13:09:15,6.71,0.01,31,20801,买盘
682,13:09:09,6.7,-0.01,2,1340,卖盘
683,13:08:57,6.71,--,13,8723,买盘
684,13:08:51,6.71,0.01,1,671,买盘
685,13:08:48,6.7,-0.01,7,4690,卖盘
686,13:08:42,6.71,--,2,1342,买盘
687,13:08:39,6.71,--,7,4697,买盘
688,13:08:36,6.71,0.01,4,2684,买盘
689,13:08:33,6.7,--,5,3350,卖盘
690,13:08:27,6.7,--,99,66330,卖盘
691,13:08:24,6.7,--,203,136010,买盘
692,13:08:21,6.7,--,1,670,买盘
693,13:08:18,6.7,--,21,14070,买盘
694,13:08:12,6.7,--,10,6700,买盘
695,13:08:09,6.7,-0.02,127,85090,卖盘
696,13:08:06,6.72,0.02,437,293664,买盘
697,13:08:03,6.7,-0.02,265,177550,卖盘
698,13:07:57,6.72,0.02,20,13440,买盘
699,13:07:54,6.7,-0.02,92,61640,中性盘
700,13:07:51,6.72,--,3,2016,买盘
701,13:07:48,6.72,0.02,30,20160,买盘
702,13:07:45,6.7,-0.02,66,44220,卖盘
703,13:07:42,6.72,0.01,625,420000,买盘
704,13:07:39,6.71,--,102,68442,买盘
705,13:07:36,6.71,--,7,4697,买盘
706,13:07:33,6.71,0.01,18,12078,买盘
707,13:07:30,6.7,--,131,87770,卖盘
708,13:07:27,6.7,--,10,6700,卖盘
709,13:07:24,6.7,--,143,95810,买盘
710,13:07:21,6.7,0.01,63,42210,买盘
711,13:07:15,6.69,--,30,20471,买盘
712,13:07:09,6.69,0.03,6,4014,买盘
713,13:07:00,6.66,-0.03,5,3330,卖盘
714,13:06:57,6.69,0.04,1060,709140,买盘
715,13:06:51,6.65,--,55,36575,买盘
716,13:06:39,6.65,0.01,1,665,买盘
717,13:06:33,6.64,-0.01,1,664,卖盘
718,13:06:30,6.65,0.01,31,20615,买盘
719,13:06:18,6.64,0.01,228,151392,买盘
720,13:06:12,6.63,--,20,13260,卖盘
721,13:06:03,6.63,--,265,175695,买盘
722,13:06:00,6.63,0.01,157,104091,买盘
723,13:05:39,6.62,--,4,2648,卖盘
724,13:05:30,6.62,--,1,662,卖盘
725,13:05:21,6.62,--,22,14564,买盘
726,13:05:03,6.62,--,100,66200,买盘
727,13:04:42,6.62,--,3,1986,买盘
728,13:04:30,6.62,--,51,33762,卖盘
729,13:04:21,6.62,--,17,11254,卖盘
730,13:04:15,6.62,--,20,13240,卖盘
731,13:04:03,6.62,--,4,2648,卖盘
732,13:04:00,6.62,-0.01,10,6620,卖盘
733,13:03:42,6.63,--,14,9282,卖盘
734,13:03:39,6.63,--,10,6630,卖盘
735,13:03:33,6.63,--,4,2652,卖盘
736,13:03:30,6.63,--,10,6630,卖盘
737,13:03:15,6.63,--,21,13923,卖盘
738,13:03:00,6.63,-0.01,10,6630,买盘
739,13:02:51,6.64,0.03,71,47144,买盘
740,13:02:39,6.61,-0.02,8,5288,卖盘
741,13:02:36,6.63,0.01,63,41769,买盘
742,13:02:09,6.62,-0.01,3,1986,卖盘
743,13:02:06,6.63,-0.01,7,4641,卖盘
744,13:01:57,6.64,--,1,664,买盘
745,13:01:42,6.64,0.01,51,33864,买盘
746,13:01:33,6.63,-0.01,5,3315,买盘
747,13:01:27,6.64,0.02,3,1992,买盘
748,13:01:18,6.62,-0.02,44,29128,卖盘
749,13:00:54,6.64,0.03,27,17928,买盘
750,13:00:30,6.61,-0.03,45,29745,卖盘
751,13:00:18,6.64,0.02,3,1992,买盘
752,13:00:09,6.62,--,5,3310,买盘
753,13:00:06,6.62,0.01,152,100624,买盘
754,13:00:03,6.61,0.01,1361,899621,买盘
755,13:00:00,6.6,--,0,0,卖盘
756,11:30:00,6.6,--,0,0,卖盘
757,11:29:51,6.6,--,100,66000,卖盘
758,11:29:42,6.6,0.01,489,323208,买盘
759,11:29:36,6.59,0.01,300,197700,买盘
760,11:29:18,6.58,--,80,52640,买盘
761,11:29:06,6.58,0.01,300,197400,买盘
762,11:28:42,6.57,0.02,387,254259,买盘
763,11:28:15,6.55,--,87,56985,买盘
764,11:28:09,6.55,--,300,196500,买盘
765,11:27:42,6.55,--,13,8515,卖盘
766,11:27:12,6.55,0.02,26,17030,买盘
767,11:26:57,6.53,-0.01,18,11754,卖盘
768,11:26:06,6.54,-0.01,1,654,卖盘
769,11:25:39,6.55,--,24,15720,卖盘
770,11:25:00,6.55,--,18,11790,卖盘
771,11:24:57,6.55,-0.01,50,32750,卖盘
772,11:24:30,6.56,0.01,46,30176,买盘
773,11:24:24,6.55,-0.02,49,32095,卖盘
774,11:23:21,6.57,--,45,29565,买盘
775,11:22:12,6.57,--,35,22995,卖盘
776,11:22:09,6.57,--,50,32850,卖盘
777,11:21:57,6.57,--,73,47961,卖盘
778,11:21:39,6.57,--,1,657,卖盘
779,11:21:36,6.57,-0.01,300,197100,卖盘
780,11:21:30,6.58,--,97,63826,买盘
781,11:21:27,6.58,--,10,6580,买盘
782,11:21:24,6.58,0.01,50,32900,买盘
783,11:21:12,6.57,--,15,9855,卖盘
784,11:21:00,6.57,0.02,593,389601,买盘
785,11:20:33,6.55,0.01,88,57640,买盘
786,11:20:09,6.54,--,2,1308,买盘
787,11:19:12,6.54,0.02,1,654,买盘
788,11:17:39,6.52,-0.02,29,18908,卖盘
789,11:17:27,6.54,0.02,2,1308,中性盘
790,11:16:09,6.52,--,18,11736,卖盘
791,11:15:33,6.52,--,9,5868,卖盘
792,11:15:03,6.52,--,18,12257,卖盘
793,11:14:51,6.52,-0.01,18,11736,卖盘
794,11:14:33,6.53,-0.02,17,11101,中性盘
795,11:13:39,6.55,0.03,1,655,买盘
796,11:13:09,6.52,--,18,11736,卖盘
797,11:13:06,6.52,--,8,5216,买盘
798,11:12:57,6.52,--,192,125183,卖盘
799,11:12:42,6.52,--,10,6520,卖盘
800,11:12:18,6.52,--,18,11736,卖盘
801,11:12:06,6.52,-0.01,25,16299,卖盘
802,11:11:42,6.53,--,3,1959,中性盘
803,11:11:24,6.53,--,1,653,卖盘
804,11:11:18,6.53,--,9,5877,卖盘
805,11:11:09,6.53,--,60,39180,卖盘
806,11:10:51,6.53,-0.01,7,4571,卖盘
807,11:10:48,6.54,--,10,6540,卖盘
808,11:10:21,6.54,--,7,4578,卖盘
809,11:09:57,6.54,-0.01,18,11772,卖盘
810,11:09:51,6.55,--,8,5240,卖盘
811,11:09:42,6.55,--,1,655,卖盘
812,11:09:24,6.55,--,8,5240,卖盘
813,11:09:06,6.55,-0.01,18,11790,卖盘
814,11:08:57,6.56,-0.01,10,6560,卖盘
815,11:08:09,6.57,--,9,5913,买盘
816,11:08:03,6.57,--,9,5913,买盘
817,11:07:21,6.57,--,10,6570,买盘
818,11:06:36,6.57,0.01,23,15111,买盘
819,11:06:24,6.56,-0.01,18,11808,卖盘
820,11:06:21,6.57,--,20,13140,买盘
821,11:06:18,6.57,--,18,11826,买盘
822,11:06:06,6.57,--,3,1971,买盘
823,11:05:24,6.57,-0.01,2,1314,卖盘
824,11:05:21,6.58,0.01,2,1316,买盘
825,11:05:12,6.57,--,1,657,卖盘
826,11:04:57,6.57,--,18,11826,卖盘
827,11:04:48,6.57,--,7,4599,卖盘
828,11:04:45,6.57,0.01,10,6570,买盘
829,11:04:33,6.56,--,18,11808,卖盘
830,11:04:30,6.56,0.02,29,19391,买盘
831,11:03:24,6.54,-0.02,38,24852,卖盘
832,11:03:12,6.56,0.02,5,3280,买盘
833,11:02:57,6.54,-0.02,18,11772,卖盘
834,11:02:48,6.56,--,45,29808,卖盘
835,11:02:33,6.56,-0.02,18,11808,卖盘
836,11:01:57,6.58,--,10,6580,买盘
837,11:01:39,6.58,--,14,9212,买盘
838,11:01:27,6.58,--,52,34216,卖盘
839,11:01:21,6.58,-0.02,50,32900,卖盘
840,11:01:18,6.6,0.02,1010,666600,买盘
841,11:01:15,6.58,--,10,6580,卖盘
842,11:01:03,6.58,--,44,28952,卖盘
843,11:01:00,6.58,0.01,607,399406,买盘
844,11:00:54,6.57,--,10,6570,卖盘
845,11:00:51,6.57,--,10,6570,卖盘
846,11:00:42,6.57,0.04,732,481291,买盘
847,11:00:27,6.53,--,19,12407,买盘
848,11:00:18,6.53,--,3,1959,买盘
849,10:59:36,6.53,--,78,50934,卖盘
850,10:59:09,6.53,--,18,11754,卖盘
851,10:58:00,6.53,--,3,1959,卖盘
852,10:57:48,6.53,--,3,1959,卖盘
853,10:57:09,6.53,--,88,57464,买盘
854,10:57:00,6.53,--,15,9795,买盘
855,10:56:57,6.53,--,80,52240,买盘
856,10:56:54,6.53,--,63,41139,买盘
857,10:56:18,6.53,0.01,201,131253,买盘
858,10:55:57,6.52,--,23,14995,卖盘
859,10:55:24,6.52,-0.01,18,11736,卖盘
860,10:55:06,6.53,-0.01,459,299727,卖盘
861,10:54:57,6.54,--,18,11772,卖盘
862,10:54:33,6.54,--,44,28776,卖盘
863,10:54:30,6.54,-0.01,18,11772,卖盘
864,10:54:06,6.55,--,1,943,卖盘
865,10:54:00,6.55,-0.01,68,44906,卖盘
866,10:53:27,6.56,-0.01,2,1312,中性盘
867,10:52:51,6.57,0.01,50,32850,买盘
868,10:52:33,6.56,0.02,179,117424,买盘
869,10:52:30,6.54,0.01,328,214512,买盘
870,10:51:57,6.53,--,1,653,卖盘
871,10:51:51,6.53,--,30,19590,卖盘
872,10:51:36,6.53,--,3,1959,卖盘
873,10:51:03,6.53,--,100,65300,卖盘
874,10:50:54,6.53,-0.01,7,4571,卖盘
875,10:50:45,6.54,0.01,50,32700,买盘
876,10:50:42,6.53,--,100,65300,卖盘
877,10:50:33,6.53,--,50,32650,卖盘
878,10:49:42,6.53,-0.01,66,43098,卖盘
879,10:48:54,6.54,--,24,15696,卖盘
880,10:48:51,6.54,--,100,65400,卖盘
881,10:48:36,6.54,--,100,65400,卖盘
882,10:48:33,6.54,--,17,11118,卖盘
883,10:48:27,6.54,--,16,10464,卖盘
884,10:48:21,6.54,--,60,39240,卖盘
885,10:48:12,6.54,--,200,130800,卖盘
886,10:47:54,6.54,0.01,34,22236,买盘
887,10:47:45,6.53,--,18,11754,卖盘
888,10:47:42,6.53,0.01,110,72091,买盘
889,10:47:30,6.52,--,71,46683,卖盘
890,10:47:12,6.52,-0.01,15,9780,卖盘
891,10:46:54,6.53,--,8,5224,卖盘
892,10:46:45,6.53,-0.01,8,5224,卖盘
893,10:46:21,6.54,--,60,39240,买盘
894,10:46:12,6.54,--,4,2616,买盘
895,10:46:03,6.54,-0.01,120,78480,卖盘
896,10:44:51,6.55,--,58,38317,卖盘
897,10:44:33,6.55,--,24,15720,卖盘
898,10:44:27,6.55,--,5,3275,卖盘
899,10:44:03,6.55,--,5,3275,卖盘
900,10:43:51,6.55,--,100,65500,卖盘
901,10:43:36,6.55,--,18,11790,卖盘
902,10:43:18,6.55,--,50,32750,卖盘
903,10:43:09,6.55,--,18,11790,卖盘
904,10:43:03,6.55,--,24,15720,卖盘
905,10:42:45,6.55,--,2,1310,卖盘
906,10:42:27,6.55,--,45,29802,买盘
907,10:42:18,6.55,--,4,2620,买盘
908,10:42:09,6.55,--,5,3602,卖盘
909,10:41:57,6.55,--,10,6550,卖盘
910,10:41:42,6.55,--,60,39300,卖盘
911,10:40:21,6.55,--,22,14410,卖盘
912,10:40:09,6.55,-0.01,20,13100,卖盘
913,10:39:24,6.56,--,12,8200,买盘
914,10:39:18,6.56,-0.01,9,5904,中性盘
915,10:38:57,6.57,--,100,65700,买盘
916,10:38:54,6.57,--,30,19710,买盘
917,10:38:18,6.57,0.03,650,427050,买盘
918,10:38:12,6.54,0.01,19,12426,买盘
919,10:38:09,6.53,-0.01,5,3265,卖盘
920,10:37:57,6.54,0.01,1,654,买盘
921,10:37:54,6.53,--,17,11101,卖盘
922,10:37:36,6.53,--,20,13060,卖盘
923,10:37:27,6.53,-0.02,18,11754,卖盘
924,10:36:33,6.55,--,117,76635,卖盘
925,10:36:30,6.55,--,10,6550,卖盘
926,10:36:15,6.55,--,26,17030,卖盘
927,10:36:06,6.55,0.03,857,561335,买盘
928,10:36:00,6.52,--,50,32599,卖盘
929,10:35:57,6.52,-0.01,11,7171,卖盘
930,10:35:48,6.53,0.01,10,6530,买盘
931,10:35:39,6.52,--,5,3260,卖盘
932,10:35:36,6.52,--,22,14604,买盘
933,10:34:21,6.52,--,60,39120,买盘
934,10:33:54,6.52,0.02,10,6520,买盘
935,10:33:45,6.5,-0.02,22,14300,卖盘
936,10:33:42,6.52,--,23,14995,买盘
937,10:33:15,6.52,0.01,42,27384,买盘
938,10:33:09,6.51,--,3,1953,买盘
939,10:32:54,6.51,0.01,2,1302,买盘
940,10:32:27,6.5,0.01,18,11700,中性盘
941,10:32:15,6.49,--,100,64900,卖盘
942,10:31:54,6.49,--,20,12980,卖盘
943,10:31:39,6.49,-0.01,150,97350,卖盘
944,10:30:42,6.5,--,118,76700,买盘
945,10:30:33,6.5,--,80,52000,买盘
946,10:30:24,6.5,-0.02,402,261300,卖盘
947,10:30:21,6.52,--,2,1304,买盘
948,10:30:18,6.52,0.01,9,5868,买盘
949,10:29:54,6.51,--,9,5859,卖盘
950,10:29:48,6.51,--,50,32550,卖盘
951,10:29:42,6.51,--,2,1302,卖盘
952,10:29:03,6.51,-0.01,30,19530,卖盘
953,10:28:48,6.52,--,1,1043,卖盘
954,10:28:45,6.52,-0.01,20,13040,卖盘
955,10:27:57,6.53,--,20,13060,买盘
956,10:27:51,6.53,0.01,7,4571,中性盘
957,10:27:42,6.52,-0.01,30,19560,卖盘
958,10:27:39,6.53,-0.01,17,11101,卖盘
959,10:27:21,6.54,0.01,9,5886,买盘
960,10:27:09,6.53,--,7,4832,买盘
961,10:26:57,6.53,--,130,84890,买盘
962,10:26:51,6.53,--,9,5877,买盘
963,10:25:39,6.53,--,2,1306,买盘
964,10:25:09,6.53,--,10,6530,买盘
965,10:24:33,6.53,--,9,5877,买盘
966,10:24:24,6.53,--,5,3265,买盘
967,10:23:39,6.53,0.01,9,5877,买盘
968,10:23:36,6.52,-0.01,98,63895,卖盘
969,10:23:33,6.53,0.01,10,6530,买盘
970,10:23:30,6.52,--,2,1304,卖盘
971,10:23:24,6.52,--,5,3260,卖盘
972,10:23:21,6.52,-0.01,5,3260,卖盘
973,10:23:09,6.53,--,9,5877,买盘
974,10:22:57,6.53,--,40,26120,买盘
975,10:22:54,6.53,0.01,55,35915,买盘
976,10:22:42,6.52,-0.01,10,6520,卖盘
977,10:22:39,6.53,0.01,9,5877,买盘
978,10:22:24,6.52,--,5,3260,卖盘
979,10:22:03,6.52,0.01,14,9128,买盘
980,10:21:54,6.51,-0.01,5,3255,卖盘
981,10:21:45,6.52,0.01,37,24124,买盘
982,10:21:33,6.51,-0.01,61,39711,卖盘
983,10:21:27,6.52,0.01,14,9128,买盘
984,10:21:24,6.51,-0.01,5,3255,卖盘
985,10:21:15,6.52,0.01,14,9128,买盘
986,10:21:12,6.51,-0.01,25,16275,卖盘
987,10:20:57,6.52,--,6,3911,买盘
988,10:20:54,6.52,0.01,15,9780,买盘
989,10:20:45,6.51,--,17,11067,卖盘
990,10:20:33,6.51,-0.01,5,3255,卖盘
991,10:20:24,6.52,0.01,9,5868,买盘
992,10:20:18,6.51,--,50,32550,卖盘
993,10:20:12,6.51,-0.01,21,13671,卖盘
994,10:20:09,6.52,0.01,48,31295,买盘
995,10:19:57,6.51,--,20,13020,卖盘
996,10:19:54,6.51,--,4,2604,卖盘
997,10:19:30,6.51,--,19,12369,卖盘
998,10:19:09,6.51,--,118,76818,买盘
999,10:18:54,6.51,--,42,27342,买盘
1000,10:18:42,6.51,--,7,4557,买盘
1001,10:18:06,6.51,--,7,4557,买盘
1002,10:18:00,6.51,--,11,7161,卖盘
1003,10:17:57,6.51,--,1,651,卖盘
1004,10:17:48,6.51,-0.01,20,13020,卖盘
1005,10:17:45,6.52,0.01,10,6520,买盘
1006,10:17:27,6.51,--,5,3255,卖盘
1007,10:16:51,6.51,-0.01,8,5208,中性盘
1008,10:16:09,6.52,--,20,13040,买盘
1009,10:15:51,6.52,--,7,4564,买盘
1010,10:15:21,6.52,--,9,5868,买盘
1011,10:14:51,6.52,--,79,51508,买盘
1012,10:14:30,6.52,--,48,31295,买盘
1013,10:13:12,6.52,0.02,102,66504,买盘
1014,10:12:57,6.5,--,11,7670,卖盘
1015,10:12:39,6.5,--,1,650,卖盘
1016,10:12:27,6.5,0.01,197,128180,买盘
1017,10:12:15,6.49,--,38,24662,买盘
1018,10:12:03,6.49,--,3,1947,买盘
1019,10:11:45,6.49,--,6,3894,买盘
1020,10:11:33,6.49,--,1,649,买盘
1021,10:11:18,6.49,--,4,2596,卖盘
1022,10:11:09,6.49,--,10,6490,卖盘
1023,10:11:00,6.49,--,86,55814,买盘
1024,10:10:54,6.49,--,14,9086,卖盘
1025,10:10:51,6.49,--,10,6490,卖盘
1026,10:10:48,6.49,0.01,41,26609,买盘
1027,10:10:45,6.48,--,5,3240,卖盘
1028,10:10:15,6.48,-0.01,63,40824,卖盘
1029,10:09:57,6.49,0.01,5,3245,买盘
1030,10:09:51,6.48,--,18,11664,卖盘
1031,10:09:33,6.48,-0.01,20,12960,卖盘
1032,10:09:30,6.49,--,3,1947,买盘
1033,10:09:21,6.49,--,5,3245,卖盘
1034,10:09:18,6.49,--,10,6490,卖盘
1035,10:09:12,6.49,--,35,22715,买盘
1036,10:08:33,6.49,0.01,76,49324,买盘
1037,10:08:18,6.48,--,15,9720,卖盘
1038,10:07:48,6.48,-0.01,6,3888,中性盘
1039,10:07:24,6.49,--,9,5841,买盘
1040,10:07:18,6.49,--,4,2596,卖盘
1041,10:07:06,6.49,--,46,29854,中性盘
1042,10:06:33,6.49,--,10,6490,卖盘
1043,10:06:24,6.49,--,20,12980,买盘
1044,10:05:54,6.49,--,30,19470,买盘
1045,10:05:09,6.49,0.01,10,6490,买盘
1046,10:05:00,6.48,0.01,5,3240,中性盘
1047,10:04:18,6.47,-0.02,20,12940,卖盘
1048,10:04:00,6.49,--,5,3245,买盘
1049,10:03:42,6.49,--,11,7139,买盘
1050,10:03:39,6.49,-0.01,22,14278,卖盘
1051,10:03:33,6.5,0.01,3,1950,买盘
1052,10:03:27,6.49,-0.01,10,6490,卖盘
1053,10:03:06,6.5,--,120,78000,卖盘
1054,10:03:00,6.5,--,5,3250,卖盘
1055,10:02:45,6.5,-0.01,10,6500,中性盘
1056,10:02:39,6.51,0.02,18,11718,买盘
1057,10:02:18,6.49,-0.01,100,64900,卖盘
1058,10:02:15,6.5,--,88,57200,卖盘
1059,10:02:09,6.5,--,5,3250,卖盘
1060,10:02:03,6.5,0.01,96,62400,买盘
1061,10:02:00,6.49,--,54,35046,卖盘
1062,10:01:57,6.49,--,20,12980,卖盘
1063,10:01:48,6.49,--,5,3245,卖盘
1064,10:01:42,6.49,0.02,155,100595,买盘
1065,10:01:36,6.47,-0.01,20,12940,卖盘
1066,10:01:33,6.48,0.01,54,34992,买盘
1067,10:01:21,6.47,--,49,31703,买盘
1068,10:01:09,6.47,0.01,8,5176,买盘
1069,10:01:00,6.46,--,6,3876,买盘
1070,10:00:42,6.46,--,37,23902,买盘
1071,10:00:39,6.46,--,9,5814,买盘
1072,10:00:30,6.46,--,54,34884,买盘
1073,10:00:24,6.46,--,8,5168,买盘
1074,10:00:21,6.46,--,40,25840,买盘
1075,10:00:09,6.46,--,9,5814,买盘
1076,09:59:27,6.46,0.01,54,34884,买盘
1077,09:58:57,6.45,--,5,3225,中性盘
1078,09:58:18,6.45,-0.01,10,6450,中性盘
1079,09:58:00,6.46,--,15,9690,买盘
1080,09:57:51,6.46,--,24,15504,买盘
1081,09:57:36,6.46,--,5,3230,买盘
1082,09:56:03,6.46,0.02,6,3876,买盘
1083,09:55:45,6.44,--,0,257,买盘
1084,09:55:36,6.44,--,33,21252,买盘
1085,09:55:30,6.44,--,10,6440,买盘
1086,09:55:27,6.44,--,29,18676,买盘
1087,09:55:21,6.44,-0.01,127,82174,卖盘
1088,09:55:12,6.45,--,20,12900,买盘
1089,09:55:09,6.45,--,13,8385,买盘
1090,09:55:06,6.45,0.01,70,45150,买盘
1091,09:54:51,6.44,--,145,93637,买盘
1092,09:54:45,6.44,--,5,3220,买盘
1093,09:54:24,6.44,--,94,60536,买盘
1094,09:54:21,6.44,0.01,5,3220,买盘
1095,09:54:18,6.43,--,4,3086,卖盘
1096,09:54:06,6.43,0.01,119,76517,买盘
1097,09:53:54,6.42,--,10,6420,卖盘
1098,09:53:48,6.42,0.01,30,19645,买盘
1099,09:53:15,6.41,--,20,12820,卖盘
1100,09:53:00,6.41,--,2,1282,卖盘
1101,09:52:54,6.41,0.01,9,5769,买盘
1102,09:52:33,6.4,-0.01,1,640,卖盘
1103,09:52:09,6.41,0.01,1,641,买盘
1104,09:51:42,6.4,-0.01,15,9600,卖盘
1105,09:51:21,6.41,--,99,63459,卖盘
1106,09:51:12,6.41,--,15,9615,卖盘
1107,09:51:09,6.41,--,9,5769,卖盘
1108,09:50:39,6.41,-0.02,60,38460,卖盘
1109,09:49:39,6.43,0.02,6,3858,买盘
1110,09:49:27,6.41,-0.02,18,11538,卖盘
1111,09:49:09,6.43,-0.01,4,2572,中性盘
1112,09:47:48,6.44,--,71,45724,买盘
1113,09:47:00,6.44,0.01,130,83720,买盘
1114,09:46:54,6.43,--,70,45010,买盘
1115,09:46:27,6.43,0.01,20,12860,买盘
1116,09:46:06,6.42,--,49,31458,买盘
1117,09:45:45,6.42,0.03,20,12840,买盘
1118,09:45:24,6.39,-0.03,90,57510,卖盘
1119,09:45:18,6.42,--,13,8346,买盘
1120,09:45:06,6.42,--,41,26322,买盘
1121,09:44:09,6.42,0.02,59,37878,买盘
1122,09:44:03,6.4,--,3,1920,卖盘
1123,09:44:00,6.4,--,2,1280,卖盘
1124,09:43:51,6.4,-0.02,11,7040,卖盘
1125,09:42:24,6.42,--,41,26322,买盘
1126,09:42:21,6.42,-0.01,56,35952,卖盘
1127,09:42:15,6.43,0.01,29,18647,买盘
1128,09:42:12,6.42,--,3,1926,卖盘
1129,09:41:57,6.42,--,55,35310,买盘
1130,09:41:30,6.42,0.02,10,6420,买盘
1131,09:41:15,6.4,-0.02,1,640,卖盘
1132,09:41:06,6.42,--,3,1926,买盘
1133,09:41:00,6.42,--,10,6420,买盘
1134,09:40:57,6.42,--,6,3852,卖盘
1135,09:40:48,6.42,--,44,28248,买盘
1136,09:40:39,6.42,--,19,12198,买盘
1137,09:40:36,6.42,--,5,3210,买盘
1138,09:40:30,6.42,--,58,37236,买盘
1139,09:40:21,6.42,0.01,33,21186,买盘
1140,09:40:12,6.41,0.01,106,67946,买盘
1141,09:40:03,6.4,--,19,12160,卖盘
1142,09:39:15,6.4,-0.01,10,6400,中性盘
1143,09:39:00,6.41,0.02,50,32050,买盘
1144,09:38:54,6.39,--,3,1917,买盘
1145,09:38:24,6.39,--,17,10863,买盘
1146,09:37:21,6.39,0.03,97,61983,买盘
1147,09:37:15,6.36,0.01,70,44520,买盘
1148,09:36:54,6.35,-0.01,3,1905,中性盘
1149,09:36:51,6.36,0.01,22,13992,买盘
1150,09:36:45,6.35,0.01,1000,635000,买盘
1151,09:36:36,6.34,-0.01,100,63400,卖盘
1152,09:36:21,6.35,--,2,1270,卖盘
1153,09:36:06,6.35,0.02,3,1905,买盘
1154,09:36:03,6.33,--,30,18990,卖盘
1155,09:35:03,6.33,-0.03,32,20256,卖盘
1156,09:35:00,6.36,--,18,11448,买盘
1157,09:34:57,6.36,0.01,1,636,买盘
1158,09:34:42,6.35,0.02,18,11430,买盘
1159,09:34:24,6.33,-0.01,6,3798,卖盘
1160,09:34:12,6.34,--,1,634,买盘
1161,09:33:57,6.34,--,5,3170,买盘
1162,09:33:48,6.34,--,20,12680,买盘
1163,09:33:39,6.34,--,55,34870,买盘
1164,09:33:36,6.34,--,8,5072,买盘
1165,09:33:12,6.34,0.01,14,8876,买盘
1166,09:32:54,6.33,--,31,20085,买盘
1167,09:32:51,6.33,--,2,1266,买盘
1168,09:32:42,6.33,--,1,633,买盘
1169,09:32:33,6.33,--,10,6330,买盘
1170,09:32:21,6.33,--,54,34182,买盘
1171,09:32:06,6.33,--,10,6330,买盘
1172,09:32:03,6.33,0.01,5,3165,买盘
1173,09:31:57,6.32,-0.02,5,3160,卖盘
1174,09:31:48,6.34,0.02,1,634,买盘
1175,09:31:42,6.32,--,68,42976,卖盘
1176,09:31:33,6.32,-0.02,9,5688,卖盘
1177,09:31:06,6.34,--,92,58328,卖盘
1178,09:31:03,6.34,-0.02,10,6340,卖盘
1179,09:30:42,6.36,--,10,6360,卖盘
1180,09:30:15,6.36,--,5,3180,卖盘
1181,09:30:03,6.36,0.01,5,3180,中性盘
1182,09:30:00,6.35,--,0,0,卖盘
1183,09:25:03,6.35,6.35,14,8896,买盘
