,time,price,change,volume,amount,type
0,15:00:03,3.48,--,3311,1152228,买盘
1,14:57:00,3.48,--,257,89436,买盘
2,14:56:57,3.48,--,10,3480,买盘
3,14:56:54,3.48,0.01,30,10440,买盘
4,14:56:51,3.47,-0.01,63,21861,卖盘
5,14:56:48,3.48,--,100,34800,买盘
6,14:56:45,3.48,0.01,10,3480,买盘
7,14:56:42,3.47,-0.01,20,6940,卖盘
8,14:56:39,3.48,--,16,5568,买盘
9,14:56:33,3.48,--,222,77256,买盘
10,14:56:30,3.48,--,18,6264,买盘
11,14:56:27,3.48,--,50,17400,买盘
12,14:56:24,3.48,0.01,60,20880,买盘
13,14:56:21,3.47,--,13,4511,卖盘
14,14:56:18,3.47,-0.01,100,34700,卖盘
15,14:56:15,3.48,--,5,1740,买盘
16,14:56:12,3.48,0.01,204,70992,买盘
17,14:56:09,3.47,-0.01,15,5205,卖盘
18,14:56:06,3.48,--,350,121800,买盘
19,14:56:03,3.48,0.01,127,44196,买盘
20,14:56:00,3.47,-0.01,20,6940,卖盘
21,14:55:51,3.48,--,30,10440,买盘
22,14:55:48,3.48,--,33,11484,买盘
23,14:55:45,3.48,0.01,4,1392,买盘
24,14:55:42,3.47,-0.01,280,97160,卖盘
25,14:55:39,3.48,--,69,24012,买盘
26,14:55:36,3.48,--,16,5568,买盘
27,14:55:33,3.48,0.01,12,4176,买盘
28,14:55:30,3.47,-0.01,5,1735,卖盘
29,14:55:27,3.48,0.01,3,1044,买盘
30,14:55:24,3.47,-0.01,6,2082,卖盘
31,14:55:21,3.48,0.01,300,104400,买盘
32,14:55:18,3.47,--,124,43028,卖盘
33,14:55:15,3.47,--,130,45110,卖盘
34,14:55:06,3.47,--,250,86750,卖盘
35,14:55:03,3.47,--,100,34700,卖盘
36,14:55:00,3.47,0.01,347,120409,买盘
37,14:54:48,3.46,--,50,17300,卖盘
38,14:54:42,3.46,-0.01,2000,692000,卖盘
39,14:54:39,3.47,--,2839,985133,买盘
40,14:54:33,3.47,--,1012,351164,买盘
41,14:54:30,3.47,--,1,347,买盘
42,14:54:27,3.47,0.01,300,104100,买盘
43,14:54:24,3.46,-0.01,100,34600,卖盘
44,14:54:21,3.47,--,200,69400,买盘
45,14:54:18,3.47,--,130,45110,买盘
46,14:54:15,3.47,--,4,1388,买盘
47,14:54:12,3.47,0.01,16,5552,买盘
48,14:54:09,3.46,-0.01,1,346,卖盘
49,14:54:06,3.47,--,10,3470,买盘
50,14:54:03,3.47,--,50,17350,买盘
51,14:53:48,3.47,--,1,347,买盘
52,14:53:42,3.47,--,40,13880,买盘
53,14:53:39,3.47,--,100,34700,买盘
54,14:53:36,3.47,--,108,37476,买盘
55,14:53:24,3.47,--,2,694,买盘
56,14:53:09,3.47,--,35,12145,买盘
57,14:53:06,3.47,0.01,1072,371984,买盘
58,14:53:03,3.46,--,4,1384,买盘
59,14:52:54,3.46,0.01,203,70238,买盘
60,14:52:39,3.45,-0.01,20,6900,卖盘
61,14:52:36,3.46,0.01,310,107260,买盘
62,14:52:30,3.45,-0.01,660,227700,卖盘
63,14:52:18,3.46,0.01,99,34254,买盘
64,14:52:15,3.45,--,25,8625,卖盘
65,14:52:00,3.45,--,108,37260,卖盘
66,14:51:54,3.45,-0.01,10,3450,卖盘
67,14:51:39,3.46,0.01,214,74044,买盘
68,14:51:33,3.45,-0.01,80,27600,卖盘
69,14:51:30,3.46,--,16,5536,买盘
70,14:51:24,3.46,0.01,10,3460,买盘
71,14:51:18,3.45,-0.01,3,1035,卖盘
72,14:51:12,3.46,--,20,6920,买盘
73,14:51:09,3.46,0.01,11,3806,买盘
74,14:51:00,3.45,--,10,3450,卖盘
75,14:50:42,3.45,-0.01,340,117300,卖盘
76,14:50:36,3.46,--,200,69200,买盘
77,14:50:27,3.46,--,249,86154,买盘
78,14:50:12,3.46,--,19,6574,买盘
79,14:50:09,3.46,0.01,10,3460,买盘
80,14:50:06,3.45,--,21,7245,卖盘
81,14:49:48,3.45,-0.01,5,1725,卖盘
82,14:49:42,3.46,0.01,10,3460,买盘
83,14:49:36,3.45,--,4,1380,卖盘
84,14:49:33,3.45,-0.01,15,5175,卖盘
85,14:49:30,3.46,--,72,24912,买盘
86,14:49:27,3.46,--,10,3460,买盘
87,14:49:24,3.46,--,22,7612,买盘
88,14:49:18,3.46,--,398,137708,卖盘
89,14:49:12,3.46,--,1186,410356,卖盘
90,14:49:09,3.46,--,28,9688,卖盘
91,14:49:03,3.46,--,10,3460,卖盘
92,14:48:54,3.46,--,100,34600,卖盘
93,14:48:51,3.46,--,10,3460,卖盘
94,14:48:48,3.46,--,20,6920,卖盘
95,14:48:42,3.46,--,40,13840,卖盘
96,14:48:39,3.46,--,4,1384,卖盘
97,14:48:36,3.46,--,63,21798,卖盘
98,14:48:30,3.46,-0.01,100,34600,卖盘
99,14:48:18,3.47,0.01,629,218263,买盘
100,14:48:15,3.46,--,3,1038,卖盘
101,14:48:12,3.46,--,292,101032,卖盘
102,14:48:06,3.46,--,11,3806,卖盘
103,14:48:03,3.46,--,3,1038,卖盘
104,14:48:00,3.46,--,3,1038,卖盘
105,14:47:57,3.46,--,3,1038,卖盘
106,14:47:54,3.46,--,51,17646,卖盘
107,14:47:51,3.46,--,3818,1321028,买盘
108,14:47:42,3.46,--,20,6920,买盘
109,14:47:36,3.46,0.01,3,1038,买盘
110,14:47:33,3.45,-0.01,4,1380,卖盘
111,14:47:30,3.46,0.01,71,24566,买盘
112,14:47:27,3.45,-0.01,1,345,卖盘
113,14:47:21,3.46,0.01,8,2768,买盘
114,14:47:09,3.45,-0.01,10,3450,卖盘
115,14:47:03,3.46,--,11,3806,买盘
116,14:47:00,3.46,0.01,20,6920,买盘
117,14:46:57,3.45,--,10,3450,卖盘
118,14:46:51,3.45,-0.01,83,28635,卖盘
119,14:46:36,3.46,0.01,100,34600,买盘
120,14:46:30,3.45,-0.01,2,690,卖盘
121,14:46:27,3.46,--,71,24566,买盘
122,14:46:18,3.46,--,20,6920,买盘
123,14:46:00,3.46,--,78,26988,买盘
124,14:45:54,3.46,0.01,59,20414,买盘
125,14:45:45,3.45,-0.01,11,3795,卖盘
126,14:45:36,3.46,--,20,6920,买盘
127,14:45:18,3.46,--,50,17300,买盘
128,14:44:54,3.46,--,9,3114,买盘
129,14:44:51,3.46,--,3,1038,买盘
130,14:44:45,3.46,--,16,5536,买盘
131,14:44:39,3.46,--,15,5190,买盘
132,14:44:30,3.46,--,5,1730,买盘
133,14:44:21,3.46,--,15,5190,买盘
134,14:44:09,3.46,--,15,5190,买盘
135,14:44:03,3.46,0.01,15,5190,买盘
136,14:43:48,3.45,-0.01,68,23460,卖盘
137,14:43:42,3.46,--,15,5190,买盘
138,14:43:36,3.46,0.01,15,5190,买盘
139,14:43:33,3.45,-0.01,115,39675,卖盘
140,14:43:30,3.46,--,8,2768,买盘
141,14:43:24,3.46,--,35,12110,买盘
142,14:43:18,3.46,--,3,1038,买盘
143,14:43:06,3.46,--,17,5882,买盘
144,14:43:03,3.46,0.01,15,5190,买盘
145,14:43:00,3.45,-0.01,50,17250,卖盘
146,14:42:45,3.46,0.01,15,5190,买盘
147,14:42:36,3.45,-0.01,100,34500,卖盘
148,14:42:30,3.46,--,16,5536,买盘
149,14:42:24,3.46,0.01,15,5190,买盘
150,14:42:21,3.45,--,102,35190,卖盘
151,14:42:18,3.45,--,10,3450,卖盘
152,14:42:15,3.45,-0.01,2,690,卖盘
153,14:42:12,3.46,--,1,346,买盘
154,14:42:06,3.46,0.01,15,5190,买盘
155,14:41:57,3.45,-0.01,100,34500,卖盘
156,14:41:54,3.46,--,25,8650,买盘
157,14:41:48,3.46,0.01,101,34946,买盘
158,14:41:42,3.45,-0.01,3,1035,卖盘
159,14:41:36,3.46,--,90,31140,买盘
160,14:41:27,3.46,--,15,5190,买盘
161,14:41:21,3.46,0.01,110,38060,买盘
162,14:41:12,3.45,--,4,1380,卖盘
163,14:41:09,3.45,--,467,161115,买盘
164,14:41:06,3.45,--,216,74520,买盘
165,14:41:00,3.45,--,78,26910,买盘
166,14:40:54,3.45,--,777,268065,买盘
167,14:40:51,3.45,--,31,10695,买盘
168,14:40:48,3.45,--,15,5175,买盘
169,14:40:36,3.45,--,132,45540,买盘
170,14:40:33,3.45,--,20,6900,买盘
171,14:40:30,3.45,--,15,5175,买盘
172,14:40:15,3.45,--,16,5520,买盘
173,14:40:09,3.45,--,15,5175,买盘
174,14:40:06,3.45,--,25,8625,买盘
175,14:40:03,3.45,--,56,19320,买盘
176,14:39:51,3.45,--,15,5175,买盘
177,14:39:39,3.45,--,315,108675,买盘
178,14:39:33,3.45,--,15,5175,买盘
179,14:39:30,3.45,--,30,10350,买盘
180,14:39:27,3.45,--,20,6900,买盘
181,14:39:15,3.45,--,40,13800,买盘
182,14:39:12,3.45,--,35,12075,买盘
183,14:39:09,3.45,--,5,1725,买盘
184,14:39:06,3.45,--,43,14835,买盘
185,14:39:03,3.45,--,12,4140,买盘
186,14:38:54,3.45,0.01,26,8970,买盘
187,14:38:39,3.44,--,985,338908,买盘
188,14:38:36,3.44,0.01,518,178192,买盘
189,14:38:33,3.43,-0.01,45,15435,卖盘
190,14:38:18,3.44,--,120,41280,买盘
191,14:38:12,3.44,--,15,5160,买盘
192,14:37:57,3.44,0.01,15,5160,买盘
193,14:37:54,3.43,--,19,6517,卖盘
194,14:37:51,3.43,-0.01,20,6860,卖盘
195,14:37:33,3.44,--,25,8600,买盘
196,14:37:24,3.44,--,31,10664,买盘
197,14:37:15,3.44,--,15,5160,买盘
198,14:37:12,3.44,--,16,5504,买盘
199,14:37:09,3.44,--,8,2752,买盘
200,14:36:57,3.44,--,17,5848,买盘
201,14:36:54,3.44,--,65,22360,买盘
202,14:36:51,3.44,--,15,5160,买盘
203,14:36:42,3.44,--,8,2752,买盘
204,14:36:36,3.44,--,27,9288,买盘
205,14:36:30,3.44,--,11,3784,买盘
206,14:36:18,3.44,--,57,19608,买盘
207,14:36:15,3.44,--,48,16512,买盘
208,14:36:00,3.44,--,8,2752,买盘
209,14:35:57,3.44,--,15,5160,买盘
210,14:35:54,3.44,--,1,344,买盘
211,14:35:45,3.44,--,15,5160,买盘
212,14:35:39,3.44,0.01,15,5160,买盘
213,14:35:30,3.43,-0.01,2,686,卖盘
214,14:35:24,3.44,--,8,2752,买盘
215,14:35:21,3.44,--,82,28208,买盘
216,14:35:15,3.44,--,4,1376,买盘
217,14:35:12,3.44,--,15,5160,买盘
218,14:35:03,3.44,--,8,2752,买盘
219,14:35:00,3.44,0.01,15,5160,买盘
220,14:34:48,3.43,-0.01,2,686,卖盘
221,14:34:42,3.44,--,16,5504,买盘
222,14:34:39,3.44,--,15,5160,买盘
223,14:34:21,3.44,--,15,5160,买盘
224,14:34:15,3.44,--,14,4816,买盘
225,14:34:06,3.44,0.01,15,5160,买盘
226,14:33:54,3.43,--,97,33271,买盘
227,14:33:42,3.43,--,155,53165,买盘
228,14:33:39,3.43,--,15,5145,买盘
229,14:33:36,3.43,--,17,5831,买盘
230,14:33:33,3.43,--,15,5145,买盘
231,14:33:27,3.43,--,4,1372,卖盘
232,14:33:18,3.43,-0.01,200,68600,卖盘
233,14:33:15,3.44,--,15,5160,买盘
234,14:33:12,3.44,--,1,344,买盘
235,14:33:00,3.44,--,17,5848,买盘
236,14:32:57,3.44,--,15,5160,买盘
237,14:32:36,3.44,--,15,5160,买盘
238,14:32:33,3.44,--,20,6880,买盘
239,14:32:24,3.44,--,15,5160,买盘
240,14:32:18,3.44,0.01,15,5160,买盘
241,14:32:09,3.43,-0.01,32,10976,卖盘
242,14:32:00,3.44,0.01,15,5160,买盘
243,14:31:57,3.43,-0.01,9,3087,卖盘
244,14:31:51,3.44,0.01,15,5160,买盘
245,14:31:42,3.43,--,686,235298,买盘
246,14:31:39,3.43,--,15,5145,买盘
247,14:31:33,3.43,--,1,343,买盘
248,14:31:24,3.43,--,8,2744,买盘
249,14:31:21,3.43,--,15,5145,买盘
250,14:31:18,3.43,--,15,5145,买盘
251,14:31:03,3.43,--,15,5145,买盘
252,14:29:51,3.43,--,10,3430,买盘
253,14:29:39,3.43,--,64,21952,买盘
254,14:29:09,3.43,--,705,241815,卖盘
255,14:29:00,3.43,--,26,8918,卖盘
256,14:28:57,3.43,--,48,16464,卖盘
257,14:28:42,3.43,--,30,10290,卖盘
258,14:28:21,3.43,--,12,4116,卖盘
259,14:28:18,3.43,--,30,10290,卖盘
260,14:28:06,3.43,--,50,17150,卖盘
261,14:28:03,3.43,--,1,343,卖盘
262,14:27:54,3.43,--,70,24010,卖盘
263,14:27:45,3.43,--,50,17150,卖盘
264,14:27:42,3.43,--,2,686,卖盘
265,14:27:33,3.43,--,400,137200,卖盘
266,14:27:24,3.43,-0.01,84,28812,卖盘
267,14:27:18,3.44,--,74,25456,买盘
268,14:27:15,3.44,0.01,8,2752,买盘
269,14:27:09,3.43,--,100,34300,卖盘
270,14:26:57,3.43,--,147,50421,卖盘
271,14:26:51,3.43,--,63,21609,卖盘
272,14:26:48,3.43,-0.01,1,343,卖盘
273,14:26:45,3.44,0.01,8,2752,买盘
274,14:26:39,3.43,-0.01,2,686,卖盘
275,14:26:21,3.44,--,6,2064,买盘
276,14:26:15,3.44,0.01,13,4472,买盘
277,14:26:06,3.43,--,49,16807,卖盘
278,14:25:51,3.43,--,1,343,卖盘
279,14:25:45,3.43,-0.01,50,17150,卖盘
280,14:25:39,3.44,--,48,16512,买盘
281,14:25:00,3.44,--,219,75336,买盘
282,14:24:54,3.44,0.01,4,1376,买盘
283,14:24:51,3.43,--,60,20580,卖盘
284,14:24:48,3.43,-0.01,100,34300,卖盘
285,14:24:42,3.44,0.01,12,4128,买盘
286,14:24:30,3.43,-0.01,40,13720,卖盘
287,14:24:24,3.44,--,3,1032,买盘
288,14:24:15,3.44,--,9,3096,买盘
289,14:24:03,3.44,--,32,11008,买盘
290,14:23:54,3.44,0.01,107,36808,买盘
291,14:23:51,3.43,-0.01,3,1029,卖盘
292,14:23:45,3.44,-0.01,85,29240,卖盘
293,14:23:42,3.45,0.01,41,14145,买盘
294,14:23:39,3.44,--,70,24080,卖盘
295,14:23:33,3.44,--,120,41280,卖盘
296,14:23:27,3.44,--,24,8256,卖盘
297,14:23:24,3.44,--,5,1720,卖盘
298,14:23:15,3.44,0.01,203,69832,买盘
299,14:23:12,3.43,-0.01,8,2744,卖盘
300,14:23:03,3.44,--,10,3440,买盘
301,14:22:57,3.44,0.01,2295,789480,买盘
302,14:22:54,3.43,0.01,179,61397,买盘
303,14:22:45,3.42,-0.01,10,3420,卖盘
304,14:22:42,3.43,--,199,68257,买盘
305,14:22:39,3.43,--,158,54194,买盘
306,14:22:33,3.43,--,112,38416,买盘
307,14:22:30,3.43,--,5,1715,买盘
308,14:22:27,3.43,--,77,26411,卖盘
309,14:22:24,3.43,0.01,203,69629,买盘
310,14:22:21,3.42,-0.01,30,10260,卖盘
311,14:22:18,3.43,--,6,2058,买盘
312,14:22:12,3.43,--,548,187964,买盘
313,14:22:09,3.43,--,1,343,买盘
314,14:22:03,3.43,--,80,27440,买盘
315,14:22:00,3.43,--,7,2401,买盘
316,14:21:54,3.43,--,32,10976,买盘
317,14:21:51,3.43,--,8,2744,买盘
318,14:21:45,3.43,--,118,40474,买盘
319,14:21:42,3.43,--,65,22295,买盘
320,14:21:33,3.43,0.01,166,56938,买盘
321,14:21:27,3.42,-0.01,200,68400,卖盘
322,14:21:24,3.43,0.01,17,5831,买盘
323,14:21:21,3.42,-0.01,300,102600,卖盘
324,14:21:15,3.43,--,16,5488,买盘
325,14:21:12,3.43,--,2,686,买盘
326,14:21:09,3.43,--,30,10290,买盘
327,14:21:03,3.43,--,9,3087,买盘
328,14:20:54,3.43,--,10,3430,买盘
329,14:20:45,3.43,--,9,3087,买盘
330,14:20:42,3.43,--,17,5831,买盘
331,14:20:30,3.43,--,37,12691,买盘
332,14:20:27,3.43,--,15,5145,买盘
333,14:20:21,3.43,--,14,4802,买盘
334,14:20:15,3.43,--,10,3430,买盘
335,14:20:12,3.43,--,87,29841,买盘
336,14:20:00,3.43,--,52,17836,买盘
337,14:19:51,3.43,0.01,64,21952,买盘
338,14:19:48,3.42,--,40,13680,卖盘
339,14:19:33,3.42,--,128,43823,买盘
340,14:19:30,3.42,--,550,188100,买盘
341,14:19:27,3.42,--,60,20520,买盘
342,14:19:24,3.42,--,95,32490,买盘
343,14:19:21,3.42,--,905,309510,买盘
344,14:19:18,3.42,--,10,3420,买盘
345,14:19:15,3.42,--,90,30780,买盘
346,14:19:12,3.42,--,119,40698,买盘
347,14:19:06,3.42,--,10,3420,买盘
348,14:19:00,3.42,--,15,5130,买盘
349,14:18:57,3.42,0.01,70,23940,买盘
350,14:18:54,3.41,-0.01,57,19437,卖盘
351,14:18:51,3.42,--,29,9918,买盘
352,14:18:42,3.42,0.01,7,2394,买盘
353,14:18:39,3.41,-0.01,51,17391,卖盘
354,14:18:30,3.42,--,9,3078,买盘
355,14:18:27,3.42,0.01,5,1710,买盘
356,14:18:15,3.41,--,25,8525,卖盘
357,14:18:06,3.41,--,1654,564014,买盘
358,14:17:57,3.41,--,195,66495,买盘
359,14:17:54,3.41,--,16,5456,买盘
360,14:17:51,3.41,--,5,1705,买盘
361,14:17:45,3.41,0.01,8,2728,买盘
362,14:17:33,3.4,-0.01,10,3400,卖盘
363,14:17:12,3.41,--,153,52173,买盘
364,14:17:09,3.41,0.01,107,36487,买盘
365,14:17:06,3.4,--,4,1360,卖盘
366,14:16:48,3.4,-0.01,11,3740,卖盘
367,14:16:39,3.41,0.01,28,9548,买盘
368,14:16:30,3.4,--,505,171700,卖盘
369,14:16:12,3.4,--,78,26520,卖盘
370,14:16:06,3.4,--,1064,361760,卖盘
371,14:15:51,3.4,-0.01,7,2380,卖盘
372,14:15:39,3.41,--,5,1705,买盘
373,14:15:33,3.41,--,1632,556512,买盘
374,14:15:21,3.41,0.01,33,11253,买盘
375,14:15:15,3.4,-0.01,184,62560,卖盘
376,14:15:12,3.41,--,2,682,买盘
377,14:15:03,3.41,--,137,46717,买盘
378,14:15:00,3.41,0.01,8,2728,买盘
379,14:14:18,3.4,--,200,68000,卖盘
380,14:14:15,3.4,--,226,76840,卖盘
381,14:13:51,3.4,--,7,2380,卖盘
382,14:13:45,3.4,--,25,8500,卖盘
383,14:12:57,3.4,-0.01,10,3400,卖盘
384,14:12:48,3.41,--,1,341,买盘
385,14:12:24,3.41,--,43,14663,卖盘
386,14:12:09,3.41,--,21,7161,买盘
387,14:11:57,3.41,--,20,6820,买盘
388,14:11:33,3.41,--,59,20119,卖盘
389,14:10:51,3.41,--,100,34100,卖盘
390,14:10:27,3.41,--,5,1705,卖盘
391,14:10:12,3.41,--,748,255068,买盘
392,14:10:09,3.41,-0.01,152,51832,卖盘
393,14:10:06,3.42,0.01,7,2394,买盘
394,14:09:45,3.41,--,125,42625,买盘
395,14:09:39,3.41,--,2,682,买盘
396,14:09:30,3.41,--,89,30349,买盘
397,14:09:18,3.41,--,8,2728,买盘
398,14:09:12,3.41,--,2,682,买盘
399,14:08:57,3.41,0.01,100,34100,买盘
400,14:08:36,3.4,-0.01,71,24140,卖盘
401,14:08:27,3.41,--,120,40920,买盘
402,14:08:21,3.41,--,18,6138,买盘
403,14:08:15,3.41,0.01,6,2046,买盘
404,14:07:03,3.4,-0.01,403,137020,卖盘
405,14:06:51,3.41,0.01,6,2046,买盘
406,14:06:30,3.4,-0.01,100,34000,卖盘
407,14:06:27,3.41,--,268,91388,买盘
408,14:06:18,3.41,--,100,34100,买盘
409,14:06:12,3.41,--,151,51491,买盘
410,14:06:09,3.41,--,80,27280,买盘
411,14:05:51,3.41,--,31,10571,买盘
412,14:05:48,3.41,--,7,2387,买盘
413,14:05:45,3.41,--,3,1023,买盘
414,14:05:42,3.41,--,9,3069,买盘
415,14:05:39,3.41,--,101,34441,买盘
416,14:05:30,3.41,--,40,13640,买盘
417,14:05:21,3.41,0.01,5,1705,买盘
418,14:05:18,3.4,--,500,170000,卖盘
419,14:05:00,3.4,-0.01,20,6800,卖盘
420,14:04:54,3.41,--,4,1364,买盘
421,14:04:48,3.41,--,32,10912,卖盘
422,14:04:36,3.41,--,9,3069,卖盘
423,14:04:27,3.41,--,5,1705,卖盘
424,14:04:12,3.41,--,375,127875,买盘
425,14:04:06,3.41,--,70,23870,买盘
426,14:04:00,3.41,--,17,5797,买盘
427,14:03:48,3.41,0.01,51,17391,买盘
428,14:03:45,3.4,-0.01,1,340,卖盘
429,14:03:42,3.41,--,33,11253,买盘
430,14:03:27,3.41,--,383,130603,卖盘
431,14:03:21,3.41,--,50,17050,卖盘
432,14:03:03,3.41,--,30,10230,卖盘
433,14:03:00,3.41,--,3,1023,卖盘
434,14:02:57,3.41,-0.01,1,341,卖盘
435,14:02:54,3.42,0.01,50,17100,买盘
436,14:02:45,3.41,-0.01,15,5115,卖盘
437,14:02:39,3.42,0.01,20,6840,买盘
438,14:02:33,3.41,-0.01,998,340318,卖盘
439,14:02:30,3.42,--,29,9918,买盘
440,14:02:27,3.42,0.01,6,2052,买盘
441,14:02:21,3.41,-0.01,302,102982,卖盘
442,14:02:15,3.42,--,1,342,买盘
443,14:02:09,3.42,0.01,6,2052,买盘
444,14:01:57,3.41,-0.01,4,1364,卖盘
445,14:01:54,3.42,--,411,140562,买盘
446,14:01:15,3.42,--,26,8892,买盘
447,14:01:03,3.42,0.01,12,4104,买盘
448,14:00:57,3.41,-0.01,20,6820,卖盘
449,14:00:45,3.42,0.01,50,17100,买盘
450,14:00:39,3.41,--,9,3069,卖盘
451,14:00:30,3.41,--,3,1023,卖盘
452,14:00:12,3.41,-0.01,5,1705,卖盘
453,14:00:06,3.42,0.01,51,17442,买盘
454,14:00:03,3.41,--,5,1705,卖盘
455,13:59:54,3.41,--,1,341,卖盘
456,13:59:45,3.41,-0.01,20,6820,卖盘
457,13:59:36,3.42,0.01,51,17442,买盘
458,13:59:30,3.41,-0.01,1,341,卖盘
459,13:59:27,3.42,--,51,17442,买盘
460,13:59:18,3.42,--,50,17100,买盘
461,13:59:12,3.42,0.01,51,17442,买盘
462,13:59:09,3.41,-0.01,5,1705,卖盘
463,13:59:06,3.42,0.01,303,103626,买盘
464,13:59:03,3.41,-0.01,2,682,卖盘
465,13:59:00,3.42,0.01,9,3078,买盘
466,13:58:57,3.41,--,17,5797,买盘
467,13:58:54,3.41,--,159,54219,卖盘
468,13:58:45,3.41,--,5,1705,卖盘
469,13:58:39,3.41,--,27,9207,买盘
470,13:58:36,3.41,--,683,232903,买盘
471,13:58:30,3.41,--,10,3410,买盘
472,13:58:24,3.41,--,48,16368,买盘
473,13:58:21,3.41,--,683,232903,买盘
474,13:58:00,3.41,--,11,3751,买盘
475,13:57:24,3.41,--,29,9889,买盘
476,13:57:06,3.41,0.01,13,4433,买盘
477,13:57:03,3.4,-0.01,5,1700,卖盘
478,13:56:33,3.41,0.01,19,6479,买盘
479,13:56:24,3.4,-0.01,23,7820,卖盘
480,13:56:21,3.41,--,90,30690,买盘
481,13:56:06,3.41,--,20,6820,买盘
482,13:55:33,3.41,0.01,230,78430,买盘
483,13:55:21,3.4,-0.01,3,1020,卖盘
484,13:55:18,3.41,--,46,15686,买盘
485,13:55:03,3.41,--,390,132990,买盘
486,13:54:54,3.41,--,2,682,买盘
487,13:54:45,3.41,--,3,1023,买盘
488,13:54:30,3.41,0.01,52,17732,买盘
489,13:54:27,3.4,--,18,6120,卖盘
490,13:54:18,3.4,-0.01,4,1360,卖盘
491,13:54:09,3.41,0.01,333,113553,买盘
492,13:53:51,3.4,-0.01,100,34000,卖盘
493,13:53:30,3.41,--,50,17050,买盘
494,13:53:21,3.41,0.01,40,13640,买盘
495,13:53:18,3.4,--,50,17000,卖盘
496,13:53:09,3.4,--,20,6800,卖盘
497,13:52:39,3.4,-0.01,3,1020,卖盘
498,13:52:12,3.41,0.01,15,5115,买盘
499,13:51:42,3.4,-0.01,66,22440,卖盘
500,13:51:39,3.41,0.01,3,1023,买盘
501,13:50:45,3.4,--,4,1360,卖盘
502,13:50:42,3.4,--,1,340,卖盘
503,13:50:21,3.4,-0.01,1,340,卖盘
504,13:49:24,3.41,--,8,2728,买盘
505,13:49:21,3.41,0.01,9,3069,买盘
506,13:49:09,3.4,--,200,68000,卖盘
507,13:48:54,3.4,0.01,41,13940,买盘
508,13:48:45,3.39,-0.01,82,27798,卖盘
509,13:48:42,3.4,--,83,28220,卖盘
510,13:48:36,3.4,--,217,73780,卖盘
511,13:48:33,3.4,-0.01,10,3400,卖盘
512,13:48:30,3.41,--,87,29667,买盘
513,13:48:24,3.41,0.01,90,30690,买盘
514,13:48:18,3.4,--,451,153340,卖盘
515,13:48:15,3.4,-0.01,82,27880,卖盘
516,13:48:09,3.41,0.01,96,32736,买盘
517,13:48:06,3.4,--,83,28220,卖盘
518,13:47:45,3.4,--,10,3400,卖盘
519,13:47:42,3.4,-0.01,417,141780,卖盘
520,13:47:30,3.41,--,30,10230,买盘
521,13:47:27,3.41,--,50,17050,买盘
522,13:47:15,3.41,--,321,109461,卖盘
523,13:47:12,3.41,--,83,28303,卖盘
524,13:47:09,3.41,--,164,55924,卖盘
525,13:47:03,3.41,--,148,50468,卖盘
526,13:47:00,3.41,0.01,356,121396,买盘
527,13:46:57,3.4,--,84,28560,卖盘
528,13:46:54,3.4,--,83,28220,卖盘
529,13:46:51,3.4,--,11,3740,卖盘
530,13:46:45,3.4,--,1786,607240,买盘
531,13:46:36,3.4,0.01,1,340,买盘
532,13:46:33,3.39,--,5,1695,卖盘
533,13:46:09,3.39,--,6,2034,卖盘
534,13:46:03,3.39,-0.01,40,13560,卖盘
535,13:45:57,3.4,--,10,3400,买盘
536,13:45:54,3.4,--,294,99960,买盘
537,13:45:42,3.4,0.01,1,340,买盘
538,13:45:18,3.39,-0.01,20,6780,卖盘
539,13:45:09,3.4,--,2,680,买盘
540,13:45:00,3.4,0.01,4,1360,买盘
541,13:44:42,3.39,-0.01,12,4068,卖盘
542,13:44:27,3.4,0.01,51,17340,买盘
543,13:44:15,3.39,--,418,141702,卖盘
544,13:43:57,3.39,-0.01,27,9153,卖盘
545,13:43:54,3.4,--,1,340,买盘
546,13:43:51,3.4,--,8,2720,买盘
547,13:43:42,3.4,--,2,680,买盘
548,13:43:39,3.4,--,1,340,买盘
549,13:43:30,3.4,--,20,6800,买盘
550,13:43:27,3.4,--,10,3400,买盘
551,13:42:57,3.4,0.01,3,1020,买盘
552,13:42:45,3.39,--,10,3390,卖盘
553,13:42:15,3.39,--,93,31527,卖盘
554,13:42:09,3.39,-0.01,20,6780,卖盘
555,13:41:57,3.4,0.01,30,10200,买盘
556,13:41:54,3.39,--,23,7797,卖盘
557,13:41:48,3.39,-0.01,100,33900,卖盘
558,13:41:39,3.4,0.01,10,3400,买盘
559,13:41:24,3.39,--,20,6780,卖盘
560,13:41:15,3.39,--,100,33900,卖盘
561,13:40:51,3.39,--,3,1017,卖盘
562,13:40:42,3.39,--,250,84750,卖盘
563,13:40:24,3.39,-0.01,2,678,卖盘
564,13:40:15,3.4,0.01,8,2720,买盘
565,13:40:06,3.39,-0.01,240,81360,卖盘
566,13:40:00,3.4,--,1,340,买盘
567,13:39:48,3.4,--,20,6800,买盘
568,13:39:42,3.4,--,30,10200,买盘
569,13:39:24,3.4,--,29,9860,买盘
570,13:39:21,3.4,--,376,127840,卖盘
571,13:39:12,3.4,--,156,53040,卖盘
572,13:39:09,3.4,-0.01,110,37400,卖盘
573,13:38:57,3.41,0.01,13,4433,买盘
574,13:38:54,3.4,--,50,17000,卖盘
575,13:38:45,3.4,--,206,70040,卖盘
576,13:38:27,3.4,--,18,6120,卖盘
577,13:38:12,3.4,-0.02,99,33660,卖盘
578,13:37:30,3.42,0.01,381,130302,买盘
579,13:37:27,3.41,--,148,50468,买盘
580,13:37:18,3.41,--,59,20412,卖盘
581,13:37:12,3.41,--,87,29667,卖盘
582,13:37:06,3.41,-0.01,93,31713,卖盘
583,13:36:57,3.42,0.01,8,2736,买盘
584,13:36:45,3.41,--,10,3410,卖盘
585,13:36:42,3.41,0.01,200,68247,买盘
586,13:36:33,3.4,--,42,14280,卖盘
587,13:34:39,3.4,--,6,2040,卖盘
588,13:33:57,3.4,--,48,16320,买盘
589,13:33:45,3.4,-0.01,886,301240,卖盘
590,13:33:39,3.41,0.01,7,2387,买盘
591,13:33:06,3.4,-0.01,82,27880,卖盘
592,13:32:57,3.41,--,17,5797,买盘
593,13:32:36,3.41,--,11,3751,买盘
594,13:32:24,3.41,0.01,25,8525,买盘
595,13:32:18,3.4,-0.01,100,34000,卖盘
596,13:32:06,3.41,--,464,158224,买盘
597,13:31:36,3.41,0.01,5,1705,买盘
598,13:31:33,3.4,--,10,3400,卖盘
599,13:31:21,3.4,--,71,24140,买盘
600,13:31:18,3.4,--,65,22100,买盘
601,13:31:12,3.4,--,73,24820,买盘
602,13:30:54,3.4,--,25,8500,卖盘
603,13:30:48,3.4,--,121,41140,买盘
604,13:30:42,3.4,--,17,5780,卖盘
605,13:30:36,3.4,-0.01,71,24140,卖盘
606,13:30:30,3.41,0.01,109,37169,买盘
607,13:29:57,3.4,--,24,8160,卖盘
608,13:29:54,3.4,--,98,33320,卖盘
609,13:29:42,3.4,--,114,38760,卖盘
610,13:29:39,3.4,-0.01,1,340,卖盘
611,13:29:30,3.41,--,4,1364,买盘
612,13:28:45,3.41,--,304,103664,买盘
613,13:28:00,3.41,0.01,31,10571,买盘
614,13:27:57,3.4,-0.01,6,2040,中性盘
615,13:27:33,3.41,0.01,295,100595,买盘
616,13:27:30,3.4,-0.01,471,160140,卖盘
617,13:27:24,3.41,0.01,1,341,买盘
618,13:26:48,3.4,--,156,53040,卖盘
619,13:26:09,3.4,-0.01,164,55760,卖盘
620,13:25:57,3.41,0.01,30,10230,买盘
621,13:25:48,3.4,-0.01,12,4080,卖盘
622,13:25:42,3.41,0.01,125,42625,买盘
623,13:25:36,3.4,-0.01,140,47600,卖盘
624,13:25:30,3.41,--,72,24552,卖盘
625,13:25:27,3.41,--,38,12958,卖盘
626,13:25:24,3.41,--,71,24211,卖盘
627,13:25:15,3.41,--,4,1364,卖盘
628,13:24:39,3.41,--,10,3410,卖盘
629,13:24:36,3.41,--,20,6820,卖盘
630,13:24:33,3.41,0.01,1723,587543,买盘
631,13:24:27,3.4,--,97,32980,卖盘
632,13:23:48,3.4,--,1,340,卖盘
633,13:23:45,3.4,--,2,680,卖盘
634,13:23:39,3.4,-0.01,10,3400,卖盘
635,13:23:12,3.41,0.01,8,2728,买盘
636,13:23:00,3.4,-0.01,19,6460,卖盘
637,13:22:42,3.41,0.01,3,1023,买盘
638,13:22:30,3.4,--,15,5100,买盘
639,13:22:27,3.4,--,20,6800,买盘
640,13:22:03,3.4,--,2266,770440,卖盘
641,13:22:00,3.4,--,100,34000,卖盘
642,13:21:42,3.4,-0.01,1,340,卖盘
643,13:21:21,3.41,--,159,54219,买盘
644,13:21:00,3.41,--,1552,529232,卖盘
645,13:20:51,3.41,-0.01,100,34100,卖盘
646,13:20:45,3.42,--,5,1710,买盘
647,13:19:30,3.42,--,7,2394,买盘
648,13:19:15,3.42,0.01,40,13680,买盘
649,13:18:39,3.41,-0.01,1,341,卖盘
650,13:18:33,3.42,--,45,15390,卖盘
651,13:18:24,3.42,--,325,111150,买盘
652,13:18:18,3.42,--,1,342,买盘
653,13:17:24,3.42,--,50,17100,买盘
654,13:17:15,3.42,--,5,1710,买盘
655,13:17:00,3.42,--,283,96786,卖盘
656,13:16:39,3.42,--,8,2736,卖盘
657,13:15:57,3.42,--,30,10260,卖盘
658,13:15:21,3.42,-0.01,124,42408,卖盘
659,13:15:12,3.43,--,8,2744,买盘
660,13:14:51,3.43,0.01,100,34300,买盘
661,13:14:45,3.42,--,200,68400,卖盘
662,13:14:21,3.42,--,16,5472,卖盘
663,13:14:15,3.42,--,26,8892,卖盘
664,13:13:39,3.42,--,96,32832,买盘
665,13:13:21,3.42,--,30,10260,买盘
666,13:13:06,3.42,--,30,10260,买盘
667,13:13:03,3.42,--,50,17100,买盘
668,13:12:30,3.42,--,101,34542,卖盘
669,13:12:27,3.42,-0.01,22,7524,卖盘
670,13:12:00,3.43,0.01,1,343,买盘
671,13:11:39,3.42,--,4,1368,卖盘
672,13:11:21,3.42,--,50,17100,卖盘
673,13:10:27,3.42,--,20,6840,卖盘
674,13:10:24,3.42,--,50,17100,卖盘
675,13:10:15,3.42,--,11,3762,卖盘
676,13:10:12,3.42,--,251,85842,买盘
677,13:10:03,3.42,--,8,2736,买盘
678,13:09:15,3.42,--,68,23256,买盘
679,13:09:12,3.42,--,307,104994,买盘
680,13:08:57,3.42,--,4,1368,买盘
681,13:08:06,3.42,--,10,3420,买盘
682,13:07:42,3.42,0.01,70,23940,买盘
683,13:07:09,3.41,-0.01,83,28303,卖盘
684,13:07:03,3.42,--,7,2394,买盘
685,13:06:45,3.42,--,93,31806,卖盘
686,13:06:42,3.42,--,100,34200,卖盘
687,13:06:30,3.42,--,197,67374,卖盘
688,13:06:06,3.42,--,1,342,卖盘
689,13:05:54,3.42,--,42,14364,卖盘
690,13:05:39,3.42,-0.01,8,2736,卖盘
691,13:05:30,3.43,--,262,89866,买盘
692,13:04:33,3.43,--,10,3430,买盘
693,13:04:12,3.43,0.01,2,686,买盘
694,13:03:57,3.42,-0.01,34,11628,卖盘
695,13:03:12,3.43,0.01,341,116963,买盘
696,13:03:03,3.42,--,8,2736,卖盘
697,13:02:18,3.42,-0.01,250,85500,卖盘
698,13:02:03,3.43,0.01,8,2744,买盘
699,13:00:57,3.42,--,57,19494,卖盘
700,13:00:54,3.42,--,40,13680,卖盘
701,13:00:36,3.42,--,215,73530,买盘
702,13:00:15,3.42,--,5,1710,买盘
703,13:00:12,3.42,--,2,684,买盘
704,13:00:09,3.42,0.01,16,5472,买盘
705,13:00:06,3.41,-0.01,6,2046,卖盘
706,13:00:03,3.42,0.02,619,211698,买盘
707,13:00:00,3.4,--,0,0,卖盘
708,11:30:00,3.4,-0.01,70,23800,卖盘
709,11:29:57,3.41,--,88,30008,买盘
710,11:29:48,3.41,--,42,14322,卖盘
711,11:29:45,3.41,0.01,100,34100,中性盘
712,11:29:15,3.4,-0.01,134,45560,卖盘
713,11:28:54,3.41,--,9,3069,买盘
714,11:28:51,3.41,--,40,13640,买盘
715,11:28:27,3.41,--,43,14663,买盘
716,11:28:21,3.41,--,30,10230,买盘
717,11:28:09,3.41,-0.01,78,26598,卖盘
718,11:27:57,3.42,0.02,5,1710,买盘
719,11:26:54,3.4,-0.01,1000,340000,卖盘
720,11:26:21,3.41,-0.01,4,1364,卖盘
721,11:26:06,3.42,0.01,1,342,买盘
722,11:25:45,3.41,--,905,308605,卖盘
723,11:24:45,3.41,--,14,4774,卖盘
724,11:24:42,3.41,--,11,3751,卖盘
725,11:24:36,3.41,-0.01,50,17050,卖盘
726,11:24:09,3.42,--,5,1710,买盘
727,11:23:21,3.42,--,11,3762,买盘
728,11:22:51,3.42,0.01,4,1368,买盘
729,11:22:42,3.41,--,2,682,卖盘
730,11:22:24,3.41,-0.01,572,195052,卖盘
731,11:22:15,3.42,--,5,1710,买盘
732,11:22:06,3.42,--,1,342,买盘
733,11:22:03,3.42,--,79,27018,买盘
734,11:21:57,3.42,--,75,25650,买盘
735,11:21:54,3.42,--,1,342,买盘
736,11:21:51,3.42,--,5,1710,买盘
737,11:21:48,3.42,0.01,1,342,买盘
738,11:21:36,3.41,-0.01,80,27280,卖盘
739,11:21:09,3.42,0.01,20,6840,买盘
740,11:21:00,3.41,--,4,1364,卖盘
741,11:20:30,3.41,-0.01,40,13640,卖盘
742,11:20:24,3.42,--,10,3420,买盘
743,11:19:54,3.42,--,20,6840,买盘
744,11:18:54,3.42,0.01,95,32490,买盘
745,11:18:45,3.41,--,75,25575,卖盘
746,11:18:24,3.41,--,71,24211,卖盘
747,11:18:18,3.41,--,91,31031,卖盘
748,11:18:00,3.41,0.01,188,64108,买盘
749,11:17:57,3.4,-0.01,30,10200,卖盘
750,11:17:48,3.41,--,26,8866,买盘
751,11:17:45,3.41,0.01,251,85591,买盘
752,11:17:39,3.4,-0.01,5,1700,卖盘
753,11:17:33,3.41,--,4,1364,买盘
754,11:16:57,3.41,--,55,18755,买盘
755,11:16:51,3.41,--,40,13640,买盘
756,11:16:42,3.41,0.01,20,6820,买盘
757,11:16:33,3.4,-0.01,27,9180,卖盘
758,11:16:03,3.41,--,50,17050,买盘
759,11:15:36,3.41,--,70,23870,买盘
760,11:15:27,3.41,0.01,3,1023,买盘
761,11:14:24,3.4,--,8,2720,卖盘
762,11:14:00,3.4,-0.01,10,3400,卖盘
763,11:13:42,3.41,--,30,10230,买盘
764,11:13:09,3.41,--,10,3410,买盘
765,11:12:45,3.41,0.01,100,34100,买盘
766,11:12:33,3.4,-0.01,90,30600,卖盘
767,11:12:21,3.41,--,5,1705,买盘
768,11:12:18,3.41,0.01,100,34100,买盘
769,11:12:15,3.4,-0.01,53,18020,卖盘
770,11:12:00,3.41,0.01,2,682,买盘
771,11:11:48,3.4,--,58,19720,卖盘
772,11:11:39,3.4,-0.01,100,34000,卖盘
773,11:10:57,3.41,--,111,37851,卖盘
774,11:10:51,3.41,--,239,81499,卖盘
775,11:10:42,3.41,--,400,136400,卖盘
776,11:10:27,3.41,--,25,8525,卖盘
777,11:10:09,3.41,--,200,68200,卖盘
778,11:10:06,3.41,--,30,10230,卖盘
779,11:09:30,3.41,--,503,171523,卖盘
780,11:09:18,3.41,--,40,13640,卖盘
781,11:09:00,3.41,--,10,3410,卖盘
782,11:08:42,3.41,--,40,13640,卖盘
783,11:08:36,3.41,--,16,5456,卖盘
784,11:08:24,3.41,--,47,16027,卖盘
785,11:08:18,3.41,-0.01,6,2046,卖盘
786,11:08:15,3.42,--,9,3078,买盘
787,11:07:57,3.42,--,11,3762,卖盘
788,11:07:48,3.42,--,122,41724,卖盘
789,11:07:39,3.42,--,4,1368,卖盘
790,11:07:30,3.42,-0.01,20,6840,卖盘
791,11:07:24,3.43,0.01,5,1715,买盘
792,11:07:18,3.42,--,70,23940,卖盘
793,11:06:36,3.42,--,1,342,卖盘
794,11:06:03,3.42,--,18,6156,卖盘
795,11:06:00,3.42,--,105,35910,买盘
796,11:05:39,3.42,0.01,19,6498,买盘
797,11:05:30,3.41,-0.01,2,682,卖盘
798,11:05:27,3.42,--,8,2736,买盘
799,11:05:12,3.42,--,29,9918,买盘
800,11:04:57,3.42,--,199,68058,卖盘
801,11:04:39,3.42,-0.01,1,342,中性盘
802,11:04:21,3.43,0.01,50,17150,买盘
803,11:04:09,3.42,-0.01,112,38304,卖盘
804,11:04:00,3.43,0.01,48,16464,买盘
805,11:03:42,3.42,--,10,3420,卖盘
806,11:03:24,3.42,--,34,11628,买盘
807,11:02:57,3.42,--,2,684,卖盘
808,11:02:48,3.42,--,12,4104,卖盘
809,11:02:24,3.42,--,217,74214,买盘
810,11:02:12,3.42,--,25,8550,买盘
811,11:02:06,3.42,--,10,3420,买盘
812,11:02:03,3.42,--,15,5130,卖盘
813,11:01:57,3.42,--,6,2052,卖盘
814,11:01:54,3.42,--,160,54720,买盘
815,11:01:48,3.42,--,433,148086,买盘
816,11:01:36,3.42,--,40,13680,买盘
817,11:01:09,3.42,--,177,60534,买盘
818,11:00:51,3.42,0.01,39,13338,买盘
819,11:00:24,3.41,-0.01,88,30008,卖盘
820,11:00:12,3.42,--,8,2736,买盘
821,11:00:03,3.42,--,29,9918,买盘
822,11:00:00,3.42,0.01,110,37620,买盘
823,10:59:54,3.41,-0.01,300,102300,卖盘
824,10:59:51,3.42,0.01,10,3420,买盘
825,10:59:45,3.41,-0.01,86,29326,卖盘
826,10:59:42,3.42,--,8,2736,买盘
827,10:59:39,3.42,0.01,48,16416,买盘
828,10:59:18,3.41,-0.01,1,341,卖盘
829,10:58:57,3.42,--,3,1026,买盘
830,10:58:24,3.42,--,372,127224,买盘
831,10:57:48,3.42,--,550,188100,买盘
832,10:57:27,3.42,--,49,16758,买盘
833,10:57:15,3.42,--,20,6840,买盘
834,10:57:06,3.42,--,15,5130,买盘
835,10:56:54,3.42,0.01,8,2736,买盘
836,10:56:48,3.41,-0.01,97,33077,卖盘
837,10:56:45,3.42,0.01,6,2052,买盘
838,10:56:30,3.41,--,1,341,卖盘
839,10:56:12,3.41,-0.01,50,17050,卖盘
840,10:56:00,3.42,0.01,30,10260,买盘
841,10:55:48,3.41,--,1,341,卖盘
842,10:55:33,3.41,--,2,682,卖盘
843,10:55:27,3.41,-0.01,146,49786,卖盘
844,10:55:24,3.42,0.01,90,30780,买盘
845,10:55:12,3.41,-0.01,18,6138,卖盘
846,10:54:48,3.42,--,472,161424,卖盘
847,10:54:27,3.42,--,784,268128,卖盘
848,10:54:21,3.42,-0.01,2,684,卖盘
849,10:54:09,3.43,--,10,3430,买盘
850,10:53:57,3.43,0.01,60,20580,买盘
851,10:53:54,3.42,-0.01,30,10260,卖盘
852,10:53:27,3.43,--,761,261023,卖盘
853,10:52:48,3.43,--,20,6860,卖盘
854,10:52:09,3.43,--,20,6860,卖盘
855,10:52:06,3.43,-0.01,50,17150,卖盘
856,10:52:03,3.44,0.01,4,1376,买盘
857,10:51:30,3.43,-0.01,46,15778,卖盘
858,10:51:09,3.44,0.01,57,19608,买盘
859,10:50:48,3.43,--,600,205800,卖盘
860,10:50:42,3.43,-0.01,50,17150,卖盘
861,10:50:24,3.44,0.01,3,1032,买盘
862,10:50:18,3.43,-0.01,400,137200,卖盘
863,10:50:15,3.44,--,8,2752,买盘
864,10:50:09,3.44,0.01,20,6880,买盘
865,10:49:57,3.43,--,10,3430,卖盘
866,10:49:54,3.43,--,10,3430,卖盘
867,10:49:36,3.43,-0.01,10,3430,卖盘
868,10:49:33,3.44,0.01,106,36464,买盘
869,10:49:30,3.43,--,14,4802,卖盘
870,10:49:00,3.43,--,6,2058,卖盘
871,10:48:42,3.43,-0.01,20,6860,卖盘
872,10:48:39,3.44,0.01,20,6880,买盘
873,10:48:03,3.43,-0.01,30,10290,卖盘
874,10:47:57,3.44,0.01,5,1720,买盘
875,10:47:54,3.43,--,20,6860,卖盘
876,10:47:39,3.43,--,83,28469,卖盘
877,10:47:15,3.43,-0.01,5,1715,卖盘
878,10:47:09,3.44,0.01,5,1720,买盘
879,10:46:54,3.43,-0.01,1,343,卖盘
880,10:46:27,3.44,--,3,1032,买盘
881,10:46:24,3.44,--,21,7224,买盘
882,10:46:15,3.44,--,4,1376,买盘
883,10:45:39,3.44,--,1,344,买盘
884,10:45:36,3.44,--,162,55728,卖盘
885,10:45:06,3.44,--,20,6880,卖盘
886,10:44:57,3.44,--,76,26144,买盘
887,10:44:45,3.44,--,8,2752,买盘
888,10:44:03,3.44,--,347,119368,卖盘
889,10:43:48,3.44,-0.01,10,3440,卖盘
890,10:43:30,3.45,0.01,70,24150,买盘
891,10:43:27,3.44,-0.01,144,49536,卖盘
892,10:43:24,3.45,--,59,20355,买盘
893,10:43:18,3.45,0.01,110,37950,买盘
894,10:43:15,3.44,-0.01,69,23736,卖盘
895,10:43:12,3.45,--,2,690,买盘
896,10:43:09,3.45,--,87,30015,买盘
897,10:43:00,3.45,--,134,46230,买盘
898,10:42:57,3.45,--,110,37950,买盘
899,10:42:54,3.45,--,50,17250,买盘
900,10:42:48,3.45,--,268,92460,买盘
901,10:42:39,3.45,--,456,157320,买盘
902,10:42:36,3.45,--,80,27600,买盘
903,10:42:27,3.45,0.01,550,189750,买盘
904,10:42:21,3.44,-0.01,15,5160,卖盘
905,10:42:18,3.45,0.01,346,119370,买盘
906,10:42:09,3.44,--,211,72584,卖盘
907,10:42:06,3.44,--,28,9632,卖盘
908,10:42:00,3.44,-0.01,53,18232,卖盘
909,10:41:51,3.45,--,8,2760,买盘
910,10:41:48,3.45,--,46,15870,买盘
911,10:41:39,3.45,0.01,36,12420,买盘
912,10:41:36,3.44,-0.01,2,688,卖盘
913,10:41:30,3.45,--,37,12765,买盘
914,10:41:27,3.45,--,30,10350,买盘
915,10:41:24,3.45,--,5,1725,买盘
916,10:41:18,3.45,--,31,10695,买盘
917,10:41:12,3.45,--,43,14835,买盘
918,10:41:09,3.45,--,52,17940,买盘
919,10:41:06,3.45,--,10,3450,买盘
920,10:41:00,3.45,--,64,22080,买盘
921,10:40:54,3.45,--,3,1035,买盘
922,10:40:51,3.45,--,8,2760,买盘
923,10:40:48,3.45,--,11,3795,买盘
924,10:40:45,3.45,--,100,34500,买盘
925,10:40:39,3.45,--,14,4830,买盘
926,10:40:30,3.45,--,8,2760,买盘
927,10:40:27,3.45,--,8,2760,买盘
928,10:40:18,3.45,--,16,5520,买盘
929,10:40:09,3.45,--,22,7590,买盘
930,10:40:00,3.45,--,36,12420,买盘
931,10:39:54,3.45,--,8,2760,买盘
932,10:39:51,3.45,--,73,25185,买盘
933,10:39:39,3.45,0.01,145,50025,买盘
934,10:39:30,3.44,--,290,99760,买盘
935,10:39:21,3.44,--,80,27520,买盘
936,10:39:09,3.44,0.01,159,54696,买盘
937,10:39:06,3.43,-0.01,1,343,卖盘
938,10:39:00,3.44,--,128,44032,买盘
939,10:38:54,3.44,0.01,130,44720,买盘
940,10:38:51,3.43,-0.01,120,41160,卖盘
941,10:38:45,3.44,--,132,45408,买盘
942,10:38:42,3.44,--,5,1720,买盘
943,10:38:30,3.44,--,9,3096,买盘
944,10:38:18,3.44,--,19,6536,买盘
945,10:38:00,3.44,--,38,13072,买盘
946,10:37:48,3.44,0.01,72,24768,买盘
947,10:37:45,3.43,-0.01,4,1372,卖盘
948,10:37:39,3.44,0.01,144,49536,买盘
949,10:37:30,3.43,--,265,90895,买盘
950,10:37:24,3.43,-0.01,3,1029,卖盘
951,10:37:18,3.44,0.01,316,108704,买盘
952,10:37:12,3.43,--,10,3430,卖盘
953,10:37:09,3.43,-0.01,1,343,中性盘
954,10:37:03,3.44,0.01,580,199520,买盘
955,10:37:00,3.43,--,51,17493,买盘
956,10:36:54,3.43,--,7,2401,买盘
957,10:36:51,3.43,--,20,6860,买盘
958,10:36:36,3.43,--,348,119364,卖盘
959,10:36:33,3.43,-0.01,15,5145,卖盘
960,10:36:30,3.44,--,100,34400,买盘
961,10:36:27,3.44,--,169,58136,买盘
962,10:36:18,3.44,--,58,19952,买盘
963,10:36:15,3.44,--,272,93568,买盘
964,10:36:12,3.44,0.01,2,688,买盘
965,10:36:09,3.43,-0.01,111,38073,卖盘
966,10:36:03,3.44,--,5,1720,买盘
967,10:35:57,3.44,--,5,1720,买盘
968,10:35:45,3.44,--,50,17200,买盘
969,10:35:42,3.44,--,26,8944,买盘
970,10:35:36,3.44,0.01,20,6880,买盘
971,10:35:27,3.43,--,75,25725,买盘
972,10:35:18,3.43,--,1,343,买盘
973,10:35:09,3.43,--,64,21952,买盘
974,10:35:00,3.43,-0.01,20,6860,中性盘
975,10:34:54,3.44,0.01,1333,458552,买盘
976,10:34:51,3.43,--,60,20580,买盘
977,10:34:48,3.43,--,21,7203,买盘
978,10:34:45,3.43,--,359,123137,买盘
979,10:34:42,3.43,0.01,107,36701,买盘
980,10:34:36,3.42,-0.01,630,215460,卖盘
981,10:34:33,3.43,0.01,88,30184,买盘
982,10:34:27,3.42,--,827,282834,买盘
983,10:34:24,3.42,--,36,12312,买盘
984,10:34:18,3.42,--,17,5814,买盘
985,10:34:15,3.42,--,62,21204,买盘
986,10:34:12,3.42,--,149,50958,买盘
987,10:34:09,3.42,--,7,2394,买盘
988,10:34:06,3.42,--,54,18468,买盘
989,10:34:03,3.42,--,38,12996,买盘
990,10:34:00,3.42,--,6,2052,买盘
991,10:33:57,3.42,--,74,25308,买盘
992,10:33:45,3.42,--,129,44118,买盘
993,10:33:36,3.42,--,139,47538,买盘
994,10:33:30,3.42,--,119,40698,买盘
995,10:33:24,3.42,--,205,70110,买盘
996,10:33:21,3.42,--,73,24966,买盘
997,10:33:15,3.42,--,2,684,买盘
998,10:33:09,3.42,--,16,5472,买盘
999,10:33:06,3.42,--,4,1368,买盘
1000,10:33:03,3.42,--,6,2052,买盘
1001,10:32:54,3.42,0.01,2,684,买盘
1002,10:32:48,3.41,--,16,5456,卖盘
1003,10:32:15,3.41,-0.01,4,1364,卖盘
1004,10:32:06,3.42,0.01,8,2736,买盘
1005,10:32:03,3.41,-0.01,10,3410,卖盘
1006,10:31:54,3.42,--,159,54378,买盘
1007,10:31:36,3.42,0.01,20,6840,买盘
1008,10:31:30,3.41,-0.01,87,29667,卖盘
1009,10:31:24,3.42,0.01,8,2736,买盘
1010,10:31:21,3.41,-0.01,1,341,卖盘
1011,10:30:54,3.42,0.01,8,2736,买盘
1012,10:30:45,3.41,-0.01,100,34100,卖盘
1013,10:30:36,3.42,0.01,1,342,买盘
1014,10:30:27,3.41,--,83,28303,卖盘
1015,10:30:24,3.41,-0.01,1,341,卖盘
1016,10:30:15,3.42,--,107,36594,买盘
1017,10:30:09,3.42,--,5,1710,买盘
1018,10:30:06,3.42,--,20,6840,买盘
1019,10:30:00,3.42,0.01,102,34884,买盘
1020,10:29:57,3.41,-0.01,40,13640,卖盘
1021,10:29:42,3.42,--,785,268470,买盘
1022,10:29:00,3.42,0.01,72,24624,买盘
1023,10:28:57,3.41,-0.01,10,3410,卖盘
1024,10:28:33,3.42,--,31,10602,卖盘
1025,10:28:09,3.42,--,2,684,卖盘
1026,10:28:06,3.42,--,28,9576,卖盘
1027,10:27:42,3.42,--,36,12312,卖盘
1028,10:27:24,3.42,--,30,10260,卖盘
1029,10:26:54,3.42,-0.01,470,160740,卖盘
1030,10:26:51,3.43,0.01,5,1715,买盘
1031,10:26:36,3.42,-0.01,101,34542,卖盘
1032,10:26:33,3.43,0.01,15,5145,买盘
1033,10:26:00,3.42,-0.01,50,17100,卖盘
1034,10:25:48,3.43,--,32,10976,买盘
1035,10:25:42,3.43,0.01,2,686,买盘
1036,10:25:18,3.42,--,154,52668,卖盘
1037,10:25:15,3.42,-0.01,20,6840,卖盘
1038,10:25:12,3.43,0.01,2,686,买盘
1039,10:25:09,3.42,-0.01,30,10260,卖盘
1040,10:24:57,3.43,0.01,3,1029,买盘
1041,10:24:51,3.42,-0.01,20,6840,卖盘
1042,10:24:45,3.43,0.01,27,9261,买盘
1043,10:24:42,3.42,--,12,4104,卖盘
1044,10:24:03,3.42,--,200,68400,卖盘
1045,10:23:54,3.42,--,11,3762,卖盘
1046,10:23:45,3.42,-0.01,120,41040,卖盘
1047,10:23:33,3.43,0.01,1,343,买盘
1048,10:23:09,3.42,-0.01,500,171000,卖盘
1049,10:22:51,3.43,0.01,5,1715,买盘
1050,10:22:33,3.42,-0.01,10,3420,卖盘
1051,10:22:24,3.43,0.01,10,3430,买盘
1052,10:22:09,3.42,--,368,125856,卖盘
1053,10:22:06,3.42,--,200,68400,卖盘
1054,10:21:30,3.42,--,5,1710,卖盘
1055,10:21:24,3.42,--,8,2736,卖盘
1056,10:21:21,3.42,--,42,14364,卖盘
1057,10:21:12,3.42,--,10,3420,卖盘
1058,10:21:03,3.42,--,30,10260,卖盘
1059,10:20:54,3.42,-0.01,40,13680,卖盘
1060,10:20:24,3.43,0.01,31,10633,买盘
1061,10:20:12,3.42,--,190,64980,卖盘
1062,10:19:57,3.42,-0.01,30,10260,卖盘
1063,10:19:45,3.43,0.01,10,3430,买盘
1064,10:19:39,3.42,--,130,44460,卖盘
1065,10:19:33,3.42,--,30,10260,卖盘
1066,10:19:30,3.42,-0.01,50,17100,卖盘
1067,10:19:18,3.43,--,6,2058,买盘
1068,10:18:48,3.43,--,3,1029,买盘
1069,10:18:42,3.43,--,145,49735,买盘
1070,10:18:18,3.43,--,600,205800,买盘
1071,10:18:09,3.43,--,58,19894,买盘
1072,10:18:00,3.43,--,6,2058,买盘
1073,10:17:48,3.43,--,26,8918,买盘
1074,10:17:42,3.43,0.01,50,17150,买盘
1075,10:17:12,3.42,--,42,14364,买盘
1076,10:17:09,3.42,--,1,342,买盘
1077,10:17:03,3.42,--,34,11628,买盘
1078,10:17:00,3.42,--,1003,343026,买盘
1079,10:16:57,3.42,--,10,3420,买盘
1080,10:16:54,3.42,--,93,31806,买盘
1081,10:16:45,3.42,--,3,1026,买盘
1082,10:16:42,3.42,0.01,30,10260,买盘
1083,10:16:30,3.41,-0.01,10,3410,卖盘
1084,10:16:27,3.42,--,107,36594,买盘
1085,10:16:21,3.42,0.01,4,1368,买盘
1086,10:16:18,3.41,-0.01,150,51150,卖盘
1087,10:16:15,3.42,0.01,153,52401,买盘
1088,10:16:12,3.41,-0.01,183,62668,卖盘
1089,10:16:09,3.42,--,24,8208,买盘
1090,10:16:06,3.42,--,43,14706,买盘
1091,10:16:03,3.42,--,111,37962,买盘
1092,10:16:00,3.42,--,4,1368,买盘
1093,10:15:54,3.42,--,3,1026,买盘
1094,10:15:48,3.42,--,8,2736,买盘
1095,10:15:45,3.42,--,58,19836,买盘
1096,10:15:42,3.42,--,8,2736,买盘
1097,10:15:39,3.42,--,152,51984,买盘
1098,10:15:36,3.42,--,162,55404,买盘
1099,10:15:33,3.42,--,14,4788,买盘
1100,10:15:30,3.42,--,12,4104,买盘
1101,10:15:27,3.42,--,4,1368,买盘
1102,10:15:24,3.42,--,6,2052,买盘
1103,10:15:21,3.42,0.01,18,6156,买盘
1104,10:14:57,3.41,-0.01,43,14663,卖盘
1105,10:14:48,3.42,0.01,326,111492,买盘
1106,10:14:45,3.41,-0.01,150,51150,卖盘
1107,10:14:39,3.42,0.01,58,19836,买盘
1108,10:14:33,3.41,-0.01,100,34100,卖盘
1109,10:14:30,3.42,0.01,2,684,买盘
1110,10:14:27,3.41,--,2,682,卖盘
1111,10:14:21,3.41,--,500,170500,卖盘
1112,10:14:09,3.41,--,127,43307,卖盘
1113,10:14:06,3.41,-0.01,10,3410,卖盘
1114,10:14:03,3.42,0.01,9,3078,买盘
1115,10:13:57,3.41,--,105,35805,卖盘
1116,10:13:51,3.41,--,20,6820,卖盘
1117,10:13:18,3.41,-0.01,135,46035,卖盘
1118,10:13:06,3.42,0.01,2,684,买盘
1119,10:13:00,3.41,-0.01,83,28303,卖盘
1120,10:12:27,3.42,--,10,3420,买盘
1121,10:11:36,3.42,0.01,3,1026,买盘
1122,10:11:33,3.41,-0.01,11,3751,卖盘
1123,10:11:30,3.42,0.01,76,25992,买盘
1124,10:11:18,3.41,-0.01,346,117986,卖盘
1125,10:11:12,3.42,--,8,2736,买盘
1126,10:11:00,3.42,--,28,9576,买盘
1127,10:10:54,3.42,--,47,16074,买盘
1128,10:10:48,3.42,--,16,5472,买盘
1129,10:10:45,3.42,--,3,1026,买盘
1130,10:10:42,3.42,--,1,342,买盘
1131,10:10:39,3.42,--,4,1368,买盘
1132,10:10:36,3.42,--,32,10944,买盘
1133,10:10:30,3.42,--,60,20520,买盘
1134,10:10:27,3.42,--,5,1710,买盘
1135,10:10:24,3.42,--,145,49590,买盘
1136,10:10:21,3.42,--,18,6156,买盘
1137,10:10:15,3.42,--,6,2052,买盘
1138,10:09:54,3.42,0.01,44,15048,买盘
1139,10:09:45,3.41,-0.01,56,19096,卖盘
1140,10:09:42,3.42,--,51,17442,买盘
1141,10:09:36,3.42,--,8,2736,买盘
1142,10:09:21,3.42,0.01,16,5472,买盘
1143,10:09:18,3.41,-0.01,100,34100,卖盘
1144,10:08:57,3.42,--,18,6156,买盘
1145,10:08:51,3.42,0.01,2,684,买盘
1146,10:08:30,3.41,-0.01,3,1023,卖盘
1147,10:08:27,3.42,--,3,1026,买盘
1148,10:07:48,3.42,--,50,17100,买盘
1149,10:07:36,3.42,--,2,684,买盘
1150,10:07:30,3.42,--,31,10602,买盘
1151,10:07:18,3.42,--,30,10260,卖盘
1152,10:07:06,3.42,--,80,27360,卖盘
1153,10:07:03,3.42,--,90,30780,卖盘
1154,10:06:51,3.42,--,20,6840,卖盘
1155,10:06:45,3.42,--,116,39672,买盘
1156,10:06:39,3.42,--,6,2052,买盘
1157,10:06:30,3.42,--,247,84474,买盘
1158,10:06:21,3.42,--,326,111492,买盘
1159,10:06:03,3.42,--,3,1026,买盘
1160,10:05:36,3.42,--,240,82080,买盘
1161,10:05:06,3.42,0.01,21,7182,买盘
1162,10:05:03,3.41,-0.01,4,1364,卖盘
1163,10:04:48,3.42,0.01,6,2052,买盘
1164,10:04:45,3.41,-0.01,20,6820,卖盘
1165,10:04:42,3.42,0.01,100,34200,买盘
1166,10:04:36,3.41,--,50,17050,卖盘
1167,10:04:30,3.41,--,10,3410,卖盘
1168,10:04:24,3.41,--,4,1364,卖盘
1169,10:04:15,3.41,--,17,5797,卖盘
1170,10:03:39,3.41,-0.01,12,4092,卖盘
1171,10:03:36,3.42,--,12,4104,买盘
1172,10:03:30,3.42,--,40,13680,买盘
1173,10:03:21,3.42,--,549,187758,卖盘
1174,10:03:18,3.42,-0.01,75,25650,卖盘
1175,10:03:15,3.43,0.01,130,44590,买盘
1176,10:03:12,3.42,-0.01,13,4446,卖盘
1177,10:03:09,3.43,0.01,62,21266,买盘
1178,10:03:06,3.42,--,139,47538,卖盘
1179,10:03:00,3.42,--,300,102600,卖盘
1180,10:02:57,3.42,--,10,3420,卖盘
1181,10:02:54,3.42,-0.01,14,4788,卖盘
1182,10:02:48,3.43,--,26,8918,买盘
1183,10:02:45,3.43,0.01,2,686,买盘
1184,10:02:42,3.42,--,76,25992,卖盘
1185,10:02:21,3.42,-0.01,85,29070,卖盘
1186,10:02:15,3.43,0.01,8,2744,买盘
1187,10:02:09,3.42,--,126,43092,买盘
1188,10:02:06,3.42,--,27,9234,买盘
1189,10:01:54,3.42,--,50,17100,买盘
1190,10:01:45,3.42,--,30,10260,买盘
1191,10:01:42,3.42,--,10,3420,买盘
1192,10:01:39,3.42,--,40,13680,买盘
1193,10:01:36,3.42,--,81,27702,买盘
1194,10:01:33,3.42,--,50,17100,买盘
1195,10:01:30,3.42,--,11,3762,买盘
1196,10:01:12,3.42,--,5,1710,买盘
1197,10:01:09,3.42,--,40,13680,买盘
1198,10:01:03,3.42,--,24,8208,买盘
1199,10:01:00,3.42,--,247,84474,买盘
1200,10:00:57,3.42,--,9,3078,买盘
1201,10:00:48,3.42,--,43,14706,买盘
1202,10:00:39,3.42,0.01,64,21888,买盘
1203,10:00:33,3.41,--,3,1023,卖盘
1204,10:00:18,3.41,-0.01,90,30690,卖盘
1205,10:00:12,3.42,--,42,14364,买盘
1206,10:00:09,3.42,--,79,27018,买盘
1207,10:00:06,3.42,--,9,3078,买盘
1208,10:00:03,3.42,--,16,5472,买盘
1209,10:00:00,3.42,--,45,15390,买盘
1210,09:59:54,3.42,--,3,1026,买盘
1211,09:59:51,3.42,--,2,684,买盘
1212,09:59:48,3.42,--,15,5130,买盘
1213,09:59:45,3.42,--,2,684,买盘
1214,09:59:42,3.42,--,58,19836,买盘
1215,09:59:39,3.42,--,35,11970,买盘
1216,09:59:36,3.42,--,48,16416,买盘
1217,09:59:33,3.42,--,3,1026,买盘
1218,09:59:30,3.42,--,2,684,买盘
1219,09:59:27,3.42,--,9,3078,买盘
1220,09:59:24,3.42,0.01,40,13680,买盘
1221,09:59:06,3.41,--,26,8866,卖盘
1222,09:59:03,3.41,-0.01,28,9548,卖盘
1223,09:58:54,3.42,--,29,9918,买盘
1224,09:58:45,3.42,--,123,42066,卖盘
1225,09:58:42,3.42,0.01,26,8892,买盘
1226,09:58:24,3.41,-0.01,15,5115,卖盘
1227,09:58:18,3.42,--,224,76608,卖盘
1228,09:58:09,3.42,--,9,3078,卖盘
1229,09:57:54,3.42,--,53,18126,买盘
1230,09:57:51,3.42,--,141,48222,买盘
1231,09:57:33,3.42,--,284,97128,买盘
1232,09:57:21,3.42,0.01,53,18126,买盘
1233,09:57:12,3.41,-0.01,109,37169,卖盘
1234,09:57:09,3.42,0.01,100,34200,买盘
1235,09:57:06,3.41,-0.01,270,92070,卖盘
1236,09:56:57,3.42,--,10,3420,买盘
1237,09:56:45,3.42,0.01,20,6840,买盘
1238,09:56:36,3.41,-0.01,4,1364,卖盘
1239,09:56:33,3.42,--,11,3762,买盘
1240,09:56:24,3.42,--,10,3420,买盘
1241,09:56:12,3.42,--,2,684,买盘
1242,09:56:09,3.42,--,121,41382,卖盘
1243,09:56:06,3.42,-0.01,1,342,卖盘
1244,09:55:57,3.43,0.01,15,5145,买盘
1245,09:55:54,3.42,--,3,1026,卖盘
1246,09:55:48,3.42,--,172,58824,卖盘
1247,09:55:45,3.42,-0.01,5,1710,卖盘
1248,09:55:42,3.43,0.01,1,343,买盘
1249,09:55:39,3.42,--,307,104994,买盘
1250,09:55:21,3.42,--,35,11970,买盘
1251,09:55:18,3.42,--,18,6156,买盘
1252,09:55:12,3.42,--,75,25650,买盘
1253,09:55:06,3.42,0.01,19,6498,买盘
1254,09:55:03,3.41,--,4,1364,卖盘
1255,09:55:00,3.41,--,121,41336,买盘
1256,09:54:57,3.41,--,101,34441,买盘
1257,09:54:54,3.41,--,10,3410,买盘
1258,09:54:48,3.41,--,56,19096,买盘
1259,09:54:45,3.41,--,42,14322,买盘
1260,09:54:39,3.41,--,10,3410,买盘
1261,09:54:36,3.41,--,4,1364,买盘
1262,09:54:30,3.41,--,39,13299,买盘
1263,09:54:27,3.41,0.01,4,1364,买盘
1264,09:54:21,3.4,--,12,4080,卖盘
1265,09:54:18,3.4,--,400,136000,卖盘
1266,09:54:15,3.4,-0.01,97,32980,卖盘
1267,09:54:12,3.41,--,10,3410,买盘
1268,09:54:09,3.41,--,5,1705,买盘
1269,09:54:06,3.41,--,5,1705,买盘
1270,09:54:03,3.41,0.01,120,40920,买盘
1271,09:54:00,3.4,--,291,98940,买盘
1272,09:53:57,3.4,0.01,508,172720,买盘
1273,09:53:54,3.39,-0.01,7,2373,卖盘
1274,09:53:51,3.4,--,52,17680,买盘
1275,09:53:48,3.4,--,11,3740,买盘
1276,09:53:45,3.4,--,3,1020,买盘
1277,09:53:42,3.4,--,22,7480,买盘
1278,09:53:27,3.4,--,273,92820,买盘
1279,09:53:12,3.4,--,1,340,买盘
1280,09:53:06,3.4,0.01,50,17000,买盘
1281,09:53:03,3.39,-0.01,1,339,卖盘
1282,09:52:54,3.4,--,25,8500,买盘
1283,09:52:39,3.4,--,64,21760,买盘
1284,09:52:36,3.4,--,7,2380,买盘
1285,09:52:33,3.4,--,50,17000,买盘
1286,09:52:06,3.4,--,4,1360,买盘
1287,09:52:00,3.4,0.01,144,48960,买盘
1288,09:51:48,3.39,-0.01,4,1356,卖盘
1289,09:51:45,3.4,--,39,13260,卖盘
1290,09:51:42,3.4,--,280,95200,卖盘
1291,09:51:39,3.4,--,4,1360,卖盘
1292,09:51:33,3.4,--,1000,340000,卖盘
1293,09:51:24,3.4,--,202,68680,卖盘
1294,09:51:18,3.4,--,4,1360,卖盘
1295,09:51:03,3.4,-0.01,10,3400,卖盘
1296,09:51:00,3.41,0.01,3,1023,买盘
1297,09:50:54,3.4,--,700,238000,卖盘
1298,09:50:45,3.4,--,105,35700,卖盘
1299,09:50:42,3.4,--,38,12920,卖盘
1300,09:50:30,3.4,--,100,34000,卖盘
1301,09:50:27,3.4,--,50,17000,卖盘
1302,09:50:06,3.4,-0.01,159,54060,卖盘
1303,09:49:48,3.41,--,3,1023,买盘
1304,09:49:45,3.41,--,5,1705,买盘
1305,09:49:24,3.41,--,3,1023,买盘
1306,09:49:06,3.41,--,78,26598,买盘
1307,09:49:03,3.41,--,27,9207,买盘
1308,09:49:00,3.41,--,179,61039,买盘
1309,09:48:57,3.41,--,73,24893,买盘
1310,09:48:48,3.41,0.01,18,6138,买盘
1311,09:48:45,3.4,-0.01,1,340,卖盘
1312,09:48:30,3.41,--,44,15004,卖盘
1313,09:48:27,3.41,--,400,136400,卖盘
1314,09:48:18,3.41,--,28,9548,卖盘
1315,09:48:00,3.41,-0.01,341,116281,卖盘
1316,09:47:48,3.42,--,1,342,买盘
1317,09:47:42,3.42,--,40,13680,买盘
1318,09:47:33,3.42,--,3,1026,买盘
1319,09:47:27,3.42,0.01,5,1710,买盘
1320,09:47:24,3.41,-0.01,113,38533,卖盘
1321,09:47:18,3.42,--,50,17100,买盘
1322,09:47:15,3.42,0.01,164,56088,买盘
1323,09:47:12,3.41,--,128,43648,卖盘
1324,09:47:09,3.41,-0.01,60,20460,卖盘
1325,09:47:00,3.42,0.01,264,90288,买盘
1326,09:46:45,3.41,--,13,4433,卖盘
1327,09:46:39,3.41,--,984,335544,买盘
1328,09:46:36,3.41,--,625,213125,买盘
1329,09:46:30,3.41,--,507,172887,买盘
1330,09:46:21,3.41,--,60,20460,买盘
1331,09:46:18,3.41,--,1210,412610,买盘
1332,09:46:15,3.41,--,80,27280,买盘
1333,09:46:09,3.41,--,1000,341000,买盘
1334,09:45:57,3.41,--,200,68200,买盘
1335,09:45:51,3.41,--,8,2728,买盘
1336,09:45:30,3.41,0.01,20,6820,买盘
1337,09:45:27,3.4,--,4,1360,卖盘
1338,09:45:06,3.4,--,31,10540,卖盘
1339,09:45:00,3.4,--,100,34000,卖盘
1340,09:44:57,3.4,--,1,340,卖盘
1341,09:44:42,3.4,--,30,10200,卖盘
1342,09:44:39,3.4,--,2,680,卖盘
1343,09:44:21,3.4,--,60,20400,买盘
1344,09:44:18,3.4,--,20,6800,买盘
1345,09:44:09,3.4,0.01,216,73440,中性盘
1346,09:44:00,3.39,-0.01,40,13560,卖盘
1347,09:43:54,3.4,--,8,2720,卖盘
1348,09:43:39,3.4,--,144,48960,卖盘
1349,09:43:36,3.4,--,53,18020,卖盘
1350,09:43:33,3.4,-0.01,10,3400,卖盘
1351,09:43:30,3.41,0.01,103,35123,买盘
1352,09:43:15,3.4,--,12,4080,买盘
1353,09:43:12,3.4,--,57,19380,买盘
1354,09:43:06,3.4,--,133,45220,买盘
1355,09:43:03,3.4,--,2,680,买盘
1356,09:43:00,3.4,--,51,17340,买盘
1357,09:42:57,3.4,--,502,170680,买盘
1358,09:42:54,3.4,--,5,1700,买盘
1359,09:42:51,3.4,0.01,3,1020,买盘
1360,09:42:48,3.39,-0.01,2,678,卖盘
1361,09:42:39,3.4,0.01,93,31620,买盘
1362,09:42:36,3.39,--,10,3390,卖盘
1363,09:42:18,3.39,-0.01,5,1695,卖盘
1364,09:42:12,3.4,0.01,463,157420,买盘
1365,09:42:09,3.39,--,16,5424,卖盘
1366,09:41:57,3.39,--,10,3390,卖盘
1367,09:41:51,3.39,--,53,17967,卖盘
1368,09:41:30,3.39,-0.01,1,339,卖盘
1369,09:41:24,3.4,--,30,10200,买盘
1370,09:41:18,3.4,--,6,2040,买盘
1371,09:41:15,3.4,--,11,3740,买盘
1372,09:41:12,3.4,--,12,4080,卖盘
1373,09:41:09,3.4,--,2100,714000,卖盘
1374,09:41:06,3.4,--,78,26520,卖盘
1375,09:41:00,3.4,--,608,206720,卖盘
1376,09:40:51,3.4,--,500,170000,卖盘
1377,09:40:48,3.4,--,18,6120,卖盘
1378,09:40:39,3.4,--,40,13600,卖盘
1379,09:40:27,3.4,--,38,12920,卖盘
1380,09:40:21,3.4,--,273,92820,卖盘
1381,09:40:15,3.4,--,82,27880,卖盘
1382,09:40:09,3.4,--,38,12920,卖盘
1383,09:40:00,3.4,--,82,27880,卖盘
1384,09:39:54,3.4,-0.01,100,34000,卖盘
1385,09:39:36,3.41,0.01,20,6820,买盘
1386,09:39:24,3.4,-0.01,34,11560,卖盘
1387,09:39:18,3.41,--,8,2728,买盘
1388,09:39:15,3.41,--,5,1705,买盘
1389,09:39:09,3.41,--,3,1023,买盘
1390,09:39:06,3.41,--,136,46376,买盘
1391,09:39:00,3.41,--,225,76725,买盘
1392,09:38:57,3.41,0.01,5,1705,买盘
1393,09:38:54,3.4,--,5,1700,卖盘
1394,09:38:42,3.4,--,6,2040,卖盘
1395,09:38:36,3.4,--,10,3400,卖盘
1396,09:38:24,3.4,--,40,13600,卖盘
1397,09:38:18,3.4,--,77,26180,买盘
1398,09:38:15,3.4,--,164,55760,买盘
1399,09:38:12,3.4,--,3,1020,买盘
1400,09:38:09,3.4,--,99,33660,买盘
1401,09:38:00,3.4,0.01,3,1020,买盘
1402,09:37:57,3.39,-0.01,289,97971,卖盘
1403,09:37:51,3.4,--,410,139400,买盘
1404,09:37:48,3.4,--,214,72760,买盘
1405,09:37:45,3.4,--,16,5440,买盘
1406,09:37:42,3.4,0.01,255,86700,买盘
1407,09:37:39,3.39,-0.01,127,43053,卖盘
1408,09:37:36,3.4,--,34,11560,买盘
1409,09:37:33,3.4,0.01,42,14280,买盘
1410,09:37:30,3.39,-0.01,5,1695,卖盘
1411,09:37:21,3.4,--,14,4760,买盘
1412,09:37:15,3.4,--,68,23120,买盘
1413,09:37:12,3.4,0.01,122,41480,买盘
1414,09:37:09,3.39,--,61,20679,买盘
1415,09:37:06,3.39,--,45,15255,买盘
1416,09:37:00,3.39,--,15,5085,买盘
1417,09:36:57,3.39,0.01,40,13560,买盘
1418,09:36:48,3.38,-0.01,23,7774,卖盘
1419,09:36:45,3.39,0.01,167,56613,买盘
1420,09:36:42,3.38,-0.01,20,6760,卖盘
1421,09:36:36,3.39,--,100,33900,买盘
1422,09:36:33,3.39,--,15,5085,买盘
1423,09:36:27,3.39,--,354,120006,买盘
1424,09:36:21,3.39,0.01,20,6780,买盘
1425,09:36:18,3.38,--,25,8450,卖盘
1426,09:36:06,3.38,--,200,67600,卖盘
1427,09:36:03,3.38,--,41,13858,卖盘
1428,09:36:00,3.38,--,30,10140,卖盘
1429,09:35:48,3.38,--,100,33800,卖盘
1430,09:35:45,3.38,--,59,19942,卖盘
1431,09:35:39,3.38,0.01,88,29744,中性盘
1432,09:35:33,3.37,-0.02,183,61671,卖盘
1433,09:35:30,3.39,0.01,153,51867,买盘
1434,09:35:21,3.38,--,1416,478608,卖盘
1435,09:35:09,3.38,-0.01,73,24674,卖盘
1436,09:35:06,3.39,0.01,93,31527,买盘
1437,09:35:03,3.38,--,1,338,卖盘
1438,09:34:54,3.38,--,9,3042,卖盘
1439,09:34:42,3.38,--,7,2366,卖盘
1440,09:34:39,3.38,--,175,59150,卖盘
1441,09:34:33,3.38,--,5,1690,卖盘
1442,09:34:30,3.38,-0.01,23,7774,卖盘
1443,09:34:27,3.39,--,204,69156,买盘
1444,09:34:18,3.39,--,5,1695,买盘
1445,09:34:15,3.39,0.01,80,27120,买盘
1446,09:34:09,3.38,--,23,7774,卖盘
1447,09:34:06,3.38,--,50,16900,卖盘
1448,09:34:03,3.38,-0.01,510,172380,卖盘
1449,09:33:57,3.39,0.01,5,1695,买盘
1450,09:33:51,3.38,--,100,33800,卖盘
1451,09:33:45,3.38,--,32,10816,卖盘
1452,09:33:42,3.38,--,1,338,卖盘
1453,09:33:36,3.38,--,40,13520,卖盘
1454,09:33:33,3.38,--,60,20280,卖盘
1455,09:33:30,3.38,--,56,18928,买盘
1456,09:33:27,3.38,--,30,10140,买盘
1457,09:33:24,3.38,--,24,8112,买盘
1458,09:33:21,3.38,-0.01,848,286624,卖盘
1459,09:33:15,3.39,0.01,30,10170,买盘
1460,09:33:12,3.38,--,276,93288,买盘
1461,09:33:09,3.38,--,31,10478,买盘
1462,09:33:06,3.38,--,188,63544,买盘
1463,09:33:03,3.38,--,31,10478,买盘
1464,09:33:00,3.38,--,160,54080,买盘
1465,09:32:57,3.38,--,500,169000,买盘
1466,09:32:54,3.38,--,164,55432,买盘
1467,09:32:51,3.38,--,60,20280,买盘
1468,09:32:45,3.38,--,15,5070,买盘
1469,09:32:42,3.38,--,11,3718,买盘
1470,09:32:39,3.38,--,12,4056,买盘
1471,09:32:36,3.38,-0.01,1644,555672,卖盘
1472,09:32:33,3.39,--,418,141702,买盘
1473,09:32:30,3.39,0.01,10,3390,买盘
1474,09:32:27,3.38,-0.01,46,15548,卖盘
1475,09:32:21,3.39,--,50,16950,买盘
1476,09:32:15,3.39,-0.01,423,143397,卖盘
1477,09:32:12,3.4,--,3,1020,买盘
1478,09:32:06,3.4,0.01,108,36720,买盘
1479,09:31:57,3.39,--,20,6780,卖盘
1480,09:31:54,3.39,-0.01,40,13560,卖盘
1481,09:31:48,3.4,--,99,33660,买盘
1482,09:31:45,3.4,0.01,11,3740,买盘
1483,09:31:39,3.39,--,4,1356,卖盘
1484,09:31:36,3.39,--,95,32205,卖盘
1485,09:31:27,3.39,--,256,86784,卖盘
1486,09:31:15,3.39,--,80,27120,买盘
1487,09:31:12,3.39,--,12,4068,买盘
1488,09:31:09,3.39,--,77,26103,买盘
1489,09:31:03,3.39,0.01,20,6780,买盘
1490,09:31:00,3.38,--,352,118976,卖盘
1491,09:30:54,3.38,--,105,35490,卖盘
1492,09:30:48,3.38,-0.01,239,80782,卖盘
1493,09:30:45,3.39,0.01,20,6780,买盘
1494,09:30:42,3.38,--,9,3042,中性盘
1495,09:30:36,3.38,0.01,66,22308,中性盘
1496,09:30:33,3.37,-0.01,306,103122,卖盘
1497,09:30:30,3.38,--,150,50700,买盘
1498,09:30:27,3.38,--,180,60840,买盘
1499,09:30:21,3.38,-0.02,985,332930,卖盘
1500,09:30:15,3.4,--,158,53720,买盘
1501,09:30:12,3.4,--,72,24480,买盘
1502,09:30:09,3.4,-0.01,155,52700,买盘
1503,09:30:06,3.41,--,450,153450,买盘
1504,09:30:03,3.41,--,1573,536393,卖盘
1505,09:30:00,3.41,--,0,0,卖盘
1506,09:25:03,3.41,3.41,1933,659153,买盘
