,time,price,change,volume,amount,type
0,15:00:03,21.17,-0.01,577,1221509,卖盘
1,14:57:00,21.18,--,0,0,卖盘
2,14:56:57,21.18,0.01,142,302662,买盘
3,14:56:54,21.17,--,1,2117,买盘
4,14:56:51,21.17,--,25,52925,买盘
5,14:56:48,21.17,-0.01,58,122997,卖盘
6,14:56:45,21.18,0.01,31,65658,买盘
7,14:56:39,21.17,--,18,38106,卖盘
8,14:56:36,21.17,--,7,14819,卖盘
9,14:56:33,21.17,--,5,10585,卖盘
10,14:56:30,21.17,-0.01,54,114318,卖盘
11,14:56:24,21.18,--,53,112254,买盘
12,14:56:21,21.18,0.01,50,107806,买盘
13,14:56:18,21.17,-0.01,6,12702,卖盘
14,14:56:15,21.18,0.01,10,21180,买盘
15,14:56:12,21.17,--,20,42340,卖盘
16,14:56:09,21.17,--,52,110084,卖盘
17,14:56:06,21.17,-0.01,13,27521,卖盘
18,14:56:03,21.18,0.01,8,16944,买盘
19,14:56:00,21.17,-0.01,37,78329,卖盘
20,14:55:57,21.18,0.01,118,249924,买盘
21,14:55:54,21.17,--,36,76212,卖盘
22,14:55:51,21.17,--,39,82563,卖盘
23,14:55:48,21.17,--,20,42340,卖盘
24,14:55:45,21.17,--,33,69861,卖盘
25,14:55:42,21.17,--,4,8468,卖盘
26,14:55:39,21.17,--,28,59276,卖盘
27,14:55:36,21.17,--,6,12702,卖盘
28,14:55:33,21.17,--,5,10585,卖盘
29,14:55:30,21.17,-0.01,2,4234,卖盘
30,14:55:27,21.18,0.01,2,4236,买盘
31,14:55:24,21.17,--,11,23287,卖盘
32,14:55:21,21.17,--,64,135488,买盘
33,14:55:15,21.17,--,44,93148,买盘
34,14:55:12,21.17,0.01,41,86797,买盘
35,14:55:09,21.16,--,8,16928,卖盘
36,14:55:06,21.16,-0.01,40,84640,卖盘
37,14:55:03,21.17,--,38,80446,买盘
38,14:55:00,21.17,0.01,36,76212,买盘
39,14:54:54,21.16,-0.01,10,21160,卖盘
40,14:54:51,21.17,0.01,10,21170,买盘
41,14:54:48,21.16,--,10,21160,卖盘
42,14:54:45,21.16,--,10,21160,卖盘
43,14:54:39,21.16,--,2,4232,卖盘
44,14:54:36,21.16,--,86,183711,买盘
45,14:54:33,21.16,0.01,166,351256,买盘
46,14:54:30,21.15,--,61,129163,买盘
47,14:54:27,21.15,--,17,35955,买盘
48,14:54:18,21.15,0.01,53,112094,买盘
49,14:54:12,21.14,--,31,65534,卖盘
50,14:54:09,21.14,-0.01,48,101472,卖盘
51,14:54:06,21.15,--,13,27494,买盘
52,14:54:03,21.15,0.01,205,433574,买盘
53,14:54:00,21.14,--,57,120498,卖盘
54,14:53:54,21.14,-0.01,35,73990,卖盘
55,14:53:51,21.15,--,55,116324,买盘
56,14:53:45,21.15,0.01,53,112094,买盘
57,14:53:39,21.14,--,43,90902,卖盘
58,14:53:36,21.14,-0.01,2,4228,卖盘
59,14:53:33,21.15,--,5,10575,买盘
60,14:53:30,21.15,--,14,29609,买盘
61,14:53:27,21.15,--,10,21150,买盘
62,14:53:24,21.15,0.01,2,4230,买盘
63,14:53:21,21.14,--,30,63420,卖盘
64,14:53:15,21.14,--,5,10570,卖盘
65,14:53:12,21.14,-0.01,6,12684,卖盘
66,14:53:09,21.15,--,2,4230,买盘
67,14:53:06,21.15,--,1,2115,买盘
68,14:53:03,21.15,0.01,6,12690,买盘
69,14:53:00,21.14,-0.01,6,12684,卖盘
70,14:52:54,21.15,--,42,88830,买盘
71,14:52:51,21.15,0.01,14,29609,买盘
72,14:52:48,21.14,-0.01,18,38052,卖盘
73,14:52:45,21.15,0.01,23,48645,买盘
74,14:52:42,21.14,--,25,52850,卖盘
75,14:52:39,21.14,-0.01,10,21140,卖盘
76,14:52:33,21.15,0.01,9,19035,买盘
77,14:52:21,21.14,--,21,44394,卖盘
78,14:52:18,21.14,--,2,4228,卖盘
79,14:52:12,21.14,--,12,25368,卖盘
80,14:52:09,21.14,-0.01,1,2114,卖盘
81,14:52:06,21.15,0.01,30,63449,买盘
82,14:52:03,21.14,--,10,21140,卖盘
83,14:52:00,21.14,-0.01,5,10570,卖盘
84,14:51:51,21.15,0.01,1,2115,买盘
85,14:51:45,21.14,-0.01,4,8456,卖盘
86,14:51:42,21.15,0.01,17,35955,买盘
87,14:51:39,21.14,--,3,6342,卖盘
88,14:51:36,21.14,--,10,21140,卖盘
89,14:51:33,21.14,--,20,42280,卖盘
90,14:51:30,21.14,--,4,8456,卖盘
91,14:51:24,21.14,--,5,10570,卖盘
92,14:51:18,21.14,--,27,57078,卖盘
93,14:51:15,21.14,-0.01,8,16912,卖盘
94,14:51:12,21.15,0.01,33,69795,买盘
95,14:51:09,21.14,-0.01,24,50736,卖盘
96,14:51:03,21.15,0.01,83,175545,买盘
97,14:51:00,21.14,--,22,46508,卖盘
98,14:50:51,21.14,--,12,25368,卖盘
99,14:50:45,21.14,--,21,44394,卖盘
100,14:50:42,21.14,-0.01,5,10570,卖盘
101,14:50:39,21.15,0.01,41,86715,买盘
102,14:50:36,21.14,-0.01,20,42280,卖盘
103,14:50:33,21.15,--,5,10575,买盘
104,14:50:30,21.15,0.01,14,29609,买盘
105,14:50:27,21.14,-0.01,7,14798,卖盘
106,14:50:12,21.15,--,4,8460,买盘
107,14:50:06,21.15,--,72,153337,卖盘
108,14:50:03,21.15,--,5,10575,卖盘
109,14:50:00,21.15,--,3,6345,卖盘
110,14:49:57,21.15,-0.01,93,196695,卖盘
111,14:49:54,21.16,0.01,12,25392,买盘
112,14:49:51,21.15,--,50,106807,卖盘
113,14:49:48,21.15,--,6,12690,卖盘
114,14:49:45,21.15,--,3,6345,卖盘
115,14:49:42,21.15,-0.01,5,10575,卖盘
116,14:49:36,21.16,0.01,55,116380,买盘
117,14:49:33,21.15,--,44,93060,卖盘
118,14:49:30,21.15,0.01,158,334170,买盘
119,14:49:24,21.14,--,11,23254,卖盘
120,14:49:21,21.14,--,2,4228,卖盘
121,14:49:18,21.14,--,1,2114,卖盘
122,14:49:12,21.14,--,9,19026,卖盘
123,14:49:09,21.14,--,1,3910,卖盘
124,14:49:06,21.14,--,27,58917,卖盘
125,14:49:00,21.14,-0.01,30,63420,卖盘
126,14:48:57,21.15,0.01,2,4230,买盘
127,14:48:48,21.14,-0.01,19,40166,卖盘
128,14:48:45,21.15,0.01,27,57104,买盘
129,14:48:42,21.14,-0.01,1,3953,卖盘
130,14:48:36,21.15,--,33,69795,买盘
131,14:48:33,21.15,0.01,15,31724,买盘
132,14:48:30,21.14,-0.01,30,63420,卖盘
133,14:48:18,21.15,0.01,37,78255,买盘
134,14:48:12,21.14,-0.01,41,86674,卖盘
135,14:48:06,21.15,--,5,10575,买盘
136,14:48:03,21.15,0.01,12,25380,买盘
137,14:48:00,21.14,-0.01,7,14798,卖盘
138,14:47:57,21.15,--,12,25380,买盘
139,14:47:51,21.15,-0.01,2,4230,买盘
140,14:47:39,21.16,--,56,118496,买盘
141,14:47:33,21.16,0.01,38,80408,买盘
142,14:47:30,21.15,--,0,1226,卖盘
143,14:47:27,21.15,-0.01,2,4230,卖盘
144,14:47:24,21.16,--,8,16928,买盘
145,14:47:15,21.16,0.03,3,7236,买盘
146,14:47:09,21.13,-0.02,117,247221,卖盘
147,14:47:06,21.15,--,1,3003,卖盘
148,14:47:00,21.15,0.01,46,98516,买盘
149,14:46:54,21.14,-0.01,2,4228,卖盘
150,14:46:51,21.15,0.02,11,23265,买盘
151,14:46:42,21.13,-0.02,1,3951,卖盘
152,14:46:39,21.15,0.01,20,42300,买盘
153,14:46:36,21.14,0.01,1,2114,买盘
154,14:46:33,21.13,--,0,21,卖盘
155,14:46:30,21.13,--,11,23243,卖盘
156,14:46:27,21.13,--,14,29582,卖盘
157,14:46:18,21.13,-0.02,9,20813,卖盘
158,14:46:15,21.15,0.01,64,135360,买盘
159,14:46:12,21.14,-0.01,13,27482,卖盘
160,14:46:09,21.15,0.01,15,31724,买盘
161,14:46:06,21.14,--,1,2114,卖盘
162,14:46:03,21.14,0.01,3,6342,买盘
163,14:46:00,21.13,--,3,6360,卖盘
164,14:45:51,21.13,--,10,21130,卖盘
165,14:45:45,21.13,-0.02,1,3909,卖盘
166,14:45:24,21.15,--,81,173260,卖盘
167,14:45:21,21.15,-0.01,76,161882,卖盘
168,14:45:18,21.16,0.01,93,196788,买盘
169,14:45:15,21.15,--,20,42300,卖盘
170,14:45:12,21.15,--,3,6345,卖盘
171,14:45:06,21.15,--,63,134387,买盘
172,14:45:03,21.15,--,5,10575,买盘
173,14:45:00,21.15,--,17,35955,买盘
174,14:44:51,21.15,-0.01,101,214587,卖盘
175,14:44:42,21.16,0.01,1,2116,买盘
176,14:44:36,21.15,-0.01,110,232649,卖盘
177,14:44:33,21.16,--,7,14812,买盘
178,14:44:30,21.16,--,2,4232,买盘
179,14:44:18,21.16,--,10,21160,买盘
180,14:44:15,21.16,--,38,80408,买盘
181,14:44:12,21.16,0.01,12,25392,买盘
182,14:44:09,21.15,--,20,42300,卖盘
183,14:44:00,21.15,-0.01,6,12690,卖盘
184,14:43:51,21.16,0.01,19,40204,买盘
185,14:43:39,21.15,--,5,10575,卖盘
186,14:43:36,21.15,--,12,27220,卖盘
187,14:43:33,21.15,-0.01,25,52875,卖盘
188,14:43:30,21.16,0.01,3,7765,买盘
189,14:43:27,21.15,--,6,12690,卖盘
190,14:43:21,21.15,--,4,8460,卖盘
191,14:43:12,21.15,-0.01,13,27494,卖盘
192,14:43:00,21.16,--,8,16928,买盘
193,14:42:57,21.16,0.01,36,76176,买盘
194,14:42:45,21.15,-0.01,10,21150,卖盘
195,14:42:42,21.16,0.01,10,21160,买盘
196,14:42:39,21.15,--,30,63449,卖盘
197,14:42:36,21.15,--,10,21150,卖盘
198,14:42:27,21.15,--,1,2115,卖盘
199,14:42:21,21.15,-0.01,3,6345,卖盘
200,14:42:18,21.16,-0.01,5,10580,中性盘
201,14:42:12,21.17,0.01,358,757886,买盘
202,14:42:03,21.16,0.01,26,55016,买盘
203,14:41:48,21.15,--,13,27494,卖盘
204,14:41:45,21.15,--,15,31724,卖盘
205,14:41:42,21.15,-0.01,13,27494,卖盘
206,14:41:36,21.16,--,63,133308,买盘
207,14:41:24,21.16,0.01,7,14812,买盘
208,14:41:18,21.15,--,3,6345,卖盘
209,14:41:15,21.15,-0.02,10,21150,卖盘
210,14:41:12,21.17,0.01,10,21170,买盘
211,14:41:09,21.16,--,10,21160,卖盘
212,14:41:06,21.16,--,8,16928,买盘
213,14:41:03,21.16,0.01,55,116380,买盘
214,14:41:00,21.15,--,11,23265,卖盘
215,14:40:57,21.15,-0.01,10,21150,卖盘
216,14:40:54,21.16,0.01,15,31740,买盘
217,14:40:51,21.15,--,3,6345,卖盘
218,14:40:48,21.15,-0.01,8,16920,卖盘
219,14:40:42,21.16,-0.01,5,10580,中性盘
220,14:40:39,21.17,--,1,2117,买盘
221,14:40:36,21.17,--,21,44457,买盘
222,14:40:30,21.17,0.01,12,25404,买盘
223,14:40:27,21.16,--,3,6348,买盘
224,14:40:24,21.16,--,2,4232,卖盘
225,14:40:21,21.16,--,43,90988,卖盘
226,14:40:18,21.16,-0.01,15,31740,卖盘
227,14:40:09,21.17,0.01,5,10585,买盘
228,14:40:06,21.16,--,28,59248,卖盘
229,14:40:03,21.16,-0.01,9,19044,卖盘
230,14:40:00,21.17,--,15,31755,买盘
231,14:39:57,21.17,0.01,9,19053,买盘
232,14:39:54,21.16,--,18,38088,卖盘
233,14:39:51,21.16,--,10,21160,卖盘
234,14:39:45,21.16,-0.01,5,10580,卖盘
235,14:39:39,21.17,0.01,3,6351,买盘
236,14:39:36,21.16,0.01,67,141772,买盘
237,14:39:33,21.15,--,30,63449,卖盘
238,14:39:24,21.15,--,20,42300,卖盘
239,14:39:21,21.15,0.01,8,16920,中性盘
240,14:39:15,21.14,-0.01,13,27482,卖盘
241,14:39:12,21.15,--,46,97290,买盘
242,14:39:06,21.15,0.01,111,234764,买盘
243,14:39:03,21.14,-0.01,10,21140,卖盘
244,14:39:00,21.15,--,5,10575,买盘
245,14:38:57,21.15,--,11,23265,买盘
246,14:38:48,21.15,0.01,118,249569,买盘
247,14:38:42,21.14,-0.01,6,12684,买盘
248,14:38:39,21.15,--,83,175545,买盘
249,14:38:36,21.15,0.01,30,63449,买盘
250,14:38:33,21.14,--,10,21140,卖盘
251,14:38:30,21.14,-0.01,20,42280,卖盘
252,14:38:27,21.15,0.01,24,50760,买盘
253,14:38:24,21.14,-0.01,11,23254,卖盘
254,14:38:18,21.15,0.01,3,6345,买盘
255,14:38:15,21.14,-0.01,1,2114,卖盘
256,14:38:09,21.15,0.01,11,23265,买盘
257,14:38:06,21.14,-0.01,3,6342,卖盘
258,14:38:03,21.15,0.01,273,577395,买盘
259,14:37:57,21.14,-0.01,10,21140,卖盘
260,14:37:51,21.15,--,10,21150,买盘
261,14:37:48,21.15,0.01,20,42300,买盘
262,14:37:42,21.14,-0.01,85,179690,卖盘
263,14:37:36,21.15,0.01,25,52875,买盘
264,14:37:33,21.14,--,2,4228,卖盘
265,14:37:30,21.14,-0.01,59,124726,卖盘
266,14:37:27,21.15,0.02,5,10575,买盘
267,14:37:21,21.13,-0.01,7,14791,卖盘
268,14:37:18,21.14,--,30,63420,买盘
269,14:37:12,21.14,-0.01,10,21140,中性盘
270,14:37:09,21.15,0.02,147,310905,买盘
271,14:37:00,21.13,0.01,46,97198,买盘
272,14:36:57,21.12,0.01,66,139392,买盘
273,14:36:54,21.11,--,18,37998,卖盘
274,14:36:48,21.11,--,2,4222,买盘
275,14:36:45,21.11,0.01,2,4222,买盘
276,14:36:42,21.1,-0.01,8,16880,卖盘
277,14:36:39,21.11,0.01,3,6333,买盘
278,14:36:33,21.1,--,108,227880,卖盘
279,14:36:30,21.1,--,168,355324,买盘
280,14:36:24,21.1,--,200,422000,买盘
281,14:36:21,21.1,0.01,4,8440,买盘
282,14:36:09,21.09,--,44,92796,买盘
283,14:36:06,21.09,0.01,60,126540,买盘
284,14:36:03,21.08,--,13,27403,买盘
285,14:36:00,21.08,0.01,29,61131,买盘
286,14:35:57,21.07,-0.01,60,126420,卖盘
287,14:35:54,21.08,--,1,2108,买盘
288,14:35:48,21.08,0.01,2,4216,买盘
289,14:35:42,21.07,--,6,12642,卖盘
290,14:35:36,21.07,--,30,63210,卖盘
291,14:35:33,21.07,--,1,2107,卖盘
292,14:35:30,21.07,--,1,2107,卖盘
293,14:35:21,21.07,--,1,2107,买盘
294,14:35:15,21.07,--,10,21070,买盘
295,14:35:12,21.07,--,5,10535,买盘
296,14:35:09,21.07,--,3,6321,买盘
297,14:35:06,21.07,--,2,4214,买盘
298,14:34:54,21.07,--,2,4214,买盘
299,14:34:51,21.07,0.01,4,8428,买盘
300,14:34:36,21.06,--,5,10530,卖盘
301,14:34:30,21.06,--,2,4212,卖盘
302,14:34:24,21.06,-0.02,1,2106,卖盘
303,14:33:36,21.08,0.02,1,2108,买盘
304,14:33:30,21.06,-0.02,3,6318,中性盘
305,14:33:18,21.08,0.03,40,84320,买盘
306,14:33:12,21.05,-0.03,5,10525,卖盘
307,14:33:00,21.08,0.01,13,27403,买盘
308,14:32:57,21.07,--,11,23177,卖盘
309,14:32:39,21.07,0.03,9,18963,买盘
310,14:32:33,21.04,-0.03,40,84160,卖盘
311,14:32:27,21.07,0.05,5,10535,中性盘
312,14:32:03,21.02,--,5,10510,卖盘
313,14:31:45,21.02,-0.06,8,16816,卖盘
314,14:31:42,21.08,0.01,54,113831,买盘
315,14:31:18,21.07,--,1,2107,买盘
316,14:31:15,21.07,--,152,320264,买盘
317,14:31:12,21.07,--,50,105350,卖盘
318,14:31:09,21.07,--,5,10535,卖盘
319,14:31:03,21.07,--,10,21070,卖盘
320,14:30:57,21.07,-0.01,5,10535,卖盘
321,14:30:54,21.08,0.01,38,80104,买盘
322,14:30:51,21.07,--,1,2107,卖盘
323,14:30:42,21.07,--,10,21070,卖盘
324,14:30:36,21.07,--,12,25284,卖盘
325,14:30:27,21.07,--,5,10535,卖盘
326,14:30:24,21.07,--,30,63210,卖盘
327,14:30:21,21.07,--,40,84280,卖盘
328,14:30:15,21.07,-0.01,1,2107,卖盘
329,14:30:12,21.08,0.01,19,40052,买盘
330,14:30:00,21.07,--,5,10535,卖盘
331,14:29:54,21.07,--,2,4214,卖盘
332,14:29:48,21.07,-0.01,1,2107,卖盘
333,14:29:42,21.08,--,23,48483,中性盘
334,14:29:24,21.08,--,1,2108,买盘
335,14:29:21,21.08,0.01,1,2108,中性盘
336,14:29:12,21.07,-0.02,10,21070,卖盘
337,14:29:06,21.09,--,40,84360,卖盘
338,14:29:03,21.09,--,20,42180,卖盘
339,14:28:54,21.09,--,3,6327,卖盘
340,14:28:48,21.09,--,3,6327,卖盘
341,14:28:45,21.09,-0.01,20,42180,卖盘
342,14:28:42,21.1,0.01,1,2110,买盘
343,14:28:39,21.09,--,29,61161,卖盘
344,14:28:36,21.09,--,90,189810,卖盘
345,14:28:33,21.09,0.01,181,381729,买盘
346,14:28:24,21.08,--,28,59023,卖盘
347,14:28:09,21.08,-0.01,2,4216,卖盘
348,14:27:54,21.09,0.01,5,10545,买盘
349,14:27:48,21.08,-0.02,6,12647,卖盘
350,14:27:45,21.1,0.02,2,4220,买盘
351,14:27:24,21.08,--,10,21080,卖盘
352,14:27:21,21.08,-0.02,1,2108,卖盘
353,14:27:15,21.1,0.02,20,42200,买盘
354,14:27:12,21.08,--,3,6323,买盘
355,14:27:06,21.08,0.01,8,16864,买盘
356,14:27:03,21.07,--,1,2107,卖盘
357,14:26:54,21.07,-0.01,10,21070,卖盘
358,14:26:42,21.08,-0.01,9,18972,中性盘
359,14:26:36,21.09,0.01,6,12654,买盘
360,14:26:33,21.08,-0.01,51,107507,卖盘
361,14:26:24,21.09,--,4,8436,卖盘
362,14:26:21,21.09,--,1,2109,买盘
363,14:26:06,21.09,-0.01,9,18981,卖盘
364,14:26:00,21.1,-0.02,3,6330,中性盘
365,14:25:51,21.12,--,50,105600,买盘
366,14:25:42,21.12,0.03,90,190080,买盘
367,14:25:39,21.09,--,20,42180,卖盘
368,14:25:36,21.09,0.01,6,12654,买盘
369,14:25:30,21.08,--,3,6323,卖盘
370,14:25:27,21.08,--,7,14755,买盘
371,14:25:24,21.08,--,3,6323,卖盘
372,14:25:15,21.08,--,25,52699,卖盘
373,14:25:09,21.08,--,4,8432,卖盘
374,14:25:06,21.08,--,321,676668,买盘
375,14:25:00,21.08,--,10,21080,买盘
376,14:24:45,21.08,-0.02,45,94859,卖盘
377,14:24:42,21.1,--,57,120270,买盘
378,14:24:36,21.1,--,18,37980,买盘
379,14:24:30,21.1,0.01,15,31650,买盘
380,14:24:27,21.09,-0.01,5,10545,卖盘
381,14:24:21,21.1,0.01,10,21100,买盘
382,14:24:18,21.09,0.01,14,29526,买盘
383,14:24:15,21.08,--,5,10540,卖盘
384,14:24:12,21.08,--,27,56915,卖盘
385,14:24:03,21.08,--,2,4216,卖盘
386,14:24:00,21.08,-0.02,2,4216,卖盘
387,14:23:51,21.1,0.02,202,426220,买盘
388,14:23:48,21.08,0.02,36,75888,买盘
389,14:23:45,21.06,--,2,4212,卖盘
390,14:23:39,21.06,-0.02,20,42120,卖盘
391,14:23:33,21.08,--,20,42160,买盘
392,14:23:30,21.08,--,2,4216,买盘
393,14:23:18,21.08,0.02,5,10540,买盘
394,14:23:15,21.06,-0.02,2,4212,卖盘
395,14:23:12,21.08,--,3,6323,买盘
396,14:23:09,21.08,-0.01,32,67456,卖盘
397,14:23:06,21.09,0.01,3,6327,买盘
398,14:23:00,21.08,--,13,27403,卖盘
399,14:22:51,21.08,-0.01,7,14755,卖盘
400,14:22:45,21.09,0.01,20,42180,买盘
401,14:22:42,21.08,--,6,12647,买盘
402,14:22:30,21.08,--,3,6323,买盘
403,14:22:27,21.08,-0.01,6,12647,买盘
404,14:22:24,21.09,0.03,3,6327,买盘
405,14:22:21,21.06,-0.04,2,4212,卖盘
406,14:22:18,21.1,0.05,4,8440,买盘
407,14:22:15,21.05,--,10,21050,买盘
408,14:22:12,21.05,-0.04,33,69465,卖盘
409,14:22:09,21.09,--,1,2109,买盘
410,14:22:06,21.09,0.01,16,33744,卖盘
411,14:21:57,21.08,-0.01,10,21080,卖盘
412,14:21:42,21.09,-0.01,7,14763,中性盘
413,14:21:39,21.1,0.02,5,10550,买盘
414,14:21:33,21.08,--,5,10540,卖盘
415,14:21:27,21.08,--,1,2108,卖盘
416,14:21:21,21.08,--,31,65347,卖盘
417,14:21:18,21.08,-0.02,64,134912,卖盘
418,14:21:12,21.1,0.02,7,14770,卖盘
419,14:21:06,21.08,-0.02,20,42160,卖盘
420,14:21:00,21.1,--,3,6330,卖盘
421,14:20:57,21.1,--,2,4220,中性盘
422,14:20:48,21.1,--,11,23210,卖盘
423,14:20:45,21.1,-0.01,8,16880,卖盘
424,14:20:42,21.11,0.01,20,42220,买盘
425,14:20:39,21.1,--,1,2110,卖盘
426,14:20:33,21.1,-0.02,5,10550,卖盘
427,14:20:27,21.12,0.01,7,14784,买盘
428,14:20:21,21.11,-0.01,9,18999,卖盘
429,14:20:09,21.12,-0.02,6,12672,卖盘
430,14:20:06,21.14,--,5,10570,买盘
431,14:20:00,21.14,--,3,6342,买盘
432,14:19:57,21.14,-0.01,10,21140,中性盘
433,14:19:51,21.15,0.01,10,21150,买盘
434,14:19:48,21.14,--,2,4228,买盘
435,14:19:45,21.14,-0.01,10,21140,买盘
436,14:19:42,21.15,--,3,6345,买盘
437,14:19:33,21.15,--,37,78255,买盘
438,14:19:24,21.15,0.09,403,852345,买盘
439,14:19:15,21.06,--,610,1284660,卖盘
440,14:19:12,21.06,-0.02,20,42120,卖盘
441,14:19:09,21.08,--,15,31619,买盘
442,14:19:06,21.08,--,10,21080,买盘
443,14:19:00,21.08,0.02,104,219231,买盘
444,14:18:57,21.06,--,3,6318,卖盘
445,14:18:54,21.06,0.01,96,202176,买盘
446,14:18:51,21.05,0.01,2,4210,中性盘
447,14:18:48,21.04,-0.01,37,77848,卖盘
448,14:18:42,21.05,--,46,96830,买盘
449,14:18:39,21.05,--,34,71570,买盘
450,14:18:36,21.05,0.01,206,433630,买盘
451,14:18:33,21.04,--,15,31560,买盘
452,14:18:30,21.04,--,16,33664,买盘
453,14:18:27,21.04,0.01,2,4208,买盘
454,14:18:21,21.03,--,69,145107,买盘
455,14:18:18,21.03,--,22,46266,买盘
456,14:18:15,21.03,--,30,63090,买盘
457,14:18:06,21.03,0.02,5,10515,买盘
458,14:17:57,21.01,--,47,98747,买盘
459,14:17:54,21.01,--,5,10505,买盘
460,14:17:48,21.01,--,10,21010,买盘
461,14:17:39,21.01,--,1,2101,买盘
462,14:17:36,21.01,0.01,20,42020,买盘
463,14:17:30,21.0,-0.01,12,25200,卖盘
464,14:17:27,21.01,--,10,21010,买盘
465,14:17:24,21.01,0.01,5,10505,买盘
466,14:17:06,21.0,0.01,59,124278,买盘
467,14:16:57,20.99,--,8,16792,卖盘
468,14:16:36,20.99,--,4,8396,卖盘
469,14:16:24,20.99,--,34,71366,卖盘
470,14:16:21,20.99,--,3,6296,买盘
471,14:15:42,20.99,0.01,2,4198,买盘
472,14:15:36,20.98,--,4,8392,卖盘
473,14:15:24,20.98,--,5,10490,卖盘
474,14:15:12,20.98,--,16,33568,买盘
475,14:15:09,20.98,--,31,65038,买盘
476,14:15:03,20.98,--,10,20980,卖盘
477,14:14:57,20.98,--,1,2098,买盘
478,14:14:54,20.98,-0.01,6,12588,卖盘
479,14:14:45,20.99,0.01,3,6296,买盘
480,14:14:42,20.98,-0.01,10,20980,卖盘
481,14:14:33,20.99,--,35,73465,买盘
482,14:14:27,20.99,--,15,31484,买盘
483,14:14:03,20.99,0.01,6,12593,买盘
484,14:13:51,20.98,-0.01,3,6294,卖盘
485,14:13:36,20.99,0.01,8,16792,买盘
486,14:13:12,20.98,0.01,1,2098,中性盘
487,14:12:51,20.97,--,5,10485,买盘
488,14:12:48,20.97,-0.01,49,102753,卖盘
489,14:12:39,20.98,-0.01,7,14686,卖盘
490,14:12:33,20.99,--,5,10495,买盘
491,14:12:27,20.99,--,1,2099,买盘
492,14:12:21,20.99,--,10,20990,买盘
493,14:12:18,20.99,--,4,8396,买盘
494,14:12:06,20.99,--,1,2099,买盘
495,14:12:03,20.99,-0.01,6,13076,卖盘
496,14:12:00,21.0,0.01,2,4200,买盘
497,14:11:57,20.99,-0.01,10,20990,卖盘
498,14:11:51,21.0,0.01,10,21000,买盘
499,14:11:48,20.99,--,7,14692,卖盘
500,14:11:45,20.99,-0.01,13,28903,卖盘
501,14:11:33,21.0,0.01,19,39900,买盘
502,14:11:06,20.99,--,3,6296,卖盘
503,14:10:57,20.99,--,4,8396,买盘
504,14:10:51,20.99,0.01,1,2099,买盘
505,14:10:42,20.98,-0.02,10,20980,卖盘
506,14:10:15,21.0,-0.01,3,8022,卖盘
507,14:10:06,21.01,0.01,42,88620,买盘
508,14:10:03,21.0,--,10,21000,买盘
509,14:09:57,21.0,--,2,4200,买盘
510,14:09:33,21.0,--,40,84000,买盘
511,14:09:27,21.0,--,20,42000,买盘
512,14:09:24,21.0,--,15,33222,卖盘
513,14:09:09,21.0,--,5,10500,卖盘
514,14:08:57,21.0,--,5,10500,卖盘
515,14:08:54,21.0,--,5,10500,卖盘
516,14:08:45,21.0,-0.01,2,4200,卖盘
517,14:08:42,21.01,0.01,1,2101,买盘
518,14:08:24,21.0,-0.01,5,10500,卖盘
519,14:08:15,21.01,0.01,1,2101,买盘
520,14:08:12,21.0,-0.01,5,10500,卖盘
521,14:08:09,21.01,--,6,12606,买盘
522,14:08:00,21.01,0.01,9,18909,买盘
523,14:07:54,21.0,-0.01,2,4200,卖盘
524,14:07:45,21.01,--,2,4202,买盘
525,14:07:42,21.01,0.01,9,18909,买盘
526,14:07:39,21.0,--,1,2100,卖盘
527,14:07:36,21.0,--,10,21000,卖盘
528,14:07:21,21.0,-0.01,29,60900,卖盘
529,14:07:15,21.01,0.01,3,6303,中性盘
530,14:07:09,21.0,--,0,378,卖盘
531,14:06:57,21.0,--,20,42000,卖盘
532,14:06:51,21.0,--,7,14700,卖盘
533,14:06:42,21.0,0.02,10,21000,卖盘
534,14:06:33,20.98,--,5,10490,卖盘
535,14:06:03,20.98,-0.03,3,6294,卖盘
536,14:06:00,21.01,--,21,44121,中性盘
537,14:05:51,21.01,--,3,6303,买盘
538,14:05:48,21.01,--,4,8404,买盘
539,14:05:45,21.01,0.04,2,4202,买盘
540,14:05:27,20.97,--,11,23067,买盘
541,14:05:24,20.97,0.01,2,4194,买盘
542,14:05:21,20.96,-0.02,1,2096,卖盘
543,14:05:06,20.98,-0.03,12,25176,卖盘
544,14:04:48,21.01,--,1,2101,卖盘
545,14:04:39,21.01,-0.01,8,16808,卖盘
546,14:04:36,21.02,-0.01,4,8408,买盘
547,14:04:30,21.03,0.01,4,8412,买盘
548,14:04:27,21.02,-0.01,14,29428,卖盘
549,14:04:24,21.03,--,1,2103,买盘
550,14:04:15,21.03,0.01,10,21030,买盘
551,14:04:12,21.02,--,1,2102,卖盘
552,14:04:09,21.02,--,2,4204,卖盘
553,14:04:06,21.02,0.01,1,2102,中性盘
554,14:03:51,21.01,--,10,21010,卖盘
555,14:03:48,21.01,0.03,234,491634,买盘
556,14:03:45,20.98,-0.02,5,10490,卖盘
557,14:03:36,21.0,--,2,4200,卖盘
558,14:03:30,21.0,--,1,2100,卖盘
559,14:03:27,21.0,0.01,4,8400,卖盘
560,14:03:24,20.99,--,3,6296,买盘
561,14:03:18,20.99,-0.02,2,4198,卖盘
562,14:03:06,21.01,0.02,13,27313,买盘
563,14:03:00,20.99,-0.02,2,4198,卖盘
564,14:02:57,21.01,0.01,4,8404,买盘
565,14:02:54,21.0,-0.01,20,42000,卖盘
566,14:02:48,21.01,0.01,1,2101,买盘
567,14:02:39,21.0,-0.01,6,12600,卖盘
568,14:02:33,21.01,--,1,2101,买盘
569,14:02:24,21.01,-0.02,1,2101,卖盘
570,14:02:18,21.03,0.01,12,25236,买盘
571,14:02:15,21.02,0.01,5,10510,中性盘
572,14:02:09,21.01,-0.03,4,8404,卖盘
573,14:02:03,21.04,0.01,13,27352,买盘
574,14:01:57,21.03,--,42,88326,卖盘
575,14:01:54,21.03,--,1,2103,卖盘
576,14:01:27,21.03,0.03,3,6309,买盘
577,14:01:24,21.0,-0.01,9,18900,卖盘
578,14:01:21,21.01,0.01,5,10505,买盘
579,14:01:15,21.0,--,6,12600,买盘
580,14:01:03,21.0,--,106,222600,买盘
581,14:01:00,21.0,0.01,35,73500,买盘
582,14:00:51,20.99,0.01,24,50375,买盘
583,14:00:42,20.98,0.01,10,20980,买盘
584,14:00:30,20.97,--,17,35649,买盘
585,14:00:18,20.97,0.01,10,20970,买盘
586,14:00:12,20.96,--,3,6288,卖盘
587,14:00:03,20.96,--,4,8384,卖盘
588,14:00:00,20.96,--,32,67072,买盘
589,13:59:57,20.96,0.01,8,16768,买盘
590,13:59:54,20.95,-0.01,1,2095,卖盘
591,13:59:51,20.96,--,5,10480,买盘
592,13:59:33,20.96,0.01,20,41920,买盘
593,13:59:27,20.95,0.01,6,12570,买盘
594,13:59:09,20.94,-0.01,42,87948,卖盘
595,13:59:06,20.95,0.01,2,4190,买盘
596,13:59:03,20.94,--,21,43974,买盘
597,13:59:00,20.94,--,6,12564,买盘
598,13:58:57,20.94,--,10,20940,买盘
599,13:58:48,20.94,--,6,12564,卖盘
600,13:58:15,20.94,--,50,104700,卖盘
601,13:58:09,20.94,0.01,80,167520,买盘
602,13:58:00,20.93,--,1,2093,卖盘
603,13:57:54,20.93,--,3,6279,卖盘
604,13:57:24,20.93,-0.01,5,10465,卖盘
605,13:57:21,20.94,--,1,2094,买盘
606,13:57:18,20.94,--,3,6282,买盘
607,13:57:00,20.94,--,1,2094,买盘
608,13:56:48,20.94,--,4,8376,卖盘
609,13:56:21,20.94,--,9,18846,买盘
610,13:56:03,20.94,-0.01,8,16752,卖盘
611,13:55:57,20.95,0.01,6,12570,买盘
612,13:55:42,20.94,0.01,2,4188,买盘
613,13:55:12,20.93,--,15,31395,卖盘
614,13:55:06,20.93,0.01,16,33488,买盘
615,13:54:48,20.92,-0.01,5,10460,卖盘
616,13:54:42,20.93,--,3,6279,买盘
617,13:54:27,20.93,--,2,4186,买盘
618,13:54:18,20.93,0.01,33,69069,买盘
619,13:54:12,20.92,-0.01,4,8368,卖盘
620,13:53:51,20.93,--,2,4186,买盘
621,13:53:42,20.93,--,3,6279,买盘
622,13:53:39,20.93,0.01,6,12558,买盘
623,13:53:27,20.92,--,8,16736,卖盘
624,13:53:24,20.92,-0.01,10,20920,卖盘
625,13:53:12,20.93,0.01,17,35581,买盘
626,13:53:06,20.92,-0.01,15,31380,卖盘
627,13:53:00,20.93,--,1,2093,买盘
628,13:52:48,20.93,--,7,14651,买盘
629,13:52:42,20.93,0.01,4,8372,买盘
630,13:52:39,20.92,--,2,4184,卖盘
631,13:52:36,20.92,--,4,8368,买盘
632,13:52:33,20.92,--,2,4184,买盘
633,13:52:15,20.92,--,4,8368,卖盘
634,13:52:06,20.92,0.02,6,12552,中性盘
635,13:51:24,20.9,-0.03,9,18810,卖盘
636,13:51:09,20.93,0.03,3,6279,买盘
637,13:51:06,20.9,-0.02,28,58519,卖盘
638,13:50:51,20.92,--,6,12552,买盘
639,13:50:48,20.92,--,19,39748,买盘
640,13:50:45,20.92,--,10,20920,买盘
641,13:50:42,20.92,--,30,62760,买盘
642,13:50:36,20.92,0.02,1,2092,买盘
643,13:50:27,20.9,-0.02,40,83600,卖盘
644,13:50:18,20.92,0.02,45,94140,买盘
645,13:50:15,20.9,0.01,1,2090,买盘
646,13:50:12,20.89,-0.01,8,16712,卖盘
647,13:50:09,20.9,0.01,20,41800,买盘
648,13:49:54,20.89,--,19,39691,买盘
649,13:49:48,20.89,--,10,20890,买盘
650,13:49:45,20.89,--,26,54314,买盘
651,13:49:42,20.89,--,24,50136,买盘
652,13:49:39,20.89,--,6,12534,买盘
653,13:49:33,20.89,--,27,56403,买盘
654,13:49:27,20.89,--,1,2089,买盘
655,13:49:24,20.89,--,3,6267,买盘
656,13:49:15,20.89,0.01,10,20890,买盘
657,13:48:57,20.88,-0.01,2,4176,卖盘
658,13:48:54,20.89,--,40,83560,买盘
659,13:48:45,20.89,--,10,20890,买盘
660,13:48:27,20.89,--,6,12534,买盘
661,13:48:06,20.89,--,10,20890,买盘
662,13:47:57,20.89,0.01,4,8356,买盘
663,13:47:51,20.88,-0.01,2,4176,卖盘
664,13:47:45,20.89,--,2,4178,买盘
665,13:47:33,20.89,-0.01,2,4178,卖盘
666,13:47:30,20.9,--,4,8360,买盘
667,13:47:24,20.9,0.01,9,18810,买盘
668,13:47:18,20.89,-0.01,12,25068,卖盘
669,13:46:57,20.9,0.01,5,10450,买盘
670,13:46:48,20.89,--,2,4178,卖盘
671,13:46:42,20.89,--,12,25068,卖盘
672,13:46:39,20.89,--,37,77293,卖盘
673,13:46:33,20.89,-0.01,3,6267,中性盘
674,13:46:21,20.9,0.01,20,41800,买盘
675,13:46:06,20.89,-0.01,13,27157,卖盘
676,13:46:00,20.9,--,10,20900,买盘
677,13:45:54,20.9,-0.02,70,146300,卖盘
678,13:45:27,20.92,0.02,10,20920,中性盘
679,13:45:18,20.9,-0.02,3,6270,卖盘
680,13:45:12,20.92,0.02,7,14644,买盘
681,13:45:03,20.9,-0.02,2,4180,卖盘
682,13:44:57,20.92,0.02,6,12552,买盘
683,13:44:42,20.9,--,4,8360,买盘
684,13:44:33,20.9,0.01,2,4180,买盘
685,13:44:30,20.89,-0.01,3,6267,卖盘
686,13:44:27,20.9,0.02,4,8360,中性盘
687,13:44:03,20.88,--,20,41760,卖盘
688,13:43:57,20.88,--,7,14616,卖盘
689,13:43:54,20.88,--,28,58464,卖盘
690,13:43:36,20.88,--,42,87696,买盘
691,13:43:33,20.88,--,15,31320,买盘
692,13:43:27,20.88,0.01,5,10440,买盘
693,13:43:21,20.87,--,5,10435,卖盘
694,13:43:09,20.87,0.02,11,22957,买盘
695,13:42:57,20.85,-0.01,22,45870,卖盘
696,13:42:54,20.86,0.01,11,22946,买盘
697,13:42:45,20.85,--,27,56295,卖盘
698,13:42:42,20.85,-0.01,9,18765,卖盘
699,13:42:33,20.86,--,45,93870,卖盘
700,13:42:30,20.86,0.01,13,27118,买盘
701,13:42:27,20.85,-0.01,33,68805,卖盘
702,13:42:21,20.86,--,1,2086,买盘
703,13:42:18,20.86,--,8,16688,买盘
704,13:42:15,20.86,0.01,13,27118,买盘
705,13:42:12,20.85,-0.01,20,41700,卖盘
706,13:41:57,20.86,--,26,54236,卖盘
707,13:41:51,20.86,-0.01,20,41720,卖盘
708,13:41:45,20.87,0.01,1,2087,买盘
709,13:41:42,20.86,-0.01,4,8344,卖盘
710,13:41:36,20.87,0.01,3,6261,买盘
711,13:41:33,20.86,--,20,41720,卖盘
712,13:41:27,20.86,--,5,10430,卖盘
713,13:41:24,20.86,--,9,18774,卖盘
714,13:41:21,20.86,--,5,10430,卖盘
715,13:41:03,20.86,--,3,6258,卖盘
716,13:40:54,20.86,--,20,41720,卖盘
717,13:40:51,20.86,--,15,31290,卖盘
718,13:40:42,20.86,--,2,4172,卖盘
719,13:40:33,20.86,-0.01,8,16688,卖盘
720,13:40:24,20.87,--,5,10435,卖盘
721,13:40:21,20.87,--,2,4174,卖盘
722,13:40:18,20.87,-0.01,17,35479,卖盘
723,13:40:15,20.88,0.01,5,10440,买盘
724,13:40:12,20.87,--,5,10435,卖盘
725,13:39:57,20.87,--,1,2087,卖盘
726,13:39:42,20.87,-0.01,10,20870,卖盘
727,13:39:33,20.88,-0.02,27,56376,卖盘
728,13:39:06,20.9,--,1,2090,买盘
729,13:39:03,20.9,-0.02,48,100320,卖盘
730,13:39:00,20.92,-0.02,3,6276,卖盘
731,13:38:51,20.94,--,9,18846,买盘
732,13:38:00,20.94,0.01,10,20940,买盘
733,13:37:57,20.93,0.02,7,14651,买盘
734,13:37:48,20.91,--,3,6273,卖盘
735,13:37:45,20.91,-0.03,1,2091,卖盘
736,13:37:36,20.94,--,13,27808,卖盘
737,13:37:27,20.94,--,2,4188,卖盘
738,13:37:09,20.94,--,30,62820,卖盘
739,13:37:06,20.94,--,2,4188,卖盘
740,13:36:48,20.94,-0.01,39,81666,卖盘
741,13:36:42,20.95,--,7,14665,买盘
742,13:36:36,20.95,--,1,2095,买盘
743,13:36:18,20.95,--,5,10475,买盘
744,13:36:00,20.95,--,21,43995,卖盘
745,13:35:48,20.95,--,8,16760,买盘
746,13:35:45,20.95,0.01,2,4190,买盘
747,13:35:30,20.94,-0.01,1,2094,卖盘
748,13:35:03,20.95,-0.01,30,62850,卖盘
749,13:34:57,20.96,0.01,5,10480,买盘
750,13:34:51,20.95,-0.01,6,12570,卖盘
751,13:34:30,20.96,-0.01,33,69168,中性盘
752,13:33:51,20.97,0.02,4,8388,买盘
753,13:33:36,20.95,0.01,8,16760,买盘
754,13:33:21,20.94,--,35,74797,买盘
755,13:33:18,20.94,--,10,20940,买盘
756,13:33:15,20.94,0.01,7,14658,买盘
757,13:33:03,20.93,--,6,12558,买盘
758,13:33:00,20.93,0.02,1,2093,买盘
759,13:32:57,20.91,-0.02,2,4182,卖盘
760,13:32:48,20.93,--,2,4186,买盘
761,13:32:42,20.93,0.02,1,2093,买盘
762,13:32:27,20.91,--,34,71094,买盘
763,13:32:24,20.91,--,4,8364,买盘
764,13:32:18,20.91,--,1,2091,买盘
765,13:32:06,20.91,--,4,8364,买盘
766,13:32:03,20.91,--,5,10455,买盘
767,13:32:00,20.91,--,3,6273,买盘
768,13:31:54,20.91,--,50,104550,买盘
769,13:31:45,20.91,0.01,1,2091,买盘
770,13:31:36,20.9,--,10,20900,卖盘
771,13:31:30,20.9,0.02,2,4180,买盘
772,13:31:12,20.88,-0.02,35,73080,卖盘
773,13:31:09,20.9,0.02,56,117039,买盘
774,13:31:06,20.88,--,10,20880,卖盘
775,13:30:57,20.88,--,2,4176,卖盘
776,13:30:51,20.88,-0.02,5,10440,卖盘
777,13:30:48,20.9,0.02,11,22990,买盘
778,13:30:39,20.88,-0.02,15,31320,卖盘
779,13:30:27,20.9,--,2,4180,买盘
780,13:30:21,20.9,--,18,37620,买盘
781,13:30:12,20.9,--,33,68970,卖盘
782,13:30:00,20.9,--,9,18810,卖盘
783,13:29:54,20.9,--,20,41800,卖盘
784,13:29:51,20.9,-0.01,20,41800,卖盘
785,13:29:45,20.91,0.01,20,41820,买盘
786,13:29:39,20.9,-0.01,164,342760,卖盘
787,13:29:36,20.91,0.01,1,2091,买盘
788,13:29:30,20.9,--,20,41800,卖盘
789,13:29:24,20.9,--,6,12540,卖盘
790,13:29:18,20.9,-0.01,10,20900,卖盘
791,13:29:15,20.91,--,10,20910,买盘
792,13:29:12,20.91,--,31,64821,买盘
793,13:29:06,20.91,0.01,2,4182,买盘
794,13:29:00,20.9,-0.01,6,12540,卖盘
795,13:28:57,20.91,--,3,6273,卖盘
796,13:28:54,20.91,--,27,56457,卖盘
797,13:28:48,20.91,--,1,2091,卖盘
798,13:28:36,20.91,--,1,2091,卖盘
799,13:28:27,20.91,0.01,2,4182,买盘
800,13:28:21,20.9,--,3,6270,卖盘
801,13:28:18,20.9,-0.01,12,25080,卖盘
802,13:28:12,20.91,0.01,3,6273,买盘
803,13:28:09,20.9,-0.01,1,2090,卖盘
804,13:28:06,20.91,-0.01,34,71094,卖盘
805,13:28:00,20.92,0.01,1,2092,买盘
806,13:27:45,20.91,-0.01,70,146370,卖盘
807,13:27:42,20.92,0.01,1,2092,中性盘
808,13:27:39,20.91,-0.03,21,43911,卖盘
809,13:27:33,20.94,0.02,11,23034,买盘
810,13:27:27,20.92,-0.02,11,23012,卖盘
811,13:27:21,20.94,-0.01,146,306310,卖盘
812,13:27:09,20.95,--,5,10475,卖盘
813,13:27:03,20.95,-0.02,0,1508,卖盘
814,13:26:54,20.97,0.02,10,20970,买盘
815,13:26:45,20.95,-0.01,5,10475,卖盘
816,13:26:24,20.96,--,9,19450,卖盘
817,13:26:18,20.96,--,20,41920,卖盘
818,13:26:06,20.96,-0.01,18,37728,卖盘
819,13:25:54,20.97,0.01,1,2097,买盘
820,13:25:45,20.96,-0.01,47,98512,卖盘
821,13:25:36,20.97,0.01,10,20970,买盘
822,13:25:33,20.96,-0.02,0,1509,卖盘
823,13:25:06,20.98,-0.01,1,2098,中性盘
824,13:24:51,20.99,-0.01,2,4198,卖盘
825,13:24:15,21.0,--,2,4200,买盘
826,13:24:09,21.0,--,2,4200,买盘
827,13:23:57,21.0,0.05,4,8400,买盘
828,13:23:51,20.95,--,2,4190,卖盘
829,13:23:42,20.95,-0.01,2,4190,卖盘
830,13:23:12,20.96,--,3,6288,买盘
831,13:23:06,20.96,0.01,5,10480,买盘
832,13:23:03,20.95,--,8,16760,卖盘
833,13:23:00,20.95,--,2,4190,卖盘
834,13:22:57,20.95,--,3,6285,买盘
835,13:22:54,20.95,--,10,20950,买盘
836,13:22:42,20.95,0.01,34,71230,买盘
837,13:22:33,20.94,--,4,8376,卖盘
838,13:22:30,20.94,0.01,26,54444,买盘
839,13:22:24,20.93,-0.01,1,2093,卖盘
840,13:22:15,20.94,-0.01,2,4188,中性盘
841,13:22:00,20.95,--,31,64945,买盘
842,13:21:54,20.95,--,2,4190,买盘
843,13:21:48,20.95,--,37,77515,买盘
844,13:21:42,20.95,--,1,2095,买盘
845,13:21:39,20.95,--,3,6285,买盘
846,13:21:36,20.95,--,24,50280,买盘
847,13:21:27,20.95,--,3,6285,买盘
848,13:21:15,20.95,-0.01,12,25140,卖盘
849,13:21:09,20.96,--,2,4192,中性盘
850,13:21:06,20.96,--,2,4192,买盘
851,13:21:00,20.96,--,1,2096,卖盘
852,13:20:42,20.96,-0.02,6,12576,卖盘
853,13:20:39,20.98,-0.02,1,2098,买盘
854,13:19:57,21.0,--,21,44100,买盘
855,13:19:39,21.0,--,4,8400,买盘
856,13:19:36,21.0,-0.02,71,149100,卖盘
857,13:19:24,21.02,0.01,22,46244,买盘
858,13:19:18,21.01,-0.01,52,109252,卖盘
859,13:19:15,21.02,--,6,12612,买盘
860,13:19:12,21.02,0.01,2,4204,买盘
861,13:19:06,21.01,--,13,27313,卖盘
862,13:19:03,21.01,-0.01,2,4202,卖盘
863,13:19:00,21.02,0.01,21,44142,买盘
864,13:18:54,21.01,--,11,23111,卖盘
865,13:18:45,21.01,--,4,8404,卖盘
866,13:18:42,21.01,-0.01,5,10505,卖盘
867,13:18:36,21.02,0.01,2,4204,买盘
868,13:18:33,21.01,-0.01,1,2101,中性盘
869,13:18:24,21.02,0.01,5,10510,买盘
870,13:18:15,21.01,--,5,10505,买盘
871,13:18:12,21.01,0.01,7,14707,买盘
872,13:18:09,21.0,-0.01,31,65100,卖盘
873,13:18:06,21.01,0.01,12,25212,买盘
874,13:18:03,21.0,--,10,21000,卖盘
875,13:17:54,21.0,-0.01,12,25200,中性盘
876,13:17:42,21.01,0.01,1,2101,买盘
877,13:17:36,21.0,-0.01,24,50400,卖盘
878,13:17:33,21.01,--,10,21010,买盘
879,13:17:24,21.01,--,5,10505,买盘
880,13:17:12,21.01,--,2,4202,买盘
881,13:17:00,21.01,-0.01,6,12606,卖盘
882,13:16:51,21.02,0.01,2,4204,买盘
883,13:16:45,21.01,--,2,4202,卖盘
884,13:16:36,21.01,-0.01,4,8404,卖盘
885,13:16:27,21.02,--,6,12612,买盘
886,13:16:18,21.02,--,16,33632,买盘
887,13:15:45,21.02,--,1,2102,买盘
888,13:15:33,21.02,-0.02,4,8408,卖盘
889,13:15:21,21.04,--,3,6312,买盘
890,13:15:18,21.04,--,1,2104,买盘
891,13:15:09,21.04,--,2,4208,买盘
892,13:15:06,21.04,0.01,4,8416,买盘
893,13:14:57,21.03,-0.01,6,12618,卖盘
894,13:14:54,21.04,0.01,2,4208,买盘
895,13:14:48,21.03,--,1,2103,卖盘
896,13:14:42,21.03,-0.01,6,12618,卖盘
897,13:14:27,21.04,--,4,8416,买盘
898,13:14:15,21.04,0.01,12,25248,买盘
899,13:14:09,21.03,-0.01,1,2103,卖盘
900,13:14:06,21.04,--,4,8416,买盘
901,13:14:03,21.04,0.01,1,2104,买盘
902,13:14:00,21.03,--,5,10515,卖盘
903,13:13:54,21.03,-0.01,14,29442,卖盘
904,13:13:51,21.04,--,1,2104,买盘
905,13:13:48,21.04,--,4,8416,买盘
906,13:13:39,21.04,--,1,2104,买盘
907,13:13:36,21.04,--,1,2104,买盘
908,13:13:30,21.04,--,11,23144,买盘
909,13:13:27,21.04,-0.01,5,10520,中性盘
910,13:13:12,21.05,0.01,1,2105,买盘
911,13:13:03,21.04,--,2,4208,卖盘
912,13:13:00,21.04,-0.01,1,2104,中性盘
913,13:12:27,21.05,0.02,10,21050,买盘
914,13:12:24,21.03,-0.02,2,4206,卖盘
915,13:12:09,21.05,--,78,164190,买盘
916,13:12:00,21.05,0.02,6,12630,买盘
917,13:11:54,21.03,-0.02,7,14721,卖盘
918,13:11:51,21.05,--,9,18945,买盘
919,13:11:30,21.05,0.03,24,50520,买盘
920,13:11:27,21.02,--,39,81978,卖盘
921,13:11:09,21.02,--,5,10510,卖盘
922,13:11:03,21.02,--,11,23122,买盘
923,13:11:00,21.02,0.01,9,18918,买盘
924,13:10:57,21.01,-0.04,4,8404,卖盘
925,13:10:45,21.05,0.03,100,210500,买盘
926,13:10:42,21.02,-0.01,30,63060,卖盘
927,13:10:33,21.03,--,1,2103,买盘
928,13:10:27,21.03,--,1,2103,买盘
929,13:10:03,21.03,--,10,21030,买盘
930,13:09:45,21.03,-0.01,51,107253,卖盘
931,13:09:42,21.04,--,1,2104,卖盘
932,13:09:39,21.04,-0.01,8,16832,卖盘
933,13:09:24,21.05,--,1,2105,买盘
934,13:09:18,21.05,0.01,2,4210,买盘
935,13:09:09,21.04,-0.01,3,6312,卖盘
936,13:08:48,21.05,0.01,3,6315,买盘
937,13:08:45,21.04,--,2,4208,卖盘
938,13:08:42,21.04,-0.01,10,21040,卖盘
939,13:08:39,21.05,0.01,5,10525,买盘
940,13:08:24,21.04,-0.01,10,21040,卖盘
941,13:08:21,21.05,--,2,4210,买盘
942,13:08:18,21.05,0.02,40,84200,买盘
943,13:08:09,21.03,-0.01,10,21030,卖盘
944,13:08:06,21.04,-0.01,1,2104,中性盘
945,13:07:51,21.05,--,3,6315,买盘
946,13:07:42,21.05,--,19,39995,买盘
947,13:07:36,21.05,0.02,10,21050,买盘
948,13:07:30,21.03,-0.02,2,4206,卖盘
949,13:07:15,21.05,-0.01,7,14735,卖盘
950,13:07:12,21.06,--,35,73710,买盘
951,13:06:45,21.06,-0.01,6,12636,中性盘
952,13:06:27,21.07,0.01,8,16856,中性盘
953,13:06:24,21.06,--,10,21060,卖盘
954,13:06:18,21.06,--,12,25272,卖盘
955,13:06:09,21.06,-0.02,3,6318,卖盘
956,13:06:00,21.08,--,9,18972,卖盘
957,13:05:57,21.08,--,2,4216,卖盘
958,13:05:54,21.08,--,15,31619,中性盘
959,13:05:48,21.08,--,10,21080,买盘
960,13:05:45,21.08,--,1,2108,卖盘
961,13:05:39,21.08,--,166,350792,卖盘
962,13:05:30,21.08,-0.01,1,2108,卖盘
963,13:05:27,21.09,0.01,10,21090,买盘
964,13:05:21,21.08,--,4,8432,卖盘
965,13:05:18,21.08,0.01,23,48483,买盘
966,13:05:12,21.07,-0.01,1,2107,卖盘
967,13:05:09,21.08,-0.01,1,2108,中性盘
968,13:05:00,21.09,0.01,17,35853,买盘
969,13:04:57,21.08,-0.01,2,4216,中性盘
970,13:04:54,21.09,--,19,40071,买盘
971,13:04:45,21.09,--,5,10545,买盘
972,13:04:42,21.09,--,11,23199,买盘
973,13:04:39,21.09,--,16,34988,卖盘
974,13:04:36,21.09,--,10,21090,卖盘
975,13:04:33,21.09,-0.01,20,42180,卖盘
976,13:04:30,21.1,0.01,10,21100,买盘
977,13:04:27,21.09,--,18,38826,买盘
978,13:04:24,21.09,0.01,4,8436,买盘
979,13:04:21,21.08,--,15,31619,卖盘
980,13:04:18,21.08,-0.01,15,31619,卖盘
981,13:04:12,21.09,0.01,1,2109,买盘
982,13:04:09,21.08,--,34,71672,买盘
983,13:04:03,21.08,0.01,19,40052,买盘
984,13:03:54,21.07,-0.01,10,21070,卖盘
985,13:03:51,21.08,0.03,66,139128,买盘
986,13:03:45,21.05,--,28,58940,卖盘
987,13:03:42,21.05,-0.02,8,16840,卖盘
988,13:03:39,21.07,--,1,2107,买盘
989,13:03:36,21.07,0.02,10,21070,买盘
990,13:03:30,21.05,--,10,21050,卖盘
991,13:03:24,21.05,--,10,21050,卖盘
992,13:03:15,21.05,--,5,10525,卖盘
993,13:03:03,21.05,0.03,69,145245,买盘
994,13:03:00,21.02,-0.03,37,77774,卖盘
995,13:02:57,21.05,0.03,10,21050,买盘
996,13:02:51,21.02,-0.03,5,10510,中性盘
997,13:02:45,21.05,0.03,9,18945,买盘
998,13:02:33,21.02,-0.03,18,37836,卖盘
999,13:02:30,21.05,0.01,28,58940,买盘
1000,13:02:27,21.04,0.02,24,50496,中性盘
1001,13:02:12,21.02,0.02,43,90386,买盘
1002,13:02:06,21.0,--,82,172200,卖盘
1003,13:01:54,21.0,0.01,43,90300,买盘
1004,13:01:48,20.99,0.05,2,4198,中性盘
1005,13:01:39,20.94,-0.01,51,106794,卖盘
1006,13:01:33,20.95,--,58,121510,买盘
1007,13:01:30,20.95,--,48,100560,买盘
1008,13:01:15,20.95,-0.05,144,301680,卖盘
1009,13:01:12,21.0,--,10,21000,买盘
1010,13:01:06,21.0,--,15,31500,买盘
1011,13:00:51,21.0,--,2,4200,买盘
1012,13:00:48,21.0,--,29,60900,买盘
1013,13:00:45,21.0,--,16,33600,买盘
1014,13:00:39,21.0,--,36,75600,买盘
1015,13:00:36,21.0,--,4,8400,买盘
1016,13:00:33,21.0,0.03,8,16800,买盘
1017,13:00:30,20.97,-0.03,66,138402,卖盘
1018,13:00:27,21.0,--,30,63000,买盘
1019,13:00:21,21.0,--,10,21000,买盘
1020,13:00:18,21.0,--,10,21000,买盘
1021,13:00:15,21.0,--,9,18900,买盘
1022,13:00:12,21.0,--,2,4200,买盘
1023,13:00:09,21.0,0.05,10,21000,买盘
1024,13:00:03,20.95,0.05,187,391765,买盘
1025,13:00:00,20.9,--,0,0,买盘
1026,11:30:00,20.9,-0.04,43,89870,卖盘
1027,11:29:45,20.94,0.04,7,14658,买盘
1028,11:29:33,20.9,-0.04,10,20900,卖盘
1029,11:29:18,20.94,--,4,8376,买盘
1030,11:29:00,20.94,--,3,6282,买盘
1031,11:28:42,20.94,--,1,2094,买盘
1032,11:28:39,20.94,--,7,14658,买盘
1033,11:28:33,20.94,--,11,23034,买盘
1034,11:28:18,20.94,--,12,25128,卖盘
1035,11:27:54,20.94,--,3,6282,买盘
1036,11:27:45,20.94,0.04,11,23034,买盘
1037,11:26:51,20.9,--,4,8360,卖盘
1038,11:26:39,20.9,0.02,2,4180,卖盘
1039,11:26:03,20.88,--,51,106488,买盘
1040,11:25:54,20.88,--,5,10440,买盘
1041,11:25:42,20.88,--,7,14616,买盘
1042,11:25:39,20.88,-0.06,27,56376,卖盘
1043,11:25:36,20.94,--,6,12564,卖盘
1044,11:25:33,20.94,0.05,2,4188,买盘
1045,11:25:27,20.89,0.01,8,16712,中性盘
1046,11:24:33,20.88,0.02,1,2088,买盘
1047,11:24:06,20.86,--,9,18774,买盘
1048,11:24:03,20.86,--,9,18774,买盘
1049,11:24:00,20.86,--,10,20860,买盘
1050,11:23:51,20.86,0.01,3,6258,买盘
1051,11:23:48,20.85,-0.01,24,50040,卖盘
1052,11:23:45,20.86,0.01,5,10430,买盘
1053,11:23:42,20.85,--,10,20850,卖盘
1054,11:23:36,20.85,--,38,79230,买盘
1055,11:23:33,20.85,--,12,25020,买盘
1056,11:23:30,20.85,--,53,110505,买盘
1057,11:23:27,20.85,--,78,162630,买盘
1058,11:23:24,20.85,--,26,54210,买盘
1059,11:23:21,20.85,--,30,62550,买盘
1060,11:23:18,20.85,--,13,27105,买盘
1061,11:23:15,20.85,--,24,50040,买盘
1062,11:23:12,20.85,--,3,6255,买盘
1063,11:23:09,20.85,--,50,104250,买盘
1064,11:23:06,20.85,--,103,214755,买盘
1065,11:23:03,20.85,--,19,39615,买盘
1066,11:23:00,20.85,--,1,2085,买盘
1067,11:22:54,20.85,--,77,160545,买盘
1068,11:22:48,20.85,--,2,4170,买盘
1069,11:22:45,20.85,--,2,4170,买盘
1070,11:22:42,20.85,--,24,50040,买盘
1071,11:22:39,20.85,--,45,93825,买盘
1072,11:22:36,20.85,--,9,18765,买盘
1073,11:22:33,20.85,--,11,22935,买盘
1074,11:22:30,20.85,--,30,62550,买盘
1075,11:22:24,20.85,--,4,8340,买盘
1076,11:22:21,20.85,--,50,104250,买盘
1077,11:22:18,20.85,--,1,2085,买盘
1078,11:22:15,20.85,--,15,31275,买盘
1079,11:22:09,20.85,--,20,41700,买盘
1080,11:22:06,20.85,--,4,8340,买盘
1081,11:22:03,20.85,--,52,108420,买盘
1082,11:22:00,20.85,--,52,108420,买盘
1083,11:21:57,20.85,--,17,35445,买盘
1084,11:21:54,20.85,--,5,10425,买盘
1085,11:21:51,20.85,--,54,112590,买盘
1086,11:21:48,20.85,--,17,35445,买盘
1087,11:21:45,20.85,--,2,4170,买盘
1088,11:21:42,20.85,--,4,8340,买盘
1089,11:21:39,20.85,--,43,89655,买盘
1090,11:21:21,20.85,--,31,64635,买盘
1091,11:21:15,20.85,--,5,10425,买盘
1092,11:21:09,20.85,0.01,5,10425,买盘
1093,11:21:03,20.84,--,1,2084,买盘
1094,11:21:00,20.84,--,7,14588,买盘
1095,11:20:57,20.84,--,5,10420,买盘
1096,11:20:54,20.84,--,3,6252,买盘
1097,11:20:48,20.84,--,4,8336,买盘
1098,11:20:42,20.84,--,1,2084,买盘
1099,11:20:39,20.84,--,5,10420,买盘
1100,11:20:36,20.84,--,1,2084,买盘
1101,11:20:27,20.84,--,1,2084,买盘
1102,11:20:21,20.84,--,3,6252,买盘
1103,11:20:12,20.84,--,101,210484,买盘
1104,11:20:09,20.84,--,6,12504,买盘
1105,11:20:00,20.84,--,9,18756,买盘
1106,11:19:48,20.84,0.01,5,10420,买盘
1107,11:19:45,20.83,-0.01,20,41660,卖盘
1108,11:19:33,20.84,--,5,10420,买盘
1109,11:19:30,20.84,0.01,14,29176,买盘
1110,11:19:21,20.83,--,5,10415,卖盘
1111,11:19:15,20.83,--,1,2083,卖盘
1112,11:19:09,20.83,--,3,6248,卖盘
1113,11:19:03,20.83,--,1,2083,卖盘
1114,11:18:48,20.83,--,11,22912,卖盘
1115,11:18:39,20.83,--,8,16664,卖盘
1116,11:18:27,20.83,-0.02,3,6248,卖盘
1117,11:18:12,20.85,0.02,15,31275,买盘
1118,11:18:09,20.83,-0.02,22,45825,卖盘
1119,11:18:03,20.85,--,5,10425,买盘
1120,11:17:45,20.85,0.02,1,2085,买盘
1121,11:17:21,20.83,-0.01,10,20830,卖盘
1122,11:17:18,20.84,0.01,6,12504,买盘
1123,11:17:09,20.83,-0.01,23,47908,卖盘
1124,11:17:06,20.84,-0.01,4,8336,卖盘
1125,11:16:54,20.85,0.01,5,10425,买盘
1126,11:16:51,20.84,-0.01,94,195896,卖盘
1127,11:16:48,20.85,--,6,12510,买盘
1128,11:16:45,20.85,--,19,39615,买盘
1129,11:16:42,20.85,--,80,166800,买盘
1130,11:16:36,20.85,-0.01,164,341940,卖盘
1131,11:16:33,20.86,--,7,14602,买盘
1132,11:16:30,20.86,--,16,33376,买盘
1133,11:16:21,20.86,-0.08,69,143934,卖盘
1134,11:16:03,20.94,0.08,2,4188,买盘
1135,11:16:00,20.86,--,10,20860,卖盘
1136,11:15:45,20.86,--,20,41720,卖盘
1137,11:15:24,20.86,0.01,4,8344,买盘
1138,11:15:18,20.85,-0.01,8,16680,卖盘
1139,11:15:15,20.86,--,25,52150,买盘
1140,11:15:12,20.86,--,68,141848,买盘
1141,11:15:09,20.86,--,3,6258,买盘
1142,11:15:03,20.86,--,1,2086,买盘
1143,11:15:00,20.86,--,20,41720,买盘
1144,11:14:57,20.86,--,2,4172,买盘
1145,11:14:54,20.86,--,10,20860,买盘
1146,11:14:51,20.86,--,5,10430,买盘
1147,11:14:48,20.86,--,2,4172,买盘
1148,11:14:45,20.86,--,29,60494,买盘
1149,11:14:42,20.86,--,2,4172,买盘
1150,11:14:39,20.86,0.01,21,43806,买盘
1151,11:14:36,20.85,-0.01,3,6255,卖盘
1152,11:14:33,20.86,--,25,52150,买盘
1153,11:14:27,20.86,--,10,20860,买盘
1154,11:14:12,20.86,0.01,5,10430,买盘
1155,11:14:06,20.85,--,6,12510,买盘
1156,11:14:00,20.85,--,16,33360,买盘
1157,11:13:57,20.85,--,30,62550,买盘
1158,11:13:51,20.85,--,1,2085,买盘
1159,11:13:48,20.85,--,23,47955,买盘
1160,11:13:45,20.85,-0.01,30,62550,卖盘
1161,11:13:42,20.86,0.01,1,2086,买盘
1162,11:13:33,20.85,-0.01,11,22935,卖盘
1163,11:13:27,20.86,--,10,20860,买盘
1164,11:13:24,20.86,0.02,22,45892,买盘
1165,11:13:15,20.84,-0.02,2,4168,卖盘
1166,11:13:06,20.86,0.01,30,62580,买盘
1167,11:13:00,20.85,--,3,6255,卖盘
1168,11:12:48,20.85,-0.01,12,25020,卖盘
1169,11:12:45,20.86,--,11,22946,买盘
1170,11:12:39,20.86,-0.01,101,210686,卖盘
1171,11:12:27,20.87,--,35,73045,买盘
1172,11:12:21,20.87,--,10,20870,买盘
1173,11:12:09,20.87,--,7,14609,卖盘
1174,11:12:03,20.87,-0.01,10,20870,卖盘
1175,11:11:54,20.88,--,18,37584,卖盘
1176,11:11:42,20.88,--,12,25056,买盘
1177,11:11:33,20.88,--,13,27144,卖盘
1178,11:11:30,20.88,--,6,12528,卖盘
1179,11:11:24,20.88,--,3,6264,卖盘
1180,11:11:00,20.88,-0.02,47,98136,卖盘
1181,11:10:57,20.9,--,5,10450,卖盘
1182,11:10:48,20.9,--,4,8360,卖盘
1183,11:10:36,20.9,--,197,411730,卖盘
1184,11:10:03,20.9,-0.01,40,83600,卖盘
1185,11:09:54,20.91,-0.04,6,12546,卖盘
1186,11:09:45,20.95,--,9,18855,卖盘
1187,11:09:42,20.95,--,1,2095,卖盘
1188,11:09:39,20.95,-0.01,8,16760,卖盘
1189,11:09:33,20.96,0.01,13,27248,买盘
1190,11:09:30,20.95,--,5,10475,卖盘
1191,11:09:18,20.95,-0.01,22,46090,卖盘
1192,11:09:06,20.96,-0.01,18,37728,卖盘
1193,11:09:03,20.97,--,298,624906,卖盘
1194,11:08:57,20.97,-0.01,5,10485,卖盘
1195,11:08:36,20.98,0.01,2,4196,买盘
1196,11:08:30,20.97,--,1,2097,卖盘
1197,11:07:48,20.97,-0.01,7,14679,卖盘
1198,11:07:45,20.98,0.01,2,4196,买盘
1199,11:07:36,20.97,--,4,8388,卖盘
1200,11:07:00,20.97,--,5,10485,卖盘
1201,11:06:48,20.97,--,3,6291,卖盘
1202,11:06:45,20.97,-0.01,5,10485,卖盘
1203,11:06:36,20.98,--,12,25176,买盘
1204,11:06:27,20.98,--,1,2098,买盘
1205,11:06:12,20.98,0.01,5,10490,中性盘
1206,11:05:45,20.97,-0.02,1,2097,卖盘
1207,11:05:21,20.99,--,5,10495,卖盘
1208,11:05:12,20.99,--,3,6296,卖盘
1209,11:04:54,20.99,0.02,2,4198,买盘
1210,11:04:51,20.97,-0.01,10,20970,卖盘
1211,11:04:42,20.98,--,72,151056,卖盘
1212,11:04:39,20.98,--,2,4196,卖盘
1213,11:04:33,20.98,--,4,8392,卖盘
1214,11:04:00,20.98,--,3,6294,买盘
1215,11:03:54,20.98,--,9,18882,买盘
1216,11:03:39,20.98,--,5,10490,买盘
1217,11:03:33,20.98,--,1,2098,买盘
1218,11:03:27,20.98,--,2,4196,买盘
1219,11:03:24,20.98,--,10,20980,买盘
1220,11:03:18,20.98,--,72,151056,卖盘
1221,11:03:00,20.98,--,15,31470,卖盘
1222,11:02:54,20.98,--,10,20980,卖盘
1223,11:02:39,20.98,--,2,4196,卖盘
1224,11:02:30,20.98,--,3,6294,买盘
1225,11:02:21,20.98,0.01,10,20980,买盘
1226,11:02:18,20.97,-0.01,2,4194,卖盘
1227,11:01:42,20.98,--,3,6294,买盘
1228,11:01:24,20.98,0.01,1,2098,买盘
1229,11:01:00,20.97,--,3,6291,卖盘
1230,11:00:51,20.97,--,10,20970,卖盘
1231,11:00:45,20.97,--,11,23067,买盘
1232,11:00:24,20.97,--,3,6291,买盘
1233,11:00:03,20.97,--,2,4194,买盘
1234,10:59:54,20.97,0.01,12,25164,买盘
1235,10:59:51,20.96,--,10,20960,卖盘
1236,10:59:36,20.96,0.01,5,10480,买盘
1237,10:59:33,20.95,--,50,104750,卖盘
1238,10:59:30,20.95,--,5,10475,卖盘
1239,10:59:24,20.95,--,141,295395,卖盘
1240,10:59:21,20.95,--,3,6285,卖盘
1241,10:59:18,20.95,--,5,10475,卖盘
1242,10:59:15,20.95,--,10,20950,卖盘
1243,10:59:12,20.95,--,20,41900,卖盘
1244,10:58:57,20.95,-0.01,38,79610,卖盘
1245,10:58:54,20.96,--,48,100608,买盘
1246,10:58:21,20.96,--,3,6288,买盘
1247,10:58:06,20.96,--,1,2096,买盘
1248,10:57:48,20.96,--,1,2096,买盘
1249,10:57:45,20.96,--,5,10480,买盘
1250,10:57:33,20.96,0.01,1,2096,买盘
1251,10:57:12,20.95,--,135,282825,卖盘
1252,10:57:09,20.95,-0.01,20,41900,卖盘
1253,10:57:06,20.96,--,20,41920,买盘
1254,10:56:45,20.96,0.01,17,35632,买盘
1255,10:56:42,20.95,0.02,14,29330,买盘
1256,10:56:30,20.93,--,16,33488,卖盘
1257,10:56:18,20.93,0.02,5,10465,中性盘
1258,10:56:15,20.91,-0.03,135,282285,卖盘
1259,10:56:09,20.94,--,3,6282,买盘
1260,10:56:00,20.94,-0.01,6,12564,卖盘
1261,10:55:48,20.95,--,3,6285,卖盘
1262,10:55:45,20.95,--,5,10475,卖盘
1263,10:55:39,20.95,--,16,33520,卖盘
1264,10:55:36,20.95,--,14,29330,卖盘
1265,10:55:30,20.95,--,5,10475,卖盘
1266,10:55:27,20.95,--,10,20950,卖盘
1267,10:55:24,20.95,--,7,14665,卖盘
1268,10:55:12,20.95,-0.01,3,6285,卖盘
1269,10:55:09,20.96,--,2,4192,买盘
1270,10:55:06,20.96,-0.01,50,104800,卖盘
1271,10:55:03,20.97,-0.01,13,27261,卖盘
1272,10:54:45,20.98,--,1,2098,买盘
1273,10:54:21,20.98,--,4,8392,买盘
1274,10:54:15,20.98,--,40,83920,卖盘
1275,10:54:12,20.98,--,10,20980,卖盘
1276,10:54:00,20.98,-0.01,8,16784,卖盘
1277,10:53:51,20.99,--,1,2099,买盘
1278,10:53:33,20.99,--,5,10495,买盘
1279,10:53:27,20.99,0.01,20,41980,买盘
1280,10:53:21,20.98,-0.01,11,23078,卖盘
1281,10:53:18,20.99,--,12,25187,买盘
1282,10:53:15,20.99,--,30,62969,买盘
1283,10:52:51,20.99,--,37,77663,买盘
1284,10:52:45,20.99,--,5,10495,买盘
1285,10:52:42,20.99,--,18,37782,买盘
1286,10:52:27,20.99,--,12,25187,买盘
1287,10:52:06,20.99,--,5,10495,买盘
1288,10:51:36,20.99,--,30,62969,买盘
1289,10:51:30,20.99,--,4,8396,买盘
1290,10:51:21,20.99,--,5,10495,买盘
1291,10:51:06,20.99,--,3,6296,买盘
1292,10:50:51,20.99,0.01,12,25187,买盘
1293,10:50:42,20.98,-0.01,11,23078,卖盘
1294,10:50:39,20.99,--,2,4198,买盘
1295,10:50:33,20.99,--,12,25187,买盘
1296,10:50:24,20.99,--,2,4198,买盘
1297,10:50:18,20.99,--,3,6296,买盘
1298,10:50:15,20.99,--,10,20990,买盘
1299,10:50:03,20.99,--,4,8396,买盘
1300,10:50:00,20.99,--,5,10495,买盘
1301,10:49:54,20.99,0.01,16,33584,买盘
1302,10:49:51,20.98,0.01,6,12588,中性盘
1303,10:49:30,20.97,-0.02,1,2097,卖盘
1304,10:49:15,20.99,0.02,40,83960,买盘
1305,10:49:06,20.97,-0.02,13,27261,卖盘
1306,10:48:51,20.99,0.02,12,25187,买盘
1307,10:48:48,20.97,-0.02,1,2097,卖盘
1308,10:48:45,20.99,-0.01,5,10495,中性盘
1309,10:48:33,21.0,0.04,5,10500,买盘
1310,10:48:06,20.96,--,12,25152,买盘
1311,10:48:03,20.96,--,28,58688,卖盘
1312,10:48:00,20.96,-0.01,50,104800,卖盘
1313,10:47:57,20.97,--,7,14679,买盘
1314,10:47:30,20.97,--,1,2097,买盘
1315,10:47:27,20.97,-0.02,23,48231,卖盘
1316,10:47:21,20.99,--,5,10495,卖盘
1317,10:47:18,20.99,-0.01,1,2099,卖盘
1318,10:47:06,21.0,--,45,94500,卖盘
1319,10:46:39,21.0,--,1,2100,卖盘
1320,10:46:21,21.0,-0.04,150,315000,卖盘
1321,10:46:18,21.04,--,12,25248,买盘
1322,10:46:12,21.04,--,5,10520,买盘
1323,10:46:03,21.04,-0.02,13,27352,卖盘
1324,10:46:00,21.06,0.02,3,6318,买盘
1325,10:45:51,21.04,-0.01,3,6312,卖盘
1326,10:45:45,21.05,--,7,14735,买盘
1327,10:45:30,21.05,-0.03,47,98935,卖盘
1328,10:45:00,21.08,--,8,16864,卖盘
1329,10:44:54,21.08,--,1,2108,卖盘
1330,10:44:48,21.08,--,5,10540,卖盘
1331,10:44:36,21.08,-0.01,8,16864,卖盘
1332,10:44:33,21.09,0.01,5,10545,买盘
1333,10:44:18,21.08,--,20,42160,卖盘
1334,10:44:15,21.08,0.02,128,269824,买盘
1335,10:44:12,21.06,-0.01,12,25272,卖盘
1336,10:43:45,21.07,-0.01,30,63210,卖盘
1337,10:43:39,21.08,--,3,6323,买盘
1338,10:43:21,21.08,-0.02,2,4216,卖盘
1339,10:43:09,21.1,--,49,103390,买盘
1340,10:43:03,21.1,--,11,23210,卖盘
1341,10:42:57,21.1,-0.01,49,103390,卖盘
1342,10:42:48,21.11,--,1,2111,买盘
1343,10:42:42,21.11,--,1,2111,买盘
1344,10:42:27,21.11,--,5,10555,买盘
1345,10:42:24,21.11,--,45,94995,卖盘
1346,10:42:21,21.11,-0.01,10,21110,卖盘
1347,10:42:18,21.12,-0.01,2,4224,卖盘
1348,10:42:15,21.13,0.01,10,21130,买盘
1349,10:42:09,21.12,-0.01,20,42240,卖盘
1350,10:41:57,21.13,--,20,42260,买盘
1351,10:41:51,21.13,--,10,21130,买盘
1352,10:41:45,21.13,--,4,8452,买盘
1353,10:41:33,21.13,--,20,42260,买盘
1354,10:41:09,21.13,--,5,10565,买盘
1355,10:41:03,21.13,0.03,37,78181,买盘
1356,10:41:00,21.1,-0.01,5,10550,卖盘
1357,10:40:54,21.11,0.01,2,4222,买盘
1358,10:40:51,21.1,0.02,150,316500,买盘
1359,10:40:48,21.08,--,4,8432,卖盘
1360,10:40:39,21.08,--,52,109615,买盘
1361,10:40:33,21.08,--,5,10540,买盘
1362,10:40:30,21.08,--,10,21080,买盘
1363,10:40:27,21.08,-0.01,14,29511,卖盘
1364,10:40:18,21.09,0.01,33,69597,买盘
1365,10:40:00,21.08,--,2,4216,卖盘
1366,10:39:57,21.08,--,9,18972,卖盘
1367,10:39:51,21.08,-0.01,8,16864,卖盘
1368,10:39:42,21.09,--,1,2109,买盘
1369,10:39:39,21.09,--,3,6327,买盘
1370,10:39:36,21.09,--,20,42180,卖盘
1371,10:39:33,21.09,--,12,25308,卖盘
1372,10:39:30,21.09,--,61,128649,卖盘
1373,10:39:27,21.09,-0.01,4,8436,卖盘
1374,10:39:24,21.1,--,5,10550,买盘
1375,10:39:21,21.1,--,1,2110,买盘
1376,10:39:15,21.1,--,8,16880,卖盘
1377,10:39:03,21.1,0.01,1,2110,卖盘
1378,10:39:00,21.09,-0.01,7,14763,买盘
1379,10:38:57,21.1,-0.02,2,4220,卖盘
1380,10:38:54,21.12,0.03,15,31680,买盘
1381,10:38:51,21.09,-0.01,7,14763,卖盘
1382,10:38:45,21.1,--,1,2110,买盘
1383,10:38:42,21.1,--,2,4220,买盘
1384,10:38:39,21.1,-0.01,2,4220,中性盘
1385,10:38:36,21.11,-0.01,5,10555,中性盘
1386,10:38:30,21.12,0.03,10,21120,买盘
1387,10:38:24,21.09,-0.01,15,31635,卖盘
1388,10:38:21,21.1,--,2,4220,卖盘
1389,10:38:15,21.1,--,15,31650,买盘
1390,10:38:09,21.1,0.01,13,27430,买盘
1391,10:38:06,21.09,-0.01,3,6327,中性盘
1392,10:38:00,21.1,0.02,1,2110,买盘
1393,10:37:54,21.08,-0.02,4,8432,卖盘
1394,10:37:51,21.1,0.01,3,6330,买盘
1395,10:37:42,21.09,-0.01,1,2109,卖盘
1396,10:37:39,21.1,--,18,37980,卖盘
1397,10:37:30,21.1,-0.04,2,4220,卖盘
1398,10:37:12,21.14,-0.03,4,8456,中性盘
1399,10:37:06,21.17,--,19,40223,买盘
1400,10:37:03,21.17,0.01,21,44457,买盘
1401,10:36:54,21.16,0.02,4,8464,中性盘
1402,10:36:51,21.14,-0.01,6,12684,卖盘
1403,10:36:45,21.15,-0.03,1,2115,中性盘
1404,10:36:42,21.18,0.04,26,55068,买盘
1405,10:36:36,21.14,-0.01,10,21140,卖盘
1406,10:36:33,21.15,--,48,101731,买盘
1407,10:36:30,21.15,0.06,100,211500,买盘
1408,10:36:24,21.09,-0.01,2,4218,中性盘
1409,10:36:21,21.1,0.05,108,227880,买盘
1410,10:36:18,21.05,--,6,14524,卖盘
1411,10:36:15,21.05,-0.02,7,14735,卖盘
1412,10:36:12,21.07,--,25,52675,买盘
1413,10:36:03,21.07,--,32,67424,买盘
1414,10:36:00,21.07,0.02,24,50778,买盘
1415,10:35:51,21.05,0.02,49,103145,买盘
1416,10:35:42,21.03,-0.02,1,2103,卖盘
1417,10:35:27,21.05,--,26,54730,买盘
1418,10:35:21,21.05,--,5,10525,买盘
1419,10:35:09,21.05,0.02,53,111565,买盘
1420,10:35:03,21.03,0.01,20,42060,买盘
1421,10:35:00,21.02,0.01,3,6306,买盘
1422,10:34:42,21.01,0.01,70,147070,买盘
1423,10:34:39,21.0,-0.01,1,2100,卖盘
1424,10:34:33,21.01,--,10,21010,买盘
1425,10:34:30,21.01,--,1,2101,买盘
1426,10:34:24,21.01,--,12,25212,买盘
1427,10:34:21,21.01,--,2,4202,买盘
1428,10:34:18,21.01,--,3,6303,买盘
1429,10:34:15,21.01,0.01,8,16808,买盘
1430,10:34:09,21.0,0.02,4,8400,买盘
1431,10:34:06,20.98,-0.02,12,25176,卖盘
1432,10:34:03,21.0,0.01,6,12600,买盘
1433,10:34:00,20.99,0.01,7,14692,买盘
1434,10:33:57,20.98,--,96,201408,买盘
1435,10:33:54,20.98,0.01,1,2098,买盘
1436,10:33:33,20.97,--,7,14679,买盘
1437,10:33:15,20.97,--,2,4194,买盘
1438,10:33:12,20.97,--,2,4194,买盘
1439,10:33:09,20.97,--,4,8388,买盘
1440,10:33:06,20.97,--,2,4194,买盘
1441,10:33:03,20.97,0.01,3,6291,买盘
1442,10:33:00,20.96,--,20,41920,卖盘
1443,10:32:54,20.96,-0.01,4,8384,卖盘
1444,10:32:48,20.97,--,4,8388,买盘
1445,10:32:45,20.97,0.01,1,2097,买盘
1446,10:32:33,20.96,-0.01,11,23056,卖盘
1447,10:32:27,20.97,--,1,2097,卖盘
1448,10:32:24,20.97,--,2,4194,买盘
1449,10:32:21,20.97,0.01,1,2097,买盘
1450,10:32:00,20.96,-0.01,10,20960,卖盘
1451,10:31:48,20.97,--,14,29358,买盘
1452,10:31:45,20.97,-0.01,33,69201,卖盘
1453,10:31:42,20.98,--,5,10490,卖盘
1454,10:31:36,20.98,--,1,2098,卖盘
1455,10:31:30,20.98,-0.01,10,20980,卖盘
1456,10:31:03,20.99,--,19,39881,卖盘
1457,10:31:00,20.99,--,5,10495,卖盘
1458,10:30:54,20.99,--,18,37782,买盘
1459,10:30:15,20.99,--,3,6296,买盘
1460,10:30:09,20.99,0.02,3,6296,买盘
1461,10:30:03,20.97,--,2,4194,卖盘
1462,10:30:00,20.97,-0.02,10,20970,卖盘
1463,10:29:57,20.99,0.02,2,4198,买盘
1464,10:29:54,20.97,-0.02,20,41940,卖盘
1465,10:29:51,20.99,0.02,7,14692,买盘
1466,10:29:45,20.97,-0.02,4,8388,卖盘
1467,10:29:18,20.99,0.02,5,10495,买盘
1468,10:29:09,20.97,--,10,20970,买盘
1469,10:29:03,20.97,0.01,15,31455,买盘
1470,10:29:00,20.96,-0.01,5,10480,卖盘
1471,10:28:54,20.97,--,3,6291,买盘
1472,10:28:51,20.97,--,9,18873,买盘
1473,10:28:39,20.97,-0.02,6,12582,卖盘
1474,10:28:33,20.99,--,5,10495,买盘
1475,10:28:27,20.99,0.02,10,20990,买盘
1476,10:28:18,20.97,--,1,2097,卖盘
1477,10:28:06,20.97,--,6,12582,卖盘
1478,10:28:00,20.97,-0.01,10,20970,卖盘
1479,10:27:54,20.98,--,89,186722,买盘
1480,10:27:42,20.98,0.01,5,10490,买盘
1481,10:27:36,20.97,-0.01,2,4194,卖盘
1482,10:27:33,20.98,0.01,35,73430,买盘
1483,10:27:15,20.97,--,3,6291,卖盘
1484,10:27:03,20.97,0.01,2,4194,中性盘
1485,10:26:45,20.96,-0.01,12,25152,卖盘
1486,10:26:18,20.97,--,7,14679,卖盘
1487,10:26:03,20.97,0.01,3,6291,买盘
1488,10:25:48,20.96,--,6,12576,卖盘
1489,10:25:42,20.96,--,47,98512,买盘
1490,10:25:30,20.96,0.01,3,6288,买盘
1491,10:25:27,20.95,-0.01,2,4190,卖盘
1492,10:25:15,20.96,--,1,2096,买盘
1493,10:25:03,20.96,-0.01,9,18864,卖盘
1494,10:25:00,20.97,--,2,4194,买盘
1495,10:24:54,20.97,-0.01,9,18873,卖盘
1496,10:24:45,20.98,--,5,10490,买盘
1497,10:24:33,20.98,--,22,46156,买盘
1498,10:24:30,20.98,--,10,20980,买盘
1499,10:24:21,20.98,-0.01,7,14686,卖盘
1500,10:24:12,20.99,--,2,4198,买盘
1501,10:24:03,20.99,--,3,6296,买盘
1502,10:24:00,20.99,0.01,3,6296,买盘
1503,10:23:57,20.98,-0.01,25,52450,卖盘
1504,10:23:54,20.99,--,10,20990,买盘
1505,10:23:42,20.99,0.01,5,10495,买盘
1506,10:23:39,20.98,-0.01,14,29372,卖盘
1507,10:23:18,20.99,--,1,2099,卖盘
1508,10:23:15,20.99,--,3,6296,卖盘
1509,10:23:06,20.99,-0.01,36,75564,卖盘
1510,10:23:03,21.0,--,9,18900,卖盘
1511,10:22:57,21.0,0.01,10,21000,买盘
1512,10:22:51,20.99,-0.01,2,4198,卖盘
1513,10:22:48,21.0,0.01,9,18900,买盘
1514,10:22:42,20.99,-0.01,2,4198,卖盘
1515,10:22:39,21.0,--,10,21000,买盘
1516,10:22:33,21.0,0.01,4,8400,买盘
1517,10:22:24,20.99,-0.01,2,4198,卖盘
1518,10:22:09,21.0,0.01,1,2100,买盘
1519,10:22:00,20.99,-0.02,23,48277,卖盘
1520,10:21:45,21.01,0.01,12,25212,买盘
1521,10:21:39,21.0,--,10,21000,卖盘
1522,10:21:27,21.0,-0.01,5,10500,卖盘
1523,10:21:18,21.01,0.01,10,21010,买盘
1524,10:21:12,21.0,-0.01,2,4200,卖盘
1525,10:21:09,21.01,0.01,18,37818,买盘
1526,10:21:00,21.0,-0.01,10,21000,卖盘
1527,10:20:45,21.01,--,6,12606,卖盘
1528,10:20:42,21.01,--,50,105050,卖盘
1529,10:20:39,21.01,-0.01,5,10505,卖盘
1530,10:20:24,21.02,--,10,21020,买盘
1531,10:20:21,21.02,--,3,6306,买盘
1532,10:20:18,21.02,--,5,10510,买盘
1533,10:20:09,21.02,--,6,12612,卖盘
1534,10:20:06,21.02,--,3,6306,卖盘
1535,10:20:00,21.02,-0.01,2,4204,卖盘
1536,10:19:57,21.03,--,3,6309,买盘
1537,10:19:42,21.03,-0.02,3,6309,卖盘
1538,10:19:33,21.05,--,15,31575,买盘
1539,10:19:21,21.05,--,13,27365,买盘
1540,10:19:09,21.05,0.02,10,21050,买盘
1541,10:19:03,21.03,--,2,4206,买盘
1542,10:18:39,21.03,-0.01,8,16824,卖盘
1543,10:18:33,21.04,0.01,24,50496,买盘
1544,10:18:30,21.03,--,2,4206,卖盘
1545,10:18:21,21.03,--,2,4206,卖盘
1546,10:18:15,21.03,--,13,27339,买盘
1547,10:18:12,21.03,--,11,23133,买盘
1548,10:18:09,21.03,0.03,5,10515,买盘
1549,10:17:54,21.0,-0.02,10,21000,卖盘
1550,10:17:51,21.02,--,2,4204,买盘
1551,10:17:36,21.02,0.03,10,21020,买盘
1552,10:17:30,20.99,-0.03,2,4198,卖盘
1553,10:17:27,21.02,0.02,10,21020,买盘
1554,10:17:24,21.0,--,51,107100,买盘
1555,10:17:21,21.0,--,7,14700,买盘
1556,10:17:18,21.0,--,35,73500,买盘
1557,10:17:09,21.0,--,23,48300,买盘
1558,10:17:03,21.0,--,2,4200,买盘
1559,10:17:00,21.0,0.02,2,4200,买盘
1560,10:16:54,20.98,--,22,46156,买盘
1561,10:16:45,20.98,-0.01,98,205604,卖盘
1562,10:16:42,20.99,0.01,11,23089,买盘
1563,10:16:30,20.98,0.01,33,69234,买盘
1564,10:16:21,20.97,0.02,1,2097,买盘
1565,10:16:15,20.95,--,47,98465,买盘
1566,10:16:12,20.95,--,2,4190,买盘
1567,10:16:09,20.95,--,2,4190,买盘
1568,10:16:06,20.95,--,8,16760,买盘
1569,10:16:03,20.95,--,10,20950,买盘
1570,10:16:00,20.95,--,21,43995,买盘
1571,10:15:57,20.95,--,24,50280,买盘
1572,10:15:54,20.95,0.01,82,171790,买盘
1573,10:15:51,20.94,0.01,4,8376,中性盘
1574,10:15:42,20.93,-0.02,1,2093,卖盘
1575,10:15:39,20.95,0.01,20,41900,买盘
1576,10:15:36,20.94,--,4,8376,买盘
1577,10:15:33,20.94,--,4,8376,买盘
1578,10:15:30,20.94,--,11,23034,买盘
1579,10:15:27,20.94,--,2,4188,买盘
1580,10:15:24,20.94,0.01,3,6282,买盘
1581,10:15:18,20.93,-0.01,5,10465,卖盘
1582,10:14:54,20.94,0.01,1,2094,买盘
1583,10:14:45,20.93,--,10,20930,卖盘
1584,10:14:39,20.93,--,8,16744,卖盘
1585,10:14:30,20.93,-0.01,8,16744,卖盘
1586,10:14:15,20.94,--,5,10470,买盘
1587,10:14:12,20.94,--,33,69102,卖盘
1588,10:14:06,20.94,-0.01,2,4188,卖盘
1589,10:13:57,20.95,0.01,2,4190,买盘
1590,10:13:51,20.94,-0.01,19,39786,卖盘
1591,10:13:45,20.95,0.01,10,20950,买盘
1592,10:13:21,20.94,-0.01,5,10470,卖盘
1593,10:13:18,20.95,--,25,52375,买盘
1594,10:13:03,20.95,--,1,2095,买盘
1595,10:12:54,20.95,--,1,2095,买盘
1596,10:12:48,20.95,--,2,4190,买盘
1597,10:12:36,20.95,--,2,4190,买盘
1598,10:12:33,20.95,-0.03,8,16760,卖盘
1599,10:12:21,20.98,--,1,2098,买盘
1600,10:12:00,20.98,0.04,5,10490,买盘
1601,10:11:57,20.94,-0.04,4,8376,卖盘
1602,10:11:33,20.98,0.04,3,6294,买盘
1603,10:11:21,20.94,-0.04,2,4188,卖盘
1604,10:11:15,20.98,--,10,20980,买盘
1605,10:11:12,20.98,0.04,5,10490,买盘
1606,10:11:09,20.94,-0.04,1,2094,卖盘
1607,10:10:54,20.98,--,2,4196,买盘
1608,10:10:51,20.98,0.05,6,12588,买盘
1609,10:10:48,20.93,-0.05,18,37674,卖盘
1610,10:10:42,20.98,--,4,8392,买盘
1611,10:10:39,20.98,--,1,2098,买盘
1612,10:10:30,20.98,0.01,3,6294,买盘
1613,10:10:27,20.97,-0.01,1,2097,中性盘
1614,10:10:15,20.98,--,3,6294,买盘
1615,10:10:03,20.98,0.06,1,2098,买盘
1616,10:09:51,20.92,--,6,12552,卖盘
1617,10:09:45,20.92,-0.03,10,20920,卖盘
1618,10:09:42,20.95,-0.02,10,20950,卖盘
1619,10:09:39,20.97,0.05,6,12582,买盘
1620,10:09:30,20.92,-0.05,3,6276,卖盘
1621,10:09:24,20.97,--,4,8388,买盘
1622,10:09:21,20.97,0.05,4,8388,买盘
1623,10:09:12,20.92,-0.05,80,167360,卖盘
1624,10:09:09,20.97,--,3,6291,买盘
1625,10:08:57,20.97,0.02,10,20970,买盘
1626,10:08:54,20.95,-0.02,5,10475,卖盘
1627,10:08:51,20.97,--,1,2097,买盘
1628,10:08:42,20.97,-0.02,10,20970,中性盘
1629,10:08:27,20.99,0.06,2,4198,买盘
1630,10:08:24,20.93,-0.04,100,209300,卖盘
1631,10:08:15,20.97,--,2,4194,卖盘
1632,10:08:09,20.97,-0.03,12,25164,卖盘
1633,10:08:03,21.0,--,2,4200,买盘
1634,10:07:51,21.0,-0.01,10,21000,卖盘
1635,10:07:48,21.01,--,2,4202,买盘
1636,10:07:42,21.01,--,12,25212,买盘
1637,10:07:39,21.01,-0.02,248,521048,卖盘
1638,10:07:36,21.03,0.01,13,27339,买盘
1639,10:07:27,21.02,--,7,14714,卖盘
1640,10:07:15,21.02,--,22,46244,卖盘
1641,10:07:12,21.02,--,10,21020,卖盘
1642,10:07:03,21.02,--,1,2102,卖盘
1643,10:07:00,21.02,0.01,15,31530,卖盘
1644,10:06:54,21.01,-0.01,70,147070,卖盘
1645,10:06:39,21.02,--,5,10510,买盘
1646,10:06:33,21.02,--,17,35734,卖盘
1647,10:06:30,21.02,-0.01,10,21020,卖盘
1648,10:06:27,21.03,0.01,9,18927,买盘
1649,10:06:24,21.02,-0.01,1,2102,卖盘
1650,10:06:21,21.03,--,1,2103,买盘
1651,10:06:18,21.03,0.01,5,10515,买盘
1652,10:06:15,21.02,--,2,4204,卖盘
1653,10:06:09,21.02,--,10,21020,卖盘
1654,10:06:06,21.02,--,20,42040,卖盘
1655,10:06:03,21.02,--,5,10510,卖盘
1656,10:06:00,21.02,0.01,9,18918,买盘
1657,10:05:57,21.01,-0.01,4,8404,卖盘
1658,10:05:54,21.02,0.01,5,10510,买盘
1659,10:05:45,21.01,-0.01,7,14707,卖盘
1660,10:05:42,21.02,--,3,6306,买盘
1661,10:05:39,21.02,--,10,21020,买盘
1662,10:05:33,21.02,--,10,21020,买盘
1663,10:05:30,21.02,--,4,8408,买盘
1664,10:05:21,21.02,0.01,22,46244,买盘
1665,10:05:18,21.01,--,1,2101,卖盘
1666,10:05:09,21.01,--,21,44121,卖盘
1667,10:05:06,21.01,--,1,2101,卖盘
1668,10:04:54,21.01,0.04,241,506341,买盘
1669,10:04:45,20.97,--,6,13315,买盘
1670,10:04:42,20.97,--,5,10485,买盘
1671,10:04:33,20.97,--,3,6291,买盘
1672,10:04:30,20.97,--,14,30721,卖盘
1673,10:04:27,20.97,--,20,41940,卖盘
1674,10:04:21,20.97,0.01,8,17509,买盘
1675,10:04:09,20.96,--,3,6812,买盘
1676,10:04:00,20.96,0.03,10,20960,买盘
1677,10:03:54,20.93,-0.07,30,62790,卖盘
1678,10:03:39,21.0,--,2,5565,卖盘
1679,10:03:36,21.0,0.02,112,235935,买盘
1680,10:03:30,20.98,0.01,2,4196,卖盘
1681,10:03:27,20.97,-0.03,28,58716,卖盘
1682,10:03:09,21.0,--,1,2100,买盘
1683,10:03:06,21.0,--,2,5565,卖盘
1684,10:03:03,21.0,--,5,10500,卖盘
1685,10:03:00,21.0,--,15,32235,买盘
1686,10:02:57,21.0,--,13,27300,卖盘
1687,10:02:54,21.0,--,42,88200,卖盘
1688,10:02:51,21.0,--,102,214200,卖盘
1689,10:02:48,21.0,-0.01,8,16800,卖盘
1690,10:02:42,21.01,--,35,73535,买盘
1691,10:02:39,21.01,-0.01,24,50424,卖盘
1692,10:02:36,21.02,--,18,37836,买盘
1693,10:02:30,21.02,--,1,2102,买盘
1694,10:02:24,21.02,--,27,56754,卖盘
1695,10:02:06,21.02,0.02,3,6306,买盘
1696,10:02:03,21.0,--,16,33600,买盘
1697,10:02:00,21.0,--,1,2100,买盘
1698,10:01:57,21.0,--,6,12600,买盘
1699,10:01:51,21.0,--,2,4200,买盘
1700,10:01:48,21.0,--,9,18900,买盘
1701,10:01:39,21.0,--,10,21000,买盘
1702,10:01:36,21.0,0.02,2,4200,买盘
1703,10:01:30,20.98,-0.02,51,106998,卖盘
1704,10:01:27,21.0,0.01,5,10500,买盘
1705,10:01:24,20.99,0.01,3,6296,买盘
1706,10:01:15,20.98,-0.01,7,14686,卖盘
1707,10:01:06,20.99,0.01,5,10495,买盘
1708,10:01:03,20.98,--,11,23078,买盘
1709,10:01:00,20.98,0.01,42,88116,买盘
1710,10:00:48,20.97,0.01,51,106947,买盘
1711,10:00:36,20.96,--,2,4192,卖盘
1712,10:00:33,20.96,0.03,79,165584,买盘
1713,10:00:27,20.93,-0.02,2,4186,卖盘
1714,10:00:24,20.95,--,4,8380,买盘
1715,10:00:09,20.95,--,6,12570,买盘
1716,10:00:06,20.95,0.03,119,249305,买盘
1717,10:00:03,20.92,-0.01,10,20920,卖盘
1718,09:59:57,20.93,--,10,20930,买盘
1719,09:59:54,20.93,-0.01,2,4186,买盘
1720,09:59:51,20.94,0.02,2,4188,买盘
1721,09:59:48,20.92,-0.02,4,8368,卖盘
1722,09:59:45,20.94,--,1,2094,买盘
1723,09:59:42,20.94,0.01,13,27222,买盘
1724,09:59:39,20.93,--,13,27209,买盘
1725,09:59:36,20.93,0.01,1,2093,买盘
1726,09:59:33,20.92,-0.01,5,10460,卖盘
1727,09:59:30,20.93,--,1,2093,买盘
1728,09:59:27,20.93,0.01,56,117208,买盘
1729,09:59:24,20.92,--,12,25104,买盘
1730,09:59:12,20.92,0.02,10,20920,买盘
1731,09:59:09,20.9,--,1,2090,卖盘
1732,09:59:06,20.9,-0.02,5,10450,中性盘
1733,09:59:00,20.92,--,12,25104,买盘
1734,09:58:57,20.92,0.02,25,52300,买盘
1735,09:58:45,20.9,-0.02,17,35530,卖盘
1736,09:58:42,20.92,--,5,10460,买盘
1737,09:58:39,20.92,0.01,5,10460,买盘
1738,09:58:33,20.91,-0.01,1,2091,卖盘
1739,09:58:30,20.92,--,5,10460,买盘
1740,09:58:24,20.92,--,1,2092,中性盘
1741,09:58:18,20.92,--,1,2092,买盘
1742,09:58:12,20.92,--,1,2092,买盘
1743,09:58:06,20.92,-0.03,10,20920,卖盘
1744,09:58:03,20.95,0.01,11,23045,买盘
1745,09:58:00,20.94,--,4,8376,买盘
1746,09:57:54,20.94,--,2,4188,买盘
1747,09:57:48,20.94,-0.01,29,60726,卖盘
1748,09:57:45,20.95,--,2,4190,卖盘
1749,09:57:39,20.95,--,20,41900,买盘
1750,09:57:33,20.95,-0.01,37,77515,卖盘
1751,09:57:30,20.96,--,10,20960,买盘
1752,09:57:24,20.96,--,17,35632,卖盘
1753,09:57:21,20.96,--,10,20960,卖盘
1754,09:57:18,20.96,-0.01,10,20960,卖盘
1755,09:57:15,20.97,--,6,12582,买盘
1756,09:57:06,20.97,--,10,20970,买盘
1757,09:57:03,20.97,--,8,16776,买盘
1758,09:57:00,20.97,--,8,16776,卖盘
1759,09:56:54,20.97,0.02,14,29358,买盘
1760,09:56:51,20.95,--,14,29330,卖盘
1761,09:56:48,20.95,-0.01,21,43995,卖盘
1762,09:56:45,20.96,--,2,4192,买盘
1763,09:56:39,20.96,--,6,12576,买盘
1764,09:56:36,20.96,--,20,41920,买盘
1765,09:56:30,20.96,0.01,3,6288,买盘
1766,09:56:15,20.95,-0.01,10,20950,卖盘
1767,09:56:12,20.96,0.01,2,4192,买盘
1768,09:56:09,20.95,--,19,39805,买盘
1769,09:56:03,20.95,0.01,26,54470,买盘
1770,09:55:51,20.94,0.02,5,10470,买盘
1771,09:55:42,20.92,-0.01,5,10460,卖盘
1772,09:55:39,20.93,0.03,16,33488,买盘
1773,09:55:36,20.9,--,20,41800,卖盘
1774,09:55:24,20.9,--,70,146300,买盘
1775,09:55:21,20.9,0.08,6,12540,买盘
1776,09:55:12,20.82,-0.08,18,37476,卖盘
1777,09:55:06,20.9,0.07,61,127489,买盘
1778,09:55:00,20.83,-0.04,71,147893,卖盘
1779,09:54:57,20.87,0.02,1,2087,买盘
1780,09:54:48,20.85,--,27,56295,买盘
1781,09:54:45,20.85,--,5,10425,买盘
1782,09:54:42,20.85,--,6,12510,买盘
1783,09:54:39,20.85,--,10,20850,买盘
1784,09:54:30,20.85,--,7,14595,买盘
1785,09:54:27,20.85,0.04,26,54210,买盘
1786,09:54:24,20.81,--,1,2081,买盘
1787,09:54:18,20.81,--,2,4162,买盘
1788,09:54:12,20.81,--,21,43701,买盘
1789,09:54:09,20.81,--,2,4162,买盘
1790,09:54:06,20.81,0.01,30,62429,买盘
1791,09:54:03,20.8,0.01,22,45760,买盘
1792,09:54:00,20.79,--,16,33264,卖盘
1793,09:53:48,20.79,-0.01,4,8316,卖盘
1794,09:53:45,20.8,--,5,10400,买盘
1795,09:53:42,20.8,0.02,5,10400,买盘
1796,09:53:24,20.78,--,11,22858,卖盘
1797,09:53:03,20.78,-0.01,23,47794,卖盘
1798,09:53:00,20.79,-0.01,1,2079,卖盘
1799,09:52:57,20.8,0.02,9,18720,买盘
1800,09:52:45,20.78,-0.02,20,41560,卖盘
1801,09:52:39,20.8,0.02,2,4160,买盘
1802,09:52:24,20.78,--,4,8312,卖盘
1803,09:52:21,20.78,0.01,22,45716,买盘
1804,09:52:15,20.77,--,4,8308,卖盘
1805,09:52:12,20.77,-0.01,5,10385,卖盘
1806,09:52:09,20.78,-0.01,1,2078,买盘
1807,09:51:57,20.79,-0.02,60,124740,卖盘
1808,09:51:51,20.81,--,3,6243,买盘
1809,09:51:48,20.81,0.01,5,10405,买盘
1810,09:51:45,20.8,-0.01,100,208000,卖盘
1811,09:51:42,20.81,--,22,45782,卖盘
1812,09:51:39,20.81,-0.01,26,54106,卖盘
1813,09:51:36,20.82,0.01,10,20820,买盘
1814,09:51:33,20.81,-0.01,15,31214,卖盘
1815,09:51:27,20.82,--,3,6246,买盘
1816,09:51:03,20.82,0.01,2,4164,买盘
1817,09:51:00,20.81,-0.01,11,22891,卖盘
1818,09:50:42,20.82,-0.03,24,49968,中性盘
1819,09:49:57,20.85,0.04,2,4170,买盘
1820,09:49:51,20.81,-0.01,20,41620,卖盘
1821,09:49:48,20.82,-0.03,50,104100,卖盘
1822,09:49:45,20.85,--,1,2085,买盘
1823,09:49:36,20.85,--,4,8340,买盘
1824,09:49:27,20.85,--,1,2085,买盘
1825,09:49:24,20.85,-0.01,26,54210,卖盘
1826,09:49:15,20.86,0.01,14,29204,买盘
1827,09:49:00,20.85,--,33,68805,买盘
1828,09:48:51,20.85,0.04,10,20850,买盘
1829,09:48:42,20.81,-0.03,44,91564,卖盘
1830,09:48:39,20.84,0.03,16,33344,买盘
1831,09:48:33,20.81,--,90,187290,卖盘
1832,09:48:27,20.81,-0.03,30,62429,卖盘
1833,09:48:24,20.84,0.01,1,2084,买盘
1834,09:48:18,20.83,--,5,10415,卖盘
1835,09:48:09,20.83,-0.01,5,10415,卖盘
1836,09:48:06,20.84,--,2,4168,买盘
1837,09:48:00,20.84,0.03,1,2084,买盘
1838,09:47:57,20.81,-0.02,77,160237,卖盘
1839,09:47:54,20.83,-0.02,10,20830,卖盘
1840,09:47:48,20.85,0.02,53,110505,买盘
1841,09:47:42,20.83,--,13,27078,卖盘
1842,09:47:39,20.83,-0.01,25,52074,卖盘
1843,09:47:36,20.84,-0.01,4,8336,卖盘
1844,09:47:33,20.85,--,8,16680,买盘
1845,09:47:27,20.85,0.02,10,20850,买盘
1846,09:47:24,20.83,-0.02,36,74988,卖盘
1847,09:47:21,20.85,--,1,2085,买盘
1848,09:47:15,20.85,--,2,4170,买盘
1849,09:47:12,20.85,--,4,8340,买盘
1850,09:47:09,20.85,--,20,41700,买盘
1851,09:47:06,20.85,--,1,2085,买盘
1852,09:47:03,20.85,--,10,20850,买盘
1853,09:46:48,20.85,--,5,10425,买盘
1854,09:46:45,20.85,--,10,20850,买盘
1855,09:46:42,20.85,0.02,1,2085,买盘
1856,09:46:39,20.83,-0.02,10,20830,卖盘
1857,09:46:33,20.85,--,1,2085,买盘
1858,09:46:30,20.85,--,2,4170,买盘
1859,09:46:27,20.85,--,1,2085,买盘
1860,09:46:24,20.85,--,4,8340,买盘
1861,09:46:21,20.85,--,47,97995,卖盘
1862,09:46:12,20.85,-0.01,20,41700,卖盘
1863,09:46:09,20.86,--,15,31290,买盘
1864,09:46:06,20.86,--,16,33376,买盘
1865,09:46:03,20.86,0.01,3,6258,买盘
1866,09:46:00,20.85,-0.01,12,25020,中性盘
1867,09:45:54,20.86,0.01,10,20860,买盘
1868,09:45:45,20.85,0.01,5,10425,买盘
1869,09:45:42,20.84,-0.02,31,64604,卖盘
1870,09:45:33,20.86,-0.01,13,27118,买盘
1871,09:45:21,20.87,0.02,2,4174,买盘
1872,09:45:18,20.85,-0.01,24,50040,卖盘
1873,09:45:15,20.86,--,4,8344,买盘
1874,09:45:12,20.86,0.01,2,4172,买盘
1875,09:45:00,20.85,0.01,16,33360,买盘
1876,09:44:57,20.84,--,13,27092,卖盘
1877,09:44:51,20.84,0.02,1,2084,买盘
1878,09:44:45,20.82,--,9,18738,中性盘
1879,09:44:39,20.82,0.01,10,20820,买盘
1880,09:44:33,20.81,-0.01,1,2081,卖盘
1881,09:44:30,20.82,0.01,16,33312,买盘
1882,09:44:24,20.81,-0.01,15,31214,卖盘
1883,09:44:15,20.82,--,1,2082,买盘
1884,09:44:09,20.82,--,2,4164,买盘
1885,09:44:06,20.82,--,90,187380,买盘
1886,09:44:03,20.82,-0.02,39,81198,卖盘
1887,09:44:00,20.84,-0.01,4,8336,卖盘
1888,09:43:48,20.85,--,2,4170,买盘
1889,09:43:36,20.85,0.02,2,4170,买盘
1890,09:43:27,20.83,-0.02,1,2083,卖盘
1891,09:43:24,20.85,--,1,2085,买盘
1892,09:43:21,20.85,--,47,97995,卖盘
1893,09:43:18,20.85,-0.01,29,60465,卖盘
1894,09:43:15,20.86,--,2,4172,买盘
1895,09:43:12,20.86,--,9,18774,买盘
1896,09:43:00,20.86,-0.01,10,20860,卖盘
1897,09:42:54,20.87,0.01,5,10435,买盘
1898,09:42:51,20.86,0.01,2,4172,中性盘
1899,09:42:45,20.85,-0.01,30,62550,卖盘
1900,09:42:30,20.86,0.02,25,52150,买盘
1901,09:42:24,20.84,-0.01,5,10420,中性盘
1902,09:42:21,20.85,0.01,4,8340,买盘
1903,09:42:18,20.84,--,2,4168,买盘
1904,09:42:15,20.84,-0.01,7,14588,卖盘
1905,09:42:12,20.85,--,6,12510,买盘
1906,09:41:57,20.85,0.01,3,6255,买盘
1907,09:41:54,20.84,--,4,8336,卖盘
1908,09:41:51,20.84,-0.01,9,18756,卖盘
1909,09:41:45,20.85,0.01,2,4170,买盘
1910,09:41:39,20.84,-0.01,5,10420,买盘
1911,09:41:21,20.85,0.01,3,6255,买盘
1912,09:41:15,20.84,--,8,16672,卖盘
1913,09:41:12,20.84,-0.01,3,6252,卖盘
1914,09:41:09,20.85,--,13,27105,买盘
1915,09:40:57,20.85,-0.03,11,22935,卖盘
1916,09:40:54,20.88,--,10,20880,买盘
1917,09:40:51,20.88,0.01,20,41760,买盘
1918,09:40:48,20.87,--,1,2087,买盘
1919,09:40:45,20.87,-0.01,97,202459,卖盘
1920,09:40:36,20.88,--,1,2088,买盘
1921,09:40:33,20.88,--,38,79344,卖盘
1922,09:40:27,20.88,-0.01,15,31320,卖盘
1923,09:40:21,20.89,--,11,22979,卖盘
1924,09:40:18,20.89,--,10,20890,卖盘
1925,09:40:15,20.89,-0.01,9,18801,卖盘
1926,09:40:12,20.9,0.01,68,142120,买盘
1927,09:40:09,20.89,-0.01,5,10445,卖盘
1928,09:40:06,20.9,--,1,2090,买盘
1929,09:39:54,20.9,--,40,83600,卖盘
1930,09:39:51,20.9,--,15,31349,买盘
1931,09:39:48,20.9,--,5,10450,买盘
1932,09:39:45,20.9,--,77,160930,买盘
1933,09:39:42,20.9,0.01,10,20900,买盘
1934,09:39:39,20.89,--,2,4178,买盘
1935,09:39:36,20.89,--,31,64759,买盘
1936,09:39:33,20.89,--,7,14623,卖盘
1937,09:39:30,20.89,--,5,10445,卖盘
1938,09:39:27,20.89,--,12,25068,买盘
1939,09:39:24,20.89,0.01,10,20890,买盘
1940,09:39:18,20.88,0.01,94,198339,买盘
1941,09:39:15,20.87,--,17,35479,卖盘
1942,09:39:12,20.87,--,1,2087,卖盘
1943,09:39:09,20.87,--,1,2087,买盘
1944,09:39:03,20.87,--,2,4174,买盘
1945,09:39:00,20.87,0.05,7,14609,买盘
1946,09:38:48,20.82,0.02,13,27066,中性盘
1947,09:38:45,20.8,--,45,93600,买盘
1948,09:38:39,20.8,--,3,6240,买盘
1949,09:38:36,20.8,--,10,20800,买盘
1950,09:38:33,20.8,--,10,20800,买盘
1951,09:38:24,20.8,0.06,5,10400,买盘
1952,09:38:21,20.74,-0.06,33,68442,卖盘
1953,09:38:18,20.8,0.05,109,226720,买盘
1954,09:38:12,20.75,0.01,7,14525,买盘
1955,09:38:09,20.74,0.03,5,10370,买盘
1956,09:38:06,20.71,0.02,2,4142,中性盘
1957,09:37:54,20.69,-0.01,43,88967,卖盘
1958,09:37:51,20.7,--,21,43470,买盘
1959,09:37:48,20.7,--,25,51750,买盘
1960,09:37:42,20.7,--,22,45540,买盘
1961,09:37:39,20.7,--,81,167670,买盘
1962,09:37:36,20.7,--,13,26910,买盘
1963,09:37:33,20.7,0.01,11,22770,买盘
1964,09:37:30,20.69,-0.01,4,8276,卖盘
1965,09:37:27,20.7,0.01,97,200790,买盘
1966,09:37:24,20.69,--,10,20690,买盘
1967,09:37:21,20.69,--,3,6207,买盘
1968,09:37:18,20.69,--,9,18621,买盘
1969,09:37:15,20.69,--,10,20690,买盘
1970,09:37:12,20.69,0.01,3,6207,买盘
1971,09:37:09,20.68,0.01,1,2068,买盘
1972,09:37:06,20.67,-0.01,15,31005,卖盘
1973,09:37:03,20.68,--,20,41360,买盘
1974,09:37:00,20.68,--,5,10340,买盘
1975,09:36:57,20.68,--,23,47564,卖盘
1976,09:36:45,20.68,--,7,14476,买盘
1977,09:36:42,20.68,-0.02,18,37224,卖盘
1978,09:36:39,20.7,0.01,10,20700,买盘
1979,09:36:36,20.69,0.01,3,6207,卖盘
1980,09:36:33,20.68,--,19,39292,卖盘
1981,09:36:30,20.68,--,18,37224,卖盘
1982,09:36:24,20.68,-0.01,20,41360,卖盘
1983,09:36:21,20.69,--,10,20690,卖盘
1984,09:36:18,20.69,--,20,41380,买盘
1985,09:36:06,20.69,--,9,18621,买盘
1986,09:36:03,20.69,-0.01,23,47587,卖盘
1987,09:35:57,20.7,--,2,4140,买盘
1988,09:35:54,20.7,--,3,6210,买盘
1989,09:35:51,20.7,--,17,35190,买盘
1990,09:35:48,20.7,0.01,34,70380,买盘
1991,09:35:36,20.69,-0.01,2,4138,卖盘
1992,09:35:27,20.7,0.02,16,33120,买盘
1993,09:35:18,20.68,-0.02,9,18612,卖盘
1994,09:35:15,20.7,0.01,10,20700,买盘
1995,09:35:12,20.69,--,7,14483,买盘
1996,09:35:09,20.69,--,6,12414,买盘
1997,09:35:03,20.69,-0.01,6,12414,买盘
1998,09:35:00,20.7,--,4,8280,买盘
1999,09:34:57,20.7,--,11,22770,买盘
2000,09:34:54,20.7,0.03,10,20700,买盘
2001,09:34:48,20.67,-0.03,14,28938,卖盘
2002,09:34:45,20.7,--,98,202860,卖盘
2003,09:34:42,20.7,--,10,20700,卖盘
2004,09:34:33,20.7,--,22,45540,买盘
2005,09:34:30,20.7,0.02,30,62100,买盘
2006,09:34:27,20.68,-0.02,7,14476,卖盘
2007,09:34:24,20.7,-0.03,8,16560,中性盘
2008,09:34:21,20.73,0.03,7,14511,买盘
2009,09:34:18,20.7,-0.04,9,18630,卖盘
2010,09:34:15,20.74,0.04,205,425169,买盘
2011,09:34:12,20.7,-0.04,7,14490,中性盘
2012,09:34:06,20.74,--,19,39406,买盘
2013,09:34:03,20.74,0.06,21,43554,卖盘
2014,09:34:00,20.68,-0.08,54,111672,卖盘
2015,09:33:57,20.76,0.06,60,124560,买盘
2016,09:33:54,20.7,--,13,26910,买盘
2017,09:33:51,20.7,--,1,2070,买盘
2018,09:33:48,20.7,-0.04,241,498870,卖盘
2019,09:33:45,20.74,0.02,4,8296,买盘
2020,09:33:42,20.72,--,1,2072,买盘
2021,09:33:39,20.72,-0.04,61,126392,卖盘
2022,09:33:36,20.76,0.01,4,8304,中性盘
2023,09:33:30,20.75,-0.02,30,62250,卖盘
2024,09:33:27,20.77,0.02,19,39463,买盘
2025,09:33:24,20.75,--,7,14525,卖盘
2026,09:33:21,20.75,0.03,14,29050,卖盘
2027,09:33:15,20.72,--,1,2072,买盘
2028,09:33:12,20.72,-0.03,52,107744,卖盘
2029,09:33:09,20.75,--,7,14525,买盘
2030,09:33:06,20.75,0.03,28,58100,买盘
2031,09:33:03,20.72,--,6,12432,买盘
2032,09:33:00,20.72,--,4,8288,卖盘
2033,09:32:54,20.72,0.03,7,14504,买盘
2034,09:32:51,20.69,-0.03,3,6207,卖盘
2035,09:32:45,20.72,0.03,3,6216,买盘
2036,09:32:42,20.69,--,9,18621,买盘
2037,09:32:39,20.69,0.04,2,4138,买盘
2038,09:32:30,20.65,-0.03,51,105315,卖盘
2039,09:32:27,20.68,0.03,10,20680,买盘
2040,09:32:24,20.65,--,30,61949,买盘
2041,09:32:21,20.65,--,10,20650,买盘
2042,09:32:18,20.65,--,26,53689,买盘
2043,09:32:15,20.65,0.02,10,20650,买盘
2044,09:32:12,20.63,--,12,24756,卖盘
2045,09:32:09,20.63,--,23,47449,卖盘
2046,09:32:00,20.63,--,46,94898,买盘
2047,09:31:57,20.63,--,14,28882,买盘
2048,09:31:54,20.63,--,51,105213,买盘
2049,09:31:51,20.63,--,10,20630,买盘
2050,09:31:48,20.63,--,10,20630,买盘
2051,09:31:45,20.63,-0.05,22,45386,卖盘
2052,09:31:42,20.68,-0.01,2,4136,中性盘
2053,09:31:39,20.69,--,5,10345,买盘
2054,09:31:36,20.69,0.06,1,2069,买盘
2055,09:31:33,20.63,-0.06,23,47449,卖盘
2056,09:31:24,20.69,--,6,12414,买盘
2057,09:31:21,20.69,0.07,20,41380,买盘
2058,09:31:15,20.62,-0.07,10,20620,卖盘
2059,09:31:12,20.69,0.08,75,155175,中性盘
2060,09:31:09,20.61,-0.09,40,82440,卖盘
2061,09:31:03,20.7,0.01,26,53820,买盘
2062,09:30:51,20.69,0.08,5,10345,中性盘
2063,09:30:45,20.61,0.01,2,4122,中性盘
2064,09:30:36,20.6,0.03,10,20600,中性盘
2065,09:30:27,20.57,-0.13,84,172788,卖盘
2066,09:30:24,20.7,--,10,20700,买盘
2067,09:30:15,20.7,0.1,1,2070,买盘
2068,09:30:12,20.6,-0.13,113,232800,卖盘
2069,09:30:09,20.73,--,5,10365,卖盘
2070,09:30:06,20.73,0.03,140,292272,买盘
2071,09:30:03,20.7,-0.03,223,461610,卖盘
2072,09:30:00,20.73,--,0,0,买盘
2073,09:25:03,20.73,20.73,212,439476,买盘
