,time,price,change,volume,amount,type
0,15:00:03,14.26,0.01,2230,3179980,买盘
1,14:57:00,14.25,0.01,168,239400,买盘
2,14:56:54,14.24,-0.01,2,2848,卖盘
3,14:56:51,14.25,--,263,375829,买盘
4,14:56:48,14.25,--,6,8550,买盘
5,14:56:45,14.25,0.01,26,37050,买盘
6,14:56:42,14.24,--,133,189392,卖盘
7,14:56:39,14.24,-0.01,2,2848,卖盘
8,14:56:36,14.25,0.01,1,1425,买盘
9,14:56:33,14.24,-0.01,32,45568,中性盘
10,14:56:24,14.25,0.01,151,215175,买盘
11,14:56:21,14.24,--,22,31328,卖盘
12,14:56:18,14.24,--,63,89712,卖盘
13,14:56:15,14.24,--,20,28480,卖盘
14,14:56:12,14.24,0.01,47,66928,中性盘
15,14:56:09,14.23,-0.01,39,55497,卖盘
16,14:56:06,14.24,--,202,287648,卖盘
17,14:56:03,14.24,--,26,37024,卖盘
18,14:56:00,14.24,-0.01,56,79744,卖盘
19,14:55:57,14.25,0.01,34,48450,买盘
20,14:55:54,14.24,-0.01,44,62656,卖盘
21,14:55:51,14.25,0.01,62,88350,买盘
22,14:55:48,14.24,-0.01,115,163760,卖盘
23,14:55:45,14.25,--,307,437475,卖盘
24,14:55:42,14.25,--,43,61275,卖盘
25,14:55:39,14.25,--,21,29925,卖盘
26,14:55:36,14.25,--,26,37050,卖盘
27,14:55:33,14.25,-0.01,31,44175,卖盘
28,14:55:30,14.26,0.01,147,209622,买盘
29,14:55:27,14.25,-0.01,5,7125,卖盘
30,14:55:24,14.26,--,45,64170,买盘
31,14:55:21,14.26,--,2,2852,买盘
32,14:55:18,14.26,--,13,18538,买盘
33,14:55:06,14.26,-0.01,4,5704,中性盘
34,14:55:00,14.27,0.01,18,25686,买盘
35,14:54:57,14.26,--,10,14260,买盘
36,14:54:51,14.26,0.01,60,85560,买盘
37,14:54:42,14.25,-0.01,12,17100,卖盘
38,14:54:39,14.26,0.01,83,118358,买盘
39,14:54:36,14.25,0.01,99,141075,买盘
40,14:54:30,14.24,-0.01,17,24208,卖盘
41,14:54:27,14.25,--,23,32775,买盘
42,14:54:15,14.25,0.01,19,27075,买盘
43,14:54:09,14.24,--,315,449243,买盘
44,14:54:03,14.24,0.01,14,19936,买盘
45,14:53:57,14.23,-0.01,1,1423,卖盘
46,14:53:54,14.24,--,4,5696,买盘
47,14:53:42,14.24,0.01,13,18512,买盘
48,14:53:39,14.23,--,10,14230,卖盘
49,14:53:33,14.23,-0.01,5,7115,卖盘
50,14:53:24,14.24,--,8,11392,买盘
51,14:53:21,14.24,0.01,28,39872,买盘
52,14:53:18,14.23,--,8,11384,卖盘
53,14:53:12,14.23,-0.01,217,308791,卖盘
54,14:53:09,14.24,0.02,22,31328,买盘
55,14:53:06,14.22,-0.02,200,284400,卖盘
56,14:53:03,14.24,0.02,23,32752,买盘
57,14:53:00,14.22,-0.02,200,284400,卖盘
58,14:52:57,14.24,--,225,320400,买盘
59,14:52:54,14.24,--,46,65504,买盘
60,14:52:51,14.24,--,30,42919,买盘
61,14:52:45,14.24,--,5,7120,买盘
62,14:52:42,14.24,--,4,5696,买盘
63,14:52:33,14.24,0.01,23,32752,买盘
64,14:52:30,14.23,0.01,1,1423,买盘
65,14:52:24,14.22,-0.01,8,11376,卖盘
66,14:52:21,14.23,-0.01,5,7115,卖盘
67,14:52:18,14.24,0.02,23,32752,买盘
68,14:52:12,14.22,-0.01,301,428022,卖盘
69,14:52:03,14.23,0.01,15,21345,买盘
70,14:52:00,14.22,-0.01,6,8532,卖盘
71,14:51:57,14.23,--,1,1423,买盘
72,14:51:54,14.23,0.01,2,2846,买盘
73,14:51:51,14.22,--,24,34128,卖盘
74,14:51:48,14.22,-0.01,38,54036,卖盘
75,14:51:45,14.23,--,24,34152,买盘
76,14:51:42,14.23,0.01,23,32729,买盘
77,14:51:39,14.22,-0.01,67,95274,卖盘
78,14:51:36,14.23,0.01,21,29883,买盘
79,14:51:33,14.22,-0.01,115,163530,卖盘
80,14:51:30,14.23,--,147,209181,买盘
81,14:51:24,14.23,--,120,170760,买盘
82,14:51:09,14.23,--,26,36998,买盘
83,14:51:06,14.23,--,10,14230,买盘
84,14:51:03,14.23,--,78,110994,买盘
85,14:51:00,14.23,--,22,31306,买盘
86,14:50:57,14.23,--,48,69371,卖盘
87,14:50:54,14.23,-0.01,40,56920,卖盘
88,14:50:48,14.24,0.01,30,42720,买盘
89,14:50:42,14.23,--,10,14585,卖盘
90,14:50:39,14.23,--,47,66881,买盘
91,14:50:36,14.23,--,30,42690,中性盘
92,14:50:30,14.23,--,2,2846,买盘
93,14:50:27,14.23,--,2,2846,买盘
94,14:50:21,14.23,-0.01,18,25614,中性盘
95,14:50:15,14.24,0.01,51,72624,买盘
96,14:50:09,14.23,--,12,17076,买盘
97,14:50:06,14.23,--,30,42690,买盘
98,14:50:03,14.23,--,10,14230,买盘
99,14:50:00,14.23,--,135,192105,买盘
100,14:49:54,14.23,--,30,42690,买盘
101,14:49:51,14.23,--,7,9961,买盘
102,14:49:48,14.23,--,5,7115,买盘
103,14:49:45,14.23,0.01,24,34152,中性盘
104,14:49:36,14.22,--,500,711000,卖盘
105,14:49:09,14.22,-0.01,130,184860,卖盘
106,14:49:03,14.23,--,5,7115,卖盘
107,14:49:00,14.23,--,8,11384,买盘
108,14:48:54,14.23,0.01,12,17076,卖盘
109,14:48:51,14.22,-0.02,146,207612,卖盘
110,14:48:48,14.24,0.01,203,289072,买盘
111,14:48:33,14.23,--,192,274084,卖盘
112,14:48:30,14.23,--,155,220565,卖盘
113,14:48:27,14.23,--,23,32729,卖盘
114,14:48:24,14.23,--,25,35575,卖盘
115,14:48:15,14.23,-0.01,2,2846,卖盘
116,14:48:12,14.24,0.01,18,25632,买盘
117,14:48:09,14.23,-0.01,61,86803,卖盘
118,14:48:06,14.24,0.01,315,448560,买盘
119,14:48:03,14.23,-0.01,23,32729,卖盘
120,14:48:00,14.24,--,2,2848,买盘
121,14:47:57,14.24,-0.01,211,301560,卖盘
122,14:47:51,14.25,--,5,7125,买盘
123,14:47:48,14.25,--,7,9975,买盘
124,14:47:33,14.25,--,5,7125,买盘
125,14:47:24,14.25,0.01,21,29925,买盘
126,14:47:18,14.24,-0.01,2,2848,卖盘
127,14:47:12,14.25,0.01,2,2850,买盘
128,14:47:03,14.24,-0.01,0,327,卖盘
129,14:47:00,14.25,--,19,27075,买盘
130,14:46:54,14.25,0.01,12,17100,买盘
131,14:46:51,14.24,--,67,95408,买盘
132,14:46:48,14.24,--,4,5696,买盘
133,14:46:45,14.24,0.01,20,28480,买盘
134,14:46:42,14.23,-0.01,15,21345,卖盘
135,14:46:30,14.24,--,40,56960,卖盘
136,14:46:27,14.24,--,19,27056,买盘
137,14:46:24,14.24,-0.01,15,21360,买盘
138,14:46:18,14.25,0.02,95,135375,买盘
139,14:46:15,14.23,--,3,4269,卖盘
140,14:46:09,14.23,--,138,196374,卖盘
141,14:46:06,14.23,-0.01,140,199220,卖盘
142,14:45:57,14.24,--,62,88501,卖盘
143,14:45:54,14.24,-0.01,50,71200,卖盘
144,14:45:42,14.25,--,35,49875,买盘
145,14:45:36,14.25,--,28,39900,买盘
146,14:45:18,14.25,--,5,7125,卖盘
147,14:45:12,14.25,0.01,6,8550,中性盘
148,14:45:09,14.24,-0.02,300,427200,卖盘
149,14:45:06,14.26,--,44,62744,买盘
150,14:45:00,14.26,0.01,43,61318,买盘
151,14:44:57,14.25,-0.01,123,175275,买盘
152,14:44:51,14.26,0.01,10,14260,买盘
153,14:44:42,14.25,-0.01,56,80085,卖盘
154,14:44:36,14.26,--,69,98394,买盘
155,14:44:33,14.26,0.01,32,46772,买盘
156,14:44:30,14.25,--,5,7125,卖盘
157,14:44:27,14.25,--,23,32775,卖盘
158,14:44:24,14.25,--,8,11400,买盘
159,14:44:21,14.25,-0.01,1,1425,中性盘
160,14:44:12,14.26,0.02,2,2852,买盘
161,14:44:06,14.24,-0.02,51,72624,卖盘
162,14:44:03,14.26,--,9,12834,买盘
163,14:43:57,14.26,--,21,29946,买盘
164,14:43:48,14.26,--,30,42780,买盘
165,14:43:45,14.26,--,3,4278,买盘
166,14:43:42,14.26,0.01,36,51336,买盘
167,14:43:36,14.25,--,25,35625,买盘
168,14:43:33,14.25,-0.01,75,106875,卖盘
169,14:43:30,14.26,0.01,49,69874,买盘
170,14:43:24,14.25,--,5,7125,买盘
171,14:43:21,14.25,--,10,14250,买盘
172,14:43:15,14.25,--,19,27075,买盘
173,14:43:12,14.25,--,10,14250,买盘
174,14:43:09,14.25,--,6,8550,卖盘
175,14:43:06,14.25,--,50,71250,卖盘
176,14:43:03,14.25,--,44,62700,卖盘
177,14:42:57,14.25,--,6,8550,卖盘
178,14:42:48,14.25,--,14,19950,卖盘
179,14:42:42,14.25,--,10,14250,买盘
180,14:42:39,14.25,--,4,5700,买盘
181,14:42:30,14.25,0.01,21,29925,买盘
182,14:42:24,14.24,--,18,25632,卖盘
183,14:42:21,14.24,--,15,22570,卖盘
184,14:42:06,14.24,-0.02,23,32752,卖盘
185,14:42:03,14.26,--,36,51336,买盘
186,14:42:00,14.26,0.02,20,28520,买盘
187,14:41:57,14.24,--,23,32752,卖盘
188,14:41:54,14.24,0.01,23,32752,卖盘
189,14:41:51,14.23,-0.01,23,32729,卖盘
190,14:41:48,14.24,-0.02,28,39872,卖盘
191,14:41:45,14.26,0.02,1,1426,买盘
192,14:41:42,14.24,--,92,131008,买盘
193,14:41:39,14.24,0.01,4,5696,买盘
194,14:41:36,14.23,--,95,135185,卖盘
195,14:41:33,14.23,--,23,32729,卖盘
196,14:41:30,14.23,-0.01,23,32729,卖盘
197,14:41:27,14.24,0.01,20,28480,中性盘
198,14:41:21,14.23,--,28,39844,卖盘
199,14:41:18,14.23,-0.01,23,32729,卖盘
200,14:41:12,14.24,-0.02,27,38448,卖盘
201,14:41:09,14.26,0.02,19,27094,买盘
202,14:41:00,14.24,--,36,52417,卖盘
203,14:40:45,14.24,-0.02,4,5696,卖盘
204,14:40:42,14.26,0.02,20,28520,买盘
205,14:40:36,14.24,--,71,101104,买盘
206,14:40:21,14.24,0.01,28,39872,买盘
207,14:40:18,14.23,-0.01,36,51228,卖盘
208,14:40:15,14.24,--,23,32752,买盘
209,14:40:03,14.24,0.01,3,4272,中性盘
210,14:39:57,14.23,-0.01,190,270370,卖盘
211,14:39:51,14.24,--,16,22784,买盘
212,14:39:48,14.24,--,31,44144,卖盘
213,14:39:33,14.24,-0.01,29,41296,卖盘
214,14:39:30,14.25,--,1,1425,买盘
215,14:39:21,14.25,--,20,28500,买盘
216,14:39:06,14.25,--,5,7125,买盘
217,14:39:03,14.25,0.02,20,28500,买盘
218,14:38:54,14.23,-0.01,300,426900,卖盘
219,14:38:39,14.24,--,92,132417,买盘
220,14:38:36,14.24,0.01,21,29904,买盘
221,14:38:33,14.23,-0.01,23,32729,卖盘
222,14:38:30,14.24,--,5,7120,买盘
223,14:38:24,14.24,--,10,14240,买盘
224,14:38:21,14.24,--,10,14240,买盘
225,14:38:18,14.24,--,15,21360,买盘
226,14:38:12,14.24,--,49,69776,买盘
227,14:38:06,14.24,--,10,14240,买盘
228,14:38:00,14.24,--,50,71200,买盘
229,14:37:54,14.24,-0.01,6,8544,买盘
230,14:37:48,14.25,0.01,21,29925,买盘
231,14:37:45,14.24,0.02,4,5696,买盘
232,14:37:30,14.22,--,2,2844,卖盘
233,14:37:27,14.22,--,9,12798,买盘
234,14:37:24,14.22,--,309,439398,买盘
235,14:37:21,14.22,-0.01,6,8532,买盘
236,14:37:12,14.23,-0.01,3,4269,中性盘
237,14:37:09,14.24,--,41,58384,买盘
238,14:36:51,14.24,0.04,7,9968,中性盘
239,14:36:36,14.2,-0.05,500,710000,卖盘
240,14:36:33,14.25,--,14,19950,买盘
241,14:36:30,14.25,--,15,21375,买盘
242,14:36:24,14.25,0.05,18,25650,买盘
243,14:36:21,14.2,-0.05,500,710000,卖盘
244,14:36:18,14.25,--,19,27075,买盘
245,14:36:15,14.25,--,51,72675,买盘
246,14:36:12,14.25,--,7,9975,买盘
247,14:36:06,14.25,0.01,35,49875,买盘
248,14:36:03,14.24,-0.01,2,2848,卖盘
249,14:36:00,14.25,--,32,45600,买盘
250,14:35:57,14.25,--,539,768075,买盘
251,14:35:54,14.25,0.01,23,32775,买盘
252,14:35:51,14.24,-0.01,49,69776,卖盘
253,14:35:48,14.25,--,58,82650,买盘
254,14:35:45,14.25,--,1,1425,买盘
255,14:35:42,14.25,--,59,84075,买盘
256,14:35:39,14.25,0.02,41,58425,买盘
257,14:35:33,14.23,--,31,44113,买盘
258,14:35:30,14.23,--,11,15653,买盘
259,14:35:27,14.23,--,23,32729,买盘
260,14:35:18,14.23,--,28,39844,买盘
261,14:35:15,14.23,0.03,7,9961,买盘
262,14:35:12,14.2,--,179,254180,买盘
263,14:35:09,14.2,--,80,113600,买盘
264,14:35:06,14.2,--,168,238560,买盘
265,14:35:03,14.2,0.01,38,53960,买盘
266,14:35:00,14.19,--,5,7095,卖盘
267,14:34:57,14.19,-0.01,16,22704,卖盘
268,14:34:54,14.2,0.01,24,34080,买盘
269,14:34:51,14.19,-0.01,17,24123,卖盘
270,14:34:48,14.2,--,18,25560,买盘
271,14:34:45,14.2,0.02,5,7100,买盘
272,14:34:42,14.18,-0.02,200,283600,卖盘
273,14:34:39,14.2,--,30,42600,买盘
274,14:34:36,14.2,--,50,71000,买盘
275,14:34:33,14.2,--,1207,1713940,买盘
276,14:34:24,14.2,0.01,93,132060,买盘
277,14:34:18,14.19,-0.01,22,31218,卖盘
278,14:34:15,14.2,0.01,76,107920,买盘
279,14:34:12,14.19,-0.01,11,15609,卖盘
280,14:34:03,14.2,--,36,51120,买盘
281,14:33:57,14.2,--,20,28400,买盘
282,14:33:48,14.2,0.01,20,28400,买盘
283,14:33:45,14.19,--,39,55341,买盘
284,14:33:42,14.19,-0.01,501,710919,卖盘
285,14:33:39,14.2,--,6,8520,买盘
286,14:33:36,14.2,--,10,14200,买盘
287,14:33:30,14.2,0.01,4,5680,买盘
288,14:33:27,14.19,-0.01,7,9933,卖盘
289,14:33:24,14.2,--,10,14200,买盘
290,14:33:21,14.2,--,21,29820,买盘
291,14:33:12,14.2,--,3,4260,买盘
292,14:33:09,14.2,--,10,14200,买盘
293,14:33:06,14.2,-0.02,1508,2141360,卖盘
294,14:33:03,14.22,--,311,442242,卖盘
295,14:33:00,14.22,--,164,233208,卖盘
296,14:32:57,14.22,--,130,184860,卖盘
297,14:32:54,14.22,-0.01,130,184860,卖盘
298,14:32:48,14.23,0.01,10,14230,买盘
299,14:32:45,14.22,-0.01,1300,1848600,卖盘
300,14:32:42,14.23,--,25,35575,买盘
301,14:32:33,14.23,--,33,46959,买盘
302,14:32:30,14.23,0.01,19,27037,买盘
303,14:32:18,14.22,--,23,32706,卖盘
304,14:32:15,14.22,-0.01,14,19908,卖盘
305,14:32:12,14.23,--,7,9961,买盘
306,14:32:09,14.23,--,30,42690,买盘
307,14:32:06,14.23,--,20,28460,买盘
308,14:32:03,14.23,--,2,2846,买盘
309,14:31:54,14.23,--,2,2846,买盘
310,14:31:45,14.23,--,9,12807,买盘
311,14:31:39,14.23,--,22,31306,买盘
312,14:31:36,14.23,--,50,71150,买盘
313,14:31:30,14.23,--,10,14230,买盘
314,14:31:15,14.23,--,27,38421,买盘
315,14:31:09,14.23,--,23,32729,买盘
316,14:31:03,14.23,0.01,11,15653,买盘
317,14:30:54,14.22,-0.01,5,7110,卖盘
318,14:30:51,14.23,--,12,17076,买盘
319,14:30:48,14.23,--,5,7115,买盘
320,14:30:45,14.23,0.01,20,28460,买盘
321,14:30:42,14.22,--,20,28440,卖盘
322,14:30:36,14.22,--,14,19908,卖盘
323,14:30:33,14.22,-0.01,5,7110,卖盘
324,14:30:27,14.23,--,5,7115,买盘
325,14:30:21,14.23,--,3,4269,买盘
326,14:30:18,14.23,--,19,27037,买盘
327,14:30:15,14.23,--,4,5692,买盘
328,14:30:09,14.23,--,1,1423,买盘
329,14:30:06,14.23,--,3,4269,买盘
330,14:30:03,14.23,-0.02,160,228234,卖盘
331,14:29:57,14.25,0.02,54,76950,买盘
332,14:29:51,14.23,-0.02,424,603352,卖盘
333,14:29:45,14.25,0.01,2,2850,买盘
334,14:29:36,14.24,-0.01,10,14240,卖盘
335,14:29:33,14.25,0.01,20,28500,买盘
336,14:29:30,14.24,--,1,1424,卖盘
337,14:29:12,14.24,-0.01,177,252048,卖盘
338,14:29:03,14.25,0.01,2,2850,买盘
339,14:28:57,14.24,--,26,37024,卖盘
340,14:28:54,14.24,--,164,233536,卖盘
341,14:28:51,14.24,--,15,21360,卖盘
342,14:28:45,14.24,-0.01,10,14240,卖盘
343,14:28:42,14.25,0.01,1,1425,买盘
344,14:28:33,14.24,-0.01,1,1424,卖盘
345,14:28:27,14.25,--,21,29925,买盘
346,14:28:24,14.25,--,1,1425,买盘
347,14:28:15,14.25,0.01,34,48450,买盘
348,14:28:12,14.24,--,163,232112,卖盘
349,14:28:09,14.24,-0.01,5,7120,卖盘
350,14:28:00,14.25,--,10,14250,买盘
351,14:27:57,14.25,0.01,100,142500,买盘
352,14:27:48,14.24,-0.01,118,168032,卖盘
353,14:27:45,14.25,--,7,9975,卖盘
354,14:27:36,14.25,--,1,1425,卖盘
355,14:27:27,14.25,--,5,7125,卖盘
356,14:27:18,14.25,0.01,3,4275,卖盘
357,14:27:12,14.24,--,3,4272,卖盘
358,14:27:09,14.24,-0.01,23,32752,卖盘
359,14:27:06,14.25,--,339,483075,卖盘
360,14:27:03,14.25,--,4,5700,卖盘
361,14:27:00,14.25,--,29,41325,卖盘
362,14:26:57,14.25,-0.01,42,59850,卖盘
363,14:26:54,14.26,0.01,19,27094,买盘
364,14:26:48,14.25,--,23,32775,卖盘
365,14:26:45,14.25,--,21,29925,卖盘
366,14:26:39,14.25,-0.01,123,175275,卖盘
367,14:26:33,14.26,--,33,47058,买盘
368,14:26:30,14.26,0.01,3,4278,买盘
369,14:26:27,14.25,-0.01,4,5700,卖盘
370,14:26:24,14.26,0.01,7,9982,买盘
371,14:26:21,14.25,-0.01,23,32775,卖盘
372,14:26:00,14.26,--,19,27094,买盘
373,14:25:45,14.26,--,18,25668,买盘
374,14:25:42,14.26,0.01,67,95542,买盘
375,14:25:39,14.25,-0.01,61,86925,卖盘
376,14:25:36,14.26,--,46,65596,买盘
377,14:25:33,14.26,--,72,102672,买盘
378,14:25:30,14.26,--,43,61318,买盘
379,14:25:21,14.26,0.01,5,7130,买盘
380,14:25:03,14.25,-0.01,23,32775,卖盘
381,14:24:54,14.26,--,47,67022,买盘
382,14:24:51,14.26,--,11,15686,买盘
383,14:24:45,14.26,--,49,71143,卖盘
384,14:24:39,14.26,--,20,28676,买盘
385,14:24:36,14.26,--,18,25668,买盘
386,14:24:27,14.26,--,380,541880,买盘
387,14:24:18,14.26,0.01,2,2852,买盘
388,14:24:09,14.25,-0.01,39,55575,卖盘
389,14:24:06,14.26,--,2,2852,买盘
390,14:24:03,14.26,0.01,19,27094,买盘
391,14:23:33,14.25,--,1,1425,卖盘
392,14:23:27,14.25,--,4,6754,卖盘
393,14:23:21,14.25,--,7,9975,卖盘
394,14:23:06,14.25,--,10,14250,卖盘
395,14:23:00,14.25,0.01,177,253365,买盘
396,14:22:48,14.24,--,14,19936,卖盘
397,14:22:45,14.24,-0.01,8,11491,卖盘
398,14:22:42,14.25,--,4,5700,买盘
399,14:22:36,14.25,--,23,32775,买盘
400,14:22:33,14.25,--,23,32775,买盘
401,14:22:30,14.25,--,47,66975,买盘
402,14:22:27,14.25,0.01,23,32775,买盘
403,14:22:18,14.24,-0.01,2,2848,卖盘
404,14:22:03,14.25,--,5,7125,买盘
405,14:22:00,14.25,-0.01,236,336585,卖盘
406,14:21:57,14.26,--,21,29946,买盘
407,14:21:45,14.26,--,53,75578,买盘
408,14:21:42,14.26,--,93,133887,卖盘
409,14:21:33,14.26,--,7,9982,卖盘
410,14:21:30,14.26,--,16,22816,卖盘
411,14:21:27,14.26,-0.01,13,18694,卖盘
412,14:21:21,14.27,--,32,45664,买盘
413,14:21:18,14.27,--,10,14270,买盘
414,14:21:12,14.27,--,28,39956,买盘
415,14:21:06,14.27,0.01,7,9989,买盘
416,14:21:03,14.26,-0.01,6,8556,卖盘
417,14:21:00,14.27,--,10,14270,买盘
418,14:20:51,14.27,--,2,2854,买盘
419,14:20:45,14.27,0.01,73,104171,买盘
420,14:20:39,14.26,0.01,17,24242,买盘
421,14:20:36,14.25,-0.01,4,5700,卖盘
422,14:20:33,14.26,0.01,230,327980,买盘
423,14:20:12,14.25,--,34,49590,买盘
424,14:20:09,14.25,--,2,2850,买盘
425,14:20:03,14.25,--,13,18525,买盘
426,14:20:00,14.25,--,16,22800,买盘
427,14:19:57,14.25,--,320,456000,买盘
428,14:19:54,14.25,--,292,416100,买盘
429,14:19:48,14.25,0.01,15,21375,买盘
430,14:19:45,14.24,-0.01,11,15664,卖盘
431,14:19:42,14.25,0.01,5,7125,买盘
432,14:19:30,14.24,-0.01,17,24208,卖盘
433,14:19:27,14.25,--,54,76950,买盘
434,14:19:21,14.25,--,26,37050,买盘
435,14:19:18,14.25,--,6,8550,买盘
436,14:19:12,14.25,--,7,9975,买盘
437,14:19:06,14.25,0.01,19,27075,买盘
438,14:19:00,14.24,0.01,54,76896,买盘
439,14:18:57,14.23,-0.01,2,2846,卖盘
440,14:18:54,14.24,--,40,56960,买盘
441,14:18:51,14.24,--,411,585264,买盘
442,14:18:48,14.24,0.01,30,42720,买盘
443,14:18:33,14.23,--,8,11384,买盘
444,14:18:30,14.23,0.01,206,293138,买盘
445,14:18:27,14.22,-0.01,16,22752,卖盘
446,14:18:21,14.23,--,9,12807,买盘
447,14:18:18,14.23,--,46,65458,买盘
448,14:18:15,14.23,--,31,44113,买盘
449,14:18:12,14.23,--,10,14230,买盘
450,14:18:09,14.23,--,7,9961,买盘
451,14:18:03,14.23,--,20,28460,买盘
452,14:17:57,14.23,--,5,7115,买盘
453,14:17:51,14.23,--,10,14230,买盘
454,14:17:48,14.23,--,6,8538,买盘
455,14:17:45,14.23,--,2,2846,买盘
456,14:17:42,14.23,-0.01,113,160799,卖盘
457,14:17:36,14.24,--,1,1424,买盘
458,14:17:24,14.24,0.01,2,2848,买盘
459,14:17:03,14.23,-0.01,2,2846,卖盘
460,14:17:00,14.24,--,23,32752,买盘
461,14:16:57,14.24,0.02,28,39872,买盘
462,14:16:48,14.22,--,58,82476,买盘
463,14:16:45,14.22,--,2,2844,买盘
464,14:16:42,14.22,--,21,29862,买盘
465,14:16:30,14.22,--,2,2844,买盘
466,14:16:27,14.22,--,162,230364,买盘
467,14:16:24,14.22,--,119,169218,买盘
468,14:16:21,14.22,--,47,66834,买盘
469,14:16:18,14.22,--,20,28440,买盘
470,14:16:15,14.22,--,102,145044,买盘
471,14:16:06,14.22,--,1,1422,买盘
472,14:15:48,14.22,-0.01,494,702468,卖盘
473,14:15:45,14.23,0.01,20,28460,买盘
474,14:15:18,14.22,-0.01,50,71100,卖盘
475,14:15:09,14.23,--,18,25614,买盘
476,14:14:51,14.23,--,5,7115,买盘
477,14:14:42,14.23,--,3,4269,买盘
478,14:14:12,14.23,-0.01,405,576315,卖盘
479,14:13:51,14.24,--,3,4272,买盘
480,14:13:45,14.24,--,20,28480,买盘
481,14:13:36,14.24,--,15,21360,买盘
482,14:13:27,14.24,--,10,14240,买盘
483,14:13:18,14.24,--,20,28480,买盘
484,14:13:06,14.24,--,31,44144,买盘
485,14:12:54,14.24,--,18,25632,买盘
486,14:12:45,14.24,0.01,72,102528,买盘
487,14:12:42,14.23,-0.01,3,4269,卖盘
488,14:12:24,14.24,0.01,20,28480,买盘
489,14:12:18,14.23,--,23,32729,卖盘
490,14:12:12,14.23,--,23,32729,卖盘
491,14:12:09,14.23,-0.01,23,32729,卖盘
492,14:11:51,14.24,0.01,42,59808,买盘
493,14:11:45,14.23,--,23,32729,卖盘
494,14:11:42,14.23,--,177,251871,卖盘
495,14:11:39,14.23,-0.01,46,65458,卖盘
496,14:11:33,14.24,--,23,32752,卖盘
497,14:11:30,14.24,-0.01,100,142400,卖盘
498,14:11:24,14.25,--,12,17100,买盘
499,14:11:21,14.25,0.01,59,84075,买盘
500,14:11:18,14.24,-0.01,1,1424,卖盘
501,14:11:09,14.25,--,7,9975,买盘
502,14:10:51,14.25,--,2,2850,买盘
503,14:10:24,14.25,--,9,12825,买盘
504,14:10:03,14.25,--,46,65550,买盘
505,14:10:00,14.25,--,46,65550,买盘
506,14:09:57,14.25,--,54,76950,买盘
507,14:09:51,14.25,--,1,1425,买盘
508,14:09:45,14.25,--,69,98325,买盘
509,14:09:42,14.25,0.01,50,71250,买盘
510,14:09:18,14.24,--,101,143824,买盘
511,14:09:15,14.24,--,22,31328,买盘
512,14:09:12,14.24,--,20,28480,买盘
513,14:09:06,14.24,--,2,2848,买盘
514,14:09:03,14.24,--,50,71200,买盘
515,14:08:54,14.24,--,25,35600,买盘
516,14:08:48,14.24,--,3,4272,买盘
517,14:08:39,14.24,--,1,1424,买盘
518,14:08:18,14.24,0.01,375,534000,买盘
519,14:07:57,14.23,--,21,29883,买盘
520,14:07:45,14.23,--,17,24191,买盘
521,14:07:42,14.23,--,139,197797,卖盘
522,14:07:36,14.23,--,27,38421,卖盘
523,14:07:33,14.23,0.01,339,482397,买盘
524,14:07:30,14.22,-0.01,17,24174,卖盘
525,14:07:24,14.23,0.01,20,28460,买盘
526,14:07:15,14.22,--,10,14220,卖盘
527,14:07:12,14.22,-0.01,23,32706,卖盘
528,14:07:00,14.23,0.01,5,7115,买盘
529,14:06:57,14.22,--,1,1422,卖盘
530,14:06:45,14.22,-0.01,23,32706,卖盘
531,14:06:39,14.23,--,4,5692,买盘
532,14:06:21,14.23,--,19,27037,买盘
533,14:06:12,14.23,--,21,29883,买盘
534,14:05:48,14.23,--,20,28460,买盘
535,14:05:45,14.23,--,50,71150,买盘
536,14:05:39,14.23,-0.01,113,160799,卖盘
537,14:05:33,14.24,0.01,6,8544,买盘
538,14:05:21,14.23,--,3,4269,卖盘
539,14:05:06,14.23,--,30,42690,卖盘
540,14:04:54,14.23,--,18,25614,买盘
541,14:04:51,14.23,--,5,7115,买盘
542,14:04:48,14.23,--,2,2846,买盘
543,14:04:45,14.23,--,5,7115,买盘
544,14:04:42,14.23,--,60,85380,买盘
545,14:04:33,14.23,--,153,217719,买盘
546,14:04:24,14.23,--,500,711500,买盘
547,14:04:06,14.23,0.01,4,5692,买盘
548,14:03:54,14.22,-0.01,43,61146,卖盘
549,14:03:48,14.23,0.01,1,1423,买盘
550,14:03:42,14.22,--,23,32706,卖盘
551,14:03:30,14.22,--,23,32706,卖盘
552,14:03:21,14.22,--,95,135090,买盘
553,14:03:18,14.22,--,47,66834,买盘
554,14:03:15,14.22,--,28,39816,买盘
555,14:03:12,14.22,--,19,27018,买盘
556,14:03:09,14.22,0.01,36,51192,买盘
557,14:03:06,14.21,-0.01,263,373723,卖盘
558,14:02:48,14.22,--,67,95274,买盘
559,14:02:45,14.22,--,5,7110,买盘
560,14:02:39,14.22,--,65,92430,买盘
561,14:02:36,14.22,--,28,39816,买盘
562,14:02:30,14.22,--,12,17064,买盘
563,14:02:27,14.22,-0.01,379,538938,卖盘
564,14:02:24,14.23,--,20,28460,买盘
565,14:02:15,14.23,0.01,74,105302,买盘
566,14:02:12,14.22,--,92,130824,买盘
567,14:02:03,14.22,--,259,368298,卖盘
568,14:01:57,14.22,--,12,17064,卖盘
569,14:01:51,14.22,--,23,32706,卖盘
570,14:01:45,14.22,--,300,426600,卖盘
571,14:01:42,14.22,--,126,179172,买盘
572,14:01:39,14.22,--,10,14220,买盘
573,14:01:36,14.22,--,18,25596,买盘
574,14:01:30,14.22,--,20,28440,买盘
575,14:01:27,14.22,--,4,5688,买盘
576,14:01:24,14.22,--,110,156420,买盘
577,14:01:21,14.22,--,20,28440,买盘
578,14:01:18,14.22,--,30,42660,买盘
579,14:01:12,14.22,--,85,120870,买盘
580,14:01:09,14.22,--,32,45504,买盘
581,14:01:06,14.22,--,8,11376,买盘
582,14:01:00,14.22,--,22,31284,买盘
583,14:00:54,14.22,--,12,17064,买盘
584,14:00:48,14.22,--,9,12798,买盘
585,14:00:45,14.22,--,10,14220,买盘
586,14:00:39,14.22,--,9,12798,买盘
587,14:00:33,14.22,--,34,48348,买盘
588,14:00:27,14.22,--,5,7110,买盘
589,14:00:24,14.22,--,15,21330,买盘
590,14:00:15,14.22,--,5,7110,买盘
591,14:00:12,14.22,--,7,9954,买盘
592,14:00:09,14.22,--,10,14220,买盘
593,14:00:06,14.22,--,10,14220,买盘
594,14:00:03,14.22,--,7,9954,买盘
595,13:59:57,14.22,0.01,181,257382,买盘
596,13:59:54,14.21,-0.01,7,9947,卖盘
597,13:59:51,14.22,--,20,28440,买盘
598,13:59:48,14.22,--,51,72522,买盘
599,13:59:42,14.22,--,9,12798,买盘
600,13:59:39,14.22,--,125,177750,卖盘
601,13:59:36,14.22,--,39,55458,卖盘
602,13:59:27,14.22,--,50,71100,买盘
603,13:59:24,14.22,--,20,28440,买盘
604,13:59:21,14.22,--,124,176328,买盘
605,13:59:12,14.22,0.01,38,54036,买盘
606,13:59:09,14.21,-0.01,30,42630,卖盘
607,13:58:57,14.22,--,23,32706,买盘
608,13:58:54,14.22,--,21,29862,买盘
609,13:58:51,14.22,--,58,82476,买盘
610,13:58:45,14.22,--,93,132246,买盘
611,13:58:42,14.22,--,26,36972,买盘
612,13:58:39,14.22,--,69,98118,买盘
613,13:58:33,14.22,--,23,32706,买盘
614,13:58:24,14.22,--,20,28440,买盘
615,13:58:15,14.22,0.01,19,27018,买盘
616,13:58:12,14.21,-0.01,33,46893,卖盘
617,13:58:09,14.22,--,35,49770,买盘
618,13:58:06,14.22,--,74,105228,买盘
619,13:58:00,14.22,--,61,86742,买盘
620,13:57:57,14.22,--,5,7110,买盘
621,13:57:48,14.22,--,78,110916,买盘
622,13:57:45,14.22,--,5,7110,买盘
623,13:57:36,14.22,0.01,2,2844,买盘
624,13:57:33,14.21,-0.01,185,262885,卖盘
625,13:57:27,14.22,--,2,2844,买盘
626,13:57:24,14.22,0.01,19,27018,买盘
627,13:57:18,14.21,-0.01,26,37514,卖盘
628,13:56:54,14.22,0.01,21,29862,买盘
629,13:56:39,14.21,--,30,42630,卖盘
630,13:56:24,14.21,--,10,14210,卖盘
631,13:56:15,14.21,-0.01,2,3126,卖盘
632,13:56:12,14.22,0.01,18,25596,买盘
633,13:56:06,14.21,-0.01,14,20462,卖盘
634,13:56:03,14.22,0.01,1,1422,买盘
635,13:56:00,14.21,--,60,85260,卖盘
636,13:55:54,14.21,-0.01,112,159152,卖盘
637,13:55:51,14.22,0.01,10,14220,买盘
638,13:55:48,14.21,--,5,7105,卖盘
639,13:55:36,14.21,-0.01,2,2842,卖盘
640,13:55:30,14.22,--,5,7110,买盘
641,13:55:27,14.22,--,3,4266,买盘
642,13:55:21,14.22,0.01,19,27018,买盘
643,13:55:06,14.21,--,109,154889,卖盘
644,13:55:00,14.21,-0.01,23,32683,卖盘
645,13:54:54,14.22,0.01,20,28440,买盘
646,13:54:51,14.21,--,23,32683,卖盘
647,13:54:42,14.21,-0.01,5,7105,卖盘
648,13:54:36,14.22,--,10,14220,买盘
649,13:54:30,14.22,--,40,56880,买盘
650,13:54:27,14.22,0.01,11,15642,买盘
651,13:54:15,14.21,--,23,32683,卖盘
652,13:54:06,14.21,0.01,233,331093,买盘
653,13:54:03,14.2,-0.01,30,42600,卖盘
654,13:53:57,14.21,--,5,7105,买盘
655,13:53:54,14.21,0.01,5,7105,买盘
656,13:53:51,14.2,-0.01,5,7100,卖盘
657,13:53:48,14.21,--,1,1421,买盘
658,13:53:33,14.21,--,20,28420,买盘
659,13:53:30,14.21,--,5,7105,买盘
660,13:53:15,14.21,-0.01,109,154889,卖盘
661,13:53:12,14.22,--,1,1422,买盘
662,13:53:06,14.22,--,20,28440,买盘
663,13:52:48,14.22,0.01,49,69678,买盘
664,13:52:42,14.21,-0.01,202,287042,卖盘
665,13:52:33,14.22,--,1,1422,买盘
666,13:52:27,14.22,0.01,10,14220,买盘
667,13:52:21,14.21,-0.01,2,2842,卖盘
668,13:52:18,14.22,--,10,14220,买盘
669,13:52:15,14.22,--,21,29862,买盘
670,13:52:06,14.22,--,10,14220,买盘
671,13:52:00,14.22,--,30,42660,买盘
672,13:51:48,14.22,0.01,20,28440,买盘
673,13:51:45,14.21,--,27,38367,买盘
674,13:51:36,14.21,0.01,5,7105,买盘
675,13:51:33,14.2,-0.01,16,22720,卖盘
676,13:51:30,14.21,--,8,11368,买盘
677,13:51:24,14.21,--,4,5684,买盘
678,13:51:18,14.21,0.01,29,41209,买盘
679,13:51:06,14.2,-0.01,43,61060,卖盘
680,13:51:03,14.21,--,19,26999,买盘
681,13:51:00,14.21,--,10,14210,买盘
682,13:50:51,14.21,0.01,2,2842,买盘
683,13:50:48,14.2,0.01,20,28400,中性盘
684,13:50:45,14.19,-0.01,177,251163,卖盘
685,13:50:39,14.2,--,18,26639,买盘
686,13:50:30,14.2,--,6,8520,买盘
687,13:50:27,14.2,--,32,45440,买盘
688,13:50:24,14.2,0.01,209,296780,买盘
689,13:50:21,14.19,-0.01,50,70950,卖盘
690,13:50:18,14.2,--,20,28400,买盘
691,13:50:12,14.2,--,17,24140,买盘
692,13:50:09,14.2,--,78,110760,买盘
693,13:50:06,14.2,--,5,7100,买盘
694,13:50:00,14.2,-0.02,1795,2548900,卖盘
695,13:49:57,14.22,--,36,51192,买盘
696,13:49:51,14.22,--,2,2844,买盘
697,13:49:45,14.22,--,10,14220,买盘
698,13:49:36,14.22,--,36,51192,买盘
699,13:49:33,14.22,--,1,1422,买盘
700,13:49:30,14.22,--,2,2844,买盘
701,13:49:18,14.22,--,3,4266,买盘
702,13:49:15,14.22,--,3,4266,买盘
703,13:49:09,14.22,--,15,21330,买盘
704,13:49:06,14.22,--,5,7110,买盘
705,13:48:51,14.22,--,5,7110,买盘
706,13:48:42,14.22,--,16,22752,买盘
707,13:48:39,14.22,--,71,100962,买盘
708,13:48:33,14.22,--,20,28440,买盘
709,13:48:27,14.22,--,12,17064,中性盘
710,13:48:24,14.22,--,38,54036,买盘
711,13:48:12,14.22,--,160,227520,卖盘
712,13:47:54,14.22,-0.01,100,142200,卖盘
713,13:47:48,14.23,--,169,240487,买盘
714,13:47:42,14.23,0.01,10,14230,买盘
715,13:47:39,14.22,--,20,28440,卖盘
716,13:47:36,14.22,-0.01,20,28440,卖盘
717,13:47:18,14.23,--,15,21345,买盘
718,13:46:57,14.23,-0.01,19,27037,卖盘
719,13:46:54,14.24,0.01,20,28480,买盘
720,13:46:51,14.23,--,20,28460,卖盘
721,13:46:45,14.23,--,21,29883,卖盘
722,13:46:27,14.23,-0.01,2,2846,卖盘
723,13:46:06,14.24,--,20,28480,买盘
724,13:46:03,14.24,--,1,1424,买盘
725,13:45:39,14.24,0.02,48,68352,买盘
726,13:45:30,14.22,--,5,7110,卖盘
727,13:45:21,14.22,--,23,32706,卖盘
728,13:45:12,14.22,0.01,165,234630,买盘
729,13:45:03,14.21,-0.01,25,35525,卖盘
730,13:45:00,14.22,--,36,51192,买盘
731,13:44:54,14.22,--,19,27018,买盘
732,13:44:48,14.22,--,20,28440,买盘
733,13:44:36,14.22,--,20,28440,买盘
734,13:44:27,14.22,--,8,11376,买盘
735,13:44:24,14.22,0.01,10,14220,买盘
736,13:44:21,14.21,--,10,14210,卖盘
737,13:44:06,14.21,-0.01,20,28420,卖盘
738,13:43:57,14.22,0.01,38,54036,买盘
739,13:43:54,14.21,--,8,11368,卖盘
740,13:43:51,14.21,--,57,80997,卖盘
741,13:43:30,14.21,--,1,1421,卖盘
742,13:43:06,14.21,-0.02,62,88102,卖盘
743,13:43:00,14.23,-0.01,1,1423,中性盘
744,13:42:51,14.24,--,66,93984,买盘
745,13:42:48,14.24,--,23,32752,买盘
746,13:42:45,14.24,0.03,69,98256,买盘
747,13:42:33,14.21,0.01,16,22736,买盘
748,13:42:21,14.2,-0.01,30,42600,卖盘
749,13:42:18,14.21,--,89,126469,买盘
750,13:42:12,14.21,-0.02,885,1257585,卖盘
751,13:42:09,14.23,--,64,91072,买盘
752,13:42:06,14.23,--,20,28460,买盘
753,13:42:03,14.23,--,23,32729,买盘
754,13:42:00,14.23,--,30,42690,买盘
755,13:41:54,14.23,0.01,23,32729,买盘
756,13:41:51,14.22,-0.01,1,1422,卖盘
757,13:41:42,14.23,0.01,5,7115,买盘
758,13:41:27,14.22,-0.01,3,4266,卖盘
759,13:41:18,14.23,--,39,55497,买盘
760,13:41:12,14.23,-0.01,10,14230,中性盘
761,13:40:54,14.24,-0.01,5,7120,买盘
762,13:40:51,14.25,0.03,28,39900,买盘
763,13:40:42,14.22,--,8,11376,卖盘
764,13:40:27,14.22,--,9,12798,卖盘
765,13:40:15,14.22,--,3,4266,卖盘
766,13:40:09,14.22,0.01,1,1422,买盘
767,13:40:03,14.21,-0.03,30,42630,卖盘
768,13:40:00,14.24,0.03,19,27056,买盘
769,13:39:54,14.21,-0.01,100,142100,卖盘
770,13:39:42,14.22,-0.02,8,11660,卖盘
771,13:39:33,14.24,0.02,25,35600,买盘
772,13:39:21,14.22,--,10,14220,卖盘
773,13:39:15,14.22,--,50,71100,卖盘
774,13:39:09,14.22,-0.02,39,55458,卖盘
775,13:39:06,14.24,0.02,43,61232,买盘
776,13:38:57,14.22,-0.01,23,32706,卖盘
777,13:38:54,14.23,--,3,4269,买盘
778,13:38:51,14.23,0.01,5,7115,中性盘
779,13:38:45,14.22,-0.03,179,254538,卖盘
780,13:38:39,14.25,--,19,27075,买盘
781,13:38:33,14.25,--,20,28500,买盘
782,13:38:30,14.25,0.03,1,1425,买盘
783,13:38:27,14.22,--,23,32706,卖盘
784,13:38:24,14.22,--,8,11376,卖盘
785,13:38:21,14.22,--,23,32706,卖盘
786,13:38:18,14.22,-0.02,46,65412,卖盘
787,13:38:12,14.24,--,2,3132,卖盘
788,13:38:09,14.24,--,2,3132,卖盘
789,13:38:06,14.24,-0.01,2,3132,卖盘
790,13:37:48,14.25,--,20,28500,买盘
791,13:37:21,14.25,--,20,28500,买盘
792,13:37:03,14.25,0.02,189,269325,买盘
793,13:36:57,14.23,--,21,29883,卖盘
794,13:36:54,14.23,--,3,4269,卖盘
795,13:36:48,14.23,-0.02,41,58343,卖盘
796,13:36:39,14.25,0.02,7,9975,买盘
797,13:36:33,14.23,-0.02,5,7115,卖盘
798,13:36:30,14.25,--,19,27075,买盘
799,13:36:21,14.25,--,29,41325,买盘
800,13:36:03,14.25,0.02,19,27075,买盘
801,13:35:36,14.23,--,20,28460,卖盘
802,13:35:03,14.23,-0.02,5,7115,卖盘
803,13:35:00,14.25,--,9,12825,买盘
804,13:34:48,14.25,--,10,14250,买盘
805,13:34:39,14.25,0.03,20,28500,买盘
806,13:34:33,14.22,-0.03,179,254538,卖盘
807,13:34:27,14.25,--,20,28500,买盘
808,13:34:12,14.25,--,3,4560,买盘
809,13:34:09,14.25,0.03,12,17385,买盘
810,13:34:06,14.22,-0.03,2,3128,卖盘
811,13:34:00,14.25,--,12,17100,买盘
812,13:33:57,14.25,0.03,15,21375,买盘
813,13:33:36,14.22,-0.03,65,92998,卖盘
814,13:33:33,14.25,0.01,10,14250,买盘
815,13:33:30,14.24,-0.01,8,11392,卖盘
816,13:33:21,14.25,--,10,14250,买盘
817,13:33:09,14.25,--,41,58425,买盘
818,13:32:42,14.25,0.01,10,14250,买盘
819,13:32:30,14.24,0.03,3,4556,买盘
820,13:32:21,14.21,-0.03,179,254359,卖盘
821,13:32:18,14.24,-0.01,3,4272,卖盘
822,13:32:12,14.25,0.01,2,2850,买盘
823,13:31:36,14.24,--,3,4272,买盘
824,13:31:33,14.24,0.01,50,71200,买盘
825,13:31:21,14.23,--,10,14230,卖盘
826,13:31:12,14.23,0.01,6,8538,卖盘
827,13:31:06,14.22,-0.01,206,292932,卖盘
828,13:31:03,14.23,-0.02,1,1423,买盘
829,13:31:00,14.25,0.03,23,32775,买盘
830,13:30:57,14.22,-0.01,92,130824,卖盘
831,13:30:54,14.23,--,43,61189,买盘
832,13:30:45,14.23,--,44,62612,买盘
833,13:30:42,14.23,--,33,46959,买盘
834,13:30:36,14.23,--,15,21345,卖盘
835,13:30:33,14.23,--,2,2846,卖盘
836,13:30:30,14.23,--,33,46959,买盘
837,13:30:27,14.23,--,100,142300,买盘
838,13:30:21,14.23,--,3,4269,买盘
839,13:30:18,14.23,--,20,28460,买盘
840,13:30:09,14.23,-0.01,84,119532,卖盘
841,13:30:06,14.24,0.01,19,27056,买盘
842,13:30:03,14.23,-0.01,1,1423,卖盘
843,13:30:00,14.24,--,52,74048,买盘
844,13:29:48,14.24,--,25,35600,买盘
845,13:29:33,14.24,0.01,23,32752,买盘
846,13:29:18,14.23,--,9,12807,卖盘
847,13:29:12,14.23,--,7,9961,卖盘
848,13:29:09,14.23,--,31,44113,卖盘
849,13:29:06,14.23,--,5,7115,卖盘
850,13:28:51,14.23,-0.02,185,263255,卖盘
851,13:28:45,14.25,--,2,2850,买盘
852,13:28:42,14.25,--,20,28500,买盘
853,13:28:39,14.25,--,10,14250,买盘
854,13:28:27,14.25,--,3,4275,买盘
855,13:28:06,14.25,0.01,10,14250,买盘
856,13:28:03,14.24,-0.01,1,1424,卖盘
857,13:28:00,14.25,--,12,17100,买盘
858,13:27:45,14.25,0.01,30,42750,买盘
859,13:27:36,14.24,-0.01,20,28480,卖盘
860,13:27:30,14.25,0.01,5,7125,买盘
861,13:27:27,14.24,-0.01,51,72624,卖盘
862,13:27:21,14.25,0.01,10,14250,中性盘
863,13:26:54,14.24,-0.01,121,172304,卖盘
864,13:26:51,14.25,-0.01,61,86925,卖盘
865,13:26:45,14.26,0.01,13,18538,买盘
866,13:26:36,14.25,-0.01,45,64125,卖盘
867,13:26:24,14.26,--,1,1426,卖盘
868,13:26:15,14.26,0.01,9,12834,买盘
869,13:26:09,14.25,-0.02,200,285000,卖盘
870,13:26:03,14.27,0.01,20,28540,中性盘
871,13:26:00,14.26,-0.02,23,32798,卖盘
872,13:25:54,14.28,0.02,10,14280,买盘
873,13:25:42,14.26,-0.01,187,266662,卖盘
874,13:25:33,14.27,--,40,57080,卖盘
875,13:25:12,14.27,-0.01,13,18551,卖盘
876,13:24:51,14.28,0.01,4,5712,买盘
877,13:24:33,14.27,-0.01,20,28540,卖盘
878,13:24:15,14.28,0.01,3,4284,买盘
879,13:24:06,14.27,-0.01,1,1427,卖盘
880,13:24:00,14.28,0.01,12,17136,买盘
881,13:23:36,14.27,-0.01,8,11416,卖盘
882,13:23:24,14.28,0.01,1,1428,买盘
883,13:22:57,14.27,-0.01,100,142700,卖盘
884,13:22:51,14.28,--,45,64260,买盘
885,13:22:36,14.28,0.01,20,28560,买盘
886,13:22:18,14.27,-0.02,12,17124,卖盘
887,13:22:03,14.29,0.02,40,57160,买盘
888,13:21:54,14.27,--,10,14270,卖盘
889,13:21:30,14.27,--,109,155543,卖盘
890,13:21:18,14.27,--,8,11416,卖盘
891,13:21:06,14.27,--,44,62788,买盘
892,13:20:57,14.27,0.01,5,7135,买盘
893,13:20:54,14.26,-0.01,46,65596,卖盘
894,13:20:36,14.27,0.01,10,14270,买盘
895,13:20:30,14.26,-0.01,26,37076,卖盘
896,13:20:27,14.27,--,10,14270,买盘
897,13:20:24,14.27,--,18,25686,买盘
898,13:20:18,14.27,--,5,7135,买盘
899,13:20:06,14.27,--,13,18551,卖盘
900,13:20:03,14.27,-0.01,11,15697,卖盘
901,13:19:57,14.28,0.01,20,28560,买盘
902,13:19:48,14.27,--,2,2854,卖盘
903,13:19:33,14.27,-0.02,195,278265,卖盘
904,13:19:30,14.29,0.01,19,27151,买盘
905,13:19:24,14.28,--,3,4284,买盘
906,13:19:15,14.28,-0.01,13,18564,卖盘
907,13:19:06,14.29,0.01,19,27151,买盘
908,13:18:42,14.28,--,20,28560,卖盘
909,13:18:39,14.28,--,17,24276,卖盘
910,13:18:36,14.28,--,40,57120,卖盘
911,13:18:33,14.28,-0.01,135,192780,卖盘
912,13:18:27,14.29,0.01,2,2858,买盘
913,13:18:09,14.28,--,23,32844,卖盘
914,13:18:06,14.28,--,23,32844,卖盘
915,13:18:03,14.28,--,91,129948,卖盘
916,13:18:00,14.28,-0.01,23,32844,卖盘
917,13:17:51,14.29,-0.01,10,14290,中性盘
918,13:17:45,14.3,0.02,20,28600,买盘
919,13:17:30,14.28,-0.02,23,32844,卖盘
920,13:17:21,14.3,--,19,27170,买盘
921,13:16:54,14.3,--,13,18590,买盘
922,13:16:36,14.3,0.02,19,27170,买盘
923,13:16:33,14.28,-0.02,113,161364,卖盘
924,13:16:09,14.3,0.01,25,35750,买盘
925,13:16:06,14.29,--,14,20006,卖盘
926,13:15:48,14.29,-0.01,5,7145,卖盘
927,13:15:42,14.3,--,12,17160,买盘
928,13:15:36,14.3,--,1,1430,买盘
929,13:15:15,14.3,--,2,2860,买盘
930,13:15:12,14.3,--,40,57200,买盘
931,13:14:18,14.3,0.01,17,24310,买盘
932,13:14:12,14.29,--,1,1429,卖盘
933,13:13:48,14.29,--,1,1429,卖盘
934,13:13:45,14.29,--,31,44299,卖盘
935,13:13:33,14.29,-0.02,185,264365,卖盘
936,13:13:27,14.31,--,5,7155,买盘
937,13:12:45,14.31,--,5,7155,买盘
938,13:12:42,14.31,--,19,27189,买盘
939,13:12:15,14.31,--,19,27189,买盘
940,13:11:51,14.31,--,20,28620,买盘
941,13:11:24,14.31,0.01,20,28620,买盘
942,13:11:21,14.3,-0.01,1,1430,卖盘
943,13:10:57,14.31,--,19,27189,买盘
944,13:10:33,14.31,0.01,19,27189,买盘
945,13:10:12,14.3,-0.01,1,1430,卖盘
946,13:10:06,14.31,0.01,18,25758,买盘
947,13:10:00,14.3,-0.01,10,14300,卖盘
948,13:09:57,14.31,0.01,7,10017,买盘
949,13:09:42,14.3,-0.01,4,5720,卖盘
950,13:09:36,14.31,--,20,28620,买盘
951,13:09:15,14.31,0.01,4,5724,买盘
952,13:09:00,14.3,-0.01,1,1430,卖盘
953,13:08:54,14.31,--,2,2862,买盘
954,13:08:30,14.31,0.01,19,27189,买盘
955,13:08:03,14.3,--,23,32890,卖盘
956,13:08:00,14.3,-0.01,16,22880,卖盘
957,13:07:57,14.31,0.01,24,34344,卖盘
958,13:07:54,14.3,-0.01,23,32890,卖盘
959,13:07:48,14.31,-0.01,1,1431,卖盘
960,13:07:39,14.32,--,2,2864,买盘
961,13:07:33,14.32,0.02,21,30072,中性盘
962,13:06:48,14.3,-0.01,374,534820,卖盘
963,13:06:39,14.31,--,10,14310,卖盘
964,13:06:36,14.31,--,1,1431,卖盘
965,13:06:03,14.31,-0.01,68,97308,卖盘
966,13:05:39,14.32,-0.01,19,27208,中性盘
967,13:05:24,14.33,--,1,1433,买盘
968,13:05:15,14.33,--,3,4299,买盘
969,13:05:09,14.33,--,19,27227,买盘
970,13:04:30,14.33,0.02,19,27227,买盘
971,13:04:27,14.31,-0.02,6,8586,卖盘
972,13:04:18,14.33,--,52,74516,买盘
973,13:03:57,14.33,0.02,10,14330,买盘
974,13:03:48,14.31,-0.03,96,137376,卖盘
975,13:03:33,14.34,0.03,10,14340,买盘
976,13:02:30,14.31,--,53,75843,卖盘
977,13:02:15,14.31,--,15,21465,卖盘
978,13:01:54,14.31,--,11,15741,卖盘
979,13:01:48,14.31,--,23,32913,卖盘
980,13:01:39,14.31,--,12,17172,卖盘
981,13:01:18,14.31,--,34,48654,卖盘
982,13:01:06,14.31,-0.01,24,34344,卖盘
983,13:01:03,14.32,-0.04,201,288977,卖盘
984,13:00:51,14.36,--,70,100520,买盘
985,13:00:48,14.36,0.01,20,28720,买盘
986,13:00:24,14.35,-0.01,1,1435,卖盘
987,13:00:15,14.36,0.01,4,5744,买盘
988,13:00:06,14.35,--,5,7175,卖盘
989,13:00:03,14.35,--,142,204057,买盘
990,13:00:00,14.35,--,23,33005,买盘
991,11:30:00,14.35,--,23,33005,买盘
992,11:29:54,14.35,0.01,23,33005,买盘
993,11:29:45,14.34,--,20,28680,买盘
994,11:29:42,14.34,--,23,32982,买盘
995,11:29:18,14.34,0.02,20,28680,买盘
996,11:29:03,14.32,0.01,2,3150,买盘
997,11:28:54,14.31,-0.01,5,7155,卖盘
998,11:28:39,14.32,--,1,1432,买盘
999,11:28:12,14.32,-0.01,116,167257,卖盘
1000,11:27:42,14.33,0.01,19,27227,买盘
1001,11:27:27,14.32,--,7,10024,卖盘
1002,11:27:21,14.32,--,185,264920,卖盘
1003,11:27:18,14.32,-0.02,185,264920,卖盘
1004,11:27:12,14.34,--,18,25812,买盘
1005,11:26:42,14.34,--,20,28680,买盘
1006,11:26:36,14.34,0.02,5,7170,买盘
1007,11:26:15,14.32,-0.02,101,144632,卖盘
1008,11:26:12,14.34,0.02,19,27246,买盘
1009,11:26:09,14.32,--,30,42960,卖盘
1010,11:25:48,14.32,--,158,226542,买盘
1011,11:25:24,14.32,--,1,1432,卖盘
1012,11:24:51,14.32,--,1,1432,卖盘
1013,11:24:39,14.32,-0.01,8,11456,卖盘
1014,11:24:15,14.33,--,3,4299,买盘
1015,11:23:54,14.33,--,19,27227,买盘
1016,11:23:51,14.33,--,4,5732,买盘
1017,11:23:39,14.33,--,25,35825,买盘
1018,11:23:21,14.33,0.01,3,4299,买盘
1019,11:23:12,14.32,-0.01,30,42960,卖盘
1020,11:22:51,14.33,--,20,28660,买盘
1021,11:22:39,14.33,0.01,1,1433,买盘
1022,11:22:18,14.32,--,15,21480,买盘
1023,11:22:15,14.32,--,1,1432,买盘
1024,11:22:03,14.32,--,36,51552,买盘
1025,11:22:00,14.32,--,23,32936,买盘
1026,11:21:51,14.32,--,3,4296,买盘
1027,11:21:42,14.32,--,29,41528,买盘
1028,11:21:18,14.32,--,50,71600,买盘
1029,11:21:09,14.32,-0.01,56,80192,买盘
1030,11:21:06,14.33,0.01,8,11464,买盘
1031,11:21:00,14.32,0.01,20,28640,买盘
1032,11:20:48,14.31,-0.01,23,32913,买盘
1033,11:20:45,14.32,--,23,32936,买盘
1034,11:20:27,14.32,--,59,84488,买盘
1035,11:20:18,14.32,0.01,66,94512,买盘
1036,11:20:12,14.31,-0.01,23,32913,中性盘
1037,11:19:48,14.32,0.01,20,28640,买盘
1038,11:19:42,14.31,--,6,8586,卖盘
1039,11:19:33,14.31,-0.01,20,28620,卖盘
1040,11:19:30,14.32,--,4,5728,买盘
1041,11:19:21,14.32,--,19,27208,买盘
1042,11:19:12,14.32,--,4,5728,买盘
1043,11:19:06,14.32,-0.01,9,12888,卖盘
1044,11:18:51,14.33,0.01,24,34392,买盘
1045,11:18:48,14.32,--,10,14320,卖盘
1046,11:18:33,14.32,-0.01,2,2864,卖盘
1047,11:18:24,14.33,--,19,27227,买盘
1048,11:18:15,14.33,0.01,24,34392,买盘
1049,11:18:03,14.32,-0.01,10,14320,卖盘
1050,11:17:45,14.33,--,20,28660,买盘
1051,11:17:12,14.33,0.01,20,28660,买盘
1052,11:17:00,14.32,--,6,8592,买盘
1053,11:16:42,14.32,0.01,18,25776,买盘
1054,11:16:33,14.31,--,6,8586,买盘
1055,11:16:24,14.31,0.01,182,260442,买盘
1056,11:16:21,14.3,--,20,28600,卖盘
1057,11:15:54,14.3,--,1,1430,卖盘
1058,11:15:48,14.3,--,10,14300,卖盘
1059,11:15:36,14.3,--,15,21450,卖盘
1060,11:15:24,14.3,--,52,74360,买盘
1061,11:15:15,14.3,--,10,14300,买盘
1062,11:15:12,14.3,--,20,28600,买盘
1063,11:14:57,14.3,-0.01,1,1430,买盘
1064,11:14:45,14.31,--,20,28620,买盘
1065,11:14:36,14.31,--,5,7155,买盘
1066,11:14:09,14.31,--,19,27189,买盘
1067,11:14:03,14.31,0.02,100,143100,买盘
1068,11:13:57,14.29,--,11,15718,卖盘
1069,11:13:33,14.29,-0.03,10,14290,卖盘
1070,11:13:18,14.32,--,15,21480,买盘
1071,11:13:09,14.32,--,57,81624,买盘
1072,11:13:03,14.32,0.03,19,27208,买盘
1073,11:13:00,14.29,-0.03,10,14290,卖盘
1074,11:12:57,14.32,-0.01,57,81624,中性盘
1075,11:12:45,14.33,0.05,23,32959,买盘
1076,11:12:33,14.28,--,174,248472,卖盘
1077,11:12:27,14.28,--,4,5712,买盘
1078,11:12:21,14.28,--,21,29988,卖盘
1079,11:12:18,14.28,--,10,14280,卖盘
1080,11:12:09,14.28,-0.01,10,14280,卖盘
1081,11:12:00,14.29,0.01,20,28580,买盘
1082,11:11:30,14.28,--,2,2856,卖盘
1083,11:11:27,14.28,0.01,115,164220,买盘
1084,11:11:12,14.27,-0.01,7,9989,卖盘
1085,11:11:09,14.28,0.01,40,57120,买盘
1086,11:11:03,14.27,-0.01,10,14270,卖盘
1087,11:10:57,14.28,--,10,14280,买盘
1088,11:10:48,14.28,--,45,64260,买盘
1089,11:10:39,14.28,--,1,1428,买盘
1090,11:10:33,14.28,--,102,145656,卖盘
1091,11:10:21,14.28,--,10,14280,卖盘
1092,11:10:18,14.28,-0.01,188,268464,卖盘
1093,11:10:09,14.29,-0.01,10,14290,卖盘
1094,11:10:06,14.3,0.01,1,1430,买盘
1095,11:09:30,14.29,--,3,4287,卖盘
1096,11:09:27,14.29,-0.01,100,142900,卖盘
1097,11:09:15,14.3,0.01,4,5720,买盘
1098,11:09:12,14.29,-0.01,2,2858,卖盘
1099,11:09:09,14.3,--,50,71500,买盘
1100,11:08:48,14.3,--,4,5720,买盘
1101,11:08:42,14.3,--,179,255970,卖盘
1102,11:08:36,14.3,-0.01,6,8580,卖盘
1103,11:08:33,14.31,--,303,433593,卖盘
1104,11:08:12,14.31,-0.02,140,200340,卖盘
1105,11:08:09,14.33,0.01,3,4299,买盘
1106,11:08:06,14.32,--,50,71600,卖盘
1107,11:07:51,14.32,-0.01,23,32936,卖盘
1108,11:07:36,14.33,--,10,14330,买盘
1109,11:07:33,14.33,--,10,14330,买盘
1110,11:07:24,14.33,0.01,10,14330,买盘
1111,11:07:21,14.32,--,4,5728,卖盘
1112,11:07:15,14.32,--,5,7160,卖盘
1113,11:06:54,14.32,--,10,14320,卖盘
1114,11:06:51,14.32,--,2,2864,卖盘
1115,11:06:45,14.32,-0.01,7,10024,卖盘
1116,11:06:39,14.33,0.01,3,4299,买盘
1117,11:06:36,14.32,-0.02,50,71600,卖盘
1118,11:06:09,14.34,--,15,21510,买盘
1119,11:05:27,14.34,0.03,13,18642,买盘
1120,11:05:15,14.31,-0.04,5,7155,卖盘
1121,11:05:06,14.35,0.04,13,18655,买盘
1122,11:05:00,14.31,-0.03,188,269028,卖盘
1123,11:04:48,14.34,-0.01,5,7170,卖盘
1124,11:04:36,14.35,--,5,7175,买盘
1125,11:04:30,14.35,--,12,17220,买盘
1126,11:04:27,14.35,--,4,5740,买盘
1127,11:04:09,14.35,0.01,10,14350,买盘
1128,11:03:51,14.34,--,5,7170,卖盘
1129,11:03:30,14.34,--,10,14340,卖盘
1130,11:03:21,14.34,--,2,2868,卖盘
1131,11:03:18,14.34,--,9,12906,卖盘
1132,11:03:15,14.34,--,1,1434,卖盘
1133,11:02:39,14.34,-0.01,2,2868,卖盘
1134,11:02:36,14.35,0.01,11,15785,买盘
1135,11:02:15,14.34,--,64,91776,卖盘
1136,11:01:57,14.34,-0.01,7,10038,卖盘
1137,11:01:30,14.35,0.01,10,14350,买盘
1138,11:01:27,14.34,--,9,12906,卖盘
1139,11:01:09,14.34,--,100,143400,卖盘
1140,11:01:06,14.34,-0.01,5,7170,卖盘
1141,11:00:57,14.35,--,11,15785,买盘
1142,11:00:51,14.35,--,4,5740,买盘
1143,11:00:45,14.35,0.01,12,17220,买盘
1144,11:00:39,14.34,--,51,73134,买盘
1145,11:00:33,14.34,--,39,55926,买盘
1146,11:00:30,14.34,--,29,41586,买盘
1147,11:00:27,14.34,--,46,65964,买盘
1148,11:00:18,14.34,-0.01,10,14340,中性盘
1149,11:00:15,14.35,--,3,4305,买盘
1150,11:00:12,14.35,0.01,46,66010,买盘
1151,11:00:06,14.34,-0.01,6,8604,中性盘
1152,11:00:03,14.35,--,8,11480,买盘
1153,11:00:00,14.35,0.03,2,2870,买盘
1154,10:59:57,14.32,-0.03,185,264920,卖盘
1155,10:59:51,14.35,0.01,10,14350,买盘
1156,10:59:48,14.34,-0.01,26,37284,卖盘
1157,10:59:21,14.35,0.01,2,2870,买盘
1158,10:59:15,14.34,--,10,14340,卖盘
1159,10:59:09,14.34,--,4,5736,卖盘
1160,10:58:57,14.34,-0.01,220,315480,卖盘
1161,10:58:54,14.35,-0.02,23,33005,卖盘
1162,10:58:45,14.37,--,18,25866,买盘
1163,10:58:33,14.37,0.01,16,22992,买盘
1164,10:58:21,14.36,0.01,1,1436,买盘
1165,10:58:12,14.35,-0.02,5,7175,卖盘
1166,10:57:18,14.37,0.01,55,79308,买盘
1167,10:57:09,14.36,--,15,21540,卖盘
1168,10:57:06,14.36,--,5,7180,卖盘
1169,10:56:51,14.36,--,12,17232,卖盘
1170,10:56:48,14.36,--,6,9779,买盘
1171,10:56:33,14.36,--,20,28720,买盘
1172,10:56:30,14.36,--,5,7180,买盘
1173,10:56:24,14.36,0.01,4,5744,买盘
1174,10:56:21,14.35,-0.01,9,12915,卖盘
1175,10:56:18,14.36,-0.01,160,229760,中性盘
1176,10:55:48,14.37,0.03,22,31614,买盘
1177,10:55:45,14.34,-0.02,189,271026,卖盘
1178,10:55:39,14.36,-0.01,20,28720,卖盘
1179,10:55:36,14.37,0.02,35,50295,中性盘
1180,10:54:54,14.35,--,8,11480,卖盘
1181,10:54:51,14.35,--,3,4305,卖盘
1182,10:54:36,14.35,--,25,35875,卖盘
1183,10:54:33,14.35,--,13,18655,卖盘
1184,10:54:27,14.35,-0.04,1,1435,中性盘
1185,10:54:12,14.39,--,242,349518,卖盘
1186,10:54:09,14.39,--,139,200021,卖盘
1187,10:54:06,14.39,--,493,709585,卖盘
1188,10:54:03,14.39,--,210,302190,卖盘
1189,10:53:57,14.39,--,120,172680,卖盘
1190,10:53:54,14.39,--,21,30219,卖盘
1191,10:53:51,14.39,--,30,43170,卖盘
1192,10:53:48,14.39,--,10,14390,卖盘
1193,10:53:45,14.39,--,13,18707,卖盘
1194,10:53:42,14.39,--,70,100730,卖盘
1195,10:53:39,14.39,--,2,2878,卖盘
1196,10:53:33,14.39,-0.01,10,14390,卖盘
1197,10:53:27,14.4,0.01,62,89280,买盘
1198,10:53:24,14.39,--,3,4317,卖盘
1199,10:53:18,14.39,--,54,77706,卖盘
1200,10:53:12,14.39,--,19,27341,卖盘
1201,10:52:57,14.39,--,23,33097,卖盘
1202,10:52:54,14.39,--,39,56121,卖盘
1203,10:52:48,14.39,0.02,539,775621,买盘
1204,10:52:24,14.37,0.06,10,14370,中性盘
1205,10:51:42,14.31,--,168,240408,买盘
1206,10:51:33,14.31,-0.08,31,44361,中性盘
1207,10:51:30,14.39,0.08,1000,1439000,买盘
1208,10:51:24,14.31,0.01,70,100170,买盘
1209,10:51:21,14.3,-0.01,20,28600,卖盘
1210,10:51:09,14.31,--,25,35775,买盘
1211,10:50:54,14.31,0.01,41,58671,买盘
1212,10:50:30,14.3,-0.01,10,14300,卖盘
1213,10:50:18,14.31,--,3,4293,买盘
1214,10:50:09,14.31,--,22,31482,买盘
1215,10:49:51,14.31,--,1,1431,买盘
1216,10:49:48,14.31,--,11,15741,买盘
1217,10:49:45,14.31,--,4,5724,买盘
1218,10:49:42,14.31,--,22,31482,买盘
1219,10:49:33,14.31,0.01,2,2862,买盘
1220,10:49:24,14.3,-0.01,188,268840,卖盘
1221,10:49:18,14.31,-0.01,89,127359,卖盘
1222,10:49:15,14.32,0.01,22,31504,买盘
1223,10:49:09,14.31,--,10,14310,卖盘
1224,10:49:00,14.31,--,15,21465,卖盘
1225,10:48:45,14.31,--,1,1431,卖盘
1226,10:48:33,14.31,--,112,160272,卖盘
1227,10:48:30,14.31,--,23,32913,卖盘
1228,10:48:27,14.31,--,13,18603,卖盘
1229,10:48:09,14.31,-0.01,1,1431,卖盘
1230,10:48:06,14.32,--,19,27208,买盘
1231,10:48:00,14.32,0.01,20,28640,买盘
1232,10:47:51,14.31,-0.01,2,2862,卖盘
1233,10:47:48,14.32,0.01,5,7160,买盘
1234,10:47:45,14.31,-0.01,4,5724,卖盘
1235,10:47:42,14.32,--,28,40096,买盘
1236,10:47:30,14.32,--,22,31504,买盘
1237,10:46:57,14.32,0.01,2,2864,买盘
1238,10:46:51,14.31,-0.01,10,14310,卖盘
1239,10:46:18,14.32,--,15,21480,买盘
1240,10:46:09,14.32,--,4,5728,买盘
1241,10:45:36,14.32,0.01,82,117424,买盘
1242,10:45:27,14.31,--,50,71550,卖盘
1243,10:45:12,14.31,--,1,1431,卖盘
1244,10:45:00,14.31,-0.01,40,57240,卖盘
1245,10:44:57,14.32,0.01,11,15752,中性盘
1246,10:44:06,14.31,-0.01,23,32913,卖盘
1247,10:44:03,14.32,--,50,71600,卖盘
1248,10:44:00,14.32,--,26,37232,卖盘
1249,10:43:45,14.32,-0.01,46,65872,卖盘
1250,10:43:42,14.33,0.01,3,4299,买盘
1251,10:43:00,14.32,--,50,71600,卖盘
1252,10:42:54,14.32,--,23,32936,卖盘
1253,10:42:48,14.32,--,23,32936,卖盘
1254,10:42:18,14.32,-0.01,183,262056,卖盘
1255,10:42:09,14.33,--,23,32959,卖盘
1256,10:42:06,14.33,-0.01,23,32959,卖盘
1257,10:42:00,14.34,--,14,20076,卖盘
1258,10:41:54,14.34,--,141,202194,卖盘
1259,10:41:27,14.34,--,56,80304,买盘
1260,10:41:21,14.34,--,130,186420,买盘
1261,10:41:06,14.34,--,4,5736,买盘
1262,10:40:57,14.34,0.01,41,58794,买盘
1263,10:40:51,14.33,-0.01,36,52447,卖盘
1264,10:40:48,14.34,--,24,34416,买盘
1265,10:40:45,14.34,--,23,32982,买盘
1266,10:40:42,14.34,--,5,7170,买盘
1267,10:40:30,14.34,--,50,71700,买盘
1268,10:40:18,14.34,--,8,11472,买盘
1269,10:40:12,14.34,--,23,32982,买盘
1270,10:40:09,14.34,--,79,113286,买盘
1271,10:40:03,14.34,--,11,15774,买盘
1272,10:39:30,14.34,--,19,27246,买盘
1273,10:39:06,14.34,--,3,4302,买盘
1274,10:39:00,14.34,--,1,1434,买盘
1275,10:38:36,14.34,--,20,28680,买盘
1276,10:38:30,14.34,--,1,1434,买盘
1277,10:38:21,14.34,--,40,57360,买盘
1278,10:38:00,14.34,0.01,4,5736,买盘
1279,10:37:54,14.33,-0.01,50,71650,卖盘
1280,10:37:51,14.34,--,22,31548,买盘
1281,10:37:45,14.34,0.01,14,20076,买盘
1282,10:37:33,14.33,--,1,1433,卖盘
1283,10:37:27,14.33,--,2,2866,卖盘
1284,10:37:24,14.33,--,4,5732,卖盘
1285,10:37:18,14.33,0.01,23,32959,中性盘
1286,10:37:03,14.32,0.01,3,4296,买盘
1287,10:36:54,14.31,-0.01,10,14310,卖盘
1288,10:36:51,14.32,--,10,14320,买盘
1289,10:36:48,14.32,--,102,146064,卖盘
1290,10:36:42,14.32,--,61,87352,买盘
1291,10:36:39,14.32,-0.01,8,11456,买盘
1292,10:36:36,14.33,0.01,35,50155,买盘
1293,10:36:33,14.32,-0.01,52,74464,卖盘
1294,10:35:57,14.33,0.01,30,42990,买盘
1295,10:35:51,14.32,-0.01,100,143200,卖盘
1296,10:35:48,14.33,--,22,31526,买盘
1297,10:35:42,14.33,--,21,30093,买盘
1298,10:35:33,14.33,--,1,1433,买盘
1299,10:35:27,14.33,-0.02,5,7165,卖盘
1300,10:35:18,14.35,--,1,1435,买盘
1301,10:35:15,14.35,--,3,4305,买盘
1302,10:35:12,14.35,-0.01,1,1435,中性盘
1303,10:35:03,14.36,--,5,7180,买盘
1304,10:34:51,14.36,--,56,80416,买盘
1305,10:34:42,14.36,--,11,15796,买盘
1306,10:34:24,14.36,--,23,33028,买盘
1307,10:34:21,14.36,--,46,66056,买盘
1308,10:34:18,14.36,0.01,23,33028,买盘
1309,10:34:15,14.35,0.03,134,192290,买盘
1310,10:34:12,14.32,--,54,77328,买盘
1311,10:34:09,14.32,--,28,40096,买盘
1312,10:34:06,14.32,--,45,64440,买盘
1313,10:34:03,14.32,--,67,95944,买盘
1314,10:34:00,14.32,--,23,32936,买盘
1315,10:33:57,14.32,--,58,83056,买盘
1316,10:33:54,14.32,--,23,32936,买盘
1317,10:33:30,14.32,0.01,37,52984,买盘
1318,10:33:21,14.31,-0.01,1,1431,卖盘
1319,10:33:18,14.32,--,20,28640,买盘
1320,10:33:15,14.32,0.01,78,111696,买盘
1321,10:33:09,14.31,--,3,4293,卖盘
1322,10:33:06,14.31,--,30,42930,卖盘
1323,10:32:48,14.31,-0.01,17,24327,卖盘
1324,10:32:33,14.32,--,66,94512,买盘
1325,10:32:09,14.32,--,4,5728,卖盘
1326,10:31:57,14.32,--,30,42960,卖盘
1327,10:31:54,14.32,--,20,28640,卖盘
1328,10:31:45,14.32,--,166,237712,买盘
1329,10:31:24,14.32,--,20,28640,买盘
1330,10:31:09,14.32,0.02,2,2864,中性盘
1331,10:31:03,14.3,-0.02,183,261690,卖盘
1332,10:31:00,14.32,0.01,24,34368,买盘
1333,10:30:24,14.31,-0.01,15,21465,卖盘
1334,10:29:51,14.32,--,4,5728,买盘
1335,10:29:27,14.32,--,1,1432,买盘
1336,10:29:12,14.32,--,5,7160,买盘
1337,10:28:57,14.32,0.02,1,1432,买盘
1338,10:28:42,14.3,--,23,32890,卖盘
1339,10:28:39,14.3,--,23,32890,卖盘
1340,10:28:30,14.3,--,46,65780,卖盘
1341,10:28:27,14.3,--,89,127270,卖盘
1342,10:28:03,14.3,--,395,564850,买盘
1343,10:28:00,14.3,-0.09,105,150150,卖盘
1344,10:27:57,14.39,--,49,71374,卖盘
1345,10:27:54,14.39,--,51,73389,卖盘
1346,10:27:51,14.39,--,360,518040,卖盘
1347,10:27:48,14.39,--,205,294995,卖盘
1348,10:27:45,14.39,--,223,320897,卖盘
1349,10:27:42,14.39,0.09,1111,1599304,买盘
1350,10:27:39,14.3,--,112,160160,买盘
1351,10:27:36,14.3,--,20,28600,买盘
1352,10:27:33,14.3,--,22,31460,买盘
1353,10:27:30,14.3,--,123,175890,买盘
1354,10:27:21,14.3,--,227,324610,卖盘
1355,10:27:15,14.3,--,200,286000,卖盘
1356,10:27:09,14.3,-0.02,604,863720,卖盘
1357,10:26:51,14.32,-0.03,23,32936,卖盘
1358,10:26:39,14.35,--,119,170765,卖盘
1359,10:26:30,14.35,-0.01,14,20090,卖盘
1360,10:26:27,14.36,--,25,35900,买盘
1361,10:26:21,14.36,--,10,14360,买盘
1362,10:26:18,14.36,--,1,1436,买盘
1363,10:26:15,14.36,--,5,7180,买盘
1364,10:26:12,14.36,--,57,81852,卖盘
1365,10:26:09,14.36,-0.01,200,287200,卖盘
1366,10:26:06,14.37,--,20,28740,卖盘
1367,10:25:51,14.37,-0.01,50,71850,中性盘
1368,10:25:42,14.38,0.02,23,33074,买盘
1369,10:25:36,14.36,-0.02,5,7180,卖盘
1370,10:25:27,14.38,0.02,41,58958,买盘
1371,10:24:57,14.36,--,3,4308,卖盘
1372,10:24:48,14.36,--,49,70364,买盘
1373,10:24:12,14.36,0.01,8,11488,买盘
1374,10:24:00,14.35,-0.04,185,265475,中性盘
1375,10:23:45,14.39,--,2,2878,买盘
1376,10:23:39,14.39,--,48,69072,买盘
1377,10:23:36,14.39,--,20,28780,买盘
1378,10:23:33,14.39,0.01,304,437456,买盘
1379,10:23:30,14.38,--,1,1438,卖盘
1380,10:23:21,14.38,--,213,306294,卖盘
1381,10:23:06,14.38,0.06,681,980140,买盘
1382,10:23:00,14.32,--,9,12888,卖盘
1383,10:22:42,14.32,-0.01,60,85920,卖盘
1384,10:22:33,14.33,0.01,3,4299,买盘
1385,10:22:30,14.32,-0.01,5,7160,卖盘
1386,10:22:27,14.33,--,1,1433,买盘
1387,10:22:18,14.33,0.01,143,204919,买盘
1388,10:22:15,14.32,-0.01,20,28640,卖盘
1389,10:22:00,14.33,-0.01,10,14330,卖盘
1390,10:21:57,14.34,0.02,3,4302,买盘
1391,10:21:36,14.32,-0.01,23,32936,卖盘
1392,10:21:33,14.33,-0.01,1,1433,卖盘
1393,10:21:18,14.34,0.02,1,1434,买盘
1394,10:21:12,14.32,--,40,57280,卖盘
1395,10:21:03,14.32,-0.01,25,35800,卖盘
1396,10:20:36,14.33,-0.04,10,14330,卖盘
1397,10:20:33,14.37,--,1,1437,买盘
1398,10:20:30,14.37,0.01,10,14370,中性盘
1399,10:20:09,14.36,-0.02,1,1436,卖盘
1400,10:20:03,14.38,0.02,400,575200,买盘
1401,10:20:00,14.36,--,125,179500,卖盘
1402,10:19:57,14.36,--,52,74672,卖盘
1403,10:19:48,14.36,--,23,33028,卖盘
1404,10:19:39,14.36,0.05,725,1041100,买盘
1405,10:19:36,14.31,--,2,2862,卖盘
1406,10:19:18,14.31,--,1,1431,买盘
1407,10:19:12,14.31,--,20,28620,买盘
1408,10:19:09,14.31,0.01,20,28620,买盘
1409,10:19:06,14.3,--,49,70070,卖盘
1410,10:19:03,14.3,--,15,21450,卖盘
1411,10:19:00,14.3,--,23,32890,卖盘
1412,10:18:51,14.3,-0.04,23,32890,卖盘
1413,10:18:48,14.34,-0.01,38,54492,卖盘
1414,10:18:45,14.35,0.01,10,14350,买盘
1415,10:18:42,14.34,--,50,71700,卖盘
1416,10:18:39,14.34,--,23,32982,卖盘
1417,10:18:36,14.34,--,60,86040,卖盘
1418,10:18:21,14.34,0.04,355,509070,买盘
1419,10:18:18,14.3,--,46,65780,卖盘
1420,10:18:12,14.3,--,23,32890,卖盘
1421,10:18:09,14.3,--,46,65780,卖盘
1422,10:18:06,14.3,0.01,48,68640,中性盘
1423,10:18:03,14.29,--,23,32867,卖盘
1424,10:18:00,14.29,-0.03,23,32867,卖盘
1425,10:17:48,14.32,0.03,14,20048,中性盘
1426,10:17:21,14.29,-0.05,183,261506,卖盘
1427,10:17:15,14.34,0.02,5,7170,买盘
1428,10:17:12,14.32,-0.01,23,32936,卖盘
1429,10:17:09,14.33,-0.01,3,4299,中性盘
1430,10:17:00,14.34,0.03,24,34416,买盘
1431,10:16:48,14.31,-0.03,10,14310,中性盘
1432,10:16:39,14.34,--,5,7170,买盘
1433,10:16:36,14.34,0.05,10,14340,中性盘
1434,10:16:18,14.29,-0.05,14,20006,中性盘
1435,10:16:15,14.34,-0.01,8,11472,中性盘
1436,10:16:06,14.35,0.01,57,81795,买盘
1437,10:16:03,14.34,--,43,62235,买盘
1438,10:16:00,14.34,-0.01,81,116154,中性盘
1439,10:15:57,14.35,0.01,59,84665,买盘
1440,10:15:54,14.34,--,57,81738,买盘
1441,10:15:51,14.34,0.01,43,61662,买盘
1442,10:15:48,14.33,0.01,52,74516,买盘
1443,10:15:45,14.32,--,6,8592,买盘
1444,10:15:42,14.32,0.01,48,68736,买盘
1445,10:15:39,14.31,0.01,92,131652,买盘
1446,10:15:36,14.3,0.02,81,115830,买盘
1447,10:15:33,14.28,0.01,101,144228,买盘
1448,10:15:30,14.27,--,27,38529,买盘
1449,10:15:27,14.27,--,58,82766,买盘
1450,10:15:24,14.27,--,23,32821,买盘
1451,10:15:21,14.27,--,24,34248,买盘
1452,10:15:15,14.27,--,10,14270,买盘
1453,10:15:12,14.27,--,51,72777,买盘
1454,10:15:06,14.27,0.01,1,1427,买盘
1455,10:15:03,14.26,--,3,4278,卖盘
1456,10:14:51,14.26,--,1,1426,卖盘
1457,10:14:48,14.26,-0.01,5,7130,卖盘
1458,10:14:36,14.27,0.01,21,29967,买盘
1459,10:14:27,14.26,--,3,4278,卖盘
1460,10:14:03,14.26,-0.01,1,1426,卖盘
1461,10:13:57,14.27,0.01,65,92755,买盘
1462,10:13:54,14.26,-0.01,361,514786,卖盘
1463,10:13:42,14.27,--,50,71350,买盘
1464,10:13:36,14.27,--,4,5708,买盘
1465,10:13:27,14.27,--,5,7135,买盘
1466,10:13:21,14.27,--,10,14270,买盘
1467,10:12:57,14.27,--,10,14270,买盘
1468,10:12:27,14.27,--,3,4281,买盘
1469,10:12:24,14.27,--,20,28540,买盘
1470,10:12:18,14.27,0.01,69,98463,买盘
1471,10:12:12,14.26,0.01,15,21390,中性盘
1472,10:11:33,14.25,-0.02,200,285000,卖盘
1473,10:11:24,14.27,--,81,115587,买盘
1474,10:11:03,14.27,-0.01,56,79912,卖盘
1475,10:11:00,14.28,0.01,76,108813,买盘
1476,10:10:57,14.27,--,17,24259,买盘
1477,10:10:54,14.27,--,23,32821,买盘
1478,10:10:51,14.27,--,33,47091,买盘
1479,10:10:33,14.27,--,23,32821,买盘
1480,10:10:30,14.27,--,4,5708,买盘
1481,10:10:27,14.27,--,5,7135,买盘
1482,10:10:24,14.27,--,15,21405,买盘
1483,10:10:18,14.27,0.01,11,15697,买盘
1484,10:10:09,14.26,--,20,28520,卖盘
1485,10:10:03,14.26,--,10,14260,卖盘
1486,10:09:57,14.26,--,10,14260,卖盘
1487,10:09:54,14.26,--,3,4278,买盘
1488,10:09:51,14.26,--,3,4278,买盘
1489,10:09:48,14.26,--,6,8556,卖盘
1490,10:09:45,14.26,-0.01,5,7130,卖盘
1491,10:09:42,14.27,0.01,7,9989,买盘
1492,10:09:27,14.26,-0.01,1,1426,卖盘
1493,10:09:24,14.27,0.01,22,31394,买盘
1494,10:09:21,14.26,--,10,14260,卖盘
1495,10:09:09,14.26,--,191,272366,卖盘
1496,10:08:57,14.26,--,2,2852,卖盘
1497,10:08:51,14.26,--,10,14260,卖盘
1498,10:08:48,14.26,--,6,8556,卖盘
1499,10:08:30,14.26,-0.01,15,21390,卖盘
1500,10:08:15,14.27,0.01,7,9989,买盘
1501,10:08:06,14.26,--,2,2852,卖盘
1502,10:08:03,14.26,--,10,14260,卖盘
1503,10:07:51,14.26,--,16,22816,卖盘
1504,10:07:48,14.26,--,71,101246,卖盘
1505,10:07:36,14.26,-0.01,23,32798,卖盘
1506,10:07:27,14.27,--,10,14270,买盘
1507,10:07:24,14.27,0.01,3,4281,买盘
1508,10:07:21,14.26,-0.02,52,74152,卖盘
1509,10:07:18,14.28,0.01,99,141372,买盘
1510,10:07:15,14.27,-0.01,23,32821,卖盘
1511,10:07:09,14.28,0.01,3,4284,买盘
1512,10:07:06,14.27,--,23,32821,卖盘
1513,10:07:00,14.27,-0.01,5,7135,卖盘
1514,10:06:51,14.28,--,9,12852,买盘
1515,10:06:42,14.28,--,30,42840,买盘
1516,10:06:39,14.28,--,5,7140,买盘
1517,10:06:21,14.28,--,41,58548,买盘
1518,10:06:09,14.28,--,7,9996,买盘
1519,10:06:06,14.28,--,1,1428,买盘
1520,10:06:00,14.28,--,2,2856,买盘
1521,10:05:57,14.28,--,32,45696,买盘
1522,10:05:24,14.28,--,8,11424,买盘
1523,10:05:18,14.28,--,14,19992,买盘
1524,10:05:15,14.28,--,20,28560,买盘
1525,10:05:12,14.28,0.01,74,105672,买盘
1526,10:05:03,14.27,--,165,235455,卖盘
1527,10:05:00,14.27,--,16,22832,卖盘
1528,10:04:54,14.27,--,5,7135,卖盘
1529,10:04:48,14.27,--,27,38529,卖盘
1530,10:04:45,14.27,--,2,2854,卖盘
1531,10:04:30,14.27,--,50,71350,卖盘
1532,10:04:21,14.27,-0.01,1,1427,卖盘
1533,10:04:15,14.28,--,17,24276,买盘
1534,10:04:12,14.28,0.01,5,7140,买盘
1535,10:04:09,14.27,-0.01,6,8562,卖盘
1536,10:03:51,14.28,--,19,27132,卖盘
1537,10:03:42,14.28,--,1,1428,卖盘
1538,10:03:39,14.28,-0.02,10,14280,卖盘
1539,10:03:18,14.3,--,1,1430,买盘
1540,10:03:12,14.3,0.01,6,8580,买盘
1541,10:03:06,14.29,-0.01,23,32867,卖盘
1542,10:03:03,14.3,--,20,28600,买盘
1543,10:03:00,14.3,--,4,5720,买盘
1544,10:02:54,14.3,--,1,1430,买盘
1545,10:02:48,14.3,--,50,71500,买盘
1546,10:02:42,14.3,--,21,30030,买盘
1547,10:02:39,14.3,--,10,14300,买盘
1548,10:02:30,14.3,-0.01,4,5720,中性盘
1549,10:02:24,14.31,--,16,23754,卖盘
1550,10:02:21,14.31,0.01,3,4293,卖盘
1551,10:02:12,14.3,0.01,13,19162,买盘
1552,10:02:09,14.29,--,62,88598,卖盘
1553,10:02:06,14.29,--,23,32867,卖盘
1554,10:02:00,14.29,-0.01,39,55731,卖盘
1555,10:01:57,14.3,--,9,13728,卖盘
1556,10:01:54,14.3,--,50,71500,卖盘
1557,10:01:48,14.3,--,32,45760,卖盘
1558,10:01:45,14.3,--,24,34320,卖盘
1559,10:01:42,14.3,--,81,115830,卖盘
1560,10:01:39,14.3,-0.02,32,45760,卖盘
1561,10:01:36,14.32,--,23,32936,卖盘
1562,10:01:33,14.32,--,23,32936,卖盘
1563,10:01:27,14.32,-0.01,23,32936,卖盘
1564,10:01:24,14.33,--,53,75949,买盘
1565,10:01:18,14.33,--,34,48722,买盘
1566,10:01:09,14.33,--,19,27227,买盘
1567,10:01:03,14.33,0.01,10,14330,买盘
1568,10:00:57,14.32,-0.01,3,4296,卖盘
1569,10:00:54,14.33,--,37,53021,买盘
1570,10:00:48,14.33,0.01,5,7165,买盘
1571,10:00:39,14.32,0.02,15,21480,中性盘
1572,10:00:27,14.3,-0.03,500,715000,卖盘
1573,10:00:21,14.33,0.03,23,32959,买盘
1574,10:00:18,14.3,-0.02,9,12870,卖盘
1575,10:00:15,14.32,--,138,197616,买盘
1576,10:00:12,14.32,0.01,66,94512,买盘
1577,10:00:09,14.31,0.01,205,293927,买盘
1578,10:00:06,14.3,--,34,48620,买盘
1579,10:00:03,14.3,--,46,65780,买盘
1580,09:59:54,14.3,--,37,52910,买盘
1581,09:59:48,14.3,0.01,22,31460,买盘
1582,09:59:45,14.29,--,3,4287,卖盘
1583,09:59:42,14.29,-0.01,1,1429,卖盘
1584,09:59:39,14.3,--,20,28600,买盘
1585,09:59:36,14.3,0.01,20,28600,买盘
1586,09:59:30,14.29,-0.01,4,6001,卖盘
1587,09:59:27,14.3,0.01,40,57200,买盘
1588,09:59:21,14.29,-0.01,2,2858,卖盘
1589,09:59:18,14.3,--,4,5720,买盘
1590,09:59:15,14.3,0.02,23,32890,买盘
1591,09:59:00,14.28,--,3,4284,卖盘
1592,09:58:57,14.28,-0.02,4,5712,卖盘
1593,09:58:45,14.3,--,3,4290,买盘
1594,09:58:33,14.3,--,10,14300,买盘
1595,09:58:30,14.3,0.03,10,14300,买盘
1596,09:58:24,14.27,-0.03,1,1427,卖盘
1597,09:58:21,14.3,--,19,28028,卖盘
1598,09:58:18,14.3,-0.01,20,28600,卖盘
1599,09:58:12,14.31,0.01,8,11448,买盘
1600,09:58:06,14.3,--,40,57200,卖盘
1601,09:58:03,14.3,-0.01,14,20020,卖盘
1602,09:57:48,14.31,0.01,5,7155,买盘
1603,09:57:45,14.3,--,1000,1430000,卖盘
1604,09:57:42,14.3,--,20,28600,卖盘
1605,09:57:30,14.3,0.03,287,410982,买盘
1606,09:57:27,14.27,-0.01,5,7135,买盘
1607,09:57:18,14.28,--,142,203547,买盘
1608,09:57:15,14.28,0.01,291,415548,买盘
1609,09:57:09,14.27,--,9,12843,卖盘
1610,09:57:03,14.27,--,3,4281,卖盘
1611,09:56:57,14.27,--,25,35675,卖盘
1612,09:56:54,14.27,--,68,97036,卖盘
1613,09:56:51,14.27,-0.01,59,84193,卖盘
1614,09:56:48,14.28,--,46,65688,卖盘
1615,09:56:36,14.28,-0.01,23,32844,卖盘
1616,09:56:33,14.29,--,2,2858,买盘
1617,09:56:21,14.29,0.01,20,28580,买盘
1618,09:56:15,14.28,0.03,10,14280,中性盘
1619,09:56:09,14.25,-0.03,44,62700,卖盘
1620,09:56:06,14.28,0.03,28,39984,买盘
1621,09:56:03,14.25,--,5,7125,买盘
1622,09:55:57,14.25,-0.05,18,25650,卖盘
1623,09:55:51,14.3,--,20,28600,买盘
1624,09:55:48,14.3,--,9,12870,买盘
1625,09:55:21,14.3,--,17,24310,买盘
1626,09:55:18,14.3,-0.01,38,54340,卖盘
1627,09:55:15,14.31,--,262,374922,买盘
1628,09:55:09,14.31,0.01,29,41499,买盘
1629,09:55:06,14.3,--,10,14300,卖盘
1630,09:55:03,14.3,--,79,112970,卖盘
1631,09:55:00,14.3,--,23,32890,卖盘
1632,09:54:57,14.3,--,25,35750,卖盘
1633,09:54:54,14.3,--,10,14300,卖盘
1634,09:54:51,14.3,--,4,5720,买盘
1635,09:54:48,14.3,--,44,63463,卖盘
1636,09:54:45,14.3,--,20,28600,买盘
1637,09:54:42,14.3,0.01,47,67210,买盘
1638,09:54:39,14.29,-0.01,5,7145,中性盘
1639,09:54:33,14.3,-0.01,7,10010,中性盘
1640,09:54:18,14.31,--,5,7155,买盘
1641,09:54:12,14.31,-0.01,27,38637,中性盘
1642,09:54:09,14.32,--,102,146064,买盘
1643,09:54:06,14.32,--,23,32936,买盘
1644,09:54:03,14.32,--,114,163248,买盘
1645,09:54:00,14.32,--,53,75896,买盘
1646,09:53:57,14.32,0.04,15,21480,买盘
1647,09:53:48,14.28,-0.02,136,194907,买盘
1648,09:53:45,14.3,0.03,126,180180,买盘
1649,09:53:42,14.27,0.03,46,65642,买盘
1650,09:53:39,14.24,0.02,256,364828,买盘
1651,09:53:36,14.22,0.01,18,25596,买盘
1652,09:53:33,14.21,--,182,259844,买盘
1653,09:53:30,14.21,0.01,52,73892,买盘
1654,09:53:27,14.2,--,208,295360,买盘
1655,09:53:21,14.2,0.01,23,32660,买盘
1656,09:53:15,14.19,-0.01,30,42570,中性盘
1657,09:53:06,14.2,0.03,1,1420,买盘
1658,09:52:48,14.17,-0.03,17,24840,卖盘
1659,09:52:36,14.2,0.02,50,71000,买盘
1660,09:52:30,14.18,--,152,215536,卖盘
1661,09:52:09,14.18,--,72,102096,卖盘
1662,09:52:03,14.18,--,1,1418,买盘
1663,09:51:54,14.18,-0.03,1,1418,买盘
1664,09:51:51,14.21,0.04,105,149205,买盘
1665,09:51:48,14.17,--,17,24854,卖盘
1666,09:51:45,14.17,-0.01,320,453440,卖盘
1667,09:51:42,14.18,--,8,11344,买盘
1668,09:51:39,14.18,--,25,35450,买盘
1669,09:51:36,14.18,--,9,12762,买盘
1670,09:51:33,14.18,--,6,8508,买盘
1671,09:51:27,14.18,--,7,9926,买盘
1672,09:51:24,14.18,--,5,7090,买盘
1673,09:51:18,14.18,--,15,21270,买盘
1674,09:51:15,14.18,--,7,9926,买盘
1675,09:51:12,14.18,--,36,51048,买盘
1676,09:51:09,14.18,--,68,96424,买盘
1677,09:51:06,14.18,--,15,21270,买盘
1678,09:51:03,14.18,--,10,14180,买盘
1679,09:50:54,14.18,--,3,4254,买盘
1680,09:50:48,14.18,--,42,59556,买盘
1681,09:50:42,14.18,--,10,14180,买盘
1682,09:50:36,14.18,--,10,14180,买盘
1683,09:50:27,14.18,0.01,5,7090,买盘
1684,09:50:15,14.17,-0.01,130,184210,卖盘
1685,09:50:12,14.18,0.01,20,28360,买盘
1686,09:50:06,14.17,--,16,22672,卖盘
1687,09:50:00,14.17,-0.01,200,283400,卖盘
1688,09:49:57,14.18,--,3,4254,买盘
1689,09:49:54,14.18,--,12,17016,买盘
1690,09:49:51,14.18,0.01,6,8508,买盘
1691,09:49:48,14.17,-0.01,16,22672,卖盘
1692,09:49:45,14.18,--,5,7090,买盘
1693,09:49:42,14.18,--,3,4254,买盘
1694,09:49:33,14.18,-0.02,939,1331502,卖盘
1695,09:49:30,14.2,-0.01,3,4260,卖盘
1696,09:49:27,14.21,0.01,7,9947,买盘
1697,09:49:18,14.2,-0.02,13,18460,卖盘
1698,09:49:12,14.22,0.02,25,35550,买盘
1699,09:49:09,14.2,--,17,24140,卖盘
1700,09:49:00,14.2,-0.02,52,73840,卖盘
1701,09:48:57,14.22,0.01,26,36972,买盘
1702,09:48:45,14.21,--,182,258622,卖盘
1703,09:48:39,14.21,0.01,83,117943,买盘
1704,09:48:30,14.2,-0.02,70,99400,卖盘
1705,09:48:24,14.22,--,5,7110,买盘
1706,09:48:21,14.22,--,29,41238,买盘
1707,09:48:15,14.22,--,7,9954,卖盘
1708,09:48:06,14.22,0.01,23,32706,中性盘
1709,09:48:03,14.21,--,46,65366,卖盘
1710,09:48:00,14.21,--,23,32683,卖盘
1711,09:47:57,14.21,-0.02,52,73892,卖盘
1712,09:47:42,14.23,0.02,20,28460,买盘
1713,09:47:36,14.21,-0.02,25,35525,卖盘
1714,09:47:33,14.23,--,7,9961,买盘
1715,09:47:30,14.23,--,25,35575,买盘
1716,09:47:27,14.23,--,18,25614,卖盘
1717,09:47:24,14.23,--,5,7115,买盘
1718,09:47:18,14.23,-0.01,50,71150,卖盘
1719,09:47:15,14.24,0.01,11,15664,买盘
1720,09:47:12,14.23,-0.01,50,71150,卖盘
1721,09:47:03,14.24,0.01,23,32752,买盘
1722,09:46:48,14.23,-0.01,23,32729,卖盘
1723,09:46:42,14.24,0.04,43,61232,买盘
1724,09:46:39,14.2,-0.01,234,332280,卖盘
1725,09:46:33,14.21,--,23,32683,卖盘
1726,09:46:30,14.21,-0.02,23,32683,卖盘
1727,09:46:27,14.23,0.02,2,2846,买盘
1728,09:46:24,14.21,--,23,32683,卖盘
1729,09:46:21,14.21,--,23,32683,卖盘
1730,09:46:15,14.21,0.01,13,18473,中性盘
1731,09:46:12,14.2,-0.01,69,97980,卖盘
1732,09:46:09,14.21,0.01,58,82418,买盘
1733,09:45:54,14.2,0.01,101,143420,买盘
1734,09:45:51,14.19,-0.01,24,34056,卖盘
1735,09:45:48,14.2,--,64,90880,买盘
1736,09:45:42,14.2,0.01,56,79520,买盘
1737,09:45:39,14.19,-0.01,10,14190,卖盘
1738,09:45:36,14.2,--,20,28400,买盘
1739,09:45:33,14.2,0.01,112,159040,买盘
1740,09:45:27,14.19,--,20,28380,买盘
1741,09:45:24,14.19,--,30,42570,买盘
1742,09:45:21,14.19,--,60,85140,买盘
1743,09:45:18,14.19,0.01,26,36894,买盘
1744,09:45:12,14.18,-0.01,150,212700,卖盘
1745,09:45:09,14.19,--,4,5676,买盘
1746,09:45:06,14.19,--,29,41151,买盘
1747,09:45:03,14.19,--,7,9933,买盘
1748,09:45:00,14.19,--,10,14190,买盘
1749,09:44:57,14.19,--,23,32637,买盘
1750,09:44:54,14.19,-0.01,72,102168,卖盘
1751,09:44:51,14.2,0.01,123,174660,买盘
1752,09:44:48,14.19,--,100,141900,卖盘
1753,09:44:42,14.19,0.01,23,32637,卖盘
1754,09:44:36,14.18,--,809,1147162,买盘
1755,09:44:30,14.18,--,8,11344,买盘
1756,09:44:27,14.18,-0.01,546,774228,卖盘
1757,09:44:24,14.19,--,103,146157,买盘
1758,09:44:21,14.19,--,11,15609,买盘
1759,09:44:18,14.19,--,202,286638,买盘
1760,09:44:15,14.19,--,61,86559,买盘
1761,09:44:09,14.19,--,30,42570,买盘
1762,09:44:06,14.19,--,22,31218,买盘
1763,09:44:00,14.19,--,50,70950,买盘
1764,09:43:57,14.19,--,13,18447,买盘
1765,09:43:51,14.19,-0.01,54,76626,卖盘
1766,09:43:42,14.2,--,1,1420,买盘
1767,09:43:33,14.2,--,6,8520,买盘
1768,09:43:30,14.2,-0.04,624,886080,卖盘
1769,09:43:27,14.24,-0.01,79,112496,卖盘
1770,09:43:18,14.25,0.01,3,4275,买盘
1771,09:43:00,14.24,-0.01,23,32752,卖盘
1772,09:42:57,14.25,--,2,2850,买盘
1773,09:42:54,14.25,--,52,74100,买盘
1774,09:42:51,14.25,--,72,102600,买盘
1775,09:42:48,14.25,0.01,108,153900,买盘
1776,09:42:45,14.24,0.01,20,28480,中性盘
1777,09:42:36,14.23,-0.01,124,176452,卖盘
1778,09:42:30,14.24,0.03,85,121040,买盘
1779,09:42:21,14.21,-0.01,37,52577,卖盘
1780,09:42:09,14.22,--,7,9954,买盘
1781,09:42:03,14.22,-0.02,3,4266,卖盘
1782,09:41:54,14.24,--,10,14240,买盘
1783,09:41:51,14.24,-0.01,12,17088,中性盘
1784,09:41:39,14.25,--,4,5700,买盘
1785,09:41:30,14.25,0.04,30,42750,买盘
1786,09:41:27,14.21,-0.04,23,32683,卖盘
1787,09:41:24,14.25,0.03,3,4275,买盘
1788,09:41:18,14.22,-0.03,23,32706,卖盘
1789,09:41:12,14.25,--,2,2850,买盘
1790,09:41:09,14.25,-0.01,24,34200,卖盘
1791,09:41:06,14.26,--,11,15686,买盘
1792,09:40:51,14.26,-0.01,2,2852,中性盘
1793,09:40:45,14.27,0.02,5,7135,买盘
1794,09:40:42,14.25,--,88,125400,卖盘
1795,09:40:36,14.25,--,6,8550,卖盘
1796,09:40:21,14.25,--,23,32775,卖盘
1797,09:40:18,14.25,--,95,136073,买盘
1798,09:40:15,14.25,--,2,2850,买盘
1799,09:40:12,14.25,0.01,2,2850,买盘
1800,09:40:09,14.24,--,30,42720,卖盘
1801,09:40:06,14.24,-0.01,24,34176,卖盘
1802,09:39:51,14.25,0.04,173,246525,买盘
1803,09:39:48,14.21,-0.01,25,35525,卖盘
1804,09:39:45,14.22,-0.02,23,32706,卖盘
1805,09:39:42,14.24,0.02,13,18512,买盘
1806,09:39:39,14.22,-0.06,33,46926,卖盘
1807,09:39:30,14.28,0.03,30,42840,买盘
1808,09:39:27,14.25,--,55,78375,卖盘
1809,09:39:21,14.25,-0.03,70,99750,卖盘
1810,09:39:15,14.28,--,5,7140,买盘
1811,09:39:12,14.28,0.03,78,111384,买盘
1812,09:39:09,14.25,-0.02,18,25650,卖盘
1813,09:39:06,14.27,--,21,29967,买盘
1814,09:39:03,14.27,--,116,165532,买盘
1815,09:39:00,14.27,0.02,50,71350,买盘
1816,09:38:57,14.25,-0.01,210,299250,卖盘
1817,09:38:48,14.26,-0.01,194,276644,卖盘
1818,09:38:42,14.27,--,42,59934,卖盘
1819,09:38:39,14.27,-0.01,10,14270,卖盘
1820,09:38:36,14.28,0.01,19,27132,买盘
1821,09:38:27,14.27,--,20,28540,卖盘
1822,09:38:24,14.27,--,61,87047,卖盘
1823,09:38:21,14.27,--,3,4281,卖盘
1824,09:38:18,14.27,--,90,128430,买盘
1825,09:38:15,14.27,--,3,4281,买盘
1826,09:38:12,14.27,0.02,46,65642,买盘
1827,09:38:06,14.25,-0.01,41,58425,卖盘
1828,09:38:03,14.26,--,50,71300,买盘
1829,09:37:57,14.26,--,137,195362,买盘
1830,09:37:54,14.26,0.01,45,64170,买盘
1831,09:37:51,14.25,--,25,35625,买盘
1832,09:37:42,14.25,--,20,28500,买盘
1833,09:37:39,14.25,--,23,32775,买盘
1834,09:37:36,14.25,0.02,23,32775,买盘
1835,09:37:33,14.23,-0.02,162,230526,卖盘
1836,09:37:30,14.25,0.01,52,74100,买盘
1837,09:37:27,14.24,0.01,37,52688,买盘
1838,09:37:24,14.23,-0.01,1,1423,卖盘
1839,09:37:21,14.24,--,37,52688,买盘
1840,09:37:18,14.24,--,62,88288,买盘
1841,09:37:15,14.24,--,25,35600,买盘
1842,09:37:12,14.24,--,14,19936,买盘
1843,09:37:09,14.24,0.02,46,65504,买盘
1844,09:37:06,14.22,-0.01,49,69678,卖盘
1845,09:37:03,14.23,--,46,65458,买盘
1846,09:37:00,14.23,--,77,109571,买盘
1847,09:36:57,14.23,--,89,126647,买盘
1848,09:36:54,14.23,--,23,32729,买盘
1849,09:36:51,14.23,0.03,30,42690,买盘
1850,09:36:48,14.2,--,45,63900,买盘
1851,09:36:45,14.2,--,7,9940,买盘
1852,09:36:42,14.2,0.02,57,80940,买盘
1853,09:36:39,14.18,-0.02,157,222626,卖盘
1854,09:36:36,14.2,0.04,38,53960,买盘
1855,09:36:33,14.16,-0.06,210,297360,卖盘
1856,09:36:27,14.22,-0.01,52,73944,中性盘
1857,09:36:18,14.23,0.03,23,32729,买盘
1858,09:36:12,14.2,0.02,7,9940,买盘
1859,09:36:09,14.18,--,165,233970,卖盘
1860,09:36:06,14.18,-0.02,20,28360,卖盘
1861,09:36:00,14.2,--,7,9940,买盘
1862,09:35:57,14.2,--,1,1420,买盘
1863,09:35:54,14.2,--,2,2840,买盘
1864,09:35:51,14.2,-0.03,42,59640,卖盘
1865,09:35:48,14.23,--,20,28460,买盘
1866,09:35:45,14.23,--,45,64035,买盘
1867,09:35:42,14.23,-0.01,17,24191,卖盘
1868,09:35:39,14.24,--,7,9968,买盘
1869,09:35:36,14.24,0.05,12,17088,买盘
1870,09:35:33,14.19,-0.05,157,222783,卖盘
1871,09:35:27,14.24,--,12,17088,买盘
1872,09:35:24,14.24,0.01,7,9968,买盘
1873,09:35:18,14.23,--,50,71150,卖盘
1874,09:35:12,14.23,--,13,18499,买盘
1875,09:35:06,14.23,0.03,7,9961,买盘
1876,09:34:57,14.2,--,1,1420,买盘
1877,09:34:54,14.2,--,23,32660,买盘
1878,09:34:51,14.2,--,47,66740,买盘
1879,09:34:36,14.2,0.02,110,156200,买盘
1880,09:34:33,14.18,-0.02,50,70900,卖盘
1881,09:34:30,14.2,--,12,17040,买盘
1882,09:34:18,14.2,0.01,100,142000,买盘
1883,09:34:15,14.19,0.01,7,9933,买盘
1884,09:34:12,14.18,--,10,14180,卖盘
1885,09:34:06,14.18,--,6,8508,卖盘
1886,09:34:03,14.18,--,2,2836,卖盘
1887,09:34:00,14.18,--,14,21241,买盘
1888,09:33:57,14.18,--,25,35450,买盘
1889,09:33:54,14.18,--,4,5672,买盘
1890,09:33:51,14.18,--,100,141800,买盘
1891,09:33:48,14.18,0.01,24,34032,买盘
1892,09:33:45,14.17,-0.01,103,145951,卖盘
1893,09:33:39,14.18,0.01,2,2836,买盘
1894,09:33:36,14.17,-0.01,128,181376,卖盘
1895,09:33:33,14.18,--,2,2836,买盘
1896,09:33:30,14.18,--,125,177250,买盘
1897,09:33:27,14.18,--,5,7090,买盘
1898,09:33:24,14.18,--,13,18434,买盘
1899,09:33:21,14.18,--,30,42540,买盘
1900,09:33:18,14.18,--,165,233970,卖盘
1901,09:33:15,14.18,--,12,17016,卖盘
1902,09:33:12,14.18,--,41,58138,买盘
1903,09:33:09,14.18,--,81,114858,买盘
1904,09:33:06,14.18,--,47,66646,买盘
1905,09:33:03,14.18,--,2,2836,买盘
1906,09:33:00,14.18,--,12,17016,买盘
1907,09:32:54,14.18,-0.01,117,165906,卖盘
1908,09:32:51,14.19,0.01,8,11352,买盘
1909,09:32:45,14.18,--,186,263748,买盘
1910,09:32:42,14.18,--,35,49630,买盘
1911,09:32:39,14.18,--,68,96424,买盘
1912,09:32:36,14.18,--,23,32614,买盘
1913,09:32:33,14.18,--,30,42540,买盘
1914,09:32:30,14.18,--,37,52466,买盘
1915,09:32:27,14.18,--,53,75154,买盘
1916,09:32:24,14.18,--,15,21270,买盘
1917,09:32:21,14.18,0.01,3,4254,买盘
1918,09:32:18,14.17,-0.01,22,31174,卖盘
1919,09:32:15,14.18,0.01,5,7090,买盘
1920,09:32:12,14.17,-0.01,40,56680,卖盘
1921,09:32:09,14.18,--,28,39704,买盘
1922,09:32:06,14.18,0.01,88,124784,买盘
1923,09:31:57,14.17,-0.01,2,2834,卖盘
1924,09:31:54,14.18,0.02,40,56720,买盘
1925,09:31:51,14.16,-0.02,4,5664,卖盘
1926,09:31:48,14.18,0.02,72,102946,买盘
1927,09:31:45,14.16,-0.02,2,2832,卖盘
1928,09:31:42,14.18,0.02,2,2836,买盘
1929,09:31:36,14.16,-0.02,28,39648,卖盘
1930,09:31:33,14.18,0.02,57,80826,买盘
1931,09:31:30,14.16,-0.02,24,33984,卖盘
1932,09:31:27,14.18,0.02,34,48212,买盘
1933,09:31:24,14.16,0.01,19,26904,买盘
1934,09:31:21,14.15,-0.01,2,4131,卖盘
1935,09:31:18,14.16,--,34,48144,买盘
1936,09:31:15,14.16,0.02,2,2832,买盘
1937,09:31:12,14.14,-0.04,89,125846,卖盘
1938,09:31:09,14.18,0.03,30,42540,买盘
1939,09:31:06,14.15,-0.03,85,120275,卖盘
1940,09:31:03,14.18,--,4,5672,买盘
1941,09:31:00,14.18,--,12,17016,买盘
1942,09:30:57,14.18,--,102,144636,买盘
1943,09:30:54,14.18,--,30,42540,买盘
1944,09:30:51,14.18,--,7,9926,买盘
1945,09:30:48,14.18,0.03,40,56720,买盘
1946,09:30:45,14.15,-0.03,126,178290,卖盘
1947,09:30:42,14.18,0.01,330,467940,买盘
1948,09:30:39,14.17,--,44,62348,卖盘
1949,09:30:33,14.17,--,19,26923,卖盘
1950,09:30:30,14.17,-0.01,30,42510,卖盘
1951,09:30:27,14.18,--,26,36868,买盘
1952,09:30:24,14.18,0.01,12,17016,买盘
1953,09:30:21,14.17,-0.01,12,17004,卖盘
1954,09:30:12,14.18,--,4,5672,买盘
1955,09:30:09,14.18,--,119,168742,买盘
1956,09:30:06,14.18,-0.03,305,433057,卖盘
1957,09:30:03,14.21,0.01,513,729825,买盘
1958,09:30:00,14.2,--,0,0,卖盘
1959,09:25:03,14.2,14.2,701,995420,买盘
