,time,price,change,volume,amount,type
0,15:00:03,4.73,--,2483,1174695,卖盘
1,14:57:00,4.73,--,0,0,卖盘
2,14:56:54,4.73,-0.01,20,9460,卖盘
3,14:56:51,4.74,--,4,1896,买盘
4,14:56:45,4.74,--,10,4740,买盘
5,14:56:39,4.74,0.01,75,35550,买盘
6,14:56:36,4.73,--,34,16082,卖盘
7,14:56:27,4.73,--,10,4730,卖盘
8,14:56:21,4.73,-0.01,24,11352,卖盘
9,14:56:15,4.74,0.01,313,148362,买盘
10,14:56:12,4.73,--,25,11825,卖盘
11,14:56:00,4.73,--,92,43516,卖盘
12,14:55:48,4.73,--,50,23650,卖盘
13,14:55:45,4.73,0.01,163,77099,买盘
14,14:55:42,4.72,-0.01,62,29264,卖盘
15,14:55:30,4.73,--,18,8514,买盘
16,14:55:24,4.73,-0.01,59,27907,中性盘
17,14:55:21,4.74,--,12,5688,买盘
18,14:55:18,4.74,0.01,93,44082,买盘
19,14:55:15,4.73,--,32,15136,卖盘
20,14:55:00,4.73,0.01,19,8987,买盘
21,14:54:57,4.72,0.01,23,10856,买盘
22,14:54:54,4.71,--,10,4710,卖盘
23,14:54:39,4.71,--,1,885,买盘
24,14:54:36,4.71,--,106,49926,买盘
25,14:54:33,4.71,--,101,47571,买盘
26,14:54:30,4.71,--,112,52752,买盘
27,14:54:27,4.71,--,327,154017,买盘
28,14:54:24,4.71,--,128,60288,买盘
29,14:54:21,4.71,--,95,44745,买盘
30,14:54:18,4.71,--,60,28260,买盘
31,14:54:15,4.71,--,1,471,买盘
32,14:54:12,4.71,--,105,49455,买盘
33,14:54:09,4.71,--,10,4710,买盘
34,14:54:06,4.71,-0.01,1991,937817,卖盘
35,14:54:03,4.72,--,150,70800,卖盘
36,14:53:54,4.72,--,40,18880,卖盘
37,14:53:45,4.72,--,44,21183,买盘
38,14:53:42,4.72,--,37,17464,买盘
39,14:53:30,4.72,--,12,5664,买盘
40,14:53:27,4.72,-0.03,1413,666992,卖盘
41,14:53:24,4.75,0.01,20,9500,买盘
42,14:53:18,4.74,--,19,9006,卖盘
43,14:53:15,4.74,--,5,2370,卖盘
44,14:53:12,4.74,--,3,1422,卖盘
45,14:53:09,4.74,--,1,474,卖盘
46,14:53:06,4.74,--,825,391471,买盘
47,14:52:51,4.74,--,2,948,买盘
48,14:52:42,4.74,0.01,10,4740,买盘
49,14:52:39,4.73,-0.01,12,5676,卖盘
50,14:52:27,4.74,--,43,20851,买盘
51,14:52:21,4.74,--,10,4740,买盘
52,14:52:18,4.74,0.02,409,193866,买盘
53,14:52:06,4.72,-0.01,300,141600,卖盘
54,14:52:03,4.73,0.01,86,40678,买盘
55,14:51:57,4.72,--,55,25960,卖盘
56,14:51:54,4.72,--,168,79296,卖盘
57,14:51:51,4.72,-0.01,62,29264,卖盘
58,14:51:48,4.73,0.01,300,141900,买盘
59,14:51:42,4.72,-0.01,45,21240,卖盘
60,14:51:27,4.73,--,8,3784,买盘
61,14:51:24,4.73,0.01,6,2838,买盘
62,14:51:12,4.72,--,33,15576,卖盘
63,14:51:09,4.72,--,5,2360,卖盘
64,14:50:54,4.72,--,12,5664,卖盘
65,14:50:51,4.72,--,8,3776,卖盘
66,14:50:48,4.72,--,6,2832,卖盘
67,14:50:27,4.72,--,100,47200,卖盘
68,14:50:21,4.72,0.01,16,7552,买盘
69,14:50:12,4.71,--,146,68766,卖盘
70,14:50:09,4.71,-0.01,15,7065,卖盘
71,14:50:06,4.72,--,16,7552,买盘
72,14:49:51,4.72,--,380,179360,卖盘
73,14:49:48,4.72,-0.01,120,56640,卖盘
74,14:49:45,4.73,0.01,2,946,买盘
75,14:49:33,4.72,-0.01,1,472,卖盘
76,14:49:30,4.73,--,9,4257,买盘
77,14:49:24,4.73,--,157,74261,卖盘
78,14:49:21,4.73,--,14,6622,卖盘
79,14:49:18,4.73,--,18,8514,卖盘
80,14:49:12,4.73,--,40,18920,卖盘
81,14:49:06,4.73,--,67,31691,卖盘
82,14:49:03,4.73,-0.01,50,23650,卖盘
83,14:49:00,4.74,--,300,142200,买盘
84,14:48:48,4.74,0.01,83,39342,买盘
85,14:48:39,4.73,-0.01,72,34056,卖盘
86,14:48:36,4.74,--,3,1422,买盘
87,14:48:33,4.74,--,71,33654,买盘
88,14:48:30,4.74,--,24,11376,买盘
89,14:48:27,4.74,--,59,28018,卖盘
90,14:48:21,4.74,--,14,6636,卖盘
91,14:48:18,4.74,--,42,19908,卖盘
92,14:48:15,4.74,--,154,72996,卖盘
93,14:48:12,4.74,--,35,16590,卖盘
94,14:48:06,4.74,0.01,104,49717,买盘
95,14:48:03,4.73,-0.01,2,946,卖盘
96,14:48:00,4.74,--,71,33706,卖盘
97,14:47:54,4.74,--,3,1422,卖盘
98,14:47:51,4.74,--,43,20382,卖盘
99,14:47:48,4.74,--,22,10428,卖盘
100,14:47:45,4.74,--,301,143095,买盘
101,14:47:39,4.74,--,42,19908,买盘
102,14:47:36,4.74,0.01,49,23226,买盘
103,14:47:30,4.73,-0.01,5,2365,卖盘
104,14:47:27,4.74,--,94,44556,买盘
105,14:47:24,4.74,--,50,23700,买盘
106,14:47:18,4.74,--,80,37920,买盘
107,14:47:12,4.74,--,60,28440,买盘
108,14:47:06,4.74,--,100,47400,买盘
109,14:47:03,4.74,--,13,6162,买盘
110,14:47:00,4.74,0.01,100,47400,买盘
111,14:46:54,4.73,-0.01,169,79937,卖盘
112,14:46:45,4.74,--,2,948,买盘
113,14:46:42,4.74,-0.01,5,2370,买盘
114,14:46:39,4.75,0.01,6,2850,买盘
115,14:46:33,4.74,-0.01,3,1422,中性盘
116,14:46:30,4.75,0.01,100,47500,买盘
117,14:46:24,4.74,--,6,2844,卖盘
118,14:46:18,4.74,--,28,13272,卖盘
119,14:46:12,4.74,--,20,9480,卖盘
120,14:46:09,4.74,--,50,23700,卖盘
121,14:46:06,4.74,--,436,206664,买盘
122,14:46:03,4.74,0.01,100,47400,买盘
123,14:45:54,4.73,--,5,2365,卖盘
124,14:45:51,4.73,--,2,946,卖盘
125,14:45:48,4.73,0.01,264,124872,买盘
126,14:45:45,4.72,-0.01,19,8968,卖盘
127,14:45:42,4.73,--,80,37840,买盘
128,14:45:39,4.73,--,378,178794,买盘
129,14:45:36,4.73,--,166,78518,买盘
130,14:45:30,4.73,--,430,203390,买盘
131,14:45:21,4.73,0.01,13,6149,买盘
132,14:45:06,4.72,--,34,16048,买盘
133,14:45:03,4.72,--,100,47200,买盘
134,14:45:00,4.72,--,72,33984,买盘
135,14:44:57,4.72,0.01,5,2360,买盘
136,14:44:42,4.71,--,1,471,卖盘
137,14:44:39,4.71,-0.01,1,471,卖盘
138,14:44:30,4.72,0.01,1,472,买盘
139,14:44:27,4.71,-0.01,27,12717,卖盘
140,14:44:15,4.72,0.01,11,5192,买盘
141,14:44:09,4.71,-0.01,10,4710,卖盘
142,14:44:06,4.72,--,76,35872,买盘
143,14:44:03,4.72,--,2,944,买盘
144,14:43:54,4.72,0.01,10,4720,买盘
145,14:43:45,4.71,-0.01,50,23550,卖盘
146,14:43:39,4.72,0.01,122,57584,买盘
147,14:43:30,4.71,-0.01,4,1884,卖盘
148,14:43:27,4.72,--,40,18880,买盘
149,14:43:24,4.72,--,62,29264,卖盘
150,14:43:18,4.72,--,18,8496,买盘
151,14:43:15,4.72,--,10,4720,买盘
152,14:43:03,4.72,--,20,9440,卖盘
153,14:42:57,4.72,--,40,18880,卖盘
154,14:42:45,4.72,--,7,3304,卖盘
155,14:42:36,4.72,--,20,9440,卖盘
156,14:42:33,4.72,--,2,944,卖盘
157,14:42:30,4.72,--,50,23600,卖盘
158,14:42:21,4.72,--,1,472,卖盘
159,14:42:18,4.72,--,100,47200,卖盘
160,14:42:12,4.72,--,300,141600,卖盘
161,14:42:09,4.72,--,30,14160,卖盘
162,14:42:00,4.72,--,10,4720,卖盘
163,14:41:54,4.72,--,36,16992,卖盘
164,14:41:51,4.72,--,17,8024,卖盘
165,14:41:48,4.72,-0.01,10,4720,卖盘
166,14:41:45,4.73,--,500,236500,买盘
167,14:41:39,4.73,--,27,12771,买盘
168,14:41:36,4.73,0.01,10,4730,买盘
169,14:41:33,4.72,--,4,1888,卖盘
170,14:41:15,4.72,--,100,47200,卖盘
171,14:41:12,4.72,-0.01,50,23600,卖盘
172,14:41:09,4.73,--,2,946,买盘
173,14:41:00,4.73,--,27,12771,买盘
174,14:40:51,4.73,--,5,2365,买盘
175,14:40:45,4.73,--,20,9460,买盘
176,14:40:36,4.73,--,15,7095,买盘
177,14:40:21,4.73,0.01,90,42570,买盘
178,14:40:18,4.72,--,192,91044,买盘
179,14:40:15,4.72,--,2,944,买盘
180,14:40:12,4.72,--,1005,474360,买盘
181,14:40:00,4.72,0.01,50,23600,买盘
182,14:39:54,4.71,--,410,193110,卖盘
183,14:39:42,4.71,-0.01,68,32028,卖盘
184,14:39:36,4.72,0.01,160,75520,买盘
185,14:39:30,4.71,-0.01,3,1413,卖盘
186,14:39:24,4.72,--,2,944,买盘
187,14:39:21,4.72,0.01,30,14160,买盘
188,14:39:18,4.71,-0.01,100,47100,卖盘
189,14:39:09,4.72,0.01,2,944,买盘
190,14:38:54,4.71,-0.01,10,4710,卖盘
191,14:38:51,4.72,0.01,2,944,买盘
192,14:38:36,4.71,--,174,81954,买盘
193,14:38:33,4.71,0.01,50,23550,买盘
194,14:38:24,4.7,-0.01,11,5170,卖盘
195,14:38:15,4.71,--,117,55107,买盘
196,14:37:48,4.71,--,60,28260,买盘
197,14:37:39,4.71,--,28,13188,买盘
198,14:37:30,4.71,--,40,18840,买盘
199,14:37:21,4.71,--,10,4710,买盘
200,14:37:12,4.71,--,10,4710,买盘
201,14:37:09,4.71,--,99,46629,买盘
202,14:37:03,4.71,--,300,141300,买盘
203,14:37:00,4.71,--,174,81954,买盘
204,14:36:54,4.71,--,119,56049,买盘
205,14:36:51,4.71,0.01,506,238326,买盘
206,14:36:36,4.7,--,2,940,卖盘
207,14:36:27,4.7,--,10,4700,卖盘
208,14:36:18,4.7,--,150,70500,买盘
209,14:36:12,4.7,--,2,940,买盘
210,14:36:09,4.7,--,143,67210,买盘
211,14:36:03,4.7,--,6,2820,买盘
212,14:36:00,4.7,--,5,2350,买盘
213,14:35:54,4.7,--,10,4700,买盘
214,14:35:42,4.7,0.01,25,11750,买盘
215,14:35:39,4.69,-0.01,2,938,卖盘
216,14:35:24,4.7,--,10,4700,买盘
217,14:35:21,4.7,--,121,56870,买盘
218,14:35:15,4.7,0.01,10,4700,买盘
219,14:35:09,4.69,--,1,469,卖盘
220,14:34:39,4.69,--,13,6097,卖盘
221,14:34:30,4.69,-0.01,20,9380,卖盘
222,14:34:24,4.7,0.01,15,7050,买盘
223,14:34:18,4.69,--,20,9380,卖盘
224,14:33:48,4.69,-0.01,7,3283,卖盘
225,14:32:54,4.7,--,2,940,买盘
226,14:32:51,4.7,0.01,20,9400,买盘
227,14:32:48,4.69,-0.01,84,39396,卖盘
228,14:32:45,4.7,--,8,3760,买盘
229,14:32:42,4.7,--,20,9400,买盘
230,14:32:36,4.7,--,11,5170,买盘
231,14:32:21,4.7,--,60,28200,买盘
232,14:32:18,4.7,--,1,470,买盘
233,14:32:09,4.7,--,2,940,买盘
234,14:32:00,4.7,--,10,4700,买盘
235,14:31:57,4.7,--,3,1410,买盘
236,14:31:48,4.7,--,20,9400,卖盘
237,14:31:36,4.7,--,13,6110,卖盘
238,14:31:12,4.7,--,10,4700,卖盘
239,14:31:06,4.7,--,26,12220,买盘
240,14:31:03,4.7,0.01,6,2820,买盘
241,14:31:00,4.69,-0.01,1,469,卖盘
242,14:30:51,4.7,--,12,5640,卖盘
243,14:30:48,4.7,--,27,12690,买盘
244,14:30:30,4.7,--,42,19740,买盘
245,14:30:24,4.7,--,5,2350,买盘
246,14:30:15,4.7,-0.01,1,470,买盘
247,14:30:09,4.71,0.01,164,77244,买盘
248,14:30:03,4.7,--,338,158860,卖盘
249,14:29:57,4.7,-0.01,10,4700,卖盘
250,14:29:39,4.71,0.01,66,31086,买盘
251,14:29:33,4.7,--,8,3760,卖盘
252,14:29:30,4.7,--,25,11750,卖盘
253,14:29:27,4.7,--,20,9400,卖盘
254,14:29:09,4.7,--,65,30550,卖盘
255,14:28:51,4.7,--,10,4700,卖盘
256,14:28:48,4.7,-0.01,50,23500,卖盘
257,14:28:36,4.71,0.01,50,23550,买盘
258,14:28:33,4.7,--,25,11750,卖盘
259,14:28:24,4.7,-0.01,7,3290,卖盘
260,14:28:00,4.71,--,1,471,买盘
261,14:27:45,4.71,0.01,11,5181,买盘
262,14:27:36,4.7,--,46,21620,卖盘
263,14:27:27,4.7,-0.01,20,9400,卖盘
264,14:27:21,4.71,--,1,471,买盘
265,14:27:12,4.71,0.01,40,18840,买盘
266,14:27:03,4.7,--,86,40420,卖盘
267,14:26:54,4.7,-0.01,10,4700,卖盘
268,14:26:51,4.71,--,19,8949,买盘
269,14:26:33,4.71,--,30,14130,买盘
270,14:26:30,4.71,--,7,3297,买盘
271,14:26:21,4.71,--,2,942,买盘
272,14:26:15,4.71,--,150,70650,买盘
273,14:26:06,4.71,--,10,4710,买盘
274,14:26:00,4.71,--,60,28260,买盘
275,14:25:54,4.71,--,24,11304,买盘
276,14:25:51,4.71,0.01,25,11775,买盘
277,14:25:39,4.7,--,43,20210,卖盘
278,14:25:30,4.7,--,84,39480,卖盘
279,14:25:27,4.7,-0.01,26,12220,卖盘
280,14:24:00,4.71,--,108,50868,卖盘
281,14:23:57,4.71,-0.01,24,11304,卖盘
282,14:23:51,4.72,0.01,40,18880,买盘
283,14:23:45,4.71,--,100,47100,卖盘
284,14:23:42,4.71,--,4,1884,卖盘
285,14:23:15,4.71,-0.01,30,14130,卖盘
286,14:22:57,4.72,0.01,166,78352,买盘
287,14:22:54,4.71,-0.01,100,47100,卖盘
288,14:22:45,4.72,--,40,18880,买盘
289,14:22:39,4.72,0.01,15,7080,买盘
290,14:22:36,4.71,-0.01,150,70650,卖盘
291,14:22:27,4.72,0.01,47,22184,买盘
292,14:22:15,4.71,--,5,2355,卖盘
293,14:22:09,4.71,-0.01,81,38151,卖盘
294,14:22:06,4.72,0.01,49,23128,买盘
295,14:22:00,4.71,--,10,4710,卖盘
296,14:21:51,4.71,--,199,93729,买盘
297,14:21:42,4.71,--,62,29202,买盘
298,14:21:36,4.71,--,200,94200,买盘
299,14:21:24,4.71,--,124,58404,买盘
300,14:21:09,4.71,0.01,11,5181,买盘
301,14:21:00,4.7,--,4,1880,卖盘
302,14:20:51,4.7,-0.01,2,940,卖盘
303,14:20:36,4.71,0.01,20,9420,买盘
304,14:20:30,4.7,-0.01,30,14100,卖盘
305,14:20:27,4.71,--,50,23550,买盘
306,14:20:24,4.71,--,10,4710,买盘
307,14:20:12,4.71,--,17,8007,卖盘
308,14:20:03,4.71,--,14,6594,买盘
309,14:19:42,4.71,--,1,471,买盘
310,14:19:39,4.71,--,86,40506,买盘
311,14:19:24,4.71,--,1,471,买盘
312,14:19:21,4.71,--,230,108330,买盘
313,14:19:15,4.71,--,20,9420,买盘
314,14:19:06,4.71,--,20,9420,买盘
315,14:18:42,4.71,0.01,20,9420,买盘
316,14:18:39,4.7,--,40,18800,卖盘
317,14:18:24,4.7,--,10,4700,卖盘
318,14:18:21,4.7,--,1,470,卖盘
319,14:18:15,4.7,--,30,14100,卖盘
320,14:17:57,4.7,0.01,31,14570,买盘
321,14:17:51,4.69,-0.01,2,938,卖盘
322,14:17:42,4.7,0.01,15,7050,中性盘
323,14:17:36,4.69,-0.01,73,34452,卖盘
324,14:17:21,4.7,--,139,65330,买盘
325,14:17:15,4.7,--,70,32900,买盘
326,14:17:12,4.7,--,50,23500,买盘
327,14:17:06,4.7,--,1,470,买盘
328,14:17:03,4.7,--,282,132793,卖盘
329,14:16:48,4.7,--,194,91396,买盘
330,14:16:39,4.7,--,100,47000,买盘
331,14:16:27,4.7,--,70,32900,买盘
332,14:16:15,4.7,--,10,4700,买盘
333,14:16:06,4.7,--,23,10810,买盘
334,14:16:03,4.7,--,50,23500,买盘
335,14:15:57,4.7,--,10,4700,买盘
336,14:15:54,4.7,--,50,23500,买盘
337,14:15:45,4.7,--,2,940,买盘
338,14:15:24,4.7,--,4,1880,买盘
339,14:14:45,4.7,--,2,940,买盘
340,14:14:42,4.7,0.01,28,13160,买盘
341,14:14:36,4.69,-0.01,53,24857,卖盘
342,14:14:18,4.7,0.01,1,470,买盘
343,14:14:09,4.69,-0.01,11,5159,卖盘
344,14:14:06,4.7,0.01,10,4700,买盘
345,14:13:57,4.69,-0.01,2,938,卖盘
346,14:13:45,4.7,--,6,2820,买盘
347,14:13:36,4.7,--,50,23500,买盘
348,14:13:27,4.7,--,5,2350,买盘
349,14:13:21,4.7,--,50,23500,买盘
350,14:12:51,4.7,--,41,19270,买盘
351,14:12:42,4.7,--,16,7773,卖盘
352,14:12:24,4.7,--,33,15726,买盘
353,14:12:21,4.7,--,50,23500,买盘
354,14:12:15,4.7,--,22,10340,买盘
355,14:12:12,4.7,--,10,4700,买盘
356,14:12:06,4.7,--,100,47000,买盘
357,14:11:57,4.7,--,10,4700,买盘
358,14:11:42,4.7,--,19,8930,买盘
359,14:11:33,4.7,--,30,14100,买盘
360,14:11:21,4.7,--,48,22560,买盘
361,14:11:18,4.7,--,40,18800,买盘
362,14:11:06,4.7,--,100,47000,买盘
363,14:11:00,4.7,--,10,4700,买盘
364,14:09:21,4.7,--,10,4700,买盘
365,14:09:06,4.7,--,29,13630,买盘
366,14:08:12,4.7,0.01,8,3760,买盘
367,14:08:09,4.69,--,103,48307,卖盘
368,14:07:36,4.69,-0.01,10,4690,卖盘
369,14:07:06,4.7,--,2,940,买盘
370,14:06:54,4.7,--,134,62980,买盘
371,14:06:27,4.7,--,17,7990,买盘
372,14:06:24,4.7,0.01,200,94000,买盘
373,14:06:21,4.69,-0.01,10,4690,卖盘
374,14:06:18,4.7,--,100,47000,买盘
375,14:06:15,4.7,--,3,1410,买盘
376,14:05:57,4.7,--,21,9870,买盘
377,14:05:51,4.7,--,226,106473,卖盘
378,14:05:48,4.7,--,9,4230,卖盘
379,14:05:33,4.7,--,258,121260,卖盘
380,14:05:30,4.7,-0.01,12,5640,卖盘
381,14:05:27,4.71,0.01,10,4710,买盘
382,14:05:21,4.7,-0.01,80,37600,卖盘
383,14:05:15,4.71,0.01,50,23550,买盘
384,14:05:12,4.7,-0.01,30,14100,卖盘
385,14:05:09,4.71,--,1046,492882,买盘
386,14:05:06,4.71,0.01,24,11304,买盘
387,14:04:45,4.7,--,20,9400,卖盘
388,14:04:42,4.7,0.01,1173,551310,买盘
389,14:04:36,4.69,--,200,93800,卖盘
390,14:04:33,4.69,--,10,4690,卖盘
391,14:04:24,4.69,--,76,35644,卖盘
392,14:04:18,4.69,-0.01,20,9380,卖盘
393,14:04:12,4.7,0.01,22,10340,买盘
394,14:04:03,4.69,-0.01,5,2345,卖盘
395,14:03:39,4.7,--,1,470,买盘
396,14:03:30,4.7,--,95,44650,买盘
397,14:03:18,4.7,--,50,23500,买盘
398,14:02:57,4.7,--,10,4700,买盘
399,14:02:39,4.7,--,16,7520,买盘
400,14:02:12,4.7,--,10,4700,买盘
401,14:02:09,4.7,--,5,2350,买盘
402,14:02:06,4.7,--,1,470,买盘
403,14:01:27,4.7,0.02,39,18330,买盘
404,14:00:57,4.68,-0.02,113,52884,卖盘
405,14:00:45,4.7,0.01,235,110450,买盘
406,14:00:33,4.69,--,10,4690,卖盘
407,14:00:30,4.69,--,50,23450,卖盘
408,14:00:27,4.69,--,1,469,卖盘
409,14:00:15,4.69,0.01,12,5628,买盘
410,14:00:03,4.68,-0.01,44,20592,卖盘
411,13:59:54,4.69,--,60,28140,买盘
412,13:59:48,4.69,--,57,26733,买盘
413,13:59:45,4.69,--,15,7035,买盘
414,13:59:33,4.69,--,300,140700,买盘
415,13:59:03,4.69,--,130,60970,买盘
416,13:58:45,4.69,0.01,30,14070,买盘
417,13:58:33,4.68,-0.01,2,936,卖盘
418,13:58:21,4.69,--,90,42210,买盘
419,13:58:09,4.69,0.01,1,469,买盘
420,13:58:03,4.68,-0.01,10,4680,卖盘
421,13:57:54,4.69,0.01,165,77385,买盘
422,13:57:51,4.68,--,10,4680,卖盘
423,13:57:36,4.68,--,30,14040,卖盘
424,13:57:24,4.68,--,9,4212,卖盘
425,13:57:18,4.68,--,3,1404,卖盘
426,13:56:42,4.68,--,32,14976,卖盘
427,13:56:21,4.68,--,2,936,卖盘
428,13:56:06,4.68,--,6,2808,卖盘
429,13:56:00,4.68,--,20,9360,卖盘
430,13:55:42,4.68,--,30,14040,卖盘
431,13:55:33,4.68,-0.01,67,31355,卖盘
432,13:55:03,4.69,0.01,3,1407,买盘
433,13:54:36,4.68,--,10,4680,卖盘
434,13:54:30,4.68,-0.01,0,411,卖盘
435,13:54:24,4.69,--,20,9380,买盘
436,13:54:21,4.69,--,14,6566,买盘
437,13:53:57,4.69,--,31,14539,卖盘
438,13:53:51,4.69,--,33,15477,卖盘
439,13:53:42,4.69,--,200,93800,卖盘
440,13:53:24,4.69,--,5,2345,卖盘
441,13:53:21,4.69,--,260,121940,卖盘
442,13:53:12,4.69,--,4,1876,卖盘
443,13:53:00,4.69,--,50,23450,卖盘
444,13:52:57,4.69,--,32,15008,卖盘
445,13:52:36,4.69,--,63,29547,卖盘
446,13:52:18,4.69,0.01,493,231217,买盘
447,13:51:33,4.68,-0.01,4,1872,卖盘
448,13:51:21,4.69,--,117,54873,买盘
449,13:51:12,4.69,--,10,4690,买盘
450,13:51:09,4.69,--,4,1876,买盘
451,13:51:06,4.69,0.01,7,3283,买盘
452,13:50:57,4.68,--,10,4680,卖盘
453,13:50:54,4.68,--,22,10296,卖盘
454,13:50:45,4.68,--,33,15443,卖盘
455,13:50:39,4.68,-0.01,10,4680,卖盘
456,13:50:33,4.69,0.01,4,1876,买盘
457,13:49:33,4.68,0.01,89,41652,买盘
458,13:49:27,4.67,--,384,179328,卖盘
459,13:49:24,4.67,-0.01,1,467,卖盘
460,13:49:18,4.68,--,4,1872,买盘
461,13:49:06,4.68,--,30,14040,买盘
462,13:48:54,4.68,--,200,93600,买盘
463,13:48:48,4.68,--,5,2340,买盘
464,13:48:30,4.68,--,4,1872,买盘
465,13:48:18,4.68,--,40,18720,买盘
466,13:47:57,4.68,0.01,5,2340,买盘
467,13:47:33,4.67,--,10,4670,卖盘
468,13:47:27,4.67,--,20,9340,卖盘
469,13:47:12,4.67,-0.01,3,1401,卖盘
470,13:47:03,4.68,0.01,5,2340,买盘
471,13:46:54,4.67,--,1,467,卖盘
472,13:46:51,4.67,--,30,14010,卖盘
473,13:46:42,4.67,--,58,27086,卖盘
474,13:46:36,4.67,--,10,4670,卖盘
475,13:46:27,4.67,--,2,934,卖盘
476,13:46:09,4.67,--,10,4670,卖盘
477,13:45:51,4.67,-0.01,1,467,卖盘
478,13:45:48,4.68,0.01,17,7955,买盘
479,13:45:39,4.67,-0.01,4,1868,卖盘
480,13:45:30,4.68,0.01,2,936,买盘
481,13:45:18,4.67,--,61,28487,卖盘
482,13:45:09,4.67,--,45,21015,卖盘
483,13:44:36,4.67,--,10,4670,卖盘
484,13:44:30,4.67,--,8,3736,卖盘
485,13:44:06,4.67,--,10,4670,卖盘
486,13:44:00,4.67,--,12,5604,卖盘
487,13:43:51,4.67,--,8,3736,卖盘
488,13:43:36,4.67,--,7,3269,卖盘
489,13:43:30,4.67,--,200,93400,卖盘
490,13:43:21,4.67,--,14,6538,卖盘
491,13:42:54,4.67,--,2,934,卖盘
492,13:42:51,4.67,-0.01,7,3269,卖盘
493,13:42:39,4.68,0.01,90,42120,买盘
494,13:42:36,4.67,--,5,2335,卖盘
495,13:42:21,4.67,--,150,70050,卖盘
496,13:42:18,4.67,--,128,59776,卖盘
497,13:42:12,4.67,--,24,11208,卖盘
498,13:42:09,4.67,--,4,1868,卖盘
499,13:42:06,4.67,--,42,19614,卖盘
500,13:42:03,4.67,--,30,14010,卖盘
501,13:42:00,4.67,--,182,84994,卖盘
502,13:41:48,4.67,--,10,4670,卖盘
503,13:41:15,4.67,--,30,14010,卖盘
504,13:41:09,4.67,--,409,191003,卖盘
505,13:41:03,4.67,--,160,74720,卖盘
506,13:41:00,4.67,--,4,2101,卖盘
507,13:40:51,4.67,--,300,140100,卖盘
508,13:40:48,4.67,--,1,467,卖盘
509,13:40:42,4.67,--,62,28954,卖盘
510,13:40:39,4.67,--,10,4670,卖盘
511,13:40:21,4.67,--,50,23350,卖盘
512,13:40:15,4.67,-0.01,9,4203,卖盘
513,13:39:51,4.68,--,24,11232,卖盘
514,13:39:42,4.68,0.01,10,4680,买盘
515,13:39:33,4.67,--,10,4670,卖盘
516,13:39:30,4.67,-0.01,20,9340,卖盘
517,13:39:12,4.68,0.01,320,149760,买盘
518,13:39:09,4.67,-0.01,1,467,卖盘
519,13:38:54,4.68,--,2,936,买盘
520,13:38:42,4.68,--,37,17316,卖盘
521,13:38:15,4.68,--,69,32291,买盘
522,13:38:03,4.68,--,3,1404,买盘
523,13:37:39,4.68,--,50,23400,买盘
524,13:37:03,4.68,0.01,2,936,买盘
525,13:36:57,4.67,-0.01,16,7472,卖盘
526,13:36:33,4.68,--,44,20592,卖盘
527,13:36:21,4.68,--,9,4212,卖盘
528,13:35:57,4.68,0.01,356,166608,买盘
529,13:35:27,4.67,--,23,10741,卖盘
530,13:35:24,4.67,--,1,467,卖盘
531,13:35:12,4.67,-0.01,14,6538,卖盘
532,13:34:27,4.68,0.01,10,4680,买盘
533,13:34:03,4.67,--,51,23817,卖盘
534,13:33:57,4.67,--,5,2335,卖盘
535,13:33:36,4.67,--,9,4203,卖盘
536,13:33:27,4.67,--,45,21015,卖盘
537,13:33:09,4.67,--,76,35492,卖盘
538,13:32:45,4.67,-0.01,1,467,卖盘
539,13:32:24,4.68,--,12,5616,买盘
540,13:32:15,4.68,0.01,1,468,买盘
541,13:32:09,4.67,-0.01,1,467,卖盘
542,13:32:03,4.68,0.01,92,43056,买盘
543,13:31:48,4.67,--,10,4670,卖盘
544,13:31:21,4.67,--,63,29421,买盘
545,13:31:18,4.67,--,50,23350,买盘
546,13:31:15,4.67,--,50,23350,买盘
547,13:31:03,4.67,0.01,5,2335,买盘
548,13:30:42,4.66,--,60,27960,卖盘
549,13:30:39,4.66,-0.01,252,117432,卖盘
550,13:30:36,4.67,--,300,140100,买盘
551,13:30:21,4.67,--,67,31289,卖盘
552,13:30:06,4.67,--,500,233500,卖盘
553,13:30:03,4.67,--,15,7005,卖盘
554,13:29:54,4.67,--,8,3736,卖盘
555,13:29:42,4.67,--,10,4670,卖盘
556,13:29:33,4.67,--,5,2335,卖盘
557,13:29:21,4.67,--,13,6071,卖盘
558,13:29:12,4.67,--,20,9340,卖盘
559,13:29:09,4.67,-0.01,100,46700,卖盘
560,13:29:03,4.68,0.01,1,468,买盘
561,13:28:51,4.67,--,144,67248,买盘
562,13:28:45,4.67,--,2,934,买盘
563,13:28:36,4.67,--,100,46700,买盘
564,13:28:24,4.67,--,786,367062,卖盘
565,13:28:21,4.67,--,6,2802,卖盘
566,13:28:12,4.67,--,46,21482,卖盘
567,13:28:09,4.67,--,100,46700,卖盘
568,13:28:06,4.67,--,255,119085,卖盘
569,13:28:03,4.67,--,10,4670,卖盘
570,13:27:54,4.67,--,100,46700,卖盘
571,13:27:48,4.67,--,2,934,卖盘
572,13:27:45,4.67,--,30,14010,卖盘
573,13:27:36,4.67,--,100,46700,卖盘
574,13:27:33,4.67,--,5,2335,卖盘
575,13:27:18,4.67,--,116,54172,卖盘
576,13:26:45,4.67,-0.01,5,2335,卖盘
577,13:26:42,4.68,--,93,43524,卖盘
578,13:26:24,4.68,--,10,4680,卖盘
579,13:26:21,4.68,--,20,9360,卖盘
580,13:26:06,4.68,--,40,18720,卖盘
581,13:25:51,4.68,--,23,10764,卖盘
582,13:25:45,4.68,-0.01,50,23400,卖盘
583,13:25:33,4.69,0.01,1,469,买盘
584,13:25:27,4.68,-0.01,50,23400,卖盘
585,13:25:21,4.69,0.01,3,1407,买盘
586,13:24:09,4.68,--,10,4680,卖盘
587,13:23:48,4.68,--,25,11700,卖盘
588,13:23:39,4.68,-0.01,25,11700,中性盘
589,13:23:18,4.69,0.02,8,3752,买盘
590,13:23:06,4.67,--,2,934,卖盘
591,13:22:24,4.67,--,100,46700,卖盘
592,13:21:30,4.67,--,350,163450,卖盘
593,13:21:27,4.67,--,5,2335,卖盘
594,13:21:24,4.67,--,600,280200,卖盘
595,13:20:54,4.67,-0.01,39,18213,卖盘
596,13:20:48,4.68,0.01,37,17316,买盘
597,13:20:42,4.67,--,6,2802,卖盘
598,13:20:36,4.67,--,100,46700,卖盘
599,13:20:30,4.67,--,6,2802,卖盘
600,13:20:24,4.67,-0.01,20,9340,卖盘
601,13:20:06,4.68,--,20,9360,买盘
602,13:20:00,4.68,--,2,936,买盘
603,13:19:24,4.68,--,32,14976,卖盘
604,13:18:51,4.68,--,13,6084,卖盘
605,13:18:39,4.68,--,206,96408,卖盘
606,13:18:24,4.68,--,45,21060,卖盘
607,13:18:09,4.68,-0.01,5,2340,卖盘
608,13:17:45,4.69,0.01,1,469,买盘
609,13:17:18,4.68,-0.01,24,11232,卖盘
610,13:16:33,4.69,--,10,4690,买盘
611,13:16:30,4.69,--,10,4690,买盘
612,13:15:39,4.69,--,2,938,买盘
613,13:15:27,4.69,--,9,4221,卖盘
614,13:15:18,4.69,-0.01,1,469,卖盘
615,13:14:33,4.7,0.01,18,8460,买盘
616,13:14:27,4.69,--,30,14070,卖盘
617,13:14:06,4.69,--,109,51121,卖盘
618,13:13:48,4.69,--,50,23450,卖盘
619,13:13:30,4.69,--,7,3283,卖盘
620,13:13:27,4.69,--,40,18760,卖盘
621,13:13:15,4.69,--,5,2345,卖盘
622,13:13:06,4.69,--,91,42679,卖盘
623,13:12:57,4.69,--,20,9380,卖盘
624,13:12:36,4.69,0.01,404,189476,买盘
625,13:12:00,4.68,--,10,4680,卖盘
626,13:11:57,4.68,-0.01,12,5616,卖盘
627,13:10:51,4.69,0.01,23,10787,买盘
628,13:10:45,4.68,--,36,16848,买盘
629,13:10:36,4.68,-0.01,103,48204,卖盘
630,13:10:30,4.69,0.02,5,2345,买盘
631,13:10:21,4.67,-0.01,3,1401,卖盘
632,13:10:00,4.68,0.01,259,121211,买盘
633,13:09:48,4.67,-0.01,56,26152,卖盘
634,13:09:39,4.68,--,60,28080,买盘
635,13:09:36,4.68,--,21,9828,买盘
636,13:09:24,4.68,--,8,3744,买盘
637,13:09:12,4.68,--,2,936,买盘
638,13:09:03,4.68,--,30,14040,卖盘
639,13:08:15,4.68,-0.01,50,23400,卖盘
640,13:08:00,4.69,0.01,50,23450,买盘
641,13:07:54,4.68,-0.01,1,468,卖盘
642,13:07:30,4.69,0.01,1,469,买盘
643,13:07:27,4.68,--,9,4212,卖盘
644,13:06:48,4.68,--,4,1872,卖盘
645,13:06:45,4.68,--,10,4680,卖盘
646,13:06:12,4.68,-0.01,230,107640,卖盘
647,13:06:09,4.69,0.01,3,1407,买盘
648,13:05:51,4.68,--,4,1872,卖盘
649,13:05:27,4.68,--,119,55692,卖盘
650,13:04:57,4.68,-0.01,2,936,卖盘
651,13:04:54,4.69,0.01,27,12663,买盘
652,13:04:51,4.68,--,300,140400,卖盘
653,13:04:03,4.68,-0.01,50,23400,卖盘
654,13:03:30,4.69,--,4,1876,买盘
655,13:03:21,4.69,--,8,3752,买盘
656,13:03:15,4.69,--,21,9849,卖盘
657,13:03:03,4.69,--,25,11725,卖盘
658,13:02:54,4.69,--,5,2345,卖盘
659,13:02:39,4.69,--,27,12663,卖盘
660,13:02:27,4.69,--,1,469,卖盘
661,13:02:09,4.69,--,55,25795,卖盘
662,13:02:00,4.69,--,1,469,卖盘
663,13:01:45,4.69,-0.01,3,1407,卖盘
664,13:01:42,4.7,--,1,470,买盘
665,13:01:33,4.7,0.01,4,1880,买盘
666,13:00:09,4.69,-0.01,13,6097,卖盘
667,13:00:03,4.7,--,1514,711580,买盘
668,13:00:00,4.7,--,0,0,买盘
669,11:30:00,4.7,--,0,0,买盘
670,11:29:54,4.7,0.02,322,151340,买盘
671,11:29:30,4.68,--,4,1872,卖盘
672,11:28:45,4.68,-0.01,72,33696,卖盘
673,11:28:36,4.69,--,3,1407,买盘
674,11:28:27,4.69,0.01,5,2345,买盘
675,11:28:15,4.68,--,167,78156,卖盘
676,11:27:45,4.68,--,3,1404,卖盘
677,11:27:30,4.68,--,20,9360,卖盘
678,11:27:12,4.68,--,6,2808,卖盘
679,11:27:09,4.68,-0.02,139,65051,卖盘
680,11:26:54,4.7,0.01,100,47000,买盘
681,11:26:33,4.69,-0.01,11,5238,卖盘
682,11:26:18,4.7,0.01,15,7050,买盘
683,11:25:45,4.69,--,14,6566,卖盘
684,11:25:06,4.69,--,10,4690,卖盘
685,11:24:57,4.69,--,12,5628,卖盘
686,11:24:54,4.69,--,12,5628,卖盘
687,11:24:45,4.69,--,17,8362,卖盘
688,11:24:42,4.69,--,20,9380,卖盘
689,11:24:15,4.69,-0.01,2,938,卖盘
690,11:23:48,4.7,0.01,1,470,买盘
691,11:22:54,4.69,0.01,12,5628,买盘
692,11:22:39,4.68,-0.01,2,936,卖盘
693,11:22:33,4.69,0.01,8,3752,买盘
694,11:21:57,4.68,-0.02,157,73476,卖盘
695,11:21:39,4.7,0.02,100,47000,买盘
696,11:21:33,4.68,-0.02,127,59436,卖盘
697,11:21:03,4.7,0.01,19,8930,买盘
698,11:21:00,4.69,--,200,93800,卖盘
699,11:20:45,4.69,--,100,46900,买盘
700,11:20:30,4.69,0.01,124,58156,买盘
701,11:20:21,4.68,--,34,15911,卖盘
702,11:19:45,4.68,--,76,35568,卖盘
703,11:19:18,4.68,--,200,93600,卖盘
704,11:19:03,4.68,-0.01,1,468,卖盘
705,11:18:39,4.69,0.01,36,16884,买盘
706,11:18:03,4.68,-0.01,1,468,卖盘
707,11:17:45,4.69,--,10,4690,买盘
708,11:17:12,4.69,0.01,10,4690,卖盘
709,11:17:00,4.68,-0.01,9,4212,卖盘
710,11:16:57,4.69,--,5,2345,买盘
711,11:16:30,4.69,0.01,1000,469000,买盘
712,11:16:15,4.68,--,40,18720,卖盘
713,11:15:39,4.68,--,32,14976,卖盘
714,11:15:33,4.68,--,2,936,卖盘
715,11:15:21,4.68,--,7,3276,卖盘
716,11:15:06,4.68,--,187,87516,买盘
717,11:14:57,4.68,0.01,300,140400,买盘
718,11:14:51,4.67,-0.01,1,467,卖盘
719,11:14:48,4.68,--,300,140400,买盘
720,11:14:12,4.68,0.01,21,9828,买盘
721,11:14:06,4.67,--,80,37360,卖盘
722,11:13:33,4.67,--,4,1868,卖盘
723,11:13:21,4.67,--,199,92933,卖盘
724,11:12:48,4.67,--,237,110679,卖盘
725,11:12:39,4.67,-0.01,10,4670,卖盘
726,11:12:33,4.68,--,40,18720,买盘
727,11:12:18,4.68,0.01,3,1404,买盘
728,11:12:03,4.67,--,36,16812,卖盘
729,11:11:51,4.67,--,17,7939,卖盘
730,11:11:33,4.67,--,800,373600,卖盘
731,11:11:30,4.67,-0.01,10,4670,卖盘
732,11:11:18,4.68,--,100,46800,买盘
733,11:11:15,4.68,--,1,468,买盘
734,11:10:21,4.68,--,1,468,卖盘
735,11:10:15,4.68,--,72,33696,卖盘
736,11:10:12,4.68,--,21,9828,卖盘
737,11:10:06,4.68,--,1,468,卖盘
738,11:10:03,4.68,-0.01,212,99216,卖盘
739,11:10:00,4.69,0.01,10,4690,买盘
740,11:09:57,4.68,--,500,234000,卖盘
741,11:09:45,4.68,-0.01,3,1404,卖盘
742,11:09:39,4.69,-0.01,25,11725,中性盘
743,11:09:18,4.7,0.02,10,4700,买盘
744,11:09:00,4.68,-0.01,315,147420,卖盘
745,11:08:51,4.69,--,1,469,卖盘
746,11:08:48,4.69,--,16,7504,卖盘
747,11:08:33,4.69,0.01,45,21105,买盘
748,11:08:18,4.68,-0.01,69,32291,卖盘
749,11:08:09,4.69,--,66,30954,买盘
750,11:08:00,4.69,0.01,27,12663,中性盘
751,11:07:33,4.68,--,103,48204,卖盘
752,11:07:21,4.68,-0.01,308,144144,卖盘
753,11:07:18,4.69,-0.01,20,9380,卖盘
754,11:07:09,4.7,--,1,470,卖盘
755,11:07:00,4.7,--,99,46530,买盘
756,11:06:36,4.7,0.01,42,19740,买盘
757,11:06:09,4.69,--,22,10318,卖盘
758,11:06:06,4.69,--,1,469,卖盘
759,11:06:00,4.69,--,5,2345,卖盘
760,11:05:57,4.69,-0.01,10,4690,卖盘
761,11:05:51,4.7,--,141,66270,买盘
762,11:05:42,4.7,--,1,470,买盘
763,11:04:54,4.7,--,39,18330,买盘
764,11:04:18,4.7,0.01,20,9400,买盘
765,11:03:42,4.69,--,13,6097,卖盘
766,11:03:15,4.69,--,172,80668,买盘
767,11:03:12,4.69,--,1,469,买盘
768,11:03:09,4.69,0.01,50,23450,买盘
769,11:03:06,4.68,--,205,95940,卖盘
770,11:03:03,4.68,--,45,21060,卖盘
771,11:02:06,4.68,--,50,23400,卖盘
772,11:02:00,4.68,--,217,101556,卖盘
773,11:01:00,4.68,--,4,1872,卖盘
774,11:00:36,4.68,--,20,9360,卖盘
775,11:00:33,4.68,--,9,4212,卖盘
776,11:00:21,4.68,--,2,936,卖盘
777,10:59:57,4.68,--,10,4680,卖盘
778,10:59:27,4.68,-0.01,2,936,卖盘
779,10:58:54,4.69,--,33,15477,买盘
780,10:58:21,4.69,--,1,469,买盘
781,10:58:06,4.69,0.01,1,469,买盘
782,10:57:51,4.68,--,2,936,卖盘
783,10:57:45,4.68,--,2,936,卖盘
784,10:57:42,4.68,--,3,1404,卖盘
785,10:57:03,4.68,--,37,17316,卖盘
786,10:56:42,4.68,--,1,468,卖盘
787,10:56:39,4.68,--,50,23400,卖盘
788,10:55:54,4.68,-0.01,2,936,卖盘
789,10:55:48,4.69,--,3,1407,买盘
790,10:55:33,4.69,0.01,20,9380,买盘
791,10:55:21,4.68,-0.01,57,26676,卖盘
792,10:55:15,4.69,--,8,3752,买盘
793,10:55:06,4.69,-0.01,266,124754,卖盘
794,10:55:00,4.7,--,38,17860,买盘
795,10:54:21,4.7,0.01,10,4700,买盘
796,10:54:00,4.69,--,66,30954,卖盘
797,10:53:39,4.69,--,29,13601,卖盘
798,10:53:36,4.69,--,11,5159,卖盘
799,10:53:06,4.69,-0.01,24,11256,卖盘
800,10:52:36,4.7,--,7,3290,卖盘
801,10:52:33,4.7,--,80,37600,卖盘
802,10:52:18,4.7,--,10,4700,卖盘
803,10:52:15,4.7,0.01,93,43710,买盘
804,10:51:57,4.69,--,15,7035,卖盘
805,10:51:42,4.69,--,29,13601,卖盘
806,10:51:24,4.69,-0.01,80,37520,卖盘
807,10:51:15,4.7,--,2,940,买盘
808,10:50:48,4.7,--,2,940,买盘
809,10:50:36,4.7,0.01,40,18800,买盘
810,10:50:00,4.69,--,100,46900,卖盘
811,10:49:27,4.69,-0.01,1,469,中性盘
812,10:48:54,4.7,0.03,7,3290,买盘
813,10:48:51,4.67,-0.01,900,420300,卖盘
814,10:48:48,4.68,--,17,7955,卖盘
815,10:48:21,4.68,-0.01,100,46800,卖盘
816,10:48:00,4.69,--,5,2345,卖盘
817,10:47:45,4.69,-0.01,10,4690,卖盘
818,10:47:00,4.7,--,18,8460,买盘
819,10:46:57,4.7,--,20,9400,买盘
820,10:46:30,4.7,--,30,14100,买盘
821,10:46:18,4.7,--,375,176250,卖盘
822,10:46:15,4.7,--,1,470,卖盘
823,10:46:12,4.7,--,18,8460,卖盘
824,10:46:09,4.7,--,6,2820,卖盘
825,10:46:00,4.7,--,153,71910,卖盘
826,10:45:57,4.7,--,53,24910,卖盘
827,10:45:51,4.7,--,5,2350,卖盘
828,10:45:27,4.7,-0.01,1,470,卖盘
829,10:44:00,4.71,0.01,1,471,买盘
830,10:43:57,4.7,-0.01,10,4700,卖盘
831,10:43:42,4.71,--,24,11304,买盘
832,10:43:39,4.71,--,409,192639,买盘
833,10:43:18,4.71,0.01,11,5181,买盘
834,10:43:06,4.7,-0.01,20,9400,卖盘
835,10:42:45,4.71,--,4,1884,买盘
836,10:42:15,4.71,--,130,61230,买盘
837,10:42:12,4.71,--,29,13659,卖盘
838,10:42:09,4.71,--,63,29673,卖盘
839,10:41:51,4.71,--,40,18840,卖盘
840,10:41:45,4.71,--,24,11304,卖盘
841,10:41:42,4.71,--,344,162024,买盘
842,10:41:33,4.71,--,62,29202,买盘
843,10:41:15,4.71,0.01,150,70650,买盘
844,10:41:09,4.7,--,166,78020,卖盘
845,10:40:42,4.7,-0.01,300,141000,卖盘
846,10:40:39,4.71,0.01,104,48984,买盘
847,10:40:27,4.7,--,13,6110,卖盘
848,10:40:00,4.7,--,120,56400,卖盘
849,10:39:51,4.7,--,13,6110,卖盘
850,10:39:48,4.7,-0.01,175,82250,卖盘
851,10:39:33,4.71,--,5,2355,买盘
852,10:39:00,4.71,--,3,1413,买盘
853,10:38:36,4.71,--,10,4710,买盘
854,10:38:09,4.71,0.01,5,2355,买盘
855,10:38:03,4.7,--,100,47000,卖盘
856,10:37:57,4.7,-0.01,49,23030,卖盘
857,10:37:09,4.71,--,89,41919,买盘
858,10:37:06,4.71,--,61,28731,卖盘
859,10:37:03,4.71,--,94,44274,卖盘
860,10:36:54,4.71,--,5,2355,卖盘
861,10:36:45,4.71,--,100,47100,卖盘
862,10:36:42,4.71,--,250,117750,买盘
863,10:36:36,4.71,--,370,174270,买盘
864,10:36:30,4.71,--,81,38151,买盘
865,10:36:24,4.71,--,216,101736,买盘
866,10:36:21,4.71,--,200,94200,买盘
867,10:36:18,4.71,--,178,83838,买盘
868,10:36:12,4.71,0.01,99,46629,买盘
869,10:36:06,4.7,-0.01,100,47000,卖盘
870,10:35:45,4.71,0.01,17,8007,买盘
871,10:35:30,4.7,--,240,112800,买盘
872,10:35:27,4.7,0.01,2,940,买盘
873,10:35:24,4.69,-0.01,100,46900,卖盘
874,10:35:21,4.7,--,69,32430,买盘
875,10:35:15,4.7,--,16,7520,买盘
876,10:35:12,4.7,--,2,940,买盘
877,10:35:00,4.7,--,40,18800,买盘
878,10:34:54,4.7,--,42,19740,买盘
879,10:34:48,4.7,--,205,96350,买盘
880,10:34:45,4.7,--,40,18800,买盘
881,10:34:36,4.7,0.01,30,14100,买盘
882,10:34:30,4.69,0.01,266,124754,买盘
883,10:34:03,4.68,--,43,20124,卖盘
884,10:33:57,4.68,-0.01,20,9360,卖盘
885,10:33:51,4.69,0.01,2,938,买盘
886,10:33:18,4.68,--,150,70200,卖盘
887,10:33:12,4.68,--,24,11232,卖盘
888,10:33:03,4.68,--,374,175032,卖盘
889,10:32:54,4.68,--,37,17316,卖盘
890,10:32:45,4.68,--,8,3744,卖盘
891,10:32:30,4.68,-0.01,100,46800,卖盘
892,10:32:18,4.69,0.01,39,18291,买盘
893,10:32:09,4.68,-0.01,1,468,卖盘
894,10:31:54,4.69,--,100,46900,买盘
895,10:31:48,4.69,0.01,2,938,买盘
896,10:31:39,4.68,-0.01,150,70200,卖盘
897,10:31:30,4.69,0.01,15,7035,买盘
898,10:31:18,4.68,-0.01,300,140400,卖盘
899,10:31:15,4.69,0.01,10,4690,买盘
900,10:31:03,4.68,--,191,89388,买盘
901,10:30:54,4.68,--,53,24804,买盘
902,10:30:45,4.68,--,30,14040,买盘
903,10:30:42,4.68,0.01,11,5148,买盘
904,10:30:33,4.67,-0.01,1,467,卖盘
905,10:30:00,4.68,--,2,936,买盘
906,10:29:48,4.68,--,11,5148,买盘
907,10:29:39,4.68,0.01,21,9828,买盘
908,10:29:36,4.67,-0.01,29,13543,卖盘
909,10:29:30,4.68,0.01,20,9360,买盘
910,10:29:21,4.67,-0.01,1,467,卖盘
911,10:29:18,4.68,--,23,10764,买盘
912,10:29:15,4.68,--,33,15443,买盘
913,10:29:12,4.68,--,30,14040,买盘
914,10:29:09,4.68,--,110,51480,买盘
915,10:29:00,4.68,--,92,43056,卖盘
916,10:28:48,4.68,--,2,936,卖盘
917,10:28:39,4.68,--,172,80496,卖盘
918,10:28:36,4.68,--,147,68796,卖盘
919,10:28:24,4.68,--,12,5616,卖盘
920,10:28:18,4.68,--,7,3276,卖盘
921,10:28:12,4.68,--,146,68328,卖盘
922,10:27:48,4.68,--,43,20124,买盘
923,10:27:39,4.68,--,61,28548,卖盘
924,10:27:33,4.68,-0.01,454,212472,卖盘
925,10:27:27,4.69,0.01,20,9380,买盘
926,10:27:12,4.68,--,20,9360,卖盘
927,10:26:36,4.68,-0.01,1,468,卖盘
928,10:26:33,4.69,--,9,4221,买盘
929,10:26:24,4.69,--,200,93800,买盘
930,10:26:18,4.69,0.01,4,1876,买盘
931,10:26:15,4.68,--,48,22464,卖盘
932,10:26:06,4.68,--,500,234000,卖盘
933,10:25:45,4.68,--,2,936,卖盘
934,10:25:33,4.68,-0.01,15,7020,卖盘
935,10:25:18,4.69,0.01,5,2345,买盘
936,10:25:12,4.68,-0.01,4,1872,卖盘
937,10:25:06,4.69,--,2,938,买盘
938,10:24:33,4.69,--,29,13601,买盘
939,10:24:27,4.69,--,74,34706,卖盘
940,10:23:39,4.69,--,15,7035,卖盘
941,10:23:33,4.69,--,200,93800,卖盘
942,10:23:30,4.69,--,3,1407,卖盘
943,10:23:27,4.69,-0.01,4,1876,卖盘
944,10:23:21,4.7,--,2,940,买盘
945,10:23:18,4.7,--,10,4700,买盘
946,10:22:42,4.7,--,100,47000,买盘
947,10:22:36,4.7,--,26,12220,卖盘
948,10:22:30,4.7,--,2,940,卖盘
949,10:22:27,4.7,--,90,42300,卖盘
950,10:22:24,4.7,--,5,2350,卖盘
951,10:22:21,4.7,--,10,4700,卖盘
952,10:22:09,4.7,--,60,28200,卖盘
953,10:22:06,4.7,--,8,3760,卖盘
954,10:22:00,4.7,--,309,145230,买盘
955,10:21:54,4.7,0.01,40,18800,买盘
956,10:21:51,4.69,--,4,1876,卖盘
957,10:21:42,4.69,-0.01,32,15008,卖盘
958,10:21:39,4.7,--,20,9400,买盘
959,10:21:27,4.7,--,20,9400,买盘
960,10:21:00,4.7,--,6,2820,买盘
961,10:20:27,4.7,--,10,4700,买盘
962,10:20:18,4.7,--,10,4700,买盘
963,10:20:12,4.7,--,42,19740,买盘
964,10:20:03,4.7,--,40,18800,买盘
965,10:19:51,4.7,0.01,1,470,买盘
966,10:19:45,4.69,--,17,7973,卖盘
967,10:19:42,4.69,-0.01,7,3283,卖盘
968,10:19:36,4.7,--,4,1880,买盘
969,10:19:15,4.7,--,22,10340,买盘
970,10:19:00,4.7,--,38,17860,买盘
971,10:18:54,4.7,--,2,940,买盘
972,10:18:45,4.7,-0.01,10,4700,卖盘
973,10:18:42,4.71,0.01,500,235500,买盘
974,10:18:39,4.7,--,100,47000,卖盘
975,10:18:24,4.7,-0.01,100,47000,卖盘
976,10:18:09,4.71,0.01,50,23550,买盘
977,10:18:03,4.7,--,6,2820,卖盘
978,10:17:57,4.7,--,14,6580,买盘
979,10:17:48,4.7,0.01,500,235000,买盘
980,10:17:45,4.69,-0.01,7,3283,卖盘
981,10:17:30,4.7,--,318,149460,买盘
982,10:17:15,4.7,--,3,1410,买盘
983,10:17:03,4.7,0.01,40,18800,买盘
984,10:16:54,4.69,--,4,1876,买盘
985,10:16:51,4.69,0.01,11,5159,买盘
986,10:16:48,4.68,-0.01,1,468,卖盘
987,10:16:45,4.69,--,424,198856,买盘
988,10:16:42,4.69,--,4,1876,买盘
989,10:16:39,4.69,--,40,18760,买盘
990,10:16:36,4.69,0.01,4,1876,买盘
991,10:16:27,4.68,--,4,1872,卖盘
992,10:16:21,4.68,--,65,30419,中性盘
993,10:16:12,4.68,0.01,20,9360,中性盘
994,10:15:15,4.67,-0.01,101,47167,卖盘
995,10:15:06,4.68,--,27,12636,卖盘
996,10:15:03,4.68,--,33,15443,卖盘
997,10:14:57,4.68,--,17,7955,卖盘
998,10:14:42,4.68,--,31,14508,卖盘
999,10:14:27,4.68,--,25,11700,卖盘
1000,10:14:15,4.68,-0.01,16,7488,卖盘
1001,10:14:06,4.69,0.01,3,1407,买盘
1002,10:14:00,4.68,--,13,6084,卖盘
1003,10:13:48,4.68,0.01,8,3744,买盘
1004,10:13:45,4.67,--,398,185866,卖盘
1005,10:13:33,4.67,-0.01,4,1868,卖盘
1006,10:13:24,4.68,0.01,43,20124,买盘
1007,10:13:18,4.67,-0.01,81,37827,卖盘
1008,10:13:15,4.68,--,150,70200,买盘
1009,10:12:48,4.68,0.01,15,7020,买盘
1010,10:12:42,4.67,-0.01,19,8873,卖盘
1011,10:12:30,4.68,--,50,23400,买盘
1012,10:12:27,4.68,--,51,23868,买盘
1013,10:12:21,4.68,--,50,23400,买盘
1014,10:12:09,4.68,--,14,6552,买盘
1015,10:12:06,4.68,--,70,32759,卖盘
1016,10:11:57,4.68,--,16,7488,卖盘
1017,10:11:51,4.68,--,2,936,卖盘
1018,10:11:33,4.68,--,166,77688,买盘
1019,10:11:30,4.68,--,1,468,买盘
1020,10:11:27,4.68,--,8,3744,买盘
1021,10:10:57,4.68,--,20,9360,买盘
1022,10:10:48,4.68,--,7,3276,买盘
1023,10:10:39,4.68,--,61,28548,买盘
1024,10:10:27,4.68,--,14,6552,买盘
1025,10:10:21,4.68,0.01,1,468,买盘
1026,10:10:12,4.67,-0.01,45,21015,卖盘
1027,10:09:48,4.68,0.01,3,1404,买盘
1028,10:09:45,4.67,-0.01,5,2335,卖盘
1029,10:09:30,4.68,0.01,8,3744,买盘
1030,10:09:27,4.67,-0.01,6,2802,卖盘
1031,10:09:12,4.68,--,233,109044,卖盘
1032,10:09:06,4.68,--,40,18720,卖盘
1033,10:08:57,4.68,--,500,234000,卖盘
1034,10:08:48,4.68,--,19,8892,卖盘
1035,10:08:33,4.68,-0.01,25,11700,卖盘
1036,10:08:27,4.69,--,110,51590,买盘
1037,10:07:51,4.69,--,4,1876,买盘
1038,10:07:39,4.69,0.01,1,469,买盘
1039,10:07:36,4.68,-0.01,99,46332,卖盘
1040,10:07:00,4.69,--,2,938,卖盘
1041,10:06:48,4.69,--,100,46900,卖盘
1042,10:06:45,4.69,0.01,51,23919,买盘
1043,10:06:30,4.68,--,13,6084,卖盘
1044,10:06:27,4.68,--,6,2808,卖盘
1045,10:06:24,4.68,-0.01,137,64115,卖盘
1046,10:06:12,4.69,--,138,64722,买盘
1047,10:05:36,4.69,0.01,10,4690,买盘
1048,10:05:27,4.68,-0.01,3,1404,卖盘
1049,10:05:06,4.69,0.01,6,2814,买盘
1050,10:04:39,4.68,-0.01,1,468,卖盘
1051,10:04:36,4.69,--,19,8911,买盘
1052,10:04:33,4.69,--,2,938,卖盘
1053,10:04:30,4.69,-0.01,5,2345,卖盘
1054,10:04:24,4.7,0.01,205,96350,买盘
1055,10:04:18,4.69,-0.01,7,3283,卖盘
1056,10:04:00,4.7,0.01,64,30080,买盘
1057,10:03:51,4.69,--,5,2345,卖盘
1058,10:03:30,4.69,--,25,11725,卖盘
1059,10:03:27,4.69,--,301,141169,卖盘
1060,10:03:18,4.69,--,7,3283,买盘
1061,10:03:15,4.69,--,18,8442,卖盘
1062,10:03:06,4.69,--,10,4690,卖盘
1063,10:03:03,4.69,--,300,140700,卖盘
1064,10:02:54,4.69,--,17,7973,卖盘
1065,10:02:48,4.69,-0.01,696,326424,买盘
1066,10:02:42,4.7,--,32,15040,买盘
1067,10:02:39,4.7,0.01,1,470,买盘
1068,10:02:18,4.69,-0.01,122,57218,卖盘
1069,10:02:15,4.7,--,32,15040,买盘
1070,10:02:06,4.7,--,5,2350,买盘
1071,10:02:03,4.7,--,11,5170,买盘
1072,10:01:48,4.7,0.01,49,23030,买盘
1073,10:01:30,4.69,-0.01,300,140700,卖盘
1074,10:01:18,4.7,0.01,70,32900,买盘
1075,10:01:12,4.69,-0.01,5,2345,卖盘
1076,10:01:09,4.7,0.01,26,12220,买盘
1077,10:01:06,4.69,--,2,938,卖盘
1078,10:00:57,4.69,--,554,259826,买盘
1079,10:00:51,4.69,--,80,37520,买盘
1080,10:00:36,4.69,0.01,101,47369,买盘
1081,10:00:12,4.68,-0.01,59,27612,卖盘
1082,10:00:03,4.69,0.01,15,7035,买盘
1083,09:59:51,4.68,--,1,468,卖盘
1084,09:59:48,4.68,--,6,2808,卖盘
1085,09:59:45,4.68,--,13,6084,卖盘
1086,09:59:36,4.68,--,5,2340,卖盘
1087,09:59:09,4.68,--,290,135720,卖盘
1088,09:59:06,4.68,--,2,936,卖盘
1089,09:59:03,4.68,--,14,6552,卖盘
1090,09:58:57,4.68,--,53,24804,卖盘
1091,09:58:45,4.68,--,100,46800,卖盘
1092,09:58:36,4.68,-0.01,5,2340,卖盘
1093,09:58:27,4.69,--,23,10787,买盘
1094,09:58:24,4.69,--,5,2345,买盘
1095,09:58:12,4.69,0.01,5,2345,买盘
1096,09:58:09,4.68,-0.01,20,9360,卖盘
1097,09:57:57,4.69,0.01,10,4690,买盘
1098,09:57:54,4.68,-0.01,10,4680,卖盘
1099,09:57:51,4.69,--,20,9380,买盘
1100,09:57:39,4.69,-0.01,495,232155,卖盘
1101,09:57:36,4.7,--,100,47000,买盘
1102,09:57:27,4.7,--,80,37600,买盘
1103,09:57:21,4.7,--,23,10810,买盘
1104,09:56:57,4.7,0.01,85,39950,买盘
1105,09:56:48,4.69,--,46,21574,买盘
1106,09:56:39,4.69,--,20,9380,买盘
1107,09:56:30,4.69,--,196,91924,买盘
1108,09:56:15,4.69,0.01,12,5628,买盘
1109,09:55:51,4.68,-0.01,36,16848,卖盘
1110,09:55:45,4.69,--,5,2345,买盘
1111,09:55:42,4.69,--,12,5628,卖盘
1112,09:55:39,4.69,--,21,9849,卖盘
1113,09:55:36,4.69,--,30,14070,卖盘
1114,09:55:33,4.69,0.01,42,19698,买盘
1115,09:55:30,4.68,-0.01,5,2340,卖盘
1116,09:55:24,4.69,--,2,938,买盘
1117,09:55:18,4.69,--,47,22043,买盘
1118,09:55:12,4.69,--,25,11725,买盘
1119,09:55:06,4.69,--,93,43617,买盘
1120,09:55:00,4.69,--,21,9849,买盘
1121,09:54:51,4.69,--,3,1407,买盘
1122,09:54:48,4.69,--,60,28140,买盘
1123,09:54:42,4.69,-0.01,28,13132,卖盘
1124,09:54:39,4.7,0.01,3,1410,买盘
1125,09:54:30,4.69,--,5,2345,卖盘
1126,09:54:27,4.69,--,10,4690,卖盘
1127,09:54:18,4.69,0.01,505,236845,买盘
1128,09:54:00,4.68,-0.01,300,140400,卖盘
1129,09:53:57,4.69,0.01,35,16415,买盘
1130,09:53:51,4.68,--,6,2808,卖盘
1131,09:53:48,4.68,--,2,936,卖盘
1132,09:53:42,4.68,-0.01,5,2340,卖盘
1133,09:53:39,4.69,0.01,22,10318,买盘
1134,09:53:30,4.68,0.01,198,92664,买盘
1135,09:53:27,4.67,--,69,32223,卖盘
1136,09:53:21,4.67,--,6,2802,卖盘
1137,09:53:15,4.67,-0.01,6,2802,卖盘
1138,09:53:06,4.68,--,24,11232,买盘
1139,09:53:03,4.68,0.01,123,57564,买盘
1140,09:52:54,4.67,-0.01,11,5137,卖盘
1141,09:52:45,4.68,0.01,10,4680,买盘
1142,09:52:36,4.67,--,70,32690,卖盘
1143,09:52:30,4.67,--,11,5137,卖盘
1144,09:52:03,4.67,--,11,5137,卖盘
1145,09:51:57,4.67,-0.01,6,2802,卖盘
1146,09:51:54,4.68,--,5,2340,买盘
1147,09:51:42,4.68,0.01,511,239148,买盘
1148,09:51:39,4.67,--,11,5137,卖盘
1149,09:51:36,4.67,--,331,154577,卖盘
1150,09:51:15,4.67,0.01,51,23817,买盘
1151,09:51:09,4.66,-0.01,11,5126,卖盘
1152,09:51:03,4.67,--,110,51370,买盘
1153,09:51:00,4.67,--,20,9340,买盘
1154,09:50:51,4.67,--,59,27553,卖盘
1155,09:50:48,4.67,--,3,1401,卖盘
1156,09:50:45,4.67,--,50,23350,卖盘
1157,09:50:39,4.67,--,1,467,卖盘
1158,09:50:33,4.67,--,2,934,卖盘
1159,09:50:24,4.67,-0.01,11,5137,卖盘
1160,09:50:03,4.68,--,26,12168,卖盘
1161,09:49:54,4.68,--,11,5148,卖盘
1162,09:49:39,4.68,0.01,894,418392,买盘
1163,09:49:36,4.67,0.01,1,467,买盘
1164,09:49:24,4.66,-0.01,11,5126,卖盘
1165,09:49:21,4.67,--,67,31289,卖盘
1166,09:49:18,4.67,-0.01,12,5604,卖盘
1167,09:49:15,4.68,0.01,43,20124,买盘
1168,09:49:12,4.67,--,102,47634,卖盘
1169,09:49:03,4.67,--,35,16345,卖盘
1170,09:49:00,4.67,--,66,30822,卖盘
1171,09:48:54,4.67,-0.01,16,7472,卖盘
1172,09:48:51,4.68,0.01,10,4680,买盘
1173,09:48:45,4.67,-0.01,10,4670,卖盘
1174,09:48:42,4.68,0.01,10,4680,买盘
1175,09:48:36,4.67,-0.01,282,131694,卖盘
1176,09:48:33,4.68,0.01,23,10764,买盘
1177,09:48:30,4.67,-0.01,500,233500,卖盘
1178,09:48:27,4.68,--,20,9360,买盘
1179,09:48:24,4.68,0.01,183,85644,买盘
1180,09:48:21,4.67,-0.01,12,5604,卖盘
1181,09:48:15,4.68,--,137,64115,卖盘
1182,09:48:12,4.68,--,92,43056,买盘
1183,09:48:06,4.68,--,5,2340,买盘
1184,09:48:03,4.68,--,134,62711,买盘
1185,09:47:57,4.68,0.01,36,16848,买盘
1186,09:47:51,4.67,-0.01,44,20548,卖盘
1187,09:47:45,4.68,--,25,11700,买盘
1188,09:47:42,4.68,--,5,2340,买盘
1189,09:47:39,4.68,--,70,32759,买盘
1190,09:47:36,4.68,--,13,6084,买盘
1191,09:47:33,4.68,--,25,11700,买盘
1192,09:47:30,4.68,--,120,56160,买盘
1193,09:47:27,4.68,--,31,14508,买盘
1194,09:47:21,4.68,--,90,42120,卖盘
1195,09:47:18,4.68,--,111,51948,买盘
1196,09:47:12,4.68,--,177,82836,买盘
1197,09:47:03,4.68,--,8,3744,买盘
1198,09:47:00,4.68,0.01,253,118404,买盘
1199,09:46:57,4.67,--,60,28020,卖盘
1200,09:46:54,4.67,-0.01,11,5137,卖盘
1201,09:46:48,4.68,--,30,14040,买盘
1202,09:46:45,4.68,--,42,19656,买盘
1203,09:46:39,4.68,--,10,4680,买盘
1204,09:46:36,4.68,0.01,2,936,买盘
1205,09:46:33,4.67,--,11,5137,卖盘
1206,09:46:18,4.67,--,300,140100,卖盘
1207,09:46:12,4.67,0.01,557,260119,买盘
1208,09:46:09,4.66,-0.01,41,19106,卖盘
1209,09:46:03,4.67,--,12,5604,买盘
1210,09:46:00,4.67,0.01,4,1868,买盘
1211,09:45:57,4.66,-0.01,30,13980,卖盘
1212,09:45:54,4.67,--,11,5137,买盘
1213,09:45:51,4.67,0.01,86,40162,买盘
1214,09:45:48,4.66,--,11,5126,卖盘
1215,09:45:45,4.66,--,50,23300,卖盘
1216,09:45:42,4.66,--,42,19572,买盘
1217,09:45:36,4.66,--,5,2330,买盘
1218,09:45:30,4.66,--,11,5126,买盘
1219,09:45:27,4.66,0.01,16,7456,中性盘
1220,09:45:21,4.65,-0.02,124,57660,卖盘
1221,09:45:18,4.67,--,203,94801,买盘
1222,09:45:12,4.67,0.01,63,29421,买盘
1223,09:45:09,4.66,--,21,9786,卖盘
1224,09:45:03,4.66,-0.01,11,5126,卖盘
1225,09:44:57,4.67,0.01,6,2802,买盘
1226,09:44:54,4.66,--,10,4660,卖盘
1227,09:44:48,4.66,--,21,9786,卖盘
1228,09:44:45,4.66,--,3,1398,卖盘
1229,09:44:39,4.66,-0.01,205,95530,卖盘
1230,09:44:36,4.67,0.01,148,69116,买盘
1231,09:44:33,4.66,0.01,11,5126,中性盘
1232,09:44:24,4.65,--,89,41385,卖盘
1233,09:44:21,4.65,--,3,1395,卖盘
1234,09:44:15,4.65,--,180,83700,卖盘
1235,09:44:12,4.65,-0.01,202,93930,卖盘
1236,09:44:09,4.66,--,6,2796,买盘
1237,09:44:06,4.66,0.01,10,4660,买盘
1238,09:44:03,4.65,--,26,12090,卖盘
1239,09:43:51,4.65,-0.01,11,5115,卖盘
1240,09:43:48,4.66,0.01,5,2330,买盘
1241,09:43:45,4.65,--,273,126945,卖盘
1242,09:43:42,4.65,--,7,3255,卖盘
1243,09:43:39,4.65,-0.02,624,290160,卖盘
1244,09:43:36,4.67,0.02,8,3736,买盘
1245,09:43:33,4.65,--,252,117180,卖盘
1246,09:43:30,4.65,-0.01,613,285045,卖盘
1247,09:43:27,4.66,--,11,5126,卖盘
1248,09:43:24,4.66,--,714,332724,买盘
1249,09:43:21,4.66,--,2,932,买盘
1250,09:43:15,4.66,0.01,2,932,买盘
1251,09:43:12,4.65,--,12,5580,卖盘
1252,09:43:03,4.65,-0.01,55,25575,卖盘
1253,09:42:51,4.66,--,150,69900,买盘
1254,09:42:48,4.66,0.01,5,2330,买盘
1255,09:42:42,4.65,--,89,41385,卖盘
1256,09:42:36,4.65,--,20,9300,卖盘
1257,09:42:30,4.65,--,11,5115,卖盘
1258,09:42:27,4.65,-0.01,83,38595,卖盘
1259,09:42:24,4.66,0.01,538,250708,买盘
1260,09:42:21,4.65,--,8,3720,买盘
1261,09:42:12,4.65,--,50,23250,买盘
1262,09:42:09,4.65,-0.01,366,170190,卖盘
1263,09:42:06,4.66,--,28,13048,买盘
1264,09:41:57,4.66,--,3,1398,买盘
1265,09:41:54,4.66,--,429,199914,买盘
1266,09:41:42,4.66,--,3,1398,买盘
1267,09:41:36,4.66,0.01,46,21436,买盘
1268,09:41:33,4.65,--,50,23250,卖盘
1269,09:41:30,4.65,--,1,465,卖盘
1270,09:41:24,4.65,-0.01,29,13485,卖盘
1271,09:41:21,4.66,--,216,100656,买盘
1272,09:41:18,4.66,--,119,55454,买盘
1273,09:41:06,4.66,--,142,66172,买盘
1274,09:41:00,4.66,--,45,20970,买盘
1275,09:40:57,4.66,0.01,48,22368,买盘
1276,09:40:54,4.65,--,3,1395,卖盘
1277,09:40:51,4.65,-0.01,36,16740,卖盘
1278,09:40:42,4.66,--,15,6990,买盘
1279,09:40:36,4.66,--,2,932,买盘
1280,09:40:33,4.66,0.01,30,13980,买盘
1281,09:40:30,4.65,-0.01,3,1395,卖盘
1282,09:40:21,4.66,--,22,10252,买盘
1283,09:40:18,4.66,--,381,177546,买盘
1284,09:40:15,4.66,--,38,17708,买盘
1285,09:40:12,4.66,--,25,11650,卖盘
1286,09:40:09,4.66,--,2,932,卖盘
1287,09:40:03,4.66,--,24,11184,买盘
1288,09:40:00,4.66,--,63,29358,买盘
1289,09:39:54,4.66,--,2,932,买盘
1290,09:39:48,4.66,--,28,13048,卖盘
1291,09:39:45,4.66,--,10,4660,卖盘
1292,09:39:39,4.66,--,4,1864,卖盘
1293,09:39:36,4.66,--,52,24232,买盘
1294,09:39:33,4.66,--,5,2330,买盘
1295,09:39:27,4.66,--,100,46600,买盘
1296,09:39:24,4.66,--,5,2330,买盘
1297,09:39:21,4.66,--,191,89006,买盘
1298,09:39:18,4.66,--,59,27494,买盘
1299,09:39:15,4.66,--,49,22834,买盘
1300,09:39:12,4.66,--,8,3728,买盘
1301,09:39:09,4.66,--,2,932,买盘
1302,09:39:00,4.66,--,5,2330,买盘
1303,09:38:57,4.66,--,341,158906,卖盘
1304,09:38:51,4.66,-0.01,43,20038,卖盘
1305,09:38:48,4.67,--,20,9340,买盘
1306,09:38:36,4.67,--,16,7472,买盘
1307,09:38:30,4.67,--,12,5604,买盘
1308,09:38:27,4.67,--,95,44365,买盘
1309,09:38:24,4.67,--,5,2335,买盘
1310,09:38:18,4.67,--,25,11675,买盘
1311,09:38:15,4.67,0.01,10,4670,买盘
1312,09:38:06,4.66,--,47,21902,买盘
1313,09:38:03,4.66,--,158,73628,买盘
1314,09:38:00,4.66,0.01,796,370936,买盘
1315,09:37:57,4.65,-0.01,34,15810,卖盘
1316,09:37:54,4.66,0.01,99,46134,买盘
1317,09:37:51,4.65,-0.01,11,5115,卖盘
1318,09:37:39,4.66,--,20,9320,买盘
1319,09:37:36,4.66,0.01,1,466,买盘
1320,09:37:33,4.65,--,4,1860,卖盘
1321,09:37:30,4.65,--,31,14415,买盘
1322,09:37:27,4.65,--,121,56265,买盘
1323,09:37:24,4.65,0.01,25,11625,买盘
1324,09:37:21,4.64,-0.01,6,2784,卖盘
1325,09:37:18,4.65,--,13,6045,买盘
1326,09:37:15,4.65,0.01,108,50220,买盘
1327,09:37:12,4.64,-0.01,10,4640,卖盘
1328,09:37:09,4.65,--,121,56265,买盘
1329,09:37:06,4.65,0.01,10,4650,买盘
1330,09:37:03,4.64,--,119,55215,卖盘
1331,09:37:00,4.64,-0.01,11,5104,卖盘
1332,09:36:51,4.65,--,10,4650,买盘
1333,09:36:39,4.65,0.01,100,46500,买盘
1334,09:36:36,4.64,--,14,6496,卖盘
1335,09:36:33,4.64,--,11,5104,卖盘
1336,09:36:30,4.64,--,19,8816,卖盘
1337,09:36:27,4.64,--,13,6032,卖盘
1338,09:36:24,4.64,--,89,41296,卖盘
1339,09:36:21,4.64,--,11,5104,卖盘
1340,09:36:15,4.64,--,1,463,卖盘
1341,09:36:12,4.64,--,11,5104,卖盘
1342,09:36:03,4.64,--,15,6959,卖盘
1343,09:35:57,4.64,-0.01,134,62175,卖盘
1344,09:35:51,4.65,--,41,19065,买盘
1345,09:35:48,4.65,--,21,9765,买盘
1346,09:35:45,4.65,--,10,4650,买盘
1347,09:35:39,4.65,0.01,46,21390,买盘
1348,09:35:30,4.64,--,50,23200,卖盘
1349,09:35:27,4.64,--,61,28303,买盘
1350,09:35:24,4.64,--,28,12992,买盘
1351,09:35:21,4.64,--,59,27375,买盘
1352,09:35:18,4.64,0.01,30,13919,买盘
1353,09:35:15,4.63,-0.01,214,99082,卖盘
1354,09:35:12,4.64,0.01,20,9280,买盘
1355,09:35:09,4.63,-0.01,123,56949,卖盘
1356,09:35:06,4.64,0.01,10,4640,买盘
1357,09:35:03,4.63,-0.01,314,145382,卖盘
1358,09:35:00,4.64,0.01,13,6032,买盘
1359,09:34:51,4.63,-0.01,12,5556,卖盘
1360,09:34:45,4.64,--,20,9280,买盘
1361,09:34:42,4.64,--,111,51504,买盘
1362,09:34:39,4.64,--,1,463,买盘
1363,09:34:36,4.64,-0.01,169,78416,中性盘
1364,09:34:30,4.65,0.01,110,51150,买盘
1365,09:34:27,4.64,--,10,4640,卖盘
1366,09:34:24,4.64,-0.01,67,31087,卖盘
1367,09:34:21,4.65,0.02,15,6975,买盘
1368,09:34:15,4.63,-0.02,228,105564,卖盘
1369,09:34:12,4.65,0.01,13,6045,买盘
1370,09:34:09,4.64,-0.01,72,33408,卖盘
1371,09:34:06,4.65,--,221,102765,买盘
1372,09:33:51,4.65,--,2,930,买盘
1373,09:33:48,4.65,--,10,4650,买盘
1374,09:33:45,4.65,--,92,42780,卖盘
1375,09:33:42,4.65,-0.01,12,5580,卖盘
1376,09:33:36,4.66,--,12,5592,买盘
1377,09:33:24,4.66,--,38,17708,卖盘
1378,09:33:09,4.66,0.01,3,1398,中性盘
1379,09:33:06,4.65,--,39,18135,卖盘
1380,09:33:03,4.65,-0.01,89,41385,卖盘
1381,09:33:00,4.66,--,34,15844,买盘
1382,09:32:57,4.66,--,30,13980,买盘
1383,09:32:54,4.66,--,36,16776,买盘
1384,09:32:48,4.66,--,16,7456,买盘
1385,09:32:42,4.66,0.01,31,14446,买盘
1386,09:32:39,4.65,-0.01,11,5115,卖盘
1387,09:32:36,4.66,--,45,20970,买盘
1388,09:32:24,4.66,-0.01,189,88074,卖盘
1389,09:32:18,4.67,0.01,399,186333,买盘
1390,09:32:15,4.66,--,53,24698,卖盘
1391,09:32:12,4.66,-0.01,6,2796,卖盘
1392,09:32:06,4.67,--,143,66781,买盘
1393,09:32:03,4.67,0.01,50,23350,买盘
1394,09:32:00,4.66,--,107,49862,卖盘
1395,09:31:57,4.66,--,49,22834,卖盘
1396,09:31:54,4.66,--,4,1864,卖盘
1397,09:31:51,4.66,0.01,121,56386,买盘
1398,09:31:48,4.65,0.01,10,4650,中性盘
1399,09:31:39,4.64,-0.01,50,23200,卖盘
1400,09:31:27,4.65,0.01,274,127410,买盘
1401,09:31:21,4.64,--,18,8352,买盘
1402,09:31:18,4.64,-0.01,5,2320,中性盘
1403,09:31:09,4.65,0.02,30,13950,买盘
1404,09:31:06,4.63,-0.01,181,83803,卖盘
1405,09:31:03,4.64,0.01,10,4640,买盘
1406,09:30:45,4.63,--,302,139826,卖盘
1407,09:30:42,4.63,--,36,16668,买盘
1408,09:30:39,4.63,--,210,97230,买盘
1409,09:30:36,4.63,--,89,41207,买盘
1410,09:30:33,4.63,-0.02,1093,506059,卖盘
1411,09:30:24,4.65,-0.01,62,28830,卖盘
1412,09:30:12,4.66,--,1,466,买盘
1413,09:30:09,4.66,--,4,1864,买盘
1414,09:30:06,4.66,0.01,79,36814,买盘
1415,09:30:03,4.65,-0.01,295,137175,卖盘
1416,09:30:00,4.66,--,0,0,卖盘
1417,09:25:03,4.66,4.66,589,274474,买盘
