,time,price,change,volume,amount,type
0,15:00:00,251.63,--,0,0,卖盘
1,15:00:00,251.63,-0.07,0,0,卖盘
2,14:59:59,251.7,-0.1,12,302040,卖盘
3,14:59:55,251.8,--,41,1032380,买盘
4,14:59:49,251.8,--,100,2518000,买盘
5,14:59:45,251.8,0.15,29,730220,买盘
6,14:59:40,251.65,--,19,478135,卖盘
7,14:59:34,251.65,0.6,29,742367,买盘
8,14:59:30,251.05,-0.5,108,2711340,卖盘
9,14:59:25,251.55,0.01,12,301860,买盘
10,14:59:19,251.54,-0.01,2,50308,卖盘
11,14:59:15,251.55,0.01,3,75465,买盘
12,14:59:10,251.54,-0.02,8,201232,中性盘
13,14:59:04,251.56,0.06,5,146659,买盘
14,14:59:00,251.5,0.01,5,125750,买盘
15,14:58:55,251.49,-0.01,12,301788,卖盘
16,14:58:49,251.5,0.09,17,427550,买盘
17,14:58:45,251.41,-0.07,19,477679,卖盘
18,14:58:39,251.48,-0.02,6,150888,卖盘
19,14:58:34,251.5,0.02,1,25150,买盘
20,14:58:24,251.48,0.27,6,150888,买盘
21,14:58:19,251.21,-0.27,4,100484,卖盘
22,14:58:14,251.48,0.08,1,25148,中性盘
23,14:58:09,251.4,-0.1,13,326820,卖盘
24,14:58:04,251.5,0.01,62,1559300,买盘
25,14:57:59,251.49,--,0,0,买盘
26,14:57:54,251.49,--,10,251490,买盘
27,14:57:49,251.49,0.45,19,477831,买盘
28,14:57:44,251.04,-0.16,56,1405824,卖盘
29,14:57:39,251.2,0.16,39,979680,中性盘
30,14:57:34,251.04,-0.45,10,251040,卖盘
31,14:57:29,251.49,--,2,50298,买盘
32,14:57:24,251.49,0.45,2,50298,中性盘
33,14:57:19,251.04,-0.54,15,376560,卖盘
34,14:57:14,251.58,0.08,2,50316,买盘
35,14:57:09,251.5,--,11,276650,卖盘
36,14:57:04,251.5,--,4,100600,卖盘
37,14:56:59,251.5,--,1,25150,卖盘
38,14:56:54,251.5,--,5,125750,买盘
39,14:56:49,251.5,--,1,25150,买盘
40,14:56:39,251.5,-0.1,84,2112600,卖盘
41,14:56:34,251.6,--,7,176120,买盘
42,14:56:29,251.6,--,1,25160,买盘
43,14:56:24,251.6,--,5,125800,买盘
44,14:56:19,251.6,-0.03,20,503200,卖盘
45,14:56:14,251.63,0.08,11,276793,买盘
46,14:56:09,251.55,--,17,427635,卖盘
47,14:56:04,251.55,-0.05,1,25155,卖盘
48,14:55:59,251.6,0.1,1,25160,买盘
49,14:55:54,251.5,-0.1,13,326950,卖盘
50,14:55:49,251.6,0.1,3,75480,中性盘
51,14:55:44,251.5,--,14,357130,卖盘
52,14:55:39,251.5,0.09,93,2339704,买盘
53,14:55:34,251.41,0.11,2,50282,买盘
54,14:55:24,251.3,-0.11,6,150780,卖盘
55,14:55:19,251.41,0.11,2,50282,买盘
56,14:55:14,251.3,--,10,251300,卖盘
57,14:55:09,251.3,0.12,25,628250,中性盘
58,14:55:04,251.18,-0.1,109,2737862,卖盘
59,14:54:59,251.28,-0.01,2,50256,卖盘
60,14:54:54,251.29,0.01,1,25129,买盘
61,14:54:49,251.28,-0.01,2,50256,买盘
62,14:54:43,251.29,0.01,4,100516,买盘
63,14:54:39,251.28,0.27,147,3704118,买盘
64,14:54:34,251.01,-0.19,77,1932777,卖盘
65,14:54:28,251.2,--,0,0,买盘
66,14:54:24,251.2,0.16,38,954560,买盘
67,14:54:19,251.04,0.06,199,4995696,买盘
68,14:54:13,250.98,--,4,100392,买盘
69,14:54:09,250.98,--,23,577254,买盘
70,14:54:04,250.98,-0.01,27,677646,中性盘
71,14:53:58,250.99,--,12,301188,买盘
72,14:53:54,250.99,--,43,1079257,买盘
73,14:53:49,250.99,--,210,5270790,买盘
74,14:53:43,250.99,0.08,3,75297,买盘
75,14:53:39,250.91,-0.08,18,451638,卖盘
76,14:53:34,250.99,0.01,11,276089,买盘
77,14:53:28,250.98,0.02,10,250980,买盘
78,14:53:24,250.96,-0.03,3,75288,卖盘
79,14:53:19,250.99,--,2,50198,买盘
80,14:53:13,250.99,--,9,225891,买盘
81,14:53:09,250.99,0.04,71,1782029,买盘
82,14:53:04,250.95,-0.01,1,25095,中性盘
83,14:52:58,250.96,0.06,6,150576,买盘
84,14:52:54,250.9,-0.06,3,75270,卖盘
85,14:52:49,250.96,0.05,7,175672,买盘
86,14:52:39,250.91,-0.05,18,451638,卖盘
87,14:52:34,250.96,--,31,777976,卖盘
88,14:52:28,250.96,-0.01,1,25096,卖盘
89,14:52:24,250.97,--,11,276067,买盘
90,14:52:13,250.97,--,7,175679,买盘
91,14:52:09,250.97,--,8,200776,卖盘
92,14:52:04,250.97,-0.01,30,752910,卖盘
93,14:51:58,250.98,-0.02,53,1330194,中性盘
94,14:51:54,251.0,--,5,125500,买盘
95,14:51:49,251.0,--,12,301200,买盘
96,14:51:43,251.0,0.03,26,652600,买盘
97,14:51:39,250.97,-0.03,7,175679,卖盘
98,14:51:33,251.0,--,1,25100,卖盘
99,14:51:28,251.0,-0.1,10,251000,卖盘
100,14:51:18,251.1,0.08,4,100440,买盘
101,14:51:13,251.02,0.05,47,1179794,买盘
102,14:51:09,250.97,--,9,225873,买盘
103,14:51:03,250.97,-0.03,15,376455,卖盘
104,14:50:58,251.0,-0.1,1,25100,中性盘
105,14:50:48,251.1,0.1,4,100440,买盘
106,14:50:43,251.0,-0.1,8,200800,中性盘
107,14:50:38,251.1,--,11,276210,卖盘
108,14:50:33,251.1,--,9,225990,卖盘
109,14:50:28,251.1,-0.1,24,602640,卖盘
110,14:50:18,251.2,-0.05,3,75360,中性盘
111,14:50:13,251.25,-0.04,14,351750,卖盘
112,14:50:08,251.29,0.04,7,175903,买盘
113,14:50:03,251.25,-0.03,23,577875,卖盘
114,14:49:58,251.28,0.05,2,50256,买盘
115,14:49:53,251.23,0.13,2,50246,卖盘
116,14:49:48,251.1,-0.15,4,100440,卖盘
117,14:49:43,251.25,0.15,32,804000,买盘
118,14:49:38,251.1,0.09,9,225990,买盘
119,14:49:33,251.01,-0.07,16,408393,卖盘
120,14:49:28,251.08,0.08,32,803456,买盘
121,14:49:23,251.0,--,0,0,买盘
122,14:49:18,251.0,0.04,24,602400,买盘
123,14:49:13,250.96,0.06,10,250960,买盘
124,14:49:08,250.9,-0.01,6,150540,卖盘
125,14:49:03,250.91,0.01,14,351274,卖盘
126,14:48:58,250.9,0.01,53,1353605,买盘
127,14:48:53,250.89,--,3,75267,买盘
128,14:48:48,250.89,0.01,7,175623,买盘
129,14:48:43,250.88,0.01,18,451584,买盘
130,14:48:38,250.87,0.02,6,150522,中性盘
131,14:48:33,250.85,-0.02,11,275935,卖盘
132,14:48:28,250.87,0.07,25,627175,买盘
133,14:48:23,250.8,--,0,0,买盘
134,14:48:18,250.8,0.07,1,25080,买盘
135,14:48:13,250.73,--,1,25073,卖盘
136,14:48:08,250.73,0.08,9,225657,买盘
137,14:48:03,250.65,-0.01,4,100260,卖盘
138,14:47:58,250.66,0.01,3,75198,买盘
139,14:47:53,250.65,0.04,6,150390,买盘
140,14:47:48,250.61,-0.19,1,25061,买盘
141,14:47:38,250.8,--,5,125400,买盘
142,14:47:33,250.8,0.15,4,100320,买盘
143,14:47:28,250.65,--,0,18798,卖盘
144,14:47:22,250.65,0.04,20,501300,买盘
145,14:47:13,250.61,0.06,11,275671,买盘
146,14:47:07,250.55,-0.01,12,300660,卖盘
147,14:47:03,250.56,-0.26,2,50112,卖盘
148,14:46:58,250.82,0.02,4,100328,买盘
149,14:46:48,250.8,--,2,50160,买盘
150,14:46:43,250.8,0.2,7,175560,买盘
151,14:46:37,250.6,--,4,100240,卖盘
152,14:46:33,250.6,-0.22,6,150360,卖盘
153,14:46:28,250.82,0.14,16,401312,买盘
154,14:46:22,250.68,-0.19,11,275748,卖盘
155,14:46:18,250.87,0.05,1,25087,买盘
156,14:46:03,250.82,--,8,200656,买盘
157,14:45:58,250.82,--,1,25082,买盘
158,14:45:48,250.82,-0.03,2,50164,买盘
159,14:45:43,250.85,0.05,7,175595,买盘
160,14:45:37,250.8,0.22,7,175560,买盘
161,14:45:33,250.58,-0.29,12,313225,卖盘
162,14:45:28,250.87,0.07,7,188152,买盘
163,14:45:22,250.8,-0.06,2,50160,卖盘
164,14:45:13,250.86,0.14,7,175602,买盘
165,14:45:07,250.72,-0.15,8,200576,卖盘
166,14:45:03,250.87,0.07,26,652262,买盘
167,14:44:57,250.8,-0.05,2,50160,中性盘
168,14:44:52,250.85,--,0,0,买盘
169,14:44:42,250.85,0.15,3,75255,买盘
170,14:44:37,250.7,-0.18,16,401120,中性盘
171,14:44:33,250.88,--,0,0,买盘
172,14:44:27,250.88,--,10,250880,买盘
173,14:44:22,250.88,--,7,175616,买盘
174,14:44:18,250.88,0.18,7,175616,买盘
175,14:44:07,250.7,0.2,11,275770,中性盘
176,14:44:03,250.5,--,0,0,卖盘
177,14:43:57,250.5,--,0,0,卖盘
178,14:43:52,250.5,-0.2,9,225450,卖盘
179,14:43:47,250.7,-0.19,6,150420,中性盘
180,14:43:42,250.89,0.23,13,326157,买盘
181,14:43:37,250.66,-0.04,17,445172,卖盘
182,14:43:32,250.7,--,8,224125,卖盘
183,14:43:27,250.7,--,2,57911,买盘
184,14:43:22,250.7,-0.2,4,117578,卖盘
185,14:43:17,250.9,-0.02,7,175630,卖盘
186,14:43:12,250.92,0.02,6,150552,买盘
187,14:43:07,250.9,0.22,31,785567,买盘
188,14:43:02,250.68,--,1,25068,买盘
189,14:42:57,250.68,-0.22,4,100272,买盘
190,14:42:52,250.9,--,12,301080,买盘
191,14:42:47,250.9,0.2,6,150540,买盘
192,14:42:42,250.7,--,4,100280,买盘
193,14:42:37,250.7,-0.2,9,242928,卖盘
194,14:42:32,250.9,--,21,526890,卖盘
195,14:42:27,250.9,0.19,4,100360,中性盘
196,14:42:22,250.71,-0.19,14,350994,中性盘
197,14:42:12,250.9,0.02,4,100360,买盘
198,14:42:07,250.88,--,5,125440,买盘
199,14:42:02,250.88,--,0,0,中性盘
200,14:41:57,250.88,-0.02,1,25088,卖盘
201,14:41:52,250.9,0.2,41,1028690,买盘
202,14:41:47,250.7,--,0,0,卖盘
203,14:41:37,250.7,--,37,927590,卖盘
204,14:41:32,250.7,--,8,202565,卖盘
205,14:41:27,250.7,0.3,49,1230937,买盘
206,14:41:22,250.4,-0.03,11,275440,卖盘
207,14:41:17,250.43,--,1,25043,买盘
208,14:41:12,250.43,--,12,319799,卖盘
209,14:41:07,250.43,-0.1,20,500860,卖盘
210,14:41:02,250.53,--,0,0,中性盘
211,14:40:57,250.53,-0.02,13,325689,买盘
212,14:40:52,250.55,0.12,11,275605,买盘
213,14:40:47,250.43,--,0,0,卖盘
214,14:40:42,250.43,-0.07,17,431490,卖盘
215,14:40:37,250.5,0.05,13,325650,买盘
216,14:40:32,250.45,--,0,0,卖盘
217,14:40:27,250.45,-0.05,16,400720,卖盘
218,14:40:22,250.5,--,6,150300,卖盘
219,14:40:12,250.5,--,5,125250,买盘
220,14:40:07,250.5,0.07,54,1352700,买盘
221,14:40:01,250.43,--,0,0,卖盘
222,14:39:57,250.43,-0.02,5,125215,卖盘
223,14:39:52,250.45,0.15,22,550990,买盘
224,14:39:46,250.3,--,0,0,中性盘
225,14:39:42,250.3,0.24,14,374198,买盘
226,14:39:37,250.06,-0.24,19,476364,卖盘
227,14:39:31,250.3,-0.1,13,325390,卖盘
228,14:39:27,250.4,0.1,20,501551,买盘
229,14:39:22,250.3,-0.1,2,73087,卖盘
230,14:39:16,250.4,--,5,125200,买盘
231,14:39:12,250.4,-0.08,19,475760,买盘
232,14:39:07,250.48,0.17,6,150288,买盘
233,14:39:01,250.31,-0.12,28,700868,卖盘
234,14:38:57,250.43,--,3,75129,买盘
235,14:38:46,250.43,0.03,3,75129,买盘
236,14:38:42,250.4,0.05,9,225360,买盘
237,14:38:36,250.35,0.05,14,350490,买盘
238,14:38:31,250.3,--,11,275330,卖盘
239,14:38:27,250.3,--,10,250300,买盘
240,14:38:21,250.3,-0.02,12,300360,卖盘
241,14:38:16,250.32,0.01,37,926184,买盘
242,14:38:06,250.31,0.22,5,125155,买盘
243,14:38:01,250.09,-0.21,15,375135,卖盘
244,14:37:51,250.3,--,1,25030,买盘
245,14:37:46,250.3,--,10,251050,卖盘
246,14:37:42,250.3,0.2,20,524879,买盘
247,14:37:36,250.1,-0.2,1,25010,中性盘
248,14:37:31,250.3,0.2,9,226020,买盘
249,14:37:21,250.1,--,2,50020,卖盘
250,14:37:16,250.1,-0.22,8,223839,卖盘
251,14:37:11,250.32,--,0,0,买盘
252,14:37:06,250.32,0.14,2,50064,买盘
253,14:37:01,250.18,-0.14,3,75054,卖盘
254,14:36:57,250.32,--,1,25032,买盘
255,14:36:51,250.32,--,2,50064,买盘
256,14:36:46,250.32,--,2,50064,买盘
257,14:36:41,250.32,-0.08,4,100128,卖盘
258,14:36:31,250.4,0.03,7,175280,买盘
259,14:36:26,250.37,--,5,125185,买盘
260,14:36:21,250.37,0.05,1,25037,买盘
261,14:36:16,250.32,-0.08,7,175224,卖盘
262,14:36:11,250.4,--,1,25040,买盘
263,14:36:06,250.4,0.1,17,425680,买盘
264,14:36:01,250.3,-0.1,11,275330,卖盘
265,14:35:56,250.4,--,2,50080,买盘
266,14:35:51,250.4,-0.05,12,300480,中性盘
267,14:35:46,250.45,0.13,3,75135,买盘
268,14:35:40,250.32,-0.13,4,100128,卖盘
269,14:35:36,250.45,--,5,125225,买盘
270,14:35:31,250.45,--,27,676215,买盘
271,14:35:26,250.45,--,2,50090,买盘
272,14:35:21,250.45,0.15,9,225905,买盘
273,14:35:16,250.3,-0.2,4,100120,卖盘
274,14:35:11,250.5,0.2,3,75150,买盘
275,14:35:06,250.3,-0.2,20,500600,卖盘
276,14:35:01,250.5,0.05,8,200400,买盘
277,14:34:56,250.45,--,1,25045,卖盘
278,14:34:51,250.45,-0.02,6,150270,卖盘
279,14:34:46,250.47,0.02,29,726363,买盘
280,14:34:41,250.45,--,1,25045,买盘
281,14:34:36,250.45,0.1,7,175315,买盘
282,14:34:31,250.35,-0.08,2,50070,卖盘
283,14:34:26,250.43,0.18,1,25043,买盘
284,14:34:21,250.25,-0.06,8,200200,买盘
285,14:34:16,250.31,0.04,1,25031,买盘
286,14:34:11,250.27,-0.03,5,125135,卖盘
287,14:34:06,250.3,-0.01,5,125150,中性盘
288,14:34:01,250.31,--,6,150186,买盘
289,14:33:56,250.31,0.01,14,350434,买盘
290,14:33:51,250.3,--,1,25030,买盘
291,14:33:46,250.3,0.1,3,75090,买盘
292,14:33:41,250.2,-0.1,8,200160,中性盘
293,14:33:36,250.3,0.01,28,700840,买盘
294,14:33:31,250.29,--,4,100116,买盘
295,14:33:26,250.29,0.01,6,150174,买盘
296,14:33:21,250.28,0.03,7,175196,买盘
297,14:33:16,250.25,0.12,1,25275,买盘
298,14:33:11,250.13,0.13,1,48525,买盘
299,14:33:06,250.0,--,22,550000,买盘
300,14:33:01,250.0,0.01,3,75000,买盘
301,14:32:55,249.99,--,1,24999,买盘
302,14:32:51,249.99,0.01,2,49998,买盘
303,14:32:46,249.98,--,3,74994,买盘
304,14:32:40,249.98,--,0,0,买盘
305,14:32:36,249.98,--,0,0,买盘
306,14:32:31,249.98,0.06,6,149988,买盘
307,14:32:25,249.92,0.02,10,249920,买盘
308,14:32:21,249.9,--,3,74970,买盘
309,14:32:16,249.9,--,8,199920,中性盘
310,14:32:10,249.9,0.11,3,74970,中性盘
311,14:32:06,249.79,-0.13,9,224811,卖盘
312,14:32:00,249.92,0.12,6,149952,买盘
313,14:31:55,249.8,0.02,20,499600,买盘
314,14:31:51,249.78,--,6,149868,中性盘
315,14:31:45,249.78,-0.01,1,24978,买盘
316,14:31:40,249.79,--,2,49958,买盘
317,14:31:30,249.79,0.04,4,99916,买盘
318,14:31:21,249.75,--,2,49950,买盘
319,14:31:15,249.75,0.01,3,74925,买盘
320,14:31:10,249.74,0.04,1,48699,买盘
321,14:31:00,249.7,-0.01,4,99880,卖盘
322,14:30:55,249.71,0.01,2,49942,中性盘
323,14:30:50,249.7,-0.03,4,99880,卖盘
324,14:30:45,249.73,0.03,19,474487,买盘
325,14:30:40,249.7,0.03,11,274670,卖盘
326,14:30:35,249.67,--,0,0,卖盘
327,14:30:30,249.67,-0.03,7,174769,卖盘
328,14:30:25,249.7,0.1,16,399520,买盘
329,14:30:20,249.6,--,0,0,卖盘
330,14:30:15,249.6,--,0,0,卖盘
331,14:30:10,249.6,0.47,1,24960,买盘
332,14:30:05,249.13,-0.37,81,2017953,卖盘
333,14:30:00,249.5,--,0,0,卖盘
334,14:29:55,249.5,--,15,374250,买盘
335,14:29:50,249.5,0.1,1,24950,买盘
336,14:29:45,249.4,--,3,74820,买盘
337,14:29:30,249.4,0.33,6,149640,买盘
338,14:29:25,249.07,-0.05,30,747210,卖盘
339,14:29:20,249.12,0.01,2,49824,中性盘
340,14:29:15,249.11,0.01,8,199288,中性盘
341,14:29:10,249.1,0.03,13,325324,买盘
342,14:29:00,249.07,0.01,1,47074,中性盘
343,14:28:55,249.06,--,29,722274,卖盘
344,14:28:50,249.06,--,0,0,卖盘
345,14:28:45,249.06,--,37,921522,买盘
346,14:28:40,249.06,0.02,2,49812,买盘
347,14:28:35,249.04,--,3,74712,买盘
348,14:28:30,249.04,--,8,199232,买盘
349,14:28:25,249.04,-0.46,20,498080,卖盘
350,14:28:20,249.5,--,5,124750,卖盘
351,14:28:15,249.5,0.13,14,349300,买盘
352,14:28:10,249.37,0.05,2,49874,中性盘
353,14:28:05,249.32,0.28,24,598368,买盘
354,14:28:00,249.04,--,1,24904,买盘
355,14:27:55,249.04,-0.31,12,298848,卖盘
356,14:27:50,249.35,0.04,4,99740,买盘
357,14:27:40,249.31,-0.04,7,174517,卖盘
358,14:27:35,249.35,--,3,74805,买盘
359,14:27:30,249.35,0.03,3,74805,买盘
360,14:27:25,249.32,-0.18,31,772892,卖盘
361,14:27:19,249.5,--,0,0,中性盘
362,14:27:15,249.5,--,4,99800,买盘
363,14:27:10,249.5,--,30,748500,买盘
364,14:27:05,249.5,0.15,1,24950,买盘
365,14:27:00,249.35,-0.15,1,48623,中性盘
366,14:26:55,249.5,--,31,773450,卖盘
367,14:26:45,249.5,--,8,199600,买盘
368,14:26:40,249.5,--,3,74850,买盘
369,14:26:29,249.5,--,8,199600,买盘
370,14:26:25,249.5,-0.01,34,848300,卖盘
371,14:26:15,249.51,--,2,49902,买盘
372,14:26:10,249.51,0.01,1,24951,买盘
373,14:26:04,249.5,-0.01,1,24950,买盘
374,14:25:55,249.51,--,12,299412,中性盘
375,14:25:50,249.51,-0.22,2,49902,卖盘
376,14:25:45,249.73,--,0,0,买盘
377,14:25:35,249.73,0.4,20,499460,买盘
378,14:25:29,249.33,--,0,0,中性盘
379,14:25:25,249.33,0.01,3,74799,卖盘
380,14:25:14,249.32,-0.15,1,25181,卖盘
381,14:25:10,249.47,-0.01,1,24947,买盘
382,14:25:04,249.48,--,0,0,买盘
383,14:24:59,249.48,0.15,2,49896,买盘
384,14:24:54,249.33,-0.15,5,148102,卖盘
385,14:24:49,249.48,--,0,0,买盘
386,14:24:39,249.48,-0.02,1,24948,中性盘
387,14:24:34,249.5,0.02,43,1072850,买盘
388,14:24:24,249.48,-0.02,2,49896,卖盘
389,14:24:19,249.5,0.18,3,74850,买盘
390,14:24:14,249.32,-0.18,2,49864,卖盘
391,14:24:09,249.5,--,0,0,买盘
392,14:24:04,249.5,0.18,7,174650,买盘
393,14:24:00,249.32,--,1,24932,买盘
394,14:23:54,249.32,-0.16,17,423844,卖盘
395,14:23:49,249.48,--,1,24948,买盘
396,14:23:34,249.48,--,1,24948,买盘
397,14:23:29,249.48,0.14,21,523908,买盘
398,14:23:24,249.34,0.01,5,124670,中性盘
399,14:23:19,249.33,-0.15,6,149598,卖盘
400,14:23:14,249.48,--,1,24948,买盘
401,14:23:09,249.48,--,2,49896,买盘
402,14:22:59,249.48,0.17,1,24948,买盘
403,14:22:54,249.31,--,13,324850,卖盘
404,14:22:49,249.31,0.01,9,247564,买盘
405,14:22:44,249.3,0.05,1,24930,买盘
406,14:22:39,249.25,0.23,4,99700,卖盘
407,14:22:34,249.02,--,0,0,卖盘
408,14:22:24,249.02,0.02,3,74706,中性盘
409,14:22:19,249.0,--,10,249000,卖盘
410,14:22:14,249.0,--,0,0,卖盘
411,14:22:09,249.0,0.01,27,672300,买盘
412,14:22:04,248.99,-0.01,3,74697,中性盘
413,14:21:59,249.0,0.09,1,24900,买盘
414,14:21:54,248.91,-0.09,1,24891,卖盘
415,14:21:49,249.0,-0.5,1,24900,买盘
416,14:21:39,249.5,--,0,0,买盘
417,14:21:34,249.5,--,1,24950,买盘
418,14:21:29,249.5,0.6,1,24950,买盘
419,14:21:24,248.9,0.05,4,99560,中性盘
420,14:21:19,248.85,-0.38,12,298620,卖盘
421,14:21:13,249.23,0.38,1,24923,买盘
422,14:21:09,248.85,--,11,274730,买盘
423,14:21:04,248.85,--,21,522585,买盘
424,14:20:59,248.85,--,0,0,买盘
425,14:20:54,248.85,-0.03,136,3385604,卖盘
426,14:20:49,248.88,-0.09,10,272523,卖盘
427,14:20:39,248.97,--,1,24897,买盘
428,14:20:34,248.97,0.08,6,149382,买盘
429,14:20:28,248.89,-0.08,3,74667,卖盘
430,14:20:24,248.97,--,16,398352,买盘
431,14:20:19,248.97,--,8,199176,买盘
432,14:20:14,248.97,--,1,24897,买盘
433,14:20:04,248.97,--,4,99588,买盘
434,14:19:59,248.97,--,12,298764,卖盘
435,14:19:54,248.97,-0.03,4,99588,卖盘
436,14:19:49,249.0,--,1,24900,买盘
437,14:19:44,249.0,--,15,373500,买盘
438,14:19:39,249.0,-0.5,84,2112516,卖盘
439,14:19:34,249.5,0.28,1,24950,买盘
440,14:19:29,249.22,--,0,0,中性盘
441,14:19:24,249.22,-0.27,1,24922,卖盘
442,14:19:14,249.49,--,1,24949,买盘
443,14:19:09,249.49,0.31,1,24949,买盘
444,14:18:58,249.18,--,0,0,卖盘
445,14:18:54,249.18,-0.32,2,49836,卖盘
446,14:18:49,249.5,0.4,7,174650,买盘
447,14:18:43,249.1,-0.49,1,48574,卖盘
448,14:18:34,249.59,-0.15,6,149754,卖盘
449,14:18:29,249.74,0.73,3,74922,买盘
450,14:18:23,249.01,-0.59,44,1119050,卖盘
451,14:18:19,249.6,-0.12,7,174720,卖盘
452,14:18:08,249.72,--,0,0,买盘
453,14:18:04,249.72,0.12,2,49944,买盘
454,14:17:59,249.6,-0.03,5,124800,卖盘
455,14:17:48,249.63,0.02,1,24963,买盘
456,14:17:38,249.61,0.01,1,24961,买盘
457,14:17:33,249.6,-0.01,4,99840,卖盘
458,14:17:29,249.61,--,18,449298,买盘
459,14:17:18,249.61,-0.02,1,24961,买盘
460,14:17:13,249.63,--,5,137296,买盘
461,14:17:08,249.63,0.02,3,98603,买盘
462,14:17:03,249.61,-0.01,1,24961,中性盘
463,14:16:58,249.62,--,16,399392,买盘
464,14:16:53,249.62,--,17,425602,卖盘
465,14:16:43,249.62,--,8,201193,卖盘
466,14:16:38,249.62,--,1,47178,卖盘
467,14:16:33,249.62,-0.06,4,99848,卖盘
468,14:16:28,249.68,--,1,24968,买盘
469,14:16:18,249.68,-0.04,3,99622,卖盘
470,14:16:13,249.72,-0.02,1,26470,卖盘
471,14:16:08,249.74,--,1,24974,买盘
472,14:16:03,249.74,0.01,3,74922,买盘
473,14:15:58,249.73,--,1,24973,卖盘
474,14:15:53,249.73,-0.01,1,24973,卖盘
475,14:15:48,249.74,-0.26,4,99896,卖盘
476,14:15:43,250.0,--,8,200000,买盘
477,14:15:38,250.0,-0.14,26,658750,卖盘
478,14:15:33,250.14,0.14,20,500280,买盘
479,14:15:28,250.0,-0.13,86,2166250,卖盘
480,14:15:23,250.13,-0.01,6,150078,卖盘
481,14:15:18,250.14,-0.1,1,25014,卖盘
482,14:15:13,250.24,0.07,1,25024,买盘
483,14:15:08,250.17,--,1,25017,卖盘
484,14:15:03,250.17,-0.13,10,250170,卖盘
485,14:14:58,250.3,--,5,125150,买盘
486,14:14:53,250.3,--,1,25030,买盘
487,14:14:48,250.3,--,0,0,买盘
488,14:14:43,250.3,--,16,401731,卖盘
489,14:14:38,250.3,--,0,250,卖盘
490,14:14:33,250.3,--,5,148678,卖盘
491,14:14:28,250.3,-0.01,15,375450,卖盘
492,14:14:23,250.31,--,2,50062,卖盘
493,14:14:17,250.31,0.01,1,25031,卖盘
494,14:14:13,250.3,--,0,0,卖盘
495,14:14:08,250.3,-0.1,20,500600,卖盘
496,14:14:02,250.4,0.1,1,25040,买盘
497,14:13:58,250.3,--,18,450540,买盘
498,14:13:53,250.3,--,6,150180,买盘
499,14:13:47,250.3,0.04,1,25030,买盘
500,14:13:43,250.26,-0.04,4,100104,卖盘
501,14:13:38,250.3,--,0,0,买盘
502,14:13:32,250.3,0.01,2,50060,买盘
503,14:13:28,250.29,0.02,2,50058,买盘
504,14:13:18,250.27,-0.03,7,175189,卖盘
505,14:13:13,250.3,0.01,1,25030,买盘
506,14:13:02,250.29,0.01,4,100116,买盘
507,14:12:58,250.28,-0.01,10,250280,卖盘
508,14:12:52,250.29,0.02,1,25029,中性盘
509,14:12:47,250.27,-0.02,1,26528,卖盘
510,14:12:43,250.29,0.02,1,25029,买盘
511,14:12:38,250.27,--,1,27529,中性盘
512,14:12:33,250.27,0.09,7,197463,买盘
513,14:12:28,250.18,-0.08,10,250180,卖盘
514,14:12:22,250.26,--,2,50052,买盘
515,14:12:13,250.26,--,17,425442,买盘
516,14:12:03,250.26,--,1,25026,买盘
517,14:11:58,250.26,0.16,6,150156,买盘
518,14:11:53,250.1,-0.19,1,25010,中性盘
519,14:11:47,250.29,--,1,25029,买盘
520,14:11:43,250.29,--,1,25029,买盘
521,14:11:32,250.29,0.22,1,25029,买盘
522,14:11:28,250.07,-0.19,4,100028,卖盘
523,14:11:13,250.26,--,2,50052,买盘
524,14:11:07,250.26,-0.04,4,100104,中性盘
525,14:11:02,250.3,0.25,10,250300,买盘
526,14:10:58,250.05,-0.24,2,50010,中性盘
527,14:10:52,250.29,-0.01,7,175203,中性盘
528,14:10:42,250.3,--,0,0,买盘
529,14:10:37,250.3,0.3,2,50060,买盘
530,14:10:26,250.0,0.14,98,2472500,买盘
531,14:10:23,249.86,-0.03,2,49972,卖盘
532,14:10:12,249.89,--,0,0,买盘
533,14:10:07,249.89,0.01,7,174923,买盘
534,14:10:02,249.88,-0.01,1,24988,买盘
535,14:09:57,249.89,--,9,224901,买盘
536,14:09:52,249.89,--,0,0,买盘
537,14:09:47,249.89,-0.01,3,74967,中性盘
538,14:09:42,249.9,0.01,9,224910,买盘
539,14:09:37,249.89,--,1,24989,买盘
540,14:09:32,249.89,--,1,24989,买盘
541,14:09:26,249.89,--,5,124945,买盘
542,14:09:11,249.89,--,1,24989,买盘
543,14:09:07,249.89,0.17,1,24989,买盘
544,14:08:56,249.72,-0.01,3,74916,卖盘
545,14:08:52,249.73,--,0,23474,买盘
546,14:08:42,249.73,--,2,49946,买盘
547,14:08:37,249.73,--,2,49946,买盘
548,14:08:32,249.73,--,5,124865,买盘
549,14:08:27,249.73,0.03,2,49946,买盘
550,14:08:22,249.7,-0.03,7,175039,卖盘
551,14:08:17,249.73,--,7,174811,买盘
552,14:08:12,249.73,0.01,3,74919,买盘
553,14:08:07,249.72,--,1,24972,中性盘
554,14:07:52,249.72,-0.28,11,274692,卖盘
555,14:07:47,250.0,--,1,25000,买盘
556,14:07:42,250.0,--,1,25000,买盘
557,14:07:32,250.0,--,0,0,买盘
558,14:07:27,250.0,--,1,25000,买盘
559,14:07:22,250.0,--,6,150000,买盘
560,14:07:12,250.0,0.31,2,50000,买盘
561,14:07:07,249.69,-0.31,10,249690,卖盘
562,14:06:57,250.0,0.31,6,150000,买盘
563,14:06:52,249.69,-0.3,8,199752,卖盘
564,14:06:47,249.99,--,0,0,买盘
565,14:06:41,249.99,--,0,0,买盘
566,14:06:37,249.99,0.38,1,24999,买盘
567,14:06:32,249.61,--,0,0,卖盘
568,14:06:26,249.61,--,0,0,中性盘
569,14:06:22,249.61,0.01,2,50920,卖盘
570,14:06:12,249.6,-0.4,0,22713,中性盘
571,14:06:07,250.0,0.46,1,25000,买盘
572,14:05:57,249.54,-0.01,1,25453,卖盘
573,14:05:52,249.55,-0.45,5,147983,中性盘
574,14:05:47,250.0,0.42,56,1400000,买盘
575,14:05:41,249.58,--,1,24958,买盘
576,14:05:37,249.58,--,0,0,买盘
577,14:05:26,249.58,0.06,2,49916,买盘
578,14:05:22,249.52,-0.01,12,299424,卖盘
579,14:05:16,249.53,--,1,24953,买盘
580,14:05:12,249.53,-0.17,6,149718,卖盘
581,14:05:07,249.7,-0.29,2,49940,卖盘
582,14:05:01,249.99,0.29,3,74997,买盘
583,14:04:57,249.7,0.18,5,124850,卖盘
584,14:04:52,249.52,-0.48,12,299424,卖盘
585,14:04:42,250.0,--,1,25000,买盘
586,14:04:37,250.0,--,1,25000,买盘
587,14:04:31,250.0,0.49,10,250000,买盘
588,14:04:26,249.51,--,0,0,中性盘
589,14:04:22,249.51,-0.49,8,199608,卖盘
590,14:04:16,250.0,--,1,25000,买盘
591,14:04:07,250.0,-0.3,33,826250,卖盘
592,14:04:01,250.3,--,2,50060,买盘
593,14:03:52,250.3,--,6,150180,买盘
594,14:03:46,250.3,--,1,25030,买盘
595,14:03:41,250.3,--,0,0,买盘
596,14:03:35,250.3,--,10,250300,买盘
597,14:03:31,250.3,0.18,1,25030,买盘
598,14:03:21,250.12,-0.18,5,125060,卖盘
599,14:03:16,250.3,--,6,150180,买盘
600,14:03:11,250.3,--,0,0,买盘
601,14:03:01,250.3,0.01,9,225270,买盘
602,14:02:56,250.29,-0.01,2,50058,中性盘
603,14:02:51,250.3,0.01,17,425510,买盘
604,14:02:46,250.29,0.16,1,25029,中性盘
605,14:02:41,250.13,-0.17,1,25013,卖盘
606,14:02:36,250.3,0.17,2,50060,买盘
607,14:02:31,250.13,0.01,10,250130,中性盘
608,14:02:20,250.12,0.09,6,150072,卖盘
609,14:02:16,250.03,--,0,23752,买盘
610,14:02:11,250.03,-0.26,1,25003,买盘
611,14:02:06,250.29,0.29,1,25029,买盘
612,14:02:01,250.0,-0.12,56,1400000,卖盘
613,14:01:50,250.12,-0.18,2,50024,卖盘
614,14:01:46,250.3,--,1,25030,买盘
615,14:01:41,250.3,-0.11,2,50060,买盘
616,14:01:31,250.41,0.07,2,50082,买盘
617,14:01:26,250.34,--,0,0,中性盘
618,14:01:21,250.34,-0.15,2,50068,卖盘
619,14:01:11,250.49,--,1,25049,买盘
620,14:01:06,250.49,-0.11,1,25049,卖盘
621,14:01:01,250.6,-0.03,3,75180,中性盘
622,14:00:56,250.63,--,1,25063,买盘
623,14:00:50,250.63,-0.07,52,1303276,卖盘
624,14:00:46,250.7,0.07,1,25070,买盘
625,14:00:35,250.63,--,11,275693,卖盘
626,14:00:31,250.63,--,5,125315,卖盘
627,14:00:21,250.63,--,9,225567,卖盘
628,14:00:16,250.63,-0.27,4,100252,卖盘
629,14:00:06,250.9,0.27,1,25090,买盘
630,14:00:01,250.63,--,0,23809,卖盘
631,13:59:45,250.63,--,10,250630,卖盘
632,13:59:36,250.63,--,3,75189,买盘
633,13:59:31,250.63,--,5,125315,买盘
634,13:59:26,250.63,--,1,25063,买盘
635,13:59:21,250.63,--,1,25063,卖盘
636,13:59:16,250.63,-0.34,3,75189,卖盘
637,13:59:11,250.97,--,0,0,中性盘
638,13:59:06,250.97,0.35,1,25097,买盘
639,13:59:01,250.62,-0.38,2,50124,卖盘
640,13:58:56,251.0,--,10,251000,买盘
641,13:58:46,251.0,-0.08,7,175700,卖盘
642,13:58:41,251.08,--,1,25108,卖盘
643,13:58:36,251.08,0.08,3,75324,买盘
644,13:58:31,251.0,-0.05,24,602400,卖盘
645,13:58:26,251.05,-0.03,2,50210,中性盘
646,13:58:21,251.08,0.03,11,276188,买盘
647,13:58:16,251.05,--,11,276155,买盘
648,13:58:11,251.05,0.01,2,50210,卖盘
649,13:58:06,251.04,-0.22,3,75312,卖盘
650,13:58:01,251.26,-0.01,11,276386,中性盘
651,13:57:56,251.27,0.22,2,50254,买盘
652,13:57:51,251.05,-0.03,5,149374,卖盘
653,13:57:46,251.08,0.05,2,50216,买盘
654,13:57:41,251.03,0.01,1,25103,中性盘
655,13:57:36,251.02,-0.23,2,50204,卖盘
656,13:57:31,251.25,0.15,2,50250,买盘
657,13:57:25,251.1,0.08,1,25110,买盘
658,13:57:20,251.02,-0.26,2,50204,卖盘
659,13:57:16,251.28,0.08,7,175896,买盘
660,13:57:10,251.2,--,2,50240,中性盘
661,13:57:05,251.2,0.18,1,25120,买盘
662,13:57:00,251.02,-0.28,13,326326,卖盘
663,13:56:55,251.3,0.02,6,150780,买盘
664,13:56:50,251.28,0.26,2,50256,买盘
665,13:56:45,251.02,-0.21,22,552244,中性盘
666,13:56:40,251.23,0.22,6,150738,买盘
667,13:56:35,251.01,0.01,10,251010,买盘
668,13:56:31,251.0,--,20,502000,买盘
669,13:56:25,251.0,0.47,46,1154600,买盘
670,13:56:20,250.53,0.03,183,4584699,买盘
671,13:56:15,250.5,0.09,20,501000,买盘
672,13:56:10,250.41,--,7,175287,买盘
673,13:56:05,250.41,0.01,2,50082,买盘
674,13:56:00,250.4,-0.01,3,75120,卖盘
675,13:55:55,250.41,0.1,3,77376,买盘
676,13:55:50,250.31,0.01,6,171712,卖盘
677,13:55:45,250.3,-0.03,21,525630,卖盘
678,13:55:40,250.33,0.04,1,25033,买盘
679,13:55:35,250.29,--,0,0,卖盘
680,13:55:29,250.29,--,4,100116,买盘
681,13:55:25,250.29,--,3,75087,买盘
682,13:55:15,250.29,0.04,7,175203,买盘
683,13:55:10,250.25,0.05,18,450450,买盘
684,13:55:05,250.2,0.05,111,2777220,买盘
685,13:55:00,250.15,--,0,0,买盘
686,13:54:55,250.15,0.19,165,4127475,买盘
687,13:54:50,249.96,0.07,10,249960,买盘
688,13:54:45,249.89,--,2,49978,卖盘
689,13:54:40,249.89,0.01,3,74967,买盘
690,13:54:35,249.88,--,1,24988,买盘
691,13:54:30,249.88,--,0,0,买盘
692,13:54:20,249.88,0.17,1,24988,买盘
693,13:54:14,249.71,0.01,1,24971,卖盘
694,13:54:10,249.7,-0.16,2,49940,卖盘
695,13:54:00,249.86,0.15,2,49972,买盘
696,13:53:55,249.71,0.1,1,24971,卖盘
697,13:53:49,249.61,--,0,0,中性盘
698,13:53:45,249.61,0.01,10,273322,中性盘
699,13:53:40,249.6,--,1,24960,卖盘
700,13:53:30,249.6,--,3,95097,买盘
701,13:53:25,249.6,0.1,1,24960,买盘
702,13:53:20,249.5,-0.09,5,124750,卖盘
703,13:53:15,249.59,--,3,74877,买盘
704,13:53:10,249.59,-0.01,2,49918,买盘
705,13:53:00,249.6,0.01,5,124800,买盘
706,13:52:55,249.59,0.05,1,24959,买盘
707,13:52:50,249.54,0.02,1,24954,买盘
708,13:52:44,249.52,--,8,199616,买盘
709,13:52:40,249.52,0.02,2,49904,买盘
710,13:52:35,249.5,--,2,49900,卖盘
711,13:52:29,249.5,-0.02,2,49900,买盘
712,13:52:25,249.52,0.02,5,124760,买盘
713,13:52:15,249.5,0.1,1,24950,买盘
714,13:52:10,249.4,-0.08,5,124700,卖盘
715,13:52:05,249.48,--,1,24948,买盘
716,13:52:00,249.48,0.08,11,276673,买盘
717,13:51:55,249.4,--,4,99760,买盘
718,13:51:50,249.4,0.05,1,24940,买盘
719,13:51:45,249.35,-0.01,1,46379,卖盘
720,13:51:39,249.36,-0.03,2,49872,卖盘
721,13:51:35,249.39,--,0,0,中性盘
722,13:51:30,249.39,-0.01,1,24939,卖盘
723,13:51:25,249.4,0.25,4,99760,买盘
724,13:51:20,249.15,-0.19,2,49830,卖盘
725,13:51:15,249.34,0.04,1,24934,卖盘
726,13:51:10,249.3,-0.04,4,99720,中性盘
727,13:51:05,249.34,0.19,7,174538,买盘
728,13:51:00,249.15,-0.19,2,49830,卖盘
729,13:50:55,249.34,0.2,1,24934,买盘
730,13:50:50,249.14,-0.2,7,174398,卖盘
731,13:50:45,249.34,0.02,4,99736,买盘
732,13:50:40,249.32,-0.02,1,24932,卖盘
733,13:50:35,249.34,--,1,24934,买盘
734,13:50:25,249.34,-0.06,4,99736,卖盘
735,13:50:20,249.4,0.06,1,24940,买盘
736,13:50:10,249.34,-0.06,3,74802,卖盘
737,13:50:05,249.4,--,1,24940,买盘
738,13:49:54,249.4,--,1,24940,买盘
739,13:49:44,249.4,0.06,1,24940,买盘
740,13:49:40,249.34,-0.06,1,24934,卖盘
741,13:49:35,249.4,0.06,2,49880,买盘
742,13:49:29,249.34,-0.01,0,23687,卖盘
743,13:49:25,249.35,0.01,7,174545,买盘
744,13:49:19,249.34,0.01,10,249340,买盘
745,13:49:09,249.33,-0.01,3,74799,中性盘
746,13:49:04,249.34,--,0,0,买盘
747,13:48:59,249.34,--,2,52112,买盘
748,13:48:54,249.34,0.05,1,24934,买盘
749,13:48:39,249.29,-0.03,2,49858,买盘
750,13:48:23,249.32,0.04,2,49864,中性盘
751,13:48:19,249.28,-0.05,4,99712,卖盘
752,13:48:09,249.33,-0.02,2,49866,卖盘
753,13:48:04,249.35,0.02,5,124675,买盘
754,13:47:59,249.33,0.01,2,49866,买盘
755,13:47:53,249.32,-0.01,3,74796,卖盘
756,13:47:49,249.33,-0.02,2,49866,卖盘
757,13:47:44,249.35,0.03,1,24935,买盘
758,13:47:38,249.32,-0.03,1,24932,卖盘
759,13:47:29,249.35,0.03,2,49870,买盘
760,13:47:23,249.32,-0.03,4,123413,卖盘
761,13:47:14,249.35,-0.05,4,99740,卖盘
762,13:47:09,249.4,-0.16,17,423980,卖盘
763,13:47:04,249.56,--,1,24956,买盘
764,13:46:53,249.56,--,2,49912,买盘
765,13:46:39,249.56,--,10,273018,买盘
766,13:46:34,249.56,--,6,149736,买盘
767,13:46:29,249.56,--,0,0,买盘
768,13:46:23,249.56,-0.01,13,324428,卖盘
769,13:46:19,249.57,0.01,5,124785,买盘
770,13:46:09,249.56,-0.01,2,49912,卖盘
771,13:46:04,249.57,0.01,1,24957,买盘
772,13:45:59,249.56,0.06,1,24956,买盘
773,13:45:49,249.5,-0.06,6,151197,卖盘
774,13:45:44,249.56,-0.03,1,24956,买盘
775,13:45:34,249.59,--,0,2745,卖盘
776,13:45:29,249.59,-0.01,1,47172,卖盘
777,13:45:24,249.6,--,1,24960,买盘
778,13:45:19,249.6,--,6,149760,买盘
779,13:45:14,249.6,--,2,49920,买盘
780,13:45:09,249.6,0.08,1,24960,买盘
781,13:45:04,249.52,-0.01,2,49904,卖盘
782,13:44:59,249.53,--,0,0,中性盘
783,13:44:54,249.53,-0.06,2,49906,卖盘
784,13:44:44,249.59,--,0,0,买盘
785,13:44:39,249.59,0.08,2,49918,买盘
786,13:44:34,249.51,-0.08,2,49902,卖盘
787,13:44:19,249.59,--,2,49918,买盘
788,13:44:08,249.59,0.08,2,49918,买盘
789,13:44:04,249.51,-0.09,3,74853,中性盘
790,13:43:54,249.6,--,8,199680,买盘
791,13:43:49,249.6,0.13,10,249600,买盘
792,13:43:44,249.47,-0.03,1,24947,买盘
793,13:43:39,249.5,--,0,1247,卖盘
794,13:43:33,249.5,-0.1,1,24950,卖盘
795,13:43:29,249.6,--,1,24960,买盘
796,13:43:23,249.6,0.1,1,24960,买盘
797,13:43:18,249.5,-0.1,5,148452,卖盘
798,13:43:08,249.6,0.01,4,99840,买盘
799,13:43:04,249.59,-0.01,6,149754,卖盘
800,13:42:59,249.6,--,1,24960,买盘
801,13:42:53,249.6,0.01,1,24960,买盘
802,13:42:48,249.59,--,1,24959,买盘
803,13:42:43,249.59,--,2,49918,买盘
804,13:42:38,249.59,0.11,3,74877,买盘
805,13:42:34,249.48,--,4,99792,卖盘
806,13:42:28,249.48,--,1,24948,买盘
807,13:42:18,249.48,-0.04,5,124740,中性盘
808,13:42:13,249.52,0.2,11,274472,买盘
809,13:42:08,249.32,--,0,0,卖盘
810,13:42:03,249.32,-0.17,8,199456,卖盘
811,13:41:58,249.49,0.17,1,24949,买盘
812,13:41:53,249.32,--,0,0,卖盘
813,13:41:47,249.32,-0.18,5,124660,卖盘
814,13:41:43,249.5,0.18,2,49900,买盘
815,13:41:33,249.32,-0.14,3,74796,卖盘
816,13:41:28,249.46,0.02,1,24946,买盘
817,13:41:23,249.44,--,0,0,中性盘
818,13:41:17,249.44,--,1,24944,买盘
819,13:41:13,249.44,-0.06,1,48640,买盘
820,13:41:03,249.5,--,0,0,买盘
821,13:40:57,249.5,0.05,4,99800,买盘
822,13:40:52,249.45,--,0,0,卖盘
823,13:40:48,249.45,-0.05,11,274395,卖盘
824,13:40:43,249.5,0.05,1,24950,买盘
825,13:40:33,249.45,-0.04,4,99780,中性盘
826,13:40:28,249.49,0.39,16,423883,买盘
827,13:40:17,249.1,-0.38,4,99889,卖盘
828,13:40:13,249.48,0.04,3,74844,买盘
829,13:40:08,249.44,0.12,5,148416,买盘
830,13:40:02,249.32,-0.01,2,49864,卖盘
831,13:39:58,249.33,0.01,3,74799,买盘
832,13:39:53,249.32,-0.01,2,51110,卖盘
833,13:39:47,249.33,-0.12,7,174531,卖盘
834,13:39:43,249.45,0.01,3,74835,买盘
835,13:39:32,249.44,0.12,2,49888,中性盘
836,13:39:28,249.32,-0.12,1,48617,卖盘
837,13:39:23,249.44,--,0,0,中性盘
838,13:39:17,249.44,--,1,24944,买盘
839,13:39:08,249.44,0.26,1,24944,买盘
840,13:39:03,249.18,--,1,24918,卖盘
841,13:38:52,249.18,-0.3,2,49836,卖盘
842,13:38:43,249.48,--,0,0,中性盘
843,13:38:38,249.48,-0.01,1,24948,买盘
844,13:38:32,249.49,--,1,24949,买盘
845,13:38:23,249.49,--,8,199592,买盘
846,13:38:18,249.49,0.01,4,99796,买盘
847,13:38:13,249.48,-0.01,5,124740,中性盘
848,13:38:07,249.49,0.24,4,99796,买盘
849,13:38:03,249.25,-0.24,2,49850,卖盘
850,13:37:58,249.49,0.03,6,149694,买盘
851,13:37:43,249.46,--,3,74838,买盘
852,13:37:38,249.46,--,2,49892,买盘
853,13:37:33,249.46,0.12,15,374190,买盘
854,13:37:28,249.34,-0.12,1,24934,买盘
855,13:37:18,249.46,0.22,3,74838,买盘
856,13:37:13,249.24,-0.1,2,52091,卖盘
857,13:37:08,249.34,-0.14,1,46377,卖盘
858,13:37:03,249.48,0.02,8,199584,买盘
859,13:36:58,249.46,-0.02,10,249460,卖盘
860,13:36:48,249.48,0.01,4,99792,买盘
861,13:36:42,249.47,--,1,24947,卖盘
862,13:36:33,249.47,0.01,2,49894,中性盘
863,13:36:28,249.46,-0.03,2,49892,卖盘
864,13:36:23,249.49,0.02,6,149694,买盘
865,13:36:17,249.47,0.01,2,49894,卖盘
866,13:36:13,249.46,--,2,49892,卖盘
867,13:36:07,249.46,--,1,24946,卖盘
868,13:36:02,249.46,--,2,49892,中性盘
869,13:35:57,249.46,0.36,1,24946,买盘
870,13:35:53,249.1,-0.36,10,249100,卖盘
871,13:35:42,249.46,-0.03,5,149426,卖盘
872,13:35:38,249.49,--,0,0,买盘
873,13:35:32,249.49,0.02,3,74847,买盘
874,13:35:28,249.47,--,4,99788,卖盘
875,13:35:22,249.47,-0.02,2,49894,卖盘
876,13:35:17,249.49,--,2,49898,买盘
877,13:35:12,249.49,--,1,24949,买盘
878,13:35:07,249.49,--,5,124994,买盘
879,13:35:02,249.49,--,3,98299,买盘
880,13:34:52,249.49,0.03,1,24949,买盘
881,13:34:43,249.46,-0.03,1,24946,卖盘
882,13:34:37,249.49,0.04,9,224541,买盘
883,13:34:31,249.45,--,0,0,卖盘
884,13:34:27,249.45,--,1,24945,中性盘
885,13:34:22,249.45,0.05,1,24945,中性盘
886,13:34:17,249.4,-0.05,6,149640,卖盘
887,13:34:12,249.45,0.05,1,24945,买盘
888,13:34:07,249.4,--,2,49880,卖盘
889,13:34:01,249.4,0.3,16,399040,买盘
890,13:33:56,249.1,-0.28,4,99640,卖盘
891,13:33:52,249.38,--,0,0,买盘
892,13:33:46,249.38,--,0,0,买盘
893,13:33:42,249.38,0.27,2,49876,买盘
894,13:33:27,249.11,--,2,49822,卖盘
895,13:33:22,249.11,0.01,4,99644,卖盘
896,13:33:17,249.1,--,0,0,卖盘
897,13:33:12,249.1,--,6,149460,卖盘
898,13:33:07,249.1,-0.06,2,50816,卖盘
899,13:33:02,249.16,0.03,1,24916,买盘
900,13:32:57,249.13,-0.03,3,97409,卖盘
901,13:32:52,249.16,0.06,2,49832,买盘
902,13:32:47,249.1,-0.02,5,124550,卖盘
903,13:32:41,249.12,-0.04,4,99648,中性盘
904,13:32:37,249.16,0.05,1,24916,买盘
905,13:32:27,249.11,-0.2,5,124555,卖盘
906,13:32:22,249.31,0.16,5,124655,买盘
907,13:32:16,249.15,-0.15,10,249150,卖盘
908,13:32:12,249.3,--,0,0,中性盘
909,13:32:07,249.3,0.19,4,99720,买盘
910,13:32:02,249.11,-0.04,5,124555,卖盘
911,13:31:57,249.15,-0.15,4,99660,卖盘
912,13:31:52,249.3,-0.18,17,423810,买盘
913,13:31:42,249.48,0.35,1,24948,买盘
914,13:31:37,249.13,0.01,1,24913,卖盘
915,13:31:31,249.12,--,0,0,中性盘
916,13:31:26,249.12,0.02,5,124560,卖盘
917,13:31:22,249.1,-0.01,21,523110,卖盘
918,13:31:16,249.11,0.01,1,33380,中性盘
919,13:31:12,249.1,0.8,36,896760,买盘
920,13:31:07,248.3,0.04,1,24830,买盘
921,13:31:02,248.26,-0.02,1,24826,买盘
922,13:30:57,248.28,0.02,2,49656,卖盘
923,13:30:52,248.26,-0.72,7,173782,卖盘
924,13:30:42,248.98,--,0,0,买盘
925,13:30:37,248.98,-0.12,3,74694,中性盘
926,13:30:32,249.1,1.04,2,49820,买盘
927,13:30:26,248.06,-1.04,10,248060,中性盘
928,13:30:22,249.1,--,24,597840,买盘
929,13:30:17,249.1,1.03,1,24910,买盘
930,13:30:12,248.07,-0.93,8,198456,中性盘
931,13:30:07,249.0,0.94,38,946200,买盘
932,13:30:01,248.06,0.03,0,9922,买盘
933,13:29:57,248.03,0.02,8,198424,中性盘
934,13:29:52,248.01,-0.05,11,272811,卖盘
935,13:29:46,248.06,--,7,173642,买盘
936,13:29:42,248.06,--,10,248060,买盘
937,13:29:37,248.06,--,12,297672,买盘
938,13:29:31,248.06,--,6,148836,买盘
939,13:29:27,248.06,--,15,372090,买盘
940,13:29:22,248.06,0.04,13,322478,买盘
941,13:29:16,248.02,--,2,49604,卖盘
942,13:29:11,248.02,-0.04,4,99208,卖盘
943,13:29:07,248.06,0.05,24,595344,买盘
944,13:29:01,248.01,--,2,49602,卖盘
945,13:28:57,248.01,-0.01,10,248010,卖盘
946,13:28:52,248.02,0.01,5,124010,卖盘
947,13:28:46,248.01,--,0,0,卖盘
948,13:28:40,248.01,-0.05,10,248010,卖盘
949,13:28:37,248.06,0.01,8,198448,买盘
950,13:28:31,248.05,--,2,49610,买盘
951,13:28:25,248.05,--,3,74415,买盘
952,13:28:22,248.05,0.01,17,421685,买盘
953,13:28:16,248.04,0.01,6,148824,中性盘
954,13:28:10,248.03,-0.03,7,173621,卖盘
955,13:28:06,248.06,--,24,595344,买盘
956,13:28:01,248.06,-0.04,2,49612,买盘
957,13:27:55,248.1,-0.08,20,496200,卖盘
958,13:27:51,248.18,--,12,297816,买盘
959,13:27:46,248.18,0.07,10,248180,买盘
960,13:27:40,248.11,0.01,1,24811,买盘
961,13:27:37,248.1,--,13,322530,买盘
962,13:27:31,248.1,0.01,7,173670,买盘
963,13:27:25,248.09,--,1,24809,买盘
964,13:27:21,248.09,-0.01,24,595416,卖盘
965,13:27:16,248.1,--,12,297720,买盘
966,13:27:06,248.1,0.01,1,24810,买盘
967,13:27:01,248.09,0.02,5,124045,买盘
968,13:26:55,248.07,0.02,4,99228,卖盘
969,13:26:50,248.05,--,20,496100,卖盘
970,13:26:46,248.05,-0.04,13,322465,卖盘
971,13:26:40,248.09,--,0,0,买盘
972,13:26:35,248.09,0.03,9,223281,买盘
973,13:26:31,248.06,--,22,555654,卖盘
974,13:26:25,248.06,0.01,6,148836,中性盘
975,13:26:21,248.05,--,54,1339470,卖盘
976,13:26:16,248.05,--,9,223245,卖盘
977,13:26:10,248.05,--,16,396880,卖盘
978,13:26:06,248.05,-0.01,21,520905,卖盘
979,13:26:01,248.06,-0.04,20,496120,卖盘
980,13:25:55,248.1,--,1,24810,买盘
981,13:25:51,248.1,-0.01,18,446580,卖盘
982,13:25:46,248.11,-0.03,4,99244,卖盘
983,13:25:40,248.14,0.03,2,49628,买盘
984,13:25:36,248.11,-0.01,5,124055,卖盘
985,13:25:31,248.12,-0.06,3,74436,卖盘
986,13:25:25,248.18,--,2,49636,买盘
987,13:25:21,248.18,-0.02,4,112921,卖盘
988,13:25:16,248.2,--,3,85629,买盘
989,13:25:05,248.2,--,3,74460,买盘
990,13:25:01,248.2,--,8,198560,买盘
991,13:24:55,248.2,-0.05,8,198560,卖盘
992,13:24:51,248.25,-0.01,2,49650,卖盘
993,13:24:45,248.26,0.01,6,148956,买盘
994,13:24:40,248.25,--,1,24825,中性盘
995,13:24:35,248.25,--,12,297900,买盘
996,13:24:31,248.25,--,2,49650,买盘
997,13:24:25,248.25,-0.05,7,173775,卖盘
998,13:24:21,248.3,--,9,223470,买盘
999,13:24:15,248.3,--,2,49660,买盘
1000,13:24:10,248.3,--,1,24830,买盘
1001,13:24:06,248.3,-0.05,4,99320,买盘
1002,13:24:00,248.35,--,0,0,买盘
1003,13:23:55,248.35,0.04,21,521535,买盘
1004,13:23:51,248.31,0.01,1,24831,卖盘
1005,13:23:45,248.3,-0.06,1,24830,卖盘
1006,13:23:40,248.36,0.05,3,74508,买盘
1007,13:23:35,248.31,0.01,4,99324,买盘
1008,13:23:30,248.3,--,0,0,卖盘
1009,13:23:20,248.3,-0.06,7,173810,卖盘
1010,13:23:15,248.36,--,2,49672,买盘
1011,13:23:10,248.36,--,2,49672,买盘
1012,13:23:05,248.36,-0.01,5,124180,买盘
1013,13:23:00,248.37,0.01,2,49674,买盘
1014,13:22:55,248.36,-0.04,1,24836,买盘
1015,13:22:51,248.4,--,0,0,买盘
1016,13:22:45,248.4,-0.05,24,596160,卖盘
1017,13:22:40,248.45,--,2,49690,买盘
1018,13:22:36,248.45,--,1,24845,买盘
1019,13:22:30,248.45,--,16,397520,买盘
1020,13:22:20,248.45,0.02,4,99380,中性盘
1021,13:22:15,248.43,-0.22,6,149058,卖盘
1022,13:22:06,248.65,0.21,11,273515,买盘
1023,13:22:01,248.44,--,0,0,卖盘
1024,13:21:55,248.44,-0.03,6,149064,卖盘
1025,13:21:50,248.47,0.04,3,74541,买盘
1026,13:21:46,248.43,-0.04,3,74529,中性盘
1027,13:21:40,248.47,-0.03,22,554833,卖盘
1028,13:21:31,248.5,--,0,0,买盘
1029,13:21:25,248.5,0.09,1,24850,买盘
1030,13:21:19,248.41,-0.09,2,49682,卖盘
1031,13:21:16,248.5,0.02,2,49700,买盘
1032,13:21:04,248.48,-0.02,1,24848,买盘
1033,13:21:00,248.5,--,10,265149,卖盘
1034,13:20:55,248.5,-0.05,5,124250,卖盘
1035,13:20:49,248.55,0.05,13,323115,买盘
1036,13:20:45,248.5,--,11,273350,卖盘
1037,13:20:40,248.5,-0.02,13,323050,卖盘
1038,13:20:30,248.52,-0.03,1,33053,卖盘
1039,13:20:19,248.55,--,13,323115,中性盘
1040,13:20:15,248.55,--,0,0,卖盘
1041,13:20:10,248.55,--,0,0,卖盘
1042,13:20:04,248.55,0.02,3,91217,卖盘
1043,13:20:00,248.53,-0.08,2,49706,卖盘
1044,13:19:55,248.61,-0.37,2,49722,买盘
1045,13:19:49,248.98,--,0,0,买盘
1046,13:19:44,248.98,0.32,87,2166126,买盘
1047,13:19:40,248.66,--,1,24866,买盘
1048,13:19:34,248.66,-0.02,1,24866,买盘
1049,13:19:30,248.68,--,0,0,买盘
1050,13:19:25,248.68,--,2,74355,卖盘
1051,13:19:19,248.68,-0.03,5,132795,卖盘
1052,13:19:15,248.71,0.03,10,265373,中性盘
1053,13:19:10,248.68,--,0,0,卖盘
1054,13:19:04,248.68,--,1,24868,卖盘
1055,13:18:59,248.68,-0.04,3,74604,卖盘
1056,13:18:49,248.72,0.02,1,24872,买盘
1057,13:18:45,248.7,-0.08,4,99480,卖盘
1058,13:18:40,248.78,-0.02,1,24878,卖盘
1059,13:18:25,248.8,--,12,298560,买盘
1060,13:18:19,248.8,--,30,746400,卖盘
1061,13:18:15,248.8,-0.16,6,149280,卖盘
1062,13:17:55,248.96,0.01,5,124480,买盘
1063,13:17:49,248.95,--,0,0,买盘
1064,13:17:45,248.95,-0.01,5,149121,卖盘
1065,13:17:40,248.96,--,11,273856,买盘
1066,13:17:29,248.96,0.01,1,24896,买盘
1067,13:17:19,248.95,-0.02,0,248,卖盘
1068,13:17:15,248.97,-0.03,1,41577,买盘
1069,13:17:04,249.0,--,0,0,买盘
1070,13:16:58,249.0,0.04,2,49800,买盘
1071,13:16:55,248.96,--,0,0,中性盘
1072,13:16:49,248.96,--,1,24896,卖盘
1073,13:16:45,248.96,--,0,0,中性盘
1074,13:16:39,248.96,0.01,12,298752,买盘
1075,13:16:34,248.95,--,1,24895,买盘
1076,13:16:29,248.95,-0.01,6,149370,买盘
1077,13:16:24,248.96,--,0,0,买盘
1078,13:16:19,248.96,0.04,5,124480,买盘
1079,13:16:14,248.92,-0.08,1,24892,中性盘
1080,13:16:09,249.0,--,2,49800,买盘
1081,13:16:04,249.0,0.1,10,249000,买盘
1082,13:15:54,248.9,--,0,0,卖盘
1083,13:15:49,248.9,-0.1,5,124450,卖盘
1084,13:15:44,249.0,-0.01,15,387444,卖盘
1085,13:15:39,249.01,-0.04,1,24901,卖盘
1086,13:15:34,249.05,--,0,0,买盘
1087,13:15:30,249.05,--,3,74715,买盘
1088,13:15:24,249.05,0.05,5,124525,中性盘
1089,13:15:19,249.0,-0.08,10,265932,卖盘
1090,13:15:14,249.08,0.07,22,547976,买盘
1091,13:15:10,249.01,--,2,49802,卖盘
1092,13:15:04,249.01,-0.07,5,124505,卖盘
1093,13:14:59,249.08,0.08,3,74724,买盘
1094,13:14:49,249.0,--,0,0,卖盘
1095,13:14:44,249.0,-0.08,39,971100,卖盘
1096,13:14:39,249.08,0.08,1,24908,买盘
1097,13:14:34,249.0,-0.06,5,124500,卖盘
1098,13:14:30,249.06,-0.03,11,273966,买盘
1099,13:14:24,249.09,--,0,0,买盘
1100,13:14:19,249.09,--,2,49818,买盘
1101,13:14:09,249.09,0.02,2,49818,买盘
1102,13:14:04,249.07,--,4,99628,卖盘
1103,13:13:58,249.07,--,0,0,卖盘
1104,13:13:54,249.07,--,7,174349,卖盘
1105,13:13:49,249.07,-0.04,2,49814,卖盘
1106,13:13:34,249.11,--,0,0,买盘
1107,13:13:28,249.11,--,0,0,买盘
1108,13:13:24,249.11,0.06,1,24911,买盘
1109,13:13:19,249.05,0.02,12,298860,中性盘
1110,13:13:13,249.03,-0.08,4,99612,卖盘
1111,13:13:09,249.11,--,16,415515,买盘
1112,13:13:04,249.11,--,0,0,买盘
1113,13:12:58,249.11,--,0,0,买盘
1114,13:12:54,249.11,--,2,49822,买盘
1115,13:12:48,249.11,-0.01,1,24911,中性盘
1116,13:12:43,249.12,--,0,0,买盘
1117,13:12:39,249.12,--,1,24912,买盘
1118,13:12:34,249.12,0.12,1,24912,买盘
1119,13:12:28,249.0,--,0,0,卖盘
1120,13:12:23,249.0,-0.3,104,2606532,卖盘
1121,13:12:19,249.3,0.2,1,24930,买盘
1122,13:12:08,249.1,-0.01,4,99640,卖盘
1123,13:12:04,249.11,0.01,7,174377,中性盘
1124,13:11:58,249.1,-0.19,11,274010,卖盘
1125,13:11:54,249.29,--,0,0,买盘
1126,13:11:49,249.29,-0.01,0,15206,卖盘
1127,13:11:23,249.3,-0.02,1,24930,卖盘
1128,13:11:19,249.32,0.02,2,49864,买盘
1129,13:11:03,249.3,--,0,0,卖盘
1130,13:10:58,249.3,-0.02,0,16952,卖盘
1131,13:10:53,249.32,0.03,4,99728,中性盘
1132,13:10:49,249.29,-0.05,7,174503,卖盘
1133,13:10:43,249.34,--,2,49868,买盘
1134,13:10:38,249.34,--,0,0,买盘
1135,13:10:34,249.34,0.03,2,49868,买盘
1136,13:10:28,249.31,--,0,0,卖盘
1137,13:10:23,249.31,-0.04,4,99724,卖盘
1138,13:10:19,249.35,0.05,1,24935,买盘
1139,13:10:13,249.3,--,0,0,卖盘
1140,13:10:07,249.3,-0.05,15,390403,卖盘
1141,13:10:04,249.35,-0.01,2,49870,卖盘
1142,13:09:58,249.36,--,1,24936,买盘
1143,13:09:54,249.36,--,1,24936,买盘
1144,13:09:48,249.36,0.01,1,24936,买盘
1145,13:09:43,249.35,--,12,299220,卖盘
1146,13:09:38,249.35,-0.01,8,199480,卖盘
1147,13:09:34,249.36,--,14,349104,买盘
1148,13:09:28,249.36,0.01,2,49872,买盘
1149,13:09:23,249.35,-0.02,3,88768,卖盘
1150,13:09:19,249.37,0.01,4,99748,买盘
1151,13:09:13,249.36,-0.01,1,41393,卖盘
1152,13:09:08,249.37,--,2,49874,买盘
1153,13:09:04,249.37,--,1,24937,买盘
1154,13:08:58,249.37,-0.01,3,74811,卖盘
1155,13:08:54,249.38,0.01,1,24938,买盘
1156,13:08:49,249.37,0.01,2,49874,买盘
1157,13:08:43,249.36,-0.01,7,174552,卖盘
1158,13:08:38,249.37,0.01,1,24937,中性盘
1159,13:08:33,249.36,-0.01,6,149616,卖盘
1160,13:08:28,249.37,-0.01,5,124685,卖盘
1161,13:08:23,249.38,0.01,2,49876,买盘
1162,13:08:18,249.37,--,8,199496,卖盘
1163,13:08:13,249.37,--,9,224433,卖盘
1164,13:08:08,249.37,-0.01,3,74811,中性盘
1165,13:08:03,249.38,0.01,9,224442,买盘
1166,13:07:48,249.37,-0.01,2,49874,卖盘
1167,13:07:38,249.38,-0.06,2,49876,卖盘
1168,13:07:12,249.44,--,1,24944,买盘
1169,13:07:08,249.44,--,1,32926,卖盘
1170,13:06:58,249.44,--,0,249,卖盘
1171,13:06:52,249.44,-0.02,0,16712,卖盘
1172,13:06:48,249.46,-0.42,1,24946,卖盘
1173,13:06:43,249.88,--,1,24988,卖盘
1174,13:06:37,249.88,--,1,24988,卖盘
1175,13:06:34,249.88,--,0,0,中性盘
1176,13:06:27,249.88,0.45,4,99952,买盘
1177,13:06:18,249.43,--,0,0,卖盘
1178,13:06:13,249.43,-0.37,1,24943,卖盘
1179,13:06:03,249.8,0.37,2,49960,买盘
1180,13:05:52,249.43,0.07,0,23446,买盘
1181,13:05:48,249.36,-0.07,5,124680,卖盘
1182,13:05:43,249.43,--,1,26439,卖盘
1183,13:05:33,249.43,--,1,31428,卖盘
1184,13:05:18,249.43,--,0,16961,买盘
1185,13:05:13,249.43,0.06,3,74829,买盘
1186,13:05:03,249.37,--,0,0,卖盘
1187,13:04:58,249.37,-0.03,3,74811,卖盘
1188,13:04:48,249.4,--,2,49880,买盘
1189,13:04:43,249.4,-0.11,15,374100,卖盘
1190,13:04:28,249.51,--,11,274461,买盘
1191,13:04:22,249.51,0.01,3,74853,买盘
1192,13:04:18,249.5,0.08,2,49900,买盘
1193,13:04:13,249.42,-0.07,1,24942,卖盘
1194,13:04:03,249.49,0.08,1,24949,买盘
1195,13:03:58,249.41,--,0,0,中性盘
1196,13:03:52,249.41,0.02,1,24941,卖盘
1197,13:03:43,249.39,--,2,49878,卖盘
1198,13:03:32,249.39,--,0,9975,卖盘
1199,13:03:22,249.39,0.04,6,159609,买盘
1200,13:03:17,249.35,-0.02,6,149610,卖盘
1201,13:03:13,249.37,--,11,274307,中性盘
1202,13:03:07,249.37,0.02,1,24937,中性盘
1203,13:03:02,249.35,-0.01,8,199480,卖盘
1204,13:02:58,249.36,--,0,0,卖盘
1205,13:02:52,249.36,--,0,0,中性盘
1206,13:02:47,249.36,-0.02,1,26182,卖盘
1207,13:02:43,249.38,0.03,0,15710,卖盘
1208,13:02:37,249.35,--,0,0,卖盘
1209,13:02:32,249.35,--,0,0,卖盘
1210,13:02:28,249.35,--,12,299220,卖盘
1211,13:02:22,249.35,-0.07,3,74805,卖盘
1212,13:02:18,249.42,0.06,43,1072506,买盘
1213,13:02:07,249.36,-0.06,2,49872,卖盘
1214,13:02:03,249.42,0.07,8,199536,买盘
1215,13:01:58,249.35,--,0,0,卖盘
1216,13:01:52,249.35,--,9,224415,卖盘
1217,13:01:42,249.35,--,6,149610,卖盘
1218,13:01:37,249.35,-0.07,19,473765,卖盘
1219,13:01:32,249.42,-0.37,5,124710,卖盘
1220,13:01:28,249.79,--,6,149874,买盘
1221,13:01:17,249.79,0.41,1,24979,买盘
1222,13:01:07,249.38,--,0,0,卖盘
1223,13:01:02,249.38,-0.41,4,99752,中性盘
1224,13:00:58,249.79,0.44,2,49958,买盘
1225,13:00:52,249.35,--,0,0,卖盘
1226,13:00:48,249.35,-0.17,26,648310,卖盘
1227,13:00:42,249.52,0.02,1,32936,中性盘
1228,13:00:37,249.5,--,0,16966,卖盘
1229,13:00:33,249.5,-0.29,1,24950,卖盘
1230,13:00:22,249.79,--,0,0,买盘
1231,13:00:16,249.79,--,0,0,买盘
1232,13:00:07,249.79,0.45,19,475350,买盘
1233,11:30:00,249.34,--,0,0,卖盘
1234,11:29:59,249.34,--,5,141625,买盘
1235,11:29:43,249.34,--,2,57846,卖盘
1236,11:29:38,249.34,--,3,74802,卖盘
1237,11:29:33,249.34,--,0,498,卖盘
1238,11:29:28,249.34,-0.01,6,166060,卖盘
1239,11:29:23,249.35,--,1,24935,买盘
1240,11:29:18,249.35,--,7,174545,卖盘
1241,11:29:13,249.35,-0.01,5,124675,卖盘
1242,11:29:03,249.36,--,1,49123,卖盘
1243,11:28:58,249.36,--,3,74808,卖盘
1244,11:28:53,249.36,--,0,0,卖盘
1245,11:28:43,249.36,-0.02,1,24936,卖盘
1246,11:28:38,249.38,0.02,6,149628,中性盘
1247,11:28:33,249.36,--,1,41892,卖盘
1248,11:28:28,249.36,--,0,0,卖盘
1249,11:28:23,249.36,-0.04,10,249360,卖盘
1250,11:28:18,249.4,-0.11,2,49880,卖盘
1251,11:28:08,249.51,-0.16,1,24951,卖盘
1252,11:27:57,249.67,--,0,0,买盘
1253,11:27:53,249.67,0.29,1,24967,买盘
1254,11:27:42,249.38,--,4,99752,卖盘
1255,11:27:33,249.38,--,0,0,卖盘
1256,11:27:27,249.38,-0.29,5,133168,卖盘
1257,11:27:18,249.67,--,2,49934,买盘
1258,11:27:12,249.67,--,4,108606,卖盘
1259,11:27:08,249.67,-0.03,7,174769,卖盘
1260,11:26:57,249.7,-0.03,7,174790,卖盘
1261,11:26:48,249.73,-0.07,1,24973,卖盘
1262,11:26:42,249.8,0.04,4,99920,买盘
1263,11:26:33,249.76,-0.12,6,157848,卖盘
1264,11:26:27,249.88,0.01,5,124940,买盘
1265,11:26:18,249.87,0.07,1,41978,买盘
1266,11:26:12,249.8,--,1,32973,卖盘
1267,11:26:03,249.8,--,1,24980,卖盘
1268,11:25:57,249.8,--,7,191846,买盘
1269,11:25:52,249.8,-0.08,1,32973,卖盘
1270,11:25:48,249.88,0.08,3,74964,买盘
1271,11:25:42,249.8,--,1,24980,卖盘
1272,11:25:27,249.8,--,0,499,卖盘
1273,11:25:23,249.8,--,0,16486,卖盘
1274,11:25:12,249.8,-0.08,1,24980,卖盘
1275,11:25:07,249.88,--,0,0,买盘
1276,11:25:03,249.88,0.15,2,49976,买盘
1277,11:24:57,249.73,-0.25,3,74919,卖盘
1278,11:24:52,249.98,--,0,0,买盘
1279,11:24:42,249.98,0.1,11,274978,买盘
1280,11:24:17,249.88,--,17,424796,卖盘
1281,11:24:12,249.88,-0.02,4,99952,中性盘
1282,11:24:07,249.9,0.02,1,24990,买盘
1283,11:24:02,249.88,--,1,24988,买盘
1284,11:23:57,249.88,-0.02,1,24988,买盘
1285,11:23:42,249.9,--,0,0,中性盘
1286,11:23:37,249.9,--,1,24990,卖盘
1287,11:23:27,249.9,--,0,0,卖盘
1288,11:23:22,249.9,--,2,49980,买盘
1289,11:23:17,249.9,0.02,1,41983,买盘
1290,11:23:12,249.88,--,1,24988,卖盘
1291,11:23:02,249.88,--,0,0,中性盘
1292,11:22:57,249.88,0.21,3,74964,买盘
1293,11:22:47,249.67,--,0,0,卖盘
1294,11:22:42,249.67,--,9,224703,卖盘
1295,11:22:37,249.67,--,0,0,卖盘
1296,11:22:32,249.67,-0.23,3,74901,卖盘
1297,11:22:27,249.9,0.19,2,49980,买盘
1298,11:22:12,249.71,--,1,24971,中性盘
1299,11:22:07,249.71,0.04,1,24971,卖盘
1300,11:22:02,249.67,--,0,0,卖盘
1301,11:21:57,249.67,--,0,0,卖盘
1302,11:21:47,249.67,--,0,0,卖盘
1303,11:21:42,249.67,--,1,24967,卖盘
1304,11:21:37,249.67,0.17,9,240931,买盘
1305,11:21:22,249.5,-0.15,0,748,卖盘
1306,11:21:17,249.65,--,1,24965,中性盘
1307,11:21:12,249.65,0.16,51,1273215,卖盘
1308,11:21:07,249.49,-0.16,3,74847,卖盘
1309,11:21:02,249.65,--,0,0,中性盘
1310,11:20:57,249.65,0.05,2,49930,买盘
1311,11:20:42,249.6,-0.05,1,24960,卖盘
1312,11:20:27,249.65,--,3,74895,买盘
1313,11:20:12,249.65,--,2,49930,买盘
1314,11:20:07,249.65,--,2,49930,买盘
1315,11:20:02,249.65,--,1,24965,买盘
1316,11:19:57,249.65,--,3,74895,买盘
1317,11:19:52,249.65,--,8,199720,买盘
1318,11:19:47,249.65,0.05,3,74895,买盘
1319,11:19:42,249.6,-0.05,6,149760,卖盘
1320,11:19:36,249.65,--,2,49930,买盘
1321,11:19:27,249.65,--,9,224685,买盘
1322,11:19:21,249.65,--,1,24965,买盘
1323,11:19:12,249.65,--,2,66906,买盘
1324,11:19:06,249.65,0.05,10,249650,买盘
1325,11:18:57,249.6,0.1,2,49920,买盘
1326,11:18:51,249.5,--,0,24451,买盘
1327,11:18:46,249.5,--,40,998000,买盘
1328,11:18:42,249.5,0.01,5,124750,买盘
1329,11:18:36,249.49,0.04,80,1995920,买盘
1330,11:18:27,249.45,--,0,0,中性盘
1331,11:18:21,249.45,0.1,8,199809,买盘
1332,11:18:06,249.35,0.03,2,49870,卖盘
1333,11:17:57,249.32,--,0,0,卖盘
1334,11:17:51,249.32,-0.03,10,249320,卖盘
1335,11:17:42,249.35,0.03,1,24935,买盘
1336,11:17:36,249.32,-0.04,1,24932,卖盘
1337,11:17:26,249.36,--,10,249360,买盘
1338,11:17:21,249.36,0.01,3,74808,买盘
1339,11:17:12,249.35,0.03,5,141630,买盘
1340,11:17:06,249.32,-0.04,13,324116,卖盘
1341,11:16:57,249.36,--,0,0,买盘
1342,11:16:51,249.36,-0.01,13,348854,卖盘
1343,11:16:47,249.37,--,1,24937,卖盘
1344,11:16:41,249.37,0.01,7,174559,买盘
1345,11:16:36,249.36,-0.01,2,49872,卖盘
1346,11:16:26,249.37,--,2,49874,买盘
1347,11:16:11,249.37,--,1,24937,买盘
1348,11:16:01,249.37,-0.06,1,24937,卖盘
1349,11:15:56,249.43,--,1,24943,买盘
1350,11:15:36,249.43,0.07,19,473917,买盘
1351,11:15:30,249.36,--,0,0,卖盘
1352,11:15:21,249.36,-0.06,10,249609,卖盘
1353,11:15:16,249.42,0.1,1,24942,买盘
1354,11:15:11,249.32,-0.03,0,16704,卖盘
1355,11:15:06,249.35,-0.09,1,24935,卖盘
1356,11:15:01,249.44,0.12,4,99776,买盘
1357,11:14:51,249.32,--,0,0,卖盘
1358,11:14:41,249.32,--,2,49864,卖盘
1359,11:14:36,249.32,--,2,49864,卖盘
1360,11:14:31,249.32,--,0,0,卖盘
1361,11:14:05,249.32,--,3,74796,卖盘
1362,11:13:56,249.32,--,11,274252,买盘
1363,11:13:41,249.32,0.21,4,99728,买盘
1364,11:13:36,249.11,-0.21,7,174377,卖盘
1365,11:13:30,249.32,--,19,473708,卖盘
1366,11:13:26,249.32,0.04,34,847688,买盘
1367,11:13:21,249.28,--,0,0,中性盘
1368,11:13:11,249.28,0.17,2,49856,买盘
1369,11:13:06,249.11,--,2,49822,卖盘
1370,11:13:01,249.11,-0.17,0,16939,卖盘
1371,11:12:51,249.28,--,0,0,买盘
1372,11:12:46,249.28,0.18,4,99712,买盘
1373,11:12:35,249.1,--,12,298920,卖盘
1374,11:12:21,249.1,--,0,0,卖盘
1375,11:12:15,249.1,0.09,4,101383,买盘
1376,11:12:06,249.01,-0.07,3,74703,卖盘
1377,11:11:51,249.08,-0.02,2,49816,卖盘
1378,11:11:36,249.1,-0.1,11,297176,卖盘
1379,11:11:30,249.2,-0.06,4,107405,卖盘
1380,11:11:21,249.26,-0.11,1,24926,中性盘
1381,11:11:15,249.37,--,0,0,买盘
1382,11:11:11,249.37,--,1,24937,卖盘
1383,11:11:06,249.37,0.17,10,249370,买盘
1384,11:11:00,249.2,-0.13,0,498,卖盘
1385,11:10:55,249.33,--,0,8477,卖盘
1386,11:10:51,249.33,0.03,0,16455,卖盘
1387,11:10:41,249.3,--,0,0,卖盘
1388,11:10:36,249.3,0.04,4,99720,卖盘
1389,11:10:30,249.26,--,0,0,卖盘
1390,11:10:21,249.26,--,13,324038,中性盘
1391,11:10:15,249.26,--,0,0,卖盘
1392,11:10:05,249.26,-0.11,5,124630,卖盘
1393,11:10:00,249.37,0.02,2,49874,买盘
1394,11:09:50,249.35,--,0,0,中性盘
1395,11:09:45,249.35,--,4,99740,买盘
1396,11:09:40,249.35,--,1,24935,卖盘
1397,11:09:35,249.35,-0.15,1,24935,卖盘
1398,11:09:30,249.5,0.3,18,449100,买盘
1399,11:09:20,249.2,--,0,0,卖盘
1400,11:09:15,249.2,-0.16,0,996,卖盘
1401,11:09:05,249.36,0.16,12,299232,买盘
1402,11:08:55,249.2,--,0,15948,卖盘
1403,11:08:45,249.2,--,2,49840,卖盘
1404,11:08:40,249.2,--,5,126095,买盘
1405,11:08:35,249.2,--,11,274120,买盘
1406,11:08:25,249.2,--,3,74760,买盘
1407,11:08:20,249.2,-0.05,23,589108,卖盘
1408,11:08:05,249.25,-0.01,5,124625,卖盘
1409,11:07:55,249.26,-0.09,7,174482,中性盘
1410,11:07:50,249.35,0.09,1,24935,买盘
1411,11:07:40,249.26,0.01,1,24926,买盘
1412,11:07:30,249.25,-0.01,5,124625,卖盘
1413,11:07:20,249.26,0.01,1,24926,买盘
1414,11:07:15,249.25,--,4,99700,卖盘
1415,11:07:10,249.25,--,2,49850,卖盘
1416,11:07:00,249.25,-0.11,6,149550,卖盘
1417,11:06:55,249.36,0.11,1,24936,买盘
1418,11:06:50,249.25,--,0,1495,卖盘
1419,11:06:45,249.25,-0.13,7,189928,卖盘
1420,11:06:40,249.38,--,1,24938,买盘
1421,11:06:35,249.38,--,11,274318,买盘
1422,11:06:30,249.38,-0.11,10,256861,卖盘
1423,11:06:20,249.49,--,21,523929,买盘
1424,11:06:05,249.49,0.1,2,67362,买盘
1425,11:06:00,249.39,0.01,6,149634,买盘
1426,11:05:55,249.38,0.12,1,24938,中性盘
1427,11:05:45,249.26,-0.12,18,448668,卖盘
1428,11:05:39,249.38,--,6,166585,买盘
1429,11:05:35,249.38,0.11,21,523698,买盘
1430,11:05:30,249.27,-0.11,1,24927,中性盘
1431,11:05:15,249.38,--,2,49876,买盘
1432,11:05:09,249.38,-0.01,3,82794,卖盘
1433,11:05:04,249.39,0.01,1,24939,买盘
1434,11:05:00,249.38,-0.01,4,99752,卖盘
1435,11:04:55,249.39,0.01,2,49878,买盘
1436,11:04:45,249.38,-0.11,0,498,卖盘
1437,11:04:40,249.49,0.11,3,91313,买盘
1438,11:04:35,249.38,-0.12,2,49876,卖盘
1439,11:04:30,249.5,--,4,99800,卖盘
1440,11:04:20,249.5,0.01,27,673650,买盘
1441,11:04:14,249.49,--,1,24949,买盘
1442,11:04:10,249.49,-0.01,9,224541,中性盘
1443,11:04:04,249.5,--,3,74850,买盘
1444,11:04:00,249.5,--,18,449100,买盘
1445,11:03:54,249.5,--,4,99800,买盘
1446,11:03:50,249.5,--,5,124750,买盘
1447,11:03:45,249.5,--,10,249500,买盘
1448,11:03:39,249.5,--,14,349300,卖盘
1449,11:03:35,249.5,0.11,101,2519950,买盘
1450,11:03:30,249.39,-0.01,1,24939,卖盘
1451,11:03:24,249.4,--,1,24940,买盘
1452,11:03:20,249.4,-0.08,2,49880,卖盘
1453,11:03:15,249.48,0.1,12,299376,买盘
1454,11:03:09,249.38,--,0,0,卖盘
1455,11:03:04,249.38,--,0,0,买盘
1456,11:02:50,249.38,--,5,132670,卖盘
1457,11:02:44,249.38,-0.09,13,341151,卖盘
1458,11:02:39,249.47,0.06,2,49894,买盘
1459,11:02:35,249.41,--,0,7981,卖盘
1460,11:02:29,249.41,-0.06,0,16959,卖盘
1461,11:02:24,249.47,--,0,0,买盘
1462,11:02:19,249.47,--,0,0,买盘
1463,11:02:14,249.47,--,1,24947,买盘
1464,11:02:09,249.47,0.09,5,124735,中性盘
1465,11:01:59,249.38,-0.1,2,49876,卖盘
1466,11:01:54,249.48,--,1,24948,买盘
1467,11:01:49,249.48,0.1,1,24948,买盘
1468,11:01:44,249.38,-0.1,1,24938,中性盘
1469,11:01:39,249.48,0.1,58,1446984,买盘
1470,11:01:34,249.38,--,2,49876,买盘
1471,11:01:29,249.38,--,5,124690,买盘
1472,11:01:24,249.38,0.18,3,74814,买盘
1473,11:01:14,249.2,--,5,124600,买盘
1474,11:01:09,249.2,--,5,124600,买盘
1475,11:00:59,249.2,0.1,3,74760,买盘
1476,11:00:54,249.1,0.1,83,2067530,卖盘
1477,11:00:49,249.0,--,0,0,卖盘
1478,11:00:43,249.0,-0.2,50,1245000,卖盘
1479,11:00:39,249.2,0.19,4,100178,买盘
1480,11:00:34,249.01,0.01,4,99604,买盘
1481,11:00:29,249.0,--,0,1494,卖盘
1482,11:00:24,249.0,0.01,29,737538,买盘
1483,11:00:14,248.99,--,1,24899,买盘
1484,11:00:09,248.99,0.27,7,174293,买盘
1485,11:00:04,248.72,--,5,124360,买盘
1486,10:59:59,248.72,--,1,24872,买盘
1487,10:59:54,248.72,0.02,3,74616,买盘
1488,10:59:39,248.7,--,7,174090,买盘
1489,10:59:34,248.7,--,21,522270,买盘
1490,10:59:29,248.7,--,5,124350,买盘
1491,10:59:19,248.7,--,2,49740,买盘
1492,10:59:13,248.7,--,4,99480,买盘
1493,10:59:09,248.7,--,5,124350,买盘
1494,10:59:04,248.7,--,12,298440,买盘
1495,10:58:59,248.7,--,1,24870,买盘
1496,10:58:54,248.7,--,1,24870,买盘
1497,10:58:49,248.7,0.1,11,273570,买盘
1498,10:58:43,248.6,-0.1,31,770660,卖盘
1499,10:58:39,248.7,--,3,74610,买盘
1500,10:58:34,248.7,--,2,49740,买盘
1501,10:58:29,248.7,--,5,124350,买盘
1502,10:58:24,248.7,0.01,9,240741,买盘
1503,10:58:19,248.69,0.09,16,397904,买盘
1504,10:58:13,248.6,--,6,149160,买盘
1505,10:58:09,248.6,--,3,74580,买盘
1506,10:58:04,248.6,--,1,24860,买盘
1507,10:57:59,248.6,--,1,24860,买盘
1508,10:57:54,248.6,0.02,20,497200,买盘
1509,10:57:43,248.58,-0.02,1,24858,卖盘
1510,10:57:34,248.6,0.02,9,223740,买盘
1511,10:57:24,248.58,-0.02,1,24858,卖盘
1512,10:56:58,248.6,0.1,4,99440,买盘
1513,10:56:54,248.5,--,0,0,卖盘
1514,10:56:49,248.5,-0.1,0,2485,卖盘
1515,10:56:43,248.6,0.02,1,24860,买盘
1516,10:56:39,248.58,-0.02,1,24858,买盘
1517,10:56:33,248.6,--,0,0,买盘
1518,10:56:28,248.6,0.1,4,99440,买盘
1519,10:56:24,248.5,--,50,1243494,卖盘
1520,10:56:18,248.5,-0.1,7,189854,卖盘
1521,10:56:08,248.6,--,0,0,买盘
1522,10:56:03,248.6,--,26,646360,买盘
1523,10:55:58,248.6,--,1,24860,买盘
1524,10:55:53,248.6,--,1,24860,买盘
1525,10:55:43,248.6,--,21,522060,买盘
1526,10:55:38,248.6,--,2,49720,买盘
1527,10:55:33,248.6,--,34,845240,卖盘
1528,10:55:18,248.6,--,3,74580,卖盘
1529,10:55:13,248.6,--,1,24860,卖盘
1530,10:55:03,248.6,0.01,8,214790,买盘
1531,10:54:48,248.59,-0.01,1,24859,卖盘
1532,10:54:43,248.6,--,2,49720,买盘
1533,10:54:33,248.6,--,7,174020,买盘
1534,10:54:23,248.6,0.01,32,795520,买盘
1535,10:54:18,248.59,-0.01,0,16904,卖盘
1536,10:54:08,248.6,--,19,472340,买盘
1537,10:54:03,248.6,--,1,24860,买盘
1538,10:53:58,248.6,0.01,11,273460,买盘
1539,10:53:52,248.59,0.09,1,24859,中性盘
1540,10:53:48,248.5,--,9,223650,卖盘
1541,10:53:33,248.5,0.1,79,1963150,买盘
1542,10:53:23,248.4,0.33,2,49680,买盘
1543,10:53:17,248.07,-0.33,6,148842,卖盘
1544,10:53:13,248.4,--,0,0,买盘
1545,10:53:03,248.4,0.2,2,49680,买盘
1546,10:52:58,248.2,0.1,3,74460,中性盘
1547,10:52:52,248.1,-0.3,42,1042020,卖盘
1548,10:52:48,248.4,0.2,5,124200,买盘
1549,10:52:42,248.2,-0.2,10,248200,卖盘
1550,10:52:37,248.4,--,19,471960,买盘
1551,10:52:28,248.4,--,0,0,买盘
1552,10:52:22,248.4,0.06,4,99360,买盘
1553,10:52:18,248.34,0.17,1,24834,中性盘
1554,10:52:13,248.17,-0.23,2,66509,卖盘
1555,10:52:07,248.4,0.06,1,24840,买盘
1556,10:52:03,248.34,--,1,24834,买盘
1557,10:51:58,248.34,0.21,2,49668,买盘
1558,10:51:48,248.13,-0.21,10,248130,卖盘
1559,10:51:42,248.34,0.02,2,49668,买盘
1560,10:51:37,248.32,-0.03,1,24832,买盘
1561,10:51:33,248.35,0.22,2,49670,中性盘
1562,10:51:27,248.13,-0.26,3,74439,卖盘
1563,10:51:18,248.39,-0.01,14,347746,买盘
1564,10:51:12,248.4,--,0,0,买盘
1565,10:50:58,248.4,--,0,0,买盘
1566,10:50:52,248.4,-0.05,1,24840,买盘
1567,10:50:48,248.45,-0.05,2,49690,卖盘
1568,10:50:43,248.5,--,0,0,买盘
1569,10:50:37,248.5,--,0,0,买盘
1570,10:50:28,248.5,0.45,7,173950,买盘
1571,10:50:22,248.05,0.02,76,1885180,买盘
1572,10:50:18,248.03,0.02,3,74409,买盘
1573,10:50:12,248.01,-0.04,0,1488,卖盘
1574,10:50:07,248.05,--,4,114599,买盘
1575,10:50:03,248.05,--,7,173635,买盘
1576,10:49:52,248.05,--,10,248050,买盘
1577,10:49:47,248.05,--,3,74415,买盘
1578,10:49:42,248.05,--,1,24805,买盘
1579,10:49:37,248.05,--,6,148830,买盘
1580,10:49:32,248.05,--,8,198440,买盘
1581,10:49:27,248.05,-0.25,3,74415,中性盘
1582,10:49:22,248.3,0.3,5,124150,买盘
1583,10:49:17,248.0,--,10,248000,卖盘
1584,10:49:12,248.0,-0.3,51,1265296,卖盘
1585,10:49:02,248.3,0.27,10,248300,买盘
1586,10:48:57,248.03,0.01,2,49606,中性盘
1587,10:48:52,248.02,--,1,24802,卖盘
1588,10:48:42,248.02,--,9,223218,卖盘
1589,10:48:37,248.02,-0.28,12,297624,卖盘
1590,10:48:32,248.3,--,6,148980,买盘
1591,10:48:27,248.3,--,22,546260,买盘
1592,10:48:22,248.3,--,0,0,买盘
1593,10:48:17,248.3,0.1,4,99320,买盘
1594,10:48:12,248.2,0.04,1,24820,中性盘
1595,10:48:07,248.16,-0.14,1,41690,卖盘
1596,10:48:02,248.3,-0.2,4,99320,买盘
1597,10:47:57,248.5,0.3,6,149100,买盘
1598,10:47:52,248.2,-0.17,1,24820,卖盘
1599,10:47:47,248.37,--,0,0,买盘
1600,10:47:42,248.37,0.22,1,24837,买盘
1601,10:47:32,248.15,--,1,24815,卖盘
1602,10:47:27,248.15,-0.13,11,272965,卖盘
1603,10:47:22,248.28,0.13,1,24828,买盘
1604,10:47:17,248.15,--,2,49630,卖盘
1605,10:47:02,248.15,--,0,0,卖盘
1606,10:46:57,248.15,--,2,49630,卖盘
1607,10:46:46,248.15,0.15,8,205716,买盘
1608,10:46:37,248.0,-0.13,13,322400,卖盘
1609,10:46:31,248.13,--,0,0,买盘
1610,10:46:27,248.13,0.03,61,1513593,买盘
1611,10:46:22,248.1,--,1,24810,卖盘
1612,10:46:12,248.1,-0.02,3,74430,卖盘
1613,10:46:07,248.12,0.02,1,25308,买盘
1614,10:46:01,248.1,--,1,24810,卖盘
1615,10:45:57,248.1,--,0,16374,卖盘
1616,10:45:51,248.1,-0.02,13,322530,卖盘
1617,10:45:46,248.12,--,15,389796,卖盘
1618,10:45:42,248.12,--,55,1379795,卖盘
1619,10:45:36,248.12,--,0,0,卖盘
1620,10:45:31,248.12,-0.06,3,74436,卖盘
1621,10:45:21,248.18,0.03,15,372270,买盘
1622,10:45:16,248.15,--,2,49630,卖盘
1623,10:45:12,248.15,--,10,248150,卖盘
1624,10:45:06,248.15,--,1,24815,卖盘
1625,10:45:01,248.15,--,2,49630,卖盘
1626,10:44:57,248.15,--,0,0,卖盘
1627,10:44:52,248.15,--,16,397040,卖盘
1628,10:44:42,248.15,-0.01,10,248150,卖盘
1629,10:44:36,248.16,-0.04,5,124080,卖盘
1630,10:44:31,248.2,-0.07,60,1497142,卖盘
1631,10:44:22,248.27,-0.07,4,99308,卖盘
1632,10:44:06,248.34,0.08,1,24834,买盘
1633,10:44:01,248.26,--,0,0,卖盘
1634,10:43:56,248.26,-0.11,0,16881,卖盘
1635,10:43:51,248.37,-0.03,1,24837,卖盘
1636,10:43:46,248.4,0.14,2,49680,买盘
1637,10:43:36,248.26,--,0,0,卖盘
1638,10:43:26,248.26,-0.23,2,49652,卖盘
1639,10:43:21,248.49,-0.01,1,32800,卖盘
1640,10:43:06,248.5,0.01,2,49700,买盘
1641,10:42:51,248.49,0.12,1,24849,卖盘
1642,10:42:41,248.37,0.07,4,116237,买盘
1643,10:42:36,248.3,--,1,24830,买盘
1644,10:42:31,248.3,0.07,5,124150,买盘
1645,10:42:21,248.23,-0.07,3,74469,卖盘
1646,10:42:16,248.3,--,2,49660,买盘
1647,10:42:11,248.3,0.07,1,24830,买盘
1648,10:42:01,248.23,--,2,49646,卖盘
1649,10:41:56,248.23,-0.07,15,389224,中性盘
1650,10:41:51,248.3,--,17,439491,买盘
1651,10:41:46,248.3,--,37,918710,卖盘
1652,10:41:36,248.3,-0.03,2,49660,卖盘
1653,10:41:31,248.33,0.03,2,49666,买盘
1654,10:41:11,248.3,-0.03,2,49660,卖盘
1655,10:41:06,248.33,0.03,7,173831,买盘
1656,10:41:01,248.3,--,1,24830,卖盘
1657,10:40:56,248.3,-0.03,5,124150,卖盘
1658,10:40:50,248.33,0.03,3,74499,买盘
1659,10:40:46,248.3,--,1,24830,卖盘
1660,10:40:41,248.3,--,8,198640,卖盘
1661,10:40:36,248.3,--,3,74490,卖盘
1662,10:40:31,248.3,-0.02,6,148980,卖盘
1663,10:40:26,248.32,-0.01,2,49664,卖盘
1664,10:40:21,248.33,-0.04,7,173831,卖盘
1665,10:40:16,248.37,-0.01,0,7947,卖盘
1666,10:40:01,248.38,0.01,3,74514,买盘
1667,10:39:51,248.37,-0.01,0,16889,卖盘
1668,10:39:46,248.38,-0.12,2,57624,卖盘
1669,10:39:36,248.5,0.12,2,49700,买盘
1670,10:39:15,248.38,-0.14,4,99352,卖盘
1671,10:39:06,248.52,--,0,0,买盘
1672,10:39:00,248.52,--,0,0,买盘
1673,10:38:51,248.52,0.02,1,24852,买盘
1674,10:38:40,248.5,--,1,24850,卖盘
1675,10:38:21,248.5,--,1,24850,卖盘
1676,10:38:15,248.5,--,1,24850,卖盘
1677,10:38:10,248.5,--,1,24850,卖盘
1678,10:38:06,248.5,-0.02,5,124250,卖盘
1679,10:37:55,248.52,0.02,2,49704,买盘
1680,10:37:50,248.5,--,0,1242,卖盘
1681,10:37:45,248.5,-0.02,0,15655,卖盘
1682,10:37:36,248.52,-0.08,4,99408,卖盘
1683,10:37:30,248.6,0.1,1,24860,买盘
1684,10:37:21,248.5,--,0,0,卖盘
1685,10:37:15,248.5,-0.1,7,173950,卖盘
1686,10:37:06,248.6,0.1,1,24860,买盘
1687,10:36:45,248.5,-0.1,4,99400,卖盘
1688,10:36:35,248.6,0.1,22,546920,买盘
1689,10:36:30,248.5,0.12,1,24850,买盘
1690,10:36:20,248.38,--,0,0,卖盘
1691,10:36:05,248.38,-0.12,5,124190,卖盘
1692,10:36:00,248.5,--,1,24850,买盘
1693,10:35:55,248.5,0.12,15,372750,买盘
1694,10:35:50,248.38,--,1,24838,卖盘
1695,10:35:45,248.38,-0.01,0,16889,卖盘
1696,10:35:35,248.39,-0.11,1,24839,卖盘
1697,10:35:30,248.5,--,2,49700,买盘
1698,10:35:20,248.5,--,1,24850,卖盘
1699,10:35:15,248.5,-0.02,2,49700,卖盘
1700,10:35:10,248.52,0.02,2,49704,买盘
1701,10:35:05,248.5,--,3,74550,卖盘
1702,10:35:00,248.5,--,0,0,中性盘
1703,10:34:50,248.5,0.16,1,24850,买盘
1704,10:34:45,248.34,-0.16,6,149004,卖盘
1705,10:34:40,248.5,0.17,1,24850,买盘
1706,10:34:35,248.33,--,1,24833,卖盘
1707,10:34:29,248.33,--,6,148998,卖盘
1708,10:34:25,248.33,0.01,1,24833,卖盘
1709,10:34:20,248.32,-0.28,1,24832,卖盘
1710,10:34:15,248.6,0.27,13,323180,买盘
1711,10:34:10,248.33,-0.27,15,381434,卖盘
1712,10:34:05,248.6,0.27,1,24860,买盘
1713,10:33:59,248.33,--,0,0,卖盘
1714,10:33:55,248.33,-0.14,1,24833,卖盘
1715,10:33:50,248.47,-0.03,1,48700,卖盘
1716,10:33:44,248.5,--,1,24850,卖盘
1717,10:33:40,248.5,0.17,0,994,中性盘
1718,10:33:35,248.33,0.01,0,15893,中性盘
1719,10:33:30,248.32,-0.24,4,99328,卖盘
1720,10:33:25,248.56,0.26,6,149136,买盘
1721,10:33:15,248.3,--,0,0,卖盘
1722,10:33:00,248.3,0.04,2,49660,买盘
1723,10:32:55,248.26,0.04,2,49652,中性盘
1724,10:32:45,248.22,--,4,99288,卖盘
1725,10:32:30,248.22,--,1,24822,卖盘
1726,10:32:24,248.22,0.02,1,32268,卖盘
1727,10:32:15,248.2,--,8,198560,卖盘
1728,10:32:10,248.2,-0.02,1,24820,卖盘
1729,10:32:00,248.22,0.02,4,99288,买盘
1730,10:31:49,248.2,0.08,18,465126,买盘
1731,10:31:45,248.12,-0.04,7,173684,卖盘
1732,10:31:39,248.16,0.04,33,819920,买盘
1733,10:31:34,248.12,-0.04,7,173684,卖盘
1734,10:31:29,248.16,-0.03,10,264042,卖盘
1735,10:31:24,248.19,-0.01,6,148914,卖盘
1736,10:31:19,248.2,--,2,49640,买盘
1737,10:31:15,248.2,0.04,8,198560,买盘
1738,10:31:09,248.16,-0.04,12,297792,卖盘
1739,10:31:04,248.2,--,5,124100,买盘
1740,10:30:59,248.2,0.08,9,223380,买盘
1741,10:30:54,248.12,-0.04,1,24812,卖盘
1742,10:30:45,248.16,0.04,5,124080,买盘
1743,10:30:39,248.12,0.02,16,396992,买盘
1744,10:30:33,248.1,--,3,74430,卖盘
1745,10:30:30,248.1,--,16,396960,卖盘
1746,10:30:24,248.1,-0.02,18,446580,卖盘
1747,10:30:19,248.12,0.01,2,49624,买盘
1748,10:30:14,248.11,-0.01,1,24811,卖盘
1749,10:30:09,248.12,--,4,99248,卖盘
1750,10:29:59,248.12,-0.08,2,49624,卖盘
1751,10:29:54,248.2,0.1,3,74460,买盘
1752,10:29:49,248.1,--,0,16870,卖盘
1753,10:29:39,248.1,-0.06,19,471390,卖盘
1754,10:29:34,248.16,--,1,24816,买盘
1755,10:29:29,248.16,--,16,397056,买盘
1756,10:29:24,248.16,--,1,24816,买盘
1757,10:29:19,248.16,--,1,24816,买盘
1758,10:29:14,248.16,-0.04,2,49632,卖盘
1759,10:29:09,248.2,-0.05,158,3929502,卖盘
1760,10:29:04,248.25,-0.02,1,24825,卖盘
1761,10:28:59,248.27,--,1,24827,买盘
1762,10:28:54,248.27,0.06,2,49654,买盘
1763,10:28:49,248.21,-0.04,2,49642,卖盘
1764,10:28:44,248.25,0.04,3,74475,买盘
1765,10:28:39,248.21,-0.04,6,148926,卖盘
1766,10:28:34,248.25,--,1,24825,买盘
1767,10:28:19,248.25,-0.03,4,99300,卖盘
1768,10:28:13,248.28,--,36,893808,卖盘
1769,10:28:09,248.28,-0.02,1,24828,卖盘
1770,10:28:04,248.3,0.02,1,24830,买盘
1771,10:27:59,248.28,-0.32,5,124140,卖盘
1772,10:27:54,248.6,0.03,5,124300,买盘
1773,10:27:44,248.57,--,1,24857,买盘
1774,10:27:34,248.57,0.27,1,24857,买盘
1775,10:27:29,248.3,--,0,1489,卖盘
1776,10:27:24,248.3,-0.27,4,114714,卖盘
1777,10:27:19,248.57,--,1,24857,买盘
1778,10:27:09,248.57,--,4,99428,买盘
1779,10:26:59,248.57,0.01,4,99428,买盘
1780,10:26:49,248.56,0.01,1,24856,中性盘
1781,10:26:39,248.55,0.27,2,71830,买盘
1782,10:26:34,248.28,-0.26,12,297936,卖盘
1783,10:26:24,248.54,-0.01,1,24854,卖盘
1784,10:26:09,248.55,0.25,2,49710,买盘
1785,10:26:03,248.3,-0.24,3,74490,卖盘
1786,10:25:58,248.54,0.04,12,306698,买盘
1787,10:25:49,248.5,-0.02,5,124250,卖盘
1788,10:25:43,248.52,-0.03,2,49704,卖盘
1789,10:25:34,248.55,-0.05,17,430488,卖盘
1790,10:25:28,248.6,0.01,20,497200,买盘
1791,10:25:23,248.59,0.04,0,1491,中性盘
1792,10:25:18,248.55,-0.05,14,363380,卖盘
1793,10:25:13,248.6,-0.02,4,99440,卖盘
1794,10:25:04,248.62,0.02,9,223758,中性盘
1795,10:24:53,248.6,-0.05,1,24860,卖盘
1796,10:24:39,248.65,0.05,4,99460,买盘
1797,10:24:33,248.6,-0.1,1,24860,卖盘
1798,10:24:18,248.7,-0.02,6,149220,买盘
1799,10:24:13,248.72,--,11,279810,卖盘
1800,10:24:08,248.72,--,12,298464,卖盘
1801,10:24:03,248.72,--,1,24872,卖盘
1802,10:23:53,248.72,-0.03,21,522312,卖盘
1803,10:23:38,248.75,0.03,3,74625,买盘
1804,10:23:32,248.72,--,14,348208,卖盘
1805,10:23:27,248.72,--,0,16912,卖盘
1806,10:23:24,248.72,--,18,447696,卖盘
1807,10:23:18,248.72,--,6,149232,卖盘
1808,10:23:13,248.72,-0.03,20,497440,卖盘
1809,10:23:09,248.75,--,10,248750,买盘
1810,10:23:03,248.75,-0.02,30,746250,卖盘
1811,10:22:58,248.77,0.01,1,24877,买盘
1812,10:22:48,248.76,--,2,49752,买盘
1813,10:22:43,248.76,--,0,0,买盘
1814,10:22:38,248.76,--,26,656477,买盘
1815,10:22:33,248.76,0.03,1,24876,买盘
1816,10:22:28,248.73,--,0,0,卖盘
1817,10:22:18,248.73,--,1,24873,卖盘
1818,10:22:08,248.73,-0.03,4,99492,卖盘
1819,10:21:58,248.76,-0.14,1,24876,卖盘
1820,10:21:53,248.9,--,2,49780,买盘
1821,10:21:48,248.9,--,10,248900,买盘
1822,10:21:38,248.9,--,1,24890,买盘
1823,10:21:33,248.9,-0.1,2,49780,卖盘
1824,10:21:23,249.0,0.01,2,49800,买盘
1825,10:21:18,248.99,--,2,57765,卖盘
1826,10:21:13,248.99,-0.01,11,290820,卖盘
1827,10:20:58,249.0,0.01,2,49800,买盘
1828,10:20:53,248.99,--,1,24899,卖盘
1829,10:20:43,248.99,--,2,49798,卖盘
1830,10:20:33,248.99,0.01,5,124495,卖盘
1831,10:20:28,248.98,-0.02,1,24898,卖盘
1832,10:20:23,249.0,--,50,1245000,买盘
1833,10:20:18,249.0,0.04,8,199200,买盘
1834,10:20:13,248.96,--,2,49792,买盘
1835,10:20:08,248.96,-0.04,5,124480,卖盘
1836,10:19:58,249.0,--,1,24900,买盘
1837,10:19:48,249.0,--,7,174300,买盘
1838,10:19:43,249.0,--,3,74700,买盘
1839,10:19:33,249.0,--,2,49800,买盘
1840,10:19:28,249.0,--,8,199200,买盘
1841,10:19:22,249.0,0.01,6,149400,买盘
1842,10:19:18,248.99,0.27,3,74697,买盘
1843,10:19:13,248.72,-0.27,2,66656,卖盘
1844,10:19:07,248.99,--,0,0,买盘
1845,10:19:02,248.99,0.27,4,99596,买盘
1846,10:18:58,248.72,--,14,348208,卖盘
1847,10:18:52,248.72,--,4,99488,卖盘
1848,10:18:48,248.72,0.09,106,2636432,买盘
1849,10:18:42,248.63,-0.02,1,24863,卖盘
1850,10:18:33,248.65,--,16,397840,买盘
1851,10:18:28,248.65,--,3,74595,买盘
1852,10:18:22,248.65,--,1,24865,买盘
1853,10:18:17,248.65,--,13,323245,卖盘
1854,10:18:07,248.65,-0.04,1,24865,卖盘
1855,10:18:03,248.69,0.05,3,74607,买盘
1856,10:17:33,248.64,-0.01,6,149184,买盘
1857,10:17:27,248.65,--,8,198920,买盘
1858,10:17:17,248.65,--,1,24865,买盘
1859,10:17:13,248.65,--,0,0,买盘
1860,10:17:07,248.65,-0.05,1,41773,中性盘
1861,10:17:02,248.7,0.07,29,721230,买盘
1862,10:16:57,248.63,--,0,0,中性盘
1863,10:16:52,248.63,0.04,5,124315,买盘
1864,10:16:47,248.59,--,22,563802,买盘
1865,10:16:43,248.59,-0.04,37,927737,卖盘
1866,10:16:32,248.63,--,4,99452,卖盘
1867,10:16:27,248.63,0.01,12,298356,买盘
1868,10:16:22,248.62,--,11,273482,买盘
1869,10:16:17,248.62,--,5,124310,买盘
1870,10:16:12,248.62,-0.01,3,74586,卖盘
1871,10:16:07,248.63,--,1,24863,买盘
1872,10:16:02,248.63,--,1,24863,买盘
1873,10:15:57,248.63,0.02,4,99452,买盘
1874,10:15:47,248.61,--,4,99444,卖盘
1875,10:15:42,248.61,-0.02,18,447498,卖盘
1876,10:15:27,248.63,--,11,273493,买盘
1877,10:15:12,248.63,0.03,19,472397,买盘
1878,10:15:06,248.6,--,1,24860,卖盘
1879,10:15:01,248.6,--,11,290364,买盘
1880,10:14:47,248.6,--,2,49720,买盘
1881,10:14:42,248.6,0.01,3,74580,买盘
1882,10:14:32,248.59,--,0,0,卖盘
1883,10:14:27,248.59,--,3,74577,卖盘
1884,10:14:02,248.59,0.04,3,74577,买盘
1885,10:13:57,248.55,-0.04,3,74565,卖盘
1886,10:13:52,248.59,--,1,24859,买盘
1887,10:13:47,248.59,0.04,1,24859,买盘
1888,10:13:32,248.55,-0.15,15,372825,卖盘
1889,10:13:27,248.7,0.15,17,422790,买盘
1890,10:13:22,248.55,-0.05,3,74565,卖盘
1891,10:13:17,248.6,-0.05,2,49720,中性盘
1892,10:13:12,248.65,0.05,16,397840,买盘
1893,10:13:02,248.6,-0.05,0,248,卖盘
1894,10:12:57,248.65,--,6,165849,买盘
1895,10:12:52,248.65,--,3,74595,卖盘
1896,10:12:42,248.65,0.05,7,174055,买盘
1897,10:12:37,248.6,0.03,8,198880,买盘
1898,10:12:22,248.57,0.02,9,223713,买盘
1899,10:12:15,248.55,--,1,24855,买盘
1900,10:12:12,248.55,--,24,596520,卖盘
1901,10:12:06,248.55,0.05,19,472245,买盘
1902,10:12:01,248.5,-0.05,6,149100,卖盘
1903,10:11:57,248.55,0.05,14,347970,买盘
1904,10:11:52,248.5,-0.25,3,74550,卖盘
1905,10:11:42,248.75,--,0,0,买盘
1906,10:11:37,248.75,0.24,1,24875,买盘
1907,10:11:27,248.51,-0.24,1,24851,买盘
1908,10:11:21,248.75,--,0,0,买盘
1909,10:11:16,248.75,0.25,2,49750,买盘
1910,10:11:12,248.5,--,1,24850,买盘
1911,10:11:07,248.5,--,12,298200,买盘
1912,10:11:00,248.5,--,1,24850,买盘
1913,10:10:56,248.5,--,6,165501,买盘
1914,10:10:52,248.5,0.01,1,24850,买盘
1915,10:10:42,248.49,--,2,49698,卖盘
1916,10:10:37,248.49,--,6,149094,买盘
1917,10:10:27,248.49,0.02,1,24849,买盘
1918,10:10:21,248.47,--,3,74541,卖盘
1919,10:10:15,248.47,0.02,1,24847,买盘
1920,10:10:11,248.45,--,4,99380,卖盘
1921,10:10:07,248.45,--,13,322985,买盘
1922,10:10:01,248.45,--,1,24845,买盘
1923,10:09:56,248.45,--,15,372675,卖盘
1924,10:09:51,248.45,-0.03,4,99380,卖盘
1925,10:09:46,248.48,--,1,24848,买盘
1926,10:09:41,248.48,0.03,3,74544,买盘
1927,10:09:36,248.45,0.02,75,1863375,买盘
1928,10:09:31,248.43,--,5,124215,买盘
1929,10:09:26,248.43,--,1,24843,买盘
1930,10:09:21,248.43,-0.02,4,99372,中性盘
1931,10:09:11,248.45,0.15,1,24845,买盘
1932,10:09:06,248.3,0.1,21,521430,买盘
1933,10:08:56,248.2,0.01,34,843880,买盘
1934,10:08:51,248.19,-0.01,1,41695,卖盘
1935,10:08:46,248.2,--,5,124100,买盘
1936,10:08:41,248.2,0.02,3,74460,买盘
1937,10:08:36,248.18,-0.01,5,124090,卖盘
1938,10:08:26,248.19,0.01,1,24819,买盘
1939,10:08:21,248.18,--,27,670086,买盘
1940,10:08:15,248.18,--,1,24818,买盘
1941,10:08:05,248.18,--,9,223362,买盘
1942,10:08:00,248.18,0.08,1,24818,买盘
1943,10:07:51,248.1,--,0,0,卖盘
1944,10:07:46,248.1,--,0,0,卖盘
1945,10:07:41,248.1,--,6,148860,买盘
1946,10:07:30,248.1,--,6,148860,买盘
1947,10:07:25,248.1,--,5,124050,买盘
1948,10:07:21,248.1,--,4,99240,买盘
1949,10:07:11,248.1,--,42,1042020,买盘
1950,10:07:06,248.1,--,13,322530,买盘
1951,10:07:00,248.1,--,8,198480,买盘
1952,10:06:56,248.1,--,22,545820,买盘
1953,10:06:51,248.1,--,9,223290,买盘
1954,10:06:45,248.1,--,1,24810,买盘
1955,10:06:40,248.1,0.1,24,595440,中性盘
1956,10:06:31,248.0,--,0,0,卖盘
1957,10:06:26,248.0,--,27,693656,买盘
1958,10:06:21,248.0,--,81,2008800,买盘
1959,10:06:15,248.0,--,0,0,买盘
1960,10:06:11,248.0,0.03,110,2728000,买盘
1961,10:06:06,247.97,0.02,1,24797,买盘
1962,10:06:01,247.95,0.05,77,1909215,买盘
1963,10:05:54,247.9,--,3,74370,买盘
1964,10:05:51,247.9,--,32,793280,买盘
1965,10:05:45,247.9,--,28,694120,买盘
1966,10:05:39,247.9,0.02,50,1239500,买盘
1967,10:05:36,247.88,--,2,49576,买盘
1968,10:05:30,247.88,--,22,545336,买盘
1969,10:05:24,247.88,0.03,16,396608,买盘
1970,10:05:15,247.85,--,17,421345,买盘
1971,10:05:09,247.85,--,19,470915,买盘
1972,10:05:06,247.85,--,1,24785,买盘
1973,10:05:01,247.85,0.05,15,371775,买盘
1974,10:04:54,247.8,-0.05,2,49560,卖盘
1975,10:04:51,247.85,0.05,4,99140,买盘
1976,10:04:45,247.8,--,27,669060,买盘
1977,10:04:36,247.8,--,2,49560,买盘
1978,10:04:30,247.8,-0.05,2,49560,中性盘
1979,10:04:25,247.85,--,12,297420,买盘
1980,10:04:21,247.85,--,41,1016185,买盘
1981,10:04:15,247.85,--,2,49570,买盘
1982,10:04:10,247.85,--,7,173495,买盘
1983,10:04:06,247.85,0.04,10,247850,买盘
1984,10:04:00,247.81,--,0,0,中性盘
1985,10:03:54,247.81,-0.07,1,24781,卖盘
1986,10:03:51,247.88,-0.02,16,396608,买盘
1987,10:03:46,247.9,0.05,1,24790,买盘
1988,10:03:35,247.85,0.15,2,49570,卖盘
1989,10:03:30,247.7,--,0,0,卖盘
1990,10:03:24,247.7,--,0,0,卖盘
1991,10:03:20,247.7,-0.11,209,5176930,卖盘
1992,10:03:15,247.81,0.01,9,223029,买盘
1993,10:03:09,247.8,--,15,371700,买盘
1994,10:03:05,247.8,-0.1,81,2007180,卖盘
1995,10:03:00,247.9,0.05,15,371850,买盘
1996,10:02:54,247.85,--,1,24785,买盘
1997,10:02:50,247.85,-0.05,33,817905,卖盘
1998,10:02:45,247.9,0.05,6,148740,买盘
1999,10:02:39,247.85,--,6,148710,买盘
2000,10:02:35,247.85,0.05,54,1338390,买盘
2001,10:02:30,247.8,-0.05,2,49560,卖盘
2002,10:02:24,247.85,--,0,0,买盘
2003,10:02:20,247.85,--,10,247850,买盘
2004,10:02:15,247.85,0.13,2,49570,卖盘
2005,10:02:09,247.72,-0.13,27,668844,卖盘
2006,10:02:05,247.85,--,12,297420,买盘
2007,10:02:00,247.85,--,0,0,买盘
2008,10:01:54,247.85,0.05,2,49570,买盘
2009,10:01:50,247.8,-0.08,4,99120,卖盘
2010,10:01:45,247.88,-0.02,10,247880,中性盘
2011,10:01:35,247.9,--,2,49580,买盘
2012,10:01:30,247.9,0.1,22,545380,买盘
2013,10:01:20,247.8,--,22,557550,卖盘
2014,10:01:15,247.8,--,0,0,中性盘
2015,10:01:05,247.8,--,12,297360,买盘
2016,10:01:00,247.8,--,8,198240,买盘
2017,10:00:54,247.8,0.02,7,173460,买盘
2018,10:00:50,247.78,--,1,24778,卖盘
2019,10:00:45,247.78,0.02,1,45591,买盘
2020,10:00:39,247.76,-0.02,10,247760,卖盘
2021,10:00:35,247.78,0.02,11,272558,买盘
2022,10:00:30,247.76,-0.02,2,49552,中性盘
2023,10:00:24,247.78,--,16,400412,卖盘
2024,10:00:20,247.78,--,8,219037,买盘
2025,10:00:15,247.78,--,8,198224,买盘
2026,10:00:09,247.78,--,0,0,买盘
2027,10:00:05,247.78,0.02,23,586990,买盘
2028,09:59:50,247.76,--,25,627080,买盘
2029,09:59:45,247.76,--,6,148656,买盘
2030,09:59:35,247.76,0.01,2,49552,买盘
2031,09:59:30,247.75,-0.01,1,24775,卖盘
2032,09:59:24,247.76,--,3,74328,买盘
2033,09:59:20,247.76,--,42,1040592,买盘
2034,09:59:15,247.76,0.01,3,74328,买盘
2035,09:59:09,247.75,-0.01,2,49550,卖盘
2036,09:59:05,247.76,--,18,445968,卖盘
2037,09:58:54,247.76,-0.01,2,49552,中性盘
2038,09:58:48,247.77,--,1,24777,买盘
2039,09:58:45,247.77,0.01,13,322101,买盘
2040,09:58:39,247.76,-0.01,14,346864,卖盘
2041,09:58:33,247.77,--,14,346878,买盘
2042,09:58:30,247.77,--,9,222993,买盘
2043,09:58:24,247.77,-0.01,48,1189296,卖盘
2044,09:58:18,247.78,--,19,470782,买盘
2045,09:58:15,247.78,--,16,396448,买盘
2046,09:58:09,247.78,-0.17,13,333759,卖盘
2047,09:58:03,247.95,--,31,768645,卖盘
2048,09:57:59,247.95,--,19,484246,中性盘
2049,09:57:54,247.95,0.17,2,49590,买盘
2050,09:57:48,247.78,--,0,0,卖盘
2051,09:57:45,247.78,0.01,7,173446,买盘
2052,09:57:39,247.77,--,2,49554,买盘
2053,09:57:33,247.77,--,10,247770,买盘
2054,09:57:30,247.77,--,1,24777,买盘
2055,09:57:24,247.77,0.01,4,99108,买盘
2056,09:57:18,247.76,--,3,74328,买盘
2057,09:57:15,247.76,--,38,952141,买盘
2058,09:57:09,247.76,0.17,2,49552,买盘
2059,09:57:03,247.59,--,1,24759,中性盘
2060,09:57:00,247.59,-0.01,30,742770,卖盘
2061,09:56:54,247.6,0.01,61,1510360,买盘
2062,09:56:48,247.59,0.06,1,24759,卖盘
2063,09:56:44,247.53,-0.06,10,247530,卖盘
2064,09:56:39,247.59,0.09,22,544698,买盘
2065,09:56:29,247.5,0.01,51,1262250,买盘
2066,09:56:24,247.49,-0.01,1,24749,中性盘
2067,09:56:18,247.5,0.02,5,123750,买盘
2068,09:56:14,247.48,0.02,8,197984,买盘
2069,09:56:09,247.46,-0.02,17,420682,中性盘
2070,09:56:03,247.48,--,4,98992,买盘
2071,09:55:59,247.48,0.08,2,49496,买盘
2072,09:55:54,247.4,-0.02,15,371100,卖盘
2073,09:55:48,247.42,--,0,0,卖盘
2074,09:55:44,247.42,0.02,7,173194,买盘
2075,09:55:39,247.4,--,8,197920,卖盘
2076,09:55:33,247.4,--,2,49480,卖盘
2077,09:55:29,247.4,--,24,593760,买盘
2078,09:55:24,247.4,--,39,964860,买盘
2079,09:55:18,247.4,0.02,7,173180,买盘
2080,09:55:14,247.38,--,24,593712,卖盘
2081,09:55:09,247.38,0.07,36,890568,买盘
2082,09:55:03,247.31,0.01,4,98924,中性盘
2083,09:54:59,247.3,-0.01,13,341274,卖盘
2084,09:54:54,247.31,--,18,445158,卖盘
2085,09:54:48,247.31,-0.19,14,346234,卖盘
2086,09:54:44,247.5,0.19,1,24750,买盘
2087,09:54:39,247.31,-0.28,17,420427,卖盘
2088,09:54:33,247.59,-0.01,35,866565,卖盘
2089,09:54:29,247.6,--,15,371400,买盘
2090,09:54:24,247.6,0.1,65,1609400,买盘
2091,09:54:18,247.5,-0.1,17,420750,卖盘
2092,09:54:14,247.6,-0.19,53,1312280,中性盘
2093,09:54:09,247.79,0.29,23,569917,买盘
2094,09:54:03,247.5,-0.1,25,618750,卖盘
2095,09:53:59,247.6,-0.19,38,940880,卖盘
2096,09:53:54,247.79,-0.03,23,569917,买盘
2097,09:53:48,247.82,0.02,17,421294,中性盘
2098,09:53:44,247.8,-0.19,7,173460,卖盘
2099,09:53:39,247.99,0.19,16,396784,买盘
2100,09:53:33,247.8,-0.1,16,396480,卖盘
2101,09:53:29,247.9,-0.1,3,74370,卖盘
2102,09:53:24,248.0,--,4,99200,买盘
2103,09:53:18,248.0,0.02,14,347200,买盘
2104,09:53:14,247.98,-0.04,55,1364633,卖盘
2105,09:53:09,248.02,--,111,2777079,卖盘
2106,09:53:03,248.02,-0.11,54,1339308,中性盘
2107,09:52:59,248.13,0.12,101,2506113,买盘
2108,09:52:54,248.01,--,53,1314453,卖盘
2109,09:52:48,248.01,--,53,1314453,卖盘
2110,09:52:44,248.01,-0.19,40,992040,卖盘
2111,09:52:39,248.2,-0.1,16,397120,卖盘
2112,09:52:33,248.3,0.19,1,24830,买盘
2113,09:52:29,248.11,-0.09,4,99244,卖盘
2114,09:52:23,248.2,0.19,19,471580,买盘
2115,09:52:18,248.01,-0.29,28,694428,卖盘
2116,09:52:14,248.3,-0.06,26,645580,中性盘
2117,09:52:09,248.36,0.03,43,1067948,中性盘
2118,09:52:03,248.33,-0.12,3,74499,卖盘
2119,09:51:59,248.45,--,14,347830,中性盘
2120,09:51:54,248.45,-0.05,3,74535,卖盘
2121,09:51:48,248.5,--,47,1167950,卖盘
2122,09:51:39,248.5,-0.3,104,2584400,卖盘
2123,09:51:33,248.8,0.01,25,622000,买盘
2124,09:51:27,248.79,-0.01,11,273669,卖盘
2125,09:51:24,248.8,-0.05,19,472720,卖盘
2126,09:51:18,248.85,-0.05,12,322011,卖盘
2127,09:51:12,248.9,0.02,12,298680,买盘
2128,09:51:09,248.88,--,20,497760,买盘
2129,09:51:03,248.88,--,31,771528,卖盘
2130,09:50:57,248.88,--,7,174216,卖盘
2131,09:50:54,248.88,-0.02,19,472872,中性盘
2132,09:50:48,248.9,0.02,65,1642242,买盘
2133,09:50:42,248.88,-0.02,6,149328,卖盘
2134,09:50:39,248.9,0.02,30,749686,买盘
2135,09:50:33,248.88,-0.02,8,199104,卖盘
2136,09:50:27,248.9,0.02,15,373350,中性盘
2137,09:50:24,248.88,-0.02,23,572424,卖盘
2138,09:50:18,248.9,-0.01,5,124450,中性盘
2139,09:50:12,248.91,0.03,11,273801,买盘
2140,09:50:09,248.88,-0.03,57,1419611,卖盘
2141,09:50:03,248.91,-0.01,19,472929,卖盘
2142,09:49:57,248.92,0.02,14,348488,买盘
2143,09:49:54,248.9,-0.01,2,49780,中性盘
2144,09:49:48,248.91,-0.01,15,373365,中性盘
2145,09:49:42,248.92,--,12,298704,买盘
2146,09:49:39,248.92,0.01,31,784844,买盘
2147,09:49:33,248.91,--,9,224019,买盘
2148,09:49:27,248.91,--,6,149346,买盘
2149,09:49:24,248.91,0.02,1,24891,买盘
2150,09:49:18,248.89,--,0,0,卖盘
2151,09:49:12,248.89,-0.02,10,248890,卖盘
2152,09:49:09,248.91,-0.01,12,309892,买盘
2153,09:49:03,248.92,-0.08,26,647192,中性盘
2154,09:48:57,249.0,-0.01,4,124002,卖盘
2155,09:48:53,249.01,0.01,12,298812,买盘
2156,09:48:48,249.0,--,6,149400,卖盘
2157,09:48:42,249.0,0.1,34,847098,买盘
2158,09:48:38,248.9,-0.03,28,720316,卖盘
2159,09:48:33,248.93,0.02,16,398288,中性盘
2160,09:48:27,248.91,-0.09,10,248910,卖盘
2161,09:48:23,249.0,--,41,1020900,买盘
2162,09:48:18,249.0,--,23,572700,买盘
2163,09:48:12,249.0,--,4,99600,买盘
2164,09:48:08,249.0,--,59,1489518,卖盘
2165,09:48:03,249.0,-0.01,15,373500,卖盘
2166,09:47:57,249.01,-0.09,15,373515,卖盘
2167,09:47:53,249.1,0.02,10,273013,卖盘
2168,09:47:48,249.08,--,6,149448,卖盘
2169,09:47:42,249.08,--,0,0,卖盘
2170,09:47:38,249.08,-0.02,65,1620016,卖盘
2171,09:47:33,249.1,--,0,0,买盘
2172,09:47:27,249.1,-0.02,3,74730,中性盘
2173,09:47:23,249.12,0.11,20,498240,买盘
2174,09:47:18,249.01,-0.09,3,79185,中性盘
2175,09:47:12,249.1,--,62,1564846,买盘
2176,09:47:08,249.1,0.1,25,647161,买盘
2177,09:47:03,249.0,-0.01,70,1743000,卖盘
2178,09:46:57,249.01,--,2,49802,卖盘
2179,09:46:53,249.01,-0.29,18,448218,卖盘
2180,09:46:48,249.3,-0.1,5,124650,中性盘
2181,09:46:42,249.4,--,30,748200,买盘
2182,09:46:38,249.4,0.4,14,349160,买盘
2183,09:46:33,249.0,--,44,1095600,卖盘
2184,09:46:23,249.0,0.11,12,303780,买盘
2185,09:46:18,248.89,--,14,348446,卖盘
2186,09:46:12,248.89,-0.11,4,99556,中性盘
2187,09:46:08,249.0,--,35,871500,买盘
2188,09:46:03,249.0,0.2,36,896400,买盘
2189,09:45:57,248.8,-0.2,27,691664,卖盘
2190,09:45:52,249.0,-0.1,104,2589600,卖盘
2191,09:45:48,249.1,-0.02,109,2715190,买盘
2192,09:45:42,249.12,0.02,25,622800,买盘
2193,09:45:38,249.1,-0.1,11,274010,中性盘
2194,09:45:33,249.2,--,29,727664,买盘
2195,09:45:27,249.2,0.17,1,24920,买盘
2196,09:45:23,249.03,-0.25,7,174321,卖盘
2197,09:45:18,249.28,0.25,27,673056,买盘
2198,09:45:12,249.03,-0.07,21,522963,卖盘
2199,09:45:08,249.1,-0.2,18,448380,卖盘
2200,09:45:02,249.3,-0.19,26,648180,卖盘
2201,09:44:57,249.49,0.1,11,274439,买盘
2202,09:44:53,249.39,-0.11,53,1321767,卖盘
2203,09:44:47,249.5,-0.08,118,2944100,卖盘
2204,09:44:42,249.58,-0.01,17,444751,卖盘
2205,09:44:36,249.59,-0.06,13,324467,卖盘
2206,09:44:32,249.65,0.05,10,249650,买盘
2207,09:44:27,249.6,-0.1,33,823680,卖盘
2208,09:44:21,249.7,--,61,1523170,买盘
2209,09:44:17,249.7,0.05,1,24970,买盘
2210,09:44:12,249.65,-0.05,25,624125,卖盘
2211,09:44:06,249.7,-0.06,7,174790,卖盘
2212,09:44:02,249.76,-0.04,2,49952,卖盘
2213,09:43:57,249.8,--,6,149880,买盘
2214,09:43:51,249.8,--,1,24980,买盘
2215,09:43:47,249.8,-0.05,38,955984,卖盘
2216,09:43:42,249.85,-0.1,10,249850,卖盘
2217,09:43:36,249.95,--,5,124975,买盘
2218,09:43:32,249.95,--,25,624875,买盘
2219,09:43:27,249.95,--,3,74985,买盘
2220,09:43:21,249.95,-0.05,37,924815,卖盘
2221,09:43:17,250.0,--,21,525000,卖盘
2222,09:43:06,250.0,--,7,175000,卖盘
2223,09:43:02,250.0,--,1,25000,卖盘
2224,09:42:57,250.0,--,1,25000,卖盘
2225,09:42:48,250.0,0.01,15,375000,买盘
2226,09:42:42,249.99,-0.02,1,24999,中性盘
2227,09:42:36,250.01,-0.05,1,25001,中性盘
2228,09:42:33,250.06,0.06,90,2255041,买盘
2229,09:42:27,250.0,0.01,43,1075000,卖盘
2230,09:42:17,249.99,-0.01,14,349986,卖盘
2231,09:42:12,250.0,-0.06,10,250000,中性盘
2232,09:42:06,250.06,0.06,7,175042,买盘
2233,09:42:02,250.0,-0.15,23,575000,卖盘
2234,09:41:57,250.15,0.01,3,75045,买盘
2235,09:41:51,250.14,0.15,11,275154,买盘
2236,09:41:47,249.99,-0.01,3,74997,卖盘
2237,09:41:42,250.0,--,8,220500,买盘
2238,09:41:36,250.0,--,4,100000,买盘
2239,09:41:32,250.0,-0.07,19,479500,卖盘
2240,09:41:27,250.07,-0.08,32,800224,买盘
2241,09:41:21,250.15,0.15,10,250150,买盘
2242,09:41:17,250.0,-0.16,1,25000,卖盘
2243,09:41:12,250.16,--,2,50032,卖盘
2244,09:41:06,250.16,0.16,3,95561,买盘
2245,09:41:02,250.0,--,5,125000,买盘
2246,09:40:57,250.0,0.09,2,50000,买盘
2247,09:40:51,249.91,--,0,0,卖盘
2248,09:40:47,249.91,-0.09,24,599784,卖盘
2249,09:40:42,250.0,--,1,25000,卖盘
2250,09:40:36,250.0,0.05,4,100000,买盘
2251,09:40:32,249.95,0.05,15,374925,买盘
2252,09:40:27,249.9,--,4,99960,卖盘
2253,09:40:17,249.9,--,1,24990,买盘
2254,09:40:12,249.9,--,4,99960,买盘
2255,09:40:06,249.9,--,7,174930,买盘
2256,09:40:02,249.9,--,9,224910,买盘
2257,09:39:57,249.9,-0.03,7,174930,卖盘
2258,09:39:47,249.93,--,25,624825,买盘
2259,09:39:42,249.93,0.04,15,374895,买盘
2260,09:39:36,249.89,-0.01,2,49978,卖盘
2261,09:39:32,249.9,-0.04,9,224910,中性盘
2262,09:39:27,249.94,0.05,42,1049748,买盘
2263,09:39:21,249.89,-0.06,24,599736,卖盘
2264,09:39:16,249.95,--,9,224955,买盘
2265,09:39:12,249.95,-0.04,7,193961,卖盘
2266,09:39:06,249.99,0.04,0,5999,买盘
2267,09:39:02,249.95,-0.04,21,524895,卖盘
2268,09:38:57,249.99,--,5,124995,买盘
2269,09:38:51,249.99,--,0,0,买盘
2270,09:38:47,249.99,--,7,174993,买盘
2271,09:38:42,249.99,-0.01,5,143994,卖盘
2272,09:38:36,250.0,--,23,581000,买盘
2273,09:38:32,250.0,0.04,16,400000,买盘
2274,09:38:27,249.96,0.06,7,174972,卖盘
2275,09:38:21,249.9,-0.1,12,299880,卖盘
2276,09:38:17,250.0,-0.01,17,425000,中性盘
2277,09:38:12,250.01,--,3,75003,买盘
2278,09:38:06,250.01,0.01,9,225009,买盘
2279,09:38:02,250.0,-0.01,28,700000,卖盘
2280,09:37:57,250.01,-0.05,5,125005,卖盘
2281,09:37:51,250.06,-0.04,25,625150,卖盘
2282,09:37:45,250.1,--,2,50020,买盘
2283,09:37:42,250.1,-0.1,8,200080,卖盘
2284,09:37:36,250.2,--,2,50040,买盘
2285,09:37:30,250.2,--,20,500400,买盘
2286,09:37:26,250.2,-0.02,6,150120,卖盘
2287,09:37:21,250.22,--,1,25022,买盘
2288,09:37:15,250.22,--,1,25022,买盘
2289,09:37:11,250.22,-0.08,3,75066,卖盘
2290,09:37:06,250.3,--,0,0,买盘
2291,09:36:57,250.3,-0.01,22,550660,买盘
2292,09:36:45,250.31,--,0,0,买盘
2293,09:36:42,250.31,--,3,75093,买盘
2294,09:36:36,250.31,--,0,0,买盘
2295,09:36:30,250.31,--,5,125155,买盘
2296,09:36:26,250.31,-0.16,1,25031,中性盘
2297,09:36:21,250.47,--,12,300564,买盘
2298,09:36:15,250.47,0.17,11,275517,买盘
2299,09:36:11,250.3,-0.17,23,575690,卖盘
2300,09:36:06,250.47,--,4,100188,买盘
2301,09:35:56,250.47,--,36,901692,买盘
2302,09:35:51,250.47,--,10,250470,卖盘
2303,09:35:45,250.47,--,1,25047,卖盘
2304,09:35:36,250.47,--,4,100188,卖盘
2305,09:35:30,250.47,0.17,3,75141,买盘
2306,09:35:27,250.3,-0.17,8,200240,卖盘
2307,09:35:21,250.47,-0.03,24,601128,买盘
2308,09:35:15,250.5,-0.01,7,175350,买盘
2309,09:35:11,250.51,--,4,100204,买盘
2310,09:35:06,250.51,--,9,225459,买盘
2311,09:35:00,250.51,0.01,5,125255,买盘
2312,09:34:56,250.5,0.2,18,450900,买盘
2313,09:34:51,250.3,0.1,3,75090,买盘
2314,09:34:45,250.2,--,8,200160,买盘
2315,09:34:41,250.2,--,4,100080,买盘
2316,09:34:36,250.2,0.2,2,50040,买盘
2317,09:34:30,250.0,-0.3,3,75000,中性盘
2318,09:34:26,250.3,0.35,29,725870,买盘
2319,09:34:21,249.95,-0.05,31,774845,中性盘
2320,09:34:15,250.0,0.06,6,150000,买盘
2321,09:34:11,249.94,--,5,124970,买盘
2322,09:34:06,249.94,-0.05,41,1024754,卖盘
2323,09:33:56,249.99,--,14,361235,买盘
2324,09:33:51,249.99,--,8,199992,买盘
2325,09:33:45,249.99,0.05,2,49998,买盘
2326,09:33:41,249.94,--,3,74982,卖盘
2327,09:33:36,249.94,-0.05,11,274934,卖盘
2328,09:33:30,249.99,0.09,8,199992,买盘
2329,09:33:26,249.9,-0.03,12,299880,卖盘
2330,09:33:21,249.93,-0.01,8,199944,中性盘
2331,09:33:15,249.94,0.05,12,299928,买盘
2332,09:33:11,249.89,-0.04,4,99956,中性盘
2333,09:33:06,249.93,0.04,14,349902,买盘
2334,09:33:00,249.89,--,7,174923,买盘
2335,09:32:56,249.89,0.06,8,199912,买盘
2336,09:32:51,249.83,-0.05,7,174881,中性盘
2337,09:32:41,249.88,--,9,224892,买盘
2338,09:32:36,249.88,--,9,224892,卖盘
2339,09:32:30,249.88,0.13,3,74964,买盘
2340,09:32:26,249.75,--,0,0,卖盘
2341,09:32:21,249.75,-0.19,13,324675,卖盘
2342,09:32:15,249.94,0.14,1,43239,中性盘
2343,09:32:06,249.8,--,10,249800,卖盘
2344,09:32:00,249.8,-0.08,1,24980,卖盘
2345,09:31:56,249.88,--,4,99952,买盘
2346,09:31:51,249.88,0.08,1,24988,买盘
2347,09:31:45,249.8,--,1,24980,买盘
2348,09:31:41,249.8,--,0,0,中性盘
2349,09:31:36,249.8,-0.01,12,299760,卖盘
2350,09:31:30,249.81,0.09,8,199848,买盘
2351,09:31:26,249.72,0.04,2,49944,中性盘
2352,09:31:21,249.68,-0.04,5,124840,卖盘
2353,09:31:15,249.72,-0.19,11,274692,卖盘
2354,09:31:11,249.91,0.24,2,49982,买盘
2355,09:31:06,249.67,-0.04,8,199736,卖盘
2356,09:31:00,249.71,-0.23,32,799072,卖盘
2357,09:30:55,249.94,0.09,2,49988,买盘
2358,09:30:50,249.85,-0.09,5,124925,卖盘
2359,09:30:45,249.94,-0.06,9,224946,卖盘
2360,09:30:39,250.0,--,16,400000,卖盘
2361,09:30:36,250.0,--,8,200000,卖盘
2362,09:30:30,250.0,-0.45,3,75000,卖盘
2363,09:30:24,250.45,--,19,475855,买盘
2364,09:30:20,250.45,0.44,7,175315,买盘
2365,09:30:15,250.01,-0.45,7,175007,卖盘
2366,09:30:09,250.46,--,0,0,买盘
2367,09:30:06,250.46,-0.4,89,2229094,卖盘
2368,09:28:44,250.86,--,0,0,买盘
2369,09:25:04,250.86,250.86,242,6070812,买盘
