,time,price,change,volume,amount,type
0,15:00:00,17.5,--,0,0,买盘
1,15:00:00,17.5,--,0,0,买盘
2,15:00:00,17.5,--,52,91000,买盘
3,14:59:55,17.5,--,34,60602,买盘
4,14:59:49,17.5,--,488,854595,卖盘
5,14:59:45,17.5,--,1982,3468500,卖盘
6,14:59:40,17.5,--,29,50750,卖盘
7,14:59:34,17.5,--,53,93905,买盘
8,14:59:30,17.5,0.02,253,442750,买盘
9,14:59:25,17.48,-0.02,52,90896,卖盘
10,14:59:19,17.5,--,56,98000,买盘
11,14:59:15,17.5,--,59,103250,买盘
12,14:59:10,17.5,--,42,73500,买盘
13,14:59:04,17.5,0.02,24,42000,买盘
14,14:59:00,17.48,-0.02,449,784852,卖盘
15,14:58:55,17.5,0.01,209,366345,买盘
16,14:58:49,17.49,--,433,757316,卖盘
17,14:58:45,17.49,-0.01,330,577170,卖盘
18,14:58:40,17.5,--,8,14000,买盘
19,14:58:34,17.5,--,32,56000,买盘
20,14:58:30,17.5,--,1827,3197250,卖盘
21,14:58:25,17.5,-0.01,28,49000,卖盘
22,14:58:19,17.51,0.01,172,301172,买盘
23,14:58:15,17.5,0.01,57,99750,中性盘
24,14:58:10,17.49,-0.02,203,355046,卖盘
25,14:58:04,17.51,--,162,283662,卖盘
26,14:57:55,17.51,-0.01,4,7004,卖盘
27,14:57:49,17.52,0.02,52,91104,买盘
28,14:57:45,17.5,-0.02,293,512750,卖盘
29,14:57:40,17.52,0.01,52,91104,买盘
30,14:57:34,17.51,0.02,208,364208,买盘
31,14:57:30,17.49,-0.02,449,785300,卖盘
32,14:57:25,17.51,0.01,149,260899,买盘
33,14:57:19,17.5,--,47,82250,卖盘
34,14:57:15,17.5,--,9,15750,卖盘
35,14:57:09,17.5,--,1029,1800750,卖盘
36,14:57:04,17.5,--,33,57750,卖盘
37,14:56:59,17.5,--,3951,6914250,卖盘
38,14:56:54,17.5,-0.02,12,22155,卖盘
39,14:56:49,17.52,0.03,570,998640,买盘
40,14:56:44,17.49,--,170,297330,卖盘
41,14:56:39,17.49,-0.01,1664,2910335,卖盘
42,14:56:34,17.5,0.01,136,238000,买盘
43,14:56:29,17.49,-0.01,199,348050,卖盘
44,14:56:24,17.5,0.01,69,120750,买盘
45,14:56:19,17.49,--,40,69960,买盘
46,14:56:14,17.49,-0.01,30,52469,卖盘
47,14:56:09,17.5,--,76,133000,买盘
48,14:56:04,17.5,--,73,127750,卖盘
49,14:55:59,17.5,--,328,574000,卖盘
50,14:55:54,17.5,-0.01,105,183750,卖盘
51,14:55:49,17.51,--,83,145333,买盘
52,14:55:44,17.51,--,171,299421,买盘
53,14:55:39,17.51,-0.01,773,1353523,中性盘
54,14:55:34,17.52,0.02,59,103368,买盘
55,14:55:29,17.5,-0.01,1288,2254752,卖盘
56,14:55:24,17.51,--,357,625107,买盘
57,14:55:19,17.51,0.01,72,126072,买盘
58,14:55:14,17.5,-0.02,18,31500,卖盘
59,14:55:09,17.52,0.01,1266,2218032,买盘
60,14:55:04,17.51,0.01,106,185606,中性盘
61,14:54:59,17.5,-0.02,2788,4879000,卖盘
62,14:54:54,17.52,0.02,330,578160,买盘
63,14:54:49,17.5,-0.01,57,99750,卖盘
64,14:54:44,17.51,--,10,17510,买盘
65,14:54:39,17.51,-0.01,323,565573,卖盘
66,14:54:34,17.52,0.01,486,851472,中性盘
67,14:54:24,17.51,-0.01,122,213622,卖盘
68,14:54:19,17.52,--,6,10512,卖盘
69,14:54:14,17.52,-0.01,5,8760,卖盘
70,14:54:09,17.53,-0.01,11,19283,卖盘
71,14:54:04,17.54,0.03,3,5262,买盘
72,14:53:59,17.51,-0.03,4550,7967050,卖盘
73,14:53:54,17.54,0.02,290,508800,买盘
74,14:53:49,17.52,--,27,47304,买盘
75,14:53:39,17.52,--,80,141771,卖盘
76,14:53:34,17.52,--,56,98112,卖盘
77,14:53:28,17.52,0.01,195,341780,买盘
78,14:53:24,17.51,-0.02,595,1041845,卖盘
79,14:53:19,17.53,--,30,52590,买盘
80,14:53:13,17.53,--,3,5259,买盘
81,14:53:09,17.53,--,146,255938,卖盘
82,14:53:04,17.53,--,3,5259,卖盘
83,14:52:58,17.53,-0.01,1,1753,卖盘
84,14:52:54,17.54,0.02,492,862968,买盘
85,14:52:49,17.52,--,51,89352,卖盘
86,14:52:43,17.52,-0.01,352,616704,卖盘
87,14:52:39,17.53,0.01,555,972915,买盘
88,14:52:34,17.52,0.01,182,318864,买盘
89,14:52:28,17.51,0.01,3,5253,中性盘
90,14:52:24,17.5,-0.02,1705,2983750,卖盘
91,14:52:19,17.52,0.01,180,315360,买盘
92,14:52:13,17.51,-0.02,190,332690,卖盘
93,14:52:09,17.53,--,958,1679374,买盘
94,14:52:04,17.53,0.01,118,206854,买盘
95,14:51:58,17.52,--,15,26280,卖盘
96,14:51:54,17.52,--,229,401208,卖盘
97,14:51:49,17.52,--,7,12264,中性盘
98,14:51:43,17.52,0.01,5,8760,买盘
99,14:51:39,17.51,-0.02,95,166345,卖盘
100,14:51:34,17.53,0.02,28,49084,买盘
101,14:51:28,17.51,0.01,407,712657,买盘
102,14:51:24,17.5,-0.01,10,17500,卖盘
103,14:51:19,17.51,0.01,63,110698,买盘
104,14:51:13,17.5,0.01,21,36750,中性盘
105,14:51:09,17.49,-0.03,68,118931,卖盘
106,14:51:04,17.52,--,33,57816,买盘
107,14:50:58,17.52,0.01,69,120888,买盘
108,14:50:54,17.51,--,11,19261,卖盘
109,14:50:49,17.51,-0.01,33,57783,卖盘
110,14:50:43,17.52,0.01,2214,3878928,买盘
111,14:50:39,17.51,-0.01,29,50779,卖盘
112,14:50:34,17.52,0.01,81,141912,买盘
113,14:50:28,17.51,-0.01,493,863243,卖盘
114,14:50:24,17.52,--,19,33288,买盘
115,14:50:18,17.52,--,14,24528,买盘
116,14:50:13,17.52,-0.02,72,126144,卖盘
117,14:50:08,17.54,--,87,152598,买盘
118,14:50:03,17.54,0.02,1256,2203024,买盘
119,14:49:58,17.52,--,43,75336,买盘
120,14:49:53,17.52,-0.01,1865,3267480,卖盘
121,14:49:48,17.53,0.01,1778,3116834,买盘
122,14:49:43,17.52,--,242,423984,卖盘
123,14:49:38,17.52,--,2,3504,卖盘
124,14:49:33,17.52,-0.01,337,590424,卖盘
125,14:49:28,17.53,0.02,30,52590,买盘
126,14:49:23,17.51,-0.02,4681,8196431,卖盘
127,14:49:13,17.53,0.01,158,276974,买盘
128,14:49:03,17.52,-0.03,301,527352,卖盘
129,14:48:58,17.55,--,2924,5131620,买盘
130,14:48:53,17.55,0.02,32,56160,买盘
131,14:48:48,17.53,--,17,29801,卖盘
132,14:48:43,17.53,--,61,106933,卖盘
133,14:48:38,17.53,-0.02,932,1633796,卖盘
134,14:48:33,17.55,0.01,95,166725,买盘
135,14:48:28,17.54,0.01,4,7016,中性盘
136,14:48:23,17.53,-0.02,4646,8144438,卖盘
137,14:48:18,17.55,--,16,28080,买盘
138,14:48:13,17.55,--,432,758160,买盘
139,14:48:08,17.55,-0.02,288,506879,卖盘
140,14:48:03,17.57,--,31,54467,买盘
141,14:47:58,17.57,0.02,28,49196,买盘
142,14:47:53,17.55,-0.02,5623,9868365,卖盘
143,14:47:43,17.57,--,23,40411,买盘
144,14:47:38,17.57,--,68,120389,卖盘
145,14:47:33,17.57,-0.01,55,96722,卖盘
146,14:47:28,17.58,0.01,5,8790,买盘
147,14:47:23,17.57,--,2,3514,卖盘
148,14:47:18,17.57,--,10,17570,卖盘
149,14:47:13,17.57,--,47,82579,卖盘
150,14:47:08,17.57,-0.01,4,7028,卖盘
151,14:47:03,17.58,0.01,707,1242905,买盘
152,14:46:58,17.57,--,79,138803,卖盘
153,14:46:53,17.57,--,142,249494,卖盘
154,14:46:48,17.57,--,17,29869,卖盘
155,14:46:43,17.57,--,976,1714832,卖盘
156,14:46:37,17.57,-0.01,102,179214,卖盘
157,14:46:33,17.58,0.01,5,8790,买盘
158,14:46:28,17.57,-0.01,14,24598,卖盘
159,14:46:18,17.58,0.01,4,7031,买盘
160,14:46:13,17.57,-0.01,944,1658608,卖盘
161,14:46:03,17.58,0.01,3,5273,买盘
162,14:45:58,17.57,--,98,172186,卖盘
163,14:45:52,17.57,--,21,36897,卖盘
164,14:45:48,17.57,--,9,15813,卖盘
165,14:45:43,17.57,--,2055,3610635,卖盘
166,14:45:33,17.57,--,15,26355,卖盘
167,14:45:28,17.57,--,9,15813,卖盘
168,14:45:22,17.57,--,78,137046,卖盘
169,14:45:13,17.57,--,2254,3960278,卖盘
170,14:45:07,17.57,--,9,15813,卖盘
171,14:44:58,17.57,-0.01,46,80822,卖盘
172,14:44:52,17.58,0.01,2,3515,买盘
173,14:44:48,17.57,-0.01,57,100149,卖盘
174,14:44:43,17.58,--,1125,1977749,买盘
175,14:44:33,17.58,--,3,5273,买盘
176,14:44:27,17.58,0.01,3,5273,买盘
177,14:44:22,17.57,--,86,151102,卖盘
178,14:44:18,17.57,--,9,15813,卖盘
179,14:44:12,17.57,--,1628,2860396,卖盘
180,14:44:07,17.57,--,13,24545,卖盘
181,14:43:57,17.57,--,28,49196,卖盘
182,14:43:52,17.57,--,12,21084,卖盘
183,14:43:42,17.57,-0.01,2367,4158819,卖盘
184,14:43:37,17.58,--,41,72253,买盘
185,14:43:33,17.58,--,59,105251,买盘
186,14:43:27,17.58,--,3,5273,买盘
187,14:43:22,17.58,--,10,17580,买盘
188,14:43:12,17.58,-0.01,3371,5926217,买盘
189,14:43:07,17.59,0.01,88,155988,买盘
190,14:43:03,17.58,--,100,175799,卖盘
191,14:42:57,17.58,-0.01,26,46182,卖盘
192,14:42:52,17.59,--,3,5277,买盘
193,14:42:47,17.59,0.01,18,31662,买盘
194,14:42:42,17.58,-0.01,75,131850,卖盘
195,14:42:37,17.59,0.01,18,31662,买盘
196,14:42:33,17.58,--,56,98447,卖盘
197,14:42:27,17.58,-0.01,5,8790,卖盘
198,14:42:22,17.59,--,5,8795,买盘
199,14:42:17,17.59,0.01,11,19349,买盘
200,14:42:12,17.58,--,128,225023,卖盘
201,14:42:07,17.58,-0.01,2,3515,卖盘
202,14:42:02,17.59,0.01,3,5277,买盘
203,14:41:57,17.58,--,31,54497,卖盘
204,14:41:52,17.58,-0.01,11,19337,卖盘
205,14:41:47,17.59,0.01,3,5277,买盘
206,14:41:42,17.58,--,48,84383,卖盘
207,14:41:37,17.58,--,233,409613,卖盘
208,14:41:32,17.58,--,66,117733,卖盘
209,14:41:27,17.58,--,51,89798,卖盘
210,14:41:22,17.58,0.01,212,372695,买盘
211,14:41:12,17.57,--,41,72037,卖盘
212,14:41:07,17.57,-0.01,434,762538,卖盘
213,14:40:57,17.58,-0.01,113,199286,卖盘
214,14:40:47,17.59,0.01,3,5277,买盘
215,14:40:37,17.58,--,218,383243,卖盘
216,14:40:32,17.58,-0.01,10,17580,卖盘
217,14:40:27,17.59,--,14,24626,买盘
218,14:40:17,17.59,--,4,7036,买盘
219,14:40:12,17.59,--,166,291994,买盘
220,14:40:07,17.59,0.01,254,446786,买盘
221,14:39:57,17.58,-0.01,62,108995,卖盘
222,14:39:52,17.59,--,34,59806,买盘
223,14:39:47,17.59,0.01,26,45734,买盘
224,14:39:37,17.58,--,404,710231,卖盘
225,14:39:31,17.58,--,41,72078,卖盘
226,14:39:27,17.58,--,36,63287,卖盘
227,14:39:22,17.58,-0.01,40,72025,卖盘
228,14:39:17,17.59,0.01,3,5277,买盘
229,14:39:12,17.58,--,2,3515,卖盘
230,14:39:07,17.58,-0.01,590,1037219,卖盘
231,14:39:02,17.59,0.01,4,8671,买盘
232,14:38:57,17.58,-0.01,27,47465,卖盘
233,14:38:52,17.59,0.01,8,14072,买盘
234,14:38:42,17.58,--,7,12305,卖盘
235,14:38:37,17.58,-0.01,412,724295,卖盘
236,14:38:27,17.59,--,9,15831,买盘
237,14:38:22,17.59,0.01,18,31662,买盘
238,14:38:12,17.58,--,10,17580,卖盘
239,14:38:06,17.58,-0.02,6,10547,卖盘
240,14:38:01,17.6,0.03,3,5280,买盘
241,14:37:57,17.57,-0.03,402,706314,卖盘
242,14:37:52,17.6,--,303,533280,买盘
243,14:37:42,17.6,0.02,2003,3525280,买盘
244,14:37:37,17.58,-0.01,36,64588,卖盘
245,14:37:31,17.59,--,796,1400164,买盘
246,14:37:27,17.59,--,17,29903,买盘
247,14:37:21,17.59,0.01,254,447771,买盘
248,14:37:16,17.58,--,39,69335,卖盘
249,14:37:12,17.58,-0.01,3,5273,卖盘
250,14:37:06,17.59,0.01,89,156551,买盘
251,14:36:57,17.58,--,21,36918,卖盘
252,14:36:51,17.58,-0.01,73,128333,卖盘
253,14:36:46,17.59,0.01,658,1158371,买盘
254,14:36:42,17.58,0.01,1,1757,买盘
255,14:36:36,17.57,-0.01,845,1484665,卖盘
256,14:36:31,17.58,0.01,3,5273,买盘
257,14:36:21,17.57,-0.01,676,1187732,卖盘
258,14:36:16,17.58,0.01,60,105479,买盘
259,14:36:06,17.57,-0.01,843,1481151,卖盘
260,14:36:01,17.58,0.01,5,8790,买盘
261,14:35:56,17.57,-0.01,22,38654,卖盘
262,14:35:51,17.58,--,1200,2109600,买盘
263,14:35:46,17.58,--,10,17580,买盘
264,14:35:41,17.58,0.01,3,5273,买盘
265,14:35:36,17.57,--,1223,2149619,卖盘
266,14:35:31,17.57,--,5,8785,卖盘
267,14:35:21,17.57,-0.01,3,5885,卖盘
268,14:35:16,17.58,0.01,3,5801,买盘
269,14:35:11,17.57,--,35,62584,卖盘
270,14:35:06,17.57,--,1092,1918644,卖盘
271,14:35:01,17.57,--,1005,1765785,卖盘
272,14:34:56,17.57,--,22,38654,卖盘
273,14:34:46,17.57,-0.01,3,5271,卖盘
274,14:34:41,17.58,0.01,3,5273,买盘
275,14:34:36,17.57,--,1641,2883237,卖盘
276,14:34:26,17.57,-0.01,31,54467,卖盘
277,14:34:21,17.58,0.01,1632,2869055,买盘
278,14:34:06,17.57,-0.01,299,525343,卖盘
279,14:34:01,17.58,0.01,3,5273,买盘
280,14:33:56,17.57,--,46,80822,卖盘
281,14:33:51,17.57,-0.01,50,87850,卖盘
282,14:33:46,17.58,0.01,3,5273,买盘
283,14:33:41,17.57,--,30,52710,卖盘
284,14:33:36,17.57,-0.01,2992,5256944,卖盘
285,14:33:31,17.58,--,58,101963,买盘
286,14:33:26,17.58,0.01,3,5273,买盘
287,14:33:21,17.57,--,2004,3521028,卖盘
288,14:33:11,17.57,-0.01,45,80769,卖盘
289,14:33:06,17.58,0.01,1049,1844141,买盘
290,14:33:01,17.57,-0.01,9,16445,卖盘
291,14:32:56,17.58,--,32,56255,买盘
292,14:32:51,17.58,0.01,6,10547,买盘
293,14:32:46,17.57,--,9,15813,卖盘
294,14:32:41,17.57,-0.01,3,5271,卖盘
295,14:32:36,17.58,--,1435,2522729,买盘
296,14:32:31,17.58,--,3,5273,买盘
297,14:32:21,17.58,--,3,5273,买盘
298,14:32:16,17.58,0.01,41,72078,买盘
299,14:32:06,17.57,--,42,73794,卖盘
300,14:32:01,17.57,--,2,3514,卖盘
301,14:31:55,17.57,-0.01,2525,4436425,卖盘
302,14:31:46,17.58,--,4,7031,买盘
303,14:31:41,17.58,--,10,17580,买盘
304,14:31:36,17.58,--,3,5273,买盘
305,14:31:21,17.58,-0.01,893,1570702,卖盘
306,14:31:15,17.59,0.01,74,130166,买盘
307,14:31:10,17.58,--,1,1933,卖盘
308,14:31:06,17.58,--,39,70091,卖盘
309,14:31:00,17.58,--,73,128333,卖盘
310,14:30:55,17.58,--,851,1496057,卖盘
311,14:30:36,17.58,--,2,3515,卖盘
312,14:30:30,17.58,--,8,14063,卖盘
313,14:30:20,17.58,--,1050,1845899,卖盘
314,14:30:10,17.58,-0.01,9,15821,卖盘
315,14:30:05,17.59,--,54,94986,买盘
316,14:29:55,17.59,--,63,110817,买盘
317,14:29:50,17.59,--,3,5277,买盘
318,14:29:45,17.59,--,478,840802,买盘
319,14:29:40,17.59,0.01,3,5277,买盘
320,14:29:35,17.58,-0.01,107,189108,卖盘
321,14:29:30,17.59,--,6,10554,买盘
322,14:29:15,17.59,--,3,5277,买盘
323,14:29:10,17.59,0.01,3,5277,买盘
324,14:29:05,17.58,-0.01,46,82573,卖盘
325,14:29:00,17.59,0.01,3,5277,中性盘
326,14:28:55,17.58,-0.02,956,1680647,卖盘
327,14:28:50,17.6,0.01,3,5280,买盘
328,14:28:40,17.59,--,1,1759,买盘
329,14:28:35,17.59,--,1,1759,卖盘
330,14:28:30,17.59,--,13,22867,买盘
331,14:28:15,17.59,0.01,13,22867,买盘
332,14:28:10,17.58,-0.01,11,19337,卖盘
333,14:28:05,17.59,0.01,3,5277,买盘
334,14:28:00,17.58,--,2,4025,卖盘
335,14:27:55,17.58,-0.02,101,177557,卖盘
336,14:27:50,17.6,0.01,3,5280,买盘
337,14:27:45,17.59,--,10,17695,卖盘
338,14:27:40,17.59,-0.01,5,8795,卖盘
339,14:27:35,17.6,0.01,172,302720,买盘
340,14:27:30,17.59,-0.01,11,19349,卖盘
341,14:27:25,17.6,0.01,4,7040,买盘
342,14:27:20,17.59,-0.01,1,1759,卖盘
343,14:27:15,17.6,0.01,51,89760,买盘
344,14:27:10,17.59,-0.01,2,3518,买盘
345,14:27:05,17.6,--,1000,1760000,买盘
346,14:27:00,17.6,0.02,210,370092,买盘
347,14:26:55,17.58,--,67,118999,卖盘
348,14:26:50,17.58,-0.02,8,14063,卖盘
349,14:26:45,17.6,0.01,3,5280,买盘
350,14:26:40,17.59,-0.01,3,5277,买盘
351,14:26:35,17.6,--,1000,1760000,买盘
352,14:26:25,17.6,--,17,29920,买盘
353,14:26:20,17.6,--,14,24640,买盘
354,14:26:15,17.6,--,3,5280,买盘
355,14:26:05,17.6,-0.01,51,89760,中性盘
356,14:26:00,17.61,0.03,38,66918,买盘
357,14:25:55,17.58,-0.02,22,38675,卖盘
358,14:25:50,17.6,--,4,8272,买盘
359,14:25:45,17.6,--,20,35200,买盘
360,14:25:40,17.6,--,3,5280,买盘
361,14:25:35,17.6,--,430,756800,买盘
362,14:25:25,17.6,0.02,26,45760,买盘
363,14:25:20,17.58,-0.02,2,3515,卖盘
364,14:25:15,17.6,--,4,7444,买盘
365,14:25:10,17.6,--,39,69942,买盘
366,14:25:05,17.6,--,1000,1760000,买盘
367,14:25:00,17.6,0.02,6,10560,买盘
368,14:24:55,17.58,-0.02,33,58013,卖盘
369,14:24:45,17.6,0.01,3,5280,买盘
370,14:24:40,17.59,0.01,3,5277,买盘
371,14:24:34,17.58,-0.01,12,21095,卖盘
372,14:24:30,17.59,--,12,21108,买盘
373,14:24:19,17.59,--,10,17590,买盘
374,14:24:15,17.59,--,3,5277,买盘
375,14:24:09,17.59,--,3,5277,买盘
376,14:24:04,17.59,-0.01,3,5277,买盘
377,14:24:00,17.6,0.02,303,533280,买盘
378,14:23:54,17.58,-0.02,39,68562,卖盘
379,14:23:45,17.6,--,3,5280,买盘
380,14:23:39,17.6,0.02,6,10560,买盘
381,14:23:34,17.58,-0.02,11,19337,卖盘
382,14:23:29,17.6,0.01,71,124960,买盘
383,14:23:24,17.59,-0.01,3,5277,卖盘
384,14:23:15,17.6,--,3,5280,买盘
385,14:23:09,17.6,0.01,49,86240,买盘
386,14:23:04,17.59,0.01,11,19349,买盘
387,14:23:00,17.58,--,2,3515,卖盘
388,14:22:54,17.58,-0.01,185,326935,卖盘
389,14:22:44,17.59,0.01,3,5277,买盘
390,14:22:39,17.58,-0.01,50,87899,卖盘
391,14:22:30,17.59,0.01,3,5277,买盘
392,14:22:24,17.58,-0.01,103,181671,卖盘
393,14:22:14,17.59,--,12,21108,买盘
394,14:22:09,17.59,-0.01,895,1574305,中性盘
395,14:22:04,17.6,--,3,5280,买盘
396,14:21:59,17.6,0.02,3,5456,买盘
397,14:21:54,17.58,-0.01,23,42086,卖盘
398,14:21:49,17.59,--,4,7036,卖盘
399,14:21:44,17.59,-0.01,2,3518,买盘
400,14:21:39,17.6,--,1000,1760000,买盘
401,14:21:34,17.6,--,22,38720,买盘
402,14:21:24,17.6,0.02,6,10560,买盘
403,14:21:14,17.58,-0.02,9,15821,卖盘
404,14:21:09,17.6,0.01,48,84814,买盘
405,14:21:04,17.59,--,55,96745,买盘
406,14:20:59,17.59,0.01,14,26314,买盘
407,14:20:54,17.58,-0.01,23,41857,卖盘
408,14:20:49,17.59,--,47,82954,买盘
409,14:20:44,17.59,--,3,5277,买盘
410,14:20:39,17.59,0.01,1003,1764277,买盘
411,14:20:34,17.58,--,59,103721,卖盘
412,14:20:24,17.58,-0.02,12,22748,卖盘
413,14:20:19,17.6,--,3,5280,买盘
414,14:20:09,17.6,--,264,464640,买盘
415,14:20:04,17.6,--,0,0,买盘
416,14:19:59,17.6,0.02,14,24640,买盘
417,14:19:54,17.58,-0.01,24,42191,卖盘
418,14:19:44,17.59,-0.01,0,1231,卖盘
419,14:19:39,17.6,--,600,1056000,买盘
420,14:19:34,17.6,0.01,19,33440,买盘
421,14:19:29,17.59,0.01,3,5294,中性盘
422,14:19:24,17.58,-0.02,484,850871,卖盘
423,14:19:19,17.6,0.02,3,5280,买盘
424,14:19:14,17.58,-0.02,13,22853,卖盘
425,14:19:09,17.6,0.01,1000,1760000,买盘
426,14:19:04,17.59,-0.01,3,5277,中性盘
427,14:18:59,17.6,0.02,42,73920,买盘
428,14:18:54,17.58,-0.01,38,66804,卖盘
429,14:18:49,17.59,0.01,7,12313,中性盘
430,14:18:44,17.58,-0.01,37,66751,卖盘
431,14:18:39,17.59,-0.01,170,299030,卖盘
432,14:18:34,17.6,0.02,3,5280,买盘
433,14:18:24,17.58,--,602,1058316,卖盘
434,14:18:19,17.58,-0.02,45,80780,卖盘
435,14:18:09,17.6,0.02,405,712800,买盘
436,14:18:04,17.58,--,13,22853,卖盘
437,14:17:59,17.58,--,0,0,卖盘
438,14:17:53,17.58,-0.01,28,49223,卖盘
439,14:17:49,17.59,-0.01,4,7036,卖盘
440,14:17:44,17.6,0.01,26,45760,买盘
441,14:17:38,17.59,--,73,128407,买盘
442,14:17:34,17.59,0.02,26,45734,买盘
443,14:17:29,17.57,--,56,98392,卖盘
444,14:17:23,17.57,--,2235,3926895,卖盘
445,14:17:08,17.57,0.01,1125,1978188,买盘
446,14:17:04,17.56,--,13,22828,卖盘
447,14:16:59,17.56,--,5,8780,卖盘
448,14:16:53,17.56,-0.01,2966,5208296,卖盘
449,14:16:48,17.57,--,13,22841,买盘
450,14:16:44,17.57,0.01,3,6044,买盘
451,14:16:38,17.56,--,1043,1832438,卖盘
452,14:16:33,17.56,-0.01,5,8780,卖盘
453,14:16:28,17.57,--,1,1757,买盘
454,14:16:23,17.57,-0.01,4446,7811815,卖盘
455,14:16:18,17.58,0.01,4,7031,买盘
456,14:16:08,17.57,-0.01,223,391811,卖盘
457,14:16:03,17.58,0.01,3,5273,买盘
458,14:15:59,17.57,--,163,286391,卖盘
459,14:15:53,17.57,--,1595,2802415,卖盘
460,14:15:38,17.57,--,369,648333,卖盘
461,14:15:33,17.57,--,58,101906,卖盘
462,14:15:28,17.57,--,23,40411,卖盘
463,14:15:23,17.57,-0.01,2116,3717812,卖盘
464,14:15:18,17.58,--,177,311165,卖盘
465,14:15:13,17.58,--,589,1035461,卖盘
466,14:15:08,17.58,0.01,411,722537,买盘
467,14:15:03,17.57,--,35,61495,卖盘
468,14:14:58,17.57,--,590,1036630,卖盘
469,14:14:53,17.57,--,3218,5654026,卖盘
470,14:14:48,17.57,-0.01,397,697529,卖盘
471,14:14:43,17.58,-0.01,1299,2284345,卖盘
472,14:14:38,17.59,0.01,2,3518,买盘
473,14:14:33,17.58,--,37,66751,卖盘
474,14:14:28,17.58,--,577,1014365,卖盘
475,14:14:18,17.58,-0.02,11,19337,卖盘
476,14:14:08,17.6,0.02,27,47520,买盘
477,14:13:58,17.58,-0.01,892,1568135,卖盘
478,14:13:38,17.59,0.01,45,79155,买盘
479,14:13:28,17.58,--,1193,2097294,卖盘
480,14:13:23,17.58,-0.01,9,15821,卖盘
481,14:13:13,17.59,--,1,1759,买盘
482,14:13:08,17.59,0.01,24,42216,买盘
483,14:13:03,17.58,--,40,70320,卖盘
484,14:12:58,17.58,--,342,601235,卖盘
485,14:12:38,17.58,--,261,460543,卖盘
486,14:12:33,17.58,--,2,3515,卖盘
487,14:12:28,17.58,--,448,787583,卖盘
488,14:12:18,17.58,-0.01,79,138882,卖盘
489,14:12:13,17.59,0.01,3,5277,买盘
490,14:12:08,17.58,--,4,7031,卖盘
491,14:12:03,17.58,--,35,61529,卖盘
492,14:11:58,17.58,--,686,1205987,卖盘
493,14:11:48,17.58,--,4,7752,卖盘
494,14:11:38,17.58,--,15,26369,卖盘
495,14:11:33,17.58,--,16,28127,卖盘
496,14:11:28,17.58,--,521,915917,卖盘
497,14:11:08,17.58,--,39,68562,卖盘
498,14:11:02,17.58,--,48,84383,卖盘
499,14:10:58,17.58,--,875,1538249,卖盘
500,14:10:53,17.58,--,10,17580,卖盘
501,14:10:47,17.58,--,37,65045,卖盘
502,14:10:38,17.58,-0.01,63,110753,卖盘
503,14:10:32,17.59,0.01,4,7036,买盘
504,14:10:28,17.58,-0.01,1222,2149981,卖盘
505,14:10:23,17.59,0.01,42,73878,买盘
506,14:10:17,17.58,-0.01,73,128333,卖盘
507,14:10:12,17.59,0.01,18,31662,买盘
508,14:10:02,17.58,--,3,5273,卖盘
509,14:09:57,17.58,-0.01,1762,3097595,卖盘
510,14:09:47,17.59,0.01,10,17590,买盘
511,14:09:42,17.58,--,11,19636,卖盘
512,14:09:37,17.58,--,1,1757,卖盘
513,14:09:27,17.58,--,1202,2113116,卖盘
514,14:09:23,17.58,--,1,1757,卖盘
515,14:09:02,17.58,--,16,28127,卖盘
516,14:08:57,17.58,--,1119,1967201,卖盘
517,14:08:27,17.58,--,1075,1889885,卖盘
518,14:08:22,17.58,--,4,7031,卖盘
519,14:08:17,17.58,--,34,61442,卖盘
520,14:08:12,17.58,--,429,754181,卖盘
521,14:08:02,17.58,--,26,45707,卖盘
522,14:07:57,17.58,--,29,50981,卖盘
523,14:07:52,17.58,--,1235,2171130,卖盘
524,14:07:42,17.58,--,6,10547,卖盘
525,14:07:37,17.58,--,50,87899,卖盘
526,14:07:32,17.58,--,2,3515,卖盘
527,14:07:27,17.58,--,100,175799,卖盘
528,14:07:22,17.58,--,452,794615,卖盘
529,14:07:12,17.58,--,8,14063,卖盘
530,14:06:57,17.58,--,35,61529,卖盘
531,14:06:52,17.58,--,657,1155006,卖盘
532,14:06:47,17.58,--,9,15821,卖盘
533,14:06:42,17.58,--,8,14063,卖盘
534,14:06:32,17.58,--,2,3515,卖盘
535,14:06:27,17.58,--,31,54497,卖盘
536,14:06:22,17.58,--,984,1729871,卖盘
537,14:06:12,17.58,-0.01,63,112213,卖盘
538,14:06:02,17.59,0.01,172,302548,买盘
539,14:05:57,17.58,--,38,66804,卖盘
540,14:05:52,17.58,--,641,1126878,卖盘
541,14:05:47,17.58,--,2,3515,卖盘
542,14:05:42,17.58,--,25,43949,卖盘
543,14:05:37,17.58,--,68,119543,卖盘
544,14:05:32,17.58,--,1,2285,卖盘
545,14:05:27,17.58,--,2,3515,卖盘
546,14:05:22,17.58,--,943,1657793,卖盘
547,14:05:12,17.58,--,12,21095,卖盘
548,14:05:07,17.58,--,143,251393,卖盘
549,14:04:57,17.58,--,43,75593,卖盘
550,14:04:52,17.58,--,1420,2496359,卖盘
551,14:04:42,17.58,--,43,75593,卖盘
552,14:04:37,17.58,--,276,485207,卖盘
553,14:04:22,17.58,--,1412,2482295,卖盘
554,14:04:12,17.58,--,37,66751,卖盘
555,14:03:56,17.58,--,33,58013,卖盘
556,14:03:52,17.58,--,1173,2062133,卖盘
557,14:03:41,17.58,-0.01,47,82625,卖盘
558,14:03:37,17.59,-0.01,6,10554,卖盘
559,14:03:31,17.6,0.02,35,61600,买盘
560,14:03:26,17.58,-0.02,4311,7579019,卖盘
561,14:03:22,17.6,0.01,1154,2031040,买盘
562,14:03:11,17.59,--,133,233947,卖盘
563,14:03:07,17.59,--,10,17590,卖盘
564,14:02:56,17.59,--,40,70360,卖盘
565,14:02:51,17.59,-0.01,628,1104652,卖盘
566,14:02:41,17.6,0.01,18,31680,买盘
567,14:02:26,17.59,--,4,7036,卖盘
568,14:02:21,17.59,--,244,429196,卖盘
569,14:02:16,17.59,--,11,19349,卖盘
570,14:02:06,17.59,--,13,22884,卖盘
571,14:02:01,17.59,--,37,66771,卖盘
572,14:01:56,17.59,--,155,272645,卖盘
573,14:01:51,17.59,--,465,817935,卖盘
574,14:01:41,17.59,--,34,59806,卖盘
575,14:01:36,17.59,-0.01,9,15831,卖盘
576,14:01:26,17.6,0.01,4,7040,买盘
577,14:01:21,17.59,-0.01,653,1148627,卖盘
578,14:01:11,17.6,0.01,1,1760,买盘
579,14:01:06,17.59,--,35,61565,卖盘
580,14:00:56,17.59,--,24,42216,卖盘
581,14:00:51,17.59,--,1256,2209304,卖盘
582,14:00:41,17.59,--,9,15831,卖盘
583,14:00:36,17.59,-0.01,2,3518,卖盘
584,14:00:31,17.6,0.01,1,1760,买盘
585,14:00:26,17.59,--,3,5277,卖盘
586,14:00:21,17.59,--,659,1159181,卖盘
587,14:00:11,17.59,-0.01,3,5277,卖盘
588,14:00:01,17.6,0.01,3,5280,买盘
589,13:59:56,17.59,--,86,152980,卖盘
590,13:59:51,17.59,--,977,1718543,卖盘
591,13:59:46,17.59,-0.01,9,15831,卖盘
592,13:59:26,17.6,0.01,57,100320,买盘
593,13:59:21,17.59,--,8,14072,卖盘
594,13:59:16,17.59,-0.01,484,851356,卖盘
595,13:59:11,17.6,0.01,4,7040,买盘
596,13:58:56,17.59,--,24,42216,卖盘
597,13:58:46,17.59,--,705,1240095,卖盘
598,13:58:41,17.59,-0.01,7,12313,卖盘
599,13:58:36,17.6,--,4,7040,买盘
600,13:58:26,17.6,0.01,22,38720,买盘
601,13:58:16,17.59,--,861,1514499,卖盘
602,13:58:11,17.59,-0.01,131,230429,卖盘
603,13:58:06,17.6,0.01,10,17600,买盘
604,13:58:01,17.59,--,4,7036,卖盘
605,13:57:56,17.59,-0.01,58,103728,卖盘
606,13:57:51,17.6,0.01,1,1760,买盘
607,13:57:46,17.59,--,447,786273,卖盘
608,13:57:41,17.59,-0.01,2,3518,卖盘
609,13:57:21,17.6,--,27,48224,卖盘
610,13:57:16,17.6,--,31,54560,卖盘
611,13:57:06,17.6,--,10,17600,卖盘
612,13:57:01,17.6,0.01,1124,1979296,买盘
613,13:56:56,17.59,--,10,17590,卖盘
614,13:56:46,17.59,--,129,226911,卖盘
615,13:56:35,17.59,--,2,3518,卖盘
616,13:56:31,17.59,--,85,149515,卖盘
617,13:56:25,17.59,--,5,8795,卖盘
618,13:56:21,17.59,0.01,169,297271,买盘
619,13:56:15,17.58,--,1286,2260788,卖盘
620,13:56:11,17.58,--,15,26369,卖盘
621,13:56:05,17.58,--,107,188105,卖盘
622,13:56:01,17.58,--,24,42191,卖盘
623,13:55:50,17.58,--,37,66751,卖盘
624,13:55:45,17.58,--,413,726053,卖盘
625,13:55:35,17.58,--,2,3515,卖盘
626,13:55:20,17.58,-0.01,10,17580,卖盘
627,13:55:15,17.59,0.01,720,1266480,买盘
628,13:55:05,17.58,-0.01,67,117785,卖盘
629,13:55:00,17.59,0.01,56,98504,买盘
630,13:54:55,17.58,--,8,14063,卖盘
631,13:54:45,17.58,--,864,1518911,卖盘
632,13:54:40,17.58,--,7,12305,卖盘
633,13:54:35,17.58,0.01,140,246119,买盘
634,13:54:30,17.57,--,12,21084,卖盘
635,13:54:15,17.57,-0.01,1275,2240175,卖盘
636,13:54:05,17.58,--,44,77351,卖盘
637,13:54:00,17.58,--,22,38675,卖盘
638,13:53:50,17.58,0.01,15,26369,卖盘
639,13:53:45,17.57,-0.01,58,103610,卖盘
640,13:53:35,17.58,--,23,40433,卖盘
641,13:53:25,17.58,0.01,938,1649091,买盘
642,13:53:20,17.57,-0.01,9,15813,卖盘
643,13:53:15,17.58,0.01,1885,3313829,买盘
644,13:53:05,17.57,--,34,59738,卖盘
645,13:53:00,17.57,--,22,38654,卖盘
646,13:52:55,17.57,-0.01,9,15813,卖盘
647,13:52:50,17.58,--,240,422746,卖盘
648,13:52:45,17.58,--,102,179315,卖盘
649,13:52:35,17.58,--,2,3515,卖盘
650,13:52:30,17.58,--,8,14063,卖盘
651,13:52:25,17.58,--,3,5273,卖盘
652,13:52:20,17.58,--,5,8790,卖盘
653,13:52:10,17.58,--,145,254909,卖盘
654,13:52:05,17.58,--,11,19337,卖盘
655,13:52:00,17.58,--,23,40433,卖盘
656,13:51:50,17.58,--,19,33402,卖盘
657,13:51:45,17.58,--,8,14063,卖盘
658,13:51:40,17.58,--,104,182831,卖盘
659,13:51:35,17.58,--,44,79057,卖盘
660,13:51:30,17.58,--,20,35160,卖盘
661,13:51:20,17.58,--,9,15821,卖盘
662,13:51:10,17.58,--,25,44688,卖盘
663,13:51:05,17.58,--,34,59771,卖盘
664,13:51:00,17.58,--,22,38675,卖盘
665,13:50:55,17.58,--,82,144156,卖盘
666,13:50:50,17.58,--,6,10547,卖盘
667,13:50:45,17.58,0.01,63,111000,买盘
668,13:50:40,17.57,--,1335,2345595,卖盘
669,13:50:35,17.57,--,4,7028,卖盘
670,13:50:30,17.57,--,11,19327,卖盘
671,13:50:25,17.57,-0.01,14,24598,卖盘
672,13:50:20,17.58,0.01,71,124817,买盘
673,13:50:10,17.57,--,1062,1865934,卖盘
674,13:50:05,17.57,--,8,14056,卖盘
675,13:50:00,17.57,--,57,100149,卖盘
676,13:49:45,17.57,--,152,267064,卖盘
677,13:49:40,17.57,--,1604,2819229,卖盘
678,13:49:35,17.57,--,2,3514,卖盘
679,13:49:29,17.57,--,55,97337,卖盘
680,13:49:20,17.57,--,20,35140,卖盘
681,13:49:14,17.57,-0.01,392,690255,卖盘
682,13:49:09,17.58,--,208,365663,卖盘
683,13:49:05,17.58,--,45,79109,卖盘
684,13:48:59,17.58,--,89,156461,卖盘
685,13:48:39,17.58,--,524,921191,卖盘
686,13:48:34,17.58,--,2,3515,卖盘
687,13:48:24,17.58,--,11,19337,卖盘
688,13:48:14,17.58,--,26,45707,卖盘
689,13:48:09,17.58,--,426,748907,卖盘
690,13:47:59,17.58,--,32,56255,卖盘
691,13:47:54,17.58,--,49,86141,卖盘
692,13:47:49,17.58,--,9,15821,卖盘
693,13:47:44,17.58,--,5,8790,卖盘
694,13:47:39,17.58,--,635,1116330,卖盘
695,13:47:29,17.58,--,20,35160,卖盘
696,13:47:24,17.58,--,45,80815,卖盘
697,13:47:09,17.58,--,343,602993,卖盘
698,13:47:04,17.58,--,6,10547,卖盘
699,13:46:59,17.58,--,35,61529,卖盘
700,13:46:49,17.58,--,0,0,卖盘
701,13:46:44,17.58,-0.01,10,17580,卖盘
702,13:46:39,17.59,0.01,500,879500,买盘
703,13:46:29,17.58,-0.01,12,21095,卖盘
704,13:46:24,17.59,0.01,10,17590,买盘
705,13:46:19,17.58,-0.01,1,2320,卖盘
706,13:46:09,17.59,0.01,828,1456452,买盘
707,13:46:04,17.58,--,3,5273,卖盘
708,13:45:59,17.58,-0.01,25,43949,卖盘
709,13:45:54,17.59,0.01,2,3518,买盘
710,13:45:49,17.58,--,2,5150,卖盘
711,13:45:44,17.58,--,161,283108,卖盘
712,13:45:39,17.58,-0.01,143,251393,卖盘
713,13:45:19,17.59,0.01,27,47493,买盘
714,13:45:14,17.58,-0.01,22,38675,卖盘
715,13:45:09,17.59,0.01,255,448545,买盘
716,13:44:59,17.58,--,22,38675,卖盘
717,13:44:54,17.58,--,26,45707,卖盘
718,13:44:49,17.58,-0.01,2,3515,卖盘
719,13:44:39,17.59,0.01,348,612132,买盘
720,13:44:34,17.58,--,2,3515,卖盘
721,13:44:29,17.58,--,12,21095,卖盘
722,13:44:24,17.58,-0.01,1,1757,卖盘
723,13:44:09,17.59,0.01,23,40457,买盘
724,13:44:04,17.58,--,51,89657,卖盘
725,13:43:59,17.58,--,33,58013,卖盘
726,13:43:44,17.58,--,9,15821,卖盘
727,13:43:39,17.58,-0.01,57,100205,卖盘
728,13:43:34,17.59,0.01,1,1759,买盘
729,13:43:24,17.58,--,10,17580,卖盘
730,13:43:19,17.58,-0.02,8,14063,卖盘
731,13:43:14,17.6,0.01,66,117867,买盘
732,13:43:04,17.59,--,8,14072,卖盘
733,13:42:59,17.59,--,22,38698,卖盘
734,13:42:54,17.59,0.01,57,100263,中性盘
735,13:42:49,17.58,-0.02,2,3515,卖盘
736,13:42:44,17.6,0.01,43,75680,买盘
737,13:42:38,17.59,--,35,61565,买盘
738,13:42:28,17.59,--,8,14072,卖盘
739,13:42:23,17.59,0.01,54,94986,买盘
740,13:42:19,17.58,--,9,15821,卖盘
741,13:42:03,17.58,--,143,251393,卖盘
742,13:41:59,17.58,--,24,42191,卖盘
743,13:41:53,17.58,--,12,21095,卖盘
744,13:41:48,17.58,--,53,93173,卖盘
745,13:41:38,17.58,--,39,68562,卖盘
746,13:41:34,17.58,--,158,277764,卖盘
747,13:41:28,17.58,--,19,33402,卖盘
748,13:41:23,17.58,--,92,161735,卖盘
749,13:41:18,17.58,--,37,66751,卖盘
750,13:41:03,17.58,--,306,537948,卖盘
751,13:40:59,17.58,--,21,36918,卖盘
752,13:40:43,17.58,--,4,7031,卖盘
753,13:40:37,17.58,--,10,17580,卖盘
754,13:40:33,17.58,--,628,1104024,卖盘
755,13:40:18,17.58,--,8,14063,卖盘
756,13:40:03,17.58,-0.02,673,1183134,卖盘
757,13:39:58,17.6,0.02,90,158400,买盘
758,13:39:53,17.58,--,200,351599,卖盘
759,13:39:48,17.58,-0.01,9,15821,卖盘
760,13:39:38,17.59,0.01,500,879500,买盘
761,13:39:33,17.58,--,1057,1858205,卖盘
762,13:39:28,17.58,--,37,66751,卖盘
763,13:39:23,17.58,--,59,103721,卖盘
764,13:39:03,17.58,-0.01,1567,2754785,卖盘
765,13:38:53,17.59,0.01,2,3518,买盘
766,13:38:48,17.58,-0.01,40,70320,卖盘
767,13:38:43,17.59,0.01,11,19349,买盘
768,13:38:38,17.58,--,8,14063,卖盘
769,13:38:33,17.58,-0.01,230,404339,卖盘
770,13:38:23,17.59,0.01,10,17590,买盘
771,13:38:03,17.58,--,304,534432,卖盘
772,13:37:58,17.58,--,5,8790,卖盘
773,13:37:38,17.58,--,16,28127,卖盘
774,13:37:33,17.58,--,410,720779,卖盘
775,13:37:28,17.58,--,8,14063,卖盘
776,13:37:23,17.58,--,2,3515,卖盘
777,13:37:13,17.58,--,8,14784,卖盘
778,13:37:08,17.58,--,43,76578,卖盘
779,13:37:03,17.58,-0.01,600,1054800,卖盘
780,13:36:53,17.59,--,2,3518,买盘
781,13:36:48,17.59,-0.01,80,140720,卖盘
782,13:36:43,17.6,0.01,5,8800,买盘
783,13:36:33,17.59,-0.01,46,80914,卖盘
784,13:36:13,17.6,0.02,52,91520,买盘
785,13:36:03,17.58,-0.01,580,1019639,卖盘
786,13:35:53,17.59,--,4,7036,买盘
787,13:35:43,17.59,0.01,3,5277,买盘
788,13:35:33,17.58,-0.02,10,17580,卖盘
789,13:35:22,17.6,--,0,0,买盘
790,13:35:17,17.6,0.01,106,186560,买盘
791,13:35:13,17.59,--,0,0,卖盘
792,13:35:07,17.59,0.02,22,38698,买盘
793,13:35:02,17.57,--,1169,2055637,卖盘
794,13:34:47,17.57,-0.02,8,14056,卖盘
795,13:34:43,17.59,0.01,2,3518,买盘
796,13:34:32,17.58,--,0,0,卖盘
797,13:34:28,17.58,--,1,1757,卖盘
798,13:34:23,17.58,-0.02,33,58013,卖盘
799,13:34:17,17.6,0.01,18,31680,买盘
800,13:34:07,17.59,-0.01,4,7036,买盘
801,13:34:02,17.6,0.02,48,84480,买盘
802,13:33:57,17.58,-0.02,9,15821,卖盘
803,13:33:46,17.6,0.01,83,146080,买盘
804,13:33:42,17.59,--,10,17590,卖盘
805,13:33:37,17.59,0.02,26,46349,买盘
806,13:33:32,17.57,-0.02,1626,2856882,卖盘
807,13:33:17,17.59,--,56,98504,买盘
808,13:33:12,17.59,0.02,133,233947,买盘
809,13:33:07,17.57,--,9,15813,卖盘
810,13:33:02,17.57,-0.01,39,70227,卖盘
811,13:32:57,17.58,--,12,21095,卖盘
812,13:32:47,17.58,--,0,1687,卖盘
813,13:32:42,17.58,--,8,14063,卖盘
814,13:32:37,17.58,--,9,15821,卖盘
815,13:32:31,17.58,0.01,1168,2053343,买盘
816,13:32:16,17.57,-0.01,9,15813,卖盘
817,13:32:02,17.58,0.01,323,567834,买盘
818,13:31:57,17.57,--,1558,2737406,卖盘
819,13:31:31,17.57,--,10,17570,卖盘
820,13:31:27,17.57,--,423,743211,卖盘
821,13:31:22,17.57,--,40,70280,卖盘
822,13:31:12,17.57,--,8,14056,卖盘
823,13:31:07,17.57,-0.01,30,52710,卖盘
824,13:31:02,17.58,0.01,3,5273,买盘
825,13:30:57,17.57,-0.01,564,990948,卖盘
826,13:30:52,17.58,--,10,17580,买盘
827,13:30:47,17.58,0.01,42,73836,买盘
828,13:30:42,17.57,--,12,21084,卖盘
829,13:30:32,17.57,--,8,14056,卖盘
830,13:30:27,17.57,--,801,1407357,卖盘
831,13:30:17,17.57,-0.01,10,17570,卖盘
832,13:30:01,17.58,0.01,8,14063,买盘
833,13:29:57,17.57,--,1179,2071503,卖盘
834,13:29:46,17.57,--,218,383026,卖盘
835,13:29:37,17.57,--,68,119476,卖盘
836,13:29:31,17.57,--,11,19327,卖盘
837,13:29:27,17.57,--,1341,2356137,卖盘
838,13:29:07,17.57,-0.01,9,15813,卖盘
839,13:29:01,17.58,--,119,209201,买盘
840,13:28:57,17.58,--,829,1457381,买盘
841,13:28:42,17.58,0.01,228,400823,买盘
842,13:28:37,17.57,-0.01,8,14056,卖盘
843,13:28:22,17.58,--,183,321713,卖盘
844,13:28:12,17.58,-0.01,10,17580,卖盘
845,13:28:07,17.59,0.01,35,61565,买盘
846,13:28:01,17.58,0.01,5,8790,中性盘
847,13:27:55,17.57,--,1071,1881747,卖盘
848,13:27:46,17.57,--,9,15813,卖盘
849,13:27:31,17.57,--,302,530614,卖盘
850,13:27:25,17.57,--,561,985677,卖盘
851,13:27:22,17.57,--,9,15813,卖盘
852,13:27:16,17.57,--,210,368970,卖盘
853,13:27:10,17.57,--,21,36897,卖盘
854,13:27:01,17.57,--,11,19327,卖盘
855,13:26:55,17.57,--,812,1426684,卖盘
856,13:26:46,17.57,--,50,87850,卖盘
857,13:26:40,17.57,--,4,7028,卖盘
858,13:26:31,17.57,--,10,17570,卖盘
859,13:26:25,17.57,--,2,3514,卖盘
860,13:26:21,17.57,--,1098,1929186,卖盘
861,13:26:10,17.57,--,8,14056,卖盘
862,13:25:55,17.57,--,1562,2744434,卖盘
863,13:25:46,17.57,-0.01,9,15813,卖盘
864,13:25:36,17.58,0.01,300,527400,买盘
865,13:25:31,17.57,-0.01,37,65009,卖盘
866,13:25:25,17.58,0.01,2,3515,买盘
867,13:25:21,17.57,-0.01,94,165158,卖盘
868,13:25:16,17.58,-0.01,952,1674301,卖盘
869,13:25:10,17.59,0.01,2,3518,买盘
870,13:25:06,17.58,--,0,0,卖盘
871,13:25:01,17.58,--,9,15821,卖盘
872,13:24:51,17.58,-0.01,133,234007,卖盘
873,13:24:40,17.59,0.01,3,5277,买盘
874,13:24:36,17.58,-0.02,7,12305,卖盘
875,13:24:31,17.6,0.02,15,26400,买盘
876,13:24:21,17.58,--,213,374453,卖盘
877,13:24:16,17.58,-0.02,10,17580,卖盘
878,13:24:10,17.6,0.02,27,47520,买盘
879,13:24:06,17.58,--,2,3515,卖盘
880,13:24:01,17.58,--,3,5273,卖盘
881,13:23:55,17.58,--,11,19337,卖盘
882,13:23:51,17.58,--,244,428951,卖盘
883,13:23:25,17.58,--,9,15821,卖盘
884,13:23:21,17.58,-0.02,339,595962,卖盘
885,13:23:16,17.6,0.02,19,33440,买盘
886,13:23:10,17.58,--,7,12305,卖盘
887,13:23:06,17.58,--,3,5273,卖盘
888,13:23:01,17.58,--,11,19337,卖盘
889,13:22:55,17.58,--,12,21095,卖盘
890,13:22:51,17.58,--,448,787583,卖盘
891,13:22:36,17.58,--,12,21095,卖盘
892,13:22:25,17.58,--,2,3515,卖盘
893,13:22:21,17.58,--,654,1149732,卖盘
894,13:22:10,17.58,--,12,21095,卖盘
895,13:22:01,17.58,--,2,3515,卖盘
896,13:21:55,17.58,--,239,421902,卖盘
897,13:21:51,17.58,-0.03,1037,1823045,卖盘
898,13:21:36,17.61,--,0,0,买盘
899,13:21:21,17.61,0.01,211,371571,买盘
900,13:21:16,17.6,0.02,3,5614,买盘
901,13:21:10,17.58,--,10,17580,卖盘
902,13:21:01,17.58,--,2,3515,卖盘
903,13:20:55,17.58,--,2,3515,卖盘
904,13:20:49,17.58,-0.02,259,455321,卖盘
905,13:20:25,17.6,--,3,5280,买盘
906,13:20:19,17.6,0.02,192,337920,买盘
907,13:20:16,17.58,--,0,0,卖盘
908,13:20:04,17.58,--,148,260183,卖盘
909,13:19:49,17.58,-0.02,159,279522,卖盘
910,13:19:45,17.6,0.02,20,35200,买盘
911,13:19:34,17.58,--,2,3515,卖盘
912,13:19:25,17.58,-0.01,47,82625,卖盘
913,13:19:19,17.59,0.01,241,423919,买盘
914,13:19:15,17.58,--,27,47676,卖盘
915,13:19:04,17.58,--,23,40433,卖盘
916,13:18:59,17.58,--,2,3515,卖盘
917,13:18:55,17.58,--,5,8790,卖盘
918,13:18:49,17.58,--,486,854387,卖盘
919,13:18:45,17.58,--,0,0,卖盘
920,13:18:40,17.58,-0.02,363,638400,卖盘
921,13:18:34,17.6,0.02,18,31680,买盘
922,13:18:19,17.58,--,94,165251,卖盘
923,13:18:04,17.58,--,2,3515,卖盘
924,13:18:00,17.58,--,4,7031,卖盘
925,13:17:55,17.58,--,8,14063,卖盘
926,13:17:49,17.58,--,156,274248,卖盘
927,13:17:45,17.58,--,0,0,卖盘
928,13:17:30,17.58,--,1,1757,卖盘
929,13:17:25,17.58,--,3,5273,卖盘
930,13:17:19,17.58,--,214,376211,卖盘
931,13:17:15,17.58,-0.02,27,47676,卖盘
932,13:17:00,17.6,0.02,247,434720,买盘
933,13:16:49,17.58,--,455,799889,卖盘
934,13:16:45,17.58,--,800,1406435,卖盘
935,13:16:34,17.58,--,2,3515,卖盘
936,13:16:19,17.58,--,673,1183134,卖盘
937,13:16:15,17.58,--,22,38675,卖盘
938,13:16:10,17.58,--,13,22853,卖盘
939,13:16:04,17.58,-0.01,2,3515,卖盘
940,13:16:00,17.59,0.01,2,3518,买盘
941,13:15:49,17.58,--,963,1692953,卖盘
942,13:15:45,17.58,--,23,40433,卖盘
943,13:15:39,17.58,--,2,3515,卖盘
944,13:15:34,17.58,--,11,20146,卖盘
945,13:15:19,17.58,--,201,354518,卖盘
946,13:15:15,17.58,--,100,175799,卖盘
947,13:15:04,17.58,--,3,5273,卖盘
948,13:15:00,17.58,--,9,15821,卖盘
949,13:14:49,17.58,-0.01,264,464111,卖盘
950,13:14:45,17.59,0.01,18,31662,买盘
951,13:14:30,17.58,--,36,63287,卖盘
952,13:14:19,17.58,--,369,648701,卖盘
953,13:14:10,17.58,--,5,8790,卖盘
954,13:14:04,17.58,--,30,52739,卖盘
955,13:13:45,17.58,--,608,1068864,卖盘
956,13:13:40,17.58,-0.01,3,5273,卖盘
957,13:13:34,17.59,--,6,10554,买盘
958,13:13:28,17.59,0.01,21,36939,买盘
959,13:13:13,17.58,--,776,1364207,卖盘
960,13:13:09,17.58,--,1,3252,卖盘
961,13:13:04,17.58,--,177,311640,卖盘
962,13:12:58,17.58,-0.01,8,14063,卖盘
963,13:12:49,17.59,0.01,12,21108,买盘
964,13:12:43,17.58,--,1055,1854689,卖盘
965,13:12:34,17.58,-0.01,2,3515,卖盘
966,13:12:24,17.59,0.01,18,31662,买盘
967,13:12:13,17.58,--,890,1564619,卖盘
968,13:12:04,17.58,-0.01,1,1757,卖盘
969,13:11:49,17.59,0.01,18,31662,买盘
970,13:11:43,17.58,--,1316,2313528,卖盘
971,13:11:34,17.58,--,2,3515,卖盘
972,13:11:24,17.58,--,7,12305,卖盘
973,13:11:19,17.58,--,1,1757,卖盘
974,13:11:13,17.58,--,1194,2099052,卖盘
975,13:11:09,17.58,--,1,1757,卖盘
976,13:11:04,17.58,--,3,5273,卖盘
977,13:10:58,17.58,--,32,56466,卖盘
978,13:10:43,17.58,--,1721,3025517,卖盘
979,13:10:28,17.58,--,42,73836,卖盘
980,13:10:19,17.58,-0.01,1,1757,卖盘
981,13:10:13,17.59,--,2,4327,卖盘
982,13:10:08,17.59,--,10,17590,卖盘
983,13:09:58,17.59,--,2,3518,卖盘
984,13:09:43,17.59,--,6,10554,卖盘
985,13:09:39,17.59,--,1,1759,卖盘
986,13:09:34,17.59,-0.01,2,3518,卖盘
987,13:09:28,17.6,0.01,60,105600,买盘
988,13:09:24,17.59,--,10,19173,卖盘
989,13:09:13,17.59,--,50,88336,卖盘
990,13:09:09,17.59,--,1,1759,卖盘
991,13:08:58,17.59,-0.01,2,3518,卖盘
992,13:08:54,17.6,0.01,18,31680,买盘
993,13:08:43,17.59,--,36,63324,卖盘
994,13:08:34,17.59,--,12,21108,卖盘
995,13:08:24,17.59,-0.01,13,22867,卖盘
996,13:08:13,17.6,0.01,9,15840,买盘
997,13:08:09,17.59,--,74,130166,卖盘
998,13:07:58,17.59,--,3,5277,卖盘
999,13:07:43,17.59,--,45,79155,卖盘
1000,13:07:34,17.59,--,2,3518,卖盘
1001,13:07:28,17.59,--,79,138961,卖盘
1002,13:07:13,17.59,-0.01,123,216357,卖盘
1003,13:07:09,17.6,--,6,10560,买盘
1004,13:06:58,17.6,0.01,7,12320,买盘
1005,13:06:53,17.59,--,29,51222,卖盘
1006,13:06:48,17.59,-0.01,20,35180,卖盘
1007,13:06:43,17.6,0.01,203,357280,买盘
1008,13:06:39,17.59,-0.01,1,2286,卖盘
1009,13:06:34,17.6,0.01,10,17600,买盘
1010,13:06:28,17.59,-0.01,74,130166,卖盘
1011,13:06:18,17.6,0.01,10,17600,买盘
1012,13:06:13,17.59,--,277,487243,卖盘
1013,13:05:52,17.59,--,74,130166,卖盘
1014,13:05:48,17.59,--,10,17590,买盘
1015,13:05:43,17.59,--,925,1627075,买盘
1016,13:05:37,17.59,0.01,3,5277,买盘
1017,13:05:33,17.58,--,12,21095,卖盘
1018,13:05:28,17.58,-0.01,88,154703,卖盘
1019,13:05:22,17.59,--,505,888295,买盘
1020,13:05:13,17.59,0.01,654,1150386,买盘
1021,13:05:03,17.58,--,2,3515,卖盘
1022,13:04:58,17.58,--,74,130091,卖盘
1023,13:04:52,17.58,--,23,41330,卖盘
1024,13:04:48,17.58,--,26,46780,卖盘
1025,13:04:43,17.58,--,960,1687679,卖盘
1026,13:04:37,17.58,-0.01,74,130091,卖盘
1027,13:04:33,17.59,0.01,23,40457,买盘
1028,13:04:28,17.58,-0.01,18,31643,卖盘
1029,13:04:22,17.59,0.01,5,8795,买盘
1030,13:04:18,17.58,--,5,8790,卖盘
1031,13:04:13,17.58,--,1115,1960169,卖盘
1032,13:04:07,17.58,--,74,130091,卖盘
1033,13:04:03,17.58,--,18,31643,卖盘
1034,13:03:37,17.58,--,1594,2802251,卖盘
1035,13:03:33,17.58,-0.01,2,3515,卖盘
1036,13:03:28,17.59,-0.01,5,8795,买盘
1037,13:03:22,17.6,--,0,0,买盘
1038,13:03:13,17.6,0.01,41,72160,买盘
1039,13:03:07,17.59,--,32,56288,卖盘
1040,13:03:03,17.59,--,77,135443,卖盘
1041,13:02:58,17.59,--,12,21108,卖盘
1042,13:02:48,17.59,--,1,1759,卖盘
1043,13:02:43,17.59,--,27,47704,卖盘
1044,13:02:37,17.59,--,27,47493,卖盘
1045,13:02:28,17.59,--,74,130166,卖盘
1046,13:02:07,17.59,--,68,119612,卖盘
1047,13:02:03,17.59,--,2,3518,卖盘
1048,13:01:58,17.59,0.01,13,22867,买盘
1049,13:01:52,17.58,-0.01,502,882515,卖盘
1050,13:01:37,17.59,--,561,986834,卖盘
1051,13:01:33,17.59,--,912,1604208,卖盘
1052,13:01:28,17.59,-0.01,11,19349,卖盘
1053,13:01:13,17.6,0.01,63,110880,买盘
1054,13:01:07,17.59,--,998,1755482,卖盘
1055,13:01:03,17.59,-0.01,2,3518,卖盘
1056,13:00:58,17.6,--,2,3520,买盘
1057,13:00:52,17.6,0.01,120,211200,买盘
1058,13:00:48,17.59,-0.01,198,348282,卖盘
1059,13:00:43,17.6,--,20,35200,买盘
1060,13:00:37,17.6,0.01,2196,3865171,买盘
1061,13:00:33,17.59,-0.01,2,3518,卖盘
1062,13:00:12,17.6,--,5,8800,买盘
1063,13:00:07,17.6,--,126,221812,卖盘
1064,13:00:03,17.6,--,215,378400,卖盘
1065,11:30:00,17.6,--,0,0,卖盘
1066,11:29:59,17.6,--,0,0,卖盘
1067,11:29:43,17.6,--,97,170720,卖盘
1068,11:29:33,17.6,--,27,47731,卖盘
1069,11:29:28,17.6,--,0,0,卖盘
1070,11:29:13,17.6,--,152,267520,卖盘
1071,11:29:08,17.6,-0.04,5,8800,卖盘
1072,11:29:03,17.64,--,1,1764,买盘
1073,11:28:53,17.64,0.04,18,31752,买盘
1074,11:28:48,17.6,--,18,31680,卖盘
1075,11:28:43,17.6,-0.04,220,387200,卖盘
1076,11:28:23,17.64,0.04,391,689724,买盘
1077,11:28:18,17.6,--,0,0,卖盘
1078,11:28:08,17.6,--,489,860640,卖盘
1079,11:27:38,17.6,-0.04,103,181280,卖盘
1080,11:27:33,17.64,0.04,55,98642,买盘
1081,11:27:28,17.6,--,27,47872,卖盘
1082,11:27:08,17.6,-0.04,159,279840,卖盘
1083,11:27:03,17.64,0.04,142,250488,买盘
1084,11:26:53,17.6,-0.03,26,45760,卖盘
1085,11:26:48,17.63,--,0,0,买盘
1086,11:26:42,17.63,0.01,267,470721,买盘
1087,11:26:18,17.62,0.02,22,38764,买盘
1088,11:26:08,17.6,-0.02,331,582560,卖盘
1089,11:26:03,17.62,0.02,18,31716,买盘
1090,11:25:42,17.6,--,766,1348160,卖盘
1091,11:25:38,17.6,--,801,1409760,卖盘
1092,11:25:33,17.6,-0.02,10,17600,卖盘
1093,11:25:27,17.62,0.02,22,38852,买盘
1094,11:25:23,17.6,--,36,63483,卖盘
1095,11:25:12,17.6,--,802,1411520,卖盘
1096,11:24:57,17.6,--,430,756800,卖盘
1097,11:24:53,17.6,--,0,0,卖盘
1098,11:24:48,17.6,--,10,17600,卖盘
1099,11:24:42,17.6,--,995,1751200,卖盘
1100,11:24:38,17.6,--,1,1760,卖盘
1101,11:24:33,17.6,-0.04,6,10560,卖盘
1102,11:24:27,17.64,0.04,20,35280,买盘
1103,11:24:23,17.6,--,276,485760,卖盘
1104,11:24:18,17.6,--,0,0,卖盘
1105,11:24:12,17.6,--,640,1126400,卖盘
1106,11:24:08,17.6,--,1,2710,卖盘
1107,11:24:03,17.6,--,3,5280,卖盘
1108,11:23:57,17.6,--,6,10560,卖盘
1109,11:23:52,17.6,--,75,132000,卖盘
1110,11:23:48,17.6,--,3,6177,卖盘
1111,11:23:42,17.6,--,944,1661440,卖盘
1112,11:23:17,17.6,-0.03,45,79411,卖盘
1113,11:23:12,17.63,--,0,0,中性盘
1114,11:23:07,17.63,0.03,10,17630,卖盘
1115,11:23:02,17.6,--,0,0,卖盘
1116,11:22:57,17.6,--,707,1244320,卖盘
1117,11:22:52,17.6,--,0,0,卖盘
1118,11:22:47,17.6,-0.04,1,1760,卖盘
1119,11:22:42,17.64,0.04,1850,3263400,买盘
1120,11:22:32,17.6,--,57,100320,卖盘
1121,11:22:27,17.6,-0.04,121,213540,卖盘
1122,11:22:17,17.64,0.03,134,236376,买盘
1123,11:22:12,17.61,-0.03,13,22893,卖盘
1124,11:22:07,17.64,0.03,65,114660,买盘
1125,11:22:02,17.61,-0.02,6,10566,卖盘
1126,11:21:57,17.63,0.02,18,31734,买盘
1127,11:21:42,17.61,-0.02,40,70440,卖盘
1128,11:21:27,17.63,--,2,4284,卖盘
1129,11:21:22,17.63,0.02,17,30975,买盘
1130,11:21:17,17.61,--,29,52037,卖盘
1131,11:21:12,17.61,--,9,15849,卖盘
1132,11:21:02,17.61,--,43,75723,卖盘
1133,11:20:57,17.61,--,0,0,卖盘
1134,11:20:47,17.61,--,11,19371,卖盘
1135,11:20:42,17.61,-0.03,46,81006,卖盘
1136,11:20:37,17.64,--,0,0,买盘
1137,11:20:32,17.64,--,3,5292,买盘
1138,11:20:27,17.64,0.03,59,104076,买盘
1139,11:20:22,17.61,--,1,1761,卖盘
1140,11:20:17,17.61,--,11,19371,卖盘
1141,11:20:12,17.61,-0.02,3,5283,卖盘
1142,11:20:07,17.63,--,18,31734,买盘
1143,11:20:02,17.63,-0.01,50,88150,中性盘
1144,11:19:57,17.64,--,19,33516,买盘
1145,11:19:52,17.64,--,251,442764,买盘
1146,11:19:47,17.64,--,154,271656,买盘
1147,11:19:42,17.64,--,40,70560,买盘
1148,11:19:37,17.64,--,50,88200,买盘
1149,11:19:32,17.64,--,41,72324,买盘
1150,11:19:27,17.64,0.03,91,160524,买盘
1151,11:19:17,17.61,-0.03,1,1761,卖盘
1152,11:19:12,17.64,--,31,54895,买盘
1153,11:18:57,17.64,--,28,49392,买盘
1154,11:18:47,17.64,0.03,30,52920,买盘
1155,11:18:42,17.61,-0.03,6,10566,卖盘
1156,11:18:21,17.64,0.01,136,239904,买盘
1157,11:18:17,17.63,-0.01,7,12341,买盘
1158,11:18:12,17.64,0.03,24,42336,买盘
1159,11:18:06,17.61,-0.03,9,15849,卖盘
1160,11:18:02,17.64,0.03,18,31752,买盘
1161,11:17:47,17.61,--,4,7044,卖盘
1162,11:17:36,17.61,0.01,6,10566,卖盘
1163,11:17:27,17.6,--,0,0,卖盘
1164,11:17:06,17.6,--,1153,2030195,卖盘
1165,11:17:02,17.6,-0.04,30,52800,卖盘
1166,11:16:51,17.64,--,0,0,买盘
1167,11:16:42,17.64,0.03,56,98784,买盘
1168,11:16:36,17.61,--,27,47547,卖盘
1169,11:16:06,17.61,0.01,47,82767,卖盘
1170,11:15:51,17.6,--,0,0,卖盘
1171,11:15:41,17.6,--,102,179520,卖盘
1172,11:15:36,17.6,-0.03,608,1070080,卖盘
1173,11:15:26,17.63,0.03,1,1763,买盘
1174,11:15:16,17.6,-0.02,29,51251,卖盘
1175,11:15:06,17.62,-0.01,21,37372,卖盘
1176,11:15:01,17.63,0.01,54,95202,买盘
1177,11:14:36,17.62,--,11,19382,卖盘
1178,11:14:11,17.62,--,0,0,卖盘
1179,11:14:06,17.62,--,18,31716,卖盘
1180,11:13:56,17.62,-0.01,25,44050,卖盘
1181,11:13:46,17.63,--,0,0,中性盘
1182,11:13:41,17.63,--,50,88150,买盘
1183,11:13:36,17.63,--,192,339624,买盘
1184,11:13:31,17.63,--,180,318521,卖盘
1185,11:13:26,17.63,0.01,736,1298149,买盘
1186,11:13:21,17.62,0.02,63,111006,买盘
1187,11:13:16,17.6,-0.02,1,1760,卖盘
1188,11:13:11,17.62,0.02,871,1534702,买盘
1189,11:13:06,17.6,--,5,9292,卖盘
1190,11:12:56,17.6,-0.02,25,44369,卖盘
1191,11:12:46,17.62,--,5,8810,买盘
1192,11:12:41,17.62,0.02,18,31716,买盘
1193,11:12:36,17.6,--,453,797280,卖盘
1194,11:12:21,17.6,-0.01,356,626560,卖盘
1195,11:12:16,17.61,--,10,17610,卖盘
1196,11:12:11,17.61,0.01,122,214842,买盘
1197,11:12:06,17.6,--,730,1284800,卖盘
1198,11:11:56,17.6,--,556,979228,卖盘
1199,11:11:36,17.6,--,850,1496000,卖盘
1200,11:11:21,17.6,--,9,15840,卖盘
1201,11:11:06,17.6,--,1214,2136640,卖盘
1202,11:11:01,17.6,--,9,15840,卖盘
1203,11:10:56,17.6,--,24,42521,卖盘
1204,11:10:51,17.6,--,26,47449,卖盘
1205,11:10:36,17.6,-0.01,895,1575200,卖盘
1206,11:10:30,17.61,--,27,47547,买盘
1207,11:10:26,17.61,--,6,10566,买盘
1208,11:10:21,17.61,0.01,24,42264,买盘
1209,11:10:06,17.6,--,114,200640,中性盘
1210,11:10:00,17.6,--,0,0,卖盘
1211,11:09:56,17.6,--,56,99299,买盘
1212,11:09:51,17.6,-0.01,452,797068,卖盘
1213,11:09:41,17.61,0.01,2,3522,买盘
1214,11:09:36,17.6,-0.01,137,241120,卖盘
1215,11:09:26,17.61,--,20,35220,买盘
1216,11:09:11,17.61,0.01,67,117987,买盘
1217,11:09:05,17.6,0.01,953,1677491,买盘
1218,11:08:50,17.59,-0.02,3,5277,卖盘
1219,11:08:45,17.61,--,0,0,买盘
1220,11:08:40,17.61,0.02,697,1227417,买盘
1221,11:08:35,17.59,--,0,0,卖盘
1222,11:08:30,17.59,-0.02,11,19349,卖盘
1223,11:08:25,17.61,0.01,36,63396,买盘
1224,11:08:20,17.6,0.01,509,895840,买盘
1225,11:08:15,17.59,--,10,18557,卖盘
1226,11:08:05,17.59,--,983,1729097,卖盘
1227,11:07:50,17.59,-0.01,11,19859,卖盘
1228,11:07:45,17.6,--,20,35200,卖盘
1229,11:07:35,17.6,--,13,23707,卖盘
1230,11:07:30,17.6,--,2002,3523520,卖盘
1231,11:07:25,17.6,--,15,26400,卖盘
1232,11:07:15,17.6,--,13,22880,卖盘
1233,11:07:05,17.6,--,931,1638560,卖盘
1234,11:06:50,17.6,--,15,26400,卖盘
1235,11:06:45,17.6,--,27,47731,卖盘
1236,11:06:35,17.6,--,1345,2367200,卖盘
1237,11:06:30,17.6,-0.01,12,21120,卖盘
1238,11:06:20,17.61,0.01,55,96855,买盘
1239,11:06:05,17.6,--,1852,3259520,卖盘
1240,11:06:00,17.6,--,10,17600,卖盘
1241,11:05:55,17.6,--,1,1760,卖盘
1242,11:05:50,17.6,--,9,15840,卖盘
1243,11:05:35,17.6,-0.01,2651,4665760,卖盘
1244,11:05:30,17.61,--,126,221886,买盘
1245,11:05:15,17.61,--,63,110943,买盘
1246,11:05:10,17.61,0.01,10,17610,买盘
1247,11:05:00,17.6,-0.01,10,17600,卖盘
1248,11:04:50,17.61,0.01,2,3522,买盘
1249,11:04:45,17.6,--,18,32718,卖盘
1250,11:04:40,17.6,--,30,53732,卖盘
1251,11:04:30,17.6,--,2,3520,卖盘
1252,11:04:15,17.6,--,9,15840,卖盘
1253,11:03:55,17.6,--,9,15840,卖盘
1254,11:03:35,17.6,-0.01,9,15840,卖盘
1255,11:03:25,17.61,0.01,19,33459,买盘
1256,11:03:15,17.6,--,30,52800,卖盘
1257,11:03:05,17.6,-0.01,3,5280,卖盘
1258,11:03:00,17.61,0.01,66,116226,买盘
1259,11:02:50,17.6,0.01,612,1077120,买盘
1260,11:02:45,17.59,--,66,116094,卖盘
1261,11:02:39,17.59,--,0,1407,卖盘
1262,11:02:35,17.59,-0.01,31,54529,卖盘
1263,11:02:30,17.6,--,27,48083,买盘
1264,11:02:24,17.6,0.01,1,1760,买盘
1265,11:02:20,17.59,-0.01,17,29903,卖盘
1266,11:02:15,17.6,--,21,36960,买盘
1267,11:02:05,17.6,--,71,124960,买盘
1268,11:01:59,17.6,--,14,24640,买盘
1269,11:01:54,17.6,--,100,176000,买盘
1270,11:01:44,17.6,--,129,227040,买盘
1271,11:01:39,17.6,--,1,1760,买盘
1272,11:01:29,17.6,--,33,58080,买盘
1273,11:01:24,17.6,--,216,380529,卖盘
1274,11:01:19,17.6,--,7,12320,卖盘
1275,11:01:14,17.6,--,1000,1760000,卖盘
1276,11:01:04,17.6,-0.02,15,26400,卖盘
1277,11:00:59,17.62,-0.01,33,59326,卖盘
1278,11:00:54,17.63,0.01,20,35260,买盘
1279,11:00:44,17.62,-0.01,6,10572,卖盘
1280,11:00:39,17.63,0.01,35,61705,买盘
1281,11:00:29,17.62,-0.01,208,367077,中性盘
1282,11:00:24,17.63,--,695,1226677,买盘
1283,11:00:19,17.63,0.01,2,3526,买盘
1284,11:00:14,17.62,--,118,208004,买盘
1285,11:00:09,17.62,0.02,96,169152,买盘
1286,10:59:54,17.6,-0.02,19,33440,卖盘
1287,10:59:39,17.62,--,97,170914,买盘
1288,10:59:24,17.62,--,93,163866,买盘
1289,10:59:14,17.62,--,82,144484,买盘
1290,10:59:09,17.62,--,35,61670,买盘
1291,10:59:04,17.62,0.03,12,21144,买盘
1292,10:58:59,17.59,--,229,403110,卖盘
1293,10:58:54,17.59,-0.01,12,21108,卖盘
1294,10:58:49,17.6,--,195,343200,买盘
1295,10:58:44,17.6,--,46,80960,买盘
1296,10:58:34,17.6,--,35,61600,买盘
1297,10:58:29,17.6,-0.02,727,1280892,卖盘
1298,10:58:24,17.62,--,240,423179,买盘
1299,10:58:19,17.62,--,168,296016,买盘
1300,10:58:14,17.62,0.01,144,253728,买盘
1301,10:58:09,17.61,--,835,1470435,买盘
1302,10:58:04,17.61,0.01,467,822387,买盘
1303,10:57:59,17.6,0.01,622,1095705,买盘
1304,10:57:54,17.59,--,139,244501,卖盘
1305,10:57:39,17.59,--,70,123516,卖盘
1306,10:57:34,17.59,-0.01,56,99172,卖盘
1307,10:57:28,17.6,0.01,311,547360,买盘
1308,10:57:24,17.59,-0.01,6,10554,卖盘
1309,10:57:14,17.6,--,12,21120,买盘
1310,10:57:09,17.6,0.01,12,21120,买盘
1311,10:56:59,17.59,--,7,12313,卖盘
1312,10:56:54,17.59,--,2,3518,卖盘
1313,10:56:39,17.59,-0.01,9,15831,卖盘
1314,10:56:24,17.6,0.01,39,68851,买盘
1315,10:56:13,17.59,-0.01,2813,4948840,卖盘
1316,10:56:04,17.6,--,60,105600,卖盘
1317,10:55:54,17.6,--,65,114400,卖盘
1318,10:55:43,17.6,--,1,1760,卖盘
1319,10:55:39,17.6,-0.01,14,24640,卖盘
1320,10:55:33,17.61,--,200,352200,买盘
1321,10:55:29,17.61,0.01,3,5283,买盘
1322,10:55:23,17.6,-0.01,9,15840,卖盘
1323,10:55:08,17.61,--,1,1761,买盘
1324,10:55:03,17.61,0.01,30,52830,买盘
1325,10:54:59,17.6,--,8,14080,卖盘
1326,10:54:48,17.6,--,672,1183705,买盘
1327,10:54:43,17.6,0.01,525,924000,买盘
1328,10:54:38,17.59,--,659,1159181,卖盘
1329,10:54:23,17.59,--,14,24626,卖盘
1330,10:54:13,17.59,--,27,47704,卖盘
1331,10:54:08,17.59,--,1,1759,卖盘
1332,10:53:58,17.59,-0.01,11,19349,卖盘
1333,10:53:38,17.6,0.01,5,8800,买盘
1334,10:53:33,17.59,--,75,131925,卖盘
1335,10:53:23,17.59,--,50,87950,卖盘
1336,10:53:18,17.59,-0.01,68,119612,卖盘
1337,10:53:08,17.6,0.01,293,517000,买盘
1338,10:52:53,17.59,--,38,66842,卖盘
1339,10:52:48,17.59,--,50,87950,卖盘
1340,10:52:38,17.59,--,354,622686,卖盘
1341,10:52:33,17.59,--,9,15831,卖盘
1342,10:52:28,17.59,-0.01,1,1759,卖盘
1343,10:52:22,17.6,0.01,44,77440,买盘
1344,10:52:18,17.59,--,17,30078,卖盘
1345,10:52:13,17.59,-0.01,27,47528,卖盘
1346,10:52:07,17.6,0.01,3,6864,买盘
1347,10:52:03,17.59,--,8,14072,卖盘
1348,10:51:52,17.59,--,2,3518,卖盘
1349,10:51:48,17.59,-0.01,43,75637,卖盘
1350,10:51:37,17.6,0.01,2,3520,买盘
1351,10:51:28,17.59,-0.01,8,14072,卖盘
1352,10:51:22,17.6,0.01,2,3520,买盘
1353,10:51:18,17.59,-0.01,10,17590,卖盘
1354,10:51:07,17.6,-0.01,497,875494,卖盘
1355,10:51:03,17.61,0.01,78,137358,买盘
1356,10:50:58,17.6,--,611,1076345,买盘
1357,10:50:52,17.6,0.01,128,225280,买盘
1358,10:50:43,17.59,-0.01,12,21108,卖盘
1359,10:50:37,17.6,0.01,26,45760,买盘
1360,10:50:33,17.59,-0.01,33,58047,卖盘
1361,10:50:28,17.6,0.01,100,176000,买盘
1362,10:50:22,17.59,--,351,617409,卖盘
1363,10:50:18,17.59,--,9,15831,卖盘
1364,10:50:13,17.59,-0.01,0,1037,卖盘
1365,10:50:07,17.6,--,96,169892,买盘
1366,10:49:58,17.6,0.01,41,72160,买盘
1367,10:49:52,17.59,-0.01,16,28144,卖盘
1368,10:49:48,17.6,0.01,8,14080,买盘
1369,10:49:37,17.59,--,10,17590,卖盘
1370,10:49:33,17.59,--,6,10554,卖盘
1371,10:49:27,17.59,--,5,8795,卖盘
1372,10:49:22,17.59,--,8,14072,卖盘
1373,10:49:17,17.59,--,2,3518,卖盘
1374,10:49:13,17.59,--,50,87950,卖盘
1375,10:48:47,17.59,-0.01,9,15831,卖盘
1376,10:48:37,17.6,--,30,52800,买盘
1377,10:48:32,17.6,0.01,25,44000,买盘
1378,10:48:27,17.59,-0.01,4,7036,卖盘
1379,10:48:22,17.6,--,21,36960,买盘
1380,10:48:17,17.6,0.01,76,133760,买盘
1381,10:48:12,17.59,--,1,2093,卖盘
1382,10:48:07,17.59,--,46,82549,卖盘
1383,10:48:02,17.59,--,6,10554,卖盘
1384,10:47:52,17.59,--,32,56288,卖盘
1385,10:47:42,17.59,--,19,33421,卖盘
1386,10:47:37,17.59,--,1,1759,卖盘
1387,10:47:32,17.59,--,16,28144,卖盘
1388,10:47:22,17.59,-0.01,17,29903,卖盘
1389,10:47:17,17.6,--,18,31680,买盘
1390,10:46:47,17.6,0.01,30,52800,买盘
1391,10:46:27,17.59,--,9,15831,卖盘
1392,10:46:17,17.59,--,11,19349,卖盘
1393,10:46:12,17.59,--,1,1759,卖盘
1394,10:46:01,17.59,--,8,14072,卖盘
1395,10:45:57,17.59,--,27,47704,卖盘
1396,10:45:46,17.59,--,354,622686,卖盘
1397,10:45:42,17.59,--,19,33421,卖盘
1398,10:45:31,17.59,--,16,28144,卖盘
1399,10:45:21,17.59,--,32,56288,卖盘
1400,10:45:12,17.59,--,21,36939,卖盘
1401,10:45:07,17.59,--,67,117853,卖盘
1402,10:45:01,17.59,--,16,28144,卖盘
1403,10:44:57,17.59,--,25,43975,卖盘
1404,10:44:42,17.59,--,20,35180,卖盘
1405,10:44:37,17.59,--,9,15831,卖盘
1406,10:44:31,17.59,--,17,29903,卖盘
1407,10:44:22,17.59,--,16,28144,卖盘
1408,10:44:16,17.59,--,9,15831,卖盘
1409,10:44:12,17.59,-0.01,17,29903,卖盘
1410,10:44:01,17.6,0.01,23,40550,买盘
1411,10:43:56,17.59,--,25,44115,卖盘
1412,10:43:52,17.59,--,9,15831,卖盘
1413,10:43:42,17.59,--,10,17590,卖盘
1414,10:43:36,17.59,--,12,21108,卖盘
1415,10:43:31,17.59,--,89,156551,卖盘
1416,10:43:27,17.59,--,67,117853,卖盘
1417,10:43:12,17.59,-0.01,9,15831,卖盘
1418,10:43:01,17.6,0.01,1,1760,买盘
1419,10:42:56,17.59,--,8,14072,卖盘
1420,10:42:46,17.59,--,67,117853,卖盘
1421,10:42:41,17.59,--,21,36939,卖盘
1422,10:42:36,17.59,--,1,1759,卖盘
1423,10:42:31,17.59,-0.01,154,270886,卖盘
1424,10:42:16,17.6,0.01,67,117920,买盘
1425,10:42:11,17.59,--,85,149515,卖盘
1426,10:42:01,17.59,--,56,98715,卖盘
1427,10:41:56,17.59,-0.01,222,391271,卖盘
1428,10:41:51,17.6,--,22,38720,卖盘
1429,10:41:46,17.6,0.01,543,956665,买盘
1430,10:41:41,17.59,--,17,29903,卖盘
1431,10:41:31,17.59,--,17,29903,卖盘
1432,10:41:21,17.59,-0.01,16,28144,卖盘
1433,10:41:16,17.6,0.01,74,130240,买盘
1434,10:41:11,17.59,--,9,15831,卖盘
1435,10:41:01,17.59,-0.01,1,1759,卖盘
1436,10:40:56,17.6,--,25,44774,卖盘
1437,10:40:46,17.6,--,1054,1855040,卖盘
1438,10:40:31,17.6,-0.01,3,5280,卖盘
1439,10:40:26,17.61,0.01,28,49308,买盘
1440,10:40:16,17.6,--,9,15840,卖盘
1441,10:40:06,17.6,--,20,35200,卖盘
1442,10:40:01,17.6,--,59,103840,卖盘
1443,10:39:56,17.6,--,11,20152,卖盘
1444,10:39:51,17.6,-0.01,40,70857,卖盘
1445,10:39:46,17.61,0.01,100,176100,买盘
1446,10:39:41,17.6,--,117,205920,卖盘
1447,10:39:36,17.6,--,19,34566,卖盘
1448,10:39:21,17.6,--,27,47537,卖盘
1449,10:39:10,17.6,--,77,135520,卖盘
1450,10:39:01,17.6,-0.01,17,29920,卖盘
1451,10:38:55,17.61,0.01,5,8805,买盘
1452,10:38:51,17.6,--,18,31680,卖盘
1453,10:38:40,17.6,--,17,29920,卖盘
1454,10:38:36,17.6,--,10,17600,卖盘
1455,10:38:30,17.6,--,16,28160,卖盘
1456,10:38:21,17.6,--,17,29920,卖盘
1457,10:38:15,17.6,0.01,64,112992,买盘
1458,10:38:10,17.59,-0.01,40,70360,卖盘
1459,10:38:06,17.6,--,13,24622,卖盘
1460,10:37:55,17.6,--,18,31680,卖盘
1461,10:37:51,17.6,0.01,1288,2268182,买盘
1462,10:37:45,17.59,--,159,280367,卖盘
1463,10:37:40,17.59,--,3,5277,卖盘
1464,10:37:36,17.59,--,976,1716784,卖盘
1465,10:37:30,17.59,--,13,22867,卖盘
1466,10:37:25,17.59,--,147,258573,卖盘
1467,10:37:21,17.59,-0.01,221,388739,卖盘
1468,10:36:55,17.6,0.01,110,193600,买盘
1469,10:36:40,17.59,--,17,29903,卖盘
1470,10:36:30,17.59,--,16,28144,卖盘
1471,10:36:21,17.59,-0.01,31,54529,卖盘
1472,10:36:10,17.6,0.01,40,70400,买盘
1473,10:36:00,17.59,--,59,103781,卖盘
1474,10:35:55,17.59,--,27,47704,卖盘
1475,10:35:50,17.59,--,17,29903,卖盘
1476,10:35:40,17.59,--,26,45734,卖盘
1477,10:35:35,17.59,--,5,8795,卖盘
1478,10:35:30,17.59,--,17,29903,卖盘
1479,10:35:20,17.59,--,17,29903,卖盘
1480,10:35:10,17.59,-0.01,16,28144,卖盘
1481,10:35:05,17.6,--,28,49280,买盘
1482,10:34:55,17.6,0.01,100,176000,买盘
1483,10:34:40,17.59,-0.01,9,15831,卖盘
1484,10:34:30,17.6,0.01,5,8800,买盘
1485,10:34:25,17.59,--,11,19349,卖盘
1486,10:34:20,17.59,-0.01,1,1759,卖盘
1487,10:34:10,17.6,0.01,132,232320,买盘
1488,10:34:05,17.59,--,1,1759,卖盘
1489,10:33:40,17.59,--,186,328317,卖盘
1490,10:33:35,17.59,--,25,44801,卖盘
1491,10:33:25,17.59,--,3,5277,卖盘
1492,10:32:55,17.59,--,320,563266,卖盘
1493,10:32:49,17.59,--,54,94986,卖盘
1494,10:32:45,17.59,--,1,1759,卖盘
1495,10:32:40,17.59,--,253,445027,卖盘
1496,10:32:34,17.59,--,36,63324,卖盘
1497,10:32:25,17.59,-0.01,66,116094,卖盘
1498,10:32:04,17.6,0.01,10,17600,买盘
1499,10:32:00,17.59,-0.01,23,40457,卖盘
1500,10:31:55,17.6,0.01,96,168960,买盘
1501,10:31:49,17.59,--,48,84432,卖盘
1502,10:31:34,17.59,--,328,578060,卖盘
1503,10:31:15,17.59,-0.01,31,54529,卖盘
1504,10:31:00,17.6,0.01,3,5280,买盘
1505,10:30:54,17.59,--,19,33421,卖盘
1506,10:30:49,17.59,--,6,10554,卖盘
1507,10:30:34,17.59,--,10,17590,卖盘
1508,10:30:30,17.59,--,9,15831,卖盘
1509,10:30:24,17.59,-0.01,0,334,卖盘
1510,10:30:19,17.6,0.01,14,26065,买盘
1511,10:30:14,17.59,--,35,61565,卖盘
1512,10:30:04,17.59,-0.01,1,1759,卖盘
1513,10:30:00,17.6,0.01,1,1760,买盘
1514,10:29:54,17.59,--,10,17590,卖盘
1515,10:29:49,17.59,--,20,35180,卖盘
1516,10:29:45,17.59,-0.01,16,28144,卖盘
1517,10:29:34,17.6,0.01,227,399731,买盘
1518,10:29:24,17.59,--,33,58047,卖盘
1519,10:29:14,17.59,--,14,24626,卖盘
1520,10:28:59,17.59,--,10,17590,卖盘
1521,10:28:44,17.59,--,1,1759,卖盘
1522,10:28:34,17.59,--,28,49252,卖盘
1523,10:28:19,17.59,--,0,545,卖盘
1524,10:28:04,17.59,-0.01,16,29357,卖盘
1525,10:27:44,17.6,--,140,246400,买盘
1526,10:27:39,17.6,--,40,70400,买盘
1527,10:27:34,17.6,--,3,5280,买盘
1528,10:27:29,17.6,0.01,4,7040,买盘
1529,10:27:24,17.59,-0.01,293,516125,卖盘
1530,10:27:19,17.6,--,505,888800,卖盘
1531,10:27:14,17.6,--,581,1023792,买盘
1532,10:27:04,17.6,--,519,913440,买盘
1533,10:26:59,17.6,0.01,100,176000,买盘
1534,10:26:44,17.59,-0.01,1,1759,卖盘
1535,10:26:39,17.6,--,35,61600,买盘
1536,10:26:13,17.6,0.01,20,35516,买盘
1537,10:26:04,17.59,--,203,357077,卖盘
1538,10:25:58,17.59,-0.01,13,24309,卖盘
1539,10:25:54,17.6,0.01,60,105600,买盘
1540,10:25:34,17.59,-0.01,6,10554,卖盘
1541,10:25:24,17.6,0.01,15,26400,买盘
1542,10:25:19,17.59,--,27,47704,卖盘
1543,10:25:13,17.59,--,10,17590,卖盘
1544,10:25:09,17.59,--,0,1372,卖盘
1545,10:24:58,17.59,-0.01,13,23253,卖盘
1546,10:24:49,17.6,0.01,4,7040,买盘
1547,10:24:39,17.59,--,3,5277,卖盘
1548,10:24:28,17.59,-0.01,3,5277,卖盘
1549,10:24:19,17.6,0.01,5,8800,买盘
1550,10:24:09,17.59,-0.01,5,8795,卖盘
1551,10:24:04,17.6,0.01,25,44000,买盘
1552,10:23:58,17.59,--,81,143868,卖盘
1553,10:23:53,17.59,--,100,175900,卖盘
1554,10:23:49,17.59,--,2,3992,卖盘
1555,10:23:38,17.59,--,0,70,卖盘
1556,10:23:33,17.59,--,4,7440,卖盘
1557,10:23:28,17.59,--,47,84168,卖盘
1558,10:23:24,17.59,--,19,33421,卖盘
1559,10:23:18,17.59,--,40,71626,卖盘
1560,10:23:09,17.59,--,4,8724,卖盘
1561,10:23:03,17.59,-0.01,7,12313,卖盘
1562,10:22:58,17.6,0.01,129,227040,买盘
1563,10:22:53,17.59,--,22,39454,卖盘
1564,10:22:43,17.59,-0.01,42,74458,卖盘
1565,10:22:18,17.6,0.01,6,10560,买盘
1566,10:22:08,17.59,-0.01,1,1759,卖盘
1567,10:22:03,17.6,0.01,3,5280,买盘
1568,10:21:53,17.59,-0.01,19,33421,卖盘
1569,10:21:48,17.6,0.01,40,70400,买盘
1570,10:21:43,17.59,--,32,56288,卖盘
1571,10:21:33,17.59,--,300,527700,卖盘
1572,10:21:28,17.59,--,1,1759,卖盘
1573,10:21:18,17.59,--,11,19929,卖盘
1574,10:21:13,17.59,--,25,45364,卖盘
1575,10:20:58,17.59,--,1,2251,卖盘
1576,10:20:53,17.59,--,12,22374,卖盘
1577,10:20:38,17.59,--,2,3518,卖盘
1578,10:20:28,17.59,--,4,7036,卖盘
1579,10:20:23,17.59,-0.01,48,84432,卖盘
1580,10:20:18,17.6,0.01,3,5280,买盘
1581,10:20:13,17.59,--,1,1759,卖盘
1582,10:19:58,17.59,-0.01,28,49252,卖盘
1583,10:19:48,17.6,0.01,107,188883,买盘
1584,10:19:43,17.59,--,76,133684,卖盘
1585,10:19:38,17.59,-0.01,13,24063,卖盘
1586,10:19:28,17.6,--,5,8800,买盘
1587,10:19:13,17.6,0.01,13,23372,买盘
1588,10:19:07,17.59,-0.01,42,75355,卖盘
1589,10:19:03,17.6,0.01,5,8800,买盘
1590,10:18:43,17.59,-0.01,107,188213,卖盘
1591,10:18:37,17.6,--,247,434720,买盘
1592,10:18:33,17.6,--,120,211200,买盘
1593,10:18:22,17.6,0.01,18,32560,买盘
1594,10:18:18,17.59,-0.01,85,149515,卖盘
1595,10:18:13,17.6,--,14,24640,买盘
1596,10:18:07,17.6,--,40,70400,买盘
1597,10:17:58,17.6,--,5,8800,买盘
1598,10:17:48,17.6,-0.01,33,58608,卖盘
1599,10:17:43,17.61,0.01,155,272955,买盘
1600,10:17:37,17.6,--,8,14080,卖盘
1601,10:17:28,17.6,--,72,126720,卖盘
1602,10:17:22,17.6,--,371,652960,卖盘
1603,10:17:13,17.6,--,1,3080,卖盘
1604,10:17:07,17.6,-0.01,30,53451,卖盘
1605,10:16:58,17.61,0.01,14,24654,买盘
1606,10:16:48,17.6,-0.01,87,153120,卖盘
1607,10:16:43,17.61,0.01,3,6885,买盘
1608,10:16:37,17.6,--,67,117920,卖盘
1609,10:16:27,17.6,-0.01,13,23038,卖盘
1610,10:16:22,17.61,0.01,22,38742,买盘
1611,10:16:17,17.6,--,34,59840,卖盘
1612,10:15:57,17.6,-0.01,5,8800,卖盘
1613,10:15:52,17.61,--,24,42264,买盘
1614,10:15:42,17.61,--,10,17610,买盘
1615,10:15:37,17.61,--,115,202515,买盘
1616,10:15:32,17.61,--,126,221886,卖盘
1617,10:15:22,17.61,--,75,132075,卖盘
1618,10:15:17,17.61,--,4,7044,买盘
1619,10:15:12,17.61,--,521,918431,买盘
1620,10:15:07,17.61,0.01,3,5283,买盘
1621,10:15:02,17.6,-0.01,51,89971,卖盘
1622,10:14:57,17.61,0.01,20,36804,买盘
1623,10:14:47,17.6,0.01,2543,4477352,买盘
1624,10:14:37,17.59,0.01,201,353559,买盘
1625,10:14:22,17.58,--,15,26369,卖盘
1626,10:14:17,17.58,--,284,499271,卖盘
1627,10:14:12,17.58,0.01,666,1171601,买盘
1628,10:14:07,17.57,--,38,66766,卖盘
1629,10:14:02,17.57,--,37,65009,卖盘
1630,10:13:52,17.57,0.02,1054,1852246,买盘
1631,10:13:42,17.55,--,1,1755,卖盘
1632,10:13:37,17.55,--,10,17813,卖盘
1633,10:13:32,17.55,-0.01,13,24306,卖盘
1634,10:13:22,17.56,0.01,3,5268,买盘
1635,10:13:17,17.55,--,3,5265,卖盘
1636,10:13:02,17.55,--,81,142365,卖盘
1637,10:12:47,17.55,--,40,70200,卖盘
1638,10:12:42,17.55,--,28,49140,卖盘
1639,10:12:32,17.55,--,3,5265,卖盘
1640,10:12:22,17.55,--,14,24570,卖盘
1641,10:12:01,17.55,-0.01,9,15795,卖盘
1642,10:11:42,17.56,0.01,14,24584,买盘
1643,10:11:37,17.55,--,4,7020,卖盘
1644,10:11:16,17.55,-0.01,18,31590,卖盘
1645,10:11:07,17.56,0.01,273,479387,买盘
1646,10:11:01,17.55,--,101,177255,卖盘
1647,10:10:57,17.55,-0.01,28,49350,卖盘
1648,10:10:52,17.56,--,34,59703,卖盘
1649,10:10:37,17.56,-0.01,14,24584,卖盘
1650,10:09:52,17.57,--,0,0,买盘
1651,10:09:46,17.57,--,24,42168,买盘
1652,10:09:42,17.57,--,0,0,买盘
1653,10:09:36,17.57,0.02,16,28112,买盘
1654,10:09:31,17.55,--,80,140400,卖盘
1655,10:09:26,17.55,--,0,0,卖盘
1656,10:09:16,17.55,-0.01,22,38610,卖盘
1657,10:09:11,17.56,--,3,5724,买盘
1658,10:09:07,17.56,0.01,170,298520,买盘
1659,10:09:01,17.55,--,2,3510,卖盘
1660,10:08:51,17.55,--,51,89715,卖盘
1661,10:08:46,17.55,--,12,21060,卖盘
1662,10:08:15,17.55,--,1,1755,卖盘
1663,10:08:11,17.55,--,28,49140,卖盘
1664,10:07:56,17.55,--,72,126360,卖盘
1665,10:07:26,17.55,-0.01,66,115830,卖盘
1666,10:07:21,17.56,0.01,96,168576,买盘
1667,10:07:15,17.55,--,19,33345,卖盘
1668,10:06:46,17.55,--,5,8775,卖盘
1669,10:06:36,17.55,--,986,1731483,买盘
1670,10:06:26,17.55,0.01,33,57915,买盘
1671,10:06:11,17.54,--,49,85946,卖盘
1672,10:06:01,17.54,-0.01,6,10524,卖盘
1673,10:05:56,17.55,0.01,969,1700595,买盘
1674,10:05:45,17.54,--,12,22468,卖盘
1675,10:05:41,17.54,-0.01,1,1754,卖盘
1676,10:05:30,17.55,--,40,70200,买盘
1677,10:05:26,17.55,0.01,14,24570,买盘
1678,10:05:09,17.54,--,3,5262,卖盘
1679,10:05:06,17.54,--,6,10524,卖盘
1680,10:04:55,17.54,--,57,99978,卖盘
1681,10:04:51,17.54,--,22,38588,卖盘
1682,10:04:45,17.54,--,93,164472,卖盘
1683,10:04:40,17.54,--,13,22802,卖盘
1684,10:04:36,17.54,--,8,14032,卖盘
1685,10:04:31,17.54,--,1,1754,卖盘
1686,10:04:21,17.54,-0.01,3,5262,卖盘
1687,10:04:16,17.55,0.01,22,38610,买盘
1688,10:04:10,17.54,--,1,1754,卖盘
1689,10:04:06,17.54,--,581,1019074,卖盘
1690,10:04:00,17.54,-0.01,36,63144,卖盘
1691,10:03:46,17.55,0.01,9,15795,买盘
1692,10:03:36,17.54,--,40,70160,卖盘
1693,10:03:30,17.54,-0.01,18,31572,卖盘
1694,10:03:25,17.55,--,15,26325,买盘
1695,10:03:15,17.55,--,100,175500,买盘
1696,10:03:09,17.55,-0.01,2438,4279392,卖盘
1697,10:03:00,17.56,0.01,11,19316,买盘
1698,10:02:45,17.55,--,10,17550,卖盘
1699,10:02:36,17.55,--,3,6037,卖盘
1700,10:02:24,17.55,-0.01,26,45630,卖盘
1701,10:02:15,17.56,--,1,1755,卖盘
1702,10:02:09,17.56,--,1,1755,卖盘
1703,10:02:00,17.56,0.01,6,10536,卖盘
1704,10:01:54,17.55,--,126,221130,卖盘
1705,10:01:50,17.55,--,20,35100,卖盘
1706,10:01:45,17.55,-0.02,22,38610,卖盘
1707,10:01:39,17.57,0.02,4,7028,买盘
1708,10:01:35,17.55,-0.02,4,8213,卖盘
1709,10:01:30,17.57,0.01,50,87850,买盘
1710,10:01:24,17.56,--,3,5268,卖盘
1711,10:01:20,17.56,--,18,31607,卖盘
1712,10:01:15,17.56,--,10,17560,卖盘
1713,10:01:09,17.56,-0.01,21,36876,卖盘
1714,10:00:50,17.57,0.01,5,8785,买盘
1715,10:00:35,17.56,--,1,1755,卖盘
1716,10:00:20,17.56,-0.01,4,7023,卖盘
1717,10:00:09,17.57,0.01,6,10542,买盘
1718,10:00:05,17.56,--,191,335396,卖盘
1719,10:00:00,17.56,--,5,8780,卖盘
1720,09:59:54,17.56,--,20,35120,卖盘
1721,09:59:45,17.56,--,10,17560,卖盘
1722,09:59:35,17.56,0.01,14,24584,买盘
1723,09:59:24,17.55,--,179,314987,卖盘
1724,09:59:20,17.55,--,4,7020,卖盘
1725,09:59:05,17.55,-0.01,1,1755,卖盘
1726,09:59:00,17.56,0.01,8,14047,买盘
1727,09:58:54,17.55,-0.01,25,43875,卖盘
1728,09:58:50,17.56,0.01,10,17560,买盘
1729,09:58:45,17.55,-0.01,3,5265,卖盘
1730,09:58:39,17.56,0.01,5,8780,买盘
1731,09:58:35,17.55,--,58,101790,卖盘
1732,09:58:30,17.55,-0.01,4,7020,卖盘
1733,09:58:24,17.56,0.01,11,19316,买盘
1734,09:58:20,17.55,--,128,224640,卖盘
1735,09:58:15,17.55,--,20,35100,卖盘
1736,09:58:05,17.55,-0.01,5,8775,卖盘
1737,09:58:00,17.56,0.01,60,105359,买盘
1738,09:57:45,17.55,-0.01,1,1755,卖盘
1739,09:57:39,17.56,--,63,110627,买盘
1740,09:57:33,17.56,--,3,5268,买盘
1741,09:57:24,17.56,--,563,988627,买盘
1742,09:57:18,17.56,0.01,8,14047,买盘
1743,09:57:15,17.55,--,2,3510,买盘
1744,09:57:09,17.55,--,37,64935,卖盘
1745,09:57:03,17.55,--,14,24570,卖盘
1746,09:57:00,17.55,-0.01,1,1755,卖盘
1747,09:56:54,17.56,0.02,11,19316,买盘
1748,09:56:48,17.54,-0.01,28,49112,卖盘
1749,09:56:45,17.55,0.01,7,12285,买盘
1750,09:56:39,17.54,-0.01,23,40394,卖盘
1751,09:56:33,17.55,--,3,5265,买盘
1752,09:56:30,17.55,0.01,14,24570,买盘
1753,09:56:24,17.54,-0.01,2,3508,卖盘
1754,09:56:18,17.55,--,25,43875,买盘
1755,09:56:09,17.55,--,17,29835,买盘
1756,09:56:03,17.55,-0.03,145,255387,卖盘
1757,09:56:00,17.58,0.03,5,8790,买盘
1758,09:55:54,17.55,--,1,1755,卖盘
1759,09:55:48,17.55,--,5,8775,卖盘
1760,09:55:45,17.55,0.01,183,322007,买盘
1761,09:55:39,17.54,--,26,45604,卖盘
1762,09:55:33,17.54,-0.01,1,1754,卖盘
1763,09:55:24,17.55,--,390,685362,卖盘
1764,09:55:18,17.55,--,10,17550,卖盘
1765,09:55:14,17.55,-0.04,20,35100,卖盘
1766,09:55:09,17.59,0.04,9,15831,买盘
1767,09:55:03,17.55,--,1,1755,卖盘
1768,09:54:59,17.55,-0.03,20,35100,卖盘
1769,09:54:48,17.58,0.03,995,1750053,买盘
1770,09:54:39,17.55,--,2,3510,卖盘
1771,09:54:33,17.55,--,10,17550,卖盘
1772,09:54:18,17.55,-0.01,5,8775,卖盘
1773,09:54:09,17.56,--,28,50081,卖盘
1774,09:53:59,17.56,0.02,1207,2120334,买盘
1775,09:53:44,17.54,--,6,10524,卖盘
1776,09:53:39,17.54,--,74,129796,卖盘
1777,09:53:33,17.54,--,97,170138,卖盘
1778,09:53:29,17.54,--,252,442008,卖盘
1779,09:53:24,17.54,--,71,124534,卖盘
1780,09:53:18,17.54,--,1,1754,卖盘
1781,09:53:14,17.54,--,1,1754,卖盘
1782,09:53:03,17.54,--,32,56128,卖盘
1783,09:52:59,17.54,--,25,43850,卖盘
1784,09:52:48,17.54,--,242,424468,卖盘
1785,09:52:44,17.54,-0.01,1,1754,卖盘
1786,09:52:39,17.55,0.01,106,186030,买盘
1787,09:52:33,17.54,--,251,440254,卖盘
1788,09:52:29,17.54,--,75,131550,卖盘
1789,09:52:24,17.54,--,47,82438,卖盘
1790,09:52:18,17.54,--,785,1376890,卖盘
1791,09:52:14,17.54,-0.01,691,1212014,卖盘
1792,09:52:03,17.55,--,781,1370655,卖盘
1793,09:51:59,17.55,--,7,12285,卖盘
1794,09:51:48,17.55,--,950,1667250,卖盘
1795,09:51:29,17.55,--,16,28080,卖盘
1796,09:51:24,17.55,--,29,50895,卖盘
1797,09:51:18,17.55,--,31,54405,卖盘
1798,09:51:14,17.55,--,56,98280,卖盘
1799,09:51:09,17.55,-0.01,52,91260,卖盘
1800,09:51:03,17.56,--,10,17560,买盘
1801,09:50:57,17.56,--,100,175600,买盘
1802,09:50:48,17.56,--,40,70240,买盘
1803,09:50:42,17.56,--,2843,4993221,卖盘
1804,09:50:33,17.56,-0.01,33,57947,卖盘
1805,09:50:27,17.57,--,9,15813,买盘
1806,09:50:18,17.57,0.01,61,107177,买盘
1807,09:50:12,17.56,-0.01,100,175600,卖盘
1808,09:50:09,17.57,--,7,12299,买盘
1809,09:50:03,17.57,0.01,213,374241,买盘
1810,09:49:48,17.56,--,108,189648,卖盘
1811,09:49:42,17.56,-0.01,6,10536,卖盘
1812,09:49:39,17.57,0.01,4,7028,买盘
1813,09:49:33,17.56,--,23,40388,卖盘
1814,09:49:27,17.56,-0.01,3,5268,卖盘
1815,09:49:18,17.57,0.01,73,128261,买盘
1816,09:49:12,17.56,-0.01,7,12292,卖盘
1817,09:49:09,17.57,--,1,1757,买盘
1818,09:49:03,17.57,0.01,27,47439,买盘
1819,09:48:54,17.56,-0.01,20,35120,卖盘
1820,09:48:48,17.57,--,117,205569,买盘
1821,09:48:42,17.57,--,135,237195,买盘
1822,09:48:33,17.57,--,17,29869,买盘
1823,09:48:27,17.57,--,2,3514,买盘
1824,09:48:18,17.57,0.01,74,130018,买盘
1825,09:48:12,17.56,-0.01,32,56191,卖盘
1826,09:48:08,17.57,0.01,62,108934,买盘
1827,09:48:03,17.56,--,63,110627,卖盘
1828,09:47:57,17.56,--,361,633916,卖盘
1829,09:47:53,17.56,--,44,77264,卖盘
1830,09:47:48,17.56,--,123,216514,卖盘
1831,09:47:42,17.56,--,68,119407,卖盘
1832,09:47:33,17.56,-0.01,4,7023,卖盘
1833,09:47:27,17.57,0.01,114,200298,买盘
1834,09:47:23,17.56,--,11,19316,卖盘
1835,09:47:12,17.56,-0.01,15,26339,卖盘
1836,09:47:03,17.57,--,1,1757,买盘
1837,09:46:57,17.57,0.01,9,15813,买盘
1838,09:46:48,17.56,--,9,15803,卖盘
1839,09:46:42,17.56,-0.01,1,1755,卖盘
1840,09:46:27,17.57,0.01,3,5271,买盘
1841,09:46:23,17.56,-0.01,5,8780,卖盘
1842,09:46:18,17.57,0.01,3,5271,买盘
1843,09:46:08,17.56,--,53,93068,卖盘
1844,09:46:03,17.56,--,8,14047,卖盘
1845,09:45:57,17.56,-0.01,32,56191,卖盘
1846,09:45:48,17.57,0.01,3,5271,买盘
1847,09:45:42,17.56,-0.01,3,5268,卖盘
1848,09:45:33,17.57,0.01,6,10542,买盘
1849,09:45:23,17.56,--,3,5268,卖盘
1850,09:45:18,17.56,--,28,49168,卖盘
1851,09:45:08,17.56,-0.01,5,8780,卖盘
1852,09:44:57,17.57,0.01,23,40411,买盘
1853,09:44:48,17.56,-0.01,1,1755,卖盘
1854,09:44:42,17.57,--,1,1757,买盘
1855,09:44:38,17.57,--,2,3514,买盘
1856,09:44:27,17.57,--,181,318017,买盘
1857,09:44:18,17.57,0.01,15,26355,买盘
1858,09:44:12,17.56,-0.01,3,5268,卖盘
1859,09:44:08,17.57,--,57,100149,买盘
1860,09:43:57,17.57,0.01,65,114205,买盘
1861,09:43:53,17.56,-0.01,14,24584,卖盘
1862,09:43:48,17.57,--,5,8785,买盘
1863,09:43:42,17.57,0.01,97,170429,买盘
1864,09:43:33,17.56,--,1,1755,卖盘
1865,09:43:27,17.56,-0.01,117,205768,卖盘
1866,09:43:21,17.57,0.01,3,5271,买盘
1867,09:43:18,17.56,-0.01,11,19316,卖盘
1868,09:43:12,17.57,0.01,5,8785,买盘
1869,09:43:03,17.56,-0.01,4,7023,卖盘
1870,09:42:57,17.57,0.01,53,93121,买盘
1871,09:42:51,17.56,-0.01,350,614600,卖盘
1872,09:42:48,17.57,0.01,19,33383,买盘
1873,09:42:42,17.56,-0.01,92,161552,卖盘
1874,09:42:33,17.57,--,17,29869,买盘
1875,09:42:27,17.57,--,1,1757,买盘
1876,09:42:21,17.57,--,2,3514,买盘
1877,09:42:17,17.57,--,19,33383,买盘
1878,09:42:12,17.57,--,136,238952,卖盘
1879,09:42:06,17.57,--,2,3514,卖盘
1880,09:42:03,17.57,-0.01,72,126504,卖盘
1881,09:41:57,17.58,0.01,39,68562,买盘
1882,09:41:51,17.57,--,100,175700,卖盘
1883,09:41:48,17.57,--,60,105420,卖盘
1884,09:41:42,17.57,--,48,84336,卖盘
1885,09:41:36,17.57,-0.01,3,5271,卖盘
1886,09:41:32,17.58,--,3,5273,买盘
1887,09:41:27,17.58,--,30,52739,买盘
1888,09:41:21,17.58,--,113,198653,买盘
1889,09:41:18,17.58,0.01,28,49223,买盘
1890,09:41:12,17.57,--,2,3514,卖盘
1891,09:41:06,17.57,-0.01,55,96635,卖盘
1892,09:41:03,17.58,--,49,86141,买盘
1893,09:40:57,17.58,0.01,40,70320,买盘
1894,09:40:51,17.57,-0.01,237,416409,卖盘
1895,09:40:36,17.58,--,21,36918,买盘
1896,09:40:32,17.58,0.01,103,181073,买盘
1897,09:40:27,17.57,--,15,26355,卖盘
1898,09:40:21,17.57,-0.01,57,100149,卖盘
1899,09:40:17,17.58,--,28,49223,买盘
1900,09:40:12,17.58,0.01,6,10547,买盘
1901,09:40:06,17.57,-0.01,229,402353,卖盘
1902,09:40:02,17.58,0.01,68,119543,买盘
1903,09:39:57,17.57,--,93,163401,卖盘
1904,09:39:47,17.57,--,34,59738,卖盘
1905,09:39:42,17.57,-0.01,200,351400,卖盘
1906,09:39:36,17.58,--,15,26369,买盘
1907,09:39:32,17.58,0.01,12,21095,买盘
1908,09:39:27,17.57,-0.01,11,19327,卖盘
1909,09:39:17,17.58,0.01,19,33402,买盘
1910,09:39:12,17.57,-0.01,1,1757,卖盘
1911,09:39:06,17.58,--,16,28127,买盘
1912,09:39:02,17.58,--,2,3515,买盘
1913,09:38:57,17.58,--,1,1757,买盘
1914,09:38:51,17.58,--,1,1757,买盘
1915,09:38:47,17.58,--,8,14063,买盘
1916,09:38:42,17.58,0.01,106,186347,买盘
1917,09:38:36,17.57,-0.01,27,47439,卖盘
1918,09:38:32,17.58,-0.01,49,86141,卖盘
1919,09:38:27,17.59,0.01,25,43975,买盘
1920,09:38:17,17.58,-0.01,36,64166,卖盘
1921,09:38:12,17.59,0.01,77,135443,买盘
1922,09:37:57,17.58,--,33,58013,卖盘
1923,09:37:51,17.58,--,10,17580,卖盘
1924,09:37:47,17.58,--,65,114269,卖盘
1925,09:37:42,17.58,-0.01,64,112511,卖盘
1926,09:37:36,17.59,0.01,14,24626,买盘
1927,09:37:32,17.58,--,30,52739,卖盘
1928,09:37:27,17.58,-0.01,38,66804,卖盘
1929,09:37:17,17.59,0.01,23,40457,买盘
1930,09:37:12,17.58,--,4,7031,卖盘
1931,09:37:06,17.58,-0.01,4,7031,卖盘
1932,09:37:02,17.59,0.01,209,367631,买盘
1933,09:36:46,17.58,--,4,7031,卖盘
1934,09:36:42,17.58,-0.01,5,8790,卖盘
1935,09:36:30,17.59,0.02,15,26385,买盘
1936,09:36:27,17.57,--,3,5271,卖盘
1937,09:36:21,17.57,--,157,275849,卖盘
1938,09:36:15,17.57,-0.01,154,270578,卖盘
1939,09:36:06,17.58,--,2,3515,买盘
1940,09:36:00,17.58,-0.01,3,5273,卖盘
1941,09:35:57,17.59,--,0,0,买盘
1942,09:35:45,17.59,0.02,332,583988,买盘
1943,09:35:42,17.57,-0.02,12,21084,卖盘
1944,09:35:36,17.59,--,208,365872,买盘
1945,09:35:30,17.59,--,210,369390,买盘
1946,09:35:27,17.59,--,216,379944,买盘
1947,09:35:21,17.59,--,937,1648183,买盘
1948,09:35:15,17.59,--,717,1261203,买盘
1949,09:35:11,17.59,--,43,75637,买盘
1950,09:35:06,17.59,0.01,573,1007907,买盘
1951,09:35:00,17.58,0.01,154,270732,买盘
1952,09:34:57,17.57,0.01,117,205569,买盘
1953,09:34:51,17.56,-0.01,31,54435,卖盘
1954,09:34:45,17.57,--,115,202055,买盘
1955,09:34:41,17.57,--,2,3514,买盘
1956,09:34:36,17.57,0.01,944,1658608,买盘
1957,09:34:30,17.56,-0.01,17,29851,卖盘
1958,09:34:26,17.57,--,35,61495,买盘
1959,09:34:21,17.57,--,104,182728,买盘
1960,09:34:15,17.57,-0.01,11,19327,中性盘
1961,09:34:11,17.58,0.03,12,21095,买盘
1962,09:34:00,17.55,-0.03,141,247455,卖盘
1963,09:33:51,17.58,--,6,10547,买盘
1964,09:33:45,17.58,-0.01,37,65045,中性盘
1965,09:33:41,17.59,--,42,73878,买盘
1966,09:33:36,17.59,--,0,0,买盘
1967,09:33:30,17.59,0.04,214,376426,买盘
1968,09:33:26,17.55,-0.03,104,182520,卖盘
1969,09:33:21,17.58,--,35,61529,买盘
1970,09:33:15,17.58,0.05,192,337535,买盘
1971,09:33:11,17.53,--,40,70120,卖盘
1972,09:33:06,17.53,--,794,1391882,买盘
1973,09:33:00,17.53,0.01,45,78885,买盘
1974,09:32:56,17.52,-0.01,1,1752,卖盘
1975,09:32:51,17.53,--,5,8765,买盘
1976,09:32:45,17.53,--,35,61355,买盘
1977,09:32:36,17.53,--,58,101674,买盘
1978,09:32:30,17.53,--,184,322552,买盘
1979,09:32:26,17.53,0.02,4,7012,买盘
1980,09:32:21,17.51,-0.02,130,227630,卖盘
1981,09:32:15,17.53,0.02,160,280480,买盘
1982,09:32:11,17.51,-0.01,91,159341,卖盘
1983,09:32:06,17.52,0.01,6,10512,中性盘
1984,09:32:00,17.51,--,19,33269,卖盘
1985,09:31:51,17.51,-0.01,41,71791,卖盘
1986,09:31:45,17.52,-0.01,10,17520,卖盘
1987,09:31:41,17.53,--,5,8765,买盘
1988,09:31:30,17.53,-0.05,75,131475,卖盘
1989,09:31:11,17.58,--,10,17580,买盘
1990,09:31:06,17.58,0.06,54,94931,买盘
1991,09:31:00,17.52,-0.03,294,515088,卖盘
1992,09:30:56,17.55,-0.03,10,17550,中性盘
1993,09:30:51,17.58,0.03,106,186347,买盘
1994,09:30:45,17.55,--,103,180765,卖盘
1995,09:30:36,17.55,--,108,189540,买盘
1996,09:30:30,17.55,0.03,45,78975,买盘
1997,09:30:26,17.52,-0.03,70,122640,卖盘
1998,09:30:21,17.55,0.04,227,398385,买盘
1999,09:30:15,17.51,-0.03,62,108562,卖盘
2000,09:30:09,17.54,--,0,0,买盘
2001,09:30:06,17.54,-0.01,182,319912,中性盘
2002,09:28:44,17.55,--,0,0,买盘
2003,09:25:08,17.55,17.55,375,658125,买盘
