,time,price,change,volume,amount,type
0,15:00:00,9.9,--,0,0,卖盘
1,15:00:00,9.9,--,0,0,卖盘
2,15:00:00,9.9,--,29,28710,卖盘
3,14:59:55,9.9,--,84,83160,卖盘
4,14:59:49,9.9,--,991,981090,买盘
5,14:59:45,9.9,--,92,91080,买盘
6,14:59:34,9.9,--,306,302940,买盘
7,14:59:30,9.9,--,61,60390,买盘
8,14:59:25,9.9,0.01,17,16830,买盘
9,14:59:19,9.89,--,278,275367,卖盘
10,14:59:15,9.89,--,72,71208,卖盘
11,14:59:10,9.89,--,192,190748,买盘
12,14:59:04,9.89,--,99,97911,买盘
13,14:59:00,9.89,--,5,4945,买盘
14,14:58:55,9.89,--,188,185932,买盘
15,14:58:49,9.89,--,0,0,买盘
16,14:58:45,9.89,--,18,17930,卖盘
17,14:58:40,9.89,0.01,23,23607,买盘
18,14:58:34,9.88,-0.01,1255,1240068,卖盘
19,14:58:30,9.89,-0.01,62,61318,卖盘
20,14:58:25,9.9,--,12,11880,买盘
21,14:58:19,9.9,--,20,19800,买盘
22,14:58:15,9.9,0.01,77,76230,买盘
23,14:58:10,9.89,--,280,276920,卖盘
24,14:58:04,9.89,-0.01,37,36593,卖盘
25,14:58:00,9.9,0.01,41,40590,买盘
26,14:57:55,9.89,--,77,76153,卖盘
27,14:57:49,9.89,-0.01,16,15824,卖盘
28,14:57:45,9.9,0.01,26,25740,买盘
29,14:57:40,9.89,--,191,189759,卖盘
30,14:57:34,9.89,-0.01,4,3956,卖盘
31,14:57:30,9.9,--,10,9900,买盘
32,14:57:25,9.9,0.01,200,198000,买盘
33,14:57:15,9.89,-0.01,30,29670,卖盘
34,14:57:09,9.9,--,25,24750,买盘
35,14:57:04,9.9,--,40,39600,买盘
36,14:56:59,9.9,0.01,163,161370,买盘
37,14:56:54,9.89,--,17,16813,买盘
38,14:56:49,9.89,-0.01,89,88021,卖盘
39,14:56:44,9.9,0.01,6,5940,买盘
40,14:56:39,9.89,--,146,144394,卖盘
41,14:56:34,9.89,--,1,989,卖盘
42,14:56:24,9.89,--,152,150328,卖盘
43,14:56:19,9.89,--,45,44505,卖盘
44,14:55:59,9.89,--,12,11868,卖盘
45,14:55:54,9.89,--,26,25714,买盘
46,14:55:49,9.89,--,6,5934,买盘
47,14:55:44,9.89,0.01,290,286810,买盘
48,14:55:39,9.88,--,52,51376,卖盘
49,14:55:29,9.88,-0.01,304,300352,卖盘
50,14:55:19,9.89,--,26,25714,买盘
51,14:55:09,9.89,0.01,17,16813,买盘
52,14:55:04,9.88,--,103,101764,卖盘
53,14:54:49,9.88,--,1,988,卖盘
54,14:54:34,9.88,--,13,12844,卖盘
55,14:54:24,9.88,0.01,40,39520,买盘
56,14:54:09,9.87,-0.01,114,112517,卖盘
57,14:53:59,9.88,0.01,522,515736,买盘
58,14:53:54,9.87,--,49,48362,卖盘
59,14:53:49,9.87,-0.01,86,84882,卖盘
60,14:53:39,9.88,--,200,197600,买盘
61,14:53:29,9.88,--,31,30628,买盘
62,14:53:24,9.88,--,80,79040,买盘
63,14:53:19,9.88,--,5,4940,买盘
64,14:53:13,9.88,--,140,138320,买盘
65,14:53:09,9.88,0.01,11,10868,买盘
66,14:53:04,9.87,-0.01,51,50336,卖盘
67,14:52:54,9.88,--,47,46436,买盘
68,14:52:49,9.88,0.01,188,185744,买盘
69,14:52:43,9.87,-0.01,50,49349,卖盘
70,14:52:39,9.88,--,92,90896,买盘
71,14:52:34,9.88,--,69,68172,买盘
72,14:52:24,9.88,--,139,137332,买盘
73,14:52:19,9.88,--,4,3952,买盘
74,14:52:09,9.88,--,20,19760,买盘
75,14:52:04,9.88,0.01,28,27664,买盘
76,14:51:54,9.87,-0.01,18,17766,卖盘
77,14:51:49,9.88,--,10,9880,买盘
78,14:51:43,9.88,0.01,40,39520,买盘
79,14:51:39,9.87,-0.01,22,21714,卖盘
80,14:51:34,9.88,--,53,52364,买盘
81,14:51:19,9.88,--,140,138320,买盘
82,14:51:09,9.88,--,20,19760,买盘
83,14:51:04,9.88,--,22,21736,买盘
84,14:50:58,9.88,0.01,9,8892,买盘
85,14:50:54,9.87,-0.01,19,18753,卖盘
86,14:50:49,9.88,0.01,12,11856,买盘
87,14:50:43,9.87,-0.01,23,22701,卖盘
88,14:50:39,9.88,--,50,49400,买盘
89,14:50:34,9.88,--,20,19760,买盘
90,14:50:28,9.88,--,149,147212,买盘
91,14:50:18,9.88,--,367,362596,买盘
92,14:50:13,9.88,--,157,155116,买盘
93,14:50:09,9.88,--,59,58292,买盘
94,14:50:03,9.88,--,200,197600,买盘
95,14:49:58,9.88,--,13,12844,买盘
96,14:49:48,9.88,0.01,72,71136,买盘
97,14:49:38,9.87,-0.01,23,22701,卖盘
98,14:49:33,9.88,--,14,13832,买盘
99,14:49:23,9.88,0.01,55,54340,买盘
100,14:49:18,9.87,--,45,44415,买盘
101,14:49:13,9.87,--,111,109556,买盘
102,14:49:08,9.87,--,142,140154,买盘
103,14:49:03,9.87,--,42,41454,买盘
104,14:48:58,9.87,--,4,3947,买盘
105,14:48:48,9.87,--,61,60206,买盘
106,14:48:43,9.87,--,115,113504,买盘
107,14:48:38,9.87,--,194,191477,买盘
108,14:48:33,9.87,--,4,3947,买盘
109,14:48:28,9.87,--,113,111530,买盘
110,14:48:23,9.87,--,1,986,买盘
111,14:48:18,9.87,--,17,16779,买盘
112,14:48:08,9.87,--,19,18753,买盘
113,14:48:03,9.87,0.01,100,98699,买盘
114,14:47:58,9.86,--,45,44370,卖盘
115,14:47:48,9.86,-0.01,27,26622,卖盘
116,14:47:43,9.87,--,13,12830,买盘
117,14:47:33,9.87,--,12,11843,买盘
118,14:47:23,9.87,0.01,12,11843,买盘
119,14:47:13,9.86,--,24,23664,卖盘
120,14:47:03,9.86,--,5,5768,买盘
121,14:46:58,9.86,-0.01,44,43531,卖盘
122,14:46:48,9.87,--,315,310905,买盘
123,14:46:43,9.87,--,12,11843,买盘
124,14:46:33,9.87,--,17,16779,买盘
125,14:46:18,9.87,--,13,12830,买盘
126,14:46:07,9.87,--,62,61193,买盘
127,14:46:03,9.87,--,62,61193,买盘
128,14:45:58,9.87,--,14,13817,买盘
129,14:45:52,9.87,--,24,23687,买盘
130,14:45:48,9.87,--,3,2960,买盘
131,14:45:43,9.87,--,23,22701,买盘
132,14:45:33,9.87,0.01,113,111530,买盘
133,14:45:28,9.86,-0.01,6,5916,卖盘
134,14:45:22,9.87,--,25,24674,买盘
135,14:45:13,9.87,--,33,32570,买盘
136,14:45:03,9.87,0.01,178,175686,买盘
137,14:44:58,9.86,-0.01,5,4930,卖盘
138,14:44:48,9.87,--,12,11843,买盘
139,14:44:43,9.87,--,111,109556,买盘
140,14:44:28,9.87,--,48,47375,买盘
141,14:44:22,9.87,--,118,116465,买盘
142,14:44:18,9.87,--,19,18753,买盘
143,14:44:13,9.87,--,2,1973,买盘
144,14:44:07,9.87,--,12,11843,买盘
145,14:44:03,9.87,--,18,17766,买盘
146,14:43:58,9.87,-0.01,67,66129,卖盘
147,14:43:52,9.88,--,5,4940,买盘
148,14:43:42,9.88,0.02,45,44460,买盘
149,14:43:37,9.86,-0.02,233,229738,卖盘
150,14:43:22,9.88,--,43,42484,买盘
151,14:43:18,9.88,--,11,10868,买盘
152,14:43:12,9.88,--,16,15808,买盘
153,14:43:07,9.88,--,61,60268,买盘
154,14:42:57,9.88,0.01,4,3952,买盘
155,14:42:52,9.87,--,112,110543,卖盘
156,14:42:37,9.87,-0.01,50,49349,卖盘
157,14:42:33,9.88,--,13,12844,买盘
158,14:42:27,9.88,--,6,5928,买盘
159,14:42:22,9.88,--,20,19760,买盘
160,14:42:12,9.88,0.01,16,15808,买盘
161,14:42:07,9.87,-0.01,211,208256,卖盘
162,14:41:57,9.88,--,23,22724,买盘
163,14:41:52,9.88,--,17,16796,买盘
164,14:41:47,9.88,--,213,210444,买盘
165,14:41:42,9.88,--,5,4940,买盘
166,14:41:37,9.88,--,14,13832,买盘
167,14:41:27,9.88,0.01,35,34580,买盘
168,14:41:22,9.87,-0.01,34,33558,卖盘
169,14:41:17,9.88,--,12,11856,买盘
170,14:41:12,9.88,--,35,34580,买盘
171,14:41:02,9.88,0.01,70,69160,买盘
172,14:40:57,9.87,-0.01,90,88830,卖盘
173,14:40:52,9.88,--,5,4940,买盘
174,14:40:42,9.88,--,28,27664,买盘
175,14:40:37,9.88,--,10,9880,买盘
176,14:40:32,9.88,--,9,8892,买盘
177,14:40:22,9.88,0.01,4,3952,买盘
178,14:40:17,9.87,-0.01,12,11843,卖盘
179,14:40:12,9.88,--,39,38532,买盘
180,14:40:02,9.88,--,25,24700,买盘
181,14:39:57,9.88,--,2,1976,买盘
182,14:39:52,9.88,--,12,11856,买盘
183,14:39:47,9.88,--,117,115596,买盘
184,14:39:42,9.88,--,5,4940,买盘
185,14:39:37,9.88,0.01,13,12844,买盘
186,14:39:27,9.87,--,17,16779,卖盘
187,14:39:22,9.87,-0.01,32,31583,卖盘
188,14:39:17,9.88,--,12,11856,买盘
189,14:39:07,9.88,--,126,124488,买盘
190,14:38:46,9.88,--,4,3952,买盘
191,14:38:42,9.88,--,27,26676,买盘
192,14:38:37,9.88,--,40,39520,买盘
193,14:38:22,9.88,--,18,17784,买盘
194,14:38:12,9.88,--,12,11856,买盘
195,14:38:01,9.88,0.01,182,179816,买盘
196,14:37:57,9.87,0.01,12,11843,买盘
197,14:37:52,9.86,--,24,23664,卖盘
198,14:37:46,9.86,-0.01,55,54230,卖盘
199,14:37:42,9.87,0.01,33,32570,买盘
200,14:37:37,9.86,-0.01,40,39440,卖盘
201,14:37:31,9.87,--,5,4935,买盘
202,14:37:27,9.87,--,55,54284,买盘
203,14:37:21,9.87,--,14,13817,买盘
204,14:37:12,9.87,--,30,29609,买盘
205,14:37:06,9.87,--,16,15791,买盘
206,14:37:01,9.87,--,6,5921,买盘
207,14:36:51,9.87,--,21,20727,买盘
208,14:36:46,9.87,--,2,1973,买盘
209,14:36:42,9.87,--,24,23687,买盘
210,14:36:36,9.87,0.01,25,24674,买盘
211,14:36:31,9.86,-0.01,105,103530,卖盘
212,14:36:26,9.87,--,32,31583,买盘
213,14:36:21,9.87,--,53,52310,买盘
214,14:36:16,9.87,--,1,986,买盘
215,14:36:06,9.87,--,18,17766,买盘
216,14:36:01,9.87,--,82,80934,卖盘
217,14:35:51,9.87,-0.01,38,37506,卖盘
218,14:35:46,9.88,--,16,15808,买盘
219,14:35:36,9.88,--,13,12844,买盘
220,14:35:31,9.88,0.01,25,24700,买盘
221,14:35:16,9.87,-0.02,22,21714,卖盘
222,14:35:11,9.89,0.01,65,64285,买盘
223,14:35:06,9.88,--,36,35568,买盘
224,14:35:01,9.88,--,5,4940,买盘
225,14:34:51,9.88,--,18,17784,买盘
226,14:34:46,9.88,--,11,10868,买盘
227,14:34:41,9.88,--,35,34580,买盘
228,14:34:36,9.88,--,11,10868,买盘
229,14:34:31,9.88,--,4,3952,买盘
230,14:34:21,9.88,--,54,53352,买盘
231,14:34:16,9.88,--,103,101764,买盘
232,14:34:11,9.88,--,12,11856,买盘
233,14:34:06,9.88,0.01,5,4940,买盘
234,14:33:56,9.87,-0.01,11,10857,中性盘
235,14:33:51,9.88,0.01,24,23712,买盘
236,14:33:46,9.87,--,2,1973,买盘
237,14:33:36,9.87,0.01,13,12830,买盘
238,14:33:26,9.86,-0.01,79,77894,卖盘
239,14:33:16,9.87,--,5,4935,买盘
240,14:33:11,9.87,--,2,1973,买盘
241,14:33:06,9.87,--,4,3947,买盘
242,14:32:56,9.87,0.01,5,4935,买盘
243,14:32:36,9.86,--,160,158598,买盘
244,14:32:31,9.86,--,2,1972,买盘
245,14:32:26,9.86,--,1,986,买盘
246,14:32:21,9.86,--,551,543286,买盘
247,14:32:16,9.86,0.01,3,2958,买盘
248,14:32:10,9.85,-0.01,43,42355,卖盘
249,14:32:06,9.86,--,292,287912,买盘
250,14:31:51,9.86,--,12,11832,买盘
251,14:31:46,9.86,--,1,986,买盘
252,14:31:41,9.86,--,8,7888,买盘
253,14:31:36,9.86,--,15,14790,买盘
254,14:31:31,9.86,--,16,15776,买盘
255,14:31:25,9.86,--,19,18734,买盘
256,14:31:16,9.86,--,8,7888,买盘
257,14:31:10,9.86,--,28,27608,买盘
258,14:31:06,9.86,--,292,287912,买盘
259,14:31:01,9.86,--,26,25636,买盘
260,14:30:55,9.86,--,4,3944,买盘
261,14:30:36,9.86,--,23,22678,买盘
262,14:30:30,9.86,--,13,12818,买盘
263,14:30:25,9.86,--,2,1972,买盘
264,14:30:15,9.86,--,4,3944,买盘
265,14:30:10,9.86,--,9,8874,买盘
266,14:30:06,9.86,--,11,10846,买盘
267,14:29:50,9.86,0.01,8,7888,买盘
268,14:29:45,9.85,-0.01,54,53190,卖盘
269,14:29:40,9.86,--,3,2958,买盘
270,14:29:35,9.86,0.02,100,98600,买盘
271,14:28:55,9.84,-0.02,1,984,卖盘
272,14:28:45,9.86,--,51,50286,买盘
273,14:28:40,9.86,--,0,0,买盘
274,14:28:30,9.86,--,2,1972,买盘
275,14:28:25,9.86,0.01,107,105502,买盘
276,14:28:15,9.85,-0.01,80,78800,卖盘
277,14:28:05,9.86,--,2,1972,买盘
278,14:27:55,9.86,--,21,20706,买盘
279,14:27:45,9.86,0.01,1,986,买盘
280,14:27:40,9.85,-0.01,55,54175,卖盘
281,14:27:30,9.86,--,42,41412,买盘
282,14:27:15,9.86,0.01,11,10846,买盘
283,14:26:55,9.85,--,7,6895,卖盘
284,14:26:45,9.85,--,7,6895,买盘
285,14:26:40,9.85,--,14,13790,卖盘
286,14:26:30,9.85,--,24,23640,买盘
287,14:26:25,9.85,--,65,64025,买盘
288,14:26:20,9.85,--,11,10835,买盘
289,14:26:10,9.85,--,52,51220,买盘
290,14:26:05,9.85,--,22,21670,买盘
291,14:26:00,9.85,--,2,1970,买盘
292,14:25:55,9.85,0.01,20,19700,买盘
293,14:25:40,9.84,-0.01,2,1968,卖盘
294,14:25:25,9.85,--,6,5910,买盘
295,14:25:20,9.85,0.01,1,985,买盘
296,14:25:15,9.84,-0.01,22,21648,卖盘
297,14:25:10,9.85,--,1,985,买盘
298,14:25:00,9.85,--,2,1970,买盘
299,14:24:40,9.85,--,20,19700,买盘
300,14:24:25,9.85,--,5,4925,买盘
301,14:23:45,9.85,0.01,2,1970,买盘
302,14:23:34,9.84,-0.01,3,2952,卖盘
303,14:23:24,9.85,--,80,78800,买盘
304,14:23:19,9.85,--,1,985,买盘
305,14:23:04,9.85,--,2,1970,买盘
306,14:23:00,9.85,0.01,1,985,买盘
307,14:22:49,9.84,--,8,7872,卖盘
308,14:22:44,9.84,-0.01,105,103320,卖盘
309,14:22:39,9.85,--,10,9850,买盘
310,14:22:34,9.85,--,1,985,买盘
311,14:22:30,9.85,--,19,18715,买盘
312,14:22:24,9.85,--,1,985,买盘
313,14:21:54,9.85,0.01,2,1970,买盘
314,14:21:24,9.84,-0.01,12,11808,卖盘
315,14:21:09,9.85,0.01,2,1970,买盘
316,14:21:04,9.84,--,5,4920,卖盘
317,14:20:49,9.84,-0.01,210,206640,卖盘
318,14:20:39,9.85,--,5,4925,买盘
319,14:20:24,9.85,0.01,2,1970,买盘
320,14:20:19,9.84,--,46,45372,买盘
321,14:20:09,9.84,--,178,175152,买盘
322,14:20:04,9.84,--,21,20664,买盘
323,14:19:54,9.84,0.01,53,52152,买盘
324,14:19:44,9.83,-0.01,12,11796,卖盘
325,14:19:24,9.84,--,50,49200,买盘
326,14:19:19,9.84,-0.01,265,261635,卖盘
327,14:19:14,9.85,--,5,4925,卖盘
328,14:19:04,9.85,--,14,13790,卖盘
329,14:18:59,9.85,--,23,22655,买盘
330,14:18:49,9.85,0.01,20,19700,买盘
331,14:18:34,9.84,-0.01,200,196800,卖盘
332,14:18:24,9.85,--,1,985,买盘
333,14:18:04,9.85,0.01,2,1970,买盘
334,14:17:59,9.84,--,10,9840,卖盘
335,14:17:49,9.84,--,0,29,卖盘
336,14:17:44,9.84,-0.01,10,9840,卖盘
337,14:17:39,9.85,0.01,1,985,买盘
338,14:17:34,9.84,-0.01,2,1968,卖盘
339,14:17:23,9.85,0.01,2,1970,买盘
340,14:17:19,9.84,--,2,2046,卖盘
341,14:17:14,9.84,-0.01,30,29520,卖盘
342,14:17:08,9.85,0.01,1,985,买盘
343,14:17:04,9.84,--,39,38376,卖盘
344,14:16:53,9.84,--,5,4920,卖盘
345,14:16:33,9.84,-0.01,82,80688,卖盘
346,14:16:29,9.85,--,200,197000,买盘
347,14:16:18,9.85,0.01,831,818535,买盘
348,14:16:14,9.84,--,200,196800,卖盘
349,14:16:03,9.84,--,102,100368,卖盘
350,14:15:59,9.84,--,1,984,卖盘
351,14:15:53,9.84,-0.01,49,48216,卖盘
352,14:15:33,9.85,-0.01,875,861875,卖盘
353,14:15:28,9.86,0.01,106,104516,买盘
354,14:15:23,9.85,--,16,15760,卖盘
355,14:15:18,9.85,--,5,4925,卖盘
356,14:15:08,9.85,--,39,38415,卖盘
357,14:15:03,9.85,-0.01,598,589030,卖盘
358,14:14:58,9.86,-0.01,96,94656,卖盘
359,14:14:43,9.87,0.01,1,986,买盘
360,14:14:33,9.86,--,70,69020,卖盘
361,14:14:18,9.86,--,4,3944,买盘
362,14:14:03,9.86,-0.01,7,6902,卖盘
363,14:13:58,9.87,0.02,5,4935,买盘
364,14:13:48,9.85,--,0,0,卖盘
365,14:13:43,9.85,--,8,7880,卖盘
366,14:13:38,9.85,--,96,94560,卖盘
367,14:13:33,9.85,-0.01,796,784060,卖盘
368,14:13:23,9.86,--,0,0,卖盘
369,14:13:18,9.86,--,509,501874,买盘
370,14:13:13,9.86,0.01,100,98600,买盘
371,14:13:03,9.85,--,65,64025,卖盘
372,14:12:58,9.85,--,614,604790,卖盘
373,14:12:53,9.85,-0.01,50,49250,卖盘
374,14:12:48,9.86,--,10,9860,买盘
375,14:12:43,9.86,--,300,295800,买盘
376,14:12:33,9.86,--,45,44370,买盘
377,14:12:28,9.86,0.01,11,10846,买盘
378,14:12:23,9.85,-0.01,230,226550,卖盘
379,14:12:18,9.86,--,12,11832,买盘
380,14:12:08,9.86,--,200,197200,买盘
381,14:12:03,9.86,--,10,9860,买盘
382,14:11:58,9.86,--,5,4930,买盘
383,14:11:48,9.86,0.01,8,7888,买盘
384,14:11:43,9.85,-0.01,96,94560,卖盘
385,14:11:33,9.86,--,1,986,买盘
386,14:11:23,9.86,--,109,107474,买盘
387,14:11:18,9.86,0.01,2,1972,买盘
388,14:11:08,9.85,-0.01,1,985,卖盘
389,14:11:03,9.86,--,11,10846,买盘
390,14:10:58,9.86,--,2,1972,买盘
391,14:10:38,9.86,-0.01,232,228752,卖盘
392,14:10:12,9.87,0.01,1,986,买盘
393,14:10:08,9.86,-0.01,10,9860,卖盘
394,14:09:53,9.87,0.01,1,986,买盘
395,14:09:43,9.86,--,1,986,卖盘
396,14:09:17,9.86,--,12,11832,买盘
397,14:09:12,9.86,--,54,53244,买盘
398,14:08:57,9.86,--,3,2958,买盘
399,14:08:52,9.86,--,42,41412,买盘
400,14:08:47,9.86,-0.02,1889,1862554,卖盘
401,14:08:42,9.88,0.01,155,153140,买盘
402,14:08:38,9.87,--,5,4935,卖盘
403,14:08:27,9.87,-0.01,100,98699,卖盘
404,14:08:02,9.88,--,1,988,买盘
405,14:07:57,9.88,--,16,15808,买盘
406,14:07:37,9.88,--,50,49400,买盘
407,14:07:22,9.88,0.01,2,1976,买盘
408,14:07:12,9.87,--,1,986,卖盘
409,14:07:07,9.87,-0.01,2,1973,卖盘
410,14:07:02,9.88,0.01,2,1976,买盘
411,14:06:52,9.87,-0.01,10,9870,卖盘
412,14:06:42,9.88,0.01,97,95836,买盘
413,14:06:32,9.87,-0.01,45,44415,卖盘
414,14:06:27,9.88,--,1,988,买盘
415,14:06:07,9.88,--,2,1976,买盘
416,14:06:02,9.88,0.01,200,197600,买盘
417,14:05:57,9.87,-0.01,35,34545,卖盘
418,14:05:52,9.88,0.01,1,988,买盘
419,14:05:37,9.87,-0.01,98,96725,卖盘
420,14:05:22,9.88,--,60,59280,买盘
421,14:05:17,9.88,--,11,10868,买盘
422,14:05:07,9.88,--,49,48412,买盘
423,14:04:57,9.88,--,35,34580,买盘
424,14:04:52,9.88,--,2,1976,买盘
425,14:04:42,9.88,--,1,988,买盘
426,14:04:37,9.88,0.01,1,988,买盘
427,14:04:32,9.87,--,0,0,卖盘
428,14:04:27,9.87,-0.01,96,94751,卖盘
429,14:04:01,9.88,--,1,988,卖盘
430,14:03:57,9.88,--,10,9880,卖盘
431,14:03:46,9.88,-0.01,9,8892,卖盘
432,14:03:42,9.89,--,52,51428,买盘
433,14:03:22,9.89,0.01,11,10879,买盘
434,14:03:16,9.88,-0.01,96,94848,卖盘
435,14:03:11,9.89,--,1,989,买盘
436,14:02:46,9.89,0.01,1,989,买盘
437,14:02:22,9.88,-0.01,6,5928,卖盘
438,14:02:16,9.89,0.01,2,1978,买盘
439,14:02:01,9.88,-0.01,96,94848,卖盘
440,14:01:51,9.89,0.01,1,989,买盘
441,14:01:46,9.88,--,2,1976,卖盘
442,14:01:31,9.88,-0.01,1,988,卖盘
443,14:01:21,9.89,0.01,5,4945,买盘
444,14:01:16,9.88,-0.01,10,9880,卖盘
445,14:00:56,9.89,--,10,9890,买盘
446,14:00:46,9.89,0.01,2,1978,买盘
447,14:00:36,9.88,-0.01,10,9880,卖盘
448,14:00:31,9.89,--,6,5934,买盘
449,14:00:16,9.89,--,7,6923,买盘
450,14:00:01,9.89,--,3,2967,卖盘
451,13:59:51,9.89,--,30,29670,卖盘
452,13:59:46,9.89,--,55,54395,卖盘
453,13:59:36,9.89,--,17,16813,卖盘
454,13:59:31,9.89,--,25,24725,买盘
455,13:59:26,9.89,--,6,5934,买盘
456,13:59:11,9.89,--,5,4945,买盘
457,13:59:06,9.89,--,2,1978,买盘
458,13:59:01,9.89,--,10,9890,买盘
459,13:58:51,9.89,--,51,50439,卖盘
460,13:58:46,9.89,-0.01,24,23736,卖盘
461,13:58:41,9.9,--,5,4950,买盘
462,13:58:31,9.9,0.01,3,2970,买盘
463,13:58:26,9.89,-0.01,96,94944,卖盘
464,13:58:01,9.9,0.01,16,15840,买盘
465,13:57:46,9.89,-0.01,30,29670,卖盘
466,13:57:41,9.9,--,4,3960,买盘
467,13:57:36,9.9,--,2,1980,买盘
468,13:57:31,9.9,--,17,16830,买盘
469,13:57:21,9.9,0.01,3,2970,买盘
470,13:57:16,9.89,-0.01,150,148350,卖盘
471,13:57:06,9.9,--,2,1980,买盘
472,13:56:56,9.9,--,20,19800,买盘
473,13:56:51,9.9,--,130,128700,买盘
474,13:56:46,9.9,--,22,21780,买盘
475,13:56:36,9.9,--,504,498960,买盘
476,13:56:31,9.9,0.01,20,19800,买盘
477,13:56:21,9.89,-0.01,80,79120,卖盘
478,13:56:16,9.9,0.01,472,467280,买盘
479,13:56:11,9.89,0.01,56,55384,买盘
480,13:56:05,9.88,-0.01,10,9880,卖盘
481,13:56:01,9.89,--,11,10879,买盘
482,13:55:55,9.89,--,42,41538,买盘
483,13:55:46,9.89,--,40,39560,买盘
484,13:55:40,9.89,--,1,989,买盘
485,13:55:35,9.89,--,50,49450,买盘
486,13:55:31,9.89,--,35,34615,买盘
487,13:55:25,9.89,--,2,1978,买盘
488,13:55:20,9.89,--,171,169119,买盘
489,13:55:15,9.89,--,88,87032,买盘
490,13:55:10,9.89,--,204,201756,买盘
491,13:55:05,9.89,--,2,1978,买盘
492,13:54:55,9.89,--,25,24725,买盘
493,13:54:45,9.89,0.01,242,239338,买盘
494,13:54:40,9.88,-0.01,16,15808,卖盘
495,13:54:30,9.89,--,12,11868,买盘
496,13:54:25,9.89,--,1,989,买盘
497,13:54:10,9.89,--,2,1978,买盘
498,13:54:00,9.89,--,1,989,买盘
499,13:53:50,9.89,--,2,1978,买盘
500,13:53:45,9.89,--,101,99889,买盘
501,13:53:40,9.89,--,1,989,买盘
502,13:53:35,9.89,--,1,989,买盘
503,13:53:30,9.89,0.01,2,1978,买盘
504,13:53:25,9.88,--,20,19760,卖盘
505,13:53:15,9.88,-0.01,14,13832,卖盘
506,13:53:10,9.89,0.01,1,989,买盘
507,13:53:05,9.88,-0.01,78,77064,卖盘
508,13:53:00,9.89,--,2,1978,买盘
509,13:52:55,9.89,--,1,989,买盘
510,13:52:40,9.89,--,2,1978,买盘
511,13:52:30,9.89,0.01,1,989,买盘
512,13:52:25,9.88,-0.01,3,2964,卖盘
513,13:52:10,9.89,0.01,1,989,买盘
514,13:52:05,9.88,-0.01,1,988,卖盘
515,13:52:00,9.89,0.01,60,59438,买盘
516,13:51:45,9.88,--,67,66196,买盘
517,13:51:40,9.88,--,23,22724,买盘
518,13:51:25,9.88,-0.01,104,103641,卖盘
519,13:51:20,9.89,0.01,30,29670,买盘
520,13:51:15,9.88,--,146,144248,卖盘
521,13:50:45,9.88,--,47,46436,卖盘
522,13:50:40,9.88,--,37,36654,卖盘
523,13:50:10,9.88,0.01,45,44460,买盘
524,13:50:05,9.87,-0.02,96,94751,卖盘
525,13:50:00,9.89,0.01,10,9890,买盘
526,13:49:55,9.88,--,1,988,卖盘
527,13:49:40,9.88,--,100,98800,卖盘
528,13:49:25,9.88,--,500,494000,卖盘
529,13:49:20,9.88,-0.01,20,19760,卖盘
530,13:49:15,9.89,0.01,10,9890,买盘
531,13:49:10,9.88,-0.01,500,494000,卖盘
532,13:48:44,9.89,--,20,19780,买盘
533,13:48:39,9.89,--,20,19780,买盘
534,13:48:24,9.89,--,130,128570,买盘
535,13:48:14,9.89,-0.01,416,411424,卖盘
536,13:48:10,9.9,0.01,80,79200,买盘
537,13:47:59,9.89,--,5,4945,买盘
538,13:47:49,9.89,--,200,197800,买盘
539,13:47:39,9.89,--,10,9890,买盘
540,13:47:34,9.89,--,10,9890,买盘
541,13:47:29,9.89,--,9,8901,买盘
542,13:47:24,9.89,--,4,3956,买盘
543,13:47:09,9.89,-0.01,71,70219,卖盘
544,13:46:54,9.9,0.01,159,157410,买盘
545,13:46:49,9.89,--,50,49450,买盘
546,13:46:44,9.89,--,10,9890,买盘
547,13:46:39,9.89,--,9,8901,买盘
548,13:46:24,9.89,-0.01,123,121884,卖盘
549,13:46:19,9.9,--,8,7920,买盘
550,13:46:14,9.9,0.01,52,51480,买盘
551,13:46:09,9.89,-0.01,4,4707,卖盘
552,13:45:59,9.9,0.01,10,9900,买盘
553,13:45:54,9.89,-0.01,44,43516,卖盘
554,13:45:49,9.9,--,1,990,买盘
555,13:45:44,9.9,--,1,990,买盘
556,13:45:39,9.9,0.01,52,51480,买盘
557,13:45:34,9.89,-0.01,123,121647,卖盘
558,13:45:24,9.9,0.01,1,990,买盘
559,13:45:19,9.89,--,22,21758,买盘
560,13:45:14,9.89,--,22,21758,买盘
561,13:45:09,9.89,--,3,2967,买盘
562,13:45:04,9.89,0.01,301,297689,买盘
563,13:44:54,9.88,-0.01,15,14820,卖盘
564,13:44:49,9.89,--,18,17802,买盘
565,13:44:39,9.89,--,2,1978,买盘
566,13:44:34,9.89,--,25,24725,买盘
567,13:44:29,9.89,--,8,7912,买盘
568,13:44:24,9.89,--,1,989,买盘
569,13:44:19,9.89,--,1,989,买盘
570,13:44:14,9.89,--,30,29670,买盘
571,13:44:04,9.89,--,21,20769,买盘
572,13:43:54,9.89,--,50,49450,买盘
573,13:43:49,9.89,--,10,9890,买盘
574,13:43:39,9.89,0.01,30,29670,买盘
575,13:43:34,9.88,-0.01,2,1976,中性盘
576,13:43:29,9.89,0.01,159,157251,买盘
577,13:43:24,9.88,--,20,19760,买盘
578,13:43:14,9.88,--,1,988,买盘
579,13:43:04,9.88,--,56,55328,卖盘
580,13:42:59,9.88,--,12,11856,买盘
581,13:42:49,9.88,--,66,65208,买盘
582,13:42:44,9.88,--,4,3952,买盘
583,13:42:39,9.88,--,4,3952,买盘
584,13:42:34,9.88,--,61,60268,买盘
585,13:42:28,9.88,--,1,988,买盘
586,13:42:24,9.88,0.01,10,9880,买盘
587,13:42:19,9.87,--,3,2960,卖盘
588,13:42:09,9.87,-0.01,41,40467,卖盘
589,13:42:03,9.88,0.01,12,11856,买盘
590,13:41:59,9.87,-0.01,14,13817,卖盘
591,13:41:53,9.88,--,10,9880,买盘
592,13:41:48,9.88,--,19,18772,买盘
593,13:41:43,9.88,0.01,64,63232,买盘
594,13:41:38,9.87,-0.01,100,98699,卖盘
595,13:41:34,9.88,--,4,3952,买盘
596,13:41:29,9.88,0.01,1,988,买盘
597,13:41:23,9.87,--,1,986,卖盘
598,13:41:18,9.87,-0.01,11,10857,卖盘
599,13:41:13,9.88,--,7,6916,买盘
600,13:41:03,9.88,--,3,2964,买盘
601,13:40:59,9.88,0.01,33,32604,买盘
602,13:40:53,9.87,--,96,94751,卖盘
603,13:40:48,9.87,-0.01,542,534954,卖盘
604,13:40:43,9.88,--,2,1976,买盘
605,13:40:28,9.88,--,6,5928,买盘
606,13:40:13,9.88,--,3,2964,买盘
607,13:40:03,9.88,--,4,3952,买盘
608,13:39:58,9.88,0.01,9,8892,买盘
609,13:39:48,9.87,-0.01,22,21714,卖盘
610,13:39:43,9.88,--,50,49400,买盘
611,13:39:38,9.88,--,1,988,买盘
612,13:39:33,9.88,--,20,19760,买盘
613,13:39:28,9.88,0.01,2,1976,买盘
614,13:39:18,9.87,--,7,6908,卖盘
615,13:39:03,9.87,-0.01,27,26648,卖盘
616,13:38:53,9.88,--,60,59280,买盘
617,13:38:48,9.88,--,2,1976,买盘
618,13:38:43,9.88,--,1,988,买盘
619,13:38:33,9.88,--,2,1976,买盘
620,13:38:28,9.88,--,2,1976,买盘
621,13:38:23,9.88,--,60,59280,卖盘
622,13:38:18,9.88,--,5,4940,卖盘
623,13:38:13,9.88,-0.01,32,31616,卖盘
624,13:38:08,9.89,--,8,7912,买盘
625,13:38:03,9.89,--,17,16813,买盘
626,13:37:58,9.89,--,31,30659,买盘
627,13:37:53,9.89,0.01,9,8901,买盘
628,13:37:48,9.88,-0.01,10,9880,卖盘
629,13:37:38,9.89,0.01,1,989,买盘
630,13:37:28,9.88,-0.01,7,6916,卖盘
631,13:37:18,9.89,--,1,989,买盘
632,13:37:13,9.89,--,10,9890,买盘
633,13:37:08,9.89,--,1,989,买盘
634,13:37:03,9.89,--,10,9890,买盘
635,13:36:58,9.89,--,2,1978,买盘
636,13:36:48,9.89,--,33,32637,卖盘
637,13:36:43,9.89,-0.01,19,18791,卖盘
638,13:36:38,9.9,--,3,2970,买盘
639,13:36:33,9.9,--,2,1980,买盘
640,13:36:28,9.9,0.01,1,990,买盘
641,13:36:23,9.89,--,42,41538,卖盘
642,13:36:13,9.89,--,42,41538,卖盘
643,13:36:03,9.89,-0.01,7,6923,卖盘
644,13:35:58,9.9,0.01,2,1980,买盘
645,13:35:48,9.89,-0.01,30,29670,卖盘
646,13:35:43,9.9,--,2,1980,买盘
647,13:35:38,9.9,0.01,1,990,买盘
648,13:35:33,9.89,-0.01,55,54395,卖盘
649,13:35:28,9.9,--,11,10890,买盘
650,13:35:17,9.9,--,9,8910,买盘
651,13:35:13,9.9,--,10,9900,买盘
652,13:35:08,9.9,--,2,1980,买盘
653,13:35:02,9.9,--,26,25740,卖盘
654,13:34:58,9.9,--,257,254430,卖盘
655,13:34:47,9.9,--,62,61380,买盘
656,13:34:43,9.9,-0.01,54,53460,卖盘
657,13:34:32,9.91,0.01,1,991,买盘
658,13:34:28,9.9,--,42,41580,买盘
659,13:34:23,9.9,--,93,92070,买盘
660,13:34:17,9.9,--,127,125730,买盘
661,13:34:13,9.9,--,1,990,买盘
662,13:34:08,9.9,--,80,79200,买盘
663,13:34:02,9.9,--,26,25740,卖盘
664,13:33:58,9.9,--,10,9900,卖盘
665,13:33:52,9.9,--,200,198000,买盘
666,13:33:46,9.9,-0.01,10,9900,买盘
667,13:33:42,9.91,0.01,202,200182,买盘
668,13:33:37,9.9,--,468,463320,卖盘
669,13:33:32,9.9,-0.01,20,19800,卖盘
670,13:33:28,9.91,0.01,285,282435,买盘
671,13:33:23,9.9,--,181,179190,买盘
672,13:33:17,9.9,--,319,315810,买盘
673,13:33:12,9.9,--,110,108900,买盘
674,13:33:07,9.9,--,167,165330,买盘
675,13:33:02,9.9,--,30,29700,买盘
676,13:32:57,9.9,--,465,460350,买盘
677,13:32:52,9.9,--,92,91080,买盘
678,13:32:47,9.9,--,89,88110,买盘
679,13:32:42,9.9,--,73,72270,买盘
680,13:32:37,9.9,--,255,252450,买盘
681,13:32:32,9.9,--,5,4950,买盘
682,13:32:27,9.9,--,41,40590,买盘
683,13:32:22,9.9,--,47,46530,买盘
684,13:32:12,9.9,--,676,669240,买盘
685,13:32:07,9.9,0.01,1,990,买盘
686,13:32:02,9.89,0.02,38,37582,买盘
687,13:31:57,9.87,-0.02,295,291165,卖盘
688,13:31:52,9.89,--,70,69230,买盘
689,13:31:47,9.89,--,42,41538,买盘
690,13:31:42,9.89,--,248,245272,卖盘
691,13:31:37,9.89,-0.01,85,84065,卖盘
692,13:31:31,9.9,--,22,21780,买盘
693,13:31:27,9.9,0.01,35,34650,买盘
694,13:31:22,9.89,-0.01,282,278898,卖盘
695,13:31:17,9.9,--,10,9900,卖盘
696,13:31:12,9.9,-0.01,271,268290,卖盘
697,13:31:07,9.91,--,12,11892,买盘
698,13:31:02,9.91,--,36,35676,买盘
699,13:30:57,9.91,--,94,93154,买盘
700,13:30:52,9.91,--,157,155587,买盘
701,13:30:47,9.91,--,14,13874,买盘
702,13:30:42,9.91,--,86,85226,买盘
703,13:30:37,9.91,--,80,79280,买盘
704,13:30:27,9.91,0.01,71,70361,买盘
705,13:30:22,9.9,0.02,420,415800,买盘
706,13:30:17,9.88,--,51,50388,买盘
707,13:30:12,9.88,--,73,72124,买盘
708,13:30:07,9.88,-0.01,131,129428,卖盘
709,13:29:57,9.89,-0.01,150,148350,中性盘
710,13:29:52,9.9,--,32,31680,买盘
711,13:29:46,9.9,--,82,81180,买盘
712,13:29:37,9.9,--,76,75240,买盘
713,13:29:31,9.9,-0.01,37,36877,卖盘
714,13:29:27,9.91,0.01,38,37658,买盘
715,13:29:22,9.9,-0.01,136,134640,卖盘
716,13:29:16,9.91,--,9,8919,买盘
717,13:29:12,9.91,--,131,129821,买盘
718,13:29:07,9.91,--,347,343877,买盘
719,13:29:01,9.91,--,126,124866,卖盘
720,13:28:57,9.91,--,89,88199,卖盘
721,13:28:52,9.91,0.01,280,277480,买盘
722,13:28:46,9.9,-0.01,43,42570,卖盘
723,13:28:42,9.91,--,160,158560,买盘
724,13:28:37,9.91,0.01,82,82005,买盘
725,13:28:31,9.9,--,80,79200,买盘
726,13:28:27,9.9,0.01,82,81180,买盘
727,13:28:22,9.89,--,35,34862,卖盘
728,13:28:16,9.89,-0.01,223,221288,卖盘
729,13:28:12,9.9,0.02,187,185130,买盘
730,13:28:07,9.88,0.01,409,404092,买盘
731,13:28:01,9.87,-0.02,60,59219,中性盘
732,13:27:57,9.89,0.02,958,947462,买盘
733,13:27:52,9.87,0.01,4,3947,买盘
734,13:27:46,9.86,-0.01,10,9860,买盘
735,13:27:42,9.87,--,879,867572,买盘
736,13:27:37,9.87,0.01,1305,1288035,买盘
737,13:27:31,9.86,0.01,201,198186,买盘
738,13:27:27,9.85,-0.01,2,1970,卖盘
739,13:27:22,9.86,0.01,878,865708,买盘
740,13:27:16,9.85,0.02,806,794107,买盘
741,13:27:10,9.83,--,103,101249,买盘
742,13:27:06,9.83,0.01,116,114028,买盘
743,13:27:01,9.82,--,2,1964,买盘
744,13:26:51,9.82,--,90,89283,买盘
745,13:26:46,9.82,--,1,982,买盘
746,13:26:40,9.82,--,3,2946,买盘
747,13:26:36,9.82,--,2,1964,买盘
748,13:26:31,9.82,--,96,95057,卖盘
749,13:26:21,9.82,-0.01,50,49100,卖盘
750,13:26:16,9.83,0.01,1,983,买盘
751,13:26:10,9.82,-0.01,15,14730,卖盘
752,13:26:07,9.83,--,3,2949,买盘
753,13:26:01,9.83,--,5,4915,买盘
754,13:25:51,9.83,--,7,6881,买盘
755,13:25:40,9.83,--,98,96334,买盘
756,13:25:36,9.83,0.01,76,74708,买盘
757,13:25:31,9.82,-0.01,4,3928,卖盘
758,13:25:16,9.83,--,240,235920,卖盘
759,13:24:25,9.83,-0.01,1,983,卖盘
760,13:24:06,9.84,--,20,19680,买盘
761,13:23:51,9.84,--,2,1968,买盘
762,13:22:46,9.84,--,28,27552,买盘
763,13:22:21,9.84,0.01,16,15744,买盘
764,13:22:06,9.83,--,9,8847,卖盘
765,13:21:36,9.83,--,20,19660,买盘
766,13:21:31,9.83,--,4,3932,买盘
767,13:20:40,9.83,0.01,5,4915,买盘
768,13:20:21,9.82,--,8,7856,卖盘
769,13:20:00,9.82,-0.01,1,982,卖盘
770,13:19:46,9.83,--,9,8847,买盘
771,13:19:15,9.83,--,20,19660,买盘
772,13:18:55,9.83,--,61,59963,卖盘
773,13:18:45,9.83,--,30,29490,卖盘
774,13:18:30,9.83,--,71,69793,卖盘
775,13:18:15,9.83,--,5,4915,卖盘
776,13:18:10,9.83,-0.01,35,34405,卖盘
777,13:17:55,9.84,0.01,2,1968,买盘
778,13:17:30,9.83,-0.01,1,983,卖盘
779,13:17:25,9.84,--,15,14760,买盘
780,13:17:15,9.84,0.01,3,2952,买盘
781,13:16:34,9.83,-0.01,300,294900,卖盘
782,13:16:30,9.84,0.01,18,17712,买盘
783,13:16:25,9.83,-0.01,12,11796,卖盘
784,13:16:10,9.84,--,14,13776,卖盘
785,13:16:04,9.84,--,25,24600,卖盘
786,13:16:00,9.84,--,89,87576,买盘
787,13:15:55,9.84,0.01,2,1968,买盘
788,13:15:45,9.83,-0.01,17,16711,卖盘
789,13:15:30,9.84,--,2,1968,买盘
790,13:15:19,9.84,--,1,984,买盘
791,13:15:10,9.84,--,2,1968,买盘
792,13:14:55,9.84,--,1,984,买盘
793,13:14:49,9.84,--,2,1968,买盘
794,13:14:40,9.84,--,1,984,买盘
795,13:14:30,9.84,-0.01,21,21638,卖盘
796,13:14:25,9.85,--,2,1970,买盘
797,13:14:15,9.85,0.01,1,985,买盘
798,13:14:10,9.84,--,28,27561,买盘
799,13:14:00,9.84,--,2,1968,买盘
800,13:13:54,9.84,--,6,5904,买盘
801,13:13:40,9.84,--,2,1968,买盘
802,13:13:28,9.84,--,11,10824,买盘
803,13:13:25,9.84,-0.01,5,5894,卖盘
804,13:13:19,9.85,0.01,16,15769,买盘
805,13:13:13,9.84,0.01,7,6888,买盘
806,13:13:04,9.83,-0.01,91,89453,卖盘
807,13:12:58,9.84,--,5,4920,买盘
808,13:12:54,9.84,--,1,984,买盘
809,13:12:43,9.84,--,22,21648,买盘
810,13:12:39,9.84,--,4,3936,买盘
811,13:12:34,9.84,--,1,984,买盘
812,13:12:19,9.84,--,2,1968,买盘
813,13:12:09,9.84,--,3,2952,买盘
814,13:12:04,9.84,--,7,6888,买盘
815,13:11:54,9.84,--,1,984,买盘
816,13:11:39,9.84,--,6,5904,买盘
817,13:11:24,9.84,--,1,984,买盘
818,13:11:13,9.84,--,2,1968,买盘
819,13:11:09,9.84,-0.01,30,30494,卖盘
820,13:10:58,9.85,--,2,1970,买盘
821,13:10:49,9.85,--,6,5910,买盘
822,13:10:43,9.85,0.01,4,3940,买盘
823,13:10:39,9.84,-0.01,5,4920,卖盘
824,13:10:34,9.85,--,6,5910,买盘
825,13:10:24,9.85,--,1,985,买盘
826,13:10:19,9.85,--,5,4925,买盘
827,13:10:08,9.85,--,1,985,买盘
828,13:10:04,9.85,--,39,38415,买盘
829,13:09:49,9.85,--,11,10835,买盘
830,13:09:39,9.85,--,2,1970,买盘
831,13:09:34,9.85,--,1,985,买盘
832,13:09:24,9.85,--,1,985,买盘
833,13:09:19,9.85,0.01,2,1970,买盘
834,13:09:09,9.84,-0.01,50,49200,卖盘
835,13:09:04,9.85,--,1,985,买盘
836,13:08:54,9.85,--,2,1970,买盘
837,13:08:43,9.85,0.01,1,985,买盘
838,13:08:39,9.84,-0.01,29,28536,卖盘
839,13:08:34,9.85,--,2,1970,买盘
840,13:08:24,9.85,--,10,9850,买盘
841,13:08:09,9.85,--,101,99485,买盘
842,13:08:04,9.85,--,2,1970,买盘
843,13:07:49,9.85,0.01,1,985,买盘
844,13:07:43,9.84,-0.01,10,9840,卖盘
845,13:07:34,9.85,--,2,1970,买盘
846,13:07:24,9.85,--,1,985,买盘
847,13:07:13,9.85,--,2,1970,买盘
848,13:07:09,9.85,0.01,1,985,买盘
849,13:07:04,9.84,-0.01,16,15744,卖盘
850,13:06:58,9.85,--,5,4925,买盘
851,13:06:53,9.85,--,2,1970,买盘
852,13:06:48,9.85,--,50,49250,买盘
853,13:06:39,9.85,0.01,1,985,买盘
854,13:06:28,9.84,-0.01,1,993,卖盘
855,13:06:19,9.85,--,2,1970,买盘
856,13:06:08,9.85,--,2,1970,买盘
857,13:06:04,9.85,--,2,1970,买盘
858,13:05:58,9.85,--,1,985,买盘
859,13:05:52,9.85,--,2,1970,买盘
860,13:05:48,9.85,--,1,985,买盘
861,13:05:43,9.85,--,2,1970,买盘
862,13:05:28,9.85,--,1,985,买盘
863,13:05:13,9.85,--,2,1970,买盘
864,13:05:03,9.85,0.01,45,44325,买盘
865,13:04:52,9.84,-0.01,12,11808,卖盘
866,13:04:48,9.85,--,3,2955,买盘
867,13:04:43,9.85,--,21,20685,买盘
868,13:04:28,9.85,--,2,1970,买盘
869,13:04:18,9.85,--,1,985,买盘
870,13:04:07,9.85,--,2,1970,买盘
871,13:03:58,9.85,--,1,985,买盘
872,13:03:48,9.85,--,1,985,买盘
873,13:03:37,9.85,0.02,2,1970,买盘
874,13:03:33,9.83,--,0,0,卖盘
875,13:03:28,9.83,-0.02,41,40303,卖盘
876,13:03:13,9.85,--,2,1970,买盘
877,13:02:58,9.85,0.02,111,109335,买盘
878,13:02:52,9.83,--,2,1966,买盘
879,13:02:37,9.83,--,1,983,买盘
880,13:02:33,9.83,--,2,1966,买盘
881,13:02:18,9.83,--,44,43252,卖盘
882,13:02:07,9.83,-0.01,13,12779,卖盘
883,13:01:58,9.84,--,1,984,买盘
884,13:01:43,9.84,0.01,22,21648,买盘
885,13:01:37,9.83,-0.01,39,38337,卖盘
886,13:01:33,9.84,-0.01,3,2952,卖盘
887,13:01:28,9.85,--,2,1970,买盘
888,13:01:22,9.85,--,10,9850,买盘
889,13:01:13,9.85,--,2,1970,买盘
890,13:01:07,9.85,--,3,2955,买盘
891,13:01:03,9.85,--,8,7880,买盘
892,13:00:48,9.85,--,2,1970,买盘
893,13:00:37,9.85,--,1,985,买盘
894,13:00:28,9.85,-0.01,2,1970,买盘
895,13:00:18,9.86,--,0,0,买盘
896,13:00:13,9.86,0.03,1,986,买盘
897,13:00:07,9.83,-0.02,320,314560,卖盘
898,13:00:03,9.85,0.01,328,323080,买盘
899,11:30:00,9.84,--,0,0,买盘
900,11:29:59,9.84,--,0,0,买盘
901,11:29:53,9.84,--,12,11808,买盘
902,11:29:38,9.84,--,2,1968,买盘
903,11:29:33,9.84,--,2,1968,买盘
904,11:29:23,9.84,--,1,984,买盘
905,11:29:18,9.84,--,40,39360,买盘
906,11:29:08,9.84,--,1,984,买盘
907,11:29:03,9.84,--,15,14760,买盘
908,11:28:58,9.84,--,2,1968,买盘
909,11:28:48,9.84,--,1,984,买盘
910,11:28:38,9.84,--,12,11808,买盘
911,11:28:23,9.84,--,5,4920,买盘
912,11:28:18,9.84,--,2,1968,买盘
913,11:28:03,9.84,0.01,6,5904,买盘
914,11:27:53,9.83,-0.01,3,2949,卖盘
915,11:27:38,9.84,0.01,1,984,买盘
916,11:27:33,9.83,-0.01,3,2949,卖盘
917,11:27:18,9.84,0.01,22,21648,买盘
918,11:26:42,9.83,-0.01,54,53082,卖盘
919,11:26:23,9.84,--,9,8856,买盘
920,11:26:12,9.84,0.01,100,98400,买盘
921,11:25:57,9.83,--,5,4915,卖盘
922,11:25:33,9.83,--,1,983,卖盘
923,11:24:57,9.83,-0.01,5,5475,卖盘
924,11:24:42,9.84,0.01,20,19680,买盘
925,11:24:38,9.83,--,10,9830,卖盘
926,11:24:27,9.83,--,10,9830,卖盘
927,11:24:12,9.83,--,10,9830,卖盘
928,11:24:08,9.83,--,6,5898,卖盘
929,11:24:03,9.83,--,25,24575,卖盘
930,11:23:48,9.83,--,45,45178,卖盘
931,11:23:42,9.83,--,10,10400,卖盘
932,11:23:37,9.83,--,21,20643,卖盘
933,11:23:22,9.83,-0.01,68,66844,卖盘
934,11:22:57,9.84,--,1,984,买盘
935,11:22:42,9.84,0.01,20,19680,买盘
936,11:22:32,9.83,-0.01,62,60946,卖盘
937,11:22:22,9.84,--,10,9840,买盘
938,11:22:07,9.84,--,130,127920,卖盘
939,11:21:47,9.84,--,1,984,买盘
940,11:21:42,9.84,-0.01,10,9840,卖盘
941,11:21:07,9.85,--,10,9850,买盘
942,11:20:57,9.85,--,2,1970,买盘
943,11:20:47,9.85,--,0,0,买盘
944,11:20:02,9.85,--,1,985,买盘
945,11:19:57,9.85,--,4,3940,买盘
946,11:19:52,9.85,--,12,11820,买盘
947,11:19:47,9.85,0.01,104,102440,买盘
948,11:19:42,9.84,0.01,108,106272,买盘
949,11:19:37,9.83,--,52,51116,买盘
950,11:19:32,9.83,--,4,3932,买盘
951,11:19:27,9.83,0.01,1,983,买盘
952,11:18:36,9.82,-0.01,74,72668,卖盘
953,11:18:02,9.83,0.01,10,9830,买盘
954,11:17:57,9.82,-0.01,15,14730,卖盘
955,11:17:51,9.83,--,16,15728,买盘
956,11:17:21,9.83,-0.01,29,28507,卖盘
957,11:17:06,9.84,--,1,984,买盘
958,11:16:51,9.84,0.01,2,1968,买盘
959,11:16:42,9.83,-0.01,6,5898,卖盘
960,11:16:17,9.84,--,67,65928,买盘
961,11:16:12,9.84,--,0,0,买盘
962,11:15:57,9.84,0.01,105,103320,买盘
963,11:15:51,9.83,-0.01,4,3932,卖盘
964,11:15:47,9.84,0.01,74,72816,买盘
965,11:15:31,9.83,-0.01,83,81589,卖盘
966,11:15:26,9.84,--,1,984,买盘
967,11:15:21,9.84,0.01,2,1968,买盘
968,11:15:11,9.83,--,20,19660,卖盘
969,11:14:26,9.83,--,84,82572,买盘
970,11:13:51,9.83,-0.01,7,6881,卖盘
971,11:13:16,9.84,--,0,0,买盘
972,11:13:11,9.84,0.02,2,1968,买盘
973,11:13:06,9.82,-0.01,11,11342,卖盘
974,11:12:56,9.83,--,51,50133,卖盘
975,11:12:51,9.83,--,0,9,卖盘
976,11:12:46,9.83,-0.01,1,983,卖盘
977,11:12:36,9.84,0.01,20,20585,买盘
978,11:12:21,9.83,--,14,13762,卖盘
979,11:12:16,9.83,--,0,157,卖盘
980,11:12:11,9.83,--,18,17694,卖盘
981,11:11:21,9.83,-0.01,30,29490,卖盘
982,11:11:11,9.84,--,17,16728,买盘
983,11:11:06,9.84,--,19,18696,买盘
984,11:11:01,9.84,--,5,4920,买盘
985,11:10:51,9.84,--,7,6888,买盘
986,11:10:31,9.84,--,38,37392,买盘
987,11:10:21,9.84,--,2,1968,买盘
988,11:10:00,9.84,--,3,2952,买盘
989,11:09:51,9.84,--,20,19680,买盘
990,11:09:36,9.84,--,2,1968,买盘
991,11:09:26,9.84,--,2,1968,买盘
992,11:09:15,9.84,--,2,1968,买盘
993,11:09:06,9.84,--,50,49200,买盘
994,11:09:00,9.84,--,2,1968,买盘
995,11:08:56,9.84,--,1,984,买盘
996,11:08:51,9.84,-0.01,58,57072,卖盘
997,11:08:45,9.85,--,2,1970,买盘
998,11:08:40,9.85,--,2,1970,买盘
999,11:08:36,9.85,--,2,1970,买盘
1000,11:08:25,9.85,--,3,2955,买盘
1001,11:08:20,9.85,0.02,2,1970,买盘
1002,11:08:15,9.83,-0.02,3,2949,卖盘
1003,11:08:05,9.85,--,2,1970,买盘
1004,11:08:00,9.85,--,5,4925,买盘
1005,11:07:50,9.85,--,1,985,买盘
1006,11:07:45,9.85,0.02,235,231475,买盘
1007,11:07:35,9.83,--,7,6881,买盘
1008,11:07:20,9.83,-0.02,426,418758,卖盘
1009,11:07:15,9.85,--,1,985,买盘
1010,11:07:00,9.85,--,2,1970,买盘
1011,11:06:50,9.85,--,26,25610,买盘
1012,11:06:45,9.85,--,2,1970,买盘
1013,11:06:35,9.85,--,2,1970,买盘
1014,11:06:25,9.85,--,2,1970,买盘
1015,11:06:15,9.85,--,2,1970,买盘
1016,11:06:05,9.85,--,1,985,买盘
1017,11:05:55,9.85,--,2,1970,买盘
1018,11:05:50,9.85,-0.01,3,2955,卖盘
1019,11:05:45,9.86,0.01,10,9860,买盘
1020,11:05:35,9.85,-0.01,102,100470,卖盘
1021,11:05:30,9.86,--,1,986,买盘
1022,11:05:20,9.86,0.01,1,986,买盘
1023,11:05:15,9.85,--,130,128050,买盘
1024,11:05:10,9.85,--,2,1970,买盘
1025,11:05:05,9.85,--,0,0,买盘
1026,11:05:00,9.85,--,7,6895,买盘
1027,11:04:55,9.85,--,10,9850,买盘
1028,11:04:45,9.85,--,20,19700,买盘
1029,11:04:35,9.85,--,2,1970,买盘
1030,11:04:30,9.85,--,1,985,买盘
1031,11:04:25,9.85,0.01,18,17730,买盘
1032,11:04:15,9.84,--,16,15744,卖盘
1033,11:04:10,9.84,--,16,15744,卖盘
1034,11:04:05,9.84,--,14,13776,买盘
1035,11:03:55,9.84,-0.01,12,11808,卖盘
1036,11:03:45,9.85,--,17,16745,买盘
1037,11:03:30,9.85,--,1,985,买盘
1038,11:03:25,9.85,--,53,52205,买盘
1039,11:03:15,9.85,--,2,1970,买盘
1040,11:03:10,9.85,--,12,11820,买盘
1041,11:03:05,9.85,-0.01,4,3940,卖盘
1042,11:02:55,9.86,0.01,14,13804,买盘
1043,11:02:45,9.85,--,36,35460,买盘
1044,11:02:39,9.85,--,17,16745,买盘
1045,11:02:35,9.85,--,2,1970,买盘
1046,11:02:30,9.85,--,2,1970,买盘
1047,11:02:24,9.85,--,2,1970,买盘
1048,11:02:20,9.85,-0.01,57,56145,卖盘
1049,11:02:15,9.86,--,4,3944,买盘
1050,11:02:09,9.86,0.01,8,7888,买盘
1051,11:02:00,9.85,--,128,126080,卖盘
1052,11:01:54,9.85,-0.01,13,12805,卖盘
1053,11:01:45,9.86,--,83,81838,买盘
1054,11:01:35,9.86,0.01,2,1972,买盘
1055,11:01:24,9.85,-0.01,52,51220,卖盘
1056,11:01:09,9.86,--,5,4930,买盘
1057,11:01:04,9.86,--,8,7888,买盘
1058,11:00:59,9.86,0.01,32,31552,买盘
1059,11:00:44,9.85,-0.01,19,18715,卖盘
1060,11:00:39,9.86,--,23,22678,买盘
1061,11:00:34,9.86,0.02,25,24650,买盘
1062,11:00:24,9.84,-0.02,34,33456,卖盘
1063,11:00:19,9.86,--,18,17748,买盘
1064,11:00:14,9.86,--,7,6902,买盘
1065,11:00:09,9.86,--,19,18734,买盘
1066,11:00:04,9.86,--,12,11832,买盘
1067,10:59:59,9.86,0.01,4,3944,买盘
1068,10:59:54,9.85,-0.01,5,4925,卖盘
1069,10:59:49,9.86,--,2,1972,买盘
1070,10:59:39,9.86,--,59,58174,买盘
1071,10:59:29,9.86,--,281,277066,买盘
1072,10:59:24,9.86,--,59,58174,买盘
1073,10:59:19,9.86,--,1,986,买盘
1074,10:59:09,9.86,0.01,16,15776,买盘
1075,10:58:59,9.85,-0.01,87,85695,卖盘
1076,10:58:54,9.86,--,2,1972,买盘
1077,10:58:44,9.86,0.01,7,6902,买盘
1078,10:58:39,9.85,-0.01,33,32505,卖盘
1079,10:58:34,9.86,--,27,26622,买盘
1080,10:58:29,9.86,0.01,11,10846,买盘
1081,10:58:24,9.85,--,114,112290,买盘
1082,10:58:19,9.85,--,232,228520,买盘
1083,10:58:14,9.85,--,111,109335,买盘
1084,10:58:09,9.85,--,2,1970,买盘
1085,10:57:59,9.85,0.01,1,985,买盘
1086,10:57:54,9.84,-0.01,9,8856,卖盘
1087,10:57:49,9.85,--,2,1970,买盘
1088,10:57:39,9.85,--,2,1970,买盘
1089,10:57:34,9.85,--,30,29550,买盘
1090,10:57:28,9.85,--,10,9850,买盘
1091,10:57:24,9.85,--,15,14775,买盘
1092,10:57:19,9.85,--,0,0,买盘
1093,10:57:14,9.85,--,2,1970,买盘
1094,10:57:09,9.85,0.02,1,985,买盘
1095,10:56:59,9.83,-0.01,118,115994,卖盘
1096,10:56:54,9.84,--,2,1968,买盘
1097,10:56:39,9.84,--,2,1968,买盘
1098,10:56:34,9.84,--,30,29520,买盘
1099,10:56:28,9.84,--,15,14760,买盘
1100,10:56:24,9.84,--,42,41328,买盘
1101,10:56:19,9.84,--,2,1968,买盘
1102,10:56:09,9.84,-0.01,24,23616,中性盘
1103,10:56:04,9.85,0.02,308,303380,买盘
1104,10:55:54,9.83,-0.01,3,2949,卖盘
1105,10:55:49,9.84,--,2,1968,买盘
1106,10:55:43,9.84,-0.01,11,10824,卖盘
1107,10:55:39,9.85,0.01,56,55160,买盘
1108,10:55:33,9.84,--,40,39360,买盘
1109,10:55:24,9.84,--,2,1968,买盘
1110,10:55:14,9.84,--,85,83640,买盘
1111,10:55:03,9.84,--,2,1968,买盘
1112,10:54:53,9.84,--,2,1968,买盘
1113,10:54:44,9.84,0.01,2,1968,买盘
1114,10:54:28,9.83,-0.01,4,3932,卖盘
1115,10:54:13,9.84,0.01,25,24600,买盘
1116,10:53:58,9.83,--,8,7864,卖盘
1117,10:53:43,9.83,-0.01,5,4915,卖盘
1118,10:53:38,9.84,--,20,19680,买盘
1119,10:53:23,9.84,0.01,7,6888,买盘
1120,10:53:18,9.83,--,2,1966,卖盘
1121,10:53:13,9.83,--,20,19660,卖盘
1122,10:53:08,9.83,-0.01,3,2949,卖盘
1123,10:52:53,9.84,--,25,24600,买盘
1124,10:52:48,9.84,--,26,25584,买盘
1125,10:52:38,9.84,--,5,4920,买盘
1126,10:52:33,9.84,--,45,44280,买盘
1127,10:52:18,9.84,--,1,984,买盘
1128,10:52:03,9.84,--,10,9840,买盘
1129,10:51:58,9.84,--,2,1968,买盘
1130,10:51:48,9.84,--,19,18696,买盘
1131,10:51:43,9.84,--,5,4920,买盘
1132,10:51:37,9.84,--,5,4920,买盘
1133,10:51:33,9.84,--,12,11808,卖盘
1134,10:51:28,9.84,--,18,17712,卖盘
1135,10:51:18,9.84,--,5,4920,卖盘
1136,10:51:13,9.84,0.01,267,262728,买盘
1137,10:51:03,9.83,-0.01,1,983,中性盘
1138,10:50:58,9.84,--,127,124968,买盘
1139,10:50:28,9.84,--,10,9840,买盘
1140,10:50:13,9.84,0.02,10,9840,买盘
1141,10:50:03,9.82,-0.01,50,49100,卖盘
1142,10:49:58,9.83,0.01,179,175957,买盘
1143,10:49:33,9.82,--,15,14730,卖盘
1144,10:49:18,9.82,-0.01,150,147300,卖盘
1145,10:49:03,9.83,--,245,240835,买盘
1146,10:48:32,9.83,0.03,163,160779,买盘
1147,10:47:42,9.8,-0.01,28,27440,卖盘
1148,10:46:57,9.81,0.01,104,102024,买盘
1149,10:46:47,9.8,--,1,980,卖盘
1150,10:46:12,9.8,--,10,9800,卖盘
1151,10:46:07,9.8,--,5,4900,卖盘
1152,10:46:02,9.8,-0.01,1,980,卖盘
1153,10:45:01,9.81,--,0,0,中性盘
1154,10:44:42,9.81,--,10,9810,中性盘
1155,10:44:37,9.81,--,20,19620,买盘
1156,10:44:27,9.81,--,1,981,卖盘
1157,10:44:12,9.81,--,20,19620,卖盘
1158,10:44:01,9.81,--,59,57879,买盘
1159,10:43:57,9.81,--,7,6867,买盘
1160,10:43:06,9.81,--,20,19620,买盘
1161,10:42:57,9.81,--,1,981,买盘
1162,10:42:51,9.81,--,4,3924,买盘
1163,10:42:31,9.81,--,30,29430,买盘
1164,10:42:01,9.81,0.01,4,3924,买盘
1165,10:41:41,9.8,--,1,980,卖盘
1166,10:41:36,9.8,-0.01,177,173460,卖盘
1167,10:41:11,9.81,0.01,10,9810,买盘
1168,10:41:01,9.8,-0.01,10,9829,卖盘
1169,10:40:46,9.81,--,5,4905,买盘
1170,10:40:41,9.81,--,56,54936,买盘
1171,10:40:26,9.81,--,15,14715,买盘
1172,10:39:36,9.81,0.01,4,3924,卖盘
1173,10:39:26,9.8,-0.01,25,25235,卖盘
1174,10:39:10,9.81,0.01,43,42183,买盘
1175,10:38:51,9.8,-0.01,10,10633,卖盘
1176,10:38:36,9.81,--,3,2943,买盘
1177,10:38:31,9.81,--,5,4905,买盘
1178,10:38:01,9.81,--,494,484614,卖盘
1179,10:37:55,9.81,--,20,19620,卖盘
1180,10:37:21,9.81,-0.01,87,85347,卖盘
1181,10:36:30,9.82,--,74,72668,卖盘
1182,10:36:21,9.82,-0.01,8,7856,卖盘
1183,10:36:10,9.83,--,4,3932,买盘
1184,10:36:05,9.83,0.01,20,19660,买盘
1185,10:36:00,9.82,--,20,19640,卖盘
1186,10:35:45,9.82,--,10,9820,卖盘
1187,10:35:30,9.82,--,14,13748,卖盘
1188,10:35:20,9.82,--,10,9820,卖盘
1189,10:35:05,9.82,-0.01,5,4910,中性盘
1190,10:35:00,9.83,0.01,32,31456,买盘
1191,10:34:55,9.82,--,11,10802,买盘
1192,10:34:35,9.82,--,1,982,买盘
1193,10:34:20,9.82,--,30,29460,中性盘
1194,10:34:00,9.82,--,0,0,买盘
1195,10:33:55,9.82,--,1,982,买盘
1196,10:33:50,9.82,--,2,1964,买盘
1197,10:33:45,9.82,-0.01,10,9820,卖盘
1198,10:33:40,9.83,0.01,100,98300,买盘
1199,10:33:35,9.82,--,1,982,买盘
1200,10:33:20,9.82,0.01,63,61866,买盘
1201,10:33:05,9.81,-0.01,5,4905,卖盘
1202,10:33:00,9.82,0.01,237,232734,买盘
1203,10:32:40,9.81,--,20,19620,卖盘
1204,10:32:25,9.81,--,30,29430,卖盘
1205,10:32:10,9.81,--,25,24525,卖盘
1206,10:31:45,9.81,--,10,9810,卖盘
1207,10:31:40,9.81,0.01,55,53955,买盘
1208,10:31:30,9.8,-0.01,11,11554,卖盘
1209,10:30:49,9.81,--,25,24525,买盘
1210,10:30:45,9.81,-0.01,5,4905,买盘
1211,10:30:39,9.82,--,0,0,买盘
1212,10:30:34,9.82,0.01,23,22586,买盘
1213,10:30:30,9.81,--,5,4905,买盘
1214,10:30:24,9.81,--,42,41202,卖盘
1215,10:30:15,9.81,--,58,56898,买盘
1216,10:30:04,9.81,--,33,32373,买盘
1217,10:29:39,9.81,--,18,17658,买盘
1218,10:29:19,9.81,--,10,9810,买盘
1219,10:29:14,9.81,--,2,1962,买盘
1220,10:29:04,9.81,--,32,31392,买盘
1221,10:28:24,9.81,0.01,6,5886,买盘
1222,10:28:19,9.8,--,8,7987,买盘
1223,10:28:14,9.8,--,5,4900,买盘
1224,10:28:09,9.8,--,5,4900,买盘
1225,10:28:04,9.8,--,1,980,买盘
1226,10:27:44,9.8,--,5,4900,买盘
1227,10:27:39,9.8,0.01,10,9800,买盘
1228,10:27:24,9.79,--,1,978,卖盘
1229,10:27:19,9.79,--,200,195799,卖盘
1230,10:27:14,9.79,-0.01,2,1957,卖盘
1231,10:27:09,9.8,0.01,4,3920,买盘
1232,10:26:54,9.79,0.01,34,33286,中性盘
1233,10:26:49,9.78,-0.02,7,6846,卖盘
1234,10:26:29,9.8,0.01,56,54880,买盘
1235,10:26:24,9.79,0.01,12,11747,买盘
1236,10:26:19,9.78,-0.01,40,39120,卖盘
1237,10:26:14,9.79,0.01,3,2936,买盘
1238,10:25:58,9.78,-0.01,1,977,卖盘
1239,10:25:54,9.79,--,10,9790,买盘
1240,10:25:49,9.79,0.01,51,49928,买盘
1241,10:25:24,9.78,--,11,10758,卖盘
1242,10:24:49,9.78,--,26,25428,卖盘
1243,10:24:39,9.78,--,4,3911,卖盘
1244,10:24:34,9.78,--,5,4948,卖盘
1245,10:24:28,9.78,--,30,29339,卖盘
1246,10:24:19,9.78,--,0,117,卖盘
1247,10:24:04,9.78,-0.01,2,1955,卖盘
1248,10:23:49,9.79,--,11,11601,卖盘
1249,10:23:38,9.79,--,3,2936,卖盘
1250,10:23:28,9.79,0.01,55,53991,买盘
1251,10:23:19,9.78,-0.01,4,3911,卖盘
1252,10:23:03,9.79,--,19,19433,卖盘
1253,10:22:53,9.79,--,32,31582,卖盘
1254,10:22:48,9.79,-0.01,7,7724,卖盘
1255,10:22:28,9.8,--,5,4900,买盘
1256,10:22:18,9.8,0.01,2,1960,买盘
1257,10:21:58,9.79,-0.01,5,4895,卖盘
1258,10:21:28,9.8,--,1,980,买盘
1259,10:21:18,9.8,--,1,980,买盘
1260,10:20:48,9.8,0.01,2,1960,买盘
1261,10:20:43,9.79,-0.01,24,23495,卖盘
1262,10:20:33,9.8,--,3,2940,买盘
1263,10:20:18,9.8,0.01,3,2940,买盘
1264,10:20:08,9.79,--,14,13705,卖盘
1265,10:20:03,9.79,-0.01,45,44054,卖盘
1266,10:19:33,9.8,0.01,2,1960,卖盘
1267,10:19:18,9.79,--,0,0,卖盘
1268,10:18:58,9.79,-0.02,20,19580,卖盘
1269,10:18:43,9.81,0.02,5,4905,中性盘
1270,10:18:33,9.79,-0.01,97,94962,卖盘
1271,10:18:28,9.8,--,1,980,中性盘
1272,10:18:22,9.8,--,0,0,买盘
1273,10:18:18,9.8,--,166,162680,买盘
1274,10:18:13,9.8,--,7,6860,买盘
1275,10:18:07,9.8,-0.01,10,9800,买盘
1276,10:17:58,9.81,0.01,105,103005,买盘
1277,10:17:52,9.8,--,60,58800,卖盘
1278,10:17:03,9.8,--,214,209720,买盘
1279,10:16:33,9.8,--,10,9800,买盘
1280,10:16:28,9.8,--,4,3920,买盘
1281,10:16:18,9.8,0.01,10,9800,买盘
1282,10:16:13,9.79,-0.01,20,19580,卖盘
1283,10:15:57,9.8,0.01,3,2940,买盘
1284,10:15:47,9.79,-0.01,31,30348,卖盘
1285,10:15:37,9.8,0.01,3,2940,买盘
1286,10:15:22,9.79,0.01,4,3915,买盘
1287,10:15:17,9.78,-0.01,46,44988,卖盘
1288,10:15:02,9.79,--,8,7831,买盘
1289,10:14:57,9.79,0.01,10,9790,买盘
1290,10:14:42,9.78,--,22,22278,卖盘
1291,10:14:32,9.78,-0.01,1,977,卖盘
1292,10:14:02,9.79,0.01,5,4895,买盘
1293,10:13:32,9.78,--,47,45966,卖盘
1294,10:13:12,9.78,-0.01,44,43032,卖盘
1295,10:12:57,9.79,0.02,20,19580,买盘
1296,10:12:47,9.77,--,0,0,卖盘
1297,10:12:37,9.77,--,42,41034,卖盘
1298,10:12:32,9.77,-0.01,39,38103,卖盘
1299,10:11:57,9.78,0.01,60,58679,买盘
1300,10:11:42,9.77,--,75,73275,买盘
1301,10:11:27,9.77,--,9,8793,买盘
1302,10:11:01,9.77,--,8,7816,买盘
1303,10:10:57,9.77,--,108,105516,卖盘
1304,10:10:42,9.77,-0.01,6,5862,卖盘
1305,10:10:31,9.78,--,9,8802,卖盘
1306,10:10:16,9.78,--,1,977,买盘
1307,10:10:12,9.78,--,5,4890,买盘
1308,10:09:57,9.78,--,100,97800,买盘
1309,10:09:42,9.78,--,3,2934,买盘
1310,10:09:07,9.78,0.01,107,104646,买盘
1311,10:08:51,9.77,-0.01,11,10747,卖盘
1312,10:08:36,9.78,--,181,177018,卖盘
1313,10:08:06,9.78,-0.01,6,5868,卖盘
1314,10:07:56,9.79,0.01,12,11747,买盘
1315,10:07:26,9.78,-0.01,5,4890,卖盘
1316,10:07:01,9.79,--,10,9790,买盘
1317,10:06:56,9.79,--,51,49928,卖盘
1318,10:06:41,9.79,--,9,8811,买盘
1319,10:06:36,9.79,0.01,1,978,买盘
1320,10:06:16,9.78,--,0,0,卖盘
1321,10:05:56,9.78,0.01,71,69438,买盘
1322,10:05:36,9.77,--,50,48850,卖盘
1323,10:05:31,9.77,--,161,157297,买盘
1324,10:05:26,9.77,--,55,54555,买盘
1325,10:05:21,9.77,--,33,32241,买盘
1326,10:05:16,9.77,--,20,19540,买盘
1327,10:05:11,9.77,--,21,20517,买盘
1328,10:04:56,9.77,--,15,14655,买盘
1329,10:04:51,9.77,--,37,36149,买盘
1330,10:04:46,9.77,--,117,114309,买盘
1331,10:04:40,9.77,--,10,9770,买盘
1332,10:04:36,9.77,--,8,7816,买盘
1333,10:04:25,9.77,--,61,59597,买盘
1334,10:04:21,9.77,--,16,15632,买盘
1335,10:04:10,9.77,--,10,9770,买盘
1336,10:04:06,9.77,--,28,27356,买盘
1337,10:03:55,9.77,--,5,4885,买盘
1338,10:03:51,9.77,-0.01,8,7816,卖盘
1339,10:03:46,9.78,0.01,5,4890,买盘
1340,10:03:40,9.77,0.01,8,7816,卖盘
1341,10:03:36,9.76,-0.02,2,1952,卖盘
1342,10:03:30,9.78,0.02,13,12714,买盘
1343,10:03:21,9.76,--,2,1952,卖盘
1344,10:03:15,9.76,--,30,29280,卖盘
1345,10:03:09,9.76,--,22,21472,卖盘
1346,10:03:06,9.76,-0.01,2,1952,卖盘
1347,10:03:00,9.77,0.01,32,31264,买盘
1348,10:02:39,9.76,-0.01,200,195200,卖盘
1349,10:02:30,9.77,0.01,5,4885,买盘
1350,10:02:24,9.76,--,2,1952,卖盘
1351,10:02:21,9.76,--,22,22028,卖盘
1352,10:02:15,9.76,--,141,137625,卖盘
1353,10:02:00,9.76,--,50,48800,卖盘
1354,10:01:54,9.76,0.01,67,65392,买盘
1355,10:01:50,9.75,-0.01,1,975,卖盘
1356,10:01:45,9.76,--,2,1952,买盘
1357,10:01:30,9.76,0.01,6,5856,买盘
1358,10:01:24,9.75,--,202,196950,卖盘
1359,10:01:20,9.75,--,28,27982,卖盘
1360,10:01:05,9.75,--,10,9750,卖盘
1361,10:00:54,9.75,--,22,21450,卖盘
1362,10:00:50,9.75,-0.01,311,303225,卖盘
1363,10:00:35,9.76,--,12,11712,买盘
1364,10:00:30,9.76,--,43,41968,买盘
1365,10:00:20,9.76,--,3,2928,买盘
1366,10:00:15,9.76,-0.01,106,103456,卖盘
1367,10:00:09,9.77,0.01,1,977,买盘
1368,10:00:00,9.76,-0.01,135,131760,卖盘
1369,09:59:45,9.77,--,2,1954,买盘
1370,09:59:39,9.77,--,8,7816,买盘
1371,09:59:35,9.77,--,1,977,卖盘
1372,09:59:30,9.77,0.02,2,1954,买盘
1373,09:59:24,9.75,--,0,0,卖盘
1374,09:59:20,9.75,--,0,0,卖盘
1375,09:59:09,9.75,--,158,154050,卖盘
1376,09:59:00,9.75,--,18,17550,买盘
1377,09:58:35,9.75,-0.01,337,328575,卖盘
1378,09:58:05,9.76,-0.02,75,73200,卖盘
1379,09:58:00,9.78,--,0,0,买盘
1380,09:57:50,9.78,--,12,11736,买盘
1381,09:57:33,9.78,--,10,9780,买盘
1382,09:57:30,9.78,--,195,190719,卖盘
1383,09:57:24,9.78,--,3,2934,卖盘
1384,09:57:18,9.78,--,40,39120,卖盘
1385,09:57:15,9.78,0.01,792,775544,买盘
1386,09:57:09,9.77,0.01,3,2931,买盘
1387,09:57:00,9.76,-0.01,22,21472,卖盘
1388,09:56:54,9.77,--,61,59606,卖盘
1389,09:56:48,9.77,--,5,4885,卖盘
1390,09:56:45,9.77,--,25,24425,卖盘
1391,09:56:33,9.77,--,32,32231,卖盘
1392,09:56:30,9.77,--,7,6839,卖盘
1393,09:56:24,9.77,--,10,9770,卖盘
1394,09:56:18,9.77,--,5,4885,卖盘
1395,09:56:15,9.77,0.01,31,30287,买盘
1396,09:56:09,9.76,-0.01,86,83936,卖盘
1397,09:56:03,9.77,0.01,14,13678,买盘
1398,09:56:00,9.76,--,2,1952,卖盘
1399,09:55:54,9.76,-0.01,8,7808,卖盘
1400,09:55:48,9.77,0.01,68,66436,买盘
1401,09:55:45,9.76,--,12,11712,卖盘
1402,09:55:30,9.76,--,30,29280,卖盘
1403,09:55:24,9.76,--,115,112240,卖盘
1404,09:55:18,9.76,--,12,11712,卖盘
1405,09:55:03,9.76,--,40,39040,卖盘
1406,09:54:54,9.76,--,22,21472,卖盘
1407,09:54:48,9.76,0.01,6,5856,买盘
1408,09:54:44,9.75,--,35,34125,卖盘
1409,09:54:33,9.75,--,0,0,中性盘
1410,09:54:29,9.75,--,171,166725,买盘
1411,09:54:18,9.75,--,5,4875,买盘
1412,09:54:14,9.75,0.01,205,199875,买盘
1413,09:54:09,9.74,-0.01,24,23376,卖盘
1414,09:54:03,9.75,--,101,98475,买盘
1415,09:53:59,9.75,0.01,15,14625,买盘
1416,09:53:54,9.74,-0.01,11,10714,卖盘
1417,09:53:48,9.75,0.01,10,9750,买盘
1418,09:53:44,9.74,--,24,23376,卖盘
1419,09:53:39,9.74,-0.01,15,14610,卖盘
1420,09:53:33,9.75,--,311,303225,买盘
1421,09:53:29,9.75,--,10,9750,买盘
1422,09:53:24,9.75,-0.02,651,634725,卖盘
1423,09:53:18,9.77,--,51,49827,卖盘
1424,09:53:14,9.77,--,50,48850,卖盘
1425,09:53:09,9.77,--,5,4885,卖盘
1426,09:52:59,9.77,-0.01,75,73275,卖盘
1427,09:52:54,9.78,0.01,43,42054,买盘
1428,09:52:48,9.77,-0.01,20,19540,卖盘
1429,09:52:44,9.78,--,423,413694,卖盘
1430,09:52:39,9.78,--,43,42054,卖盘
1431,09:52:33,9.78,-0.01,5,4890,卖盘
1432,09:52:29,9.79,--,369,361250,卖盘
1433,09:52:24,9.79,--,10,9790,卖盘
1434,09:52:18,9.79,-0.01,65,63634,卖盘
1435,09:52:14,9.8,--,87,85691,卖盘
1436,09:52:09,9.8,--,293,287688,卖盘
1437,09:52:03,9.8,--,4,3920,卖盘
1438,09:51:54,9.8,--,50,49000,卖盘
1439,09:51:48,9.8,--,0,0,卖盘
1440,09:51:44,9.8,--,20,19600,卖盘
1441,09:51:39,9.8,--,10,9800,卖盘
1442,09:51:24,9.8,-0.02,3,2940,卖盘
1443,09:51:14,9.82,0.02,800,785600,买盘
1444,09:51:09,9.8,0.01,6,5880,买盘
1445,09:51:03,9.79,--,0,0,卖盘
1446,09:50:59,9.79,-0.01,51,49928,卖盘
1447,09:50:44,9.8,--,106,103880,卖盘
1448,09:50:39,9.8,--,53,51940,卖盘
1449,09:50:24,9.8,--,35,34300,买盘
1450,09:50:18,9.8,--,10,9800,买盘
1451,09:50:12,9.8,--,21,20580,买盘
1452,09:50:03,9.8,--,50,49000,买盘
1453,09:49:42,9.8,--,120,117600,卖盘
1454,09:49:27,9.8,--,5,4900,卖盘
1455,09:49:24,9.8,--,25,24500,买盘
1456,09:49:09,9.8,--,1,980,买盘
1457,09:49:03,9.8,--,240,235200,买盘
1458,09:48:54,9.8,--,1,980,买盘
1459,09:48:48,9.8,--,10,9800,买盘
1460,09:48:39,9.8,--,43,42140,卖盘
1461,09:48:33,9.8,-0.01,50,49000,卖盘
1462,09:48:24,9.81,0.01,1,981,买盘
1463,09:48:18,9.8,--,61,59780,卖盘
1464,09:48:09,9.8,--,3,2940,卖盘
1465,09:47:48,9.8,--,387,379260,买盘
1466,09:47:42,9.8,0.01,100,98000,买盘
1467,09:47:33,9.79,-0.01,7,6852,卖盘
1468,09:47:23,9.8,0.01,70,68600,买盘
1469,09:47:18,9.79,--,12,11747,卖盘
1470,09:46:57,9.79,--,50,48949,卖盘
1471,09:46:53,9.79,--,31,30348,卖盘
1472,09:46:48,9.79,--,13,12726,卖盘
1473,09:46:38,9.79,-0.01,37,36223,卖盘
1474,09:46:27,9.8,--,20,19600,买盘
1475,09:46:23,9.8,--,556,544880,卖盘
1476,09:46:18,9.8,--,28,27440,卖盘
1477,09:46:03,9.8,-0.01,31,30380,卖盘
1478,09:45:57,9.81,0.01,14,13734,买盘
1479,09:45:53,9.8,-0.01,38,37240,卖盘
1480,09:45:33,9.81,--,5,4905,买盘
1481,09:45:08,9.81,--,10,9810,买盘
1482,09:44:53,9.81,--,16,15696,卖盘
1483,09:44:38,9.81,--,2,1962,买盘
1484,09:44:33,9.81,-0.01,121,118701,卖盘
1485,09:44:23,9.82,--,7,6874,买盘
1486,09:44:03,9.82,--,19,18658,买盘
1487,09:43:53,9.82,--,39,38298,买盘
1488,09:43:48,9.82,-0.01,95,93290,卖盘
1489,09:43:42,9.83,--,20,19660,买盘
1490,09:43:12,9.83,0.01,4,3932,买盘
1491,09:43:03,9.82,--,15,14730,卖盘
1492,09:42:57,9.82,--,38,37316,卖盘
1493,09:42:48,9.82,--,2,1964,卖盘
1494,09:42:33,9.82,--,16,15712,卖盘
1495,09:42:17,9.82,-0.01,25,24550,卖盘
1496,09:41:48,9.83,--,13,12779,买盘
1497,09:41:42,9.83,--,5,4915,买盘
1498,09:41:21,9.83,0.01,11,10813,买盘
1499,09:41:18,9.82,--,42,41244,卖盘
1500,09:41:06,9.82,0.01,375,368250,买盘
1501,09:41:03,9.81,-0.01,60,58860,卖盘
1502,09:40:51,9.82,--,6,5892,买盘
1503,09:40:47,9.82,0.01,1,982,买盘
1504,09:40:32,9.81,-0.02,10,9810,卖盘
1505,09:40:27,9.83,--,10,9830,买盘
1506,09:40:17,9.83,--,50,49150,买盘
1507,09:40:12,9.83,--,70,68810,买盘
1508,09:40:02,9.83,--,1,983,买盘
1509,09:39:47,9.83,--,3,2949,卖盘
1510,09:39:42,9.83,--,142,139586,卖盘
1511,09:39:27,9.83,--,19,18677,卖盘
1512,09:39:21,9.83,-0.01,8,7864,中性盘
1513,09:39:17,9.84,0.01,33,32472,买盘
1514,09:39:12,9.83,--,12,11796,买盘
1515,09:39:02,9.83,-0.01,127,124841,卖盘
1516,09:38:57,9.84,--,40,39360,买盘
1517,09:38:51,9.84,0.01,11,10824,买盘
1518,09:38:47,9.83,--,50,49150,卖盘
1519,09:38:42,9.83,--,10,9830,卖盘
1520,09:38:32,9.83,--,36,35388,卖盘
1521,09:38:06,9.83,--,6,5898,买盘
1522,09:38:02,9.83,--,9,8847,买盘
1523,09:37:57,9.83,--,23,22609,买盘
1524,09:37:42,9.83,--,20,19660,买盘
1525,09:37:36,9.83,-0.01,22,21626,卖盘
1526,09:37:17,9.84,--,3,2952,买盘
1527,09:37:12,9.84,--,2,1968,买盘
1528,09:37:06,9.84,--,0,0,买盘
1529,09:37:02,9.84,--,0,0,买盘
1530,09:36:57,9.84,0.02,5,4920,买盘
1531,09:36:51,9.82,--,0,0,卖盘
1532,09:36:47,9.82,-0.02,100,98200,卖盘
1533,09:36:42,9.84,-0.01,65,63960,卖盘
1534,09:36:36,9.85,0.01,22,21670,买盘
1535,09:36:27,9.84,--,120,118080,卖盘
1536,09:36:06,9.84,--,50,49200,卖盘
1537,09:36:00,9.84,0.01,303,298152,买盘
1538,09:35:57,9.83,--,14,13762,买盘
1539,09:35:51,9.83,--,6,5898,买盘
1540,09:35:45,9.83,--,1,983,买盘
1541,09:35:42,9.83,--,10,9830,买盘
1542,09:35:36,9.83,--,9,8847,买盘
1543,09:35:27,9.83,--,40,39320,买盘
1544,09:35:21,9.83,0.01,45,44235,买盘
1545,09:35:15,9.82,-0.01,36,35352,卖盘
1546,09:35:11,9.83,--,2,1966,买盘
1547,09:35:06,9.83,--,38,37354,买盘
1548,09:35:00,9.83,--,43,42269,买盘
1549,09:34:57,9.83,0.01,135,132705,买盘
1550,09:34:51,9.82,--,3,2946,买盘
1551,09:34:45,9.82,--,4,3928,买盘
1552,09:34:41,9.82,--,2,1964,买盘
1553,09:34:36,9.82,0.01,6,5892,买盘
1554,09:34:30,9.81,--,7,6867,买盘
1555,09:34:26,9.81,--,9,8829,买盘
1556,09:34:11,9.81,--,14,13734,卖盘
1557,09:34:06,9.81,--,5,4905,卖盘
1558,09:33:56,9.81,--,10,9810,卖盘
1559,09:33:51,9.81,-0.01,34,33354,卖盘
1560,09:33:45,9.82,--,0,0,买盘
1561,09:33:41,9.82,0.01,24,23568,买盘
1562,09:33:36,9.81,--,19,18639,卖盘
1563,09:33:30,9.81,-0.01,53,51993,卖盘
1564,09:33:21,9.82,--,8,7856,买盘
1565,09:33:06,9.82,--,37,36334,买盘
1566,09:33:00,9.82,--,4,3928,买盘
1567,09:32:56,9.82,--,0,0,买盘
1568,09:32:51,9.82,-0.01,83,81506,卖盘
1569,09:32:41,9.83,--,4,3932,买盘
1570,09:32:36,9.83,0.01,142,139586,买盘
1571,09:32:26,9.82,--,0,0,买盘
1572,09:32:21,9.82,0.01,50,49100,买盘
1573,09:32:11,9.81,--,252,247212,卖盘
1574,09:32:06,9.81,--,50,49050,卖盘
1575,09:31:56,9.81,--,12,11772,卖盘
1576,09:31:51,9.81,--,74,72594,买盘
1577,09:31:45,9.81,--,1,981,买盘
1578,09:31:21,9.81,--,24,23544,卖盘
1579,09:31:15,9.81,-0.01,50,49050,卖盘
1580,09:30:56,9.82,0.01,20,19640,买盘
1581,09:30:51,9.81,--,52,51012,买盘
1582,09:30:36,9.81,0.01,62,60890,买盘
1583,09:30:30,9.8,--,0,0,买盘
1584,09:30:26,9.8,--,45,44100,买盘
1585,09:30:21,9.8,--,16,15680,买盘
1586,09:30:11,9.8,--,1,980,买盘
1587,09:30:06,9.8,--,234,229320,卖盘
1588,09:28:44,9.8,--,0,0,卖盘
1589,09:25:08,9.8,9.8,100,98000,买盘
