,time,price,change,volume,amount,type
0,15:00:00,5.26,--,0,0,买盘
1,15:00:00,5.26,--,0,0,买盘
2,14:59:55,5.26,--,319,167794,卖盘
3,14:59:49,5.26,-0.01,1127,592802,卖盘
4,14:59:45,5.27,0.01,100,52699,买盘
5,14:59:40,5.26,0.01,44,23144,卖盘
6,14:59:30,5.25,-0.02,50,26250,卖盘
7,14:59:25,5.27,0.01,1200,632400,买盘
8,14:59:19,5.26,--,31,16306,买盘
9,14:59:15,5.26,--,286,150525,卖盘
10,14:59:10,5.26,--,220,115720,卖盘
11,14:59:04,5.26,--,15,7890,卖盘
12,14:59:00,5.26,0.01,1822,958808,买盘
13,14:58:55,5.25,-0.01,1000,525000,卖盘
14,14:58:45,5.26,0.02,133,69958,买盘
15,14:58:40,5.24,-0.02,31,16244,卖盘
16,14:58:34,5.26,0.01,428,225128,买盘
17,14:58:30,5.25,--,1826,958650,买盘
18,14:58:25,5.25,-0.01,3308,1737051,卖盘
19,14:58:19,5.26,--,579,304554,买盘
20,14:58:15,5.26,0.01,158,83108,买盘
21,14:58:10,5.25,-0.01,72,37800,卖盘
22,14:58:04,5.26,--,3,1578,买盘
23,14:57:45,5.26,--,537,282462,买盘
24,14:57:40,5.26,--,100,52600,买盘
25,14:57:34,5.26,--,30,15780,买盘
26,14:57:30,5.26,--,27,14202,买盘
27,14:57:25,5.26,--,20,10520,买盘
28,14:57:19,5.26,--,8,4208,买盘
29,14:57:15,5.26,--,656,345056,买盘
30,14:56:59,5.26,0.01,30,15780,买盘
31,14:56:54,5.25,--,123,64575,卖盘
32,14:56:49,5.25,-0.01,124,65100,卖盘
33,14:56:44,5.26,0.01,30,15780,买盘
34,14:56:34,5.25,--,22,11550,卖盘
35,14:56:29,5.25,-0.01,10,5250,卖盘
36,14:56:24,5.26,0.01,47,24722,买盘
37,14:56:14,5.25,-0.01,20,10500,卖盘
38,14:55:59,5.26,0.01,175,92050,买盘
39,14:55:54,5.25,--,10,5250,卖盘
40,14:55:49,5.25,--,60,31500,卖盘
41,14:55:44,5.25,--,259,135975,卖盘
42,14:55:39,5.25,--,105,55125,卖盘
43,14:55:24,5.25,--,7232,3796800,卖盘
44,14:55:14,5.25,--,284,149100,卖盘
45,14:55:09,5.25,--,1,525,卖盘
46,14:54:59,5.25,-0.01,24,12600,卖盘
47,14:54:54,5.26,0.01,19,9994,买盘
48,14:54:39,5.25,--,133,69825,卖盘
49,14:54:34,5.25,-0.01,5,2625,卖盘
50,14:54:29,5.26,--,5,2630,买盘
51,14:54:24,5.26,--,54,28404,买盘
52,14:54:14,5.26,0.01,28,14728,买盘
53,14:54:04,5.25,--,37,19425,卖盘
54,14:53:59,5.25,-0.01,4,2100,卖盘
55,14:53:54,5.26,0.01,80,42080,买盘
56,14:53:49,5.25,--,32,16800,卖盘
57,14:53:43,5.25,-0.01,5,2625,卖盘
58,14:53:34,5.26,--,138,72588,买盘
59,14:53:24,5.26,--,21,11046,买盘
60,14:53:19,5.26,0.01,4,2104,买盘
61,14:53:13,5.25,-0.01,38,19950,卖盘
62,14:53:09,5.26,0.01,5,2630,买盘
63,14:53:04,5.25,--,3,1575,卖盘
64,14:52:58,5.25,-0.01,36,18900,卖盘
65,14:52:49,5.26,--,1,526,买盘
66,14:52:43,5.26,--,20,10520,买盘
67,14:52:39,5.26,--,62,32612,买盘
68,14:52:28,5.26,0.01,42,22092,买盘
69,14:52:24,5.25,-0.01,38,19950,卖盘
70,14:52:19,5.26,--,111,58386,买盘
71,14:52:13,5.26,0.01,53,27878,买盘
72,14:52:09,5.25,-0.01,34,17850,卖盘
73,14:52:04,5.26,0.01,7,3682,买盘
74,14:51:58,5.25,--,3,1575,卖盘
75,14:51:54,5.25,-0.01,38,19950,卖盘
76,14:51:49,5.26,--,11,5786,买盘
77,14:51:43,5.26,0.01,5,2630,买盘
78,14:51:39,5.25,-0.01,139,72975,卖盘
79,14:51:34,5.26,0.01,70,36820,买盘
80,14:51:24,5.25,-0.01,34,17850,卖盘
81,14:51:19,5.26,0.01,72,37872,买盘
82,14:51:09,5.25,--,50,26250,卖盘
83,14:51:04,5.25,--,236,123900,卖盘
84,14:50:58,5.25,-0.01,3,1575,卖盘
85,14:50:49,5.26,--,1182,621732,买盘
86,14:50:39,5.26,0.01,152,79952,买盘
87,14:50:34,5.25,-0.01,138,72450,卖盘
88,14:50:24,5.26,0.01,10,5260,买盘
89,14:50:13,5.25,--,34,17850,卖盘
90,14:50:08,5.25,--,5,2625,卖盘
91,14:49:58,5.25,--,105,55125,卖盘
92,14:49:53,5.25,-0.01,5,2625,卖盘
93,14:49:48,5.26,0.01,700,368200,买盘
94,14:49:33,5.25,--,31,16275,卖盘
95,14:49:23,5.25,--,52,27300,卖盘
96,14:49:18,5.25,--,917,481425,卖盘
97,14:49:08,5.25,--,10,5250,卖盘
98,14:49:03,5.25,--,1,525,卖盘
99,14:48:58,5.25,--,112,58800,卖盘
100,14:48:53,5.25,-0.01,83,43575,卖盘
101,14:48:48,5.26,--,910,478660,买盘
102,14:48:38,5.26,0.01,35,18410,买盘
103,14:48:33,5.25,-0.01,249,130725,卖盘
104,14:48:23,5.26,0.01,35,18410,买盘
105,14:48:18,5.25,-0.01,935,490875,卖盘
106,14:48:13,5.26,0.01,109,57334,买盘
107,14:47:58,5.25,-0.01,66,34650,卖盘
108,14:47:48,5.26,0.01,1178,619628,买盘
109,14:47:38,5.25,-0.01,253,132825,卖盘
110,14:47:33,5.26,0.01,73,38398,买盘
111,14:47:23,5.25,-0.01,52,27300,卖盘
112,14:47:18,5.26,--,2001,1052526,买盘
113,14:47:13,5.26,0.01,14,7364,买盘
114,14:47:03,5.25,--,191,100275,卖盘
115,14:46:58,5.25,--,52,27300,卖盘
116,14:46:53,5.25,-0.01,87,45675,卖盘
117,14:46:48,5.26,0.01,1364,717464,买盘
118,14:46:28,5.25,-0.01,49,25725,卖盘
119,14:46:18,5.26,0.01,1522,800572,买盘
120,14:46:13,5.25,--,130,68250,卖盘
121,14:46:03,5.25,--,10,5250,卖盘
122,14:45:58,5.25,-0.01,90,47250,卖盘
123,14:45:48,5.26,0.01,1,526,买盘
124,14:45:43,5.25,--,34,17850,卖盘
125,14:45:33,5.25,--,89,46725,卖盘
126,14:45:28,5.25,-0.01,34,17850,卖盘
127,14:45:18,5.26,--,5,2630,买盘
128,14:45:13,5.26,--,54,28404,买盘
129,14:45:07,5.26,--,10,5260,买盘
130,14:45:03,5.26,0.01,20,10520,买盘
131,14:44:58,5.25,--,55,28875,卖盘
132,14:44:52,5.25,--,32,16800,卖盘
133,14:44:48,5.25,--,137,71925,卖盘
134,14:44:37,5.25,--,33,17325,卖盘
135,14:44:22,5.25,-0.01,34,17850,卖盘
136,14:44:18,5.26,0.01,1,526,买盘
137,14:44:03,5.25,--,33,17325,卖盘
138,14:43:57,5.25,-0.01,56,29400,卖盘
139,14:43:48,5.26,0.01,89,46814,买盘
140,14:43:42,5.25,-0.01,34,17850,卖盘
141,14:43:37,5.26,--,5,2630,买盘
142,14:43:33,5.26,0.01,103,54178,买盘
143,14:43:27,5.25,-0.01,273,143419,卖盘
144,14:43:22,5.26,--,10,5260,买盘
145,14:43:18,5.26,0.01,1,526,买盘
146,14:43:12,5.25,--,85,44625,卖盘
147,14:43:07,5.25,--,2,1050,卖盘
148,14:43:03,5.25,--,5613,2946825,卖盘
149,14:42:57,5.25,--,84,44100,卖盘
150,14:42:47,5.25,--,13,6825,卖盘
151,14:42:42,5.25,--,43,22575,卖盘
152,14:42:32,5.25,--,37,19425,卖盘
153,14:42:27,5.25,-0.01,593,311325,卖盘
154,14:42:22,5.26,0.01,300,157800,买盘
155,14:42:17,5.25,-0.01,268,140700,卖盘
156,14:42:12,5.26,0.01,62,32612,买盘
157,14:42:02,5.25,--,238,124950,卖盘
158,14:41:57,5.25,--,163,85575,卖盘
159,14:41:52,5.25,-0.01,10,5250,卖盘
160,14:41:47,5.26,--,1,526,买盘
161,14:41:42,5.26,0.01,108,56808,买盘
162,14:41:27,5.25,-0.01,348,182700,卖盘
163,14:41:22,5.26,--,34,17884,卖盘
164,14:41:17,5.26,--,50,26300,卖盘
165,14:41:12,5.26,--,35,18410,卖盘
166,14:41:07,5.26,--,253,133078,卖盘
167,14:40:57,5.26,--,282,148332,卖盘
168,14:40:52,5.26,--,33,17358,卖盘
169,14:40:47,5.26,--,38,19988,卖盘
170,14:40:42,5.26,--,2631,1383906,卖盘
171,14:40:37,5.26,-0.01,375,197250,卖盘
172,14:40:32,5.27,0.01,168,88536,买盘
173,14:40:22,5.26,-0.01,32,16832,卖盘
174,14:40:17,5.27,0.01,11,5796,买盘
175,14:40:12,5.26,--,3286,1728436,卖盘
176,14:40:07,5.26,--,100,52600,卖盘
177,14:40:02,5.26,-0.01,164,86264,卖盘
178,14:39:57,5.27,--,54,28457,买盘
179,14:39:52,5.27,0.01,54,28457,买盘
180,14:39:47,5.26,--,34,17884,卖盘
181,14:39:42,5.26,--,3808,2003008,卖盘
182,14:39:31,5.26,--,553,290878,卖盘
183,14:39:27,5.26,--,20,10520,卖盘
184,14:39:22,5.26,--,223,117298,卖盘
185,14:39:17,5.26,--,374,196724,卖盘
186,14:39:12,5.26,--,3827,2013002,卖盘
187,14:39:07,5.26,--,59,31034,卖盘
188,14:39:02,5.26,--,265,139390,卖盘
189,14:38:57,5.26,--,49,25774,卖盘
190,14:38:52,5.26,--,239,125714,卖盘
191,14:38:46,5.26,-0.01,92,48392,卖盘
192,14:38:42,5.27,0.02,4346,2290342,买盘
193,14:38:37,5.25,--,54,28350,卖盘
194,14:38:31,5.25,--,5,2625,卖盘
195,14:38:27,5.25,-0.01,532,279300,卖盘
196,14:38:22,5.26,--,44,23144,买盘
197,14:38:16,5.26,0.01,1,526,买盘
198,14:38:12,5.25,--,62,32550,卖盘
199,14:38:06,5.25,--,180,94500,卖盘
200,14:38:01,5.25,--,16,8400,卖盘
201,14:37:57,5.25,--,121,63525,卖盘
202,14:37:52,5.25,--,32,16800,卖盘
203,14:37:42,5.25,--,53,27825,卖盘
204,14:37:37,5.25,--,274,143850,卖盘
205,14:37:27,5.25,-0.02,252,132378,卖盘
206,14:37:21,5.27,--,312,164424,买盘
207,14:37:16,5.27,--,57,30038,买盘
208,14:37:12,5.27,0.02,87,45848,买盘
209,14:37:06,5.25,--,225,118125,卖盘
210,14:36:57,5.25,-0.02,112,58800,卖盘
211,14:36:51,5.27,0.02,123,64820,买盘
212,14:36:46,5.25,-0.01,210,110250,卖盘
213,14:36:42,5.26,0.01,633,332958,买盘
214,14:36:31,5.25,--,262,137550,卖盘
215,14:36:21,5.25,--,4,2100,卖盘
216,14:36:16,5.25,--,158,82950,卖盘
217,14:36:11,5.25,--,516,270900,卖盘
218,14:36:06,5.25,--,268,140700,卖盘
219,14:36:01,5.25,--,35,18375,卖盘
220,14:35:56,5.25,-0.01,50,26250,卖盘
221,14:35:51,5.26,0.01,166,87316,买盘
222,14:35:46,5.25,-0.01,233,122325,卖盘
223,14:35:41,5.26,0.01,184,96784,买盘
224,14:35:36,5.25,--,268,140700,卖盘
225,14:35:31,5.25,--,89,46725,卖盘
226,14:35:26,5.25,--,71,37275,卖盘
227,14:35:21,5.25,-0.01,235,123375,卖盘
228,14:35:16,5.26,--,1,526,买盘
229,14:35:11,5.26,0.01,235,123610,买盘
230,14:35:01,5.25,--,6,3150,卖盘
231,14:34:56,5.25,--,49,25725,卖盘
232,14:34:51,5.25,-0.01,172,90300,卖盘
233,14:34:41,5.26,0.01,208,109408,买盘
234,14:34:36,5.25,--,35,18375,卖盘
235,14:34:31,5.25,--,21,11025,卖盘
236,14:34:21,5.25,-0.01,34,17850,卖盘
237,14:34:11,5.26,0.01,175,92050,买盘
238,14:34:06,5.25,--,57,29925,卖盘
239,14:34:01,5.25,--,8,4200,卖盘
240,14:33:56,5.25,--,158,82950,卖盘
241,14:33:51,5.25,-0.01,153,80325,卖盘
242,14:33:46,5.26,--,708,372408,买盘
243,14:33:41,5.26,0.01,123,64698,买盘
244,14:33:36,5.25,--,411,215775,卖盘
245,14:33:31,5.25,--,52,27300,卖盘
246,14:33:21,5.25,--,9,4725,卖盘
247,14:33:16,5.25,-0.01,4,2100,卖盘
248,14:33:11,5.26,--,511,268786,买盘
249,14:33:06,5.26,0.01,88,46288,买盘
250,14:33:01,5.25,-0.01,3,1575,卖盘
251,14:32:56,5.26,--,252,132552,买盘
252,14:32:51,5.26,--,8,4208,买盘
253,14:32:41,5.26,0.01,980,515480,买盘
254,14:32:36,5.25,-0.01,225,118125,卖盘
255,14:32:26,5.26,--,73,38398,买盘
256,14:32:21,5.26,--,9,4734,买盘
257,14:32:10,5.26,0.01,56,29456,买盘
258,14:32:06,5.25,-0.01,244,128100,卖盘
259,14:32:01,5.26,0.01,29,15254,买盘
260,14:31:55,5.25,--,49,25725,卖盘
261,14:31:51,5.25,-0.01,75,39375,卖盘
262,14:31:46,5.26,-0.01,41,21566,卖盘
263,14:31:40,5.27,0.01,2,1054,买盘
264,14:31:36,5.26,-0.01,59,31034,卖盘
265,14:31:31,5.27,--,0,0,买盘
266,14:31:25,5.27,0.01,216,113831,买盘
267,14:31:21,5.26,--,156,82056,买盘
268,14:31:15,5.26,--,35,18410,买盘
269,14:31:10,5.26,0.01,58,30508,买盘
270,14:31:06,5.25,--,139,72975,卖盘
271,14:31:00,5.25,--,35,18375,卖盘
272,14:30:55,5.25,-0.01,545,286125,卖盘
273,14:30:51,5.26,0.01,1227,645402,买盘
274,14:30:45,5.25,--,42,22050,卖盘
275,14:30:36,5.25,-0.01,756,396900,卖盘
276,14:30:30,5.26,--,230,120980,买盘
277,14:30:25,5.26,--,1572,826872,买盘
278,14:30:20,5.26,0.01,2674,1406524,买盘
279,14:30:15,5.25,-0.01,42,22050,卖盘
280,14:30:05,5.26,0.01,154,81004,买盘
281,14:30:00,5.25,-0.01,223,117075,卖盘
282,14:29:55,5.26,--,823,432898,买盘
283,14:29:50,5.26,0.01,6429,3381654,买盘
284,14:29:45,5.25,--,32,16800,卖盘
285,14:29:40,5.25,--,140,73500,卖盘
286,14:29:35,5.25,--,3,1575,卖盘
287,14:29:30,5.25,--,171,89775,卖盘
288,14:29:25,5.25,-0.01,3050,1601250,卖盘
289,14:29:20,5.26,0.01,3599,1893074,买盘
290,14:29:15,5.25,-0.01,143,75075,卖盘
291,14:29:10,5.26,0.01,2,1052,买盘
292,14:29:05,5.25,-0.01,644,338100,卖盘
293,14:29:00,5.26,0.02,106,55756,买盘
294,14:28:55,5.24,--,262,137288,卖盘
295,14:28:50,5.24,-0.01,73,38252,卖盘
296,14:28:45,5.25,0.01,20,10500,买盘
297,14:28:30,5.24,--,1,524,卖盘
298,14:28:25,5.24,-0.01,156,81744,卖盘
299,14:28:20,5.25,0.01,53,27825,买盘
300,14:28:05,5.24,-0.01,54,28296,卖盘
301,14:28:00,5.25,0.01,100,52500,买盘
302,14:27:55,5.24,-0.01,510,267240,卖盘
303,14:27:50,5.25,0.01,543,285075,买盘
304,14:27:35,5.24,-0.01,15,7860,卖盘
305,14:27:30,5.25,--,116,60900,卖盘
306,14:27:25,5.25,-0.01,2455,1288875,卖盘
307,14:27:20,5.26,0.01,4528,2381728,买盘
308,14:27:15,5.25,0.01,19,9975,中性盘
309,14:27:10,5.24,-0.01,129,67596,卖盘
310,14:27:05,5.25,--,393,206325,买盘
311,14:27:00,5.25,--,157,82425,买盘
312,14:26:55,5.25,--,915,480375,买盘
313,14:26:50,5.25,0.01,764,401100,买盘
314,14:26:45,5.24,--,59,30916,卖盘
315,14:26:40,5.24,-0.01,21,11004,卖盘
316,14:26:35,5.25,0.01,153,80325,买盘
317,14:26:30,5.24,--,28,14672,卖盘
318,14:26:25,5.24,--,181,94844,卖盘
319,14:26:20,5.24,--,33,17292,卖盘
320,14:26:15,5.24,--,167,87508,卖盘
321,14:26:05,5.24,-0.01,29,15196,卖盘
322,14:26:00,5.25,0.01,91,47775,买盘
323,14:25:45,5.24,--,33,17292,卖盘
324,14:25:40,5.24,--,29,15196,卖盘
325,14:25:30,5.24,-0.01,254,133096,卖盘
326,14:25:25,5.25,--,117,61425,买盘
327,14:25:15,5.25,0.01,146,76650,买盘
328,14:25:10,5.24,--,28,14672,卖盘
329,14:25:05,5.24,--,38,19912,卖盘
330,14:25:00,5.24,-0.01,141,73884,卖盘
331,14:24:55,5.25,--,36,18900,买盘
332,14:24:50,5.25,0.01,89,46725,买盘
333,14:24:45,5.24,--,144,75456,卖盘
334,14:24:40,5.24,--,121,63404,卖盘
335,14:24:30,5.24,-0.01,65,34060,卖盘
336,14:24:24,5.25,0.01,337,176925,买盘
337,14:24:19,5.24,-0.01,28,14672,卖盘
338,14:24:15,5.25,--,200,105000,买盘
339,14:24:09,5.25,0.01,10,5250,买盘
340,14:24:00,5.24,--,84,44016,卖盘
341,14:23:45,5.24,--,157,82268,卖盘
342,14:23:39,5.24,-0.01,23,12052,卖盘
343,14:23:29,5.25,0.01,695,364875,买盘
344,14:23:24,5.24,--,24,12576,卖盘
345,14:23:19,5.24,-0.01,166,86984,卖盘
346,14:23:14,5.25,0.01,129,67725,买盘
347,14:23:09,5.24,--,20,10480,卖盘
348,14:23:00,5.24,--,83,43492,卖盘
349,14:22:54,5.24,-0.01,29,15196,卖盘
350,14:22:49,5.25,0.01,58,30450,买盘
351,14:22:44,5.24,-0.01,161,84364,卖盘
352,14:22:39,5.25,0.01,30,15750,买盘
353,14:22:30,5.24,--,51,26724,卖盘
354,14:22:24,5.24,-0.01,28,14672,卖盘
355,14:22:19,5.25,0.01,2050,1076250,买盘
356,14:22:14,5.24,--,30,15720,卖盘
357,14:22:09,5.24,--,49,25676,卖盘
358,14:22:04,5.24,--,50,26200,卖盘
359,14:21:59,5.24,-0.01,217,113708,卖盘
360,14:21:54,5.25,0.01,32,16800,买盘
361,14:21:49,5.24,-0.01,218,114232,卖盘
362,14:21:44,5.25,0.01,210,110250,买盘
363,14:21:39,5.24,--,21,11004,卖盘
364,14:21:34,5.24,--,0,0,卖盘
365,14:21:29,5.24,-0.01,179,93796,卖盘
366,14:21:24,5.25,--,38,19950,买盘
367,14:21:19,5.25,0.01,210,110250,买盘
368,14:21:14,5.24,--,30,15720,卖盘
369,14:21:09,5.24,--,29,15196,卖盘
370,14:21:04,5.24,--,138,72312,卖盘
371,14:20:59,5.24,--,100,52400,卖盘
372,14:20:54,5.24,-0.01,217,113708,卖盘
373,14:20:49,5.25,0.01,380,199500,买盘
374,14:20:44,5.24,--,187,97988,卖盘
375,14:20:39,5.24,--,39,20436,卖盘
376,14:20:34,5.24,--,173,90652,卖盘
377,14:20:29,5.24,--,169,88556,卖盘
378,14:20:24,5.24,-0.01,190,99560,卖盘
379,14:20:19,5.25,0.01,36,18900,买盘
380,14:20:14,5.24,--,29,15196,卖盘
381,14:20:09,5.24,--,52,27248,卖盘
382,14:20:04,5.24,--,153,80172,卖盘
383,14:19:59,5.24,--,77,40348,卖盘
384,14:19:54,5.24,-0.01,33,17292,卖盘
385,14:19:49,5.25,--,40,21000,买盘
386,14:19:44,5.25,0.01,1,525,买盘
387,14:19:39,5.24,--,143,74932,卖盘
388,14:19:34,5.24,--,28,14672,卖盘
389,14:19:29,5.24,--,36,18864,卖盘
390,14:19:24,5.24,--,49,25676,卖盘
391,14:19:19,5.24,--,3134,1642216,卖盘
392,14:19:14,5.24,--,145,75980,卖盘
393,14:18:59,5.24,-0.01,207,108468,卖盘
394,14:18:54,5.25,0.01,53,27825,买盘
395,14:18:49,5.24,--,3132,1641168,卖盘
396,14:18:44,5.24,--,21,11224,卖盘
397,14:18:39,5.24,--,277,145148,卖盘
398,14:18:34,5.24,--,3,1572,卖盘
399,14:18:29,5.24,--,177,92748,卖盘
400,14:18:24,5.24,-0.01,12,6288,中性盘
401,14:18:19,5.25,0.01,352,184905,买盘
402,14:18:14,5.24,--,14,7336,买盘
403,14:18:08,5.24,--,101,52924,买盘
404,14:18:04,5.24,--,47,24628,买盘
405,14:17:59,5.24,--,154,80696,买盘
406,14:17:53,5.24,-0.01,215,113079,卖盘
407,14:17:49,5.25,0.01,53,27825,买盘
408,14:17:44,5.24,--,3,1676,卖盘
409,14:17:38,5.24,0.01,63,33012,买盘
410,14:17:23,5.23,-0.01,135,70605,卖盘
411,14:17:19,5.24,0.01,199,104276,买盘
412,14:17:08,5.23,--,185,96755,卖盘
413,14:16:59,5.23,--,101,53136,卖盘
414,14:16:53,5.23,-0.02,28,14644,卖盘
415,14:16:48,5.25,0.02,3000,1575000,买盘
416,14:16:44,5.23,-0.02,140,73220,卖盘
417,14:16:38,5.25,0.02,59,30975,买盘
418,14:16:33,5.23,--,159,83157,卖盘
419,14:16:28,5.23,-0.01,52,27196,卖盘
420,14:16:23,5.24,-0.01,137,71788,买盘
421,14:16:18,5.25,0.02,341,179025,买盘
422,14:16:13,5.23,--,20,10460,卖盘
423,14:16:08,5.23,-0.01,369,192987,卖盘
424,14:16:03,5.24,--,24,12576,买盘
425,14:15:58,5.24,--,498,260952,买盘
426,14:15:53,5.24,0.01,71,37204,买盘
427,14:15:48,5.23,--,2454,1283761,卖盘
428,14:15:43,5.23,--,146,76358,卖盘
429,14:15:38,5.23,-0.02,208,108987,卖盘
430,14:15:33,5.25,0.01,324,170100,买盘
431,14:15:28,5.24,--,28,14672,卖盘
432,14:15:23,5.24,--,436,228464,卖盘
433,14:15:18,5.24,--,549,287676,卖盘
434,14:15:13,5.24,--,40,20960,卖盘
435,14:15:08,5.24,--,461,241731,卖盘
436,14:15:03,5.24,--,412,215956,卖盘
437,14:14:58,5.24,--,1405,736220,卖盘
438,14:14:53,5.24,--,1329,696396,卖盘
439,14:14:48,5.24,-0.02,1590,833668,卖盘
440,14:14:43,5.26,0.02,137,72062,买盘
441,14:14:38,5.24,-0.01,53,27772,卖盘
442,14:14:33,5.25,0.01,1197,628425,买盘
443,14:14:28,5.24,--,54,28296,卖盘
444,14:14:13,5.24,--,33,17292,卖盘
445,14:14:08,5.24,-0.01,28,14672,卖盘
446,14:14:03,5.25,0.01,375,196875,买盘
447,14:13:58,5.24,--,183,95892,卖盘
448,14:13:53,5.24,--,84,44016,卖盘
449,14:13:48,5.24,--,29,15196,卖盘
450,14:13:43,5.24,--,29,15196,卖盘
451,14:13:38,5.24,--,263,137812,卖盘
452,14:13:33,5.24,--,1718,900232,卖盘
453,14:13:23,5.24,--,101,52924,卖盘
454,14:13:18,5.24,-0.01,59,30916,卖盘
455,14:13:13,5.25,0.01,30,15750,买盘
456,14:13:08,5.24,--,549,287676,卖盘
457,14:13:03,5.24,--,2118,1109832,卖盘
458,14:12:58,5.24,--,78,40872,卖盘
459,14:12:53,5.24,--,138,72312,卖盘
460,14:12:48,5.24,--,51,26724,卖盘
461,14:12:38,5.24,--,166,86984,卖盘
462,14:12:33,5.24,--,2029,1063196,卖盘
463,14:12:28,5.24,--,28,14672,卖盘
464,14:12:23,5.24,--,28,14672,卖盘
465,14:12:18,5.24,--,29,15196,卖盘
466,14:12:13,5.24,--,6,3144,卖盘
467,14:12:08,5.24,--,30,15720,卖盘
468,14:12:03,5.24,--,2032,1064768,卖盘
469,14:11:58,5.24,--,50,26200,卖盘
470,14:11:48,5.24,-0.01,391,204884,卖盘
471,14:11:38,5.25,0.01,43,22575,买盘
472,14:11:33,5.24,--,59,30916,卖盘
473,14:11:23,5.24,--,33,17292,卖盘
474,14:11:18,5.24,--,28,14672,卖盘
475,14:11:13,5.24,-0.01,28,14672,卖盘
476,14:11:08,5.25,0.01,32,16800,买盘
477,14:11:02,5.24,--,84,44016,卖盘
478,14:10:58,5.24,--,118,61832,卖盘
479,14:10:47,5.24,--,28,14672,卖盘
480,14:10:42,5.24,-0.01,28,14672,卖盘
481,14:10:38,5.25,0.01,175,91875,买盘
482,14:10:32,5.24,-0.01,81,42444,卖盘
483,14:10:28,5.25,--,56,29400,买盘
484,14:10:23,5.25,0.01,181,95025,买盘
485,14:10:17,5.24,--,123,64792,卖盘
486,14:10:12,5.24,-0.01,8,4192,卖盘
487,14:10:08,5.25,0.01,53,27825,买盘
488,14:10:02,5.24,--,7,3668,卖盘
489,14:09:57,5.24,--,78,40872,卖盘
490,14:09:53,5.24,--,42,22008,卖盘
491,14:09:47,5.24,--,34,17816,卖盘
492,14:09:42,5.24,--,29,15196,卖盘
493,14:09:37,5.24,--,29,15196,卖盘
494,14:09:32,5.24,--,490,256760,卖盘
495,14:09:27,5.24,--,1,524,卖盘
496,14:09:23,5.24,--,64,33536,卖盘
497,14:09:17,5.24,-0.01,264,138336,卖盘
498,14:09:07,5.25,0.01,2,1050,买盘
499,14:09:02,5.24,--,3,1572,卖盘
500,14:08:57,5.24,--,49,25676,卖盘
501,14:08:47,5.24,-0.01,4,2096,卖盘
502,14:08:38,5.25,0.01,1,525,买盘
503,14:08:32,5.24,-0.01,39,20436,卖盘
504,14:08:22,5.25,0.01,58,30450,买盘
505,14:08:12,5.24,--,9,4716,卖盘
506,14:08:07,5.24,--,1,524,卖盘
507,14:07:57,5.24,-0.01,300,157200,卖盘
508,14:07:42,5.25,0.01,1,525,买盘
509,14:07:32,5.24,--,13,6812,卖盘
510,14:07:27,5.24,--,192,100608,卖盘
511,14:07:17,5.24,-0.01,238,124712,卖盘
512,14:07:12,5.25,0.01,1,525,买盘
513,14:07:02,5.24,--,6,3144,卖盘
514,14:06:57,5.24,--,72,37728,卖盘
515,14:06:47,5.24,-0.01,388,203312,卖盘
516,14:06:42,5.25,--,1,525,买盘
517,14:06:32,5.25,0.01,105,55125,买盘
518,14:06:22,5.24,--,4,2096,卖盘
519,14:06:17,5.24,--,260,136240,卖盘
520,14:06:12,5.24,-0.01,24,12576,卖盘
521,14:06:07,5.25,0.01,45,23625,买盘
522,14:06:02,5.24,--,6,3144,卖盘
523,14:05:57,5.24,--,61,31964,卖盘
524,14:05:52,5.24,-0.01,5,2620,卖盘
525,14:05:47,5.25,--,730,383250,买盘
526,14:05:42,5.25,--,166,87150,买盘
527,14:05:37,5.25,0.01,18,9450,买盘
528,14:05:32,5.24,--,171,89604,卖盘
529,14:05:12,5.24,-0.01,12,6288,卖盘
530,14:05:02,5.25,0.01,203,106575,买盘
531,14:04:57,5.24,--,87,45588,卖盘
532,14:04:42,5.24,-0.01,327,171348,卖盘
533,14:04:37,5.25,0.01,114,59850,买盘
534,14:04:31,5.24,--,3,1572,卖盘
535,14:04:27,5.24,-0.01,191,100084,卖盘
536,14:04:22,5.25,0.01,300,157500,买盘
537,14:04:16,5.24,-0.01,37,19388,卖盘
538,14:04:12,5.25,--,211,110775,买盘
539,14:04:07,5.25,0.01,56,29400,买盘
540,14:04:01,5.24,--,207,108468,卖盘
541,14:03:56,5.24,--,50,26200,卖盘
542,14:03:46,5.24,--,483,253092,卖盘
543,14:03:41,5.24,--,21,11004,卖盘
544,14:03:37,5.24,--,136,71264,卖盘
545,14:03:31,5.24,--,17,8908,卖盘
546,14:03:26,5.24,-0.01,245,128490,卖盘
547,14:03:16,5.25,0.01,371,194775,买盘
548,14:03:11,5.24,--,250,131000,卖盘
549,14:03:01,5.24,--,38,19912,卖盘
550,14:02:56,5.24,--,469,245756,卖盘
551,14:02:46,5.24,--,34,17816,卖盘
552,14:02:41,5.24,--,251,131524,卖盘
553,14:02:31,5.24,--,246,128904,卖盘
554,14:02:16,5.24,--,258,135192,卖盘
555,14:02:11,5.24,--,13,6812,卖盘
556,14:02:06,5.24,--,260,136240,卖盘
557,14:02:01,5.24,--,232,121568,卖盘
558,14:01:56,5.24,--,260,136240,卖盘
559,14:01:51,5.24,--,38,19912,卖盘
560,14:01:46,5.24,-0.01,228,119472,卖盘
561,14:01:41,5.25,--,1,525,买盘
562,14:01:31,5.25,0.01,238,124950,买盘
563,14:01:26,5.24,-0.01,253,132572,卖盘
564,14:01:21,5.25,--,14,7350,买盘
565,14:01:16,5.25,0.01,132,69300,买盘
566,14:01:11,5.24,--,233,122092,卖盘
567,14:01:06,5.24,-0.01,57,29868,卖盘
568,14:01:01,5.25,0.01,235,123375,买盘
569,14:00:56,5.24,-0.01,69,36156,卖盘
570,14:00:51,5.25,--,420,220500,买盘
571,14:00:46,5.25,--,273,143325,买盘
572,14:00:41,5.25,0.01,1,525,买盘
573,14:00:36,5.24,--,212,111088,卖盘
574,14:00:31,5.24,--,3,1572,卖盘
575,14:00:26,5.24,--,44,23056,卖盘
576,14:00:21,5.24,--,15,7860,卖盘
577,14:00:16,5.24,--,228,119472,卖盘
578,14:00:11,5.24,-0.01,234,122616,卖盘
579,14:00:06,5.25,0.01,20,10500,买盘
580,14:00:01,5.24,-0.01,193,101132,卖盘
581,13:59:56,5.25,0.01,292,153300,买盘
582,13:59:41,5.24,--,259,135716,卖盘
583,13:59:36,5.24,--,4,2096,卖盘
584,13:59:31,5.24,--,226,118424,卖盘
585,13:59:26,5.24,--,145,75980,卖盘
586,13:59:11,5.24,-0.01,251,131524,卖盘
587,13:59:06,5.25,0.01,1,525,买盘
588,13:59:01,5.24,--,221,115804,卖盘
589,13:58:56,5.24,-0.01,84,44016,卖盘
590,13:58:51,5.25,0.01,243,127575,买盘
591,13:58:46,5.24,-0.01,141,73884,卖盘
592,13:58:41,5.25,--,41,21525,买盘
593,13:58:36,5.25,--,268,140700,买盘
594,13:58:26,5.25,0.01,814,427350,买盘
595,13:58:21,5.24,--,224,117376,卖盘
596,13:58:16,5.24,--,7,3668,卖盘
597,13:58:11,5.24,-0.01,224,117376,卖盘
598,13:58:06,5.25,--,87,45675,买盘
599,13:58:01,5.25,-0.01,52,27300,买盘
600,13:57:56,5.26,0.01,355,186730,买盘
601,13:57:51,5.25,0.01,123,64575,买盘
602,13:57:46,5.24,-0.01,256,134144,卖盘
603,13:57:41,5.25,--,32,16800,买盘
604,13:57:36,5.25,0.01,283,148575,买盘
605,13:57:31,5.24,--,41,21484,卖盘
606,13:57:26,5.24,-0.01,69,36156,卖盘
607,13:57:21,5.25,0.01,488,256200,买盘
608,13:57:16,5.24,-0.01,200,104800,卖盘
609,13:57:11,5.25,--,248,130200,买盘
610,13:57:06,5.25,--,50,26250,买盘
611,13:57:01,5.25,0.01,316,165900,买盘
612,13:56:56,5.24,--,49,25676,卖盘
613,13:56:50,5.24,-0.01,383,200692,卖盘
614,13:56:46,5.25,-0.01,34,17850,卖盘
615,13:56:41,5.26,--,2,1052,买盘
616,13:56:35,5.26,0.02,33,17358,买盘
617,13:56:25,5.24,-0.01,227,118948,卖盘
618,13:56:21,5.25,0.01,33,17325,中性盘
619,13:56:15,5.24,-0.01,211,110564,卖盘
620,13:56:11,5.25,--,221,116025,买盘
621,13:56:05,5.25,0.01,423,222075,买盘
622,13:56:01,5.24,-0.01,3,1572,卖盘
623,13:55:55,5.25,--,2628,1379700,买盘
624,13:55:50,5.25,0.01,79,41475,买盘
625,13:55:45,5.24,-0.01,225,117900,卖盘
626,13:55:40,5.25,--,1027,539175,买盘
627,13:55:35,5.25,0.01,1,525,买盘
628,13:55:30,5.24,-0.01,222,116328,卖盘
629,13:55:25,5.25,0.01,64,33600,买盘
630,13:55:20,5.24,-0.01,187,97988,卖盘
631,13:55:15,5.25,0.01,714,374850,买盘
632,13:55:10,5.24,-0.01,130,68120,卖盘
633,13:55:05,5.25,0.01,4,2100,买盘
634,13:55:00,5.24,-0.01,5,2620,卖盘
635,13:54:55,5.25,--,145,76125,买盘
636,13:54:50,5.25,0.01,2,1050,买盘
637,13:54:40,5.24,--,29,15196,卖盘
638,13:54:35,5.24,--,29,15196,卖盘
639,13:54:25,5.24,--,239,125236,卖盘
640,13:54:20,5.24,--,29,15196,卖盘
641,13:54:15,5.24,--,16,8384,卖盘
642,13:54:10,5.24,-0.01,29,15196,卖盘
643,13:54:05,5.25,0.01,33,17325,买盘
644,13:54:00,5.24,--,349,182876,卖盘
645,13:53:55,5.24,--,78,40872,卖盘
646,13:53:50,5.24,-0.01,31,16244,卖盘
647,13:53:40,5.25,0.01,86,45150,买盘
648,13:53:35,5.24,--,30,15720,卖盘
649,13:53:20,5.24,--,30,15720,卖盘
650,13:53:10,5.24,-0.01,29,15196,卖盘
651,13:53:05,5.25,0.01,33,17325,买盘
652,13:53:00,5.24,--,32,16768,卖盘
653,13:52:55,5.24,--,50,26200,卖盘
654,13:52:50,5.24,--,31,16244,卖盘
655,13:52:45,5.24,--,29,15196,卖盘
656,13:52:40,5.24,-0.01,30,15720,卖盘
657,13:52:35,5.25,0.01,33,17325,买盘
658,13:52:30,5.24,--,31,16244,卖盘
659,13:52:20,5.24,-0.01,29,15196,卖盘
660,13:52:15,5.25,0.01,70,36750,买盘
661,13:52:10,5.24,-0.01,16,8384,卖盘
662,13:52:05,5.25,0.01,30,15750,买盘
663,13:52:00,5.24,-0.01,83,43492,卖盘
664,13:51:55,5.25,0.01,87,45675,买盘
665,13:51:50,5.24,--,29,15196,卖盘
666,13:51:45,5.24,--,29,15196,卖盘
667,13:51:40,5.24,-0.01,5,2620,卖盘
668,13:51:35,5.25,0.01,33,17325,买盘
669,13:51:30,5.24,-0.01,100,52400,卖盘
670,13:51:25,5.25,0.01,28,14700,买盘
671,13:51:20,5.24,--,34,17816,卖盘
672,13:51:15,5.24,--,200,104800,卖盘
673,13:51:10,5.24,-0.01,30,15720,卖盘
674,13:51:05,5.25,0.01,39,20475,买盘
675,13:51:00,5.24,--,78,40872,卖盘
676,13:50:55,5.24,--,29,15196,卖盘
677,13:50:50,5.24,--,29,15196,卖盘
678,13:50:40,5.24,-0.01,49,25676,卖盘
679,13:50:35,5.25,0.01,54,28350,买盘
680,13:50:30,5.24,--,30,15720,卖盘
681,13:50:20,5.24,--,60,31665,卖盘
682,13:50:15,5.24,--,50,26200,卖盘
683,13:50:10,5.24,--,29,15196,卖盘
684,13:50:05,5.24,--,177,92748,卖盘
685,13:50:00,5.24,--,86,45064,卖盘
686,13:49:50,5.24,-0.01,2,1048,卖盘
687,13:49:45,5.25,--,14,7350,买盘
688,13:49:40,5.25,--,4,2100,买盘
689,13:49:35,5.25,0.01,58,30450,买盘
690,13:49:20,5.24,-0.01,6,3144,卖盘
691,13:49:05,5.25,0.01,150,78750,买盘
692,13:48:59,5.24,--,55,28820,卖盘
693,13:48:34,5.24,--,136,71264,卖盘
694,13:48:24,5.24,-0.01,247,129428,卖盘
695,13:48:19,5.25,0.01,9,4725,买盘
696,13:48:14,5.24,-0.01,9,4716,卖盘
697,13:48:04,5.25,0.01,1,525,买盘
698,13:47:59,5.24,--,73,38252,卖盘
699,13:47:44,5.24,-0.01,113,59212,卖盘
700,13:47:34,5.25,--,1004,527100,买盘
701,13:47:24,5.25,0.01,58,30450,买盘
702,13:47:14,5.24,--,5,2620,卖盘
703,13:47:04,5.24,--,175,91700,卖盘
704,13:46:59,5.24,-0.01,49,25676,卖盘
705,13:46:54,5.25,0.01,25,13125,买盘
706,13:46:49,5.24,--,4,2096,卖盘
707,13:46:44,5.24,--,21,11004,卖盘
708,13:46:39,5.24,-0.01,2,1048,卖盘
709,13:46:34,5.25,0.01,13,7234,买盘
710,13:46:29,5.24,--,20,10480,卖盘
711,13:46:19,5.24,-0.01,22,11528,卖盘
712,13:46:09,5.25,--,35,18375,买盘
713,13:46:04,5.25,0.01,4,2100,买盘
714,13:45:59,5.24,-0.01,53,27772,卖盘
715,13:45:54,5.25,--,40,21000,买盘
716,13:45:49,5.25,--,17,8925,买盘
717,13:45:44,5.25,--,58,30450,买盘
718,13:45:34,5.25,--,3,1575,买盘
719,13:45:29,5.25,--,117,61425,买盘
720,13:45:14,5.25,--,533,279825,买盘
721,13:45:04,5.25,0.01,298,156450,买盘
722,13:44:59,5.24,-0.01,62,32488,卖盘
723,13:44:44,5.25,--,1,525,买盘
724,13:44:34,5.25,--,19,9975,买盘
725,13:44:29,5.25,0.01,29,15225,买盘
726,13:44:19,5.24,--,20,10480,卖盘
727,13:44:14,5.24,-0.01,23,12052,卖盘
728,13:44:09,5.25,0.01,6,3150,买盘
729,13:44:04,5.24,--,3,1572,卖盘
730,13:43:59,5.24,--,62,32488,卖盘
731,13:43:49,5.24,--,2,1048,卖盘
732,13:43:39,5.24,--,776,406624,卖盘
733,13:43:29,5.24,--,26,13624,卖盘
734,13:43:24,5.24,-0.01,1,524,卖盘
735,13:43:19,5.25,0.01,58,30450,买盘
736,13:43:14,5.24,--,77,40348,卖盘
737,13:43:09,5.24,--,10,5240,卖盘
738,13:43:04,5.24,--,3,1572,卖盘
739,13:42:59,5.24,-0.01,152,79648,卖盘
740,13:42:54,5.25,--,104,54600,买盘
741,13:42:44,5.25,--,194,101850,买盘
742,13:42:38,5.25,0.01,109,57225,买盘
743,13:42:34,5.24,-0.01,15,7860,卖盘
744,13:42:28,5.25,--,183,96075,买盘
745,13:42:23,5.25,0.01,196,102900,买盘
746,13:42:19,5.24,--,20,10480,卖盘
747,13:42:14,5.24,--,30,15720,卖盘
748,13:42:08,5.24,--,7,3668,卖盘
749,13:42:03,5.24,--,13,6916,卖盘
750,13:41:59,5.24,--,52,27248,卖盘
751,13:41:53,5.24,--,9,4716,卖盘
752,13:41:48,5.24,-0.01,23,12052,卖盘
753,13:41:43,5.25,0.01,10,5250,买盘
754,13:41:38,5.24,--,13,6812,卖盘
755,13:41:34,5.24,--,3,1572,卖盘
756,13:41:28,5.24,-0.01,74,38776,卖盘
757,13:41:18,5.25,--,1,525,买盘
758,13:41:13,5.25,--,69,36225,买盘
759,13:41:03,5.25,0.01,12,6300,买盘
760,13:40:59,5.24,-0.01,98,51352,卖盘
761,13:40:53,5.25,0.01,51,26775,买盘
762,13:40:43,5.24,--,29,15196,卖盘
763,13:40:37,5.24,--,30,15720,卖盘
764,13:40:33,5.24,--,40,20960,卖盘
765,13:40:23,5.24,--,90,47160,卖盘
766,13:40:13,5.24,--,56,29344,卖盘
767,13:40:08,5.24,--,29,15196,卖盘
768,13:39:58,5.24,--,89,46636,卖盘
769,13:39:53,5.24,--,30,15720,卖盘
770,13:39:43,5.24,-0.01,64,33536,卖盘
771,13:39:38,5.25,0.01,48,25200,买盘
772,13:39:33,5.24,--,3,1572,卖盘
773,13:39:28,5.24,-0.01,29,15196,卖盘
774,13:39:23,5.25,--,38,19950,买盘
775,13:39:13,5.25,0.01,54,28350,买盘
776,13:39:08,5.24,--,81,42444,卖盘
777,13:38:58,5.24,--,30,15720,卖盘
778,13:38:53,5.24,--,29,15196,卖盘
779,13:38:48,5.24,-0.01,29,15196,卖盘
780,13:38:43,5.25,0.01,15,7875,买盘
781,13:38:38,5.24,--,58,30392,卖盘
782,13:38:33,5.24,--,3,1572,卖盘
783,13:38:28,5.24,--,34,17816,卖盘
784,13:38:23,5.24,--,29,15196,卖盘
785,13:38:18,5.24,--,22,11528,卖盘
786,13:38:13,5.24,--,30,15720,卖盘
787,13:38:08,5.24,--,29,15196,卖盘
788,13:38:03,5.24,--,33,17292,卖盘
789,13:37:58,5.24,--,52,27248,卖盘
790,13:37:53,5.24,--,10,5240,卖盘
791,13:37:48,5.24,--,29,15196,卖盘
792,13:37:43,5.24,--,39,20436,卖盘
793,13:37:38,5.24,--,139,72836,卖盘
794,13:37:28,5.24,--,96,50304,卖盘
795,13:37:23,5.24,--,29,15196,卖盘
796,13:37:13,5.24,--,76,39824,卖盘
797,13:37:08,5.24,--,91,47684,卖盘
798,13:37:03,5.24,-0.01,17,8908,卖盘
799,13:36:58,5.25,0.01,15,7875,买盘
800,13:36:53,5.24,--,29,15196,卖盘
801,13:36:48,5.24,--,29,15196,卖盘
802,13:36:43,5.24,--,29,15196,卖盘
803,13:36:37,5.24,--,30,15720,卖盘
804,13:36:28,5.24,--,542,284008,卖盘
805,13:36:23,5.24,--,33,17292,卖盘
806,13:36:18,5.24,--,77,40348,卖盘
807,13:36:13,5.24,--,77,40348,卖盘
808,13:36:08,5.24,--,29,15196,卖盘
809,13:36:03,5.24,--,35,18340,卖盘
810,13:35:53,5.24,-0.01,29,15196,卖盘
811,13:35:48,5.25,0.01,80,42000,买盘
812,13:35:43,5.24,--,29,15196,卖盘
813,13:35:22,5.24,--,29,15196,卖盘
814,13:35:17,5.24,--,29,15196,卖盘
815,13:35:13,5.24,-0.01,29,15196,卖盘
816,13:35:07,5.25,0.01,395,207375,买盘
817,13:35:02,5.24,-0.01,125,65500,卖盘
818,13:34:57,5.25,--,9,4725,买盘
819,13:34:52,5.25,0.01,57,29925,买盘
820,13:34:47,5.24,--,37,19388,卖盘
821,13:34:38,5.24,-0.01,58,30392,卖盘
822,13:34:23,5.25,0.01,79,41475,买盘
823,13:34:17,5.24,--,24,12576,卖盘
824,13:34:07,5.24,--,10,5240,卖盘
825,13:34:02,5.24,--,171,89604,卖盘
826,13:33:37,5.24,--,397,208028,卖盘
827,13:33:27,5.24,-0.01,11,5764,卖盘
828,13:33:17,5.25,--,380,199500,买盘
829,13:33:12,5.25,0.01,31,16275,买盘
830,13:33:02,5.24,--,64,33536,卖盘
831,13:32:22,5.24,-0.01,26,13624,卖盘
832,13:32:12,5.25,0.01,10,5250,买盘
833,13:32:07,5.24,--,5,2620,卖盘
834,13:32:02,5.24,--,27,14148,卖盘
835,13:31:37,5.24,--,9,5187,卖盘
836,13:31:31,5.24,--,1,524,卖盘
837,13:31:22,5.24,--,4,2096,卖盘
838,13:31:17,5.24,-0.01,55,28820,卖盘
839,13:31:12,5.25,0.01,14,7350,买盘
840,13:31:02,5.24,-0.01,3,1572,卖盘
841,13:30:47,5.25,0.01,100,52500,买盘
842,13:30:32,5.24,-0.01,3,1572,卖盘
843,13:30:17,5.25,0.01,555,291375,买盘
844,13:30:12,5.24,--,18,9432,卖盘
845,13:30:01,5.24,--,3,1572,卖盘
846,13:29:31,5.24,-0.01,3,1572,卖盘
847,13:29:16,5.25,--,94,49350,买盘
848,13:29:07,5.25,0.01,1,525,买盘
849,13:29:01,5.24,--,9,4716,卖盘
850,13:28:57,5.24,-0.01,186,97464,卖盘
851,13:28:52,5.25,0.01,3,1575,买盘
852,13:28:46,5.24,--,7,3668,卖盘
853,13:28:31,5.24,--,43,22532,卖盘
854,13:28:22,5.24,--,1,524,卖盘
855,13:28:16,5.24,--,5,2620,卖盘
856,13:28:07,5.24,--,90,47160,卖盘
857,13:28:01,5.24,--,1005,526620,卖盘
858,13:27:55,5.24,--,274,143576,卖盘
859,13:27:31,5.24,--,3,1572,卖盘
860,13:27:25,5.24,--,18,9432,卖盘
861,13:27:22,5.24,--,171,89604,卖盘
862,13:27:16,5.24,--,100,52400,卖盘
863,13:27:06,5.24,--,20,10480,卖盘
864,13:27:01,5.24,--,6,3144,卖盘
865,13:26:46,5.24,--,40,20960,卖盘
866,13:26:36,5.24,--,9,4716,卖盘
867,13:26:25,5.24,-0.01,1000,524000,卖盘
868,13:26:10,5.25,0.01,40,21000,买盘
869,13:26:01,5.24,-0.01,10,5240,卖盘
870,13:25:51,5.25,0.01,30,15750,买盘
871,13:25:46,5.24,-0.01,2,1048,卖盘
872,13:25:40,5.25,--,247,129675,买盘
873,13:25:36,5.25,--,90,47250,买盘
874,13:25:31,5.25,0.01,100,52500,买盘
875,13:25:25,5.24,--,68,35862,卖盘
876,13:25:10,5.24,--,58,30392,卖盘
877,13:25:01,5.24,-0.01,17,8908,卖盘
878,13:24:55,5.25,--,41,21525,买盘
879,13:24:46,5.25,--,380,199500,买盘
880,13:24:40,5.25,0.01,15,7875,买盘
881,13:24:25,5.24,--,14,7336,卖盘
882,13:24:10,5.24,--,5,2620,卖盘
883,13:24:01,5.24,--,6,3144,卖盘
884,13:23:51,5.24,-0.01,2,1048,卖盘
885,13:23:36,5.25,--,50,26250,买盘
886,13:23:31,5.25,--,4,2100,买盘
887,13:23:21,5.25,--,20,10500,买盘
888,13:23:16,5.25,--,28,14700,买盘
889,13:23:10,5.25,0.01,1,525,买盘
890,13:23:01,5.24,-0.01,6,3144,卖盘
891,13:22:55,5.25,0.01,35,18375,买盘
892,13:22:45,5.24,--,5,2620,卖盘
893,13:22:25,5.24,--,34,17816,卖盘
894,13:22:16,5.24,-0.01,8,4192,卖盘
895,13:22:01,5.25,0.01,26,13650,买盘
896,13:21:46,5.24,-0.01,8,4192,卖盘
897,13:21:25,5.25,--,79,41475,买盘
898,13:21:16,5.25,0.01,23,12075,买盘
899,13:21:01,5.24,--,3,1572,卖盘
900,13:20:49,5.24,--,2,1048,卖盘
901,13:20:31,5.24,--,25,13100,卖盘
902,13:20:25,5.24,-0.01,19,9956,卖盘
903,13:20:04,5.25,--,118,62370,卖盘
904,13:19:55,5.25,--,120,63000,卖盘
905,13:19:40,5.25,--,400,210000,卖盘
906,13:19:34,5.25,--,3,1575,卖盘
907,13:19:25,5.25,--,54,28350,卖盘
908,13:19:19,5.25,--,42,22050,卖盘
909,13:19:10,5.25,--,500,262500,卖盘
910,13:19:04,5.25,--,139,72975,卖盘
911,13:18:59,5.25,--,131,68775,卖盘
912,13:18:55,5.25,--,129,67725,卖盘
913,13:18:45,5.25,--,6,3150,卖盘
914,13:18:34,5.25,--,92,48300,卖盘
915,13:18:25,5.25,--,2,1050,卖盘
916,13:18:04,5.25,-0.01,3,1575,卖盘
917,13:18:00,5.26,0.01,10,5260,买盘
918,13:17:49,5.25,--,49,25725,卖盘
919,13:17:34,5.25,--,3,1575,卖盘
920,13:17:25,5.25,--,64,33600,卖盘
921,13:17:19,5.25,-0.01,6,3150,卖盘
922,13:17:10,5.26,0.01,41,21566,买盘
923,13:17:04,5.25,-0.01,863,453075,卖盘
924,13:16:55,5.26,0.01,50,26300,买盘
925,13:16:49,5.25,--,32,16957,卖盘
926,13:16:45,5.25,--,2,1050,卖盘
927,13:16:34,5.25,-0.01,36,18900,卖盘
928,13:16:15,5.26,0.01,178,93628,买盘
929,13:16:04,5.25,-0.01,78,41422,卖盘
930,13:16:00,5.26,0.01,1,526,买盘
931,13:15:55,5.25,--,4,2100,卖盘
932,13:15:49,5.25,-0.01,29,15225,卖盘
933,13:15:45,5.26,0.01,40,21040,买盘
934,13:15:39,5.25,--,29,15225,卖盘
935,13:15:34,5.25,-0.01,3,1575,卖盘
936,13:15:10,5.26,0.01,111,58386,买盘
937,13:15:04,5.25,-0.01,3,1575,卖盘
938,13:14:55,5.26,0.01,2,1052,买盘
939,13:14:49,5.25,--,30,15750,卖盘
940,13:14:40,5.25,--,33,17325,卖盘
941,13:14:34,5.25,--,3,1575,卖盘
942,13:14:30,5.25,--,29,15225,卖盘
943,13:14:25,5.25,-0.01,40,21000,卖盘
944,13:14:19,5.26,0.01,5,2630,买盘
945,13:14:15,5.25,-0.01,100,52500,卖盘
946,13:14:10,5.26,0.01,30,15780,买盘
947,13:14:04,5.25,--,3,1575,卖盘
948,13:13:49,5.25,-0.01,1,525,卖盘
949,13:13:40,5.26,--,2293,1206118,买盘
950,13:13:34,5.26,0.01,9,4734,买盘
951,13:13:13,5.25,-0.01,1,525,卖盘
952,13:13:04,5.26,0.01,44,23144,买盘
953,13:12:54,5.25,--,1,525,卖盘
954,13:12:43,5.25,--,1,525,卖盘
955,13:12:34,5.25,--,21,11025,卖盘
956,13:12:04,5.25,--,24,12600,卖盘
957,13:11:54,5.25,0.01,34,17850,买盘
958,13:11:43,5.24,-0.01,3,1572,卖盘
959,13:11:34,5.25,--,34,17850,买盘
960,13:11:28,5.25,-0.01,20,10500,买盘
961,13:11:19,5.26,--,0,0,买盘
962,13:11:04,5.26,--,5,2630,买盘
963,13:10:58,5.26,0.01,44,23249,买盘
964,13:10:43,5.25,--,263,138075,买盘
965,13:10:39,5.25,0.01,10,5250,买盘
966,13:10:34,5.24,--,32,16768,卖盘
967,13:10:28,5.24,-0.01,5,2620,卖盘
968,13:10:24,5.25,--,45,23625,买盘
969,13:10:08,5.25,--,13,6825,买盘
970,13:10:04,5.25,--,9,4725,买盘
971,13:09:58,5.25,--,4,2100,买盘
972,13:09:34,5.25,--,72,37800,买盘
973,13:09:28,5.25,--,3,1575,买盘
974,13:09:24,5.25,--,12,6300,买盘
975,13:09:19,5.25,--,36,18900,买盘
976,13:09:04,5.25,0.01,538,282450,买盘
977,13:08:58,5.24,-0.01,112,58688,卖盘
978,13:08:54,5.25,0.01,20,10500,买盘
979,13:08:49,5.24,--,29,15196,卖盘
980,13:08:39,5.24,--,29,15196,卖盘
981,13:08:34,5.24,-0.01,3,1572,卖盘
982,13:08:28,5.25,0.01,76,39900,买盘
983,13:08:19,5.24,-0.01,30,15720,卖盘
984,13:08:04,5.25,0.01,1,525,买盘
985,13:07:58,5.24,--,36,18864,卖盘
986,13:07:49,5.24,--,29,15196,卖盘
987,13:07:39,5.24,-0.01,29,15196,卖盘
988,13:07:34,5.25,--,4,2100,买盘
989,13:07:13,5.25,0.01,79,41475,买盘
990,13:07:09,5.24,--,29,15196,卖盘
991,13:06:58,5.24,--,35,18340,卖盘
992,13:06:53,5.24,-0.01,72,37728,卖盘
993,13:06:48,5.25,--,30,15750,买盘
994,13:06:24,5.25,0.01,10,5250,买盘
995,13:06:04,5.24,-0.01,29,15196,卖盘
996,13:05:58,5.25,--,77,40425,买盘
997,13:05:48,5.25,--,6,3150,卖盘
998,13:05:37,5.25,--,29,15225,买盘
999,13:05:33,5.25,--,3,1575,卖盘
1000,13:05:28,5.25,--,41,21525,卖盘
1001,13:05:18,5.25,-0.01,1,525,卖盘
1002,13:05:13,5.26,0.01,13,6838,买盘
1003,13:05:07,5.25,--,30,15750,卖盘
1004,13:05:03,5.25,0.01,3,1575,卖盘
1005,13:04:58,5.24,-0.02,500,262000,卖盘
1006,13:04:52,5.26,--,0,0,买盘
1007,13:04:48,5.26,0.02,76,39976,买盘
1008,13:04:37,5.24,--,62,32488,卖盘
1009,13:04:28,5.24,-0.01,38,19912,卖盘
1010,13:04:22,5.25,--,11,5775,卖盘
1011,13:04:18,5.25,--,13,6825,买盘
1012,13:04:13,5.25,--,39,20475,卖盘
1013,13:04:03,5.25,0.01,7,3675,买盘
1014,13:03:58,5.24,--,1,524,卖盘
1015,13:03:43,5.24,-0.01,43,22532,卖盘
1016,13:03:33,5.25,--,68,35700,卖盘
1017,13:03:22,5.25,--,1,525,卖盘
1018,13:03:18,5.25,--,29,15225,卖盘
1019,13:03:13,5.25,0.01,233,122325,买盘
1020,13:02:58,5.24,-0.01,5,2620,卖盘
1021,13:02:48,5.25,0.01,3,1575,买盘
1022,13:02:43,5.24,--,50,26200,卖盘
1023,13:02:37,5.24,--,3,1572,卖盘
1024,13:02:33,5.24,--,3,1572,卖盘
1025,13:02:28,5.24,-0.01,75,39300,卖盘
1026,13:02:07,5.25,-0.01,12,6300,买盘
1027,13:01:58,5.26,0.02,45,23670,买盘
1028,13:01:48,5.24,--,36,18864,卖盘
1029,13:01:37,5.24,--,810,424937,卖盘
1030,13:01:03,5.24,-0.01,3,1572,卖盘
1031,13:00:58,5.25,0.01,66,34650,买盘
1032,13:00:52,5.24,--,1,524,卖盘
1033,13:00:43,5.24,-0.01,166,86984,卖盘
1034,13:00:37,5.25,0.01,41,21525,买盘
1035,13:00:33,5.24,-0.01,3,1572,卖盘
1036,13:00:27,5.25,0.01,1134,595350,买盘
1037,13:00:07,5.24,-0.01,2190,1147900,卖盘
1038,13:00:03,5.25,0.01,47,24937,买盘
1039,11:30:00,5.24,--,0,0,卖盘
1040,11:29:59,5.24,--,0,0,卖盘
1041,11:29:43,5.24,--,5,2620,卖盘
1042,11:29:38,5.24,-0.01,20,10480,卖盘
1043,11:29:33,5.25,--,910,477750,买盘
1044,11:29:28,5.25,--,30,15750,买盘
1045,11:29:23,5.25,--,5,2625,买盘
1046,11:29:13,5.25,--,1,525,买盘
1047,11:28:48,5.25,0.01,10,5250,买盘
1048,11:28:43,5.24,-0.01,30,15720,卖盘
1049,11:28:28,5.25,0.01,54,28350,买盘
1050,11:28:13,5.24,--,4,2614,卖盘
1051,11:28:03,5.24,--,14,7336,卖盘
1052,11:27:53,5.24,--,26,13624,卖盘
1053,11:27:48,5.24,-0.01,5,2620,卖盘
1054,11:27:28,5.25,--,41,21525,买盘
1055,11:27:23,5.25,--,136,71400,买盘
1056,11:26:42,5.25,0.01,80,42000,买盘
1057,11:26:18,5.24,--,2,1048,卖盘
1058,11:25:53,5.24,-0.01,23,12549,卖盘
1059,11:25:48,5.25,0.01,10,5250,买盘
1060,11:25:38,5.24,-0.01,0,10,卖盘
1061,11:25:27,5.25,0.01,1,525,买盘
1062,11:25:23,5.24,-0.01,90,47165,卖盘
1063,11:25:12,5.25,--,1,525,买盘
1064,11:25:08,5.25,--,217,113925,买盘
1065,11:24:53,5.25,--,37,19456,买盘
1066,11:24:48,5.25,--,40,21000,买盘
1067,11:24:38,5.25,--,2,1050,买盘
1068,11:24:33,5.25,--,13,6825,买盘
1069,11:24:18,5.25,--,6,3150,买盘
1070,11:24:12,5.25,0.01,19,9975,买盘
1071,11:24:08,5.24,-0.01,5,2620,卖盘
1072,11:23:52,5.25,--,5,2625,买盘
1073,11:23:22,5.25,--,3,1575,买盘
1074,11:23:17,5.25,--,38,19950,买盘
1075,11:23:12,5.25,--,5,2625,买盘
1076,11:23:07,5.25,0.01,100,52500,买盘
1077,11:23:02,5.24,--,44,23056,卖盘
1078,11:22:47,5.24,-0.01,5,2620,卖盘
1079,11:22:17,5.25,0.01,380,199500,买盘
1080,11:22:07,5.24,-0.01,5,2620,卖盘
1081,11:22:02,5.25,0.01,5,2625,买盘
1082,11:21:57,5.24,-0.01,2,1048,卖盘
1083,11:21:47,5.25,0.01,2,1050,买盘
1084,11:21:42,5.24,-0.01,25,13100,卖盘
1085,11:21:37,5.25,--,23,12075,买盘
1086,11:21:22,5.25,--,43,22575,买盘
1087,11:21:17,5.25,--,38,19950,买盘
1088,11:20:37,5.25,0.01,400,210000,买盘
1089,11:20:27,5.24,-0.01,5,2620,卖盘
1090,11:20:22,5.25,--,129,67725,买盘
1091,11:20:17,5.25,--,20,10500,买盘
1092,11:20:12,5.25,0.01,177,92925,买盘
1093,11:20:07,5.24,-0.01,221,115804,卖盘
1094,11:20:02,5.25,--,152,79800,买盘
1095,11:19:52,5.25,--,282,148050,买盘
1096,11:19:47,5.25,--,143,75075,买盘
1097,11:19:37,5.25,--,280,147000,买盘
1098,11:19:32,5.25,--,406,213150,买盘
1099,11:19:27,5.25,--,37,19425,买盘
1100,11:19:22,5.25,--,22,11550,买盘
1101,11:19:07,5.25,0.01,241,126525,买盘
1102,11:19:02,5.24,-0.01,15,7860,卖盘
1103,11:18:42,5.25,--,94,49350,买盘
1104,11:18:32,5.25,0.01,55,28875,买盘
1105,11:18:21,5.24,--,29,15196,卖盘
1106,11:18:12,5.24,--,29,15196,卖盘
1107,11:18:06,5.24,--,29,15196,卖盘
1108,11:18:02,5.24,--,20,10480,卖盘
1109,11:17:57,5.24,-0.01,2,1048,卖盘
1110,11:17:51,5.25,0.01,125,65625,买盘
1111,11:17:36,5.24,--,29,15196,卖盘
1112,11:17:21,5.24,-0.01,29,15196,卖盘
1113,11:17:17,5.25,--,104,54600,买盘
1114,11:17:12,5.25,0.01,38,19950,买盘
1115,11:16:57,5.24,--,5,2620,卖盘
1116,11:16:51,5.24,--,29,15196,卖盘
1117,11:16:47,5.24,-0.01,29,15196,卖盘
1118,11:16:42,5.25,0.01,11,5775,买盘
1119,11:16:32,5.24,-0.01,28,14672,卖盘
1120,11:16:17,5.25,--,102,53550,买盘
1121,11:15:47,5.25,--,12,6300,买盘
1122,11:15:26,5.25,--,129,67725,买盘
1123,11:15:21,5.25,--,1,525,买盘
1124,11:15:16,5.25,-0.01,4870,2556776,卖盘
1125,11:15:06,5.26,0.01,40,21040,买盘
1126,11:15:01,5.25,--,214,112350,卖盘
1127,11:14:56,5.25,--,5,2625,卖盘
1128,11:14:46,5.25,-0.01,5,2625,卖盘
1129,11:14:31,5.26,--,15,7890,买盘
1130,11:14:26,5.26,0.01,4,2104,买盘
1131,11:14:21,5.25,--,2,1050,卖盘
1132,11:14:16,5.25,--,1,525,卖盘
1133,11:14:11,5.25,-0.01,10,5250,卖盘
1134,11:14:06,5.26,--,78,41028,买盘
1135,11:13:56,5.26,0.01,28,14728,买盘
1136,11:13:46,5.25,--,35,18375,卖盘
1137,11:13:31,5.25,-0.01,252,132300,卖盘
1138,11:13:26,5.26,--,147,77322,买盘
1139,11:13:11,5.26,0.01,54,28404,买盘
1140,11:13:01,5.25,--,43,22575,卖盘
1141,11:12:56,5.25,--,229,120225,卖盘
1142,11:12:51,5.25,--,5,2625,卖盘
1143,11:12:46,5.25,--,14,7350,卖盘
1144,11:12:41,5.25,--,73,38325,卖盘
1145,11:12:36,5.25,--,101,53025,卖盘
1146,11:12:31,5.25,--,2,1050,卖盘
1147,11:12:26,5.25,--,2,1050,卖盘
1148,11:12:21,5.25,--,30,15750,卖盘
1149,11:12:16,5.25,-0.01,35,18375,卖盘
1150,11:12:11,5.26,--,442,232492,买盘
1151,11:12:06,5.26,0.01,2,1052,买盘
1152,11:12:01,5.25,--,49,25725,卖盘
1153,11:11:56,5.25,--,29,15225,卖盘
1154,11:11:51,5.25,-0.01,29,15225,卖盘
1155,11:11:46,5.26,0.01,1,526,买盘
1156,11:11:41,5.25,--,80,42000,卖盘
1157,11:11:36,5.25,--,100,52500,卖盘
1158,11:11:31,5.25,--,65,34623,卖盘
1159,11:11:26,5.25,--,30,15750,卖盘
1160,11:11:21,5.25,--,69,36225,卖盘
1161,11:11:16,5.25,--,29,15225,卖盘
1162,11:11:11,5.25,--,29,15225,卖盘
1163,11:11:06,5.25,--,29,15225,卖盘
1164,11:11:01,5.25,--,100,52500,卖盘
1165,11:10:56,5.25,-0.01,39,20475,卖盘
1166,11:10:51,5.26,0.01,366,192516,买盘
1167,11:10:41,5.25,--,1965,1031625,卖盘
1168,11:10:36,5.25,-0.01,29,15225,卖盘
1169,11:10:30,5.26,0.01,266,139916,买盘
1170,11:10:21,5.25,-0.01,202,106050,卖盘
1171,11:10:06,5.26,--,54,28404,买盘
1172,11:09:56,5.26,--,117,61542,买盘
1173,11:09:51,5.26,--,125,65750,买盘
1174,11:09:41,5.26,0.01,39,20514,买盘
1175,11:09:36,5.25,-0.01,5,2625,卖盘
1176,11:09:26,5.26,--,129,67854,买盘
1177,11:09:21,5.26,--,2,1052,买盘
1178,11:09:15,5.26,0.01,117,61542,买盘
1179,11:09:11,5.25,-0.01,5,2625,卖盘
1180,11:09:05,5.26,0.01,351,184626,买盘
1181,11:09:00,5.25,-0.01,69,36225,卖盘
1182,11:08:50,5.26,--,41,21566,买盘
1183,11:08:40,5.26,0.01,121,63646,买盘
1184,11:08:35,5.25,-0.01,7,3675,卖盘
1185,11:08:25,5.26,0.01,81,42606,买盘
1186,11:08:20,5.25,--,7,3675,卖盘
1187,11:08:05,5.25,--,51,26775,卖盘
1188,11:08:00,5.25,--,10,5250,卖盘
1189,11:07:55,5.25,-0.01,1,525,卖盘
1190,11:07:50,5.26,--,233,122558,买盘
1191,11:07:40,5.26,0.01,105,55230,买盘
1192,11:07:35,5.25,--,2,1050,卖盘
1193,11:07:20,5.25,--,59,30975,卖盘
1194,11:07:10,5.25,-0.01,105,55125,卖盘
1195,11:07:05,5.26,--,30,15780,买盘
1196,11:06:40,5.26,--,41,21566,买盘
1197,11:06:25,5.26,0.01,41,21566,买盘
1198,11:06:15,5.25,-0.01,1,525,卖盘
1199,11:06:10,5.26,0.01,65,34190,买盘
1200,11:06:05,5.25,-0.01,11,5775,卖盘
1201,11:06:00,5.26,0.01,9,4734,买盘
1202,11:05:55,5.25,-0.01,10,5250,卖盘
1203,11:05:45,5.26,0.01,9,4734,买盘
1204,11:05:35,5.25,--,2,1050,卖盘
1205,11:05:30,5.25,-0.01,5,2625,卖盘
1206,11:05:10,5.26,--,257,135182,买盘
1207,11:05:05,5.26,0.01,14,7364,买盘
1208,11:05:00,5.25,--,1,525,卖盘
1209,11:04:55,5.25,-0.01,53,27825,卖盘
1210,11:04:40,5.26,--,159,83634,买盘
1211,11:04:30,5.26,0.01,42,22092,买盘
1212,11:04:25,5.25,--,88,46200,卖盘
1213,11:04:05,5.25,--,70,36750,卖盘
1214,11:04:00,5.25,-0.01,7,3675,卖盘
1215,11:03:50,5.26,0.01,2,1052,买盘
1216,11:03:35,5.25,--,5,2625,卖盘
1217,11:03:30,5.25,--,14,7350,卖盘
1218,11:03:09,5.25,--,220,115500,卖盘
1219,11:03:05,5.25,-0.01,5,2625,卖盘
1220,11:02:54,5.26,--,40,21040,买盘
1221,11:02:50,5.26,--,49,25774,买盘
1222,11:02:39,5.26,--,3,1578,买盘
1223,11:02:35,5.26,--,2,1052,买盘
1224,11:02:30,5.26,--,53,27878,买盘
1225,11:02:20,5.26,0.01,171,89946,买盘
1226,11:02:15,5.25,-0.01,264,138600,卖盘
1227,11:01:59,5.26,--,178,93628,买盘
1228,11:01:54,5.26,--,3,1578,买盘
1229,11:01:50,5.26,0.01,239,125714,买盘
1230,11:01:35,5.25,-0.01,8,4200,卖盘
1231,11:01:29,5.26,--,40,21040,买盘
1232,11:01:24,5.26,--,1,526,买盘
1233,11:01:19,5.26,--,1,526,买盘
1234,11:01:09,5.26,--,3,1578,买盘
1235,11:01:04,5.26,0.01,80,42080,买盘
1236,11:00:59,5.25,-0.01,252,132300,卖盘
1237,11:00:54,5.26,0.01,28,14728,买盘
1238,11:00:49,5.25,-0.01,201,105525,卖盘
1239,11:00:44,5.26,--,66,34716,买盘
1240,11:00:39,5.26,--,52,27352,买盘
1241,11:00:34,5.26,--,96,50496,买盘
1242,11:00:29,5.26,--,213,112038,买盘
1243,11:00:24,5.26,--,162,85212,买盘
1244,11:00:19,5.26,--,132,69432,买盘
1245,11:00:14,5.26,--,233,122558,买盘
1246,11:00:09,5.26,--,54,28404,买盘
1247,11:00:04,5.26,--,112,58912,买盘
1248,10:59:39,5.26,--,80,42080,买盘
1249,10:59:24,5.26,--,13,6838,买盘
1250,10:59:19,5.26,--,582,306132,买盘
1251,10:59:14,5.26,--,142,74692,买盘
1252,10:59:09,5.26,--,124,65224,买盘
1253,10:58:54,5.26,0.01,127,66802,买盘
1254,10:58:44,5.25,--,88,46200,卖盘
1255,10:58:39,5.25,-0.01,84,44100,卖盘
1256,10:58:29,5.26,0.01,410,215660,买盘
1257,10:58:24,5.25,--,165,86625,买盘
1258,10:58:19,5.25,--,677,355425,买盘
1259,10:58:13,5.25,--,351,184275,买盘
1260,10:58:09,5.25,--,2890,1517250,买盘
1261,10:58:04,5.25,--,540,283500,买盘
1262,10:57:59,5.25,--,605,317625,买盘
1263,10:57:49,5.25,--,4268,2240700,买盘
1264,10:57:44,5.25,--,159,83811,买盘
1265,10:57:34,5.25,0.01,187,98364,买盘
1266,10:57:28,5.24,--,106,55544,卖盘
1267,10:57:19,5.24,-0.01,245,128380,卖盘
1268,10:57:14,5.25,--,50,26250,买盘
1269,10:56:58,5.25,--,20,10500,买盘
1270,10:56:54,5.25,--,2,1050,买盘
1271,10:56:34,5.25,--,2,1050,买盘
1272,10:56:28,5.25,0.01,40,21000,买盘
1273,10:56:24,5.24,-0.01,6,3144,卖盘
1274,10:56:19,5.25,0.01,58,30450,买盘
1275,10:56:13,5.24,-0.01,1463,766612,卖盘
1276,10:56:09,5.25,--,78,40950,买盘
1277,10:55:48,5.25,0.01,2,1050,买盘
1278,10:55:43,5.24,-0.01,35,18340,卖盘
1279,10:55:29,5.25,0.01,14,7691,买盘
1280,10:55:23,5.24,-0.01,220,115280,卖盘
1281,10:55:18,5.25,--,7,3675,买盘
1282,10:55:08,5.25,--,90,47250,买盘
1283,10:54:53,5.25,--,980,514500,买盘
1284,10:54:43,5.25,--,225,118125,买盘
1285,10:54:28,5.25,0.01,2,1050,买盘
1286,10:54:23,5.24,-0.01,34,17816,卖盘
1287,10:54:18,5.25,0.01,40,21000,买盘
1288,10:54:08,5.24,-0.01,5,2620,卖盘
1289,10:53:58,5.25,--,10,5250,买盘
1290,10:53:48,5.25,--,6,3150,买盘
1291,10:53:38,5.25,--,226,118650,买盘
1292,10:53:33,5.25,--,134,70350,买盘
1293,10:53:23,5.25,--,177,92925,买盘
1294,10:53:18,5.25,0.01,25,13125,买盘
1295,10:53:13,5.24,-0.01,7,3668,卖盘
1296,10:53:08,5.25,--,868,456009,买盘
1297,10:53:03,5.25,--,50,26250,买盘
1298,10:52:58,5.25,0.01,12,6300,买盘
1299,10:52:53,5.24,-0.01,68,35632,卖盘
1300,10:52:48,5.25,0.01,35,18375,买盘
1301,10:52:43,5.24,--,17,8908,卖盘
1302,10:52:38,5.24,-0.01,252,132048,卖盘
1303,10:52:33,5.25,--,10,5250,买盘
1304,10:52:28,5.25,--,434,227850,买盘
1305,10:52:22,5.25,--,941,494025,买盘
1306,10:52:13,5.25,--,134,70350,买盘
1307,10:52:07,5.25,--,94,49350,买盘
1308,10:51:58,5.25,--,287,150675,买盘
1309,10:51:52,5.25,--,175,91875,买盘
1310,10:51:48,5.25,--,24,12600,买盘
1311,10:51:37,5.25,--,1922,1009050,买盘
1312,10:51:28,5.25,0.01,43,22575,买盘
1313,10:51:22,5.24,-0.01,50,26200,卖盘
1314,10:51:07,5.25,--,20,10500,买盘
1315,10:51:03,5.25,--,183,96075,买盘
1316,10:50:52,5.25,--,21,11025,买盘
1317,10:50:37,5.25,--,37,19425,买盘
1318,10:50:33,5.25,--,301,158025,买盘
1319,10:50:28,5.25,--,526,276150,买盘
1320,10:50:22,5.25,--,48,25200,买盘
1321,10:50:13,5.25,0.01,17,8925,买盘
1322,10:50:07,5.24,--,101,52924,卖盘
1323,10:50:03,5.24,--,12,6288,卖盘
1324,10:49:58,5.24,--,154,80696,卖盘
1325,10:49:37,5.24,-0.01,7,3668,卖盘
1326,10:49:27,5.25,--,21,11025,买盘
1327,10:49:07,5.25,0.01,10,5250,买盘
1328,10:48:32,5.24,-0.01,9,4716,卖盘
1329,10:48:17,5.25,--,124,65100,买盘
1330,10:48:02,5.25,0.01,66,34650,买盘
1331,10:47:47,5.24,--,19,9956,卖盘
1332,10:47:42,5.24,-0.01,5,2620,卖盘
1333,10:47:32,5.25,0.01,13,6825,买盘
1334,10:47:27,5.24,-0.01,40,20960,卖盘
1335,10:47:22,5.25,--,29,15225,买盘
1336,10:47:17,5.25,0.01,98,51450,买盘
1337,10:46:47,5.24,--,2,1048,卖盘
1338,10:46:27,5.24,-0.01,2,1048,卖盘
1339,10:46:01,5.25,0.01,46,24150,买盘
1340,10:45:52,5.24,--,20,10480,卖盘
1341,10:45:46,5.24,-0.01,299,156676,卖盘
1342,10:45:42,5.25,0.01,74,38850,买盘
1343,10:45:37,5.24,--,38,19912,卖盘
1344,10:45:21,5.24,-0.01,37,19388,卖盘
1345,10:45:16,5.25,0.01,63,33075,买盘
1346,10:45:07,5.24,--,9,4716,卖盘
1347,10:45:01,5.24,-0.01,100,52400,卖盘
1348,10:44:52,5.25,0.01,88,46200,买盘
1349,10:44:42,5.24,-0.01,38,19912,卖盘
1350,10:44:37,5.25,0.01,35,18375,买盘
1351,10:44:31,5.24,--,38,19912,卖盘
1352,10:44:22,5.24,--,37,19388,卖盘
1353,10:44:16,5.24,-0.01,37,19388,卖盘
1354,10:44:07,5.25,0.01,192,100800,买盘
1355,10:44:01,5.24,-0.01,6,3144,卖盘
1356,10:43:52,5.25,--,41,21525,买盘
1357,10:43:46,5.25,0.01,49,25725,买盘
1358,10:43:42,5.24,--,11,5764,卖盘
1359,10:43:36,5.24,-0.01,50,26200,卖盘
1360,10:43:31,5.25,0.01,195,102375,买盘
1361,10:43:27,5.24,--,8,4192,卖盘
1362,10:43:22,5.24,--,97,50828,卖盘
1363,10:43:06,5.24,--,565,296060,卖盘
1364,10:43:01,5.24,--,87,45588,卖盘
1365,10:42:51,5.24,-0.01,230,120520,卖盘
1366,10:42:46,5.25,0.01,1,525,买盘
1367,10:42:41,5.24,--,35,18340,卖盘
1368,10:42:31,5.24,--,113,59212,卖盘
1369,10:42:21,5.24,--,37,19388,卖盘
1370,10:42:16,5.24,--,43,22532,卖盘
1371,10:42:06,5.24,--,32,16768,卖盘
1372,10:42:01,5.24,--,204,106896,卖盘
1373,10:41:51,5.24,--,259,135716,卖盘
1374,10:41:46,5.24,--,37,19388,卖盘
1375,10:41:31,5.24,--,37,19388,卖盘
1376,10:41:21,5.24,--,38,19912,卖盘
1377,10:41:16,5.24,--,82,42968,卖盘
1378,10:41:11,5.24,--,37,19388,卖盘
1379,10:40:56,5.24,--,20,10480,卖盘
1380,10:40:46,5.24,--,146,76504,卖盘
1381,10:40:21,5.24,--,5,2620,卖盘
1382,10:40:16,5.24,--,1,524,卖盘
1383,10:39:56,5.24,-0.01,220,115280,卖盘
1384,10:39:51,5.25,0.01,41,21525,买盘
1385,10:39:46,5.24,--,20,10480,卖盘
1386,10:39:41,5.24,--,36,18864,卖盘
1387,10:39:31,5.24,--,37,19388,卖盘
1388,10:39:21,5.24,-0.01,105,55020,卖盘
1389,10:39:16,5.25,0.01,40,21000,买盘
1390,10:39:10,5.24,--,38,19912,卖盘
1391,10:39:01,5.24,--,36,18864,卖盘
1392,10:38:51,5.24,--,37,19388,卖盘
1393,10:38:40,5.24,--,158,82792,卖盘
1394,10:38:36,5.24,--,43,22626,卖盘
1395,10:38:30,5.24,--,273,143052,卖盘
1396,10:38:25,5.24,-0.01,24,12638,卖盘
1397,10:38:21,5.25,--,57,29925,买盘
1398,10:38:15,5.25,--,40,21000,买盘
1399,10:38:10,5.25,--,418,219450,买盘
1400,10:37:45,5.25,--,715,375375,买盘
1401,10:37:40,5.25,0.01,61,32025,买盘
1402,10:37:36,5.24,--,2,1048,卖盘
1403,10:37:25,5.24,-0.01,5,2620,卖盘
1404,10:37:21,5.25,0.01,41,21525,买盘
1405,10:37:10,5.24,-0.01,5,2620,卖盘
1406,10:36:40,5.25,0.01,290,152250,买盘
1407,10:36:30,5.24,--,37,19388,卖盘
1408,10:36:25,5.24,-0.01,22,11528,卖盘
1409,10:36:21,5.25,--,77,40425,买盘
1410,10:36:15,5.25,--,286,150150,买盘
1411,10:36:10,5.25,0.01,110,57750,买盘
1412,10:36:00,5.24,-0.01,37,19388,卖盘
1413,10:35:55,5.25,0.01,41,21525,买盘
1414,10:35:50,5.24,-0.01,38,19912,卖盘
1415,10:35:45,5.25,0.01,1,525,买盘
1416,10:35:40,5.24,-0.01,80,41920,卖盘
1417,10:35:30,5.25,--,89,46725,买盘
1418,10:35:25,5.25,0.01,1,525,买盘
1419,10:35:20,5.24,-0.01,137,71788,卖盘
1420,10:35:15,5.25,0.01,46,24150,买盘
1421,10:35:10,5.24,-0.01,43,22532,卖盘
1422,10:35:05,5.25,0.01,50,26250,买盘
1423,10:34:55,5.24,-0.01,1,524,卖盘
1424,10:34:45,5.25,0.01,26,13650,买盘
1425,10:34:40,5.24,-0.01,70,36680,卖盘
1426,10:34:30,5.25,--,20,10500,买盘
1427,10:34:20,5.25,--,40,21000,买盘
1428,10:34:15,5.25,0.01,40,21000,买盘
1429,10:34:00,5.24,-0.01,34,17816,卖盘
1430,10:33:55,5.25,--,35,18375,买盘
1431,10:33:40,5.25,0.01,46,24150,买盘
1432,10:33:35,5.24,--,2,1048,卖盘
1433,10:33:20,5.24,-0.01,801,419724,卖盘
1434,10:33:05,5.25,0.01,56,29400,买盘
1435,10:33:00,5.24,--,30,15720,卖盘
1436,10:32:55,5.24,-0.01,1344,704303,卖盘
1437,10:32:49,5.25,--,256,134400,买盘
1438,10:32:45,5.25,0.01,10,5250,买盘
1439,10:32:40,5.24,--,4,2096,卖盘
1440,10:32:30,5.24,--,20,10480,卖盘
1441,10:32:19,5.24,-0.01,58,30554,卖盘
1442,10:32:10,5.25,--,23,12075,买盘
1443,10:32:04,5.25,--,104,54600,买盘
1444,10:32:00,5.25,--,10,5250,买盘
1445,10:31:49,5.25,0.01,100,52500,买盘
1446,10:31:45,5.24,-0.01,1,524,卖盘
1447,10:31:40,5.25,--,10,5250,买盘
1448,10:31:34,5.25,--,41,21525,买盘
1449,10:31:19,5.25,0.01,42,22050,买盘
1450,10:31:04,5.24,-0.01,5,2620,卖盘
1451,10:31:00,5.25,--,168,88200,买盘
1452,10:30:54,5.25,0.01,42,22050,买盘
1453,10:30:49,5.24,-0.01,16,8384,卖盘
1454,10:30:24,5.25,0.01,10050,5276250,买盘
1455,10:30:19,5.24,-0.01,389,203836,卖盘
1456,10:30:14,5.25,--,239,125475,买盘
1457,10:30:09,5.25,0.01,11,5775,买盘
1458,10:30:04,5.24,-0.01,300,157200,卖盘
1459,10:29:54,5.25,--,20,10500,买盘
1460,10:29:49,5.25,0.01,376,197400,买盘
1461,10:29:45,5.24,-0.01,5,2620,卖盘
1462,10:29:34,5.25,--,50,26250,买盘
1463,10:29:29,5.25,--,1,525,买盘
1464,10:29:19,5.25,--,40,21000,买盘
1465,10:29:14,5.25,--,57,29925,买盘
1466,10:29:09,5.25,0.01,23,12075,买盘
1467,10:29:04,5.24,-0.01,5,2620,卖盘
1468,10:28:59,5.25,0.01,49,25725,买盘
1469,10:28:24,5.24,-0.01,2,1048,卖盘
1470,10:28:19,5.25,--,58,30450,买盘
1471,10:28:14,5.25,--,40,21000,买盘
1472,10:28:09,5.25,--,100,52500,买盘
1473,10:27:59,5.25,0.01,130,68250,买盘
1474,10:27:54,5.24,--,255,133620,卖盘
1475,10:27:49,5.24,-0.01,20,10480,卖盘
1476,10:27:44,5.25,--,12,6300,买盘
1477,10:27:39,5.25,0.01,601,315525,买盘
1478,10:27:24,5.24,--,46,24104,卖盘
1479,10:27:19,5.24,-0.01,90,47160,卖盘
1480,10:27:14,5.25,0.01,58,30450,买盘
1481,10:27:04,5.24,--,55,28820,卖盘
1482,10:26:39,5.24,--,20,10480,卖盘
1483,10:26:29,5.24,-0.01,157,82268,卖盘
1484,10:26:19,5.25,--,66,34650,买盘
1485,10:26:13,5.25,0.01,41,21525,买盘
1486,10:26:09,5.24,--,10,5240,卖盘
1487,10:26:04,5.24,-0.01,375,196500,卖盘
1488,10:25:58,5.25,0.01,34,17850,买盘
1489,10:25:54,5.24,--,67,35108,卖盘
1490,10:25:49,5.24,--,365,191380,卖盘
1491,10:25:43,5.24,--,102,53448,卖盘
1492,10:25:34,5.24,-0.01,300,157200,卖盘
1493,10:25:28,5.25,0.01,16,8667,买盘
1494,10:25:24,5.24,-0.01,6,3144,卖盘
1495,10:25:19,5.25,--,81,42525,买盘
1496,10:25:13,5.25,0.01,104,54600,买盘
1497,10:25:09,5.24,--,54,28306,卖盘
1498,10:24:54,5.24,--,1,524,卖盘
1499,10:24:49,5.24,--,25,13100,卖盘
1500,10:24:39,5.24,-0.01,67,35108,卖盘
1501,10:24:28,5.25,--,50,26250,买盘
1502,10:24:19,5.25,--,40,21000,买盘
1503,10:24:13,5.25,0.01,109,57225,买盘
1504,10:24:09,5.24,-0.01,9,4993,卖盘
1505,10:23:58,5.25,0.01,57,29925,买盘
1506,10:23:49,5.24,-0.01,2,1053,卖盘
1507,10:23:38,5.25,0.01,39,20475,买盘
1508,10:23:33,5.24,--,9,4721,卖盘
1509,10:23:28,5.24,--,5,2620,卖盘
1510,10:23:18,5.24,--,80,41920,卖盘
1511,10:23:13,5.24,-0.01,122,63928,卖盘
1512,10:23:09,5.25,0.01,2,1050,买盘
1513,10:22:58,5.24,-0.01,51,26724,卖盘
1514,10:22:53,5.25,--,56,29400,买盘
1515,10:22:48,5.25,--,50,26250,买盘
1516,10:22:43,5.25,0.01,7,3675,买盘
1517,10:22:38,5.24,--,2,1048,卖盘
1518,10:22:33,5.24,--,50,26200,卖盘
1519,10:22:28,5.24,-0.01,146,76504,卖盘
1520,10:22:13,5.25,--,90,47250,买盘
1521,10:22:03,5.25,0.01,3,1575,买盘
1522,10:21:58,5.24,--,556,291344,卖盘
1523,10:21:43,5.24,--,20,10480,卖盘
1524,10:21:38,5.24,--,437,228988,卖盘
1525,10:21:23,5.24,-0.01,100,52400,卖盘
1526,10:21:18,5.25,--,40,21000,买盘
1527,10:21:13,5.25,--,45,23625,买盘
1528,10:21:03,5.25,--,4,2100,买盘
1529,10:20:58,5.25,--,54,28350,买盘
1530,10:20:48,5.25,0.01,101,53025,买盘
1531,10:20:23,5.24,-0.01,27,14148,卖盘
1532,10:20:18,5.25,0.01,105,55125,买盘
1533,10:19:53,5.24,--,165,86460,卖盘
1534,10:19:48,5.24,--,339,177636,卖盘
1535,10:19:43,5.24,-0.01,70,36680,卖盘
1536,10:19:38,5.25,0.01,53,27825,买盘
1537,10:19:28,5.24,--,15,7860,卖盘
1538,10:19:18,5.24,-0.01,70,36680,卖盘
1539,10:19:13,5.25,0.01,41,21525,买盘
1540,10:19:03,5.24,--,10,5240,卖盘
1541,10:18:58,5.24,--,814,426536,买盘
1542,10:18:48,5.24,0.01,211,110564,买盘
1543,10:18:43,5.23,-0.01,476,248948,卖盘
1544,10:18:37,5.24,0.01,1725,903900,买盘
1545,10:18:22,5.23,-0.01,18,9414,卖盘
1546,10:18:18,5.24,--,5,2620,买盘
1547,10:18:13,5.24,--,40,20960,买盘
1548,10:18:07,5.24,--,30,15720,买盘
1549,10:18:03,5.24,--,416,217984,买盘
1550,10:17:58,5.24,--,53,27772,买盘
1551,10:17:52,5.24,--,62,32488,买盘
1552,10:17:43,5.24,--,143,74932,买盘
1553,10:17:37,5.24,--,79,41396,买盘
1554,10:17:22,5.24,--,405,212220,买盘
1555,10:17:13,5.24,--,49,25676,买盘
1556,10:17:07,5.24,--,377,197548,买盘
1557,10:17:03,5.24,0.01,13,6812,买盘
1558,10:16:58,5.23,-0.01,1,523,卖盘
1559,10:16:48,5.24,--,190,99560,买盘
1560,10:16:43,5.24,--,20,10480,买盘
1561,10:16:37,5.24,0.01,57,29868,买盘
1562,10:16:22,5.23,-0.01,41,21443,卖盘
1563,10:16:13,5.24,--,40,20960,买盘
1564,10:15:57,5.24,--,132,69168,买盘
1565,10:15:52,5.24,--,55,28820,买盘
1566,10:15:42,5.24,--,55,28820,买盘
1567,10:15:37,5.24,--,27,14148,买盘
1568,10:15:27,5.24,--,53,27772,买盘
1569,10:15:22,5.24,--,10,5240,买盘
1570,10:15:17,5.24,--,6,3144,买盘
1571,10:15:12,5.24,--,45,23580,买盘
1572,10:15:07,5.24,--,57,29868,买盘
1573,10:15:02,5.24,0.01,96,50304,买盘
1574,10:14:57,5.23,-0.01,19,9937,卖盘
1575,10:14:47,5.24,--,39,20436,买盘
1576,10:14:42,5.24,--,701,367324,买盘
1577,10:14:37,5.24,0.01,58,30392,买盘
1578,10:14:32,5.23,-0.02,87,45501,卖盘
1579,10:14:22,5.25,--,39,20475,买盘
1580,10:14:17,5.25,0.01,39,20475,买盘
1581,10:14:12,5.24,--,901,472134,卖盘
1582,10:13:57,5.24,--,69,36156,买盘
1583,10:13:47,5.24,--,39,20436,买盘
1584,10:13:42,5.24,0.01,884,463216,买盘
1585,10:13:37,5.23,-0.01,1,523,卖盘
1586,10:13:32,5.24,-0.01,31,16244,卖盘
1587,10:13:27,5.25,--,97,50925,买盘
1588,10:13:12,5.25,0.01,841,441525,买盘
1589,10:13:07,5.24,-0.01,33,17292,中性盘
1590,10:12:57,5.25,0.01,208,109200,买盘
1591,10:12:52,5.24,--,2,1048,买盘
1592,10:12:42,5.24,--,443,232132,买盘
1593,10:12:27,5.24,--,70,36680,买盘
1594,10:12:22,5.24,--,567,297108,买盘
1595,10:12:12,5.24,--,840,440160,买盘
1596,10:11:46,5.24,--,5,2620,买盘
1597,10:11:42,5.24,--,2886,1512264,买盘
1598,10:11:37,5.24,0.01,55,28820,买盘
1599,10:11:31,5.23,-0.01,4,2092,卖盘
1600,10:11:27,5.24,--,2,1048,买盘
1601,10:11:22,5.24,--,500,262000,买盘
1602,10:11:16,5.24,--,5,2620,买盘
1603,10:11:12,5.24,0.01,840,440160,买盘
1604,10:11:07,5.23,--,102,53346,卖盘
1605,10:10:57,5.23,--,301,157423,卖盘
1606,10:10:52,5.23,-0.01,45,23535,卖盘
1607,10:10:46,5.24,--,908,475792,买盘
1608,10:10:42,5.24,0.01,57,29868,买盘
1609,10:10:31,5.23,--,2,1046,卖盘
1610,10:10:16,5.23,-0.01,20,10460,卖盘
1611,10:10:12,5.24,0.01,941,493084,买盘
1612,10:10:01,5.23,-0.01,5,2615,卖盘
1613,10:09:46,5.24,0.01,973,509852,买盘
1614,10:09:31,5.23,--,5,2615,卖盘
1615,10:09:16,5.23,-0.01,801,418923,卖盘
1616,10:09:11,5.24,--,40,20960,买盘
1617,10:08:56,5.24,--,1,524,买盘
1618,10:08:51,5.24,0.01,40,20960,买盘
1619,10:08:46,5.23,-0.01,805,421015,卖盘
1620,10:08:41,5.24,--,10,5240,买盘
1621,10:08:36,5.24,--,20,10480,买盘
1622,10:08:31,5.24,--,20,10480,买盘
1623,10:08:21,5.24,0.01,5,2620,买盘
1624,10:08:15,5.23,-0.01,140,73220,卖盘
1625,10:08:11,5.24,--,840,440160,买盘
1626,10:07:56,5.24,0.01,2,1048,买盘
1627,10:07:46,5.23,--,817,427291,卖盘
1628,10:07:21,5.23,-0.01,5,2615,卖盘
1629,10:07:15,5.24,--,920,482080,买盘
1630,10:07:11,5.24,--,41,21484,买盘
1631,10:07:06,5.24,--,86,45064,买盘
1632,10:07:00,5.24,--,37,19388,买盘
1633,10:06:51,5.24,--,10,5240,买盘
1634,10:06:41,5.24,--,1257,658668,买盘
1635,10:06:36,5.24,--,30,15720,买盘
1636,10:06:31,5.24,0.01,100,52400,买盘
1637,10:06:21,5.23,-0.01,10,5230,卖盘
1638,10:06:16,5.24,--,840,440160,买盘
1639,10:06:06,5.24,--,20,10480,买盘
1640,10:06:01,5.24,--,131,68644,买盘
1641,10:05:51,5.24,--,250,131000,买盘
1642,10:05:45,5.24,0.01,805,421820,买盘
1643,10:05:36,5.23,-0.01,5,2615,卖盘
1644,10:05:21,5.24,0.01,757,396668,买盘
1645,10:05:16,5.23,-0.01,13,6799,卖盘
1646,10:05:09,5.24,--,887,464981,买盘
1647,10:04:45,5.24,--,1774,929576,买盘
1648,10:04:40,5.24,0.01,877,459548,买盘
1649,10:04:36,5.23,-0.01,35,18305,卖盘
1650,10:04:31,5.24,--,50,26200,买盘
1651,10:04:21,5.24,--,20,10480,买盘
1652,10:04:16,5.24,--,800,419200,买盘
1653,10:04:06,5.24,0.01,40,20960,买盘
1654,10:03:55,5.23,-0.01,100,52300,卖盘
1655,10:03:51,5.24,0.01,126,66417,买盘
1656,10:03:46,5.23,-0.01,2,1046,卖盘
1657,10:03:40,5.24,0.01,800,419200,买盘
1658,10:03:30,5.23,--,100,52300,卖盘
1659,10:03:25,5.23,--,26,13598,卖盘
1660,10:03:21,5.23,-0.01,346,180958,卖盘
1661,10:03:15,5.24,--,149,78076,买盘
1662,10:03:09,5.24,0.01,800,419200,买盘
1663,10:03:06,5.23,-0.01,345,180435,卖盘
1664,10:03:00,5.24,0.01,20,10480,买盘
1665,10:02:51,5.23,--,5,2615,卖盘
1666,10:02:45,5.23,--,802,419446,卖盘
1667,10:02:36,5.23,--,25,13075,卖盘
1668,10:02:30,5.23,--,136,71128,卖盘
1669,10:02:24,5.23,--,63,33341,卖盘
1670,10:02:20,5.23,--,102,53346,卖盘
1671,10:02:15,5.23,-0.01,29,15167,卖盘
1672,10:02:09,5.24,0.01,40,20960,买盘
1673,10:02:00,5.23,-0.01,532,278236,卖盘
1674,10:01:54,5.24,0.01,3,1572,买盘
1675,10:01:50,5.23,--,28,14644,卖盘
1676,10:01:45,5.23,-0.01,100,52300,卖盘
1677,10:01:39,5.24,--,39,20436,买盘
1678,10:01:35,5.24,--,13,6812,买盘
1679,10:01:30,5.24,0.01,126,66155,买盘
1680,10:01:15,5.23,-0.01,339,177297,卖盘
1681,10:01:09,5.24,0.01,50,26200,买盘
1682,10:00:54,5.23,--,49,25627,卖盘
1683,10:00:39,5.23,--,15,7845,卖盘
1684,10:00:24,5.23,-0.01,1,523,卖盘
1685,10:00:15,5.24,--,16,8384,买盘
1686,10:00:09,5.24,0.01,562,294488,买盘
1687,10:00:00,5.23,--,1380,721740,卖盘
1688,09:59:54,5.23,--,398,208154,卖盘
1689,09:59:45,5.23,--,100,52300,卖盘
1690,09:59:39,5.23,-0.01,29,15167,卖盘
1691,09:59:24,5.24,0.01,10,5240,买盘
1692,09:59:20,5.23,-0.01,0,52,卖盘
1693,09:59:09,5.24,--,40,20960,买盘
1694,09:59:00,5.24,--,10,5240,买盘
1695,09:58:54,5.24,--,46,24104,买盘
1696,09:58:39,5.24,0.01,50,26200,买盘
1697,09:58:35,5.23,-0.02,1,523,卖盘
1698,09:58:30,5.25,--,10,5250,买盘
1699,09:58:24,5.25,0.01,506,265650,买盘
1700,09:58:20,5.24,-0.01,17,8908,买盘
1701,09:58:15,5.25,0.01,260,136500,买盘
1702,09:58:09,5.24,0.01,3357,1759068,买盘
1703,09:58:03,5.23,--,8000,4184000,卖盘
1704,09:58:00,5.23,--,12,6276,卖盘
1705,09:57:24,5.23,--,230,120290,卖盘
1706,09:57:18,5.23,-0.01,36,18828,卖盘
1707,09:57:09,5.24,--,176,92224,买盘
1708,09:57:00,5.24,--,80,41920,买盘
1709,09:56:54,5.24,--,30,15720,买盘
1710,09:56:48,5.24,--,258,135192,买盘
1711,09:56:45,5.24,--,189,99036,买盘
1712,09:56:39,5.24,--,100,52400,买盘
1713,09:56:30,5.24,--,509,266716,买盘
1714,09:56:24,5.24,0.01,60,31440,买盘
1715,09:56:18,5.23,--,26,13598,卖盘
1716,09:56:15,5.23,-0.01,607,317461,卖盘
1717,09:56:09,5.24,--,41,21484,买盘
1718,09:56:03,5.24,0.01,82,42968,买盘
1719,09:56:00,5.23,--,93,49046,卖盘
1720,09:55:54,5.23,-0.01,10,5230,卖盘
1721,09:55:48,5.24,0.01,1,524,买盘
1722,09:55:45,5.23,-0.01,2,1046,卖盘
1723,09:55:39,5.24,--,32,16768,买盘
1724,09:55:33,5.24,0.01,290,151960,买盘
1725,09:55:30,5.23,--,200,104600,卖盘
1726,09:55:24,5.23,--,112,58576,卖盘
1727,09:55:18,5.23,--,7,3661,卖盘
1728,09:55:14,5.23,-0.01,6,3310,卖盘
1729,09:55:09,5.24,0.01,40,20960,买盘
1730,09:55:03,5.23,-0.01,134,70082,卖盘
1731,09:54:59,5.24,0.01,40,20960,买盘
1732,09:54:48,5.23,--,346,180958,卖盘
1733,09:54:33,5.23,--,1048,548104,卖盘
1734,09:54:29,5.23,--,110,57530,卖盘
1735,09:54:24,5.23,-0.01,55,28765,卖盘
1736,09:54:18,5.24,0.01,226,118424,买盘
1737,09:54:14,5.23,--,73,38179,卖盘
1738,09:54:09,5.23,--,47,24581,卖盘
1739,09:54:03,5.23,--,115,60145,卖盘
1740,09:53:59,5.23,--,190,99370,卖盘
1741,09:53:48,5.23,--,216,112968,卖盘
1742,09:53:39,5.23,--,284,148532,卖盘
1743,09:53:33,5.23,--,296,154808,卖盘
1744,09:53:24,5.23,--,212,110876,卖盘
1745,09:53:18,5.23,-0.01,134,70082,卖盘
1746,09:53:09,5.24,--,101,52924,买盘
1747,09:53:03,5.24,0.01,152,79648,买盘
1748,09:52:59,5.23,--,342,178866,卖盘
1749,09:52:48,5.23,--,161,84203,卖盘
1750,09:52:39,5.23,-0.01,245,128135,卖盘
1751,09:52:33,5.24,--,97,50828,买盘
1752,09:52:29,5.24,0.01,388,203312,买盘
1753,09:52:24,5.23,--,280,146440,卖盘
1754,09:52:18,5.23,--,763,399049,卖盘
1755,09:52:14,5.23,-0.01,111,58053,卖盘
1756,09:52:09,5.24,0.01,146,76504,买盘
1757,09:52:03,5.23,-0.01,84,43932,卖盘
1758,09:51:48,5.24,0.01,165,86460,买盘
1759,09:51:39,5.23,--,80,41840,卖盘
1760,09:51:33,5.23,--,301,157423,卖盘
1761,09:51:24,5.23,-0.01,2,1046,卖盘
1762,09:51:18,5.24,--,64,33536,买盘
1763,09:51:09,5.24,--,40,20960,买盘
1764,09:50:48,5.24,0.01,16,8384,买盘
1765,09:50:42,5.23,-0.01,14,7322,卖盘
1766,09:50:39,5.24,0.01,24,12576,买盘
1767,09:50:33,5.23,-0.01,4,2092,卖盘
1768,09:50:27,5.24,--,21,11004,买盘
1769,09:50:18,5.24,--,62,32488,买盘
1770,09:50:12,5.24,--,26,13624,买盘
1771,09:50:09,5.24,--,141,73884,买盘
1772,09:50:03,5.24,--,5,2620,买盘
1773,09:49:54,5.24,--,401,210124,买盘
1774,09:49:42,5.24,-0.01,1051,550724,卖盘
1775,09:49:39,5.25,0.01,104,54600,买盘
1776,09:49:33,5.24,-0.01,98,51352,卖盘
1777,09:49:24,5.25,--,58,30450,买盘
1778,09:49:12,5.25,--,77,40425,买盘
1779,09:49:09,5.25,0.01,40,21000,买盘
1780,09:49:03,5.24,-0.01,112,58688,卖盘
1781,09:48:57,5.25,0.01,51,26775,买盘
1782,09:48:54,5.24,--,14,7336,卖盘
1783,09:48:48,5.24,-0.01,100,52400,卖盘
1784,09:48:42,5.25,0.01,83,43575,买盘
1785,09:48:27,5.24,-0.01,145,75980,卖盘
1786,09:48:23,5.25,0.01,25,13125,买盘
1787,09:48:18,5.24,-0.01,261,136764,卖盘
1788,09:48:08,5.25,--,144,75600,买盘
1789,09:48:03,5.25,--,451,236775,买盘
1790,09:47:53,5.25,0.01,1,525,买盘
1791,09:47:48,5.24,--,1,524,卖盘
1792,09:47:42,5.24,-0.01,20,10480,卖盘
1793,09:47:33,5.25,0.01,3,1575,买盘
1794,09:47:27,5.24,-0.01,1,524,卖盘
1795,09:47:23,5.25,--,2,1050,买盘
1796,09:47:18,5.25,--,166,87150,买盘
1797,09:47:12,5.25,0.01,243,127575,买盘
1798,09:47:08,5.24,--,241,126284,卖盘
1799,09:47:03,5.24,--,7,3668,卖盘
1800,09:46:57,5.24,--,21,11004,卖盘
1801,09:46:38,5.24,-0.01,9,4716,卖盘
1802,09:46:27,5.25,0.01,3,1575,买盘
1803,09:46:23,5.24,--,65,34060,卖盘
1804,09:46:08,5.24,--,100,52400,卖盘
1805,09:46:03,5.24,-0.01,75,39300,卖盘
1806,09:45:57,5.25,--,211,110775,买盘
1807,09:45:53,5.25,0.01,2,1050,买盘
1808,09:45:42,5.24,-0.01,5,2620,卖盘
1809,09:45:33,5.25,0.01,206,108150,买盘
1810,09:45:27,5.24,--,40,20960,卖盘
1811,09:45:18,5.24,--,19,9956,卖盘
1812,09:45:12,5.24,-0.01,56,29344,卖盘
1813,09:45:03,5.25,--,102,53550,买盘
1814,09:44:57,5.25,0.01,419,219975,买盘
1815,09:44:38,5.24,--,147,77028,卖盘
1816,09:44:27,5.24,-0.01,706,369944,卖盘
1817,09:44:18,5.25,0.01,800,420000,买盘
1818,09:44:12,5.24,--,1,524,卖盘
1819,09:44:08,5.24,-0.01,416,217984,卖盘
1820,09:44:03,5.25,0.01,149,78225,买盘
1821,09:43:57,5.24,--,813,426012,卖盘
1822,09:43:48,5.24,-0.01,10,5240,卖盘
1823,09:43:42,5.25,0.01,5542,2909550,买盘
1824,09:43:36,5.24,--,24,12576,卖盘
1825,09:43:33,5.24,-0.01,5,2620,卖盘
1826,09:43:27,5.25,--,813,426825,买盘
1827,09:43:18,5.25,0.01,3,1575,买盘
1828,09:43:12,5.24,--,304,159296,卖盘
1829,09:43:03,5.24,-0.01,3,1572,卖盘
1830,09:42:57,5.25,--,30,15750,买盘
1831,09:42:51,5.25,--,65,34125,买盘
1832,09:42:48,5.25,--,875,459375,买盘
1833,09:42:42,5.25,--,60,31500,买盘
1834,09:42:36,5.25,--,50,26250,买盘
1835,09:42:33,5.25,--,50,26250,买盘
1836,09:42:27,5.25,0.01,10,5250,买盘
1837,09:42:21,5.24,-0.01,100,52400,卖盘
1838,09:42:17,5.25,0.01,800,420000,买盘
1839,09:42:12,5.24,-0.01,1,524,卖盘
1840,09:41:57,5.25,--,7,3675,买盘
1841,09:41:48,5.25,--,800,420000,买盘
1842,09:41:42,5.25,0.01,31,16275,买盘
1843,09:41:36,5.24,-0.01,5,2620,卖盘
1844,09:41:27,5.25,0.01,800,420000,买盘
1845,09:41:21,5.24,--,5,2620,卖盘
1846,09:41:18,5.24,-0.01,12,6628,卖盘
1847,09:41:12,5.25,--,55,28875,买盘
1848,09:40:47,5.25,0.01,1810,950250,买盘
1849,09:40:32,5.24,-0.01,154,80696,卖盘
1850,09:40:27,5.25,0.01,800,420000,买盘
1851,09:40:21,5.24,--,160,83840,卖盘
1852,09:40:12,5.24,-0.01,90,47160,卖盘
1853,09:40:06,5.25,0.01,15,7875,买盘
1854,09:40:02,5.24,--,30,15720,卖盘
1855,09:39:57,5.24,-0.01,37,19388,卖盘
1856,09:39:51,5.25,--,13,6825,买盘
1857,09:39:47,5.25,0.01,800,420000,买盘
1858,09:39:42,5.24,--,5,2620,卖盘
1859,09:39:32,5.24,-0.01,253,132572,卖盘
1860,09:39:27,5.25,--,39,20475,买盘
1861,09:39:17,5.25,0.01,800,420000,买盘
1862,09:39:12,5.24,--,50,26200,卖盘
1863,09:39:02,5.24,--,53,28165,卖盘
1864,09:38:57,5.24,--,92,48208,卖盘
1865,09:38:51,5.24,-0.01,988,517712,卖盘
1866,09:38:36,5.25,--,20,10500,买盘
1867,09:38:32,5.25,0.01,1,525,买盘
1868,09:38:21,5.24,--,200,104800,卖盘
1869,09:38:17,5.24,-0.01,18,9432,卖盘
1870,09:38:12,5.25,0.01,80,42000,买盘
1871,09:38:06,5.24,--,67,35370,卖盘
1872,09:38:02,5.24,--,2,1048,卖盘
1873,09:37:57,5.24,--,4,2096,卖盘
1874,09:37:51,5.24,-0.01,1,524,卖盘
1875,09:37:42,5.25,--,15,7875,买盘
1876,09:37:36,5.25,0.01,130,68250,买盘
1877,09:37:27,5.24,--,27,14148,卖盘
1878,09:37:21,5.24,--,40,20960,卖盘
1879,09:37:17,5.24,--,11,5764,卖盘
1880,09:37:06,5.24,--,123,64452,卖盘
1881,09:36:51,5.24,--,78,40872,卖盘
1882,09:36:30,5.24,--,6,3196,卖盘
1883,09:36:27,5.24,--,319,167156,卖盘
1884,09:36:21,5.24,0.01,3119,1634356,买盘
1885,09:36:15,5.23,-0.01,50,26150,卖盘
1886,09:36:12,5.24,0.01,251,131524,买盘
1887,09:36:06,5.23,--,245,128302,卖盘
1888,09:36:00,5.23,-0.01,235,122905,卖盘
1889,09:35:56,5.24,--,40,20960,买盘
1890,09:35:51,5.24,--,102,53448,买盘
1891,09:35:45,5.24,--,108,56592,买盘
1892,09:35:42,5.24,--,37,19388,买盘
1893,09:35:36,5.24,--,250,131000,买盘
1894,09:35:27,5.24,--,379,198596,买盘
1895,09:35:21,5.24,--,801,419724,买盘
1896,09:35:15,5.24,--,222,116328,买盘
1897,09:35:11,5.24,--,2473,1295852,买盘
1898,09:35:06,5.24,--,238,124712,买盘
1899,09:35:00,5.24,0.01,153,80172,买盘
1900,09:34:57,5.23,-0.01,418,218614,卖盘
1901,09:34:51,5.24,--,96,50304,买盘
1902,09:34:45,5.24,--,137,71788,买盘
1903,09:34:41,5.24,--,197,103228,买盘
1904,09:34:36,5.24,0.01,27,14148,买盘
1905,09:34:30,5.23,-0.01,271,141733,卖盘
1906,09:34:26,5.24,0.01,180,94320,买盘
1907,09:34:21,5.23,--,421,220183,卖盘
1908,09:34:11,5.23,-0.01,171,89433,卖盘
1909,09:34:06,5.24,0.01,3,1572,买盘
1910,09:33:56,5.23,-0.01,80,41840,卖盘
1911,09:33:51,5.24,0.01,12,6288,买盘
1912,09:33:45,5.23,-0.01,140,73220,卖盘
1913,09:33:41,5.24,--,209,109516,买盘
1914,09:33:36,5.24,--,1,524,买盘
1915,09:33:30,5.24,0.01,189,99036,买盘
1916,09:33:26,5.23,-0.01,20,10460,卖盘
1917,09:33:21,5.24,--,160,83840,买盘
1918,09:33:06,5.24,--,1,524,买盘
1919,09:33:00,5.24,0.01,80,41920,买盘
1920,09:32:56,5.23,-0.01,30,15690,卖盘
1921,09:32:51,5.24,--,56,29344,买盘
1922,09:32:41,5.24,--,80,41920,买盘
1923,09:32:36,5.24,--,80,41920,买盘
1924,09:32:21,5.24,0.01,117,61308,买盘
1925,09:32:15,5.23,--,44,23012,卖盘
1926,09:32:00,5.23,--,125,65375,卖盘
1927,09:31:56,5.23,0.01,501,262023,卖盘
1928,09:31:51,5.22,--,10,5220,卖盘
1929,09:31:45,5.22,-0.01,100,52200,卖盘
1930,09:31:41,5.23,--,45,23535,买盘
1931,09:31:36,5.23,--,10,5230,买盘
1932,09:31:30,5.23,--,77,40271,买盘
1933,09:31:26,5.23,--,522,273006,买盘
1934,09:31:21,5.23,--,156,81588,买盘
1935,09:31:15,5.23,--,945,494235,买盘
1936,09:31:11,5.23,--,552,288696,买盘
1937,09:31:06,5.23,--,266,139118,买盘
1938,09:31:00,5.23,--,10,5230,买盘
1939,09:30:56,5.23,--,189,98847,买盘
1940,09:30:51,5.23,--,86,44978,买盘
1941,09:30:45,5.23,--,103,53869,买盘
1942,09:30:41,5.23,--,94,49162,买盘
1943,09:30:36,5.23,--,406,212338,买盘
1944,09:30:30,5.23,--,176,92048,买盘
1945,09:30:26,5.23,--,419,219137,买盘
1946,09:30:21,5.23,--,340,177820,买盘
1947,09:30:15,5.23,--,332,173636,买盘
1948,09:30:09,5.23,--,243,127089,买盘
1949,09:30:06,5.23,--,1173,613479,买盘
1950,09:28:44,5.23,--,0,0,买盘
1951,09:25:08,5.23,5.23,2776,1451848,买盘
