,time,price,change,volume,amount,type
0,15:00:00,14.15,--,0,0,卖盘
1,15:00:00,14.15,-0.01,0,0,卖盘
2,14:59:59,14.16,0.01,202,286032,买盘
3,14:59:55,14.15,-0.01,11,15565,卖盘
4,14:59:49,14.16,--,67,94872,买盘
5,14:59:45,14.16,0.01,72,101952,买盘
6,14:59:40,14.15,--,85,120275,卖盘
7,14:59:34,14.15,--,78,110370,卖盘
8,14:59:30,14.15,--,23,32545,买盘
9,14:59:25,14.15,--,226,319790,买盘
10,14:59:19,14.15,--,68,96220,买盘
11,14:59:15,14.15,--,148,209420,买盘
12,14:59:10,14.15,--,48,67920,卖盘
13,14:59:04,14.15,--,154,217910,买盘
14,14:59:00,14.15,0.01,307,434405,买盘
15,14:58:55,14.14,--,214,302596,卖盘
16,14:58:49,14.14,--,20,28280,卖盘
17,14:58:44,14.14,-0.01,81,114534,卖盘
18,14:58:39,14.15,--,151,213665,卖盘
19,14:58:34,14.15,-0.01,82,116030,卖盘
20,14:58:29,14.16,0.01,168,237888,买盘
21,14:58:24,14.15,--,348,492420,卖盘
22,14:58:19,14.15,-0.01,30,42450,中性盘
23,14:58:14,14.16,0.03,204,288864,买盘
24,14:58:09,14.13,-0.01,150,211950,卖盘
25,14:58:04,14.14,--,461,651854,卖盘
26,14:57:59,14.14,--,52,73528,卖盘
27,14:57:54,14.14,-0.01,86,121604,卖盘
28,14:57:49,14.15,--,133,188195,买盘
29,14:57:44,14.15,--,565,799475,买盘
30,14:57:39,14.15,0.01,251,355165,买盘
31,14:57:34,14.14,-0.01,94,132916,卖盘
32,14:57:29,14.15,0.01,590,834850,买盘
33,14:57:24,14.14,0.01,104,147056,买盘
34,14:57:19,14.13,--,50,70650,卖盘
35,14:57:14,14.13,-0.01,30,42390,卖盘
36,14:57:09,14.14,--,540,763560,买盘
37,14:57:04,14.14,0.01,76,107464,买盘
38,14:56:59,14.13,-0.01,37,52281,卖盘
39,14:56:54,14.14,0.01,43,60802,买盘
40,14:56:49,14.13,--,36,50868,卖盘
41,14:56:44,14.13,-0.01,82,115866,卖盘
42,14:56:39,14.14,0.01,44,62216,买盘
43,14:56:34,14.13,--,46,64998,卖盘
44,14:56:29,14.13,--,67,94671,买盘
45,14:56:24,14.13,--,2,2826,买盘
46,14:56:19,14.13,0.01,12,16956,买盘
47,14:56:14,14.12,-0.01,7,9884,卖盘
48,14:56:09,14.13,-0.01,219,309447,卖盘
49,14:56:04,14.14,0.01,30,42420,买盘
50,14:55:59,14.13,--,49,69237,卖盘
51,14:55:54,14.13,0.01,175,247275,卖盘
52,14:55:49,14.12,--,0,0,卖盘
53,14:55:44,14.12,-0.01,82,115784,卖盘
54,14:55:39,14.13,-0.01,154,217602,卖盘
55,14:55:34,14.14,0.01,27,38178,买盘
56,14:55:29,14.13,--,28,39564,中性盘
57,14:55:24,14.13,--,29,40977,买盘
58,14:55:19,14.13,-0.01,103,145539,卖盘
59,14:55:14,14.14,--,1,1414,卖盘
60,14:55:09,14.14,--,113,159782,买盘
61,14:55:04,14.14,--,20,28280,买盘
62,14:54:59,14.14,-0.01,23,32522,买盘
63,14:54:54,14.15,0.02,80,113200,买盘
64,14:54:49,14.13,-0.01,210,296730,卖盘
65,14:54:43,14.14,-0.01,35,49490,卖盘
66,14:54:39,14.15,0.01,270,382050,买盘
67,14:54:34,14.14,--,594,839916,卖盘
68,14:54:28,14.14,-0.01,231,326634,卖盘
69,14:54:24,14.15,--,97,137255,买盘
70,14:54:19,14.15,0.01,35,49525,买盘
71,14:54:09,14.14,--,163,230482,买盘
72,14:54:04,14.14,0.01,423,598122,买盘
73,14:53:58,14.13,0.01,67,94671,买盘
74,14:53:54,14.12,0.01,86,121432,中性盘
75,14:53:49,14.11,--,241,340051,卖盘
76,14:53:43,14.11,-0.01,815,1149965,卖盘
77,14:53:39,14.12,--,15,22577,卖盘
78,14:53:34,14.12,--,330,465974,卖盘
79,14:53:28,14.12,--,102,144024,卖盘
80,14:53:24,14.12,--,8,11296,卖盘
81,14:53:19,14.12,--,16,22592,卖盘
82,14:53:13,14.12,--,18,25416,卖盘
83,14:53:04,14.12,-0.01,51,72012,卖盘
84,14:52:58,14.13,0.01,1,1413,买盘
85,14:52:54,14.12,-0.01,185,261220,卖盘
86,14:52:49,14.13,--,303,428139,买盘
87,14:52:39,14.13,-0.01,409,577917,卖盘
88,14:52:34,14.14,--,115,162610,买盘
89,14:52:28,14.14,0.01,81,114534,买盘
90,14:52:19,14.13,-0.01,46,64998,卖盘
91,14:52:13,14.14,--,225,318150,买盘
92,14:52:09,14.14,--,149,210686,卖盘
93,14:52:04,14.14,--,248,350672,卖盘
94,14:51:58,14.14,-0.01,28,39592,卖盘
95,14:51:54,14.15,--,57,80655,买盘
96,14:51:49,14.15,0.01,10,14150,买盘
97,14:51:43,14.14,--,51,72114,卖盘
98,14:51:39,14.14,--,19,26866,卖盘
99,14:51:33,14.14,--,95,134330,卖盘
100,14:51:28,14.14,-0.01,11,15554,卖盘
101,14:51:24,14.15,--,42,59430,买盘
102,14:51:18,14.15,--,68,96220,买盘
103,14:51:13,14.15,--,5,7075,买盘
104,14:51:09,14.15,--,82,116030,卖盘
105,14:51:03,14.15,--,228,322620,卖盘
106,14:50:58,14.15,-0.01,44,62260,卖盘
107,14:50:53,14.16,--,148,209568,买盘
108,14:50:48,14.16,0.01,29,41064,买盘
109,14:50:43,14.15,--,4,5660,卖盘
110,14:50:38,14.15,-0.01,42,59430,中性盘
111,14:50:33,14.16,0.01,205,290280,买盘
112,14:50:28,14.15,--,5,7075,买盘
113,14:50:23,14.15,0.01,155,219325,卖盘
114,14:50:18,14.14,-0.01,539,762146,卖盘
115,14:50:13,14.15,--,24,33960,卖盘
116,14:50:08,14.15,--,704,996160,买盘
117,14:50:03,14.15,--,470,665050,买盘
118,14:49:58,14.15,0.01,10,14150,买盘
119,14:49:53,14.14,-0.01,58,82012,卖盘
120,14:49:48,14.15,0.01,994,1406510,买盘
121,14:49:43,14.14,--,103,145642,买盘
122,14:49:38,14.14,--,624,882336,买盘
123,14:49:33,14.14,0.01,32,45248,买盘
124,14:49:28,14.13,--,68,96084,卖盘
125,14:49:23,14.13,0.01,832,1175616,买盘
126,14:49:18,14.12,--,329,464548,买盘
127,14:49:13,14.12,--,28,39536,买盘
128,14:49:08,14.12,0.01,26,36712,买盘
129,14:49:03,14.11,-0.01,9,12699,卖盘
130,14:48:58,14.12,0.01,30,42360,买盘
131,14:48:53,14.11,--,14,19754,卖盘
132,14:48:48,14.11,--,144,203184,卖盘
133,14:48:43,14.11,0.01,821,1158431,买盘
134,14:48:38,14.1,0.01,2,2820,中性盘
135,14:48:33,14.09,--,65,91585,卖盘
136,14:48:28,14.09,-0.01,117,164853,卖盘
137,14:48:23,14.1,0.01,9,12690,中性盘
138,14:48:18,14.09,-0.02,227,319843,卖盘
139,14:48:08,14.11,0.03,101,142511,买盘
140,14:48:03,14.08,-0.01,70,98560,卖盘
141,14:47:58,14.09,--,20,28180,卖盘
142,14:47:53,14.09,0.01,249,350841,买盘
143,14:47:38,14.08,0.01,42,59136,买盘
144,14:47:33,14.07,--,125,175875,卖盘
145,14:47:28,14.07,--,15,21105,卖盘
146,14:47:18,14.07,-0.01,24,33768,卖盘
147,14:47:13,14.08,0.01,21,29568,买盘
148,14:47:07,14.07,--,8,11256,卖盘
149,14:47:03,14.07,--,3,4221,卖盘
150,14:46:58,14.07,--,5,7035,卖盘
151,14:46:52,14.07,0.01,12,16884,卖盘
152,14:46:48,14.06,-0.04,10,14060,卖盘
153,14:46:43,14.1,0.03,543,767011,买盘
154,14:46:37,14.07,--,6,8442,买盘
155,14:46:33,14.07,-0.02,194,272958,卖盘
156,14:46:28,14.09,--,246,346614,买盘
157,14:46:22,14.09,0.01,10,14090,买盘
158,14:46:18,14.08,-0.01,120,168960,卖盘
159,14:46:13,14.09,--,426,600234,卖盘
160,14:46:07,14.09,--,14,19726,卖盘
161,14:46:03,14.09,--,29,40861,卖盘
162,14:45:58,14.09,--,9,12681,卖盘
163,14:45:52,14.09,0.01,13,18317,买盘
164,14:45:48,14.08,-0.01,7,9856,卖盘
165,14:45:43,14.09,0.01,30,42270,买盘
166,14:45:37,14.08,-0.02,4,5632,卖盘
167,14:45:28,14.1,0.01,80,112800,买盘
168,14:45:22,14.09,-0.01,72,101448,卖盘
169,14:45:18,14.1,0.01,5,7050,买盘
170,14:45:13,14.09,--,8,11272,卖盘
171,14:45:07,14.09,--,3,4227,卖盘
172,14:45:03,14.09,-0.01,27,38043,卖盘
173,14:44:57,14.1,--,59,83190,买盘
174,14:44:52,14.1,--,58,81780,买盘
175,14:44:42,14.1,--,43,60630,卖盘
176,14:44:33,14.1,0.01,39,54990,买盘
177,14:44:27,14.09,-0.01,6,8454,卖盘
178,14:44:22,14.1,--,12,16920,买盘
179,14:44:18,14.1,--,59,83190,买盘
180,14:44:12,14.1,-0.02,32,45120,中性盘
181,14:44:07,14.12,0.02,163,230156,买盘
182,14:44:02,14.1,-0.01,38,53580,卖盘
183,14:43:47,14.11,--,35,49385,卖盘
184,14:43:42,14.11,--,157,221527,卖盘
185,14:43:37,14.11,--,35,49385,卖盘
186,14:43:27,14.11,--,65,91715,卖盘
187,14:43:22,14.11,--,9,12699,卖盘
188,14:43:17,14.11,--,4,5644,卖盘
189,14:43:12,14.11,0.01,700,987982,中性盘
190,14:43:07,14.1,-0.01,12,16920,卖盘
191,14:43:02,14.11,-0.02,142,200362,中性盘
192,14:42:57,14.13,0.01,842,1189746,买盘
193,14:42:52,14.12,--,145,204740,买盘
194,14:42:47,14.12,--,10,14120,买盘
195,14:42:42,14.12,-0.01,29,42077,卖盘
196,14:42:37,14.13,0.01,19,26847,买盘
197,14:42:32,14.12,--,51,72012,卖盘
198,14:42:27,14.12,--,40,56480,卖盘
199,14:42:22,14.12,--,192,271104,卖盘
200,14:42:17,14.12,-0.01,39,55350,卖盘
201,14:42:12,14.13,--,56,79128,买盘
202,14:42:02,14.13,0.01,42,59346,买盘
203,14:41:57,14.12,-0.01,42,59304,卖盘
204,14:41:52,14.13,0.01,5,7065,买盘
205,14:41:47,14.12,--,46,64952,卖盘
206,14:41:42,14.12,--,78,110136,卖盘
207,14:41:37,14.12,--,11,15532,卖盘
208,14:41:32,14.12,--,19,26828,卖盘
209,14:41:27,14.12,--,67,94604,买盘
210,14:41:22,14.12,0.01,5,7060,买盘
211,14:41:17,14.11,-0.01,75,105825,卖盘
212,14:41:12,14.12,--,21,29652,卖盘
213,14:41:07,14.12,--,4,5648,卖盘
214,14:41:02,14.12,0.01,30,42360,买盘
215,14:40:57,14.11,-0.01,19,26809,卖盘
216,14:40:52,14.12,0.01,10,14120,买盘
217,14:40:47,14.11,-0.01,32,45152,卖盘
218,14:40:42,14.12,0.01,105,148260,中性盘
219,14:40:37,14.11,-0.01,21,29631,卖盘
220,14:40:32,14.12,-0.01,62,87544,卖盘
221,14:40:27,14.13,0.01,9,12717,中性盘
222,14:40:22,14.12,-0.01,2,2824,卖盘
223,14:40:17,14.13,0.01,53,74889,买盘
224,14:40:12,14.12,--,7,9884,卖盘
225,14:40:07,14.12,--,30,42360,卖盘
226,14:40:01,14.12,--,1,1412,买盘
227,14:39:57,14.12,-0.03,101,142612,卖盘
228,14:39:52,14.15,0.02,755,1068325,买盘
229,14:39:46,14.13,0.01,20,28260,中性盘
230,14:39:42,14.12,-0.02,60,84720,卖盘
231,14:39:37,14.14,--,23,32522,买盘
232,14:39:31,14.14,--,5,7070,买盘
233,14:39:27,14.14,--,40,56560,卖盘
234,14:39:22,14.14,--,407,575498,卖盘
235,14:39:07,14.14,0.02,181,255934,买盘
236,14:39:01,14.12,-0.02,58,81896,卖盘
237,14:38:57,14.14,0.01,83,117362,买盘
238,14:38:52,14.13,--,4,5652,买盘
239,14:38:46,14.13,--,13,18369,卖盘
240,14:38:42,14.13,-0.01,50,70650,卖盘
241,14:38:36,14.14,-0.01,136,192304,买盘
242,14:38:31,14.15,--,0,0,买盘
243,14:38:27,14.15,0.01,87,123105,买盘
244,14:38:21,14.14,--,179,254166,卖盘
245,14:38:16,14.14,-0.01,57,80598,卖盘
246,14:38:11,14.15,0.01,120,169800,买盘
247,14:38:06,14.14,-0.01,84,118776,卖盘
248,14:38:01,14.15,--,5,7075,买盘
249,14:37:57,14.15,--,78,110370,买盘
250,14:37:51,14.15,--,194,274510,买盘
251,14:37:46,14.15,-0.01,32,45280,中性盘
252,14:37:42,14.16,0.01,132,186912,买盘
253,14:37:36,14.15,0.01,300,424500,中性盘
254,14:37:26,14.14,-0.01,111,156954,卖盘
255,14:37:21,14.15,0.01,874,1237063,买盘
256,14:37:16,14.14,--,506,715484,买盘
257,14:37:11,14.14,0.02,532,752248,买盘
258,14:37:06,14.12,-0.03,45,63540,卖盘
259,14:37:01,14.15,0.02,106,149990,买盘
260,14:36:57,14.13,0.01,31,43803,买盘
261,14:36:51,14.12,-0.02,514,725768,中性盘
262,14:36:46,14.14,--,87,123018,买盘
263,14:36:41,14.14,-0.01,34,48076,买盘
264,14:36:36,14.15,0.05,251,355165,买盘
265,14:36:31,14.1,--,26,36660,买盘
266,14:36:26,14.1,--,16,22560,买盘
267,14:36:21,14.1,-0.02,21,29610,卖盘
268,14:36:16,14.12,--,24,33888,卖盘
269,14:36:11,14.12,0.04,31,43772,中性盘
270,14:36:06,14.08,--,1231,1733248,卖盘
271,14:36:01,14.08,0.01,104,146432,买盘
272,14:35:56,14.07,-0.01,12,16884,卖盘
273,14:35:51,14.08,-0.03,26,36608,卖盘
274,14:35:46,14.11,0.01,253,356983,买盘
275,14:35:40,14.1,--,100,141000,买盘
276,14:35:36,14.1,--,61,86010,卖盘
277,14:35:31,14.1,-0.01,13,18330,卖盘
278,14:35:26,14.11,--,67,94537,卖盘
279,14:35:21,14.11,--,15,21165,卖盘
280,14:35:16,14.11,--,30,42330,卖盘
281,14:35:11,14.11,--,35,49385,卖盘
282,14:35:06,14.11,-0.01,65,91715,卖盘
283,14:35:01,14.12,--,32,45184,卖盘
284,14:34:56,14.12,--,7,9884,卖盘
285,14:34:51,14.12,-0.03,10,14120,卖盘
286,14:34:46,14.15,--,17,24055,卖盘
287,14:34:41,14.15,-0.01,20,28300,卖盘
288,14:34:36,14.16,--,52,73632,卖盘
289,14:34:31,14.16,--,205,290280,卖盘
290,14:34:26,14.16,-0.01,102,144432,卖盘
291,14:34:21,14.17,--,612,867204,买盘
292,14:34:16,14.17,--,103,145951,买盘
293,14:34:11,14.17,--,181,256477,卖盘
294,14:34:06,14.17,--,263,372671,卖盘
295,14:34:01,14.17,-0.01,221,313157,卖盘
296,14:33:56,14.18,--,202,286436,买盘
297,14:33:51,14.18,0.01,95,134710,买盘
298,14:33:46,14.17,--,62,87854,买盘
299,14:33:41,14.17,--,332,470444,买盘
300,14:33:36,14.17,--,188,266396,买盘
301,14:33:31,14.17,0.01,48,68016,中性盘
302,14:33:26,14.16,--,72,101952,卖盘
303,14:33:21,14.16,--,12,16992,卖盘
304,14:33:16,14.16,0.01,70,99120,买盘
305,14:33:11,14.15,--,203,287245,买盘
306,14:33:06,14.15,0.01,267,377805,买盘
307,14:33:01,14.14,0.03,88,124432,中性盘
308,14:32:55,14.11,0.01,22,31042,中性盘
309,14:32:51,14.1,--,484,682440,卖盘
310,14:32:46,14.1,--,59,83190,卖盘
311,14:32:40,14.1,0.03,954,1345140,买盘
312,14:32:35,14.07,0.01,80,112700,买盘
313,14:32:31,14.06,--,82,115292,买盘
314,14:32:25,14.06,0.01,23,32338,买盘
315,14:32:21,14.05,--,603,847215,买盘
316,14:32:16,14.05,--,15,21075,买盘
317,14:32:10,14.05,--,105,147525,买盘
318,14:32:06,14.05,0.01,136,191080,买盘
319,14:32:00,14.04,--,672,943488,买盘
320,14:31:55,14.04,--,87,122147,买盘
321,14:31:51,14.04,--,491,689364,买盘
322,14:31:45,14.04,--,700,982799,买盘
323,14:31:40,14.04,0.01,40,56160,买盘
324,14:31:36,14.03,-0.01,113,158539,中性盘
325,14:31:29,14.04,0.03,96,134784,买盘
326,14:31:25,14.01,--,10,14010,卖盘
327,14:31:20,14.01,--,28,39228,卖盘
328,14:31:15,14.01,-0.03,20,28020,卖盘
329,14:31:10,14.04,0.04,176,247103,买盘
330,14:31:05,14.0,--,159,222600,买盘
331,14:31:00,14.0,--,77,107800,买盘
332,14:30:55,14.0,--,37,51800,卖盘
333,14:30:50,14.0,-0.03,3,4200,中性盘
334,14:30:45,14.03,0.03,192,269376,买盘
335,14:30:40,14.0,--,9,12600,买盘
336,14:30:35,14.0,--,30,42000,买盘
337,14:30:30,14.0,-0.01,111,155400,买盘
338,14:30:25,14.01,0.01,1,1401,买盘
339,14:30:20,14.0,-0.01,105,147000,卖盘
340,14:30:15,14.01,0.03,387,542187,中性盘
341,14:30:10,13.98,-0.02,17,23766,卖盘
342,14:30:05,14.0,--,62,86800,卖盘
343,14:30:00,14.0,0.04,1039,1454740,买盘
344,14:29:55,13.96,--,66,92136,卖盘
345,14:29:50,13.96,--,132,184272,卖盘
346,14:29:45,13.96,-0.01,13,18148,卖盘
347,14:29:40,13.97,0.02,100,139700,买盘
348,14:29:35,13.95,--,1,1395,卖盘
349,14:29:30,13.95,-0.01,108,150660,卖盘
350,14:29:25,13.96,0.01,27,37692,买盘
351,14:29:20,13.95,--,118,164610,买盘
352,14:29:15,13.95,--,170,237150,买盘
353,14:29:10,13.95,0.02,71,99045,买盘
354,14:29:04,13.93,--,2,2786,卖盘
355,14:29:00,13.93,0.01,149,207557,买盘
356,14:28:50,13.92,0.01,24,33408,买盘
357,14:28:45,13.91,--,130,180830,买盘
358,14:28:40,13.91,--,16,22256,买盘
359,14:28:34,13.91,0.01,26,36166,买盘
360,14:28:19,13.9,--,47,65913,买盘
361,14:28:05,13.9,0.05,1005,1396950,买盘
362,14:27:55,13.85,--,12,16620,卖盘
363,14:27:49,13.85,--,34,47090,卖盘
364,14:27:45,13.85,-0.03,8,11080,卖盘
365,14:27:35,13.88,--,45,62460,买盘
366,14:27:30,13.88,--,24,33312,买盘
367,14:27:25,13.88,0.01,50,69400,买盘
368,14:27:19,13.87,--,55,76285,买盘
369,14:27:15,13.87,--,40,55480,卖盘
370,14:27:09,13.87,--,27,37449,卖盘
371,14:27:04,13.87,-0.01,11,15257,卖盘
372,14:27:00,13.88,0.01,10,13880,买盘
373,14:26:50,13.87,0.02,49,67963,买盘
374,14:26:40,13.85,-0.02,20,27700,卖盘
375,14:26:34,13.87,--,0,0,买盘
376,14:26:29,13.87,0.03,33,45771,买盘
377,14:26:20,13.84,-0.03,6,8304,卖盘
378,14:26:15,13.87,--,3,4161,买盘
379,14:26:10,13.87,--,24,33288,买盘
380,14:26:04,13.87,--,130,180310,卖盘
381,14:26:00,13.87,-0.01,20,27740,卖盘
382,14:25:49,13.88,--,24,33312,买盘
383,14:25:45,13.88,0.01,4,5552,买盘
384,14:25:35,13.87,-0.01,5,6935,卖盘
385,14:25:29,13.88,--,24,33312,买盘
386,14:25:20,13.88,--,20,27760,买盘
387,14:25:10,13.88,--,24,33312,买盘
388,14:24:59,13.88,0.01,20,27760,买盘
389,14:24:54,13.87,-0.01,49,67963,卖盘
390,14:24:49,13.88,0.01,29,40252,买盘
391,14:24:44,13.87,-0.01,31,42997,卖盘
392,14:24:29,13.88,0.01,24,33312,买盘
393,14:24:24,13.87,--,74,102638,卖盘
394,14:24:19,13.87,-0.01,30,41610,卖盘
395,14:24:09,13.88,0.01,24,33312,买盘
396,14:24:04,13.87,0.03,103,142861,买盘
397,14:23:59,13.84,-0.03,42,58128,卖盘
398,14:23:54,13.87,-0.01,2,2774,买盘
399,14:23:49,13.88,0.04,24,33312,买盘
400,14:23:44,13.84,-0.03,13,17992,卖盘
401,14:23:34,13.87,--,0,0,买盘
402,14:23:29,13.87,0.03,24,33288,买盘
403,14:23:14,13.84,--,9,12456,卖盘
404,14:23:09,13.84,--,25,34600,卖盘
405,14:22:59,13.84,--,4,5536,卖盘
406,14:22:54,13.84,-0.03,5,6920,卖盘
407,14:22:49,13.87,0.02,24,33288,买盘
408,14:22:38,13.85,--,3,4155,卖盘
409,14:22:34,13.85,-0.02,25,34625,卖盘
410,14:22:29,13.87,--,24,33288,买盘
411,14:22:14,13.87,--,0,0,买盘
412,14:22:09,13.87,--,40,55480,卖盘
413,14:21:59,13.87,-0.01,1,1387,卖盘
414,14:21:49,13.88,0.01,24,33312,买盘
415,14:21:44,13.87,0.03,7,9709,卖盘
416,14:21:29,13.84,-0.04,1,1384,卖盘
417,14:21:19,13.88,0.04,990,1374120,买盘
418,14:21:13,13.84,--,26,35984,买盘
419,14:21:09,13.84,--,27,37368,买盘
420,14:20:59,13.84,--,26,35984,买盘
421,14:20:53,13.84,-0.01,3,4152,卖盘
422,14:20:49,13.85,0.01,24,33240,买盘
423,14:20:39,13.84,--,3,4152,卖盘
424,14:20:34,13.84,--,2,2768,卖盘
425,14:20:28,13.84,0.05,26,35984,买盘
426,14:20:24,13.79,--,0,0,卖盘
427,14:20:19,13.79,-0.04,75,103425,卖盘
428,14:20:14,13.83,0.03,10,13830,卖盘
429,14:20:08,13.8,-0.04,30,41400,卖盘
430,14:20:04,13.84,0.01,10,13840,买盘
431,14:19:59,13.83,0.03,10,13830,买盘
432,14:19:54,13.8,-0.04,5,6900,卖盘
433,14:19:49,13.84,0.03,24,33216,买盘
434,14:19:34,13.81,--,3,4143,买盘
435,14:19:28,13.81,-0.01,28,38668,卖盘
436,14:19:24,13.82,--,19,26258,卖盘
437,14:19:13,13.82,-0.01,12,16584,卖盘
438,14:19:09,13.83,0.01,24,33192,买盘
439,14:19:04,13.82,0.02,1,1382,买盘
440,14:18:58,13.8,-0.03,46,63480,卖盘
441,14:18:54,13.83,--,2,2766,买盘
442,14:18:49,13.83,0.03,24,33192,买盘
443,14:18:43,13.8,-0.03,15,20700,卖盘
444,14:18:28,13.83,0.04,24,33192,买盘
445,14:18:13,13.79,--,49,67571,买盘
446,14:18:08,13.79,-0.01,44,60675,卖盘
447,14:18:04,13.8,--,1,1380,买盘
448,14:17:59,13.8,-0.02,95,131100,卖盘
449,14:17:48,13.82,--,45,62190,买盘
450,14:17:43,13.82,0.01,115,158930,买盘
451,14:17:33,13.81,-0.01,1,1381,卖盘
452,14:17:29,13.82,--,24,33168,买盘
453,14:17:23,13.82,--,2,2764,买盘
454,14:17:18,13.82,-0.02,44,60808,卖盘
455,14:17:08,13.84,0.01,52,71968,买盘
456,14:17:03,13.83,0.02,2,2766,卖盘
457,14:16:53,13.81,--,0,0,卖盘
458,14:16:48,13.81,-0.03,199,274819,卖盘
459,14:16:38,13.84,-0.01,38,52592,卖盘
460,14:16:32,13.85,--,41,56785,买盘
461,14:16:28,13.85,0.01,39,54015,买盘
462,14:16:23,13.84,--,100,138400,卖盘
463,14:16:18,13.84,-0.01,12,16608,卖盘
464,14:16:08,13.85,0.01,29,40165,买盘
465,14:16:03,13.84,0.03,14,19376,买盘
466,14:15:53,13.81,-0.03,1,1381,卖盘
467,14:15:48,13.84,-0.01,39,53976,中性盘
468,14:15:43,13.85,--,10,13850,买盘
469,14:15:38,13.85,0.03,298,413838,买盘
470,14:15:32,13.82,-0.03,6,8292,卖盘
471,14:15:28,13.85,0.03,24,33240,买盘
472,14:15:18,13.82,-0.03,200,276400,卖盘
473,14:15:08,13.85,-0.01,187,258995,卖盘
474,14:15:03,13.86,-0.01,5,6930,卖盘
475,14:14:58,13.87,--,87,120669,买盘
476,14:14:48,13.87,--,24,33288,买盘
477,14:14:43,13.87,--,5,6935,买盘
478,14:14:38,13.87,--,42,58254,卖盘
479,14:14:28,13.87,--,26,36062,卖盘
480,14:14:23,13.87,0.01,11,15257,卖盘
481,14:14:13,13.86,--,0,0,卖盘
482,14:14:08,13.86,-0.01,25,34650,卖盘
483,14:13:53,13.87,--,14,19418,买盘
484,14:13:47,13.87,--,89,123443,卖盘
485,14:13:38,13.87,--,2,2774,卖盘
486,14:13:32,13.87,-0.02,17,23579,卖盘
487,14:13:28,13.89,0.01,24,33336,买盘
488,14:13:18,13.88,--,0,0,买盘
489,14:13:07,13.88,-0.01,24,33312,买盘
490,14:12:52,13.89,--,0,0,买盘
491,14:12:47,13.89,--,24,33336,买盘
492,14:12:37,13.89,0.04,50,69450,买盘
493,14:12:32,13.85,-0.04,1,1385,卖盘
494,14:12:28,13.89,--,24,33336,买盘
495,14:12:22,13.89,--,0,0,买盘
496,14:12:17,13.89,--,112,155568,买盘
497,14:12:08,13.89,0.03,74,102786,买盘
498,14:12:03,13.86,-0.03,4,5544,卖盘
499,14:11:47,13.89,0.03,25,34725,买盘
500,14:11:43,13.86,-0.03,3,4158,卖盘
501,14:11:37,13.89,-0.01,18,25002,买盘
502,14:11:32,13.9,--,0,0,买盘
503,14:11:28,13.9,--,24,33360,买盘
504,14:11:22,13.9,--,0,0,买盘
505,14:11:17,13.9,0.05,20,27800,买盘
506,14:11:07,13.85,--,62,85870,卖盘
507,14:11:02,13.85,--,0,0,卖盘
508,14:10:47,13.85,-0.01,25,34625,卖盘
509,14:10:37,13.86,0.01,1,1386,买盘
510,14:10:32,13.85,-0.01,1,1385,卖盘
511,14:10:26,13.86,-0.02,24,33264,买盘
512,14:10:22,13.88,--,104,144352,买盘
513,14:10:17,13.88,--,6,8328,买盘
514,14:10:07,13.88,0.02,24,33312,买盘
515,14:10:02,13.86,--,3,4158,卖盘
516,14:09:52,13.86,-0.02,19,26334,卖盘
517,14:09:47,13.88,0.02,33,45804,买盘
518,14:09:37,13.86,--,19,26334,卖盘
519,14:09:26,13.86,--,42,58212,买盘
520,14:09:11,13.86,-0.02,14,19404,卖盘
521,14:09:07,13.88,0.02,24,33312,买盘
522,14:09:02,13.86,--,1,1386,卖盘
523,14:08:56,13.86,--,2,2772,买盘
524,14:08:47,13.86,--,29,40194,买盘
525,14:08:42,13.86,-0.02,9,12474,卖盘
526,14:08:27,13.88,--,24,33312,买盘
527,14:08:22,13.88,0.03,16,22208,买盘
528,14:08:17,13.85,--,45,62325,买盘
529,14:08:12,13.85,-0.04,87,120495,卖盘
530,14:08:07,13.89,0.01,5,6945,买盘
531,14:08:02,13.88,0.03,52,72176,买盘
532,14:07:57,13.85,-0.03,20,27700,卖盘
533,14:07:47,13.88,0.02,56,77728,买盘
534,14:07:42,13.86,-0.02,39,54054,卖盘
535,14:07:37,13.88,0.01,1,1388,买盘
536,14:07:32,13.87,-0.01,28,38836,卖盘
537,14:07:27,13.88,0.01,30,41640,买盘
538,14:07:22,13.87,-0.01,30,41610,卖盘
539,14:07:17,13.88,0.01,14,19432,买盘
540,14:07:07,13.87,--,24,33288,买盘
541,14:07:02,13.87,--,5,6935,买盘
542,14:06:47,13.87,0.01,24,33288,买盘
543,14:06:41,13.86,0.01,12,16632,买盘
544,14:06:37,13.85,--,4,5540,卖盘
545,14:06:31,13.85,-0.01,20,27700,卖盘
546,14:06:26,13.86,0.01,75,103950,买盘
547,14:06:22,13.85,--,7,9695,买盘
548,14:06:17,13.85,--,5,6925,买盘
549,14:06:06,13.85,--,24,33240,买盘
550,14:06:02,13.85,-0.02,13,18005,卖盘
551,14:05:57,13.87,--,2,2774,买盘
552,14:05:52,13.87,0.02,1,1387,买盘
553,14:05:47,13.85,-0.03,119,164815,卖盘
554,14:05:37,13.88,0.01,1,1388,买盘
555,14:05:32,13.87,-0.01,46,63802,卖盘
556,14:05:26,13.88,--,24,33312,买盘
557,14:05:12,13.88,-0.02,32,44416,卖盘
558,14:05:07,13.9,-0.01,34,47260,买盘
559,14:05:01,13.91,--,0,0,买盘
560,14:04:51,13.91,0.02,37,51467,买盘
561,14:04:46,13.89,-0.02,31,43059,卖盘
562,14:04:26,13.91,--,24,33384,买盘
563,14:04:16,13.91,--,5,6955,买盘
564,14:04:07,13.91,--,25,34775,买盘
565,14:04:01,13.91,--,0,0,买盘
566,14:03:56,13.91,--,40,55640,买盘
567,14:03:46,13.91,0.04,24,33384,买盘
568,14:03:41,13.87,-0.04,34,47158,卖盘
569,14:03:26,13.91,--,24,33384,买盘
570,14:03:11,13.91,--,18,25038,买盘
571,14:03:05,13.91,0.01,6,8346,买盘
572,14:02:56,13.9,--,34,47260,卖盘
573,14:02:51,13.9,-0.02,5,6950,卖盘
574,14:02:46,13.92,--,60,83520,买盘
575,14:02:41,13.92,--,104,144768,买盘
576,14:02:36,13.92,-0.01,24,33408,卖盘
577,14:02:26,13.93,--,52,72436,买盘
578,14:02:11,13.93,--,0,0,买盘
579,14:02:06,13.93,0.04,46,64078,买盘
580,14:02:01,13.89,--,0,0,卖盘
581,14:01:56,13.89,--,0,0,卖盘
582,14:01:50,13.89,-0.04,100,138900,卖盘
583,14:01:46,13.93,--,24,33432,买盘
584,14:01:41,13.93,--,1,1393,卖盘
585,14:01:31,13.93,--,3,4179,卖盘
586,14:01:26,13.93,0.02,21,29253,买盘
587,14:01:16,13.91,-0.02,3,4173,卖盘
588,14:01:06,13.93,0.03,31,43183,买盘
589,14:01:01,13.9,-0.03,198,275220,卖盘
590,14:00:56,13.93,-0.01,12,16716,买盘
591,14:00:50,13.94,0.01,24,33456,买盘
592,14:00:41,13.93,--,5,6965,卖盘
593,14:00:35,13.93,-0.02,6,8358,卖盘
594,14:00:31,13.95,--,10,13950,买盘
595,14:00:26,13.95,0.01,24,33480,买盘
596,14:00:16,13.94,--,2,3512,卖盘
597,14:00:11,13.94,-0.01,5,6970,卖盘
598,14:00:06,13.95,--,25,34875,买盘
599,13:59:51,13.95,0.01,30,41850,中性盘
600,13:59:45,13.94,--,82,114977,卖盘
601,13:59:41,13.94,-0.01,13,18122,卖盘
602,13:59:36,13.95,0.01,22,30690,买盘
603,13:59:31,13.94,-0.01,12,16728,卖盘
604,13:59:26,13.95,0.02,55,76725,买盘
605,13:59:21,13.93,-0.01,15,20895,卖盘
606,13:59:11,13.94,--,117,163098,买盘
607,13:59:06,13.94,--,28,39032,中性盘
608,13:58:56,13.94,--,9,12546,卖盘
609,13:58:51,13.94,-0.01,47,65518,卖盘
610,13:58:46,13.95,0.01,1,1395,买盘
611,13:58:41,13.94,--,19,26486,买盘
612,13:58:36,13.94,-0.01,6,8364,卖盘
613,13:58:31,13.95,--,10,13950,买盘
614,13:58:25,13.95,--,52,72540,买盘
615,13:58:11,13.95,--,0,0,买盘
616,13:58:06,13.95,0.02,67,93465,买盘
617,13:57:50,13.93,--,37,51541,卖盘
618,13:57:35,13.93,--,17,23681,买盘
619,13:57:25,13.93,--,87,121191,卖盘
620,13:57:20,13.93,--,58,80794,卖盘
621,13:57:16,13.93,--,1,1393,卖盘
622,13:57:10,13.93,-0.01,21,29253,卖盘
623,13:57:05,13.94,--,56,78064,买盘
624,13:56:55,13.94,0.02,28,39032,买盘
625,13:56:50,13.92,-0.01,79,109968,卖盘
626,13:56:45,13.93,--,52,72436,买盘
627,13:56:35,13.93,--,23,32039,买盘
628,13:56:31,13.93,0.01,100,139300,买盘
629,13:56:25,13.92,--,29,40368,买盘
630,13:56:20,13.92,0.01,5,6960,买盘
631,13:56:14,13.91,--,22,31617,买盘
632,13:56:10,13.91,--,206,286546,买盘
633,13:56:05,13.91,--,24,33384,买盘
634,13:55:50,13.91,0.03,24,33384,买盘
635,13:55:40,13.88,-0.01,10,13880,卖盘
636,13:55:35,13.89,--,126,175389,卖盘
637,13:55:29,13.89,--,1,1389,卖盘
638,13:55:25,13.89,--,334,463926,卖盘
639,13:55:10,13.89,--,2,3791,买盘
640,13:55:05,13.89,0.01,15,20835,买盘
641,13:54:55,13.88,-0.01,15,20820,卖盘
642,13:54:50,13.89,0.01,24,33336,买盘
643,13:54:30,13.88,-0.01,49,68012,卖盘
644,13:54:25,13.89,0.01,34,47226,买盘
645,13:54:20,13.88,--,730,1013240,卖盘
646,13:54:14,13.88,--,12,16656,卖盘
647,13:54:10,13.88,-0.01,1,1388,卖盘
648,13:54:05,13.89,--,25,34725,买盘
649,13:53:55,13.89,--,3,4167,买盘
650,13:53:49,13.89,0.01,24,33336,买盘
651,13:53:40,13.88,--,24,33312,卖盘
652,13:53:35,13.88,-0.01,10,13880,卖盘
653,13:53:29,13.89,0.01,58,80562,买盘
654,13:53:25,13.88,0.02,5,6940,买盘
655,13:53:10,13.86,-0.03,1,1386,卖盘
656,13:53:05,13.89,--,40,55560,买盘
657,13:52:50,13.89,0.01,24,33336,买盘
658,13:52:44,13.88,0.02,102,141576,买盘
659,13:52:40,13.86,--,20,27720,卖盘
660,13:52:35,13.86,-0.02,37,51282,卖盘
661,13:52:29,13.88,0.02,24,33312,买盘
662,13:52:20,13.86,--,4,5544,卖盘
663,13:52:15,13.86,-0.02,5,6930,卖盘
664,13:52:05,13.88,0.02,50,69913,买盘
665,13:52:00,13.86,-0.02,25,35523,卖盘
666,13:51:50,13.88,0.02,24,33312,买盘
667,13:51:45,13.86,--,7,9702,卖盘
668,13:51:35,13.86,--,31,43478,买盘
669,13:51:30,13.86,--,24,33264,买盘
670,13:51:19,13.86,-0.03,2,2772,卖盘
671,13:51:10,13.89,--,0,0,买盘
672,13:51:05,13.89,0.03,24,33336,买盘
673,13:50:59,13.86,-0.03,3,4158,卖盘
674,13:50:50,13.89,0.03,24,33336,买盘
675,13:50:45,13.86,0.01,1,1386,卖盘
676,13:50:40,13.85,--,0,0,卖盘
677,13:50:35,13.85,--,0,0,卖盘
678,13:50:29,13.85,--,27,37395,卖盘
679,13:50:25,13.85,--,0,0,卖盘
680,13:50:20,13.85,-0.04,7,9695,卖盘
681,13:50:05,13.89,0.04,24,33336,买盘
682,13:49:54,13.85,-0.05,47,65095,卖盘
683,13:49:50,13.9,0.01,24,33360,买盘
684,13:49:40,13.89,-0.01,17,23613,卖盘
685,13:49:29,13.9,--,34,47260,买盘
686,13:49:09,13.9,-0.01,13,18070,卖盘
687,13:49:04,13.91,0.01,24,33384,买盘
688,13:48:54,13.9,--,5,6950,卖盘
689,13:48:49,13.9,--,26,36140,买盘
690,13:48:34,13.9,-0.02,8,11120,卖盘
691,13:48:28,13.92,0.02,27,38280,买盘
692,13:48:19,13.9,-0.01,6,9035,卖盘
693,13:48:14,13.91,--,5,6955,买盘
694,13:48:09,13.91,--,6,8346,买盘
695,13:48:04,13.91,--,24,33384,买盘
696,13:47:59,13.91,--,10,13910,买盘
697,13:47:53,13.91,--,23,31993,买盘
698,13:47:49,13.91,0.02,76,105716,买盘
699,13:47:44,13.89,-0.02,14,19446,卖盘
700,13:47:34,13.91,--,60,83460,买盘
701,13:47:28,13.91,--,66,91806,买盘
702,13:47:23,13.91,0.01,12,16692,买盘
703,13:47:19,13.9,--,18,25020,卖盘
704,13:47:14,13.9,-0.01,12,16680,卖盘
705,13:47:04,13.91,0.02,30,41730,买盘
706,13:46:59,13.89,-0.01,43,59727,卖盘
707,13:46:53,13.9,-0.01,9,12510,卖盘
708,13:46:49,13.91,0.01,34,47294,买盘
709,13:46:44,13.9,-0.01,88,122320,卖盘
710,13:46:39,13.91,0.01,55,76505,买盘
711,13:46:34,13.9,--,20,27800,买盘
712,13:46:28,13.9,-0.01,35,48650,中性盘
713,13:46:23,13.91,0.01,22,30602,买盘
714,13:46:19,13.9,--,25,34750,买盘
715,13:46:14,13.9,--,3,4170,买盘
716,13:46:09,13.9,--,1,1390,买盘
717,13:46:04,13.9,--,24,33360,买盘
718,13:45:59,13.9,--,29,40310,卖盘
719,13:45:54,13.9,--,45,62550,卖盘
720,13:45:49,13.9,--,127,176530,卖盘
721,13:45:44,13.9,0.02,329,457310,买盘
722,13:45:34,13.88,--,31,43028,卖盘
723,13:45:29,13.88,0.01,144,199872,买盘
724,13:45:24,13.87,-0.01,33,45771,卖盘
725,13:45:14,13.88,0.01,104,144352,买盘
726,13:44:58,13.87,0.02,543,753141,买盘
727,13:44:54,13.85,-0.02,15,20775,卖盘
728,13:44:49,13.87,--,224,310688,买盘
729,13:44:44,13.87,--,0,0,买盘
730,13:44:39,13.87,--,80,110960,买盘
731,13:44:34,13.87,--,0,0,买盘
732,13:44:29,13.87,0.02,57,79059,买盘
733,13:44:24,13.85,--,6,8310,买盘
734,13:44:19,13.85,--,19,26315,买盘
735,13:44:14,13.85,-0.02,33,45705,卖盘
736,13:44:08,13.87,0.02,24,33288,买盘
737,13:44:04,13.85,--,2,2770,卖盘
738,13:43:54,13.85,--,7,9695,卖盘
739,13:43:49,13.85,-0.01,25,34625,卖盘
740,13:43:44,13.86,--,25,34650,买盘
741,13:43:39,13.86,--,26,36036,买盘
742,13:43:33,13.86,--,5,6930,买盘
743,13:43:29,13.86,--,24,33264,买盘
744,13:43:18,13.86,--,6,8316,买盘
745,13:43:13,13.86,--,2,2772,买盘
746,13:43:08,13.86,0.01,24,33264,买盘
747,13:43:04,13.85,-0.01,10,13850,卖盘
748,13:42:59,13.86,--,16,22176,买盘
749,13:42:48,13.86,0.02,24,33264,买盘
750,13:42:43,13.84,--,0,0,卖盘
751,13:42:38,13.84,-0.03,11,15224,中性盘
752,13:42:28,13.87,0.04,24,33288,买盘
753,13:42:23,13.83,-0.01,2,2766,卖盘
754,13:42:18,13.84,-0.03,3,4152,卖盘
755,13:42:13,13.87,--,0,0,买盘
756,13:42:08,13.87,0.04,24,33288,买盘
757,13:42:03,13.83,--,4,5532,卖盘
758,13:41:58,13.83,--,0,0,卖盘
759,13:41:52,13.83,--,0,0,卖盘
760,13:41:47,13.83,-0.04,34,47022,卖盘
761,13:41:43,13.87,--,0,0,买盘
762,13:41:33,13.87,--,0,0,买盘
763,13:41:28,13.87,0.03,24,33288,买盘
764,13:41:23,13.84,--,2,2768,卖盘
765,13:41:17,13.84,--,0,0,中性盘
766,13:41:13,13.84,--,6,8304,买盘
767,13:41:08,13.84,--,25,34600,卖盘
768,13:40:52,13.84,-0.02,4,5536,卖盘
769,13:40:47,13.86,--,34,47124,买盘
770,13:40:43,13.86,--,2,2772,买盘
771,13:40:33,13.86,0.02,15,20790,买盘
772,13:40:28,13.84,-0.01,26,35984,卖盘
773,13:40:22,13.85,-0.01,3,4155,卖盘
774,13:40:17,13.86,--,0,0,买盘
775,13:40:08,13.86,--,34,47124,买盘
776,13:40:02,13.86,--,15,20790,买盘
777,13:39:53,13.86,--,0,0,买盘
778,13:39:47,13.86,0.01,24,33264,买盘
779,13:39:43,13.85,-0.01,10,13850,卖盘
780,13:39:38,13.86,0.01,19,26334,买盘
781,13:39:28,13.85,-0.01,26,36010,卖盘
782,13:39:23,13.86,0.01,3,4158,买盘
783,13:39:17,13.85,-0.01,3,4155,中性盘
784,13:39:13,13.86,--,17,23562,买盘
785,13:39:08,13.86,0.02,25,34650,买盘
786,13:38:58,13.84,--,0,0,卖盘
787,13:38:52,13.84,--,0,0,中性盘
788,13:38:48,13.84,0.02,24,33216,买盘
789,13:38:38,13.82,--,20,27640,卖盘
790,13:38:32,13.82,-0.02,8,11056,卖盘
791,13:38:28,13.84,-0.02,24,33216,买盘
792,13:38:18,13.86,--,0,0,买盘
793,13:38:07,13.86,0.05,24,33264,买盘
794,13:37:58,13.81,--,8,11048,卖盘
795,13:37:52,13.81,--,17,23477,卖盘
796,13:37:47,13.81,--,34,46954,买盘
797,13:37:38,13.81,0.01,32,44192,买盘
798,13:37:27,13.8,-0.01,32,44160,卖盘
799,13:37:22,13.81,--,100,138100,买盘
800,13:37:07,13.81,-0.03,83,114623,卖盘
801,13:36:48,13.84,0.02,26,35984,买盘
802,13:36:42,13.82,0.02,15,20730,买盘
803,13:36:33,13.8,-0.02,57,78660,卖盘
804,13:36:28,13.82,--,25,34550,卖盘
805,13:36:23,13.82,-0.02,6,8292,卖盘
806,13:36:13,13.84,--,10,13840,买盘
807,13:36:07,13.84,--,24,33216,买盘
808,13:36:01,13.84,-0.02,11,15224,卖盘
809,13:35:57,13.86,-0.01,1,1386,买盘
810,13:35:47,13.87,--,54,74898,买盘
811,13:35:28,13.87,--,24,33288,买盘
812,13:35:22,13.87,0.01,30,41610,买盘
813,13:35:16,13.86,--,1,1386,买盘
814,13:35:12,13.86,--,0,0,中性盘
815,13:35:07,13.86,--,30,41580,卖盘
816,13:35:02,13.86,--,3,4158,卖盘
817,13:34:52,13.86,--,2,2772,卖盘
818,13:34:46,13.86,0.01,16,22176,买盘
819,13:34:43,13.85,--,5,6925,卖盘
820,13:34:37,13.85,0.08,101,139885,买盘
821,13:34:31,13.77,--,0,0,卖盘
822,13:34:26,13.77,-0.01,40,55080,卖盘
823,13:34:22,13.78,-0.02,1,1378,买盘
824,13:34:17,13.8,0.03,3,4140,中性盘
825,13:34:12,13.77,-0.01,10,13770,卖盘
826,13:34:07,13.78,0.01,30,41340,买盘
827,13:34:01,13.77,--,10,13770,卖盘
828,13:33:56,13.77,-0.07,1,1377,卖盘
829,13:33:46,13.84,0.08,25,34600,买盘
830,13:33:37,13.76,--,1,1376,卖盘
831,13:33:31,13.76,-0.09,9,12384,卖盘
832,13:33:26,13.85,0.08,30,41550,买盘
833,13:33:22,13.77,--,98,134946,买盘
834,13:33:17,13.77,-0.01,1,1377,买盘
835,13:33:12,13.78,-0.07,274,377572,卖盘
836,13:33:07,13.85,0.02,25,34625,买盘
837,13:33:01,13.83,--,0,0,中性盘
838,13:32:57,13.83,0.02,22,30426,买盘
839,13:32:52,13.81,-0.02,141,194721,卖盘
840,13:32:47,13.83,0.01,24,33192,买盘
841,13:32:37,13.82,-0.01,15,20730,卖盘
842,13:32:31,13.83,-0.02,100,138300,卖盘
843,13:32:26,13.85,0.02,24,33240,买盘
844,13:32:22,13.83,-0.01,8,11064,卖盘
845,13:32:11,13.84,-0.01,10,13840,卖盘
846,13:32:07,13.85,--,24,33240,买盘
847,13:31:52,13.85,--,10,13850,买盘
848,13:31:46,13.85,-0.01,64,88640,卖盘
849,13:31:42,13.86,-0.01,3,4158,买盘
850,13:31:26,13.87,--,24,33288,买盘
851,13:31:22,13.87,0.02,3,4161,买盘
852,13:31:16,13.85,-0.02,30,41550,卖盘
853,13:31:07,13.87,--,24,33288,买盘
854,13:31:02,13.87,--,28,38836,买盘
855,13:30:52,13.87,-0.01,44,61028,卖盘
856,13:30:47,13.88,0.01,24,33312,买盘
857,13:30:41,13.87,--,19,26353,买盘
858,13:30:31,13.87,-0.01,12,16644,卖盘
859,13:30:26,13.88,0.01,24,33312,买盘
860,13:30:22,13.87,-0.01,3,4161,卖盘
861,13:30:06,13.88,0.01,24,33312,买盘
862,13:30:01,13.87,-0.01,13,18031,卖盘
863,13:29:46,13.88,0.01,24,33312,买盘
864,13:29:42,13.87,--,4,5548,卖盘
865,13:29:31,13.87,-0.01,136,188632,卖盘
866,13:29:25,13.88,0.01,24,33312,买盘
867,13:29:11,13.87,-0.01,12,16644,卖盘
868,13:29:07,13.88,--,29,40252,买盘
869,13:29:01,13.88,--,7,9716,买盘
870,13:28:57,13.88,0.01,40,55520,买盘
871,13:28:51,13.87,-0.01,10,13870,卖盘
872,13:28:46,13.88,0.01,24,33312,买盘
873,13:28:31,13.87,0.03,137,190019,买盘
874,13:28:25,13.84,--,55,76120,卖盘
875,13:28:16,13.84,--,6,8304,卖盘
876,13:28:10,13.84,-0.01,20,27680,卖盘
877,13:28:06,13.85,--,24,33240,买盘
878,13:27:55,13.85,-0.01,32,44320,卖盘
879,13:27:46,13.86,0.01,24,33264,中性盘
880,13:27:40,13.85,--,53,73405,卖盘
881,13:27:31,13.85,-0.03,11,15235,卖盘
882,13:27:25,13.88,0.03,54,74952,买盘
883,13:27:16,13.85,--,2,2770,卖盘
884,13:27:10,13.85,-0.03,6,8310,卖盘
885,13:27:06,13.88,0.03,27,37476,买盘
886,13:27:01,13.85,--,1,1385,卖盘
887,13:26:55,13.85,--,0,0,卖盘
888,13:26:50,13.85,-0.03,3,4155,卖盘
889,13:26:46,13.88,0.03,45,62460,买盘
890,13:26:35,13.85,--,5,6925,卖盘
891,13:26:31,13.85,-0.01,10,13850,卖盘
892,13:26:25,13.86,0.01,39,54054,买盘
893,13:26:21,13.85,--,22,30470,卖盘
894,13:26:16,13.85,-0.01,5,6925,卖盘
895,13:26:06,13.86,--,24,33264,买盘
896,13:25:55,13.86,--,9,12474,买盘
897,13:25:46,13.86,--,24,33264,买盘
898,13:25:40,13.86,--,3,4158,卖盘
899,13:25:31,13.86,--,11,15246,卖盘
900,13:25:24,13.86,--,34,47124,卖盘
901,13:25:21,13.86,-0.03,1,1386,卖盘
902,13:25:16,13.89,--,0,0,买盘
903,13:25:05,13.89,--,51,70839,买盘
904,13:24:45,13.89,--,24,33336,买盘
905,13:24:25,13.89,0.04,39,54171,买盘
906,13:24:10,13.85,-0.04,11,15235,卖盘
907,13:24:05,13.89,0.04,24,33336,买盘
908,13:23:51,13.85,-0.02,5,6925,卖盘
909,13:23:45,13.87,0.02,24,33288,买盘
910,13:23:40,13.85,--,0,0,卖盘
911,13:23:30,13.85,--,11,15235,卖盘
912,13:23:25,13.85,--,29,40165,卖盘
913,13:23:15,13.85,--,3,4155,卖盘
914,13:23:10,13.85,-0.04,7,9695,卖盘
915,13:23:05,13.89,0.04,35,48615,买盘
916,13:22:55,13.85,--,1,1385,卖盘
917,13:22:51,13.85,-0.04,2,2770,卖盘
918,13:22:45,13.89,--,62,86118,买盘
919,13:22:36,13.89,0.05,18,25002,买盘
920,13:22:30,13.84,-0.05,5,6920,卖盘
921,13:22:25,13.89,0.01,136,188904,买盘
922,13:22:15,13.88,--,19,26372,卖盘
923,13:22:10,13.88,--,2,2776,卖盘
924,13:22:06,13.88,0.04,3,4164,买盘
925,13:22:01,13.84,-0.01,60,83040,卖盘
926,13:21:55,13.85,-0.04,5,6925,卖盘
927,13:21:50,13.89,--,0,0,买盘
928,13:21:46,13.89,0.04,31,43059,买盘
929,13:21:34,13.85,-0.01,2,2770,卖盘
930,13:21:31,13.86,-0.03,15,20790,卖盘
931,13:21:25,13.89,0.03,24,33336,买盘
932,13:21:19,13.86,--,5,6930,卖盘
933,13:21:10,13.86,--,7,9702,卖盘
934,13:21:04,13.86,--,28,38808,卖盘
935,13:21:00,13.86,-0.03,7,11074,卖盘
936,13:20:55,13.89,--,5,6945,卖盘
937,13:20:45,13.89,0.03,16,22237,买盘
938,13:20:40,13.86,-0.01,13,18018,卖盘
939,13:20:34,13.87,0.01,18,24966,买盘
940,13:20:30,13.86,-0.01,1,1386,卖盘
941,13:20:25,13.87,-0.02,184,255208,卖盘
942,13:20:19,13.89,0.02,15,20835,买盘
943,13:20:15,13.87,--,32,44384,卖盘
944,13:20:10,13.87,-0.02,20,27740,卖盘
945,13:20:04,13.89,0.02,34,47226,买盘
946,13:19:54,13.87,-0.03,9,12483,卖盘
947,13:19:49,13.9,0.01,18,25020,买盘
948,13:19:44,13.89,0.02,56,77784,买盘
949,13:19:40,13.87,--,0,0,卖盘
950,13:19:30,13.87,-0.02,20,27740,卖盘
951,13:19:25,13.89,0.01,24,33336,买盘
952,13:19:19,13.88,--,20,27760,买盘
953,13:19:04,13.88,-0.02,134,185992,卖盘
954,13:18:59,13.9,--,0,0,买盘
955,13:18:49,13.9,--,18,25020,买盘
956,13:18:45,13.9,0.02,6,8340,买盘
957,13:18:34,13.88,0.01,2,2776,中性盘
958,13:18:29,13.87,-0.03,3,4161,卖盘
959,13:18:25,13.9,0.03,83,115370,买盘
960,13:18:19,13.87,--,0,0,卖盘
961,13:18:10,13.87,-0.01,88,122056,卖盘
962,13:18:04,13.88,--,45,62460,卖盘
963,13:18:00,13.88,-0.02,7,9716,卖盘
964,13:17:49,13.9,--,24,33360,买盘
965,13:17:25,13.9,0.03,24,33360,买盘
966,13:17:19,13.87,--,4,5548,卖盘
967,13:17:15,13.87,-0.03,22,30514,卖盘
968,13:17:04,13.9,-0.01,24,33360,买盘
969,13:16:49,13.91,--,17,23647,买盘
970,13:16:45,13.91,--,7,9737,买盘
971,13:16:39,13.91,0.01,52,72332,买盘
972,13:16:34,13.9,-0.01,1,1390,卖盘
973,13:16:24,13.91,--,24,33384,买盘
974,13:16:19,13.91,0.01,6,8346,买盘
975,13:16:04,13.9,-0.01,274,380860,卖盘
976,13:15:54,13.91,--,5,6955,买盘
977,13:15:49,13.91,--,8,11128,卖盘
978,13:15:39,13.91,--,24,33384,卖盘
979,13:15:30,13.91,0.01,3,4173,买盘
980,13:15:24,13.9,-0.01,10,13900,卖盘
981,13:15:19,13.91,0.01,42,58422,买盘
982,13:15:09,13.9,--,202,280780,卖盘
983,13:14:55,13.9,--,11,15290,卖盘
984,13:14:44,13.9,--,1,1390,卖盘
985,13:14:39,13.9,-0.01,4,5560,卖盘
986,13:14:34,13.91,--,2,2782,买盘
987,13:14:30,13.91,--,10,13910,买盘
988,13:14:09,13.91,-0.01,33,45903,卖盘
989,13:14:04,13.92,--,93,129456,买盘
990,13:13:58,13.92,--,72,100224,买盘
991,13:13:49,13.92,0.01,19,26448,买盘
992,13:13:43,13.91,-0.01,1,1391,卖盘
993,13:13:28,13.92,0.01,30,41760,买盘
994,13:13:24,13.91,--,11,15301,卖盘
995,13:13:13,13.91,-0.01,20,27820,卖盘
996,13:13:04,13.92,--,0,0,买盘
997,13:12:54,13.92,--,2,2784,买盘
998,13:12:48,13.92,0.02,3,4176,买盘
999,13:12:39,13.9,--,0,0,卖盘
1000,13:12:19,13.9,-0.02,4,5560,卖盘
1001,13:12:13,13.92,0.01,40,55680,买盘
1002,13:12:08,13.91,--,1,1766,卖盘
1003,13:12:04,13.91,--,5,6955,卖盘
1004,13:11:58,13.91,-0.01,6,8346,卖盘
1005,13:11:43,13.92,--,10,13920,买盘
1006,13:11:19,13.92,0.01,12,16704,买盘
1007,13:11:03,13.91,0.01,5,7970,买盘
1008,13:10:58,13.9,-0.01,22,30580,卖盘
1009,13:10:43,13.91,--,23,31993,卖盘
1010,13:10:33,13.91,0.01,11,15301,买盘
1011,13:10:28,13.9,-0.01,4,5560,卖盘
1012,13:10:19,13.91,0.01,23,31993,买盘
1013,13:10:07,13.9,--,1,1390,卖盘
1014,13:10:03,13.9,0.03,45,62550,买盘
1015,13:09:58,13.87,--,24,33288,卖盘
1016,13:09:54,13.87,--,9,12483,卖盘
1017,13:09:43,13.87,--,29,40223,买盘
1018,13:09:28,13.87,0.01,40,55480,买盘
1019,13:09:23,13.86,--,4,5544,卖盘
1020,13:09:13,13.86,--,30,41580,卖盘
1021,13:09:08,13.86,--,11,15246,卖盘
1022,13:08:43,13.86,-0.01,7,9702,卖盘
1023,13:08:28,13.87,--,4,5548,买盘
1024,13:08:18,13.87,--,17,23579,买盘
1025,13:08:08,13.87,--,10,13870,买盘
1026,13:08:03,13.87,-0.03,20,27740,卖盘
1027,13:07:43,13.9,--,1,1390,买盘
1028,13:07:22,13.9,--,10,13900,买盘
1029,13:06:58,13.9,--,10,13900,卖盘
1030,13:06:43,13.9,--,20,27800,卖盘
1031,13:06:33,13.9,-0.01,7,9730,卖盘
1032,13:06:22,13.91,0.01,10,13910,买盘
1033,13:06:06,13.9,--,2,2780,卖盘
1034,13:06:03,13.9,-0.01,43,59770,卖盘
1035,13:05:57,13.91,0.01,5,6955,买盘
1036,13:05:43,13.9,-0.01,61,84790,卖盘
1037,13:05:28,13.91,--,39,54249,卖盘
1038,13:05:13,13.91,--,12,16692,买盘
1039,13:05:07,13.91,--,4,5564,买盘
1040,13:04:58,13.91,--,2,2782,卖盘
1041,13:04:48,13.91,--,5,6955,卖盘
1042,13:04:37,13.91,--,3,4173,买盘
1043,13:04:32,13.91,0.01,14,19474,买盘
1044,13:04:18,13.9,--,20,27800,卖盘
1045,13:04:12,13.9,0.03,48,66720,买盘
1046,13:04:07,13.87,--,7,9709,卖盘
1047,13:04:03,13.87,--,1,1387,卖盘
1048,13:03:52,13.87,-0.04,3,4161,卖盘
1049,13:03:32,13.91,--,0,0,买盘
1050,13:03:22,13.91,--,7,9737,卖盘
1051,13:03:13,13.91,--,3,4173,买盘
1052,13:02:58,13.91,-0.01,6,8346,中性盘
1053,13:02:52,13.92,-0.01,2,2784,中性盘
1054,13:02:32,13.93,0.06,5,6965,买盘
1055,13:02:22,13.87,-0.06,107,148409,卖盘
1056,13:02:12,13.93,--,33,45969,买盘
1057,13:02:03,13.93,-0.01,33,45969,卖盘
1058,13:01:58,13.94,--,10,13940,买盘
1059,13:01:52,13.94,--,48,66912,买盘
1060,13:01:47,13.94,--,10,13940,买盘
1061,13:01:42,13.94,0.01,2,2788,买盘
1062,13:01:12,13.93,0.01,10,13930,买盘
1063,13:01:07,13.92,--,12,16704,买盘
1064,13:00:57,13.92,--,3,4176,买盘
1065,13:00:51,13.92,0.03,33,45936,买盘
1066,13:00:07,13.89,0.03,345,479205,买盘
1067,11:30:00,13.86,--,0,0,卖盘
1068,11:29:59,13.86,--,0,0,卖盘
1069,11:29:58,13.86,--,5,6930,卖盘
1070,11:29:53,13.86,0.01,218,302148,买盘
1071,11:29:48,13.85,--,27,37395,买盘
1072,11:29:38,13.85,--,1,1385,买盘
1073,11:29:28,13.85,--,2,2770,买盘
1074,11:29:23,13.85,-0.01,62,85870,卖盘
1075,11:29:18,13.86,0.01,10,13860,买盘
1076,11:29:08,13.85,-0.01,5,6925,卖盘
1077,11:28:58,13.86,0.01,410,568260,买盘
1078,11:28:53,13.85,--,13,18005,卖盘
1079,11:28:43,13.85,-0.01,6,8310,卖盘
1080,11:28:38,13.86,--,300,415800,买盘
1081,11:28:28,13.86,--,55,76230,买盘
1082,11:28:08,13.86,0.01,5,6930,买盘
1083,11:27:42,13.85,--,1,1385,卖盘
1084,11:27:33,13.85,-0.01,40,55400,卖盘
1085,11:27:18,13.86,0.01,5,6930,买盘
1086,11:27:12,13.85,-0.01,30,41550,卖盘
1087,11:27:08,13.86,--,2,2772,买盘
1088,11:26:57,13.86,--,5,6930,中性盘
1089,11:26:53,13.86,0.01,1,1386,买盘
1090,11:26:38,13.85,--,0,0,卖盘
1091,11:26:22,13.85,--,10,13850,卖盘
1092,11:26:18,13.85,--,0,0,卖盘
1093,11:26:12,13.85,--,18,24930,卖盘
1094,11:26:08,13.85,0.01,8,11080,买盘
1095,11:26:03,13.84,-0.01,12,16608,卖盘
1096,11:25:48,13.85,--,82,113570,买盘
1097,11:25:42,13.85,--,12,16620,买盘
1098,11:25:33,13.85,--,24,33240,卖盘
1099,11:25:23,13.85,--,0,0,中性盘
1100,11:25:18,13.85,--,2,2770,买盘
1101,11:25:07,13.85,--,20,27700,买盘
1102,11:25:03,13.85,0.01,16,22160,买盘
1103,11:24:56,13.84,--,1,1384,卖盘
1104,11:24:48,13.84,--,3,4152,卖盘
1105,11:24:37,13.84,0.04,7,9688,买盘
1106,11:24:33,13.8,-0.04,607,837660,卖盘
1107,11:24:27,13.84,--,11,15224,买盘
1108,11:24:17,13.84,-0.01,10,13840,卖盘
1109,11:24:12,13.85,--,1,1385,买盘
1110,11:24:07,13.85,--,12,16620,买盘
1111,11:24:02,13.85,-0.01,277,383645,卖盘
1112,11:23:52,13.86,-0.01,45,62370,卖盘
1113,11:23:47,13.87,--,15,20805,卖盘
1114,11:23:17,13.87,-0.03,58,80446,卖盘
1115,11:23:06,13.9,--,15,20850,买盘
1116,11:23:02,13.9,-0.02,462,642180,卖盘
1117,11:22:57,13.92,--,15,20880,买盘
1118,11:22:47,13.92,--,16,22272,卖盘
1119,11:22:32,13.92,--,2,2784,卖盘
1120,11:22:27,13.92,0.02,3,4176,买盘
1121,11:22:17,13.9,--,73,101470,卖盘
1122,11:21:47,13.9,--,2,2780,卖盘
1123,11:21:36,13.9,--,0,0,卖盘
1124,11:21:32,13.9,--,20,27800,卖盘
1125,11:21:27,13.9,0.01,51,70890,买盘
1126,11:21:22,13.89,-0.01,1,1389,卖盘
1127,11:21:16,13.9,0.02,1,1390,买盘
1128,11:21:07,13.88,--,2,2776,卖盘
1129,11:20:47,13.88,--,4,5552,卖盘
1130,11:20:42,13.88,--,2,2776,买盘
1131,11:20:37,13.88,--,2,2776,买盘
1132,11:20:32,13.88,--,21,29148,买盘
1133,11:20:27,13.88,--,0,0,买盘
1134,11:20:22,13.88,--,9,12492,卖盘
1135,11:20:17,13.88,--,12,16656,买盘
1136,11:20:12,13.88,--,334,463592,卖盘
1137,11:20:07,13.88,--,16,22208,卖盘
1138,11:20:02,13.88,--,7,9716,卖盘
1139,11:19:52,13.88,--,2,2776,卖盘
1140,11:19:47,13.88,--,2,2776,卖盘
1141,11:19:36,13.88,-0.03,1,1388,卖盘
1142,11:19:27,13.91,--,52,72332,买盘
1143,11:19:17,13.91,--,0,0,买盘
1144,11:19:12,13.91,0.01,47,65377,买盘
1145,11:19:06,13.9,--,25,34750,卖盘
1146,11:18:57,13.9,--,11,15290,卖盘
1147,11:18:46,13.9,--,59,82010,卖盘
1148,11:18:42,13.9,--,2,2780,卖盘
1149,11:18:36,13.9,--,14,19460,卖盘
1150,11:18:32,13.9,-0.01,10,13900,卖盘
1151,11:18:21,13.91,-0.01,28,38948,卖盘
1152,11:18:17,13.92,0.01,29,40368,买盘
1153,11:18:12,13.91,--,36,50076,卖盘
1154,11:17:57,13.91,--,28,38948,卖盘
1155,11:17:51,13.91,-0.01,2,2782,卖盘
1156,11:17:46,13.92,--,1,1392,买盘
1157,11:17:42,13.92,--,20,27840,买盘
1158,11:17:31,13.92,--,7,9744,卖盘
1159,11:17:26,13.92,-0.01,3,4176,卖盘
1160,11:17:12,13.93,--,12,16716,卖盘
1161,11:16:41,13.93,0.01,92,128156,买盘
1162,11:16:32,13.92,--,272,378624,卖盘
1163,11:16:26,13.92,--,42,58464,卖盘
1164,11:16:21,13.92,-0.01,30,41760,卖盘
1165,11:16:01,13.93,0.01,2,2786,买盘
1166,11:15:56,13.92,-0.01,2,2784,卖盘
1167,11:15:46,13.93,--,54,75222,买盘
1168,11:15:36,13.93,0.01,14,19502,买盘
1169,11:15:11,13.92,--,24,33408,卖盘
1170,11:14:56,13.92,-0.01,22,30624,卖盘
1171,11:14:51,13.93,0.01,2,2786,买盘
1172,11:14:46,13.92,--,9,12528,卖盘
1173,11:14:21,13.92,--,8,11136,卖盘
1174,11:14:11,13.92,--,2,2784,卖盘
1175,11:14:05,13.92,--,7,9744,卖盘
1176,11:14:00,13.92,--,1,1392,卖盘
1177,11:13:56,13.92,--,41,57072,卖盘
1178,11:13:41,13.92,-0.01,15,20880,卖盘
1179,11:13:26,13.93,--,147,204771,卖盘
1180,11:13:21,13.93,--,4,5572,卖盘
1181,11:13:11,13.93,--,20,27860,卖盘
1182,11:13:06,13.93,--,10,13930,卖盘
1183,11:12:56,13.93,--,5,6965,卖盘
1184,11:12:46,13.93,-0.01,17,23681,卖盘
1185,11:12:40,13.94,--,20,27880,卖盘
1186,11:12:35,13.94,--,1,1394,卖盘
1187,11:12:31,13.94,--,15,20910,卖盘
1188,11:12:21,13.94,-0.01,1,1394,卖盘
1189,11:12:15,13.95,--,2,2790,买盘
1190,11:12:11,13.95,--,10,13950,买盘
1191,11:12:00,13.95,--,5,6975,买盘
1192,11:11:56,13.95,--,59,82305,卖盘
1193,11:11:51,13.95,--,14,19530,卖盘
1194,11:11:41,13.95,-0.04,90,125550,卖盘
1195,11:11:36,13.99,0.04,12,16788,买盘
1196,11:11:26,13.95,--,2,2790,卖盘
1197,11:11:10,13.95,--,117,163215,卖盘
1198,11:10:55,13.95,0.01,15,20925,买盘
1199,11:10:50,13.94,--,20,27880,买盘
1200,11:10:45,13.94,--,2,2788,买盘
1201,11:10:36,13.94,--,9,12546,买盘
1202,11:10:26,13.94,--,15,20910,买盘
1203,11:10:11,13.94,0.02,5,6970,买盘
1204,11:10:00,13.92,--,24,33408,卖盘
1205,11:09:55,13.92,-0.03,29,40368,卖盘
1206,11:09:50,13.95,--,8,11160,卖盘
1207,11:09:34,13.95,--,167,232965,买盘
1208,11:09:25,13.95,--,12,16740,买盘
1209,11:09:20,13.95,--,17,23715,买盘
1210,11:09:11,13.95,-0.04,124,172980,卖盘
1211,11:09:05,13.99,--,42,58758,买盘
1212,11:08:49,13.99,0.04,88,123112,买盘
1213,11:08:45,13.95,-0.03,5,6975,卖盘
1214,11:08:40,13.98,0.03,60,83880,买盘
1215,11:08:34,13.95,-0.01,3,4185,卖盘
1216,11:08:30,13.96,0.01,10,13960,买盘
1217,11:08:25,13.95,--,118,164610,卖盘
1218,11:08:20,13.95,--,30,41850,卖盘
1219,11:08:15,13.95,--,15,20925,买盘
1220,11:08:10,13.95,--,7,9765,卖盘
1221,11:08:05,13.95,--,8,11160,卖盘
1222,11:08:00,13.95,--,6,8370,卖盘
1223,11:07:55,13.95,--,5,6975,卖盘
1224,11:07:50,13.95,--,10,13950,卖盘
1225,11:07:39,13.95,-0.01,20,27900,卖盘
1226,11:07:35,13.96,--,31,43276,买盘
1227,11:07:30,13.96,--,0,0,中性盘
1228,11:07:25,13.96,--,0,0,卖盘
1229,11:07:20,13.96,--,4,5584,卖盘
1230,11:07:15,13.96,--,5,6980,卖盘
1231,11:07:10,13.96,--,3,4188,卖盘
1232,11:07:05,13.96,--,10,13960,卖盘
1233,11:07:00,13.96,0.01,2,2792,买盘
1234,11:06:55,13.95,--,2,2790,卖盘
1235,11:06:50,13.95,--,7,9765,买盘
1236,11:06:40,13.95,0.03,5,6975,买盘
1237,11:06:30,13.92,--,138,192096,卖盘
1238,11:06:24,13.92,--,0,0,卖盘
1239,11:06:09,13.92,--,0,0,卖盘
1240,11:06:05,13.92,--,0,0,卖盘
1241,11:06:00,13.92,0.01,3,4176,卖盘
1242,11:05:54,13.91,-0.05,8,11128,卖盘
1243,11:05:50,13.96,--,0,0,买盘
1244,11:05:39,13.96,0.06,8,11168,卖盘
1245,11:05:35,13.9,-0.05,220,305800,卖盘
1246,11:05:30,13.95,-0.01,25,34875,卖盘
1247,11:05:24,13.96,0.01,5,6980,买盘
1248,11:05:20,13.95,--,5,6975,卖盘
1249,11:05:14,13.95,--,3,4185,卖盘
1250,11:05:09,13.95,0.04,48,66960,买盘
1251,11:05:04,13.91,--,5,6955,卖盘
1252,11:04:54,13.91,-0.04,8,11128,卖盘
1253,11:04:50,13.95,-0.01,23,32085,买盘
1254,11:04:45,13.96,--,0,0,买盘
1255,11:04:40,13.96,-0.02,20,27920,卖盘
1256,11:04:34,13.98,0.05,19,26562,买盘
1257,11:04:30,13.93,-0.03,100,139300,卖盘
1258,11:04:20,13.96,--,62,86552,买盘
1259,11:04:14,13.96,--,58,80968,买盘
1260,11:04:10,13.96,0.01,16,22336,买盘
1261,11:04:04,13.95,-0.01,104,145080,卖盘
1262,11:04:00,13.96,--,0,0,卖盘
1263,11:03:49,13.96,-0.03,20,27920,卖盘
1264,11:03:45,13.99,--,217,304842,卖盘
1265,11:03:39,13.99,-0.01,44,61556,卖盘
1266,11:03:34,14.0,--,76,106400,买盘
1267,11:03:30,14.0,0.01,64,89600,买盘
1268,11:03:24,13.99,-0.01,49,68551,卖盘
1269,11:03:20,14.0,0.01,209,292600,买盘
1270,11:03:15,13.99,--,243,339957,卖盘
1271,11:03:09,13.99,-0.01,8,11192,卖盘
1272,11:03:04,14.0,0.01,20,28000,买盘
1273,11:03:00,13.99,-0.01,73,102127,卖盘
1274,11:02:54,14.0,--,18,25200,买盘
1275,11:02:50,14.0,--,12,16800,买盘
1276,11:02:44,14.0,--,33,46200,买盘
1277,11:02:39,14.0,--,3,4200,买盘
1278,11:02:34,14.0,--,136,190400,买盘
1279,11:02:29,14.0,-0.01,224,313600,卖盘
1280,11:02:24,14.01,-0.05,10,14010,中性盘
1281,11:02:19,14.06,0.05,40,56240,买盘
1282,11:02:14,14.01,0.01,81,113481,买盘
1283,11:02:09,14.0,--,22,30800,卖盘
1284,11:02:04,14.0,0.01,85,119140,买盘
1285,11:01:59,13.99,--,537,751263,卖盘
1286,11:01:54,13.99,--,6,8394,卖盘
1287,11:01:49,13.99,--,292,408508,卖盘
1288,11:01:44,13.99,-0.01,71,99329,卖盘
1289,11:01:39,14.0,0.01,84,117600,买盘
1290,11:01:34,13.99,-0.01,194,271406,卖盘
1291,11:01:29,14.0,0.01,42,58800,买盘
1292,11:01:24,13.99,-0.01,47,65753,卖盘
1293,11:01:19,14.0,--,119,166600,买盘
1294,11:01:14,14.0,0.01,63,88200,买盘
1295,11:01:09,13.99,--,32,44768,卖盘
1296,11:01:04,13.99,0.02,605,846395,买盘
1297,11:00:59,13.97,0.01,10,13970,卖盘
1298,11:00:54,13.96,--,0,0,卖盘
1299,11:00:49,13.96,--,14,19544,卖盘
1300,11:00:43,13.96,--,20,27920,卖盘
1301,11:00:39,13.96,--,2,2792,卖盘
1302,11:00:34,13.96,--,11,15356,卖盘
1303,11:00:29,13.96,0.01,184,256864,买盘
1304,11:00:24,13.95,-0.02,2,2790,买盘
1305,11:00:19,13.97,0.01,103,143891,买盘
1306,11:00:14,13.96,0.04,19,26524,买盘
1307,11:00:09,13.92,-0.02,20,27840,卖盘
1308,11:00:04,13.94,-0.02,2,2788,中性盘
1309,10:59:59,13.96,0.03,159,221964,买盘
1310,10:59:54,13.93,0.01,110,153230,买盘
1311,10:59:49,13.92,--,62,86304,买盘
1312,10:59:43,13.92,--,17,23664,买盘
1313,10:59:39,13.92,0.01,20,27840,买盘
1314,10:59:24,13.91,-0.01,2,2782,买盘
1315,10:59:18,13.92,0.02,34,47328,买盘
1316,10:59:13,13.9,--,106,147340,卖盘
1317,10:58:59,13.9,--,200,278000,买盘
1318,10:58:48,13.9,--,157,218230,买盘
1319,10:58:43,13.9,--,80,111200,买盘
1320,10:58:33,13.9,0.01,1,1390,买盘
1321,10:58:28,13.89,0.02,18,25002,买盘
1322,10:58:24,13.87,-0.02,13,18031,卖盘
1323,10:58:18,13.89,0.01,30,41670,买盘
1324,10:58:13,13.88,--,50,69400,卖盘
1325,10:58:09,13.88,--,27,37476,买盘
1326,10:58:04,13.88,0.01,3,4164,卖盘
1327,10:57:59,13.87,-0.01,20,27740,卖盘
1328,10:57:54,13.88,--,1,1388,卖盘
1329,10:57:48,13.88,0.01,5,6940,买盘
1330,10:57:39,13.87,--,1,1387,卖盘
1331,10:57:34,13.87,--,83,115121,买盘
1332,10:57:24,13.87,0.01,20,27740,买盘
1333,10:57:19,13.86,--,62,85932,买盘
1334,10:57:14,13.86,-0.01,55,76230,卖盘
1335,10:57:08,13.87,-0.03,109,151183,卖盘
1336,10:57:04,13.9,0.02,232,322480,买盘
1337,10:56:58,13.88,--,63,87444,买盘
1338,10:56:48,13.88,--,75,104100,买盘
1339,10:56:43,13.88,--,210,291480,买盘
1340,10:56:39,13.88,--,11,15268,买盘
1341,10:56:28,13.88,--,40,55520,买盘
1342,10:56:24,13.88,0.02,144,199872,买盘
1343,10:56:18,13.86,--,1,1386,卖盘
1344,10:56:13,13.86,-0.02,10,13860,卖盘
1345,10:56:08,13.88,0.03,355,492740,买盘
1346,10:55:58,13.85,-0.01,19,26315,卖盘
1347,10:55:53,13.86,0.01,8,11088,买盘
1348,10:55:48,13.85,--,2,2770,卖盘
1349,10:55:43,13.85,--,52,72020,卖盘
1350,10:55:37,13.85,--,3,4155,卖盘
1351,10:55:33,13.85,--,12,16620,买盘
1352,10:55:28,13.85,0.01,21,29085,买盘
1353,10:55:23,13.84,-0.01,44,60896,卖盘
1354,10:55:03,13.85,--,196,271460,卖盘
1355,10:54:58,13.85,--,104,144040,卖盘
1356,10:54:53,13.85,-0.01,21,29085,卖盘
1357,10:54:33,13.86,--,11,15246,买盘
1358,10:54:28,13.86,0.01,25,34650,买盘
1359,10:54:23,13.85,--,16,22160,卖盘
1360,10:54:18,13.85,--,4,5540,卖盘
1361,10:54:13,13.85,--,13,18005,卖盘
1362,10:54:08,13.85,--,40,55400,卖盘
1363,10:54:03,13.85,--,40,55400,买盘
1364,10:53:58,13.85,--,2,2770,买盘
1365,10:53:52,13.85,--,5,6925,买盘
1366,10:53:43,13.85,--,3,4155,买盘
1367,10:53:33,13.85,0.02,6,8310,买盘
1368,10:53:23,13.83,-0.02,8,11064,卖盘
1369,10:53:17,13.85,--,10,13850,卖盘
1370,10:53:12,13.85,--,9,12465,卖盘
1371,10:53:07,13.85,-0.01,5,6925,买盘
1372,10:53:03,13.86,--,0,0,买盘
1373,10:52:58,13.86,0.01,1761,2440746,买盘
1374,10:52:52,13.85,--,116,160660,卖盘
1375,10:52:48,13.85,-0.01,2,2770,卖盘
1376,10:52:42,13.86,0.01,12,16632,买盘
1377,10:52:37,13.85,-0.02,509,704965,卖盘
1378,10:52:33,13.87,--,0,0,买盘
1379,10:52:27,13.87,0.01,351,486837,买盘
1380,10:52:22,13.86,--,15,20790,买盘
1381,10:52:18,13.86,--,4,5544,中性盘
1382,10:52:12,13.86,-0.01,23,31878,卖盘
1383,10:52:07,13.87,0.02,133,184471,买盘
1384,10:51:57,13.85,--,1,1385,卖盘
1385,10:51:42,13.85,0.01,45,62325,买盘
1386,10:51:37,13.84,-0.01,14,19376,卖盘
1387,10:51:33,13.85,0.01,83,114955,买盘
1388,10:51:12,13.84,0.02,32,44288,买盘
1389,10:51:07,13.82,-0.02,5,6910,卖盘
1390,10:51:03,13.84,0.01,2,2768,买盘
1391,10:50:52,13.83,--,3,4149,卖盘
1392,10:50:37,13.83,0.01,26,35958,买盘
1393,10:50:33,13.82,0.01,30,41460,卖盘
1394,10:50:28,13.81,--,0,0,卖盘
1395,10:50:18,13.81,-0.03,5,6905,卖盘
1396,10:50:12,13.84,--,6,8304,买盘
1397,10:50:03,13.84,0.02,3,4152,买盘
1398,10:49:52,13.82,--,16,22112,卖盘
1399,10:49:37,13.82,0.02,3,4146,买盘
1400,10:49:32,13.8,0.04,4,5520,中性盘
1401,10:49:27,13.76,-0.05,83,114208,卖盘
1402,10:49:22,13.81,0.01,8,11048,买盘
1403,10:49:12,13.8,0.04,9,12420,卖盘
1404,10:49:07,13.76,-0.04,40,55040,卖盘
1405,10:48:57,13.8,0.04,406,560280,买盘
1406,10:48:52,13.76,--,39,53664,买盘
1407,10:48:47,13.76,-0.01,49,67424,卖盘
1408,10:48:42,13.77,--,43,59211,买盘
1409,10:48:37,13.77,0.02,13,17901,买盘
1410,10:48:32,13.75,-0.01,23,31625,卖盘
1411,10:48:27,13.76,0.01,1,1376,中性盘
1412,10:48:22,13.75,0.02,4,5500,中性盘
1413,10:48:17,13.73,--,0,0,卖盘
1414,10:48:12,13.73,-0.01,3,4119,卖盘
1415,10:48:07,13.74,0.01,18,24732,买盘
1416,10:48:02,13.73,--,10,13730,卖盘
1417,10:47:57,13.73,--,5,6865,卖盘
1418,10:47:52,13.73,--,11,15103,卖盘
1419,10:47:47,13.73,--,1,1373,卖盘
1420,10:47:42,13.73,--,53,73455,卖盘
1421,10:47:37,13.73,0.01,86,118078,买盘
1422,10:47:32,13.72,-0.01,8,10976,卖盘
1423,10:47:27,13.73,--,3,4119,买盘
1424,10:47:22,13.73,--,88,120824,卖盘
1425,10:47:07,13.73,-0.01,27,37071,卖盘
1426,10:47:02,13.74,--,5,6870,买盘
1427,10:46:52,13.74,--,17,24045,卖盘
1428,10:46:46,13.74,--,20,27480,卖盘
1429,10:46:42,13.74,-0.01,24,32976,卖盘
1430,10:46:21,13.75,--,146,200750,卖盘
1431,10:46:16,13.75,--,330,453750,卖盘
1432,10:46:06,13.75,--,56,77000,卖盘
1433,10:46:01,13.75,-0.01,80,110000,卖盘
1434,10:45:57,13.76,0.01,28,38528,买盘
1435,10:45:51,13.75,-0.01,143,196625,卖盘
1436,10:45:46,13.76,--,21,28896,卖盘
1437,10:45:42,13.76,-0.01,64,88064,卖盘
1438,10:45:36,13.77,0.01,15,20655,买盘
1439,10:45:31,13.76,--,50,68800,卖盘
1440,10:45:27,13.76,--,53,72928,卖盘
1441,10:45:21,13.76,-0.02,9,12384,卖盘
1442,10:45:16,13.78,--,0,0,买盘
1443,10:45:12,13.78,0.01,11,15158,买盘
1444,10:45:01,13.77,--,9,12393,卖盘
1445,10:44:56,13.77,-0.01,21,28917,卖盘
1446,10:44:51,13.78,0.01,17,23426,买盘
1447,10:44:46,13.77,-0.02,27,37179,卖盘
1448,10:44:36,13.79,-0.01,20,27580,卖盘
1449,10:44:31,13.8,--,21,28980,买盘
1450,10:44:21,13.8,--,635,876990,卖盘
1451,10:44:16,13.8,--,0,0,卖盘
1452,10:44:06,13.8,-0.01,32,44160,卖盘
1453,10:44:01,13.81,--,1,1381,卖盘
1454,10:43:56,13.81,--,6,8286,卖盘
1455,10:43:51,13.81,--,6,8286,卖盘
1456,10:43:46,13.81,0.01,13,17953,中性盘
1457,10:43:42,13.8,-0.01,4,5520,卖盘
1458,10:43:36,13.81,--,6,8976,买盘
1459,10:43:30,13.81,0.01,166,229246,买盘
1460,10:43:21,13.8,--,5,6900,卖盘
1461,10:43:06,13.8,--,30,41400,卖盘
1462,10:43:01,13.8,--,1,1380,卖盘
1463,10:42:51,13.8,--,40,55200,卖盘
1464,10:42:45,13.8,--,122,168360,卖盘
1465,10:42:41,13.8,--,10,13800,卖盘
1466,10:42:36,13.8,--,16,22080,卖盘
1467,10:42:31,13.8,-0.01,39,53820,卖盘
1468,10:42:21,13.81,-0.01,32,44882,卖盘
1469,10:42:16,13.82,0.01,24,33859,买盘
1470,10:42:05,13.81,-0.01,48,66288,卖盘
1471,10:42:01,13.82,--,102,140964,买盘
1472,10:41:46,13.82,-0.02,398,550727,卖盘
1473,10:41:36,13.84,--,6,8304,卖盘
1474,10:41:31,13.84,--,29,40136,卖盘
1475,10:41:16,13.84,--,58,80272,卖盘
1476,10:41:11,13.84,--,8,11072,卖盘
1477,10:41:01,13.84,--,2,2768,卖盘
1478,10:40:55,13.84,--,5,6920,卖盘
1479,10:40:41,13.84,0.01,57,79580,买盘
1480,10:40:31,13.83,--,6,8298,卖盘
1481,10:40:26,13.83,-0.01,7,9681,卖盘
1482,10:40:21,13.84,0.01,10,13840,买盘
1483,10:40:16,13.83,--,212,293196,卖盘
1484,10:40:10,13.83,--,1,1383,卖盘
1485,10:40:06,13.83,--,25,34575,卖盘
1486,10:39:55,13.83,-0.01,106,146598,卖盘
1487,10:39:51,13.84,--,199,276108,卖盘
1488,10:39:31,13.84,-0.01,0,692,买盘
1489,10:39:25,13.85,--,43,60247,卖盘
1490,10:39:15,13.85,--,59,82407,卖盘
1491,10:39:10,13.85,0.01,23,31855,买盘
1492,10:39:06,13.84,--,23,31832,卖盘
1493,10:39:00,13.84,--,53,73352,卖盘
1494,10:38:45,13.84,-0.02,1,1384,卖盘
1495,10:38:36,13.86,0.02,100,138600,买盘
1496,10:38:30,13.84,-0.02,466,644944,卖盘
1497,10:38:25,13.86,0.01,7,9702,买盘
1498,10:38:21,13.85,--,10,13850,卖盘
1499,10:38:15,13.85,--,30,41550,卖盘
1500,10:38:09,13.85,-0.01,32,44320,卖盘
1501,10:38:06,13.86,0.01,26,36036,买盘
1502,10:38:00,13.85,-0.01,2,2770,卖盘
1503,10:37:55,13.86,--,25,34650,买盘
1504,10:37:50,13.86,0.01,6,8316,买盘
1505,10:37:45,13.85,--,50,69250,卖盘
1506,10:37:40,13.85,--,10,13850,卖盘
1507,10:37:36,13.85,--,1,1385,卖盘
1508,10:37:30,13.85,-0.01,4,5540,卖盘
1509,10:37:25,13.86,--,26,36036,买盘
1510,10:37:10,13.86,--,49,67914,卖盘
1511,10:37:06,13.86,--,2,2772,卖盘
1512,10:37:00,13.86,-0.01,16,22176,卖盘
1513,10:36:51,13.87,--,8,11096,买盘
1514,10:36:45,13.87,--,9,12483,买盘
1515,10:36:35,13.87,--,13,18031,买盘
1516,10:36:30,13.87,--,21,29127,买盘
1517,10:36:25,13.87,--,40,55480,卖盘
1518,10:36:20,13.87,--,10,13870,卖盘
1519,10:36:15,13.87,--,52,72124,买盘
1520,10:35:55,13.87,0.01,14,19418,买盘
1521,10:35:50,13.86,0.02,35,48510,买盘
1522,10:35:45,13.84,--,0,0,卖盘
1523,10:35:29,13.84,-0.03,51,70584,卖盘
1524,10:35:24,13.87,--,37,51319,卖盘
1525,10:35:20,13.87,--,39,54093,卖盘
1526,10:35:15,13.87,0.03,3,4161,中性盘
1527,10:35:05,13.84,-0.04,28,38752,卖盘
1528,10:35:00,13.88,0.03,50,69400,买盘
1529,10:34:55,13.85,0.01,7,9695,买盘
1530,10:34:49,13.84,--,0,0,卖盘
1531,10:34:45,13.84,--,54,74736,卖盘
1532,10:34:35,13.84,--,127,175768,卖盘
1533,10:34:29,13.84,-0.01,126,174384,卖盘
1534,10:34:25,13.85,--,20,27700,卖盘
1535,10:34:20,13.85,-0.01,58,80330,中性盘
1536,10:34:15,13.86,0.01,66,91476,买盘
1537,10:33:59,13.85,0.01,63,87255,买盘
1538,10:33:54,13.84,-0.01,2,2768,卖盘
1539,10:33:50,13.85,--,3,4155,买盘
1540,10:33:40,13.85,--,29,40165,买盘
1541,10:33:35,13.85,-0.01,6,8323,卖盘
1542,10:33:24,13.86,--,0,0,中性盘
1543,10:33:19,13.86,--,12,16632,买盘
1544,10:33:15,13.86,0.01,20,27720,买盘
1545,10:33:10,13.85,--,20,27700,卖盘
1546,10:33:04,13.85,-0.01,20,27700,卖盘
1547,10:33:00,13.86,--,39,54054,买盘
1548,10:32:55,13.86,--,10,13860,买盘
1549,10:32:49,13.86,0.01,10,13860,买盘
1550,10:32:44,13.85,--,20,27700,卖盘
1551,10:32:40,13.85,--,4,5540,卖盘
1552,10:32:24,13.85,-0.01,2,2770,卖盘
1553,10:32:19,13.86,0.01,5,6930,买盘
1554,10:32:04,13.85,--,20,27700,卖盘
1555,10:31:55,13.85,--,20,27700,卖盘
1556,10:31:49,13.85,-0.01,4,5540,卖盘
1557,10:31:45,13.86,--,13,18018,买盘
1558,10:31:39,13.86,--,5,6930,买盘
1559,10:31:29,13.86,0.01,29,41566,买盘
1560,10:31:24,13.85,-0.02,23,31855,卖盘
1561,10:31:19,13.87,--,0,0,买盘
1562,10:31:15,13.87,0.02,57,79059,买盘
1563,10:31:09,13.85,-0.01,233,322705,卖盘
1564,10:31:04,13.86,--,5,6930,卖盘
1565,10:30:54,13.86,-0.01,22,30492,卖盘
1566,10:30:49,13.87,0.01,52,72124,买盘
1567,10:30:38,13.86,-0.01,15,20790,卖盘
1568,10:30:14,13.87,-0.01,6,8322,卖盘
1569,10:30:09,13.88,--,63,87444,买盘
1570,10:30:03,13.88,--,4,5552,买盘
1571,10:29:54,13.88,--,0,0,买盘
1572,10:29:49,13.88,0.01,57,79116,买盘
1573,10:29:45,13.87,--,0,0,中性盘
1574,10:29:39,13.87,--,28,38836,卖盘
1575,10:29:29,13.87,0.01,51,70737,卖盘
1576,10:29:24,13.86,-0.01,2,2772,卖盘
1577,10:29:19,13.87,0.01,12,16644,买盘
1578,10:29:09,13.86,--,0,0,卖盘
1579,10:29:04,13.86,-0.02,10,13860,卖盘
1580,10:28:59,13.88,0.01,57,79116,买盘
1581,10:28:54,13.87,--,2,2774,卖盘
1582,10:28:49,13.87,--,1,1387,卖盘
1583,10:28:44,13.87,0.01,42,58254,买盘
1584,10:28:39,13.86,--,3,4158,买盘
1585,10:28:34,13.86,--,4,5544,买盘
1586,10:28:28,13.86,0.01,50,69300,买盘
1587,10:28:24,13.85,-0.01,3,4155,卖盘
1588,10:28:13,13.86,--,50,69300,买盘
1589,10:28:09,13.86,--,12,16632,买盘
1590,10:28:04,13.86,-0.02,42,58212,卖盘
1591,10:27:59,13.88,0.01,50,69400,买盘
1592,10:27:49,13.87,--,17,23579,卖盘
1593,10:27:44,13.87,0.01,1,1387,买盘
1594,10:27:39,13.86,--,51,70686,买盘
1595,10:27:33,13.86,--,2,2772,买盘
1596,10:27:29,13.86,0.02,50,69300,买盘
1597,10:27:24,13.84,--,7,9688,卖盘
1598,10:27:18,13.84,-0.02,1,1384,卖盘
1599,10:27:14,13.86,--,50,69300,买盘
1600,10:26:59,13.86,0.03,50,69300,买盘
1601,10:26:49,13.83,-0.03,221,305643,卖盘
1602,10:26:43,13.86,--,150,207900,买盘
1603,10:26:34,13.86,-0.01,11,15246,中性盘
1604,10:26:27,13.87,0.01,55,76285,买盘
1605,10:26:19,13.86,-0.02,19,26334,卖盘
1606,10:26:13,13.88,0.02,60,83280,买盘
1607,10:26:09,13.86,-0.02,215,297990,卖盘
1608,10:26:03,13.88,--,2,2776,买盘
1609,10:25:58,13.88,0.01,130,180440,买盘
1610,10:25:53,13.87,0.01,1,1387,中性盘
1611,10:25:49,13.86,-0.02,5,6930,卖盘
1612,10:25:42,13.88,0.02,50,69400,买盘
1613,10:25:39,13.86,--,1,1386,卖盘
1614,10:25:33,13.86,-0.02,2,2772,卖盘
1615,10:25:28,13.88,0.01,51,70788,买盘
1616,10:25:23,13.87,-0.01,4,5548,卖盘
1617,10:25:18,13.88,--,0,0,买盘
1618,10:25:13,13.88,--,50,69400,买盘
1619,10:25:08,13.88,--,0,0,买盘
1620,10:25:04,13.88,--,46,63848,买盘
1621,10:24:58,13.88,0.01,60,83280,买盘
1622,10:24:53,13.87,--,2,2774,卖盘
1623,10:24:48,13.87,-0.01,10,13870,中性盘
1624,10:24:43,13.88,0.02,80,111040,买盘
1625,10:24:38,13.86,-0.01,11,15246,卖盘
1626,10:24:28,13.87,0.01,120,166440,买盘
1627,10:24:24,13.86,0.02,10,13860,卖盘
1628,10:24:18,13.84,-0.03,4,5536,卖盘
1629,10:24:12,13.87,0.03,158,219146,买盘
1630,10:24:08,13.84,--,4,5536,卖盘
1631,10:24:03,13.84,-0.03,1,1384,卖盘
1632,10:23:58,13.87,0.03,55,76285,买盘
1633,10:23:53,13.84,--,0,0,卖盘
1634,10:23:47,13.84,-0.03,3,4152,卖盘
1635,10:23:42,13.87,0.02,50,69350,买盘
1636,10:23:38,13.85,--,0,1315,卖盘
1637,10:23:32,13.85,-0.02,2,2770,卖盘
1638,10:23:27,13.87,--,50,69350,买盘
1639,10:23:18,13.87,0.01,19,26353,买盘
1640,10:23:13,13.86,-0.01,50,69300,买盘
1641,10:23:03,13.87,--,0,0,买盘
1642,10:22:58,13.87,0.01,51,70737,买盘
1643,10:22:53,13.86,-0.01,4,5544,卖盘
1644,10:22:43,13.87,--,58,80446,买盘
1645,10:22:33,13.87,--,58,80446,买盘
1646,10:22:28,13.87,--,50,69419,买盘
1647,10:22:18,13.87,--,0,0,买盘
1648,10:22:12,13.87,0.02,50,69350,买盘
1649,10:22:08,13.85,-0.01,10,13850,卖盘
1650,10:22:03,13.86,-0.01,173,239778,中性盘
1651,10:21:58,13.87,0.01,52,72124,买盘
1652,10:21:47,13.86,-0.01,14,19404,卖盘
1653,10:21:43,13.87,--,55,76285,买盘
1654,10:21:32,13.87,--,0,0,买盘
1655,10:21:28,13.87,0.02,51,70737,买盘
1656,10:21:18,13.85,-0.02,24,33240,卖盘
1657,10:21:13,13.87,0.02,50,69350,买盘
1658,10:21:02,13.85,-0.02,5,6925,卖盘
1659,10:20:58,13.87,0.01,50,69350,买盘
1660,10:20:53,13.86,-0.01,7,9702,买盘
1661,10:20:48,13.87,--,0,0,买盘
1662,10:20:42,13.87,--,72,99864,买盘
1663,10:20:33,13.87,--,0,0,买盘
1664,10:20:28,13.87,0.01,50,69350,买盘
1665,10:20:12,13.86,0.02,90,124740,买盘
1666,10:20:08,13.84,-0.02,2,2768,卖盘
1667,10:20:03,13.86,--,85,117810,买盘
1668,10:19:57,13.86,0.03,53,73458,买盘
1669,10:19:52,13.83,-0.03,1,1383,卖盘
1670,10:19:43,13.86,0.02,50,69300,买盘
1671,10:19:37,13.84,--,42,58128,买盘
1672,10:19:33,13.84,-0.02,7,9688,卖盘
1673,10:19:28,13.86,0.02,50,69300,买盘
1674,10:19:21,13.84,-0.01,15,20760,卖盘
1675,10:19:13,13.85,0.01,72,99720,中性盘
1676,10:19:07,13.84,-0.01,28,38752,卖盘
1677,10:18:58,13.85,-0.01,8,11080,卖盘
1678,10:18:42,13.86,--,7,9702,卖盘
1679,10:18:37,13.86,--,1,1386,卖盘
1680,10:18:33,13.86,--,17,23562,卖盘
1681,10:18:27,13.86,--,35,48510,卖盘
1682,10:18:17,13.86,--,116,160776,卖盘
1683,10:18:12,13.86,-0.01,21,29106,卖盘
1684,10:17:58,13.87,-0.01,154,213598,中性盘
1685,10:17:52,13.88,--,1,1388,买盘
1686,10:17:42,13.88,--,234,324792,卖盘
1687,10:17:37,13.88,--,38,52744,卖盘
1688,10:17:33,13.88,--,93,129084,卖盘
1689,10:17:27,13.88,--,51,70788,卖盘
1690,10:17:21,13.88,0.02,28,38864,买盘
1691,10:17:17,13.86,--,1,1386,卖盘
1692,10:17:12,13.86,-0.01,194,268884,卖盘
1693,10:17:07,13.87,-0.02,50,69350,卖盘
1694,10:17:02,13.89,0.01,30,41670,买盘
1695,10:16:57,13.88,--,55,76340,卖盘
1696,10:16:52,13.88,--,26,36088,卖盘
1697,10:16:47,13.88,--,4,5552,卖盘
1698,10:16:42,13.88,-0.01,20,27760,卖盘
1699,10:16:36,13.89,--,74,102786,买盘
1700,10:16:32,13.89,--,4,5556,买盘
1701,10:16:27,13.89,--,223,309747,卖盘
1702,10:16:22,13.89,--,8,11112,卖盘
1703,10:16:17,13.89,0.01,1,1389,卖盘
1704,10:16:12,13.88,--,22,30536,买盘
1705,10:16:07,13.88,--,14,19432,买盘
1706,10:16:02,13.88,-0.01,1,1388,买盘
1707,10:15:57,13.89,0.01,175,243075,买盘
1708,10:15:52,13.88,--,30,41640,买盘
1709,10:15:41,13.88,0.02,10,13880,买盘
1710,10:15:37,13.86,--,47,65142,卖盘
1711,10:15:31,13.86,--,1,1386,卖盘
1712,10:15:26,13.86,0.02,140,194040,买盘
1713,10:15:22,13.84,-0.02,4,5536,卖盘
1714,10:15:11,13.86,0.02,419,580734,买盘
1715,10:15:01,13.84,--,24,33216,卖盘
1716,10:14:51,13.84,--,23,31832,卖盘
1717,10:14:47,13.84,--,14,19376,买盘
1718,10:14:42,13.84,--,5,6920,买盘
1719,10:14:36,13.84,--,2,2768,买盘
1720,10:14:32,13.84,0.01,20,27680,买盘
1721,10:14:27,13.83,-0.01,16,22128,卖盘
1722,10:14:21,13.84,0.01,11,15224,买盘
1723,10:14:12,13.83,-0.01,26,35958,卖盘
1724,10:14:02,13.84,0.01,55,76120,买盘
1725,10:13:56,13.83,--,13,17979,买盘
1726,10:13:47,13.83,0.01,19,26277,买盘
1727,10:13:42,13.82,--,20,27640,卖盘
1728,10:13:37,13.82,--,16,22112,卖盘
1729,10:13:32,13.82,--,6,8292,卖盘
1730,10:13:27,13.82,--,18,24876,卖盘
1731,10:13:21,13.82,--,8,11056,卖盘
1732,10:13:17,13.82,0.01,27,37314,买盘
1733,10:13:12,13.81,--,1,1381,卖盘
1734,10:13:07,13.81,--,2,2762,卖盘
1735,10:13:02,13.81,--,2,2762,卖盘
1736,10:12:56,13.81,-0.01,150,207150,卖盘
1737,10:12:52,13.82,--,258,356556,买盘
1738,10:12:36,13.82,--,371,512722,卖盘
1739,10:12:30,13.82,--,8,11056,卖盘
1740,10:12:26,13.82,-0.01,3,4146,卖盘
1741,10:12:22,13.83,0.01,10,13830,买盘
1742,10:12:12,13.82,--,27,37314,卖盘
1743,10:12:06,13.82,--,20,27640,卖盘
1744,10:12:01,13.82,--,15,20730,卖盘
1745,10:11:57,13.82,--,7,9674,卖盘
1746,10:11:51,13.82,-0.02,28,38696,卖盘
1747,10:11:41,13.84,--,95,131480,买盘
1748,10:11:37,13.84,--,8,11072,买盘
1749,10:11:31,13.84,--,40,55360,买盘
1750,10:11:27,13.84,-0.01,64,88576,卖盘
1751,10:11:21,13.85,--,10,13850,买盘
1752,10:11:15,13.85,0.01,7,9695,买盘
1753,10:11:12,13.84,--,21,29064,卖盘
1754,10:11:00,13.84,-0.01,41,56744,卖盘
1755,10:10:56,13.85,0.01,10,13850,买盘
1756,10:10:52,13.84,--,1,1384,卖盘
1757,10:10:45,13.84,0.03,19,26296,买盘
1758,10:10:37,13.81,--,6,8286,卖盘
1759,10:10:31,13.81,0.01,2,2762,卖盘
1760,10:10:21,13.8,--,5,6900,卖盘
1761,10:10:15,13.8,--,3,4140,卖盘
1762,10:10:11,13.8,--,3,4140,卖盘
1763,10:10:07,13.8,--,87,120060,买盘
1764,10:09:56,13.8,--,20,27600,买盘
1765,10:09:51,13.8,0.01,40,55200,买盘
1766,10:09:46,13.79,--,25,34475,卖盘
1767,10:09:41,13.79,-0.01,6,8274,卖盘
1768,10:09:36,13.8,--,137,189060,买盘
1769,10:09:31,13.8,--,12,16560,买盘
1770,10:09:26,13.8,-0.05,314,433320,卖盘
1771,10:09:21,13.85,--,0,0,买盘
1772,10:09:15,13.85,--,9,12465,买盘
1773,10:09:06,13.85,-0.01,34,47090,买盘
1774,10:08:51,13.86,0.06,102,141372,买盘
1775,10:08:46,13.8,-0.05,55,75900,卖盘
1776,10:08:35,13.85,-0.01,306,423810,卖盘
1777,10:08:26,13.86,0.01,9,12474,买盘
1778,10:08:21,13.85,-0.01,5,6925,卖盘
1779,10:08:15,13.86,--,95,131670,卖盘
1780,10:08:05,13.86,--,23,31878,卖盘
1781,10:08:00,13.86,--,7,9702,卖盘
1782,10:07:50,13.86,0.01,36,49896,买盘
1783,10:07:45,13.85,-0.01,123,170355,卖盘
1784,10:07:41,13.86,--,15,20790,买盘
1785,10:07:35,13.86,--,271,375606,买盘
1786,10:07:30,13.86,-0.04,107,148302,卖盘
1787,10:07:25,13.9,--,0,0,买盘
1788,10:07:21,13.9,--,11,15290,买盘
1789,10:07:15,13.9,0.03,23,31970,买盘
1790,10:07:11,13.87,-0.03,5,6935,中性盘
1791,10:07:00,13.9,--,34,47260,买盘
1792,10:06:56,13.9,--,0,0,买盘
1793,10:06:51,13.9,-0.01,12,16680,中性盘
1794,10:06:45,13.91,0.01,33,45903,买盘
1795,10:06:35,13.9,--,29,40310,卖盘
1796,10:06:31,13.9,0.04,281,390590,买盘
1797,10:06:26,13.86,--,10,13860,买盘
1798,10:06:20,13.86,-0.01,174,241164,卖盘
1799,10:06:15,13.87,--,27,37449,买盘
1800,10:06:11,13.87,0.01,43,59641,买盘
1801,10:06:06,13.86,--,4,5544,卖盘
1802,10:06:01,13.86,0.01,14,19404,中性盘
1803,10:05:54,13.85,--,5,6925,卖盘
1804,10:05:51,13.85,-0.01,61,84485,卖盘
1805,10:05:45,13.86,0.01,64,88704,中性盘
1806,10:05:36,13.85,--,108,149580,卖盘
1807,10:05:30,13.85,--,15,20775,卖盘
1808,10:05:24,13.85,-0.03,14,19390,卖盘
1809,10:05:20,13.88,0.02,113,156844,买盘
1810,10:05:15,13.86,-0.01,3,4158,买盘
1811,10:05:06,13.87,-0.01,53,73511,卖盘
1812,10:05:00,13.88,--,14,19432,买盘
1813,10:04:54,13.88,-0.01,44,61072,卖盘
1814,10:04:51,13.89,--,87,120843,卖盘
1815,10:04:45,13.89,-0.02,171,237519,卖盘
1816,10:04:39,13.91,0.01,136,189176,买盘
1817,10:04:36,13.9,-0.01,116,161240,卖盘
1818,10:04:30,13.91,--,173,240643,卖盘
1819,10:04:25,13.91,--,29,40339,卖盘
1820,10:04:21,13.91,--,1,1391,卖盘
1821,10:04:15,13.91,--,5,6955,卖盘
1822,10:04:09,13.91,0.01,69,95979,买盘
1823,10:04:06,13.9,--,241,334990,买盘
1824,10:04:00,13.9,0.01,71,98690,买盘
1825,10:03:54,13.89,--,6,8334,卖盘
1826,10:03:51,13.89,--,143,198627,买盘
1827,10:03:46,13.89,0.02,87,120843,买盘
1828,10:03:39,13.87,--,5,6935,卖盘
1829,10:03:35,13.87,0.02,20,27740,买盘
1830,10:03:30,13.85,--,6,8310,卖盘
1831,10:03:20,13.85,0.04,126,174510,买盘
1832,10:03:15,13.81,0.01,161,222341,买盘
1833,10:03:09,13.8,0.01,89,122820,买盘
1834,10:03:05,13.79,--,38,52402,买盘
1835,10:03:00,13.79,0.01,23,31716,买盘
1836,10:02:54,13.78,--,3,4134,卖盘
1837,10:02:45,13.78,0.01,35,48230,买盘
1838,10:02:39,13.77,-0.01,7,9639,中性盘
1839,10:02:35,13.78,0.02,42,57876,买盘
1840,10:02:24,13.76,--,20,27520,卖盘
1841,10:02:20,13.76,0.02,70,96320,买盘
1842,10:02:15,13.74,--,125,171750,卖盘
1843,10:02:09,13.74,-0.02,23,31602,卖盘
1844,10:02:05,13.76,0.02,3,4128,买盘
1845,10:02:00,13.74,-0.02,185,254190,卖盘
1846,10:01:54,13.76,--,1,1376,卖盘
1847,10:01:45,13.76,--,11,15136,卖盘
1848,10:01:39,13.76,0.01,302,415552,买盘
1849,10:01:30,13.75,--,40,55000,卖盘
1850,10:01:24,13.75,--,21,29562,买盘
1851,10:01:20,13.75,0.02,44,60500,买盘
1852,10:01:15,13.73,-0.01,5,6865,中性盘
1853,10:01:09,13.74,0.02,61,83814,买盘
1854,10:01:00,13.72,0.04,407,558404,买盘
1855,10:00:54,13.68,0.02,1,1368,中性盘
1856,10:00:50,13.66,-0.04,97,132502,卖盘
1857,10:00:45,13.7,--,19,26030,买盘
1858,10:00:39,13.7,--,25,34250,买盘
1859,10:00:35,13.7,--,3,4110,买盘
1860,10:00:29,13.7,--,43,58910,买盘
1861,10:00:24,13.7,0.01,25,34250,买盘
1862,10:00:15,13.69,0.03,54,73926,买盘
1863,10:00:09,13.66,--,4,5464,卖盘
1864,10:00:05,13.66,0.01,1,1366,卖盘
1865,10:00:00,13.65,0.01,43,58695,中性盘
1866,09:59:54,13.64,-0.01,50,68200,卖盘
1867,09:59:45,13.65,0.01,6,8190,买盘
1868,09:59:39,13.64,--,23,31372,卖盘
1869,09:59:29,13.64,0.01,14,19096,中性盘
1870,09:59:24,13.63,-0.01,61,83143,卖盘
1871,09:59:20,13.64,--,382,521048,买盘
1872,09:59:14,13.64,-0.02,24,32736,卖盘
1873,09:59:09,13.66,0.01,50,68300,买盘
1874,09:59:00,13.65,-0.04,345,470925,卖盘
1875,09:58:54,13.69,0.03,8,10952,买盘
1876,09:58:48,13.66,-0.04,10,13660,卖盘
1877,09:58:44,13.7,-0.01,51,69870,买盘
1878,09:58:39,13.71,0.01,338,463398,买盘
1879,09:58:33,13.7,--,21,28770,买盘
1880,09:58:30,13.7,0.03,5,6850,买盘
1881,09:58:24,13.67,-0.03,3,4101,卖盘
1882,09:58:18,13.7,-0.01,74,101380,卖盘
1883,09:58:14,13.71,--,185,253635,卖盘
1884,09:58:09,13.71,-0.01,142,194682,卖盘
1885,09:58:03,13.72,0.01,84,115248,买盘
1886,09:57:59,13.71,-0.01,83,113793,卖盘
1887,09:57:54,13.72,0.01,6,8232,买盘
1888,09:57:48,13.71,--,1,1371,卖盘
1889,09:57:45,13.71,0.04,55,75405,买盘
1890,09:57:39,13.67,-0.03,59,80653,卖盘
1891,09:57:33,13.7,0.07,31,42470,买盘
1892,09:57:30,13.63,-0.07,23,31349,卖盘
1893,09:57:24,13.7,0.07,134,183580,买盘
1894,09:57:18,13.63,-0.04,54,73602,卖盘
1895,09:57:15,13.67,--,8,10936,买盘
1896,09:57:09,13.67,-0.02,20,27340,买盘
1897,09:56:59,13.69,-0.03,35,47915,卖盘
1898,09:56:54,13.72,0.02,80,109760,买盘
1899,09:56:44,13.7,0.04,254,347980,买盘
1900,09:56:39,13.66,-0.01,16,21856,卖盘
1901,09:56:33,13.67,-0.02,40,54680,卖盘
1902,09:56:29,13.69,0.09,263,360047,买盘
1903,09:56:24,13.6,-0.02,250,340000,卖盘
1904,09:56:18,13.62,--,88,119856,卖盘
1905,09:56:14,13.62,--,282,384084,买盘
1906,09:56:09,13.62,--,76,103512,卖盘
1907,09:56:03,13.62,0.02,60,81720,买盘
1908,09:55:59,13.6,--,94,127840,卖盘
1909,09:55:54,13.6,-0.01,130,176800,卖盘
1910,09:55:48,13.61,0.01,92,125212,买盘
1911,09:55:39,13.6,0.02,111,150960,买盘
1912,09:55:33,13.58,--,136,184688,卖盘
1913,09:55:29,13.58,-0.01,427,579866,卖盘
1914,09:55:24,13.59,0.02,489,664551,买盘
1915,09:55:18,13.57,--,67,90919,卖盘
1916,09:55:14,13.57,--,92,124844,卖盘
1917,09:55:09,13.57,-0.01,212,287684,卖盘
1918,09:55:03,13.58,0.01,1091,1481578,中性盘
1919,09:54:59,13.57,--,34,46138,卖盘
1920,09:54:54,13.57,--,69,93633,卖盘
1921,09:54:48,13.57,--,122,165554,卖盘
1922,09:54:44,13.57,--,51,69207,卖盘
1923,09:54:39,13.57,0.01,347,470879,买盘
1924,09:54:33,13.56,--,72,97632,卖盘
1925,09:54:29,13.56,-0.01,20,27120,卖盘
1926,09:54:24,13.57,0.01,11,14927,买盘
1927,09:54:18,13.56,-0.06,466,631896,卖盘
1928,09:54:14,13.62,0.03,10,13620,买盘
1929,09:54:09,13.59,-0.01,511,694449,卖盘
1930,09:54:03,13.6,--,74,100640,卖盘
1931,09:53:59,13.6,-0.03,378,514080,卖盘
1932,09:53:54,13.63,-0.03,1067,1454321,卖盘
1933,09:53:48,13.66,-0.01,146,199436,卖盘
1934,09:53:44,13.67,--,59,80653,卖盘
1935,09:53:39,13.67,-0.01,20,27340,卖盘
1936,09:53:33,13.68,--,107,146376,买盘
1937,09:53:29,13.68,-0.01,10,13680,卖盘
1938,09:53:24,13.69,-0.01,95,130055,卖盘
1939,09:53:18,13.7,0.01,48,65760,中性盘
1940,09:53:14,13.69,-0.01,18,24642,卖盘
1941,09:53:09,13.7,--,69,94530,卖盘
1942,09:53:03,13.7,-0.04,116,158920,卖盘
1943,09:52:59,13.74,--,4,5496,买盘
1944,09:52:54,13.74,0.04,64,87936,买盘
1945,09:52:48,13.7,-0.05,20,28085,卖盘
1946,09:52:44,13.75,0.06,296,407687,买盘
1947,09:52:39,13.69,-0.05,79,108151,卖盘
1948,09:52:33,13.74,0.04,147,201978,买盘
1949,09:52:29,13.7,0.02,14,19180,买盘
1950,09:52:23,13.68,--,2,2736,卖盘
1951,09:52:18,13.68,--,11,15048,卖盘
1952,09:52:14,13.68,--,10,13680,卖盘
1953,09:52:09,13.68,0.01,313,428184,卖盘
1954,09:52:03,13.67,--,92,125764,卖盘
1955,09:51:59,13.67,--,10,13670,卖盘
1956,09:51:54,13.67,--,42,57414,卖盘
1957,09:51:48,13.67,0.03,49,66983,买盘
1958,09:51:39,13.64,-0.03,12,16368,卖盘
1959,09:51:33,13.67,0.04,27,36909,买盘
1960,09:51:27,13.63,0.01,1,1363,买盘
1961,09:51:24,13.62,-0.05,431,587022,卖盘
1962,09:51:18,13.67,0.04,23,31441,买盘
1963,09:51:12,13.63,--,12,16356,卖盘
1964,09:50:57,13.63,0.01,3,4089,卖盘
1965,09:50:54,13.62,-0.01,83,113046,卖盘
1966,09:50:48,13.63,0.01,21,28623,中性盘
1967,09:50:42,13.62,-0.01,81,110322,卖盘
1968,09:50:39,13.63,--,6,8178,买盘
1969,09:50:33,13.63,--,18,24534,卖盘
1970,09:50:27,13.63,-0.05,4,5452,卖盘
1971,09:50:24,13.68,0.01,63,86184,买盘
1972,09:50:18,13.67,--,26,35542,买盘
1973,09:50:12,13.67,--,28,38276,卖盘
1974,09:50:08,13.67,--,9,12303,卖盘
1975,09:50:03,13.67,--,8,10936,卖盘
1976,09:49:57,13.67,--,15,20505,卖盘
1977,09:49:54,13.67,--,42,57414,买盘
1978,09:49:48,13.67,0.06,20,27340,买盘
1979,09:49:42,13.61,-0.05,280,381080,卖盘
1980,09:49:33,13.66,0.04,149,203534,买盘
1981,09:49:27,13.62,-0.02,7,9534,中性盘
1982,09:49:24,13.64,--,43,58652,买盘
1983,09:49:18,13.64,0.03,38,51832,买盘
1984,09:49:12,13.61,--,177,240897,卖盘
1985,09:49:09,13.61,-0.03,91,124531,卖盘
1986,09:49:03,13.64,0.03,92,125488,买盘
1987,09:48:57,13.61,--,10,13610,买盘
1988,09:48:53,13.61,-0.01,76,103436,卖盘
1989,09:48:48,13.62,--,18,24516,买盘
1990,09:48:42,13.62,0.01,6,8171,买盘
1991,09:48:38,13.61,-0.01,70,95270,卖盘
1992,09:48:33,13.62,0.01,166,226092,买盘
1993,09:48:27,13.61,--,23,31303,卖盘
1994,09:48:23,13.61,--,30,40830,卖盘
1995,09:48:18,13.61,--,78,106158,卖盘
1996,09:48:12,13.61,0.01,6,8166,买盘
1997,09:48:08,13.6,-0.01,281,382160,卖盘
1998,09:48:03,13.61,0.01,30,40830,买盘
1999,09:47:57,13.6,-0.01,71,96560,卖盘
2000,09:47:53,13.61,--,137,186457,买盘
2001,09:47:48,13.61,--,44,59884,买盘
2002,09:47:42,13.61,--,64,87104,卖盘
2003,09:47:38,13.61,--,207,281727,卖盘
2004,09:47:33,13.61,-0.03,130,176930,卖盘
2005,09:47:27,13.64,0.03,27,36828,中性盘
2006,09:47:23,13.61,-0.04,734,998974,卖盘
2007,09:47:18,13.65,0.01,254,346710,买盘
2008,09:47:12,13.64,-0.01,6,8184,卖盘
2009,09:47:08,13.65,0.01,119,162435,买盘
2010,09:47:03,13.64,-0.01,161,219604,卖盘
2011,09:46:57,13.65,0.01,12,16380,买盘
2012,09:46:53,13.64,-0.01,115,156860,卖盘
2013,09:46:48,13.65,--,91,124215,买盘
2014,09:46:42,13.65,--,175,238875,买盘
2015,09:46:38,13.65,0.01,61,83265,买盘
2016,09:46:33,13.64,--,35,47740,卖盘
2017,09:46:27,13.64,-0.01,110,150040,卖盘
2018,09:46:23,13.65,0.01,7,9555,卖盘
2019,09:46:18,13.64,-0.01,34,46376,卖盘
2020,09:46:12,13.65,0.01,77,105105,卖盘
2021,09:46:08,13.64,-0.03,221,301444,卖盘
2022,09:46:03,13.67,0.03,58,79286,中性盘
2023,09:45:57,13.64,0.02,6,8184,卖盘
2024,09:45:52,13.62,--,57,77634,卖盘
2025,09:45:48,13.62,--,14,19068,卖盘
2026,09:45:42,13.62,0.01,12,16343,买盘
2027,09:45:38,13.61,--,31,42191,卖盘
2028,09:45:33,13.61,--,59,80299,卖盘
2029,09:45:27,13.61,0.04,538,732218,买盘
2030,09:45:23,13.57,--,10,13570,买盘
2031,09:45:18,13.57,--,246,333822,卖盘
2032,09:45:12,13.57,--,478,649324,卖盘
2033,09:45:07,13.57,--,55,74635,卖盘
2034,09:45:02,13.57,--,736,999946,买盘
2035,09:44:57,13.57,--,136,184552,买盘
2036,09:44:53,13.57,--,92,124844,买盘
2037,09:44:47,13.57,--,23,31211,买盘
2038,09:44:42,13.57,-0.13,1385,1879445,卖盘
2039,09:44:36,13.7,0.08,18,24660,中性盘
2040,09:44:32,13.62,-0.09,39,53118,卖盘
2041,09:44:27,13.71,0.1,67,91857,买盘
2042,09:44:21,13.61,-0.1,1188,1616868,卖盘
2043,09:44:17,13.71,-0.02,33,45243,卖盘
2044,09:44:12,13.73,0.02,127,174371,买盘
2045,09:44:06,13.71,-0.01,29,39759,卖盘
2046,09:44:02,13.72,-0.03,344,471968,卖盘
2047,09:43:57,13.75,--,68,93500,买盘
2048,09:43:51,13.75,--,92,127187,卖盘
2049,09:43:47,13.75,--,185,254375,卖盘
2050,09:43:42,13.75,-0.01,77,105875,卖盘
2051,09:43:36,13.76,--,9,12384,买盘
2052,09:43:32,13.76,-0.01,323,444448,卖盘
2053,09:43:27,13.77,--,53,73669,买盘
2054,09:43:21,13.77,-0.04,1,1377,买盘
2055,09:43:17,13.81,--,62,86312,卖盘
2056,09:43:12,13.81,--,615,849315,卖盘
2057,09:43:06,13.81,-0.01,15,20715,卖盘
2058,09:43:02,13.82,0.01,92,127144,买盘
2059,09:42:57,13.81,--,238,328678,卖盘
2060,09:42:51,13.81,--,143,197483,卖盘
2061,09:42:48,13.81,0.06,849,1173159,买盘
2062,09:42:42,13.75,--,87,119625,买盘
2063,09:42:36,13.75,--,2,2750,卖盘
2064,09:42:33,13.75,--,83,114125,卖盘
2065,09:42:27,13.75,--,31,42625,卖盘
2066,09:42:21,13.75,--,14,19250,卖盘
2067,09:42:17,13.75,-0.03,43,59125,卖盘
2068,09:42:12,13.78,--,12,16536,卖盘
2069,09:42:06,13.78,-0.02,7,9646,卖盘
2070,09:42:02,13.8,--,147,202860,卖盘
2071,09:41:57,13.8,--,34,46920,卖盘
2072,09:41:51,13.8,0.01,29,40020,卖盘
2073,09:41:47,13.79,-0.03,80,110320,卖盘
2074,09:41:42,13.82,0.02,127,175514,买盘
2075,09:41:32,13.8,-0.04,369,509220,卖盘
2076,09:41:27,13.84,--,1,1384,买盘
2077,09:41:21,13.84,--,0,0,中性盘
2078,09:41:17,13.84,--,1,1384,卖盘
2079,09:41:12,13.84,-0.01,61,84424,卖盘
2080,09:41:06,13.85,--,49,67865,卖盘
2081,09:41:02,13.85,--,231,319935,卖盘
2082,09:40:57,13.85,--,81,112185,卖盘
2083,09:40:51,13.85,--,5,6925,卖盘
2084,09:40:47,13.85,--,150,207750,卖盘
2085,09:40:42,13.85,0.03,219,303315,买盘
2086,09:40:36,13.82,-0.01,50,69100,卖盘
2087,09:40:32,13.83,--,4,5532,卖盘
2088,09:40:27,13.83,--,34,47022,卖盘
2089,09:40:21,13.83,-0.02,1,1383,卖盘
2090,09:40:17,13.85,0.03,112,155120,买盘
2091,09:40:12,13.82,-0.01,135,186570,卖盘
2092,09:40:06,13.83,--,30,41490,买盘
2093,09:40:02,13.83,--,5,6915,买盘
2094,09:39:57,13.83,-0.04,171,236493,卖盘
2095,09:39:51,13.87,0.02,107,148409,买盘
2096,09:39:47,13.85,0.02,55,76175,卖盘
2097,09:39:42,13.83,-0.03,6,8298,卖盘
2098,09:39:36,13.86,0.03,19,26334,中性盘
2099,09:39:27,13.83,--,145,200535,卖盘
2100,09:39:21,13.83,-0.05,30,41490,卖盘
2101,09:39:16,13.88,--,0,0,买盘
2102,09:39:12,13.88,0.06,59,81892,买盘
2103,09:39:06,13.82,--,49,67718,卖盘
2104,09:39:02,13.82,--,20,27640,卖盘
2105,09:38:57,13.82,--,68,93976,卖盘
2106,09:38:51,13.82,-0.01,283,391106,卖盘
2107,09:38:42,13.83,--,37,51171,买盘
2108,09:38:36,13.83,--,32,44256,买盘
2109,09:38:32,13.83,-0.05,425,587775,卖盘
2110,09:38:27,13.88,-0.02,1176,1632288,卖盘
2111,09:38:21,13.9,0.01,138,191820,买盘
2112,09:38:12,13.89,-0.01,19,26391,卖盘
2113,09:38:06,13.9,--,10,13900,买盘
2114,09:38:02,13.9,--,4,5560,买盘
2115,09:37:57,13.9,--,131,182090,卖盘
2116,09:37:51,13.9,-0.01,91,126490,卖盘
2117,09:37:45,13.91,0.01,8,11128,买盘
2118,09:37:42,13.9,--,68,94520,卖盘
2119,09:37:36,13.9,-0.02,74,102860,卖盘
2120,09:37:30,13.92,0.02,170,236640,买盘
2121,09:37:26,13.9,-0.02,138,191820,卖盘
2122,09:37:21,13.92,--,17,23664,买盘
2123,09:37:15,13.92,0.01,77,107184,买盘
2124,09:37:11,13.91,--,104,144664,卖盘
2125,09:37:06,13.91,-0.01,57,79287,卖盘
2126,09:37:00,13.92,--,11,15312,买盘
2127,09:36:56,13.92,0.01,57,79344,买盘
2128,09:36:51,13.91,0.01,63,87633,买盘
2129,09:36:45,13.9,--,2,2780,卖盘
2130,09:36:42,13.9,0.01,701,974390,买盘
2131,09:36:36,13.89,0.01,82,113898,买盘
2132,09:36:30,13.88,--,57,79116,卖盘
2133,09:36:26,13.88,--,40,55520,买盘
2134,09:36:21,13.88,0.01,19,26372,买盘
2135,09:36:15,13.87,-0.01,2,2774,卖盘
2136,09:36:11,13.88,--,35,48580,买盘
2137,09:36:06,13.88,0.01,22,30536,买盘
2138,09:36:00,13.87,--,28,38836,卖盘
2139,09:35:51,13.87,0.01,271,375877,买盘
2140,09:35:45,13.86,0.04,76,105336,买盘
2141,09:35:42,13.82,--,20,27640,卖盘
2142,09:35:30,13.82,--,20,27640,卖盘
2143,09:35:27,13.82,-0.03,22,30404,卖盘
2144,09:35:21,13.85,0.03,30,41550,买盘
2145,09:35:11,13.82,-0.03,20,27640,卖盘
2146,09:35:06,13.85,0.03,32,44320,中性盘
2147,09:35:00,13.82,--,39,53898,卖盘
2148,09:34:56,13.82,--,28,38696,卖盘
2149,09:34:51,13.82,-0.03,60,82920,卖盘
2150,09:34:45,13.85,0.02,8,11080,买盘
2151,09:34:41,13.83,0.02,34,47022,中性盘
2152,09:34:36,13.81,-0.04,96,132576,卖盘
2153,09:34:30,13.85,--,21,29085,买盘
2154,09:34:26,13.85,0.04,45,62325,买盘
2155,09:34:21,13.81,-0.01,110,151910,卖盘
2156,09:34:15,13.82,0.01,42,58044,中性盘
2157,09:34:11,13.81,--,106,146386,卖盘
2158,09:34:06,13.81,--,27,37287,卖盘
2159,09:34:00,13.81,--,66,91146,卖盘
2160,09:33:56,13.81,-0.04,43,59383,卖盘
2161,09:33:51,13.85,0.04,82,113570,中性盘
2162,09:33:45,13.81,0.01,19,26239,中性盘
2163,09:33:41,13.8,-0.05,5,6900,卖盘
2164,09:33:36,13.85,0.06,34,47090,中性盘
2165,09:33:30,13.79,--,0,0,卖盘
2166,09:33:26,13.79,-0.02,22,30337,中性盘
2167,09:33:21,13.81,0.04,9,12429,卖盘
2168,09:33:15,13.77,-0.1,76,104652,卖盘
2169,09:33:11,13.87,-0.02,13,18031,买盘
2170,09:33:06,13.89,--,4,5556,买盘
2171,09:33:00,13.89,0.08,6,8334,买盘
2172,09:32:56,13.81,-0.09,53,73193,卖盘
2173,09:32:51,13.9,--,1,1390,买盘
2174,09:32:45,13.9,0.15,66,91740,买盘
2175,09:32:41,13.75,-0.15,136,187000,卖盘
2176,09:32:36,13.9,--,168,233520,卖盘
2177,09:32:30,13.9,--,51,70890,卖盘
2178,09:32:26,13.9,0.09,102,141780,买盘
2179,09:32:21,13.81,-0.04,21,29001,卖盘
2180,09:32:15,13.85,0.1,61,84485,买盘
2181,09:32:11,13.75,-0.05,12,16500,卖盘
2182,09:32:06,13.8,-0.08,45,62100,卖盘
2183,09:32:00,13.88,0.03,47,65236,买盘
2184,09:31:56,13.85,0.05,39,54015,买盘
2185,09:31:51,13.8,--,69,95220,卖盘
2186,09:31:45,13.8,-0.04,261,360180,卖盘
2187,09:31:41,13.84,--,36,49824,买盘
2188,09:31:36,13.84,-0.01,106,146704,卖盘
2189,09:31:30,13.85,-0.05,57,78945,卖盘
2190,09:31:26,13.9,-0.01,211,293290,卖盘
2191,09:31:20,13.91,-0.03,113,157183,中性盘
2192,09:31:15,13.94,--,34,47396,买盘
2193,09:31:10,13.94,--,73,101762,买盘
2194,09:31:06,13.94,-0.03,130,181220,卖盘
2195,09:31:00,13.97,--,45,62865,买盘
2196,09:30:55,13.97,0.02,617,861949,买盘
2197,09:30:50,13.95,0.01,204,284580,买盘
2198,09:30:44,13.94,-0.01,231,322014,卖盘
2199,09:30:39,13.95,0.01,19,26505,买盘
2200,09:30:36,13.94,0.11,130,181220,买盘
2201,09:30:29,13.83,-0.11,70,96810,卖盘
2202,09:30:24,13.94,--,11,15334,买盘
2203,09:30:20,13.94,--,14,19516,买盘
2204,09:30:15,13.94,0.03,18,25092,买盘
2205,09:30:09,13.91,0.03,39,54249,买盘
2206,09:30:06,13.88,-0.02,812,1127056,卖盘
2207,09:28:44,13.9,--,0,0,买盘
2208,09:25:04,13.9,13.9,487,676930,买盘
