,time,price,change,volume,amount,type
0,15:00:00,30.29,--,0,0,卖盘
1,15:00:00,30.29,-0.02,0,0,卖盘
2,14:59:55,30.31,0.01,81,245511,买盘
3,14:59:49,30.3,-0.01,17,51510,卖盘
4,14:59:45,30.31,0.01,6,18186,买盘
5,14:59:40,30.3,--,44,133320,买盘
6,14:59:34,30.3,--,79,239370,卖盘
7,14:59:30,30.3,0.02,208,630240,买盘
8,14:59:25,30.28,-0.01,50,151400,卖盘
9,14:59:19,30.29,-0.01,16,48464,中性盘
10,14:59:15,30.3,--,9,27270,买盘
11,14:59:10,30.3,0.02,43,130290,买盘
12,14:59:04,30.28,-0.02,52,157456,卖盘
13,14:59:00,30.3,0.02,85,257550,买盘
14,14:58:55,30.28,-0.01,12,36336,中性盘
15,14:58:49,30.29,0.01,31,93899,买盘
16,14:58:45,30.28,--,7,21196,买盘
17,14:58:40,30.28,0.01,56,169568,买盘
18,14:58:34,30.27,--,52,157404,买盘
19,14:58:30,30.27,-0.01,18,54486,中性盘
20,14:58:25,30.28,0.01,30,90840,买盘
21,14:58:19,30.27,--,31,93837,卖盘
22,14:58:15,30.27,-0.01,24,72648,卖盘
23,14:58:10,30.28,0.01,32,96896,买盘
24,14:58:04,30.27,0.01,52,157404,买盘
25,14:58:00,30.26,--,64,194965,卖盘
26,14:57:55,30.26,--,25,75650,卖盘
27,14:57:49,30.26,--,94,284444,买盘
28,14:57:45,30.26,0.01,37,111962,买盘
29,14:57:40,30.25,-0.01,44,133100,卖盘
30,14:57:34,30.26,0.01,57,172482,买盘
31,14:57:30,30.25,-0.01,10,30250,卖盘
32,14:57:25,30.26,--,21,63546,卖盘
33,14:57:19,30.26,--,28,84728,卖盘
34,14:57:15,30.26,0.02,419,1270193,买盘
35,14:57:09,30.24,-0.01,72,217728,卖盘
36,14:57:04,30.25,--,59,178475,买盘
37,14:56:59,30.25,0.01,6,18150,买盘
38,14:56:54,30.24,-0.01,13,39312,卖盘
39,14:56:49,30.25,0.02,102,308550,买盘
40,14:56:44,30.23,-0.01,25,75575,卖盘
41,14:56:39,30.24,0.01,34,102816,买盘
42,14:56:34,30.23,--,13,39299,卖盘
43,14:56:29,30.23,--,12,36276,卖盘
44,14:56:24,30.23,-0.01,44,133012,卖盘
45,14:56:19,30.24,0.01,6,18144,买盘
46,14:56:14,30.23,-0.01,32,96736,中性盘
47,14:56:09,30.24,0.02,78,235872,买盘
48,14:56:04,30.22,0.01,338,1021436,买盘
49,14:55:59,30.21,-0.01,30,90630,卖盘
50,14:55:54,30.22,--,30,90660,卖盘
51,14:55:49,30.22,0.01,15,45330,买盘
52,14:55:44,30.21,--,13,39273,买盘
53,14:55:39,30.21,-0.01,3,9063,中性盘
54,14:55:34,30.22,0.01,47,142034,买盘
55,14:55:29,30.21,--,39,117819,卖盘
56,14:55:24,30.21,--,28,84588,卖盘
57,14:55:19,30.21,-0.01,4,12084,卖盘
58,14:55:14,30.22,0.01,38,114836,买盘
59,14:55:09,30.21,0.01,38,114798,买盘
60,14:55:04,30.2,--,55,166100,卖盘
61,14:54:59,30.2,-0.01,24,72480,卖盘
62,14:54:54,30.21,--,29,87609,卖盘
63,14:54:49,30.21,0.01,26,78546,买盘
64,14:54:44,30.2,--,56,169120,卖盘
65,14:54:39,30.2,--,42,126840,卖盘
66,14:54:34,30.2,--,167,504340,买盘
67,14:54:29,30.2,--,69,208380,卖盘
68,14:54:24,30.2,0.01,42,126840,买盘
69,14:54:19,30.19,-0.01,41,123779,卖盘
70,14:54:14,30.2,0.01,62,188055,买盘
71,14:54:09,30.19,--,90,271710,卖盘
72,14:54:04,30.19,--,52,156988,卖盘
73,14:53:59,30.19,--,33,99627,卖盘
74,14:53:54,30.19,--,30,90570,卖盘
75,14:53:49,30.19,--,141,427762,卖盘
76,14:53:43,30.19,--,60,181140,买盘
77,14:53:39,30.19,--,28,84532,买盘
78,14:53:34,30.19,0.01,21,63399,买盘
79,14:53:28,30.18,--,41,123738,卖盘
80,14:53:24,30.18,--,72,217296,买盘
81,14:53:19,30.18,0.01,51,153918,买盘
82,14:53:13,30.17,-0.01,1,3017,卖盘
83,14:53:09,30.18,0.01,51,153918,买盘
84,14:53:04,30.17,--,4,12068,卖盘
85,14:52:58,30.17,0.01,20,60340,买盘
86,14:52:54,30.16,-0.01,78,235248,卖盘
87,14:52:49,30.17,--,15,45255,买盘
88,14:52:43,30.17,0.01,11,33187,买盘
89,14:52:39,30.16,--,6,18096,买盘
90,14:52:34,30.16,--,44,133638,买盘
91,14:52:28,30.16,0.01,32,96512,买盘
92,14:52:24,30.15,-0.01,24,72360,卖盘
93,14:52:19,30.16,0.01,40,120640,买盘
94,14:52:13,30.15,-0.01,63,189945,卖盘
95,14:52:09,30.16,--,1,3016,卖盘
96,14:52:04,30.16,--,191,578137,买盘
97,14:51:58,30.16,0.01,23,69368,买盘
98,14:51:54,30.15,0.01,19,57285,买盘
99,14:51:49,30.14,-0.01,42,126588,卖盘
100,14:51:43,30.15,0.02,65,195975,买盘
101,14:51:39,30.13,--,22,66286,卖盘
102,14:51:34,30.13,--,2,6026,卖盘
103,14:51:28,30.13,0.01,9,27117,买盘
104,14:51:24,30.12,--,64,192768,买盘
105,14:51:19,30.12,--,10,30120,买盘
106,14:51:13,30.12,-0.01,36,108432,中性盘
107,14:51:09,30.13,0.01,40,120520,买盘
108,14:51:04,30.12,--,16,48192,买盘
109,14:50:58,30.12,-0.01,18,54216,中性盘
110,14:50:54,30.13,--,59,177767,买盘
111,14:50:48,30.13,0.03,4,12052,买盘
112,14:50:43,30.1,-0.03,111,334110,卖盘
113,14:50:39,30.13,0.03,3,9039,中性盘
114,14:50:34,30.1,0.04,5,15050,中性盘
115,14:50:28,30.06,--,17,51492,卖盘
116,14:50:24,30.06,0.01,47,141282,卖盘
117,14:50:18,30.05,-0.04,7,21035,卖盘
118,14:50:13,30.09,--,0,0,买盘
119,14:50:08,30.09,0.04,12,36108,中性盘
120,14:50:03,30.05,0.01,10,30050,买盘
121,14:49:58,30.04,--,48,144192,买盘
122,14:49:53,30.04,--,32,96128,买盘
123,14:49:48,30.04,--,237,711948,买盘
124,14:49:43,30.04,-0.01,70,210280,卖盘
125,14:49:38,30.05,--,5,15025,买盘
126,14:49:28,30.05,0.01,20,60100,买盘
127,14:49:23,30.04,--,13,39052,买盘
128,14:49:13,30.04,0.03,15,45060,买盘
129,14:49:08,30.01,--,24,72024,卖盘
130,14:49:03,30.01,--,12,36012,卖盘
131,14:48:58,30.01,-0.01,8,24008,卖盘
132,14:48:53,30.02,0.02,8,24016,买盘
133,14:48:48,30.0,--,102,306000,卖盘
134,14:48:43,30.0,--,39,118200,买盘
135,14:48:38,30.0,0.01,134,402000,买盘
136,14:48:33,29.99,0.01,11,34728,买盘
137,14:48:28,29.98,-0.01,26,77948,卖盘
138,14:48:23,29.99,--,24,71976,买盘
139,14:48:18,29.99,-0.01,52,155948,买盘
140,14:48:13,30.0,0.03,10,30000,买盘
141,14:48:08,29.97,-0.03,65,194805,卖盘
142,14:48:03,30.0,--,0,0,买盘
143,14:47:58,30.0,0.05,596,1788000,买盘
144,14:47:53,29.95,--,126,380335,卖盘
145,14:47:38,29.95,--,105,314504,买盘
146,14:47:33,29.95,--,6,17970,买盘
147,14:47:28,29.95,--,20,59900,买盘
148,14:47:23,29.95,--,119,356405,买盘
149,14:47:18,29.95,--,1,2995,买盘
150,14:47:13,29.95,0.01,3,9643,买盘
151,14:46:58,29.94,--,5,14970,卖盘
152,14:46:53,29.94,--,8,23952,卖盘
153,14:46:43,29.94,0.02,67,203322,买盘
154,14:46:37,29.92,--,35,104720,卖盘
155,14:46:28,29.92,-0.01,1,2992,卖盘
156,14:46:13,29.93,0.02,30,89790,买盘
157,14:45:58,29.91,-0.01,1,2991,中性盘
158,14:45:52,29.92,0.02,49,146608,买盘
159,14:45:43,29.9,-0.01,10,29900,卖盘
160,14:45:37,29.91,-0.01,5,14955,卖盘
161,14:45:33,29.92,--,0,0,买盘
162,14:45:28,29.92,0.01,101,302192,买盘
163,14:45:22,29.91,-0.01,23,68793,卖盘
164,14:45:13,29.92,0.01,10,29920,买盘
165,14:45:07,29.91,0.01,10,29910,买盘
166,14:45:03,29.9,--,7,20930,卖盘
167,14:44:52,29.9,-0.01,16,47840,卖盘
168,14:44:48,29.91,0.01,24,71784,买盘
169,14:44:43,29.9,--,28,83720,卖盘
170,14:44:37,29.9,--,12,35880,卖盘
171,14:44:33,29.9,--,39,116610,买盘
172,14:44:22,29.9,--,5,14950,买盘
173,14:44:18,29.9,-0.01,72,215280,卖盘
174,14:44:12,29.91,--,28,83748,买盘
175,14:44:07,29.91,0.01,18,53838,买盘
176,14:44:03,29.9,0.01,3,8970,卖盘
177,14:43:57,29.89,-0.01,21,62769,卖盘
178,14:43:52,29.9,0.01,38,113620,买盘
179,14:43:48,29.89,--,7,20923,卖盘
180,14:43:37,29.89,-0.02,2,5978,卖盘
181,14:43:33,29.91,0.01,26,77766,买盘
182,14:43:22,29.9,-0.01,11,32890,卖盘
183,14:43:18,29.91,--,1,2991,买盘
184,14:43:07,29.91,--,22,65802,卖盘
185,14:43:03,29.91,--,11,32901,卖盘
186,14:42:52,29.91,-0.01,20,59820,卖盘
187,14:42:22,29.92,0.01,3,8976,中性盘
188,14:42:17,29.91,--,2,5982,卖盘
189,14:42:12,29.91,-0.02,5,14955,卖盘
190,14:42:07,29.93,--,0,0,买盘
191,14:42:02,29.93,--,41,122713,买盘
192,14:41:57,29.93,-0.02,32,95776,买盘
193,14:41:52,29.95,0.02,70,209650,买盘
194,14:41:47,29.93,--,16,47888,买盘
195,14:41:42,29.93,--,1,2993,卖盘
196,14:41:37,29.93,-0.02,32,95776,买盘
197,14:41:27,29.95,0.02,30,89850,买盘
198,14:41:17,29.93,-0.01,19,56867,卖盘
199,14:41:12,29.94,-0.01,2,5988,中性盘
200,14:41:07,29.95,0.02,8,23960,买盘
201,14:41:02,29.93,-0.02,16,47888,卖盘
202,14:40:57,29.95,--,4,11980,买盘
203,14:40:52,29.95,--,26,77870,买盘
204,14:40:47,29.95,--,10,32915,卖盘
205,14:40:42,29.95,-0.01,8,23960,卖盘
206,14:40:37,29.96,0.01,14,41944,买盘
207,14:40:32,29.95,--,19,56905,卖盘
208,14:40:27,29.95,--,7,20965,卖盘
209,14:40:22,29.95,--,57,170744,买盘
210,14:40:17,29.95,--,49,146755,卖盘
211,14:40:07,29.95,-0.01,6,17970,卖盘
212,14:40:02,29.96,--,16,47936,卖盘
213,14:39:52,29.96,-0.02,6,17976,卖盘
214,14:39:47,29.98,--,11,32978,买盘
215,14:39:37,29.98,0.02,4,11992,买盘
216,14:39:31,29.96,-0.02,66,197736,卖盘
217,14:39:27,29.98,--,10,29980,买盘
218,14:39:17,29.98,--,12,35976,卖盘
219,14:39:12,29.98,-0.01,23,68954,卖盘
220,14:39:07,29.99,--,15,44985,买盘
221,14:39:02,29.99,--,25,74975,买盘
222,14:38:57,29.99,--,1,2999,买盘
223,14:38:52,29.99,--,5,14995,买盘
224,14:38:42,29.99,--,27,80973,买盘
225,14:38:37,29.99,--,2,5998,买盘
226,14:38:31,29.99,-0.01,36,107964,卖盘
227,14:38:27,30.0,0.02,60,180000,买盘
228,14:38:22,29.98,--,47,140906,卖盘
229,14:38:16,29.98,--,10,29980,卖盘
230,14:38:01,29.98,--,13,38974,卖盘
231,14:37:46,29.98,--,16,47968,买盘
232,14:37:42,29.98,--,3,8994,买盘
233,14:37:37,29.98,--,0,0,买盘
234,14:37:31,29.98,0.02,30,89940,买盘
235,14:37:27,29.96,--,3,8988,卖盘
236,14:37:21,29.96,-0.02,3,8988,卖盘
237,14:37:16,29.98,0.02,13,38974,买盘
238,14:37:12,29.96,-0.01,16,47936,卖盘
239,14:37:01,29.97,--,3,8991,买盘
240,14:36:57,29.97,0.01,27,80919,买盘
241,14:36:51,29.96,-0.01,1,2996,买盘
242,14:36:46,29.97,0.04,10,29970,买盘
243,14:36:36,29.93,-0.06,15,44895,卖盘
244,14:36:31,29.99,0.02,92,275908,买盘
245,14:36:26,29.97,--,38,113886,卖盘
246,14:36:21,29.97,-0.01,6,17982,卖盘
247,14:36:16,29.98,0.01,15,44970,买盘
248,14:36:06,29.97,-0.01,27,80919,卖盘
249,14:36:01,29.98,--,18,53964,买盘
250,14:35:51,29.98,0.01,57,170886,买盘
251,14:35:46,29.97,--,4,11988,卖盘
252,14:35:41,29.97,--,38,113886,卖盘
253,14:35:36,29.97,0.01,49,146853,买盘
254,14:35:31,29.96,--,6,17976,中性盘
255,14:35:26,29.96,--,2,5992,卖盘
256,14:35:16,29.96,0.04,15,44940,买盘
257,14:35:11,29.92,-0.02,22,65824,卖盘
258,14:35:06,29.94,-0.02,6,17964,卖盘
259,14:35:01,29.96,--,1,2996,买盘
260,14:34:56,29.96,-0.01,3,8988,卖盘
261,14:34:51,29.97,0.01,5,14985,买盘
262,14:34:46,29.96,-0.01,31,92876,卖盘
263,14:34:41,29.97,--,23,68931,卖盘
264,14:34:36,29.97,--,24,71928,卖盘
265,14:34:31,29.97,--,5,14985,买盘
266,14:34:21,29.97,0.01,13,38961,买盘
267,14:34:16,29.96,-0.01,2,5992,卖盘
268,14:34:11,29.97,-0.01,20,59940,卖盘
269,14:34:06,29.98,0.01,12,35976,买盘
270,14:34:01,29.97,-0.01,40,119880,卖盘
271,14:33:56,29.98,0.01,451,1352098,买盘
272,14:33:51,29.97,0.07,6,17982,买盘
273,14:33:46,29.9,-0.05,71,212290,卖盘
274,14:33:41,29.95,--,78,233610,买盘
275,14:33:36,29.95,--,6,17970,卖盘
276,14:33:31,29.95,--,1,2995,卖盘
277,14:33:26,29.95,0.03,89,266555,买盘
278,14:33:21,29.92,--,56,167552,卖盘
279,14:33:16,29.92,0.02,4,11968,卖盘
280,14:33:11,29.9,--,256,765440,卖盘
281,14:33:06,29.9,-0.01,3,8970,卖盘
282,14:33:01,29.91,0.01,53,158523,买盘
283,14:32:56,29.9,--,2,5980,卖盘
284,14:32:46,29.9,--,2,5980,卖盘
285,14:32:41,29.9,0.01,10,29900,买盘
286,14:32:36,29.89,--,87,260043,卖盘
287,14:32:31,29.89,-0.01,1,2989,卖盘
288,14:32:21,29.9,--,67,200330,买盘
289,14:32:10,29.9,0.03,11,32890,买盘
290,14:32:06,29.87,-0.02,94,280778,中性盘
291,14:32:01,29.89,0.01,50,149450,买盘
292,14:31:55,29.88,--,28,83664,卖盘
293,14:31:51,29.88,0.03,22,65736,买盘
294,14:31:46,29.85,--,1,4776,买盘
295,14:31:40,29.85,0.02,72,214920,买盘
296,14:31:31,29.83,0.03,2,5966,买盘
297,14:31:25,29.8,--,0,0,卖盘
298,14:31:21,29.8,--,10,29800,卖盘
299,14:31:10,29.8,--,19,56620,买盘
300,14:31:06,29.8,--,20,59600,买盘
301,14:30:55,29.8,--,0,0,买盘
302,14:30:51,29.8,0.04,16,47680,买盘
303,14:30:36,29.76,-0.02,10,29760,卖盘
304,14:30:30,29.78,0.02,3,8934,买盘
305,14:30:20,29.76,--,13,38688,卖盘
306,14:30:10,29.76,--,5,14880,卖盘
307,14:30:05,29.76,-0.04,3,8928,中性盘
308,14:30:00,29.8,0.05,187,557260,买盘
309,14:29:55,29.75,-0.01,3,8925,卖盘
310,14:29:45,29.76,0.01,15,44640,买盘
311,14:29:40,29.75,--,1,2975,卖盘
312,14:29:30,29.75,--,3,8925,卖盘
313,14:29:25,29.75,-0.01,40,119000,卖盘
314,14:29:15,29.76,--,10,29760,买盘
315,14:29:05,29.76,0.01,4,11904,买盘
316,14:29:00,29.75,-0.01,100,297500,卖盘
317,14:28:45,29.76,--,1,2976,买盘
318,14:28:35,29.76,--,35,104160,卖盘
319,14:28:20,29.76,-0.01,3,8928,卖盘
320,14:28:10,29.77,0.01,30,89310,买盘
321,14:27:25,29.76,--,2,5952,卖盘
322,14:27:15,29.76,-0.01,32,95232,卖盘
323,14:27:10,29.77,0.01,3,8931,买盘
324,14:27:00,29.76,-0.01,1,2976,买盘
325,14:26:50,29.77,--,16,47632,买盘
326,14:26:40,29.77,0.01,3,8931,买盘
327,14:26:35,29.76,--,29,86304,卖盘
328,14:26:15,29.76,0.01,1,2976,买盘
329,14:26:10,29.75,-0.01,11,32725,卖盘
330,14:26:05,29.76,-0.01,12,35712,卖盘
331,14:25:55,29.77,0.01,6,17862,买盘
332,14:25:50,29.76,--,5,14880,卖盘
333,14:25:45,29.76,--,1,2976,卖盘
334,14:25:40,29.76,--,1,2976,卖盘
335,14:25:35,29.76,--,2,5952,买盘
336,14:25:30,29.76,--,10,29760,买盘
337,14:25:25,29.76,--,1,2976,买盘
338,14:25:15,29.76,--,9,26784,买盘
339,14:25:10,29.76,0.01,1,2976,买盘
340,14:24:30,29.75,0.01,20,59500,买盘
341,14:24:19,29.74,-0.01,4,11896,卖盘
342,14:24:15,29.75,0.01,2,5950,买盘
343,14:24:09,29.74,--,17,50558,卖盘
344,14:24:04,29.74,--,5,14870,卖盘
345,14:23:49,29.74,0.01,57,169518,买盘
346,14:23:19,29.73,-0.01,54,160542,卖盘
347,14:23:14,29.74,0.01,5,14870,买盘
348,14:23:04,29.73,-0.02,30,89190,卖盘
349,14:23:00,29.75,0.01,2,5950,中性盘
350,14:22:49,29.74,-0.01,62,184388,卖盘
351,14:22:39,29.75,--,3,8925,卖盘
352,14:22:34,29.75,--,1,2975,卖盘
353,14:22:19,29.75,-0.02,5,14875,卖盘
354,14:22:14,29.77,0.02,10,29770,买盘
355,14:22:04,29.75,-0.02,12,35700,卖盘
356,14:21:59,29.77,0.01,5,14885,买盘
357,14:21:54,29.76,0.01,11,32736,卖盘
358,14:21:39,29.75,--,0,0,卖盘
359,14:21:34,29.75,-0.02,14,41650,卖盘
360,14:21:29,29.77,0.02,5,14885,买盘
361,14:21:24,29.75,-0.01,61,181475,卖盘
362,14:21:19,29.76,--,26,77376,卖盘
363,14:21:09,29.76,0.01,14,41664,买盘
364,14:21:04,29.75,--,35,104125,卖盘
365,14:20:49,29.75,-0.02,5,14875,卖盘
366,14:20:44,29.77,0.01,17,50609,买盘
367,14:20:39,29.76,-0.01,2,7440,卖盘
368,14:20:29,29.77,0.01,2,5954,买盘
369,14:20:24,29.76,--,20,59520,卖盘
370,14:20:14,29.76,-0.01,19,56544,卖盘
371,14:20:09,29.77,--,3,8931,买盘
372,14:20:04,29.77,--,16,47632,买盘
373,14:19:59,29.77,--,4,11908,买盘
374,14:19:49,29.77,--,1,2977,买盘
375,14:19:44,29.77,--,10,29770,买盘
376,14:19:39,29.77,--,54,160758,卖盘
377,14:19:34,29.77,--,13,38701,卖盘
378,14:19:19,29.77,--,4,11908,卖盘
379,14:19:14,29.77,0.01,10,29770,买盘
380,14:19:04,29.76,-0.01,2,5952,卖盘
381,14:18:54,29.77,0.01,3,8931,买盘
382,14:18:49,29.76,-0.01,17,50592,卖盘
383,14:18:34,29.77,--,0,0,中性盘
384,14:18:29,29.77,--,0,0,卖盘
385,14:18:19,29.77,-0.01,6,17862,卖盘
386,14:18:08,29.78,0.01,10,29780,买盘
387,14:18:04,29.77,--,30,89310,卖盘
388,14:17:59,29.77,--,0,357,卖盘
389,14:17:53,29.77,--,6,17862,卖盘
390,14:17:49,29.77,0.01,6,17862,买盘
391,14:17:44,29.76,--,0,327,卖盘
392,14:17:38,29.76,-0.01,9,26784,卖盘
393,14:17:34,29.77,0.01,7,20839,买盘
394,14:17:29,29.76,--,9,26784,卖盘
395,14:17:23,29.76,--,2,5952,卖盘
396,14:17:14,29.76,--,12,35712,卖盘
397,14:17:08,29.76,-0.02,96,285696,卖盘
398,14:16:59,29.78,-0.01,17,50626,卖盘
399,14:16:53,29.79,--,34,101286,卖盘
400,14:16:48,29.79,--,7,20853,卖盘
401,14:16:44,29.79,-0.01,77,229383,卖盘
402,14:16:38,29.8,--,93,277140,卖盘
403,14:16:33,29.8,--,1,2980,卖盘
404,14:16:28,29.8,--,8,23840,卖盘
405,14:16:23,29.8,--,21,62580,卖盘
406,14:16:13,29.8,-0.01,5,14900,卖盘
407,14:16:08,29.81,--,6,17886,买盘
408,14:16:03,29.81,--,14,41734,卖盘
409,14:15:58,29.81,--,30,89430,卖盘
410,14:15:53,29.81,-0.01,53,157993,卖盘
411,14:15:48,29.82,--,18,55167,卖盘
412,14:15:43,29.82,--,97,289254,卖盘
413,14:15:38,29.82,-0.02,31,92442,卖盘
414,14:15:28,29.84,-0.01,11,32824,卖盘
415,14:15:23,29.85,--,1,2985,买盘
416,14:15:18,29.85,0.01,5,14925,买盘
417,14:15:13,29.84,--,0,2804,卖盘
418,14:15:08,29.84,-0.02,28,84805,卖盘
419,14:14:58,29.86,--,4,13735,卖盘
420,14:14:48,29.86,-0.02,3,8958,卖盘
421,14:14:43,29.88,0.03,4,11952,买盘
422,14:14:38,29.85,--,0,0,卖盘
423,14:14:28,29.85,-0.01,75,223875,卖盘
424,14:14:23,29.86,--,10,29860,买盘
425,14:14:18,29.86,-0.02,8,23888,卖盘
426,14:14:13,29.88,0.02,4,11952,买盘
427,14:14:08,29.86,--,4,11944,买盘
428,14:14:03,29.86,-0.03,9,26874,卖盘
429,14:13:58,29.89,0.02,69,206241,买盘
430,14:13:53,29.87,--,2,5974,买盘
431,14:13:48,29.87,--,10,29870,买盘
432,14:13:38,29.87,--,3,8961,买盘
433,14:13:33,29.87,--,68,203116,卖盘
434,14:13:23,29.87,--,5,14935,卖盘
435,14:13:08,29.87,-0.01,1,2987,中性盘
436,14:13:03,29.88,0.01,30,89640,买盘
437,14:12:58,29.87,--,1,2987,中性盘
438,14:12:53,29.87,0.01,1,2987,买盘
439,14:12:43,29.86,-0.01,13,38818,卖盘
440,14:12:38,29.87,--,2,5974,买盘
441,14:12:33,29.87,0.01,10,29870,买盘
442,14:12:18,29.86,-0.01,1,2986,卖盘
443,14:12:13,29.87,0.01,2,5974,买盘
444,14:11:58,29.86,--,40,119440,买盘
445,14:11:53,29.86,0.01,25,74650,买盘
446,14:11:48,29.85,--,23,68655,买盘
447,14:11:43,29.85,--,13,38805,买盘
448,14:11:28,29.85,--,3,8955,买盘
449,14:11:23,29.85,-0.01,14,41790,卖盘
450,14:11:18,29.86,0.01,1,2986,买盘
451,14:11:13,29.85,--,15,44775,卖盘
452,14:11:08,29.85,0.01,5,14925,买盘
453,14:11:02,29.84,--,28,83552,卖盘
454,14:10:53,29.84,0.01,5,14920,中性盘
455,14:10:47,29.83,--,0,0,卖盘
456,14:10:38,29.83,-0.01,1,2983,卖盘
457,14:10:28,29.84,0.02,21,62664,买盘
458,14:10:02,29.82,0.01,22,67095,买盘
459,14:09:37,29.81,--,5,14905,卖盘
460,14:09:32,29.81,--,7,20867,卖盘
461,14:09:17,29.81,--,1,2981,卖盘
462,14:09:07,29.81,--,2,5962,卖盘
463,14:09:02,29.81,--,9,26829,买盘
464,14:08:52,29.81,--,3,8943,买盘
465,14:08:47,29.81,--,0,0,中性盘
466,14:08:42,29.81,--,17,50677,卖盘
467,14:08:22,29.81,0.01,4,11924,卖盘
468,14:08:17,29.8,-0.02,36,107280,卖盘
469,14:07:52,29.82,0.02,4,11928,买盘
470,14:07:47,29.8,--,8,23840,卖盘
471,14:07:22,29.8,0.01,11,32780,买盘
472,14:07:17,29.79,--,4,11916,卖盘
473,14:07:02,29.79,-0.01,5,14895,卖盘
474,14:06:57,29.8,--,20,59600,买盘
475,14:06:37,29.8,--,22,65560,买盘
476,14:06:32,29.8,-0.02,20,59600,卖盘
477,14:06:27,29.82,--,2,5964,买盘
478,14:06:22,29.82,--,4,11928,买盘
479,14:06:17,29.82,-0.01,46,138663,卖盘
480,14:06:12,29.83,--,1,2983,卖盘
481,14:06:07,29.83,-0.01,23,68609,卖盘
482,14:06:02,29.84,0.01,1,2984,买盘
483,14:05:52,29.83,-0.01,8,23864,卖盘
484,14:05:37,29.84,--,0,0,买盘
485,14:05:32,29.84,0.01,1,2984,买盘
486,14:05:22,29.83,-0.01,2,5966,中性盘
487,14:05:17,29.84,0.01,5,14920,买盘
488,14:05:07,29.83,--,3,8949,卖盘
489,14:04:57,29.83,0.01,1,2983,买盘
490,14:04:27,29.82,--,0,1491,买盘
491,14:04:16,29.82,0.03,61,181902,买盘
492,14:04:12,29.79,-0.01,37,111712,卖盘
493,14:04:07,29.8,-0.02,2,5960,卖盘
494,14:04:01,29.82,0.02,7,20874,卖盘
495,14:03:52,29.8,--,0,0,卖盘
496,14:03:46,29.8,-0.04,17,52150,卖盘
497,14:03:41,29.84,0.03,11,32824,买盘
498,14:03:37,29.81,-0.01,3,8943,卖盘
499,14:03:31,29.82,-0.04,47,140154,卖盘
500,14:03:26,29.86,0.01,16,47776,买盘
501,14:03:22,29.85,--,13,38805,卖盘
502,14:03:16,29.85,--,2,5970,卖盘
503,14:03:07,29.85,--,2,5970,卖盘
504,14:03:01,29.85,--,0,0,中性盘
505,14:02:56,29.85,-0.01,2,5970,买盘
506,14:02:51,29.86,--,0,0,买盘
507,14:02:46,29.86,-0.01,54,161244,卖盘
508,14:02:41,29.87,0.01,2,5974,买盘
509,14:02:31,29.86,--,14,41804,卖盘
510,14:02:26,29.86,-0.02,15,44790,卖盘
511,14:02:11,29.88,0.02,5,14940,买盘
512,14:02:01,29.86,-0.02,5,14930,卖盘
513,14:01:56,29.88,--,0,0,买盘
514,14:01:51,29.88,--,39,118802,买盘
515,14:01:46,29.88,0.02,3,8964,买盘
516,14:01:41,29.86,--,0,0,卖盘
517,14:01:36,29.86,-0.04,2,5972,卖盘
518,14:01:31,29.9,--,0,0,买盘
519,14:01:26,29.9,0.03,28,83720,买盘
520,14:01:16,29.87,--,5,14935,卖盘
521,14:01:06,29.87,0.01,2,5974,买盘
522,14:01:01,29.86,--,3,8958,卖盘
523,14:00:56,29.86,--,19,56734,卖盘
524,14:00:51,29.86,-0.01,5,14930,卖盘
525,14:00:46,29.87,0.01,4,11948,买盘
526,14:00:41,29.86,--,17,50762,买盘
527,14:00:36,29.86,--,23,68678,买盘
528,14:00:26,29.86,--,0,0,买盘
529,14:00:21,29.86,0.02,3,8958,买盘
530,14:00:16,29.84,--,1,2984,卖盘
531,14:00:11,29.84,0.02,9,26856,买盘
532,14:00:06,29.82,--,1,2982,买盘
533,14:00:01,29.82,-0.04,1,2982,卖盘
534,13:59:46,29.86,--,4,11944,买盘
535,13:59:36,29.86,--,8,23888,买盘
536,13:59:31,29.86,-0.01,3,8958,卖盘
537,13:59:26,29.87,-0.01,5,14935,买盘
538,13:59:21,29.88,--,17,50796,买盘
539,13:59:16,29.88,--,54,161352,买盘
540,13:59:11,29.88,--,1,2988,买盘
541,13:59:06,29.88,0.01,29,86652,买盘
542,13:59:01,29.87,-0.03,33,98571,卖盘
543,13:58:56,29.9,0.02,290,867100,买盘
544,13:58:51,29.88,--,62,185256,卖盘
545,13:58:46,29.88,-0.01,334,997992,卖盘
546,13:58:41,29.89,-0.01,52,155428,卖盘
547,13:58:36,29.9,--,112,334880,买盘
548,13:58:31,29.9,0.01,54,161460,买盘
549,13:58:21,29.89,0.02,45,134505,买盘
550,13:58:11,29.87,0.01,15,44805,买盘
551,13:58:06,29.86,0.01,2,5972,买盘
552,13:57:56,29.85,0.03,120,358438,买盘
553,13:57:51,29.82,--,2,5964,卖盘
554,13:57:41,29.82,0.02,54,163294,买盘
555,13:57:36,29.8,--,13,38740,买盘
556,13:57:31,29.8,--,12,35760,买盘
557,13:57:26,29.8,-0.02,48,143040,卖盘
558,13:57:16,29.82,0.02,29,86478,买盘
559,13:57:11,29.8,--,96,286080,买盘
560,13:57:06,29.8,--,0,0,买盘
561,13:57:01,29.8,0.02,99,295020,买盘
562,13:56:56,29.78,0.01,12,35736,买盘
563,13:56:50,29.77,--,15,44655,卖盘
564,13:56:46,29.77,--,12,35724,卖盘
565,13:56:41,29.77,--,27,80379,卖盘
566,13:56:35,29.77,0.01,16,47632,买盘
567,13:56:25,29.76,--,5,14880,卖盘
568,13:56:21,29.76,0.01,31,92256,买盘
569,13:56:15,29.75,--,52,154700,卖盘
570,13:56:11,29.75,--,2,5950,卖盘
571,13:56:05,29.75,--,31,92225,买盘
572,13:56:01,29.75,--,48,142800,买盘
573,13:55:55,29.75,0.02,35,104125,买盘
574,13:55:50,29.73,-0.02,44,130812,中性盘
575,13:55:45,29.75,--,1,2975,买盘
576,13:55:40,29.75,--,15,44625,卖盘
577,13:55:35,29.75,--,26,77350,买盘
578,13:55:25,29.75,--,23,68425,买盘
579,13:55:15,29.75,0.05,11,34956,买盘
580,13:55:10,29.7,--,61,181170,买盘
581,13:55:05,29.7,--,51,151470,买盘
582,13:54:55,29.7,--,6,17820,买盘
583,13:54:50,29.7,-0.05,159,472972,卖盘
584,13:54:40,29.75,0.01,6,17850,买盘
585,13:54:30,29.74,-0.01,1,2974,卖盘
586,13:54:25,29.75,0.01,2,5950,买盘
587,13:54:15,29.74,-0.01,2,5948,卖盘
588,13:54:10,29.75,0.01,6,17850,买盘
589,13:54:05,29.74,--,2,5948,卖盘
590,13:53:55,29.74,--,137,407438,买盘
591,13:53:40,29.74,--,10,29740,买盘
592,13:53:30,29.74,--,200,594800,买盘
593,13:53:25,29.74,0.04,2,5948,买盘
594,13:53:20,29.7,--,6,17820,卖盘
595,13:53:10,29.7,--,20,59400,卖盘
596,13:53:05,29.7,-0.04,2,5940,卖盘
597,13:52:55,29.74,0.04,2,5948,买盘
598,13:52:50,29.7,--,5,14850,卖盘
599,13:52:35,29.7,--,7,20790,卖盘
600,13:52:20,29.7,--,12,35640,卖盘
601,13:52:10,29.7,--,40,121027,买盘
602,13:52:05,29.7,--,9,26730,买盘
603,13:51:55,29.7,--,9,26730,买盘
604,13:51:50,29.7,--,5,14850,买盘
605,13:51:45,29.7,--,1,2970,买盘
606,13:51:35,29.7,-0.04,189,562072,卖盘
607,13:51:25,29.74,0.01,1,2974,买盘
608,13:51:05,29.73,-0.02,3,8919,卖盘
609,13:50:55,29.75,0.02,10,29750,买盘
610,13:50:50,29.73,-0.02,3,8919,卖盘
611,13:50:35,29.75,--,20,59500,买盘
612,13:50:25,29.75,--,4,11900,买盘
613,13:50:15,29.75,-0.01,53,157675,卖盘
614,13:50:10,29.76,0.01,45,133920,买盘
615,13:50:05,29.75,--,7,20825,中性盘
616,13:50:00,29.75,0.01,2,5950,卖盘
617,13:49:55,29.74,--,0,0,卖盘
618,13:49:50,29.74,--,8,23792,卖盘
619,13:49:40,29.74,--,0,0,卖盘
620,13:49:35,29.74,--,93,276582,卖盘
621,13:49:29,29.74,--,5,14870,卖盘
622,13:49:25,29.74,--,8,23792,卖盘
623,13:49:20,29.74,-0.01,14,41636,卖盘
624,13:49:14,29.75,--,34,101150,买盘
625,13:49:05,29.75,--,48,142800,卖盘
626,13:48:59,29.75,--,4,11900,卖盘
627,13:48:49,29.75,--,7,20825,买盘
628,13:48:44,29.75,--,1,2975,卖盘
629,13:48:34,29.75,0.01,64,190400,买盘
630,13:48:29,29.74,--,5,14870,卖盘
631,13:48:19,29.74,--,11,32714,卖盘
632,13:48:14,29.74,-0.01,24,71376,卖盘
633,13:48:09,29.75,--,16,47600,买盘
634,13:47:59,29.75,0.01,2,5950,买盘
635,13:47:54,29.74,-0.01,3,8922,卖盘
636,13:47:49,29.75,--,6,17850,买盘
637,13:47:39,29.75,--,5,14875,买盘
638,13:47:34,29.75,0.01,56,166600,买盘
639,13:47:29,29.74,--,9,26766,买盘
640,13:47:24,29.74,-0.01,40,118960,买盘
641,13:47:19,29.75,--,0,0,买盘
642,13:47:14,29.75,--,44,130900,买盘
643,13:47:09,29.75,--,1,2975,买盘
644,13:47:04,29.75,--,58,172550,卖盘
645,13:46:59,29.75,0.03,49,145775,买盘
646,13:46:54,29.72,--,15,46809,买盘
647,13:46:49,29.72,-0.01,26,78015,卖盘
648,13:46:44,29.73,0.01,2,5946,买盘
649,13:46:39,29.72,--,7,20804,卖盘
650,13:46:24,29.72,0.03,300,893829,买盘
651,13:46:19,29.69,-0.02,9,26721,卖盘
652,13:46:14,29.71,0.02,2,5942,买盘
653,13:45:59,29.69,--,131,391165,买盘
654,13:45:54,29.69,--,7,20783,买盘
655,13:45:49,29.69,--,86,255334,买盘
656,13:45:44,29.69,--,4,11876,买盘
657,13:45:34,29.69,0.01,50,148450,买盘
658,13:45:29,29.68,-0.01,13,38584,卖盘
659,13:45:14,29.69,--,34,100946,买盘
660,13:45:04,29.69,--,27,80163,买盘
661,13:44:59,29.69,0.01,13,38597,买盘
662,13:44:44,29.68,-0.01,16,47488,卖盘
663,13:44:34,29.69,--,28,83132,买盘
664,13:44:24,29.69,--,2,5938,买盘
665,13:44:19,29.69,-0.02,126,374094,卖盘
666,13:44:14,29.71,--,10,29710,买盘
667,13:44:09,29.71,--,1,2971,买盘
668,13:44:04,29.71,0.01,5,14855,买盘
669,13:43:49,29.7,0.01,2,5940,卖盘
670,13:43:44,29.69,--,6,17814,卖盘
671,13:43:39,29.69,0.01,20,59380,卖盘
672,13:43:29,29.68,--,59,175112,卖盘
673,13:43:24,29.68,--,0,0,卖盘
674,13:43:19,29.68,-0.01,5,14840,卖盘
675,13:42:59,29.69,0.01,5,14845,买盘
676,13:42:54,29.68,--,25,74200,卖盘
677,13:42:49,29.68,-0.01,51,151368,卖盘
678,13:42:44,29.69,0.01,4,11876,买盘
679,13:42:38,29.68,--,9,26712,卖盘
680,13:42:28,29.68,-0.01,10,29680,卖盘
681,13:42:23,29.69,0.01,5,14845,买盘
682,13:42:14,29.68,--,1,2968,卖盘
683,13:42:08,29.68,--,11,32648,买盘
684,13:41:59,29.68,0.01,12,35616,中性盘
685,13:41:48,29.67,-0.02,3,8901,卖盘
686,13:41:43,29.69,0.01,7,20783,买盘
687,13:41:38,29.68,--,0,0,中性盘
688,13:41:34,29.68,--,20,59360,卖盘
689,13:41:28,29.68,--,17,50456,卖盘
690,13:41:13,29.68,--,6,17808,卖盘
691,13:40:53,29.68,-0.01,4,11872,卖盘
692,13:40:48,29.69,-0.01,1,2969,卖盘
693,13:40:43,29.7,0.01,2,5940,买盘
694,13:40:37,29.69,--,21,62349,卖盘
695,13:40:33,29.69,-0.01,2,5938,卖盘
696,13:40:28,29.7,--,4,11880,买盘
697,13:40:08,29.7,--,1,2970,买盘
698,13:39:58,29.7,0.01,21,62370,买盘
699,13:39:43,29.69,-0.01,1,2969,卖盘
700,13:39:38,29.7,0.02,32,95040,买盘
701,13:39:33,29.68,-0.01,2,5936,卖盘
702,13:39:28,29.69,--,6,17814,买盘
703,13:39:13,29.69,-0.01,268,795692,卖盘
704,13:38:53,29.7,--,12,35640,卖盘
705,13:38:38,29.7,0.01,3,8910,买盘
706,13:38:28,29.69,--,0,0,卖盘
707,13:38:23,29.69,-0.02,5,14845,卖盘
708,13:38:13,29.71,--,5,14855,买盘
709,13:38:08,29.71,--,0,0,买盘
710,13:37:43,29.71,0.02,5,14855,买盘
711,13:37:23,29.69,--,26,77194,卖盘
712,13:37:03,29.69,--,10,29690,卖盘
713,13:36:48,29.69,--,4,11876,卖盘
714,13:36:37,29.69,--,9,26721,卖盘
715,13:36:18,29.69,-0.01,2,5938,卖盘
716,13:36:13,29.7,--,0,0,中性盘
717,13:35:58,29.7,--,4,11880,卖盘
718,13:35:53,29.7,--,4,11880,卖盘
719,13:35:48,29.7,--,0,0,中性盘
720,13:35:38,29.7,--,6,17820,卖盘
721,13:35:33,29.7,--,12,35640,买盘
722,13:35:28,29.7,--,5,14850,买盘
723,13:35:22,29.7,--,96,285120,买盘
724,13:35:17,29.7,--,38,112860,买盘
725,13:35:07,29.7,0.01,4,11880,买盘
726,13:35:02,29.69,-0.01,1,2969,卖盘
727,13:34:57,29.7,--,10,29700,买盘
728,13:34:43,29.7,--,1,2970,买盘
729,13:34:28,29.7,--,13,38610,买盘
730,13:34:23,29.7,--,0,0,买盘
731,13:34:17,29.7,--,18,53460,买盘
732,13:34:02,29.7,0.01,10,29700,买盘
733,13:33:46,29.69,--,0,0,中性盘
734,13:33:37,29.69,--,0,0,中性盘
735,13:33:32,29.69,0.01,19,56411,买盘
736,13:33:22,29.68,-0.01,24,71232,卖盘
737,13:33:07,29.69,--,1,2969,买盘
738,13:33:02,29.69,--,6,17814,中性盘
739,13:32:52,29.69,--,2,5938,买盘
740,13:32:47,29.69,0.02,3,8907,买盘
741,13:32:37,29.67,--,0,0,中性盘
742,13:32:27,29.67,--,2,5934,买盘
743,13:32:22,29.67,-0.02,6,17802,卖盘
744,13:31:47,29.69,--,1,2969,买盘
745,13:31:42,29.69,-0.01,6,17814,卖盘
746,13:31:37,29.7,--,7,20790,卖盘
747,13:31:31,29.7,-0.01,12,35640,卖盘
748,13:31:22,29.71,--,13,38623,买盘
749,13:30:52,29.71,--,5,14855,买盘
750,13:30:47,29.71,--,12,35652,卖盘
751,13:30:27,29.71,--,26,77246,买盘
752,13:30:22,29.71,--,2,5942,买盘
753,13:30:07,29.71,0.01,38,112898,买盘
754,13:30:01,29.7,0.03,1,2970,买盘
755,13:29:57,29.67,--,0,0,卖盘
756,13:29:52,29.67,-0.02,6,17802,中性盘
757,13:29:42,29.69,0.03,1,2969,买盘
758,13:29:31,29.66,--,3,8898,卖盘
759,13:29:07,29.66,0.01,1,2966,买盘
760,13:29:01,29.65,--,8,23720,卖盘
761,13:28:57,29.65,-0.01,1,2965,卖盘
762,13:28:52,29.66,0.01,5,14830,买盘
763,13:28:42,29.65,-0.01,1,2965,卖盘
764,13:28:37,29.66,--,10,29660,买盘
765,13:28:31,29.66,0.01,10,29660,中性盘
766,13:28:22,29.65,-0.01,4,11860,卖盘
767,13:28:07,29.66,--,2,5932,卖盘
768,13:28:01,29.66,--,0,0,卖盘
769,13:27:55,29.66,-0.04,1,2966,卖盘
770,13:27:52,29.7,0.04,2,5940,买盘
771,13:27:40,29.66,0.01,23,68218,中性盘
772,13:27:22,29.65,-0.07,1,2965,卖盘
773,13:27:16,29.72,0.08,1,2972,买盘
774,13:27:06,29.64,-0.08,2,5928,卖盘
775,13:26:46,29.72,0.08,200,594400,买盘
776,13:26:36,29.64,-0.02,4,11856,卖盘
777,13:26:31,29.66,0.01,1,2966,卖盘
778,13:26:21,29.65,--,0,0,卖盘
779,13:26:06,29.65,--,1,2965,卖盘
780,13:26:01,29.65,-0.05,4,11860,卖盘
781,13:25:55,29.7,0.05,4,11880,买盘
782,13:25:51,29.65,-0.01,5,14825,卖盘
783,13:25:31,29.66,-0.06,3,8898,卖盘
784,13:25:25,29.72,--,1,2972,买盘
785,13:25:16,29.72,--,10,29720,买盘
786,13:25:10,29.72,--,14,41608,卖盘
787,13:25:01,29.72,-0.01,1,2972,卖盘
788,13:24:55,29.73,--,2,5946,卖盘
789,13:24:46,29.73,-0.01,5,14865,卖盘
790,13:24:40,29.74,-0.01,4,11896,中性盘
791,13:24:31,29.75,0.02,4,11900,买盘
792,13:24:25,29.73,-0.02,2,5946,卖盘
793,13:24:16,29.75,--,5,14875,买盘
794,13:24:10,29.75,--,61,181475,买盘
795,13:24:01,29.75,--,0,0,中性盘
796,13:23:55,29.75,0.01,46,136850,买盘
797,13:23:46,29.74,0.02,20,59480,买盘
798,13:23:40,29.72,-0.01,2,5944,卖盘
799,13:23:36,29.73,0.01,50,148650,买盘
800,13:23:31,29.72,0.09,7,20804,买盘
801,13:23:25,29.63,--,2,5926,卖盘
802,13:23:21,29.63,-0.09,6,17778,卖盘
803,13:23:16,29.72,0.11,50,148600,买盘
804,13:23:10,29.61,--,0,0,卖盘
805,13:22:45,29.61,-0.11,3,8883,卖盘
806,13:22:40,29.72,0.11,40,118880,买盘
807,13:22:31,29.61,--,56,165816,卖盘
808,13:22:25,29.61,0.01,7,20727,卖盘
809,13:22:06,29.6,--,0,0,卖盘
810,13:22:01,29.6,-0.01,41,121360,卖盘
811,13:21:46,29.61,0.01,5,14805,买盘
812,13:21:40,29.6,0.02,17,50320,买盘
813,13:21:31,29.58,--,2,5916,卖盘
814,13:21:25,29.58,0.01,58,171564,买盘
815,13:21:21,29.57,--,10,29570,卖盘
816,13:21:16,29.57,-0.01,5,14785,卖盘
817,13:21:06,29.58,--,5,14790,买盘
818,13:21:01,29.58,--,8,23664,买盘
819,13:20:55,29.58,--,6,17748,卖盘
820,13:20:49,29.58,--,4,11832,卖盘
821,13:20:25,29.58,-0.05,5,14790,卖盘
822,13:20:19,29.63,--,0,0,买盘
823,13:20:10,29.63,0.04,4,11852,买盘
824,13:20:04,29.59,-0.04,106,313654,卖盘
825,13:19:55,29.63,--,22,65186,卖盘
826,13:19:49,29.63,--,10,29630,卖盘
827,13:19:45,29.63,--,6,17778,卖盘
828,13:19:40,29.63,--,10,29630,卖盘
829,13:19:30,29.63,--,5,14815,卖盘
830,13:19:25,29.63,-0.01,11,32593,卖盘
831,13:19:15,29.64,-0.01,1,2964,买盘
832,13:19:10,29.65,0.01,4,11860,卖盘
833,13:18:59,29.64,--,3,8892,买盘
834,13:18:55,29.64,-0.05,7,20748,卖盘
835,13:18:34,29.69,0.05,4,11876,买盘
836,13:18:25,29.64,0.01,16,47424,买盘
837,13:18:19,29.63,--,4,11852,卖盘
838,13:18:15,29.63,-0.01,1,2963,卖盘
839,13:18:10,29.64,0.01,3,8892,买盘
840,13:18:04,29.63,--,2,5926,卖盘
841,13:17:40,29.63,--,9,26667,卖盘
842,13:17:34,29.63,-0.01,35,103705,卖盘
843,13:17:19,29.64,--,1,2964,买盘
844,13:17:15,29.64,--,12,35568,卖盘
845,13:17:10,29.64,--,13,38532,卖盘
846,13:16:49,29.64,-0.01,1,2964,卖盘
847,13:16:45,29.65,--,1,2965,买盘
848,13:16:40,29.65,--,15,44475,卖盘
849,13:16:34,29.65,--,8,23720,卖盘
850,13:16:25,29.65,-0.02,10,29650,卖盘
851,13:16:19,29.67,0.02,12,35604,买盘
852,13:16:10,29.65,-0.01,8,23720,卖盘
853,13:16:00,29.66,--,2,5932,卖盘
854,13:15:49,29.66,-0.01,3,8898,卖盘
855,13:15:39,29.67,-0.01,8,23736,卖盘
856,13:15:34,29.68,-0.01,45,133560,卖盘
857,13:15:25,29.69,--,2,5938,卖盘
858,13:15:19,29.69,-0.01,10,29690,卖盘
859,13:15:15,29.7,0.01,5,14850,买盘
860,13:15:10,29.69,-0.01,3,8907,卖盘
861,13:14:55,29.7,--,5,14850,卖盘
862,13:14:45,29.7,--,1,2970,卖盘
863,13:14:40,29.7,--,4,11880,买盘
864,13:14:25,29.7,--,2,5940,买盘
865,13:14:15,29.7,-0.01,5,14850,买盘
866,13:14:00,29.71,--,5,14855,卖盘
867,13:13:54,29.71,0.01,10,29710,买盘
868,13:13:49,29.7,--,59,175230,卖盘
869,13:13:40,29.7,-0.01,10,29700,卖盘
870,13:13:19,29.71,--,6,17826,中性盘
871,13:13:13,29.71,-0.02,10,29710,卖盘
872,13:12:58,29.73,--,2,5946,买盘
873,13:12:43,29.73,-0.01,49,145677,卖盘
874,13:12:34,29.74,0.01,10,29740,买盘
875,13:12:28,29.73,--,20,59460,卖盘
876,13:12:19,29.73,--,7,20811,卖盘
877,13:12:09,29.73,-0.01,3,8919,卖盘
878,13:12:04,29.74,--,5,14870,卖盘
879,13:11:54,29.74,--,7,20818,卖盘
880,13:11:39,29.74,0.01,2,5948,买盘
881,13:11:28,29.73,--,37,110001,卖盘
882,13:11:19,29.73,--,4,11892,卖盘
883,13:11:04,29.73,--,36,107028,卖盘
884,13:10:58,29.73,--,5,14865,卖盘
885,13:10:49,29.73,--,12,35676,卖盘
886,13:10:28,29.73,--,42,124866,买盘
887,13:10:19,29.73,--,4,11892,买盘
888,13:09:49,29.73,0.02,2,5946,卖盘
889,13:09:43,29.71,--,0,0,卖盘
890,13:09:24,29.71,--,0,0,卖盘
891,13:08:54,29.71,0.01,2,5942,买盘
892,13:08:49,29.7,--,3,8910,卖盘
893,13:08:19,29.7,0.01,4,11880,卖盘
894,13:08:04,29.69,-0.01,91,270416,卖盘
895,13:07:58,29.7,--,35,103950,买盘
896,13:07:54,29.7,0.01,3,8910,买盘
897,13:07:49,29.69,--,20,59380,卖盘
898,13:07:43,29.69,-0.01,19,56411,卖盘
899,13:07:13,29.7,0.01,1,2970,买盘
900,13:06:48,29.69,--,10,29690,卖盘
901,13:06:38,29.69,-0.01,20,59380,卖盘
902,13:06:28,29.7,0.01,2,5940,买盘
903,13:06:13,29.69,-0.01,2,5938,卖盘
904,13:06:04,29.7,0.01,5,14850,买盘
905,13:05:58,29.69,-0.01,1,2969,卖盘
906,13:05:48,29.7,--,18,53460,买盘
907,13:05:43,29.7,0.01,6,17820,买盘
908,13:05:28,29.69,--,1,2969,卖盘
909,13:05:13,29.69,-0.06,71,213530,卖盘
910,13:04:58,29.75,--,2,5950,买盘
911,13:04:52,29.75,-0.01,11,32725,买盘
912,13:04:43,29.76,--,0,0,买盘
913,13:04:37,29.76,--,9,26784,买盘
914,13:04:33,29.76,--,2,5952,买盘
915,13:04:28,29.76,--,4,12142,买盘
916,13:04:22,29.76,--,9,26784,买盘
917,13:04:13,29.76,-0.01,7,20832,买盘
918,13:04:07,29.77,--,0,0,买盘
919,13:04:03,29.77,--,1,2977,买盘
920,13:03:58,29.77,--,4,11908,买盘
921,13:03:52,29.77,--,6,17862,买盘
922,13:03:48,29.77,0.05,9,26793,买盘
923,13:03:43,29.72,--,1,2972,卖盘
924,13:03:22,29.72,--,2,5944,卖盘
925,13:03:18,29.72,--,0,0,卖盘
926,13:03:07,29.72,-0.06,4,11888,卖盘
927,13:03:03,29.78,--,49,145922,卖盘
928,13:02:58,29.78,0.06,12,35736,买盘
929,13:02:52,29.72,--,7,20804,卖盘
930,13:02:43,29.72,-0.07,10,29720,卖盘
931,13:02:37,29.79,--,8,23832,买盘
932,13:02:33,29.79,--,0,0,买盘
933,13:02:28,29.79,--,97,288963,买盘
934,13:02:13,29.79,--,0,0,卖盘
935,13:02:07,29.79,--,2,5958,卖盘
936,13:01:58,29.79,--,1,2979,卖盘
937,13:01:52,29.79,--,19,56601,卖盘
938,13:01:48,29.79,0.06,60,178740,买盘
939,13:01:37,29.73,-0.05,9,26757,卖盘
940,13:01:33,29.78,--,1,2978,卖盘
941,13:01:22,29.78,-0.01,2,5956,卖盘
942,13:01:13,29.79,0.01,3,8937,买盘
943,13:01:07,29.78,0.06,1,2978,买盘
944,13:01:03,29.72,-0.07,8,23776,卖盘
945,13:00:58,29.79,0.07,10,29790,买盘
946,13:00:52,29.72,--,4,11888,卖盘
947,13:00:43,29.72,-0.01,201,597372,卖盘
948,13:00:37,29.73,--,0,0,买盘
949,13:00:27,29.73,0.02,10,29730,买盘
950,13:00:22,29.71,--,2,5942,卖盘
951,13:00:18,29.71,0.01,14,41594,买盘
952,13:00:07,29.7,0.01,121,359370,买盘
953,13:00:03,29.69,--,12,35628,买盘
954,11:30:00,29.69,--,0,0,买盘
955,11:29:59,29.69,--,0,0,买盘
956,11:29:58,29.69,0.01,1,2969,买盘
957,11:29:38,29.68,-0.01,5,14840,卖盘
958,11:29:33,29.69,0.01,20,59380,买盘
959,11:29:28,29.68,-0.01,19,56392,卖盘
960,11:29:08,29.69,--,11,32659,买盘
961,11:29:03,29.69,0.01,2,5938,买盘
962,11:28:58,29.68,0.03,17,50456,买盘
963,11:28:48,29.65,--,0,0,卖盘
964,11:28:43,29.65,--,31,91915,卖盘
965,11:28:33,29.65,0.02,26,77090,卖盘
966,11:28:03,29.63,--,0,0,卖盘
967,11:27:53,29.63,--,0,0,卖盘
968,11:27:28,29.63,--,1,2963,卖盘
969,11:27:18,29.63,-0.06,3,8889,卖盘
970,11:27:12,29.69,--,7,20783,买盘
971,11:27:03,29.69,0.06,11,32659,买盘
972,11:26:57,29.63,0.03,30,88890,买盘
973,11:26:42,29.6,--,2,5920,卖盘
974,11:26:33,29.6,--,7,20720,买盘
975,11:26:27,29.6,-0.03,3,8880,卖盘
976,11:26:08,29.63,--,0,0,买盘
977,11:26:03,29.63,0.03,59,174817,买盘
978,11:25:57,29.6,0.01,5,14800,买盘
979,11:25:42,29.59,--,0,0,卖盘
980,11:25:27,29.59,-0.04,21,62139,卖盘
981,11:25:18,29.63,0.03,11,32593,买盘
982,11:25:12,29.6,-0.03,7,20720,卖盘
983,11:25:08,29.63,0.03,2,5926,买盘
984,11:24:57,29.6,-0.03,10,29600,卖盘
985,11:24:23,29.63,0.03,10,29630,买盘
986,11:24:12,29.6,-0.03,2,5920,卖盘
987,11:23:52,29.63,--,4,11852,买盘
988,11:23:42,29.63,--,8,23704,买盘
989,11:23:37,29.63,-0.03,1,2963,买盘
990,11:23:32,29.66,--,0,0,中性盘
991,11:23:27,29.66,0.06,10,29660,买盘
992,11:23:22,29.6,-0.03,71,210160,卖盘
993,11:23:12,29.63,-0.03,102,302226,卖盘
994,11:23:07,29.66,--,0,0,买盘
995,11:23:02,29.66,0.04,100,296600,买盘
996,11:22:57,29.62,-0.01,30,88860,卖盘
997,11:22:47,29.63,--,3,8889,买盘
998,11:22:32,29.63,-0.01,2,5926,卖盘
999,11:22:27,29.64,--,9,26676,买盘
1000,11:22:22,29.64,--,4,11856,买盘
1001,11:22:12,29.64,--,1,2964,买盘
1002,11:22:07,29.64,--,54,160056,卖盘
1003,11:21:52,29.64,-0.02,3,8892,卖盘
1004,11:21:47,29.66,--,0,0,买盘
1005,11:21:37,29.66,--,11,32626,买盘
1006,11:21:27,29.66,--,0,0,中性盘
1007,11:21:17,29.66,0.03,10,29660,买盘
1008,11:21:12,29.63,-0.03,1,2963,卖盘
1009,11:21:07,29.66,0.01,5,14830,买盘
1010,11:20:57,29.65,-0.01,10,29650,卖盘
1011,11:20:37,29.66,0.01,14,41524,买盘
1012,11:20:27,29.65,0.04,1,2965,买盘
1013,11:20:07,29.61,--,0,0,中性盘
1014,11:20:02,29.61,--,13,38493,买盘
1015,11:19:57,29.61,--,2,5922,买盘
1016,11:19:52,29.61,--,29,85869,买盘
1017,11:19:47,29.61,--,12,35532,买盘
1018,11:19:42,29.61,-0.03,40,118440,卖盘
1019,11:19:37,29.64,--,1,2964,买盘
1020,11:19:22,29.64,-0.01,3,8892,买盘
1021,11:18:57,29.65,--,0,0,买盘
1022,11:18:42,29.65,0.01,10,29650,买盘
1023,11:18:36,29.64,0.03,2,5928,买盘
1024,11:18:12,29.61,-0.05,12,35532,卖盘
1025,11:17:51,29.66,0.04,10,29660,买盘
1026,11:17:47,29.62,-0.04,20,59240,卖盘
1027,11:17:42,29.66,--,0,0,买盘
1028,11:17:12,29.66,--,2,5932,买盘
1029,11:17:06,29.66,--,2,5932,买盘
1030,11:16:57,29.66,--,11,32626,买盘
1031,11:16:47,29.66,-0.01,7,20762,卖盘
1032,11:16:32,29.67,-0.03,2,5934,买盘
1033,11:15:56,29.7,--,0,0,买盘
1034,11:15:51,29.7,0.03,16,47520,买盘
1035,11:15:47,29.67,--,4,11868,卖盘
1036,11:15:36,29.67,-0.01,3,8901,卖盘
1037,11:15:31,29.68,0.01,38,112784,买盘
1038,11:15:21,29.67,--,5,14835,卖盘
1039,11:15:11,29.67,0.01,14,41538,买盘
1040,11:15:06,29.66,0.01,11,32626,买盘
1041,11:15:01,29.65,-0.02,20,59300,卖盘
1042,11:14:56,29.67,0.01,5,14835,买盘
1043,11:14:46,29.66,--,9,26694,买盘
1044,11:14:36,29.66,0.01,3,8898,买盘
1045,11:14:31,29.65,-0.01,8,23720,卖盘
1046,11:14:26,29.66,--,6,17796,买盘
1047,11:14:06,29.66,0.01,10,29660,买盘
1048,11:14:01,29.65,0.04,38,112670,买盘
1049,11:13:46,29.61,--,0,0,卖盘
1050,11:13:41,29.61,-0.04,3,8883,卖盘
1051,11:13:36,29.65,0.04,1,2965,买盘
1052,11:13:31,29.61,-0.04,6,17766,中性盘
1053,11:13:21,29.65,0.05,9,26685,买盘
1054,11:13:16,29.6,-0.01,17,50320,卖盘
1055,11:13:11,29.61,--,0,0,买盘
1056,11:12:56,29.61,0.01,2,5922,买盘
1057,11:12:46,29.6,--,0,0,卖盘
1058,11:12:41,29.6,-0.05,2,5920,买盘
1059,11:12:31,29.65,0.04,10,29650,买盘
1060,11:12:21,29.61,--,3,8883,买盘
1061,11:12:16,29.61,--,5,14805,买盘
1062,11:12:11,29.61,--,10,29610,卖盘
1063,11:12:06,29.61,-0.07,20,59220,卖盘
1064,11:12:01,29.68,--,0,0,买盘
1065,11:11:46,29.68,0.03,15,44520,买盘
1066,11:11:41,29.65,-0.03,43,127495,卖盘
1067,11:11:36,29.68,0.03,19,56392,买盘
1068,11:11:31,29.65,-0.04,7,20755,买盘
1069,11:11:21,29.69,--,0,0,买盘
1070,11:10:56,29.69,0.08,11,32659,买盘
1071,11:10:51,29.61,--,1,2961,卖盘
1072,11:10:45,29.61,--,25,74025,买盘
1073,11:10:26,29.61,0.02,16,47376,买盘
1074,11:10:21,29.59,-0.02,10,29590,卖盘
1075,11:10:15,29.61,-0.04,72,213192,卖盘
1076,11:09:51,29.65,0.04,10,29650,买盘
1077,11:09:45,29.61,0.02,4,11844,买盘
1078,11:09:41,29.59,--,0,0,卖盘
1079,11:09:26,29.59,-0.02,19,56221,卖盘
1080,11:09:21,29.61,--,3,8883,买盘
1081,11:09:15,29.61,0.01,27,80213,买盘
1082,11:09:00,29.6,-0.01,8,23680,卖盘
1083,11:08:55,29.61,--,9,26649,买盘
1084,11:08:45,29.61,0.01,1,2961,买盘
1085,11:08:35,29.6,-0.01,2,5920,卖盘
1086,11:08:30,29.61,--,1,2961,卖盘
1087,11:08:25,29.61,--,3,8883,卖盘
1088,11:08:15,29.61,--,10,29610,卖盘
1089,11:08:11,29.61,--,4,11844,卖盘
1090,11:08:05,29.61,-0.04,6,17766,卖盘
1091,11:08:00,29.65,0.04,9,26685,买盘
1092,11:07:55,29.61,-0.02,4,11844,卖盘
1093,11:07:45,29.63,-0.02,2,5926,卖盘
1094,11:07:30,29.65,0.02,8,23720,买盘
1095,11:07:25,29.63,-0.02,12,35556,卖盘
1096,11:07:20,29.65,0.02,9,26685,买盘
1097,11:07:15,29.63,-0.02,13,38519,卖盘
1098,11:07:10,29.65,--,2,5930,买盘
1099,11:07:00,29.65,-0.03,3,8895,卖盘
1100,11:06:50,29.68,--,8,23744,买盘
1101,11:06:45,29.68,--,7,20776,买盘
1102,11:06:40,29.68,--,0,0,买盘
1103,11:06:15,29.68,0.03,15,44520,中性盘
1104,11:06:10,29.65,--,24,71160,买盘
1105,11:06:05,29.65,--,0,0,买盘
1106,11:06:00,29.65,--,0,0,买盘
1107,11:05:50,29.65,0.05,7,20755,买盘
1108,11:05:45,29.6,--,23,68080,卖盘
1109,11:05:30,29.6,-0.03,21,62160,卖盘
1110,11:05:25,29.63,--,16,47408,卖盘
1111,11:05:20,29.63,0.03,13,38519,买盘
1112,11:05:15,29.6,-0.05,19,56240,卖盘
1113,11:05:05,29.65,--,0,0,买盘
1114,11:05:00,29.65,--,10,29650,买盘
1115,11:04:40,29.65,0.02,10,29650,买盘
1116,11:04:30,29.63,-0.02,2,5926,卖盘
1117,11:04:25,29.65,0.05,11,32615,买盘
1118,11:04:20,29.6,--,0,0,卖盘
1119,11:04:15,29.6,-0.03,28,82880,卖盘
1120,11:04:10,29.63,0.01,4,11852,买盘
1121,11:04:05,29.62,--,6,17772,卖盘
1122,11:04:00,29.62,-0.01,2,5924,卖盘
1123,11:03:55,29.63,--,21,62223,买盘
1124,11:03:50,29.63,--,9,26667,买盘
1125,11:03:45,29.63,--,6,17778,买盘
1126,11:03:40,29.63,--,1,2963,卖盘
1127,11:03:30,29.63,-0.01,5,14815,卖盘
1128,11:03:25,29.64,-0.01,63,186732,卖盘
1129,11:03:15,29.65,--,3,8895,买盘
1130,11:03:09,29.65,--,15,44475,卖盘
1131,11:03:05,29.65,--,0,0,卖盘
1132,11:03:00,29.65,-0.04,13,38545,卖盘
1133,11:02:50,29.69,-0.01,42,124698,卖盘
1134,11:02:39,29.7,--,8,23760,买盘
1135,11:02:35,29.7,-0.01,12,36085,卖盘
1136,11:02:30,29.71,--,6,17826,卖盘
1137,11:02:24,29.71,-0.01,3,8913,卖盘
1138,11:02:09,29.72,--,27,80244,买盘
1139,11:02:05,29.72,-0.01,12,35664,卖盘
1140,11:01:59,29.73,--,8,23784,买盘
1141,11:01:54,29.73,--,20,59460,买盘
1142,11:01:50,29.73,-0.01,46,136758,卖盘
1143,11:01:44,29.74,--,10,29740,买盘
1144,11:01:39,29.74,--,5,14870,买盘
1145,11:01:35,29.74,-0.01,14,41636,卖盘
1146,11:01:29,29.75,0.02,11,32725,买盘
1147,11:01:19,29.73,-0.01,13,38649,卖盘
1148,11:00:54,29.74,0.03,11,32714,买盘
1149,11:00:49,29.71,--,11,32681,中性盘
1150,11:00:44,29.71,-0.02,1,2971,卖盘
1151,11:00:39,29.73,--,5,14865,买盘
1152,11:00:34,29.73,0.03,6,17838,买盘
1153,11:00:29,29.7,-0.04,121,361894,卖盘
1154,11:00:24,29.74,0.03,15,44610,买盘
1155,11:00:19,29.71,-0.03,15,44565,卖盘
1156,11:00:14,29.74,0.03,2,5948,买盘
1157,11:00:09,29.71,-0.02,5,14855,卖盘
1158,11:00:04,29.73,-0.01,51,151623,中性盘
1159,10:59:49,29.74,--,8,23792,卖盘
1160,10:59:44,29.74,-0.01,5,14870,卖盘
1161,10:59:39,29.75,0.01,12,35700,买盘
1162,10:59:34,29.74,--,22,65428,买盘
1163,10:59:24,29.74,-0.01,50,148700,卖盘
1164,10:59:19,29.75,0.01,7,20825,买盘
1165,10:59:14,29.74,--,3,8922,买盘
1166,10:59:09,29.74,--,1,2974,买盘
1167,10:59:04,29.74,--,1,2974,买盘
1168,10:58:54,29.74,0.04,41,121934,买盘
1169,10:58:49,29.7,0.01,75,222750,买盘
1170,10:58:39,29.69,--,2,5938,买盘
1171,10:58:34,29.69,0.03,10,29690,买盘
1172,10:58:29,29.66,--,3,8898,买盘
1173,10:58:24,29.66,--,1,2966,买盘
1174,10:58:19,29.66,0.02,8,23728,买盘
1175,10:58:13,29.64,0.02,7,23030,买盘
1176,10:58:09,29.62,--,2,5924,买盘
1177,10:58:04,29.62,0.02,15,44430,买盘
1178,10:57:49,29.6,-0.02,17,50320,卖盘
1179,10:57:44,29.62,0.02,10,29620,买盘
1180,10:57:39,29.6,-0.02,100,296000,卖盘
1181,10:57:28,29.62,0.01,2,5924,买盘
1182,10:57:19,29.61,--,38,112518,卖盘
1183,10:57:09,29.61,-0.01,12,35532,卖盘
1184,10:56:58,29.62,--,8,23696,买盘
1185,10:56:54,29.62,0.01,34,100708,买盘
1186,10:56:49,29.61,-0.01,13,38493,卖盘
1187,10:56:39,29.62,--,10,29620,买盘
1188,10:56:34,29.62,--,3,8886,买盘
1189,10:56:24,29.62,--,3,8886,买盘
1190,10:56:13,29.62,-0.03,19,56278,卖盘
1191,10:56:04,29.65,--,9,26685,买盘
1192,10:55:59,29.65,--,7,20755,买盘
1193,10:55:54,29.65,--,7,20755,买盘
1194,10:55:48,29.65,--,0,0,买盘
1195,10:55:43,29.65,--,5,14825,买盘
1196,10:55:23,29.65,0.03,8,23720,买盘
1197,10:55:18,29.62,--,9,26658,卖盘
1198,10:55:13,29.62,-0.03,13,38506,卖盘
1199,10:55:03,29.65,-0.01,5,14825,中性盘
1200,10:54:59,29.66,--,15,44490,买盘
1201,10:54:48,29.66,0.01,8,23728,买盘
1202,10:54:38,29.65,-0.01,4,11860,卖盘
1203,10:54:33,29.66,--,10,29660,买盘
1204,10:54:28,29.66,--,13,38558,买盘
1205,10:54:23,29.66,--,10,29660,买盘
1206,10:54:18,29.66,--,22,65252,卖盘
1207,10:54:13,29.66,--,10,29660,卖盘
1208,10:53:53,29.66,-0.02,10,29660,卖盘
1209,10:53:48,29.68,0.02,20,59360,买盘
1210,10:53:43,29.66,-0.02,8,23728,卖盘
1211,10:53:33,29.68,0.01,87,258216,买盘
1212,10:53:28,29.67,--,19,56373,买盘
1213,10:53:23,29.67,-0.01,6,17802,卖盘
1214,10:53:18,29.68,--,18,53424,卖盘
1215,10:53:13,29.68,0.01,20,59360,买盘
1216,10:53:08,29.67,-0.03,86,255162,卖盘
1217,10:53:03,29.7,--,0,0,买盘
1218,10:52:58,29.7,0.03,14,41580,买盘
1219,10:52:53,29.67,-0.01,8,23736,卖盘
1220,10:52:48,29.68,-0.02,1,2968,中性盘
1221,10:52:43,29.7,0.02,9,26730,买盘
1222,10:52:38,29.68,0.02,1,2968,买盘
1223,10:52:33,29.66,--,13,38558,卖盘
1224,10:52:28,29.66,0.01,1,2966,卖盘
1225,10:52:22,29.65,--,0,0,卖盘
1226,10:52:18,29.65,-0.01,25,74125,卖盘
1227,10:52:13,29.66,0.01,34,100844,买盘
1228,10:52:07,29.65,--,41,121565,卖盘
1229,10:52:03,29.65,-0.01,22,65230,卖盘
1230,10:51:58,29.66,--,11,32626,买盘
1231,10:51:52,29.66,0.01,9,26694,买盘
1232,10:51:43,29.65,--,8,23720,买盘
1233,10:51:28,29.65,0.04,18,53370,买盘
1234,10:51:13,29.61,0.01,50,150744,买盘
1235,10:51:07,29.6,-0.01,3,8880,卖盘
1236,10:51:03,29.61,--,9,26649,买盘
1237,10:50:58,29.61,0.03,57,168777,买盘
1238,10:50:52,29.58,0.01,3,8874,中性盘
1239,10:50:48,29.57,--,164,484948,卖盘
1240,10:50:43,29.57,-0.03,35,103495,卖盘
1241,10:50:28,29.6,0.03,4,11840,买盘
1242,10:50:22,29.57,0.01,10,29570,买盘
1243,10:50:13,29.56,-0.01,64,189184,卖盘
1244,10:50:07,29.57,--,6,17742,买盘
1245,10:50:03,29.57,--,6,17742,买盘
1246,10:49:52,29.57,--,2,5914,买盘
1247,10:49:48,29.57,-0.02,5,14785,卖盘
1248,10:49:43,29.59,0.01,5,14795,买盘
1249,10:49:37,29.58,--,20,59160,买盘
1250,10:49:27,29.58,--,2,5916,买盘
1251,10:49:22,29.58,-0.01,37,109446,卖盘
1252,10:49:13,29.59,-0.01,16,47344,中性盘
1253,10:49:07,29.6,0.02,35,103600,买盘
1254,10:49:02,29.58,--,2,5916,卖盘
1255,10:48:52,29.58,-0.02,4,11832,卖盘
1256,10:48:37,29.6,--,46,136160,卖盘
1257,10:48:27,29.6,--,12,35520,卖盘
1258,10:48:22,29.6,--,24,71040,卖盘
1259,10:48:17,29.6,--,24,71040,卖盘
1260,10:48:12,29.6,-0.01,30,88800,卖盘
1261,10:48:07,29.61,--,7,20727,买盘
1262,10:47:57,29.61,-0.04,18,53298,卖盘
1263,10:47:52,29.65,0.04,27,80055,买盘
1264,10:47:42,29.61,-0.02,22,65142,卖盘
1265,10:47:37,29.63,0.03,3,8889,买盘
1266,10:47:22,29.6,--,28,82880,买盘
1267,10:47:12,29.6,--,2,5920,买盘
1268,10:47:07,29.6,--,2,5920,买盘
1269,10:47:02,29.6,-0.05,5,14800,买盘
1270,10:46:57,29.65,0.08,26,77090,买盘
1271,10:46:52,29.57,-0.06,20,59140,卖盘
1272,10:46:47,29.63,--,3,8889,买盘
1273,10:46:37,29.63,0.03,15,44445,卖盘
1274,10:46:32,29.6,-0.03,23,68080,买盘
1275,10:46:27,29.63,--,0,0,中性盘
1276,10:46:22,29.63,--,91,269633,买盘
1277,10:46:17,29.63,0.03,70,207410,买盘
1278,10:46:12,29.6,-0.03,5,14800,卖盘
1279,10:46:07,29.63,--,1,2963,买盘
1280,10:46:01,29.63,-0.02,5,14815,买盘
1281,10:45:57,29.65,0.1,20,59300,买盘
1282,10:45:46,29.55,-0.1,5,14775,卖盘
1283,10:45:42,29.65,-0.02,14,41510,买盘
1284,10:45:37,29.67,-0.01,3,8901,买盘
1285,10:45:21,29.68,--,0,0,买盘
1286,10:45:16,29.68,0.14,10,29680,买盘
1287,10:45:12,29.54,--,0,0,卖盘
1288,10:45:07,29.54,0.04,12,37545,买盘
1289,10:45:01,29.5,-0.03,90,266355,卖盘
1290,10:44:57,29.53,-0.17,17,52297,买盘
1291,10:44:52,29.7,0.19,182,540540,买盘
1292,10:44:46,29.51,--,0,0,中性盘
1293,10:44:42,29.51,-0.01,17,50167,卖盘
1294,10:44:37,29.52,0.01,9,26568,买盘
1295,10:44:27,29.51,-0.01,5,14755,卖盘
1296,10:44:22,29.52,0.01,20,59040,买盘
1297,10:44:16,29.51,--,2,5902,买盘
1298,10:44:12,29.51,-0.01,13,38363,中性盘
1299,10:44:07,29.52,--,39,115128,买盘
1300,10:44:01,29.52,--,7,20664,买盘
1301,10:43:56,29.52,0.01,10,29520,中性盘
1302,10:43:52,29.51,-0.02,13,38363,中性盘
1303,10:43:46,29.53,0.03,45,132885,买盘
1304,10:43:36,29.5,-0.03,4,11800,卖盘
1305,10:43:31,29.53,--,0,0,买盘
1306,10:43:27,29.53,0.03,10,29530,买盘
1307,10:43:22,29.5,--,1,2950,买盘
1308,10:43:16,29.5,-0.03,40,118000,中性盘
1309,10:43:06,29.53,0.03,25,75035,买盘
1310,10:43:01,29.5,0.06,96,284940,买盘
1311,10:42:51,29.44,--,12,38095,卖盘
1312,10:42:41,29.44,0.01,1,2944,买盘
1313,10:42:31,29.43,--,10,30989,卖盘
1314,10:42:26,29.43,-0.07,1,2943,卖盘
1315,10:42:21,29.5,0.07,230,678500,买盘
1316,10:42:16,29.43,--,10,29430,卖盘
1317,10:42:06,29.43,-0.01,5,14715,卖盘
1318,10:42:01,29.44,0.01,10,29440,买盘
1319,10:41:51,29.43,0.03,56,166279,买盘
1320,10:41:46,29.4,--,0,0,卖盘
1321,10:41:41,29.4,--,52,152880,卖盘
1322,10:41:31,29.4,--,114,336865,卖盘
1323,10:41:21,29.4,--,53,155820,卖盘
1324,10:41:16,29.4,-0.01,110,323400,卖盘
1325,10:41:11,29.41,0.01,5,14705,买盘
1326,10:41:06,29.4,--,20,58800,卖盘
1327,10:41:01,29.4,--,1,2940,卖盘
1328,10:40:56,29.4,-0.01,2,5880,卖盘
1329,10:40:51,29.41,0.01,25,73525,买盘
1330,10:40:46,29.4,-0.01,27,80850,卖盘
1331,10:40:36,29.41,--,19,55879,卖盘
1332,10:40:31,29.41,--,4,11764,卖盘
1333,10:40:26,29.41,--,3,8823,卖盘
1334,10:40:21,29.41,0.01,10,30880,中性盘
1335,10:40:16,29.4,--,30,88200,卖盘
1336,10:40:11,29.4,--,0,0,卖盘
1337,10:40:06,29.4,-0.01,49,144060,卖盘
1338,10:39:56,29.41,-0.03,12,35292,卖盘
1339,10:39:51,29.44,0.03,2,5888,买盘
1340,10:39:46,29.41,-0.03,42,123522,卖盘
1341,10:39:41,29.44,--,1,2944,买盘
1342,10:39:36,29.44,--,29,85376,卖盘
1343,10:39:21,29.44,--,11,32384,卖盘
1344,10:39:16,29.44,0.03,1,2944,买盘
1345,10:39:06,29.41,--,13,38233,卖盘
1346,10:38:51,29.41,-0.03,25,73525,卖盘
1347,10:38:46,29.44,0.03,3,8832,买盘
1348,10:38:40,29.41,0.01,1,2941,卖盘
1349,10:38:30,29.4,-0.03,59,173460,卖盘
1350,10:38:25,29.43,-0.02,2,5886,买盘
1351,10:38:21,29.45,--,0,0,买盘
1352,10:38:15,29.45,0.05,20,58900,买盘
1353,10:38:10,29.4,-0.03,19,55860,卖盘
1354,10:38:06,29.43,--,10,29430,卖盘
1355,10:37:55,29.43,0.03,7,20601,买盘
1356,10:37:51,29.4,-0.02,30,88200,卖盘
1357,10:37:45,29.42,-0.03,1,2942,卖盘
1358,10:37:36,29.45,0.02,9,26505,买盘
1359,10:37:30,29.43,0.01,11,32373,买盘
1360,10:37:10,29.42,--,9,26478,买盘
1361,10:37:00,29.42,--,0,0,买盘
1362,10:36:51,29.42,0.02,14,41188,买盘
1363,10:36:40,29.4,-0.02,19,55860,卖盘
1364,10:36:30,29.42,--,27,79434,买盘
1365,10:36:25,29.42,--,3,8826,买盘
1366,10:36:21,29.42,--,5,14710,买盘
1367,10:36:15,29.42,--,2,5884,买盘
1368,10:36:05,29.42,--,20,58840,买盘
1369,10:36:00,29.42,--,14,41188,卖盘
1370,10:35:55,29.42,--,10,29420,卖盘
1371,10:35:45,29.42,-0.01,1,2942,卖盘
1372,10:35:40,29.43,0.01,6,17658,买盘
1373,10:35:30,29.42,-0.02,43,126506,卖盘
1374,10:35:25,29.44,0.01,9,26496,买盘
1375,10:35:15,29.43,-0.01,1,2943,卖盘
1376,10:35:05,29.44,0.01,9,26496,买盘
1377,10:35:00,29.43,--,4,11772,买盘
1378,10:34:55,29.43,0.01,10,29430,买盘
1379,10:34:45,29.42,--,3,8826,买盘
1380,10:34:30,29.42,0.01,10,29420,买盘
1381,10:34:25,29.41,--,0,0,买盘
1382,10:34:15,29.41,0.02,9,26469,买盘
1383,10:34:10,29.39,0.01,13,38207,买盘
1384,10:34:05,29.38,--,1,2938,买盘
1385,10:33:50,29.38,-0.01,19,55822,卖盘
1386,10:33:45,29.39,--,1,2939,买盘
1387,10:33:40,29.39,--,1,2939,卖盘
1388,10:33:35,29.39,--,1,2939,卖盘
1389,10:33:25,29.39,0.01,30,88170,买盘
1390,10:33:20,29.38,--,1,2938,买盘
1391,10:33:15,29.38,--,3,8814,买盘
1392,10:33:10,29.38,-0.05,18,52884,卖盘
1393,10:33:05,29.43,0.04,10,29430,买盘
1394,10:33:00,29.39,--,17,49963,卖盘
1395,10:32:49,29.39,--,4,11756,买盘
1396,10:32:45,29.39,--,46,135194,卖盘
1397,10:32:40,29.39,--,3,8817,卖盘
1398,10:32:30,29.39,--,36,105804,买盘
1399,10:32:25,29.39,--,7,20573,买盘
1400,10:32:19,29.39,--,5,14695,买盘
1401,10:32:15,29.39,-0.05,53,155767,卖盘
1402,10:32:10,29.44,0.05,24,70656,买盘
1403,10:32:04,29.39,--,7,20573,卖盘
1404,10:32:00,29.39,0.01,3,8817,卖盘
1405,10:31:49,29.38,--,0,0,卖盘
1406,10:31:45,29.38,-0.01,20,58760,卖盘
1407,10:31:40,29.39,--,11,32329,买盘
1408,10:31:30,29.39,0.03,1,2939,买盘
1409,10:31:25,29.36,0.01,80,234880,买盘
1410,10:31:15,29.35,--,5,14675,买盘
1411,10:31:10,29.35,0.09,1,2935,买盘
1412,10:31:04,29.26,--,2,5852,卖盘
1413,10:31:00,29.26,--,1,2926,卖盘
1414,10:30:54,29.26,0.01,43,125818,买盘
1415,10:30:49,29.25,--,44,128700,买盘
1416,10:30:45,29.25,--,33,96525,买盘
1417,10:30:39,29.25,-0.1,88,257400,卖盘
1418,10:30:30,29.35,--,3,8805,卖盘
1419,10:30:24,29.35,--,0,0,卖盘
1420,10:30:19,29.35,0.1,22,64570,买盘
1421,10:30:09,29.25,-0.1,272,795600,卖盘
1422,10:30:04,29.35,--,4,11740,买盘
1423,10:29:54,29.35,0.05,9,26415,买盘
1424,10:29:49,29.3,0.04,29,84970,卖盘
1425,10:29:45,29.26,-0.04,200,585200,卖盘
1426,10:29:39,29.3,--,2,5860,卖盘
1427,10:29:34,29.3,--,46,134780,买盘
1428,10:29:29,29.3,--,3,8790,买盘
1429,10:29:24,29.3,--,5,14650,买盘
1430,10:29:19,29.3,--,12,35160,买盘
1431,10:29:14,29.3,--,7,20510,买盘
1432,10:29:09,29.3,-0.05,187,547910,卖盘
1433,10:29:04,29.35,--,10,29350,买盘
1434,10:28:59,29.35,0.01,34,99790,买盘
1435,10:28:49,29.34,-0.01,10,29340,卖盘
1436,10:28:39,29.35,--,23,67505,买盘
1437,10:28:34,29.35,--,15,44025,买盘
1438,10:28:29,29.35,--,10,29350,买盘
1439,10:28:24,29.35,--,47,137945,卖盘
1440,10:28:19,29.35,-0.1,5,14675,卖盘
1441,10:28:09,29.45,0.05,9,26505,买盘
1442,10:28:04,29.4,0.05,35,102900,买盘
1443,10:27:54,29.35,-0.06,168,493080,卖盘
1444,10:27:49,29.41,-0.04,1,2941,买盘
1445,10:27:29,29.45,0.05,1,2945,买盘
1446,10:27:24,29.4,--,31,91140,卖盘
1447,10:27:19,29.4,-0.01,70,205800,卖盘
1448,10:27:14,29.41,-0.01,5,14705,卖盘
1449,10:26:59,29.42,-0.03,2,5884,买盘
1450,10:26:44,29.45,--,0,0,买盘
1451,10:26:34,29.45,0.05,9,26505,买盘
1452,10:26:29,29.4,--,0,0,中性盘
1453,10:26:24,29.4,-0.02,28,82320,卖盘
1454,10:26:19,29.42,0.02,10,29420,买盘
1455,10:26:09,29.4,-0.02,50,147000,卖盘
1456,10:26:04,29.42,0.02,2,5884,买盘
1457,10:25:58,29.4,--,18,52920,卖盘
1458,10:25:54,29.4,0.01,22,64680,买盘
1459,10:25:49,29.39,-0.01,8,23512,卖盘
1460,10:25:43,29.4,--,5,14700,买盘
1461,10:25:39,29.4,--,14,41160,买盘
1462,10:25:34,29.4,0.01,6,17640,买盘
1463,10:25:28,29.39,--,12,35268,卖盘
1464,10:25:24,29.39,-0.01,8,23512,卖盘
1465,10:25:09,29.4,--,28,82320,卖盘
1466,10:25:04,29.4,--,8,23520,卖盘
1467,10:24:58,29.4,-0.01,13,38220,卖盘
1468,10:24:54,29.41,0.01,10,29410,买盘
1469,10:24:49,29.4,--,31,91140,卖盘
1470,10:24:39,29.4,-0.01,22,64680,卖盘
1471,10:24:34,29.41,--,11,32351,买盘
1472,10:24:09,29.41,-0.04,14,41174,卖盘
1473,10:24:04,29.45,--,14,41230,买盘
1474,10:23:53,29.45,0.04,16,47120,买盘
1475,10:23:49,29.41,-0.04,11,32351,卖盘
1476,10:23:43,29.45,0.03,10,29450,买盘
1477,10:23:38,29.42,-0.02,3,8826,卖盘
1478,10:23:28,29.44,0.03,1,2944,买盘
1479,10:23:18,29.41,-0.04,1,2941,卖盘
1480,10:23:13,29.45,0.01,17,50065,买盘
1481,10:23:09,29.44,0.02,9,26496,买盘
1482,10:23:03,29.42,-0.02,12,35304,卖盘
1483,10:22:58,29.44,--,7,20608,买盘
1484,10:22:48,29.44,--,3,8832,买盘
1485,10:22:38,29.44,--,1,2944,买盘
1486,10:22:33,29.44,--,2,5888,买盘
1487,10:22:18,29.44,--,9,26496,买盘
1488,10:22:13,29.44,--,2,5888,卖盘
1489,10:22:08,29.44,--,1,2944,卖盘
1490,10:22:03,29.44,--,15,44160,卖盘
1491,10:21:53,29.44,0.01,4,11776,卖盘
1492,10:21:43,29.43,--,0,0,中性盘
1493,10:21:33,29.43,-0.02,5,14715,卖盘
1494,10:21:28,29.45,--,17,50065,买盘
1495,10:21:18,29.45,--,1,2945,买盘
1496,10:21:13,29.45,-0.02,12,35340,卖盘
1497,10:21:03,29.47,0.02,6,17682,买盘
1498,10:20:58,29.45,--,0,0,卖盘
1499,10:20:43,29.45,--,0,0,卖盘
1500,10:20:38,29.45,-0.02,1,2945,中性盘
1501,10:20:33,29.47,0.01,19,55993,买盘
1502,10:20:28,29.46,0.04,3,8838,买盘
1503,10:20:13,29.42,--,5,14710,卖盘
1504,10:20:08,29.42,-0.05,6,17652,卖盘
1505,10:20:03,29.47,0.05,3,8841,买盘
1506,10:19:58,29.42,-0.05,5,14710,卖盘
1507,10:19:48,29.47,--,10,29470,买盘
1508,10:19:43,29.47,--,1,2947,买盘
1509,10:19:33,29.47,--,11,32417,买盘
1510,10:19:28,29.47,0.06,1,2947,卖盘
1511,10:19:23,29.41,--,0,0,卖盘
1512,10:19:18,29.41,-0.06,12,35292,卖盘
1513,10:19:13,29.47,--,1,2947,买盘
1514,10:18:52,29.47,-0.01,5,14735,卖盘
1515,10:18:48,29.48,--,7,20636,卖盘
1516,10:18:43,29.48,-0.01,55,162140,卖盘
1517,10:18:37,29.49,0.01,20,58980,买盘
1518,10:18:33,29.48,--,10,29480,卖盘
1519,10:18:18,29.48,--,5,14740,卖盘
1520,10:18:13,29.48,0.07,86,253528,买盘
1521,10:18:03,29.41,-0.01,3,8823,卖盘
1522,10:17:58,29.42,--,1,2942,买盘
1523,10:17:52,29.42,--,3,8826,买盘
1524,10:17:48,29.42,0.01,11,32362,买盘
1525,10:17:43,29.41,--,1,2941,卖盘
1526,10:17:37,29.41,-0.01,5,14705,卖盘
1527,10:17:33,29.42,-0.02,1,2942,买盘
1528,10:17:28,29.44,--,41,120704,买盘
1529,10:17:22,29.44,0.02,1,2944,买盘
1530,10:17:18,29.42,-0.02,3,8826,卖盘
1531,10:17:07,29.44,--,3,8832,卖盘
1532,10:17:03,29.44,-0.05,3,8832,卖盘
1533,10:16:58,29.49,0.03,9,26541,买盘
1534,10:16:48,29.46,--,25,73650,买盘
1535,10:16:43,29.46,--,2,5892,买盘
1536,10:16:27,29.46,--,4,11784,买盘
1537,10:16:22,29.46,-0.02,8,23568,卖盘
1538,10:16:17,29.48,--,2,5896,买盘
1539,10:16:13,29.48,--,8,23584,卖盘
1540,10:16:07,29.48,--,20,58960,卖盘
1541,10:16:02,29.48,--,1,2948,卖盘
1542,10:15:57,29.48,-0.01,4,11792,卖盘
1543,10:15:52,29.49,0.03,9,26541,买盘
1544,10:15:47,29.46,-0.02,9,26514,卖盘
1545,10:15:42,29.48,--,13,38324,买盘
1546,10:15:37,29.48,--,4,11792,买盘
1547,10:15:27,29.48,0.02,4,11792,买盘
1548,10:15:22,29.46,-0.02,2,5892,卖盘
1549,10:15:17,29.48,--,9,26532,买盘
1550,10:15:07,29.48,0.02,8,23584,买盘
1551,10:15:02,29.46,--,4,11784,买盘
1552,10:14:52,29.46,--,7,20622,卖盘
1553,10:14:47,29.46,--,0,0,卖盘
1554,10:14:37,29.46,--,1,2946,卖盘
1555,10:14:27,29.46,0.01,12,35352,卖盘
1556,10:14:17,29.45,--,15,44175,卖盘
1557,10:14:07,29.45,--,17,50065,买盘
1558,10:14:02,29.45,--,10,29450,买盘
1559,10:13:57,29.45,0.01,10,29450,买盘
1560,10:13:47,29.44,--,4,11776,买盘
1561,10:13:42,29.44,--,2,5888,买盘
1562,10:13:32,29.44,0.05,10,29440,买盘
1563,10:13:27,29.39,--,0,0,卖盘
1564,10:13:22,29.39,--,4,11756,卖盘
1565,10:13:12,29.39,0.04,30,88170,买盘
1566,10:13:07,29.35,0.02,5,14675,中性盘
1567,10:13:02,29.33,-0.02,51,149583,卖盘
1568,10:12:52,29.35,--,14,41090,买盘
1569,10:12:42,29.35,0.03,3,8805,买盘
1570,10:12:37,29.32,--,15,43980,卖盘
1571,10:12:27,29.32,--,3,8796,卖盘
1572,10:12:22,29.32,--,0,0,卖盘
1573,10:12:12,29.32,0.02,2,5864,卖盘
1574,10:12:07,29.3,--,37,108410,买盘
1575,10:12:01,29.3,-0.02,124,363320,卖盘
1576,10:11:57,29.32,--,12,35184,卖盘
1577,10:11:52,29.32,-0.03,2,5864,卖盘
1578,10:11:46,29.35,--,11,32285,买盘
1579,10:11:37,29.35,0.03,4,11740,买盘
1580,10:11:22,29.32,-0.03,10,29320,卖盘
1581,10:11:16,29.35,--,2,5870,买盘
1582,10:11:12,29.35,--,0,0,买盘
1583,10:11:07,29.35,--,2,5870,买盘
1584,10:11:01,29.35,0.01,27,79245,买盘
1585,10:10:57,29.34,-0.1,3,8802,卖盘
1586,10:10:46,29.44,--,0,0,买盘
1587,10:10:42,29.44,0.09,9,26496,买盘
1588,10:10:37,29.35,-0.04,53,155555,卖盘
1589,10:10:31,29.39,--,2,5878,卖盘
1590,10:10:27,29.39,-0.01,10,29390,卖盘
1591,10:10:22,29.4,--,0,0,中性盘
1592,10:10:12,29.4,-0.05,1,2940,买盘
1593,10:10:01,29.45,--,0,0,买盘
1594,10:09:57,29.45,0.07,9,26505,买盘
1595,10:09:46,29.38,-0.01,8,23504,卖盘
1596,10:09:42,29.39,0.01,9,26451,买盘
1597,10:09:22,29.38,-0.01,1,2938,卖盘
1598,10:09:16,29.39,--,22,64658,卖盘
1599,10:09:07,29.39,-0.01,21,61719,卖盘
1600,10:09:01,29.4,--,2,5880,买盘
1601,10:08:56,29.4,--,1,2940,买盘
1602,10:08:46,29.4,--,2,5880,买盘
1603,10:08:41,29.4,--,2,5880,卖盘
1604,10:08:36,29.4,--,32,94080,卖盘
1605,10:08:21,29.4,-0.01,12,35280,卖盘
1606,10:08:11,29.41,--,10,29410,买盘
1607,10:08:06,29.41,-0.04,24,70584,卖盘
1608,10:08:00,29.45,--,21,61845,买盘
1609,10:07:46,29.45,-0.05,34,100130,卖盘
1610,10:07:41,29.5,--,0,0,买盘
1611,10:07:30,29.5,--,1,2950,中性盘
1612,10:07:26,29.5,--,5,14750,卖盘
1613,10:07:21,29.5,--,15,44250,卖盘
1614,10:07:15,29.5,-0.03,20,59000,卖盘
1615,10:07:11,29.53,-0.05,21,62013,卖盘
1616,10:07:06,29.58,0.05,27,79866,买盘
1617,10:07:00,29.53,--,3,8859,卖盘
1618,10:06:51,29.53,--,10,29530,卖盘
1619,10:06:45,29.53,0.03,19,56107,买盘
1620,10:06:41,29.5,--,50,147500,卖盘
1621,10:06:36,29.5,--,25,73750,卖盘
1622,10:06:31,29.5,--,10,29500,卖盘
1623,10:06:26,29.5,--,41,120950,卖盘
1624,10:06:21,29.5,0.05,74,218300,买盘
1625,10:06:16,29.45,--,19,55955,卖盘
1626,10:06:06,29.45,--,4,11780,卖盘
1627,10:06:01,29.45,0.02,51,150195,买盘
1628,10:05:56,29.43,-0.02,7,20601,买盘
1629,10:05:51,29.45,--,42,123690,买盘
1630,10:05:41,29.45,--,2,5890,买盘
1631,10:05:36,29.45,-0.01,2,5890,买盘
1632,10:05:30,29.46,0.01,20,58920,买盘
1633,10:05:26,29.45,--,9,26505,买盘
1634,10:05:21,29.45,-0.01,22,64790,卖盘
1635,10:05:16,29.46,0.01,19,55974,买盘
1636,10:05:01,29.45,0.04,30,88350,卖盘
1637,10:04:55,29.41,0.02,9,26469,买盘
1638,10:04:51,29.39,-0.01,8,23512,卖盘
1639,10:04:45,29.4,--,23,67620,买盘
1640,10:04:36,29.4,0.01,19,55860,买盘
1641,10:04:31,29.39,0.01,24,70536,买盘
1642,10:04:21,29.38,--,5,14690,卖盘
1643,10:04:16,29.38,0.02,36,105768,买盘
1644,10:04:10,29.36,-0.02,18,52848,卖盘
1645,10:04:06,29.38,--,1,2938,买盘
1646,10:04:00,29.38,0.01,10,29380,买盘
1647,10:03:55,29.37,0.03,26,76362,卖盘
1648,10:03:51,29.34,--,21,61614,卖盘
1649,10:03:46,29.34,-0.02,21,61614,卖盘
1650,10:03:40,29.36,0.02,2,5872,买盘
1651,10:03:36,29.34,0.04,30,88020,买盘
1652,10:03:21,29.3,--,18,52740,买盘
1653,10:03:15,29.3,--,21,61530,买盘
1654,10:03:09,29.3,0.01,14,41020,买盘
1655,10:03:06,29.29,0.05,3,8787,卖盘
1656,10:03:00,29.24,--,0,0,卖盘
1657,10:02:51,29.24,--,11,32164,卖盘
1658,10:02:45,29.24,0.01,6,17544,买盘
1659,10:02:39,29.23,0.03,10,29230,买盘
1660,10:02:35,29.2,--,0,0,卖盘
1661,10:02:20,29.2,0.01,12,35040,买盘
1662,10:02:15,29.19,0.01,24,70056,中性盘
1663,10:02:09,29.18,-0.01,20,58360,卖盘
1664,10:02:05,29.19,--,14,40866,买盘
1665,10:02:00,29.19,0.03,53,154707,买盘
1666,10:01:54,29.16,-0.03,4,11664,卖盘
1667,10:01:50,29.19,0.04,43,125517,买盘
1668,10:01:45,29.15,--,0,0,卖盘
1669,10:01:39,29.15,--,43,125345,卖盘
1670,10:01:35,29.15,-0.01,26,75790,卖盘
1671,10:01:30,29.16,0.01,8,23328,买盘
1672,10:01:24,29.15,-0.01,16,46640,卖盘
1673,10:01:20,29.16,--,10,29160,买盘
1674,10:01:15,29.16,--,18,52488,买盘
1675,10:01:09,29.16,-0.02,99,288684,卖盘
1676,10:01:05,29.18,--,1,2918,卖盘
1677,10:01:00,29.18,--,19,55442,卖盘
1678,10:00:54,29.18,0.02,26,75868,中性盘
1679,10:00:45,29.16,-0.02,13,37908,卖盘
1680,10:00:39,29.18,0.01,32,93376,买盘
1681,10:00:35,29.17,--,12,35004,买盘
1682,10:00:30,29.17,--,10,29170,买盘
1683,10:00:24,29.17,-0.01,70,204190,卖盘
1684,10:00:20,29.18,--,8,23344,买盘
1685,10:00:15,29.18,0.01,38,110884,中性盘
1686,10:00:09,29.17,-0.02,14,40838,卖盘
1687,10:00:05,29.19,--,2,5838,买盘
1688,10:00:00,29.19,--,87,253953,卖盘
1689,09:59:54,29.19,--,43,125517,卖盘
1690,09:59:45,29.19,--,5,14595,卖盘
1691,09:59:39,29.19,0.02,36,105084,中性盘
1692,09:59:35,29.17,--,17,49589,卖盘
1693,09:59:30,29.17,--,20,58340,卖盘
1694,09:59:24,29.17,-0.03,1,2917,卖盘
1695,09:59:20,29.2,-0.03,147,429240,卖盘
1696,09:59:15,29.23,-0.01,38,111074,卖盘
1697,09:59:09,29.24,--,22,64328,卖盘
1698,09:59:05,29.24,0.01,15,43860,卖盘
1699,09:59:00,29.23,--,13,37999,中性盘
1700,09:58:54,29.23,-0.01,10,29230,卖盘
1701,09:58:50,29.24,-0.03,2,5848,买盘
1702,09:58:45,29.27,-0.03,14,40978,卖盘
1703,09:58:39,29.3,--,11,32230,买盘
1704,09:58:30,29.3,0.02,167,489310,买盘
1705,09:58:24,29.28,-0.02,1,2928,卖盘
1706,09:58:20,29.3,--,14,41020,买盘
1707,09:58:15,29.3,--,157,460010,卖盘
1708,09:58:09,29.3,-0.01,6,17580,卖盘
1709,09:58:03,29.31,-0.02,10,29310,买盘
1710,09:58:00,29.33,0.02,79,231707,买盘
1711,09:57:54,29.31,-0.03,20,58620,卖盘
1712,09:57:45,29.34,0.03,3,8802,买盘
1713,09:57:39,29.31,-0.02,62,181722,卖盘
1714,09:57:30,29.33,-0.02,58,170114,卖盘
1715,09:57:24,29.35,0.04,7,20545,买盘
1716,09:57:18,29.31,-0.04,23,67413,卖盘
1717,09:57:15,29.35,-0.03,47,137945,卖盘
1718,09:57:09,29.38,0.08,62,182156,买盘
1719,09:57:03,29.3,-0.04,35,102550,卖盘
1720,09:57:00,29.34,-0.01,41,120294,中性盘
1721,09:56:54,29.35,0.05,7,20545,买盘
1722,09:56:48,29.3,--,5,14650,买盘
1723,09:56:39,29.3,0.1,110,322300,买盘
1724,09:56:33,29.2,--,10,29200,卖盘
1725,09:56:24,29.2,0.04,122,356240,买盘
1726,09:56:18,29.16,--,65,189540,买盘
1727,09:56:15,29.16,--,34,99144,买盘
1728,09:56:09,29.16,0.04,22,64152,买盘
1729,09:56:03,29.12,-0.04,3,8736,卖盘
1730,09:56:00,29.16,0.05,2,5832,中性盘
1731,09:55:54,29.11,--,15,43665,卖盘
1732,09:55:48,29.11,0.01,13,37843,买盘
1733,09:55:45,29.1,--,11,32010,卖盘
1734,09:55:39,29.1,--,53,155103,买盘
1735,09:55:33,29.1,0.02,205,596550,买盘
1736,09:55:30,29.08,--,6,17448,卖盘
1737,09:55:24,29.08,--,106,308248,买盘
1738,09:55:18,29.08,--,72,209376,买盘
1739,09:55:14,29.08,--,229,665932,买盘
1740,09:55:09,29.08,0.02,49,143160,买盘
1741,09:55:03,29.06,-0.02,484,1408741,卖盘
1742,09:54:59,29.08,-0.02,7,20356,卖盘
1743,09:54:54,29.1,0.02,144,419040,买盘
1744,09:54:48,29.08,--,177,514715,卖盘
1745,09:54:44,29.08,--,42,122136,卖盘
1746,09:54:39,29.08,-0.02,564,1640780,卖盘
1747,09:54:33,29.1,--,50,145500,买盘
1748,09:54:29,29.1,-0.01,292,849720,卖盘
1749,09:54:24,29.11,0.01,66,192126,买盘
1750,09:54:18,29.1,--,58,168780,买盘
1751,09:54:14,29.1,--,58,168780,买盘
1752,09:54:09,29.1,-0.09,265,771150,卖盘
1753,09:54:03,29.19,0.02,66,192654,买盘
1754,09:53:59,29.17,0.01,49,142933,中性盘
1755,09:53:54,29.16,--,70,204120,卖盘
1756,09:53:48,29.16,--,65,189540,卖盘
1757,09:53:44,29.16,0.13,165,481140,买盘
1758,09:53:39,29.03,-0.05,54,156762,中性盘
1759,09:53:33,29.08,-0.05,11,31987,卖盘
1760,09:53:29,29.13,--,246,716598,买盘
1761,09:53:24,29.13,0.02,84,244692,卖盘
1762,09:53:18,29.11,-0.05,49,142639,卖盘
1763,09:53:14,29.16,-0.01,4,11664,卖盘
1764,09:53:09,29.17,--,6,17502,买盘
1765,09:53:03,29.17,-0.03,70,204190,卖盘
1766,09:52:59,29.2,-0.04,71,207320,卖盘
1767,09:52:54,29.24,--,75,219300,买盘
1768,09:52:48,29.24,-0.01,26,76024,卖盘
1769,09:52:44,29.25,-0.04,21,61425,卖盘
1770,09:52:39,29.29,0.02,21,61509,买盘
1771,09:52:33,29.27,-0.03,183,535641,卖盘
1772,09:52:29,29.3,-0.03,142,416646,卖盘
1773,09:52:24,29.33,-0.01,10,29330,中性盘
1774,09:52:18,29.34,--,108,316872,卖盘
1775,09:52:14,29.34,-0.02,8,23472,卖盘
1776,09:52:09,29.36,--,69,202584,卖盘
1777,09:52:03,29.36,-0.03,90,264240,卖盘
1778,09:51:59,29.39,-0.01,1,2939,卖盘
1779,09:51:54,29.4,-0.02,194,570360,卖盘
1780,09:51:48,29.42,--,21,61782,买盘
1781,09:51:39,29.42,--,14,41188,买盘
1782,09:51:33,29.42,-0.03,36,105912,卖盘
1783,09:51:29,29.45,0.05,10,29450,买盘
1784,09:51:24,29.4,-0.05,114,335160,卖盘
1785,09:51:18,29.45,--,12,35340,买盘
1786,09:51:14,29.45,--,11,32395,买盘
1787,09:51:09,29.45,-0.05,247,727415,卖盘
1788,09:51:03,29.5,--,8,23600,买盘
1789,09:50:57,29.5,0.05,10,29500,买盘
1790,09:50:54,29.45,--,1,2945,卖盘
1791,09:50:48,29.45,--,24,70680,卖盘
1792,09:50:42,29.45,0.04,328,965960,买盘
1793,09:50:33,29.41,0.01,9,26469,买盘
1794,09:50:27,29.4,--,3,8820,卖盘
1795,09:50:24,29.4,0.01,147,432180,买盘
1796,09:50:18,29.39,0.03,23,67597,买盘
1797,09:50:12,29.36,-0.03,106,311216,卖盘
1798,09:50:09,29.39,-0.04,51,149889,卖盘
1799,09:50:03,29.43,0.03,49,144207,买盘
1800,09:49:57,29.4,--,22,64680,买盘
1801,09:49:54,29.4,-0.03,304,893760,卖盘
1802,09:49:48,29.43,0.03,348,1024164,买盘
1803,09:49:42,29.4,--,2,5880,卖盘
1804,09:49:39,29.4,--,3,8820,卖盘
1805,09:49:33,29.4,--,678,1993320,买盘
1806,09:49:27,29.4,--,4,11760,买盘
1807,09:49:24,29.4,0.04,134,393960,买盘
1808,09:49:18,29.36,--,76,223136,买盘
1809,09:49:12,29.36,0.01,23,67528,买盘
1810,09:49:09,29.35,-0.01,390,1144650,卖盘
1811,09:49:03,29.36,--,12,35232,买盘
1812,09:48:57,29.36,0.01,2,5872,买盘
1813,09:48:54,29.35,--,14,41090,卖盘
1814,09:48:48,29.35,--,21,61635,买盘
1815,09:48:42,29.35,--,9,26415,买盘
1816,09:48:39,29.35,--,22,64570,买盘
1817,09:48:33,29.35,--,42,123270,买盘
1818,09:48:27,29.35,0.02,60,176100,买盘
1819,09:48:23,29.33,--,3,8799,卖盘
1820,09:48:18,29.33,0.03,114,336708,买盘
1821,09:48:12,29.3,-0.01,14,41020,卖盘
1822,09:48:08,29.31,-0.04,138,404478,卖盘
1823,09:48:03,29.35,-0.01,93,272955,买盘
1824,09:47:57,29.36,--,4,11744,买盘
1825,09:47:53,29.36,0.01,92,270112,买盘
1826,09:47:48,29.35,-0.05,30,88050,卖盘
1827,09:47:42,29.4,--,34,99960,买盘
1828,09:47:38,29.4,0.02,40,117600,买盘
1829,09:47:33,29.38,-0.05,153,449514,卖盘
1830,09:47:27,29.43,-0.02,9,26487,卖盘
1831,09:47:23,29.45,0.05,14,41230,买盘
1832,09:47:18,29.4,-0.08,581,1708140,卖盘
1833,09:47:12,29.48,-0.02,2,5896,中性盘
1834,09:47:08,29.5,--,2,5900,买盘
1835,09:47:03,29.5,--,108,318600,买盘
1836,09:46:57,29.5,-0.03,82,241900,卖盘
1837,09:46:53,29.53,0.01,7,20671,买盘
1838,09:46:48,29.52,-0.01,56,165312,中性盘
1839,09:46:42,29.53,--,516,1523748,卖盘
1840,09:46:38,29.53,-0.02,11,32483,卖盘
1841,09:46:33,29.55,--,44,130020,买盘
1842,09:46:27,29.55,0.02,2,5910,买盘
1843,09:46:23,29.53,-0.02,10,29530,卖盘
1844,09:46:18,29.55,--,82,242310,卖盘
1845,09:46:12,29.55,--,63,186165,卖盘
1846,09:46:08,29.55,--,6,17730,卖盘
1847,09:46:03,29.55,-0.01,6,17730,卖盘
1848,09:45:57,29.56,-0.03,7,20692,中性盘
1849,09:45:53,29.59,0.01,129,381711,买盘
1850,09:45:48,29.58,0.02,26,76908,中性盘
1851,09:45:42,29.56,-0.02,309,913404,卖盘
1852,09:45:38,29.58,--,7,20706,卖盘
1853,09:45:33,29.58,--,53,156774,买盘
1854,09:45:27,29.58,-0.01,35,103530,卖盘
1855,09:45:23,29.59,-0.01,5,14795,卖盘
1856,09:45:18,29.6,0.01,16,47360,买盘
1857,09:45:12,29.59,-0.01,1,2959,卖盘
1858,09:45:08,29.6,--,113,334480,卖盘
1859,09:45:03,29.6,--,41,121360,卖盘
1860,09:44:57,29.6,--,114,337440,买盘
1861,09:44:48,29.6,--,5,14800,买盘
1862,09:44:42,29.6,-0.05,248,734080,卖盘
1863,09:44:38,29.65,-0.01,4,11860,卖盘
1864,09:44:33,29.66,0.02,2,5932,卖盘
1865,09:44:27,29.64,-0.01,85,251940,卖盘
1866,09:44:23,29.65,--,5,14825,买盘
1867,09:44:18,29.65,0.04,8,23720,买盘
1868,09:44:12,29.61,-0.09,113,334593,卖盘
1869,09:44:08,29.7,0.07,325,965250,买盘
1870,09:44:03,29.63,-0.02,97,287411,卖盘
1871,09:43:57,29.65,--,33,97845,卖盘
1872,09:43:51,29.65,-0.05,5,14825,卖盘
1873,09:43:48,29.7,0.05,11,32670,买盘
1874,09:43:42,29.65,-0.05,5,14825,中性盘
1875,09:43:33,29.7,0.05,31,92070,买盘
1876,09:43:27,29.65,--,13,38545,买盘
1877,09:43:18,29.65,-0.06,331,981415,卖盘
1878,09:43:12,29.71,-0.03,11,32681,卖盘
1879,09:43:06,29.74,--,0,0,买盘
1880,09:43:03,29.74,0.03,9,26766,买盘
1881,09:42:57,29.71,-0.02,34,101014,卖盘
1882,09:42:51,29.73,--,70,208110,买盘
1883,09:42:48,29.73,-0.01,5,14865,中性盘
1884,09:42:42,29.74,--,27,80298,买盘
1885,09:42:36,29.74,--,1,2974,买盘
1886,09:42:33,29.74,-0.01,25,74350,中性盘
1887,09:42:27,29.75,--,7,20825,买盘
1888,09:42:21,29.75,0.01,24,71400,买盘
1889,09:42:17,29.74,--,30,89220,买盘
1890,09:42:06,29.74,0.01,32,95168,买盘
1891,09:42:03,29.73,--,12,35676,卖盘
1892,09:41:57,29.73,--,12,35676,卖盘
1893,09:41:51,29.73,--,3,8919,卖盘
1894,09:41:48,29.73,--,13,38649,卖盘
1895,09:41:42,29.73,-0.01,16,47568,卖盘
1896,09:41:36,29.74,--,30,89220,买盘
1897,09:41:32,29.74,-0.01,22,65428,卖盘
1898,09:41:27,29.75,--,7,20825,买盘
1899,09:41:12,29.75,-0.01,7,20825,卖盘
1900,09:41:06,29.76,--,6,17856,卖盘
1901,09:40:57,29.76,-0.04,1,2976,卖盘
1902,09:40:51,29.8,0.05,23,68540,买盘
1903,09:40:47,29.75,-0.01,26,77350,卖盘
1904,09:40:42,29.76,--,4,11904,卖盘
1905,09:40:36,29.76,--,4,11904,卖盘
1906,09:40:27,29.76,-0.04,3,8928,卖盘
1907,09:40:17,29.8,0.04,18,53640,买盘
1908,09:40:12,29.76,-0.04,40,119040,卖盘
1909,09:40:06,29.8,-0.01,8,23840,卖盘
1910,09:40:02,29.81,0.01,4,11924,买盘
1911,09:39:57,29.8,--,57,169860,卖盘
1912,09:39:51,29.8,--,3,8940,卖盘
1913,09:39:47,29.8,-0.01,6,17880,卖盘
1914,09:39:42,29.81,0.01,4,11924,买盘
1915,09:39:32,29.8,--,18,53640,卖盘
1916,09:39:27,29.8,--,35,104300,卖盘
1917,09:39:21,29.8,0.04,25,74500,买盘
1918,09:39:17,29.76,--,23,68448,卖盘
1919,09:39:12,29.76,0.01,1,2976,中性盘
1920,09:39:06,29.75,-0.05,12,35700,卖盘
1921,09:39:02,29.8,0.04,10,29800,买盘
1922,09:38:57,29.76,-0.04,3,8928,中性盘
1923,09:38:51,29.8,--,28,83440,买盘
1924,09:38:47,29.8,0.05,1,2980,买盘
1925,09:38:42,29.75,--,113,336175,卖盘
1926,09:38:36,29.75,-0.08,13,38675,卖盘
1927,09:38:27,29.83,0.13,6,17898,买盘
1928,09:38:21,29.7,-0.03,156,463320,卖盘
1929,09:38:17,29.73,--,5,14865,卖盘
1930,09:38:12,29.73,0.03,73,217029,买盘
1931,09:37:57,29.7,0.01,71,210870,买盘
1932,09:37:51,29.69,0.02,14,41566,买盘
1933,09:37:47,29.67,--,9,26703,买盘
1934,09:37:42,29.67,-0.02,12,35604,卖盘
1935,09:37:36,29.69,0.02,235,697715,买盘
1936,09:37:32,29.67,-0.02,40,118680,卖盘
1937,09:37:27,29.69,-0.01,39,115791,中性盘
1938,09:37:21,29.7,0.01,70,207900,买盘
1939,09:37:17,29.69,-0.01,10,29690,卖盘
1940,09:37:12,29.7,--,20,59400,买盘
1941,09:37:06,29.7,--,14,41580,买盘
1942,09:37:00,29.7,0.01,4,11880,买盘
1943,09:36:57,29.69,-0.06,40,118760,卖盘
1944,09:36:51,29.75,--,53,157675,买盘
1945,09:36:42,29.75,0.02,1,2975,买盘
1946,09:36:36,29.73,-0.12,6,17838,卖盘
1947,09:36:30,29.85,0.12,2,5970,卖盘
1948,09:36:27,29.73,-0.12,200,594600,卖盘
1949,09:36:21,29.85,0.15,13,38805,买盘
1950,09:36:12,29.7,--,25,74250,买盘
1951,09:36:06,29.7,-0.13,176,522720,卖盘
1952,09:36:00,29.83,--,21,62643,买盘
1953,09:35:56,29.83,0.1,4,11932,买盘
1954,09:35:51,29.73,-0.02,70,208110,卖盘
1955,09:35:42,29.75,-0.08,4,11900,中性盘
1956,09:35:36,29.83,0.1,13,38779,买盘
1957,09:35:30,29.73,0.02,80,237840,买盘
1958,09:35:27,29.71,-0.02,8,23768,卖盘
1959,09:35:21,29.73,0.03,2,5946,买盘
1960,09:35:15,29.7,--,52,154440,卖盘
1961,09:35:11,29.7,0.01,15,44550,买盘
1962,09:35:06,29.69,-0.01,4,11876,买盘
1963,09:35:00,29.7,0.05,5,14850,中性盘
1964,09:34:57,29.65,--,46,136390,卖盘
1965,09:34:51,29.65,-0.04,61,180865,卖盘
1966,09:34:41,29.69,-0.01,16,47504,卖盘
1967,09:34:36,29.7,-0.02,57,169290,卖盘
1968,09:34:30,29.72,0.02,3,8916,买盘
1969,09:34:26,29.7,--,31,92070,卖盘
1970,09:34:21,29.7,--,3,8910,卖盘
1971,09:34:15,29.7,--,11,32670,卖盘
1972,09:34:11,29.7,0.05,138,409860,买盘
1973,09:34:06,29.65,0.01,53,157145,买盘
1974,09:34:00,29.64,--,15,44460,卖盘
1975,09:33:56,29.64,-0.06,12,35568,卖盘
1976,09:33:51,29.7,0.06,57,169290,买盘
1977,09:33:45,29.64,-0.05,10,29640,中性盘
1978,09:33:41,29.69,0.07,11,32659,买盘
1979,09:33:36,29.62,0.01,1,2962,卖盘
1980,09:33:30,29.61,--,5,14805,卖盘
1981,09:33:26,29.61,--,9,26649,卖盘
1982,09:33:21,29.61,--,34,100674,买盘
1983,09:33:15,29.61,--,67,198387,买盘
1984,09:33:11,29.61,--,2,5922,买盘
1985,09:33:06,29.61,-0.07,36,106596,卖盘
1986,09:33:00,29.68,0.07,3,8904,中性盘
1987,09:32:51,29.61,0.06,40,118440,中性盘
1988,09:32:45,29.55,-0.06,42,124110,卖盘
1989,09:32:41,29.61,--,16,47376,买盘
1990,09:32:36,29.61,0.09,62,183582,买盘
1991,09:32:30,29.52,-0.02,60,177120,中性盘
1992,09:32:26,29.54,0.03,12,35448,中性盘
1993,09:32:21,29.51,-0.04,21,61971,卖盘
1994,09:32:15,29.55,0.04,61,180255,中性盘
1995,09:32:11,29.51,-0.1,156,460356,卖盘
1996,09:32:06,29.61,0.02,56,165816,买盘
1997,09:32:00,29.59,-0.02,27,79893,卖盘
1998,09:31:56,29.61,--,19,56259,买盘
1999,09:31:51,29.61,-0.04,19,56259,卖盘
2000,09:31:45,29.65,0.04,84,249060,中性盘
2001,09:31:41,29.61,-0.05,21,62181,卖盘
2002,09:31:36,29.66,0.03,4,11864,买盘
2003,09:31:30,29.63,-0.05,29,85927,卖盘
2004,09:31:26,29.68,-0.02,52,154336,卖盘
2005,09:31:21,29.7,0.01,78,231660,中性盘
2006,09:31:15,29.69,-0.01,27,80163,卖盘
2007,09:31:11,29.7,-0.01,1,2970,卖盘
2008,09:31:06,29.71,--,66,196086,买盘
2009,09:31:00,29.71,--,37,109927,卖盘
2010,09:30:56,29.71,-0.02,15,44565,卖盘
2011,09:30:51,29.73,0.01,13,38649,买盘
2012,09:30:45,29.72,-0.04,77,228844,卖盘
2013,09:30:41,29.76,--,9,26784,买盘
2014,09:30:36,29.76,-0.02,27,80352,卖盘
2015,09:30:30,29.78,0.01,34,101252,中性盘
2016,09:30:26,29.77,-0.03,32,95264,卖盘
2017,09:30:21,29.8,-0.02,11,32780,卖盘
2018,09:30:15,29.82,--,9,26838,买盘
2019,09:30:09,29.82,-0.03,2,5964,卖盘
2020,09:30:06,29.85,--,216,644760,买盘
2021,09:28:44,29.85,--,0,0,买盘
2022,09:25:08,29.85,29.85,329,982065,买盘
