,time,price,change,volume,amount,type
0,15:00:00,8.57,--,0,0,买盘
1,15:00:00,8.57,--,55,47135,买盘
2,15:00:00,8.57,--,55,47135,买盘
3,14:59:55,8.57,--,58,49706,买盘
4,14:59:49,8.57,0.01,459,393363,买盘
5,14:59:45,8.56,-0.01,79,67624,卖盘
6,14:59:40,8.57,--,121,103697,买盘
7,14:59:34,8.57,-0.01,231,197967,卖盘
8,14:59:30,8.58,--,23,19734,买盘
9,14:59:25,8.58,0.01,466,399828,买盘
10,14:59:19,8.57,--,218,186826,卖盘
11,14:59:15,8.57,--,76,65132,卖盘
12,14:59:10,8.57,--,799,684743,买盘
13,14:59:04,8.57,--,1355,1161235,买盘
14,14:59:00,8.57,--,80,68560,买盘
15,14:58:55,8.57,0.01,121,103697,买盘
16,14:58:49,8.56,-0.01,374,320144,卖盘
17,14:58:45,8.57,0.01,153,131121,买盘
18,14:58:40,8.56,--,628,537568,卖盘
19,14:58:34,8.56,--,132,112992,卖盘
20,14:58:30,8.56,--,225,192600,卖盘
21,14:58:25,8.56,--,20,17120,卖盘
22,14:58:19,8.56,--,139,118984,卖盘
23,14:58:15,8.56,0.01,207,177192,买盘
24,14:58:10,8.55,-0.01,126,107730,卖盘
25,14:58:04,8.56,0.01,425,363800,买盘
26,14:58:00,8.55,--,232,198360,卖盘
27,14:57:55,8.55,-0.01,200,171000,卖盘
28,14:57:49,8.56,0.01,55,47080,买盘
29,14:57:45,8.55,--,332,283860,卖盘
30,14:57:40,8.55,-0.01,5,4275,卖盘
31,14:57:34,8.56,0.01,589,504184,买盘
32,14:57:30,8.55,-0.01,315,269325,卖盘
33,14:57:25,8.56,--,312,267072,买盘
34,14:57:19,8.56,0.01,82,70192,买盘
35,14:57:15,8.55,--,386,330030,买盘
36,14:57:09,8.55,--,10,8550,买盘
37,14:57:04,8.55,--,220,188100,卖盘
38,14:56:59,8.55,-0.01,230,196650,卖盘
39,14:56:54,8.56,0.01,166,142096,买盘
40,14:56:49,8.55,--,588,502740,买盘
41,14:56:44,8.55,0.01,137,117135,买盘
42,14:56:39,8.54,-0.01,198,169091,卖盘
43,14:56:34,8.55,--,202,172710,卖盘
44,14:56:29,8.55,--,93,79515,卖盘
45,14:56:24,8.55,0.01,201,171855,买盘
46,14:56:19,8.54,--,291,248513,卖盘
47,14:56:14,8.54,--,92,78567,卖盘
48,14:56:09,8.54,--,102,87107,卖盘
49,14:56:04,8.54,--,150,128099,卖盘
50,14:55:59,8.54,--,272,232287,买盘
51,14:55:54,8.54,--,16,13663,买盘
52,14:55:49,8.54,--,17,14517,买盘
53,14:55:44,8.54,--,77,65758,卖盘
54,14:55:39,8.54,-0.02,207,176777,卖盘
55,14:55:34,8.56,0.01,66,56496,买盘
56,14:55:29,8.55,--,785,671175,买盘
57,14:55:24,8.55,--,365,312075,买盘
58,14:55:19,8.55,--,159,135945,买盘
59,14:55:14,8.55,--,71,60705,中性盘
60,14:55:09,8.55,--,13,11115,卖盘
61,14:55:04,8.55,--,79,67545,卖盘
62,14:54:59,8.55,-0.01,120,102600,卖盘
63,14:54:54,8.56,--,5,4280,买盘
64,14:54:49,8.56,0.01,593,507608,买盘
65,14:54:44,8.55,--,96,82080,买盘
66,14:54:39,8.55,0.01,15,12825,中性盘
67,14:54:34,8.54,-0.01,686,585843,卖盘
68,14:54:29,8.55,-0.01,177,151335,卖盘
69,14:54:24,8.56,0.02,77,65912,买盘
70,14:54:19,8.54,-0.01,1064,908655,卖盘
71,14:54:14,8.55,--,115,98325,买盘
72,14:54:09,8.55,--,33,28215,买盘
73,14:54:04,8.55,--,156,133380,卖盘
74,14:53:59,8.55,--,102,87210,卖盘
75,14:53:54,8.55,--,99,84645,卖盘
76,14:53:49,8.55,--,33,28215,卖盘
77,14:53:44,8.55,0.01,406,347130,买盘
78,14:53:39,8.54,-0.01,113,96501,卖盘
79,14:53:34,8.55,--,350,299250,买盘
80,14:53:29,8.55,0.01,289,247095,买盘
81,14:53:24,8.54,--,84,71736,卖盘
82,14:53:19,8.54,--,66,56363,卖盘
83,14:53:13,8.54,--,329,280966,卖盘
84,14:53:09,8.54,--,65,55509,卖盘
85,14:53:04,8.54,-0.01,110,93939,卖盘
86,14:52:58,8.55,--,58,49590,买盘
87,14:52:54,8.55,--,108,92340,买盘
88,14:52:49,8.55,--,110,94050,买盘
89,14:52:43,8.55,0.01,354,302670,买盘
90,14:52:39,8.54,-0.01,12,10247,卖盘
91,14:52:34,8.55,--,605,517275,卖盘
92,14:52:28,8.55,--,65,55575,卖盘
93,14:52:24,8.55,--,4,3420,卖盘
94,14:52:19,8.55,--,176,150480,卖盘
95,14:52:13,8.55,--,125,106875,买盘
96,14:52:09,8.55,0.01,20,17100,买盘
97,14:52:04,8.54,--,148,126391,卖盘
98,14:51:58,8.54,-0.01,288,245951,卖盘
99,14:51:54,8.55,--,16,13680,买盘
100,14:51:49,8.55,--,31,26505,买盘
101,14:51:43,8.55,0.01,265,226575,买盘
102,14:51:39,8.54,-0.01,150,128099,卖盘
103,14:51:34,8.55,0.01,185,158175,买盘
104,14:51:28,8.54,--,18,15371,卖盘
105,14:51:24,8.54,--,122,104187,卖盘
106,14:51:19,8.54,--,30,25619,卖盘
107,14:51:13,8.54,--,360,307439,买盘
108,14:51:09,8.54,0.01,23,19641,买盘
109,14:51:04,8.53,-0.01,91,77623,卖盘
110,14:50:58,8.54,--,253,216061,买盘
111,14:50:54,8.54,0.01,294,251075,买盘
112,14:50:49,8.53,-0.01,19,16206,卖盘
113,14:50:43,8.54,--,241,205813,买盘
114,14:50:39,8.54,0.01,22,18787,买盘
115,14:50:34,8.53,--,1,852,卖盘
116,14:50:28,8.53,--,52,44356,卖盘
117,14:50:24,8.53,--,537,458060,买盘
118,14:50:18,8.53,--,5,4265,买盘
119,14:50:13,8.53,0.01,28,23884,买盘
120,14:50:09,8.52,--,165,140580,卖盘
121,14:50:03,8.52,--,64,54528,卖盘
122,14:49:58,8.52,--,11,9925,卖盘
123,14:49:53,8.52,--,28,23856,卖盘
124,14:49:48,8.52,0.01,2,1704,买盘
125,14:49:43,8.51,-0.01,541,460391,卖盘
126,14:49:38,8.52,--,103,87756,买盘
127,14:49:33,8.52,0.01,259,220668,买盘
128,14:49:28,8.51,-0.01,4,3404,卖盘
129,14:49:23,8.52,0.01,30,25560,买盘
130,14:49:18,8.51,--,18,15318,卖盘
131,14:49:13,8.51,-0.01,55,46805,中性盘
132,14:49:08,8.52,0.01,560,477120,买盘
133,14:49:03,8.51,--,112,95312,买盘
134,14:48:58,8.51,0.01,136,115736,买盘
135,14:48:53,8.5,--,109,92650,买盘
136,14:48:48,8.5,--,65,55250,买盘
137,14:48:43,8.5,--,404,343400,买盘
138,14:48:38,8.5,--,104,88400,买盘
139,14:48:33,8.5,--,184,156400,买盘
140,14:48:28,8.5,--,521,442850,买盘
141,14:48:23,8.5,--,38,32300,买盘
142,14:48:13,8.5,--,37,31450,买盘
143,14:48:08,8.5,--,131,111350,卖盘
144,14:47:58,8.5,--,147,124950,卖盘
145,14:47:53,8.5,--,35,29750,卖盘
146,14:47:48,8.5,--,300,255000,买盘
147,14:47:43,8.5,--,29,24650,买盘
148,14:47:38,8.5,--,66,56100,买盘
149,14:47:33,8.5,--,1,850,买盘
150,14:47:28,8.5,-0.01,591,502350,买盘
151,14:47:23,8.51,0.01,52,44252,买盘
152,14:47:18,8.5,--,2,1700,卖盘
153,14:47:13,8.5,--,27,22950,卖盘
154,14:47:08,8.5,0.01,320,272000,买盘
155,14:47:03,8.49,-0.01,35,29715,卖盘
156,14:46:53,8.5,--,0,0,买盘
157,14:46:48,8.5,0.02,4,3400,买盘
158,14:46:43,8.48,-0.01,808,685184,卖盘
159,14:46:38,8.49,--,4,3396,卖盘
160,14:46:33,8.49,--,493,418557,买盘
161,14:46:28,8.49,--,7,5943,买盘
162,14:46:23,8.49,--,50,42450,买盘
163,14:46:18,8.49,0.01,4,3396,买盘
164,14:46:13,8.48,-0.01,3,2544,卖盘
165,14:46:07,8.49,--,214,181686,买盘
166,14:46:03,8.49,--,14,11886,买盘
167,14:45:58,8.49,0.01,3,2547,买盘
168,14:45:52,8.48,--,27,22896,卖盘
169,14:45:48,8.48,--,7,5936,卖盘
170,14:45:43,8.48,-0.01,2,1696,卖盘
171,14:45:37,8.49,--,14,11886,买盘
172,14:45:33,8.49,--,245,208005,买盘
173,14:45:28,8.49,--,119,101031,买盘
174,14:45:22,8.49,--,61,51789,买盘
175,14:45:18,8.49,--,651,552699,卖盘
176,14:45:13,8.49,--,1010,857490,卖盘
177,14:45:07,8.49,-0.01,5,4245,卖盘
178,14:45:03,8.5,--,1,850,买盘
179,14:44:58,8.5,--,10,8500,买盘
180,14:44:52,8.5,--,3,2550,买盘
181,14:44:48,8.5,0.01,128,108800,买盘
182,14:44:43,8.49,--,20,16980,卖盘
183,14:44:37,8.49,-0.01,20,16980,卖盘
184,14:44:33,8.5,0.01,20,17000,买盘
185,14:44:28,8.49,-0.01,14,11886,卖盘
186,14:44:22,8.5,0.01,250,212500,买盘
187,14:44:18,8.49,--,151,128199,卖盘
188,14:44:07,8.49,--,8,6792,卖盘
189,14:44:03,8.49,--,655,556095,买盘
190,14:43:57,8.49,0.01,31,26319,买盘
191,14:43:52,8.48,-0.01,22,18656,卖盘
192,14:43:48,8.49,0.01,23,19527,买盘
193,14:43:42,8.48,-0.01,50,42400,卖盘
194,14:43:33,8.49,0.01,33,28017,买盘
195,14:43:22,8.48,-0.01,210,178080,卖盘
196,14:43:12,8.49,0.01,9,7641,买盘
197,14:43:07,8.48,--,232,196736,卖盘
198,14:43:03,8.48,-0.01,25,21200,卖盘
199,14:42:52,8.49,--,26,22074,买盘
200,14:42:48,8.49,--,36,30564,卖盘
201,14:42:42,8.49,--,3,2547,卖盘
202,14:42:37,8.49,-0.01,30,25470,卖盘
203,14:42:33,8.5,0.01,198,168300,买盘
204,14:42:27,8.49,--,200,169800,卖盘
205,14:42:22,8.49,-0.01,34,28866,卖盘
206,14:42:17,8.5,0.01,53,45050,买盘
207,14:42:12,8.49,--,5,4245,卖盘
208,14:42:07,8.49,-0.01,27,22923,中性盘
209,14:42:02,8.5,--,55,46750,买盘
210,14:41:57,8.5,0.02,4,3400,买盘
211,14:41:52,8.48,-0.01,76,64448,卖盘
212,14:41:47,8.49,--,7,5943,卖盘
213,14:41:42,8.49,--,118,100182,买盘
214,14:41:37,8.49,--,62,52638,卖盘
215,14:41:32,8.49,-0.01,66,56034,中性盘
216,14:41:27,8.5,--,35,29750,买盘
217,14:41:22,8.5,0.01,178,151300,买盘
218,14:41:17,8.49,--,60,50940,买盘
219,14:41:12,8.49,--,1,849,买盘
220,14:41:07,8.49,--,24,20376,买盘
221,14:41:02,8.49,-0.01,163,138387,卖盘
222,14:40:57,8.5,--,6,5100,买盘
223,14:40:47,8.5,--,43,36550,卖盘
224,14:40:42,8.5,--,10,8500,卖盘
225,14:40:37,8.5,--,33,28050,买盘
226,14:40:32,8.5,--,10,8500,买盘
227,14:40:27,8.5,--,43,36550,卖盘
228,14:40:22,8.5,--,102,86700,卖盘
229,14:40:17,8.5,--,144,122400,买盘
230,14:40:12,8.5,--,44,37400,买盘
231,14:40:07,8.5,--,157,133450,买盘
232,14:40:02,8.5,0.01,16,13600,买盘
233,14:39:52,8.49,-0.01,66,56034,卖盘
234,14:39:47,8.5,-0.01,52,44200,中性盘
235,14:39:42,8.51,0.01,460,391460,买盘
236,14:39:37,8.5,--,79,67150,买盘
237,14:39:32,8.5,--,286,243100,卖盘
238,14:39:27,8.5,--,183,155550,买盘
239,14:39:22,8.5,--,61,51850,买盘
240,14:39:17,8.5,0.01,82,69700,买盘
241,14:39:12,8.49,-0.01,19,16131,卖盘
242,14:39:07,8.5,--,294,249900,买盘
243,14:39:02,8.5,--,220,187000,买盘
244,14:38:57,8.5,--,7,5950,买盘
245,14:38:52,8.5,--,15,12750,卖盘
246,14:38:46,8.5,--,88,74800,卖盘
247,14:38:42,8.5,--,335,284750,买盘
248,14:38:31,8.5,-0.01,68,57800,卖盘
249,14:38:27,8.51,0.01,6,5106,买盘
250,14:38:22,8.5,--,3,2550,卖盘
251,14:38:16,8.5,--,49,41650,买盘
252,14:38:12,8.5,--,116,98600,买盘
253,14:38:01,8.5,--,184,156400,买盘
254,14:37:57,8.5,0.01,55,46750,买盘
255,14:37:52,8.49,-0.01,15,12735,卖盘
256,14:37:46,8.5,--,24,20400,买盘
257,14:37:42,8.5,--,93,79050,买盘
258,14:37:37,8.5,--,30,25500,买盘
259,14:37:31,8.5,0.01,152,129200,买盘
260,14:37:27,8.49,--,20,16980,卖盘
261,14:37:21,8.49,-0.01,10,8490,卖盘
262,14:37:16,8.5,--,219,186150,买盘
263,14:37:12,8.5,0.01,138,117300,买盘
264,14:37:06,8.49,--,128,108672,卖盘
265,14:37:01,8.49,-0.01,20,16980,卖盘
266,14:36:57,8.5,0.01,50,42500,买盘
267,14:36:51,8.49,-0.01,244,207156,卖盘
268,14:36:46,8.5,--,210,178500,买盘
269,14:36:42,8.5,0.02,122,103700,买盘
270,14:36:36,8.48,--,58,49184,买盘
271,14:36:31,8.48,-0.02,90,76320,卖盘
272,14:36:26,8.5,0.01,249,211650,买盘
273,14:36:21,8.49,0.01,68,57732,买盘
274,14:36:16,8.48,-0.01,110,93280,卖盘
275,14:36:11,8.49,--,44,37356,买盘
276,14:36:01,8.49,0.01,39,33111,买盘
277,14:35:56,8.48,-0.01,25,21200,卖盘
278,14:35:51,8.49,--,23,19527,买盘
279,14:35:41,8.49,0.01,30,25470,买盘
280,14:35:31,8.48,--,81,68688,卖盘
281,14:35:26,8.48,--,61,51728,卖盘
282,14:35:16,8.48,-0.01,170,144160,卖盘
283,14:35:11,8.49,--,15,12735,买盘
284,14:34:56,8.49,--,15,12735,买盘
285,14:34:51,8.49,--,5,4245,卖盘
286,14:34:46,8.49,--,110,93390,卖盘
287,14:34:41,8.49,--,13,11037,卖盘
288,14:34:31,8.49,--,28,23772,卖盘
289,14:34:26,8.49,--,411,348939,买盘
290,14:34:21,8.49,--,6,5094,买盘
291,14:34:16,8.49,--,21,17829,买盘
292,14:34:11,8.49,--,42,35658,买盘
293,14:34:06,8.49,-0.01,152,129048,卖盘
294,14:34:01,8.5,0.01,37,31450,买盘
295,14:33:56,8.49,--,132,112068,买盘
296,14:33:51,8.49,0.01,91,77259,买盘
297,14:33:46,8.48,-0.01,42,35616,卖盘
298,14:33:41,8.49,--,172,146028,买盘
299,14:33:36,8.49,--,8,6792,买盘
300,14:33:31,8.49,0.01,340,288660,买盘
301,14:33:26,8.48,0.01,107,90736,买盘
302,14:33:16,8.47,--,30,25410,卖盘
303,14:33:06,8.47,--,323,273581,买盘
304,14:33:01,8.47,--,13,11011,买盘
305,14:32:56,8.47,--,39,33033,买盘
306,14:32:51,8.47,--,1,847,买盘
307,14:32:46,8.47,0.01,24,20328,买盘
308,14:32:36,8.46,--,47,39762,卖盘
309,14:32:31,8.46,0.01,150,126900,买盘
310,14:32:26,8.45,--,571,482494,买盘
311,14:32:21,8.45,-0.01,81,68445,卖盘
312,14:32:16,8.46,--,0,0,买盘
313,14:32:10,8.46,0.01,7,5922,买盘
314,14:32:06,8.45,--,100,84500,买盘
315,14:32:01,8.45,0.01,8,6759,买盘
316,14:31:55,8.44,--,12,10128,卖盘
317,14:31:51,8.44,--,87,73428,买盘
318,14:31:46,8.44,--,36,30384,买盘
319,14:31:41,8.44,--,11,9284,买盘
320,14:31:36,8.44,0.02,23,19412,买盘
321,14:31:25,8.42,--,80,67705,买盘
322,14:31:21,8.42,--,325,273650,买盘
323,14:31:16,8.42,--,33,27786,买盘
324,14:31:10,8.42,--,426,358692,买盘
325,14:31:06,8.42,--,112,94304,买盘
326,14:31:00,8.42,--,7,5894,买盘
327,14:30:55,8.42,--,195,164190,卖盘
328,14:30:51,8.42,--,167,140614,买盘
329,14:30:45,8.42,--,102,85884,买盘
330,14:30:40,8.42,--,688,579296,买盘
331,14:30:36,8.42,-0.01,474,399108,卖盘
332,14:30:30,8.43,--,497,418971,买盘
333,14:30:21,8.43,0.01,254,214122,买盘
334,14:30:15,8.42,--,227,191134,买盘
335,14:30:10,8.42,--,851,716542,买盘
336,14:30:05,8.42,--,6,5052,买盘
337,14:29:50,8.42,--,22,18524,买盘
338,14:29:35,8.42,0.01,5,4210,买盘
339,14:29:30,8.41,-0.01,41,34481,卖盘
340,14:29:25,8.42,--,26,21892,买盘
341,14:29:20,8.42,0.01,20,16840,买盘
342,14:29:10,8.41,-0.01,820,689620,卖盘
343,14:29:05,8.42,--,33,27786,买盘
344,14:29:00,8.42,--,35,29470,买盘
345,14:28:55,8.42,--,2,1684,买盘
346,14:28:50,8.42,--,44,37048,买盘
347,14:28:45,8.42,--,8,6736,买盘
348,14:28:40,8.42,-0.01,561,472362,卖盘
349,14:28:35,8.43,0.01,15,12645,买盘
350,14:28:30,8.42,-0.01,9,7578,卖盘
351,14:28:25,8.43,--,14,11802,买盘
352,14:28:20,8.43,--,7,5901,买盘
353,14:28:15,8.43,--,2,1686,买盘
354,14:28:10,8.43,--,67,56481,买盘
355,14:28:05,8.43,--,7,5901,买盘
356,14:27:55,8.43,0.01,86,72498,买盘
357,14:27:50,8.42,--,115,96830,买盘
358,14:27:40,8.42,--,514,432788,买盘
359,14:27:35,8.42,--,33,27786,买盘
360,14:27:30,8.42,--,95,79990,买盘
361,14:27:25,8.42,--,31,26102,买盘
362,14:27:20,8.42,-0.02,634,533828,卖盘
363,14:27:15,8.44,--,5,4220,买盘
364,14:27:10,8.44,0.01,8,6752,买盘
365,14:27:00,8.43,--,10,8430,买盘
366,14:26:50,8.43,0.01,41,34563,买盘
367,14:26:45,8.42,--,43,36206,买盘
368,14:26:40,8.42,--,345,290490,买盘
369,14:26:35,8.42,--,68,57256,买盘
370,14:26:30,8.42,--,60,50520,买盘
371,14:26:25,8.42,--,23,19366,买盘
372,14:26:20,8.42,--,47,39574,买盘
373,14:26:15,8.42,--,8,6736,买盘
374,14:26:10,8.42,--,94,79148,买盘
375,14:26:05,8.42,0.01,132,111144,买盘
376,14:26:00,8.41,-0.01,20,16820,卖盘
377,14:25:50,8.42,0.01,50,42100,买盘
378,14:25:45,8.41,--,20,16820,买盘
379,14:25:40,8.41,0.01,1231,1035271,买盘
380,14:25:35,8.4,-0.02,2039,1712760,卖盘
381,14:25:30,8.42,--,3,2526,买盘
382,14:25:20,8.42,--,10,8420,买盘
383,14:25:10,8.42,0.02,18,15156,买盘
384,14:25:05,8.4,--,206,173040,买盘
385,14:25:00,8.4,--,150,126000,买盘
386,14:24:55,8.4,--,27,22680,买盘
387,14:24:50,8.4,--,626,525840,买盘
388,14:24:45,8.4,-0.02,493,414120,卖盘
389,14:24:30,8.42,--,36,30312,买盘
390,14:24:25,8.42,--,5,4210,买盘
391,14:24:20,8.42,0.02,58,48836,中性盘
392,14:24:15,8.4,-0.01,145,121800,卖盘
393,14:24:05,8.41,0.01,80,67448,买盘
394,14:24:00,8.4,-0.02,1541,1294440,卖盘
395,14:23:55,8.42,--,20,16840,买盘
396,14:23:49,8.42,--,664,559088,买盘
397,14:23:45,8.42,--,109,91778,买盘
398,14:23:39,8.42,0.01,11,9262,买盘
399,14:23:34,8.41,-0.01,263,221183,卖盘
400,14:23:29,8.42,--,33,27786,买盘
401,14:23:24,8.42,--,511,430683,买盘
402,14:23:19,8.42,--,46,38732,买盘
403,14:23:15,8.42,--,574,483308,买盘
404,14:23:09,8.42,0.01,71,59782,买盘
405,14:23:04,8.41,0.01,2,1682,卖盘
406,14:23:00,8.4,-0.02,4,3360,卖盘
407,14:22:54,8.42,0.02,7,5894,买盘
408,14:22:49,8.4,--,75,63000,卖盘
409,14:22:44,8.4,--,7,6300,买盘
410,14:22:34,8.4,--,37,31080,买盘
411,14:22:30,8.4,-0.02,962,808500,卖盘
412,14:22:24,8.42,--,1,842,买盘
413,14:22:14,8.42,-0.02,804,677692,卖盘
414,14:22:04,8.44,-0.01,20,16880,卖盘
415,14:21:59,8.45,0.02,2,1689,买盘
416,14:21:54,8.43,-0.01,400,337200,卖盘
417,14:21:49,8.44,-0.01,3,2532,卖盘
418,14:21:44,8.45,0.01,22,18590,买盘
419,14:21:34,8.44,--,0,0,卖盘
420,14:21:29,8.44,-0.01,210,177240,卖盘
421,14:21:19,8.45,-0.01,33,27884,卖盘
422,14:21:14,8.46,--,13,10998,买盘
423,14:21:09,8.46,--,10,8460,买盘
424,14:21:04,8.46,--,10,8460,买盘
425,14:20:59,8.46,0.01,24,20304,卖盘
426,14:20:54,8.45,--,0,0,卖盘
427,14:20:49,8.45,--,0,0,卖盘
428,14:20:44,8.45,-0.03,200,169000,卖盘
429,14:20:34,8.48,0.03,24,20352,买盘
430,14:20:29,8.45,-0.04,525,443624,卖盘
431,14:20:24,8.49,0.01,108,91692,买盘
432,14:20:19,8.48,--,48,40704,买盘
433,14:20:14,8.48,0.01,10,8480,中性盘
434,14:20:09,8.47,-0.01,85,71995,卖盘
435,14:20:04,8.48,--,29,24592,买盘
436,14:19:59,8.48,--,54,45792,买盘
437,14:19:54,8.48,0.01,5,4240,买盘
438,14:19:44,8.47,--,3,2541,卖盘
439,14:19:39,8.47,--,60,50820,卖盘
440,14:19:19,8.47,-0.01,22,18634,卖盘
441,14:19:14,8.48,0.01,13,11024,买盘
442,14:19:09,8.47,--,30,25410,卖盘
443,14:18:59,8.47,--,21,18422,买盘
444,14:18:54,8.47,--,32,27104,买盘
445,14:18:44,8.47,--,83,70301,买盘
446,14:18:34,8.47,0.01,20,16940,买盘
447,14:18:29,8.46,--,24,20304,卖盘
448,14:18:19,8.46,--,5,4230,卖盘
449,14:18:14,8.46,-0.01,16,13536,卖盘
450,14:18:04,8.47,0.01,52,44044,买盘
451,14:17:49,8.46,-0.01,50,42300,卖盘
452,14:17:44,8.47,0.01,22,18634,买盘
453,14:17:34,8.46,--,30,25380,买盘
454,14:17:23,8.46,--,18,15228,买盘
455,14:17:14,8.46,--,45,38070,买盘
456,14:17:08,8.46,--,31,26226,卖盘
457,14:17:04,8.46,--,292,247032,卖盘
458,14:16:59,8.46,--,85,71910,卖盘
459,14:16:53,8.46,-0.01,230,194580,卖盘
460,14:16:48,8.47,0.01,300,254100,买盘
461,14:16:44,8.46,-0.01,4,3384,卖盘
462,14:16:38,8.47,0.01,14,11858,买盘
463,14:16:29,8.46,-0.01,105,88830,卖盘
464,14:16:23,8.47,--,436,369503,卖盘
465,14:16:18,8.47,--,55,46585,卖盘
466,14:16:13,8.47,-0.01,105,88935,卖盘
467,14:16:08,8.48,0.01,85,72080,买盘
468,14:15:59,8.47,--,10,8470,卖盘
469,14:15:53,8.47,--,60,50820,卖盘
470,14:15:48,8.47,-0.01,75,64160,卖盘
471,14:15:43,8.48,--,325,275812,卖盘
472,14:15:38,8.48,--,56,47488,卖盘
473,14:15:33,8.48,--,1,848,卖盘
474,14:15:28,8.48,--,73,61904,卖盘
475,14:15:23,8.48,-0.02,51,43248,卖盘
476,14:15:18,8.5,0.02,6,5100,买盘
477,14:15:13,8.48,--,862,731612,买盘
478,14:15:08,8.48,0.01,24,20352,买盘
479,14:15:03,8.47,--,4,3388,卖盘
480,14:14:58,8.47,-0.03,1660,1406231,卖盘
481,14:14:53,8.5,--,24,20400,卖盘
482,14:14:38,8.5,--,500,425000,卖盘
483,14:14:13,8.5,--,17,14450,卖盘
484,14:14:08,8.5,--,400,340000,卖盘
485,14:13:58,8.5,-0.01,5,4250,卖盘
486,14:13:53,8.51,0.01,110,93610,买盘
487,14:13:38,8.5,--,51,43350,卖盘
488,14:13:33,8.5,--,4,3400,卖盘
489,14:13:28,8.5,--,34,28900,卖盘
490,14:13:13,8.5,--,25,21250,卖盘
491,14:12:58,8.5,-0.01,5,4250,卖盘
492,14:12:53,8.51,0.01,14,11914,买盘
493,14:12:43,8.5,--,15,12750,卖盘
494,14:12:28,8.5,-0.01,186,158100,卖盘
495,14:12:23,8.51,--,478,407518,买盘
496,14:12:13,8.51,0.01,13,11063,买盘
497,14:12:08,8.5,-0.01,100,85000,卖盘
498,14:12:03,8.51,--,27,22977,买盘
499,14:11:58,8.51,0.01,66,56166,买盘
500,14:11:53,8.5,-0.01,107,90950,卖盘
501,14:11:43,8.51,--,8,6808,买盘
502,14:11:23,8.51,--,77,65527,买盘
503,14:11:18,8.51,0.01,9,7659,买盘
504,14:11:13,8.5,-0.01,6,5100,卖盘
505,14:11:08,8.51,--,12,10212,买盘
506,14:10:58,8.51,0.01,12,10212,买盘
507,14:10:47,8.5,--,10,8500,卖盘
508,14:10:42,8.5,-0.01,2,1700,卖盘
509,14:10:38,8.51,--,12,10212,买盘
510,14:10:32,8.51,0.01,189,160839,买盘
511,14:10:23,8.5,--,24,20400,卖盘
512,14:10:17,8.5,-0.01,48,40800,卖盘
513,14:09:47,8.51,0.01,2,1702,买盘
514,14:09:37,8.5,--,119,101150,买盘
515,14:09:17,8.5,--,2,1700,买盘
516,14:09:12,8.5,--,1,850,买盘
517,14:09:07,8.5,0.01,7,5950,买盘
518,14:09:02,8.49,--,4,3396,买盘
519,14:08:57,8.49,--,6,5094,买盘
520,14:08:52,8.49,0.01,7,5943,买盘
521,14:08:47,8.48,-0.01,50,42400,卖盘
522,14:08:42,8.49,--,179,152718,买盘
523,14:08:32,8.49,--,15,12735,买盘
524,14:08:22,8.49,--,3,2547,买盘
525,14:08:17,8.49,-0.01,367,311684,卖盘
526,14:08:12,8.5,0.01,5,4250,买盘
527,14:08:07,8.49,--,35,29715,卖盘
528,14:08:02,8.49,--,38,32262,卖盘
529,14:07:47,8.49,--,20,16980,卖盘
530,14:07:42,8.49,-0.01,5,4245,卖盘
531,14:07:37,8.5,0.01,5,4250,买盘
532,14:07:32,8.49,--,14,11886,卖盘
533,14:07:27,8.49,--,210,178290,卖盘
534,14:07:22,8.49,--,5,4245,卖盘
535,14:07:17,8.49,-0.01,59,50091,卖盘
536,14:07:07,8.5,--,19,16150,买盘
537,14:06:57,8.5,--,91,77350,卖盘
538,14:06:52,8.5,--,11,9350,卖盘
539,14:06:47,8.5,--,14,11900,卖盘
540,14:06:42,8.5,--,7,5950,卖盘
541,14:06:37,8.5,--,39,33150,卖盘
542,14:06:27,8.5,-0.01,24,20400,卖盘
543,14:06:22,8.51,0.01,17,14467,买盘
544,14:06:17,8.5,0.01,886,753100,买盘
545,14:06:12,8.49,--,10,8490,卖盘
546,14:06:07,8.49,--,183,155367,卖盘
547,14:06:02,8.49,-0.01,44,37356,卖盘
548,14:05:52,8.5,0.01,14,11900,买盘
549,14:05:47,8.49,-0.01,13,11037,卖盘
550,14:05:37,8.5,--,7,5950,买盘
551,14:05:32,8.5,-0.01,649,551650,卖盘
552,14:05:22,8.51,0.01,8,6808,买盘
553,14:05:17,8.5,-0.01,7,5950,卖盘
554,14:05:12,8.51,--,10,8510,买盘
555,14:05:07,8.51,0.01,94,79994,买盘
556,14:05:02,8.5,-0.01,73,62050,卖盘
557,14:04:57,8.51,--,27,22977,买盘
558,14:04:47,8.51,--,67,57017,买盘
559,14:04:37,8.51,--,7,5957,买盘
560,14:04:32,8.51,--,9,7659,买盘
561,14:04:27,8.51,-0.01,10,8510,卖盘
562,14:04:22,8.52,0.01,37,31524,买盘
563,14:04:17,8.51,--,7,5957,卖盘
564,14:04:12,8.51,-0.01,22,18722,卖盘
565,14:04:07,8.52,0.01,35,29820,买盘
566,14:04:01,8.51,--,6,5106,卖盘
567,14:03:56,8.51,--,200,170200,卖盘
568,14:03:46,8.51,--,47,39997,卖盘
569,14:03:42,8.51,--,2,1702,卖盘
570,14:03:37,8.51,--,8,6808,卖盘
571,14:03:26,8.51,--,314,267214,卖盘
572,14:03:22,8.51,--,30,25530,卖盘
573,14:03:11,8.51,--,16,13616,卖盘
574,14:02:51,8.51,--,30,25530,卖盘
575,14:02:31,8.51,-0.01,51,43401,卖盘
576,14:02:26,8.52,0.01,107,91164,买盘
577,14:02:21,8.51,--,35,29785,买盘
578,14:02:16,8.51,0.01,74,62974,买盘
579,14:02:11,8.5,-0.01,33,28050,卖盘
580,14:02:06,8.51,--,10,8510,买盘
581,14:02:01,8.51,0.01,47,39997,买盘
582,14:01:56,8.5,-0.01,20,17000,卖盘
583,14:01:46,8.51,--,3,2553,买盘
584,14:01:41,8.51,0.01,12,10212,买盘
585,14:01:36,8.5,-0.01,3,2550,卖盘
586,14:01:31,8.51,0.01,19,16169,买盘
587,14:01:26,8.5,-0.01,5,4250,卖盘
588,14:01:21,8.51,--,184,156584,买盘
589,14:01:16,8.51,--,20,17020,买盘
590,14:01:11,8.51,--,27,22977,卖盘
591,14:01:01,8.51,--,576,490176,卖盘
592,14:00:56,8.51,-0.01,18,15318,卖盘
593,14:00:51,8.52,0.01,6,5112,买盘
594,14:00:46,8.51,--,134,114034,卖盘
595,14:00:41,8.51,--,58,49358,卖盘
596,14:00:36,8.51,--,1,851,卖盘
597,14:00:31,8.51,--,63,53613,卖盘
598,14:00:26,8.51,--,14,11914,卖盘
599,14:00:16,8.51,--,286,243386,买盘
600,14:00:11,8.51,--,101,85951,买盘
601,14:00:06,8.51,--,144,122544,卖盘
602,14:00:01,8.51,--,127,108077,卖盘
603,13:59:56,8.51,-0.01,82,69782,卖盘
604,13:59:51,8.52,0.01,37,31524,买盘
605,13:59:46,8.51,--,14,11914,卖盘
606,13:59:41,8.51,-0.01,17,14467,卖盘
607,13:59:36,8.52,--,309,263268,买盘
608,13:59:21,8.52,--,70,59640,卖盘
609,13:59:16,8.52,-0.01,10,8520,卖盘
610,13:59:11,8.53,0.01,531,452942,买盘
611,13:59:06,8.52,-0.01,10,8520,卖盘
612,13:59:01,8.53,--,7,5971,买盘
613,13:58:56,8.53,--,103,87859,买盘
614,13:58:46,8.53,--,5,4265,买盘
615,13:58:41,8.53,--,309,263577,买盘
616,13:58:36,8.53,--,5,4265,买盘
617,13:58:31,8.53,--,3,2559,卖盘
618,13:58:26,8.53,--,128,109183,卖盘
619,13:58:16,8.53,-0.01,218,185954,卖盘
620,13:58:11,8.54,--,62,52947,买盘
621,13:58:06,8.54,--,13,11101,买盘
622,13:58:01,8.54,--,90,76859,买盘
623,13:57:56,8.54,--,87,74297,买盘
624,13:57:51,8.54,0.01,9,7685,买盘
625,13:57:46,8.53,-0.01,14,11942,卖盘
626,13:57:41,8.54,--,286,244243,买盘
627,13:57:36,8.54,--,14,11955,买盘
628,13:57:31,8.54,0.01,20,17080,买盘
629,13:57:26,8.53,--,15,12794,卖盘
630,13:57:21,8.53,-0.01,7,5971,卖盘
631,13:57:16,8.54,--,18,15371,买盘
632,13:57:11,8.54,--,613,523501,买盘
633,13:57:06,8.54,0.01,81,69174,买盘
634,13:57:01,8.53,--,245,208984,买盘
635,13:56:56,8.53,-0.01,730,622690,卖盘
636,13:56:46,8.54,--,17,14517,买盘
637,13:56:41,8.54,0.01,167,142618,买盘
638,13:56:31,8.53,--,52,44356,买盘
639,13:56:26,8.53,0.01,14,11942,买盘
640,13:56:21,8.52,0.01,528,449856,买盘
641,13:56:15,8.51,--,211,179561,买盘
642,13:56:11,8.51,--,54,45954,买盘
643,13:56:05,8.51,0.01,27,22977,买盘
644,13:55:55,8.5,--,482,409700,买盘
645,13:55:50,8.5,--,11,9350,买盘
646,13:55:45,8.5,--,11,9350,买盘
647,13:55:40,8.5,--,57,48450,买盘
648,13:55:35,8.5,--,25,21250,买盘
649,13:55:25,8.5,--,198,168300,买盘
650,13:55:20,8.5,--,7,5950,买盘
651,13:55:15,8.5,--,51,43350,买盘
652,13:55:10,8.5,--,8,6800,买盘
653,13:55:05,8.5,0.01,8,6800,买盘
654,13:54:55,8.49,--,250,212997,买盘
655,13:54:50,8.49,--,3,2547,买盘
656,13:54:45,8.49,0.01,8,6792,买盘
657,13:54:35,8.48,-0.01,20,16960,卖盘
658,13:54:30,8.49,--,12,10188,买盘
659,13:54:25,8.49,--,3,2547,买盘
660,13:54:20,8.49,0.01,19,16131,买盘
661,13:54:15,8.48,-0.01,6,5088,卖盘
662,13:54:10,8.49,--,108,91692,买盘
663,13:54:05,8.49,--,1,849,买盘
664,13:53:55,8.49,--,17,14433,买盘
665,13:53:50,8.49,--,29,24621,买盘
666,13:53:40,8.49,--,300,254700,买盘
667,13:53:35,8.49,0.01,81,68769,买盘
668,13:53:30,8.48,-0.01,75,63600,卖盘
669,13:53:25,8.49,--,8,6792,买盘
670,13:53:20,8.49,--,33,28017,买盘
671,13:53:15,8.49,0.01,17,14433,买盘
672,13:53:10,8.48,-0.01,4,3392,卖盘
673,13:53:05,8.49,0.01,103,87447,买盘
674,13:53:00,8.48,--,9,7632,卖盘
675,13:52:55,8.48,--,26,22048,卖盘
676,13:52:50,8.48,-0.01,30,25440,中性盘
677,13:52:45,8.49,--,56,47544,买盘
678,13:52:40,8.49,0.02,7,5943,买盘
679,13:52:35,8.47,-0.02,16,13552,卖盘
680,13:52:30,8.49,--,8,6792,买盘
681,13:52:25,8.49,--,0,0,买盘
682,13:52:20,8.49,0.01,7,5943,买盘
683,13:52:15,8.48,--,0,0,买盘
684,13:52:10,8.48,--,524,444352,买盘
685,13:51:55,8.48,0.01,28,23744,买盘
686,13:51:50,8.47,--,81,68607,卖盘
687,13:51:40,8.47,--,10,8470,卖盘
688,13:51:35,8.47,--,28,23716,卖盘
689,13:51:25,8.47,-0.01,53,44891,卖盘
690,13:51:20,8.48,0.01,8,6784,买盘
691,13:50:55,8.47,--,36,30492,卖盘
692,13:50:40,8.47,-0.01,8,6776,卖盘
693,13:50:35,8.48,0.01,2,1696,买盘
694,13:50:30,8.47,--,150,127050,卖盘
695,13:50:25,8.47,-0.01,50,42350,卖盘
696,13:50:20,8.48,--,5,4240,买盘
697,13:50:10,8.48,--,20,16960,买盘
698,13:50:05,8.48,0.01,6,5088,买盘
699,13:50:00,8.47,--,1,847,卖盘
700,13:49:55,8.47,--,20,16940,卖盘
701,13:49:50,8.47,--,130,110110,卖盘
702,13:49:29,8.47,--,3,2541,卖盘
703,13:49:25,8.47,--,87,73689,买盘
704,13:49:20,8.47,0.01,10,8470,买盘
705,13:49:14,8.46,-0.01,120,101520,卖盘
706,13:49:10,8.47,--,12,10164,买盘
707,13:48:59,8.47,--,20,16940,买盘
708,13:48:49,8.47,--,13,11011,买盘
709,13:48:39,8.47,0.01,8,6776,买盘
710,13:48:29,8.46,--,19,16074,卖盘
711,13:48:14,8.46,--,6,5076,卖盘
712,13:48:04,8.46,-0.01,427,361242,卖盘
713,13:47:54,8.47,--,10,8470,买盘
714,13:47:44,8.47,--,46,38962,买盘
715,13:47:39,8.47,--,100,84700,买盘
716,13:47:34,8.47,--,20,16940,买盘
717,13:47:29,8.47,--,80,67760,买盘
718,13:47:24,8.47,--,4,3388,买盘
719,13:47:19,8.47,-0.02,114,96558,卖盘
720,13:47:14,8.49,--,0,0,买盘
721,13:46:59,8.49,--,15,12735,买盘
722,13:46:44,8.49,0.01,562,477138,买盘
723,13:46:39,8.48,--,5,4240,买盘
724,13:46:34,8.48,--,123,104405,卖盘
725,13:46:29,8.48,--,80,67840,卖盘
726,13:46:24,8.48,-0.01,7,5936,卖盘
727,13:46:14,8.49,0.01,43,36507,买盘
728,13:46:04,8.48,--,89,75472,卖盘
729,13:45:54,8.48,-0.01,8,6784,卖盘
730,13:45:49,8.49,--,26,22074,买盘
731,13:45:44,8.49,--,7,5943,买盘
732,13:45:34,8.49,--,130,110370,买盘
733,13:45:29,8.49,0.01,37,31413,买盘
734,13:45:24,8.48,-0.01,10,8480,卖盘
735,13:45:19,8.49,0.01,5,4245,买盘
736,13:45:14,8.48,-0.01,10,8480,卖盘
737,13:45:09,8.49,0.01,7,5943,买盘
738,13:45:04,8.48,--,30,26186,买盘
739,13:44:59,8.48,--,0,0,买盘
740,13:44:54,8.48,--,3,2544,买盘
741,13:44:49,8.48,0.01,13,11024,买盘
742,13:44:44,8.47,-0.01,123,104282,卖盘
743,13:44:34,8.48,--,88,74624,买盘
744,13:44:29,8.48,--,8,6784,买盘
745,13:44:24,8.48,--,20,16960,买盘
746,13:44:19,8.48,0.01,16,13568,买盘
747,13:44:04,8.47,--,2,2439,买盘
748,13:43:59,8.47,--,37,31339,买盘
749,13:43:54,8.47,-0.01,20,16940,卖盘
750,13:43:49,8.48,0.02,8,6784,买盘
751,13:43:39,8.46,-0.02,24,20304,卖盘
752,13:43:24,8.48,--,50,42400,买盘
753,13:43:19,8.48,0.02,8,6784,买盘
754,13:43:14,8.46,-0.02,105,88830,卖盘
755,13:43:04,8.48,0.02,24,20352,买盘
756,13:42:59,8.46,--,50,42300,买盘
757,13:42:49,8.46,--,8,6768,买盘
758,13:42:44,8.46,--,31,26226,买盘
759,13:42:28,8.46,--,9,7614,买盘
760,13:42:24,8.46,-0.02,101,85446,卖盘
761,13:42:14,8.48,--,7,5936,买盘
762,13:41:59,8.48,--,84,71232,买盘
763,13:41:53,8.48,--,42,35616,买盘
764,13:41:38,8.48,--,7,5936,买盘
765,13:41:34,8.48,--,7,5936,买盘
766,13:41:23,8.48,--,8,6784,买盘
767,13:41:13,8.48,--,1,848,买盘
768,13:41:08,8.48,--,7,5936,买盘
769,13:40:59,8.48,--,7,5936,买盘
770,13:40:53,8.48,0.02,50,42400,买盘
771,13:40:48,8.46,-0.02,8,6768,买盘
772,13:40:43,8.48,--,0,0,买盘
773,13:40:38,8.48,-0.01,7,5936,中性盘
774,13:40:28,8.49,0.01,7,5943,买盘
775,13:40:13,8.48,-0.01,7,5936,买盘
776,13:40:08,8.49,--,9,7641,买盘
777,13:39:58,8.49,--,8,6792,买盘
778,13:39:53,8.49,--,16,14008,买盘
779,13:39:38,8.49,0.05,8,6792,买盘
780,13:39:28,8.44,-0.01,503,424532,卖盘
781,13:39:23,8.45,--,127,107314,买盘
782,13:39:18,8.45,--,2,1689,买盘
783,13:39:13,8.45,--,46,38870,买盘
784,13:39:08,8.45,--,50,42250,买盘
785,13:38:58,8.45,-0.04,290,245049,卖盘
786,13:38:53,8.49,-0.01,4,3396,卖盘
787,13:38:48,8.5,--,8,6800,买盘
788,13:38:43,8.5,0.03,51,43350,买盘
789,13:38:33,8.47,-0.03,103,87241,卖盘
790,13:38:28,8.5,--,81,68850,买盘
791,13:38:23,8.5,--,7,5950,买盘
792,13:38:18,8.5,0.01,3,2550,买盘
793,13:38:13,8.49,-0.01,1,849,卖盘
794,13:38:08,8.5,--,9,7650,买盘
795,13:37:58,8.5,0.01,7,5950,买盘
796,13:37:53,8.49,--,14,11886,买盘
797,13:37:43,8.49,--,50,42450,买盘
798,13:37:38,8.49,--,8,6792,买盘
799,13:37:33,8.49,0.01,8,6792,买盘
800,13:37:28,8.48,-0.01,6,5088,卖盘
801,13:37:23,8.49,--,41,34809,买盘
802,13:37:13,8.49,0.01,7,5943,买盘
803,13:37:08,8.48,--,18,15264,卖盘
804,13:36:58,8.48,0.01,2,1696,买盘
805,13:36:53,8.47,-0.02,14,11858,卖盘
806,13:36:48,8.49,0.01,7,5943,买盘
807,13:36:33,8.48,0.01,7,5936,买盘
808,13:36:23,8.47,--,8,6776,买盘
809,13:36:08,8.47,--,28,23716,买盘
810,13:35:58,8.47,--,9,7623,买盘
811,13:35:48,8.47,--,7,5929,买盘
812,13:35:43,8.47,-0.03,38,32186,卖盘
813,13:35:38,8.5,0.03,7,5950,买盘
814,13:35:28,8.47,-0.01,48,40656,卖盘
815,13:35:22,8.48,-0.02,10,8480,卖盘
816,13:35:13,8.5,-0.01,7,5950,买盘
817,13:35:08,8.51,--,0,0,买盘
818,13:34:52,8.51,--,58,49358,买盘
819,13:34:47,8.51,--,7,5957,买盘
820,13:34:38,8.51,--,8,6808,买盘
821,13:34:28,8.51,--,2,1702,买盘
822,13:34:23,8.51,--,7,5957,买盘
823,13:34:17,8.51,--,7,5957,中性盘
824,13:34:13,8.51,-0.01,13,11063,卖盘
825,13:34:08,8.52,--,21,17892,买盘
826,13:33:57,8.52,--,40,34080,买盘
827,13:33:52,8.52,--,14,11928,买盘
828,13:33:46,8.52,--,116,98832,买盘
829,13:33:42,8.52,--,7,5964,买盘
830,13:33:37,8.52,0.01,10,8520,买盘
831,13:33:32,8.51,-0.01,111,94461,中性盘
832,13:33:27,8.52,--,9,7668,买盘
833,13:33:23,8.52,0.02,108,92016,买盘
834,13:33:17,8.5,--,74,62900,卖盘
835,13:33:07,8.5,-0.01,33,28050,卖盘
836,13:33:02,8.51,0.01,295,251045,买盘
837,13:32:52,8.5,--,10,8500,卖盘
838,13:32:47,8.5,--,4,3400,卖盘
839,13:32:42,8.5,0.02,827,703774,买盘
840,13:32:37,8.48,--,13,11024,买盘
841,13:32:32,8.48,0.01,13,11024,买盘
842,13:32:27,8.47,--,11,9317,卖盘
843,13:32:22,8.47,--,3,2541,卖盘
844,13:32:16,8.47,-0.01,27,22869,卖盘
845,13:32:07,8.48,0.01,579,490992,买盘
846,13:31:57,8.47,0.01,40,33880,买盘
847,13:31:52,8.46,-0.01,17,14382,卖盘
848,13:31:47,8.47,--,8,6776,买盘
849,13:31:37,8.47,--,5,4235,买盘
850,13:31:31,8.47,--,7,5929,买盘
851,13:31:27,8.47,--,7,5929,买盘
852,13:31:22,8.47,0.01,34,28798,买盘
853,13:31:17,8.46,--,0,0,中性盘
854,13:31:12,8.46,-0.01,95,80370,卖盘
855,13:31:07,8.47,--,60,50820,买盘
856,13:31:02,8.47,0.01,20,16940,买盘
857,13:30:57,8.46,-0.01,35,29610,卖盘
858,13:30:52,8.47,--,7,5929,买盘
859,13:30:42,8.47,--,41,34727,买盘
860,13:30:32,8.47,--,8,6776,买盘
861,13:30:22,8.47,-0.01,149,126203,卖盘
862,13:30:17,8.48,--,7,5936,买盘
863,13:30:12,8.48,--,10,8480,买盘
864,13:30:07,8.48,--,7,5936,买盘
865,13:29:57,8.48,--,8,6784,买盘
866,13:29:46,8.48,0.01,8,6784,买盘
867,13:29:42,8.47,0.01,62,52514,买盘
868,13:29:37,8.46,0.01,7,5922,买盘
869,13:29:31,8.45,--,20,16900,买盘
870,13:29:27,8.45,--,3,2535,买盘
871,13:29:22,8.45,--,15,12674,买盘
872,13:29:16,8.45,--,50,42250,买盘
873,13:29:07,8.45,--,14,11829,买盘
874,13:29:01,8.45,0.01,33,27884,买盘
875,13:28:57,8.44,-0.01,14,11816,卖盘
876,13:28:52,8.45,--,34,28729,买盘
877,13:28:46,8.45,--,11,9295,买盘
878,13:28:37,8.45,0.02,8,6759,买盘
879,13:28:22,8.43,--,0,0,卖盘
880,13:28:07,8.43,--,91,76713,买盘
881,13:28:01,8.43,--,1,843,买盘
882,13:27:57,8.43,--,1,843,买盘
883,13:27:52,8.43,0.01,28,23604,买盘
884,13:27:46,8.42,-0.01,17,14314,卖盘
885,13:27:31,8.43,0.01,22,18546,买盘
886,13:27:26,8.42,--,97,82423,买盘
887,13:27:22,8.42,--,6,5052,买盘
888,13:27:16,8.42,--,5,4210,买盘
889,13:27:10,8.42,0.01,22,18524,买盘
890,13:27:01,8.41,-0.01,32,26912,卖盘
891,13:26:55,8.42,0.01,5,4210,买盘
892,13:26:51,8.41,-0.01,91,76531,卖盘
893,13:26:46,8.42,--,15,12630,买盘
894,13:26:40,8.42,--,8,6736,买盘
895,13:26:36,8.42,--,35,29470,买盘
896,13:26:31,8.42,--,9,7578,买盘
897,13:26:25,8.42,--,8,6736,买盘
898,13:26:16,8.42,--,51,43455,卖盘
899,13:26:10,8.42,--,20,16840,卖盘
900,13:26:06,8.42,-0.01,2,1684,卖盘
901,13:26:01,8.43,0.01,8,6744,买盘
902,13:25:55,8.42,-0.01,0,244,卖盘
903,13:25:51,8.43,--,7,5901,买盘
904,13:25:46,8.43,--,2,1686,买盘
905,13:25:40,8.43,--,26,21918,买盘
906,13:25:36,8.43,--,23,19389,买盘
907,13:25:31,8.43,--,8,6744,买盘
908,13:25:25,8.43,-0.01,133,112119,卖盘
909,13:25:21,8.44,0.01,10,8440,买盘
910,13:25:16,8.43,-0.01,50,42150,卖盘
911,13:25:01,8.44,0.01,9,7596,中性盘
912,13:24:55,8.43,-0.02,112,94416,卖盘
913,13:24:51,8.45,--,40,33800,买盘
914,13:24:46,8.45,--,10,8450,买盘
915,13:24:40,8.45,--,65,54924,买盘
916,13:24:16,8.45,0.01,31,26194,买盘
917,13:24:10,8.44,0.01,24,20256,买盘
918,13:24:01,8.43,--,12,10116,卖盘
919,13:23:55,8.43,--,24,20232,买盘
920,13:23:51,8.43,--,130,109590,买盘
921,13:23:46,8.43,--,25,21075,买盘
922,13:23:40,8.43,--,13,10959,买盘
923,13:23:25,8.43,0.01,40,33720,买盘
924,13:23:16,8.42,--,5,4210,卖盘
925,13:22:46,8.42,--,7,5894,卖盘
926,13:22:36,8.42,--,20,16840,卖盘
927,13:22:31,8.42,-0.01,71,59866,卖盘
928,13:22:25,8.43,0.01,139,117177,买盘
929,13:22:21,8.42,-0.01,20,16840,卖盘
930,13:22:16,8.43,--,13,10959,买盘
931,13:22:10,8.43,--,23,19389,买盘
932,13:22:06,8.43,--,96,80928,买盘
933,13:21:46,8.43,--,5,4215,买盘
934,13:21:40,8.43,--,150,126450,卖盘
935,13:21:25,8.43,-0.01,21,17703,卖盘
936,13:21:06,8.44,--,6,5064,卖盘
937,13:21:01,8.44,--,86,72584,卖盘
938,13:20:40,8.44,-0.01,47,39668,卖盘
939,13:20:25,8.45,-0.01,77,65064,卖盘
940,13:20:16,8.46,--,43,36378,卖盘
941,13:20:10,8.46,--,10,8460,卖盘
942,13:20:04,8.46,--,31,26226,卖盘
943,13:20:00,8.46,--,6,5076,卖盘
944,13:19:49,8.46,--,5,4230,卖盘
945,13:19:45,8.46,-0.01,30,25380,卖盘
946,13:19:40,8.47,--,0,0,买盘
947,13:19:30,8.47,0.01,266,225302,买盘
948,13:19:19,8.46,0.01,47,39762,买盘
949,13:19:15,8.45,-0.01,13,10984,卖盘
950,13:19:04,8.46,--,3,2538,买盘
951,13:18:55,8.46,--,29,24745,卖盘
952,13:18:49,8.46,--,35,29610,卖盘
953,13:18:45,8.46,-0.01,24,20304,卖盘
954,13:18:40,8.47,0.01,20,16940,买盘
955,13:18:34,8.46,-0.01,172,145512,卖盘
956,13:18:25,8.47,0.01,5,4235,买盘
957,13:18:19,8.46,--,102,86292,卖盘
958,13:18:10,8.46,-0.01,668,565128,卖盘
959,13:18:04,8.47,--,3,2541,买盘
960,13:17:55,8.47,--,538,455686,卖盘
961,13:17:34,8.47,--,42,35574,卖盘
962,13:17:30,8.47,--,20,16940,卖盘
963,13:17:25,8.47,--,27,22869,卖盘
964,13:17:19,8.47,--,83,70301,卖盘
965,13:17:15,8.47,--,50,42350,卖盘
966,13:17:04,8.47,-0.01,5,4235,卖盘
967,13:16:49,8.48,--,17,14416,买盘
968,13:16:40,8.48,--,4,3392,买盘
969,13:16:34,8.48,--,126,107611,卖盘
970,13:16:30,8.48,--,10,8480,卖盘
971,13:16:25,8.48,--,10,8480,卖盘
972,13:16:19,8.48,--,47,39856,卖盘
973,13:16:10,8.48,--,31,26288,卖盘
974,13:16:04,8.48,--,10,8480,卖盘
975,13:15:55,8.48,-0.01,17,14416,卖盘
976,13:15:39,8.49,--,21,17829,买盘
977,13:15:34,8.49,--,7,5943,买盘
978,13:15:30,8.49,--,14,11886,卖盘
979,13:15:19,8.49,--,14,11886,买盘
980,13:15:15,8.49,--,11,9339,买盘
981,13:15:10,8.49,-0.01,2,1698,卖盘
982,13:15:04,8.5,--,159,135150,买盘
983,13:14:55,8.5,0.01,10,8500,买盘
984,13:14:49,8.49,-0.01,10,8490,卖盘
985,13:14:45,8.5,0.01,13,11050,买盘
986,13:14:40,8.49,--,26,22074,买盘
987,13:14:34,8.49,--,31,26319,买盘
988,13:14:25,8.49,-0.01,8,6792,买盘
989,13:14:19,8.5,0.02,10,8500,买盘
990,13:14:15,8.48,-0.02,20,16960,卖盘
991,13:14:10,8.5,--,7,5950,买盘
992,13:14:00,8.5,--,9,7650,买盘
993,13:13:49,8.5,--,7,5950,买盘
994,13:13:45,8.5,--,18,15300,买盘
995,13:13:40,8.5,--,6,5100,买盘
996,13:13:28,8.5,--,8,6800,买盘
997,13:13:19,8.5,0.02,7,5950,买盘
998,13:13:13,8.48,-0.02,24,20352,卖盘
999,13:13:09,8.5,--,7,5950,买盘
1000,13:12:54,8.5,--,8,6800,买盘
1001,13:12:43,8.5,--,7,5950,买盘
1002,13:12:34,8.5,--,8,6800,买盘
1003,13:12:28,8.5,0.02,7,5950,买盘
1004,13:12:24,8.48,--,0,0,卖盘
1005,13:12:13,8.48,-0.01,11,9328,卖盘
1006,13:12:09,8.49,-0.01,7,5943,中性盘
1007,13:11:58,8.5,--,28,23800,买盘
1008,13:11:49,8.5,0.01,7,5950,买盘
1009,13:11:34,8.49,--,16,13584,买盘
1010,13:11:24,8.49,-0.01,1,849,卖盘
1011,13:11:19,8.5,--,8,6800,买盘
1012,13:11:09,8.5,--,8,6800,买盘
1013,13:11:04,8.5,--,1,850,买盘
1014,13:10:54,8.5,--,7,5950,买盘
1015,13:10:49,8.5,--,0,0,买盘
1016,13:10:43,8.5,--,9,7650,买盘
1017,13:10:39,8.5,0.01,8,6800,买盘
1018,13:10:34,8.49,-0.01,9,7641,卖盘
1019,13:10:28,8.5,0.01,20,17000,买盘
1020,13:10:24,8.49,--,8,6792,卖盘
1021,13:10:19,8.49,-0.01,60,50940,卖盘
1022,13:10:13,8.5,--,20,17000,买盘
1023,13:10:08,8.5,0.01,8,6800,买盘
1024,13:10:04,8.49,-0.01,10,8490,中性盘
1025,13:09:58,8.5,0.01,18,15300,买盘
1026,13:09:49,8.49,--,7,5943,买盘
1027,13:09:39,8.49,-0.01,8,6792,买盘
1028,13:09:28,8.5,0.02,8,6800,买盘
1029,13:09:13,8.48,-0.02,8,6868,卖盘
1030,13:09:09,8.5,0.02,10,8500,买盘
1031,13:09:04,8.48,0.01,9,7632,卖盘
1032,13:08:58,8.47,--,0,0,卖盘
1033,13:08:54,8.47,-0.03,22,18634,卖盘
1034,13:08:49,8.5,--,42,35700,买盘
1035,13:08:39,8.5,0.02,8,6800,买盘
1036,13:08:34,8.48,--,7,5936,买盘
1037,13:08:28,8.48,--,18,15264,买盘
1038,13:08:19,8.48,--,8,6784,买盘
1039,13:08:13,8.48,-0.02,70,59360,卖盘
1040,13:08:09,8.5,--,44,37400,买盘
1041,13:08:04,8.5,--,0,0,买盘
1042,13:07:58,8.5,--,7,5950,买盘
1043,13:07:49,8.5,--,47,39950,买盘
1044,13:07:43,8.5,--,11,9851,卖盘
1045,13:07:39,8.5,--,5,4250,卖盘
1046,13:07:34,8.5,--,16,13948,买盘
1047,13:07:28,8.5,--,10,8500,买盘
1048,13:07:19,8.5,--,89,75650,买盘
1049,13:07:13,8.5,--,7,5950,买盘
1050,13:07:04,8.5,0.02,7,5950,买盘
1051,13:06:58,8.48,-0.02,40,33920,卖盘
1052,13:06:53,8.5,--,7,5958,买盘
1053,13:06:43,8.5,--,20,17000,买盘
1054,13:06:39,8.5,--,8,6800,买盘
1055,13:06:34,8.5,--,0,0,买盘
1056,13:06:28,8.5,0.03,57,48450,买盘
1057,13:06:19,8.47,-0.01,67,56749,卖盘
1058,13:06:13,8.48,--,306,259488,买盘
1059,13:06:07,8.48,--,50,42400,买盘
1060,13:05:58,8.48,--,6,5088,买盘
1061,13:05:48,8.48,-0.02,63,53424,卖盘
1062,13:05:43,8.5,--,20,17000,买盘
1063,13:05:37,8.5,--,7,5950,买盘
1064,13:05:33,8.5,--,7,5950,买盘
1065,13:05:22,8.5,--,9,7650,买盘
1066,13:05:18,8.5,--,7,5950,买盘
1067,13:05:07,8.5,--,22,18912,卖盘
1068,13:04:58,8.5,--,1,850,卖盘
1069,13:04:52,8.5,--,17,14450,卖盘
1070,13:04:48,8.5,--,200,170637,买盘
1071,13:04:43,8.5,0.01,7,5950,买盘
1072,13:04:37,8.49,--,33,28229,卖盘
1073,13:04:33,8.49,-0.01,4,3396,卖盘
1074,13:04:28,8.5,0.01,9,7650,买盘
1075,13:04:22,8.49,-0.01,142,120558,卖盘
1076,13:04:18,8.5,--,7,5950,买盘
1077,13:04:07,8.5,--,30,25500,买盘
1078,13:03:58,8.5,0.01,7,5950,买盘
1079,13:03:52,8.49,-0.01,13,11037,卖盘
1080,13:03:43,8.5,0.01,97,82450,买盘
1081,13:03:37,8.49,--,13,11037,卖盘
1082,13:03:28,8.49,-0.01,5,4245,卖盘
1083,13:03:22,8.5,--,16,13600,买盘
1084,13:03:13,8.5,--,7,5950,买盘
1085,13:03:03,8.5,0.01,8,6800,买盘
1086,13:02:58,8.49,-0.02,10,8490,卖盘
1087,13:02:52,8.51,0.01,198,169136,买盘
1088,13:02:37,8.5,0.01,16,13600,买盘
1089,13:02:33,8.49,--,144,122256,卖盘
1090,13:02:28,8.49,-0.01,150,127350,卖盘
1091,13:02:18,8.5,--,7,5950,买盘
1092,13:02:03,8.5,-0.01,8,6800,中性盘
1093,13:01:58,8.51,--,13,11063,买盘
1094,13:01:52,8.51,0.01,147,125097,买盘
1095,13:01:48,8.5,--,5,4250,买盘
1096,13:01:43,8.5,-0.01,8,6800,中性盘
1097,13:01:37,8.51,0.01,15,12765,买盘
1098,13:01:28,8.5,--,61,51850,卖盘
1099,13:01:22,8.5,0.01,79,67150,买盘
1100,13:01:13,8.49,--,14,11886,卖盘
1101,13:01:07,8.49,--,114,96786,卖盘
1102,13:01:03,8.49,0.02,224,190176,买盘
1103,13:00:58,8.47,-0.01,6,5082,卖盘
1104,13:00:52,8.48,-0.01,25,21200,卖盘
1105,13:00:37,8.49,--,27,22923,买盘
1106,13:00:33,8.49,0.01,3,2547,买盘
1107,13:00:28,8.48,--,7,5936,买盘
1108,13:00:13,8.48,--,8,6784,买盘
1109,13:00:07,8.48,0.01,114,96672,买盘
1110,13:00:03,8.47,--,93,78771,买盘
1111,11:30:00,8.47,--,0,0,买盘
1112,11:29:59,8.47,--,27,22869,买盘
1113,11:29:58,8.47,--,9,7623,买盘
1114,11:29:53,8.47,0.01,53,44891,卖盘
1115,11:29:48,8.46,-0.01,2,1692,卖盘
1116,11:29:43,8.47,-0.01,22,19269,中性盘
1117,11:29:33,8.48,0.01,210,178080,买盘
1118,11:29:28,8.47,--,25,21175,买盘
1119,11:29:18,8.47,-0.01,9,7623,中性盘
1120,11:29:13,8.48,0.01,113,95824,买盘
1121,11:29:03,8.47,-0.01,4,3388,卖盘
1122,11:28:58,8.48,--,7,5936,买盘
1123,11:28:48,8.48,0.01,8,6784,买盘
1124,11:28:43,8.47,-0.01,35,29645,卖盘
1125,11:28:38,8.48,--,7,5936,买盘
1126,11:28:33,8.48,--,21,17808,买盘
1127,11:28:28,8.48,0.01,10,8480,买盘
1128,11:28:18,8.47,--,25,21175,卖盘
1129,11:28:13,8.47,-0.01,51,43197,卖盘
1130,11:28:08,8.48,0.01,43,36464,买盘
1131,11:28:03,8.47,-0.01,98,83006,卖盘
1132,11:27:48,8.48,0.01,28,23744,买盘
1133,11:27:43,8.47,--,110,93170,买盘
1134,11:27:38,8.47,-0.01,103,87241,卖盘
1135,11:27:28,8.48,0.01,30,25440,买盘
1136,11:27:23,8.47,-0.01,58,49126,卖盘
1137,11:27:18,8.48,--,75,63600,买盘
1138,11:27:12,8.48,--,35,29680,买盘
1139,11:27:08,8.48,--,43,36464,买盘
1140,11:26:42,8.48,-0.01,195,165360,卖盘
1141,11:26:38,8.49,--,43,36507,买盘
1142,11:26:33,8.49,0.01,3,2547,买盘
1143,11:26:18,8.48,--,0,0,卖盘
1144,11:26:12,8.48,-0.02,36,30528,卖盘
1145,11:26:08,8.5,0.01,73,62050,买盘
1146,11:26:03,8.49,0.01,72,61128,买盘
1147,11:25:57,8.48,--,11,9328,卖盘
1148,11:25:48,8.48,-0.01,15,12720,卖盘
1149,11:25:42,8.49,0.01,25,21225,买盘
1150,11:25:38,8.48,--,43,36464,买盘
1151,11:25:33,8.48,0.01,63,53424,买盘
1152,11:25:23,8.47,-0.01,10,8470,卖盘
1153,11:25:18,8.48,--,11,9328,买盘
1154,11:25:12,8.48,--,29,24592,买盘
1155,11:25:08,8.48,--,149,126352,卖盘
1156,11:25:03,8.48,-0.01,125,106000,卖盘
1157,11:24:57,8.49,-0.01,10,8490,卖盘
1158,11:24:53,8.5,0.02,2,1700,买盘
1159,11:24:42,8.48,-0.02,40,33920,卖盘
1160,11:24:38,8.5,0.02,100,85000,买盘
1161,11:24:27,8.48,--,5,4240,卖盘
1162,11:24:23,8.48,-0.01,130,110240,卖盘
1163,11:24:18,8.49,-0.01,100,84900,卖盘
1164,11:24:12,8.5,--,25,21250,买盘
1165,11:24:08,8.5,--,152,129200,买盘
1166,11:23:52,8.5,-0.01,20,17000,卖盘
1167,11:23:48,8.51,--,0,0,买盘
1168,11:23:42,8.51,0.01,25,21275,买盘
1169,11:23:37,8.5,--,92,78200,买盘
1170,11:23:32,8.5,--,78,66300,卖盘
1171,11:23:27,8.5,-0.01,13,11050,卖盘
1172,11:23:22,8.51,--,15,12765,买盘
1173,11:23:17,8.51,--,1,851,卖盘
1174,11:23:12,8.51,--,35,29785,卖盘
1175,11:23:07,8.51,-0.01,104,88504,卖盘
1176,11:23:02,8.52,0.01,59,50268,买盘
1177,11:22:57,8.51,--,84,71484,卖盘
1178,11:22:52,8.51,-0.01,5,4255,卖盘
1179,11:22:47,8.52,0.01,8,6816,买盘
1180,11:22:42,8.51,--,26,22126,卖盘
1181,11:22:37,8.51,-0.01,94,79994,卖盘
1182,11:22:32,8.52,--,72,61344,买盘
1183,11:22:27,8.52,--,7,5964,买盘
1184,11:22:17,8.52,0.01,1,852,买盘
1185,11:22:12,8.51,-0.02,53,45103,卖盘
1186,11:22:07,8.53,0.02,111,94683,买盘
1187,11:22:02,8.51,-0.01,30,25530,卖盘
1188,11:21:57,8.52,0.02,96,81792,买盘
1189,11:21:52,8.5,--,6,5100,卖盘
1190,11:21:42,8.5,--,74,62900,买盘
1191,11:21:37,8.5,--,110,93500,买盘
1192,11:21:27,8.5,--,13,11050,买盘
1193,11:21:22,8.5,--,3,2550,买盘
1194,11:21:12,8.5,--,12,10200,买盘
1195,11:21:07,8.5,--,110,93500,买盘
1196,11:21:02,8.5,0.01,3,2550,买盘
1197,11:20:57,8.49,--,201,170649,买盘
1198,11:20:52,8.49,--,1,849,买盘
1199,11:20:42,8.49,--,118,100182,买盘
1200,11:20:37,8.49,--,196,166404,买盘
1201,11:20:27,8.49,0.01,37,31413,买盘
1202,11:20:22,8.48,--,80,67840,买盘
1203,11:20:17,8.48,--,10,8480,买盘
1204,11:20:12,8.48,--,17,14416,买盘
1205,11:20:07,8.48,--,113,95824,买盘
1206,11:20:02,8.48,0.01,5,4240,买盘
1207,11:19:57,8.47,--,16,13552,买盘
1208,11:19:52,8.47,-0.01,5,4235,买盘
1209,11:19:47,8.48,--,0,0,买盘
1210,11:19:42,8.48,--,25,21200,买盘
1211,11:19:37,8.48,0.01,91,77168,买盘
1212,11:19:32,8.47,--,35,29645,卖盘
1213,11:19:27,8.47,--,50,42350,卖盘
1214,11:19:22,8.47,--,1,847,卖盘
1215,11:19:17,8.47,--,20,16940,卖盘
1216,11:19:12,8.47,--,26,22022,买盘
1217,11:19:07,8.47,--,75,63525,买盘
1218,11:18:51,8.47,--,3,2541,买盘
1219,11:18:36,8.47,0.01,99,83853,买盘
1220,11:18:32,8.46,-0.01,3,2538,卖盘
1221,11:18:21,8.47,--,38,32186,买盘
1222,11:18:12,8.47,-0.01,1,847,卖盘
1223,11:18:06,8.48,--,115,97520,买盘
1224,11:18:02,8.48,--,20,16960,买盘
1225,11:17:57,8.48,0.01,27,22896,买盘
1226,11:17:47,8.47,-0.01,12,10164,卖盘
1227,11:17:36,8.48,--,151,128048,买盘
1228,11:17:32,8.48,--,6,5088,买盘
1229,11:17:27,8.48,--,10,8480,买盘
1230,11:17:21,8.48,0.02,132,111936,买盘
1231,11:17:12,8.46,-0.02,12,10152,卖盘
1232,11:17:06,8.48,0.01,130,110240,买盘
1233,11:16:51,8.47,--,30,25410,买盘
1234,11:16:47,8.47,--,15,12705,买盘
1235,11:16:36,8.47,0.01,126,106722,买盘
1236,11:16:32,8.46,0.01,6,5076,卖盘
1237,11:16:21,8.45,-0.02,43,36335,卖盘
1238,11:16:06,8.47,0.01,102,86394,买盘
1239,11:16:02,8.46,-0.01,54,45684,买盘
1240,11:15:56,8.47,--,0,0,买盘
1241,11:15:51,8.47,--,8,6776,买盘
1242,11:15:47,8.47,0.01,36,30813,买盘
1243,11:15:41,8.46,-0.01,35,29610,卖盘
1244,11:15:36,8.47,0.01,83,70301,买盘
1245,11:15:31,8.46,-0.01,1,846,卖盘
1246,11:15:26,8.47,--,10,8470,买盘
1247,11:15:21,8.47,0.01,26,22022,买盘
1248,11:15:11,8.46,--,33,27918,卖盘
1249,11:15:06,8.46,0.02,36,30980,买盘
1250,11:14:51,8.44,-0.01,68,57392,卖盘
1251,11:14:46,8.45,--,7,5914,买盘
1252,11:14:41,8.45,--,0,0,买盘
1253,11:14:36,8.45,0.01,100,84500,买盘
1254,11:14:31,8.44,--,37,31227,买盘
1255,11:14:26,8.44,--,0,0,买盘
1256,11:14:16,8.44,0.01,171,144324,买盘
1257,11:14:06,8.43,--,104,87672,买盘
1258,11:14:01,8.43,--,35,29505,买盘
1259,11:13:51,8.43,--,25,21075,买盘
1260,11:13:41,8.43,--,7,5901,买盘
1261,11:13:36,8.43,0.01,107,90201,买盘
1262,11:13:31,8.42,-0.01,60,50520,卖盘
1263,11:13:21,8.43,--,3,2529,买盘
1264,11:13:16,8.43,0.02,10,8430,买盘
1265,11:13:11,8.41,--,0,0,卖盘
1266,11:13:06,8.41,-0.01,109,91669,卖盘
1267,11:12:56,8.42,--,16,13472,买盘
1268,11:12:51,8.42,-0.01,54,45468,卖盘
1269,11:12:41,8.43,--,11,9273,买盘
1270,11:12:36,8.43,--,179,150897,买盘
1271,11:12:26,8.43,--,392,330456,卖盘
1272,11:12:21,8.43,--,1,843,卖盘
1273,11:12:16,8.43,-0.01,119,100317,卖盘
1274,11:12:11,8.44,--,5,4220,买盘
1275,11:12:06,8.44,--,106,89464,买盘
1276,11:12:01,8.44,0.01,11,9284,买盘
1277,11:11:56,8.43,--,1,843,卖盘
1278,11:11:51,8.43,-0.02,25,21075,卖盘
1279,11:11:36,8.45,0.01,102,86190,买盘
1280,11:11:21,8.44,--,9,7596,卖盘
1281,11:11:16,8.44,-0.01,2,1688,中性盘
1282,11:11:06,8.45,0.02,114,96329,买盘
1283,11:11:01,8.43,-0.01,5,4215,卖盘
1284,11:10:51,8.44,0.01,15,12660,中性盘
1285,11:10:45,8.43,-0.02,98,82614,卖盘
1286,11:10:41,8.45,--,60,50699,买盘
1287,11:10:36,8.45,0.02,135,114074,买盘
1288,11:10:26,8.43,--,0,0,卖盘
1289,11:10:21,8.43,-0.01,10,8430,卖盘
1290,11:10:16,8.44,-0.01,1,844,买盘
1291,11:10:11,8.45,--,0,0,买盘
1292,11:10:06,8.45,0.02,108,91259,买盘
1293,11:10:00,8.43,0.01,254,214122,买盘
1294,11:09:56,8.42,-0.03,144,121248,卖盘
1295,11:09:45,8.45,--,0,0,买盘
1296,11:09:41,8.45,--,135,114074,买盘
1297,11:09:36,8.45,0.02,32,27039,买盘
1298,11:09:30,8.43,0.01,259,218337,中性盘
1299,11:09:26,8.42,-0.03,11,9262,卖盘
1300,11:09:15,8.45,0.03,128,108159,买盘
1301,11:09:11,8.42,--,79,66518,买盘
1302,11:09:05,8.42,--,32,26944,买盘
1303,11:09:00,8.42,-0.03,80,67360,卖盘
1304,11:08:55,8.45,0.01,28,23659,买盘
1305,11:08:40,8.44,0.02,109,91996,买盘
1306,11:08:35,8.42,--,40,33680,买盘
1307,11:08:30,8.42,-0.02,137,115354,卖盘
1308,11:08:25,8.44,--,22,18568,买盘
1309,11:08:15,8.44,--,19,16035,买盘
1310,11:08:11,8.44,0.01,88,74272,买盘
1311,11:08:05,8.43,-0.01,118,99474,卖盘
1312,11:08:00,8.44,-0.01,99,83556,卖盘
1313,11:07:55,8.45,-0.01,49,41405,卖盘
1314,11:07:45,8.46,-0.01,16,13536,买盘
1315,11:07:40,8.47,0.01,69,58443,买盘
1316,11:07:35,8.46,--,32,27072,买盘
1317,11:07:30,8.46,0.01,238,201348,买盘
1318,11:07:25,8.45,0.01,39,32955,买盘
1319,11:07:20,8.44,--,23,19412,卖盘
1320,11:07:15,8.44,-0.01,19,16035,卖盘
1321,11:07:10,8.45,--,68,57459,买盘
1322,11:07:05,8.45,--,35,29574,买盘
1323,11:07:00,8.45,-0.01,160,135200,卖盘
1324,11:06:55,8.46,--,7,5922,卖盘
1325,11:06:50,8.46,--,26,21996,卖盘
1326,11:06:45,8.46,-0.01,12,10152,卖盘
1327,11:06:40,8.47,0.02,65,55055,买盘
1328,11:06:35,8.45,--,62,52389,卖盘
1329,11:06:30,8.45,--,329,278005,买盘
1330,11:06:15,8.45,--,75,63374,卖盘
1331,11:06:10,8.45,--,79,66755,卖盘
1332,11:06:05,8.45,--,47,39715,卖盘
1333,11:06:00,8.45,--,238,201109,卖盘
1334,11:05:55,8.45,--,5,4225,卖盘
1335,11:05:50,8.45,0.01,111,93794,买盘
1336,11:05:45,8.44,-0.01,39,32916,卖盘
1337,11:05:40,8.45,-0.01,168,141960,卖盘
1338,11:05:35,8.46,0.01,41,34686,买盘
1339,11:05:30,8.45,0.01,47,39715,买盘
1340,11:05:25,8.44,-0.01,11,9284,卖盘
1341,11:05:20,8.45,-0.01,9,7604,买盘
1342,11:05:15,8.46,--,1,846,买盘
1343,11:05:10,8.46,0.01,108,91368,买盘
1344,11:05:05,8.45,--,35,29574,卖盘
1345,11:05:00,8.45,-0.01,23,19435,卖盘
1346,11:04:55,8.46,0.01,10,8460,买盘
1347,11:04:45,8.45,-0.01,17,14364,卖盘
1348,11:04:40,8.46,--,25,21150,买盘
1349,11:04:35,8.46,0.03,33,27918,买盘
1350,11:04:30,8.43,-0.01,36,30348,卖盘
1351,11:04:25,8.44,--,9,7596,买盘
1352,11:04:20,8.44,--,51,43044,买盘
1353,11:04:15,8.44,--,19,16035,买盘
1354,11:04:10,8.44,-0.01,311,262484,卖盘
1355,11:04:05,8.45,--,32,27039,买盘
1356,11:04:00,8.45,0.01,2,1689,买盘
1357,11:03:55,8.44,--,25,21100,卖盘
1358,11:03:45,8.44,-0.01,15,12660,卖盘
1359,11:03:40,8.45,--,209,176604,买盘
1360,11:03:35,8.45,0.01,31,26194,买盘
1361,11:03:30,8.44,-0.01,30,25320,买盘
1362,11:03:25,8.45,--,0,0,买盘
1363,11:03:20,8.45,0.01,62,52389,买盘
1364,11:03:15,8.44,-0.01,8,6752,卖盘
1365,11:03:10,8.45,0.01,88,74360,买盘
1366,11:03:05,8.44,-0.01,45,37980,卖盘
1367,11:03:00,8.45,--,161,136045,卖盘
1368,11:02:55,8.45,--,50,42250,卖盘
1369,11:02:50,8.45,-0.01,108,91259,卖盘
1370,11:02:45,8.46,--,98,82908,买盘
1371,11:02:39,8.46,-0.01,73,61758,买盘
1372,11:02:35,8.47,0.01,47,39809,买盘
1373,11:02:24,8.46,-0.01,14,11844,卖盘
1374,11:02:20,8.47,0.02,20,16940,买盘
1375,11:02:15,8.45,--,10,8450,卖盘
1376,11:02:09,8.45,-0.02,91,76895,卖盘
1377,11:02:05,8.47,0.01,74,62678,买盘
1378,11:02:00,8.46,-0.01,12,10152,卖盘
1379,11:01:54,8.47,0.01,122,103334,买盘
1380,11:01:50,8.46,-0.01,98,82908,卖盘
1381,11:01:44,8.47,--,14,11858,卖盘
1382,11:01:39,8.47,--,42,35574,卖盘
1383,11:01:35,8.47,0.01,114,96558,买盘
1384,11:01:29,8.46,0.01,16,13536,买盘
1385,11:01:24,8.45,-0.02,30,25349,卖盘
1386,11:01:19,8.47,--,36,30492,买盘
1387,11:01:14,8.47,0.01,42,35574,买盘
1388,11:01:09,8.46,-0.01,135,114210,卖盘
1389,11:01:04,8.47,0.01,32,27104,买盘
1390,11:00:59,8.46,-0.01,7,5922,卖盘
1391,11:00:54,8.47,--,24,20328,卖盘
1392,11:00:49,8.47,0.01,152,128744,买盘
1393,11:00:44,8.46,--,30,25380,买盘
1394,11:00:39,8.46,--,85,71910,买盘
1395,11:00:34,8.46,-0.02,76,64296,卖盘
1396,11:00:24,8.48,-0.02,179,151792,卖盘
1397,11:00:19,8.5,0.03,934,793900,买盘
1398,11:00:14,8.47,0.01,28,23716,买盘
1399,11:00:09,8.46,0.01,277,234342,买盘
1400,11:00:04,8.45,-0.01,789,666705,卖盘
1401,10:59:59,8.46,-0.01,229,193734,卖盘
1402,10:59:54,8.47,0.01,16,13552,买盘
1403,10:59:49,8.46,-0.01,109,92214,卖盘
1404,10:59:44,8.47,0.02,112,94864,买盘
1405,10:59:39,8.45,--,165,139425,买盘
1406,10:59:34,8.45,-0.01,210,177449,卖盘
1407,10:59:24,8.46,--,87,73602,卖盘
1408,10:59:19,8.46,--,141,119286,买盘
1409,10:59:14,8.46,--,16,13536,买盘
1410,10:59:09,8.46,--,134,113364,买盘
1411,10:59:04,8.46,0.02,409,346014,买盘
1412,10:58:59,8.44,-0.02,20,16880,卖盘
1413,10:58:54,8.46,0.02,236,199656,买盘
1414,10:58:49,8.44,--,29,24476,中性盘
1415,10:58:44,8.44,0.01,23,19412,买盘
1416,10:58:39,8.43,0.05,78,65754,买盘
1417,10:58:34,8.38,-0.05,273,228774,卖盘
1418,10:58:24,8.43,0.02,300,252900,买盘
1419,10:58:19,8.41,0.03,307,258187,买盘
1420,10:58:14,8.38,--,17,14246,买盘
1421,10:58:09,8.38,--,111,93018,买盘
1422,10:58:04,8.38,-0.02,140,117320,卖盘
1423,10:57:59,8.4,--,15,12600,买盘
1424,10:57:54,8.4,--,3,2520,买盘
1425,10:57:49,8.4,--,17,14280,买盘
1426,10:57:44,8.4,--,46,38640,买盘
1427,10:57:39,8.4,0.01,79,66360,买盘
1428,10:57:34,8.39,-0.01,288,241632,中性盘
1429,10:57:28,8.4,0.01,20,16800,买盘
1430,10:57:24,8.39,--,9,7551,买盘
1431,10:57:19,8.39,--,12,10068,卖盘
1432,10:57:14,8.39,-0.01,13,10907,卖盘
1433,10:57:09,8.4,0.01,68,57120,买盘
1434,10:57:04,8.39,--,396,332244,买盘
1435,10:56:59,8.39,--,9,7551,买盘
1436,10:56:54,8.39,--,9,7551,买盘
1437,10:56:49,8.39,-0.01,5,4195,卖盘
1438,10:56:43,8.4,--,20,16800,买盘
1439,10:56:39,8.4,0.03,79,66360,买盘
1440,10:56:34,8.37,-0.02,302,252773,卖盘
1441,10:56:28,8.39,--,17,14263,买盘
1442,10:56:19,8.39,--,59,49501,买盘
1443,10:56:13,8.39,--,5,4195,买盘
1444,10:56:09,8.39,--,78,65442,买盘
1445,10:56:04,8.39,--,263,220657,买盘
1446,10:55:59,8.39,--,94,78866,卖盘
1447,10:55:49,8.39,0.02,54,45306,买盘
1448,10:55:43,8.37,--,31,25946,买盘
1449,10:55:39,8.37,--,88,73656,买盘
1450,10:55:33,8.37,-0.02,180,150660,卖盘
1451,10:55:29,8.39,--,9,7551,买盘
1452,10:55:18,8.39,-0.01,134,112426,卖盘
1453,10:55:13,8.4,--,10,8400,买盘
1454,10:55:08,8.4,--,69,57960,买盘
1455,10:55:03,8.4,--,299,251160,买盘
1456,10:54:59,8.4,--,5,4200,买盘
1457,10:54:48,8.4,0.01,30,25200,买盘
1458,10:54:44,8.39,--,19,15941,买盘
1459,10:54:38,8.39,--,68,57052,买盘
1460,10:54:33,8.39,--,264,221496,买盘
1461,10:54:28,8.39,0.01,20,16780,买盘
1462,10:54:13,8.38,--,20,16760,卖盘
1463,10:54:08,8.38,0.01,78,65364,卖盘
1464,10:54:03,8.37,-0.01,275,230174,卖盘
1465,10:53:58,8.38,--,20,16760,买盘
1466,10:53:48,8.38,--,6,5028,卖盘
1467,10:53:43,8.38,0.01,15,12570,买盘
1468,10:53:38,8.37,--,78,65285,买盘
1469,10:53:33,8.37,-0.02,204,170747,卖盘
1470,10:53:28,8.39,--,26,21814,买盘
1471,10:53:23,8.39,--,3,2517,买盘
1472,10:53:18,8.39,--,1,839,买盘
1473,10:53:13,8.39,--,8,6712,买盘
1474,10:53:08,8.39,0.03,71,59569,买盘
1475,10:53:03,8.36,-0.02,270,225719,卖盘
1476,10:52:58,8.38,--,41,34358,买盘
1477,10:52:48,8.38,--,103,86314,买盘
1478,10:52:43,8.38,--,4,3352,买盘
1479,10:52:38,8.38,--,87,72906,买盘
1480,10:52:33,8.38,-0.01,577,483526,卖盘
1481,10:52:28,8.39,--,47,39433,买盘
1482,10:52:18,8.39,-0.01,8,6712,中性盘
1483,10:52:13,8.4,0.02,23,19320,买盘
1484,10:52:07,8.38,-0.02,75,62850,中性盘
1485,10:52:03,8.4,--,336,282240,买盘
1486,10:51:58,8.4,--,1,840,买盘
1487,10:51:48,8.4,--,10,8400,买盘
1488,10:51:43,8.4,--,214,179760,买盘
1489,10:51:37,8.4,--,77,64680,买盘
1490,10:51:33,8.4,--,409,343560,买盘
1491,10:51:28,8.4,--,1,840,买盘
1492,10:51:18,8.4,0.03,121,101640,买盘
1493,10:51:13,8.37,-0.05,44,36828,卖盘
1494,10:51:07,8.42,0.05,69,58098,买盘
1495,10:51:03,8.37,-0.04,408,341495,卖盘
1496,10:50:58,8.41,0.03,157,132037,买盘
1497,10:50:52,8.38,-0.03,17,14246,卖盘
1498,10:50:48,8.41,--,26,21866,买盘
1499,10:50:43,8.41,--,60,50460,买盘
1500,10:50:37,8.41,0.03,71,59711,买盘
1501,10:50:33,8.38,-0.03,436,365368,卖盘
1502,10:50:28,8.41,0.01,6,5046,买盘
1503,10:50:22,8.4,0.02,196,164640,买盘
1504,10:50:18,8.38,--,221,185198,买盘
1505,10:50:13,8.38,--,20,16760,买盘
1506,10:50:07,8.38,0.02,142,118996,买盘
1507,10:50:03,8.36,-0.02,405,338580,卖盘
1508,10:49:58,8.38,0.01,132,110616,买盘
1509,10:49:52,8.37,0.01,15,12554,买盘
1510,10:49:43,8.36,--,12,10032,买盘
1511,10:49:37,8.36,--,443,370348,买盘
1512,10:49:33,8.36,0.01,32,26752,买盘
1513,10:49:28,8.35,--,86,71810,买盘
1514,10:49:22,8.35,0.01,23,19205,买盘
1515,10:49:07,8.34,0.02,321,267714,买盘
1516,10:49:03,8.32,-0.01,493,410176,卖盘
1517,10:48:58,8.33,-0.01,58,48314,卖盘
1518,10:48:52,8.34,0.01,6,5004,买盘
1519,10:48:47,8.33,-0.01,10,8330,卖盘
1520,10:48:37,8.34,0.01,98,81732,买盘
1521,10:48:32,8.33,0.02,586,488138,买盘
1522,10:48:27,8.31,--,7,5817,卖盘
1523,10:48:22,8.31,-0.02,211,175341,卖盘
1524,10:48:17,8.33,-0.01,18,14994,买盘
1525,10:48:07,8.34,--,71,59214,买盘
1526,10:48:02,8.34,0.04,767,639678,买盘
1527,10:47:57,8.3,--,0,0,卖盘
1528,10:47:52,8.3,-0.04,160,132916,卖盘
1529,10:47:47,8.34,0.03,21,17514,买盘
1530,10:47:42,8.31,-0.03,91,75621,卖盘
1531,10:47:37,8.34,0.04,73,60882,买盘
1532,10:47:32,8.3,--,332,275560,卖盘
1533,10:47:27,8.3,--,0,0,卖盘
1534,10:47:22,8.3,0.02,125,103750,卖盘
1535,10:47:17,8.28,-0.06,2153,1782683,卖盘
1536,10:47:12,8.34,--,131,109254,买盘
1537,10:47:07,8.34,0.04,229,190986,买盘
1538,10:47:02,8.3,-0.02,207,172523,卖盘
1539,10:46:57,8.32,0.02,3,2496,中性盘
1540,10:46:52,8.3,-0.01,2005,1664183,卖盘
1541,10:46:42,8.31,--,12,9972,买盘
1542,10:46:37,8.31,--,154,127974,买盘
1543,10:46:32,8.31,-0.03,308,255948,卖盘
1544,10:46:27,8.34,0.01,3,2502,买盘
1545,10:46:22,8.33,--,244,203252,卖盘
1546,10:46:12,8.33,0.02,153,127449,买盘
1547,10:46:07,8.31,--,188,156228,买盘
1548,10:46:01,8.31,-0.02,217,180327,卖盘
1549,10:45:57,8.33,0.01,10,8330,买盘
1550,10:45:46,8.32,--,31,25792,卖盘
1551,10:45:42,8.32,--,11,9152,买盘
1552,10:45:37,8.32,--,68,56576,买盘
1553,10:45:31,8.32,0.01,480,399360,买盘
1554,10:45:21,8.31,--,34,28254,买盘
1555,10:45:07,8.31,--,338,280878,买盘
1556,10:45:01,8.31,-0.03,381,316611,卖盘
1557,10:44:46,8.34,--,10,8340,买盘
1558,10:44:37,8.34,--,68,56712,买盘
1559,10:44:31,8.34,--,460,383640,买盘
1560,10:44:27,8.34,--,29,24186,买盘
1561,10:44:16,8.34,--,1,834,买盘
1562,10:44:12,8.34,-0.01,122,101748,卖盘
1563,10:44:07,8.35,0.01,100,83500,买盘
1564,10:44:01,8.34,0.03,494,411996,买盘
1565,10:43:52,8.31,-0.04,13,10803,卖盘
1566,10:43:42,8.35,--,0,0,买盘
1567,10:43:36,8.35,--,73,60955,买盘
1568,10:43:31,8.35,0.03,426,355710,买盘
1569,10:43:27,8.32,--,12,9984,买盘
1570,10:43:22,8.32,--,103,85696,买盘
1571,10:43:16,8.32,--,35,29120,买盘
1572,10:43:06,8.32,-0.03,82,68224,卖盘
1573,10:43:01,8.35,0.03,460,384100,买盘
1574,10:42:51,8.32,-0.01,74,61568,卖盘
1575,10:42:46,8.33,--,20,16660,买盘
1576,10:42:41,8.33,0.01,5,4165,买盘
1577,10:42:36,8.32,--,108,89856,买盘
1578,10:42:31,8.32,-0.01,356,296192,卖盘
1579,10:42:21,8.33,-0.02,3,2499,中性盘
1580,10:42:16,8.35,--,10,8350,买盘
1581,10:42:11,8.35,--,66,55110,买盘
1582,10:42:06,8.35,--,68,56780,买盘
1583,10:42:01,8.35,0.03,452,377420,买盘
1584,10:41:51,8.32,0.01,1,832,卖盘
1585,10:41:46,8.31,--,0,0,卖盘
1586,10:41:36,8.31,-0.04,119,98889,卖盘
1587,10:41:31,8.35,0.02,481,401635,买盘
1588,10:41:26,8.33,0.01,5,4165,买盘
1589,10:41:21,8.32,--,136,113152,买盘
1590,10:41:16,8.32,--,109,90688,买盘
1591,10:41:11,8.32,--,10,8320,买盘
1592,10:41:06,8.32,--,73,60736,买盘
1593,10:41:01,8.32,--,163,135616,卖盘
1594,10:40:51,8.32,--,36,29952,买盘
1595,10:40:46,8.32,--,130,108160,买盘
1596,10:40:36,8.32,--,113,94016,买盘
1597,10:40:31,8.32,-0.01,172,143104,卖盘
1598,10:40:26,8.33,--,0,0,卖盘
1599,10:40:21,8.33,-0.02,28,23324,卖盘
1600,10:40:16,8.35,0.01,305,254675,买盘
1601,10:40:11,8.34,-0.01,33,27522,卖盘
1602,10:40:06,8.35,0.01,91,75985,买盘
1603,10:40:01,8.34,--,490,408660,买盘
1604,10:39:51,8.34,--,4,3336,卖盘
1605,10:39:46,8.34,-0.01,1,834,卖盘
1606,10:39:41,8.35,--,0,0,买盘
1607,10:39:36,8.35,0.02,85,70975,买盘
1608,10:39:31,8.33,-0.02,340,283220,卖盘
1609,10:39:25,8.35,--,1,835,买盘
1610,10:39:21,8.35,0.01,2,1670,买盘
1611,10:39:16,8.34,-0.01,53,44202,中性盘
1612,10:39:06,8.35,0.01,55,45925,买盘
1613,10:39:01,8.34,--,454,378636,卖盘
1614,10:38:51,8.34,--,72,60048,买盘
1615,10:38:40,8.34,--,184,153456,买盘
1616,10:38:36,8.34,--,44,36696,买盘
1617,10:38:30,8.34,-0.01,393,327762,卖盘
1618,10:38:25,8.35,--,2,1670,卖盘
1619,10:38:21,8.35,-0.01,14,11690,卖盘
1620,10:38:06,8.36,0.03,231,193116,买盘
1621,10:38:01,8.33,-0.02,434,361522,卖盘
1622,10:37:51,8.35,0.01,1,835,买盘
1623,10:37:45,8.34,-0.02,13,10842,中性盘
1624,10:37:36,8.36,0.02,126,105336,买盘
1625,10:37:30,8.34,-0.02,790,658860,卖盘
1626,10:37:25,8.36,--,162,135432,买盘
1627,10:37:21,8.36,0.01,25,20900,买盘
1628,10:37:15,8.35,--,47,39245,卖盘
1629,10:37:10,8.35,-0.01,5,4175,卖盘
1630,10:37:06,8.36,0.01,43,35948,买盘
1631,10:37:00,8.35,--,420,350700,买盘
1632,10:36:55,8.35,--,5,4175,买盘
1633,10:36:51,8.35,0.01,6,5010,买盘
1634,10:36:40,8.34,-0.01,5,4170,卖盘
1635,10:36:35,8.35,0.01,45,37575,买盘
1636,10:36:30,8.34,--,500,417000,买盘
1637,10:36:25,8.34,--,174,145116,买盘
1638,10:36:21,8.34,--,10,8340,买盘
1639,10:36:15,8.34,--,10,8340,买盘
1640,10:36:10,8.34,--,63,52542,买盘
1641,10:36:05,8.34,--,3,2502,买盘
1642,10:36:00,8.34,-0.01,174,145116,卖盘
1643,10:35:55,8.35,-0.01,11,9185,卖盘
1644,10:35:45,8.36,--,2,1672,买盘
1645,10:35:40,8.36,0.03,135,112859,买盘
1646,10:35:35,8.33,--,1,833,买盘
1647,10:35:30,8.33,-0.03,425,354025,卖盘
1648,10:35:25,8.36,--,2,1672,买盘
1649,10:35:15,8.36,--,46,38456,买盘
1650,10:35:10,8.36,0.01,217,181412,买盘
1651,10:35:00,8.35,-0.01,598,499330,卖盘
1652,10:34:55,8.36,--,42,35112,买盘
1653,10:34:50,8.36,0.01,12,10032,买盘
1654,10:34:45,8.35,-0.01,99,82665,卖盘
1655,10:34:40,8.36,--,299,249963,买盘
1656,10:34:35,8.36,--,10,8360,买盘
1657,10:34:30,8.36,-0.01,473,395428,卖盘
1658,10:34:15,8.37,--,60,50219,买盘
1659,10:34:10,8.37,--,173,144801,买盘
1660,10:34:05,8.37,--,24,20087,买盘
1661,10:34:00,8.37,-0.01,486,406781,卖盘
1662,10:33:55,8.38,0.01,79,66202,买盘
1663,10:33:50,8.37,--,163,136431,卖盘
1664,10:33:45,8.37,--,10,8370,卖盘
1665,10:33:40,8.37,--,45,37665,卖盘
1666,10:33:30,8.37,--,681,569997,买盘
1667,10:33:25,8.37,0.01,12,10043,买盘
1668,10:33:20,8.36,-0.01,1,836,卖盘
1669,10:33:15,8.37,0.01,3,2510,买盘
1670,10:33:10,8.36,--,124,103664,买盘
1671,10:33:05,8.36,--,20,16720,买盘
1672,10:33:00,8.36,--,404,337744,买盘
1673,10:32:55,8.36,--,22,18392,买盘
1674,10:32:45,8.36,--,37,30931,买盘
1675,10:32:40,8.36,--,45,37620,买盘
1676,10:32:30,8.36,--,708,591888,卖盘
1677,10:32:25,8.36,--,30,25080,卖盘
1678,10:32:19,8.36,--,134,112023,买盘
1679,10:32:15,8.36,--,4,3344,买盘
1680,10:32:10,8.36,--,103,86108,买盘
1681,10:32:00,8.36,0.01,513,428867,买盘
1682,10:31:55,8.35,0.01,22,18370,买盘
1683,10:31:49,8.34,-0.01,1,834,卖盘
1684,10:31:45,8.35,0.01,30,25050,买盘
1685,10:31:40,8.34,--,44,36696,卖盘
1686,10:31:30,8.34,-0.02,552,460368,卖盘
1687,10:31:25,8.36,--,24,20064,买盘
1688,10:31:19,8.36,--,5,4180,买盘
1689,10:31:15,8.36,--,74,61863,买盘
1690,10:31:10,8.36,--,82,68552,买盘
1691,10:31:04,8.36,--,32,26752,买盘
1692,10:31:00,8.36,-0.01,178,148808,卖盘
1693,10:30:54,8.37,--,86,72023,卖盘
1694,10:30:45,8.37,--,21,18372,买盘
1695,10:30:39,8.37,--,124,103787,买盘
1696,10:30:34,8.37,--,30,25109,买盘
1697,10:30:30,8.37,-0.01,64,53567,卖盘
1698,10:30:24,8.38,0.01,306,256428,买盘
1699,10:30:14,8.37,--,12,10043,买盘
1700,10:30:09,8.37,0.01,89,74493,买盘
1701,10:30:00,8.36,--,2,1672,卖盘
1702,10:29:54,8.36,--,203,169708,买盘
1703,10:29:49,8.36,--,10,8360,买盘
1704,10:29:45,8.36,--,74,61863,买盘
1705,10:29:39,8.36,0.01,43,35948,买盘
1706,10:29:29,8.35,--,552,460920,买盘
1707,10:29:24,8.35,--,54,45090,买盘
1708,10:29:19,8.35,--,16,13360,买盘
1709,10:29:14,8.35,--,37,30895,买盘
1710,10:29:09,8.35,0.02,82,68470,买盘
1711,10:28:59,8.33,-0.01,100,83300,卖盘
1712,10:28:54,8.34,0.01,46,38364,买盘
1713,10:28:49,8.33,--,21,17493,卖盘
1714,10:28:39,8.33,0.01,75,62475,买盘
1715,10:28:34,8.32,-0.01,6,4992,卖盘
1716,10:28:29,8.33,0.01,50,41650,买盘
1717,10:28:24,8.32,--,36,29952,卖盘
1718,10:28:19,8.32,--,169,140608,买盘
1719,10:28:14,8.32,--,15,12480,买盘
1720,10:28:09,8.32,--,67,55744,买盘
1721,10:28:04,8.32,--,432,359424,买盘
1722,10:27:59,8.32,--,111,92352,买盘
1723,10:27:54,8.32,--,114,94848,买盘
1724,10:27:49,8.32,--,37,30784,买盘
1725,10:27:44,8.32,--,5,4160,买盘
1726,10:27:39,8.32,--,59,49088,买盘
1727,10:27:34,8.32,--,33,27456,买盘
1728,10:27:24,8.32,--,44,36608,买盘
1729,10:27:19,8.32,--,94,78208,买盘
1730,10:27:14,8.32,--,20,16640,买盘
1731,10:27:09,8.32,--,53,44096,买盘
1732,10:27:04,8.32,--,45,37440,买盘
1733,10:26:59,8.32,--,133,110656,买盘
1734,10:26:54,8.32,--,5,4160,买盘
1735,10:26:49,8.32,--,20,16640,买盘
1736,10:26:39,8.32,--,60,49920,买盘
1737,10:26:34,8.32,--,80,66560,买盘
1738,10:26:29,8.32,--,31,25792,买盘
1739,10:26:24,8.32,--,10,8320,买盘
1740,10:26:19,8.32,--,172,143104,买盘
1741,10:26:09,8.32,--,53,44096,买盘
1742,10:26:04,8.32,-0.01,90,74880,卖盘
1743,10:25:58,8.33,--,7,5831,卖盘
1744,10:25:54,8.33,--,2,1666,买盘
1745,10:25:43,8.33,0.01,10,8330,中性盘
1746,10:25:39,8.32,0.01,55,45760,中性盘
1747,10:25:34,8.31,-0.02,469,389739,卖盘
1748,10:25:28,8.33,--,5,4165,买盘
1749,10:25:24,8.33,0.01,4,3332,买盘
1750,10:25:19,8.32,-0.02,9,7488,卖盘
1751,10:25:09,8.34,0.01,44,36696,买盘
1752,10:25:04,8.33,--,432,359856,买盘
1753,10:24:58,8.33,0.01,4,3332,买盘
1754,10:24:54,8.32,-0.01,3,2496,卖盘
1755,10:24:49,8.33,--,9,7497,买盘
1756,10:24:43,8.33,0.01,103,85799,买盘
1757,10:24:39,8.32,--,54,44928,买盘
1758,10:24:34,8.32,-0.01,346,287872,卖盘
1759,10:24:19,8.33,--,28,23324,买盘
1760,10:24:09,8.33,--,47,39151,买盘
1761,10:24:04,8.33,0.01,489,407337,买盘
1762,10:23:53,8.32,-0.01,6,4992,买盘
1763,10:23:43,8.33,--,0,0,买盘
1764,10:23:38,8.33,0.02,52,43316,买盘
1765,10:23:33,8.31,-0.01,428,355668,卖盘
1766,10:23:24,8.32,0.01,112,93184,中性盘
1767,10:23:18,8.31,-0.02,55,45705,卖盘
1768,10:23:13,8.33,--,66,54978,卖盘
1769,10:23:09,8.33,0.02,112,93296,买盘
1770,10:23:03,8.31,-0.02,517,429627,卖盘
1771,10:22:58,8.33,--,30,24990,买盘
1772,10:22:48,8.33,0.01,125,104125,买盘
1773,10:22:43,8.32,--,44,36608,买盘
1774,10:22:38,8.32,--,44,36608,买盘
1775,10:22:33,8.32,-0.02,366,304512,卖盘
1776,10:22:28,8.34,0.01,10,8340,买盘
1777,10:22:23,8.33,--,30,24990,卖盘
1778,10:22:18,8.33,-0.01,56,46648,卖盘
1779,10:22:13,8.34,--,0,0,买盘
1780,10:22:08,8.34,0.02,46,38364,买盘
1781,10:22:03,8.32,-0.01,418,347776,卖盘
1782,10:21:58,8.33,-0.02,1,833,卖盘
1783,10:21:53,8.35,--,0,0,买盘
1784,10:21:48,8.35,--,6,5010,买盘
1785,10:21:38,8.35,0.03,44,36740,买盘
1786,10:21:33,8.32,-0.03,470,391040,卖盘
1787,10:21:28,8.35,--,19,15865,买盘
1788,10:21:23,8.35,--,5,4175,买盘
1789,10:21:13,8.35,-0.01,24,20040,中性盘
1790,10:21:08,8.36,0.04,43,35948,买盘
1791,10:21:03,8.32,-0.03,423,351936,卖盘
1792,10:20:48,8.35,--,0,0,买盘
1793,10:20:43,8.35,--,0,0,买盘
1794,10:20:38,8.35,0.03,116,96860,买盘
1795,10:20:33,8.32,-0.03,470,391040,卖盘
1796,10:20:28,8.35,--,8,6680,买盘
1797,10:20:13,8.35,--,1,835,买盘
1798,10:20:08,8.35,0.03,44,36740,买盘
1799,10:20:03,8.32,-0.02,515,428480,卖盘
1800,10:19:58,8.34,--,16,13344,卖盘
1801,10:19:48,8.34,--,6,5004,卖盘
1802,10:19:38,8.34,0.03,29,24186,买盘
1803,10:19:33,8.31,-0.01,426,354006,卖盘
1804,10:19:28,8.32,0.01,94,78208,买盘
1805,10:19:23,8.31,-0.01,65,54015,卖盘
1806,10:19:18,8.32,--,185,153920,卖盘
1807,10:19:13,8.32,--,35,29120,买盘
1808,10:19:07,8.32,--,76,63232,买盘
1809,10:19:03,8.32,0.01,476,396032,买盘
1810,10:18:58,8.31,-0.01,38,31578,卖盘
1811,10:18:53,8.32,--,5,4160,买盘
1812,10:18:48,8.32,--,27,22464,买盘
1813,10:18:43,8.32,--,39,32448,买盘
1814,10:18:37,8.32,--,30,24960,买盘
1815,10:18:33,8.32,-0.02,967,804544,卖盘
1816,10:18:28,8.34,--,220,183480,买盘
1817,10:18:22,8.34,--,30,25020,买盘
1818,10:18:13,8.34,-0.01,6,5004,中性盘
1819,10:18:07,8.35,0.02,17,14195,买盘
1820,10:18:03,8.33,-0.01,480,399840,卖盘
1821,10:17:58,8.34,--,96,80064,买盘
1822,10:17:52,8.34,-0.01,23,19182,卖盘
1823,10:17:48,8.35,--,43,35905,买盘
1824,10:17:43,8.35,--,71,59285,买盘
1825,10:17:33,8.35,-0.01,265,221275,卖盘
1826,10:17:28,8.36,--,107,89452,卖盘
1827,10:17:22,8.36,--,3,2508,卖盘
1828,10:17:13,8.36,0.03,98,81928,买盘
1829,10:17:07,8.33,--,0,0,卖盘
1830,10:17:03,8.33,-0.03,402,334866,卖盘
1831,10:16:58,8.36,0.01,91,76076,买盘
1832,10:16:52,8.35,--,178,148630,买盘
1833,10:16:48,8.35,--,166,138610,买盘
1834,10:16:43,8.35,--,14,11690,买盘
1835,10:16:37,8.35,--,36,30060,买盘
1836,10:16:32,8.35,-0.01,51,42585,卖盘
1837,10:16:28,8.36,--,82,68552,卖盘
1838,10:16:17,8.36,--,22,18392,卖盘
1839,10:16:03,8.36,0.01,588,491567,买盘
1840,10:15:57,8.35,-0.01,121,101035,卖盘
1841,10:15:52,8.36,--,12,10032,买盘
1842,10:15:47,8.36,--,21,17556,买盘
1843,10:15:42,8.36,--,37,30931,买盘
1844,10:15:37,8.36,-0.01,139,116203,卖盘
1845,10:15:28,8.37,--,110,92069,卖盘
1846,10:15:22,8.37,--,70,58589,卖盘
1847,10:15:17,8.37,--,44,36828,买盘
1848,10:15:12,8.37,--,83,69471,买盘
1849,10:15:07,8.37,--,477,399248,买盘
1850,10:15:02,8.37,--,6,5021,买盘
1851,10:14:52,8.37,--,38,31805,买盘
1852,10:14:47,8.37,0.01,40,33480,买盘
1853,10:14:42,8.36,0.04,42,35112,买盘
1854,10:14:37,8.32,-0.02,537,446784,卖盘
1855,10:14:32,8.34,0.01,2,1668,买盘
1856,10:14:27,8.33,-0.01,41,34153,卖盘
1857,10:14:22,8.34,0.01,425,354450,买盘
1858,10:14:17,8.33,--,10,8330,买盘
1859,10:14:12,8.33,--,76,63308,买盘
1860,10:14:07,8.33,--,95,79135,买盘
1861,10:14:02,8.33,--,450,374850,买盘
1862,10:13:57,8.33,0.02,825,687225,买盘
1863,10:13:52,8.31,0.01,34,28337,买盘
1864,10:13:47,8.3,--,235,195050,卖盘
1865,10:13:37,8.3,--,717,595110,买盘
1866,10:13:32,8.3,--,656,544480,买盘
1867,10:13:27,8.3,--,120,99600,买盘
1868,10:13:22,8.3,0.01,476,395080,买盘
1869,10:13:17,8.29,--,291,241761,买盘
1870,10:13:12,8.29,--,1995,1653854,卖盘
1871,10:13:07,8.29,--,51,42278,卖盘
1872,10:12:57,8.29,0.01,161,133469,中性盘
1873,10:12:52,8.28,--,614,508391,卖盘
1874,10:12:47,8.28,0.01,70,57959,买盘
1875,10:12:42,8.27,-0.01,240,198480,卖盘
1876,10:12:37,8.28,--,46,38088,买盘
1877,10:12:32,8.28,--,32,26495,买盘
1878,10:12:27,8.28,--,166,137448,买盘
1879,10:12:22,8.28,-0.01,312,258335,卖盘
1880,10:12:16,8.29,--,198,164141,买盘
1881,10:12:12,8.29,--,281,232948,买盘
1882,10:12:07,8.29,--,24,19895,卖盘
1883,10:12:01,8.29,-0.01,130,107769,卖盘
1884,10:11:57,8.3,0.01,98,81340,买盘
1885,10:11:52,8.29,-0.01,61,50568,卖盘
1886,10:11:47,8.3,--,95,78850,买盘
1887,10:11:42,8.3,-0.01,701,581830,卖盘
1888,10:11:37,8.31,0.01,567,471177,买盘
1889,10:11:31,8.3,-0.01,474,393420,卖盘
1890,10:11:27,8.31,--,50,41550,买盘
1891,10:11:22,8.31,0.01,68,56508,买盘
1892,10:11:16,8.3,--,30,24900,卖盘
1893,10:11:12,8.3,-0.01,310,257300,卖盘
1894,10:11:07,8.31,--,128,107115,卖盘
1895,10:11:01,8.31,--,503,418076,买盘
1896,10:10:57,8.31,--,385,319935,买盘
1897,10:10:52,8.31,-0.01,106,88086,卖盘
1898,10:10:46,8.32,--,51,42432,买盘
1899,10:10:42,8.32,0.01,354,294528,买盘
1900,10:10:31,8.31,-0.02,132,109692,卖盘
1901,10:10:27,8.33,-0.01,144,119952,卖盘
1902,10:10:22,8.34,0.04,70,58380,买盘
1903,10:10:16,8.3,-0.04,4057,3367310,卖盘
1904,10:10:12,8.34,0.01,56,46704,买盘
1905,10:10:07,8.33,0.01,40,33320,卖盘
1906,10:10:01,8.32,-0.01,465,386880,卖盘
1907,10:09:57,8.33,--,91,75803,买盘
1908,10:09:52,8.33,--,80,66640,买盘
1909,10:09:46,8.33,--,24,19992,买盘
1910,10:09:42,8.33,--,23,19159,买盘
1911,10:09:36,8.33,--,161,134113,买盘
1912,10:09:31,8.33,-0.02,190,158270,卖盘
1913,10:09:26,8.35,--,48,40080,买盘
1914,10:09:22,8.35,--,2,1670,买盘
1915,10:09:11,8.35,0.01,22,18370,买盘
1916,10:09:07,8.34,0.02,32,26688,卖盘
1917,10:09:01,8.32,-0.01,433,360256,卖盘
1918,10:08:56,8.33,-0.01,40,33320,卖盘
1919,10:08:51,8.34,--,6,5004,买盘
1920,10:08:46,8.34,--,48,40032,买盘
1921,10:08:41,8.34,--,75,62550,买盘
1922,10:08:36,8.34,--,17,14178,买盘
1923,10:08:31,8.34,-0.02,305,254370,卖盘
1924,10:08:26,8.36,--,10,8360,买盘
1925,10:08:21,8.36,0.01,37,30931,卖盘
1926,10:08:15,8.35,-0.02,13,10855,卖盘
1927,10:08:11,8.37,0.03,10,8370,买盘
1928,10:08:06,8.34,-0.02,33,27522,中性盘
1929,10:08:00,8.36,0.02,407,340252,买盘
1930,10:07:56,8.34,--,0,0,卖盘
1931,10:07:51,8.34,-0.01,617,514578,卖盘
1932,10:07:46,8.35,--,258,215430,买盘
1933,10:07:36,8.35,--,31,25885,买盘
1934,10:07:30,8.35,-0.01,249,207915,卖盘
1935,10:07:21,8.36,--,93,77748,买盘
1936,10:07:15,8.36,0.01,84,70224,买盘
1937,10:07:11,8.35,0.01,10,8350,卖盘
1938,10:07:01,8.34,-0.01,477,397818,卖盘
1939,10:06:51,8.35,--,333,278881,买盘
1940,10:06:46,8.35,--,62,51770,买盘
1941,10:06:36,8.35,--,179,149465,买盘
1942,10:06:31,8.35,-0.01,168,140280,卖盘
1943,10:06:26,8.36,--,3,2508,卖盘
1944,10:06:21,8.36,0.01,224,187264,买盘
1945,10:06:16,8.35,--,32,26720,买盘
1946,10:06:11,8.35,--,21,17535,买盘
1947,10:06:06,8.35,--,105,87675,买盘
1948,10:06:01,8.35,-0.01,520,434200,卖盘
1949,10:05:56,8.36,-0.02,61,50996,卖盘
1950,10:05:51,8.38,0.01,60,50280,买盘
1951,10:05:45,8.37,0.02,1,836,买盘
1952,10:05:41,8.35,-0.01,35,29225,买盘
1953,10:05:36,8.36,0.01,388,324368,买盘
1954,10:05:30,8.35,-0.02,65,54275,卖盘
1955,10:05:21,8.37,0.02,25,20924,买盘
1956,10:05:10,8.35,--,82,68470,买盘
1957,10:05:06,8.35,0.01,39,32565,买盘
1958,10:05:01,8.34,-0.02,951,793134,卖盘
1959,10:04:51,8.36,--,5,4180,买盘
1960,10:04:46,8.36,--,190,158840,买盘
1961,10:04:40,8.36,-0.01,63,52668,卖盘
1962,10:04:36,8.37,--,4,3347,买盘
1963,10:04:31,8.37,--,538,450305,买盘
1964,10:04:25,8.37,--,5,4185,买盘
1965,10:04:21,8.37,--,20,16740,买盘
1966,10:04:16,8.37,--,3,2510,买盘
1967,10:04:06,8.37,--,55,46034,买盘
1968,10:04:01,8.37,-0.01,143,119690,卖盘
1969,10:03:51,8.38,0.01,24,20112,买盘
1970,10:03:46,8.37,--,2,1673,卖盘
1971,10:03:40,8.37,--,4,3347,卖盘
1972,10:03:36,8.37,0.02,19,15902,买盘
1973,10:03:30,8.35,--,803,670922,买盘
1974,10:03:21,8.35,--,25,20875,买盘
1975,10:03:09,8.35,0.02,126,105210,买盘
1976,10:03:06,8.33,--,161,134113,买盘
1977,10:03:00,8.33,-0.02,328,273640,卖盘
1978,10:02:54,8.35,--,13,10855,买盘
1979,10:02:51,8.35,0.01,82,68470,买盘
1980,10:02:45,8.34,--,548,457449,卖盘
1981,10:02:39,8.34,--,29,24186,买盘
1982,10:02:36,8.34,--,352,293568,买盘
1983,10:02:30,8.34,-0.01,179,149286,卖盘
1984,10:02:24,8.35,--,4,3340,卖盘
1985,10:02:21,8.35,--,0,0,中性盘
1986,10:02:15,8.35,--,94,78490,买盘
1987,10:02:09,8.35,0.02,12,10020,买盘
1988,10:02:05,8.33,0.01,327,272391,卖盘
1989,10:02:00,8.32,--,455,378560,卖盘
1990,10:01:54,8.32,--,921,766945,买盘
1991,10:01:50,8.32,0.01,35,29120,买盘
1992,10:01:45,8.31,-0.01,395,328245,卖盘
1993,10:01:39,8.32,--,411,341952,买盘
1994,10:01:30,8.32,--,794,660766,卖盘
1995,10:01:24,8.32,--,72,59904,卖盘
1996,10:01:20,8.32,--,41,34112,卖盘
1997,10:01:15,8.32,-0.01,1092,908544,卖盘
1998,10:01:09,8.33,--,67,55811,买盘
1999,10:01:05,8.33,--,34,28322,买盘
2000,10:01:00,8.33,-0.01,771,642243,卖盘
2001,10:00:54,8.34,--,823,686382,买盘
2002,10:00:50,8.34,--,217,180978,买盘
2003,10:00:45,8.34,--,91,75894,买盘
2004,10:00:39,8.34,--,81,67554,买盘
2005,10:00:35,8.34,--,198,165132,买盘
2006,10:00:30,8.34,-0.01,434,361956,卖盘
2007,10:00:24,8.35,--,312,260520,卖盘
2008,10:00:15,8.35,--,826,689710,买盘
2009,10:00:09,8.35,--,42,35070,买盘
2010,10:00:05,8.35,--,7,5845,买盘
2011,10:00:00,8.35,-0.02,533,445055,卖盘
2012,09:59:54,8.37,0.02,30,25109,买盘
2013,09:59:50,8.35,--,0,0,卖盘
2014,09:59:45,8.35,0.01,7,5845,卖盘
2015,09:59:39,8.34,--,1038,865692,买盘
2016,09:59:35,8.34,-0.03,348,290232,卖盘
2017,09:59:30,8.37,0.03,456,381671,买盘
2018,09:59:24,8.34,--,172,143448,卖盘
2019,09:59:20,8.34,0.01,40,33360,中性盘
2020,09:59:15,8.33,-0.02,1625,1354299,卖盘
2021,09:59:09,8.35,--,67,55945,买盘
2022,09:59:05,8.35,--,97,80995,买盘
2023,09:59:00,8.35,--,503,420005,卖盘
2024,09:58:54,8.35,--,63,52605,买盘
2025,09:58:50,8.35,-0.02,79,65965,卖盘
2026,09:58:45,8.37,--,208,174095,买盘
2027,09:58:39,8.37,--,67,56078,买盘
2028,09:58:30,8.37,0.02,466,390041,买盘
2029,09:58:24,8.35,--,23,19205,买盘
2030,09:58:20,8.35,--,19,15865,买盘
2031,09:58:15,8.35,0.01,178,148630,买盘
2032,09:58:09,8.34,-0.01,236,196824,卖盘
2033,09:58:00,8.35,-0.02,124,103540,卖盘
2034,09:57:54,8.37,0.01,14,11717,买盘
2035,09:57:45,8.36,--,70,58519,卖盘
2036,09:57:30,8.36,-0.01,919,768284,卖盘
2037,09:57:24,8.37,0.04,60,50219,买盘
2038,09:57:18,8.33,-0.03,1169,973777,卖盘
2039,09:57:15,8.36,--,148,123727,买盘
2040,09:57:09,8.36,--,174,145464,买盘
2041,09:57:03,8.36,--,1,836,买盘
2042,09:57:00,8.36,-0.01,167,139612,卖盘
2043,09:56:54,8.37,-0.03,84,70308,卖盘
2044,09:56:48,8.4,0.03,800,672000,买盘
2045,09:56:45,8.37,--,217,181628,卖盘
2046,09:56:39,8.37,--,49,41012,卖盘
2047,09:56:33,8.37,0.02,29,24272,买盘
2048,09:56:30,8.35,-0.02,442,369070,卖盘
2049,09:56:24,8.37,0.01,98,82025,买盘
2050,09:56:18,8.36,-0.01,45,37620,卖盘
2051,09:56:15,8.37,-0.01,49,41012,卖盘
2052,09:56:09,8.38,--,45,37710,买盘
2053,09:56:03,8.38,0.02,58,48604,买盘
2054,09:56:00,8.36,-0.02,484,404624,卖盘
2055,09:55:54,8.38,0.02,15,12570,买盘
2056,09:55:48,8.36,-0.02,156,130415,卖盘
2057,09:55:45,8.38,0.02,242,202796,买盘
2058,09:55:39,8.36,--,185,154660,卖盘
2059,09:55:33,8.36,--,85,71060,买盘
2060,09:55:30,8.36,0.01,359,300124,买盘
2061,09:55:24,8.35,0.01,165,137775,中性盘
2062,09:55:18,8.34,-0.02,143,119262,卖盘
2063,09:55:15,8.36,0.02,22,18392,买盘
2064,09:55:09,8.34,-0.04,511,426174,卖盘
2065,09:55:03,8.38,0.03,212,177656,买盘
2066,09:54:59,8.35,-0.03,794,662990,卖盘
2067,09:54:54,8.38,0.02,218,182684,买盘
2068,09:54:48,8.36,--,256,214016,买盘
2069,09:54:44,8.36,--,9,7523,买盘
2070,09:54:39,8.36,--,139,116203,买盘
2071,09:54:33,8.36,-0.03,352,294272,卖盘
2072,09:54:29,8.39,0.03,3,2517,买盘
2073,09:54:24,8.36,0.01,396,331056,卖盘
2074,09:54:18,8.35,--,144,120240,买盘
2075,09:54:14,8.35,--,43,35905,买盘
2076,09:54:09,8.35,-0.05,368,307280,中性盘
2077,09:54:03,8.4,0.07,630,529200,买盘
2078,09:53:59,8.33,--,134,111622,卖盘
2079,09:53:54,8.33,--,143,119119,卖盘
2080,09:53:48,8.33,0.01,192,159960,卖盘
2081,09:53:44,8.32,-0.02,404,336128,卖盘
2082,09:53:39,8.34,0.04,353,294819,买盘
2083,09:53:33,8.3,-0.02,1046,868180,卖盘
2084,09:53:29,8.32,-0.01,239,198848,卖盘
2085,09:53:24,8.33,-0.01,169,140777,卖盘
2086,09:53:18,8.34,--,185,154290,买盘
2087,09:53:14,8.34,--,53,44202,买盘
2088,09:53:09,8.34,-0.02,681,567954,卖盘
2089,09:53:03,8.36,--,227,189772,买盘
2090,09:52:59,8.36,-0.01,116,96976,卖盘
2091,09:52:54,8.37,-0.02,352,294624,卖盘
2092,09:52:48,8.39,0.01,59,49501,买盘
2093,09:52:44,8.38,-0.01,100,83800,卖盘
2094,09:52:39,8.39,-0.04,2861,2400379,卖盘
2095,09:52:33,8.43,--,107,90201,卖盘
2096,09:52:29,8.43,--,331,279033,卖盘
2097,09:52:24,8.43,-0.01,754,635622,卖盘
2098,09:52:18,8.44,--,57,48108,卖盘
2099,09:52:14,8.44,-0.01,101,85244,卖盘
2100,09:52:09,8.45,-0.02,1210,1022897,卖盘
2101,09:52:03,8.47,--,116,98252,买盘
2102,09:51:59,8.47,--,10,8470,买盘
2103,09:51:54,8.47,-0.01,214,181258,卖盘
2104,09:51:48,8.48,0.01,2,1696,买盘
2105,09:51:44,8.47,--,23,19481,卖盘
2106,09:51:39,8.47,-0.01,30,25410,卖盘
2107,09:51:33,8.48,0.01,59,50032,买盘
2108,09:51:24,8.47,--,47,39809,买盘
2109,09:51:18,8.47,--,1,847,买盘
2110,09:51:14,8.47,--,10,8470,买盘
2111,09:51:09,8.47,-0.01,49,41503,卖盘
2112,09:51:03,8.48,0.01,141,119568,买盘
2113,09:50:58,8.47,--,160,135520,卖盘
2114,09:50:54,8.47,-0.01,42,35574,卖盘
2115,09:50:48,8.48,0.01,10,8480,买盘
2116,09:50:43,8.47,-0.01,90,76230,卖盘
2117,09:50:39,8.48,--,6,5088,买盘
2118,09:50:33,8.48,--,20,16960,买盘
2119,09:50:24,8.48,0.01,9,7632,买盘
2120,09:50:18,8.47,--,24,20328,卖盘
2121,09:50:09,8.47,--,67,56749,买盘
2122,09:50:03,8.47,--,137,116039,买盘
2123,09:49:57,8.47,--,3,2541,买盘
2124,09:49:54,8.47,--,46,38962,买盘
2125,09:49:48,8.47,0.01,49,41503,买盘
2126,09:49:42,8.46,--,29,24534,卖盘
2127,09:49:39,8.46,0.01,12,10152,卖盘
2128,09:49:33,8.45,--,614,519227,卖盘
2129,09:49:27,8.45,-0.01,300,253499,卖盘
2130,09:49:24,8.46,--,25,21150,买盘
2131,09:49:18,8.46,--,65,54990,买盘
2132,09:49:12,8.46,0.01,16,13536,买盘
2133,09:49:09,8.45,--,101,85345,买盘
2134,09:49:03,8.45,0.01,40,33800,买盘
2135,09:48:57,8.44,--,61,51484,卖盘
2136,09:48:54,8.44,--,46,38824,卖盘
2137,09:48:48,8.44,--,39,32916,卖盘
2138,09:48:42,8.44,0.01,86,72584,买盘
2139,09:48:39,8.43,-0.01,90,75870,卖盘
2140,09:48:33,8.44,--,88,74272,买盘
2141,09:48:27,8.44,--,139,117316,卖盘
2142,09:48:24,8.44,--,35,29540,卖盘
2143,09:48:18,8.44,--,5,4220,卖盘
2144,09:48:08,8.44,0.01,52,43888,中性盘
2145,09:48:03,8.43,-0.01,300,252900,卖盘
2146,09:47:57,8.44,--,20,16880,买盘
2147,09:47:53,8.44,--,75,63299,买盘
2148,09:47:48,8.44,-0.01,81,68364,买盘
2149,09:47:42,8.45,--,1,844,卖盘
2150,09:47:38,8.45,0.01,205,173224,买盘
2151,09:47:33,8.44,--,158,133352,卖盘
2152,09:47:27,8.44,-0.01,86,72584,卖盘
2153,09:47:23,8.45,--,26,21969,买盘
2154,09:47:18,8.45,--,154,130129,买盘
2155,09:47:12,8.45,-0.02,1001,845844,卖盘
2156,09:47:08,8.47,0.01,10,8470,买盘
2157,09:47:03,8.46,--,56,47376,卖盘
2158,09:46:57,8.46,--,45,38070,卖盘
2159,09:46:53,8.46,--,14,11844,卖盘
2160,09:46:48,8.46,-0.01,62,52452,卖盘
2161,09:46:42,8.47,0.01,299,253253,买盘
2162,09:46:33,8.46,--,31,26226,买盘
2163,09:46:27,8.46,--,293,247878,卖盘
2164,09:46:23,8.46,--,31,26226,卖盘
2165,09:46:18,8.46,-0.01,259,219114,卖盘
2166,09:46:12,8.47,0.01,56,47432,买盘
2167,09:46:08,8.46,--,17,14382,卖盘
2168,09:46:03,8.46,--,26,21996,卖盘
2169,09:45:57,8.46,0.01,79,66834,卖盘
2170,09:45:53,8.45,-0.03,428,361659,卖盘
2171,09:45:48,8.48,0.02,78,66144,买盘
2172,09:45:42,8.46,--,28,23688,卖盘
2173,09:45:38,8.46,-0.01,210,177660,卖盘
2174,09:45:33,8.47,--,15,12705,买盘
2175,09:45:27,8.47,0.01,340,287980,买盘
2176,09:45:23,8.46,0.01,17,14382,买盘
2177,09:45:18,8.45,-0.01,52,43939,卖盘
2178,09:45:12,8.46,-0.01,169,142974,卖盘
2179,09:45:08,8.47,--,2,1694,买盘
2180,09:45:03,8.47,0.01,127,107569,买盘
2181,09:44:57,8.46,-0.03,592,500832,卖盘
2182,09:44:53,8.49,--,129,109521,买盘
2183,09:44:48,8.49,-0.01,433,367617,卖盘
2184,09:44:42,8.5,--,132,112200,买盘
2185,09:44:33,8.5,--,44,37400,买盘
2186,09:44:27,8.5,--,45,38250,买盘
2187,09:44:23,8.5,--,5,4250,买盘
2188,09:44:18,8.5,-0.02,1324,1125400,卖盘
2189,09:44:12,8.52,--,236,201072,买盘
2190,09:44:08,8.52,-0.01,426,362952,卖盘
2191,09:44:03,8.53,--,53,45209,卖盘
2192,09:43:57,8.53,0.01,28,23884,买盘
2193,09:43:48,8.52,--,31,26412,买盘
2194,09:43:42,8.52,--,78,66456,买盘
2195,09:43:38,8.52,-0.05,346,294792,卖盘
2196,09:43:33,8.57,--,0,0,买盘
2197,09:43:27,8.57,0.05,10,8570,中性盘
2198,09:43:21,8.52,--,0,0,卖盘
2199,09:43:18,8.52,--,1,852,卖盘
2200,09:43:12,8.52,--,380,323760,卖盘
2201,09:43:06,8.52,-0.01,603,513756,卖盘
2202,09:43:03,8.53,--,64,54591,买盘
2203,09:42:57,8.53,--,27,23031,买盘
2204,09:42:51,8.53,--,35,29854,买盘
2205,09:42:48,8.53,--,123,104918,买盘
2206,09:42:42,8.53,--,53,45209,买盘
2207,09:42:36,8.53,-0.02,321,273813,卖盘
2208,09:42:33,8.55,0.01,130,111150,买盘
2209,09:42:27,8.54,0.01,47,40137,买盘
2210,09:42:21,8.53,-0.01,2,1705,卖盘
2211,09:42:17,8.54,--,7,5977,买盘
2212,09:42:12,8.54,0.03,32,27327,买盘
2213,09:42:06,8.51,-0.01,570,485070,卖盘
2214,09:42:03,8.52,0.01,25,21300,卖盘
2215,09:41:57,8.51,--,0,0,卖盘
2216,09:41:51,8.51,-0.01,40,34040,卖盘
2217,09:41:42,8.52,0.02,421,358692,买盘
2218,09:41:36,8.5,--,327,277950,卖盘
2219,09:41:32,8.5,-0.01,38,32300,卖盘
2220,09:41:27,8.51,--,11,9361,买盘
2221,09:41:18,8.51,0.01,127,108077,买盘
2222,09:41:12,8.5,--,140,119000,买盘
2223,09:41:06,8.5,-0.01,364,309400,卖盘
2224,09:41:03,8.51,--,141,119991,买盘
2225,09:40:57,8.51,--,0,0,买盘
2226,09:40:51,8.51,0.01,299,254449,买盘
2227,09:40:47,8.5,--,402,341700,买盘
2228,09:40:42,8.5,--,117,99450,买盘
2229,09:40:36,8.5,-0.02,1546,1314100,卖盘
2230,09:40:32,8.52,--,50,42600,卖盘
2231,09:40:27,8.52,0.02,25,21300,中性盘
2232,09:40:21,8.5,-0.02,141,119850,卖盘
2233,09:40:17,8.52,--,38,32376,买盘
2234,09:40:12,8.52,0.02,45,38340,买盘
2235,09:40:06,8.5,-0.02,593,504050,卖盘
2236,09:40:02,8.52,--,20,17040,买盘
2237,09:39:57,8.52,--,134,114168,买盘
2238,09:39:51,8.52,-0.03,278,236856,卖盘
2239,09:39:42,8.55,-0.02,4,3420,买盘
2240,09:39:36,8.57,0.01,204,174828,买盘
2241,09:39:27,8.56,-0.01,10,8560,卖盘
2242,09:39:21,8.57,--,221,189397,买盘
2243,09:39:12,8.57,--,20,17140,买盘
2244,09:39:06,8.57,-0.01,477,408789,卖盘
2245,09:39:02,8.58,-0.01,33,28314,卖盘
2246,09:38:57,8.59,0.01,11,9449,买盘
2247,09:38:51,8.58,-0.01,14,12012,卖盘
2248,09:38:42,8.59,--,27,23193,买盘
2249,09:38:36,8.59,-0.02,45,38655,卖盘
2250,09:38:32,8.61,--,8,6888,卖盘
2251,09:38:27,8.61,--,10,8610,卖盘
2252,09:38:21,8.61,0.01,230,198030,买盘
2253,09:38:12,8.6,0.01,181,155660,买盘
2254,09:38:06,8.59,-0.01,514,441526,卖盘
2255,09:38:02,8.6,--,110,94600,卖盘
2256,09:37:57,8.6,--,164,141040,卖盘
2257,09:37:51,8.6,--,154,132440,买盘
2258,09:37:47,8.6,--,135,116100,卖盘
2259,09:37:42,8.6,--,30,25800,买盘
2260,09:37:36,8.6,--,832,715520,买盘
2261,09:37:32,8.6,--,6,5160,买盘
2262,09:37:27,8.6,--,268,230480,买盘
2263,09:37:21,8.6,0.01,42,36120,买盘
2264,09:37:12,8.59,--,47,40373,卖盘
2265,09:37:06,8.59,0.01,872,749048,买盘
2266,09:37:02,8.58,--,36,30888,买盘
2267,09:36:57,8.58,0.03,225,193050,买盘
2268,09:36:51,8.55,-0.03,393,336015,卖盘
2269,09:36:47,8.58,-0.01,13,11154,中性盘
2270,09:36:42,8.59,0.02,125,107375,买盘
2271,09:36:36,8.57,-0.03,430,368510,卖盘
2272,09:36:30,8.6,0.01,45,38700,买盘
2273,09:36:27,8.59,--,39,33501,买盘
2274,09:36:21,8.59,-0.01,44,37796,中性盘
2275,09:36:12,8.6,0.03,205,176300,买盘
2276,09:36:06,8.57,0.01,503,431071,买盘
2277,09:36:00,8.56,--,3,2568,卖盘
2278,09:35:57,8.56,--,33,28248,买盘
2279,09:35:51,8.56,0.02,87,74472,买盘
2280,09:35:45,8.54,-0.01,300,256199,卖盘
2281,09:35:42,8.55,0.01,39,33345,买盘
2282,09:35:36,8.54,0.01,1044,891994,买盘
2283,09:35:30,8.53,--,105,89565,买盘
2284,09:35:27,8.53,--,43,36679,买盘
2285,09:35:21,8.53,0.03,678,578334,买盘
2286,09:35:15,8.5,--,13,11050,卖盘
2287,09:35:11,8.5,--,356,302600,买盘
2288,09:35:06,8.5,0.02,697,592450,买盘
2289,09:35:00,8.48,--,76,64448,卖盘
2290,09:34:57,8.48,-0.02,43,36464,卖盘
2291,09:34:51,8.5,0.01,98,83300,买盘
2292,09:34:45,8.49,-0.01,15,12735,中性盘
2293,09:34:41,8.5,0.02,191,162350,买盘
2294,09:34:36,8.48,-0.02,66,55968,卖盘
2295,09:34:30,8.5,--,144,122400,买盘
2296,09:34:26,8.5,-0.01,302,256700,卖盘
2297,09:34:21,8.51,--,527,448477,买盘
2298,09:34:15,8.51,0.01,31,26381,买盘
2299,09:34:11,8.5,--,99,84150,卖盘
2300,09:34:06,8.5,-0.01,115,97750,卖盘
2301,09:34:00,8.51,--,258,219558,卖盘
2302,09:33:56,8.51,--,54,45954,卖盘
2303,09:33:51,8.51,-0.01,143,121693,卖盘
2304,09:33:45,8.52,0.01,372,316944,买盘
2305,09:33:41,8.51,--,82,69782,卖盘
2306,09:33:36,8.51,-0.01,28,23828,卖盘
2307,09:33:30,8.52,--,47,40044,买盘
2308,09:33:26,8.52,-0.01,13,11076,卖盘
2309,09:33:21,8.53,--,36,30707,买盘
2310,09:33:15,8.53,--,12,10236,卖盘
2311,09:33:11,8.53,0.01,134,114301,卖盘
2312,09:33:06,8.52,-0.01,324,276048,卖盘
2313,09:33:00,8.53,0.01,59,50326,买盘
2314,09:32:56,8.52,-0.01,8,6816,卖盘
2315,09:32:51,8.53,--,147,125390,买盘
2316,09:32:45,8.53,-0.01,138,117713,卖盘
2317,09:32:41,8.54,0.01,38,32451,买盘
2318,09:32:36,8.53,--,61,52032,卖盘
2319,09:32:30,8.53,-0.01,29,24736,卖盘
2320,09:32:21,8.54,-0.02,262,223747,卖盘
2321,09:32:15,8.56,--,208,178048,买盘
2322,09:32:11,8.56,0.01,30,25680,买盘
2323,09:32:06,8.55,-0.01,86,73530,卖盘
2324,09:32:00,8.56,--,74,63344,买盘
2325,09:31:56,8.56,0.01,10,8560,买盘
2326,09:31:51,8.55,-0.03,660,564300,卖盘
2327,09:31:45,8.58,--,13,11154,买盘
2328,09:31:41,8.58,0.01,2,1716,买盘
2329,09:31:36,8.57,--,22,18854,卖盘
2330,09:31:30,8.57,-0.01,152,130264,卖盘
2331,09:31:21,8.58,--,35,30030,买盘
2332,09:31:15,8.58,0.02,30,25740,买盘
2333,09:31:11,8.56,--,4,3424,卖盘
2334,09:31:06,8.56,0.01,20,17120,中性盘
2335,09:31:00,8.55,--,21,17955,卖盘
2336,09:30:56,8.55,--,0,0,卖盘
2337,09:30:51,8.55,--,54,46170,卖盘
2338,09:30:45,8.55,--,23,19665,买盘
2339,09:30:41,8.55,0.02,10,8550,买盘
2340,09:30:36,8.53,-0.02,10,8530,卖盘
2341,09:30:30,8.55,0.02,10,8550,买盘
2342,09:30:26,8.53,-0.07,17,14500,卖盘
2343,09:30:21,8.6,--,0,0,买盘
2344,09:30:15,8.6,0.02,50,43000,买盘
2345,09:30:06,8.58,-0.02,755,647790,中性盘
2346,09:28:44,8.6,--,0,0,买盘
2347,09:25:08,8.6,8.6,907,780020,买盘
