,time,price,change,volume,amount,type
0,15:00:00,8.89,--,0,0,买盘
1,15:00:00,8.89,0.01,0,0,买盘
2,14:59:55,8.88,-0.01,9,7992,卖盘
3,14:59:49,8.89,0.01,24,21336,买盘
4,14:59:45,8.88,-0.01,220,195360,卖盘
5,14:59:40,8.89,--,302,268478,买盘
6,14:59:30,8.89,--,50,44450,买盘
7,14:59:25,8.89,--,94,83566,买盘
8,14:59:19,8.89,--,15,13335,买盘
9,14:59:15,8.89,--,13,11557,买盘
10,14:58:55,8.89,0.01,190,168910,买盘
11,14:58:44,8.88,-0.01,17,15096,卖盘
12,14:58:39,8.89,0.01,1,889,买盘
13,14:58:34,8.88,--,10,8880,卖盘
14,14:58:29,8.88,--,20,17760,卖盘
15,14:58:24,8.88,-0.01,92,81696,卖盘
16,14:58:19,8.89,--,30,26670,买盘
17,14:58:09,8.89,0.01,42,37338,买盘
18,14:58:04,8.88,--,26,23088,卖盘
19,14:57:34,8.88,--,10,8880,卖盘
20,14:57:29,8.88,--,42,37296,卖盘
21,14:57:04,8.88,--,43,38184,买盘
22,14:56:59,8.88,--,100,88800,买盘
23,14:56:34,8.88,--,29,25752,买盘
24,14:56:24,8.88,--,1,888,买盘
25,14:56:19,8.88,--,7,6216,买盘
26,14:56:09,8.88,--,11,9768,买盘
27,14:56:04,8.88,--,239,212232,买盘
28,14:55:44,8.88,--,3,2664,买盘
29,14:55:39,8.88,--,5,4440,买盘
30,14:55:34,8.88,--,10,8880,买盘
31,14:55:29,8.88,--,27,23976,买盘
32,14:55:19,8.88,--,11,9768,卖盘
33,14:55:14,8.88,-0.01,42,37296,卖盘
34,14:55:04,8.89,0.01,21,18669,买盘
35,14:54:54,8.88,-0.01,100,88800,卖盘
36,14:54:34,8.89,0.01,5,4445,买盘
37,14:54:24,8.88,--,7,6216,卖盘
38,14:54:19,8.88,--,22,19536,卖盘
39,14:54:09,8.88,--,140,124320,卖盘
40,14:53:54,8.88,--,2,1776,卖盘
41,14:53:49,8.88,--,10,8880,卖盘
42,14:53:34,8.88,--,5,4440,卖盘
43,14:53:28,8.88,--,30,26640,卖盘
44,14:53:19,8.88,-0.01,5,4440,卖盘
45,14:53:09,8.89,--,28,24892,买盘
46,14:53:04,8.89,--,68,60452,买盘
47,14:52:58,8.89,0.01,9,8001,买盘
48,14:52:54,8.88,-0.01,20,17760,卖盘
49,14:52:49,8.89,--,19,16891,买盘
50,14:52:39,8.89,--,2,1778,买盘
51,14:52:19,8.89,0.01,6,5334,买盘
52,14:52:13,8.88,--,9,7992,卖盘
53,14:52:04,8.88,-0.01,25,22200,卖盘
54,14:51:58,8.89,0.01,50,44450,买盘
55,14:51:49,8.88,--,7,6216,买盘
56,14:51:43,8.88,--,10,8880,买盘
57,14:51:33,8.88,--,36,31968,买盘
58,14:51:28,8.88,--,5,4440,买盘
59,14:51:24,8.88,--,50,44400,买盘
60,14:51:18,8.88,--,13,11544,卖盘
61,14:51:13,8.88,--,28,24864,买盘
62,14:51:09,8.88,--,10,8880,买盘
63,14:50:58,8.88,--,50,44400,买盘
64,14:50:53,8.88,--,10,8880,买盘
65,14:50:48,8.88,--,10,8880,买盘
66,14:50:43,8.88,--,59,52392,买盘
67,14:50:33,8.88,--,20,17760,买盘
68,14:50:28,8.88,--,7,6216,买盘
69,14:50:18,8.88,--,5,4440,买盘
70,14:50:08,8.88,--,9,7992,买盘
71,14:49:58,8.88,--,26,23088,买盘
72,14:49:48,8.88,--,59,52392,买盘
73,14:49:43,8.88,--,300,266400,买盘
74,14:49:33,8.88,--,24,21312,买盘
75,14:49:28,8.88,--,28,24864,买盘
76,14:49:23,8.88,--,50,44400,买盘
77,14:49:18,8.88,--,274,243312,买盘
78,14:49:13,8.88,--,68,60384,买盘
79,14:49:08,8.88,0.01,11,9768,买盘
80,14:49:03,8.87,--,78,69186,卖盘
81,14:48:58,8.87,-0.01,104,92247,卖盘
82,14:48:53,8.88,--,90,79920,买盘
83,14:48:48,8.88,--,92,81696,卖盘
84,14:48:43,8.88,0.01,25,22200,中性盘
85,14:48:33,8.87,-0.01,33,29270,卖盘
86,14:48:28,8.88,--,310,275280,买盘
87,14:48:18,8.88,0.01,28,24864,买盘
88,14:48:13,8.87,-0.01,31,27496,卖盘
89,14:48:03,8.88,--,25,22200,买盘
90,14:47:58,8.88,0.01,25,22200,买盘
91,14:47:48,8.87,-0.01,141,125066,买盘
92,14:47:38,8.88,--,0,0,买盘
93,14:47:33,8.88,0.01,28,24864,买盘
94,14:47:28,8.87,--,34,30157,卖盘
95,14:47:22,8.87,-0.01,14,12417,卖盘
96,14:47:13,8.88,--,24,21312,买盘
97,14:47:03,8.88,--,34,30192,买盘
98,14:46:58,8.88,--,78,69264,买盘
99,14:46:48,8.88,0.01,46,40848,买盘
100,14:46:43,8.87,-0.01,10,8870,卖盘
101,14:46:37,8.88,--,25,22200,买盘
102,14:46:28,8.88,0.01,27,23976,买盘
103,14:46:18,8.87,-0.01,35,31044,中性盘
104,14:46:03,8.88,--,27,23976,买盘
105,14:45:52,8.88,--,26,23088,买盘
106,14:45:48,8.88,0.01,28,24864,买盘
107,14:45:43,8.87,--,10,8870,买盘
108,14:45:37,8.87,-0.01,10,8870,中性盘
109,14:45:33,8.88,--,23,20424,买盘
110,14:45:22,8.88,0.02,28,24864,买盘
111,14:45:18,8.86,-0.01,43,38098,卖盘
112,14:45:13,8.87,--,25,22174,买盘
113,14:45:03,8.87,-0.01,38,33706,卖盘
114,14:44:52,8.88,--,49,43512,买盘
115,14:44:37,8.88,0.01,28,24864,买盘
116,14:44:27,8.87,--,29,25722,卖盘
117,14:44:22,8.87,-0.01,5,4435,卖盘
118,14:44:18,8.88,0.01,25,22200,买盘
119,14:44:12,8.87,--,30,26609,卖盘
120,14:44:07,8.87,--,25,22174,买盘
121,14:44:03,8.87,--,26,23061,买盘
122,14:43:52,8.87,--,25,22174,买盘
123,14:43:42,8.87,0.01,1,886,买盘
124,14:43:22,8.86,--,0,0,卖盘
125,14:43:12,8.86,-0.01,78,69108,卖盘
126,14:43:07,8.87,--,26,23061,买盘
127,14:43:02,8.87,0.01,5,4435,买盘
128,14:42:57,8.86,-0.01,5,4430,卖盘
129,14:42:52,8.87,--,27,24818,买盘
130,14:42:42,8.87,0.01,23,20401,买盘
131,14:42:22,8.86,--,57,50502,卖盘
132,14:42:12,8.86,-0.01,10,8860,卖盘
133,14:41:57,8.87,-0.01,26,23061,买盘
134,14:41:52,8.88,--,27,23976,买盘
135,14:41:47,8.88,--,199,176712,买盘
136,14:41:42,8.88,0.01,157,139416,买盘
137,14:41:37,8.87,--,110,97569,卖盘
138,14:41:27,8.87,-0.01,215,190704,卖盘
139,14:41:22,8.88,--,10,8880,买盘
140,14:41:17,8.88,0.01,50,44400,买盘
141,14:41:12,8.87,-0.01,57,50558,卖盘
142,14:40:52,8.88,--,97,86136,卖盘
143,14:40:47,8.88,--,41,36408,卖盘
144,14:40:42,8.88,--,30,26640,卖盘
145,14:40:37,8.88,--,13,11544,卖盘
146,14:40:27,8.88,0.01,492,436896,买盘
147,14:40:22,8.87,-0.01,10,8870,卖盘
148,14:40:12,8.88,--,28,24864,买盘
149,14:40:01,8.88,--,23,20424,买盘
150,14:39:37,8.88,0.02,26,23088,买盘
151,14:39:31,8.86,-0.02,153,135558,卖盘
152,14:39:27,8.88,0.01,38,33744,买盘
153,14:39:16,8.87,--,53,47010,卖盘
154,14:39:12,8.87,-0.01,302,267874,卖盘
155,14:39:07,8.88,--,9,7992,买盘
156,14:39:01,8.88,--,26,23088,买盘
157,14:38:52,8.88,--,300,266400,买盘
158,14:38:46,8.88,--,25,22200,买盘
159,14:38:42,8.88,0.02,25,22200,买盘
160,14:38:31,8.86,--,740,655640,买盘
161,14:38:27,8.86,--,12,10632,买盘
162,14:38:21,8.86,--,27,23922,买盘
163,14:38:16,8.86,--,301,266686,买盘
164,14:38:06,8.86,--,26,23036,买盘
165,14:38:01,8.86,--,1,886,买盘
166,14:37:57,8.86,--,23,20378,买盘
167,14:37:46,8.86,0.01,26,23036,买盘
168,14:37:42,8.85,--,222,197098,买盘
169,14:37:36,8.85,--,34,30090,买盘
170,14:37:26,8.85,--,28,24780,买盘
171,14:37:16,8.85,0.01,27,23895,买盘
172,14:37:06,8.84,-0.01,2,1768,卖盘
173,14:37:01,8.85,--,25,22125,买盘
174,14:36:57,8.85,0.01,37,32745,买盘
175,14:36:51,8.84,0.01,1,884,买盘
176,14:36:46,8.83,-0.01,1,883,卖盘
177,14:36:41,8.84,--,293,259012,买盘
178,14:36:36,8.84,--,34,30056,买盘
179,14:36:21,8.84,--,100,88400,买盘
180,14:36:16,8.84,--,23,20332,买盘
181,14:36:06,8.84,--,25,22100,买盘
182,14:35:56,8.84,-0.01,53,46852,卖盘
183,14:35:46,8.85,0.01,24,21240,买盘
184,14:35:40,8.84,-0.01,7,6188,卖盘
185,14:35:31,8.85,--,51,45135,买盘
186,14:35:16,8.85,--,24,21240,买盘
187,14:35:06,8.85,--,24,21240,买盘
188,14:35:01,8.85,0.01,7,6195,买盘
189,14:34:56,8.84,-0.01,18,15912,卖盘
190,14:34:51,8.85,--,26,23010,买盘
191,14:34:36,8.85,0.01,10,8850,买盘
192,14:34:31,8.84,-0.01,2,1768,卖盘
193,14:34:16,8.85,--,28,24780,买盘
194,14:34:01,8.85,--,28,24780,买盘
195,14:33:41,8.85,0.01,27,23895,买盘
196,14:33:31,8.84,-0.01,1,884,卖盘
197,14:33:16,8.85,0.01,27,23895,买盘
198,14:33:06,8.84,--,52,46047,买盘
199,14:33:01,8.84,--,43,38012,买盘
200,14:32:55,8.84,--,12,10608,买盘
201,14:32:46,8.84,--,21,18564,买盘
202,14:32:31,8.84,--,6,5304,买盘
203,14:32:16,8.84,--,11,9724,买盘
204,14:32:00,8.84,--,28,24752,买盘
205,14:31:55,8.84,0.01,10,8840,买盘
206,14:31:45,8.83,-0.01,17,15011,卖盘
207,14:31:21,8.84,--,71,62764,买盘
208,14:30:40,8.84,0.01,23,20332,买盘
209,14:30:25,8.83,-0.01,2,1766,卖盘
210,14:30:20,8.84,--,27,23868,买盘
211,14:29:50,8.84,--,1,884,买盘
212,14:29:45,8.84,0.02,26,22984,买盘
213,14:29:40,8.82,--,10,8820,卖盘
214,14:29:35,8.82,-0.02,5,4410,卖盘
215,14:29:20,8.84,0.02,27,23868,买盘
216,14:29:15,8.82,--,17,14994,卖盘
217,14:29:00,8.82,--,0,0,卖盘
218,14:28:50,8.82,--,26,23549,买盘
219,14:28:45,8.82,--,126,111132,买盘
220,14:28:40,8.82,--,127,112014,买盘
221,14:28:34,8.82,--,20,17640,买盘
222,14:28:25,8.82,--,300,264600,买盘
223,14:28:20,8.82,--,15,13230,买盘
224,14:28:00,8.82,-0.01,231,204006,卖盘
225,14:27:45,8.83,-0.01,1,883,卖盘
226,14:27:30,8.84,--,81,71604,买盘
227,14:27:15,8.84,--,494,436696,买盘
228,14:26:55,8.84,--,22,19448,买盘
229,14:26:50,8.84,0.01,21,18564,买盘
230,14:26:40,8.83,-0.01,24,21192,卖盘
231,14:26:25,8.84,--,22,19448,买盘
232,14:26:15,8.84,0.02,24,21216,买盘
233,14:26:10,8.82,--,0,0,卖盘
234,14:25:55,8.82,-0.02,11,9702,卖盘
235,14:25:45,8.84,0.01,1,884,买盘
236,14:25:10,8.83,--,91,80353,卖盘
237,14:24:39,8.83,-0.01,202,178366,卖盘
238,14:24:24,8.84,0.01,1,884,买盘
239,14:24:09,8.83,--,111,98013,买盘
240,14:23:49,8.83,--,10,8830,卖盘
241,14:23:44,8.83,0.01,5,4415,卖盘
242,14:23:34,8.82,--,0,0,卖盘
243,14:23:24,8.82,-0.02,150,132300,卖盘
244,14:23:14,8.84,0.01,300,265200,买盘
245,14:23:09,8.83,--,12,10596,卖盘
246,14:22:49,8.83,--,100,88300,卖盘
247,14:22:29,8.83,--,5,4415,卖盘
248,14:22:24,8.83,--,50,44150,卖盘
249,14:21:59,8.83,--,32,28256,卖盘
250,14:21:54,8.83,--,17,15011,卖盘
251,14:21:49,8.83,--,3,2649,卖盘
252,14:21:44,8.83,--,8,7064,买盘
253,14:21:19,8.83,--,1,883,买盘
254,14:20:34,8.83,-0.01,5,4415,买盘
255,14:19:49,8.84,--,0,0,买盘
256,14:18:04,8.84,0.01,230,203320,买盘
257,14:17:03,8.83,--,51,45033,卖盘
258,14:16:48,8.83,-0.01,3,2649,卖盘
259,14:16:33,8.84,0.01,100,88400,买盘
260,14:16:28,8.83,--,15,13245,卖盘
261,14:16:13,8.83,--,100,88300,卖盘
262,14:16:03,8.83,--,131,115673,买盘
263,14:15:48,8.83,--,21,18543,卖盘
264,14:15:43,8.83,--,5,4415,卖盘
265,14:15:33,8.83,0.01,30,26490,买盘
266,14:15:28,8.82,--,0,0,卖盘
267,14:15:03,8.82,--,418,368676,卖盘
268,14:14:53,8.82,--,2,1764,卖盘
269,14:14:28,8.82,--,0,0,卖盘
270,14:14:23,8.82,-0.01,15,13230,卖盘
271,14:14:13,8.83,--,0,0,中性盘
272,14:13:58,8.83,--,5,4415,卖盘
273,14:13:38,8.83,--,7,6181,卖盘
274,14:13:32,8.83,--,35,30905,卖盘
275,14:12:52,8.83,0.01,6,5298,买盘
276,14:12:22,8.82,--,84,74705,卖盘
277,14:12:03,8.82,-0.01,20,17640,卖盘
278,14:11:43,8.83,0.01,5,4415,买盘
279,14:11:22,8.82,--,0,0,卖盘
280,14:11:17,8.82,-0.01,50,44100,卖盘
281,14:11:02,8.83,--,1,883,卖盘
282,14:10:32,8.83,-0.01,14,12362,卖盘
283,14:10:12,8.84,0.01,10,8840,买盘
284,14:09:26,8.83,0.01,1,883,买盘
285,14:08:52,8.82,--,91,80262,卖盘
286,14:08:47,8.82,--,0,0,中性盘
287,14:08:42,8.82,--,28,24696,买盘
288,14:08:37,8.82,--,60,52920,卖盘
289,14:08:27,8.82,--,0,0,卖盘
290,14:08:22,8.82,-0.01,17,14994,卖盘
291,14:08:17,8.83,--,39,34437,卖盘
292,14:08:07,8.83,--,4,3532,卖盘
293,14:07:47,8.83,--,10,8830,卖盘
294,14:07:22,8.83,0.01,27,23841,卖盘
295,14:06:57,8.82,--,0,0,卖盘
296,14:06:17,8.82,--,0,0,卖盘
297,14:05:52,8.82,--,0,0,卖盘
298,14:05:07,8.82,--,9,7938,买盘
299,14:04:52,8.82,--,60,52920,买盘
300,14:04:42,8.82,-0.01,532,469224,卖盘
301,14:04:31,8.83,--,81,71523,卖盘
302,14:04:22,8.83,-0.01,40,35320,卖盘
303,14:03:52,8.84,0.01,2,1768,买盘
304,14:03:46,8.83,--,5,4415,卖盘
305,14:03:31,8.83,-0.01,4,3532,卖盘
306,14:03:16,8.84,--,23,20332,买盘
307,14:02:31,8.84,--,4,3536,买盘
308,14:02:16,8.84,0.01,256,226304,买盘
309,14:02:01,8.83,--,15,13245,卖盘
310,14:01:26,8.83,--,5,4415,卖盘
311,14:01:06,8.83,--,20,17660,卖盘
312,14:00:50,8.83,--,2,1766,卖盘
313,13:58:41,8.83,0.01,1,883,中性盘
314,13:58:36,8.82,-0.01,53,46746,卖盘
315,13:58:21,8.83,-0.01,115,101545,卖盘
316,13:58:06,8.84,--,50,44200,卖盘
317,13:57:36,8.84,--,30,26520,卖盘
318,13:57:31,8.84,--,2,1768,卖盘
319,13:57:16,8.84,--,9,7956,买盘
320,13:57:00,8.84,--,51,45084,卖盘
321,13:56:45,8.84,--,51,45084,卖盘
322,13:56:40,8.84,--,69,60996,买盘
323,13:56:31,8.84,--,40,35360,买盘
324,13:56:25,8.84,--,66,58344,买盘
325,13:56:20,8.84,--,8,7072,买盘
326,13:55:55,8.84,--,15,13260,买盘
327,13:55:45,8.84,0.01,5,4420,买盘
328,13:55:25,8.83,-0.01,30,26490,中性盘
329,13:55:15,8.84,0.01,5,4420,买盘
330,13:55:10,8.83,--,8,7064,卖盘
331,13:54:30,8.83,--,5,4415,卖盘
332,13:53:55,8.83,--,12,10596,买盘
333,13:52:50,8.83,--,7,6181,买盘
334,13:52:05,8.83,--,13,11479,买盘
335,13:51:39,8.83,--,0,0,买盘
336,13:51:30,8.83,0.02,10,8830,买盘
337,13:51:00,8.81,--,6,5567,卖盘
338,13:50:45,8.81,--,10,8827,卖盘
339,13:50:29,8.81,-0.02,100,88100,卖盘
340,13:50:25,8.83,--,12,10596,买盘
341,13:50:20,8.83,--,0,0,买盘
342,13:50:05,8.83,0.02,25,22075,买盘
343,13:49:54,8.81,--,7,6167,卖盘
344,13:49:35,8.81,-0.01,126,111006,卖盘
345,13:49:09,8.82,--,0,0,卖盘
346,13:48:59,8.82,-0.02,218,192276,卖盘
347,13:48:34,8.84,0.01,88,77792,买盘
348,13:48:19,8.83,0.01,50,44150,买盘
349,13:47:59,8.82,--,5,4410,卖盘
350,13:47:14,8.82,--,0,0,卖盘
351,13:47:09,8.82,-0.02,9,7938,卖盘
352,13:47:04,8.84,0.01,1,884,买盘
353,13:46:49,8.83,--,8,7064,买盘
354,13:46:39,8.83,--,5,4415,买盘
355,13:46:09,8.83,--,6,5765,买盘
356,13:45:44,8.83,--,2,1766,买盘
357,13:45:39,8.83,--,23,20309,买盘
358,13:45:19,8.83,--,10,8830,买盘
359,13:45:09,8.83,--,4,3532,买盘
360,13:44:54,8.83,0.01,5,4415,买盘
361,13:44:39,8.82,-0.01,5,4410,卖盘
362,13:44:04,8.83,--,26,22958,买盘
363,13:43:44,8.83,0.01,12,10596,买盘
364,13:43:33,8.82,-0.01,7,6174,卖盘
365,13:43:29,8.83,0.01,19,16777,买盘
366,13:42:59,8.82,--,13,11466,卖盘
367,13:42:34,8.82,--,7,6174,卖盘
368,13:42:28,8.82,-0.01,5,4410,卖盘
369,13:42:18,8.83,0.01,3,2649,买盘
370,13:42:03,8.82,--,7,6174,卖盘
371,13:41:58,8.82,--,15,13230,卖盘
372,13:41:33,8.82,--,7,6174,卖盘
373,13:41:28,8.82,--,5,4410,卖盘
374,13:41:03,8.82,--,7,6174,卖盘
375,13:40:57,8.82,--,5,4410,卖盘
376,13:40:33,8.82,--,9,7938,卖盘
377,13:40:28,8.82,--,5,4410,卖盘
378,13:39:58,8.82,--,7,6174,卖盘
379,13:39:53,8.82,--,5,4410,卖盘
380,13:39:32,8.82,--,8,7056,卖盘
381,13:39:28,8.82,--,5,4410,卖盘
382,13:38:58,8.82,--,11,9702,卖盘
383,13:38:52,8.82,--,5,4410,卖盘
384,13:38:43,8.82,0.01,1,882,买盘
385,13:38:38,8.81,--,7,6167,卖盘
386,13:38:32,8.81,--,5,4405,卖盘
387,13:38:03,8.81,--,17,14977,卖盘
388,13:37:58,8.81,--,7,6167,卖盘
389,13:37:53,8.81,--,5,4405,卖盘
390,13:37:33,8.81,--,7,6167,卖盘
391,13:37:27,8.81,--,5,4405,卖盘
392,13:37:03,8.81,--,0,0,卖盘
393,13:36:58,8.81,--,5,4405,卖盘
394,13:36:52,8.81,--,7,6167,卖盘
395,13:36:48,8.81,--,0,0,卖盘
396,13:36:28,8.81,--,28,24826,卖盘
397,13:36:23,8.81,--,5,4405,卖盘
398,13:35:57,8.81,-0.01,5,4405,卖盘
399,13:35:53,8.82,-0.02,7,6174,卖盘
400,13:35:47,8.84,--,0,0,买盘
401,13:35:38,8.84,0.03,7,6188,买盘
402,13:35:28,8.81,--,7,6167,卖盘
403,13:35:22,8.81,--,0,0,卖盘
404,13:35:07,8.81,--,5,4405,卖盘
405,13:34:57,8.81,--,7,6167,卖盘
406,13:34:52,8.81,--,0,0,卖盘
407,13:34:22,8.81,--,12,10572,卖盘
408,13:34:12,8.81,--,0,0,卖盘
409,13:34:01,8.81,--,1,881,卖盘
410,13:33:52,8.81,--,5,4405,卖盘
411,13:33:46,8.81,-0.03,7,6167,卖盘
412,13:33:42,8.84,--,0,0,买盘
413,13:33:37,8.84,0.02,1,884,买盘
414,13:33:27,8.82,--,17,14994,买盘
415,13:33:17,8.82,--,10,8820,买盘
416,13:33:07,8.82,-0.01,102,89964,卖盘
417,13:32:57,8.83,--,0,0,买盘
418,13:32:52,8.83,-0.01,104,92556,卖盘
419,13:32:22,8.84,--,21,18564,买盘
420,13:31:02,8.84,--,10,8840,买盘
421,13:30:57,8.84,--,9,7956,买盘
422,13:30:26,8.84,--,5,4420,买盘
423,13:30:06,8.84,--,141,124644,买盘
424,13:30:01,8.84,--,23,20332,买盘
425,13:29:57,8.84,--,2,1768,买盘
426,13:29:26,8.84,0.01,3,2652,买盘
427,13:29:07,8.83,-0.01,3,2649,卖盘
428,13:28:51,8.84,0.01,35,30940,买盘
429,13:28:31,8.83,--,25,22233,买盘
430,13:27:51,8.83,--,8,7064,买盘
431,13:27:40,8.83,--,6,6022,卖盘
432,13:27:37,8.83,--,8,7064,卖盘
433,13:27:21,8.83,--,79,69757,卖盘
434,13:26:55,8.83,--,10,8830,卖盘
435,13:26:50,8.83,--,35,31063,卖盘
436,13:26:25,8.83,--,27,23841,卖盘
437,13:26:21,8.83,--,12,10596,卖盘
438,13:26:06,8.83,--,2,1766,卖盘
439,13:25:21,8.83,--,50,44150,卖盘
440,13:25:05,8.83,--,4,3532,卖盘
441,13:24:45,8.83,-0.01,11,9713,卖盘
442,13:24:35,8.84,--,8,7072,买盘
443,13:24:25,8.84,--,8,7072,买盘
444,13:24:15,8.84,--,16,14144,买盘
445,13:23:45,8.84,0.01,22,19448,买盘
446,13:22:45,8.83,--,9,7947,卖盘
447,13:22:25,8.83,--,2,1766,卖盘
448,13:22:06,8.83,--,2,1766,卖盘
449,13:20:55,8.83,-0.01,4,3532,卖盘
450,13:19:54,8.84,-0.01,0,362,卖盘
451,13:19:49,8.85,0.01,200,177000,买盘
452,13:18:59,8.84,--,5,4420,卖盘
453,13:18:29,8.84,--,25,22100,卖盘
454,13:18:25,8.84,--,50,44200,卖盘
455,13:18:10,8.84,--,10,8840,卖盘
456,13:17:19,8.84,--,5,4420,卖盘
457,13:17:10,8.84,--,9,7956,卖盘
458,13:16:45,8.84,--,66,58865,买盘
459,13:16:29,8.84,--,2,1768,买盘
460,13:16:19,8.84,--,5,4420,买盘
461,13:15:14,8.84,0.01,100,88400,买盘
462,13:14:24,8.83,-0.01,4,3532,卖盘
463,13:11:54,8.84,--,6,5304,买盘
464,13:11:23,8.84,--,5,4420,买盘
465,13:11:07,8.84,0.01,39,34476,买盘
466,13:10:33,8.83,-0.01,3,2649,卖盘
467,13:10:28,8.84,0.01,50,44200,买盘
468,13:10:19,8.83,-0.01,5,4415,卖盘
469,13:08:54,8.84,0.01,20,17680,买盘
470,13:08:33,8.83,-0.01,6,5298,卖盘
471,13:08:13,8.84,-0.01,7,6550,卖盘
472,13:08:08,8.85,0.01,11,9735,买盘
473,13:07:43,8.84,0.01,102,90689,买盘
474,13:07:08,8.83,--,16,14128,卖盘
475,13:07:03,8.83,-0.01,80,70640,卖盘
476,13:06:27,8.84,--,5,4420,买盘
477,13:06:18,8.84,--,3,2652,买盘
478,13:05:28,8.84,0.01,21,18564,买盘
479,13:03:58,8.83,--,100,88300,卖盘
480,13:02:58,8.83,--,10,8830,卖盘
481,13:02:03,8.83,--,11,9713,卖盘
482,13:01:32,8.83,-0.01,22,19426,卖盘
483,13:01:02,8.84,--,15,13260,买盘
484,13:00:58,8.84,--,30,26520,买盘
485,13:00:42,8.84,0.01,30,26520,买盘
486,13:00:37,8.83,--,10,8830,卖盘
487,13:00:07,8.83,0.01,74,65342,中性盘
488,11:30:00,8.82,--,0,0,卖盘
489,11:29:59,8.82,--,0,0,卖盘
490,11:29:53,8.82,-0.02,3,2646,卖盘
491,11:29:23,8.84,0.02,3,2652,买盘
492,11:27:27,8.82,-0.02,100,88200,卖盘
493,11:26:38,8.84,0.02,10,8840,买盘
494,11:25:48,8.82,--,30,26460,卖盘
495,11:24:12,8.82,--,6,5292,卖盘
496,11:23:52,8.82,--,9,8634,卖盘
497,11:23:42,8.82,-0.02,9,8599,卖盘
498,11:23:37,8.84,0.02,2,1768,买盘
499,11:22:57,8.82,--,1,882,卖盘
500,11:22:17,8.82,--,16,14112,卖盘
501,11:21:02,8.82,--,10,8820,卖盘
502,11:18:21,8.82,--,16,14112,卖盘
503,11:16:41,8.82,--,208,184320,买盘
504,11:16:36,8.82,--,46,40572,买盘
505,11:16:32,8.82,--,20,17640,买盘
506,11:16:26,8.82,--,36,31752,买盘
507,11:15:56,8.82,--,50,44100,买盘
508,11:15:46,8.82,--,4,3528,买盘
509,11:15:41,8.82,--,40,35280,买盘
510,11:15:26,8.82,--,10,8820,买盘
511,11:15:21,8.82,--,100,88200,买盘
512,11:14:56,8.82,--,4,3528,买盘
513,11:14:41,8.82,--,10,8820,买盘
514,11:14:05,8.82,--,1,882,买盘
515,11:13:56,8.82,--,209,184355,卖盘
516,11:13:06,8.82,--,0,793,卖盘
517,11:13:01,8.82,-0.01,100,88200,卖盘
518,11:12:35,8.83,0.01,10,8830,买盘
519,11:12:31,8.82,-0.01,156,137592,卖盘
520,11:12:11,8.83,-0.01,16,14128,卖盘
521,11:12:06,8.84,--,3,2652,买盘
522,11:12:00,8.84,0.01,20,17680,买盘
523,11:11:56,8.83,-0.01,3,2649,卖盘
524,11:10:55,8.84,--,10,8840,买盘
525,11:10:26,8.84,-0.01,72,63648,卖盘
526,11:10:21,8.85,0.01,40,35400,买盘
527,11:09:45,8.84,--,100,88400,卖盘
528,11:09:40,8.84,--,102,90168,买盘
529,11:09:20,8.84,--,130,114920,买盘
530,11:09:00,8.84,--,51,45084,买盘
531,11:08:55,8.84,--,25,22100,买盘
532,11:08:40,8.84,--,50,44200,买盘
533,11:08:10,8.84,--,65,57460,买盘
534,11:07:55,8.84,0.01,37,32708,买盘
535,11:07:30,8.83,-0.01,10,8830,卖盘
536,11:07:20,8.84,-0.01,10,8840,买盘
537,11:07:15,8.85,--,0,0,买盘
538,11:07:00,8.85,0.02,25,22125,买盘
539,11:06:45,8.83,-0.02,1,883,卖盘
540,11:06:24,8.85,0.02,20,17700,买盘
541,11:06:15,8.83,--,30,26490,卖盘
542,11:06:00,8.83,-0.02,20,17660,卖盘
543,11:05:30,8.85,--,30,26550,买盘
544,11:05:15,8.85,--,25,22125,买盘
545,11:04:04,8.85,--,0,0,买盘
546,11:03:30,8.85,--,3,2655,买盘
547,11:03:24,8.85,0.01,80,70800,买盘
548,11:03:20,8.84,0.01,9,7956,买盘
549,11:03:15,8.83,-0.01,191,168653,卖盘
550,11:03:00,8.84,-0.01,30,26520,卖盘
551,11:02:54,8.85,0.01,209,184965,买盘
552,11:02:29,8.84,--,57,50388,卖盘
553,11:02:19,8.84,--,40,35360,卖盘
554,11:02:14,8.84,--,30,26520,卖盘
555,11:01:59,8.84,-0.01,35,30940,卖盘
556,11:01:54,8.85,--,15,13275,买盘
557,11:01:44,8.85,--,20,17700,买盘
558,11:01:34,8.85,--,24,21240,买盘
559,11:01:29,8.85,0.01,318,281430,买盘
560,11:01:24,8.84,-0.01,35,30940,卖盘
561,11:01:14,8.85,0.01,5,4425,买盘
562,11:00:49,8.84,-0.01,8,7072,卖盘
563,11:00:39,8.85,0.01,17,15045,买盘
564,11:00:24,8.84,--,20,17680,卖盘
565,11:00:19,8.84,--,10,8840,卖盘
566,10:59:59,8.84,--,55,48620,买盘
567,10:59:54,8.84,--,8,7072,买盘
568,10:59:43,8.84,--,24,21216,买盘
569,10:59:39,8.84,-0.01,13,11492,卖盘
570,10:59:09,8.85,0.01,25,22125,买盘
571,10:58:48,8.84,--,797,704548,买盘
572,10:58:18,8.84,--,0,0,买盘
573,10:57:54,8.84,--,2,1768,买盘
574,10:57:48,8.84,0.01,49,43316,买盘
575,10:57:43,8.83,-0.01,39,34437,买盘
576,10:57:28,8.84,--,0,0,买盘
577,10:57:19,8.84,0.02,120,106080,买盘
578,10:56:54,8.82,-0.01,3,2646,卖盘
579,10:56:28,8.83,--,5,4415,买盘
580,10:56:18,8.83,--,10,8830,买盘
581,10:56:08,8.83,--,25,22075,买盘
582,10:55:53,8.83,--,24,21192,买盘
583,10:55:37,8.83,--,2,1766,买盘
584,10:55:33,8.83,--,141,124503,买盘
585,10:55:23,8.83,--,1,883,买盘
586,10:55:03,8.83,0.01,12,10596,买盘
587,10:54:53,8.82,-0.01,2,1764,卖盘
588,10:54:33,8.83,--,29,25607,买盘
589,10:54:13,8.83,--,20,17660,买盘
590,10:54:03,8.83,-0.01,7,6181,买盘
591,10:53:52,8.84,--,41,36244,买盘
592,10:53:33,8.84,0.01,134,118456,买盘
593,10:53:07,8.83,0.01,207,182781,买盘
594,10:52:33,8.82,--,1,952,买盘
595,10:52:22,8.82,--,20,17640,买盘
596,10:52:18,8.82,--,34,29988,买盘
597,10:52:03,8.82,--,124,109368,买盘
598,10:51:47,8.82,--,88,77616,买盘
599,10:51:03,8.82,0.01,6,5292,买盘
600,10:50:12,8.81,-0.01,6,5286,卖盘
601,10:50:07,8.82,0.02,25,22050,买盘
602,10:50:03,8.8,--,0,0,卖盘
603,10:48:37,8.8,-0.02,10,8800,卖盘
604,10:48:27,8.82,--,0,0,买盘
605,10:48:02,8.82,--,0,0,买盘
606,10:47:27,8.82,--,3,2646,买盘
607,10:46:12,8.82,--,0,0,买盘
608,10:46:06,8.82,--,2,1764,买盘
609,10:46:01,8.82,0.02,22,19404,买盘
610,10:45:57,8.8,-0.01,89,79059,卖盘
611,10:45:42,8.81,0.01,6,5286,买盘
612,10:45:36,8.8,-0.01,48,42240,卖盘
613,10:45:12,8.81,--,31,27548,卖盘
614,10:44:51,8.81,--,5,4405,卖盘
615,10:44:42,8.81,--,50,44050,卖盘
616,10:44:36,8.81,--,50,44050,卖盘
617,10:42:06,8.81,--,2,1762,卖盘
618,10:41:46,8.81,--,9,7929,卖盘
619,10:41:11,8.81,--,80,70480,卖盘
620,10:40:36,8.81,--,44,39407,买盘
621,10:40:26,8.81,--,10,8810,买盘
622,10:40:06,8.81,0.01,2,1762,买盘
623,10:39:31,8.8,-0.01,21,18638,卖盘
624,10:39:25,8.81,--,145,127982,卖盘
625,10:38:51,8.81,--,9,8572,卖盘
626,10:38:21,8.81,--,5,4405,卖盘
627,10:37:45,8.81,-0.01,16,14096,卖盘
628,10:37:36,8.82,--,2,1764,买盘
629,10:37:30,8.82,0.01,58,51156,买盘
630,10:37:21,8.81,--,16,14096,卖盘
631,10:36:15,8.81,-0.01,12,10572,卖盘
632,10:36:05,8.82,--,20,17640,买盘
633,10:35:45,8.82,-0.01,22,20118,卖盘
634,10:35:15,8.83,0.01,27,23841,买盘
635,10:33:59,8.82,0.01,7,6341,买盘
636,10:33:25,8.81,-0.01,6,5286,卖盘
637,10:33:15,8.82,--,12,10584,买盘
638,10:33:10,8.82,--,8,7056,买盘
639,10:33:00,8.82,--,3,2646,买盘
640,10:32:15,8.82,--,36,32466,卖盘
641,10:32:10,8.82,--,22,19404,卖盘
642,10:31:29,8.82,--,20,17807,卖盘
643,10:30:54,8.82,0.01,5,4410,买盘
644,10:30:19,8.81,--,4,3524,卖盘
645,10:30:04,8.81,--,3,2643,卖盘
646,10:29:45,8.81,--,10,8810,买盘
647,10:29:39,8.81,--,100,88100,买盘
648,10:29:24,8.81,--,3,2643,买盘
649,10:29:14,8.81,--,100,88100,买盘
650,10:28:54,8.81,--,5,4405,买盘
651,10:28:44,8.81,--,7,6167,买盘
652,10:27:54,8.81,0.01,6,5286,买盘
653,10:27:34,8.8,--,0,572,卖盘
654,10:27:09,8.8,-0.01,0,184,卖盘
655,10:26:19,8.81,0.01,30,26430,买盘
656,10:25:53,8.8,--,35,30800,卖盘
657,10:25:49,8.8,--,4,3520,卖盘
658,10:25:34,8.8,--,46,41131,卖盘
659,10:25:23,8.8,--,50,44000,卖盘
660,10:24:38,8.8,--,13,11440,卖盘
661,10:24:28,8.8,-0.01,4,3854,卖盘
662,10:24:13,8.81,0.01,1,881,买盘
663,10:24:03,8.8,0.01,95,83600,买盘
664,10:23:42,8.79,-0.01,20,17580,卖盘
665,10:23:32,8.8,0.01,5,4400,买盘
666,10:23:18,8.79,--,126,110753,卖盘
667,10:23:03,8.79,--,0,0,卖盘
668,10:22:58,8.79,-0.01,28,25200,卖盘
669,10:22:53,8.8,--,98,86768,卖盘
670,10:21:38,8.8,-0.01,1,880,卖盘
671,10:21:08,8.81,0.01,2,1762,买盘
672,10:20:13,8.8,--,10,8800,卖盘
673,10:19:48,8.8,--,19,16720,卖盘
674,10:19:28,8.8,--,60,52800,卖盘
675,10:18:42,8.8,-0.01,18,15840,卖盘
676,10:18:17,8.81,--,50,44050,买盘
677,10:18:13,8.81,--,6,5286,买盘
678,10:18:07,8.81,--,12,10572,买盘
679,10:18:02,8.81,--,136,119816,卖盘
680,10:17:17,8.81,--,4,3524,卖盘
681,10:17:02,8.81,-0.01,3,2643,卖盘
682,10:16:57,8.82,--,21,18522,买盘
683,10:16:43,8.82,--,13,11466,买盘
684,10:16:37,8.82,--,28,24696,买盘
685,10:16:32,8.82,--,10,8820,买盘
686,10:16:27,8.82,0.01,17,14994,买盘
687,10:16:17,8.81,--,76,66956,卖盘
688,10:16:12,8.81,--,5,4405,买盘
689,10:15:26,8.81,--,20,17620,买盘
690,10:15:17,8.81,--,2,1762,买盘
691,10:14:57,8.81,0.01,5,4405,买盘
692,10:14:47,8.8,-0.01,14,12672,卖盘
693,10:14:12,8.81,--,60,52860,买盘
694,10:13:56,8.81,--,5,4405,买盘
695,10:13:07,8.81,--,1,881,买盘
696,10:12:56,8.81,--,40,35240,买盘
697,10:12:52,8.81,--,2,1762,买盘
698,10:12:41,8.81,-0.01,1,881,卖盘
699,10:12:26,8.82,--,0,0,买盘
700,10:12:22,8.82,0.01,200,176400,买盘
701,10:11:51,8.81,--,1,881,卖盘
702,10:11:31,8.81,--,10,8810,卖盘
703,10:11:21,8.81,--,90,79290,买盘
704,10:10:56,8.81,--,10,8810,买盘
705,10:10:37,8.81,-0.01,10,8810,卖盘
706,10:10:27,8.82,--,0,0,买盘
707,10:10:21,8.82,0.02,13,11466,买盘
708,10:10:07,8.8,--,3,2640,卖盘
709,10:09:06,8.8,-0.01,5,4400,卖盘
710,10:08:56,8.81,--,50,44050,买盘
711,10:08:35,8.81,--,40,35240,买盘
712,10:08:26,8.81,--,13,11453,买盘
713,10:08:21,8.81,--,50,44050,买盘
714,10:07:45,8.81,--,23,20263,卖盘
715,10:07:41,8.81,--,17,14977,卖盘
716,10:07:36,8.81,0.01,20,17620,买盘
717,10:07:25,8.8,--,0,0,卖盘
718,10:06:31,8.8,--,0,0,中性盘
719,10:06:26,8.8,0.01,20,17600,买盘
720,10:06:11,8.79,--,0,0,卖盘
721,10:06:06,8.79,-0.01,3,2636,卖盘
722,10:06:01,8.8,0.01,26,22880,买盘
723,10:05:30,8.79,-0.01,24,21570,卖盘
724,10:05:21,8.8,--,100,88000,买盘
725,10:05:06,8.8,--,10,8800,买盘
726,10:04:51,8.8,0.01,5,4400,买盘
727,10:04:45,8.79,--,40,35160,卖盘
728,10:03:20,8.79,--,17,14942,卖盘
729,10:03:05,8.79,--,6,5273,卖盘
730,10:03:00,8.79,--,6,5282,买盘
731,10:02:54,8.79,0.01,1,878,买盘
732,10:02:20,8.78,--,21,18666,卖盘
733,10:01:50,8.78,--,1,877,卖盘
734,10:01:45,8.78,-0.01,32,28095,卖盘
735,10:01:39,8.79,0.01,3,2636,买盘
736,10:01:20,8.78,-0.01,17,15558,卖盘
737,10:01:09,8.79,--,19,17571,卖盘
738,10:01:05,8.79,--,20,17580,卖盘
739,10:01:00,8.79,--,10,8798,买盘
740,10:00:45,8.79,--,10,8790,买盘
741,10:00:35,8.79,0.01,50,43949,买盘
742,10:00:29,8.78,-0.01,50,43900,卖盘
743,10:00:05,8.79,0.01,3,2636,买盘
744,09:59:54,8.78,0.01,14,12292,卖盘
745,09:59:30,8.77,--,0,0,卖盘
746,09:59:24,8.77,-0.01,21,18417,卖盘
747,09:59:20,8.78,0.01,55,48290,买盘
748,09:59:15,8.77,-0.02,6,5262,卖盘
749,09:58:54,8.79,0.01,55,49215,买盘
750,09:58:39,8.78,-0.01,18,15803,卖盘
751,09:58:33,8.79,0.01,1,878,买盘
752,09:58:24,8.78,--,20,17560,卖盘
753,09:58:15,8.78,--,58,50923,卖盘
754,09:58:09,8.78,--,404,354720,买盘
755,09:57:59,8.78,0.01,3,2634,买盘
756,09:57:54,8.77,--,110,96470,卖盘
757,09:57:48,8.77,--,10,8770,卖盘
758,09:57:45,8.77,-0.01,3,2631,卖盘
759,09:57:30,8.78,0.01,3,2634,买盘
760,09:57:24,8.77,-0.01,161,141197,卖盘
761,09:57:18,8.78,--,4,3511,买盘
762,09:56:59,8.78,0.01,13,11414,买盘
763,09:56:44,8.77,--,133,116798,买盘
764,09:56:39,8.77,--,164,144547,卖盘
765,09:56:33,8.77,--,27,23836,卖盘
766,09:56:24,8.77,0.01,156,136812,买盘
767,09:56:18,8.76,-0.01,10,8760,卖盘
768,09:56:09,8.77,--,18,15786,买盘
769,09:56:03,8.77,0.01,15,13155,买盘
770,09:55:54,8.76,-0.01,40,35040,卖盘
771,09:55:44,8.77,--,34,29818,买盘
772,09:55:39,8.77,--,281,246437,卖盘
773,09:55:29,8.77,-0.01,24,21048,卖盘
774,09:55:24,8.78,--,31,27217,买盘
775,09:55:18,8.78,0.01,14,12292,买盘
776,09:55:14,8.77,--,2,1754,卖盘
777,09:55:09,8.77,--,1,877,卖盘
778,09:55:03,8.77,--,216,189432,卖盘
779,09:54:54,8.77,--,41,35957,卖盘
780,09:54:48,8.77,--,4,3508,卖盘
781,09:54:39,8.77,--,5,4385,卖盘
782,09:54:33,8.77,-0.01,10,8770,卖盘
783,09:54:29,8.78,--,10,8780,买盘
784,09:54:18,8.78,--,8,7023,卖盘
785,09:54:14,8.78,--,61,53557,卖盘
786,09:54:09,8.78,--,130,114139,卖盘
787,09:53:54,8.78,-0.01,8,7023,卖盘
788,09:53:48,8.79,0.01,4,3515,买盘
789,09:53:44,8.78,--,20,17560,卖盘
790,09:53:33,8.78,-0.01,33,28973,卖盘
791,09:53:29,8.79,--,5,4395,买盘
792,09:53:14,8.79,--,49,43070,卖盘
793,09:53:09,8.79,--,100,87899,卖盘
794,09:52:54,8.79,--,173,152066,卖盘
795,09:52:39,8.79,--,100,87899,卖盘
796,09:52:33,8.79,--,8,7031,卖盘
797,09:52:29,8.79,-0.01,128,112511,卖盘
798,09:52:23,8.8,--,21,18480,卖盘
799,09:52:03,8.8,--,10,8800,卖盘
800,09:51:42,8.8,-0.01,10,8800,卖盘
801,09:51:33,8.81,--,3,2643,买盘
802,09:51:03,8.81,0.01,44,38764,买盘
803,09:50:54,8.8,-0.01,6,5280,卖盘
804,09:50:39,8.81,--,27,23787,买盘
805,09:50:33,8.81,--,6,5286,买盘
806,09:50:12,8.81,0.01,54,47574,买盘
807,09:49:39,8.8,--,87,76560,卖盘
808,09:49:18,8.8,--,16,14080,卖盘
809,09:49:03,8.8,-0.01,10,8800,卖盘
810,09:48:57,8.81,--,31,27311,卖盘
811,09:48:48,8.81,--,9,7929,卖盘
812,09:48:38,8.81,0.01,5,4405,买盘
813,09:48:18,8.8,--,5,4400,卖盘
814,09:48:12,8.8,--,0,0,中性盘
815,09:48:08,8.8,0.01,25,22000,买盘
816,09:47:53,8.79,-0.01,14,12305,卖盘
817,09:47:38,8.8,--,45,39600,买盘
818,09:47:33,8.8,--,5,4400,买盘
819,09:47:23,8.8,--,432,380160,买盘
820,09:47:18,8.8,--,75,66000,买盘
821,09:47:08,8.8,--,111,97680,买盘
822,09:46:48,8.8,--,9,7920,买盘
823,09:46:42,8.8,--,15,13200,买盘
824,09:46:38,8.8,--,6,5280,买盘
825,09:46:33,8.8,-0.01,314,276320,卖盘
826,09:46:23,8.81,--,140,123340,买盘
827,09:46:03,8.81,0.01,10,8810,买盘
828,09:45:57,8.8,--,0,0,卖盘
829,09:45:52,8.8,-0.01,43,37840,卖盘
830,09:45:38,8.81,--,12,10572,买盘
831,09:45:18,8.81,-0.01,10,8810,中性盘
832,09:45:12,8.82,0.01,2,1764,买盘
833,09:45:07,8.81,0.01,2,1762,买盘
834,09:44:57,8.8,-0.01,30,26400,卖盘
835,09:44:53,8.81,--,0,0,中性盘
836,09:44:47,8.81,0.01,10,8810,卖盘
837,09:44:36,8.8,--,0,0,卖盘
838,09:44:27,8.8,--,0,0,卖盘
839,09:44:12,8.8,--,0,0,卖盘
840,09:43:47,8.8,--,17,14960,卖盘
841,09:43:32,8.8,-0.01,57,50160,卖盘
842,09:43:27,8.81,-0.01,233,205273,卖盘
843,09:42:51,8.82,--,20,17640,卖盘
844,09:42:33,8.82,--,1,882,中性盘
845,09:42:27,8.82,-0.01,10,8820,卖盘
846,09:42:12,8.83,--,6,6172,卖盘
847,09:42:02,8.83,--,35,30905,卖盘
848,09:41:51,8.83,-0.01,7,6181,卖盘
849,09:41:36,8.84,0.01,10,8840,买盘
850,09:41:17,8.83,--,16,14136,买盘
851,09:40:51,8.83,--,90,80344,卖盘
852,09:40:36,8.83,0.01,51,45041,买盘
853,09:40:32,8.82,-0.01,124,109950,卖盘
854,09:40:27,8.83,--,13,11479,卖盘
855,09:40:12,8.83,0.01,3,2649,买盘
856,09:40:06,8.82,-0.01,50,44100,卖盘
857,09:40:02,8.83,--,0,0,中性盘
858,09:39:57,8.83,--,8,7064,买盘
859,09:39:42,8.83,0.01,2,1766,买盘
860,09:39:32,8.82,--,0,0,卖盘
861,09:39:27,8.82,-0.01,1,882,卖盘
862,09:39:21,8.83,--,0,0,买盘
863,09:38:57,8.83,--,4,4406,卖盘
864,09:38:47,8.83,--,51,45041,买盘
865,09:38:27,8.83,--,3,2649,买盘
866,09:38:21,8.83,-0.01,57,51205,卖盘
867,09:38:17,8.84,--,20,17680,买盘
868,09:37:57,8.84,--,4,3536,买盘
869,09:37:36,8.84,--,14,12376,买盘
870,09:37:26,8.84,0.01,5,4420,买盘
871,09:37:11,8.83,-0.01,5,4415,卖盘
872,09:37:06,8.84,--,6,5304,买盘
873,09:37:00,8.84,--,5,4420,买盘
874,09:36:56,8.84,--,8,7072,买盘
875,09:36:51,8.84,--,2,1768,买盘
876,09:36:42,8.84,0.01,10,8840,买盘
877,09:36:26,8.83,-0.01,2,1774,中性盘
878,09:36:21,8.84,0.03,31,27404,买盘
879,09:36:15,8.81,-0.02,86,75766,卖盘
880,09:36:00,8.83,--,8,7064,买盘
881,09:35:56,8.83,--,20,17660,买盘
882,09:35:45,8.83,--,10,8830,买盘
883,09:35:27,8.83,0.01,12,10596,买盘
884,09:35:11,8.82,--,10,8820,卖盘
885,09:34:41,8.82,0.01,37,32634,买盘
886,09:34:11,8.81,--,5,4405,卖盘
887,09:33:41,8.81,--,2,1762,卖盘
888,09:33:26,8.81,-0.01,57,50217,卖盘
889,09:33:15,8.82,--,3,2646,买盘
890,09:33:00,8.82,-0.01,10,8820,卖盘
891,09:32:56,8.83,--,2,1766,买盘
892,09:32:51,8.83,--,5,4415,买盘
893,09:32:36,8.83,--,23,20309,卖盘
894,09:32:26,8.83,--,54,47682,卖盘
895,09:32:21,8.83,--,89,78587,卖盘
896,09:32:15,8.83,-0.01,6,5298,卖盘
897,09:32:06,8.84,-0.01,1,884,买盘
898,09:32:00,8.85,--,0,0,买盘
899,09:31:51,8.85,0.02,30,26550,买盘
900,09:31:45,8.83,--,0,0,卖盘
901,09:31:30,8.83,--,29,25607,买盘
902,09:31:00,8.83,0.03,20,17660,买盘
903,09:30:06,8.8,--,6,5280,卖盘
904,09:28:44,8.8,--,0,0,卖盘
905,09:25:04,8.8,8.8,37,32560,买盘
