,time,price,change,volume,amount,type
0,15:00:00,10.09,--,0,0,卖盘
1,15:00:00,10.09,--,10,10090,卖盘
2,14:59:59,10.09,--,23,23207,买盘
3,14:59:55,10.09,0.01,23,23207,买盘
4,14:59:49,10.08,-0.01,36,36288,卖盘
5,14:59:45,10.09,--,136,137224,卖盘
6,14:59:40,10.09,-0.01,51,51459,卖盘
7,14:59:34,10.1,0.01,10,10100,买盘
8,14:59:30,10.09,--,15,15135,买盘
9,14:59:25,10.09,--,28,28252,买盘
10,14:59:19,10.09,0.01,217,218953,买盘
11,14:59:15,10.08,-0.01,21,21168,卖盘
12,14:59:10,10.09,0.01,15,15135,中性盘
13,14:59:04,10.08,-0.01,122,122976,卖盘
14,14:59:00,10.09,--,425,428825,卖盘
15,14:58:55,10.09,--,10,10090,卖盘
16,14:58:49,10.09,--,33,33297,卖盘
17,14:58:45,10.09,0.01,47,47937,买盘
18,14:58:34,10.08,--,103,103824,卖盘
19,14:58:30,10.08,--,40,40320,卖盘
20,14:58:25,10.08,-0.01,2,2016,卖盘
21,14:58:19,10.09,--,315,317835,买盘
22,14:58:15,10.09,0.01,21,21189,买盘
23,14:58:10,10.08,--,51,51408,卖盘
24,14:58:04,10.08,--,5,5040,卖盘
25,14:58:00,10.08,--,2,2016,卖盘
26,14:57:49,10.08,--,32,32256,卖盘
27,14:57:44,10.08,-0.01,30,30240,卖盘
28,14:57:34,10.09,0.01,128,129152,买盘
29,14:57:29,10.08,--,10,10080,卖盘
30,14:57:19,10.08,--,10,10080,卖盘
31,14:57:09,10.08,--,25,25200,卖盘
32,14:57:04,10.08,-0.01,20,20160,卖盘
33,14:56:59,10.09,--,19,19171,买盘
34,14:56:49,10.09,0.01,30,30270,买盘
35,14:56:44,10.08,--,99,99792,卖盘
36,14:56:34,10.08,--,5,5040,卖盘
37,14:56:29,10.08,-0.01,69,69552,卖盘
38,14:56:24,10.09,0.01,8,8072,买盘
39,14:56:14,10.08,-0.01,57,57456,卖盘
40,14:56:09,10.09,0.01,10,10090,买盘
41,14:56:04,10.08,--,130,131040,卖盘
42,14:55:59,10.08,--,40,40320,卖盘
43,14:55:54,10.08,-0.01,5,5040,卖盘
44,14:55:49,10.09,0.01,20,20180,买盘
45,14:55:44,10.08,--,19,19152,卖盘
46,14:55:34,10.08,--,54,54432,卖盘
47,14:55:29,10.08,--,64,64512,卖盘
48,14:55:24,10.08,--,5,5040,卖盘
49,14:55:19,10.08,--,36,36288,卖盘
50,14:55:14,10.08,--,13,13104,卖盘
51,14:55:09,10.08,--,30,30240,卖盘
52,14:55:04,10.08,--,63,63504,卖盘
53,14:54:59,10.08,--,36,36288,卖盘
54,14:54:44,10.08,-0.01,20,20160,卖盘
55,14:54:39,10.09,--,7,7063,买盘
56,14:54:34,10.09,--,5,5045,买盘
57,14:54:29,10.09,0.01,20,20180,买盘
58,14:54:24,10.08,-0.01,12,12096,卖盘
59,14:54:19,10.09,--,100,100900,买盘
60,14:54:09,10.09,--,78,78702,买盘
61,14:54:04,10.09,0.01,226,228034,买盘
62,14:53:58,10.08,-0.01,47,47376,卖盘
63,14:53:43,10.09,0.01,66,66594,买盘
64,14:53:34,10.08,--,181,182448,卖盘
65,14:53:28,10.08,--,140,141422,买盘
66,14:53:24,10.08,--,11,11088,买盘
67,14:53:19,10.08,--,182,183456,买盘
68,14:53:09,10.08,--,8,8064,买盘
69,14:53:04,10.08,0.01,21,21168,买盘
70,14:52:58,10.07,--,11,11077,卖盘
71,14:52:54,10.07,-0.01,18,18126,卖盘
72,14:52:49,10.08,--,15,15120,买盘
73,14:52:43,10.08,--,28,28224,买盘
74,14:52:39,10.08,--,39,39312,买盘
75,14:52:34,10.08,0.01,129,130032,买盘
76,14:52:28,10.07,-0.01,20,20140,卖盘
77,14:52:24,10.08,0.01,5,5040,买盘
78,14:52:19,10.07,--,27,27189,卖盘
79,14:52:13,10.07,--,25,25175,卖盘
80,14:51:58,10.07,0.01,216,217562,买盘
81,14:51:54,10.06,--,22,22132,卖盘
82,14:51:49,10.06,-0.01,13,13078,卖盘
83,14:51:43,10.07,--,20,20140,买盘
84,14:51:39,10.07,0.01,62,62434,买盘
85,14:51:34,10.06,-0.01,6,6036,卖盘
86,14:51:28,10.07,--,1,1007,买盘
87,14:51:13,10.07,0.01,23,23161,买盘
88,14:51:03,10.06,--,23,23138,卖盘
89,14:50:58,10.06,--,33,33198,买盘
90,14:50:54,10.06,0.01,1,1006,买盘
91,14:50:43,10.05,--,0,0,卖盘
92,14:50:38,10.05,-0.01,25,25125,卖盘
93,14:50:28,10.06,--,5,5030,卖盘
94,14:50:24,10.06,--,21,21126,买盘
95,14:50:13,10.06,--,2,2012,买盘
96,14:50:03,10.06,--,15,15090,买盘
97,14:49:58,10.06,--,25,25150,买盘
98,14:49:53,10.06,--,5,5030,买盘
99,14:49:43,10.06,0.01,139,139834,买盘
100,14:49:28,10.05,-0.02,20,20100,卖盘
101,14:49:23,10.07,--,6,6042,买盘
102,14:49:18,10.07,--,19,19133,买盘
103,14:49:13,10.07,0.01,20,20140,买盘
104,14:49:08,10.06,-0.01,8,8048,中性盘
105,14:49:03,10.07,--,12,12084,买盘
106,14:48:53,10.07,0.02,54,54378,买盘
107,14:48:43,10.05,-0.02,32,32160,卖盘
108,14:48:38,10.07,0.02,108,108756,买盘
109,14:48:33,10.05,-0.02,8,8040,卖盘
110,14:48:28,10.07,0.01,167,168169,买盘
111,14:48:23,10.06,-0.01,8,8048,卖盘
112,14:48:18,10.07,--,0,0,买盘
113,14:48:08,10.07,--,23,23161,买盘
114,14:47:53,10.07,--,0,0,买盘
115,14:47:48,10.07,0.03,271,272897,买盘
116,14:47:43,10.04,--,10,10040,卖盘
117,14:47:38,10.04,--,2,2007,卖盘
118,14:47:28,10.04,--,5,5020,卖盘
119,14:47:23,10.04,-0.01,5,5020,卖盘
120,14:47:13,10.05,--,2,2010,买盘
121,14:47:03,10.05,-0.01,207,208035,卖盘
122,14:46:58,10.06,0.01,5,5030,买盘
123,14:46:53,10.05,--,10,10050,卖盘
124,14:46:48,10.05,-0.01,9,9045,卖盘
125,14:46:43,10.06,--,13,13078,买盘
126,14:46:28,10.06,0.01,36,36216,买盘
127,14:46:22,10.05,--,8,8040,卖盘
128,14:46:18,10.05,-0.01,1,1005,卖盘
129,14:46:07,10.06,0.01,74,74444,买盘
130,14:46:03,10.05,--,1,1005,卖盘
131,14:45:43,10.05,--,1,1005,卖盘
132,14:45:37,10.05,-0.01,10,10050,卖盘
133,14:45:28,10.06,--,1,1006,买盘
134,14:45:18,10.06,0.01,5,5030,买盘
135,14:45:07,10.05,-0.01,12,12060,卖盘
136,14:45:03,10.06,--,178,179068,卖盘
137,14:44:48,10.06,--,43,43258,买盘
138,14:44:42,10.06,-0.01,1,1006,买盘
139,14:44:37,10.07,--,0,0,买盘
140,14:44:22,10.07,0.01,3,3021,买盘
141,14:44:18,10.06,--,50,50300,卖盘
142,14:44:12,10.06,-0.01,2,2012,卖盘
143,14:44:07,10.07,0.01,14,14098,买盘
144,14:44:03,10.06,-0.01,14,14084,卖盘
145,14:43:57,10.07,0.01,72,72504,买盘
146,14:43:52,10.06,-0.01,10,10060,卖盘
147,14:43:47,10.07,--,1,1007,买盘
148,14:43:37,10.07,0.01,40,40280,买盘
149,14:43:32,10.06,-0.01,55,55330,卖盘
150,14:43:27,10.07,--,1,1007,买盘
151,14:43:22,10.07,0.01,2,2014,买盘
152,14:43:18,10.06,-0.01,7,7042,卖盘
153,14:43:12,10.07,0.01,6,6042,买盘
154,14:43:07,10.06,--,63,63378,卖盘
155,14:42:47,10.06,--,9,9054,买盘
156,14:42:42,10.06,--,10,10060,买盘
157,14:42:27,10.06,--,10,10060,卖盘
158,14:42:22,10.06,--,2,2012,卖盘
159,14:42:12,10.06,--,15,15090,卖盘
160,14:42:07,10.06,-0.01,10,10060,卖盘
161,14:42:02,10.07,0.01,1,1007,买盘
162,14:41:52,10.06,--,15,15090,卖盘
163,14:41:47,10.06,--,68,68408,买盘
164,14:41:37,10.06,-0.01,30,30180,卖盘
165,14:41:32,10.07,0.01,5,5035,买盘
166,14:41:22,10.06,--,3,3018,卖盘
167,14:41:17,10.06,--,52,52312,卖盘
168,14:41:07,10.06,-0.01,5,5030,卖盘
169,14:41:02,10.07,--,8,8056,买盘
170,14:40:52,10.07,--,10,10070,买盘
171,14:40:42,10.07,--,1,1007,买盘
172,14:40:27,10.07,0.01,2,2014,买盘
173,14:40:22,10.06,--,5,5030,卖盘
174,14:40:17,10.06,-0.01,12,12072,卖盘
175,14:40:12,10.07,--,6,6042,买盘
176,14:40:07,10.07,0.01,1,1007,买盘
177,14:40:02,10.06,-0.02,2,2012,卖盘
178,14:39:52,10.08,--,0,0,买盘
179,14:39:47,10.08,0.01,329,331632,买盘
180,14:39:42,10.07,--,1,1007,买盘
181,14:39:37,10.07,--,10,10070,买盘
182,14:39:31,10.07,--,0,0,买盘
183,14:39:27,10.07,--,105,105735,买盘
184,14:39:22,10.07,--,0,0,买盘
185,14:39:16,10.07,--,1,1007,买盘
186,14:39:12,10.07,0.01,200,201400,买盘
187,14:39:07,10.06,--,20,20120,买盘
188,14:39:01,10.06,--,1,1006,买盘
189,14:38:57,10.06,--,89,90238,卖盘
190,14:38:52,10.06,-0.01,2,2012,卖盘
191,14:38:42,10.07,0.01,1,1007,买盘
192,14:38:31,10.06,--,17,17403,买盘
193,14:38:27,10.06,--,56,56336,买盘
194,14:38:22,10.06,--,18,18108,买盘
195,14:38:16,10.06,--,10,10060,买盘
196,14:38:06,10.06,--,40,40240,买盘
197,14:38:01,10.06,--,1,1006,买盘
198,14:37:57,10.06,--,15,15090,买盘
199,14:37:51,10.06,--,11,11066,买盘
200,14:37:46,10.06,--,46,46276,买盘
201,14:37:42,10.06,--,2,2012,买盘
202,14:37:26,10.06,--,2,2012,买盘
203,14:37:21,10.06,--,17,17806,卖盘
204,14:37:16,10.06,-0.02,20,20120,卖盘
205,14:37:12,10.08,--,15,15120,买盘
206,14:37:06,10.08,0.01,130,131040,买盘
207,14:37:01,10.07,0.01,180,181260,买盘
208,14:36:57,10.06,--,151,151906,卖盘
209,14:36:51,10.06,--,9,9054,卖盘
210,14:36:46,10.06,0.01,300,302101,买盘
211,14:36:42,10.05,0.04,9,9045,买盘
212,14:36:36,10.01,--,0,0,卖盘
213,14:36:31,10.01,-0.01,132,132132,卖盘
214,14:36:26,10.02,-0.03,6,6012,卖盘
215,14:36:21,10.05,0.02,117,117585,买盘
216,14:36:16,10.03,--,3,3009,买盘
217,14:36:11,10.03,0.02,6,6018,买盘
218,14:35:56,10.01,--,0,0,卖盘
219,14:35:51,10.01,--,32,32032,卖盘
220,14:35:31,10.01,--,0,0,卖盘
221,14:35:16,10.01,-0.02,6,6006,卖盘
222,14:35:11,10.03,0.02,1,1002,买盘
223,14:35:01,10.01,--,19,19019,买盘
224,14:34:46,10.01,--,29,29029,买盘
225,14:34:41,10.01,--,44,44044,买盘
226,14:34:31,10.01,--,2,2002,买盘
227,14:34:26,10.01,--,12,12012,买盘
228,14:34:21,10.01,--,3,3003,买盘
229,14:34:16,10.01,-0.02,215,215215,卖盘
230,14:34:11,10.03,--,2,2005,买盘
231,14:34:06,10.03,-0.01,54,54162,卖盘
232,14:34:01,10.04,--,14,14055,买盘
233,14:33:51,10.04,0.01,1,1003,买盘
234,14:33:46,10.03,-0.01,8,8023,卖盘
235,14:33:41,10.04,0.01,20,20080,买盘
236,14:33:36,10.03,-0.01,7,7021,卖盘
237,14:33:31,10.04,0.01,10,10040,买盘
238,14:33:21,10.03,--,30,30089,买盘
239,14:33:16,10.03,--,1,1002,买盘
240,14:33:11,10.03,--,13,13039,卖盘
241,14:33:01,10.03,-0.01,20,20060,卖盘
242,14:32:56,10.04,--,10,10040,买盘
243,14:32:51,10.04,--,2,2007,买盘
244,14:32:46,10.04,--,5,5020,买盘
245,14:32:41,10.04,--,9,9036,买盘
246,14:32:36,10.04,--,5,5020,买盘
247,14:32:31,10.04,-0.01,95,96082,卖盘
248,14:32:21,10.05,0.01,12,12060,买盘
249,14:32:06,10.04,-0.01,10,10040,卖盘
250,14:31:36,10.05,0.01,24,24120,买盘
251,14:31:25,10.04,-0.01,6,6023,卖盘
252,14:31:21,10.05,0.02,28,28441,买盘
253,14:31:10,10.03,--,6,6018,卖盘
254,14:31:06,10.03,--,42,42126,买盘
255,14:30:45,10.03,--,12,12036,买盘
256,14:30:40,10.03,-0.01,21,21063,买盘
257,14:30:36,10.04,--,1,1003,买盘
258,14:30:20,10.04,0.04,65,65259,买盘
259,14:29:55,10.0,0.01,136,136000,中性盘
260,14:29:35,9.99,--,5,4995,卖盘
261,14:29:30,9.99,--,5,4995,卖盘
262,14:29:25,9.99,0.01,41,40959,买盘
263,14:29:15,9.98,-0.01,33,32934,卖盘
264,14:29:10,9.99,0.01,147,146853,买盘
265,14:29:05,9.98,-0.01,10,9980,卖盘
266,14:29:00,9.99,--,30,29970,买盘
267,14:28:55,9.99,--,29,28971,买盘
268,14:28:50,9.99,--,65,64935,买盘
269,14:28:45,9.99,0.01,32,31968,买盘
270,14:28:40,9.98,-0.01,30,29940,卖盘
271,14:28:35,9.99,--,7,6993,买盘
272,14:28:30,9.99,--,10,9990,买盘
273,14:28:25,9.99,0.01,42,41958,买盘
274,14:28:20,9.98,-0.01,134,133732,卖盘
275,14:28:15,9.99,--,1,999,买盘
276,14:28:05,9.99,-0.04,692,691308,卖盘
277,14:28:00,10.03,0.02,1,1002,买盘
278,14:27:40,10.01,-0.02,60,60060,卖盘
279,14:27:35,10.03,0.02,1,1002,买盘
280,14:27:25,10.01,0.01,1,1001,买盘
281,14:27:05,10.0,--,126,126000,买盘
282,14:27:00,10.0,--,18,18000,买盘
283,14:26:55,10.0,--,107,107000,买盘
284,14:26:50,10.0,--,43,43000,买盘
285,14:26:45,10.0,--,46,46000,买盘
286,14:26:40,10.0,--,15,15000,买盘
287,14:26:35,10.0,--,227,227000,买盘
288,14:26:30,10.0,--,16,16000,买盘
289,14:26:25,10.0,--,31,31000,买盘
290,14:26:20,10.0,0.01,4,4000,买盘
291,14:26:05,9.99,-0.01,6,5994,卖盘
292,14:26:00,10.0,--,5,5000,买盘
293,14:25:55,10.0,0.01,32,32000,买盘
294,14:25:50,9.99,-0.01,14,13986,卖盘
295,14:25:45,10.0,--,33,33000,买盘
296,14:25:35,10.0,--,59,59000,买盘
297,14:25:25,10.0,--,10,10000,买盘
298,14:25:20,10.0,--,10,10000,买盘
299,14:25:04,10.0,--,110,110000,买盘
300,14:24:59,10.0,--,20,20000,买盘
301,14:24:54,10.0,0.01,55,55000,买盘
302,14:24:50,9.99,-0.01,8,7992,卖盘
303,14:24:45,10.0,--,63,63000,买盘
304,14:24:39,10.0,--,5,5000,买盘
305,14:24:30,10.0,--,20,20000,买盘
306,14:24:24,10.0,0.01,14,14000,买盘
307,14:24:19,9.99,-0.01,12,11988,卖盘
308,14:24:14,10.0,--,111,111000,买盘
309,14:24:09,10.0,0.01,3,3000,买盘
310,14:24:04,9.99,-0.01,4,3996,卖盘
311,14:23:49,10.0,--,10,10000,买盘
312,14:23:45,10.0,0.01,2,2000,买盘
313,14:23:29,9.99,-0.01,5,4995,卖盘
314,14:23:24,10.0,0.01,30,30000,买盘
315,14:23:19,9.99,-0.01,5,4995,卖盘
316,14:23:04,10.0,--,11,11000,买盘
317,14:22:54,10.0,--,6,6000,买盘
318,14:22:49,10.0,0.01,10,10000,买盘
319,14:22:44,9.99,-0.01,20,19980,卖盘
320,14:22:34,10.0,0.01,111,111000,买盘
321,14:22:29,9.99,-0.01,12,11988,卖盘
322,14:22:19,10.0,0.01,5,5000,买盘
323,14:22:04,9.99,-0.01,16,15984,卖盘
324,14:21:59,10.0,0.01,8,8000,买盘
325,14:21:49,9.99,--,63,62937,卖盘
326,14:21:44,9.99,-0.01,50,49950,卖盘
327,14:21:39,10.0,0.01,10,10000,买盘
328,14:21:24,9.99,-0.01,2,1998,卖盘
329,14:21:14,10.0,--,10,10000,买盘
330,14:21:04,10.0,--,4,4000,买盘
331,14:20:59,10.0,--,11,11000,买盘
332,14:20:44,10.0,--,321,321000,买盘
333,14:20:39,10.0,--,7,7000,买盘
334,14:20:34,10.0,0.01,74,74000,买盘
335,14:20:29,9.99,--,31,30969,卖盘
336,14:20:19,9.99,-0.01,144,143856,卖盘
337,14:20:14,10.0,0.01,6,6000,买盘
338,14:20:04,9.99,-0.01,75,74925,卖盘
339,14:19:59,10.0,--,74,74000,买盘
340,14:19:49,10.0,--,16,16000,买盘
341,14:19:44,10.0,--,18,18000,买盘
342,14:19:39,10.0,--,18,18000,卖盘
343,14:19:34,10.0,--,4,4000,卖盘
344,14:19:29,10.0,--,6,6000,买盘
345,14:19:24,10.0,--,114,114000,买盘
346,14:19:19,10.0,--,61,61000,买盘
347,14:19:14,10.0,0.01,64,64000,买盘
348,14:19:09,9.99,-0.01,13,12987,卖盘
349,14:19:04,10.0,--,58,58000,买盘
350,14:18:58,10.0,--,190,190000,买盘
351,14:18:54,10.0,--,17,17000,买盘
352,14:18:44,10.0,--,55,55000,买盘
353,14:18:39,10.0,--,33,33000,买盘
354,14:18:29,10.0,--,3,3000,买盘
355,14:18:23,10.0,-0.05,439,439000,卖盘
356,14:18:19,10.05,--,69,69345,买盘
357,14:18:14,10.05,--,0,0,买盘
358,14:18:08,10.05,--,4,4020,买盘
359,14:17:59,10.05,--,1,1005,买盘
360,14:17:53,10.05,0.05,5,5025,买盘
361,14:17:38,10.0,--,0,0,卖盘
362,14:17:29,10.0,-0.05,116,116000,卖盘
363,14:17:23,10.05,--,2,2010,卖盘
364,14:17:19,10.05,0.05,92,92460,买盘
365,14:17:14,10.0,--,81,81000,卖盘
366,14:16:58,10.0,--,173,173000,卖盘
367,14:16:53,10.0,-0.02,3,3000,卖盘
368,14:16:48,10.02,--,10,10020,买盘
369,14:16:43,10.02,0.02,122,122244,买盘
370,14:16:38,10.0,--,8,8000,卖盘
371,14:16:28,10.0,-0.02,271,271000,卖盘
372,14:16:23,10.02,-0.01,31,31062,卖盘
373,14:16:13,10.03,0.01,8,8023,买盘
374,14:16:08,10.02,-0.01,50,50100,卖盘
375,14:15:58,10.03,--,37,37111,卖盘
376,14:15:48,10.03,--,8,8023,卖盘
377,14:15:38,10.03,--,3,3009,卖盘
378,14:15:28,10.03,0.01,121,121362,卖盘
379,14:15:23,10.02,--,0,0,卖盘
380,14:15:18,10.02,--,0,0,卖盘
381,14:15:13,10.02,-0.01,78,78156,卖盘
382,14:15:08,10.03,--,17,17051,卖盘
383,14:15:03,10.03,0.01,6,6018,中性盘
384,14:14:58,10.02,--,15,15030,卖盘
385,14:14:53,10.02,-0.05,6,6012,卖盘
386,14:14:43,10.07,--,11,11077,中性盘
387,14:14:38,10.07,0.05,10,10070,买盘
388,14:14:28,10.02,0.02,11,11022,卖盘
389,14:14:23,10.0,--,180,180240,买盘
390,14:14:18,10.0,0.01,35,35000,买盘
391,14:14:13,9.99,-0.01,34,33966,卖盘
392,14:14:08,10.0,-0.02,1870,1870760,卖盘
393,14:14:03,10.02,--,0,0,卖盘
394,14:13:58,10.02,--,3,3006,卖盘
395,14:13:53,10.02,-0.07,800,801600,卖盘
396,14:13:43,10.09,0.02,442,445978,买盘
397,14:13:23,10.07,--,1,1007,卖盘
398,14:13:03,10.07,-0.01,3,3021,卖盘
399,14:12:48,10.08,-0.01,9,9072,卖盘
400,14:12:28,10.09,--,4,4036,买盘
401,14:12:22,10.09,--,4,4036,买盘
402,14:11:58,10.09,0.02,47,47423,买盘
403,14:11:53,10.07,-0.02,20,20140,卖盘
404,14:11:47,10.09,0.01,113,114017,买盘
405,14:11:43,10.08,0.01,1,1008,买盘
406,14:11:28,10.07,--,2,2014,卖盘
407,14:11:22,10.07,0.01,6,6042,买盘
408,14:11:18,10.06,--,6,6036,卖盘
409,14:11:08,10.06,-0.01,152,152912,卖盘
410,14:10:53,10.07,-0.01,1,1007,卖盘
411,14:10:47,10.08,0.01,1,1008,买盘
412,14:10:42,10.07,--,1,1007,卖盘
413,14:10:37,10.07,--,2,2014,卖盘
414,14:10:32,10.07,--,3,3021,卖盘
415,14:10:27,10.07,--,71,71497,卖盘
416,14:10:23,10.07,--,13,13091,卖盘
417,14:10:02,10.07,-0.01,100,100700,卖盘
418,14:09:53,10.08,--,103,103824,买盘
419,14:09:23,10.08,--,3,3024,买盘
420,14:09:17,10.08,--,10,10080,买盘
421,14:09:12,10.08,--,6,6048,买盘
422,14:09:07,10.08,--,16,16128,卖盘
423,14:09:02,10.08,--,20,20160,卖盘
424,14:08:17,10.08,-0.02,1,1008,卖盘
425,14:08:12,10.1,0.02,101,102010,买盘
426,14:08:07,10.08,-0.01,14,14112,卖盘
427,14:08:02,10.09,0.01,1,1009,买盘
428,14:07:52,10.08,--,4,4032,卖盘
429,14:07:47,10.08,-0.01,20,20160,卖盘
430,14:07:37,10.09,0.01,8,8072,买盘
431,14:07:32,10.08,-0.01,13,13104,卖盘
432,14:07:17,10.09,0.01,1,1009,买盘
433,14:07:12,10.08,--,5,5040,卖盘
434,14:06:37,10.08,-0.02,1,1008,卖盘
435,14:06:32,10.1,0.01,107,108070,买盘
436,14:06:27,10.09,--,1,1009,买盘
437,14:05:57,10.09,--,16,16144,卖盘
438,14:05:47,10.09,--,3,3027,卖盘
439,14:05:37,10.09,0.01,14,14126,买盘
440,14:05:07,10.08,--,10,10080,卖盘
441,14:04:57,10.08,--,1,1008,卖盘
442,14:04:52,10.08,--,2,2016,卖盘
443,14:04:46,10.08,-0.02,10,10080,买盘
444,14:04:42,10.1,0.02,101,102010,买盘
445,14:04:37,10.08,--,137,138096,卖盘
446,14:04:31,10.08,--,5,5040,卖盘
447,14:04:16,10.08,--,3,3024,卖盘
448,14:04:12,10.08,--,7,7056,卖盘
449,14:04:01,10.08,--,47,47376,卖盘
450,14:03:46,10.08,--,22,22176,卖盘
451,14:03:31,10.08,--,9,9072,卖盘
452,14:03:16,10.08,-0.02,5,5040,卖盘
453,14:03:05,10.1,--,1,1010,买盘
454,14:03:01,10.1,0.02,101,102010,买盘
455,14:02:56,10.08,--,20,20160,卖盘
456,14:02:36,10.08,-0.02,19,19152,卖盘
457,14:02:31,10.1,--,8,8080,买盘
458,14:02:16,10.1,--,1,1010,买盘
459,14:02:01,10.1,--,4,4040,买盘
460,14:01:31,10.1,0.02,7,7070,买盘
461,14:01:26,10.08,--,10,10080,卖盘
462,14:01:16,10.08,--,212,213696,卖盘
463,14:00:56,10.08,--,2,2016,买盘
464,14:00:51,10.08,--,1,1008,买盘
465,14:00:41,10.08,--,1,1008,买盘
466,14:00:35,10.08,--,7,7056,买盘
467,14:00:16,10.08,-0.02,90,90720,卖盘
468,14:00:11,10.1,-0.01,152,153520,卖盘
469,14:00:06,10.11,--,12,12132,买盘
470,13:59:56,10.11,--,5,5055,买盘
471,13:59:41,10.11,0.01,26,26286,买盘
472,13:59:36,10.1,--,11,11110,卖盘
473,13:59:31,10.1,--,181,182810,卖盘
474,13:59:26,10.1,--,21,21210,卖盘
475,13:59:16,10.1,-0.01,5,5050,卖盘
476,13:59:11,10.11,0.01,50,50550,买盘
477,13:59:06,10.1,-0.01,6,6060,卖盘
478,13:59:01,10.11,--,1,1011,买盘
479,13:58:56,10.11,0.01,21,21231,买盘
480,13:58:46,10.1,0.02,88,88880,买盘
481,13:58:36,10.08,-0.02,20,20160,卖盘
482,13:58:31,10.1,--,11,11110,买盘
483,13:58:21,10.1,--,0,0,买盘
484,13:58:11,10.1,--,2,2020,买盘
485,13:58:06,10.1,--,29,29290,买盘
486,13:58:01,10.1,--,304,307040,买盘
487,13:57:56,10.1,-0.02,17,17170,买盘
488,13:57:51,10.12,0.01,388,392655,买盘
489,13:57:46,10.11,0.01,108,109188,买盘
490,13:57:41,10.1,--,17,17170,卖盘
491,13:57:26,10.1,0.01,98,98980,买盘
492,13:57:16,10.09,-0.01,365,368285,卖盘
493,13:57:10,10.1,--,301,304010,买盘
494,13:57:05,10.1,--,300,303000,买盘
495,13:57:00,10.1,--,80,80800,买盘
496,13:56:56,10.1,--,30,30300,买盘
497,13:56:50,10.1,--,5,5050,买盘
498,13:56:40,10.1,--,195,196950,买盘
499,13:56:35,10.1,--,139,140390,买盘
500,13:56:25,10.1,--,209,211090,买盘
501,13:56:20,10.1,--,82,82820,买盘
502,13:56:15,10.1,--,6,6060,买盘
503,13:56:10,10.1,--,30,30300,买盘
504,13:56:05,10.1,0.01,214,216140,买盘
505,13:55:40,10.09,--,74,74908,买盘
506,13:55:35,10.09,--,286,288574,买盘
507,13:55:30,10.09,--,10,10090,买盘
508,13:55:25,10.09,0.01,5,5045,买盘
509,13:55:10,10.08,-0.01,22,22176,卖盘
510,13:55:05,10.09,0.01,56,56504,买盘
511,13:54:55,10.08,--,50,50400,买盘
512,13:54:45,10.08,--,1,1008,买盘
513,13:54:40,10.08,--,8,8064,买盘
514,13:54:35,10.08,--,21,21168,卖盘
515,13:54:25,10.08,--,14,14112,买盘
516,13:54:20,10.08,--,31,31248,买盘
517,13:54:15,10.08,--,127,128016,买盘
518,13:54:10,10.08,0.01,1,1008,买盘
519,13:54:00,10.07,-0.01,35,35245,卖盘
520,13:53:55,10.08,0.01,50,50400,买盘
521,13:53:50,10.07,--,20,20140,卖盘
522,13:53:40,10.07,-0.02,22,22154,卖盘
523,13:53:35,10.09,0.02,18,18162,买盘
524,13:53:20,10.07,-0.02,72,72504,卖盘
525,13:53:10,10.09,--,0,0,买盘
526,13:53:05,10.09,0.02,47,47423,买盘
527,13:52:55,10.07,-0.02,10,10070,卖盘
528,13:52:50,10.09,0.01,47,47423,买盘
529,13:52:35,10.08,--,106,106848,买盘
530,13:52:30,10.08,0.01,1,1008,中性盘
531,13:52:25,10.07,-0.02,15,15105,卖盘
532,13:52:20,10.09,0.03,408,411672,买盘
533,13:52:15,10.06,-0.02,48,48288,卖盘
534,13:52:10,10.08,--,2,2016,买盘
535,13:52:05,10.08,0.01,15,15120,买盘
536,13:52:00,10.07,-0.01,1,1007,卖盘
537,13:51:55,10.08,--,1,1008,买盘
538,13:51:50,10.08,--,60,60480,买盘
539,13:51:45,10.08,--,10,10080,买盘
540,13:51:25,10.08,--,1,1008,买盘
541,13:51:20,10.08,--,0,0,买盘
542,13:51:15,10.08,--,100,100800,买盘
543,13:51:05,10.08,0.02,14,14112,买盘
544,13:51:00,10.06,--,0,0,卖盘
545,13:50:55,10.06,-0.02,7,7042,卖盘
546,13:50:50,10.08,0.01,107,107856,买盘
547,13:50:45,10.07,0.01,1,1007,买盘
548,13:50:35,10.06,-0.01,3,3018,卖盘
549,13:50:14,10.07,0.01,1,1007,买盘
550,13:50:10,10.06,-0.02,13,13078,卖盘
551,13:50:05,10.08,--,0,0,买盘
552,13:49:44,10.08,--,0,0,买盘
553,13:49:40,10.08,0.02,2,2016,买盘
554,13:49:20,10.06,-0.02,14,14084,卖盘
555,13:48:59,10.08,0.01,100,100800,买盘
556,13:48:49,10.07,-0.01,25,25175,卖盘
557,13:48:44,10.08,0.01,5,5040,买盘
558,13:48:34,10.07,-0.01,31,31217,买盘
559,13:48:24,10.08,--,0,0,买盘
560,13:48:19,10.08,--,11,11088,买盘
561,13:48:14,10.08,--,35,35280,买盘
562,13:48:09,10.08,--,0,0,买盘
563,13:47:54,10.08,--,4,4032,买盘
564,13:47:34,10.08,--,0,0,买盘
565,13:47:19,10.08,0.01,101,101808,买盘
566,13:47:14,10.07,--,40,40280,买盘
567,13:46:59,10.07,--,1,1007,买盘
568,13:46:24,10.07,--,10,10070,卖盘
569,13:46:14,10.07,-0.01,1,1007,卖盘
570,13:46:04,10.08,--,64,64512,买盘
571,13:45:59,10.08,--,6,6048,买盘
572,13:45:54,10.08,--,2,2016,买盘
573,13:45:49,10.08,0.01,31,31248,买盘
574,13:45:44,10.07,-0.01,10,10070,卖盘
575,13:45:34,10.08,--,192,193536,买盘
576,13:45:04,10.08,--,14,14112,买盘
577,13:44:59,10.08,--,51,51408,买盘
578,13:44:49,10.08,--,5,5040,买盘
579,13:44:44,10.08,--,9,9072,买盘
580,13:44:39,10.08,--,43,43344,买盘
581,13:44:24,10.08,0.01,1,1008,买盘
582,13:44:19,10.07,-0.01,10,10070,卖盘
583,13:44:14,10.08,--,44,44352,买盘
584,13:44:04,10.08,0.01,20,20160,买盘
585,13:43:59,10.07,-0.01,19,19133,卖盘
586,13:43:54,10.08,0.01,1,1008,买盘
587,13:43:34,10.07,--,118,118826,卖盘
588,13:43:29,10.07,--,25,25175,卖盘
589,13:43:14,10.07,--,265,266855,买盘
590,13:43:09,10.07,0.01,1,1007,买盘
591,13:42:59,10.06,-0.01,10,10060,卖盘
592,13:42:49,10.07,--,17,17119,买盘
593,13:42:44,10.07,--,2,2014,买盘
594,13:42:34,10.07,0.01,1,1007,买盘
595,13:42:19,10.06,-0.01,3,3018,卖盘
596,13:42:08,10.07,--,24,24168,买盘
597,13:41:53,10.07,--,2,2014,买盘
598,13:41:43,10.07,0.01,194,195358,买盘
599,13:41:28,10.06,--,20,20120,卖盘
600,13:41:23,10.06,-0.01,2,2012,卖盘
601,13:41:18,10.07,0.01,1,1007,买盘
602,13:41:13,10.06,-0.01,25,25150,卖盘
603,13:40:48,10.07,--,1,1007,买盘
604,13:40:43,10.07,--,1,1007,买盘
605,13:40:37,10.07,--,5,5035,买盘
606,13:40:23,10.07,--,7,7049,买盘
607,13:40:08,10.07,--,1,1007,买盘
608,13:39:58,10.07,0.02,110,110770,买盘
609,13:39:53,10.05,-0.01,33,33165,卖盘
610,13:39:38,10.06,0.01,11,11066,买盘
611,13:39:28,10.05,-0.01,13,13065,卖盘
612,13:39:17,10.06,0.01,20,20120,买盘
613,13:39:13,10.05,-0.01,16,16080,卖盘
614,13:39:08,10.06,0.01,3,3018,买盘
615,13:38:38,10.05,--,1,1005,卖盘
616,13:38:33,10.05,--,12,12060,买盘
617,13:38:28,10.05,0.01,26,26130,买盘
618,13:38:23,10.04,-0.01,34,34136,卖盘
619,13:38:13,10.05,--,224,225120,买盘
620,13:38:08,10.05,--,105,105525,买盘
621,13:37:58,10.05,0.01,6,6030,买盘
622,13:37:53,10.04,--,100,100399,卖盘
623,13:37:43,10.04,-0.01,10,10040,卖盘
624,13:37:38,10.05,0.01,2,2010,买盘
625,13:37:23,10.04,-0.01,6,6023,卖盘
626,13:37:13,10.05,0.01,3,3015,买盘
627,13:37:03,10.04,--,13,13051,卖盘
628,13:36:58,10.04,--,3,3011,卖盘
629,13:36:53,10.04,--,37,37148,卖盘
630,13:36:43,10.04,--,1014,1018055,卖盘
631,13:36:28,10.04,--,40,40160,卖盘
632,13:36:23,10.04,--,111,111443,卖盘
633,13:36:17,10.04,-0.01,5,5020,卖盘
634,13:36:08,10.05,0.01,3,3015,买盘
635,13:35:58,10.04,--,2,2007,卖盘
636,13:35:53,10.04,--,0,0,中性盘
637,13:35:42,10.04,--,5,5020,买盘
638,13:35:38,10.04,-0.01,1,1003,中性盘
639,13:35:32,10.05,0.02,3,3015,买盘
640,13:35:22,10.03,-0.02,1,1002,卖盘
641,13:35:02,10.05,0.01,20,20100,买盘
642,13:34:57,10.04,-0.01,1,1003,卖盘
643,13:34:52,10.05,--,1,1005,买盘
644,13:34:37,10.05,--,110,110550,买盘
645,13:34:31,10.05,--,8,8040,买盘
646,13:34:12,10.05,--,1,1005,买盘
647,13:34:02,10.05,--,5,5025,买盘
648,13:33:42,10.05,--,1,1005,买盘
649,13:33:37,10.05,0.02,1,1005,买盘
650,13:33:22,10.03,-0.02,228,228683,卖盘
651,13:33:07,10.05,0.01,2,2010,买盘
652,13:32:47,10.04,--,102,102407,买盘
653,13:32:31,10.04,--,11,11043,买盘
654,13:32:22,10.04,-0.01,27,27107,卖盘
655,13:32:12,10.05,--,11,11055,买盘
656,13:32:07,10.05,0.01,10,10050,买盘
657,13:32:02,10.04,-0.01,10,10040,卖盘
658,13:31:52,10.05,--,1,1005,买盘
659,13:31:47,10.05,--,3,3015,买盘
660,13:31:42,10.05,--,10,10050,买盘
661,13:31:22,10.05,--,1,1005,买盘
662,13:31:16,10.05,0.01,1,1005,买盘
663,13:31:07,10.04,0.01,107,107427,买盘
664,13:31:02,10.03,-0.01,10,10030,卖盘
665,13:30:52,10.04,--,1,1003,买盘
666,13:30:42,10.04,--,30,30119,买盘
667,13:30:32,10.04,-0.01,8,8031,中性盘
668,13:30:17,10.05,--,1,1005,买盘
669,13:29:57,10.05,--,151,151755,买盘
670,13:29:46,10.05,--,1,1005,买盘
671,13:29:37,10.05,--,85,85425,买盘
672,13:29:31,10.05,--,5,5025,买盘
673,13:29:22,10.05,--,101,101505,买盘
674,13:29:16,10.05,--,218,219090,买盘
675,13:29:12,10.05,--,0,0,买盘
676,13:29:07,10.05,--,1,1005,买盘
677,13:28:52,10.05,0.02,14,14070,买盘
678,13:28:46,10.03,-0.01,27,27081,卖盘
679,13:28:41,10.04,-0.01,42,42168,卖盘
680,13:28:37,10.05,0.02,56,56280,买盘
681,13:28:01,10.03,--,1,1002,卖盘
682,13:27:55,10.03,-0.01,10,10030,卖盘
683,13:27:40,10.04,0.02,128,128511,买盘
684,13:27:37,10.02,--,2,2004,卖盘
685,13:27:25,10.02,--,3,3006,卖盘
686,13:27:16,10.02,-0.01,6,6012,卖盘
687,13:27:10,10.03,0.01,3,3009,买盘
688,13:27:06,10.02,--,10,10020,卖盘
689,13:27:01,10.02,--,10,10020,卖盘
690,13:26:55,10.02,--,10,10020,卖盘
691,13:26:46,10.02,--,3,3006,卖盘
692,13:26:36,10.02,--,11,11022,卖盘
693,13:26:16,10.02,-0.02,40,40080,卖盘
694,13:26:10,10.04,--,9,9036,买盘
695,13:26:01,10.04,-0.01,1,1003,买盘
696,13:25:55,10.05,--,0,0,买盘
697,13:25:51,10.05,0.03,110,110550,买盘
698,13:25:46,10.02,-0.03,35,35070,卖盘
699,13:25:36,10.05,--,0,0,买盘
700,13:25:31,10.05,0.01,252,253260,买盘
701,13:25:21,10.04,0.01,5,5020,卖盘
702,13:25:01,10.03,--,0,0,卖盘
703,13:24:55,10.03,-0.01,83,83249,卖盘
704,13:24:31,10.04,--,2,2007,卖盘
705,13:24:21,10.04,0.01,2,2007,卖盘
706,13:24:16,10.03,--,10,10030,卖盘
707,13:24:10,10.03,--,10,10030,卖盘
708,13:24:01,10.03,-0.01,132,132396,卖盘
709,13:23:55,10.04,--,23,23091,买盘
710,13:23:16,10.04,--,10,10040,买盘
711,13:22:40,10.04,0.01,10,10040,买盘
712,13:22:21,10.03,-0.01,4,4011,卖盘
713,13:22:06,10.04,0.01,130,130519,买盘
714,13:22:01,10.03,--,4,4011,卖盘
715,13:21:16,10.03,-0.01,20,20060,卖盘
716,13:21:01,10.04,0.01,10,10040,买盘
717,13:20:49,10.03,--,5,5015,卖盘
718,13:20:25,10.03,--,55,55165,卖盘
719,13:20:15,10.03,--,2,2005,卖盘
720,13:20:10,10.03,--,6,6018,卖盘
721,13:20:04,10.03,--,10,10030,卖盘
722,13:19:55,10.03,-0.02,12,12036,卖盘
723,13:19:49,10.05,0.02,110,110550,买盘
724,13:19:40,10.03,-0.01,1,1002,卖盘
725,13:18:40,10.04,--,39,39156,卖盘
726,13:18:34,10.04,--,40,40160,卖盘
727,13:18:19,10.04,--,21,21084,卖盘
728,13:18:10,10.04,--,16,16063,卖盘
729,13:18:04,10.04,--,120,120479,卖盘
730,13:18:00,10.04,--,5,5020,卖盘
731,13:17:49,10.04,--,4,4015,卖盘
732,13:17:40,10.04,--,7,7027,卖盘
733,13:17:34,10.04,--,27,27107,卖盘
734,13:17:25,10.04,--,7,7027,卖盘
735,13:17:19,10.04,--,2,2007,卖盘
736,13:16:40,10.04,-0.01,52,52207,卖盘
737,13:16:15,10.05,--,101,101505,买盘
738,13:16:09,10.05,-0.01,297,298485,卖盘
739,13:15:55,10.06,--,10,10060,买盘
740,13:15:49,10.06,--,4,4024,买盘
741,13:15:45,10.06,--,43,43258,买盘
742,13:15:24,10.06,-0.01,102,102612,卖盘
743,13:15:04,10.07,--,1,1007,买盘
744,13:14:45,10.07,--,48,48336,买盘
745,13:14:34,10.07,--,115,115805,买盘
746,13:14:30,10.07,--,10,10070,买盘
747,13:13:58,10.07,--,3,3021,买盘
748,13:12:58,10.07,--,3,3021,买盘
749,13:12:43,10.07,--,0,0,买盘
750,13:12:34,10.07,0.02,117,117819,买盘
751,13:12:09,10.05,-0.02,4,4020,买盘
752,13:12:04,10.07,--,0,0,买盘
753,13:11:39,10.07,--,15,15105,买盘
754,13:11:24,10.07,--,5,5035,买盘
755,13:11:13,10.07,--,13,13091,买盘
756,13:10:38,10.07,0.03,122,122854,买盘
757,13:10:34,10.04,--,6,6023,卖盘
758,13:10:13,10.04,--,15,15059,卖盘
759,13:09:04,10.04,--,10,10040,卖盘
760,13:08:54,10.04,0.01,339,340356,买盘
761,13:08:49,10.03,-0.01,31,31092,卖盘
762,13:08:34,10.04,0.01,104,104415,买盘
763,13:08:28,10.03,-0.01,38,38114,卖盘
764,13:08:24,10.04,--,8,8031,买盘
765,13:08:13,10.04,--,159,159636,卖盘
766,13:07:24,10.04,--,0,0,卖盘
767,13:07:18,10.04,--,2,2007,卖盘
768,13:06:58,10.04,-0.02,10,10040,卖盘
769,13:06:48,10.06,0.02,128,128768,买盘
770,13:06:43,10.04,--,10,10040,卖盘
771,13:06:18,10.04,-0.02,11,11043,卖盘
772,13:06:03,10.06,--,10,10060,买盘
773,13:05:43,10.06,--,3,3018,买盘
774,13:05:03,10.06,--,1,1006,买盘
775,13:04:43,10.06,0.03,115,115690,买盘
776,13:04:37,10.03,-0.03,20,20060,卖盘
777,13:04:18,10.06,--,2,2012,买盘
778,13:04:07,10.06,0.03,9,9054,买盘
779,13:03:58,10.03,-0.03,1,1002,卖盘
780,13:03:47,10.06,--,18,18108,买盘
781,13:03:43,10.06,--,1,1006,买盘
782,13:03:13,10.06,-0.01,8,8048,中性盘
783,13:03:07,10.07,--,0,0,买盘
784,13:02:58,10.07,--,0,0,买盘
785,13:02:52,10.07,0.04,101,101707,买盘
786,13:02:48,10.03,-0.03,25,25075,卖盘
787,13:02:37,10.06,--,3,3018,卖盘
788,13:02:33,10.06,--,56,56336,卖盘
789,13:02:18,10.06,0.03,12,12072,买盘
790,13:02:13,10.03,--,1,1002,卖盘
791,13:01:58,10.03,-0.02,30,30089,卖盘
792,13:01:43,10.05,0.02,13,13065,买盘
793,13:01:37,10.03,-0.01,8,8023,卖盘
794,13:01:32,10.04,--,4,4015,卖盘
795,13:01:28,10.04,--,8,8031,卖盘
796,13:01:22,10.04,--,0,0,卖盘
797,13:01:13,10.04,-0.03,8,8031,卖盘
798,13:01:07,10.07,0.01,201,202407,买盘
799,13:00:58,10.06,-0.01,8,8048,卖盘
800,13:00:43,10.07,--,123,123861,卖盘
801,13:00:07,10.07,0.05,81,81567,买盘
802,13:00:03,10.02,-0.06,37,37074,卖盘
803,11:30:00,10.08,--,0,0,买盘
804,11:29:59,10.08,--,0,0,买盘
805,11:29:33,10.08,--,0,0,买盘
806,11:29:28,10.08,0.06,127,128016,买盘
807,11:29:23,10.02,--,7,7014,买盘
808,11:29:13,10.02,--,1,1002,买盘
809,11:29:03,10.02,-0.06,281,281562,卖盘
810,11:28:43,10.08,0.04,19,19152,买盘
811,11:28:38,10.04,-0.01,31,31123,卖盘
812,11:28:33,10.05,--,0,0,中性盘
813,11:28:28,10.05,--,5,5025,买盘
814,11:28:18,10.05,-0.03,10,10050,卖盘
815,11:27:48,10.08,0.02,262,264096,买盘
816,11:27:27,10.06,--,10,10060,卖盘
817,11:27:03,10.06,--,4,4024,卖盘
818,11:26:53,10.06,--,5,5030,卖盘
819,11:26:33,10.06,-0.01,5,5030,卖盘
820,11:26:18,10.07,-0.01,27,27944,卖盘
821,11:26:12,10.08,--,107,107856,买盘
822,11:26:03,10.08,0.01,87,87696,买盘
823,11:25:53,10.07,--,10,10070,卖盘
824,11:25:48,10.07,-0.01,6,6042,卖盘
825,11:25:42,10.08,--,343,345744,买盘
826,11:25:38,10.08,0.01,5,5040,买盘
827,11:25:33,10.07,--,3,3021,卖盘
828,11:25:27,10.07,--,12,12084,卖盘
829,11:25:23,10.07,--,3,3021,卖盘
830,11:25:12,10.07,--,10,10070,卖盘
831,11:25:07,10.07,--,7,7300,卖盘
832,11:24:53,10.07,--,17,17119,买盘
833,11:24:48,10.07,0.01,3,3021,买盘
834,11:24:42,10.06,-0.01,1,1006,卖盘
835,11:24:37,10.07,--,124,124868,买盘
836,11:24:22,10.07,-0.01,18,18126,卖盘
837,11:24:12,10.08,0.01,30,30240,买盘
838,11:24:07,10.07,--,1,1007,卖盘
839,11:23:57,10.07,--,5,5035,卖盘
840,11:23:52,10.07,--,13,13091,卖盘
841,11:23:37,10.07,--,4,4028,卖盘
842,11:23:32,10.07,--,50,50350,卖盘
843,11:23:27,10.07,--,5,5035,卖盘
844,11:23:22,10.07,--,5,5035,卖盘
845,11:23:12,10.07,--,28,28196,卖盘
846,11:23:07,10.07,--,10,10070,卖盘
847,11:23:02,10.07,--,14,14098,卖盘
848,11:22:57,10.07,--,104,104728,卖盘
849,11:22:52,10.07,--,1,1007,卖盘
850,11:22:42,10.07,-0.01,10,10070,买盘
851,11:22:27,10.08,--,40,40320,买盘
852,11:22:22,10.08,--,0,0,买盘
853,11:22:07,10.08,--,5,5040,买盘
854,11:21:57,10.08,0.02,6,6048,买盘
855,11:21:52,10.06,-0.02,5,5030,卖盘
856,11:21:22,10.08,0.01,147,148176,买盘
857,11:20:37,10.07,--,39,39273,买盘
858,11:20:32,10.07,--,10,10070,买盘
859,11:20:27,10.07,-0.01,56,56392,卖盘
860,11:20:17,10.08,--,9,9072,买盘
861,11:20:12,10.08,--,21,21168,买盘
862,11:20:07,10.08,--,15,15120,买盘
863,11:20:02,10.08,--,6,6048,买盘
864,11:19:57,10.08,0.01,12,12096,买盘
865,11:19:52,10.07,-0.01,10,10070,中性盘
866,11:19:42,10.08,0.01,110,110880,买盘
867,11:19:27,10.07,--,31,31217,买盘
868,11:19:21,10.07,0.01,2,2014,买盘
869,11:19:17,10.06,--,42,42252,卖盘
870,11:19:12,10.06,--,5,5030,卖盘
871,11:19:06,10.06,--,10,10060,卖盘
872,11:18:57,10.06,--,25,25150,卖盘
873,11:18:51,10.06,--,10,10060,卖盘
874,11:18:42,10.06,--,1,1006,卖盘
875,11:18:36,10.06,--,8,8048,卖盘
876,11:18:12,10.06,0.02,305,306830,买盘
877,11:17:51,10.04,-0.02,15,15059,卖盘
878,11:17:17,10.06,--,3,3018,买盘
879,11:16:47,10.06,--,0,0,买盘
880,11:16:36,10.06,0.02,108,108648,买盘
881,11:16:26,10.04,--,14,14055,买盘
882,11:16:21,10.04,0.01,2,2007,买盘
883,11:16:16,10.03,-0.01,3,3009,卖盘
884,11:16:06,10.04,0.01,10,10040,买盘
885,11:16:01,10.03,--,2,2005,卖盘
886,11:15:51,10.03,-0.01,22,22066,卖盘
887,11:15:21,10.04,--,8,8031,买盘
888,11:15:06,10.04,--,142,142568,买盘
889,11:14:46,10.04,0.01,8,8031,买盘
890,11:14:16,10.03,--,59,59176,卖盘
891,11:14:06,10.03,0.01,27,27081,卖盘
892,11:13:51,10.02,-0.02,4,4008,卖盘
893,11:13:41,10.04,--,3,3011,买盘
894,11:13:36,10.04,0.02,9,9036,买盘
895,11:13:31,10.02,-0.02,20,20040,卖盘
896,11:13:21,10.04,--,116,116463,买盘
897,11:13:16,10.04,--,0,0,买盘
898,11:12:56,10.04,0.02,10,10040,买盘
899,11:12:51,10.02,--,45,45090,买盘
900,11:12:46,10.02,--,15,15030,卖盘
901,11:12:36,10.02,--,5,5010,买盘
902,11:12:21,10.02,--,10,10020,买盘
903,11:12:11,10.02,--,1,1002,买盘
904,11:11:51,10.02,0.01,13,13026,买盘
905,11:11:46,10.01,-0.01,125,125125,卖盘
906,11:11:36,10.02,--,113,113226,买盘
907,11:11:21,10.02,-0.02,258,258516,卖盘
908,11:11:06,10.04,-0.01,500,501999,卖盘
909,11:11:00,10.05,--,6,6030,卖盘
910,11:10:51,10.05,-0.01,10,10050,卖盘
911,11:10:41,10.06,--,5,5030,买盘
912,11:10:30,10.06,--,48,48288,卖盘
913,11:10:15,10.06,-0.01,20,20120,卖盘
914,11:10:00,10.07,0.01,106,106742,买盘
915,11:09:56,10.06,--,5,5030,买盘
916,11:09:45,10.06,--,12,12072,买盘
917,11:09:41,10.06,-0.01,1,1006,买盘
918,11:09:25,10.07,--,0,0,买盘
919,11:09:15,10.07,0.01,96,96672,买盘
920,11:09:11,10.06,--,10,10060,卖盘
921,11:09:05,10.06,--,5,5030,卖盘
922,11:08:55,10.06,--,23,23138,卖盘
923,11:08:50,10.06,--,2,2012,卖盘
924,11:08:45,10.06,-0.01,20,20120,卖盘
925,11:08:40,10.07,--,6,6042,买盘
926,11:08:30,10.07,--,18,18126,买盘
927,11:08:25,10.07,--,109,109763,买盘
928,11:08:20,10.07,0.01,1,1007,买盘
929,11:08:15,10.06,--,110,110660,卖盘
930,11:08:10,10.06,--,4,4024,卖盘
931,11:08:00,10.06,-0.01,16,16096,卖盘
932,11:07:50,10.07,0.01,40,40280,买盘
933,11:07:45,10.06,-0.01,27,27162,卖盘
934,11:07:35,10.07,0.01,3,3021,买盘
935,11:07:30,10.06,--,14,14084,卖盘
936,11:07:25,10.06,-0.01,2,2012,卖盘
937,11:07:15,10.07,--,94,94658,卖盘
938,11:07:10,10.07,0.01,1,1007,卖盘
939,11:07:00,10.06,-0.02,17,17102,卖盘
940,11:06:50,10.08,0.01,103,103824,买盘
941,11:06:45,10.07,--,1,1007,买盘
942,11:06:40,10.07,--,2,2014,买盘
943,11:06:30,10.07,0.01,1,1007,买盘
944,11:06:25,10.06,-0.01,12,12072,卖盘
945,11:06:20,10.07,-0.01,3,3021,卖盘
946,11:06:05,10.08,--,0,0,买盘
947,11:06:00,10.08,--,11,11088,买盘
948,11:05:55,10.08,--,0,0,买盘
949,11:05:40,10.08,--,2,2016,买盘
950,11:05:35,10.08,0.01,20,20160,买盘
951,11:05:30,10.07,-0.01,8,8056,买盘
952,11:05:25,10.08,--,0,0,买盘
953,11:05:15,10.08,0.01,107,107856,买盘
954,11:05:10,10.07,--,12,12084,买盘
955,11:05:05,10.07,-0.01,40,40280,卖盘
956,11:05:00,10.08,0.01,11,11088,买盘
957,11:04:50,10.07,--,5,5035,卖盘
958,11:04:45,10.07,--,1,1007,卖盘
959,11:04:40,10.07,--,130,130910,卖盘
960,11:04:30,10.07,--,10,10070,卖盘
961,11:04:25,10.07,--,20,20140,卖盘
962,11:04:15,10.07,-0.01,10,10070,卖盘
963,11:04:00,10.08,0.01,122,122976,买盘
964,11:03:45,10.07,-0.01,53,53371,卖盘
965,11:03:40,10.08,0.01,296,298368,买盘
966,11:03:09,10.07,0.01,1,1007,买盘
967,11:03:05,10.06,--,0,0,卖盘
968,11:03:00,10.06,-0.01,20,20120,卖盘
969,11:02:54,10.07,-0.01,8,8056,卖盘
970,11:02:50,10.08,0.01,10,10080,买盘
971,11:02:44,10.07,--,10,10070,卖盘
972,11:02:39,10.07,--,5,5035,卖盘
973,11:02:35,10.07,--,16,16112,卖盘
974,11:02:30,10.07,-0.02,1,1007,卖盘
975,11:02:24,10.09,--,0,0,买盘
976,11:02:19,10.09,0.02,1,1009,买盘
977,11:02:09,10.07,-0.02,48,48336,卖盘
978,11:02:04,10.09,--,25,25225,买盘
979,11:01:59,10.09,0.01,114,115026,买盘
980,11:01:54,10.08,--,21,21168,卖盘
981,11:01:50,10.08,-0.01,6,6048,卖盘
982,11:01:34,10.09,--,50,50450,卖盘
983,11:01:29,10.09,--,3,3027,卖盘
984,11:01:24,10.09,-0.01,198,199782,卖盘
985,11:01:19,10.1,0.01,105,106050,买盘
986,11:01:09,10.09,--,11,11099,卖盘
987,11:01:04,10.09,--,15,15135,买盘
988,11:00:59,10.09,0.01,1,1009,买盘
989,11:00:54,10.08,--,55,55440,卖盘
990,11:00:49,10.08,--,75,75600,买盘
991,11:00:44,10.08,--,54,54432,买盘
992,11:00:39,10.08,--,35,35280,买盘
993,11:00:29,10.08,-0.02,16,16128,买盘
994,11:00:24,10.1,0.02,396,399960,买盘
995,11:00:19,10.08,-0.01,81,81648,卖盘
996,11:00:14,10.09,--,16,16144,买盘
997,11:00:09,10.09,0.01,11,11099,买盘
998,11:00:04,10.08,-0.01,2,2016,卖盘
999,10:59:59,10.09,0.01,23,23207,买盘
1000,10:59:54,10.08,0.01,5,5040,中性盘
1001,10:59:49,10.07,-0.01,16,16112,卖盘
1002,10:59:44,10.08,--,4,4032,买盘
1003,10:59:39,10.08,--,310,312480,买盘
1004,10:59:34,10.08,--,82,82656,买盘
1005,10:59:29,10.08,--,169,170352,买盘
1006,10:59:09,10.08,--,204,205632,买盘
1007,10:59:04,10.08,0.01,11,11088,买盘
1008,10:58:54,10.07,--,21,21147,买盘
1009,10:58:49,10.07,--,100,100700,买盘
1010,10:58:43,10.07,--,1,1007,买盘
1011,10:58:39,10.07,--,155,156085,买盘
1012,10:58:34,10.07,0.01,11,11077,买盘
1013,10:58:29,10.06,--,1,1006,买盘
1014,10:58:24,10.06,--,19,19114,买盘
1015,10:58:19,10.06,--,223,224338,买盘
1016,10:58:09,10.06,0.01,4,4024,买盘
1017,10:58:04,10.05,--,73,73365,卖盘
1018,10:57:59,10.05,--,12,12060,卖盘
1019,10:57:54,10.05,-0.01,100,100500,卖盘
1020,10:57:49,10.06,--,22,22132,买盘
1021,10:57:39,10.06,0.01,1,1006,买盘
1022,10:57:34,10.05,--,7,7035,买盘
1023,10:57:28,10.05,--,1,1005,买盘
1024,10:57:24,10.05,-0.01,8,8040,卖盘
1025,10:57:19,10.06,--,110,110660,买盘
1026,10:57:14,10.06,0.01,106,106636,买盘
1027,10:57:04,10.05,-0.01,1,1005,卖盘
1028,10:56:54,10.06,--,1,1006,买盘
1029,10:56:49,10.06,--,0,0,买盘
1030,10:56:43,10.06,--,214,215284,买盘
1031,10:56:33,10.06,0.02,4,4024,买盘
1032,10:56:28,10.04,-0.02,8,8031,卖盘
1033,10:56:18,10.06,0.02,1,1006,买盘
1034,10:56:08,10.04,--,4,4015,买盘
1035,10:56:03,10.04,--,3,3011,买盘
1036,10:55:53,10.04,-0.03,14,14055,卖盘
1037,10:55:48,10.07,--,0,0,买盘
1038,10:55:43,10.07,0.02,121,121847,买盘
1039,10:55:33,10.05,-0.01,1,1005,卖盘
1040,10:55:28,10.06,0.01,26,26156,买盘
1041,10:55:13,10.05,-0.01,5,5025,卖盘
1042,10:55:03,10.06,--,1,1006,买盘
1043,10:54:58,10.06,--,11,11066,买盘
1044,10:54:53,10.06,--,10,10060,买盘
1045,10:54:43,10.06,--,21,21126,买盘
1046,10:54:28,10.06,--,10,10060,买盘
1047,10:54:18,10.06,--,13,13078,买盘
1048,10:54:13,10.06,0.02,121,121726,买盘
1049,10:53:48,10.04,--,22,22087,买盘
1050,10:53:33,10.04,-0.02,32,32127,卖盘
1051,10:53:28,10.06,0.02,119,119714,买盘
1052,10:53:23,10.04,--,4,4015,卖盘
1053,10:53:18,10.04,-0.01,7,7027,卖盘
1054,10:53:13,10.05,0.01,2,2010,买盘
1055,10:53:03,10.04,0.01,12,12047,卖盘
1056,10:52:58,10.03,-0.02,8,8023,卖盘
1057,10:52:52,10.05,--,0,0,买盘
1058,10:52:48,10.05,0.01,473,475365,买盘
1059,10:52:33,10.04,-0.02,263,264052,卖盘
1060,10:52:28,10.06,--,157,157942,买盘
1061,10:52:18,10.06,0.02,66,66396,买盘
1062,10:52:03,10.04,-0.01,9,9036,卖盘
1063,10:51:37,10.05,--,97,97485,买盘
1064,10:51:28,10.05,0.01,46,46230,买盘
1065,10:51:18,10.04,-0.01,4,4015,卖盘
1066,10:51:03,10.05,--,6,6030,买盘
1067,10:50:58,10.05,--,1,1005,买盘
1068,10:50:52,10.05,--,109,109545,买盘
1069,10:50:48,10.05,0.01,10,10050,买盘
1070,10:50:43,10.04,-0.01,9,9036,卖盘
1071,10:50:37,10.05,0.01,30,30150,买盘
1072,10:50:13,10.04,--,19,19076,买盘
1073,10:50:07,10.04,--,15,15059,买盘
1074,10:50:03,10.04,--,20,20080,买盘
1075,10:49:58,10.04,--,8,8031,买盘
1076,10:49:52,10.04,--,7,7027,买盘
1077,10:49:47,10.04,0.01,50,50199,买盘
1078,10:49:43,10.03,-0.01,4,4011,卖盘
1079,10:49:37,10.04,--,10,10040,买盘
1080,10:49:32,10.04,--,50,50199,买盘
1081,10:49:27,10.04,--,38,38152,买盘
1082,10:49:22,10.04,--,3,3011,买盘
1083,10:49:17,10.04,--,24,24095,买盘
1084,10:49:12,10.04,0.01,129,129515,买盘
1085,10:48:57,10.03,-0.01,13,13039,卖盘
1086,10:48:52,10.04,0.01,9,9036,买盘
1087,10:48:12,10.03,--,110,110330,买盘
1088,10:48:07,10.03,0.02,11,11033,买盘
1089,10:48:02,10.01,--,0,0,卖盘
1090,10:47:57,10.01,-0.02,30,30030,卖盘
1091,10:47:52,10.03,--,9,9027,买盘
1092,10:47:42,10.03,--,0,0,买盘
1093,10:47:32,10.03,0.02,131,131393,买盘
1094,10:47:27,10.01,--,1,1001,买盘
1095,10:47:12,10.01,0.01,3,3003,买盘
1096,10:47:07,10.0,0.01,8,8000,买盘
1097,10:46:57,9.99,-0.01,35,34965,卖盘
1098,10:46:42,10.0,--,28,28000,买盘
1099,10:46:27,10.0,-0.01,50,50000,卖盘
1100,10:46:16,10.01,0.01,45,45045,买盘
1101,10:46:01,10.0,--,0,0,卖盘
1102,10:45:52,10.0,--,128,128000,卖盘
1103,10:45:46,10.0,--,40,40000,卖盘
1104,10:45:27,10.0,--,100,100000,卖盘
1105,10:45:21,10.0,--,50,50000,卖盘
1106,10:45:07,10.0,--,0,0,卖盘
1107,10:44:42,10.0,--,3,3000,卖盘
1108,10:44:22,10.0,-0.02,30,30000,卖盘
1109,10:44:11,10.02,0.01,100,100200,买盘
1110,10:44:07,10.01,--,14,14014,卖盘
1111,10:43:36,10.01,-0.01,2,2002,买盘
1112,10:43:21,10.02,0.01,7,7014,买盘
1113,10:42:46,10.01,--,10,10010,卖盘
1114,10:42:41,10.01,--,136,136136,卖盘
1115,10:42:36,10.01,0.01,1,1001,卖盘
1116,10:42:06,10.0,--,9,9000,买盘
1117,10:41:56,10.0,--,10,10000,买盘
1118,10:41:51,10.0,--,3,3000,买盘
1119,10:41:46,10.0,-0.02,146,146000,卖盘
1120,10:41:36,10.02,--,755,756510,买盘
1121,10:41:31,10.02,0.01,10,10020,买盘
1122,10:41:26,10.01,--,10,10010,卖盘
1123,10:41:21,10.01,-0.01,15,15015,卖盘
1124,10:41:06,10.02,--,30,30060,买盘
1125,10:40:51,10.02,--,20,20040,买盘
1126,10:40:46,10.02,0.01,131,131262,卖盘
1127,10:40:21,10.01,--,0,0,卖盘
1128,10:40:01,10.01,--,0,0,卖盘
1129,10:39:51,10.01,--,26,26026,卖盘
1130,10:39:36,10.01,-0.04,1,1001,卖盘
1131,10:39:31,10.05,--,0,0,买盘
1132,10:39:10,10.05,0.04,110,110550,买盘
1133,10:39:06,10.01,--,1,1001,卖盘
1134,10:38:51,10.01,-0.01,59,59059,卖盘
1135,10:38:46,10.02,--,3,3006,买盘
1136,10:38:30,10.02,-0.01,134,134268,卖盘
1137,10:38:10,10.03,--,1,1002,卖盘
1138,10:38:06,10.03,--,4,4011,卖盘
1139,10:38:00,10.03,-0.01,6,6018,卖盘
1140,10:37:55,10.04,--,0,0,买盘
1141,10:37:50,10.04,0.02,30,30119,买盘
1142,10:37:45,10.02,--,6,6012,卖盘
1143,10:37:36,10.02,--,6,6012,卖盘
1144,10:37:30,10.02,-0.02,132,132264,卖盘
1145,10:37:21,10.04,0.01,5,5020,买盘
1146,10:37:15,10.03,--,32,32095,卖盘
1147,10:37:10,10.03,-0.01,6,6018,卖盘
1148,10:36:55,10.04,0.01,5,5020,买盘
1149,10:36:45,10.03,--,14,14042,卖盘
1150,10:36:25,10.03,-0.01,9,9027,卖盘
1151,10:36:15,10.04,-0.01,73,73292,卖盘
1152,10:36:10,10.05,--,2,2010,买盘
1153,10:36:00,10.05,0.01,123,123615,买盘
1154,10:35:10,10.04,-0.01,103,103411,卖盘
1155,10:35:00,10.05,--,97,97485,买盘
1156,10:34:15,10.05,--,104,104520,买盘
1157,10:34:10,10.05,--,83,83415,卖盘
1158,10:34:00,10.05,--,10,10050,卖盘
1159,10:33:25,10.05,--,6,6030,卖盘
1160,10:33:10,10.05,--,13,13065,卖盘
1161,10:32:55,10.05,-0.02,18,18090,卖盘
1162,10:32:49,10.07,--,0,0,买盘
1163,10:32:40,10.07,0.01,105,105735,买盘
1164,10:32:34,10.06,0.01,5,5030,买盘
1165,10:32:30,10.05,-0.01,1,1005,卖盘
1166,10:32:25,10.06,0.01,1,1006,买盘
1167,10:32:19,10.05,--,4,4020,卖盘
1168,10:32:15,10.05,--,7,7035,卖盘
1169,10:32:00,10.05,-0.01,3,3015,买盘
1170,10:31:55,10.06,--,152,152912,买盘
1171,10:31:45,10.06,0.02,27,27162,买盘
1172,10:31:39,10.04,-0.02,1,1003,卖盘
1173,10:31:34,10.06,--,9,9054,买盘
1174,10:31:30,10.06,--,1,1006,买盘
1175,10:31:19,10.06,--,502,505012,买盘
1176,10:31:09,10.06,0.02,113,113678,买盘
1177,10:31:04,10.04,--,7,7027,卖盘
1178,10:30:39,10.04,--,5,5020,卖盘
1179,10:30:34,10.04,-0.01,10,10040,卖盘
1180,10:30:24,10.05,--,9,9045,买盘
1181,10:30:19,10.05,0.02,7,7035,买盘
1182,10:29:49,10.03,-0.02,4,4011,卖盘
1183,10:29:39,10.05,--,0,0,买盘
1184,10:29:24,10.05,--,101,101505,买盘
1185,10:29:09,10.05,--,0,0,买盘
1186,10:29:04,10.05,0.03,8,8040,买盘
1187,10:28:54,10.02,-0.03,2,2004,卖盘
1188,10:28:49,10.05,--,0,0,买盘
1189,10:28:24,10.05,--,52,52260,买盘
1190,10:27:59,10.05,0.04,58,58290,买盘
1191,10:27:54,10.01,-0.01,177,177177,卖盘
1192,10:27:34,10.02,--,6,6012,买盘
1193,10:27:29,10.02,-0.03,59,59118,卖盘
1194,10:27:24,10.05,0.01,76,76380,买盘
1195,10:27:19,10.04,0.02,66,66264,买盘
1196,10:27:09,10.02,--,0,0,中性盘
1197,10:26:43,10.02,-0.02,1,1002,中性盘
1198,10:26:34,10.04,0.03,71,71284,买盘
1199,10:26:28,10.01,-0.03,50,50050,卖盘
1200,10:26:19,10.04,0.02,109,109435,买盘
1201,10:26:13,10.02,--,16,16032,买盘
1202,10:26:04,10.02,-0.02,29,29058,卖盘
1203,10:25:58,10.04,0.01,62,62247,买盘
1204,10:25:54,10.03,0.01,40,40120,买盘
1205,10:25:49,10.02,-0.01,2,2004,卖盘
1206,10:25:43,10.03,--,0,0,中性盘
1207,10:25:39,10.03,--,9,9027,买盘
1208,10:25:34,10.03,--,20,20060,买盘
1209,10:25:23,10.03,-0.01,5,5015,卖盘
1210,10:25:19,10.04,-0.01,77,77308,买盘
1211,10:25:09,10.05,--,1,1005,买盘
1212,10:25:04,10.05,0.01,7,7035,买盘
1213,10:24:53,10.04,-0.01,4,4015,卖盘
1214,10:24:49,10.05,--,0,0,买盘
1215,10:24:43,10.05,--,0,0,买盘
1216,10:24:39,10.05,0.03,161,161805,买盘
1217,10:24:33,10.02,-0.02,70,70140,卖盘
1218,10:24:28,10.04,--,0,0,买盘
1219,10:24:18,10.04,--,10,10040,买盘
1220,10:24:09,10.04,-0.01,4,4015,中性盘
1221,10:24:03,10.05,--,157,157785,买盘
1222,10:23:58,10.05,--,0,0,买盘
1223,10:23:53,10.05,0.01,19,19095,买盘
1224,10:23:38,10.04,-0.02,14,14055,中性盘
1225,10:23:33,10.06,--,0,0,买盘
1226,10:23:28,10.06,--,85,85510,买盘
1227,10:23:24,10.06,--,0,0,买盘
1228,10:23:13,10.06,--,0,0,买盘
1229,10:23:03,10.06,0.06,160,160960,买盘
1230,10:22:53,10.0,--,0,0,卖盘
1231,10:22:48,10.0,-0.06,70,70000,卖盘
1232,10:22:43,10.06,0.02,112,112672,买盘
1233,10:22:33,10.04,0.03,20,20080,买盘
1234,10:22:28,10.01,-0.03,35,35035,卖盘
1235,10:22:23,10.04,--,1,1003,买盘
1236,10:22:18,10.04,--,10,10040,买盘
1237,10:22:13,10.04,--,30,30119,买盘
1238,10:22:08,10.04,-0.02,41,41164,卖盘
1239,10:22:03,10.06,--,85,85510,买盘
1240,10:21:48,10.06,--,0,0,买盘
1241,10:21:33,10.06,0.02,582,585492,买盘
1242,10:21:18,10.04,0.01,73,73292,买盘
1243,10:21:08,10.03,--,0,0,卖盘
1244,10:21:03,10.03,-0.02,4,4011,中性盘
1245,10:20:58,10.05,0.04,500,502500,买盘
1246,10:20:48,10.01,-0.03,10,10010,卖盘
1247,10:20:43,10.04,0.02,81,81324,买盘
1248,10:20:28,10.02,0.02,14,14028,买盘
1249,10:20:23,10.0,-0.01,50,50000,卖盘
1250,10:19:58,10.01,--,181,181181,卖盘
1251,10:19:52,10.01,--,10,10010,卖盘
1252,10:19:48,10.01,--,10,10010,卖盘
1253,10:19:43,10.01,-0.01,8,8008,卖盘
1254,10:19:37,10.02,--,0,0,中性盘
1255,10:19:33,10.02,--,5,5010,卖盘
1256,10:19:28,10.02,--,5,5010,买盘
1257,10:19:18,10.02,0.01,89,89178,买盘
1258,10:19:13,10.01,-0.01,1,1001,卖盘
1259,10:18:52,10.02,--,5,5010,卖盘
1260,10:18:48,10.02,-0.01,10,10020,卖盘
1261,10:18:37,10.03,0.01,1,1002,买盘
1262,10:18:33,10.02,--,5,5010,卖盘
1263,10:18:28,10.02,-0.01,85,85170,卖盘
1264,10:18:22,10.03,0.01,161,161483,买盘
1265,10:18:18,10.02,--,5,5010,卖盘
1266,10:18:03,10.02,-0.01,11,11022,卖盘
1267,10:17:58,10.03,0.01,3,3009,买盘
1268,10:17:52,10.02,-0.01,10,10020,卖盘
1269,10:17:48,10.03,-0.01,81,81243,买盘
1270,10:17:43,10.04,0.02,79,79316,买盘
1271,10:17:33,10.02,-0.01,4,4008,卖盘
1272,10:17:28,10.03,--,2,2005,买盘
1273,10:17:22,10.03,--,47,47141,卖盘
1274,10:17:17,10.03,--,56,56168,卖盘
1275,10:17:13,10.03,0.01,7,7021,买盘
1276,10:17:07,10.02,-0.01,5,5010,卖盘
1277,10:17:02,10.03,--,60,60179,买盘
1278,10:16:58,10.03,0.01,1,1002,买盘
1279,10:16:48,10.02,--,120,120240,卖盘
1280,10:16:37,10.02,-0.01,7,7014,卖盘
1281,10:16:32,10.03,--,0,0,买盘
1282,10:16:27,10.03,0.01,58,58173,买盘
1283,10:16:22,10.02,--,22,22044,买盘
1284,10:16:13,10.02,--,74,74148,买盘
1285,10:16:07,10.02,--,3,3006,买盘
1286,10:16:02,10.02,--,10,10020,买盘
1287,10:15:52,10.02,0.02,194,194388,买盘
1288,10:15:27,10.0,0.01,3,3000,买盘
1289,10:15:22,9.99,-0.02,10,9990,卖盘
1290,10:15:12,10.01,0.01,194,194194,买盘
1291,10:15:07,10.0,--,10,10000,买盘
1292,10:15:02,10.0,--,62,62000,买盘
1293,10:14:57,10.0,--,10,10000,买盘
1294,10:14:52,10.0,--,2,2000,买盘
1295,10:14:47,10.0,--,12,12000,买盘
1296,10:14:42,10.0,--,101,101000,买盘
1297,10:14:32,10.0,--,11,11000,买盘
1298,10:14:27,10.0,--,68,68000,买盘
1299,10:14:22,10.0,--,20,20000,买盘
1300,10:14:12,10.0,--,111,111000,买盘
1301,10:14:07,10.0,--,2,2000,买盘
1302,10:13:57,10.0,0.01,110,110000,买盘
1303,10:13:52,9.99,-0.01,3,2997,卖盘
1304,10:13:42,10.0,0.01,207,207000,买盘
1305,10:13:22,9.99,-0.01,4,3996,中性盘
1306,10:12:52,10.0,0.02,112,112000,买盘
1307,10:12:37,9.98,0.02,6,5988,买盘
1308,10:12:15,9.96,--,0,0,卖盘
1309,10:12:12,9.96,-0.03,12,11952,卖盘
1310,10:12:07,9.99,0.03,203,202797,买盘
1311,10:11:22,9.96,-0.03,6,5976,卖盘
1312,10:11:12,9.99,0.03,76,75924,买盘
1313,10:10:57,9.96,--,36,35856,卖盘
1314,10:10:52,9.96,-0.01,44,43824,卖盘
1315,10:10:37,9.97,--,58,57826,买盘
1316,10:10:31,9.97,--,20,19940,买盘
1317,10:10:27,9.97,-0.02,35,34895,卖盘
1318,10:10:21,9.99,0.01,108,107892,买盘
1319,10:10:01,9.98,0.01,67,66866,买盘
1320,10:09:56,9.97,-0.01,5,4985,卖盘
1321,10:09:51,9.98,--,2,1996,买盘
1322,10:09:46,9.98,--,30,29940,买盘
1323,10:09:22,9.98,0.01,90,89820,买盘
1324,10:09:16,9.97,-0.01,1,997,卖盘
1325,10:09:11,9.98,0.01,1,998,买盘
1326,10:08:56,9.97,--,17,16949,卖盘
1327,10:08:51,9.97,-0.01,6,5982,卖盘
1328,10:08:46,9.98,--,204,203592,买盘
1329,10:08:31,9.98,--,5,4990,买盘
1330,10:08:21,9.98,--,39,38922,买盘
1331,10:08:15,9.98,-0.01,27,26946,卖盘
1332,10:08:00,9.99,--,94,93906,买盘
1333,10:07:30,9.99,--,0,0,买盘
1334,10:07:26,9.99,--,5,4995,买盘
1335,10:07:21,9.99,--,0,0,买盘
1336,10:07:15,9.99,--,20,19980,买盘
1337,10:07:11,9.99,--,0,0,买盘
1338,10:07:00,9.99,0.01,165,164835,买盘
1339,10:06:45,9.98,0.02,50,49900,买盘
1340,10:06:41,9.96,--,5,4980,卖盘
1341,10:06:36,9.96,-0.02,17,16932,卖盘
1342,10:06:31,9.98,--,1,998,买盘
1343,10:06:21,9.98,--,67,66866,买盘
1344,10:06:16,9.98,-0.01,30,29940,卖盘
1345,10:06:06,9.99,0.01,20,19980,买盘
1346,10:06:01,9.98,0.03,3,2994,买盘
1347,10:05:51,9.95,--,0,0,卖盘
1348,10:05:45,9.95,-0.03,87,87062,卖盘
1349,10:05:41,9.98,--,19,18962,买盘
1350,10:05:30,9.98,0.03,103,102794,买盘
1351,10:05:26,9.95,-0.03,7,6964,卖盘
1352,10:05:16,9.98,--,0,0,买盘
1353,10:05:06,9.98,0.03,67,66866,买盘
1354,10:04:54,9.95,0.01,36,35820,买盘
1355,10:04:51,9.94,-0.01,78,77532,卖盘
1356,10:04:45,9.95,--,22,21890,买盘
1357,10:04:39,9.95,--,4,3979,买盘
1358,10:04:36,9.95,--,30,29849,买盘
1359,10:04:31,9.95,--,107,106464,买盘
1360,10:04:25,9.95,--,25,24875,买盘
1361,10:04:21,9.95,--,5,4975,买盘
1362,10:04:16,9.95,--,1,994,买盘
1363,10:04:10,9.95,--,5,4975,买盘
1364,10:04:06,9.95,--,10,9950,买盘
1365,10:04:00,9.95,-0.03,120,119897,卖盘
1366,10:03:54,9.98,0.02,169,168662,买盘
1367,10:03:51,9.96,0.01,1,996,买盘
1368,10:03:30,9.95,--,16,15919,卖盘
1369,10:03:25,9.95,--,52,52237,买盘
1370,10:03:20,9.95,--,5,4975,买盘
1371,10:03:15,9.95,--,107,106464,买盘
1372,10:03:09,9.95,0.01,10,9950,买盘
1373,10:03:06,9.94,--,1,994,卖盘
1374,10:02:54,9.94,-0.01,53,52682,卖盘
1375,10:02:39,9.95,0.01,125,124374,买盘
1376,10:02:30,9.94,--,2,1988,卖盘
1377,10:02:24,9.94,-0.01,13,12922,中性盘
1378,10:02:20,9.95,0.01,106,105469,买盘
1379,10:02:15,9.94,--,11,10934,买盘
1380,10:02:05,9.94,-0.01,85,84490,卖盘
1381,10:02:00,9.95,0.01,2,1989,买盘
1382,10:01:54,9.94,-0.01,35,34790,卖盘
1383,10:01:45,9.95,0.01,110,109449,买盘
1384,10:01:39,9.94,-0.01,25,24850,卖盘
1385,10:01:35,9.95,-0.02,25,24875,卖盘
1386,10:01:30,9.97,--,0,0,买盘
1387,10:01:24,9.97,0.03,62,61814,买盘
1388,10:01:20,9.94,--,1,994,卖盘
1389,10:01:15,9.94,0.01,20,19880,卖盘
1390,10:01:05,9.93,--,0,0,卖盘
1391,10:01:00,9.93,--,9,8937,卖盘
1392,10:00:54,9.93,--,0,0,卖盘
1393,10:00:50,9.93,-0.04,157,155901,卖盘
1394,10:00:45,9.97,0.03,100,99700,买盘
1395,10:00:39,9.94,--,4,3976,买盘
1396,10:00:35,9.94,-0.02,2,1988,卖盘
1397,10:00:15,9.96,0.01,71,70716,买盘
1398,10:00:09,9.95,-0.01,12,11940,卖盘
1399,10:00:05,9.96,-0.01,18,17928,中性盘
1400,09:59:45,9.97,--,0,0,买盘
1401,09:59:35,9.97,--,67,66799,买盘
1402,09:59:30,9.97,0.04,5,4985,买盘
1403,09:59:24,9.93,--,0,0,卖盘
1404,09:59:20,9.93,-0.04,5,4965,卖盘
1405,09:59:15,9.97,0.04,111,110667,买盘
1406,09:59:09,9.93,--,30,29790,卖盘
1407,09:58:54,9.93,--,88,87384,卖盘
1408,09:58:50,9.93,--,0,0,卖盘
1409,09:58:45,9.93,--,11,10923,卖盘
1410,09:58:39,9.93,-0.02,44,43692,卖盘
1411,09:58:35,9.95,--,20,19900,买盘
1412,09:58:30,9.95,0.01,5,4975,买盘
1413,09:58:24,9.94,-0.01,6,5964,卖盘
1414,09:58:18,9.95,-0.01,8,7959,卖盘
1415,09:58:15,9.96,0.01,93,92628,买盘
1416,09:58:00,9.95,-0.01,13,12934,卖盘
1417,09:57:39,9.96,--,0,0,中性盘
1418,09:57:33,9.96,0.01,162,161352,买盘
1419,09:57:30,9.95,-0.01,21,20895,卖盘
1420,09:57:24,9.96,0.01,11,10956,买盘
1421,09:57:18,9.95,--,6,5970,卖盘
1422,09:57:15,9.95,-0.01,15,14924,卖盘
1423,09:57:09,9.96,--,10,9960,买盘
1424,09:57:03,9.96,--,0,0,买盘
1425,09:56:54,9.96,0.01,65,64740,买盘
1426,09:56:45,9.95,--,16,15919,卖盘
1427,09:56:39,9.95,--,10,9950,卖盘
1428,09:56:30,9.95,-0.01,18,17910,卖盘
1429,09:56:18,9.96,--,57,56772,买盘
1430,09:56:15,9.96,--,42,41832,买盘
1431,09:56:09,9.96,-0.01,5,4980,中性盘
1432,09:56:03,9.97,0.01,122,121634,买盘
1433,09:55:48,9.96,--,5,4980,买盘
1434,09:55:44,9.96,0.01,65,64740,买盘
1435,09:55:39,9.95,--,3,2985,买盘
1436,09:55:33,9.95,-0.01,21,20895,卖盘
1437,09:55:29,9.96,--,2,1992,买盘
1438,09:55:24,9.96,--,10,9960,买盘
1439,09:55:18,9.96,--,0,0,买盘
1440,09:55:14,9.96,0.03,40,39840,买盘
1441,09:55:09,9.93,-0.04,5,4965,卖盘
1442,09:55:03,9.97,0.01,70,69790,买盘
1443,09:54:48,9.96,--,7,6972,卖盘
1444,09:54:39,9.96,--,40,39840,卖盘
1445,09:54:29,9.96,--,78,77688,卖盘
1446,09:54:24,9.96,0.04,42,41832,买盘
1447,09:54:18,9.92,-0.01,55,54560,卖盘
1448,09:54:14,9.93,--,0,0,卖盘
1449,09:54:09,9.93,0.01,38,37734,买盘
1450,09:54:03,9.92,-0.01,112,111104,卖盘
1451,09:53:54,9.93,--,73,72489,卖盘
1452,09:53:48,9.93,--,10,9930,卖盘
1453,09:53:39,9.93,--,8,7944,卖盘
1454,09:53:33,9.93,--,50,49650,卖盘
1455,09:53:24,9.93,--,3,2979,卖盘
1456,09:53:14,9.93,-0.04,19,18867,卖盘
1457,09:53:09,9.97,--,102,101694,买盘
1458,09:53:03,9.97,--,0,0,买盘
1459,09:52:54,9.97,0.03,160,159520,买盘
1460,09:52:44,9.94,--,0,0,卖盘
1461,09:52:39,9.94,-0.01,17,16898,卖盘
1462,09:52:33,9.95,--,145,144275,卖盘
1463,09:52:29,9.95,--,12,11940,卖盘
1464,09:52:24,9.95,--,9,8955,卖盘
1465,09:52:18,9.95,-0.01,17,16915,卖盘
1466,09:52:09,9.96,-0.03,49,48804,卖盘
1467,09:51:59,9.99,-0.01,9,8991,卖盘
1468,09:51:54,10.0,0.01,152,152000,买盘
1469,09:51:48,9.99,-0.01,50,49950,卖盘
1470,09:51:43,10.0,--,5,5000,买盘
1471,09:51:39,10.0,--,1,1000,买盘
1472,09:51:24,10.0,--,0,0,买盘
1473,09:51:18,10.0,0.01,164,164000,买盘
1474,09:51:14,9.99,--,50,49950,买盘
1475,09:50:54,9.99,--,0,0,买盘
1476,09:50:39,9.99,0.04,146,145854,买盘
1477,09:50:33,9.95,--,0,0,卖盘
1478,09:49:57,9.95,--,0,0,中性盘
1479,09:49:54,9.95,--,20,19900,卖盘
1480,09:49:48,9.95,-0.03,1,994,卖盘
1481,09:49:42,9.98,0.01,103,102794,买盘
1482,09:49:39,9.97,0.05,65,64805,买盘
1483,09:49:24,9.92,--,0,0,卖盘
1484,09:49:18,9.92,--,0,0,卖盘
1485,09:49:12,9.92,-0.01,256,253952,卖盘
1486,09:49:09,9.93,--,0,0,卖盘
1487,09:49:03,9.93,-0.01,163,161859,卖盘
1488,09:48:57,9.94,--,110,109340,卖盘
1489,09:48:53,9.94,--,0,0,卖盘
1490,09:48:48,9.94,-0.03,147,146118,卖盘
1491,09:48:42,9.97,-0.01,10,9970,卖盘
1492,09:48:38,9.98,0.04,1,998,中性盘
1493,09:48:23,9.94,--,1,994,买盘
1494,09:48:18,9.94,--,73,72562,买盘
1495,09:48:12,9.94,--,115,114310,卖盘
1496,09:48:08,9.94,-0.05,100,99400,卖盘
1497,09:47:57,9.99,--,0,0,买盘
1498,09:47:48,9.99,0.04,72,71928,买盘
1499,09:47:42,9.95,-0.03,18,17910,卖盘
1500,09:47:38,9.98,--,0,0,买盘
1501,09:47:33,9.98,-0.01,2,1996,中性盘
1502,09:47:23,9.99,0.06,50,49950,买盘
1503,09:47:18,9.93,--,102,101286,买盘
1504,09:47:12,9.93,-0.06,260,258180,卖盘
1505,09:47:03,9.99,0.05,62,61938,买盘
1506,09:46:57,9.94,--,0,0,卖盘
1507,09:46:48,9.94,-0.05,115,114310,卖盘
1508,09:46:42,9.99,0.01,14,13986,中性盘
1509,09:46:38,9.98,--,116,115768,卖盘
1510,09:46:33,9.98,--,7,6986,卖盘
1511,09:46:27,9.98,0.03,11,10978,买盘
1512,09:46:23,9.95,--,13,12934,买盘
1513,09:46:18,9.95,--,24,23880,买盘
1514,09:46:12,9.95,-0.04,142,141290,卖盘
1515,09:46:03,9.99,0.02,10,9990,中性盘
1516,09:45:57,9.97,-0.03,5,4985,卖盘
1517,09:45:48,10.0,0.04,74,74000,买盘
1518,09:45:27,9.96,--,0,0,卖盘
1519,09:45:23,9.96,--,0,0,卖盘
1520,09:45:18,9.96,--,6,5976,卖盘
1521,09:45:12,9.96,-0.04,298,296808,卖盘
1522,09:45:08,10.0,--,57,57000,买盘
1523,09:45:03,10.0,0.04,124,124000,买盘
1524,09:44:57,9.96,--,0,0,卖盘
1525,09:44:42,9.96,--,0,0,卖盘
1526,09:44:33,9.96,--,5,4980,卖盘
1527,09:44:27,9.96,--,152,151392,买盘
1528,09:44:23,9.96,--,5,4980,买盘
1529,09:44:17,9.96,0.02,2,1992,卖盘
1530,09:44:12,9.94,-0.02,261,259434,卖盘
1531,09:44:02,9.96,--,5,4980,卖盘
1532,09:43:57,9.96,-0.04,6,5976,卖盘
1533,09:43:51,10.0,0.04,62,62000,买盘
1534,09:43:48,9.96,-0.03,5,4980,卖盘
1535,09:43:36,9.99,--,25,24975,买盘
1536,09:43:21,9.99,-0.01,5,4995,卖盘
1537,09:43:17,10.0,0.04,188,188000,买盘
1538,09:43:12,9.96,-0.04,80,79680,卖盘
1539,09:42:48,10.0,--,0,0,买盘
1540,09:42:42,10.0,0.03,6,6000,买盘
1541,09:42:36,9.97,--,0,0,卖盘
1542,09:42:33,9.97,-0.03,4,3988,卖盘
1543,09:42:27,10.0,0.03,59,59000,卖盘
1544,09:42:21,9.97,--,6,5982,买盘
1545,09:42:17,9.97,--,1,997,买盘
1546,09:42:12,9.97,-0.04,47,46859,卖盘
1547,09:42:02,10.01,--,1,1001,卖盘
1548,09:41:57,10.01,-0.01,3,3003,买盘
1549,09:41:51,10.02,--,0,0,买盘
1550,09:41:47,10.02,0.01,58,58116,买盘
1551,09:41:42,10.01,0.03,109,109109,买盘
1552,09:41:36,9.98,--,11,10978,买盘
1553,09:41:21,9.98,--,43,42914,买盘
1554,09:41:17,9.98,0.03,38,37924,买盘
1555,09:41:12,9.95,-0.02,225,224621,卖盘
1556,09:41:06,9.97,--,88,87985,卖盘
1557,09:40:57,9.97,-0.01,24,23928,卖盘
1558,09:40:51,9.98,-0.04,65,65638,卖盘
1559,09:40:47,10.02,0.04,35,35070,买盘
1560,09:40:42,9.98,-0.04,6,5988,卖盘
1561,09:40:36,10.02,--,8,8016,买盘
1562,09:40:27,10.02,0.04,69,69368,买盘
1563,09:40:21,9.98,--,2,1996,买盘
1564,09:40:17,9.98,--,0,0,买盘
1565,09:40:12,9.98,-0.04,114,114540,卖盘
1566,09:40:06,10.02,-0.01,3,3006,中性盘
1567,09:39:57,10.03,--,189,189567,买盘
1568,09:39:51,10.03,0.01,72,72216,买盘
1569,09:39:47,10.02,0.01,10,10020,卖盘
1570,09:39:36,10.01,-0.01,10,10010,卖盘
1571,09:39:32,10.02,--,3,3006,买盘
1572,09:39:21,10.02,--,22,22044,买盘
1573,09:39:12,10.02,-0.02,42,42084,卖盘
1574,09:39:06,10.04,0.01,85,85340,卖盘
1575,09:39:02,10.03,-0.01,76,76228,卖盘
1576,09:38:57,10.04,0.01,23,23091,买盘
1577,09:38:51,10.03,-0.01,59,59176,卖盘
1578,09:38:47,10.04,0.01,12,12047,买盘
1579,09:38:42,10.03,--,11,11033,卖盘
1580,09:38:36,10.03,-0.01,35,35105,买盘
1581,09:38:32,10.04,--,0,0,买盘
1582,09:38:27,10.04,0.01,180,180719,买盘
1583,09:38:21,10.03,--,20,20060,买盘
1584,09:38:12,10.03,--,5,5015,买盘
1585,09:38:06,10.03,--,35,35105,买盘
1586,09:38:02,10.03,--,0,0,买盘
1587,09:37:57,10.03,0.03,105,105315,买盘
1588,09:37:51,10.0,-0.04,71,71000,卖盘
1589,09:37:46,10.04,--,0,0,买盘
1590,09:37:42,10.04,0.01,107,107427,买盘
1591,09:37:36,10.03,-0.01,6,6018,卖盘
1592,09:37:27,10.04,--,16,16063,买盘
1593,09:37:21,10.04,0.02,33,33132,买盘
1594,09:37:12,10.02,-0.02,10,10020,卖盘
1595,09:37:06,10.04,0.02,77,77308,买盘
1596,09:37:00,10.02,--,1,1002,卖盘
1597,09:36:57,10.02,-0.01,13,13026,卖盘
1598,09:36:51,10.03,0.01,108,108324,买盘
1599,09:36:45,10.02,--,30,30060,买盘
1600,09:36:42,10.02,-0.01,30,30060,中性盘
1601,09:36:36,10.03,0.01,30,30089,买盘
1602,09:36:30,10.02,-0.01,6,6012,卖盘
1603,09:36:26,10.03,--,81,81243,买盘
1604,09:36:21,10.03,--,3,3009,买盘
1605,09:36:15,10.03,--,16,16047,买盘
1606,09:36:11,10.03,--,13,13039,买盘
1607,09:36:06,10.03,-0.01,89,89267,卖盘
1608,09:36:00,10.04,--,30,30119,买盘
1609,09:35:56,10.04,0.01,1,1003,买盘
1610,09:35:51,10.03,--,78,78234,卖盘
1611,09:35:45,10.03,-0.01,10,10030,卖盘
1612,09:35:42,10.04,0.01,37,37148,买盘
1613,09:35:36,10.03,0.01,21,21063,买盘
1614,09:35:27,10.02,--,6,6012,买盘
1615,09:35:21,10.02,0.02,172,172344,买盘
1616,09:35:15,10.0,--,12,12000,买盘
1617,09:35:11,10.0,0.01,82,82000,买盘
1618,09:35:06,9.99,0.01,13,12987,买盘
1619,09:34:51,9.98,0.01,202,201825,买盘
1620,09:34:41,9.97,-0.01,6,5982,卖盘
1621,09:34:36,9.98,--,57,56886,买盘
1622,09:34:30,9.98,0.01,59,58882,买盘
1623,09:34:26,9.97,0.01,4,3988,卖盘
1624,09:34:21,9.96,--,10,9960,卖盘
1625,09:34:15,9.96,--,9,8964,卖盘
1626,09:34:11,9.96,-0.02,50,49800,卖盘
1627,09:34:06,9.98,--,0,0,买盘
1628,09:34:00,9.98,0.02,63,62874,买盘
1629,09:33:56,9.96,--,5,4980,买盘
1630,09:33:51,9.96,--,106,105576,买盘
1631,09:33:45,9.96,0.04,23,22908,买盘
1632,09:33:41,9.92,-0.04,3,2976,卖盘
1633,09:33:36,9.96,-0.02,14,13944,买盘
1634,09:33:30,9.98,--,0,0,买盘
1635,09:33:21,9.98,0.02,67,66866,买盘
1636,09:33:06,9.96,0.06,2,1992,买盘
1637,09:33:00,9.9,-0.06,2,1980,卖盘
1638,09:32:56,9.96,--,40,39840,买盘
1639,09:32:51,9.96,--,2,1992,买盘
1640,09:32:45,9.96,--,65,64740,买盘
1641,09:32:41,9.96,--,10,9960,买盘
1642,09:32:36,9.96,--,20,19920,买盘
1643,09:32:30,9.96,--,15,14940,买盘
1644,09:32:26,9.96,--,10,9960,买盘
1645,09:32:21,9.96,--,11,10956,买盘
1646,09:32:15,9.96,-0.01,105,104580,买盘
1647,09:32:11,9.97,-0.01,5,4985,中性盘
1648,09:32:06,9.98,0.02,169,168662,买盘
1649,09:32:00,9.96,--,103,102588,买盘
1650,09:31:56,9.96,0.01,10,9960,买盘
1651,09:31:51,9.95,-0.01,21,20895,卖盘
1652,09:31:45,9.96,--,20,19920,卖盘
1653,09:31:36,9.96,-0.02,2,1992,卖盘
1654,09:31:30,9.98,0.02,17,16966,买盘
1655,09:31:26,9.96,0.03,68,67728,买盘
1656,09:31:21,9.93,0.05,3,2979,买盘
1657,09:31:15,9.88,-0.08,15,14820,卖盘
1658,09:31:11,9.96,--,12,11952,买盘
1659,09:31:06,9.96,--,5,4980,买盘
1660,09:31:00,9.96,--,16,15936,买盘
1661,09:30:51,9.96,-0.02,10,9960,买盘
1662,09:30:45,9.98,0.02,62,61876,买盘
1663,09:30:41,9.96,--,39,38844,买盘
1664,09:30:36,9.96,--,11,10956,买盘
1665,09:30:30,9.96,--,20,19920,卖盘
1666,09:30:21,9.96,--,50,49800,卖盘
1667,09:30:09,9.96,--,0,0,卖盘
1668,09:30:06,9.96,0.12,293,291828,买盘
1669,09:28:44,9.84,--,0,0,卖盘
1670,09:25:04,9.84,9.84,369,363096,买盘
