,time,price,change,volume,amount,type
0,15:00:00,3.55,--,0,0,买盘
1,15:00:00,3.55,0.01,0,0,买盘
2,15:00:00,3.54,--,1,354,卖盘
3,14:59:55,3.54,-0.01,229,81066,卖盘
4,14:59:49,3.55,0.01,31,11005,买盘
5,14:59:45,3.54,-0.01,58,20532,卖盘
6,14:59:40,3.55,0.01,73,25915,买盘
7,14:59:34,3.54,-0.01,44,15576,卖盘
8,14:59:25,3.55,--,12,4260,买盘
9,14:59:15,3.55,--,6,2130,买盘
10,14:59:10,3.55,--,589,209095,买盘
11,14:59:00,3.55,0.01,200,71000,买盘
12,14:58:55,3.54,-0.01,15,5310,卖盘
13,14:58:49,3.55,0.01,230,81650,买盘
14,14:58:44,3.54,-0.01,421,149034,卖盘
15,14:58:39,3.55,--,21,7455,买盘
16,14:58:34,3.55,0.01,196,69580,买盘
17,14:58:29,3.54,-0.01,211,74694,卖盘
18,14:58:24,3.55,--,1236,438780,买盘
19,14:57:58,3.55,0.01,135,47925,买盘
20,14:57:49,3.54,-0.01,40,14160,卖盘
21,14:57:43,3.55,0.01,351,124605,买盘
22,14:57:34,3.54,--,20,7080,卖盘
23,14:57:29,3.54,--,820,290280,卖盘
24,14:57:14,3.54,--,220,77880,卖盘
25,14:57:09,3.54,--,10,3540,卖盘
26,14:56:59,3.54,-0.01,1,354,卖盘
27,14:56:54,3.55,0.01,3,1065,买盘
28,14:56:49,3.54,-0.01,60,21240,卖盘
29,14:56:44,3.55,0.01,38,13490,买盘
30,14:56:34,3.54,--,515,182310,卖盘
31,14:56:29,3.54,--,1291,457014,卖盘
32,14:56:24,3.54,--,100,35400,卖盘
33,14:56:19,3.54,--,63,22302,卖盘
34,14:56:14,3.54,-0.01,26,9204,卖盘
35,14:56:04,3.55,0.01,2,710,买盘
36,14:55:54,3.54,--,100,35400,卖盘
37,14:55:49,3.54,--,26,9204,卖盘
38,14:55:34,3.54,-0.01,2,708,卖盘
39,14:55:29,3.55,--,866,307430,买盘
40,14:55:24,3.55,--,1,355,买盘
41,14:55:19,3.55,--,22,7810,买盘
42,14:55:14,3.55,0.01,39,13845,买盘
43,14:55:04,3.54,-0.01,3,1062,卖盘
44,14:54:58,3.55,--,1,355,买盘
45,14:54:39,3.55,0.01,29,10295,买盘
46,14:54:34,3.54,-0.01,2,708,卖盘
47,14:54:28,3.55,--,352,124960,买盘
48,14:54:24,3.55,0.01,1,355,买盘
49,14:54:19,3.54,--,17,6018,卖盘
50,14:54:13,3.54,--,2,708,卖盘
51,14:54:04,3.54,-0.01,16,5664,卖盘
52,14:53:54,3.55,0.01,48,17040,买盘
53,14:53:34,3.54,--,12,4248,卖盘
54,14:53:24,3.54,-0.01,50,17700,卖盘
55,14:53:19,3.55,0.01,200,71000,买盘
56,14:53:13,3.54,--,50,17700,卖盘
57,14:53:09,3.54,--,466,164964,卖盘
58,14:53:04,3.54,--,13,4602,卖盘
59,14:52:58,3.54,--,5479,1939566,买盘
60,14:52:49,3.54,0.01,2351,832254,买盘
61,14:52:43,3.53,-0.01,573,202269,卖盘
62,14:52:34,3.54,--,35,12390,买盘
63,14:52:19,3.54,--,10006,3542124,买盘
64,14:52:13,3.54,0.01,90,31860,买盘
65,14:52:04,3.53,--,8,2824,卖盘
66,14:51:58,3.53,-0.01,32,11296,卖盘
67,14:51:49,3.54,--,1,354,买盘
68,14:51:43,3.54,--,439,155406,买盘
69,14:51:39,3.54,--,38,13452,买盘
70,14:51:33,3.54,--,125,44250,买盘
71,14:51:24,3.54,--,95,33630,买盘
72,14:51:13,3.54,--,86,30444,买盘
73,14:51:08,3.54,--,30,10620,买盘
74,14:50:58,3.54,--,100,35400,买盘
75,14:50:52,3.54,--,88,31152,买盘
76,14:50:43,3.54,--,14,4956,买盘
77,14:50:38,3.54,--,155,54870,买盘
78,14:50:28,3.54,--,94,33276,买盘
79,14:50:18,3.54,--,93,32922,买盘
80,14:50:13,3.54,--,297,105138,买盘
81,14:50:08,3.54,--,480,169920,买盘
82,14:49:58,3.54,--,137,48498,买盘
83,14:49:53,3.54,--,88,31152,买盘
84,14:49:47,3.54,0.01,20,7080,买盘
85,14:49:43,3.53,-0.01,117,41301,卖盘
86,14:49:33,3.54,--,85,30090,买盘
87,14:49:28,3.54,--,10,3540,买盘
88,14:49:22,3.54,--,98,34692,买盘
89,14:49:13,3.54,--,98,34692,买盘
90,14:49:07,3.54,--,39,13806,买盘
91,14:49:03,3.54,--,740,261960,买盘
92,14:48:58,3.54,--,289,102306,买盘
93,14:48:52,3.54,--,157,55578,买盘
94,14:48:47,3.54,--,99,35046,买盘
95,14:48:43,3.54,0.01,7,2478,买盘
96,14:48:37,3.53,-0.01,272,96016,卖盘
97,14:48:28,3.54,--,99,35046,买盘
98,14:48:22,3.54,--,11,3894,买盘
99,14:48:18,3.54,--,2,708,买盘
100,14:48:13,3.54,--,95,33630,买盘
101,14:48:08,3.54,--,96,33984,买盘
102,14:48:02,3.54,0.01,15,5310,买盘
103,14:47:58,3.53,--,40,14120,卖盘
104,14:47:52,3.53,--,99,34947,卖盘
105,14:47:47,3.53,-0.01,20,7060,卖盘
106,14:47:43,3.54,0.01,90,31860,买盘
107,14:47:38,3.53,-0.01,1481,522793,卖盘
108,14:47:32,3.54,0.01,87,30798,买盘
109,14:47:28,3.53,-0.01,9,3247,卖盘
110,14:47:22,3.54,--,776,274704,买盘
111,14:47:17,3.54,--,1,354,买盘
112,14:47:13,3.54,--,106,37524,买盘
113,14:47:07,3.54,--,50,17700,买盘
114,14:46:58,3.54,--,127,44958,买盘
115,14:46:52,3.54,--,1,354,买盘
116,14:46:47,3.54,--,128,45312,买盘
117,14:46:37,3.54,0.01,757,267978,买盘
118,14:46:28,3.53,-0.01,259,91427,卖盘
119,14:46:22,3.54,--,233,82482,买盘
120,14:46:13,3.54,--,96,33984,买盘
121,14:46:07,3.54,--,10,3540,买盘
122,14:46:02,3.54,0.01,114,40356,买盘
123,14:45:58,3.53,-0.01,39,13767,卖盘
124,14:45:52,3.54,--,103,36462,买盘
125,14:45:43,3.54,--,277,98058,买盘
126,14:45:33,3.54,--,5,1770,买盘
127,14:45:22,3.54,0.01,171,60534,买盘
128,14:45:17,3.53,-0.01,4,1412,卖盘
129,14:45:07,3.54,--,94,33276,买盘
130,14:45:03,3.54,--,78,27612,买盘
131,14:44:57,3.54,--,132,46728,买盘
132,14:44:46,3.54,--,334,118236,买盘
133,14:44:37,3.54,0.01,97,34338,买盘
134,14:44:31,3.53,-0.01,179,63187,卖盘
135,14:44:25,3.54,--,454,160716,买盘
136,14:44:22,3.54,--,95,33630,买盘
137,14:44:12,3.54,0.01,288,101952,买盘
138,14:44:07,3.53,-0.01,60,21180,卖盘
139,14:44:01,3.54,0.01,32,11328,买盘
140,14:43:57,3.53,--,34,12002,卖盘
141,14:43:52,3.53,-0.01,1,353,卖盘
142,14:43:46,3.54,--,97,34338,买盘
143,14:43:42,3.54,0.01,35,12390,买盘
144,14:43:31,3.53,--,13,4617,卖盘
145,14:43:27,3.53,--,100,35300,卖盘
146,14:43:22,3.53,-0.01,124,43772,卖盘
147,14:43:17,3.54,--,141,49914,买盘
148,14:43:12,3.54,0.01,9,3186,买盘
149,14:43:07,3.53,--,2490,878970,卖盘
150,14:43:01,3.53,--,5,1765,卖盘
151,14:42:56,3.53,--,36,12708,卖盘
152,14:42:52,3.53,-0.01,211,74483,卖盘
153,14:42:46,3.54,--,5,1770,买盘
154,14:42:41,3.54,0.01,93,32922,买盘
155,14:42:37,3.53,-0.01,70,24710,卖盘
156,14:42:32,3.54,0.01,177,62658,买盘
157,14:42:21,3.53,-0.01,180,63540,卖盘
158,14:42:17,3.54,--,25,8850,买盘
159,14:42:12,3.54,--,20,7080,买盘
160,14:42:07,3.54,0.01,20,7080,买盘
161,14:42:01,3.53,--,105,37065,卖盘
162,14:41:56,3.53,--,213,75189,卖盘
163,14:41:41,3.53,--,1,353,卖盘
164,14:41:37,3.53,--,5,1765,卖盘
165,14:41:31,3.53,--,47,16813,卖盘
166,14:41:26,3.53,-0.01,125,44283,卖盘
167,14:41:22,3.54,--,1,354,买盘
168,14:41:12,3.54,--,95,33630,买盘
169,14:41:07,3.54,--,409,144786,买盘
170,14:41:01,3.54,0.01,44,15576,买盘
171,14:40:56,3.53,--,34,12002,卖盘
172,14:40:51,3.53,-0.01,2,706,卖盘
173,14:40:41,3.54,--,15,5310,买盘
174,14:40:37,3.54,--,250,88500,买盘
175,14:40:31,3.54,--,1,354,买盘
176,14:40:22,3.54,--,106,37524,买盘
177,14:40:16,3.54,0.01,98,34692,买盘
178,14:40:12,3.53,-0.01,161,56833,卖盘
179,14:40:07,3.54,--,94,33276,买盘
180,14:40:01,3.54,0.01,6,2124,买盘
181,14:39:56,3.53,-0.01,183,64599,卖盘
182,14:39:52,3.54,--,88,31152,买盘
183,14:39:46,3.54,--,92,32568,买盘
184,14:39:37,3.54,0.01,91,32214,买盘
185,14:39:31,3.53,-0.01,569,200857,卖盘
186,14:39:26,3.54,--,4,1731,买盘
187,14:39:22,3.54,0.01,108,38299,买盘
188,14:39:16,3.53,--,898,316994,卖盘
189,14:39:11,3.53,-0.01,64,22592,卖盘
190,14:39:07,3.54,0.01,4,1416,买盘
191,14:39:01,3.53,--,173,61280,卖盘
192,14:38:57,3.53,-0.01,33,11649,卖盘
193,14:38:52,3.54,--,93,32922,买盘
194,14:38:46,3.54,0.01,5,1770,买盘
195,14:38:40,3.53,-0.01,37,13061,卖盘
196,14:38:31,3.54,--,116,41064,买盘
197,14:38:26,3.54,--,421,149034,买盘
198,14:38:21,3.54,--,10,3540,买盘
199,14:38:15,3.54,--,190,67260,买盘
200,14:38:11,3.54,--,137,48498,买盘
201,14:38:00,3.54,0.01,103,36462,买盘
202,14:37:55,3.53,-0.01,34,12002,卖盘
203,14:37:51,3.54,--,84,29736,买盘
204,14:37:46,3.54,0.01,9,3186,买盘
205,14:37:40,3.53,--,397,140141,卖盘
206,14:37:36,3.53,-0.01,422,148966,卖盘
207,14:37:31,3.54,--,87,30798,买盘
208,14:37:24,3.54,0.01,121,42834,买盘
209,14:37:20,3.53,--,409,144377,卖盘
210,14:37:16,3.53,-0.01,13,4617,卖盘
211,14:37:11,3.54,--,328,116112,买盘
212,14:37:06,3.54,--,94,33276,买盘
213,14:37:01,3.54,--,150,53100,买盘
214,14:36:55,3.54,--,43,15222,买盘
215,14:36:51,3.54,--,70,24780,买盘
216,14:36:46,3.54,--,1137,402498,买盘
217,14:36:40,3.54,--,4,1416,买盘
218,14:36:31,3.54,0.01,58,20532,买盘
219,14:36:21,3.53,--,1,353,卖盘
220,14:36:16,3.53,--,266,93898,卖盘
221,14:36:10,3.53,-0.01,611,215683,卖盘
222,14:36:05,3.54,--,18,6372,买盘
223,14:36:01,3.54,0.01,102,36108,买盘
224,14:35:55,3.53,-0.01,265,93545,卖盘
225,14:35:50,3.54,--,89,31506,买盘
226,14:35:46,3.54,--,155,54870,买盘
227,14:35:36,3.54,--,84,29736,买盘
228,14:35:30,3.54,0.01,448,158592,买盘
229,14:35:25,3.53,--,102,36006,卖盘
230,14:35:16,3.53,-0.01,213,75217,卖盘
231,14:35:10,3.54,--,2032,719328,买盘
232,14:35:01,3.54,0.01,1,354,买盘
233,14:34:55,3.53,-0.01,283,99899,卖盘
234,14:34:51,3.54,--,82,29028,买盘
235,14:34:46,3.54,--,213,75402,买盘
236,14:34:41,3.54,--,92,32568,买盘
237,14:34:36,3.54,0.01,1,354,买盘
238,14:34:31,3.53,-0.01,102,36006,卖盘
239,14:34:26,3.54,--,14,4956,买盘
240,14:34:20,3.54,0.01,138,48852,买盘
241,14:34:15,3.53,-0.01,10,3530,卖盘
242,14:34:11,3.54,0.01,261,92394,买盘
243,14:34:01,3.53,--,4,1412,卖盘
244,14:33:55,3.53,-0.01,33,11649,卖盘
245,14:33:46,3.54,--,1067,377718,买盘
246,14:33:40,3.54,0.01,343,121422,买盘
247,14:33:31,3.53,--,98,34594,卖盘
248,14:33:26,3.53,--,1,353,卖盘
249,14:33:10,3.53,--,183,64627,卖盘
250,14:33:01,3.53,--,93,32829,卖盘
251,14:32:55,3.53,-0.01,524,184972,卖盘
252,14:32:50,3.54,--,90,31860,买盘
253,14:32:46,3.54,--,4,1416,买盘
254,14:32:40,3.54,0.01,293,103722,买盘
255,14:32:31,3.53,-0.01,26,9178,卖盘
256,14:32:25,3.54,--,790,279660,买盘
257,14:32:16,3.54,--,151,53454,买盘
258,14:32:06,3.54,--,102,36108,买盘
259,14:31:59,3.54,0.01,100,35400,买盘
260,14:31:55,3.53,-0.01,33,11649,卖盘
261,14:31:50,3.54,0.01,168,59472,买盘
262,14:31:35,3.53,--,2,706,卖盘
263,14:31:25,3.53,--,50,17650,卖盘
264,14:31:20,3.53,--,52,18356,卖盘
265,14:31:14,3.53,--,1,353,卖盘
266,14:31:10,3.53,--,3813,1346017,卖盘
267,14:31:05,3.53,--,3,1059,卖盘
268,14:30:58,3.53,--,36,12708,卖盘
269,14:30:55,3.53,-0.01,223,78719,卖盘
270,14:30:40,3.54,--,4,1416,买盘
271,14:30:34,3.54,0.01,111,39294,买盘
272,14:30:29,3.53,-0.01,50,17650,卖盘
273,14:30:19,3.54,0.01,82,29028,买盘
274,14:30:10,3.53,-0.01,92,32476,卖盘
275,14:30:04,3.54,--,94,33276,买盘
276,14:29:55,3.54,--,127,44958,买盘
277,14:29:50,3.54,--,118,41772,买盘
278,14:29:44,3.54,0.01,1558,551532,买盘
279,14:29:40,3.53,--,40,14120,卖盘
280,14:29:34,3.53,-0.01,2,706,卖盘
281,14:29:19,3.54,0.01,92,32568,买盘
282,14:29:14,3.53,-0.01,1,353,卖盘
283,14:29:10,3.54,0.01,160,56640,买盘
284,14:29:04,3.53,--,16,5676,卖盘
285,14:28:55,3.53,--,53,18709,卖盘
286,14:28:34,3.53,--,3,1059,卖盘
287,14:28:19,3.53,-0.01,46,16238,卖盘
288,14:28:10,3.54,0.01,150,53100,买盘
289,14:28:05,3.53,-0.01,8,2824,卖盘
290,14:27:59,3.54,0.01,94,33276,买盘
291,14:27:55,3.53,-0.01,34,12002,卖盘
292,14:27:40,3.54,0.01,480,169920,买盘
293,14:27:34,3.53,--,2,706,卖盘
294,14:27:29,3.53,--,19,6707,卖盘
295,14:27:25,3.53,--,19,6707,卖盘
296,14:27:19,3.53,--,120,42360,卖盘
297,14:27:09,3.53,--,39,13767,卖盘
298,14:27:04,3.53,--,3,1281,卖盘
299,14:26:59,3.53,--,100,35300,卖盘
300,14:26:55,3.53,-0.01,133,47107,卖盘
301,14:26:49,3.54,0.01,5,1770,买盘
302,14:26:44,3.53,--,93,32829,卖盘
303,14:26:40,3.53,--,373,131669,卖盘
304,14:26:34,3.53,--,117,41301,卖盘
305,14:26:29,3.53,--,23,8119,卖盘
306,14:26:25,3.53,-0.01,21,7413,卖盘
307,14:26:19,3.54,0.01,202,71508,买盘
308,14:26:15,3.53,--,23,8119,卖盘
309,14:26:10,3.53,--,19,6707,卖盘
310,14:26:04,3.53,-0.01,3,1059,卖盘
311,14:26:00,3.54,0.01,50,17700,买盘
312,14:25:55,3.53,--,58,20474,卖盘
313,14:25:49,3.53,--,50,17650,卖盘
314,14:25:44,3.53,-0.01,24,8472,卖盘
315,14:25:40,3.54,0.01,204,72216,买盘
316,14:25:34,3.53,-0.01,2,706,卖盘
317,14:25:25,3.54,0.01,145,51330,买盘
318,14:25:14,3.53,--,1,448,卖盘
319,14:25:10,3.53,-0.01,51,18288,卖盘
320,14:25:04,3.54,0.01,200,70800,买盘
321,14:24:59,3.53,-0.01,78,27534,卖盘
322,14:24:54,3.54,0.01,134,47436,买盘
323,14:24:49,3.53,-0.01,19,6707,卖盘
324,14:24:43,3.54,--,140,49560,买盘
325,14:24:38,3.54,0.01,699,247446,买盘
326,14:24:34,3.53,-0.01,2,706,卖盘
327,14:24:29,3.54,--,114,40356,买盘
328,14:24:23,3.54,0.02,115,40936,买盘
329,14:24:19,3.52,-0.01,494,174014,卖盘
330,14:24:14,3.53,--,508,179549,买盘
331,14:24:09,3.53,--,1210,427130,买盘
332,14:24:04,3.53,--,67,23651,买盘
333,14:23:58,3.53,--,62,21886,买盘
334,14:23:53,3.53,--,103,36359,买盘
335,14:23:49,3.53,0.01,887,313111,买盘
336,14:23:44,3.52,-0.01,19,6688,卖盘
337,14:23:37,3.53,--,66,23298,买盘
338,14:23:34,3.53,--,769,271457,买盘
339,14:23:23,3.53,0.01,122,43066,买盘
340,14:23:19,3.52,-0.01,19,6688,卖盘
341,14:23:14,3.53,--,407,143671,买盘
342,14:23:04,3.53,0.01,508,179324,买盘
343,14:22:58,3.52,-0.01,222,78144,卖盘
344,14:22:54,3.53,0.01,99,34947,买盘
345,14:22:48,3.52,-0.01,34,11996,卖盘
346,14:22:44,3.53,--,124,43772,买盘
347,14:22:38,3.53,--,1,353,买盘
348,14:22:34,3.53,--,697,246041,买盘
349,14:22:28,3.53,--,287,101311,买盘
350,14:22:22,3.53,--,20,7060,买盘
351,14:22:19,3.53,--,32,11296,买盘
352,14:22:13,3.53,--,33,11649,买盘
353,14:22:08,3.53,--,103,36359,买盘
354,14:22:04,3.53,0.01,46,16238,买盘
355,14:21:58,3.52,-0.01,122,42944,卖盘
356,14:21:53,3.53,--,31,10943,买盘
357,14:21:49,3.53,--,149,52597,买盘
358,14:21:44,3.53,0.01,41,14473,买盘
359,14:21:34,3.52,-0.01,38,13376,卖盘
360,14:21:28,3.53,0.01,580,204740,买盘
361,14:21:22,3.52,-0.01,255,89760,卖盘
362,14:21:19,3.53,0.01,265,93545,买盘
363,14:21:13,3.52,-0.01,23,8096,卖盘
364,14:21:08,3.53,0.01,70,24710,买盘
365,14:21:04,3.52,--,237,83424,卖盘
366,14:20:59,3.52,--,213,74976,卖盘
367,14:20:49,3.52,--,623,219324,卖盘
368,14:20:43,3.52,-0.01,78,27456,卖盘
369,14:20:38,3.53,--,199,70247,买盘
370,14:20:34,3.53,0.01,1206,425718,买盘
371,14:20:28,3.52,--,82,28864,卖盘
372,14:20:19,3.52,-0.01,450,158400,卖盘
373,14:20:13,3.53,0.01,120,42360,买盘
374,14:20:07,3.52,--,19,6688,卖盘
375,14:20:03,3.52,--,401,141152,卖盘
376,14:19:58,3.52,-0.01,71,24992,卖盘
377,14:19:53,3.53,0.01,179,63187,买盘
378,14:19:49,3.52,-0.01,94,33088,卖盘
379,14:19:38,3.53,0.01,1500,529500,买盘
380,14:19:34,3.52,--,84,29568,卖盘
381,14:19:28,3.52,--,20,7040,卖盘
382,14:19:23,3.52,--,94,33088,卖盘
383,14:19:19,3.52,--,1,397,卖盘
384,14:19:13,3.52,-0.01,14,4928,卖盘
385,14:19:04,3.53,0.01,212,74836,买盘
386,14:18:58,3.52,-0.01,38,13376,卖盘
387,14:18:48,3.53,0.01,2,706,买盘
388,14:18:43,3.52,--,14,4949,卖盘
389,14:18:28,3.52,-0.01,1,352,卖盘
390,14:18:19,3.53,--,10,3530,买盘
391,14:18:13,3.53,0.01,10,3530,买盘
392,14:18:08,3.52,--,67,23584,卖盘
393,14:18:03,3.52,-0.01,3,1056,卖盘
394,14:17:58,3.53,0.01,76,26828,买盘
395,14:17:43,3.52,-0.01,27,9782,卖盘
396,14:17:29,3.53,0.01,34,12002,买盘
397,14:17:23,3.52,-0.01,1,352,卖盘
398,14:17:13,3.53,0.01,65,22945,买盘
399,14:17:07,3.52,-0.01,5,1760,卖盘
400,14:17:01,3.53,0.01,66,23298,买盘
401,14:16:58,3.52,--,64,22830,卖盘
402,14:16:52,3.52,--,20,7040,卖盘
403,14:16:46,3.52,--,3,1056,卖盘
404,14:16:43,3.52,--,1,352,卖盘
405,14:16:38,3.52,--,14,4956,卖盘
406,14:16:32,3.52,-0.01,438,154302,卖盘
407,14:16:28,3.53,0.01,2300,812125,买盘
408,14:16:22,3.52,-0.01,8439,2970654,卖盘
409,14:16:17,3.53,--,19,6707,卖盘
410,14:16:12,3.53,--,277,97781,卖盘
411,14:16:08,3.53,--,1057,373121,卖盘
412,14:16:02,3.53,--,4,1412,卖盘
413,14:15:58,3.53,--,222,78366,卖盘
414,14:15:53,3.53,--,79,27887,卖盘
415,14:15:43,3.53,--,219,77307,卖盘
416,14:15:38,3.53,--,193,68129,卖盘
417,14:15:32,3.53,--,89,31417,卖盘
418,14:15:28,3.53,--,369,130257,卖盘
419,14:15:22,3.53,--,305,107665,卖盘
420,14:15:13,3.53,--,262,92768,卖盘
421,14:15:08,3.53,--,1464,516823,卖盘
422,14:15:02,3.53,--,3,1059,卖盘
423,14:14:58,3.53,--,280,99012,卖盘
424,14:14:53,3.53,--,1039,366767,卖盘
425,14:14:43,3.53,--,329,116168,卖盘
426,14:14:37,3.53,--,19,6707,卖盘
427,14:14:32,3.53,--,34,12030,卖盘
428,14:14:28,3.53,--,50,17650,卖盘
429,14:14:22,3.53,--,30,10590,卖盘
430,14:14:13,3.53,--,19,6707,卖盘
431,14:14:07,3.53,--,27,9531,卖盘
432,14:14:02,3.53,--,3,1059,卖盘
433,14:13:58,3.53,-0.01,52,18356,卖盘
434,14:13:52,3.54,0.01,49,17346,买盘
435,14:13:47,3.53,--,49,17297,卖盘
436,14:13:43,3.53,--,19,6707,卖盘
437,14:13:36,3.53,--,87,30711,卖盘
438,14:13:32,3.53,--,21,7413,卖盘
439,14:13:22,3.53,--,20,7060,卖盘
440,14:13:17,3.53,-0.01,19,6707,卖盘
441,14:13:13,3.54,--,134,47436,买盘
442,14:13:07,3.54,0.01,1007,356478,买盘
443,14:13:02,3.53,--,3,1059,卖盘
444,14:12:58,3.53,--,153,54231,卖盘
445,14:12:52,3.53,--,120,42360,卖盘
446,14:12:43,3.53,--,12,4394,卖盘
447,14:12:37,3.53,--,110,38830,卖盘
448,14:12:32,3.53,--,21,7413,卖盘
449,14:12:27,3.53,--,19,6707,卖盘
450,14:12:22,3.53,--,29,10237,卖盘
451,14:12:13,3.53,--,169,59657,卖盘
452,14:12:07,3.53,--,53,18709,卖盘
453,14:12:02,3.53,-0.01,3,1059,卖盘
454,14:11:58,3.54,0.01,43,15222,买盘
455,14:11:47,3.53,--,4,1412,卖盘
456,14:11:36,3.53,--,19,6707,卖盘
457,14:11:32,3.53,--,2,706,卖盘
458,14:11:28,3.53,--,24,8472,卖盘
459,14:11:22,3.53,--,19,6707,卖盘
460,14:11:17,3.53,--,19,6707,卖盘
461,14:11:13,3.53,--,20,7060,卖盘
462,14:11:07,3.53,--,19,6707,卖盘
463,14:11:01,3.53,-0.01,33,11649,卖盘
464,14:10:58,3.54,0.01,63,22302,买盘
465,14:10:46,3.53,--,19,6707,卖盘
466,14:10:41,3.53,--,19,6707,卖盘
467,14:10:37,3.53,--,118,41654,卖盘
468,14:10:31,3.53,--,331,117001,卖盘
469,14:10:25,3.53,--,19,6707,卖盘
470,14:10:21,3.53,--,31,11165,卖盘
471,14:10:17,3.53,--,19,6707,卖盘
472,14:10:10,3.53,--,19,6707,卖盘
473,14:10:07,3.53,--,12,4236,卖盘
474,14:10:02,3.53,--,23,8119,卖盘
475,14:09:56,3.53,--,426,150378,卖盘
476,14:09:52,3.53,-0.01,19,6707,卖盘
477,14:09:47,3.54,0.01,28,9912,买盘
478,14:09:40,3.53,--,69,24357,卖盘
479,14:09:37,3.53,--,19,6707,卖盘
480,14:09:31,3.53,-0.01,34,12002,卖盘
481,14:09:26,3.54,0.01,10,3540,买盘
482,14:09:22,3.53,--,20,7060,卖盘
483,14:09:16,3.53,-0.01,38,13414,卖盘
484,14:09:02,3.54,0.01,53,18762,买盘
485,14:08:56,3.53,--,98,34657,卖盘
486,14:08:47,3.53,-0.01,1,353,卖盘
487,14:08:41,3.54,0.01,20,7080,买盘
488,14:08:32,3.53,--,128,45184,卖盘
489,14:08:27,3.53,--,42,14826,卖盘
490,14:08:22,3.53,--,20,7268,卖盘
491,14:08:17,3.53,--,12,4408,卖盘
492,14:08:06,3.53,--,22,7766,卖盘
493,14:08:02,3.53,--,3,1059,卖盘
494,14:07:55,3.53,--,34,12002,卖盘
495,14:07:52,3.53,--,21,7413,卖盘
496,14:07:47,3.53,--,50,17650,卖盘
497,14:07:32,3.53,-0.01,2,706,卖盘
498,14:07:11,3.54,--,200,70800,买盘
499,14:07:07,3.54,0.01,1,354,买盘
500,14:07:02,3.53,--,5,1765,卖盘
501,14:06:55,3.53,--,33,11649,卖盘
502,14:06:51,3.53,-0.01,1,353,卖盘
503,14:06:46,3.54,0.01,5,1770,买盘
504,14:06:31,3.53,--,2,706,卖盘
505,14:06:17,3.53,--,13,4617,卖盘
506,14:06:11,3.53,-0.01,14,4942,卖盘
507,14:06:06,3.54,0.01,7,2478,买盘
508,14:06:02,3.53,--,3,1059,卖盘
509,14:05:55,3.53,-0.01,34,12002,卖盘
510,14:05:52,3.54,0.01,4,1416,买盘
511,14:05:41,3.53,--,5,1765,卖盘
512,14:05:37,3.53,--,105,37065,卖盘
513,14:05:31,3.53,--,24,8472,卖盘
514,14:05:22,3.53,--,52,18356,卖盘
515,14:05:01,3.53,--,3,1059,卖盘
516,14:04:56,3.53,-0.01,33,11649,卖盘
517,14:04:37,3.54,0.01,133,47082,买盘
518,14:04:31,3.53,-0.01,2,706,卖盘
519,14:04:24,3.54,0.01,30,10620,买盘
520,14:04:22,3.53,--,10,3530,卖盘
521,14:04:16,3.53,-0.01,1,416,卖盘
522,14:04:06,3.54,0.01,29,10584,买盘
523,14:04:00,3.53,--,122,43066,卖盘
524,14:03:56,3.53,-0.01,34,12002,卖盘
525,14:03:52,3.54,0.01,3,1062,买盘
526,14:03:46,3.53,--,1,353,卖盘
527,14:03:30,3.53,-0.01,2,706,卖盘
528,14:03:25,3.54,0.01,178,63012,买盘
529,14:03:01,3.53,--,3,1059,卖盘
530,14:02:56,3.53,--,34,12002,卖盘
531,14:02:34,3.53,--,5,1765,卖盘
532,14:02:31,3.53,-0.01,2,706,卖盘
533,14:02:25,3.54,--,2,708,买盘
534,14:02:16,3.54,0.01,10,3540,买盘
535,14:02:11,3.53,--,16,5648,卖盘
536,14:02:01,3.53,--,16,5676,卖盘
537,14:01:56,3.53,--,123,43419,卖盘
538,14:01:46,3.53,--,1,353,卖盘
539,14:01:40,3.53,--,1,353,卖盘
540,14:01:31,3.53,-0.01,2,706,卖盘
541,14:01:20,3.54,--,7,2478,买盘
542,14:01:16,3.54,--,10,3540,买盘
543,14:01:11,3.54,0.01,100,35400,买盘
544,14:01:05,3.53,--,37,13061,卖盘
545,14:01:01,3.53,--,9,3177,卖盘
546,14:00:56,3.53,-0.01,53,18709,卖盘
547,14:00:45,3.54,--,1,354,买盘
548,14:00:35,3.54,0.01,8,2832,买盘
549,14:00:31,3.53,--,3,1059,卖盘
550,14:00:25,3.53,--,290,102370,卖盘
551,14:00:11,3.53,--,18,6354,卖盘
552,14:00:00,3.53,--,135,47707,卖盘
553,13:59:56,3.53,-0.01,262,92814,卖盘
554,13:59:45,3.54,0.01,1,354,买盘
555,13:59:40,3.53,--,1,353,卖盘
556,13:59:35,3.53,--,168,59515,卖盘
557,13:59:31,3.53,-0.01,122,43066,卖盘
558,13:59:25,3.54,--,10,3540,买盘
559,13:59:16,3.54,0.01,10,3540,买盘
560,13:59:01,3.53,--,3,1059,卖盘
561,13:58:56,3.53,-0.01,33,11649,卖盘
562,13:58:50,3.54,0.01,3,1062,买盘
563,13:58:41,3.53,--,300,105900,卖盘
564,13:58:31,3.53,--,2,706,卖盘
565,13:58:15,3.53,--,1,353,卖盘
566,13:58:10,3.53,--,20,7060,卖盘
567,13:58:05,3.53,--,20,7060,卖盘
568,13:58:00,3.53,--,11,3883,卖盘
569,13:57:56,3.53,--,86,30386,卖盘
570,13:57:45,3.53,--,20,7060,卖盘
571,13:57:40,3.53,-0.01,19,6707,卖盘
572,13:57:35,3.54,0.01,68,24072,买盘
573,13:57:31,3.53,--,146,51538,卖盘
574,13:57:24,3.53,--,20,7060,卖盘
575,13:57:20,3.53,--,20,7060,卖盘
576,13:57:15,3.53,--,20,7060,卖盘
577,13:57:00,3.53,--,183,64599,卖盘
578,13:56:55,3.53,--,52,18356,卖盘
579,13:56:50,3.53,-0.01,20,7060,卖盘
580,13:56:45,3.54,0.01,34,12036,买盘
581,13:56:35,3.53,--,81,28593,卖盘
582,13:56:24,3.53,--,19,6707,卖盘
583,13:56:19,3.53,--,21,7413,卖盘
584,13:56:09,3.53,--,22,7766,卖盘
585,13:56:04,3.53,--,3,1059,卖盘
586,13:55:55,3.53,--,34,12227,卖盘
587,13:55:50,3.53,--,13,4744,卖盘
588,13:55:40,3.53,--,1,353,卖盘
589,13:55:35,3.53,-0.01,2,706,卖盘
590,13:55:25,3.54,0.01,2,708,买盘
591,13:55:19,3.53,-0.01,10,3530,卖盘
592,13:55:14,3.54,--,141,49914,买盘
593,13:55:10,3.54,0.01,54,19116,买盘
594,13:55:04,3.53,-0.01,3,1059,卖盘
595,13:54:54,3.54,0.01,88,31152,买盘
596,13:54:39,3.53,--,19,6707,卖盘
597,13:54:35,3.53,--,22,7766,卖盘
598,13:54:28,3.53,--,124,43772,卖盘
599,13:54:24,3.53,--,371,130963,卖盘
600,13:54:18,3.53,--,20,7060,卖盘
601,13:54:10,3.53,--,43,15179,卖盘
602,13:54:04,3.53,--,22,7766,卖盘
603,13:53:58,3.53,--,40,14120,卖盘
604,13:53:54,3.53,--,53,18709,卖盘
605,13:53:48,3.53,--,20,7232,卖盘
606,13:53:40,3.53,--,31,11151,卖盘
607,13:53:33,3.53,-0.01,22,7766,卖盘
608,13:53:25,3.54,0.01,10,3540,买盘
609,13:53:19,3.53,--,20,7060,卖盘
610,13:53:09,3.53,--,23,8119,卖盘
611,13:53:03,3.53,--,26,9178,卖盘
612,13:52:58,3.53,--,20,7060,卖盘
613,13:52:54,3.53,--,53,18709,卖盘
614,13:52:49,3.53,--,302,106606,卖盘
615,13:52:43,3.53,--,21,7413,卖盘
616,13:52:40,3.53,--,26,9178,卖盘
617,13:52:35,3.53,--,21,7413,卖盘
618,13:52:24,3.53,--,50,17650,卖盘
619,13:52:19,3.53,--,20,7060,卖盘
620,13:52:14,3.53,--,19,6707,卖盘
621,13:52:10,3.53,--,24,8472,卖盘
622,13:52:05,3.53,-0.01,223,78719,卖盘
623,13:51:59,3.54,0.01,161,57298,买盘
624,13:51:55,3.53,--,52,18356,卖盘
625,13:51:50,3.53,-0.01,32,11373,卖盘
626,13:51:43,3.54,0.01,496,175584,买盘
627,13:51:39,3.53,--,20,7060,卖盘
628,13:51:34,3.53,--,51,18003,卖盘
629,13:51:28,3.53,--,200,70600,卖盘
630,13:51:24,3.53,--,37,13061,卖盘
631,13:51:19,3.53,--,35,12355,卖盘
632,13:51:14,3.53,--,20,7060,卖盘
633,13:51:09,3.53,--,427,150731,卖盘
634,13:51:04,3.53,--,23,8119,卖盘
635,13:50:58,3.53,--,20,7060,卖盘
636,13:50:54,3.53,--,53,18709,卖盘
637,13:50:48,3.53,--,20,7060,卖盘
638,13:50:45,3.53,-0.01,200,70600,卖盘
639,13:50:39,3.54,0.01,23,8142,买盘
640,13:50:34,3.53,--,61,21533,卖盘
641,13:50:25,3.53,--,20,7060,卖盘
642,13:50:19,3.53,--,44,15532,卖盘
643,13:50:10,3.53,--,286,101116,卖盘
644,13:50:04,3.53,--,4,1412,卖盘
645,13:49:54,3.53,--,34,12002,卖盘
646,13:49:43,3.53,-0.01,17,6001,卖盘
647,13:49:39,3.54,0.01,100,35400,买盘
648,13:49:33,3.53,--,20,7088,卖盘
649,13:49:25,3.53,--,50,17650,卖盘
650,13:49:04,3.53,--,219,77307,卖盘
651,13:48:59,3.53,--,50,17650,卖盘
652,13:48:43,3.53,--,80,28240,卖盘
653,13:48:33,3.53,--,2,706,卖盘
654,13:48:27,3.53,--,19,6707,卖盘
655,13:48:13,3.53,--,1993,703529,卖盘
656,13:48:08,3.53,--,20,7060,卖盘
657,13:48:04,3.53,--,3,1059,卖盘
658,13:47:58,3.53,-0.01,34,12002,卖盘
659,13:47:52,3.54,0.01,1,354,买盘
660,13:47:34,3.53,--,3,1059,卖盘
661,13:47:28,3.53,--,113,39917,卖盘
662,13:47:13,3.53,-0.01,21,7413,卖盘
663,13:47:08,3.54,--,100,35400,买盘
664,13:47:04,3.54,0.01,239,84606,买盘
665,13:46:58,3.53,--,33,11649,卖盘
666,13:46:43,3.53,--,101,35653,卖盘
667,13:46:33,3.53,-0.01,2,706,卖盘
668,13:46:28,3.54,0.01,81,28907,买盘
669,13:46:13,3.53,--,2438,860614,卖盘
670,13:46:03,3.53,--,34,12002,卖盘
671,13:45:58,3.53,-0.01,34,12002,卖盘
672,13:45:48,3.54,0.01,20,7080,买盘
673,13:45:43,3.53,--,1,353,卖盘
674,13:45:33,3.53,--,2,706,卖盘
675,13:45:22,3.53,--,6,2118,卖盘
676,13:45:18,3.53,--,145,51213,卖盘
677,13:45:04,3.53,--,3,1059,卖盘
678,13:44:58,3.53,--,34,12002,卖盘
679,13:44:48,3.53,-0.01,50,17650,卖盘
680,13:44:39,3.54,--,41,14514,买盘
681,13:44:34,3.54,0.01,177,62658,买盘
682,13:44:23,3.53,--,30,10590,卖盘
683,13:44:14,3.53,-0.01,80,28240,卖盘
684,13:44:04,3.54,0.01,27,9558,买盘
685,13:43:58,3.53,--,33,11649,卖盘
686,13:43:33,3.53,-0.01,32,11296,卖盘
687,13:43:13,3.54,--,513,181630,买盘
688,13:43:04,3.54,0.01,4,1416,买盘
689,13:42:57,3.53,-0.01,34,12002,卖盘
690,13:42:48,3.54,--,19,6726,买盘
691,13:42:42,3.54,--,408,144432,买盘
692,13:42:34,3.54,--,56,19824,买盘
693,13:42:22,3.54,--,541,191514,买盘
694,13:42:18,3.54,0.01,437,154698,买盘
695,13:42:12,3.53,--,203,71659,卖盘
696,13:42:07,3.53,--,30,10590,卖盘
697,13:42:01,3.53,--,195,68835,卖盘
698,13:41:57,3.53,-0.01,33,11649,卖盘
699,13:41:52,3.54,0.01,1920,679680,买盘
700,13:41:46,3.53,--,1,353,卖盘
701,13:41:42,3.53,--,62,21886,卖盘
702,13:41:31,3.53,--,2,706,卖盘
703,13:41:28,3.53,--,202,71306,卖盘
704,13:41:22,3.53,--,5,1765,卖盘
705,13:41:16,3.53,--,0,197,卖盘
706,13:41:13,3.53,--,6,2118,卖盘
707,13:41:08,3.53,--,12,4419,卖盘
708,13:41:00,3.53,--,4,1412,卖盘
709,13:40:57,3.53,--,54,19062,卖盘
710,13:40:52,3.53,--,19,6707,卖盘
711,13:40:47,3.53,--,10,3530,卖盘
712,13:40:43,3.53,-0.01,20,7060,卖盘
713,13:40:37,3.54,0.01,80,28320,买盘
714,13:40:33,3.53,--,21,7413,卖盘
715,13:40:27,3.53,--,40,14120,卖盘
716,13:40:22,3.53,--,208,73635,卖盘
717,13:40:16,3.53,--,247,87191,卖盘
718,13:40:13,3.53,--,19,6707,卖盘
719,13:40:08,3.53,--,52,18356,卖盘
720,13:40:01,3.53,--,3,1059,卖盘
721,13:39:58,3.53,--,93,32829,卖盘
722,13:39:53,3.53,--,19,6707,卖盘
723,13:39:47,3.53,--,20,7060,卖盘
724,13:39:41,3.53,-0.01,20,7060,卖盘
725,13:39:38,3.54,0.01,70,24780,买盘
726,13:39:32,3.53,-0.01,2,706,卖盘
727,13:39:27,3.54,0.01,30,10620,买盘
728,13:39:23,3.53,--,29,10237,卖盘
729,13:39:13,3.53,--,477,168381,卖盘
730,13:39:08,3.53,--,513,181117,卖盘
731,13:39:03,3.53,-0.01,3,1059,卖盘
732,13:38:57,3.54,0.01,836,295944,买盘
733,13:38:52,3.53,--,20,7060,卖盘
734,13:38:46,3.53,-0.01,50,17650,卖盘
735,13:38:43,3.54,0.01,25,8850,买盘
736,13:38:36,3.53,--,20,7060,卖盘
737,13:38:32,3.53,-0.01,3,1059,卖盘
738,13:38:27,3.54,0.01,274,96996,买盘
739,13:38:21,3.53,--,79,27887,卖盘
740,13:38:16,3.53,-0.01,54,19062,卖盘
741,13:38:12,3.54,0.01,1,354,买盘
742,13:38:07,3.53,--,20,7060,卖盘
743,13:38:01,3.53,--,22,7766,卖盘
744,13:37:57,3.53,--,20,7060,卖盘
745,13:37:46,3.53,--,20,7060,卖盘
746,13:37:43,3.53,--,19,6707,卖盘
747,13:37:37,3.53,--,20,7060,卖盘
748,13:37:32,3.53,--,2,706,卖盘
749,13:37:27,3.53,-0.01,20,7060,卖盘
750,13:37:22,3.54,0.01,145,51330,买盘
751,13:37:13,3.53,--,20,7360,卖盘
752,13:37:07,3.53,--,32,11377,卖盘
753,13:37:03,3.53,-0.01,17,6001,卖盘
754,13:36:57,3.54,0.01,1,354,买盘
755,13:36:52,3.53,--,19,6707,卖盘
756,13:36:47,3.53,--,20,7060,卖盘
757,13:36:42,3.53,--,194,68482,卖盘
758,13:36:37,3.53,--,19,6707,卖盘
759,13:36:33,3.53,--,22,7766,卖盘
760,13:36:28,3.53,--,364,128492,卖盘
761,13:36:23,3.53,--,20,7060,卖盘
762,13:36:17,3.53,--,19,6707,卖盘
763,13:36:12,3.53,--,54,19062,卖盘
764,13:36:07,3.53,--,19,6707,卖盘
765,13:36:01,3.53,--,54,19062,卖盘
766,13:35:57,3.53,--,20,7060,卖盘
767,13:35:53,3.53,--,28,9884,卖盘
768,13:35:46,3.53,--,19,6707,卖盘
769,13:35:42,3.53,--,20,7060,卖盘
770,13:35:31,3.53,--,2,706,卖盘
771,13:35:28,3.53,--,337,118961,卖盘
772,13:35:22,3.53,--,20,7060,卖盘
773,13:35:16,3.53,--,19,6707,卖盘
774,13:35:12,3.53,-0.01,20,7060,卖盘
775,13:35:07,3.54,0.01,623,220570,买盘
776,13:35:01,3.53,--,3,1059,卖盘
777,13:34:57,3.53,--,23,8119,卖盘
778,13:34:51,3.53,--,120,42360,卖盘
779,13:34:46,3.53,--,20,7060,卖盘
780,13:34:43,3.53,--,10,3530,卖盘
781,13:34:36,3.53,--,54,19062,卖盘
782,13:34:31,3.53,--,2,706,卖盘
783,13:34:22,3.53,--,128,45184,卖盘
784,13:34:11,3.53,--,36,12708,卖盘
785,13:34:01,3.53,-0.01,289,102017,卖盘
786,13:33:52,3.54,--,92,32568,买盘
787,13:33:36,3.54,0.01,592,209568,买盘
788,13:33:31,3.53,-0.01,2,706,卖盘
789,13:33:17,3.54,0.01,251,88854,买盘
790,13:33:07,3.53,--,0,296,卖盘
791,13:33:01,3.53,--,104,36712,卖盘
792,13:32:56,3.53,--,12,4320,卖盘
793,13:32:31,3.53,--,18,6354,卖盘
794,13:32:16,3.53,--,64,22592,卖盘
795,13:32:02,3.53,--,3,1059,卖盘
796,13:31:46,3.53,--,55,19415,卖盘
797,13:31:40,3.53,--,20,7060,卖盘
798,13:31:31,3.53,--,2,706,卖盘
799,13:31:22,3.53,--,5,1765,卖盘
800,13:31:02,3.53,--,3,1059,卖盘
801,13:30:47,3.53,--,100,35300,卖盘
802,13:30:31,3.53,-0.01,202,71306,卖盘
803,13:30:25,3.54,--,0,0,买盘
804,13:30:21,3.54,0.01,8156,2887224,买盘
805,13:30:16,3.53,--,1,353,买盘
806,13:30:06,3.53,--,117,41301,卖盘
807,13:30:01,3.53,--,103,36359,卖盘
808,13:29:46,3.53,--,200,70600,卖盘
809,13:29:31,3.53,-0.01,232,81896,卖盘
810,13:29:21,3.54,--,412,145848,买盘
811,13:29:06,3.54,0.01,1,354,买盘
812,13:29:01,3.53,-0.01,6,2118,卖盘
813,13:28:51,3.54,--,4,1416,买盘
814,13:28:46,3.54,0.01,239,84606,买盘
815,13:28:36,3.53,--,317,111901,卖盘
816,13:28:31,3.53,--,2,706,卖盘
817,13:28:25,3.53,--,50,17650,卖盘
818,13:28:22,3.53,-0.01,1,353,卖盘
819,13:28:06,3.54,0.01,54,19116,买盘
820,13:28:01,3.53,-0.01,98,34594,卖盘
821,13:27:51,3.54,0.01,108,38232,买盘
822,13:27:46,3.53,--,5,1765,买盘
823,13:27:36,3.53,--,1,353,卖盘
824,13:27:31,3.53,--,2,706,卖盘
825,13:27:25,3.53,-0.01,100,35300,卖盘
826,13:27:21,3.54,--,92,32568,买盘
827,13:27:16,3.54,0.01,54,19116,买盘
828,13:27:03,3.53,--,100,35300,卖盘
829,13:27:01,3.53,--,11,3883,卖盘
830,13:26:45,3.53,--,266,93898,买盘
831,13:26:40,3.53,--,2,706,买盘
832,13:26:31,3.53,--,20,7060,买盘
833,13:26:19,3.53,--,270,95310,买盘
834,13:26:10,3.53,--,144,50832,买盘
835,13:25:51,3.53,0.01,57,20121,买盘
836,13:25:45,3.52,--,1,352,卖盘
837,13:25:39,3.52,-0.01,350,123200,卖盘
838,13:25:35,3.53,--,50,17650,卖盘
839,13:25:31,3.53,0.01,256,90368,卖盘
840,13:25:18,3.52,--,0,0,卖盘
841,13:25:09,3.52,-0.01,519,182987,卖盘
842,13:25:00,3.53,-0.01,3,1059,卖盘
843,13:24:54,3.54,--,0,0,买盘
844,13:24:45,3.54,0.01,253,89562,买盘
845,13:24:40,3.53,--,0,0,中性盘
846,13:24:31,3.53,-0.01,2,706,卖盘
847,13:24:15,3.54,0.01,1361,481794,买盘
848,13:24:00,3.53,--,120,42360,卖盘
849,13:23:54,3.53,-0.01,202,71306,卖盘
850,13:23:50,3.54,0.01,326,115630,买盘
851,13:23:30,3.53,--,2,706,卖盘
852,13:23:15,3.53,--,213,75316,买盘
853,13:23:05,3.53,0.01,13,4589,买盘
854,13:23:00,3.52,-0.01,2,704,卖盘
855,13:22:54,3.53,--,13,4589,买盘
856,13:22:30,3.53,--,97,34241,买盘
857,13:22:15,3.53,--,179,63187,买盘
858,13:22:09,3.53,--,20,7060,买盘
859,13:22:03,3.53,--,124,43772,买盘
860,13:22:00,3.53,0.01,60,21420,买盘
861,13:21:49,3.52,-0.01,1,352,卖盘
862,13:21:24,3.53,--,118,41654,买盘
863,13:21:15,3.53,--,72,25641,卖盘
864,13:21:00,3.53,-0.01,74,26122,卖盘
865,13:20:54,3.54,0.01,11,3894,买盘
866,13:20:48,3.53,--,10,3530,卖盘
867,13:20:45,3.53,--,2,706,卖盘
868,13:20:34,3.53,0.01,439,155094,买盘
869,13:20:30,3.52,-0.01,30,10560,卖盘
870,13:20:24,3.53,--,1,353,买盘
871,13:20:10,3.53,--,832,293921,卖盘
872,13:20:03,3.53,--,3,1059,卖盘
873,13:19:54,3.53,--,100,35300,卖盘
874,13:19:48,3.53,--,303,106959,卖盘
875,13:19:42,3.53,--,25,8825,卖盘
876,13:19:33,3.53,--,53,18709,卖盘
877,13:19:25,3.53,--,50,17650,卖盘
878,13:19:18,3.53,--,129,45657,卖盘
879,13:19:13,3.53,--,369,130257,卖盘
880,13:19:03,3.53,--,103,36359,卖盘
881,13:18:57,3.53,--,100,35300,卖盘
882,13:18:48,3.53,--,50,17650,卖盘
883,13:18:39,3.53,--,30,10590,卖盘
884,13:18:33,3.53,--,22,7766,卖盘
885,13:18:29,3.53,--,2500,882500,卖盘
886,13:18:18,3.53,--,150,52950,卖盘
887,13:18:14,3.53,--,10,3530,卖盘
888,13:18:09,3.53,--,100,35300,卖盘
889,13:18:03,3.53,--,3,1059,卖盘
890,13:17:44,3.53,-0.01,33,11649,卖盘
891,13:17:39,3.54,0.01,1,354,买盘
892,13:17:34,3.53,--,2,706,卖盘
893,13:17:28,3.53,--,30,10590,卖盘
894,13:17:18,3.53,--,0,261,卖盘
895,13:17:09,3.53,-0.01,36,12919,卖盘
896,13:17:03,3.54,0.01,21,7434,买盘
897,13:16:54,3.53,--,15,5295,卖盘
898,13:16:33,3.53,--,2,706,卖盘
899,13:16:24,3.53,--,19,6707,卖盘
900,13:16:03,3.53,--,3,1059,卖盘
901,13:15:42,3.53,--,801,282753,卖盘
902,13:15:39,3.53,--,20,7060,卖盘
903,13:15:33,3.53,--,21,7413,卖盘
904,13:15:24,3.53,--,1,353,卖盘
905,13:15:13,3.53,--,9,3297,卖盘
906,13:15:09,3.53,--,6,2118,卖盘
907,13:15:03,3.53,--,5,1765,卖盘
908,13:14:48,3.53,--,20,7060,卖盘
909,13:14:39,3.53,-0.01,3,1059,卖盘
910,13:14:33,3.54,0.01,31,10974,买盘
911,13:14:24,3.53,--,196,69188,卖盘
912,13:14:18,3.53,-0.01,23,8119,卖盘
913,13:14:12,3.54,0.01,18,6372,买盘
914,13:14:09,3.53,--,220,77660,卖盘
915,13:14:04,3.53,--,3,1059,卖盘
916,13:13:48,3.53,--,24,8472,卖盘
917,13:13:39,3.53,--,10,3530,卖盘
918,13:13:34,3.53,-0.01,2,706,卖盘
919,13:13:24,3.54,0.01,1,354,买盘
920,13:13:04,3.53,--,12,4356,卖盘
921,13:12:54,3.53,-0.01,61,21533,卖盘
922,13:12:43,3.54,--,70,24780,买盘
923,13:12:33,3.54,--,4,1416,买盘
924,13:12:12,3.54,0.01,899,318246,买盘
925,13:12:03,3.53,--,3,1059,卖盘
926,13:11:51,3.53,--,92,32476,卖盘
927,13:11:33,3.53,--,2,706,卖盘
928,13:11:03,3.53,-0.01,12,4356,卖盘
929,13:10:58,3.54,0.01,5,1770,买盘
930,13:10:49,3.53,--,111,39183,卖盘
931,13:10:33,3.53,-0.01,21,7413,卖盘
932,13:10:12,3.54,0.01,148,52392,买盘
933,13:10:03,3.53,--,13,4589,卖盘
934,13:09:43,3.53,--,1,353,卖盘
935,13:09:33,3.53,--,3,1059,卖盘
936,13:09:27,3.53,--,100,35300,卖盘
937,13:09:18,3.53,--,18,6354,卖盘
938,13:09:06,3.53,--,9,3297,卖盘
939,13:09:03,3.53,--,3,1059,卖盘
940,13:08:58,3.53,--,57,20121,卖盘
941,13:08:48,3.53,--,24,8472,卖盘
942,13:08:36,3.53,--,19,6707,卖盘
943,13:08:27,3.53,--,20,7060,卖盘
944,13:08:12,3.53,--,75,26475,买盘
945,13:08:03,3.53,0.01,8,2824,买盘
946,13:07:57,3.52,-0.01,224,78848,卖盘
947,13:07:51,3.53,0.01,2,706,买盘
948,13:07:43,3.52,--,863,303776,卖盘
949,13:07:33,3.52,-0.01,19,6688,卖盘
950,13:07:27,3.53,--,8,2824,买盘
951,13:07:12,3.53,0.01,118,41654,买盘
952,13:06:57,3.52,--,185,65120,卖盘
953,13:06:51,3.52,-0.01,9,3287,卖盘
954,13:06:48,3.53,--,5,1765,买盘
955,13:06:27,3.53,0.01,10,3530,买盘
956,13:06:03,3.52,--,26,9152,卖盘
957,13:05:57,3.52,-0.01,2,704,卖盘
958,13:05:51,3.53,--,8,2824,买盘
959,13:05:48,3.53,--,10,3530,买盘
960,13:05:43,3.53,0.01,44,15532,买盘
961,13:05:33,3.52,-0.01,28,9856,卖盘
962,13:05:13,3.53,0.01,2,706,买盘
963,13:05:00,3.52,-0.02,20,7040,卖盘
964,13:04:57,3.54,0.02,8,2832,买盘
965,13:04:51,3.52,--,19,6688,卖盘
966,13:04:42,3.52,-0.02,29,10327,卖盘
967,13:04:37,3.54,0.01,21,7434,买盘
968,13:04:30,3.53,--,7,2583,卖盘
969,13:04:27,3.53,--,10,3530,卖盘
970,13:04:20,3.53,--,40,14120,卖盘
971,13:04:12,3.53,--,50,17890,买盘
972,13:04:06,3.53,--,8,2824,买盘
973,13:04:01,3.53,--,39,13767,买盘
974,13:03:57,3.53,--,56,19880,卖盘
975,13:03:51,3.53,--,1,353,卖盘
976,13:03:46,3.53,--,50,17650,卖盘
977,13:03:42,3.53,--,20,7060,卖盘
978,13:03:36,3.53,--,21,7413,卖盘
979,13:03:30,3.53,--,53,18709,卖盘
980,13:03:21,3.53,-0.01,3370,1189610,卖盘
981,13:03:12,3.54,0.01,247,87438,买盘
982,13:03:06,3.53,--,20,7060,卖盘
983,13:03:02,3.53,--,11,3883,卖盘
984,13:02:57,3.53,--,50,17650,卖盘
985,13:02:45,3.53,--,50,17833,卖盘
986,13:02:42,3.53,--,8,3113,卖盘
987,13:02:30,3.53,--,1002,353706,卖盘
988,13:02:28,3.53,--,38,13414,卖盘
989,13:02:01,3.53,--,3,1059,卖盘
990,13:01:42,3.53,--,20,7060,卖盘
991,13:01:35,3.53,--,750,264750,卖盘
992,13:01:32,3.53,--,2,706,卖盘
993,13:01:21,3.53,-0.01,65,22945,卖盘
994,13:01:11,3.54,0.01,11,3894,买盘
995,13:01:06,3.53,--,1,353,卖盘
996,13:01:02,3.53,-0.01,3,1059,卖盘
997,13:00:57,3.54,--,97,34338,买盘
998,13:00:40,3.54,0.01,106,37644,买盘
999,13:00:36,3.53,--,1,353,卖盘
1000,13:00:30,3.53,--,2,706,卖盘
1001,13:00:07,3.53,--,7926,2797878,买盘
1002,13:00:01,3.53,--,55,19415,买盘
1003,11:30:00,3.53,--,0,0,买盘
1004,11:29:59,3.53,--,0,0,买盘
1005,11:29:59,3.53,--,100,35300,买盘
1006,11:29:51,3.53,0.01,8,2824,买盘
1007,11:29:32,3.52,-0.01,9,3287,卖盘
1008,11:29:27,3.53,--,874,308522,买盘
1009,11:29:17,3.53,0.01,190,67070,买盘
1010,11:29:12,3.52,-0.01,60,21120,卖盘
1011,11:28:56,3.53,--,3,1059,买盘
1012,11:28:52,3.53,0.01,32,11296,买盘
1013,11:28:41,3.52,--,41,14432,卖盘
1014,11:28:38,3.52,-0.01,1,352,卖盘
1015,11:28:26,3.53,--,36,12708,买盘
1016,11:28:03,3.53,0.01,109,38477,买盘
1017,11:27:55,3.52,-0.01,2,704,卖盘
1018,11:27:52,3.53,--,1,353,买盘
1019,11:27:41,3.53,0.01,100,35300,买盘
1020,11:27:27,3.52,-0.01,9,3287,卖盘
1021,11:27:23,3.53,0.01,200,70600,买盘
1022,11:27:11,3.52,-0.01,1,352,卖盘
1023,11:26:42,3.53,--,54,19062,买盘
1024,11:26:26,3.53,--,23,8119,买盘
1025,11:26:18,3.53,--,5,1765,买盘
1026,11:25:48,3.53,--,6,2118,买盘
1027,11:25:33,3.53,--,154,54362,买盘
1028,11:25:26,3.53,0.01,1,596,买盘
1029,11:25:20,3.52,-0.01,8,3044,卖盘
1030,11:25:18,3.53,0.01,5,1765,买盘
1031,11:25:11,3.52,-0.01,57,20071,卖盘
1032,11:24:56,3.53,0.01,86,30562,买盘
1033,11:24:51,3.52,--,236,83072,卖盘
1034,11:24:48,3.52,--,30,10560,卖盘
1035,11:24:42,3.52,-0.01,67,23777,卖盘
1036,11:24:33,3.53,0.01,32,11296,买盘
1037,11:24:26,3.52,-0.01,0,17,卖盘
1038,11:24:16,3.53,--,6,2118,买盘
1039,11:24:11,3.53,--,127,45180,买盘
1040,11:24:07,3.53,0.01,100,35300,买盘
1041,11:23:36,3.52,--,15,5280,卖盘
1042,11:23:20,3.52,--,0,140,卖盘
1043,11:23:17,3.52,-0.01,8,3146,卖盘
1044,11:22:56,3.53,--,89,31417,买盘
1045,11:22:50,3.53,0.01,20,7060,买盘
1046,11:22:46,3.52,-0.01,10,3520,卖盘
1047,11:22:27,3.53,--,5,1765,买盘
1048,11:22:21,3.53,--,251,88603,买盘
1049,11:22:12,3.53,--,280,98840,买盘
1050,11:22:06,3.53,--,105,37065,买盘
1051,11:21:46,3.53,--,6,2118,买盘
1052,11:21:35,3.53,0.01,5,1765,买盘
1053,11:21:27,3.52,--,2,704,卖盘
1054,11:21:21,3.52,--,260,91520,卖盘
1055,11:21:14,3.52,-0.01,9,3287,卖盘
1056,11:21:12,3.53,--,5,1765,买盘
1057,11:21:05,3.53,0.01,20,7060,买盘
1058,11:21:00,3.52,-0.01,1,352,卖盘
1059,11:20:51,3.53,--,136,48008,买盘
1060,11:20:37,3.53,--,1086,383358,买盘
1061,11:20:27,3.53,--,87,30711,买盘
1062,11:20:22,3.53,--,118,41654,买盘
1063,11:20:05,3.53,--,93,32829,买盘
1064,11:19:57,3.53,--,100,35300,买盘
1065,11:19:50,3.53,--,184,64952,买盘
1066,11:19:47,3.53,--,18,6354,买盘
1067,11:19:42,3.53,--,113,39889,买盘
1068,11:19:35,3.53,--,54,19062,买盘
1069,11:19:31,3.53,--,327,115431,买盘
1070,11:19:26,3.53,0.01,18,6354,买盘
1071,11:19:11,3.52,-0.01,14,5047,卖盘
1072,11:18:51,3.53,0.01,28,9884,买盘
1073,11:18:36,3.52,-0.01,501,176352,卖盘
1074,11:18:31,3.53,--,1,353,买盘
1075,11:18:27,3.53,--,20,7060,买盘
1076,11:18:21,3.53,0.01,97,34241,买盘
1077,11:18:06,3.52,-0.01,79,27808,卖盘
1078,11:18:00,3.53,0.01,20,7060,买盘
1079,11:17:51,3.52,-0.01,21,7392,卖盘
1080,11:17:45,3.53,0.01,40,14120,买盘
1081,11:17:35,3.52,--,19,6688,卖盘
1082,11:17:31,3.52,--,12,4224,卖盘
1083,11:17:20,3.52,-0.01,20,7040,卖盘
1084,11:17:06,3.53,--,512,180856,买盘
1085,11:16:57,3.53,--,50,17650,买盘
1086,11:16:51,3.53,0.01,70,24710,买盘
1087,11:16:47,3.52,-0.01,19,6688,卖盘
1088,11:16:35,3.53,--,1,353,买盘
1089,11:16:30,3.53,0.01,4,1412,买盘
1090,11:16:10,3.52,--,13,4576,卖盘
1091,11:15:50,3.52,--,2,704,卖盘
1092,11:15:20,3.52,--,41,14512,卖盘
1093,11:15:14,3.52,-0.01,9,3206,卖盘
1094,11:14:59,3.53,--,87,30711,买盘
1095,11:14:21,3.53,--,1,353,买盘
1096,11:14:15,3.53,--,20,7060,买盘
1097,11:14:05,3.53,--,42,14826,买盘
1098,11:13:41,3.53,--,87,30711,买盘
1099,11:13:35,3.53,0.01,36,12708,买盘
1100,11:13:26,3.52,-0.01,53,18656,卖盘
1101,11:13:15,3.53,--,6,2118,买盘
1102,11:13:08,3.53,0.01,38,13414,买盘
1103,11:13:00,3.52,-0.01,29,10327,卖盘
1104,11:12:50,3.53,--,51,18003,买盘
1105,11:12:20,3.53,--,20,7060,买盘
1106,11:12:14,3.53,--,481,169793,买盘
1107,11:12:10,3.53,0.01,20,7060,买盘
1108,11:12:05,3.52,-0.01,20,7040,卖盘
1109,11:12:00,3.53,0.01,35,12355,买盘
1110,11:11:56,3.52,--,20,7040,卖盘
1111,11:11:50,3.52,--,19,6688,卖盘
1112,11:11:46,3.52,--,77,27104,卖盘
1113,11:11:35,3.52,--,20,7040,卖盘
1114,11:11:30,3.52,--,6,2112,卖盘
1115,11:11:25,3.52,--,303,106786,卖盘
1116,11:11:20,3.52,--,20,7040,卖盘
1117,11:11:14,3.52,--,87,30624,卖盘
1118,11:11:10,3.52,-0.01,19,6688,卖盘
1119,11:11:06,3.53,0.01,391,138023,买盘
1120,11:11:00,3.52,--,0,239,卖盘
1121,11:10:55,3.52,--,70,24640,卖盘
1122,11:10:50,3.52,-0.01,58,20648,卖盘
1123,11:10:45,3.53,0.01,108,38124,买盘
1124,11:10:35,3.52,-0.01,19,6688,卖盘
1125,11:10:30,3.53,--,108,38124,买盘
1126,11:10:26,3.53,--,100,35300,买盘
1127,11:10:21,3.53,0.01,46,16238,买盘
1128,11:10:14,3.52,-0.01,21,7392,卖盘
1129,11:10:11,3.53,--,5,1765,买盘
1130,11:10:00,3.53,--,156,55068,买盘
1131,11:09:54,3.53,--,33,11649,买盘
1132,11:09:48,3.53,--,27,9531,买盘
1133,11:09:44,3.53,--,11,3883,买盘
1134,11:09:40,3.53,--,11,3883,买盘
1135,11:09:25,3.53,--,36,12708,买盘
1136,11:09:14,3.53,--,83,29623,买盘
1137,11:09:08,3.53,--,115,40595,买盘
1138,11:09:04,3.53,--,33,11649,买盘
1139,11:08:59,3.53,0.01,60,21180,买盘
1140,11:08:54,3.52,-0.01,36,12819,卖盘
1141,11:08:44,3.53,--,11,3883,买盘
1142,11:08:40,3.53,--,179,63187,买盘
1143,11:08:24,3.53,--,54,19062,买盘
1144,11:08:18,3.53,--,10,3530,买盘
1145,11:08:09,3.53,--,10,3530,买盘
1146,11:07:50,3.53,--,2,706,买盘
1147,11:07:44,3.53,0.01,62,21886,买盘
1148,11:07:25,3.52,-0.01,19,6688,卖盘
1149,11:07:19,3.53,--,30,10590,买盘
1150,11:07:14,3.53,--,90,31770,买盘
1151,11:07:08,3.53,--,120,42360,买盘
1152,11:06:59,3.53,--,1,353,买盘
1153,11:06:44,3.53,0.01,10,3530,买盘
1154,11:06:39,3.52,--,9,3287,卖盘
1155,11:06:30,3.52,-0.01,230,80960,卖盘
1156,11:06:24,3.53,--,40,14120,买盘
1157,11:06:20,3.53,--,17,6001,买盘
1158,11:06:14,3.53,-0.01,7,2471,买盘
1159,11:06:09,3.54,0.01,90,31860,买盘
1160,11:06:05,3.53,--,50,17650,买盘
1161,11:05:53,3.53,0.01,50,17650,买盘
1162,11:05:38,3.52,-0.01,12,4224,卖盘
1163,11:05:29,3.53,--,60,21180,卖盘
1164,11:05:23,3.53,0.01,39,13767,买盘
1165,11:05:18,3.52,-0.01,1,352,卖盘
1166,11:05:14,3.53,-0.01,73,25769,卖盘
1167,11:05:08,3.54,--,13,4602,买盘
1168,11:05:03,3.54,0.01,150,53100,买盘
1169,11:04:59,3.53,-0.01,5890,2079515,卖盘
1170,11:04:54,3.54,0.01,11,3894,买盘
1171,11:04:44,3.53,--,2,706,卖盘
1172,11:04:38,3.53,-0.01,9,3297,卖盘
1173,11:04:29,3.54,0.01,61,21594,买盘
1174,11:04:14,3.53,-0.01,50,17650,卖盘
1175,11:03:45,3.54,--,95,33630,买盘
1176,11:03:38,3.54,--,62,21948,买盘
1177,11:03:23,3.54,0.01,120,42480,买盘
1178,11:03:14,3.53,-0.01,100,35300,卖盘
1179,11:03:09,3.54,--,2,708,买盘
1180,11:03:04,3.54,--,246,87084,买盘
1181,11:02:59,3.54,--,102,36108,买盘
1182,11:02:54,3.54,0.01,80,28320,买盘
1183,11:02:49,3.53,-0.01,0,81,卖盘
1184,11:02:43,3.54,--,51,18054,买盘
1185,11:02:29,3.54,--,18,6410,买盘
1186,11:02:23,3.54,--,40,14160,买盘
1187,11:02:18,3.54,--,105,37170,买盘
1188,11:02:08,3.54,0.01,350,123900,买盘
1189,11:02:04,3.53,-0.01,382,134846,卖盘
1190,11:01:58,3.54,--,105,37170,买盘
1191,11:01:53,3.54,--,641,226914,买盘
1192,11:01:49,3.54,0.01,6,2124,买盘
1193,11:01:33,3.53,--,104,36712,卖盘
1194,11:01:19,3.53,-0.01,21,7413,卖盘
1195,11:01:02,3.54,0.01,71,25134,买盘
1196,11:00:53,3.53,--,307,108371,卖盘
1197,11:00:47,3.53,-0.01,231,81543,卖盘
1198,11:00:38,3.54,0.01,18,6372,买盘
1199,11:00:34,3.53,--,30,10590,卖盘
1200,11:00:28,3.53,-0.01,9,3297,卖盘
1201,11:00:23,3.54,--,100,35400,买盘
1202,11:00:12,3.54,0.01,28,9912,买盘
1203,11:00:08,3.53,--,5998,2117294,买盘
1204,11:00:03,3.53,--,1395,492435,买盘
1205,10:59:59,3.53,--,40,14120,买盘
1206,10:59:54,3.53,0.01,61,21533,买盘
1207,10:59:49,3.52,-0.01,32,11264,卖盘
1208,10:59:39,3.53,--,61,21533,买盘
1209,10:59:28,3.53,--,30,10590,买盘
1210,10:59:13,3.53,--,59,20827,买盘
1211,10:59:08,3.53,--,151,53303,买盘
1212,10:59:03,3.53,--,262,92486,买盘
1213,10:58:52,3.53,--,44,15532,买盘
1214,10:58:48,3.53,--,63,22239,买盘
1215,10:58:38,3.53,--,54,19062,买盘
1216,10:58:32,3.53,--,54,19062,买盘
1217,10:58:28,3.53,--,136,48008,买盘
1218,10:58:23,3.53,--,508,179444,买盘
1219,10:58:18,3.53,--,378,133434,买盘
1220,10:58:13,3.53,--,159,56127,买盘
1221,10:58:09,3.53,0.01,36,12708,买盘
1222,10:58:03,3.52,--,26,9152,卖盘
1223,10:57:53,3.52,-0.01,34,11968,卖盘
1224,10:57:47,3.53,0.01,59,20827,买盘
1225,10:57:43,3.52,--,1,352,卖盘
1226,10:57:39,3.52,--,253,89365,卖盘
1227,10:57:32,3.52,-0.01,785,276464,卖盘
1228,10:57:24,3.53,0.01,299,105547,买盘
1229,10:57:18,3.52,--,71,24992,卖盘
1230,10:57:04,3.52,-0.01,10,3520,卖盘
1231,10:56:48,3.53,0.01,17,6001,买盘
1232,10:56:43,3.52,-0.01,30,10560,卖盘
1233,10:56:39,3.53,--,18,6354,买盘
1234,10:56:32,3.53,0.01,2,706,买盘
1235,10:56:27,3.52,-0.01,989,348128,卖盘
1236,10:56:24,3.53,0.01,5,1765,买盘
1237,10:56:18,3.52,--,46,16311,卖盘
1238,10:56:13,3.52,-0.01,10,3520,卖盘
1239,10:56:07,3.53,--,65,22945,买盘
1240,10:56:03,3.53,--,51,18003,买盘
1241,10:55:57,3.53,--,10,3530,买盘
1242,10:55:52,3.53,--,70,24710,买盘
1243,10:55:48,3.53,0.01,2,706,买盘
1244,10:55:27,3.52,-0.01,176,61952,卖盘
1245,10:55:22,3.53,0.01,2,706,买盘
1246,10:55:18,3.52,-0.01,1,352,卖盘
1247,10:55:08,3.53,--,61,21533,买盘
1248,10:54:42,3.53,0.01,10,3530,买盘
1249,10:54:33,3.52,--,5,1760,卖盘
1250,10:54:17,3.52,--,0,158,卖盘
1251,10:54:11,3.52,--,8,3129,卖盘
1252,10:54:07,3.52,-0.01,208,73216,卖盘
1253,10:53:58,3.53,--,68,24004,买盘
1254,10:53:38,3.53,0.01,337,118961,买盘
1255,10:53:32,3.52,-0.01,17,5984,卖盘
1256,10:53:26,3.53,--,9,3177,买盘
1257,10:53:07,3.53,0.01,1304,460396,买盘
1258,10:52:47,3.52,-0.01,570,200640,卖盘
1259,10:52:37,3.53,0.01,50,17650,买盘
1260,10:52:33,3.52,-0.01,247,86944,卖盘
1261,10:52:27,3.53,0.01,4,1412,买盘
1262,10:52:12,3.52,-0.01,9,3287,卖盘
1263,10:52:03,3.53,0.01,72,25416,买盘
1264,10:51:56,3.52,-0.01,111,39072,卖盘
1265,10:51:27,3.53,--,58,20474,买盘
1266,10:50:56,3.53,--,1,353,买盘
1267,10:50:41,3.53,--,22,7766,买盘
1268,10:50:37,3.53,--,26,9178,买盘
1269,10:50:27,3.53,0.01,162,57186,买盘
1270,10:50:12,3.52,--,76,26808,卖盘
1271,10:50:07,3.52,--,79,27871,卖盘
1272,10:50:03,3.52,--,5,1760,卖盘
1273,10:49:31,3.52,--,1,352,卖盘
1274,10:49:26,3.52,--,26,9152,买盘
1275,10:49:22,3.52,--,34,11968,买盘
1276,10:49:12,3.52,--,10,3520,买盘
1277,10:49:07,3.52,--,331,116512,买盘
1278,10:48:57,3.52,--,203,71456,买盘
1279,10:48:41,3.52,0.01,59,20768,买盘
1280,10:48:37,3.51,-0.01,95,33345,卖盘
1281,10:48:31,3.52,--,39,13728,买盘
1282,10:48:26,3.52,--,67,23584,买盘
1283,10:48:22,3.52,--,87,30624,买盘
1284,10:48:12,3.52,0.01,332,116864,买盘
1285,10:48:05,3.51,-0.01,259,91028,卖盘
1286,10:47:25,3.52,--,20,7040,买盘
1287,10:47:21,3.52,--,53,18656,买盘
1288,10:47:07,3.52,--,1,352,买盘
1289,10:46:46,3.52,--,5,1760,买盘
1290,10:46:31,3.52,--,4,1408,买盘
1291,10:46:27,3.52,--,198,69696,中性盘
1292,10:46:20,3.52,--,300,105600,卖盘
1293,10:46:12,3.52,0.01,152,53785,买盘
1294,10:46:05,3.51,-0.01,0,10,卖盘
1295,10:46:00,3.52,0.01,100,35200,买盘
1296,10:45:56,3.51,-0.01,52,18360,卖盘
1297,10:45:45,3.52,-0.01,2,774,卖盘
1298,10:45:40,3.53,0.01,157,55703,买盘
1299,10:45:35,3.52,--,871,306592,买盘
1300,10:45:26,3.52,--,879,309478,卖盘
1301,10:45:16,3.52,--,68,23936,卖盘
1302,10:45:11,3.52,-0.01,100,35200,卖盘
1303,10:45:06,3.53,0.01,19,6707,买盘
1304,10:45:01,3.52,--,93,32736,卖盘
1305,10:44:36,3.52,--,1010,355520,卖盘
1306,10:44:26,3.52,--,189,66528,卖盘
1307,10:44:15,3.52,--,57,20064,卖盘
1308,10:44:11,3.52,--,1000,352000,卖盘
1309,10:44:06,3.52,--,42,14784,卖盘
1310,10:44:00,3.52,--,155,54560,卖盘
1311,10:43:56,3.52,--,61,21591,卖盘
1312,10:43:49,3.52,--,18,6336,卖盘
1313,10:43:41,3.52,--,171,60192,卖盘
1314,10:43:35,3.52,--,308,108416,卖盘
1315,10:43:30,3.52,--,84,29568,卖盘
1316,10:43:25,3.52,--,100,35200,卖盘
1317,10:43:20,3.52,--,172,60544,卖盘
1318,10:43:11,3.52,--,1,352,卖盘
1319,10:42:55,3.52,--,27,9504,卖盘
1320,10:42:45,3.52,--,51,17952,卖盘
1321,10:42:36,3.52,--,1,352,卖盘
1322,10:42:30,3.52,--,16,5632,卖盘
1323,10:42:21,3.52,-0.01,40,14080,卖盘
1324,10:42:10,3.53,0.01,10,3530,买盘
1325,10:41:59,3.52,--,56,19976,卖盘
1326,10:41:54,3.52,--,108,38223,卖盘
1327,10:41:50,3.52,--,10,3520,卖盘
1328,10:41:46,3.52,--,170,59840,卖盘
1329,10:41:35,3.52,--,40,14080,卖盘
1330,10:41:29,3.52,--,1000,352000,卖盘
1331,10:41:10,3.52,--,1000,352000,卖盘
1332,10:40:46,3.52,--,215,75680,卖盘
1333,10:40:21,3.52,--,100,35200,卖盘
1334,10:40:00,3.52,-0.01,50,17600,卖盘
1335,10:39:53,3.53,0.01,3,1059,买盘
1336,10:39:51,3.52,--,9,3287,卖盘
1337,10:39:44,3.52,--,11,3872,卖盘
1338,10:39:39,3.52,--,20,7040,卖盘
1339,10:39:35,3.52,--,140,49540,卖盘
1340,10:39:24,3.52,--,1,352,卖盘
1341,10:39:21,3.52,-0.01,0,3,卖盘
1342,10:39:06,3.53,--,100,35300,买盘
1343,10:38:50,3.53,0.01,100,35300,买盘
1344,10:38:36,3.52,-0.01,62,21824,卖盘
1345,10:38:30,3.53,0.01,3,1059,买盘
1346,10:38:21,3.52,-0.01,309,109010,卖盘
1347,10:38:15,3.53,0.01,3,1059,买盘
1348,10:38:09,3.52,--,32,11264,卖盘
1349,10:38:05,3.52,--,36,12672,卖盘
1350,10:37:59,3.52,--,227,79904,卖盘
1351,10:37:50,3.52,-0.01,0,264,卖盘
1352,10:37:44,3.53,0.01,259,91635,买盘
1353,10:37:29,3.52,-0.01,16,5632,卖盘
1354,10:37:21,3.53,--,256,90368,买盘
1355,10:37:14,3.53,--,4,1412,买盘
1356,10:36:59,3.53,0.01,2,706,买盘
1357,10:36:44,3.52,-0.01,50,17600,卖盘
1358,10:36:35,3.53,0.01,10,3530,买盘
1359,10:36:24,3.52,-0.01,1,352,卖盘
1360,10:36:17,3.53,--,5,1765,买盘
1361,10:36:09,3.53,0.01,36,12708,买盘
1362,10:35:55,3.52,--,28,9975,卖盘
1363,10:35:49,3.52,-0.01,5,1760,卖盘
1364,10:35:45,3.53,--,455,160615,买盘
1365,10:35:40,3.53,--,140,49420,买盘
1366,10:35:29,3.53,--,1,353,买盘
1367,10:35:03,3.53,--,4,1412,买盘
1368,10:34:59,3.53,--,67,23651,买盘
1369,10:34:54,3.53,0.01,16,5648,买盘
1370,10:34:39,3.52,--,100,35200,卖盘
1371,10:34:14,3.52,-0.01,10,3520,卖盘
1372,10:34:10,3.53,0.01,80,28240,买盘
1373,10:33:40,3.52,-0.01,509,179287,卖盘
1374,10:33:29,3.53,--,19,6707,买盘
1375,10:33:24,3.53,--,5,1765,买盘
1376,10:33:15,3.53,0.01,21,7413,买盘
1377,10:33:09,3.52,-0.01,1,352,卖盘
1378,10:32:59,3.53,0.01,1,353,买盘
1379,10:32:53,3.52,--,1468,516841,卖盘
1380,10:32:44,3.52,-0.01,87,30624,卖盘
1381,10:32:33,3.53,--,1,353,买盘
1382,10:32:18,3.53,0.01,23,8119,买盘
1383,10:31:53,3.52,-0.01,165,58111,卖盘
1384,10:31:48,3.53,--,2,706,买盘
1385,10:31:39,3.53,0.01,2,949,买盘
1386,10:31:33,3.52,-0.01,18,6564,卖盘
1387,10:31:29,3.53,0.01,150,52950,买盘
1388,10:31:09,3.52,-0.01,12,4224,卖盘
1389,10:30:45,3.53,0.01,23,8119,买盘
1390,10:30:23,3.52,--,3,1210,卖盘
1391,10:30:14,3.52,--,31,11144,卖盘
1392,10:30:02,3.52,-0.01,13,4576,卖盘
1393,10:29:59,3.53,0.01,2,706,买盘
1394,10:29:53,3.52,--,1,418,卖盘
1395,10:29:44,3.52,--,26,9204,卖盘
1396,10:29:39,3.52,--,100,35200,卖盘
1397,10:29:34,3.52,--,30,10560,卖盘
1398,10:29:24,3.52,--,2,704,卖盘
1399,10:29:14,3.52,--,35,12355,卖盘
1400,10:29:08,3.52,--,15,5280,卖盘
1401,10:28:48,3.52,-0.01,4,1408,卖盘
1402,10:28:43,3.53,--,10,3530,买盘
1403,10:28:38,3.53,--,100,35300,买盘
1404,10:28:23,3.53,0.01,202,71306,买盘
1405,10:28:17,3.52,--,7,2752,卖盘
1406,10:28:12,3.52,--,16,5632,卖盘
1407,10:28:04,3.52,--,32,11362,卖盘
1408,10:27:53,3.52,--,75,26400,买盘
1409,10:27:44,3.52,--,44,15488,买盘
1410,10:27:39,3.52,--,22,7744,买盘
1411,10:27:32,3.52,0.01,3,1056,买盘
1412,10:27:28,3.51,-0.01,0,231,卖盘
1413,10:27:23,3.52,--,14,5167,买盘
1414,10:27:12,3.52,0.01,304,107008,买盘
1415,10:27:07,3.51,--,35,12320,卖盘
1416,10:26:52,3.51,-0.01,7,2457,卖盘
1417,10:26:48,3.52,--,130,45760,买盘
1418,10:26:43,3.52,--,10,3520,买盘
1419,10:26:39,3.52,0.01,4,1408,买盘
1420,10:26:33,3.51,-0.01,43,15092,卖盘
1421,10:26:27,3.52,--,50,17600,买盘
1422,10:26:23,3.52,--,30,10560,买盘
1423,10:26:18,3.52,0.01,1097,386144,买盘
1424,10:26:08,3.51,-0.01,100,35100,卖盘
1425,10:26:02,3.52,--,10,3520,买盘
1426,10:25:58,3.52,--,63,22211,买盘
1427,10:25:53,3.52,0.01,97,34144,买盘
1428,10:25:49,3.51,--,7,2457,卖盘
1429,10:25:38,3.51,--,180,63373,卖盘
1430,10:25:33,3.51,--,151,53001,卖盘
1431,10:25:17,3.51,-0.01,9,3278,卖盘
1432,10:25:08,3.52,--,56,19712,买盘
1433,10:25:01,3.52,0.01,90,31680,买盘
1434,10:24:58,3.51,--,0,3,卖盘
1435,10:24:53,3.51,-0.01,125,43910,卖盘
1436,10:24:47,3.52,-0.01,144,50786,卖盘
1437,10:24:43,3.53,0.01,147,52078,买盘
1438,10:24:38,3.52,--,75,26400,卖盘
1439,10:24:27,3.52,--,0,221,卖盘
1440,10:24:12,3.52,--,5814,2046528,卖盘
1441,10:24:08,3.52,--,506,178288,卖盘
1442,10:24:02,3.52,0.01,3933,1384472,买盘
1443,10:23:58,3.51,--,500,175500,卖盘
1444,10:23:53,3.51,-0.01,0,7,卖盘
1445,10:23:47,3.52,--,4,1408,买盘
1446,10:23:41,3.52,0.01,70,24640,买盘
1447,10:23:32,3.51,--,0,3,卖盘
1448,10:23:27,3.51,-0.01,36,12864,卖盘
1449,10:23:23,3.52,0.01,988,347776,买盘
1450,10:23:18,3.51,--,59,20709,卖盘
1451,10:23:13,3.51,-0.01,40,14366,卖盘
1452,10:23:09,3.52,0.01,10,3520,买盘
1453,10:23:02,3.51,--,7,2499,卖盘
1454,10:22:53,3.51,--,154,54233,卖盘
1455,10:22:48,3.51,-0.01,36,12979,卖盘
1456,10:22:36,3.52,--,20,7040,买盘
1457,10:22:32,3.52,--,268,94336,买盘
1458,10:22:26,3.52,--,336,118272,买盘
1459,10:22:21,3.52,0.01,6,2112,买盘
1460,10:22:18,3.51,-0.01,853,299403,卖盘
1461,10:22:11,3.52,--,78,27456,买盘
1462,10:22:07,3.52,--,757,266464,买盘
1463,10:22:02,3.52,--,3,1379,买盘
1464,10:21:58,3.52,0.01,130,45760,买盘
1465,10:21:51,3.51,--,33,11646,卖盘
1466,10:21:42,3.51,-0.01,79,27729,卖盘
1467,10:21:32,3.52,--,870,306240,买盘
1468,10:21:28,3.52,--,91,32032,买盘
1469,10:21:17,3.52,--,75,26519,买盘
1470,10:21:02,3.52,--,40,14080,买盘
1471,10:20:57,3.52,0.01,84,29568,买盘
1472,10:20:50,3.51,-0.01,35,12320,卖盘
1473,10:20:42,3.52,--,10,3520,买盘
1474,10:20:35,3.52,--,11,3872,买盘
1475,10:20:33,3.52,--,78,27456,买盘
1476,10:20:27,3.52,--,30,10560,买盘
1477,10:20:20,3.52,--,10,3520,买盘
1478,10:20:18,3.52,--,237,83424,买盘
1479,10:20:11,3.52,0.01,400,140800,买盘
1480,10:20:06,3.51,-0.01,20,7020,卖盘
1481,10:19:56,3.52,--,148,52096,买盘
1482,10:19:50,3.52,--,10,3520,买盘
1483,10:19:47,3.52,0.01,285,100344,买盘
1484,10:19:41,3.51,--,217,76167,卖盘
1485,10:19:37,3.51,-0.01,35,12295,卖盘
1486,10:19:32,3.52,0.01,91,32032,买盘
1487,10:19:20,3.51,-0.01,1,351,卖盘
1488,10:19:17,3.52,0.01,42,14784,买盘
1489,10:19:13,3.51,-0.01,11,3980,卖盘
1490,10:18:56,3.52,0.01,255,89760,买盘
1491,10:18:52,3.51,-0.01,32,11232,卖盘
1492,10:18:47,3.52,0.01,78,27456,买盘
1493,10:18:42,3.51,--,253,89010,卖盘
1494,10:18:32,3.51,--,35,12464,卖盘
1495,10:18:20,3.51,-0.01,26,9301,卖盘
1496,10:18:12,3.52,--,65,22880,买盘
1497,10:18:02,3.52,--,392,137984,买盘
1498,10:17:58,3.52,--,83,29216,买盘
1499,10:17:47,3.52,0.01,647,227744,买盘
1500,10:17:41,3.51,-0.01,36,12671,卖盘
1501,10:17:32,3.52,--,31,10912,买盘
1502,10:17:27,3.52,0.01,50,17600,买盘
1503,10:17:17,3.51,--,21,7371,卖盘
1504,10:17:10,3.51,-0.01,1,586,卖盘
1505,10:17:07,3.52,0.01,60,21120,买盘
1506,10:17:02,3.51,--,9,3394,卖盘
1507,10:16:41,3.51,--,37,13292,卖盘
1508,10:16:35,3.51,--,17,5967,卖盘
1509,10:16:32,3.51,-0.01,34,12014,卖盘
1510,10:16:26,3.52,--,2,704,买盘
1511,10:16:21,3.52,0.01,50,17600,买盘
1512,10:16:17,3.51,-0.01,50,17550,卖盘
1513,10:16:11,3.52,--,107,37664,买盘
1514,10:16:06,3.52,0.01,100,35200,买盘
1515,10:16:02,3.51,-0.01,60,21060,卖盘
1516,10:15:57,3.52,--,42,14784,买盘
1517,10:15:47,3.52,0.01,41,14432,买盘
1518,10:15:35,3.51,--,0,73,卖盘
1519,10:15:26,3.51,-0.01,84,29796,卖盘
1520,10:15:21,3.52,0.01,50,17600,买盘
1521,10:15:06,3.51,-0.01,0,319,卖盘
1522,10:14:59,3.52,0.01,45,15991,买盘
1523,10:14:51,3.51,-0.01,1,351,卖盘
1524,10:14:42,3.52,0.01,25,8800,买盘
1525,10:14:32,3.51,--,35,12320,卖盘
1526,10:14:20,3.51,--,11,3860,卖盘
1527,10:14:14,3.51,--,1,351,卖盘
1528,10:14:11,3.51,--,8,2808,卖盘
1529,10:14:00,3.51,--,219,76932,卖盘
1530,10:13:56,3.51,-0.01,162,56862,卖盘
1531,10:13:21,3.52,0.01,113,39811,买盘
1532,10:13:06,3.51,--,47,16497,卖盘
1533,10:13:01,3.51,-0.01,0,66,卖盘
1534,10:12:56,3.52,--,106,37364,买盘
1535,10:12:52,3.52,--,9,3168,买盘
1536,10:12:45,3.52,0.01,2,704,买盘
1537,10:12:36,3.51,--,218,76518,卖盘
1538,10:12:26,3.51,--,1201,421754,卖盘
1539,10:12:20,3.51,-0.01,33,11765,卖盘
1540,10:11:56,3.52,0.01,103,36256,买盘
1541,10:11:41,3.51,-0.01,90,31589,卖盘
1542,10:11:21,3.52,0.01,43,15136,买盘
1543,10:11:06,3.51,-0.01,500,175500,卖盘
1544,10:10:56,3.52,0.01,99,34967,买盘
1545,10:10:44,3.51,--,1,351,卖盘
1546,10:10:37,3.51,--,38,13373,卖盘
1547,10:10:15,3.51,-0.01,109,38259,卖盘
1548,10:10:11,3.52,--,141,49632,买盘
1549,10:10:07,3.52,--,175,61600,买盘
1550,10:09:56,3.52,--,30,10560,买盘
1551,10:09:50,3.52,0.01,2,704,买盘
1552,10:09:41,3.51,-0.01,37,13250,卖盘
1553,10:09:36,3.52,0.01,124,43648,买盘
1554,10:09:30,3.51,-0.01,34,12056,卖盘
1555,10:08:55,3.52,0.01,48,16896,买盘
1556,10:08:50,3.51,--,10,3629,卖盘
1557,10:08:23,3.51,-0.01,16,5616,卖盘
1558,10:08:20,3.52,0.01,4,1408,买盘
1559,10:08:15,3.51,-0.01,20,7020,卖盘
1560,10:08:05,3.52,0.01,298,104896,买盘
1561,10:07:35,3.51,-0.01,5,1755,卖盘
1562,10:07:30,3.52,0.01,58,20416,买盘
1563,10:07:20,3.51,--,16,5616,卖盘
1564,10:06:50,3.51,-0.01,1,351,卖盘
1565,10:06:45,3.52,0.01,10,3520,买盘
1566,10:06:39,3.51,-0.01,82,28782,卖盘
1567,10:06:35,3.52,--,102,35904,买盘
1568,10:06:31,3.52,--,17,5984,买盘
1569,10:06:23,3.52,0.01,22,7744,买盘
1570,10:06:20,3.51,-0.01,857,300807,卖盘
1571,10:06:05,3.52,--,34,11968,买盘
1572,10:06:00,3.52,0.01,100,35200,买盘
1573,10:05:53,3.51,-0.01,40,14040,卖盘
1574,10:05:50,3.52,--,60,21120,买盘
1575,10:05:39,3.52,0.01,470,165440,买盘
1576,10:05:35,3.51,--,43,15092,卖盘
1577,10:05:20,3.51,-0.01,68,23868,卖盘
1578,10:05:15,3.52,--,14,4928,买盘
1579,10:05:08,3.52,0.01,1,352,买盘
1580,10:05:00,3.51,--,373,130986,卖盘
1581,10:04:54,3.51,--,1,351,卖盘
1582,10:04:45,3.51,-0.01,1,351,卖盘
1583,10:04:39,3.52,--,1814,638528,买盘
1584,10:04:29,3.52,--,65,22880,买盘
1585,10:04:15,3.52,0.01,60,21120,买盘
1586,10:04:00,3.51,--,120,42120,卖盘
1587,10:03:54,3.51,--,77,27027,卖盘
1588,10:03:39,3.51,--,430,150930,卖盘
1589,10:03:30,3.51,--,69,24219,卖盘
1590,10:03:23,3.51,--,50,17550,卖盘
1591,10:03:20,3.51,--,1535,538785,卖盘
1592,10:03:14,3.51,--,120,42120,卖盘
1593,10:03:05,3.51,-0.01,309,108459,卖盘
1594,10:03:00,3.52,0.01,144,50688,买盘
1595,10:02:39,3.51,--,10,3510,卖盘
1596,10:02:35,3.51,--,6,2106,卖盘
1597,10:02:30,3.51,-0.01,215,75465,卖盘
1598,10:02:20,3.52,--,320,112640,买盘
1599,10:02:15,3.52,0.01,275,96983,买盘
1600,10:02:05,3.51,--,31,10881,卖盘
1601,10:02:00,3.51,--,4,1404,卖盘
1602,10:01:50,3.51,--,76,26676,卖盘
1603,10:01:44,3.51,-0.01,11,3864,卖盘
1604,10:01:39,3.52,--,4,1408,买盘
1605,10:01:33,3.52,0.01,7,2464,买盘
1606,10:01:30,3.51,--,54,18954,卖盘
1607,10:01:20,3.51,--,415,145805,卖盘
1608,10:01:15,3.51,--,66,23166,卖盘
1609,10:00:59,3.51,--,264,92664,买盘
1610,10:00:54,3.51,0.01,285,100035,买盘
1611,10:00:47,3.5,-0.01,88,30800,卖盘
1612,10:00:43,3.51,--,80,28080,买盘
1613,10:00:39,3.51,0.01,28,9828,买盘
1614,10:00:29,3.5,-0.01,32,11200,卖盘
1615,10:00:24,3.51,--,1250,438750,买盘
1616,10:00:14,3.51,--,883,309933,买盘
1617,10:00:08,3.51,-0.01,2300,807300,卖盘
1618,09:59:59,3.52,0.01,100,35200,买盘
1619,09:59:54,3.51,--,31,10881,卖盘
1620,09:59:44,3.51,-0.01,3,1053,卖盘
1621,09:59:38,3.52,0.01,539,189728,买盘
1622,09:59:33,3.51,--,338,118638,卖盘
1623,09:59:19,3.51,-0.01,36,12636,卖盘
1624,09:58:59,3.52,0.01,462,162624,买盘
1625,09:58:54,3.51,--,290,101790,卖盘
1626,09:58:48,3.51,-0.01,30,10530,卖盘
1627,09:58:44,3.52,0.01,80,28160,买盘
1628,09:58:39,3.51,--,736,258335,卖盘
1629,09:58:33,3.51,--,1,351,卖盘
1630,09:58:24,3.51,--,843,295893,卖盘
1631,09:58:18,3.51,--,3,1053,卖盘
1632,09:58:09,3.51,--,172,60371,卖盘
1633,09:57:45,3.51,--,50,17550,卖盘
1634,09:57:39,3.51,--,638,223938,卖盘
1635,09:57:29,3.51,--,50,17550,卖盘
1636,09:57:24,3.51,-0.01,27,9477,卖盘
1637,09:57:14,3.52,--,19,6688,买盘
1638,09:57:09,3.52,0.01,105,36960,买盘
1639,09:57:03,3.51,--,15,5265,卖盘
1640,09:56:59,3.51,-0.01,261,91611,卖盘
1641,09:56:53,3.52,--,163,57376,买盘
1642,09:56:48,3.52,0.01,63,22176,买盘
1643,09:56:39,3.51,--,194,68094,卖盘
1644,09:56:32,3.51,--,48,16848,买盘
1645,09:56:24,3.51,--,12,4212,买盘
1646,09:56:18,3.51,0.01,25,8775,买盘
1647,09:56:14,3.5,-0.01,27,9450,卖盘
1648,09:56:09,3.51,--,274,96174,买盘
1649,09:56:03,3.51,0.01,65,22815,买盘
1650,09:55:54,3.5,--,0,0,卖盘
1651,09:55:48,3.5,-0.01,320,112185,卖盘
1652,09:55:44,3.51,--,1,351,卖盘
1653,09:55:39,3.51,0.01,50,17550,中性盘
1654,09:55:33,3.5,-0.01,1887,660450,卖盘
1655,09:55:29,3.51,--,908,318708,买盘
1656,09:55:24,3.51,-0.01,175,61428,中性盘
1657,09:55:18,3.52,0.01,5788,2037376,买盘
1658,09:55:14,3.51,--,29,10179,买盘
1659,09:55:09,3.51,-0.01,927,325377,卖盘
1660,09:55:03,3.52,0.01,9,3168,买盘
1661,09:54:48,3.51,--,50,17550,卖盘
1662,09:54:43,3.51,--,80,28080,卖盘
1663,09:54:39,3.51,-0.01,22,7721,卖盘
1664,09:54:33,3.52,0.01,1036,364672,买盘
1665,09:54:27,3.51,-0.01,40,14040,卖盘
1666,09:54:23,3.52,0.01,2113,743776,买盘
1667,09:54:18,3.51,--,30,10530,卖盘
1668,09:54:08,3.51,-0.01,130,45630,卖盘
1669,09:54:03,3.52,0.01,1101,387552,买盘
1670,09:53:58,3.51,--,536,188136,卖盘
1671,09:53:53,3.51,-0.01,360,126359,卖盘
1672,09:53:48,3.52,0.01,2,704,买盘
1673,09:53:42,3.51,--,120,42120,买盘
1674,09:53:38,3.51,--,104,36504,卖盘
1675,09:53:33,3.51,--,843,295893,卖盘
1676,09:53:27,3.51,--,120,42120,卖盘
1677,09:53:23,3.51,--,92,32291,卖盘
1678,09:53:17,3.51,--,270,94770,卖盘
1679,09:53:13,3.51,--,19,6669,卖盘
1680,09:53:08,3.51,-0.01,1,351,卖盘
1681,09:53:03,3.52,0.01,248,87296,买盘
1682,09:52:59,3.51,-0.01,529,185679,卖盘
1683,09:52:53,3.52,0.01,50,17600,买盘
1684,09:52:48,3.51,--,769,269919,卖盘
1685,09:52:38,3.51,--,425,149175,卖盘
1686,09:52:32,3.51,--,135,47385,卖盘
1687,09:52:23,3.51,--,144,50544,卖盘
1688,09:52:18,3.51,--,788,276588,卖盘
1689,09:52:12,3.51,--,40,14040,卖盘
1690,09:52:08,3.51,--,56,19656,卖盘
1691,09:52:03,3.51,--,381,133731,卖盘
1692,09:51:52,3.51,-0.01,893,313443,卖盘
1693,09:51:33,3.52,--,10,3520,买盘
1694,09:51:27,3.52,--,5,1760,买盘
1695,09:51:23,3.52,0.01,37,13024,买盘
1696,09:51:18,3.51,-0.01,10,3510,卖盘
1697,09:51:12,3.52,0.01,130,45760,买盘
1698,09:51:08,3.51,-0.01,283,99333,卖盘
1699,09:51:03,3.52,0.01,20,7040,买盘
1700,09:50:56,3.51,-0.01,1,351,卖盘
1701,09:50:48,3.52,--,8,2816,买盘
1702,09:50:42,3.52,0.01,146,51392,买盘
1703,09:50:38,3.51,-0.01,400,140400,卖盘
1704,09:50:27,3.52,--,14,4928,买盘
1705,09:50:18,3.52,0.01,250,88000,买盘
1706,09:50:11,3.51,0.01,80,28080,买盘
1707,09:50:08,3.5,-0.01,22,7700,卖盘
1708,09:50:03,3.51,--,481,168831,买盘
1709,09:49:53,3.51,--,34,11934,买盘
1710,09:49:42,3.51,--,291,102141,卖盘
1711,09:49:33,3.51,--,116,40716,买盘
1712,09:49:26,3.51,--,582,204282,买盘
1713,09:49:23,3.51,--,1043,366093,买盘
1714,09:49:17,3.51,--,10,3510,买盘
1715,09:49:12,3.51,--,163,57213,买盘
1716,09:49:08,3.51,--,225,78975,买盘
1717,09:49:02,3.51,--,13,4563,买盘
1718,09:48:55,3.51,--,404,141804,买盘
1719,09:48:53,3.51,--,153,53703,买盘
1720,09:48:48,3.51,--,58,20358,买盘
1721,09:48:41,3.51,--,1,351,买盘
1722,09:48:38,3.51,--,110,38610,买盘
1723,09:48:33,3.51,--,156,54756,买盘
1724,09:48:27,3.51,--,146,51246,买盘
1725,09:48:23,3.51,0.01,170,59670,买盘
1726,09:48:18,3.5,-0.01,10,3500,卖盘
1727,09:48:08,3.51,0.01,23,8072,买盘
1728,09:48:02,3.5,--,164,57400,卖盘
1729,09:47:57,3.5,-0.01,2,700,卖盘
1730,09:47:53,3.51,--,484,169884,买盘
1731,09:47:48,3.51,--,126,44226,买盘
1732,09:47:41,3.51,0.01,40,14040,买盘
1733,09:47:38,3.5,-0.01,272,95200,卖盘
1734,09:47:32,3.51,--,758,266058,买盘
1735,09:47:27,3.51,--,16,5616,买盘
1736,09:47:23,3.51,0.01,680,238680,买盘
1737,09:47:12,3.5,-0.01,447,156450,卖盘
1738,09:47:07,3.51,--,20,7020,买盘
1739,09:47:03,3.51,--,50,17550,买盘
1740,09:46:50,3.51,--,50,17550,买盘
1741,09:46:48,3.51,--,40,14040,买盘
1742,09:46:41,3.51,--,147,51597,买盘
1743,09:46:36,3.51,--,12,4212,买盘
1744,09:46:33,3.51,--,149,52299,买盘
1745,09:46:21,3.51,--,8,2808,买盘
1746,09:46:18,3.51,--,101,35451,买盘
1747,09:46:12,3.51,--,125,43875,买盘
1748,09:46:06,3.51,--,5,1755,买盘
1749,09:46:02,3.51,0.01,191,67041,买盘
1750,09:45:57,3.5,-0.01,23,8050,卖盘
1751,09:45:47,3.51,--,210,73710,买盘
1752,09:45:41,3.51,--,108,37908,买盘
1753,09:45:32,3.51,--,4,1404,买盘
1754,09:45:26,3.51,--,207,72657,卖盘
1755,09:45:17,3.51,--,113,39663,买盘
1756,09:45:11,3.51,-0.01,121,42471,卖盘
1757,09:45:07,3.52,0.02,10,3520,买盘
1758,09:45:02,3.5,-0.01,77,26950,卖盘
1759,09:44:56,3.51,--,28,9828,买盘
1760,09:44:52,3.51,--,1472,516671,卖盘
1761,09:44:47,3.51,--,114,40014,买盘
1762,09:44:41,3.51,0.01,162,56862,买盘
1763,09:44:35,3.5,-0.01,1643,575050,卖盘
1764,09:44:32,3.51,--,552,193752,买盘
1765,09:44:27,3.51,--,37,12987,买盘
1766,09:44:20,3.51,0.01,404,141804,买盘
1767,09:44:17,3.5,-0.01,1221,427350,卖盘
1768,09:44:12,3.51,--,44,15443,买盘
1769,09:44:06,3.51,0.01,1789,627939,买盘
1770,09:44:02,3.5,--,94,32900,卖盘
1771,09:43:51,3.5,-0.01,501,175350,卖盘
1772,09:43:47,3.51,--,12,4212,买盘
1773,09:43:42,3.51,0.01,95,33345,买盘
1774,09:43:35,3.5,-0.01,126,44100,卖盘
1775,09:43:32,3.51,--,41,14391,买盘
1776,09:43:27,3.51,--,10,3510,买盘
1777,09:43:21,3.51,--,796,279396,卖盘
1778,09:43:17,3.51,--,8,2808,卖盘
1779,09:43:05,3.51,--,20,7020,买盘
1780,09:43:02,3.51,--,119,41769,买盘
1781,09:42:57,3.51,--,121,42471,买盘
1782,09:42:51,3.51,0.01,189,66339,买盘
1783,09:42:47,3.5,-0.01,179,62650,卖盘
1784,09:42:42,3.51,--,88,30887,买盘
1785,09:42:35,3.51,--,5828,2045627,买盘
1786,09:42:32,3.51,--,534,187434,买盘
1787,09:42:27,3.51,--,31,10881,买盘
1788,09:42:21,3.51,--,262,91962,买盘
1789,09:42:17,3.51,--,100,35100,买盘
1790,09:42:12,3.51,--,327,114777,卖盘
1791,09:42:05,3.51,0.01,100,35100,卖盘
1792,09:42:02,3.5,-0.01,594,207900,卖盘
1793,09:41:57,3.51,--,242,85117,买盘
1794,09:41:51,3.51,--,31,10881,买盘
1795,09:41:47,3.51,--,337,118287,买盘
1796,09:41:42,3.51,--,230,80730,买盘
1797,09:41:36,3.51,--,190,66690,买盘
1798,09:41:32,3.51,--,1792,628992,买盘
1799,09:41:26,3.51,--,72,25272,买盘
1800,09:41:20,3.51,--,139,48789,买盘
1801,09:41:17,3.51,--,79,27729,买盘
1802,09:41:12,3.51,--,126,44226,买盘
1803,09:41:06,3.51,--,254,89154,买盘
1804,09:41:02,3.51,--,120,42120,买盘
1805,09:40:56,3.51,--,166,58266,买盘
1806,09:40:50,3.51,--,25,8775,买盘
1807,09:40:47,3.51,--,97,34047,买盘
1808,09:40:41,3.51,--,24,8424,买盘
1809,09:40:36,3.51,0.01,96,33696,买盘
1810,09:40:32,3.5,-0.01,563,197050,卖盘
1811,09:40:26,3.51,--,439,154089,买盘
1812,09:40:21,3.51,--,702,246401,买盘
1813,09:40:15,3.51,--,20,7020,买盘
1814,09:40:11,3.51,--,915,321165,买盘
1815,09:40:06,3.51,--,120,42120,买盘
1816,09:40:01,3.51,--,1231,432081,买盘
1817,09:39:57,3.51,--,296,103896,买盘
1818,09:39:51,3.51,--,443,155493,买盘
1819,09:39:46,3.51,--,149,52299,买盘
1820,09:39:41,3.51,--,18,6318,买盘
1821,09:39:36,3.51,--,129,45279,买盘
1822,09:39:30,3.51,0.01,93,32642,买盘
1823,09:39:26,3.5,-0.01,469,164150,卖盘
1824,09:39:21,3.51,--,189,66339,买盘
1825,09:39:16,3.51,--,8,2808,买盘
1826,09:39:11,3.51,--,70,24570,买盘
1827,09:39:06,3.51,-0.01,2038,715513,卖盘
1828,09:38:56,3.52,0.01,40,14080,买盘
1829,09:38:50,3.51,--,173,60722,卖盘
1830,09:38:42,3.51,--,47,16497,卖盘
1831,09:38:35,3.51,--,1078,378553,买盘
1832,09:38:30,3.51,--,144,50544,买盘
1833,09:38:26,3.51,--,4049,1421374,卖盘
1834,09:38:21,3.51,-0.01,26,9301,卖盘
1835,09:38:16,3.52,--,3,1056,买盘
1836,09:38:11,3.52,0.01,370,130240,买盘
1837,09:38:06,3.51,--,7515,2637765,卖盘
1838,09:37:51,3.51,--,1,351,卖盘
1839,09:37:44,3.51,--,167,58617,买盘
1840,09:37:42,3.51,--,320,112320,买盘
1841,09:37:35,3.51,--,623,218673,买盘
1842,09:37:29,3.51,--,115,40365,买盘
1843,09:37:26,3.51,--,72,25272,买盘
1844,09:37:21,3.51,--,271,95121,买盘
1845,09:37:15,3.51,--,363,127412,买盘
1846,09:37:11,3.51,-0.01,5482,1924181,卖盘
1847,09:36:59,3.52,0.01,14,4928,买盘
1848,09:36:44,3.51,--,413,144963,买盘
1849,09:36:41,3.51,--,764,268164,买盘
1850,09:36:35,3.51,-0.01,8653,3037203,卖盘
1851,09:36:29,3.52,--,20,7040,买盘
1852,09:36:26,3.52,0.01,23,8096,买盘
1853,09:36:20,3.51,-0.01,207,72657,卖盘
1854,09:36:11,3.52,--,5518,1942336,买盘
1855,09:36:06,3.52,--,2356,829312,买盘
1856,09:36:00,3.52,--,4,1408,买盘
1857,09:35:55,3.52,0.01,14,4928,买盘
1858,09:35:45,3.51,-0.01,100,35100,卖盘
1859,09:35:36,3.52,--,21,7392,买盘
1860,09:35:30,3.52,--,50,17600,买盘
1861,09:35:26,3.52,--,99,34848,买盘
1862,09:35:21,3.52,--,110,38720,买盘
1863,09:35:15,3.52,0.01,1122,394944,买盘
1864,09:35:11,3.51,-0.01,4130,1449630,卖盘
1865,09:35:05,3.52,--,131,46112,买盘
1866,09:35:00,3.52,--,574,202048,买盘
1867,09:34:56,3.52,0.01,647,227744,买盘
1868,09:34:50,3.51,--,3575,1254825,买盘
1869,09:34:44,3.51,--,169,59319,买盘
1870,09:34:41,3.51,--,252,88452,买盘
1871,09:34:36,3.51,--,92,32291,买盘
1872,09:34:30,3.51,--,220,77220,买盘
1873,09:34:26,3.51,--,553,194103,买盘
1874,09:34:20,3.51,--,89,31238,买盘
1875,09:34:14,3.51,--,218,76518,买盘
1876,09:34:11,3.51,--,88,30887,买盘
1877,09:34:05,3.51,--,100,35100,买盘
1878,09:33:56,3.51,--,292,102492,买盘
1879,09:33:51,3.51,-0.01,788,276588,卖盘
1880,09:33:41,3.52,0.01,371,130592,买盘
1881,09:33:36,3.51,--,264,92664,买盘
1882,09:33:29,3.51,--,167,58617,买盘
1883,09:33:26,3.51,--,174,61073,买盘
1884,09:33:20,3.51,-0.01,4193,1471743,卖盘
1885,09:33:15,3.52,0.01,86,30272,买盘
1886,09:33:08,3.51,--,3,1053,卖盘
1887,09:33:05,3.51,-0.01,100,35100,卖盘
1888,09:32:59,3.52,0.01,4563,1606176,买盘
1889,09:32:51,3.51,-0.01,1340,470340,卖盘
1890,09:32:45,3.52,--,54,19008,买盘
1891,09:32:41,3.52,--,5580,1964160,买盘
1892,09:32:36,3.52,--,90,31680,买盘
1893,09:32:29,3.52,--,355,124960,买盘
1894,09:32:21,3.52,--,17,5984,买盘
1895,09:32:15,3.52,--,6042,2126784,买盘
1896,09:32:09,3.52,--,70,24640,买盘
1897,09:32:06,3.52,--,98,34496,买盘
1898,09:32:00,3.52,--,222,78144,买盘
1899,09:31:55,3.52,--,45,15840,买盘
1900,09:31:50,3.52,0.01,660,232320,买盘
1901,09:31:44,3.51,-0.01,331,116181,卖盘
1902,09:31:38,3.52,--,235,82720,买盘
1903,09:31:36,3.52,--,74,26048,买盘
1904,09:31:29,3.52,--,1393,490336,买盘
1905,09:31:23,3.52,--,29,10208,买盘
1906,09:31:20,3.52,--,5030,1770560,买盘
1907,09:31:14,3.52,--,46,16192,买盘
1908,09:31:09,3.52,--,5128,1805056,买盘
1909,09:31:05,3.52,--,56,19712,买盘
1910,09:31:00,3.52,--,100,35200,买盘
1911,09:30:53,3.52,--,67,23584,买盘
1912,09:30:50,3.52,--,2,704,买盘
1913,09:30:38,3.52,--,13,4576,买盘
1914,09:30:35,3.52,--,260,91520,买盘
1915,09:30:29,3.52,--,181,63712,买盘
1916,09:30:23,3.52,--,696,244992,买盘
1917,09:30:20,3.52,--,598,210496,买盘
1918,09:30:14,3.52,--,4,1408,买盘
1919,09:30:08,3.52,--,94,33088,买盘
1920,09:30:05,3.52,--,10453,3679456,买盘
1921,09:28:44,3.52,--,0,0,买盘
1922,09:25:03,3.52,3.52,14651,5157152,买盘
