,time,price,change,volume,amount,type
0,15:00:00,4.48,--,0,0,卖盘
1,15:00:00,4.48,-0.03,0,0,卖盘
2,15:00:00,4.51,0.01,1412,636812,买盘
3,14:59:55,4.5,--,81,36450,买盘
4,14:59:49,4.5,0.03,500,225000,买盘
5,14:59:45,4.47,-0.03,263,117561,卖盘
6,14:59:40,4.5,0.04,2881,1296450,买盘
7,14:59:34,4.46,--,114,50844,卖盘
8,14:59:30,4.46,--,72,32112,卖盘
9,14:59:25,4.46,0.01,1000,446000,买盘
10,14:59:19,4.45,0.01,355,157975,买盘
11,14:59:15,4.44,-0.01,1068,474192,卖盘
12,14:59:10,4.45,0.01,261,116145,买盘
13,14:59:04,4.44,-0.01,25,11100,卖盘
14,14:59:00,4.45,--,519,230955,买盘
15,14:58:55,4.45,0.01,5,2225,买盘
16,14:58:40,4.44,--,300,133200,卖盘
17,14:58:30,4.44,--,2,888,卖盘
18,14:58:25,4.44,--,41,18204,卖盘
19,14:58:19,4.44,--,678,301200,买盘
20,14:58:15,4.44,--,10,4440,买盘
21,14:58:00,4.44,0.01,21,9324,买盘
22,14:57:49,4.43,-0.01,15,6645,卖盘
23,14:57:45,4.44,--,149,66156,买盘
24,14:57:40,4.44,0.01,25,11100,买盘
25,14:57:34,4.43,-0.01,3,1329,卖盘
26,14:57:19,4.44,--,41,18204,买盘
27,14:57:15,4.44,--,73,32412,买盘
28,14:57:10,4.44,0.01,41,18204,买盘
29,14:57:04,4.43,--,5,2215,卖盘
30,14:56:55,4.43,--,50,22150,卖盘
31,14:56:49,4.43,--,1,443,卖盘
32,14:56:45,4.43,-0.01,50,22150,卖盘
33,14:56:40,4.44,--,3,1332,买盘
34,14:56:19,4.44,0.01,130,57720,买盘
35,14:56:15,4.43,--,101,44743,卖盘
36,14:56:09,4.43,-0.01,8,3544,卖盘
37,14:55:54,4.44,--,10,4440,买盘
38,14:55:45,4.44,--,70,31080,买盘
39,14:55:39,4.44,--,25,11100,买盘
40,14:55:19,4.44,0.01,300,133200,买盘
41,14:55:14,4.43,-0.01,27,11961,卖盘
42,14:55:04,4.44,0.01,102,45288,买盘
43,14:54:59,4.43,-0.01,34,15061,卖盘
44,14:54:49,4.44,--,94,41736,买盘
45,14:54:39,4.44,0.01,9,3996,买盘
46,14:54:34,4.43,-0.01,10,4430,卖盘
47,14:54:14,4.44,0.01,157,69708,买盘
48,14:54:09,4.43,--,3,1329,卖盘
49,14:54:04,4.43,-0.01,10,4430,卖盘
50,14:53:49,4.44,--,1,444,买盘
51,14:53:44,4.44,--,21,9324,买盘
52,14:53:29,4.44,0.01,30,13320,买盘
53,14:53:19,4.43,--,640,283520,卖盘
54,14:53:04,4.43,-0.01,30,13290,卖盘
55,14:52:54,4.44,--,20,8880,买盘
56,14:52:49,4.44,--,8,3552,买盘
57,14:52:44,4.44,--,62,27528,买盘
58,14:52:39,4.44,--,5,2220,买盘
59,14:52:24,4.44,--,897,398268,卖盘
60,14:52:19,4.44,-0.01,5,2220,卖盘
61,14:52:14,4.45,0.01,50,22250,买盘
62,14:52:09,4.44,-0.01,10,4440,卖盘
63,14:52:04,4.45,0.01,15,6675,买盘
64,14:51:59,4.44,--,2,888,卖盘
65,14:51:54,4.44,--,25,11100,卖盘
66,14:51:43,4.44,--,180,79920,卖盘
67,14:51:19,4.44,0.01,2107,935508,买盘
68,14:51:09,4.43,--,60,26580,卖盘
69,14:50:54,4.43,--,120,53160,卖盘
70,14:50:49,4.43,--,365,161695,买盘
71,14:50:39,4.43,--,44,19492,买盘
72,14:50:34,4.43,--,79,34997,买盘
73,14:50:24,4.43,--,10,4430,买盘
74,14:50:19,4.43,0.01,200,88600,买盘
75,14:50:13,4.42,--,11,4862,卖盘
76,14:50:09,4.42,-0.01,4,1768,卖盘
77,14:50:03,4.43,0.01,7,3101,买盘
78,14:49:49,4.42,-0.01,50,22100,卖盘
79,14:49:33,4.43,0.01,152,67336,买盘
80,14:49:13,4.42,-0.01,230,101660,卖盘
81,14:49:09,4.43,--,3,1329,买盘
82,14:49:03,4.43,--,601,266243,买盘
83,14:48:58,4.43,0.01,7,3101,买盘
84,14:48:43,4.42,--,55,24310,卖盘
85,14:48:28,4.42,0.01,66,29596,买盘
86,14:48:18,4.41,-0.01,110,48510,卖盘
87,14:48:08,4.42,--,2,884,买盘
88,14:48:03,4.42,--,7,3094,买盘
89,14:47:58,4.42,--,29,12818,买盘
90,14:47:48,4.42,-0.01,532,235161,卖盘
91,14:47:33,4.43,0.01,3,1329,买盘
92,14:47:23,4.42,--,10,4420,卖盘
93,14:47:18,4.42,-0.01,10,4420,卖盘
94,14:47:13,4.43,0.01,5,2215,买盘
95,14:47:03,4.42,-0.01,775,342550,卖盘
96,14:46:58,4.43,0.01,4,1772,买盘
97,14:46:48,4.42,-0.01,47,20774,卖盘
98,14:46:43,4.43,--,3,1329,买盘
99,14:46:38,4.43,--,5,2215,买盘
100,14:46:33,4.43,0.01,400,177200,买盘
101,14:46:28,4.42,--,10,4420,卖盘
102,14:46:18,4.42,-0.01,60,26520,卖盘
103,14:46:13,4.43,--,1012,448316,买盘
104,14:46:03,4.43,--,4,1772,买盘
105,14:45:53,4.43,0.01,300,132900,买盘
106,14:45:48,4.42,--,30,13260,卖盘
107,14:45:43,4.42,--,32,14144,卖盘
108,14:45:28,4.42,-0.01,10,4420,卖盘
109,14:45:18,4.43,--,1061,470022,买盘
110,14:45:13,4.43,--,2,886,买盘
111,14:45:07,4.43,--,4,1772,买盘
112,14:45:03,4.43,--,4,1772,买盘
113,14:44:58,4.43,--,27,11961,买盘
114,14:44:43,4.43,--,3,1329,买盘
115,14:44:33,4.43,0.01,228,101004,买盘
116,14:44:28,4.42,-0.01,13,5746,卖盘
117,14:44:18,4.43,--,2,886,买盘
118,14:44:07,4.43,0.01,5,2215,买盘
119,14:44:03,4.42,--,48,21357,卖盘
120,14:43:48,4.42,-0.01,162,71604,卖盘
121,14:43:42,4.43,0.01,127,56261,买盘
122,14:43:33,4.42,--,59,26078,卖盘
123,14:43:28,4.42,--,10,4420,卖盘
124,14:43:18,4.42,-0.01,346,152932,卖盘
125,14:43:12,4.43,0.01,4,1772,买盘
126,14:43:03,4.42,--,30,13260,卖盘
127,14:42:57,4.42,--,46,20508,卖盘
128,14:42:52,4.42,-0.01,18,7956,卖盘
129,14:42:37,4.43,0.01,50,22150,买盘
130,14:42:27,4.42,--,10,4420,卖盘
131,14:42:22,4.42,-0.01,334,147628,卖盘
132,14:42:17,4.43,--,98,43414,买盘
133,14:42:12,4.43,--,4,1772,买盘
134,14:42:07,4.43,0.01,692,306556,买盘
135,14:42:02,4.42,--,100,44200,卖盘
136,14:41:57,4.42,--,54,23868,卖盘
137,14:41:52,4.42,-0.01,31,13702,卖盘
138,14:41:47,4.43,0.01,48,21264,买盘
139,14:41:42,4.42,-0.01,72,31824,卖盘
140,14:41:37,4.43,0.01,46,20378,买盘
141,14:41:32,4.42,--,2,884,卖盘
142,14:41:27,4.42,-0.01,11,4862,卖盘
143,14:41:22,4.43,--,43,19049,买盘
144,14:41:17,4.43,0.01,5,2215,买盘
145,14:41:12,4.42,--,192,84864,卖盘
146,14:41:07,4.42,--,2,884,卖盘
147,14:41:02,4.42,-0.01,20,8840,卖盘
148,14:40:57,4.43,--,69,30673,买盘
149,14:40:52,4.43,--,2,886,买盘
150,14:40:37,4.43,0.01,83,36769,买盘
151,14:40:32,4.42,--,10,4420,卖盘
152,14:40:27,4.42,--,1630,720460,买盘
153,14:40:22,4.42,--,3,1326,买盘
154,14:40:17,4.42,--,4,1768,买盘
155,14:40:12,4.42,--,56,24752,买盘
156,14:40:07,4.42,0.01,43,19006,买盘
157,14:39:52,4.41,-0.01,52,22932,卖盘
158,14:39:42,4.42,--,20,8840,买盘
159,14:39:37,4.42,0.01,41,18122,买盘
160,14:39:32,4.41,--,10,4410,卖盘
161,14:39:27,4.41,-0.01,6,2646,卖盘
162,14:39:22,4.42,0.01,45,19890,买盘
163,14:39:12,4.41,--,33,14553,卖盘
164,14:39:07,4.41,--,60,26460,买盘
165,14:39:02,4.41,0.01,85,37890,买盘
166,14:38:52,4.4,-0.01,4,1760,卖盘
167,14:38:42,4.41,--,10,4410,买盘
168,14:38:37,4.41,0.01,49,21609,买盘
169,14:38:32,4.4,-0.01,11,4840,卖盘
170,14:38:27,4.41,--,2,882,买盘
171,14:38:22,4.41,--,5,2205,买盘
172,14:38:17,4.41,--,48,21168,买盘
173,14:38:12,4.41,--,689,303849,买盘
174,14:38:02,4.41,--,50,22050,买盘
175,14:37:52,4.41,--,3,1323,买盘
176,14:37:46,4.41,0.01,444,195804,买盘
177,14:37:37,4.4,-0.01,10,4400,卖盘
178,14:37:27,4.41,--,92,40572,买盘
179,14:37:21,4.41,--,381,168021,买盘
180,14:37:12,4.41,--,46,20286,买盘
181,14:37:07,4.41,--,7,3087,买盘
182,14:36:57,4.41,--,30,13230,买盘
183,14:36:51,4.41,--,7,3087,买盘
184,14:36:46,4.41,--,45,19845,买盘
185,14:36:42,4.41,0.01,60,26460,买盘
186,14:36:36,4.4,-0.01,2,880,卖盘
187,14:36:31,4.41,--,20,8820,买盘
188,14:36:26,4.41,0.01,55,24255,买盘
189,14:36:21,4.4,--,10,4400,卖盘
190,14:36:11,4.4,-0.01,81,35640,卖盘
191,14:35:57,4.41,0.01,51,22491,买盘
192,14:35:46,4.4,--,11,4840,卖盘
193,14:35:41,4.4,-0.01,10,4400,卖盘
194,14:35:26,4.41,--,16,7056,买盘
195,14:35:21,4.41,0.01,19,8379,买盘
196,14:35:16,4.4,--,1,748,卖盘
197,14:35:11,4.4,-0.01,24,10560,卖盘
198,14:35:06,4.41,--,47,20727,买盘
199,14:35:01,4.41,0.01,26,11466,买盘
200,14:34:56,4.4,-0.01,3,1320,卖盘
201,14:34:51,4.41,0.01,23,10143,买盘
202,14:34:46,4.4,--,107,47080,卖盘
203,14:34:41,4.4,-0.01,33,14520,卖盘
204,14:34:31,4.41,--,44,19404,买盘
205,14:34:26,4.41,0.01,5,2205,买盘
206,14:34:16,4.4,-0.01,49,21560,卖盘
207,14:34:06,4.41,--,47,20727,买盘
208,14:34:01,4.41,--,3,1323,买盘
209,14:33:56,4.41,--,22,9702,买盘
210,14:33:46,4.41,--,49,21609,买盘
211,14:33:41,4.41,0.01,34,15113,买盘
212,14:33:36,4.4,-0.01,1,440,卖盘
213,14:33:31,4.41,0.01,57,25137,买盘
214,14:33:21,4.4,--,48,21120,卖盘
215,14:33:16,4.4,-0.01,27,11880,卖盘
216,14:33:01,4.41,--,2,882,买盘
217,14:32:56,4.41,0.01,23,10143,买盘
218,14:32:51,4.4,--,2,880,卖盘
219,14:32:46,4.4,--,3,1320,卖盘
220,14:32:41,4.4,-0.01,11,4840,卖盘
221,14:32:36,4.41,--,3,1323,买盘
222,14:32:31,4.41,0.01,4,1764,买盘
223,14:32:26,4.4,--,1,440,卖盘
224,14:32:21,4.4,--,1,440,卖盘
225,14:32:16,4.4,--,61,26840,卖盘
226,14:32:06,4.4,-0.01,3,1320,卖盘
227,14:32:01,4.41,0.01,72,31752,买盘
228,14:31:41,4.4,--,621,273240,买盘
229,14:31:36,4.4,--,228,100320,买盘
230,14:31:31,4.4,--,23,10120,买盘
231,14:31:21,4.4,--,23,10120,买盘
232,14:31:16,4.4,--,23,10120,买盘
233,14:31:06,4.4,--,2,880,买盘
234,14:31:01,4.4,0.01,20,8800,买盘
235,14:30:56,4.39,--,11,4829,卖盘
236,14:30:30,4.39,--,44,19316,买盘
237,14:30:21,4.39,--,20,8780,买盘
238,14:30:06,4.39,0.01,5,2195,买盘
239,14:29:51,4.38,-0.01,2,876,卖盘
240,14:29:40,4.39,--,7,3073,买盘
241,14:29:25,4.39,--,389,170771,买盘
242,14:28:45,4.39,--,20,8780,买盘
243,14:28:35,4.39,--,5,2195,买盘
244,14:28:30,4.39,--,20,8780,买盘
245,14:28:20,4.39,0.01,22,9658,买盘
246,14:28:15,4.38,--,12,5256,卖盘
247,14:28:10,4.38,--,50,21900,卖盘
248,14:28:05,4.38,--,27,11826,卖盘
249,14:28:00,4.38,-0.01,0,315,卖盘
250,14:27:55,4.39,--,46,20194,买盘
251,14:27:45,4.39,--,22,9658,买盘
252,14:27:40,4.39,0.01,6,2634,买盘
253,14:27:35,4.38,-0.01,48,21024,卖盘
254,14:27:30,4.39,0.01,23,10097,买盘
255,14:27:25,4.38,-0.01,26,11388,卖盘
256,14:27:20,4.39,0.01,21,9219,买盘
257,14:27:10,4.38,-0.01,60,26280,卖盘
258,14:27:05,4.39,0.01,24,10536,买盘
259,14:26:55,4.38,--,74,32412,卖盘
260,14:26:45,4.38,-0.01,74,32412,卖盘
261,14:26:40,4.39,0.01,67,29412,买盘
262,14:26:35,4.38,-0.01,40,17520,卖盘
263,14:26:30,4.39,0.01,5,2195,买盘
264,14:26:25,4.38,-0.01,99,43362,卖盘
265,14:26:20,4.39,0.01,89,39071,买盘
266,14:26:15,4.38,-0.01,104,45552,卖盘
267,14:26:10,4.39,0.01,21,9219,买盘
268,14:26:05,4.38,--,66,28908,卖盘
269,14:25:50,4.38,-0.01,96,42048,卖盘
270,14:25:40,4.39,0.01,103,45217,买盘
271,14:25:35,4.38,--,28,12264,卖盘
272,14:25:30,4.38,--,40,17520,卖盘
273,14:25:20,4.38,-0.01,36,15768,卖盘
274,14:25:15,4.39,--,173,75947,买盘
275,14:25:00,4.39,0.01,59,25900,买盘
276,14:24:55,4.38,--,65,28470,卖盘
277,14:24:45,4.38,--,76,33288,卖盘
278,14:24:40,4.38,--,57,24966,卖盘
279,14:24:30,4.38,--,70,30660,卖盘
280,14:24:20,4.38,--,97,42486,卖盘
281,14:24:10,4.38,--,101,44238,卖盘
282,14:24:00,4.38,-0.01,97,42486,卖盘
283,14:23:55,4.39,0.01,2,877,买盘
284,14:23:50,4.38,--,36,15768,卖盘
285,14:23:45,4.38,--,71,31098,卖盘
286,14:23:40,4.38,--,38,16644,卖盘
287,14:23:35,4.38,-0.01,155,67890,买盘
288,14:23:29,4.39,--,0,0,买盘
289,14:23:24,4.39,0.02,22,9658,买盘
290,14:23:15,4.37,--,102,44574,卖盘
291,14:23:09,4.37,--,0,0,卖盘
292,14:23:00,4.37,-0.01,15,6555,卖盘
293,14:22:49,4.38,0.01,42,18396,买盘
294,14:22:39,4.37,--,104,45448,卖盘
295,14:22:24,4.37,--,41,18262,卖盘
296,14:22:15,4.37,--,118,51566,卖盘
297,14:22:09,4.37,--,39,17043,卖盘
298,14:21:59,4.37,--,72,31477,卖盘
299,14:21:54,4.37,--,31,13664,卖盘
300,14:21:49,4.37,--,38,16606,卖盘
301,14:21:45,4.37,-0.01,1,437,卖盘
302,14:21:39,4.38,--,37,16630,卖盘
303,14:21:34,4.38,--,40,17520,卖盘
304,14:21:30,4.38,--,121,53011,买盘
305,14:21:19,4.38,--,29,13126,卖盘
306,14:21:14,4.38,--,26,11388,卖盘
307,14:21:09,4.38,--,74,32736,卖盘
308,14:21:04,4.38,--,23,10074,卖盘
309,14:20:59,4.38,--,78,34291,卖盘
310,14:20:54,4.38,--,26,11388,卖盘
311,14:20:49,4.38,--,74,32412,卖盘
312,14:20:44,4.38,-0.01,1,438,卖盘
313,14:20:39,4.39,--,57,25022,买盘
314,14:20:24,4.39,0.02,58,25571,买盘
315,14:20:14,4.37,--,0,126,卖盘
316,14:20:09,4.37,--,1,437,卖盘
317,14:20:04,4.37,--,28,12236,卖盘
318,14:19:54,4.37,--,33,14421,卖盘
319,14:19:49,4.37,--,34,14858,卖盘
320,14:19:39,4.37,--,35,15295,卖盘
321,14:19:29,4.37,--,0,13,卖盘
322,14:19:24,4.37,--,0,0,卖盘
323,14:19:19,4.37,--,41,17917,卖盘
324,14:19:14,4.37,--,22,9614,卖盘
325,14:19:09,4.37,--,0,0,卖盘
326,14:19:04,4.37,-0.01,33,14421,卖盘
327,14:18:54,4.38,0.01,4,1752,买盘
328,14:18:49,4.37,--,74,32338,卖盘
329,14:18:39,4.37,--,30,13110,卖盘
330,14:18:34,4.37,--,0,0,卖盘
331,14:18:24,4.37,--,119,52003,卖盘
332,14:18:19,4.37,--,33,14543,卖盘
333,14:18:09,4.37,--,41,17917,卖盘
334,14:18:04,4.37,--,111,48507,卖盘
335,14:17:59,4.37,-0.01,39,17043,卖盘
336,14:17:54,4.38,0.01,45,19710,买盘
337,14:17:49,4.37,--,57,24909,卖盘
338,14:17:39,4.37,-0.01,24,10488,卖盘
339,14:17:24,4.38,0.01,28,12264,买盘
340,14:17:19,4.37,--,37,16169,卖盘
341,14:17:14,4.37,-0.01,4,1748,卖盘
342,14:17:09,4.38,0.01,77,33726,买盘
343,14:17:04,4.37,--,126,55062,卖盘
344,14:16:59,4.37,-0.01,40,17480,卖盘
345,14:16:54,4.38,0.01,67,29346,买盘
346,14:16:49,4.37,--,41,17917,卖盘
347,14:16:34,4.37,--,37,16169,卖盘
348,14:16:29,4.37,-0.01,37,16169,卖盘
349,14:16:19,4.38,--,30,13140,卖盘
350,14:16:14,4.38,--,6,2628,卖盘
351,14:16:08,4.38,-0.01,2,876,卖盘
352,14:16:03,4.39,0.01,34,14925,买盘
353,14:15:59,4.38,--,2,876,卖盘
354,14:15:53,4.38,--,185,81030,卖盘
355,14:15:44,4.38,--,38,16644,卖盘
356,14:15:38,4.38,-0.01,63,27594,卖盘
357,14:15:29,4.39,0.01,14,6146,买盘
358,14:15:23,4.38,--,4,1752,卖盘
359,14:15:18,4.38,--,12,5256,卖盘
360,14:15:03,4.38,--,44,19272,卖盘
361,14:14:58,4.38,-0.01,37,16206,卖盘
362,14:14:53,4.39,0.01,1,438,买盘
363,14:14:48,4.38,-0.01,27,11826,卖盘
364,14:14:38,4.39,0.01,10,4390,买盘
365,14:14:28,4.38,--,30,13140,卖盘
366,14:14:23,4.38,--,59,25842,卖盘
367,14:14:18,4.38,--,36,15768,卖盘
368,14:14:13,4.38,--,2,876,卖盘
369,14:14:08,4.38,-0.01,32,14016,卖盘
370,14:14:03,4.39,0.01,39,17121,买盘
371,14:13:58,4.38,--,25,10950,卖盘
372,14:13:48,4.38,--,46,20148,卖盘
373,14:13:28,4.38,--,44,19272,卖盘
374,14:13:23,4.38,--,42,18396,卖盘
375,14:13:18,4.38,0.01,47,20586,中性盘
376,14:13:13,4.37,-0.01,34,14858,卖盘
377,14:13:08,4.38,--,25,10950,买盘
378,14:12:48,4.38,--,3,1314,买盘
379,14:12:43,4.38,-0.01,25,10950,卖盘
380,14:12:23,4.39,0.01,15,6584,买盘
381,14:12:18,4.38,--,27,11826,卖盘
382,14:12:13,4.38,-0.01,16,7008,卖盘
383,14:12:08,4.39,--,0,0,买盘
384,14:11:58,4.39,--,15,6584,买盘
385,14:11:53,4.39,--,0,0,买盘
386,14:11:38,4.39,--,0,0,买盘
387,14:11:23,4.39,0.01,36,15803,买盘
388,14:11:18,4.38,0.01,100,43800,中性盘
389,14:11:13,4.37,--,23,10051,卖盘
390,14:11:03,4.37,-0.01,61,26657,卖盘
391,14:10:58,4.38,0.01,13,5694,买盘
392,14:10:43,4.37,-0.01,41,17917,卖盘
393,14:10:33,4.38,--,41,17958,买盘
394,14:10:17,4.38,-0.01,91,39858,卖盘
395,14:10:12,4.39,0.01,23,10097,买盘
396,14:10:08,4.38,--,60,26280,卖盘
397,14:10:03,4.38,--,49,21462,卖盘
398,14:09:57,4.38,--,40,17520,卖盘
399,14:09:48,4.38,--,48,21024,卖盘
400,14:09:37,4.38,-0.01,45,19710,卖盘
401,14:09:32,4.39,--,11,4829,买盘
402,14:09:18,4.39,0.01,57,25022,买盘
403,14:09:12,4.38,--,16,7008,卖盘
404,14:09:07,4.38,-0.01,5,2190,卖盘
405,14:09:02,4.39,0.01,58,25461,买盘
406,14:08:57,4.38,--,40,17520,卖盘
407,14:08:47,4.38,--,83,36354,卖盘
408,14:08:43,4.38,--,13,5694,卖盘
409,14:08:38,4.38,--,42,18396,卖盘
410,14:08:32,4.38,--,41,17958,卖盘
411,14:08:27,4.38,--,9,3942,卖盘
412,14:08:23,4.38,--,0,0,卖盘
413,14:08:17,4.38,--,37,16206,卖盘
414,14:08:12,4.38,--,46,20148,卖盘
415,14:07:57,4.38,--,55,24090,卖盘
416,14:07:52,4.38,--,2,876,卖盘
417,14:07:47,4.38,--,94,41172,卖盘
418,14:07:37,4.38,--,0,0,卖盘
419,14:07:27,4.38,-0.01,24,10512,卖盘
420,14:07:17,4.39,0.01,42,18438,买盘
421,14:07:12,4.38,--,100,43800,卖盘
422,14:07:02,4.38,-0.02,44,19272,卖盘
423,14:06:47,4.4,--,0,0,买盘
424,14:06:42,4.4,0.02,13,5720,买盘
425,14:06:32,4.38,-0.01,46,20148,卖盘
426,14:06:17,4.39,0.01,42,18438,买盘
427,14:06:02,4.38,-0.02,39,17082,卖盘
428,14:05:57,4.4,0.02,31,13640,买盘
429,14:05:52,4.38,--,38,16644,卖盘
430,14:05:47,4.38,--,46,20148,卖盘
431,14:05:42,4.38,-0.01,95,41610,卖盘
432,14:05:32,4.39,0.01,108,47412,买盘
433,14:05:27,4.38,-0.01,44,19272,卖盘
434,14:05:22,4.39,0.01,4,1755,买盘
435,14:05:07,4.38,-0.01,39,17082,卖盘
436,14:04:37,4.39,-0.01,5,2195,卖盘
437,14:04:22,4.4,--,0,0,买盘
438,14:04:17,4.4,0.02,58,25520,买盘
439,14:04:12,4.38,-0.02,127,55626,卖盘
440,14:03:37,4.4,0.02,16,7040,买盘
441,14:03:27,4.38,-0.01,114,49932,卖盘
442,14:03:22,4.39,0.01,2,877,买盘
443,14:03:17,4.38,--,88,38544,卖盘
444,14:03:11,4.38,--,39,17082,卖盘
445,14:03:07,4.38,--,45,19710,卖盘
446,14:02:46,4.38,-0.01,46,20148,卖盘
447,14:02:26,4.39,--,4,1755,买盘
448,14:02:06,4.39,-0.01,14,6146,卖盘
449,14:01:56,4.4,0.01,1,440,中性盘
450,14:01:51,4.39,-0.02,44,19316,卖盘
451,14:01:46,4.41,0.01,15,6615,买盘
452,14:01:41,4.4,0.01,50,22000,买盘
453,14:01:36,4.39,--,38,16682,卖盘
454,14:01:26,4.39,-0.01,47,20633,卖盘
455,14:01:21,4.4,0.01,52,22880,买盘
456,14:01:16,4.39,--,48,21072,卖盘
457,14:01:11,4.39,--,45,19755,卖盘
458,14:01:06,4.39,-0.01,72,31607,卖盘
459,14:00:56,4.4,-0.01,4,1760,卖盘
460,14:00:41,4.41,--,16,7056,买盘
461,14:00:31,4.41,0.02,15,6615,买盘
462,14:00:21,4.39,--,103,45217,卖盘
463,14:00:16,4.39,--,47,20633,卖盘
464,14:00:11,4.39,--,41,17999,卖盘
465,14:00:06,4.39,--,51,22389,卖盘
466,14:00:01,4.39,--,43,18877,卖盘
467,13:59:56,4.39,--,41,17999,卖盘
468,13:59:46,4.39,--,44,19316,卖盘
469,13:59:41,4.39,--,56,24584,卖盘
470,13:59:26,4.39,--,98,43022,卖盘
471,13:59:21,4.39,--,46,20194,卖盘
472,13:59:11,4.39,--,20,8780,卖盘
473,13:59:06,4.39,--,46,20194,卖盘
474,13:59:01,4.39,-0.01,39,17121,卖盘
475,13:58:56,4.4,0.01,15,6600,买盘
476,13:58:51,4.39,--,89,39071,卖盘
477,13:58:46,4.39,-0.01,49,21511,卖盘
478,13:58:41,4.4,0.01,13,5720,买盘
479,13:58:31,4.39,-0.01,46,20194,卖盘
480,13:58:26,4.4,0.01,54,23760,买盘
481,13:58:21,4.39,-0.01,44,19316,卖盘
482,13:58:16,4.4,0.01,13,5720,买盘
483,13:58:11,4.39,-0.01,45,19755,卖盘
484,13:58:06,4.4,-0.01,88,38720,卖盘
485,13:57:56,4.41,--,10,4410,买盘
486,13:57:41,4.41,-0.01,58,25578,卖盘
487,13:57:36,4.42,--,114,50388,买盘
488,13:57:26,4.42,0.01,14,6188,买盘
489,13:57:21,4.41,--,77,33957,买盘
490,13:57:11,4.41,--,121,53361,买盘
491,13:57:06,4.41,0.02,116,51156,买盘
492,13:56:56,4.39,-0.02,1,438,卖盘
493,13:56:51,4.41,--,100,44100,买盘
494,13:56:46,4.41,--,13,5733,买盘
495,13:56:41,4.41,0.01,100,44100,买盘
496,13:56:36,4.4,--,336,147840,卖盘
497,13:56:26,4.4,-0.01,1,440,卖盘
498,13:56:21,4.41,0.01,14,6174,买盘
499,13:56:16,4.4,--,201,88440,买盘
500,13:56:06,4.4,0.01,114,50160,买盘
501,13:55:56,4.39,-0.01,42,18438,卖盘
502,13:55:51,4.4,0.01,16,7040,买盘
503,13:55:46,4.39,--,65,28534,卖盘
504,13:55:35,4.39,-0.01,49,21511,卖盘
505,13:55:31,4.4,0.01,15,6600,买盘
506,13:55:20,4.39,-0.01,42,18438,卖盘
507,13:55:15,4.4,--,21,9240,买盘
508,13:55:06,4.4,0.01,22,9680,买盘
509,13:55:00,4.39,-0.01,54,23706,卖盘
510,13:54:50,4.4,--,56,24640,买盘
511,13:54:45,4.4,0.01,15,6600,买盘
512,13:54:35,4.39,-0.01,6,2634,卖盘
513,13:54:30,4.4,--,15,6600,买盘
514,13:54:25,4.4,0.01,15,6600,买盘
515,13:54:15,4.39,-0.01,18,7901,卖盘
516,13:54:00,4.4,0.01,13,5720,买盘
517,13:53:50,4.39,-0.01,17,7462,卖盘
518,13:53:35,4.4,--,16,7040,买盘
519,13:53:20,4.4,--,15,6600,买盘
520,13:53:15,4.4,--,14,6160,买盘
521,13:53:00,4.4,--,15,6600,买盘
522,13:52:50,4.4,--,16,7040,买盘
523,13:52:45,4.4,--,5,2200,买盘
524,13:52:40,4.4,--,14,6160,买盘
525,13:52:30,4.4,--,15,6600,买盘
526,13:52:20,4.4,0.01,15,6600,买盘
527,13:52:15,4.39,-0.01,21,9219,卖盘
528,13:52:00,4.4,--,15,6600,买盘
529,13:51:45,4.4,--,14,6160,买盘
530,13:51:35,4.4,--,14,6160,买盘
531,13:51:25,4.4,0.01,14,6160,买盘
532,13:51:20,4.39,--,14,6146,卖盘
533,13:51:10,4.39,--,8,3511,卖盘
534,13:50:40,4.39,--,14,6146,卖盘
535,13:50:15,4.39,--,3,1317,卖盘
536,13:50:05,4.39,-0.01,2,877,卖盘
537,13:49:45,4.4,--,50,22000,卖盘
538,13:49:35,4.4,--,20,8800,卖盘
539,13:48:55,4.4,--,2,880,卖盘
540,13:48:50,4.4,--,381,167640,卖盘
541,13:48:14,4.4,-0.01,3,1320,卖盘
542,13:47:24,4.41,0.01,210,92610,买盘
543,13:46:54,4.4,--,65,28600,卖盘
544,13:46:39,4.4,--,8,3520,卖盘
545,13:46:19,4.4,-0.01,3,1320,卖盘
546,13:46:14,4.41,--,20,8820,买盘
547,13:45:44,4.41,--,7,3087,买盘
548,13:45:29,4.41,--,14,6174,买盘
549,13:45:19,4.41,--,15,6615,买盘
550,13:45:09,4.41,--,21,9261,买盘
551,13:44:59,4.41,--,15,6615,买盘
552,13:44:54,4.41,--,14,6174,买盘
553,13:44:44,4.41,--,14,6174,买盘
554,13:44:34,4.41,--,1,441,买盘
555,13:44:29,4.41,0.01,14,6174,买盘
556,13:44:24,4.4,0.01,186,81840,买盘
557,13:44:19,4.39,-0.01,3,1317,卖盘
558,13:44:14,4.4,--,15,6600,买盘
559,13:44:09,4.4,--,52,22880,买盘
560,13:44:04,4.4,--,14,6160,买盘
561,13:43:59,4.4,--,95,41800,买盘
562,13:43:49,4.4,0.01,13,5720,买盘
563,13:43:24,4.39,--,204,89556,买盘
564,13:43:14,4.39,--,13,5707,买盘
565,13:42:54,4.39,--,15,6584,买盘
566,13:42:49,4.39,--,14,6146,买盘
567,13:42:44,4.39,--,7,3073,买盘
568,13:42:39,4.39,0.01,22,9658,买盘
569,13:42:34,4.38,-0.01,1,438,卖盘
570,13:42:24,4.39,0.01,33,14486,买盘
571,13:42:19,4.38,--,8,3504,卖盘
572,13:42:14,4.38,--,18,7884,卖盘
573,13:42:04,4.38,-0.01,10,4380,卖盘
574,13:41:59,4.39,0.01,14,6146,买盘
575,13:41:54,4.38,-0.01,2,876,卖盘
576,13:41:49,4.39,0.01,14,6146,买盘
577,13:41:44,4.38,--,19,8322,卖盘
578,13:41:39,4.38,-0.01,6,2628,卖盘
579,13:41:34,4.39,--,0,0,买盘
580,13:41:29,4.39,0.02,14,6146,买盘
581,13:41:23,4.37,-0.02,5,2185,卖盘
582,13:41:19,4.39,--,16,7023,买盘
583,13:41:09,4.39,--,15,6584,买盘
584,13:40:59,4.39,--,15,6584,买盘
585,13:40:48,4.39,--,15,6584,买盘
586,13:40:33,4.39,--,115,50484,买盘
587,13:40:28,4.39,--,15,6584,买盘
588,13:40:18,4.39,--,15,6584,买盘
589,13:40:13,4.39,--,0,0,买盘
590,13:40:03,4.39,--,125,54874,买盘
591,13:39:53,4.39,--,15,6584,买盘
592,13:39:48,4.39,--,0,0,买盘
593,13:39:38,4.39,0.02,13,5707,买盘
594,13:39:33,4.37,-0.02,1,437,卖盘
595,13:39:23,4.39,0.01,14,6146,买盘
596,13:39:18,4.38,--,15,6570,买盘
597,13:39:08,4.38,--,70,30660,买盘
598,13:38:53,4.38,--,14,6132,买盘
599,13:38:48,4.38,--,10,4380,买盘
600,13:38:43,4.38,--,14,6132,买盘
601,13:38:33,4.38,0.01,14,6132,买盘
602,13:38:23,4.37,-0.01,4,1748,卖盘
603,13:38:18,4.38,--,14,6132,买盘
604,13:38:08,4.38,--,14,6132,买盘
605,13:38:03,4.38,--,13,5694,买盘
606,13:37:43,4.38,--,50,21900,买盘
607,13:37:38,4.38,--,13,5694,买盘
608,13:37:33,4.38,--,15,6570,买盘
609,13:37:28,4.38,--,20,8760,买盘
610,13:37:23,4.38,--,15,6570,买盘
611,13:37:18,4.38,--,10,4380,买盘
612,13:37:03,4.38,-0.01,214,93732,卖盘
613,13:36:48,4.39,0.01,14,6146,买盘
614,13:36:33,4.38,-0.01,15,6570,卖盘
615,13:36:23,4.39,-0.01,14,6146,买盘
616,13:36:18,4.4,--,0,0,买盘
617,13:36:08,4.4,--,16,7040,买盘
618,13:36:03,4.4,--,13,5720,买盘
619,13:35:53,4.4,0.01,15,6600,买盘
620,13:35:33,4.39,-0.01,15,6584,中性盘
621,13:35:28,4.4,--,34,14960,买盘
622,13:35:08,4.4,--,14,6160,买盘
623,13:34:58,4.4,--,13,5720,买盘
624,13:34:48,4.4,--,15,6600,买盘
625,13:34:38,4.4,--,14,6160,买盘
626,13:34:28,4.4,0.01,15,6600,买盘
627,13:34:18,4.39,-0.01,8,3511,卖盘
628,13:34:13,4.4,--,13,5720,买盘
629,13:34:08,4.4,0.01,15,6600,买盘
630,13:33:58,4.39,-0.01,11,4829,卖盘
631,13:33:52,4.4,--,15,6600,买盘
632,13:33:43,4.4,--,16,7040,买盘
633,13:33:28,4.4,--,15,6600,买盘
634,13:33:17,4.4,--,13,5720,买盘
635,13:33:02,4.4,--,18,7920,买盘
636,13:32:52,4.4,--,13,5720,买盘
637,13:32:42,4.4,--,14,6160,买盘
638,13:32:32,4.4,--,15,6600,买盘
639,13:32:22,4.4,--,15,6600,买盘
640,13:32:07,4.4,--,16,7040,买盘
641,13:31:57,4.4,--,16,7040,买盘
642,13:31:47,4.4,--,14,6160,买盘
643,13:31:31,4.4,--,15,6600,买盘
644,13:31:27,4.4,--,0,0,买盘
645,13:31:22,4.4,--,14,6160,买盘
646,13:31:12,4.4,0.01,15,6600,买盘
647,13:31:02,4.39,--,15,6584,买盘
648,13:30:47,4.39,--,15,6584,买盘
649,13:30:42,4.39,0.01,14,6146,买盘
650,13:30:27,4.38,-0.01,75,32850,卖盘
651,13:30:17,4.39,--,18,7901,买盘
652,13:30:12,4.39,--,5,2195,买盘
653,13:30:07,4.39,--,14,6146,买盘
654,13:30:01,4.39,--,10,4390,买盘
655,13:29:57,4.39,--,13,5707,买盘
656,13:29:52,4.39,--,20,8780,买盘
657,13:29:42,4.39,-0.01,16,7023,中性盘
658,13:29:31,4.4,0.01,15,6600,买盘
659,13:29:27,4.39,--,15,6584,买盘
660,13:29:12,4.39,--,15,6584,买盘
661,13:29:07,4.39,--,1,438,买盘
662,13:29:01,4.39,--,43,18877,买盘
663,13:28:57,4.39,--,15,6584,买盘
664,13:28:52,4.39,--,14,6146,买盘
665,13:28:37,4.39,--,14,6146,买盘
666,13:28:31,4.39,--,0,0,买盘
667,13:28:12,4.39,-0.01,1,438,中性盘
668,13:28:07,4.4,--,7,3080,买盘
669,13:28:01,4.4,--,15,6600,买盘
670,13:27:57,4.4,0.01,30,13200,买盘
671,13:27:42,4.39,-0.01,14,6146,中性盘
672,13:27:31,4.4,--,15,6600,买盘
673,13:27:27,4.4,--,10,4400,买盘
674,13:27:16,4.4,0.01,32,14080,买盘
675,13:27:12,4.39,0.01,15,6584,买盘
676,13:27:07,4.38,0.02,1,438,卖盘
677,13:27:01,4.36,--,0,0,卖盘
678,13:26:57,4.36,--,90,39240,卖盘
679,13:26:52,4.36,-0.01,44,19184,卖盘
680,13:26:46,4.37,0.01,300,131100,买盘
681,13:26:36,4.36,--,70,30520,卖盘
682,13:26:26,4.36,-0.01,87,37932,卖盘
683,13:26:16,4.37,--,15,6555,买盘
684,13:26:01,4.37,--,26,11362,买盘
685,13:25:55,4.37,0.01,13,5681,买盘
686,13:25:51,4.36,-0.01,54,23544,卖盘
687,13:25:46,4.37,-0.03,95,41515,卖盘
688,13:25:40,4.4,0.03,15,6600,买盘
689,13:25:31,4.37,--,21,9177,卖盘
690,13:25:16,4.37,--,368,160816,卖盘
691,13:25:10,4.37,--,20,8740,卖盘
692,13:24:36,4.37,-0.03,442,193154,卖盘
693,13:24:31,4.4,--,1,440,买盘
694,13:22:51,4.4,--,30,13200,卖盘
695,13:22:36,4.4,--,406,178640,卖盘
696,13:22:25,4.4,--,10,4400,卖盘
697,13:22:21,4.4,--,2,880,卖盘
698,13:22:06,4.4,--,16,7040,卖盘
699,13:22:01,4.4,--,302,132880,卖盘
700,13:21:16,4.4,--,23,10120,卖盘
701,13:20:06,4.4,--,530,233200,卖盘
702,13:19:55,4.4,--,35,15400,卖盘
703,13:19:34,4.4,-0.01,10,4400,卖盘
704,13:19:06,4.41,--,68,29988,买盘
705,13:18:04,4.41,--,3,1323,买盘
706,13:17:49,4.41,--,92,40572,卖盘
707,13:17:25,4.41,-0.01,18,7938,卖盘
708,13:16:25,4.42,--,3,1326,买盘
709,13:16:15,4.42,--,15,6630,买盘
710,13:16:10,4.42,--,13,5746,买盘
711,13:16:04,4.42,0.01,58,25636,买盘
712,13:15:55,4.41,-0.01,32,14112,卖盘
713,13:15:49,4.42,--,25,11050,买盘
714,13:15:45,4.42,0.01,13,5746,买盘
715,13:15:34,4.41,-0.01,1,441,卖盘
716,13:15:30,4.42,--,32,14144,买盘
717,13:15:04,4.42,0.01,25,11050,买盘
718,13:15:00,4.41,-0.01,2,882,卖盘
719,13:14:55,4.42,--,14,6188,买盘
720,13:14:49,4.42,--,14,6188,买盘
721,13:14:40,4.42,0.01,14,6188,买盘
722,13:14:30,4.41,-0.01,18,7938,卖盘
723,13:14:15,4.42,--,16,7072,买盘
724,13:14:00,4.42,--,15,6630,买盘
725,13:13:49,4.42,--,14,6188,买盘
726,13:13:40,4.42,0.01,14,6188,买盘
727,13:13:34,4.41,--,63,27783,买盘
728,13:13:30,4.41,--,16,7056,买盘
729,13:13:19,4.41,--,1,441,买盘
730,13:13:14,4.41,--,53,23373,买盘
731,13:13:04,4.41,--,16,7056,买盘
732,13:13:00,4.41,0.01,14,6174,买盘
733,13:12:44,4.4,-0.01,25,11000,卖盘
734,13:12:34,4.41,--,14,6174,买盘
735,13:12:29,4.41,--,15,6615,买盘
736,13:12:09,4.41,--,15,6615,买盘
737,13:12:04,4.41,--,14,6174,买盘
738,13:11:49,4.41,--,16,7056,买盘
739,13:11:43,4.41,0.01,15,6615,买盘
740,13:11:34,4.4,-0.01,7,3080,卖盘
741,13:11:28,4.41,--,15,6615,买盘
742,13:11:19,4.41,--,16,7056,买盘
743,13:11:04,4.41,--,15,6615,买盘
744,13:10:54,4.41,--,14,6174,买盘
745,13:10:43,4.41,--,16,7056,买盘
746,13:10:34,4.41,--,13,5733,买盘
747,13:10:19,4.41,--,16,7056,买盘
748,13:10:13,4.41,--,30,13230,买盘
749,13:10:04,4.41,0.01,15,6615,买盘
750,13:09:49,4.4,-0.01,17,7480,卖盘
751,13:09:39,4.41,--,15,6615,买盘
752,13:09:28,4.41,--,15,6615,买盘
753,13:09:19,4.41,--,15,6615,买盘
754,13:09:09,4.41,--,13,5733,买盘
755,13:08:49,4.41,--,14,6174,买盘
756,13:08:43,4.41,--,21,9261,买盘
757,13:08:34,4.41,--,14,6174,买盘
758,13:08:24,4.41,--,15,6615,买盘
759,13:08:13,4.41,0.01,14,6174,买盘
760,13:08:09,4.4,--,20,8800,卖盘
761,13:07:58,4.4,-0.01,15,6600,卖盘
762,13:07:49,4.41,--,14,6174,买盘
763,13:07:39,4.41,--,15,6615,买盘
764,13:07:24,4.41,--,13,5733,买盘
765,13:07:13,4.41,--,15,6615,买盘
766,13:07:09,4.41,--,14,6174,买盘
767,13:06:58,4.41,--,16,7056,买盘
768,13:06:43,4.41,--,14,6174,买盘
769,13:06:34,4.41,--,15,6615,买盘
770,13:06:28,4.41,0.02,2,882,买盘
771,13:06:24,4.39,-0.02,5,2195,卖盘
772,13:06:19,4.41,--,14,6174,买盘
773,13:06:13,4.41,--,13,5733,买盘
774,13:05:54,4.41,--,14,6174,买盘
775,13:05:43,4.41,--,14,6174,买盘
776,13:05:39,4.41,--,13,5733,买盘
777,13:05:28,4.41,--,14,6174,买盘
778,13:05:18,4.41,--,15,6615,买盘
779,13:05:03,4.41,--,15,6615,买盘
780,13:04:48,4.41,--,14,6174,买盘
781,13:04:37,4.41,--,15,6615,买盘
782,13:04:33,4.41,--,15,6615,买盘
783,13:04:18,4.41,--,14,6174,买盘
784,13:04:07,4.41,--,15,6615,买盘
785,13:03:58,4.41,--,16,7056,买盘
786,13:03:43,4.41,--,15,6615,买盘
787,13:03:37,4.41,0.01,14,6174,买盘
788,13:03:33,4.4,--,101,44440,买盘
789,13:03:22,4.4,--,15,6600,买盘
790,13:03:13,4.4,-0.01,14,6160,买盘
791,13:03:07,4.41,--,0,0,买盘
792,13:02:58,4.41,--,14,6174,买盘
793,13:02:52,4.41,--,13,5733,买盘
794,13:02:43,4.41,--,0,0,买盘
795,13:02:37,4.41,0.01,15,6615,买盘
796,13:02:28,4.4,--,16,7040,买盘
797,13:02:22,4.4,--,13,5720,买盘
798,13:02:07,4.4,--,14,6160,买盘
799,13:01:58,4.4,--,65,28600,买盘
800,13:01:43,4.4,0.01,15,6600,买盘
801,13:01:37,4.39,-0.01,81,35559,卖盘
802,13:01:33,4.4,-0.01,44,19360,卖盘
803,13:01:22,4.41,--,13,5733,买盘
804,13:01:18,4.41,--,74,32634,买盘
805,13:01:13,4.41,0.01,14,6174,买盘
806,13:01:07,4.4,-0.01,1,440,卖盘
807,13:00:58,4.41,--,16,7056,买盘
808,13:00:48,4.41,--,15,6615,买盘
809,13:00:43,4.41,--,0,0,买盘
810,13:00:37,4.41,--,16,7056,买盘
811,13:00:22,4.41,--,13,5733,买盘
812,13:00:13,4.41,--,15,6615,买盘
813,13:00:07,4.41,--,411,181251,买盘
814,11:30:00,4.41,--,0,0,买盘
815,11:29:59,4.41,--,0,0,买盘
816,11:29:53,4.41,--,16,7056,买盘
817,11:29:43,4.41,--,13,5733,买盘
818,11:29:33,4.41,--,14,6174,买盘
819,11:29:18,4.41,--,14,6174,买盘
820,11:29:08,4.41,--,13,5733,买盘
821,11:28:58,4.41,--,16,7056,买盘
822,11:28:48,4.41,--,15,6615,买盘
823,11:28:38,4.41,--,13,5733,买盘
824,11:28:23,4.41,--,16,7056,买盘
825,11:28:13,4.41,--,16,7056,买盘
826,11:28:03,4.41,--,14,6174,买盘
827,11:27:53,4.41,--,13,5733,买盘
828,11:27:38,4.41,--,14,6174,买盘
829,11:27:33,4.41,--,15,6615,买盘
830,11:27:18,4.41,0.01,15,6615,买盘
831,11:27:03,4.4,--,3,1320,买盘
832,11:26:43,4.4,0.01,7,3080,买盘
833,11:26:23,4.39,-0.01,25,10975,卖盘
834,11:26:03,4.4,--,5,2200,买盘
835,11:25:03,4.4,--,16,7040,卖盘
836,11:24:57,4.4,--,20,8800,卖盘
837,11:23:03,4.4,--,7,3080,卖盘
838,11:22:27,4.4,--,2,880,卖盘
839,11:20:42,4.4,-0.01,1,440,卖盘
840,11:20:02,4.41,--,9,3969,买盘
841,11:19:52,4.41,--,21,9261,买盘
842,11:19:42,4.41,0.01,7,3087,买盘
843,11:19:32,4.4,--,17,7480,买盘
844,11:19:27,4.4,0.01,22,9680,买盘
845,11:19:12,4.39,-0.01,9,3950,卖盘
846,11:18:17,4.4,--,14,6160,卖盘
847,11:15:32,4.4,--,10,4400,卖盘
848,11:15:01,4.4,0.01,14,6160,买盘
849,11:14:36,4.39,--,10,4390,卖盘
850,11:14:26,4.39,--,0,0,卖盘
851,11:14:11,4.39,--,1,438,卖盘
852,11:13:51,4.39,--,0,0,卖盘
853,11:13:36,4.39,-0.02,15,6584,卖盘
854,11:13:26,4.41,--,182,80262,买盘
855,11:13:11,4.41,--,4,1764,买盘
856,11:11:41,4.41,--,0,0,买盘
857,11:11:36,4.41,--,216,95256,买盘
858,11:10:26,4.41,--,50,22050,买盘
859,11:10:21,4.41,--,4,1764,买盘
860,11:10:06,4.41,--,4,1764,买盘
861,11:09:56,4.41,0.01,13,5733,买盘
862,11:09:51,4.4,--,20,8800,买盘
863,11:09:45,4.4,--,17,7480,买盘
864,11:09:36,4.4,0.01,31,13640,买盘
865,11:09:26,4.39,-0.01,18,7901,卖盘
866,11:09:15,4.4,--,19,8360,买盘
867,11:09:06,4.4,--,19,8360,买盘
868,11:08:56,4.4,--,18,7920,买盘
869,11:08:41,4.4,-0.01,26,11440,卖盘
870,11:08:36,4.41,--,17,7497,买盘
871,11:08:26,4.41,--,6,2646,买盘
872,11:08:20,4.41,--,19,8379,买盘
873,11:08:11,4.41,--,37,16317,买盘
874,11:08:05,4.41,--,18,7938,买盘
875,11:07:56,4.41,--,18,7938,买盘
876,11:07:50,4.41,--,0,0,买盘
877,11:07:41,4.41,0.01,19,8379,买盘
878,11:07:35,4.4,--,8,3520,买盘
879,11:07:30,4.4,-0.01,55,24200,卖盘
880,11:07:25,4.41,--,86,37926,买盘
881,11:07:11,4.41,0.01,16,7056,买盘
882,11:07:00,4.4,0.01,24,10560,买盘
883,11:06:55,4.39,-0.01,31,13608,卖盘
884,11:06:45,4.4,--,52,22880,买盘
885,11:06:35,4.4,-0.01,23,10120,卖盘
886,11:06:30,4.41,--,19,8379,买盘
887,11:06:20,4.41,--,18,7938,买盘
888,11:06:10,4.41,--,2,882,买盘
889,11:06:05,4.41,--,24,10584,买盘
890,11:06:00,4.41,--,4,1764,买盘
891,11:05:55,4.41,--,17,7497,买盘
892,11:05:45,4.41,--,18,7938,买盘
893,11:05:35,4.41,--,17,7497,买盘
894,11:05:30,4.41,--,17,7497,买盘
895,11:05:20,4.41,--,19,8379,买盘
896,11:05:10,4.41,0.01,17,7497,买盘
897,11:05:00,4.4,-0.01,17,7480,卖盘
898,11:04:50,4.41,--,20,8820,买盘
899,11:04:40,4.41,--,16,7056,买盘
900,11:04:30,4.41,--,18,7938,买盘
901,11:04:20,4.41,0.01,17,7497,买盘
902,11:04:15,4.4,-0.01,17,7480,卖盘
903,11:04:05,4.41,--,20,8820,买盘
904,11:03:50,4.41,--,16,7056,买盘
905,11:03:45,4.41,--,24,10584,买盘
906,11:03:40,4.41,0.01,44,19404,买盘
907,11:03:30,4.4,--,17,7480,买盘
908,11:03:20,4.4,--,17,7480,买盘
909,11:03:15,4.4,-0.01,98,43120,卖盘
910,11:03:05,4.41,--,19,8379,买盘
911,11:02:55,4.41,--,19,8379,买盘
912,11:02:50,4.41,--,16,7056,买盘
913,11:02:35,4.41,0.01,19,8379,买盘
914,11:02:30,4.4,-0.01,30,13200,卖盘
915,11:02:20,4.41,--,2,882,买盘
916,11:02:15,4.41,--,102,44982,买盘
917,11:02:05,4.41,--,1,441,买盘
918,11:02:00,4.41,--,34,14994,买盘
919,11:01:50,4.41,--,49,21609,买盘
920,11:01:35,4.41,--,27,11907,买盘
921,11:01:30,4.41,--,18,7938,买盘
922,11:01:20,4.41,--,19,8379,买盘
923,11:01:14,4.41,--,18,7938,买盘
924,11:00:54,4.41,--,70,30870,买盘
925,11:00:49,4.41,--,25,11025,买盘
926,11:00:44,4.41,--,19,8379,买盘
927,11:00:39,4.41,--,1,441,买盘
928,11:00:35,4.41,--,17,7497,买盘
929,11:00:29,4.41,--,19,8379,买盘
930,11:00:24,4.41,--,12,5292,买盘
931,11:00:14,4.41,0.01,23,10143,买盘
932,11:00:04,4.4,--,31,13640,买盘
933,10:59:59,4.4,0.01,2,880,买盘
934,10:59:49,4.39,-0.01,84,36876,卖盘
935,10:59:44,4.4,--,19,8360,买盘
936,10:59:39,4.4,--,57,25080,买盘
937,10:59:29,4.4,--,19,8360,买盘
938,10:59:19,4.4,--,67,29480,买盘
939,10:59:09,4.4,--,27,11880,买盘
940,10:59:04,4.4,--,16,7040,买盘
941,10:58:54,4.4,0.01,23,10120,买盘
942,10:58:44,4.39,--,94,41266,买盘
943,10:58:34,4.39,--,65,28534,买盘
944,10:58:29,4.39,--,14,6146,买盘
945,10:58:24,4.39,--,45,19755,买盘
946,10:58:19,4.39,--,33,14486,买盘
947,10:58:14,4.39,--,29,12730,买盘
948,10:58:09,4.39,--,6,2634,买盘
949,10:57:59,4.39,--,16,7023,买盘
950,10:57:54,4.39,--,20,8780,买盘
951,10:57:39,4.39,--,26,11414,买盘
952,10:57:34,4.39,--,13,5707,买盘
953,10:57:29,4.39,0.01,69,30290,买盘
954,10:57:14,4.38,-0.01,54,23652,卖盘
955,10:57:04,4.39,-0.01,17,7462,买盘
956,10:56:59,4.4,--,0,0,买盘
957,10:56:54,4.4,--,16,7040,买盘
958,10:56:49,4.4,--,16,7040,买盘
959,10:56:39,4.4,--,17,7480,买盘
960,10:56:34,4.4,--,18,7920,买盘
961,10:56:24,4.4,--,65,28600,买盘
962,10:56:13,4.4,--,0,0,买盘
963,10:56:09,4.4,--,144,63360,买盘
964,10:55:59,4.4,0.01,20,8800,买盘
965,10:55:54,4.39,-0.01,10,4390,卖盘
966,10:55:49,4.4,--,19,8360,买盘
967,10:55:39,4.4,--,20,8800,买盘
968,10:55:29,4.4,0.01,17,7480,买盘
969,10:55:24,4.39,-0.01,30,13169,卖盘
970,10:55:19,4.4,--,204,89760,买盘
971,10:55:14,4.4,0.01,20,8800,买盘
972,10:55:08,4.39,--,60,26339,买盘
973,10:55:03,4.39,--,19,8341,买盘
974,10:54:53,4.39,--,19,8341,买盘
975,10:54:44,4.39,--,74,32485,买盘
976,10:54:38,4.39,--,100,43900,买盘
977,10:53:38,4.39,0.01,3,1317,买盘
978,10:53:28,4.38,-0.01,2,876,卖盘
979,10:53:08,4.39,--,71,31168,买盘
980,10:52:43,4.39,--,2,877,买盘
981,10:51:48,4.39,--,1,438,买盘
982,10:51:23,4.39,--,2,877,买盘
983,10:51:08,4.39,--,10,4390,买盘
984,10:50:58,4.39,--,2,877,买盘
985,10:50:48,4.39,--,30,13169,买盘
986,10:50:33,4.39,--,2,877,买盘
987,10:50:28,4.39,--,17,7462,买盘
988,10:50:22,4.39,--,57,25022,买盘
989,10:50:03,4.39,--,0,0,买盘
990,10:49:58,4.39,--,200,87800,买盘
991,10:49:13,4.39,0.01,953,418366,买盘
992,10:49:07,4.38,--,6,2628,买盘
993,10:49:03,4.38,--,50,21900,买盘
994,10:48:58,4.38,--,44,19272,买盘
995,10:47:37,4.38,0.01,3,1314,买盘
996,10:47:17,4.37,-0.01,100,43700,卖盘
997,10:46:12,4.38,0.01,2,876,买盘
998,10:45:07,4.37,--,4,1748,卖盘
999,10:45:01,4.37,--,26,11362,卖盘
1000,10:44:31,4.37,-0.01,12,5244,卖盘
1001,10:44:01,4.38,-0.01,13,5694,卖盘
1002,10:41:46,4.39,--,22,9658,卖盘
1003,10:41:31,4.39,--,40,17560,买盘
1004,10:41:16,4.39,--,107,46973,买盘
1005,10:41:11,4.39,--,100,43900,买盘
1006,10:41:06,4.39,--,1,438,买盘
1007,10:41:01,4.39,--,100,43900,买盘
1008,10:40:46,4.39,--,106,46534,买盘
1009,10:40:41,4.39,--,100,43900,买盘
1010,10:40:31,4.39,0.01,175,76825,买盘
1011,10:40:21,4.38,-0.01,10,4380,卖盘
1012,10:40:16,4.39,0.01,100,43900,买盘
1013,10:40:01,4.38,--,73,31974,买盘
1014,10:39:51,4.38,--,100,43800,买盘
1015,10:39:41,4.38,--,100,43800,买盘
1016,10:39:16,4.38,0.01,3,1314,买盘
1017,10:39:01,4.37,-0.01,1,437,卖盘
1018,10:38:41,4.38,--,13,5694,买盘
1019,10:38:31,4.38,--,11,4818,买盘
1020,10:38:21,4.38,0.01,4,1752,买盘
1021,10:38:06,4.37,-0.01,2,874,卖盘
1022,10:37:55,4.38,--,48,21024,买盘
1023,10:37:36,4.38,0.01,5,2190,买盘
1024,10:37:31,4.37,--,215,93955,卖盘
1025,10:37:25,4.37,-0.01,1,437,卖盘
1026,10:36:51,4.38,--,5,2190,卖盘
1027,10:36:35,4.38,--,5,2190,卖盘
1028,10:36:21,4.38,--,19,8322,买盘
1029,10:36:00,4.38,--,300,131400,买盘
1030,10:35:36,4.38,--,25,10950,买盘
1031,10:35:00,4.38,--,50,21900,买盘
1032,10:34:25,4.38,0.01,13,5694,买盘
1033,10:34:20,4.37,--,28,12236,买盘
1034,10:33:45,4.37,--,310,135470,买盘
1035,10:32:40,4.37,--,22,9614,买盘
1036,10:32:35,4.37,--,6,2622,买盘
1037,10:31:19,4.37,0.01,15,6555,买盘
1038,10:30:55,4.36,--,2,872,卖盘
1039,10:30:39,4.36,--,124,54064,买盘
1040,10:30:25,4.36,0.01,11,4796,买盘
1041,10:30:15,4.35,-0.01,97,42195,卖盘
1042,10:30:09,4.36,0.01,133,57988,买盘
1043,10:29:45,4.35,-0.01,1,434,卖盘
1044,10:29:24,4.36,--,18,7848,买盘
1045,10:29:14,4.36,--,28,12208,买盘
1046,10:28:54,4.36,--,36,15696,买盘
1047,10:28:39,4.36,0.01,94,40984,买盘
1048,10:28:14,4.35,-0.01,8,3479,卖盘
1049,10:28:09,4.36,0.01,88,38368,买盘
1050,10:27:59,4.35,-0.01,15,6524,卖盘
1051,10:27:34,4.36,--,80,34880,买盘
1052,10:27:29,4.36,--,2,872,买盘
1053,10:27:24,4.36,--,1,436,买盘
1054,10:27:14,4.36,0.01,153,66708,买盘
1055,10:26:39,4.35,-0.01,9,3914,卖盘
1056,10:26:29,4.36,0.01,70,30520,买盘
1057,10:25:34,4.35,--,6,2610,卖盘
1058,10:25:04,4.35,--,50,21750,卖盘
1059,10:24:49,4.35,--,29,12614,卖盘
1060,10:24:04,4.35,--,0,0,卖盘
1061,10:23:49,4.35,-0.01,1,434,卖盘
1062,10:23:43,4.36,-0.01,13,5668,卖盘
1063,10:23:34,4.37,0.01,1,437,买盘
1064,10:23:19,4.36,--,7,3052,卖盘
1065,10:23:03,4.36,--,6,2616,卖盘
1066,10:22:43,4.36,--,0,0,中性盘
1067,10:22:08,4.36,--,60,26160,买盘
1068,10:20:38,4.36,--,10,4360,买盘
1069,10:20:33,4.36,--,60,26160,买盘
1070,10:20:13,4.36,--,11,4796,卖盘
1071,10:20:08,4.36,--,36,15696,卖盘
1072,10:19:43,4.36,-0.01,2,872,卖盘
1073,10:19:23,4.37,--,11,4807,买盘
1074,10:19:13,4.37,0.01,100,43700,买盘
1075,10:18:58,4.36,--,23,10028,卖盘
1076,10:18:53,4.36,--,133,57988,卖盘
1077,10:18:38,4.36,-0.01,30,13080,卖盘
1078,10:18:33,4.37,0.01,33,14421,买盘
1079,10:18:13,4.36,--,40,17440,卖盘
1080,10:18:08,4.36,--,103,44908,卖盘
1081,10:17:53,4.36,0.01,6,2616,买盘
1082,10:17:38,4.35,--,13,5654,卖盘
1083,10:17:28,4.35,-0.01,40,17400,卖盘
1084,10:17:23,4.36,--,95,41420,买盘
1085,10:17:18,4.36,--,4,1744,买盘
1086,10:16:48,4.36,--,44,19184,卖盘
1087,10:16:43,4.36,0.01,36,15696,买盘
1088,10:16:37,4.35,-0.01,2,869,卖盘
1089,10:16:18,4.36,--,30,13080,买盘
1090,10:16:07,4.36,--,93,40548,卖盘
1091,10:15:12,4.36,--,10,4360,卖盘
1092,10:14:52,4.36,--,69,30084,卖盘
1093,10:14:47,4.36,--,2,872,卖盘
1094,10:14:32,4.36,0.01,23,10028,买盘
1095,10:14:17,4.35,-0.01,46,20010,卖盘
1096,10:14:07,4.36,0.01,1,436,买盘
1097,10:13:37,4.35,--,10,4350,卖盘
1098,10:13:22,4.35,-0.01,41,17835,卖盘
1099,10:13:17,4.36,--,77,33572,卖盘
1100,10:13:12,4.36,-0.01,5,2180,卖盘
1101,10:12:47,4.37,0.01,21,9177,买盘
1102,10:11:47,4.36,--,9,3924,卖盘
1103,10:11:37,4.36,0.01,15,6540,买盘
1104,10:11:01,4.35,--,17,7394,卖盘
1105,10:10:46,4.35,--,3,1305,卖盘
1106,10:10:22,4.35,--,120,52199,卖盘
1107,10:09:22,4.35,--,15,6524,卖盘
1108,10:09:01,4.35,--,4,1739,卖盘
1109,10:08:16,4.35,--,45,19575,卖盘
1110,10:08:07,4.35,--,15,6524,卖盘
1111,10:07:21,4.35,-0.01,2,869,卖盘
1112,10:07:16,4.36,--,2,872,卖盘
1113,10:07:01,4.36,-0.01,4,1744,卖盘
1114,10:06:51,4.37,--,2,874,买盘
1115,10:06:46,4.37,0.02,10,4370,买盘
1116,10:06:41,4.35,-0.03,28,12179,卖盘
1117,10:06:21,4.38,--,0,0,买盘
1118,10:05:56,4.38,--,5,2190,买盘
1119,10:05:51,4.38,--,11,4818,买盘
1120,10:05:11,4.38,0.01,2,876,买盘
1121,10:05:01,4.37,--,0,0,卖盘
1122,10:04:10,4.37,--,72,31630,买盘
1123,10:03:46,4.37,0.02,5,2185,买盘
1124,10:03:41,4.35,-0.02,47,20445,卖盘
1125,10:03:31,4.37,0.02,4,1748,买盘
1126,10:03:21,4.35,-0.02,150,65249,卖盘
1127,10:03:09,4.37,0.02,20,8740,买盘
1128,10:03:01,4.35,--,20,8700,卖盘
1129,10:02:39,4.35,0.01,10,4350,中性盘
1130,10:02:24,4.34,--,8,3472,卖盘
1131,10:02:00,4.34,--,1,434,卖盘
1132,10:01:54,4.34,-0.02,1,434,卖盘
1133,10:01:50,4.36,0.02,85,37060,买盘
1134,10:01:30,4.34,--,94,40796,卖盘
1135,10:01:24,4.34,--,60,26040,卖盘
1136,10:01:21,4.34,--,4,1736,卖盘
1137,10:01:05,4.34,--,1,434,卖盘
1138,10:01:00,4.34,--,2,868,卖盘
1139,10:00:54,4.34,--,31,13454,卖盘
1140,10:00:50,4.34,--,3,1302,卖盘
1141,10:00:45,4.34,-0.01,9,3906,卖盘
1142,10:00:15,4.35,--,10,4350,买盘
1143,09:59:45,4.35,--,1,434,买盘
1144,09:59:39,4.35,--,10,4350,买盘
1145,09:59:35,4.35,--,9,3914,买盘
1146,09:59:30,4.35,-0.01,24,10709,卖盘
1147,09:59:24,4.36,--,13,5668,买盘
1148,09:59:20,4.36,--,10,4360,卖盘
1149,09:59:15,4.36,0.01,11,4796,买盘
1150,09:59:00,4.35,--,13,5820,卖盘
1151,09:58:45,4.35,0.01,16,6959,中性盘
1152,09:58:39,4.34,--,0,0,卖盘
1153,09:57:50,4.34,--,0,0,卖盘
1154,09:57:39,4.34,-0.03,2,868,卖盘
1155,09:57:35,4.37,0.03,27,11799,买盘
1156,09:57:30,4.34,--,5,2170,买盘
1157,09:57:24,4.34,--,35,15190,买盘
1158,09:57:20,4.34,--,45,19530,买盘
1159,09:57:09,4.34,--,25,10850,买盘
1160,09:57:00,4.34,0.01,200,86800,买盘
1161,09:56:50,4.33,-0.01,30,12990,卖盘
1162,09:56:45,4.34,--,10,4340,买盘
1163,09:56:39,4.34,0.01,57,24738,买盘
1164,09:56:30,4.33,-0.01,10,4330,卖盘
1165,09:56:24,4.34,--,126,54684,买盘
1166,09:56:18,4.34,--,67,29078,买盘
1167,09:56:03,4.34,0.01,7,3038,买盘
1168,09:56:00,4.33,-0.01,2,866,卖盘
1169,09:55:48,4.34,--,52,22568,买盘
1170,09:55:33,4.34,0.01,16,6944,买盘
1171,09:55:24,4.33,-0.01,46,19918,卖盘
1172,09:55:18,4.34,0.02,30,13020,买盘
1173,09:55:09,4.32,-0.01,5,2160,卖盘
1174,09:55:03,4.33,--,11,4763,买盘
1175,09:55:00,4.33,--,13,5629,买盘
1176,09:54:54,4.33,0.01,26,11258,买盘
1177,09:54:48,4.32,-0.01,14,6048,卖盘
1178,09:54:39,4.33,--,100,43300,买盘
1179,09:54:30,4.33,--,15,6495,买盘
1180,09:54:24,4.33,--,70,30310,买盘
1181,09:54:18,4.33,-0.01,134,58022,卖盘
1182,09:54:09,4.34,--,55,23870,买盘
1183,09:53:48,4.34,--,6,2604,买盘
1184,09:53:39,4.34,-0.02,1309,568106,卖盘
1185,09:53:33,4.36,--,7,3052,卖盘
1186,09:53:29,4.36,--,16,6976,买盘
1187,09:53:24,4.36,0.01,20,8720,买盘
1188,09:53:18,4.35,--,7,3044,卖盘
1189,09:53:14,4.35,-0.01,60,26099,卖盘
1190,09:53:09,4.36,--,37,16132,买盘
1191,09:53:03,4.36,--,9,3924,买盘
1192,09:52:54,4.36,0.01,8,3488,买盘
1193,09:52:48,4.35,--,1,434,卖盘
1194,09:52:39,4.35,--,0,0,卖盘
1195,09:52:33,4.35,-0.01,580,252299,卖盘
1196,09:52:29,4.36,--,43,18748,卖盘
1197,09:52:24,4.36,--,16,6976,卖盘
1198,09:52:18,4.36,-0.01,44,19184,卖盘
1199,09:52:09,4.37,--,54,23598,卖盘
1200,09:52:03,4.37,-0.01,7,3059,卖盘
1201,09:51:48,4.38,-0.01,54,23652,卖盘
1202,09:51:39,4.39,0.01,11,4829,买盘
1203,09:51:24,4.38,-0.01,19,8322,卖盘
1204,09:51:18,4.39,--,0,0,买盘
1205,09:51:09,4.39,0.02,30,13169,买盘
1206,09:51:03,4.37,--,0,0,卖盘
1207,09:50:59,4.37,--,8,3496,卖盘
1208,09:50:48,4.37,--,0,0,中性盘
1209,09:50:44,4.37,--,0,0,买盘
1210,09:50:39,4.37,--,30,13110,买盘
1211,09:50:33,4.37,0.01,7,3059,买盘
1212,09:50:18,4.36,-0.01,400,174400,卖盘
1213,09:50:09,4.37,--,31,13547,买盘
1214,09:50:03,4.37,--,4,1748,买盘
1215,09:49:59,4.37,--,124,54188,卖盘
1216,09:49:54,4.37,-0.01,91,39767,卖盘
1217,09:49:48,4.38,--,255,111690,买盘
1218,09:49:44,4.38,--,15,6570,买盘
1219,09:49:39,4.38,0.01,11,4818,买盘
1220,09:49:29,4.37,-0.01,1,437,卖盘
1221,09:49:24,4.38,--,4,1752,卖盘
1222,09:48:58,4.38,-0.01,10,4380,卖盘
1223,09:48:24,4.39,--,5,2195,买盘
1224,09:47:57,4.39,--,1,438,买盘
1225,09:47:33,4.39,--,29,12730,买盘
1226,09:46:57,4.39,0.01,6,2634,买盘
1227,09:46:48,4.38,--,53,23214,买盘
1228,09:46:42,4.38,0.01,41,17958,买盘
1229,09:46:38,4.37,-0.01,20,8740,卖盘
1230,09:46:18,4.38,-0.01,64,28032,卖盘
1231,09:46:12,4.39,--,1,438,买盘
1232,09:46:08,4.39,--,2,877,买盘
1233,09:46:03,4.39,--,4,1755,买盘
1234,09:45:57,4.39,0.01,24,10536,买盘
1235,09:45:48,4.38,-0.01,66,28908,卖盘
1236,09:44:48,4.39,--,5,2195,买盘
1237,09:44:38,4.39,--,11,4829,买盘
1238,09:44:27,4.39,0.01,25,10975,买盘
1239,09:44:03,4.38,-0.01,18,7884,卖盘
1240,09:43:57,4.39,--,16,7023,买盘
1241,09:43:48,4.39,--,98,43022,买盘
1242,09:43:42,4.39,--,2,877,买盘
1243,09:43:33,4.39,0.01,15,6584,买盘
1244,09:43:27,4.38,-0.01,17,7446,卖盘
1245,09:43:12,4.39,0.01,10,4390,买盘
1246,09:43:03,4.38,--,10,4380,卖盘
1247,09:42:36,4.38,--,153,67014,卖盘
1248,09:42:03,4.38,--,3,1314,卖盘
1249,09:41:51,4.38,-0.01,16,7008,卖盘
1250,09:41:48,4.39,--,1,438,买盘
1251,09:41:33,4.39,-0.01,44,19316,卖盘
1252,09:41:12,4.4,--,2,880,买盘
1253,09:40:51,4.4,0.01,6,2640,买盘
1254,09:40:47,4.39,-0.01,2,877,卖盘
1255,09:40:27,4.4,--,1,440,买盘
1256,09:40:12,4.4,--,2,880,买盘
1257,09:40:06,4.4,0.03,10,4400,买盘
1258,09:39:57,4.37,--,0,0,卖盘
1259,09:39:51,4.37,-0.04,277,121049,卖盘
1260,09:39:36,4.41,0.03,41,18081,买盘
1261,09:39:27,4.38,-0.02,289,126582,卖盘
1262,09:39:21,4.4,-0.01,1,440,卖盘
1263,09:39:17,4.41,0.01,50,22050,买盘
1264,09:39:12,4.4,-0.01,6,2640,卖盘
1265,09:38:57,4.41,0.01,74,32634,买盘
1266,09:38:42,4.4,-0.01,20,8800,卖盘
1267,09:38:36,4.41,0.01,10,4410,买盘
1268,09:38:27,4.4,--,1,440,卖盘
1269,09:38:21,4.4,--,1,440,卖盘
1270,09:38:02,4.4,--,397,174680,买盘
1271,09:37:51,4.4,--,16,7040,买盘
1272,09:37:42,4.4,--,12,5280,买盘
1273,09:37:36,4.4,0.01,1,440,买盘
1274,09:36:42,4.39,-0.01,13,5707,卖盘
1275,09:36:31,4.4,--,30,13200,买盘
1276,09:36:06,4.4,--,30,13200,买盘
1277,09:35:42,4.4,--,19,8360,买盘
1278,09:35:21,4.4,--,94,41360,买盘
1279,09:35:17,4.4,--,25,11000,买盘
1280,09:35:12,4.4,--,5,2200,买盘
1281,09:35:06,4.4,0.02,14,6160,买盘
1282,09:35:00,4.38,--,82,35916,买盘
1283,09:34:57,4.38,--,10,4380,买盘
1284,09:34:51,4.38,-0.03,225,98550,卖盘
1285,09:34:45,4.41,--,11,4851,买盘
1286,09:34:36,4.41,0.01,3,1323,买盘
1287,09:34:30,4.4,-0.01,1,440,卖盘
1288,09:34:26,4.41,0.01,7,3087,买盘
1289,09:34:21,4.4,--,200,88000,卖盘
1290,09:34:00,4.4,-0.01,50,22000,卖盘
1291,09:33:41,4.41,0.01,20,8820,买盘
1292,09:33:30,4.4,--,0,0,买盘
1293,09:33:26,4.4,--,12,5280,买盘
1294,09:33:21,4.4,--,7,3080,买盘
1295,09:33:15,4.4,-0.01,20,8800,中性盘
1296,09:33:00,4.41,--,7,3087,买盘
1297,09:32:45,4.41,--,7,3087,买盘
1298,09:32:36,4.41,--,7,3087,买盘
1299,09:32:00,4.41,0.02,162,71442,买盘
1300,09:31:56,4.39,--,0,0,卖盘
1301,09:31:51,4.39,0.01,32,14047,卖盘
1302,09:31:36,4.38,--,0,0,卖盘
1303,09:31:21,4.38,-0.02,88,38544,卖盘
1304,09:31:15,4.4,--,1,440,买盘
1305,09:30:41,4.4,--,0,0,买盘
1306,09:30:36,4.4,0.04,18,7920,买盘
1307,09:30:30,4.36,-0.04,47,20492,卖盘
1308,09:30:26,4.4,--,4,1760,买盘
1309,09:30:21,4.4,-0.01,39,17160,卖盘
1310,09:30:15,4.41,0.01,46,20286,买盘
1311,09:30:11,4.4,--,8,3520,买盘
1312,09:30:06,4.4,-0.02,89,39160,中性盘
1313,09:30:00,4.42,--,0,0,买盘
1314,09:28:44,4.42,--,0,0,买盘
1315,09:25:08,4.42,4.42,85,37570,买盘
