,time,price,change,volume,amount,type
0,15:00:03,4.78,--,4532,2166296,买盘
1,14:57:00,4.78,--,751,358978,买盘
2,14:56:51,4.78,--,44,21032,买盘
3,14:56:42,4.78,--,25,11950,买盘
4,14:56:39,4.78,--,12,5736,买盘
5,14:56:36,4.78,--,101,48278,买盘
6,14:56:30,4.78,--,58,27724,买盘
7,14:56:24,4.78,--,30,14340,买盘
8,14:56:15,4.78,--,365,174470,买盘
9,14:56:09,4.78,--,62,29636,买盘
10,14:56:06,4.78,0.01,100,47800,买盘
11,14:56:00,4.77,--,423,201770,卖盘
12,14:55:54,4.77,-0.01,3,1430,卖盘
13,14:55:51,4.78,0.01,30,14340,买盘
14,14:55:48,4.77,--,10,4770,卖盘
15,14:55:42,4.77,--,6,2861,卖盘
16,14:55:36,4.77,--,69,32913,卖盘
17,14:55:33,4.77,--,2,953,卖盘
18,14:55:30,4.77,--,17,8108,卖盘
19,14:55:21,4.77,--,52,24803,卖盘
20,14:55:18,4.77,--,1,476,卖盘
21,14:55:15,4.77,--,185,88244,买盘
22,14:55:12,4.77,--,10,4770,买盘
23,14:55:09,4.77,--,33,15740,买盘
24,14:55:06,4.77,--,68,32435,买盘
25,14:55:03,4.77,--,583,278091,买盘
26,14:54:57,4.77,--,32,15263,买盘
27,14:54:54,4.77,--,94,44837,买盘
28,14:54:51,4.77,--,9,4293,买盘
29,14:54:45,4.77,--,2,953,买盘
30,14:54:36,4.77,0.01,20,9540,买盘
31,14:54:30,4.76,-0.01,10,4760,卖盘
32,14:54:24,4.77,--,25,11924,买盘
33,14:54:21,4.77,--,55,26234,买盘
34,14:54:18,4.77,--,31,14786,买盘
35,14:54:15,4.77,0.01,121,57716,买盘
36,14:54:12,4.76,--,11,5474,卖盘
37,14:54:09,4.76,--,156,74256,卖盘
38,14:54:06,4.76,-0.01,503,239428,卖盘
39,14:54:03,4.77,--,97,46268,买盘
40,14:53:57,4.77,--,7,3338,买盘
41,14:53:54,4.77,0.01,4,1907,买盘
42,14:53:42,4.76,-0.01,851,405475,卖盘
43,14:53:39,4.77,--,326,155502,买盘
44,14:53:36,4.77,0.01,30,14309,买盘
45,14:53:30,4.76,-0.01,304,144704,卖盘
46,14:53:27,4.77,--,11,5246,买盘
47,14:53:24,4.77,--,300,143100,买盘
48,14:53:18,4.77,--,55,26234,买盘
49,14:53:15,4.77,--,8,3815,买盘
50,14:53:03,4.77,--,40,19080,买盘
51,14:53:00,4.77,--,19,9063,买盘
52,14:52:57,4.77,--,101,48176,买盘
53,14:52:54,4.77,--,12,5723,买盘
54,14:52:51,4.77,--,44,20987,买盘
55,14:52:45,4.77,--,10,4770,买盘
56,14:52:42,4.77,-0.01,382,182213,卖盘
57,14:52:39,4.78,--,147,70266,买盘
58,14:52:36,4.78,--,1889,902942,买盘
59,14:52:33,4.78,--,299,142922,买盘
60,14:52:30,4.78,--,274,130972,买盘
61,14:52:27,4.78,--,41,19598,买盘
62,14:52:12,4.78,0.01,317,151526,买盘
63,14:52:06,4.77,-0.01,324,154548,卖盘
64,14:52:03,4.78,--,7,3346,买盘
65,14:52:00,4.78,--,67,32026,买盘
66,14:51:57,4.78,--,183,87474,买盘
67,14:51:54,4.78,--,146,69864,卖盘
68,14:51:51,4.78,--,2,1357,买盘
69,14:51:48,4.78,-0.01,102,48832,卖盘
70,14:51:39,4.79,0.01,42,20118,买盘
71,14:51:36,4.78,--,10,4780,卖盘
72,14:51:27,4.78,--,1341,640998,卖盘
73,14:51:24,4.78,0.01,652,312057,买盘
74,14:51:09,4.77,--,18,8586,卖盘
75,14:51:06,4.77,--,50,23849,卖盘
76,14:50:54,4.77,--,12,5723,卖盘
77,14:50:51,4.77,--,100,47699,卖盘
78,14:50:45,4.77,--,91,43406,卖盘
79,14:50:36,4.77,--,2,953,卖盘
80,14:50:33,4.77,0.01,78,37206,买盘
81,14:50:30,4.76,-0.01,2,952,卖盘
82,14:50:27,4.77,--,60,28619,买盘
83,14:50:18,4.77,--,201,95876,买盘
84,14:50:12,4.77,--,42,20034,买盘
85,14:49:54,4.77,0.01,28,13355,买盘
86,14:49:51,4.76,-0.01,3,1428,卖盘
87,14:49:48,4.77,0.01,43,20510,买盘
88,14:49:45,4.76,-0.01,500,238000,卖盘
89,14:49:42,4.77,0.01,1,476,买盘
90,14:49:30,4.76,-0.01,50,23800,卖盘
91,14:49:24,4.77,0.01,1,476,买盘
92,14:49:21,4.76,-0.01,1,476,卖盘
93,14:49:18,4.77,--,27,12878,买盘
94,14:49:15,4.77,0.01,10,4770,买盘
95,14:49:09,4.76,-0.01,500,238000,卖盘
96,14:49:06,4.77,--,17,8108,买盘
97,14:49:00,4.77,--,6,2861,买盘
98,14:48:57,4.77,--,12,5723,买盘
99,14:48:54,4.77,--,18,8586,买盘
100,14:48:51,4.77,--,20,9540,买盘
101,14:48:45,4.77,--,711,339146,卖盘
102,14:48:39,4.77,-0.01,300,143100,卖盘
103,14:48:33,4.78,0.01,323,154394,买盘
104,14:48:30,4.77,--,500,238499,卖盘
105,14:48:27,4.77,--,190,90629,卖盘
106,14:48:24,4.77,--,70,33390,卖盘
107,14:48:18,4.77,--,331,157887,买盘
108,14:48:09,4.77,0.01,50,23849,买盘
109,14:48:06,4.76,-0.01,380,180880,卖盘
110,14:47:54,4.77,0.01,10,4770,买盘
111,14:47:48,4.76,-0.01,6,2856,卖盘
112,14:47:39,4.77,--,2,953,买盘
113,14:47:30,4.77,--,1,476,买盘
114,14:47:27,4.77,0.01,50,23849,买盘
115,14:47:21,4.76,--,127,60452,卖盘
116,14:47:15,4.76,-0.01,12,5712,卖盘
117,14:47:06,4.77,--,77,36729,买盘
118,14:47:00,4.77,0.01,50,23849,买盘
119,14:46:57,4.76,-0.01,1,476,卖盘
120,14:46:54,4.77,--,12,5723,买盘
121,14:46:30,4.77,--,346,165041,买盘
122,14:46:27,4.77,0.01,5,2385,买盘
123,14:46:21,4.76,--,10,4760,卖盘
124,14:46:18,4.76,--,26,12376,卖盘
125,14:46:03,4.76,-0.01,6,2856,卖盘
126,14:46:00,4.77,--,20,9540,买盘
127,14:45:57,4.77,0.01,87,41498,买盘
128,14:45:48,4.76,--,23,10948,卖盘
129,14:45:45,4.76,-0.01,36,17136,卖盘
130,14:45:39,4.77,--,200,95399,买盘
131,14:45:36,4.77,--,12,5723,买盘
132,14:45:27,4.77,0.01,2,953,买盘
133,14:45:15,4.76,-0.01,9,4284,卖盘
134,14:44:48,4.77,--,5,2385,买盘
135,14:44:21,4.77,0.01,3,1430,买盘
136,14:44:12,4.76,-0.01,20,9520,卖盘
137,14:44:03,4.77,0.01,55,26234,买盘
138,14:43:36,4.76,-0.01,17,8092,卖盘
139,14:43:33,4.77,--,32,15263,卖盘
140,14:43:24,4.77,--,1021,487016,买盘
141,14:43:18,4.77,--,100,47699,买盘
142,14:43:09,4.77,--,214,102077,买盘
143,14:43:03,4.77,--,3,1430,买盘
144,14:42:54,4.77,--,97,46268,买盘
145,14:42:51,4.77,--,5,2385,买盘
146,14:42:30,4.77,--,20,9540,买盘
147,14:42:24,4.77,--,40,19080,买盘
148,14:42:03,4.77,0.01,295,140715,买盘
149,14:42:00,4.76,--,10,4760,卖盘
150,14:41:57,4.76,--,50,23800,卖盘
151,14:41:15,4.76,-0.01,29,13804,卖盘
152,14:41:06,4.77,0.01,628,299556,买盘
153,14:41:03,4.76,-0.01,2,952,卖盘
154,14:41:00,4.77,--,1,476,买盘
155,14:40:42,4.77,--,1,476,买盘
156,14:40:33,4.77,--,23,10970,买盘
157,14:40:30,4.77,--,6,2861,买盘
158,14:40:27,4.77,--,343,163610,卖盘
159,14:40:24,4.77,--,103,49130,卖盘
160,14:40:15,4.77,--,10,4770,卖盘
161,14:40:12,4.77,--,8,3815,卖盘
162,14:40:00,4.77,--,200,95399,卖盘
163,14:39:54,4.77,-0.01,50,23849,卖盘
164,14:39:51,4.78,0.01,81,38718,买盘
165,14:39:48,4.77,-0.01,19,9063,卖盘
166,14:39:45,4.78,--,6,2868,买盘
167,14:39:42,4.78,0.01,5,2390,买盘
168,14:39:39,4.77,-0.01,20,9540,卖盘
169,14:39:24,4.78,0.01,400,191200,买盘
170,14:39:21,4.77,--,12,5723,卖盘
171,14:39:18,4.77,-0.01,90,42929,卖盘
172,14:39:15,4.78,--,2,956,买盘
173,14:39:06,4.78,--,100,47800,买盘
174,14:38:57,4.78,0.01,5,2390,买盘
175,14:38:42,4.77,-0.01,4,1907,卖盘
176,14:38:39,4.78,0.01,50,23900,买盘
177,14:38:33,4.77,--,50,23849,卖盘
178,14:38:24,4.77,--,39,18603,买盘
179,14:38:21,4.77,--,1,476,卖盘
180,14:38:18,4.77,--,10,4770,卖盘
181,14:38:15,4.77,-0.01,10,4770,卖盘
182,14:38:12,4.78,0.01,8,3824,买盘
183,14:38:09,4.77,-0.01,800,381599,卖盘
184,14:38:06,4.78,--,300,143400,买盘
185,14:37:57,4.78,0.01,14,6692,买盘
186,14:37:54,4.77,--,17,8108,卖盘
187,14:37:33,4.77,-0.01,307,146439,卖盘
188,14:37:30,4.78,0.01,100,47800,买盘
189,14:37:27,4.77,-0.01,20,9540,卖盘
190,14:37:24,4.78,0.01,2,956,买盘
191,14:37:15,4.77,--,428,204155,买盘
192,14:37:12,4.77,--,50,23849,买盘
193,14:37:09,4.77,--,4,1907,买盘
194,14:37:06,4.77,--,114,54377,买盘
195,14:37:03,4.77,--,30,14309,买盘
196,14:37:00,4.77,--,40,19080,买盘
197,14:36:51,4.77,--,2,953,买盘
198,14:36:48,4.77,--,10,4770,买盘
199,14:36:45,4.77,--,40,19080,买盘
200,14:36:36,4.77,--,16,7631,买盘
201,14:36:27,4.77,--,242,115433,买盘
202,14:36:21,4.77,--,811,386846,买盘
203,14:36:12,4.77,--,24,11447,买盘
204,14:35:51,4.77,-0.01,2,953,买盘
205,14:35:42,4.78,0.01,100,47800,买盘
206,14:35:39,4.77,--,25,12001,卖盘
207,14:35:36,4.77,-0.01,55,26234,卖盘
208,14:35:33,4.78,0.01,290,138620,买盘
209,14:35:30,4.77,--,70,33390,卖盘
210,14:35:27,4.77,--,93,44360,卖盘
211,14:35:18,4.77,-0.01,122,58193,卖盘
212,14:35:15,4.78,0.01,5,2390,买盘
213,14:35:12,4.77,--,10,4770,卖盘
214,14:35:06,4.77,-0.01,100,47699,卖盘
215,14:34:54,4.78,0.01,30,14340,买盘
216,14:34:51,4.77,--,11,5246,卖盘
217,14:34:48,4.77,-0.01,6,2861,卖盘
218,14:34:33,4.78,--,20,9560,买盘
219,14:34:27,4.78,0.01,151,72579,买盘
220,14:34:24,4.77,--,20,9540,卖盘
221,14:34:18,4.77,--,26,12401,卖盘
222,14:34:09,4.77,0.01,1406,670661,买盘
223,14:33:45,4.76,--,10,4760,卖盘
224,14:33:36,4.76,--,216,102816,买盘
225,14:33:33,4.76,--,870,414120,买盘
226,14:33:21,4.76,--,60,28560,买盘
227,14:33:18,4.76,--,10,4760,买盘
228,14:33:12,4.76,--,2,952,买盘
229,14:33:00,4.76,--,10,4760,买盘
230,14:32:57,4.76,--,15,7140,买盘
231,14:32:45,4.76,--,30,14280,买盘
232,14:32:42,4.76,--,5,2380,买盘
233,14:32:33,4.76,--,8,3808,买盘
234,14:32:24,4.76,--,15,7140,卖盘
235,14:32:03,4.76,--,9,4284,卖盘
236,14:31:57,4.76,--,1026,488385,买盘
237,14:31:48,4.76,0.01,103,49028,买盘
238,14:31:27,4.75,--,4,1900,卖盘
239,14:31:12,4.75,--,20,9500,卖盘
240,14:30:54,4.75,--,950,451250,买盘
241,14:30:51,4.75,--,40,19000,买盘
242,14:30:45,4.75,0.01,35,16625,买盘
243,14:30:42,4.74,-0.01,5,2370,卖盘
244,14:30:36,4.75,--,50,23750,买盘
245,14:30:33,4.75,--,23,10925,买盘
246,14:30:21,4.75,--,40,19000,买盘
247,14:30:18,4.75,0.01,100,47500,买盘
248,14:30:09,4.74,-0.01,10,4740,卖盘
249,14:30:03,4.75,--,82,38950,买盘
250,14:30:00,4.75,0.01,11,5225,买盘
251,14:29:54,4.74,--,11,5214,卖盘
252,14:29:51,4.74,-0.01,3,1422,卖盘
253,14:29:39,4.75,0.01,5,2375,买盘
254,14:29:21,4.74,--,459,217566,卖盘
255,14:28:54,4.74,--,40,18960,卖盘
256,14:28:42,4.74,--,94,45025,买盘
257,14:28:24,4.74,--,30,14220,买盘
258,14:28:15,4.74,--,1,474,买盘
259,14:28:03,4.74,0.01,47,22278,买盘
260,14:28:00,4.73,-0.01,2,946,卖盘
261,14:27:48,4.74,--,10,4740,买盘
262,14:27:45,4.74,--,60,28440,买盘
263,14:27:42,4.74,--,1,474,买盘
264,14:27:39,4.74,--,5,2370,买盘
265,14:27:36,4.74,--,5,2370,买盘
266,14:27:33,4.74,--,2,948,买盘
267,14:27:30,4.74,--,10,4740,买盘
268,14:27:24,4.74,--,30,14220,买盘
269,14:27:21,4.74,--,43,20382,买盘
270,14:27:15,4.74,--,13,6162,买盘
271,14:27:09,4.74,--,13,6162,买盘
272,14:26:54,4.74,--,36,17064,买盘
273,14:26:48,4.74,0.01,158,74892,买盘
274,14:26:45,4.73,--,20,9460,卖盘
275,14:26:30,4.73,-0.01,14,6622,卖盘
276,14:26:24,4.74,--,99,46926,买盘
277,14:26:09,4.74,0.01,65,30810,买盘
278,14:25:51,4.73,--,20,9460,卖盘
279,14:25:27,4.73,-0.01,5,2365,卖盘
280,14:25:15,4.74,0.01,150,71100,买盘
281,14:25:09,4.73,-0.01,1,473,卖盘
282,14:25:06,4.74,--,188,89112,买盘
283,14:25:03,4.74,--,20,9480,买盘
284,14:24:54,4.74,--,9,4266,买盘
285,14:24:30,4.74,0.01,10,4740,买盘
286,14:24:18,4.73,-0.01,17,8041,卖盘
287,14:24:15,4.74,--,42,19908,买盘
288,14:23:57,4.74,--,383,181546,卖盘
289,14:23:54,4.74,--,2,948,卖盘
290,14:23:51,4.74,--,5,2370,卖盘
291,14:23:45,4.74,--,13,6162,卖盘
292,14:23:27,4.74,--,927,439867,卖盘
293,14:23:03,4.74,--,61,28914,卖盘
294,14:22:48,4.74,-0.01,55,26070,卖盘
295,14:22:39,4.75,0.01,23,10925,买盘
296,14:22:00,4.74,--,55,26070,卖盘
297,14:21:48,4.74,-0.01,2,948,卖盘
298,14:21:45,4.75,0.01,20,9500,买盘
299,14:21:39,4.74,--,10,4740,卖盘
300,14:21:15,4.74,--,6,2844,卖盘
301,14:21:00,4.74,--,22,10428,卖盘
302,14:20:54,4.74,-0.01,15,7110,卖盘
303,14:20:51,4.75,0.01,20,9500,买盘
304,14:19:57,4.74,-0.01,1,474,卖盘
305,14:19:45,4.75,0.01,2,950,买盘
306,14:19:21,4.74,--,25,11850,卖盘
307,14:19:18,4.74,--,3,1422,卖盘
308,14:18:51,4.74,--,37,17538,买盘
309,14:18:42,4.74,--,2,948,买盘
310,14:18:36,4.74,-0.01,161,76314,卖盘
311,14:18:33,4.75,0.01,60,28500,买盘
312,14:18:27,4.74,--,129,61146,卖盘
313,14:18:15,4.74,--,21,9954,卖盘
314,14:18:12,4.74,--,5,2370,卖盘
315,14:17:48,4.74,--,30,14220,卖盘
316,14:17:39,4.74,0.01,274,129876,买盘
317,14:17:36,4.73,--,54,25542,卖盘
318,14:17:24,4.73,--,10,4730,卖盘
319,14:17:18,4.73,--,19,8987,卖盘
320,14:17:06,4.73,-0.01,3,1419,卖盘
321,14:17:00,4.74,--,3,1422,买盘
322,14:16:54,4.74,0.01,19,9006,买盘
323,14:16:51,4.73,-0.01,78,36894,卖盘
324,14:16:18,4.74,--,33,15642,买盘
325,14:16:12,4.74,--,5,2370,买盘
326,14:16:06,4.74,--,185,87694,卖盘
327,14:16:00,4.74,--,167,79627,卖盘
328,14:15:48,4.74,--,100,47400,卖盘
329,14:15:42,4.74,--,8,3792,卖盘
330,14:15:30,4.74,-0.01,578,273972,卖盘
331,14:15:27,4.75,--,20,9500,买盘
332,14:15:24,4.75,0.01,50,23750,买盘
333,14:15:18,4.74,--,70,33180,卖盘
334,14:15:15,4.74,-0.01,9,4266,卖盘
335,14:15:00,4.75,--,11,5225,买盘
336,14:14:45,4.75,--,50,23750,买盘
337,14:14:33,4.75,--,4,1900,买盘
338,14:14:18,4.75,--,10,4750,买盘
339,14:13:51,4.75,--,59,28025,买盘
340,14:13:48,4.75,--,10,4750,买盘
341,14:13:45,4.75,0.01,50,23750,买盘
342,14:13:42,4.74,-0.01,58,27492,卖盘
343,14:13:39,4.75,0.01,4,1900,买盘
344,14:13:36,4.74,--,15,7110,卖盘
345,14:13:24,4.74,-0.01,24,11376,卖盘
346,14:12:24,4.75,--,1,475,买盘
347,14:12:12,4.75,0.01,10,4750,买盘
348,14:12:03,4.74,-0.01,5,2370,卖盘
349,14:11:57,4.75,--,100,47500,买盘
350,14:11:51,4.75,--,126,59850,买盘
351,14:09:51,4.75,--,45,21375,买盘
352,14:09:42,4.75,--,20,9500,买盘
353,14:09:39,4.75,--,46,21850,买盘
354,14:09:30,4.75,0.01,11,5225,买盘
355,14:09:15,4.74,--,20,9480,卖盘
356,14:09:06,4.74,-0.01,50,23700,卖盘
357,14:08:57,4.75,--,25,11875,买盘
358,14:08:42,4.75,--,17,8075,卖盘
359,14:08:30,4.75,--,50,23750,卖盘
360,14:08:18,4.75,--,20,9500,卖盘
361,14:08:03,4.75,--,20,9500,卖盘
362,14:07:57,4.75,--,14,6650,卖盘
363,14:07:45,4.75,--,21,9975,卖盘
364,14:07:36,4.75,--,2,950,卖盘
365,14:07:21,4.75,--,24,11400,卖盘
366,14:07:15,4.75,--,10,4750,卖盘
367,14:07:03,4.75,-0.01,1,475,卖盘
368,14:06:48,4.76,0.01,85,40460,买盘
369,14:06:39,4.75,--,14,6650,卖盘
370,14:06:33,4.75,-0.01,14,6650,卖盘
371,14:06:18,4.76,--,1,476,买盘
372,14:06:15,4.76,0.01,54,25704,买盘
373,14:06:09,4.75,-0.01,50,23750,卖盘
374,14:05:57,4.76,--,32,15232,买盘
375,14:05:36,4.76,--,14,6664,买盘
376,14:05:03,4.76,--,12,5712,买盘
377,14:04:51,4.76,0.01,7,3332,买盘
378,14:04:39,4.75,-0.01,10,4750,卖盘
379,14:04:36,4.76,0.01,1,476,买盘
380,14:04:24,4.75,--,100,47500,卖盘
381,14:03:51,4.75,--,51,24225,卖盘
382,14:03:42,4.75,--,90,42750,卖盘
383,14:03:15,4.75,-0.01,5,2375,卖盘
384,14:03:00,4.76,--,125,59500,买盘
385,14:02:39,4.76,--,100,47600,买盘
386,14:02:36,4.76,0.01,10,4760,买盘
387,14:02:24,4.75,-0.01,2,950,卖盘
388,14:02:21,4.76,--,100,47600,买盘
389,14:01:57,4.76,--,4,1904,买盘
390,14:01:45,4.76,--,10,4760,买盘
391,14:01:42,4.76,--,1,476,买盘
392,14:01:36,4.76,0.01,10,4760,买盘
393,14:01:27,4.75,-0.01,100,47500,卖盘
394,14:00:36,4.76,--,413,196588,买盘
395,14:00:33,4.76,--,4,1904,买盘
396,14:00:24,4.76,--,3,1428,买盘
397,14:00:21,4.76,--,40,19040,买盘
398,14:00:03,4.76,--,260,123760,卖盘
399,14:00:00,4.76,--,350,166600,卖盘
400,13:59:54,4.76,-0.01,15,7140,卖盘
401,13:59:48,4.77,0.01,4,1907,买盘
402,13:59:42,4.76,--,300,142800,卖盘
403,13:59:39,4.76,--,22,10472,卖盘
404,13:59:36,4.76,-0.01,12,5712,卖盘
405,13:59:06,4.77,--,10,4770,买盘
406,13:58:54,4.77,--,2,953,买盘
407,13:58:45,4.77,--,6,2861,买盘
408,13:58:42,4.77,--,4,1907,买盘
409,13:58:39,4.77,--,109,51992,卖盘
410,13:58:33,4.77,--,210,100169,买盘
411,13:58:27,4.77,--,290,138330,卖盘
412,13:58:24,4.77,--,243,115910,买盘
413,13:58:09,4.77,--,140,66780,买盘
414,13:58:06,4.77,--,100,47699,买盘
415,13:58:03,4.77,--,300,143100,买盘
416,13:57:51,4.77,0.01,4,1907,买盘
417,13:57:48,4.76,--,183,87108,卖盘
418,13:57:45,4.76,-0.01,10,4760,卖盘
419,13:57:42,4.77,--,415,197954,买盘
420,13:57:39,4.77,0.01,104,49607,买盘
421,13:57:36,4.76,--,233,110908,卖盘
422,13:57:27,4.76,-0.01,13,6188,卖盘
423,13:57:24,4.77,0.01,26,12401,买盘
424,13:57:12,4.76,--,97,46172,买盘
425,13:57:09,4.76,--,4,1904,买盘
426,13:57:06,4.76,--,400,190400,买盘
427,13:57:03,4.76,--,50,23800,买盘
428,13:56:54,4.76,--,26,12376,买盘
429,13:56:48,4.76,0.01,265,126140,买盘
430,13:56:45,4.75,-0.01,5,2375,卖盘
431,13:56:39,4.76,--,20,9520,买盘
432,13:56:33,4.76,0.01,20,9520,买盘
433,13:56:18,4.75,--,394,187150,买盘
434,13:56:15,4.75,--,40,19000,买盘
435,13:56:06,4.75,--,50,23750,买盘
436,13:55:57,4.75,--,30,14250,买盘
437,13:55:54,4.75,--,47,22325,买盘
438,13:55:48,4.75,--,48,22800,买盘
439,13:55:45,4.75,--,50,23750,买盘
440,13:55:27,4.75,--,30,14250,买盘
441,13:55:12,4.75,--,1,475,买盘
442,13:54:57,4.75,--,40,19000,买盘
443,13:54:51,4.75,--,5,2375,买盘
444,13:54:30,4.75,--,5,2375,买盘
445,13:54:03,4.75,0.01,83,39425,买盘
446,13:53:42,4.74,-0.01,16,7584,卖盘
447,13:53:33,4.75,--,1,475,买盘
448,13:53:12,4.75,0.01,1,475,买盘
449,13:52:57,4.74,-0.01,7,3318,中性盘
450,13:52:45,4.75,--,100,47500,买盘
451,13:52:30,4.75,0.01,867,411825,买盘
452,13:51:51,4.74,0.01,2,948,买盘
453,13:51:48,4.73,--,12,5676,卖盘
454,13:51:45,4.73,-0.01,5,2365,卖盘
455,13:51:42,4.74,--,10,4740,买盘
456,13:51:33,4.74,--,15,7110,买盘
457,13:51:24,4.74,--,200,94800,买盘
458,13:51:18,4.74,0.01,55,26070,买盘
459,13:51:15,4.73,--,6,2838,卖盘
460,13:51:03,4.73,-0.01,3,1419,卖盘
461,13:51:00,4.74,0.01,100,47400,买盘
462,13:50:51,4.73,-0.01,13,6149,卖盘
463,13:50:45,4.74,0.01,30,14220,买盘
464,13:50:27,4.73,--,30,14190,卖盘
465,13:50:15,4.73,--,100,47300,卖盘
466,13:50:00,4.73,--,1,473,卖盘
467,13:49:45,4.73,--,17,8041,卖盘
468,13:49:39,4.73,--,2,946,卖盘
469,13:49:36,4.73,-0.01,17,8041,卖盘
470,13:49:21,4.74,--,1,474,买盘
471,13:49:09,4.74,--,15,7110,买盘
472,13:49:00,4.74,--,10,4740,买盘
473,13:48:45,4.74,0.01,99,46926,买盘
474,13:48:33,4.73,-0.01,72,34056,卖盘
475,13:48:21,4.74,0.02,3,1422,买盘
476,13:48:12,4.72,-0.02,2000,944000,卖盘
477,13:48:03,4.74,--,5,2370,买盘
478,13:47:45,4.74,--,9,4266,买盘
479,13:47:36,4.74,0.01,285,135090,买盘
480,13:47:27,4.73,--,1,473,买盘
481,13:47:21,4.73,--,157,74261,买盘
482,13:47:15,4.73,--,50,23650,买盘
483,13:47:12,4.73,--,2,946,买盘
484,13:47:09,4.73,--,15,7095,买盘
485,13:47:00,4.73,-0.01,1636,773828,卖盘
486,13:46:57,4.74,--,4,1896,买盘
487,13:46:54,4.74,--,27,12798,买盘
488,13:46:30,4.74,--,76,36024,买盘
489,13:46:27,4.74,--,174,82476,买盘
490,13:46:15,4.74,--,20,9480,买盘
491,13:46:03,4.74,--,8,3792,买盘
492,13:45:54,4.74,--,887,420438,卖盘
493,13:45:36,4.74,--,6,2844,卖盘
494,13:45:27,4.74,--,369,174906,买盘
495,13:45:21,4.74,0.01,10,4740,买盘
496,13:45:12,4.73,--,8,3784,卖盘
497,13:45:03,4.73,-0.01,9,4257,卖盘
498,13:45:00,4.74,0.01,288,136512,买盘
499,13:44:33,4.73,-0.01,200,94600,卖盘
500,13:44:27,4.74,0.01,10,4740,买盘
501,13:44:12,4.73,--,31,14663,买盘
502,13:44:03,4.73,--,18,8514,买盘
503,13:44:00,4.73,--,14,6622,买盘
504,13:43:51,4.73,-0.01,440,208120,卖盘
505,13:43:48,4.74,--,110,52140,买盘
506,13:43:30,4.74,0.01,4,1896,买盘
507,13:43:21,4.73,--,172,81356,卖盘
508,13:43:06,4.73,--,10,4730,卖盘
509,13:42:57,4.73,--,300,141900,卖盘
510,13:42:51,4.73,-0.01,86,40678,卖盘
511,13:42:39,4.74,0.01,137,64938,买盘
512,13:42:33,4.73,--,23,10879,卖盘
513,13:42:12,4.73,-0.01,2,946,卖盘
514,13:42:03,4.74,0.01,46,21804,买盘
515,13:41:54,4.73,--,8,3784,卖盘
516,13:41:30,4.73,-0.01,60,28380,卖盘
517,13:41:27,4.74,0.01,20,9480,买盘
518,13:41:21,4.73,--,49,23177,卖盘
519,13:41:06,4.73,-0.01,94,44462,卖盘
520,13:40:42,4.74,--,22,10428,买盘
521,13:40:39,4.74,--,10,4740,买盘
522,13:40:30,4.74,0.01,19,9006,买盘
523,13:40:00,4.73,-0.01,1,473,卖盘
524,13:39:36,4.74,--,47,22278,买盘
525,13:39:27,4.74,0.01,2,948,买盘
526,13:39:15,4.73,--,24,11352,卖盘
527,13:39:00,4.73,--,1,473,卖盘
528,13:38:48,4.73,--,626,296098,卖盘
529,13:38:21,4.73,--,50,23650,卖盘
530,13:37:27,4.73,-0.01,20,9460,卖盘
531,13:37:06,4.74,--,8,3792,买盘
532,13:36:48,4.74,--,10,4740,买盘
533,13:36:30,4.74,0.01,32,15168,买盘
534,13:36:03,4.73,--,14,6622,卖盘
535,13:35:21,4.73,--,9,4257,卖盘
536,13:35:15,4.73,--,4,1892,卖盘
537,13:34:39,4.73,-0.01,26,12298,卖盘
538,13:34:30,4.74,--,10,4740,买盘
539,13:34:18,4.74,--,4,1896,买盘
540,13:33:57,4.74,0.01,1,474,买盘
541,13:33:54,4.73,-0.01,4,1892,卖盘
542,13:32:54,4.74,0.01,20,9480,买盘
543,13:32:48,4.73,-0.01,24,11352,卖盘
544,13:32:18,4.74,--,30,14220,买盘
545,13:32:15,4.74,--,20,9480,买盘
546,13:32:12,4.74,0.01,3,1422,买盘
547,13:32:00,4.73,--,10,4730,卖盘
548,13:31:27,4.73,-0.01,2,946,卖盘
549,13:31:18,4.74,0.01,44,20856,买盘
550,13:30:57,4.73,-0.01,1,473,卖盘
551,13:30:54,4.74,0.01,20,9480,买盘
552,13:30:45,4.73,--,5,2365,卖盘
553,13:30:27,4.73,--,10,4730,卖盘
554,13:30:09,4.73,--,3,1419,卖盘
555,13:30:06,4.73,-0.01,4,1892,卖盘
556,13:30:03,4.74,0.01,5,2370,买盘
557,13:29:57,4.73,--,173,81829,卖盘
558,13:29:21,4.73,--,1,473,卖盘
559,13:28:54,4.73,-0.01,10,4730,卖盘
560,13:28:51,4.74,0.01,40,18960,买盘
561,13:28:48,4.73,--,41,19393,买盘
562,13:28:39,4.73,--,5,2365,买盘
563,13:28:36,4.73,--,4,1892,卖盘
564,13:27:39,4.73,--,20,9460,卖盘
565,13:27:36,4.73,--,5,2365,卖盘
566,13:27:33,4.73,--,155,73315,买盘
567,13:27:21,4.73,--,20,9460,买盘
568,13:27:15,4.73,--,1,473,买盘
569,13:27:09,4.73,0.01,21,9933,买盘
570,13:27:03,4.72,-0.01,19,8968,卖盘
571,13:27:00,4.73,0.01,14,6622,买盘
572,13:26:54,4.72,--,25,11800,卖盘
573,13:26:48,4.72,--,450,212400,卖盘
574,13:26:42,4.72,-0.01,50,23600,卖盘
575,13:26:33,4.73,--,1,473,买盘
576,13:26:24,4.73,--,25,11825,买盘
577,13:26:18,4.73,--,30,14190,买盘
578,13:25:57,4.73,--,359,169807,卖盘
579,13:25:48,4.73,-0.01,1276,603548,卖盘
580,13:25:45,4.74,--,3,1422,买盘
581,13:25:18,4.74,0.01,10,4740,买盘
582,13:25:12,4.73,--,1,473,卖盘
583,13:24:42,4.73,-0.01,100,47300,卖盘
584,13:24:30,4.74,--,29,13746,买盘
585,13:24:24,4.74,--,2,948,买盘
586,13:24:12,4.74,0.01,40,18960,买盘
587,13:23:39,4.73,-0.01,180,85140,卖盘
588,13:23:00,4.74,0.01,24,11376,买盘
589,13:22:39,4.73,-0.01,100,47300,卖盘
590,13:21:51,4.74,--,40,18960,买盘
591,13:21:48,4.74,0.01,20,9480,买盘
592,13:21:33,4.73,--,3,1419,卖盘
593,13:21:21,4.73,-0.01,20,9460,卖盘
594,13:21:12,4.74,--,147,69678,买盘
595,13:20:21,4.74,--,372,176328,卖盘
596,13:20:12,4.74,--,30,14220,卖盘
597,13:19:57,4.74,--,10,4740,卖盘
598,13:19:42,4.74,--,32,15168,卖盘
599,13:19:39,4.74,--,10,4740,卖盘
600,13:19:24,4.74,--,1,474,卖盘
601,13:19:03,4.74,-0.01,32,15168,卖盘
602,13:18:42,4.75,0.01,10,4750,买盘
603,13:18:24,4.74,--,100,47400,卖盘
604,13:18:21,4.74,-0.01,10,4740,卖盘
605,13:18:12,4.75,0.01,5,2375,买盘
606,13:18:06,4.74,-0.01,24,11376,卖盘
607,13:16:45,4.75,--,6,2850,买盘
608,13:16:42,4.75,--,29,13775,买盘
609,13:16:36,4.75,--,55,26125,卖盘
610,13:16:27,4.75,--,30,14250,卖盘
611,13:16:24,4.75,--,5,2375,卖盘
612,13:16:18,4.75,--,18,8550,卖盘
613,13:16:09,4.75,--,25,11875,卖盘
614,13:15:57,4.75,--,229,108775,卖盘
615,13:15:18,4.75,--,10,4750,卖盘
616,13:15:06,4.75,--,1,475,卖盘
617,13:14:54,4.75,--,400,190000,卖盘
618,13:14:51,4.75,--,35,16625,卖盘
619,13:14:48,4.75,-0.01,2,950,卖盘
620,13:14:45,4.76,0.01,2,952,买盘
621,13:14:27,4.75,--,8,3800,卖盘
622,13:14:18,4.75,-0.01,76,36100,卖盘
623,13:14:12,4.76,0.01,22,10472,买盘
624,13:14:06,4.75,--,200,95000,卖盘
625,13:13:54,4.75,--,10,4750,卖盘
626,13:13:42,4.75,-0.01,1,475,卖盘
627,13:13:15,4.76,0.01,56,26656,买盘
628,13:12:39,4.75,-0.01,20,9500,卖盘
629,13:12:36,4.76,--,20,9520,买盘
630,13:12:27,4.76,0.01,5,2380,买盘
631,13:12:15,4.75,--,10,4750,卖盘
632,13:12:12,4.75,--,1,475,卖盘
633,13:11:39,4.75,--,1,475,卖盘
634,13:11:27,4.75,--,100,47500,卖盘
635,13:11:15,4.75,-0.01,28,13300,卖盘
636,13:11:09,4.76,0.01,30,14280,买盘
637,13:10:36,4.75,--,1,475,卖盘
638,13:10:24,4.75,-0.01,47,22325,卖盘
639,13:10:09,4.76,--,40,19040,买盘
640,13:09:42,4.76,--,10,4760,买盘
641,13:09:39,4.76,--,5,2380,买盘
642,13:09:27,4.76,--,60,28560,买盘
643,13:09:12,4.76,--,121,57596,买盘
644,13:08:57,4.76,0.01,50,23800,买盘
645,13:08:54,4.75,-0.01,2,950,卖盘
646,13:08:27,4.76,0.01,1,476,买盘
647,13:07:21,4.75,-0.01,1,475,卖盘
648,13:06:39,4.76,--,10,4760,买盘
649,13:06:36,4.76,--,10,4760,买盘
650,13:06:06,4.76,--,9,4284,买盘
651,13:05:42,4.76,0.01,11,5236,买盘
652,13:05:24,4.75,--,2,950,卖盘
653,13:05:12,4.75,--,4,1900,卖盘
654,13:04:36,4.75,-0.01,7,3325,卖盘
655,13:04:33,4.76,0.01,100,47600,买盘
656,13:04:15,4.75,--,43,20425,卖盘
657,13:04:06,4.75,-0.01,28,13300,卖盘
658,13:04:00,4.76,0.01,25,11900,买盘
659,13:03:36,4.75,--,70,33250,卖盘
660,13:03:33,4.75,--,2,950,卖盘
661,13:03:21,4.75,--,20,9500,卖盘
662,13:03:09,4.75,-0.01,23,10925,卖盘
663,13:02:36,4.76,--,10,4760,买盘
664,13:02:09,4.76,--,20,9520,买盘
665,13:02:06,4.76,--,10,4760,买盘
666,13:02:00,4.76,0.01,1,476,买盘
667,13:01:51,4.75,--,7,3325,卖盘
668,13:01:42,4.75,--,10,4750,卖盘
669,13:01:21,4.75,--,8,3800,卖盘
670,13:01:15,4.75,0.01,107,50825,买盘
671,13:01:09,4.74,-0.01,252,119448,卖盘
672,13:01:00,4.75,--,6,2850,买盘
673,13:00:57,4.75,--,107,50825,卖盘
674,13:00:54,4.75,-0.01,19,9025,卖盘
675,13:00:39,4.76,--,2,952,买盘
676,13:00:15,4.76,--,1,476,买盘
677,13:00:12,4.76,--,2,952,买盘
678,13:00:06,4.76,0.01,251,119476,买盘
679,13:00:03,4.75,--,319,151525,卖盘
680,13:00:00,4.75,--,0,0,卖盘
681,11:30:00,4.75,--,0,0,卖盘
682,11:29:42,4.75,--,4,1900,卖盘
683,11:29:03,4.75,--,689,327351,买盘
684,11:28:48,4.75,--,35,16625,买盘
685,11:28:42,4.75,--,550,261250,买盘
686,11:27:54,4.75,0.01,17,8075,买盘
687,11:27:42,4.74,-0.01,1,474,卖盘
688,11:27:24,4.75,--,2,950,买盘
689,11:27:21,4.75,--,2,950,买盘
690,11:26:57,4.75,--,2,950,买盘
691,11:26:39,4.75,0.01,61,28975,买盘
692,11:26:33,4.74,--,74,35076,卖盘
693,11:25:24,4.74,--,8,3792,卖盘
694,11:24:57,4.74,--,1,474,卖盘
695,11:24:51,4.74,--,10,4740,卖盘
696,11:24:42,4.74,--,4,1896,卖盘
697,11:24:33,4.74,-0.01,18,8532,卖盘
698,11:24:27,4.75,--,4,1900,买盘
699,11:24:24,4.75,0.01,10,4750,买盘
700,11:24:15,4.74,--,183,86742,卖盘
701,11:24:12,4.74,--,60,28440,卖盘
702,11:23:48,4.74,-0.01,34,16116,卖盘
703,11:22:54,4.75,--,20,9500,买盘
704,11:22:45,4.75,0.01,28,13300,买盘
705,11:22:36,4.74,-0.01,50,23700,卖盘
706,11:22:18,4.75,0.01,10,4750,买盘
707,11:22:12,4.74,--,13,6162,卖盘
708,11:21:51,4.74,-0.01,1,474,卖盘
709,11:21:36,4.75,0.01,25,11875,买盘
710,11:21:03,4.74,-0.01,192,91008,卖盘
711,11:20:36,4.75,--,28,13300,买盘
712,11:20:12,4.75,--,5,2375,买盘
713,11:20:09,4.75,--,40,19000,买盘
714,11:20:00,4.75,0.01,2,950,买盘
715,11:19:45,4.74,--,28,13272,卖盘
716,11:19:33,4.74,--,5,2370,卖盘
717,11:18:51,4.74,--,4,1896,卖盘
718,11:18:45,4.74,--,300,142200,卖盘
719,11:18:30,4.74,-0.01,10,4740,卖盘
720,11:18:24,4.75,0.01,2,950,买盘
721,11:18:21,4.74,--,26,12324,卖盘
722,11:18:00,4.74,-0.01,10,4740,卖盘
723,11:17:36,4.75,--,5,2375,买盘
724,11:17:15,4.75,--,39,18525,买盘
725,11:17:12,4.75,0.01,57,27075,买盘
726,11:17:09,4.74,-0.01,18,8532,卖盘
727,11:17:06,4.75,0.01,15,7125,买盘
728,11:16:54,4.74,-0.01,7,3318,卖盘
729,11:16:45,4.75,0.01,16,7600,买盘
730,11:16:36,4.74,-0.01,10,4740,卖盘
731,11:16:18,4.75,0.01,1,475,买盘
732,11:16:12,4.74,--,15,7110,卖盘
733,11:15:15,4.74,-0.01,2,948,卖盘
734,11:15:12,4.75,--,5,2375,买盘
735,11:15:03,4.75,--,30,14250,买盘
736,11:15:00,4.75,0.01,31,14725,买盘
737,11:14:48,4.74,--,50,23700,卖盘
738,11:14:42,4.74,0.01,15,7110,买盘
739,11:14:36,4.73,-0.01,31,14663,卖盘
740,11:14:18,4.74,--,215,101910,买盘
741,11:13:54,4.74,--,17,8295,卖盘
742,11:13:48,4.74,--,8,4029,买盘
743,11:13:27,4.74,--,30,14220,买盘
744,11:12:45,4.74,--,7,3555,卖盘
745,11:12:42,4.74,--,20,9480,卖盘
746,11:12:30,4.74,--,10,4740,卖盘
747,11:12:27,4.74,-0.01,237,112575,卖盘
748,11:12:18,4.75,--,47,22325,买盘
749,11:11:48,4.75,--,10,4750,买盘
750,11:11:45,4.75,--,41,19874,卖盘
751,11:11:39,4.75,--,2,950,卖盘
752,11:11:36,4.75,--,26,12350,卖盘
753,11:11:24,4.75,--,97,46075,卖盘
754,11:11:18,4.75,--,10,4750,卖盘
755,11:11:12,4.75,--,5,2375,卖盘
756,11:11:06,4.75,--,3,1425,卖盘
757,11:11:00,4.75,--,51,24225,卖盘
758,11:10:33,4.75,-0.01,1,475,卖盘
759,11:10:30,4.76,0.01,5,2380,买盘
760,11:10:21,4.75,--,50,23750,卖盘
761,11:09:57,4.75,0.02,70,33326,买盘
762,11:09:48,4.73,-0.02,65,30745,卖盘
763,11:09:18,4.75,0.02,203,96425,买盘
764,11:09:12,4.73,-0.01,212,100276,卖盘
765,11:09:00,4.74,--,106,50244,买盘
766,11:08:54,4.74,--,5,2370,买盘
767,11:08:42,4.74,--,5,2370,买盘
768,11:08:39,4.74,--,5,2370,买盘
769,11:08:15,4.74,--,3,1422,买盘
770,11:08:06,4.74,--,2,948,买盘
771,11:08:03,4.74,--,2,948,买盘
772,11:07:51,4.74,--,20,9480,买盘
773,11:07:42,4.74,--,120,56880,买盘
774,11:07:36,4.74,--,7,3318,买盘
775,11:07:30,4.74,--,200,94800,买盘
776,11:07:12,4.74,--,218,103332,买盘
777,11:07:00,4.74,--,14,6636,买盘
778,11:06:54,4.74,--,430,203820,卖盘
779,11:06:27,4.74,-0.01,3,1422,卖盘
780,11:06:12,4.75,--,50,23750,买盘
781,11:06:06,4.75,0.01,2,950,买盘
782,11:05:57,4.74,-0.01,5,2370,卖盘
783,11:05:51,4.75,--,11,5225,买盘
784,11:05:45,4.75,--,368,174800,买盘
785,11:05:30,4.75,0.01,40,19000,买盘
786,11:04:57,4.74,-0.01,30,14220,卖盘
787,11:04:21,4.75,--,5,2375,买盘
788,11:03:48,4.75,0.01,65,30875,买盘
789,11:03:45,4.74,-0.01,12,5688,卖盘
790,11:03:36,4.75,--,131,62690,卖盘
791,11:03:33,4.75,--,25,11875,卖盘
792,11:03:27,4.75,--,149,70775,卖盘
793,11:03:24,4.75,-0.01,82,38950,卖盘
794,11:03:18,4.76,0.01,2,952,买盘
795,11:03:15,4.75,--,43,20425,卖盘
796,11:03:12,4.75,--,227,107825,卖盘
797,11:03:09,4.75,--,133,63175,卖盘
798,11:03:06,4.75,-0.01,26,12350,卖盘
799,11:03:03,4.76,0.01,2,952,买盘
800,11:03:00,4.75,-0.01,3,1425,卖盘
801,11:02:54,4.76,0.01,20,9520,买盘
802,11:02:48,4.75,-0.01,27,12825,卖盘
803,11:02:36,4.76,0.01,30,14280,买盘
804,11:02:33,4.75,-0.01,186,88350,卖盘
805,11:02:27,4.76,0.01,8,3808,买盘
806,11:02:21,4.75,-0.01,2,950,卖盘
807,11:02:03,4.76,--,42,19992,卖盘
808,11:02:00,4.76,--,5,2380,卖盘
809,11:01:48,4.76,--,4,1904,买盘
810,11:01:42,4.76,--,83,39508,买盘
811,11:01:33,4.76,--,20,9520,买盘
812,11:01:27,4.76,--,209,99484,买盘
813,11:01:24,4.76,--,20,9520,买盘
814,11:01:06,4.76,--,165,78540,买盘
815,11:01:00,4.76,--,45,21420,买盘
816,11:00:57,4.76,--,49,23324,买盘
817,11:00:48,4.76,--,40,19040,买盘
818,11:00:45,4.76,--,8,3808,买盘
819,11:00:39,4.76,--,518,246568,买盘
820,11:00:36,4.76,--,80,38080,买盘
821,11:00:33,4.76,--,125,59500,买盘
822,11:00:21,4.76,--,350,166600,买盘
823,11:00:09,4.76,0.01,10,4760,买盘
824,10:59:54,4.75,--,3,1425,卖盘
825,10:59:51,4.75,--,923,438434,买盘
826,10:59:48,4.75,--,50,23750,买盘
827,10:59:45,4.75,--,9,4275,买盘
828,10:59:36,4.75,0.01,9,4275,买盘
829,10:59:21,4.74,--,3,1777,买盘
830,10:59:15,4.74,--,92,43608,买盘
831,10:59:12,4.74,0.01,98,46452,买盘
832,10:59:06,4.73,-0.01,10,4730,卖盘
833,10:59:03,4.74,--,100,47400,买盘
834,10:58:48,4.74,0.01,2,948,买盘
835,10:58:42,4.73,-0.01,20,9460,卖盘
836,10:58:39,4.74,--,2,948,买盘
837,10:58:30,4.74,--,5,2370,买盘
838,10:58:12,4.74,--,126,59724,买盘
839,10:58:06,4.74,--,20,9480,买盘
840,10:57:54,4.74,--,38,18012,买盘
841,10:57:45,4.74,0.01,1,474,买盘
842,10:57:24,4.73,--,64,30272,卖盘
843,10:57:18,4.73,-0.01,38,17974,卖盘
844,10:57:03,4.74,0.01,11,5214,买盘
845,10:56:48,4.73,-0.01,1,473,卖盘
846,10:56:45,4.74,--,7,3318,买盘
847,10:56:18,4.74,0.01,20,9480,买盘
848,10:56:12,4.73,-0.01,14,6622,卖盘
849,10:56:06,4.74,0.01,41,19434,买盘
850,10:56:03,4.73,--,2,946,卖盘
851,10:55:54,4.73,-0.01,4,1892,卖盘
852,10:55:48,4.74,--,5,2370,买盘
853,10:55:21,4.74,--,5,2370,买盘
854,10:55:12,4.74,--,10,4740,买盘
855,10:54:33,4.74,--,1,474,买盘
856,10:54:21,4.74,0.01,19,9006,买盘
857,10:54:00,4.73,-0.01,24,11352,卖盘
858,10:53:57,4.74,0.01,100,47400,买盘
859,10:53:48,4.73,-0.01,40,18920,卖盘
860,10:53:45,4.74,0.01,1,474,买盘
861,10:53:36,4.73,-0.01,36,17028,卖盘
862,10:53:33,4.74,--,60,28440,买盘
863,10:53:03,4.74,0.01,30,14220,买盘
864,10:52:57,4.73,-0.01,17,8041,卖盘
865,10:52:54,4.74,--,1,474,买盘
866,10:52:51,4.74,--,10,4740,买盘
867,10:52:45,4.74,0.01,303,143622,买盘
868,10:52:42,4.73,-0.01,27,12771,卖盘
869,10:52:33,4.74,--,2,948,买盘
870,10:52:30,4.74,--,1,474,买盘
871,10:52:24,4.74,--,10,4740,买盘
872,10:52:03,4.74,--,23,10902,买盘
873,10:51:51,4.74,--,128,60672,买盘
874,10:51:48,4.74,--,4,1896,买盘
875,10:51:36,4.74,--,200,94800,买盘
876,10:51:06,4.74,--,13,6162,买盘
877,10:50:51,4.74,0.01,500,237000,买盘
878,10:50:42,4.73,--,31,15055,买盘
879,10:50:27,4.73,0.01,10,4730,买盘
880,10:50:12,4.72,-0.01,4,1888,卖盘
881,10:50:06,4.73,--,8,3864,卖盘
882,10:50:00,4.73,0.01,29,14109,买盘
883,10:49:57,4.72,-0.01,92,43424,卖盘
884,10:49:42,4.73,--,164,77572,买盘
885,10:49:33,4.73,0.01,24,11352,买盘
886,10:49:27,4.72,--,1,472,卖盘
887,10:49:06,4.72,-0.01,39,18408,卖盘
888,10:49:03,4.73,--,219,103587,买盘
889,10:48:42,4.73,--,30,14190,买盘
890,10:48:33,4.73,0.01,11,5203,买盘
891,10:48:15,4.72,-0.01,2,944,卖盘
892,10:48:09,4.73,0.01,7,3311,买盘
893,10:48:03,4.72,-0.01,2,944,卖盘
894,10:47:21,4.73,0.01,7,3311,买盘
895,10:47:18,4.72,--,23,10856,卖盘
896,10:47:15,4.72,-0.01,20,9440,卖盘
897,10:47:09,4.73,0.01,7,3311,买盘
898,10:46:39,4.72,--,92,43424,买盘
899,10:46:21,4.72,--,84,39648,买盘
900,10:46:09,4.72,--,20,9440,买盘
901,10:46:06,4.72,--,20,9440,买盘
902,10:45:39,4.72,0.01,3,1416,买盘
903,10:45:00,4.71,-0.01,1,471,卖盘
904,10:44:45,4.72,--,6,2832,买盘
905,10:44:30,4.72,0.01,20,9440,买盘
906,10:44:12,4.71,-0.01,20,9420,卖盘
907,10:43:54,4.72,0.01,16,7552,买盘
908,10:43:39,4.71,-0.01,41,19311,卖盘
909,10:42:36,4.72,0.01,111,52392,买盘
910,10:42:33,4.71,--,250,117750,卖盘
911,10:42:30,4.71,-0.01,3,1413,卖盘
912,10:42:21,4.72,--,25,11800,买盘
913,10:42:03,4.72,--,20,9440,买盘
914,10:41:51,4.72,0.01,100,47200,买盘
915,10:41:21,4.71,-0.01,3,1413,卖盘
916,10:40:36,4.72,--,38,17936,卖盘
917,10:39:54,4.72,--,2,944,卖盘
918,10:39:39,4.72,--,9,4248,卖盘
919,10:39:27,4.72,--,104,49088,卖盘
920,10:39:21,4.72,-0.01,3,1416,卖盘
921,10:38:36,4.73,0.01,3,1419,买盘
922,10:38:09,4.72,-0.01,20,9440,卖盘
923,10:38:06,4.73,0.01,123,58179,买盘
924,10:38:03,4.72,-0.01,17,8024,卖盘
925,10:37:57,4.73,--,2,946,买盘
926,10:37:42,4.73,0.01,35,16555,买盘
927,10:37:27,4.72,--,23,10856,卖盘
928,10:37:21,4.72,--,200,94400,卖盘
929,10:36:45,4.72,-0.01,3,1416,卖盘
930,10:36:39,4.73,--,9,4257,买盘
931,10:36:27,4.73,0.01,9,4257,买盘
932,10:36:18,4.72,-0.01,20,9440,卖盘
933,10:36:12,4.73,0.01,98,46354,买盘
934,10:36:09,4.72,--,4,1888,卖盘
935,10:35:57,4.72,-0.01,1,472,卖盘
936,10:35:51,4.73,--,37,17501,买盘
937,10:35:36,4.73,0.01,10,4730,买盘
938,10:35:33,4.72,--,20,9440,卖盘
939,10:35:27,4.72,-0.01,100,47200,卖盘
940,10:35:24,4.73,0.01,100,47300,买盘
941,10:35:12,4.72,-0.01,3,1416,卖盘
942,10:35:00,4.73,0.01,50,23650,买盘
943,10:34:57,4.72,--,8,3776,卖盘
944,10:34:45,4.72,-0.01,3,1416,卖盘
945,10:34:42,4.73,0.01,151,71423,买盘
946,10:34:30,4.72,-0.01,30,14160,卖盘
947,10:34:24,4.73,--,40,18920,买盘
948,10:34:03,4.73,0.01,20,9460,买盘
949,10:33:45,4.72,-0.01,2,944,卖盘
950,10:33:36,4.73,--,3,1419,买盘
951,10:33:30,4.73,0.01,50,23650,买盘
952,10:33:24,4.72,-0.01,76,35872,卖盘
953,10:33:18,4.73,--,63,29799,买盘
954,10:32:54,4.73,--,124,58652,买盘
955,10:32:39,4.73,--,5,2365,买盘
956,10:32:24,4.73,0.01,40,18920,买盘
957,10:31:54,4.72,--,3,1416,卖盘
958,10:31:48,4.72,--,1,472,卖盘
959,10:31:45,4.72,--,1,472,卖盘
960,10:31:12,4.72,--,91,42952,买盘
961,10:31:03,4.72,--,60,28320,买盘
962,10:30:54,4.72,--,873,412056,卖盘
963,10:30:48,4.72,-0.01,88,41536,卖盘
964,10:30:42,4.73,0.01,10,4730,买盘
965,10:30:24,4.72,--,12,5664,卖盘
966,10:30:06,4.72,-0.01,30,14160,卖盘
967,10:29:54,4.73,--,3,1419,买盘
968,10:29:24,4.73,--,4,1892,买盘
969,10:29:12,4.73,0.01,36,17028,买盘
970,10:29:00,4.72,-0.01,40,18880,卖盘
971,10:28:54,4.73,0.01,40,18920,买盘
972,10:28:45,4.72,-0.01,4,1888,卖盘
973,10:28:42,4.73,0.01,30,14190,买盘
974,10:28:15,4.72,--,1,472,卖盘
975,10:28:09,4.72,0.01,6,2832,买盘
976,10:28:06,4.71,-0.01,1,471,卖盘
977,10:28:03,4.72,--,20,9440,买盘
978,10:27:21,4.72,0.01,4,1888,买盘
979,10:27:12,4.71,--,150,70650,卖盘
980,10:26:45,4.71,-0.01,30,14130,卖盘
981,10:26:39,4.72,0.01,300,141600,买盘
982,10:26:27,4.71,--,20,9420,卖盘
983,10:26:18,4.71,-0.01,2,942,卖盘
984,10:26:00,4.72,0.01,7,3304,买盘
985,10:25:39,4.71,--,50,23550,卖盘
986,10:25:27,4.71,-0.01,7,3297,卖盘
987,10:25:18,4.72,0.01,215,101480,买盘
988,10:25:06,4.71,--,1,471,卖盘
989,10:24:42,4.71,--,210,98910,卖盘
990,10:24:39,4.71,--,20,9420,卖盘
991,10:24:36,4.71,0.01,242,113982,买盘
992,10:24:33,4.7,-0.01,27,12690,卖盘
993,10:24:09,4.71,--,2,942,买盘
994,10:23:36,4.71,0.01,6,2826,买盘
995,10:23:27,4.7,--,2,940,卖盘
996,10:22:48,4.7,-0.01,412,193640,卖盘
997,10:22:30,4.71,--,1,471,卖盘
998,10:21:57,4.71,--,20,9420,卖盘
999,10:21:54,4.71,--,54,25434,买盘
1000,10:21:51,4.71,--,10,4710,买盘
1001,10:21:45,4.71,0.01,25,11775,买盘
1002,10:21:36,4.7,-0.01,50,23500,卖盘
1003,10:21:24,4.71,--,10,4710,买盘
1004,10:20:57,4.71,--,114,53694,卖盘
1005,10:20:45,4.71,--,16,7536,卖盘
1006,10:19:42,4.71,-0.01,1,471,卖盘
1007,10:18:39,4.72,--,600,283200,买盘
1008,10:18:24,4.72,--,5,2360,买盘
1009,10:17:42,4.72,--,3,1416,买盘
1010,10:17:21,4.72,0.01,40,18880,买盘
1011,10:17:18,4.71,--,25,11775,卖盘
1012,10:17:06,4.71,-0.01,100,47100,卖盘
1013,10:16:51,4.72,0.01,2,944,买盘
1014,10:16:24,4.71,--,1,471,卖盘
1015,10:16:21,4.71,-0.01,298,140358,卖盘
1016,10:16:12,4.72,0.01,1,472,买盘
1017,10:15:57,4.71,-0.01,10,4710,卖盘
1018,10:15:51,4.72,--,10,4720,买盘
1019,10:15:45,4.72,0.02,3,1416,买盘
1020,10:15:27,4.7,-0.01,9,4230,卖盘
1021,10:15:24,4.71,--,96,45616,买盘
1022,10:15:21,4.71,--,10,4710,买盘
1023,10:15:12,4.71,0.01,1,471,买盘
1024,10:14:57,4.7,-0.01,4,1880,卖盘
1025,10:14:54,4.71,0.01,14,6594,买盘
1026,10:14:51,4.7,--,283,133367,买盘
1027,10:14:42,4.7,--,216,101632,卖盘
1028,10:14:12,4.7,--,16,7520,卖盘
1029,10:14:09,4.7,--,1,470,卖盘
1030,10:13:54,4.7,--,34,16337,买盘
1031,10:13:39,4.7,--,172,80952,卖盘
1032,10:13:33,4.7,--,11,5170,卖盘
1033,10:13:27,4.7,--,46,21620,卖盘
1034,10:13:18,4.7,-0.01,6,2820,卖盘
1035,10:12:57,4.71,0.01,5,2355,买盘
1036,10:12:42,4.7,--,62,29140,卖盘
1037,10:12:24,4.7,--,1,470,卖盘
1038,10:12:06,4.7,--,2,940,卖盘
1039,10:11:39,4.7,--,14,6580,卖盘
1040,10:11:27,4.7,--,100,47000,卖盘
1041,10:11:18,4.7,-0.01,9,4230,卖盘
1042,10:11:09,4.71,0.01,20,9420,买盘
1043,10:10:21,4.7,--,96,45120,卖盘
1044,10:10:12,4.7,--,10,5057,买盘
1045,10:10:00,4.7,--,41,19382,卖盘
1046,10:09:42,4.7,--,30,14100,卖盘
1047,10:09:39,4.7,-0.01,17,7990,卖盘
1048,10:09:33,4.71,--,4,1884,买盘
1049,10:09:30,4.71,0.01,1,471,买盘
1050,10:09:18,4.7,--,93,43710,卖盘
1051,10:09:06,4.7,--,5,2350,卖盘
1052,10:09:03,4.7,--,20,9400,卖盘
1053,10:09:00,4.7,--,20,9400,卖盘
1054,10:08:54,4.7,--,73,34310,卖盘
1055,10:08:45,4.7,-0.01,30,14100,卖盘
1056,10:08:42,4.71,--,3,1413,买盘
1057,10:08:03,4.71,--,10,4710,买盘
1058,10:08:00,4.71,0.01,5,2355,买盘
1059,10:07:51,4.7,--,49,23030,卖盘
1060,10:07:45,4.7,--,18,8460,卖盘
1061,10:07:27,4.7,--,15,7407,买盘
1062,10:07:24,4.7,--,24,11392,卖盘
1063,10:07:21,4.7,0.01,18,8817,买盘
1064,10:07:15,4.69,--,3,1407,卖盘
1065,10:06:57,4.69,-0.01,15,7035,卖盘
1066,10:06:42,4.7,--,35,16562,卖盘
1067,10:06:39,4.7,--,300,141000,卖盘
1068,10:06:09,4.7,-0.01,20,9400,卖盘
1069,10:05:54,4.71,--,10,4710,买盘
1070,10:05:48,4.71,--,2,942,买盘
1071,10:05:39,4.71,--,2,942,买盘
1072,10:05:06,4.71,--,102,48042,买盘
1073,10:04:54,4.71,--,34,16014,买盘
1074,10:04:48,4.71,--,6,2826,买盘
1075,10:04:45,4.71,-0.01,123,57933,卖盘
1076,10:04:36,4.72,--,88,41536,买盘
1077,10:04:33,4.72,--,25,11800,买盘
1078,10:04:21,4.72,--,10,4720,买盘
1079,10:04:15,4.72,0.01,27,12744,买盘
1080,10:03:54,4.71,--,20,9420,卖盘
1081,10:03:42,4.71,--,10,4710,卖盘
1082,10:03:24,4.71,--,2,942,卖盘
1083,10:03:21,4.71,0.01,13,6123,买盘
1084,10:03:15,4.7,-0.01,9,4230,卖盘
1085,10:03:09,4.71,0.01,59,27789,买盘
1086,10:03:03,4.7,--,80,37600,卖盘
1087,10:02:48,4.7,--,1,470,卖盘
1088,10:02:45,4.7,--,1,470,卖盘
1089,10:02:42,4.7,--,290,136300,卖盘
1090,10:02:39,4.7,--,36,17277,买盘
1091,10:02:33,4.7,--,96,45120,买盘
1092,10:02:21,4.7,--,50,23500,买盘
1093,10:02:18,4.7,0.01,65,30550,买盘
1094,10:02:09,4.69,--,2,938,卖盘
1095,10:01:42,4.69,--,17,7973,卖盘
1096,10:01:39,4.69,--,50,23450,卖盘
1097,10:01:24,4.69,--,300,140700,卖盘
1098,10:01:21,4.69,--,104,48776,卖盘
1099,10:01:18,4.69,--,1,469,卖盘
1100,10:01:12,4.69,--,20,9380,卖盘
1101,10:01:06,4.69,--,11,5159,卖盘
1102,10:00:54,4.69,-0.01,5,2345,卖盘
1103,10:00:42,4.7,0.01,15,7050,买盘
1104,10:00:36,4.69,--,39,18291,卖盘
1105,10:00:33,4.69,--,8,3925,卖盘
1106,10:00:15,4.69,--,80,37520,卖盘
1107,10:00:12,4.69,--,30,14070,卖盘
1108,10:00:06,4.69,--,50,23450,卖盘
1109,09:59:51,4.69,-0.01,90,42210,卖盘
1110,09:59:45,4.7,0.01,3,1410,买盘
1111,09:59:42,4.69,-0.01,70,32830,卖盘
1112,09:59:39,4.7,--,133,62510,买盘
1113,09:59:36,4.7,--,20,9400,买盘
1114,09:59:33,4.7,--,85,39950,买盘
1115,09:59:30,4.7,--,20,9400,买盘
1116,09:59:18,4.7,0.01,18,8460,买盘
1117,09:59:03,4.69,-0.01,32,15008,卖盘
1118,09:59:00,4.7,0.01,2,940,买盘
1119,09:58:54,4.69,--,20,9380,卖盘
1120,09:58:51,4.69,--,1,469,卖盘
1121,09:58:42,4.69,-0.01,12,5628,卖盘
1122,09:58:36,4.7,--,5,2350,买盘
1123,09:58:30,4.7,--,127,59802,卖盘
1124,09:58:27,4.7,0.01,212,99997,买盘
1125,09:58:18,4.69,--,2,938,卖盘
1126,09:58:15,4.69,-0.01,80,37520,卖盘
1127,09:58:12,4.7,--,4,1880,买盘
1128,09:58:09,4.7,0.01,10,4700,买盘
1129,09:58:06,4.69,--,5,2345,卖盘
1130,09:58:00,4.69,--,12,5628,卖盘
1131,09:57:51,4.69,--,3,1407,卖盘
1132,09:57:39,4.69,-0.01,2,938,卖盘
1133,09:57:36,4.7,0.01,29,13630,买盘
1134,09:57:33,4.69,-0.01,5,2345,卖盘
1135,09:57:30,4.7,--,50,23500,买盘
1136,09:57:27,4.7,--,21,9870,买盘
1137,09:57:24,4.7,--,2,940,买盘
1138,09:57:18,4.7,--,25,11750,买盘
1139,09:57:12,4.7,--,10,4700,买盘
1140,09:57:09,4.7,--,53,24910,买盘
1141,09:57:00,4.7,--,123,57810,买盘
1142,09:56:57,4.7,--,6,2820,买盘
1143,09:56:54,4.7,0.01,50,23500,买盘
1144,09:56:51,4.69,-0.01,49,22981,卖盘
1145,09:56:36,4.7,--,20,9400,买盘
1146,09:56:33,4.7,0.01,83,39010,买盘
1147,09:56:24,4.69,--,580,272020,卖盘
1148,09:56:21,4.69,--,10,4690,卖盘
1149,09:56:03,4.69,--,2,938,卖盘
1150,09:56:00,4.69,--,42,19698,卖盘
1151,09:55:48,4.69,--,504,236376,卖盘
1152,09:55:45,4.69,-0.01,17,7973,卖盘
1153,09:55:42,4.7,0.01,18,8460,买盘
1154,09:55:33,4.69,--,108,50652,卖盘
1155,09:55:27,4.69,--,20,9380,卖盘
1156,09:55:24,4.69,--,78,36582,卖盘
1157,09:55:15,4.69,--,8,3752,卖盘
1158,09:55:09,4.69,0.01,72,33768,买盘
1159,09:55:03,4.68,-0.01,2,936,卖盘
1160,09:55:00,4.69,--,28,13132,买盘
1161,09:54:57,4.69,--,42,19698,买盘
1162,09:54:54,4.69,--,186,87234,卖盘
1163,09:54:51,4.69,--,5,2345,卖盘
1164,09:54:48,4.69,--,200,93800,卖盘
1165,09:54:45,4.69,--,913,428197,卖盘
1166,09:54:39,4.69,--,5,2345,卖盘
1167,09:54:36,4.69,--,100,46900,卖盘
1168,09:54:30,4.69,--,68,31892,卖盘
1169,09:54:24,4.69,-0.01,73,34237,卖盘
1170,09:54:21,4.7,0.01,523,245810,买盘
1171,09:54:18,4.69,--,48,22891,卖盘
1172,09:54:15,4.69,--,1580,741020,卖盘
1173,09:54:12,4.69,--,90,42210,卖盘
1174,09:54:09,4.69,--,102,47838,卖盘
1175,09:54:06,4.69,--,11,5159,卖盘
1176,09:54:03,4.69,--,68,31892,卖盘
1177,09:53:57,4.69,--,5,2345,卖盘
1178,09:53:51,4.69,--,359,168371,卖盘
1179,09:53:48,4.69,--,99,46431,卖盘
1180,09:53:45,4.69,-0.01,197,92482,卖盘
1181,09:53:39,4.7,0.01,2,940,买盘
1182,09:53:30,4.69,-0.01,2482,1164170,卖盘
1183,09:53:27,4.7,--,8,3760,卖盘
1184,09:53:24,4.7,--,103,48410,卖盘
1185,09:53:21,4.7,--,88,41360,卖盘
1186,09:53:18,4.7,--,426,200220,卖盘
1187,09:53:12,4.7,--,321,150870,卖盘
1188,09:53:09,4.7,--,216,101520,卖盘
1189,09:53:03,4.7,--,40,18800,卖盘
1190,09:53:00,4.7,--,30,14100,卖盘
1191,09:52:57,4.7,--,180,84600,卖盘
1192,09:52:51,4.7,--,37,17390,卖盘
1193,09:52:42,4.7,--,400,188000,卖盘
1194,09:52:39,4.7,-0.01,131,61570,卖盘
1195,09:52:33,4.71,--,64,30144,卖盘
1196,09:52:30,4.71,--,5,2355,卖盘
1197,09:52:27,4.71,--,11,5181,卖盘
1198,09:52:24,4.71,--,5,2355,卖盘
1199,09:52:21,4.71,--,4,1884,卖盘
1200,09:52:15,4.71,--,87,40977,卖盘
1201,09:52:12,4.71,--,21,9891,卖盘
1202,09:52:00,4.71,--,18,8478,卖盘
1203,09:51:48,4.71,--,4,1884,卖盘
1204,09:51:45,4.71,--,150,70650,卖盘
1205,09:51:30,4.71,-0.01,46,21666,卖盘
1206,09:51:27,4.72,0.01,14,6608,买盘
1207,09:51:18,4.71,--,62,29202,卖盘
1208,09:51:15,4.71,--,35,16485,卖盘
1209,09:51:03,4.71,--,51,24021,卖盘
1210,09:50:57,4.71,--,27,12717,卖盘
1211,09:50:54,4.71,--,111,52281,卖盘
1212,09:50:45,4.71,--,5,2355,卖盘
1213,09:50:39,4.71,--,50,23550,卖盘
1214,09:50:33,4.71,--,148,69708,卖盘
1215,09:50:30,4.71,--,50,23550,卖盘
1216,09:50:21,4.71,--,5,2355,卖盘
1217,09:49:57,4.71,-0.01,700,329700,卖盘
1218,09:49:42,4.72,--,8,3776,卖盘
1219,09:49:36,4.72,--,6,2832,卖盘
1220,09:49:33,4.72,--,26,12272,卖盘
1221,09:49:30,4.72,--,30,14160,卖盘
1222,09:49:24,4.72,--,2,944,卖盘
1223,09:49:21,4.72,--,35,16520,卖盘
1224,09:49:12,4.72,--,118,55696,买盘
1225,09:49:06,4.72,0.02,50,23600,买盘
1226,09:49:03,4.7,-0.02,1972,926840,卖盘
1227,09:49:00,4.72,--,38,17936,买盘
1228,09:48:48,4.72,--,20,9440,买盘
1229,09:48:39,4.72,0.01,22,10384,买盘
1230,09:48:36,4.71,-0.01,75,35325,卖盘
1231,09:48:30,4.72,0.01,68,32096,买盘
1232,09:48:18,4.71,--,190,89490,卖盘
1233,09:48:12,4.71,-0.01,12,6009,卖盘
1234,09:48:09,4.72,--,88,41536,买盘
1235,09:47:57,4.72,--,20,9440,买盘
1236,09:47:54,4.72,0.01,3,1416,买盘
1237,09:47:45,4.71,-0.01,5,2355,卖盘
1238,09:47:36,4.72,--,314,148321,卖盘
1239,09:47:24,4.72,--,49,23128,卖盘
1240,09:47:06,4.72,--,1,830,买盘
1241,09:46:54,4.72,0.01,30,14160,买盘
1242,09:46:51,4.71,-0.01,10,4710,卖盘
1243,09:46:48,4.72,0.01,30,14160,买盘
1244,09:46:42,4.71,--,1,471,卖盘
1245,09:46:30,4.71,-0.01,100,47100,卖盘
1246,09:46:27,4.72,--,189,89321,卖盘
1247,09:46:24,4.72,--,20,9440,卖盘
1248,09:46:15,4.72,--,90,42480,卖盘
1249,09:46:12,4.72,-0.01,20,9440,卖盘
1250,09:46:09,4.73,0.01,20,9460,买盘
1251,09:46:06,4.72,--,20,9440,卖盘
1252,09:46:00,4.72,--,70,33040,卖盘
1253,09:45:57,4.72,--,6,2832,卖盘
1254,09:45:51,4.72,--,18,8496,卖盘
1255,09:45:48,4.72,--,212,100064,卖盘
1256,09:45:42,4.72,-0.01,13,6136,卖盘
1257,09:45:33,4.73,0.01,1,473,买盘
1258,09:45:21,4.72,--,10,4720,卖盘
1259,09:45:12,4.72,--,5,2360,卖盘
1260,09:45:06,4.72,--,11,5192,卖盘
1261,09:44:57,4.72,-0.01,28,13216,卖盘
1262,09:44:45,4.73,0.01,12,5676,买盘
1263,09:44:33,4.72,--,200,94400,卖盘
1264,09:44:24,4.72,--,26,12272,卖盘
1265,09:44:15,4.72,-0.01,250,118000,卖盘
1266,09:43:48,4.73,--,50,23650,买盘
1267,09:43:45,4.73,--,5,2365,买盘
1268,09:43:36,4.73,--,5,2365,买盘
1269,09:43:30,4.73,0.01,5,2365,买盘
1270,09:43:27,4.72,-0.01,12,5664,卖盘
1271,09:43:24,4.73,--,12,5676,买盘
1272,09:43:06,4.73,0.01,1,473,中性盘
1273,09:43:03,4.72,-0.01,450,212400,卖盘
1274,09:43:00,4.73,-0.01,10,4730,卖盘
1275,09:42:51,4.74,0.01,11,5214,买盘
1276,09:42:39,4.73,--,73,34888,买盘
1277,09:42:33,4.73,0.01,26,12298,买盘
1278,09:42:27,4.72,--,17,8024,卖盘
1279,09:42:21,4.72,-0.01,187,88264,卖盘
1280,09:42:12,4.73,--,20,9460,买盘
1281,09:42:03,4.73,--,8,3897,卖盘
1282,09:41:57,4.73,-0.01,100,47300,卖盘
1283,09:41:54,4.74,0.01,2,948,买盘
1284,09:41:48,4.73,--,150,70950,卖盘
1285,09:41:42,4.73,--,29,13717,卖盘
1286,09:41:30,4.73,--,4,1892,卖盘
1287,09:41:18,4.73,--,5,2365,卖盘
1288,09:41:15,4.73,--,4,1892,卖盘
1289,09:41:06,4.73,-0.01,20,9460,卖盘
1290,09:40:54,4.74,0.01,208,98592,买盘
1291,09:40:45,4.73,--,98,46354,卖盘
1292,09:40:42,4.73,--,14,6622,卖盘
1293,09:40:36,4.73,--,60,28380,卖盘
1294,09:40:21,4.73,--,20,9460,卖盘
1295,09:40:15,4.73,--,0,359,卖盘
1296,09:40:09,4.73,--,82,38786,卖盘
1297,09:39:54,4.73,-0.01,56,26488,卖盘
1298,09:39:45,4.74,--,9,4266,买盘
1299,09:39:27,4.74,--,21,9954,买盘
1300,09:39:09,4.74,0.01,10,4740,买盘
1301,09:39:00,4.73,-0.01,195,92235,卖盘
1302,09:38:48,4.74,0.01,10,4740,买盘
1303,09:38:33,4.73,-0.01,61,28853,卖盘
1304,09:38:27,4.74,--,2,948,买盘
1305,09:38:24,4.74,--,2,948,买盘
1306,09:38:21,4.74,0.01,1,474,中性盘
1307,09:38:12,4.73,-0.01,60,28380,卖盘
1308,09:38:09,4.74,--,71,33654,买盘
1309,09:38:00,4.74,--,105,49770,买盘
1310,09:37:57,4.74,--,50,23700,买盘
1311,09:37:45,4.74,--,9,4266,买盘
1312,09:37:42,4.74,-0.01,103,48822,卖盘
1313,09:37:39,4.75,--,2,950,买盘
1314,09:37:30,4.75,0.01,43,20425,买盘
1315,09:37:27,4.74,-0.01,200,94800,卖盘
1316,09:37:21,4.75,--,50,23750,买盘
1317,09:37:06,4.75,0.01,72,34200,买盘
1318,09:37:00,4.74,-0.01,16,7584,卖盘
1319,09:36:57,4.75,--,38,18050,买盘
1320,09:36:42,4.75,0.01,54,25650,买盘
1321,09:36:27,4.74,-0.01,25,11850,卖盘
1322,09:36:24,4.75,0.01,215,102125,买盘
1323,09:36:18,4.74,-0.01,34,16116,卖盘
1324,09:36:12,4.75,--,201,95475,买盘
1325,09:36:06,4.75,--,35,16625,买盘
1326,09:36:00,4.75,--,27,12825,买盘
1327,09:35:57,4.75,--,50,23750,买盘
1328,09:35:51,4.75,0.01,14,6650,买盘
1329,09:35:42,4.74,0.01,143,67782,买盘
1330,09:35:33,4.73,--,100,47300,卖盘
1331,09:35:30,4.73,0.01,659,311707,买盘
1332,09:35:27,4.72,-0.01,26,12272,卖盘
1333,09:35:24,4.73,--,3,1419,买盘
1334,09:35:21,4.73,--,2,946,买盘
1335,09:35:18,4.73,0.01,49,23177,买盘
1336,09:35:15,4.72,-0.01,10,4720,卖盘
1337,09:35:12,4.73,--,30,14190,买盘
1338,09:35:09,4.73,0.01,30,14190,买盘
1339,09:35:06,4.72,-0.01,40,18880,卖盘
1340,09:35:03,4.73,--,42,19866,买盘
1341,09:35:00,4.73,--,49,23177,买盘
1342,09:34:45,4.73,0.01,1,473,买盘
1343,09:34:39,4.72,--,79,37288,买盘
1344,09:34:33,4.72,0.01,7,3304,买盘
1345,09:34:21,4.71,-0.01,178,83838,卖盘
1346,09:34:18,4.72,0.01,12,5664,买盘
1347,09:34:12,4.71,-0.01,157,73947,卖盘
1348,09:34:06,4.72,--,30,14160,买盘
1349,09:34:03,4.72,0.01,84,39648,买盘
1350,09:33:57,4.71,-0.01,100,47100,卖盘
1351,09:33:54,4.72,--,22,10384,买盘
1352,09:33:45,4.72,--,3,1416,买盘
1353,09:33:42,4.72,0.01,45,21240,买盘
1354,09:33:39,4.71,--,10,4710,卖盘
1355,09:33:36,4.71,-0.02,47,22137,卖盘
1356,09:33:33,4.73,0.02,284,134332,买盘
1357,09:33:30,4.71,--,2,942,卖盘
1358,09:33:27,4.71,-0.01,166,78186,卖盘
1359,09:33:24,4.72,--,20,9440,买盘
1360,09:33:18,4.72,--,13,6136,买盘
1361,09:33:15,4.72,--,3,1416,买盘
1362,09:33:12,4.72,--,30,14160,买盘
1363,09:33:06,4.72,-0.01,40,18880,中性盘
1364,09:32:51,4.73,--,928,438944,买盘
1365,09:32:48,4.73,--,2,946,买盘
1366,09:32:42,4.73,--,80,37840,卖盘
1367,09:32:39,4.73,--,12,5676,卖盘
1368,09:32:30,4.73,-0.01,140,66220,卖盘
1369,09:32:12,4.74,--,12,5688,买盘
1370,09:32:06,4.74,--,27,12798,买盘
1371,09:32:03,4.74,0.01,168,79632,买盘
1372,09:32:00,4.73,--,21,9933,卖盘
1373,09:31:57,4.73,-0.01,71,33583,卖盘
1374,09:31:51,4.74,--,5,2370,买盘
1375,09:31:45,4.74,--,5,2370,买盘
1376,09:31:39,4.74,--,105,49770,买盘
1377,09:31:30,4.74,--,500,237000,买盘
1378,09:31:27,4.74,--,404,191496,买盘
1379,09:31:21,4.74,0.01,2,948,买盘
1380,09:31:18,4.73,--,16,7568,卖盘
1381,09:31:15,4.73,--,80,37840,卖盘
1382,09:31:09,4.73,--,89,42097,买盘
1383,09:31:06,4.73,--,99,46827,卖盘
1384,09:31:00,4.73,--,7,3311,卖盘
1385,09:30:57,4.73,-0.01,52,24596,卖盘
1386,09:30:51,4.74,0.01,70,33180,买盘
1387,09:30:48,4.73,--,36,17028,卖盘
1388,09:30:39,4.73,--,6,2838,卖盘
1389,09:30:33,4.73,--,3,1419,买盘
1390,09:30:30,4.73,-0.01,10,4730,卖盘
1391,09:30:27,4.74,--,12,5688,买盘
1392,09:30:24,4.74,--,10,4740,买盘
1393,09:30:21,4.74,0.01,21,9954,买盘
1394,09:30:12,4.73,--,3,1419,卖盘
1395,09:30:09,4.73,--,8,3784,卖盘
1396,09:30:06,4.73,0.02,296,140008,中性盘
1397,09:30:03,4.71,-0.01,376,177096,卖盘
1398,09:30:00,4.72,--,0,0,买盘
1399,09:25:03,4.72,4.72,916,432352,买盘
