,time,price,change,volume,amount,type
0,15:00:03,21.85,0.05,2574,5624779,买盘
1,14:57:00,21.8,-0.04,14,30520,卖盘
2,14:56:57,21.84,--,10,21840,卖盘
3,14:56:54,21.84,--,39,85176,卖盘
4,14:56:51,21.84,0.04,143,312312,买盘
5,14:56:48,21.8,-0.04,67,146060,卖盘
6,14:56:45,21.84,0.01,5,10920,买盘
7,14:56:42,21.83,-0.01,7,15280,中性盘
8,14:56:39,21.84,--,5,10920,买盘
9,14:56:36,21.84,0.04,61,133224,买盘
10,14:56:33,21.8,-0.05,29,63220,卖盘
11,14:56:30,21.85,0.02,415,906775,买盘
12,14:56:27,21.83,-0.01,22,48025,卖盘
13,14:56:24,21.84,--,10,21840,买盘
14,14:56:21,21.84,--,183,399672,卖盘
15,14:56:18,21.84,-0.01,38,82992,卖盘
16,14:56:15,21.85,0.01,3,6555,买盘
17,14:56:12,21.84,-0.01,88,192192,卖盘
18,14:56:09,21.85,--,305,666425,卖盘
19,14:56:06,21.85,--,22,48070,卖盘
20,14:56:03,21.85,--,40,87400,卖盘
21,14:56:00,21.85,--,27,58995,卖盘
22,14:55:57,21.85,--,17,37145,卖盘
23,14:55:54,21.85,-0.01,10,21850,卖盘
24,14:55:51,21.86,0.01,27,59022,买盘
25,14:55:48,21.85,--,12,26220,卖盘
26,14:55:45,21.85,--,16,34960,卖盘
27,14:55:42,21.85,0.01,292,638020,买盘
28,14:55:36,21.84,--,4,8736,卖盘
29,14:55:33,21.84,--,10,21840,卖盘
30,14:55:30,21.84,--,66,144144,卖盘
31,14:55:27,21.84,0.07,2631,5746104,买盘
32,14:55:24,21.77,--,40,88081,卖盘
33,14:55:18,21.77,--,43,93611,卖盘
34,14:55:15,21.77,--,2,4354,卖盘
35,14:55:12,21.77,--,53,115381,卖盘
36,14:55:09,21.77,--,2,4354,卖盘
37,14:55:06,21.77,0.01,9,19593,买盘
38,14:55:03,21.76,-0.01,25,54400,卖盘
39,14:55:00,21.77,--,35,76195,买盘
40,14:54:57,21.77,--,7,15239,买盘
41,14:54:54,21.77,--,1,2177,买盘
42,14:54:51,21.77,-0.01,1,2177,买盘
43,14:54:48,21.78,0.02,26,56628,买盘
44,14:54:45,21.76,--,3,6528,卖盘
45,14:54:42,21.76,-0.01,12,26112,卖盘
46,14:54:39,21.77,--,26,56602,卖盘
47,14:54:36,21.77,0.01,10,21770,买盘
48,14:54:30,21.76,--,1,2176,卖盘
49,14:54:27,21.76,--,66,143616,卖盘
50,14:54:18,21.76,-0.01,70,152320,卖盘
51,14:54:15,21.77,--,39,84903,买盘
52,14:54:12,21.77,0.01,4,8708,买盘
53,14:54:09,21.76,-0.01,9,19584,卖盘
54,14:54:03,21.77,0.01,32,69664,买盘
55,14:54:00,21.76,-0.01,3,6528,中性盘
56,14:53:54,21.77,--,69,150213,买盘
57,14:53:51,21.77,0.01,19,41363,买盘
58,14:53:45,21.76,-0.01,5,10880,卖盘
59,14:53:42,21.77,--,12,26124,买盘
60,14:53:39,21.77,--,3,6531,买盘
61,14:53:36,21.77,-0.01,82,178514,卖盘
62,14:53:33,21.78,--,9,19602,买盘
63,14:53:30,21.78,--,5,10890,买盘
64,14:53:24,21.78,0.01,6,13068,买盘
65,14:53:21,21.77,--,5,10885,卖盘
66,14:53:18,21.77,--,5,10885,卖盘
67,14:53:09,21.77,--,13,28301,卖盘
68,14:53:06,21.77,0.01,145,315665,买盘
69,14:53:03,21.76,--,14,30464,卖盘
70,14:53:00,21.76,--,1,2176,卖盘
71,14:52:54,21.76,0.01,1,2176,买盘
72,14:52:51,21.75,-0.01,278,604650,卖盘
73,14:52:45,21.76,0.01,126,274176,买盘
74,14:52:42,21.75,-0.01,85,184875,卖盘
75,14:52:36,21.76,--,35,76160,买盘
76,14:52:30,21.76,0.01,5,10880,买盘
77,14:52:27,21.75,-0.01,4,8700,卖盘
78,14:52:24,21.76,--,21,45696,买盘
79,14:52:21,21.76,--,1,2176,买盘
80,14:52:18,21.76,0.01,128,278528,买盘
81,14:52:15,21.75,-0.01,7,15225,中性盘
82,14:52:12,21.76,0.02,24,52224,买盘
83,14:52:09,21.74,--,3,6521,卖盘
84,14:52:06,21.74,-0.01,10,21740,卖盘
85,14:52:03,21.75,--,96,208843,买盘
86,14:52:00,21.75,--,11,23925,买盘
87,14:51:57,21.75,0.01,6,13050,买盘
88,14:51:54,21.74,--,45,97830,卖盘
89,14:51:51,21.74,--,413,897861,卖盘
90,14:51:39,21.74,--,55,119569,卖盘
91,14:51:36,21.74,--,1,2174,卖盘
92,14:51:33,21.74,-0.01,70,152180,卖盘
93,14:51:30,21.75,--,1,2175,买盘
94,14:51:24,21.75,--,18,39150,买盘
95,14:51:18,21.75,0.01,13,28275,买盘
96,14:51:15,21.74,-0.01,10,21740,中性盘
97,14:51:09,21.75,0.01,445,967875,买盘
98,14:51:06,21.74,-0.01,10,23870,卖盘
99,14:51:03,21.75,--,307,667725,买盘
100,14:50:54,21.75,--,5,10875,买盘
101,14:50:48,21.75,0.01,22,47850,买盘
102,14:50:45,21.74,-0.01,12,26087,卖盘
103,14:50:42,21.75,0.01,26,56550,买盘
104,14:50:39,21.74,-0.01,21,45654,卖盘
105,14:50:36,21.75,0.01,47,102225,买盘
106,14:50:33,21.74,--,54,117395,卖盘
107,14:50:30,21.74,--,1,2174,卖盘
108,14:50:27,21.74,-0.01,34,73916,卖盘
109,14:50:24,21.75,0.01,216,469800,买盘
110,14:50:15,21.74,--,78,169615,买盘
111,14:50:12,21.74,--,103,223921,买盘
112,14:50:09,21.74,--,53,115221,买盘
113,14:50:06,21.74,--,12,26087,买盘
114,14:50:03,21.74,0.01,2,4348,买盘
115,14:49:54,21.73,--,42,91266,卖盘
116,14:49:51,21.73,--,96,208608,卖盘
117,14:49:48,21.73,-0.01,11,23903,卖盘
118,14:49:45,21.74,0.01,50,108699,买盘
119,14:49:42,21.73,--,15,32595,卖盘
120,14:49:36,21.73,0.01,41,89093,买盘
121,14:49:27,21.72,--,5,10860,买盘
122,14:49:24,21.72,--,8,17376,买盘
123,14:49:21,21.72,--,8,17376,买盘
124,14:49:18,21.72,--,7,15204,卖盘
125,14:49:09,21.72,-0.02,8,17376,卖盘
126,14:49:03,21.74,0.01,23,50002,买盘
127,14:49:00,21.73,0.01,38,82574,买盘
128,14:48:54,21.72,-0.01,3,6516,中性盘
129,14:48:51,21.73,--,46,99958,买盘
130,14:48:48,21.73,--,10,21730,买盘
131,14:48:45,21.73,0.01,12,26076,买盘
132,14:48:42,21.72,-0.01,23,49956,卖盘
133,14:48:39,21.73,--,2,4346,买盘
134,14:48:33,21.73,0.01,28,60844,买盘
135,14:48:27,21.72,--,3,6516,卖盘
136,14:48:18,21.72,0.02,6,13032,买盘
137,14:48:15,21.7,-0.02,6,13020,卖盘
138,14:48:12,21.72,--,40,86880,卖盘
139,14:48:09,21.72,0.02,11,23892,买盘
140,14:48:06,21.7,-0.02,10,21700,卖盘
141,14:48:03,21.72,--,2,4344,买盘
142,14:48:00,21.72,0.02,50,108600,买盘
143,14:47:51,21.7,-0.02,11,23870,卖盘
144,14:47:48,21.72,0.02,6,13032,买盘
145,14:47:45,21.7,-0.02,1,2170,卖盘
146,14:47:36,21.72,0.02,1,2172,买盘
147,14:47:21,21.7,0.01,4,8680,买盘
148,14:47:15,21.69,-0.01,2,4338,卖盘
149,14:47:12,21.7,--,12,26040,卖盘
150,14:47:09,21.7,--,11,23870,买盘
151,14:47:03,21.7,0.01,20,43400,买盘
152,14:47:00,21.69,-0.01,4,8676,卖盘
153,14:46:57,21.7,--,1,2170,买盘
154,14:46:54,21.7,--,25,54250,卖盘
155,14:46:48,21.7,--,5,10850,卖盘
156,14:46:45,21.7,--,104,225680,卖盘
157,14:46:30,21.7,-0.02,55,119350,卖盘
158,14:46:27,21.72,0.02,5,10860,买盘
159,14:46:24,21.7,-0.02,3,6510,卖盘
160,14:46:21,21.72,--,14,30408,买盘
161,14:46:18,21.72,--,1,2172,买盘
162,14:46:12,21.72,-0.01,2,4344,买盘
163,14:46:03,21.73,0.01,30,65190,买盘
164,14:46:00,21.72,--,13,28236,买盘
165,14:45:42,21.72,--,19,42115,卖盘
166,14:45:39,21.72,--,30,65160,卖盘
167,14:45:36,21.72,--,1,2172,卖盘
168,14:45:30,21.72,--,3,7840,买盘
169,14:45:24,21.72,--,5,10860,买盘
170,14:45:18,21.72,--,21,45612,买盘
171,14:45:15,21.72,--,3,7363,卖盘
172,14:45:12,21.72,--,13,29560,卖盘
173,14:45:09,21.72,--,103,223716,卖盘
174,14:45:00,21.72,0.02,1,2172,买盘
175,14:44:57,21.7,-0.03,5,10850,卖盘
176,14:44:45,21.73,0.01,7,15211,买盘
177,14:44:42,21.72,--,5,10860,买盘
178,14:44:33,21.72,-0.01,10,21720,卖盘
179,14:44:30,21.73,0.03,1,2173,买盘
180,14:44:27,21.7,-0.03,161,349370,卖盘
181,14:44:21,21.73,--,5,10865,买盘
182,14:44:18,21.73,0.01,2,4346,买盘
183,14:44:15,21.72,--,5,10860,卖盘
184,14:44:12,21.72,--,5,10860,卖盘
185,14:44:09,21.72,-0.01,5,10860,卖盘
186,14:44:03,21.73,--,5,10865,买盘
187,14:43:57,21.73,0.01,25,55172,买盘
188,14:43:54,21.72,-0.01,9,19548,卖盘
189,14:43:51,21.73,0.01,1,2173,中性盘
190,14:43:45,21.72,-0.01,40,86880,卖盘
191,14:43:39,21.73,-0.01,28,60844,买盘
192,14:43:33,21.74,--,5,10870,买盘
193,14:43:30,21.74,--,10,21740,买盘
194,14:43:27,21.74,0.02,10,21740,买盘
195,14:43:24,21.72,-0.01,14,30408,卖盘
196,14:43:21,21.73,--,7,15211,卖盘
197,14:43:18,21.73,--,5,10865,卖盘
198,14:43:12,21.73,0.01,1,2173,卖盘
199,14:43:09,21.72,--,3,6516,卖盘
200,14:43:06,21.72,--,68,147696,卖盘
201,14:43:00,21.72,--,3,6516,卖盘
202,14:42:54,21.72,--,6,13032,卖盘
203,14:42:51,21.72,--,10,21720,卖盘
204,14:42:42,21.72,-0.02,7,15204,卖盘
205,14:42:36,21.74,--,20,43480,买盘
206,14:42:33,21.74,0.02,3,6521,买盘
207,14:42:24,21.72,--,2,4344,卖盘
208,14:42:21,21.72,-0.02,20,43440,卖盘
209,14:42:18,21.74,--,134,291316,卖盘
210,14:42:15,21.74,0.02,7,15217,买盘
211,14:42:12,21.72,-0.02,4,8688,卖盘
212,14:42:09,21.74,--,27,58697,买盘
213,14:42:00,21.74,0.02,2,4348,买盘
214,14:41:57,21.72,--,10,21720,卖盘
215,14:41:54,21.72,-0.03,1,2172,卖盘
216,14:41:51,21.75,0.01,5,10875,买盘
217,14:41:48,21.74,--,8,17392,卖盘
218,14:41:42,21.74,--,1,2174,卖盘
219,14:41:39,21.74,0.02,14,30435,中性盘
220,14:41:36,21.72,--,3,6516,卖盘
221,14:41:33,21.72,--,131,285856,卖盘
222,14:41:30,21.72,--,10,21720,卖盘
223,14:41:27,21.72,--,5,10860,卖盘
224,14:41:21,21.72,0.01,1,2172,买盘
225,14:41:18,21.71,-0.01,14,30394,卖盘
226,14:41:15,21.72,0.01,11,23892,买盘
227,14:41:09,21.71,--,8,17368,卖盘
228,14:41:00,21.71,--,7,15197,卖盘
229,14:40:48,21.71,--,42,91182,卖盘
230,14:40:39,21.71,--,8,17368,卖盘
231,14:40:33,21.71,0.01,16,34736,买盘
232,14:40:30,21.7,-0.01,5,10850,卖盘
233,14:40:27,21.71,--,4,8684,买盘
234,14:40:24,21.71,--,5,10855,买盘
235,14:40:21,21.71,--,4,8684,买盘
236,14:40:15,21.71,--,10,21710,买盘
237,14:40:12,21.71,0.01,10,21710,买盘
238,14:40:09,21.7,--,3,6510,卖盘
239,14:40:03,21.7,--,10,21700,卖盘
240,14:40:00,21.7,--,2,4340,卖盘
241,14:39:57,21.7,-0.01,35,75950,卖盘
242,14:39:54,21.71,0.01,5,10855,买盘
243,14:39:51,21.7,--,24,52080,卖盘
244,14:39:48,21.7,--,13,28210,卖盘
245,14:39:45,21.7,-0.01,10,21700,卖盘
246,14:39:42,21.71,0.01,20,43420,买盘
247,14:39:39,21.7,-0.01,10,21700,卖盘
248,14:39:30,21.71,--,19,41249,买盘
249,14:39:27,21.71,-0.03,85,184535,卖盘
250,14:39:18,21.74,0.03,20,43480,买盘
251,14:39:12,21.71,-0.03,4,8684,卖盘
252,14:39:09,21.74,0.03,5,10870,中性盘
253,14:39:06,21.71,-0.04,5,10855,卖盘
254,14:39:00,21.75,--,5,10875,买盘
255,14:38:54,21.75,-0.01,15,33712,卖盘
256,14:38:51,21.76,0.01,37,80512,买盘
257,14:38:48,21.75,--,7,15225,卖盘
258,14:38:42,21.75,--,10,21750,卖盘
259,14:38:36,21.75,--,7,15225,卖盘
260,14:38:27,21.75,--,13,28275,卖盘
261,14:38:21,21.75,-0.01,70,152250,卖盘
262,14:38:18,21.76,--,23,50048,买盘
263,14:38:12,21.76,--,11,23936,买盘
264,14:38:09,21.76,--,60,130560,买盘
265,14:38:06,21.76,0.01,4,8704,买盘
266,14:38:00,21.75,--,5,10875,卖盘
267,14:37:57,21.75,--,2,4350,卖盘
268,14:37:51,21.75,-0.01,10,21750,卖盘
269,14:37:48,21.76,0.01,69,150144,买盘
270,14:37:45,21.75,--,71,155512,买盘
271,14:37:36,21.75,--,35,76125,买盘
272,14:37:24,21.75,--,5,10875,买盘
273,14:37:12,21.75,0.01,30,65250,买盘
274,14:37:09,21.74,0.02,60,130439,买盘
275,14:37:06,21.72,0.01,61,132492,买盘
276,14:36:57,21.71,0.04,69,149799,买盘
277,14:36:54,21.67,-0.01,28,60676,卖盘
278,14:36:51,21.68,0.02,10,21680,中性盘
279,14:36:45,21.66,-0.01,305,660630,卖盘
280,14:36:39,21.67,--,7,15169,买盘
281,14:36:36,21.67,--,2,4334,买盘
282,14:36:33,21.67,--,5,10835,买盘
283,14:36:30,21.67,--,5,10835,买盘
284,14:36:27,21.67,--,5,10835,买盘
285,14:36:24,21.67,--,11,23837,买盘
286,14:36:21,21.67,--,2,4334,买盘
287,14:36:18,21.67,0.01,2,4334,买盘
288,14:36:15,21.66,--,1,2166,卖盘
289,14:36:12,21.66,--,3,6498,买盘
290,14:36:09,21.66,--,13,28158,买盘
291,14:36:03,21.66,0.01,20,43320,买盘
292,14:35:36,21.65,--,19,41135,买盘
293,14:35:27,21.65,--,4,8660,买盘
294,14:35:24,21.65,--,30,64949,买盘
295,14:35:21,21.65,--,3,6495,买盘
296,14:35:12,21.65,--,3,6495,买盘
297,14:35:09,21.65,--,26,56289,卖盘
298,14:35:03,21.65,-0.01,5,10825,卖盘
299,14:35:00,21.66,0.01,1,2166,买盘
300,14:34:39,21.65,--,20,43300,卖盘
301,14:34:36,21.65,-0.01,16,34640,卖盘
302,14:34:33,21.66,0.01,15,32490,买盘
303,14:34:30,21.65,-0.01,12,25980,卖盘
304,14:34:21,21.66,--,3,6498,买盘
305,14:34:09,21.66,--,10,21660,买盘
306,14:34:06,21.66,--,7,15162,买盘
307,14:34:03,21.66,--,30,64980,卖盘
308,14:33:57,21.66,--,1,2166,卖盘
309,14:33:54,21.66,--,9,19494,卖盘
310,14:33:48,21.66,--,3,6498,卖盘
311,14:33:45,21.66,--,5,10830,卖盘
312,14:33:39,21.66,-0.01,25,54150,卖盘
313,14:33:36,21.67,--,6,13002,买盘
314,14:33:24,21.67,-0.02,24,52008,卖盘
315,14:33:21,21.69,0.01,10,21690,买盘
316,14:33:12,21.68,--,11,23848,买盘
317,14:33:09,21.68,--,4,8672,买盘
318,14:32:57,21.68,-0.01,8,17344,中性盘
319,14:32:51,21.69,0.02,1,2169,买盘
320,14:32:48,21.67,-0.02,4,8668,卖盘
321,14:32:39,21.69,--,2,4338,买盘
322,14:32:36,21.69,0.02,5,10845,买盘
323,14:32:30,21.67,--,45,97515,买盘
324,14:32:27,21.67,-0.01,13,28171,买盘
325,14:32:18,21.68,0.01,118,255824,中性盘
326,14:32:06,21.67,-0.02,10,21670,卖盘
327,14:32:00,21.69,0.02,6,13014,买盘
328,14:31:51,21.67,-0.01,56,121352,卖盘
329,14:31:45,21.68,-0.01,2,4336,中性盘
330,14:31:39,21.69,--,6,13014,卖盘
331,14:31:33,21.69,--,41,88929,买盘
332,14:31:30,21.69,--,6,13014,买盘
333,14:31:24,21.69,--,22,47718,买盘
334,14:31:18,21.69,-0.01,17,36873,卖盘
335,14:31:09,21.7,--,8,17360,买盘
336,14:31:06,21.7,0.01,5,10850,买盘
337,14:31:03,21.69,--,4,8676,中性盘
338,14:30:54,21.69,--,13,28197,买盘
339,14:30:51,21.69,--,10,21690,买盘
340,14:30:45,21.69,0.01,68,147492,买盘
341,14:30:42,21.68,-0.01,16,34688,中性盘
342,14:30:33,21.69,0.01,30,65070,买盘
343,14:30:24,21.68,-0.01,4,8672,卖盘
344,14:30:18,21.69,0.01,33,71577,买盘
345,14:30:00,21.68,0.02,160,346880,买盘
346,14:29:54,21.66,--,10,21660,买盘
347,14:29:51,21.66,0.01,9,19494,买盘
348,14:29:27,21.65,--,20,43300,买盘
349,14:29:21,21.65,--,45,97425,买盘
350,14:29:06,21.65,0.01,5,10825,买盘
351,14:28:45,21.64,--,20,43388,买盘
352,14:28:42,21.64,--,3,6492,买盘
353,14:28:36,21.64,0.01,1,2164,买盘
354,14:28:33,21.63,--,8,17304,卖盘
355,14:28:30,21.63,--,5,10815,卖盘
356,14:28:21,21.63,--,20,43260,卖盘
357,14:28:18,21.63,--,4,8652,卖盘
358,14:28:15,21.63,--,2,4326,卖盘
359,14:28:09,21.63,--,4,8652,卖盘
360,14:27:57,21.63,--,3,6489,卖盘
361,14:27:51,21.63,--,4,8652,卖盘
362,14:27:48,21.63,--,5,10815,卖盘
363,14:27:36,21.63,--,14,30282,卖盘
364,14:27:33,21.63,-0.01,179,387177,卖盘
365,14:27:06,21.64,--,1,2164,买盘
366,14:26:54,21.64,--,2,4328,买盘
367,14:26:51,21.64,--,18,41007,卖盘
368,14:26:39,21.64,--,81,175392,买盘
369,14:26:27,21.64,--,18,41007,卖盘
370,14:26:15,21.64,--,10,21640,卖盘
371,14:26:03,21.64,0.01,6,13092,买盘
372,14:26:00,21.63,-0.01,10,21630,卖盘
373,14:25:48,21.64,0.01,2,4328,买盘
374,14:25:24,21.63,--,8,17304,卖盘
375,14:25:00,21.63,--,10,21630,卖盘
376,14:24:48,21.63,--,3,6489,卖盘
377,14:24:45,21.63,0.01,36,77868,买盘
378,14:24:42,21.62,-0.01,10,21620,卖盘
379,14:24:30,21.63,--,6,12978,买盘
380,14:24:24,21.63,--,10,21630,买盘
381,14:24:03,21.63,0.01,2,4326,买盘
382,14:24:00,21.62,--,42,90804,卖盘
383,14:23:51,21.62,--,2,4324,卖盘
384,14:23:42,21.62,--,2,4324,卖盘
385,14:23:33,21.62,-0.01,20,43240,卖盘
386,14:23:27,21.63,--,6,12978,买盘
387,14:23:24,21.63,0.01,15,32445,买盘
388,14:23:21,21.62,-0.01,13,28106,卖盘
389,14:23:18,21.63,0.01,10,21630,买盘
390,14:23:03,21.62,-0.01,1,2162,卖盘
391,14:23:00,21.63,0.01,1,2163,中性盘
392,14:22:54,21.62,-0.01,4,8648,卖盘
393,14:22:48,21.63,0.01,27,58401,买盘
394,14:22:39,21.62,-0.02,290,626980,卖盘
395,14:22:12,21.64,--,1,4219,卖盘
396,14:22:03,21.64,0.02,8,17420,买盘
397,14:21:57,21.62,-0.02,3,6486,卖盘
398,14:21:51,21.64,0.02,1,2164,买盘
399,14:21:42,21.62,--,80,172960,买盘
400,14:21:21,21.62,--,1,2162,买盘
401,14:21:15,21.62,--,3,6486,卖盘
402,14:21:06,21.62,--,2,4324,卖盘
403,14:20:57,21.62,--,4,8648,卖盘
404,14:20:51,21.62,-0.02,1,2162,卖盘
405,14:20:45,21.64,--,2,4328,买盘
406,14:20:39,21.64,-0.01,36,78380,卖盘
407,14:20:36,21.65,-0.01,20,43300,买盘
408,14:20:30,21.66,--,10,21660,卖盘
409,14:20:15,21.66,-0.01,7,15162,卖盘
410,14:20:12,21.67,0.02,28,60676,买盘
411,14:20:09,21.65,--,12,25980,卖盘
412,14:20:06,21.65,-0.01,3,6495,卖盘
413,14:20:03,21.66,0.01,5,10830,买盘
414,14:19:39,21.65,0.01,7,15154,买盘
415,14:19:30,21.64,--,9,21163,卖盘
416,14:19:27,21.64,0.01,3,6492,买盘
417,14:19:06,21.63,0.01,16,34608,买盘
418,14:19:03,21.62,0.02,2,4324,卖盘
419,14:19:00,21.6,-0.01,12,25920,卖盘
420,14:18:57,21.61,0.01,1,2161,买盘
421,14:18:36,21.6,0.03,35,75600,买盘
422,14:18:21,21.57,-0.02,25,53925,卖盘
423,14:18:12,21.59,-0.01,10,21590,卖盘
424,14:18:09,21.6,0.03,31,68040,买盘
425,14:17:54,21.57,-0.01,14,30198,买盘
426,14:17:51,21.58,--,1,2158,卖盘
427,14:17:48,21.58,0.02,23,49633,买盘
428,14:17:45,21.56,-0.02,9,19447,卖盘
429,14:17:39,21.58,--,1,2158,买盘
430,14:17:36,21.58,--,2,4316,买盘
431,14:17:33,21.58,-0.01,1,2158,卖盘
432,14:17:27,21.59,0.01,50,107950,买盘
433,14:17:24,21.58,-0.01,13,28053,卖盘
434,14:17:09,21.59,--,7,16192,卖盘
435,14:17:06,21.59,--,11,23749,卖盘
436,14:17:03,21.59,--,1,2159,卖盘
437,14:17:00,21.59,--,40,86360,卖盘
438,14:16:57,21.59,--,5,10795,卖盘
439,14:16:54,21.59,--,37,79883,卖盘
440,14:16:51,21.59,--,6,14033,卖盘
441,14:16:48,21.59,--,1,2159,卖盘
442,14:16:42,21.59,-0.01,15,32385,中性盘
443,14:16:36,21.6,--,15,32400,买盘
444,14:16:27,21.6,--,3,6480,买盘
445,14:16:21,21.6,-0.01,12,25920,卖盘
446,14:16:12,21.61,0.01,18,38898,买盘
447,14:16:06,21.6,--,39,84240,卖盘
448,14:16:03,21.6,--,10,21600,卖盘
449,14:16:00,21.6,-0.01,7,15120,卖盘
450,14:15:57,21.61,--,13,28093,卖盘
451,14:15:54,21.61,--,15,32415,卖盘
452,14:15:51,21.61,-0.01,3,6483,卖盘
453,14:15:48,21.62,--,17,36754,买盘
454,14:15:45,21.62,--,2,4324,买盘
455,14:15:42,21.62,-0.01,181,391322,卖盘
456,14:15:39,21.63,-0.02,52,112476,卖盘
457,14:15:30,21.65,-0.01,1,2165,卖盘
458,14:15:27,21.66,--,10,22136,卖盘
459,14:15:21,21.66,--,12,25992,卖盘
460,14:15:18,21.66,--,9,19494,卖盘
461,14:15:15,21.66,--,1,2166,卖盘
462,14:15:12,21.66,--,1,2166,卖盘
463,14:15:09,21.66,--,1,2166,卖盘
464,14:15:03,21.66,-0.02,9,20338,卖盘
465,14:15:00,21.68,--,3,7349,卖盘
466,14:14:54,21.68,-0.01,6,13008,卖盘
467,14:14:51,21.69,--,2,4338,卖盘
468,14:14:48,21.69,0.01,10,21690,买盘
469,14:14:45,21.68,--,10,21680,卖盘
470,14:14:39,21.68,--,13,28184,卖盘
471,14:14:36,21.68,--,8,17820,买盘
472,14:14:30,21.68,0.01,3,6504,买盘
473,14:14:27,21.67,-0.01,8,17336,卖盘
474,14:14:24,21.68,--,5,10840,买盘
475,14:14:12,21.68,0.01,11,23848,买盘
476,14:14:09,21.67,--,18,39006,卖盘
477,14:13:54,21.67,--,1,2167,卖盘
478,14:13:48,21.67,-0.01,15,32505,卖盘
479,14:13:36,21.68,0.01,7,15176,买盘
480,14:13:21,21.67,--,6,13847,买盘
481,14:13:18,21.67,0.01,21,45507,买盘
482,14:13:09,21.66,--,99,214434,卖盘
483,14:13:00,21.66,--,5,10830,卖盘
484,14:12:45,21.66,--,1,3010,买盘
485,14:12:36,21.66,--,5,10830,买盘
486,14:12:24,21.66,0.02,30,64980,买盘
487,14:12:15,21.64,0.01,2,4328,中性盘
488,14:12:00,21.63,-0.03,1,2163,卖盘
489,14:11:57,21.66,0.03,28,60648,买盘
490,14:11:54,21.63,0.01,8,17304,买盘
491,14:11:48,21.62,--,11,23782,卖盘
492,14:11:45,21.62,--,8,17296,卖盘
493,14:11:42,21.62,--,10,21620,卖盘
494,14:11:36,21.62,--,10,21620,卖盘
495,14:11:33,21.62,--,2,4324,中性盘
496,14:11:18,21.62,--,30,64860,卖盘
497,14:11:06,21.62,--,20,43240,卖盘
498,14:11:00,21.62,--,2,4324,卖盘
499,14:10:57,21.62,--,6,12972,买盘
500,14:10:51,21.62,--,44,95128,卖盘
501,14:10:48,21.62,-0.01,13,28106,卖盘
502,14:10:33,21.63,-0.01,20,43260,卖盘
503,14:10:21,21.64,--,1,2164,卖盘
504,14:10:18,21.64,--,10,21640,买盘
505,14:10:09,21.64,--,2,4328,买盘
506,14:10:06,21.64,-0.02,7,15148,卖盘
507,14:09:57,21.66,--,3,6498,买盘
508,14:09:51,21.66,0.01,5,10830,买盘
509,14:09:45,21.65,-0.01,6,12990,卖盘
510,14:09:36,21.66,--,18,38988,买盘
511,14:09:27,21.66,-0.01,7,16483,卖盘
512,14:09:24,21.67,0.01,6,13002,买盘
513,14:09:09,21.66,--,2,4332,卖盘
514,14:09:06,21.66,--,5,11674,买盘
515,14:09:00,21.66,--,5,10830,买盘
516,14:08:54,21.66,--,2,4332,买盘
517,14:08:48,21.66,--,3,6498,买盘
518,14:08:45,21.66,-0.01,11,25147,卖盘
519,14:08:42,21.67,0.01,10,21670,买盘
520,14:08:24,21.66,--,5,10830,卖盘
521,14:08:18,21.66,0.01,33,72322,买盘
522,14:08:15,21.65,0.01,7,15154,买盘
523,14:08:12,21.64,-0.01,3,7812,卖盘
524,14:08:09,21.65,--,15,33319,买盘
525,14:08:06,21.65,--,26,57610,卖盘
526,14:07:57,21.65,--,1,3009,买盘
527,14:07:54,21.65,--,15,32474,买盘
528,14:07:51,21.65,-0.01,83,181015,卖盘
529,14:07:42,21.66,-0.01,64,138624,卖盘
530,14:07:39,21.67,--,5,10835,买盘
531,14:07:36,21.67,--,19,41173,卖盘
532,14:07:30,21.67,0.01,1,2167,中性盘
533,14:07:21,21.66,--,4,8664,卖盘
534,14:07:18,21.66,0.01,4,8664,中性盘
535,14:07:12,21.65,--,1,2165,卖盘
536,14:06:54,21.65,-0.02,179,388379,卖盘
537,14:06:36,21.67,-0.01,10,21670,卖盘
538,14:06:21,21.68,--,0,1691,卖盘
539,14:06:18,21.68,--,0,476,买盘
540,14:06:06,21.68,-0.01,9,21203,卖盘
541,14:06:00,21.69,--,4,8676,买盘
542,14:05:57,21.69,--,7,15183,买盘
543,14:05:54,21.69,0.01,10,21690,买盘
544,14:05:45,21.68,-0.01,10,21680,卖盘
545,14:05:27,21.69,-0.01,18,39042,卖盘
546,14:05:24,21.7,--,10,21700,买盘
547,14:05:09,21.7,0.01,1,2170,买盘
548,14:05:06,21.69,--,5,10845,卖盘
549,14:05:03,21.69,-0.01,2,4338,卖盘
550,14:04:54,21.7,--,2,4340,买盘
551,14:04:48,21.7,--,3,6510,买盘
552,14:04:24,21.7,0.02,1,2170,买盘
553,14:04:18,21.68,--,2,4336,卖盘
554,14:04:15,21.68,--,1,2168,卖盘
555,14:04:12,21.68,--,3,6504,卖盘
556,14:04:09,21.68,-0.02,4,8672,卖盘
557,14:04:06,21.7,0.02,3,6510,买盘
558,14:04:03,21.68,--,0,476,卖盘
559,14:03:51,21.68,0.01,1,2168,买盘
560,14:03:45,21.67,--,1,2167,卖盘
561,14:03:42,21.67,--,2,4334,卖盘
562,14:03:33,21.67,--,1,2167,买盘
563,14:03:30,21.67,--,6,13002,卖盘
564,14:03:15,21.67,0.01,2,4334,买盘
565,14:03:00,21.66,--,9,19494,卖盘
566,14:02:54,21.66,-0.01,5,10830,卖盘
567,14:02:48,21.67,-0.03,14,30338,卖盘
568,14:02:33,21.7,--,2,4340,买盘
569,14:02:18,21.7,-0.01,3,6510,卖盘
570,14:02:06,21.71,--,9,19539,卖盘
571,14:01:51,21.71,-0.01,73,158483,卖盘
572,14:01:48,21.72,0.01,4,8688,中性盘
573,14:01:42,21.71,-0.03,9,19539,卖盘
574,14:01:36,21.74,--,4,8696,买盘
575,14:01:24,21.74,-0.01,1,2174,中性盘
576,14:01:12,21.75,0.01,100,217500,买盘
577,14:01:09,21.74,--,3,6521,买盘
578,14:01:03,21.74,--,2,4348,买盘
579,14:00:39,21.74,0.02,54,117395,买盘
580,14:00:36,21.72,0.01,4,8688,买盘
581,14:00:24,21.71,--,4,8684,卖盘
582,14:00:09,21.71,0.01,26,56446,买盘
583,13:59:54,21.7,-0.04,4,8680,买盘
584,13:59:48,21.74,0.07,129,280446,买盘
585,13:59:42,21.67,-0.05,94,203698,卖盘
586,13:59:39,21.72,0.01,20,43440,买盘
587,13:59:33,21.71,-0.01,8,17368,中性盘
588,13:59:24,21.72,0.02,10,21720,买盘
589,13:59:09,21.7,-0.02,6,13020,卖盘
590,13:59:06,21.72,0.02,2,4344,买盘
591,13:59:03,21.7,--,3,6510,卖盘
592,13:59:00,21.7,-0.02,2,4340,卖盘
593,13:58:57,21.72,--,3,6516,买盘
594,13:58:48,21.72,0.01,4,8688,买盘
595,13:58:45,21.71,--,12,26052,买盘
596,13:58:33,21.71,--,3,6513,卖盘
597,13:58:27,21.71,-0.01,10,21710,卖盘
598,13:58:24,21.72,--,2,4344,买盘
599,13:58:03,21.72,-0.02,3,6516,卖盘
600,13:57:54,21.74,0.02,5,10870,买盘
601,13:57:51,21.72,-0.03,1,2172,卖盘
602,13:57:48,21.75,0.01,30,65250,买盘
603,13:57:42,21.74,--,27,58697,买盘
604,13:57:39,21.74,--,2,4348,买盘
605,13:57:33,21.74,--,23,50002,买盘
606,13:57:30,21.74,-0.01,17,36958,卖盘
607,13:57:27,21.75,-0.01,3,6525,中性盘
608,13:57:21,21.76,0.01,100,217600,买盘
609,13:57:18,21.75,-0.01,14,30450,卖盘
610,13:57:12,21.76,0.01,1,2176,买盘
611,13:57:09,21.75,--,2,4350,卖盘
612,13:57:06,21.75,0.01,27,58725,买盘
613,13:57:03,21.74,-0.01,8,17392,卖盘
614,13:56:57,21.75,0.01,18,39150,买盘
615,13:56:54,21.74,-0.01,15,32609,卖盘
616,13:56:51,21.75,--,10,21750,买盘
617,13:56:48,21.75,0.01,42,91350,买盘
618,13:56:45,21.74,-0.01,3,6521,卖盘
619,13:56:42,21.75,--,3,6525,买盘
620,13:56:39,21.75,0.01,40,87000,买盘
621,13:56:36,21.74,-0.01,2,4348,卖盘
622,13:56:30,21.75,0.01,59,128325,买盘
623,13:56:24,21.74,--,10,21740,买盘
624,13:56:21,21.74,--,55,119569,买盘
625,13:56:15,21.74,--,4,8696,买盘
626,13:56:06,21.74,0.02,54,117395,买盘
627,13:56:03,21.72,0.02,20,43440,买盘
628,13:55:51,21.7,--,5,10871,买盘
629,13:55:42,21.7,--,1,2170,买盘
630,13:55:39,21.7,--,143,310310,买盘
631,13:55:33,21.7,--,2,4340,买盘
632,13:55:27,21.7,--,7,15190,买盘
633,13:55:24,21.7,--,16,34720,买盘
634,13:55:15,21.7,--,5,10850,买盘
635,13:55:12,21.7,--,10,21700,买盘
636,13:55:06,21.7,0.01,4,8680,买盘
637,13:54:51,21.69,--,6,13014,买盘
638,13:54:48,21.69,--,4,8676,卖盘
639,13:54:36,21.69,--,1,2169,卖盘
640,13:54:33,21.69,0.04,1,2169,买盘
641,13:54:21,21.65,-0.02,59,127734,卖盘
642,13:54:00,21.67,-0.02,2,4334,卖盘
643,13:53:57,21.69,--,5,10845,买盘
644,13:53:33,21.69,--,1,2169,买盘
645,13:53:15,21.69,0.02,5,10845,卖盘
646,13:53:06,21.67,-0.03,1,2167,中性盘
647,13:52:45,21.7,0.05,22,47740,买盘
648,13:52:33,21.65,-0.05,10,21650,卖盘
649,13:52:30,21.7,--,5,10850,买盘
650,13:52:18,21.7,--,215,466550,买盘
651,13:52:00,21.7,0.04,189,410130,买盘
652,13:51:57,21.66,--,2,4332,买盘
653,13:51:54,21.66,--,2,4332,买盘
654,13:51:51,21.66,--,4,8664,卖盘
655,13:51:45,21.66,-0.01,10,21660,卖盘
656,13:51:09,21.67,--,1,2167,买盘
657,13:51:00,21.67,--,2,4334,买盘
658,13:50:51,21.67,0.01,29,62843,买盘
659,13:50:39,21.66,--,3,6498,卖盘
660,13:50:30,21.66,--,10,21660,卖盘
661,13:50:27,21.66,--,2,4332,卖盘
662,13:50:24,21.66,-0.01,3,6498,卖盘
663,13:50:03,21.67,--,10,21670,买盘
664,13:49:51,21.67,--,10,21670,买盘
665,13:49:42,21.67,-0.01,7,15169,卖盘
666,13:49:33,21.68,--,20,43360,买盘
667,13:49:30,21.68,--,28,60704,卖盘
668,13:49:21,21.68,--,5,10840,卖盘
669,13:49:15,21.68,--,22,47696,卖盘
670,13:49:12,21.68,--,2,4336,卖盘
671,13:49:06,21.68,--,4,8672,卖盘
672,13:48:57,21.68,--,5,10840,卖盘
673,13:48:42,21.68,-0.02,5,10840,卖盘
674,13:48:36,21.7,0.01,49,106330,买盘
675,13:48:30,21.69,--,2,4338,卖盘
676,13:48:27,21.69,-0.01,28,60732,卖盘
677,13:48:24,21.7,0.01,1,2170,买盘
678,13:48:21,21.69,-0.01,13,28197,卖盘
679,13:48:00,21.7,-0.01,24,54228,卖盘
680,13:47:57,21.71,--,5,10855,买盘
681,13:47:48,21.71,0.01,1,2171,买盘
682,13:47:45,21.7,-0.01,8,17360,卖盘
683,13:47:39,21.71,0.01,11,23881,买盘
684,13:47:33,21.7,--,7,15190,卖盘
685,13:47:24,21.7,0.01,52,112861,买盘
686,13:47:15,21.69,--,4,10823,卖盘
687,13:47:09,21.69,-0.02,2,4338,卖盘
688,13:47:06,21.71,0.02,10,21710,买盘
689,13:47:03,21.69,--,20,43380,卖盘
690,13:46:54,21.69,--,1,2169,卖盘
691,13:46:48,21.69,-0.04,1,2169,卖盘
692,13:46:39,21.73,0.04,2,4346,买盘
693,13:46:36,21.69,-0.02,30,65070,卖盘
694,13:46:33,21.71,-0.02,30,65130,卖盘
695,13:46:30,21.73,--,15,32595,买盘
696,13:46:21,21.73,--,5,10865,买盘
697,13:46:18,21.73,--,14,30422,买盘
698,13:46:15,21.73,0.01,17,36941,买盘
699,13:46:09,21.72,--,5,10860,卖盘
700,13:46:06,21.72,--,3,6516,卖盘
701,13:46:03,21.72,-0.01,22,47784,卖盘
702,13:46:00,21.73,--,12,26076,卖盘
703,13:45:57,21.73,--,4,8692,卖盘
704,13:45:54,21.73,0.01,31,67363,买盘
705,13:45:51,21.72,-0.01,18,39096,中性盘
706,13:45:42,21.73,0.01,43,93439,买盘
707,13:45:39,21.72,--,53,115116,卖盘
708,13:45:36,21.72,--,5,10860,卖盘
709,13:45:33,21.72,--,9,19548,卖盘
710,13:45:30,21.72,0.02,3,6516,中性盘
711,13:45:24,21.7,-0.03,205,444850,卖盘
712,13:45:21,21.73,--,2,4346,买盘
713,13:45:18,21.73,-0.02,26,56498,卖盘
714,13:45:12,21.75,--,2,4350,买盘
715,13:45:00,21.75,0.02,23,50025,买盘
716,13:44:57,21.73,0.01,7,15211,买盘
717,13:44:48,21.72,--,33,71676,买盘
718,13:44:45,21.72,--,1,2172,买盘
719,13:44:42,21.72,0.01,1,2172,买盘
720,13:44:30,21.71,--,5,10855,卖盘
721,13:44:27,21.71,--,65,141115,买盘
722,13:44:24,21.71,--,54,117234,买盘
723,13:44:21,21.71,--,12,26052,买盘
724,13:44:15,21.71,--,39,84669,买盘
725,13:44:12,21.71,0.01,5,10855,买盘
726,13:44:06,21.7,--,69,149751,买盘
727,13:44:03,21.7,--,28,60760,买盘
728,13:44:00,21.7,0.01,157,340690,买盘
729,13:43:48,21.69,--,42,91098,买盘
730,13:43:39,21.69,0.01,5,10845,买盘
731,13:43:36,21.68,--,18,39024,卖盘
732,13:43:24,21.68,0.02,83,179944,买盘
733,13:43:21,21.66,-0.02,9,19494,卖盘
734,13:43:12,21.68,0.04,150,325200,买盘
735,13:43:09,21.64,-0.01,28,60592,卖盘
736,13:43:00,21.65,--,5,10825,中性盘
737,13:42:57,21.65,--,1,2165,买盘
738,13:42:54,21.65,--,6,12990,卖盘
739,13:42:51,21.65,0.01,10,21650,中性盘
740,13:42:42,21.64,-0.01,10,21640,卖盘
741,13:42:21,21.65,--,60,129899,卖盘
742,13:42:15,21.65,--,7,15154,买盘
743,13:42:06,21.65,--,4,8660,买盘
744,13:41:57,21.65,-0.03,21,45465,卖盘
745,13:41:51,21.68,--,1,2168,买盘
746,13:41:39,21.68,--,20,43360,买盘
747,13:41:36,21.68,-0.01,10,21680,中性盘
748,13:41:27,21.69,0.06,23,49887,买盘
749,13:41:24,21.63,-0.04,205,443415,卖盘
750,13:41:15,21.67,-0.01,20,43340,卖盘
751,13:41:06,21.68,0.01,1,2168,买盘
752,13:41:03,21.67,-0.02,2,4334,卖盘
753,13:40:57,21.69,--,4,8676,买盘
754,13:40:42,21.69,0.02,10,21690,买盘
755,13:40:36,21.67,-0.02,1,2167,卖盘
756,13:40:30,21.69,0.02,6,13014,买盘
757,13:40:27,21.67,--,5,10835,买盘
758,13:40:24,21.67,--,11,23837,买盘
759,13:40:21,21.67,--,4,8668,买盘
760,13:40:18,21.67,0.01,6,13002,买盘
761,13:40:15,21.66,-0.03,6,12996,卖盘
762,13:40:12,21.69,--,22,47718,买盘
763,13:40:06,21.69,--,2,4338,买盘
764,13:40:00,21.69,0.03,24,52056,买盘
765,13:39:57,21.66,-0.03,20,43320,卖盘
766,13:39:48,21.69,--,9,19521,买盘
767,13:39:42,21.69,-0.01,32,69408,卖盘
768,13:39:36,21.7,0.02,51,110670,买盘
769,13:39:33,21.68,-0.01,80,173440,卖盘
770,13:39:30,21.69,0.01,2,4338,买盘
771,13:39:27,21.68,-0.01,2,4336,卖盘
772,13:39:21,21.69,--,30,65070,买盘
773,13:39:03,21.69,0.02,3,6507,买盘
774,13:39:00,21.67,--,24,52008,买盘
775,13:38:54,21.67,--,16,34672,卖盘
776,13:38:48,21.67,-0.03,25,54175,卖盘
777,13:38:45,21.7,--,69,149730,买盘
778,13:38:42,21.7,--,1,2170,买盘
779,13:38:36,21.7,--,11,23870,买盘
780,13:38:33,21.7,--,66,145368,卖盘
781,13:38:30,21.7,--,1,2170,卖盘
782,13:38:27,21.7,0.01,18,39081,买盘
783,13:38:24,21.69,-0.01,2,4338,中性盘
784,13:38:12,21.7,0.03,119,258230,买盘
785,13:38:06,21.67,--,10,21670,买盘
786,13:38:03,21.67,-0.01,27,60654,卖盘
787,13:37:54,21.68,--,4,8672,卖盘
788,13:37:48,21.68,--,36,78048,买盘
789,13:37:45,21.68,--,1,2168,买盘
790,13:37:36,21.68,0.01,37,80216,买盘
791,13:37:30,21.67,-0.01,8,17336,卖盘
792,13:37:27,21.68,0.01,17,36856,买盘
793,13:37:24,21.67,--,10,21670,卖盘
794,13:37:21,21.67,--,0,21,卖盘
795,13:37:15,21.67,--,2,4334,卖盘
796,13:37:09,21.67,--,8,17336,买盘
797,13:37:03,21.67,0.02,58,125686,买盘
798,13:36:57,21.65,--,1,2165,卖盘
799,13:36:48,21.65,-0.01,56,121239,卖盘
800,13:36:45,21.66,-0.02,25,54150,卖盘
801,13:36:42,21.68,--,4,8672,买盘
802,13:36:36,21.68,-0.01,45,97560,卖盘
803,13:36:33,21.69,--,5,10845,买盘
804,13:36:30,21.69,-0.01,17,36873,卖盘
805,13:36:24,21.7,--,11,23870,买盘
806,13:36:21,21.7,-0.01,14,30380,卖盘
807,13:36:18,21.71,-0.01,6,13026,卖盘
808,13:36:09,21.72,--,60,130320,卖盘
809,13:36:06,21.72,-0.01,10,21720,卖盘
810,13:36:03,21.73,0.01,8,17384,买盘
811,13:36:00,21.72,-0.01,10,21720,卖盘
812,13:35:57,21.73,-0.02,36,78228,卖盘
813,13:35:51,21.75,0.03,88,191400,买盘
814,13:35:48,21.72,--,14,30408,买盘
815,13:35:45,21.72,--,18,39096,买盘
816,13:35:42,21.72,0.01,41,89052,买盘
817,13:35:39,21.71,0.01,2,4342,中性盘
818,13:35:30,21.7,-0.04,2,4340,卖盘
819,13:35:27,21.74,0.08,58,126091,买盘
820,13:35:24,21.66,-0.04,104,225264,卖盘
821,13:35:21,21.7,0.03,470,1019900,买盘
822,13:35:18,21.67,-0.01,15,32505,卖盘
823,13:35:15,21.68,0.01,37,80216,中性盘
824,13:35:12,21.67,-0.03,13,28171,卖盘
825,13:35:09,21.7,0.03,50,108500,买盘
826,13:34:57,21.67,--,4,8668,卖盘
827,13:34:54,21.67,-0.02,18,39006,卖盘
828,13:34:51,21.69,0.02,184,399096,买盘
829,13:34:45,21.67,0.01,16,34672,买盘
830,13:34:42,21.66,--,12,25992,买盘
831,13:34:39,21.66,-0.01,80,173280,卖盘
832,13:34:36,21.67,--,13,28171,买盘
833,13:34:33,21.67,--,11,23837,买盘
834,13:34:30,21.67,--,22,47674,买盘
835,13:34:27,21.67,-0.01,22,47674,卖盘
836,13:34:24,21.68,-0.01,5,10840,买盘
837,13:34:21,21.69,0.02,8,17352,买盘
838,13:34:18,21.67,--,1,2167,卖盘
839,13:34:09,21.67,-0.02,10,21670,卖盘
840,13:34:06,21.69,-0.01,10,21690,买盘
841,13:34:03,21.7,--,9,19530,买盘
842,13:33:57,21.7,--,19,41230,买盘
843,13:33:54,21.7,--,14,30380,买盘
844,13:33:48,21.7,-0.01,77,167090,卖盘
845,13:33:45,21.71,-0.01,5,10855,卖盘
846,13:33:42,21.72,-0.04,2,4344,中性盘
847,13:33:39,21.76,0.02,21,45696,买盘
848,13:33:36,21.74,-0.03,40,86960,卖盘
849,13:33:33,21.77,--,1,2177,买盘
850,13:33:30,21.77,0.02,202,439754,买盘
851,13:33:27,21.75,-0.02,8,17400,卖盘
852,13:33:24,21.77,-0.02,55,120562,卖盘
853,13:33:21,21.79,--,5,10895,买盘
854,13:33:18,21.79,-0.02,7,15253,中性盘
855,13:33:15,21.81,0.01,89,194109,买盘
856,13:33:12,21.8,-0.02,177,385860,卖盘
857,13:33:09,21.82,--,196,427672,买盘
858,13:33:06,21.82,-0.01,27,58914,卖盘
859,13:33:03,21.83,--,61,133163,买盘
860,13:33:00,21.83,-0.02,136,296888,卖盘
861,13:32:57,21.85,--,142,310270,卖盘
862,13:32:54,21.85,-0.01,70,152950,中性盘
863,13:32:51,21.86,0.03,177,386922,买盘
864,13:32:48,21.83,-0.02,5,10915,买盘
865,13:32:45,21.85,0.05,167,364895,买盘
866,13:32:42,21.8,-0.02,119,259420,卖盘
867,13:32:39,21.82,--,43,93826,买盘
868,13:32:36,21.82,0.04,105,229110,买盘
869,13:32:33,21.78,-0.02,173,376794,卖盘
870,13:32:30,21.8,0.03,43,93740,买盘
871,13:32:27,21.77,-0.02,351,765476,卖盘
872,13:32:24,21.79,0.02,90,196110,买盘
873,13:32:21,21.77,--,13,28301,卖盘
874,13:32:18,21.77,0.07,656,1428112,买盘
875,13:32:15,21.7,-0.04,31,67270,卖盘
876,13:32:12,21.74,--,44,95656,买盘
877,13:32:09,21.74,0.04,154,334796,买盘
878,13:32:06,21.7,-0.02,63,136710,卖盘
879,13:32:03,21.72,0.01,10,21720,买盘
880,13:32:00,21.71,-0.01,35,75985,卖盘
881,13:31:57,21.72,0.01,17,36924,中性盘
882,13:31:51,21.71,-0.02,5,10855,卖盘
883,13:31:48,21.73,0.02,8,17384,买盘
884,13:31:45,21.71,0.01,33,71643,中性盘
885,13:31:42,21.7,--,48,104160,卖盘
886,13:31:39,21.7,--,28,60760,卖盘
887,13:31:36,21.7,-0.01,16,34720,卖盘
888,13:31:30,21.71,0.01,17,36907,买盘
889,13:31:27,21.7,--,30,65100,卖盘
890,13:31:24,21.7,--,6,13020,卖盘
891,13:31:21,21.7,--,20,43400,买盘
892,13:31:18,21.7,--,5,10850,买盘
893,13:31:15,21.7,--,16,34720,买盘
894,13:31:12,21.7,--,7,15190,买盘
895,13:31:09,21.7,-0.05,137,297290,卖盘
896,13:31:06,21.75,-0.01,61,132675,卖盘
897,13:31:03,21.76,--,51,110976,买盘
898,13:31:00,21.76,--,18,39168,买盘
899,13:30:57,21.76,-0.01,163,354688,卖盘
900,13:30:54,21.77,--,14,30478,买盘
901,13:30:51,21.77,--,279,607383,买盘
902,13:30:48,21.77,--,73,158921,卖盘
903,13:30:45,21.77,--,125,272125,卖盘
904,13:30:42,21.77,-0.01,13,28301,卖盘
905,13:30:39,21.78,--,53,115434,买盘
906,13:30:36,21.78,--,41,89298,买盘
907,13:30:33,21.78,0.03,72,156816,中性盘
908,13:30:30,21.75,-0.04,42,91350,卖盘
909,13:30:27,21.79,--,37,80623,买盘
910,13:30:24,21.79,0.04,76,165604,买盘
911,13:30:21,21.75,0.01,28,60900,买盘
912,13:30:18,21.74,0.01,5,10870,中性盘
913,13:30:15,21.73,--,11,23903,卖盘
914,13:30:12,21.73,0.03,573,1245129,买盘
915,13:30:09,21.7,0.02,425,922250,买盘
916,13:30:06,21.68,0.03,51,110568,买盘
917,13:30:03,21.65,0.01,25,54125,中性盘
918,13:30:00,21.64,-0.02,10,21640,卖盘
919,13:29:57,21.66,0.02,6,12996,买盘
920,13:29:54,21.64,--,110,238040,卖盘
921,13:29:51,21.64,-0.04,30,64920,卖盘
922,13:29:48,21.68,0.03,60,130080,买盘
923,13:29:45,21.65,-0.01,41,88765,卖盘
924,13:29:42,21.66,0.01,81,175446,买盘
925,13:29:39,21.65,--,27,58454,卖盘
926,13:29:36,21.65,-0.01,4,8660,卖盘
927,13:29:33,21.66,0.01,14,30324,买盘
928,13:29:30,21.65,-0.02,21,45465,卖盘
929,13:29:27,21.67,0.02,35,75845,买盘
930,13:29:24,21.65,-0.01,18,38970,卖盘
931,13:29:21,21.66,--,6,12996,卖盘
932,13:29:18,21.66,-0.01,46,99636,卖盘
933,13:29:15,21.67,--,33,71511,买盘
934,13:29:12,21.67,--,2,4334,买盘
935,13:29:09,21.67,0.01,40,86680,买盘
936,13:29:06,21.66,-0.03,53,114798,卖盘
937,13:29:03,21.69,0.01,226,490194,买盘
938,13:29:00,21.68,--,154,333872,卖盘
939,13:28:57,21.68,-0.01,22,47696,卖盘
940,13:28:54,21.69,--,96,208224,买盘
941,13:28:51,21.69,--,25,54225,买盘
942,13:28:48,21.69,-0.01,89,193041,卖盘
943,13:28:45,21.7,0.01,113,245210,买盘
944,13:28:42,21.69,0.01,6,13014,卖盘
945,13:28:39,21.68,0.01,62,134416,买盘
946,13:28:36,21.67,-0.02,32,69344,卖盘
947,13:28:33,21.69,0.02,29,62901,买盘
948,13:28:30,21.67,-0.02,104,225368,卖盘
949,13:28:27,21.69,-0.01,28,60732,中性盘
950,13:28:24,21.7,0.01,145,314650,买盘
951,13:28:21,21.69,0.03,31,67239,买盘
952,13:28:18,21.66,--,30,64980,卖盘
953,13:28:15,21.66,-0.04,173,374718,卖盘
954,13:28:12,21.7,0.01,90,195300,买盘
955,13:28:09,21.69,--,4,8676,买盘
956,13:28:06,21.69,0.01,53,114957,买盘
957,13:28:03,21.68,--,36,78048,买盘
958,13:28:00,21.68,0.01,178,385904,买盘
959,13:27:57,21.67,-0.01,124,268708,卖盘
960,13:27:54,21.68,0.03,141,305688,买盘
961,13:27:51,21.65,0.01,12,25980,买盘
962,13:27:48,21.64,--,61,132004,卖盘
963,13:27:45,21.64,--,43,93052,卖盘
964,13:27:42,21.64,0.04,266,575624,买盘
965,13:27:39,21.6,0.01,411,887760,买盘
966,13:27:36,21.59,0.01,238,513842,买盘
967,13:27:27,21.58,0.04,191,412177,买盘
968,13:27:24,21.54,0.09,2,4308,买盘
969,13:27:21,21.45,-0.1,1,2145,中性盘
970,13:27:15,21.55,0.15,226,487030,买盘
971,13:27:06,21.4,-0.13,2,4280,卖盘
972,13:27:03,21.53,0.13,300,645900,买盘
973,13:26:57,21.4,0.02,23,49220,买盘
974,13:26:51,21.38,--,8,17104,卖盘
975,13:26:48,21.38,--,11,23518,卖盘
976,13:26:33,21.38,--,10,21380,卖盘
977,13:26:24,21.38,--,11,23518,中性盘
978,13:26:15,21.38,-0.01,6,12828,中性盘
979,13:25:57,21.39,--,1,2139,买盘
980,13:25:54,21.39,--,1,2139,卖盘
981,13:25:48,21.39,--,10,21390,卖盘
982,13:25:39,21.39,-0.01,15,32085,卖盘
983,13:25:24,21.4,--,5,10700,卖盘
984,13:25:00,21.4,-0.02,5,10700,卖盘
985,13:24:57,21.42,--,60,128520,买盘
986,13:24:51,21.42,--,1,2142,中性盘
987,13:24:45,21.42,--,1,2142,买盘
988,13:24:42,21.42,--,1,2142,买盘
989,13:24:36,21.42,--,4,8568,买盘
990,13:24:33,21.42,--,1,2142,买盘
991,13:24:24,21.42,0.02,1,2142,买盘
992,13:24:09,21.4,0.01,1,2140,买盘
993,13:23:57,21.39,0.02,1,2139,买盘
994,13:23:54,21.37,-0.02,20,42740,卖盘
995,13:23:36,21.39,--,5,10695,买盘
996,13:23:18,21.39,0.02,5,10695,买盘
997,13:22:57,21.37,--,11,23507,卖盘
998,13:22:54,21.37,--,20,42740,买盘
999,13:22:51,21.37,--,11,23507,买盘
1000,13:22:36,21.37,0.02,2,4274,买盘
1001,13:22:24,21.35,-0.02,20,42700,卖盘
1002,13:22:18,21.37,0.01,2,4274,卖盘
1003,13:22:12,21.36,--,2,4272,买盘
1004,13:22:06,21.36,-0.01,55,117480,卖盘
1005,13:21:57,21.37,0.01,9,19233,买盘
1006,13:21:45,21.36,--,2,4272,买盘
1007,13:21:36,21.36,--,2,4272,买盘
1008,13:21:33,21.36,--,1,2136,买盘
1009,13:21:30,21.36,0.01,5,10680,卖盘
1010,13:21:27,21.35,-0.01,100,213500,卖盘
1011,13:21:21,21.36,--,2,4272,中性盘
1012,13:21:00,21.36,-0.02,10,21360,中性盘
1013,13:20:54,21.38,0.03,39,83382,买盘
1014,13:20:51,21.35,-0.02,3,6405,卖盘
1015,13:20:48,21.37,--,9,19233,买盘
1016,13:20:42,21.37,-0.02,1,2137,卖盘
1017,13:20:33,21.39,0.02,10,21390,买盘
1018,13:20:27,21.37,-0.01,70,149590,卖盘
1019,13:20:18,21.38,--,13,27794,买盘
1020,13:20:15,21.38,--,10,21380,买盘
1021,13:19:54,21.38,--,20,42760,买盘
1022,13:19:48,21.38,--,8,17104,买盘
1023,13:19:45,21.38,--,8,17104,买盘
1024,13:19:42,21.38,-0.01,46,98348,卖盘
1025,13:19:39,21.39,--,4,8556,买盘
1026,13:19:33,21.39,--,5,10695,买盘
1027,13:19:21,21.39,--,4,8556,卖盘
1028,13:19:06,21.39,-0.01,5,10695,卖盘
1029,13:18:45,21.4,--,15,32099,买盘
1030,13:18:42,21.4,-0.01,115,246099,卖盘
1031,13:18:39,21.41,--,5,10705,卖盘
1032,13:18:30,21.41,-0.01,20,42820,卖盘
1033,13:18:15,21.42,--,5,10710,买盘
1034,13:18:12,21.42,--,24,51408,卖盘
1035,13:18:03,21.42,--,10,21420,卖盘
1036,13:17:54,21.42,--,1,2142,卖盘
1037,13:17:48,21.42,-0.01,1,2142,卖盘
1038,13:17:42,21.43,0.01,1,2143,买盘
1039,13:17:39,21.42,-0.01,6,12852,卖盘
1040,13:17:27,21.43,--,10,21430,买盘
1041,13:17:12,21.43,--,8,17144,卖盘
1042,13:17:06,21.43,-0.02,2,4286,卖盘
1043,13:16:54,21.45,0.02,1,2145,买盘
1044,13:16:48,21.43,-0.02,20,42860,卖盘
1045,13:16:36,21.45,--,7,15015,卖盘
1046,13:16:27,21.45,--,8,17160,卖盘
1047,13:16:21,21.45,--,10,21450,卖盘
1048,13:16:09,21.45,-0.01,1,2145,卖盘
1049,13:16:06,21.46,--,5,10730,买盘
1050,13:16:00,21.46,--,49,105154,卖盘
1051,13:15:57,21.46,-0.01,5,10730,卖盘
1052,13:15:54,21.47,0.01,5,10735,买盘
1053,13:15:48,21.46,-0.01,2,4292,卖盘
1054,13:15:21,21.47,-0.01,12,25764,卖盘
1055,13:15:15,21.48,--,1,2148,买盘
1056,13:15:06,21.48,--,14,30072,买盘
1057,13:14:42,21.48,--,3,6444,买盘
1058,13:14:27,21.48,0.01,5,10740,买盘
1059,13:14:24,21.47,-0.01,2,4294,卖盘
1060,13:14:18,21.48,-0.01,9,20148,卖盘
1061,13:14:15,21.49,0.01,5,10745,买盘
1062,13:14:09,21.48,--,3,6444,卖盘
1063,13:13:51,21.48,-0.01,2,4296,卖盘
1064,13:13:00,21.49,--,6,12893,卖盘
1065,13:12:15,21.49,-0.01,2,4298,卖盘
1066,13:12:06,21.5,--,3,6450,买盘
1067,13:12:00,21.5,--,26,55900,买盘
1068,13:11:48,21.5,-0.02,10,21500,中性盘
1069,13:11:30,21.52,0.02,30,64560,买盘
1070,13:11:21,21.5,--,5,10750,卖盘
1071,13:11:09,21.5,-0.02,10,21500,卖盘
1072,13:11:06,21.52,0.02,1,2152,买盘
1073,13:11:00,21.5,-0.01,23,49450,卖盘
1074,13:10:51,21.51,--,6,12906,买盘
1075,13:10:48,21.51,--,4,8604,卖盘
1076,13:10:42,21.51,-0.01,27,58077,卖盘
1077,13:10:30,21.52,--,1,2152,买盘
1078,13:10:21,21.52,0.01,20,43040,买盘
1079,13:10:09,21.51,-0.01,5,10755,卖盘
1080,13:09:30,21.52,--,11,23672,买盘
1081,13:09:27,21.52,--,10,21520,买盘
1082,13:09:03,21.52,0.01,3,6456,买盘
1083,13:08:57,21.51,-0.01,10,21510,卖盘
1084,13:08:45,21.52,0.01,1,2152,买盘
1085,13:08:33,21.51,--,10,21510,卖盘
1086,13:08:30,21.51,-0.01,2,4302,卖盘
1087,13:08:24,21.52,0.01,1,2152,买盘
1088,13:08:21,21.51,-0.01,1,2151,卖盘
1089,13:08:09,21.52,0.01,2,4304,买盘
1090,13:07:51,21.51,-0.01,12,25812,卖盘
1091,13:07:48,21.52,0.01,17,36584,买盘
1092,13:07:42,21.51,-0.01,12,25812,卖盘
1093,13:07:36,21.52,--,11,23672,买盘
1094,13:07:30,21.52,0.01,1,2152,买盘
1095,13:07:15,21.51,-0.01,38,81738,卖盘
1096,13:07:12,21.52,--,20,43040,买盘
1097,13:07:09,21.52,0.01,1,2152,买盘
1098,13:07:06,21.51,--,143,307593,卖盘
1099,13:06:57,21.51,-0.01,10,21510,卖盘
1100,13:06:36,21.52,-0.01,44,94688,卖盘
1101,13:06:18,21.53,0.01,1,2153,买盘
1102,13:06:12,21.52,-0.01,3,6456,卖盘
1103,13:06:06,21.53,0.01,50,107650,买盘
1104,13:06:00,21.52,-0.01,1,2152,卖盘
1105,13:05:57,21.53,--,1,2153,买盘
1106,13:05:51,21.53,--,1,2153,买盘
1107,13:05:27,21.53,0.01,1,2153,买盘
1108,13:05:15,21.52,-0.01,20,43040,卖盘
1109,13:04:54,21.53,--,5,10765,买盘
1110,13:04:42,21.53,--,10,21530,买盘
1111,13:04:15,21.53,0.01,1,2153,买盘
1112,13:04:12,21.52,--,3,6456,卖盘
1113,13:04:09,21.52,--,1,2152,卖盘
1114,13:04:06,21.52,--,6,12912,卖盘
1115,13:04:00,21.52,-0.01,1,2152,卖盘
1116,13:03:54,21.53,--,1,2153,买盘
1117,13:03:48,21.53,0.01,19,40907,买盘
1118,13:03:42,21.52,--,10,21520,卖盘
1119,13:03:39,21.52,--,17,36584,卖盘
1120,13:03:36,21.52,--,12,25824,卖盘
1121,13:03:21,21.52,--,10,21520,卖盘
1122,13:03:06,21.52,-0.01,1,2152,卖盘
1123,13:02:54,21.53,--,90,195492,卖盘
1124,13:02:42,21.53,--,10,21530,卖盘
1125,13:02:39,21.53,--,5,10765,卖盘
1126,13:02:12,21.53,--,2,4306,卖盘
1127,13:02:00,21.53,--,2,4306,卖盘
1128,13:01:54,21.53,-0.01,10,21530,卖盘
1129,13:01:51,21.54,0.01,40,86160,买盘
1130,13:01:42,21.53,--,3,6459,卖盘
1131,13:01:27,21.53,--,3,6459,卖盘
1132,13:01:24,21.53,-0.02,2,4306,卖盘
1133,13:01:15,21.55,0.02,5,10775,买盘
1134,13:01:12,21.53,--,3,6459,卖盘
1135,13:00:57,21.53,-0.02,3,6459,卖盘
1136,13:00:45,21.55,--,1,2155,买盘
1137,13:00:42,21.55,--,9,19395,买盘
1138,13:00:18,21.55,0.02,5,10775,买盘
1139,13:00:15,21.53,-0.02,30,64590,卖盘
1140,13:00:12,21.55,0.01,3,6465,买盘
1141,13:00:09,21.54,0.01,45,96930,卖盘
1142,13:00:06,21.53,-0.01,36,77938,卖盘
1143,13:00:03,21.54,0.01,162,348948,买盘
1144,13:00:00,21.53,--,0,0,卖盘
1145,11:30:00,21.53,--,0,0,卖盘
1146,11:29:42,21.53,--,5,10765,卖盘
1147,11:29:39,21.53,-0.01,10,21530,卖盘
1148,11:29:27,21.54,--,35,75390,买盘
1149,11:29:24,21.54,--,10,21540,买盘
1150,11:28:42,21.54,0.01,1,2154,买盘
1151,11:28:36,21.53,-0.01,13,27989,卖盘
1152,11:28:27,21.54,0.01,1,2154,买盘
1153,11:28:24,21.53,--,2,4306,卖盘
1154,11:27:48,21.53,--,5,10765,中性盘
1155,11:27:45,21.53,-0.01,1,2153,买盘
1156,11:27:33,21.54,0.02,30,64620,买盘
1157,11:27:24,21.52,-0.01,26,55952,卖盘
1158,11:27:18,21.53,--,5,10765,买盘
1159,11:27:03,21.53,-0.01,2,4306,卖盘
1160,11:26:57,21.54,0.01,2,4308,买盘
1161,11:26:51,21.53,--,10,21530,买盘
1162,11:26:39,21.53,0.01,25,53825,买盘
1163,11:26:36,21.52,-0.01,65,139880,卖盘
1164,11:26:21,21.53,0.01,10,21530,买盘
1165,11:26:09,21.52,--,12,25824,卖盘
1166,11:25:54,21.52,-0.01,1,2152,卖盘
1167,11:25:45,21.53,0.01,1,2153,买盘
1168,11:25:39,21.52,--,8,17216,卖盘
1169,11:25:27,21.52,0.01,13,27976,买盘
1170,11:25:21,21.51,-0.01,1,2151,卖盘
1171,11:25:18,21.52,--,1,2152,买盘
1172,11:25:15,21.52,--,41,88232,买盘
1173,11:25:06,21.52,0.01,100,215200,买盘
1174,11:25:03,21.51,-0.01,6,12906,卖盘
1175,11:24:54,21.52,0.01,1,2152,买盘
1176,11:24:51,21.51,--,23,49473,卖盘
1177,11:24:27,21.51,-0.01,2,4302,卖盘
1178,11:24:21,21.52,0.01,25,53800,中性盘
1179,11:23:57,21.51,0.01,65,139815,买盘
1180,11:23:36,21.5,-0.01,3,6450,卖盘
1181,11:23:30,21.51,0.01,9,19359,买盘
1182,11:23:15,21.5,--,11,23650,卖盘
1183,11:23:09,21.5,--,2,4300,卖盘
1184,11:23:06,21.5,--,3,6450,卖盘
1185,11:22:54,21.5,-0.01,2,4300,卖盘
1186,11:22:48,21.51,0.01,1,2151,买盘
1187,11:22:36,21.5,-0.01,10,21500,卖盘
1188,11:22:33,21.51,0.01,9,19359,买盘
1189,11:22:18,21.5,--,8,17200,卖盘
1190,11:22:06,21.5,-0.01,5,10750,卖盘
1191,11:21:51,21.51,--,2,4302,买盘
1192,11:21:15,21.51,-0.03,2,4302,卖盘
1193,11:21:06,21.54,--,7,15078,买盘
1194,11:20:57,21.54,--,10,21540,买盘
1195,11:20:54,21.54,--,3,6462,买盘
1196,11:20:48,21.54,--,18,38772,买盘
1197,11:20:42,21.54,--,5,10770,买盘
1198,11:20:36,21.54,--,3,6462,买盘
1199,11:20:33,21.54,--,35,75390,买盘
1200,11:20:30,21.54,--,6,12924,卖盘
1201,11:20:27,21.54,--,5,10770,卖盘
1202,11:20:21,21.54,--,19,40926,买盘
1203,11:20:12,21.54,--,2,4308,买盘
1204,11:20:09,21.54,--,7,15078,买盘
1205,11:20:03,21.54,--,2,4308,买盘
1206,11:20:00,21.54,--,7,15078,买盘
1207,11:19:57,21.54,--,8,17232,买盘
1208,11:19:54,21.54,--,2,4308,买盘
1209,11:19:51,21.54,--,2,4308,买盘
1210,11:19:45,21.54,0.01,24,51696,买盘
1211,11:19:36,21.53,--,21,45213,买盘
1212,11:19:24,21.53,--,5,10765,买盘
1213,11:19:21,21.53,0.03,4,8612,买盘
1214,11:19:15,21.5,--,1,2150,卖盘
1215,11:19:03,21.5,--,5,10750,卖盘
1216,11:18:57,21.5,0.01,5,10750,买盘
1217,11:18:48,21.49,-0.01,8,17192,卖盘
1218,11:18:39,21.5,0.01,3,6450,买盘
1219,11:18:24,21.49,--,1,2149,卖盘
1220,11:18:00,21.49,0.01,20,42980,中性盘
1221,11:17:42,21.48,-0.02,2,4296,卖盘
1222,11:17:36,21.5,0.02,31,66650,买盘
1223,11:17:09,21.48,--,2,5627,买盘
1224,11:17:06,21.48,--,4,8592,买盘
1225,11:16:21,21.48,0.01,14,30072,买盘
1226,11:16:09,21.47,--,10,21470,卖盘
1227,11:16:06,21.47,0.01,6,12882,买盘
1228,11:16:03,21.46,-0.01,20,42920,卖盘
1229,11:15:54,21.47,--,3,6441,买盘
1230,11:15:42,21.47,--,1,2147,买盘
1231,11:15:39,21.47,--,1,2147,买盘
1232,11:15:30,21.47,--,21,45087,买盘
1233,11:15:09,21.47,--,6,12882,买盘
1234,11:15:03,21.47,--,5,10735,买盘
1235,11:15:00,21.47,--,10,21470,买盘
1236,11:14:42,21.47,--,3,6441,买盘
1237,11:14:27,21.47,0.01,1,2147,买盘
1238,11:14:18,21.46,-0.01,2,4292,卖盘
1239,11:14:15,21.47,--,11,23617,买盘
1240,11:14:09,21.47,--,7,15029,买盘
1241,11:13:54,21.47,--,10,21470,买盘
1242,11:13:48,21.47,--,9,19323,买盘
1243,11:13:39,21.47,-0.01,4,8588,卖盘
1244,11:13:36,21.48,0.02,4,8592,买盘
1245,11:13:24,21.46,-0.02,2,4292,卖盘
1246,11:13:21,21.48,0.02,1,2148,买盘
1247,11:12:54,21.46,--,9,19314,卖盘
1248,11:12:45,21.46,-0.02,20,42920,卖盘
1249,11:12:36,21.48,--,2,4296,买盘
1250,11:12:30,21.48,-0.02,3,6444,卖盘
1251,11:12:06,21.5,-0.01,2,4300,卖盘
1252,11:11:54,21.51,--,4,8604,卖盘
1253,11:11:48,21.51,--,10,21510,卖盘
1254,11:11:39,21.51,--,6,12906,卖盘
1255,11:11:30,21.51,--,1,2151,卖盘
1256,11:11:15,21.51,-0.02,11,23661,卖盘
1257,11:11:12,21.53,0.01,1,2153,中性盘
1258,11:10:57,21.52,--,1,2152,买盘
1259,11:10:51,21.52,-0.02,11,23672,卖盘
1260,11:10:39,21.54,--,2,4308,买盘
1261,11:10:24,21.54,--,4,8616,卖盘
1262,11:10:18,21.54,--,5,10770,卖盘
1263,11:10:06,21.54,0.04,64,137856,买盘
1264,11:10:00,21.5,-0.02,33,70950,卖盘
1265,11:09:57,21.52,--,6,12912,买盘
1266,11:09:54,21.52,0.02,14,30128,买盘
1267,11:09:42,21.5,--,1,2150,卖盘
1268,11:09:27,21.5,--,2,4300,卖盘
1269,11:09:18,21.5,--,20,43000,卖盘
1270,11:09:12,21.5,-0.01,4,8600,卖盘
1271,11:09:00,21.51,--,10,21510,中性盘
1272,11:08:45,21.51,--,5,10755,买盘
1273,11:08:39,21.51,0.01,1,2151,买盘
1274,11:08:33,21.5,-0.01,12,25800,卖盘
1275,11:08:27,21.51,--,2,4302,买盘
1276,11:08:24,21.51,0.01,2,4302,买盘
1277,11:08:18,21.5,-0.03,5,10750,卖盘
1278,11:07:57,21.53,0.03,1,2153,买盘
1279,11:07:54,21.5,--,8,17200,卖盘
1280,11:07:36,21.5,--,11,23650,卖盘
1281,11:07:33,21.5,0.03,82,176300,买盘
1282,11:07:27,21.47,-0.01,20,42940,卖盘
1283,11:07:18,21.48,--,3,6444,卖盘
1284,11:07:15,21.48,-0.02,10,21480,卖盘
1285,11:07:00,21.5,-0.03,7,15050,卖盘
1286,11:06:48,21.53,--,2,4306,买盘
1287,11:06:42,21.53,0.03,20,43060,买盘
1288,11:06:39,21.5,--,10,21500,卖盘
1289,11:06:30,21.5,-0.03,2,4300,卖盘
1290,11:06:24,21.53,0.03,1,2153,买盘
1291,11:06:18,21.5,-0.03,4,8600,卖盘
1292,11:06:12,21.53,--,1,2153,中性盘
1293,11:06:09,21.53,-0.01,10,21530,卖盘
1294,11:06:00,21.54,--,8,17232,买盘
1295,11:05:48,21.54,--,30,64620,买盘
1296,11:05:30,21.54,-0.01,5,10770,卖盘
1297,11:05:27,21.55,--,11,23705,买盘
1298,11:05:21,21.55,0.01,4,8620,买盘
1299,11:05:15,21.54,--,10,21540,卖盘
1300,11:05:09,21.54,--,11,23694,买盘
1301,11:05:03,21.54,-0.01,6,12924,买盘
1302,11:04:57,21.55,--,12,25860,买盘
1303,11:04:54,21.55,0.02,21,45255,买盘
1304,11:04:51,21.53,-0.01,10,21530,卖盘
1305,11:04:42,21.54,--,3,6462,买盘
1306,11:04:39,21.54,0.01,5,10770,买盘
1307,11:04:03,21.53,0.03,30,64590,买盘
1308,11:03:51,21.5,--,13,27950,买盘
1309,11:03:39,21.5,0.07,3,6450,中性盘
1310,11:03:18,21.43,-0.04,54,115722,卖盘
1311,11:03:06,21.47,-0.07,27,57969,卖盘
1312,11:03:03,21.54,-0.02,6,12924,买盘
1313,11:02:57,21.56,--,12,25872,卖盘
1314,11:02:54,21.56,0.07,45,97020,买盘
1315,11:02:45,21.49,-0.06,35,75215,卖盘
1316,11:02:39,21.55,-0.01,1,2155,中性盘
1317,11:02:36,21.56,0.01,5,10780,买盘
1318,11:02:33,21.55,--,3,6465,卖盘
1319,11:02:30,21.55,--,17,36635,卖盘
1320,11:02:27,21.55,--,5,10775,卖盘
1321,11:02:24,21.55,--,4,8620,卖盘
1322,11:02:21,21.55,0.02,21,45255,买盘
1323,11:02:18,21.53,-0.02,2,4306,卖盘
1324,11:02:12,21.55,--,10,21550,买盘
1325,11:02:09,21.55,--,3,6465,买盘
1326,11:02:06,21.55,--,5,10775,买盘
1327,11:02:03,21.55,-0.01,19,40945,卖盘
1328,11:02:00,21.56,0.01,90,194040,买盘
1329,11:01:57,21.55,--,42,90510,卖盘
1330,11:01:54,21.55,-0.01,2,4310,卖盘
1331,11:01:48,21.56,0.01,10,21560,买盘
1332,11:01:42,21.55,0.01,54,116370,买盘
1333,11:01:39,21.54,-0.01,12,25848,卖盘
1334,11:01:33,21.55,0.01,5,10775,买盘
1335,11:01:27,21.54,-0.01,2,4308,卖盘
1336,11:01:24,21.55,--,12,25860,卖盘
1337,11:01:21,21.55,0.01,10,21550,中性盘
1338,11:01:18,21.54,-0.01,5,10770,卖盘
1339,11:01:12,21.55,--,3,6465,卖盘
1340,11:01:09,21.55,--,34,73270,卖盘
1341,11:01:06,21.55,--,26,56030,买盘
1342,11:01:00,21.55,-0.03,64,137920,卖盘
1343,11:00:57,21.58,-0.02,7,15105,中性盘
1344,11:00:48,21.6,0.02,32,69120,买盘
1345,11:00:45,21.58,-0.01,2,4316,买盘
1346,11:00:42,21.59,--,30,64770,卖盘
1347,11:00:39,21.59,0.04,12,25908,买盘
1348,11:00:36,21.55,-0.04,1,2155,卖盘
1349,11:00:33,21.59,-0.01,2,4318,中性盘
1350,11:00:30,21.6,0.07,7,15120,买盘
1351,11:00:27,21.53,-0.06,254,546862,卖盘
1352,11:00:21,21.59,0.04,71,153289,买盘
1353,11:00:18,21.55,--,8,17240,买盘
1354,11:00:12,21.55,0.02,4,8620,买盘
1355,11:00:09,21.53,-0.02,37,79661,卖盘
1356,11:00:06,21.55,0.02,6,12930,买盘
1357,10:59:48,21.53,0.05,242,521026,买盘
1358,10:59:42,21.48,--,4,8592,买盘
1359,10:59:39,21.48,--,52,111696,买盘
1360,10:59:30,21.48,--,13,27924,买盘
1361,10:59:21,21.48,--,12,25776,买盘
1362,10:59:18,21.48,0.01,44,94512,买盘
1363,10:59:15,21.47,--,20,42940,买盘
1364,10:59:12,21.47,--,92,197524,买盘
1365,10:59:06,21.47,--,95,203965,买盘
1366,10:59:00,21.47,--,9,19323,买盘
1367,10:58:54,21.47,--,30,64410,买盘
1368,10:58:51,21.47,--,180,386460,买盘
1369,10:58:48,21.47,--,21,45087,买盘
1370,10:58:45,21.47,-0.01,95,203965,卖盘
1371,10:58:39,21.48,0.01,68,146064,买盘
1372,10:58:36,21.47,-0.01,23,49381,卖盘
1373,10:58:30,21.48,0.02,5,10740,买盘
1374,10:58:27,21.46,-0.01,4,8584,卖盘
1375,10:58:24,21.47,0.01,20,42940,买盘
1376,10:58:21,21.46,0.02,8,17168,中性盘
1377,10:58:09,21.44,--,12,25728,买盘
1378,10:58:06,21.44,--,44,94336,买盘
1379,10:57:57,21.44,-0.03,41,87904,卖盘
1380,10:57:54,21.47,0.02,98,210406,买盘
1381,10:57:48,21.45,--,3,6435,买盘
1382,10:57:33,21.45,--,4,8580,卖盘
1383,10:57:12,21.45,--,2,4290,卖盘
1384,10:57:09,21.45,--,9,19305,买盘
1385,10:57:06,21.45,0.01,10,21450,买盘
1386,10:57:03,21.44,-0.01,1,2144,卖盘
1387,10:56:51,21.45,--,11,23595,卖盘
1388,10:56:48,21.45,--,7,15015,卖盘
1389,10:56:45,21.45,--,14,30030,卖盘
1390,10:56:33,21.45,-0.02,7,15015,卖盘
1391,10:56:24,21.47,0.02,10,21470,买盘
1392,10:56:15,21.45,-0.02,10,21450,卖盘
1393,10:56:12,21.47,--,15,32205,买盘
1394,10:56:09,21.47,--,7,15029,买盘
1395,10:56:03,21.47,0.03,20,42940,买盘
1396,10:55:57,21.44,-0.04,5,10720,卖盘
1397,10:55:48,21.48,0.03,20,42960,买盘
1398,10:55:39,21.45,-0.03,1,2145,中性盘
1399,10:55:30,21.48,0.01,90,193320,买盘
1400,10:55:24,21.47,--,1,2147,买盘
1401,10:55:21,21.47,0.02,99,212553,买盘
1402,10:55:18,21.45,-0.01,9,19305,卖盘
1403,10:55:03,21.46,0.01,6,12876,买盘
1404,10:55:00,21.45,--,12,25740,卖盘
1405,10:54:54,21.45,0.01,20,42900,买盘
1406,10:54:48,21.44,-0.01,38,81472,卖盘
1407,10:54:45,21.45,0.01,3,6435,中性盘
1408,10:54:33,21.44,0.01,3,6432,中性盘
1409,10:54:27,21.43,--,155,332165,卖盘
1410,10:54:24,21.43,-0.01,1,2143,卖盘
1411,10:54:18,21.44,--,1,2144,卖盘
1412,10:54:15,21.44,--,2,4288,卖盘
1413,10:54:06,21.44,--,9,19296,买盘
1414,10:54:00,21.44,0.01,101,216544,买盘
1415,10:53:54,21.43,-0.01,20,42860,卖盘
1416,10:53:51,21.44,--,7,15008,买盘
1417,10:53:39,21.44,--,10,21440,买盘
1418,10:53:33,21.44,--,4,8576,买盘
1419,10:53:30,21.44,0.01,18,38592,买盘
1420,10:53:27,21.43,-0.01,1,2143,卖盘
1421,10:53:24,21.44,--,22,47168,买盘
1422,10:53:03,21.44,0.03,20,42880,买盘
1423,10:53:00,21.41,--,2,4282,卖盘
1424,10:52:54,21.41,-0.03,1,2141,卖盘
1425,10:52:45,21.44,0.01,16,34304,买盘
1426,10:52:39,21.43,-0.02,4,8572,卖盘
1427,10:52:21,21.45,0.01,130,278850,买盘
1428,10:52:18,21.44,-0.01,26,55744,卖盘
1429,10:52:15,21.45,--,5,10725,买盘
1430,10:52:09,21.45,--,53,113685,买盘
1431,10:52:06,21.45,--,7,15015,买盘
1432,10:52:03,21.45,--,130,278850,买盘
1433,10:51:48,21.45,--,42,90090,买盘
1434,10:51:45,21.45,0.01,144,308880,买盘
1435,10:51:39,21.44,-0.01,1,2144,卖盘
1436,10:51:33,21.45,--,2,4290,买盘
1437,10:51:30,21.45,0.01,1,2145,买盘
1438,10:51:27,21.44,-0.01,15,32160,卖盘
1439,10:51:24,21.45,0.01,29,62205,买盘
1440,10:51:21,21.44,-0.01,7,15008,卖盘
1441,10:51:18,21.45,0.01,12,25740,买盘
1442,10:51:15,21.44,-0.01,14,30016,卖盘
1443,10:51:12,21.45,0.01,5,10725,买盘
1444,10:51:03,21.44,--,13,27872,买盘
1445,10:50:54,21.44,--,22,47168,买盘
1446,10:50:51,21.44,--,6,12864,买盘
1447,10:50:45,21.44,--,3,6432,买盘
1448,10:50:30,21.44,--,1,2144,买盘
1449,10:50:24,21.44,0.01,3,6432,中性盘
1450,10:50:12,21.43,-0.02,15,32145,卖盘
1451,10:50:06,21.45,--,6,12870,买盘
1452,10:50:03,21.45,--,4,8580,买盘
1453,10:49:57,21.45,--,3,6435,买盘
1454,10:49:54,21.45,--,2,4290,买盘
1455,10:49:51,21.45,0.02,3,6435,买盘
1456,10:49:48,21.43,-0.02,5,10715,卖盘
1457,10:49:45,21.45,--,37,79365,买盘
1458,10:49:36,21.45,--,31,66495,买盘
1459,10:49:30,21.45,--,8,17160,买盘
1460,10:49:18,21.45,0.02,16,34320,买盘
1461,10:49:15,21.43,0.01,72,154296,买盘
1462,10:49:12,21.42,--,6,12852,买盘
1463,10:49:06,21.42,0.01,20,42840,买盘
1464,10:49:03,21.41,0.01,10,21410,买盘
1465,10:48:57,21.4,--,25,53500,买盘
1466,10:48:51,21.4,0.01,45,96300,买盘
1467,10:48:45,21.39,--,2,4278,买盘
1468,10:48:39,21.39,0.01,10,21390,买盘
1469,10:48:33,21.38,0.03,151,322838,买盘
1470,10:48:27,21.35,--,10,21350,买盘
1471,10:48:21,21.35,--,29,61915,买盘
1472,10:48:15,21.35,--,6,12810,买盘
1473,10:48:12,21.35,--,18,38430,买盘
1474,10:48:03,21.35,--,15,32025,买盘
1475,10:48:00,21.35,-0.01,1,2135,卖盘
1476,10:47:45,21.36,--,3,6408,买盘
1477,10:47:12,21.36,--,9,19224,买盘
1478,10:47:00,21.36,0.01,3,6408,买盘
1479,10:46:57,21.35,--,10,21350,买盘
1480,10:46:48,21.35,--,8,17080,卖盘
1481,10:46:39,21.35,--,1,2135,卖盘
1482,10:46:15,21.35,--,5,10675,卖盘
1483,10:45:57,21.35,--,2,4270,卖盘
1484,10:45:54,21.35,--,3,6405,卖盘
1485,10:45:33,21.35,--,2,4270,卖盘
1486,10:45:27,21.35,--,10,21350,卖盘
1487,10:45:12,21.35,-0.01,5,10675,卖盘
1488,10:44:57,21.36,--,14,29904,卖盘
1489,10:44:21,21.36,--,50,106800,卖盘
1490,10:44:09,21.36,-0.01,3,6408,卖盘
1491,10:43:42,21.37,0.01,5,10685,买盘
1492,10:43:39,21.36,--,4,8544,卖盘
1493,10:43:18,21.36,--,20,42720,卖盘
1494,10:43:15,21.36,-0.01,10,21360,卖盘
1495,10:43:12,21.37,--,4,8548,买盘
1496,10:42:48,21.37,0.01,5,10685,买盘
1497,10:42:33,21.36,-0.01,10,21360,卖盘
1498,10:42:27,21.37,--,5,10685,买盘
1499,10:42:00,21.37,--,2,4274,买盘
1500,10:41:57,21.37,0.01,3,6411,中性盘
1501,10:41:51,21.36,-0.02,10,21360,卖盘
1502,10:41:39,21.38,--,10,21380,买盘
1503,10:41:27,21.38,--,1,2138,买盘
1504,10:41:12,21.38,0.01,52,111176,买盘
1505,10:41:00,21.37,--,1,2137,卖盘
1506,10:40:57,21.37,--,3,6411,卖盘
1507,10:40:51,21.37,-0.01,1,2137,卖盘
1508,10:40:45,21.38,0.01,17,36346,买盘
1509,10:40:30,21.37,--,20,42740,卖盘
1510,10:40:27,21.37,--,3,6411,卖盘
1511,10:40:24,21.37,--,70,149590,卖盘
1512,10:40:21,21.37,--,1,2137,卖盘
1513,10:40:12,21.37,--,6,12822,卖盘
1514,10:40:09,21.37,--,2,4274,卖盘
1515,10:39:42,21.37,--,1,2137,卖盘
1516,10:39:21,21.37,-0.01,1,2137,卖盘
1517,10:39:12,21.38,-0.01,30,64140,卖盘
1518,10:38:54,21.39,--,1,2139,买盘
1519,10:38:30,21.39,0.02,1,2139,买盘
1520,10:38:18,21.37,-0.01,25,53425,卖盘
1521,10:38:12,21.38,0.01,1,2138,买盘
1522,10:38:06,21.37,--,10,21370,卖盘
1523,10:37:42,21.37,--,10,21370,卖盘
1524,10:37:39,21.37,--,16,34192,卖盘
1525,10:37:33,21.37,-0.01,8,17096,卖盘
1526,10:37:30,21.38,0.01,18,38484,中性盘
1527,10:37:09,21.37,--,2,4274,卖盘
1528,10:36:54,21.37,--,2,4274,卖盘
1529,10:36:48,21.37,-0.01,35,74795,卖盘
1530,10:36:36,21.38,--,3,6414,买盘
1531,10:36:33,21.38,-0.01,2,4276,卖盘
1532,10:36:24,21.39,0.01,10,21390,买盘
1533,10:36:09,21.38,--,6,12828,买盘
1534,10:36:06,21.38,--,3,6414,买盘
1535,10:35:54,21.38,-0.01,15,32070,卖盘
1536,10:35:45,21.39,--,3,6417,买盘
1537,10:35:42,21.39,--,1,2139,买盘
1538,10:35:18,21.39,0.01,1,2139,买盘
1539,10:35:12,21.38,-0.01,5,10690,卖盘
1540,10:35:03,21.39,--,2,4278,买盘
1541,10:34:57,21.39,0.02,3,6417,买盘
1542,10:34:18,21.37,--,1,2137,卖盘
1543,10:34:03,21.37,--,34,72658,卖盘
1544,10:33:54,21.37,--,10,21370,卖盘
1545,10:33:48,21.37,--,1,2137,卖盘
1546,10:33:36,21.37,--,1,2137,卖盘
1547,10:33:30,21.37,-0.02,10,21370,卖盘
1548,10:33:27,21.39,0.02,5,10695,买盘
1549,10:33:24,21.37,--,4,8548,卖盘
1550,10:33:21,21.37,--,25,53425,卖盘
1551,10:33:06,21.37,-0.01,12,25644,卖盘
1552,10:33:03,21.38,--,3,6414,卖盘
1553,10:32:36,21.38,--,5,10690,买盘
1554,10:32:21,21.38,-0.01,4,8552,卖盘
1555,10:32:18,21.39,--,1,2139,买盘
1556,10:32:12,21.39,0.01,10,21390,买盘
1557,10:32:09,21.38,--,10,21380,卖盘
1558,10:32:03,21.38,-0.01,10,21380,卖盘
1559,10:31:57,21.39,--,4,8556,买盘
1560,10:31:54,21.39,--,5,10695,买盘
1561,10:31:51,21.39,--,5,10695,买盘
1562,10:31:45,21.39,--,10,21390,买盘
1563,10:31:39,21.39,0.01,100,213900,买盘
1564,10:31:36,21.38,--,2,4276,卖盘
1565,10:31:24,21.38,--,4,8552,买盘
1566,10:31:15,21.38,-0.01,5,10690,中性盘
1567,10:30:42,21.39,--,1,2139,买盘
1568,10:30:39,21.39,0.02,1,2139,买盘
1569,10:30:36,21.37,-0.02,3,6411,卖盘
1570,10:30:30,21.39,--,6,12834,买盘
1571,10:30:27,21.39,--,5,10695,买盘
1572,10:30:15,21.39,--,7,14973,卖盘
1573,10:30:12,21.39,-0.01,20,42780,卖盘
1574,10:30:09,21.4,--,8,17120,买盘
1575,10:30:06,21.4,0.01,5,10700,买盘
1576,10:30:03,21.39,-0.01,6,12834,卖盘
1577,10:30:00,21.4,--,20,42800,买盘
1578,10:29:57,21.4,--,1,2140,买盘
1579,10:29:54,21.4,--,85,181900,买盘
1580,10:29:45,21.4,0.01,96,205440,买盘
1581,10:29:36,21.39,--,10,21390,买盘
1582,10:29:33,21.39,0.01,99,211761,买盘
1583,10:29:27,21.38,--,4,8552,买盘
1584,10:29:21,21.38,0.01,10,21380,买盘
1585,10:29:12,21.37,--,8,17096,卖盘
1586,10:28:54,21.37,0.01,87,185919,买盘
1587,10:28:51,21.36,0.01,1,2136,卖盘
1588,10:28:42,21.35,--,3,6405,卖盘
1589,10:28:12,21.35,--,10,21350,卖盘
1590,10:28:03,21.35,-0.02,1,2135,卖盘
1591,10:27:42,21.37,0.02,10,21370,买盘
1592,10:27:27,21.35,--,3,6405,卖盘
1593,10:27:21,21.35,--,3,6405,卖盘
1594,10:26:57,21.35,--,6,12810,卖盘
1595,10:26:51,21.35,--,6,12810,卖盘
1596,10:26:48,21.35,0.01,24,51240,买盘
1597,10:26:24,21.34,--,15,32010,买盘
1598,10:25:51,21.34,0.01,3,6402,买盘
1599,10:25:45,21.33,-0.01,21,44793,卖盘
1600,10:25:42,21.34,--,5,10670,买盘
1601,10:25:36,21.34,--,13,27742,买盘
1602,10:25:24,21.34,0.02,20,42680,买盘
1603,10:24:42,21.32,-0.02,1,2132,卖盘
1604,10:24:39,21.34,0.02,10,21340,买盘
1605,10:24:36,21.32,--,20,42640,卖盘
1606,10:24:24,21.32,-0.01,55,117260,卖盘
1607,10:24:21,21.33,0.01,13,27728,中性盘
1608,10:24:12,21.32,--,5,10660,卖盘
1609,10:23:33,21.32,--,7,14924,卖盘
1610,10:23:12,21.32,--,7,14924,卖盘
1611,10:23:06,21.32,-0.02,2,4264,卖盘
1612,10:22:45,21.34,--,5,10670,买盘
1613,10:22:42,21.34,-0.03,23,49082,卖盘
1614,10:22:39,21.37,0.03,12,25644,买盘
1615,10:22:24,21.34,-0.01,14,29876,卖盘
1616,10:22:12,21.35,-0.02,4,8540,卖盘
1617,10:22:09,21.37,0.01,22,47014,买盘
1618,10:22:03,21.36,--,6,12816,买盘
1619,10:22:00,21.36,--,23,49128,卖盘
1620,10:21:42,21.36,--,18,38448,卖盘
1621,10:21:36,21.36,--,3,6408,卖盘
1622,10:21:21,21.36,--,4,8544,卖盘
1623,10:21:09,21.36,0.01,12,25632,买盘
1624,10:20:54,21.35,--,7,14945,卖盘
1625,10:20:51,21.35,--,8,17080,卖盘
1626,10:20:39,21.35,-0.01,1,2135,卖盘
1627,10:20:36,21.36,0.01,2,4272,中性盘
1628,10:20:27,21.35,-0.01,18,38430,卖盘
1629,10:20:21,21.36,0.01,1,2136,买盘
1630,10:20:12,21.35,-0.01,10,21350,卖盘
1631,10:20:00,21.36,0.01,2,4272,买盘
1632,10:19:45,21.35,-0.03,2,4270,卖盘
1633,10:19:18,21.38,--,2,4276,买盘
1634,10:19:12,21.38,0.01,18,38484,买盘
1635,10:19:06,21.37,--,1,2137,买盘
1636,10:19:03,21.37,-0.01,10,21370,卖盘
1637,10:18:51,21.38,--,4,8552,买盘
1638,10:18:45,21.38,--,1,2138,买盘
1639,10:18:36,21.38,--,1,2138,中性盘
1640,10:18:27,21.38,-0.01,10,21380,卖盘
1641,10:18:15,21.39,0.01,29,62031,买盘
1642,10:18:09,21.38,-0.01,1,2138,卖盘
1643,10:17:57,21.39,--,7,14973,卖盘
1644,10:17:48,21.39,0.02,13,27807,买盘
1645,10:17:42,21.37,-0.01,2,4274,卖盘
1646,10:17:33,21.38,--,1,2138,卖盘
1647,10:17:30,21.38,--,9,19242,买盘
1648,10:17:27,21.38,-0.01,1,2138,中性盘
1649,10:17:18,21.39,--,10,21390,买盘
1650,10:17:09,21.39,--,8,17112,买盘
1651,10:17:06,21.39,-0.01,2,4278,中性盘
1652,10:16:57,21.4,0.01,62,132680,买盘
1653,10:16:48,21.39,--,38,81282,买盘
1654,10:16:45,21.39,--,2,4278,买盘
1655,10:16:42,21.39,--,105,224595,买盘
1656,10:16:39,21.39,0.02,17,36363,买盘
1657,10:16:36,21.37,-0.01,24,51288,卖盘
1658,10:16:30,21.38,-0.01,8,17104,中性盘
1659,10:16:21,21.39,--,5,10695,买盘
1660,10:16:18,21.39,--,50,106950,买盘
1661,10:16:09,21.39,0.02,50,106950,买盘
1662,10:15:57,21.37,--,28,59836,买盘
1663,10:15:51,21.37,0.02,50,106850,买盘
1664,10:15:48,21.35,0.01,4,8540,买盘
1665,10:15:39,21.34,-0.01,6,12804,卖盘
1666,10:15:33,21.35,0.01,20,42700,买盘
1667,10:15:21,21.34,--,41,87494,买盘
1668,10:15:18,21.34,--,5,10670,买盘
1669,10:14:54,21.34,--,1,2134,买盘
1670,10:14:48,21.34,-0.01,2,4268,中性盘
1671,10:14:30,21.35,--,12,25620,买盘
1672,10:14:06,21.35,0.05,4,8540,买盘
1673,10:13:57,21.3,--,12,25560,买盘
1674,10:13:51,21.3,0.01,27,57510,买盘
1675,10:13:48,21.29,--,14,29806,买盘
1676,10:13:00,21.29,--,2,4258,买盘
1677,10:12:57,21.29,--,25,53225,买盘
1678,10:12:54,21.29,--,2,4258,买盘
1679,10:12:48,21.29,0.01,21,44709,买盘
1680,10:12:45,21.28,-0.01,1,2128,卖盘
1681,10:12:39,21.29,--,5,10645,买盘
1682,10:12:27,21.29,0.01,1,2129,买盘
1683,10:12:12,21.28,0.01,58,123424,买盘
1684,10:12:09,21.27,--,50,106350,卖盘
1685,10:11:39,21.27,--,42,89334,买盘
1686,10:11:36,21.27,0.04,50,106350,买盘
1687,10:11:33,21.23,--,5,10615,卖盘
1688,10:11:27,21.23,-0.01,5,10615,卖盘
1689,10:11:09,21.24,-0.03,9,19116,卖盘
1690,10:11:03,21.27,0.02,40,85080,买盘
1691,10:10:54,21.25,-0.02,58,123250,卖盘
1692,10:10:45,21.27,--,2,4254,买盘
1693,10:10:39,21.27,--,8,17016,买盘
1694,10:10:24,21.27,0.03,2,4254,买盘
1695,10:10:21,21.24,-0.03,7,14867,卖盘
1696,10:10:18,21.27,--,9,19143,买盘
1697,10:10:03,21.27,0.02,105,223335,买盘
1698,10:09:54,21.25,-0.02,3,6375,卖盘
1699,10:09:45,21.27,--,5,10635,买盘
1700,10:09:39,21.27,-0.01,4,8508,卖盘
1701,10:09:36,21.28,0.01,5,10640,买盘
1702,10:09:27,21.27,--,3,6381,卖盘
1703,10:09:18,21.27,--,2,4254,买盘
1704,10:09:12,21.27,-0.01,8,17016,中性盘
1705,10:08:51,21.28,0.05,9,19152,卖盘
1706,10:08:42,21.23,-0.05,196,416108,卖盘
1707,10:08:39,21.28,--,8,17024,买盘
1708,10:08:36,21.28,0.01,5,10640,买盘
1709,10:08:30,21.27,-0.01,6,12762,卖盘
1710,10:08:18,21.28,--,23,48944,买盘
1711,10:08:09,21.28,0.01,10,21280,买盘
1712,10:08:06,21.27,--,2,4254,买盘
1713,10:08:00,21.27,0.02,47,99969,买盘
1714,10:07:48,21.25,-0.01,8,17000,卖盘
1715,10:07:39,21.26,--,6,12756,买盘
1716,10:07:33,21.26,0.01,16,34016,买盘
1717,10:07:12,21.25,--,6,12750,卖盘
1718,10:07:09,21.25,--,15,31875,卖盘
1719,10:07:06,21.25,--,10,21250,卖盘
1720,10:06:51,21.25,--,100,212500,卖盘
1721,10:06:45,21.25,--,3,6375,卖盘
1722,10:06:42,21.25,--,3,6375,卖盘
1723,10:06:39,21.25,--,1,2125,卖盘
1724,10:06:33,21.25,--,2,4250,卖盘
1725,10:06:21,21.25,-0.01,10,21250,卖盘
1726,10:06:09,21.26,--,1,2126,卖盘
1727,10:06:06,21.26,--,4,8504,卖盘
1728,10:06:03,21.26,-0.01,5,10630,卖盘
1729,10:05:57,21.27,--,1,2127,买盘
1730,10:05:48,21.27,-0.01,35,74445,卖盘
1731,10:05:36,21.28,--,9,19152,买盘
1732,10:05:33,21.28,--,15,31920,卖盘
1733,10:05:24,21.28,--,10,21280,卖盘
1734,10:04:48,21.28,0.03,11,23408,买盘
1735,10:03:48,21.25,-0.02,15,31875,卖盘
1736,10:03:45,21.27,0.02,2,4254,中性盘
1737,10:03:39,21.25,--,10,21250,卖盘
1738,10:03:33,21.25,--,21,44625,卖盘
1739,10:03:27,21.25,0.05,1,2125,买盘
1740,10:03:24,21.2,-0.05,1,2120,卖盘
1741,10:03:21,21.25,0.05,10,21250,买盘
1742,10:03:09,21.2,--,17,36040,卖盘
1743,10:03:06,21.2,--,20,42400,买盘
1744,10:03:03,21.2,0.03,10,21200,买盘
1745,10:03:00,21.17,-0.03,5,10585,卖盘
1746,10:02:54,21.2,0.03,20,42400,买盘
1747,10:02:42,21.17,--,0,42,买盘
1748,10:02:36,21.17,--,2,6308,卖盘
1749,10:02:33,21.17,0.01,2,4276,买盘
1750,10:02:27,21.16,0.01,3,6348,买盘
1751,10:02:24,21.15,--,27,57104,买盘
1752,10:02:21,21.15,-0.01,76,160740,卖盘
1753,10:02:15,21.16,--,141,298356,买盘
1754,10:02:03,21.16,--,1,2116,买盘
1755,10:01:57,21.16,0.01,10,21160,买盘
1756,10:01:54,21.15,--,20,42300,卖盘
1757,10:01:51,21.15,--,10,21150,卖盘
1758,10:01:48,21.15,-0.01,1,2115,卖盘
1759,10:01:42,21.16,0.01,1,2116,买盘
1760,10:01:39,21.15,--,248,524520,卖盘
1761,10:01:36,21.15,-0.01,4,8460,卖盘
1762,10:01:27,21.16,--,16,33856,买盘
1763,10:01:21,21.16,--,44,94162,卖盘
1764,10:01:15,21.16,--,4,9522,卖盘
1765,10:01:12,21.16,-0.01,39,82524,卖盘
1766,10:01:09,21.17,--,1,2117,买盘
1767,10:01:06,21.17,-0.01,29,63467,卖盘
1768,10:00:48,21.18,--,10,21180,买盘
1769,10:00:45,21.18,--,51,108018,买盘
1770,10:00:42,21.18,--,6,12750,买盘
1771,10:00:33,21.18,--,5,10590,卖盘
1772,10:00:18,21.18,--,10,21180,卖盘
1773,10:00:15,21.18,--,1,2118,卖盘
1774,10:00:12,21.18,-0.01,10,21180,卖盘
1775,10:00:09,21.19,-0.01,27,57213,卖盘
1776,10:00:06,21.2,--,16,33920,卖盘
1777,09:59:57,21.2,-0.02,17,36040,卖盘
1778,09:59:54,21.22,--,4,8488,买盘
1779,09:59:51,21.22,--,15,31830,买盘
1780,09:59:45,21.22,--,2,4244,买盘
1781,09:59:36,21.22,--,31,65782,买盘
1782,09:59:30,21.22,0.02,5,10610,买盘
1783,09:59:15,21.2,--,5,10600,卖盘
1784,09:59:12,21.2,0.01,13,27560,买盘
1785,09:59:03,21.19,--,1,2119,买盘
1786,09:59:00,21.19,0.01,7,14833,买盘
1787,09:58:51,21.18,--,10,21180,卖盘
1788,09:58:42,21.18,--,23,48714,买盘
1789,09:58:33,21.18,0.02,15,31770,买盘
1790,09:58:21,21.16,--,2,4232,卖盘
1791,09:58:18,21.16,-0.01,20,42320,卖盘
1792,09:58:09,21.17,0.02,10,21170,买盘
1793,09:58:03,21.15,--,10,21150,卖盘
1794,09:57:57,21.15,-0.02,25,52875,卖盘
1795,09:57:54,21.17,--,15,31755,买盘
1796,09:57:51,21.17,0.01,5,10585,买盘
1797,09:57:45,21.16,-0.01,10,21160,卖盘
1798,09:57:42,21.17,--,1,2117,买盘
1799,09:57:33,21.17,--,17,35989,买盘
1800,09:57:30,21.17,0.01,7,14819,买盘
1801,09:57:27,21.16,-0.01,5,10580,卖盘
1802,09:57:24,21.17,--,10,21170,买盘
1803,09:57:21,21.17,--,11,23287,买盘
1804,09:57:12,21.17,--,17,35989,卖盘
1805,09:57:09,21.17,-0.01,7,14819,卖盘
1806,09:57:06,21.18,--,1,2118,买盘
1807,09:57:03,21.18,--,18,38124,买盘
1808,09:56:57,21.18,0.01,9,19062,买盘
1809,09:56:54,21.17,-0.01,7,14819,卖盘
1810,09:56:51,21.18,0.01,6,12708,买盘
1811,09:56:48,21.17,--,3,6351,卖盘
1812,09:56:45,21.17,-0.01,4,8468,卖盘
1813,09:56:42,21.18,--,12,25416,买盘
1814,09:56:39,21.18,--,10,21180,买盘
1815,09:56:36,21.18,--,1,2118,买盘
1816,09:56:30,21.18,--,1,2118,买盘
1817,09:56:27,21.18,-0.01,28,59304,卖盘
1818,09:56:24,21.19,--,2,4238,买盘
1819,09:56:15,21.19,--,11,23309,卖盘
1820,09:56:06,21.19,-0.01,10,21190,中性盘
1821,09:56:00,21.2,0.02,10,21200,买盘
1822,09:55:51,21.18,-0.01,12,25416,卖盘
1823,09:55:48,21.19,--,3,6357,买盘
1824,09:55:45,21.19,--,10,21190,买盘
1825,09:55:36,21.19,0.01,62,131378,买盘
1826,09:55:30,21.18,-0.01,2,4236,中性盘
1827,09:55:27,21.19,--,5,10595,买盘
1828,09:55:24,21.19,--,15,31785,买盘
1829,09:55:18,21.19,--,10,21190,买盘
1830,09:55:15,21.19,-0.01,3,6357,卖盘
1831,09:55:09,21.2,0.01,4,8480,买盘
1832,09:55:06,21.19,--,5,10595,卖盘
1833,09:54:54,21.19,-0.01,18,38142,卖盘
1834,09:54:51,21.2,--,4,8480,中性盘
1835,09:54:45,21.2,0.01,11,23320,买盘
1836,09:54:42,21.19,--,1,2119,买盘
1837,09:54:39,21.19,0.01,36,76284,买盘
1838,09:54:36,21.18,0.03,12,25416,买盘
1839,09:54:33,21.15,0.04,183,387045,买盘
1840,09:54:30,21.11,-0.01,5,10555,买盘
1841,09:54:27,21.12,0.02,12,25344,买盘
1842,09:54:21,21.1,-0.04,58,122380,卖盘
1843,09:54:18,21.14,0.03,20,42280,买盘
1844,09:54:15,21.11,0.01,15,31665,中性盘
1845,09:54:12,21.1,-0.01,8,16880,卖盘
1846,09:54:09,21.11,-0.01,5,10555,中性盘
1847,09:54:03,21.12,0.02,1,2112,买盘
1848,09:54:00,21.1,--,5,10550,卖盘
1849,09:53:57,21.1,0.04,76,160360,中性盘
1850,09:53:51,21.06,-0.04,32,67392,卖盘
1851,09:53:48,21.1,--,15,31650,卖盘
1852,09:53:45,21.1,--,41,86510,买盘
1853,09:53:36,21.1,--,2,4220,买盘
1854,09:53:33,21.1,--,70,147700,卖盘
1855,09:53:30,21.1,--,15,31650,卖盘
1856,09:53:27,21.1,-0.04,24,50640,卖盘
1857,09:53:21,21.14,0.04,3,6342,买盘
1858,09:53:18,21.1,-0.02,14,29540,卖盘
1859,09:53:15,21.12,-0.02,23,48576,卖盘
1860,09:53:12,21.14,-0.04,32,67648,卖盘
1861,09:53:09,21.18,0.02,1,2118,买盘
1862,09:53:06,21.16,-0.01,5,10580,卖盘
1863,09:53:03,21.17,-0.02,30,63510,卖盘
1864,09:53:00,21.19,--,30,63570,买盘
1865,09:52:54,21.19,--,19,40261,买盘
1866,09:52:51,21.19,-0.01,85,180115,卖盘
1867,09:52:48,21.2,-0.01,124,262880,卖盘
1868,09:52:45,21.21,-0.01,2,4242,卖盘
1869,09:52:39,21.22,-0.01,41,87002,卖盘
1870,09:52:33,21.23,--,4,8492,卖盘
1871,09:52:30,21.23,-0.04,108,229284,卖盘
1872,09:52:27,21.27,--,28,60619,卖盘
1873,09:52:24,21.27,--,5,10635,卖盘
1874,09:52:21,21.27,--,44,93588,卖盘
1875,09:52:18,21.27,-0.01,251,533877,卖盘
1876,09:52:12,21.28,--,2,4256,卖盘
1877,09:52:09,21.28,--,21,44688,卖盘
1878,09:52:06,21.28,-0.03,7,15960,卖盘
1879,09:52:03,21.31,-0.01,6,12786,卖盘
1880,09:51:57,21.32,-0.03,34,72488,卖盘
1881,09:51:54,21.35,--,3,6405,买盘
1882,09:51:51,21.35,0.02,13,27755,买盘
1883,09:51:45,21.33,-0.02,3,6398,卖盘
1884,09:51:30,21.35,--,2,4270,买盘
1885,09:50:48,21.35,0.03,5,10675,买盘
1886,09:50:39,21.32,--,9,19188,卖盘
1887,09:50:36,21.32,0.04,7,14924,买盘
1888,09:50:21,21.28,0.01,10,21280,中性盘
1889,09:50:06,21.27,--,9,19143,买盘
1890,09:50:00,21.27,--,4,8508,卖盘
1891,09:49:54,21.27,-0.03,40,85080,卖盘
1892,09:49:42,21.3,0.02,5,10650,买盘
1893,09:49:39,21.28,-0.02,1,2128,卖盘
1894,09:49:30,21.3,-0.02,93,200177,卖盘
1895,09:49:24,21.32,--,1,2132,买盘
1896,09:49:21,21.32,--,11,23452,买盘
1897,09:49:18,21.32,--,1,2132,买盘
1898,09:49:12,21.32,-0.02,7,14924,卖盘
1899,09:49:06,21.34,0.02,1,2134,买盘
1900,09:49:00,21.32,-0.01,5,10660,买盘
1901,09:48:54,21.33,0.01,40,85320,买盘
1902,09:48:48,21.32,-0.01,37,78884,卖盘
1903,09:48:45,21.33,--,10,21330,买盘
1904,09:48:42,21.33,--,1,2133,买盘
1905,09:48:39,21.33,--,1,2133,买盘
1906,09:48:33,21.33,--,51,108782,买盘
1907,09:48:27,21.33,--,5,10665,买盘
1908,09:48:24,21.33,0.02,5,10665,买盘
1909,09:48:18,21.31,--,8,17048,卖盘
1910,09:48:06,21.31,--,40,85282,买盘
1911,09:48:03,21.31,--,5,10655,买盘
1912,09:48:00,21.31,0.01,5,10655,买盘
1913,09:47:42,21.3,--,1,2130,卖盘
1914,09:47:39,21.3,0.04,14,29820,中性盘
1915,09:47:24,21.26,-0.04,20,42520,卖盘
1916,09:47:15,21.3,--,14,29820,卖盘
1917,09:47:12,21.3,0.02,1,2130,卖盘
1918,09:47:06,21.28,--,1,2128,买盘
1919,09:47:00,21.28,-0.05,33,70224,卖盘
1920,09:46:45,21.33,0.03,4,8532,买盘
1921,09:46:42,21.3,-0.03,57,121410,卖盘
1922,09:46:30,21.33,--,3,6398,卖盘
1923,09:46:24,21.33,-0.01,4,8532,卖盘
1924,09:46:15,21.34,--,6,12804,卖盘
1925,09:46:12,21.34,--,1,2134,卖盘
1926,09:46:03,21.34,-0.01,2,4268,卖盘
1927,09:45:54,21.35,--,2,4270,买盘
1928,09:45:42,21.35,--,11,25577,卖盘
1929,09:45:36,21.35,--,5,10675,卖盘
1930,09:45:33,21.35,--,10,21350,卖盘
1931,09:45:18,21.35,--,45,96075,卖盘
1932,09:45:15,21.35,--,40,85400,卖盘
1933,09:45:12,21.35,-0.02,6,12810,卖盘
1934,09:45:06,21.37,0.02,3,6411,买盘
1935,09:45:03,21.35,-0.02,1,2135,卖盘
1936,09:45:00,21.37,--,3,6411,买盘
1937,09:44:57,21.37,0.02,30,64110,买盘
1938,09:44:51,21.35,-0.02,61,130235,卖盘
1939,09:44:45,21.37,-0.02,6,12822,卖盘
1940,09:44:30,21.39,--,4,8556,买盘
1941,09:44:24,21.39,0.01,10,21390,买盘
1942,09:44:21,21.38,-0.01,7,14966,卖盘
1943,09:44:09,21.39,--,27,57753,卖盘
1944,09:44:06,21.39,--,5,10695,卖盘
1945,09:43:57,21.39,0.01,36,77004,买盘
1946,09:43:51,21.38,-0.01,29,62002,卖盘
1947,09:43:48,21.39,--,7,14973,买盘
1948,09:43:39,21.39,--,2,4278,买盘
1949,09:43:36,21.39,--,16,34224,买盘
1950,09:43:15,21.39,--,8,17112,买盘
1951,09:42:57,21.39,--,7,14973,买盘
1952,09:42:42,21.39,0.03,73,156147,买盘
1953,09:42:39,21.36,-0.01,40,85440,卖盘
1954,09:42:33,21.37,--,50,106892,买盘
1955,09:42:24,21.37,--,9,19233,买盘
1956,09:42:21,21.37,--,5,10685,买盘
1957,09:42:12,21.37,-0.01,197,420989,卖盘
1958,09:42:09,21.38,0.01,12,25656,买盘
1959,09:42:06,21.37,--,20,42740,卖盘
1960,09:42:03,21.37,-0.02,50,106850,卖盘
1961,09:41:54,21.39,0.01,21,44919,买盘
1962,09:41:48,21.38,--,7,14966,卖盘
1963,09:41:39,21.38,--,3,6414,卖盘
1964,09:41:36,21.38,--,5,10690,买盘
1965,09:41:27,21.38,--,6,12828,卖盘
1966,09:41:24,21.38,--,12,25656,买盘
1967,09:41:21,21.38,--,8,17104,买盘
1968,09:41:12,21.38,-0.01,44,94072,卖盘
1969,09:41:09,21.39,--,5,10695,买盘
1970,09:41:06,21.39,0.01,15,32085,买盘
1971,09:41:03,21.38,-0.01,22,47036,卖盘
1972,09:41:00,21.39,--,1,2139,买盘
1973,09:40:51,21.39,--,58,124062,卖盘
1974,09:40:42,21.39,-0.01,30,64170,卖盘
1975,09:40:39,21.4,--,2,4280,买盘
1976,09:40:33,21.4,0.01,36,77040,买盘
1977,09:40:30,21.39,-0.01,5,10695,中性盘
1978,09:40:21,21.4,0.01,9,19260,买盘
1979,09:40:18,21.39,--,35,74865,买盘
1980,09:40:15,21.39,--,33,70587,买盘
1981,09:40:12,21.39,-0.01,6,12834,卖盘
1982,09:40:09,21.4,0.01,1,2140,买盘
1983,09:40:03,21.39,-0.01,4,8556,卖盘
1984,09:40:00,21.4,--,5,10700,买盘
1985,09:39:54,21.4,--,17,36380,买盘
1986,09:39:48,21.4,--,9,19260,买盘
1987,09:39:45,21.4,0.01,3,6420,买盘
1988,09:39:42,21.39,-0.01,8,17112,卖盘
1989,09:39:24,21.4,--,30,64199,买盘
1990,09:39:21,21.4,--,6,12840,买盘
1991,09:39:18,21.4,--,2,4280,买盘
1992,09:39:15,21.4,--,3,6420,买盘
1993,09:39:06,21.4,0.01,22,47080,买盘
1994,09:39:00,21.39,-0.01,3,6417,卖盘
1995,09:38:57,21.4,--,1,2140,买盘
1996,09:38:54,21.4,--,7,14979,买盘
1997,09:38:48,21.4,--,33,70620,买盘
1998,09:38:45,21.4,-0.02,47,100580,卖盘
1999,09:38:42,21.42,-0.01,3,6426,中性盘
2000,09:38:36,21.43,0.01,3,6429,买盘
2001,09:38:33,21.42,0.02,2,4284,买盘
2002,09:38:30,21.4,--,4,8560,卖盘
2003,09:38:21,21.4,--,6,12840,买盘
2004,09:38:18,21.4,-0.03,2,4280,中性盘
2005,09:38:06,21.43,0.05,10,21430,买盘
2006,09:38:03,21.38,-0.05,2,4276,卖盘
2007,09:37:57,21.43,--,5,10715,买盘
2008,09:37:51,21.43,0.05,5,10715,买盘
2009,09:37:48,21.38,-0.01,30,64140,卖盘
2010,09:37:45,21.39,-0.05,5,10695,卖盘
2011,09:37:39,21.44,--,2,4288,买盘
2012,09:37:36,21.44,--,97,207968,卖盘
2013,09:37:33,21.44,-0.01,1,2144,卖盘
2014,09:37:30,21.45,0.01,11,23595,买盘
2015,09:37:27,21.44,--,53,113632,卖盘
2016,09:37:24,21.44,-0.01,5,10720,卖盘
2017,09:37:21,21.45,--,5,10725,买盘
2018,09:37:18,21.45,--,3,6435,买盘
2019,09:37:15,21.45,--,28,60060,卖盘
2020,09:37:09,21.45,--,6,12870,买盘
2021,09:37:06,21.45,--,20,42900,买盘
2022,09:37:03,21.45,--,9,19305,买盘
2023,09:36:57,21.45,--,27,57915,买盘
2024,09:36:54,21.45,0.01,57,122265,买盘
2025,09:36:51,21.44,-0.01,1,2144,买盘
2026,09:36:45,21.45,--,2,4290,买盘
2027,09:36:36,21.45,--,28,60060,买盘
2028,09:36:33,21.45,0.07,3,6435,买盘
2029,09:36:15,21.38,--,6,12828,买盘
2030,09:36:12,21.38,--,30,64140,买盘
2031,09:36:09,21.38,--,15,32070,买盘
2032,09:36:00,21.38,0.01,19,40622,买盘
2033,09:35:57,21.37,--,5,10685,买盘
2034,09:35:54,21.37,--,3,6411,买盘
2035,09:35:51,21.37,--,20,42740,买盘
2036,09:35:48,21.37,--,41,87617,买盘
2037,09:35:42,21.37,0.02,13,27781,买盘
2038,09:35:30,21.35,0.02,23,49105,买盘
2039,09:35:27,21.33,--,23,49058,买盘
2040,09:35:18,21.33,--,82,174906,买盘
2041,09:35:12,21.33,0.03,25,53324,买盘
2042,09:35:09,21.3,--,3,6390,卖盘
2043,09:35:06,21.3,--,22,46860,买盘
2044,09:35:03,21.3,--,10,21300,买盘
2045,09:35:00,21.3,--,1,2130,买盘
2046,09:34:57,21.3,--,24,51120,卖盘
2047,09:34:54,21.3,--,2,4260,卖盘
2048,09:34:48,21.3,--,13,27690,买盘
2049,09:34:42,21.3,--,12,25560,买盘
2050,09:34:39,21.3,--,2,4260,买盘
2051,09:34:36,21.3,--,10,21300,买盘
2052,09:34:30,21.3,0.03,30,63900,买盘
2053,09:34:24,21.27,0.01,3,6381,中性盘
2054,09:34:12,21.26,0.01,3,6378,中性盘
2055,09:33:57,21.25,--,8,17000,卖盘
2056,09:33:54,21.25,--,60,127500,卖盘
2057,09:33:51,21.25,--,30,63750,卖盘
2058,09:33:48,21.25,--,10,21250,卖盘
2059,09:33:45,21.25,--,10,21250,卖盘
2060,09:33:42,21.25,--,1,2125,卖盘
2061,09:33:36,21.25,--,60,127500,买盘
2062,09:33:30,21.25,--,16,34000,买盘
2063,09:33:27,21.25,--,11,23375,买盘
2064,09:33:21,21.25,--,5,10625,买盘
2065,09:33:18,21.25,0.01,1,2125,买盘
2066,09:33:15,21.24,--,9,19116,卖盘
2067,09:33:12,21.24,-0.01,3,6371,卖盘
2068,09:33:09,21.25,0.01,21,44625,买盘
2069,09:33:06,21.24,--,15,31859,买盘
2070,09:33:00,21.24,--,8,16992,买盘
2071,09:32:57,21.24,-0.01,1,2124,买盘
2072,09:32:54,21.25,-0.03,21,44625,卖盘
2073,09:32:48,21.28,--,6,12768,买盘
2074,09:32:39,21.28,-0.01,4,8512,卖盘
2075,09:32:36,21.29,0.01,10,21290,中性盘
2076,09:32:27,21.28,--,5,10640,卖盘
2077,09:32:24,21.28,-0.02,1,2128,卖盘
2078,09:32:21,21.3,--,3,6390,买盘
2079,09:32:18,21.3,-0.01,42,89460,卖盘
2080,09:32:06,21.31,--,59,125728,卖盘
2081,09:32:03,21.31,--,3,6393,卖盘
2082,09:31:57,21.31,--,9,19179,买盘
2083,09:31:51,21.31,--,5,10655,买盘
2084,09:31:48,21.31,--,1,2131,买盘
2085,09:31:45,21.31,--,7,14917,买盘
2086,09:31:42,21.31,0.03,11,23441,买盘
2087,09:31:18,21.28,-0.02,13,27664,卖盘
2088,09:31:15,21.3,--,5,10650,买盘
2089,09:31:12,21.3,0.02,12,25560,买盘
2090,09:31:00,21.28,0.08,52,110656,买盘
2091,09:30:51,21.2,-0.01,6,12720,卖盘
2092,09:30:48,21.21,--,7,14847,买盘
2093,09:30:45,21.21,--,20,42420,买盘
2094,09:30:39,21.21,--,1,2121,买盘
2095,09:30:33,21.21,-0.07,22,46662,卖盘
2096,09:30:30,21.28,-0.02,3,6384,卖盘
2097,09:30:21,21.3,--,1,2130,买盘
2098,09:30:09,21.3,0.09,3,6390,买盘
2099,09:30:06,21.21,-0.12,64,135744,卖盘
2100,09:30:03,21.33,--,35,74655,买盘
2101,09:30:00,21.33,--,0,0,买盘
2102,09:25:03,21.33,21.33,49,104516,买盘
