,time,price,change,volume,amount,type
0,15:00:03,15.18,0.01,3028,4596883,买盘
1,14:57:00,15.17,--,81,122877,卖盘
2,14:56:57,15.17,0.01,121,183557,买盘
3,14:56:54,15.16,--,41,62156,卖盘
4,14:56:51,15.16,--,435,659460,卖盘
5,14:56:48,15.16,--,13,19708,卖盘
6,14:56:45,15.16,--,122,184952,卖盘
7,14:56:42,15.16,-0.01,56,84896,卖盘
8,14:56:39,15.17,0.01,300,455100,买盘
9,14:56:36,15.16,-0.01,23,34868,卖盘
10,14:56:30,15.17,0.01,182,276094,买盘
11,14:56:27,15.16,--,104,157664,买盘
12,14:56:24,15.16,--,41,62156,买盘
13,14:56:21,15.16,0.01,34,51544,买盘
14,14:56:15,15.15,-0.01,35,53025,卖盘
15,14:56:12,15.16,0.01,293,444188,买盘
16,14:56:09,15.15,--,35,53025,卖盘
17,14:56:06,15.15,-0.01,20,30300,卖盘
18,14:56:03,15.16,0.01,12,18192,买盘
19,14:56:00,15.15,--,195,295425,卖盘
20,14:55:57,15.15,--,16,24240,卖盘
21,14:55:54,15.15,--,10,15150,卖盘
22,14:55:51,15.15,-0.01,11,16665,卖盘
23,14:55:48,15.16,0.01,10,15160,买盘
24,14:55:42,15.15,--,36,54540,卖盘
25,14:55:39,15.15,-0.01,14,21210,卖盘
26,14:55:36,15.16,--,130,197080,买盘
27,14:55:33,15.16,--,25,37900,买盘
28,14:55:30,15.16,--,51,77316,买盘
29,14:55:27,15.16,--,2,3032,买盘
30,14:55:24,15.16,--,20,30320,买盘
31,14:55:21,15.16,--,10,15160,买盘
32,14:55:18,15.16,-0.01,158,239528,卖盘
33,14:55:09,15.17,0.01,94,142598,买盘
34,14:55:06,15.16,--,17,25772,卖盘
35,14:55:03,15.16,-0.01,4,6064,中性盘
36,14:55:00,15.17,0.01,36,54612,买盘
37,14:54:57,15.16,--,5,7580,卖盘
38,14:54:51,15.16,--,22,33352,卖盘
39,14:54:48,15.16,--,6,9096,卖盘
40,14:54:45,15.16,--,14,21224,卖盘
41,14:54:42,15.16,-0.01,20,30320,卖盘
42,14:54:39,15.17,0.01,23,34891,买盘
43,14:54:36,15.16,--,62,93992,卖盘
44,14:54:33,15.16,-0.01,20,30320,卖盘
45,14:54:30,15.17,0.01,24,36408,买盘
46,14:54:27,15.16,-0.01,68,103088,卖盘
47,14:54:24,15.17,0.01,7,10619,买盘
48,14:54:21,15.16,--,42,63672,卖盘
49,14:54:18,15.16,0.01,356,539696,买盘
50,14:54:15,15.15,--,5,7575,买盘
51,14:54:12,15.15,-0.01,739,1119585,卖盘
52,14:54:09,15.16,-0.01,10,15160,买盘
53,14:54:06,15.17,--,38,57646,买盘
54,14:54:03,15.17,--,77,116809,买盘
55,14:53:57,15.17,0.01,21,31857,买盘
56,14:53:54,15.16,-0.01,2,3032,卖盘
57,14:53:51,15.17,--,19,28823,买盘
58,14:53:45,15.17,0.01,50,75850,卖盘
59,14:53:42,15.16,-0.01,129,195564,卖盘
60,14:53:39,15.17,--,25,37925,买盘
61,14:53:36,15.17,-0.01,39,59163,买盘
62,14:53:33,15.18,0.01,72,109296,买盘
63,14:53:30,15.17,--,72,109224,卖盘
64,14:53:27,15.17,--,47,71299,卖盘
65,14:53:24,15.17,--,21,31857,卖盘
66,14:53:21,15.17,--,99,150183,卖盘
67,14:53:18,15.17,--,44,66748,卖盘
68,14:53:15,15.17,-0.01,19,28823,卖盘
69,14:53:12,15.18,0.01,33,50094,买盘
70,14:53:09,15.17,-0.01,195,295815,卖盘
71,14:53:06,15.18,0.01,22,33396,买盘
72,14:53:03,15.17,--,33,50061,卖盘
73,14:53:00,15.17,--,21,31857,卖盘
74,14:52:57,15.17,--,11,16687,卖盘
75,14:52:54,15.17,--,5,7585,卖盘
76,14:52:51,15.17,--,2,3034,卖盘
77,14:52:48,15.17,-0.01,36,54612,卖盘
78,14:52:45,15.18,--,12,18216,买盘
79,14:52:42,15.18,0.01,25,37950,买盘
80,14:52:39,15.17,-0.01,10,15170,卖盘
81,14:52:36,15.18,--,4,6072,买盘
82,14:52:33,15.18,--,50,75900,买盘
83,14:52:30,15.18,0.01,202,306636,买盘
84,14:52:27,15.17,--,101,153217,买盘
85,14:52:24,15.17,-0.01,111,168387,卖盘
86,14:52:21,15.18,--,100,151800,卖盘
87,14:52:18,15.18,0.01,560,850080,买盘
88,14:52:15,15.17,--,10,15170,卖盘
89,14:52:09,15.17,--,56,84952,卖盘
90,14:52:06,15.17,-0.01,100,151700,卖盘
91,14:52:03,15.18,--,188,285384,买盘
92,14:52:00,15.18,--,100,151800,买盘
93,14:51:57,15.18,--,40,60720,买盘
94,14:51:54,15.18,--,21,31878,买盘
95,14:51:51,15.18,0.01,2,3036,买盘
96,14:51:48,15.17,-0.01,1027,1557959,卖盘
97,14:51:45,15.18,--,8,12144,买盘
98,14:51:42,15.18,0.01,24,36432,买盘
99,14:51:36,15.17,--,146,221482,卖盘
100,14:51:33,15.17,--,133,201761,买盘
101,14:51:30,15.17,--,32,48544,买盘
102,14:51:27,15.17,--,227,344359,买盘
103,14:51:24,15.17,--,50,75850,买盘
104,14:51:21,15.17,0.01,34,51578,买盘
105,14:51:18,15.16,--,7,10612,卖盘
106,14:51:15,15.16,-0.01,256,388096,卖盘
107,14:51:12,15.17,0.01,103,156251,买盘
108,14:51:09,15.16,-0.01,8,12128,卖盘
109,14:51:06,15.17,--,6,9102,买盘
110,14:51:03,15.17,--,13,19721,买盘
111,14:51:00,15.17,--,113,171421,买盘
112,14:50:57,15.17,--,2,3034,买盘
113,14:50:54,15.17,0.01,159,241203,买盘
114,14:50:51,15.16,-0.01,171,259236,卖盘
115,14:50:48,15.17,--,17,25789,买盘
116,14:50:45,15.17,--,28,42476,买盘
117,14:50:42,15.17,--,51,77367,买盘
118,14:50:39,15.17,0.01,123,186591,买盘
119,14:50:36,15.16,-0.01,34,51544,卖盘
120,14:50:33,15.17,0.01,12,18204,买盘
121,14:50:30,15.16,-0.01,33,50028,卖盘
122,14:50:27,15.17,--,140,212380,买盘
123,14:50:24,15.17,0.01,199,301883,买盘
124,14:50:21,15.16,--,10,15160,卖盘
125,14:50:18,15.16,--,18,27288,卖盘
126,14:50:12,15.16,0.01,268,406288,买盘
127,14:50:09,15.15,--,15,22725,卖盘
128,14:50:06,15.15,--,19,28785,卖盘
129,14:50:03,15.15,--,432,654480,卖盘
130,14:50:00,15.15,--,363,549945,买盘
131,14:49:57,15.15,0.01,71,107565,买盘
132,14:49:54,15.14,--,277,419378,卖盘
133,14:49:51,15.14,--,60,90840,卖盘
134,14:49:48,15.14,--,5,7570,卖盘
135,14:49:45,15.14,-0.01,6,9084,卖盘
136,14:49:42,15.15,0.01,32,48480,买盘
137,14:49:39,15.14,--,556,841784,买盘
138,14:49:36,15.14,--,166,251324,买盘
139,14:49:33,15.14,--,124,187736,买盘
140,14:49:30,15.14,0.01,12,18168,买盘
141,14:49:24,15.13,--,105,158865,卖盘
142,14:49:21,15.13,--,20,30260,卖盘
143,14:49:18,15.13,-0.01,1,1513,卖盘
144,14:49:15,15.14,0.01,2,3028,买盘
145,14:49:12,15.13,--,20,30260,卖盘
146,14:49:09,15.13,0.01,639,966807,买盘
147,14:49:06,15.12,--,8,12821,买盘
148,14:49:03,15.12,--,113,170856,买盘
149,14:49:00,15.12,0.01,5,8527,买盘
150,14:48:57,15.11,-0.01,119,179809,卖盘
151,14:48:54,15.12,--,21,31752,买盘
152,14:48:51,15.12,--,10,15120,买盘
153,14:48:48,15.12,-0.01,26,39312,中性盘
154,14:48:45,15.13,--,42,63546,买盘
155,14:48:42,15.13,--,62,93806,买盘
156,14:48:39,15.13,0.01,21,31773,买盘
157,14:48:36,15.12,-0.01,163,246456,卖盘
158,14:48:33,15.13,0.01,21,31773,买盘
159,14:48:30,15.12,--,275,415800,卖盘
160,14:48:27,15.12,--,130,196560,卖盘
161,14:48:24,15.12,--,12,18144,卖盘
162,14:48:21,15.12,-0.01,73,110376,卖盘
163,14:48:18,15.13,0.01,265,400945,买盘
164,14:48:15,15.12,-0.01,20,30240,卖盘
165,14:48:12,15.13,--,63,95319,买盘
166,14:48:09,15.13,--,150,226950,买盘
167,14:48:06,15.13,--,22,33286,买盘
168,14:48:03,15.13,--,18,27234,买盘
169,14:48:00,15.13,--,61,92293,买盘
170,14:47:57,15.13,0.01,23,34799,买盘
171,14:47:54,15.12,--,40,60480,卖盘
172,14:47:51,15.12,-0.01,15,22680,卖盘
173,14:47:48,15.13,0.01,65,98345,买盘
174,14:47:45,15.12,-0.01,258,390096,卖盘
175,14:47:42,15.13,0.01,54,81702,买盘
176,14:47:39,15.12,--,240,362880,卖盘
177,14:47:36,15.12,-0.01,82,123984,卖盘
178,14:47:33,15.13,--,146,220898,买盘
179,14:47:30,15.13,--,65,98345,买盘
180,14:47:27,15.13,--,281,425153,卖盘
181,14:47:24,15.13,--,41,62033,卖盘
182,14:47:21,15.13,-0.01,10,15130,卖盘
183,14:47:18,15.14,0.01,39,59046,买盘
184,14:47:15,15.13,--,216,326808,买盘
185,14:47:12,15.13,0.01,307,464491,买盘
186,14:47:09,15.12,--,226,341712,买盘
187,14:47:06,15.12,--,12,18144,买盘
188,14:47:03,15.12,0.01,21,31752,中性盘
189,14:47:00,15.11,-0.01,26,39286,卖盘
190,14:46:54,15.12,--,111,167832,买盘
191,14:46:51,15.12,--,265,400680,买盘
192,14:46:48,15.12,--,13,19656,买盘
193,14:46:45,15.12,0.01,17,25704,买盘
194,14:46:42,15.11,--,5,7555,卖盘
195,14:46:39,15.11,-0.01,101,152611,卖盘
196,14:46:36,15.12,0.01,3,4536,买盘
197,14:46:33,15.11,--,6,9066,卖盘
198,14:46:30,15.11,--,17,25687,买盘
199,14:46:27,15.11,0.01,56,84616,买盘
200,14:46:24,15.1,--,142,214420,卖盘
201,14:46:21,15.1,-0.01,8,12080,卖盘
202,14:46:15,15.11,--,86,129946,买盘
203,14:46:12,15.11,0.01,47,71017,买盘
204,14:46:09,15.1,0.01,250,377500,买盘
205,14:46:06,15.09,--,1697,2560773,买盘
206,14:46:03,15.09,--,210,316890,买盘
207,14:46:00,15.09,--,50,75450,买盘
208,14:45:57,15.09,--,173,261057,买盘
209,14:45:54,15.09,--,23,34707,买盘
210,14:45:48,15.09,--,33,49797,买盘
211,14:45:45,15.09,--,90,135810,买盘
212,14:45:42,15.09,0.01,32,48288,买盘
213,14:45:39,15.08,-0.01,156,235248,卖盘
214,14:45:36,15.09,--,12,18108,买盘
215,14:45:33,15.09,0.01,100,150900,买盘
216,14:45:30,15.08,-0.01,69,104052,卖盘
217,14:45:27,15.09,0.01,101,152409,买盘
218,14:45:24,15.08,--,23,34684,卖盘
219,14:45:21,15.08,--,30,45240,卖盘
220,14:45:18,15.08,--,40,60320,卖盘
221,14:45:15,15.08,--,8,12064,卖盘
222,14:45:12,15.08,--,1585,2391295,买盘
223,14:45:09,15.08,0.01,30,45240,买盘
224,14:45:06,15.07,-0.01,12,18084,卖盘
225,14:45:03,15.08,--,21,31668,买盘
226,14:45:00,15.08,0.01,26,39208,买盘
227,14:44:57,15.07,--,24,36168,卖盘
228,14:44:51,15.07,--,5,7535,卖盘
229,14:44:48,15.07,-0.01,15,22605,卖盘
230,14:44:45,15.08,0.01,58,87464,买盘
231,14:44:42,15.07,-0.01,21,31647,卖盘
232,14:44:39,15.08,0.01,73,110084,买盘
233,14:44:36,15.07,--,1,1507,卖盘
234,14:44:33,15.07,--,18,27126,卖盘
235,14:44:27,15.07,0.01,29,43703,买盘
236,14:44:24,15.06,-0.01,2,3012,卖盘
237,14:44:21,15.07,0.01,2,3014,买盘
238,14:44:18,15.06,-0.01,121,183024,卖盘
239,14:44:15,15.07,--,8,12056,买盘
240,14:44:12,15.07,--,18,27126,买盘
241,14:44:09,15.07,0.01,259,390313,买盘
242,14:44:06,15.06,-0.01,61,91866,卖盘
243,14:44:00,15.07,--,56,84392,买盘
244,14:43:54,15.07,--,5,7535,买盘
245,14:43:51,15.07,0.01,27,40689,买盘
246,14:43:48,15.06,--,215,323790,卖盘
247,14:43:45,15.06,--,10,15060,卖盘
248,14:43:42,15.06,-0.01,63,94878,卖盘
249,14:43:39,15.07,--,18,27126,买盘
250,14:43:36,15.07,--,20,30140,买盘
251,14:43:33,15.07,0.01,41,61787,买盘
252,14:43:30,15.06,--,56,84336,买盘
253,14:43:27,15.06,0.01,3,4518,卖盘
254,14:43:24,15.05,-0.01,62,93310,卖盘
255,14:43:21,15.06,--,6,9036,卖盘
256,14:43:18,15.06,-0.01,50,75300,卖盘
257,14:43:15,15.07,0.01,29,43703,买盘
258,14:43:12,15.06,--,22,33132,卖盘
259,14:43:09,15.06,--,40,60240,卖盘
260,14:43:06,15.06,--,57,85842,卖盘
261,14:43:03,15.06,--,37,55722,卖盘
262,14:43:00,15.06,--,2,3012,卖盘
263,14:42:57,15.06,--,5,7530,卖盘
264,14:42:54,15.06,--,49,73794,卖盘
265,14:42:51,15.06,-0.01,44,66264,卖盘
266,14:42:48,15.07,0.01,16,24112,买盘
267,14:42:45,15.06,--,2,3012,卖盘
268,14:42:39,15.06,--,33,49698,卖盘
269,14:42:36,15.06,-0.01,7,10542,卖盘
270,14:42:30,15.07,0.01,41,61787,买盘
271,14:42:27,15.06,--,8,12048,卖盘
272,14:42:21,15.06,--,795,1197270,卖盘
273,14:42:18,15.06,--,15,22590,卖盘
274,14:42:15,15.06,--,243,365958,买盘
275,14:42:12,15.06,--,10,15060,买盘
276,14:42:09,15.06,--,10,15060,买盘
277,14:42:06,15.06,0.01,30,45180,买盘
278,14:42:03,15.05,-0.01,10,15050,卖盘
279,14:42:00,15.06,0.01,20,30120,买盘
280,14:41:57,15.05,-0.01,45,67725,卖盘
281,14:41:54,15.06,--,2,3012,买盘
282,14:41:51,15.06,0.01,100,150600,买盘
283,14:41:45,15.05,-0.01,1,1505,卖盘
284,14:41:39,15.06,0.01,32,48192,买盘
285,14:41:36,15.05,-0.01,10,15050,卖盘
286,14:41:33,15.06,0.01,51,76806,买盘
287,14:41:30,15.05,-0.01,45,67725,卖盘
288,14:41:27,15.06,--,42,63252,买盘
289,14:41:24,15.06,0.01,2,3012,买盘
290,14:41:21,15.05,--,1,1505,卖盘
291,14:41:18,15.05,-0.01,1,1505,卖盘
292,14:41:09,15.06,0.01,44,66264,买盘
293,14:41:06,15.05,--,28,42140,卖盘
294,14:41:03,15.05,0.01,31,46655,买盘
295,14:41:00,15.04,-0.01,5,7520,卖盘
296,14:40:57,15.05,--,10,15050,中性盘
297,14:40:45,15.05,-0.01,20,30100,卖盘
298,14:40:42,15.06,0.02,68,102408,买盘
299,14:40:39,15.04,--,10,15040,卖盘
300,14:40:36,15.04,-0.01,5,7520,卖盘
301,14:40:33,15.05,-0.01,2,3010,卖盘
302,14:40:30,15.06,0.01,126,189756,买盘
303,14:40:27,15.05,-0.01,349,525245,卖盘
304,14:40:24,15.06,0.01,2,3012,买盘
305,14:40:18,15.05,-0.01,2,3010,卖盘
306,14:40:12,15.06,--,21,31626,买盘
307,14:40:09,15.06,0.01,28,42168,买盘
308,14:40:06,15.05,--,122,183610,卖盘
309,14:40:03,15.05,-0.01,37,55685,卖盘
310,14:40:00,15.06,--,1,1506,买盘
311,14:39:57,15.06,--,141,212346,买盘
312,14:39:54,15.06,--,30,45180,买盘
313,14:39:51,15.06,--,156,236110,卖盘
314,14:39:48,15.06,-0.01,41,61746,卖盘
315,14:39:45,15.07,-0.01,67,101677,卖盘
316,14:39:42,15.08,0.01,43,65643,买盘
317,14:39:36,15.07,-0.01,18,27126,卖盘
318,14:39:33,15.08,--,30,45240,买盘
319,14:39:27,15.08,0.01,445,671060,买盘
320,14:39:24,15.07,--,34,51238,卖盘
321,14:39:21,15.07,--,43,64801,卖盘
322,14:39:18,15.07,-0.01,37,55759,卖盘
323,14:39:12,15.08,--,14,21112,买盘
324,14:39:09,15.08,--,22,33176,买盘
325,14:39:06,15.08,--,42,63336,买盘
326,14:39:03,15.08,--,10,15080,买盘
327,14:39:00,15.08,--,100,150800,买盘
328,14:38:54,15.08,--,5,7540,买盘
329,14:38:51,15.08,--,28,42224,买盘
330,14:38:48,15.08,--,26,39208,买盘
331,14:38:39,15.08,--,166,250328,买盘
332,14:38:36,15.08,0.02,3,4524,买盘
333,14:38:33,15.06,-0.02,4,6024,卖盘
334,14:38:30,15.08,0.01,41,61828,买盘
335,14:38:27,15.07,--,42,63294,卖盘
336,14:38:24,15.07,--,29,43703,卖盘
337,14:38:21,15.07,-0.01,4,6028,卖盘
338,14:38:18,15.08,0.02,100,150800,买盘
339,14:38:15,15.06,--,15,22590,卖盘
340,14:38:12,15.06,-0.01,205,309061,卖盘
341,14:38:06,15.07,--,14,21098,买盘
342,14:38:03,15.07,--,1,1507,买盘
343,14:38:00,15.07,--,39,58773,买盘
344,14:37:57,15.07,--,5,7535,买盘
345,14:37:54,15.07,--,9,13563,买盘
346,14:37:51,15.07,--,6,9042,买盘
347,14:37:48,15.07,--,100,150700,买盘
348,14:37:45,15.07,0.01,30,45210,买盘
349,14:37:42,15.06,--,4,6024,卖盘
350,14:37:39,15.06,--,100,150600,卖盘
351,14:37:36,15.06,-0.01,58,87348,卖盘
352,14:37:33,15.07,--,6,9042,买盘
353,14:37:27,15.07,0.01,1,1507,买盘
354,14:37:24,15.06,--,21,31626,买盘
355,14:37:21,15.06,0.01,104,156624,买盘
356,14:37:18,15.05,-0.01,1,1505,卖盘
357,14:37:15,15.06,--,12,18072,买盘
358,14:37:12,15.06,0.01,1,1506,买盘
359,14:37:09,15.05,--,1,1505,卖盘
360,14:37:06,15.05,-0.01,101,152005,卖盘
361,14:37:03,15.06,--,37,55722,卖盘
362,14:37:00,15.06,0.01,2,3012,买盘
363,14:36:57,15.05,--,46,69230,卖盘
364,14:36:54,15.05,-0.01,26,39130,卖盘
365,14:36:51,15.06,--,164,246984,买盘
366,14:36:48,15.06,--,20,30120,买盘
367,14:36:45,15.06,-0.01,246,370476,卖盘
368,14:36:42,15.07,0.01,25,37675,买盘
369,14:36:39,15.06,-0.01,15,22590,卖盘
370,14:36:36,15.07,--,20,30140,买盘
371,14:36:33,15.07,0.01,5,7535,买盘
372,14:36:30,15.06,-0.01,39,58734,卖盘
373,14:36:27,15.07,0.02,142,213994,买盘
374,14:36:24,15.05,-0.02,203,305515,卖盘
375,14:36:21,15.07,0.01,72,108504,买盘
376,14:36:18,15.06,--,238,358428,买盘
377,14:36:15,15.06,--,301,453306,买盘
378,14:36:12,15.06,--,139,209334,买盘
379,14:36:09,15.06,--,26,39156,买盘
380,14:36:06,15.06,--,21,31626,买盘
381,14:36:03,15.06,0.01,17,25602,买盘
382,14:36:00,15.05,--,10,15050,卖盘
383,14:35:57,15.05,--,7,10535,卖盘
384,14:35:51,15.05,--,53,79765,卖盘
385,14:35:48,15.05,--,9,13545,买盘
386,14:35:45,15.05,--,31,46655,买盘
387,14:35:42,15.05,--,43,64715,买盘
388,14:35:36,15.05,--,102,153510,买盘
389,14:35:33,15.05,0.01,5,7525,买盘
390,14:35:27,15.04,--,1,1504,卖盘
391,14:35:24,15.04,-0.01,66,99264,卖盘
392,14:35:21,15.05,0.01,64,96320,买盘
393,14:35:18,15.04,--,6,9024,卖盘
394,14:35:15,15.04,-0.01,5,7520,卖盘
395,14:35:12,15.05,0.01,15,22575,买盘
396,14:35:06,15.04,--,8,12032,卖盘
397,14:35:03,15.04,--,14,21056,卖盘
398,14:34:57,15.04,--,1,1504,卖盘
399,14:34:54,15.04,-0.01,26,39104,中性盘
400,14:34:45,15.05,0.01,35,52675,买盘
401,14:34:36,15.04,-0.01,100,150400,卖盘
402,14:34:30,15.05,0.01,19,28595,买盘
403,14:34:27,15.04,--,8,12032,卖盘
404,14:34:24,15.04,--,1,1504,卖盘
405,14:34:15,15.04,0.01,22,33088,买盘
406,14:34:12,15.03,--,27,40581,买盘
407,14:34:09,15.03,--,8,12024,买盘
408,14:34:06,15.03,0.01,66,99198,中性盘
409,14:33:51,15.02,--,51,76602,买盘
410,14:33:48,15.02,0.01,110,165220,买盘
411,14:33:45,15.01,-0.01,17,25517,卖盘
412,14:33:42,15.02,--,28,42056,买盘
413,14:33:39,15.02,--,35,52570,买盘
414,14:33:36,15.02,--,113,169726,买盘
415,14:33:33,15.02,--,20,30040,买盘
416,14:33:27,15.02,--,25,37550,买盘
417,14:33:24,15.02,-0.04,618,928236,卖盘
418,14:33:21,15.06,0.01,136,204816,买盘
419,14:33:18,15.05,--,7,10535,卖盘
420,14:33:15,15.05,-0.01,13,19565,卖盘
421,14:33:12,15.06,--,115,173190,买盘
422,14:33:09,15.06,0.01,53,79818,买盘
423,14:33:06,15.05,--,15,22575,卖盘
424,14:33:03,15.05,-0.01,23,34615,卖盘
425,14:33:00,15.06,0.01,18,27108,买盘
426,14:32:57,15.05,--,1,1505,卖盘
427,14:32:54,15.05,0.01,1,1505,买盘
428,14:32:51,15.04,-0.02,2,3008,卖盘
429,14:32:45,15.06,0.01,52,78312,买盘
430,14:32:42,15.05,--,51,76755,买盘
431,14:32:39,15.05,--,7,10535,买盘
432,14:32:36,15.05,--,1,1505,买盘
433,14:32:33,15.05,0.01,1,1505,买盘
434,14:32:30,15.04,-0.01,11,16544,卖盘
435,14:32:24,15.05,0.01,20,30100,买盘
436,14:32:21,15.04,-0.01,1,1504,卖盘
437,14:32:18,15.05,0.01,32,48160,买盘
438,14:32:15,15.04,-0.01,110,165440,卖盘
439,14:32:12,15.05,--,13,19565,买盘
440,14:32:06,15.05,0.01,2,3010,买盘
441,14:32:00,15.04,--,1,1504,卖盘
442,14:31:54,15.04,--,101,151904,卖盘
443,14:31:51,15.04,--,3,4512,买盘
444,14:31:48,15.04,--,5,7520,买盘
445,14:31:45,15.04,--,1,1504,买盘
446,14:31:42,15.04,--,29,43616,买盘
447,14:31:36,15.04,0.01,13,19552,买盘
448,14:31:33,15.03,--,1,1503,卖盘
449,14:31:30,15.03,-0.01,21,31563,中性盘
450,14:31:15,15.04,0.01,180,270720,买盘
451,14:31:12,15.03,0.01,54,81162,买盘
452,14:31:09,15.02,--,60,90120,卖盘
453,14:31:06,15.02,-0.01,8,12016,卖盘
454,14:31:03,15.03,0.01,27,40581,买盘
455,14:31:00,15.02,-0.01,109,163718,卖盘
456,14:30:57,15.03,--,4,6012,买盘
457,14:30:51,15.03,--,79,118737,买盘
458,14:30:48,15.03,--,89,133767,买盘
459,14:30:45,15.03,0.01,101,151803,买盘
460,14:30:42,15.02,--,60,90120,卖盘
461,14:30:36,15.02,--,2,3004,卖盘
462,14:30:33,15.02,-0.01,40,60080,卖盘
463,14:30:27,15.03,0.01,377,566631,买盘
464,14:30:24,15.02,--,10,15020,买盘
465,14:30:21,15.02,0.01,20,30040,买盘
466,14:30:18,15.01,--,10,15010,卖盘
467,14:30:15,15.01,--,14,21014,卖盘
468,14:30:09,15.01,-0.01,12,18012,卖盘
469,14:30:06,15.02,--,22,33044,买盘
470,14:29:54,15.02,0.01,22,33044,买盘
471,14:29:51,15.01,-0.01,81,121581,卖盘
472,14:29:45,15.02,0.01,25,37550,买盘
473,14:29:39,15.01,--,5,7505,卖盘
474,14:29:36,15.01,--,128,192128,买盘
475,14:29:33,15.01,0.01,3,4503,买盘
476,14:29:24,15.0,-0.01,10,15000,卖盘
477,14:29:21,15.01,--,13,19513,买盘
478,14:29:15,15.01,--,50,75050,买盘
479,14:29:12,15.01,--,100,150100,买盘
480,14:29:09,15.01,--,3,4503,买盘
481,14:29:03,15.01,--,18,27018,买盘
482,14:28:57,15.01,--,21,31521,买盘
483,14:28:45,15.01,0.01,1,1501,买盘
484,14:28:42,15.0,-0.01,2,3000,卖盘
485,14:28:39,15.01,0.01,3,4503,买盘
486,14:28:30,15.0,--,4,6000,卖盘
487,14:28:27,15.0,-0.01,7,10500,卖盘
488,14:28:24,15.01,0.01,6,9006,买盘
489,14:28:12,15.0,--,3,4500,卖盘
490,14:28:09,15.0,-0.01,9,13500,卖盘
491,14:28:06,15.01,--,2,3002,买盘
492,14:27:51,15.01,-0.01,32,48032,卖盘
493,14:27:45,15.02,0.01,23,34546,买盘
494,14:27:42,15.01,--,1,1501,卖盘
495,14:27:39,15.01,-0.01,3,4503,卖盘
496,14:27:30,15.02,0.01,2,3004,买盘
497,14:27:18,15.01,--,9,13509,卖盘
498,14:27:15,15.01,-0.01,10,15010,卖盘
499,14:27:09,15.02,--,20,30040,买盘
500,14:27:00,15.02,0.01,22,33044,买盘
501,14:26:57,15.01,-0.01,106,159106,卖盘
502,14:26:51,15.02,--,6,9012,买盘
503,14:26:48,15.02,0.01,2,3004,买盘
504,14:26:45,15.01,--,14,21014,卖盘
505,14:26:42,15.01,-0.01,18,27018,卖盘
506,14:26:30,15.02,--,3,4506,买盘
507,14:26:27,15.02,--,21,31542,买盘
508,14:26:24,15.02,--,6,9012,买盘
509,14:26:18,15.02,--,5,7510,买盘
510,14:26:15,15.02,--,6,9012,买盘
511,14:25:57,15.02,0.02,2,3004,买盘
512,14:25:42,15.0,-0.02,7,10500,卖盘
513,14:25:39,15.02,--,12,18024,买盘
514,14:25:24,15.02,0.02,14,21028,买盘
515,14:25:21,15.0,-0.01,12,18000,卖盘
516,14:25:12,15.01,--,4,7294,买盘
517,14:25:06,15.01,--,23,34523,买盘
518,14:24:57,15.01,--,6,9006,买盘
519,14:24:54,15.01,0.01,2,3002,买盘
520,14:24:51,15.0,0.01,52,78000,买盘
521,14:24:42,14.99,-0.01,1,1499,卖盘
522,14:24:39,15.0,--,17,25500,买盘
523,14:24:33,15.0,--,10,15000,买盘
524,14:24:27,15.0,--,3,4500,买盘
525,14:24:18,15.0,--,52,78000,买盘
526,14:24:15,15.0,0.01,2,3000,买盘
527,14:24:12,14.99,-0.01,32,47968,卖盘
528,14:24:09,15.0,--,30,45000,买盘
529,14:24:06,15.0,0.01,10,15000,买盘
530,14:24:03,14.99,-0.01,3,4497,卖盘
531,14:24:00,15.0,0.01,2,3000,买盘
532,14:23:57,14.99,-0.01,20,29980,卖盘
533,14:23:48,15.0,0.01,6,9000,买盘
534,14:23:39,14.99,-0.01,10,14990,卖盘
535,14:23:33,15.0,0.01,18,27000,买盘
536,14:23:30,14.99,--,5,7495,买盘
537,14:23:27,14.99,0.01,22,32978,买盘
538,14:23:24,14.98,-0.01,5,7490,卖盘
539,14:23:21,14.99,--,3,4497,买盘
540,14:23:18,14.99,--,1,1499,买盘
541,14:23:03,14.99,--,2,2998,买盘
542,14:22:54,14.99,0.01,24,35976,买盘
543,14:22:48,14.98,-0.01,14,20972,卖盘
544,14:22:39,14.99,--,30,44970,买盘
545,14:22:21,14.99,--,20,29980,买盘
546,14:22:18,14.99,--,22,32978,卖盘
547,14:22:15,14.99,-0.01,50,74950,卖盘
548,14:22:12,15.0,0.01,2,3000,买盘
549,14:22:06,14.99,--,78,116922,卖盘
550,14:21:57,14.99,--,10,14990,卖盘
551,14:21:51,14.99,-0.01,1,1499,卖盘
552,14:21:45,15.0,0.01,1,1500,买盘
553,14:21:30,14.99,-0.01,10,14990,卖盘
554,14:21:24,15.0,--,5,7500,买盘
555,14:21:21,15.0,--,20,30000,买盘
556,14:21:18,15.0,--,4,6000,买盘
557,14:21:12,15.0,--,10,15000,买盘
558,14:21:06,15.0,--,19,28500,卖盘
559,14:21:03,15.0,--,1,1500,买盘
560,14:20:54,15.0,0.01,10,15000,买盘
561,14:20:51,14.99,-0.01,14,20986,卖盘
562,14:20:48,15.0,--,2,3000,买盘
563,14:20:45,15.0,--,3,4500,买盘
564,14:20:39,15.0,--,4,6000,买盘
565,14:20:33,15.0,--,3,4500,买盘
566,14:20:27,15.0,--,55,82500,买盘
567,14:20:24,15.0,--,6,9000,买盘
568,14:20:12,15.0,--,10,15000,买盘
569,14:20:03,15.0,--,10,15000,买盘
570,14:19:57,15.0,--,2,3000,买盘
571,14:19:54,15.0,0.01,20,30000,买盘
572,14:19:51,14.99,--,10,14990,卖盘
573,14:19:48,14.99,--,10,14990,卖盘
574,14:19:27,14.99,-0.01,10,14990,卖盘
575,14:19:24,15.0,0.01,1,1500,买盘
576,14:19:18,14.99,--,3,4497,买盘
577,14:19:15,14.99,--,2,2998,买盘
578,14:19:12,14.99,--,5,7495,买盘
579,14:19:06,14.99,--,8,11992,买盘
580,14:18:57,14.99,0.01,2,2998,买盘
581,14:18:54,14.98,-0.01,52,77896,卖盘
582,14:18:51,14.99,--,2,2998,买盘
583,14:18:48,14.99,0.01,10,14990,买盘
584,14:18:45,14.98,--,1,1498,卖盘
585,14:18:42,14.98,-0.01,88,131824,卖盘
586,14:18:39,14.99,--,65,97435,买盘
587,14:18:27,14.99,0.01,21,31479,买盘
588,14:18:24,14.98,-0.01,12,17976,卖盘
589,14:18:21,14.99,--,8,11992,买盘
590,14:18:15,14.99,--,10,14990,买盘
591,14:18:12,14.99,--,21,31479,买盘
592,14:18:06,14.99,--,2,2998,买盘
593,14:17:54,14.99,0.01,22,32978,买盘
594,14:17:51,14.98,--,1,1498,卖盘
595,14:17:42,14.98,-0.01,5,7490,卖盘
596,14:17:33,14.99,0.01,12,17988,买盘
597,14:17:30,14.98,--,15,22470,卖盘
598,14:17:27,14.98,--,150,224700,卖盘
599,14:17:24,14.98,--,18,26964,卖盘
600,14:17:21,14.98,-0.01,9,13482,卖盘
601,14:17:18,14.99,--,24,35976,买盘
602,14:17:12,14.99,--,6,8994,买盘
603,14:17:06,14.99,--,4,5996,买盘
604,14:17:03,14.99,--,1,1499,买盘
605,14:17:00,14.99,--,95,142405,卖盘
606,14:16:54,14.99,-0.01,6,8994,卖盘
607,14:16:48,15.0,--,11,16500,买盘
608,14:16:45,15.0,--,31,46500,买盘
609,14:16:42,15.0,--,1,1500,买盘
610,14:16:36,15.0,--,34,51000,卖盘
611,14:16:33,15.0,--,16,24000,卖盘
612,14:16:30,15.0,--,11,16500,卖盘
613,14:16:27,15.0,-0.01,26,39000,卖盘
614,14:16:24,15.01,0.01,2,3002,买盘
615,14:16:21,15.0,--,20,30000,卖盘
616,14:16:18,15.0,--,26,39000,卖盘
617,14:16:15,15.0,-0.01,5,7500,卖盘
618,14:16:12,15.01,0.01,71,106571,买盘
619,14:16:09,15.0,--,3,4500,卖盘
620,14:16:06,15.0,-0.01,16,24000,卖盘
621,14:16:00,15.01,0.01,26,39026,买盘
622,14:15:57,15.0,--,1,1500,卖盘
623,14:15:54,15.0,--,22,33000,卖盘
624,14:15:51,15.0,--,29,43500,卖盘
625,14:15:39,15.0,-0.01,7,10500,卖盘
626,14:15:36,15.01,0.01,4,6004,买盘
627,14:15:33,15.0,--,60,90000,卖盘
628,14:15:30,15.0,-0.01,69,103500,卖盘
629,14:15:27,15.01,0.01,3,4503,买盘
630,14:15:24,15.0,--,2,3000,卖盘
631,14:15:21,15.0,--,44,66000,卖盘
632,14:15:15,15.0,-0.01,55,82710,卖盘
633,14:15:09,15.01,--,5,7505,卖盘
634,14:15:06,15.01,--,68,102068,卖盘
635,14:15:03,15.01,--,11,16511,卖盘
636,14:15:00,15.01,-0.01,26,39026,卖盘
637,14:14:57,15.02,0.01,15,22530,买盘
638,14:14:54,15.01,-0.01,21,31521,卖盘
639,14:14:51,15.02,--,71,106642,卖盘
640,14:14:48,15.02,-0.01,21,31542,卖盘
641,14:14:45,15.03,--,14,21042,买盘
642,14:14:39,15.03,0.01,91,136773,买盘
643,14:14:36,15.02,-0.01,21,31542,卖盘
644,14:14:33,15.03,--,12,18036,买盘
645,14:14:30,15.03,0.01,100,150300,买盘
646,14:14:24,15.02,--,25,37550,卖盘
647,14:14:21,15.02,-0.01,100,150200,卖盘
648,14:14:18,15.03,0.01,4,6012,买盘
649,14:14:15,15.02,--,2,3004,卖盘
650,14:14:03,15.02,--,1,1502,卖盘
651,14:14:00,15.02,-0.01,25,37550,卖盘
652,14:13:57,15.03,0.01,24,36072,买盘
653,14:13:51,15.02,--,21,31542,买盘
654,14:13:42,15.02,--,10,15020,买盘
655,14:13:36,15.02,--,2,3004,买盘
656,14:13:30,15.02,0.01,13,19526,买盘
657,14:13:27,15.01,-0.01,53,79553,卖盘
658,14:13:24,15.02,--,1,1502,买盘
659,14:13:21,15.02,--,21,31542,买盘
660,14:13:18,15.02,--,135,202770,卖盘
661,14:13:12,15.02,--,30,45060,卖盘
662,14:13:06,15.02,-0.01,25,37550,卖盘
663,14:13:00,15.03,--,30,45090,买盘
664,14:12:54,15.03,--,2,3006,买盘
665,14:12:51,15.03,--,11,16533,买盘
666,14:12:45,15.03,0.01,13,19539,买盘
667,14:12:42,15.02,-0.01,10,15020,卖盘
668,14:12:33,15.03,--,5,7515,买盘
669,14:12:30,15.03,--,8,12024,买盘
670,14:12:27,15.03,--,6,9018,买盘
671,14:12:24,15.03,--,1,1503,买盘
672,14:12:21,15.03,--,2,3006,买盘
673,14:12:15,15.03,--,2,3006,买盘
674,14:12:12,15.03,0.01,10,15030,买盘
675,14:12:09,15.02,-0.01,21,31542,卖盘
676,14:12:06,15.03,--,7,10521,买盘
677,14:11:57,15.03,--,2,3006,买盘
678,14:11:54,15.03,0.01,10,15030,买盘
679,14:11:48,15.02,-0.01,5,7510,卖盘
680,14:11:36,15.03,--,2,3006,买盘
681,14:11:33,15.03,0.01,22,33066,买盘
682,14:11:27,15.02,--,13,19526,卖盘
683,14:11:24,15.02,-0.01,65,97630,卖盘
684,14:11:15,15.03,0.01,3,4509,买盘
685,14:11:06,15.02,--,1,1502,卖盘
686,14:11:00,15.02,-0.01,24,36048,卖盘
687,14:10:57,15.03,0.01,10,15030,买盘
688,14:10:54,15.02,--,6,9012,卖盘
689,14:10:51,15.02,-0.01,20,30040,卖盘
690,14:10:45,15.03,--,10,15030,买盘
691,14:10:42,15.03,0.01,20,30060,买盘
692,14:10:36,15.02,-0.01,15,22530,卖盘
693,14:10:33,15.03,--,1,1503,买盘
694,14:10:30,15.03,--,10,15030,买盘
695,14:10:27,15.03,--,31,46593,买盘
696,14:10:24,15.03,--,12,18036,买盘
697,14:10:18,15.03,--,10,15030,买盘
698,14:10:15,15.03,0.01,44,66132,买盘
699,14:10:12,15.02,-0.01,1,1502,卖盘
700,14:10:09,15.03,0.01,2,3006,买盘
701,14:10:06,15.02,-0.01,5,7510,卖盘
702,14:10:03,15.03,0.01,1,1503,买盘
703,14:09:33,15.02,--,109,163718,卖盘
704,14:09:30,15.02,--,39,58578,买盘
705,14:09:27,15.02,--,10,15020,买盘
706,14:09:21,15.02,--,10,15020,卖盘
707,14:09:15,15.02,--,60,90120,卖盘
708,14:09:09,15.02,--,6,9012,卖盘
709,14:09:00,15.02,-0.01,73,109646,卖盘
710,14:08:57,15.03,--,1,1503,买盘
711,14:08:54,15.03,--,37,55611,买盘
712,14:08:48,15.03,--,53,79659,买盘
713,14:08:39,15.03,--,54,81162,买盘
714,14:08:27,15.03,--,30,45090,买盘
715,14:08:24,15.03,--,3,4509,买盘
716,14:08:18,15.03,0.01,12,18036,买盘
717,14:08:12,15.02,-0.01,1,1502,卖盘
718,14:08:03,15.03,0.01,5,7515,买盘
719,14:08:00,15.02,--,42,63084,卖盘
720,14:07:51,15.02,--,1,1502,卖盘
721,14:07:48,15.02,-0.01,4,6008,卖盘
722,14:07:45,15.03,--,1,1503,买盘
723,14:07:42,15.03,--,15,22545,买盘
724,14:07:39,15.03,--,38,57114,买盘
725,14:07:36,15.03,--,6,9018,卖盘
726,14:07:33,15.03,-0.01,48,72144,卖盘
727,14:07:30,15.04,0.01,50,75200,买盘
728,14:07:27,15.03,--,3,4509,卖盘
729,14:07:21,15.03,--,1,1503,卖盘
730,14:07:18,15.03,0.01,40,60120,买盘
731,14:07:15,15.02,-0.01,1,1502,卖盘
732,14:07:12,15.03,--,2,3006,买盘
733,14:07:09,15.03,--,15,22545,买盘
734,14:07:06,15.03,--,181,272043,卖盘
735,14:07:00,15.03,--,62,93186,卖盘
736,14:06:54,15.03,--,10,15030,卖盘
737,14:06:51,15.03,-0.01,1,1503,卖盘
738,14:06:48,15.04,0.01,2,3008,买盘
739,14:06:45,15.03,--,34,51102,卖盘
740,14:06:36,15.03,--,25,37575,买盘
741,14:06:33,15.03,--,25,37575,买盘
742,14:06:30,15.03,--,5,7515,买盘
743,14:06:24,15.03,--,2,3006,买盘
744,14:06:15,15.03,--,1,1503,买盘
745,14:06:12,15.03,0.01,12,18036,买盘
746,14:06:09,15.02,-0.01,1,1502,卖盘
747,14:06:06,15.03,0.01,28,42084,买盘
748,14:06:00,15.02,--,71,106642,卖盘
749,14:05:51,15.02,-0.01,33,49566,卖盘
750,14:05:39,15.03,--,5,7515,买盘
751,14:05:36,15.03,--,52,78156,买盘
752,14:05:24,15.03,0.01,1,1503,买盘
753,14:05:21,15.02,--,10,15020,卖盘
754,14:05:18,15.02,-0.01,1,1502,卖盘
755,14:05:06,15.03,--,2,3006,买盘
756,14:05:03,15.03,--,1,1503,买盘
757,14:04:54,15.03,--,65,97695,卖盘
758,14:04:51,15.03,--,101,151803,卖盘
759,14:04:48,15.03,-0.01,131,196893,卖盘
760,14:04:39,15.04,0.01,31,46624,买盘
761,14:04:36,15.03,--,25,37575,卖盘
762,14:04:33,15.03,--,5,7515,卖盘
763,14:04:30,15.03,--,5,7515,卖盘
764,14:04:27,15.03,--,44,66132,卖盘
765,14:04:24,15.03,--,42,63126,卖盘
766,14:04:21,15.03,--,5,7515,卖盘
767,14:04:18,15.03,-0.01,24,36072,卖盘
768,14:04:12,15.04,--,1,1504,买盘
769,14:04:03,15.04,-0.01,135,203040,卖盘
770,14:04:00,15.05,--,4,6020,买盘
771,14:03:57,15.05,0.01,2,3010,买盘
772,14:03:54,15.04,-0.01,12,18048,卖盘
773,14:03:48,15.05,0.01,2,3010,买盘
774,14:03:45,15.04,--,7,10528,卖盘
775,14:03:39,15.04,--,5,7520,卖盘
776,14:03:36,15.04,-0.01,5,7520,卖盘
777,14:03:33,15.05,0.02,64,96320,买盘
778,14:03:30,15.03,--,2,3006,卖盘
779,14:03:27,15.03,--,10,15030,卖盘
780,14:03:24,15.03,--,49,73647,卖盘
781,14:03:21,15.03,-0.01,5,7515,卖盘
782,14:03:18,15.04,--,11,16544,买盘
783,14:03:12,15.04,--,3,4512,买盘
784,14:03:09,15.04,--,5,7520,买盘
785,14:03:06,15.04,--,29,43616,买盘
786,14:03:03,15.04,--,1,1504,买盘
787,14:03:00,15.04,0.01,10,15040,买盘
788,14:02:57,15.03,-0.01,2,3006,卖盘
789,14:02:54,15.04,0.01,4,6016,买盘
790,14:02:51,15.03,-0.01,200,300600,卖盘
791,14:02:42,15.04,--,50,75200,买盘
792,14:02:39,15.04,--,10,15040,买盘
793,14:02:36,15.04,--,35,52640,卖盘
794,14:02:30,15.04,-0.01,11,16544,卖盘
795,14:02:27,15.05,0.01,11,16555,买盘
796,14:02:24,15.04,-0.01,1,1504,卖盘
797,14:02:18,15.05,0.01,3,4515,买盘
798,14:02:15,15.04,--,37,55648,卖盘
799,14:02:12,15.04,-0.01,2,3008,卖盘
800,14:02:09,15.05,0.01,32,48160,买盘
801,14:02:06,15.04,-0.01,50,75200,卖盘
802,14:02:03,15.05,--,13,19565,买盘
803,14:01:51,15.05,--,8,12040,买盘
804,14:01:45,15.05,0.01,2,3010,买盘
805,14:01:39,15.04,-0.01,22,33088,卖盘
806,14:01:36,15.05,0.01,2,3010,买盘
807,14:01:33,15.04,--,15,22560,卖盘
808,14:01:30,15.04,--,71,106784,卖盘
809,14:01:24,15.04,--,51,76704,卖盘
810,14:01:21,15.04,--,5,7520,卖盘
811,14:01:18,15.04,-0.01,5,7520,卖盘
812,14:01:06,15.05,--,2,3010,买盘
813,14:01:03,15.05,--,29,43645,卖盘
814,14:00:54,15.05,--,1,1505,卖盘
815,14:00:48,15.05,--,13,19565,卖盘
816,14:00:42,15.05,0.01,106,159530,买盘
817,14:00:39,15.04,0.01,57,85728,卖盘
818,14:00:36,15.03,-0.02,128,192384,卖盘
819,14:00:30,15.05,0.02,406,611030,买盘
820,14:00:27,15.03,-0.01,2,3006,卖盘
821,14:00:24,15.04,--,14,21056,买盘
822,14:00:18,15.04,--,3,4512,买盘
823,14:00:09,15.04,-0.01,14,21056,卖盘
824,14:00:03,15.05,--,10,15050,买盘
825,14:00:00,15.05,--,16,24080,买盘
826,13:59:57,15.05,--,15,22575,买盘
827,13:59:48,15.05,0.01,6,9030,买盘
828,13:59:45,15.04,--,58,87232,卖盘
829,13:59:39,15.04,--,5,7520,卖盘
830,13:59:33,15.04,--,120,180480,卖盘
831,13:59:30,15.04,--,2,3008,卖盘
832,13:59:21,15.04,-0.01,12,18048,卖盘
833,13:59:18,15.05,--,2,3010,买盘
834,13:59:15,15.05,--,50,75250,买盘
835,13:59:12,15.05,0.01,110,165550,买盘
836,13:59:09,15.04,-0.01,51,76704,卖盘
837,13:59:03,15.05,--,16,24080,买盘
838,13:59:00,15.05,--,1,1505,买盘
839,13:58:57,15.05,--,43,64715,买盘
840,13:58:54,15.05,--,106,159530,卖盘
841,13:58:51,15.05,-0.01,20,30100,卖盘
842,13:58:48,15.06,--,19,28614,买盘
843,13:58:45,15.06,--,9,13554,买盘
844,13:58:42,15.06,-0.01,12,18072,卖盘
845,13:58:39,15.07,--,119,180327,买盘
846,13:58:36,15.07,0.01,59,88913,买盘
847,13:58:27,15.06,-0.01,10,15060,卖盘
848,13:58:24,15.07,0.01,1,1507,买盘
849,13:58:18,15.06,--,13,19578,卖盘
850,13:58:15,15.06,--,22,33644,买盘
851,13:58:12,15.06,--,57,85842,买盘
852,13:58:09,15.06,--,201,302706,买盘
853,13:58:03,15.06,--,55,82830,买盘
854,13:58:00,15.06,--,6,9036,买盘
855,13:57:57,15.06,0.01,15,22590,买盘
856,13:57:54,15.05,-0.01,9,13545,卖盘
857,13:57:51,15.06,--,47,70782,买盘
858,13:57:42,15.06,0.01,52,78312,买盘
859,13:57:39,15.05,--,25,37625,卖盘
860,13:57:36,15.05,-0.01,1,1505,卖盘
861,13:57:27,15.06,0.01,62,93372,买盘
862,13:57:24,15.05,--,2,3010,卖盘
863,13:57:21,15.05,-0.01,25,37625,卖盘
864,13:57:18,15.06,--,2,3012,买盘
865,13:57:12,15.06,0.01,96,144576,买盘
866,13:57:09,15.05,--,55,82775,买盘
867,13:57:06,15.05,--,4,6020,买盘
868,13:57:03,15.05,--,5,7525,买盘
869,13:57:00,15.05,0.01,25,37625,买盘
870,13:56:57,15.04,-0.02,20,31072,卖盘
871,13:56:54,15.06,--,9,13554,买盘
872,13:56:48,15.06,0.01,44,66264,买盘
873,13:56:45,15.05,-0.01,16,24080,卖盘
874,13:56:42,15.06,0.01,6,9036,买盘
875,13:56:39,15.05,--,2,3010,卖盘
876,13:56:33,15.05,-0.01,10,15050,卖盘
877,13:56:30,15.06,0.01,105,158642,买盘
878,13:56:27,15.05,--,25,37625,买盘
879,13:56:24,15.05,--,35,52675,买盘
880,13:56:21,15.05,--,130,195650,买盘
881,13:56:18,15.05,--,32,48160,买盘
882,13:56:15,15.05,--,5,7525,买盘
883,13:56:12,15.05,--,21,31605,买盘
884,13:56:09,15.05,--,62,93310,买盘
885,13:56:06,15.05,--,2,3010,买盘
886,13:56:03,15.05,--,21,31605,买盘
887,13:56:00,15.05,--,50,75250,买盘
888,13:55:57,15.05,--,159,239295,买盘
889,13:55:54,15.05,--,10,15050,买盘
890,13:55:51,15.05,--,17,25585,买盘
891,13:55:48,15.05,0.01,12,18060,买盘
892,13:55:45,15.04,-0.01,3,4512,卖盘
893,13:55:42,15.05,0.01,7,10535,买盘
894,13:55:39,15.04,--,65,97760,买盘
895,13:55:36,15.04,--,250,376000,买盘
896,13:55:33,15.04,--,32,48128,买盘
897,13:55:30,15.04,--,105,157920,买盘
898,13:55:27,15.04,--,115,172960,买盘
899,13:55:24,15.04,--,21,31584,买盘
900,13:55:18,15.04,--,2,3008,买盘
901,13:55:15,15.04,--,11,16544,买盘
902,13:55:12,15.04,--,36,54144,买盘
903,13:55:09,15.04,0.02,2,3008,买盘
904,13:55:03,15.02,-0.02,15,22530,卖盘
905,13:55:00,15.04,0.02,13,19552,买盘
906,13:54:57,15.02,-0.02,25,37550,卖盘
907,13:54:54,15.04,0.01,192,288768,买盘
908,13:54:51,15.03,--,21,31563,买盘
909,13:54:48,15.03,--,42,63126,买盘
910,13:54:45,15.03,--,353,530559,买盘
911,13:54:42,15.03,--,10,15030,买盘
912,13:54:39,15.03,--,25,37575,买盘
913,13:54:33,15.03,--,21,31563,买盘
914,13:54:27,15.03,--,104,156312,买盘
915,13:54:21,15.03,--,36,54108,买盘
916,13:54:15,15.03,0.01,13,19539,买盘
917,13:54:06,15.02,-0.01,54,81108,卖盘
918,13:54:00,15.03,--,2,3006,买盘
919,13:53:57,15.03,0.01,6,9018,买盘
920,13:53:54,15.02,--,1,1502,卖盘
921,13:53:51,15.02,-0.01,20,30040,卖盘
922,13:53:48,15.03,--,11,16533,买盘
923,13:53:45,15.03,0.01,1,1503,买盘
924,13:53:42,15.02,-0.01,32,48064,卖盘
925,13:53:39,15.03,--,84,126252,买盘
926,13:53:33,15.03,--,17,25551,买盘
927,13:53:27,15.03,--,3,4509,买盘
928,13:53:24,15.03,0.01,4,6012,买盘
929,13:53:21,15.02,-0.01,59,88618,卖盘
930,13:53:15,15.03,--,2,3006,买盘
931,13:53:09,15.03,0.01,6,9018,买盘
932,13:53:06,15.02,--,10,15020,卖盘
933,13:53:03,15.02,-0.01,18,27036,卖盘
934,13:53:00,15.03,--,39,58617,买盘
935,13:52:57,15.03,--,5,7515,买盘
936,13:52:54,15.03,--,7,10521,买盘
937,13:52:51,15.03,--,2,3006,买盘
938,13:52:48,15.03,0.01,3,4509,买盘
939,13:52:42,15.02,-0.01,20,30040,卖盘
940,13:52:39,15.03,--,10,15030,买盘
941,13:52:36,15.03,0.01,5,7515,买盘
942,13:52:33,15.02,-0.01,66,99132,卖盘
943,13:52:30,15.03,--,2,3006,买盘
944,13:52:27,15.03,--,11,16533,买盘
945,13:52:24,15.03,0.01,7,10521,买盘
946,13:52:18,15.02,-0.01,37,55574,卖盘
947,13:52:06,15.03,0.01,3,4509,买盘
948,13:52:00,15.02,--,41,61582,卖盘
949,13:51:51,15.02,-0.01,10,15020,卖盘
950,13:51:48,15.03,--,13,19539,买盘
951,13:51:42,15.03,--,47,70641,买盘
952,13:51:39,15.03,0.01,12,18036,买盘
953,13:51:30,15.02,--,5,7510,卖盘
954,13:51:27,15.02,--,272,408544,买盘
955,13:51:24,15.02,--,2,3004,买盘
956,13:51:18,15.02,0.01,2,3004,买盘
957,13:51:03,15.01,--,2,3002,卖盘
958,13:51:00,15.01,-0.01,5,7505,卖盘
959,13:50:57,15.02,--,2,3004,买盘
960,13:50:54,15.02,0.01,10,15020,买盘
961,13:50:42,15.01,--,20,30020,卖盘
962,13:50:39,15.01,--,6,10131,卖盘
963,13:50:33,15.01,-0.02,180,270180,卖盘
964,13:50:30,15.03,0.01,2,3006,买盘
965,13:50:24,15.02,--,151,226967,买盘
966,13:50:21,15.02,0.01,200,300400,买盘
967,13:50:09,15.01,-0.02,18,27018,卖盘
968,13:50:03,15.03,0.01,16,24048,买盘
969,13:50:00,15.02,--,7,10514,买盘
970,13:49:54,15.02,--,113,169726,买盘
971,13:49:48,15.02,--,1,1502,买盘
972,13:49:45,15.02,0.01,394,591788,买盘
973,13:49:42,15.01,-0.01,4,6004,卖盘
974,13:49:39,15.02,--,2,3004,买盘
975,13:49:36,15.02,--,1,1502,买盘
976,13:49:30,15.02,0.02,12,18024,买盘
977,13:49:18,15.0,-0.01,5,7500,卖盘
978,13:49:15,15.01,--,10,15010,买盘
979,13:49:12,15.01,--,10,15010,卖盘
980,13:49:09,15.01,--,140,210140,买盘
981,13:49:03,15.01,0.01,1,1501,买盘
982,13:48:54,15.0,-0.01,5,7500,卖盘
983,13:48:45,15.01,--,4,6004,买盘
984,13:48:42,15.01,--,3,4503,买盘
985,13:48:36,15.01,--,2,3002,买盘
986,13:48:33,15.01,--,7,10507,买盘
987,13:48:30,15.01,-0.01,85,127585,卖盘
988,13:48:27,15.02,--,13,19526,买盘
989,13:48:24,15.02,--,14,21028,买盘
990,13:48:21,15.02,--,23,34546,买盘
991,13:48:18,15.02,0.01,5,7510,买盘
992,13:48:15,15.01,--,5,7505,卖盘
993,13:48:12,15.01,-0.01,20,30020,卖盘
994,13:48:06,15.02,--,6,9012,买盘
995,13:48:03,15.02,0.01,3,4506,买盘
996,13:48:00,15.01,-0.01,13,19513,卖盘
997,13:47:54,15.02,0.01,10,15020,买盘
998,13:47:51,15.01,--,6,9006,买盘
999,13:47:48,15.01,--,2,3002,买盘
1000,13:47:45,15.01,-0.01,97,145597,卖盘
1001,13:47:42,15.02,0.01,6,9012,买盘
1002,13:47:36,15.01,-0.01,35,52535,卖盘
1003,13:47:33,15.02,--,10,15020,买盘
1004,13:47:24,15.02,--,15,22530,买盘
1005,13:47:18,15.02,--,1,1502,买盘
1006,13:47:03,15.02,--,33,49566,买盘
1007,13:47:00,15.02,--,2,3004,买盘
1008,13:46:54,15.02,0.01,4,6008,买盘
1009,13:46:51,15.01,-0.01,35,52535,卖盘
1010,13:46:45,15.02,0.01,1,1502,买盘
1011,13:46:36,15.01,--,1,1501,卖盘
1012,13:46:33,15.01,-0.01,21,31521,卖盘
1013,13:46:30,15.02,0.01,51,76602,买盘
1014,13:46:27,15.01,-0.01,5,7505,中性盘
1015,13:46:18,15.02,0.02,47,70594,买盘
1016,13:46:12,15.0,--,24,36000,卖盘
1017,13:46:09,15.0,-0.01,142,213420,卖盘
1018,13:46:06,15.01,0.01,2,3002,买盘
1019,13:46:03,15.0,--,21,31500,卖盘
1020,13:46:00,15.0,-0.01,74,111000,卖盘
1021,13:45:57,15.01,--,5,7505,买盘
1022,13:45:54,15.01,--,116,174116,买盘
1023,13:45:51,15.01,--,8,12008,买盘
1024,13:45:48,15.01,--,44,66044,买盘
1025,13:45:45,15.01,--,5,7505,买盘
1026,13:45:42,15.01,--,2,3002,买盘
1027,13:45:39,15.01,--,6,9006,买盘
1028,13:45:36,15.01,0.01,6,9006,买盘
1029,13:45:33,15.0,--,23,34500,买盘
1030,13:45:30,15.0,--,20,30000,买盘
1031,13:45:27,15.0,--,35,52500,买盘
1032,13:45:24,15.0,--,2,3000,买盘
1033,13:45:21,15.0,--,55,82500,买盘
1034,13:45:18,15.0,--,15,22500,买盘
1035,13:45:15,15.0,0.01,30,45000,买盘
1036,13:45:12,14.99,-0.01,4,5996,卖盘
1037,13:45:09,15.0,0.01,10,15000,买盘
1038,13:45:00,14.99,--,100,149900,卖盘
1039,13:44:57,14.99,--,76,114133,买盘
1040,13:44:54,14.99,--,141,211359,买盘
1041,13:44:51,14.99,--,122,182878,买盘
1042,13:44:48,14.99,--,152,227848,买盘
1043,13:44:45,14.99,--,60,89940,买盘
1044,13:44:42,14.99,--,83,124417,买盘
1045,13:44:39,14.99,--,16,23984,买盘
1046,13:44:36,14.99,--,40,59960,买盘
1047,13:44:33,14.99,--,4,5996,买盘
1048,13:44:30,14.99,--,61,91439,买盘
1049,13:44:24,14.99,--,10,14990,买盘
1050,13:44:21,14.99,--,10,14990,买盘
1051,13:44:15,14.99,--,3,4497,买盘
1052,13:44:12,14.99,--,74,110926,买盘
1053,13:44:09,14.99,--,64,95936,买盘
1054,13:44:06,14.99,--,83,124417,买盘
1055,13:44:03,14.99,--,10,14990,买盘
1056,13:44:00,14.99,--,10,14990,买盘
1057,13:43:57,14.99,0.01,100,149900,买盘
1058,13:43:54,14.98,-0.01,2,2996,卖盘
1059,13:43:51,14.99,--,26,38974,买盘
1060,13:43:42,14.99,--,2,2998,买盘
1061,13:43:39,14.99,--,9,13491,买盘
1062,13:43:27,14.99,--,1,1499,买盘
1063,13:43:21,14.99,--,2,2998,买盘
1064,13:43:15,14.99,--,13,19487,买盘
1065,13:43:09,14.99,--,125,187375,买盘
1066,13:43:06,14.99,0.01,200,299800,买盘
1067,13:43:03,14.98,-0.01,25,37450,卖盘
1068,13:43:00,14.99,--,5,7495,买盘
1069,13:42:57,14.99,--,71,106429,买盘
1070,13:42:54,14.99,--,121,181379,买盘
1071,13:42:51,14.99,--,21,31479,买盘
1072,13:42:48,14.99,0.01,43,64457,买盘
1073,13:42:45,14.98,-0.01,6,8988,卖盘
1074,13:42:42,14.99,--,2,2998,买盘
1075,13:42:39,14.99,--,26,38974,买盘
1076,13:42:36,14.99,--,23,34477,买盘
1077,13:42:33,14.99,0.01,22,32978,买盘
1078,13:42:30,14.98,--,150,224700,卖盘
1079,13:42:24,14.98,-0.01,22,32956,卖盘
1080,13:42:18,14.99,--,2,2998,买盘
1081,13:42:09,14.99,--,26,38974,买盘
1082,13:42:03,14.99,0.01,1,1499,买盘
1083,13:42:00,14.98,-0.01,5,7490,卖盘
1084,13:41:57,14.99,0.01,2,2998,买盘
1085,13:41:54,14.98,--,8,11984,卖盘
1086,13:41:45,14.98,--,43,64414,卖盘
1087,13:41:39,14.98,--,31,46438,卖盘
1088,13:41:30,14.98,--,2,2996,卖盘
1089,13:41:27,14.98,--,7,10486,卖盘
1090,13:41:24,14.98,-0.01,13,19474,卖盘
1091,13:41:21,14.99,0.01,5,7495,买盘
1092,13:41:18,14.98,--,10,14980,卖盘
1093,13:41:15,14.98,-0.01,1,1498,卖盘
1094,13:41:12,14.99,--,20,29980,买盘
1095,13:41:09,14.99,--,13,19487,买盘
1096,13:41:03,14.99,--,2,2998,买盘
1097,13:41:00,14.99,0.01,13,19487,买盘
1098,13:40:48,14.98,--,5,7490,卖盘
1099,13:40:39,14.98,--,20,29960,卖盘
1100,13:40:36,14.98,-0.01,23,34454,卖盘
1101,13:40:33,14.99,0.01,7,10493,买盘
1102,13:40:30,14.98,--,17,25466,卖盘
1103,13:40:27,14.98,-0.01,10,14980,卖盘
1104,13:40:24,14.99,--,2,2998,买盘
1105,13:40:15,14.99,--,48,71952,买盘
1106,13:40:12,14.99,--,37,55463,买盘
1107,13:40:06,14.99,--,4,5996,买盘
1108,13:39:51,14.99,--,6,8994,买盘
1109,13:39:48,14.99,--,2,2998,买盘
1110,13:39:45,14.99,--,1,1499,买盘
1111,13:39:42,14.99,0.01,14,20986,买盘
1112,13:39:33,14.98,-0.01,10,14980,卖盘
1113,13:39:27,14.99,--,137,205363,买盘
1114,13:39:24,14.99,0.01,2,2998,买盘
1115,13:39:18,14.98,-0.01,1,1498,卖盘
1116,13:39:15,14.99,--,43,64457,买盘
1117,13:39:06,14.99,--,3,4497,买盘
1118,13:39:00,14.99,0.01,2,2998,买盘
1119,13:38:54,14.98,-0.01,3,4494,卖盘
1120,13:38:39,14.99,--,2,2998,买盘
1121,13:38:36,14.99,--,7,10493,买盘
1122,13:38:03,14.99,0.01,2,2998,买盘
1123,13:38:00,14.98,--,50,74900,卖盘
1124,13:37:39,14.98,-0.01,23,34454,卖盘
1125,13:37:36,14.99,0.01,2,2998,买盘
1126,13:37:33,14.98,--,1,1498,卖盘
1127,13:37:30,14.98,-0.01,50,74900,卖盘
1128,13:37:24,14.99,--,1,1499,买盘
1129,13:37:12,14.99,--,35,52465,买盘
1130,13:37:06,14.99,--,13,19487,买盘
1131,13:36:57,14.99,0.01,10,14990,买盘
1132,13:36:54,14.98,-0.01,20,29960,卖盘
1133,13:36:33,14.99,0.01,2,2998,买盘
1134,13:36:27,14.98,--,7,10486,卖盘
1135,13:36:18,14.98,--,88,131824,卖盘
1136,13:36:00,14.98,-0.01,12,17976,卖盘
1137,13:35:57,14.99,0.01,3,4497,买盘
1138,13:35:51,14.98,-0.01,2,2996,卖盘
1139,13:35:48,14.99,0.01,5,7495,买盘
1140,13:35:45,14.98,-0.01,27,40446,卖盘
1141,13:35:39,14.99,0.01,1,1499,买盘
1142,13:35:36,14.98,--,9,13482,卖盘
1143,13:35:30,14.98,--,3,4494,卖盘
1144,13:35:27,14.98,--,10,14980,卖盘
1145,13:35:24,14.98,--,50,74900,卖盘
1146,13:35:18,14.98,-0.01,1,1498,卖盘
1147,13:35:09,14.99,--,3,4497,买盘
1148,13:35:06,14.99,--,2,2998,买盘
1149,13:35:03,14.99,--,13,19487,买盘
1150,13:34:57,14.99,0.01,3,4497,买盘
1151,13:34:54,14.98,-0.01,3,4494,卖盘
1152,13:34:48,14.99,--,19,28481,买盘
1153,13:34:45,14.99,0.01,6,8994,买盘
1154,13:34:33,14.98,0.01,14,20972,买盘
1155,13:34:30,14.97,-0.01,19,28443,卖盘
1156,13:34:27,14.98,--,2,2996,买盘
1157,13:34:24,14.98,--,14,20972,买盘
1158,13:34:21,14.98,--,10,14980,买盘
1159,13:34:15,14.98,--,10,14980,买盘
1160,13:34:03,14.98,--,3,4494,买盘
1161,13:34:00,14.98,--,4,5992,买盘
1162,13:33:57,14.98,--,2,2996,买盘
1163,13:33:42,14.98,--,8,11984,买盘
1164,13:33:39,14.98,--,20,29960,买盘
1165,13:33:36,14.98,0.01,2,2996,买盘
1166,13:33:30,14.97,-0.01,110,164670,卖盘
1167,13:33:27,14.98,--,10,14980,买盘
1168,13:33:24,14.98,-0.01,14,20972,卖盘
1169,13:33:21,14.99,0.01,3,4497,买盘
1170,13:33:12,14.98,--,1,1498,买盘
1171,13:33:06,14.98,--,2,2996,买盘
1172,13:33:03,14.98,-0.01,9,13482,卖盘
1173,13:33:00,14.99,0.01,6,8994,买盘
1174,13:32:57,14.98,--,13,19474,买盘
1175,13:32:48,14.98,--,10,14980,买盘
1176,13:32:45,14.98,--,27,40446,买盘
1177,13:32:42,14.98,--,3,4494,买盘
1178,13:32:39,14.98,--,4,5992,买盘
1179,13:32:33,14.98,0.01,3,4494,买盘
1180,13:32:27,14.97,--,2,2994,卖盘
1181,13:32:21,14.97,--,39,58383,卖盘
1182,13:32:18,14.97,--,4,5988,卖盘
1183,13:32:15,14.97,-0.01,2,2994,卖盘
1184,13:32:12,14.98,--,3,4494,买盘
1185,13:32:09,14.98,--,1,1498,买盘
1186,13:32:06,14.98,--,10,14980,买盘
1187,13:32:00,14.98,--,1,1498,买盘
1188,13:31:57,14.98,--,2,2996,买盘
1189,13:31:54,14.98,-0.01,87,131164,卖盘
1190,13:31:51,14.99,--,5,7495,买盘
1191,13:31:48,14.99,--,7,10493,买盘
1192,13:31:39,14.99,--,20,29980,买盘
1193,13:31:33,14.99,--,7,10493,买盘
1194,13:31:30,14.99,0.01,2,2998,买盘
1195,13:31:27,14.98,-0.01,20,29960,卖盘
1196,13:31:21,14.99,0.01,5,7495,买盘
1197,13:31:18,14.98,--,19,29121,买盘
1198,13:31:15,14.98,--,40,59920,买盘
1199,13:31:12,14.98,0.01,10,14980,买盘
1200,13:31:09,14.97,-0.01,39,58383,卖盘
1201,13:31:06,14.98,--,3,4494,买盘
1202,13:31:03,14.98,--,20,29960,买盘
1203,13:31:00,14.98,--,12,17976,买盘
1204,13:30:54,14.98,--,7,10486,买盘
1205,13:30:51,14.98,0.01,33,49434,买盘
1206,13:30:48,14.97,--,23,34431,卖盘
1207,13:30:45,14.97,-0.01,21,31437,卖盘
1208,13:30:42,14.98,--,2,2996,买盘
1209,13:30:39,14.98,--,9,13482,买盘
1210,13:30:24,14.98,--,1,1498,买盘
1211,13:30:21,14.98,--,3,4494,买盘
1212,13:30:18,14.98,--,62,92876,买盘
1213,13:30:09,14.98,--,107,160286,买盘
1214,13:30:06,14.98,--,10,14980,买盘
1215,13:30:03,14.98,--,58,86884,买盘
1216,13:29:57,14.98,--,25,37450,买盘
1217,13:29:54,14.98,--,2,2996,买盘
1218,13:29:30,14.98,0.01,2,2996,买盘
1219,13:29:24,14.97,-0.01,29,43413,卖盘
1220,13:29:21,14.98,--,10,14980,买盘
1221,13:29:06,14.98,0.02,2,2996,买盘
1222,13:28:54,14.96,--,100,149600,卖盘
1223,13:28:48,14.96,-0.01,22,32912,卖盘
1224,13:28:45,14.97,--,1,1497,买盘
1225,13:28:39,14.97,--,2,2994,买盘
1226,13:28:36,14.97,-0.01,2,2994,中性盘
1227,13:28:27,14.98,0.02,4,5992,买盘
1228,13:28:24,14.96,--,7,10472,卖盘
1229,13:28:21,14.96,--,20,29920,卖盘
1230,13:28:18,14.96,-0.01,10,14960,卖盘
1231,13:28:15,14.97,-0.01,10,14970,卖盘
1232,13:28:12,14.98,--,2,2996,买盘
1233,13:28:09,14.98,--,5,7490,买盘
1234,13:28:06,14.98,0.02,21,31458,买盘
1235,13:28:03,14.96,-0.01,68,101728,卖盘
1236,13:28:00,14.97,-0.01,30,44910,中性盘
1237,13:27:57,14.98,0.02,47,70406,买盘
1238,13:27:54,14.96,-0.02,100,149600,卖盘
1239,13:27:51,14.98,--,8,11984,买盘
1240,13:27:48,14.98,--,2,2996,买盘
1241,13:27:42,14.98,0.01,21,31458,买盘
1242,13:27:39,14.97,--,38,56886,卖盘
1243,13:27:27,14.97,-0.01,1,1497,卖盘
1244,13:27:24,14.98,--,2,2996,买盘
1245,13:27:18,14.98,--,5,7490,买盘
1246,13:27:15,14.98,0.01,7,10486,买盘
1247,13:26:57,14.97,-0.01,2,2994,中性盘
1248,13:26:54,14.98,--,489,733360,卖盘
1249,13:26:51,14.98,--,10,14980,卖盘
1250,13:26:48,14.98,--,6,8988,卖盘
1251,13:26:42,14.98,--,10,14980,卖盘
1252,13:26:39,14.98,-0.01,50,74900,卖盘
1253,13:26:36,14.99,0.01,19,29140,买盘
1254,13:26:30,14.98,--,15,22470,卖盘
1255,13:26:27,14.98,--,4,5992,卖盘
1256,13:26:21,14.98,--,19,28462,卖盘
1257,13:26:12,14.98,-0.01,8,11984,卖盘
1258,13:26:09,14.99,0.01,7,10493,买盘
1259,13:25:51,14.98,-0.01,74,110852,卖盘
1260,13:25:45,14.99,0.02,100,149900,买盘
1261,13:25:42,14.97,-0.01,10,14970,卖盘
1262,13:25:39,14.98,--,350,524300,买盘
1263,13:25:36,14.98,0.01,5,7490,买盘
1264,13:25:33,14.97,-0.01,101,151197,卖盘
1265,13:25:30,14.98,-0.01,42,62916,卖盘
1266,13:25:24,14.99,0.01,23,34477,买盘
1267,13:25:21,14.98,--,32,47936,卖盘
1268,13:25:15,14.98,--,417,624666,卖盘
1269,13:25:09,14.98,--,3,4494,卖盘
1270,13:25:06,14.98,-0.01,10,14980,卖盘
1271,13:25:00,14.99,0.01,4,5996,买盘
1272,13:24:57,14.98,--,102,152796,买盘
1273,13:24:48,14.98,0.01,3,4494,买盘
1274,13:24:45,14.97,--,34,50898,卖盘
1275,13:24:42,14.97,-0.01,21,31437,卖盘
1276,13:24:36,14.98,0.01,2,2996,买盘
1277,13:24:33,14.97,-0.01,1,1497,卖盘
1278,13:24:24,14.98,--,11,16478,买盘
1279,13:24:12,14.98,--,66,98868,买盘
1280,13:24:06,14.98,0.01,14,20972,买盘
1281,13:24:00,14.97,--,1,1497,卖盘
1282,13:23:57,14.97,-0.01,19,28443,卖盘
1283,13:23:51,14.98,--,10,14980,买盘
1284,13:23:48,14.98,0.01,5,7490,买盘
1285,13:23:45,14.97,-0.01,1,1497,卖盘
1286,13:23:39,14.98,--,5,7490,买盘
1287,13:23:24,14.98,--,1,1498,买盘
1288,13:23:21,14.98,0.01,2,2996,买盘
1289,13:23:12,14.97,--,12,17964,卖盘
1290,13:23:09,14.97,--,1,1497,卖盘
1291,13:23:06,14.97,--,10,14970,卖盘
1292,13:23:03,14.97,-0.01,5,7485,卖盘
1293,13:23:00,14.98,0.01,2,2996,买盘
1294,13:22:57,14.97,--,2,2994,卖盘
1295,13:22:39,14.97,--,77,115269,买盘
1296,13:22:36,14.97,--,2,2994,买盘
1297,13:22:33,14.97,--,3,4491,买盘
1298,13:22:24,14.97,-0.01,30,44910,卖盘
1299,13:22:18,14.98,0.01,8,11984,买盘
1300,13:22:15,14.97,-0.01,25,37425,卖盘
1301,13:22:09,14.98,-0.01,2,2996,买盘
1302,13:21:57,14.99,0.01,105,157395,买盘
1303,13:21:48,14.98,0.01,22,32956,卖盘
1304,13:21:45,14.97,--,23,34431,卖盘
1305,13:21:42,14.97,-0.01,100,149700,卖盘
1306,13:21:39,14.98,-0.01,2,2996,卖盘
1307,13:21:27,14.99,0.01,6,8994,买盘
1308,13:21:24,14.98,-0.01,3,4494,卖盘
1309,13:21:18,14.99,0.01,6,8994,买盘
1310,13:21:15,14.98,-0.01,4,5992,卖盘
1311,13:21:12,14.99,--,15,22485,买盘
1312,13:21:03,14.99,--,1,1499,买盘
1313,13:20:57,14.99,--,30,44970,卖盘
1314,13:20:54,14.99,--,10,14990,卖盘
1315,13:20:48,14.99,--,8,11992,卖盘
1316,13:20:45,14.99,-0.01,41,61459,卖盘
1317,13:20:39,15.0,--,29,43500,买盘
1318,13:20:33,15.0,0.01,4,6000,买盘
1319,13:20:30,14.99,--,23,34477,卖盘
1320,13:20:27,14.99,--,10,14990,卖盘
1321,13:20:12,14.99,-0.01,15,22485,卖盘
1322,13:20:03,15.0,0.02,112,168000,买盘
1323,13:20:00,14.98,-0.01,310,464380,卖盘
1324,13:19:54,14.99,--,10,14990,卖盘
1325,13:19:51,14.99,--,25,37475,卖盘
1326,13:19:48,14.99,--,51,76449,卖盘
1327,13:19:45,14.99,--,8,11992,卖盘
1328,13:19:36,14.99,--,2,2998,卖盘
1329,13:19:27,14.99,-0.01,3,4497,卖盘
1330,13:19:21,15.0,0.01,2,3000,买盘
1331,13:19:18,14.99,-0.01,26,38974,卖盘
1332,13:19:15,15.0,--,8,12000,买盘
1333,13:19:12,15.0,--,19,28500,买盘
1334,13:19:09,15.0,0.01,12,18000,买盘
1335,13:19:06,14.99,--,15,22485,卖盘
1336,13:19:00,14.99,-0.01,5,7495,卖盘
1337,13:18:45,15.0,--,52,78000,买盘
1338,13:18:42,15.0,--,1,1500,买盘
1339,13:18:30,15.0,--,6,9000,买盘
1340,13:18:27,15.0,--,5,7500,卖盘
1341,13:18:21,15.0,--,3,4500,卖盘
1342,13:18:12,15.0,--,2,3000,卖盘
1343,13:18:09,15.0,--,6,9000,买盘
1344,13:18:06,15.0,--,65,97500,卖盘
1345,13:18:03,15.0,--,86,129000,买盘
1346,13:17:54,15.0,--,3,4500,卖盘
1347,13:17:45,15.0,0.01,7,10500,买盘
1348,13:17:39,14.99,-0.01,1,1499,卖盘
1349,13:17:36,15.0,0.01,31,46500,买盘
1350,13:17:15,14.99,-0.01,7,10493,卖盘
1351,13:17:09,15.0,0.01,9,13500,买盘
1352,13:16:57,14.99,-0.01,5,7495,卖盘
1353,13:16:51,15.0,0.01,10,15000,买盘
1354,13:16:39,14.99,--,9,13491,卖盘
1355,13:16:36,14.99,-0.01,1,1499,卖盘
1356,13:16:33,15.0,--,2,3000,买盘
1357,13:16:27,15.0,--,10,15000,买盘
1358,13:16:24,15.0,--,1,1500,买盘
1359,13:16:18,15.0,-0.01,82,123450,卖盘
1360,13:16:00,15.01,--,8,12008,买盘
1361,13:15:57,15.01,0.01,31,46531,买盘
1362,13:15:45,15.0,-0.01,10,15000,卖盘
1363,13:15:33,15.01,--,2,3002,买盘
1364,13:15:27,15.01,--,23,34523,卖盘
1365,13:15:18,15.01,--,3,4503,买盘
1366,13:15:12,15.01,--,11,16511,买盘
1367,13:15:03,15.01,--,23,34523,卖盘
1368,13:15:00,15.01,-0.01,5,7505,卖盘
1369,13:14:57,15.02,0.01,11,16522,买盘
1370,13:14:51,15.01,--,71,106571,卖盘
1371,13:14:42,15.01,--,21,31521,卖盘
1372,13:14:39,15.01,--,7,10507,卖盘
1373,13:14:36,15.01,-0.01,19,28519,卖盘
1374,13:14:33,15.02,0.01,50,75100,买盘
1375,13:14:30,15.01,--,50,75050,卖盘
1376,13:14:18,15.01,--,2,3002,卖盘
1377,13:14:12,15.01,-0.01,1,1501,卖盘
1378,13:14:09,15.02,0.01,4,6008,买盘
1379,13:14:06,15.01,-0.01,21,31521,卖盘
1380,13:14:03,15.02,--,3,4506,买盘
1381,13:14:00,15.02,--,2,3004,买盘
1382,13:13:54,15.02,--,2,3004,买盘
1383,13:13:39,15.02,--,21,31542,买盘
1384,13:13:27,15.02,--,2,3004,买盘
1385,13:13:18,15.02,--,2,3004,买盘
1386,13:13:15,15.02,--,10,15020,买盘
1387,13:13:12,15.02,--,34,51068,买盘
1388,13:13:03,15.02,0.01,9,13518,买盘
1389,13:12:57,15.01,-0.01,12,18012,卖盘
1390,13:12:33,15.02,0.01,9,13518,买盘
1391,13:12:30,15.01,-0.01,11,16511,卖盘
1392,13:12:24,15.02,--,5,7510,买盘
1393,13:12:18,15.02,--,5,7510,买盘
1394,13:12:15,15.02,0.01,6,9012,买盘
1395,13:12:12,15.01,--,13,19513,买盘
1396,13:12:06,15.01,--,1,1501,买盘
1397,13:12:03,15.01,--,2,3002,买盘
1398,13:12:00,15.01,0.01,4,6004,买盘
1399,13:11:54,15.0,-0.01,20,30000,卖盘
1400,13:11:48,15.01,--,5,7505,买盘
1401,13:11:42,15.01,0.01,11,16511,买盘
1402,13:11:27,15.0,-0.01,28,42000,卖盘
1403,13:11:00,15.01,0.01,9,13509,买盘
1404,13:10:57,15.0,-0.01,30,45000,卖盘
1405,13:10:51,15.01,0.01,9,13509,买盘
1406,13:10:48,15.0,--,5,7500,卖盘
1407,13:10:27,15.0,-0.01,40,60000,卖盘
1408,13:10:24,15.01,--,10,15010,卖盘
1409,13:10:15,15.01,0.01,110,166160,买盘
1410,13:10:06,15.0,--,5,7500,买盘
1411,13:10:03,15.0,--,6,9450,卖盘
1412,13:09:57,15.0,-0.01,2,3000,卖盘
1413,13:09:54,15.01,0.01,21,31521,买盘
1414,13:09:51,15.0,--,40,60000,卖盘
1415,13:09:27,15.0,-0.01,32,48000,卖盘
1416,13:09:24,15.01,0.01,1,1501,买盘
1417,13:09:15,15.0,0.01,52,79050,买盘
1418,13:09:12,14.99,-0.01,5,7495,卖盘
1419,13:09:06,15.0,--,30,45000,买盘
1420,13:09:03,15.0,0.02,55,82500,买盘
1421,13:09:00,14.98,-0.01,13,19474,卖盘
1422,13:08:57,14.99,--,14,20986,买盘
1423,13:08:54,14.99,0.01,10,14990,买盘
1424,13:08:51,14.98,-0.01,10,14980,卖盘
1425,13:08:45,14.99,0.01,4,5996,买盘
1426,13:08:42,14.98,-0.01,3,4494,卖盘
1427,13:08:33,14.99,0.01,9,13491,买盘
1428,13:08:00,14.98,-0.01,12,17976,卖盘
1429,13:07:42,14.99,0.01,10,14990,买盘
1430,13:07:30,14.98,-0.01,3,4494,卖盘
1431,13:07:21,14.99,0.01,3,4497,买盘
1432,13:07:12,14.98,-0.01,67,100366,卖盘
1433,13:07:09,14.99,--,15,22485,买盘
1434,13:07:03,14.99,--,1,1499,买盘
1435,13:07:00,14.99,--,5,7495,买盘
1436,13:06:57,14.99,--,2,2998,买盘
1437,13:06:54,14.99,--,15,22485,买盘
1438,13:06:51,14.99,--,9,13491,买盘
1439,13:06:42,14.99,--,12,17988,买盘
1440,13:06:36,14.99,--,9,13491,买盘
1441,13:06:33,14.99,--,86,128914,卖盘
1442,13:06:30,14.99,--,10,14990,卖盘
1443,13:06:18,14.99,--,100,149900,卖盘
1444,13:06:09,14.99,0.01,15,22485,买盘
1445,13:06:06,14.98,-0.01,130,194740,卖盘
1446,13:06:03,14.99,--,3,4497,买盘
1447,13:05:39,14.99,--,10,14990,买盘
1448,13:05:27,14.99,-0.01,2,2998,卖盘
1449,13:05:24,15.0,--,6,9000,买盘
1450,13:05:21,15.0,--,2,3000,买盘
1451,13:05:18,15.0,0.01,1,1500,买盘
1452,13:05:15,14.99,0.01,2,2998,中性盘
1453,13:05:03,14.98,-0.02,1,1498,卖盘
1454,13:04:57,15.0,0.02,10,15000,买盘
1455,13:04:51,14.98,-0.01,21,31458,卖盘
1456,13:04:48,14.99,-0.01,1,1499,卖盘
1457,13:04:45,15.0,--,14,21000,买盘
1458,13:04:42,15.0,0.01,10,15000,买盘
1459,13:04:33,14.99,-0.01,5,7495,中性盘
1460,13:04:09,15.0,0.01,5,7500,买盘
1461,13:04:03,14.99,--,3,4497,买盘
1462,13:03:54,14.99,-0.01,94,141355,卖盘
1463,13:03:48,15.0,0.01,1,1500,买盘
1464,13:03:45,14.99,--,3,4497,卖盘
1465,13:03:42,14.99,0.01,7,11542,买盘
1466,13:03:39,14.98,--,1,1498,卖盘
1467,13:03:33,14.98,--,5,7490,卖盘
1468,13:03:27,14.98,-0.01,8,11984,卖盘
1469,13:03:24,14.99,0.01,5,7495,买盘
1470,13:03:15,14.98,--,21,31458,卖盘
1471,13:03:03,14.98,--,11,16478,买盘
1472,13:02:54,14.98,0.01,2,2996,买盘
1473,13:02:45,14.97,-0.02,5,7485,卖盘
1474,13:02:42,14.99,0.01,9,13491,买盘
1475,13:02:36,14.98,-0.01,1,1498,卖盘
1476,13:02:33,14.99,--,5,7495,买盘
1477,13:02:30,14.99,--,7,10493,买盘
1478,13:02:24,14.99,--,1,1499,买盘
1479,13:02:15,14.99,--,20,29980,买盘
1480,13:02:12,14.99,--,16,24433,卖盘
1481,13:02:00,14.99,--,1,1499,卖盘
1482,13:01:51,14.99,--,30,46019,买盘
1483,13:01:45,14.99,0.01,71,106429,买盘
1484,13:01:42,14.98,-0.01,21,31458,卖盘
1485,13:01:36,14.99,-0.01,32,48417,卖盘
1486,13:01:30,15.0,0.01,5,7500,中性盘
1487,13:01:18,14.99,--,10,16039,卖盘
1488,13:01:12,14.99,--,17,25483,卖盘
1489,13:01:09,14.99,-0.01,21,31479,卖盘
1490,13:01:06,15.0,--,7,10950,卖盘
1491,13:01:03,15.0,--,21,31500,卖盘
1492,13:01:00,15.0,--,84,126000,卖盘
1493,13:00:54,15.0,--,21,31500,卖盘
1494,13:00:51,15.0,-0.01,57,86535,卖盘
1495,13:00:48,15.01,-0.01,7,10507,中性盘
1496,13:00:42,15.02,--,25,37550,买盘
1497,13:00:39,15.02,--,14,21493,卖盘
1498,13:00:33,15.02,--,2,3004,卖盘
1499,13:00:18,15.02,--,19,29574,买盘
1500,13:00:15,15.02,--,5,7510,买盘
1501,13:00:09,15.02,--,10,15485,卖盘
1502,13:00:06,15.02,0.01,135,203821,买盘
1503,13:00:03,15.01,-0.01,377,565877,卖盘
1504,13:00:00,15.02,--,0,0,买盘
1505,11:30:00,15.02,--,0,0,买盘
1506,11:29:48,15.02,0.01,10,15020,买盘
1507,11:29:39,15.01,-0.01,59,88559,卖盘
1508,11:29:36,15.02,--,10,15020,买盘
1509,11:29:30,15.02,0.01,76,114152,买盘
1510,11:29:27,15.01,--,6,9006,卖盘
1511,11:29:12,15.01,-0.01,26,39026,卖盘
1512,11:29:06,15.02,0.01,1,1502,买盘
1513,11:28:48,15.01,-0.01,56,84056,卖盘
1514,11:28:42,15.02,--,4,6008,买盘
1515,11:28:36,15.02,0.01,1,1502,买盘
1516,11:28:27,15.01,-0.01,3,4503,卖盘
1517,11:28:24,15.02,--,2,3004,买盘
1518,11:28:21,15.02,--,2,3004,买盘
1519,11:28:18,15.02,0.01,26,39052,买盘
1520,11:28:12,15.01,-0.01,30,45030,卖盘
1521,11:28:00,15.02,0.01,5,7510,买盘
1522,11:27:57,15.01,-0.01,4,6004,卖盘
1523,11:27:54,15.02,--,4,6008,买盘
1524,11:27:51,15.02,--,21,31542,买盘
1525,11:27:24,15.02,0.01,9,13518,买盘
1526,11:27:12,15.01,0.01,30,45030,买盘
1527,11:27:09,15.0,-0.02,5,7500,卖盘
1528,11:27:00,15.02,0.02,21,31542,买盘
1529,11:26:57,15.0,-0.02,5,7500,卖盘
1530,11:26:48,15.02,--,1,1502,买盘
1531,11:26:45,15.02,0.02,5,7510,买盘
1532,11:26:39,15.0,-0.01,20,30000,卖盘
1533,11:26:36,15.01,--,5,7505,卖盘
1534,11:26:30,15.01,--,12,18012,买盘
1535,11:26:21,15.01,0.01,8,12008,买盘
1536,11:26:18,15.0,--,11,16500,卖盘
1537,11:25:48,15.0,--,3,4500,买盘
1538,11:25:42,15.0,--,6,9000,买盘
1539,11:25:24,15.0,--,26,39000,卖盘
1540,11:25:21,15.0,-0.01,8,12000,卖盘
1541,11:25:18,15.01,-0.01,9,13509,中性盘
1542,11:25:03,15.02,0.02,28,42056,买盘
1543,11:24:57,15.0,-0.02,61,91500,卖盘
1544,11:24:54,15.02,0.01,5,7510,买盘
1545,11:24:51,15.01,-0.01,1,1501,卖盘
1546,11:24:45,15.02,--,10,15020,买盘
1547,11:24:42,15.02,0.01,5,7510,买盘
1548,11:24:39,15.01,-0.01,1,1501,卖盘
1549,11:24:36,15.02,--,10,15020,买盘
1550,11:24:33,15.02,--,5,7510,买盘
1551,11:24:27,15.02,-0.01,6,9012,买盘
1552,11:24:24,15.03,0.01,10,15030,买盘
1553,11:24:15,15.02,--,10,15020,买盘
1554,11:24:12,15.02,--,16,24752,卖盘
1555,11:24:09,15.02,-0.01,48,72096,卖盘
1556,11:24:03,15.03,0.01,10,15030,买盘
1557,11:23:57,15.02,--,7,10514,卖盘
1558,11:23:54,15.02,--,110,165220,卖盘
1559,11:23:48,15.02,--,4,6578,卖盘
1560,11:23:36,15.02,--,4,6218,卖盘
1561,11:23:30,15.02,0.02,20,30040,买盘
1562,11:23:24,15.0,-0.02,21,31500,卖盘
1563,11:23:15,15.02,-0.01,24,36048,中性盘
1564,11:23:12,15.03,0.01,85,127755,买盘
1565,11:23:09,15.02,--,1,1502,买盘
1566,11:23:03,15.02,--,4,6008,买盘
1567,11:22:57,15.02,--,30,45060,买盘
1568,11:22:36,15.02,--,20,31151,卖盘
1569,11:22:18,15.02,--,7,10514,卖盘
1570,11:22:15,15.02,-0.01,1,1502,卖盘
1571,11:22:06,15.03,0.01,15,22545,买盘
1572,11:21:57,15.02,--,12,18414,卖盘
1573,11:21:54,15.02,--,21,31542,卖盘
1574,11:21:48,15.02,-0.01,10,15020,卖盘
1575,11:21:45,15.03,-0.01,1,1503,中性盘
1576,11:21:36,15.04,0.01,10,15040,买盘
1577,11:21:33,15.03,-0.01,6,9018,卖盘
1578,11:21:27,15.04,0.01,10,15040,买盘
1579,11:21:18,15.03,--,74,111222,买盘
1580,11:21:15,15.03,--,9,13527,买盘
1581,11:21:03,15.03,--,18,27054,买盘
1582,11:20:54,15.03,0.01,1,1503,买盘
1583,11:20:51,15.02,--,2,3004,中性盘
1584,11:20:30,15.02,0.02,1,1502,买盘
1585,11:20:21,15.0,-0.03,10,15000,卖盘
1586,11:20:12,15.03,--,6,9018,买盘
1587,11:20:09,15.03,--,21,31563,买盘
1588,11:20:03,15.03,-0.02,5,7515,买盘
1589,11:20:00,15.05,0.01,38,57190,买盘
1590,11:19:57,15.04,--,84,126336,买盘
1591,11:19:54,15.04,0.01,84,126336,买盘
1592,11:19:51,15.03,0.02,84,126252,买盘
1593,11:19:48,15.01,0.01,256,384256,买盘
1594,11:19:45,15.0,0.01,42,63000,买盘
1595,11:19:42,14.99,--,135,202365,买盘
1596,11:19:36,14.99,--,47,70453,买盘
1597,11:19:33,14.99,--,25,37475,买盘
1598,11:19:27,14.99,--,2,2998,买盘
1599,11:19:24,14.99,--,42,62958,买盘
1600,11:19:09,14.99,--,9,13491,买盘
1601,11:19:06,14.99,0.01,14,20986,买盘
1602,11:19:03,14.98,-0.01,3,4494,卖盘
1603,11:18:57,14.99,--,10,14990,买盘
1604,11:18:42,14.99,--,4,5996,买盘
1605,11:18:39,14.99,--,66,98934,卖盘
1606,11:18:36,14.99,--,59,88441,卖盘
1607,11:18:30,14.99,--,10,14990,卖盘
1608,11:18:27,14.99,--,13,19487,卖盘
1609,11:18:06,14.99,0.04,64,95936,买盘
1610,11:17:57,14.95,--,10,14950,卖盘
1611,11:17:45,14.95,--,5,7475,卖盘
1612,11:17:42,14.95,-0.04,54,80730,卖盘
1613,11:17:27,14.99,0.04,1,1499,买盘
1614,11:17:21,14.95,-0.04,2,2990,卖盘
1615,11:17:18,14.99,0.04,13,19487,买盘
1616,11:17:09,14.95,--,186,278907,买盘
1617,11:17:06,14.95,--,24,35880,买盘
1618,11:17:00,14.95,--,16,23920,买盘
1619,11:16:51,14.95,0.01,23,34385,买盘
1620,11:16:45,14.94,-0.01,10,14940,卖盘
1621,11:16:42,14.95,--,12,17940,买盘
1622,11:16:36,14.95,--,13,19435,买盘
1623,11:16:33,14.95,--,23,34385,买盘
1624,11:16:30,14.95,--,19,28405,买盘
1625,11:16:27,14.95,--,10,14950,买盘
1626,11:16:21,14.95,--,2,2990,买盘
1627,11:16:18,14.95,--,100,149500,买盘
1628,11:16:12,14.95,--,17,25415,买盘
1629,11:16:06,14.95,--,22,32890,买盘
1630,11:16:00,14.95,--,46,68770,买盘
1631,11:15:57,14.95,-0.04,705,1054632,卖盘
1632,11:15:51,14.99,-0.01,1,1499,卖盘
1633,11:15:42,15.0,--,19,28500,买盘
1634,11:15:33,15.0,--,11,16500,买盘
1635,11:15:24,15.0,--,40,60000,买盘
1636,11:15:15,15.0,--,9,13500,买盘
1637,11:15:06,15.0,0.01,1,1500,买盘
1638,11:14:57,14.99,-0.01,3,4497,卖盘
1639,11:14:54,15.0,0.01,5,7500,买盘
1640,11:14:51,14.99,0.01,2,2998,卖盘
1641,11:14:48,14.98,--,15,22470,买盘
1642,11:14:45,14.98,-0.01,385,576730,卖盘
1643,11:14:39,14.99,--,1,1499,卖盘
1644,11:14:36,14.99,-0.01,5,7495,卖盘
1645,11:14:24,15.0,--,10,15000,买盘
1646,11:14:12,15.0,0.01,39,58500,买盘
1647,11:14:09,14.99,--,4,5996,买盘
1648,11:14:06,14.99,--,43,64457,买盘
1649,11:14:03,14.99,--,21,31479,买盘
1650,11:14:00,14.99,-0.01,8,13131,卖盘
1651,11:13:57,15.0,0.01,5,7500,买盘
1652,11:13:48,14.99,--,9,13850,买盘
1653,11:13:45,14.99,0.01,21,31479,买盘
1654,11:13:36,14.98,--,65,97370,卖盘
1655,11:13:33,14.98,-0.01,5,7490,卖盘
1656,11:13:30,14.99,0.01,18,26982,买盘
1657,11:13:24,14.98,-0.01,24,35952,卖盘
1658,11:13:21,14.99,--,21,31479,买盘
1659,11:13:18,14.99,--,14,20986,买盘
1660,11:13:15,14.99,0.01,5,7495,买盘
1661,11:13:12,14.98,-0.01,13,19474,卖盘
1662,11:13:09,14.99,0.01,4,5996,买盘
1663,11:13:03,14.98,-0.01,1,1498,卖盘
1664,11:12:57,14.99,--,15,22485,买盘
1665,11:12:54,14.99,--,4,5996,买盘
1666,11:12:48,14.99,--,1,1499,买盘
1667,11:12:42,14.99,--,10,14990,买盘
1668,11:12:39,14.99,-0.01,21,31479,买盘
1669,11:12:36,15.0,--,64,97140,卖盘
1670,11:12:33,15.0,--,1,1500,卖盘
1671,11:12:27,15.0,0.01,99,148860,买盘
1672,11:12:18,14.99,--,29,43920,卖盘
1673,11:12:15,14.99,-0.01,8,13041,卖盘
1674,11:12:09,15.0,--,50,75000,买盘
1675,11:12:00,15.0,--,2,3000,买盘
1676,11:11:57,15.0,--,5,8190,卖盘
1677,11:11:54,15.0,--,31,46500,卖盘
1678,11:11:51,15.0,--,10,15000,卖盘
1679,11:11:48,15.0,--,47,71310,买盘
1680,11:11:39,15.0,--,27,40500,买盘
1681,11:11:36,15.0,0.01,30,45000,买盘
1682,11:11:33,14.99,0.01,9,13491,中性盘
1683,11:11:15,14.98,-0.01,16,23968,卖盘
1684,11:11:12,14.99,--,20,29980,买盘
1685,11:11:06,14.99,-0.01,5,7495,买盘
1686,11:10:51,15.0,0.02,38,57000,买盘
1687,11:10:48,14.98,-0.02,89,133322,卖盘
1688,11:10:45,15.0,0.01,6,9000,买盘
1689,11:10:36,14.99,-0.01,4,5996,卖盘
1690,11:10:33,15.0,--,4,6000,买盘
1691,11:10:30,15.0,--,2,3000,买盘
1692,11:10:27,15.0,--,1,1500,买盘
1693,11:10:24,15.0,0.01,94,141000,买盘
1694,11:10:18,14.99,-0.01,65,97435,卖盘
1695,11:10:12,15.0,0.01,10,15000,买盘
1696,11:10:09,14.99,-0.01,30,44970,卖盘
1697,11:10:00,15.0,--,4,6000,买盘
1698,11:09:54,15.0,--,16,24000,买盘
1699,11:09:51,15.0,--,6,9000,买盘
1700,11:09:48,15.0,--,22,33000,买盘
1701,11:09:42,15.0,--,5,7500,买盘
1702,11:09:36,15.0,0.01,4,6000,买盘
1703,11:09:33,14.99,-0.01,10,14990,卖盘
1704,11:09:30,15.0,--,5,7500,买盘
1705,11:09:27,15.0,--,2,3000,买盘
1706,11:09:24,15.0,-0.01,4,6000,买盘
1707,11:09:15,15.01,0.01,64,96064,买盘
1708,11:09:12,15.0,0.01,2,3000,买盘
1709,11:09:09,14.99,-0.01,9,13491,卖盘
1710,11:09:06,15.0,--,17,25500,买盘
1711,11:08:54,15.0,--,17,25500,买盘
1712,11:08:51,15.0,--,15,22500,买盘
1713,11:08:48,15.0,--,1,1500,买盘
1714,11:08:42,15.0,--,4,6000,买盘
1715,11:08:39,15.0,--,7,10500,买盘
1716,11:08:33,15.0,--,1,1500,买盘
1717,11:08:30,15.0,--,6,9000,买盘
1718,11:08:24,15.0,-0.01,183,274500,卖盘
1719,11:08:18,15.01,0.01,2,3002,买盘
1720,11:08:12,15.0,-0.01,20,30000,卖盘
1721,11:08:06,15.01,0.01,1,1501,买盘
1722,11:08:03,15.0,--,13,19500,买盘
1723,11:07:57,15.0,0.02,1,1500,买盘
1724,11:07:54,14.98,-0.02,17,25466,卖盘
1725,11:07:45,15.0,--,10,15000,买盘
1726,11:07:39,15.0,--,4,6000,买盘
1727,11:07:36,15.0,0.01,12,18000,买盘
1728,11:07:30,14.99,-0.01,399,598101,卖盘
1729,11:07:27,15.0,--,3,4500,买盘
1730,11:07:24,15.0,--,2,3000,买盘
1731,11:07:15,15.0,--,11,16500,买盘
1732,11:07:06,15.0,--,5,7500,买盘
1733,11:07:03,15.0,--,2,3000,买盘
1734,11:07:00,15.0,-0.02,25,37500,卖盘
1735,11:06:54,15.02,0.02,29,43558,买盘
1736,11:06:48,15.0,-0.01,200,300000,卖盘
1737,11:06:42,15.01,--,9,13509,买盘
1738,11:06:33,15.01,--,6,9006,买盘
1739,11:06:30,15.01,--,1,1501,买盘
1740,11:06:27,15.01,0.01,30,45030,买盘
1741,11:06:18,15.0,--,11,16500,卖盘
1742,11:06:09,15.0,-0.02,42,63000,卖盘
1743,11:06:00,15.02,--,71,106642,买盘
1744,11:05:57,15.02,--,5,7510,买盘
1745,11:05:54,15.02,--,3,4506,买盘
1746,11:05:48,15.02,--,3,4506,买盘
1747,11:05:45,15.02,--,3,4506,买盘
1748,11:05:36,15.02,--,5,7510,买盘
1749,11:05:33,15.02,--,6,9012,买盘
1750,11:05:30,15.02,-0.01,42,63084,卖盘
1751,11:05:24,15.03,--,2,3006,买盘
1752,11:05:21,15.03,-0.01,1,1503,中性盘
1753,11:05:18,15.04,0.02,50,75200,买盘
1754,11:05:15,15.02,-0.02,10,15020,卖盘
1755,11:05:12,15.04,0.02,2,3008,买盘
1756,11:05:09,15.02,-0.02,332,498664,卖盘
1757,11:05:06,15.04,0.01,2,3008,买盘
1758,11:05:03,15.03,--,948,1424844,买盘
1759,11:05:00,15.03,0.01,16,24048,买盘
1760,11:04:51,15.02,-0.01,4,6008,卖盘
1761,11:04:48,15.03,0.01,5,7515,买盘
1762,11:04:45,15.02,-0.01,10,15020,卖盘
1763,11:04:42,15.03,0.01,12,18036,买盘
1764,11:04:39,15.02,-0.01,5,7510,卖盘
1765,11:04:36,15.03,--,19,28557,买盘
1766,11:04:30,15.03,--,76,114228,买盘
1767,11:04:27,15.03,0.01,5,7515,买盘
1768,11:04:24,15.02,--,12,18024,卖盘
1769,11:04:18,15.02,-0.01,2,3004,卖盘
1770,11:04:15,15.03,0.02,58,87174,买盘
1771,11:04:12,15.01,--,7,10507,卖盘
1772,11:04:09,15.01,--,7,10507,卖盘
1773,11:04:06,15.01,-0.01,9,13509,中性盘
1774,11:04:03,15.02,0.01,6,9012,买盘
1775,11:03:57,15.01,-0.01,3,4503,卖盘
1776,11:03:54,15.02,--,2,3004,买盘
1777,11:03:51,15.02,0.01,5,7510,买盘
1778,11:03:48,15.01,--,7,10507,买盘
1779,11:03:30,15.01,--,2,3002,买盘
1780,11:03:27,15.01,0.04,1,1501,买盘
1781,11:03:24,14.97,--,3,4491,卖盘
1782,11:03:21,14.97,--,24,36766,买盘
1783,11:03:18,14.97,--,5,7485,买盘
1784,11:03:15,14.97,--,2,2994,买盘
1785,11:03:09,14.97,--,58,86826,买盘
1786,11:03:06,14.97,--,42,62874,买盘
1787,11:03:03,14.97,--,9,13473,买盘
1788,11:03:00,14.97,--,10,14970,买盘
1789,11:02:57,14.97,--,2,2994,买盘
1790,11:02:54,14.97,--,44,65868,买盘
1791,11:02:45,14.97,--,15,22455,买盘
1792,11:02:42,14.97,--,3,4491,买盘
1793,11:02:39,14.97,-0.05,590,883888,卖盘
1794,11:02:36,15.02,0.01,3,4506,买盘
1795,11:02:30,15.01,-0.01,15,22515,卖盘
1796,11:02:27,15.02,--,39,58578,买盘
1797,11:02:21,15.02,--,2,3004,买盘
1798,11:02:18,15.02,--,6,9012,买盘
1799,11:02:12,15.02,-0.01,22,33044,卖盘
1800,11:02:03,15.03,--,3,4509,买盘
1801,11:02:00,15.03,--,45,67635,买盘
1802,11:01:57,15.03,-0.01,39,58617,卖盘
1803,11:01:54,15.04,--,19,28576,卖盘
1804,11:01:51,15.04,0.01,5,7520,买盘
1805,11:01:48,15.03,-0.02,36,54108,卖盘
1806,11:01:45,15.05,--,33,49665,买盘
1807,11:01:42,15.05,0.01,17,25585,买盘
1808,11:01:39,15.04,0.02,2,3008,买盘
1809,11:01:36,15.02,--,5,7510,卖盘
1810,11:01:33,15.02,-0.01,104,156208,卖盘
1811,11:01:30,15.03,0.01,15,22545,买盘
1812,11:01:27,15.02,-0.01,31,46562,卖盘
1813,11:01:24,15.03,-0.02,115,172845,卖盘
1814,11:01:21,15.05,0.02,10,15050,买盘
1815,11:01:18,15.03,-0.02,37,55611,卖盘
1816,11:01:12,15.05,0.01,30,45150,买盘
1817,11:01:09,15.04,-0.01,124,186496,卖盘
1818,11:01:06,15.05,0.01,2,3010,买盘
1819,11:01:03,15.04,--,12,18048,卖盘
1820,11:01:00,15.04,--,21,31584,卖盘
1821,11:00:57,15.04,--,3,4512,买盘
1822,11:00:54,15.04,--,5,7520,买盘
1823,11:00:51,15.04,-0.01,2,3008,中性盘
1824,11:00:45,15.05,0.01,8,12040,卖盘
1825,11:00:42,15.04,0.01,3,4512,买盘
1826,11:00:39,15.03,-0.01,271,407313,卖盘
1827,11:00:36,15.04,-0.01,44,66176,卖盘
1828,11:00:33,15.05,--,68,102340,买盘
1829,11:00:30,15.05,--,11,16555,买盘
1830,11:00:27,15.05,--,9,13545,买盘
1831,11:00:24,15.05,--,25,37625,买盘
1832,11:00:21,15.05,-0.01,453,681765,卖盘
1833,11:00:18,15.06,0.01,2,3012,买盘
1834,11:00:15,15.05,-0.01,27,40635,卖盘
1835,11:00:12,15.06,--,39,58734,买盘
1836,11:00:09,15.06,--,51,76806,卖盘
1837,11:00:06,15.06,-0.01,56,84336,卖盘
1838,11:00:03,15.07,0.01,31,46717,买盘
1839,11:00:00,15.06,--,5,7530,卖盘
1840,10:59:57,15.06,--,136,204816,买盘
1841,10:59:54,15.06,--,2,3012,买盘
1842,10:59:51,15.06,--,20,30120,买盘
1843,10:59:48,15.06,--,13,19578,买盘
1844,10:59:45,15.06,0.01,11,16566,买盘
1845,10:59:42,15.05,--,36,54180,卖盘
1846,10:59:39,15.05,--,19,28595,买盘
1847,10:59:36,15.05,0.01,73,109865,买盘
1848,10:59:33,15.04,-0.01,5,7520,卖盘
1849,10:59:27,15.05,--,24,36120,买盘
1850,10:59:21,15.05,--,1,1505,买盘
1851,10:59:18,15.05,--,5,7525,买盘
1852,10:59:15,15.05,--,57,85785,买盘
1853,10:59:12,15.05,0.01,12,18060,买盘
1854,10:59:06,15.04,-0.01,7,10528,买盘
1855,10:59:03,15.05,0.01,26,39130,买盘
1856,10:59:00,15.04,-0.01,38,57152,卖盘
1857,10:58:57,15.05,--,7,10535,买盘
1858,10:58:54,15.05,--,5,7525,买盘
1859,10:58:51,15.05,--,16,24080,买盘
1860,10:58:48,15.05,0.04,4,6020,买盘
1861,10:58:45,15.01,-0.04,19,28519,卖盘
1862,10:58:42,15.05,--,10,15050,买盘
1863,10:58:39,15.05,--,17,25585,买盘
1864,10:58:36,15.05,--,176,264880,买盘
1865,10:58:33,15.05,--,10,15050,买盘
1866,10:58:27,15.05,--,16,24080,买盘
1867,10:58:24,15.05,0.01,53,79765,买盘
1868,10:58:21,15.04,0.01,65,97760,买盘
1869,10:58:18,15.03,0.03,101,151803,买盘
1870,10:58:15,15.0,0.02,18,27000,买盘
1871,10:58:12,14.98,-0.01,153,229194,卖盘
1872,10:58:09,14.99,--,24,35976,买盘
1873,10:58:03,14.99,--,12,17988,买盘
1874,10:57:57,14.99,0.02,8,11992,买盘
1875,10:57:51,14.97,--,550,824188,买盘
1876,10:57:45,14.97,--,53,79341,买盘
1877,10:57:42,14.97,--,24,35928,买盘
1878,10:57:39,14.97,--,154,230538,买盘
1879,10:57:36,14.97,--,21,31437,买盘
1880,10:57:33,14.97,0.01,70,104790,买盘
1881,10:57:30,14.96,--,45,67320,买盘
1882,10:57:24,14.96,--,320,478720,买盘
1883,10:57:21,14.96,--,5,7480,买盘
1884,10:57:18,14.96,--,26,38896,买盘
1885,10:57:12,14.96,--,18,26928,买盘
1886,10:57:06,14.96,--,4,5984,买盘
1887,10:57:00,14.96,0.01,27,40392,卖盘
1888,10:56:57,14.95,--,21,31395,卖盘
1889,10:56:54,14.95,--,21,31395,卖盘
1890,10:56:51,14.95,-0.01,314,469430,卖盘
1891,10:56:48,14.96,0.01,7,10591,买盘
1892,10:56:45,14.95,-0.01,10,14950,卖盘
1893,10:56:42,14.96,--,9,13464,买盘
1894,10:56:39,14.96,0.01,14,20944,买盘
1895,10:56:36,14.95,--,82,122590,卖盘
1896,10:56:33,14.95,-0.01,5,7475,卖盘
1897,10:56:27,14.96,0.01,45,67320,买盘
1898,10:56:24,14.95,-0.01,33,49335,卖盘
1899,10:56:21,14.96,--,17,25432,买盘
1900,10:56:15,14.96,--,11,16456,买盘
1901,10:56:09,14.96,0.01,8,11968,买盘
1902,10:56:06,14.95,-0.01,5,7475,卖盘
1903,10:56:03,14.96,--,31,46376,买盘
1904,10:56:00,14.96,--,4,5984,买盘
1905,10:55:57,14.96,--,3,4488,买盘
1906,10:55:54,14.96,--,2,2992,买盘
1907,10:55:51,14.96,-0.01,70,105348,卖盘
1908,10:55:48,14.97,--,5,7485,买盘
1909,10:55:45,14.97,--,18,26946,买盘
1910,10:55:42,14.97,--,6,8982,买盘
1911,10:55:39,14.97,--,30,44910,买盘
1912,10:55:36,14.97,--,11,16467,买盘
1913,10:55:33,14.97,--,37,55389,买盘
1914,10:55:27,14.97,--,3,4491,买盘
1915,10:55:24,14.97,--,3,4491,买盘
1916,10:55:21,14.97,0.01,31,46407,买盘
1917,10:55:18,14.96,-0.01,37,55352,卖盘
1918,10:55:15,14.97,--,5,7485,买盘
1919,10:55:06,14.97,-0.01,117,175149,卖盘
1920,10:55:03,14.98,--,3,4494,买盘
1921,10:55:00,14.98,--,2,2996,买盘
1922,10:54:57,14.98,--,21,31458,买盘
1923,10:54:51,14.98,0.01,1,1498,买盘
1924,10:54:48,14.97,-0.01,3,4491,卖盘
1925,10:54:45,14.98,--,26,38948,买盘
1926,10:54:39,14.98,-0.01,43,64414,卖盘
1927,10:54:33,14.99,--,4,5996,买盘
1928,10:54:30,14.99,--,43,64457,卖盘
1929,10:54:27,14.99,-0.01,45,67455,卖盘
1930,10:54:24,15.0,0.01,23,34500,买盘
1931,10:54:15,14.99,0.01,28,41972,买盘
1932,10:54:09,14.98,-0.01,1,1498,中性盘
1933,10:54:06,14.99,0.01,1,1499,买盘
1934,10:54:03,14.98,0.01,1,1498,买盘
1935,10:54:00,14.97,-0.02,36,53892,卖盘
1936,10:53:57,14.99,--,9,13491,买盘
1937,10:53:54,14.99,--,67,100433,买盘
1938,10:53:48,14.99,--,30,44970,买盘
1939,10:53:45,14.99,--,15,22485,买盘
1940,10:53:42,14.99,--,19,28481,买盘
1941,10:53:30,14.99,--,15,22485,卖盘
1942,10:53:27,14.99,-0.01,1,1499,卖盘
1943,10:53:24,15.0,0.01,16,24000,买盘
1944,10:53:21,14.99,-0.01,12,17988,中性盘
1945,10:53:12,15.0,0.01,48,72000,买盘
1946,10:53:06,14.99,--,3,4497,买盘
1947,10:53:03,14.99,0.02,62,93807,买盘
1948,10:53:00,14.97,--,4,5988,买盘
1949,10:52:57,14.97,--,4,5988,买盘
1950,10:52:54,14.97,-0.03,6,8982,中性盘
1951,10:52:48,15.0,0.02,51,76500,买盘
1952,10:52:45,14.98,-0.02,20,29960,卖盘
1953,10:52:42,15.0,--,4,6000,买盘
1954,10:52:39,15.0,0.04,1,1500,买盘
1955,10:52:33,14.96,-0.03,21,31416,卖盘
1956,10:52:27,14.99,--,10,14990,买盘
1957,10:52:24,14.99,--,11,16489,卖盘
1958,10:52:21,14.99,0.03,1,1499,中性盘
1959,10:52:18,14.96,-0.02,200,299200,卖盘
1960,10:52:12,14.98,-0.01,103,154294,卖盘
1961,10:52:09,14.99,--,31,46469,买盘
1962,10:52:06,14.99,--,9,13491,买盘
1963,10:52:03,14.99,--,4,5996,买盘
1964,10:52:00,14.99,--,26,38974,买盘
1965,10:51:57,14.99,0.01,1,1499,买盘
1966,10:51:51,14.98,-0.01,10,14980,卖盘
1967,10:51:48,14.99,0.01,1,1499,买盘
1968,10:51:42,14.98,--,2,2996,卖盘
1969,10:51:39,14.98,--,40,59920,卖盘
1970,10:51:36,14.98,--,21,31458,买盘
1971,10:51:33,14.98,0.01,2,2996,买盘
1972,10:51:30,14.97,--,2,2994,卖盘
1973,10:51:27,14.97,-0.01,5,7485,卖盘
1974,10:51:24,14.98,--,116,173768,买盘
1975,10:51:18,14.98,--,38,56924,买盘
1976,10:51:12,14.98,0.02,27,40446,买盘
1977,10:51:09,14.96,-0.02,21,31416,卖盘
1978,10:51:06,14.98,--,5,7490,买盘
1979,10:50:51,14.98,--,10,14980,买盘
1980,10:50:48,14.98,--,10,14980,买盘
1981,10:50:42,14.98,--,18,26964,买盘
1982,10:50:39,14.98,--,23,34454,买盘
1983,10:50:27,14.98,--,17,25466,买盘
1984,10:50:24,14.98,0.03,85,128019,买盘
1985,10:50:21,14.95,--,16,23920,买盘
1986,10:50:18,14.95,--,30,44850,买盘
1987,10:50:15,14.95,--,90,134550,买盘
1988,10:50:12,14.95,--,17,25415,买盘
1989,10:50:09,14.95,--,9,13455,买盘
1990,10:50:06,14.95,--,47,70265,买盘
1991,10:50:03,14.95,--,5,7475,买盘
1992,10:49:57,14.95,0.01,16,23920,买盘
1993,10:49:54,14.94,-0.01,1,1494,卖盘
1994,10:49:51,14.95,--,2,2990,买盘
1995,10:49:48,14.95,--,6,8970,买盘
1996,10:49:45,14.95,--,22,32890,买盘
1997,10:49:42,14.95,--,86,128570,买盘
1998,10:49:36,14.95,--,15,22425,买盘
1999,10:49:27,14.95,--,1,1495,买盘
2000,10:49:24,14.95,0.01,2,2990,买盘
2001,10:49:21,14.94,--,145,216630,买盘
2002,10:49:18,14.94,--,33,49302,买盘
2003,10:49:15,14.94,--,7,10458,买盘
2004,10:49:09,14.94,--,5,7470,买盘
2005,10:49:06,14.94,--,10,14940,买盘
2006,10:49:03,14.94,--,266,397404,买盘
2007,10:48:57,14.94,--,5,7470,买盘
2008,10:48:54,14.94,--,10,14940,买盘
2009,10:48:48,14.94,0.02,2,2988,买盘
2010,10:48:42,14.92,-0.02,1,1492,卖盘
2011,10:48:36,14.94,--,8,11952,买盘
2012,10:48:33,14.94,0.02,9,13446,买盘
2013,10:48:27,14.92,-0.02,10,14920,中性盘
2014,10:48:09,14.94,--,2,2988,买盘
2015,10:48:06,14.94,--,16,23904,买盘
2016,10:48:03,14.94,0.04,32,47808,买盘
2017,10:47:51,14.9,-0.04,26,38740,卖盘
2018,10:47:42,14.94,0.03,42,62748,买盘
2019,10:47:39,14.91,-0.02,1,1491,买盘
2020,10:47:36,14.93,-0.01,30,44790,中性盘
2021,10:47:33,14.94,0.01,21,31374,买盘
2022,10:47:27,14.93,--,5,7465,买盘
2023,10:47:24,14.93,--,21,31353,买盘
2024,10:47:21,14.93,--,21,31353,买盘
2025,10:47:18,14.93,--,32,47776,买盘
2026,10:47:06,14.93,--,1,1493,买盘
2027,10:47:03,14.93,--,21,31353,买盘
2028,10:47:00,14.93,--,43,64199,买盘
2029,10:46:54,14.93,0.03,151,225443,买盘
2030,10:46:45,14.9,--,18,27147,买盘
2031,10:46:42,14.9,--,21,31290,买盘
2032,10:46:36,14.9,--,26,38740,买盘
2033,10:46:27,14.9,--,14,20860,买盘
2034,10:46:24,14.9,--,7,10430,买盘
2035,10:46:09,14.9,--,103,153470,买盘
2036,10:46:03,14.9,--,3,4470,买盘
2037,10:46:00,14.9,--,8,11920,买盘
2038,10:45:54,14.9,--,1,1490,买盘
2039,10:45:51,14.9,--,233,348332,卖盘
2040,10:45:48,14.9,--,3,4470,卖盘
2041,10:45:33,14.9,--,21,31290,卖盘
2042,10:45:30,14.9,--,15,22350,卖盘
2043,10:45:27,14.9,-0.01,29,43210,卖盘
2044,10:45:21,14.91,--,12,17892,买盘
2045,10:45:18,14.91,--,2,2982,买盘
2046,10:45:15,14.91,--,6,8946,买盘
2047,10:45:03,14.91,-0.02,120,178920,卖盘
2048,10:44:54,14.93,0.02,3,4479,买盘
2049,10:44:48,14.91,--,11,16401,卖盘
2050,10:44:33,14.91,--,22,32802,卖盘
2051,10:44:24,14.91,-0.01,5,7455,卖盘
2052,10:44:12,14.92,0.02,2,2984,买盘
2053,10:44:09,14.9,-0.01,2,2980,卖盘
2054,10:44:00,14.91,0.01,26,38766,买盘
2055,10:43:57,14.9,-0.01,10,14900,卖盘
2056,10:43:54,14.91,--,9,13419,买盘
2057,10:43:51,14.91,0.01,7,10437,买盘
2058,10:43:45,14.9,-0.01,70,104300,卖盘
2059,10:43:39,14.91,0.01,21,31311,中性盘
2060,10:43:33,14.9,-0.03,1000,1490000,卖盘
2061,10:43:30,14.93,0.03,2,2986,买盘
2062,10:43:15,14.9,--,4,5960,卖盘
2063,10:43:12,14.9,-0.03,23,34270,卖盘
2064,10:43:09,14.93,0.02,4,6300,买盘
2065,10:43:06,14.91,--,5,7455,买盘
2066,10:42:54,14.91,--,2,4144,卖盘
2067,10:42:51,14.91,--,15,22693,买盘
2068,10:42:48,14.91,--,56,83496,买盘
2069,10:42:45,14.91,-0.02,252,376894,卖盘
2070,10:42:42,14.93,0.01,16,23888,买盘
2071,10:42:39,14.92,0.01,17,25364,买盘
2072,10:42:33,14.91,-0.01,8,11928,卖盘
2073,10:42:30,14.92,--,1,1492,买盘
2074,10:42:27,14.92,--,1,1492,买盘
2075,10:42:24,14.92,--,30,44760,买盘
2076,10:42:21,14.92,--,5,7460,买盘
2077,10:42:15,14.92,--,2,2984,买盘
2078,10:42:09,14.92,--,153,228276,买盘
2079,10:42:06,14.92,--,34,50728,买盘
2080,10:42:00,14.92,--,1,1492,买盘
2081,10:41:54,14.92,--,11,16412,买盘
2082,10:41:51,14.92,--,42,62664,买盘
2083,10:41:48,14.92,--,7,10444,买盘
2084,10:41:45,14.92,--,31,46252,买盘
2085,10:41:39,14.92,--,4,5968,买盘
2086,10:41:15,14.92,--,23,34316,买盘
2087,10:41:12,14.92,--,2,2984,买盘
2088,10:41:09,14.92,0.01,15,22380,买盘
2089,10:41:06,14.91,-0.01,52,77532,卖盘
2090,10:40:54,14.92,--,9,13428,买盘
2091,10:40:48,14.92,--,4,5968,买盘
2092,10:40:45,14.92,--,5,7460,买盘
2093,10:40:36,14.92,--,2,2984,买盘
2094,10:40:24,14.92,--,87,129804,卖盘
2095,10:40:18,14.92,--,70,104440,卖盘
2096,10:40:15,14.92,-0.01,3,4476,卖盘
2097,10:40:06,14.93,--,1,1493,买盘
2098,10:40:03,14.93,--,89,133533,卖盘
2099,10:39:54,14.93,-0.01,10,14930,卖盘
2100,10:39:48,14.94,0.01,9,13446,买盘
2101,10:39:39,14.93,--,20,29860,卖盘
2102,10:39:36,14.93,--,10,14930,卖盘
2103,10:39:30,14.93,--,3,4479,卖盘
2104,10:39:24,14.93,-0.01,10,15766,卖盘
2105,10:39:21,14.94,--,20,29880,买盘
2106,10:39:09,14.94,--,10,14940,买盘
2107,10:39:06,14.94,--,11,16434,买盘
2108,10:39:03,14.94,0.01,7,10458,买盘
2109,10:39:00,14.93,-0.01,9,13437,卖盘
2110,10:38:57,14.94,0.01,2,2988,买盘
2111,10:38:54,14.93,-0.01,5,7465,卖盘
2112,10:38:51,14.94,--,5,7470,买盘
2113,10:38:18,14.94,-0.01,85,126990,卖盘
2114,10:38:15,14.95,--,10,14950,买盘
2115,10:38:12,14.95,--,7,10465,买盘
2116,10:38:09,14.95,--,3,4485,买盘
2117,10:38:06,14.95,-0.01,219,328212,卖盘
2118,10:38:03,14.96,--,21,31416,买盘
2119,10:37:57,14.96,--,5,7480,买盘
2120,10:37:48,14.96,-0.01,3,4488,买盘
2121,10:37:45,14.97,0.01,44,65868,买盘
2122,10:37:42,14.96,--,27,40392,卖盘
2123,10:37:36,14.96,--,1,1496,卖盘
2124,10:37:30,14.96,--,1,1496,卖盘
2125,10:37:27,14.96,--,15,22440,卖盘
2126,10:37:24,14.96,--,1,1496,卖盘
2127,10:37:18,14.96,-0.01,42,62832,卖盘
2128,10:37:12,14.97,0.01,15,22455,买盘
2129,10:37:09,14.96,-0.01,5,7480,卖盘
2130,10:37:03,14.97,0.02,6,8982,买盘
2131,10:37:00,14.95,-0.02,20,29900,卖盘
2132,10:36:45,14.97,0.02,10,14970,买盘
2133,10:36:39,14.95,-0.02,41,61295,卖盘
2134,10:36:30,14.97,0.02,31,46407,买盘
2135,10:36:27,14.95,--,22,32890,卖盘
2136,10:36:21,14.95,--,21,31395,卖盘
2137,10:36:15,14.95,-0.01,10,14950,卖盘
2138,10:36:12,14.96,--,11,17144,买盘
2139,10:36:09,14.96,--,2,2992,买盘
2140,10:36:06,14.96,--,3,4488,买盘
2141,10:35:57,14.96,--,1,1496,买盘
2142,10:35:51,14.96,--,39,58344,买盘
2143,10:35:42,14.96,0.01,10,14960,买盘
2144,10:35:39,14.95,--,3,4485,卖盘
2145,10:35:30,14.95,--,14,20930,买盘
2146,10:35:27,14.95,--,1,1495,买盘
2147,10:35:21,14.95,--,4,5980,卖盘
2148,10:35:18,14.95,--,1,1495,买盘
2149,10:35:09,14.95,0.01,11,16445,买盘
2150,10:35:06,14.94,-0.01,6,8964,卖盘
2151,10:35:03,14.95,--,10,14950,买盘
2152,10:35:00,14.95,0.01,3,4485,买盘
2153,10:34:54,14.94,-0.01,4,5976,卖盘
2154,10:34:51,14.95,0.01,10,14950,买盘
2155,10:34:48,14.94,--,8,11952,卖盘
2156,10:34:45,14.94,-0.01,3,4482,卖盘
2157,10:34:42,14.95,--,8,11960,买盘
2158,10:34:36,14.95,--,30,44850,买盘
2159,10:34:33,14.95,--,5,7475,买盘
2160,10:34:27,14.95,--,5,7475,买盘
2161,10:34:24,14.95,--,22,32890,卖盘
2162,10:34:21,14.95,--,50,74750,卖盘
2163,10:34:06,14.95,-0.01,10,14950,卖盘
2164,10:34:00,14.96,--,31,46376,买盘
2165,10:33:57,14.96,--,8,11968,买盘
2166,10:33:54,14.96,0.01,8,11968,买盘
2167,10:33:39,14.95,--,8,11960,卖盘
2168,10:33:36,14.95,--,25,37375,卖盘
2169,10:33:33,14.95,--,10,14950,卖盘
2170,10:33:21,14.95,-0.01,7,10465,卖盘
2171,10:33:18,14.96,--,30,44880,买盘
2172,10:33:06,14.96,0.01,1,1496,买盘
2173,10:32:51,14.95,-0.01,10,14950,卖盘
2174,10:32:39,14.96,0.01,2,2992,买盘
2175,10:32:27,14.95,-0.01,11,16445,卖盘
2176,10:32:24,14.96,0.01,3,4488,买盘
2177,10:32:21,14.95,--,29,43355,卖盘
2178,10:32:18,14.95,-0.01,3,4485,卖盘
2179,10:32:15,14.96,--,10,14960,买盘
2180,10:32:12,14.96,--,3,4488,买盘
2181,10:32:06,14.96,--,9,13464,买盘
2182,10:32:00,14.96,0.01,14,20944,买盘
2183,10:31:57,14.95,-0.01,10,14950,卖盘
2184,10:31:51,14.96,--,5,7480,买盘
2185,10:31:48,14.96,--,2,2992,买盘
2186,10:31:42,14.96,--,3,4488,买盘
2187,10:31:33,14.96,--,106,159383,卖盘
2188,10:31:30,14.96,--,6,8976,卖盘
2189,10:31:27,14.96,--,4,6298,卖盘
2190,10:31:21,14.96,--,2,2992,卖盘
2191,10:31:06,14.96,0.01,44,66198,买盘
2192,10:31:03,14.95,--,15,22425,买盘
2193,10:30:54,14.95,--,20,29900,买盘
2194,10:30:51,14.95,-0.01,25,37375,卖盘
2195,10:30:48,14.96,0.01,1,1496,买盘
2196,10:30:42,14.95,-0.01,20,29900,中性盘
2197,10:30:39,14.96,0.02,5,7480,买盘
2198,10:30:36,14.94,0.01,5,7470,中性盘
2199,10:30:21,14.93,-0.03,6,8958,卖盘
2200,10:30:15,14.96,0.02,114,170544,买盘
2201,10:30:12,14.94,--,30,44820,买盘
2202,10:29:57,14.94,0.01,4,5976,买盘
2203,10:29:54,14.93,--,14,20902,卖盘
2204,10:29:51,14.93,-0.01,2,2986,卖盘
2205,10:29:39,14.94,--,12,17928,买盘
2206,10:29:36,14.94,0.01,9,13446,买盘
2207,10:29:33,14.93,-0.01,1,1493,卖盘
2208,10:29:30,14.94,--,5,7470,买盘
2209,10:29:27,14.94,--,90,134460,买盘
2210,10:29:24,14.94,--,1,1494,买盘
2211,10:29:18,14.94,-0.01,14,22036,卖盘
2212,10:29:15,14.95,--,12,18313,买盘
2213,10:29:12,14.95,0.01,5,7475,买盘
2214,10:29:00,14.94,--,2,2988,卖盘
2215,10:28:57,14.94,-0.01,13,19422,卖盘
2216,10:28:54,14.95,0.01,30,44850,买盘
2217,10:28:51,14.94,--,10,14940,买盘
2218,10:28:45,14.94,--,5,7470,买盘
2219,10:28:42,14.94,--,5,7470,买盘
2220,10:28:39,14.94,-0.01,35,52290,卖盘
2221,10:28:36,14.95,0.01,25,37375,买盘
2222,10:28:33,14.94,--,40,59760,卖盘
2223,10:28:27,14.94,--,6,8964,卖盘
2224,10:28:24,14.94,--,50,74700,卖盘
2225,10:28:21,14.94,-0.01,35,52290,卖盘
2226,10:28:12,14.95,0.01,1,1495,买盘
2227,10:28:06,14.94,-0.01,20,29880,卖盘
2228,10:28:03,14.95,--,23,34385,买盘
2229,10:27:57,14.95,--,10,14950,买盘
2230,10:27:54,14.95,--,5,7475,买盘
2231,10:27:51,14.95,--,1,1495,买盘
2232,10:27:48,14.95,--,20,29900,买盘
2233,10:27:42,14.95,--,134,200330,买盘
2234,10:27:39,14.95,0.01,1,1495,买盘
2235,10:27:33,14.94,-0.01,4,5976,卖盘
2236,10:27:24,14.95,0.01,9,13455,买盘
2237,10:27:21,14.94,0.01,24,35856,买盘
2238,10:27:12,14.93,-0.01,31,46283,卖盘
2239,10:26:51,14.94,--,12,17928,买盘
2240,10:26:36,14.94,--,10,14940,买盘
2241,10:26:27,14.94,0.01,10,14940,买盘
2242,10:26:06,14.93,0.01,0,164,买盘
2243,10:26:03,14.92,--,6,8952,卖盘
2244,10:25:51,14.92,--,26,38792,卖盘
2245,10:25:48,14.92,-0.01,34,50728,卖盘
2246,10:25:42,14.93,--,21,31353,买盘
2247,10:25:33,14.93,--,21,31353,买盘
2248,10:25:27,14.93,0.01,105,156765,买盘
2249,10:25:24,14.92,--,63,93996,买盘
2250,10:25:21,14.92,--,21,31332,买盘
2251,10:25:18,14.92,0.01,9,13428,买盘
2252,10:25:12,14.91,-0.01,93,138663,卖盘
2253,10:25:06,14.92,--,100,149200,买盘
2254,10:25:03,14.92,--,5,7460,买盘
2255,10:24:57,14.92,-0.01,38,58023,卖盘
2256,10:24:54,14.93,0.01,1,1493,买盘
2257,10:24:42,14.92,--,1,1492,卖盘
2258,10:24:36,14.92,--,3,4476,卖盘
2259,10:24:30,14.92,-0.01,2,2984,卖盘
2260,10:24:27,14.93,--,5,7465,买盘
2261,10:24:24,14.93,0.01,3,4479,买盘
2262,10:24:18,14.92,0.01,28,41940,买盘
2263,10:24:15,14.91,-0.01,2,3310,卖盘
2264,10:24:00,14.92,--,26,40119,卖盘
2265,10:23:57,14.92,--,27,40791,卖盘
2266,10:23:48,14.92,--,3,5624,卖盘
2267,10:23:42,14.92,--,40,59680,卖盘
2268,10:23:33,14.92,-0.01,8,11936,卖盘
2269,10:23:27,14.93,0.01,9,13437,买盘
2270,10:23:15,14.92,-0.01,8,11936,中性盘
2271,10:23:06,14.93,0.01,5,7465,买盘
2272,10:23:00,14.92,--,2,2984,卖盘
2273,10:22:57,14.92,-0.01,77,114884,卖盘
2274,10:22:54,14.93,--,2,2986,买盘
2275,10:22:48,14.93,--,19,28367,买盘
2276,10:22:45,14.93,-0.01,34,50762,卖盘
2277,10:22:36,14.94,--,15,22410,买盘
2278,10:22:33,14.94,--,163,243522,卖盘
2279,10:22:30,14.94,--,50,74700,卖盘
2280,10:22:27,14.94,--,1,1494,卖盘
2281,10:22:24,14.94,-0.01,17,25398,中性盘
2282,10:22:15,14.95,--,20,29900,买盘
2283,10:22:12,14.95,0.01,12,17940,买盘
2284,10:22:09,14.94,--,2,2988,卖盘
2285,10:22:06,14.94,--,5,7470,卖盘
2286,10:22:03,14.94,-0.01,65,97110,卖盘
2287,10:21:54,14.95,--,3,4485,买盘
2288,10:21:51,14.95,--,18,26910,买盘
2289,10:21:48,14.95,0.01,2,2990,买盘
2290,10:21:42,14.94,--,5,7470,卖盘
2291,10:21:33,14.94,--,41,61254,买盘
2292,10:21:30,14.94,--,16,23904,买盘
2293,10:21:27,14.94,0.01,1,1494,买盘
2294,10:21:24,14.93,-0.01,1,1493,卖盘
2295,10:21:15,14.94,0.01,100,149400,买盘
2296,10:21:12,14.93,--,11,16423,买盘
2297,10:21:06,14.93,--,13,19409,买盘
2298,10:21:00,14.93,0.01,15,22395,买盘
2299,10:20:57,14.92,-0.01,11,16412,卖盘
2300,10:20:51,14.93,0.01,9,13437,买盘
2301,10:20:42,14.92,--,30,44760,卖盘
2302,10:20:30,14.92,--,1,1492,卖盘
2303,10:20:24,14.92,0.01,30,44760,买盘
2304,10:20:15,14.91,-0.01,21,31311,卖盘
2305,10:19:57,14.92,0.01,6,8952,买盘
2306,10:19:51,14.91,-0.01,17,25347,卖盘
2307,10:19:45,14.92,0.01,52,77584,买盘
2308,10:19:42,14.91,-0.01,1,1491,卖盘
2309,10:19:39,14.92,0.01,2,2984,买盘
2310,10:19:36,14.91,-0.01,23,34293,卖盘
2311,10:19:15,14.92,0.01,5,7460,买盘
2312,10:19:12,14.91,--,2,2982,中性盘
2313,10:19:09,14.91,--,19,28329,买盘
2314,10:19:06,14.91,--,31,46221,卖盘
2315,10:19:00,14.91,--,1,1491,卖盘
2316,10:18:48,14.91,0.01,7,10437,买盘
2317,10:18:45,14.9,--,2,2980,卖盘
2318,10:18:39,14.9,--,5,7450,卖盘
2319,10:18:36,14.9,-0.01,70,104300,卖盘
2320,10:18:33,14.91,--,41,61131,买盘
2321,10:18:30,14.91,0.01,2,2982,买盘
2322,10:18:27,14.9,-0.01,10,14900,卖盘
2323,10:18:21,14.91,--,20,29820,买盘
2324,10:18:18,14.91,--,20,29820,买盘
2325,10:18:15,14.91,--,13,19383,买盘
2326,10:18:09,14.91,--,6,8946,买盘
2327,10:18:03,14.91,0.01,7,10437,买盘
2328,10:18:00,14.9,--,15,22350,卖盘
2329,10:17:57,14.9,-0.01,10,14900,卖盘
2330,10:17:51,14.91,--,26,38766,买盘
2331,10:17:48,14.91,--,9,13419,买盘
2332,10:17:45,14.91,--,3,4473,买盘
2333,10:17:42,14.91,--,11,16401,买盘
2334,10:17:39,14.91,--,33,49203,买盘
2335,10:17:36,14.91,-0.01,69,102879,卖盘
2336,10:17:33,14.92,--,28,41776,买盘
2337,10:17:30,14.92,0.01,21,31332,买盘
2338,10:17:27,14.91,-0.01,10,14910,卖盘
2339,10:17:24,14.92,0.01,56,83552,买盘
2340,10:17:18,14.91,-0.01,6,8946,卖盘
2341,10:17:15,14.92,0.01,30,44760,买盘
2342,10:17:12,14.91,-0.01,31,46221,卖盘
2343,10:17:09,14.92,--,2,2984,买盘
2344,10:17:06,14.92,--,8,11936,买盘
2345,10:17:03,14.92,--,10,14920,买盘
2346,10:17:00,14.92,--,12,17904,买盘
2347,10:16:57,14.92,--,34,50728,卖盘
2348,10:16:48,14.92,-0.01,11,16412,卖盘
2349,10:16:45,14.93,0.01,8,11944,买盘
2350,10:16:42,14.92,0.01,19,28348,买盘
2351,10:16:39,14.91,--,26,38766,卖盘
2352,10:16:36,14.91,-0.01,2,2982,卖盘
2353,10:16:33,14.92,--,36,53712,买盘
2354,10:16:30,14.92,--,10,14920,买盘
2355,10:16:21,14.92,--,20,29840,买盘
2356,10:16:15,14.92,0.01,24,35808,买盘
2357,10:16:12,14.91,-0.01,7,10437,卖盘
2358,10:16:06,14.92,--,5,7460,买盘
2359,10:16:03,14.92,--,6,8952,买盘
2360,10:15:57,14.92,--,28,41776,买盘
2361,10:15:54,14.92,-0.01,35,52220,卖盘
2362,10:15:51,14.93,--,7,10451,买盘
2363,10:15:48,14.93,0.01,10,14930,买盘
2364,10:15:45,14.92,0.01,34,50728,卖盘
2365,10:15:30,14.91,-0.02,10,14910,卖盘
2366,10:15:21,14.93,0.02,6,8958,买盘
2367,10:15:03,14.91,--,8,11928,买盘
2368,10:15:00,14.91,--,9,13419,买盘
2369,10:14:57,14.91,--,6,8946,买盘
2370,10:14:54,14.91,--,38,56658,买盘
2371,10:14:48,14.91,--,1,1491,买盘
2372,10:14:45,14.91,0.01,1,1491,买盘
2373,10:14:39,14.9,-0.01,13,19474,卖盘
2374,10:14:33,14.91,0.01,1,1491,买盘
2375,10:14:30,14.9,-0.01,2,2980,卖盘
2376,10:14:27,14.91,--,2,2982,买盘
2377,10:14:24,14.91,--,2,2982,买盘
2378,10:14:21,14.91,0.01,1,1491,买盘
2379,10:14:12,14.9,-0.01,92,137080,卖盘
2380,10:14:09,14.91,0.01,22,32802,买盘
2381,10:14:06,14.9,-0.01,1,1490,卖盘
2382,10:14:03,14.91,--,50,74550,买盘
2383,10:13:57,14.91,--,1,1491,买盘
2384,10:13:54,14.91,-0.01,1,1491,卖盘
2385,10:13:51,14.92,0.01,34,50728,买盘
2386,10:13:45,14.91,-0.01,17,25347,买盘
2387,10:13:42,14.92,0.02,10,14920,买盘
2388,10:13:39,14.9,-0.02,30,44700,卖盘
2389,10:13:33,14.92,0.01,34,50728,买盘
2390,10:13:27,14.91,0.01,2,2982,中性盘
2391,10:13:24,14.9,--,10,14900,卖盘
2392,10:13:21,14.9,-0.01,15,22350,卖盘
2393,10:13:18,14.91,0.01,6,8946,买盘
2394,10:13:03,14.9,0.01,6,9312,买盘
2395,10:13:00,14.89,-0.01,6,8934,卖盘
2396,10:12:57,14.9,-0.02,10,14900,买盘
2397,10:12:48,14.92,--,4,7087,卖盘
2398,10:12:45,14.92,0.04,28,42149,买盘
2399,10:12:42,14.88,-0.01,10,14880,卖盘
2400,10:12:39,14.89,-0.01,1,1489,卖盘
2401,10:12:36,14.9,-0.02,23,34270,中性盘
2402,10:12:33,14.92,0.02,42,62664,买盘
2403,10:12:30,14.9,--,84,125160,买盘
2404,10:12:27,14.9,0.01,82,122180,买盘
2405,10:12:24,14.89,-0.01,28,41692,中性盘
2406,10:12:21,14.9,0.02,55,81950,买盘
2407,10:12:18,14.88,-0.01,3,4464,卖盘
2408,10:12:15,14.89,--,4,5956,买盘
2409,10:12:12,14.89,--,30,44670,买盘
2410,10:12:06,14.89,--,7,10423,买盘
2411,10:12:03,14.89,--,19,28291,买盘
2412,10:11:57,14.89,-0.01,22,32758,卖盘
2413,10:11:51,14.9,--,2,2980,买盘
2414,10:11:48,14.9,0.01,55,81950,买盘
2415,10:11:45,14.89,-0.01,19,28291,卖盘
2416,10:11:42,14.9,0.01,12,17880,买盘
2417,10:11:36,14.89,-0.01,14,20846,卖盘
2418,10:11:33,14.9,--,8,11920,买盘
2419,10:11:27,14.9,0.01,21,31290,买盘
2420,10:11:24,14.89,-0.01,3,4467,卖盘
2421,10:11:18,14.9,--,5,7450,买盘
2422,10:11:15,14.9,--,12,17880,买盘
2423,10:11:12,14.9,0.01,19,28310,买盘
2424,10:11:03,14.89,-0.01,3,4467,卖盘
2425,10:11:00,14.9,--,14,20860,买盘
2426,10:10:57,14.9,--,1,1490,买盘
2427,10:10:54,14.9,--,29,43210,买盘
2428,10:10:45,14.9,--,1,1490,买盘
2429,10:10:39,14.9,0.02,4,5960,买盘
2430,10:10:30,14.88,--,36,53568,卖盘
2431,10:10:27,14.88,-0.02,5,7440,卖盘
2432,10:10:21,14.9,--,14,20860,买盘
2433,10:10:18,14.9,0.02,24,35760,买盘
2434,10:10:15,14.88,--,5,7440,买盘
2435,10:10:12,14.88,-0.02,9,13392,买盘
2436,10:10:09,14.9,0.02,114,169860,买盘
2437,10:10:06,14.88,-0.02,5,7440,卖盘
2438,10:09:57,14.9,--,20,29800,买盘
2439,10:09:45,14.9,0.03,10,14900,买盘
2440,10:09:42,14.87,-0.01,18,26766,卖盘
2441,10:09:30,14.88,0.01,26,38688,买盘
2442,10:09:24,14.87,-0.01,10,14870,卖盘
2443,10:09:21,14.88,0.01,1,1488,买盘
2444,10:09:12,14.87,-0.03,64,95168,卖盘
2445,10:09:09,14.9,--,20,29800,买盘
2446,10:09:06,14.9,0.02,1,1490,买盘
2447,10:09:03,14.88,-0.02,24,35712,卖盘
2448,10:09:00,14.9,--,30,44700,买盘
2449,10:08:54,14.9,--,6,8940,买盘
2450,10:08:48,14.9,--,28,41720,买盘
2451,10:08:45,14.9,0.01,33,49170,买盘
2452,10:08:39,14.89,-0.01,10,14890,卖盘
2453,10:08:36,14.9,0.01,10,14900,买盘
2454,10:08:33,14.89,-0.01,22,32758,卖盘
2455,10:08:27,14.9,--,3,4470,买盘
2456,10:08:18,14.9,--,5,7450,买盘
2457,10:08:15,14.9,--,51,75990,中性盘
2458,10:08:09,14.9,-0.01,36,53640,卖盘
2459,10:07:57,14.91,0.01,24,35784,中性盘
2460,10:07:45,14.9,-0.01,9,13410,卖盘
2461,10:07:39,14.91,-0.01,11,16401,卖盘
2462,10:07:27,14.92,0.01,1,1492,买盘
2463,10:07:21,14.91,0.01,2,2982,中性盘
2464,10:07:12,14.9,--,10,14900,卖盘
2465,10:07:09,14.9,-0.01,21,31290,卖盘
2466,10:07:03,14.91,--,55,82005,买盘
2467,10:07:00,14.91,--,20,29820,买盘
2468,10:06:54,14.91,--,4,5964,买盘
2469,10:06:51,14.91,--,2,2982,买盘
2470,10:06:48,14.91,--,5,7455,卖盘
2471,10:06:42,14.91,-0.02,10,14910,卖盘
2472,10:06:36,14.93,--,1,1493,买盘
2473,10:06:30,14.93,--,5,7465,买盘
2474,10:06:27,14.93,0.02,20,29860,中性盘
2475,10:06:21,14.91,-0.03,200,298200,卖盘
2476,10:06:15,14.94,-0.01,6,8964,卖盘
2477,10:06:09,14.95,--,2,2990,买盘
2478,10:05:57,14.95,0.01,9,13455,买盘
2479,10:05:54,14.94,--,12,17928,卖盘
2480,10:05:51,14.94,--,14,20916,买盘
2481,10:05:45,14.94,--,97,144918,买盘
2482,10:05:42,14.94,--,16,23904,卖盘
2483,10:05:39,14.94,-0.01,10,14940,卖盘
2484,10:05:36,14.95,0.01,50,74750,买盘
2485,10:05:33,14.94,--,4,5976,卖盘
2486,10:05:24,14.94,--,40,60267,卖盘
2487,10:05:21,14.94,--,46,68724,卖盘
2488,10:05:18,14.94,0.01,46,68724,买盘
2489,10:05:15,14.93,--,26,38818,卖盘
2490,10:05:12,14.93,--,66,98538,卖盘
2491,10:05:09,14.93,-0.01,13,19409,卖盘
2492,10:05:06,14.94,0.02,1,1494,买盘
2493,10:05:03,14.92,-0.01,201,299892,卖盘
2494,10:05:00,14.93,--,8,11944,买盘
2495,10:04:57,14.93,0.01,10,14930,买盘
2496,10:04:45,14.92,-0.01,6,8952,卖盘
2497,10:04:42,14.93,0.02,100,149300,买盘
2498,10:04:36,14.91,-0.01,21,31311,卖盘
2499,10:04:33,14.92,0.01,4,5968,买盘
2500,10:04:30,14.91,--,20,29820,卖盘
2501,10:04:27,14.91,--,134,199794,买盘
2502,10:04:24,14.91,--,20,29820,买盘
2503,10:04:18,14.91,0.01,5,7455,买盘
2504,10:04:06,14.9,--,125,186399,买盘
2505,10:04:03,14.9,--,6,8940,买盘
2506,10:04:00,14.9,--,27,40230,买盘
2507,10:03:57,14.9,0.01,20,29800,买盘
2508,10:03:54,14.89,--,2,2978,卖盘
2509,10:03:51,14.89,0.01,37,55093,买盘
2510,10:03:42,14.88,--,8,11904,卖盘
2511,10:03:39,14.88,--,3,4464,买盘
2512,10:03:36,14.88,--,20,29760,买盘
2513,10:03:33,14.88,0.01,365,543120,买盘
2514,10:03:18,14.87,-0.01,1,1487,卖盘
2515,10:03:15,14.88,0.01,483,718704,买盘
2516,10:03:12,14.87,--,20,29740,买盘
2517,10:03:09,14.87,--,5,7435,买盘
2518,10:03:06,14.87,--,10,14870,买盘
2519,10:03:03,14.87,--,33,49071,买盘
2520,10:03:00,14.87,0.01,66,98142,卖盘
2521,10:02:57,14.86,-0.01,9,13374,卖盘
2522,10:02:54,14.87,--,70,104090,卖盘
2523,10:02:45,14.87,0.01,24,35688,买盘
2524,10:02:42,14.86,--,6,8916,卖盘
2525,10:02:39,14.86,--,1,1486,卖盘
2526,10:02:36,14.86,--,10,14860,卖盘
2527,10:02:33,14.86,0.01,142,211353,买盘
2528,10:02:27,14.85,--,55,81675,买盘
2529,10:02:24,14.85,--,116,172260,买盘
2530,10:02:15,14.85,-0.01,36,53460,卖盘
2531,10:02:12,14.86,0.01,6,8916,买盘
2532,10:02:09,14.85,-0.01,4,5940,卖盘
2533,10:02:06,14.86,-0.02,40,59440,卖盘
2534,10:02:03,14.88,--,21,31248,买盘
2535,10:02:00,14.88,0.03,47,69936,买盘
2536,10:01:57,14.85,--,68,100980,买盘
2537,10:01:54,14.85,-0.03,189,280665,卖盘
2538,10:01:51,14.88,0.01,53,78864,买盘
2539,10:01:48,14.87,0.01,26,38662,卖盘
2540,10:01:42,14.86,-0.02,1,1486,卖盘
2541,10:01:39,14.88,0.01,399,593712,买盘
2542,10:01:36,14.87,--,2,2974,卖盘
2543,10:01:33,14.87,--,10,14870,卖盘
2544,10:01:27,14.87,--,24,35688,卖盘
2545,10:01:24,14.87,0.01,47,69889,买盘
2546,10:01:21,14.86,--,14,20804,卖盘
2547,10:01:18,14.86,-0.01,26,39601,卖盘
2548,10:01:09,14.87,0.01,32,47584,买盘
2549,10:01:03,14.86,-0.01,1,1486,卖盘
2550,10:00:57,14.87,--,1,1487,买盘
2551,10:00:51,14.87,0.02,69,102603,买盘
2552,10:00:48,14.85,--,12,17820,卖盘
2553,10:00:45,14.85,-0.01,305,452925,卖盘
2554,10:00:42,14.86,-0.01,45,66870,卖盘
2555,10:00:39,14.87,0.01,22,32714,中性盘
2556,10:00:36,14.86,-0.01,32,47552,卖盘
2557,10:00:33,14.87,-0.01,43,63941,卖盘
2558,10:00:30,14.88,--,60,89280,买盘
2559,10:00:27,14.88,0.01,6,8928,买盘
2560,10:00:24,14.87,--,11,16357,卖盘
2561,10:00:21,14.87,--,21,31227,卖盘
2562,10:00:18,14.87,--,21,31227,卖盘
2563,10:00:15,14.87,--,7,10409,卖盘
2564,10:00:12,14.87,--,63,93681,卖盘
2565,10:00:09,14.87,--,25,37175,卖盘
2566,10:00:06,14.87,0.01,20,29740,买盘
2567,10:00:03,14.86,--,13,19318,卖盘
2568,10:00:00,14.86,-0.01,10,14860,卖盘
2569,09:59:57,14.87,0.01,17,25279,买盘
2570,09:59:54,14.86,--,11,16346,卖盘
2571,09:59:51,14.86,-0.01,79,117394,卖盘
2572,09:59:48,14.87,--,23,34201,买盘
2573,09:59:45,14.87,-0.01,10,14870,买盘
2574,09:59:36,14.88,--,10,14880,买盘
2575,09:59:33,14.88,0.02,1,1488,买盘
2576,09:59:30,14.86,-0.01,220,326920,卖盘
2577,09:59:27,14.87,0.01,48,71376,中性盘
2578,09:59:24,14.86,-0.02,147,218442,卖盘
2579,09:59:18,14.88,--,49,72912,买盘
2580,09:59:12,14.88,0.01,133,198052,买盘
2581,09:59:03,14.87,--,43,65279,卖盘
2582,09:59:00,14.87,--,5,7435,卖盘
2583,09:58:57,14.87,--,2,2974,卖盘
2584,09:58:54,14.87,--,40,59480,卖盘
2585,09:58:48,14.87,0.01,150,223198,买盘
2586,09:58:45,14.86,--,6,8916,买盘
2587,09:58:42,14.86,-0.01,154,228844,卖盘
2588,09:58:39,14.87,0.01,11,16357,买盘
2589,09:58:36,14.86,-0.01,7,10402,卖盘
2590,09:58:33,14.87,--,3,4461,买盘
2591,09:58:30,14.87,--,6,8922,买盘
2592,09:58:27,14.87,--,2,2974,买盘
2593,09:58:24,14.87,--,8,11896,买盘
2594,09:58:18,14.87,--,30,44610,买盘
2595,09:58:15,14.87,--,13,19331,卖盘
2596,09:58:12,14.87,0.01,51,75837,卖盘
2597,09:58:09,14.86,--,159,236274,买盘
2598,09:58:06,14.86,-0.01,95,141170,卖盘
2599,09:58:03,14.87,--,21,31227,买盘
2600,09:58:00,14.87,0.01,31,46097,买盘
2601,09:57:57,14.86,-0.01,28,41608,卖盘
2602,09:57:54,14.87,0.01,9,13383,买盘
2603,09:57:51,14.86,-0.01,20,29720,卖盘
2604,09:57:48,14.87,0.02,10,14870,买盘
2605,09:57:45,14.85,-0.01,100,148500,卖盘
2606,09:57:42,14.86,--,216,321347,买盘
2607,09:57:39,14.86,0.01,2,2972,买盘
2608,09:57:33,14.85,--,21,31185,卖盘
2609,09:57:24,14.85,--,102,151470,买盘
2610,09:57:21,14.85,--,127,188595,买盘
2611,09:57:18,14.85,--,15,22275,买盘
2612,09:57:15,14.85,--,410,608850,买盘
2613,09:57:12,14.85,--,40,59400,买盘
2614,09:57:09,14.85,--,80,118800,买盘
2615,09:57:06,14.85,0.01,5,7425,买盘
2616,09:57:03,14.84,-0.01,26,38584,卖盘
2617,09:57:00,14.85,0.01,24,35640,买盘
2618,09:56:54,14.84,--,53,78652,卖盘
2619,09:56:51,14.84,-0.01,10,14840,卖盘
2620,09:56:48,14.85,0.01,19,28215,买盘
2621,09:56:45,14.84,-0.01,51,75684,卖盘
2622,09:56:42,14.85,0.01,20,29700,买盘
2623,09:56:39,14.84,0.01,38,56392,买盘
2624,09:56:36,14.83,-0.01,62,91946,卖盘
2625,09:56:33,14.84,-0.01,31,46004,卖盘
2626,09:56:30,14.85,0.01,4,5940,买盘
2627,09:56:27,14.84,0.01,13,19292,卖盘
2628,09:56:24,14.83,--,63,93429,卖盘
2629,09:56:21,14.83,--,402,596166,卖盘
2630,09:56:18,14.83,-0.01,203,301049,卖盘
2631,09:56:15,14.84,0.01,18,26712,买盘
2632,09:56:12,14.83,-0.01,15,22245,卖盘
2633,09:56:09,14.84,--,1,1484,买盘
2634,09:56:06,14.84,--,110,163240,买盘
2635,09:56:03,14.84,-0.02,115,170660,卖盘
2636,09:56:00,14.86,-0.01,15,22290,买盘
2637,09:55:57,14.87,0.01,22,32714,买盘
2638,09:55:51,14.86,-0.01,186,277510,卖盘
2639,09:55:48,14.87,--,15,22305,买盘
2640,09:55:45,14.87,--,52,77695,买盘
2641,09:55:42,14.87,0.01,62,92194,买盘
2642,09:55:39,14.86,--,504,748944,卖盘
2643,09:55:36,14.86,0.01,70,104020,中性盘
2644,09:55:33,14.85,-0.01,26,38610,卖盘
2645,09:55:30,14.86,--,2,3715,卖盘
2646,09:55:27,14.86,0.01,26,38799,买盘
2647,09:55:24,14.85,-0.01,37,54945,卖盘
2648,09:55:21,14.86,--,5,7430,买盘
2649,09:55:18,14.86,--,13,20640,卖盘
2650,09:55:15,14.86,--,72,106992,卖盘
2651,09:55:12,14.86,-0.02,0,163,卖盘
2652,09:55:09,14.88,--,2,2976,买盘
2653,09:55:06,14.88,--,152,226176,买盘
2654,09:55:03,14.88,0.03,21,31248,买盘
2655,09:55:00,14.85,-0.03,20,29700,卖盘
2656,09:54:57,14.88,--,124,184512,买盘
2657,09:54:51,14.88,0.01,112,166656,买盘
2658,09:54:48,14.87,0.03,21,31227,买盘
2659,09:54:45,14.84,--,178,264152,卖盘
2660,09:54:42,14.84,-0.01,14,20776,卖盘
2661,09:54:39,14.85,0.02,22,32670,卖盘
2662,09:54:36,14.83,-0.01,192,284736,卖盘
2663,09:54:33,14.84,-0.01,39,57876,卖盘
2664,09:54:30,14.85,--,103,152955,买盘
2665,09:54:27,14.85,--,20,29700,买盘
2666,09:54:24,14.85,--,56,83160,买盘
2667,09:54:21,14.85,--,81,120285,买盘
2668,09:54:18,14.85,--,381,565785,卖盘
2669,09:54:15,14.85,--,123,182655,卖盘
2670,09:54:12,14.85,--,5,7425,卖盘
2671,09:54:09,14.85,0.01,74,109890,买盘
2672,09:54:06,14.84,-0.01,102,151368,卖盘
2673,09:54:03,14.85,0.01,48,71280,买盘
2674,09:54:00,14.84,-0.01,26,38584,卖盘
2675,09:53:57,14.85,--,37,54945,买盘
2676,09:53:54,14.85,0.02,46,68310,买盘
2677,09:53:51,14.83,-0.02,103,152749,卖盘
2678,09:53:48,14.85,--,28,41580,卖盘
2679,09:53:45,14.85,--,80,118800,卖盘
2680,09:53:42,14.85,--,61,90585,卖盘
2681,09:53:39,14.85,-0.02,53,78705,卖盘
2682,09:53:33,14.87,0.02,64,95168,买盘
2683,09:53:30,14.85,-0.01,174,258390,卖盘
2684,09:53:27,14.86,-0.02,103,153058,卖盘
2685,09:53:24,14.88,0.02,12,17856,买盘
2686,09:53:21,14.86,-0.01,75,111450,卖盘
2687,09:53:15,14.87,-0.01,60,89220,卖盘
2688,09:53:12,14.88,--,528,785664,卖盘
2689,09:53:09,14.88,--,57,84816,卖盘
2690,09:53:06,14.88,--,146,217248,卖盘
2691,09:53:03,14.88,-0.02,62,92256,卖盘
2692,09:53:00,14.9,0.02,123,183270,买盘
2693,09:52:54,14.88,-0.02,209,310992,卖盘
2694,09:52:51,14.9,0.02,60,89400,买盘
2695,09:52:48,14.88,-0.02,1,1488,卖盘
2696,09:52:45,14.9,--,5,7450,买盘
2697,09:52:42,14.9,--,335,499150,买盘
2698,09:52:39,14.9,--,41,61090,卖盘
2699,09:52:36,14.9,--,343,511070,卖盘
2700,09:52:33,14.9,-0.01,80,119200,卖盘
2701,09:52:30,14.91,--,214,319074,买盘
2702,09:52:24,14.91,0.01,33,49203,买盘
2703,09:52:21,14.9,-0.01,412,613880,卖盘
2704,09:52:18,14.91,--,58,86478,卖盘
2705,09:52:15,14.91,--,10,14910,卖盘
2706,09:52:12,14.91,-0.01,21,31311,卖盘
2707,09:52:09,14.92,0.01,36,53712,中性盘
2708,09:52:06,14.91,-0.02,58,86478,卖盘
2709,09:52:03,14.93,--,16,23888,买盘
2710,09:52:00,14.93,--,52,77636,买盘
2711,09:51:57,14.93,--,402,600186,卖盘
2712,09:51:54,14.93,-0.01,54,80622,卖盘
2713,09:51:51,14.94,--,3,4482,买盘
2714,09:51:48,14.94,-0.01,10,14940,买盘
2715,09:51:45,14.95,--,170,254150,买盘
2716,09:51:42,14.95,0.01,1,1495,买盘
2717,09:51:39,14.94,-0.01,31,46314,卖盘
2718,09:51:33,14.95,--,23,34385,卖盘
2719,09:51:30,14.95,--,42,62790,卖盘
2720,09:51:27,14.95,-0.01,10,14950,卖盘
2721,09:51:21,14.96,0.01,3,4488,买盘
2722,09:51:18,14.95,--,10,14950,卖盘
2723,09:51:15,14.95,--,10,14950,卖盘
2724,09:51:12,14.95,-0.01,40,59800,卖盘
2725,09:51:06,14.96,0.01,1,1496,买盘
2726,09:51:03,14.95,--,77,115115,买盘
2727,09:51:00,14.95,--,1,1495,买盘
2728,09:50:54,14.95,0.01,20,29900,买盘
2729,09:50:51,14.94,-0.01,8,11952,卖盘
2730,09:50:48,14.95,0.01,2,2990,中性盘
2731,09:50:36,14.94,-0.02,50,74700,卖盘
2732,09:50:30,14.96,0.01,50,74800,买盘
2733,09:50:24,14.95,--,29,43355,买盘
2734,09:50:21,14.95,0.01,13,19435,买盘
2735,09:50:15,14.94,--,5,7470,卖盘
2736,09:50:12,14.94,--,43,64242,买盘
2737,09:50:09,14.94,--,1,1494,买盘
2738,09:50:06,14.94,--,1,1494,买盘
2739,09:50:03,14.94,0.01,5,7470,中性盘
2740,09:49:57,14.93,-0.01,40,59720,卖盘
2741,09:49:54,14.94,--,71,106074,买盘
2742,09:49:51,14.94,--,11,16434,买盘
2743,09:49:48,14.94,--,3,4482,买盘
2744,09:49:45,14.94,--,60,89640,卖盘
2745,09:49:42,14.94,-0.01,22,32868,卖盘
2746,09:49:39,14.95,0.01,32,47840,买盘
2747,09:49:36,14.94,-0.01,31,46314,卖盘
2748,09:49:30,14.95,0.01,46,68770,买盘
2749,09:49:24,14.94,--,3,4482,买盘
2750,09:49:21,14.94,0.02,1,1494,买盘
2751,09:49:12,14.92,--,14,20888,卖盘
2752,09:49:09,14.92,--,1,1492,卖盘
2753,09:49:06,14.92,--,7,10444,卖盘
2754,09:49:03,14.92,--,6,8952,卖盘
2755,09:48:57,14.92,--,55,82060,买盘
2756,09:48:54,14.92,--,58,86536,买盘
2757,09:48:51,14.92,--,14,20888,买盘
2758,09:48:48,14.92,--,67,99964,买盘
2759,09:48:45,14.92,--,12,17904,买盘
2760,09:48:39,14.92,-0.03,74,110408,卖盘
2761,09:48:36,14.95,0.05,11,16445,中性盘
2762,09:48:27,14.9,-0.08,145,216050,卖盘
2763,09:48:24,14.98,0.08,33,49434,买盘
2764,09:48:18,14.9,-0.05,51,75990,卖盘
2765,09:48:15,14.95,0.03,3,4485,买盘
2766,09:48:12,14.92,--,19,28348,卖盘
2767,09:48:09,14.92,-0.05,2,2984,卖盘
2768,09:48:06,14.97,0.02,20,29940,买盘
2769,09:48:03,14.95,--,4,5980,卖盘
2770,09:48:00,14.95,0.05,15,22425,卖盘
2771,09:47:57,14.9,-0.06,2516,3748840,卖盘
2772,09:47:54,14.96,--,6,8976,买盘
2773,09:47:51,14.96,0.01,7,10472,买盘
2774,09:47:48,14.95,-0.03,5,7475,卖盘
2775,09:47:45,14.98,0.02,21,31458,买盘
2776,09:47:42,14.96,0.01,10,14960,买盘
2777,09:47:39,14.95,-0.01,80,119600,卖盘
2778,09:47:30,14.96,0.01,31,46376,买盘
2779,09:47:27,14.95,-0.01,173,258635,卖盘
2780,09:47:24,14.96,-0.01,25,37400,卖盘
2781,09:47:21,14.97,0.01,163,244011,买盘
2782,09:47:15,14.96,--,12,17952,卖盘
2783,09:47:12,14.96,--,1,1496,卖盘
2784,09:47:09,14.96,--,5,7480,卖盘
2785,09:47:06,14.96,--,19,28424,卖盘
2786,09:47:03,14.96,-0.01,1,1496,卖盘
2787,09:47:00,14.97,--,20,29940,买盘
2788,09:46:57,14.97,--,10,14970,买盘
2789,09:46:54,14.97,0.01,2,2994,买盘
2790,09:46:51,14.96,-0.02,158,236368,卖盘
2791,09:46:48,14.98,0.01,4,5992,买盘
2792,09:46:45,14.97,-0.01,13,19461,卖盘
2793,09:46:42,14.98,0.01,7,10486,买盘
2794,09:46:39,14.97,-0.01,24,35928,卖盘
2795,09:46:30,14.98,-0.01,264,395472,卖盘
2796,09:46:27,14.99,0.01,1,1499,买盘
2797,09:46:24,14.98,--,2,2996,卖盘
2798,09:46:21,14.98,--,3,4494,卖盘
2799,09:46:15,14.98,-0.01,30,44940,卖盘
2800,09:46:12,14.99,--,20,29980,买盘
2801,09:46:09,14.99,--,98,146902,卖盘
2802,09:46:06,14.99,--,3,4497,卖盘
2803,09:46:03,14.99,--,68,101932,卖盘
2804,09:46:00,14.99,--,6,8994,卖盘
2805,09:45:57,14.99,--,16,23984,卖盘
2806,09:45:54,14.99,--,5,7495,卖盘
2807,09:45:48,14.99,-0.01,5,7495,卖盘
2808,09:45:45,15.0,0.01,12,18000,买盘
2809,09:45:42,14.99,--,5,7495,卖盘
2810,09:45:33,14.99,-0.01,50,74950,卖盘
2811,09:45:30,15.0,0.01,5,7500,买盘
2812,09:45:24,14.99,--,10,14990,卖盘
2813,09:45:21,14.99,-0.01,50,74950,卖盘
2814,09:45:15,15.0,0.01,5,7500,买盘
2815,09:45:12,14.99,-0.01,42,62958,卖盘
2816,09:45:06,15.0,--,55,82500,卖盘
2817,09:45:03,15.0,--,5,7500,卖盘
2818,09:45:00,15.0,--,10,15000,卖盘
2819,09:44:57,15.0,--,30,45000,卖盘
2820,09:44:48,15.0,--,5,7500,卖盘
2821,09:44:45,15.0,-0.01,13,19500,卖盘
2822,09:44:39,15.01,--,50,75050,买盘
2823,09:44:33,15.01,--,18,27018,卖盘
2824,09:44:30,15.01,-0.01,9,13509,卖盘
2825,09:44:27,15.02,0.02,11,16522,买盘
2826,09:44:18,15.0,-0.01,35,52500,卖盘
2827,09:44:15,15.01,0.01,7,10507,买盘
2828,09:44:12,15.0,--,2,3000,卖盘
2829,09:44:06,15.0,-0.01,19,28500,卖盘
2830,09:44:03,15.01,--,10,15010,买盘
2831,09:44:00,15.01,0.01,119,178619,买盘
2832,09:43:54,15.0,-0.01,31,46500,卖盘
2833,09:43:51,15.01,0.01,12,18012,中性盘
2834,09:43:45,15.0,--,103,154500,卖盘
2835,09:43:42,15.0,-0.02,21,31500,卖盘
2836,09:43:39,15.02,0.02,20,30040,买盘
2837,09:43:36,15.0,-0.01,21,31500,卖盘
