,time,price,change,volume,amount,type
0,15:00:03,14.65,0.02,1288,1886920,买盘
1,14:57:00,14.63,--,0,0,卖盘
2,14:56:54,14.63,--,46,67298,卖盘
3,14:56:48,14.63,--,70,103580,买盘
4,14:56:45,14.63,--,45,66127,卖盘
5,14:56:42,14.63,-0.02,55,81635,卖盘
6,14:56:36,14.65,0.02,150,219750,买盘
7,14:56:30,14.63,--,33,48279,买盘
8,14:56:24,14.63,--,72,105336,买盘
9,14:56:18,14.63,--,15,21945,买盘
10,14:56:15,14.63,--,40,58520,卖盘
11,14:56:12,14.63,-0.01,50,73150,卖盘
12,14:56:06,14.64,0.01,6,8784,买盘
13,14:56:03,14.63,--,192,280896,卖盘
14,14:55:54,14.63,-0.01,73,106799,卖盘
15,14:55:51,14.64,--,29,42456,买盘
16,14:55:45,14.64,0.01,70,102480,买盘
17,14:55:42,14.63,--,31,45353,卖盘
18,14:55:39,14.63,--,10,14630,卖盘
19,14:55:36,14.63,-0.01,112,163856,卖盘
20,14:55:33,14.64,0.01,4,5856,买盘
21,14:55:30,14.63,--,10,14630,卖盘
22,14:55:21,14.63,-0.01,6,8778,卖盘
23,14:55:18,14.64,--,20,29280,买盘
24,14:55:15,14.64,--,10,14640,买盘
25,14:55:12,14.64,--,49,71736,卖盘
26,14:55:09,14.64,-0.01,51,74664,卖盘
27,14:55:06,14.65,0.01,50,73250,买盘
28,14:55:03,14.64,--,13,19032,卖盘
29,14:54:57,14.64,0.01,9,13176,卖盘
30,14:54:54,14.63,--,3,4389,卖盘
31,14:54:36,14.63,-0.02,1,1463,卖盘
32,14:54:33,14.65,--,1,1465,买盘
33,14:54:30,14.65,0.02,4,5860,买盘
34,14:54:27,14.63,--,8,11704,卖盘
35,14:54:21,14.63,0.01,21,30723,中性盘
36,14:54:12,14.62,--,44,64328,卖盘
37,14:54:09,14.62,-0.03,432,631584,卖盘
38,14:54:06,14.65,0.03,68,99620,买盘
39,14:54:03,14.62,-0.01,15,21930,卖盘
40,14:54:00,14.63,0.01,11,16093,中性盘
41,14:53:54,14.62,-0.01,25,36550,卖盘
42,14:53:51,14.63,--,216,316008,买盘
43,14:53:45,14.63,--,65,95095,买盘
44,14:53:42,14.63,--,72,105336,卖盘
45,14:53:39,14.63,--,274,400862,卖盘
46,14:53:21,14.63,-0.02,1,1463,卖盘
47,14:53:18,14.65,--,10,14650,买盘
48,14:53:15,14.65,0.02,10,14650,买盘
49,14:53:12,14.63,-0.02,30,43890,卖盘
50,14:53:09,14.65,--,38,55670,卖盘
51,14:53:06,14.65,0.02,10,14650,卖盘
52,14:53:00,14.63,--,25,36575,卖盘
53,14:52:54,14.63,--,3,4389,卖盘
54,14:52:48,14.63,-0.02,50,73150,卖盘
55,14:52:42,14.65,0.02,1,1465,买盘
56,14:52:39,14.63,0.01,28,40964,中性盘
57,14:52:36,14.62,--,80,116960,卖盘
58,14:52:33,14.62,--,13,19006,卖盘
59,14:52:18,14.62,--,12,17544,卖盘
60,14:52:15,14.62,-0.06,0,204,卖盘
61,14:52:09,14.68,--,16,23488,买盘
62,14:52:06,14.68,--,509,747212,卖盘
63,14:52:03,14.68,-0.01,64,94157,卖盘
64,14:51:57,14.69,0.01,74,108706,买盘
65,14:51:51,14.68,--,22,32296,卖盘
66,14:51:48,14.68,-0.01,5,7340,卖盘
67,14:51:45,14.69,0.01,1,1469,买盘
68,14:51:36,14.68,-0.01,164,240752,卖盘
69,14:51:33,14.69,0.01,10,14690,买盘
70,14:51:30,14.68,--,2,2936,卖盘
71,14:51:15,14.68,--,294,431592,买盘
72,14:51:09,14.68,0.01,9,13212,买盘
73,14:51:06,14.67,--,53,77751,卖盘
74,14:51:00,14.67,-0.01,10,14670,卖盘
75,14:50:57,14.68,--,9,13212,买盘
76,14:50:54,14.68,--,3,4404,买盘
77,14:50:48,14.68,-0.01,2,2936,买盘
78,14:50:45,14.69,0.01,16,23504,买盘
79,14:50:42,14.68,--,4,5872,买盘
80,14:50:39,14.68,-0.01,26,38168,卖盘
81,14:50:36,14.69,--,23,33787,买盘
82,14:50:33,14.69,0.01,21,30849,买盘
83,14:50:27,14.68,-0.01,2,2936,卖盘
84,14:50:24,14.69,0.01,23,33787,买盘
85,14:50:15,14.68,-0.01,1,1468,卖盘
86,14:50:12,14.69,0.02,23,33787,买盘
87,14:50:06,14.67,-0.02,64,93888,卖盘
88,14:50:00,14.69,0.02,37,54353,中性盘
89,14:49:54,14.67,-0.03,2,2934,卖盘
90,14:49:51,14.7,--,2,2940,买盘
91,14:49:48,14.7,--,22,32340,买盘
92,14:49:39,14.7,0.01,41,60270,买盘
93,14:49:36,14.69,0.02,20,29380,卖盘
94,14:49:30,14.67,-0.03,23,33741,卖盘
95,14:49:27,14.7,0.02,20,29400,买盘
96,14:49:24,14.68,-0.02,30,44040,卖盘
97,14:49:18,14.7,0.01,24,35280,买盘
98,14:49:15,14.69,0.01,9,13221,买盘
99,14:49:09,14.68,--,84,123312,卖盘
100,14:49:06,14.68,-0.02,24,35232,卖盘
101,14:49:03,14.7,0.02,43,63210,买盘
102,14:49:00,14.68,-0.02,30,44040,中性盘
103,14:48:57,14.7,0.03,46,67620,买盘
104,14:48:54,14.67,-0.01,50,73350,卖盘
105,14:48:51,14.68,0.01,41,60188,买盘
106,14:48:48,14.67,-0.01,24,35208,卖盘
107,14:48:45,14.68,0.01,33,48444,买盘
108,14:48:39,14.67,-0.01,123,180734,卖盘
109,14:48:36,14.68,--,52,76336,买盘
110,14:48:33,14.68,0.01,44,64592,买盘
111,14:48:30,14.67,-0.01,20,29340,卖盘
112,14:48:27,14.68,--,105,154140,买盘
113,14:48:21,14.68,--,22,32296,买盘
114,14:48:18,14.68,--,6,8808,买盘
115,14:48:12,14.68,0.01,21,30828,买盘
116,14:48:09,14.67,-0.01,116,170172,卖盘
117,14:48:06,14.68,--,2,2936,买盘
118,14:48:03,14.68,-0.01,50,73400,卖盘
119,14:48:00,14.69,0.01,102,149838,买盘
120,14:47:57,14.68,0.01,3,4404,买盘
121,14:47:54,14.67,-0.01,4,5868,卖盘
122,14:47:51,14.68,--,22,32296,买盘
123,14:47:48,14.68,-0.01,10,14680,中性盘
124,14:47:39,14.69,0.01,22,32318,买盘
125,14:47:36,14.68,-0.01,22,32296,卖盘
126,14:47:33,14.69,--,1,1469,买盘
127,14:47:30,14.69,--,3,4407,买盘
128,14:47:27,14.69,0.02,22,32318,买盘
129,14:47:24,14.67,-0.02,60,88020,卖盘
130,14:47:18,14.69,0.01,22,32318,买盘
131,14:47:12,14.68,0.01,1,1468,买盘
132,14:47:09,14.67,-0.02,20,29340,卖盘
133,14:47:06,14.69,0.02,23,33787,买盘
134,14:47:00,14.67,--,42,61614,卖盘
135,14:46:57,14.67,-0.02,4,5868,卖盘
136,14:46:54,14.69,--,20,29380,买盘
137,14:46:42,14.69,0.01,89,130741,买盘
138,14:46:39,14.68,-0.01,5,7927,卖盘
139,14:46:33,14.69,0.02,21,30849,买盘
140,14:46:27,14.67,--,11,16137,卖盘
141,14:46:24,14.67,-0.02,6,8802,卖盘
142,14:46:21,14.69,--,22,32318,买盘
143,14:46:15,14.69,0.02,79,116051,买盘
144,14:46:12,14.67,-0.02,75,110025,卖盘
145,14:46:09,14.69,--,23,33787,买盘
146,14:46:00,14.69,0.02,22,32318,买盘
147,14:45:54,14.67,--,4,5868,卖盘
148,14:45:48,14.67,-0.01,48,70416,卖盘
149,14:45:39,14.68,--,23,33764,买盘
150,14:45:36,14.68,--,31,45508,买盘
151,14:45:30,14.68,--,20,29360,买盘
152,14:45:27,14.68,--,25,36700,买盘
153,14:45:24,14.68,--,16,23488,买盘
154,14:45:21,14.68,--,19,27892,买盘
155,14:45:15,14.68,0.01,80,117440,买盘
156,14:45:12,14.67,-0.01,55,80685,卖盘
157,14:45:09,14.68,--,44,64592,买盘
158,14:45:06,14.68,--,26,38168,买盘
159,14:45:00,14.68,0.01,10,14680,买盘
160,14:44:54,14.67,-0.01,26,38142,卖盘
161,14:44:48,14.68,--,1,1468,买盘
162,14:44:45,14.68,-0.02,239,350852,卖盘
163,14:44:42,14.7,0.01,25,36750,买盘
164,14:44:39,14.69,0.01,42,61698,买盘
165,14:44:36,14.68,-0.01,1,1468,卖盘
166,14:44:33,14.69,0.02,50,73450,买盘
167,14:44:24,14.67,-0.02,16,23472,卖盘
168,14:44:21,14.69,0.02,22,33449,买盘
169,14:44:15,14.67,-0.01,67,98289,卖盘
170,14:44:12,14.68,--,20,29360,买盘
171,14:44:06,14.68,0.01,1,1468,买盘
172,14:44:03,14.67,--,1,2596,卖盘
173,14:43:57,14.67,--,51,74817,卖盘
174,14:43:54,14.67,--,51,74817,卖盘
175,14:43:48,14.67,-0.01,500,733500,卖盘
176,14:43:45,14.68,--,30,44040,买盘
177,14:43:36,14.68,--,14,20552,买盘
178,14:43:33,14.68,0.01,9,13212,买盘
179,14:43:30,14.67,--,6,8802,卖盘
180,14:43:27,14.67,-0.01,85,124695,卖盘
181,14:43:21,14.68,--,22,32296,买盘
182,14:43:06,14.68,0.01,1,1468,买盘
183,14:43:00,14.67,--,23,33741,卖盘
184,14:42:57,14.67,--,2,3916,卖盘
185,14:42:54,14.67,-0.01,4,5868,卖盘
186,14:42:51,14.68,--,5,7340,买盘
187,14:42:48,14.68,--,19,27892,买盘
188,14:42:45,14.68,-0.01,48,70464,卖盘
189,14:42:39,14.69,0.01,24,35256,买盘
190,14:42:36,14.68,-0.01,12,17616,卖盘
191,14:42:30,14.69,--,47,69043,买盘
192,14:42:27,14.69,0.01,23,33787,买盘
193,14:42:21,14.68,--,10,14680,卖盘
194,14:42:18,14.68,-0.01,20,29360,卖盘
195,14:42:03,14.69,--,1,1469,买盘
196,14:42:00,14.69,0.02,19,27911,买盘
197,14:41:57,14.67,-0.01,100,146700,卖盘
198,14:41:54,14.68,0.01,12,18893,买盘
199,14:41:51,14.67,-0.01,10,14670,卖盘
200,14:41:42,14.68,-0.01,33,48634,卖盘
201,14:41:39,14.69,0.01,2,2938,买盘
202,14:41:33,14.68,--,5,7340,卖盘
203,14:41:30,14.68,--,31,45508,卖盘
204,14:41:27,14.68,-0.01,78,114504,卖盘
205,14:41:21,14.69,--,10,14690,买盘
206,14:41:15,14.69,0.01,22,32318,买盘
207,14:41:12,14.68,-0.02,38,57105,卖盘
208,14:41:06,14.7,--,72,105840,买盘
209,14:41:03,14.7,0.01,23,33810,买盘
210,14:40:54,14.69,--,7,10738,卖盘
211,14:40:51,14.69,-0.02,3,4407,卖盘
212,14:40:45,14.71,0.01,22,32362,买盘
213,14:40:42,14.7,--,2,2940,买盘
214,14:40:39,14.7,--,1,1470,买盘
215,14:40:30,14.7,-0.01,1,1470,中性盘
216,14:40:24,14.71,0.02,21,30891,买盘
217,14:40:21,14.69,-0.02,23,33787,卖盘
218,14:40:18,14.71,0.02,63,92673,买盘
219,14:40:15,14.69,-0.02,11,16159,卖盘
220,14:40:12,14.71,--,1,1471,买盘
221,14:40:09,14.71,0.01,27,39717,买盘
222,14:40:03,14.7,--,1,1470,中性盘
223,14:39:57,14.7,0.01,1,1470,买盘
224,14:39:54,14.69,--,24,35256,卖盘
225,14:39:51,14.69,--,23,33787,卖盘
226,14:39:48,14.69,-0.02,23,33787,卖盘
227,14:39:45,14.71,0.02,20,29420,买盘
228,14:39:42,14.69,-0.01,25,36725,卖盘
229,14:39:39,14.7,--,1,1470,卖盘
230,14:39:36,14.7,-0.01,32,47334,卖盘
231,14:39:33,14.71,0.02,80,117680,买盘
232,14:39:30,14.69,-0.01,55,80795,卖盘
233,14:39:27,14.7,--,1,1470,买盘
234,14:39:24,14.7,0.01,41,60270,买盘
235,14:39:18,14.69,-0.01,10,14690,卖盘
236,14:39:12,14.7,--,21,30870,买盘
237,14:39:06,14.7,0.01,21,30870,买盘
238,14:39:00,14.69,--,20,29526,卖盘
239,14:38:54,14.69,-0.01,4,5876,卖盘
240,14:38:48,14.7,0.01,27,39690,买盘
241,14:38:45,14.69,-0.01,13,19097,卖盘
242,14:38:42,14.7,--,5,7350,买盘
243,14:38:39,14.7,--,26,38220,卖盘
244,14:38:33,14.7,--,55,80850,卖盘
245,14:38:30,14.7,--,23,33810,卖盘
246,14:38:27,14.7,--,120,176400,买盘
247,14:38:18,14.7,--,22,32340,买盘
248,14:38:09,14.7,--,16,23520,买盘
249,14:38:00,14.7,0.01,5,7350,买盘
250,14:37:54,14.69,-0.01,24,35256,卖盘
251,14:37:51,14.7,--,2,2940,买盘
252,14:37:42,14.7,--,25,36750,买盘
253,14:37:39,14.7,--,11,16170,买盘
254,14:37:33,14.7,--,51,75690,买盘
255,14:37:30,14.7,0.01,42,61740,买盘
256,14:37:24,14.69,-0.01,11,16159,卖盘
257,14:37:21,14.7,--,75,110250,买盘
258,14:37:18,14.7,--,2,2940,买盘
259,14:37:15,14.7,--,22,32340,买盘
260,14:37:12,14.7,--,5,7350,买盘
261,14:37:06,14.7,--,7,10290,买盘
262,14:37:03,14.7,--,45,66150,买盘
263,14:36:57,14.7,0.01,7,10290,买盘
264,14:36:54,14.69,-0.01,13,19097,卖盘
265,14:36:51,14.7,--,6,8820,买盘
266,14:36:45,14.7,--,3,4410,买盘
267,14:36:42,14.7,--,6,8820,买盘
268,14:36:39,14.7,--,208,305760,买盘
269,14:36:36,14.7,--,1,1470,买盘
270,14:36:33,14.7,--,2,2940,买盘
271,14:36:30,14.7,0.01,9,13230,买盘
272,14:36:24,14.69,-0.01,66,96954,中性盘
273,14:36:21,14.7,0.01,69,101430,买盘
274,14:36:18,14.69,--,112,164528,买盘
275,14:36:15,14.69,--,92,135148,买盘
276,14:36:12,14.69,--,138,202722,买盘
277,14:36:09,14.69,0.01,25,36725,买盘
278,14:36:06,14.68,-0.01,25,36700,卖盘
279,14:36:03,14.69,--,22,32318,买盘
280,14:35:57,14.69,0.01,52,76388,买盘
281,14:35:54,14.68,-0.01,4,5872,卖盘
282,14:35:51,14.69,0.01,23,33787,买盘
283,14:35:48,14.68,--,20,29360,卖盘
284,14:35:45,14.68,--,3,4404,卖盘
285,14:35:39,14.68,--,10,14680,卖盘
286,14:35:36,14.68,--,18,27099,卖盘
287,14:35:33,14.68,--,12,17616,卖盘
288,14:35:30,14.68,--,20,29961,买盘
289,14:35:27,14.68,0.01,23,33764,买盘
290,14:35:18,14.67,-0.01,4,5868,卖盘
291,14:35:15,14.68,--,4,5872,买盘
292,14:35:12,14.68,0.01,1,2891,买盘
293,14:35:09,14.67,--,420,616140,卖盘
294,14:35:00,14.67,-0.01,15,22005,卖盘
295,14:34:57,14.68,0.01,2,2936,买盘
296,14:34:54,14.67,--,200,293400,卖盘
297,14:34:48,14.67,--,32,46944,卖盘
298,14:34:39,14.67,--,13,19071,卖盘
299,14:34:33,14.67,-0.01,16,23472,卖盘
300,14:34:30,14.68,0.01,20,29360,买盘
301,14:34:27,14.67,--,56,82152,卖盘
302,14:34:24,14.67,--,1,1467,卖盘
303,14:34:21,14.67,--,25,36675,卖盘
304,14:34:18,14.67,--,30,44010,卖盘
305,14:34:15,14.67,--,5,7335,卖盘
306,14:34:09,14.67,-0.01,5,7335,卖盘
307,14:34:03,14.68,--,21,30828,买盘
308,14:33:57,14.68,0.01,1,1468,买盘
309,14:33:54,14.67,-0.01,26,38142,卖盘
310,14:33:45,14.68,--,168,246624,买盘
311,14:33:36,14.68,--,12,17616,买盘
312,14:33:30,14.68,--,2,2936,买盘
313,14:33:24,14.68,--,140,205520,买盘
314,14:33:21,14.68,--,10,14680,买盘
315,14:33:09,14.68,--,47,68996,买盘
316,14:33:06,14.68,--,19,27892,买盘
317,14:32:57,14.68,0.01,86,126248,买盘
318,14:32:54,14.67,--,4,5868,卖盘
319,14:32:51,14.67,--,10,14670,卖盘
320,14:32:45,14.67,--,300,440100,卖盘
321,14:32:42,14.67,-0.01,26,38142,中性盘
322,14:32:39,14.68,0.03,20,29360,买盘
323,14:32:36,14.65,-0.02,12,17580,卖盘
324,14:32:33,14.67,--,20,29340,卖盘
325,14:32:27,14.67,--,10,14670,卖盘
326,14:32:24,14.67,--,10,14670,卖盘
327,14:32:21,14.67,-0.01,21,30807,中性盘
328,14:32:15,14.68,0.01,100,146800,买盘
329,14:32:12,14.67,--,20,29340,买盘
330,14:32:09,14.67,-0.01,19,27873,卖盘
331,14:32:06,14.68,0.01,7,10276,买盘
332,14:31:54,14.67,-0.01,25,36675,卖盘
333,14:31:51,14.68,0.01,1,1468,买盘
334,14:31:45,14.67,0.02,23,33741,买盘
335,14:31:36,14.65,-0.02,281,411665,卖盘
336,14:31:33,14.67,--,1,1467,买盘
337,14:31:30,14.67,-0.01,1,1467,中性盘
338,14:31:27,14.68,--,1,1468,买盘
339,14:31:24,14.68,--,31,45508,买盘
340,14:31:21,14.68,--,1,1468,买盘
341,14:31:18,14.68,--,21,30828,买盘
342,14:31:15,14.68,0.03,8,11744,买盘
343,14:31:09,14.65,-0.02,3,4395,卖盘
344,14:31:06,14.67,--,24,35208,买盘
345,14:31:00,14.67,--,1,1467,买盘
346,14:30:57,14.67,0.01,250,366750,买盘
347,14:30:54,14.66,0.01,26,38116,买盘
348,14:30:51,14.65,--,2,2930,卖盘
349,14:30:48,14.65,--,2,2930,卖盘
350,14:30:45,14.65,--,2,2930,卖盘
351,14:30:42,14.65,--,10,14650,卖盘
352,14:30:39,14.65,--,263,385295,买盘
353,14:30:36,14.65,0.03,100,146500,买盘
354,14:30:33,14.62,-0.03,11,16082,卖盘
355,14:30:30,14.65,--,1,1465,买盘
356,14:30:27,14.65,--,8,11720,买盘
357,14:30:24,14.65,--,100,146500,买盘
358,14:30:21,14.65,--,1,1465,买盘
359,14:30:18,14.65,0.03,42,61530,买盘
360,14:30:15,14.62,-0.03,1,1462,卖盘
361,14:30:06,14.65,0.03,23,33695,买盘
362,14:30:00,14.62,-0.03,1,1462,卖盘
363,14:29:57,14.65,0.03,21,30765,买盘
364,14:29:54,14.62,-0.03,28,40936,卖盘
365,14:29:51,14.65,--,25,36625,买盘
366,14:29:48,14.65,--,10,14650,买盘
367,14:29:45,14.65,0.01,46,67390,买盘
368,14:29:39,14.64,--,2,2928,卖盘
369,14:29:33,14.64,--,10,14640,卖盘
370,14:29:30,14.64,0.01,22,32208,买盘
371,14:29:27,14.63,-0.01,72,105336,卖盘
372,14:29:24,14.64,0.01,21,30744,买盘
373,14:29:21,14.63,-0.01,2,2926,卖盘
374,14:29:18,14.64,--,22,32208,买盘
375,14:29:15,14.64,--,1,1464,买盘
376,14:29:00,14.64,--,27,39528,买盘
377,14:28:57,14.64,0.03,27,39528,买盘
378,14:28:54,14.61,-0.02,6,8766,卖盘
379,14:28:51,14.63,0.01,19,27797,买盘
380,14:28:39,14.62,--,22,32164,卖盘
381,14:28:33,14.62,-0.01,1,1462,卖盘
382,14:28:30,14.63,--,10,14630,买盘
383,14:28:21,14.63,--,119,174097,买盘
384,14:28:18,14.63,--,21,30723,买盘
385,14:28:09,14.63,0.02,24,35112,买盘
386,14:28:00,14.61,--,0,160,卖盘
387,14:27:57,14.61,--,2,2922,卖盘
388,14:27:54,14.61,--,4,5844,卖盘
389,14:27:51,14.61,-0.02,10,14610,卖盘
390,14:27:48,14.63,0.02,1,1463,买盘
391,14:27:39,14.61,--,3,4383,卖盘
392,14:27:36,14.61,-0.01,1,1461,卖盘
393,14:27:30,14.62,0.01,10,14620,买盘
394,14:27:27,14.61,--,2,2922,卖盘
395,14:27:21,14.61,--,2,2922,卖盘
396,14:27:15,14.61,--,2,2922,卖盘
397,14:27:06,14.61,--,2,2922,卖盘
398,14:27:03,14.61,0.01,17,24837,买盘
399,14:27:00,14.6,--,3,4380,卖盘
400,14:26:54,14.6,-0.01,9,13140,卖盘
401,14:26:51,14.61,--,36,52596,买盘
402,14:26:48,14.61,--,9,13149,买盘
403,14:26:45,14.61,0.01,24,35064,买盘
404,14:26:42,14.6,-0.01,29,42340,卖盘
405,14:26:39,14.61,0.01,46,67206,买盘
406,14:26:33,14.6,0.02,47,68620,买盘
407,14:26:27,14.58,--,2,2916,卖盘
408,14:26:24,14.58,--,3,4374,卖盘
409,14:26:18,14.58,-0.02,2,2916,卖盘
410,14:26:15,14.6,0.02,1,1460,买盘
411,14:26:12,14.58,--,2,2916,卖盘
412,14:26:06,14.58,--,11,16038,卖盘
413,14:26:03,14.58,--,2,2916,卖盘
414,14:25:54,14.58,-0.02,6,8748,卖盘
415,14:25:51,14.6,0.02,22,32120,买盘
416,14:25:48,14.58,--,0,349,卖盘
417,14:25:42,14.58,--,26,37908,卖盘
418,14:25:39,14.58,--,3,4374,卖盘
419,14:25:36,14.58,--,2,2916,卖盘
420,14:25:18,14.58,-0.02,10,14580,卖盘
421,14:25:15,14.6,--,19,27740,买盘
422,14:25:09,14.6,0.01,7,10220,买盘
423,14:25:03,14.59,0.01,102,148818,买盘
424,14:25:00,14.58,-0.01,42,61236,卖盘
425,14:24:57,14.59,0.01,3,4377,买盘
426,14:24:54,14.58,--,27,39366,卖盘
427,14:24:51,14.58,--,32,46656,卖盘
428,14:24:48,14.58,--,13,18954,卖盘
429,14:24:45,14.58,-0.01,24,34992,卖盘
430,14:24:39,14.59,0.01,1,1459,买盘
431,14:24:24,14.58,-0.01,2,2916,卖盘
432,14:24:21,14.59,0.01,22,32098,买盘
433,14:24:15,14.58,--,2,2916,卖盘
434,14:24:09,14.58,-0.01,19,27702,卖盘
435,14:24:06,14.59,0.01,10,14590,买盘
436,14:23:57,14.58,--,2,2916,卖盘
437,14:23:54,14.58,--,4,5832,卖盘
438,14:23:48,14.58,-0.01,1,1458,卖盘
439,14:23:45,14.59,0.01,2,2918,买盘
440,14:23:39,14.58,--,3,4374,卖盘
441,14:23:36,14.58,-0.01,8,11664,卖盘
442,14:23:27,14.59,0.01,1,1459,买盘
443,14:23:15,14.58,-0.01,52,75816,卖盘
444,14:23:12,14.59,0.01,4,5836,买盘
445,14:23:03,14.58,--,40,58320,卖盘
446,14:22:57,14.58,--,2,2916,卖盘
447,14:22:54,14.58,-0.01,4,5832,卖盘
448,14:22:51,14.59,0.01,16,23344,买盘
449,14:22:48,14.58,-0.01,3,4374,卖盘
450,14:22:45,14.59,--,1,1459,买盘
451,14:22:42,14.59,--,33,48147,买盘
452,14:22:36,14.59,--,10,14590,卖盘
453,14:22:33,14.59,0.01,2,2918,中性盘
454,14:22:27,14.58,--,2,2916,卖盘
455,14:22:21,14.58,--,4,6823,卖盘
456,14:22:15,14.58,--,2,2916,卖盘
457,14:22:12,14.58,--,20,29160,卖盘
458,14:22:09,14.58,--,2,2916,卖盘
459,14:22:06,14.58,--,2,2916,卖盘
460,14:22:00,14.58,--,0,568,卖盘
461,14:21:54,14.58,-0.02,7,10424,卖盘
462,14:21:48,14.6,0.01,49,71540,买盘
463,14:21:45,14.59,--,1,1459,卖盘
464,14:21:39,14.59,--,2,2918,卖盘
465,14:21:33,14.59,-0.01,2,2918,中性盘
466,14:21:30,14.6,0.02,21,30660,买盘
467,14:21:21,14.58,--,2,2916,卖盘
468,14:21:15,14.58,--,3,4374,卖盘
469,14:21:12,14.58,--,3,4374,卖盘
470,14:21:06,14.58,--,2,4067,卖盘
471,14:20:57,14.58,--,2,3163,卖盘
472,14:20:54,14.58,--,6,8748,卖盘
473,14:20:48,14.58,-0.02,4,5832,卖盘
474,14:20:45,14.6,0.02,4,5840,买盘
475,14:20:42,14.58,--,3,4374,卖盘
476,14:20:36,14.58,--,2,2916,卖盘
477,14:20:33,14.58,--,3,4374,卖盘
478,14:20:30,14.58,--,3,4374,卖盘
479,14:20:21,14.58,-0.02,0,218,卖盘
480,14:20:18,14.6,--,2,3255,卖盘
481,14:20:15,14.6,--,2,3182,卖盘
482,14:20:09,14.6,--,1,1460,卖盘
483,14:20:06,14.6,--,62,90520,卖盘
484,14:20:03,14.6,--,17,24820,卖盘
485,14:20:00,14.6,--,3,4380,卖盘
486,14:19:57,14.6,--,2,2920,卖盘
487,14:19:54,14.6,--,4,5840,卖盘
488,14:19:51,14.6,--,8,11680,卖盘
489,14:19:48,14.6,-0.01,1,1460,卖盘
490,14:19:39,14.61,0.01,1,2322,买盘
491,14:19:30,14.6,--,3,4380,卖盘
492,14:19:24,14.6,-0.01,12,17520,卖盘
493,14:19:21,14.61,0.01,8,11688,买盘
494,14:19:12,14.6,0.02,182,265720,买盘
495,14:19:06,14.58,--,3,4374,卖盘
496,14:18:54,14.58,-0.03,5,7290,卖盘
497,14:18:51,14.61,0.01,3,4383,买盘
498,14:18:45,14.6,-0.01,4,5840,中性盘
499,14:18:27,14.61,--,23,33603,买盘
500,14:18:21,14.61,0.01,218,318498,买盘
501,14:18:15,14.6,--,25,37580,买盘
502,14:18:12,14.6,0.02,23,33580,买盘
503,14:18:06,14.58,0.01,8,11664,买盘
504,14:18:00,14.57,-0.01,1,1457,卖盘
505,14:17:54,14.58,--,29,42282,买盘
506,14:17:51,14.58,0.02,21,30618,买盘
507,14:17:24,14.56,--,8,11648,卖盘
508,14:17:18,14.56,--,9,13104,卖盘
509,14:17:15,14.56,--,21,30576,卖盘
510,14:17:12,14.56,--,45,65520,卖盘
511,14:17:06,14.56,--,24,34944,卖盘
512,14:16:57,14.56,--,2,2912,卖盘
513,14:16:54,14.56,-0.01,4,5824,卖盘
514,14:16:51,14.57,0.01,7,10199,买盘
515,14:16:45,14.56,-0.01,79,115024,卖盘
516,14:16:39,14.57,0.01,4,5828,买盘
517,14:16:36,14.56,--,55,80080,卖盘
518,14:16:33,14.56,--,1,1456,卖盘
519,14:16:30,14.56,-0.01,13,18928,卖盘
520,14:16:21,14.57,--,33,48081,卖盘
521,14:16:18,14.57,--,13,18941,卖盘
522,14:16:15,14.57,--,4,5828,卖盘
523,14:16:12,14.57,--,13,18941,卖盘
524,14:16:09,14.57,--,34,49538,卖盘
525,14:16:06,14.57,-0.01,2,2914,卖盘
526,14:16:03,14.58,0.01,30,43740,买盘
527,14:16:00,14.57,--,13,18941,卖盘
528,14:15:57,14.57,--,51,74307,卖盘
529,14:15:54,14.57,-0.01,9,13113,卖盘
530,14:15:48,14.58,0.01,3,4374,中性盘
531,14:15:39,14.57,--,48,69936,卖盘
532,14:15:36,14.57,--,4,5828,卖盘
533,14:15:33,14.57,-0.01,380,553660,卖盘
534,14:15:30,14.58,0.01,5,7290,买盘
535,14:15:27,14.57,-0.01,25,36425,卖盘
536,14:15:24,14.58,--,2,2916,卖盘
537,14:15:21,14.58,--,47,68526,卖盘
538,14:15:18,14.58,--,3,4374,卖盘
539,14:15:15,14.58,--,27,39366,卖盘
540,14:15:06,14.58,-0.01,52,75816,卖盘
541,14:15:03,14.59,--,36,52524,卖盘
542,14:15:00,14.59,--,35,51065,卖盘
543,14:14:57,14.59,--,2,2918,卖盘
544,14:14:54,14.59,--,52,75868,卖盘
545,14:14:51,14.59,-0.01,3,4377,卖盘
546,14:14:48,14.6,0.01,28,40880,买盘
547,14:14:45,14.59,-0.01,7,10213,卖盘
548,14:14:36,14.6,-0.01,39,56940,卖盘
549,14:14:33,14.61,--,9,13149,买盘
550,14:14:27,14.61,--,41,59901,卖盘
551,14:14:24,14.61,--,2,2922,卖盘
552,14:14:15,14.61,-0.01,2,2922,卖盘
553,14:14:06,14.62,--,4,5848,卖盘
554,14:14:03,14.62,--,1,1462,卖盘
555,14:13:54,14.62,--,7,10234,卖盘
556,14:13:45,14.62,--,2,2924,卖盘
557,14:13:42,14.62,-0.02,2,2924,卖盘
558,14:13:39,14.64,0.02,71,103944,买盘
559,14:13:36,14.62,--,2,2924,卖盘
560,14:13:30,14.62,--,3,4386,卖盘
561,14:13:24,14.62,-0.01,1505,2200310,卖盘
562,14:13:15,14.63,--,2,2926,卖盘
563,14:13:12,14.63,--,3,4389,卖盘
564,14:13:09,14.63,-0.01,2,2926,卖盘
565,14:13:03,14.64,--,23,33672,卖盘
566,14:12:54,14.64,--,6,8784,卖盘
567,14:12:48,14.64,--,2,2928,卖盘
568,14:12:36,14.64,-0.02,2,2928,卖盘
569,14:12:33,14.66,0.02,4,5864,买盘
570,14:12:30,14.64,--,5,7320,卖盘
571,14:12:24,14.64,--,23,33672,卖盘
572,14:12:21,14.64,0.01,17,24888,买盘
573,14:12:18,14.63,-0.02,5,7315,卖盘
574,14:12:15,14.65,0.03,63,92295,买盘
575,14:12:12,14.62,--,3,4386,卖盘
576,14:12:06,14.62,--,2,2924,卖盘
577,14:12:03,14.62,--,32,46784,卖盘
578,14:11:57,14.62,--,1,1462,卖盘
579,14:11:54,14.62,--,4,5848,卖盘
580,14:11:33,14.62,--,2,2924,卖盘
581,14:11:27,14.62,--,3,4386,卖盘
582,14:11:21,14.62,--,2,2924,卖盘
583,14:11:15,14.62,--,2,2924,卖盘
584,14:11:09,14.62,--,22,32164,卖盘
585,14:11:06,14.62,--,3,4386,卖盘
586,14:11:03,14.62,--,2,2924,卖盘
587,14:11:00,14.62,--,2,2924,卖盘
588,14:10:54,14.62,--,6,8772,卖盘
589,14:10:45,14.62,--,3,4386,卖盘
590,14:10:39,14.62,--,2,2924,卖盘
591,14:10:36,14.62,--,14,20468,卖盘
592,14:10:30,14.62,--,2,2924,卖盘
593,14:10:24,14.62,--,7,10234,卖盘
594,14:10:21,14.62,--,2,2924,卖盘
595,14:10:15,14.62,--,2,2924,卖盘
596,14:10:09,14.62,--,3,4386,卖盘
597,14:10:03,14.62,--,13,19006,卖盘
598,14:09:57,14.62,--,2,2924,卖盘
599,14:09:54,14.62,--,4,5848,卖盘
600,14:09:51,14.62,--,2,2924,卖盘
601,14:09:48,14.62,-0.01,2,2924,卖盘
602,14:09:45,14.63,--,1,1463,买盘
603,14:09:39,14.63,--,5,7315,卖盘
604,14:09:33,14.63,--,2,2926,卖盘
605,14:09:27,14.63,--,3,4389,买盘
606,14:09:21,14.63,--,1,1463,卖盘
607,14:09:15,14.63,--,3,4389,卖盘
608,14:09:12,14.63,--,2,2926,卖盘
609,14:09:00,14.63,--,9,13167,卖盘
610,14:08:54,14.63,--,4,5852,卖盘
611,14:08:45,14.63,--,20,29260,卖盘
612,14:08:27,14.63,--,1,1463,卖盘
613,14:08:24,14.63,-0.02,10,14630,卖盘
614,14:08:18,14.65,0.02,4,5860,买盘
615,14:08:00,14.63,--,46,67298,卖盘
616,14:07:54,14.63,--,4,5852,卖盘
617,14:07:39,14.63,-0.02,23,33649,卖盘
618,14:07:30,14.65,--,27,39555,买盘
619,14:07:18,14.65,0.02,53,77645,买盘
620,14:07:15,14.63,--,2,2926,卖盘
621,14:07:09,14.63,--,1,1463,卖盘
622,14:07:00,14.63,--,2,2926,卖盘
623,14:06:54,14.63,--,5,7315,卖盘
624,14:06:45,14.63,-0.02,7,10241,卖盘
625,14:06:42,14.65,--,48,70320,买盘
626,14:06:24,14.65,0.02,3,4395,买盘
627,14:06:12,14.63,-0.02,30,43890,卖盘
628,14:06:09,14.65,--,4,5860,买盘
629,14:06:00,14.65,0.02,1,1465,买盘
630,14:05:54,14.63,-0.02,4,5852,卖盘
631,14:05:30,14.65,--,2,2930,卖盘
632,14:05:18,14.65,--,4,5860,卖盘
633,14:04:54,14.65,-0.01,4,5860,卖盘
634,14:04:51,14.66,--,38,55708,卖盘
635,14:04:48,14.66,--,3,4398,卖盘
636,14:04:39,14.66,--,23,33718,卖盘
637,14:04:36,14.66,--,23,33718,卖盘
638,14:04:33,14.66,0.01,13,19058,买盘
639,14:04:30,14.65,--,50,73250,卖盘
640,14:04:27,14.65,--,46,67390,卖盘
641,14:04:21,14.65,0.02,97,142105,买盘
642,14:04:18,14.63,--,23,33649,卖盘
643,14:04:06,14.63,-0.02,5,7315,卖盘
644,14:04:00,14.65,0.02,1,1465,买盘
645,14:03:57,14.63,--,6,8778,卖盘
646,14:03:54,14.63,--,14,20482,卖盘
647,14:03:21,14.63,0.01,1,1463,买盘
648,14:03:18,14.62,--,100,146200,卖盘
649,14:03:03,14.62,--,17,24854,卖盘
650,14:02:54,14.62,--,54,78948,卖盘
651,14:02:42,14.62,--,11,16082,卖盘
652,14:02:39,14.62,-0.01,10,14620,卖盘
653,14:02:33,14.63,--,5,7315,买盘
654,14:02:21,14.63,--,10,14630,买盘
655,14:02:00,14.63,0.01,4,5852,买盘
656,14:01:54,14.62,-0.01,4,5848,卖盘
657,14:01:24,14.63,0.01,4,5852,买盘
658,14:00:57,14.62,--,2,2924,卖盘
659,14:00:54,14.62,--,4,5848,卖盘
660,14:00:51,14.62,--,15,21930,卖盘
661,14:00:30,14.62,--,1,1462,卖盘
662,14:00:21,14.62,--,43,62866,卖盘
663,14:00:09,14.62,--,20,29240,卖盘
664,14:00:06,14.62,-0.01,2,2924,卖盘
665,14:00:03,14.63,--,3,4389,买盘
666,13:59:57,14.63,0.01,36,52668,买盘
667,13:59:54,14.62,-0.01,4,5848,卖盘
668,13:59:51,14.63,-0.01,6,8778,卖盘
669,13:59:39,14.64,-0.01,5,7320,买盘
670,13:59:33,14.65,--,3,4395,卖盘
671,13:59:21,14.65,--,37,54205,买盘
672,13:59:18,14.65,0.03,3,4395,中性盘
673,13:58:54,14.62,-0.04,17,24854,卖盘
674,13:58:48,14.66,--,1,1466,买盘
675,13:58:18,14.66,-0.02,10,14660,中性盘
676,13:58:06,14.68,0.02,258,378744,买盘
677,13:58:03,14.66,--,10,14660,买盘
678,13:58:00,14.66,--,10,14660,卖盘
679,13:57:57,14.66,--,60,87960,卖盘
680,13:57:54,14.66,-0.01,7,10262,卖盘
681,13:57:51,14.67,--,17,24939,买盘
682,13:57:48,14.67,0.01,10,14670,买盘
683,13:57:45,14.66,--,22,32252,卖盘
684,13:57:42,14.66,-0.01,11,16126,卖盘
685,13:57:33,14.67,--,166,244387,卖盘
686,13:57:30,14.67,--,22,32274,卖盘
687,13:57:27,14.67,--,13,19071,卖盘
688,13:57:24,14.67,--,146,214182,卖盘
689,13:57:21,14.67,--,65,95355,卖盘
690,13:57:18,14.67,--,3,4401,卖盘
691,13:57:15,14.67,--,82,120294,卖盘
692,13:57:12,14.67,-0.01,646,947682,卖盘
693,13:57:09,14.68,0.01,186,273048,买盘
694,13:57:00,14.67,--,2,2934,卖盘
695,13:56:54,14.67,-0.01,7,10269,卖盘
696,13:56:51,14.68,0.01,20,29360,买盘
697,13:56:48,14.67,--,2,2934,卖盘
698,13:56:42,14.67,-0.01,130,190710,卖盘
699,13:56:33,14.68,0.01,17,24956,买盘
700,13:56:30,14.67,-0.01,17,24939,卖盘
701,13:56:27,14.68,--,1,1468,买盘
702,13:56:21,14.68,0.01,108,158544,买盘
703,13:56:15,14.67,--,2,2934,卖盘
704,13:56:12,14.67,-0.01,46,67482,卖盘
705,13:56:06,14.68,--,1,1468,买盘
706,13:56:03,14.68,0.01,31,46109,买盘
707,13:56:00,14.67,--,1,1467,买盘
708,13:55:57,14.67,0.01,3,4401,买盘
709,13:55:54,14.66,-0.01,5,7330,卖盘
710,13:55:51,14.67,--,1,1467,买盘
711,13:55:48,14.67,--,23,33741,买盘
712,13:55:45,14.67,0.01,4,5868,买盘
713,13:55:42,14.66,-0.01,189,277074,卖盘
714,13:55:33,14.67,0.01,1,1467,买盘
715,13:55:24,14.66,-0.01,33,48378,卖盘
716,13:55:18,14.67,0.01,7,10269,买盘
717,13:55:12,14.66,0.03,533,781378,买盘
718,13:55:00,14.63,--,7,10241,买盘
719,13:54:57,14.63,0.04,23,33649,买盘
720,13:54:54,14.59,--,50,72950,卖盘
721,13:54:51,14.59,-0.04,31,45229,卖盘
722,13:54:48,14.63,0.03,46,67298,买盘
723,13:54:45,14.6,0.01,23,33580,买盘
724,13:54:42,14.59,-0.01,12,17508,卖盘
725,13:54:39,14.6,0.01,23,33580,买盘
726,13:54:36,14.59,-0.01,3,4377,卖盘
727,13:54:33,14.6,0.01,23,33580,买盘
728,13:54:30,14.59,--,7,10213,卖盘
729,13:54:27,14.59,--,2,2918,卖盘
730,13:54:24,14.59,0.01,128,186752,买盘
731,13:54:21,14.58,--,26,37908,卖盘
732,13:54:15,14.58,--,2,2916,卖盘
733,13:54:12,14.58,--,15,21870,卖盘
734,13:54:09,14.58,-0.01,5,7290,卖盘
735,13:54:03,14.59,--,4,5836,买盘
736,13:54:00,14.59,--,5,7295,卖盘
737,13:53:54,14.59,--,7,10213,卖盘
738,13:53:45,14.59,--,2,2918,卖盘
739,13:53:42,14.59,-0.01,10,14590,卖盘
740,13:53:39,14.6,0.01,5,7300,买盘
741,13:53:36,14.59,--,48,70032,买盘
742,13:53:33,14.59,0.01,1,1459,买盘
743,13:53:30,14.58,-0.01,2,2916,卖盘
744,13:53:21,14.59,0.01,10,14590,买盘
745,13:53:15,14.58,-0.01,2,2916,卖盘
746,13:53:12,14.59,0.01,7,10213,买盘
747,13:53:09,14.58,--,110,160380,卖盘
748,13:53:03,14.58,--,3,4374,卖盘
749,13:53:00,14.58,--,101,147258,卖盘
750,13:52:57,14.58,--,2,2916,卖盘
751,13:52:54,14.58,--,4,5832,卖盘
752,13:52:51,14.58,0.01,3,4374,中性盘
753,13:52:48,14.57,-0.01,400,582800,卖盘
754,13:52:42,14.58,--,5,7290,卖盘
755,13:52:39,14.58,0.01,2,2916,中性盘
756,13:52:30,14.57,--,27,39339,卖盘
757,13:52:24,14.57,--,2,2914,卖盘
758,13:52:18,14.57,--,2,2914,卖盘
759,13:52:12,14.57,--,3,4371,卖盘
760,13:52:09,14.57,--,14,20398,卖盘
761,13:52:06,14.57,--,3,4371,卖盘
762,13:52:03,14.57,--,2,2914,卖盘
763,13:51:57,14.57,--,2,2914,卖盘
764,13:51:54,14.57,--,8,11656,卖盘
765,13:51:51,14.57,--,3,4371,卖盘
766,13:51:45,14.57,--,2,2914,卖盘
767,13:51:39,14.57,--,8,11656,卖盘
768,13:51:33,14.57,--,3,4371,卖盘
769,13:51:30,14.57,-0.01,55,80135,卖盘
770,13:51:27,14.58,0.01,30,43740,买盘
771,13:51:24,14.57,--,3,4371,卖盘
772,13:51:18,14.57,--,2,2914,卖盘
773,13:51:15,14.57,-0.01,2,2914,卖盘
774,13:51:12,14.58,0.01,16,23328,买盘
775,13:51:09,14.57,-0.01,500,728500,卖盘
776,13:51:06,14.58,--,3,4374,卖盘
777,13:51:00,14.58,-0.02,12,17496,卖盘
778,13:50:57,14.6,0.02,9,13140,买盘
779,13:50:54,14.58,--,5,7290,卖盘
780,13:50:48,14.58,-0.01,33,48507,卖盘
781,13:50:45,14.59,--,2,2918,卖盘
782,13:50:39,14.59,--,1,1459,卖盘
783,13:50:36,14.59,--,2,2918,卖盘
784,13:50:33,14.59,--,47,69010,买盘
785,13:50:30,14.59,--,10,14590,买盘
786,13:50:27,14.59,--,10,14590,买盘
787,13:50:24,14.59,-0.03,37,55004,卖盘
788,13:50:18,14.62,0.03,7,10234,买盘
789,13:50:15,14.59,-0.03,3,4377,卖盘
790,13:50:12,14.62,0.03,10,14620,买盘
791,13:50:06,14.59,--,17,24803,卖盘
792,13:50:03,14.59,--,23,33557,卖盘
793,13:49:57,14.59,--,8,11672,卖盘
794,13:49:54,14.59,-0.02,14,20426,卖盘
795,13:49:42,14.61,--,1,1461,卖盘
796,13:49:36,14.61,--,1,1461,卖盘
797,13:49:30,14.61,--,6,8766,买盘
798,13:49:27,14.61,0.01,55,80355,买盘
799,13:49:18,14.6,-0.02,50,73000,卖盘
800,13:49:09,14.62,0.02,39,57018,买盘
801,13:48:57,14.6,--,1,1460,卖盘
802,13:48:54,14.6,-0.01,4,5840,卖盘
803,13:48:51,14.61,-0.01,2,2922,卖盘
804,13:48:45,14.62,0.01,1,1462,买盘
805,13:48:36,14.61,--,1,1461,卖盘
806,13:48:15,14.61,0.01,8,11688,买盘
807,13:48:06,14.6,--,39,56940,卖盘
808,13:47:54,14.6,-0.01,4,5840,卖盘
809,13:47:39,14.61,-0.01,2,2922,卖盘
810,13:47:36,14.62,0.02,1,1462,中性盘
811,13:47:24,14.6,-0.01,34,49640,卖盘
812,13:47:18,14.61,--,14,20892,买盘
813,13:47:12,14.61,--,33,48213,买盘
814,13:47:09,14.61,--,10,14610,买盘
815,13:47:06,14.61,--,58,84738,买盘
816,13:47:03,14.61,--,31,45291,卖盘
817,13:47:00,14.61,-0.01,23,33603,卖盘
818,13:46:54,14.62,0.01,4,5848,中性盘
819,13:46:36,14.61,--,25,36525,卖盘
820,13:46:33,14.61,-0.02,23,33603,卖盘
821,13:46:27,14.63,--,20,29260,买盘
822,13:46:24,14.63,--,1,1463,卖盘
823,13:46:21,14.63,0.02,1,1463,中性盘
824,13:46:12,14.61,--,46,67206,卖盘
825,13:46:06,14.61,-0.02,35,51135,卖盘
826,13:46:03,14.63,0.02,44,64372,买盘
827,13:45:57,14.61,-0.01,24,35064,卖盘
828,13:45:54,14.62,-0.01,28,40936,卖盘
829,13:45:48,14.63,-0.02,11,16093,卖盘
830,13:45:42,14.65,--,1,1465,买盘
831,13:45:39,14.65,-0.01,1,1465,买盘
832,13:45:36,14.66,0.03,1,1466,买盘
833,13:45:33,14.63,-0.03,23,33649,卖盘
834,13:45:30,14.66,--,36,52776,买盘
835,13:45:27,14.66,0.01,1,1466,买盘
836,13:45:24,14.65,-0.01,50,73250,卖盘
837,13:45:21,14.66,0.01,12,17592,买盘
838,13:45:18,14.65,-0.01,5,7325,卖盘
839,13:45:15,14.66,0.01,7,10262,买盘
840,13:45:12,14.65,--,8,11720,卖盘
841,13:45:06,14.65,--,2,2930,卖盘
842,13:45:03,14.65,--,29,42485,卖盘
843,13:44:57,14.65,--,1,1465,卖盘
844,13:44:54,14.65,--,5,7325,卖盘
845,13:44:48,14.65,0.02,7,10255,买盘
846,13:44:33,14.63,--,35,51205,卖盘
847,13:44:27,14.63,-0.03,1,1463,卖盘
848,13:44:21,14.66,--,1,1466,买盘
849,13:44:18,14.66,--,1,1466,买盘
850,13:44:15,14.66,0.03,1,1466,买盘
851,13:44:03,14.63,--,10,14630,卖盘
852,13:43:54,14.63,--,4,5852,中性盘
853,13:43:33,14.63,0.01,1,1463,中性盘
854,13:43:18,14.62,-0.04,4,5848,卖盘
855,13:43:15,14.66,0.04,4,5864,买盘
856,13:43:12,14.62,--,26,38012,卖盘
857,13:43:03,14.62,-0.04,15,21930,卖盘
858,13:42:57,14.66,0.05,23,33718,买盘
859,13:42:54,14.61,-0.01,27,39447,卖盘
860,13:42:51,14.62,-0.01,24,35088,中性盘
861,13:42:48,14.63,0.01,37,54131,买盘
862,13:42:39,14.62,--,50,73100,买盘
863,13:42:36,14.62,--,23,33626,买盘
864,13:42:33,14.62,0.01,27,39474,买盘
865,13:42:24,14.61,0.01,1,1461,买盘
866,13:42:15,14.6,--,6,8760,卖盘
867,13:42:12,14.6,--,290,423400,卖盘
868,13:42:09,14.6,--,6,8760,卖盘
869,13:42:03,14.6,--,19,27740,卖盘
870,13:41:54,14.6,--,4,5840,卖盘
871,13:41:42,14.6,--,3,4380,卖盘
872,13:41:39,14.6,--,5,7300,卖盘
873,13:41:36,14.6,0.01,39,56940,买盘
874,13:41:33,14.59,--,51,74409,卖盘
875,13:41:30,14.59,-0.01,31,45229,卖盘
876,13:41:27,14.6,0.01,1,1460,买盘
877,13:41:21,14.59,-0.01,204,297636,卖盘
878,13:41:15,14.6,0.01,2,2920,买盘
879,13:41:09,14.59,--,14,20426,卖盘
880,13:41:03,14.59,--,143,208637,卖盘
881,13:40:57,14.59,--,4,5836,卖盘
882,13:40:54,14.59,--,4,5836,卖盘
883,13:40:51,14.59,--,3,4377,卖盘
884,13:40:45,14.59,--,10,14590,卖盘
885,13:40:42,14.59,--,10,14590,卖盘
886,13:40:39,14.59,--,2,2918,卖盘
887,13:40:36,14.59,--,25,36475,卖盘
888,13:40:33,14.59,--,3,4377,卖盘
889,13:40:30,14.59,--,166,242194,卖盘
890,13:40:27,14.59,-0.01,2,2918,卖盘
891,13:40:21,14.6,--,38,55480,卖盘
892,13:40:18,14.6,-0.02,2,2920,卖盘
893,13:40:12,14.62,0.02,2,2924,买盘
894,13:40:09,14.6,--,3,4380,卖盘
895,13:40:06,14.6,--,2,2920,卖盘
896,13:40:03,14.6,--,15,21900,卖盘
897,13:39:54,14.6,--,6,8760,卖盘
898,13:39:48,14.6,--,3,4380,卖盘
899,13:39:42,14.6,-0.02,2,2920,卖盘
900,13:39:39,14.62,0.02,9,13158,买盘
901,13:39:33,14.6,--,3,4380,卖盘
902,13:39:30,14.6,--,21,30660,卖盘
903,13:39:27,14.6,-0.02,34,49640,卖盘
904,13:39:24,14.62,0.02,6,8772,买盘
905,13:39:18,14.6,--,53,77380,卖盘
906,13:39:12,14.6,--,2,2920,卖盘
907,13:39:09,14.6,--,2,2920,卖盘
908,13:39:00,14.6,--,56,81760,卖盘
909,13:38:57,14.6,--,3,4380,卖盘
910,13:38:51,14.6,--,2,2920,卖盘
911,13:38:45,14.6,--,2,2920,卖盘
912,13:38:39,14.6,--,3,4380,卖盘
913,13:38:33,14.6,--,2,2920,卖盘
914,13:38:30,14.6,--,83,121180,卖盘
915,13:38:27,14.6,-0.01,2,2920,卖盘
916,13:38:18,14.61,--,3,4383,卖盘
917,13:38:12,14.61,0.01,2,2922,卖盘
918,13:38:09,14.6,--,1,1460,卖盘
919,13:38:06,14.6,-0.02,2,2920,卖盘
920,13:38:00,14.62,--,3,4386,卖盘
921,13:37:54,14.62,0.01,2,2924,卖盘
922,13:37:51,14.61,0.01,5,7305,买盘
923,13:37:45,14.6,--,2,2920,卖盘
924,13:37:42,14.6,--,3,4380,卖盘
925,13:37:39,14.6,--,10,14600,卖盘
926,13:37:36,14.6,--,4,5840,卖盘
927,13:37:30,14.6,--,121,176660,卖盘
928,13:37:27,14.6,-0.01,15,21900,卖盘
929,13:37:21,14.61,0.01,5,7305,买盘
930,13:37:18,14.6,-0.01,3,4380,卖盘
931,13:37:15,14.61,0.01,9,13149,买盘
932,13:37:09,14.6,--,2,2920,卖盘
933,13:37:03,14.6,--,6,8760,卖盘
934,13:37:00,14.6,--,163,237980,卖盘
935,13:36:51,14.6,--,3,4380,卖盘
936,13:36:45,14.6,--,2,2920,卖盘
937,13:36:39,14.6,--,5,7300,卖盘
938,13:36:36,14.6,--,2,2920,卖盘
939,13:36:27,14.6,-0.01,33,48180,卖盘
940,13:36:24,14.61,--,1,1461,卖盘
941,13:36:21,14.61,0.01,2,2922,卖盘
942,13:36:15,14.6,--,3,4380,卖盘
943,13:36:12,14.6,--,3,4380,卖盘
944,13:36:09,14.6,--,2,2920,卖盘
945,13:36:00,14.6,-0.04,314,458440,卖盘
946,13:35:57,14.64,--,2,2928,卖盘
947,13:35:51,14.64,--,2,2928,卖盘
948,13:35:48,14.64,--,2,2928,卖盘
949,13:35:45,14.64,-0.01,65,95160,卖盘
950,13:35:33,14.65,--,27,39555,卖盘
951,13:35:27,14.65,--,25,36625,卖盘
952,13:35:21,14.65,--,2,2930,卖盘
953,13:35:18,14.65,0.01,85,124525,卖盘
954,13:35:15,14.64,-0.01,3,4392,卖盘
955,13:35:09,14.65,0.01,6,8790,买盘
956,13:35:03,14.64,-0.01,5,7320,卖盘
957,13:35:00,14.65,--,4,5860,中性盘
958,13:34:57,14.65,--,4,5860,卖盘
959,13:34:51,14.65,--,3,4395,买盘
960,13:34:45,14.65,--,1,1465,卖盘
961,13:34:36,14.65,--,3,4395,卖盘
962,13:34:33,14.65,--,2,2930,卖盘
963,13:34:27,14.65,-0.01,2,2930,卖盘
964,13:34:18,14.66,0.01,29,42514,买盘
965,13:34:09,14.65,--,9,13185,买盘
966,13:33:57,14.65,0.01,87,127455,买盘
967,13:33:48,14.64,--,77,112728,买盘
968,13:33:39,14.64,0.01,10,14640,买盘
969,13:33:36,14.63,0.02,22,32186,买盘
970,13:33:27,14.61,-0.03,3,4383,卖盘
971,13:33:21,14.64,--,5,7320,买盘
972,13:33:18,14.64,0.01,50,73200,买盘
973,13:33:15,14.63,--,19,27797,买盘
974,13:33:12,14.63,-0.01,9,13167,卖盘
975,13:33:09,14.64,0.01,27,39528,买盘
976,13:33:06,14.63,--,1,1463,卖盘
977,13:32:57,14.63,-0.01,1,1463,卖盘
978,13:32:54,14.64,0.04,4,5856,买盘
979,13:32:30,14.6,-0.04,13,18980,卖盘
980,13:32:27,14.64,--,21,30744,买盘
981,13:32:15,14.64,0.05,50,73200,买盘
982,13:31:57,14.59,--,12,17508,卖盘
983,13:31:45,14.59,--,63,92850,卖盘
984,13:31:39,14.59,-0.01,17,24803,卖盘
985,13:31:30,14.6,0.01,9,13140,买盘
986,13:31:27,14.59,-0.01,22,32098,卖盘
987,13:31:21,14.6,--,4,5840,买盘
988,13:31:15,14.6,0.01,3,4380,买盘
989,13:31:12,14.59,-0.01,4,5836,卖盘
990,13:31:09,14.6,--,2,2920,买盘
991,13:31:03,14.6,--,13,18980,买盘
992,13:30:57,14.6,-0.01,204,297840,卖盘
993,13:30:54,14.61,--,5,7305,买盘
994,13:30:36,14.61,--,50,73050,买盘
995,13:30:30,14.61,0.01,30,43830,买盘
996,13:30:27,14.6,--,79,115340,卖盘
997,13:30:24,14.6,-0.01,3,4380,卖盘
998,13:30:09,14.61,--,1,1461,买盘
999,13:30:00,14.61,--,31,45816,卖盘
1000,13:29:57,14.61,-0.01,10,14610,卖盘
1001,13:29:54,14.62,0.01,3,4386,买盘
1002,13:29:24,14.61,--,14,20454,卖盘
1003,13:29:18,14.61,-0.01,5,7305,卖盘
1004,13:29:06,14.62,--,1,1462,买盘
1005,13:28:54,14.62,--,67,97954,买盘
1006,13:28:48,14.62,--,2,2924,买盘
1007,13:28:42,14.62,0.01,40,58480,买盘
1008,13:28:24,14.61,--,30,43830,卖盘
1009,13:28:15,14.61,-0.01,10,14610,卖盘
1010,13:28:12,14.62,0.01,7,10234,买盘
1011,13:28:09,14.61,-0.01,1,1461,卖盘
1012,13:28:06,14.62,--,23,33626,买盘
1013,13:28:03,14.62,0.01,151,221697,买盘
1014,13:28:00,14.61,--,7,10227,买盘
1015,13:27:57,14.61,0.01,53,77433,买盘
1016,13:27:54,14.6,--,62,90520,卖盘
1017,13:27:45,14.6,-0.01,200,292000,卖盘
1018,13:27:42,14.61,0.01,23,33603,买盘
1019,13:27:39,14.6,-0.01,20,29200,卖盘
1020,13:27:33,14.61,0.01,2,2922,买盘
1021,13:27:30,14.6,--,5,7300,卖盘
1022,13:27:21,14.6,--,190,277400,卖盘
1023,13:27:18,14.6,--,48,70080,卖盘
1024,13:27:15,14.6,--,30,43800,卖盘
1025,13:27:06,14.6,-0.01,42,61320,卖盘
1026,13:26:51,14.61,0.01,308,449988,买盘
1027,13:26:21,14.6,-0.01,434,633640,卖盘
1028,13:26:12,14.61,0.01,3,4383,买盘
1029,13:26:06,14.6,-0.01,20,29200,卖盘
1030,13:25:51,14.61,--,2,3447,卖盘
1031,13:25:48,14.61,-0.01,66,96426,卖盘
1032,13:25:45,14.62,--,10,14620,买盘
1033,13:25:42,14.62,0.01,2,2924,买盘
1034,13:25:33,14.61,--,133,195248,卖盘
1035,13:25:30,14.61,--,46,67206,卖盘
1036,13:25:24,14.61,-0.01,23,33603,卖盘
1037,13:25:18,14.62,--,2,2924,卖盘
1038,13:25:15,14.62,-0.05,23,33626,卖盘
1039,13:25:00,14.67,0.01,50,73350,买盘
1040,13:24:51,14.66,0.05,61,89426,买盘
1041,13:24:48,14.61,--,77,112497,卖盘
1042,13:24:42,14.61,-0.04,23,33603,卖盘
1043,13:24:39,14.65,0.02,27,39555,买盘
1044,13:24:36,14.63,-0.01,69,101971,卖盘
1045,13:24:33,14.64,-0.01,5,7612,卖盘
1046,13:24:21,14.65,0.01,7,10255,买盘
1047,13:24:18,14.64,-0.01,3,4392,中性盘
1048,13:23:57,14.65,0.02,12,17580,买盘
1049,13:23:51,14.63,--,1,1463,卖盘
1050,13:23:45,14.63,0.01,1,1463,买盘
1051,13:23:42,14.62,--,23,33626,卖盘
1052,13:23:24,14.62,--,5,7310,卖盘
1053,13:23:18,14.62,--,20,29240,卖盘
1054,13:22:48,14.62,--,22,32164,卖盘
1055,13:22:45,14.62,0.01,0,1008,中性盘
1056,13:22:24,14.61,--,10,14610,卖盘
1057,13:22:18,14.61,--,43,62823,卖盘
1058,13:22:15,14.61,--,4,5844,卖盘
1059,13:21:51,14.61,--,23,33603,卖盘
1060,13:21:48,14.61,--,32,46752,卖盘
1061,13:21:45,14.61,--,4,5844,卖盘
1062,13:21:39,14.61,-0.01,50,73050,卖盘
1063,13:21:18,14.62,-0.02,24,35088,卖盘
1064,13:21:15,14.64,--,9,13176,买盘
1065,13:21:09,14.64,0.03,9,13176,买盘
1066,13:21:06,14.61,--,2,2922,卖盘
1067,13:21:03,14.61,-0.03,51,74511,卖盘
1068,13:21:00,14.64,0.03,12,17568,买盘
1069,13:20:48,14.61,--,27,39447,卖盘
1070,13:20:42,14.61,--,6,8766,卖盘
1071,13:20:18,14.61,--,42,61362,卖盘
1072,13:19:54,14.61,--,12,17532,卖盘
1073,13:19:48,14.61,--,56,81816,卖盘
1074,13:19:18,14.61,-0.04,55,80355,卖盘
1075,13:18:57,14.65,--,39,57135,卖盘
1076,13:18:54,14.65,--,15,21975,卖盘
1077,13:18:48,14.65,--,22,32230,卖盘
1078,13:18:42,14.65,0.03,88,128920,买盘
1079,13:18:27,14.62,--,22,32164,卖盘
1080,13:18:18,14.62,--,23,33626,卖盘
1081,13:18:15,14.62,--,30,43860,卖盘
1082,13:18:06,14.62,--,3,4386,卖盘
1083,13:18:00,14.62,--,17,24854,卖盘
1084,13:17:48,14.62,-0.03,23,33626,卖盘
1085,13:17:27,14.65,0.02,3,4395,买盘
1086,13:17:15,14.63,0.01,6,8778,中性盘
1087,13:17:06,14.62,-0.03,107,156434,卖盘
1088,13:17:03,14.65,0.02,60,87900,买盘
1089,13:16:54,14.63,--,2,2926,卖盘
1090,13:16:48,14.63,--,7,10241,卖盘
1091,13:16:42,14.63,--,50,73150,卖盘
1092,13:16:33,14.63,--,10,14630,卖盘
1093,13:16:24,14.63,--,2,2926,卖盘
1094,13:16:15,14.63,0.01,24,35112,中性盘
1095,13:16:03,14.62,-0.01,30,43860,卖盘
1096,13:15:54,14.63,--,9,13167,卖盘
1097,13:15:51,14.63,0.01,4,5852,中性盘
1098,13:15:45,14.62,--,101,147662,卖盘
1099,13:15:36,14.62,-0.02,21,30702,卖盘
1100,13:15:30,14.64,0.01,1,2635,卖盘
1101,13:15:21,14.63,--,6,9070,买盘
1102,13:15:18,14.63,--,2,2926,买盘
1103,13:15:15,14.63,--,9,14337,卖盘
1104,13:15:12,14.63,-0.02,47,69053,卖盘
1105,13:15:09,14.65,0.02,12,17580,买盘
1106,13:15:03,14.63,--,23,33649,卖盘
1107,13:14:57,14.63,--,10,14630,卖盘
1108,13:14:51,14.63,-0.01,23,33649,卖盘
1109,13:14:48,14.64,--,4,7027,卖盘
1110,13:14:45,14.64,--,11,16104,卖盘
1111,13:14:42,14.64,--,23,33672,卖盘
1112,13:14:36,14.64,-0.01,10,14640,卖盘
1113,13:14:33,14.65,0.01,2,2930,买盘
1114,13:14:24,14.64,--,2,2928,卖盘
1115,13:14:21,14.64,--,1,1756,卖盘
1116,13:14:15,14.64,-0.01,13,19032,卖盘
1117,13:14:09,14.65,0.01,13,19045,中性盘
1118,13:13:45,14.64,--,8,11712,卖盘
1119,13:13:27,14.64,-0.01,51,74664,卖盘
1120,13:13:18,14.65,--,24,35160,卖盘
1121,13:13:15,14.65,--,12,17580,卖盘
1122,13:13:12,14.65,-0.02,4,5860,卖盘
1123,13:13:00,14.67,0.02,4,5868,买盘
1124,13:12:54,14.65,--,2,2930,卖盘
1125,13:12:45,14.65,--,17,24905,卖盘
1126,13:12:24,14.65,--,20,29300,卖盘
1127,13:12:21,14.65,--,14,20510,卖盘
1128,13:12:15,14.65,--,31,45415,卖盘
1129,13:11:54,14.65,--,6,8790,卖盘
1130,13:11:45,14.65,-0.03,1,1465,中性盘
1131,13:11:18,14.68,--,33,49310,卖盘
1132,13:11:15,14.68,--,13,19084,卖盘
1133,13:11:00,14.68,0.04,156,229609,买盘
1134,13:10:48,14.64,-0.03,622,911471,卖盘
1135,13:10:45,14.67,--,1,1467,卖盘
1136,13:10:42,14.67,0.01,2,2934,卖盘
1137,13:10:24,14.66,--,3,4398,卖盘
1138,13:10:21,14.66,--,9,13194,卖盘
1139,13:10:12,14.66,-0.02,6,8796,卖盘
1140,13:10:06,14.68,-0.01,18,26424,卖盘
1141,13:10:00,14.69,0.03,9,13221,买盘
1142,13:09:42,14.66,-0.02,6,8796,卖盘
1143,13:09:27,14.68,0.02,5,7340,买盘
1144,13:09:21,14.66,-0.01,41,60106,卖盘
1145,13:09:12,14.67,-0.01,5,7335,卖盘
1146,13:09:09,14.68,0.01,3,4404,买盘
1147,13:09:00,14.67,0.01,2,2934,卖盘
1148,13:08:51,14.66,-0.02,26,38116,卖盘
1149,13:08:36,14.68,--,3,4404,卖盘
1150,13:08:27,14.68,--,2,2936,卖盘
1151,13:08:21,14.68,0.02,16,23488,买盘
1152,13:08:18,14.66,-0.01,2,2932,卖盘
1153,13:08:09,14.67,--,7,10269,卖盘
1154,13:08:03,14.67,-0.01,3,4401,卖盘
1155,13:07:42,14.68,--,2,3684,卖盘
1156,13:07:39,14.68,--,2,2936,卖盘
1157,13:07:27,14.68,--,3,4404,卖盘
1158,13:07:09,14.68,--,32,46976,卖盘
1159,13:07:06,14.68,-0.02,8,11744,卖盘
1160,13:06:51,14.7,--,3,4410,买盘
1161,13:06:36,14.7,--,1,1470,卖盘
1162,13:06:27,14.7,0.01,4,5880,买盘
1163,13:06:09,14.69,0.01,1,1469,中性盘
1164,13:05:57,14.68,--,3,4404,卖盘
1165,13:05:54,14.68,--,0,719,卖盘
1166,13:05:39,14.68,--,6,8808,卖盘
1167,13:05:33,14.68,0.02,2,2936,中性盘
1168,13:05:24,14.66,--,2,2932,卖盘
1169,13:05:09,14.66,-0.04,9,13194,卖盘
1170,13:05:03,14.7,0.04,4,5880,买盘
1171,13:05:00,14.66,--,3,4398,卖盘
1172,13:04:51,14.66,--,23,33718,卖盘
1173,13:04:45,14.66,-0.02,2,2932,卖盘
1174,13:04:42,14.68,0.02,3,4404,买盘
1175,13:04:39,14.66,--,13,19058,卖盘
1176,13:04:36,14.66,--,5,7330,卖盘
1177,13:04:33,14.66,--,5,7330,卖盘
1178,13:04:27,14.66,-0.01,2,2932,卖盘
1179,13:04:21,14.67,--,5,7335,买盘
1180,13:04:09,14.67,--,4,5868,卖盘
1181,13:04:06,14.67,--,24,35208,卖盘
1182,13:03:39,14.67,0.01,24,35208,买盘
1183,13:03:36,14.66,--,3,4398,卖盘
1184,13:03:30,14.66,--,2,2932,卖盘
1185,13:03:18,14.66,--,7,10262,卖盘
1186,13:03:15,14.66,--,3,4398,卖盘
1187,13:03:09,14.66,--,56,82096,卖盘
1188,13:03:06,14.66,-0.01,112,164192,卖盘
1189,13:02:42,14.67,--,28,41076,卖盘
1190,13:02:36,14.67,--,4,5868,卖盘
1191,13:02:33,14.67,--,3,4401,卖盘
1192,13:02:30,14.67,--,8,11736,卖盘
1193,13:02:21,14.67,--,7,10269,卖盘
1194,13:02:18,14.67,--,6,8802,买盘
1195,13:02:09,14.67,0.01,10,14670,买盘
1196,13:02:06,14.66,-0.01,79,115814,卖盘
1197,13:02:00,14.67,0.01,14,20538,买盘
1198,13:01:57,14.66,--,382,560012,卖盘
1199,13:01:51,14.66,-0.02,23,33718,卖盘
1200,13:01:48,14.68,0.02,1,1468,买盘
1201,13:01:45,14.66,--,23,33718,卖盘
1202,13:01:42,14.66,-0.01,76,111416,卖盘
1203,13:01:36,14.67,-0.01,45,66015,卖盘
1204,13:01:30,14.68,0.02,4,5872,中性盘
1205,13:01:09,14.66,--,23,33718,卖盘
1206,13:01:06,14.66,-0.01,599,878134,卖盘
1207,13:01:03,14.67,--,52,76284,卖盘
1208,13:01:00,14.67,--,88,129096,卖盘
1209,13:00:54,14.67,-0.04,23,33741,卖盘
1210,13:00:51,14.71,0.04,70,102970,买盘
1211,13:00:48,14.67,--,23,33741,卖盘
1212,13:00:42,14.67,-0.04,23,33741,卖盘
1213,13:00:39,14.71,0.03,43,64003,买盘
1214,13:00:33,14.68,-0.03,7,10276,卖盘
1215,13:00:21,14.71,0.03,2,2942,买盘
1216,13:00:15,14.68,-0.03,33,48444,卖盘
1217,13:00:12,14.71,--,22,32362,卖盘
1218,13:00:09,14.71,--,6,8826,卖盘
1219,13:00:06,14.71,--,357,525147,卖盘
1220,13:00:03,14.71,0.01,101,148571,买盘
1221,13:00:00,14.7,--,0,0,卖盘
1222,11:30:00,14.7,--,0,0,卖盘
1223,11:29:42,14.7,-0.01,4,5880,卖盘
1224,11:29:30,14.71,--,3,4413,买盘
1225,11:29:18,14.71,0.01,1,1471,买盘
1226,11:29:12,14.7,-0.01,3,4410,中性盘
1227,11:28:48,14.71,--,18,26478,买盘
1228,11:28:45,14.71,0.02,201,295671,买盘
1229,11:28:39,14.69,-0.01,16,23504,卖盘
1230,11:28:24,14.7,0.01,4,5880,买盘
1231,11:28:21,14.69,--,10,14690,卖盘
1232,11:28:09,14.69,--,31,45539,卖盘
1233,11:28:06,14.69,--,10,14690,卖盘
1234,11:27:48,14.69,--,5,7345,买盘
1235,11:27:45,14.69,--,5,7345,卖盘
1236,11:27:39,14.69,--,1,1469,卖盘
1237,11:27:24,14.69,--,53,77857,卖盘
1238,11:27:15,14.69,--,51,74919,卖盘
1239,11:27:09,14.69,-0.01,44,64636,卖盘
1240,11:27:00,14.7,0.01,23,33810,买盘
1241,11:26:54,14.69,-0.01,41,60229,卖盘
1242,11:26:45,14.7,0.01,9,13230,买盘
1243,11:26:39,14.69,--,96,141024,卖盘
1244,11:26:36,14.69,--,35,51415,卖盘
1245,11:26:09,14.69,--,137,201253,卖盘
1246,11:25:42,14.69,--,4,5876,卖盘
1247,11:25:39,14.69,--,198,290862,卖盘
1248,11:25:33,14.69,--,5,7345,卖盘
1249,11:25:24,14.69,-0.01,11,16159,卖盘
1250,11:25:21,14.7,0.01,3,4410,买盘
1251,11:25:15,14.69,--,1,1469,买盘
1252,11:25:12,14.69,--,4,5876,卖盘
1253,11:25:09,14.69,0.01,1,1469,中性盘
1254,11:25:06,14.68,-0.01,60,88080,卖盘
1255,11:25:00,14.69,0.01,59,86671,买盘
1256,11:24:57,14.68,-0.01,19,28141,卖盘
1257,11:24:51,14.69,--,16,23974,卖盘
1258,11:24:42,14.69,--,7,10283,卖盘
1259,11:24:39,14.69,-0.01,7,10283,卖盘
1260,11:24:30,14.7,--,20,29400,买盘
1261,11:24:24,14.7,--,8,11760,买盘
1262,11:24:18,14.7,0.01,9,13230,买盘
1263,11:24:09,14.69,--,7,10283,卖盘
1264,11:24:03,14.69,--,36,52884,买盘
1265,11:23:51,14.69,--,5,7345,中性盘
1266,11:23:39,14.69,--,1,1469,卖盘
1267,11:23:24,14.69,-0.01,23,33787,卖盘
1268,11:23:15,14.7,-0.01,6,8820,卖盘
1269,11:23:12,14.71,--,3,4413,买盘
1270,11:23:06,14.71,-0.01,50,73550,卖盘
1271,11:22:57,14.72,--,18,26496,卖盘
1272,11:22:39,14.72,--,1,1472,卖盘
1273,11:22:21,14.72,--,4,5888,买盘
1274,11:22:15,14.72,--,1,1472,买盘
1275,11:22:12,14.72,0.01,27,39744,买盘
1276,11:22:09,14.71,--,1,1471,卖盘
1277,11:21:54,14.71,-0.01,23,33833,卖盘
1278,11:21:45,14.72,0.01,9,13248,买盘
1279,11:21:39,14.71,-0.01,13,19123,卖盘
1280,11:21:18,14.72,--,3,4416,买盘
1281,11:21:06,14.72,--,12,17664,卖盘
1282,11:20:54,14.72,--,10,14720,卖盘
1283,11:20:48,14.72,-0.01,18,26496,卖盘
1284,11:20:42,14.73,0.01,12,17676,买盘
1285,11:20:39,14.72,-0.02,16,23552,卖盘
1286,11:20:33,14.74,--,4,5896,买盘
1287,11:20:30,14.74,--,6,8844,买盘
1288,11:20:27,14.74,--,1,1474,买盘
1289,11:20:15,14.74,0.01,1,1474,买盘
1290,11:20:09,14.73,--,25,36825,卖盘
1291,11:20:03,14.73,--,16,23568,买盘
1292,11:20:00,14.73,0.02,175,257775,买盘
1293,11:19:57,14.71,--,113,166223,买盘
1294,11:19:54,14.71,--,94,138274,买盘
1295,11:19:51,14.71,--,121,177991,买盘
1296,11:19:48,14.71,--,138,202998,买盘
1297,11:19:45,14.71,0.02,80,117680,买盘
1298,11:19:42,14.69,--,40,58760,卖盘
1299,11:19:39,14.69,-0.02,11,16159,卖盘
1300,11:19:36,14.71,0.01,73,107383,买盘
1301,11:19:27,14.7,--,2,2940,买盘
1302,11:19:24,14.7,0.01,46,67620,买盘
1303,11:19:09,14.69,-0.01,16,23504,卖盘
1304,11:19:06,14.7,0.01,3,4410,买盘
1305,11:19:03,14.69,--,2,2938,卖盘
1306,11:18:51,14.69,--,9,13221,卖盘
1307,11:18:45,14.69,--,7,10283,卖盘
1308,11:18:36,14.69,--,30,44070,卖盘
1309,11:18:18,14.69,--,2,2938,卖盘
1310,11:18:06,14.69,--,38,55822,卖盘
1311,11:18:03,14.69,-0.01,2,2938,卖盘
1312,11:17:57,14.7,0.01,20,29400,买盘
1313,11:17:48,14.69,--,2,2938,卖盘
1314,11:17:42,14.69,-0.01,4,5876,卖盘
1315,11:17:39,14.7,0.01,5,7350,买盘
1316,11:17:36,14.69,--,9,13221,卖盘
1317,11:17:33,14.69,-0.01,3,4407,卖盘
1318,11:17:27,14.7,--,10,14700,买盘
1319,11:17:24,14.7,--,77,113190,卖盘
1320,11:17:21,14.7,--,1,1470,卖盘
1321,11:17:18,14.7,--,15,22050,卖盘
1322,11:17:15,14.7,--,8,11760,卖盘
1323,11:17:09,14.7,-0.01,20,29400,卖盘
1324,11:17:06,14.71,0.02,15,22065,买盘
1325,11:16:54,14.69,--,2,2938,卖盘
1326,11:16:42,14.69,-0.02,3,4407,卖盘
1327,11:16:39,14.71,0.02,20,29420,买盘
1328,11:16:36,14.69,-0.02,4,5876,卖盘
1329,11:16:30,14.71,0.02,6,8826,买盘
1330,11:16:06,14.69,-0.02,5,7345,卖盘
1331,11:16:00,14.71,--,5,7355,买盘
1332,11:15:57,14.71,-0.01,18,26478,卖盘
1333,11:15:51,14.72,--,1,1472,买盘
1334,11:15:42,14.72,0.01,1,1472,买盘
1335,11:15:36,14.71,--,6,8826,卖盘
1336,11:15:33,14.71,-0.01,4,5884,中性盘
1337,11:15:15,14.72,0.03,20,29440,买盘
1338,11:15:06,14.69,0.01,5,7345,中性盘
1339,11:14:54,14.68,--,10,14680,卖盘
1340,11:14:36,14.68,--,91,133588,卖盘
1341,11:14:33,14.68,--,193,283940,买盘
1342,11:14:30,14.68,--,136,199648,买盘
1343,11:14:15,14.68,-0.03,70,103611,卖盘
1344,11:14:12,14.71,0.02,39,57369,买盘
1345,11:14:06,14.69,-0.02,28,41132,卖盘
1346,11:14:03,14.71,--,57,83847,买盘
1347,11:13:57,14.71,0.03,6,8826,买盘
1348,11:13:51,14.68,-0.03,30,44040,卖盘
1349,11:13:45,14.71,0.03,23,33833,买盘
1350,11:13:36,14.68,-0.03,18,26424,卖盘
1351,11:13:33,14.71,--,20,29420,买盘
1352,11:13:27,14.71,0.01,182,267722,买盘
1353,11:13:24,14.7,0.02,91,133770,买盘
1354,11:13:21,14.68,-0.02,25,36700,卖盘
1355,11:13:09,14.7,0.02,4,5880,买盘
1356,11:13:06,14.68,-0.01,40,58720,卖盘
1357,11:13:03,14.69,--,2,2938,买盘
1358,11:12:57,14.69,-0.01,5,7345,中性盘
1359,11:12:39,14.7,0.01,59,87700,买盘
1360,11:12:36,14.69,--,9,13221,卖盘
1361,11:12:21,14.69,--,1,1469,卖盘
1362,11:12:18,14.69,-0.01,3,4407,卖盘
1363,11:12:15,14.7,0.02,92,135240,买盘
1364,11:12:06,14.68,--,32,46976,卖盘
1365,11:12:00,14.68,--,3,4404,卖盘
1366,11:11:57,14.68,--,10,14680,卖盘
1367,11:11:54,14.68,--,25,36700,卖盘
1368,11:11:48,14.68,--,3,4404,卖盘
1369,11:11:39,14.68,--,2,2936,卖盘
1370,11:11:36,14.68,--,8,11744,卖盘
1371,11:11:33,14.68,--,2,2936,卖盘
1372,11:11:24,14.68,--,3,4404,卖盘
1373,11:11:18,14.68,--,2,2936,卖盘
1374,11:11:15,14.68,--,2,2936,卖盘
1375,11:11:09,14.68,--,3,4404,卖盘
1376,11:11:06,14.68,--,15,22020,卖盘
1377,11:11:03,14.68,--,2,2936,卖盘
1378,11:10:54,14.68,-0.02,25,36700,卖盘
1379,11:10:51,14.7,0.02,3,4410,买盘
1380,11:10:48,14.68,--,46,67528,卖盘
1381,11:10:45,14.68,-0.01,26,39342,卖盘
1382,11:10:39,14.69,0.01,63,92547,买盘
1383,11:10:36,14.68,-0.01,70,102760,卖盘
1384,11:10:30,14.69,--,16,23504,卖盘
1385,11:10:27,14.69,-0.01,2,2938,卖盘
1386,11:10:18,14.7,--,4,5880,买盘
1387,11:10:15,14.7,0.02,26,38220,买盘
1388,11:10:06,14.68,-0.02,83,121844,卖盘
1389,11:10:00,14.7,--,4,5880,买盘
1390,11:09:57,14.7,0.02,51,74970,买盘
1391,11:09:54,14.68,--,64,95361,买盘
1392,11:09:39,14.68,--,339,497710,卖盘
1393,11:09:36,14.68,-0.02,75,110100,卖盘
1394,11:09:27,14.7,0.02,66,97020,中性盘
1395,11:09:15,14.68,-0.02,216,317088,卖盘
1396,11:09:12,14.7,--,51,74970,买盘
1397,11:09:09,14.7,--,5,7350,买盘
1398,11:09:06,14.7,--,48,70560,买盘
1399,11:09:03,14.7,--,56,82320,买盘
1400,11:08:54,14.7,--,13,19110,买盘
1401,11:08:51,14.7,0.01,3,4410,买盘
1402,11:08:42,14.69,--,20,29380,卖盘
1403,11:08:36,14.69,-0.01,4,5876,卖盘
1404,11:08:27,14.7,-0.01,113,166404,卖盘
1405,11:08:24,14.71,0.01,6,8826,买盘
1406,11:08:18,14.7,--,2,4116,卖盘
1407,11:08:15,14.7,--,40,58800,卖盘
1408,11:08:12,14.7,--,17,24990,卖盘
1409,11:08:06,14.7,-0.01,74,108780,卖盘
1410,11:07:54,14.71,--,142,208882,卖盘
1411,11:07:45,14.71,--,10,14710,卖盘
1412,11:07:36,14.71,--,118,173578,卖盘
1413,11:07:33,14.71,-0.01,145,213295,卖盘
1414,11:07:30,14.72,0.01,15,22080,买盘
1415,11:07:27,14.71,--,260,382460,卖盘
1416,11:07:21,14.71,--,8,11768,卖盘
1417,11:07:18,14.71,--,20,29420,卖盘
1418,11:07:06,14.71,-0.01,292,429532,卖盘
1419,11:07:00,14.72,--,6,8832,买盘
1420,11:06:54,14.72,--,492,724224,卖盘
1421,11:06:48,14.72,--,1,1472,卖盘
1422,11:06:45,14.72,-0.01,200,294400,卖盘
1423,11:06:42,14.73,0.01,3,4419,买盘
1424,11:06:33,14.72,--,291,428352,卖盘
1425,11:06:09,14.72,-0.01,46,67712,卖盘
1426,11:06:03,14.73,--,9,13257,卖盘
1427,11:06:00,14.73,--,23,33879,卖盘
1428,11:05:51,14.73,-0.01,59,86907,卖盘
1429,11:05:48,14.74,0.01,20,29480,买盘
1430,11:05:42,14.73,--,5,7365,卖盘
1431,11:05:36,14.73,--,54,79542,卖盘
1432,11:05:33,14.73,--,25,36825,卖盘
1433,11:05:30,14.73,-0.02,3,4419,卖盘
1434,11:05:27,14.75,0.02,20,29500,买盘
1435,11:05:12,14.73,-0.03,151,222423,卖盘
1436,11:05:09,14.76,0.01,17,25092,买盘
1437,11:05:06,14.75,--,9,13275,卖盘
1438,11:05:00,14.75,-0.01,20,29500,卖盘
1439,11:04:51,14.76,0.01,17,25092,买盘
1440,11:04:48,14.75,--,34,50150,卖盘
1441,11:04:45,14.75,0.01,208,306800,买盘
1442,11:04:42,14.74,-0.01,56,82544,卖盘
1443,11:04:39,14.75,0.01,6,8850,买盘
1444,11:04:33,14.74,-0.01,50,73700,卖盘
1445,11:04:30,14.75,0.02,40,59000,买盘
1446,11:04:27,14.73,0.01,40,58920,中性盘
1447,11:04:21,14.72,-0.02,10,14720,卖盘
1448,11:04:18,14.74,-0.01,4,5896,中性盘
1449,11:04:15,14.75,--,5,7375,买盘
1450,11:04:12,14.75,--,13,19175,买盘
1451,11:04:00,14.75,--,100,147500,买盘
1452,11:03:54,14.75,--,30,44250,买盘
1453,11:03:42,14.75,--,2,2950,买盘
1454,11:03:36,14.75,--,13,19175,买盘
1455,11:03:27,14.75,0.04,5,7375,中性盘
1456,11:03:24,14.71,-0.04,156,229476,卖盘
1457,11:03:21,14.75,--,2,2950,卖盘
1458,11:03:15,14.75,--,14,20650,卖盘
1459,11:03:12,14.75,-0.01,28,41300,卖盘
1460,11:03:09,14.76,0.01,12,17712,买盘
1461,11:03:06,14.75,-0.01,34,50150,卖盘
1462,11:03:03,14.76,--,31,45756,买盘
1463,11:03:00,14.76,--,15,22140,买盘
1464,11:02:57,14.76,0.01,28,41328,买盘
1465,11:02:54,14.75,--,29,42775,卖盘
1466,11:02:51,14.75,--,10,14750,卖盘
1467,11:02:45,14.75,--,34,50150,卖盘
1468,11:02:42,14.75,--,3,4425,卖盘
1469,11:02:36,14.75,--,1,1770,卖盘
1470,11:02:33,14.75,-0.01,8,11800,卖盘
1471,11:02:30,14.76,0.01,3,4428,买盘
1472,11:02:27,14.75,0.03,576,849600,买盘
1473,11:02:21,14.72,-0.02,18,26496,卖盘
1474,11:02:15,14.74,0.01,26,38324,买盘
1475,11:02:12,14.73,--,69,101637,买盘
1476,11:02:09,14.73,--,10,14730,买盘
1477,11:02:06,14.73,-0.01,54,79542,卖盘
1478,11:02:00,14.74,--,28,41272,买盘
1479,11:01:57,14.74,--,74,109076,买盘
1480,11:01:48,14.74,0.01,57,84018,买盘
1481,11:01:45,14.73,--,35,51555,卖盘
1482,11:01:39,14.73,--,20,29460,卖盘
1483,11:01:33,14.73,--,33,48609,卖盘
1484,11:01:27,14.73,0.02,229,338510,买盘
1485,11:01:21,14.71,--,1,1471,卖盘
1486,11:01:18,14.71,--,23,33833,卖盘
1487,11:01:09,14.71,-0.01,92,135332,卖盘
1488,11:01:06,14.72,0.01,2,2944,买盘
1489,11:01:00,14.71,-0.01,85,125035,卖盘
1490,11:00:57,14.72,--,17,25024,买盘
1491,11:00:54,14.72,0.01,15,22080,买盘
1492,11:00:51,14.71,-0.01,5,7355,卖盘
1493,11:00:45,14.72,0.01,17,25024,买盘
1494,11:00:42,14.71,-0.01,10,14710,卖盘
1495,11:00:39,14.72,0.01,28,41216,买盘
1496,11:00:36,14.71,-0.01,1,1471,卖盘
1497,11:00:33,14.72,--,7,10304,买盘
1498,11:00:30,14.72,-0.01,14,20608,中性盘
1499,11:00:27,14.73,0.01,62,91326,买盘
1500,11:00:24,14.72,-0.01,10,14720,卖盘
1501,11:00:21,14.73,--,59,86907,买盘
1502,11:00:15,14.73,0.01,10,14730,买盘
1503,11:00:12,14.72,-0.01,23,33856,卖盘
1504,11:00:09,14.73,--,29,42717,买盘
1505,11:00:06,14.73,--,6,8838,买盘
1506,11:00:03,14.73,--,6,8838,买盘
1507,10:59:57,14.73,-0.01,28,41244,卖盘
1508,10:59:48,14.74,--,28,41272,买盘
1509,10:59:45,14.74,0.01,13,19162,买盘
1510,10:59:42,14.73,-0.01,72,106056,卖盘
1511,10:59:39,14.74,--,20,29480,买盘
1512,10:59:36,14.74,--,17,25058,买盘
1513,10:59:33,14.74,0.01,3,4422,买盘
1514,10:59:30,14.73,--,23,33879,卖盘
1515,10:59:27,14.73,--,13,19149,卖盘
1516,10:59:24,14.73,--,4,5892,卖盘
1517,10:59:21,14.73,-0.01,100,147300,卖盘
1518,10:59:18,14.74,0.01,19,28006,买盘
1519,10:59:12,14.73,0.01,28,41244,买盘
1520,10:59:09,14.72,-0.01,11,16192,卖盘
1521,10:59:03,14.73,--,3,4419,买盘
1522,10:59:00,14.73,0.01,28,41244,买盘
1523,10:58:57,14.72,--,2,2944,卖盘
1524,10:58:54,14.72,--,14,20608,卖盘
1525,10:58:51,14.72,--,67,98624,买盘
1526,10:58:45,14.72,--,7,10304,买盘
1527,10:58:39,14.72,0.01,15,22080,买盘
1528,10:58:36,14.71,--,13,19123,买盘
1529,10:58:33,14.71,--,7,10297,买盘
1530,10:58:30,14.71,0.01,140,205940,买盘
1531,10:58:27,14.7,--,4,5880,买盘
1532,10:58:24,14.7,--,53,77910,买盘
1533,10:58:21,14.7,--,286,420420,买盘
1534,10:58:18,14.7,0.01,122,179340,买盘
1535,10:58:15,14.69,--,101,148369,买盘
1536,10:58:12,14.69,--,2,2938,买盘
1537,10:58:09,14.69,--,61,89609,买盘
1538,10:58:00,14.69,0.01,136,199784,买盘
1539,10:57:51,14.68,--,286,421257,买盘
1540,10:57:45,14.68,--,60,88080,买盘
1541,10:57:42,14.68,--,23,33764,买盘
1542,10:57:39,14.68,--,157,231077,买盘
1543,10:57:36,14.68,--,24,36670,买盘
1544,10:57:33,14.68,--,135,198209,买盘
1545,10:57:30,14.68,--,53,77804,买盘
1546,10:57:15,14.68,0.02,39,57252,买盘
1547,10:57:06,14.66,--,57,83562,卖盘
1548,10:56:57,14.66,--,23,33718,卖盘
1549,10:56:54,14.66,-0.02,12,17592,卖盘
1550,10:56:51,14.68,--,19,27892,买盘
1551,10:56:42,14.68,0.02,15,22020,买盘
1552,10:56:39,14.66,-0.02,19,27854,卖盘
1553,10:56:36,14.68,0.02,78,114504,买盘
1554,10:56:33,14.66,-0.02,31,45446,卖盘
1555,10:56:30,14.68,--,1,1468,买盘
1556,10:56:24,14.68,--,16,23488,买盘
1557,10:56:21,14.68,--,16,23488,买盘
1558,10:56:18,14.68,0.02,3,4404,买盘
1559,10:56:12,14.66,-0.02,10,14660,卖盘
1560,10:56:06,14.68,0.01,204,299472,买盘
1561,10:55:48,14.67,--,10,14670,买盘
1562,10:55:45,14.67,--,43,63081,买盘
1563,10:55:27,14.67,0.03,11,16137,买盘
1564,10:55:24,14.64,-0.03,10,14640,卖盘
1565,10:55:21,14.67,0.01,17,24939,买盘
1566,10:55:15,14.66,0.02,147,215502,买盘
1567,10:54:45,14.64,-0.01,28,40992,卖盘
1568,10:54:36,14.65,-0.02,5,7325,卖盘
1569,10:54:27,14.67,--,40,58680,买盘
1570,10:54:15,14.67,0.02,3,4401,买盘
1571,10:54:12,14.65,-0.02,1,1465,卖盘
1572,10:54:00,14.67,0.01,5,7335,买盘
1573,10:53:51,14.66,-0.01,64,93824,卖盘
1574,10:53:42,14.67,--,1,1467,买盘
1575,10:53:36,14.67,0.01,4,5868,买盘
1576,10:53:30,14.66,--,1,1466,卖盘
1577,10:53:18,14.66,-0.01,5,7330,卖盘
1578,10:53:06,14.67,--,87,129051,卖盘
1579,10:52:57,14.67,--,232,340388,买盘
1580,10:52:54,14.67,0.01,16,23472,买盘
1581,10:52:42,14.66,0.01,6,8796,买盘
1582,10:52:33,14.65,--,23,33695,卖盘
1583,10:52:27,14.65,--,18,26370,卖盘
1584,10:52:18,14.65,--,14,20510,卖盘
1585,10:52:12,14.65,-0.01,26,38090,卖盘
1586,10:52:03,14.66,0.01,16,23456,买盘
1587,10:51:51,14.65,0.01,37,54205,买盘
1588,10:51:48,14.64,-0.01,10,14640,卖盘
1589,10:51:39,14.65,--,5,7325,买盘
1590,10:51:36,14.65,0.01,20,29300,买盘
1591,10:51:33,14.64,-0.01,5,7320,卖盘
1592,10:51:18,14.65,--,31,45415,买盘
1593,10:51:15,14.65,--,4,5860,买盘
1594,10:51:12,14.65,--,13,19045,买盘
1595,10:51:09,14.65,-0.01,17,24905,卖盘
1596,10:51:03,14.66,-0.01,10,14660,卖盘
1597,10:51:00,14.67,--,30,44010,买盘
1598,10:50:48,14.67,0.02,1,1467,买盘
1599,10:50:39,14.65,-0.02,3,4395,卖盘
1600,10:50:27,14.67,--,19,27873,买盘
1601,10:50:06,14.67,--,3,4401,买盘
1602,10:50:00,14.67,--,20,29340,买盘
1603,10:49:42,14.67,0.03,11,16137,买盘
1604,10:49:21,14.64,-0.01,17,24888,卖盘
1605,10:49:18,14.65,--,12,17580,卖盘
1606,10:49:15,14.65,--,3,4395,买盘
1607,10:49:09,14.65,-0.02,3,4395,中性盘
1608,10:48:54,14.67,0.02,408,598536,买盘
1609,10:48:51,14.65,0.01,300,439500,买盘
1610,10:48:45,14.64,--,108,158112,卖盘
1611,10:48:33,14.64,--,8,11712,卖盘
1612,10:48:27,14.64,--,92,134688,买盘
1613,10:48:03,14.64,--,3,4392,买盘
1614,10:48:00,14.64,--,43,62952,买盘
1615,10:47:42,14.64,--,23,33672,买盘
1616,10:47:39,14.64,0.03,23,33672,买盘
1617,10:47:36,14.61,-0.03,24,35064,卖盘
1618,10:47:33,14.64,0.03,23,33672,买盘
1619,10:47:24,14.61,-0.03,37,54057,卖盘
1620,10:47:21,14.64,--,23,33672,买盘
1621,10:47:18,14.64,0.03,23,33672,买盘
1622,10:47:06,14.61,-0.03,2,2922,卖盘
1623,10:47:03,14.64,--,23,33672,买盘
1624,10:47:00,14.64,0.02,46,67344,买盘
1625,10:46:54,14.62,--,23,33626,买盘
1626,10:46:45,14.62,--,13,19006,买盘
1627,10:46:42,14.62,--,23,33626,买盘
1628,10:46:36,14.62,0.02,24,35088,买盘
1629,10:46:33,14.6,0.01,14,20440,买盘
1630,10:46:30,14.59,-0.01,12,17508,卖盘
1631,10:46:21,14.6,-0.02,1,1460,中性盘
1632,10:45:57,14.62,--,3,4386,买盘
1633,10:45:51,14.62,--,10,14620,买盘
1634,10:45:48,14.62,--,39,57018,买盘
1635,10:45:45,14.62,--,10,14620,买盘
1636,10:45:39,14.62,-0.01,39,57018,卖盘
1637,10:45:36,14.63,--,10,14630,买盘
1638,10:45:24,14.63,0.01,14,20482,买盘
1639,10:45:18,14.62,--,1,1462,卖盘
1640,10:45:03,14.62,--,1,1462,卖盘
1641,10:45:00,14.62,0.03,4,5848,买盘
1642,10:44:51,14.59,-0.01,24,35016,卖盘
1643,10:44:42,14.6,--,7,10220,卖盘
1644,10:44:36,14.6,-0.01,179,261340,卖盘
1645,10:44:03,14.61,--,1,1461,卖盘
1646,10:43:57,14.61,-0.02,10,14610,卖盘
1647,10:43:54,14.63,0.02,3,4389,买盘
1648,10:43:51,14.61,--,20,29220,卖盘
1649,10:43:42,14.61,--,6,8766,卖盘
1650,10:43:36,14.61,--,12,17532,卖盘
1651,10:43:15,14.61,-0.02,5,7305,卖盘
1652,10:43:09,14.63,0.02,10,14630,买盘
1653,10:43:00,14.61,--,1,1461,卖盘
1654,10:42:54,14.61,0.01,7,10227,中性盘
1655,10:42:51,14.6,-0.03,3,4380,卖盘
1656,10:42:48,14.63,0.02,16,23408,买盘
1657,10:42:42,14.61,--,16,23668,中性盘
1658,10:42:33,14.61,0.01,17,24837,买盘
1659,10:42:30,14.6,-0.01,2,2920,卖盘
1660,10:42:24,14.61,0.01,5,7305,买盘
1661,10:42:18,14.6,--,1,1460,卖盘
1662,10:42:09,14.6,--,1,1460,卖盘
1663,10:42:06,14.6,-0.01,1,1460,卖盘
1664,10:42:03,14.61,--,4,5844,买盘
1665,10:41:57,14.61,--,3,4383,买盘
1666,10:41:48,14.61,0.01,11,16071,中性盘
1667,10:40:33,14.6,-0.05,32,46720,卖盘
1668,10:40:30,14.65,--,1,1465,买盘
1669,10:40:21,14.65,-0.01,8,11720,卖盘
1670,10:40:18,14.66,0.01,83,121678,买盘
1671,10:40:15,14.65,-0.01,40,58600,卖盘
1672,10:40:09,14.66,0.01,9,13194,买盘
1673,10:39:57,14.65,0.05,189,276885,买盘
1674,10:39:48,14.6,--,119,173813,卖盘
1675,10:39:39,14.6,-0.02,2,4131,买盘
1676,10:39:36,14.62,0.02,2,2924,买盘
1677,10:39:33,14.6,0.01,1,1460,买盘
1678,10:39:30,14.59,-0.01,24,35876,卖盘
1679,10:39:21,14.6,--,28,41128,卖盘
1680,10:39:09,14.6,-0.01,6,8760,卖盘
1681,10:39:00,14.61,0.01,1,1461,买盘
1682,10:38:42,14.6,--,3,4380,卖盘
1683,10:38:39,14.6,--,1,1460,卖盘
1684,10:38:30,14.6,--,18,27126,卖盘
1685,10:38:27,14.6,--,29,42340,卖盘
1686,10:38:15,14.6,-0.01,27,39420,卖盘
1687,10:38:06,14.61,0.01,3,4383,买盘
1688,10:38:03,14.6,-0.01,6,8760,卖盘
1689,10:38:00,14.61,0.01,5,7305,买盘
1690,10:37:54,14.6,--,56,81760,卖盘
1691,10:37:45,14.6,-0.01,1,1460,卖盘
1692,10:37:42,14.61,--,53,77433,买盘
1693,10:37:33,14.61,-0.04,4,5844,卖盘
1694,10:37:24,14.65,0.04,15,21975,买盘
1695,10:37:21,14.61,0.01,23,33603,买盘
1696,10:37:18,14.6,-0.05,128,186880,卖盘
1697,10:37:15,14.65,0.04,10,14650,买盘
1698,10:37:12,14.61,--,10,14610,卖盘
1699,10:37:09,14.61,--,1,1461,卖盘
1700,10:36:57,14.61,--,100,146100,卖盘
1701,10:36:39,14.61,--,23,33603,卖盘
1702,10:36:30,14.61,--,23,33603,卖盘
1703,10:36:27,14.61,-0.04,23,33603,卖盘
1704,10:36:18,14.65,--,24,35160,买盘
1705,10:36:15,14.65,--,1,1465,买盘
1706,10:36:12,14.65,--,20,29300,买盘
1707,10:36:09,14.65,-0.02,4,5860,买盘
1708,10:36:00,14.67,0.03,75,110025,买盘
1709,10:35:54,14.64,--,5,7320,买盘
1710,10:35:48,14.64,--,3,4392,买盘
1711,10:35:33,14.64,--,26,38064,买盘
1712,10:35:24,14.64,0.02,13,19032,买盘
1713,10:35:09,14.62,-0.01,9,13158,卖盘
1714,10:35:00,14.63,--,10,14995,买盘
1715,10:34:51,14.63,--,7,10241,买盘
1716,10:34:48,14.63,--,12,17556,买盘
1717,10:34:45,14.63,0.02,81,118503,买盘
1718,10:34:42,14.61,-0.02,10,14610,卖盘
1719,10:34:15,14.63,0.01,140,204820,买盘
1720,10:34:06,14.62,--,9,13158,买盘
1721,10:34:00,14.62,--,3,4386,买盘
1722,10:33:57,14.62,--,10,14620,中性盘
1723,10:33:45,14.62,0.01,13,19006,买盘
1724,10:33:39,14.61,-0.01,30,43830,卖盘
1725,10:33:36,14.62,--,3,4386,买盘
1726,10:33:18,14.62,--,28,40936,买盘
1727,10:33:15,14.62,--,110,160820,买盘
1728,10:33:09,14.62,--,1,1462,卖盘
1729,10:33:03,14.62,-0.01,19,27778,卖盘
1730,10:32:51,14.63,-0.01,136,199406,卖盘
1731,10:32:42,14.64,0.01,2,2928,买盘
1732,10:32:39,14.63,--,10,14630,卖盘
1733,10:32:24,14.63,-0.01,14,20482,卖盘
1734,10:32:18,14.64,0.01,10,14640,买盘
1735,10:32:12,14.63,-0.01,10,14630,卖盘
1736,10:32:06,14.64,0.01,30,43920,买盘
1737,10:32:03,14.63,-0.01,12,17556,卖盘
1738,10:31:33,14.64,0.01,3,4392,买盘
1739,10:31:30,14.63,--,22,33210,卖盘
1740,10:31:24,14.63,-0.01,8,11704,卖盘
1741,10:31:21,14.64,--,59,86376,卖盘
1742,10:31:18,14.64,-0.01,23,33672,卖盘
1743,10:31:12,14.65,0.01,1,1465,买盘
1744,10:30:57,14.64,-0.01,100,146400,卖盘
1745,10:30:33,14.65,--,7,11046,卖盘
1746,10:30:18,14.65,-0.01,10,14650,卖盘
1747,10:30:15,14.66,--,3,4398,买盘
1748,10:30:09,14.66,0.01,2,2932,买盘
1749,10:30:06,14.65,-0.01,5,7325,卖盘
1750,10:30:03,14.66,--,6,8796,买盘
1751,10:29:51,14.66,-0.01,13,19058,卖盘
1752,10:29:48,14.67,--,1,1467,买盘
1753,10:29:45,14.67,--,3,4401,买盘
1754,10:29:30,14.67,0.01,5,7335,买盘
1755,10:29:27,14.66,--,20,29320,卖盘
1756,10:29:09,14.66,-0.02,4,5864,卖盘
1757,10:28:54,14.68,--,23,33764,买盘
1758,10:28:45,14.68,0.02,51,74868,买盘
1759,10:28:39,14.66,-0.02,14,20524,卖盘
1760,10:28:36,14.68,--,23,33764,买盘
1761,10:28:30,14.68,0.01,30,44040,买盘
1762,10:28:03,14.67,--,15,22005,卖盘
1763,10:28:00,14.67,--,5,7335,卖盘
1764,10:27:57,14.67,--,10,14670,卖盘
1765,10:27:51,14.67,--,185,271761,买盘
1766,10:27:42,14.67,0.01,2,2934,买盘
1767,10:27:39,14.66,-0.01,10,14660,卖盘
1768,10:27:33,14.67,--,15,22005,买盘
1769,10:27:30,14.67,--,10,14670,买盘
1770,10:27:21,14.67,--,3,4401,买盘
1771,10:27:15,14.67,0.01,4,5868,买盘
1772,10:27:09,14.66,--,12,17592,卖盘
1773,10:27:00,14.66,--,1,1466,卖盘
1774,10:26:57,14.66,--,5,7330,买盘
1775,10:26:45,14.66,--,30,43980,买盘
1776,10:26:39,14.66,--,30,43980,卖盘
1777,10:26:30,14.66,-0.01,8,11728,卖盘
1778,10:26:27,14.67,0.01,5,7335,买盘
1779,10:26:12,14.66,0.01,6,8796,买盘
1780,10:26:03,14.65,--,12,17580,卖盘
1781,10:25:57,14.65,-0.01,20,29300,卖盘
1782,10:25:51,14.66,0.01,24,35184,买盘
1783,10:25:48,14.65,--,6,8790,卖盘
1784,10:25:45,14.65,-0.02,10,14650,卖盘
1785,10:25:42,14.67,0.02,23,33741,买盘
1786,10:25:36,14.65,-0.02,1,1465,卖盘
1787,10:25:33,14.67,--,23,33741,买盘
1788,10:25:27,14.67,0.01,92,134964,买盘
1789,10:25:24,14.66,0.01,33,49052,买盘
1790,10:25:21,14.65,0.01,23,33695,买盘
1791,10:25:18,14.64,-0.01,3,4392,中性盘
1792,10:25:15,14.65,0.01,39,57135,买盘
1793,10:25:12,14.64,-0.01,112,164758,卖盘
1794,10:25:09,14.65,--,3,4395,买盘
1795,10:25:03,14.65,--,20,29300,买盘
1796,10:24:54,14.65,--,10,14650,买盘
1797,10:24:51,14.65,--,20,29300,买盘
1798,10:24:42,14.65,0.01,2,2930,买盘
1799,10:24:36,14.64,-0.01,14,21169,卖盘
1800,10:24:33,14.65,0.01,10,14650,买盘
1801,10:24:21,14.64,-0.01,3,4392,卖盘
1802,10:24:18,14.65,0.01,50,73250,买盘
1803,10:24:00,14.64,--,25,36600,卖盘
1804,10:23:57,14.64,--,5,7320,卖盘
1805,10:23:51,14.64,-0.01,20,29280,卖盘
1806,10:23:39,14.65,-0.01,10,15074,卖盘
1807,10:23:36,14.66,0.01,39,57174,买盘
1808,10:23:30,14.65,--,22,32566,卖盘
1809,10:23:27,14.65,--,7,10255,卖盘
1810,10:23:18,14.65,--,6,8790,卖盘
1811,10:23:15,14.65,--,7,10255,卖盘
1812,10:23:12,14.65,-0.01,14,21125,卖盘
1813,10:23:09,14.66,--,113,165658,卖盘
1814,10:23:03,14.66,--,20,29320,卖盘
1815,10:23:00,14.66,--,56,82433,卖盘
1816,10:22:57,14.66,--,23,33718,卖盘
1817,10:22:54,14.66,--,621,910386,卖盘
1818,10:22:51,14.66,--,0,483,卖盘
1819,10:22:39,14.66,--,2,2932,卖盘
1820,10:22:33,14.66,--,50,73300,卖盘
1821,10:22:24,14.66,-0.01,25,36650,卖盘
1822,10:22:18,14.67,0.01,10,14670,买盘
1823,10:22:12,14.66,--,48,70368,卖盘
1824,10:22:06,14.66,-0.01,5,7330,卖盘
1825,10:21:54,14.67,--,15,22181,卖盘
1826,10:21:51,14.67,--,62,90954,卖盘
1827,10:21:45,14.67,--,14,20538,卖盘
1828,10:21:36,14.67,--,37,54279,卖盘
1829,10:21:33,14.67,-0.01,5,7335,卖盘
1830,10:21:30,14.68,0.01,10,14680,买盘
1831,10:21:27,14.67,-0.01,10,14670,卖盘
1832,10:21:24,14.68,--,70,102760,买盘
1833,10:21:21,14.68,0.01,1,1468,买盘
1834,10:21:18,14.67,-0.01,90,132030,卖盘
1835,10:21:15,14.68,--,19,27892,买盘
1836,10:21:12,14.68,--,2,2936,买盘
1837,10:21:09,14.68,0.01,124,182032,买盘
1838,10:21:06,14.67,-0.01,2,2934,卖盘
1839,10:21:03,14.68,--,1,1468,买盘
1840,10:20:57,14.68,--,10,14680,买盘
1841,10:20:48,14.68,--,10,14680,买盘
1842,10:20:30,14.68,0.01,5,7340,买盘
1843,10:20:27,14.67,-0.01,10,14670,卖盘
1844,10:20:24,14.68,0.01,24,35232,买盘
1845,10:20:15,14.67,--,23,33741,卖盘
1846,10:20:12,14.67,--,39,58503,买盘
1847,10:20:09,14.67,--,8,11736,买盘
1848,10:20:03,14.67,--,3,4401,买盘
1849,10:20:00,14.67,0.01,140,205380,买盘
1850,10:19:57,14.66,-0.01,6,8796,卖盘
1851,10:19:54,14.67,0.01,53,77751,买盘
1852,10:19:51,14.66,-0.01,10,14660,卖盘
1853,10:19:48,14.67,0.01,21,30807,买盘
1854,10:19:42,14.66,--,1,1466,卖盘
1855,10:19:39,14.66,-0.01,10,14660,卖盘
1856,10:19:36,14.67,0.01,8,11736,买盘
1857,10:19:33,14.66,-0.01,20,29320,卖盘
1858,10:19:30,14.67,0.01,50,73350,买盘
1859,10:19:21,14.66,--,50,73300,卖盘
1860,10:19:18,14.66,--,3,4398,卖盘
1861,10:19:09,14.66,-0.01,2,2932,卖盘
1862,10:19:06,14.67,--,3,4401,买盘
1863,10:19:00,14.67,0.01,8,11736,买盘
1864,10:18:54,14.66,--,12,17592,卖盘
1865,10:18:51,14.66,--,4,5864,卖盘
1866,10:18:45,14.66,-0.01,4,5864,卖盘
1867,10:18:42,14.67,0.01,110,161370,买盘
1868,10:18:39,14.66,-0.01,6,8796,卖盘
1869,10:18:33,14.67,0.01,49,71883,买盘
1870,10:18:27,14.66,--,13,19058,卖盘
1871,10:18:24,14.66,-0.01,6,9529,卖盘
1872,10:18:21,14.67,0.01,50,73350,买盘
1873,10:18:18,14.66,-0.01,50,73300,卖盘
1874,10:18:12,14.67,--,10,14670,买盘
1875,10:18:06,14.67,--,15,22005,买盘
1876,10:17:54,14.67,0.01,60,88020,买盘
1877,10:17:48,14.66,--,52,76232,卖盘
1878,10:17:33,14.66,--,33,48378,卖盘
1879,10:17:30,14.66,0.02,163,238958,买盘
1880,10:17:24,14.64,-0.01,23,33672,卖盘
1881,10:17:21,14.65,--,19,27835,卖盘
1882,10:17:18,14.65,-0.01,3,4395,卖盘
1883,10:17:06,14.66,0.01,3,4398,买盘
1884,10:17:00,14.65,0.01,11,16115,买盘
1885,10:16:54,14.64,--,16,23424,卖盘
1886,10:16:48,14.64,-0.01,2,2928,卖盘
1887,10:16:39,14.65,0.01,24,35160,中性盘
1888,10:16:30,14.64,--,45,65880,买盘
1889,10:16:27,14.64,-0.02,10,14640,卖盘
1890,10:15:57,14.66,--,6,8796,买盘
1891,10:15:54,14.66,0.02,2,2932,买盘
1892,10:15:48,14.64,-0.02,3,4392,卖盘
1893,10:15:45,14.66,--,5,7330,买盘
1894,10:15:42,14.66,--,26,38116,买盘
1895,10:15:30,14.66,-0.01,1,1466,中性盘
1896,10:15:27,14.67,0.01,10,14670,买盘
1897,10:15:18,14.66,--,42,61572,买盘
1898,10:15:12,14.66,-0.01,4,6039,卖盘
1899,10:15:09,14.67,0.01,1,1467,买盘
1900,10:15:06,14.66,-0.01,30,44654,卖盘
1901,10:15:03,14.67,0.01,3,4401,买盘
1902,10:14:57,14.66,--,10,14660,卖盘
1903,10:14:54,14.66,--,48,70368,卖盘
1904,10:14:51,14.66,--,5,7330,卖盘
1905,10:14:48,14.66,--,18,26388,卖盘
1906,10:14:45,14.66,--,24,35184,卖盘
1907,10:14:42,14.66,--,7,10262,卖盘
1908,10:14:39,14.66,--,10,14660,卖盘
1909,10:14:36,14.66,--,20,29320,卖盘
1910,10:14:21,14.66,0.04,1478,2167363,买盘
1911,10:13:54,14.62,--,1,1462,卖盘
1912,10:13:48,14.62,0.01,10,14620,中性盘
1913,10:13:09,14.61,-0.03,9,13149,卖盘
1914,10:13:03,14.64,0.01,34,49776,买盘
1915,10:13:00,14.63,--,5,7315,买盘
1916,10:12:57,14.63,--,13,19019,卖盘
1917,10:12:48,14.63,0.01,3,4389,买盘
1918,10:12:39,14.62,-0.02,10,14620,中性盘
1919,10:12:36,14.64,--,23,33672,买盘
1920,10:12:33,14.64,0.01,46,67344,买盘
1921,10:12:30,14.63,0.01,92,134596,买盘
1922,10:12:27,14.62,--,46,67252,买盘
1923,10:12:24,14.62,0.01,23,33626,买盘
1924,10:12:15,14.61,--,45,65745,卖盘
1925,10:12:12,14.61,0.01,52,75972,买盘
1926,10:12:09,14.6,--,6,8760,卖盘
1927,10:12:06,14.6,--,1,1460,卖盘
1928,10:11:48,14.6,0.02,79,115340,买盘
1929,10:11:42,14.58,0.01,33,48114,买盘
1930,10:11:15,14.57,0.01,1,1457,买盘
1931,10:11:09,14.56,--,161,234416,卖盘
1932,10:10:54,14.56,-0.02,23,33488,卖盘
1933,10:10:51,14.58,0.02,33,48114,买盘
1934,10:10:45,14.56,--,6,8736,卖盘
1935,10:10:30,14.56,-0.01,23,33488,卖盘
1936,10:10:27,14.57,-0.01,8,11656,中性盘
1937,10:10:24,14.58,0.02,1,1458,买盘
1938,10:10:15,14.56,-0.01,94,138261,卖盘
1939,10:10:12,14.57,-0.02,9,13113,卖盘
1940,10:10:09,14.59,0.02,8,11672,买盘
1941,10:10:03,14.57,-0.02,60,87420,卖盘
1942,10:09:45,14.59,--,5,7295,买盘
1943,10:09:42,14.59,--,20,29180,买盘
1944,10:09:30,14.59,0.02,5,7295,中性盘
1945,10:09:27,14.57,-0.03,42,61194,卖盘
1946,10:09:24,14.6,--,6,8760,买盘
1947,10:09:09,14.6,0.01,50,73000,买盘
1948,10:09:03,14.59,-0.01,29,42311,中性盘
1949,10:08:48,14.6,--,3,4380,买盘
1950,10:08:39,14.6,--,20,29200,买盘
1951,10:08:36,14.6,--,261,382228,卖盘
1952,10:08:30,14.6,--,3,4380,卖盘
1953,10:08:24,14.6,--,84,122640,卖盘
1954,10:08:21,14.6,--,20,29200,卖盘
1955,10:08:12,14.6,--,65,94900,卖盘
1956,10:08:09,14.6,--,23,33580,卖盘
1957,10:07:54,14.6,--,54,78840,卖盘
1958,10:07:42,14.6,--,85,124100,卖盘
1959,10:07:21,14.6,--,8,11680,卖盘
1960,10:07:18,14.6,--,370,540200,卖盘
1961,10:07:15,14.6,--,109,159140,卖盘
1962,10:07:03,14.6,--,86,125560,卖盘
1963,10:07:00,14.6,0.03,317,463112,买盘
1964,10:06:57,14.57,-0.01,13,18941,卖盘
1965,10:06:54,14.58,0.01,50,72900,买盘
1966,10:06:39,14.57,--,5,7285,卖盘
1967,10:06:27,14.57,--,3,4371,卖盘
1968,10:06:18,14.57,--,18,26226,买盘
1969,10:06:12,14.57,0.01,24,34968,买盘
1970,10:06:00,14.56,--,38,55328,买盘
1971,10:05:51,14.56,0.01,3,4368,中性盘
1972,10:05:45,14.55,-0.01,7,10185,卖盘
1973,10:05:36,14.56,0.01,17,25203,买盘
1974,10:05:30,14.55,-0.01,26,37830,卖盘
1975,10:05:27,14.56,-0.01,25,36400,卖盘
1976,10:05:24,14.57,--,25,36425,卖盘
1977,10:05:21,14.57,-0.01,46,67022,卖盘
1978,10:05:18,14.58,--,16,23328,买盘
1979,10:05:15,14.58,--,81,118098,买盘
1980,10:05:12,14.58,--,14,20412,买盘
1981,10:05:09,14.58,--,4,5832,买盘
1982,10:04:54,14.58,--,9,13122,买盘
1983,10:04:51,14.58,0.01,69,100602,买盘
1984,10:04:36,14.57,--,23,33511,买盘
1985,10:04:12,14.57,-0.02,139,202872,卖盘
1986,10:03:57,14.59,--,41,59819,买盘
1987,10:03:45,14.59,0.02,24,35016,买盘
1988,10:03:36,14.57,--,49,72500,买盘
1989,10:03:27,14.57,0.01,5,7285,买盘
1990,10:03:00,14.56,--,2,2912,买盘
1991,10:02:48,14.56,0.01,2,2912,买盘
1992,10:02:33,14.55,--,20,29100,卖盘
1993,10:02:24,14.55,--,40,59378,卖盘
1994,10:02:18,14.55,-0.02,1,1455,卖盘
1995,10:02:06,14.57,0.03,23,33511,买盘
1996,10:02:03,14.54,-0.03,29,42166,卖盘
1997,10:02:00,14.57,--,46,67022,买盘
1998,10:01:57,14.57,0.02,69,100533,买盘
1999,10:01:51,14.55,0.01,46,66930,买盘
2000,10:01:48,14.54,--,1,1454,卖盘
2001,10:01:45,14.54,--,39,57985,买盘
2002,10:01:42,14.54,--,5,7270,买盘
2003,10:01:39,14.54,0.01,17,24718,买盘
2004,10:01:33,14.53,-0.01,99,143847,卖盘
2005,10:01:30,14.54,--,6,8724,买盘
2006,10:01:24,14.54,0.01,40,58160,买盘
2007,10:01:15,14.53,-0.01,15,21795,卖盘
2008,10:00:57,14.54,-0.01,304,442466,卖盘
2009,10:00:51,14.55,-0.01,10,14550,卖盘
2010,10:00:48,14.56,0.01,60,87360,买盘
2011,10:00:36,14.55,--,23,33465,卖盘
2012,10:00:33,14.55,-0.01,14,20370,卖盘
2013,10:00:27,14.56,0.01,5,7280,买盘
2014,10:00:21,14.55,-0.01,223,324465,卖盘
2015,10:00:18,14.56,--,26,37856,卖盘
2016,10:00:12,14.56,--,46,66976,卖盘
2017,10:00:09,14.56,--,69,100464,卖盘
2018,10:00:06,14.56,--,9,13104,卖盘
2019,10:00:03,14.56,--,6,8736,卖盘
2020,10:00:00,14.56,--,50,72800,卖盘
2021,09:59:57,14.56,--,18,26208,卖盘
2022,09:59:54,14.56,--,14,20384,卖盘
2023,09:59:51,14.56,--,6,8736,卖盘
2024,09:59:48,14.56,0.01,27,39312,买盘
2025,09:59:45,14.55,--,5,7275,卖盘
2026,09:59:39,14.55,-0.01,4,5820,卖盘
2027,09:59:30,14.56,0.01,1,1456,买盘
2028,09:59:27,14.55,--,3,4365,卖盘
2029,09:59:24,14.55,-0.01,3,4365,卖盘
2030,09:59:15,14.56,--,6,8736,买盘
2031,09:59:06,14.56,-0.01,175,255149,卖盘
2032,09:59:03,14.57,--,88,128216,买盘
2033,09:59:00,14.57,--,2,2914,买盘
2034,09:58:54,14.57,--,3,4371,买盘
2035,09:58:36,14.57,0.01,10,14570,中性盘
2036,09:58:21,14.56,--,0,1106,卖盘
2037,09:58:18,14.56,--,23,33488,卖盘
2038,09:58:12,14.56,--,23,33488,卖盘
2039,09:58:09,14.56,--,8,11648,买盘
2040,09:58:06,14.56,-0.04,5,7280,中性盘
2041,09:57:51,14.6,--,125,182500,卖盘
2042,09:57:48,14.6,0.05,275,401500,买盘
2043,09:57:45,14.55,--,8,11640,卖盘
2044,09:57:42,14.55,--,33,48015,卖盘
2045,09:57:39,14.55,-0.01,11,16005,卖盘
2046,09:57:36,14.56,0.01,324,471744,买盘
2047,09:57:33,14.55,--,5,7275,买盘
2048,09:57:30,14.55,--,160,232800,卖盘
2049,09:57:24,14.55,--,10,14550,卖盘
2050,09:57:21,14.55,--,5,7275,卖盘
2051,09:57:18,14.55,-0.01,6,8730,卖盘
2052,09:57:12,14.56,0.01,19,27664,买盘
2053,09:57:00,14.55,0.01,1,1455,卖盘
2054,09:56:57,14.54,-0.02,708,1029431,卖盘
2055,09:56:54,14.56,0.02,30,43680,买盘
2056,09:56:51,14.54,--,110,159940,卖盘
2057,09:56:45,14.54,--,6,8724,卖盘
2058,09:56:42,14.54,--,36,53638,卖盘
2059,09:56:39,14.54,--,300,436200,卖盘
2060,09:56:36,14.54,--,486,706644,卖盘
2061,09:56:33,14.54,--,801,1164654,卖盘
2062,09:56:27,14.54,--,5,7270,卖盘
2063,09:56:21,14.54,-0.01,104,152379,卖盘
2064,09:56:18,14.55,0.01,35,50925,买盘
2065,09:56:15,14.54,-0.01,10,14540,卖盘
2066,09:56:12,14.55,--,220,320100,买盘
2067,09:56:09,14.55,--,5,7275,买盘
2068,09:56:06,14.55,--,278,404490,卖盘
2069,09:56:03,14.55,-0.01,50,72750,卖盘
2070,09:55:57,14.56,--,12,17472,买盘
2071,09:55:54,14.56,--,104,151424,买盘
2072,09:55:45,14.56,--,78,113568,卖盘
2073,09:55:36,14.56,--,3,4368,卖盘
2074,09:55:33,14.56,0.01,10,14560,买盘
2075,09:55:27,14.55,-0.01,20,29100,卖盘
2076,09:55:24,14.56,--,26,37856,卖盘
2077,09:55:21,14.56,0.01,20,29120,中性盘
2078,09:55:15,14.55,-0.01,100,145500,卖盘
2079,09:55:12,14.56,-0.02,4,5824,卖盘
2080,09:55:06,14.58,--,46,67068,买盘
2081,09:55:03,14.58,--,23,33534,买盘
2082,09:54:57,14.58,0.02,130,189540,买盘
2083,09:54:54,14.56,--,3,4368,买盘
2084,09:54:51,14.56,--,47,68432,买盘
2085,09:54:48,14.56,--,31,45136,买盘
2086,09:54:42,14.56,--,1,1456,卖盘
2087,09:54:39,14.56,--,5,7280,卖盘
2088,09:54:33,14.56,--,3,4368,卖盘
2089,09:54:30,14.56,0.01,31,45136,买盘
2090,09:54:27,14.55,-0.01,3,4365,卖盘
2091,09:54:21,14.56,0.01,4,5824,买盘
2092,09:54:15,14.55,-0.02,30,43650,卖盘
2093,09:54:09,14.57,0.02,3,4371,买盘
2094,09:54:00,14.55,-0.02,13,18915,卖盘
2095,09:53:57,14.57,0.02,27,39339,买盘
2096,09:53:54,14.55,-0.01,20,29100,卖盘
2097,09:53:45,14.56,0.01,2,2912,买盘
2098,09:53:42,14.55,--,56,81480,卖盘
2099,09:53:39,14.55,0.01,21,30555,卖盘
2100,09:53:36,14.54,-0.01,10,14540,卖盘
2101,09:53:33,14.55,0.01,9,13095,买盘
2102,09:53:30,14.54,-0.01,41,59614,卖盘
2103,09:53:27,14.55,0.01,3,4365,买盘
2104,09:53:24,14.54,--,5,7270,卖盘
2105,09:53:18,14.54,0.02,14,20356,买盘
2106,09:53:15,14.52,--,7,10164,卖盘
2107,09:53:09,14.52,-0.01,46,66792,卖盘
2108,09:53:00,14.53,0.02,38,55214,买盘
2109,09:52:57,14.51,-0.01,110,159610,卖盘
2110,09:52:54,14.52,-0.01,70,101640,卖盘
2111,09:52:51,14.53,-0.02,153,222309,卖盘
2112,09:52:48,14.55,--,13,18915,卖盘
2113,09:52:45,14.55,-0.01,154,224070,卖盘
2114,09:52:42,14.56,-0.02,167,243152,卖盘
2115,09:52:39,14.58,0.02,118,172044,买盘
2116,09:52:36,14.56,--,108,157248,卖盘
2117,09:52:33,14.56,--,23,33488,卖盘
2118,09:52:30,14.56,--,31,45136,卖盘
2119,09:52:27,14.56,--,40,58240,卖盘
2120,09:52:24,14.56,--,30,43680,卖盘
2121,09:52:21,14.56,-0.01,421,612976,卖盘
2122,09:52:18,14.57,-0.01,42,61194,卖盘
2123,09:52:15,14.58,--,11,16038,卖盘
2124,09:52:12,14.58,-0.01,28,40824,卖盘
2125,09:52:09,14.59,--,109,159031,卖盘
2126,09:52:06,14.59,--,28,40852,卖盘
2127,09:52:03,14.59,--,7,10213,卖盘
2128,09:52:00,14.59,--,3,4377,卖盘
2129,09:51:57,14.59,--,28,40852,卖盘
2130,09:51:54,14.59,-0.01,23,33557,卖盘
2131,09:51:51,14.6,--,1,1460,买盘
2132,09:51:48,14.6,--,43,62780,卖盘
2133,09:51:45,14.6,-0.01,111,162060,卖盘
2134,09:51:42,14.61,--,1,1461,买盘
2135,09:51:36,14.61,--,21,30681,卖盘
2136,09:51:33,14.61,--,12,17532,卖盘
2137,09:51:27,14.61,--,10,14610,卖盘
2138,09:50:51,14.61,-0.02,17,24837,卖盘
2139,09:50:42,14.63,--,5,7315,卖盘
2140,09:50:36,14.63,--,5,7315,卖盘
2141,09:50:33,14.63,--,15,21945,卖盘
2142,09:50:30,14.63,--,2,2926,卖盘
2143,09:50:27,14.63,--,13,19019,卖盘
2144,09:50:21,14.63,-0.01,7,10241,卖盘
2145,09:50:12,14.64,--,36,52704,买盘
2146,09:50:03,14.64,--,1,1464,买盘
2147,09:50:00,14.64,--,50,73200,买盘
2148,09:49:54,14.64,--,91,134658,卖盘
2149,09:49:51,14.64,--,5,7320,卖盘
2150,09:49:42,14.64,--,23,33672,卖盘
2151,09:49:39,14.64,--,40,58560,卖盘
2152,09:49:36,14.64,-0.01,33,48312,卖盘
2153,09:49:33,14.65,--,1,1465,买盘
2154,09:49:27,14.65,--,1,1465,买盘
2155,09:49:24,14.65,0.01,14,20510,买盘
2156,09:49:21,14.64,-0.01,29,42456,卖盘
2157,09:49:18,14.65,--,3,4395,买盘
2158,09:49:15,14.65,0.01,5,7325,买盘
2159,09:49:03,14.64,-0.01,7,10248,卖盘
2160,09:48:51,14.65,--,16,23440,卖盘
2161,09:48:45,14.65,--,50,73250,买盘
2162,09:48:36,14.65,--,1,1465,买盘
2163,09:48:27,14.65,0.01,17,24905,中性盘
2164,09:48:24,14.64,-0.01,33,48312,卖盘
2165,09:48:21,14.65,--,30,43950,卖盘
2166,09:48:18,14.65,--,4,5860,卖盘
2167,09:48:15,14.65,0.01,153,224145,买盘
2168,09:48:12,14.64,-0.01,5,7320,卖盘
2169,09:48:03,14.65,0.01,4,5860,买盘
2170,09:48:00,14.64,-0.01,10,14640,卖盘
2171,09:47:57,14.65,--,39,57135,卖盘
2172,09:47:51,14.65,--,2,2930,卖盘
2173,09:47:48,14.65,0.01,129,188985,买盘
2174,09:47:45,14.64,-0.01,11,16104,卖盘
2175,09:47:42,14.65,0.01,33,48345,买盘
2176,09:47:39,14.64,-0.01,5,7320,卖盘
2177,09:47:36,14.65,0.01,23,33695,买盘
2178,09:47:33,14.64,-0.01,61,89333,卖盘
2179,09:47:30,14.65,0.01,44,64460,买盘
2180,09:47:27,14.64,--,2,2928,卖盘
2181,09:47:24,14.64,-0.01,29,42456,卖盘
2182,09:47:21,14.65,0.01,40,58600,买盘
2183,09:47:18,14.64,--,5,7320,卖盘
2184,09:47:15,14.64,--,28,40992,卖盘
2185,09:47:12,14.64,--,100,146400,卖盘
2186,09:47:06,14.64,--,3,4392,卖盘
2187,09:47:03,14.64,--,1,1464,卖盘
2188,09:46:51,14.64,--,85,124440,卖盘
2189,09:46:48,14.64,--,1,1464,卖盘
2190,09:46:42,14.64,-0.01,38,55632,卖盘
2191,09:46:39,14.65,0.01,2,2930,买盘
2192,09:46:36,14.64,-0.01,6,8784,卖盘
2193,09:46:30,14.65,0.01,10,14650,买盘
2194,09:46:27,14.64,--,5,7320,卖盘
2195,09:46:24,14.64,--,35,51240,卖盘
2196,09:46:21,14.64,--,15,21960,卖盘
2197,09:46:15,14.64,--,30,43920,卖盘
2198,09:46:12,14.64,-0.01,41,60024,卖盘
2199,09:46:06,14.65,0.01,2,2930,买盘
2200,09:46:00,14.64,--,10,14640,卖盘
2201,09:45:54,14.64,--,39,57096,卖盘
2202,09:45:51,14.64,--,10,14640,卖盘
2203,09:45:48,14.64,--,2,2928,卖盘
2204,09:45:45,14.64,--,24,35136,卖盘
2205,09:45:36,14.64,--,230,336720,卖盘
2206,09:45:33,14.64,--,7,10248,卖盘
2207,09:45:30,14.64,-0.01,17,24888,卖盘
2208,09:45:27,14.65,0.01,5,7325,买盘
2209,09:45:12,14.64,--,46,67344,卖盘
2210,09:45:06,14.64,-0.01,1,1464,卖盘
2211,09:44:45,14.65,0.01,38,55670,买盘
2212,09:44:42,14.64,--,2,2928,卖盘
2213,09:44:36,14.64,-0.01,2,2928,卖盘
2214,09:44:33,14.65,--,4,5860,买盘
2215,09:44:21,14.65,0.01,10,14650,买盘
2216,09:44:18,14.64,-0.01,23,33672,卖盘
2217,09:44:15,14.65,--,3,4395,买盘
2218,09:43:57,14.65,--,10,14650,卖盘
2219,09:43:54,14.65,-0.01,23,33695,卖盘
2220,09:43:51,14.66,0.01,73,107018,买盘
2221,09:43:48,14.65,--,57,83505,卖盘
2222,09:43:42,14.65,--,23,33695,卖盘
2223,09:43:39,14.65,--,2,2930,卖盘
2224,09:43:36,14.65,--,40,58600,卖盘
2225,09:43:33,14.65,--,101,147965,卖盘
2226,09:43:30,14.65,--,33,48345,卖盘
2227,09:43:27,14.65,-0.01,40,58600,卖盘
2228,09:43:15,14.66,0.01,6,8796,买盘
2229,09:43:06,14.65,--,5,7325,卖盘
2230,09:43:03,14.65,--,2,2930,卖盘
2231,09:43:00,14.65,0.01,11,16115,买盘
2232,09:42:57,14.64,-0.01,8,11712,卖盘
2233,09:42:51,14.65,0.01,30,43950,买盘
2234,09:42:48,14.64,-0.01,91,133224,卖盘
2235,09:42:45,14.65,--,64,93760,买盘
2236,09:42:42,14.65,--,17,24905,买盘
2237,09:42:33,14.65,0.01,1,1465,买盘
2238,09:42:24,14.64,0.01,1,1464,买盘
2239,09:42:21,14.63,-0.02,60,87780,卖盘
2240,09:42:00,14.65,0.02,8,11720,买盘
2241,09:41:51,14.63,--,416,609719,买盘
2242,09:41:48,14.63,-0.02,10,14981,卖盘
2243,09:41:42,14.65,0.02,20,29300,买盘
2244,09:41:36,14.63,--,11,16093,卖盘
2245,09:41:30,14.63,-0.02,2,2926,卖盘
2246,09:41:27,14.65,0.02,1,1465,买盘
2247,09:41:21,14.63,-0.02,13,19019,卖盘
2248,09:41:18,14.65,--,8,11720,买盘
2249,09:41:15,14.65,0.02,21,30765,中性盘
2250,09:41:09,14.63,-0.02,5,7315,卖盘
2251,09:41:03,14.65,--,65,96338,买盘
2252,09:41:00,14.65,-0.02,494,724149,卖盘
2253,09:40:57,14.67,--,7,10269,买盘
2254,09:40:54,14.67,0.01,16,23472,买盘
2255,09:40:51,14.66,0.01,72,105552,买盘
2256,09:40:48,14.65,-0.01,79,115735,卖盘
2257,09:40:42,14.66,-0.01,624,914784,卖盘
2258,09:40:39,14.67,--,1030,1511010,买盘
2259,09:40:24,14.67,0.01,6,8802,买盘
2260,09:40:12,14.66,-0.01,50,73300,卖盘
2261,09:40:09,14.67,0.01,2,2934,买盘
2262,09:40:06,14.66,-0.01,226,331316,卖盘
2263,09:40:03,14.67,--,401,588267,买盘
2264,09:40:00,14.67,0.01,255,374085,中性盘
2265,09:39:57,14.66,-0.01,20,29320,卖盘
2266,09:39:51,14.67,--,146,214182,买盘
2267,09:39:42,14.67,--,17,24939,买盘
2268,09:39:39,14.67,0.01,6,8802,买盘
2269,09:39:36,14.66,--,103,150998,卖盘
2270,09:39:24,14.66,-0.01,3,4398,卖盘
2271,09:39:18,14.67,0.01,500,733500,买盘
2272,09:39:15,14.66,--,25,36650,卖盘
2273,09:39:12,14.66,--,10,14660,卖盘
2274,09:38:54,14.66,--,9,13194,卖盘
2275,09:38:51,14.66,0.01,305,447130,买盘
2276,09:38:39,14.65,--,10,14650,卖盘
2277,09:38:36,14.65,--,40,58600,卖盘
2278,09:38:24,14.65,--,37,54205,卖盘
2279,09:38:18,14.65,--,6,9522,卖盘
2280,09:38:15,14.65,--,15,21975,卖盘
2281,09:38:12,14.65,0.03,237,347498,买盘
2282,09:38:09,14.62,--,73,106726,买盘
2283,09:38:03,14.62,--,78,114036,卖盘
2284,09:38:00,14.62,--,105,153510,卖盘
2285,09:37:54,14.62,-0.03,28,40936,卖盘
2286,09:37:51,14.65,--,95,139175,买盘
2287,09:37:39,14.65,--,30,45122,买盘
2288,09:37:33,14.65,--,34,50103,买盘
2289,09:37:30,14.65,--,8,11720,买盘
2290,09:37:18,14.65,--,5,8497,卖盘
2291,09:37:12,14.65,--,23,33695,卖盘
2292,09:37:09,14.65,-0.02,25,36625,卖盘
2293,09:37:06,14.67,--,34,49878,买盘
2294,09:36:54,14.67,--,20,29340,买盘
2295,09:36:42,14.67,0.02,10,14670,买盘
2296,09:36:30,14.65,-0.02,23,33695,卖盘
2297,09:36:24,14.67,0.02,18,26406,买盘
2298,09:36:18,14.65,-0.03,70,102550,卖盘
2299,09:36:12,14.68,0.01,6,8808,买盘
2300,09:36:09,14.67,-0.01,8,11736,卖盘
2301,09:36:03,14.68,--,8,11744,买盘
2302,09:36:00,14.68,--,28,41104,买盘
2303,09:35:57,14.68,--,55,80740,买盘
2304,09:35:51,14.68,--,5,7340,买盘
2305,09:35:48,14.68,--,9,13212,买盘
2306,09:35:45,14.68,--,20,29360,买盘
2307,09:35:42,14.68,--,7,10276,买盘
2308,09:35:39,14.68,-0.01,10,14680,中性盘
2309,09:35:36,14.69,--,19,27911,买盘
2310,09:35:33,14.69,--,33,48477,买盘
2311,09:35:30,14.69,0.01,60,88140,买盘
2312,09:35:27,14.68,-0.01,43,63124,卖盘
2313,09:35:21,14.69,0.01,102,149838,买盘
2314,09:35:18,14.68,--,146,214621,买盘
2315,09:35:15,14.68,--,18,26424,买盘
2316,09:35:12,14.68,0.01,6,8808,买盘
2317,09:35:09,14.67,--,9,14376,卖盘
2318,09:35:06,14.67,0.02,148,217409,买盘
2319,09:35:03,14.65,-0.01,11,16115,卖盘
2320,09:35:00,14.66,--,48,70368,买盘
2321,09:34:57,14.66,0.01,114,167124,买盘
2322,09:34:54,14.65,--,33,48345,买盘
2323,09:34:51,14.65,--,91,133315,买盘
2324,09:34:48,14.65,0.01,74,108410,买盘
2325,09:34:45,14.64,--,52,76128,买盘
2326,09:34:42,14.64,0.01,44,64416,买盘
2327,09:34:39,14.63,--,46,67298,买盘
2328,09:34:36,14.63,0.03,19,27797,买盘
2329,09:34:33,14.6,-0.03,10,14600,卖盘
2330,09:34:30,14.63,--,10,14630,买盘
2331,09:34:27,14.63,0.03,4,5852,中性盘
2332,09:34:21,14.6,-0.04,45,65700,卖盘
2333,09:34:18,14.64,0.02,34,49776,买盘
2334,09:34:15,14.62,--,8,11696,卖盘
2335,09:34:12,14.62,0.02,142,207604,买盘
2336,09:34:09,14.6,-0.02,15,21900,卖盘
2337,09:34:03,14.62,--,13,19006,买盘
2338,09:34:00,14.62,--,5,7310,卖盘
2339,09:33:57,14.62,--,25,36550,买盘
2340,09:33:48,14.62,--,2,2924,买盘
2341,09:33:45,14.62,-0.03,92,134504,卖盘
2342,09:33:42,14.65,0.02,56,82040,买盘
2343,09:33:33,14.63,-0.01,17,24871,卖盘
2344,09:33:30,14.64,--,67,98088,买盘
2345,09:33:27,14.64,-0.01,10,14640,中性盘
2346,09:33:21,14.65,0.02,17,24905,买盘
2347,09:33:18,14.63,0.01,28,40964,卖盘
2348,09:33:12,14.62,--,30,43860,卖盘
2349,09:33:09,14.62,-0.02,24,35088,卖盘
2350,09:33:06,14.64,0.02,121,177144,买盘
2351,09:33:03,14.62,-0.01,10,14620,卖盘
2352,09:33:00,14.63,0.01,30,43890,买盘
2353,09:32:57,14.62,--,1,1462,卖盘
2354,09:32:54,14.62,--,20,29240,卖盘
2355,09:32:48,14.62,--,31,45322,卖盘
2356,09:32:45,14.62,-0.01,33,48246,卖盘
2357,09:32:42,14.63,0.01,9,13167,买盘
2358,09:32:36,14.62,--,105,153510,卖盘
2359,09:32:33,14.62,--,8,11696,卖盘
2360,09:32:30,14.62,0.02,30,43860,卖盘
2361,09:32:27,14.6,--,61,89060,卖盘
2362,09:32:12,14.6,-0.02,68,99280,卖盘
2363,09:32:09,14.62,--,7,10234,买盘
2364,09:32:06,14.62,0.02,5,7310,买盘
2365,09:32:00,14.6,--,5,7300,卖盘
2366,09:31:57,14.6,--,5,7300,卖盘
2367,09:31:51,14.6,-0.02,5,7300,中性盘
2368,09:31:48,14.62,0.02,111,162282,买盘
2369,09:31:39,14.6,0.01,3,4380,买盘
2370,09:31:36,14.59,-0.01,2,2918,卖盘
2371,09:31:33,14.6,0.01,8,11680,买盘
2372,09:31:27,14.59,--,27,40560,买盘
2373,09:31:24,14.59,--,7,10213,买盘
2374,09:31:21,14.59,--,29,42311,买盘
2375,09:31:18,14.59,--,12,17508,卖盘
2376,09:31:15,14.59,--,18,26262,买盘
2377,09:31:06,14.59,0.05,2,2918,中性盘
2378,09:31:00,14.54,-0.05,30,43620,卖盘
2379,09:30:54,14.59,0.05,26,38517,买盘
2380,09:30:48,14.54,-0.06,20,29080,卖盘
2381,09:30:45,14.6,--,2,3796,卖盘
2382,09:30:42,14.6,0.01,20,29784,买盘
2383,09:30:39,14.59,--,7,10213,买盘
2384,09:30:36,14.59,--,27,39393,买盘
2385,09:30:33,14.59,--,39,56901,买盘
2386,09:30:30,14.59,0.05,23,33557,买盘
2387,09:30:27,14.54,-0.05,55,79970,卖盘
2388,09:30:24,14.59,--,6,8754,买盘
2389,09:30:21,14.59,0.03,73,106507,买盘
2390,09:30:18,14.56,--,12,17472,买盘
2391,09:30:15,14.56,0.05,9,13104,买盘
2392,09:30:12,14.51,--,87,126237,卖盘
2393,09:30:09,14.51,--,21,30471,卖盘
2394,09:30:06,14.51,--,188,272788,卖盘
2395,09:30:03,14.51,--,202,293102,卖盘
2396,09:30:00,14.51,--,0,0,卖盘
2397,09:25:03,14.51,14.51,368,535012,买盘
