,time,price,change,volume,amount,type
0,15:00:03,2.76,--,2669,736864,卖盘
1,14:57:00,2.76,--,75,20700,卖盘
2,14:56:57,2.76,--,192,53212,买盘
3,14:56:54,2.76,--,41,11316,买盘
4,14:56:51,2.76,--,41,11316,买盘
5,14:56:45,2.76,0.01,16,4416,买盘
6,14:56:42,2.75,--,29,8195,卖盘
7,14:56:39,2.75,-0.01,101,27775,卖盘
8,14:56:36,2.76,--,46,12695,买盘
9,14:56:33,2.76,--,41,11316,买盘
10,14:56:30,2.76,--,40,11040,买盘
11,14:56:24,2.76,0.01,50,13799,买盘
12,14:56:18,2.75,--,10,2750,卖盘
13,14:56:12,2.75,-0.01,3,990,卖盘
14,14:56:09,2.76,--,20,5520,买盘
15,14:56:06,2.76,--,49,13523,买盘
16,14:56:00,2.76,0.01,90,24839,买盘
17,14:55:57,2.75,-0.01,310,85250,卖盘
18,14:55:54,2.76,--,312,86112,买盘
19,14:55:51,2.76,0.01,33,9108,买盘
20,14:55:48,2.75,-0.01,7,1980,卖盘
21,14:55:42,2.76,--,71,19596,买盘
22,14:55:39,2.76,--,7,1931,买盘
23,14:55:36,2.76,--,8,2208,买盘
24,14:55:24,2.76,--,35,9660,买盘
25,14:55:21,2.76,--,50,13799,买盘
26,14:55:15,2.76,--,35,9660,买盘
27,14:55:03,2.76,--,50,13799,买盘
28,14:55:00,2.76,--,20,5520,买盘
29,14:54:57,2.76,--,20,5520,买盘
30,14:54:54,2.76,--,4,1104,买盘
31,14:54:48,2.76,--,30,8280,买盘
32,14:54:45,2.76,--,101,27875,卖盘
33,14:54:42,2.76,-0.01,46,12695,卖盘
34,14:54:39,2.77,0.01,122,33794,买盘
35,14:54:30,2.76,--,23,6347,买盘
36,14:54:27,2.76,--,77,21252,买盘
37,14:54:24,2.76,--,65,17940,买盘
38,14:54:21,2.76,--,9,2484,买盘
39,14:54:18,2.76,-0.01,20,5520,中性盘
40,14:54:15,2.77,0.01,209,57893,买盘
41,14:54:09,2.76,-0.01,47,13054,卖盘
42,14:54:06,2.77,0.01,10,2991,买盘
43,14:54:03,2.76,-0.01,95,26440,卖盘
44,14:54:00,2.77,0.01,107,29639,买盘
45,14:53:57,2.76,--,202,55751,卖盘
46,14:53:48,2.76,-0.01,21,5796,卖盘
47,14:53:45,2.77,--,1,277,买盘
48,14:53:39,2.77,--,20,5540,买盘
49,14:53:36,2.77,--,21,5817,买盘
50,14:53:33,2.77,--,20,5540,买盘
51,14:53:30,2.77,--,50,13850,买盘
52,14:53:27,2.77,0.01,30,8310,买盘
53,14:53:24,2.76,--,205,56579,卖盘
54,14:53:18,2.76,-0.01,59,16394,卖盘
55,14:53:15,2.77,--,413,114511,买盘
56,14:53:12,2.77,--,20,5540,买盘
57,14:53:09,2.77,0.01,50,13850,买盘
58,14:53:00,2.76,--,34,9384,卖盘
59,14:52:57,2.76,--,500,138000,卖盘
60,14:52:54,2.76,--,41,11481,卖盘
61,14:52:51,2.76,--,16,4416,卖盘
62,14:52:45,2.76,--,10,2760,卖盘
63,14:52:42,2.76,-0.01,308,85008,卖盘
64,14:52:39,2.77,0.01,25,6925,买盘
65,14:52:30,2.76,-0.01,512,141532,卖盘
66,14:52:21,2.77,--,73,20221,买盘
67,14:52:18,2.77,0.01,2,554,买盘
68,14:52:06,2.76,--,53,14627,卖盘
69,14:52:03,2.76,--,10,2760,卖盘
70,14:51:57,2.76,--,50,13799,卖盘
71,14:51:54,2.76,--,7,1931,卖盘
72,14:51:51,2.76,-0.01,59,16283,卖盘
73,14:51:48,2.77,0.01,7,1939,买盘
74,14:51:45,2.76,-0.01,1,276,卖盘
75,14:51:42,2.77,0.01,52,14404,买盘
76,14:51:36,2.76,-0.01,31,8556,卖盘
77,14:51:33,2.77,0.01,10,2770,买盘
78,14:51:24,2.76,--,1,496,卖盘
79,14:51:18,2.76,--,3,827,卖盘
80,14:51:12,2.76,--,21,5796,卖盘
81,14:51:09,2.76,--,25,6899,卖盘
82,14:51:06,2.76,-0.01,110,30359,卖盘
83,14:51:03,2.77,0.01,2,554,买盘
84,14:51:00,2.76,--,172,47499,买盘
85,14:50:54,2.76,0.01,33,9328,买盘
86,14:50:48,2.75,-0.01,12,3465,卖盘
87,14:50:45,2.76,--,2,552,买盘
88,14:50:33,2.76,0.01,2,552,买盘
89,14:50:30,2.75,-0.01,17,4730,卖盘
90,14:50:27,2.76,--,20,5520,买盘
91,14:50:24,2.76,--,1,276,买盘
92,14:50:21,2.76,0.01,13,3587,买盘
93,14:50:18,2.75,-0.01,1,275,卖盘
94,14:50:15,2.76,-0.01,5,1380,中性盘
95,14:50:12,2.77,0.01,377,104429,买盘
96,14:50:09,2.76,--,88,24287,买盘
97,14:50:06,2.76,--,23,6347,买盘
98,14:50:03,2.76,--,118,32567,买盘
99,14:50:00,2.76,--,20,5520,中性盘
100,14:49:48,2.76,--,102,28151,卖盘
101,14:49:45,2.76,--,100,27599,卖盘
102,14:49:36,2.76,0.01,30,8280,中性盘
103,14:49:24,2.75,-0.01,484,133100,卖盘
104,14:49:21,2.76,--,12,3311,卖盘
105,14:49:15,2.76,--,4547,1255137,买盘
106,14:49:06,2.76,0.01,61,16836,买盘
107,14:49:03,2.75,--,43,11825,卖盘
108,14:49:00,2.75,--,75,20790,卖盘
109,14:48:57,2.75,-0.01,39,10890,卖盘
110,14:48:51,2.76,--,6,1655,买盘
111,14:48:48,2.76,0.01,10,2760,买盘
112,14:48:42,2.75,--,20,5500,卖盘
113,14:48:39,2.75,-0.01,10,2750,中性盘
114,14:48:33,2.76,0.01,579,159804,买盘
115,14:48:30,2.75,--,23,6325,买盘
116,14:48:27,2.75,--,53,14575,买盘
117,14:48:24,2.75,--,250,68750,买盘
118,14:48:21,2.75,--,32,8800,买盘
119,14:48:18,2.75,--,1,275,买盘
120,14:48:15,2.75,--,259,71225,买盘
121,14:48:06,2.75,--,500,137500,买盘
122,14:48:03,2.75,0.01,90,24750,买盘
123,14:48:00,2.74,-0.01,41,11234,卖盘
124,14:47:54,2.75,--,40,11000,买盘
125,14:47:48,2.75,--,28,7700,买盘
126,14:47:45,2.75,--,240,66000,买盘
127,14:47:42,2.75,--,20,5500,买盘
128,14:47:39,2.75,--,17,4675,买盘
129,14:47:33,2.75,--,404,111100,买盘
130,14:47:30,2.75,--,2,550,买盘
131,14:47:27,2.75,--,9,2475,买盘
132,14:47:24,2.75,--,46,12650,买盘
133,14:47:15,2.75,--,1,275,买盘
134,14:47:09,2.75,--,6,1650,买盘
135,14:46:54,2.75,--,1,275,买盘
136,14:46:39,2.75,--,302,83160,买盘
137,14:46:21,2.75,--,5,1375,买盘
138,14:46:06,2.75,--,97,26675,买盘
139,14:46:00,2.75,--,1,275,买盘
140,14:45:51,2.75,--,1,275,买盘
141,14:45:48,2.75,--,40,11000,买盘
142,14:45:36,2.75,0.01,100,27500,买盘
143,14:45:33,2.74,-0.01,214,58636,卖盘
144,14:45:30,2.75,--,16,4400,买盘
145,14:45:27,2.75,0.01,506,139150,买盘
146,14:45:24,2.74,-0.01,50,13700,卖盘
147,14:45:18,2.75,--,181,49775,买盘
148,14:45:12,2.75,--,10,2750,买盘
149,14:44:39,2.75,0.01,4,1100,买盘
150,14:44:33,2.74,--,40,10960,卖盘
151,14:44:30,2.74,--,19,5206,卖盘
152,14:44:18,2.74,--,5,1370,卖盘
153,14:44:15,2.74,-0.01,9,2466,卖盘
154,14:44:12,2.75,--,22,6050,买盘
155,14:44:09,2.75,--,19,5225,买盘
156,14:44:06,2.75,--,15,4125,买盘
157,14:43:57,2.75,--,4,1127,卖盘
158,14:43:51,2.75,--,47,13172,买盘
159,14:43:45,2.75,--,61,16940,卖盘
160,14:43:42,2.75,--,48,13365,卖盘
161,14:43:39,2.75,--,510,140250,卖盘
162,14:43:33,2.75,--,1,275,卖盘
163,14:43:30,2.75,--,404,111320,卖盘
164,14:43:24,2.75,-0.01,1500,412500,卖盘
165,14:43:21,2.76,--,266,73416,买盘
166,14:43:09,2.76,--,1,276,买盘
167,14:43:00,2.76,0.01,1,276,买盘
168,14:42:51,2.75,--,4,1100,卖盘
169,14:42:48,2.75,-0.01,484,133155,卖盘
170,14:42:45,2.76,--,4,1104,买盘
171,14:42:39,2.76,0.01,8,2208,买盘
172,14:42:36,2.75,-0.01,18,4950,卖盘
173,14:42:27,2.76,0.01,6,1766,买盘
174,14:42:24,2.75,--,36,9900,卖盘
175,14:42:18,2.75,--,93,25795,卖盘
176,14:42:09,2.75,-0.01,2,550,卖盘
177,14:42:06,2.76,0.01,40,11040,买盘
178,14:41:57,2.75,--,25,6875,卖盘
179,14:41:42,2.75,--,204,56100,卖盘
180,14:41:36,2.75,--,18,4950,卖盘
181,14:41:30,2.75,--,60,16500,卖盘
182,14:41:27,2.75,--,1,275,卖盘
183,14:41:09,2.75,--,34,9350,卖盘
184,14:41:06,2.75,--,30,8250,卖盘
185,14:41:00,2.75,-0.01,3,825,卖盘
186,14:40:51,2.76,--,474,130823,买盘
187,14:40:48,2.76,0.01,15,4140,买盘
188,14:40:42,2.75,--,10,2750,卖盘
189,14:40:39,2.75,-0.01,121,33275,卖盘
190,14:40:33,2.76,0.01,267,73692,买盘
191,14:40:30,2.75,--,47,12925,卖盘
192,14:40:27,2.75,--,4,1100,卖盘
193,14:40:21,2.75,--,60,16500,卖盘
194,14:40:12,2.75,-0.01,25,6875,卖盘
195,14:40:09,2.76,--,49,13523,买盘
196,14:40:06,2.76,--,1,276,买盘
197,14:39:51,2.76,0.01,40,11040,买盘
198,14:39:45,2.75,-0.01,551,151525,卖盘
199,14:39:39,2.76,--,40,11040,买盘
200,14:39:33,2.76,--,545,150420,买盘
201,14:39:24,2.76,0.01,1,276,买盘
202,14:39:21,2.75,-0.01,10,2750,卖盘
203,14:39:18,2.76,--,11,3035,买盘
204,14:39:06,2.76,--,2,552,买盘
205,14:38:51,2.76,--,20,5520,买盘
206,14:38:48,2.76,0.01,523,144348,买盘
207,14:38:39,2.75,-0.01,1,275,卖盘
208,14:38:36,2.76,0.01,17,4692,买盘
209,14:38:27,2.75,-0.01,61,16995,卖盘
210,14:38:24,2.76,--,535,147660,买盘
211,14:38:15,2.76,0.01,1,276,买盘
212,14:38:12,2.75,-0.01,50,13750,卖盘
213,14:38:06,2.76,0.01,10,2760,买盘
214,14:38:03,2.75,-0.01,9,2475,卖盘
215,14:37:57,2.76,--,100,27599,买盘
216,14:37:51,2.76,--,80,22080,买盘
217,14:37:48,2.76,--,14,3863,买盘
218,14:37:42,2.76,0.01,19,5244,买盘
219,14:37:30,2.75,--,1,275,卖盘
220,14:37:21,2.75,--,100,27500,卖盘
221,14:37:18,2.75,0.01,905,249095,买盘
222,14:37:15,2.74,-0.01,7,1972,卖盘
223,14:37:12,2.75,--,129,35475,买盘
224,14:37:09,2.75,--,871,239525,买盘
225,14:37:06,2.75,0.01,40,11000,买盘
226,14:37:03,2.74,-0.01,90,24660,卖盘
227,14:37:00,2.75,--,1000,275000,买盘
228,14:36:54,2.75,--,347,95425,买盘
229,14:36:48,2.75,--,20,5500,买盘
230,14:36:45,2.75,--,20,5500,买盘
231,14:36:42,2.75,--,1,275,买盘
232,14:36:33,2.75,0.01,63,17325,买盘
233,14:36:30,2.74,-0.01,9,2466,卖盘
234,14:36:27,2.75,--,422,116050,买盘
235,14:36:24,2.75,0.01,71,19525,买盘
236,14:36:18,2.74,-0.01,113,31071,卖盘
237,14:36:12,2.75,--,12,3300,买盘
238,14:36:09,2.75,0.01,535,147125,买盘
239,14:36:06,2.74,--,25,6959,卖盘
240,14:35:57,2.74,-0.01,28,7672,卖盘
241,14:35:42,2.75,--,48,13200,买盘
242,14:35:39,2.75,--,31,8525,买盘
243,14:35:27,2.75,--,2,550,买盘
244,14:35:21,2.75,0.01,104,28600,买盘
245,14:34:45,2.74,-0.01,40,10960,卖盘
246,14:34:36,2.75,--,11,3025,买盘
247,14:34:33,2.75,0.01,40,11000,买盘
248,14:34:30,2.74,-0.01,3,822,卖盘
249,14:34:27,2.75,--,19,5225,买盘
250,14:34:21,2.75,0.01,10,2750,买盘
251,14:34:15,2.74,-0.01,10,2740,卖盘
252,14:34:12,2.75,--,2,550,买盘
253,14:34:06,2.75,--,30,8250,买盘
254,14:34:03,2.75,--,46,12650,买盘
255,14:33:54,2.75,--,500,137500,买盘
256,14:33:48,2.75,--,30,8250,买盘
257,14:33:24,2.75,--,2,550,买盘
258,14:33:15,2.75,0.01,58,15950,买盘
259,14:33:12,2.74,-0.01,45,12330,卖盘
260,14:33:09,2.75,--,2217,609675,买盘
261,14:33:00,2.75,--,5,1375,买盘
262,14:32:51,2.75,--,70,19250,买盘
263,14:32:48,2.75,0.01,89,24475,买盘
264,14:32:42,2.74,-0.01,3,822,卖盘
265,14:32:39,2.75,--,267,73425,买盘
266,14:32:36,2.75,0.01,8,2200,买盘
267,14:32:33,2.74,-0.01,20,5480,卖盘
268,14:32:27,2.75,--,1,275,买盘
269,14:32:21,2.75,--,1,275,买盘
270,14:32:15,2.75,--,13,3575,买盘
271,14:32:12,2.75,0.01,2,550,买盘
272,14:31:54,2.74,--,25,6850,卖盘
273,14:31:51,2.74,-0.01,55,15070,卖盘
274,14:31:42,2.75,--,25,6875,买盘
275,14:31:36,2.75,0.01,3,825,买盘
276,14:31:30,2.74,-0.01,20,5480,卖盘
277,14:31:09,2.75,0.01,557,153175,买盘
278,14:31:06,2.74,--,626,171524,买盘
279,14:31:03,2.74,--,11,3014,买盘
280,14:30:57,2.74,--,6,1644,买盘
281,14:30:54,2.74,--,100,27400,买盘
282,14:30:51,2.74,--,75,20550,买盘
283,14:30:48,2.74,--,288,78912,卖盘
284,14:30:45,2.74,--,18,4932,卖盘
285,14:30:42,2.74,-0.01,500,137000,卖盘
286,14:30:39,2.75,0.01,92,25300,买盘
287,14:30:24,2.74,--,100,27400,卖盘
288,14:30:15,2.74,--,974,266876,买盘
289,14:30:12,2.74,0.01,1,274,买盘
290,14:30:06,2.73,-0.01,13,3549,卖盘
291,14:30:03,2.74,--,1940,531560,买盘
292,14:30:00,2.74,0.01,19,5206,买盘
293,14:29:54,2.73,-0.01,2,546,卖盘
294,14:29:45,2.74,0.01,500,137000,买盘
295,14:29:27,2.73,--,2,546,卖盘
296,14:29:09,2.73,--,35,9555,卖盘
297,14:28:54,2.73,--,1,273,卖盘
298,14:28:30,2.73,-0.01,9,2457,卖盘
299,14:28:18,2.74,--,3,822,买盘
300,14:28:15,2.74,0.01,20,5480,买盘
301,14:28:03,2.73,-0.01,10,2730,卖盘
302,14:27:48,2.74,--,210,57540,买盘
303,14:27:45,2.74,--,1,274,买盘
304,14:27:42,2.74,0.01,4,1096,买盘
305,14:27:39,2.73,-0.01,28,7644,卖盘
306,14:27:30,2.74,0.01,4,1096,买盘
307,14:27:27,2.73,-0.01,14,3822,卖盘
308,14:27:21,2.74,0.01,31,8494,买盘
309,14:27:12,2.73,--,27,7371,卖盘
310,14:27:06,2.73,-0.01,36,9828,卖盘
311,14:27:00,2.74,--,4,1096,买盘
312,14:26:42,2.74,0.01,22,6028,买盘
313,14:26:39,2.73,--,37,10101,卖盘
314,14:26:36,2.73,-0.01,10,2730,卖盘
315,14:26:30,2.74,--,50,13700,买盘
316,14:26:15,2.74,--,31,8494,买盘
317,14:26:03,2.74,0.01,6,1644,买盘
318,14:25:57,2.73,-0.01,48,13104,卖盘
319,14:25:54,2.74,--,5,1370,买盘
320,14:25:48,2.74,--,207,56718,买盘
321,14:25:24,2.74,0.01,100,27400,买盘
322,14:25:09,2.73,-0.01,16,4368,卖盘
323,14:24:54,2.74,--,2,548,买盘
324,14:24:51,2.74,--,1,274,买盘
325,14:24:42,2.74,0.01,4,1096,买盘
326,14:24:36,2.73,-0.01,30,8190,卖盘
327,14:24:27,2.74,--,982,269068,买盘
328,14:24:06,2.74,--,106,29044,买盘
329,14:24:03,2.74,--,20,5480,买盘
330,14:23:54,2.74,0.01,79,21646,买盘
331,14:23:36,2.73,--,47,12831,卖盘
332,14:23:24,2.73,-0.01,2,546,卖盘
333,14:23:21,2.74,0.01,1,274,买盘
334,14:23:18,2.73,--,10,2948,卖盘
335,14:23:12,2.73,--,35,9555,卖盘
336,14:23:03,2.73,-0.01,18,4914,卖盘
337,14:23:00,2.74,0.01,1,438,买盘
338,14:22:39,2.73,--,5,1365,卖盘
339,14:22:36,2.73,--,156,42588,卖盘
340,14:22:33,2.73,--,160,43680,卖盘
341,14:21:57,2.73,-0.01,2,546,卖盘
342,14:21:54,2.74,0.01,2,548,买盘
343,14:21:48,2.73,-0.01,43,11793,卖盘
344,14:21:45,2.74,--,64,17536,买盘
345,14:21:42,2.74,--,3,822,买盘
346,14:21:27,2.74,--,2,548,买盘
347,14:21:18,2.74,0.01,6,1644,买盘
348,14:21:06,2.73,-0.01,117,31941,卖盘
349,14:20:48,2.74,--,13,3562,买盘
350,14:20:42,2.74,--,3,822,买盘
351,14:20:39,2.74,0.01,7,1918,买盘
352,14:20:27,2.73,-0.01,50,13650,卖盘
353,14:20:18,2.74,--,3,822,买盘
354,14:20:15,2.74,--,60,16440,买盘
355,14:20:12,2.74,0.01,9,2466,买盘
356,14:20:03,2.73,--,58,15834,卖盘
357,14:19:45,2.73,-0.01,3,982,卖盘
358,14:19:39,2.74,0.01,22,6247,买盘
359,14:19:27,2.73,--,16,4368,卖盘
360,14:18:45,2.73,-0.01,10,2730,卖盘
361,14:18:42,2.74,--,70,19180,买盘
362,14:18:30,2.74,0.01,2,548,买盘
363,14:18:21,2.73,-0.01,234,63882,卖盘
364,14:18:15,2.74,0.01,61,16714,买盘
365,14:18:12,2.73,--,43,11739,卖盘
366,14:18:03,2.73,--,30,8190,卖盘
367,14:17:54,2.73,--,15,4095,卖盘
368,14:17:48,2.73,--,7,2129,卖盘
369,14:17:45,2.73,-0.01,9,2457,卖盘
370,14:17:36,2.74,--,100,27400,买盘
371,14:17:21,2.74,0.01,5,1370,买盘
372,14:17:18,2.73,--,10,2730,卖盘
373,14:17:12,2.73,-0.01,2,546,卖盘
374,14:17:09,2.74,--,31,8494,买盘
375,14:17:03,2.74,--,1,274,买盘
376,14:17:00,2.74,0.01,164,44936,买盘
377,14:16:57,2.73,-0.01,25,6825,卖盘
378,14:16:54,2.74,--,2,548,买盘
379,14:16:36,2.74,--,37,10138,买盘
380,14:16:21,2.74,--,20,5480,买盘
381,14:16:18,2.74,--,10,2740,买盘
382,14:16:15,2.74,--,141,38634,卖盘
383,14:16:12,2.74,--,46,12604,卖盘
384,14:16:09,2.74,--,19,5425,卖盘
385,14:16:06,2.74,--,100,27400,卖盘
386,14:16:03,2.74,--,100,27400,卖盘
387,14:16:00,2.74,--,24,6576,卖盘
388,14:15:57,2.74,--,50,13700,卖盘
389,14:15:42,2.74,--,1,274,卖盘
390,14:15:36,2.74,--,7,1918,卖盘
391,14:15:33,2.74,--,3,986,卖盘
392,14:15:30,2.74,--,3,822,卖盘
393,14:15:27,2.74,--,67,18358,卖盘
394,14:15:21,2.74,--,180,49320,卖盘
395,14:15:15,2.74,--,7,1972,卖盘
396,14:15:03,2.74,--,59,16275,卖盘
397,14:14:57,2.74,-0.01,40,10960,卖盘
398,14:14:33,2.75,0.01,3,825,买盘
399,14:14:30,2.74,-0.01,79,21646,卖盘
400,14:14:24,2.75,--,3,825,买盘
401,14:13:42,2.75,--,14,3850,买盘
402,14:13:12,2.75,--,67,18425,买盘
403,14:13:06,2.75,0.01,47,12925,买盘
404,14:12:51,2.74,--,20,5699,卖盘
405,14:12:42,2.74,--,102,27948,卖盘
406,14:12:33,2.74,--,20,5480,卖盘
407,14:12:30,2.74,-0.01,5,1370,卖盘
408,14:12:24,2.75,--,1,275,买盘
409,14:12:21,2.75,0.01,101,27995,买盘
410,14:12:15,2.74,-0.01,100,27400,卖盘
411,14:12:12,2.75,0.01,1,275,买盘
412,14:12:09,2.74,--,1,274,卖盘
413,14:12:03,2.74,--,2,767,卖盘
414,14:11:57,2.74,-0.01,62,16988,卖盘
415,14:11:51,2.75,--,1,275,买盘
416,14:11:45,2.75,0.01,5,1375,买盘
417,14:11:36,2.74,--,40,10960,卖盘
418,14:11:21,2.74,--,10,2740,卖盘
419,14:11:15,2.74,-0.01,72,19728,卖盘
420,14:11:12,2.75,0.01,2,550,买盘
421,14:11:00,2.74,--,40,10960,卖盘
422,14:10:18,2.74,--,2,548,卖盘
423,14:10:06,2.74,--,53,14741,卖盘
424,14:09:57,2.74,--,30,8220,卖盘
425,14:09:42,2.74,-0.01,20,5644,卖盘
426,14:09:27,2.75,0.01,1,275,买盘
427,14:09:24,2.74,-0.01,2,548,卖盘
428,14:09:21,2.75,0.01,139,38445,买盘
429,14:09:15,2.74,--,5,1370,卖盘
430,14:08:48,2.74,-0.01,49,13426,卖盘
431,14:08:39,2.75,0.01,50,13750,买盘
432,14:08:30,2.74,--,50,13700,卖盘
433,14:08:21,2.74,--,100,27400,卖盘
434,14:08:15,2.74,-0.01,30,8220,卖盘
435,14:08:00,2.75,--,55,15235,买盘
436,14:07:57,2.75,0.01,13,3575,买盘
437,14:07:48,2.74,--,8,2192,卖盘
438,14:07:39,2.74,--,248,67952,卖盘
439,14:07:33,2.74,--,3,986,卖盘
440,14:07:30,2.74,--,4,1096,卖盘
441,14:07:18,2.74,--,1,493,卖盘
442,14:07:15,2.74,--,4,1205,卖盘
443,14:07:06,2.74,-0.01,3,822,卖盘
444,14:06:54,2.75,0.01,165,45375,买盘
445,14:06:42,2.74,-0.01,9,2466,卖盘
446,14:06:21,2.75,0.01,140,38500,买盘
447,14:06:18,2.74,--,36,9864,卖盘
448,14:06:12,2.74,-0.01,400,109600,卖盘
449,14:05:51,2.75,0.01,21,5775,买盘
450,14:05:33,2.74,-0.01,40,10960,卖盘
451,14:05:18,2.75,0.01,2,550,买盘
452,14:05:15,2.74,-0.01,0,109,卖盘
453,14:05:06,2.75,--,1,275,买盘
454,14:04:57,2.75,0.01,10,2750,买盘
455,14:04:51,2.74,-0.01,21,5918,卖盘
456,14:04:39,2.75,--,1,275,买盘
457,14:04:36,2.75,--,351,96525,买盘
458,14:04:27,2.75,0.01,1,275,买盘
459,14:04:12,2.74,--,200,54800,卖盘
460,14:04:09,2.74,--,30,8220,卖盘
461,14:04:06,2.74,-0.01,200,54800,卖盘
462,14:03:54,2.75,0.01,2,550,买盘
463,14:03:51,2.74,--,4,1096,卖盘
464,14:03:21,2.74,-0.01,10,2740,卖盘
465,14:03:06,2.75,--,30,8250,买盘
466,14:03:03,2.75,--,1,275,买盘
467,14:02:57,2.75,--,94,25850,买盘
468,14:02:48,2.75,0.01,2,550,买盘
469,14:02:45,2.74,-0.01,180,49320,卖盘
470,14:02:36,2.75,0.01,1,275,买盘
471,14:02:30,2.74,--,20,5480,卖盘
472,14:02:24,2.74,--,10,2740,卖盘
473,14:02:18,2.74,-0.01,6,1644,卖盘
474,14:02:03,2.75,0.01,10,2750,买盘
475,14:01:57,2.74,--,1,274,卖盘
476,14:01:45,2.74,--,0,164,卖盘
477,14:01:39,2.74,--,1,274,卖盘
478,14:01:30,2.74,--,1,274,卖盘
479,14:01:03,2.74,-0.01,23,6302,卖盘
480,14:00:57,2.75,0.01,1,275,买盘
481,14:00:51,2.74,--,162,44388,卖盘
482,14:00:48,2.74,--,100,27400,卖盘
483,14:00:36,2.74,--,6,1644,卖盘
484,14:00:33,2.74,-0.01,51,14138,卖盘
485,14:00:18,2.75,0.01,66,18260,买盘
486,14:00:00,2.74,--,32,8768,卖盘
487,13:59:57,2.74,-0.01,30,8220,卖盘
488,13:59:54,2.75,0.01,1,275,买盘
489,13:59:42,2.74,-0.01,64,17536,卖盘
490,13:59:36,2.75,0.01,500,137500,买盘
491,13:59:24,2.74,--,100,27400,卖盘
492,13:59:21,2.74,-0.01,30,8220,卖盘
493,13:59:18,2.75,--,100,27500,买盘
494,13:59:15,2.75,0.01,30,8250,买盘
495,13:59:12,2.74,-0.01,200,54800,卖盘
496,13:59:09,2.75,--,4,1100,买盘
497,13:59:06,2.75,--,2,550,买盘
498,13:58:57,2.75,0.01,2,550,买盘
499,13:58:51,2.74,--,30,8220,卖盘
500,13:58:48,2.74,-0.01,3,822,卖盘
501,13:58:45,2.75,0.01,2,550,买盘
502,13:58:42,2.74,-0.01,1,274,卖盘
503,13:58:30,2.75,--,3,825,买盘
504,13:58:09,2.75,--,19,5225,买盘
505,13:58:03,2.75,0.01,46,12650,买盘
506,13:57:54,2.74,-0.01,31,8603,卖盘
507,13:57:51,2.75,--,20,5500,买盘
508,13:57:39,2.75,--,1,275,买盘
509,13:57:36,2.75,0.01,18,4950,买盘
510,13:57:33,2.74,--,15,4110,卖盘
511,13:57:24,2.74,--,8,2192,卖盘
512,13:57:15,2.74,-0.01,77,21098,卖盘
513,13:57:00,2.75,--,97,26675,买盘
514,13:56:42,2.75,0.01,85,23375,买盘
515,13:56:36,2.74,--,50,13700,卖盘
516,13:56:30,2.74,--,20,5480,卖盘
517,13:56:24,2.74,--,328,89926,卖盘
518,13:56:18,2.74,--,131,36003,卖盘
519,13:56:12,2.74,--,6,1644,卖盘
520,13:56:06,2.74,--,376,103188,买盘
521,13:56:03,2.74,--,78,21372,买盘
522,13:56:00,2.74,--,56,15344,买盘
523,13:55:57,2.74,--,240,65760,买盘
524,13:55:54,2.74,--,18,4932,买盘
525,13:55:51,2.74,--,107,29318,买盘
526,13:55:45,2.74,--,10,2740,买盘
527,13:55:42,2.74,--,10,2740,买盘
528,13:55:39,2.74,--,210,57540,买盘
529,13:55:36,2.74,0.01,24,6576,买盘
530,13:55:33,2.73,-0.01,17,4641,卖盘
531,13:55:27,2.74,--,49,13426,买盘
532,13:55:21,2.74,0.01,200,54800,买盘
533,13:55:18,2.73,-0.01,20,5460,卖盘
534,13:55:15,2.74,--,41,11234,买盘
535,13:55:12,2.74,--,41,11234,买盘
536,13:55:09,2.74,0.01,52,14248,买盘
537,13:55:06,2.73,-0.01,10,2730,卖盘
538,13:54:54,2.74,0.01,22,6028,买盘
539,13:54:33,2.73,--,388,105924,卖盘
540,13:54:30,2.73,--,144,39312,卖盘
541,13:53:21,2.73,-0.01,19,5187,卖盘
542,13:53:18,2.74,0.01,1,274,买盘
543,13:53:09,2.73,-0.01,10,2730,卖盘
544,13:52:57,2.74,--,5,1370,买盘
545,13:52:45,2.74,0.01,5,1370,买盘
546,13:52:36,2.73,--,50,13650,卖盘
547,13:52:06,2.73,-0.01,0,218,卖盘
548,13:52:00,2.74,--,5,1370,买盘
549,13:51:57,2.74,--,32,8768,买盘
550,13:51:51,2.74,--,2,548,买盘
551,13:51:45,2.74,--,30,8220,买盘
552,13:51:39,2.74,0.01,10,2740,买盘
553,13:51:27,2.73,--,1,273,卖盘
554,13:51:24,2.73,-0.01,2,546,卖盘
555,13:51:18,2.74,--,10,2740,买盘
556,13:51:15,2.74,--,34,9316,买盘
557,13:51:06,2.74,0.01,30,8220,买盘
558,13:50:57,2.73,-0.01,25,6879,卖盘
559,13:50:33,2.74,--,5,1370,买盘
560,13:50:15,2.74,0.01,1,274,买盘
561,13:50:09,2.73,-0.01,4,1201,卖盘
562,13:50:06,2.74,0.01,23,6302,买盘
563,13:49:54,2.73,--,2,546,卖盘
564,13:49:51,2.73,--,327,89271,卖盘
565,13:49:48,2.73,--,3,982,卖盘
566,13:49:24,2.73,-0.01,50,13650,卖盘
567,13:49:21,2.74,--,11,3014,买盘
568,13:49:00,2.74,--,20,5480,买盘
569,13:48:57,2.74,--,343,93982,卖盘
570,13:48:45,2.74,--,19,5206,卖盘
571,13:48:42,2.74,--,1,274,卖盘
572,13:48:33,2.74,--,57,15618,卖盘
573,13:48:18,2.74,--,630,172620,卖盘
574,13:48:09,2.74,--,240,65760,卖盘
575,13:47:54,2.74,-0.01,72,19728,卖盘
576,13:47:42,2.75,0.01,4,1100,买盘
577,13:47:36,2.74,--,25,6959,卖盘
578,13:47:18,2.74,--,3,822,卖盘
579,13:47:06,2.74,--,1,493,卖盘
580,13:47:03,2.74,-0.01,64,17755,卖盘
581,13:46:57,2.75,0.01,107,29425,买盘
582,13:46:48,2.74,--,2,548,卖盘
583,13:46:36,2.74,--,5,1370,卖盘
584,13:46:21,2.74,--,40,11179,卖盘
585,13:46:12,2.74,-0.01,48,13316,卖盘
586,13:46:00,2.75,0.01,25,6875,买盘
587,13:45:57,2.74,-0.01,10,2740,卖盘
588,13:45:51,2.75,--,11,3025,买盘
589,13:45:48,2.75,0.01,300,82500,买盘
590,13:45:33,2.74,-0.01,10,2740,卖盘
591,13:45:30,2.75,--,10,2750,买盘
592,13:45:21,2.75,--,100,27500,买盘
593,13:45:18,2.75,0.01,19,5225,买盘
594,13:45:15,2.74,--,10,2740,卖盘
595,13:44:51,2.74,--,98,27016,买盘
596,13:44:42,2.74,--,20,5480,买盘
597,13:44:39,2.74,--,49,13426,买盘
598,13:44:36,2.74,--,36,9864,买盘
599,13:44:30,2.74,--,100,27400,买盘
600,13:44:27,2.74,--,1,274,买盘
601,13:44:24,2.74,--,45,12330,买盘
602,13:44:21,2.74,--,30,8220,买盘
603,13:44:18,2.74,--,120,32880,买盘
604,13:44:15,2.74,--,22,6028,买盘
605,13:43:54,2.74,--,20,5480,买盘
606,13:43:45,2.74,0.01,2,548,买盘
607,13:43:39,2.73,-0.01,1,273,卖盘
608,13:43:30,2.74,0.01,211,57814,买盘
609,13:43:15,2.73,-0.01,54,14742,卖盘
610,13:43:09,2.74,--,83,22742,买盘
611,13:43:03,2.74,--,14,3836,买盘
612,13:42:45,2.74,--,25,6850,买盘
613,13:42:36,2.74,--,70,19180,买盘
614,13:42:00,2.74,--,30,8220,买盘
615,13:41:45,2.74,0.01,1,274,买盘
616,13:41:39,2.73,--,9,2457,卖盘
617,13:41:30,2.73,-0.01,13,3712,卖盘
618,13:41:21,2.74,--,28,7672,买盘
619,13:41:15,2.74,0.01,1,274,买盘
620,13:41:09,2.73,--,1,491,卖盘
621,13:41:06,2.73,-0.01,200,54600,卖盘
622,13:40:57,2.74,--,219,60006,买盘
623,13:40:48,2.74,0.01,10,2740,买盘
624,13:40:45,2.73,--,39,10865,卖盘
625,13:40:39,2.73,--,18,4914,卖盘
626,13:40:36,2.73,-0.01,4,1092,卖盘
627,13:40:21,2.74,--,30,8220,买盘
628,13:40:12,2.74,--,21,5973,卖盘
629,13:40:06,2.74,--,0,109,卖盘
630,13:40:03,2.74,--,49,13645,买盘
631,13:40:00,2.74,--,5,1370,买盘
632,13:39:57,2.74,--,1,274,买盘
633,13:39:54,2.74,--,10,2740,买盘
634,13:39:48,2.74,--,2,548,买盘
635,13:39:39,2.74,--,20,5480,买盘
636,13:39:27,2.74,--,55,15070,买盘
637,13:39:24,2.74,--,11,3068,卖盘
638,13:39:21,2.74,-0.01,20,5480,卖盘
639,13:39:12,2.75,--,9,2475,买盘
640,13:39:03,2.75,0.01,2,550,买盘
641,13:38:54,2.74,-0.01,181,49813,卖盘
642,13:38:51,2.75,0.01,1,275,买盘
643,13:38:39,2.74,--,4,1096,卖盘
644,13:38:06,2.74,-0.01,120,32880,卖盘
645,13:38:03,2.75,--,1,275,买盘
646,13:37:54,2.75,--,6,1650,买盘
647,13:37:48,2.75,0.01,4,1100,买盘
648,13:37:36,2.74,-0.01,205,56170,卖盘
649,13:37:30,2.75,0.01,201,55275,买盘
650,13:37:24,2.74,--,322,88282,卖盘
651,13:37:03,2.74,--,20,5480,卖盘
652,13:37:00,2.74,--,100,27400,卖盘
653,13:36:36,2.74,-0.01,149,40935,卖盘
654,13:36:24,2.75,--,19,5445,买盘
655,13:36:06,2.75,--,18,4950,买盘
656,13:36:00,2.75,0.01,4,1100,买盘
657,13:35:45,2.74,-0.01,7,2137,卖盘
658,13:35:39,2.75,0.01,1,275,买盘
659,13:35:27,2.74,--,9,2466,卖盘
660,13:35:24,2.74,-0.01,70,19180,卖盘
661,13:35:18,2.75,0.01,19,5335,买盘
662,13:35:15,2.74,--,523,143521,卖盘
663,13:35:12,2.74,--,10,2740,卖盘
664,13:34:57,2.74,--,75,20714,卖盘
665,13:34:42,2.74,-0.01,462,126588,卖盘
666,13:34:33,2.75,--,56,15400,买盘
667,13:34:27,2.75,0.01,20,5500,买盘
668,13:34:21,2.74,-0.01,11,3014,卖盘
669,13:34:03,2.75,0.01,2,550,买盘
670,13:33:54,2.74,-0.01,8,2192,卖盘
671,13:33:24,2.75,0.01,2,550,买盘
672,13:33:12,2.74,--,1,274,卖盘
673,13:33:09,2.74,--,2,548,卖盘
674,13:33:06,2.74,-0.01,68,18632,卖盘
675,13:33:03,2.75,--,10,2750,买盘
676,13:33:00,2.75,--,9,2475,买盘
677,13:32:42,2.75,--,82,22550,买盘
678,13:32:24,2.75,--,3,825,买盘
679,13:32:21,2.75,0.01,18,4950,买盘
680,13:32:18,2.74,-0.01,20,5480,卖盘
681,13:32:15,2.75,--,2,550,买盘
682,13:32:09,2.75,--,1,275,买盘
683,13:32:06,2.75,0.01,7,1925,买盘
684,13:31:51,2.74,-0.01,49,13426,卖盘
685,13:31:45,2.75,0.01,15,4125,买盘
686,13:31:36,2.74,--,20,5480,卖盘
687,13:31:18,2.74,-0.01,1,274,卖盘
688,13:30:39,2.75,0.01,1,275,买盘
689,13:30:36,2.74,--,130,35674,买盘
690,13:30:30,2.74,--,58,15892,卖盘
691,13:30:24,2.74,--,20,5480,卖盘
692,13:30:21,2.74,--,5,1370,卖盘
693,13:30:09,2.74,--,8,2192,买盘
694,13:30:06,2.74,--,2,548,卖盘
695,13:30:03,2.74,--,23,6302,买盘
696,13:29:57,2.74,--,12,3288,买盘
697,13:29:48,2.74,0.01,5,1370,买盘
698,13:29:42,2.73,-0.01,50,13650,卖盘
699,13:29:39,2.74,--,5,1370,买盘
700,13:29:36,2.74,--,8,2192,买盘
701,13:29:30,2.74,0.01,5,1370,买盘
702,13:29:09,2.73,-0.01,10,2730,卖盘
703,13:29:03,2.74,--,22,6028,买盘
704,13:29:00,2.74,--,1,274,买盘
705,13:28:51,2.74,0.01,1,274,买盘
706,13:28:36,2.73,--,11,3003,卖盘
707,13:28:33,2.73,-0.01,33,9009,卖盘
708,13:28:30,2.74,--,1100,301569,买盘
709,13:28:27,2.74,0.01,40,10960,买盘
710,13:28:12,2.73,--,2,546,卖盘
711,13:28:06,2.73,--,36,9828,卖盘
712,13:27:51,2.73,-0.01,30,8190,卖盘
713,13:27:48,2.74,0.01,24,6576,买盘
714,13:27:45,2.73,--,1500,409500,卖盘
715,13:27:42,2.73,-0.01,90,24570,卖盘
716,13:27:39,2.74,--,2,548,买盘
717,13:27:33,2.74,--,10,2740,买盘
718,13:27:24,2.74,--,13,3562,买盘
719,13:27:21,2.74,--,162,44388,买盘
720,13:27:03,2.74,--,1,274,买盘
721,13:26:51,2.74,--,425,116554,卖盘
722,13:26:48,2.74,--,29,7946,卖盘
723,13:26:45,2.74,--,27,7617,卖盘
724,13:26:42,2.74,--,24,6576,卖盘
725,13:26:39,2.74,--,405,110970,卖盘
726,13:26:33,2.74,--,12,3288,卖盘
727,13:26:30,2.74,--,117,32058,卖盘
728,13:26:24,2.74,--,10,2740,卖盘
729,13:26:18,2.74,--,40,10960,卖盘
730,13:26:15,2.74,-0.01,475,130369,卖盘
731,13:26:12,2.75,0.01,10,2750,买盘
732,13:26:09,2.74,--,31,8494,卖盘
733,13:26:03,2.74,--,94,25756,卖盘
734,13:26:00,2.74,--,307,84118,卖盘
735,13:25:57,2.74,--,50,13700,卖盘
736,13:25:54,2.74,--,10,2740,卖盘
737,13:25:42,2.74,--,1,274,卖盘
738,13:25:21,2.74,-0.01,87,23838,卖盘
739,13:25:15,2.75,--,100,27500,买盘
740,13:24:18,2.75,--,2,550,买盘
741,13:24:09,2.75,--,7,1925,买盘
742,13:23:57,2.75,0.01,33,9075,买盘
743,13:23:36,2.74,--,45,12330,卖盘
744,13:23:09,2.74,--,10,2959,卖盘
745,13:22:57,2.74,--,10,2740,卖盘
746,13:22:54,2.74,--,20,5480,卖盘
747,13:22:51,2.74,-0.01,30,8220,卖盘
748,13:22:39,2.75,0.01,26,7150,买盘
749,13:22:21,2.74,-0.01,10,2740,卖盘
750,13:22:12,2.75,0.01,19,5225,买盘
751,13:22:09,2.74,--,40,10960,卖盘
752,13:22:03,2.74,-0.01,6,1644,卖盘
753,13:21:54,2.75,0.01,13,3575,买盘
754,13:21:51,2.74,--,190,52060,卖盘
755,13:21:45,2.74,--,104,28550,卖盘
756,13:21:36,2.74,-0.01,3,822,卖盘
757,13:21:33,2.75,0.01,2,550,买盘
758,13:21:21,2.74,--,525,144014,卖盘
759,13:21:18,2.74,--,10,2740,卖盘
760,13:21:06,2.74,-0.01,32,8768,卖盘
761,13:21:00,2.75,0.01,45,12375,买盘
762,13:20:45,2.74,--,6,1644,卖盘
763,13:20:12,2.74,-0.01,1,493,卖盘
764,13:20:09,2.75,0.01,12,3300,买盘
765,13:19:36,2.74,-0.01,12,3288,卖盘
766,13:19:33,2.75,0.01,3,825,买盘
767,13:19:30,2.74,--,23,6411,卖盘
768,13:19:21,2.74,--,5,1370,卖盘
769,13:19:12,2.74,--,125,34250,卖盘
770,13:19:09,2.74,--,40,10960,卖盘
771,13:19:06,2.74,--,29,7946,卖盘
772,13:18:57,2.74,--,3,822,卖盘
773,13:18:33,2.74,--,100,27400,卖盘
774,13:18:30,2.74,-0.01,24,6576,卖盘
775,13:18:27,2.75,0.01,4,1100,买盘
776,13:18:21,2.74,-0.01,34,9316,卖盘
777,13:18:09,2.75,--,12,3300,买盘
778,13:17:48,2.75,--,10,2750,买盘
779,13:17:45,2.75,--,7,1925,买盘
780,13:17:33,2.75,--,57,15895,卖盘
781,13:17:30,2.75,--,851,234135,卖盘
782,13:17:27,2.75,--,3,825,卖盘
783,13:17:21,2.75,--,144,39765,卖盘
784,13:17:18,2.75,--,15,4125,卖盘
785,13:17:12,2.75,--,30,8250,卖盘
786,13:17:09,2.75,--,21,5775,卖盘
787,13:16:57,2.75,--,88,24365,卖盘
788,13:16:48,2.75,--,194,53460,卖盘
789,13:16:45,2.75,-0.01,10,2750,卖盘
790,13:16:42,2.76,0.01,40,11040,买盘
791,13:16:33,2.75,--,10,2750,卖盘
792,13:16:27,2.75,--,98,26950,卖盘
793,13:16:24,2.75,-0.01,350,96250,卖盘
794,13:16:09,2.76,0.01,100,27599,买盘
795,13:16:00,2.75,-0.01,5,1375,卖盘
796,13:15:42,2.76,0.01,24,6623,买盘
797,13:15:36,2.75,-0.01,21,5775,卖盘
798,13:15:33,2.76,0.01,56,15455,买盘
799,13:15:18,2.75,--,211,58025,卖盘
800,13:15:06,2.75,-0.01,5,1375,卖盘
801,13:15:00,2.76,--,50,13799,买盘
802,13:14:42,2.76,0.01,147,40572,买盘
803,13:14:33,2.75,--,7,1925,卖盘
804,13:14:27,2.75,-0.01,468,128700,卖盘
805,13:14:21,2.76,0.01,20,5520,买盘
806,13:14:18,2.75,--,15,4125,卖盘
807,13:14:00,2.75,-0.01,118,32670,卖盘
808,13:13:54,2.76,0.01,1,276,买盘
809,13:13:36,2.75,-0.01,10,2750,卖盘
810,13:13:30,2.76,--,3,827,买盘
811,13:13:27,2.76,--,2,552,买盘
812,13:13:21,2.76,0.01,4,1104,买盘
813,13:13:06,2.75,-0.01,30,8250,卖盘
814,13:13:03,2.76,--,3,827,买盘
815,13:12:51,2.76,0.01,1,276,买盘
816,13:12:48,2.75,-0.01,663,182435,卖盘
817,13:12:42,2.76,0.01,1,276,买盘
818,13:12:30,2.75,-0.01,1,385,卖盘
819,13:12:27,2.76,0.01,2,552,买盘
820,13:12:24,2.75,-0.01,2,550,卖盘
821,13:11:48,2.76,--,30,8280,买盘
822,13:11:42,2.76,0.01,8,2208,买盘
823,13:11:33,2.75,-0.01,1,275,卖盘
824,13:11:30,2.76,--,3,827,买盘
825,13:11:24,2.76,--,156,43056,买盘
826,13:11:21,2.76,0.01,146,40296,买盘
827,13:11:18,2.75,-0.01,3,825,卖盘
828,13:11:12,2.76,--,73,20148,买盘
829,13:11:03,2.76,--,150,41400,买盘
830,13:11:00,2.76,--,40,11040,买盘
831,13:10:57,2.76,--,2,552,买盘
832,13:10:54,2.76,0.01,37,10212,买盘
833,13:10:51,2.75,-0.01,19,5225,卖盘
834,13:10:24,2.76,--,181,49955,买盘
835,13:10:09,2.76,--,300,82800,买盘
836,13:10:03,2.76,--,43,11867,买盘
837,13:09:45,2.76,--,10,2760,买盘
838,13:09:39,2.76,--,3,827,买盘
839,13:09:30,2.76,0.01,20,5520,买盘
840,13:09:24,2.75,--,1,275,卖盘
841,13:09:21,2.75,-0.01,1,495,卖盘
842,13:09:18,2.76,0.01,10,2760,买盘
843,13:08:24,2.75,-0.01,48,13200,卖盘
844,13:08:21,2.76,--,124,34224,买盘
845,13:08:18,2.76,--,21,5796,买盘
846,13:08:06,2.76,--,13,3587,买盘
847,13:08:03,2.76,--,37,10212,买盘
848,13:07:48,2.76,--,20,5520,买盘
849,13:07:30,2.76,--,78,21528,买盘
850,13:07:27,2.76,--,1,276,买盘
851,13:07:24,2.76,--,5,1380,买盘
852,13:07:18,2.76,--,3,1048,买盘
853,13:07:09,2.76,0.01,1,276,买盘
854,13:06:57,2.75,--,20,5500,卖盘
855,13:06:48,2.75,--,23,6490,卖盘
856,13:06:12,2.75,-0.01,70,19250,卖盘
857,13:05:57,2.76,--,10,2760,买盘
858,13:05:45,2.76,--,9,2484,买盘
859,13:05:39,2.76,--,10,2760,买盘
860,13:05:27,2.76,0.01,1,276,买盘
861,13:05:18,2.75,--,0,220,卖盘
862,13:05:09,2.75,-0.01,50,13750,卖盘
863,13:05:00,2.76,0.01,92,25391,买盘
864,13:04:57,2.75,-0.01,19,5280,卖盘
865,13:04:27,2.76,0.01,3,827,买盘
866,13:04:21,2.75,--,1,275,卖盘
867,13:04:18,2.75,-0.01,13,3575,卖盘
868,13:04:15,2.76,--,6,1655,买盘
869,13:04:00,2.76,--,200,55199,买盘
870,13:03:57,2.76,0.01,42,11592,买盘
871,13:03:54,2.75,--,356,97900,卖盘
872,13:03:51,2.75,--,20,5500,卖盘
873,13:03:36,2.75,--,200,55000,卖盘
874,13:03:30,2.75,--,50,13750,卖盘
875,13:03:24,2.75,--,33,9075,卖盘
876,13:03:21,2.75,-0.01,38,10450,卖盘
877,13:03:18,2.76,0.01,10,2760,买盘
878,13:03:12,2.75,-0.01,36,9900,卖盘
879,13:02:48,2.76,0.01,10,2760,买盘
880,13:02:45,2.75,-0.01,6,1650,卖盘
881,13:02:39,2.76,--,18,4968,买盘
882,13:02:21,2.76,--,70,19320,买盘
883,13:02:18,2.76,--,7,1931,买盘
884,13:02:12,2.76,0.01,2,552,买盘
885,13:02:09,2.75,-0.01,15,4125,卖盘
886,13:01:57,2.76,--,2,552,买盘
887,13:01:48,2.76,--,5,1380,买盘
888,13:01:33,2.76,0.01,6,1655,买盘
889,13:01:24,2.75,-0.01,3,825,卖盘
890,13:01:18,2.76,0.01,200,55199,买盘
891,13:01:12,2.75,-0.01,201,55275,卖盘
892,13:01:09,2.76,--,8483,2341308,买盘
893,13:01:03,2.76,0.01,31,8556,买盘
894,13:01:00,2.75,--,1,495,卖盘
895,13:00:48,2.75,-0.01,3,990,卖盘
896,13:00:39,2.76,0.02,3,827,买盘
897,13:00:33,2.74,-0.01,10,2740,卖盘
898,13:00:30,2.75,--,4167,1146062,买盘
899,13:00:21,2.75,--,1,275,买盘
900,13:00:15,2.75,--,10,2750,买盘
901,13:00:12,2.75,--,40,11000,买盘
902,13:00:09,2.75,--,17,4675,买盘
903,13:00:06,2.75,--,103,28325,买盘
904,13:00:03,2.75,0.01,372,102470,买盘
905,13:00:00,2.74,--,0,0,卖盘
906,11:30:00,2.74,--,1,274,卖盘
907,11:29:57,2.74,-0.01,3,822,卖盘
908,11:29:42,2.75,0.01,41,11495,买盘
909,11:29:30,2.74,-0.01,201,55074,卖盘
910,11:29:27,2.75,0.01,4,1100,买盘
911,11:29:18,2.74,-0.01,1,274,卖盘
912,11:29:03,2.75,0.01,6,1650,买盘
913,11:28:57,2.74,--,72,19728,卖盘
914,11:28:51,2.74,--,20,5480,卖盘
915,11:28:48,2.74,-0.01,5,1370,卖盘
916,11:28:39,2.75,0.01,10,2750,买盘
917,11:28:36,2.74,--,2,548,卖盘
918,11:28:30,2.74,--,150,41100,卖盘
919,11:28:21,2.74,--,20,5480,卖盘
920,11:28:18,2.74,--,91,24934,卖盘
921,11:28:03,2.74,--,6,1644,卖盘
922,11:27:57,2.74,-0.01,50,13700,卖盘
923,11:27:30,2.75,--,31,8525,买盘
924,11:27:24,2.75,--,1,275,买盘
925,11:27:18,2.75,--,4,1100,买盘
926,11:27:09,2.75,0.01,2,550,买盘
927,11:27:00,2.74,--,25,6850,卖盘
928,11:26:24,2.74,--,928,254354,买盘
929,11:26:15,2.74,--,11,3014,买盘
930,11:26:03,2.74,--,216,59184,买盘
931,11:25:54,2.74,--,1692,463608,买盘
932,11:25:42,2.74,--,1,274,买盘
933,11:25:33,2.74,--,9,2466,买盘
934,11:25:21,2.74,--,1,274,买盘
935,11:25:15,2.74,--,51,13974,买盘
936,11:24:57,2.74,--,88,24249,卖盘
937,11:24:54,2.74,-0.01,39,10686,卖盘
938,11:24:51,2.75,--,50,13750,买盘
939,11:24:48,2.75,--,67,18425,买盘
940,11:24:45,2.75,0.01,12,3300,买盘
941,11:24:39,2.74,-0.01,29,7946,卖盘
942,11:24:36,2.75,0.01,26,7150,买盘
943,11:24:30,2.74,-0.01,103,28222,卖盘
944,11:24:18,2.75,--,79,21725,买盘
945,11:24:09,2.75,0.01,180,49500,买盘
946,11:24:00,2.74,-0.01,3,931,卖盘
947,11:23:48,2.75,0.01,73,20075,买盘
948,11:23:42,2.74,--,97,26578,卖盘
949,11:23:33,2.74,--,13,3562,卖盘
950,11:23:30,2.74,--,60,16577,卖盘
951,11:23:24,2.74,-0.01,5,1479,卖盘
952,11:23:21,2.75,--,10,2750,买盘
953,11:23:18,2.75,0.01,1,275,买盘
954,11:23:15,2.74,-0.01,17,4658,卖盘
955,11:23:12,2.75,--,30,8470,买盘
956,11:23:06,2.75,--,10,2750,买盘
957,11:22:45,2.75,--,2,550,买盘
958,11:22:30,2.75,--,41,11275,买盘
959,11:22:24,2.75,--,20,5500,买盘
960,11:22:15,2.75,--,2,550,买盘
961,11:22:12,2.75,--,1,275,买盘
962,11:22:03,2.75,0.01,1,275,买盘
963,11:22:00,2.74,-0.01,21,5918,卖盘
964,11:21:45,2.75,--,1,275,买盘
965,11:21:42,2.75,--,13,3575,买盘
966,11:21:33,2.75,--,20,5500,买盘
967,11:21:30,2.75,--,10,2750,买盘
968,11:21:15,2.75,--,55,15125,买盘
969,11:21:09,2.75,0.01,70,19250,买盘
970,11:20:51,2.74,-0.01,10,2959,卖盘
971,11:20:48,2.75,0.01,2,550,买盘
972,11:20:45,2.74,-0.01,5,1370,卖盘
973,11:20:42,2.75,0.01,33,9075,买盘
974,11:20:33,2.74,--,5,1370,卖盘
975,11:20:21,2.74,--,103,28222,卖盘
976,11:20:15,2.74,-0.01,15,4274,卖盘
977,11:20:12,2.75,0.01,171,47025,买盘
978,11:20:09,2.74,-0.01,1,274,卖盘
979,11:20:06,2.75,0.01,291,80025,买盘
980,11:20:03,2.74,--,895,245339,买盘
981,11:20:00,2.74,--,7,1918,买盘
982,11:19:57,2.74,--,199,54526,买盘
983,11:19:42,2.74,--,15,4110,买盘
984,11:19:39,2.74,--,2,548,买盘
985,11:19:06,2.74,--,200,54800,买盘
986,11:19:00,2.74,0.01,1,274,买盘
987,11:18:03,2.73,--,54,14742,卖盘
988,11:17:42,2.73,-0.01,34,9282,卖盘
989,11:17:36,2.74,0.01,3,822,买盘
990,11:17:30,2.73,--,6,1638,卖盘
991,11:17:18,2.73,-0.01,20,5460,卖盘
992,11:17:15,2.74,0.01,63,17262,买盘
993,11:17:06,2.73,--,54,14742,卖盘
994,11:16:39,2.73,--,14,3822,卖盘
995,11:16:33,2.73,-0.01,22,6006,卖盘
996,11:16:12,2.74,0.01,1000,274000,买盘
997,11:15:57,2.73,-0.01,500,136500,卖盘
998,11:15:54,2.74,--,40,10960,买盘
999,11:15:45,2.74,--,7,1918,买盘
1000,11:15:42,2.74,--,1,274,买盘
1001,11:15:39,2.74,--,23,6302,买盘
1002,11:15:12,2.74,0.01,3,822,买盘
1003,11:15:06,2.73,-0.01,19,5405,卖盘
1004,11:15:03,2.74,0.01,28,7672,买盘
1005,11:14:51,2.73,-0.01,100,27300,卖盘
1006,11:14:48,2.74,--,207,56718,买盘
1007,11:14:39,2.74,--,4,1096,买盘
1008,11:14:18,2.74,0.01,212,58088,买盘
1009,11:14:09,2.73,--,40,10920,卖盘
1010,11:14:03,2.73,--,8,2184,卖盘
1011,11:13:57,2.73,--,260,70980,卖盘
1012,11:13:51,2.73,-0.01,16,4368,卖盘
1013,11:13:48,2.74,0.01,184,50416,买盘
1014,11:13:33,2.73,--,7,1965,卖盘
1015,11:13:21,2.73,--,60,16380,卖盘
1016,11:13:18,2.73,--,10,2730,卖盘
1017,11:13:09,2.73,-0.01,129,35217,卖盘
1018,11:13:03,2.74,--,5,1370,买盘
1019,11:12:51,2.74,0.01,1,274,买盘
1020,11:12:42,2.73,-0.01,2,546,卖盘
1021,11:12:39,2.74,--,2262,619952,卖盘
1022,11:12:33,2.74,--,19,5425,卖盘
1023,11:12:30,2.74,--,18,4932,卖盘
1024,11:12:12,2.74,--,8,2192,卖盘
1025,11:12:03,2.74,--,80,21920,卖盘
1026,11:12:00,2.74,--,51,13974,卖盘
1027,11:11:57,2.74,-0.01,12,3452,卖盘
1028,11:11:54,2.75,0.01,10,2750,买盘
1029,11:11:48,2.74,--,60,16440,卖盘
1030,11:11:42,2.74,--,313,85926,卖盘
1031,11:11:39,2.74,-0.01,28,7672,卖盘
1032,11:11:36,2.75,0.01,50,13750,买盘
1033,11:11:24,2.74,-0.01,1,438,卖盘
1034,11:11:21,2.75,--,8,2200,买盘
1035,11:11:12,2.75,--,1,275,买盘
1036,11:11:06,2.75,0.01,5,1375,买盘
1037,11:10:36,2.74,-0.01,19,5206,卖盘
1038,11:10:09,2.75,--,45,12375,买盘
1039,11:10:06,2.75,--,18,4950,买盘
1040,11:09:51,2.75,0.01,3,825,买盘
1041,11:09:48,2.74,--,20,5480,卖盘
1042,11:09:39,2.74,-0.01,38,10412,卖盘
1043,11:09:36,2.75,0.01,40,11000,买盘
1044,11:09:33,2.74,-0.01,25,7014,卖盘
1045,11:09:30,2.75,0.01,102,28105,买盘
1046,11:09:18,2.74,-0.01,366,100284,卖盘
1047,11:09:12,2.75,0.01,3,825,买盘
1048,11:09:09,2.74,--,8,2192,卖盘
1049,11:09:03,2.74,0.01,193,52882,买盘
1050,11:08:57,2.73,-0.01,44,12012,卖盘
1051,11:08:39,2.74,--,40,10960,买盘
1052,11:08:36,2.74,--,61,16714,买盘
1053,11:08:33,2.74,--,46,12604,买盘
1054,11:08:30,2.74,--,1,274,买盘
1055,11:08:21,2.74,--,20,5699,卖盘
1056,11:08:18,2.74,--,201,55293,卖盘
1057,11:08:12,2.74,--,58,15892,卖盘
1058,11:08:06,2.74,--,33,9042,卖盘
1059,11:08:00,2.74,-0.01,100,27400,卖盘
1060,11:07:48,2.75,0.01,90,24750,买盘
1061,11:07:45,2.74,--,23,6521,卖盘
1062,11:07:42,2.74,--,40,10960,卖盘
1063,11:07:39,2.74,--,3,822,卖盘
1064,11:07:36,2.74,-0.01,100,27400,卖盘
1065,11:07:15,2.75,0.01,3,825,买盘
1066,11:07:12,2.74,--,215,58910,卖盘
1067,11:07:06,2.74,--,25,6850,卖盘
1068,11:07:03,2.74,-0.01,144,39456,卖盘
1069,11:07:00,2.75,--,468,128700,买盘
1070,11:06:54,2.75,--,1,275,买盘
1071,11:06:45,2.75,--,6,1650,买盘
1072,11:06:39,2.75,--,152,41800,买盘
1073,11:06:33,2.75,0.01,22,6050,买盘
1074,11:06:24,2.74,-0.01,10,2740,卖盘
1075,11:06:21,2.75,--,1,275,买盘
1076,11:06:15,2.75,0.01,40,11000,买盘
1077,11:05:54,2.74,--,117,32058,卖盘
1078,11:05:51,2.74,-0.01,5,1370,卖盘
1079,11:05:48,2.75,0.01,4,1100,买盘
1080,11:05:45,2.74,-0.01,76,20824,卖盘
1081,11:05:42,2.75,--,70,19250,买盘
1082,11:05:33,2.75,0.01,40,11000,买盘
1083,11:05:30,2.74,-0.01,5,1370,卖盘
1084,11:05:27,2.75,0.01,23,6325,买盘
1085,11:05:18,2.74,-0.01,393,107682,卖盘
1086,11:05:12,2.75,0.01,262,72050,买盘
1087,11:05:09,2.74,--,59,16166,卖盘
1088,11:05:03,2.74,--,10,2740,卖盘
1089,11:05:00,2.74,--,0,164,卖盘
1090,11:04:54,2.74,-0.01,10,2740,卖盘
1091,11:04:51,2.75,--,44,12100,买盘
1092,11:04:42,2.75,0.01,5,1375,买盘
1093,11:04:39,2.74,--,25,6850,卖盘
1094,11:04:36,2.74,-0.01,18,4932,卖盘
1095,11:04:30,2.75,--,41,11275,买盘
1096,11:04:27,2.75,--,2,550,买盘
1097,11:04:18,2.75,--,5,1375,买盘
1098,11:04:12,2.75,--,10,2750,买盘
1099,11:04:06,2.75,0.01,3,825,买盘
1100,11:04:03,2.74,-0.01,2,548,卖盘
1101,11:04:00,2.75,--,101,27775,买盘
1102,11:03:57,2.75,0.01,3,825,买盘
1103,11:03:48,2.74,-0.01,1,274,卖盘
1104,11:03:45,2.75,--,56,15400,买盘
1105,11:03:42,2.75,--,2,550,买盘
1106,11:03:39,2.75,--,700,192500,买盘
1107,11:03:36,2.75,--,2,550,买盘
1108,11:03:33,2.75,--,8,2200,买盘
1109,11:03:21,2.75,--,50,13750,买盘
1110,11:03:12,2.75,--,15,4125,买盘
1111,11:03:06,2.75,--,318,87477,卖盘
1112,11:03:03,2.75,--,1131,311025,卖盘
1113,11:02:57,2.75,--,55,15125,卖盘
1114,11:02:54,2.75,--,345,94875,卖盘
1115,11:02:51,2.75,--,600,165000,卖盘
1116,11:02:45,2.75,--,234,64460,卖盘
1117,11:02:42,2.75,-0.01,50,13750,卖盘
1118,11:02:39,2.76,0.01,30,8280,买盘
1119,11:02:33,2.75,--,24,6600,卖盘
1120,11:02:30,2.75,--,25,6875,卖盘
1121,11:02:27,2.75,--,119,32725,卖盘
1122,11:02:21,2.75,--,82,22660,卖盘
1123,11:02:18,2.75,-0.01,6,1705,卖盘
1124,11:02:15,2.76,0.01,64,17664,买盘
1125,11:02:09,2.75,-0.01,139,38225,卖盘
1126,11:02:06,2.76,--,41,11316,买盘
1127,11:02:03,2.76,--,27,7451,买盘
1128,11:01:57,2.76,0.01,10,2760,买盘
1129,11:01:48,2.75,-0.01,122,33550,卖盘
1130,11:01:45,2.76,--,3,827,买盘
1131,11:01:30,2.76,0.01,129,35604,买盘
1132,11:01:27,2.75,-0.01,40,11000,卖盘
1133,11:01:18,2.76,--,39,10764,买盘
1134,11:01:12,2.76,--,57,15731,买盘
1135,11:01:09,2.76,--,2,552,买盘
1136,11:01:06,2.76,0.01,168,46368,买盘
1137,11:01:03,2.75,-0.01,20,5500,卖盘
1138,11:01:00,2.76,0.01,5,1380,买盘
1139,11:00:54,2.75,--,13,3575,卖盘
1140,11:00:51,2.75,-0.01,50,13750,卖盘
1141,11:00:48,2.76,0.01,10,2760,买盘
1142,11:00:45,2.75,-0.01,52,14300,卖盘
1143,11:00:33,2.76,0.01,30,8280,买盘
1144,11:00:27,2.75,--,19,5225,卖盘
1145,11:00:12,2.75,--,7,1925,卖盘
1146,11:00:09,2.75,--,924,254347,买盘
1147,11:00:06,2.75,--,10,2750,买盘
1148,10:59:57,2.75,--,11,3025,买盘
1149,10:59:54,2.75,--,6,1650,买盘
1150,10:59:51,2.75,--,1,275,买盘
1151,10:59:48,2.75,--,277,76175,买盘
1152,10:59:42,2.75,--,159,43725,买盘
1153,10:59:18,2.75,0.01,70,19250,买盘
1154,10:59:12,2.74,--,300,82200,卖盘
1155,10:59:09,2.74,-0.01,17,4658,卖盘
1156,10:59:06,2.75,--,9,2475,买盘
1157,10:59:03,2.75,--,50,13750,买盘
1158,10:59:00,2.75,--,27,7425,买盘
1159,10:58:54,2.75,--,16,4400,买盘
1160,10:58:51,2.75,--,33,9075,买盘
1161,10:58:45,2.75,--,80,22000,买盘
1162,10:58:30,2.75,--,41,11275,买盘
1163,10:58:21,2.75,--,10,2750,买盘
1164,10:57:57,2.75,0.01,6,1650,买盘
1165,10:57:51,2.74,--,10,2740,卖盘
1166,10:57:45,2.74,--,12,3288,卖盘
1167,10:57:42,2.74,-0.01,5,1370,卖盘
1168,10:57:33,2.75,0.01,14,3850,买盘
1169,10:57:30,2.74,-0.01,14,3945,卖盘
1170,10:57:27,2.75,--,128,35200,买盘
1171,10:57:21,2.75,--,17,4675,买盘
1172,10:57:18,2.75,--,23,6325,买盘
1173,10:57:12,2.75,--,40,11000,买盘
1174,10:57:06,2.75,--,20,5500,买盘
1175,10:57:03,2.75,--,5,1375,买盘
1176,10:57:00,2.75,--,7,1925,买盘
1177,10:56:54,2.75,--,10,2750,买盘
1178,10:56:51,2.75,--,184,50600,买盘
1179,10:56:48,2.75,--,14,4015,买盘
1180,10:56:45,2.75,--,1,275,买盘
1181,10:56:36,2.75,--,20,5500,买盘
1182,10:56:30,2.75,--,26,7150,买盘
1183,10:56:27,2.75,--,20,5500,买盘
1184,10:56:24,2.75,--,3,825,买盘
1185,10:56:21,2.75,--,44,12100,买盘
1186,10:56:18,2.75,--,20,5500,买盘
1187,10:56:15,2.75,--,40,11000,买盘
1188,10:56:12,2.75,--,20,5555,卖盘
1189,10:56:06,2.75,--,357,98395,买盘
1190,10:56:00,2.75,0.01,13,3575,买盘
1191,10:55:57,2.74,-0.01,3,822,卖盘
1192,10:55:54,2.75,--,12,3300,买盘
1193,10:55:45,2.75,-0.01,153,42130,卖盘
1194,10:55:42,2.76,0.01,264,72864,买盘
1195,10:55:39,2.75,--,50,13805,卖盘
1196,10:55:33,2.75,--,11,3025,卖盘
1197,10:55:30,2.75,--,20,5500,卖盘
1198,10:55:27,2.75,0.01,908,249865,买盘
1199,10:55:21,2.74,--,320,87680,卖盘
1200,10:55:15,2.74,--,88,24112,买盘
1201,10:55:12,2.74,--,1,274,买盘
1202,10:55:09,2.74,-0.01,1,274,中性盘
1203,10:54:57,2.75,0.01,3955,1087625,买盘
1204,10:54:54,2.74,--,1,438,卖盘
1205,10:54:51,2.74,0.02,826,226433,买盘
1206,10:54:45,2.72,-0.02,51,13872,卖盘
1207,10:54:36,2.74,0.02,3671,1005854,买盘
1208,10:54:30,2.72,--,36,9792,卖盘
1209,10:54:27,2.72,-0.01,192,52441,卖盘
1210,10:54:21,2.73,--,0,54,买盘
1211,10:54:18,2.73,0.01,117,31941,买盘
1212,10:54:09,2.72,-0.01,2,544,卖盘
1213,10:54:06,2.73,--,5,1365,买盘
1214,10:54:03,2.73,--,169,46137,买盘
1215,10:53:57,2.73,--,346,94458,买盘
1216,10:53:51,2.73,--,18,4914,买盘
1217,10:53:48,2.73,--,4,1092,买盘
1218,10:53:45,2.73,0.01,764,208572,买盘
1219,10:53:39,2.72,--,1,272,卖盘
1220,10:53:36,2.72,-0.01,10,2937,卖盘
1221,10:53:33,2.73,--,51,13923,买盘
1222,10:53:24,2.73,0.01,20,5460,买盘
1223,10:53:18,2.72,--,3365,915280,卖盘
1224,10:53:09,2.72,--,2,544,卖盘
1225,10:53:06,2.72,--,30,8160,卖盘
1226,10:52:48,2.72,--,18,4896,卖盘
1227,10:52:45,2.72,0.01,7,2067,买盘
1228,10:52:42,2.71,-0.01,22,5962,卖盘
1229,10:52:33,2.72,0.01,290,78880,中性盘
1230,10:52:27,2.71,-0.01,30,8130,卖盘
1231,10:52:12,2.72,--,97,26601,买盘
1232,10:52:06,2.72,--,1,272,买盘
1233,10:52:03,2.72,--,69,18768,买盘
1234,10:52:00,2.72,--,358,97376,买盘
1235,10:51:57,2.72,0.01,10,2720,买盘
1236,10:51:48,2.71,-0.01,193,52303,卖盘
1237,10:51:42,2.72,--,55,14960,买盘
1238,10:51:27,2.72,--,10,2720,买盘
1239,10:51:24,2.72,0.01,1,272,买盘
1240,10:51:21,2.71,-0.01,9,2439,卖盘
1241,10:51:18,2.72,0.01,40,10880,买盘
1242,10:51:06,2.71,--,4,1084,卖盘
1243,10:51:03,2.71,--,1,487,卖盘
1244,10:50:57,2.71,-0.01,162,43902,卖盘
1245,10:50:45,2.72,--,40,10880,买盘
1246,10:50:36,2.72,--,10,2720,买盘
1247,10:50:27,2.72,0.02,2,544,买盘
1248,10:50:09,2.7,-0.01,80,21600,卖盘
1249,10:49:57,2.71,0.01,3238,877660,卖盘
1250,10:49:42,2.7,-0.01,80,21600,卖盘
1251,10:49:39,2.71,--,99,26937,买盘
1252,10:49:33,2.71,--,15,4065,买盘
1253,10:49:24,2.71,--,2,542,买盘
1254,10:49:12,2.71,--,500,135500,买盘
1255,10:49:03,2.71,0.01,40,10840,买盘
1256,10:49:00,2.7,-0.01,2,648,卖盘
1257,10:48:48,2.71,--,43,11653,买盘
1258,10:48:45,2.71,0.01,1,271,买盘
1259,10:48:33,2.7,--,18,4860,卖盘
1260,10:48:30,2.7,-0.01,3,972,卖盘
1261,10:48:24,2.71,0.01,1,271,买盘
1262,10:48:15,2.7,-0.01,9,2430,卖盘
1263,10:48:09,2.71,--,2,542,买盘
1264,10:48:03,2.71,--,5,1355,买盘
1265,10:47:36,2.71,0.01,10,2710,买盘
1266,10:47:24,2.7,--,11,2970,卖盘
1267,10:47:09,2.7,-0.01,20,5400,卖盘
1268,10:47:00,2.71,--,41,11111,买盘
1269,10:46:48,2.71,--,397,107641,卖盘
1270,10:46:45,2.71,--,2,542,卖盘
1271,10:46:33,2.71,0.01,1454,394250,买盘
1272,10:46:24,2.7,--,52,14040,卖盘
1273,10:46:18,2.7,--,134,36234,卖盘
1274,10:45:57,2.7,--,19,5130,卖盘
1275,10:45:48,2.7,--,14,3780,卖盘
1276,10:45:39,2.7,--,197,53298,卖盘
1277,10:45:33,2.7,--,1,270,卖盘
1278,10:45:30,2.7,--,3,972,卖盘
1279,10:44:51,2.7,-0.01,60,16200,卖盘
1280,10:44:48,2.71,--,1,271,买盘
1281,10:44:45,2.71,0.01,30,8130,买盘
1282,10:44:36,2.7,-0.01,10,2700,卖盘
1283,10:44:24,2.71,0.01,1,271,买盘
1284,10:44:21,2.7,--,10,2700,卖盘
1285,10:44:15,2.7,-0.01,14,3780,卖盘
1286,10:44:03,2.71,0.01,20,5420,买盘
1287,10:43:51,2.7,-0.01,0,216,卖盘
1288,10:43:48,2.71,0.01,5,1355,买盘
1289,10:43:39,2.7,-0.01,11,2970,卖盘
1290,10:43:33,2.71,--,3,813,买盘
1291,10:43:27,2.71,0.01,91,24661,买盘
1292,10:43:18,2.7,--,35,9450,卖盘
1293,10:43:09,2.7,--,118,31860,卖盘
1294,10:43:03,2.7,--,47,12690,卖盘
1295,10:42:54,2.7,-0.01,9,2484,卖盘
1296,10:42:51,2.71,0.01,7,2005,买盘
1297,10:42:42,2.7,--,90,24300,卖盘
1298,10:42:39,2.7,-0.01,0,216,卖盘
1299,10:42:33,2.71,0.01,6,1626,买盘
1300,10:42:27,2.7,--,90,24300,卖盘
1301,10:42:12,2.7,--,35,9450,卖盘
1302,10:42:09,2.7,--,7,1944,卖盘
1303,10:42:00,2.7,-0.01,35,9450,卖盘
1304,10:41:54,2.71,0.01,7,1897,买盘
1305,10:41:30,2.7,-0.01,300,81000,卖盘
1306,10:41:15,2.71,--,10,2710,买盘
1307,10:41:09,2.71,--,90,24390,买盘
1308,10:40:54,2.71,--,85,23035,买盘
1309,10:40:45,2.71,--,6,1626,买盘
1310,10:40:42,2.71,--,24,6558,卖盘
1311,10:40:39,2.71,--,10,2710,卖盘
1312,10:40:15,2.71,-0.01,104,28346,卖盘
1313,10:40:12,2.72,0.01,9,2448,买盘
1314,10:40:03,2.71,--,12,3468,卖盘
1315,10:40:00,2.71,--,40,10840,卖盘
1316,10:39:51,2.71,-0.01,9,2439,卖盘
1317,10:39:39,2.72,0.01,4,1088,买盘
1318,10:39:30,2.71,--,5,1517,卖盘
1319,10:39:24,2.71,--,20,5420,卖盘
1320,10:39:18,2.71,--,164,44660,买盘
1321,10:39:12,2.71,--,11,2981,买盘
1322,10:39:03,2.71,--,20,5420,买盘
1323,10:38:54,2.71,--,2,542,买盘
1324,10:38:51,2.71,0.01,1,271,买盘
1325,10:38:48,2.7,--,7,1890,卖盘
1326,10:38:42,2.7,--,90,24300,卖盘
1327,10:38:39,2.7,--,70,18900,卖盘
1328,10:38:21,2.7,-0.01,107,28890,卖盘
1329,10:38:18,2.71,--,54,14634,买盘
1330,10:38:15,2.71,0.01,13,3523,买盘
1331,10:38:12,2.7,--,1,270,卖盘
1332,10:37:54,2.7,-0.01,349,94392,卖盘
1333,10:37:51,2.71,0.01,201,54579,买盘
1334,10:37:48,2.7,-0.01,1,486,卖盘
1335,10:37:45,2.71,0.01,74,20054,买盘
1336,10:37:27,2.7,-0.01,200,54000,卖盘
1337,10:37:24,2.71,--,1,271,买盘
1338,10:37:18,2.71,--,1,271,买盘
1339,10:37:15,2.71,--,203,55013,买盘
1340,10:37:06,2.71,--,43,11653,买盘
1341,10:37:03,2.71,--,1,271,买盘
1342,10:36:48,2.71,--,10,2710,买盘
1343,10:36:36,2.71,0.01,13,3523,买盘
1344,10:36:30,2.7,--,2,540,卖盘
1345,10:36:06,2.7,-0.01,1,486,卖盘
1346,10:35:54,2.71,--,5,1355,买盘
1347,10:35:45,2.71,--,200,54200,买盘
1348,10:35:33,2.71,--,300,81300,买盘
1349,10:35:18,2.71,--,30,8130,买盘
1350,10:35:15,2.71,--,41,11111,买盘
1351,10:35:12,2.71,0.01,6,1626,买盘
1352,10:34:54,2.7,-0.01,4,1080,卖盘
1353,10:34:51,2.71,--,1,271,买盘
1354,10:34:36,2.71,0.01,5,1355,买盘
1355,10:34:33,2.7,--,2,540,卖盘
1356,10:34:30,2.7,--,14,3888,卖盘
1357,10:34:27,2.7,--,82,22356,卖盘
1358,10:34:24,2.7,--,18,4860,卖盘
1359,10:34:21,2.7,--,5,1350,卖盘
1360,10:34:18,2.7,--,17,4590,卖盘
1361,10:34:12,2.7,-0.01,10,2700,卖盘
1362,10:34:09,2.71,--,5,1355,买盘
1363,10:34:03,2.71,--,122,33062,买盘
1364,10:34:00,2.71,0.01,10,2710,买盘
1365,10:33:57,2.7,-0.01,5,1404,卖盘
1366,10:33:51,2.71,0.01,86,23306,买盘
1367,10:33:48,2.7,-0.01,1,486,卖盘
1368,10:33:36,2.71,--,5,1355,买盘
1369,10:33:33,2.71,--,5,1355,买盘
1370,10:33:30,2.71,--,330,89430,买盘
1371,10:33:21,2.71,--,8,2168,买盘
1372,10:33:18,2.71,--,8,2168,买盘
1373,10:33:03,2.71,--,4,1084,买盘
1374,10:32:51,2.71,0.01,131,35501,买盘
1375,10:32:39,2.7,-0.01,88,23760,卖盘
1376,10:32:36,2.71,--,5,1355,买盘
1377,10:32:30,2.71,0.01,18,4878,买盘
1378,10:32:24,2.7,-0.01,72,19440,卖盘
1379,10:32:15,2.71,0.01,102,27642,买盘
1380,10:32:09,2.7,-0.01,50,13500,卖盘
1381,10:32:03,2.71,--,23,6233,买盘
1382,10:31:57,2.71,0.01,40,10840,买盘
1383,10:31:45,2.7,-0.01,20,5400,卖盘
1384,10:31:36,2.71,0.01,200,54200,买盘
1385,10:31:33,2.7,-0.01,4,1080,卖盘
1386,10:31:24,2.71,0.01,15,4065,买盘
1387,10:31:03,2.7,-0.01,7,1890,卖盘
1388,10:30:57,2.71,0.01,115,31165,买盘
1389,10:30:42,2.7,--,39,10530,卖盘
1390,10:30:36,2.7,--,10,2916,卖盘
1391,10:30:33,2.7,--,7,1890,卖盘
1392,10:30:12,2.7,-0.01,127,34290,卖盘
1393,10:30:03,2.71,0.01,11,3197,买盘
1394,10:29:57,2.7,--,40,10800,卖盘
1395,10:29:54,2.7,-0.01,30,8100,卖盘
1396,10:29:51,2.71,0.01,12,3252,买盘
1397,10:29:48,2.7,-0.01,64,17280,卖盘
1398,10:29:42,2.71,--,3,813,买盘
1399,10:29:39,2.71,0.01,1,271,买盘
1400,10:29:30,2.7,-0.01,32,8640,卖盘
1401,10:29:21,2.71,0.01,1,271,买盘
1402,10:29:09,2.7,--,148,40068,卖盘
1403,10:29:03,2.7,--,1,486,卖盘
1404,10:28:57,2.7,-0.01,18,4860,卖盘
1405,10:28:51,2.71,0.01,4,1084,买盘
1406,10:28:45,2.7,-0.01,60,16200,卖盘
1407,10:28:36,2.71,0.01,1,271,买盘
1408,10:28:30,2.7,--,57,15552,卖盘
1409,10:28:09,2.7,--,1,486,买盘
1410,10:28:06,2.7,--,1,324,卖盘
1411,10:28:03,2.7,-0.01,200,54000,卖盘
1412,10:27:51,2.71,0.01,3,813,买盘
1413,10:27:36,2.7,--,3,972,卖盘
1414,10:27:33,2.7,--,8,2160,卖盘
1415,10:27:24,2.7,--,2,540,卖盘
1416,10:27:15,2.7,--,52,14040,卖盘
1417,10:26:51,2.7,--,234,63234,买盘
1418,10:26:42,2.7,--,1,270,买盘
1419,10:26:39,2.7,--,91,24786,卖盘
1420,10:26:36,2.7,--,25,6804,卖盘
1421,10:26:24,2.7,-0.01,3,810,卖盘
1422,10:26:15,2.71,0.01,82,22222,买盘
1423,10:26:03,2.7,-0.01,75,20412,卖盘
1424,10:25:57,2.71,0.01,500,135500,买盘
1425,10:25:51,2.7,-0.01,6,1728,卖盘
1426,10:25:42,2.71,--,110,29810,买盘
1427,10:25:39,2.71,--,41,11111,买盘
1428,10:25:30,2.71,--,41,11111,买盘
1429,10:25:18,2.71,0.01,395,107207,买盘
1430,10:25:09,2.7,--,34,9180,卖盘
1431,10:25:06,2.7,--,10,2700,卖盘
1432,10:24:57,2.7,--,20,5400,卖盘
1433,10:24:54,2.7,-0.01,16,4320,卖盘
1434,10:24:51,2.71,--,200,54200,买盘
1435,10:24:48,2.71,0.01,9,2439,买盘
1436,10:24:42,2.7,-0.01,50,13500,卖盘
1437,10:24:27,2.71,0.01,5,1355,买盘
1438,10:24:24,2.7,--,10,2700,卖盘
1439,10:24:21,2.7,--,100,27000,卖盘
1440,10:24:18,2.7,-0.01,63,17010,卖盘
1441,10:24:12,2.71,0.01,7,1897,买盘
1442,10:24:06,2.7,--,7,1890,卖盘
1443,10:23:57,2.7,-0.01,21,5832,卖盘
1444,10:23:54,2.71,0.01,5,1355,买盘
1445,10:23:51,2.7,--,100,27000,卖盘
1446,10:23:42,2.7,--,19,5346,卖盘
1447,10:23:33,2.7,--,36,9720,卖盘
1448,10:23:27,2.7,--,240,64800,卖盘
1449,10:23:18,2.7,--,122,33048,卖盘
1450,10:23:12,2.7,-0.01,5,1350,卖盘
1451,10:22:54,2.71,--,1,271,买盘
1452,10:22:51,2.71,0.01,204,55284,买盘
1453,10:22:48,2.7,--,493,133272,卖盘
1454,10:22:42,2.7,--,10,2700,卖盘
1455,10:22:36,2.7,--,15,4266,卖盘
1456,10:22:06,2.7,-0.01,2,540,卖盘
1457,10:22:03,2.71,--,70,18970,买盘
1458,10:21:57,2.71,0.01,131,35501,买盘
1459,10:21:45,2.7,--,50,13500,卖盘
1460,10:21:33,2.7,--,18,4860,卖盘
1461,10:21:21,2.7,--,6,1620,卖盘
1462,10:21:03,2.7,--,36,9720,卖盘
1463,10:20:30,2.7,-0.01,30,8100,卖盘
1464,10:20:24,2.71,0.01,2,542,买盘
1465,10:20:21,2.7,--,57,15390,卖盘
1466,10:20:15,2.7,--,42,11340,卖盘
1467,10:20:12,2.7,-0.01,25,6804,卖盘
1468,10:20:03,2.71,0.01,2,542,买盘
1469,10:19:57,2.7,--,200,54000,卖盘
1470,10:19:54,2.7,--,5,1458,卖盘
1471,10:19:39,2.7,--,40,10800,卖盘
1472,10:19:30,2.7,--,9,2430,卖盘
1473,10:19:27,2.7,-0.01,1,270,卖盘
1474,10:19:21,2.71,0.01,50,13550,买盘
1475,10:19:18,2.7,-0.01,4,1080,卖盘
1476,10:19:15,2.71,0.01,4,1084,买盘
1477,10:19:09,2.7,-0.01,66,17982,卖盘
1478,10:19:06,2.71,--,28,7588,买盘
1479,10:19:03,2.71,0.01,17,4607,买盘
1480,10:18:39,2.7,--,30,8100,卖盘
1481,10:18:27,2.7,--,14,3780,卖盘
1482,10:18:21,2.7,--,25,6750,卖盘
1483,10:18:03,2.7,-0.01,59,15930,卖盘
1484,10:17:36,2.71,--,3,813,买盘
1485,10:17:33,2.71,--,11,2981,买盘
1486,10:17:21,2.71,--,6,1626,买盘
1487,10:17:15,2.71,--,106,28726,买盘
1488,10:17:12,2.71,--,12,3252,买盘
1489,10:17:06,2.71,--,12,3252,买盘
1490,10:17:00,2.71,--,39,10569,买盘
1491,10:16:57,2.71,--,2,542,买盘
1492,10:16:54,2.71,--,2532,686172,买盘
1493,10:16:51,2.71,--,9,2439,买盘
1494,10:16:48,2.71,--,97,26287,买盘
1495,10:16:33,2.71,--,131,35501,卖盘
1496,10:16:24,2.71,0.01,47,12737,买盘
1497,10:16:00,2.7,--,34,9396,卖盘
1498,10:15:57,2.7,--,2432,656640,买盘
1499,10:15:48,2.7,--,7,1890,买盘
1500,10:15:45,2.7,0.01,32,8640,买盘
1501,10:15:42,2.69,-0.01,6,1614,卖盘
1502,10:15:39,2.7,0.01,10,2700,买盘
1503,10:15:36,2.69,-0.01,13,3712,卖盘
1504,10:15:30,2.7,--,32,8640,买盘
1505,10:15:27,2.7,--,2,540,买盘
1506,10:15:12,2.7,--,198,53460,买盘
1507,10:15:09,2.7,--,30,8100,买盘
1508,10:15:06,2.7,--,50,13500,买盘
1509,10:15:03,2.7,--,81,21870,买盘
1510,10:14:57,2.7,-0.01,178,48060,卖盘
1511,10:14:54,2.71,--,1498,405958,买盘
1512,10:14:45,2.71,0.01,391,105961,买盘
1513,10:14:39,2.7,--,4,1080,卖盘
1514,10:14:27,2.7,--,78,21060,买盘
1515,10:14:24,2.7,--,25,6750,买盘
1516,10:14:21,2.7,--,2,540,买盘
1517,10:14:12,2.7,0.01,12,3240,买盘
1518,10:14:06,2.69,-0.01,50,13450,卖盘
1519,10:14:00,2.7,--,247,66690,买盘
1520,10:13:45,2.7,--,82,22140,买盘
1521,10:13:42,2.7,0.01,38,10260,买盘
1522,10:13:30,2.69,-0.01,27,7316,卖盘
1523,10:13:24,2.7,--,15,4050,买盘
1524,10:13:21,2.7,--,2,540,买盘
1525,10:13:15,2.7,--,1,270,买盘
1526,10:13:09,2.7,--,46,12474,卖盘
1527,10:13:00,2.7,--,143,38610,卖盘
1528,10:12:57,2.7,--,10,2700,卖盘
1529,10:12:54,2.7,0.01,222,60156,买盘
1530,10:12:45,2.69,-0.01,109,29321,卖盘
1531,10:12:39,2.7,0.01,3,810,买盘
1532,10:12:24,2.69,--,297,80057,买盘
1533,10:12:21,2.69,--,84,22757,卖盘
1534,10:12:15,2.69,--,28,7747,卖盘
1535,10:12:00,2.69,--,299,80592,买盘
1536,10:11:54,2.69,0.01,111,29859,买盘
1537,10:11:48,2.68,-0.01,88,23637,卖盘
1538,10:11:45,2.69,--,32,8608,买盘
1539,10:11:42,2.69,--,10,2690,买盘
1540,10:11:33,2.69,--,102,27438,买盘
1541,10:11:27,2.69,--,2,538,买盘
1542,10:11:12,2.69,--,210,56490,卖盘
1543,10:11:09,2.69,--,144,38736,卖盘
1544,10:11:06,2.69,--,20,5380,卖盘
1545,10:11:03,2.69,--,2,538,卖盘
1546,10:10:54,2.69,--,3034,816146,买盘
1547,10:10:51,2.69,--,4,1076,买盘
1548,10:10:48,2.69,-0.01,178,48124,卖盘
1549,10:10:45,2.7,0.01,2,540,买盘
1550,10:10:42,2.69,-0.01,416,112065,卖盘
1551,10:10:24,2.7,0.01,6,1620,买盘
1552,10:10:21,2.69,--,25,6725,卖盘
1553,10:10:18,2.69,--,40,10867,卖盘
1554,10:10:09,2.69,--,39,10598,卖盘
1555,10:10:06,2.69,--,41,11029,卖盘
1556,10:09:57,2.69,--,10,2690,卖盘
1557,10:09:54,2.69,--,33,9092,卖盘
1558,10:09:48,2.69,--,87,23483,卖盘
1559,10:09:45,2.69,-0.01,50,13450,卖盘
1560,10:09:39,2.7,--,5,1350,买盘
1561,10:09:36,2.7,0.01,1,270,买盘
1562,10:09:24,2.69,-0.01,3,807,卖盘
1563,10:09:18,2.7,0.01,50,13500,买盘
1564,10:08:51,2.69,--,13,3658,买盘
1565,10:08:48,2.69,--,21,5649,买盘
1566,10:08:42,2.69,-0.01,141,38144,卖盘
1567,10:08:39,2.7,0.01,1,270,买盘
1568,10:08:21,2.69,--,64,17269,买盘
1569,10:08:18,2.69,--,272,73168,买盘
1570,10:08:15,2.69,0.01,102,27438,买盘
1571,10:08:12,2.68,-0.01,109,29212,卖盘
1572,10:08:09,2.69,--,54,14526,买盘
1573,10:08:06,2.69,--,1,269,买盘
1574,10:08:03,2.69,0.01,21,5649,买盘
1575,10:07:57,2.68,-0.01,11,2948,卖盘
1576,10:07:51,2.69,0.01,1,269,买盘
1577,10:07:48,2.68,-0.01,35,9540,卖盘
1578,10:07:45,2.69,0.01,15,4035,买盘
1579,10:07:42,2.68,--,63,16884,卖盘
1580,10:07:36,2.68,--,28,7718,卖盘
1581,10:07:30,2.68,--,22,5896,卖盘
1582,10:07:24,2.68,-0.01,103,27604,卖盘
1583,10:07:21,2.69,0.01,2,538,买盘
1584,10:07:18,2.68,--,228,61104,卖盘
1585,10:07:03,2.68,-0.01,40,10720,卖盘
1586,10:07:00,2.69,0.01,1,269,买盘
1587,10:06:45,2.68,-0.01,8,2144,卖盘
1588,10:06:39,2.69,--,327,87963,买盘
1589,10:06:33,2.69,--,100,26900,买盘
1590,10:06:27,2.69,--,55,14795,买盘
1591,10:06:24,2.69,0.01,42,11298,买盘
1592,10:06:21,2.68,--,14,3752,卖盘
1593,10:06:18,2.68,--,21,5628,卖盘
1594,10:06:06,2.68,-0.01,20,5360,卖盘
1595,10:06:00,2.69,--,372,100068,买盘
1596,10:05:51,2.69,--,9,2421,买盘
1597,10:05:48,2.69,--,20,5380,买盘
1598,10:05:45,2.69,--,17,4573,买盘
1599,10:05:42,2.69,--,10,2690,买盘
1600,10:05:36,2.69,0.01,11,2959,买盘
1601,10:05:33,2.68,-0.01,3,804,卖盘
1602,10:05:30,2.69,0.01,138,37122,买盘
1603,10:05:27,2.68,-0.01,6,1608,卖盘
1604,10:05:24,2.69,0.01,1,269,买盘
1605,10:05:12,2.68,-0.01,135,36180,卖盘
1606,10:05:09,2.69,--,4,1076,买盘
1607,10:05:03,2.69,--,38,10222,买盘
1608,10:04:57,2.69,--,52,13988,买盘
1609,10:04:48,2.69,--,82,22058,买盘
1610,10:04:42,2.69,--,34,9146,买盘
1611,10:04:33,2.69,--,3,807,买盘
1612,10:04:30,2.69,--,4,1076,买盘
1613,10:04:27,2.69,--,1,269,买盘
1614,10:04:24,2.69,--,2,538,买盘
1615,10:04:21,2.69,--,27,7263,买盘
1616,10:04:18,2.69,--,32,8608,买盘
1617,10:04:15,2.69,--,110,29590,买盘
1618,10:04:12,2.69,--,133,35777,买盘
1619,10:04:06,2.69,0.01,43,11567,买盘
1620,10:04:03,2.68,-0.01,21,5788,卖盘
1621,10:04:00,2.69,--,5,1345,买盘
1622,10:03:48,2.69,0.01,14,3766,买盘
1623,10:03:39,2.68,-0.01,54,14472,卖盘
1624,10:03:36,2.69,0.01,21,5649,买盘
1625,10:03:33,2.68,--,83,22244,卖盘
1626,10:03:30,2.68,-0.01,1,268,卖盘
1627,10:03:24,2.69,--,3,807,买盘
1628,10:03:21,2.69,0.01,6,1614,买盘
1629,10:03:03,2.68,--,4,1072,卖盘
1630,10:02:57,2.68,--,19,5306,卖盘
1631,10:02:54,2.68,-0.01,23,6271,卖盘
1632,10:02:48,2.69,0.01,12,3228,买盘
1633,10:02:45,2.68,-0.01,20,5360,中性盘
1634,10:02:42,2.69,0.01,141,37929,买盘
1635,10:02:36,2.68,-0.01,226,60782,卖盘
1636,10:02:33,2.69,--,93,25232,买盘
1637,10:02:30,2.69,0.01,41,11029,买盘
1638,10:02:24,2.68,--,9,2412,卖盘
1639,10:02:21,2.68,--,13,3591,卖盘
1640,10:02:18,2.68,0.01,15,4020,中性盘
1641,10:02:06,2.67,-0.01,506,135315,卖盘
1642,10:02:00,2.68,--,134,36072,买盘
1643,10:01:57,2.68,--,20,5360,买盘
1644,10:01:54,2.68,--,29,7772,买盘
1645,10:01:51,2.68,0.01,10,2680,买盘
1646,10:01:48,2.67,--,120,32040,卖盘
1647,10:01:45,2.67,-0.01,803,214401,卖盘
1648,10:01:42,2.68,--,40,10720,买盘
1649,10:01:39,2.68,--,55,14740,买盘
1650,10:01:36,2.68,--,131,35108,买盘
1651,10:01:33,2.68,--,27,7236,买盘
1652,10:01:30,2.68,--,2,536,买盘
1653,10:01:24,2.68,--,50,13400,买盘
1654,10:01:18,2.68,--,10,2680,买盘
1655,10:01:15,2.68,-0.01,736,197462,卖盘
1656,10:01:06,2.69,0.01,32,8608,买盘
1657,10:01:00,2.68,--,31,8308,卖盘
1658,10:00:57,2.68,--,2,536,卖盘
1659,10:00:54,2.68,--,2,536,卖盘
1660,10:00:51,2.68,--,80,21440,卖盘
1661,10:00:48,2.68,-0.01,525,140700,卖盘
1662,10:00:42,2.69,0.01,44,11836,买盘
1663,10:00:33,2.68,--,7,1876,卖盘
1664,10:00:30,2.68,--,1,268,卖盘
1665,10:00:27,2.68,--,9,2412,卖盘
1666,10:00:24,2.68,-0.01,10,2680,卖盘
1667,10:00:21,2.69,--,98,26362,买盘
1668,10:00:15,2.69,0.01,32,8608,买盘
1669,10:00:12,2.68,-0.01,40,10720,卖盘
1670,10:00:06,2.69,0.01,38,10222,买盘
1671,10:00:00,2.68,--,16,4288,卖盘
1672,09:59:57,2.68,--,64,17152,卖盘
1673,09:59:54,2.68,-0.01,67,18063,卖盘
1674,09:59:48,2.69,0.01,40,10760,买盘
1675,09:59:45,2.68,-0.01,6,1608,卖盘
1676,09:59:33,2.69,0.01,24,6617,买盘
1677,09:59:18,2.68,-0.01,34,9165,卖盘
1678,09:59:15,2.69,0.01,5,1345,买盘
1679,09:59:09,2.68,-0.01,30,8040,卖盘
1680,09:59:03,2.69,0.01,10,2690,买盘
1681,09:59:00,2.68,-0.01,110,29480,卖盘
1682,09:58:57,2.69,--,2,538,买盘
1683,09:58:51,2.69,0.01,40,10760,买盘
1684,09:58:45,2.68,-0.01,108,28944,卖盘
1685,09:58:39,2.69,--,10,2690,买盘
1686,09:58:33,2.69,--,133,35777,买盘
1687,09:58:30,2.69,--,31,8339,买盘
1688,09:58:21,2.69,--,226,60794,买盘
1689,09:58:15,2.69,--,156,42071,卖盘
1690,09:58:12,2.69,--,122,32871,卖盘
1691,09:58:09,2.69,--,120,32280,卖盘
1692,09:58:06,2.69,--,44,11836,卖盘
1693,09:58:03,2.69,--,7,1883,卖盘
1694,09:57:54,2.69,--,18,5003,卖盘
1695,09:57:48,2.69,--,8,2152,卖盘
1696,09:57:45,2.69,-0.01,1,269,卖盘
1697,09:57:42,2.7,0.01,9,2430,买盘
1698,09:57:39,2.69,--,35,9630,买盘
1699,09:57:36,2.69,--,20,5380,买盘
1700,09:57:33,2.69,--,70,18830,买盘
1701,09:57:30,2.69,--,12,3228,买盘
1702,09:57:27,2.69,--,30,8070,买盘
1703,09:57:24,2.69,--,18,5003,卖盘
1704,09:57:21,2.69,--,44,11836,卖盘
1705,09:57:06,2.69,--,22,6025,买盘
1706,09:57:03,2.69,--,77,20713,买盘
1707,09:57:00,2.69,--,4,1076,买盘
1708,09:56:57,2.69,--,533,143377,买盘
1709,09:56:54,2.69,--,103,27707,买盘
1710,09:56:51,2.69,--,234,62946,买盘
1711,09:56:48,2.69,0.01,144,38736,买盘
1712,09:56:45,2.68,-0.01,41,10988,卖盘
1713,09:56:42,2.69,--,408,109752,买盘
1714,09:56:39,2.69,--,77,20713,买盘
1715,09:56:36,2.69,--,1,269,买盘
1716,09:56:33,2.69,0.01,20,5380,买盘
1717,09:56:30,2.68,-0.01,8,2144,卖盘
1718,09:56:27,2.69,--,25,6725,买盘
1719,09:56:21,2.69,--,11,2959,买盘
1720,09:56:18,2.69,--,102,27438,买盘
1721,09:56:15,2.69,0.01,79,21251,买盘
1722,09:56:12,2.68,--,219,58692,买盘
1723,09:56:09,2.68,--,46,12328,买盘
1724,09:56:06,2.68,--,286,76648,卖盘
1725,09:56:03,2.68,--,30,8040,卖盘
1726,09:56:00,2.68,--,2,536,卖盘
1727,09:55:57,2.68,--,570,152760,买盘
1728,09:55:54,2.68,0.01,149,39932,买盘
1729,09:55:48,2.67,-0.01,124,33108,卖盘
1730,09:55:45,2.68,0.01,100,26800,买盘
1731,09:55:42,2.67,--,3,961,卖盘
1732,09:55:39,2.67,-0.01,2,534,卖盘
1733,09:55:36,2.68,0.01,40,10720,买盘
1734,09:55:33,2.67,--,1,267,卖盘
1735,09:55:30,2.67,-0.01,2,534,卖盘
1736,09:55:27,2.68,0.01,316,84714,买盘
1737,09:55:24,2.67,--,78,20826,买盘
1738,09:55:21,2.67,--,380,101700,卖盘
1739,09:55:18,2.67,--,1002,267747,卖盘
1740,09:55:15,2.67,-0.01,10,2670,卖盘
1741,09:55:12,2.68,0.01,145,38860,买盘
1742,09:55:09,2.67,--,94,25178,买盘
1743,09:55:06,2.67,--,301,80367,买盘
1744,09:55:03,2.67,--,405,108135,买盘
1745,09:55:00,2.67,--,109,29103,买盘
1746,09:54:57,2.67,--,3,801,买盘
1747,09:54:54,2.67,--,1390,371130,买盘
1748,09:54:51,2.67,--,872,233037,卖盘
1749,09:54:48,2.67,--,425,113475,卖盘
1750,09:54:45,2.67,--,4,1068,卖盘
1751,09:54:42,2.67,-0.01,12,3204,卖盘
1752,09:54:39,2.68,--,1080,289493,买盘
1753,09:54:33,2.68,0.01,9,2412,买盘
1754,09:54:30,2.67,--,580,154860,卖盘
1755,09:54:27,2.67,-0.01,432,115397,卖盘
1756,09:54:24,2.68,--,66,17688,卖盘
1757,09:54:21,2.68,--,11,2948,卖盘
1758,09:54:18,2.68,--,10,2680,卖盘
1759,09:54:15,2.68,-0.01,126,33768,卖盘
1760,09:54:12,2.69,0.01,550,147950,买盘
1761,09:54:09,2.68,--,1930,517400,卖盘
1762,09:54:03,2.68,-0.01,1538,412184,卖盘
1763,09:54:00,2.69,--,2,538,买盘
1764,09:53:57,2.69,--,2,538,买盘
1765,09:53:54,2.69,0.01,9,2421,买盘
1766,09:53:51,2.68,-0.01,205,54993,卖盘
1767,09:53:45,2.69,--,5,1345,买盘
1768,09:53:42,2.69,--,906,243929,卖盘
1769,09:53:39,2.69,--,10,2905,卖盘
1770,09:53:36,2.69,--,360,96840,卖盘
1771,09:53:33,2.69,--,606,163121,卖盘
1772,09:53:30,2.69,--,280,75320,卖盘
1773,09:53:27,2.69,-0.01,182,48958,卖盘
1774,09:53:24,2.7,--,1,270,买盘
1775,09:53:21,2.7,--,13,3510,买盘
1776,09:53:18,2.7,--,2964,800442,卖盘
1777,09:53:15,2.7,--,90,24300,卖盘
1778,09:53:12,2.7,--,18,4860,卖盘
1779,09:53:09,2.7,-0.01,273,73710,卖盘
1780,09:53:03,2.71,--,100,27100,买盘
1781,09:53:00,2.71,--,1,271,买盘
1782,09:52:57,2.71,--,43,11869,卖盘
1783,09:52:54,2.71,--,1110,301026,卖盘
1784,09:52:51,2.71,--,357,96747,卖盘
1785,09:52:45,2.71,-0.01,50,13604,卖盘
1786,09:52:42,2.72,0.01,365,99280,买盘
1787,09:52:39,2.71,-0.01,51,14037,卖盘
1788,09:52:36,2.72,0.01,4,1088,买盘
1789,09:52:27,2.71,--,862,233602,卖盘
1790,09:52:18,2.71,--,20,5420,卖盘
1791,09:52:12,2.71,--,10,2710,卖盘
1792,09:52:09,2.71,--,43,11653,卖盘
1793,09:52:06,2.71,--,22,5962,卖盘
1794,09:51:54,2.71,--,10,2710,卖盘
1795,09:51:45,2.71,-0.01,5,1355,卖盘
1796,09:51:36,2.72,0.01,1,272,买盘
1797,09:51:30,2.71,-0.01,28,7588,卖盘
1798,09:51:21,2.72,0.01,6,1632,买盘
1799,09:51:15,2.71,--,237,64389,卖盘
1800,09:51:09,2.71,--,10,2710,卖盘
1801,09:51:03,2.71,-0.01,7,1897,卖盘
1802,09:50:57,2.72,0.01,3,816,买盘
1803,09:50:54,2.71,--,98,26558,卖盘
1804,09:50:48,2.71,--,60,16422,卖盘
1805,09:50:42,2.71,--,89,24119,卖盘
1806,09:50:36,2.71,--,50,13550,卖盘
1807,09:50:33,2.71,-0.01,146,39566,卖盘
1808,09:50:27,2.72,--,13,3536,买盘
1809,09:50:24,2.72,0.01,120,32640,买盘
1810,09:50:18,2.71,--,58,15934,卖盘
1811,09:50:12,2.71,-0.01,18,4878,卖盘
1812,09:50:09,2.72,--,1,272,买盘
1813,09:50:03,2.72,0.01,5,1360,买盘
1814,09:50:00,2.71,-0.01,10,2710,卖盘
1815,09:49:54,2.72,--,5,1360,买盘
1816,09:49:51,2.72,0.01,18,4896,买盘
1817,09:49:48,2.71,--,2,542,卖盘
1818,09:49:45,2.71,-0.01,36,9756,卖盘
1819,09:49:42,2.72,--,3,816,买盘
1820,09:49:39,2.72,0.01,222,60384,买盘
1821,09:49:33,2.71,--,0,108,卖盘
1822,09:49:21,2.71,--,30,8130,卖盘
1823,09:49:18,2.71,-0.01,1,487,卖盘
1824,09:49:15,2.72,--,101,27472,买盘
1825,09:49:12,2.72,0.01,41,11152,买盘
1826,09:49:09,2.71,--,5,1355,卖盘
1827,09:49:06,2.71,--,44,12032,卖盘
1828,09:49:00,2.71,--,20,5420,卖盘
1829,09:48:54,2.71,--,150,40650,卖盘
1830,09:48:51,2.71,-0.01,1,271,卖盘
1831,09:48:48,2.72,0.01,88,23936,买盘
1832,09:48:45,2.71,--,34,9214,卖盘
1833,09:48:42,2.71,--,190,51490,卖盘
1834,09:48:39,2.71,--,129,35013,卖盘
1835,09:48:36,2.71,-0.01,46,12466,卖盘
1836,09:48:33,2.72,0.01,200,54617,买盘
1837,09:48:24,2.71,--,41,11219,卖盘
1838,09:48:21,2.71,0.01,151,41029,买盘
1839,09:48:18,2.7,-0.01,421,113832,卖盘
1840,09:48:15,2.71,--,20,5528,买盘
1841,09:48:12,2.71,--,215,58481,买盘
1842,09:48:09,2.71,--,8,2168,买盘
1843,09:48:03,2.71,0.01,50,13550,中性盘
1844,09:47:57,2.7,-0.01,99,26730,卖盘
1845,09:47:54,2.71,--,36,9918,卖盘
1846,09:47:51,2.71,0.01,1,271,卖盘
1847,09:47:48,2.7,-0.02,3,810,卖盘
1848,09:47:42,2.72,0.02,41,11152,买盘
1849,09:47:36,2.7,-0.01,50,13500,卖盘
1850,09:47:33,2.71,--,19,5149,买盘
1851,09:47:30,2.71,0.01,43,11653,中性盘
1852,09:47:15,2.7,-0.02,36,9720,卖盘
1853,09:47:09,2.72,0.02,51,13872,买盘
1854,09:47:06,2.7,-0.01,20,5400,卖盘
1855,09:47:00,2.71,--,36,9756,买盘
1856,09:46:57,2.71,--,24,6504,买盘
1857,09:46:54,2.71,--,2,542,买盘
1858,09:46:48,2.71,--,2,542,买盘
1859,09:46:45,2.71,-0.01,53,14363,中性盘
1860,09:46:42,2.72,0.01,48,13056,买盘
1861,09:46:39,2.71,--,129,34959,卖盘
1862,09:46:36,2.71,--,151,40921,卖盘
1863,09:46:33,2.71,--,75,20325,卖盘
1864,09:46:30,2.71,-0.01,319,86449,卖盘
1865,09:46:27,2.72,0.01,11,2992,买盘
1866,09:46:24,2.71,--,12,3252,卖盘
1867,09:46:21,2.71,-0.01,162,43902,卖盘
1868,09:46:12,2.72,--,6,1632,买盘
1869,09:46:03,2.72,-0.01,947,257801,卖盘
1870,09:46:00,2.73,0.01,392,107125,买盘
1871,09:45:57,2.72,--,2,544,卖盘
1872,09:45:54,2.72,-0.01,49,13328,卖盘
1873,09:45:48,2.73,0.01,1,273,买盘
1874,09:45:45,2.72,--,2010,546720,卖盘
1875,09:45:36,2.72,--,10,2720,卖盘
1876,09:45:33,2.72,--,11,2992,卖盘
1877,09:45:21,2.72,--,6,1632,卖盘
1878,09:45:18,2.72,--,30,8160,卖盘
1879,09:45:15,2.72,--,23,6419,卖盘
1880,09:45:12,2.72,0.01,943,256550,买盘
1881,09:45:09,2.71,--,61,16531,买盘
1882,09:45:06,2.71,--,104,28184,买盘
1883,09:45:03,2.71,--,1,271,买盘
1884,09:45:00,2.71,--,14,3794,卖盘
1885,09:44:54,2.71,--,110,29810,卖盘
1886,09:44:51,2.71,--,64,17344,卖盘
1887,09:44:48,2.71,-0.01,401,108671,卖盘
1888,09:44:45,2.72,--,2,544,买盘
1889,09:44:39,2.72,0.01,137,37264,买盘
1890,09:44:33,2.71,--,4,1300,卖盘
1891,09:44:30,2.71,-0.01,535,145147,卖盘
1892,09:44:27,2.72,--,102,27744,买盘
1893,09:44:24,2.72,--,30,8160,买盘
1894,09:44:18,2.72,0.01,10,2720,买盘
1895,09:44:15,2.71,--,41,11111,卖盘
1896,09:44:12,2.71,--,33,9105,卖盘
1897,09:44:09,2.71,--,53,14363,卖盘
1898,09:44:06,2.71,--,2,542,卖盘
1899,09:44:03,2.71,--,15,4065,卖盘
1900,09:44:00,2.71,-0.01,26,7046,卖盘
1901,09:43:57,2.72,0.01,1,272,买盘
1902,09:43:48,2.71,--,186,50406,卖盘
1903,09:43:45,2.71,--,14,3794,卖盘
1904,09:43:36,2.71,--,6,1626,卖盘
1905,09:43:30,2.71,--,3,813,卖盘
1906,09:43:24,2.71,-0.01,61,16531,卖盘
1907,09:43:21,2.72,0.01,6,1632,买盘
1908,09:43:18,2.71,--,79,21409,卖盘
1909,09:43:12,2.71,--,8,2168,卖盘
1910,09:43:09,2.71,--,198,53658,卖盘
1911,09:43:00,2.71,-0.01,99,26829,卖盘
1912,09:42:54,2.72,0.01,50,13600,买盘
1913,09:42:51,2.71,--,37,10243,卖盘
1914,09:42:48,2.71,-0.01,10,2710,卖盘
1915,09:42:45,2.72,--,16,4352,买盘
1916,09:42:42,2.72,0.01,139,37808,买盘
1917,09:42:36,2.71,--,1,271,卖盘
1918,09:42:33,2.71,--,151,40921,卖盘
1919,09:42:30,2.71,--,14,3794,卖盘
1920,09:42:24,2.71,-0.01,19,5149,卖盘
1921,09:42:21,2.72,0.01,42,11424,买盘
1922,09:42:18,2.71,--,58,15718,卖盘
1923,09:42:15,2.71,-0.01,25,6775,卖盘
1924,09:42:12,2.72,0.01,39,10608,买盘
1925,09:42:09,2.71,--,258,69918,卖盘
1926,09:42:06,2.71,--,131,35609,卖盘
1927,09:42:00,2.71,-0.01,54,14634,卖盘
1928,09:41:57,2.72,--,50,13600,买盘
1929,09:41:54,2.72,--,37,10064,买盘
1930,09:41:51,2.72,--,37,10064,买盘
1931,09:41:48,2.72,0.01,1510,410720,买盘
1932,09:41:45,2.71,--,126,34146,卖盘
1933,09:41:42,2.71,-0.01,42,11382,卖盘
1934,09:41:36,2.72,0.01,82,22304,买盘
1935,09:41:33,2.71,--,1818,492894,卖盘
1936,09:41:30,2.71,-0.01,6,1626,卖盘
1937,09:41:27,2.72,--,33,9084,买盘
1938,09:41:24,2.72,--,3,816,买盘
1939,09:41:21,2.72,--,1,272,买盘
1940,09:41:18,2.72,0.01,39,10608,买盘
1941,09:41:15,2.71,-0.01,666,180486,卖盘
1942,09:41:12,2.72,0.01,5,1360,买盘
1943,09:41:09,2.71,-0.01,489,132681,卖盘
1944,09:41:06,2.72,--,81,22032,买盘
1945,09:41:03,2.72,--,20,5440,买盘
1946,09:41:00,2.72,--,2311,628755,卖盘
1947,09:40:57,2.72,-0.01,21,5712,卖盘
1948,09:40:54,2.73,--,44,12012,买盘
1949,09:40:51,2.73,0.01,2,546,买盘
1950,09:40:45,2.72,-0.01,67,18224,卖盘
1951,09:40:39,2.73,--,50,13650,买盘
1952,09:40:33,2.73,0.01,50,13650,买盘
1953,09:40:27,2.72,-0.01,189,51408,卖盘
1954,09:40:24,2.73,0.01,98,26754,买盘
1955,09:40:18,2.72,-0.01,91,24752,卖盘
1956,09:40:15,2.73,--,34,9282,买盘
1957,09:40:12,2.73,--,50,13650,买盘
1958,09:40:09,2.73,0.01,19,5187,买盘
1959,09:40:06,2.72,--,35,9520,卖盘
1960,09:39:54,2.72,--,396,107712,卖盘
1961,09:39:48,2.72,-0.01,52,14144,卖盘
1962,09:39:45,2.73,0.01,87,23751,买盘
1963,09:39:42,2.72,-0.01,94,25568,卖盘
1964,09:39:39,2.73,--,100,27300,买盘
1965,09:39:36,2.73,--,2,546,买盘
1966,09:39:33,2.73,--,110,30030,买盘
1967,09:39:30,2.73,0.01,81,22113,买盘
1968,09:39:24,2.72,-0.01,2,761,卖盘
1969,09:39:18,2.73,--,28,7644,买盘
1970,09:39:12,2.73,--,13,3549,买盘
1971,09:39:09,2.73,--,21,5733,买盘
1972,09:39:03,2.73,--,43,11739,买盘
1973,09:39:00,2.73,--,28,7644,买盘
1974,09:38:57,2.73,--,2,546,买盘
1975,09:38:54,2.73,--,176,48266,买盘
1976,09:38:51,2.73,--,2,546,买盘
1977,09:38:45,2.73,--,63,17199,买盘
1978,09:38:42,2.73,0.01,50,13650,买盘
1979,09:38:36,2.72,--,21,5875,卖盘
1980,09:38:30,2.72,--,183,49884,卖盘
1981,09:38:27,2.72,-0.01,7,1904,卖盘
1982,09:38:24,2.73,0.01,40,10920,买盘
1983,09:38:18,2.72,-0.01,141,38352,卖盘
1984,09:38:15,2.73,--,3,819,买盘
1985,09:38:09,2.73,--,13,3549,买盘
1986,09:38:06,2.73,0.01,1,273,买盘
1987,09:38:03,2.72,-0.01,59,16048,卖盘
1988,09:38:00,2.73,--,18,4914,买盘
1989,09:37:57,2.73,--,6,1638,买盘
1990,09:37:51,2.73,0.01,21,5733,买盘
1991,09:37:48,2.72,-0.01,63,17136,卖盘
1992,09:37:45,2.73,--,18,4914,买盘
1993,09:37:42,2.73,--,99,27027,买盘
1994,09:37:39,2.73,--,52,14196,买盘
1995,09:37:36,2.73,--,20,5460,买盘
1996,09:37:33,2.73,--,40,10920,买盘
1997,09:37:30,2.73,--,50,13650,买盘
1998,09:37:27,2.73,--,26,7098,买盘
1999,09:37:24,2.73,--,544,148512,卖盘
2000,09:37:21,2.73,--,616,168168,买盘
2001,09:37:18,2.73,--,50,13650,买盘
2002,09:37:15,2.73,--,13,3549,买盘
2003,09:37:12,2.73,--,33,9009,买盘
2004,09:37:09,2.73,--,10,2730,买盘
2005,09:37:06,2.73,--,237,64701,卖盘
2006,09:37:03,2.73,-0.01,127,34671,卖盘
2007,09:37:00,2.74,0.01,85,23290,买盘
2008,09:36:57,2.73,--,6,1638,卖盘
2009,09:36:48,2.73,--,12,3276,卖盘
2010,09:36:45,2.73,0.01,81,22331,买盘
2011,09:36:42,2.72,-0.01,100,27200,卖盘
2012,09:36:39,2.73,--,36,9828,买盘
2013,09:36:36,2.73,--,437,119301,买盘
2014,09:36:33,2.73,--,77,21021,买盘
2015,09:36:30,2.73,--,66,18018,买盘
2016,09:36:24,2.73,--,50,13650,买盘
2017,09:36:21,2.73,0.01,100,27300,买盘
2018,09:36:18,2.72,-0.01,29,7888,卖盘
2019,09:36:15,2.73,0.01,24,6552,买盘
2020,09:36:12,2.72,--,101,27472,卖盘
2021,09:36:09,2.72,-0.01,342,93024,卖盘
2022,09:36:06,2.73,--,30,8190,买盘
2023,09:36:03,2.73,0.01,17,4641,买盘
2024,09:36:00,2.72,--,1,435,卖盘
2025,09:35:57,2.72,--,19,5168,卖盘
2026,09:35:54,2.72,--,30,8160,卖盘
2027,09:35:51,2.72,--,3,816,卖盘
2028,09:35:48,2.72,--,200,54400,卖盘
2029,09:35:42,2.72,--,220,59840,卖盘
2030,09:35:36,2.72,--,128,34870,买盘
2031,09:35:33,2.72,--,127,34544,买盘
2032,09:35:30,2.72,--,79,21488,买盘
2033,09:35:27,2.72,--,91,24752,买盘
2034,09:35:24,2.72,0.01,90,24480,买盘
2035,09:35:21,2.71,-0.01,1,271,卖盘
2036,09:35:18,2.72,--,19,5168,买盘
2037,09:35:15,2.72,--,113,30736,买盘
2038,09:35:12,2.72,--,89,24208,买盘
2039,09:35:09,2.72,--,5,1360,买盘
2040,09:35:06,2.72,--,130,35360,买盘
2041,09:35:03,2.72,--,105,28560,买盘
2042,09:35:00,2.72,--,177,48198,卖盘
2043,09:34:57,2.72,-0.01,97,26384,卖盘
2044,09:34:54,2.73,0.01,20,5460,中性盘
2045,09:34:45,2.72,--,35,9520,卖盘
2046,09:34:42,2.72,--,166,45369,买盘
2047,09:34:33,2.72,--,41,11152,买盘
2048,09:34:30,2.72,--,8,2176,买盘
2049,09:34:27,2.72,--,1,272,买盘
2050,09:34:24,2.72,--,1,272,买盘
2051,09:34:21,2.72,--,9,2448,买盘
2052,09:34:18,2.72,-0.01,1790,486934,卖盘
2053,09:34:15,2.73,--,313,85558,卖盘
2054,09:34:12,2.73,-0.01,52,14196,卖盘
2055,09:34:09,2.74,--,17,4658,买盘
2056,09:34:06,2.74,0.01,300,82200,买盘
2057,09:34:03,2.73,--,1,491,卖盘
2058,09:33:57,2.73,-0.01,39,10810,卖盘
2059,09:33:54,2.74,--,3,822,买盘
2060,09:33:51,2.74,--,177,48717,卖盘
2061,09:33:48,2.74,--,73,20002,卖盘
2062,09:33:45,2.74,--,117,32058,卖盘
2063,09:33:36,2.74,--,8,2192,卖盘
2064,09:33:33,2.74,--,8,2192,卖盘
2065,09:33:27,2.74,--,4,1096,卖盘
2066,09:33:24,2.74,0.01,110,30194,买盘
2067,09:33:18,2.73,--,1141,311493,卖盘
2068,09:33:15,2.73,-0.01,179,49030,卖盘
2069,09:33:12,2.74,--,514,140836,买盘
2070,09:33:09,2.74,--,2,548,买盘
2071,09:33:06,2.74,0.01,52,14248,买盘
2072,09:33:03,2.73,--,10,2730,卖盘
2073,09:33:00,2.73,-0.01,42,11466,卖盘
2074,09:32:57,2.74,0.01,21,5754,买盘
2075,09:32:54,2.73,--,33,9227,卖盘
2076,09:32:51,2.73,--,19,5187,卖盘
2077,09:32:45,2.73,--,183,50013,卖盘
2078,09:32:42,2.73,--,10,2730,卖盘
2079,09:32:39,2.73,--,1,273,卖盘
2080,09:32:36,2.73,--,56,15506,卖盘
2081,09:32:33,2.73,--,40,10920,卖盘
2082,09:32:30,2.73,--,79,21785,卖盘
2083,09:32:24,2.73,--,33,9009,卖盘
2084,09:32:21,2.73,-0.01,18,4914,卖盘
2085,09:32:18,2.74,--,33,9042,买盘
2086,09:32:15,2.74,0.01,21,5754,买盘
2087,09:32:12,2.73,-0.01,40,10920,卖盘
2088,09:32:09,2.74,0.01,3,822,买盘
2089,09:32:06,2.73,--,243,66557,卖盘
2090,09:32:03,2.73,-0.01,157,42861,卖盘
2091,09:32:00,2.74,--,10,2740,买盘
2092,09:31:57,2.74,--,20,5480,买盘
2093,09:31:54,2.74,--,6,1644,买盘
2094,09:31:51,2.74,--,43,11782,买盘
2095,09:31:48,2.74,--,1,274,买盘
2096,09:31:42,2.74,--,34,9316,买盘
2097,09:31:39,2.74,--,65,18029,卖盘
2098,09:31:36,2.74,--,260,71240,卖盘
2099,09:31:33,2.74,--,100,27400,卖盘
2100,09:31:30,2.74,-0.01,23,6466,卖盘
2101,09:31:27,2.75,0.01,28,7700,买盘
2102,09:31:24,2.74,-0.01,2000,548000,卖盘
2103,09:31:21,2.75,--,12,3300,买盘
2104,09:31:18,2.75,--,59,16225,买盘
2105,09:31:15,2.75,--,31,8525,买盘
2106,09:31:12,2.75,--,18,4950,买盘
2107,09:31:09,2.75,--,1,275,买盘
2108,09:31:06,2.75,--,35,9625,买盘
2109,09:31:03,2.75,--,43,11825,买盘
2110,09:31:00,2.75,--,54,14850,买盘
2111,09:30:57,2.75,-0.01,339,93332,卖盘
2112,09:30:48,2.76,0.01,80,22080,买盘
2113,09:30:45,2.75,-0.01,61,16775,卖盘
2114,09:30:42,2.76,0.01,130,35880,买盘
2115,09:30:36,2.75,--,97,26675,卖盘
2116,09:30:24,2.75,-0.01,100,27500,卖盘
2117,09:30:18,2.76,0.01,189,52163,买盘
2118,09:30:09,2.75,0.01,175,48292,买盘
2119,09:30:06,2.74,-0.01,907,248572,卖盘
2120,09:30:03,2.75,--,454,124960,买盘
2121,09:30:00,2.75,--,0,0,买盘
2122,09:25:03,2.75,2.75,784,215600,买盘
