,time,price,change,volume,amount,type
0,15:00:03,10.36,0.01,4280,4434080,买盘
1,14:57:00,10.35,--,10,10350,买盘
2,14:56:57,10.35,--,539,557885,卖盘
3,14:56:54,10.35,--,30,31050,卖盘
4,14:56:51,10.35,--,1,1035,卖盘
5,14:56:48,10.35,-0.01,199,205965,卖盘
6,14:56:45,10.36,0.01,4,4144,买盘
7,14:56:39,10.35,--,20,20700,卖盘
8,14:56:36,10.35,--,20,20700,卖盘
9,14:56:33,10.35,--,14,15504,卖盘
10,14:56:27,10.35,-0.01,5,5175,卖盘
11,14:56:24,10.36,0.01,20,20720,买盘
12,14:56:18,10.35,-0.01,10,10350,中性盘
13,14:56:12,10.36,--,56,58016,买盘
14,14:56:09,10.36,0.01,1085,1124868,买盘
15,14:56:06,10.35,-0.01,7,7245,卖盘
16,14:56:03,10.36,--,3,3108,买盘
17,14:56:00,10.36,0.01,16,16576,买盘
18,14:55:57,10.35,--,28,28980,卖盘
19,14:55:54,10.35,--,535,553725,卖盘
20,14:55:51,10.35,--,12,12420,卖盘
21,14:55:48,10.35,-0.01,100,103500,卖盘
22,14:55:39,10.36,--,4,4144,买盘
23,14:55:36,10.36,--,10,10360,买盘
24,14:55:24,10.36,--,2,2072,买盘
25,14:55:21,10.36,0.01,10,10360,买盘
26,14:55:18,10.35,--,139,143865,卖盘
27,14:55:15,10.35,--,10,10432,卖盘
28,14:55:09,10.35,--,36,37260,卖盘
29,14:55:06,10.35,--,1840,1904544,买盘
30,14:55:03,10.35,--,2,2070,买盘
31,14:54:57,10.35,--,15,15525,买盘
32,14:54:54,10.35,--,55,56925,买盘
33,14:54:48,10.35,--,10,10350,买盘
34,14:54:39,10.35,--,1,1035,买盘
35,14:54:36,10.35,--,20,20700,买盘
36,14:54:33,10.35,--,1,1035,买盘
37,14:54:30,10.35,--,103,106605,买盘
38,14:54:27,10.35,--,54,55890,买盘
39,14:54:24,10.35,0.01,21,21735,买盘
40,14:54:21,10.34,--,12,12408,卖盘
41,14:54:18,10.34,-0.01,4,4136,卖盘
42,14:54:15,10.35,--,29,30015,买盘
43,14:54:12,10.35,0.01,10,10350,买盘
44,14:54:09,10.34,-0.01,105,108570,卖盘
45,14:54:06,10.35,--,44,45540,买盘
46,14:54:00,10.35,0.01,24,24840,买盘
47,14:53:57,10.34,-0.01,34,35156,卖盘
48,14:53:54,10.35,0.01,5,5175,买盘
49,14:53:51,10.34,--,10,10340,卖盘
50,14:53:42,10.34,-0.01,100,103400,卖盘
51,14:53:36,10.35,--,21,21735,买盘
52,14:53:33,10.35,0.01,512,529920,买盘
53,14:53:30,10.34,--,406,419804,卖盘
54,14:53:27,10.34,-0.01,28,28952,卖盘
55,14:53:21,10.35,--,108,111780,买盘
56,14:53:18,10.35,--,20,20700,买盘
57,14:53:00,10.35,--,11,11385,买盘
58,14:52:57,10.35,--,21,21735,买盘
59,14:52:54,10.35,0.01,25,25875,买盘
60,14:52:48,10.34,-0.01,16,16544,卖盘
61,14:52:39,10.35,--,60,62100,买盘
62,14:52:36,10.35,0.01,150,155250,买盘
63,14:52:33,10.34,--,36,37224,卖盘
64,14:52:27,10.34,-0.01,101,104434,卖盘
65,14:52:21,10.35,0.01,8,8280,买盘
66,14:52:18,10.34,-0.01,3,3102,卖盘
67,14:52:15,10.35,--,4,4140,买盘
68,14:52:12,10.35,--,6,6210,买盘
69,14:52:06,10.35,--,133,137655,买盘
70,14:52:03,10.35,--,8,8280,买盘
71,14:52:00,10.35,0.01,1,1035,买盘
72,14:51:36,10.34,-0.01,113,116842,卖盘
73,14:51:30,10.35,0.01,107,110745,买盘
74,14:51:27,10.34,-0.01,56,57904,卖盘
75,14:51:24,10.35,--,1,1035,买盘
76,14:51:21,10.35,0.01,4,4140,买盘
77,14:51:18,10.34,-0.01,10,10340,卖盘
78,14:51:15,10.35,--,17,17595,买盘
79,14:51:12,10.35,0.01,30,31050,买盘
80,14:50:54,10.34,-0.01,1,1034,卖盘
81,14:50:51,10.35,0.01,36,37260,买盘
82,14:50:45,10.34,--,28,28952,卖盘
83,14:50:42,10.34,--,23,23782,卖盘
84,14:50:39,10.34,--,63,65142,卖盘
85,14:50:36,10.34,--,10,10340,卖盘
86,14:50:33,10.34,-0.01,143,147862,卖盘
87,14:50:30,10.35,--,20,20700,买盘
88,14:50:27,10.35,--,55,56925,买盘
89,14:50:18,10.35,--,47,48645,买盘
90,14:50:15,10.35,0.01,51,52785,买盘
91,14:50:12,10.34,-0.01,3,3102,卖盘
92,14:50:09,10.35,--,38,39330,买盘
93,14:50:06,10.35,0.01,49,50715,买盘
94,14:50:00,10.34,-0.01,44,45496,卖盘
95,14:49:57,10.35,0.01,90,93150,买盘
96,14:49:54,10.34,--,21,21714,卖盘
97,14:49:51,10.34,-0.01,28,28952,卖盘
98,14:49:45,10.35,--,212,219420,买盘
99,14:49:33,10.35,--,48,49680,买盘
100,14:49:27,10.35,0.01,11,11385,买盘
101,14:49:24,10.34,-0.01,10,10340,卖盘
102,14:49:21,10.35,--,51,52785,买盘
103,14:49:12,10.35,0.01,81,83835,买盘
104,14:49:06,10.34,-0.01,14,14476,卖盘
105,14:49:03,10.35,--,22,22770,买盘
106,14:49:00,10.35,--,70,72450,买盘
107,14:48:57,10.35,0.01,20,20700,买盘
108,14:48:54,10.34,-0.01,44,45496,卖盘
109,14:48:51,10.35,--,49,50715,买盘
110,14:48:48,10.35,--,3,3105,买盘
111,14:48:39,10.35,0.01,152,157320,买盘
112,14:48:30,10.34,-0.01,3,3102,卖盘
113,14:48:27,10.35,0.01,208,215280,买盘
114,14:48:24,10.34,-0.01,9,9306,卖盘
115,14:48:18,10.35,--,47,48645,买盘
116,14:48:15,10.35,0.01,133,137655,买盘
117,14:48:09,10.34,-0.01,10,10340,卖盘
118,14:48:06,10.35,--,49,50715,买盘
119,14:48:03,10.35,0.01,24,24840,买盘
120,14:47:57,10.34,-0.01,2,2068,卖盘
121,14:47:54,10.35,--,62,64170,买盘
122,14:47:48,10.35,--,3,3105,买盘
123,14:47:45,10.35,--,47,48645,买盘
124,14:47:42,10.35,--,3,3105,买盘
125,14:47:36,10.35,--,2,2070,买盘
126,14:47:33,10.35,0.01,49,50715,买盘
127,14:47:27,10.34,-0.01,41,43117,卖盘
128,14:47:24,10.35,0.01,65,67275,买盘
129,14:47:21,10.34,--,54,55836,卖盘
130,14:47:18,10.34,--,15,15510,卖盘
131,14:47:15,10.34,--,79,81686,买盘
132,14:47:12,10.34,--,65,67210,买盘
133,14:47:09,10.34,--,2,2068,买盘
134,14:47:03,10.34,--,32,33088,买盘
135,14:47:00,10.34,--,26,26884,买盘
136,14:46:57,10.34,0.01,73,75482,买盘
137,14:46:54,10.33,-0.01,19,19627,卖盘
138,14:46:51,10.34,--,52,53768,买盘
139,14:46:48,10.34,--,80,82720,买盘
140,14:46:45,10.34,--,3,3102,买盘
141,14:46:42,10.34,--,56,57904,买盘
142,14:46:39,10.34,-0.01,59,61006,卖盘
143,14:46:36,10.35,0.01,71,73485,买盘
144,14:46:33,10.34,-0.01,2,2068,卖盘
145,14:46:30,10.35,0.01,47,48645,买盘
146,14:46:27,10.34,--,24,24816,卖盘
147,14:46:24,10.34,0.01,22,22748,卖盘
148,14:46:18,10.33,-0.02,42,43386,卖盘
149,14:46:15,10.35,0.01,27,27945,买盘
150,14:46:12,10.34,--,28,28952,买盘
151,14:46:09,10.34,--,35,36190,买盘
152,14:46:06,10.34,--,142,146828,买盘
153,14:46:03,10.34,--,22,22748,买盘
154,14:45:57,10.34,--,22,22748,买盘
155,14:45:54,10.34,0.01,50,51700,买盘
156,14:45:48,10.33,-0.01,12,12396,卖盘
157,14:45:45,10.34,--,21,21714,买盘
158,14:45:42,10.34,0.01,27,27918,买盘
159,14:45:33,10.33,-0.01,131,135323,卖盘
160,14:45:30,10.34,--,63,65142,买盘
161,14:45:21,10.34,--,54,55836,买盘
162,14:45:15,10.34,--,16,16544,买盘
163,14:45:12,10.34,--,23,23782,买盘
164,14:45:09,10.34,--,57,58938,买盘
165,14:45:06,10.34,--,10,10340,买盘
166,14:45:03,10.34,--,37,38258,买盘
167,14:45:00,10.34,--,645,667457,卖盘
168,14:44:54,10.34,-0.01,21,21714,卖盘
169,14:44:51,10.35,0.01,20,20700,买盘
170,14:44:48,10.34,--,38,39292,卖盘
171,14:44:45,10.34,--,20,20680,卖盘
172,14:44:39,10.34,-0.01,235,242990,卖盘
173,14:44:36,10.35,0.01,21,21735,买盘
174,14:44:30,10.34,-0.01,10,10340,卖盘
175,14:44:27,10.35,--,27,27945,买盘
176,14:44:24,10.35,0.01,24,24840,买盘
177,14:44:21,10.34,-0.01,40,41360,卖盘
178,14:44:18,10.35,--,59,61065,买盘
179,14:44:15,10.35,--,3,3105,买盘
180,14:44:12,10.35,--,54,55890,买盘
181,14:44:06,10.35,0.01,63,65205,买盘
182,14:44:03,10.34,--,3,3102,卖盘
183,14:44:00,10.34,--,3,3102,卖盘
184,14:43:57,10.34,--,41,42394,卖盘
185,14:43:54,10.34,-0.01,49,50666,卖盘
186,14:43:51,10.35,0.01,26,26910,买盘
187,14:43:48,10.34,-0.01,1,1034,卖盘
188,14:43:39,10.35,--,93,96379,买盘
189,14:43:36,10.35,--,67,69345,买盘
190,14:43:33,10.35,0.01,20,20700,买盘
191,14:43:30,10.34,-0.01,58,60158,卖盘
192,14:43:27,10.35,--,22,22770,买盘
193,14:43:21,10.35,--,48,49680,买盘
194,14:43:18,10.35,--,31,32085,买盘
195,14:43:12,10.35,--,44,45540,买盘
196,14:43:09,10.35,0.01,30,31050,买盘
197,14:43:06,10.34,-0.01,92,95128,卖盘
198,14:43:03,10.35,--,219,226665,买盘
199,14:43:00,10.35,0.01,42,43470,买盘
200,14:42:54,10.34,--,17,17578,卖盘
201,14:42:51,10.34,-0.01,120,124080,卖盘
202,14:42:48,10.35,--,406,420210,买盘
203,14:42:45,10.35,--,64,66240,买盘
204,14:42:42,10.35,--,18,18630,买盘
205,14:42:33,10.35,0.01,30,31050,买盘
206,14:42:24,10.34,--,2,2895,卖盘
207,14:42:18,10.34,--,495,511830,卖盘
208,14:42:15,10.34,-0.01,31,32054,卖盘
209,14:42:12,10.35,--,97,100395,买盘
210,14:42:09,10.35,--,191,197685,买盘
211,14:42:03,10.35,--,26,26910,买盘
212,14:42:00,10.35,0.01,19,19665,买盘
213,14:41:57,10.34,--,37,38258,卖盘
214,14:41:54,10.34,-0.01,13,13442,卖盘
215,14:41:51,10.35,--,65,67275,买盘
216,14:41:48,10.35,--,30,31050,买盘
217,14:41:45,10.35,--,30,31050,买盘
218,14:41:36,10.35,--,28,28980,买盘
219,14:41:33,10.35,0.01,51,52785,买盘
220,14:41:30,10.34,--,66,68244,卖盘
221,14:41:27,10.34,-0.01,58,60158,卖盘
222,14:41:24,10.35,--,51,52785,买盘
223,14:41:21,10.35,0.01,18,18630,买盘
224,14:41:15,10.34,--,43,44679,买盘
225,14:41:12,10.34,0.01,53,54802,买盘
226,14:41:09,10.33,--,23,23759,卖盘
227,14:41:06,10.33,-0.01,240,247920,卖盘
228,14:41:03,10.34,--,9,9306,买盘
229,14:41:00,10.34,--,19,19646,买盘
230,14:40:57,10.34,0.01,50,51700,买盘
231,14:40:54,10.33,-0.01,30,30990,卖盘
232,14:40:48,10.34,--,456,472506,卖盘
233,14:40:45,10.34,-0.01,9,9306,卖盘
234,14:40:42,10.35,0.01,322,333270,买盘
235,14:40:39,10.34,--,13,13442,卖盘
236,14:40:36,10.34,--,1,1034,卖盘
237,14:40:33,10.34,-0.01,49,50666,卖盘
238,14:40:21,10.35,--,30,31050,买盘
239,14:40:18,10.35,--,3,3105,买盘
240,14:40:15,10.35,0.01,50,51750,买盘
241,14:40:12,10.34,-0.01,25,25850,卖盘
242,14:40:09,10.35,--,39,40365,买盘
243,14:40:03,10.35,0.01,18,18630,买盘
244,14:40:00,10.34,-0.01,7,7238,卖盘
245,14:39:57,10.35,0.01,21,21735,买盘
246,14:39:54,10.34,-0.01,12,12408,卖盘
247,14:39:48,10.35,--,27,27945,买盘
248,14:39:45,10.35,--,1,1035,买盘
249,14:39:42,10.35,--,3,3105,买盘
250,14:39:36,10.35,--,19,19665,买盘
251,14:39:33,10.35,--,2,2070,买盘
252,14:39:30,10.35,--,102,105570,买盘
253,14:39:27,10.35,0.01,27,27945,买盘
254,14:39:24,10.34,--,8,8757,卖盘
255,14:39:21,10.34,--,176,182718,卖盘
256,14:39:18,10.34,-0.01,22,22748,卖盘
257,14:39:15,10.35,--,65,67275,买盘
258,14:39:12,10.35,--,1,1035,买盘
259,14:39:09,10.35,--,7,7245,买盘
260,14:39:06,10.35,--,1,1035,买盘
261,14:39:03,10.35,0.01,22,22770,买盘
262,14:38:54,10.34,-0.01,29,29986,卖盘
263,14:38:48,10.35,--,3,3105,买盘
264,14:38:45,10.35,0.01,86,89010,买盘
265,14:38:42,10.34,--,12,12408,卖盘
266,14:38:39,10.34,-0.01,1,1034,卖盘
267,14:38:36,10.35,--,4,4140,买盘
268,14:38:33,10.35,--,26,26910,买盘
269,14:38:30,10.35,0.01,24,24840,买盘
270,14:38:21,10.34,-0.01,62,64108,卖盘
271,14:38:18,10.35,0.01,23,24684,买盘
272,14:38:15,10.34,--,80,82720,买盘
273,14:38:12,10.34,--,6,6204,买盘
274,14:38:09,10.34,--,80,82720,买盘
275,14:38:03,10.34,--,505,522170,买盘
276,14:37:57,10.34,0.01,22,22748,买盘
277,14:37:54,10.33,-0.01,57,58881,卖盘
278,14:37:48,10.34,--,38,39292,买盘
279,14:37:45,10.34,--,40,41360,买盘
280,14:37:42,10.34,--,4,4136,买盘
281,14:37:39,10.34,0.01,18,18612,买盘
282,14:37:36,10.33,--,142,146686,卖盘
283,14:37:33,10.33,-0.01,5,5165,卖盘
284,14:37:30,10.34,--,40,41360,买盘
285,14:37:24,10.34,--,10,10340,买盘
286,14:37:21,10.34,--,63,65142,买盘
287,14:37:18,10.34,--,2,2068,买盘
288,14:37:15,10.34,--,75,77736,买盘
289,14:37:12,10.34,--,3,3102,买盘
290,14:37:09,10.34,--,27,27918,买盘
291,14:37:06,10.34,--,19,19646,买盘
292,14:37:03,10.34,0.01,49,50666,买盘
293,14:37:00,10.33,-0.01,3,3099,卖盘
294,14:36:57,10.34,0.01,18,18612,买盘
295,14:36:54,10.33,-0.01,43,44419,卖盘
296,14:36:51,10.34,--,19,19646,买盘
297,14:36:48,10.34,0.01,53,54853,买盘
298,14:36:45,10.33,--,21,21693,买盘
299,14:36:42,10.33,--,164,169412,买盘
300,14:36:39,10.33,--,50,51650,买盘
301,14:36:36,10.33,--,33,34089,买盘
302,14:36:33,10.33,--,70,72310,买盘
303,14:36:30,10.33,0.01,100,103300,买盘
304,14:36:27,10.32,-0.01,193,199176,卖盘
305,14:36:24,10.33,--,178,183874,买盘
306,14:36:21,10.33,--,31,32023,买盘
307,14:36:18,10.33,--,59,60947,买盘
308,14:36:15,10.33,--,3,3099,买盘
309,14:36:12,10.33,--,31,32023,买盘
310,14:36:09,10.33,-0.01,637,659002,卖盘
311,14:36:06,10.34,--,9,9306,买盘
312,14:36:00,10.34,0.01,1,1034,买盘
313,14:35:57,10.33,--,318,328494,卖盘
314,14:35:54,10.33,-0.01,43,44419,卖盘
315,14:35:51,10.34,--,3,3102,买盘
316,14:35:48,10.34,--,26,26884,买盘
317,14:35:45,10.34,--,69,71346,买盘
318,14:35:42,10.34,0.01,313,323642,买盘
319,14:35:39,10.33,-0.01,30,30990,卖盘
320,14:35:36,10.34,--,72,74448,买盘
321,14:35:33,10.34,--,10,10340,买盘
322,14:35:30,10.34,--,18,18612,买盘
323,14:35:21,10.34,--,518,535612,买盘
324,14:35:18,10.34,--,30,31020,买盘
325,14:35:15,10.34,--,60,62226,买盘
326,14:35:12,10.34,--,1,1034,买盘
327,14:35:09,10.34,--,19,19646,买盘
328,14:35:06,10.34,--,6,6204,买盘
329,14:35:03,10.34,0.01,41,42394,买盘
330,14:35:00,10.33,--,39,40287,卖盘
331,14:34:54,10.33,-0.01,47,48551,卖盘
332,14:34:51,10.34,--,154,159236,买盘
333,14:34:48,10.34,0.01,44,45496,买盘
334,14:34:45,10.33,-0.01,2,2066,卖盘
335,14:34:42,10.34,0.01,29,29986,买盘
336,14:34:39,10.33,-0.01,11,11363,卖盘
337,14:34:36,10.34,--,43,44462,买盘
338,14:34:30,10.34,--,19,19646,买盘
339,14:34:24,10.34,--,4,4136,买盘
340,14:34:21,10.34,--,531,549054,买盘
341,14:34:15,10.34,--,200,206800,买盘
342,14:34:12,10.34,--,51,52734,买盘
343,14:34:03,10.34,0.01,70,72380,买盘
344,14:33:54,10.33,-0.01,16,16528,卖盘
345,14:33:51,10.34,--,324,335016,买盘
346,14:33:48,10.34,--,33,34122,买盘
347,14:33:45,10.34,--,9,9306,买盘
348,14:33:42,10.34,--,30,31020,买盘
349,14:33:39,10.34,--,22,22748,买盘
350,14:33:36,10.34,--,1305,1349370,买盘
351,14:33:33,10.34,--,4,4136,买盘
352,14:33:27,10.34,--,31,32054,买盘
353,14:33:15,10.34,--,3,3102,买盘
354,14:33:12,10.34,--,25,25850,买盘
355,14:33:06,10.34,--,68,70498,买盘
356,14:33:03,10.34,0.01,1,1034,买盘
357,14:33:00,10.33,--,35,36155,卖盘
358,14:32:54,10.33,--,14,14462,卖盘
359,14:32:48,10.33,-0.01,2,2066,卖盘
360,14:32:42,10.34,0.01,1,1034,买盘
361,14:32:39,10.33,-0.01,5,5165,卖盘
362,14:32:33,10.34,--,39,40326,买盘
363,14:32:30,10.34,--,5,5170,买盘
364,14:32:24,10.34,--,197,203698,买盘
365,14:32:12,10.34,--,2,2068,买盘
366,14:32:09,10.34,--,32,33088,买盘
367,14:32:03,10.34,--,3,3102,买盘
368,14:31:57,10.34,0.01,6,6204,买盘
369,14:31:54,10.33,-0.01,15,15495,卖盘
370,14:31:42,10.34,--,1,1034,买盘
371,14:31:36,10.34,--,19,19646,买盘
372,14:31:33,10.34,0.01,80,82720,买盘
373,14:31:30,10.33,-0.01,205,211765,卖盘
374,14:31:27,10.34,--,13,13442,买盘
375,14:31:24,10.34,--,3,3102,买盘
376,14:31:21,10.34,--,5,5170,买盘
377,14:31:18,10.34,0.01,5,5170,买盘
378,14:31:15,10.33,-0.01,135,139455,卖盘
379,14:31:12,10.34,--,2,2068,买盘
380,14:31:09,10.34,0.01,13,13442,买盘
381,14:31:03,10.33,-0.01,102,105551,卖盘
382,14:31:00,10.34,0.01,5,5170,买盘
383,14:30:54,10.33,-0.01,27,27891,卖盘
384,14:30:42,10.34,0.01,1,1561,买盘
385,14:30:39,10.33,--,50,51650,买盘
386,14:30:36,10.33,--,100,103300,买盘
387,14:30:33,10.33,--,6,6198,买盘
388,14:30:30,10.33,0.01,24,24792,买盘
389,14:30:24,10.32,--,37,38184,卖盘
390,14:30:21,10.32,-0.01,10,10320,卖盘
391,14:30:18,10.33,--,47,48551,买盘
392,14:30:15,10.33,--,2,2066,买盘
393,14:30:12,10.33,0.01,46,47518,买盘
394,14:30:06,10.32,-0.01,16,16512,卖盘
395,14:30:03,10.33,0.01,51,52683,买盘
396,14:30:00,10.32,--,28,28896,卖盘
397,14:29:54,10.32,--,80,82560,卖盘
398,14:29:51,10.32,-0.01,132,136224,卖盘
399,14:29:45,10.33,--,82,84706,买盘
400,14:29:42,10.33,--,1,1033,买盘
401,14:29:27,10.33,0.01,44,45452,买盘
402,14:29:21,10.32,-0.01,32,33024,卖盘
403,14:29:18,10.33,--,29,29957,买盘
404,14:29:12,10.33,0.01,180,185940,买盘
405,14:29:00,10.32,-0.01,60,62105,卖盘
406,14:28:57,10.33,0.01,67,69211,买盘
407,14:28:54,10.32,--,12,12384,卖盘
408,14:28:51,10.32,--,32,33024,卖盘
409,14:28:48,10.32,-0.01,165,170280,卖盘
410,14:28:42,10.33,--,56,57848,买盘
411,14:28:39,10.33,0.01,15,15495,买盘
412,14:28:30,10.32,-0.01,36,37152,卖盘
413,14:28:27,10.33,0.01,2,2066,买盘
414,14:28:24,10.32,--,41,42312,卖盘
415,14:28:21,10.32,--,32,33024,卖盘
416,14:28:18,10.32,--,9,9288,卖盘
417,14:28:15,10.32,-0.01,5,5160,卖盘
418,14:28:12,10.33,--,3,3099,买盘
419,14:28:09,10.33,0.01,20,20660,买盘
420,14:28:06,10.32,-0.01,100,103200,卖盘
421,14:28:03,10.33,0.01,5,5165,买盘
422,14:27:57,10.32,-0.01,300,309600,卖盘
423,14:27:54,10.33,0.01,51,52683,买盘
424,14:27:48,10.32,-0.01,32,33024,卖盘
425,14:27:45,10.33,--,6,6198,买盘
426,14:27:42,10.33,--,1,1033,买盘
427,14:27:33,10.33,0.01,6,6198,买盘
428,14:27:27,10.32,--,4,4128,卖盘
429,14:27:24,10.32,-0.01,34,35088,卖盘
430,14:27:21,10.33,0.01,118,121894,买盘
431,14:27:18,10.32,-0.01,32,33024,卖盘
432,14:27:12,10.33,--,5,5165,买盘
433,14:27:06,10.33,--,39,40287,买盘
434,14:27:03,10.33,0.01,6,6198,买盘
435,14:26:57,10.32,--,58,60041,卖盘
436,14:26:54,10.32,-0.01,12,12384,卖盘
437,14:26:51,10.33,--,82,84706,买盘
438,14:26:48,10.33,0.01,72,74376,买盘
439,14:26:42,10.32,-0.01,55,56760,卖盘
440,14:26:39,10.33,--,4,4132,买盘
441,14:26:36,10.33,0.01,23,23759,买盘
442,14:26:33,10.32,-0.01,12,13240,卖盘
443,14:26:30,10.33,0.01,42,43386,买盘
444,14:26:27,10.32,0.01,21,21672,中性盘
445,14:26:21,10.31,-0.02,66,68046,卖盘
446,14:26:18,10.33,0.01,45,46485,买盘
447,14:26:12,10.32,--,461,475958,买盘
448,14:26:09,10.32,--,1,1032,买盘
449,14:26:03,10.32,0.01,10,10320,买盘
450,14:25:54,10.31,--,16,16496,卖盘
451,14:25:51,10.31,-0.01,20,20620,卖盘
452,14:25:48,10.32,--,58,59856,卖盘
453,14:25:45,10.32,-0.01,32,33024,卖盘
454,14:25:42,10.33,0.01,1,1033,买盘
455,14:25:36,10.32,-0.01,2,2064,中性盘
456,14:25:33,10.33,0.01,46,47518,买盘
457,14:25:27,10.32,-0.01,83,86502,卖盘
458,14:25:24,10.33,--,46,47518,买盘
459,14:25:21,10.33,0.01,12,12396,买盘
460,14:25:18,10.32,--,34,35088,卖盘
461,14:25:15,10.32,--,49,50568,卖盘
462,14:25:12,10.32,--,38,39959,卖盘
463,14:25:09,10.32,-0.01,52,54138,卖盘
464,14:25:00,10.33,0.02,47,48551,买盘
465,14:24:54,10.31,-0.02,12,12372,卖盘
466,14:24:51,10.33,0.02,49,50617,买盘
467,14:24:45,10.31,-0.02,34,35054,卖盘
468,14:24:42,10.33,--,76,78508,买盘
469,14:24:39,10.33,0.01,6,6198,买盘
470,14:24:33,10.32,-0.01,33,34056,买盘
471,14:24:30,10.33,--,45,46485,买盘
472,14:24:27,10.33,0.02,4,4132,买盘
473,14:24:24,10.31,--,5,5155,卖盘
474,14:24:21,10.31,-0.02,5,5155,卖盘
475,14:24:15,10.33,--,38,39254,买盘
476,14:24:12,10.33,0.02,1,1033,买盘
477,14:24:09,10.31,-0.02,32,32992,卖盘
478,14:24:00,10.33,0.02,10,10330,买盘
479,14:23:54,10.31,-0.02,12,12372,卖盘
480,14:23:48,10.33,0.02,38,39254,买盘
481,14:23:42,10.31,--,132,136092,卖盘
482,14:23:39,10.31,-0.02,32,32992,卖盘
483,14:23:33,10.33,0.02,1,1033,买盘
484,14:23:30,10.31,--,1,1031,卖盘
485,14:23:27,10.31,-0.02,32,32992,卖盘
486,14:23:24,10.33,--,3,3099,买盘
487,14:23:21,10.33,--,8,8264,买盘
488,14:23:18,10.33,--,3,3099,买盘
489,14:23:12,10.33,0.01,72,75212,买盘
490,14:23:06,10.32,-0.01,32,33024,卖盘
491,14:23:03,10.33,0.01,407,420431,买盘
492,14:22:57,10.32,--,0,196,卖盘
493,14:22:54,10.32,-0.01,44,45408,卖盘
494,14:22:51,10.33,--,5,5165,买盘
495,14:22:48,10.33,0.02,58,59914,买盘
496,14:22:45,10.31,-0.01,57,59787,卖盘
497,14:22:42,10.32,0.01,1,1032,买盘
498,14:22:39,10.31,-0.01,34,35054,卖盘
499,14:22:36,10.32,--,35,36120,买盘
500,14:22:30,10.32,-0.01,2,2064,中性盘
501,14:22:24,10.33,0.02,27,27891,买盘
502,14:22:18,10.31,-0.01,14,14846,卖盘
503,14:22:15,10.32,--,180,185760,买盘
504,14:22:09,10.32,--,102,105264,买盘
505,14:22:03,10.32,0.01,332,342624,买盘
506,14:21:54,10.31,-0.01,41,42271,卖盘
507,14:21:48,10.32,--,30,30960,买盘
508,14:21:42,10.32,0.01,1,1032,买盘
509,14:21:39,10.31,-0.01,34,35054,卖盘
510,14:21:36,10.32,--,2,2064,买盘
511,14:21:33,10.32,0.01,6,6192,买盘
512,14:21:30,10.31,-0.01,32,32992,卖盘
513,14:21:18,10.32,--,135,139320,买盘
514,14:21:09,10.32,--,1,1032,买盘
515,14:21:06,10.32,--,50,51600,买盘
516,14:21:00,10.32,-0.01,416,430158,卖盘
517,14:20:57,10.33,0.01,38,39254,买盘
518,14:20:54,10.32,--,15,15480,卖盘
519,14:20:51,10.32,--,1,1032,卖盘
520,14:20:48,10.32,-0.01,60,62105,卖盘
521,14:20:42,10.33,0.02,65,67145,买盘
522,14:20:36,10.31,-0.01,34,35054,卖盘
523,14:20:33,10.32,0.01,99,102168,买盘
524,14:20:27,10.31,-0.01,35,36085,卖盘
525,14:20:21,10.32,--,6,6192,买盘
526,14:20:12,10.32,--,27,27864,买盘
527,14:20:09,10.32,--,1,1032,买盘
528,14:20:06,10.32,0.01,18,18576,买盘
529,14:20:03,10.31,--,34,35054,卖盘
530,14:20:00,10.31,--,3,3093,卖盘
531,14:19:57,10.31,--,62,63922,卖盘
532,14:19:54,10.31,--,12,12372,卖盘
533,14:19:42,10.31,-0.01,50,51550,卖盘
534,14:19:39,10.32,--,47,48504,买盘
535,14:19:36,10.32,0.01,27,27864,买盘
536,14:19:33,10.31,--,34,35054,卖盘
537,14:19:30,10.31,-0.01,16,16496,卖盘
538,14:19:27,10.32,--,82,84624,买盘
539,14:19:24,10.32,--,42,43344,买盘
540,14:19:15,10.32,--,28,28896,买盘
541,14:19:09,10.32,--,1,1032,买盘
542,14:19:06,10.32,0.01,30,30960,买盘
543,14:19:03,10.31,--,60,62045,卖盘
544,14:19:00,10.31,--,34,35054,卖盘
545,14:18:54,10.31,-0.01,46,47426,卖盘
546,14:18:48,10.32,--,1,1032,买盘
547,14:18:45,10.32,0.01,155,159960,买盘
548,14:18:33,10.31,--,3,3093,卖盘
549,14:18:30,10.31,-0.01,34,35054,卖盘
550,14:18:24,10.32,--,37,38184,买盘
551,14:18:21,10.32,--,56,57792,买盘
552,14:18:18,10.32,0.01,9,9288,买盘
553,14:18:12,10.31,-0.01,59,60829,卖盘
554,14:18:09,10.32,-0.01,2,2064,中性盘
555,14:18:03,10.33,--,6,6198,买盘
556,14:18:00,10.33,0.02,66,68178,买盘
557,14:17:54,10.31,--,12,12372,卖盘
558,14:17:51,10.31,-0.02,32,32992,卖盘
559,14:17:45,10.33,0.01,30,30990,买盘
560,14:17:42,10.32,0.01,8,8256,买盘
561,14:17:39,10.31,--,43,44333,买盘
562,14:17:36,10.31,--,28,28868,买盘
563,14:17:33,10.31,0.01,53,54643,买盘
564,14:17:27,10.3,-0.01,34,35020,卖盘
565,14:17:24,10.31,--,44,45364,买盘
566,14:17:21,10.31,--,72,74232,买盘
567,14:17:18,10.31,--,14,14434,买盘
568,14:17:15,10.31,0.01,41,42271,买盘
569,14:17:09,10.3,-0.01,28,29664,卖盘
570,14:17:03,10.31,0.01,30,30930,买盘
571,14:17:00,10.3,--,208,214240,卖盘
572,14:16:57,10.3,--,34,35020,卖盘
573,14:16:54,10.3,-0.01,12,12360,卖盘
574,14:16:51,10.31,0.01,38,39178,买盘
575,14:16:48,10.3,-0.01,32,32960,卖盘
576,14:16:45,10.31,0.01,61,62891,买盘
577,14:16:42,10.3,-0.01,4,4439,卖盘
578,14:16:39,10.31,0.01,54,56570,买盘
579,14:16:36,10.3,-0.01,5,5150,卖盘
580,14:16:33,10.31,--,18,18558,买盘
581,14:16:24,10.31,0.01,44,45364,买盘
582,14:16:21,10.3,--,31,31930,卖盘
583,14:16:18,10.3,--,32,32960,卖盘
584,14:16:15,10.3,--,152,156560,卖盘
585,14:16:12,10.3,--,34,35020,卖盘
586,14:16:03,10.3,-0.01,772,795819,卖盘
587,14:15:57,10.31,--,56,57736,卖盘
588,14:15:54,10.31,--,203,209293,卖盘
589,14:15:45,10.31,--,32,32992,卖盘
590,14:15:39,10.31,--,143,147433,卖盘
591,14:15:36,10.31,--,65,67015,卖盘
592,14:15:33,10.31,--,32,32992,卖盘
593,14:15:27,10.31,--,21,21651,卖盘
594,14:15:24,10.31,--,110,113410,卖盘
595,14:15:21,10.31,--,1090,1123790,卖盘
596,14:15:15,10.31,-0.01,58,59798,卖盘
597,14:15:09,10.32,--,31,31992,卖盘
598,14:15:06,10.32,0.01,68,70176,买盘
599,14:15:03,10.31,-0.01,80,82480,卖盘
600,14:15:00,10.32,0.01,16,16512,买盘
601,14:14:54,10.31,-0.01,332,343230,卖盘
602,14:14:51,10.32,-0.02,220,227040,卖盘
603,14:14:45,10.34,0.02,41,42394,买盘
604,14:14:42,10.32,-0.02,33,34056,卖盘
605,14:14:36,10.34,--,24,25198,买盘
606,14:14:33,10.34,0.02,31,32054,买盘
607,14:14:30,10.32,-0.02,58,60691,卖盘
608,14:14:24,10.34,--,27,27918,买盘
609,14:14:21,10.34,--,40,41360,买盘
610,14:14:12,10.34,0.01,62,64108,买盘
611,14:14:09,10.33,-0.01,1,1033,中性盘
612,14:14:00,10.34,--,31,32054,买盘
613,14:13:54,10.34,0.02,47,48598,买盘
614,14:13:48,10.32,-0.02,35,36120,卖盘
615,14:13:45,10.34,0.01,9,9306,买盘
616,14:13:42,10.33,-0.01,32,33056,卖盘
617,14:13:39,10.34,0.01,31,32054,买盘
618,14:13:15,10.33,-0.01,36,37188,卖盘
619,14:13:12,10.34,0.01,1,1034,买盘
620,14:13:09,10.33,0.01,32,33056,中性盘
621,14:12:54,10.32,--,12,12384,卖盘
622,14:12:51,10.32,--,10,10320,卖盘
623,14:12:48,10.32,--,1737,1792584,卖盘
624,14:12:45,10.32,--,34,35088,卖盘
625,14:12:42,10.32,-0.02,58,60041,卖盘
626,14:12:39,10.34,--,53,54802,买盘
627,14:12:36,10.34,0.01,10,10340,买盘
628,14:12:33,10.33,--,13,13429,卖盘
629,14:12:30,10.33,--,3,3099,买盘
630,14:12:24,10.33,0.01,6,6198,买盘
631,14:12:15,10.32,-0.01,34,35088,卖盘
632,14:12:12,10.33,--,5,5165,买盘
633,14:12:09,10.33,0.01,1,1033,买盘
634,14:12:06,10.32,-0.02,38,39216,卖盘
635,14:12:00,10.34,0.02,6,6204,买盘
636,14:11:54,10.32,-0.01,12,12384,卖盘
637,14:11:48,10.33,--,19,19627,卖盘
638,14:11:42,10.33,--,47,48551,买盘
639,14:11:39,10.33,--,6,6198,买盘
640,14:11:36,10.33,--,49,50617,买盘
641,14:11:33,10.33,--,7,7231,买盘
642,14:11:30,10.33,--,20,20660,买盘
643,14:11:27,10.33,0.01,1,1033,买盘
644,14:11:15,10.32,--,80,82560,卖盘
645,14:11:12,10.32,--,34,35088,卖盘
646,14:11:09,10.32,--,22,22704,卖盘
647,14:11:06,10.32,-0.01,32,33024,卖盘
648,14:11:03,10.33,0.01,6,6198,买盘
649,14:10:57,10.32,--,100,103200,卖盘
650,14:10:54,10.32,-0.02,12,12384,卖盘
651,14:10:51,10.34,0.01,6,6204,买盘
652,14:10:45,10.33,0.01,3,3099,卖盘
653,14:10:39,10.32,--,65,67080,卖盘
654,14:10:33,10.32,-0.01,74,76368,卖盘
655,14:10:30,10.33,--,14,15402,买盘
656,14:10:27,10.33,--,20,21486,买盘
657,14:10:24,10.33,--,13,13429,买盘
658,14:10:21,10.33,--,63,65471,买盘
659,14:10:18,10.33,0.01,10,10330,买盘
660,14:10:12,10.32,-0.01,0,10,卖盘
661,14:10:09,10.33,0.01,1,1033,买盘
662,14:10:06,10.32,--,134,138288,卖盘
663,14:10:03,10.32,-0.01,32,33024,卖盘
664,14:09:57,10.33,0.01,128,132224,买盘
665,14:09:54,10.32,-0.01,18,18576,卖盘
666,14:09:39,10.33,0.01,50,51650,买盘
667,14:09:36,10.32,--,34,35088,卖盘
668,14:09:33,10.32,--,2,2064,卖盘
669,14:09:30,10.32,-0.01,32,33024,卖盘
670,14:09:27,10.33,--,1,1033,买盘
671,14:09:09,10.33,--,1,1033,买盘
672,14:09:06,10.33,0.01,7,7231,买盘
673,14:09:03,10.32,-0.01,34,35088,卖盘
674,14:09:00,10.33,0.01,6,6198,买盘
675,14:08:57,10.32,--,139,143448,卖盘
676,14:08:54,10.32,--,14,14448,卖盘
677,14:08:48,10.32,-0.01,15,15480,卖盘
678,14:08:45,10.33,0.01,7,7231,买盘
679,14:08:39,10.32,--,6,6192,卖盘
680,14:08:33,10.32,--,34,35088,卖盘
681,14:08:30,10.32,--,22,22704,卖盘
682,14:08:27,10.32,-0.01,32,33024,卖盘
683,14:08:24,10.33,0.01,30,30990,买盘
684,14:08:21,10.32,-0.01,5,5789,卖盘
685,14:08:18,10.33,--,62,64634,买盘
686,14:08:09,10.33,--,1,1033,买盘
687,14:08:06,10.33,--,670,692585,卖盘
688,14:08:00,10.33,--,34,35122,卖盘
689,14:07:54,10.33,--,44,45452,卖盘
690,14:07:51,10.33,--,102,105366,卖盘
691,14:07:48,10.33,-0.01,43,44419,卖盘
692,14:07:39,10.34,--,4,4136,买盘
693,14:07:36,10.34,0.01,30,31020,买盘
694,14:07:27,10.33,--,34,35122,卖盘
695,14:07:24,10.33,--,32,33056,卖盘
696,14:07:21,10.33,-0.01,800,826400,卖盘
697,14:07:09,10.34,0.01,1,1034,买盘
698,14:07:06,10.33,--,10,10330,卖盘
699,14:06:57,10.33,--,34,35122,卖盘
700,14:06:54,10.33,--,12,12396,卖盘
701,14:06:51,10.33,-0.01,32,33056,卖盘
702,14:06:48,10.34,--,6,6204,买盘
703,14:06:45,10.34,--,10,10340,买盘
704,14:06:39,10.34,0.01,1,1034,买盘
705,14:06:27,10.33,--,34,35122,卖盘
706,14:06:21,10.33,-0.01,34,35122,卖盘
707,14:06:18,10.34,0.01,6,6204,买盘
708,14:06:12,10.33,-0.01,60,62165,卖盘
709,14:06:09,10.34,--,1,1034,买盘
710,14:06:06,10.34,--,20,20680,买盘
711,14:06:03,10.34,0.01,10,10340,买盘
712,14:05:54,10.33,-0.01,46,47518,卖盘
713,14:05:51,10.34,0.01,37,38258,买盘
714,14:05:48,10.33,-0.01,69,71277,卖盘
715,14:05:39,10.34,--,1,1034,买盘
716,14:05:30,10.34,0.01,6,6204,买盘
717,14:05:21,10.33,--,34,35122,卖盘
718,14:05:18,10.33,--,32,33056,卖盘
719,14:05:15,10.33,-0.01,3,3099,卖盘
720,14:05:09,10.34,--,7,7238,买盘
721,14:05:06,10.34,--,6,6204,买盘
722,14:05:03,10.34,--,100,103400,买盘
723,14:05:00,10.34,0.01,19,19646,买盘
724,14:04:54,10.33,--,12,12396,卖盘
725,14:04:51,10.33,--,134,138422,卖盘
726,14:04:48,10.33,--,33,34089,卖盘
727,14:04:45,10.33,-0.01,2,2066,卖盘
728,14:04:42,10.34,--,10,10340,买盘
729,14:04:39,10.34,0.01,1,1034,买盘
730,14:04:21,10.33,--,34,35122,卖盘
731,14:04:15,10.33,-0.01,33,34089,卖盘
732,14:04:09,10.34,--,65,67396,买盘
733,14:03:57,10.34,0.01,22,22748,买盘
734,14:03:54,10.33,--,12,12396,卖盘
735,14:03:51,10.33,--,3,3099,卖盘
736,14:03:48,10.33,-0.01,34,35122,卖盘
737,14:03:45,10.34,0.01,192,198528,买盘
738,14:03:42,10.33,-0.01,30,30990,卖盘
739,14:03:36,10.34,0.01,1,1034,买盘
740,14:03:21,10.33,--,2,2066,卖盘
741,14:03:15,10.33,--,40,41320,卖盘
742,14:03:12,10.33,-0.01,232,239656,卖盘
743,14:03:09,10.34,0.01,1,1034,买盘
744,14:02:54,10.33,--,12,12396,卖盘
745,14:02:51,10.33,-0.01,5,5165,卖盘
746,14:02:48,10.34,0.01,6,6204,买盘
747,14:02:45,10.33,--,34,35122,卖盘
748,14:02:42,10.33,--,32,33056,卖盘
749,14:02:39,10.33,-0.01,2,2066,卖盘
750,14:02:36,10.34,0.01,1,1034,买盘
751,14:02:33,10.33,-0.01,3,3099,卖盘
752,14:02:27,10.34,--,5,5170,买盘
753,14:02:18,10.34,0.01,6,6204,买盘
754,14:02:15,10.33,--,20,20660,卖盘
755,14:02:12,10.33,--,14,14462,卖盘
756,14:02:09,10.33,-0.01,39,40287,卖盘
757,14:02:06,10.34,0.01,37,38371,买盘
758,14:02:03,10.33,--,108,111636,卖盘
759,14:02:00,10.33,--,2,2066,卖盘
760,14:01:54,10.33,--,17,17561,卖盘
761,14:01:42,10.33,--,34,35122,卖盘
762,14:01:39,10.33,--,66,68178,卖盘
763,14:01:36,10.33,-0.01,301,310933,卖盘
764,14:01:30,10.34,0.01,5,5170,买盘
765,14:01:24,10.33,-0.01,5,5165,卖盘
766,14:01:18,10.34,0.01,6,6204,买盘
767,14:01:12,10.33,--,37,38221,卖盘
768,14:01:09,10.33,-0.01,32,33056,卖盘
769,14:01:06,10.34,0.01,1,1034,买盘
770,14:00:54,10.33,-0.01,12,12396,卖盘
771,14:00:51,10.34,--,38,39292,买盘
772,14:00:48,10.34,0.01,5,5170,买盘
773,14:00:39,10.33,-0.01,76,78508,卖盘
774,14:00:36,10.34,0.01,1,1034,买盘
775,14:00:33,10.33,-0.01,11,11363,卖盘
776,14:00:24,10.34,0.01,5,5170,买盘
777,14:00:21,10.33,-0.01,8,8264,卖盘
778,14:00:09,10.34,--,35,36190,买盘
779,14:00:06,10.34,0.01,38,39292,买盘
780,14:00:00,10.33,-0.01,102,105779,卖盘
781,13:59:57,10.34,0.01,43,44462,买盘
782,13:59:54,10.33,-0.01,206,213603,卖盘
783,13:59:48,10.34,0.01,5,5170,买盘
784,13:59:45,10.33,-0.01,5,5165,卖盘
785,13:59:42,10.34,--,83,85822,买盘
786,13:59:39,10.34,0.01,10,10340,买盘
787,13:59:36,10.33,--,69,71277,卖盘
788,13:59:33,10.33,-0.01,2,2066,卖盘
789,13:59:30,10.34,--,76,78584,买盘
790,13:59:27,10.34,0.01,10,10340,买盘
791,13:59:12,10.33,-0.01,17,17561,卖盘
792,13:59:09,10.34,--,23,23782,买盘
793,13:59:06,10.34,0.01,70,72793,买盘
794,13:59:03,10.33,-0.01,46,47518,卖盘
795,13:59:00,10.34,0.01,81,83754,买盘
796,13:58:54,10.33,--,23,23759,卖盘
797,13:58:48,10.33,-0.01,2,2066,卖盘
798,13:58:36,10.34,0.01,1,1034,买盘
799,13:58:33,10.33,-0.01,76,78508,卖盘
800,13:58:27,10.34,0.01,6,6204,买盘
801,13:58:21,10.33,-0.01,35,36155,卖盘
802,13:58:18,10.34,0.01,30,31020,买盘
803,13:58:15,10.33,-0.01,3,3099,卖盘
804,13:58:12,10.34,--,15,15510,买盘
805,13:58:09,10.34,--,10,10340,买盘
806,13:58:06,10.34,0.01,1,1034,买盘
807,13:58:03,10.33,--,73,75409,卖盘
808,13:57:57,10.33,--,2,2066,卖盘
809,13:57:54,10.33,--,13,13429,卖盘
810,13:57:51,10.33,--,56,58033,卖盘
811,13:57:45,10.33,--,11,11363,卖盘
812,13:57:42,10.33,-0.01,60,61980,卖盘
813,13:57:36,10.34,--,13,13442,买盘
814,13:57:33,10.34,0.01,26,26884,买盘
815,13:57:30,10.33,-0.01,46,47518,卖盘
816,13:57:24,10.34,0.01,118,122012,买盘
817,13:57:09,10.33,-0.01,50,51650,卖盘
818,13:57:06,10.34,0.01,6,6204,买盘
819,13:57:03,10.33,--,17,17561,卖盘
820,13:57:00,10.33,--,66,68178,卖盘
821,13:56:54,10.33,-0.01,22,22726,卖盘
822,13:56:45,10.34,0.01,6,6204,买盘
823,13:56:42,10.33,--,14,14462,卖盘
824,13:56:39,10.33,--,1,1033,卖盘
825,13:56:36,10.33,-0.01,13,13429,卖盘
826,13:56:30,10.34,0.02,52,53768,买盘
827,13:56:27,10.32,-0.01,37,38184,卖盘
828,13:56:24,10.33,--,187,193171,买盘
829,13:56:21,10.33,--,55,56815,买盘
830,13:56:18,10.33,--,26,26858,买盘
831,13:56:06,10.33,--,29,29957,买盘
832,13:56:03,10.33,--,5,5165,买盘
833,13:56:00,10.33,0.01,10,10330,买盘
834,13:55:57,10.32,-0.02,164,169248,卖盘
835,13:55:54,10.34,0.02,28,28952,买盘
836,13:55:48,10.32,-0.02,58,60041,卖盘
837,13:55:45,10.34,0.01,27,27918,买盘
838,13:55:42,10.33,--,87,89871,卖盘
839,13:55:36,10.33,--,145,149785,买盘
840,13:55:33,10.33,0.01,63,65079,买盘
841,13:55:27,10.32,-0.01,66,68112,卖盘
842,13:55:24,10.33,0.01,7,7231,买盘
843,13:55:21,10.32,--,141,145512,卖盘
844,13:55:18,10.32,-0.01,129,133128,卖盘
845,13:55:15,10.33,--,10,10330,买盘
846,13:55:12,10.33,--,24,24792,买盘
847,13:55:06,10.33,--,13,13429,买盘
848,13:55:00,10.33,0.01,19,19627,买盘
849,13:54:57,10.32,--,548,565536,卖盘
850,13:54:54,10.32,-0.01,82,84624,卖盘
851,13:54:51,10.33,--,6,6198,买盘
852,13:54:45,10.33,--,192,198336,买盘
853,13:54:39,10.33,--,6,6198,买盘
854,13:54:30,10.33,0.01,6,6198,买盘
855,13:54:27,10.32,--,1,1032,卖盘
856,13:54:24,10.32,-0.01,66,68112,卖盘
857,13:54:21,10.33,--,340,351220,买盘
858,13:54:18,10.33,--,6,6198,买盘
859,13:54:15,10.33,--,4,4132,买盘
860,13:54:09,10.33,--,6,6198,买盘
861,13:54:00,10.33,0.01,6,6198,买盘
862,13:53:54,10.32,-0.01,81,83592,卖盘
863,13:53:48,10.33,0.01,6,6198,买盘
864,13:53:39,10.32,-0.02,84,86873,卖盘
865,13:53:27,10.34,0.02,6,6204,买盘
866,13:53:21,10.32,-0.01,66,68112,卖盘
867,13:53:18,10.33,--,33,34925,买盘
868,13:53:15,10.33,--,7,7231,买盘
869,13:53:03,10.33,--,6,6198,买盘
870,13:52:57,10.33,0.01,24,24792,买盘
871,13:52:54,10.32,--,12,12384,卖盘
872,13:52:51,10.32,-0.01,72,74304,卖盘
873,13:52:45,10.33,--,169,174577,买盘
874,13:52:42,10.33,--,18,18594,买盘
875,13:52:39,10.33,--,16,16528,买盘
876,13:52:30,10.33,0.01,56,57848,买盘
877,13:52:27,10.32,--,80,82560,卖盘
878,13:52:21,10.32,--,81,83592,卖盘
879,13:52:18,10.32,-0.01,73,75336,卖盘
880,13:52:15,10.33,--,1,1033,买盘
881,13:52:06,10.33,--,50,51650,买盘
882,13:52:03,10.33,0.01,10,10330,买盘
883,13:52:00,10.32,-0.01,14,14448,卖盘
884,13:51:57,10.33,0.01,6,6198,买盘
885,13:51:54,10.32,--,12,12384,卖盘
886,13:51:51,10.32,--,58,60041,卖盘
887,13:51:48,10.32,-0.01,67,69144,卖盘
888,13:51:45,10.33,0.01,5,5165,买盘
889,13:51:42,10.32,-0.01,5,5160,卖盘
890,13:51:36,10.33,--,2,2066,买盘
891,13:51:33,10.33,0.01,6,6198,买盘
892,13:51:30,10.32,--,1,1929,卖盘
893,13:51:27,10.32,--,4,4128,卖盘
894,13:51:24,10.32,-0.01,7,7224,卖盘
895,13:51:21,10.33,0.01,6,6198,买盘
896,13:51:18,10.32,-0.01,66,68112,卖盘
897,13:51:15,10.33,--,2,2066,买盘
898,13:51:09,10.33,--,28,28924,买盘
899,13:51:06,10.33,0.01,5,5165,买盘
900,13:51:03,10.32,--,3,3983,卖盘
901,13:50:54,10.32,--,45,46440,卖盘
902,13:50:51,10.32,--,10,10320,卖盘
903,13:50:45,10.32,--,66,68112,卖盘
904,13:50:42,10.32,-0.01,12,12384,卖盘
905,13:50:33,10.33,--,18,18594,买盘
906,13:50:30,10.33,0.01,30,30990,买盘
907,13:50:21,10.32,--,23,23736,卖盘
908,13:50:18,10.32,--,27,27864,卖盘
909,13:50:15,10.32,-0.01,66,68112,卖盘
910,13:50:12,10.33,0.01,4,4132,买盘
911,13:50:03,10.32,-0.01,6,6192,卖盘
912,13:50:00,10.33,0.01,6,6198,买盘
913,13:49:54,10.32,--,12,12384,卖盘
914,13:49:51,10.32,--,11,11352,卖盘
915,13:49:42,10.32,--,132,136224,卖盘
916,13:49:33,10.32,--,3,3096,卖盘
917,13:49:30,10.32,--,58,60041,卖盘
918,13:49:27,10.32,--,208,214656,卖盘
919,13:49:24,10.32,--,9,9288,卖盘
920,13:49:09,10.32,-0.01,10,10320,卖盘
921,13:49:06,10.33,0.01,18,18594,买盘
922,13:49:03,10.32,--,74,76368,卖盘
923,13:48:54,10.32,-0.01,78,80496,卖盘
924,13:48:42,10.33,--,31,32023,买盘
925,13:48:30,10.33,--,1,1033,买盘
926,13:48:21,10.33,--,10,10330,买盘
927,13:48:12,10.33,--,62,64180,卖盘
928,13:48:03,10.33,-0.01,2,2066,卖盘
929,13:47:57,10.34,0.01,8,8272,买盘
930,13:47:54,10.33,--,42,43386,卖盘
931,13:47:48,10.33,--,2,2066,卖盘
932,13:47:36,10.33,--,50,51650,卖盘
933,13:47:30,10.33,--,3,3997,卖盘
934,13:47:24,10.33,-0.01,117,121181,卖盘
935,13:47:18,10.34,--,1,1034,买盘
936,13:47:09,10.34,--,6,6204,买盘
937,13:47:06,10.34,0.01,80,82720,买盘
938,13:47:00,10.33,--,12,12396,卖盘
939,13:46:54,10.33,--,12,12396,卖盘
940,13:46:33,10.33,--,56,57848,卖盘
941,13:46:27,10.33,--,20,20660,卖盘
942,13:46:24,10.33,--,3,3099,卖盘
943,13:46:15,10.33,--,7,7613,卖盘
944,13:46:12,10.33,--,6,6198,卖盘
945,13:46:06,10.33,--,123,127059,卖盘
946,13:46:00,10.33,--,8,8264,卖盘
947,13:45:54,10.33,--,12,12396,卖盘
948,13:45:48,10.33,--,1,1363,卖盘
949,13:45:42,10.33,-0.01,10,10330,卖盘
950,13:45:36,10.34,0.01,177,183018,买盘
951,13:45:30,10.33,0.01,4,4132,买盘
952,13:45:27,10.32,-0.01,69,72095,卖盘
953,13:45:21,10.33,--,10,10330,买盘
954,13:45:15,10.33,--,10,10330,买盘
955,13:45:09,10.33,--,23,23759,买盘
956,13:45:06,10.33,0.01,107,110531,买盘
957,13:45:03,10.32,-0.01,6,6192,卖盘
958,13:45:00,10.33,0.01,16,16528,买盘
959,13:44:54,10.32,-0.01,14,14448,卖盘
960,13:44:51,10.33,0.01,6,6198,买盘
961,13:44:48,10.32,-0.01,35,36120,卖盘
962,13:44:36,10.33,0.01,6,6198,买盘
963,13:44:27,10.32,-0.01,10,10320,卖盘
964,13:44:24,10.33,0.01,6,6198,买盘
965,13:44:15,10.32,-0.01,36,37152,卖盘
966,13:44:06,10.33,--,5,5165,买盘
967,13:43:57,10.33,0.01,98,101234,买盘
968,13:43:54,10.32,-0.01,12,12384,卖盘
969,13:43:45,10.33,0.01,6,6198,买盘
970,13:43:42,10.32,-0.01,24,24768,卖盘
971,13:43:21,10.33,0.01,6,6198,买盘
972,13:43:15,10.32,-0.01,58,60041,卖盘
973,13:43:06,10.33,0.01,47,48551,买盘
974,13:43:03,10.32,--,5,5160,卖盘
975,13:42:54,10.32,-0.01,18,18576,卖盘
976,13:42:48,10.33,0.01,25,25825,买盘
977,13:42:45,10.32,--,2,2064,卖盘
978,13:42:42,10.32,--,3,3096,卖盘
979,13:42:39,10.32,--,892,920698,买盘
980,13:42:36,10.32,0.01,6,6192,买盘
981,13:42:33,10.31,--,7,7217,卖盘
982,13:42:24,10.31,-0.01,234,241254,卖盘
983,13:42:21,10.32,0.01,5,5160,买盘
984,13:42:18,10.31,-0.01,6,6186,卖盘
985,13:42:12,10.32,0.01,6,6192,买盘
986,13:42:09,10.31,--,13,13403,卖盘
987,13:42:00,10.31,-0.01,37,38147,卖盘
988,13:41:57,10.32,0.01,6,6192,买盘
989,13:41:54,10.31,-0.01,107,110317,卖盘
990,13:41:51,10.32,0.01,16,16512,买盘
991,13:41:45,10.31,-0.01,3,3093,卖盘
992,13:41:42,10.32,0.01,6,6192,买盘
993,13:41:39,10.31,-0.01,10,10310,卖盘
994,13:41:30,10.32,0.01,9,9288,买盘
995,13:41:24,10.31,-0.01,23,23713,卖盘
996,13:41:21,10.32,--,6,6192,买盘
997,13:41:09,10.32,--,77,79649,买盘
998,13:41:00,10.32,0.01,15,15480,买盘
999,13:40:54,10.31,-0.01,42,43302,卖盘
1000,13:40:51,10.32,--,6,6192,买盘
1001,13:40:48,10.32,--,7,7224,买盘
1002,13:40:33,10.32,--,7,7224,买盘
1003,13:40:30,10.32,--,7,7224,买盘
1004,13:40:21,10.32,--,6,6192,买盘
1005,13:40:15,10.32,--,35,36120,买盘
1006,13:40:00,10.32,0.01,27,27864,买盘
1007,13:39:54,10.31,-0.01,12,12372,卖盘
1008,13:39:51,10.32,--,5,5160,买盘
1009,13:39:45,10.32,--,10,10320,买盘
1010,13:39:42,10.32,--,5,5160,买盘
1011,13:39:39,10.32,--,15,15480,买盘
1012,13:39:36,10.32,0.01,6,6192,买盘
1013,13:39:33,10.31,-0.01,2,2062,卖盘
1014,13:39:30,10.32,0.01,50,51600,买盘
1015,13:39:27,10.31,-0.01,3,3093,卖盘
1016,13:39:21,10.32,--,64,66233,买盘
1017,13:39:15,10.32,0.01,7,7224,买盘
1018,13:39:09,10.31,-0.01,200,206200,卖盘
1019,13:39:00,10.32,0.01,5,5160,买盘
1020,13:38:57,10.31,-0.01,50,51550,卖盘
1021,13:38:51,10.32,--,6,6192,买盘
1022,13:38:45,10.32,--,1,1032,买盘
1023,13:38:36,10.32,--,6,6192,买盘
1024,13:38:33,10.32,--,6,6192,买盘
1025,13:38:21,10.32,--,85,87720,买盘
1026,13:38:18,10.32,--,6,6192,买盘
1027,13:38:06,10.32,--,30,30960,买盘
1028,13:38:00,10.32,--,7,7224,买盘
1029,13:37:57,10.32,0.01,8,8256,买盘
1030,13:37:48,10.31,-0.01,2,2062,卖盘
1031,13:37:39,10.32,--,56,57792,买盘
1032,13:37:36,10.32,--,7,7224,买盘
1033,13:37:27,10.32,--,15,15480,买盘
1034,13:37:15,10.32,0.01,6,6192,买盘
1035,13:37:12,10.31,--,24,25517,卖盘
1036,13:37:06,10.31,-0.01,54,56117,卖盘
1037,13:37:00,10.32,--,7,7224,买盘
1038,13:36:57,10.32,--,6,6192,买盘
1039,13:36:48,10.32,0.01,6,6192,买盘
1040,13:36:45,10.31,--,48,49488,卖盘
1041,13:36:42,10.31,-0.01,69,71139,卖盘
1042,13:36:36,10.32,--,7,7224,买盘
1043,13:36:27,10.32,--,1,1032,买盘
1044,13:36:24,10.32,--,121,124872,买盘
1045,13:36:09,10.32,0.01,6,6192,买盘
1046,13:36:06,10.31,--,15,15465,卖盘
1047,13:36:03,10.31,-0.01,2,2062,卖盘
1048,13:36:00,10.32,--,6,6192,买盘
1049,13:35:54,10.32,0.01,4,4128,买盘
1050,13:35:42,10.31,-0.01,5,5155,卖盘
1051,13:35:39,10.32,0.01,31,31992,买盘
1052,13:35:36,10.31,-0.01,2,2062,卖盘
1053,13:35:33,10.32,0.01,5,5160,买盘
1054,13:35:30,10.31,-0.01,7,7217,卖盘
1055,13:35:27,10.32,0.01,6,6192,买盘
1056,13:35:24,10.31,--,278,286618,卖盘
1057,13:35:21,10.31,-0.01,3,3093,卖盘
1058,13:35:15,10.32,--,49,50568,买盘
1059,13:35:09,10.32,--,200,206400,买盘
1060,13:35:06,10.32,0.01,7,8163,买盘
1061,13:35:03,10.31,-0.01,58,60076,卖盘
1062,13:34:54,10.32,0.01,6,6192,买盘
1063,13:34:51,10.31,-0.01,13,13403,卖盘
1064,13:34:48,10.32,--,6,6192,买盘
1065,13:34:39,10.32,--,10,10320,买盘
1066,13:34:36,10.32,0.01,6,6192,买盘
1067,13:34:27,10.31,-0.01,5,5155,卖盘
1068,13:34:21,10.32,--,5,5160,买盘
1069,13:34:18,10.32,--,40,41280,买盘
1070,13:34:09,10.32,--,7,7224,买盘
1071,13:34:00,10.32,--,6,6192,买盘
1072,13:33:57,10.32,--,80,82560,买盘
1073,13:33:51,10.32,--,16,16512,买盘
1074,13:33:45,10.32,--,6,6192,买盘
1075,13:33:42,10.32,--,15,15480,买盘
1076,13:33:39,10.32,--,1,1032,买盘
1077,13:33:36,10.32,0.01,201,207432,买盘
1078,13:33:33,10.31,--,10,10310,卖盘
1079,13:33:30,10.31,-0.01,16,16496,卖盘
1080,13:33:27,10.32,--,6,6192,买盘
1081,13:33:24,10.32,--,1,1032,买盘
1082,13:33:18,10.32,--,3,3096,买盘
1083,13:33:15,10.32,--,6,6192,买盘
1084,13:33:09,10.32,--,89,91848,买盘
1085,13:33:06,10.32,0.01,6,6192,买盘
1086,13:33:03,10.31,--,6,6186,卖盘
1087,13:32:57,10.31,0.01,17,17527,买盘
1088,13:32:54,10.3,-0.02,58,59925,卖盘
1089,13:32:51,10.32,--,6,6192,买盘
1090,13:32:48,10.32,0.01,164,169248,买盘
1091,13:32:42,10.31,--,2440,2515640,卖盘
1092,13:32:39,10.31,-0.01,280,288680,卖盘
1093,13:32:36,10.32,0.01,8,8256,买盘
1094,13:32:33,10.31,-0.01,3,3093,卖盘
1095,13:32:30,10.32,--,31,31992,买盘
1096,13:32:27,10.32,--,15,15480,买盘
1097,13:32:15,10.32,--,5,5160,买盘
1098,13:32:06,10.32,--,6,6192,买盘
1099,13:31:57,10.32,--,18,18576,买盘
1100,13:31:54,10.32,0.01,6,6192,买盘
1101,13:31:51,10.31,-0.01,1,1031,卖盘
1102,13:31:48,10.32,--,9,9288,买盘
1103,13:31:42,10.32,0.01,6,6192,买盘
1104,13:31:39,10.31,-0.01,32,32992,卖盘
1105,13:31:33,10.32,0.01,6,6192,买盘
1106,13:31:24,10.31,-0.01,3,3093,卖盘
1107,13:31:21,10.32,0.01,6,6192,买盘
1108,13:31:15,10.31,-0.01,3,3093,卖盘
1109,13:31:09,10.32,--,6,6192,买盘
1110,13:30:57,10.32,--,6,6192,买盘
1111,13:30:54,10.32,--,25,25800,买盘
1112,13:30:51,10.32,--,18,18576,买盘
1113,13:30:48,10.32,--,1,1032,买盘
1114,13:30:42,10.32,--,20,20640,买盘
1115,13:30:27,10.32,--,6,6192,买盘
1116,13:30:18,10.32,--,4,4128,买盘
1117,13:30:12,10.32,--,6,6192,买盘
1118,13:30:06,10.32,--,7,7224,买盘
1119,13:30:03,10.32,0.01,5,5160,买盘
1120,13:29:57,10.31,-0.01,20,20620,卖盘
1121,13:29:54,10.32,0.01,7,7224,买盘
1122,13:29:48,10.31,-0.01,8,8248,卖盘
1123,13:29:45,10.32,--,10,10320,买盘
1124,13:29:42,10.32,--,6,6192,买盘
1125,13:29:39,10.32,--,2,2064,买盘
1126,13:29:33,10.32,--,6,6192,买盘
1127,13:29:18,10.32,0.01,21,21672,买盘
1128,13:29:12,10.31,-0.01,2,2062,卖盘
1129,13:29:09,10.32,0.01,15,15480,买盘
1130,13:29:03,10.31,-0.01,5,5155,卖盘
1131,13:29:00,10.32,0.01,6,6192,买盘
1132,13:28:54,10.31,-0.01,2,2062,卖盘
1133,13:28:48,10.32,0.01,6,6192,买盘
1134,13:28:45,10.31,-0.01,22,22682,卖盘
1135,13:28:42,10.32,--,45,46440,买盘
1136,13:28:39,10.32,0.01,6,6192,买盘
1137,13:28:33,10.31,-0.01,10,10310,卖盘
1138,13:28:27,10.32,--,19,19608,买盘
1139,13:28:12,10.32,0.01,19,19608,买盘
1140,13:28:06,10.31,-0.01,18,18558,卖盘
1141,13:28:00,10.32,0.01,19,19608,买盘
1142,13:27:57,10.31,-0.01,24,24744,卖盘
1143,13:27:54,10.32,--,6,6192,买盘
1144,13:27:42,10.32,--,6,6192,买盘
1145,13:27:36,10.32,--,173,178536,买盘
1146,13:27:30,10.32,--,5,5160,买盘
1147,13:27:18,10.32,--,26,26832,买盘
1148,13:27:09,10.32,0.01,16,16512,买盘
1149,13:27:06,10.31,--,34,35054,卖盘
1150,13:27:03,10.31,--,3,3093,卖盘
1151,13:26:57,10.31,-0.01,37,38147,卖盘
1152,13:26:48,10.32,0.01,6,6192,买盘
1153,13:26:39,10.31,-0.01,12,12372,卖盘
1154,13:26:36,10.32,--,7,7224,买盘
1155,13:26:24,10.32,--,6,6192,买盘
1156,13:26:12,10.32,--,41,42312,买盘
1157,13:26:09,10.32,--,2,2064,买盘
1158,13:26:06,10.32,0.01,6,6192,买盘
1159,13:26:03,10.31,--,30,30930,卖盘
1160,13:25:57,10.31,-0.01,2,2062,卖盘
1161,13:25:51,10.32,0.01,6,6192,买盘
1162,13:25:48,10.31,-0.01,1,1031,卖盘
1163,13:25:39,10.32,--,9,9288,买盘
1164,13:25:33,10.32,--,25,25800,买盘
1165,13:25:30,10.32,--,325,335400,买盘
1166,13:25:21,10.32,0.01,400,412800,买盘
1167,13:25:18,10.31,--,755,778405,卖盘
1168,13:25:09,10.31,-0.01,6,6186,卖盘
1169,13:25:00,10.32,0.01,50,51600,买盘
1170,13:24:57,10.31,-0.01,30,30930,卖盘
1171,13:24:54,10.32,--,43,44376,买盘
1172,13:24:48,10.32,0.01,40,41280,买盘
1173,13:24:45,10.31,-0.01,208,214994,卖盘
1174,13:24:39,10.32,0.01,87,89784,买盘
1175,13:24:18,10.31,-0.01,5,5155,卖盘
1176,13:24:09,10.32,--,5,5160,买盘
1177,13:23:57,10.32,0.01,18,18576,买盘
1178,13:23:51,10.31,--,2,2062,卖盘
1179,13:23:48,10.31,--,2,2062,卖盘
1180,13:23:30,10.31,-0.01,10,10310,卖盘
1181,13:23:18,10.32,0.01,20,20640,买盘
1182,13:23:03,10.31,--,3,3093,卖盘
1183,13:22:45,10.31,--,5,5155,卖盘
1184,13:22:36,10.31,-0.01,5,5155,卖盘
1185,13:22:24,10.32,0.01,43,44376,买盘
1186,13:22:15,10.31,--,4,4124,卖盘
1187,13:22:12,10.31,--,25,25775,卖盘
1188,13:21:45,10.31,--,14,14434,卖盘
1189,13:21:33,10.31,-0.01,146,150526,卖盘
1190,13:21:21,10.32,--,40,41280,买盘
1191,13:21:00,10.32,--,18,18576,买盘
1192,13:20:51,10.32,--,1,1032,买盘
1193,13:20:42,10.32,-0.01,592,610944,卖盘
1194,13:20:39,10.33,0.01,100,103300,买盘
1195,13:20:15,10.32,--,20,20640,卖盘
1196,13:20:09,10.32,--,5,5160,卖盘
1197,13:20:06,10.32,--,30,30960,卖盘
1198,13:19:54,10.32,--,2,2064,卖盘
1199,13:19:30,10.32,--,28,28896,卖盘
1200,13:19:24,10.32,-0.01,13,13416,买盘
1201,13:19:21,10.33,0.02,12,12396,买盘
1202,13:19:18,10.31,--,10,10310,卖盘
1203,13:19:15,10.31,-0.01,54,56251,卖盘
1204,13:19:03,10.32,--,6,6192,卖盘
1205,13:19:00,10.32,0.01,237,245161,买盘
1206,13:18:57,10.31,-0.01,178,183518,卖盘
1207,13:18:54,10.32,--,19,19608,买盘
1208,13:18:48,10.32,--,6,6192,买盘
1209,13:18:42,10.32,--,172,177958,卖盘
1210,13:18:30,10.32,-0.01,7,7224,卖盘
1211,13:18:27,10.33,0.01,1,1033,买盘
1212,13:18:21,10.32,--,31,31992,卖盘
1213,13:18:18,10.32,--,250,258000,卖盘
1214,13:17:57,10.32,--,1,1032,卖盘
1215,13:17:51,10.32,-0.01,16,16512,卖盘
1216,13:17:45,10.33,--,1,1033,买盘
1217,13:17:18,10.33,0.01,30,31537,买盘
1218,13:17:12,10.32,--,41,42342,卖盘
1219,13:16:42,10.32,--,13,13416,卖盘
1220,13:16:33,10.32,--,3,3096,卖盘
1221,13:16:30,10.32,--,1,1032,卖盘
1222,13:16:27,10.32,-0.01,6,6192,卖盘
1223,13:16:24,10.33,--,7,7231,买盘
1224,13:16:15,10.33,0.01,6,6198,买盘
1225,13:16:09,10.32,--,1,1032,中性盘
1226,13:16:03,10.32,--,38,39216,买盘
1227,13:16:00,10.32,0.01,6,6192,买盘
1228,13:15:54,10.31,--,46,47426,卖盘
1229,13:15:48,10.31,-0.01,2,2062,卖盘
1230,13:15:42,10.32,--,306,315792,买盘
1231,13:15:33,10.32,--,6,6192,买盘
1232,13:15:18,10.32,0.01,6,6192,买盘
1233,13:15:15,10.31,-0.01,41,42848,卖盘
1234,13:15:12,10.32,--,30,30960,买盘
1235,13:15:09,10.32,--,1830,1889437,卖盘
1236,13:15:06,10.32,-0.01,3,3096,卖盘
1237,13:15:00,10.33,--,6,6198,买盘
1238,13:14:51,10.33,--,10,10330,买盘
1239,13:14:48,10.33,--,51,52683,买盘
1240,13:14:45,10.33,--,24,24792,买盘
1241,13:14:42,10.33,--,6,6198,买盘
1242,13:14:39,10.33,--,2,2066,买盘
1243,13:14:33,10.33,--,33,34089,买盘
1244,13:14:27,10.33,--,10,10330,买盘
1245,13:14:24,10.33,--,6,6198,买盘
1246,13:14:21,10.33,--,19,19627,买盘
1247,13:14:15,10.33,0.01,5,5165,买盘
1248,13:14:09,10.32,--,10,10320,卖盘
1249,13:14:06,10.32,-0.01,2,2064,卖盘
1250,13:14:03,10.33,--,7,7231,买盘
1251,13:13:51,10.33,0.01,49,51226,买盘
1252,13:13:48,10.32,-0.01,13,13416,卖盘
1253,13:13:42,10.33,--,6,6198,买盘
1254,13:13:27,10.33,--,6,6198,买盘
1255,13:13:15,10.33,0.01,6,6198,买盘
1256,13:13:06,10.32,-0.01,9,10278,卖盘
1257,13:13:03,10.33,--,43,45038,买盘
1258,13:12:57,10.33,--,5,5165,买盘
1259,13:12:42,10.33,--,6,6198,买盘
1260,13:12:36,10.33,--,302,311966,买盘
1261,13:12:30,10.33,--,7,7231,买盘
1262,13:12:24,10.33,0.01,6,6198,买盘
1263,13:12:18,10.32,-0.01,3,3096,卖盘
1264,13:12:12,10.33,0.01,5,5165,买盘
1265,13:12:09,10.32,-0.01,30,30960,卖盘
1266,13:12:00,10.33,--,1,1033,买盘
1267,13:11:57,10.33,0.02,6,6198,买盘
1268,13:11:54,10.31,-0.01,17,17527,卖盘
1269,13:11:51,10.32,-0.01,1,1032,卖盘
1270,13:11:48,10.33,--,8,8264,买盘
1271,13:11:42,10.33,0.01,6,6198,买盘
1272,13:11:39,10.32,0.01,10,10320,中性盘
1273,13:11:33,10.31,--,2,2062,卖盘
1274,13:11:27,10.31,-0.02,706,727886,卖盘
1275,13:11:12,10.33,--,6,6198,买盘
1276,13:11:06,10.33,0.01,7,7231,买盘
1277,13:11:00,10.32,--,10,10320,卖盘
1278,13:10:57,10.32,--,41,42889,卖盘
1279,13:10:54,10.32,-0.01,16,16512,卖盘
1280,13:10:42,10.33,0.01,6,6198,买盘
1281,13:10:39,10.32,-0.01,8,9277,卖盘
1282,13:10:36,10.33,--,6,6198,买盘
1283,13:10:18,10.33,0.01,6,6198,买盘
1284,13:10:09,10.32,-0.01,27,27864,卖盘
1285,13:09:57,10.33,--,5,5165,买盘
1286,13:09:45,10.33,--,6,6198,买盘
1287,13:09:39,10.33,0.01,6,6198,买盘
1288,13:09:36,10.32,--,45,46440,卖盘
1289,13:09:27,10.32,--,192,198144,卖盘
1290,13:09:24,10.32,--,8,8493,卖盘
1291,13:09:21,10.32,--,2,2064,卖盘
1292,13:09:18,10.32,--,248,256317,买盘
1293,13:09:15,10.32,0.01,12,12384,买盘
1294,13:09:12,10.31,--,39,40549,卖盘
1295,13:09:09,10.31,-0.01,28,28868,卖盘
1296,13:09:06,10.32,--,66,68112,买盘
1297,13:08:57,10.32,-0.01,2809,2899011,卖盘
1298,13:08:54,10.33,--,11,11363,买盘
1299,13:08:42,10.33,--,6,6198,买盘
1300,13:08:33,10.33,-0.01,15,15495,卖盘
1301,13:08:27,10.34,0.01,54,55836,买盘
1302,13:08:21,10.33,0.01,13,13429,买盘
1303,13:08:12,10.32,-0.01,66,68112,卖盘
1304,13:08:09,10.33,0.01,18,18594,买盘
1305,13:08:06,10.32,-0.01,5,5160,卖盘
1306,13:08:03,10.33,--,10,10330,买盘
1307,13:08:00,10.33,-0.01,29,29957,中性盘
1308,13:07:48,10.34,--,6,6204,买盘
1309,13:07:39,10.34,--,6,6204,买盘
1310,13:07:24,10.34,0.01,6,6204,买盘
1311,13:07:21,10.33,-0.01,2,2066,卖盘
1312,13:07:15,10.34,--,6,6204,买盘
1313,13:07:09,10.34,--,40,41360,买盘
1314,13:07:00,10.34,--,15,15510,买盘
1315,13:06:54,10.34,0.02,6,6204,买盘
1316,13:06:51,10.32,-0.02,41,42889,卖盘
1317,13:06:42,10.34,--,5,5170,买盘
1318,13:06:39,10.34,--,6,6204,买盘
1319,13:06:36,10.34,--,26,26884,买盘
1320,13:06:30,10.34,0.01,6,6204,买盘
1321,13:06:18,10.33,-0.01,2,2066,卖盘
1322,13:06:15,10.34,--,7,7238,买盘
1323,13:06:09,10.34,--,6,6204,买盘
1324,13:05:54,10.34,0.01,9,9306,买盘
1325,13:05:51,10.33,--,69,71277,买盘
1326,13:05:48,10.33,--,6,6198,买盘
1327,13:05:42,10.33,0.01,10,10330,买盘
1328,13:05:33,10.32,-0.01,2,2064,卖盘
1329,13:05:30,10.33,0.01,6,6198,买盘
1330,13:05:21,10.32,--,15,15480,卖盘
1331,13:05:18,10.32,-0.01,2,2064,卖盘
1332,13:05:15,10.33,--,10,10330,买盘
1333,13:05:09,10.33,--,6,6198,买盘
1334,13:05:00,10.33,--,6,6198,买盘
1335,13:04:51,10.33,--,6,6198,买盘
1336,13:04:48,10.33,0.01,9,9596,买盘
1337,13:04:45,10.32,-0.01,40,41558,卖盘
1338,13:04:39,10.33,--,11,11363,买盘
1339,13:04:36,10.33,--,2,2066,买盘
1340,13:04:33,10.33,--,40,41320,买盘
1341,13:04:30,10.33,--,5,5165,买盘
1342,13:04:27,10.33,--,7,7231,买盘
1343,13:04:24,10.33,--,81,83673,卖盘
1344,13:04:21,10.33,-0.01,1,1033,卖盘
1345,13:04:18,10.34,--,9,9306,买盘
1346,13:04:03,10.34,0.01,6,6204,买盘
1347,13:04:00,10.33,-0.01,12,12396,卖盘
1348,13:03:57,10.34,--,1,1034,买盘
1349,13:03:54,10.34,--,6,6204,买盘
1350,13:03:45,10.34,--,6,6204,买盘
1351,13:03:36,10.34,0.02,6,6204,买盘
1352,13:03:24,10.32,--,136,140352,卖盘
1353,13:03:15,10.32,--,2,2064,卖盘
1354,13:03:12,10.32,-0.02,7,7224,卖盘
1355,13:03:09,10.34,--,5,5170,买盘
1356,13:03:03,10.34,--,6,6204,买盘
1357,13:03:00,10.34,0.01,60,62040,买盘
1358,13:02:48,10.33,0.01,6,6198,买盘
1359,13:02:42,10.32,-0.01,41,42889,卖盘
1360,13:02:39,10.33,-0.01,86,88838,卖盘
1361,13:02:33,10.34,--,5,5170,买盘
1362,13:02:27,10.34,0.02,6,6204,买盘
1363,13:02:24,10.32,-0.01,110,113520,卖盘
1364,13:02:18,10.33,--,80,82640,买盘
1365,13:02:15,10.33,--,8,8264,买盘
1366,13:02:12,10.33,--,6,6198,卖盘
1367,13:02:06,10.33,--,5,5165,卖盘
1368,13:02:03,10.33,--,8,8264,卖盘
1369,13:02:00,10.33,-0.01,3,3099,中性盘
1370,13:01:57,10.34,0.01,63,65142,买盘
1371,13:01:54,10.33,--,6,6198,买盘
1372,13:01:45,10.33,--,131,135323,买盘
1373,13:01:39,10.33,0.01,7,7231,买盘
1374,13:01:36,10.32,-0.01,212,218784,卖盘
1375,13:01:33,10.33,--,6,6198,买盘
1376,13:01:30,10.33,-0.01,481,497327,卖盘
1377,13:01:24,10.34,--,6,6204,买盘
1378,13:01:09,10.34,--,11,11374,买盘
1379,13:01:06,10.34,--,10,10340,买盘
1380,13:01:00,10.34,--,6,6204,买盘
1381,13:00:57,10.34,--,96,99264,买盘
1382,13:00:51,10.34,--,39,40326,买盘
1383,13:00:48,10.34,0.01,6,6204,买盘
1384,13:00:42,10.33,-0.01,0,516,卖盘
1385,13:00:39,10.34,0.01,33,34122,买盘
1386,13:00:36,10.33,--,46,47579,卖盘
1387,13:00:27,10.33,-0.01,2,2066,卖盘
1388,13:00:24,10.34,--,6,6204,买盘
1389,13:00:15,10.34,--,13,13442,买盘
1390,13:00:12,10.34,--,58,59972,买盘
1391,13:00:09,10.34,--,16,16544,买盘
1392,13:00:06,10.34,0.01,350,361900,买盘
1393,13:00:03,10.33,-0.01,686,708638,卖盘
1394,13:00:00,10.34,--,0,0,买盘
1395,11:30:00,10.34,--,2,2068,买盘
1396,11:29:54,10.34,--,5,5170,买盘
1397,11:29:39,10.34,--,6,6204,买盘
1398,11:29:30,10.34,0.01,57,59113,买盘
1399,11:29:24,10.33,--,141,145653,买盘
1400,11:29:21,10.33,--,1,1033,买盘
1401,11:29:18,10.33,--,7,7231,买盘
1402,11:29:15,10.33,--,50,51650,买盘
1403,11:29:09,10.33,--,217,224161,买盘
1404,11:28:54,10.33,--,6,6198,买盘
1405,11:28:51,10.33,0.01,28,28924,买盘
1406,11:28:48,10.32,-0.01,11,11352,卖盘
1407,11:28:45,10.33,0.01,6,6198,买盘
1408,11:28:42,10.32,-0.01,2,2064,卖盘
1409,11:28:36,10.33,--,6,6198,买盘
1410,11:28:24,10.33,--,23,23759,买盘
1411,11:28:21,10.33,--,6,6198,买盘
1412,11:28:18,10.33,--,20,20660,买盘
1413,11:28:15,10.33,0.01,6,6198,买盘
1414,11:28:12,10.32,-0.01,30,30960,卖盘
1415,11:28:00,10.33,--,21,21693,买盘
1416,11:27:57,10.33,--,29,29957,买盘
1417,11:27:51,10.33,--,5,5165,买盘
1418,11:27:48,10.33,--,20,20660,买盘
1419,11:27:39,10.33,0.01,6,6198,买盘
1420,11:27:30,10.32,-0.01,20,20640,卖盘
1421,11:27:27,10.33,--,48,50162,买盘
1422,11:27:18,10.33,--,6,6198,买盘
1423,11:26:45,10.33,--,40,41320,买盘
1424,11:26:42,10.33,0.01,100,103300,买盘
1425,11:26:21,10.32,--,21,21672,卖盘
1426,11:26:12,10.32,-0.01,2,2064,卖盘
1427,11:26:00,10.33,--,183,189039,买盘
1428,11:25:51,10.33,0.01,15,16486,买盘
1429,11:25:39,10.32,-0.01,1,1032,卖盘
1430,11:25:33,10.33,--,3,3099,买盘
1431,11:25:30,10.33,0.01,12,12396,买盘
1432,11:25:24,10.32,--,1,1599,卖盘
1433,11:25:21,10.32,-0.01,41,42322,卖盘
1434,11:25:18,10.33,--,405,418365,买盘
1435,11:24:57,10.33,--,20,20660,买盘
1436,11:24:42,10.33,--,30,30990,买盘
1437,11:24:39,10.33,--,3,3099,买盘
1438,11:24:27,10.33,--,6,6198,买盘
1439,11:24:15,10.33,--,4,4132,买盘
1440,11:24:12,10.33,0.01,20,20660,买盘
1441,11:24:03,10.32,--,2,2373,卖盘
1442,11:24:00,10.32,-0.01,38,39216,卖盘
1443,11:23:54,10.33,0.01,24,24792,买盘
1444,11:23:45,10.32,--,2,2435,卖盘
1445,11:23:42,10.32,-0.01,2,2064,卖盘
1446,11:23:33,10.33,0.01,7,7231,买盘
1447,11:23:27,10.32,-0.01,38,39216,卖盘
1448,11:23:24,10.33,0.01,210,216930,买盘
1449,11:23:21,10.32,--,2,2930,卖盘
1450,11:23:15,10.32,-0.01,60,62663,卖盘
1451,11:23:09,10.33,0.01,3,3099,买盘
1452,11:23:00,10.32,--,10,10320,卖盘
1453,11:22:57,10.32,--,21,21672,卖盘
1454,11:22:51,10.32,--,6,6192,卖盘
1455,11:22:48,10.32,-0.01,3,3096,卖盘
1456,11:22:45,10.33,--,52,53716,买盘
1457,11:22:42,10.33,0.01,5,5165,买盘
1458,11:22:27,10.32,--,120,123840,卖盘
1459,11:22:21,10.32,--,333,343656,卖盘
1460,11:22:12,10.32,--,112,115584,卖盘
1461,11:22:03,10.32,--,10,10320,卖盘
1462,11:21:54,10.32,-0.01,20,20640,卖盘
1463,11:21:51,10.33,0.01,27,27891,买盘
1464,11:21:39,10.32,--,10,10320,卖盘
1465,11:21:21,10.32,-0.01,26,27069,卖盘
1466,11:21:18,10.33,--,51,53023,买盘
1467,11:21:15,10.33,0.01,39,40287,买盘
1468,11:21:12,10.32,-0.01,7,7224,卖盘
1469,11:21:09,10.33,--,2,2066,买盘
1470,11:21:06,10.33,0.01,37,38221,买盘
1471,11:20:51,10.32,--,10,10320,卖盘
1472,11:20:48,10.32,-0.01,10,10320,卖盘
1473,11:20:42,10.33,--,6,6198,买盘
1474,11:20:39,10.33,--,18,18594,买盘
1475,11:20:30,10.33,0.01,55,56815,买盘
1476,11:20:18,10.32,--,10,10320,卖盘
1477,11:20:15,10.32,-0.01,10,10320,卖盘
1478,11:20:03,10.33,0.01,23,23759,买盘
1479,11:20:00,10.32,-0.01,7,7224,卖盘
1480,11:19:57,10.33,--,57,58881,买盘
1481,11:19:54,10.33,0.01,40,41320,买盘
1482,11:19:48,10.32,-0.01,17,17544,卖盘
1483,11:19:45,10.33,--,20,20660,买盘
1484,11:19:42,10.33,--,134,138422,买盘
1485,11:19:36,10.33,0.01,58,59914,买盘
1486,11:19:33,10.32,-0.01,1506,1554192,卖盘
1487,11:19:27,10.33,0.01,26,26858,买盘
1488,11:19:18,10.32,--,465,479880,卖盘
1489,11:19:15,10.32,--,20,20928,卖盘
1490,11:19:09,10.32,--,54,56016,卖盘
1491,11:19:03,10.32,--,97,100104,卖盘
1492,11:18:54,10.32,-0.01,49,50568,卖盘
1493,11:18:51,10.33,--,2,2066,买盘
1494,11:18:48,10.33,--,7,7231,买盘
1495,11:18:42,10.33,--,25,25825,买盘
1496,11:18:33,10.33,--,3,3099,买盘
1497,11:18:27,10.33,0.01,36,37188,中性盘
1498,11:18:09,10.32,-0.01,20,20640,卖盘
1499,11:18:03,10.33,--,8,8264,卖盘
1500,11:17:36,10.33,--,20,20660,卖盘
1501,11:17:30,10.33,--,10,10330,卖盘
1502,11:17:18,10.33,--,20,20660,卖盘
1503,11:17:12,10.33,0.01,48,49584,买盘
1504,11:17:06,10.32,-0.01,61,63529,卖盘
1505,11:17:03,10.33,--,10,10330,买盘
1506,11:17:00,10.33,--,19,19627,买盘
1507,11:16:57,10.33,--,30,30990,买盘
1508,11:16:51,10.33,0.01,29,29957,买盘
1509,11:16:39,10.32,-0.01,15,15480,卖盘
1510,11:16:36,10.33,--,328,338824,买盘
1511,11:16:30,10.33,0.01,1,1033,买盘
1512,11:16:00,10.32,--,20,20640,卖盘
1513,11:15:30,10.32,--,20,20640,卖盘
1514,11:15:24,10.32,-0.02,5,5160,卖盘
1515,11:15:15,10.34,--,46,48143,买盘
1516,11:15:12,10.34,--,14,14476,买盘
1517,11:14:57,10.34,--,27,27918,买盘
1518,11:14:48,10.34,0.02,20,20680,买盘
1519,11:14:24,10.32,-0.01,22,22704,卖盘
1520,11:14:18,10.33,-0.01,100,103300,中性盘
1521,11:14:06,10.34,0.01,8,8272,买盘
1522,11:14:03,10.33,--,3,3099,卖盘
1523,11:13:57,10.33,0.01,28,28924,买盘
1524,11:13:54,10.32,--,20,20640,卖盘
1525,11:13:48,10.32,-0.01,172,177504,卖盘
1526,11:13:39,10.33,--,2,2066,卖盘
1527,11:13:33,10.33,--,7,7231,买盘
1528,11:13:30,10.33,--,100,103300,买盘
1529,11:13:27,10.33,--,494,510302,买盘
1530,11:13:24,10.33,0.01,12,12396,买盘
1531,11:13:21,10.32,-0.01,20,20640,卖盘
1532,11:13:12,10.33,--,35,36155,买盘
1533,11:13:09,10.33,0.01,12,12396,买盘
1534,11:13:03,10.32,--,0,877,卖盘
1535,11:13:00,10.32,--,45,46976,卖盘
1536,11:12:51,10.32,--,20,20640,卖盘
1537,11:12:42,10.32,--,195,201240,卖盘
1538,11:12:27,10.32,--,1,1032,卖盘
1539,11:12:18,10.32,-0.01,20,20640,卖盘
1540,11:12:09,10.33,--,3,3099,买盘
1541,11:12:06,10.33,--,87,89871,买盘
1542,11:11:48,10.33,0.01,5,5165,买盘
1543,11:11:45,10.32,-0.01,21,21672,卖盘
1544,11:11:42,10.33,--,22,22726,买盘
1545,11:11:36,10.33,--,50,51650,买盘
1546,11:11:27,10.33,--,1,1033,买盘
1547,11:11:21,10.33,--,109,112597,买盘
1548,11:11:18,10.33,--,3,3099,买盘
1549,11:11:15,10.33,--,40,41320,买盘
1550,11:11:12,10.33,0.01,26,26858,买盘
1551,11:10:54,10.32,-0.01,41,42889,卖盘
1552,11:10:51,10.33,--,15,15495,卖盘
1553,11:10:42,10.33,--,20,20660,卖盘
1554,11:10:39,10.33,-0.01,17,17561,卖盘
1555,11:10:33,10.34,--,30,31020,买盘
1556,11:10:18,10.34,0.01,12,12408,买盘
1557,11:10:12,10.33,-0.01,70,72310,卖盘
1558,11:10:00,10.34,--,17,17578,买盘
1559,11:09:57,10.34,0.01,12,12408,买盘
1560,11:09:54,10.33,-0.01,3,3099,中性盘
1561,11:09:48,10.34,0.01,17,17578,买盘
1562,11:09:45,10.33,--,49,50617,买盘
1563,11:09:42,10.33,--,7,7231,买盘
1564,11:09:39,10.33,--,24,24792,买盘
1565,11:09:33,10.33,-0.01,941,972383,卖盘
1566,11:09:24,10.34,--,29,29986,买盘
1567,11:09:21,10.34,--,1,1034,买盘
1568,11:09:18,10.34,--,8,8272,买盘
1569,11:09:12,10.34,0.01,12,12408,买盘
1570,11:09:09,10.33,-0.01,41,42931,卖盘
1571,11:09:06,10.34,--,30,31020,买盘
1572,11:09:03,10.34,--,12,12408,买盘
1573,11:09:00,10.34,0.01,7,7238,买盘
1574,11:08:51,10.33,-0.01,58,59914,卖盘
1575,11:08:48,10.34,0.01,43,44462,买盘
1576,11:08:45,10.33,--,154,159082,卖盘
1577,11:08:42,10.33,-0.01,218,225194,卖盘
1578,11:08:39,10.34,--,8,8272,买盘
1579,11:08:33,10.34,0.01,27,27918,买盘
1580,11:08:24,10.33,-0.01,20,20660,卖盘
1581,11:08:18,10.34,0.01,9,9306,买盘
1582,11:08:15,10.33,-0.01,37,38221,卖盘
1583,11:08:12,10.34,0.01,8,8272,买盘
1584,11:08:03,10.33,--,36,37188,卖盘
1585,11:08:00,10.33,-0.01,52,53716,卖盘
1586,11:07:51,10.34,0.01,7,7238,买盘
1587,11:07:48,10.33,-0.01,16,16528,卖盘
1588,11:07:42,10.34,--,7,7238,买盘
1589,11:07:30,10.34,--,28,28952,买盘
1590,11:07:18,10.34,0.01,7,7238,买盘
1591,11:07:15,10.33,--,8,8264,卖盘
1592,11:07:12,10.33,-0.01,20,20660,卖盘
1593,11:07:09,10.34,0.01,8,8272,买盘
1594,11:07:00,10.33,--,10,10330,卖盘
1595,11:06:57,10.33,-0.01,18,18594,卖盘
1596,11:06:48,10.34,--,10,10340,买盘
1597,11:06:45,10.34,0.01,7,7238,买盘
1598,11:06:42,10.33,-0.01,43,44997,卖盘
1599,11:06:39,10.34,0.01,7,7238,买盘
1600,11:06:36,10.33,--,2,2066,卖盘
1601,11:06:27,10.33,-0.01,10,10330,卖盘
1602,11:06:24,10.34,--,17,17578,买盘
1603,11:06:21,10.34,--,40,41360,买盘
1604,11:06:15,10.34,--,2,2068,买盘
1605,11:06:12,10.34,--,7,7238,买盘
1606,11:06:06,10.34,--,7,7238,买盘
1607,11:06:00,10.34,0.01,2,2068,买盘
1608,11:05:57,10.33,--,10,10330,卖盘
1609,11:05:54,10.33,-0.01,15,15495,卖盘
1610,11:05:51,10.34,--,8,8272,买盘
1611,11:05:39,10.34,--,8,8272,买盘
1612,11:05:33,10.34,--,18,18612,买盘
1613,11:05:27,10.34,0.01,120,124080,买盘
1614,11:05:24,10.33,--,17,17561,卖盘
1615,11:05:21,10.33,--,13,13429,卖盘
1616,11:05:15,10.33,-0.01,2,2066,卖盘
1617,11:05:12,10.34,--,22,22748,买盘
1618,11:05:09,10.34,0.01,8,8272,买盘
1619,11:05:06,10.33,--,15,15495,卖盘
1620,11:05:03,10.33,--,80,82640,卖盘
1621,11:04:57,10.33,-0.01,111,114663,卖盘
1622,11:04:54,10.34,0.01,12,12408,买盘
1623,11:04:51,10.33,-0.01,38,39254,卖盘
1624,11:04:42,10.34,--,51,53581,买盘
1625,11:04:36,10.34,0.01,60,62805,买盘
1626,11:04:33,10.33,--,5,5165,卖盘
1627,11:04:30,10.33,-0.01,30,30990,卖盘
1628,11:04:21,10.34,--,28,28952,买盘
1629,11:04:18,10.34,--,130,134420,买盘
1630,11:04:12,10.34,--,7,7238,买盘
1631,11:04:06,10.34,--,8,8272,买盘
1632,11:03:57,10.34,--,20,20680,买盘
1633,11:03:51,10.34,0.01,7,7238,买盘
1634,11:03:48,10.33,-0.01,24,24792,卖盘
1635,11:03:42,10.34,0.01,8,8272,买盘
1636,11:03:39,10.33,--,72,74376,卖盘
1637,11:03:33,10.33,-0.01,1048,1082584,卖盘
1638,11:03:27,10.34,--,171,176814,买盘
1639,11:03:18,10.34,0.01,18,18612,买盘
1640,11:03:15,10.33,-0.01,10,10330,卖盘
1641,11:03:09,10.34,0.01,38,39292,买盘
1642,11:03:06,10.33,-0.01,38,39254,卖盘
1643,11:03:03,10.34,--,31,32054,买盘
1644,11:03:00,10.34,0.01,1,1034,买盘
1645,11:02:57,10.33,-0.01,0,30,卖盘
1646,11:02:54,10.34,0.01,8,8272,买盘
1647,11:02:51,10.33,-0.01,10,10330,卖盘
1648,11:02:48,10.34,0.01,7,7238,买盘
1649,11:02:45,10.33,--,68,70244,卖盘
1650,11:02:36,10.33,-0.01,0,320,卖盘
1651,11:02:33,10.34,0.01,8,8272,买盘
1652,11:02:30,10.33,-0.01,41,42611,卖盘
1653,11:02:27,10.34,--,1,1034,买盘
1654,11:02:24,10.34,--,4,4136,买盘
1655,11:02:21,10.34,--,46,47564,买盘
1656,11:02:18,10.34,0.01,8,8272,买盘
1657,11:02:15,10.33,--,10,10330,卖盘
1658,11:02:12,10.33,-0.01,10,10330,卖盘
1659,11:02:09,10.34,--,23,23782,买盘
1660,11:02:06,10.34,0.01,27,27918,买盘
1661,11:02:03,10.33,-0.01,3,3099,卖盘
1662,11:01:57,10.34,--,79,81686,买盘
1663,11:01:54,10.34,--,581,600754,买盘
1664,11:01:51,10.34,--,49,50666,买盘
1665,11:01:48,10.34,--,26,26884,买盘
1666,11:01:45,10.34,0.01,7,7238,买盘
1667,11:01:42,10.33,-0.01,45,46485,卖盘
1668,11:01:36,10.34,--,71,73414,买盘
1669,11:01:30,10.34,--,23,23782,买盘
1670,11:01:27,10.34,--,8,8272,买盘
1671,11:01:24,10.34,--,21,21714,买盘
1672,11:01:21,10.34,--,11,11374,买盘
1673,11:01:15,10.34,0.01,29,29986,买盘
1674,11:01:09,10.33,-0.01,320,330560,卖盘
1675,11:01:06,10.34,--,7,7238,买盘
1676,11:01:03,10.34,--,9,9306,买盘
1677,11:01:00,10.34,--,5,5170,买盘
1678,11:00:57,10.34,--,8,8272,买盘
1679,11:00:54,10.34,-0.01,1,1034,卖盘
1680,11:00:42,10.35,0.01,1705,1764675,买盘
1681,11:00:39,10.34,0.01,74,76516,买盘
1682,11:00:36,10.33,-0.01,11,11363,卖盘
1683,11:00:33,10.34,--,19,19646,买盘
1684,11:00:30,10.34,0.01,7,7238,买盘
1685,11:00:24,10.33,-0.01,1041,1075931,卖盘
1686,11:00:21,10.34,--,108,112251,买盘
1687,11:00:18,10.34,--,339,350526,买盘
1688,11:00:15,10.34,--,93,96162,买盘
1689,11:00:12,10.34,--,251,259534,买盘
1690,11:00:09,10.34,--,14,14476,买盘
1691,11:00:06,10.34,0.01,2194,2268596,买盘
1692,11:00:03,10.33,--,58,59914,买盘
1693,11:00:00,10.33,--,7,7231,买盘
1694,10:59:54,10.33,--,28,28924,买盘
1695,10:59:51,10.33,--,10,10330,买盘
1696,10:59:45,10.33,-0.01,1292,1335090,卖盘
1697,10:59:42,10.34,0.01,8,8272,买盘
1698,10:59:39,10.33,--,1,1033,卖盘
1699,10:59:33,10.33,-0.01,20,20660,卖盘
1700,10:59:30,10.34,0.01,47,48598,买盘
1701,10:59:24,10.33,-0.01,2,2066,卖盘
1702,10:59:18,10.34,--,56,57904,买盘
1703,10:59:15,10.34,0.01,159,164406,买盘
1704,10:59:12,10.33,-0.01,2,2066,卖盘
1705,10:59:09,10.34,--,13,13442,买盘
1706,10:59:06,10.34,0.01,8,8272,买盘
1707,10:59:03,10.33,--,10,10330,卖盘
1708,10:59:00,10.33,--,22,22726,卖盘
1709,10:58:57,10.33,--,417,431339,买盘
1710,10:58:54,10.33,--,7,7231,买盘
1711,10:58:51,10.33,--,18,18594,买盘
1712,10:58:48,10.33,--,15,15495,买盘
1713,10:58:45,10.33,--,19,19627,买盘
1714,10:58:42,10.33,--,8,8264,买盘
1715,10:58:36,10.33,--,18,18594,买盘
1716,10:58:33,10.33,--,37,38221,买盘
1717,10:58:30,10.33,--,29,29957,买盘
1718,10:58:27,10.33,--,52,53716,买盘
1719,10:58:24,10.33,--,6,6198,买盘
1720,10:58:21,10.33,--,61,63591,买盘
1721,10:58:18,10.33,--,67,69211,买盘
1722,10:58:15,10.33,--,188,194204,买盘
1723,10:58:12,10.33,--,11,11363,买盘
1724,10:58:09,10.33,--,19,19627,买盘
1725,10:58:06,10.33,0.02,18,18594,买盘
1726,10:58:03,10.31,--,13,13403,卖盘
1727,10:58:00,10.31,-0.01,10,10310,卖盘
1728,10:57:57,10.32,--,680,701760,买盘
1729,10:57:54,10.32,0.01,10,10320,买盘
1730,10:57:48,10.31,-0.01,5,5155,卖盘
1731,10:57:45,10.32,0.01,10,10320,买盘
1732,10:57:39,10.31,-0.01,74,76572,卖盘
1733,10:57:36,10.32,0.01,57,58824,买盘
1734,10:57:33,10.31,-0.01,76,78490,卖盘
1735,10:57:30,10.32,0.01,20,20640,买盘
1736,10:57:27,10.31,-0.01,72,74232,卖盘
1737,10:57:24,10.32,--,7,7224,买盘
1738,10:57:21,10.32,--,1,1032,买盘
1739,10:57:18,10.32,--,4,4128,买盘
1740,10:57:12,10.32,0.01,57,58824,买盘
1741,10:57:09,10.31,-0.01,10,10310,卖盘
1742,10:57:03,10.32,--,7,7224,买盘
1743,10:56:57,10.32,--,22,22704,买盘
1744,10:56:54,10.32,--,18,18576,买盘
1745,10:56:45,10.32,--,17,17544,买盘
1746,10:56:42,10.32,--,20,20640,买盘
1747,10:56:39,10.32,--,28,28896,买盘
1748,10:56:36,10.32,--,3,3096,买盘
1749,10:56:30,10.32,0.01,7,7224,买盘
1750,10:56:24,10.31,--,20,20620,卖盘
1751,10:56:21,10.31,--,8,8382,卖盘
1752,10:56:15,10.31,--,41,42714,卖盘
1753,10:56:12,10.31,-0.01,10,10310,卖盘
1754,10:56:09,10.32,0.01,8,8256,买盘
1755,10:55:57,10.31,--,17,17527,卖盘
1756,10:55:54,10.31,--,10,10310,卖盘
1757,10:55:51,10.31,-0.01,10,10310,卖盘
1758,10:55:45,10.32,--,7,7224,买盘
1759,10:55:42,10.32,--,40,41280,买盘
1760,10:55:33,10.32,0.01,8,8256,买盘
1761,10:55:30,10.31,-0.01,2,2062,卖盘
1762,10:55:27,10.32,0.01,8,8256,买盘
1763,10:55:24,10.31,--,5,5155,买盘
1764,10:55:21,10.31,--,19,19589,卖盘
1765,10:55:18,10.31,-0.01,17,17527,卖盘
1766,10:55:12,10.32,--,31,31992,买盘
1767,10:55:03,10.32,--,8,8256,买盘
1768,10:54:51,10.32,0.02,8,8256,买盘
1769,10:54:48,10.3,--,20,20600,卖盘
1770,10:54:45,10.3,-0.02,110,113300,卖盘
1771,10:54:42,10.32,0.01,33,34530,买盘
1772,10:54:39,10.31,0.01,2,2062,买盘
1773,10:54:33,10.3,-0.01,11,11330,卖盘
1774,10:54:30,10.31,--,10,10310,买盘
1775,10:54:18,10.31,0.01,54,55674,买盘
1776,10:54:15,10.3,-0.01,20,20600,卖盘
1777,10:54:12,10.31,--,123,127390,买盘
1778,10:54:09,10.31,--,26,26806,买盘
1779,10:54:06,10.31,--,1,1031,买盘
1780,10:54:03,10.31,--,1,1031,买盘
1781,10:54:00,10.31,--,28,29424,卖盘
1782,10:53:45,10.31,--,330,340704,买盘
1783,10:53:39,10.31,--,3,3093,买盘
1784,10:53:36,10.31,--,19,19589,买盘
1785,10:53:33,10.31,0.01,25,25775,买盘
1786,10:53:30,10.3,-0.01,66,67980,卖盘
1787,10:53:15,10.31,0.01,18,18558,买盘
1788,10:53:12,10.3,-0.01,29,29870,卖盘
1789,10:53:06,10.31,--,347,357777,卖盘
1790,10:53:00,10.31,--,368,380418,买盘
1791,10:52:54,10.31,0.01,41,42271,买盘
1792,10:52:51,10.3,-0.01,30,30900,卖盘
1793,10:52:42,10.31,--,62,63922,买盘
1794,10:52:39,10.31,0.01,171,176301,买盘
1795,10:52:33,10.3,-0.01,144,148320,卖盘
1796,10:52:21,10.31,--,6,6186,买盘
1797,10:52:18,10.31,0.01,81,83511,买盘
1798,10:52:15,10.3,-0.01,145,149968,卖盘
1799,10:52:12,10.31,--,160,164960,卖盘
1800,10:52:09,10.31,--,60,62870,卖盘
1801,10:52:03,10.31,--,20,20620,卖盘
1802,10:51:54,10.31,0.01,59,60829,买盘
1803,10:51:48,10.3,-0.01,345,355350,卖盘
1804,10:51:39,10.31,0.01,13,13403,买盘
1805,10:51:36,10.3,-0.01,23,23690,卖盘
1806,10:51:30,10.31,--,11,11341,买盘
1807,10:51:24,10.31,0.01,1,1031,买盘
1808,10:51:21,10.3,-0.01,40,41200,卖盘
1809,10:51:18,10.31,--,82,84542,买盘
1810,10:51:15,10.31,--,2,2062,买盘
1811,10:51:12,10.31,--,6,6186,买盘
1812,10:51:09,10.31,0.01,20,20620,买盘
1813,10:51:06,10.3,-0.01,20,20600,卖盘
1814,10:51:03,10.31,--,26,26806,买盘
1815,10:51:00,10.31,--,50,51550,买盘
1816,10:50:57,10.31,--,9,9279,买盘
1817,10:50:54,10.31,0.01,24,24744,买盘
1818,10:50:48,10.3,-0.01,6,6180,卖盘
1819,10:50:36,10.31,--,30,30930,买盘
1820,10:50:27,10.31,--,56,57736,买盘
1821,10:50:21,10.31,--,5,5155,买盘
1822,10:50:12,10.31,0.01,26,26806,买盘
1823,10:50:09,10.3,--,0,535,卖盘
1824,10:50:06,10.3,0.01,42,43301,中性盘
1825,10:50:03,10.29,-0.02,20,20580,卖盘
1826,10:50:00,10.31,0.01,564,581484,买盘
1827,10:49:57,10.3,--,35,36503,卖盘
1828,10:49:51,10.3,--,1258,1295740,卖盘
1829,10:49:48,10.3,--,31,31930,卖盘
1830,10:49:36,10.3,--,10,10300,卖盘
1831,10:49:33,10.3,--,10,10300,卖盘
1832,10:49:30,10.3,-0.01,10,10300,卖盘
1833,10:49:21,10.31,0.01,1,1031,买盘
1834,10:49:06,10.3,--,4,4120,卖盘
1835,10:49:00,10.3,-0.01,46,47380,卖盘
1836,10:48:57,10.31,--,21,21651,买盘
1837,10:48:42,10.31,--,171,176301,买盘
1838,10:48:33,10.31,0.01,34,35054,买盘
1839,10:48:30,10.3,--,20,20600,卖盘
1840,10:48:24,10.3,--,6,6180,卖盘
1841,10:48:06,10.3,--,41,42806,卖盘
1842,10:48:00,10.3,--,28,28840,卖盘
1843,10:47:57,10.3,--,20,20600,卖盘
1844,10:47:48,10.3,--,8,8240,买盘
1845,10:47:42,10.3,--,2,2060,中性盘
1846,10:47:36,10.3,0.01,1,1030,中性盘
1847,10:47:33,10.29,--,9,9261,卖盘
1848,10:47:27,10.29,--,1,1029,卖盘
1849,10:47:24,10.29,-0.01,52,53507,卖盘
1850,10:47:12,10.3,--,13,13390,卖盘
1851,10:47:09,10.3,0.01,115,118450,买盘
1852,10:47:06,10.29,-0.01,10,10290,卖盘
1853,10:46:57,10.3,0.01,4,4120,买盘
1854,10:46:54,10.29,--,20,20580,卖盘
1855,10:46:45,10.29,-0.01,187,192422,卖盘
1856,10:46:42,10.3,0.01,18,18540,买盘
1857,10:46:24,10.29,--,20,20580,卖盘
1858,10:46:21,10.29,--,50,51449,卖盘
1859,10:46:03,10.29,--,2,2058,卖盘
1860,10:45:57,10.29,--,41,42765,卖盘
1861,10:45:51,10.29,--,20,20580,卖盘
1862,10:45:45,10.29,--,120,123479,卖盘
1863,10:45:42,10.29,--,14,14405,卖盘
1864,10:45:33,10.29,--,13,13376,卖盘
1865,10:45:21,10.29,--,44,45275,卖盘
1866,10:45:12,10.29,--,30,30869,卖盘
1867,10:45:09,10.29,--,1,1029,卖盘
1868,10:45:03,10.29,--,80,82320,卖盘
1869,10:44:51,10.29,-0.01,56,57623,卖盘
1870,10:44:48,10.3,--,20,20600,卖盘
1871,10:44:45,10.3,--,4,4120,卖盘
1872,10:44:42,10.3,--,14,14420,卖盘
1873,10:44:36,10.3,--,1,1030,卖盘
1874,10:44:30,10.3,-0.01,13,13390,卖盘
1875,10:44:27,10.31,0.01,2,2062,买盘
1876,10:44:24,10.3,0.01,17,17685,买盘
1877,10:44:18,10.29,-0.01,20,20580,卖盘
1878,10:44:12,10.3,--,10,11154,卖盘
1879,10:43:57,10.3,0.01,1,1205,卖盘
1880,10:43:54,10.29,-0.01,40,41561,卖盘
1881,10:43:51,10.3,0.01,6,6180,买盘
1882,10:43:45,10.29,--,20,20580,卖盘
1883,10:43:42,10.29,--,5,5145,卖盘
1884,10:43:39,10.29,--,3,3086,卖盘
1885,10:43:33,10.29,-0.02,3,3086,卖盘
1886,10:43:30,10.31,--,20,20620,买盘
1887,10:43:27,10.31,0.02,10,10310,买盘
1888,10:43:21,10.29,--,3,3086,卖盘
1889,10:43:15,10.29,--,20,20580,卖盘
1890,10:43:09,10.29,-0.01,9,9261,卖盘
1891,10:43:03,10.3,--,6,6180,中性盘
1892,10:42:54,10.3,--,160,164800,买盘
1893,10:42:48,10.3,0.01,41,42230,买盘
1894,10:42:42,10.29,-0.01,34,34986,卖盘
1895,10:42:36,10.3,--,158,162740,买盘
1896,10:42:33,10.3,0.01,42,43260,买盘
1897,10:42:30,10.29,--,15,15434,卖盘
1898,10:42:21,10.29,--,13,13376,卖盘
1899,10:42:12,10.29,--,20,20580,卖盘
1900,10:42:09,10.29,-0.01,14,14405,卖盘
1901,10:42:06,10.3,--,54,55620,买盘
1902,10:42:03,10.3,0.01,17,17510,买盘
1903,10:42:00,10.29,--,1,1121,卖盘
1904,10:41:57,10.29,--,90,93093,卖盘
1905,10:41:51,10.29,--,14,14405,卖盘
1906,10:41:48,10.29,--,43,44246,卖盘
1907,10:41:45,10.29,--,2,2058,卖盘
1908,10:41:42,10.29,--,10,10290,卖盘
1909,10:41:39,10.29,--,308,316932,卖盘
1910,10:41:30,10.29,-0.01,18,18522,卖盘
1911,10:41:27,10.3,0.01,2,2060,买盘
1912,10:41:18,10.29,--,13,13376,卖盘
1913,10:41:15,10.29,--,244,251075,卖盘
1914,10:41:09,10.29,-0.01,34,34986,卖盘
1915,10:40:57,10.3,0.01,24,24720,买盘
1916,10:40:48,10.29,--,50,51449,卖盘
1917,10:40:42,10.29,--,94,96725,卖盘
1918,10:40:36,10.29,-0.01,21,21609,卖盘
1919,10:40:30,10.3,--,7,7210,买盘
1920,10:40:27,10.3,0.01,2,2060,买盘
1921,10:40:15,10.29,--,1,1029,卖盘
1922,10:40:06,10.29,--,20,20580,卖盘
1923,10:40:03,10.29,--,61,62768,卖盘
1924,10:40:00,10.29,--,3,3086,卖盘
1925,10:39:51,10.29,--,84,87012,卖盘
1926,10:39:42,10.29,--,17,18275,卖盘
1927,10:39:39,10.29,--,23,23666,卖盘
1928,10:39:33,10.29,--,20,20580,卖盘
1929,10:39:30,10.29,--,14,14405,卖盘
1930,10:39:18,10.29,-0.01,312,321048,卖盘
1931,10:39:09,10.3,0.01,35,36050,买盘
1932,10:39:00,10.29,--,34,34986,卖盘
1933,10:38:54,10.29,--,2,2376,卖盘
1934,10:38:51,10.29,--,50,51449,卖盘
1935,10:38:48,10.29,-0.01,13,13376,卖盘
1936,10:38:42,10.3,--,15,15450,买盘
1937,10:38:39,10.3,--,46,47390,买盘
1938,10:38:33,10.3,0.01,3,3090,买盘
1939,10:38:30,10.29,--,10,10290,卖盘
1940,10:38:27,10.29,--,64,65856,卖盘
1941,10:38:18,10.29,--,13,13376,卖盘
1942,10:38:09,10.29,--,14,14405,卖盘
1943,10:38:06,10.29,--,1,1029,卖盘
1944,10:38:03,10.29,--,65,66885,卖盘
1945,10:38:00,10.29,-0.01,10,10290,卖盘
1946,10:37:57,10.3,0.01,20,20600,买盘
1947,10:37:54,10.29,--,81,83349,卖盘
1948,10:37:51,10.29,--,170,174930,卖盘
1949,10:37:45,10.29,--,213,219176,卖盘
1950,10:37:42,10.29,-0.01,286,294870,卖盘
1951,10:37:39,10.3,--,87,89610,买盘
1952,10:37:33,10.3,--,1,1030,卖盘
1953,10:37:30,10.3,--,68,70040,卖盘
1954,10:37:27,10.3,--,10,10300,卖盘
1955,10:37:24,10.3,--,10,10300,卖盘
1956,10:37:21,10.3,--,48,49440,买盘
1957,10:37:15,10.3,0.01,12,12360,买盘
1958,10:37:09,10.29,-0.01,10,10290,卖盘
1959,10:37:06,10.3,--,1,1030,买盘
1960,10:37:03,10.3,0.01,20,20600,中性盘
1961,10:36:54,10.29,--,20,20580,卖盘
1962,10:36:42,10.29,--,10,10290,卖盘
1963,10:36:39,10.29,--,14,14405,卖盘
1964,10:36:36,10.29,-0.01,100,102899,卖盘
1965,10:36:33,10.3,0.01,14,14420,买盘
1966,10:36:30,10.29,--,13,13376,卖盘
1967,10:36:27,10.29,--,26,26753,卖盘
1968,10:36:24,10.29,--,10,10290,卖盘
1969,10:36:21,10.29,--,10,10290,卖盘
1970,10:36:18,10.29,--,14,14405,卖盘
1971,10:36:09,10.29,-0.01,13,13376,卖盘
1972,10:36:06,10.3,0.01,14,14420,买盘
1973,10:36:03,10.29,--,2,2366,卖盘
1974,10:35:57,10.29,--,26,27546,卖盘
1975,10:35:51,10.29,-0.01,536,552356,卖盘
1976,10:35:48,10.3,-0.01,14,14420,卖盘
1977,10:35:45,10.31,0.01,50,51550,买盘
1978,10:35:36,10.3,--,23,23690,卖盘
1979,10:35:33,10.3,--,1,1030,卖盘
1980,10:35:27,10.3,-0.01,14,14420,卖盘
1981,10:35:24,10.31,0.01,15,15465,买盘
1982,10:35:21,10.3,--,10,10300,卖盘
1983,10:35:18,10.3,-0.01,29,29870,卖盘
1984,10:35:06,10.31,--,19,19589,买盘
1985,10:34:57,10.31,0.01,15,15465,买盘
1986,10:34:51,10.3,--,20,20600,卖盘
1987,10:34:48,10.3,--,24,24720,卖盘
1988,10:34:45,10.3,--,1,1030,卖盘
1989,10:34:42,10.3,-0.01,5,5150,卖盘
1990,10:34:36,10.31,0.01,200,206200,买盘
1991,10:34:18,10.3,--,10,10300,卖盘
1992,10:34:15,10.3,--,10,10300,卖盘
1993,10:34:06,10.3,--,4,4120,买盘
1994,10:33:54,10.3,--,20,20600,买盘
1995,10:33:51,10.3,--,31,31930,买盘
1996,10:33:48,10.3,0.01,10,10300,买盘
1997,10:33:45,10.29,--,20,20580,卖盘
1998,10:33:39,10.29,-0.01,4,5114,卖盘
1999,10:33:36,10.3,0.01,95,97850,买盘
2000,10:33:33,10.29,--,59,61318,卖盘
2001,10:33:27,10.29,-0.01,24,24695,卖盘
2002,10:33:24,10.3,--,3,3090,买盘
2003,10:33:18,10.3,0.01,76,78280,买盘
2004,10:33:15,10.29,--,10,10290,卖盘
2005,10:33:12,10.29,-0.01,10,10290,卖盘
2006,10:32:54,10.3,0.01,16,16480,买盘
2007,10:32:51,10.29,-0.01,493,507348,卖盘
2008,10:32:48,10.3,0.01,3,3090,买盘
2009,10:32:45,10.29,--,98,100841,卖盘
2010,10:32:42,10.29,--,16,16464,卖盘
2011,10:32:39,10.29,-0.01,10,10290,卖盘
2012,10:32:30,10.3,--,10,10300,买盘
2013,10:32:21,10.3,--,66,67980,卖盘
2014,10:32:18,10.3,--,20,20600,卖盘
2015,10:32:12,10.3,--,100,103000,卖盘
2016,10:32:09,10.3,--,102,105060,买盘
2017,10:32:06,10.3,--,113,116390,买盘
2018,10:32:00,10.3,--,5,5150,买盘
2019,10:31:57,10.3,0.01,5,5150,买盘
2020,10:31:54,10.29,--,15,15434,卖盘
2021,10:31:39,10.29,--,119,122450,卖盘
2022,10:31:36,10.29,--,25,25724,卖盘
2023,10:31:33,10.29,-0.01,38,39431,卖盘
2024,10:31:09,10.3,0.01,4,4120,买盘
2025,10:31:06,10.29,--,10,10290,卖盘
2026,10:31:03,10.29,--,10,10290,卖盘
2027,10:30:42,10.29,-0.01,106,109742,卖盘
2028,10:30:39,10.3,0.01,12,12360,买盘
2029,10:30:33,10.29,--,118,121421,卖盘
2030,10:30:27,10.29,--,5,5145,卖盘
2031,10:30:09,10.29,--,10,10290,卖盘
2032,10:30:03,10.29,--,10,10290,卖盘
2033,10:29:54,10.29,0.01,0,823,中性盘
2034,10:29:39,10.28,-0.01,245,251859,卖盘
2035,10:29:36,10.29,--,90,93392,卖盘
2036,10:29:33,10.29,--,10,10290,卖盘
2037,10:29:30,10.29,--,20,20580,卖盘
2038,10:29:21,10.29,--,1,1029,卖盘
2039,10:29:18,10.29,--,43,44246,卖盘
2040,10:29:12,10.29,--,13,13376,卖盘
2041,10:29:09,10.29,--,20,20580,卖盘
2042,10:29:03,10.29,--,14,14405,卖盘
2043,10:29:00,10.29,-0.01,56,57623,卖盘
2044,10:28:57,10.3,--,194,199820,买盘
2045,10:28:54,10.3,--,235,242050,买盘
2046,10:28:48,10.3,--,223,229690,买盘
2047,10:28:45,10.3,--,64,65920,买盘
2048,10:28:36,10.3,0.01,10,10300,买盘
2049,10:28:33,10.29,--,17,17493,卖盘
2050,10:28:30,10.29,-0.01,10,10290,卖盘
2051,10:28:21,10.3,--,38,39140,买盘
2052,10:28:15,10.3,0.01,9,9270,买盘
2053,10:27:57,10.29,-0.01,20,20580,卖盘
2054,10:27:54,10.3,0.01,27,27810,买盘
2055,10:27:45,10.29,--,23,23666,卖盘
2056,10:27:27,10.29,--,20,20580,卖盘
2057,10:27:24,10.29,--,60,62316,买盘
2058,10:27:18,10.29,0.01,200,205799,买盘
2059,10:27:12,10.28,-0.01,36,37008,卖盘
2060,10:27:09,10.29,0.01,4,4116,买盘
2061,10:27:06,10.28,-0.01,9,9252,卖盘
2062,10:27:03,10.29,--,1,1029,买盘
2063,10:26:57,10.29,--,1,1029,买盘
2064,10:26:54,10.29,--,39,40131,买盘
2065,10:26:45,10.29,--,30,30869,买盘
2066,10:26:42,10.29,0.01,20,20580,买盘
2067,10:26:39,10.28,-0.01,10,10280,卖盘
2068,10:26:36,10.29,--,2,2058,买盘
2069,10:26:33,10.29,--,5,5145,买盘
2070,10:26:30,10.29,0.01,1,1029,买盘
2071,10:26:24,10.28,-0.01,20,20560,卖盘
2072,10:26:21,10.29,--,11,11318,买盘
2073,10:26:12,10.29,0.01,33,33957,买盘
2074,10:26:09,10.28,--,17,17476,卖盘
2075,10:25:51,10.28,--,53,54484,卖盘
2076,10:25:33,10.28,-0.01,10,10280,卖盘
2077,10:25:21,10.29,0.01,95,98331,买盘
2078,10:25:15,10.28,-0.01,58,59623,卖盘
2079,10:25:12,10.29,--,1,1029,买盘
2080,10:24:42,10.29,0.01,19,19551,买盘
2081,10:24:39,10.28,-0.01,19,19532,卖盘
2082,10:24:09,10.29,0.01,50,51449,买盘
2083,10:24:03,10.28,--,107,110520,买盘
2084,10:23:51,10.28,--,300,308400,买盘
2085,10:23:42,10.28,0.01,2,2056,买盘
2086,10:23:39,10.27,-0.01,41,42682,卖盘
2087,10:23:36,10.28,--,1034,1063455,卖盘
2088,10:23:33,10.28,-0.01,677,695956,卖盘
2089,10:23:30,10.29,0.01,1,1029,买盘
2090,10:23:24,10.28,--,110,113080,卖盘
2091,10:23:21,10.28,--,1,1706,卖盘
2092,10:23:15,10.28,--,19,19532,卖盘
2093,10:23:12,10.28,--,208,214800,卖盘
2094,10:23:09,10.28,-0.01,331,340268,卖盘
2095,10:23:06,10.29,--,1,1029,卖盘
2096,10:22:57,10.29,--,30,30869,卖盘
2097,10:22:51,10.29,-0.01,7,7202,卖盘
2098,10:22:45,10.3,0.01,146,150380,买盘
2099,10:22:42,10.29,--,1,1347,卖盘
2100,10:22:33,10.29,--,20,20580,卖盘
2101,10:22:24,10.29,--,28,28811,卖盘
2102,10:22:21,10.29,--,129,133348,买盘
2103,10:22:15,10.29,-0.01,171,176380,卖盘
2104,10:22:09,10.3,0.01,1,1030,买盘
2105,10:22:03,10.29,-0.01,5,5145,卖盘
2106,10:22:00,10.3,0.01,10,10300,买盘
2107,10:21:51,10.29,--,341,350889,卖盘
2108,10:21:42,10.29,-0.01,1,1029,卖盘
2109,10:21:39,10.3,--,110,113300,买盘
2110,10:21:33,10.3,0.01,7,7210,买盘
2111,10:21:21,10.29,-0.01,300,308700,卖盘
2112,10:21:18,10.3,0.01,22,22660,买盘
2113,10:21:15,10.29,-0.01,41,42765,卖盘
2114,10:21:12,10.3,0.01,102,105060,买盘
2115,10:21:09,10.29,-0.01,10,10290,卖盘
2116,10:21:06,10.3,--,4,4120,买盘
2117,10:20:45,10.3,0.01,20,20600,买盘
2118,10:20:42,10.29,-0.01,30,30869,卖盘
2119,10:20:39,10.3,--,2,2060,买盘
2120,10:20:33,10.3,0.01,23,23690,买盘
2121,10:20:15,10.29,--,15,15434,卖盘
2122,10:20:06,10.29,--,50,51449,卖盘
2123,10:19:51,10.29,-0.01,28,28811,卖盘
2124,10:19:48,10.3,0.01,69,71070,买盘
2125,10:19:42,10.29,--,74,76146,卖盘
2126,10:19:36,10.29,--,12,12347,卖盘
2127,10:19:27,10.29,-0.01,9,9261,卖盘
2128,10:19:18,10.3,0.01,9,9270,买盘
2129,10:19:15,10.29,-0.01,3,3086,卖盘
2130,10:19:12,10.3,--,10,10300,买盘
2131,10:19:09,10.3,0.01,43,44866,买盘
2132,10:19:03,10.29,--,5,5145,卖盘
2133,10:18:57,10.29,--,336,345744,卖盘
2134,10:18:54,10.29,-0.01,28,28811,卖盘
2135,10:18:51,10.3,--,226,232780,买盘
2136,10:18:42,10.3,--,97,99910,买盘
2137,10:18:30,10.3,--,5,5150,买盘
2138,10:18:21,10.3,--,30,30900,买盘
2139,10:18:15,10.3,--,1,1030,买盘
2140,10:18:06,10.3,0.01,1,1030,买盘
2141,10:18:03,10.29,-0.01,20,20580,卖盘
2142,10:17:51,10.3,0.01,20,20600,买盘
2143,10:17:45,10.29,--,283,291207,卖盘
2144,10:17:30,10.29,-0.01,66,67914,卖盘
2145,10:17:24,10.3,0.01,3,3090,买盘
2146,10:17:21,10.29,--,110,113189,卖盘
2147,10:17:18,10.29,-0.01,66,67914,卖盘
2148,10:17:15,10.3,0.01,10,10300,买盘
2149,10:17:06,10.29,-0.01,41,42765,卖盘
2150,10:17:00,10.3,--,215,221450,买盘
2151,10:16:57,10.3,--,40,41200,买盘
2152,10:16:45,10.3,0.01,60,61800,买盘
2153,10:16:36,10.29,-0.01,66,67914,卖盘
2154,10:16:33,10.3,0.01,20,20600,买盘
2155,10:16:30,10.29,-0.01,20,20580,卖盘
2156,10:16:27,10.3,0.01,50,51500,买盘
2157,10:16:21,10.29,--,7,7202,卖盘
2158,10:16:12,10.29,-0.01,10,10290,卖盘
2159,10:16:06,10.3,--,40,41200,买盘
2160,10:15:48,10.3,--,24,24720,买盘
2161,10:15:42,10.3,0.01,55,56650,买盘
2162,10:15:39,10.29,--,10,10290,卖盘
2163,10:15:36,10.29,--,4,5052,买盘
2164,10:15:30,10.29,--,97,99812,买盘
2165,10:15:24,10.29,0.01,1,1029,买盘
2166,10:15:21,10.28,-0.01,20,20560,卖盘
2167,10:15:18,10.29,--,5,5145,买盘
2168,10:15:15,10.29,0.01,196,201683,买盘
2169,10:15:12,10.28,-0.01,67,68876,卖盘
2170,10:15:03,10.29,0.01,5,5145,买盘
2171,10:15:00,10.28,-0.01,374,385140,卖盘
2172,10:14:54,10.29,--,13,14313,卖盘
2173,10:14:45,10.29,-0.01,20,20580,卖盘
2174,10:14:42,10.3,0.01,50,51500,买盘
2175,10:14:39,10.29,-0.01,2,2058,卖盘
2176,10:14:33,10.3,0.01,5,5150,买盘
2177,10:14:21,10.29,0.01,461,474368,买盘
2178,10:14:18,10.28,--,30,30839,卖盘
2179,10:14:15,10.28,--,40,41120,卖盘
2180,10:14:12,10.28,-0.01,7,7196,卖盘
2181,10:14:09,10.29,0.01,20,20580,买盘
2182,10:13:57,10.28,--,100,102800,卖盘
2183,10:13:54,10.28,-0.01,12,12336,卖盘
2184,10:13:51,10.29,0.01,10,10290,买盘
2185,10:13:45,10.28,-0.01,10,10280,卖盘
2186,10:13:42,10.29,--,10,10290,买盘
2187,10:13:39,10.29,--,3,3086,买盘
2188,10:13:30,10.29,0.01,178,183161,买盘
2189,10:13:27,10.28,-0.01,38,39064,卖盘
2190,10:13:24,10.29,--,10,10290,买盘
2191,10:13:21,10.29,--,9,9261,买盘
2192,10:13:15,10.29,--,2,2058,买盘
2193,10:13:12,10.29,--,9,9261,买盘
2194,10:13:09,10.29,0.01,20,20580,买盘
2195,10:13:06,10.28,-0.01,1,1028,卖盘
2196,10:13:03,10.29,--,1,1029,买盘
2197,10:13:00,10.29,0.01,28,28811,买盘
2198,10:12:57,10.28,--,41,42723,卖盘
2199,10:12:45,10.28,--,20,20560,卖盘
2200,10:12:42,10.28,--,10,10280,卖盘
2201,10:12:39,10.28,-0.01,500,513999,卖盘
2202,10:12:33,10.29,0.01,39,40131,买盘
2203,10:12:30,10.28,--,50,51400,卖盘
2204,10:12:24,10.28,--,35,35980,卖盘
2205,10:12:15,10.28,-0.01,15,15419,卖盘
2206,10:11:54,10.29,--,1,1029,买盘
2207,10:11:36,10.29,--,66,67914,买盘
2208,10:11:30,10.29,0.01,1,1029,买盘
2209,10:11:21,10.28,--,12,12336,卖盘
2210,10:11:15,10.28,--,30,30839,卖盘
2211,10:10:57,10.28,--,66,68033,卖盘
2212,10:10:54,10.28,--,40,41510,卖盘
2213,10:10:51,10.28,--,9,9252,卖盘
2214,10:10:45,10.28,-0.01,12,12336,卖盘
2215,10:10:42,10.29,0.01,5,5145,买盘
2216,10:10:27,10.28,-0.01,19,19532,卖盘
2217,10:10:24,10.29,--,5,5145,买盘
2218,10:10:12,10.29,0.01,1,1029,买盘
2219,10:10:09,10.28,-0.01,25,25700,卖盘
2220,10:10:03,10.29,--,1,1029,买盘
2221,10:10:00,10.29,--,5,5145,买盘
2222,10:09:39,10.29,--,26,26753,买盘
2223,10:09:36,10.29,--,49,50420,买盘
2224,10:09:33,10.29,0.01,5,5145,买盘
2225,10:09:24,10.28,-0.01,400,411200,卖盘
2226,10:09:00,10.29,0.01,10,10290,买盘
2227,10:08:57,10.28,--,171,175788,卖盘
2228,10:08:48,10.28,-0.01,41,42723,卖盘
2229,10:08:42,10.29,0.01,1,1029,买盘
2230,10:08:36,10.28,-0.01,1,1028,卖盘
2231,10:08:33,10.29,--,20,20580,卖盘
2232,10:08:27,10.29,--,6,6173,卖盘
2233,10:08:15,10.29,-0.01,127,130682,卖盘
2234,10:08:12,10.3,0.01,29,29870,买盘
2235,10:08:06,10.29,--,4,4116,卖盘
2236,10:08:00,10.29,--,40,41160,卖盘
2237,10:07:57,10.29,--,5,5145,卖盘
2238,10:07:54,10.29,-0.01,50,51449,卖盘
2239,10:07:48,10.3,0.01,4,4120,买盘
2240,10:07:45,10.29,--,123,126566,卖盘
2241,10:07:39,10.29,-0.01,21,21609,卖盘
2242,10:07:33,10.3,0.01,3,3090,买盘
2243,10:07:30,10.29,-0.01,5,5145,卖盘
2244,10:07:24,10.3,0.01,1,1030,买盘
2245,10:07:21,10.29,--,65,66885,卖盘
2246,10:07:09,10.29,--,56,57623,买盘
2247,10:07:03,10.29,--,7,7202,买盘
2248,10:06:57,10.29,--,17,17493,买盘
2249,10:06:42,10.29,--,39,40131,买盘
2250,10:06:36,10.29,--,38,39102,买盘
2251,10:06:30,10.29,0.01,22,22637,买盘
2252,10:06:27,10.28,--,9,9252,卖盘
2253,10:06:24,10.28,--,134,137752,卖盘
2254,10:06:21,10.28,-0.01,120,123359,卖盘
2255,10:06:18,10.29,0.01,1,1029,买盘
2256,10:06:12,10.28,-0.01,30,30839,卖盘
2257,10:06:09,10.29,0.01,1000,1028999,买盘
2258,10:06:06,10.28,--,8,8224,卖盘
2259,10:06:00,10.28,-0.01,20,20560,卖盘
2260,10:05:54,10.29,--,361,371468,买盘
2261,10:05:51,10.29,0.01,65,66885,买盘
2262,10:05:45,10.28,--,100,102800,卖盘
2263,10:05:42,10.28,-0.01,6,6774,卖盘
2264,10:05:36,10.29,--,3,3086,买盘
2265,10:05:30,10.29,0.01,10,10290,买盘
2266,10:05:27,10.28,--,5,5140,卖盘
2267,10:05:09,10.28,--,2,2056,卖盘
2268,10:05:03,10.28,--,111,114108,买盘
2269,10:05:00,10.28,--,15,15419,买盘
2270,10:04:57,10.28,--,100,102800,买盘
2271,10:04:54,10.28,--,2,2056,买盘
2272,10:04:45,10.28,--,3,3084,买盘
2273,10:04:42,10.28,--,21,21588,买盘
2274,10:04:36,10.28,-0.01,657,675396,卖盘
2275,10:04:24,10.29,0.01,19,19551,买盘
2276,10:04:21,10.28,-0.01,10,10280,卖盘
2277,10:04:09,10.29,--,19,19551,买盘
2278,10:04:03,10.29,--,20,20580,买盘
2279,10:03:57,10.29,--,98,100841,买盘
2280,10:03:48,10.29,0.01,2,2058,买盘
2281,10:03:45,10.28,--,200,205600,卖盘
2282,10:03:18,10.28,--,195,200460,买盘
2283,10:03:12,10.28,--,83,85324,买盘
2284,10:03:03,10.28,--,10,10280,买盘
2285,10:02:57,10.28,--,5,5140,买盘
2286,10:02:48,10.28,--,28,28784,买盘
2287,10:02:45,10.28,0.01,10,10280,买盘
2288,10:02:33,10.27,-0.01,5,5956,卖盘
2289,10:02:27,10.28,0.01,10,10280,买盘
2290,10:02:24,10.27,-0.01,15,15405,卖盘
2291,10:02:15,10.28,--,225,231300,卖盘
2292,10:02:09,10.28,--,20,20560,卖盘
2293,10:02:03,10.28,0.01,569,584932,买盘
2294,10:01:57,10.27,--,1,1027,卖盘
2295,10:01:51,10.27,--,20,20540,卖盘
2296,10:01:39,10.27,-0.01,85,87295,卖盘
2297,10:01:33,10.28,0.01,108,111024,买盘
2298,10:01:30,10.27,-0.01,21,22398,卖盘
2299,10:01:24,10.28,0.01,15,15419,买盘
2300,10:01:21,10.27,--,110,112970,卖盘
2301,10:01:15,10.27,-0.01,9,9243,卖盘
2302,10:01:09,10.28,--,30,30839,买盘
2303,10:01:06,10.28,0.01,5,5140,买盘
2304,10:01:03,10.27,--,55,56485,卖盘
2305,10:00:54,10.27,--,10,10270,卖盘
2306,10:00:51,10.27,--,266,273182,卖盘
2307,10:00:48,10.27,-0.01,110,112970,卖盘
2308,10:00:45,10.28,--,121,124387,买盘
2309,10:00:42,10.28,0.01,11,11308,买盘
2310,10:00:39,10.27,-0.01,3,3081,卖盘
2311,10:00:36,10.28,0.01,100,102800,买盘
2312,10:00:33,10.27,--,19,19513,卖盘
2313,10:00:30,10.27,--,109,111943,卖盘
2314,10:00:27,10.27,--,470,482690,卖盘
2315,10:00:24,10.27,--,243,249561,卖盘
2316,10:00:18,10.27,--,110,112970,卖盘
2317,10:00:15,10.27,-0.01,110,112970,卖盘
2318,10:00:12,10.28,--,133,136724,买盘
2319,10:00:09,10.28,--,10,10280,买盘
2320,10:00:06,10.28,--,21,21588,买盘
2321,10:00:03,10.28,--,31,31867,买盘
2322,10:00:00,10.28,0.01,200,205600,买盘
2323,09:59:51,10.27,-0.01,20,20540,卖盘
2324,09:59:42,10.28,--,12,12336,买盘
2325,09:59:39,10.28,0.01,10,10280,买盘
2326,09:59:36,10.27,--,4,4108,卖盘
2327,09:59:33,10.27,-0.01,5,5135,卖盘
2328,09:59:30,10.28,--,14,14392,买盘
2329,09:59:27,10.28,0.01,2,2056,买盘
2330,09:59:21,10.27,--,15,15405,卖盘
2331,09:59:18,10.27,--,59,60593,卖盘
2332,09:59:15,10.27,-0.01,50,51350,卖盘
2333,09:59:12,10.28,0.01,4,4112,买盘
2334,09:59:09,10.27,-0.01,96,98592,卖盘
2335,09:58:57,10.28,0.01,4,4112,买盘
2336,09:58:54,10.27,--,50,51350,卖盘
2337,09:58:51,10.27,-0.01,2,2054,卖盘
2338,09:58:42,10.28,0.01,42,43176,买盘
2339,09:58:39,10.27,-0.01,76,78052,卖盘
2340,09:58:36,10.28,0.01,5,5140,买盘
2341,09:58:33,10.27,-0.01,205,210535,卖盘
2342,09:58:30,10.28,--,5,5140,买盘
2343,09:58:24,10.28,--,135,138780,买盘
2344,09:58:21,10.28,--,50,51400,买盘
2345,09:58:18,10.28,--,50,51400,买盘
2346,09:58:09,10.28,0.01,21,21588,买盘
2347,09:58:03,10.27,--,7,7189,卖盘
2348,09:58:00,10.27,-0.01,2,2054,卖盘
2349,09:57:57,10.28,--,51,52428,买盘
2350,09:57:51,10.28,--,4,4112,买盘
2351,09:57:42,10.28,0.01,19,19532,买盘
2352,09:57:39,10.27,--,238,244426,卖盘
2353,09:57:33,10.27,--,51,52377,卖盘
2354,09:57:30,10.27,-0.01,10,10270,卖盘
2355,09:57:27,10.28,--,6,6168,买盘
2356,09:57:18,10.28,0.01,3,3084,买盘
2357,09:57:15,10.27,--,18,18486,卖盘
2358,09:57:12,10.27,--,20,20540,卖盘
2359,09:57:06,10.27,--,213,219151,买盘
2360,09:57:03,10.27,0.01,55,56485,买盘
2361,09:57:00,10.26,-0.01,9,9234,卖盘
2362,09:56:57,10.27,--,47,48269,买盘
2363,09:56:54,10.27,--,10,10270,买盘
2364,09:56:51,10.27,--,21,21567,买盘
2365,09:56:48,10.27,--,713,732251,买盘
2366,09:56:45,10.27,--,10,10270,买盘
2367,09:56:42,10.27,--,66,67782,买盘
2368,09:56:39,10.27,0.01,25,25675,买盘
2369,09:56:36,10.26,--,130,133380,卖盘
2370,09:56:33,10.26,--,97,99522,买盘
2371,09:56:30,10.26,-0.01,1964,2015279,卖盘
2372,09:56:27,10.27,0.01,33,33891,买盘
2373,09:56:24,10.26,-0.01,64,65664,卖盘
2374,09:56:21,10.27,0.01,39,40053,买盘
2375,09:56:18,10.26,-0.01,600,615600,卖盘
2376,09:56:15,10.27,--,251,257777,买盘
2377,09:56:12,10.27,0.01,83,85241,买盘
2378,09:56:06,10.26,--,521,534997,买盘
2379,09:56:03,10.26,--,36,36936,买盘
2380,09:55:57,10.26,--,390,400919,卖盘
2381,09:55:54,10.26,-0.01,1510,1550101,卖盘
2382,09:55:51,10.27,0.01,83,85241,买盘
2383,09:55:45,10.26,-0.01,24,24624,卖盘
2384,09:55:42,10.27,--,11,11297,买盘
2385,09:55:39,10.27,0.01,3,3081,买盘
2386,09:55:36,10.26,-0.01,13,13338,卖盘
2387,09:55:33,10.27,0.01,21,21567,买盘
2388,09:55:30,10.26,--,4,4104,卖盘
2389,09:55:27,10.26,--,51,52326,卖盘
2390,09:55:24,10.26,--,109,111834,卖盘
2391,09:55:21,10.26,--,4,4534,卖盘
2392,09:55:15,10.26,-0.01,212,217512,卖盘
2393,09:55:12,10.27,--,10,10270,买盘
2394,09:55:09,10.27,0.01,66,67782,买盘
2395,09:55:06,10.26,-0.01,40,41040,卖盘
2396,09:55:03,10.27,0.01,54,55458,买盘
2397,09:55:00,10.26,-0.01,367,376542,卖盘
2398,09:54:57,10.27,0.01,250,256750,买盘
2399,09:54:51,10.26,--,50,51300,卖盘
2400,09:54:48,10.26,-0.01,3,3078,卖盘
2401,09:54:45,10.27,0.01,10,10270,买盘
2402,09:54:42,10.26,--,30,30780,卖盘
2403,09:54:39,10.26,--,100,102600,卖盘
2404,09:54:36,10.26,-0.01,128,131328,卖盘
2405,09:54:33,10.27,0.01,5,5135,买盘
2406,09:54:27,10.26,--,794,814644,买盘
2407,09:54:24,10.26,0.01,36,36936,买盘
2408,09:54:21,10.25,-0.01,58,59450,卖盘
2409,09:54:18,10.26,--,438,449388,买盘
2410,09:54:15,10.26,-0.01,805,826186,卖盘
2411,09:54:12,10.27,0.01,103,105781,买盘
2412,09:54:09,10.26,--,271,278240,卖盘
2413,09:54:06,10.26,-0.01,350,359100,卖盘
2414,09:54:03,10.27,0.01,6,6162,买盘
2415,09:54:00,10.26,--,110,112860,买盘
2416,09:53:57,10.26,--,23,23598,买盘
2417,09:53:54,10.26,--,1097,1125522,卖盘
2418,09:53:51,10.26,--,410,420660,卖盘
2419,09:53:48,10.26,-0.01,1003,1029078,卖盘
2420,09:53:45,10.27,--,337,346099,买盘
2421,09:53:42,10.27,--,82,84214,买盘
2422,09:53:39,10.27,--,17,17459,买盘
2423,09:53:36,10.27,--,32,32864,买盘
2424,09:53:30,10.27,--,82,84214,买盘
2425,09:53:27,10.27,--,65,66755,买盘
2426,09:53:24,10.27,--,373,383071,买盘
2427,09:53:21,10.27,--,20,20540,买盘
2428,09:53:18,10.27,-0.01,1708,1754116,卖盘
2429,09:53:09,10.28,--,62,63735,买盘
2430,09:53:06,10.28,--,2166,2226648,卖盘
2431,09:53:03,10.28,--,910,935480,卖盘
2432,09:53:00,10.28,--,14,14392,卖盘
2433,09:52:54,10.28,--,91,93548,卖盘
2434,09:52:51,10.28,--,50,51400,卖盘
2435,09:52:48,10.28,-0.01,19,19532,卖盘
2436,09:52:45,10.29,--,144,148176,买盘
2437,09:52:42,10.29,0.01,10,10290,买盘
2438,09:52:39,10.28,--,49,50372,卖盘
2439,09:52:36,10.28,-0.01,2,2056,卖盘
2440,09:52:33,10.29,--,2043,2103080,卖盘
2441,09:52:30,10.29,-0.01,120,123479,卖盘
2442,09:52:27,10.3,0.01,69,71070,买盘
2443,09:52:24,10.29,-0.01,49,50420,卖盘
2444,09:52:21,10.3,--,51,52530,买盘
2445,09:52:18,10.3,0.01,868,894040,买盘
2446,09:52:15,10.29,--,21,21609,卖盘
2447,09:52:12,10.29,-0.01,544,559776,卖盘
2448,09:52:09,10.3,--,10,10300,买盘
2449,09:52:06,10.3,0.01,14,14420,买盘
2450,09:52:03,10.29,-0.01,28,28811,卖盘
2451,09:52:00,10.3,--,13,13390,买盘
2452,09:51:57,10.3,--,26,26780,买盘
2453,09:51:54,10.3,--,6,6180,买盘
2454,09:51:51,10.3,0.01,110,113300,买盘
2455,09:51:48,10.29,-0.01,494,508325,卖盘
2456,09:51:45,10.3,--,20,20600,买盘
2457,09:51:42,10.3,--,79,81370,买盘
2458,09:51:36,10.3,--,5,5150,买盘
2459,09:51:30,10.3,--,72,74160,买盘
2460,09:51:27,10.3,--,161,165830,买盘
2461,09:51:24,10.3,--,211,217330,买盘
2462,09:51:21,10.3,--,149,153470,买盘
2463,09:51:18,10.3,--,5,5150,买盘
2464,09:51:15,10.3,--,132,135960,买盘
2465,09:51:09,10.3,--,57,58710,买盘
2466,09:51:03,10.3,--,103,106090,买盘
2467,09:50:57,10.3,--,10,10300,买盘
2468,09:50:54,10.3,0.01,36,37080,买盘
2469,09:50:51,10.29,-0.01,64,65856,卖盘
2470,09:50:42,10.3,--,29,30076,买盘
2471,09:50:39,10.3,--,80,82400,买盘
2472,09:50:36,10.3,--,28,28840,买盘
2473,09:50:33,10.3,--,31,31930,买盘
2474,09:50:24,10.3,--,7,7210,买盘
2475,09:50:21,10.3,--,110,113300,买盘
2476,09:50:15,10.3,0.01,52,53560,买盘
2477,09:50:12,10.29,--,10,10290,卖盘
2478,09:50:09,10.29,--,260,267540,卖盘
2479,09:50:06,10.29,-0.01,150,154350,卖盘
2480,09:50:03,10.3,--,244,251320,买盘
2481,09:50:00,10.3,--,8,8240,买盘
2482,09:49:51,10.3,--,15,15450,买盘
2483,09:49:48,10.3,--,3,3090,买盘
2484,09:49:42,10.3,0.01,5,5150,买盘
2485,09:49:36,10.29,-0.01,3,3086,卖盘
2486,09:49:33,10.3,--,50,51500,买盘
2487,09:49:30,10.3,--,11,11330,买盘
2488,09:49:24,10.3,--,150,154500,买盘
2489,09:49:18,10.3,0.01,92,94760,买盘
2490,09:49:12,10.29,-0.01,119,122450,卖盘
2491,09:49:09,10.3,--,32,32960,买盘
2492,09:49:03,10.3,--,20,20600,买盘
2493,09:49:00,10.3,0.01,4,4120,买盘
2494,09:48:42,10.29,--,26,26753,卖盘
2495,09:48:39,10.29,-0.01,50,51449,卖盘
2496,09:48:36,10.3,0.01,15,15450,买盘
2497,09:48:33,10.29,-0.01,215,221234,卖盘
2498,09:48:30,10.3,--,29,29870,买盘
2499,09:48:27,10.3,--,267,275010,买盘
2500,09:48:24,10.3,--,97,99910,买盘
2501,09:48:18,10.3,0.01,101,104030,买盘
2502,09:48:12,10.29,-0.01,20,20580,卖盘
2503,09:48:09,10.3,--,1,1030,买盘
2504,09:48:06,10.3,0.01,2,2060,买盘
2505,09:48:03,10.29,--,79,81291,卖盘
2506,09:47:57,10.29,--,120,123479,卖盘
2507,09:47:54,10.29,--,20,20580,卖盘
2508,09:47:51,10.29,--,105,108044,卖盘
2509,09:47:48,10.29,--,3,3086,卖盘
2510,09:47:45,10.29,-0.01,31,31898,卖盘
2511,09:47:42,10.3,--,200,206000,买盘
2512,09:47:36,10.3,0.01,20,20600,买盘
2513,09:47:30,10.29,--,2,2058,卖盘
2514,09:47:27,10.29,--,40,41160,卖盘
2515,09:47:24,10.29,--,30,30869,卖盘
2516,09:47:18,10.29,-0.01,30,30869,卖盘
2517,09:47:15,10.3,--,8,8240,买盘
2518,09:47:12,10.3,0.01,30,30900,买盘
2519,09:47:09,10.29,--,25,25724,卖盘
2520,09:47:06,10.29,--,397,408512,卖盘
2521,09:47:03,10.29,--,150,154350,卖盘
2522,09:47:00,10.29,--,238,244901,卖盘
2523,09:46:48,10.29,--,5,5145,卖盘
2524,09:46:45,10.29,-0.01,10,10290,卖盘
2525,09:46:42,10.3,--,294,302820,买盘
2526,09:46:39,10.3,--,49,50470,买盘
2527,09:46:33,10.3,--,198,203940,买盘
2528,09:46:30,10.3,0.01,154,158620,买盘
2529,09:46:27,10.29,--,1290,1328428,卖盘
2530,09:46:21,10.29,-0.01,100,102899,卖盘
2531,09:46:18,10.3,0.01,25,25750,买盘
2532,09:46:15,10.29,--,325,334425,卖盘
2533,09:46:12,10.29,-0.01,5,5145,卖盘
2534,09:46:09,10.3,0.01,10,10300,买盘
2535,09:46:06,10.29,-0.01,100,102899,卖盘
2536,09:46:00,10.3,--,14,14420,买盘
2537,09:45:57,10.3,0.01,19,19570,买盘
2538,09:45:48,10.29,-0.01,100,102899,卖盘
2539,09:45:45,10.3,--,70,72100,买盘
2540,09:45:42,10.3,--,10,10300,买盘
2541,09:45:39,10.3,0.01,4,4120,买盘
2542,09:45:36,10.29,-0.01,25,25724,卖盘
2543,09:45:33,10.3,0.01,111,114330,买盘
2544,09:45:30,10.29,-0.01,10,10290,卖盘
2545,09:45:27,10.3,0.01,18,18540,买盘
2546,09:45:24,10.29,--,26,26753,卖盘
2547,09:45:21,10.29,-0.01,2,2058,卖盘
2548,09:45:18,10.3,0.01,5,5150,买盘
2549,09:45:12,10.29,-0.01,2,2058,卖盘
2550,09:45:09,10.3,--,33,33990,买盘
2551,09:45:03,10.3,0.01,100,103000,买盘
2552,09:45:00,10.29,-0.01,65,66885,卖盘
2553,09:44:54,10.3,--,31,31930,买盘
2554,09:44:51,10.3,--,3,3090,买盘
2555,09:44:48,10.3,--,35,36050,买盘
2556,09:44:45,10.3,--,10,10300,买盘
2557,09:44:42,10.3,--,64,65920,卖盘
2558,09:44:36,10.3,--,14,14420,卖盘
2559,09:44:30,10.3,-0.01,10,10300,卖盘
2560,09:44:21,10.31,0.01,1190,1227426,买盘
2561,09:44:15,10.3,-0.01,5,5150,卖盘
2562,09:44:12,10.31,0.01,19,19589,买盘
2563,09:44:09,10.3,--,60,61800,卖盘
2564,09:44:06,10.3,--,1377,1418804,卖盘
2565,09:43:57,10.3,-0.01,40,41200,卖盘
2566,09:43:54,10.31,--,4,4124,买盘
2567,09:43:51,10.31,0.01,5,5155,买盘
2568,09:43:48,10.3,--,510,525300,卖盘
2569,09:43:42,10.3,-0.01,4,4120,卖盘
2570,09:43:39,10.31,--,527,543337,买盘
2571,09:43:36,10.31,0.01,81,83511,买盘
2572,09:43:30,10.3,-0.01,45,46350,卖盘
2573,09:43:12,10.31,--,10,10310,买盘
2574,09:43:00,10.31,--,3,3093,买盘
2575,09:42:51,10.31,--,15,15465,买盘
2576,09:42:48,10.31,--,125,128875,买盘
2577,09:42:45,10.31,--,10,10310,买盘
2578,09:42:42,10.31,--,4,4124,买盘
2579,09:42:39,10.31,--,11,11341,买盘
2580,09:42:36,10.31,--,3,3093,买盘
2581,09:42:33,10.31,0.01,4,4124,买盘
2582,09:42:27,10.3,-0.01,70,72100,卖盘
2583,09:42:24,10.31,--,2,2062,买盘
2584,09:42:15,10.31,0.01,6,6186,买盘
2585,09:42:12,10.3,--,8,8240,买盘
2586,09:42:09,10.3,-0.01,3997,4117816,卖盘
2587,09:42:06,10.31,--,39,40209,买盘
2588,09:42:03,10.31,--,34,35054,买盘
2589,09:42:00,10.31,--,51,52581,买盘
2590,09:41:57,10.31,0.01,20,20620,买盘
2591,09:41:54,10.3,--,27,27810,卖盘
2592,09:41:51,10.3,--,155,159650,卖盘
2593,09:41:45,10.3,--,5,5150,卖盘
2594,09:41:42,10.3,-0.01,7,7210,卖盘
2595,09:41:39,10.31,--,2000,2062000,买盘
2596,09:41:36,10.31,--,127,130937,买盘
2597,09:41:33,10.31,0.01,290,298990,买盘
2598,09:41:27,10.3,--,24,24720,卖盘
2599,09:41:24,10.3,--,33,33990,卖盘
2600,09:41:18,10.3,--,5,5150,卖盘
2601,09:41:15,10.3,--,30,30900,卖盘
2602,09:41:12,10.3,-0.01,1,1153,卖盘
2603,09:41:06,10.31,0.01,35,36085,买盘
2604,09:41:03,10.3,--,20,20600,卖盘
2605,09:40:57,10.3,-0.01,49,50470,卖盘
2606,09:40:51,10.31,0.01,10,10310,买盘
2607,09:40:45,10.3,--,22,22660,卖盘
2608,09:40:42,10.3,-0.01,4,4120,卖盘
2609,09:40:39,10.31,--,10,10310,买盘
2610,09:40:36,10.31,0.01,58,59798,买盘
2611,09:40:33,10.3,-0.01,13,13390,卖盘
2612,09:40:27,10.31,0.01,66,68674,卖盘
2613,09:40:18,10.3,--,73,75591,买盘
2614,09:40:15,10.3,-0.01,1926,1984408,卖盘
2615,09:40:09,10.31,-0.01,100,103100,卖盘
2616,09:40:03,10.32,0.01,3,3096,买盘
2617,09:40:00,10.31,-0.01,2,2062,卖盘
2618,09:39:54,10.32,--,5,5160,买盘
2619,09:39:51,10.32,--,10,10320,买盘
2620,09:39:48,10.32,0.01,8,8256,买盘
2621,09:39:36,10.31,-0.01,1001,1032031,卖盘
2622,09:39:33,10.32,0.01,8,8256,买盘
2623,09:39:24,10.31,--,48,49488,卖盘
2624,09:39:18,10.31,-0.01,64,65984,卖盘
2625,09:39:15,10.32,0.01,47,48504,买盘
2626,09:39:12,10.31,-0.01,2,2062,卖盘
2627,09:39:09,10.32,0.01,2,2064,买盘
2628,09:39:00,10.31,-0.01,1,1031,卖盘
2629,09:38:57,10.32,0.01,11,11352,买盘
2630,09:38:54,10.31,--,5,5155,卖盘
2631,09:38:51,10.31,-0.01,8,8248,卖盘
2632,09:38:48,10.32,--,23,23736,买盘
2633,09:38:45,10.32,0.01,20,20640,买盘
2634,09:38:36,10.31,-0.01,65,67015,卖盘
2635,09:38:33,10.32,--,7,7224,买盘
2636,09:38:24,10.32,-0.01,93,95976,卖盘
2637,09:38:18,10.33,0.01,3,3099,买盘
2638,09:38:15,10.32,--,700,722400,卖盘
2639,09:38:09,10.32,0.01,32,33024,中性盘
2640,09:38:06,10.31,-0.02,4500,4639500,卖盘
2641,09:37:57,10.33,0.01,15,15495,买盘
2642,09:37:54,10.32,--,76,78432,卖盘
2643,09:37:48,10.32,--,929,958728,卖盘
2644,09:37:45,10.32,-0.01,9,9288,卖盘
2645,09:37:42,10.33,--,14,14462,买盘
2646,09:37:39,10.33,--,9,9297,买盘
2647,09:37:36,10.33,0.01,4,4132,买盘
2648,09:37:33,10.32,-0.01,40,41280,卖盘
2649,09:37:30,10.33,--,94,97102,买盘
2650,09:37:24,10.33,--,93,96069,买盘
2651,09:37:21,10.33,--,14,14462,买盘
2652,09:37:18,10.33,--,10,10330,买盘
2653,09:37:12,10.33,--,32,33056,买盘
2654,09:37:09,10.33,--,3,3099,买盘
2655,09:37:03,10.33,--,95,98135,买盘
2656,09:37:00,10.33,--,20,20660,买盘
2657,09:36:48,10.33,--,20,20660,买盘
2658,09:36:45,10.33,--,2520,2603263,买盘
2659,09:36:42,10.33,--,12,12396,买盘
2660,09:36:39,10.33,--,19,19627,买盘
2661,09:36:36,10.33,--,39,40287,买盘
2662,09:36:33,10.33,--,1,1033,买盘
2663,09:36:30,10.33,--,24,24792,买盘
2664,09:36:27,10.33,--,365,377045,买盘
2665,09:36:24,10.33,--,16,16528,买盘
2666,09:36:21,10.33,--,5,5165,买盘
2667,09:36:18,10.33,--,8,8264,买盘
2668,09:36:15,10.33,--,24,25101,买盘
2669,09:36:12,10.33,--,20,20660,买盘
2670,09:36:09,10.33,0.01,39,40287,买盘
2671,09:36:06,10.32,-0.01,3,3405,卖盘
2672,09:36:03,10.33,0.01,1,1033,买盘
2673,09:36:00,10.32,--,10,10320,卖盘
2674,09:35:57,10.32,--,11,11352,卖盘
2675,09:35:54,10.32,--,178,184408,买盘
2676,09:35:51,10.32,--,1,1032,买盘
2677,09:35:45,10.32,0.01,99,102168,买盘
2678,09:35:42,10.31,-0.01,2,2062,卖盘
2679,09:35:39,10.32,--,10,10320,买盘
2680,09:35:33,10.32,--,7,7224,买盘
2681,09:35:30,10.32,--,23,23736,买盘
2682,09:35:24,10.32,--,20,20640,买盘
2683,09:35:21,10.32,--,19,19608,买盘
2684,09:35:18,10.32,0.01,54,55728,买盘
2685,09:35:15,10.31,--,81,83511,买盘
2686,09:35:12,10.31,0.01,45,46395,买盘
2687,09:35:09,10.3,-0.01,217,223510,卖盘
2688,09:35:06,10.31,--,15,15465,买盘
2689,09:35:03,10.31,-0.01,88,90728,卖盘
2690,09:35:00,10.32,0.03,252,260064,买盘
2691,09:34:57,10.29,-0.02,3723,3831697,卖盘
2692,09:34:54,10.31,--,89,91759,买盘
2693,09:34:51,10.31,--,14,14434,买盘
2694,09:34:48,10.31,--,43,44333,买盘
2695,09:34:45,10.31,--,220,227118,买盘
2696,09:34:42,10.31,--,4,4124,买盘
2697,09:34:39,10.31,--,133,137123,买盘
2698,09:34:36,10.31,0.01,25,25775,买盘
2699,09:34:30,10.3,--,5,5150,卖盘
2700,09:34:27,10.3,-0.01,50,51500,卖盘
2701,09:34:24,10.31,--,27,27837,买盘
2702,09:34:21,10.31,--,65,67015,买盘
2703,09:34:18,10.31,--,28,28868,买盘
2704,09:34:15,10.31,--,400,412400,买盘
2705,09:34:12,10.31,--,20,20620,买盘
2706,09:34:09,10.31,--,2,2062,买盘
2707,09:34:06,10.31,--,9,9279,买盘
2708,09:34:00,10.31,0.01,4,4124,买盘
2709,09:33:57,10.3,-0.01,80,82400,卖盘
2710,09:33:54,10.31,0.01,1,1031,买盘
2711,09:33:51,10.3,--,107,110210,卖盘
2712,09:33:48,10.3,-0.01,1000,1030000,卖盘
2713,09:33:45,10.31,--,168,173208,买盘
2714,09:33:42,10.31,--,13,13403,买盘
2715,09:33:39,10.31,--,5,5155,买盘
2716,09:33:36,10.31,-0.01,1349,1390819,卖盘
2717,09:33:33,10.32,--,5,5160,买盘
2718,09:33:30,10.32,--,110,113520,买盘
2719,09:33:27,10.32,--,31,31992,买盘
2720,09:33:24,10.32,--,122,125904,买盘
2721,09:33:21,10.32,--,19,19608,买盘
2722,09:33:15,10.32,--,1,1032,买盘
2723,09:33:12,10.32,--,50,51600,买盘
2724,09:33:09,10.32,--,4,4128,买盘
2725,09:33:06,10.32,--,49,50568,买盘
2726,09:33:03,10.32,--,20,20640,买盘
2727,09:33:00,10.32,-0.01,216,223531,卖盘
2728,09:32:57,10.33,--,1,1033,买盘
2729,09:32:54,10.33,0.01,19,19627,买盘
2730,09:32:51,10.32,--,499,514968,卖盘
2731,09:32:48,10.32,-0.01,55,56760,卖盘
2732,09:32:42,10.33,--,20,20660,买盘
2733,09:32:39,10.33,0.01,12,12396,买盘
2734,09:32:27,10.32,--,26,27244,买盘
2735,09:32:24,10.32,--,8,8256,买盘
2736,09:32:21,10.32,--,30,30960,买盘
2737,09:32:15,10.32,-0.01,362,374203,卖盘
2738,09:32:12,10.33,--,100,103300,买盘
2739,09:32:09,10.33,0.01,24,24792,买盘
2740,09:32:06,10.32,-0.01,82,84624,卖盘
2741,09:32:00,10.33,0.01,16,16528,买盘
2742,09:31:45,10.32,--,5,5160,卖盘
2743,09:31:42,10.32,--,0,412,卖盘
2744,09:31:39,10.32,--,86,88752,卖盘
2745,09:31:36,10.32,-0.01,50,51600,卖盘
2746,09:31:30,10.33,0.01,9,9297,买盘
2747,09:31:21,10.32,--,56,57792,卖盘
2748,09:31:18,10.32,--,3,3096,卖盘
2749,09:31:15,10.32,--,40,41280,买盘
2750,09:31:09,10.32,0.01,331,341592,买盘
2751,09:30:57,10.31,-0.01,62,63922,卖盘
2752,09:30:54,10.32,--,23,23736,买盘
2753,09:30:51,10.32,--,10,10320,买盘
2754,09:30:45,10.32,--,10,10320,买盘
2755,09:30:39,10.32,--,19,19608,买盘
2756,09:30:36,10.32,0.02,32,33024,买盘
2757,09:30:33,10.3,-0.02,40,41200,卖盘
2758,09:30:30,10.32,--,19,19608,买盘
2759,09:30:27,10.32,0.02,28,28896,买盘
2760,09:30:24,10.3,-0.01,343,353290,卖盘
2761,09:30:21,10.31,--,36,37116,买盘
2762,09:30:18,10.31,--,67,69077,买盘
2763,09:30:15,10.31,-0.01,134,138154,卖盘
2764,09:30:12,10.32,--,21,21672,买盘
2765,09:30:09,10.32,0.01,107,110424,买盘
2766,09:30:06,10.31,--,493,508283,买盘
2767,09:30:03,10.31,--,1227,1265037,卖盘
2768,09:30:00,10.31,-0.01,101,104131,卖盘
2769,09:25:03,10.32,10.32,1057,1090824,买盘
