,time,price,change,volume,amount,type
0,15:00:00,20.23,-0.01,0,0,中性盘
1,15:00:00,20.24,--,10,20240,买盘
2,14:59:56,20.24,0.02,7,14167,买盘
3,14:59:51,20.22,-0.02,14,28308,卖盘
4,14:59:46,20.24,--,0,0,买盘
5,14:59:41,20.24,-0.02,2,4047,中性盘
6,14:59:36,20.26,0.06,88,178288,买盘
7,14:59:31,20.2,-0.04,175,353500,卖盘
8,14:59:26,20.24,0.05,16,32383,买盘
9,14:59:20,20.19,-0.01,7,14133,卖盘
10,14:59:16,20.2,--,18,36360,卖盘
11,14:59:11,20.2,--,24,48480,买盘
12,14:59:06,20.2,--,5,10100,买盘
13,14:59:01,20.2,--,1,2020,买盘
14,14:58:55,20.2,-0.02,684,1381680,卖盘
15,14:58:51,20.22,-0.03,67,135474,卖盘
16,14:58:40,20.25,0.02,119,240975,买盘
17,14:58:35,20.23,-0.02,5,10115,中性盘
18,14:58:31,20.25,0.03,4,8100,买盘
19,14:58:25,20.22,--,20,40440,卖盘
20,14:58:20,20.22,-0.03,20,40440,卖盘
21,14:58:16,20.25,0.03,4,8100,买盘
22,14:58:10,20.22,0.01,33,66726,卖盘
23,14:58:05,20.21,-0.01,10,20210,卖盘
24,14:58:00,20.22,0.01,8,16176,买盘
25,14:57:55,20.21,-0.01,80,161680,卖盘
26,14:57:50,20.22,--,6,12132,买盘
27,14:57:45,20.22,--,38,76836,买盘
28,14:57:39,20.22,--,11,22242,买盘
29,14:57:30,20.22,-0.01,60,121320,卖盘
30,14:57:24,20.23,-0.02,6,12138,卖盘
31,14:57:20,20.25,0.01,3,6075,买盘
32,14:57:15,20.24,0.01,12,24287,买盘
33,14:57:10,20.23,0.02,1,2023,买盘
34,14:57:05,20.21,-0.02,5,10105,卖盘
35,14:57:00,20.23,-0.01,3,6069,买盘
36,14:56:55,20.24,-0.01,8,16191,卖盘
37,14:56:50,20.25,0.01,10,20250,买盘
38,14:56:45,20.24,-0.01,1,2023,卖盘
39,14:56:30,20.25,--,6,12150,卖盘
40,14:56:24,20.25,0.04,8,16200,卖盘
41,14:56:20,20.21,--,0,0,卖盘
42,14:56:15,20.21,-0.03,39,78819,卖盘
43,14:56:09,20.24,--,5,10120,卖盘
44,14:56:05,20.24,-0.02,2,4047,卖盘
45,14:56:00,20.26,--,23,46598,买盘
46,14:55:55,20.26,--,90,182340,卖盘
47,14:55:50,20.26,-0.02,58,117508,卖盘
48,14:55:45,20.28,--,9,18252,买盘
49,14:55:39,20.28,0.02,26,52728,中性盘
50,14:55:35,20.26,-0.03,138,279588,卖盘
51,14:55:30,20.29,--,0,0,买盘
52,14:55:24,20.29,0.03,4,8116,买盘
53,14:55:20,20.26,--,300,607800,卖盘
54,14:55:15,20.26,--,7,14182,中性盘
55,14:55:10,20.26,--,3,6078,买盘
56,14:55:05,20.26,-0.03,1,2026,买盘
57,14:55:00,20.29,--,0,0,买盘
58,14:54:54,20.29,--,5,10145,买盘
59,14:54:45,20.29,0.07,3,6087,买盘
60,14:54:39,20.22,-0.07,30,60660,卖盘
61,14:54:35,20.29,--,1,2029,买盘
62,14:54:24,20.29,0.03,3,6087,买盘
63,14:54:20,20.26,-0.04,5,10130,卖盘
64,14:54:15,20.3,--,10,20300,买盘
65,14:54:05,20.3,0.04,31,62930,买盘
66,14:54:00,20.26,-0.04,5,10130,卖盘
67,14:53:54,20.3,--,26,52780,买盘
68,14:53:50,20.3,0.04,3,6090,买盘
69,14:53:45,20.26,-0.05,50,101300,卖盘
70,14:53:39,20.31,--,3,6093,买盘
71,14:53:35,20.31,--,1,2030,买盘
72,14:53:30,20.31,0.01,6,12186,买盘
73,14:53:24,20.3,0.07,244,495320,买盘
74,14:53:20,20.23,--,176,356048,卖盘
75,14:53:09,20.23,--,0,0,卖盘
76,14:53:05,20.23,--,3,6069,卖盘
77,14:53:00,20.23,--,50,101150,卖盘
78,14:52:54,20.23,--,18,36414,买盘
79,14:52:50,20.23,0.03,1,2023,买盘
80,14:52:39,20.2,-0.03,210,424200,卖盘
81,14:52:34,20.23,--,10,20230,卖盘
82,14:52:30,20.23,--,12,24276,卖盘
83,14:52:24,20.23,0.01,58,117334,卖盘
84,14:52:14,20.22,-0.01,310,626820,卖盘
85,14:52:03,20.23,--,1,2023,买盘
86,14:51:54,20.23,--,0,0,买盘
87,14:51:48,20.23,-0.03,1,2023,中性盘
88,14:51:39,20.26,--,206,417356,买盘
89,14:51:33,20.26,0.01,6,12156,买盘
90,14:51:18,20.25,-0.01,9,18225,卖盘
91,14:51:03,20.26,-0.04,20,40520,卖盘
92,14:50:59,20.3,--,0,0,买盘
93,14:50:54,20.3,0.04,7,14210,买盘
94,14:50:48,20.26,-0.04,2,4052,卖盘
95,14:50:39,20.3,0.03,1,2030,买盘
96,14:50:33,20.27,-0.01,29,58783,卖盘
97,14:50:29,20.28,-0.02,3,6084,卖盘
98,14:50:09,20.3,--,3,6090,买盘
99,14:50:03,20.3,--,26,52780,买盘
100,14:49:48,20.3,--,1,2030,买盘
101,14:49:39,20.3,0.02,5,10150,买盘
102,14:49:33,20.28,-0.02,2,4056,卖盘
103,14:49:29,20.3,--,0,0,买盘
104,14:49:24,20.3,0.03,3,6090,买盘
105,14:49:18,20.27,--,65,131755,卖盘
106,14:49:09,20.27,--,70,141890,买盘
107,14:49:03,20.27,--,10,20270,买盘
108,14:48:59,20.27,0.01,1,2027,买盘
109,14:48:54,20.26,-0.04,164,332264,卖盘
110,14:48:48,20.3,0.03,25,50750,买盘
111,14:48:44,20.27,--,33,66891,卖盘
112,14:48:39,20.27,--,0,0,卖盘
113,14:48:33,20.27,-0.03,3,6081,卖盘
114,14:48:24,20.3,0.03,3,6090,买盘
115,14:48:18,20.27,-0.03,5,10135,卖盘
116,14:48:14,20.3,--,26,52780,买盘
117,14:48:09,20.3,0.01,11,22330,买盘
118,14:48:03,20.29,-0.01,4,8116,买盘
119,14:47:58,20.3,--,2,4060,买盘
120,14:47:24,20.3,0.01,97,196910,买盘
121,14:47:18,20.29,0.02,23,46667,买盘
122,14:47:14,20.27,--,0,0,卖盘
123,14:47:09,20.27,--,16,32432,卖盘
124,14:47:03,20.27,-0.03,13,26351,卖盘
125,14:46:54,20.3,0.02,8,16240,买盘
126,14:46:44,20.28,-0.02,5,10140,卖盘
127,14:46:38,20.3,--,104,211120,买盘
128,14:46:33,20.3,--,4,8120,买盘
129,14:46:23,20.3,0.02,1,2030,买盘
130,14:46:03,20.28,-0.02,1,2028,卖盘
131,14:45:53,20.3,0.03,2,4060,买盘
132,14:45:48,20.27,--,3,6081,卖盘
133,14:45:38,20.27,-0.03,11,22297,卖盘
134,14:45:33,20.3,0.03,72,146160,买盘
135,14:45:23,20.27,-0.04,173,350671,卖盘
136,14:45:12,20.31,0.01,15,30464,买盘
137,14:45:08,20.3,-0.01,20,40600,卖盘
138,14:44:57,20.31,-0.01,26,52806,卖盘
139,14:44:53,20.32,--,3,6096,买盘
140,14:44:48,20.32,--,2,4064,买盘
141,14:44:38,20.32,--,3,6096,买盘
142,14:44:33,20.32,0.01,3,6096,买盘
143,14:44:27,20.31,-0.02,4,8123,卖盘
144,14:44:18,20.33,--,84,170772,买盘
145,14:44:12,20.33,0.01,3,6098,买盘
146,14:44:08,20.32,-0.01,2,4064,卖盘
147,14:44:03,20.33,--,3,6098,买盘
148,14:43:48,20.33,0.01,3,6098,买盘
149,14:43:42,20.32,--,50,101600,卖盘
150,14:43:27,20.32,--,23,46736,买盘
151,14:43:23,20.32,--,3,6096,买盘
152,14:43:18,20.32,--,31,62992,买盘
153,14:43:03,20.32,-0.01,7,14224,中性盘
154,14:42:57,20.33,0.03,11,22362,买盘
155,14:42:48,20.3,--,67,136010,买盘
156,14:42:42,20.3,0.03,12,24360,买盘
157,14:42:23,20.27,-0.03,7,14189,卖盘
158,14:42:18,20.3,--,155,314650,买盘
159,14:42:12,20.3,--,10,20300,买盘
160,14:42:07,20.3,--,3,6090,买盘
161,14:42:03,20.3,-0.03,348,706440,卖盘
162,14:41:57,20.33,--,22,44725,卖盘
163,14:41:48,20.33,-0.02,1,2032,卖盘
164,14:41:42,20.35,--,4,8140,买盘
165,14:41:38,20.35,--,3,6105,买盘
166,14:41:33,20.35,-0.03,172,350020,卖盘
167,14:41:27,20.38,0.01,9,18342,买盘
168,14:41:18,20.37,-0.02,2,4074,卖盘
169,14:41:12,20.39,0.02,4,8156,买盘
170,14:41:03,20.37,-0.02,1,2037,卖盘
171,14:40:57,20.39,--,3,6117,买盘
172,14:40:52,20.39,--,0,0,买盘
173,14:40:48,20.39,0.03,5,10195,买盘
174,14:40:33,20.36,-0.03,39,79404,卖盘
175,14:40:27,20.39,0.01,2,4078,买盘
176,14:40:12,20.38,--,16,32608,卖盘
177,14:40:08,20.38,0.01,4,8152,买盘
178,14:40:03,20.37,-0.01,5,10185,卖盘
179,14:39:47,20.38,-0.01,13,26494,卖盘
180,14:39:38,20.39,--,80,163120,买盘
181,14:39:32,20.39,--,3,6117,买盘
182,14:39:22,20.39,--,3,6117,买盘
183,14:39:17,20.39,--,2,4078,买盘
184,14:39:02,20.39,--,3,6117,买盘
185,14:38:57,20.39,--,3,6117,买盘
186,14:38:36,20.39,--,3,6117,买盘
187,14:38:32,20.39,0.01,5,10195,买盘
188,14:38:27,20.38,0.02,2,4076,买盘
189,14:38:21,20.36,-0.03,20,40720,卖盘
190,14:38:17,20.39,--,3,6117,买盘
191,14:37:57,20.39,--,3,6117,买盘
192,14:37:47,20.39,--,9,18351,买盘
193,14:37:32,20.39,--,3,6117,买盘
194,14:37:27,20.39,0.03,2,4078,买盘
195,14:37:17,20.36,-0.03,33,67188,卖盘
196,14:37:12,20.39,--,51,103989,买盘
197,14:36:47,20.39,--,3,6117,买盘
198,14:36:36,20.39,0.03,3,6117,买盘
199,14:36:27,20.36,-0.03,8,16288,卖盘
200,14:36:21,20.39,--,3,6117,买盘
201,14:36:17,20.39,--,1,2039,买盘
202,14:36:06,20.39,-0.01,3,6117,买盘
203,14:35:57,20.4,--,55,112199,买盘
204,14:35:42,20.4,--,3,6120,买盘
205,14:35:36,20.4,0.01,7,14279,买盘
206,14:35:27,20.39,-0.01,6,12234,卖盘
207,14:35:21,20.4,0.01,100,204000,买盘
208,14:35:16,20.39,0.07,4,9134,买盘
209,14:35:12,20.32,-0.03,10,20320,卖盘
210,14:35:06,20.35,--,4,8140,买盘
211,14:35:01,20.35,--,24,48840,买盘
212,14:34:51,20.35,--,3,6105,买盘
213,14:34:46,20.35,0.02,59,120065,买盘
214,14:34:41,20.33,-0.02,268,544844,卖盘
215,14:34:36,20.35,--,60,122100,买盘
216,14:34:32,20.35,--,3,6105,买盘
217,14:34:26,20.35,--,10,20350,买盘
218,14:34:21,20.35,--,5,10175,买盘
219,14:34:11,20.35,--,5,10175,买盘
220,14:34:06,20.35,--,77,156695,买盘
221,14:34:01,20.35,--,3,6105,买盘
222,14:33:51,20.35,-0.05,179,365323,卖盘
223,14:33:47,20.4,--,3,6120,买盘
224,14:33:41,20.4,--,40,81600,买盘
225,14:33:36,20.4,--,11,22440,买盘
226,14:33:26,20.4,--,3,6120,买盘
227,14:33:21,20.4,0.01,3,6120,买盘
228,14:33:16,20.39,-0.01,5,10195,卖盘
229,14:33:01,20.4,0.01,3,6120,买盘
230,14:32:56,20.39,--,3,6117,卖盘
231,14:32:51,20.39,-0.01,37,76421,卖盘
232,14:32:46,20.4,--,5,10200,买盘
233,14:32:41,20.4,--,7,14279,买盘
234,14:32:36,20.4,--,26,53039,买盘
235,14:32:26,20.4,0.01,12,24480,买盘
236,14:32:21,20.39,-0.01,3,6117,卖盘
237,14:32:15,20.4,0.01,3,6120,买盘
238,14:32:11,20.39,--,6,12234,买盘
239,14:32:06,20.39,--,3,6117,买盘
240,14:31:56,20.39,--,3,6117,买盘
241,14:31:51,20.39,0.01,31,63209,买盘
242,14:31:41,20.38,--,9,19401,卖盘
243,14:31:36,20.38,--,122,248636,卖盘
244,14:31:30,20.38,-0.01,0,978,卖盘
245,14:31:26,20.39,--,13,26507,买盘
246,14:31:11,20.39,--,3,6117,买盘
247,14:30:41,20.39,--,2,4078,买盘
248,14:30:36,20.39,--,30,61170,买盘
249,14:30:26,20.39,--,2,4078,买盘
250,14:30:11,20.39,--,4,8156,买盘
251,14:30:06,20.39,--,2,4078,买盘
252,14:29:56,20.39,--,3,6117,买盘
253,14:29:51,20.39,--,6,12234,买盘
254,14:29:45,20.39,--,1,2039,买盘
255,14:29:40,20.39,--,3,6117,买盘
256,14:29:36,20.39,--,1,2039,买盘
257,14:29:30,20.39,--,3,6117,买盘
258,14:29:25,20.39,0.02,3,6117,买盘
259,14:29:15,20.37,-0.02,1,2037,卖盘
260,14:29:10,20.39,--,3,6117,买盘
261,14:29:06,20.39,0.02,42,85638,买盘
262,14:29:00,20.37,--,3,6111,买盘
263,14:28:55,20.37,-0.02,19,38703,卖盘
264,14:28:51,20.39,--,40,81560,买盘
265,14:28:45,20.39,--,30,61170,买盘
266,14:28:41,20.39,-0.01,3,6117,买盘
267,14:28:36,20.4,0.01,3,6120,买盘
268,14:28:30,20.39,--,12,24468,卖盘
269,14:28:21,20.39,-0.01,22,44858,卖盘
270,14:28:15,20.4,0.01,3,6120,买盘
271,14:28:05,20.39,0.02,1,2039,买盘
272,14:28:00,20.37,-0.02,5,10185,卖盘
273,14:27:45,20.39,0.03,6,12234,买盘
274,14:27:35,20.36,--,1,2036,卖盘
275,14:27:30,20.36,-0.04,9,18324,卖盘
276,14:27:20,20.4,0.01,33,67320,买盘
277,14:27:15,20.39,--,3,6117,买盘
278,14:27:00,20.39,--,5,10195,买盘
279,14:26:55,20.39,--,0,0,买盘
280,14:26:50,20.39,--,13,26507,买盘
281,14:26:45,20.39,--,3,6117,买盘
282,14:26:30,20.39,0.05,3,6117,买盘
283,14:26:25,20.34,-0.05,100,203400,卖盘
284,14:26:20,20.39,-0.01,3,6117,中性盘
285,14:26:15,20.4,--,3,6120,买盘
286,14:26:05,20.4,--,3,6120,买盘
287,14:26:00,20.4,--,23,46920,买盘
288,14:25:50,20.4,0.05,3,6120,买盘
289,14:25:45,20.35,--,0,0,卖盘
290,14:25:40,20.35,-0.01,120,244200,卖盘
291,14:25:35,20.36,-0.03,63,128268,卖盘
292,14:25:30,20.39,0.02,20,40780,买盘
293,14:25:24,20.37,--,0,0,卖盘
294,14:25:20,20.37,-0.03,83,169071,卖盘
295,14:25:09,20.4,--,3,6120,买盘
296,14:25:05,20.4,--,65,132600,买盘
297,14:24:50,20.4,--,3,6120,买盘
298,14:24:45,20.4,0.01,200,408000,买盘
299,14:24:39,20.39,-0.01,11,22429,卖盘
300,14:24:35,20.4,--,5,10200,买盘
301,14:24:24,20.4,--,5,10200,买盘
302,14:24:20,20.4,--,115,234599,买盘
303,14:24:15,20.4,0.01,3,6120,买盘
304,14:24:09,20.39,-0.01,2,4078,卖盘
305,14:24:05,20.4,--,3,6120,买盘
306,14:23:54,20.4,0.01,4,8159,买盘
307,14:23:45,20.39,--,2,4078,买盘
308,14:23:39,20.39,--,3,6117,买盘
309,14:23:35,20.39,--,0,0,中性盘
310,14:23:24,20.39,--,5,10195,买盘
311,14:23:20,20.39,--,7,14273,买盘
312,14:23:15,20.39,--,5,10195,买盘
313,14:23:09,20.39,--,3,6117,买盘
314,14:23:05,20.39,--,5,10195,卖盘
315,14:23:00,20.39,--,22,44858,卖盘
316,14:22:54,20.39,-0.01,2,4078,卖盘
317,14:22:50,20.4,--,3,6120,买盘
318,14:22:45,20.4,0.01,150,306000,买盘
319,14:22:35,20.39,--,39,79521,买盘
320,14:22:30,20.39,--,8,16312,买盘
321,14:22:24,20.39,--,14,28546,买盘
322,14:22:20,20.39,-0.01,10,20390,卖盘
323,14:22:15,20.4,--,2,4079,买盘
324,14:22:09,20.4,--,3,6120,买盘
325,14:22:00,20.4,--,4,8159,买盘
326,14:21:54,20.4,--,11,22440,买盘
327,14:21:49,20.4,--,11,22440,买盘
328,14:21:45,20.4,--,34,69360,买盘
329,14:21:39,20.4,-0.02,126,257039,卖盘
330,14:21:34,20.42,--,31,63302,买盘
331,14:21:24,20.42,--,5,10210,买盘
332,14:21:19,20.42,0.02,7,14294,买盘
333,14:21:15,20.4,--,8,16319,买盘
334,14:21:09,20.4,--,9,18360,买盘
335,14:21:04,20.4,--,1,2039,买盘
336,14:20:59,20.4,--,2,4079,买盘
337,14:20:54,20.4,--,3,6120,买盘
338,14:20:44,20.4,0.01,6,12240,买盘
339,14:20:39,20.39,--,1,2039,买盘
340,14:20:29,20.39,0.03,203,413917,买盘
341,14:20:24,20.36,--,16,32576,买盘
342,14:20:20,20.36,--,3,6108,买盘
343,14:20:14,20.36,0.02,79,160844,买盘
344,14:20:05,20.34,--,1,2034,卖盘
345,14:19:59,20.34,--,9,18306,买盘
346,14:19:54,20.34,--,22,44748,买盘
347,14:19:49,20.34,--,3,6102,买盘
348,14:19:44,20.34,--,8,16272,买盘
349,14:19:39,20.34,--,20,40680,买盘
350,14:19:34,20.34,--,2,4068,买盘
351,14:19:29,20.34,--,13,26442,买盘
352,14:19:24,20.34,--,15,30510,买盘
353,14:19:19,20.34,--,15,30510,卖盘
354,14:19:09,20.34,--,0,0,卖盘
355,14:19:04,20.34,--,159,323406,买盘
356,14:18:59,20.34,--,5,10170,买盘
357,14:18:54,20.34,-0.04,85,172890,卖盘
358,14:18:48,20.38,--,7,14266,买盘
359,14:18:44,20.38,0.02,5,10190,买盘
360,14:18:39,20.36,-0.03,259,527324,卖盘
361,14:18:29,20.39,--,18,36702,买盘
362,14:18:24,20.39,--,3,6117,买盘
363,14:18:18,20.39,0.01,2,4078,买盘
364,14:18:14,20.38,--,14,28532,买盘
365,14:18:09,20.38,0.02,11,22418,买盘
366,14:17:59,20.36,-0.02,3,6108,卖盘
367,14:17:54,20.38,--,3,6114,买盘
368,14:17:39,20.38,--,3,6114,买盘
369,14:17:29,20.38,--,3,6114,买盘
370,14:17:24,20.38,--,47,95786,买盘
371,14:17:14,20.38,--,2,4076,买盘
372,14:17:09,20.38,--,3,6114,买盘
373,14:17:03,20.38,0.03,3,6114,买盘
374,14:16:59,20.35,-0.03,13,26455,卖盘
375,14:16:54,20.38,--,10,20380,买盘
376,14:16:44,20.38,--,4,8152,买盘
377,14:16:39,20.38,--,3,6114,买盘
378,14:16:29,20.38,-0.01,3,6114,买盘
379,14:16:24,20.39,--,0,0,买盘
380,14:16:18,20.39,--,19,38741,买盘
381,14:16:14,20.39,--,3,6117,买盘
382,14:16:09,20.39,--,3,6117,买盘
383,14:15:59,20.39,0.05,3,6117,买盘
384,14:15:54,20.34,-0.02,5,10170,卖盘
385,14:15:33,20.36,0.02,11,22396,买盘
386,14:15:29,20.34,-0.05,11,22374,卖盘
387,14:15:24,20.39,0.01,23,46897,买盘
388,14:15:09,20.38,-0.01,1,2038,买盘
389,14:14:58,20.39,--,0,0,买盘
390,14:14:54,20.39,--,2,4078,买盘
391,14:14:44,20.39,-0.01,2,4078,卖盘
392,14:14:39,20.4,--,3,6120,买盘
393,14:14:33,20.4,--,10,20400,买盘
394,14:14:28,20.4,0.01,100,204000,买盘
395,14:14:13,20.39,0.01,69,140691,买盘
396,14:14:09,20.38,--,4,8152,买盘
397,14:14:03,20.38,--,2,4076,买盘
398,14:13:58,20.38,--,1,2038,买盘
399,14:13:53,20.38,--,6,12228,买盘
400,14:13:48,20.38,--,1,2038,买盘
401,14:13:38,20.38,--,5,10190,买盘
402,14:13:33,20.38,--,2,4076,买盘
403,14:13:23,20.38,--,5,10190,买盘
404,14:13:18,20.38,--,7,14266,买盘
405,14:13:08,20.38,--,0,0,买盘
406,14:13:03,20.38,--,2,4076,买盘
407,14:12:58,20.38,--,4,8152,买盘
408,14:12:42,20.38,0.07,79,161002,买盘
409,14:12:33,20.31,--,3,6093,卖盘
410,14:12:18,20.31,0.01,7,14217,买盘
411,14:12:08,20.3,-0.01,4,8120,卖盘
412,14:11:57,20.31,0.01,3,6093,卖盘
413,14:11:08,20.3,--,1,2030,买盘
414,14:10:53,20.3,0.03,1,2030,买盘
415,14:10:33,20.27,-0.03,5,10135,卖盘
416,14:10:17,20.3,0.01,4,8120,买盘
417,14:10:08,20.29,--,7,14203,买盘
418,14:10:02,20.29,--,3,6087,买盘
419,14:09:48,20.29,--,2,4058,买盘
420,14:09:42,20.29,--,15,30435,买盘
421,14:09:27,20.29,--,4,8116,买盘
422,14:09:23,20.29,0.07,2,4058,买盘
423,14:09:03,20.22,-0.07,6,12132,卖盘
424,14:08:53,20.29,--,5,10145,买盘
425,14:08:38,20.29,0.02,50,101450,买盘
426,14:08:33,20.27,-0.03,32,64864,卖盘
427,14:08:18,20.3,-0.05,47,95410,卖盘
428,14:08:07,20.35,--,0,0,卖盘
429,14:08:02,20.35,--,2,4070,卖盘
430,14:07:57,20.35,0.05,2,4070,买盘
431,14:07:53,20.3,-0.03,51,103530,卖盘
432,14:07:22,20.33,--,2,4065,卖盘
433,14:06:57,20.33,--,5,10165,卖盘
434,14:06:38,20.33,-0.05,2,4065,卖盘
435,14:06:12,20.38,--,0,0,买盘
436,14:06:07,20.38,--,0,0,买盘
437,14:05:57,20.38,--,77,156926,卖盘
438,14:05:47,20.38,-0.01,5,10190,卖盘
439,14:05:32,20.39,0.01,12,24468,买盘
440,14:05:27,20.38,--,4,8152,卖盘
441,14:05:22,20.38,--,1,2038,卖盘
442,14:05:17,20.38,--,0,0,中性盘
443,14:05:12,20.38,-0.01,12,24456,卖盘
444,14:04:47,20.39,0.01,14,28546,买盘
445,14:04:42,20.38,--,1,2038,卖盘
446,14:04:27,20.38,-0.01,2,4076,卖盘
447,14:04:21,20.39,0.01,56,114184,买盘
448,14:04:06,20.38,--,18,36684,买盘
449,14:03:57,20.38,--,1,2038,买盘
450,14:03:51,20.38,--,0,0,买盘
451,14:03:41,20.38,0.02,49,99862,买盘
452,14:03:32,20.36,-0.01,21,42756,买盘
453,14:03:26,20.37,--,0,0,买盘
454,14:03:21,20.37,0.03,100,203700,买盘
455,14:03:12,20.34,--,1,2034,买盘
456,14:02:47,20.34,0.02,2,4068,买盘
457,14:02:41,20.32,-0.04,14,28448,卖盘
458,14:02:11,20.36,--,0,0,买盘
459,14:02:02,20.36,0.04,16,32576,买盘
460,14:01:56,20.32,--,6,12192,卖盘
461,14:01:47,20.32,-0.04,3,6096,卖盘
462,14:01:21,20.36,--,49,99764,卖盘
463,14:00:56,20.36,--,1,2036,卖盘
464,14:00:47,20.36,--,130,264680,卖盘
465,14:00:26,20.36,--,7,14252,卖盘
466,14:00:17,20.36,0.04,33,67188,买盘
467,13:59:56,20.32,-0.04,1,2032,卖盘
468,13:59:46,20.36,0.04,1,2036,买盘
469,13:59:41,20.32,-0.04,32,65024,卖盘
470,13:59:36,20.36,--,0,0,中性盘
471,13:59:26,20.36,--,2,4072,卖盘
472,13:59:21,20.36,--,10,20360,卖盘
473,13:59:11,20.36,--,20,40720,卖盘
474,13:58:56,20.36,--,2,4072,卖盘
475,13:58:46,20.36,--,6,12216,卖盘
476,13:58:41,20.36,0.03,7,14252,买盘
477,13:58:26,20.33,--,3,6098,卖盘
478,13:58:15,20.33,0.01,3,6098,卖盘
479,13:58:11,20.32,--,0,0,卖盘
480,13:57:56,20.32,-0.05,7,14224,卖盘
481,13:57:51,20.37,0.05,3,6111,买盘
482,13:57:46,20.32,-0.04,17,34544,卖盘
483,13:57:36,20.36,0.03,3,6108,买盘
484,13:57:26,20.33,-0.03,3,6098,卖盘
485,13:57:21,20.36,0.03,4,8144,买盘
486,13:57:15,20.33,-0.03,2,4065,卖盘
487,13:57:00,20.36,--,15,30540,买盘
488,13:56:51,20.36,--,0,0,买盘
489,13:56:41,20.36,0.03,1,2036,买盘
490,13:56:15,20.33,0.01,31,63022,买盘
491,13:56:10,20.32,-0.01,3,6096,卖盘
492,13:55:56,20.33,-0.04,5,10165,卖盘
493,13:55:50,20.37,0.05,4,8148,买盘
494,13:55:41,20.32,--,0,0,卖盘
495,13:55:05,20.32,--,0,0,中性盘
496,13:54:56,20.32,--,5,10160,卖盘
497,13:54:35,20.32,0.01,2,4064,买盘
498,13:54:26,20.31,--,10,20310,卖盘
499,13:54:11,20.31,--,0,0,卖盘
500,13:53:41,20.31,--,1,2030,买盘
501,13:53:25,20.31,--,4,8123,卖盘
502,13:53:10,20.31,-0.06,312,633672,卖盘
503,13:53:05,20.37,--,14,28518,卖盘
504,13:53:00,20.37,--,0,0,中性盘
505,13:52:55,20.37,--,6,12222,卖盘
506,13:52:40,20.37,-0.04,3,6111,卖盘
507,13:52:35,20.41,--,0,0,买盘
508,13:52:25,20.41,--,3,6123,买盘
509,13:52:20,20.41,0.05,5,10205,买盘
510,13:52:05,20.36,-0.05,2,4072,卖盘
511,13:52:00,20.41,--,80,163280,卖盘
512,13:51:45,20.41,--,53,108173,买盘
513,13:51:35,20.41,--,0,0,买盘
514,13:51:30,20.41,0.03,59,120419,买盘
515,13:51:20,20.38,0.03,3,6114,买盘
516,13:51:10,20.35,--,0,0,卖盘
517,13:50:45,20.35,--,2,4070,卖盘
518,13:50:35,20.35,--,2,4070,卖盘
519,13:50:30,20.35,0.01,2,4070,买盘
520,13:50:20,20.34,-0.06,5,10170,卖盘
521,13:50:09,20.4,0.02,100,204000,买盘
522,13:50:05,20.38,0.04,100,203800,买盘
523,13:49:50,20.34,--,0,0,买盘
524,13:49:45,20.34,0.03,2,4068,买盘
525,13:49:35,20.31,-0.03,2,4061,买盘
526,13:49:09,20.34,0.06,1,2034,买盘
527,13:49:05,20.28,--,9,19266,买盘
528,13:48:59,20.28,--,3,6084,买盘
529,13:48:34,20.28,--,23,46644,买盘
530,13:48:29,20.28,--,6,12168,买盘
531,13:48:20,20.28,-0.04,458,929838,卖盘
532,13:47:14,20.32,0.02,6,13208,买盘
533,13:47:04,20.3,-0.02,8,17255,卖盘
534,13:46:20,20.32,--,1,2032,卖盘
535,13:46:14,20.32,0.01,2,4064,卖盘
536,13:46:04,20.31,--,0,0,卖盘
537,13:45:44,20.31,--,2,4061,卖盘
538,13:45:39,20.31,0.01,8,17263,买盘
539,13:45:14,20.3,-0.01,18,36540,卖盘
540,13:44:49,20.31,--,6,13201,卖盘
541,13:44:19,20.31,--,0,1015,卖盘
542,13:44:04,20.31,0.01,39,79209,买盘
543,13:43:39,20.3,--,0,0,中性盘
544,13:43:34,20.3,--,0,0,买盘
545,13:43:18,20.3,--,0,1015,卖盘
546,13:43:09,20.3,--,0,1015,卖盘
547,13:42:59,20.3,0.02,5,10150,买盘
548,13:41:33,20.28,--,0,0,卖盘
549,13:41:29,20.28,-0.02,4,8112,卖盘
550,13:41:23,20.3,0.02,15,30450,买盘
551,13:41:08,20.28,--,2,4056,卖盘
552,13:40:58,20.28,--,2,4056,卖盘
553,13:40:53,20.28,--,5,10140,卖盘
554,13:40:23,20.28,-0.03,500,1014000,卖盘
555,13:40:08,20.31,-0.01,7,14217,卖盘
556,13:39:38,20.32,-0.06,2,4064,卖盘
557,13:39:13,20.38,--,0,0,买盘
558,13:39:08,20.38,--,0,0,买盘
559,13:38:38,20.38,--,0,0,买盘
560,13:38:28,20.38,--,0,0,买盘
561,13:38:13,20.38,0.08,5,10190,买盘
562,13:38:08,20.3,-0.08,16,32480,卖盘
563,13:38:03,20.38,--,2,4076,买盘
564,13:37:53,20.38,0.01,5,10190,买盘
565,13:37:43,20.37,--,0,0,中性盘
566,13:37:38,20.37,--,10,20370,买盘
567,13:37:28,20.37,--,0,0,买盘
568,13:37:23,20.37,0.09,15,30555,买盘
569,13:37:13,20.28,-0.07,500,1014000,卖盘
570,13:37:08,20.35,--,5,10175,中性盘
571,13:36:58,20.35,0.01,2,4070,买盘
572,13:36:53,20.34,-0.01,21,42714,卖盘
573,13:36:48,20.35,--,8,16280,买盘
574,13:36:43,20.35,--,4,8140,买盘
575,13:36:38,20.35,--,23,46805,买盘
576,13:36:23,20.35,0.01,30,61050,买盘
577,13:36:13,20.34,--,64,130176,卖盘
578,13:35:53,20.34,-0.01,1,2034,卖盘
579,13:35:48,20.35,--,38,77330,买盘
580,13:35:33,20.35,0.01,100,203500,买盘
581,13:35:28,20.34,--,2,4068,卖盘
582,13:35:23,20.34,-0.01,4,8136,中性盘
583,13:35:13,20.35,--,12,24420,买盘
584,13:35:08,20.35,0.01,51,103785,买盘
585,13:34:58,20.34,--,7,14238,买盘
586,13:34:53,20.34,--,10,20340,买盘
587,13:34:33,20.34,--,0,0,买盘
588,13:34:23,20.34,0.03,4,8136,买盘
589,13:34:17,20.31,0.01,39,79209,买盘
590,13:34:08,20.3,0.01,37,75110,买盘
591,13:33:57,20.29,-0.01,1,2029,卖盘
592,13:33:53,20.3,0.01,11,22330,买盘
593,13:33:38,20.29,--,3,6087,买盘
594,13:33:32,20.29,0.01,91,184639,买盘
595,13:33:17,20.28,--,163,330564,买盘
596,13:33:12,20.28,--,0,0,买盘
597,13:33:07,20.28,--,53,107484,买盘
598,13:32:57,20.28,--,37,75036,买盘
599,13:32:52,20.28,--,70,141960,买盘
600,13:32:37,20.28,--,0,0,买盘
601,13:32:27,20.28,--,1,2028,买盘
602,13:32:22,20.28,--,0,0,买盘
603,13:32:12,20.28,--,32,64896,买盘
604,13:32:07,20.28,-0.01,152,308256,买盘
605,13:31:32,20.29,--,0,0,买盘
606,13:31:27,20.29,0.02,10,20290,买盘
607,13:31:22,20.27,--,0,0,买盘
608,13:31:17,20.27,-0.02,1,2027,卖盘
609,13:31:07,20.29,0.01,275,557975,买盘
610,13:31:02,20.28,0.08,106,214968,买盘
611,13:30:42,20.2,-0.06,60,121200,卖盘
612,13:30:32,20.26,-0.01,2,4052,卖盘
613,13:30:22,20.27,0.01,13,26351,买盘
614,13:30:07,20.26,-0.01,3,6078,卖盘
615,13:30:02,20.27,--,15,30405,买盘
616,13:29:52,20.27,0.05,50,101350,买盘
617,13:29:47,20.22,-0.04,14,28308,卖盘
618,13:29:37,20.26,0.04,10,20260,买盘
619,13:29:27,20.22,--,0,0,中性盘
620,13:29:12,20.22,0.03,3,6066,买盘
621,13:28:12,20.19,--,0,0,卖盘
622,13:27:52,20.19,-0.01,5,10095,卖盘
623,13:27:47,20.2,0.01,1,2020,买盘
624,13:27:32,20.19,-0.09,24,48456,卖盘
625,13:27:11,20.28,--,0,0,买盘
626,13:26:47,20.28,--,0,0,买盘
627,13:26:32,20.28,0.1,75,152100,买盘
628,13:26:21,20.18,-0.1,180,363240,卖盘
629,13:26:17,20.28,--,133,269724,卖盘
630,13:26:02,20.28,0.09,117,237276,买盘
631,13:25:47,20.19,--,0,0,卖盘
632,13:25:17,20.19,--,0,0,卖盘
633,13:25:11,20.19,-0.04,15,30285,卖盘
634,13:25:01,20.23,0.03,3,6069,买盘
635,13:24:06,20.2,--,6,12120,买盘
636,13:24:01,20.2,--,8,16160,卖盘
637,13:23:56,20.2,--,0,0,卖盘
638,13:23:31,20.2,--,0,0,卖盘
639,13:23:11,20.2,--,0,0,卖盘
640,13:23:01,20.2,--,12,24240,买盘
641,13:22:51,20.2,-0.04,6,12120,买盘
642,13:22:31,20.24,-0.01,12,24287,卖盘
643,13:21:56,20.25,-0.05,24,48600,卖盘
644,13:21:41,20.3,--,0,0,买盘
645,13:21:36,20.3,0.04,5,10150,买盘
646,13:21:31,20.26,-0.05,3,6078,买盘
647,13:21:11,20.31,0.01,11,22341,卖盘
648,13:21:01,20.3,0.05,45,91350,买盘
649,13:20:56,20.25,0.06,36,72900,买盘
650,13:20:51,20.19,-0.05,1,2019,卖盘
651,13:20:31,20.24,-0.02,1,2023,卖盘
652,13:20:21,20.26,0.07,125,253250,买盘
653,13:20:16,20.19,-0.05,1,2019,卖盘
654,13:20:11,20.24,0.06,350,708400,买盘
655,13:20:06,20.18,-0.02,10,20180,卖盘
656,13:20:01,20.2,0.04,95,191900,买盘
657,13:19:46,20.16,-0.01,5,10080,中性盘
658,13:19:31,20.17,--,60,121020,买盘
659,13:19:25,20.17,--,0,0,买盘
660,13:19:16,20.17,0.01,55,110935,买盘
661,13:19:11,20.16,--,0,0,中性盘
662,13:19:01,20.16,0.09,5,10080,买盘
663,13:18:46,20.07,--,0,0,卖盘
664,13:18:30,20.07,--,0,0,卖盘
665,13:18:20,20.07,--,0,0,卖盘
666,13:18:05,20.07,--,22,44154,买盘
667,13:17:45,20.07,--,1,2007,买盘
668,13:17:41,20.07,0.01,2,4014,中性盘
669,13:17:30,20.06,-0.12,18,36108,卖盘
670,13:17:26,20.18,--,0,0,买盘
671,13:17:15,20.18,--,0,0,买盘
672,13:17:11,20.18,0.13,2,4036,买盘
673,13:17:05,20.05,--,0,0,卖盘
674,13:16:55,20.05,-0.13,322,645610,卖盘
675,13:16:50,20.18,--,1,2018,卖盘
676,13:16:35,20.18,--,0,0,卖盘
677,13:16:30,20.18,--,9,18162,买盘
678,13:16:25,20.18,--,7,14126,买盘
679,13:16:10,20.18,--,84,169512,卖盘
680,13:15:55,20.18,0.01,24,48432,买盘
681,13:15:45,20.17,0.07,1,2017,中性盘
682,13:15:40,20.1,--,0,0,卖盘
683,13:15:35,20.1,--,10,20100,卖盘
684,13:15:30,20.1,--,0,0,卖盘
685,13:15:25,20.1,-0.1,8,16080,卖盘
686,13:15:20,20.2,--,0,0,买盘
687,13:15:15,20.2,0.1,8,16160,买盘
688,13:15:10,20.1,--,0,0,卖盘
689,13:15:00,20.1,0.01,31,62310,中性盘
690,13:14:50,20.09,-0.01,4,8036,卖盘
691,13:14:40,20.1,--,0,0,卖盘
692,13:14:35,20.1,0.01,3,6030,中性盘
693,13:14:30,20.09,-0.05,5,10045,中性盘
694,13:14:25,20.14,0.05,1501,3023014,买盘
695,13:14:15,20.09,--,3,6027,买盘
696,13:14:05,20.09,0.01,15,30135,买盘
697,13:14:00,20.08,--,0,0,卖盘
698,13:13:55,20.08,-0.04,162,325296,卖盘
699,13:13:50,20.12,-0.02,54,108648,卖盘
700,13:13:45,20.14,0.03,16,32224,买盘
701,13:13:40,20.11,0.01,33,66363,中性盘
702,13:13:34,20.1,-0.01,7,14070,卖盘
703,13:13:30,20.11,0.03,9,18099,中性盘
704,13:13:25,20.08,0.08,26,53834,买盘
705,13:13:20,20.0,-0.23,1577,3154380,卖盘
706,13:13:10,20.23,--,0,0,中性盘
707,13:13:05,20.23,--,15,30345,买盘
708,13:13:00,20.23,0.07,9,18207,买盘
709,13:12:54,20.16,--,0,0,卖盘
710,13:12:49,20.16,0.08,1,2016,中性盘
711,13:12:45,20.08,--,0,0,卖盘
712,13:12:39,20.08,--,9,19698,买盘
713,13:12:34,20.08,--,18,36144,买盘
714,13:12:25,20.08,--,43,86343,买盘
715,13:12:19,20.08,-0.15,565,1134520,卖盘
716,13:12:04,20.23,--,4,8092,卖盘
717,13:12:00,20.23,--,4,8092,买盘
718,13:11:55,20.23,--,1,2023,买盘
719,13:11:44,20.23,0.01,5,10115,买盘
720,13:11:40,20.22,-0.01,5,10110,卖盘
721,13:11:25,20.23,0.01,49,99127,买盘
722,13:11:10,20.22,--,0,0,买盘
723,13:11:04,20.22,--,1,2022,买盘
724,13:10:54,20.22,--,1,2022,买盘
725,13:10:44,20.22,0.01,5,10110,买盘
726,13:10:19,20.21,-0.01,1,2021,卖盘
727,13:10:09,20.22,--,5,10110,买盘
728,13:10:04,20.22,0.01,2,4044,买盘
729,13:09:59,20.21,--,6,12126,卖盘
730,13:09:49,20.21,--,10,20210,卖盘
731,13:09:44,20.21,--,14,28294,买盘
732,13:09:34,20.21,--,1,2021,买盘
733,13:08:54,20.21,--,0,0,中性盘
734,13:08:44,20.21,--,13,26273,卖盘
735,13:08:24,20.21,--,0,0,卖盘
736,13:08:19,20.21,-0.04,5,10105,卖盘
737,13:08:14,20.25,--,0,0,买盘
738,13:08:04,20.25,0.03,33,66825,买盘
739,13:07:59,20.22,0.01,1,2022,买盘
740,13:07:49,20.21,0.03,8,16168,买盘
741,13:07:34,20.18,--,2,4036,买盘
742,13:07:29,20.18,--,0,0,买盘
743,13:07:04,20.18,0.02,3,6054,买盘
744,13:06:59,20.16,0.01,20,40320,卖盘
745,13:06:44,20.15,--,0,0,卖盘
746,13:06:34,20.15,--,6,12090,卖盘
747,13:06:29,20.15,--,1,2014,卖盘
748,13:06:24,20.15,--,6,12090,卖盘
749,13:06:19,20.15,--,2,4029,卖盘
750,13:06:13,20.15,-0.01,2,4029,卖盘
751,13:05:54,20.16,0.01,2,4032,中性盘
752,13:05:49,20.15,-0.01,6,12090,卖盘
753,13:05:43,20.16,--,1,2016,买盘
754,13:05:24,20.16,0.01,1,2016,买盘
755,13:05:13,20.15,--,5,10075,卖盘
756,13:04:58,20.15,--,9,18135,卖盘
757,13:04:54,20.15,-0.01,1,2014,卖盘
758,13:04:43,20.16,-0.01,1,2016,卖盘
759,13:04:33,20.17,--,3,6051,买盘
760,13:04:13,20.17,0.02,18,36306,买盘
761,13:04:08,20.15,-0.05,3,6045,卖盘
762,13:04:03,20.2,0.05,20,40400,买盘
763,13:03:58,20.15,-0.03,9,18135,卖盘
764,13:03:53,20.18,--,0,0,买盘
765,13:03:48,20.18,--,2,4036,卖盘
766,13:03:43,20.18,--,1,2018,卖盘
767,13:03:33,20.18,--,1,2018,卖盘
768,13:03:28,20.18,0.03,4,8072,买盘
769,13:03:18,20.15,-0.01,39,78585,卖盘
770,13:03:13,20.16,-0.02,7,14112,卖盘
771,13:03:03,20.18,--,7,14126,卖盘
772,13:02:58,20.18,0.02,1,2018,卖盘
773,13:02:53,20.16,--,0,0,卖盘
774,13:02:48,20.16,--,1,2016,卖盘
775,13:02:38,20.16,-0.07,1,2016,卖盘
776,13:02:23,20.23,0.08,20,40460,买盘
777,13:02:13,20.15,--,0,0,卖盘
778,13:02:08,20.15,--,0,0,卖盘
779,13:01:58,20.15,--,5,10075,卖盘
780,13:01:53,20.15,0.07,446,898689,买盘
781,13:01:43,20.08,0.01,3,6023,中性盘
782,13:01:38,20.07,--,329,660303,卖盘
783,13:01:33,20.07,0.01,213,427491,买盘
784,13:01:28,20.06,--,12,24072,买盘
785,13:01:18,20.06,0.01,24,48144,买盘
786,13:01:13,20.05,-0.02,42,84210,卖盘
787,13:00:48,20.07,--,43,86301,买盘
788,13:00:38,20.07,-0.07,224,449568,卖盘
789,13:00:28,20.14,-0.06,298,600172,卖盘
790,13:00:23,20.2,--,2,4040,买盘
791,13:00:08,20.2,--,172,347440,卖盘
792,13:00:03,20.2,-0.07,613,1238260,卖盘
793,11:30:00,20.27,--,0,0,买盘
794,11:30:00,20.27,--,0,0,买盘
795,11:29:49,20.27,--,0,0,中性盘
796,11:29:44,20.27,-0.01,5,10135,卖盘
797,11:29:29,20.28,-0.01,15,30420,卖盘
798,11:29:14,20.29,--,5,10145,卖盘
799,11:29:08,20.29,--,0,0,卖盘
800,11:29:04,20.29,-0.01,5,10145,卖盘
801,11:28:53,20.3,0.01,1,2030,中性盘
802,11:28:49,20.29,-0.01,10,20290,卖盘
803,11:28:38,20.3,0.01,23,46690,买盘
804,11:28:34,20.29,-0.01,6,12174,卖盘
805,11:28:23,20.3,--,5,10150,卖盘
806,11:28:08,20.3,--,0,0,卖盘
807,11:28:04,20.3,--,10,20300,卖盘
808,11:27:59,20.3,--,2,4060,卖盘
809,11:27:34,20.3,--,0,0,卖盘
810,11:27:19,20.3,--,84,170520,买盘
811,11:27:14,20.3,--,45,91350,买盘
812,11:27:04,20.3,--,18,36540,买盘
813,11:26:59,20.3,--,110,223300,买盘
814,11:26:49,20.3,--,10,20300,买盘
815,11:26:44,20.3,--,15,30450,买盘
816,11:26:38,20.3,--,10,20300,买盘
817,11:26:29,20.3,0.01,22,44660,买盘
818,11:26:23,20.29,-0.01,1,2029,卖盘
819,11:26:19,20.3,--,14,28420,卖盘
820,11:26:14,20.3,--,86,174580,买盘
821,11:26:04,20.3,--,2,4060,买盘
822,11:25:59,20.3,--,10,20300,买盘
823,11:25:53,20.3,-0.01,208,422240,卖盘
824,11:25:49,20.31,--,0,0,卖盘
825,11:25:32,20.31,-0.01,10,20310,卖盘
826,11:25:23,20.32,--,3,6096,卖盘
827,11:24:53,20.32,-0.01,5,10160,卖盘
828,11:24:47,20.33,--,9,18297,买盘
829,11:24:08,20.33,-0.01,15,30494,卖盘
830,11:24:02,20.34,0.01,2,4068,买盘
831,11:23:58,20.33,-0.02,3,6098,卖盘
832,11:23:23,20.35,-0.02,206,419210,卖盘
833,11:23:02,20.37,-0.01,30,61110,卖盘
834,11:22:28,20.38,--,16,32608,卖盘
835,11:22:17,20.38,--,2,4076,卖盘
836,11:21:58,20.38,-0.02,36,73368,卖盘
837,11:21:53,20.4,--,0,0,中性盘
838,11:21:43,20.4,--,0,0,中性盘
839,11:21:23,20.4,--,0,0,买盘
840,11:21:17,20.4,--,4,8159,卖盘
841,11:21:13,20.4,-0.01,1,2039,卖盘
842,11:21:08,20.41,--,2,4082,买盘
843,11:20:53,20.41,--,25,51025,买盘
844,11:20:32,20.41,--,1,2041,买盘
845,11:20:23,20.41,0.01,5,10205,买盘
846,11:20:17,20.4,--,1,2039,卖盘
847,11:20:13,20.4,0.02,1,2039,卖盘
848,11:19:43,20.38,--,0,0,卖盘
849,11:19:38,20.38,-0.02,6,12228,卖盘
850,11:19:17,20.4,-0.02,4,8159,买盘
851,11:19:08,20.42,--,0,0,买盘
852,11:19:02,20.42,--,10,20420,买盘
853,11:18:43,20.42,0.02,231,471702,买盘
854,11:18:38,20.4,-0.01,109,222359,卖盘
855,11:18:28,20.41,--,5,10205,卖盘
856,11:17:58,20.41,-0.01,20,40820,卖盘
857,11:17:53,20.42,--,202,412484,买盘
858,11:17:22,20.42,--,200,408400,买盘
859,11:17:02,20.42,0.01,33,67386,买盘
860,11:16:38,20.41,--,23,46943,卖盘
861,11:15:47,20.41,0.01,5,10205,卖盘
862,11:15:11,20.4,--,0,0,卖盘
863,11:14:47,20.4,--,1,2039,卖盘
864,11:14:26,20.4,--,10,20400,卖盘
865,11:14:22,20.4,--,4,8159,卖盘
866,11:13:32,20.4,--,8,16319,买盘
867,11:13:17,20.4,0.02,50,102000,买盘
868,11:13:07,20.38,--,49,99862,卖盘
869,11:13:02,20.38,--,21,42798,卖盘
870,11:12:37,20.38,--,7,14266,买盘
871,11:12:11,20.38,--,20,40760,买盘
872,11:12:07,20.38,-0.02,24,48912,卖盘
873,11:12:02,20.4,-0.02,39,79560,卖盘
874,11:11:26,20.42,--,9,18378,买盘
875,11:11:22,20.42,--,5,10210,买盘
876,11:11:17,20.42,-0.03,8,16336,卖盘
877,11:10:56,20.45,0.03,178,364010,买盘
878,11:10:32,20.42,--,3,6126,买盘
879,11:10:26,20.42,--,6,12252,买盘
880,11:10:02,20.42,0.01,6,12252,买盘
881,11:09:56,20.41,0.01,10,20410,买盘
882,11:09:46,20.4,--,0,0,卖盘
883,11:09:41,20.4,--,2,4079,卖盘
884,11:09:20,20.4,0.02,30,61199,买盘
885,11:09:05,20.38,--,0,0,卖盘
886,11:08:50,20.38,-0.02,2,4076,卖盘
887,11:08:41,20.4,0.02,2,4079,买盘
888,11:08:26,20.38,--,2,4076,卖盘
889,11:08:16,20.38,--,0,0,卖盘
890,11:07:50,20.38,--,2,4076,卖盘
891,11:07:46,20.38,0.01,1,2038,买盘
892,11:07:41,20.37,-0.01,100,203700,卖盘
893,11:06:35,20.38,--,5,10190,买盘
894,11:06:20,20.38,--,6,12228,卖盘
895,11:06:11,20.38,--,10,20380,卖盘
896,11:05:56,20.38,--,3,6114,卖盘
897,11:05:26,20.38,-0.02,1,2038,卖盘
898,11:05:11,20.4,0.02,15,30599,买盘
899,11:05:05,20.38,--,1,2038,卖盘
900,11:04:56,20.38,--,30,61140,卖盘
901,11:04:50,20.38,-0.04,24,48912,卖盘
902,11:04:46,20.42,0.04,49,100058,买盘
903,11:04:41,20.38,--,1,2038,卖盘
904,11:04:05,20.38,-0.02,10,20380,卖盘
905,11:04:01,20.4,--,0,0,买盘
906,11:03:50,20.4,--,100,204000,买盘
907,11:03:41,20.4,--,1,2039,买盘
908,11:03:31,20.4,0.02,5,10200,买盘
909,11:03:10,20.38,-0.02,10,20380,卖盘
910,11:02:44,20.4,0.02,100,204000,买盘
911,11:02:14,20.38,--,5,10190,卖盘
912,11:01:50,20.38,0.03,2,4076,买盘
913,11:01:40,20.35,--,2,4070,卖盘
914,11:01:20,20.35,--,1,2035,卖盘
915,11:00:55,20.35,-0.01,13,26455,卖盘
916,11:00:29,20.36,--,4,8144,买盘
917,11:00:25,20.36,--,11,22396,买盘
918,11:00:20,20.36,0.01,5,10180,买盘
919,11:00:14,20.35,-0.01,100,203500,卖盘
920,11:00:10,20.36,--,10,20360,买盘
921,10:59:55,20.36,--,18,36648,买盘
922,10:59:50,20.36,-0.01,30,61080,买盘
923,10:58:55,20.37,-0.01,45,91665,卖盘
924,10:58:50,20.38,0.01,1,2038,买盘
925,10:58:44,20.37,-0.01,12,24444,卖盘
926,10:58:40,20.38,--,2,4076,买盘
927,10:58:29,20.38,--,1,2038,买盘
928,10:58:25,20.38,--,24,48912,卖盘
929,10:58:20,20.38,--,15,30570,卖盘
930,10:58:14,20.38,-0.01,19,38722,卖盘
931,10:57:54,20.39,0.01,2,4078,买盘
932,10:57:50,20.38,--,6,12228,卖盘
933,10:57:44,20.38,--,2,4076,卖盘
934,10:57:35,20.38,-0.02,10,20380,卖盘
935,10:57:29,20.4,0.01,20,40800,买盘
936,10:57:20,20.39,--,15,30585,卖盘
937,10:57:05,20.39,0.01,15,30585,买盘
938,10:56:35,20.38,--,2,4076,卖盘
939,10:56:20,20.38,-0.02,200,407600,卖盘
940,10:56:09,20.4,--,52,106079,买盘
941,10:56:05,20.4,--,0,0,买盘
942,10:55:55,20.4,0.02,30,61199,买盘
943,10:55:44,20.38,-0.02,8,16304,卖盘
944,10:55:34,20.4,--,300,612000,买盘
945,10:55:14,20.4,--,8,16319,买盘
946,10:55:04,20.4,0.01,28,57119,买盘
947,10:54:44,20.39,-0.01,5,10195,卖盘
948,10:54:23,20.4,--,37,77499,卖盘
949,10:54:19,20.4,--,0,0,卖盘
950,10:54:14,20.4,--,412,840479,卖盘
951,10:54:08,20.4,-0.01,11,22440,卖盘
952,10:54:04,20.41,-0.01,10,20410,卖盘
953,10:53:59,20.42,-0.01,13,26546,卖盘
954,10:53:44,20.43,-0.01,3,6129,买盘
955,10:53:38,20.44,-0.01,77,157388,卖盘
956,10:53:34,20.45,--,20,40900,卖盘
957,10:53:29,20.45,--,11,22495,卖盘
958,10:53:19,20.45,-0.03,12,24540,卖盘
959,10:53:14,20.48,0.03,4,8192,中性盘
960,10:53:04,20.45,-0.04,35,71575,卖盘
961,10:52:59,20.49,0.03,11,22539,买盘
962,10:52:49,20.46,--,7,14322,卖盘
963,10:52:44,20.46,-0.03,3,6138,卖盘
964,10:52:38,20.49,0.03,21,43029,买盘
965,10:52:34,20.46,0.01,147,300762,卖盘
966,10:52:29,20.45,--,4,8180,卖盘
967,10:52:14,20.45,0.01,2,4090,卖盘
968,10:51:59,20.44,--,0,0,卖盘
969,10:51:49,20.44,--,3,6132,卖盘
970,10:51:29,20.44,--,23,47012,买盘
971,10:51:04,20.44,0.01,2,4088,中性盘
972,10:50:53,20.43,-0.02,16,32688,卖盘
973,10:50:49,20.45,0.01,7,14315,买盘
974,10:50:34,20.44,--,0,0,买盘
975,10:50:29,20.44,0.02,20,40880,买盘
976,10:50:19,20.42,-0.02,16,32672,卖盘
977,10:50:14,20.44,--,3,6132,卖盘
978,10:50:08,20.44,-0.01,2,4088,卖盘
979,10:49:59,20.45,--,10,20450,买盘
980,10:49:53,20.45,--,7,14315,卖盘
981,10:49:49,20.45,--,0,0,卖盘
982,10:49:44,20.45,--,0,0,卖盘
983,10:49:08,20.45,--,0,0,卖盘
984,10:48:58,20.45,--,0,0,卖盘
985,10:48:44,20.45,0.01,5,10225,买盘
986,10:48:38,20.44,-0.01,14,28616,卖盘
987,10:48:29,20.45,-0.03,3,6135,卖盘
988,10:48:13,20.48,--,7,14336,买盘
989,10:48:08,20.48,0.04,1,2048,买盘
990,10:47:53,20.44,--,1,2044,卖盘
991,10:47:48,20.44,-0.01,2,4088,卖盘
992,10:47:43,20.45,-0.03,6,12270,卖盘
993,10:47:38,20.48,0.03,1,2048,卖盘
994,10:47:33,20.45,-0.04,2,4090,卖盘
995,10:47:28,20.49,0.01,10,20490,买盘
996,10:47:23,20.48,0.04,4,8192,买盘
997,10:47:17,20.44,-0.04,20,40880,卖盘
998,10:47:13,20.48,--,10,20480,买盘
999,10:46:47,20.48,0.04,13,26624,买盘
1000,10:46:38,20.44,-0.06,2,4088,卖盘
1001,10:46:23,20.5,--,5,10250,买盘
1002,10:46:17,20.5,--,0,0,买盘
1003,10:46:13,20.5,--,3,6150,买盘
1004,10:46:02,20.5,-0.01,4,8200,买盘
1005,10:45:58,20.51,--,1,2051,卖盘
1006,10:45:53,20.51,--,46,94346,卖盘
1007,10:45:47,20.51,-0.02,10,20510,卖盘
1008,10:45:43,20.53,--,0,0,卖盘
1009,10:45:38,20.53,0.13,20,41060,买盘
1010,10:45:32,20.4,-0.06,10,20400,卖盘
1011,10:45:28,20.46,-0.04,19,38874,卖盘
1012,10:45:23,20.5,0.09,884,1812220,买盘
1013,10:45:13,20.41,0.01,3,6123,中性盘
1014,10:45:08,20.4,-0.03,18,36720,卖盘
1015,10:45:02,20.43,--,0,0,买盘
1016,10:44:58,20.43,-0.01,2,4086,中性盘
1017,10:44:52,20.44,0.01,37,75628,买盘
1018,10:44:38,20.43,--,8,16344,卖盘
1019,10:44:32,20.43,0.06,126,259420,买盘
1020,10:44:17,20.37,-0.03,27,54999,卖盘
1021,10:44:13,20.4,0.03,803,1638120,买盘
1022,10:44:02,20.37,-0.01,6,12222,卖盘
1023,10:43:53,20.38,--,15,30570,买盘
1024,10:43:43,20.38,--,12,24456,卖盘
1025,10:43:38,20.38,-0.01,28,57064,卖盘
1026,10:43:28,20.39,--,12,24468,买盘
1027,10:43:23,20.39,--,5,10195,买盘
1028,10:43:13,20.39,-0.01,37,75443,卖盘
1029,10:43:08,20.4,0.01,5,10200,买盘
1030,10:43:02,20.39,--,10,20390,卖盘
1031,10:42:53,20.39,--,22,44858,卖盘
1032,10:42:47,20.39,-0.01,3,6117,卖盘
1033,10:42:32,20.4,-0.01,4,8159,买盘
1034,10:42:28,20.41,--,0,0,买盘
1035,10:42:17,20.41,--,5,10205,买盘
1036,10:42:07,20.41,--,5,10205,卖盘
1037,10:42:02,20.41,-0.01,5,10205,卖盘
1038,10:41:58,20.42,--,8,16336,买盘
1039,10:41:53,20.42,--,10,20420,买盘
1040,10:41:43,20.42,--,13,26546,买盘
1041,10:41:37,20.42,--,13,26546,买盘
1042,10:41:32,20.42,0.02,2,4084,买盘
1043,10:41:27,20.4,-0.02,45,91800,卖盘
1044,10:41:22,20.42,--,4,8168,买盘
1045,10:41:17,20.42,0.02,1,2042,买盘
1046,10:41:13,20.4,-0.02,7,14279,卖盘
1047,10:41:07,20.42,--,10,20420,买盘
1048,10:40:58,20.42,0.03,2,4084,买盘
1049,10:40:52,20.39,--,3,6117,卖盘
1050,10:40:47,20.39,-0.03,15,30585,卖盘
1051,10:40:43,20.42,0.01,12,24504,买盘
1052,10:40:37,20.41,0.02,2,4082,买盘
1053,10:40:32,20.39,-0.02,12,24468,卖盘
1054,10:40:23,20.41,--,0,0,买盘
1055,10:40:17,20.41,0.02,2,4082,买盘
1056,10:40:11,20.39,--,0,0,买盘
1057,10:40:07,20.39,--,1,2039,买盘
1058,10:40:02,20.39,--,7,14273,卖盘
1059,10:39:56,20.39,--,0,0,卖盘
1060,10:39:52,20.39,-0.04,3,6117,卖盘
1061,10:39:47,20.43,--,2,4086,买盘
1062,10:39:37,20.43,--,0,0,买盘
1063,10:39:22,20.43,--,2,4086,买盘
1064,10:39:17,20.43,--,1,2043,买盘
1065,10:39:07,20.43,--,8,16344,买盘
1066,10:38:56,20.43,0.06,1,2043,买盘
1067,10:38:52,20.37,-0.07,28,57036,卖盘
1068,10:38:47,20.44,--,5,10220,买盘
1069,10:38:41,20.44,-0.01,2,4088,买盘
1070,10:38:26,20.45,0.01,5,10225,买盘
1071,10:38:22,20.44,0.01,6,12264,卖盘
1072,10:38:17,20.43,0.06,1,2043,买盘
1073,10:38:11,20.37,-0.08,1,2037,卖盘
1074,10:38:07,20.45,0.07,17,34765,买盘
1075,10:38:02,20.38,--,65,132470,卖盘
1076,10:37:56,20.38,--,30,61140,卖盘
1077,10:37:52,20.38,-0.02,64,130432,卖盘
1078,10:37:37,20.4,-0.02,3,6120,卖盘
1079,10:37:22,20.42,-0.01,4,8168,买盘
1080,10:37:02,20.43,--,0,0,买盘
1081,10:36:52,20.43,--,7,14301,买盘
1082,10:36:37,20.43,-0.02,8,16344,卖盘
1083,10:36:32,20.45,-0.01,2,4090,中性盘
1084,10:36:26,20.46,0.02,12,24552,买盘
1085,10:36:17,20.44,-0.01,10,20440,买盘
1086,10:36:11,20.45,--,0,0,买盘
1087,10:36:07,20.45,0.01,35,71575,买盘
1088,10:36:01,20.44,-0.02,1,2044,卖盘
1089,10:35:52,20.46,0.02,10,20460,买盘
1090,10:35:46,20.44,--,2,4088,卖盘
1091,10:35:37,20.44,-0.02,32,65408,卖盘
1092,10:35:32,20.46,--,0,0,买盘
1093,10:35:22,20.46,--,78,159588,买盘
1094,10:35:16,20.46,--,0,0,买盘
1095,10:35:07,20.46,--,258,529893,卖盘
1096,10:34:37,20.46,0.01,3,6158,买盘
1097,10:34:31,20.45,-0.01,43,87935,卖盘
1098,10:34:22,20.46,--,6,12276,买盘
1099,10:34:16,20.46,--,0,0,买盘
1100,10:34:11,20.46,0.01,92,188232,买盘
1101,10:34:01,20.45,0.01,22,44990,买盘
1102,10:33:56,20.44,--,18,36792,买盘
1103,10:33:46,20.44,--,7,14308,买盘
1104,10:33:41,20.44,--,63,128772,买盘
1105,10:33:37,20.44,-0.01,2,4088,中性盘
1106,10:33:31,20.45,--,10,20450,买盘
1107,10:33:26,20.45,0.02,8,16360,买盘
1108,10:33:22,20.43,--,14,28602,买盘
1109,10:33:16,20.43,--,26,53118,买盘
1110,10:33:11,20.43,-0.01,9,18387,中性盘
1111,10:33:05,20.44,0.01,26,53144,买盘
1112,10:33:01,20.43,--,0,0,买盘
1113,10:32:56,20.43,--,24,49032,买盘
1114,10:32:46,20.43,--,26,53118,买盘
1115,10:32:41,20.43,-0.01,73,149139,卖盘
1116,10:32:31,20.44,--,90,183960,买盘
1117,10:32:26,20.44,0.01,100,204400,中性盘
1118,10:32:16,20.43,-0.01,82,167526,卖盘
1119,10:32:11,20.44,--,10,20440,买盘
1120,10:32:01,20.44,0.05,35,71540,中性盘
1121,10:31:56,20.39,-0.05,32,65248,卖盘
1122,10:31:46,20.44,0.02,98,200312,买盘
1123,10:31:35,20.42,0.03,50,102100,买盘
1124,10:31:31,20.39,--,3,6117,买盘
1125,10:31:20,20.39,--,13,26507,买盘
1126,10:31:11,20.39,0.02,9,18351,买盘
1127,10:31:01,20.37,--,26,52962,中性盘
1128,10:30:56,20.37,--,10,20370,买盘
1129,10:30:46,20.37,--,2,4074,买盘
1130,10:30:31,20.37,--,3,6111,买盘
1131,10:30:26,20.37,--,0,0,中性盘
1132,10:30:16,20.37,--,3,6111,买盘
1133,10:30:11,20.37,0.01,4,8148,买盘
1134,10:30:05,20.36,--,0,0,买盘
1135,10:30:01,20.36,0.03,7,14252,买盘
1136,10:29:56,20.33,-0.01,10,20330,卖盘
1137,10:29:46,20.34,0.01,18,36612,买盘
1138,10:29:35,20.33,--,3,6098,买盘
1139,10:29:31,20.33,--,2,4065,买盘
1140,10:29:20,20.33,--,2,4065,买盘
1141,10:29:16,20.33,-0.01,5,10165,卖盘
1142,10:29:11,20.34,--,10,20340,买盘
1143,10:29:05,20.34,--,2,4068,买盘
1144,10:28:55,20.34,-0.03,39,79326,卖盘
1145,10:28:46,20.37,0.03,3,6111,买盘
1146,10:28:40,20.34,--,11,22374,卖盘
1147,10:28:35,20.34,-0.03,3,6102,卖盘
1148,10:28:31,20.37,--,15,30555,买盘
1149,10:28:25,20.37,--,3,6111,卖盘
1150,10:28:20,20.37,-0.03,31,63147,卖盘
1151,10:28:16,20.4,0.03,14,28559,买盘
1152,10:28:10,20.37,-0.03,8,16296,卖盘
1153,10:28:01,20.4,--,23,46920,买盘
1154,10:27:55,20.4,0.03,2,4079,买盘
1155,10:27:50,20.37,-0.03,2,4074,卖盘
1156,10:27:46,20.4,0.03,83,169320,买盘
1157,10:27:40,20.37,--,0,0,中性盘
1158,10:27:35,20.37,--,2,4074,买盘
1159,10:27:25,20.37,--,301,613137,卖盘
1160,10:27:20,20.37,-0.02,4,8148,卖盘
1161,10:27:05,20.39,--,2,4078,买盘
1162,10:26:40,20.39,0.02,3,6117,买盘
1163,10:26:25,20.37,-0.02,7,14259,买盘
1164,10:26:15,20.39,--,0,0,买盘
1165,10:26:10,20.39,0.08,4,8156,买盘
1166,10:26:05,20.31,-0.07,3,6093,卖盘
1167,10:25:59,20.38,--,1,2038,买盘
1168,10:25:55,20.38,0.07,3,6114,买盘
1169,10:25:50,20.31,-0.07,5,10155,卖盘
1170,10:25:35,20.38,--,3,6114,买盘
1171,10:25:29,20.38,--,6,12228,买盘
1172,10:25:20,20.38,-0.02,6,12228,卖盘
1173,10:25:10,20.4,--,17,34680,买盘
1174,10:25:05,20.4,-0.02,9,20379,卖盘
1175,10:24:55,20.42,0.04,53,108246,买盘
1176,10:24:50,20.38,--,15,32587,卖盘
1177,10:24:44,20.38,--,9,18342,卖盘
1178,10:24:35,20.38,0.04,66,134528,买盘
1179,10:24:25,20.34,--,6,12204,买盘
1180,10:24:20,20.34,--,0,0,买盘
1181,10:24:10,20.34,--,12,24408,买盘
1182,10:23:55,20.34,0.04,4,8136,买盘
1183,10:23:50,20.3,--,1,2030,买盘
1184,10:23:35,20.3,0.01,1,2030,买盘
1185,10:23:29,20.29,-0.01,10,20290,卖盘
1186,10:23:14,20.3,--,0,0,中性盘
1187,10:23:09,20.3,0.01,1,2030,卖盘
1188,10:22:59,20.29,--,0,0,卖盘
1189,10:22:50,20.29,--,3,6087,卖盘
1190,10:22:35,20.29,--,3,6087,卖盘
1191,10:22:20,20.29,-0.05,15,30435,卖盘
1192,10:22:09,20.34,0.05,14,28476,买盘
1193,10:22:05,20.29,--,0,0,卖盘
1194,10:21:59,20.29,0.01,1,2029,买盘
1195,10:21:49,20.28,-0.01,2,4056,卖盘
1196,10:21:40,20.29,-0.01,9,18261,卖盘
1197,10:21:34,20.3,0.01,12,24360,买盘
1198,10:21:29,20.29,-0.01,1,2029,卖盘
1199,10:21:04,20.3,--,3,6090,卖盘
1200,10:20:55,20.3,--,10,20300,卖盘
1201,10:20:49,20.3,--,8,16240,买盘
1202,10:20:34,20.3,--,32,64960,卖盘
1203,10:20:19,20.3,--,5,10150,卖盘
1204,10:20:09,20.3,--,0,0,卖盘
1205,10:19:49,20.3,--,1,2030,卖盘
1206,10:19:34,20.3,--,10,20300,卖盘
1207,10:19:29,20.3,0.02,16,32480,买盘
1208,10:19:14,20.28,--,0,0,卖盘
1209,10:18:44,20.28,0.02,4,8112,买盘
1210,10:18:29,20.26,--,3,6078,卖盘
1211,10:18:24,20.26,0.05,120,243120,买盘
1212,10:18:19,20.21,--,0,0,卖盘
1213,10:18:04,20.21,--,0,0,卖盘
1214,10:17:49,20.21,--,0,0,卖盘
1215,10:17:44,20.21,-0.03,67,135407,卖盘
1216,10:17:38,20.24,--,1,2023,买盘
1217,10:17:28,20.24,--,1,2023,买盘
1218,10:17:19,20.24,--,17,34408,买盘
1219,10:17:08,20.24,0.01,20,40480,买盘
1220,10:17:04,20.23,--,1,2023,买盘
1221,10:16:49,20.23,--,4,8092,卖盘
1222,10:16:44,20.23,--,2,4046,卖盘
1223,10:16:19,20.23,--,0,0,卖盘
1224,10:16:08,20.23,0.02,14,28322,卖盘
1225,10:16:04,20.21,0.01,25,50525,卖盘
1226,10:15:59,20.2,--,0,0,卖盘
1227,10:15:53,20.2,--,42,84840,买盘
1228,10:15:48,20.2,--,14,28280,买盘
1229,10:15:44,20.2,--,24,48480,卖盘
1230,10:15:29,20.2,--,4,8080,卖盘
1231,10:15:18,20.2,-0.02,3,6060,卖盘
1232,10:15:14,20.22,--,0,0,中性盘
1233,10:15:03,20.22,0.02,5,10110,中性盘
1234,10:14:59,20.2,-0.02,17,34340,卖盘
1235,10:14:53,20.22,--,2,4044,卖盘
1236,10:14:48,20.22,--,213,430686,卖盘
1237,10:14:44,20.22,--,1,2022,卖盘
1238,10:14:38,20.22,--,29,58638,卖盘
1239,10:14:33,20.22,--,4,8088,卖盘
1240,10:14:29,20.22,0.01,4,8088,中性盘
1241,10:14:18,20.21,-0.07,25,50525,卖盘
1242,10:14:13,20.28,--,0,0,买盘
1243,10:14:08,20.28,0.05,100,202800,买盘
1244,10:14:03,20.23,-0.04,39,78897,卖盘
1245,10:13:58,20.27,0.02,10,20270,买盘
1246,10:13:48,20.25,--,2,4050,卖盘
1247,10:13:43,20.25,-0.02,2,4050,卖盘
1248,10:13:38,20.27,0.02,2,4054,买盘
1249,10:13:33,20.25,-0.02,52,105300,卖盘
1250,10:13:28,20.27,--,3,6081,卖盘
1251,10:13:18,20.27,--,50,101350,买盘
1252,10:13:13,20.27,--,5,10135,买盘
1253,10:13:08,20.27,0.01,12,24324,买盘
1254,10:13:03,20.26,-0.01,10,20260,卖盘
1255,10:12:58,20.27,--,37,74999,买盘
1256,10:12:53,20.27,--,1,2027,买盘
1257,10:12:43,20.27,--,6,12162,买盘
1258,10:12:28,20.27,-0.01,5,10135,卖盘
1259,10:12:23,20.28,--,6,12168,买盘
1260,10:12:13,20.28,--,100,202800,买盘
1261,10:12:08,20.28,--,108,219024,卖盘
1262,10:12:03,20.28,-0.01,3,6084,卖盘
1263,10:11:58,20.29,0.01,1,2029,买盘
1264,10:11:53,20.28,-0.01,2,4056,卖盘
1265,10:11:48,20.29,--,2,4058,买盘
1266,10:11:37,20.29,--,2,4058,买盘
1267,10:11:33,20.29,--,61,123769,卖盘
1268,10:11:28,20.29,-0.01,5,10145,卖盘
1269,10:11:23,20.3,0.01,5,10150,买盘
1270,10:11:18,20.29,--,100,202900,卖盘
1271,10:11:13,20.29,-0.01,9,18261,卖盘
1272,10:11:08,20.3,--,10,20300,买盘
1273,10:11:03,20.3,--,5,10150,买盘
1274,10:10:48,20.3,--,2,4060,卖盘
1275,10:10:43,20.3,--,7,14210,卖盘
1276,10:10:32,20.3,0.01,5,10150,买盘
1277,10:10:22,20.29,-0.01,6,12174,卖盘
1278,10:10:18,20.3,0.01,5,10150,买盘
1279,10:09:47,20.29,--,29,58841,卖盘
1280,10:09:43,20.29,-0.01,32,64928,卖盘
1281,10:09:32,20.3,--,0,0,买盘
1282,10:09:28,20.3,0.01,10,20300,买盘
1283,10:09:08,20.29,-0.01,13,26377,卖盘
1284,10:08:58,20.3,0.01,22,44660,买盘
1285,10:08:53,20.29,0.01,5,10145,买盘
1286,10:08:43,20.28,--,8,16224,卖盘
1287,10:08:38,20.28,--,3,6084,卖盘
1288,10:08:28,20.28,-0.02,2,4056,卖盘
1289,10:08:23,20.3,0.02,5,10150,买盘
1290,10:08:13,20.28,-0.02,67,135876,卖盘
1291,10:08:08,20.3,--,30,60900,卖盘
1292,10:07:57,20.3,--,13,26390,卖盘
1293,10:07:53,20.3,-0.04,20,40600,卖盘
1294,10:07:42,20.34,-0.01,9,20319,卖盘
1295,10:07:37,20.35,--,55,111925,卖盘
1296,10:07:32,20.35,-0.01,2,4070,卖盘
1297,10:07:27,20.36,-0.01,40,81440,卖盘
1298,10:07:22,20.37,0.01,2,4074,买盘
1299,10:07:17,20.36,--,3,6108,卖盘
1300,10:07:12,20.36,-0.01,45,91620,卖盘
1301,10:06:47,20.37,--,3,6111,买盘
1302,10:06:42,20.37,--,19,38703,卖盘
1303,10:06:32,20.37,--,0,0,卖盘
1304,10:06:27,20.37,0.01,3,6111,买盘
1305,10:06:17,20.36,-0.01,1,2036,卖盘
1306,10:06:12,20.37,--,13,26481,买盘
1307,10:06:02,20.37,--,5,10185,买盘
1308,10:05:57,20.37,--,3,6111,买盘
1309,10:05:52,20.37,--,4,8148,买盘
1310,10:05:47,20.37,--,5,10185,买盘
1311,10:05:42,20.37,--,10,20370,买盘
1312,10:05:32,20.37,--,2,4074,买盘
1313,10:05:27,20.37,--,12,24444,买盘
1314,10:05:22,20.37,-0.05,451,918687,卖盘
1315,10:05:12,20.42,--,33,67386,卖盘
1316,10:05:07,20.42,--,2,4084,卖盘
1317,10:05:02,20.42,-0.02,143,292006,卖盘
1318,10:04:57,20.44,0.02,6,12264,买盘
1319,10:04:47,20.42,--,5,10210,卖盘
1320,10:04:42,20.42,0.04,52,106184,买盘
1321,10:04:27,20.38,-0.02,2,4076,卖盘
1322,10:04:22,20.4,--,8,16319,买盘
1323,10:04:17,20.4,0.02,1,2039,买盘
1324,10:04:12,20.38,-0.02,3,6114,卖盘
1325,10:04:02,20.4,0.02,2,4079,卖盘
1326,10:03:42,20.38,-0.03,8,16304,卖盘
1327,10:03:37,20.41,-0.01,3,6123,买盘
1328,10:03:27,20.42,--,0,0,买盘
1329,10:03:12,20.42,0.05,20,40840,卖盘
1330,10:03:02,20.37,-0.04,89,181293,卖盘
1331,10:02:56,20.41,--,2,4082,卖盘
1332,10:02:52,20.41,--,6,12246,卖盘
1333,10:02:47,20.41,-0.03,14,28574,卖盘
1334,10:02:41,20.44,0.03,3,6132,卖盘
1335,10:02:32,20.41,-0.06,5,10205,卖盘
1336,10:02:22,20.47,--,0,0,买盘
1337,10:02:17,20.47,0.03,86,176042,买盘
1338,10:02:07,20.44,-0.03,144,294336,卖盘
1339,10:01:52,20.47,0.01,33,67551,买盘
1340,10:01:47,20.46,--,88,180048,卖盘
1341,10:01:41,20.46,--,2,4092,卖盘
1342,10:01:37,20.46,--,2,4092,卖盘
1343,10:01:32,20.46,0.02,206,421476,买盘
1344,10:01:11,20.44,--,1,2044,买盘
1345,10:01:07,20.44,0.01,42,85848,买盘
1346,10:01:02,20.43,0.02,4,8172,买盘
1347,10:00:56,20.41,-0.02,25,51025,卖盘
1348,10:00:51,20.43,-0.02,43,87849,卖盘
1349,10:00:41,20.45,--,19,38855,卖盘
1350,10:00:36,20.45,--,63,128835,买盘
1351,10:00:31,20.45,--,5,10225,买盘
1352,10:00:21,20.45,--,22,44990,买盘
1353,10:00:16,20.45,--,3,6135,买盘
1354,10:00:11,20.45,--,12,24540,买盘
1355,10:00:06,20.45,--,31,63395,买盘
1356,10:00:01,20.45,--,20,40900,买盘
1357,09:59:51,20.45,--,0,0,买盘
1358,09:59:46,20.45,--,1,2045,买盘
1359,09:59:31,20.45,0.04,50,102250,买盘
1360,09:59:16,20.41,--,14,28574,卖盘
1361,09:59:11,20.41,--,14,28574,买盘
1362,09:59:06,20.41,0.01,7,14287,买盘
1363,09:59:01,20.4,--,4,8159,卖盘
1364,09:58:51,20.4,0.03,4,8159,买盘
1365,09:58:36,20.37,-0.03,120,244440,卖盘
1366,09:58:25,20.4,0.03,1,2039,买盘
1367,09:58:16,20.37,0.01,12,24444,买盘
1368,09:58:11,20.36,--,0,0,中性盘
1369,09:58:01,20.36,0.01,31,63116,买盘
1370,09:57:56,20.35,-0.01,3,6105,卖盘
1371,09:57:46,20.36,--,1,2036,买盘
1372,09:57:36,20.36,--,7,14252,买盘
1373,09:57:31,20.36,0.01,14,28524,买盘
1374,09:57:21,20.35,--,7,14245,卖盘
1375,09:57:16,20.35,--,4,8140,卖盘
1376,09:56:51,20.35,--,4,8140,买盘
1377,09:56:46,20.35,--,5,10175,买盘
1378,09:56:36,20.35,--,10,20350,买盘
1379,09:56:26,20.35,--,10,20350,买盘
1380,09:56:21,20.35,--,6,12210,买盘
1381,09:56:16,20.35,--,18,36630,卖盘
1382,09:56:06,20.35,--,11,22385,卖盘
1383,09:56:01,20.35,--,16,32560,卖盘
1384,09:55:46,20.35,-0.01,3,6105,卖盘
1385,09:55:06,20.36,-0.01,25,50900,卖盘
1386,09:54:55,20.37,--,26,52962,买盘
1387,09:54:41,20.37,0.01,39,79443,买盘
1388,09:54:35,20.36,--,10,20360,卖盘
1389,09:54:31,20.36,-0.01,94,191384,卖盘
1390,09:54:25,20.37,--,13,26481,卖盘
1391,09:54:20,20.37,-0.01,7,14259,卖盘
1392,09:54:11,20.38,0.01,29,59102,中性盘
1393,09:54:05,20.37,--,0,0,中性盘
1394,09:54:01,20.37,--,56,114072,卖盘
1395,09:53:56,20.37,--,5,10185,卖盘
1396,09:53:40,20.37,-0.01,3,6111,卖盘
1397,09:53:30,20.38,-0.03,39,79482,卖盘
1398,09:53:15,20.41,--,42,85722,卖盘
1399,09:53:05,20.41,--,12,24492,卖盘
1400,09:53:01,20.41,-0.01,1,2041,卖盘
1401,09:52:55,20.42,--,1,2042,买盘
1402,09:52:50,20.42,0.01,10,20420,买盘
1403,09:52:30,20.41,0.01,23,46943,买盘
1404,09:52:19,20.4,0.02,2,4079,买盘
1405,09:52:15,20.38,--,0,0,卖盘
1406,09:52:10,20.38,--,51,103938,卖盘
1407,09:52:00,20.38,--,0,0,卖盘
1408,09:51:45,20.38,--,9,18342,买盘
1409,09:51:30,20.38,--,22,44836,买盘
1410,09:51:25,20.38,--,63,128394,卖盘
1411,09:51:19,20.38,--,5,10190,卖盘
1412,09:51:10,20.38,-0.02,10,20380,卖盘
1413,09:51:05,20.4,0.02,32,65279,买盘
1414,09:51:00,20.38,--,10,20380,卖盘
1415,09:50:55,20.38,--,18,36684,买盘
1416,09:50:50,20.38,--,0,0,买盘
1417,09:50:40,20.38,0.01,2,4076,中性盘
1418,09:50:30,20.37,--,2,4074,卖盘
1419,09:50:25,20.37,-0.01,23,46851,卖盘
1420,09:50:20,20.38,--,0,0,卖盘
1421,09:50:15,20.38,--,0,0,卖盘
1422,09:50:10,20.38,-0.05,80,163040,卖盘
1423,09:50:05,20.43,--,2,4086,买盘
1424,09:49:55,20.43,-0.02,17,34731,卖盘
1425,09:49:45,20.45,--,4,8180,买盘
1426,09:49:39,20.45,--,6,12270,卖盘
1427,09:49:35,20.45,--,9,18405,买盘
1428,09:49:30,20.45,--,8,16360,买盘
1429,09:49:24,20.45,--,30,61350,买盘
1430,09:49:15,20.45,--,1,2045,买盘
1431,09:49:09,20.45,--,18,36810,卖盘
1432,09:49:00,20.45,-0.02,6,12270,卖盘
1433,09:48:55,20.47,--,0,0,买盘
1434,09:48:50,20.47,0.02,185,378695,买盘
1435,09:48:45,20.45,-0.01,1,2045,买盘
1436,09:48:39,20.46,--,26,53196,买盘
1437,09:48:34,20.46,--,0,0,买盘
1438,09:48:30,20.46,0.01,42,85932,中性盘
1439,09:48:24,20.45,-0.02,40,81800,卖盘
1440,09:48:15,20.47,-0.01,62,126914,卖盘
1441,09:48:09,20.48,0.01,7,14336,买盘
1442,09:47:50,20.47,--,14,28658,买盘
1443,09:47:45,20.47,0.02,1,2047,买盘
1444,09:47:35,20.45,--,21,42945,卖盘
1445,09:47:29,20.45,--,5,10225,卖盘
1446,09:47:24,20.45,--,2,4090,卖盘
1447,09:47:13,20.45,--,3,6135,卖盘
1448,09:47:09,20.45,0.01,7,14315,买盘
1449,09:47:05,20.44,--,20,40880,卖盘
1450,09:46:54,20.44,--,4,8176,卖盘
1451,09:46:49,20.44,-0.01,2,4088,卖盘
1452,09:46:39,20.45,0.02,14,28630,买盘
1453,09:46:34,20.43,-0.01,67,136881,卖盘
1454,09:46:29,20.44,0.06,4,8176,买盘
1455,09:46:24,20.38,-0.05,50,101900,卖盘
1456,09:46:19,20.43,--,1,2043,卖盘
1457,09:46:13,20.43,0.04,2,4086,买盘
1458,09:46:09,20.39,-0.02,72,146808,卖盘
1459,09:45:54,20.41,--,19,38779,买盘
1460,09:45:49,20.41,--,5,10205,买盘
1461,09:45:44,20.41,--,40,81640,买盘
1462,09:45:39,20.41,--,0,0,买盘
1463,09:45:24,20.41,--,0,0,买盘
1464,09:45:19,20.41,0.06,74,151034,买盘
1465,09:45:13,20.35,-0.06,85,172975,卖盘
1466,09:45:09,20.41,0.03,124,253084,买盘
1467,09:45:04,20.38,--,22,44836,买盘
1468,09:44:54,20.38,-0.02,65,132470,卖盘
1469,09:44:39,20.4,--,20,40800,买盘
1470,09:44:34,20.4,--,4,8159,买盘
1471,09:44:28,20.4,0.01,26,53039,买盘
1472,09:44:14,20.39,--,18,36702,买盘
1473,09:44:09,20.39,0.01,3,6117,买盘
1474,09:43:59,20.38,0.05,52,105976,买盘
1475,09:43:54,20.33,--,0,0,卖盘
1476,09:43:49,20.33,--,0,0,卖盘
1477,09:43:39,20.33,--,2,4065,卖盘
1478,09:43:33,20.33,0.02,1,2032,买盘
1479,09:43:29,20.31,-0.02,1,2030,卖盘
1480,09:43:24,20.33,0.01,33,67089,买盘
1481,09:43:18,20.32,--,5,10160,中性盘
1482,09:43:09,20.32,-0.01,3,6096,卖盘
1483,09:42:54,20.33,--,0,0,买盘
1484,09:42:39,20.33,--,17,34561,卖盘
1485,09:42:33,20.33,-0.05,49,99616,卖盘
1486,09:42:13,20.38,--,1,2038,买盘
1487,09:41:59,20.38,0.05,11,22418,买盘
1488,09:41:54,20.33,-0.05,3,6098,卖盘
1489,09:41:48,20.38,--,29,59102,卖盘
1490,09:41:44,20.38,-0.01,5,10190,卖盘
1491,09:41:39,20.39,0.01,10,20390,买盘
1492,09:41:33,20.38,--,13,26494,卖盘
1493,09:41:28,20.38,--,6,12228,卖盘
1494,09:41:24,20.38,-0.01,5,10190,卖盘
1495,09:41:18,20.39,0.01,3,6117,买盘
1496,09:41:14,20.38,--,6,12228,买盘
1497,09:41:09,20.38,--,0,0,买盘
1498,09:41:03,20.38,0.08,7,14266,买盘
1499,09:40:53,20.3,-0.1,42,85260,卖盘
1500,09:40:44,20.4,--,0,0,买盘
1501,09:40:33,20.4,0.02,30,61199,买盘
1502,09:40:29,20.38,0.06,500,1019000,买盘
1503,09:40:23,20.32,-0.03,11,22352,买盘
1504,09:40:18,20.35,0.02,23,46805,中性盘
1505,09:40:13,20.33,--,0,0,卖盘
1506,09:39:58,20.33,0.03,31,63022,买盘
1507,09:39:53,20.3,--,13,27465,卖盘
1508,09:39:48,20.3,-0.02,59,119770,卖盘
1509,09:39:43,20.32,-0.01,4,8128,买盘
1510,09:39:28,20.33,--,8,16263,卖盘
1511,09:39:18,20.33,--,5,10165,买盘
1512,09:39:13,20.33,0.03,2,4065,买盘
1513,09:39:08,20.3,--,7,14210,卖盘
1514,09:38:58,20.3,--,0,0,卖盘
1515,09:38:48,20.3,--,2,4060,卖盘
1516,09:38:43,20.3,0.04,19,38570,买盘
1517,09:38:37,20.26,0.01,3,6078,卖盘
1518,09:38:33,20.25,--,0,0,卖盘
1519,09:38:28,20.25,-0.01,56,113400,卖盘
1520,09:38:18,20.26,--,7,14182,买盘
1521,09:38:08,20.26,--,0,0,买盘
1522,09:38:03,20.26,--,0,0,买盘
1523,09:37:58,20.26,0.01,10,20260,买盘
1524,09:37:48,20.25,--,56,113400,卖盘
1525,09:37:38,20.25,--,7,14175,卖盘
1526,09:37:33,20.25,-0.01,48,97200,卖盘
1527,09:37:28,20.26,--,83,168158,买盘
1528,09:37:23,20.26,--,1,2026,买盘
1529,09:37:18,20.26,0.01,2,4052,买盘
1530,09:37:13,20.25,-0.05,36,72900,卖盘
1531,09:37:07,20.3,--,0,0,买盘
1532,09:37:03,20.3,--,0,0,买盘
1533,09:36:57,20.3,0.05,4,8120,买盘
1534,09:36:42,20.25,--,40,81000,买盘
1535,09:36:38,20.25,--,14,28350,买盘
1536,09:36:33,20.25,--,11,22275,买盘
1537,09:36:27,20.25,-0.01,80,162000,卖盘
1538,09:36:23,20.26,0.03,8,16208,卖盘
1539,09:36:18,20.23,--,0,0,卖盘
1540,09:36:12,20.23,-0.02,67,135541,卖盘
1541,09:36:07,20.25,--,10,20250,卖盘
1542,09:36:03,20.25,--,8,16200,卖盘
1543,09:35:57,20.25,-0.01,9,18225,卖盘
1544,09:35:53,20.26,--,4,8104,买盘
1545,09:35:48,20.26,-0.08,2,4052,卖盘
1546,09:35:42,20.34,--,33,67122,买盘
1547,09:35:27,20.34,-0.05,36,73224,卖盘
1548,09:35:22,20.39,0.04,15,30585,买盘
1549,09:35:18,20.35,-0.04,24,48840,卖盘
1550,09:35:12,20.39,0.03,91,185549,买盘
1551,09:35:03,20.36,-0.02,77,156772,卖盘
1552,09:34:57,20.38,-0.02,13,26494,卖盘
1553,09:34:47,20.4,--,113,230519,卖盘
1554,09:34:42,20.4,-0.01,1,2039,卖盘
1555,09:34:37,20.41,0.01,10,20410,买盘
1556,09:34:32,20.4,-0.01,1,2039,卖盘
1557,09:34:27,20.41,0.01,51,104091,买盘
1558,09:34:22,20.4,--,38,77520,卖盘
1559,09:34:17,20.4,--,2,4079,卖盘
1560,09:34:07,20.4,--,17,34680,买盘
1561,09:34:02,20.4,--,101,206040,买盘
1562,09:33:57,20.4,0.02,10,20400,买盘
1563,09:33:52,20.38,-0.01,6,12228,卖盘
1564,09:33:47,20.39,--,0,0,中性盘
1565,09:33:42,20.39,--,13,26507,买盘
1566,09:33:27,20.39,0.03,24,48936,买盘
1567,09:33:12,20.36,--,0,0,买盘
1568,09:33:07,20.36,0.01,30,61080,买盘
1569,09:32:42,20.35,-0.01,8,16280,卖盘
1570,09:32:32,20.36,--,3,6108,买盘
1571,09:32:27,20.36,--,3,6108,买盘
1572,09:32:12,20.36,--,5,10180,买盘
1573,09:32:07,20.36,-0.01,4,8144,买盘
1574,09:32:02,20.37,-0.03,3,6111,卖盘
1575,09:31:57,20.4,--,0,0,买盘
1576,09:31:52,20.4,--,36,73440,买盘
1577,09:31:37,20.4,0.04,15,30599,买盘
1578,09:31:16,20.36,-0.04,7,14252,卖盘
1579,09:31:12,20.4,--,1,2039,买盘
1580,09:31:07,20.4,--,21,42840,买盘
1581,09:30:52,20.4,--,8,16319,买盘
1582,09:30:46,20.4,--,0,0,买盘
1583,09:30:36,20.4,--,1,2039,买盘
1584,09:30:27,20.4,--,31,63239,买盘
1585,09:30:21,20.4,--,10,20400,买盘
1586,09:30:12,20.4,--,2,4079,买盘
1587,09:30:06,20.4,-0.01,86,175440,卖盘
1588,09:28:53,20.41,--,0,0,卖盘
1589,09:25:04,20.41,20.41,79,161239,买盘
