,time,price,change,volume,amount,type
0,15:00:00,252.44,--,0,0,中性盘
1,15:00:00,252.44,-1.06,0,0,中性盘
2,15:00:00,253.5,0.55,101,2560350,买盘
3,14:59:55,252.95,0.94,100,2529500,买盘
4,14:59:51,252.01,-0.56,16,403216,卖盘
5,14:59:45,252.57,0.04,130,3283410,买盘
6,14:59:40,252.53,--,0,12121,卖盘
7,14:59:35,252.53,-0.04,5,126265,卖盘
8,14:59:31,252.57,--,2,63647,买盘
9,14:59:20,252.57,--,3,75771,买盘
10,14:59:16,252.57,0.57,1,25257,买盘
11,14:59:10,252.0,-0.2,357,9011268,卖盘
12,14:59:06,252.2,-0.37,2,50440,卖盘
13,14:59:01,252.57,0.38,7,176799,买盘
14,14:58:51,252.19,0.19,3,75657,买盘
15,14:58:45,252.0,-0.02,13,327600,卖盘
16,14:58:40,252.02,-0.17,3,75606,卖盘
17,14:58:35,252.19,--,6,151314,买盘
18,14:58:30,252.19,0.11,1,25219,买盘
19,14:58:19,252.08,--,0,0,卖盘
20,14:58:09,252.08,--,2,50416,卖盘
21,14:58:04,252.08,0.06,5,126040,买盘
22,14:58:00,252.02,0.01,9,226818,买盘
23,14:57:49,252.01,0.01,2,50402,中性盘
24,14:57:45,252.0,--,4,100800,卖盘
25,14:57:39,252.0,0.28,31,782460,买盘
26,14:57:34,251.72,--,40,1006880,卖盘
27,14:57:30,251.72,-0.18,2,50344,卖盘
28,14:57:24,251.9,0.18,1,25190,买盘
29,14:57:20,251.72,--,1,25172,卖盘
30,14:57:15,251.72,0.01,36,906192,买盘
31,14:57:05,251.71,0.01,146,3691830,买盘
32,14:57:00,251.7,--,1,25170,买盘
33,14:56:49,251.7,0.01,2,50340,买盘
34,14:56:45,251.69,-0.01,1,25169,卖盘
35,14:56:30,251.7,-0.01,8,201360,卖盘
36,14:56:24,251.71,--,14,352394,买盘
37,14:56:15,251.71,--,3,75513,买盘
38,14:56:09,251.71,--,4,100684,买盘
39,14:56:04,251.71,0.01,21,528591,买盘
40,14:55:54,251.7,--,2,50340,卖盘
41,14:55:49,251.7,0.02,3,75510,卖盘
42,14:55:45,251.68,-0.03,2,70722,卖盘
43,14:55:39,251.71,0.01,13,327223,买盘
44,14:55:35,251.7,0.05,148,3725160,买盘
45,14:55:30,251.65,-0.05,1,25165,卖盘
46,14:55:24,251.7,--,0,0,买盘
47,14:55:20,251.7,0.02,4,100680,买盘
48,14:55:15,251.68,0.03,1,25168,买盘
49,14:55:04,251.65,--,2,50330,中性盘
50,14:55:00,251.65,0.05,9,226485,中性盘
51,14:54:54,251.6,-0.09,1,41262,卖盘
52,14:54:50,251.69,--,3,75507,买盘
53,14:54:45,251.69,--,4,100676,买盘
54,14:54:35,251.69,--,17,427873,买盘
55,14:54:30,251.69,-0.01,6,151014,卖盘
56,14:54:24,251.7,0.01,1,25170,买盘
57,14:54:20,251.69,--,44,1107436,卖盘
58,14:54:14,251.69,--,5,125845,卖盘
59,14:54:05,251.69,--,4,100676,卖盘
60,14:54:00,251.69,--,7,176183,买盘
61,14:53:54,251.69,--,2,50338,买盘
62,14:53:50,251.69,--,1,25169,买盘
63,14:53:45,251.69,--,5,125845,买盘
64,14:53:34,251.69,--,2,50338,买盘
65,14:53:30,251.69,0.04,2,73241,买盘
66,14:53:20,251.65,-0.01,2,50330,卖盘
67,14:53:14,251.66,--,3,75498,卖盘
68,14:53:05,251.66,0.01,70,1779236,买盘
69,14:52:59,251.65,--,10,251650,卖盘
70,14:52:54,251.65,-0.01,10,251650,卖盘
71,14:52:45,251.66,0.01,4,100664,买盘
72,14:52:39,251.65,-0.01,17,427805,卖盘
73,14:52:33,251.66,0.01,2,50332,买盘
74,14:52:30,251.65,0.04,13,327145,中性盘
75,14:52:24,251.61,-0.05,1,25161,卖盘
76,14:52:18,251.66,0.05,1,25166,买盘
77,14:52:14,251.61,-0.08,1,25161,卖盘
78,14:52:09,251.69,--,2,50338,买盘
79,14:51:59,251.69,--,1,25169,买盘
80,14:51:54,251.69,0.09,4,100676,买盘
81,14:51:44,251.6,-0.09,11,276760,卖盘
82,14:51:39,251.69,0.03,3,75507,买盘
83,14:51:33,251.66,-0.03,2,50332,卖盘
84,14:51:28,251.69,-0.01,2,50338,中性盘
85,14:51:24,251.7,--,5,125850,买盘
86,14:51:13,251.7,--,32,805440,卖盘
87,14:51:09,251.7,--,3,75510,卖盘
88,14:51:03,251.7,--,1,25170,卖盘
89,14:50:59,251.7,-0.01,3,75510,卖盘
90,14:50:48,251.71,-0.01,7,176197,卖盘
91,14:50:39,251.72,--,11,276892,买盘
92,14:50:33,251.72,-0.12,2,50344,卖盘
93,14:50:29,251.84,0.09,1,25184,买盘
94,14:50:24,251.75,-0.09,1,25175,中性盘
95,14:50:13,251.84,--,0,0,中性盘
96,14:50:09,251.84,--,6,151104,买盘
97,14:49:59,251.84,-0.05,1,25184,买盘
98,14:49:54,251.89,-0.02,8,201512,卖盘
99,14:49:43,251.91,-0.07,5,125955,卖盘
100,14:49:39,251.98,--,12,302376,卖盘
101,14:49:33,251.98,-0.01,1,25198,卖盘
102,14:49:28,251.99,0.01,6,151194,买盘
103,14:49:13,251.98,--,1,25198,卖盘
104,14:49:09,251.98,0.08,4,100792,买盘
105,14:48:59,251.9,--,1,25190,中性盘
106,14:48:54,251.9,--,2,50380,买盘
107,14:48:43,251.9,0.01,1,25190,买盘
108,14:48:39,251.89,--,6,151134,买盘
109,14:48:28,251.89,0.19,2,50378,买盘
110,14:48:18,251.7,-0.19,2,50340,卖盘
111,14:48:13,251.89,0.19,1,25189,买盘
112,14:48:09,251.7,--,26,654420,买盘
113,14:47:58,251.7,--,6,151020,买盘
114,14:47:54,251.7,--,10,251700,买盘
115,14:47:48,251.7,-0.17,14,352380,卖盘
116,14:47:44,251.87,--,3,75561,卖盘
117,14:47:39,251.87,0.08,3,75561,买盘
118,14:47:29,251.79,0.09,50,1258950,买盘
119,14:47:14,251.7,--,3,75510,卖盘
120,14:47:09,251.7,0.04,5,125850,买盘
121,14:46:58,251.66,--,1,25166,卖盘
122,14:46:53,251.66,--,5,125830,买盘
123,14:46:48,251.66,--,5,125830,买盘
124,14:46:38,251.66,0.05,6,150996,买盘
125,14:46:33,251.61,-0.05,4,100644,卖盘
126,14:46:23,251.66,0.06,2,50332,买盘
127,14:46:08,251.6,--,3,75480,卖盘
128,14:46:03,251.6,--,4,100640,买盘
129,14:45:57,251.6,--,2,50320,买盘
130,14:45:53,251.6,--,3,75480,买盘
131,14:45:48,251.6,--,1,25160,买盘
132,14:45:38,251.6,--,2,50320,买盘
133,14:45:33,251.6,0.02,9,226440,买盘
134,14:45:23,251.58,--,0,0,卖盘
135,14:45:18,251.58,--,5,125790,卖盘
136,14:45:07,251.58,--,4,105663,买盘
137,14:45:03,251.58,--,48,1227710,卖盘
138,14:44:57,251.58,-0.02,1,25158,卖盘
139,14:44:52,251.6,--,4,100640,买盘
140,14:44:48,251.6,--,7,176120,买盘
141,14:44:42,251.6,--,1,25160,买盘
142,14:44:37,251.6,--,1,25160,买盘
143,14:44:27,251.6,--,7,176120,买盘
144,14:44:23,251.6,--,1,25160,买盘
145,14:44:18,251.6,0.02,2,50320,买盘
146,14:44:12,251.58,--,1,25158,卖盘
147,14:44:08,251.58,--,4,100632,卖盘
148,14:44:03,251.58,0.05,105,2646621,买盘
149,14:43:57,251.53,--,1,25153,卖盘
150,14:43:48,251.53,0.01,2,50306,卖盘
151,14:43:42,251.52,--,1,25152,卖盘
152,14:43:38,251.52,-0.01,15,377280,卖盘
153,14:43:33,251.53,--,8,201224,买盘
154,14:43:27,251.53,--,0,0,中性盘
155,14:43:22,251.53,--,2,50306,买盘
156,14:43:18,251.53,-0.02,1,25153,卖盘
157,14:43:07,251.55,-0.03,5,125775,卖盘
158,14:43:02,251.58,0.02,8,201264,买盘
159,14:42:52,251.56,--,0,0,中性盘
160,14:42:48,251.56,-0.02,5,125780,卖盘
161,14:42:42,251.58,0.06,3,75474,买盘
162,14:42:37,251.52,-0.06,15,377280,卖盘
163,14:42:33,251.58,0.03,1,25158,买盘
164,14:42:27,251.55,--,5,125775,卖盘
165,14:42:18,251.55,--,5,125775,卖盘
166,14:42:07,251.55,--,2,50310,卖盘
167,14:42:03,251.55,--,2,50310,卖盘
168,14:41:57,251.55,--,1,25155,卖盘
169,14:41:53,251.55,0.02,0,2515,买盘
170,14:41:48,251.53,-0.02,5,125765,卖盘
171,14:41:42,251.55,--,1,25155,买盘
172,14:41:38,251.55,--,4,100620,买盘
173,14:41:33,251.55,0.02,3,75465,买盘
174,14:41:27,251.53,-0.02,1,25153,卖盘
175,14:41:23,251.55,--,9,226395,买盘
176,14:41:18,251.55,-0.01,88,2236279,卖盘
177,14:41:07,251.56,--,2,50312,卖盘
178,14:41:02,251.56,--,12,301872,卖盘
179,14:40:57,251.56,--,5,125780,卖盘
180,14:40:52,251.56,--,0,2515,卖盘
181,14:40:48,251.56,--,9,226404,买盘
182,14:40:42,251.56,--,0,0,买盘
183,14:40:37,251.56,0.03,4,100624,买盘
184,14:40:33,251.53,--,16,402448,卖盘
185,14:40:27,251.53,-0.03,2,50306,卖盘
186,14:40:22,251.56,-0.02,2,50312,中性盘
187,14:40:18,251.58,--,0,0,买盘
188,14:40:12,251.58,0.01,8,201264,买盘
189,14:40:07,251.57,-0.01,2,50314,卖盘
190,14:40:03,251.58,--,8,201264,买盘
191,14:39:57,251.58,--,7,176106,买盘
192,14:39:52,251.58,--,2,50316,买盘
193,14:39:47,251.58,--,2,50316,买盘
194,14:39:42,251.58,--,30,754740,买盘
195,14:39:36,251.58,--,1,25158,买盘
196,14:39:32,251.58,--,1,25158,买盘
197,14:39:27,251.58,--,1,25158,买盘
198,14:39:21,251.58,--,11,296864,卖盘
199,14:39:17,251.58,--,5,125790,卖盘
200,14:39:12,251.58,--,1,30189,卖盘
201,14:39:06,251.58,--,2,50316,卖盘
202,14:39:02,251.58,--,1,25158,卖盘
203,14:38:57,251.58,0.08,3,75474,买盘
204,14:38:51,251.5,--,22,553300,卖盘
205,14:38:47,251.5,-0.08,29,729350,卖盘
206,14:38:42,251.58,0.01,5,125790,买盘
207,14:38:36,251.57,-0.03,3,75471,卖盘
208,14:38:32,251.6,0.04,30,754800,中性盘
209,14:38:27,251.56,-0.43,1,25156,卖盘
210,14:38:21,251.99,--,0,0,买盘
211,14:38:12,251.99,--,0,0,买盘
212,14:38:06,251.99,0.49,45,1133955,买盘
213,14:38:02,251.5,-0.29,4,100600,卖盘
214,14:37:57,251.79,0.19,6,151074,买盘
215,14:37:51,251.6,--,1,25160,卖盘
216,14:37:47,251.6,-0.2,2,50320,卖盘
217,14:37:42,251.8,0.41,10,251800,买盘
218,14:37:36,251.39,--,0,0,中性盘
219,14:37:31,251.39,-0.27,4,100556,卖盘
220,14:37:27,251.66,0.15,15,377490,买盘
221,14:37:21,251.51,--,0,0,中性盘
222,14:37:16,251.51,-0.07,5,125755,卖盘
223,14:37:12,251.58,-0.08,8,201264,卖盘
224,14:37:06,251.66,-0.14,1,25166,卖盘
225,14:37:01,251.8,--,0,0,买盘
226,14:36:57,251.8,0.12,23,579140,中性盘
227,14:36:51,251.68,--,0,0,卖盘
228,14:36:47,251.68,-0.12,60,1510080,卖盘
229,14:36:42,251.8,-0.13,12,302160,卖盘
230,14:36:36,251.93,0.04,1,25193,买盘
231,14:36:31,251.89,-0.06,52,1309828,卖盘
232,14:36:26,251.95,-0.01,3,75585,卖盘
233,14:36:21,251.96,-0.01,3,75588,卖盘
234,14:36:16,251.97,-0.03,21,529137,卖盘
235,14:36:11,252.0,-0.03,82,2066400,卖盘
236,14:36:06,252.03,-0.01,2,50406,卖盘
237,14:36:01,252.04,--,11,277244,中性盘
238,14:35:57,252.04,-0.01,13,327652,卖盘
239,14:35:51,252.05,-0.01,7,176435,卖盘
240,14:35:46,252.06,-0.03,54,1384061,卖盘
241,14:35:36,252.09,0.01,4,100836,中性盘
242,14:35:32,252.08,-0.01,8,201664,卖盘
243,14:35:26,252.09,--,0,0,中性盘
244,14:35:21,252.09,-0.01,2,50418,卖盘
245,14:35:16,252.1,-0.03,11,277310,卖盘
246,14:35:12,252.13,-0.03,18,453834,卖盘
247,14:35:06,252.16,--,3,75648,买盘
248,14:35:01,252.16,0.03,20,504320,买盘
249,14:34:57,252.13,-0.03,207,5219091,卖盘
250,14:34:51,252.16,-0.03,1,25216,卖盘
251,14:34:41,252.19,-0.01,4,100876,买盘
252,14:34:36,252.2,--,1,25220,卖盘
253,14:34:31,252.2,--,8,201760,卖盘
254,14:34:21,252.2,-0.01,15,378300,卖盘
255,14:34:16,252.21,-0.04,3,75663,卖盘
256,14:34:11,252.25,--,0,0,买盘
257,14:34:06,252.25,-0.03,3,75675,买盘
258,14:33:56,252.28,--,4,100912,买盘
259,14:33:51,252.28,--,3,75684,买盘
260,14:33:46,252.28,--,0,0,买盘
261,14:33:36,252.28,0.08,1,25228,买盘
262,14:33:31,252.2,--,1,25220,卖盘
263,14:33:26,252.2,-0.3,9,226980,卖盘
264,14:33:12,252.5,--,3,75750,买盘
265,14:33:06,252.5,0.22,88,2222000,买盘
266,14:33:00,252.28,--,2,50456,卖盘
267,14:32:51,252.28,0.12,6,153638,买盘
268,14:32:41,252.16,--,0,0,中性盘
269,14:32:36,252.16,--,3,75648,买盘
270,14:32:30,252.16,0.02,1,25216,买盘
271,14:32:26,252.14,-0.02,3,75642,卖盘
272,14:32:21,252.16,--,3,75648,买盘
273,14:32:15,252.16,0.02,2,50432,买盘
274,14:32:11,252.14,0.01,1,25214,中性盘
275,14:32:06,252.13,--,1,25213,卖盘
276,14:32:00,252.13,--,2,50426,卖盘
277,14:31:56,252.13,-0.02,10,252130,卖盘
278,14:31:51,252.15,0.02,5,126075,中性盘
279,14:31:41,252.13,-0.02,3,75639,卖盘
280,14:31:36,252.15,-0.06,9,249880,卖盘
281,14:31:30,252.21,0.05,4,100884,中性盘
282,14:31:26,252.16,-0.14,3,75648,卖盘
283,14:31:21,252.3,0.14,37,933510,买盘
284,14:31:15,252.16,-0.13,6,151296,卖盘
285,14:31:11,252.29,0.01,1,25229,中性盘
286,14:31:00,252.28,--,2,50456,卖盘
287,14:30:56,252.28,0.08,4,100912,买盘
288,14:30:51,252.2,--,6,151320,买盘
289,14:30:36,252.2,0.01,1,25220,买盘
290,14:30:30,252.19,0.03,4,100876,买盘
291,14:30:25,252.16,--,3,75648,卖盘
292,14:30:21,252.16,--,1,25216,卖盘
293,14:30:11,252.16,--,2,50432,卖盘
294,14:30:00,252.16,-0.01,5,126080,卖盘
295,14:29:55,252.17,--,0,0,中性盘
296,14:29:51,252.17,-0.02,13,327821,卖盘
297,14:29:45,252.19,0.03,1,25219,买盘
298,14:29:40,252.16,-0.03,1,25216,卖盘
299,14:29:30,252.19,--,1,25219,卖盘
300,14:29:25,252.19,-0.11,3,75657,卖盘
301,14:29:21,252.3,0.11,3,75690,买盘
302,14:29:10,252.19,--,2,50438,卖盘
303,14:29:06,252.19,0.03,4,100876,买盘
304,14:29:00,252.16,-0.03,1,25216,卖盘
305,14:28:55,252.19,0.02,4,100876,买盘
306,14:28:50,252.17,-0.02,8,201736,卖盘
307,14:28:45,252.19,--,1,25219,买盘
308,14:28:41,252.19,--,2,50438,卖盘
309,14:28:35,252.19,--,1,25219,卖盘
310,14:28:30,252.19,--,4,100876,买盘
311,14:28:25,252.19,-0.06,2,50438,卖盘
312,14:28:15,252.25,--,0,0,买盘
313,14:28:10,252.25,0.09,1,25225,买盘
314,14:28:05,252.16,-0.03,3,75648,卖盘
315,14:28:00,252.19,--,1,25219,卖盘
316,14:27:55,252.19,-0.11,1,25219,卖盘
317,14:27:50,252.3,0.05,5,126150,买盘
318,14:27:45,252.25,-0.05,12,302700,中性盘
319,14:27:40,252.3,0.1,9,227070,买盘
320,14:27:35,252.2,-0.1,5,126100,卖盘
321,14:27:30,252.3,--,19,479370,卖盘
322,14:27:20,252.3,--,2,50460,卖盘
323,14:27:15,252.3,--,2,50460,卖盘
324,14:27:10,252.3,--,1,25230,卖盘
325,14:27:05,252.3,-0.02,2,50460,卖盘
326,14:27:00,252.32,--,1,25232,买盘
327,14:26:45,252.32,--,18,454176,买盘
328,14:26:40,252.32,-0.04,10,252320,卖盘
329,14:26:35,252.36,0.01,4,100944,买盘
330,14:26:25,252.35,-0.01,1,25235,卖盘
331,14:26:20,252.36,--,1,25236,买盘
332,14:26:15,252.36,0.01,1,25236,买盘
333,14:26:00,252.35,0.03,2,50470,买盘
334,14:25:50,252.32,-0.03,5,126160,卖盘
335,14:25:45,252.35,0.02,4,100940,买盘
336,14:25:39,252.33,-0.02,1,25233,卖盘
337,14:25:35,252.35,0.02,1,25235,买盘
338,14:25:24,252.33,--,4,100932,卖盘
339,14:25:20,252.33,-0.11,20,504660,卖盘
340,14:25:15,252.44,--,3,75732,卖盘
341,14:25:05,252.44,-0.01,6,151464,卖盘
342,14:24:54,252.45,0.01,1,25245,买盘
343,14:24:50,252.44,-0.01,5,126220,卖盘
344,14:24:45,252.45,0.02,27,681615,买盘
345,14:24:39,252.43,--,3,75729,卖盘
346,14:24:30,252.43,--,3,75729,卖盘
347,14:24:24,252.43,--,1,25243,卖盘
348,14:24:20,252.43,--,5,126215,卖盘
349,14:24:15,252.43,--,2,50486,卖盘
350,14:24:09,252.43,0.1,9,227187,买盘
351,14:24:05,252.33,-0.07,4,100932,卖盘
352,14:24:00,252.4,--,1,25240,卖盘
353,14:23:45,252.4,-0.03,11,277640,卖盘
354,14:23:39,252.43,--,2,50486,买盘
355,14:23:30,252.43,--,2,50486,买盘
356,14:23:20,252.43,--,1,25243,买盘
357,14:23:09,252.43,0.03,1,25243,买盘
358,14:23:00,252.4,--,0,0,卖盘
359,14:22:54,252.4,--,0,0,中性盘
360,14:22:49,252.4,-0.05,3,75720,中性盘
361,14:22:45,252.45,0.1,9,227205,买盘
362,14:22:39,252.35,--,2,50470,买盘
363,14:22:34,252.35,-0.05,1,25235,卖盘
364,14:22:30,252.4,-0.05,35,903592,卖盘
365,14:22:24,252.45,0.05,1,25245,买盘
366,14:22:15,252.4,--,1,25240,卖盘
367,14:22:09,252.4,0.08,2,55528,买盘
368,14:22:04,252.32,-0.08,2,50464,卖盘
369,14:22:00,252.4,0.01,5,126200,买盘
370,14:21:54,252.39,--,3,75717,买盘
371,14:21:49,252.39,-0.01,4,100956,卖盘
372,14:21:45,252.4,0.01,3,75720,买盘
373,14:21:39,252.39,0.07,3,75717,买盘
374,14:21:34,252.32,--,1,25232,卖盘
375,14:21:29,252.32,--,3,75696,卖盘
376,14:21:24,252.32,0.02,1,25232,买盘
377,14:21:19,252.3,-0.02,4,100920,卖盘
378,14:21:14,252.32,--,3,75696,买盘
379,14:21:09,252.32,--,1,25232,买盘
380,14:21:04,252.32,0.02,1,25232,买盘
381,14:20:49,252.3,0.06,3,75690,中性盘
382,14:20:44,252.24,-0.01,1,25224,卖盘
383,14:20:39,252.25,--,0,10090,卖盘
384,14:20:34,252.25,--,4,100900,卖盘
385,14:20:29,252.25,0.01,36,923235,买盘
386,14:20:24,252.24,0.01,1,25224,买盘
387,14:20:19,252.23,-0.01,3,75669,卖盘
388,14:20:14,252.24,--,1,25224,买盘
389,14:20:09,252.24,--,3,75672,买盘
390,14:20:04,252.24,--,3,75672,买盘
391,14:19:54,252.24,--,1,25224,买盘
392,14:19:49,252.24,--,3,75672,买盘
393,14:19:44,252.24,--,2,50448,卖盘
394,14:19:39,252.24,--,9,227016,买盘
395,14:19:29,252.24,--,8,201792,买盘
396,14:19:24,252.24,0.01,8,201792,买盘
397,14:19:14,252.23,--,1,25223,卖盘
398,14:19:09,252.23,-0.01,7,176561,卖盘
399,14:18:59,252.24,0.01,1,37583,买盘
400,14:18:48,252.23,-0.01,1,25223,卖盘
401,14:18:39,252.24,--,7,176568,买盘
402,14:18:29,252.24,0.01,1,25224,买盘
403,14:18:18,252.23,-0.01,1,25223,卖盘
404,14:18:09,252.24,0.01,1,25224,买盘
405,14:18:03,252.23,--,1,25223,卖盘
406,14:17:59,252.23,--,1,25223,卖盘
407,14:17:54,252.23,-0.01,1,25223,卖盘
408,14:17:48,252.24,--,2,50448,买盘
409,14:17:44,252.24,0.01,5,126120,买盘
410,14:17:39,252.23,-0.01,14,353122,卖盘
411,14:17:24,252.24,0.01,2,50448,买盘
412,14:17:14,252.23,-0.01,1,25223,卖盘
413,14:17:08,252.24,0.01,10,252240,买盘
414,14:16:58,252.23,-0.01,7,176561,卖盘
415,14:16:54,252.24,0.01,6,151344,买盘
416,14:16:39,252.23,--,6,151338,买盘
417,14:16:33,252.23,--,2,50446,买盘
418,14:16:29,252.23,--,0,0,买盘
419,14:16:24,252.23,0.04,1,25223,买盘
420,14:16:18,252.19,--,0,18662,买盘
421,14:16:14,252.19,-0.04,0,6556,卖盘
422,14:16:09,252.23,0.04,5,126115,买盘
423,14:15:59,252.19,--,1,27740,卖盘
424,14:15:54,252.19,--,0,6052,卖盘
425,14:15:44,252.19,0.02,1,35306,中性盘
426,14:15:39,252.17,--,11,294030,卖盘
427,14:15:29,252.17,--,1,34042,卖盘
428,14:15:24,252.17,--,2,54216,卖盘
429,14:15:18,252.17,0.01,1,35303,买盘
430,14:15:13,252.16,-0.08,2,50432,卖盘
431,14:15:09,252.24,-0.01,3,75672,中性盘
432,14:15:03,252.25,0.08,10,252250,买盘
433,14:14:58,252.17,--,1,30764,卖盘
434,14:14:53,252.17,-0.07,0,19669,卖盘
435,14:14:48,252.24,--,2,50448,卖盘
436,14:14:43,252.24,--,47,1185528,买盘
437,14:14:39,252.24,--,3,77942,买盘
438,14:14:33,252.24,--,9,227016,买盘
439,14:14:28,252.24,0.09,47,1185528,买盘
440,14:14:24,252.15,-0.04,2,50430,卖盘
441,14:14:18,252.19,--,3,81457,卖盘
442,14:14:13,252.19,--,6,151314,卖盘
443,14:14:09,252.19,-0.01,5,130130,卖盘
444,14:14:03,252.2,-0.02,4,109707,卖盘
445,14:13:58,252.22,0.01,8,201776,买盘
446,14:13:53,252.21,--,14,358138,卖盘
447,14:13:48,252.21,--,1,25221,卖盘
448,14:13:43,252.21,0.01,0,20176,卖盘
449,14:13:38,252.2,--,2,56492,卖盘
450,14:13:33,252.2,0.05,18,464300,买盘
451,14:13:28,252.15,-0.04,3,85226,卖盘
452,14:13:23,252.19,0.06,18,460246,买盘
453,14:13:18,252.13,--,2,50426,卖盘
454,14:13:13,252.13,--,7,189601,买盘
455,14:13:08,252.13,-0.06,4,112702,卖盘
456,14:13:03,252.19,0.06,1,25219,买盘
457,14:12:58,252.13,--,2,50426,卖盘
458,14:12:53,252.13,--,1,25213,卖盘
459,14:12:48,252.13,--,0,0,卖盘
460,14:12:42,252.13,--,1,49417,卖盘
461,14:12:33,252.13,0.03,6,165649,买盘
462,14:12:27,252.1,-0.09,1,28739,卖盘
463,14:12:18,252.19,--,0,0,买盘
464,14:12:08,252.19,-0.01,4,103145,卖盘
465,14:12:03,252.2,0.01,2,61536,买盘
466,14:11:53,252.19,--,1,25975,卖盘
467,14:11:47,252.19,--,3,76413,卖盘
468,14:11:38,252.19,--,0,10339,卖盘
469,14:11:33,252.19,0.11,7,199230,买盘
470,14:11:23,252.08,0.01,1,28989,卖盘
471,14:11:18,252.07,-0.12,0,11847,卖盘
472,14:11:12,252.19,0.12,2,50438,买盘
473,14:11:08,252.07,0.01,2,52934,买盘
474,14:10:56,252.06,-0.01,3,80659,卖盘
475,14:10:53,252.07,--,0,15628,买盘
476,14:10:47,252.07,-0.13,1,41339,卖盘
477,14:10:42,252.2,0.13,34,857480,买盘
478,14:10:38,252.07,--,1,25207,卖盘
479,14:10:32,252.07,0.01,4,109902,买盘
480,14:10:27,252.06,-0.01,1,28230,卖盘
481,14:10:23,252.07,0.01,1,25207,买盘
482,14:10:17,252.06,--,1,27222,卖盘
483,14:10:08,252.06,--,3,78894,卖盘
484,14:10:02,252.06,-0.01,2,55705,卖盘
485,14:09:57,252.07,0.01,1,25207,买盘
486,14:09:53,252.06,--,2,50412,卖盘
487,14:09:48,252.06,-0.14,3,89733,卖盘
488,14:09:38,252.2,0.01,2,50440,买盘
489,14:09:33,252.19,-0.03,22,577262,卖盘
490,14:09:23,252.22,0.02,8,219431,买盘
491,14:09:17,252.2,0.13,18,457238,买盘
492,14:09:12,252.07,-0.13,1,25207,卖盘
493,14:09:08,252.2,0.14,6,163677,买盘
494,14:08:57,252.06,-0.01,3,79398,卖盘
495,14:08:53,252.07,0.01,3,75621,中性盘
496,14:08:47,252.06,-0.01,1,25206,卖盘
497,14:08:42,252.07,-0.03,0,4033,卖盘
498,14:08:38,252.1,--,1,25210,买盘
499,14:08:33,252.1,-0.12,1,29495,卖盘
500,14:08:27,252.22,0.12,7,196731,买盘
501,14:08:17,252.1,-0.06,2,60756,卖盘
502,14:08:07,252.16,--,2,55979,卖盘
503,14:08:02,252.16,-0.06,4,124062,卖盘
504,14:07:57,252.22,0.06,3,75666,买盘
505,14:07:53,252.16,0.06,2,72117,卖盘
506,14:07:48,252.1,--,3,93024,卖盘
507,14:07:38,252.1,--,1,25210,卖盘
508,14:07:32,252.1,-0.01,3,80924,卖盘
509,14:07:27,252.11,0.01,4,100844,中性盘
510,14:07:21,252.1,--,6,165881,卖盘
511,14:07:17,252.1,--,0,0,卖盘
512,14:07:12,252.1,--,26,666552,卖盘
513,14:07:07,252.1,--,2,54705,卖盘
514,14:07:03,252.1,0.03,4,114201,买盘
515,14:06:57,252.07,--,0,6805,卖盘
516,14:06:47,252.07,-0.03,7,187792,卖盘
517,14:06:37,252.1,--,0,19663,卖盘
518,14:06:33,252.1,--,3,81176,卖盘
519,14:06:27,252.1,--,5,127058,卖盘
520,14:06:22,252.1,0.03,2,64285,买盘
521,14:06:17,252.07,-0.03,2,67050,卖盘
522,14:06:07,252.1,--,2,62520,卖盘
523,14:06:03,252.1,-0.08,1,42604,卖盘
524,14:05:52,252.18,--,0,0,买盘
525,14:05:47,252.18,--,2,71114,卖盘
526,14:05:42,252.18,--,10,252180,卖盘
527,14:05:36,252.18,--,21,551265,卖盘
528,14:05:32,252.18,--,14,365661,卖盘
529,14:05:21,252.18,--,16,407775,卖盘
530,14:05:17,252.18,--,2,50436,卖盘
531,14:05:12,252.18,0.08,15,394661,买盘
532,14:05:06,252.1,--,7,194369,卖盘
533,14:05:02,252.1,--,2,50420,卖盘
534,14:04:57,252.1,--,9,233696,卖盘
535,14:04:47,252.1,--,2,73109,卖盘
536,14:04:42,252.1,-0.08,1,47394,卖盘
537,14:04:32,252.18,--,0,20678,卖盘
538,14:04:27,252.18,--,5,130629,买盘
539,14:04:21,252.18,0.08,2,50436,买盘
540,14:04:17,252.1,-0.08,4,125545,卖盘
541,14:04:12,252.18,0.08,8,225196,买盘
542,14:04:06,252.1,--,1,25210,卖盘
543,14:04:02,252.1,--,0,4033,卖盘
544,14:03:57,252.1,-0.08,1,41344,中性盘
545,14:03:50,252.18,0.11,3,75654,买盘
546,14:03:47,252.07,--,0,15880,卖盘
547,14:03:36,252.07,--,1,29996,卖盘
548,14:03:32,252.07,-0.11,1,29240,卖盘
549,14:03:26,252.18,0.1,8,217379,买盘
550,14:03:21,252.08,-0.02,0,9579,卖盘
551,14:03:11,252.1,--,0,0,中性盘
552,14:03:06,252.1,-0.08,1,25210,卖盘
553,14:03:02,252.18,-0.02,4,100872,卖盘
554,14:02:56,252.2,--,11,283472,卖盘
555,14:02:47,252.2,--,5,128874,卖盘
556,14:02:41,252.2,--,6,169478,卖盘
557,14:02:36,252.2,--,0,0,卖盘
558,14:02:32,252.2,--,5,136944,卖盘
559,14:02:26,252.2,-0.04,5,135179,卖盘
560,14:02:21,252.24,0.04,8,201792,买盘
561,14:02:17,252.2,--,3,98105,卖盘
562,14:02:11,252.2,--,8,209073,卖盘
563,14:02:06,252.2,--,3,75660,卖盘
564,14:02:01,252.2,--,0,16645,卖盘
565,14:01:56,252.2,--,1,26733,卖盘
566,14:01:47,252.2,--,1,49935,卖盘
567,14:01:36,252.2,--,6,151572,卖盘
568,14:01:32,252.2,--,6,163425,卖盘
569,14:01:20,252.2,--,1,41613,卖盘
570,14:01:16,252.2,0.1,13,348540,买盘
571,14:01:11,252.1,--,3,77394,卖盘
572,14:01:06,252.1,-0.1,1,31008,卖盘
573,14:00:56,252.2,--,1,25220,买盘
574,14:00:51,252.2,--,14,372247,卖盘
575,14:00:46,252.2,--,7,197220,卖盘
576,14:00:41,252.2,-0.04,18,465309,卖盘
577,14:00:36,252.24,0.04,2,50448,买盘
578,14:00:31,252.2,--,7,196463,卖盘
579,14:00:26,252.2,--,5,149050,卖盘
580,14:00:16,252.2,--,3,92305,卖盘
581,14:00:11,252.2,--,5,141484,买盘
582,14:00:06,252.2,--,0,15888,卖盘
583,14:00:01,252.2,--,3,80956,卖盘
584,13:59:56,252.2,--,1,28750,卖盘
585,13:59:46,252.2,-0.06,4,103402,卖盘
586,13:59:41,252.26,0.06,2,50452,买盘
587,13:59:35,252.2,-0.06,11,283725,卖盘
588,13:59:31,252.26,0.06,11,302207,买盘
589,13:59:21,252.2,-0.02,12,320294,卖盘
590,13:59:15,252.22,0.02,1,25222,中性盘
591,13:59:11,252.2,-0.02,21,547021,卖盘
592,13:59:06,252.22,--,11,285008,买盘
593,13:59:01,252.22,--,1,25222,买盘
594,13:58:51,252.22,--,0,22447,卖盘
595,13:58:46,252.22,--,2,59271,卖盘
596,13:58:41,252.22,--,4,119552,卖盘
597,13:58:36,252.22,--,3,75666,卖盘
598,13:58:31,252.22,--,1,40859,卖盘
599,13:58:26,252.22,-0.18,0,10088,卖盘
600,13:58:21,252.4,0.05,9,227160,买盘
601,13:58:15,252.35,--,2,50470,买盘
602,13:58:11,252.35,-0.05,3,75705,中性盘
603,13:58:06,252.4,--,35,883400,卖盘
604,13:58:00,252.4,0.09,5,126200,买盘
605,13:57:56,252.31,-0.09,2,50462,卖盘
606,13:57:51,252.4,--,49,1236760,卖盘
607,13:57:41,252.4,-0.04,5,126200,卖盘
608,13:57:36,252.44,--,0,0,中性盘
609,13:57:30,252.44,--,1,25244,卖盘
610,13:57:26,252.44,-0.01,9,227196,卖盘
611,13:57:21,252.45,--,10,252450,买盘
612,13:57:15,252.45,0.05,4,100980,买盘
613,13:57:11,252.4,--,0,0,卖盘
614,13:57:06,252.4,-0.05,2,50480,卖盘
615,13:57:00,252.45,0.14,4,100980,买盘
616,13:56:56,252.31,-0.13,1,25231,卖盘
617,13:56:51,252.44,-0.01,2,50488,卖盘
618,13:56:45,252.45,--,1,25245,买盘
619,13:56:41,252.45,0.01,1,25245,买盘
620,13:56:30,252.44,-0.01,1,25244,卖盘
621,13:56:26,252.45,0.01,1,25245,买盘
622,13:56:20,252.44,--,1,25244,卖盘
623,13:56:15,252.44,0.01,6,151716,买盘
624,13:56:10,252.43,0.03,3,75729,中性盘
625,13:56:05,252.4,-0.04,3,75720,卖盘
626,13:55:50,252.44,--,0,24991,卖盘
627,13:55:41,252.44,0.04,3,75984,买盘
628,13:55:35,252.4,--,2,50480,卖盘
629,13:55:26,252.4,-0.04,90,2271600,卖盘
630,13:55:15,252.44,--,3,75732,买盘
631,13:55:10,252.44,0.04,1,25244,买盘
632,13:55:05,252.4,--,29,731960,卖盘
633,13:55:00,252.4,--,2,50480,卖盘
634,13:54:45,252.4,-0.01,4,100960,卖盘
635,13:54:41,252.41,0.01,19,479579,买盘
636,13:54:30,252.4,--,6,151440,卖盘
637,13:54:26,252.4,-0.16,2,50480,卖盘
638,13:54:20,252.56,--,0,0,买盘
639,13:54:15,252.56,--,0,0,买盘
640,13:54:10,252.56,0.12,16,404096,买盘
641,13:53:56,252.44,-0.01,50,1262200,卖盘
642,13:53:50,252.45,-0.11,4,100980,卖盘
643,13:53:45,252.56,--,1,25256,买盘
644,13:53:41,252.56,0.11,3,75768,买盘
645,13:53:35,252.45,-0.11,1,25245,卖盘
646,13:53:30,252.56,--,1,25256,买盘
647,13:53:25,252.56,-0.04,1,25256,卖盘
648,13:53:20,252.6,0.04,3,75780,买盘
649,13:53:15,252.56,--,1,25256,卖盘
650,13:53:10,252.56,-0.08,5,126280,买盘
651,13:52:55,252.64,0.19,1,25264,买盘
652,13:52:50,252.45,-0.15,2,50490,卖盘
653,13:52:45,252.6,0.15,2,50520,卖盘
654,13:52:40,252.45,--,0,0,卖盘
655,13:52:35,252.45,-0.15,11,277695,卖盘
656,13:52:25,252.6,--,2,50520,卖盘
657,13:52:20,252.6,-0.04,1,25260,卖盘
658,13:52:10,252.64,--,9,227376,买盘
659,13:52:05,252.64,-0.06,3,75792,卖盘
660,13:51:50,252.7,0.06,1,25270,买盘
661,13:51:40,252.64,--,4,101056,卖盘
662,13:51:35,252.64,-0.01,1,25264,卖盘
663,13:51:30,252.65,-0.05,2,50530,卖盘
664,13:51:24,252.7,0.06,1,25270,买盘
665,13:51:15,252.64,0.2,1,25264,卖盘
666,13:51:09,252.44,--,39,984516,买盘
667,13:51:05,252.44,--,7,176708,买盘
668,13:51:00,252.44,-0.06,5,126220,卖盘
669,13:50:50,252.5,0.06,1,25250,卖盘
670,13:50:45,252.44,--,1,25244,买盘
671,13:50:39,252.44,--,2,50488,买盘
672,13:50:35,252.44,--,1,25244,买盘
673,13:50:30,252.44,--,8,201952,买盘
674,13:50:24,252.44,--,5,126220,买盘
675,13:50:20,252.44,--,2,50488,买盘
676,13:50:09,252.44,--,0,0,买盘
677,13:50:05,252.44,--,2,50488,买盘
678,13:50:00,252.44,0.03,3,75732,买盘
679,13:49:54,252.41,-0.03,4,100964,卖盘
680,13:49:50,252.44,-0.01,12,302928,买盘
681,13:49:45,252.45,--,28,706860,卖盘
682,13:49:39,252.45,--,0,0,卖盘
683,13:49:29,252.45,-0.25,53,1337985,中性盘
684,13:49:24,252.7,0.26,53,1339310,买盘
685,13:49:19,252.44,-0.28,1,25244,卖盘
686,13:49:14,252.72,--,0,0,买盘
687,13:49:09,252.72,0.29,9,227448,买盘
688,13:49:05,252.43,-0.01,1,25243,卖盘
689,13:48:59,252.44,-0.01,1,25244,卖盘
690,13:48:50,252.45,-0.26,2,50490,卖盘
691,13:48:39,252.71,0.21,1,25271,买盘
692,13:48:34,252.5,-0.2,3,75750,卖盘
693,13:48:29,252.7,--,0,0,中性盘
694,13:48:24,252.7,0.1,3,75810,买盘
695,13:48:20,252.6,-0.12,1,25260,卖盘
696,13:48:14,252.72,--,0,0,买盘
697,13:48:08,252.72,--,6,151632,买盘
698,13:48:05,252.72,--,5,126360,买盘
699,13:47:59,252.72,-0.06,6,151632,卖盘
700,13:47:49,252.78,--,1,25278,中性盘
701,13:47:44,252.78,--,0,0,中性盘
702,13:47:39,252.78,0.06,1,25278,买盘
703,13:47:34,252.72,--,3,75816,卖盘
704,13:47:29,252.72,--,0,0,中性盘
705,13:47:20,252.72,-0.08,1,25272,买盘
706,13:47:14,252.8,--,0,0,买盘
707,13:47:04,252.8,--,7,176960,买盘
708,13:46:59,252.8,0.12,1,25280,买盘
709,13:46:54,252.68,--,0,0,卖盘
710,13:46:44,252.68,--,0,0,中性盘
711,13:46:39,252.68,-0.12,1,25268,中性盘
712,13:46:14,252.8,-0.16,21,532902,卖盘
713,13:46:08,252.96,--,1,25296,卖盘
714,13:46:04,252.96,0.01,2,50592,买盘
715,13:45:50,252.95,--,2,50590,卖盘
716,13:45:44,252.95,-0.01,23,581785,卖盘
717,13:45:34,252.96,0.01,9,228169,买盘
718,13:45:29,252.95,--,1,25295,卖盘
719,13:45:14,252.95,0.08,15,402190,买盘
720,13:45:09,252.87,-0.08,3,75861,卖盘
721,13:45:04,252.95,0.08,8,202360,买盘
722,13:44:59,252.87,-0.07,2,50574,卖盘
723,13:44:39,252.94,--,3,75882,卖盘
724,13:44:24,252.94,--,1,25294,卖盘
725,13:44:08,252.94,--,2,50588,卖盘
726,13:44:04,252.94,--,4,101176,买盘
727,13:43:49,252.94,0.06,1,25294,买盘
728,13:43:44,252.88,--,2,50576,卖盘
729,13:43:33,252.88,--,0,0,卖盘
730,13:43:14,252.88,--,0,0,中性盘
731,13:43:09,252.88,-0.07,2,50576,买盘
732,13:43:03,252.95,--,2,50590,买盘
733,13:42:59,252.95,0.08,5,126475,买盘
734,13:42:53,252.87,-0.01,1,25287,卖盘
735,13:42:48,252.88,--,0,0,卖盘
736,13:42:39,252.88,--,3,75864,卖盘
737,13:42:29,252.88,--,1,25288,卖盘
738,13:42:24,252.88,--,2,50576,卖盘
739,13:42:08,252.88,--,2,50576,卖盘
740,13:42:03,252.88,--,1,25288,卖盘
741,13:41:58,252.88,0.01,7,177016,买盘
742,13:41:48,252.87,--,0,0,卖盘
743,13:41:43,252.87,-0.01,2,50574,卖盘
744,13:41:23,252.88,0.01,0,8092,买盘
745,13:41:13,252.87,-0.01,1,25287,卖盘
746,13:41:08,252.88,0.01,1,25288,买盘
747,13:40:58,252.87,--,2,55125,买盘
748,13:40:53,252.87,--,0,0,买盘
749,13:40:48,252.87,0.06,1,25287,买盘
750,13:40:28,252.81,-0.07,1,25281,卖盘
751,13:40:08,252.88,--,2,74093,卖盘
752,13:40:03,252.88,-0.1,4,101152,卖盘
753,13:39:58,252.98,0.08,7,177086,买盘
754,13:39:48,252.9,--,6,153510,卖盘
755,13:39:38,252.9,--,8,202320,卖盘
756,13:39:23,252.9,-0.08,1,25290,卖盘
757,13:39:08,252.98,0.01,3,94867,买盘
758,13:39:03,252.97,--,3,75891,卖盘
759,13:38:58,252.97,0.07,6,151782,买盘
760,13:38:48,252.9,--,1,25290,卖盘
761,13:38:43,252.9,--,1,32118,卖盘
762,13:38:38,252.9,--,1,25290,卖盘
763,13:38:33,252.9,--,0,0,卖盘
764,13:38:28,252.9,0.02,3,98883,买盘
765,13:38:13,252.88,-0.02,2,50576,卖盘
766,13:38:08,252.9,--,39,998955,买盘
767,13:37:58,252.9,0.02,8,202320,买盘
768,13:37:53,252.88,--,1,25288,卖盘
769,13:37:43,252.88,--,2,50576,卖盘
770,13:37:38,252.88,-0.02,26,657488,卖盘
771,13:37:28,252.9,--,0,0,买盘
772,13:37:08,252.9,0.02,3,75870,买盘
773,13:37:03,252.88,-0.02,1,44254,卖盘
774,13:36:57,252.9,--,1,25290,买盘
775,13:36:53,252.9,0.02,23,581670,买盘
776,13:36:48,252.88,0.08,4,101152,买盘
777,13:36:43,252.8,-0.07,1,44240,卖盘
778,13:36:38,252.87,0.07,1,45263,买盘
779,13:36:23,252.8,--,1,37920,卖盘
780,13:36:18,252.8,-0.08,2,57638,卖盘
781,13:36:08,252.88,0.08,2,50576,买盘
782,13:36:02,252.8,--,1,30336,卖盘
783,13:35:48,252.8,--,90,2275200,买盘
784,13:35:38,252.8,0.2,2,50560,买盘
785,13:35:33,252.6,--,7,176820,卖盘
786,13:35:08,252.6,--,4,101040,卖盘
787,13:35:02,252.6,--,2,50520,卖盘
788,13:34:57,252.6,--,1,25260,卖盘
789,13:34:53,252.6,--,10,252600,买盘
790,13:34:47,252.6,--,5,126300,买盘
791,13:34:42,252.6,--,6,151560,买盘
792,13:34:38,252.6,--,2,50520,买盘
793,13:34:32,252.6,--,2,50520,买盘
794,13:34:23,252.6,--,10,252600,买盘
795,13:34:17,252.6,0.01,8,202080,买盘
796,13:34:12,252.59,-0.01,1,25259,买盘
797,13:34:07,252.6,--,1,25260,买盘
798,13:34:02,252.6,--,0,0,买盘
799,13:33:52,252.6,0.18,8,202080,买盘
800,13:33:47,252.42,-0.18,3,75726,卖盘
801,13:33:37,252.6,0.18,2,50520,买盘
802,13:33:07,252.42,-0.18,3,75726,卖盘
803,13:32:52,252.6,0.19,13,328380,买盘
804,13:32:47,252.41,-0.19,26,656266,卖盘
805,13:32:37,252.6,-0.1,4,101040,买盘
806,13:32:32,252.7,--,4,101080,卖盘
807,13:32:27,252.7,-0.1,1,25270,卖盘
808,13:32:22,252.8,--,0,0,买盘
809,13:32:17,252.8,-0.09,5,126400,中性盘
810,13:32:07,252.89,0.48,1,25289,买盘
811,13:32:02,252.41,--,2,50482,卖盘
812,13:31:57,252.41,--,1,25241,卖盘
813,13:31:52,252.41,-0.25,10,252410,中性盘
814,13:31:37,252.66,0.26,2,50532,买盘
815,13:31:32,252.4,--,1,25240,卖盘
816,13:31:22,252.4,-0.49,1,25240,卖盘
817,13:31:17,252.89,0.49,10,252890,买盘
818,13:31:12,252.4,-0.11,1,25240,卖盘
819,13:31:07,252.51,0.11,17,429267,买盘
820,13:31:02,252.4,--,2,50480,买盘
821,13:30:52,252.4,0.02,7,176680,买盘
822,13:30:47,252.38,0.06,1,25238,卖盘
823,13:30:42,252.32,0.02,1,25232,卖盘
824,13:30:37,252.3,-0.1,2,50460,卖盘
825,13:30:32,252.4,0.1,58,1463920,买盘
826,13:30:17,252.3,--,1,25230,卖盘
827,13:30:11,252.3,0.01,103,2620135,买盘
828,13:30:07,252.29,0.05,6,151374,买盘
829,13:29:52,252.24,-0.05,1,25224,卖盘
830,13:29:47,252.29,--,8,201832,买盘
831,13:29:37,252.29,--,8,201832,买盘
832,13:29:32,252.29,0.07,1,25229,买盘
833,13:29:27,252.22,0.01,1,25222,卖盘
834,13:29:17,252.21,--,0,0,卖盘
835,13:29:12,252.21,--,3,75663,卖盘
836,13:29:02,252.21,--,4,100884,卖盘
837,13:28:47,252.21,--,0,0,中性盘
838,13:28:42,252.21,0.03,1,25221,买盘
839,13:28:37,252.18,-0.03,1,25218,卖盘
840,13:28:27,252.21,--,2,50442,中性盘
841,13:28:22,252.21,--,1,25221,卖盘
842,13:28:12,252.21,-0.08,1,25221,中性盘
843,13:28:01,252.29,0.09,343,8653547,买盘
844,13:27:57,252.2,--,2,50440,卖盘
845,13:27:52,252.2,--,1,25220,卖盘
846,13:27:46,252.2,-0.01,9,226980,卖盘
847,13:27:42,252.21,0.01,1,25221,买盘
848,13:27:22,252.2,--,1,25220,卖盘
849,13:27:17,252.2,--,1,25220,卖盘
850,13:27:11,252.2,0.02,2,50440,买盘
851,13:26:56,252.18,0.01,1,25218,中性盘
852,13:26:47,252.17,0.07,1,25217,买盘
853,13:26:41,252.1,--,3,75630,卖盘
854,13:26:31,252.1,--,1,25210,卖盘
855,13:26:21,252.1,--,0,0,卖盘
856,13:26:11,252.1,--,4,100840,卖盘
857,13:26:02,252.1,--,1,25210,卖盘
858,13:25:51,252.1,--,2,50420,卖盘
859,13:25:46,252.1,--,1,25210,买盘
860,13:25:41,252.1,0.05,1,25210,买盘
861,13:25:31,252.05,--,2,50410,卖盘
862,13:25:20,252.05,--,1,25205,卖盘
863,13:25:16,252.05,-0.01,3,75615,卖盘
864,13:25:11,252.06,--,2,50412,买盘
865,13:25:06,252.06,--,2,50412,买盘
866,13:24:56,252.06,--,6,151236,卖盘
867,13:24:51,252.06,--,1,25206,卖盘
868,13:24:46,252.06,--,3,75618,买盘
869,13:24:31,252.06,0.01,2,50412,买盘
870,13:24:26,252.05,-0.01,1,25205,卖盘
871,13:24:16,252.06,--,3,75618,卖盘
872,13:24:01,252.06,--,1,25206,卖盘
873,13:23:51,252.06,--,1,25206,买盘
874,13:23:46,252.06,-0.04,5,126030,卖盘
875,13:23:41,252.1,--,2,50420,买盘
876,13:23:31,252.1,--,1,25210,买盘
877,13:23:21,252.1,--,0,0,买盘
878,13:23:16,252.1,--,5,126050,买盘
879,13:22:46,252.1,--,2,50420,买盘
880,13:22:41,252.1,0.04,9,226890,买盘
881,13:22:31,252.06,-0.04,6,151236,卖盘
882,13:22:26,252.1,--,2,50420,买盘
883,13:22:11,252.1,0.01,12,302520,买盘
884,13:22:06,252.09,--,2,50418,卖盘
885,13:21:56,252.09,-0.01,1,25209,卖盘
886,13:21:50,252.1,0.01,1,25210,买盘
887,13:21:46,252.09,-0.01,2,50418,卖盘
888,13:21:41,252.1,--,7,176470,买盘
889,13:21:26,252.1,0.01,1,25210,买盘
890,13:21:21,252.09,--,4,100836,卖盘
891,13:21:05,252.09,-0.01,2,50418,卖盘
892,13:20:56,252.1,0.03,25,630250,买盘
893,13:20:50,252.07,-0.02,9,226863,卖盘
894,13:20:45,252.09,-0.01,2,50418,卖盘
895,13:20:41,252.1,0.01,7,176470,买盘
896,13:20:36,252.09,-0.01,2,50418,卖盘
897,13:20:31,252.1,0.01,1,25210,买盘
898,13:20:11,252.09,-0.01,5,126045,中性盘
899,13:20:06,252.1,0.01,1,25210,买盘
900,13:19:50,252.09,0.04,4,100836,买盘
901,13:19:40,252.05,--,8,201640,中性盘
902,13:19:35,252.05,0.02,2,50410,中性盘
903,13:19:31,252.03,-0.02,2,50406,卖盘
904,13:19:16,252.05,-0.05,10,252050,卖盘
905,13:19:10,252.1,--,0,0,买盘
906,13:19:05,252.1,--,1,25210,买盘
907,13:19:01,252.1,0.08,4,100840,买盘
908,13:18:56,252.02,-0.03,11,277222,卖盘
909,13:18:50,252.05,-0.05,2,50410,卖盘
910,13:18:45,252.1,--,3,75630,买盘
911,13:18:40,252.1,0.08,8,201680,买盘
912,13:18:30,252.02,--,2,50404,卖盘
913,13:18:26,252.02,-0.03,1,44859,卖盘
914,13:18:11,252.05,--,0,0,卖盘
915,13:17:59,252.05,-0.05,1,25205,卖盘
916,13:17:56,252.1,--,1,25210,卖盘
917,13:17:50,252.1,--,3,75630,卖盘
918,13:17:40,252.1,--,1,25210,卖盘
919,13:17:35,252.1,0.12,0,5546,买盘
920,13:17:15,251.98,--,0,0,卖盘
921,13:17:10,251.98,-0.13,2,70050,卖盘
922,13:17:05,252.11,0.11,1,25211,卖盘
923,13:16:59,252.0,--,1,30744,买盘
924,13:16:55,252.0,--,29,750456,卖盘
925,13:16:45,252.0,--,1,25200,卖盘
926,13:16:40,252.0,-0.1,37,932400,卖盘
927,13:16:35,252.1,0.09,2,50420,买盘
928,13:16:30,252.01,0.01,1,25201,买盘
929,13:16:25,252.0,--,0,0,卖盘
930,13:16:20,252.0,-0.01,3,75600,卖盘
931,13:16:15,252.01,--,2,50402,卖盘
932,13:16:05,252.01,--,7,176407,卖盘
933,13:15:55,252.01,-0.02,27,680427,卖盘
934,13:15:50,252.03,-0.18,15,378045,卖盘
935,13:15:35,252.21,0.06,9,226989,买盘
936,13:15:30,252.15,-0.06,1,25215,卖盘
937,13:15:25,252.21,0.01,9,226989,买盘
938,13:15:05,252.2,-0.01,140,3534583,卖盘
939,13:14:50,252.21,--,6,151326,卖盘
940,13:14:44,252.21,-0.08,13,327873,卖盘
941,13:14:35,252.29,0.08,7,176603,买盘
942,13:14:25,252.21,-0.01,22,576299,卖盘
943,13:14:20,252.22,--,0,0,中性盘
944,13:14:15,252.22,--,1,25222,卖盘
945,13:14:10,252.22,-0.07,1,25222,卖盘
946,13:14:05,252.29,0.05,31,782099,买盘
947,13:14:00,252.24,--,0,0,卖盘
948,13:13:55,252.24,-0.05,3,75672,卖盘
949,13:13:34,252.29,0.03,9,227061,买盘
950,13:13:29,252.26,-0.03,1,25226,卖盘
951,13:13:10,252.29,0.03,1,25229,买盘
952,13:13:04,252.26,--,2,50452,卖盘
953,13:13:00,252.26,-0.03,1,25226,卖盘
954,13:12:54,252.29,-0.01,6,151374,买盘
955,13:12:49,252.3,0.04,3,75690,买盘
956,13:12:45,252.26,--,0,0,卖盘
957,13:12:39,252.26,-0.04,1,25226,卖盘
958,13:12:34,252.3,0.01,7,176610,买盘
959,13:12:29,252.29,--,1,25229,卖盘
960,13:12:14,252.29,-0.01,1,25229,卖盘
961,13:11:59,252.3,0.01,6,151380,买盘
962,13:11:55,252.29,-0.01,6,151374,卖盘
963,13:11:34,252.3,0.01,5,126150,买盘
964,13:11:29,252.29,--,6,151374,买盘
965,13:11:24,252.29,-0.01,1,25229,卖盘
966,13:11:19,252.3,0.01,11,277530,买盘
967,13:11:14,252.29,-0.01,1,25229,卖盘
968,13:11:10,252.3,--,2,50460,买盘
969,13:10:54,252.3,--,0,0,买盘
970,13:10:49,252.3,--,6,151380,买盘
971,13:10:39,252.3,--,3,75690,买盘
972,13:10:29,252.3,0.02,9,227070,买盘
973,13:10:14,252.28,0.05,1,25228,买盘
974,13:10:09,252.23,--,1,25223,卖盘
975,13:09:59,252.23,--,2,50446,卖盘
976,13:09:34,252.23,-0.05,3,75669,卖盘
977,13:09:29,252.28,0.05,27,681156,买盘
978,13:09:09,252.23,-0.05,4,100892,卖盘
979,13:09:04,252.28,0.05,1,25228,买盘
980,13:08:59,252.23,-0.05,2,50446,卖盘
981,13:08:54,252.28,0.05,10,252280,买盘
982,13:08:44,252.23,-0.05,3,75669,卖盘
983,13:08:39,252.28,0.04,4,100912,买盘
984,13:08:29,252.24,--,8,201792,卖盘
985,13:08:19,252.24,--,5,126120,卖盘
986,13:08:14,252.24,-0.01,1,25224,卖盘
987,13:07:59,252.25,--,0,0,中性盘
988,13:07:54,252.25,-0.05,1,25225,卖盘
989,13:07:39,252.3,0.02,7,176610,卖盘
990,13:07:29,252.28,--,0,0,中性盘
991,13:07:24,252.28,-0.02,2,50456,卖盘
992,13:07:14,252.3,-0.1,1,25230,卖盘
993,13:07:09,252.4,0.1,16,403840,买盘
994,13:06:59,252.3,-0.02,2,50460,卖盘
995,13:06:34,252.32,-0.18,3,75696,卖盘
996,13:06:29,252.5,--,2,50500,买盘
997,13:06:24,252.5,0.1,5,126250,中性盘
998,13:06:09,252.4,--,1,25240,卖盘
999,13:05:58,252.4,--,11,277640,卖盘
1000,13:05:43,252.4,-0.4,1,25240,卖盘
1001,13:05:28,252.8,0.29,4,101120,买盘
1002,13:05:24,252.51,--,2,50502,买盘
1003,13:05:13,252.51,0.11,1,25251,买盘
1004,13:05:04,252.4,--,1,25240,卖盘
1005,13:04:58,252.4,-0.11,1,25240,卖盘
1006,13:04:49,252.51,--,0,0,中性盘
1007,13:04:28,252.51,0.11,1,25251,买盘
1008,13:04:23,252.4,-0.5,6,151440,买盘
1009,13:04:13,252.9,--,0,0,买盘
1010,13:03:38,252.9,0.5,4,101160,买盘
1011,13:03:28,252.4,--,0,0,买盘
1012,13:03:23,252.4,--,7,176680,买盘
1013,13:03:18,252.4,--,37,933880,买盘
1014,13:03:08,252.4,--,5,126200,买盘
1015,13:03:03,252.4,--,0,0,买盘
1016,13:02:58,252.4,0.08,24,605760,买盘
1017,13:02:48,252.32,-0.08,1,25232,卖盘
1018,13:02:43,252.4,--,0,0,买盘
1019,13:02:33,252.4,0.19,34,858160,买盘
1020,13:02:28,252.21,--,1,25221,卖盘
1021,13:02:23,252.21,--,51,1286271,卖盘
1022,13:02:13,252.21,0.01,5,126105,买盘
1023,13:01:58,252.2,--,1,25220,买盘
1024,13:01:53,252.2,--,0,0,中性盘
1025,13:01:38,252.2,--,0,0,卖盘
1026,13:01:28,252.2,--,31,794430,买盘
1027,13:01:23,252.2,0.1,6,151320,买盘
1028,13:01:17,252.1,--,1,25210,卖盘
1029,13:01:13,252.1,--,5,126050,卖盘
1030,13:01:08,252.1,--,6,151260,卖盘
1031,13:00:57,252.1,0.02,2,55966,买盘
1032,13:00:43,252.08,-0.12,2,70078,卖盘
1033,13:00:38,252.2,--,5,126100,买盘
1034,13:00:23,252.2,--,8,201760,买盘
1035,13:00:08,252.2,-0.2,44,1127838,卖盘
1036,13:00:03,252.4,0.01,14,353360,买盘
1037,11:30:00,252.39,--,0,0,买盘
1038,11:30:00,252.39,0.01,1,25239,买盘
1039,11:29:59,252.38,-0.01,1,25238,中性盘
1040,11:29:48,252.39,--,4,100956,买盘
1041,11:29:44,252.39,--,2,50478,中性盘
1042,11:29:38,252.39,--,2,50478,卖盘
1043,11:29:29,252.39,--,1,25239,卖盘
1044,11:29:23,252.39,--,1,25239,卖盘
1045,11:29:18,252.39,0.01,3,75717,买盘
1046,11:29:14,252.38,-0.01,2,50476,卖盘
1047,11:29:04,252.39,--,3,75717,买盘
1048,11:28:53,252.39,0.02,5,126195,买盘
1049,11:28:48,252.37,-0.02,1,25237,卖盘
1050,11:28:44,252.39,--,6,151434,卖盘
1051,11:28:18,252.39,-0.01,8,201912,卖盘
1052,11:28:14,252.4,-0.02,28,706720,卖盘
1053,11:28:08,252.42,--,0,0,中性盘
1054,11:28:04,252.42,--,7,176694,卖盘
1055,11:27:49,252.42,-0.48,1,25242,卖盘
1056,11:27:33,252.9,--,5,126450,买盘
1057,11:27:17,252.9,--,8,202320,买盘
1058,11:27:04,252.9,0.49,6,151740,买盘
1059,11:26:58,252.41,-0.49,1,25241,卖盘
1060,11:26:33,252.9,0.49,5,126450,买盘
1061,11:26:29,252.41,--,1,25241,卖盘
1062,11:26:23,252.41,--,0,0,卖盘
1063,11:26:18,252.41,-0.49,1,25241,卖盘
1064,11:26:14,252.9,0.02,9,227610,买盘
1065,11:26:03,252.88,--,11,278168,卖盘
1066,11:25:43,252.88,-0.02,1,25288,卖盘
1067,11:25:38,252.9,--,0,0,买盘
1068,11:25:32,252.9,--,0,0,买盘
1069,11:25:17,252.9,--,2,50580,买盘
1070,11:25:13,252.9,0.48,8,202320,买盘
1071,11:24:47,252.42,-0.48,1,25242,卖盘
1072,11:24:44,252.9,--,0,0,买盘
1073,11:24:32,252.9,--,0,0,中性盘
1074,11:24:29,252.9,--,6,151740,卖盘
1075,11:24:23,252.9,-0.09,1,25290,卖盘
1076,11:24:13,252.99,--,0,0,买盘
1077,11:24:08,252.99,0.61,5,126495,买盘
1078,11:24:02,252.38,--,0,0,卖盘
1079,11:23:58,252.38,--,2,50476,卖盘
1080,11:23:53,252.38,-0.01,2,50476,卖盘
1081,11:23:43,252.39,-0.6,11,277629,卖盘
1082,11:23:38,252.99,0.09,5,126495,买盘
1083,11:23:32,252.9,--,0,0,卖盘
1084,11:23:23,252.9,-0.09,1,25290,卖盘
1085,11:23:12,252.99,--,0,0,中性盘
1086,11:23:08,252.99,--,5,126495,买盘
1087,11:22:57,252.99,--,0,0,买盘
1088,11:22:53,252.99,--,0,0,买盘
1089,11:22:47,252.99,--,0,0,买盘
1090,11:22:38,252.99,0.63,5,126495,买盘
1091,11:22:28,252.36,--,1,25236,卖盘
1092,11:22:17,252.36,--,1,25236,卖盘
1093,11:22:08,252.36,--,11,277596,买盘
1094,11:21:58,252.36,--,4,100944,卖盘
1095,11:21:53,252.36,-0.05,1,25236,卖盘
1096,11:21:47,252.41,--,1,25241,买盘
1097,11:21:43,252.41,0.05,13,328133,买盘
1098,11:21:37,252.36,-0.05,12,302832,卖盘
1099,11:21:28,252.41,--,9,227169,买盘
1100,11:21:23,252.41,-0.58,17,429097,卖盘
1101,11:21:13,252.99,0.57,3,75897,买盘
1102,11:21:08,252.42,-0.12,3,75726,卖盘
1103,11:21:02,252.54,--,1,25254,卖盘
1104,11:20:58,252.54,0.13,5,126270,买盘
1105,11:20:53,252.41,-0.01,5,126205,卖盘
1106,11:20:47,252.42,--,0,0,中性盘
1107,11:20:38,252.42,0.01,1,25242,卖盘
1108,11:20:23,252.41,-0.58,3,75723,卖盘
1109,11:20:13,252.99,-0.01,5,126495,中性盘
1110,11:20:08,253.0,0.58,3,75900,买盘
1111,11:20:02,252.42,0.03,1,25242,卖盘
1112,11:19:58,252.39,-0.87,5,126195,卖盘
1113,11:19:53,253.26,0.81,1,25326,买盘
1114,11:19:42,252.45,-0.83,5,126225,卖盘
1115,11:19:38,253.28,0.66,2,50656,买盘
1116,11:19:32,252.62,--,6,151572,买盘
1117,11:19:26,252.62,0.01,1,25262,中性盘
1118,11:19:23,252.61,-0.01,9,227349,卖盘
1119,11:19:12,252.62,0.01,5,126310,卖盘
1120,11:19:07,252.61,-0.01,6,151566,卖盘
1121,11:19:02,252.62,--,0,0,中性盘
1122,11:18:58,252.62,-0.68,2,50524,买盘
1123,11:18:53,253.3,0.68,1,25330,买盘
1124,11:18:47,252.62,-0.7,1,25262,卖盘
1125,11:18:43,253.32,--,0,0,买盘
1126,11:18:37,253.32,--,3,75996,买盘
1127,11:18:32,253.32,--,0,0,中性盘
1128,11:18:22,253.32,--,1,25332,卖盘
1129,11:18:17,253.32,--,1,25332,卖盘
1130,11:18:12,253.32,--,2,50664,卖盘
1131,11:18:08,253.32,0.59,7,177324,买盘
1132,11:17:58,252.73,--,1,25273,卖盘
1133,11:17:47,252.73,--,0,0,中性盘
1134,11:17:37,252.73,0.03,10,252730,买盘
1135,11:17:32,252.7,--,1,25270,卖盘
1136,11:17:22,252.7,-0.03,5,126350,卖盘
1137,11:17:11,252.73,0.01,1,25273,买盘
1138,11:17:07,252.72,-0.01,16,404352,卖盘
1139,11:17:02,252.73,-0.61,1,25273,卖盘
1140,11:16:52,253.34,--,1,25334,卖盘
1141,11:16:41,253.34,0.63,1,25334,卖盘
1142,11:16:37,252.71,-0.66,5,126355,卖盘
1143,11:16:32,253.37,0.02,4,101348,买盘
1144,11:16:26,253.35,0.58,1,25335,买盘
1145,11:16:22,252.77,--,0,0,中性盘
1146,11:16:17,252.77,-0.61,1,25277,中性盘
1147,11:16:07,253.38,--,8,202704,买盘
1148,11:16:02,253.38,0.38,5,126690,买盘
1149,11:15:52,253.0,-0.39,1,25300,卖盘
1150,11:15:47,253.39,--,0,0,买盘
1151,11:15:37,253.39,0.01,3,76017,买盘
1152,11:15:21,253.38,-0.1,1,25338,卖盘
1153,11:15:17,253.48,--,0,0,买盘
1154,11:15:11,253.48,--,0,0,买盘
1155,11:15:07,253.48,--,8,202784,买盘
1156,11:15:02,253.48,0.09,1,25348,买盘
1157,11:14:56,253.39,-0.1,1,25339,卖盘
1158,11:14:52,253.49,--,0,0,买盘
1159,11:14:47,253.49,--,11,278839,卖盘
1160,11:14:36,253.49,--,5,126745,卖盘
1161,11:14:32,253.49,--,1,25349,卖盘
1162,11:14:26,253.49,--,1,25349,卖盘
1163,11:14:22,253.49,--,5,126745,卖盘
1164,11:14:17,253.49,--,5,126745,卖盘
1165,11:14:06,253.49,-0.01,2,50698,卖盘
1166,11:14:02,253.5,0.84,5,126750,买盘
1167,11:13:56,252.66,--,0,0,卖盘
1168,11:13:51,252.66,-0.78,2,50532,卖盘
1169,11:13:47,253.44,--,0,0,中性盘
1170,11:13:41,253.44,-0.06,1,25344,卖盘
1171,11:13:37,253.5,--,0,0,买盘
1172,11:13:32,253.5,--,5,126750,买盘
1173,11:13:25,253.5,--,0,0,买盘
1174,11:13:21,253.5,0.06,4,101400,买盘
1175,11:13:17,253.44,--,5,126720,卖盘
1176,11:13:06,253.44,-0.06,1,25344,卖盘
1177,11:13:01,253.5,0.13,6,152100,买盘
1178,11:12:50,253.37,-0.01,4,101348,卖盘
1179,11:12:37,253.38,-0.06,2,50676,中性盘
1180,11:12:32,253.44,0.07,8,202752,买盘
1181,11:12:17,253.37,-0.07,1,25337,卖盘
1182,11:12:11,253.44,--,0,0,买盘
1183,11:12:01,253.44,0.24,5,126720,买盘
1184,11:11:51,253.2,--,2,50640,卖盘
1185,11:11:47,253.2,--,27,683640,卖盘
1186,11:11:41,253.2,-0.17,1,25320,卖盘
1187,11:11:37,253.37,-0.01,1,25337,买盘
1188,11:11:21,253.38,--,1,25338,买盘
1189,11:11:07,253.38,--,10,253380,卖盘
1190,11:11:02,253.38,0.18,2,50676,买盘
1191,11:10:47,253.2,-0.18,1,25320,卖盘
1192,11:10:41,253.38,--,1,25338,卖盘
1193,11:10:35,253.38,0.18,1,25338,买盘
1194,11:10:31,253.2,-0.02,4,101280,卖盘
1195,11:10:01,253.22,0.02,3,75966,买盘
1196,11:09:56,253.2,0.09,4,101280,买盘
1197,11:09:46,253.11,--,0,0,中性盘
1198,11:09:41,253.11,--,0,7087,卖盘
1199,11:09:35,253.11,--,3,75933,卖盘
1200,11:09:31,253.11,0.42,4,119467,买盘
1201,11:09:26,252.69,-0.38,1,25269,中性盘
1202,11:09:16,253.07,--,3,75921,卖盘
1203,11:09:11,253.07,--,4,101228,卖盘
1204,11:09:05,253.07,-0.03,2,50614,卖盘
1205,11:09:01,253.1,--,5,126550,买盘
1206,11:08:56,253.1,0.16,6,151860,买盘
1207,11:08:50,252.94,-0.15,1,25294,卖盘
1208,11:08:46,253.09,--,0,0,买盘
1209,11:08:41,253.09,0.09,2,50618,买盘
1210,11:08:35,253.0,-0.1,3,75900,卖盘
1211,11:08:31,253.1,0.1,6,151860,买盘
1212,11:08:26,253.0,--,1,25300,卖盘
1213,11:08:20,253.0,--,3,75900,卖盘
1214,11:08:11,253.0,--,0,0,卖盘
1215,11:08:01,253.0,0.14,57,1442859,买盘
1216,11:07:56,252.86,0.1,9,227574,买盘
1217,11:07:41,252.76,-0.09,5,126380,卖盘
1218,11:07:16,252.85,--,6,151710,卖盘
1219,11:07:00,252.85,--,2,50570,卖盘
1220,11:06:56,252.85,0.41,1,25285,买盘
1221,11:06:50,252.44,0.11,3,75732,中性盘
1222,11:06:45,252.33,-0.1,3,75699,卖盘
1223,11:06:41,252.43,--,0,0,中性盘
1224,11:06:35,252.43,--,0,0,中性盘
1225,11:06:31,252.43,--,0,0,中性盘
1226,11:06:11,252.43,-0.41,1,25243,卖盘
1227,11:06:05,252.84,-0.01,4,101136,卖盘
1228,11:05:56,252.85,--,7,176995,买盘
1229,11:05:45,252.85,0.01,1,25285,买盘
1230,11:05:41,252.84,-0.01,2,50568,卖盘
1231,11:05:31,252.85,--,0,0,买盘
1232,11:05:26,252.85,0.01,1,25285,买盘
1233,11:05:15,252.84,--,1,25284,卖盘
1234,11:05:10,252.84,--,5,126420,卖盘
1235,11:05:05,252.84,--,1,25284,卖盘
1236,11:05:00,252.84,--,2,50568,卖盘
1237,11:04:55,252.84,0.59,1,25284,买盘
1238,11:04:50,252.25,--,0,0,卖盘
1239,11:04:45,252.25,--,0,0,卖盘
1240,11:04:40,252.25,--,0,0,卖盘
1241,11:04:30,252.25,0.02,0,12612,卖盘
1242,11:04:25,252.23,--,0,0,中性盘
1243,11:04:20,252.23,-0.63,2,50446,卖盘
1244,11:04:15,252.86,--,0,0,买盘
1245,11:04:01,252.86,--,0,0,买盘
1246,11:03:55,252.86,0.06,7,177002,买盘
1247,11:03:45,252.8,-0.02,3,75840,卖盘
1248,11:03:35,252.82,-0.04,1,25282,卖盘
1249,11:03:31,252.86,0.01,2,63215,买盘
1250,11:03:25,252.85,--,2,50570,卖盘
1251,11:02:59,252.85,-0.01,1,25285,卖盘
1252,11:02:55,252.86,0.01,7,177002,买盘
1253,11:02:50,252.85,--,1,25285,卖盘
1254,11:02:44,252.85,-0.01,0,12642,卖盘
1255,11:02:40,252.86,--,1,25286,买盘
1256,11:02:35,252.86,0.01,3,75858,买盘
1257,11:02:29,252.85,0.03,0,13653,中性盘
1258,11:02:25,252.82,--,9,227538,卖盘
1259,11:02:10,252.82,--,0,0,卖盘
1260,11:02:05,252.82,-0.03,2,50564,卖盘
1261,11:01:59,252.85,--,2,50570,卖盘
1262,11:01:55,252.85,0.85,2,50570,买盘
1263,11:01:50,252.0,-0.38,4,100800,卖盘
1264,11:01:40,252.38,--,0,0,中性盘
1265,11:01:35,252.38,0.38,5,127956,买盘
1266,11:01:29,252.0,-0.85,43,1083600,卖盘
1267,11:01:25,252.85,0.85,5,126425,买盘
1268,11:01:20,252.0,--,0,0,卖盘
1269,11:01:10,252.0,--,2,50400,买盘
1270,11:01:05,252.0,--,8,201600,买盘
1271,11:00:59,252.0,--,130,3276000,买盘
1272,11:00:55,252.0,-0.86,85,2147796,卖盘
1273,11:00:50,252.86,0.07,8,202288,买盘
1274,11:00:44,252.79,-0.07,1,25279,卖盘
1275,11:00:40,252.86,-0.13,4,113787,卖盘
1276,11:00:35,252.99,--,0,0,买盘
1277,11:00:25,252.99,0.11,6,151794,买盘
1278,11:00:10,252.88,-0.11,1,26046,卖盘
1279,11:00:05,252.99,--,6,151794,卖盘
1280,10:59:59,252.99,--,2,75138,卖盘
1281,10:59:55,252.99,-0.01,1,25299,卖盘
1282,10:59:50,253.0,-0.06,131,3314553,卖盘
1283,10:59:35,253.06,-0.04,1,25306,卖盘
1284,10:59:25,253.1,--,0,0,买盘
1285,10:59:20,253.1,0.09,1,25310,买盘
1286,10:59:10,253.01,-0.09,4,101204,卖盘
1287,10:59:05,253.1,-0.01,6,158946,卖盘
1288,10:58:55,253.11,0.01,9,227799,卖盘
1289,10:58:50,253.1,--,0,0,卖盘
1290,10:58:44,253.1,--,2,50620,卖盘
1291,10:58:24,253.1,--,0,0,卖盘
1292,10:58:20,253.1,-0.01,3,75930,卖盘
1293,10:58:10,253.11,--,1,25311,卖盘
1294,10:58:04,253.11,0.01,1,25311,卖盘
1295,10:57:59,253.1,--,2,51126,卖盘
1296,10:57:49,253.1,-0.02,11,296127,卖盘
1297,10:57:44,253.12,--,1,50117,卖盘
1298,10:57:39,253.12,0.02,1,25312,卖盘
1299,10:57:35,253.1,--,2,50620,卖盘
1300,10:57:14,253.1,-0.06,5,126550,卖盘
1301,10:56:50,253.16,0.06,5,126580,买盘
1302,10:56:44,253.1,--,3,75930,买盘
1303,10:56:39,253.1,-0.08,24,607440,卖盘
1304,10:56:34,253.18,0.08,14,354452,买盘
1305,10:56:23,253.1,--,0,0,卖盘
1306,10:56:14,253.1,-0.12,2,50620,卖盘
1307,10:56:04,253.22,0.22,2,50644,买盘
1308,10:55:59,253.0,-0.22,1,25300,卖盘
1309,10:55:55,253.22,0.12,1,25322,买盘
1310,10:55:49,253.1,-0.1,1,25310,中性盘
1311,10:55:44,253.2,0.2,9,228386,买盘
1312,10:55:39,253.0,-0.1,39,1011747,卖盘
1313,10:55:34,253.1,0.04,1,25310,卖盘
1314,10:55:28,253.06,--,0,0,卖盘
1315,10:55:14,253.06,--,0,0,卖盘
1316,10:55:08,253.06,-0.05,2,50612,卖盘
1317,10:55:04,253.11,-0.07,7,177177,卖盘
1318,10:54:59,253.18,-0.04,4,108361,卖盘
1319,10:54:49,253.22,-0.13,4,101288,卖盘
1320,10:54:44,253.35,--,7,177345,买盘
1321,10:54:38,253.35,--,0,0,买盘
1322,10:54:34,253.35,--,0,0,买盘
1323,10:54:19,253.35,0.13,2,50670,买盘
1324,10:54:14,253.22,-0.15,1,25322,卖盘
1325,10:54:08,253.37,0.03,2,50674,买盘
1326,10:54:04,253.34,-0.03,37,937358,卖盘
1327,10:53:59,253.37,--,3,76011,卖盘
1328,10:53:53,253.37,-0.02,3,76011,卖盘
1329,10:53:49,253.39,0.02,7,177373,卖盘
1330,10:53:44,253.37,-0.01,3,76011,卖盘
1331,10:53:38,253.38,-0.02,1,25338,卖盘
1332,10:53:34,253.4,0.02,9,228060,买盘
1333,10:53:23,253.38,--,0,0,卖盘
1334,10:53:19,253.38,-0.01,3,76014,卖盘
1335,10:53:08,253.39,--,0,0,中性盘
1336,10:53:04,253.39,-0.01,1,25339,卖盘
1337,10:52:49,253.4,-0.2,1,25340,卖盘
1338,10:52:44,253.6,--,10,253600,买盘
1339,10:52:38,253.6,--,0,3804,卖盘
1340,10:52:08,253.6,-0.2,1,25360,卖盘
1341,10:51:49,253.8,-0.1,1,25380,卖盘
1342,10:51:44,253.9,0.1,8,203120,买盘
1343,10:51:34,253.8,--,2,50760,卖盘
1344,10:51:23,253.8,--,1,25380,卖盘
1345,10:50:59,253.8,-0.1,2,50760,卖盘
1346,10:50:49,253.9,--,1,25390,买盘
1347,10:50:44,253.9,0.04,8,203120,买盘
1348,10:50:38,253.86,-0.04,1,25386,中性盘
1349,10:50:34,253.9,-0.04,8,220639,卖盘
1350,10:50:29,253.94,--,1,25394,卖盘
1351,10:50:18,253.94,--,7,177758,卖盘
1352,10:50:03,253.94,--,3,76182,卖盘
1353,10:49:58,253.94,--,1,25394,卖盘
1354,10:49:49,253.94,--,1,25394,卖盘
1355,10:49:43,253.94,--,3,84054,买盘
1356,10:49:38,253.94,0.04,3,76182,买盘
1357,10:49:23,253.9,--,0,0,卖盘
1358,10:49:13,253.9,--,2,50780,卖盘
1359,10:48:58,253.9,--,10,253900,卖盘
1360,10:48:44,253.9,-0.04,1,25390,卖盘
1361,10:48:38,253.94,0.04,6,152364,买盘
1362,10:48:33,253.9,--,3,76170,卖盘
1363,10:48:18,253.9,--,1,25390,卖盘
1364,10:48:13,253.9,--,1,25390,卖盘
1365,10:48:08,253.9,--,1,25390,卖盘
1366,10:48:03,253.9,--,8,203120,买盘
1367,10:47:43,253.9,--,2,50780,买盘
1368,10:47:38,253.9,0.1,11,279290,买盘
1369,10:47:32,253.8,-0.1,1,25380,卖盘
1370,10:47:28,253.9,0.1,6,152340,买盘
1371,10:47:23,253.8,--,1,25380,卖盘
1372,10:47:17,253.8,--,3,76140,卖盘
1373,10:47:13,253.8,--,3,76140,卖盘
1374,10:47:08,253.8,-0.1,1,25380,卖盘
1375,10:46:58,253.9,--,10,253900,买盘
1376,10:46:38,253.9,0.1,8,203120,买盘
1377,10:46:23,253.8,-0.02,1,25380,卖盘
1378,10:46:17,253.82,-0.08,1,25382,卖盘
1379,10:46:13,253.9,--,2,50780,买盘
1380,10:46:08,253.9,0.1,2,50780,买盘
1381,10:46:02,253.8,--,1,25380,卖盘
1382,10:45:58,253.8,-0.14,2,50760,卖盘
1383,10:45:53,253.94,--,0,0,买盘
1384,10:45:43,253.94,--,0,0,买盘
1385,10:45:38,253.94,0.04,9,228546,买盘
1386,10:45:23,253.9,--,1,25390,卖盘
1387,10:45:13,253.9,--,7,177730,卖盘
1388,10:45:08,253.9,0.1,8,203120,买盘
1389,10:44:47,253.8,--,2,50760,卖盘
1390,10:44:43,253.8,-0.01,5,126900,卖盘
1391,10:44:38,253.81,-0.09,3,76143,卖盘
1392,10:44:32,253.9,0.09,6,152340,买盘
1393,10:44:27,253.81,--,1,25381,卖盘
1394,10:44:23,253.81,--,1,25381,卖盘
1395,10:44:17,253.81,-0.09,2,50762,卖盘
1396,10:44:08,253.9,-0.05,3,76170,买盘
1397,10:43:53,253.95,--,2,50790,卖盘
1398,10:43:42,253.95,--,1,25395,卖盘
1399,10:43:37,253.95,--,2,50790,买盘
1400,10:43:32,253.95,0.14,2,50790,买盘
1401,10:43:23,253.81,-0.14,1,25381,卖盘
1402,10:43:17,253.95,-0.03,6,152370,卖盘
1403,10:43:08,253.98,0.03,2,50796,买盘
1404,10:42:53,253.95,-0.03,1,25395,卖盘
1405,10:42:42,253.98,-0.01,2,50796,卖盘
1406,10:42:37,253.99,0.18,1,25399,买盘
1407,10:42:27,253.81,-0.17,2,50762,卖盘
1408,10:42:23,253.98,0.17,16,406368,买盘
1409,10:42:13,253.81,-0.11,2,50762,卖盘
1410,10:42:07,253.92,0.03,2,50784,买盘
1411,10:41:56,253.89,-0.03,2,50778,卖盘
1412,10:41:47,253.92,--,2,50784,卖盘
1413,10:41:43,253.92,-0.05,1,25392,卖盘
1414,10:41:37,253.97,0.07,3,76191,买盘
1415,10:41:27,253.9,0.01,4,101560,卖盘
1416,10:41:22,253.89,--,0,0,卖盘
1417,10:41:11,253.89,--,1,25389,买盘
1418,10:41:07,253.89,0.01,2,50778,买盘
1419,10:40:57,253.88,-0.01,3,76164,卖盘
1420,10:40:52,253.89,--,4,101556,卖盘
1421,10:40:40,253.89,--,1,25389,卖盘
1422,10:40:37,253.89,-0.01,3,76167,卖盘
1423,10:40:32,253.9,0.01,10,253900,买盘
1424,10:40:22,253.89,--,1,25389,卖盘
1425,10:40:17,253.89,--,2,50778,卖盘
1426,10:40:11,253.89,0.01,14,355446,买盘
1427,10:40:07,253.88,0.08,1,25388,买盘
1428,10:39:56,253.8,--,1,25380,卖盘
1429,10:39:47,253.8,--,1,25380,卖盘
1430,10:39:41,253.8,--,3,76140,卖盘
1431,10:39:37,253.8,--,10,253800,卖盘
1432,10:39:32,253.8,--,11,279180,卖盘
1433,10:39:26,253.8,--,4,101520,卖盘
1434,10:39:22,253.8,-0.09,3,76140,卖盘
1435,10:39:17,253.89,0.09,1,25389,买盘
1436,10:39:11,253.8,-0.09,2,50760,卖盘
1437,10:39:07,253.89,0.09,1,25389,买盘
1438,10:39:02,253.8,--,2,50760,卖盘
1439,10:38:56,253.8,--,6,152280,卖盘
1440,10:38:52,253.8,--,2,50760,买盘
1441,10:38:41,253.8,--,2,50760,买盘
1442,10:38:37,253.8,0.01,2,50760,买盘
1443,10:38:32,253.79,-0.01,7,177653,卖盘
1444,10:38:26,253.8,0.01,3,76140,买盘
1445,10:38:17,253.79,--,2,50758,卖盘
1446,10:38:07,253.79,--,4,101516,卖盘
1447,10:37:52,253.79,--,4,101516,卖盘
1448,10:37:37,253.79,-0.01,7,177653,卖盘
1449,10:37:32,253.8,--,4,101520,买盘
1450,10:37:26,253.8,0.01,3,76140,买盘
1451,10:37:22,253.79,--,2,50758,卖盘
1452,10:37:17,253.79,--,1,25379,卖盘
1453,10:37:07,253.79,--,18,456822,卖盘
1454,10:36:52,253.79,-0.11,1,25379,卖盘
1455,10:36:41,253.9,--,0,0,中性盘
1456,10:36:37,253.9,--,2,50780,买盘
1457,10:36:32,253.9,--,7,177730,买盘
1458,10:36:26,253.9,0.1,7,177730,买盘
1459,10:36:22,253.8,--,5,126900,卖盘
1460,10:36:17,253.8,-0.1,2,50760,卖盘
1461,10:36:07,253.9,--,1,25390,买盘
1462,10:36:01,253.9,--,1,25390,买盘
1463,10:35:52,253.9,-0.09,2,50780,卖盘
1464,10:35:37,253.99,0.09,2,50798,买盘
1465,10:35:31,253.9,-0.1,10,253900,卖盘
1466,10:35:26,254.0,--,6,152400,买盘
1467,10:35:22,254.0,0.01,2,50800,买盘
1468,10:35:16,253.99,--,6,152394,卖盘
1469,10:35:11,253.99,--,8,203192,卖盘
1470,10:35:07,253.99,--,23,584177,卖盘
1471,10:35:01,253.99,0.2,6,152394,买盘
1472,10:34:52,253.79,--,0,0,卖盘
1473,10:34:46,253.79,-0.21,6,152274,卖盘
1474,10:34:37,254.0,0.21,5,127000,买盘
1475,10:34:31,253.79,0.02,2,50758,卖盘
1476,10:34:21,253.77,0.01,13,329901,卖盘
1477,10:34:11,253.76,--,0,0,卖盘
1478,10:34:06,253.76,--,2,50752,卖盘
1479,10:34:01,253.76,--,0,0,中性盘
1480,10:33:56,253.76,0.01,1,25376,买盘
1481,10:33:51,253.75,--,2,50750,卖盘
1482,10:33:41,253.75,0.13,13,329875,买盘
1483,10:33:35,253.62,--,1,25362,卖盘
1484,10:33:26,253.62,0.01,5,139998,中性盘
1485,10:33:20,253.61,--,1,25361,卖盘
1486,10:33:16,253.61,-0.04,2,64924,卖盘
1487,10:33:11,253.65,0.05,6,169691,买盘
1488,10:33:05,253.6,--,0,0,卖盘
1489,10:33:01,253.6,--,18,478543,中性盘
1490,10:32:56,253.6,0.02,8,214038,买盘
1491,10:32:50,253.58,0.21,3,91795,买盘
1492,10:32:46,253.37,-0.18,4,101348,卖盘
1493,10:32:41,253.55,0.01,2,50710,买盘
1494,10:32:35,253.54,--,1,25354,买盘
1495,10:32:31,253.54,--,0,0,买盘
1496,10:32:26,253.54,0.24,6,152124,买盘
1497,10:32:20,253.3,--,9,237595,买盘
1498,10:32:16,253.3,0.06,10,253300,买盘
1499,10:32:05,253.24,--,1,25324,卖盘
1500,10:32:01,253.24,-0.01,3,75972,中性盘
1501,10:31:56,253.25,0.03,2,50650,买盘
1502,10:31:46,253.22,-0.02,1,36970,卖盘
1503,10:31:41,253.24,0.03,14,375554,买盘
1504,10:31:35,253.21,--,3,97992,买盘
1505,10:31:31,253.21,--,1,25321,买盘
1506,10:31:26,253.21,--,12,303852,买盘
1507,10:31:20,253.21,0.01,2,50642,中性盘
1508,10:31:16,253.2,--,67,1696440,卖盘
1509,10:31:11,253.2,--,10,256491,卖盘
1510,10:31:05,253.2,--,4,124827,卖盘
1511,10:31:01,253.2,--,26,667688,买盘
1512,10:30:50,253.2,--,4,101280,买盘
1513,10:30:41,253.2,--,3,75960,买盘
1514,10:30:35,253.2,-0.03,3,98748,卖盘
1515,10:30:31,253.23,-0.01,3,75969,买盘
1516,10:30:26,253.24,--,0,0,买盘
1517,10:30:20,253.24,--,6,151944,买盘
1518,10:30:16,253.24,0.04,1,25324,买盘
1519,10:30:11,253.2,-0.04,25,635785,卖盘
1520,10:30:01,253.24,--,3,89140,卖盘
1521,10:29:56,253.24,--,4,103068,卖盘
1522,10:29:46,253.24,0.03,18,465961,买盘
1523,10:29:41,253.21,--,0,0,卖盘
1524,10:29:31,253.21,-0.04,2,50642,中性盘
1525,10:29:25,253.25,--,1,25325,买盘
1526,10:29:20,253.25,--,2,50650,买盘
1527,10:29:16,253.25,--,8,202600,买盘
1528,10:29:10,253.25,--,11,289971,卖盘
1529,10:29:05,253.25,-0.01,3,89903,卖盘
1530,10:29:01,253.26,0.01,1,25326,买盘
1531,10:28:55,253.25,--,0,0,卖盘
1532,10:28:46,253.25,-0.02,1,25325,卖盘
1533,10:28:40,253.27,-0.01,2,50654,卖盘
1534,10:28:31,253.28,--,7,190466,卖盘
1535,10:28:25,253.28,--,3,91687,卖盘
1536,10:28:20,253.28,--,1,25328,卖盘
1537,10:28:16,253.28,0.06,17,452358,买盘
1538,10:28:10,253.22,-0.06,2,50644,卖盘
1539,10:28:05,253.28,0.06,2,50656,买盘
1540,10:28:00,253.22,0.02,11,278542,中性盘
1541,10:27:55,253.2,-0.01,1,25320,卖盘
1542,10:27:45,253.21,-0.09,2,50642,卖盘
1543,10:27:40,253.3,--,0,0,买盘
1544,10:27:35,253.3,--,1,25330,买盘
1545,10:27:30,253.3,-0.05,1,25330,中性盘
1546,10:27:25,253.35,0.14,5,138075,买盘
1547,10:27:20,253.21,--,4,116983,卖盘
1548,10:27:15,253.21,0.01,2,70392,买盘
1549,10:27:10,253.2,0.01,2,50640,卖盘
1550,10:27:05,253.19,-0.01,1,25319,卖盘
1551,10:27:00,253.2,0.01,9,250921,买盘
1552,10:26:55,253.19,0.01,16,405104,买盘
1553,10:26:50,253.18,-0.01,1,25318,卖盘
1554,10:26:40,253.19,-0.01,3,75957,卖盘
1555,10:26:25,253.2,-0.34,10,255478,卖盘
1556,10:26:19,253.54,0.34,5,134376,买盘
1557,10:26:14,253.2,--,0,0,卖盘
1558,10:26:10,253.2,--,1,25320,卖盘
1559,10:26:05,253.2,-0.34,10,253200,卖盘
1560,10:25:55,253.54,0.26,11,278894,买盘
1561,10:25:44,253.28,-0.26,2,50656,卖盘
1562,10:25:40,253.54,--,1,25354,卖盘
1563,10:25:25,253.54,--,3,76062,卖盘
1564,10:25:19,253.54,--,2,50708,卖盘
1565,10:25:13,253.54,-0.01,2,50708,买盘
1566,10:25:05,253.55,--,0,0,买盘
1567,10:24:59,253.55,--,0,0,买盘
1568,10:24:50,253.55,--,7,177485,卖盘
1569,10:24:43,253.55,-0.06,15,380325,卖盘
1570,10:24:24,253.61,--,3,76083,买盘
1571,10:24:20,253.61,--,9,228249,买盘
1572,10:24:14,253.61,0.06,7,177527,买盘
1573,10:24:04,253.55,-0.06,4,101420,卖盘
1574,10:23:39,253.61,--,9,228249,卖盘
1575,10:23:13,253.61,--,2,50722,中性盘
1576,10:23:09,253.61,0.01,2,50722,买盘
1577,10:23:05,253.6,--,1,25360,卖盘
1578,10:22:55,253.6,--,2,50720,卖盘
1579,10:22:39,253.6,--,3,76080,卖盘
1580,10:22:14,253.6,--,1,25360,卖盘
1581,10:22:09,253.6,0.05,7,177520,买盘
1582,10:22:04,253.55,-0.07,1,25355,卖盘
1583,10:21:55,253.62,--,0,0,买盘
1584,10:21:49,253.62,0.02,2,50724,买盘
1585,10:21:44,253.6,0.02,1,25360,卖盘
1586,10:21:34,253.58,--,0,0,中性盘
1587,10:21:19,253.58,-0.02,1,25358,卖盘
1588,10:21:09,253.6,--,11,278960,买盘
1589,10:21:04,253.6,--,1,25360,卖盘
1590,10:20:49,253.6,--,1,25360,卖盘
1591,10:20:40,253.6,0.01,1,25360,买盘
1592,10:20:34,253.59,--,1,25359,卖盘
1593,10:20:24,253.59,-0.01,6,152154,卖盘
1594,10:20:19,253.6,--,1,25360,卖盘
1595,10:20:09,253.6,0.01,6,152160,买盘
1596,10:19:59,253.59,--,1,25359,卖盘
1597,10:19:54,253.59,0.02,2,50718,买盘
1598,10:19:49,253.57,--,3,76071,卖盘
1599,10:19:39,253.57,0.01,3,76071,买盘
1600,10:19:34,253.56,--,6,152136,卖盘
1601,10:19:28,253.56,--,0,0,中性盘
1602,10:19:24,253.56,0.01,10,253560,买盘
1603,10:19:14,253.55,-0.01,1,25355,卖盘
1604,10:19:09,253.56,0.01,8,202848,买盘
1605,10:19:04,253.55,-0.01,1,25355,卖盘
1606,10:18:49,253.56,0.01,1,25356,买盘
1607,10:18:44,253.55,--,1,25355,卖盘
1608,10:18:38,253.55,--,5,126775,卖盘
1609,10:18:29,253.55,0.28,10,253550,买盘
1610,10:18:23,253.27,--,0,0,中性盘
1611,10:18:19,253.27,0.02,1,25327,中性盘
1612,10:18:14,253.25,-0.3,1,25325,卖盘
1613,10:18:08,253.55,0.34,7,177485,买盘
1614,10:17:59,253.21,--,0,0,卖盘
1615,10:17:53,253.21,--,0,0,卖盘
1616,10:17:49,253.21,--,0,0,卖盘
1617,10:17:44,253.21,0.01,1,25321,卖盘
1618,10:17:38,253.2,--,0,0,卖盘
1619,10:17:34,253.2,-0.1,3,75960,卖盘
1620,10:17:28,253.3,--,0,0,中性盘
1621,10:17:14,253.3,-0.2,1,25330,卖盘
1622,10:17:08,253.5,--,5,126750,卖盘
1623,10:17:04,253.5,0.29,2,50700,买盘
1624,10:16:59,253.21,--,0,0,中性盘
1625,10:16:53,253.21,-0.09,1,25321,卖盘
1626,10:16:44,253.3,--,9,227970,卖盘
1627,10:16:38,253.3,--,3,75990,卖盘
1628,10:16:33,253.3,--,2,50660,卖盘
1629,10:16:29,253.3,--,1,25330,卖盘
1630,10:16:23,253.3,--,10,253300,卖盘
1631,10:16:18,253.3,-0.28,2,50660,卖盘
1632,10:16:14,253.58,--,0,0,买盘
1633,10:16:08,253.58,--,5,126790,卖盘
1634,10:16:03,253.58,0.28,12,304296,买盘
1635,10:15:53,253.3,-0.03,1,25330,卖盘
1636,10:15:38,253.33,-0.25,1,25333,卖盘
1637,10:15:33,253.58,--,8,202864,卖盘
1638,10:15:29,253.58,--,2,50716,卖盘
1639,10:15:22,253.58,--,1,25358,卖盘
1640,10:15:18,253.58,--,1,25358,卖盘
1641,10:15:14,253.58,--,1,25358,卖盘
1642,10:15:08,253.58,--,2,50716,卖盘
1643,10:15:03,253.58,--,2,50716,买盘
1644,10:14:59,253.58,0.28,1,25358,买盘
1645,10:14:48,253.3,--,5,126650,卖盘
1646,10:14:43,253.3,--,0,0,卖盘
1647,10:14:23,253.3,-0.3,18,455940,卖盘
1648,10:14:13,253.6,--,0,0,买盘
1649,10:14:03,253.6,0.4,7,177520,中性盘
1650,10:13:53,253.2,-0.48,3,91405,卖盘
1651,10:13:48,253.68,0.48,8,202944,买盘
1652,10:13:38,253.2,--,1,25320,卖盘
1653,10:13:33,253.2,--,1,25320,买盘
1654,10:13:28,253.2,--,3,75960,买盘
1655,10:13:23,253.2,--,0,0,中性盘
1656,10:13:13,253.2,0.01,1,25320,中性盘
1657,10:13:03,253.19,-0.01,9,227871,卖盘
1658,10:12:58,253.2,--,4,101280,卖盘
1659,10:12:48,253.2,--,0,0,卖盘
1660,10:12:33,253.2,-0.56,1,25320,中性盘
1661,10:12:28,253.76,--,2,50752,买盘
1662,10:12:08,253.76,0.17,10,253760,买盘
1663,10:12:03,253.59,-0.17,7,177513,买盘
1664,10:11:48,253.76,--,0,0,买盘
1665,10:11:43,253.76,--,9,238280,卖盘
1666,10:11:37,253.76,--,2,50752,卖盘
1667,10:11:33,253.76,--,1,25376,卖盘
1668,10:11:23,253.76,0.17,4,116983,买盘
1669,10:11:13,253.59,--,0,0,买盘
1670,10:11:08,253.59,-0.17,2,51732,卖盘
1671,10:11:03,253.76,--,1,34257,卖盘
1672,10:10:58,253.76,0.17,5,143374,买盘
1673,10:10:53,253.59,--,3,76077,卖盘
1674,10:10:43,253.59,-0.01,1,25359,卖盘
1675,10:10:32,253.6,-0.17,3,84956,卖盘
1676,10:10:28,253.77,0.01,1,25377,买盘
1677,10:10:22,253.76,-0.01,1,25376,卖盘
1678,10:10:02,253.77,--,4,101508,买盘
1679,10:09:58,253.77,--,14,355278,卖盘
1680,10:09:53,253.77,--,1,25377,卖盘
1681,10:09:47,253.77,--,3,76131,卖盘
1682,10:09:43,253.77,-0.01,5,126885,卖盘
1683,10:09:38,253.78,0.02,3,76134,买盘
1684,10:09:28,253.76,--,22,558272,卖盘
1685,10:09:23,253.76,-0.04,5,126880,卖盘
1686,10:09:13,253.8,--,1,25380,买盘
1687,10:09:08,253.8,--,2,50760,买盘
1688,10:08:58,253.8,0.02,8,203040,买盘
1689,10:08:47,253.78,--,3,76134,卖盘
1690,10:08:42,253.78,--,3,76134,卖盘
1691,10:08:38,253.78,--,5,126890,卖盘
1692,10:08:32,253.78,--,5,126890,卖盘
1693,10:08:23,253.78,--,4,101512,卖盘
1694,10:08:17,253.78,-0.02,13,329914,卖盘
1695,10:08:12,253.8,-0.1,1,25380,卖盘
1696,10:08:08,253.9,--,5,142184,卖盘
1697,10:08:02,253.9,--,12,319914,卖盘
1698,10:07:57,253.9,--,2,50780,卖盘
1699,10:07:53,253.9,0.1,4,101560,买盘
1700,10:07:37,253.8,0.03,3,76140,买盘
1701,10:07:32,253.77,-0.03,3,87550,卖盘
1702,10:07:17,253.8,0.03,2,50760,买盘
1703,10:07:07,253.77,0.01,2,50754,买盘
1704,10:06:52,253.76,0.16,2,50752,买盘
1705,10:06:42,253.6,--,1,25360,卖盘
1706,10:06:37,253.6,0.01,2,50720,买盘
1707,10:06:27,253.59,--,1,49703,卖盘
1708,10:06:22,253.59,--,4,101436,卖盘
1709,10:06:17,253.59,0.09,4,101436,卖盘
1710,10:06:12,253.5,0.32,27,684450,买盘
1711,10:06:07,253.18,-0.13,5,126590,卖盘
1712,10:06:01,253.31,--,0,0,卖盘
1713,10:05:57,253.31,-0.29,12,303972,卖盘
1714,10:05:52,253.6,-0.08,8,202880,中性盘
1715,10:05:47,253.68,0.18,1,25368,买盘
1716,10:05:42,253.5,--,2,50700,卖盘
1717,10:05:37,253.5,-0.18,2,50700,卖盘
1718,10:05:27,253.68,-0.09,11,290463,卖盘
1719,10:05:22,253.77,--,7,177639,卖盘
1720,10:05:17,253.77,--,0,0,卖盘
1721,10:05:12,253.77,-0.13,6,152262,卖盘
1722,10:05:07,253.9,0.02,1,25390,买盘
1723,10:05:01,253.88,-0.11,3,76164,卖盘
1724,10:04:57,253.99,0.09,4,101596,买盘
1725,10:04:52,253.9,-0.1,6,152340,卖盘
1726,10:04:37,254.0,--,12,304800,卖盘
1727,10:04:32,254.0,-0.1,1,25400,卖盘
1728,10:04:27,254.1,--,8,208107,卖盘
1729,10:04:22,254.1,--,1,25410,卖盘
1730,10:04:17,254.1,-0.09,4,101640,卖盘
1731,10:04:12,254.19,--,0,0,买盘
1732,10:04:06,254.19,-0.01,2,50838,买盘
1733,10:03:51,254.2,0.1,8,203360,买盘
1734,10:03:42,254.1,--,0,0,卖盘
1735,10:03:37,254.1,-0.12,5,127050,卖盘
1736,10:03:26,254.22,0.12,1,25422,买盘
1737,10:03:22,254.1,-0.12,2,50820,卖盘
1738,10:03:02,254.22,0.22,20,529031,买盘
1739,10:02:56,254.0,0.1,1,25400,买盘
1740,10:02:52,253.9,-0.13,12,309504,卖盘
1741,10:02:47,254.03,--,2,50806,买盘
1742,10:02:41,254.03,0.01,1,25403,卖盘
1743,10:02:37,254.02,-0.02,42,1087459,卖盘
1744,10:02:32,254.04,-0.34,1,25404,买盘
1745,10:02:22,254.38,--,0,0,买盘
1746,10:02:16,254.38,--,0,0,买盘
1747,10:02:11,254.38,--,1,25438,买盘
1748,10:02:06,254.38,--,12,305256,买盘
1749,10:02:02,254.38,--,3,76314,买盘
1750,10:01:52,254.38,0.36,8,203504,买盘
1751,10:01:46,254.02,-0.01,7,177814,卖盘
1752,10:01:41,254.03,0.01,2,50806,卖盘
1753,10:01:37,254.02,-0.38,4,101608,卖盘
1754,10:01:32,254.4,0.38,4,101760,买盘
1755,10:01:25,254.02,--,15,381030,卖盘
1756,10:01:17,254.02,--,20,508040,卖盘
1757,10:01:06,254.02,-0.41,10,254020,中性盘
1758,10:01:01,254.43,-0.05,0,17810,卖盘
1759,10:00:56,254.48,--,3,76344,卖盘
1760,10:00:51,254.48,-0.02,10,254480,卖盘
1761,10:00:46,254.5,0.07,5,134885,买盘
1762,10:00:41,254.43,-0.05,1,25443,卖盘
1763,10:00:36,254.48,--,7,178136,买盘
1764,10:00:31,254.48,-0.04,2,68709,卖盘
1765,10:00:26,254.52,0.04,6,152712,买盘
1766,10:00:21,254.48,--,1,25448,卖盘
1767,10:00:16,254.48,--,0,0,卖盘
1768,10:00:11,254.48,-0.07,3,76344,卖盘
1769,10:00:06,254.55,0.03,41,1043655,买盘
1770,10:00:01,254.52,--,2,50904,卖盘
1771,09:59:56,254.52,--,2,50904,卖盘
1772,09:59:51,254.52,-0.03,2,50904,卖盘
1773,09:59:46,254.55,--,3,76365,买盘
1774,09:59:36,254.55,-0.01,6,152730,中性盘
1775,09:59:31,254.56,0.01,17,432752,买盘
1776,09:59:26,254.55,--,10,254550,卖盘
1777,09:59:21,254.55,0.12,26,669466,买盘
1778,09:59:16,254.43,-0.07,11,279873,卖盘
1779,09:59:10,254.5,0.07,42,1068900,买盘
1780,09:59:06,254.43,-0.07,3,76329,卖盘
1781,09:59:01,254.5,0.1,17,432650,买盘
1782,09:58:55,254.4,-0.03,9,228960,卖盘
1783,09:58:46,254.43,0.03,1,25443,买盘
1784,09:58:41,254.4,0.3,23,588681,买盘
1785,09:58:36,254.1,--,2,50820,卖盘
1786,09:58:31,254.1,0.08,5,127050,买盘
1787,09:58:25,254.02,0.02,45,1143090,买盘
1788,09:58:21,254.0,--,6,152400,买盘
1789,09:58:16,254.0,0.1,83,2108200,买盘
1790,09:58:11,253.9,-0.02,3,76170,中性盘
1791,09:58:06,253.92,0.02,3,76176,买盘
1792,09:58:01,253.9,0.02,1,25390,买盘
1793,09:57:56,253.88,-0.02,4,101552,卖盘
1794,09:57:51,253.9,0.02,4,101560,买盘
1795,09:57:46,253.88,--,4,101552,买盘
1796,09:57:36,253.88,0.02,3,76164,买盘
1797,09:57:31,253.86,0.06,3,76158,买盘
1798,09:57:26,253.8,0.01,19,482220,买盘
1799,09:57:10,253.79,0.02,1,25379,中性盘
1800,09:57:01,253.77,--,17,431409,卖盘
1801,09:56:51,253.77,0.1,12,318481,买盘
1802,09:56:40,253.67,--,4,101468,卖盘
1803,09:56:31,253.67,-0.02,3,76101,卖盘
1804,09:56:25,253.69,--,1,25369,买盘
1805,09:56:21,253.69,--,2,50738,买盘
1806,09:56:16,253.69,-0.01,10,253690,卖盘
1807,09:56:10,253.7,--,27,684990,买盘
1808,09:56:01,253.7,--,2,50740,卖盘
1809,09:55:56,253.7,-0.08,1,25370,卖盘
1810,09:55:45,253.78,0.01,11,279158,买盘
1811,09:55:40,253.77,0.07,3,76131,买盘
1812,09:55:34,253.7,--,16,405920,卖盘
1813,09:55:30,253.7,0.04,2,50740,中性盘
1814,09:55:25,253.66,-0.12,1,25366,卖盘
1815,09:55:19,253.78,--,1,25378,买盘
1816,09:55:16,253.78,--,5,126890,买盘
1817,09:55:11,253.78,0.12,1,25378,买盘
1818,09:55:05,253.66,-0.12,3,76098,卖盘
1819,09:55:01,253.78,-0.02,4,101512,买盘
1820,09:54:45,253.8,0.01,7,177660,买盘
1821,09:54:41,253.79,0.14,1,25379,买盘
1822,09:54:30,253.65,--,3,76095,卖盘
1823,09:54:25,253.65,--,0,0,卖盘
1824,09:54:20,253.65,--,28,710220,卖盘
1825,09:54:16,253.65,--,8,202920,卖盘
1826,09:54:05,253.65,0.01,1,25365,买盘
1827,09:53:55,253.64,--,0,0,中性盘
1828,09:53:49,253.64,0.03,2,50728,卖盘
1829,09:53:46,253.61,0.02,14,355054,买盘
1830,09:53:40,253.59,0.03,16,405744,买盘
1831,09:53:30,253.56,0.02,5,126780,买盘
1832,09:53:25,253.54,-0.02,1,25354,卖盘
1833,09:53:20,253.56,0.02,6,152136,买盘
1834,09:53:15,253.54,0.01,5,126770,卖盘
1835,09:53:10,253.53,-0.01,1,25353,卖盘
1836,09:53:05,253.54,0.01,1,25354,卖盘
1837,09:53:00,253.53,--,0,0,卖盘
1838,09:52:45,253.53,0.15,7,177471,买盘
1839,09:52:40,253.38,--,0,0,中性盘
1840,09:52:35,253.38,0.02,1,25338,买盘
1841,09:52:30,253.36,--,1,25336,卖盘
1842,09:52:25,253.36,--,1,25336,卖盘
1843,09:52:15,253.36,--,12,304032,买盘
1844,09:52:10,253.36,--,10,253360,买盘
1845,09:52:00,253.36,0.01,3,76008,买盘
1846,09:51:55,253.35,-0.01,5,126675,卖盘
1847,09:51:49,253.36,--,20,506720,买盘
1848,09:51:40,253.36,--,2,50672,买盘
1849,09:51:34,253.36,--,1,25336,买盘
1850,09:51:25,253.36,--,3,76008,买盘
1851,09:51:19,253.36,--,5,126680,卖盘
1852,09:51:10,253.36,-0.02,5,126680,卖盘
1853,09:50:55,253.38,--,0,0,买盘
1854,09:50:50,253.38,--,0,0,买盘
1855,09:50:45,253.38,--,3,76014,买盘
1856,09:50:40,253.38,-0.18,10,253380,卖盘
1857,09:50:35,253.56,0.18,3,76068,买盘
1858,09:50:25,253.38,--,1,25338,卖盘
1859,09:50:19,253.38,-0.05,5,126690,卖盘
1860,09:50:15,253.43,0.05,1,25343,买盘
1861,09:50:09,253.38,0.01,1,25338,中性盘
1862,09:50:04,253.37,0.01,6,152022,卖盘
1863,09:49:54,253.36,0.05,2,50672,中性盘
1864,09:49:50,253.31,0.01,1,25331,买盘
1865,09:49:45,253.3,--,5,136782,买盘
1866,09:49:39,253.3,--,1,25330,买盘
1867,09:49:24,253.3,--,1,25330,买盘
1868,09:49:15,253.3,-0.01,10,268498,卖盘
1869,09:49:09,253.31,--,8,202648,卖盘
1870,09:49:00,253.31,--,0,0,卖盘
1871,09:48:54,253.31,--,2,50662,卖盘
1872,09:48:50,253.31,--,0,0,卖盘
1873,09:48:45,253.31,--,1,25331,卖盘
1874,09:48:39,253.31,--,4,101324,卖盘
1875,09:48:34,253.31,-0.25,6,151986,卖盘
1876,09:48:30,253.56,--,0,0,买盘
1877,09:48:24,253.56,--,0,0,中性盘
1878,09:48:20,253.56,0.26,1,25356,中性盘
1879,09:48:09,253.3,-0.18,16,415412,卖盘
1880,09:47:59,253.48,0.18,19,481612,卖盘
1881,09:47:54,253.3,-0.28,5,126650,卖盘
1882,09:47:44,253.58,--,0,0,中性盘
1883,09:47:39,253.58,--,12,304296,卖盘
1884,09:47:35,253.58,-0.02,1,25358,卖盘
1885,09:47:19,253.6,--,3,76080,卖盘
1886,09:47:13,253.6,--,2,50720,卖盘
1887,09:47:09,253.6,-0.06,3,76080,卖盘
1888,09:47:04,253.66,--,0,0,买盘
1889,09:46:54,253.66,-0.02,2,50732,买盘
1890,09:46:49,253.68,-0.1,27,684936,卖盘
1891,09:46:43,253.78,--,2,50756,买盘
1892,09:46:39,253.78,0.22,27,685206,买盘
1893,09:46:29,253.56,-0.18,16,405696,卖盘
1894,09:46:24,253.74,0.18,10,253740,买盘
1895,09:46:19,253.56,--,2,50712,卖盘
1896,09:46:09,253.56,0.06,7,177492,买盘
1897,09:46:04,253.5,--,33,836550,买盘
1898,09:45:58,253.5,--,37,937950,买盘
1899,09:45:54,253.5,0.07,13,329550,买盘
1900,09:45:49,253.43,-0.06,2,50686,卖盘
1901,09:45:44,253.49,0.05,12,304188,买盘
1902,09:45:39,253.44,0.04,4,101376,买盘
1903,09:45:34,253.4,0.12,7,177380,买盘
1904,09:45:29,253.28,0.08,1,25328,卖盘
1905,09:45:24,253.2,--,0,0,卖盘
1906,09:45:19,253.2,-0.08,1,25320,卖盘
1907,09:45:13,253.28,0.08,3,75984,买盘
1908,09:45:04,253.2,0.03,2,50640,买盘
1909,09:44:49,253.17,0.08,18,455706,买盘
1910,09:44:44,253.09,--,9,227781,买盘
1911,09:44:39,253.09,0.04,2,50618,买盘
1912,09:44:34,253.05,--,0,0,买盘
1913,09:44:28,253.05,0.04,2,50610,买盘
1914,09:44:19,253.01,0.01,32,809632,买盘
1915,09:44:13,253.0,--,41,1037300,买盘
1916,09:44:09,253.0,0.06,9,227700,买盘
1917,09:44:03,252.94,--,0,0,卖盘
1918,09:43:59,252.94,-0.01,4,101176,卖盘
1919,09:43:48,252.95,0.04,15,379425,卖盘
1920,09:43:43,252.91,0.05,10,252910,买盘
1921,09:43:39,252.86,--,1,25286,卖盘
1922,09:43:29,252.86,0.14,4,113787,买盘
1923,09:43:18,252.72,-0.12,1,25272,卖盘
1924,09:43:09,252.84,0.13,1,25284,买盘
1925,09:43:03,252.71,--,0,0,卖盘
1926,09:42:59,252.71,0.01,1,25271,卖盘
1927,09:42:54,252.7,--,0,0,卖盘
1928,09:42:48,252.7,--,0,0,卖盘
1929,09:42:44,252.7,-0.16,1,25270,卖盘
1930,09:42:39,252.86,0.18,4,101144,买盘
1931,09:42:33,252.68,--,1,25268,卖盘
1932,09:42:28,252.68,0.02,2,58116,卖盘
1933,09:42:23,252.66,-0.02,2,50532,卖盘
1934,09:42:18,252.68,--,0,0,中性盘
1935,09:42:13,252.68,--,7,176876,卖盘
1936,09:42:09,252.68,--,2,50536,卖盘
1937,09:41:48,252.68,--,1,25268,卖盘
1938,09:41:44,252.68,-0.02,1,25268,卖盘
1939,09:41:38,252.7,--,1,25270,买盘
1940,09:41:33,252.7,-0.16,3,75810,卖盘
1941,09:41:28,252.86,--,1,25286,卖盘
1942,09:41:18,252.86,-0.05,1,25286,卖盘
1943,09:41:14,252.91,--,0,0,买盘
1944,09:41:03,252.91,-0.02,6,151746,卖盘
1945,09:40:59,252.93,0.01,7,177051,中性盘
1946,09:40:52,252.92,-0.08,5,126460,卖盘
1947,09:40:48,253.0,0.07,14,354200,买盘
1948,09:40:38,252.93,--,0,0,中性盘
1949,09:40:33,252.93,-0.04,2,50586,中性盘
1950,09:40:28,252.97,0.08,9,227673,买盘
1951,09:40:18,252.89,--,2,50578,卖盘
1952,09:40:13,252.89,-0.08,1,25289,卖盘
1953,09:40:08,252.97,--,2,50594,买盘
1954,09:40:03,252.97,--,15,379455,买盘
1955,09:39:48,252.97,--,0,0,买盘
1956,09:39:43,252.97,0.17,20,505940,买盘
1957,09:39:33,252.8,--,1,25280,卖盘
1958,09:39:28,252.8,0.08,1,25280,买盘
1959,09:39:07,252.72,-0.01,1,25272,卖盘
1960,09:39:03,252.73,0.03,3,75819,卖盘
1961,09:38:58,252.7,--,13,328510,买盘
1962,09:38:48,252.7,0.02,1,25270,买盘
1963,09:38:43,252.68,-0.02,4,101072,卖盘
1964,09:38:37,252.7,--,5,126350,买盘
1965,09:38:33,252.7,--,0,0,买盘
1966,09:38:28,252.7,--,2,50540,买盘
1967,09:38:23,252.7,0.08,14,353780,买盘
1968,09:38:18,252.62,--,1,25262,卖盘
1969,09:38:13,252.62,-0.08,1,25262,卖盘
1970,09:38:07,252.7,0.09,2,50540,买盘
1971,09:37:52,252.61,-0.39,1,25261,卖盘
1972,09:37:43,253.0,--,0,0,买盘
1973,09:37:38,253.0,0.4,1,29095,买盘
1974,09:37:27,252.6,--,3,75780,卖盘
1975,09:37:23,252.6,-0.46,1,25260,卖盘
1976,09:37:12,253.06,-0.01,4,101224,买盘
1977,09:37:07,253.07,--,2,50614,买盘
1978,09:36:57,253.07,--,7,177149,卖盘
1979,09:36:52,253.07,-0.02,14,354298,卖盘
1980,09:36:48,253.09,--,4,101236,卖盘
1981,09:36:42,253.09,-0.01,9,227781,卖盘
1982,09:36:37,253.1,0.01,28,708680,买盘
1983,09:36:33,253.09,-0.01,2,50618,卖盘
1984,09:36:27,253.1,0.01,1,25310,买盘
1985,09:36:22,253.09,-0.01,4,101236,卖盘
1986,09:36:18,253.1,--,5,126550,卖盘
1987,09:36:12,253.1,--,24,607440,卖盘
1988,09:36:07,253.1,--,6,151860,卖盘
1989,09:36:03,253.1,--,12,303720,买盘
1990,09:35:57,253.1,0.4,20,506200,买盘
1991,09:35:53,252.7,-0.03,11,277970,卖盘
1992,09:35:48,252.73,-0.02,1,25273,卖盘
1993,09:35:42,252.75,-0.43,23,581325,卖盘
1994,09:35:38,253.18,0.03,6,151908,卖盘
1995,09:35:33,253.15,-0.05,11,278465,卖盘
1996,09:35:27,253.2,0.05,3,75960,中性盘
1997,09:35:22,253.15,--,5,126575,卖盘
1998,09:35:17,253.15,-0.01,2,50630,卖盘
1999,09:35:12,253.16,-0.17,12,303792,卖盘
2000,09:35:07,253.33,0.17,8,202664,买盘
2001,09:35:02,253.16,-0.2,18,455688,卖盘
2002,09:34:57,253.36,--,17,430712,卖盘
2003,09:34:52,253.36,0.03,11,278696,买盘
2004,09:34:47,253.33,-0.02,1,25333,卖盘
2005,09:34:42,253.35,-0.01,9,228015,卖盘
2006,09:34:37,253.36,-0.02,12,304032,卖盘
2007,09:34:32,253.38,--,1,25338,卖盘
2008,09:34:27,253.38,0.04,16,405408,买盘
2009,09:34:22,253.34,0.18,27,684018,买盘
2010,09:34:17,253.16,-0.17,2,50632,卖盘
2011,09:34:12,253.33,0.17,27,683991,买盘
2012,09:34:07,253.16,-0.17,2,50632,卖盘
2013,09:33:57,253.33,0.23,4,101332,买盘
2014,09:33:52,253.1,0.07,4,101240,买盘
2015,09:33:46,253.03,--,0,0,卖盘
2016,09:33:37,253.03,0.03,2,50606,卖盘
2017,09:33:31,253.0,0.15,4,101200,买盘
2018,09:33:27,252.85,--,29,733265,卖盘
2019,09:33:22,252.85,-0.15,19,480415,卖盘
2020,09:33:16,253.0,--,0,0,买盘
2021,09:33:12,253.0,0.25,14,354200,买盘
2022,09:33:07,252.75,-0.05,7,176925,卖盘
2023,09:33:01,252.8,-0.05,3,75840,中性盘
2024,09:32:57,252.85,--,0,0,中性盘
2025,09:32:52,252.85,0.01,2,50570,买盘
2026,09:32:42,252.84,--,0,0,中性盘
2027,09:32:37,252.84,0.16,3,75852,买盘
2028,09:32:22,252.68,0.01,5,128866,买盘
2029,09:32:16,252.67,0.05,11,277937,买盘
2030,09:32:07,252.62,-0.05,22,555764,卖盘
2031,09:31:52,252.67,0.05,5,126335,卖盘
2032,09:31:46,252.62,-0.04,1,25262,卖盘
2033,09:31:41,252.66,0.08,2,50532,买盘
2034,09:31:37,252.58,0.03,1,25258,卖盘
2035,09:31:31,252.55,0.05,4,101020,买盘
2036,09:31:27,252.5,-0.04,0,12625,中性盘
2037,09:31:21,252.54,0.08,1,25254,买盘
2038,09:31:16,252.46,--,0,0,卖盘
2039,09:31:06,252.46,-0.09,2,50492,卖盘
2040,09:31:01,252.55,0.09,10,252550,买盘
2041,09:30:57,252.46,--,1,25246,卖盘
2042,09:30:51,252.46,--,2,50492,卖盘
2043,09:30:46,252.46,0.1,1,25246,中性盘
2044,09:30:41,252.36,--,0,0,卖盘
2045,09:30:36,252.36,0.03,1,25236,卖盘
2046,09:30:31,252.33,-0.37,1,25233,买盘
2047,09:30:21,252.7,--,0,0,中性盘
2048,09:30:06,252.7,--,39,1004987,买盘
2049,09:30:01,252.7,-0.02,63,1614753,卖盘
2050,09:28:53,252.72,--,0,0,卖盘
2051,09:25:04,252.72,252.72,28,710143,买盘
