,time,price,change,volume,amount,type
0,15:00:00,9.92,--,0,0,卖盘
1,15:00:00,9.92,--,0,0,卖盘
2,14:59:59,9.92,--,1,992,卖盘
3,14:59:55,9.92,--,210,208320,卖盘
4,14:59:45,9.92,-0.01,200,198400,卖盘
5,14:59:35,9.93,--,1,993,买盘
6,14:59:31,9.93,--,3,2979,买盘
7,14:59:20,9.93,--,2,1986,买盘
8,14:59:10,9.93,--,3,2979,买盘
9,14:59:06,9.93,--,299,296907,买盘
10,14:58:51,9.93,0.01,277,275061,买盘
11,14:58:24,9.92,-0.01,110,109120,卖盘
12,14:58:15,9.93,--,13,12909,买盘
13,14:58:09,9.93,0.01,5,4965,买盘
14,14:58:00,9.92,--,6,6507,卖盘
15,14:57:49,9.92,-0.01,20,19840,卖盘
16,14:57:39,9.93,--,65,64545,买盘
17,14:57:30,9.93,0.01,22,21846,买盘
18,14:57:20,9.92,-0.01,10,9920,卖盘
19,14:57:09,9.93,0.01,10,9930,买盘
20,14:57:00,9.92,-0.01,41,40672,卖盘
21,14:56:49,9.93,--,6,5958,买盘
22,14:56:45,9.93,--,126,125118,买盘
23,14:56:30,9.93,--,1,993,买盘
24,14:56:20,9.93,0.01,83,82419,买盘
25,14:56:15,9.92,0.01,28,27776,买盘
26,14:56:09,9.91,--,9,8919,卖盘
27,14:56:00,9.91,-0.01,75,74325,卖盘
28,14:55:54,9.92,--,255,252960,买盘
29,14:55:45,9.92,--,126,124992,买盘
30,14:55:39,9.92,--,100,99200,买盘
31,14:55:30,9.92,--,36,35712,买盘
32,14:55:24,9.92,--,402,398784,买盘
33,14:55:09,9.92,--,8,7936,买盘
34,14:55:00,9.92,-0.01,147,145824,卖盘
35,14:54:50,9.93,--,57,56601,买盘
36,14:54:45,9.93,--,99,98307,买盘
37,14:54:39,9.93,--,38,37833,卖盘
38,14:54:35,9.93,-0.01,3,2979,卖盘
39,14:54:30,9.94,0.01,1,994,买盘
40,14:54:24,9.93,-0.01,64,63552,卖盘
41,14:54:20,9.94,--,38,37772,买盘
42,14:54:09,9.94,0.01,53,52682,买盘
43,14:53:59,9.93,-0.01,32,31776,卖盘
44,14:53:39,9.94,--,39,38766,买盘
45,14:53:33,9.94,--,14,13916,买盘
46,14:53:30,9.94,0.01,84,83496,买盘
47,14:53:24,9.93,--,11,10923,卖盘
48,14:53:20,9.93,0.01,478,475547,买盘
49,14:53:14,9.92,-0.01,50,49600,中性盘
50,14:53:09,9.93,0.01,295,293034,买盘
51,14:52:59,9.92,--,2,1984,卖盘
52,14:52:48,9.92,-0.01,9,8928,卖盘
53,14:52:45,9.93,0.01,42,41706,买盘
54,14:52:24,9.92,--,1,1884,卖盘
55,14:52:14,9.92,--,10,9920,卖盘
56,14:52:09,9.92,--,14,13888,卖盘
57,14:52:03,9.92,--,29,28768,卖盘
58,14:51:59,9.92,--,204,202368,卖盘
59,14:51:54,9.92,--,3,2976,卖盘
60,14:51:44,9.92,--,27,26784,卖盘
61,14:51:39,9.92,--,11,10912,卖盘
62,14:51:28,9.92,--,8,7936,卖盘
63,14:51:24,9.92,-0.01,4,3968,卖盘
64,14:51:18,9.93,0.01,1,993,买盘
65,14:51:03,9.92,--,176,174592,卖盘
66,14:50:58,9.92,--,10,9920,卖盘
67,14:50:29,9.92,--,19,18848,卖盘
68,14:50:13,9.92,-0.01,15,14880,卖盘
69,14:49:58,9.93,--,25,24825,买盘
70,14:49:33,9.93,--,1,993,买盘
71,14:48:13,9.93,--,15,14895,买盘
72,14:48:08,9.93,0.01,25,24825,买盘
73,14:47:54,9.92,--,82,81344,卖盘
74,14:47:48,9.92,-0.01,73,72416,卖盘
75,14:47:18,9.93,0.01,151,149943,买盘
76,14:46:58,9.92,-0.01,250,248000,卖盘
77,14:46:53,9.93,--,268,266124,买盘
78,14:46:43,9.93,0.01,1,993,买盘
79,14:46:23,9.92,-0.01,1,992,卖盘
80,14:46:12,9.93,0.01,23,22839,买盘
81,14:46:08,9.92,-0.01,35,34720,卖盘
82,14:46:03,9.93,0.01,5,4965,买盘
83,14:45:48,9.92,--,211,209312,买盘
84,14:45:42,9.92,--,4,3968,买盘
85,14:45:38,9.92,0.01,165,163680,买盘
86,14:45:33,9.91,-0.01,5,4955,卖盘
87,14:45:27,9.92,--,12,11904,买盘
88,14:45:23,9.92,--,109,108128,买盘
89,14:45:12,9.92,--,50,49600,买盘
90,14:45:03,9.92,--,11,10912,买盘
91,14:44:57,9.92,--,1033,1024736,买盘
92,14:44:52,9.92,--,16,15872,买盘
93,14:44:48,9.92,--,155,153760,买盘
94,14:44:37,9.92,--,1,992,买盘
95,14:44:27,9.92,0.01,1,992,买盘
96,14:44:12,9.91,--,12,11892,卖盘
97,14:44:03,9.91,--,1,991,卖盘
98,14:43:52,9.91,-0.01,73,72343,卖盘
99,14:43:47,9.92,--,23,22816,买盘
100,14:43:36,9.92,--,10,9920,买盘
101,14:43:33,9.92,--,105,104160,买盘
102,14:43:12,9.92,--,15,14880,买盘
103,14:43:07,9.92,--,344,341248,买盘
104,14:42:37,9.92,--,75,74400,买盘
105,14:42:32,9.92,--,20,19840,买盘
106,14:42:02,9.92,--,33,32736,买盘
107,14:41:47,9.92,--,34,33728,买盘
108,14:41:42,9.92,--,1060,1051520,卖盘
109,14:41:33,9.92,--,20,19840,卖盘
110,14:41:27,9.92,-0.01,1280,1269760,卖盘
111,14:41:17,9.93,--,197,195998,卖盘
112,14:41:12,9.93,--,8,8559,买盘
113,14:41:07,9.93,0.01,110,109230,买盘
114,14:41:02,9.92,-0.01,31,30752,卖盘
115,14:40:52,9.93,--,99,98882,卖盘
116,14:40:42,9.93,--,335,332655,卖盘
117,14:40:32,9.93,-0.01,474,470682,卖盘
118,14:40:18,9.94,0.01,23,22862,买盘
119,14:40:03,9.93,--,5,4965,卖盘
120,14:39:47,9.93,--,15,14895,卖盘
121,14:39:32,9.93,--,10,9930,卖盘
122,14:39:17,9.93,--,19,18867,卖盘
123,14:39:12,9.93,--,25,24825,卖盘
124,14:39:06,9.93,--,51,50643,卖盘
125,14:39:02,9.93,--,8,7944,卖盘
126,14:38:47,9.93,--,24,24785,卖盘
127,14:38:36,9.93,--,28,27804,卖盘
128,14:38:27,9.93,--,200,198600,卖盘
129,14:38:17,9.93,--,3,3574,卖盘
130,14:38:12,9.93,--,7,6951,卖盘
131,14:38:06,9.93,-0.01,34,33762,卖盘
132,14:37:51,9.94,--,8,7952,买盘
133,14:37:16,9.94,0.01,24,23856,买盘
134,14:37:12,9.93,-0.01,2,1986,卖盘
135,14:36:51,9.94,0.01,35,34790,买盘
136,14:36:42,9.93,--,10,9930,卖盘
137,14:36:16,9.93,--,42,41706,卖盘
138,14:36:01,9.93,--,244,242292,卖盘
139,14:35:51,9.93,-0.01,31,30783,卖盘
140,14:35:36,9.94,--,1049,1042706,买盘
141,14:35:32,9.94,0.01,53,52682,买盘
142,14:35:12,9.93,-0.01,2,1986,卖盘
143,14:34:56,9.94,0.01,1,994,买盘
144,14:34:51,9.93,--,10,9930,卖盘
145,14:34:21,9.93,--,1,993,卖盘
146,14:33:41,9.93,--,31,30783,卖盘
147,14:33:15,9.93,-0.01,2,1986,卖盘
148,14:33:06,9.94,0.01,33,32802,买盘
149,14:32:51,9.93,-0.01,11,10923,卖盘
150,14:32:30,9.94,0.01,1,994,买盘
151,14:32:26,9.93,--,6,5958,卖盘
152,14:32:15,9.93,--,2,1986,卖盘
153,14:32:06,9.93,-0.01,6,5958,卖盘
154,14:31:51,9.94,0.01,19,19542,买盘
155,14:31:41,9.93,--,12,11916,卖盘
156,14:31:36,9.93,--,9,8937,卖盘
157,14:31:30,9.93,--,10,9930,卖盘
158,14:31:15,9.93,-0.01,5,4965,卖盘
159,14:31:06,9.94,0.01,25,24850,买盘
160,14:31:00,9.93,--,11,11121,卖盘
161,14:30:41,9.93,-0.01,100,99300,卖盘
162,14:30:30,9.94,0.01,30,29820,买盘
163,14:29:14,9.93,--,22,21846,卖盘
164,14:28:25,9.93,-0.01,1,993,卖盘
165,14:28:05,9.94,0.01,23,22862,买盘
166,14:28:00,9.93,--,21,20853,卖盘
167,14:27:45,9.93,--,20,19860,卖盘
168,14:27:35,9.93,--,2,1986,卖盘
169,14:27:30,9.93,--,21,20853,卖盘
170,14:27:15,9.93,-0.01,19,18867,卖盘
171,14:27:05,9.94,0.01,10,9940,买盘
172,14:27:00,9.93,-0.01,19,18867,卖盘
173,14:26:45,9.94,--,30,29820,卖盘
174,14:26:40,9.94,--,10,9940,卖盘
175,14:26:30,9.94,--,19,18886,卖盘
176,14:26:25,9.94,-0.01,2,1988,卖盘
177,14:26:20,9.95,0.01,1,994,买盘
178,14:26:15,9.94,--,521,517874,卖盘
179,14:26:10,9.94,--,3,2982,卖盘
180,14:26:00,9.94,--,21,20874,卖盘
181,14:25:45,9.94,--,20,19880,卖盘
182,14:25:30,9.94,--,20,19880,卖盘
183,14:25:15,9.94,--,21,20874,卖盘
184,14:25:09,9.94,--,4,3976,卖盘
185,14:25:05,9.94,--,32,31808,卖盘
186,14:25:00,9.94,--,20,19880,卖盘
187,14:24:50,9.94,--,1,994,卖盘
188,14:24:45,9.94,--,63,62622,卖盘
189,14:24:39,9.94,--,300,298200,卖盘
190,14:24:30,9.94,--,19,18886,卖盘
191,14:24:15,9.94,--,21,20874,卖盘
192,14:24:09,9.94,--,13,12922,卖盘
193,14:24:05,9.94,-0.01,1,994,卖盘
194,14:23:59,9.95,0.01,45,44775,买盘
195,14:23:45,9.94,--,21,20874,卖盘
196,14:23:39,9.94,-0.01,117,116298,卖盘
197,14:23:35,9.95,0.01,100,99500,买盘
198,14:23:30,9.94,-0.01,20,19880,卖盘
199,14:23:15,9.95,--,14,13929,买盘
200,14:23:09,9.95,--,98,97748,卖盘
201,14:23:00,9.95,--,21,20895,卖盘
202,14:22:54,9.95,0.01,171,170901,买盘
203,14:22:44,9.94,--,54,53676,卖盘
204,14:22:30,9.94,--,20,19880,卖盘
205,14:22:15,9.94,-0.01,21,20874,卖盘
206,14:22:09,9.95,--,159,158205,买盘
207,14:22:04,9.95,0.01,217,215914,买盘
208,14:22:00,9.94,--,19,18886,卖盘
209,14:21:45,9.94,--,21,20874,卖盘
210,14:21:39,9.94,--,1,994,卖盘
211,14:21:29,9.94,--,19,18886,卖盘
212,14:21:14,9.94,--,24,23856,卖盘
213,14:20:59,9.94,-0.01,105,104370,卖盘
214,14:20:44,9.95,0.01,111,110444,买盘
215,14:20:34,9.94,-0.01,1,994,卖盘
216,14:20:29,9.95,--,125,124374,买盘
217,14:20:24,9.95,--,1,994,买盘
218,14:20:19,9.95,--,1,994,买盘
219,14:20:14,9.95,--,22,21890,买盘
220,14:20:09,9.95,--,1,994,买盘
221,14:20:04,9.95,0.01,1,994,买盘
222,14:19:59,9.94,--,20,19880,卖盘
223,14:19:44,9.94,-0.01,21,20874,卖盘
224,14:19:39,9.95,0.01,38,37810,买盘
225,14:19:29,9.94,--,20,19880,卖盘
226,14:19:14,9.94,-0.01,20,19880,卖盘
227,14:19:09,9.95,0.01,62,61689,买盘
228,14:18:59,9.94,-0.01,20,19880,卖盘
229,14:18:54,9.95,0.01,57,56714,买盘
230,14:18:44,9.94,--,20,19880,卖盘
231,14:18:33,9.94,--,22,21868,卖盘
232,14:18:18,9.94,--,20,19880,卖盘
233,14:18:09,9.94,--,27,26838,卖盘
234,14:18:03,9.94,-0.01,20,19880,卖盘
235,14:17:48,9.95,--,152,151240,买盘
236,14:17:44,9.95,--,9,8955,买盘
237,14:17:39,9.95,-0.01,155,154463,卖盘
238,14:17:33,9.96,0.01,84,84420,买盘
239,14:17:24,9.95,-0.01,410,407949,卖盘
240,14:17:18,9.96,0.01,23,22908,买盘
241,14:17:08,9.95,--,58,57709,卖盘
242,14:17:03,9.95,--,20,19900,卖盘
243,14:16:58,9.95,0.01,1477,1469615,买盘
244,14:16:48,9.94,-0.01,89,88466,卖盘
245,14:16:33,9.95,0.01,221,219894,买盘
246,14:16:24,9.94,--,23,22862,卖盘
247,14:16:18,9.94,--,39,38766,卖盘
248,14:16:14,9.94,--,43,42742,卖盘
249,14:16:09,9.94,--,27,26838,卖盘
250,14:16:03,9.94,0.01,62,61628,中性盘
251,14:15:48,9.93,--,20,19860,卖盘
252,14:15:39,9.93,--,5,4965,卖盘
253,14:15:33,9.93,--,20,19860,卖盘
254,14:15:18,9.93,-0.01,41,40713,卖盘
255,14:15:03,9.94,0.01,26,25844,买盘
256,14:14:48,9.93,-0.01,21,20853,卖盘
257,14:14:43,9.94,-0.01,10,9940,买盘
258,14:14:33,9.95,--,0,0,买盘
259,14:14:18,9.95,0.02,49,48755,买盘
260,14:14:08,9.93,--,33,33265,卖盘
261,14:14:03,9.93,-0.02,22,21846,卖盘
262,14:13:58,9.95,0.01,28,27859,买盘
263,14:13:53,9.94,--,28,27832,买盘
264,14:13:48,9.94,--,181,179914,买盘
265,14:13:38,9.94,0.01,45,44730,买盘
266,14:13:33,9.93,-0.01,24,23832,卖盘
267,14:13:23,9.94,--,63,62622,买盘
268,14:13:18,9.94,0.01,117,116298,买盘
269,14:13:03,9.93,--,20,19860,卖盘
270,14:12:48,9.93,--,20,19860,卖盘
271,14:12:33,9.93,--,20,19860,卖盘
272,14:12:18,9.93,-0.01,20,19860,卖盘
273,14:12:03,9.94,0.01,292,290248,买盘
274,14:11:47,9.93,-0.01,21,20853,卖盘
275,14:11:38,9.94,0.01,101,100394,买盘
276,14:11:33,9.93,--,20,19860,卖盘
277,14:11:23,9.93,--,25,24825,卖盘
278,14:11:18,9.93,--,88,87384,卖盘
279,14:11:11,9.93,--,422,419244,买盘
280,14:11:08,9.93,--,20,19860,买盘
281,14:11:02,9.93,-0.01,7,6951,卖盘
282,14:10:56,9.94,--,0,0,买盘
283,14:10:53,9.94,0.02,4,3976,买盘
284,14:10:47,9.92,-0.01,21,20832,卖盘
285,14:10:42,9.93,0.01,4,4567,买盘
286,14:10:32,9.92,-0.01,20,19840,卖盘
287,14:10:27,9.93,--,34,33762,买盘
288,14:10:23,9.93,0.01,4,3972,买盘
289,14:10:17,9.92,-0.01,21,20832,卖盘
290,14:10:08,9.93,--,11,10923,买盘
291,14:10:02,9.93,0.01,65,64545,买盘
292,14:09:47,9.92,-0.01,19,18848,卖盘
293,14:09:38,9.93,0.01,83,82419,买盘
294,14:09:32,9.92,--,70,69440,卖盘
295,14:09:17,9.92,-0.01,20,19840,卖盘
296,14:09:02,9.93,0.01,46,45678,买盘
297,14:08:47,9.92,--,21,20832,卖盘
298,14:08:32,9.92,--,19,18848,卖盘
299,14:08:17,9.92,-0.01,20,19840,卖盘
300,14:08:02,9.93,--,1225,1216425,卖盘
301,14:07:47,9.93,--,20,19860,卖盘
302,14:07:32,9.93,--,20,19860,卖盘
303,14:07:17,9.93,-0.01,20,19860,卖盘
304,14:07:12,9.94,0.01,26,25844,买盘
305,14:07:03,9.93,--,20,19860,卖盘
306,14:06:47,9.93,--,20,19860,卖盘
307,14:06:33,9.93,--,20,19860,卖盘
308,14:06:17,9.93,--,21,20853,卖盘
309,14:06:12,9.93,--,17,16881,卖盘
310,14:06:03,9.93,--,19,18867,卖盘
311,14:05:52,9.93,--,2,1986,卖盘
312,14:05:47,9.93,--,20,19860,卖盘
313,14:05:42,9.93,0.01,109,108237,买盘
314,14:05:32,9.92,-0.01,127,125984,卖盘
315,14:05:21,9.93,0.01,10,9930,买盘
316,14:05:17,9.92,--,20,19840,卖盘
317,14:05:11,9.92,-0.01,4,3968,卖盘
318,14:05:02,9.93,--,22,21846,卖盘
319,14:04:47,9.93,-0.01,21,20853,卖盘
320,14:04:42,9.94,0.01,1,994,买盘
321,14:04:32,9.93,--,19,18867,卖盘
322,14:04:20,9.93,0.01,108,107244,买盘
323,14:04:17,9.92,--,26,25792,卖盘
324,14:04:06,9.92,--,62,61504,卖盘
325,14:03:57,9.92,--,19,18848,卖盘
326,14:03:46,9.92,-0.01,1021,1012832,卖盘
327,14:03:41,9.93,--,3,2979,买盘
328,14:03:32,9.93,--,50,49650,买盘
329,14:03:26,9.93,--,44,43692,卖盘
330,14:03:17,9.93,-0.01,20,19860,卖盘
331,14:03:11,9.94,0.01,1,994,买盘
332,14:03:06,9.93,--,8,7944,卖盘
333,14:03:02,9.93,--,21,20853,卖盘
334,14:02:41,9.93,--,20,19860,卖盘
335,14:02:31,9.93,--,20,19860,卖盘
336,14:02:11,9.93,--,21,20853,卖盘
337,14:02:06,9.93,--,8,7944,卖盘
338,14:02:01,9.93,--,1,993,卖盘
339,14:01:56,9.93,--,19,18867,卖盘
340,14:01:41,9.93,--,24,23832,卖盘
341,14:01:26,9.93,--,20,19860,卖盘
342,14:01:11,9.93,-0.01,21,20853,卖盘
343,14:01:06,9.94,0.01,23,22862,买盘
344,14:00:56,9.93,--,20,19860,卖盘
345,14:00:41,9.93,-0.01,21,20853,卖盘
346,14:00:26,9.94,0.01,61,60634,买盘
347,14:00:11,9.93,--,121,120153,卖盘
348,13:59:56,9.93,--,20,19860,卖盘
349,13:59:41,9.93,--,20,19860,卖盘
350,13:59:26,9.93,--,20,19860,卖盘
351,13:59:11,9.93,--,21,20853,卖盘
352,13:59:06,9.93,--,17,16881,卖盘
353,13:59:01,9.93,--,12,11916,买盘
354,13:58:56,9.93,--,7,6951,卖盘
355,13:58:41,9.93,-0.01,20,19860,卖盘
356,13:58:36,9.94,0.01,23,22862,买盘
357,13:58:26,9.93,--,20,19860,卖盘
358,13:58:11,9.93,--,21,20853,卖盘
359,13:58:06,9.93,-0.01,91,90363,卖盘
360,13:58:00,9.94,--,46,45724,卖盘
361,13:57:56,9.94,--,19,18886,卖盘
362,13:57:51,9.94,--,165,164010,卖盘
363,13:57:41,9.94,--,29,28826,卖盘
364,13:57:36,9.94,--,39,38766,卖盘
365,13:57:26,9.94,--,195,193830,卖盘
366,13:57:15,9.94,--,75,74550,卖盘
367,13:57:11,9.94,--,800,795200,卖盘
368,13:57:00,9.94,-0.01,89,88466,卖盘
369,13:56:45,9.95,0.01,43,42785,买盘
370,13:56:35,9.94,0.01,104,103376,买盘
371,13:56:30,9.93,-0.01,20,19860,卖盘
372,13:56:26,9.94,0.01,15,14910,买盘
373,13:56:15,9.93,-0.01,20,19860,卖盘
374,13:56:05,9.94,--,1,994,买盘
375,13:56:00,9.94,0.01,220,218680,买盘
376,13:55:45,9.93,0.01,20,19860,卖盘
377,13:55:35,9.92,--,0,0,卖盘
378,13:55:30,9.92,-0.01,50,49600,卖盘
379,13:55:26,9.93,--,80,79440,买盘
380,13:55:10,9.93,--,50,49650,买盘
381,13:55:05,9.93,--,1090,1082370,卖盘
382,13:55:00,9.93,-0.01,20,19860,卖盘
383,13:54:45,9.94,0.01,100,99400,买盘
384,13:54:35,9.93,--,35,34755,卖盘
385,13:54:30,9.93,-0.01,27,26811,卖盘
386,13:54:20,9.94,0.01,10,9940,买盘
387,13:54:15,9.93,-0.01,20,19860,卖盘
388,13:54:10,9.94,0.01,80,79520,买盘
389,13:54:05,9.93,--,93,92349,卖盘
390,13:54:00,9.93,-0.01,21,20853,卖盘
391,13:53:56,9.94,0.01,30,29820,买盘
392,13:53:50,9.93,-0.01,10,9930,卖盘
393,13:53:45,9.94,--,520,516880,买盘
394,13:53:35,9.94,--,80,79520,买盘
395,13:53:30,9.94,0.01,22,21868,买盘
396,13:53:20,9.93,--,28,27804,卖盘
397,13:53:15,9.93,-0.01,20,19860,卖盘
398,13:53:05,9.94,0.01,520,516880,买盘
399,13:53:00,9.93,-0.01,20,19860,卖盘
400,13:52:50,9.94,0.01,80,79520,买盘
401,13:52:45,9.93,--,38,37734,卖盘
402,13:52:35,9.93,--,26,25818,卖盘
403,13:52:30,9.93,--,19,18867,卖盘
404,13:52:15,9.93,--,22,21846,卖盘
405,13:52:10,9.93,--,6,5958,中性盘
406,13:52:05,9.93,--,11,10923,卖盘
407,13:52:00,9.93,--,43,42699,买盘
408,13:51:50,9.93,--,27,26811,卖盘
409,13:51:45,9.93,--,26,25818,买盘
410,13:51:35,9.93,0.01,5,4965,买盘
411,13:51:30,9.92,-0.01,81,80352,卖盘
412,13:51:24,9.93,0.01,20,19860,买盘
413,13:51:15,9.92,-0.01,21,20832,卖盘
414,13:51:05,9.93,--,130,129090,买盘
415,13:51:00,9.93,--,27,26811,买盘
416,13:50:50,9.93,0.01,30,29790,买盘
417,13:50:45,9.92,-0.01,21,20832,卖盘
418,13:50:35,9.93,0.01,80,79440,买盘
419,13:50:30,9.92,-0.01,20,19840,卖盘
420,13:50:20,9.93,0.01,200,198600,买盘
421,13:50:15,9.92,--,21,20832,卖盘
422,13:50:09,9.92,-0.01,12,11904,卖盘
423,13:50:00,9.93,--,21,20853,买盘
424,13:49:50,9.93,0.01,30,29790,买盘
425,13:49:44,9.92,-0.01,21,20832,卖盘
426,13:49:39,9.93,0.01,2,1986,买盘
427,13:49:29,9.92,-0.01,47,46624,卖盘
428,13:49:24,9.93,--,4,3972,买盘
429,13:49:19,9.93,0.01,23,22839,买盘
430,13:49:14,9.92,--,405,402632,买盘
431,13:49:09,9.92,--,5,4960,买盘
432,13:48:59,9.92,0.01,146,144832,买盘
433,13:48:49,9.91,--,1,991,卖盘
434,13:48:44,9.91,--,19,18829,卖盘
435,13:48:29,9.91,-0.01,20,19820,卖盘
436,13:48:24,9.92,0.01,13,12896,买盘
437,13:48:14,9.91,-0.01,19,18829,卖盘
438,13:47:59,9.92,--,122,121024,买盘
439,13:47:54,9.92,0.01,100,99200,买盘
440,13:47:44,9.91,--,20,19820,卖盘
441,13:47:34,9.91,--,1,991,卖盘
442,13:47:29,9.91,-0.01,20,19820,卖盘
443,13:47:23,9.92,0.01,80,79360,买盘
444,13:47:14,9.91,--,20,19820,卖盘
445,13:47:08,9.91,--,68,67388,卖盘
446,13:47:04,9.91,--,1,991,卖盘
447,13:46:59,9.91,--,20,19820,卖盘
448,13:46:44,9.91,--,19,18829,卖盘
449,13:46:39,9.91,--,1,991,卖盘
450,13:46:29,9.91,--,19,18829,卖盘
451,13:46:14,9.91,-0.01,22,21802,卖盘
452,13:46:04,9.92,--,303,300774,卖盘
453,13:45:59,9.92,--,20,19840,卖盘
454,13:45:50,9.92,--,24,23808,卖盘
455,13:45:44,9.92,-0.01,27,26784,卖盘
456,13:45:38,9.93,0.01,5,4965,买盘
457,13:45:29,9.92,--,20,19840,卖盘
458,13:45:24,9.92,-0.01,11,10912,卖盘
459,13:45:14,9.93,0.01,104,103272,买盘
460,13:44:59,9.92,--,30,29760,卖盘
461,13:44:44,9.92,--,19,18848,卖盘
462,13:44:29,9.92,-0.01,20,19840,卖盘
463,13:44:23,9.93,0.01,30,29790,买盘
464,13:44:14,9.92,--,30,29760,卖盘
465,13:44:08,9.92,--,3,2976,卖盘
466,13:43:59,9.92,--,19,18848,卖盘
467,13:43:44,9.92,--,22,21824,卖盘
468,13:43:29,9.92,--,19,18848,卖盘
469,13:43:18,9.92,--,1,992,卖盘
470,13:43:14,9.92,--,19,18848,卖盘
471,13:43:09,9.92,--,5,4960,卖盘
472,13:42:58,9.92,--,20,19840,卖盘
473,13:42:53,9.92,--,1,992,卖盘
474,13:42:43,9.92,-0.01,20,19840,卖盘
475,13:42:33,9.93,0.01,24,23832,买盘
476,13:42:29,9.92,--,21,20832,卖盘
477,13:42:24,9.92,--,62,61504,卖盘
478,13:42:13,9.92,--,25,24800,卖盘
479,13:42:03,9.92,--,6,5952,卖盘
480,13:41:58,9.92,--,20,19840,卖盘
481,13:41:48,9.92,--,6,6745,卖盘
482,13:41:43,9.92,--,20,19840,卖盘
483,13:41:28,9.92,-0.01,20,19840,卖盘
484,13:41:23,9.93,0.01,10,9930,买盘
485,13:41:18,9.92,--,15,14880,卖盘
486,13:41:13,9.92,-0.01,21,20832,卖盘
487,13:41:08,9.93,0.01,27,26811,买盘
488,13:40:58,9.92,--,20,19840,卖盘
489,13:40:43,9.92,--,20,19840,卖盘
490,13:40:32,9.92,--,50,49600,卖盘
491,13:40:28,9.92,--,20,19840,卖盘
492,13:40:23,9.92,--,2,1984,卖盘
493,13:40:13,9.92,--,20,19840,卖盘
494,13:40:08,9.92,--,19,18848,卖盘
495,13:40:03,9.92,--,29,28768,卖盘
496,13:39:58,9.92,-0.01,20,19840,卖盘
497,13:39:48,9.93,0.01,130,129090,买盘
498,13:39:43,9.92,--,21,20832,卖盘
499,13:39:28,9.92,-0.01,19,18848,卖盘
500,13:39:18,9.93,0.01,157,155901,买盘
501,13:39:13,9.92,-0.01,21,20832,卖盘
502,13:39:02,9.93,0.01,5,4965,买盘
503,13:38:58,9.92,--,20,19840,卖盘
504,13:38:43,9.92,--,20,19840,卖盘
505,13:38:38,9.92,--,2,1984,卖盘
506,13:38:28,9.92,-0.01,19,18848,卖盘
507,13:38:18,9.93,0.01,120,119160,买盘
508,13:38:13,9.92,--,21,20832,卖盘
509,13:38:08,9.92,--,1,992,卖盘
510,13:38:03,9.92,--,33,32736,卖盘
511,13:37:58,9.92,--,21,20832,卖盘
512,13:37:43,9.92,-0.01,21,20832,卖盘
513,13:37:38,9.93,--,744,738792,买盘
514,13:37:32,9.93,0.01,70,69510,买盘
515,13:37:28,9.92,--,19,18848,卖盘
516,13:37:13,9.92,--,20,19840,卖盘
517,13:36:57,9.92,--,23,22816,卖盘
518,13:36:43,9.92,--,20,19840,卖盘
519,13:36:28,9.92,--,20,19840,卖盘
520,13:36:13,9.92,--,19,18848,卖盘
521,13:36:02,9.92,--,29,28768,卖盘
522,13:35:58,9.92,--,20,19840,卖盘
523,13:35:53,9.92,--,38,38092,卖盘
524,13:35:43,9.92,-0.01,20,19840,卖盘
525,13:35:33,9.93,0.01,1,993,买盘
526,13:35:27,9.92,--,20,19840,卖盘
527,13:35:12,9.92,-0.01,81,80352,卖盘
528,13:35:08,9.93,0.01,21,20853,买盘
529,13:35:02,9.92,--,4,3968,卖盘
530,13:34:57,9.92,-0.01,21,20832,卖盘
531,13:34:42,9.93,--,22,21846,买盘
532,13:34:32,9.93,0.01,2,1986,买盘
533,13:34:27,9.92,-0.01,21,20832,卖盘
534,13:34:17,9.93,0.01,25,24825,买盘
535,13:34:12,9.92,--,20,19840,卖盘
536,13:33:57,9.92,-0.01,34,33728,卖盘
537,13:33:52,9.93,0.01,280,278040,买盘
538,13:33:42,9.92,--,21,20832,卖盘
539,13:33:27,9.92,--,19,18848,卖盘
540,13:33:22,9.92,--,55,55155,买盘
541,13:33:17,9.92,0.01,31,30752,买盘
542,13:33:12,9.91,-0.01,21,20811,卖盘
543,13:33:07,9.92,--,1,992,买盘
544,13:33:02,9.92,0.01,1,992,买盘
545,13:32:57,9.91,--,20,19820,卖盘
546,13:32:52,9.91,-0.01,3,2973,卖盘
547,13:32:47,9.92,0.01,31,30752,买盘
548,13:32:41,9.91,--,20,19820,卖盘
549,13:32:27,9.91,--,21,20811,卖盘
550,13:32:11,9.91,-0.01,20,19820,卖盘
551,13:31:57,9.92,--,13,13292,卖盘
552,13:31:52,9.92,--,9,8928,卖盘
553,13:31:41,9.92,--,20,19840,卖盘
554,13:31:32,9.92,--,100,99200,卖盘
555,13:31:27,9.92,--,21,20832,卖盘
556,13:31:22,9.92,--,27,26784,卖盘
557,13:31:12,9.92,--,19,18848,卖盘
558,13:31:07,9.92,-0.01,2,1984,卖盘
559,13:31:02,9.93,--,19,18867,买盘
560,13:30:57,9.93,--,78,77454,买盘
561,13:30:47,9.93,0.01,17,16881,买盘
562,13:30:41,9.92,-0.01,41,40672,卖盘
563,13:30:37,9.93,--,18,17874,买盘
564,13:30:32,9.93,0.01,1,993,买盘
565,13:30:26,9.92,--,20,19840,卖盘
566,13:30:22,9.92,0.01,205,203955,买盘
567,13:30:17,9.91,--,1,991,卖盘
568,13:30:11,9.91,--,21,20811,卖盘
569,13:30:02,9.91,--,51,50541,卖盘
570,13:29:57,9.91,--,23,22793,卖盘
571,13:29:52,9.91,--,5,4955,卖盘
572,13:29:42,9.91,-0.01,19,18829,卖盘
573,13:29:27,9.92,--,74,73408,买盘
574,13:29:21,9.92,--,10,9920,买盘
575,13:29:11,9.92,0.01,36,35712,买盘
576,13:29:02,9.91,--,2,2180,卖盘
577,13:28:57,9.91,--,20,19820,卖盘
578,13:28:47,9.91,--,2,1982,卖盘
579,13:28:42,9.91,--,21,20811,卖盘
580,13:28:37,9.91,--,2,1982,卖盘
581,13:28:27,9.91,--,20,19820,卖盘
582,13:28:12,9.91,--,22,21802,卖盘
583,13:27:57,9.91,--,23,22793,卖盘
584,13:27:52,9.91,--,1,991,卖盘
585,13:27:42,9.91,--,20,19820,卖盘
586,13:27:26,9.91,--,22,21802,卖盘
587,13:27:22,9.91,--,1,991,卖盘
588,13:27:11,9.91,--,19,18829,卖盘
589,13:26:56,9.91,--,27,26757,卖盘
590,13:26:46,9.91,--,2,1982,卖盘
591,13:26:41,9.91,--,20,19820,卖盘
592,13:26:35,9.91,0.01,70,69568,买盘
593,13:26:26,9.9,--,19,18810,卖盘
594,13:26:11,9.9,--,0,0,卖盘
595,13:26:06,9.9,-0.02,1,990,卖盘
596,13:25:56,9.92,0.02,51,50592,买盘
597,13:25:41,9.9,-0.01,22,21780,卖盘
598,13:25:26,9.91,--,31,30721,卖盘
599,13:25:16,9.91,0.01,1,991,中性盘
600,13:25:11,9.9,--,19,18810,卖盘
601,13:25:06,9.9,--,0,0,卖盘
602,13:24:56,9.9,--,34,33660,卖盘
603,13:24:41,9.9,-0.01,20,19800,卖盘
604,13:24:36,9.91,0.01,2,1982,买盘
605,13:24:26,9.9,-0.01,21,20790,卖盘
606,13:24:16,9.91,--,57,57279,卖盘
607,13:24:11,9.91,--,20,19820,卖盘
608,13:24:01,9.91,-0.01,7,6937,卖盘
609,13:23:56,9.92,0.01,29,28768,买盘
610,13:23:41,9.91,--,23,22991,卖盘
611,13:23:26,9.91,--,20,19820,卖盘
612,13:23:11,9.91,-0.01,19,18829,卖盘
613,13:23:05,9.92,0.01,23,22816,买盘
614,13:22:56,9.91,--,24,23784,卖盘
615,13:22:46,9.91,--,2,1982,卖盘
616,13:22:41,9.91,--,20,19820,卖盘
617,13:22:26,9.91,--,20,19820,卖盘
618,13:22:20,9.91,--,4,3964,卖盘
619,13:22:11,9.91,--,20,19820,卖盘
620,13:22:06,9.91,-0.01,5,4955,卖盘
621,13:22:01,9.92,0.01,2,1984,买盘
622,13:21:56,9.91,--,34,33694,卖盘
623,13:21:46,9.91,--,12,11892,卖盘
624,13:21:41,9.91,-0.01,21,20811,卖盘
625,13:21:35,9.92,0.01,15,14880,买盘
626,13:21:30,9.91,--,19,18829,买盘
627,13:21:26,9.91,--,2,1982,卖盘
628,13:21:20,9.91,-0.01,1,991,卖盘
629,13:21:11,9.92,0.01,50,49600,买盘
630,13:20:56,9.91,--,14,13874,卖盘
631,13:20:50,9.91,--,3,2973,卖盘
632,13:20:45,9.91,--,20,19820,卖盘
633,13:20:36,9.91,--,1,991,卖盘
634,13:20:31,9.91,--,20,19820,卖盘
635,13:20:21,9.91,--,3,2973,卖盘
636,13:20:16,9.91,--,20,19820,卖盘
637,13:20:06,9.91,0.01,12,11892,买盘
638,13:20:01,9.9,--,21,20790,卖盘
639,13:19:50,9.9,--,5,4950,卖盘
640,13:19:46,9.9,-0.01,18,17820,卖盘
641,13:19:31,9.91,--,29,28739,卖盘
642,13:19:20,9.91,0.01,4,3964,买盘
643,13:19:16,9.9,-0.02,47,46530,卖盘
644,13:19:10,9.92,--,1,992,买盘
645,13:19:05,9.92,--,12,11904,买盘
646,13:19:01,9.92,0.01,48,47616,买盘
647,13:18:56,9.91,-0.01,5,4955,卖盘
648,13:18:50,9.92,0.01,30,29760,买盘
649,13:18:45,9.91,-0.01,29,28739,买盘
650,13:18:40,9.92,--,0,0,买盘
651,13:18:35,9.92,0.02,2,1984,买盘
652,13:18:30,9.9,--,21,20790,卖盘
653,13:18:25,9.9,-0.01,19,18810,卖盘
654,13:18:20,9.91,0.01,21,20811,买盘
655,13:18:14,9.9,--,0,0,卖盘
656,13:17:59,9.9,-0.02,21,20790,卖盘
657,13:17:56,9.92,0.02,23,22816,买盘
658,13:17:50,9.9,--,4,3960,卖盘
659,13:17:45,9.9,--,19,18810,卖盘
660,13:17:40,9.9,--,10,9900,卖盘
661,13:17:35,9.9,--,1,990,卖盘
662,13:17:30,9.9,-0.01,23,22770,卖盘
663,13:17:15,9.91,0.01,38,37658,买盘
664,13:16:59,9.9,--,20,19800,卖盘
665,13:16:54,9.9,--,2,1980,卖盘
666,13:16:45,9.9,--,21,20790,卖盘
667,13:16:20,9.9,--,1,990,卖盘
668,13:16:15,9.9,-0.01,20,19800,卖盘
669,13:16:05,9.91,0.01,3,2973,买盘
670,13:16:00,9.9,-0.01,21,20790,卖盘
671,13:15:55,9.91,--,5,4955,卖盘
672,13:15:45,9.91,--,23,22793,买盘
673,13:15:35,9.91,0.01,16,15856,买盘
674,13:15:30,9.9,--,22,21780,卖盘
675,13:15:15,9.9,--,20,19800,卖盘
676,13:15:05,9.9,--,52,51480,卖盘
677,13:14:59,9.9,--,21,20790,卖盘
678,13:14:54,9.9,--,5,4950,卖盘
679,13:14:44,9.9,--,9,8910,卖盘
680,13:14:30,9.9,-0.02,21,20790,卖盘
681,13:14:20,9.92,0.02,80,80193,买盘
682,13:14:15,9.9,-0.01,19,19206,卖盘
683,13:14:00,9.91,--,26,25766,卖盘
684,13:13:50,9.91,--,15,14865,卖盘
685,13:13:45,9.91,--,19,18829,卖盘
686,13:13:40,9.91,0.01,221,219605,买盘
687,13:13:34,9.9,--,7,6930,卖盘
688,13:13:29,9.9,--,21,20790,卖盘
689,13:13:24,9.9,--,1,990,卖盘
690,13:13:19,9.9,--,100,99000,卖盘
691,13:13:14,9.9,--,29,28710,卖盘
692,13:13:10,9.9,0.01,50,49500,买盘
693,13:13:00,9.89,--,2,1978,卖盘
694,13:12:54,9.89,-0.01,3,2967,卖盘
695,13:12:49,9.9,--,7,6930,卖盘
696,13:12:44,9.9,0.01,30,29700,买盘
697,13:12:39,9.89,--,1,989,卖盘
698,13:12:29,9.89,-0.01,25,24725,卖盘
699,13:12:24,9.9,0.01,12,11880,买盘
700,13:12:14,9.89,--,1,989,卖盘
701,13:12:04,9.89,-0.01,7,6923,卖盘
702,13:11:59,9.9,--,22,21780,卖盘
703,13:11:44,9.9,--,27,26730,卖盘
704,13:11:29,9.9,0.01,35,34650,买盘
705,13:11:19,9.89,--,7,6923,卖盘
706,13:11:14,9.89,-0.01,31,30659,卖盘
707,13:11:09,9.9,0.01,9,8910,买盘
708,13:11:04,9.89,--,4,3956,卖盘
709,13:10:59,9.89,--,28,27692,卖盘
710,13:10:49,9.89,--,1,989,卖盘
711,13:10:43,9.89,--,20,19780,卖盘
712,13:10:33,9.89,-0.01,6,5934,卖盘
713,13:10:29,9.9,--,8,7920,卖盘
714,13:10:24,9.9,--,1,990,卖盘
715,13:10:14,9.9,--,28,27720,卖盘
716,13:10:04,9.9,0.01,16,15840,买盘
717,13:09:59,9.89,-0.01,9,8901,卖盘
718,13:09:49,9.9,--,6,5940,卖盘
719,13:09:44,9.9,--,19,18810,卖盘
720,13:09:34,9.9,--,1,990,卖盘
721,13:09:29,9.9,0.01,46,45540,买盘
722,13:09:14,9.89,--,20,19780,卖盘
723,13:09:09,9.89,--,2,1978,卖盘
724,13:09:04,9.89,--,6,5934,卖盘
725,13:08:59,9.89,--,0,0,卖盘
726,13:08:53,9.89,-0.01,56,55384,卖盘
727,13:08:49,9.9,--,1,990,卖盘
728,13:08:44,9.9,--,33,32670,卖盘
729,13:08:34,9.9,0.01,21,20790,买盘
730,13:08:29,9.89,--,20,19780,卖盘
731,13:08:24,9.89,--,7,6923,卖盘
732,13:08:14,9.89,--,14,13846,卖盘
733,13:07:59,9.89,-0.02,30,29670,卖盘
734,13:07:54,9.91,0.01,24,23784,买盘
735,13:07:44,9.9,--,15,14850,卖盘
736,13:07:39,9.9,--,6,5940,卖盘
737,13:07:29,9.9,--,19,18810,卖盘
738,13:07:24,9.9,-0.01,2,1980,卖盘
739,13:07:19,9.91,0.01,13,12883,买盘
740,13:07:14,9.9,--,26,25740,卖盘
741,13:07:09,9.9,0.01,32,31680,买盘
742,13:06:59,9.89,-0.01,20,19780,卖盘
743,13:06:54,9.9,--,10,9900,卖盘
744,13:06:44,9.9,--,20,19800,卖盘
745,13:06:34,9.9,--,2,1980,卖盘
746,13:06:29,9.9,--,27,26730,卖盘
747,13:06:13,9.9,--,20,19800,卖盘
748,13:06:09,9.9,--,8,7920,卖盘
749,13:05:58,9.9,--,19,18810,卖盘
750,13:05:53,9.9,--,5,4950,卖盘
751,13:05:43,9.9,--,27,26730,卖盘
752,13:05:28,9.9,--,20,19800,卖盘
753,13:05:24,9.9,-0.01,7,6930,卖盘
754,13:05:19,9.91,0.01,2,1982,买盘
755,13:05:13,9.9,--,20,19800,卖盘
756,13:05:08,9.9,--,2,1980,卖盘
757,13:04:58,9.9,-0.01,29,28710,卖盘
758,13:04:48,9.91,0.01,51,50541,买盘
759,13:04:43,9.9,--,19,18810,卖盘
760,13:04:38,9.9,--,7,6930,卖盘
761,13:04:28,9.9,--,21,20790,卖盘
762,13:04:13,9.9,--,26,25740,卖盘
763,13:03:58,9.9,--,20,19800,卖盘
764,13:03:53,9.9,--,7,6930,卖盘
765,13:03:43,9.9,0.01,36,35640,买盘
766,13:03:28,9.89,-0.01,11,10879,卖盘
767,13:03:23,9.9,--,5,4950,卖盘
768,13:03:13,9.9,--,20,19800,卖盘
769,13:03:08,9.9,0.01,677,670230,买盘
770,13:02:58,9.89,-0.01,20,19780,卖盘
771,13:02:53,9.9,0.01,50,49500,买盘
772,13:02:48,9.89,--,3,2967,卖盘
773,13:02:43,9.89,--,7,6923,卖盘
774,13:02:38,9.89,--,20,19780,卖盘
775,13:02:28,9.89,--,20,19780,卖盘
776,13:02:23,9.89,--,30,29670,卖盘
777,13:02:08,9.89,-0.01,21,20769,卖盘
778,13:02:02,9.9,0.01,4,3960,买盘
779,13:01:58,9.89,--,7,6923,卖盘
780,13:01:53,9.89,--,23,22747,卖盘
781,13:01:38,9.89,--,28,27692,卖盘
782,13:01:33,9.89,--,4,3956,卖盘
783,13:01:28,9.89,--,21,20769,卖盘
784,13:01:13,9.89,--,7,6923,卖盘
785,13:01:08,9.89,--,19,18791,卖盘
786,13:00:53,9.89,--,37,36593,卖盘
787,13:00:38,9.89,--,22,21758,卖盘
788,13:00:32,9.89,--,7,6923,卖盘
789,13:00:27,9.89,-0.01,21,20769,卖盘
790,13:00:08,9.9,--,18,17820,中性盘
791,13:00:03,9.9,-0.01,69,68310,卖盘
792,11:30:00,9.91,--,0,0,买盘
793,11:30:00,9.91,--,0,0,买盘
794,11:29:59,9.91,0.01,21,20811,买盘
795,11:29:48,9.9,--,1,990,卖盘
796,11:29:44,9.9,-0.01,78,77220,卖盘
797,11:29:38,9.91,0.01,1,991,买盘
798,11:29:29,9.9,--,63,62370,卖盘
799,11:29:23,9.9,--,5,4950,卖盘
800,11:29:14,9.9,--,52,51480,卖盘
801,11:28:59,9.9,--,20,19800,卖盘
802,11:28:53,9.9,--,2,1980,卖盘
803,11:28:44,9.9,-0.01,20,19800,卖盘
804,11:28:34,9.91,0.01,12,11892,买盘
805,11:28:29,9.9,--,19,18810,卖盘
806,11:28:18,9.9,-0.01,1,990,卖盘
807,11:28:14,9.91,-0.01,228,225948,卖盘
808,11:28:08,9.92,0.01,3,2976,卖盘
809,11:28:03,9.91,--,0,0,卖盘
810,11:27:59,9.91,-0.02,20,19820,卖盘
811,11:27:53,9.93,0.02,345,342585,买盘
812,11:27:48,9.91,--,1,991,卖盘
813,11:27:38,9.91,-0.01,20,19820,卖盘
814,11:27:29,9.92,--,20,19840,买盘
815,11:27:23,9.92,0.01,202,200384,买盘
816,11:27:14,9.91,--,23,22793,卖盘
817,11:26:58,9.91,-0.01,3,2973,卖盘
818,11:26:43,9.92,0.01,86,85312,买盘
819,11:26:29,9.91,--,1,991,卖盘
820,11:26:23,9.91,--,20,19820,卖盘
821,11:26:17,9.91,--,5,4955,卖盘
822,11:26:14,9.91,--,4,3964,卖盘
823,11:26:08,9.91,-0.01,21,20811,卖盘
824,11:26:02,9.92,--,10,9920,买盘
825,11:25:53,9.92,--,10,9920,卖盘
826,11:25:43,9.92,0.01,21,20832,买盘
827,11:25:38,9.91,--,0,0,卖盘
828,11:25:23,9.91,--,51,50541,卖盘
829,11:25:13,9.91,--,6,5946,卖盘
830,11:25:08,9.91,-0.01,20,19820,卖盘
831,11:24:53,9.92,--,0,0,中性盘
832,11:24:44,9.92,0.01,42,41664,买盘
833,11:24:38,9.91,--,24,23784,卖盘
834,11:24:23,9.91,--,1,991,卖盘
835,11:24:08,9.91,-0.02,53,52523,卖盘
836,11:24:02,9.93,0.02,200,198600,买盘
837,11:23:53,9.91,--,0,0,卖盘
838,11:23:47,9.91,--,6,5946,卖盘
839,11:23:38,9.91,--,20,19820,卖盘
840,11:23:23,9.91,--,80,79280,卖盘
841,11:23:08,9.91,-0.01,27,26757,卖盘
842,11:23:02,9.92,0.01,11,10912,买盘
843,11:22:53,9.91,--,101,100091,卖盘
844,11:22:38,9.91,0.01,21,20811,中性盘
845,11:22:23,9.9,-0.01,19,18810,卖盘
846,11:22:17,9.91,0.01,19,18829,买盘
847,11:22:11,9.9,--,5,4950,卖盘
848,11:22:08,9.9,--,21,20790,卖盘
849,11:21:53,9.9,--,77,76230,卖盘
850,11:21:37,9.9,--,41,40590,卖盘
851,11:21:28,9.9,-0.01,1,990,卖盘
852,11:21:23,9.91,--,0,0,中性盘
853,11:21:08,9.91,--,37,36667,卖盘
854,11:21:02,9.91,--,2,1982,卖盘
855,11:20:53,9.91,-0.01,69,68379,卖盘
856,11:20:47,9.92,0.01,201,199392,买盘
857,11:20:38,9.91,--,21,20811,卖盘
858,11:20:26,9.91,--,5,4955,卖盘
859,11:20:23,9.91,-0.01,87,86524,卖盘
860,11:20:17,9.92,0.01,144,143532,买盘
861,11:20:13,9.91,--,1,991,卖盘
862,11:20:08,9.91,--,19,18829,卖盘
863,11:19:52,9.91,-0.01,20,19820,卖盘
864,11:19:47,9.92,0.01,2,1984,买盘
865,11:19:38,9.91,-0.01,22,21802,卖盘
866,11:19:32,9.92,0.01,200,198400,买盘
867,11:19:23,9.91,--,21,20811,卖盘
868,11:19:17,9.91,-0.01,24,23784,卖盘
869,11:19:12,9.92,0.01,200,198400,买盘
870,11:19:07,9.91,--,21,20811,卖盘
871,11:19:02,9.91,0.01,23,22793,买盘
872,11:18:57,9.9,--,1,990,卖盘
873,11:18:53,9.9,--,0,0,卖盘
874,11:18:37,9.9,-0.02,20,19800,卖盘
875,11:18:32,9.92,0.02,25,24800,买盘
876,11:18:22,9.9,--,20,19800,卖盘
877,11:18:17,9.9,--,5,4950,卖盘
878,11:18:08,9.9,--,19,18810,卖盘
879,11:17:52,9.9,--,2,1980,卖盘
880,11:17:41,9.9,-0.01,5,4950,卖盘
881,11:17:37,9.91,0.01,69,68379,买盘
882,11:17:32,9.9,--,1,990,卖盘
883,11:17:22,9.9,--,19,18810,卖盘
884,11:17:11,9.9,--,5,4950,卖盘
885,11:17:07,9.9,--,22,21780,卖盘
886,11:17:02,9.9,--,17,16830,卖盘
887,11:16:52,9.9,-0.01,20,19800,卖盘
888,11:16:47,9.91,0.01,24,23784,买盘
889,11:16:41,9.9,--,1,990,卖盘
890,11:16:37,9.9,--,21,20790,卖盘
891,11:16:22,9.9,--,27,26730,卖盘
892,11:16:17,9.9,--,84,83160,卖盘
893,11:16:11,9.9,-0.01,21,20790,卖盘
894,11:16:02,9.91,0.01,2,1982,买盘
895,11:15:56,9.9,--,20,19800,卖盘
896,11:15:51,9.9,--,2,1980,卖盘
897,11:15:41,9.9,--,21,20790,卖盘
898,11:15:26,9.9,--,19,18810,卖盘
899,11:15:21,9.9,-0.01,2,1980,卖盘
900,11:15:17,9.91,0.01,12,11892,买盘
901,11:15:10,9.9,--,20,19800,卖盘
902,11:14:56,9.9,-0.01,2,1980,卖盘
903,11:14:47,9.91,--,111,110001,卖盘
904,11:14:40,9.91,--,21,20811,卖盘
905,11:14:32,9.91,--,1,991,卖盘
906,11:14:26,9.91,0.01,69,68379,买盘
907,11:14:17,9.9,--,4,3960,卖盘
908,11:14:11,9.9,--,34,33660,卖盘
909,11:14:06,9.9,--,2,1980,卖盘
910,11:13:56,9.9,--,21,20790,卖盘
911,11:13:41,9.9,--,21,20790,卖盘
912,11:13:25,9.9,--,21,20790,卖盘
913,11:13:17,9.9,-0.01,2,1980,卖盘
914,11:13:11,9.91,0.01,11,10901,中性盘
915,11:12:56,9.9,-0.02,19,18810,卖盘
916,11:12:46,9.92,0.01,23,22816,买盘
917,11:12:41,9.91,-0.01,1,991,卖盘
918,11:12:37,9.92,--,0,0,买盘
919,11:12:26,9.92,0.02,278,275776,买盘
920,11:12:11,9.9,--,23,22770,卖盘
921,11:11:56,9.9,--,21,20790,卖盘
922,11:11:41,9.9,--,22,21780,卖盘
923,11:11:31,9.9,--,20,19800,卖盘
924,11:11:25,9.9,--,20,19800,卖盘
925,11:11:11,9.9,--,34,33660,卖盘
926,11:10:56,9.9,--,19,18810,卖盘
927,11:10:47,9.9,-0.01,1,990,卖盘
928,11:10:35,9.91,--,6,5946,卖盘
929,11:10:31,9.91,0.01,114,112974,中性盘
930,11:10:26,9.9,-0.01,202,199980,卖盘
931,11:10:11,9.91,0.01,9,8919,中性盘
932,11:09:56,9.9,-0.02,22,21780,卖盘
933,11:09:46,9.92,0.02,23,22816,买盘
934,11:09:41,9.9,--,40,39600,卖盘
935,11:09:31,9.9,0.01,148,146520,买盘
936,11:09:26,9.89,--,20,19780,卖盘
937,11:09:16,9.89,--,1,989,卖盘
938,11:09:11,9.89,--,20,19780,卖盘
939,11:09:01,9.89,--,3,2967,卖盘
940,11:08:56,9.89,--,20,19780,卖盘
941,11:08:50,9.89,--,4,3956,卖盘
942,11:08:41,9.89,-0.01,20,19780,卖盘
943,11:08:26,9.9,0.01,44,43560,买盘
944,11:08:11,9.89,-0.01,9,8901,卖盘
945,11:08:01,9.9,0.01,5,4950,卖盘
946,11:07:56,9.89,-0.01,30,29670,卖盘
947,11:07:50,9.9,0.01,10,9900,买盘
948,11:07:41,9.89,-0.01,20,19780,卖盘
949,11:07:26,9.9,--,0,0,中性盘
950,11:07:20,9.9,-0.02,1,990,卖盘
951,11:07:16,9.92,0.02,211,209312,买盘
952,11:07:11,9.9,--,26,25740,卖盘
953,11:07:05,9.9,0.01,57,57301,买盘
954,11:06:56,9.89,-0.01,20,19780,卖盘
955,11:06:41,9.9,--,44,43560,买盘
956,11:06:35,9.9,0.01,23,22770,买盘
957,11:06:26,9.89,-0.01,20,19780,卖盘
958,11:06:11,9.9,--,11,11008,卖盘
959,11:06:05,9.9,--,4,3960,卖盘
960,11:05:56,9.9,--,20,19800,卖盘
961,11:05:50,9.9,--,46,45540,卖盘
962,11:05:40,9.9,--,21,20790,卖盘
963,11:05:26,9.9,--,19,18810,卖盘
964,11:05:15,9.9,--,2,1980,卖盘
965,11:05:10,9.9,-0.01,42,41580,卖盘
966,11:04:55,9.91,0.01,23,22793,买盘
967,11:04:40,9.9,--,19,18810,卖盘
968,11:04:25,9.9,--,21,20790,卖盘
969,11:04:10,9.9,--,31,30690,卖盘
970,11:04:05,9.9,--,43,42570,卖盘
971,11:03:55,9.9,--,19,18810,卖盘
972,11:03:50,9.9,--,41,41461,卖盘
973,11:03:41,9.9,0.01,38,37620,买盘
974,11:03:35,9.89,-0.01,1,989,卖盘
975,11:03:31,9.9,0.01,26,25740,买盘
976,11:03:25,9.89,-0.01,104,102984,卖盘
977,11:03:10,9.9,0.01,48,47520,买盘
978,11:02:59,9.89,--,1,989,卖盘
979,11:02:55,9.89,-0.01,19,18791,卖盘
980,11:02:50,9.9,--,19,18810,买盘
981,11:02:44,9.9,--,0,0,中性盘
982,11:02:40,9.9,--,21,20790,卖盘
983,11:02:35,9.9,--,40,39600,卖盘
984,11:02:25,9.9,0.01,35,34650,买盘
985,11:02:10,9.89,-0.01,23,22747,卖盘
986,11:02:04,9.9,--,7,6930,买盘
987,11:01:55,9.9,--,0,0,中性盘
988,11:01:40,9.9,--,21,20790,卖盘
989,11:01:35,9.9,--,2,1980,卖盘
990,11:01:25,9.9,--,22,21780,卖盘
991,11:01:14,9.9,--,1,990,卖盘
992,11:01:10,9.9,--,20,19800,卖盘
993,11:01:05,9.9,--,12,11880,卖盘
994,11:00:55,9.9,--,19,18810,卖盘
995,11:00:49,9.9,--,1,990,卖盘
996,11:00:39,9.9,0.01,20,19800,卖盘
997,11:00:35,9.89,--,0,0,卖盘
998,11:00:25,9.89,--,21,20769,卖盘
999,11:00:20,9.89,--,236,234333,卖盘
1000,11:00:09,9.89,--,20,19780,卖盘
1001,11:00:05,9.89,-0.01,8,7912,卖盘
1002,10:59:58,9.9,--,98,97020,卖盘
1003,10:59:55,9.9,--,20,19800,卖盘
1004,10:59:39,9.9,--,21,20790,卖盘
1005,10:59:35,9.9,--,1,990,卖盘
1006,10:59:25,9.9,0.01,20,19800,卖盘
1007,10:59:10,9.89,-0.01,144,143009,卖盘
1008,10:59:05,9.9,--,33,33016,买盘
1009,10:58:50,9.9,--,17,17473,卖盘
1010,10:58:44,9.9,0.01,155,153796,买盘
1011,10:58:39,9.89,-0.01,20,19780,卖盘
1012,10:58:29,9.9,0.01,14,13860,买盘
1013,10:58:24,9.89,--,19,18791,卖盘
1014,10:58:19,9.89,--,24,23736,卖盘
1015,10:58:10,9.89,--,21,20769,卖盘
1016,10:58:04,9.89,--,8,7912,卖盘
1017,10:57:59,9.89,--,84,83145,卖盘
1018,10:57:54,9.89,--,20,19780,卖盘
1019,10:57:44,9.89,--,83,82967,卖盘
1020,10:57:39,9.89,-0.01,21,20769,卖盘
1021,10:57:35,9.9,--,10,9900,买盘
1022,10:57:20,9.9,--,13,13711,卖盘
1023,10:57:08,9.9,--,22,21928,买盘
1024,10:57:05,9.9,0.01,3,2970,买盘
1025,10:56:59,9.89,--,10,9890,卖盘
1026,10:56:54,9.89,-0.01,250,247368,卖盘
1027,10:56:39,9.9,--,12,12721,卖盘
1028,10:56:29,9.9,--,13,12870,卖盘
1029,10:56:23,9.9,--,20,19800,卖盘
1030,10:56:14,9.9,--,3,2970,卖盘
1031,10:56:09,9.9,--,20,19800,卖盘
1032,10:55:59,9.9,--,11,10890,卖盘
1033,10:55:55,9.9,--,20,19800,卖盘
1034,10:55:44,9.9,--,84,83229,卖盘
1035,10:55:39,9.9,--,19,18810,卖盘
1036,10:55:24,9.9,--,20,19800,卖盘
1037,10:55:19,9.9,--,113,112335,卖盘
1038,10:55:08,9.9,--,19,18810,卖盘
1039,10:55:04,9.9,--,4,3960,卖盘
1040,10:54:59,9.9,--,87,86733,卖盘
1041,10:54:53,9.9,--,20,19800,卖盘
1042,10:54:44,9.9,--,17,16830,卖盘
1043,10:54:38,9.9,--,22,21780,卖盘
1044,10:54:23,9.9,--,20,19800,卖盘
1045,10:54:08,9.9,--,20,19800,卖盘
1046,10:54:04,9.9,--,29,28710,卖盘
1047,10:53:59,9.9,--,25,24750,卖盘
1048,10:53:53,9.9,--,21,20790,卖盘
1049,10:53:38,9.9,--,519,513810,卖盘
1050,10:53:34,9.9,--,15,14850,卖盘
1051,10:53:23,9.9,--,20,19800,卖盘
1052,10:53:08,9.9,--,19,18810,卖盘
1053,10:53:04,9.9,-0.01,25,24750,卖盘
1054,10:52:58,9.91,0.01,1,991,买盘
1055,10:52:53,9.9,-0.01,33,32670,卖盘
1056,10:52:38,9.91,--,61,60451,卖盘
1057,10:52:23,9.91,--,207,205137,卖盘
1058,10:52:08,9.91,-0.01,26,25766,卖盘
1059,10:51:59,9.92,0.01,23,22816,买盘
1060,10:51:53,9.91,--,19,18829,卖盘
1061,10:51:38,9.91,--,20,19820,卖盘
1062,10:51:29,9.91,--,1,991,卖盘
1063,10:51:23,9.91,0.01,86,85226,买盘
1064,10:51:08,9.9,--,24,23760,卖盘
1065,10:50:59,9.9,-0.01,1,990,卖盘
1066,10:50:53,9.91,0.01,43,42613,买盘
1067,10:50:38,9.9,--,21,20790,卖盘
1068,10:50:29,9.9,--,51,50490,卖盘
1069,10:50:23,9.9,-0.01,24,23760,卖盘
1070,10:50:18,9.91,0.01,16,15856,买盘
1071,10:50:13,9.9,--,4,3960,卖盘
1072,10:50:08,9.9,--,42,41580,卖盘
1073,10:49:53,9.9,-0.01,19,18810,卖盘
1074,10:49:43,9.91,0.01,27,26757,买盘
1075,10:49:38,9.9,--,20,19800,卖盘
1076,10:49:23,9.9,--,20,19800,卖盘
1077,10:49:19,9.9,--,4,3960,卖盘
1078,10:49:13,9.9,--,2,1980,卖盘
1079,10:49:08,9.9,-0.01,20,19800,卖盘
1080,10:48:58,9.91,--,25,24775,卖盘
1081,10:48:53,9.91,--,21,20811,卖盘
1082,10:48:38,9.91,-0.01,21,20811,卖盘
1083,10:48:28,9.92,0.01,2,1984,买盘
1084,10:48:23,9.91,--,20,19820,卖盘
1085,10:48:18,9.91,--,24,23784,卖盘
1086,10:48:07,9.91,--,22,21802,卖盘
1087,10:48:03,9.91,--,500,495500,卖盘
1088,10:47:53,9.91,--,20,19820,卖盘
1089,10:47:43,9.91,--,29,28739,卖盘
1090,10:47:38,9.91,--,29,28739,卖盘
1091,10:47:32,9.91,--,6,5946,卖盘
1092,10:47:28,9.91,--,6,5946,卖盘
1093,10:47:22,9.91,--,19,18829,卖盘
1094,10:47:17,9.91,--,12,11892,卖盘
1095,10:47:13,9.91,--,35,34685,卖盘
1096,10:47:08,9.91,--,26,25766,卖盘
1097,10:46:58,9.91,-0.01,37,36667,卖盘
1098,10:46:53,9.92,0.01,30,29760,买盘
1099,10:46:38,9.91,--,20,19820,卖盘
1100,10:46:23,9.91,--,20,19820,卖盘
1101,10:46:17,9.91,--,1,991,卖盘
1102,10:46:08,9.91,--,24,23784,卖盘
1103,10:45:53,9.91,-0.01,19,18829,卖盘
1104,10:45:47,9.92,0.01,23,22816,买盘
1105,10:45:38,9.91,--,20,19820,卖盘
1106,10:45:28,9.91,--,31,30721,卖盘
1107,10:45:23,9.91,--,21,20811,卖盘
1108,10:45:17,9.91,--,2,1982,卖盘
1109,10:45:08,9.91,--,20,19820,卖盘
1110,10:45:02,9.91,--,10,9910,卖盘
1111,10:44:52,9.91,--,19,18829,卖盘
1112,10:44:38,9.91,--,20,19820,卖盘
1113,10:44:23,9.91,--,22,21802,卖盘
1114,10:44:13,9.91,--,4,3964,卖盘
1115,10:44:08,9.91,--,20,19820,卖盘
1116,10:43:53,9.91,--,53,52523,卖盘
1117,10:43:47,9.91,--,2,1982,卖盘
1118,10:43:37,9.91,--,19,18829,卖盘
1119,10:43:23,9.91,--,19,18829,卖盘
1120,10:43:17,9.91,--,8,7928,卖盘
1121,10:43:07,9.91,--,21,20811,卖盘
1122,10:42:52,9.91,-0.01,1,991,卖盘
1123,10:42:46,9.92,--,151,150694,卖盘
1124,10:42:37,9.92,--,20,19840,卖盘
1125,10:42:23,9.92,--,26,25792,卖盘
1126,10:42:17,9.92,0.01,12,11993,买盘
1127,10:42:07,9.91,--,25,24775,卖盘
1128,10:42:01,9.91,--,25,24775,卖盘
1129,10:41:52,9.91,-0.01,20,19820,卖盘
1130,10:41:47,9.92,0.01,2,1984,买盘
1131,10:41:37,9.91,--,19,18829,卖盘
1132,10:41:31,9.91,--,1,991,卖盘
1133,10:41:27,9.91,--,0,0,卖盘
1134,10:41:22,9.91,--,46,45586,卖盘
1135,10:41:07,9.91,--,23,22793,卖盘
1136,10:40:52,9.91,-0.01,21,20811,卖盘
1137,10:40:40,9.92,0.01,2,1984,买盘
1138,10:40:37,9.91,--,19,18829,卖盘
1139,10:40:22,9.91,--,25,24775,卖盘
1140,10:40:07,9.91,--,20,19820,卖盘
1141,10:39:52,9.91,--,20,19820,卖盘
1142,10:39:47,9.91,--,1,991,卖盘
1143,10:39:41,9.91,--,28,27748,卖盘
1144,10:39:37,9.91,-0.01,20,19820,卖盘
1145,10:39:26,9.92,0.01,50,49600,买盘
1146,10:39:22,9.91,--,27,26757,卖盘
1147,10:39:17,9.91,--,8,7928,卖盘
1148,10:39:11,9.91,--,21,20811,卖盘
1149,10:38:56,9.91,-0.01,21,20811,卖盘
1150,10:38:41,9.92,--,0,0,中性盘
1151,10:38:32,9.92,--,2,1984,卖盘
1152,10:38:26,9.92,--,19,18848,卖盘
1153,10:38:22,9.92,--,2,1984,卖盘
1154,10:38:17,9.92,0.01,21,20832,买盘
1155,10:38:11,9.91,--,0,0,卖盘
1156,10:37:56,9.91,--,39,38649,卖盘
1157,10:37:41,9.91,--,20,19820,卖盘
1158,10:37:26,9.91,--,0,0,卖盘
1159,10:37:22,9.91,-0.02,3,2973,卖盘
1160,10:37:10,9.93,--,34,33762,买盘
1161,10:37:01,9.93,0.01,2,1986,买盘
1162,10:36:56,9.92,--,20,19840,卖盘
1163,10:36:47,9.92,--,9,8928,卖盘
1164,10:36:41,9.92,--,19,18848,卖盘
1165,10:36:26,9.92,--,21,20832,卖盘
1166,10:36:16,9.92,--,4,3968,卖盘
1167,10:36:11,9.92,--,19,18848,卖盘
1168,10:35:56,9.92,--,21,20832,卖盘
1169,10:35:41,9.92,-0.01,19,18848,卖盘
1170,10:35:31,9.93,0.01,49,48657,买盘
1171,10:35:26,9.92,--,20,19840,卖盘
1172,10:35:16,9.92,--,2,1984,卖盘
1173,10:35:11,9.92,-0.01,19,18848,卖盘
1174,10:34:55,9.93,0.01,22,21846,买盘
1175,10:34:46,9.92,--,1,992,卖盘
1176,10:34:41,9.92,--,21,20832,卖盘
1177,10:34:26,9.92,--,21,20832,卖盘
1178,10:34:16,9.92,--,29,28768,卖盘
1179,10:34:11,9.92,--,21,20832,卖盘
1180,10:33:56,9.92,--,20,19840,卖盘
1181,10:33:41,9.92,-0.01,29,28768,卖盘
1182,10:33:26,9.93,0.01,15,14895,买盘
1183,10:33:20,9.92,-0.02,1,992,卖盘
1184,10:33:16,9.94,0.02,52,51688,买盘
1185,10:33:10,9.92,-0.02,20,19840,卖盘
1186,10:33:01,9.94,0.02,63,62622,买盘
1187,10:32:56,9.92,-0.01,20,19840,中性盘
1188,10:32:50,9.93,0.01,936,929448,买盘
1189,10:32:46,9.92,0.01,28,27776,中性盘
1190,10:32:41,9.91,-0.02,20,19820,卖盘
1191,10:32:35,9.93,0.02,28,27804,买盘
1192,10:32:26,9.91,0.01,19,18829,中性盘
1193,10:32:16,9.9,-0.02,18,17820,卖盘
1194,10:32:11,9.92,--,0,0,中性盘
1195,10:31:56,9.92,-0.01,20,19840,卖盘
1196,10:31:46,9.93,--,28,27804,买盘
1197,10:31:41,9.93,--,73,72489,买盘
1198,10:31:35,9.93,0.01,23,22839,买盘
1199,10:31:26,9.92,--,20,19840,卖盘
1200,10:31:19,9.92,--,433,429536,卖盘
1201,10:31:16,9.92,--,13,12896,卖盘
1202,10:31:11,9.92,--,19,18848,卖盘
1203,10:31:00,9.92,0.02,214,212744,买盘
1204,10:30:55,9.9,--,21,20790,卖盘
1205,10:30:41,9.9,-0.01,20,19800,卖盘
1206,10:30:31,9.91,--,28,27748,买盘
1207,10:30:26,9.91,--,68,67388,买盘
1208,10:30:20,9.91,0.01,38,37658,买盘
1209,10:30:11,9.9,-0.01,29,28710,卖盘
1210,10:29:56,9.91,0.01,27,26757,买盘
1211,10:29:41,9.9,--,20,19800,卖盘
1212,10:29:25,9.9,--,20,19800,卖盘
1213,10:29:16,9.9,--,98,97020,卖盘
1214,10:29:10,9.9,--,25,24750,卖盘
1215,10:28:55,9.9,-0.01,34,33660,卖盘
1216,10:28:50,9.91,0.01,33,32703,买盘
1217,10:28:46,9.9,--,2,1980,卖盘
1218,10:28:40,9.9,--,54,53460,卖盘
1219,10:28:25,9.9,--,19,18810,卖盘
1220,10:28:20,9.9,--,4,3960,卖盘
1221,10:28:10,9.9,--,25,24750,卖盘
1222,10:27:55,9.9,-0.01,21,20790,卖盘
1223,10:27:40,9.91,0.01,70,69370,买盘
1224,10:27:30,9.9,--,10,9900,卖盘
1225,10:27:25,9.9,--,23,22770,卖盘
1226,10:27:20,9.9,--,3,2970,卖盘
1227,10:27:15,9.9,--,4,3960,卖盘
1228,10:27:10,9.9,--,19,18810,卖盘
1229,10:26:55,9.9,--,21,20790,卖盘
1230,10:26:50,9.9,--,1,990,卖盘
1231,10:26:43,9.9,--,3,2970,卖盘
1232,10:26:40,9.9,--,20,19800,卖盘
1233,10:26:19,9.9,--,61,60390,卖盘
1234,10:26:10,9.9,--,1,990,卖盘
1235,10:26:05,9.9,--,345,342064,买盘
1236,10:25:58,9.9,--,11,10890,买盘
1237,10:25:55,9.9,0.01,185,183150,买盘
1238,10:25:50,9.89,-0.01,13,13054,卖盘
1239,10:25:44,9.9,0.01,10,9900,买盘
1240,10:25:40,9.89,--,2,1978,卖盘
1241,10:25:35,9.89,-0.01,51,50439,卖盘
1242,10:25:25,9.9,-0.01,9,9385,卖盘
1243,10:25:19,9.91,0.01,3,2973,买盘
1244,10:25:13,9.9,--,5,4950,卖盘
1245,10:25:05,9.9,--,19,18810,卖盘
1246,10:24:59,9.9,0.01,10,10414,买盘
1247,10:24:49,9.89,-0.01,20,19780,卖盘
1248,10:24:35,9.9,--,12,12355,卖盘
1249,10:24:24,9.9,--,7,6930,卖盘
1250,10:24:20,9.9,--,24,23760,卖盘
1251,10:24:14,9.9,--,1,990,卖盘
1252,10:24:09,9.9,--,4,3960,卖盘
1253,10:24:04,9.9,--,63,62884,买盘
1254,10:23:54,9.9,0.01,36,35640,买盘
1255,10:23:50,9.89,--,20,19780,卖盘
1256,10:23:39,9.89,--,1,989,卖盘
1257,10:23:35,9.89,--,20,19780,卖盘
1258,10:23:20,9.89,-0.01,466,461348,卖盘
1259,10:23:13,9.9,--,25,24750,卖盘
1260,10:23:09,9.9,--,4,3960,卖盘
1261,10:23:04,9.9,--,40,39600,卖盘
1262,10:22:49,9.9,--,121,119790,卖盘
1263,10:22:39,9.9,--,1,990,卖盘
1264,10:22:35,9.9,--,19,18810,卖盘
1265,10:22:28,9.9,--,3,2970,卖盘
1266,10:22:20,9.9,--,21,20790,卖盘
1267,10:22:13,9.9,--,2,1980,卖盘
1268,10:22:04,9.9,--,25,24750,卖盘
1269,10:21:49,9.9,--,22,21780,卖盘
1270,10:21:34,9.9,--,21,20790,卖盘
1271,10:21:29,9.9,--,7,6930,卖盘
1272,10:21:24,9.9,--,11,10890,卖盘
1273,10:21:19,9.9,--,44,43560,卖盘
1274,10:21:04,9.9,--,21,20790,卖盘
1275,10:20:49,9.9,--,225,222750,卖盘
1276,10:20:40,9.9,--,10,9900,卖盘
1277,10:20:34,9.9,-0.01,19,18810,卖盘
1278,10:20:28,9.91,0.01,20,19820,买盘
1279,10:20:24,9.9,--,6,5940,卖盘
1280,10:20:19,9.9,-0.01,21,20790,卖盘
1281,10:20:13,9.91,0.01,54,53514,买盘
1282,10:20:04,9.9,--,19,18810,卖盘
1283,10:19:59,9.9,--,1,990,卖盘
1284,10:19:49,9.9,--,120,118800,卖盘
1285,10:19:34,9.9,--,21,20790,卖盘
1286,10:19:28,9.9,--,4,3960,卖盘
1287,10:19:19,9.9,--,21,20790,卖盘
1288,10:19:08,9.9,--,1,990,卖盘
1289,10:19:04,9.9,--,42,41580,卖盘
1290,10:18:49,9.9,--,21,20790,卖盘
1291,10:18:44,9.9,--,6,5940,卖盘
1292,10:18:34,9.9,--,20,19800,卖盘
1293,10:18:29,9.9,--,21,20790,卖盘
1294,10:18:19,9.9,--,20,19800,卖盘
1295,10:18:08,9.9,--,20,19800,卖盘
1296,10:17:53,9.9,--,21,20790,卖盘
1297,10:17:44,9.9,--,1,990,卖盘
1298,10:17:38,9.9,--,19,18810,卖盘
1299,10:17:33,9.9,--,600,594000,卖盘
1300,10:17:28,9.9,--,3,2970,卖盘
1301,10:17:23,9.9,--,21,20790,卖盘
1302,10:17:08,9.9,-0.01,20,19800,卖盘
1303,10:17:04,9.91,0.01,23,22793,买盘
1304,10:16:53,9.9,--,22,21780,卖盘
1305,10:16:49,9.9,--,3,2970,卖盘
1306,10:16:44,9.9,--,1,990,卖盘
1307,10:16:38,9.9,--,21,20790,卖盘
1308,10:16:29,9.9,--,5,4950,卖盘
1309,10:16:23,9.9,--,21,20790,卖盘
1310,10:16:08,9.9,--,19,18810,卖盘
1311,10:16:03,9.9,--,1,990,卖盘
1312,10:15:53,9.9,--,24,23760,卖盘
1313,10:15:44,9.9,--,8,7920,卖盘
1314,10:15:38,9.9,--,21,20790,卖盘
1315,10:15:29,9.9,--,6,5940,卖盘
1316,10:15:22,9.9,-0.01,20,19800,卖盘
1317,10:15:18,9.91,0.01,23,22793,买盘
1318,10:15:14,9.9,--,51,50490,卖盘
1319,10:15:07,9.9,--,19,18810,卖盘
1320,10:14:52,9.9,--,20,19800,卖盘
1321,10:14:48,9.9,--,1,990,卖盘
1322,10:14:38,9.9,--,20,19800,卖盘
1323,10:14:23,9.9,--,25,24750,卖盘
1324,10:14:07,9.9,-0.01,21,20790,卖盘
1325,10:14:03,9.91,0.01,8,7928,买盘
1326,10:13:53,9.9,--,51,50490,卖盘
1327,10:13:48,9.9,--,4,3960,卖盘
1328,10:13:38,9.9,--,23,22770,卖盘
1329,10:13:28,9.9,--,28,27720,卖盘
1330,10:13:23,9.9,-0.01,298,295020,卖盘
1331,10:13:18,9.91,0.01,24,23784,买盘
1332,10:13:08,9.9,--,20,19800,卖盘
1333,10:12:58,9.9,--,29,29224,买盘
1334,10:12:52,9.9,--,18,18295,卖盘
1335,10:12:43,9.9,--,500,495000,卖盘
1336,10:12:38,9.9,--,20,19800,卖盘
1337,10:12:33,9.9,--,11,10890,卖盘
1338,10:12:28,9.9,--,2,1980,卖盘
1339,10:12:23,9.9,-0.01,19,18810,卖盘
1340,10:12:13,9.91,0.01,24,23784,买盘
1341,10:12:08,9.9,--,20,19800,卖盘
1342,10:11:52,9.9,--,20,19800,卖盘
1343,10:11:37,9.9,--,19,18810,卖盘
1344,10:11:33,9.9,--,1,990,卖盘
1345,10:11:28,9.9,--,3,2970,卖盘
1346,10:11:23,9.9,-0.01,22,21780,卖盘
1347,10:11:13,9.91,0.01,1,991,买盘
1348,10:11:08,9.9,--,20,19800,卖盘
1349,10:11:03,9.9,--,2,1980,卖盘
1350,10:10:52,9.9,--,21,20790,卖盘
1351,10:10:43,9.9,--,2,1980,卖盘
1352,10:10:38,9.9,-0.02,5,4950,卖盘
1353,10:10:22,9.92,0.01,68,67456,买盘
1354,10:10:08,9.91,0.01,42,41622,买盘
1355,10:09:53,9.9,-0.01,19,18810,卖盘
1356,10:09:47,9.91,0.01,34,33694,买盘
1357,10:09:38,9.9,--,23,22770,卖盘
1358,10:09:23,9.9,--,20,19800,卖盘
1359,10:09:17,9.9,-0.01,0,752,卖盘
1360,10:09:08,9.91,0.01,29,28739,买盘
1361,10:08:57,9.9,--,1,990,卖盘
1362,10:08:53,9.9,--,20,19800,卖盘
1363,10:08:42,9.9,--,18,17820,卖盘
1364,10:08:37,9.9,--,20,19800,卖盘
1365,10:08:32,9.9,--,24,23760,卖盘
1366,10:08:23,9.9,--,76,75240,卖盘
1367,10:08:17,9.9,--,85,84902,买盘
1368,10:08:08,9.9,0.01,198,196020,买盘
1369,10:08:02,9.89,--,128,126592,卖盘
1370,10:07:57,9.89,--,1,989,卖盘
1371,10:07:53,9.89,-0.01,21,20769,卖盘
1372,10:07:47,9.9,--,110,108900,买盘
1373,10:07:37,9.9,--,177,175467,卖盘
1374,10:07:32,9.9,-0.01,6,5940,卖盘
1375,10:07:22,9.91,0.01,22,21802,买盘
1376,10:07:07,9.9,--,20,19800,卖盘
1377,10:07:02,9.9,--,11,10890,卖盘
1378,10:06:52,9.9,--,21,20790,卖盘
1379,10:06:37,9.9,--,21,20790,卖盘
1380,10:06:32,9.9,--,37,36630,卖盘
1381,10:06:22,9.9,--,221,218790,卖盘
1382,10:06:12,9.9,--,2,1980,卖盘
1383,10:06:07,9.9,--,160,158400,卖盘
1384,10:06:01,9.9,--,28,27720,卖盘
1385,10:05:52,9.9,--,49,48510,卖盘
1386,10:05:46,9.9,--,25,24750,卖盘
1387,10:05:37,9.9,-0.01,20,19800,卖盘
1388,10:05:31,9.91,0.01,23,22793,买盘
1389,10:05:27,9.9,--,17,16830,卖盘
1390,10:05:22,9.9,--,67,66488,卖盘
1391,10:05:16,9.9,--,38,37620,卖盘
1392,10:05:07,9.9,--,20,19800,卖盘
1393,10:05:01,9.9,--,28,27720,卖盘
1394,10:04:57,9.9,--,42,41580,卖盘
1395,10:04:52,9.9,--,38,37620,卖盘
1396,10:04:46,9.9,--,28,27720,卖盘
1397,10:04:37,9.9,--,175,173250,卖盘
1398,10:04:32,9.9,--,46,45540,卖盘
1399,10:04:22,9.9,--,31,30690,卖盘
1400,10:04:17,9.9,-0.01,49,48510,卖盘
1401,10:04:12,9.91,--,10,9910,买盘
1402,10:04:06,9.91,-0.01,14,14666,卖盘
1403,10:04:02,9.92,0.01,2,1984,买盘
1404,10:03:51,9.91,--,19,18829,卖盘
1405,10:03:36,9.91,-0.01,20,19820,卖盘
1406,10:03:31,9.92,0.01,78,77376,买盘
1407,10:03:22,9.91,--,21,20811,卖盘
1408,10:03:06,9.91,--,19,18829,卖盘
1409,10:02:56,9.91,--,70,69370,卖盘
1410,10:02:52,9.91,--,21,20811,卖盘
1411,10:02:36,9.91,-0.01,19,18829,卖盘
1412,10:02:32,9.92,0.01,8,7936,买盘
1413,10:02:25,9.91,--,30,29730,卖盘
1414,10:02:22,9.91,--,21,20811,卖盘
1415,10:02:16,9.91,--,54,53514,卖盘
1416,10:02:06,9.91,--,20,19820,卖盘
1417,10:01:52,9.91,-0.01,20,19820,卖盘
1418,10:01:46,9.92,0.01,23,22816,买盘
1419,10:01:36,9.91,--,20,19820,卖盘
1420,10:01:25,9.91,0.01,726,719664,买盘
1421,10:01:21,9.9,-0.01,20,19800,卖盘
1422,10:01:17,9.91,--,181,179371,买盘
1423,10:01:06,9.91,--,22,21802,买盘
1424,10:01:01,9.91,0.01,15,14865,买盘
1425,10:00:51,9.9,-0.01,21,20790,卖盘
1426,10:00:46,9.91,0.01,29,28739,买盘
1427,10:00:36,9.9,--,30,29700,卖盘
1428,10:00:21,9.9,--,24,23760,卖盘
1429,10:00:06,9.9,--,19,18810,卖盘
1430,09:59:51,9.9,--,21,20790,卖盘
1431,09:59:46,9.9,--,34,33660,卖盘
1432,09:59:36,9.9,--,20,19800,卖盘
1433,09:59:21,9.9,--,20,19800,卖盘
1434,09:59:16,9.9,--,6,5940,卖盘
1435,09:59:06,9.9,-0.01,20,19800,卖盘
1436,09:58:55,9.91,--,16,15856,买盘
1437,09:58:51,9.91,--,70,69370,买盘
1438,09:58:41,9.91,0.01,8,7928,买盘
1439,09:58:36,9.9,-0.01,20,19800,卖盘
1440,09:58:31,9.91,0.01,24,23784,买盘
1441,09:58:21,9.9,-0.01,24,23760,卖盘
1442,09:58:16,9.91,0.01,24,23784,买盘
1443,09:58:06,9.9,--,20,19800,卖盘
1444,09:57:51,9.9,--,47,46530,卖盘
1445,09:57:36,9.9,--,19,18810,卖盘
1446,09:57:21,9.9,-0.01,58,57420,卖盘
1447,09:57:10,9.91,--,101,100883,卖盘
1448,09:57:06,9.91,--,20,19820,卖盘
1449,09:56:51,9.91,-0.01,21,20811,卖盘
1450,09:56:36,9.92,--,2,1984,中性盘
1451,09:56:21,9.92,0.01,19,18848,卖盘
1452,09:56:16,9.91,--,0,0,卖盘
1453,09:56:10,9.91,--,6,5946,卖盘
1454,09:56:06,9.91,--,67,66397,卖盘
1455,09:55:56,9.91,--,2,1982,卖盘
1456,09:55:50,9.91,--,20,19820,卖盘
1457,09:55:45,9.91,--,0,198,卖盘
1458,09:55:34,9.91,0.01,34,33694,买盘
1459,09:55:19,9.9,--,19,18810,卖盘
1460,09:55:11,9.9,--,36,35640,卖盘
1461,09:55:05,9.9,--,20,19800,卖盘
1462,09:54:55,9.9,-0.01,7,6930,卖盘
1463,09:54:50,9.91,0.01,6,5946,卖盘
1464,09:54:41,9.9,--,0,0,卖盘
1465,09:54:34,9.9,--,20,19800,卖盘
1466,09:54:30,9.9,--,51,50490,卖盘
1467,09:54:25,9.9,--,9,8910,卖盘
1468,09:54:19,9.9,-0.01,57,56430,卖盘
1469,09:54:16,9.91,0.01,27,26757,买盘
1470,09:54:10,9.9,--,18,17820,卖盘
1471,09:54:05,9.9,--,46,45540,卖盘
1472,09:53:49,9.9,--,31,30690,卖盘
1473,09:53:45,9.9,-0.01,30,29700,卖盘
1474,09:53:40,9.91,--,80,79280,买盘
1475,09:53:34,9.91,--,71,70361,买盘
1476,09:53:25,9.91,--,5,4955,买盘
1477,09:53:19,9.91,--,50,49550,买盘
1478,09:53:15,9.91,--,14,13874,卖盘
1479,09:53:10,9.91,0.01,9,8919,买盘
1480,09:53:04,9.9,-0.01,23,22770,卖盘
1481,09:52:49,9.91,-0.01,11,10901,中性盘
1482,09:52:40,9.92,0.02,24,23808,买盘
1483,09:52:34,9.9,--,20,19800,卖盘
1484,09:52:19,9.9,--,20,19800,卖盘
1485,09:52:04,9.9,-0.01,3,2970,卖盘
1486,09:52:00,9.91,--,0,0,卖盘
1487,09:51:49,9.91,--,20,19820,卖盘
1488,09:51:45,9.91,--,18,17838,买盘
1489,09:51:34,9.91,--,6,5946,卖盘
1490,09:51:25,9.91,--,5,4955,买盘
1491,09:51:19,9.91,--,15,14865,中性盘
1492,09:51:10,9.91,--,0,0,卖盘
1493,09:51:05,9.91,--,30,29730,卖盘
1494,09:50:55,9.91,-0.01,57,56487,卖盘
1495,09:50:50,9.92,--,78,77376,卖盘
1496,09:50:39,9.92,--,50,49600,卖盘
1497,09:50:34,9.92,--,19,18848,卖盘
1498,09:50:19,9.92,-0.01,20,19840,卖盘
1499,09:50:04,9.93,--,21,21091,卖盘
1500,09:50:00,9.93,-0.01,37,36741,卖盘
1501,09:49:50,9.94,0.01,25,24850,买盘
1502,09:49:45,9.93,--,4,3972,卖盘
1503,09:49:39,9.93,--,4,4170,卖盘
1504,09:49:34,9.93,--,21,20853,卖盘
1505,09:49:24,9.93,--,14,13902,卖盘
1506,09:49:19,9.93,--,42,41706,卖盘
1507,09:49:15,9.93,-0.01,104,103272,卖盘
1508,09:49:09,9.94,0.01,542,538748,买盘
1509,09:49:05,9.93,--,21,20853,卖盘
1510,09:49:00,9.93,--,111,110223,卖盘
1511,09:48:50,9.93,--,29,28797,卖盘
1512,09:48:34,9.93,--,24,23832,卖盘
1513,09:48:20,9.93,--,22,21846,卖盘
1514,09:48:14,9.93,-0.01,19,18867,卖盘
1515,09:48:09,9.94,0.01,100,99400,买盘
1516,09:48:04,9.93,--,23,22839,卖盘
1517,09:47:59,9.93,--,16,15888,卖盘
1518,09:47:50,9.93,--,21,20853,卖盘
1519,09:47:43,9.93,--,44,43692,卖盘
1520,09:47:35,9.93,--,44,43692,卖盘
1521,09:47:28,9.93,0.01,314,312358,买盘
1522,09:47:19,9.92,--,25,24800,卖盘
1523,09:47:13,9.92,-0.01,12,11904,卖盘
1524,09:47:09,9.93,0.01,5,4965,买盘
1525,09:47:04,9.92,--,63,62496,卖盘
1526,09:46:49,9.92,--,25,24800,卖盘
1527,09:46:43,9.92,--,3,2976,卖盘
1528,09:46:39,9.92,--,3,2976,卖盘
1529,09:46:34,9.92,-0.01,20,19840,卖盘
1530,09:46:29,9.93,0.01,28,27804,买盘
1531,09:46:24,9.92,--,88,87692,买盘
1532,09:46:13,9.92,--,53,53171,卖盘
1533,09:46:09,9.92,--,20,19840,卖盘
1534,09:46:04,9.92,--,250,248396,买盘
1535,09:45:58,9.92,0.01,2,1984,买盘
1536,09:45:49,9.91,--,20,19820,卖盘
1537,09:45:34,9.91,--,20,19820,卖盘
1538,09:45:28,9.91,0.01,27,26757,买盘
1539,09:45:19,9.9,--,21,20790,卖盘
1540,09:45:04,9.9,--,20,19800,卖盘
1541,09:44:58,9.9,-0.01,9,8910,卖盘
1542,09:44:54,9.91,0.01,25,24775,买盘
1543,09:44:49,9.9,--,21,20790,卖盘
1544,09:44:34,9.9,--,29,28710,卖盘
1545,09:44:19,9.9,--,21,20790,卖盘
1546,09:44:13,9.9,--,16,15840,卖盘
1547,09:44:09,9.9,0.01,181,179784,买盘
1548,09:43:59,9.89,--,4,3956,卖盘
1549,09:43:53,9.89,-0.01,21,20769,卖盘
1550,09:43:39,9.9,--,25,24750,买盘
1551,09:43:33,9.9,--,4,3960,买盘
1552,09:43:29,9.9,0.01,9,8910,买盘
1553,09:43:23,9.89,-0.01,25,24725,卖盘
1554,09:43:18,9.9,--,24,23760,买盘
1555,09:43:14,9.9,0.01,3,2970,买盘
1556,09:43:09,9.89,--,20,19780,卖盘
1557,09:42:58,9.89,--,7,6923,卖盘
1558,09:42:53,9.89,-0.01,20,19780,卖盘
1559,09:42:39,9.9,0.02,41,40590,买盘
1560,09:42:33,9.88,--,6,5928,卖盘
1561,09:42:28,9.88,--,3,2964,卖盘
1562,09:42:23,9.88,--,24,23712,卖盘
1563,09:42:13,9.88,--,77,76076,卖盘
1564,09:42:09,9.88,-0.01,34,33592,卖盘
1565,09:42:03,9.89,--,12,11868,买盘
1566,09:41:59,9.89,--,64,63296,买盘
1567,09:41:53,9.89,--,113,111757,卖盘
1568,09:41:47,9.89,0.01,10,9890,买盘
1569,09:41:38,9.88,-0.01,41,40508,卖盘
1570,09:41:28,9.89,--,1,989,卖盘
1571,09:41:24,9.89,--,31,30659,卖盘
1572,09:41:14,9.89,0.01,9,8901,买盘
1573,09:41:08,9.88,-0.01,126,125456,卖盘
1574,09:40:58,9.89,0.01,52,51428,买盘
1575,09:40:52,9.88,-0.01,49,48412,卖盘
1576,09:40:48,9.89,--,21,20769,买盘
1577,09:40:28,9.89,--,78,77161,卖盘
1578,09:40:23,9.89,-0.01,20,19780,卖盘
1579,09:40:18,9.9,0.01,23,22770,买盘
1580,09:40:08,9.89,--,20,19780,卖盘
1581,09:39:58,9.89,--,8,7912,卖盘
1582,09:39:52,9.89,--,24,23736,卖盘
1583,09:39:48,9.89,--,20,19780,卖盘
1584,09:39:37,9.89,--,20,19780,卖盘
1585,09:39:28,9.89,--,34,34595,买盘
1586,09:39:22,9.89,--,15,14854,卖盘
1587,09:39:13,9.89,--,76,75164,卖盘
1588,09:39:07,9.89,--,57,57342,卖盘
1589,09:38:58,9.89,--,3,2967,卖盘
1590,09:38:52,9.89,-0.01,25,24725,卖盘
1591,09:38:37,9.9,--,23,22770,买盘
1592,09:38:33,9.9,--,24,23760,买盘
1593,09:38:23,9.9,0.01,28,27720,买盘
1594,09:38:07,9.89,--,20,19780,卖盘
1595,09:38:03,9.89,--,6,5934,卖盘
1596,09:37:52,9.89,--,46,45494,卖盘
1597,09:37:38,9.89,--,21,20769,卖盘
1598,09:37:33,9.89,--,21,20769,买盘
1599,09:37:23,9.89,--,0,0,中性盘
1600,09:37:17,9.89,--,0,0,卖盘
1601,09:37:07,9.89,--,19,18791,卖盘
1602,09:37:02,9.89,--,4,4549,卖盘
1603,09:36:57,9.89,-0.01,5,4945,卖盘
1604,09:36:52,9.9,0.02,42,41580,买盘
1605,09:36:37,9.88,--,0,0,卖盘
1606,09:36:22,9.88,-0.01,21,20748,卖盘
1607,09:36:17,9.89,0.01,30,29670,买盘
1608,09:36:07,9.88,--,0,0,卖盘
1609,09:36:02,9.88,--,13,12844,卖盘
1610,09:35:57,9.88,-0.01,200,197600,卖盘
1611,09:35:53,9.89,--,19,18791,卖盘
1612,09:35:37,9.89,-0.01,20,19780,卖盘
1613,09:35:33,9.9,0.01,24,23760,买盘
1614,09:35:22,9.89,--,55,54395,卖盘
1615,09:35:12,9.89,--,20,19780,卖盘
1616,09:35:07,9.89,--,77,76153,卖盘
1617,09:35:02,9.89,-0.01,40,39560,卖盘
1618,09:34:52,9.9,0.01,30,29700,买盘
1619,09:34:47,9.89,--,222,219558,卖盘
1620,09:34:37,9.89,--,20,19780,卖盘
1621,09:34:32,9.89,--,142,140438,卖盘
1622,09:34:22,9.89,--,21,20769,卖盘
1623,09:34:07,9.89,-0.01,58,57362,卖盘
1624,09:34:01,9.9,0.01,12,11880,买盘
1625,09:33:52,9.89,--,39,38571,买盘
1626,09:33:37,9.89,--,75,74175,买盘
1627,09:33:31,9.89,--,15,14835,买盘
1628,09:33:27,9.89,--,911,900979,卖盘
1629,09:33:22,9.89,-0.01,86,85054,卖盘
1630,09:33:12,9.9,0.01,50,49500,买盘
1631,09:33:07,9.89,--,20,19780,卖盘
1632,09:33:01,9.89,-0.01,45,44505,卖盘
1633,09:32:52,9.9,--,29,28710,买盘
1634,09:32:46,9.9,--,29,28710,买盘
1635,09:32:37,9.9,0.01,220,217800,买盘
1636,09:32:31,9.89,-0.01,20,19780,卖盘
1637,09:32:27,9.9,--,94,93060,买盘
1638,09:32:22,9.9,0.01,149,147510,买盘
1639,09:32:07,9.89,--,33,32637,卖盘
1640,09:32:01,9.89,--,1,989,卖盘
1641,09:31:52,9.89,-0.01,19,18791,卖盘
1642,09:31:37,9.9,--,44,43560,买盘
1643,09:31:31,9.9,0.01,44,43560,买盘
1644,09:31:21,9.89,--,23,22747,买盘
1645,09:31:16,9.89,--,67,66263,卖盘
1646,09:31:12,9.89,--,8,7912,卖盘
1647,09:31:06,9.89,--,20,19780,卖盘
1648,09:31:01,9.89,-0.01,41,40549,卖盘
1649,09:30:51,9.9,-0.01,524,518760,卖盘
1650,09:30:36,9.91,--,69,68379,卖盘
1651,09:30:21,9.91,-0.01,20,19820,卖盘
1652,09:30:16,9.92,--,1,992,买盘
1653,09:30:06,9.92,--,531,526752,卖盘
1654,09:30:01,9.92,--,5,4960,卖盘
1655,09:28:53,9.92,--,0,0,卖盘
1656,09:25:08,9.92,9.92,225,223200,买盘
