,time,price,change,volume,amount,type
0,15:00:00,13.1,--,0,0,买盘
1,15:00:00,13.1,0.01,6,7860,买盘
2,14:59:59,13.09,-0.01,37,48433,卖盘
3,14:59:55,13.1,0.01,36,47160,买盘
4,14:59:50,13.09,--,1,1309,卖盘
5,14:59:45,13.09,-0.01,72,94248,卖盘
6,14:59:40,13.1,--,204,267240,买盘
7,14:59:24,13.1,-0.01,11,14410,卖盘
8,14:59:16,13.11,--,17,22287,买盘
9,14:59:10,13.11,0.01,22,28842,买盘
10,14:59:06,13.1,-0.02,150,196500,卖盘
11,14:58:54,13.12,0.01,66,86592,买盘
12,14:58:51,13.11,0.01,57,74727,中性盘
13,14:58:45,13.1,-0.01,279,365490,卖盘
14,14:58:40,13.11,--,33,43263,卖盘
15,14:58:35,13.11,--,6,7866,买盘
16,14:58:25,13.11,--,48,62928,卖盘
17,14:58:09,13.11,-0.01,2,2622,卖盘
18,14:58:04,13.12,0.02,1,1312,买盘
19,14:58:00,13.1,-0.02,7,9170,卖盘
20,14:57:54,13.12,0.02,24,31487,买盘
21,14:57:49,13.1,0.01,3,3930,中性盘
22,14:57:45,13.09,-0.03,166,217294,卖盘
23,14:57:39,13.12,0.02,63,82656,买盘
24,14:57:30,13.1,-0.02,5,6550,卖盘
25,14:57:24,13.12,0.02,5,6560,买盘
26,14:57:20,13.1,-0.02,61,79910,卖盘
27,14:57:15,13.12,--,10,13120,买盘
28,14:57:09,13.12,--,21,27552,买盘
29,14:57:05,13.12,--,40,52480,买盘
30,14:57:00,13.12,--,48,62975,卖盘
31,14:56:55,13.12,--,1,1312,买盘
32,14:56:49,13.12,--,41,53792,买盘
33,14:56:39,13.12,0.03,6,7871,买盘
34,14:56:33,13.09,-0.01,43,56287,卖盘
35,14:56:30,13.1,--,1,1310,卖盘
36,14:56:24,13.1,0.01,81,106110,买盘
37,14:56:20,13.09,-0.01,51,66759,卖盘
38,14:56:09,13.1,0.01,46,60260,买盘
39,14:56:04,13.09,--,3,3927,卖盘
40,14:56:00,13.09,--,5,6545,卖盘
41,14:55:54,13.09,--,2,2618,卖盘
42,14:55:49,13.09,0.01,34,44506,中性盘
43,14:55:39,13.08,-0.02,81,105948,卖盘
44,14:55:35,13.1,0.01,10,13100,买盘
45,14:55:30,13.09,-0.01,6,7854,中性盘
46,14:55:24,13.1,0.02,29,37990,买盘
47,14:55:20,13.08,-0.01,156,204048,卖盘
48,14:55:15,13.09,--,7,9163,买盘
49,14:55:09,13.09,--,39,51051,买盘
50,14:55:04,13.09,--,20,26180,买盘
51,14:55:00,13.09,0.01,35,45815,买盘
52,14:54:54,13.08,-0.01,18,23544,卖盘
53,14:54:50,13.09,-0.01,8,10472,卖盘
54,14:54:39,13.1,0.01,26,34060,买盘
55,14:54:35,13.09,0.01,11,14399,买盘
56,14:54:30,13.08,--,52,68016,卖盘
57,14:54:24,13.08,--,2,2616,卖盘
58,14:54:14,13.08,-0.01,6,7848,卖盘
59,14:54:09,13.09,0.01,33,43197,卖盘
60,14:54:05,13.08,-0.01,86,112488,卖盘
61,14:53:54,13.09,-0.01,29,37961,买盘
62,14:53:49,13.1,--,0,0,买盘
63,14:53:39,13.1,--,7,9170,买盘
64,14:53:33,13.1,--,5,6550,买盘
65,14:53:30,13.1,--,10,13100,买盘
66,14:53:24,13.1,--,10,13100,买盘
67,14:53:14,13.1,-0.03,257,336670,卖盘
68,14:53:09,13.13,-0.02,7,9191,卖盘
69,14:53:05,13.15,0.05,125,164375,买盘
70,14:52:54,13.1,-0.03,421,551510,卖盘
71,14:52:45,13.13,--,10,13130,卖盘
72,14:52:39,13.13,--,26,34138,卖盘
73,14:52:33,13.13,--,5,6565,卖盘
74,14:52:29,13.13,--,0,0,卖盘
75,14:52:18,13.13,-0.02,172,225836,卖盘
76,14:52:03,13.15,--,35,46025,买盘
77,14:51:59,13.15,-0.01,272,357903,卖盘
78,14:51:54,13.16,--,22,28952,卖盘
79,14:51:48,13.16,-0.01,38,50008,卖盘
80,14:51:39,13.17,-0.01,39,51363,卖盘
81,14:51:33,13.18,0.01,10,13180,买盘
82,14:51:28,13.17,--,111,146187,卖盘
83,14:51:24,13.17,--,51,67167,卖盘
84,14:51:18,13.17,--,73,96141,卖盘
85,14:51:13,13.17,--,54,71118,卖盘
86,14:51:09,13.17,--,30,39510,卖盘
87,14:51:03,13.17,--,55,72435,卖盘
88,14:50:58,13.17,--,110,144870,卖盘
89,14:50:54,13.17,0.01,7,9219,买盘
90,14:50:48,13.16,-0.01,34,44744,卖盘
91,14:50:44,13.17,--,57,75069,买盘
92,14:50:33,13.17,--,106,139602,买盘
93,14:50:29,13.17,--,15,19755,买盘
94,14:50:18,13.17,--,3,3951,买盘
95,14:50:13,13.17,--,3,3951,卖盘
96,14:50:09,13.17,-0.01,41,53997,卖盘
97,14:50:03,13.18,--,26,34268,买盘
98,14:49:58,13.18,--,220,289960,买盘
99,14:49:53,13.18,0.01,4,5272,买盘
100,14:49:43,13.17,--,31,40827,卖盘
101,14:49:33,13.17,--,24,31608,买盘
102,14:49:28,13.17,--,13,17121,买盘
103,14:49:24,13.17,--,7,9219,买盘
104,14:49:13,13.17,--,2,2634,买盘
105,14:49:03,13.17,0.01,5,6585,买盘
106,14:48:43,13.16,--,1,1316,卖盘
107,14:48:39,13.16,-0.01,25,32900,卖盘
108,14:48:33,13.17,--,7,9219,买盘
109,14:48:27,13.17,0.01,1,1317,买盘
110,14:48:18,13.16,--,4,5264,卖盘
111,14:48:13,13.16,--,29,38164,卖盘
112,14:47:58,13.16,--,34,44744,买盘
113,14:47:54,13.16,0.01,4,5264,买盘
114,14:47:48,13.15,--,40,52600,卖盘
115,14:47:43,13.15,-0.01,31,40765,卖盘
116,14:47:33,13.16,--,10,13160,卖盘
117,14:47:29,13.16,0.01,66,86856,买盘
118,14:47:18,13.15,--,4,5260,卖盘
119,14:47:13,13.15,--,4,5260,卖盘
120,14:47:03,13.15,--,19,24985,卖盘
121,14:46:58,13.15,-0.01,21,27615,卖盘
122,14:46:53,13.16,--,2,2632,卖盘
123,14:46:48,13.16,--,103,135548,买盘
124,14:46:43,13.16,0.01,15,19740,买盘
125,14:46:33,13.15,--,10,13150,卖盘
126,14:46:28,13.15,-0.01,10,13150,卖盘
127,14:46:18,13.16,0.01,9,11844,买盘
128,14:46:12,13.15,-0.01,7,9205,卖盘
129,14:46:08,13.16,--,5,6580,买盘
130,14:46:03,13.16,0.01,6,7896,中性盘
131,14:45:57,13.15,-0.01,56,73640,卖盘
132,14:45:42,13.16,-0.01,22,28952,卖盘
133,14:45:27,13.17,-0.01,81,106677,卖盘
134,14:45:07,13.18,0.01,5,6590,买盘
135,14:45:03,13.17,-0.01,2,2634,卖盘
136,14:44:57,13.18,0.01,10,13180,买盘
137,14:44:27,13.17,0.01,13,17121,卖盘
138,14:44:22,13.16,--,0,0,卖盘
139,14:44:17,13.16,--,36,47376,卖盘
140,14:44:07,13.16,--,0,0,卖盘
141,14:44:03,13.16,-0.01,32,42112,卖盘
142,14:43:57,13.17,--,140,185473,买盘
143,14:43:52,13.17,0.01,4,5268,买盘
144,14:43:42,13.16,--,5,6580,卖盘
145,14:43:36,13.16,-0.01,100,131600,卖盘
146,14:43:33,13.17,0.01,2,2634,买盘
147,14:43:27,13.16,-0.01,40,52640,卖盘
148,14:43:22,13.17,--,10,13170,买盘
149,14:43:07,13.17,-0.01,282,371394,卖盘
150,14:43:02,13.18,--,11,14498,卖盘
151,14:42:57,13.18,--,41,54038,买盘
152,14:42:52,13.18,--,1,1318,买盘
153,14:42:37,13.18,--,20,26360,卖盘
154,14:42:33,13.18,-0.01,60,79080,卖盘
155,14:42:22,13.19,--,20,26973,卖盘
156,14:42:12,13.19,--,10,13190,卖盘
157,14:42:07,13.19,-0.01,45,59355,卖盘
158,14:41:53,13.2,--,50,66000,买盘
159,14:41:42,13.2,--,20,26400,买盘
160,14:41:38,13.2,--,13,17160,买盘
161,14:41:33,13.2,--,3,3960,买盘
162,14:41:27,13.2,--,10,13200,买盘
163,14:41:22,13.2,--,10,13200,买盘
164,14:41:17,13.2,-0.02,425,561000,卖盘
165,14:41:07,13.22,--,0,0,卖盘
166,14:40:57,13.22,--,14,18508,卖盘
167,14:40:47,13.22,-0.02,4,5288,卖盘
168,14:40:37,13.24,--,8,10592,买盘
169,14:40:27,13.24,--,0,0,买盘
170,14:40:12,13.24,--,10,13240,买盘
171,14:40:07,13.24,--,27,35748,卖盘
172,14:39:27,13.24,--,23,30452,买盘
173,14:39:21,13.24,--,0,0,卖盘
174,14:39:12,13.24,--,7,9268,卖盘
175,14:38:57,13.24,0.01,53,70172,买盘
176,14:38:51,13.23,--,12,15876,买盘
177,14:38:47,13.23,-0.01,25,33075,卖盘
178,14:38:27,13.24,--,2,2648,买盘
179,14:38:06,13.24,0.01,28,37072,买盘
180,14:37:36,13.23,--,0,0,卖盘
181,14:37:21,13.23,-0.02,5,6615,卖盘
182,14:36:57,13.25,--,35,46375,卖盘
183,14:36:51,13.25,--,1,1325,卖盘
184,14:36:31,13.25,--,6,7950,卖盘
185,14:36:06,13.25,-0.01,5,6625,卖盘
186,14:35:45,13.26,0.01,33,43758,买盘
187,14:35:26,13.25,-0.01,10,13250,卖盘
188,14:35:21,13.26,--,5,6630,买盘
189,14:35:06,13.26,--,5,6630,卖盘
190,14:35:01,13.26,--,15,19890,卖盘
191,14:34:51,13.26,--,5,6630,买盘
192,14:34:46,13.26,--,106,140556,买盘
193,14:34:36,13.26,--,34,45084,卖盘
194,14:34:31,13.26,-0.01,80,106080,卖盘
195,14:34:26,13.27,--,38,50426,卖盘
196,14:34:21,13.27,0.01,90,119430,买盘
197,14:34:15,13.26,-0.01,2,2652,卖盘
198,14:34:11,13.27,0.01,15,19905,买盘
199,14:34:06,13.26,--,13,17238,卖盘
200,14:34:01,13.26,--,5,6630,卖盘
201,14:33:51,13.26,--,9,11934,卖盘
202,14:33:46,13.26,--,15,19890,买盘
203,14:33:36,13.26,--,12,15912,买盘
204,14:33:26,13.26,--,41,54366,卖盘
205,14:33:21,13.26,-0.01,13,17238,卖盘
206,14:33:15,13.27,0.01,6,7962,买盘
207,14:33:06,13.26,--,8,10608,卖盘
208,14:33:00,13.26,--,10,13260,卖盘
209,14:32:45,13.26,--,28,37128,买盘
210,14:32:41,13.26,--,0,0,中性盘
211,14:32:30,13.26,--,32,42432,卖盘
212,14:32:15,13.26,0.01,1,1326,买盘
213,14:31:41,13.25,0.02,117,155025,买盘
214,14:31:36,13.23,--,40,52920,卖盘
215,14:31:30,13.23,-0.02,11,14553,卖盘
216,14:31:25,13.25,0.02,2,2650,买盘
217,14:31:15,13.23,--,6,7938,卖盘
218,14:31:06,13.23,--,8,10584,卖盘
219,14:31:00,13.23,--,0,0,卖盘
220,14:30:45,13.23,--,0,0,卖盘
221,14:30:30,13.23,--,52,68796,卖盘
222,14:30:20,13.23,--,1,1323,卖盘
223,14:30:15,13.23,--,20,26460,卖盘
224,14:29:55,13.23,--,7,9261,卖盘
225,14:29:45,13.23,--,4,5292,卖盘
226,14:29:10,13.23,-0.04,8,10584,卖盘
227,14:29:00,13.27,-0.01,11,14597,买盘
228,14:28:55,13.28,--,0,0,买盘
229,14:28:41,13.28,--,13,17264,卖盘
230,14:28:30,13.28,--,17,22576,买盘
231,14:28:25,13.28,--,1,1328,买盘
232,14:28:05,13.28,0.01,200,265600,买盘
233,14:28:00,13.27,--,0,0,买盘
234,14:27:55,13.27,--,8,10616,买盘
235,14:27:45,13.27,--,12,15924,买盘
236,14:27:40,13.27,0.04,20,26540,买盘
237,14:27:30,13.23,-0.01,9,11907,卖盘
238,14:27:15,13.24,0.02,14,18536,买盘
239,14:27:10,13.22,-0.02,17,22474,卖盘
240,14:26:45,13.24,--,0,0,买盘
241,14:26:30,13.24,--,17,22508,卖盘
242,14:26:20,13.24,0.03,183,242292,买盘
243,14:26:15,13.21,-0.02,33,43593,卖盘
244,14:26:10,13.23,0.01,5,6615,买盘
245,14:25:54,13.22,--,12,15864,卖盘
246,14:25:50,13.22,--,0,0,卖盘
247,14:25:39,13.22,--,12,15864,卖盘
248,14:25:30,13.22,--,10,13220,卖盘
249,14:25:24,13.22,--,4,5288,卖盘
250,14:25:20,13.22,--,3,3966,买盘
251,14:25:15,13.22,--,1,1322,卖盘
252,14:25:00,13.22,-0.02,103,136166,卖盘
253,14:24:54,13.24,0.01,12,15888,买盘
254,14:24:50,13.23,-0.01,5,6615,卖盘
255,14:24:35,13.24,0.01,24,31776,买盘
256,14:24:30,13.23,-0.01,19,25137,卖盘
257,14:24:05,13.24,--,2,2648,买盘
258,14:23:59,13.24,0.01,17,22508,买盘
259,14:23:30,13.23,-0.01,6,7938,卖盘
260,14:23:24,13.24,0.01,5,6620,买盘
261,14:23:09,13.23,0.02,28,37044,买盘
262,14:23:00,13.21,--,0,0,卖盘
263,14:22:30,13.21,--,8,10568,买盘
264,14:22:15,13.21,--,34,44914,买盘
265,14:22:09,13.21,0.01,8,10568,买盘
266,14:21:45,13.2,--,11,14520,卖盘
267,14:21:39,13.2,-0.02,54,71280,卖盘
268,14:21:29,13.22,--,38,50236,买盘
269,14:21:24,13.22,0.01,14,18508,买盘
270,14:21:19,13.21,-0.01,5,6605,卖盘
271,14:21:14,13.22,--,50,66100,买盘
272,14:20:49,13.22,-0.01,25,33050,卖盘
273,14:20:14,13.23,--,10,13230,买盘
274,14:20:09,13.23,--,0,0,买盘
275,14:19:54,13.23,--,10,13230,买盘
276,14:19:49,13.23,0.02,5,6615,买盘
277,14:19:29,13.21,--,2,2642,卖盘
278,14:18:54,13.21,0.01,36,47556,买盘
279,14:18:48,13.2,-0.01,21,27720,卖盘
280,14:18:29,13.21,--,8,10568,买盘
281,14:18:24,13.21,0.01,10,13210,买盘
282,14:18:18,13.2,-0.01,174,229680,卖盘
283,14:18:09,13.21,--,112,147952,卖盘
284,14:17:59,13.21,0.01,19,25099,买盘
285,14:17:48,13.2,-0.01,13,17160,卖盘
286,14:17:33,13.21,-0.01,137,180977,卖盘
287,14:17:18,13.22,--,9,11898,买盘
288,14:17:08,13.22,--,5,6610,买盘
289,14:17:03,13.22,--,28,37016,卖盘
290,14:16:54,13.22,-0.02,8,10576,卖盘
291,14:16:48,13.24,--,6,7944,买盘
292,14:16:38,13.24,--,63,83412,买盘
293,14:16:24,13.24,--,10,13240,买盘
294,14:16:09,13.24,--,40,52960,买盘
295,14:16:03,13.24,--,6,7944,买盘
296,14:15:48,13.24,--,13,17212,买盘
297,14:15:33,13.24,--,12,15888,买盘
298,14:15:18,13.24,--,7,9268,买盘
299,14:14:53,13.24,0.02,12,15888,买盘
300,14:14:48,13.22,--,3,3966,卖盘
301,14:14:33,13.22,--,24,31728,卖盘
302,14:14:09,13.22,--,20,26440,卖盘
303,14:13:53,13.22,--,1,1322,买盘
304,14:13:33,13.22,0.02,2,2644,买盘
305,14:12:27,13.2,-0.02,300,396000,卖盘
306,14:12:03,13.22,--,0,0,买盘
307,14:11:57,13.22,0.02,10,13220,买盘
308,14:11:47,13.2,--,5,6600,卖盘
309,14:11:33,13.2,-0.01,37,48840,卖盘
310,14:11:27,13.21,--,4,5284,买盘
311,14:11:12,13.21,--,13,17173,买盘
312,14:11:08,13.21,-0.01,63,83223,卖盘
313,14:11:02,13.22,--,5,6610,买盘
314,14:10:56,13.22,--,24,31728,买盘
315,14:10:53,13.22,--,152,200944,买盘
316,14:10:47,13.22,0.01,1,1322,买盘
317,14:10:32,13.21,--,10,13210,卖盘
318,14:10:17,13.21,--,74,97754,买盘
319,14:10:11,13.21,--,30,39630,买盘
320,14:10:08,13.21,0.01,37,48877,买盘
321,14:09:53,13.2,--,35,46200,卖盘
322,14:09:17,13.2,--,5,6600,卖盘
323,14:09:02,13.2,--,60,79200,卖盘
324,14:08:57,13.2,--,4,5280,卖盘
325,14:08:38,13.2,--,10,13200,卖盘
326,14:08:32,13.2,-0.01,39,51480,卖盘
327,14:08:23,13.21,--,10,13210,买盘
328,14:08:17,13.21,0.01,1,1321,买盘
329,14:08:07,13.2,-0.01,10,13200,卖盘
330,14:07:47,13.21,--,14,18494,卖盘
331,14:07:42,13.21,-0.01,75,99075,卖盘
332,14:07:17,13.22,-0.02,92,121624,卖盘
333,14:06:57,13.24,0.02,20,26480,买盘
334,14:06:47,13.22,-0.02,15,19830,卖盘
335,14:06:42,13.24,--,0,0,买盘
336,14:05:47,13.24,-0.01,1,1324,买盘
337,14:05:42,13.25,--,1,1325,卖盘
338,14:05:32,13.25,0.01,2,2650,买盘
339,14:05:27,13.24,--,1,1324,卖盘
340,14:05:06,13.24,-0.02,5,6620,买盘
341,14:04:36,13.26,--,45,59670,卖盘
342,14:04:27,13.26,0.04,105,139230,买盘
343,14:04:06,13.22,-0.02,30,39660,卖盘
344,14:04:02,13.24,0.02,3,3972,买盘
345,14:03:47,13.22,--,50,66100,卖盘
346,14:03:11,13.22,--,40,52880,卖盘
347,14:03:06,13.22,-0.02,135,178470,卖盘
348,14:02:56,13.24,-0.01,2,2648,卖盘
349,14:02:50,13.25,--,8,10600,买盘
350,14:02:26,13.25,-0.01,2,2650,卖盘
351,14:02:06,13.26,--,0,0,买盘
352,14:01:56,13.26,--,1,1326,卖盘
353,14:01:32,13.26,0.01,100,132600,买盘
354,14:01:26,13.25,--,1,1325,卖盘
355,14:01:20,13.25,--,30,39750,卖盘
356,14:01:11,13.25,-0.01,10,13250,卖盘
357,14:00:50,13.26,0.01,6,7956,买盘
358,14:00:36,13.25,-0.01,1,1325,卖盘
359,14:00:31,13.26,--,22,29172,买盘
360,14:00:26,13.26,--,20,26520,买盘
361,14:00:11,13.26,0.01,5,6630,买盘
362,14:00:01,13.25,--,20,26500,卖盘
363,13:59:41,13.25,--,10,13250,卖盘
364,13:59:21,13.25,--,3,3975,卖盘
365,13:59:06,13.25,--,7,9275,卖盘
366,13:58:56,13.25,-0.01,40,53000,卖盘
367,13:58:41,13.26,0.01,48,63648,买盘
368,13:58:36,13.25,-0.01,245,324625,卖盘
369,13:58:26,13.26,-0.01,67,88842,卖盘
370,13:58:06,13.27,--,2,2654,买盘
371,13:58:00,13.27,-0.01,4,5308,卖盘
372,13:57:36,13.28,--,20,26560,买盘
373,13:57:30,13.28,-0.02,30,39840,卖盘
374,13:57:26,13.3,--,15,19950,买盘
375,13:57:15,13.3,--,12,16625,卖盘
376,13:57:11,13.3,--,11,14630,卖盘
377,13:57:06,13.3,--,41,54530,卖盘
378,13:56:56,13.3,--,3,3990,卖盘
379,13:56:45,13.3,--,1,1330,卖盘
380,13:56:35,13.3,--,5,6650,卖盘
381,13:56:26,13.3,--,10,13300,卖盘
382,13:56:20,13.3,0.01,218,290605,买盘
383,13:56:15,13.29,--,10,13290,买盘
384,13:56:00,13.29,-0.01,12,16612,卖盘
385,13:55:35,13.3,0.01,10,13300,买盘
386,13:55:30,13.29,--,35,46515,卖盘
387,13:55:15,13.29,--,30,39870,卖盘
388,13:54:50,13.29,-0.01,8,10632,卖盘
389,13:54:45,13.3,0.01,27,35910,买盘
390,13:54:40,13.29,--,3,3986,卖盘
391,13:54:30,13.29,--,40,53824,买盘
392,13:54:20,13.29,--,18,23922,买盘
393,13:54:15,13.29,--,46,61133,买盘
394,13:54:05,13.29,--,54,71766,买盘
395,13:54:00,13.29,0.01,13,17277,买盘
396,13:53:56,13.28,-0.01,4,5312,卖盘
397,13:53:50,13.29,--,62,82398,买盘
398,13:53:45,13.29,--,22,29237,买盘
399,13:53:41,13.29,-0.01,36,48508,卖盘
400,13:53:35,13.3,--,39,51870,买盘
401,13:53:30,13.3,--,15,19950,买盘
402,13:53:20,13.3,--,9,11970,买盘
403,13:53:15,13.3,--,23,30590,卖盘
404,13:53:10,13.3,-0.01,130,172900,卖盘
405,13:53:05,13.31,--,10,13310,买盘
406,13:53:00,13.31,-0.02,4,5324,卖盘
407,13:52:55,13.33,--,1,1333,买盘
408,13:52:50,13.33,--,10,13330,买盘
409,13:52:45,13.33,--,10,13330,买盘
410,13:52:40,13.33,--,12,15996,买盘
411,13:52:35,13.33,--,0,0,买盘
412,13:52:30,13.33,-0.01,6,7998,买盘
413,13:52:20,13.34,0.01,83,111455,买盘
414,13:52:15,13.33,--,65,86645,卖盘
415,13:52:10,13.33,--,2,2666,卖盘
416,13:52:05,13.33,0.02,740,987019,买盘
417,13:52:00,13.31,--,0,0,中性盘
418,13:51:55,13.31,--,3,3993,买盘
419,13:51:50,13.31,0.01,29,38599,买盘
420,13:51:45,13.3,-0.01,4,5320,卖盘
421,13:51:40,13.31,--,24,31944,卖盘
422,13:51:35,13.31,--,181,240911,买盘
423,13:51:30,13.31,0.01,24,31944,买盘
424,13:51:24,13.3,--,10,13300,卖盘
425,13:51:05,13.3,--,68,90440,买盘
426,13:51:00,13.3,--,124,164920,买盘
427,13:50:54,13.3,--,10,13300,买盘
428,13:50:50,13.3,--,17,22610,买盘
429,13:50:45,13.3,--,126,167580,买盘
430,13:50:35,13.3,--,122,162260,买盘
431,13:50:30,13.3,0.01,24,31920,买盘
432,13:50:24,13.29,--,10,13290,卖盘
433,13:50:20,13.29,--,208,277096,买盘
434,13:50:15,13.29,--,62,83062,卖盘
435,13:50:05,13.29,--,10,13954,买盘
436,13:50:00,13.29,0.01,95,126254,买盘
437,13:49:54,13.28,-0.01,42,55776,卖盘
438,13:49:50,13.29,--,11,14618,买盘
439,13:49:44,13.29,--,60,79740,买盘
440,13:49:39,13.29,0.01,62,82398,买盘
441,13:49:34,13.28,-0.01,72,95616,卖盘
442,13:49:29,13.29,0.01,106,140874,买盘
443,13:49:24,13.28,--,1,1328,卖盘
444,13:49:19,13.28,--,4,5312,卖盘
445,13:49:14,13.28,0.01,121,160688,买盘
446,13:49:05,13.27,--,0,0,中性盘
447,13:48:59,13.27,--,25,33175,买盘
448,13:48:54,13.27,--,36,47772,买盘
449,13:48:49,13.27,--,1,1327,买盘
450,13:48:44,13.27,--,46,61042,买盘
451,13:48:39,13.27,--,23,30521,买盘
452,13:48:29,13.27,-0.01,27,35829,中性盘
453,13:48:24,13.28,0.01,56,74368,买盘
454,13:48:20,13.27,-0.01,12,15924,卖盘
455,13:48:14,13.28,--,40,53120,买盘
456,13:48:08,13.28,--,26,34528,买盘
457,13:48:05,13.28,--,23,30544,买盘
458,13:47:59,13.28,0.01,32,42496,买盘
459,13:47:44,13.27,--,15,19905,买盘
460,13:47:39,13.27,--,35,46445,卖盘
461,13:47:29,13.27,-0.01,34,45118,中性盘
462,13:47:23,13.28,0.01,22,29216,买盘
463,13:47:19,13.27,--,4,5308,卖盘
464,13:47:14,13.27,-0.01,31,41137,中性盘
465,13:47:08,13.28,0.01,14,18592,买盘
466,13:47:04,13.27,-0.01,29,38483,卖盘
467,13:46:59,13.28,--,35,46480,买盘
468,13:46:54,13.28,--,26,34528,买盘
469,13:46:49,13.28,--,1,1328,买盘
470,13:46:44,13.28,--,62,82336,买盘
471,13:46:39,13.28,--,17,22576,买盘
472,13:46:29,13.28,--,42,55776,买盘
473,13:46:23,13.28,-0.01,56,74368,卖盘
474,13:46:14,13.29,0.01,54,71766,买盘
475,13:46:08,13.28,--,13,17264,卖盘
476,13:45:59,13.28,0.01,6,7968,买盘
477,13:45:54,13.27,--,15,19905,买盘
478,13:45:50,13.27,--,16,21232,买盘
479,13:45:44,13.27,-0.01,19,25213,买盘
480,13:45:38,13.28,0.01,68,90304,买盘
481,13:45:33,13.27,--,13,17251,买盘
482,13:45:29,13.27,-0.01,76,100852,卖盘
483,13:45:24,13.28,--,21,27888,买盘
484,13:45:14,13.28,0.01,37,49136,买盘
485,13:44:59,13.27,0.04,29,38483,买盘
486,13:44:53,13.23,-0.04,54,71442,卖盘
487,13:44:49,13.27,--,20,26540,买盘
488,13:44:44,13.27,-0.01,24,31848,卖盘
489,13:44:39,13.28,0.01,51,67728,买盘
490,13:44:34,13.27,-0.01,3,3981,卖盘
491,13:44:29,13.28,--,2,2656,买盘
492,13:44:23,13.28,0.01,41,54448,买盘
493,13:44:19,13.27,-0.01,97,128719,卖盘
494,13:44:14,13.28,0.01,38,50464,买盘
495,13:44:08,13.27,-0.01,72,95544,卖盘
496,13:43:59,13.28,--,65,86320,买盘
497,13:43:54,13.28,--,110,146744,卖盘
498,13:43:49,13.28,-0.01,30,39840,卖盘
499,13:43:44,13.29,--,44,58475,买盘
500,13:43:39,13.29,0.01,18,23922,买盘
501,13:43:29,13.28,0.01,181,241032,买盘
502,13:43:23,13.27,--,3,3981,卖盘
503,13:43:18,13.27,--,8,10616,买盘
504,13:43:14,13.27,-0.01,56,74312,买盘
505,13:42:58,13.28,--,18,23904,买盘
506,13:42:53,13.28,0.02,16,21248,买盘
507,13:42:48,13.26,-0.02,22,29835,卖盘
508,13:42:43,13.28,--,53,70384,买盘
509,13:42:39,13.28,0.02,11,14608,买盘
510,13:42:33,13.26,0.01,84,112047,买盘
511,13:42:29,13.25,-0.01,8,10600,中性盘
512,13:42:24,13.26,0.01,19,25194,买盘
513,13:42:13,13.25,--,80,106000,卖盘
514,13:42:08,13.25,--,24,31800,卖盘
515,13:42:03,13.25,--,10,13250,卖盘
516,13:41:53,13.25,0.02,454,601550,买盘
517,13:41:48,13.23,-0.01,36,47628,卖盘
518,13:41:43,13.24,--,38,50312,买盘
519,13:41:38,13.24,--,21,27804,买盘
520,13:41:28,13.24,0.01,17,22508,买盘
521,13:41:23,13.23,--,8,10584,买盘
522,13:41:18,13.23,-0.01,13,17199,中性盘
523,13:41:13,13.24,0.01,24,31776,买盘
524,13:41:08,13.23,--,27,35721,买盘
525,13:41:03,13.23,--,33,43659,卖盘
526,13:40:58,13.23,-0.01,35,46305,卖盘
527,13:40:53,13.24,--,24,31776,买盘
528,13:40:48,13.24,--,18,23832,买盘
529,13:40:43,13.24,0.01,26,34424,买盘
530,13:40:38,13.23,-0.02,5,6615,中性盘
531,13:40:32,13.25,0.03,220,291500,买盘
532,13:40:28,13.22,--,40,52880,卖盘
533,13:40:23,13.22,--,24,31728,卖盘
534,13:40:17,13.22,-0.03,65,85930,卖盘
535,13:40:08,13.25,0.03,177,234525,买盘
536,13:40:03,13.22,--,1,1322,卖盘
537,13:39:53,13.22,0.01,22,29084,买盘
538,13:39:43,13.21,--,5,6605,卖盘
539,13:39:38,13.21,--,24,31704,买盘
540,13:39:33,13.21,0.01,12,15852,买盘
541,13:39:18,13.2,--,17,22440,买盘
542,13:39:08,13.2,--,50,66000,买盘
543,13:39:02,13.2,0.01,21,27720,买盘
544,13:38:58,13.19,-0.01,3,3957,卖盘
545,13:38:53,13.2,0.01,10,13200,买盘
546,13:38:48,13.19,--,57,75908,买盘
547,13:38:43,13.19,--,17,22423,买盘
548,13:38:38,13.19,0.01,39,51441,买盘
549,13:38:23,13.18,-0.01,17,22406,卖盘
550,13:38:18,13.19,0.01,8,10552,买盘
551,13:38:13,13.18,-0.01,50,65900,卖盘
552,13:38:03,13.19,0.01,11,14509,买盘
553,13:37:38,13.18,--,3,3954,卖盘
554,13:37:23,13.18,-0.01,70,92260,卖盘
555,13:37:18,13.19,--,27,35613,买盘
556,13:36:53,13.19,0.01,2,2638,买盘
557,13:36:33,13.18,-0.01,1,1318,卖盘
558,13:36:28,13.19,--,0,0,买盘
559,13:36:23,13.19,0.02,41,54079,买盘
560,13:36:08,13.17,--,0,0,卖盘
561,13:36:02,13.17,--,44,57948,卖盘
562,13:35:53,13.17,-0.01,27,35559,卖盘
563,13:35:48,13.18,--,16,21088,买盘
564,13:35:33,13.18,--,3,3954,买盘
565,13:35:02,13.18,--,32,42176,买盘
566,13:34:47,13.18,0.01,90,118620,买盘
567,13:34:42,13.17,--,6,7902,卖盘
568,13:34:38,13.17,--,40,52680,卖盘
569,13:34:27,13.17,-0.01,1,1317,卖盘
570,13:34:23,13.18,0.02,13,17134,买盘
571,13:34:02,13.16,-0.01,80,105280,卖盘
572,13:33:57,13.17,0.01,21,27657,买盘
573,13:33:52,13.16,--,3,3948,卖盘
574,13:33:37,13.16,--,5,6580,买盘
575,13:33:17,13.16,--,21,27636,卖盘
576,13:33:07,13.16,--,5,6580,买盘
577,13:33:02,13.16,--,36,47376,买盘
578,13:32:47,13.16,--,5,6580,买盘
579,13:32:41,13.16,--,1,1316,买盘
580,13:32:37,13.16,--,7,9212,卖盘
581,13:32:02,13.16,--,42,55272,买盘
582,13:31:57,13.16,--,7,9212,买盘
583,13:31:47,13.16,--,1,1316,中性盘
584,13:31:37,13.16,0.01,2,2632,买盘
585,13:31:32,13.15,-0.01,40,52600,卖盘
586,13:31:17,13.16,-0.01,38,50008,卖盘
587,13:30:26,13.17,--,3,3951,买盘
588,13:30:11,13.17,0.01,11,14487,买盘
589,13:30:07,13.16,-0.01,40,52640,卖盘
590,13:29:47,13.17,--,5,6585,买盘
591,13:29:42,13.17,--,2,2634,买盘
592,13:29:32,13.17,--,51,67167,买盘
593,13:29:02,13.17,0.01,10,13170,买盘
594,13:28:42,13.16,-0.01,70,92120,卖盘
595,13:28:32,13.17,--,5,6585,买盘
596,13:27:57,13.17,--,3,3951,买盘
597,13:27:46,13.17,--,41,53997,卖盘
598,13:27:26,13.17,--,11,14487,买盘
599,13:27:22,13.17,--,5,6585,买盘
600,13:27:17,13.17,--,2,2634,买盘
601,13:26:56,13.17,--,18,23706,卖盘
602,13:26:50,13.17,--,8,10536,卖盘
603,13:26:31,13.17,--,4,5268,买盘
604,13:26:26,13.17,0.01,2,2634,买盘
605,13:26:16,13.16,-0.01,36,47376,卖盘
606,13:26:11,13.17,0.01,15,19755,买盘
607,13:25:31,13.16,-0.01,2,2632,卖盘
608,13:25:26,13.17,--,4,5268,买盘
609,13:25:20,13.17,0.01,20,26340,买盘
610,13:24:56,13.16,-0.01,40,52640,卖盘
611,13:24:11,13.17,--,5,6585,卖盘
612,13:23:56,13.17,--,4,5268,卖盘
613,13:23:41,13.17,--,1,1317,卖盘
614,13:23:31,13.17,--,10,13170,卖盘
615,13:23:21,13.17,-0.01,20,26340,卖盘
616,13:22:56,13.18,--,10,13180,买盘
617,13:22:46,13.18,--,14,18452,买盘
618,13:22:41,13.18,--,26,34268,卖盘
619,13:22:26,13.18,--,10,13180,卖盘
620,13:22:11,13.18,-0.01,3,3954,卖盘
621,13:22:06,13.19,--,20,26380,买盘
622,13:21:50,13.19,--,2,2638,买盘
623,13:21:41,13.19,--,0,0,买盘
624,13:21:35,13.19,0.01,10,13190,买盘
625,13:21:26,13.18,--,10,13180,买盘
626,13:21:11,13.18,-0.01,77,101486,卖盘
627,13:21:05,13.19,--,8,10552,买盘
628,13:21:01,13.19,0.02,15,19785,买盘
629,13:20:50,13.17,--,0,0,卖盘
630,13:20:36,13.17,--,12,15804,买盘
631,13:20:25,13.17,--,40,52680,买盘
632,13:20:21,13.17,-0.01,1,1317,买盘
633,13:20:11,13.18,--,7,9226,卖盘
634,13:20:01,13.18,0.02,53,69854,买盘
635,13:19:50,13.16,--,0,0,卖盘
636,13:19:40,13.16,--,0,0,中性盘
637,13:19:35,13.16,--,12,15792,买盘
638,13:19:31,13.16,-0.01,8,10528,买盘
639,13:19:25,13.17,0.01,50,65850,买盘
640,13:19:20,13.16,0.01,7,9212,买盘
641,13:19:16,13.15,--,3,3945,卖盘
642,13:19:05,13.15,--,60,78900,卖盘
643,13:18:50,13.15,-0.02,4,5260,卖盘
644,13:18:45,13.17,--,5,6585,买盘
645,13:18:40,13.17,--,15,19755,买盘
646,13:18:26,13.17,--,297,391149,卖盘
647,13:18:20,13.17,--,40,52680,卖盘
648,13:18:14,13.17,--,21,27657,卖盘
649,13:18:05,13.17,--,41,53997,卖盘
650,13:17:50,13.17,0.02,33,43461,买盘
651,13:17:45,13.15,-0.02,1,1315,卖盘
652,13:17:30,13.17,0.02,2,2634,买盘
653,13:17:25,13.15,-0.02,63,82845,卖盘
654,13:17:15,13.17,--,68,89556,卖盘
655,13:17:10,13.17,--,2,2634,卖盘
656,13:17:05,13.17,0.02,164,215988,买盘
657,13:16:50,13.15,--,8,10520,卖盘
658,13:16:45,13.15,-0.01,3,3945,卖盘
659,13:16:30,13.16,--,3,3948,卖盘
660,13:16:05,13.16,0.01,48,63168,买盘
661,13:15:45,13.15,-0.02,20,26300,卖盘
662,13:15:15,13.17,--,33,43461,买盘
663,13:15:05,13.17,0.01,10,13170,买盘
664,13:14:59,13.16,0.01,14,18424,买盘
665,13:14:50,13.15,-0.01,5,6575,卖盘
666,13:14:44,13.16,--,13,17108,买盘
667,13:14:25,13.16,--,1,1316,买盘
668,13:14:20,13.16,-0.01,5,6580,买盘
669,13:14:05,13.17,--,0,0,买盘
670,13:14:00,13.17,0.02,20,26340,买盘
671,13:13:55,13.15,-0.01,1,1315,卖盘
672,13:13:50,13.16,-0.01,18,23688,买盘
673,13:13:45,13.17,--,0,0,买盘
674,13:12:49,13.17,--,0,0,中性盘
675,13:12:29,13.17,--,0,0,买盘
676,13:12:14,13.17,--,17,22389,买盘
677,13:11:59,13.17,-0.01,67,88239,卖盘
678,13:11:44,13.18,--,20,26360,买盘
679,13:11:40,13.18,0.01,4,5272,买盘
680,13:11:29,13.17,-0.01,1,1317,卖盘
681,13:11:24,13.18,--,60,79080,买盘
682,13:11:14,13.18,--,5,6590,买盘
683,13:10:59,13.18,0.01,5,6590,买盘
684,13:10:49,13.17,0.02,30,39510,买盘
685,13:10:29,13.15,0.01,0,591,买盘
686,13:10:24,13.14,-0.01,1,1314,卖盘
687,13:10:18,13.15,--,20,26300,买盘
688,13:10:04,13.15,--,58,76270,买盘
689,13:09:53,13.15,--,24,31560,买盘
690,13:09:34,13.15,0.02,23,30245,买盘
691,13:09:29,13.13,-0.01,25,32825,卖盘
692,13:09:19,13.14,--,7,9198,买盘
693,13:09:14,13.14,--,2,2628,卖盘
694,13:09:09,13.14,--,5,6570,卖盘
695,13:08:44,13.14,--,9,11826,卖盘
696,13:08:39,13.14,-0.03,96,126866,卖盘
697,13:08:29,13.17,--,5,6585,买盘
698,13:08:24,13.17,0.01,15,19755,买盘
699,13:08:14,13.16,--,20,26320,卖盘
700,13:08:09,13.16,--,1,1316,卖盘
701,13:07:49,13.16,--,4,5264,买盘
702,13:07:44,13.16,--,5,6580,买盘
703,13:07:39,13.16,0.01,50,65800,买盘
704,13:07:24,13.15,--,5,6575,卖盘
705,13:07:19,13.15,--,0,591,买盘
706,13:07:14,13.15,--,18,24393,卖盘
707,13:07:09,13.15,--,0,0,卖盘
708,13:06:59,13.15,--,2,2630,卖盘
709,13:06:48,13.15,--,0,0,卖盘
710,13:06:39,13.15,-0.01,21,27615,卖盘
711,13:06:34,13.16,--,39,51324,卖盘
712,13:06:29,13.16,0.01,13,17108,买盘
713,13:06:24,13.15,--,2,2630,卖盘
714,13:06:04,13.15,--,22,28930,卖盘
715,13:05:58,13.15,-0.01,70,92050,卖盘
716,13:05:43,13.16,0.01,19,25004,买盘
717,13:05:24,13.15,--,0,0,卖盘
718,13:05:19,13.15,-0.01,45,59175,卖盘
719,13:05:13,13.16,--,0,0,卖盘
720,13:05:08,13.16,--,13,17108,买盘
721,13:04:58,13.16,--,14,18424,卖盘
722,13:04:43,13.16,-0.02,1,1316,卖盘
723,13:04:38,13.18,--,6,7908,卖盘
724,13:04:33,13.18,--,70,92260,卖盘
725,13:04:23,13.18,--,21,27678,卖盘
726,13:03:58,13.18,--,10,13180,买盘
727,13:03:53,13.18,--,0,0,买盘
728,13:03:48,13.18,--,40,52720,买盘
729,13:03:08,13.18,0.03,10,13180,买盘
730,13:02:58,13.15,-0.01,22,28930,卖盘
731,13:02:53,13.16,--,16,21056,卖盘
732,13:02:38,13.16,--,0,0,卖盘
733,13:02:28,13.16,-0.03,21,27636,卖盘
734,13:02:17,13.19,0.03,4,5276,买盘
735,13:02:02,13.16,0.01,269,354596,买盘
736,13:01:58,13.15,--,27,35570,卖盘
737,13:01:33,13.15,-0.01,0,1249,卖盘
738,13:01:23,13.16,--,3,3948,买盘
739,13:01:17,13.16,0.01,7,9212,买盘
740,13:01:08,13.15,--,60,78900,卖盘
741,13:00:38,13.15,--,3,3945,卖盘
742,13:00:08,13.15,-0.04,293,385952,卖盘
743,13:00:03,13.19,--,2,2638,买盘
744,11:30:00,13.19,--,0,0,买盘
745,11:30:00,13.19,--,0,0,买盘
746,11:29:59,13.19,0.01,20,26380,买盘
747,11:29:48,13.18,-0.02,8,10544,卖盘
748,11:29:18,13.2,0.04,25,33000,买盘
749,11:29:14,13.16,--,0,0,卖盘
750,11:28:53,13.16,--,30,39480,卖盘
751,11:28:44,13.16,--,0,0,卖盘
752,11:28:38,13.16,-0.04,144,189504,卖盘
753,11:28:23,13.2,--,20,26400,卖盘
754,11:28:18,13.2,--,0,0,中性盘
755,11:28:08,13.2,0.02,10,13200,买盘
756,11:28:03,13.18,--,0,0,卖盘
757,11:27:53,13.18,--,12,15816,卖盘
758,11:27:33,13.18,--,0,0,卖盘
759,11:27:23,13.18,--,4,5272,卖盘
760,11:27:17,13.18,-0.03,20,26360,卖盘
761,11:26:53,13.21,0.01,94,124174,买盘
762,11:26:23,13.2,--,77,101640,卖盘
763,11:26:17,13.2,-0.01,23,30360,卖盘
764,11:26:08,13.21,--,10,13210,买盘
765,11:26:02,13.21,--,314,414794,卖盘
766,11:25:47,13.21,-0.01,15,19815,卖盘
767,11:25:23,13.22,0.01,52,68744,买盘
768,11:25:08,13.21,--,10,13210,卖盘
769,11:24:53,13.21,--,10,13210,卖盘
770,11:24:47,13.21,-0.02,5,6605,卖盘
771,11:24:38,13.23,--,10,13230,买盘
772,11:24:29,13.23,0.02,20,26460,买盘
773,11:24:23,13.21,-0.02,1,1321,卖盘
774,11:24:17,13.23,-0.01,3,3969,卖盘
775,11:24:08,13.24,-0.01,37,49994,卖盘
776,11:24:02,13.25,--,0,318,买盘
777,11:23:58,13.25,--,7,9275,买盘
778,11:23:47,13.25,0.02,66,87450,买盘
779,11:23:38,13.23,-0.02,38,50274,卖盘
780,11:23:23,13.25,0.01,11,14575,买盘
781,11:23:17,13.24,0.01,9,11916,买盘
782,11:23:08,13.23,0.02,8,10584,买盘
783,11:22:53,13.21,--,32,42272,买盘
784,11:22:47,13.21,--,12,15852,买盘
785,11:22:38,13.21,--,21,27741,买盘
786,11:22:26,13.21,--,10,13210,买盘
787,11:22:23,13.21,--,26,34346,买盘
788,11:22:17,13.21,0.01,29,38309,买盘
789,11:22:11,13.2,-0.01,1,1320,卖盘
790,11:22:08,13.21,0.01,11,14531,买盘
791,11:22:02,13.2,-0.01,8,10560,卖盘
792,11:21:58,13.21,--,11,14531,买盘
793,11:21:53,13.21,-0.02,5,6605,买盘
794,11:21:47,13.23,0.03,12,15876,买盘
795,11:21:41,13.2,-0.03,100,132000,卖盘
796,11:21:37,13.23,-0.01,11,14553,买盘
797,11:21:28,13.24,0.03,11,14564,买盘
798,11:21:13,13.21,--,8,10568,买盘
799,11:21:08,13.21,-0.03,92,121532,卖盘
800,11:20:58,13.24,-0.01,21,27804,卖盘
801,11:20:47,13.25,--,11,14575,买盘
802,11:20:38,13.25,--,11,14575,买盘
803,11:20:26,13.25,0.01,12,15900,买盘
804,11:20:23,13.24,-0.01,1,1324,卖盘
805,11:20:17,13.25,--,11,14575,买盘
806,11:20:13,13.25,--,5,6625,买盘
807,11:20:08,13.25,--,11,14575,买盘
808,11:20:02,13.25,-0.01,4,5300,卖盘
809,11:19:57,13.26,--,11,14586,买盘
810,11:19:47,13.26,0.01,12,15912,买盘
811,11:19:38,13.25,--,7,9275,买盘
812,11:19:26,13.25,--,11,14575,买盘
813,11:19:17,13.25,0.02,12,15900,买盘
814,11:19:07,13.23,-0.02,15,19845,卖盘
815,11:18:57,13.25,--,13,17225,买盘
816,11:18:47,13.25,--,21,27825,买盘
817,11:18:37,13.25,--,11,14575,买盘
818,11:18:32,13.25,-0.01,34,45050,卖盘
819,11:18:27,13.26,--,11,14586,买盘
820,11:18:17,13.26,0.01,12,15912,买盘
821,11:18:12,13.25,-0.02,4,5300,卖盘
822,11:18:08,13.27,--,11,14597,买盘
823,11:17:56,13.27,--,12,15924,买盘
824,11:17:47,13.27,--,11,14597,买盘
825,11:17:37,13.27,--,11,14597,买盘
826,11:17:26,13.27,--,12,15924,买盘
827,11:17:17,13.27,--,11,14597,买盘
828,11:17:07,13.27,--,11,14597,买盘
829,11:16:56,13.27,0.01,11,14597,买盘
830,11:16:52,13.26,-0.01,1,1326,买盘
831,11:16:47,13.27,--,12,15924,买盘
832,11:16:37,13.27,--,11,14597,买盘
833,11:16:26,13.27,--,11,14597,买盘
834,11:16:17,13.27,0.02,12,15924,买盘
835,11:16:07,13.25,--,23,30475,买盘
836,11:16:02,13.25,-0.02,18,23850,卖盘
837,11:15:56,13.27,--,14,18578,买盘
838,11:15:51,13.27,--,0,0,买盘
839,11:15:47,13.27,--,12,15924,买盘
840,11:15:37,13.27,--,11,14597,买盘
841,11:15:32,13.27,-0.01,7,9501,卖盘
842,11:15:26,13.28,0.01,12,15936,买盘
843,11:15:17,13.27,-0.01,14,18578,卖盘
844,11:15:07,13.28,0.01,11,14608,买盘
845,11:15:02,13.27,-0.01,3,3981,卖盘
846,11:14:56,13.28,0.01,11,14608,买盘
847,11:14:47,13.27,--,11,15711,买盘
848,11:14:36,13.27,--,11,14597,买盘
849,11:14:32,13.27,-0.01,6,8174,卖盘
850,11:14:26,13.28,--,11,14608,买盘
851,11:14:17,13.28,--,24,31872,买盘
852,11:14:11,13.28,-0.01,18,23904,卖盘
853,11:14:06,13.29,0.01,11,14618,买盘
854,11:14:02,13.28,--,1,1328,卖盘
855,11:13:51,13.28,--,3,3984,买盘
856,11:13:47,13.28,--,11,14608,买盘
857,11:13:41,13.28,--,60,79680,买盘
858,11:13:37,13.28,0.01,11,14608,买盘
859,11:13:32,13.27,--,1,1327,卖盘
860,11:13:25,13.27,--,10,13270,卖盘
861,11:13:21,13.27,--,627,833143,买盘
862,11:13:17,13.27,0.01,11,14597,买盘
863,11:13:01,13.26,--,51,67626,买盘
864,11:12:56,13.26,--,12,15912,买盘
865,11:12:46,13.26,--,11,14586,买盘
866,11:12:37,13.26,--,11,14586,买盘
867,11:12:26,13.26,--,12,15912,买盘
868,11:12:17,13.26,--,17,22542,卖盘
869,11:12:11,13.26,--,3,3978,卖盘
870,11:12:06,13.26,--,16,21216,卖盘
871,11:11:56,13.26,--,2,2652,买盘
872,11:11:51,13.26,--,1,1326,买盘
873,11:11:47,13.26,0.01,12,15912,买盘
874,11:11:37,13.25,--,6,7950,买盘
875,11:11:26,13.25,--,22,29150,买盘
876,11:11:16,13.25,--,11,14575,买盘
877,11:11:07,13.25,-0.01,11,14575,买盘
878,11:10:56,13.26,0.03,12,15912,买盘
879,11:10:51,13.23,-0.03,5,6615,卖盘
880,11:10:47,13.26,--,11,14586,买盘
881,11:10:35,13.26,--,11,14586,买盘
882,11:10:26,13.26,--,12,15912,买盘
883,11:10:16,13.26,--,12,15912,买盘
884,11:10:05,13.26,--,31,41106,买盘
885,11:09:56,13.26,--,12,15912,买盘
886,11:09:50,13.26,--,1,1326,买盘
887,11:09:46,13.26,--,14,18564,买盘
888,11:09:35,13.26,-0.01,23,30498,卖盘
889,11:09:26,13.27,--,11,14597,买盘
890,11:09:16,13.27,--,12,15924,买盘
891,11:09:05,13.27,0.04,11,14597,买盘
892,11:08:56,13.23,-0.03,60,79380,卖盘
893,11:08:50,13.26,--,32,42432,买盘
894,11:08:46,13.26,--,12,15912,买盘
895,11:08:35,13.26,--,11,14586,买盘
896,11:08:26,13.26,--,23,30498,卖盘
897,11:08:20,13.26,-0.01,3,3978,卖盘
898,11:08:14,13.27,--,11,14597,买盘
899,11:08:04,13.27,--,37,49099,买盘
900,11:07:56,13.27,0.01,12,15924,买盘
901,11:07:46,13.26,--,1,1326,买盘
902,11:07:34,13.26,--,23,30498,买盘
903,11:07:26,13.26,-0.01,21,27846,买盘
904,11:07:20,13.27,--,5,6635,卖盘
905,11:07:16,13.27,--,6,7962,买盘
906,11:07:05,13.27,--,11,14597,买盘
907,11:06:56,13.27,0.05,14,18578,买盘
908,11:06:45,13.22,--,16,21152,卖盘
909,11:06:35,13.22,0.01,38,50897,买盘
910,11:06:26,13.21,--,9,11889,买盘
911,11:06:20,13.21,-0.01,22,29062,卖盘
912,11:06:13,13.22,--,11,14542,买盘
913,11:06:05,13.22,--,11,14542,买盘
914,11:05:56,13.22,--,12,15864,买盘
915,11:05:45,13.22,-0.01,11,14542,买盘
916,11:05:35,13.23,-0.04,26,35059,卖盘
917,11:05:26,13.27,-0.01,12,15924,买盘
918,11:05:20,13.28,0.02,22,29216,买盘
919,11:05:15,13.26,--,11,14586,买盘
920,11:05:10,13.26,-0.01,11,14586,卖盘
921,11:05:05,13.27,--,1,1327,买盘
922,11:05:00,13.27,-0.01,1,1327,卖盘
923,11:04:55,13.28,0.01,11,14608,买盘
924,11:04:45,13.27,--,11,14597,买盘
925,11:04:35,13.27,--,11,14597,买盘
926,11:04:30,13.27,--,0,0,买盘
927,11:04:25,13.27,--,12,15924,买盘
928,11:04:19,13.27,--,6,7962,买盘
929,11:04:15,13.27,-0.01,14,18578,买盘
930,11:04:10,13.28,--,0,0,买盘
931,11:04:05,13.28,--,11,14608,买盘
932,11:03:55,13.28,0.02,19,25232,买盘
933,11:03:45,13.26,--,10,13923,买盘
934,11:03:35,13.26,0.01,11,14586,买盘
935,11:03:31,13.25,-0.01,3,3975,卖盘
936,11:03:25,13.26,0.01,11,14586,买盘
937,11:03:16,13.25,0.02,2,2650,买盘
938,11:03:10,13.23,--,2,2646,买盘
939,11:03:05,13.23,0.01,11,14553,买盘
940,11:02:59,13.22,-0.01,5,6610,卖盘
941,11:02:55,13.23,0.01,11,14553,买盘
942,11:02:44,13.22,-0.01,32,42304,卖盘
943,11:02:35,13.23,--,11,14553,买盘
944,11:02:25,13.23,--,30,39690,买盘
945,11:02:13,13.23,--,12,15876,买盘
946,11:02:04,13.23,-0.02,11,14553,买盘
947,11:01:59,13.25,-0.01,3,3975,卖盘
948,11:01:55,13.26,0.01,11,14586,买盘
949,11:01:43,13.25,--,14,18550,买盘
950,11:01:35,13.25,--,31,41075,买盘
951,11:01:25,13.25,-0.01,11,14575,买盘
952,11:01:20,13.26,--,0,0,买盘
953,11:01:14,13.26,0.01,12,15912,买盘
954,11:01:10,13.25,-0.01,29,39087,卖盘
955,11:01:05,13.26,--,13,17238,买盘
956,11:00:58,13.26,--,10,13260,买盘
957,11:00:55,13.26,0.01,11,14586,买盘
958,11:00:44,13.25,--,20,27162,买盘
959,11:00:35,13.25,--,21,27825,买盘
960,11:00:29,13.25,-0.01,28,37762,卖盘
961,11:00:25,13.26,0.01,54,71604,买盘
962,11:00:20,13.25,-0.01,30,39750,卖盘
963,11:00:13,13.26,0.01,50,66300,买盘
964,11:00:05,13.25,0.01,126,167612,买盘
965,10:59:58,13.24,-0.01,6,7944,卖盘
966,10:59:55,13.25,0.01,15,19875,买盘
967,10:59:50,13.24,-0.01,10,13240,卖盘
968,10:59:44,13.25,0.01,5,6625,买盘
969,10:59:35,13.24,-0.01,11,14564,买盘
970,10:59:28,13.25,--,0,0,买盘
971,10:59:25,13.25,0.01,17,22525,买盘
972,10:59:20,13.24,--,2,2648,卖盘
973,10:59:14,13.24,0.01,9,11916,买盘
974,10:59:05,13.23,0.02,2,2646,买盘
975,10:58:59,13.21,-0.01,22,29062,卖盘
976,10:58:55,13.22,--,11,14542,买盘
977,10:58:50,13.22,--,2,2644,买盘
978,10:58:44,13.22,--,12,15864,买盘
979,10:58:35,13.22,--,11,14542,买盘
980,10:58:29,13.22,--,5,6610,买盘
981,10:58:24,13.22,--,11,14542,买盘
982,10:58:14,13.22,--,22,29084,买盘
983,10:58:10,13.22,--,3,3966,买盘
984,10:58:04,13.22,--,11,14542,买盘
985,10:57:54,13.22,--,12,15864,买盘
986,10:57:44,13.22,0.01,14,18508,买盘
987,10:57:35,13.21,0.01,4,5284,买盘
988,10:57:29,13.2,-0.01,6,7920,卖盘
989,10:57:25,13.21,--,12,15852,买盘
990,10:57:20,13.21,--,5,6605,买盘
991,10:57:14,13.21,--,11,14531,买盘
992,10:57:05,13.21,--,11,14531,买盘
993,10:56:54,13.21,0.01,12,15852,买盘
994,10:56:49,13.2,-0.01,5,6600,卖盘
995,10:56:44,13.21,0.01,11,14531,买盘
996,10:56:39,13.2,--,3,3960,买盘
997,10:56:34,13.2,0.01,11,14520,买盘
998,10:56:29,13.19,-0.01,5,6595,卖盘
999,10:56:23,13.2,--,12,15840,买盘
1000,10:56:19,13.2,--,3,3960,买盘
1001,10:56:14,13.2,--,11,14520,买盘
1002,10:56:09,13.2,--,54,71280,卖盘
1003,10:55:59,13.2,--,8,10560,卖盘
1004,10:55:55,13.2,--,60,79200,买盘
1005,10:55:44,13.2,--,26,34320,买盘
1006,10:55:39,13.2,0.02,11,14520,买盘
1007,10:55:34,13.18,--,10,13180,卖盘
1008,10:55:28,13.18,-0.02,15,19770,卖盘
1009,10:55:24,13.2,--,11,14520,买盘
1010,10:55:13,13.2,--,12,15840,买盘
1011,10:55:08,13.2,--,11,14520,买盘
1012,10:54:59,13.2,-0.01,66,87120,卖盘
1013,10:54:53,13.21,--,18,23778,买盘
1014,10:54:44,13.21,0.01,28,36988,买盘
1015,10:54:38,13.2,-0.01,21,27720,卖盘
1016,10:54:29,13.21,-0.01,2,2642,卖盘
1017,10:54:23,13.22,--,11,14542,买盘
1018,10:54:14,13.22,0.02,12,15864,买盘
1019,10:54:08,13.2,--,12,15840,卖盘
1020,10:54:04,13.2,-0.02,9,11880,卖盘
1021,10:53:59,13.22,--,0,0,买盘
1022,10:53:53,13.22,0.04,13,17186,买盘
1023,10:53:44,13.18,--,11,14498,卖盘
1024,10:53:38,13.18,-0.02,38,50084,卖盘
1025,10:53:34,13.2,--,13,17820,买盘
1026,10:53:23,13.2,--,11,14520,买盘
1027,10:53:19,13.2,-0.02,171,225720,卖盘
1028,10:53:14,13.22,--,24,31728,买盘
1029,10:53:08,13.22,--,11,14542,买盘
1030,10:53:04,13.22,-0.01,12,15864,卖盘
1031,10:52:53,13.23,--,19,25137,买盘
1032,10:52:44,13.23,--,11,14553,买盘
1033,10:52:38,13.23,--,11,14553,买盘
1034,10:52:29,13.23,--,2,2646,买盘
1035,10:52:23,13.23,--,12,15876,买盘
1036,10:52:14,13.23,0.01,11,14553,买盘
1037,10:52:08,13.22,-0.01,21,27762,卖盘
1038,10:51:59,13.23,--,10,13230,买盘
1039,10:51:53,13.23,0.01,21,27783,买盘
1040,10:51:49,13.22,-0.01,84,111048,卖盘
1041,10:51:44,13.23,--,12,15876,买盘
1042,10:51:38,13.23,--,11,14553,买盘
1043,10:51:34,13.23,-0.02,2,3823,卖盘
1044,10:51:23,13.25,0.02,11,14575,买盘
1045,10:51:14,13.23,0.01,10,13375,买盘
1046,10:51:08,13.22,--,52,68744,买盘
1047,10:51:03,13.22,0.01,10,13220,买盘
1048,10:50:59,13.21,-0.01,18,23778,卖盘
1049,10:50:53,13.22,--,12,15864,买盘
1050,10:50:43,13.22,0.01,11,14542,买盘
1051,10:50:38,13.21,--,19,25099,买盘
1052,10:50:29,13.21,--,5,6605,买盘
1053,10:50:23,13.21,0.01,12,15852,买盘
1054,10:50:18,13.2,-0.01,8,10560,卖盘
1055,10:50:13,13.21,0.01,38,50198,买盘
1056,10:50:03,13.2,--,10,13200,卖盘
1057,10:49:58,13.2,0.01,47,62040,买盘
1058,10:49:53,13.19,-0.01,28,36932,中性盘
1059,10:49:49,13.2,--,29,38280,买盘
1060,10:49:43,13.2,0.01,183,241560,买盘
1061,10:49:38,13.19,--,26,34294,卖盘
1062,10:49:33,13.19,-0.01,7,9233,卖盘
1063,10:49:29,13.2,--,16,21120,买盘
1064,10:49:23,13.2,--,83,109560,买盘
1065,10:49:13,13.2,--,142,187440,买盘
1066,10:49:08,13.2,0.01,37,48840,买盘
1067,10:49:03,13.19,-0.01,57,75183,卖盘
1068,10:48:58,13.2,-0.01,84,110880,卖盘
1069,10:48:53,13.21,--,63,83223,买盘
1070,10:48:43,13.21,--,14,18494,买盘
1071,10:48:38,13.21,--,40,52840,卖盘
1072,10:48:28,13.21,-0.01,29,38309,卖盘
1073,10:48:23,13.22,-0.01,69,91218,卖盘
1074,10:48:18,13.23,--,16,21168,买盘
1075,10:48:07,13.23,--,11,14553,买盘
1076,10:48:03,13.23,--,3,3969,买盘
1077,10:47:58,13.23,--,12,15876,买盘
1078,10:47:53,13.23,--,1,1323,卖盘
1079,10:47:47,13.23,--,18,23814,买盘
1080,10:47:38,13.23,0.01,11,14553,买盘
1081,10:47:32,13.22,0.01,13,17186,卖盘
1082,10:47:28,13.21,--,36,47556,买盘
1083,10:47:22,13.21,-0.02,204,269484,卖盘
1084,10:47:17,13.23,--,12,15876,买盘
1085,10:47:08,13.23,--,11,14553,买盘
1086,10:47:02,13.23,-0.02,39,51597,卖盘
1087,10:46:53,13.25,--,12,15900,买盘
1088,10:46:47,13.25,0.02,11,14575,中性盘
1089,10:46:43,13.23,-0.03,1,1323,卖盘
1090,10:46:38,13.26,-0.01,21,27846,买盘
1091,10:46:28,13.27,--,12,15924,买盘
1092,10:46:23,13.27,--,0,0,买盘
1093,10:46:17,13.27,0.01,11,14597,买盘
1094,10:46:08,13.26,--,11,14586,买盘
1095,10:45:58,13.26,--,12,15912,买盘
1096,10:45:53,13.26,--,0,0,买盘
1097,10:45:47,13.26,0.06,11,14586,买盘
1098,10:45:42,13.2,--,5,6600,卖盘
1099,10:45:38,13.2,--,6,7920,买盘
1100,10:45:32,13.2,--,69,91080,买盘
1101,10:45:28,13.2,0.01,22,29040,买盘
1102,10:45:17,13.19,--,29,38251,卖盘
1103,10:45:13,13.19,-0.01,12,15828,卖盘
1104,10:45:08,13.2,0.01,31,40920,买盘
1105,10:45:02,13.19,-0.01,29,38251,卖盘
1106,10:44:58,13.2,0.01,24,31680,买盘
1107,10:44:52,13.19,--,10,13190,卖盘
1108,10:44:47,13.19,-0.01,159,209721,卖盘
1109,10:44:43,13.2,--,114,150480,买盘
1110,10:44:38,13.2,--,41,54120,买盘
1111,10:44:32,13.2,--,19,25080,买盘
1112,10:44:27,13.2,--,11,14520,买盘
1113,10:44:23,13.2,--,19,25080,买盘
1114,10:44:17,13.2,-0.07,516,681120,卖盘
1115,10:44:08,13.27,-0.01,11,14597,买盘
1116,10:44:02,13.28,--,2,3837,卖盘
1117,10:43:58,13.28,0.03,8,10770,买盘
1118,10:43:53,13.25,-0.01,66,87450,卖盘
1119,10:43:47,13.26,0.01,17,22542,卖盘
1120,10:43:37,13.25,--,0,0,卖盘
1121,10:43:31,13.25,-0.03,6,7950,卖盘
1122,10:43:28,13.28,0.02,11,14608,买盘
1123,10:43:17,13.26,--,39,51714,卖盘
1124,10:43:13,13.26,0.01,10,13260,卖盘
1125,10:43:07,13.25,--,12,15900,卖盘
1126,10:43:02,13.25,-0.01,67,88775,卖盘
1127,10:42:52,13.26,--,26,34476,买盘
1128,10:42:46,13.26,--,22,29172,买盘
1129,10:42:42,13.26,--,1,1326,买盘
1130,10:42:37,13.26,--,11,14586,买盘
1131,10:42:32,13.26,-0.02,26,34476,卖盘
1132,10:42:27,13.28,--,11,14608,买盘
1133,10:42:17,13.28,0.02,12,15936,买盘
1134,10:42:13,13.26,-0.02,41,54366,卖盘
1135,10:42:07,13.28,--,11,14608,买盘
1136,10:41:56,13.28,-0.01,67,88976,买盘
1137,10:41:52,13.29,--,5,6645,买盘
1138,10:41:47,13.29,--,12,15947,买盘
1139,10:41:37,13.29,--,11,14618,买盘
1140,10:41:27,13.29,--,12,15947,买盘
1141,10:41:16,13.29,0.02,12,15947,买盘
1142,10:41:11,13.27,-0.02,6,7962,卖盘
1143,10:41:07,13.29,--,11,14618,买盘
1144,10:41:02,13.29,--,6,7973,买盘
1145,10:40:57,13.29,0.01,11,14618,买盘
1146,10:40:52,13.28,-0.01,156,207168,卖盘
1147,10:40:47,13.29,-0.01,22,29237,卖盘
1148,10:40:37,13.3,--,11,14630,买盘
1149,10:40:32,13.3,--,0,0,买盘
1150,10:40:26,13.3,0.01,12,15960,买盘
1151,10:40:22,13.29,-0.01,7,9303,卖盘
1152,10:40:17,13.3,0.02,14,18620,买盘
1153,10:40:11,13.28,-0.02,1,1328,卖盘
1154,10:40:07,13.3,0.01,11,14630,买盘
1155,10:39:56,13.29,--,12,15947,买盘
1156,10:39:47,13.29,--,11,14618,买盘
1157,10:39:41,13.29,--,11,14618,买盘
1158,10:39:37,13.29,--,11,14618,买盘
1159,10:39:32,13.29,-0.01,13,17277,卖盘
1160,10:39:26,13.3,--,11,14630,买盘
1161,10:39:17,13.3,--,12,15960,买盘
1162,10:39:11,13.3,--,7,9310,买盘
1163,10:39:07,13.3,--,11,14630,买盘
1164,10:38:56,13.3,--,11,14630,买盘
1165,10:38:47,13.3,0.01,12,15960,买盘
1166,10:38:36,13.29,--,41,54489,卖盘
1167,10:38:32,13.29,-0.01,1,1329,卖盘
1168,10:38:26,13.3,0.01,12,15960,买盘
1169,10:38:11,13.29,--,22,29237,买盘
1170,10:38:07,13.29,--,11,14618,买盘
1171,10:37:56,13.29,--,11,14618,买盘
1172,10:37:46,13.29,--,42,55818,买盘
1173,10:37:41,13.29,-0.02,317,421293,卖盘
1174,10:37:37,13.31,--,11,14641,买盘
1175,10:37:26,13.31,-0.01,11,14641,中性盘
1176,10:37:17,13.32,0.01,42,55944,买盘
1177,10:37:10,13.31,-0.01,16,21296,卖盘
1178,10:37:07,13.32,0.01,11,14652,买盘
1179,10:37:01,13.31,-0.01,2,2662,卖盘
1180,10:36:56,13.32,--,12,15984,买盘
1181,10:36:47,13.32,--,102,135864,卖盘
1182,10:36:41,13.32,--,5,6660,卖盘
1183,10:36:37,13.32,-0.01,19,25308,卖盘
1184,10:36:32,13.33,--,10,13330,买盘
1185,10:36:26,13.33,--,14,18662,买盘
1186,10:36:16,13.33,0.01,52,69316,买盘
1187,10:36:11,13.32,-0.01,1,1332,卖盘
1188,10:36:07,13.33,0.01,11,14663,买盘
1189,10:36:01,13.32,--,40,53280,中性盘
1190,10:35:56,13.32,--,26,34632,买盘
1191,10:35:46,13.32,0.01,27,35964,买盘
1192,10:35:41,13.31,--,23,30613,卖盘
1193,10:35:37,13.31,-0.01,19,25289,卖盘
1194,10:35:31,13.32,--,37,49284,买盘
1195,10:35:26,13.32,--,12,15984,买盘
1196,10:35:16,13.32,--,11,14652,买盘
1197,10:35:11,13.32,-0.01,6,7992,卖盘
1198,10:35:07,13.33,0.01,11,14663,买盘
1199,10:35:01,13.32,--,1,1332,卖盘
1200,10:34:55,13.32,--,26,34632,买盘
1201,10:34:52,13.32,-0.01,4,5328,卖盘
1202,10:34:46,13.33,0.01,49,65317,买盘
1203,10:34:41,13.32,--,44,58608,卖盘
1204,10:34:37,13.32,--,106,141192,买盘
1205,10:34:26,13.32,0.01,21,27972,买盘
1206,10:34:16,13.31,--,26,34606,买盘
1207,10:34:06,13.31,--,12,15972,卖盘
1208,10:34:01,13.31,--,15,19965,卖盘
1209,10:33:56,13.31,0.01,17,22627,买盘
1210,10:33:51,13.3,-0.01,1,1330,卖盘
1211,10:33:46,13.31,--,12,15972,买盘
1212,10:33:41,13.31,--,98,130438,买盘
1213,10:33:35,13.31,--,11,14641,买盘
1214,10:33:31,13.31,--,51,67881,买盘
1215,10:33:26,13.31,--,27,35937,买盘
1216,10:33:16,13.31,--,56,74536,买盘
1217,10:33:10,13.31,--,39,51909,买盘
1218,10:33:04,13.31,0.01,11,14641,买盘
1219,10:33:01,13.3,-0.01,12,15960,卖盘
1220,10:32:56,13.31,0.01,21,27951,买盘
1221,10:32:50,13.3,-0.01,1,1330,卖盘
1222,10:32:46,13.31,--,16,21296,买盘
1223,10:32:41,13.31,-0.01,4,5324,卖盘
1224,10:32:35,13.32,--,11,14652,买盘
1225,10:32:26,13.32,0.01,21,27972,买盘
1226,10:32:20,13.31,--,40,53240,卖盘
1227,10:32:16,13.31,--,4,5324,卖盘
1228,10:32:11,13.31,--,77,102487,买盘
1229,10:32:05,13.31,0.03,11,14641,买盘
1230,10:31:56,13.28,-0.03,113,150064,卖盘
1231,10:31:46,13.31,0.02,11,14641,买盘
1232,10:31:41,13.29,-0.01,1,1329,卖盘
1233,10:31:35,13.3,--,17,22610,买盘
1234,10:31:31,13.3,--,13,17290,卖盘
1235,10:31:26,13.3,--,50,66500,卖盘
1236,10:31:19,13.3,-0.01,5,6650,卖盘
1237,10:31:16,13.31,0.01,12,15972,买盘
1238,10:31:11,13.3,0.01,13,17290,买盘
1239,10:31:05,13.29,--,6,7973,买盘
1240,10:31:01,13.29,-0.01,3,3986,卖盘
1241,10:30:55,13.3,--,11,14630,买盘
1242,10:30:45,13.3,0.01,12,15960,买盘
1243,10:30:41,13.29,--,5,6645,卖盘
1244,10:30:35,13.29,-0.01,3,3986,买盘
1245,10:30:26,13.3,--,11,14630,买盘
1246,10:30:20,13.3,--,7,9310,买盘
1247,10:30:16,13.3,--,21,27930,买盘
1248,10:30:11,13.3,--,10,13300,买盘
1249,10:30:05,13.3,0.02,11,14630,买盘
1250,10:30:01,13.28,-0.02,20,26560,卖盘
1251,10:29:56,13.3,-0.01,32,42560,卖盘
1252,10:29:50,13.31,-0.01,1,1331,中性盘
1253,10:29:46,13.32,0.02,12,15984,买盘
1254,10:29:41,13.3,-0.01,4,5320,卖盘
1255,10:29:35,13.31,--,3,3993,卖盘
1256,10:29:31,13.31,--,0,0,中性盘
1257,10:29:25,13.31,--,11,14641,买盘
1258,10:29:20,13.31,0.01,14,18634,买盘
1259,10:29:16,13.3,-0.01,13,17290,卖盘
1260,10:29:10,13.31,0.01,24,31944,买盘
1261,10:29:05,13.3,--,10,13300,买盘
1262,10:29:00,13.3,0.01,30,39900,买盘
1263,10:28:55,13.29,--,11,14618,买盘
1264,10:28:50,13.29,--,27,35883,买盘
1265,10:28:46,13.29,-0.04,72,95688,卖盘
1266,10:28:40,13.33,0.02,75,99975,买盘
1267,10:28:35,13.31,--,11,14641,买盘
1268,10:28:31,13.31,--,25,33275,买盘
1269,10:28:25,13.31,--,50,66550,卖盘
1270,10:28:20,13.31,-0.01,95,126445,卖盘
1271,10:28:15,13.32,--,8,10656,买盘
1272,10:28:10,13.32,0.01,30,39960,买盘
1273,10:28:05,13.31,-0.01,1,1331,买盘
1274,10:28:00,13.32,0.01,25,33300,买盘
1275,10:27:55,13.31,-0.01,16,21296,买盘
1276,10:27:50,13.32,--,75,99900,买盘
1277,10:27:45,13.32,--,17,22644,买盘
1278,10:27:40,13.32,--,45,59940,卖盘
1279,10:27:35,13.32,--,9,11988,买盘
1280,10:27:30,13.32,--,26,34632,买盘
1281,10:27:25,13.32,--,11,14652,买盘
1282,10:27:20,13.32,--,36,47952,卖盘
1283,10:27:15,13.32,--,4,5328,买盘
1284,10:27:10,13.32,--,25,33300,买盘
1285,10:27:05,13.32,--,23,30636,买盘
1286,10:27:00,13.32,0.01,26,34632,买盘
1287,10:26:55,13.31,0.01,17,22627,买盘
1288,10:26:50,13.3,-0.02,27,35910,卖盘
1289,10:26:43,13.32,--,35,46620,买盘
1290,10:26:40,13.32,--,32,42624,买盘
1291,10:26:35,13.32,--,11,14652,买盘
1292,10:26:28,13.32,0.01,25,33300,买盘
1293,10:26:25,13.31,--,11,14641,买盘
1294,10:26:19,13.31,-0.02,351,467181,卖盘
1295,10:26:13,13.33,0.01,12,15996,买盘
1296,10:26:10,13.32,--,28,37296,卖盘
1297,10:26:05,13.32,-0.01,14,18648,中性盘
1298,10:25:58,13.33,0.02,39,51987,买盘
1299,10:25:55,13.31,-0.02,17,22627,卖盘
1300,10:25:50,13.33,0.01,75,99975,买盘
1301,10:25:44,13.32,0.01,12,15984,买盘
1302,10:25:40,13.31,-0.01,46,61226,卖盘
1303,10:25:35,13.32,0.01,15,19980,买盘
1304,10:25:29,13.31,-0.01,58,77198,卖盘
1305,10:25:25,13.32,--,39,51948,买盘
1306,10:25:19,13.32,--,25,33300,买盘
1307,10:25:13,13.32,--,0,0,买盘
1308,10:25:10,13.32,0.01,32,42624,买盘
1309,10:25:05,13.31,-0.01,11,14641,中性盘
1310,10:24:59,13.32,--,25,33300,买盘
1311,10:24:55,13.32,--,28,37296,买盘
1312,10:24:49,13.32,--,60,79920,买盘
1313,10:24:43,13.32,0.01,11,14652,买盘
1314,10:24:40,13.31,--,2,2662,卖盘
1315,10:24:35,13.31,--,28,37268,卖盘
1316,10:24:28,13.31,--,21,27951,买盘
1317,10:24:20,13.31,0.01,28,37268,买盘
1318,10:24:14,13.3,--,8,10640,买盘
1319,10:24:10,13.3,0.01,25,33250,买盘
1320,10:24:04,13.29,--,16,21264,买盘
1321,10:23:59,13.29,--,37,49173,买盘
1322,10:23:54,13.29,-0.01,1,1329,卖盘
1323,10:23:50,13.3,--,65,86450,买盘
1324,10:23:43,13.3,--,63,83790,买盘
1325,10:23:39,13.3,--,25,33250,买盘
1326,10:23:35,13.3,--,11,14630,买盘
1327,10:23:28,13.3,--,51,67830,卖盘
1328,10:23:20,13.3,--,42,55860,买盘
1329,10:23:13,13.3,--,36,47880,买盘
1330,10:23:09,13.3,--,35,46550,买盘
1331,10:23:04,13.3,-0.02,37,49210,卖盘
1332,10:22:58,13.32,0.01,189,251748,买盘
1333,10:22:49,13.31,-0.01,31,41261,卖盘
1334,10:22:44,13.32,--,12,15984,买盘
1335,10:22:39,13.32,--,28,37296,买盘
1336,10:22:35,13.32,--,80,106560,买盘
1337,10:22:28,13.32,0.01,36,47952,买盘
1338,10:22:20,13.31,-0.02,30,39930,卖盘
1339,10:22:13,13.33,--,14,18662,买盘
1340,10:22:09,13.33,--,73,98628,买盘
1341,10:22:04,13.33,--,11,14663,买盘
1342,10:21:59,13.33,0.01,30,39990,买盘
1343,10:21:55,13.32,0.01,178,237109,买盘
1344,10:21:49,13.31,-0.01,37,49247,卖盘
1345,10:21:44,13.32,0.01,27,35964,买盘
1346,10:21:34,13.31,-0.01,6,7986,买盘
1347,10:21:29,13.32,0.01,64,85248,买盘
1348,10:21:19,13.31,0.01,41,54571,买盘
1349,10:21:13,13.3,--,21,27930,买盘
1350,10:21:09,13.3,--,25,33250,买盘
1351,10:21:04,13.3,--,12,15960,买盘
1352,10:20:58,13.3,--,25,33250,买盘
1353,10:20:49,13.3,0.01,41,54530,买盘
1354,10:20:44,13.29,-0.01,32,42528,卖盘
1355,10:20:40,13.3,--,25,33250,买盘
1356,10:20:34,13.3,--,17,22610,买盘
1357,10:20:28,13.3,--,97,129010,买盘
1358,10:20:19,13.3,--,25,33250,买盘
1359,10:20:13,13.3,--,28,37240,买盘
1360,10:20:09,13.3,--,25,33250,买盘
1361,10:20:04,13.3,--,11,14630,买盘
1362,10:19:59,13.3,--,36,47880,买盘
1363,10:19:49,13.3,--,33,43890,买盘
1364,10:19:43,13.3,--,12,15960,买盘
1365,10:19:39,13.3,--,25,33250,买盘
1366,10:19:34,13.3,--,11,14630,买盘
1367,10:19:28,13.3,0.02,37,49210,买盘
1368,10:19:19,13.28,-0.01,97,128816,卖盘
1369,10:19:14,13.29,--,12,15947,买盘
1370,10:19:08,13.29,--,90,119609,买盘
1371,10:19:04,13.29,0.01,28,37212,买盘
1372,10:18:59,13.28,-0.01,186,247008,卖盘
1373,10:18:54,13.29,--,20,26580,买盘
1374,10:18:49,13.29,--,32,42528,买盘
1375,10:18:44,13.29,--,20,26580,买盘
1376,10:18:38,13.29,--,25,33225,买盘
1377,10:18:34,13.29,--,12,15947,买盘
1378,10:18:29,13.29,0.01,36,47844,买盘
1379,10:18:23,13.28,-0.02,2,2656,卖盘
1380,10:18:19,13.3,--,160,212800,买盘
1381,10:18:14,13.3,--,12,15960,买盘
1382,10:18:08,13.3,--,46,61180,买盘
1383,10:18:04,13.3,0.01,14,18620,买盘
1384,10:17:59,13.29,--,26,34554,卖盘
1385,10:17:49,13.29,--,30,39870,买盘
1386,10:17:44,13.29,--,18,23922,买盘
1387,10:17:38,13.29,0.02,25,33225,买盘
1388,10:17:34,13.27,-0.02,31,41137,卖盘
1389,10:17:28,13.29,0.02,30,39870,买盘
1390,10:17:19,13.27,-0.01,28,37156,中性盘
1391,10:17:14,13.28,-0.01,12,15936,中性盘
1392,10:17:08,13.29,--,25,33225,买盘
1393,10:17:04,13.29,0.03,16,21264,买盘
1394,10:16:59,13.26,--,42,55692,卖盘
1395,10:16:53,13.26,-0.01,13,17238,卖盘
1396,10:16:49,13.27,-0.02,28,37156,中性盘
1397,10:16:44,13.29,0.03,65,86385,买盘
1398,10:16:38,13.26,-0.02,62,82212,卖盘
1399,10:16:33,13.28,0.01,26,34528,买盘
1400,10:16:29,13.27,-0.02,49,65023,买盘
1401,10:16:23,13.29,0.02,25,33225,买盘
1402,10:16:14,13.27,-0.02,49,65023,卖盘
1403,10:16:08,13.29,0.01,89,118280,买盘
1404,10:16:03,13.28,-0.01,4,5312,卖盘
1405,10:15:58,13.29,0.01,31,41199,买盘
1406,10:15:53,13.28,0.01,42,55776,买盘
1407,10:15:48,13.27,-0.01,30,39810,卖盘
1408,10:15:44,13.28,--,12,15936,买盘
1409,10:15:38,13.28,--,41,54448,卖盘
1410,10:15:33,13.28,-0.02,1,1328,卖盘
1411,10:15:29,13.3,0.01,39,51870,买盘
1412,10:15:22,13.29,0.01,36,47844,中性盘
1413,10:15:18,13.28,-0.02,107,142096,卖盘
1414,10:15:14,13.3,0.01,23,30590,买盘
1415,10:15:07,13.29,-0.01,116,154164,卖盘
1416,10:15:03,13.3,0.01,2,2660,买盘
1417,10:14:59,13.29,--,76,101004,卖盘
1418,10:14:52,13.29,-0.01,28,37212,卖盘
1419,10:14:43,13.3,--,24,31920,买盘
1420,10:14:38,13.3,--,80,106400,卖盘
1421,10:14:33,13.3,--,3,3990,卖盘
1422,10:14:28,13.3,-0.02,104,138320,卖盘
1423,10:14:23,13.32,--,25,33300,买盘
1424,10:14:13,13.32,--,13,17316,买盘
1425,10:14:07,13.32,0.01,69,91908,买盘
1426,10:14:03,13.31,-0.01,58,77198,卖盘
1427,10:13:58,13.32,--,38,50616,买盘
1428,10:13:53,13.32,0.01,25,33300,买盘
1429,10:13:48,13.31,--,10,13310,买盘
1430,10:13:43,13.31,-0.01,59,78529,卖盘
1431,10:13:38,13.32,0.01,96,127872,买盘
1432,10:13:33,13.31,-0.01,10,13310,卖盘
1433,10:13:28,13.32,--,37,49284,买盘
1434,10:13:23,13.32,--,15,19980,买盘
1435,10:13:18,13.32,--,10,13320,买盘
1436,10:13:13,13.32,--,12,15984,买盘
1437,10:13:08,13.32,0.02,37,49284,买盘
1438,10:12:58,13.3,-0.01,67,89110,卖盘
1439,10:12:52,13.31,--,30,39930,买盘
1440,10:12:48,13.31,--,100,133100,买盘
1441,10:12:43,13.31,--,61,81191,卖盘
1442,10:12:38,13.31,-0.01,48,63888,卖盘
1443,10:12:28,13.32,0.02,25,33300,买盘
1444,10:12:23,13.3,--,39,51870,卖盘
1445,10:12:18,13.3,-0.01,1,1330,卖盘
1446,10:12:13,13.31,--,15,19965,买盘
1447,10:12:08,13.31,0.01,26,34606,买盘
1448,10:12:03,13.3,0.01,80,106400,买盘
1449,10:11:58,13.29,--,55,73095,卖盘
1450,10:11:52,13.29,-0.01,1,1329,卖盘
1451,10:11:48,13.3,--,71,94430,买盘
1452,10:11:43,13.3,--,28,37240,买盘
1453,10:11:37,13.3,-0.02,35,46550,卖盘
1454,10:11:33,13.32,0.02,12,15984,买盘
1455,10:11:28,13.3,0.01,63,83790,买盘
1456,10:11:23,13.29,-0.01,10,13290,卖盘
1457,10:11:18,13.3,--,25,33250,买盘
1458,10:11:13,13.3,--,25,33250,买盘
1459,10:11:08,13.3,0.01,46,61180,买盘
1460,10:10:58,13.29,-0.01,66,87714,卖盘
1461,10:10:52,13.3,-0.02,6,7980,中性盘
1462,10:10:46,13.32,0.02,25,33300,买盘
1463,10:10:43,13.3,--,12,15960,买盘
1464,10:10:38,13.3,--,47,62510,买盘
1465,10:10:27,13.3,-0.01,47,63826,卖盘
1466,10:10:17,13.31,0.01,27,35937,买盘
1467,10:10:13,13.3,--,21,27943,买盘
1468,10:10:08,13.3,--,48,65156,卖盘
1469,10:09:58,13.3,--,53,70490,卖盘
1470,10:09:53,13.3,-0.03,1,1330,卖盘
1471,10:09:47,13.33,0.01,29,38657,买盘
1472,10:09:43,13.32,-0.01,44,58608,买盘
1473,10:09:38,13.33,0.03,42,55986,买盘
1474,10:09:31,13.3,-0.03,4,5320,卖盘
1475,10:09:28,13.33,--,59,78647,买盘
1476,10:09:23,13.33,-0.01,2,2666,中性盘
1477,10:09:17,13.34,0.01,30,40020,买盘
1478,10:09:13,13.33,--,34,45335,买盘
1479,10:09:08,13.33,-0.01,70,93310,卖盘
1480,10:09:02,13.34,0.01,23,30682,买盘
1481,10:08:57,13.33,--,36,47988,买盘
1482,10:08:47,13.33,-0.01,204,271932,卖盘
1483,10:08:37,13.34,-0.01,15,20010,卖盘
1484,10:08:32,13.35,0.02,44,58740,买盘
1485,10:08:27,13.33,--,11,14663,买盘
1486,10:08:23,13.33,-0.01,0,1319,卖盘
1487,10:08:17,13.34,0.01,75,100050,买盘
1488,10:08:12,13.33,--,7,9331,卖盘
1489,10:08:08,13.33,0.03,15,20008,买盘
1490,10:08:02,13.3,-0.02,76,101080,卖盘
1491,10:07:57,13.32,0.02,11,14652,买盘
1492,10:07:53,13.3,--,28,37240,卖盘
1493,10:07:47,13.3,--,9,11970,买盘
1494,10:07:37,13.3,0.02,46,61180,买盘
1495,10:07:32,13.28,-0.04,45,59760,卖盘
1496,10:07:27,13.32,0.03,11,14652,买盘
1497,10:07:22,13.29,-0.01,35,46515,卖盘
1498,10:07:17,13.3,-0.02,86,114380,卖盘
1499,10:07:12,13.32,--,47,62604,买盘
1500,10:07:07,13.32,--,36,47952,买盘
1501,10:07:02,13.32,--,75,99900,卖盘
1502,10:06:57,13.32,-0.01,66,87912,卖盘
1503,10:06:52,13.33,--,2,2666,买盘
1504,10:06:46,13.33,--,57,75981,买盘
1505,10:06:37,13.33,0.01,36,47988,买盘
1506,10:06:32,13.32,-0.01,40,53280,卖盘
1507,10:06:27,13.33,--,25,33325,买盘
1508,10:06:22,13.33,-0.01,4,5332,卖盘
1509,10:06:17,13.34,--,53,70702,买盘
1510,10:06:07,13.34,0.02,38,50692,中性盘
1511,10:06:01,13.32,-0.02,185,246420,卖盘
1512,10:05:57,13.34,-0.01,49,65366,卖盘
1513,10:05:52,13.35,--,1,1335,买盘
1514,10:05:46,13.35,--,40,53400,买盘
1515,10:05:37,13.35,0.01,37,49395,买盘
1516,10:05:31,13.34,-0.02,47,62698,卖盘
1517,10:05:27,13.36,--,11,14696,买盘
1518,10:05:16,13.36,0.02,42,56112,买盘
1519,10:05:12,13.34,--,5,6670,卖盘
1520,10:05:07,13.34,--,48,64032,卖盘
1521,10:05:01,13.34,-0.01,80,106720,卖盘
1522,10:04:57,13.35,0.01,56,74760,买盘
1523,10:04:52,13.34,-0.02,22,29348,卖盘
1524,10:04:46,13.36,--,47,62792,买盘
1525,10:04:37,13.36,0.01,36,48096,买盘
1526,10:04:32,13.35,--,146,194910,卖盘
1527,10:04:27,13.35,--,17,22695,卖盘
1528,10:04:22,13.35,-0.01,25,33375,卖盘
1529,10:04:17,13.36,0.01,149,199064,买盘
1530,10:04:12,13.35,-0.01,10,13350,卖盘
1531,10:04:06,13.36,0.01,74,98864,买盘
1532,10:04:02,13.35,-0.01,29,38715,卖盘
1533,10:03:57,13.36,-0.02,22,29392,卖盘
1534,10:03:51,13.38,0.01,204,272952,买盘
1535,10:03:46,13.37,--,52,69524,买盘
1536,10:03:42,13.37,--,69,92253,卖盘
1537,10:03:37,13.37,--,116,155092,卖盘
1538,10:03:31,13.37,-0.01,50,66850,卖盘
1539,10:03:26,13.38,--,23,30774,买盘
1540,10:03:22,13.38,--,6,8028,买盘
1541,10:03:17,13.38,0.01,55,73590,买盘
1542,10:03:11,13.37,--,3,4010,买盘
1543,10:03:06,13.37,-0.01,58,77546,卖盘
1544,10:03:02,13.38,0.01,215,287670,买盘
1545,10:02:56,13.37,0.01,22,29414,买盘
1546,10:02:52,13.36,-0.01,23,30728,中性盘
1547,10:02:47,13.37,0.02,55,73535,买盘
1548,10:02:40,13.35,--,55,73425,卖盘
1549,10:02:36,13.35,--,26,34710,卖盘
1550,10:02:32,13.35,--,60,80233,买盘
1551,10:02:25,13.35,--,38,50730,买盘
1552,10:02:22,13.35,--,122,162870,买盘
1553,10:02:16,13.35,--,25,33375,买盘
1554,10:02:11,13.35,0.01,509,679515,买盘
1555,10:02:06,13.34,0.01,129,172086,买盘
1556,10:02:02,13.33,-0.01,18,23994,中性盘
1557,10:01:56,13.34,0.01,243,324162,买盘
1558,10:01:52,13.33,--,15,19995,买盘
1559,10:01:46,13.33,--,55,73315,买盘
1560,10:01:41,13.33,--,30,39990,买盘
1561,10:01:36,13.33,0.02,48,63984,买盘
1562,10:01:32,13.31,-0.02,10,13310,卖盘
1563,10:01:25,13.33,0.02,25,33325,买盘
1564,10:01:21,13.31,0.01,11,14641,卖盘
1565,10:01:17,13.3,-0.03,6,7980,中性盘
1566,10:01:10,13.33,0.03,973,1297009,买盘
1567,10:01:01,13.3,--,18,23940,中性盘
1568,10:00:55,13.3,-0.01,63,83790,卖盘
1569,10:00:46,13.31,0.01,52,69212,买盘
1570,10:00:41,13.3,--,32,42560,卖盘
1571,10:00:31,13.3,-0.01,55,73150,卖盘
1572,10:00:25,13.31,0.01,331,440561,买盘
1573,10:00:21,13.3,--,15,19950,买盘
1574,10:00:16,13.3,--,28,37240,买盘
1575,10:00:11,13.3,0.02,26,34580,买盘
1576,10:00:01,13.28,-0.02,1,1328,卖盘
1577,09:59:56,13.3,--,25,33250,买盘
1578,09:59:46,13.3,--,58,77140,买盘
1579,09:59:41,13.3,0.02,25,33250,买盘
1580,09:59:36,13.28,-0.01,5,6640,卖盘
1581,09:59:31,13.29,--,61,81069,买盘
1582,09:59:26,13.29,--,56,74424,买盘
1583,09:59:21,13.29,--,11,14618,买盘
1584,09:59:16,13.29,--,25,33225,买盘
1585,09:59:10,13.29,--,36,47844,买盘
1586,09:59:06,13.29,--,1,1329,买盘
1587,09:59:01,13.29,--,17,22593,买盘
1588,09:58:55,13.29,-0.01,30,39870,卖盘
1589,09:58:46,13.3,--,25,33250,买盘
1590,09:58:41,13.3,0.01,132,175560,买盘
1591,09:58:36,13.29,-0.01,22,29237,卖盘
1592,09:58:31,13.3,--,72,95760,买盘
1593,09:58:25,13.3,-0.01,29,38570,买盘
1594,09:58:21,13.31,0.01,239,318109,买盘
1595,09:58:16,13.3,--,257,341810,卖盘
1596,09:58:11,13.3,--,190,252700,卖盘
1597,09:58:01,13.3,-0.01,74,98420,卖盘
1598,09:57:56,13.31,0.01,56,74536,买盘
1599,09:57:46,13.3,--,42,55860,卖盘
1600,09:57:41,13.3,--,67,89110,卖盘
1601,09:57:31,13.3,-0.01,46,61180,卖盘
1602,09:57:25,13.31,0.01,47,62557,买盘
1603,09:57:21,13.3,-0.01,6,7980,卖盘
1604,09:57:15,13.31,0.01,44,58564,买盘
1605,09:57:10,13.3,--,13,17290,买盘
1606,09:57:06,13.3,0.01,499,663670,买盘
1607,09:57:00,13.29,--,40,53160,买盘
1608,09:56:55,13.29,-0.01,55,73095,卖盘
1609,09:56:51,13.3,--,282,375060,卖盘
1610,09:56:45,13.3,-0.01,356,473480,卖盘
1611,09:56:40,13.31,0.01,44,58564,买盘
1612,09:56:36,13.3,--,16,21280,卖盘
1613,09:56:30,13.3,-0.01,53,70490,卖盘
1614,09:56:25,13.31,0.01,100,133100,买盘
1615,09:56:21,13.3,-0.02,162,215460,卖盘
1616,09:56:16,13.32,0.02,111,147852,买盘
1617,09:56:10,13.3,--,29,38570,卖盘
1618,09:56:06,13.3,0.04,400,532000,买盘
1619,09:55:56,13.26,0.02,46,60996,买盘
1620,09:55:45,13.24,--,29,38396,买盘
1621,09:55:40,13.24,--,58,76792,买盘
1622,09:55:34,13.24,--,4,5296,买盘
1623,09:55:30,13.24,--,35,46340,买盘
1624,09:55:25,13.24,--,30,39720,买盘
1625,09:55:19,13.24,--,2,2648,买盘
1626,09:55:15,13.24,-0.02,27,35748,中性盘
1627,09:55:11,13.26,0.02,37,49062,买盘
1628,09:55:01,13.24,-0.01,5,6620,卖盘
1629,09:54:55,13.25,0.01,69,91425,买盘
1630,09:54:50,13.24,--,12,15888,买盘
1631,09:54:45,13.24,--,25,33100,买盘
1632,09:54:41,13.24,--,51,67524,买盘
1633,09:54:34,13.24,-0.06,18,23832,卖盘
1634,09:54:30,13.3,0.05,1000,1330000,买盘
1635,09:54:25,13.25,--,25,33125,买盘
1636,09:54:19,13.25,--,0,0,买盘
1637,09:54:16,13.25,0.01,35,46375,买盘
1638,09:54:10,13.24,0.01,26,34424,买盘
1639,09:54:05,13.23,0.02,8,10584,买盘
1640,09:54:00,13.21,-0.03,399,527079,卖盘
1641,09:53:55,13.24,--,25,33100,买盘
1642,09:53:49,13.24,0.01,10,13240,买盘
1643,09:53:45,13.23,--,67,88641,卖盘
1644,09:53:40,13.23,-0.02,26,34398,卖盘
1645,09:53:34,13.25,--,10,13250,买盘
1646,09:53:30,13.25,--,0,0,买盘
1647,09:53:25,13.25,0.01,27,35775,买盘
1648,09:53:19,13.24,-0.01,73,96652,卖盘
1649,09:53:10,13.25,-0.01,127,168275,中性盘
1650,09:53:04,13.26,--,35,46410,买盘
1651,09:52:55,13.26,--,25,33150,买盘
1652,09:52:49,13.26,--,191,253266,卖盘
1653,09:52:45,13.26,--,11,14586,卖盘
1654,09:52:40,13.26,--,82,108732,卖盘
1655,09:52:34,13.26,--,41,54366,卖盘
1656,09:52:30,13.26,-0.01,3,3978,卖盘
1657,09:52:25,13.27,--,40,53080,买盘
1658,09:52:19,13.27,--,40,53080,买盘
1659,09:52:15,13.27,--,50,66350,买盘
1660,09:52:10,13.27,--,35,46445,买盘
1661,09:52:04,13.27,--,364,483028,卖盘
1662,09:52:00,13.27,--,10,13270,卖盘
1663,09:51:55,13.27,--,12,15924,卖盘
1664,09:51:49,13.27,--,201,266727,买盘
1665,09:51:40,13.27,--,25,33175,买盘
1666,09:51:34,13.27,0.03,30,39810,买盘
1667,09:51:30,13.24,-0.03,4,5296,卖盘
1668,09:51:25,13.27,--,38,50426,买盘
1669,09:51:19,13.27,--,25,33175,买盘
1670,09:51:15,13.27,--,10,13270,买盘
1671,09:51:10,13.27,0.01,67,88909,买盘
1672,09:51:05,13.26,-0.02,30,39780,中性盘
1673,09:50:55,13.28,0.02,45,59760,买盘
1674,09:50:50,13.26,-0.02,52,68952,卖盘
1675,09:50:39,13.28,-0.01,25,33200,卖盘
1676,09:50:34,13.29,--,23,30566,买盘
1677,09:50:30,13.29,--,20,26580,买盘
1678,09:50:25,13.29,-0.01,44,58475,卖盘
1679,09:50:19,13.3,0.01,96,127680,买盘
1680,09:50:09,13.29,--,27,35883,卖盘
1681,09:50:04,13.29,-0.01,88,116951,卖盘
1682,09:49:54,13.3,--,36,47880,卖盘
1683,09:49:50,13.3,0.02,511,679630,买盘
1684,09:49:39,13.28,--,19,25232,买盘
1685,09:49:34,13.28,-0.02,177,235056,卖盘
1686,09:49:30,13.3,--,10,13300,买盘
1687,09:49:24,13.3,-0.01,73,97090,买盘
1688,09:49:19,13.31,--,105,139755,买盘
1689,09:49:15,13.31,0.01,33,43923,买盘
1690,09:49:09,13.3,-0.01,21,27930,中性盘
1691,09:49:05,13.31,-0.01,26,34606,买盘
1692,09:49:00,13.32,--,0,0,买盘
1693,09:48:54,13.32,0.03,28,37296,买盘
1694,09:48:50,13.29,-0.02,383,509006,卖盘
1695,09:48:45,13.31,0.01,11,14641,卖盘
1696,09:48:39,13.3,0.01,29,38570,卖盘
1697,09:48:34,13.29,--,111,147519,卖盘
1698,09:48:30,13.29,--,55,73095,卖盘
1699,09:48:24,13.29,0.01,173,229916,中性盘
1700,09:48:20,13.28,--,259,343952,卖盘
1701,09:48:14,13.28,0.01,22,29216,中性盘
1702,09:48:09,13.27,-0.01,212,281324,卖盘
1703,09:48:04,13.28,--,100,132800,买盘
1704,09:47:59,13.28,0.01,13,17264,买盘
1705,09:47:54,13.27,--,40,53080,卖盘
1706,09:47:50,13.27,0.01,131,173837,买盘
1707,09:47:43,13.26,--,0,0,买盘
1708,09:47:39,13.26,0.04,13,17238,买盘
1709,09:47:35,13.22,-0.03,106,140132,卖盘
1710,09:47:28,13.25,0.03,1313,1739725,买盘
1711,09:47:24,13.22,0.02,25,33050,买盘
1712,09:47:19,13.2,-0.02,38,50160,卖盘
1713,09:47:09,13.22,--,0,0,买盘
1714,09:47:04,13.22,0.02,36,47592,买盘
1715,09:46:58,13.2,-0.03,52,68640,卖盘
1716,09:46:54,13.23,0.02,85,112455,买盘
1717,09:46:49,13.21,-0.01,36,47556,中性盘
1718,09:46:43,13.22,--,0,0,中性盘
1719,09:46:39,13.22,-0.01,14,18508,中性盘
1720,09:46:34,13.23,--,45,59535,买盘
1721,09:46:29,13.23,--,0,0,买盘
1722,09:46:24,13.23,--,116,153468,买盘
1723,09:46:19,13.23,--,21,27783,买盘
1724,09:46:13,13.23,0.01,378,500094,买盘
1725,09:46:09,13.22,0.01,50,66100,买盘
1726,09:46:04,13.21,0.01,45,59445,买盘
1727,09:45:58,13.2,0.01,200,264000,买盘
1728,09:45:49,13.19,-0.01,35,46165,卖盘
1729,09:45:44,13.2,0.01,31,40920,买盘
1730,09:45:39,13.19,--,0,0,中性盘
1731,09:45:34,13.19,0.01,57,75183,买盘
1732,09:45:28,13.18,-0.02,86,113348,卖盘
1733,09:45:19,13.2,--,50,66000,买盘
1734,09:45:13,13.2,-0.01,243,320760,卖盘
1735,09:45:09,13.21,--,10,13210,买盘
1736,09:45:04,13.21,-0.02,40,52840,卖盘
1737,09:44:58,13.23,0.01,43,56889,买盘
1738,09:44:54,13.22,--,5,6610,买盘
1739,09:44:49,13.22,-0.01,84,111048,中性盘
1740,09:44:44,13.23,-0.01,57,75411,中性盘
1741,09:44:39,13.24,--,42,55608,买盘
1742,09:44:34,13.24,--,156,206544,买盘
1743,09:44:28,13.24,-0.01,151,199924,卖盘
1744,09:44:24,13.25,0.01,23,30475,买盘
1745,09:44:19,13.24,-0.01,3,3972,中性盘
1746,09:44:13,13.25,0.03,40,53000,买盘
1747,09:44:09,13.22,--,76,100472,卖盘
1748,09:44:03,13.22,0.01,56,74032,买盘
1749,09:43:59,13.21,0.01,26,34346,买盘
1750,09:43:54,13.2,0.01,158,208560,买盘
1751,09:43:48,13.19,-0.01,33,43527,中性盘
1752,09:43:43,13.2,0.02,266,351120,买盘
1753,09:43:39,13.18,--,14,18452,买盘
1754,09:43:33,13.18,0.01,64,84352,买盘
1755,09:43:29,13.17,--,103,135651,卖盘
1756,09:43:24,13.17,-0.01,46,60582,卖盘
1757,09:43:18,13.18,0.02,68,89624,买盘
1758,09:43:14,13.16,--,5,6580,卖盘
1759,09:43:09,13.16,0.01,16,21056,买盘
1760,09:43:03,13.15,0.03,458,602270,买盘
1761,09:42:58,13.12,0.02,27,35424,买盘
1762,09:42:48,13.1,--,162,212220,买盘
1763,09:42:43,13.1,0.01,100,131000,买盘
1764,09:42:39,13.09,-0.01,1,1309,卖盘
1765,09:42:33,13.1,0.01,2,2620,买盘
1766,09:42:28,13.09,0.01,146,191114,买盘
1767,09:42:23,13.08,--,21,27468,买盘
1768,09:42:18,13.08,--,196,256368,买盘
1769,09:42:13,13.08,-0.01,44,57552,中性盘
1770,09:42:09,13.09,--,237,310233,买盘
1771,09:42:03,13.09,0.01,67,87703,买盘
1772,09:41:59,13.08,--,3068,4012944,买盘
1773,09:41:48,13.08,0.02,36,47088,买盘
1774,09:41:43,13.06,-0.02,2500,3265000,卖盘
1775,09:41:33,13.08,0.01,11,14388,买盘
1776,09:41:28,13.07,--,47,61429,买盘
1777,09:41:18,13.07,0.01,25,32675,买盘
1778,09:41:14,13.06,--,134,175004,买盘
1779,09:41:03,13.06,--,23,30038,买盘
1780,09:40:58,13.06,--,0,0,买盘
1781,09:40:48,13.06,--,10,13060,买盘
1782,09:40:43,13.06,0.01,5,6530,买盘
1783,09:40:38,13.05,--,4,5402,买盘
1784,09:40:33,13.05,--,15,19575,买盘
1785,09:40:23,13.05,--,10,13050,买盘
1786,09:40:18,13.05,--,40,52200,买盘
1787,09:40:13,13.05,-0.01,16,22002,卖盘
1788,09:40:03,13.06,0.01,5,6530,买盘
1789,09:39:58,13.05,--,14,18452,买盘
1790,09:39:48,13.05,--,2,2610,买盘
1791,09:39:43,13.05,--,0,0,买盘
1792,09:39:22,13.05,--,4,5220,卖盘
1793,09:39:18,13.05,--,12,15660,卖盘
1794,09:39:13,13.05,-0.01,21,27405,卖盘
1795,09:39:03,13.06,0.01,26,33956,买盘
1796,09:38:52,13.05,--,5,6525,卖盘
1797,09:38:48,13.05,--,2,2610,买盘
1798,09:38:43,13.05,--,0,0,买盘
1799,09:38:37,13.05,0.02,30,39150,买盘
1800,09:38:28,13.03,-0.02,92,119876,中性盘
1801,09:38:23,13.05,0.03,75,97875,买盘
1802,09:38:18,13.02,--,13,16926,卖盘
1803,09:38:13,13.02,--,10,13020,卖盘
1804,09:38:03,13.02,--,30,39060,卖盘
1805,09:37:58,13.02,0.02,17,22134,买盘
1806,09:37:52,13.0,-0.02,17,22100,卖盘
1807,09:37:38,13.02,0.03,25,32550,买盘
1808,09:37:27,12.99,-0.01,36,46764,卖盘
1809,09:37:23,13.0,--,10,13000,买盘
1810,09:37:18,13.0,--,14,18200,买盘
1811,09:37:12,13.0,-0.06,123,159900,卖盘
1812,09:37:07,13.06,0.02,25,32650,买盘
1813,09:36:57,13.04,--,0,0,卖盘
1814,09:36:52,13.04,-0.02,7,9128,中性盘
1815,09:36:47,13.06,0.06,25,32650,买盘
1816,09:36:42,13.0,-0.05,195,253500,卖盘
1817,09:36:37,13.05,-0.01,27,35235,中性盘
1818,09:36:27,13.06,0.04,30,39180,买盘
1819,09:36:22,13.02,--,0,0,卖盘
1820,09:36:17,13.02,-0.03,50,65100,卖盘
1821,09:36:12,13.05,0.01,35,45675,买盘
1822,09:36:07,13.04,-0.02,35,45640,买盘
1823,09:35:57,13.06,0.02,33,43098,买盘
1824,09:35:53,13.04,-0.02,18,23472,卖盘
1825,09:35:42,13.06,--,25,32650,买盘
1826,09:35:37,13.06,-0.01,149,194594,卖盘
1827,09:35:27,13.07,0.01,31,40517,中性盘
1828,09:35:22,13.06,--,10,13060,卖盘
1829,09:35:17,13.06,-0.02,30,39180,卖盘
1830,09:35:12,13.08,0.01,34,44472,买盘
1831,09:35:07,13.07,0.01,35,45745,买盘
1832,09:35:02,13.06,--,2,2612,卖盘
1833,09:34:57,13.06,-0.01,61,79666,卖盘
1834,09:34:52,13.07,0.01,35,45745,中性盘
1835,09:34:47,13.06,-0.03,1,1306,卖盘
1836,09:34:42,13.09,0.02,98,128282,买盘
1837,09:34:37,13.07,--,31,40517,买盘
1838,09:34:27,13.07,-0.01,87,113709,卖盘
1839,09:34:22,13.08,0.01,15,19620,买盘
1840,09:34:17,13.07,-0.01,1,1307,卖盘
1841,09:34:12,13.08,--,25,32700,买盘
1842,09:34:07,13.08,0.01,34,44472,买盘
1843,09:34:01,13.07,--,3,3921,买盘
1844,09:33:57,13.07,--,55,71885,买盘
1845,09:33:46,13.07,-0.01,25,32675,买盘
1846,09:33:42,13.08,--,36,47088,卖盘
1847,09:33:37,13.08,0.02,104,136032,买盘
1848,09:33:31,13.06,-0.03,2,2612,卖盘
1849,09:33:27,13.09,0.01,25,32725,买盘
1850,09:33:22,13.08,0.02,26,34008,买盘
1851,09:33:16,13.06,--,4,5224,买盘
1852,09:33:12,13.06,-0.03,31,40486,中性盘
1853,09:33:07,13.09,0.03,60,78540,买盘
1854,09:33:01,13.06,--,0,0,买盘
1855,09:32:57,13.06,-0.03,57,74442,卖盘
1856,09:32:52,13.09,0.03,14,18326,买盘
1857,09:32:46,13.06,--,3,3918,卖盘
1858,09:32:42,13.06,--,52,67912,卖盘
1859,09:32:37,13.06,--,29,37874,买盘
1860,09:32:31,13.06,--,3,3918,卖盘
1861,09:32:27,13.06,0.06,44,57464,买盘
1862,09:32:22,13.0,-0.06,13,16900,卖盘
1863,09:32:12,13.06,--,31,40486,买盘
1864,09:32:07,13.06,0.01,33,43098,买盘
1865,09:32:01,13.05,0.05,5,6525,买盘
1866,09:31:56,13.0,-0.06,22,28600,卖盘
1867,09:31:52,13.06,0.06,2,2612,买盘
1868,09:31:46,13.0,-0.05,1,1300,卖盘
1869,09:31:41,13.05,--,0,0,中性盘
1870,09:31:37,13.05,0.06,30,39150,买盘
1871,09:31:31,12.99,--,33,42867,卖盘
1872,09:31:26,12.99,-0.01,19,24681,卖盘
1873,09:31:21,13.0,0.01,25,32500,买盘
1874,09:31:16,12.99,--,27,35073,卖盘
1875,09:31:06,12.99,0.01,65,84435,买盘
1876,09:31:01,12.98,-0.01,3,3894,卖盘
1877,09:30:51,12.99,0.02,41,53259,买盘
1878,09:30:46,12.97,-0.02,10,12970,卖盘
1879,09:30:36,12.99,0.02,91,118209,买盘
1880,09:30:21,12.97,-0.02,8,10376,卖盘
1881,09:30:16,12.99,0.01,18,23382,买盘
1882,09:30:06,12.98,0.03,282,366036,买盘
1883,09:30:01,12.95,-0.02,20,25900,卖盘
1884,09:28:53,12.97,--,0,0,卖盘
1885,09:25:04,12.97,12.97,137,177689,买盘
