,time,price,change,volume,amount,type
0,15:00:00,3.1,--,0,0,卖盘
1,15:00:00,3.1,-0.01,0,0,卖盘
2,15:00:00,3.11,--,1,311,买盘
3,14:59:56,3.11,--,128,39808,买盘
4,14:59:51,3.11,0.01,11,3421,买盘
5,14:59:46,3.1,-0.01,45,13950,卖盘
6,14:59:41,3.11,0.01,77,23947,买盘
7,14:59:31,3.1,--,27,8370,卖盘
8,14:59:26,3.1,--,200,62000,卖盘
9,14:59:21,3.1,--,187,57970,卖盘
10,14:59:16,3.1,--,29,8990,卖盘
11,14:59:11,3.1,-0.01,5,1550,卖盘
12,14:59:06,3.11,0.01,59,18349,买盘
13,14:58:56,3.1,-0.01,300,93000,卖盘
14,14:58:51,3.11,0.01,21,6531,买盘
15,14:58:41,3.1,-0.01,67,20770,卖盘
16,14:58:36,3.11,0.01,47,14617,买盘
17,14:58:26,3.1,-0.01,18,5580,卖盘
18,14:58:20,3.11,0.01,850,264350,买盘
19,14:58:16,3.1,-0.01,100,31000,卖盘
20,14:58:10,3.11,0.01,218,67798,买盘
21,14:58:06,3.1,--,169,52390,卖盘
22,14:57:55,3.1,--,8,2480,卖盘
23,14:57:50,3.1,--,21,6510,卖盘
24,14:57:46,3.1,--,5,1550,卖盘
25,14:57:40,3.1,--,262,81220,卖盘
26,14:57:36,3.1,--,20,6200,卖盘
27,14:57:30,3.1,--,201,62310,卖盘
28,14:57:25,3.1,-0.01,35,10850,卖盘
29,14:57:20,3.11,0.01,130,40430,买盘
30,14:57:15,3.1,-0.01,82,25420,卖盘
31,14:57:10,3.11,--,6,1866,买盘
32,14:57:05,3.11,--,590,183490,买盘
33,14:57:00,3.11,--,1516,471476,买盘
34,14:56:55,3.11,--,9,2799,买盘
35,14:56:50,3.11,0.01,106,32966,买盘
36,14:56:45,3.1,--,447,138570,卖盘
37,14:56:40,3.1,-0.01,47,14570,卖盘
38,14:56:35,3.11,--,85,26435,买盘
39,14:56:30,3.11,0.01,200,62200,买盘
40,14:56:24,3.1,-0.01,17,5270,卖盘
41,14:56:20,3.11,--,5,1555,买盘
42,14:56:15,3.11,0.01,504,156744,买盘
43,14:56:05,3.1,-0.01,566,175460,卖盘
44,14:55:55,3.11,0.01,7,2177,买盘
45,14:55:50,3.1,-0.01,52,16120,卖盘
46,14:55:45,3.11,0.01,525,163275,买盘
47,14:55:39,3.1,--,363,112530,卖盘
48,14:55:30,3.1,-0.01,41,12710,卖盘
49,14:55:20,3.11,--,6,1866,买盘
50,14:55:15,3.11,0.01,155,48205,买盘
51,14:55:05,3.1,-0.01,20,6200,卖盘
52,14:55:00,3.11,--,35,10885,买盘
53,14:54:54,3.11,0.01,9,2799,买盘
54,14:54:50,3.1,-0.01,29,8990,卖盘
55,14:54:45,3.11,0.01,83,25813,买盘
56,14:54:39,3.1,--,17,5270,卖盘
57,14:54:35,3.1,--,17,5270,卖盘
58,14:54:30,3.1,--,99,30690,卖盘
59,14:54:24,3.1,--,16,4960,卖盘
60,14:54:20,3.1,-0.01,433,134230,卖盘
61,14:54:15,3.11,--,1,311,买盘
62,14:54:05,3.11,--,526,163586,买盘
63,14:54:00,3.11,0.01,707,219877,买盘
64,14:53:54,3.1,--,22,6820,卖盘
65,14:53:50,3.1,-0.01,32,9920,卖盘
66,14:53:45,3.11,--,6,1866,买盘
67,14:53:39,3.11,0.01,174,54114,买盘
68,14:53:35,3.1,--,1000,310000,卖盘
69,14:53:30,3.1,-0.01,318,98580,卖盘
70,14:53:24,3.11,--,5,1555,买盘
71,14:53:20,3.11,0.01,28,8708,买盘
72,14:53:15,3.1,-0.01,197,61070,卖盘
73,14:53:09,3.11,--,174,54114,买盘
74,14:53:05,3.11,0.01,115,35765,买盘
75,14:53:00,3.1,--,27,8370,卖盘
76,14:52:54,3.1,-0.01,50,15500,卖盘
77,14:52:50,3.11,--,75,23325,买盘
78,14:52:45,3.11,0.01,291,90504,买盘
79,14:52:39,3.1,--,211,65410,卖盘
80,14:52:35,3.1,--,130,40300,卖盘
81,14:52:30,3.1,-0.01,100,31000,卖盘
82,14:52:24,3.11,0.01,6,1866,买盘
83,14:52:20,3.1,--,276,85560,卖盘
84,14:52:15,3.1,--,1,310,卖盘
85,14:52:09,3.1,--,243,75330,卖盘
86,14:52:05,3.1,--,718,222580,卖盘
87,14:52:00,3.1,-0.01,47,14570,卖盘
88,14:51:54,3.11,--,16,4976,买盘
89,14:51:50,3.11,0.01,34,10574,买盘
90,14:51:45,3.1,--,18,5580,卖盘
91,14:51:39,3.1,-0.01,310,96100,卖盘
92,14:51:35,3.11,0.01,171,53181,买盘
93,14:51:30,3.1,-0.01,30,9300,卖盘
94,14:51:20,3.11,--,141,43851,买盘
95,14:51:14,3.11,0.01,90,27990,买盘
96,14:51:09,3.1,--,367,113770,卖盘
97,14:51:03,3.1,--,235,72850,卖盘
98,14:50:59,3.1,--,38,11780,卖盘
99,14:50:54,3.1,--,6056,1877360,卖盘
100,14:50:44,3.1,--,6,1860,卖盘
101,14:50:39,3.1,--,191,59210,卖盘
102,14:50:33,3.1,--,100,31000,卖盘
103,14:50:29,3.1,--,10005,3101550,卖盘
104,14:50:24,3.1,--,42,13020,卖盘
105,14:50:18,3.1,--,38,11780,卖盘
106,14:50:14,3.1,-0.01,24,7440,卖盘
107,14:50:09,3.11,0.01,222,69042,买盘
108,14:50:03,3.1,-0.01,132,40920,卖盘
109,14:49:59,3.11,--,1,311,买盘
110,14:49:54,3.11,0.01,22,6842,买盘
111,14:49:48,3.1,--,17,5270,卖盘
112,14:49:44,3.1,--,1,310,卖盘
113,14:49:39,3.1,--,189,58590,卖盘
114,14:49:33,3.1,--,149,46190,卖盘
115,14:49:29,3.1,--,17,5270,卖盘
116,14:49:24,3.1,--,7,2170,卖盘
117,14:49:14,3.1,-0.01,37,11470,卖盘
118,14:49:09,3.11,0.01,220,68420,买盘
119,14:49:03,3.1,--,111,34410,卖盘
120,14:48:59,3.1,--,47,14570,卖盘
121,14:48:54,3.1,-0.01,25,7750,卖盘
122,14:48:44,3.11,--,61,18971,买盘
123,14:48:39,3.11,0.01,191,59401,买盘
124,14:48:33,3.1,--,130,40300,卖盘
125,14:48:29,3.1,--,1014,314340,卖盘
126,14:48:24,3.1,--,26,8060,卖盘
127,14:48:18,3.1,--,9,2790,卖盘
128,14:48:14,3.1,-0.01,35,10850,卖盘
129,14:48:09,3.11,0.01,415,129065,买盘
130,14:48:03,3.1,--,117,36270,卖盘
131,14:47:59,3.1,-0.01,1,310,卖盘
132,14:47:54,3.11,0.01,256,79616,买盘
133,14:47:48,3.1,--,546,169260,卖盘
134,14:47:44,3.1,-0.01,17,5270,卖盘
135,14:47:39,3.11,0.01,224,69664,买盘
136,14:47:33,3.1,-0.01,150,46500,卖盘
137,14:47:29,3.11,--,773,240403,买盘
138,14:47:24,3.11,--,71,22081,买盘
139,14:47:18,3.11,0.01,1,311,买盘
140,14:47:14,3.1,-0.01,17,5270,卖盘
141,14:47:09,3.11,0.01,274,85214,买盘
142,14:47:03,3.1,-0.01,100,31000,卖盘
143,14:46:59,3.11,0.01,122,37942,买盘
144,14:46:54,3.1,--,23,7130,卖盘
145,14:46:48,3.1,--,300,93000,卖盘
146,14:46:44,3.1,--,51,15810,卖盘
147,14:46:39,3.1,-0.01,199,61690,卖盘
148,14:46:33,3.11,0.01,5,1555,买盘
149,14:46:29,3.1,-0.01,41,12710,卖盘
150,14:46:23,3.11,0.01,26,8086,买盘
151,14:46:09,3.1,-0.01,244,75640,卖盘
152,14:46:03,3.11,0.01,206,64066,买盘
153,14:45:59,3.1,-0.01,16,4960,卖盘
154,14:45:54,3.11,--,303,94233,买盘
155,14:45:48,3.11,--,1,311,买盘
156,14:45:38,3.11,0.01,224,69664,买盘
157,14:45:33,3.1,--,351,108810,卖盘
158,14:45:28,3.1,--,60,18600,卖盘
159,14:45:18,3.1,-0.01,3,930,卖盘
160,14:45:14,3.11,--,464,144304,买盘
161,14:45:08,3.11,0.01,225,69975,买盘
162,14:45:03,3.1,-0.01,60,18600,卖盘
163,14:44:57,3.11,--,100,31100,买盘
164,14:44:53,3.11,--,20,6220,买盘
165,14:44:42,3.11,--,147,45717,买盘
166,14:44:38,3.11,0.01,24,7464,买盘
167,14:44:33,3.1,-0.01,58,17980,卖盘
168,14:44:27,3.11,--,1,311,买盘
169,14:44:18,3.11,--,149,46339,买盘
170,14:44:08,3.11,--,6,1866,买盘
171,14:44:03,3.11,0.01,35,10885,买盘
172,14:43:57,3.1,-0.01,310,96100,卖盘
173,14:43:53,3.11,--,32,9952,买盘
174,14:43:48,3.11,--,4,1244,买盘
175,14:43:42,3.11,--,443,137773,买盘
176,14:43:38,3.11,--,474,147414,买盘
177,14:43:33,3.11,--,50,15550,买盘
178,14:43:27,3.11,--,68,21148,买盘
179,14:43:23,3.11,--,24,7464,买盘
180,14:43:18,3.11,--,1,311,买盘
181,14:43:08,3.11,0.01,106,32966,买盘
182,14:43:03,3.1,-0.01,21,6510,卖盘
183,14:42:57,3.11,--,1,311,买盘
184,14:42:53,3.11,0.01,70,21770,买盘
185,14:42:48,3.1,-0.01,35,10850,卖盘
186,14:42:42,3.11,0.01,26,8086,买盘
187,14:42:38,3.1,--,2,620,卖盘
188,14:42:33,3.1,-0.01,100,31000,卖盘
189,14:42:27,3.11,--,1100,342100,买盘
190,14:42:23,3.11,0.01,36,11196,买盘
191,14:42:18,3.1,--,52,16120,卖盘
192,14:42:12,3.1,-0.01,11,3410,卖盘
193,14:42:03,3.11,0.01,17,5287,买盘
194,14:41:57,3.1,-0.01,58,17980,卖盘
195,14:41:53,3.11,--,32,9952,买盘
196,14:41:48,3.11,0.01,34,10574,买盘
197,14:41:38,3.1,--,34,10540,卖盘
198,14:41:27,3.1,-0.01,123,38130,卖盘
199,14:41:23,3.11,--,21,6531,买盘
200,14:41:18,3.11,--,21,6531,买盘
201,14:41:12,3.11,0.01,1,311,买盘
202,14:41:08,3.1,--,65,20150,卖盘
203,14:41:03,3.1,-0.01,41,12710,卖盘
204,14:40:53,3.11,--,599,186289,买盘
205,14:40:48,3.11,--,43,13373,买盘
206,14:40:42,3.11,--,45,13995,买盘
207,14:40:38,3.11,0.01,350,108850,买盘
208,14:40:33,3.1,-0.01,12,3720,卖盘
209,14:40:27,3.11,0.01,17,5287,买盘
210,14:40:18,3.1,-0.01,5,1550,卖盘
211,14:40:12,3.11,--,18,5598,买盘
212,14:40:08,3.11,--,1057,328727,买盘
213,14:40:03,3.11,--,62,19282,买盘
214,14:39:53,3.11,--,10009,3112799,买盘
215,14:39:48,3.11,--,22,6842,买盘
216,14:39:38,3.11,--,17,5287,买盘
217,14:39:33,3.11,--,83,25813,买盘
218,14:39:27,3.11,0.01,20,6220,买盘
219,14:39:22,3.1,-0.01,93,28830,卖盘
220,14:39:18,3.11,--,6,1866,买盘
221,14:39:12,3.11,--,28,8708,买盘
222,14:39:08,3.11,--,1,311,买盘
223,14:39:03,3.11,0.01,24,7464,买盘
224,14:38:57,3.1,-0.01,47,14570,卖盘
225,14:38:52,3.11,0.01,17,5287,买盘
226,14:38:48,3.1,-0.01,1153,357430,卖盘
227,14:38:42,3.11,0.01,351,109161,买盘
228,14:38:37,3.1,-0.01,151,46810,卖盘
229,14:38:33,3.11,0.01,42,13062,买盘
230,14:38:27,3.1,--,20,6200,卖盘
231,14:38:22,3.1,--,6,1860,卖盘
232,14:38:17,3.1,-0.01,31,9610,卖盘
233,14:38:12,3.11,--,36,11196,买盘
234,14:38:08,3.11,--,1,311,买盘
235,14:38:02,3.11,--,40,12440,买盘
236,14:37:57,3.11,--,85,26435,买盘
237,14:37:47,3.11,--,455,141505,买盘
238,14:37:42,3.11,0.01,8,2488,买盘
239,14:37:36,3.1,--,42,13020,卖盘
240,14:37:32,3.1,-0.01,26,8060,卖盘
241,14:37:21,3.11,--,17,5287,买盘
242,14:37:17,3.11,0.01,22,6842,买盘
243,14:37:12,3.1,--,52,16120,卖盘
244,14:37:02,3.1,-0.01,69,21390,卖盘
245,14:36:57,3.11,0.01,25,7775,买盘
246,14:36:51,3.1,-0.01,10,3100,卖盘
247,14:36:47,3.11,0.01,23,7153,买盘
248,14:36:42,3.1,--,63,19530,卖盘
249,14:36:32,3.1,-0.01,5,1550,卖盘
250,14:36:27,3.11,--,166,51626,买盘
251,14:36:21,3.11,0.01,19,5909,买盘
252,14:36:17,3.1,-0.01,123,38130,卖盘
253,14:36:12,3.11,0.01,52,16172,买盘
254,14:36:06,3.1,--,3,930,卖盘
255,14:36:02,3.1,-0.01,5,1550,卖盘
256,14:35:57,3.11,--,18,5598,买盘
257,14:35:51,3.11,0.01,1,311,买盘
258,14:35:47,3.1,-0.01,70,21700,卖盘
259,14:35:42,3.11,0.01,236,73396,买盘
260,14:35:32,3.1,-0.01,5,1550,卖盘
261,14:35:21,3.11,0.01,28,8708,买盘
262,14:35:17,3.1,--,15,4650,卖盘
263,14:35:12,3.1,-0.01,27,8370,卖盘
264,14:35:01,3.11,0.01,2203,685133,买盘
265,14:34:57,3.1,-0.01,1,310,卖盘
266,14:34:46,3.11,--,6,1866,买盘
267,14:34:41,3.11,0.01,39,12129,买盘
268,14:34:36,3.1,--,39,12090,卖盘
269,14:34:32,3.1,-0.01,64,19840,卖盘
270,14:34:26,3.11,--,1,311,买盘
271,14:34:21,3.11,--,17,5287,买盘
272,14:34:17,3.11,--,71,22081,买盘
273,14:34:12,3.11,0.01,1,311,买盘
274,14:34:06,3.1,-0.01,19,5890,卖盘
275,14:34:01,3.11,0.01,322,100142,买盘
276,14:33:56,3.1,--,68,21080,卖盘
277,14:33:51,3.1,--,20,6200,卖盘
278,14:33:47,3.1,--,55,17050,卖盘
279,14:33:41,3.1,-0.01,60,18600,卖盘
280,14:33:32,3.11,0.01,28,8708,买盘
281,14:33:26,3.1,--,32,9920,卖盘
282,14:33:21,3.1,--,447,138570,卖盘
283,14:33:17,3.1,-0.01,5,1550,卖盘
284,14:33:06,3.11,--,20,6220,买盘
285,14:33:01,3.11,--,23,7153,买盘
286,14:32:51,3.11,0.01,64,19904,买盘
287,14:32:46,3.1,-0.01,110,34100,卖盘
288,14:32:41,3.11,--,33,10263,买盘
289,14:32:36,3.11,0.01,10,3110,买盘
290,14:32:31,3.1,-0.01,5,1550,卖盘
291,14:32:26,3.11,0.01,34,10574,买盘
292,14:32:16,3.1,--,64,19840,卖盘
293,14:32:06,3.1,--,118,36580,卖盘
294,14:32:02,3.1,--,41,12710,卖盘
295,14:31:56,3.1,--,27,8370,卖盘
296,14:31:46,3.1,--,183,56730,卖盘
297,14:31:41,3.1,--,2,620,卖盘
298,14:31:36,3.1,--,20,6200,卖盘
299,14:31:30,3.1,-0.01,5,1550,卖盘
300,14:31:26,3.11,--,71,22081,买盘
301,14:31:21,3.11,0.01,18,5598,买盘
302,14:31:16,3.1,--,17,5270,卖盘
303,14:31:11,3.1,-0.01,48,14880,卖盘
304,14:31:06,3.11,0.01,331,102941,买盘
305,14:31:00,3.1,--,6,1860,卖盘
306,14:30:56,3.1,--,9,2790,卖盘
307,14:30:45,3.1,--,5,1550,卖盘
308,14:30:41,3.1,--,5,1550,卖盘
309,14:30:36,3.1,-0.01,59,18290,卖盘
310,14:30:30,3.11,0.01,4639,1442729,买盘
311,14:30:26,3.1,--,1,310,卖盘
312,14:30:21,3.1,--,37,11470,卖盘
313,14:30:15,3.1,-0.01,5,1550,卖盘
314,14:30:11,3.11,0.01,9,2799,买盘
315,14:30:06,3.1,--,451,139810,卖盘
316,14:30:00,3.1,--,5,1550,卖盘
317,14:29:56,3.1,-0.01,14,4340,卖盘
318,14:29:51,3.11,--,26,8086,买盘
319,14:29:45,3.11,--,13,4043,买盘
320,14:29:41,3.11,--,62,19282,买盘
321,14:29:36,3.11,0.01,18,5598,买盘
322,14:29:30,3.1,-0.01,51,15810,卖盘
323,14:29:26,3.11,0.01,17,5287,买盘
324,14:29:21,3.1,--,1000,310000,卖盘
325,14:29:15,3.1,-0.01,28,8680,卖盘
326,14:29:11,3.11,--,18,5598,买盘
327,14:29:06,3.11,0.01,163,50693,买盘
328,14:29:00,3.1,-0.01,67,20770,卖盘
329,14:28:56,3.11,--,19,5909,买盘
330,14:28:51,3.11,0.01,125,38875,买盘
331,14:28:45,3.1,--,5,1550,卖盘
332,14:28:41,3.1,-0.01,2,620,卖盘
333,14:28:36,3.11,0.01,17,5287,买盘
334,14:28:30,3.1,-0.01,63,19530,卖盘
335,14:28:25,3.11,0.01,38,11818,买盘
336,14:28:15,3.1,-0.01,5,1550,卖盘
337,14:28:11,3.11,--,17,5287,买盘
338,14:28:06,3.11,0.01,22,6842,买盘
339,14:28:00,3.1,-0.01,5,1612,卖盘
340,14:27:55,3.11,0.01,65,20215,买盘
341,14:27:45,3.1,--,22,6820,卖盘
342,14:27:41,3.1,--,5,1550,卖盘
343,14:27:36,3.1,--,87,26970,卖盘
344,14:27:30,3.1,--,5,1550,卖盘
345,14:27:25,3.1,-0.01,1,310,卖盘
346,14:27:20,3.11,0.01,17,5287,买盘
347,14:27:15,3.1,-0.01,34,10540,卖盘
348,14:27:10,3.11,0.01,118,36698,买盘
349,14:27:00,3.1,-0.01,7,2170,卖盘
350,14:26:55,3.11,0.01,20,6220,买盘
351,14:26:50,3.1,--,106,32860,卖盘
352,14:26:45,3.1,-0.01,5,1550,卖盘
353,14:26:40,3.11,0.01,20,6220,买盘
354,14:26:35,3.1,--,102,31620,卖盘
355,14:26:30,3.1,--,22,6820,卖盘
356,14:26:25,3.1,-0.01,32,9920,卖盘
357,14:26:20,3.11,0.01,64,19904,买盘
358,14:26:15,3.1,--,6,1860,卖盘
359,14:26:10,3.1,-0.01,26,8060,卖盘
360,14:26:05,3.11,0.01,48,14928,买盘
361,14:26:00,3.1,-0.01,6,1860,卖盘
362,14:25:55,3.11,0.01,87,27057,买盘
363,14:25:45,3.1,-0.01,52,16120,卖盘
364,14:25:41,3.11,--,21,6531,买盘
365,14:25:35,3.11,--,17,5287,买盘
366,14:25:30,3.11,--,23,7153,买盘
367,14:25:25,3.11,0.01,31,9641,买盘
368,14:25:20,3.1,-0.01,88,27280,卖盘
369,14:25:15,3.11,0.01,23,7153,买盘
370,14:25:10,3.1,-0.01,66,20460,卖盘
371,14:25:05,3.11,0.01,18,5598,买盘
372,14:25:00,3.1,-0.01,5,1550,卖盘
373,14:24:54,3.11,--,5,1555,买盘
374,14:24:50,3.11,0.01,19,5909,买盘
375,14:24:45,3.1,-0.01,126,39060,卖盘
376,14:24:40,3.11,0.01,166,51626,买盘
377,14:24:35,3.1,--,2,620,卖盘
378,14:24:30,3.1,--,30,9300,卖盘
379,14:24:24,3.1,--,102,31620,卖盘
380,14:24:20,3.1,--,32,9920,卖盘
381,14:24:15,3.1,--,28,8680,卖盘
382,14:24:09,3.1,-0.01,165,51150,卖盘
383,14:24:05,3.11,0.01,18,5598,买盘
384,14:24:00,3.1,--,5,1550,卖盘
385,14:23:54,3.1,-0.01,46,14260,卖盘
386,14:23:50,3.11,0.01,26,8086,买盘
387,14:23:45,3.1,--,6,1860,卖盘
388,14:23:39,3.1,-0.01,114,35340,卖盘
389,14:23:35,3.11,--,65,20215,买盘
390,14:23:30,3.11,--,24,7464,买盘
391,14:23:24,3.11,--,20,6220,买盘
392,14:23:20,3.11,0.01,10,3110,买盘
393,14:23:15,3.1,--,212,65720,卖盘
394,14:23:09,3.1,-0.01,97,30070,卖盘
395,14:23:05,3.11,0.01,20,6220,买盘
396,14:23:00,3.1,-0.01,385,119350,卖盘
397,14:22:50,3.11,0.01,17,5287,买盘
398,14:22:45,3.1,-0.01,28,8680,卖盘
399,14:22:39,3.11,--,114,35454,买盘
400,14:22:35,3.11,--,18,5598,买盘
401,14:22:30,3.11,--,133,41363,买盘
402,14:22:24,3.11,--,17,5287,买盘
403,14:22:20,3.11,0.01,2,622,买盘
404,14:22:15,3.1,--,132,40920,卖盘
405,14:22:09,3.1,--,96,29760,卖盘
406,14:22:05,3.1,-0.01,16,4960,卖盘
407,14:22:00,3.11,0.01,2129,662119,买盘
408,14:21:54,3.1,-0.01,7,2170,卖盘
409,14:21:50,3.11,--,18,5598,买盘
410,14:21:45,3.11,--,22,6842,买盘
411,14:21:39,3.11,--,96,29856,买盘
412,14:21:35,3.11,--,219,68109,买盘
413,14:21:30,3.11,--,26,8086,买盘
414,14:21:20,3.11,0.01,65,20215,买盘
415,14:21:15,3.1,-0.01,5,1550,卖盘
416,14:21:09,3.11,0.01,112,34832,买盘
417,14:21:05,3.1,-0.01,15,4650,卖盘
418,14:21:00,3.11,0.01,41,12751,买盘
419,14:20:49,3.1,-0.01,254,78740,卖盘
420,14:20:45,3.11,--,34,10574,买盘
421,14:20:39,3.11,0.01,95,29545,买盘
422,14:20:35,3.1,-0.01,38,11780,卖盘
423,14:20:30,3.11,--,15,4665,买盘
424,14:20:20,3.11,0.01,18,5598,买盘
425,14:20:14,3.1,-0.01,225,69750,卖盘
426,14:20:09,3.11,--,112,34832,买盘
427,14:20:05,3.11,0.01,17,5287,买盘
428,14:19:59,3.1,-0.01,104,32240,卖盘
429,14:19:54,3.11,0.01,18,5598,买盘
430,14:19:49,3.1,--,52,16120,卖盘
431,14:19:44,3.1,-0.01,72,22320,卖盘
432,14:19:39,3.11,--,300,93300,买盘
433,14:19:34,3.11,--,497,154567,买盘
434,14:19:29,3.11,--,21,6531,买盘
435,14:19:20,3.11,0.01,156,48516,买盘
436,14:19:14,3.1,-0.01,16,4960,卖盘
437,14:19:09,3.11,--,152,47272,买盘
438,14:19:04,3.11,0.01,113,35143,买盘
439,14:18:59,3.1,-0.01,24,7440,卖盘
440,14:18:54,3.11,--,20,6220,买盘
441,14:18:49,3.11,0.01,7,2177,买盘
442,14:18:44,3.1,-0.01,22,6820,卖盘
443,14:18:39,3.11,--,2094,651234,买盘
444,14:18:34,3.11,--,51,15861,买盘
445,14:18:29,3.11,--,131,40741,买盘
446,14:18:14,3.11,--,22,6842,买盘
447,14:18:09,3.11,0.01,124,38564,买盘
448,14:18:03,3.1,-0.01,28,8680,卖盘
449,14:17:59,3.11,--,57,17727,买盘
450,14:17:49,3.11,0.01,38,11818,买盘
451,14:17:44,3.1,-0.01,65,20150,卖盘
452,14:17:39,3.11,0.01,179,55669,买盘
453,14:17:34,3.1,--,95,29450,卖盘
454,14:17:29,3.1,-0.01,188,58280,卖盘
455,14:17:24,3.11,--,1,311,买盘
456,14:17:18,3.11,0.01,19,5909,买盘
457,14:17:14,3.1,-0.01,63,19530,卖盘
458,14:17:09,3.11,--,97,30167,买盘
459,14:17:03,3.11,0.01,17,5287,买盘
460,14:16:59,3.1,--,55,17050,卖盘
461,14:16:54,3.1,-0.01,68,21080,卖盘
462,14:16:48,3.11,0.01,17,5287,买盘
463,14:16:44,3.1,-0.01,5,1550,卖盘
464,14:16:39,3.11,0.01,112,34832,买盘
465,14:16:33,3.1,--,11,3410,卖盘
466,14:16:29,3.1,-0.01,22,6820,卖盘
467,14:16:24,3.11,0.01,164,51004,买盘
468,14:16:14,3.1,-0.01,170,52700,卖盘
469,14:16:09,3.11,0.01,406,126266,买盘
470,14:15:59,3.1,--,48,14880,卖盘
471,14:15:48,3.1,--,47,14570,卖盘
472,14:15:44,3.1,-0.01,8,2480,卖盘
473,14:15:39,3.11,--,95,29545,买盘
474,14:15:33,3.11,0.01,501,155811,买盘
475,14:15:29,3.1,--,54,16740,卖盘
476,14:15:24,3.1,-0.01,2,620,卖盘
477,14:15:14,3.11,--,31,9641,买盘
478,14:15:09,3.11,--,436,135596,买盘
479,14:15:03,3.11,0.01,301,93611,买盘
480,14:14:59,3.1,--,5,1550,卖盘
481,14:14:54,3.1,--,2,620,卖盘
482,14:14:44,3.1,--,5,1550,卖盘
483,14:14:39,3.1,--,475,147250,卖盘
484,14:14:29,3.1,-0.01,24,7440,卖盘
485,14:14:24,3.11,--,205,63755,买盘
486,14:14:14,3.11,0.01,7,2177,买盘
487,14:14:09,3.1,--,146,45260,卖盘
488,14:13:59,3.1,-0.01,206,63860,卖盘
489,14:13:54,3.11,--,607,188777,买盘
490,14:13:43,3.11,0.01,305,94855,买盘
491,14:13:38,3.1,--,299,92690,卖盘
492,14:13:33,3.1,--,50,15500,卖盘
493,14:13:28,3.1,--,5,1550,卖盘
494,14:13:18,3.1,-0.01,100,31000,卖盘
495,14:13:13,3.11,--,716,222676,买盘
496,14:13:09,3.11,0.01,96,29856,买盘
497,14:12:58,3.1,-0.01,53,16430,卖盘
498,14:12:54,3.11,0.01,1,311,买盘
499,14:12:43,3.1,-0.01,6,1860,卖盘
500,14:12:38,3.11,--,307,95477,买盘
501,14:12:33,3.11,--,2,622,买盘
502,14:12:28,3.11,0.01,68,21148,买盘
503,14:12:23,3.1,--,2,620,卖盘
504,14:12:13,3.1,-0.01,9,2790,卖盘
505,14:12:08,3.11,0.01,96,29856,买盘
506,14:11:58,3.1,--,51,15810,卖盘
507,14:11:43,3.1,--,5,1550,卖盘
508,14:11:38,3.1,--,106,32860,卖盘
509,14:11:28,3.1,-0.01,7,2170,卖盘
510,14:11:23,3.11,0.01,54,16794,买盘
511,14:11:18,3.1,-0.01,8,2480,卖盘
512,14:11:08,3.11,0.01,98,30478,买盘
513,14:11:03,3.1,--,24,7440,卖盘
514,14:10:48,3.1,-0.01,56,17360,卖盘
515,14:10:42,3.11,--,6072,1888392,买盘
516,14:10:38,3.11,0.01,95,29545,买盘
517,14:10:33,3.1,--,17,5270,卖盘
518,14:10:27,3.1,--,49,15190,卖盘
519,14:10:18,3.1,--,5,1550,卖盘
520,14:10:12,3.1,-0.01,2,620,卖盘
521,14:10:08,3.11,--,96,29856,买盘
522,14:10:03,3.11,0.01,210,65310,买盘
523,14:09:53,3.1,--,4,1240,卖盘
524,14:09:48,3.1,--,25,7750,卖盘
525,14:09:38,3.1,--,540,167400,卖盘
526,14:09:33,3.1,-0.01,5,1550,卖盘
527,14:09:23,3.11,0.01,3,933,买盘
528,14:09:18,3.1,-0.01,5,1550,卖盘
529,14:09:12,3.11,0.01,1,311,买盘
530,14:09:08,3.1,-0.01,145,44950,卖盘
531,14:09:03,3.11,0.01,2052,638172,买盘
532,14:08:48,3.1,--,5,1550,卖盘
533,14:08:42,3.1,--,7,2170,卖盘
534,14:08:38,3.1,--,164,50840,卖盘
535,14:08:33,3.1,-0.01,106,32860,卖盘
536,14:08:27,3.11,0.01,1,311,买盘
537,14:08:23,3.1,--,80,24800,卖盘
538,14:08:18,3.1,--,5,1550,卖盘
539,14:08:12,3.1,--,2,620,卖盘
540,14:08:08,3.1,--,279,86490,卖盘
541,14:08:03,3.1,-0.01,183,56730,卖盘
542,14:07:57,3.11,--,6,1866,买盘
543,14:07:53,3.11,0.01,1,311,买盘
544,14:07:48,3.1,--,5,1550,卖盘
545,14:07:42,3.1,--,33,10230,卖盘
546,14:07:38,3.1,--,2,620,卖盘
547,14:07:33,3.1,--,15,4650,卖盘
548,14:07:27,3.1,--,50,15500,卖盘
549,14:07:23,3.1,--,35,10850,卖盘
550,14:07:18,3.1,-0.01,5,1550,卖盘
551,14:07:12,3.11,--,1,311,买盘
552,14:07:08,3.11,0.01,5,1555,买盘
553,14:07:03,3.1,--,5,1550,卖盘
554,14:06:57,3.1,-0.01,51,15810,卖盘
555,14:06:53,3.11,0.01,3,933,买盘
556,14:06:48,3.1,-0.01,5,1550,卖盘
557,14:06:38,3.11,0.01,24,7464,买盘
558,14:06:33,3.1,-0.01,16,4960,卖盘
559,14:06:27,3.11,0.01,3,933,买盘
560,14:06:23,3.1,-0.01,48,14880,卖盘
561,14:06:17,3.11,--,6,1866,买盘
562,14:06:12,3.11,--,202,62822,买盘
563,14:06:07,3.11,--,11,3421,买盘
564,14:06:03,3.11,--,6,1866,买盘
565,14:05:57,3.11,--,1,311,买盘
566,14:05:53,3.11,0.01,20,6220,买盘
567,14:05:47,3.1,-0.01,53,16430,卖盘
568,14:05:37,3.11,0.01,1,311,买盘
569,14:05:32,3.1,--,25,7750,卖盘
570,14:05:27,3.1,-0.01,2,620,卖盘
571,14:05:22,3.11,0.01,1,311,买盘
572,14:05:18,3.1,--,62,19220,卖盘
573,14:05:07,3.1,--,20,6200,卖盘
574,14:05:02,3.1,--,5,1550,卖盘
575,14:04:57,3.1,--,2,620,卖盘
576,14:04:47,3.1,-0.01,54,16740,卖盘
577,14:04:42,3.11,--,2,622,买盘
578,14:04:37,3.11,0.01,46,14306,买盘
579,14:04:32,3.1,--,25,7750,卖盘
580,14:04:22,3.1,-0.01,15,4650,卖盘
581,14:04:17,3.11,0.01,6,1866,买盘
582,14:04:12,3.1,--,47,14570,卖盘
583,14:04:07,3.1,-0.01,2,620,卖盘
584,14:04:02,3.11,0.01,21,6531,买盘
585,14:03:47,3.1,--,20,6200,卖盘
586,14:03:42,3.1,--,3,930,卖盘
587,14:03:36,3.1,--,98,30380,卖盘
588,14:03:32,3.1,-0.01,45,13950,卖盘
589,14:03:27,3.11,--,56,17416,买盘
590,14:03:21,3.11,0.01,7,2177,买盘
591,14:03:17,3.1,-0.01,5,1550,卖盘
592,14:03:12,3.11,0.01,39,12129,买盘
593,14:03:02,3.1,-0.01,52,16120,卖盘
594,14:02:56,3.11,0.01,37,11507,买盘
595,14:02:47,3.1,-0.01,5,1550,卖盘
596,14:02:42,3.11,--,1,311,买盘
597,14:02:36,3.11,0.01,17,5287,买盘
598,14:02:32,3.1,--,53,16430,卖盘
599,14:02:27,3.1,--,115,35650,卖盘
600,14:02:17,3.1,-0.01,5,1550,卖盘
601,14:02:06,3.11,0.01,1,311,买盘
602,14:02:02,3.1,--,53,16430,卖盘
603,14:01:56,3.1,--,6,1860,卖盘
604,14:01:51,3.1,--,1,310,卖盘
605,14:01:47,3.1,--,105,32550,卖盘
606,14:01:41,3.1,--,1,310,卖盘
607,14:01:32,3.1,--,84,26040,卖盘
608,14:01:26,3.1,--,52,16120,卖盘
609,14:01:17,3.1,--,40,12400,卖盘
610,14:01:11,3.1,--,3,930,卖盘
611,14:01:02,3.1,-0.01,15,4650,卖盘
612,14:00:56,3.11,--,402,125022,买盘
613,14:00:51,3.11,0.01,1,311,买盘
614,14:00:47,3.1,--,11,3410,卖盘
615,14:00:41,3.1,--,187,57970,卖盘
616,14:00:32,3.1,--,5,1550,卖盘
617,14:00:26,3.1,--,3,930,卖盘
618,14:00:21,3.1,-0.01,48,14880,卖盘
619,14:00:17,3.11,0.01,8,2488,买盘
620,14:00:11,3.1,--,154,47740,卖盘
621,14:00:06,3.1,--,37,11470,卖盘
622,14:00:02,3.1,--,5,1550,卖盘
623,13:59:51,3.1,--,10,3100,卖盘
624,13:59:47,3.1,-0.01,5,1550,卖盘
625,13:59:41,3.11,--,116,36076,买盘
626,13:59:32,3.11,0.01,43,13373,买盘
627,13:59:26,3.1,--,69,21390,卖盘
628,13:59:17,3.1,-0.01,145,44950,卖盘
629,13:59:11,3.11,--,117,36387,买盘
630,13:59:02,3.11,--,74,23014,买盘
631,13:58:51,3.11,0.01,2,622,买盘
632,13:58:46,3.1,-0.01,6,1860,卖盘
633,13:58:41,3.11,0.01,117,36387,买盘
634,13:58:32,3.1,--,6,1860,卖盘
635,13:58:26,3.1,-0.01,10,3100,卖盘
636,13:58:17,3.11,0.01,220,68420,买盘
637,13:58:11,3.1,-0.01,317,98270,卖盘
638,13:58:06,3.11,0.01,1,311,买盘
639,13:58:01,3.1,--,5,1550,卖盘
640,13:57:56,3.1,--,61,18910,卖盘
641,13:57:51,3.1,--,288,89280,卖盘
642,13:57:46,3.1,-0.01,4,1240,卖盘
643,13:57:41,3.11,0.01,3119,970009,买盘
644,13:57:31,3.1,-0.01,8,2480,卖盘
645,13:57:26,3.11,0.01,2,622,买盘
646,13:57:16,3.1,-0.01,553,171430,卖盘
647,13:57:11,3.11,0.01,136,42296,买盘
648,13:57:00,3.1,-0.01,5,1550,卖盘
649,13:56:56,3.11,0.01,1,311,买盘
650,13:56:51,3.1,-0.01,62,19220,卖盘
651,13:56:45,3.11,0.01,7,2177,买盘
652,13:56:41,3.1,--,119,36890,卖盘
653,13:56:36,3.1,--,10,3100,卖盘
654,13:56:30,3.1,--,5,1550,卖盘
655,13:56:21,3.1,--,30,9300,卖盘
656,13:56:15,3.1,-0.01,5,1550,卖盘
657,13:56:11,3.11,--,116,36076,买盘
658,13:56:00,3.11,0.01,305,94855,买盘
659,13:55:56,3.1,-0.01,4,1240,卖盘
660,13:55:51,3.11,0.01,2,622,买盘
661,13:55:45,3.1,-0.01,6,1860,卖盘
662,13:55:41,3.11,--,116,36076,买盘
663,13:55:36,3.11,0.01,1,311,买盘
664,13:55:30,3.1,--,215,66650,卖盘
665,13:55:26,3.1,--,1,310,卖盘
666,13:55:20,3.1,--,8,2480,卖盘
667,13:55:15,3.1,--,5,1550,卖盘
668,13:55:11,3.1,--,140,43400,卖盘
669,13:55:00,3.1,-0.01,15,4650,卖盘
670,13:54:56,3.11,--,262,81482,买盘
671,13:54:50,3.11,0.01,7,2177,买盘
672,13:54:45,3.1,-0.01,5,1550,卖盘
673,13:54:41,3.11,0.01,119,37009,买盘
674,13:54:35,3.1,--,2,620,卖盘
675,13:54:30,3.1,-0.01,5,1550,卖盘
676,13:54:20,3.11,0.01,2040,634440,买盘
677,13:54:15,3.1,-0.01,5,1550,卖盘
678,13:54:11,3.11,--,116,36076,买盘
679,13:54:00,3.11,0.01,308,95788,买盘
680,13:53:56,3.1,--,10,3100,卖盘
681,13:53:45,3.1,-0.01,5,1550,卖盘
682,13:53:41,3.11,--,133,41363,买盘
683,13:53:35,3.11,0.01,1,311,买盘
684,13:53:30,3.1,--,5,1550,卖盘
685,13:53:26,3.1,--,210,65100,卖盘
686,13:53:20,3.1,--,202,62620,卖盘
687,13:53:15,3.1,-0.01,6,1860,卖盘
688,13:53:11,3.11,--,267,83037,买盘
689,13:53:00,3.11,0.01,14,4354,买盘
690,13:52:50,3.1,--,130,40300,卖盘
691,13:52:45,3.1,--,5,1550,卖盘
692,13:52:41,3.1,-0.01,117,36270,卖盘
693,13:52:35,3.11,0.01,3,933,买盘
694,13:52:30,3.1,--,5,1550,卖盘
695,13:52:20,3.1,--,20,6200,卖盘
696,13:52:15,3.1,--,44,13640,卖盘
697,13:52:11,3.1,-0.01,118,36580,卖盘
698,13:52:05,3.11,0.01,4,1244,买盘
699,13:52:00,3.1,--,5,1550,卖盘
700,13:51:55,3.1,--,313,97030,卖盘
701,13:51:50,3.1,--,1,310,卖盘
702,13:51:45,3.1,-0.01,6,1860,卖盘
703,13:51:40,3.11,0.01,170,52870,买盘
704,13:51:35,3.1,--,3,930,卖盘
705,13:51:30,3.1,--,5,1550,卖盘
706,13:51:25,3.1,--,1,310,卖盘
707,13:51:20,3.1,-0.01,2,620,卖盘
708,13:51:15,3.11,--,6,1866,买盘
709,13:51:10,3.11,--,137,42607,买盘
710,13:51:00,3.11,--,6,1866,买盘
711,13:50:55,3.11,0.01,28,8708,买盘
712,13:50:50,3.1,--,3,930,卖盘
713,13:50:45,3.1,--,5,1550,卖盘
714,13:50:40,3.1,--,130,40300,卖盘
715,13:50:35,3.1,--,1,310,卖盘
716,13:50:30,3.1,-0.01,5,1550,卖盘
717,13:50:20,3.11,0.01,6,1866,买盘
718,13:50:15,3.1,-0.01,5,1550,卖盘
719,13:50:10,3.11,0.01,116,36076,买盘
720,13:50:05,3.1,-0.01,321,99510,卖盘
721,13:50:00,3.11,--,7,2177,买盘
722,13:49:54,3.11,0.01,1,311,买盘
723,13:49:50,3.1,--,133,41230,卖盘
724,13:49:45,3.1,-0.01,1123,348130,卖盘
725,13:49:39,3.11,0.01,117,36387,买盘
726,13:49:30,3.1,-0.01,216,66960,卖盘
727,13:49:24,3.11,0.01,4550,1415050,买盘
728,13:49:20,3.1,-0.01,3,930,卖盘
729,13:49:15,3.11,0.01,28,8708,买盘
730,13:49:09,3.1,-0.01,122,37820,卖盘
731,13:49:05,3.11,0.01,321,99831,买盘
732,13:49:00,3.1,-0.01,23,7130,卖盘
733,13:48:50,3.11,0.01,1,311,买盘
734,13:48:45,3.1,-0.01,5,1550,卖盘
735,13:48:39,3.11,0.01,205,63755,买盘
736,13:48:35,3.1,-0.01,32,9920,卖盘
737,13:48:30,3.11,0.01,168,52248,买盘
738,13:48:24,3.1,-0.01,30,9300,卖盘
739,13:48:20,3.11,--,169,52559,买盘
740,13:48:14,3.11,--,20,6220,买盘
741,13:48:09,3.11,--,116,36076,买盘
742,13:48:05,3.11,0.01,40,12440,买盘
743,13:47:59,3.1,--,5,1550,卖盘
744,13:47:54,3.1,-0.01,10,3100,卖盘
745,13:47:49,3.11,--,14,4354,买盘
746,13:47:44,3.11,--,6,1866,买盘
747,13:47:39,3.11,--,116,36076,买盘
748,13:47:35,3.11,--,3,933,买盘
749,13:47:29,3.11,--,9,2799,买盘
750,13:47:24,3.11,0.01,18,5598,买盘
751,13:47:20,3.1,--,1,310,卖盘
752,13:47:14,3.1,--,27,8370,卖盘
753,13:47:09,3.1,-0.01,7,2170,卖盘
754,13:47:04,3.11,--,4,1244,买盘
755,13:46:59,3.11,0.01,154,47894,买盘
756,13:46:49,3.1,--,101,31310,卖盘
757,13:46:44,3.1,--,17,5270,卖盘
758,13:46:35,3.1,--,34,10540,卖盘
759,13:46:29,3.1,--,5,1550,卖盘
760,13:46:20,3.1,--,54,16740,卖盘
761,13:46:14,3.1,--,7,2170,卖盘
762,13:46:09,3.1,-0.01,2168,672080,卖盘
763,13:45:59,3.11,0.01,7,2177,买盘
764,13:45:50,3.1,-0.01,1,310,卖盘
765,13:45:44,3.11,--,45,13995,买盘
766,13:45:39,3.11,0.01,53,16483,买盘
767,13:45:29,3.1,-0.01,16,4960,卖盘
768,13:45:19,3.11,0.01,33,10263,买盘
769,13:45:14,3.1,-0.01,9,2790,卖盘
770,13:45:09,3.11,0.01,53,16483,买盘
771,13:44:59,3.1,-0.01,6,1860,卖盘
772,13:44:49,3.11,0.01,112,34832,买盘
773,13:44:44,3.1,-0.01,6,1860,卖盘
774,13:44:34,3.11,--,53,16483,买盘
775,13:44:29,3.11,0.01,23,7153,买盘
776,13:44:14,3.1,-0.01,5,1550,卖盘
777,13:44:04,3.11,0.01,55,17105,买盘
778,13:43:59,3.1,--,41,12710,卖盘
779,13:43:54,3.1,-0.01,14,4340,卖盘
780,13:43:49,3.11,0.01,1,311,买盘
781,13:43:44,3.1,-0.01,5,1550,卖盘
782,13:43:39,3.11,--,53,16483,买盘
783,13:43:34,3.11,0.01,2,622,买盘
784,13:43:29,3.1,-0.01,6,1860,卖盘
785,13:43:24,3.11,0.01,740,230140,买盘
786,13:43:19,3.1,-0.01,11,3410,卖盘
787,13:43:14,3.11,0.01,35,10885,买盘
788,13:43:04,3.1,--,147,45570,卖盘
789,13:42:59,3.1,--,1037,321625,卖盘
790,13:42:44,3.1,--,5,1550,卖盘
791,13:42:39,3.1,--,11,3410,卖盘
792,13:42:34,3.1,--,1,310,卖盘
793,13:42:29,3.1,-0.01,11,3410,卖盘
794,13:42:24,3.11,--,15,4665,买盘
795,13:42:14,3.11,0.01,6,1866,买盘
796,13:42:03,3.1,--,1,310,卖盘
797,13:41:59,3.1,-0.01,5,1550,卖盘
798,13:41:54,3.11,0.01,987,306957,买盘
799,13:41:44,3.1,--,5,1550,卖盘
800,13:41:39,3.1,--,5,1550,卖盘
801,13:41:29,3.1,-0.01,15,4650,卖盘
802,13:41:23,3.11,0.01,2,622,买盘
803,13:41:14,3.1,--,5,1550,卖盘
804,13:41:09,3.1,--,11,3410,卖盘
805,13:40:59,3.1,--,5,1550,卖盘
806,13:40:44,3.1,-0.01,5,1550,卖盘
807,13:40:33,3.11,0.01,1,311,买盘
808,13:40:29,3.1,--,5,1550,卖盘
809,13:40:23,3.1,--,139,43090,卖盘
810,13:40:13,3.1,--,5,1550,卖盘
811,13:40:08,3.1,--,30,9300,卖盘
812,13:40:03,3.1,--,201,62310,卖盘
813,13:39:58,3.1,--,5,1550,卖盘
814,13:39:53,3.1,--,50,15500,卖盘
815,13:39:43,3.1,-0.01,14,4340,卖盘
816,13:39:38,3.11,--,670,208370,买盘
817,13:39:33,3.11,--,28,8708,买盘
818,13:39:28,3.11,--,1028,319708,买盘
819,13:39:23,3.11,--,150,46650,买盘
820,13:39:18,3.11,0.01,1202,373822,买盘
821,13:39:13,3.1,-0.01,8,2480,卖盘
822,13:39:08,3.11,--,294,91434,买盘
823,13:39:03,3.11,--,3,933,买盘
824,13:38:58,3.11,0.01,1337,415807,买盘
825,13:38:53,3.1,--,20,6200,卖盘
826,13:38:48,3.1,-0.01,100,31000,卖盘
827,13:38:43,3.11,--,70,21770,买盘
828,13:38:38,3.11,--,336,104496,买盘
829,13:38:33,3.11,0.01,8,2488,买盘
830,13:38:28,3.1,--,48,14880,卖盘
831,13:38:23,3.1,--,203,62930,卖盘
832,13:38:13,3.1,-0.01,5,1550,卖盘
833,13:38:08,3.11,0.01,105,32655,买盘
834,13:37:58,3.1,--,747,231570,卖盘
835,13:37:53,3.1,-0.01,10,3100,卖盘
836,13:37:43,3.11,--,25,7775,买盘
837,13:37:38,3.11,0.01,341,106051,买盘
838,13:37:28,3.1,-0.01,8,2480,卖盘
839,13:37:23,3.11,--,1,311,买盘
840,13:37:18,3.11,--,194,60334,买盘
841,13:37:13,3.11,--,6,1866,买盘
842,13:37:08,3.11,--,206,64066,买盘
843,13:36:58,3.11,--,2148,668028,买盘
844,13:36:53,3.11,0.01,1,311,买盘
845,13:36:43,3.1,-0.01,6,1860,卖盘
846,13:36:38,3.11,0.01,2209,686999,买盘
847,13:36:28,3.1,--,6,1860,卖盘
848,13:36:23,3.1,-0.01,3,930,卖盘
849,13:36:18,3.11,0.01,2,622,买盘
850,13:36:13,3.1,-0.01,4,1240,卖盘
851,13:36:08,3.11,0.01,133,41363,买盘
852,13:35:58,3.1,--,93,28830,卖盘
853,13:35:53,3.1,-0.01,3,930,卖盘
854,13:35:43,3.11,--,17,5287,买盘
855,13:35:38,3.11,0.01,104,32344,买盘
856,13:35:28,3.1,--,12,3720,卖盘
857,13:35:23,3.1,--,35,10850,卖盘
858,13:35:13,3.1,-0.01,5,1550,卖盘
859,13:35:08,3.11,0.01,145,45095,买盘
860,13:35:03,3.1,--,1,310,卖盘
861,13:34:58,3.1,-0.01,30,9300,卖盘
862,13:34:53,3.11,0.01,29,9019,买盘
863,13:34:48,3.1,--,24,7440,卖盘
864,13:34:43,3.1,--,11,3410,卖盘
865,13:34:38,3.1,--,108,33480,卖盘
866,13:34:33,3.1,--,1,310,卖盘
867,13:34:28,3.1,-0.01,7,2170,卖盘
868,13:34:23,3.11,0.01,32,9952,买盘
869,13:34:18,3.1,--,1,310,卖盘
870,13:34:13,3.1,-0.01,138,42780,卖盘
871,13:34:08,3.11,0.01,126,39186,买盘
872,13:34:03,3.1,--,31,9610,卖盘
873,13:33:57,3.1,--,5,1550,卖盘
874,13:33:53,3.1,--,1,310,卖盘
875,13:33:48,3.1,--,37,11470,卖盘
876,13:33:42,3.1,-0.01,5,1550,卖盘
877,13:33:38,3.11,--,156,48516,买盘
878,13:33:32,3.11,0.01,4,1244,买盘
879,13:33:27,3.1,--,5,1550,卖盘
880,13:33:17,3.1,--,4,1240,卖盘
881,13:33:12,3.1,-0.01,5,1550,卖盘
882,13:33:08,3.11,0.01,112,34832,买盘
883,13:32:57,3.1,-0.01,6,1860,卖盘
884,13:32:53,3.11,--,28,8708,买盘
885,13:32:47,3.11,0.01,16,4976,买盘
886,13:32:42,3.1,-0.01,19,5890,卖盘
887,13:32:38,3.11,0.01,105,32655,买盘
888,13:32:27,3.1,-0.01,7,2170,卖盘
889,13:32:22,3.11,0.01,1,311,买盘
890,13:32:17,3.1,--,10,3100,卖盘
891,13:32:12,3.1,-0.01,305,94550,卖盘
892,13:32:07,3.11,0.01,106,32966,买盘
893,13:31:57,3.1,--,5,1550,卖盘
894,13:31:52,3.1,-0.01,1441,446710,卖盘
895,13:31:47,3.11,0.01,1,311,买盘
896,13:31:42,3.1,-0.01,5,1550,卖盘
897,13:31:37,3.11,--,164,51004,买盘
898,13:31:32,3.11,0.01,1,311,买盘
899,13:31:27,3.1,--,5,1550,卖盘
900,13:31:22,3.1,--,3,930,卖盘
901,13:31:17,3.1,--,7,2170,卖盘
902,13:31:12,3.1,-0.01,47,14570,卖盘
903,13:31:07,3.11,--,136,42296,买盘
904,13:31:02,3.11,0.01,3,933,买盘
905,13:30:57,3.1,--,54,16740,卖盘
906,13:30:52,3.1,-0.01,27,8370,卖盘
907,13:30:47,3.11,0.01,13,4043,买盘
908,13:30:42,3.1,-0.01,9,2790,卖盘
909,13:30:37,3.11,--,107,33277,买盘
910,13:30:32,3.11,0.01,1,311,买盘
911,13:30:27,3.1,--,5,1550,卖盘
912,13:30:12,3.1,--,5,1550,卖盘
913,13:30:07,3.1,--,73,22630,买盘
914,13:30:02,3.1,0.01,201,62310,买盘
915,13:29:57,3.09,-0.01,6,1854,卖盘
916,13:29:47,3.1,--,141,43710,卖盘
917,13:29:42,3.1,--,5,1550,卖盘
918,13:29:37,3.1,-0.01,112,34720,卖盘
919,13:29:32,3.11,0.01,95,29545,买盘
920,13:29:27,3.1,--,7,2170,卖盘
921,13:29:22,3.1,--,10,3100,卖盘
922,13:29:17,3.1,--,33,10230,卖盘
923,13:29:12,3.1,--,5,1550,卖盘
924,13:29:07,3.1,0.01,59,18290,买盘
925,13:29:02,3.09,--,202,62418,卖盘
926,13:28:57,3.09,-0.01,15,4635,卖盘
927,13:28:47,3.1,--,26,8060,卖盘
928,13:28:42,3.1,--,16,4960,卖盘
929,13:28:37,3.1,--,63,19530,买盘
930,13:28:32,3.1,--,1,310,买盘
931,13:28:22,3.1,--,46,14260,卖盘
932,13:28:17,3.1,--,105,32550,卖盘
933,13:28:12,3.1,-0.01,105,32550,卖盘
934,13:28:07,3.11,0.01,104,32344,买盘
935,13:27:57,3.1,-0.01,275,85250,卖盘
936,13:27:52,3.11,0.01,16,4976,买盘
937,13:27:47,3.1,--,19,5890,卖盘
938,13:27:42,3.1,--,172,53320,卖盘
939,13:27:32,3.1,--,3,930,卖盘
940,13:27:27,3.1,--,68,21080,卖盘
941,13:27:22,3.1,--,0,0,中性盘
942,13:27:17,3.1,--,99,30690,卖盘
943,13:27:12,3.1,--,119,36890,买盘
944,13:27:02,3.1,0.01,50,15500,买盘
945,13:26:57,3.09,--,5,1545,卖盘
946,13:26:42,3.09,-0.01,118,36462,卖盘
947,13:26:32,3.1,0.01,5,1550,买盘
948,13:26:26,3.09,--,6,1854,卖盘
949,13:26:21,3.09,--,3,927,卖盘
950,13:26:12,3.09,-0.01,121,37389,卖盘
951,13:26:07,3.1,0.01,1,310,买盘
952,13:25:56,3.09,--,5,1545,卖盘
953,13:25:41,3.09,-0.01,111,34299,卖盘
954,13:25:32,3.1,--,50,15500,买盘
955,13:25:26,3.1,--,3,930,买盘
956,13:25:21,3.1,0.01,28,8680,卖盘
957,13:25:17,3.09,--,0,0,卖盘
958,13:25:11,3.09,-0.01,110,33990,卖盘
959,13:25:02,3.1,--,295,91450,卖盘
960,13:24:56,3.1,--,63,19530,卖盘
961,13:24:41,3.1,--,14,4340,卖盘
962,13:24:31,3.1,--,116,35960,卖盘
963,13:24:26,3.1,--,5,1550,卖盘
964,13:24:21,3.1,--,46,14260,卖盘
965,13:24:17,3.1,--,132,40920,卖盘
966,13:24:11,3.1,-0.01,6,1860,卖盘
967,13:24:06,3.11,0.01,33,10263,买盘
968,13:24:01,3.1,--,12,3720,卖盘
969,13:23:56,3.1,--,24,7440,卖盘
970,13:23:41,3.1,0.01,1102,341620,买盘
971,13:23:36,3.09,--,1,309,卖盘
972,13:23:31,3.09,--,1,309,卖盘
973,13:23:26,3.09,--,6,1854,卖盘
974,13:23:21,3.09,--,1,309,卖盘
975,13:23:16,3.09,--,34,10506,卖盘
976,13:23:11,3.09,--,5,1545,卖盘
977,13:23:01,3.09,--,102,31518,卖盘
978,13:22:56,3.09,-0.01,16,4944,卖盘
979,13:22:51,3.1,--,43,13330,买盘
980,13:22:41,3.1,0.01,108,33480,买盘
981,13:22:36,3.09,--,72,22248,卖盘
982,13:22:31,3.09,--,1,309,卖盘
983,13:22:26,3.09,--,25,7725,卖盘
984,13:22:16,3.09,--,4,1236,卖盘
985,13:22:11,3.09,-0.01,6,1854,卖盘
986,13:22:01,3.1,0.01,6,1860,买盘
987,13:21:56,3.09,--,6,1854,卖盘
988,13:21:51,3.09,--,11,3399,卖盘
989,13:21:46,3.09,--,33,10197,卖盘
990,13:21:41,3.09,-0.01,7,2163,卖盘
991,13:21:36,3.1,0.01,40,12400,买盘
992,13:21:31,3.09,-0.01,172,53148,卖盘
993,13:21:26,3.1,0.01,358,110980,买盘
994,13:21:16,3.09,--,112,34608,卖盘
995,13:21:11,3.09,--,6,1854,卖盘
996,13:21:06,3.09,--,1,309,卖盘
997,13:21:01,3.09,--,26,8034,卖盘
998,13:20:56,3.09,--,2226,687834,卖盘
999,13:20:41,3.09,-0.01,8,2472,卖盘
1000,13:20:31,3.1,--,1,310,买盘
1001,13:20:26,3.1,--,51,15810,买盘
1002,13:20:21,3.1,--,97,30070,买盘
1003,13:20:16,3.1,0.01,152,47120,买盘
1004,13:20:11,3.09,-0.01,8,2472,卖盘
1005,13:20:06,3.1,0.01,36,11160,买盘
1006,13:19:56,3.09,--,79,24411,卖盘
1007,13:19:51,3.09,-0.01,401,123909,卖盘
1008,13:19:46,3.1,0.01,26,8060,买盘
1009,13:19:41,3.09,-0.01,21,6489,卖盘
1010,13:19:36,3.1,0.01,54,16740,买盘
1011,13:19:31,3.09,--,1,309,卖盘
1012,13:19:26,3.09,-0.01,7,2163,卖盘
1013,13:19:21,3.1,--,51,15810,买盘
1014,13:19:16,3.1,0.01,201,62310,买盘
1015,13:19:11,3.09,-0.01,37,11433,卖盘
1016,13:19:06,3.1,--,38,11780,买盘
1017,13:19:01,3.1,0.01,338,104780,买盘
1018,13:18:56,3.09,-0.01,23,7107,卖盘
1019,13:18:51,3.1,--,29,8990,买盘
1020,13:18:46,3.1,0.01,201,62310,买盘
1021,13:18:41,3.09,--,61,18849,卖盘
1022,13:18:36,3.09,--,7,2163,卖盘
1023,13:18:31,3.09,--,2,618,卖盘
1024,13:18:26,3.09,--,31,9579,卖盘
1025,13:18:20,3.09,--,3,927,卖盘
1026,13:18:16,3.09,--,127,39243,卖盘
1027,13:18:11,3.09,--,8,2472,卖盘
1028,13:18:05,3.09,--,28,8652,卖盘
1029,13:18:01,3.09,-0.01,1,309,卖盘
1030,13:17:56,3.1,0.01,73,22630,买盘
1031,13:17:50,3.09,--,3,927,卖盘
1032,13:17:46,3.09,-0.01,1,309,卖盘
1033,13:17:41,3.1,0.01,35,10850,买盘
1034,13:17:35,3.09,--,32,9888,卖盘
1035,13:17:26,3.09,-0.01,39,12051,卖盘
1036,13:17:20,3.1,0.01,32,9920,买盘
1037,13:17:15,3.09,--,2,618,卖盘
1038,13:17:11,3.09,--,34,10506,卖盘
1039,13:17:05,3.09,-0.01,3,927,卖盘
1040,13:17:00,3.1,0.01,27,8370,买盘
1041,13:16:55,3.09,--,74,22866,卖盘
1042,13:16:50,3.09,--,58,17922,卖盘
1043,13:16:45,3.09,-0.01,51,15759,卖盘
1044,13:16:41,3.1,0.01,8,2480,买盘
1045,13:16:35,3.09,--,46,14214,卖盘
1046,13:16:30,3.09,--,1,309,卖盘
1047,13:16:25,3.09,--,38228,11812452,卖盘
1048,13:16:20,3.09,--,4,1236,卖盘
1049,13:16:15,3.09,--,47,14523,卖盘
1050,13:16:10,3.09,-0.01,4,1236,卖盘
1051,13:16:05,3.1,0.01,27,8370,买盘
1052,13:16:00,3.09,-0.01,10,3090,卖盘
1053,13:15:55,3.1,--,8,2480,买盘
1054,13:15:50,3.1,0.01,29,8990,买盘
1055,13:15:45,3.09,--,1,309,卖盘
1056,13:15:40,3.09,--,30,9270,卖盘
1057,13:15:35,3.09,-0.01,1053,325377,卖盘
1058,13:15:30,3.1,--,30,9300,买盘
1059,13:15:25,3.1,--,15,4650,买盘
1060,13:15:20,3.1,0.01,27,8370,买盘
1061,13:15:10,3.09,-0.01,33,10197,卖盘
1062,13:14:55,3.1,--,29,8990,买盘
1063,13:14:50,3.1,--,7819,2424153,卖盘
1064,13:14:45,3.1,--,1,310,卖盘
1065,13:14:40,3.1,-0.01,5,1550,卖盘
1066,13:14:35,3.11,0.01,34,10574,买盘
1067,13:14:30,3.1,--,22,6820,卖盘
1068,13:14:25,3.1,-0.01,35,10850,卖盘
1069,13:14:20,3.11,--,44,13684,买盘
1070,13:14:10,3.11,0.01,32,9952,买盘
1071,13:14:05,3.1,--,53,16430,卖盘
1072,13:14:00,3.1,--,3,930,卖盘
1073,13:13:55,3.1,-0.01,6,1860,卖盘
1074,13:13:50,3.11,0.01,29,9019,买盘
1075,13:13:40,3.1,--,35,10850,卖盘
1076,13:13:35,3.1,-0.01,22,6820,卖盘
1077,13:13:30,3.11,0.01,30,9330,买盘
1078,13:13:25,3.1,-0.01,50,15500,卖盘
1079,13:13:20,3.11,--,28,8708,买盘
1080,13:13:15,3.11,--,519,161409,买盘
1081,13:13:10,3.11,--,11,3421,买盘
1082,13:13:05,3.11,0.01,174,54114,买盘
1083,13:13:00,3.1,--,64,19840,卖盘
1084,13:12:55,3.1,-0.01,501,155310,卖盘
1085,13:12:45,3.11,0.01,33,10263,买盘
1086,13:12:35,3.1,--,52,16120,卖盘
1087,13:12:30,3.1,-0.01,6,1860,卖盘
1088,13:12:25,3.11,--,25,7775,买盘
1089,13:12:15,3.11,--,30,9330,买盘
1090,13:12:04,3.11,0.01,29,9019,买盘
1091,13:12:00,3.1,--,25,7750,卖盘
1092,13:11:55,3.1,-0.01,27,8370,卖盘
1093,13:11:49,3.11,0.01,68,21148,买盘
1094,13:11:44,3.1,-0.01,9,2790,卖盘
1095,13:11:40,3.11,0.01,28,8708,买盘
1096,13:11:34,3.1,--,2,620,卖盘
1097,13:11:30,3.1,--,58,17980,卖盘
1098,13:11:25,3.1,--,1,310,卖盘
1099,13:11:19,3.1,--,180,55800,卖盘
1100,13:11:15,3.1,--,206,63860,卖盘
1101,13:11:10,3.1,--,6,1860,卖盘
1102,13:11:04,3.1,-0.01,1,310,卖盘
1103,13:10:59,3.11,0.01,32,9952,买盘
1104,13:10:55,3.1,--,3,930,卖盘
1105,13:10:49,3.1,--,27,8370,卖盘
1106,13:10:44,3.1,-0.01,7,2170,卖盘
1107,13:10:34,3.11,0.01,48,14928,买盘
1108,13:10:29,3.1,-0.01,8,2480,卖盘
1109,13:10:25,3.11,0.01,30,9330,买盘
1110,13:10:19,3.1,--,31,9610,卖盘
1111,13:10:14,3.1,-0.01,34,10540,卖盘
1112,13:10:10,3.11,0.01,2,622,买盘
1113,13:10:04,3.1,-0.01,38,11780,卖盘
1114,13:09:59,3.11,--,6,1866,买盘
1115,13:09:49,3.11,0.01,27,8397,买盘
1116,13:09:44,3.1,-0.01,6,1860,卖盘
1117,13:09:39,3.11,0.01,27,8397,买盘
1118,13:09:34,3.1,-0.01,2000,620000,卖盘
1119,13:09:29,3.11,0.01,82,25502,买盘
1120,13:09:24,3.1,--,14,4340,卖盘
1121,13:09:19,3.1,--,41,12710,卖盘
1122,13:09:14,3.1,--,6,1860,卖盘
1123,13:09:09,3.1,--,27,8370,卖盘
1124,13:09:04,3.1,-0.01,503,155930,卖盘
1125,13:08:59,3.11,0.01,37,11507,买盘
1126,13:08:54,3.1,--,60,18600,卖盘
1127,13:08:49,3.1,-0.01,702,217620,卖盘
1128,13:08:44,3.11,0.01,135,41985,买盘
1129,13:08:39,3.1,--,6,1860,卖盘
1130,13:08:34,3.1,-0.01,26,8060,卖盘
1131,13:08:29,3.11,--,5,1555,买盘
1132,13:08:24,3.11,0.01,28,8708,买盘
1133,13:08:19,3.1,--,129,39990,卖盘
1134,13:08:14,3.1,--,31,9610,卖盘
1135,13:08:09,3.1,--,30,9300,卖盘
1136,13:08:04,3.1,-0.01,2,620,卖盘
1137,13:07:59,3.11,0.01,83,25813,买盘
1138,13:07:49,3.1,--,28,8680,卖盘
1139,13:07:44,3.1,--,36,11160,卖盘
1140,13:07:39,3.1,--,1,310,卖盘
1141,13:07:34,3.1,--,1,310,卖盘
1142,13:07:29,3.1,-0.01,55,17050,卖盘
1143,13:07:19,3.11,0.01,115,35765,买盘
1144,13:07:14,3.1,-0.01,7,2170,卖盘
1145,13:07:04,3.11,0.01,31,9641,买盘
1146,13:06:59,3.1,-0.01,24,7440,卖盘
1147,13:06:54,3.11,0.01,30,9330,买盘
1148,13:06:49,3.1,-0.01,1,310,卖盘
1149,13:06:44,3.11,0.01,33,10263,买盘
1150,13:06:39,3.1,--,1,310,卖盘
1151,13:06:34,3.1,--,125,38750,卖盘
1152,13:06:29,3.1,-0.01,6,1860,卖盘
1153,13:06:24,3.11,--,31,9641,买盘
1154,13:06:14,3.11,0.01,82,25502,买盘
1155,13:06:09,3.1,-0.01,130,40300,卖盘
1156,13:05:59,3.11,0.01,93,28923,买盘
1157,13:05:54,3.1,--,26,8060,卖盘
1158,13:05:44,3.1,--,208,64480,卖盘
1159,13:05:39,3.1,--,56,17360,卖盘
1160,13:05:28,3.1,-0.01,184,57040,卖盘
1161,13:05:14,3.11,--,242,75262,买盘
1162,13:05:09,3.11,--,29,9019,买盘
1163,13:05:04,3.11,0.01,33,10263,买盘
1164,13:04:58,3.1,-0.01,4,1240,卖盘
1165,13:04:54,3.11,--,26,8086,买盘
1166,13:04:43,3.11,0.01,34,10574,买盘
1167,13:04:39,3.1,-0.01,1001,310310,卖盘
1168,13:04:34,3.11,0.01,26,8086,买盘
1169,13:04:28,3.1,--,5,1550,卖盘
1170,13:04:23,3.1,--,47,14570,卖盘
1171,13:04:19,3.1,--,32,9920,卖盘
1172,13:04:13,3.1,-0.01,24,7440,卖盘
1173,13:04:08,3.11,--,28,8708,买盘
1174,13:03:58,3.11,--,33,10263,买盘
1175,13:03:54,3.11,--,1,311,买盘
1176,13:03:49,3.11,0.01,28,8708,买盘
1177,13:03:43,3.1,-0.01,16,4960,卖盘
1178,13:03:38,3.11,0.01,129,40119,买盘
1179,13:03:34,3.1,--,100,31000,卖盘
1180,13:03:28,3.1,--,34,10540,卖盘
1181,13:03:18,3.1,-0.01,30,9300,卖盘
1182,13:03:13,3.11,0.01,35,10885,买盘
1183,13:03:08,3.1,-0.01,60,18600,卖盘
1184,13:03:03,3.11,--,27,8397,买盘
1185,13:02:58,3.11,--,7,2177,买盘
1186,13:02:53,3.11,0.01,76,23639,买盘
1187,13:02:48,3.1,--,15,4650,卖盘
1188,13:02:43,3.1,--,41,12710,卖盘
1189,13:02:38,3.1,-0.01,40,12400,卖盘
1190,13:02:28,3.11,0.01,31,9641,买盘
1191,13:02:23,3.1,--,377,116870,卖盘
1192,13:02:13,3.1,-0.01,16,4960,卖盘
1193,13:02:08,3.11,0.01,28,8708,买盘
1194,13:01:58,3.1,--,86,26660,卖盘
1195,13:01:53,3.1,-0.01,239,74090,卖盘
1196,13:01:48,3.11,0.01,60,18660,买盘
1197,13:01:43,3.1,--,1317,408270,卖盘
1198,13:01:38,3.1,--,34,10540,卖盘
1199,13:01:28,3.1,-0.01,5,1550,卖盘
1200,13:01:23,3.11,--,2536,788829,买盘
1201,13:01:13,3.11,--,45,13995,买盘
1202,13:01:03,3.11,0.01,58,18038,买盘
1203,13:00:58,3.1,--,4,1240,卖盘
1204,13:00:53,3.1,--,33,10230,卖盘
1205,13:00:43,3.1,-0.01,32,9920,卖盘
1206,13:00:38,3.11,--,1,311,买盘
1207,13:00:28,3.11,--,32,9952,买盘
1208,13:00:23,3.11,0.01,26,8086,买盘
1209,13:00:13,3.1,--,1,310,卖盘
1210,13:00:08,3.1,-0.01,4096,1269760,卖盘
1211,13:00:03,3.11,0.01,449,139639,买盘
1212,11:30:00,3.1,--,0,0,卖盘
1213,11:30:00,3.1,--,60,18600,卖盘
1214,11:29:59,3.1,--,143,44330,卖盘
1215,11:29:49,3.1,--,2738,848913,卖盘
1216,11:29:44,3.1,-0.01,86,26660,卖盘
1217,11:29:34,3.11,0.01,28,8708,买盘
1218,11:29:29,3.1,--,109,33790,卖盘
1219,11:29:23,3.1,--,30,9300,卖盘
1220,11:29:19,3.1,--,3209,994920,卖盘
1221,11:29:14,3.1,-0.01,62,19220,卖盘
1222,11:29:08,3.11,0.01,127,39497,买盘
1223,11:29:04,3.1,--,38,11780,卖盘
1224,11:28:59,3.1,-0.01,6,1860,卖盘
1225,11:28:49,3.11,0.01,12538,3899451,买盘
1226,11:28:44,3.1,-0.01,32,9920,卖盘
1227,11:28:29,3.11,0.01,79,24569,买盘
1228,11:28:23,3.1,--,15,4650,卖盘
1229,11:28:19,3.1,-0.01,2537,786603,卖盘
1230,11:28:14,3.11,--,201,62511,买盘
1231,11:28:04,3.11,--,25,7775,买盘
1232,11:27:59,3.11,0.01,29,9019,买盘
1233,11:27:49,3.1,-0.01,2509,777923,卖盘
1234,11:27:44,3.11,--,10150,3156650,买盘
1235,11:27:34,3.11,0.01,31,9641,买盘
1236,11:27:29,3.1,-0.01,5,1550,卖盘
1237,11:27:23,3.11,0.01,27,8397,买盘
1238,11:27:19,3.1,-0.01,2509,777923,卖盘
1239,11:27:14,3.11,0.01,32,9952,买盘
1240,11:27:08,3.1,-0.01,4,1240,卖盘
1241,11:27:04,3.11,0.01,29,9019,买盘
1242,11:26:59,3.1,-0.01,12,3720,卖盘
1243,11:26:49,3.11,0.01,2535,788515,买盘
1244,11:26:44,3.1,--,17,5273,卖盘
1245,11:26:38,3.1,-0.01,5307,1645170,卖盘
1246,11:26:34,3.11,0.01,149,46339,买盘
1247,11:26:29,3.1,-0.01,39,12090,卖盘
1248,11:26:19,3.11,0.01,27,8397,买盘
1249,11:26:14,3.1,--,5,1550,卖盘
1250,11:26:04,3.1,--,41,12710,卖盘
1251,11:25:59,3.1,-0.01,18,5580,卖盘
1252,11:25:49,3.11,--,4,1244,买盘
1253,11:25:44,3.11,--,6,1866,买盘
1254,11:25:38,3.11,0.01,1,311,买盘
1255,11:25:29,3.1,--,5,1550,卖盘
1256,11:25:19,3.1,--,1,310,卖盘
1257,11:25:13,3.1,--,15,4650,卖盘
1258,11:25:04,3.1,-0.01,198,61380,卖盘
1259,11:24:59,3.11,0.01,138,42918,买盘
1260,11:24:53,3.1,--,1,310,卖盘
1261,11:24:49,3.1,--,543,168330,卖盘
1262,11:24:44,3.1,-0.01,21,6510,卖盘
1263,11:24:33,3.11,0.01,8,2488,买盘
1264,11:24:29,3.1,-0.01,24,7440,卖盘
1265,11:24:23,3.11,0.01,28,8708,买盘
1266,11:24:19,3.1,--,10,3100,卖盘
1267,11:24:14,3.1,-0.01,69,21390,卖盘
1268,11:24:08,3.11,0.01,16,4976,买盘
1269,11:23:59,3.1,-0.01,81,25110,卖盘
1270,11:23:47,3.11,--,2,622,买盘
1271,11:23:44,3.11,--,6,1866,买盘
1272,11:23:38,3.11,0.01,865,269015,买盘
1273,11:23:32,3.1,--,33,10230,卖盘
1274,11:23:29,3.1,--,5,1550,卖盘
1275,11:23:13,3.1,-0.01,5,1550,卖盘
1276,11:23:08,3.11,0.01,1,311,买盘
1277,11:22:58,3.1,--,5,1550,卖盘
1278,11:22:53,3.1,-0.01,2,620,卖盘
1279,11:22:47,3.11,0.01,10,3110,买盘
1280,11:22:43,3.1,-0.01,105,32550,卖盘
1281,11:22:28,3.11,--,8,2488,买盘
1282,11:22:23,3.11,0.01,18,5598,买盘
1283,11:22:13,3.1,--,5,1550,卖盘
1284,11:22:08,3.1,-0.01,100,31000,卖盘
1285,11:22:02,3.11,--,10,3110,买盘
1286,11:21:58,3.11,--,6,1866,买盘
1287,11:21:43,3.11,--,206,64066,买盘
1288,11:21:38,3.11,0.01,15,4665,买盘
1289,11:21:28,3.1,-0.01,5,1550,卖盘
1290,11:21:23,3.11,0.01,2,622,买盘
1291,11:21:17,3.1,-0.01,20,6200,卖盘
1292,11:21:13,3.11,--,21,6531,买盘
1293,11:21:08,3.11,0.01,1,311,买盘
1294,11:20:58,3.1,-0.01,5,1550,卖盘
1295,11:20:53,3.11,0.01,17,5287,买盘
1296,11:20:47,3.1,-0.01,2,620,卖盘
1297,11:20:43,3.11,0.01,142,44162,买盘
1298,11:20:38,3.1,-0.01,299,92690,卖盘
1299,11:20:28,3.11,0.01,18,5598,买盘
1300,11:20:13,3.1,-0.01,6,1860,卖盘
1301,11:20:08,3.11,0.01,8,2488,买盘
1302,11:20:02,3.1,--,1,310,卖盘
1303,11:19:58,3.1,--,5,1550,卖盘
1304,11:19:47,3.1,--,220,68200,卖盘
1305,11:19:43,3.1,-0.01,5,1550,卖盘
1306,11:19:38,3.11,0.01,126,39186,买盘
1307,11:19:27,3.1,--,5,1550,卖盘
1308,11:19:17,3.1,--,1,310,卖盘
1309,11:19:13,3.1,-0.01,48,14880,卖盘
1310,11:19:08,3.11,0.01,155,48205,买盘
1311,11:19:02,3.1,--,1,310,卖盘
1312,11:18:58,3.1,--,5,1550,卖盘
1313,11:18:53,3.1,--,9,2790,卖盘
1314,11:18:47,3.1,--,30,9300,卖盘
1315,11:18:43,3.1,-0.01,2425,751750,卖盘
1316,11:18:38,3.11,0.01,40125,12478875,买盘
1317,11:18:28,3.1,--,86,26660,卖盘
1318,11:18:23,3.1,--,182,56420,卖盘
1319,11:18:17,3.1,--,30,9300,卖盘
1320,11:18:13,3.1,-0.01,229,70990,卖盘
1321,11:18:08,3.11,0.01,125,38875,买盘
1322,11:18:02,3.1,--,200,62000,卖盘
1323,11:17:58,3.1,--,5,1550,卖盘
1324,11:17:43,3.1,--,118,36580,卖盘
1325,11:17:38,3.1,--,359,111290,卖盘
1326,11:17:32,3.1,--,500,155000,卖盘
1327,11:17:28,3.1,-0.01,6,1860,卖盘
1328,11:17:23,3.11,0.01,27,8397,买盘
1329,11:17:12,3.1,--,230,71300,卖盘
1330,11:17:08,3.1,-0.01,475,147250,卖盘
1331,11:16:58,3.11,0.01,20,6220,买盘
1332,11:16:52,3.1,-0.01,22,6820,卖盘
1333,11:16:41,3.11,--,102,31722,买盘
1334,11:16:38,3.11,0.01,126,39186,买盘
1335,11:16:32,3.1,--,1,310,卖盘
1336,11:16:26,3.1,-0.01,48,14880,卖盘
1337,11:16:23,3.11,--,23,7153,买盘
1338,11:16:17,3.11,0.01,21,6531,买盘
1339,11:16:11,3.1,-0.01,71,22010,卖盘
1340,11:16:07,3.11,0.01,125,38875,买盘
1341,11:15:56,3.1,-0.01,5,1550,卖盘
1342,11:15:52,3.11,0.01,17,5287,买盘
1343,11:15:41,3.1,-0.01,76,23560,卖盘
1344,11:15:37,3.11,--,126,39186,买盘
1345,11:15:32,3.11,0.01,17,5287,买盘
1346,11:15:26,3.1,-0.01,8,2480,卖盘
1347,11:15:22,3.11,0.01,10,3110,买盘
1348,11:15:11,3.1,-0.01,67,20770,卖盘
1349,11:15:07,3.11,0.01,146,45406,买盘
1350,11:15:02,3.1,--,26,8060,卖盘
1351,11:14:56,3.1,--,420,130200,卖盘
1352,11:14:52,3.1,--,90,27900,卖盘
1353,11:14:47,3.1,--,15,4907,卖盘
1354,11:14:41,3.1,-0.01,16,4960,卖盘
1355,11:14:37,3.11,0.01,149,46339,买盘
1356,11:14:32,3.1,-0.01,205,63550,卖盘
1357,11:14:26,3.11,0.01,30,9330,买盘
1358,11:14:22,3.1,-0.01,1,310,卖盘
1359,11:14:17,3.11,0.01,40,12440,买盘
1360,11:14:11,3.1,--,5,1550,卖盘
1361,11:14:07,3.1,--,151,46810,卖盘
1362,11:14:02,3.1,--,1,310,卖盘
1363,11:13:56,3.1,-0.01,5,1550,卖盘
1364,11:13:52,3.11,--,132,41052,买盘
1365,11:13:47,3.11,0.01,275,85525,买盘
1366,11:13:41,3.1,-0.01,5,1550,卖盘
1367,11:13:37,3.11,--,126,39186,买盘
1368,11:13:32,3.11,0.01,111,34521,买盘
1369,11:13:26,3.1,-0.01,6,1860,卖盘
1370,11:13:22,3.11,0.01,23,7153,买盘
1371,11:13:17,3.1,-0.01,368,114080,卖盘
1372,11:13:11,3.11,0.01,28,8708,买盘
1373,11:13:07,3.1,--,129,39990,卖盘
1374,11:13:02,3.1,--,25,7750,卖盘
1375,11:12:56,3.1,-0.01,5,1550,卖盘
1376,11:12:47,3.11,--,25,7775,买盘
1377,11:12:41,3.11,--,6,1866,买盘
1378,11:12:37,3.11,--,157,48827,买盘
1379,11:12:32,3.11,--,1,311,买盘
1380,11:12:26,3.11,0.01,30,9330,买盘
1381,11:12:22,3.1,-0.01,1,310,卖盘
1382,11:12:17,3.11,0.01,26,8086,买盘
1383,11:12:11,3.1,-0.01,5,1550,卖盘
1384,11:12:07,3.11,0.01,149,46339,买盘
1385,11:12:02,3.1,--,20,6200,卖盘
1386,11:11:56,3.1,-0.01,5,1550,卖盘
1387,11:11:52,3.11,0.01,25,7775,买盘
1388,11:11:47,3.1,--,24,7440,卖盘
1389,11:11:41,3.1,-0.01,5,1550,卖盘
1390,11:11:37,3.11,--,126,39186,买盘
1391,11:11:32,3.11,--,23,7153,买盘
1392,11:11:26,3.11,0.01,50,15550,买盘
1393,11:11:22,3.1,--,91,28210,卖盘
1394,11:11:17,3.1,--,24,7440,卖盘
1395,11:11:11,3.1,-0.01,6,1860,卖盘
1396,11:11:07,3.11,0.01,147,45717,买盘
1397,11:11:02,3.1,--,74,22940,卖盘
1398,11:10:52,3.1,--,38,11780,卖盘
1399,11:10:47,3.1,--,24,7440,卖盘
1400,11:10:37,3.1,-0.01,152,47120,卖盘
1401,11:10:32,3.11,0.01,17,5287,买盘
1402,11:10:26,3.1,--,29,8990,卖盘
1403,11:10:22,3.1,--,51,15810,卖盘
1404,11:10:17,3.1,--,82,25420,卖盘
1405,11:10:07,3.1,-0.01,150,46500,卖盘
1406,11:10:02,3.11,0.01,23,7153,买盘
1407,11:09:56,3.1,--,11,3410,卖盘
1408,11:09:52,3.1,-0.01,31,9610,卖盘
1409,11:09:41,3.11,0.01,24,7464,买盘
1410,11:09:37,3.1,--,131,40610,卖盘
1411,11:09:31,3.1,--,24,7440,卖盘
1412,11:09:22,3.1,--,28,8680,卖盘
1413,11:09:16,3.1,--,4,1240,卖盘
1414,11:09:07,3.1,--,152,47120,卖盘
1415,11:09:01,3.1,-0.01,5,1550,卖盘
1416,11:08:56,3.11,0.01,36,11196,买盘
1417,11:08:50,3.1,-0.01,50,15500,卖盘
1418,11:08:47,3.11,0.01,25,7775,买盘
1419,11:08:41,3.1,-0.01,132,40920,卖盘
1420,11:08:35,3.11,0.01,25,7775,买盘
1421,11:08:26,3.1,--,28,8680,卖盘
1422,11:08:20,3.1,-0.01,2340,725400,卖盘
1423,11:08:17,3.11,0.01,25,7775,买盘
1424,11:08:11,3.1,-0.01,131,40610,卖盘
1425,11:08:05,3.11,0.01,1,311,买盘
1426,11:08:01,3.1,--,30,9300,卖盘
1427,11:07:56,3.1,-0.01,5,1550,卖盘
1428,11:07:50,3.11,0.01,33,10263,买盘
1429,11:07:46,3.1,-0.01,234,72540,卖盘
1430,11:07:41,3.11,0.01,155,48205,买盘
1431,11:07:35,3.1,--,3,930,卖盘
1432,11:07:31,3.1,--,25,7750,卖盘
1433,11:07:26,3.1,-0.01,5,1550,卖盘
1434,11:07:20,3.11,--,6,1866,买盘
1435,11:07:16,3.11,0.01,95,29545,买盘
1436,11:07:11,3.1,--,29,8990,卖盘
1437,11:07:01,3.1,-0.01,61,18910,卖盘
1438,11:06:56,3.11,0.01,181,56291,买盘
1439,11:06:46,3.1,--,174,53940,卖盘
1440,11:06:41,3.1,-0.01,6,1860,卖盘
1441,11:06:35,3.11,--,8,2488,买盘
1442,11:06:31,3.11,0.01,42,13062,买盘
1443,11:06:26,3.1,-0.01,32,9920,卖盘
1444,11:06:20,3.11,--,21,6531,买盘
1445,11:06:16,3.11,--,1,311,买盘
1446,11:06:11,3.11,--,43,13373,买盘
1447,11:06:01,3.11,--,25,7775,买盘
1448,11:05:56,3.11,--,28,8708,买盘
1449,11:05:50,3.11,0.01,52,16172,买盘
1450,11:05:41,3.1,--,101,31310,卖盘
1451,11:05:35,3.1,-0.01,2,620,卖盘
1452,11:05:31,3.11,--,51,15861,买盘
1453,11:05:26,3.11,0.01,57,17727,买盘
1454,11:05:20,3.1,-0.01,1,310,卖盘
1455,11:05:16,3.11,0.01,29,9019,买盘
1456,11:05:11,3.1,-0.01,13,4030,卖盘
1457,11:05:05,3.11,0.01,24,7464,买盘
1458,11:04:56,3.1,-0.01,29,8990,卖盘
1459,11:04:50,3.11,--,1,311,买盘
1460,11:04:46,3.11,0.01,22,6842,买盘
1461,11:04:41,3.1,-0.01,7,2170,卖盘
1462,11:04:31,3.11,0.01,26,8086,买盘
1463,11:04:26,3.1,-0.01,30,9300,卖盘
1464,11:04:20,3.11,0.01,4,1244,买盘
1465,11:04:16,3.1,-0.01,1,310,卖盘
1466,11:04:11,3.11,--,27,8397,买盘
1467,11:04:01,3.11,0.01,23,7153,买盘
1468,11:03:56,3.1,-0.01,7,2170,卖盘
1469,11:03:50,3.11,--,22,6842,买盘
1470,11:03:46,3.11,0.01,1,311,买盘
1471,11:03:41,3.1,-0.01,30,9300,卖盘
1472,11:03:31,3.11,--,1002,311622,买盘
1473,11:03:25,3.11,--,36,11196,买盘
1474,11:03:16,3.11,0.01,21,6531,买盘
1475,11:03:10,3.1,-0.01,5,1550,卖盘
1476,11:03:05,3.11,0.01,24,7464,买盘
1477,11:03:01,3.1,--,1,310,卖盘
1478,11:02:55,3.1,--,51,15810,卖盘
1479,11:02:50,3.1,-0.01,100,31000,卖盘
1480,11:02:46,3.11,--,28,8708,买盘
1481,11:02:40,3.11,--,7,2177,买盘
1482,11:02:31,3.11,0.01,158,49138,买盘
1483,11:02:25,3.1,-0.01,5,1550,卖盘
1484,11:02:20,3.11,0.01,23,7153,买盘
1485,11:02:15,3.1,--,2301,713310,卖盘
1486,11:02:10,3.1,-0.01,149,46190,卖盘
1487,11:02:05,3.11,0.01,5,1555,买盘
1488,11:02:00,3.1,--,34,10540,卖盘
1489,11:01:55,3.1,-0.01,6,1860,卖盘
1490,11:01:46,3.11,0.01,34,10574,买盘
1491,11:01:40,3.1,-0.01,2314,717340,卖盘
1492,11:01:35,3.11,0.01,123,38253,买盘
1493,11:01:29,3.1,-0.01,50,15500,卖盘
1494,11:01:25,3.11,--,29,9019,买盘
1495,11:01:14,3.11,0.01,25,7775,买盘
1496,11:01:10,3.1,-0.01,5,1550,卖盘
1497,11:01:05,3.11,0.01,25,7775,买盘
1498,11:00:55,3.1,-0.01,103,31930,卖盘
1499,11:00:44,3.11,0.01,1,311,买盘
1500,11:00:40,3.1,--,205,63550,卖盘
1501,11:00:35,3.1,-0.01,23,7130,卖盘
1502,11:00:29,3.11,0.01,21,6531,买盘
1503,11:00:25,3.1,--,5,1550,卖盘
1504,11:00:20,3.1,--,762,236480,卖盘
1505,11:00:10,3.1,-0.01,49,15190,卖盘
1506,10:59:59,3.11,0.01,22,6842,买盘
1507,10:59:55,3.1,--,5,1550,卖盘
1508,10:59:50,3.1,--,49,15190,卖盘
1509,10:59:44,3.1,--,3,930,卖盘
1510,10:59:40,3.1,-0.01,5,1550,卖盘
1511,10:59:35,3.11,0.01,25,7775,买盘
1512,10:59:29,3.1,-0.01,1,310,卖盘
1513,10:59:25,3.11,0.01,190,59090,买盘
1514,10:59:20,3.1,-0.01,301,93310,卖盘
1515,10:59:14,3.11,0.01,24,7464,买盘
1516,10:59:10,3.1,--,5,1550,卖盘
1517,10:59:05,3.1,--,71,22010,卖盘
1518,10:58:55,3.1,-0.01,9,2790,卖盘
1519,10:58:50,3.11,0.01,46,14306,买盘
1520,10:58:40,3.1,--,76,23560,卖盘
1521,10:58:35,3.1,-0.01,7,2170,卖盘
1522,10:58:29,3.11,0.01,23,7153,买盘
1523,10:58:25,3.1,-0.01,5,1550,卖盘
1524,10:58:20,3.11,--,24,7722,买盘
1525,10:58:14,3.11,0.01,122,37942,买盘
1526,10:58:10,3.1,--,31,9610,卖盘
1527,10:58:05,3.1,--,2100,651000,卖盘
1528,10:57:59,3.1,-0.01,22,6820,卖盘
1529,10:57:55,3.11,--,35,10885,买盘
1530,10:57:50,3.11,0.01,21,6531,买盘
1531,10:57:40,3.1,-0.01,6,1860,卖盘
1532,10:57:35,3.11,0.01,25,7775,买盘
1533,10:57:29,3.1,--,10,3100,卖盘
1534,10:57:25,3.1,--,28,8680,卖盘
1535,10:57:20,3.1,-0.01,1,310,卖盘
1536,10:57:10,3.11,--,28,8708,买盘
1537,10:57:05,3.11,--,34,10574,买盘
1538,10:56:59,3.11,0.01,35,10885,买盘
1539,10:56:55,3.1,-0.01,743,230357,卖盘
1540,10:56:50,3.11,0.01,21,6531,买盘
1541,10:56:40,3.1,--,128,39680,卖盘
1542,10:56:35,3.1,-0.01,10,3100,卖盘
1543,10:56:29,3.11,0.01,25,7775,买盘
1544,10:56:25,3.1,-0.01,139,43090,卖盘
1545,10:56:20,3.11,0.01,37,11507,买盘
1546,10:56:10,3.1,-0.01,6,1860,卖盘
1547,10:56:05,3.11,0.01,25,7775,买盘
1548,10:55:59,3.1,--,5,1550,卖盘
1549,10:55:55,3.1,-0.01,57,17670,卖盘
1550,10:55:44,3.11,0.01,152,47272,买盘
1551,10:55:40,3.1,-0.01,5,1550,卖盘
1552,10:55:35,3.11,0.01,22,6842,买盘
1553,10:55:29,3.1,--,15,4650,卖盘
1554,10:55:25,3.1,--,138,42780,卖盘
1555,10:55:20,3.1,--,369,114390,卖盘
1556,10:55:14,3.1,-0.01,1,310,卖盘
1557,10:55:09,3.11,--,49,15239,买盘
1558,10:55:05,3.11,--,1,311,买盘
1559,10:54:59,3.11,0.01,24,7464,买盘
1560,10:54:55,3.1,--,5,1550,卖盘
1561,10:54:50,3.1,--,28,8680,卖盘
1562,10:54:40,3.1,-0.01,48,14880,卖盘
1563,10:54:34,3.11,--,3,933,买盘
1564,10:54:25,3.11,0.01,288,89568,买盘
1565,10:54:19,3.1,--,34,10540,卖盘
1566,10:54:14,3.1,--,20,6200,卖盘
1567,10:54:09,3.1,-0.01,2305,714550,卖盘
1568,10:54:04,3.11,0.01,1025,318775,买盘
1569,10:53:55,3.1,--,27,8370,卖盘
1570,10:53:49,3.1,-0.01,343,106330,卖盘
1571,10:53:44,3.11,0.01,22,6842,买盘
1572,10:53:38,3.1,--,5,1550,卖盘
1573,10:53:34,3.1,--,24,7440,卖盘
1574,10:53:29,3.1,--,5,1550,卖盘
1575,10:53:23,3.1,--,29,8990,卖盘
1576,10:53:19,3.1,--,105,32550,卖盘
1577,10:53:14,3.1,--,34,10540,卖盘
1578,10:53:08,3.1,--,5,1550,卖盘
1579,10:53:04,3.1,-0.01,11,3410,卖盘
1580,10:52:59,3.11,0.01,31,9641,买盘
1581,10:52:53,3.1,--,5,1550,卖盘
1582,10:52:49,3.1,--,96,29760,卖盘
1583,10:52:44,3.1,--,173,53630,卖盘
1584,10:52:38,3.1,-0.01,696,215760,卖盘
1585,10:52:29,3.11,--,36,11196,买盘
1586,10:52:23,3.11,0.01,26,8086,买盘
1587,10:52:19,3.1,--,1,310,卖盘
1588,10:52:14,3.1,--,10,3100,卖盘
1589,10:52:08,3.1,--,35,10850,卖盘
1590,10:52:04,3.1,-0.01,31,9610,卖盘
1591,10:51:59,3.11,0.01,22,6842,买盘
1592,10:51:53,3.1,-0.01,5,1550,卖盘
1593,10:51:49,3.11,--,2534,788207,买盘
1594,10:51:38,3.11,0.01,34,10574,买盘
1595,10:51:34,3.1,-0.01,69,21390,卖盘
1596,10:51:29,3.11,0.01,28,8708,买盘
1597,10:51:23,3.1,--,6,1860,卖盘
1598,10:51:19,3.1,-0.01,27,8370,卖盘
1599,10:51:14,3.11,0.01,345,107295,买盘
1600,10:51:08,3.1,-0.01,5,1550,卖盘
1601,10:51:04,3.11,--,21,6531,买盘
1602,10:50:59,3.11,0.01,22,6842,买盘
1603,10:50:53,3.1,-0.01,6,1860,卖盘
1604,10:50:49,3.11,--,36,11196,买盘
1605,10:50:44,3.11,0.01,25,7775,买盘
1606,10:50:38,3.1,-0.01,5,1550,卖盘
1607,10:50:34,3.11,--,22,6842,买盘
1608,10:50:29,3.11,0.01,6,1866,买盘
1609,10:50:23,3.1,-0.01,5,1550,卖盘
1610,10:50:19,3.11,0.01,42,13062,买盘
1611,10:50:14,3.1,--,22,6820,卖盘
1612,10:50:08,3.1,-0.01,17,5270,卖盘
1613,10:49:59,3.11,0.01,26,8086,买盘
1614,10:49:53,3.1,--,4,1240,卖盘
1615,10:49:49,3.1,-0.01,31,9610,卖盘
1616,10:49:44,3.11,0.01,11,3421,买盘
1617,10:49:38,3.1,-0.01,29,8990,卖盘
1618,10:49:29,3.11,0.01,23,7153,买盘
1619,10:49:23,3.1,--,5,1550,卖盘
1620,10:49:19,3.1,-0.01,1,310,卖盘
1621,10:49:14,3.11,--,25,7775,买盘
1622,10:49:08,3.11,--,6,1866,买盘
1623,10:49:04,3.11,0.01,27,8397,买盘
1624,10:48:58,3.1,--,11,3410,卖盘
1625,10:48:53,3.1,-0.01,27,8370,卖盘
1626,10:48:44,3.11,--,22,6842,买盘
1627,10:48:38,3.11,--,6,1866,买盘
1628,10:48:34,3.11,0.01,21,6531,买盘
1629,10:48:23,3.1,-0.01,9,2790,卖盘
1630,10:48:19,3.11,--,25,7775,买盘
1631,10:48:14,3.11,--,7,2177,买盘
1632,10:48:08,3.11,0.01,148,46028,买盘
1633,10:48:03,3.1,-0.01,1,310,卖盘
1634,10:47:59,3.11,0.01,27,8397,买盘
1635,10:47:53,3.1,-0.01,6,1860,卖盘
1636,10:47:49,3.11,0.01,20,6220,买盘
1637,10:47:44,3.1,--,211,65410,卖盘
1638,10:47:38,3.1,-0.01,6,1860,卖盘
1639,10:47:34,3.11,0.01,115,35765,买盘
1640,10:47:28,3.1,--,77,23870,卖盘
1641,10:47:23,3.1,--,248,76880,卖盘
1642,10:47:18,3.1,--,129,39990,卖盘
1643,10:47:14,3.1,--,193,59830,卖盘
1644,10:47:08,3.1,--,50,15500,卖盘
1645,10:47:03,3.1,--,123,38130,卖盘
1646,10:46:59,3.1,--,1621,502705,买盘
1647,10:46:53,3.1,--,1406,435974,卖盘
1648,10:46:43,3.1,-0.01,51,15810,卖盘
1649,10:46:38,3.11,--,131,40741,买盘
1650,10:46:32,3.11,--,266,82726,买盘
1651,10:46:28,3.11,0.01,2401,746906,买盘
1652,10:46:17,3.1,--,137,42718,卖盘
1653,10:46:13,3.1,--,1,310,卖盘
1654,10:46:08,3.1,-0.01,117,36270,卖盘
1655,10:45:53,3.11,0.01,19,5909,买盘
1656,10:45:47,3.1,--,1,310,卖盘
1657,10:45:43,3.1,--,6,1922,卖盘
1658,10:45:38,3.1,--,345,106950,卖盘
1659,10:45:32,3.1,0.01,17,5459,买盘
1660,10:45:28,3.09,--,11,3399,卖盘
1661,10:45:23,3.09,-0.01,8,2472,卖盘
1662,10:45:13,3.1,0.01,40,12400,买盘
1663,10:45:08,3.09,--,139,42951,卖盘
1664,10:45:02,3.09,--,1,309,卖盘
1665,10:44:58,3.09,--,20,6180,卖盘
1666,10:44:53,3.09,-0.01,8,2472,卖盘
1667,10:44:43,3.1,0.01,11,3410,买盘
1668,10:44:38,3.09,-0.01,121,37389,卖盘
1669,10:44:28,3.1,0.01,2,620,买盘
1670,10:44:23,3.09,--,10,3090,卖盘
1671,10:44:17,3.09,--,1,309,卖盘
1672,10:44:13,3.09,--,22,6798,卖盘
1673,10:44:08,3.09,--,117,36153,卖盘
1674,10:43:53,3.09,--,5,1545,卖盘
1675,10:43:43,3.09,--,1,309,卖盘
1676,10:43:38,3.09,-0.01,132,40788,卖盘
1677,10:43:32,3.1,0.01,1,310,买盘
1678,10:43:28,3.09,--,2,618,卖盘
1679,10:43:23,3.09,--,5,1545,卖盘
1680,10:43:13,3.09,--,1,309,卖盘
1681,10:43:08,3.09,--,116,35844,卖盘
1682,10:43:02,3.09,-0.01,2,618,卖盘
1683,10:42:58,3.1,0.01,203,62930,买盘
1684,10:42:53,3.09,--,316,97644,卖盘
1685,10:42:47,3.09,--,2,618,卖盘
1686,10:42:38,3.09,-0.01,117,36153,卖盘
1687,10:42:32,3.1,0.01,40,12400,买盘
1688,10:42:23,3.09,-0.01,5,1545,卖盘
1689,10:42:17,3.1,0.01,20,6200,买盘
1690,10:42:08,3.09,-0.01,121,37389,卖盘
1691,10:41:58,3.1,0.01,4,1240,买盘
1692,10:41:53,3.09,-0.01,321,99189,卖盘
1693,10:41:43,3.1,0.01,24,7440,买盘
1694,10:41:37,3.09,--,117,36153,卖盘
1695,10:41:32,3.09,-0.01,13,4017,卖盘
1696,10:41:28,3.1,0.01,2,620,买盘
1697,10:41:22,3.09,--,7,2163,卖盘
1698,10:41:17,3.09,-0.01,26,8034,卖盘
1699,10:41:13,3.1,0.01,25,7750,买盘
1700,10:41:07,3.09,-0.01,150,46350,卖盘
1701,10:41:02,3.1,--,22,6820,买盘
1702,10:40:58,3.1,--,1,310,买盘
1703,10:40:52,3.1,--,41,12710,买盘
1704,10:40:43,3.1,--,26,8060,买盘
1705,10:40:37,3.1,--,139,43090,买盘
1706,10:40:32,3.1,--,11,3410,买盘
1707,10:40:27,3.1,0.01,41,12710,买盘
1708,10:40:23,3.09,-0.01,5,1545,卖盘
1709,10:40:17,3.1,0.01,2536,786191,买盘
1710,10:40:12,3.09,--,1,309,卖盘
1711,10:40:08,3.09,-0.01,167,51603,卖盘
1712,10:40:02,3.1,--,8,2480,买盘
1713,10:39:57,3.1,0.01,3824,1185440,买盘
1714,10:39:52,3.09,--,217,67053,卖盘
1715,10:39:47,3.09,-0.01,17,5253,卖盘
1716,10:39:42,3.1,0.01,225,69750,买盘
1717,10:39:37,3.09,-0.01,132,40788,卖盘
1718,10:39:32,3.1,--,23,7130,买盘
1719,10:39:27,3.1,0.01,3,930,买盘
1720,10:39:22,3.09,--,203,62727,卖盘
1721,10:39:17,3.09,-0.01,114,35226,卖盘
1722,10:39:11,3.1,0.01,41,12710,买盘
1723,10:39:07,3.09,-0.01,117,36153,卖盘
1724,10:39:02,3.1,--,128,39680,买盘
1725,10:38:56,3.1,0.01,165,51150,买盘
1726,10:38:52,3.09,-0.01,28,8652,卖盘
1727,10:38:47,3.1,0.01,30,9300,买盘
1728,10:38:37,3.09,-0.01,141,43569,卖盘
1729,10:38:32,3.1,--,54,16740,买盘
1730,10:38:26,3.1,0.01,2,620,买盘
1731,10:38:22,3.09,--,15,4635,卖盘
1732,10:38:17,3.09,-0.01,2554,789318,卖盘
1733,10:38:11,3.1,0.01,129,39990,买盘
1734,10:38:07,3.09,--,154,47586,卖盘
1735,10:38:02,3.09,-0.01,1,309,卖盘
1736,10:37:56,3.1,--,20,6200,买盘
1737,10:37:52,3.1,0.01,71,22010,买盘
1738,10:37:47,3.09,--,2531,782211,卖盘
1739,10:37:37,3.09,-0.01,138,42642,卖盘
1740,10:37:32,3.1,0.01,38,11780,买盘
1741,10:37:22,3.09,--,31,9579,卖盘
1742,10:37:17,3.09,-0.01,1,309,卖盘
1743,10:37:11,3.1,--,24,7440,买盘
1744,10:37:07,3.1,--,10118,3136580,买盘
1745,10:37:02,3.1,--,21,6510,买盘
1746,10:36:56,3.1,0.01,12,3720,买盘
1747,10:36:52,3.09,-0.01,35,10815,卖盘
1748,10:36:47,3.1,--,12,3720,买盘
1749,10:36:41,3.1,--,18,5580,买盘
1750,10:36:37,3.1,0.01,139,43090,买盘
1751,10:36:32,3.09,-0.01,1,309,卖盘
1752,10:36:26,3.1,0.01,21,6510,买盘
1753,10:36:22,3.09,-0.01,6,1854,卖盘
1754,10:36:17,3.1,0.01,59,18290,买盘
1755,10:36:11,3.09,--,8,2472,卖盘
1756,10:36:07,3.09,-0.01,137,42333,卖盘
1757,10:35:52,3.1,0.01,68,21080,买盘
1758,10:35:47,3.09,-0.01,26,8034,卖盘
1759,10:35:41,3.1,0.01,149,46190,买盘
1760,10:35:37,3.09,--,117,36153,卖盘
1761,10:35:32,3.09,-0.01,74,22866,卖盘
1762,10:35:26,3.1,--,10,3100,买盘
1763,10:35:22,3.1,0.01,43,13330,买盘
1764,10:35:17,3.09,-0.01,1,309,卖盘
1765,10:35:07,3.1,--,155,48050,买盘
1766,10:35:02,3.1,--,24,7440,买盘
1767,10:34:52,3.1,--,106,32860,买盘
1768,10:34:46,3.1,0.01,37,11470,买盘
1769,10:34:41,3.09,-0.01,700,216300,卖盘
1770,10:34:37,3.1,--,1210,375100,买盘
1771,10:34:31,3.1,--,138,42780,买盘
1772,10:34:26,3.1,0.01,22,6820,买盘
1773,10:34:22,3.09,--,5,1545,卖盘
1774,10:34:16,3.09,--,49,15141,卖盘
1775,10:34:11,3.09,--,115,35535,卖盘
1776,10:34:07,3.09,-0.01,117,36153,卖盘
1777,10:34:01,3.1,0.01,22,6820,买盘
1778,10:33:56,3.09,--,8,2472,卖盘
1779,10:33:52,3.09,-0.01,30,9270,卖盘
1780,10:33:46,3.1,0.01,17,5270,买盘
1781,10:33:41,3.09,--,128,39552,卖盘
1782,10:33:37,3.09,-0.01,427,131943,卖盘
1783,10:33:31,3.1,--,32,9920,买盘
1784,10:33:26,3.1,0.01,1,310,买盘
1785,10:33:22,3.09,--,45,13905,卖盘
1786,10:33:07,3.09,-0.01,180,55620,卖盘
1787,10:33:01,3.1,--,1,310,买盘
1788,10:32:56,3.1,0.01,39,12090,买盘
1789,10:32:51,3.09,--,6,1854,卖盘
1790,10:32:46,3.09,--,154,47586,卖盘
1791,10:32:41,3.09,--,1,309,卖盘
1792,10:32:36,3.09,-0.01,27,8343,卖盘
1793,10:32:31,3.1,--,32,9920,买盘
1794,10:32:26,3.1,--,9,2790,买盘
1795,10:32:21,3.1,--,30,9300,买盘
1796,10:32:16,3.1,0.01,22,6820,买盘
1797,10:32:11,3.09,-0.01,1,309,卖盘
1798,10:32:06,3.1,--,189,58590,买盘
1799,10:32:01,3.1,0.01,49,15190,买盘
1800,10:31:56,3.09,--,15,4635,卖盘
1801,10:31:51,3.09,-0.01,27,8343,卖盘
1802,10:31:46,3.1,--,202,62620,买盘
1803,10:31:41,3.1,0.01,287,88970,买盘
1804,10:31:31,3.09,-0.01,23,7107,卖盘
1805,10:31:26,3.1,--,8,2480,买盘
1806,10:31:16,3.1,0.01,39,12090,买盘
1807,10:31:11,3.09,--,30,9270,卖盘
1808,10:30:56,3.09,-0.01,171,52839,卖盘
1809,10:30:46,3.1,0.01,28,8680,买盘
1810,10:30:41,3.09,-0.01,56,17304,卖盘
1811,10:30:35,3.1,--,24,7440,买盘
1812,10:30:31,3.1,--,413,128030,买盘
1813,10:30:26,3.1,--,546,169260,买盘
1814,10:30:20,3.1,--,205,63550,买盘
1815,10:30:16,3.1,--,98,30380,买盘
1816,10:30:11,3.1,--,49,15190,买盘
1817,10:30:01,3.1,0.01,34,10540,买盘
1818,10:29:56,3.09,-0.01,6,1854,卖盘
1819,10:29:50,3.1,--,21,6510,买盘
1820,10:29:46,3.1,--,230,71300,买盘
1821,10:29:41,3.1,0.01,29,8990,买盘
1822,10:29:31,3.09,--,51,15759,卖盘
1823,10:29:26,3.09,--,33,10197,卖盘
1824,10:29:20,3.09,-0.01,3,927,卖盘
1825,10:29:16,3.1,0.01,436,135160,买盘
1826,10:29:11,3.09,-0.01,133,41097,卖盘
1827,10:29:05,3.1,--,23,7130,买盘
1828,10:29:01,3.1,0.01,15,4650,买盘
1829,10:28:56,3.09,--,31,9579,卖盘
1830,10:28:46,3.09,--,26,8034,卖盘
1831,10:28:41,3.09,--,8,2472,卖盘
1832,10:28:35,3.09,-0.01,211,65199,卖盘
1833,10:28:31,3.1,--,22,6820,买盘
1834,10:28:26,3.1,--,3117,966270,买盘
1835,10:28:20,3.1,--,24,7440,买盘
1836,10:28:11,3.1,--,29,8990,买盘
1837,10:28:01,3.1,--,100,31000,买盘
1838,10:27:55,3.1,--,88,27280,买盘
1839,10:27:50,3.1,0.01,22,6820,买盘
1840,10:27:46,3.09,-0.01,2520,778812,卖盘
1841,10:27:40,3.1,--,30,9300,买盘
1842,10:27:31,3.1,--,34,10540,买盘
1843,10:27:25,3.1,0.01,38,11780,买盘
1844,10:27:15,3.09,-0.01,2539,784680,卖盘
1845,10:27:10,3.1,--,7,2170,买盘
1846,10:27:05,3.1,--,22,6820,买盘
1847,10:27:01,3.1,0.01,19,5890,买盘
1848,10:26:55,3.09,-0.01,10035,3100815,卖盘
1849,10:26:45,3.1,0.01,28,8680,买盘
1850,10:26:40,3.09,-0.01,26,8034,卖盘
1851,10:26:30,3.1,0.01,31,9610,买盘
1852,10:26:25,3.09,-0.01,5,1545,卖盘
1853,10:26:20,3.1,--,24,7440,买盘
1854,10:26:15,3.1,--,67,20770,买盘
1855,10:26:10,3.1,0.01,31,9610,买盘
1856,10:26:00,3.09,-0.01,25,7725,卖盘
1857,10:25:55,3.1,--,1207,374170,买盘
1858,10:25:45,3.1,--,24,7440,买盘
1859,10:25:40,3.1,--,7,2170,买盘
1860,10:25:35,3.1,--,94,29140,买盘
1861,10:25:30,3.1,0.01,42,13020,买盘
1862,10:25:25,3.09,-0.01,6,1854,卖盘
1863,10:25:20,3.1,--,2,620,买盘
1864,10:25:15,3.1,--,1,310,买盘
1865,10:25:10,3.1,0.01,16,4960,买盘
1866,10:25:05,3.09,-0.01,231,71379,卖盘
1867,10:24:59,3.1,0.01,25,7750,买盘
1868,10:24:55,3.09,--,6,1854,卖盘
1869,10:24:50,3.09,--,29,8961,卖盘
1870,10:24:44,3.09,-0.01,2,618,卖盘
1871,10:24:40,3.1,0.01,28,8680,买盘
1872,10:24:35,3.09,-0.01,3,927,卖盘
1873,10:24:29,3.1,--,11,3410,买盘
1874,10:24:25,3.1,--,29,8990,买盘
1875,10:24:20,3.1,--,12,3720,买盘
1876,10:24:14,3.1,0.01,22,6820,买盘
1877,10:24:10,3.09,-0.01,7,2163,卖盘
1878,10:24:05,3.1,0.01,33,10230,买盘
1879,10:23:55,3.09,-0.01,41,12669,卖盘
1880,10:23:50,3.1,--,4,1240,买盘
1881,10:23:44,3.1,0.01,24,7440,买盘
1882,10:23:40,3.09,-0.01,5,1545,卖盘
1883,10:23:35,3.1,--,24,7440,买盘
1884,10:23:25,3.1,--,6,1860,买盘
1885,10:23:20,3.1,0.01,31,9610,买盘
1886,10:23:14,3.09,-0.01,9,2781,卖盘
1887,10:23:10,3.1,--,158,48980,买盘
1888,10:23:05,3.1,--,170,52700,买盘
1889,10:22:59,3.1,0.01,24,7440,买盘
1890,10:22:55,3.09,-0.01,10,3090,卖盘
1891,10:22:50,3.1,--,41,12710,买盘
1892,10:22:44,3.1,0.01,8,2480,买盘
1893,10:22:40,3.09,--,26,8034,卖盘
1894,10:22:35,3.09,-0.01,2,618,卖盘
1895,10:22:25,3.1,0.01,28,8680,买盘
1896,10:22:20,3.09,-0.01,1076,332484,卖盘
1897,10:22:14,3.1,0.01,43,13330,买盘
1898,10:22:09,3.09,-0.01,5,1545,卖盘
1899,10:22:05,3.1,0.01,26,8060,买盘
1900,10:21:59,3.09,-0.01,10,3090,卖盘
1901,10:21:55,3.1,0.01,28,8680,买盘
1902,10:21:50,3.09,--,2,618,卖盘
1903,10:21:44,3.09,-0.01,2,618,卖盘
1904,10:21:40,3.1,--,31,9610,买盘
1905,10:21:35,3.1,--,18,5580,买盘
1906,10:21:29,3.1,--,25,7750,买盘
1907,10:21:25,3.1,--,6,1860,买盘
1908,10:21:20,3.1,0.01,25,7750,买盘
1909,10:21:14,3.09,-0.01,13,4017,卖盘
1910,10:21:10,3.1,--,27,8370,买盘
1911,10:21:05,3.1,--,2,620,买盘
1912,10:20:59,3.1,--,27,8370,买盘
1913,10:20:55,3.1,--,10,3100,买盘
1914,10:20:50,3.1,0.01,63,19530,买盘
1915,10:20:40,3.09,-0.01,13,4017,卖盘
1916,10:20:35,3.1,--,22,6820,买盘
1917,10:20:29,3.1,--,22,6820,买盘
1918,10:20:25,3.1,--,44,13640,买盘
1919,10:20:14,3.1,--,22,6820,买盘
1920,10:20:09,3.1,--,16,4960,买盘
1921,10:20:04,3.1,--,24,7440,买盘
1922,10:19:55,3.1,--,6,1860,买盘
1923,10:19:49,3.1,0.01,23,7130,买盘
1924,10:19:39,3.09,--,32,9888,卖盘
1925,10:19:34,3.09,--,1,309,卖盘
1926,10:19:29,3.09,--,28,8652,卖盘
1927,10:19:24,3.09,-0.01,12,3708,卖盘
1928,10:19:19,3.1,0.01,2583,800863,买盘
1929,10:19:14,3.09,-0.01,2,618,卖盘
1930,10:19:09,3.1,0.01,29,8990,买盘
1931,10:18:59,3.09,-0.01,6,1854,卖盘
1932,10:18:54,3.1,0.01,27,8370,买盘
1933,10:18:49,3.09,-0.01,13,4017,卖盘
1934,10:18:44,3.1,0.01,24,7440,买盘
1935,10:18:39,3.09,-0.01,7,2163,卖盘
1936,10:18:34,3.1,--,124,38440,买盘
1937,10:18:29,3.1,0.01,1,310,买盘
1938,10:18:24,3.09,-0.01,40,12360,卖盘
1939,10:18:19,3.1,0.01,195,60450,买盘
1940,10:18:14,3.09,-0.01,34,10506,卖盘
1941,10:18:09,3.1,--,21,6510,买盘
1942,10:18:04,3.1,0.01,21,6510,买盘
1943,10:17:54,3.09,-0.01,5,1545,卖盘
1944,10:17:49,3.1,--,23,7130,买盘
1945,10:17:44,3.1,--,100,31000,买盘
1946,10:17:39,3.1,0.01,170,52700,买盘
1947,10:17:34,3.09,-0.01,1,309,卖盘
1948,10:17:29,3.1,0.01,45,13950,买盘
1949,10:17:24,3.09,-0.01,5,1545,卖盘
1950,10:17:19,3.1,0.01,23,7130,买盘
1951,10:17:14,3.09,--,11,3399,卖盘
1952,10:17:09,3.09,-0.01,6,1854,卖盘
1953,10:17:04,3.1,0.01,47,14570,买盘
1954,10:16:59,3.09,--,33,10197,卖盘
1955,10:16:53,3.09,-0.01,25,7725,卖盘
1956,10:16:44,3.1,0.01,43,13330,买盘
1957,10:16:38,3.09,--,5,1545,卖盘
1958,10:16:34,3.09,-0.01,55,16995,卖盘
1959,10:16:23,3.1,--,29,8990,买盘
1960,10:16:19,3.1,--,33,10230,买盘
1961,10:16:14,3.1,0.01,21,6510,买盘
1962,10:16:08,3.09,-0.01,5,1545,卖盘
1963,10:15:59,3.1,--,28,8680,买盘
1964,10:15:53,3.1,--,34,10540,买盘
1965,10:15:49,3.1,--,2547,789703,买盘
1966,10:15:44,3.1,--,15,4650,买盘
1967,10:15:38,3.1,--,29,8990,买盘
1968,10:15:34,3.1,--,268,83080,买盘
1969,10:15:29,3.1,0.01,48,14880,买盘
1970,10:15:23,3.09,-0.01,5,1545,卖盘
1971,10:15:19,3.1,0.01,2548,790013,买盘
1972,10:15:14,3.09,--,274,84666,卖盘
1973,10:15:08,3.09,-0.01,11,3399,卖盘
1974,10:15:04,3.1,0.01,24,7440,买盘
1975,10:14:59,3.09,-0.01,60,18540,卖盘
1976,10:14:53,3.1,0.01,27,8370,买盘
1977,10:14:48,3.09,--,2509,775410,卖盘
1978,10:14:44,3.09,--,25,7725,卖盘
1979,10:14:38,3.09,--,5,1545,卖盘
1980,10:14:33,3.09,-0.01,25,7725,卖盘
1981,10:14:29,3.1,0.01,24,7440,买盘
1982,10:14:23,3.09,-0.01,6,1854,卖盘
1983,10:14:18,3.1,--,30989,9606590,买盘
1984,10:14:14,3.1,0.01,22,6820,买盘
1985,10:14:08,3.09,-0.01,6,1854,卖盘
1986,10:14:03,3.1,--,25,7750,买盘
1987,10:13:59,3.1,0.01,98,30380,买盘
1988,10:13:53,3.09,--,6,1854,卖盘
1989,10:13:48,3.09,--,426,131634,卖盘
1990,10:13:43,3.09,-0.01,1,309,卖盘
1991,10:13:38,3.1,--,27,8370,买盘
1992,10:13:33,3.1,--,8,2480,买盘
1993,10:13:28,3.1,0.01,133,41230,买盘
1994,10:13:23,3.09,--,6,1854,卖盘
1995,10:13:18,3.09,-0.01,33,10197,卖盘
1996,10:13:13,3.1,0.01,71,22010,买盘
1997,10:13:08,3.09,-0.01,15,4635,卖盘
1998,10:13:03,3.1,0.01,26,8060,买盘
1999,10:12:58,3.09,-0.01,2502,773118,卖盘
2000,10:12:53,3.1,0.01,25,7750,买盘
2001,10:12:48,3.09,-0.01,38,11742,卖盘
2002,10:12:43,3.1,--,21,6510,买盘
2003,10:12:38,3.1,--,310,96100,买盘
2004,10:12:33,3.1,--,20,6200,买盘
2005,10:12:28,3.1,0.01,33,10230,买盘
2006,10:12:23,3.09,-0.01,5,1545,卖盘
2007,10:12:13,3.1,--,26,8060,买盘
2008,10:12:08,3.1,--,74,22940,买盘
2009,10:12:03,3.1,--,28,8680,买盘
2010,10:11:58,3.1,--,833,258230,买盘
2011,10:11:53,3.1,--,29,8990,买盘
2012,10:11:43,3.1,0.01,29,8990,买盘
2013,10:11:38,3.09,-0.01,37,11433,卖盘
2014,10:11:33,3.1,--,25,7750,买盘
2015,10:11:28,3.1,0.01,204,63240,买盘
2016,10:11:23,3.09,-0.01,5,1545,卖盘
2017,10:11:18,3.1,--,31,9610,买盘
2018,10:11:13,3.1,--,18,5580,买盘
2019,10:11:08,3.1,--,66,20460,买盘
2020,10:11:03,3.1,--,201,62310,买盘
2021,10:10:58,3.1,--,29,8990,买盘
2022,10:10:53,3.1,--,18,5580,买盘
2023,10:10:48,3.1,--,27,8370,买盘
2024,10:10:43,3.1,0.01,36,11160,买盘
2025,10:10:38,3.09,-0.01,5,1545,卖盘
2026,10:10:33,3.1,--,31,9610,买盘
2027,10:10:28,3.1,0.01,35,10850,买盘
2028,10:10:23,3.09,-0.01,85,26265,卖盘
2029,10:10:18,3.1,--,5,1550,买盘
2030,10:10:13,3.1,--,513,159030,买盘
2031,10:10:08,3.1,--,31,9610,买盘
2032,10:10:03,3.1,0.01,24,7440,买盘
2033,10:09:58,3.09,-0.01,1,309,卖盘
2034,10:09:53,3.1,--,87,26970,买盘
2035,10:09:48,3.1,--,15,4650,买盘
2036,10:09:43,3.1,--,128,39680,买盘
2037,10:09:38,3.1,--,101,31310,买盘
2038,10:09:33,3.1,--,1,310,买盘
2039,10:09:28,3.1,0.01,42,13069,买盘
2040,10:09:23,3.09,-0.01,10,3090,卖盘
2041,10:09:17,3.1,0.01,26,8060,买盘
2042,10:09:13,3.09,-0.01,29,8961,卖盘
2043,10:09:08,3.1,--,154,47740,买盘
2044,10:08:58,3.1,0.01,29,8990,买盘
2045,10:08:53,3.09,-0.01,216,66744,卖盘
2046,10:08:47,3.1,0.01,29,8990,买盘
2047,10:08:43,3.09,-0.01,134,41406,卖盘
2048,10:08:38,3.1,0.01,139,43090,买盘
2049,10:08:32,3.09,--,9,2781,卖盘
2050,10:08:28,3.09,--,0,0,卖盘
2051,10:08:23,3.09,-0.01,254,78486,卖盘
2052,10:08:13,3.1,--,98,30380,买盘
2053,10:08:08,3.1,--,1297,402119,卖盘
2054,10:08:02,3.1,--,357,110732,卖盘
2055,10:07:58,3.1,--,138,42780,卖盘
2056,10:07:53,3.1,--,36,11160,卖盘
2057,10:07:47,3.1,-0.01,22,6820,卖盘
2058,10:07:43,3.11,--,18,5598,买盘
2059,10:07:38,3.11,0.01,247,76817,买盘
2060,10:07:32,3.1,--,52,16120,卖盘
2061,10:07:27,3.1,--,84,26040,卖盘
2062,10:07:23,3.1,-0.01,17,5270,卖盘
2063,10:07:17,3.11,0.01,285,88635,买盘
2064,10:07:13,3.1,-0.01,301,93310,卖盘
2065,10:07:07,3.11,--,126,39186,买盘
2066,10:06:57,3.11,--,40,12440,买盘
2067,10:06:53,3.11,--,2454,763194,买盘
2068,10:06:42,3.11,0.01,30,9330,买盘
2069,10:06:38,3.1,--,219,67890,卖盘
2070,10:06:32,3.1,-0.01,10,3100,卖盘
2071,10:06:27,3.11,--,12,3732,买盘
2072,10:06:22,3.11,--,40,12440,买盘
2073,10:06:12,3.11,0.01,40,12440,买盘
2074,10:06:07,3.1,--,133,41230,卖盘
2075,10:06:02,3.1,--,33,10230,卖盘
2076,10:05:57,3.1,--,229,70990,卖盘
2077,10:05:52,3.1,-0.01,235,72850,卖盘
2078,10:05:47,3.11,0.01,27,8397,买盘
2079,10:05:42,3.1,-0.01,11,3410,卖盘
2080,10:05:37,3.11,--,173,53803,买盘
2081,10:05:27,3.11,0.01,267,83040,买盘
2082,10:05:22,3.1,-0.01,502,155620,卖盘
2083,10:05:17,3.11,0.01,304,94544,买盘
2084,10:05:12,3.1,-0.01,124,38440,卖盘
2085,10:05:07,3.11,0.01,146,45406,买盘
2086,10:05:02,3.1,--,231,71610,卖盘
2087,10:04:57,3.1,--,868,269080,卖盘
2088,10:04:52,3.1,--,2540,787400,卖盘
2089,10:04:47,3.1,--,151,46810,卖盘
2090,10:04:42,3.1,--,1025,317750,卖盘
2091,10:04:37,3.1,--,1307,405170,卖盘
2092,10:04:32,3.1,-0.01,237,73470,卖盘
2093,10:04:27,3.11,--,1,311,买盘
2094,10:04:22,3.11,0.01,308,95788,买盘
2095,10:04:12,3.1,-0.01,215,66650,卖盘
2096,10:04:07,3.11,--,313,97343,买盘
2097,10:03:57,3.11,0.01,37,11507,买盘
2098,10:03:52,3.1,--,41,12710,卖盘
2099,10:03:46,3.1,--,2538,786913,卖盘
2100,10:03:42,3.1,-0.01,1,310,卖盘
2101,10:03:37,3.11,0.01,188,58468,买盘
2102,10:03:32,3.1,-0.01,5,1550,卖盘
2103,10:03:27,3.11,0.01,25,7775,买盘
2104,10:03:22,3.1,--,5,1550,卖盘
2105,10:03:17,3.1,--,291,90210,卖盘
2106,10:03:07,3.1,--,465,144150,卖盘
2107,10:03:02,3.1,-0.01,728,225680,卖盘
2108,10:02:52,3.11,--,479,148969,买盘
2109,10:02:47,3.11,0.01,29,9019,买盘
2110,10:02:42,3.1,-0.01,10,3100,卖盘
2111,10:02:37,3.11,--,98,30478,买盘
2112,10:02:32,3.11,--,72,22392,买盘
2113,10:02:27,3.11,0.01,17,5287,买盘
2114,10:02:22,3.1,--,31,9610,卖盘
2115,10:02:17,3.1,-0.01,2717,842400,卖盘
2116,10:02:11,3.11,--,1,311,买盘
2117,10:02:07,3.11,--,147,45717,买盘
2118,10:02:02,3.11,--,21,6531,买盘
2119,10:01:56,3.11,--,27,8397,买盘
2120,10:01:52,3.11,--,30,9330,买盘
2121,10:01:47,3.11,0.01,2536,788829,买盘
2122,10:01:41,3.1,-0.01,17,5270,卖盘
2123,10:01:37,3.11,--,127,39497,买盘
2124,10:01:32,3.11,0.01,16,4976,买盘
2125,10:01:27,3.1,-0.01,14,4340,卖盘
2126,10:01:22,3.11,--,30,9330,买盘
2127,10:01:17,3.11,0.01,2552,793805,买盘
2128,10:01:11,3.1,--,35,10850,卖盘
2129,10:01:07,3.1,-0.01,113,35030,卖盘
2130,10:01:02,3.11,--,71,22081,买盘
2131,10:00:56,3.11,0.01,47,14617,买盘
2132,10:00:52,3.1,-0.01,34,10540,卖盘
2133,10:00:47,3.11,--,90,27990,买盘
2134,10:00:41,3.11,0.01,130,40430,买盘
2135,10:00:36,3.1,-0.01,510,158127,卖盘
2136,10:00:32,3.11,0.01,6,1866,买盘
2137,10:00:26,3.1,--,2,620,卖盘
2138,10:00:22,3.1,--,6,1860,卖盘
2139,10:00:17,3.1,-0.01,46,14260,卖盘
2140,10:00:06,3.11,0.01,532,165486,买盘
2141,10:00:01,3.1,--,100,31000,卖盘
2142,09:59:51,3.1,--,4095,1269450,卖盘
2143,09:59:46,3.1,-0.01,13,4030,卖盘
2144,09:59:41,3.11,0.01,625,194375,买盘
2145,09:59:36,3.1,-0.01,1661,515158,卖盘
2146,09:59:31,3.11,0.01,2328,724008,买盘
2147,09:59:26,3.1,--,15,4650,卖盘
2148,09:59:21,3.1,-0.01,33,10230,卖盘
2149,09:59:16,3.11,--,4,1244,买盘
2150,09:59:06,3.11,0.01,140,43540,买盘
2151,09:59:01,3.1,-0.01,26,8060,卖盘
2152,09:58:56,3.11,0.01,6,1866,买盘
2153,09:58:51,3.1,--,5,1550,卖盘
2154,09:58:46,3.1,--,125,38750,卖盘
2155,09:58:41,3.1,-0.01,32,9920,卖盘
2156,09:58:36,3.11,--,154,47894,买盘
2157,09:58:31,3.11,--,32,9952,买盘
2158,09:58:26,3.11,0.01,27,8397,买盘
2159,09:58:21,3.1,--,730,226300,卖盘
2160,09:58:16,3.1,--,65,20150,卖盘
2161,09:58:11,3.1,--,20,6200,卖盘
2162,09:58:06,3.1,-0.01,178,55180,卖盘
2163,09:58:01,3.11,--,43,13373,买盘
2164,09:57:51,3.11,0.01,883,274613,买盘
2165,09:57:46,3.1,--,18,5580,卖盘
2166,09:57:41,3.1,-0.01,60,18600,卖盘
2167,09:57:36,3.11,0.01,97,30167,买盘
2168,09:57:31,3.1,-0.01,406,125860,卖盘
2169,09:57:26,3.11,0.01,165,51315,买盘
2170,09:57:21,3.1,-0.01,145,44950,卖盘
2171,09:57:16,3.11,--,91,28301,买盘
2172,09:57:06,3.11,--,126,39186,买盘
2173,09:57:01,3.11,--,31,9641,买盘
2174,09:56:56,3.11,--,36,11196,买盘
2175,09:56:51,3.11,--,187,58157,买盘
2176,09:56:46,3.11,0.01,2925,909675,买盘
2177,09:56:41,3.1,--,279,86490,卖盘
2178,09:56:36,3.1,-0.01,42,13020,卖盘
2179,09:56:31,3.11,--,84,26124,买盘
2180,09:56:26,3.11,0.01,38,11818,买盘
2181,09:56:21,3.1,--,101,31310,卖盘
2182,09:56:16,3.1,--,240,74400,卖盘
2183,09:56:11,3.1,--,103,31930,卖盘
2184,09:56:06,3.1,-0.01,2605,807550,卖盘
2185,09:56:01,3.11,0.01,301,93611,买盘
2186,09:55:56,3.1,-0.01,31,9610,卖盘
2187,09:55:51,3.11,0.01,43,13373,买盘
2188,09:55:46,3.1,-0.01,49,15190,卖盘
2189,09:55:41,3.11,0.01,117,36387,买盘
2190,09:55:36,3.1,-0.01,3002,930654,卖盘
2191,09:55:31,3.11,--,67,20837,买盘
2192,09:55:26,3.11,0.01,222,69042,买盘
2193,09:55:21,3.1,-0.01,7,2170,卖盘
2194,09:55:16,3.11,0.01,47,14617,买盘
2195,09:55:11,3.1,--,209,64790,卖盘
2196,09:55:06,3.1,--,442,137131,卖盘
2197,09:55:01,3.1,--,13,4030,卖盘
2198,09:54:56,3.1,--,5745,1781089,买盘
2199,09:54:51,3.1,0.01,7,2170,买盘
2200,09:54:46,3.09,-0.01,156,48204,卖盘
2201,09:54:41,3.1,0.01,94,29140,买盘
2202,09:54:36,3.09,-0.01,419,129582,卖盘
2203,09:54:26,3.1,0.01,106,32860,买盘
2204,09:54:21,3.09,-0.01,328,101352,卖盘
2205,09:54:16,3.1,--,651,201810,买盘
2206,09:54:11,3.1,0.01,383,118730,买盘
2207,09:54:06,3.09,-0.01,393,121551,卖盘
2208,09:54:01,3.1,--,25,7750,买盘
2209,09:53:56,3.1,0.01,4,1240,买盘
2210,09:53:50,3.09,--,191,59019,卖盘
2211,09:53:46,3.09,-0.01,871,269139,卖盘
2212,09:53:40,3.1,--,6641,2058880,卖盘
2213,09:53:35,3.1,--,441,136744,卖盘
2214,09:53:31,3.1,--,159,49290,卖盘
2215,09:53:25,3.1,-0.01,99,30690,卖盘
2216,09:53:20,3.11,0.01,346,107606,买盘
2217,09:53:16,3.1,--,3180,985800,卖盘
2218,09:53:10,3.1,-0.01,1036,321160,卖盘
2219,09:53:05,3.11,--,647,201251,买盘
2220,09:53:01,3.11,0.01,2585,803935,买盘
2221,09:52:56,3.1,--,150,46500,卖盘
2222,09:52:50,3.1,--,2106,652860,卖盘
2223,09:52:46,3.1,-0.01,1751,542810,卖盘
2224,09:52:40,3.11,0.01,2,622,买盘
2225,09:52:35,3.1,--,430,133337,卖盘
2226,09:52:31,3.1,--,221,68510,卖盘
2227,09:52:25,3.1,--,2897,898070,卖盘
2228,09:52:20,3.1,--,8,2480,卖盘
2229,09:52:16,3.1,--,10002,3100620,卖盘
2230,09:52:10,3.1,--,299,92690,卖盘
2231,09:52:05,3.1,-0.01,391,121244,卖盘
2232,09:52:00,3.11,--,10176,3164736,买盘
2233,09:51:55,3.11,0.01,19,5909,买盘
2234,09:51:50,3.1,-0.01,10039,3112090,卖盘
2235,09:51:45,3.11,0.01,76,23636,买盘
2236,09:51:40,3.1,--,132,40920,卖盘
2237,09:51:34,3.1,-0.01,391,121244,卖盘
2238,09:51:25,3.11,0.01,43,13373,买盘
2239,09:51:20,3.1,-0.01,214,66340,卖盘
2240,09:51:15,3.11,0.01,182,56602,买盘
2241,09:51:10,3.1,--,245,75950,卖盘
2242,09:51:05,3.1,-0.01,422,130854,卖盘
2243,09:51:00,3.11,--,20,6220,买盘
2244,09:50:55,3.11,0.01,81,25191,买盘
2245,09:50:50,3.1,--,315,97650,卖盘
2246,09:50:45,3.1,--,129,39990,卖盘
2247,09:50:40,3.1,--,978,303180,卖盘
2248,09:50:35,3.1,-0.01,393,121867,卖盘
2249,09:50:30,3.11,0.01,251,78061,买盘
2250,09:50:25,3.1,-0.01,11,3410,卖盘
2251,09:50:20,3.11,0.01,208,64688,买盘
2252,09:50:15,3.1,--,69,21390,卖盘
2253,09:50:10,3.1,--,150,46500,卖盘
2254,09:50:05,3.1,--,1692,524554,卖盘
2255,09:50:00,3.1,--,1595,494450,卖盘
2256,09:49:55,3.1,--,261,80910,卖盘
2257,09:49:50,3.1,--,31,9610,卖盘
2258,09:49:45,3.1,--,150,46500,卖盘
2259,09:49:40,3.1,--,124,38440,卖盘
2260,09:49:35,3.1,--,391,121244,卖盘
2261,09:49:30,3.1,-0.01,15,4650,卖盘
2262,09:49:25,3.11,0.01,103,32033,买盘
2263,09:49:20,3.1,-0.01,225,69750,卖盘
2264,09:49:15,3.11,0.01,715,222365,买盘
2265,09:49:10,3.1,--,837,259470,卖盘
2266,09:49:05,3.1,-0.01,424,131477,卖盘
2267,09:49:00,3.11,--,1,311,买盘
2268,09:48:55,3.11,0.01,29,9019,买盘
2269,09:48:50,3.1,-0.01,15,4650,卖盘
2270,09:48:39,3.11,0.01,125,38875,买盘
2271,09:48:35,3.1,--,469,145424,卖盘
2272,09:48:24,3.1,--,830,257300,卖盘
2273,09:48:20,3.1,--,5,1550,卖盘
2274,09:48:09,3.1,--,109,33790,卖盘
2275,09:48:05,3.1,--,427,132404,卖盘
2276,09:48:00,3.1,--,180,55800,卖盘
2277,09:47:54,3.1,--,1,310,卖盘
2278,09:47:50,3.1,--,14,4340,卖盘
2279,09:47:39,3.1,--,83,25730,卖盘
2280,09:47:35,3.1,-0.01,472,146354,卖盘
2281,09:47:30,3.11,0.01,1,311,买盘
2282,09:47:24,3.1,--,413,128030,卖盘
2283,09:47:20,3.1,--,80,24800,卖盘
2284,09:47:15,3.1,-0.01,87,26970,卖盘
2285,09:47:09,3.11,0.01,290,90190,买盘
2286,09:47:05,3.1,-0.01,417,129307,卖盘
2287,09:47:00,3.11,0.01,12,3732,买盘
2288,09:46:54,3.1,--,1,310,卖盘
2289,09:46:49,3.1,-0.01,19,5890,卖盘
2290,09:46:44,3.11,0.01,10,3110,买盘
2291,09:46:39,3.1,--,103,31930,卖盘
2292,09:46:35,3.1,--,393,121864,卖盘
2293,09:46:24,3.1,--,40,12400,卖盘
2294,09:46:20,3.1,-0.01,180,55800,卖盘
2295,09:46:14,3.11,0.01,6,1866,买盘
2296,09:46:09,3.1,--,118,36580,卖盘
2297,09:46:04,3.1,--,471,146044,卖盘
2298,09:45:59,3.1,-0.01,7,2170,卖盘
2299,09:45:54,3.11,0.01,85,26435,买盘
2300,09:45:49,3.1,--,5,1550,卖盘
2301,09:45:44,3.1,--,10,3100,卖盘
2302,09:45:39,3.1,--,177,54870,卖盘
2303,09:45:34,3.1,--,404,125274,卖盘
2304,09:45:29,3.1,--,310,96100,卖盘
2305,09:45:24,3.1,--,12,3720,卖盘
2306,09:45:19,3.1,-0.01,5,1550,卖盘
2307,09:45:14,3.11,--,3,933,买盘
2308,09:45:09,3.11,0.01,103,32033,买盘
2309,09:45:04,3.1,-0.01,772,239357,卖盘
2310,09:44:54,3.11,0.01,104,32344,买盘
2311,09:44:49,3.1,--,18,5580,卖盘
2312,09:44:39,3.1,--,209,64790,卖盘
2313,09:44:34,3.1,--,391,121244,卖盘
2314,09:44:29,3.1,--,3,930,卖盘
2315,09:44:24,3.1,--,105,32550,卖盘
2316,09:44:19,3.1,--,5,1550,卖盘
2317,09:44:09,3.1,--,87,26970,卖盘
2318,09:44:04,3.1,--,390,120934,卖盘
2319,09:43:59,3.1,--,185,57350,卖盘
2320,09:43:54,3.1,--,12,3720,卖盘
2321,09:43:49,3.1,-0.01,23,7130,卖盘
2322,09:43:44,3.11,--,127,39497,买盘
2323,09:43:39,3.11,0.01,81,25191,买盘
2324,09:43:34,3.1,--,423,131167,卖盘
2325,09:43:29,3.1,-0.01,5,1550,卖盘
2326,09:43:24,3.11,0.01,346,107606,买盘
2327,09:43:19,3.1,--,9,2790,卖盘
2328,09:43:14,3.1,--,1,310,卖盘
2329,09:43:09,3.1,--,145,44950,卖盘
2330,09:43:04,3.1,--,391,121244,卖盘
2331,09:42:59,3.1,--,1,310,卖盘
2332,09:42:48,3.1,--,355,110050,卖盘
2333,09:42:44,3.1,-0.01,27,8370,卖盘
2334,09:42:39,3.11,0.01,81,25191,买盘
2335,09:42:34,3.1,--,467,144804,卖盘
2336,09:42:29,3.1,-0.01,218,67580,卖盘
2337,09:42:24,3.11,0.01,119,37009,买盘
2338,09:42:18,3.1,--,12,3720,卖盘
2339,09:42:13,3.1,--,420,130200,卖盘
2340,09:42:09,3.1,--,616,190960,卖盘
2341,09:42:03,3.1,--,394,122174,卖盘
2342,09:41:59,3.1,--,252,78120,卖盘
2343,09:41:48,3.1,-0.01,5,1550,卖盘
2344,09:41:44,3.11,0.01,145,45095,买盘
2345,09:41:39,3.1,--,98,30380,卖盘
2346,09:41:33,3.1,--,718,222617,卖盘
2347,09:41:29,3.1,--,91,28210,卖盘
2348,09:41:24,3.1,--,20,6200,卖盘
2349,09:41:18,3.1,-0.01,139,43090,卖盘
2350,09:41:14,3.11,0.01,23,7153,买盘
2351,09:41:03,3.1,--,673,208664,卖盘
2352,09:40:59,3.1,-0.01,1291,400210,卖盘
2353,09:40:54,3.11,--,454,141194,买盘
2354,09:40:48,3.11,0.01,289,89879,买盘
2355,09:40:44,3.1,--,22,6820,卖盘
2356,09:40:39,3.1,--,348,107880,卖盘
2357,09:40:33,3.1,-0.01,407,126204,卖盘
2358,09:40:29,3.11,0.01,13,4043,买盘
2359,09:40:18,3.1,--,5,1550,卖盘
2360,09:40:13,3.1,--,143,44330,卖盘
2361,09:40:08,3.1,--,142,44020,卖盘
2362,09:40:03,3.1,--,527,163407,卖盘
2363,09:39:59,3.1,--,2213,686030,卖盘
2364,09:39:54,3.1,--,252,78120,卖盘
2365,09:39:48,3.1,--,6,1860,卖盘
2366,09:39:43,3.1,--,4,1240,卖盘
2367,09:39:38,3.1,--,144,44640,卖盘
2368,09:39:33,3.1,--,461,142944,卖盘
2369,09:39:29,3.1,--,565,175150,卖盘
2370,09:39:23,3.1,--,23,7130,卖盘
2371,09:39:18,3.1,-0.01,55,17050,卖盘
2372,09:39:13,3.11,--,394,122708,买盘
2373,09:39:09,3.11,0.01,136,42296,买盘
2374,09:39:03,3.1,--,411,127444,卖盘
2375,09:38:58,3.1,--,2,620,卖盘
2376,09:38:53,3.1,--,111,34410,卖盘
2377,09:38:48,3.1,--,603,186930,卖盘
2378,09:38:43,3.1,--,55,17050,卖盘
2379,09:38:37,3.1,--,143,44330,卖盘
2380,09:38:33,3.1,-0.01,393,121864,卖盘
2381,09:38:23,3.11,0.01,150,46650,买盘
2382,09:38:18,3.1,--,6,1860,卖盘
2383,09:38:13,3.1,-0.01,100,31000,卖盘
2384,09:38:08,3.11,0.01,124,38564,买盘
2385,09:38:03,3.1,--,441,136747,卖盘
2386,09:37:58,3.1,--,126,39060,卖盘
2387,09:37:53,3.1,--,43,13330,卖盘
2388,09:37:48,3.1,-0.01,1005,311550,卖盘
2389,09:37:43,3.11,--,1,311,买盘
2390,09:37:38,3.11,0.01,123,38253,买盘
2391,09:37:33,3.1,-0.01,621,192544,卖盘
2392,09:37:28,3.11,0.01,5,1555,买盘
2393,09:37:23,3.1,--,1,310,卖盘
2394,09:37:18,3.1,--,18,5580,卖盘
2395,09:37:13,3.1,--,29,8990,卖盘
2396,09:37:07,3.1,--,176,54560,卖盘
2397,09:37:03,3.1,--,412,127754,卖盘
2398,09:36:58,3.1,--,14,4340,卖盘
2399,09:36:52,3.1,--,301,93310,卖盘
2400,09:36:48,3.1,-0.01,3,930,卖盘
2401,09:36:43,3.11,0.01,192,59712,买盘
2402,09:36:38,3.1,--,539,167127,卖盘
2403,09:36:33,3.1,-0.01,10,3100,卖盘
2404,09:36:27,3.11,0.01,4213,1310243,买盘
2405,09:36:23,3.1,-0.01,13,4030,卖盘
2406,09:36:18,3.11,0.01,20,6220,买盘
2407,09:36:13,3.1,--,6,1860,卖盘
2408,09:36:07,3.1,--,529,164024,卖盘
2409,09:36:03,3.1,--,1,310,卖盘
2410,09:35:57,3.1,-0.01,11,3410,卖盘
2411,09:35:53,3.11,--,482,149902,买盘
2412,09:35:48,3.11,0.01,818,254398,买盘
2413,09:35:42,3.1,--,1184,367040,卖盘
2414,09:35:38,3.1,--,45,13950,卖盘
2415,09:35:33,3.1,--,391,121244,卖盘
2416,09:35:27,3.1,--,431,133610,卖盘
2417,09:35:23,3.1,--,252,78120,卖盘
2418,09:35:18,3.1,--,194,60140,卖盘
2419,09:35:12,3.1,--,86,26660,卖盘
2420,09:35:07,3.1,-0.01,619,191924,卖盘
2421,09:35:03,3.11,0.01,389,120979,买盘
2422,09:34:57,3.1,-0.01,416,128960,卖盘
2423,09:34:52,3.11,0.01,344,106984,买盘
2424,09:34:48,3.1,--,87,26970,卖盘
2425,09:34:42,3.1,--,1007,312170,卖盘
2426,09:34:37,3.1,--,642,199057,卖盘
2427,09:34:33,3.1,--,445,137950,卖盘
2428,09:34:27,3.1,--,3371,1045010,卖盘
2429,09:34:23,3.1,--,60,18600,卖盘
2430,09:34:18,3.1,--,248,76880,卖盘
2431,09:34:12,3.1,--,1138,352780,卖盘
2432,09:34:08,3.1,--,470,145734,卖盘
2433,09:34:03,3.1,--,107,33170,卖盘
2434,09:33:57,3.1,--,215,66650,卖盘
2435,09:33:53,3.1,-0.01,40,12400,卖盘
2436,09:33:47,3.11,0.01,215,66865,买盘
2437,09:33:42,3.1,--,20,6200,卖盘
2438,09:33:37,3.1,--,535,165850,卖盘
2439,09:33:33,3.1,--,25,7750,卖盘
2440,09:33:27,3.1,-0.01,4,1240,卖盘
2441,09:33:22,3.11,--,447,139017,买盘
2442,09:33:17,3.11,0.01,1,311,买盘
2443,09:33:12,3.1,--,177,54870,卖盘
2444,09:33:08,3.1,--,429,133231,卖盘
2445,09:33:02,3.1,--,20,6200,卖盘
2446,09:32:57,3.1,--,20,6200,卖盘
2447,09:32:52,3.1,--,483,149730,卖盘
2448,09:32:47,3.1,--,100,31000,卖盘
2449,09:32:42,3.1,--,234,72540,卖盘
2450,09:32:37,3.1,--,446,138498,卖盘
2451,09:32:27,3.1,-0.01,15,4650,卖盘
2452,09:32:22,3.11,0.01,968,301048,买盘
2453,09:32:17,3.1,--,12,3720,卖盘
2454,09:32:12,3.1,--,1,310,卖盘
2455,09:32:07,3.1,--,1035,321091,卖盘
2456,09:31:57,3.1,-0.01,221,68510,卖盘
2457,09:31:52,3.11,0.01,809,251599,买盘
2458,09:31:46,3.1,-0.01,20,6200,卖盘
2459,09:31:42,3.11,0.01,156,48516,买盘
2460,09:31:37,3.1,--,481,149351,卖盘
2461,09:31:32,3.1,--,36,11160,卖盘
2462,09:31:27,3.1,--,6,1860,卖盘
2463,09:31:22,3.1,--,5,1550,卖盘
2464,09:31:16,3.1,--,5,1550,卖盘
2465,09:31:12,3.1,--,1,310,卖盘
2466,09:31:07,3.1,--,428,132921,卖盘
2467,09:30:52,3.1,--,1127,349370,卖盘
2468,09:30:37,3.1,--,428,132918,卖盘
2469,09:30:31,3.1,--,90,27900,卖盘
2470,09:30:22,3.1,-0.01,5963,1848530,卖盘
2471,09:30:12,3.11,--,1,311,买盘
2472,09:30:07,3.11,0.01,2096,652098,买盘
2473,09:30:01,3.1,--,120,37200,卖盘
2474,09:28:56,3.1,--,0,0,卖盘
2475,09:25:05,3.1,3.1,4571,1417010,买盘
