,time,price,change,volume,amount,type
0,15:00:00,17.66,--,0,0,中性盘
1,15:00:00,17.66,0.02,0,0,中性盘
2,15:00:00,17.64,-0.02,14,24696,卖盘
3,14:59:56,17.66,--,1,1766,买盘
4,14:59:51,17.66,--,0,0,中性盘
5,14:59:46,17.66,-0.01,2,3532,买盘
6,14:59:36,17.67,-0.01,5,8835,卖盘
7,14:59:31,17.68,0.03,43,76024,买盘
8,14:59:26,17.65,-0.03,209,368884,卖盘
9,14:59:21,17.68,0.01,4,7072,买盘
10,14:59:11,17.67,--,1,1767,卖盘
11,14:59:06,17.67,-0.01,5,8835,卖盘
12,14:59:01,17.68,--,4,7072,买盘
13,14:58:56,17.68,0.01,43,76024,买盘
14,14:58:46,17.67,-0.01,30,53010,卖盘
15,14:58:40,17.68,0.01,62,109616,买盘
16,14:58:31,17.67,-0.01,55,97185,卖盘
17,14:58:26,17.68,--,6,10608,买盘
18,14:58:20,17.68,--,25,44200,买盘
19,14:58:10,17.68,--,17,30056,买盘
20,14:58:00,17.68,--,44,78251,卖盘
21,14:57:55,17.68,--,11,19448,卖盘
22,14:57:45,17.68,--,34,61420,卖盘
23,14:57:40,17.68,--,291,514488,买盘
24,14:57:35,17.68,--,12,21216,买盘
25,14:57:30,17.68,--,1,1768,买盘
26,14:57:25,17.68,--,47,83096,卖盘
27,14:57:15,17.68,-0.01,43,76024,卖盘
28,14:57:10,17.69,--,22,38918,买盘
29,14:57:00,17.69,0.01,5,8845,买盘
30,14:56:50,17.68,--,12,21216,卖盘
31,14:56:45,17.68,-0.01,2,3536,买盘
32,14:56:20,17.69,--,0,0,买盘
33,14:56:15,17.69,0.02,64,113216,买盘
34,14:56:00,17.67,--,126,222642,卖盘
35,14:55:55,17.67,-0.01,6,10602,卖盘
36,14:55:45,17.68,0.01,69,121992,买盘
37,14:55:35,17.67,--,50,88350,卖盘
38,14:55:15,17.67,--,19,35304,卖盘
39,14:55:10,17.67,--,101,178467,卖盘
40,14:54:54,17.67,0.01,8,14136,卖盘
41,14:54:45,17.66,--,0,0,卖盘
42,14:54:39,17.66,--,215,379690,买盘
43,14:54:30,17.66,--,0,0,买盘
44,14:54:24,17.66,0.01,26,45916,买盘
45,14:54:20,17.65,-0.01,84,148260,卖盘
46,14:54:15,17.66,--,5,8830,买盘
47,14:54:09,17.66,0.01,54,95364,买盘
48,14:54:05,17.65,-0.01,22,38830,卖盘
49,14:53:54,17.66,--,2,3532,卖盘
50,14:53:45,17.66,-0.01,2,3532,卖盘
51,14:53:39,17.67,--,57,100719,买盘
52,14:53:30,17.67,0.02,37,65379,买盘
53,14:53:24,17.65,--,0,0,卖盘
54,14:53:20,17.65,-0.03,33,58244,卖盘
55,14:53:15,17.68,0.03,248,438464,买盘
56,14:53:09,17.65,--,57,100604,卖盘
57,14:53:05,17.65,--,5,8825,卖盘
58,14:52:50,17.65,--,74,130609,卖盘
59,14:52:45,17.65,-0.01,33,58244,卖盘
60,14:52:39,17.66,0.01,57,100662,买盘
61,14:52:35,17.65,--,10,17650,卖盘
62,14:52:20,17.65,-0.02,45,79425,卖盘
63,14:52:09,17.67,0.01,70,123690,买盘
64,14:51:54,17.66,-0.01,100,176600,卖盘
65,14:51:39,17.67,--,57,100719,买盘
66,14:51:34,17.67,--,2,3534,买盘
67,14:51:18,17.67,--,30,53010,买盘
68,14:51:14,17.67,--,28,49476,卖盘
69,14:51:09,17.67,--,76,134292,卖盘
70,14:50:54,17.67,--,11,19437,卖盘
71,14:50:39,17.67,--,20,35340,买盘
72,14:50:33,17.67,0.01,4,7068,买盘
73,14:50:24,17.66,-0.02,2,3532,卖盘
74,14:50:18,17.68,--,0,0,买盘
75,14:50:09,17.68,--,56,99008,买盘
76,14:49:54,17.68,--,1,1768,买盘
77,14:49:44,17.68,--,53,93704,卖盘
78,14:49:39,17.68,--,63,111384,卖盘
79,14:49:33,17.68,--,13,22984,卖盘
80,14:49:18,17.68,--,2,3536,卖盘
81,14:49:09,17.68,0.01,4,7072,买盘
82,14:49:03,17.67,--,99,174933,卖盘
83,14:48:48,17.67,--,0,0,卖盘
84,14:48:39,17.67,0.01,21,37107,买盘
85,14:48:33,17.66,--,23,40618,卖盘
86,14:48:29,17.66,-0.01,5,8830,卖盘
87,14:48:18,17.67,-0.02,5,8835,买盘
88,14:48:14,17.69,--,0,0,买盘
89,14:48:09,17.69,--,57,100833,买盘
90,14:48:03,17.69,--,0,0,买盘
91,14:47:54,17.69,0.03,54,95526,买盘
92,14:47:48,17.66,-0.03,124,218984,卖盘
93,14:47:39,17.69,0.02,56,99064,买盘
94,14:47:24,17.67,--,10,17670,卖盘
95,14:47:14,17.67,-0.01,84,149205,卖盘
96,14:47:09,17.68,0.01,36,63648,买盘
97,14:46:59,17.67,-0.01,100,176700,卖盘
98,14:46:54,17.68,0.01,55,97240,买盘
99,14:46:44,17.67,--,2,3534,卖盘
100,14:46:39,17.67,--,42,74214,买盘
101,14:46:33,17.67,0.01,20,35340,买盘
102,14:46:18,17.66,-0.02,3,7046,卖盘
103,14:46:08,17.68,0.02,57,100776,买盘
104,14:46:03,17.66,--,0,0,卖盘
105,14:45:54,17.66,-0.02,2,3532,卖盘
106,14:45:38,17.68,0.02,56,99008,买盘
107,14:45:33,17.66,--,4,7064,卖盘
108,14:45:18,17.66,-0.02,2,5280,卖盘
109,14:45:14,17.68,--,102,180336,买盘
110,14:45:08,17.68,0.02,56,99008,买盘
111,14:45:03,17.66,--,100,176600,卖盘
112,14:44:48,17.66,--,8,14128,卖盘
113,14:44:27,17.66,--,2,3532,卖盘
114,14:44:23,17.66,0.01,64,113024,买盘
115,14:44:18,17.65,--,67,120002,卖盘
116,14:44:12,17.65,--,10,17650,卖盘
117,14:44:03,17.65,--,5,10448,买盘
118,14:43:48,17.65,0.01,45,79425,买盘
119,14:43:42,17.64,--,16,29776,买盘
120,14:43:33,17.64,0.01,37,65268,买盘
121,14:43:27,17.63,-0.01,51,89913,卖盘
122,14:43:23,17.64,--,304,538002,买盘
123,14:43:18,17.64,--,16,28224,买盘
124,14:43:12,17.64,0.01,26,45864,买盘
125,14:43:08,17.63,--,10,17630,卖盘
126,14:43:03,17.63,-0.02,30,52890,卖盘
127,14:42:48,17.65,--,54,95309,买盘
128,14:42:27,17.65,0.01,191,337132,买盘
129,14:42:23,17.64,--,8,14112,买盘
130,14:42:12,17.64,--,231,408418,卖盘
131,14:41:57,17.64,-0.01,67,119070,卖盘
132,14:41:48,17.65,0.01,5,8825,买盘
133,14:41:27,17.64,--,7,14076,卖盘
134,14:41:18,17.64,-0.01,5,8820,卖盘
135,14:41:03,17.65,--,32,56479,买盘
136,14:40:53,17.65,0.01,66,116489,买盘
137,14:40:48,17.64,-0.01,2,3528,卖盘
138,14:40:33,17.65,--,15,26474,买盘
139,14:40:27,17.65,0.01,89,157085,买盘
140,14:40:23,17.64,-0.01,24,42336,卖盘
141,14:40:12,17.65,--,10,18373,卖盘
142,14:40:08,17.65,--,33,58244,卖盘
143,14:39:38,17.65,--,1,2400,卖盘
144,14:39:33,17.65,--,2,3529,卖盘
145,14:39:27,17.65,--,3,7042,卖盘
146,14:39:17,17.65,--,25,44125,卖盘
147,14:39:12,17.65,--,53,93544,卖盘
148,14:38:52,17.65,--,28,49419,卖盘
149,14:38:32,17.65,--,2,5277,卖盘
150,14:38:27,17.65,--,8,14119,卖盘
151,14:38:21,17.65,-0.01,11,19415,卖盘
152,14:38:12,17.66,0.01,31,54746,买盘
153,14:38:06,17.65,--,12,21356,卖盘
154,14:37:51,17.65,-0.01,50,88250,卖盘
155,14:37:47,17.66,0.01,9,15894,买盘
156,14:37:42,17.65,--,6,10590,卖盘
157,14:37:36,17.65,--,5,10572,卖盘
158,14:37:27,17.65,--,2,3529,卖盘
159,14:37:12,17.65,--,10,17650,卖盘
160,14:37:06,17.65,-0.01,25,44125,卖盘
161,14:36:57,17.66,0.01,3,5298,买盘
162,14:36:51,17.65,-0.01,13,22944,卖盘
163,14:36:36,17.66,0.01,9,17642,买盘
164,14:36:06,17.65,--,0,1623,卖盘
165,14:36:02,17.65,-0.01,25,44125,卖盘
166,14:35:51,17.66,0.01,20,35320,买盘
167,14:35:47,17.65,--,20,35300,卖盘
168,14:35:42,17.65,-0.01,113,199444,卖盘
169,14:35:36,17.66,0.01,6,12344,买盘
170,14:35:21,17.65,-0.01,2,3529,卖盘
171,14:35:01,17.66,0.01,522,921852,买盘
172,14:34:57,17.65,--,45,79425,卖盘
173,14:34:41,17.65,--,2,3529,卖盘
174,14:34:36,17.65,--,2,5259,卖盘
175,14:34:06,17.65,-0.01,11,19944,卖盘
176,14:33:51,17.66,0.01,3,5298,买盘
177,14:33:47,17.65,--,8,14119,卖盘
178,14:33:41,17.65,--,2,5277,卖盘
179,14:33:06,17.65,--,1,1764,卖盘
180,14:32:46,17.65,--,2,3529,卖盘
181,14:32:41,17.65,--,25,45872,卖盘
182,14:32:36,17.65,0.01,44,77660,买盘
183,14:32:30,17.64,-0.01,10,17640,卖盘
184,14:32:26,17.65,--,1,1764,买盘
185,14:32:21,17.65,0.01,30,52949,买盘
186,14:32:15,17.64,--,0,0,卖盘
187,14:32:11,17.64,-0.01,2,3528,卖盘
188,14:32:06,17.65,--,2,3529,卖盘
189,14:31:41,17.65,-0.01,2,5277,卖盘
190,14:31:30,17.66,--,1,1766,买盘
191,14:31:21,17.66,--,1,1766,买盘
192,14:31:15,17.66,--,50,88300,买盘
193,14:30:56,17.66,0.01,1082,1910812,买盘
194,14:30:45,17.65,0.01,86,152690,买盘
195,14:30:41,17.64,--,20,35280,卖盘
196,14:30:30,17.64,--,6,10584,买盘
197,14:30:26,17.64,-0.01,41,72324,买盘
198,14:30:21,17.65,--,0,0,买盘
199,14:30:11,17.65,--,0,0,买盘
200,14:30:06,17.65,--,430,758949,买盘
201,14:29:51,17.65,--,16,28239,买盘
202,14:29:30,17.65,-0.01,199,351941,卖盘
203,14:29:21,17.66,--,20,35320,买盘
204,14:29:15,17.66,--,1856,3277696,买盘
205,14:29:10,17.66,--,3,5298,买盘
206,14:29:00,17.66,--,1,1766,买盘
207,14:28:55,17.66,-0.01,128,226065,卖盘
208,14:28:51,17.67,--,23,42390,买盘
209,14:28:45,17.67,0.01,11,19437,买盘
210,14:28:41,17.66,--,1,1766,卖盘
211,14:28:36,17.66,-0.01,12,21192,卖盘
212,14:28:30,17.67,--,6,10602,买盘
213,14:28:25,17.67,0.01,1,1767,买盘
214,14:28:11,17.66,-0.01,6,10596,卖盘
215,14:28:06,17.67,0.01,81,143127,买盘
216,14:27:41,17.66,--,0,0,卖盘
217,14:27:36,17.66,-0.01,19,33589,卖盘
218,14:27:10,17.67,--,10,17670,卖盘
219,14:27:00,17.67,--,1,1767,卖盘
220,14:26:50,17.67,--,2,5283,卖盘
221,14:26:45,17.67,--,3,5301,卖盘
222,14:26:40,17.67,-0.02,1,1767,卖盘
223,14:26:05,17.69,--,3,5307,买盘
224,14:26:00,17.69,0.02,1,1769,买盘
225,14:25:55,17.67,-0.02,3,7050,卖盘
226,14:25:20,17.69,--,152,269029,卖盘
227,14:25:10,17.69,--,1,1769,卖盘
228,14:25:05,17.69,0.01,156,277591,买盘
229,14:25:00,17.68,--,1035,1829968,卖盘
230,14:24:54,17.68,-0.01,2,5286,卖盘
231,14:24:50,17.69,--,20,35380,买盘
232,14:24:35,17.69,--,62,109678,买盘
233,14:24:20,17.69,0.01,10,17690,买盘
234,14:24:15,17.68,-0.01,40,70720,卖盘
235,14:24:05,17.69,--,41,72529,买盘
236,14:24:00,17.69,--,7,14134,买盘
237,14:23:35,17.69,--,31,54839,买盘
238,14:23:15,17.69,--,19,33611,买盘
239,14:23:09,17.69,0.01,31,54839,买盘
240,14:23:00,17.68,-0.01,2,5286,卖盘
241,14:22:39,17.69,--,31,54839,买盘
242,14:22:30,17.69,0.01,1,1769,买盘
243,14:22:24,17.68,-0.01,15,26520,卖盘
244,14:22:09,17.69,--,30,53070,买盘
245,14:21:50,17.69,--,0,53,卖盘
246,14:21:45,17.69,-0.01,23,40687,卖盘
247,14:21:39,17.7,--,82,145140,买盘
248,14:21:30,17.7,--,1,1770,买盘
249,14:21:24,17.7,--,1,1770,买盘
250,14:21:19,17.7,--,13,23010,买盘
251,14:21:09,17.7,0.01,31,54870,买盘
252,14:21:04,17.69,--,2,5289,卖盘
253,14:20:49,17.69,--,5,8845,卖盘
254,14:20:39,17.69,-0.01,35,61915,卖盘
255,14:20:35,17.7,--,1,1770,买盘
256,14:20:09,17.7,0.01,31,54870,买盘
257,14:20:05,17.69,-0.01,2,5271,卖盘
258,14:19:59,17.7,--,53,93810,买盘
259,14:19:44,17.7,--,0,0,买盘
260,14:19:39,17.7,0.02,133,235410,买盘
261,14:19:19,17.68,-0.01,10,17680,卖盘
262,14:19:09,17.69,--,52,93739,买盘
263,14:18:54,17.69,--,33,58377,买盘
264,14:18:39,17.69,--,31,54839,买盘
265,14:18:09,17.69,--,52,93739,买盘
266,14:17:54,17.69,0.01,1,1769,买盘
267,14:17:48,17.68,-0.01,3,5304,卖盘
268,14:17:39,17.69,0.01,30,53070,买盘
269,14:17:33,17.68,--,2,3536,卖盘
270,14:17:09,17.68,--,34,61862,卖盘
271,14:16:54,17.68,--,10,17680,卖盘
272,14:16:44,17.68,--,5,8840,卖盘
273,14:16:39,17.68,--,0,1750,买盘
274,14:16:24,17.68,-0.01,25,44200,买盘
275,14:16:14,17.69,--,0,0,买盘
276,14:16:09,17.69,--,94,166286,买盘
277,14:15:39,17.69,--,31,54839,买盘
278,14:15:24,17.69,--,20,35397,卖盘
279,14:15:14,17.69,-0.01,8,15903,卖盘
280,14:15:09,17.7,0.01,37,65490,买盘
281,14:14:39,17.69,0.01,5,8845,买盘
282,14:14:33,17.68,--,3,5304,卖盘
283,14:14:24,17.68,--,15,26520,卖盘
284,14:14:18,17.68,--,2,5286,卖盘
285,14:14:13,17.68,--,11,19448,卖盘
286,14:14:09,17.68,-0.02,2,3536,买盘
287,14:14:03,17.7,--,0,0,买盘
288,14:13:59,17.7,--,54,95580,买盘
289,14:13:54,17.7,0.05,111,196470,买盘
290,14:13:48,17.65,--,0,0,卖盘
291,14:13:43,17.65,--,0,0,卖盘
292,14:13:38,17.65,-0.01,351,619515,卖盘
293,14:13:33,17.66,-0.03,604,1066664,卖盘
294,14:13:28,17.69,--,3,5307,卖盘
295,14:13:18,17.69,--,82,146791,买盘
296,14:13:08,17.69,--,30,53070,买盘
297,14:13:03,17.69,--,18,31842,买盘
298,14:12:38,17.69,0.01,31,54839,买盘
299,14:12:33,17.68,--,18,32708,卖盘
300,14:12:18,17.68,-0.01,3,7054,卖盘
301,14:12:08,17.69,0.01,31,54839,买盘
302,14:11:57,17.68,--,2,3536,卖盘
303,14:11:48,17.68,-0.01,2,3536,卖盘
304,14:11:38,17.69,-0.01,31,54839,买盘
305,14:11:23,17.7,--,0,0,买盘
306,14:11:18,17.7,0.01,907,1607142,买盘
307,14:11:08,17.69,--,111,196359,卖盘
308,14:10:48,17.69,--,11,19459,卖盘
309,14:10:42,17.69,--,68,120946,买盘
310,14:10:38,17.69,--,66,116754,买盘
311,14:10:18,17.69,--,16,28304,卖盘
312,14:10:12,17.69,-0.01,3,5307,卖盘
313,14:10:08,17.7,0.01,46,81420,买盘
314,14:10:03,17.69,-0.01,24,42456,卖盘
315,14:09:53,17.7,0.01,871,1541670,买盘
316,14:09:48,17.69,--,10,17690,卖盘
317,14:09:42,17.69,-0.01,3,5307,卖盘
318,14:09:38,17.7,0.02,145,256650,买盘
319,14:09:23,17.68,--,12,21216,卖盘
320,14:09:03,17.68,0.02,24,42432,买盘
321,14:08:57,17.66,-0.02,603,1064898,卖盘
322,14:08:53,17.68,0.02,22,38896,买盘
323,14:08:48,17.66,-0.01,30,52980,卖盘
324,14:08:38,17.67,--,0,1113,买盘
325,14:08:18,17.67,0.01,2,3534,买盘
326,14:08:12,17.66,-0.01,108,190728,卖盘
327,14:08:08,17.67,--,78,137826,买盘
328,14:08:03,17.67,--,44,77748,买盘
329,14:07:57,17.67,--,1,1767,买盘
330,14:07:48,17.67,--,74,130758,买盘
331,14:07:42,17.67,--,35,62498,卖盘
332,14:07:33,17.67,--,30,53010,卖盘
333,14:07:12,17.67,--,5,8835,卖盘
334,14:07:03,17.67,--,10,17670,卖盘
335,14:06:57,17.67,--,0,0,卖盘
336,14:06:48,17.67,--,1,1767,卖盘
337,14:06:42,17.67,--,11,19437,卖盘
338,14:05:42,17.67,--,243,430494,买盘
339,14:05:27,17.67,--,10,17670,买盘
340,14:05:12,17.67,-0.01,28,50129,卖盘
341,14:04:47,17.68,0.01,4,7072,买盘
342,14:04:21,17.67,--,142,251090,卖盘
343,14:03:32,17.67,-0.01,19,33573,卖盘
344,14:03:17,17.68,--,2,3536,买盘
345,14:03:12,17.68,--,22,38896,买盘
346,14:03:02,17.68,--,23,40664,买盘
347,14:02:51,17.68,0.01,3,5304,买盘
348,14:02:47,17.67,--,30,53010,卖盘
349,14:02:36,17.67,-0.01,3,5301,卖盘
350,14:02:32,17.68,0.01,22,38896,买盘
351,14:02:11,17.67,--,87,153729,卖盘
352,14:02:02,17.67,--,0,0,卖盘
353,14:01:41,17.67,-0.03,9,15903,卖盘
354,14:01:32,17.7,0.01,6,10620,买盘
355,14:01:26,17.69,--,8,14152,卖盘
356,14:01:02,17.69,--,1,1769,卖盘
357,14:00:47,17.69,--,21,37149,卖盘
358,14:00:41,17.69,--,8,14152,买盘
359,14:00:36,17.69,--,22,38918,买盘
360,14:00:31,17.69,--,63,112561,买盘
361,14:00:06,17.69,-0.01,43,76067,买盘
362,13:59:41,17.7,--,0,0,买盘
363,13:59:36,17.7,0.03,38,67260,买盘
364,13:59:32,17.67,-0.03,2,5283,卖盘
365,13:59:06,17.7,0.03,37,65490,买盘
366,13:58:46,17.67,--,10,17670,卖盘
367,13:58:41,17.67,-0.03,50,88350,卖盘
368,13:58:36,17.7,0.03,40,72552,买盘
369,13:58:26,17.67,--,2,3534,卖盘
370,13:58:16,17.67,--,8,14136,卖盘
371,13:58:11,17.67,-0.03,54,95418,卖盘
372,13:58:06,17.7,0.01,47,83190,买盘
373,13:58:01,17.69,--,10,17690,卖盘
374,13:57:36,17.69,0.02,71,127350,买盘
375,13:57:26,17.67,--,0,0,卖盘
376,13:57:21,17.67,-0.01,96,169632,卖盘
377,13:57:15,17.68,-0.01,80,141440,卖盘
378,13:57:06,17.69,--,4,7076,买盘
379,13:56:56,17.69,0.01,5,8845,卖盘
380,13:56:45,17.68,--,0,0,卖盘
381,13:56:41,17.68,-0.02,2,5286,卖盘
382,13:56:36,17.7,--,39,69030,买盘
383,13:56:30,17.7,--,0,0,买盘
384,13:56:11,17.7,0.02,38,67260,买盘
385,13:55:50,17.68,-0.01,50,88400,卖盘
386,13:55:41,17.69,-0.01,2,5289,卖盘
387,13:55:35,17.7,0.02,10,17700,买盘
388,13:55:30,17.68,--,10,17680,卖盘
389,13:55:26,17.68,--,9,15912,卖盘
390,13:55:11,17.68,--,0,0,卖盘
391,13:55:05,17.68,--,0,1732,买盘
392,13:54:41,17.68,-0.01,66,116688,卖盘
393,13:54:35,17.69,--,131,231739,买盘
394,13:54:11,17.69,--,37,65453,买盘
395,13:54:05,17.69,--,2,3538,买盘
396,13:53:41,17.69,--,38,67222,买盘
397,13:53:30,17.69,--,7,12383,卖盘
398,13:53:26,17.69,--,4,7076,卖盘
399,13:53:20,17.69,--,22,38918,卖盘
400,13:53:11,17.69,--,39,68991,卖盘
401,13:52:56,17.69,-0.01,36,63684,卖盘
402,13:52:50,17.7,0.01,9,15930,买盘
403,13:52:45,17.69,-0.01,37,67186,卖盘
404,13:52:40,17.7,0.01,37,65490,买盘
405,13:52:20,17.69,--,0,0,卖盘
406,13:52:15,17.69,-0.02,11,19459,卖盘
407,13:52:05,17.71,0.01,42,74382,买盘
408,13:52:00,17.7,0.01,1,1770,卖盘
409,13:51:50,17.69,--,0,0,卖盘
410,13:51:45,17.69,-0.02,12,22979,卖盘
411,13:51:40,17.71,-0.01,38,67298,买盘
412,13:51:30,17.72,--,0,0,买盘
413,13:51:20,17.72,--,0,0,买盘
414,13:51:10,17.72,--,37,65564,买盘
415,13:51:05,17.72,--,19,33668,买盘
416,13:50:50,17.72,--,0,0,买盘
417,13:50:39,17.72,-0.01,408,722976,卖盘
418,13:50:35,17.73,--,50,88650,买盘
419,13:50:20,17.73,--,106,187938,买盘
420,13:50:09,17.73,0.01,37,65601,买盘
421,13:49:50,17.72,0.01,750,1329318,买盘
422,13:49:45,17.71,0.01,375,664125,买盘
423,13:49:39,17.7,--,1059,1874430,买盘
424,13:49:30,17.7,0.01,54,95580,买盘
425,13:49:24,17.69,--,53,94270,买盘
426,13:49:09,17.69,0.01,38,67222,买盘
427,13:48:54,17.68,--,0,0,中性盘
428,13:48:50,17.68,0.01,45,81310,买盘
429,13:48:44,17.67,-0.02,2,3534,卖盘
430,13:48:39,17.69,--,37,65453,买盘
431,13:48:24,17.69,0.02,1,1769,买盘
432,13:48:14,17.67,-0.02,3,5301,卖盘
433,13:48:09,17.69,0.02,38,67222,买盘
434,13:47:54,17.67,-0.02,3,7050,卖盘
435,13:47:39,17.69,--,37,65453,买盘
436,13:46:59,17.69,0.02,42,74298,买盘
437,13:46:54,17.67,--,2,5283,卖盘
438,13:46:49,17.67,--,12,21204,卖盘
439,13:46:29,17.67,--,2,3534,卖盘
440,13:46:20,17.67,--,0,0,卖盘
441,13:45:59,17.67,--,2,5265,卖盘
442,13:45:50,17.67,-0.01,5,8835,卖盘
443,13:45:44,17.68,--,1,1768,买盘
444,13:45:39,17.68,-0.01,9,15912,买盘
445,13:45:34,17.69,--,0,0,买盘
446,13:45:29,17.69,0.02,1,1769,买盘
447,13:44:59,17.67,--,2,5283,卖盘
448,13:44:54,17.67,--,19,33573,卖盘
449,13:44:39,17.67,--,1,1767,卖盘
450,13:44:29,17.67,--,53,93651,卖盘
451,13:44:24,17.67,-0.01,1,1767,卖盘
452,13:44:14,17.68,--,21,37128,买盘
453,13:43:59,17.68,--,15,26520,买盘
454,13:43:44,17.68,--,6,11845,卖盘
455,13:43:34,17.68,--,3,5834,买盘
456,13:43:14,17.68,--,54,95472,买盘
457,13:43:09,17.68,--,482,853413,卖盘
458,13:43:04,17.68,--,2,5286,卖盘
459,13:42:54,17.68,-0.01,2,3536,卖盘
460,13:42:33,17.69,0.01,1,1769,买盘
461,13:42:18,17.68,--,50,88400,卖盘
462,13:42:03,17.68,-0.01,3,7054,卖盘
463,13:41:59,17.69,0.01,20,35380,买盘
464,13:41:54,17.68,--,17,30621,买盘
465,13:41:44,17.68,--,171,302328,买盘
466,13:41:39,17.68,--,13,24186,卖盘
467,13:41:33,17.68,--,6,11173,买盘
468,13:41:29,17.68,-0.01,19,34794,卖盘
469,13:41:14,17.69,0.01,1,3520,买盘
470,13:41:08,17.68,-0.01,3,7054,卖盘
471,13:40:48,17.69,--,12,21228,买盘
472,13:40:43,17.69,0.01,19,33611,买盘
473,13:40:38,17.68,-0.01,12,21216,卖盘
474,13:40:28,17.69,--,5,8845,买盘
475,13:40:23,17.69,--,1,1769,买盘
476,13:40:08,17.69,0.01,1,1769,中性盘
477,13:40:03,17.68,-0.01,104,183872,卖盘
478,13:39:43,17.69,-0.01,15,26535,卖盘
479,13:39:38,17.7,0.01,63,111510,买盘
480,13:39:28,17.69,-0.01,29,51301,卖盘
481,13:39:23,17.7,0.01,10,17700,买盘
482,13:39:18,17.69,--,20,35380,卖盘
483,13:39:08,17.69,-0.01,35,63648,卖盘
484,13:38:38,17.7,0.01,69,122130,买盘
485,13:38:23,17.69,--,3,5307,卖盘
486,13:38:08,17.69,-0.01,37,67204,卖盘
487,13:38:03,17.7,--,9,15930,买盘
488,13:37:58,17.7,-0.01,5,8850,买盘
489,13:37:48,17.71,--,0,0,买盘
490,13:37:43,17.71,--,1,1771,买盘
491,13:37:38,17.71,0.02,34,60214,买盘
492,13:37:28,17.69,--,3,5307,卖盘
493,13:37:23,17.69,-0.01,9,15921,卖盘
494,13:37:18,17.7,0.01,12,21788,买盘
495,13:37:13,17.69,--,16,28410,卖盘
496,13:37:08,17.69,--,88,155672,卖盘
497,13:37:03,17.69,--,1167,2064423,卖盘
498,13:36:58,17.69,0.03,319,564311,买盘
499,13:36:53,17.66,-0.02,50,88300,卖盘
500,13:36:38,17.68,0.02,34,60112,买盘
501,13:36:33,17.66,0.01,5,8830,中性盘
502,13:36:18,17.65,-0.03,2,5277,卖盘
503,13:36:08,17.68,0.03,34,60112,买盘
504,13:36:03,17.65,--,0,17,卖盘
505,13:35:53,17.65,--,0,0,卖盘
506,13:35:48,17.65,--,16,28239,卖盘
507,13:35:43,17.65,-0.03,5,8825,卖盘
508,13:35:38,17.68,0.02,56,99008,买盘
509,13:35:33,17.66,--,17,30022,买盘
510,13:35:28,17.66,--,0,0,中性盘
511,13:35:23,17.66,--,105,185430,买盘
512,13:35:18,17.66,--,0,0,中性盘
513,13:35:13,17.66,-0.01,5,8830,卖盘
514,13:35:08,17.67,0.01,562,993054,卖盘
515,13:35:03,17.66,-0.01,2,3655,卖盘
516,13:34:58,17.67,--,0,0,买盘
517,13:34:53,17.67,--,29,51243,买盘
518,13:34:48,17.67,--,87,153729,买盘
519,13:34:42,17.67,--,225,397575,买盘
520,13:34:38,17.67,--,44,77748,买盘
521,13:34:27,17.67,0.01,50,88350,买盘
522,13:34:17,17.66,--,3,7046,卖盘
523,13:34:08,17.66,--,32,58260,买盘
524,13:34:03,17.66,--,91,160706,买盘
525,13:33:57,17.66,-0.01,6,10613,卖盘
526,13:33:38,17.67,0.01,34,60078,买盘
527,13:33:23,17.66,-0.01,5,10578,卖盘
528,13:33:07,17.67,--,34,60078,买盘
529,13:32:52,17.67,0.01,20,35340,买盘
530,13:32:47,17.66,-0.01,2,3532,买盘
531,13:32:42,17.67,--,0,0,买盘
532,13:32:37,17.67,--,104,183768,买盘
533,13:32:32,17.67,0.02,41,72447,买盘
534,13:32:22,17.65,-0.01,44,79407,卖盘
535,13:32:07,17.66,--,100,177571,买盘
536,13:31:57,17.66,--,1,1766,买盘
537,13:31:47,17.66,--,13,22958,买盘
538,13:31:37,17.66,--,34,60044,买盘
539,13:31:27,17.66,0.01,14,24724,买盘
540,13:31:22,17.65,-0.01,2,5259,卖盘
541,13:31:07,17.66,--,35,61810,买盘
542,13:30:37,17.66,0.01,34,60044,买盘
543,13:30:22,17.65,-0.01,3,7042,卖盘
544,13:30:17,17.66,--,1,1766,买盘
545,13:30:12,17.66,--,1,1766,买盘
546,13:30:07,17.66,0.01,34,60044,买盘
547,13:30:02,17.65,-0.01,8,14119,卖盘
548,13:29:52,17.66,0.01,1,1766,买盘
549,13:29:47,17.65,--,2,3529,卖盘
550,13:29:42,17.65,-0.01,5,8825,卖盘
551,13:29:37,17.66,--,55,97130,买盘
552,13:29:32,17.66,0.01,1,1766,买盘
553,13:29:27,17.65,--,2,5277,卖盘
554,13:29:17,17.65,--,21,37065,卖盘
555,13:29:12,17.65,-0.01,1,1764,卖盘
556,13:29:07,17.66,--,34,60044,买盘
557,13:29:02,17.66,--,1,1766,买盘
558,13:28:37,17.66,0.01,51,90066,买盘
559,13:28:27,17.65,--,2,5277,卖盘
560,13:28:12,17.65,--,12,21180,买盘
561,13:27:57,17.65,-0.01,8,14119,卖盘
562,13:27:52,17.66,0.02,1,1766,买盘
563,13:27:47,17.64,-0.02,3,5292,卖盘
564,13:27:42,17.66,0.01,34,60044,买盘
565,13:27:32,17.65,-0.01,7,14102,卖盘
566,13:27:27,17.66,0.01,1,1766,买盘
567,13:27:12,17.65,--,44,77660,卖盘
568,13:26:41,17.65,--,2,3529,买盘
569,13:26:37,17.65,0.01,1,1764,买盘
570,13:26:32,17.64,--,2,5274,卖盘
571,13:26:21,17.64,-0.01,50,88200,卖盘
572,13:26:11,17.65,--,35,61774,买盘
573,13:26:02,17.65,--,1,1764,买盘
574,13:25:56,17.65,--,23,40612,卖盘
575,13:25:47,17.65,-0.01,7,12354,卖盘
576,13:25:41,17.66,0.01,36,63576,买盘
577,13:25:31,17.65,-0.01,2,5277,卖盘
578,13:25:26,17.66,-0.01,104,184229,卖盘
579,13:25:21,17.67,0.01,1,1767,买盘
580,13:25:17,17.66,--,0,1200,卖盘
581,13:25:11,17.66,0.02,12,21192,买盘
582,13:25:02,17.64,-0.01,10,17957,卖盘
583,13:24:56,17.65,--,3,5295,买盘
584,13:24:51,17.65,0.01,6,10590,买盘
585,13:24:36,17.64,--,2,5256,卖盘
586,13:24:16,17.64,--,20,37026,买盘
587,13:24:01,17.64,0.01,17,29988,买盘
588,13:23:56,17.63,-0.01,11,19393,卖盘
589,13:23:41,17.64,-0.02,50,88217,卖盘
590,13:23:21,17.66,--,125,220767,卖盘
591,13:22:51,17.66,-0.01,29,51214,卖盘
592,13:22:46,17.67,0.01,1,1767,买盘
593,13:22:41,17.66,--,2,5280,卖盘
594,13:22:26,17.66,0.01,14,24724,买盘
595,13:21:56,17.65,-0.01,74,130609,卖盘
596,13:21:50,17.66,0.01,1,1766,买盘
597,13:21:41,17.65,-0.01,2,5277,卖盘
598,13:21:36,17.66,-0.02,20,35320,卖盘
599,13:21:31,17.68,--,0,0,买盘
600,13:21:26,17.68,--,11,19448,买盘
601,13:21:16,17.68,--,4,7072,买盘
602,13:21:01,17.68,--,0,0,买盘
603,13:20:56,17.68,0.03,268,473841,买盘
604,13:20:41,17.65,-0.02,17,31752,卖盘
605,13:20:31,17.67,--,1,1767,买盘
606,13:20:16,17.67,--,0,0,买盘
607,13:20:11,17.67,--,12,21204,买盘
608,13:19:51,17.67,0.02,5,10584,买盘
609,13:19:46,17.65,0.01,2,3529,卖盘
610,13:19:36,17.64,--,20,35280,买盘
611,13:19:25,17.64,-0.03,75,132300,卖盘
612,13:19:21,17.67,--,1,1767,买盘
613,13:19:16,17.67,--,54,95418,买盘
614,13:19:05,17.67,--,0,0,买盘
615,13:19:01,17.67,0.02,54,95418,买盘
616,13:18:56,17.65,0.02,1,1764,买盘
617,13:18:46,17.63,--,56,100473,卖盘
618,13:18:41,17.63,--,11,19393,卖盘
619,13:18:11,17.63,-0.01,5,8815,卖盘
620,13:18:05,17.64,0.01,1,1764,买盘
621,13:17:50,17.63,-0.01,5,10542,卖盘
622,13:17:41,17.64,0.01,1,1764,买盘
623,13:17:30,17.63,0.01,89,156907,买盘
624,13:17:20,17.62,-0.01,182,320684,卖盘
625,13:17:11,17.63,0.01,2,3526,买盘
626,13:17:05,17.62,--,13,22906,卖盘
627,13:17:00,17.62,--,32,56384,卖盘
628,13:16:50,17.62,--,103,183230,卖盘
629,13:16:45,17.62,--,64,112768,卖盘
630,13:16:41,17.62,--,55,96910,卖盘
631,13:16:30,17.62,-0.01,81,142722,卖盘
632,13:16:20,17.63,0.01,3,5289,中性盘
633,13:16:10,17.62,--,26,45812,卖盘
634,13:16:05,17.62,-0.01,32,56384,卖盘
635,13:16:00,17.63,0.01,103,181589,买盘
636,13:15:55,17.62,--,20,35240,卖盘
637,13:15:50,17.62,--,4,8792,卖盘
638,13:15:40,17.62,-0.01,34,59908,卖盘
639,13:15:35,17.63,0.01,1,1763,买盘
640,13:15:30,17.62,--,72,126864,卖盘
641,13:15:20,17.62,--,1,1762,卖盘
642,13:15:10,17.62,-0.03,111,197150,卖盘
643,13:15:05,17.65,0.02,1,1764,买盘
644,13:14:50,17.63,--,2,5271,卖盘
645,13:14:45,17.63,--,10,17841,买盘
646,13:14:40,17.63,0.01,16,28208,买盘
647,13:14:25,17.62,-0.02,263,464533,卖盘
648,13:14:20,17.64,--,99,174636,买盘
649,13:14:15,17.64,0.01,4,7056,买盘
650,13:14:10,17.63,-0.01,2,3526,卖盘
651,13:14:00,17.64,0.01,6,10584,买盘
652,13:13:55,17.63,-0.01,3,7034,卖盘
653,13:13:40,17.64,0.01,20,35280,买盘
654,13:13:30,17.63,-0.01,8,14104,卖盘
655,13:13:25,17.64,0.01,1,1764,买盘
656,13:13:10,17.63,-0.01,13,22919,卖盘
657,13:13:05,17.64,-0.01,93,164157,卖盘
658,13:12:55,17.65,--,20,37047,买盘
659,13:12:40,17.65,--,1,1764,买盘
660,13:12:10,17.65,0.01,1,1764,买盘
661,13:12:00,17.64,--,2,5274,卖盘
662,13:11:34,17.64,-0.01,10,17640,卖盘
663,13:11:19,17.65,0.01,1,1764,买盘
664,13:10:59,17.64,--,8,15858,卖盘
665,13:10:55,17.64,-0.01,95,167580,卖盘
666,13:10:49,17.65,-0.01,1,1764,买盘
667,13:10:29,17.66,0.02,1,1766,买盘
668,13:10:19,17.64,--,1,1764,卖盘
669,13:10:14,17.64,--,2,3528,卖盘
670,13:10:04,17.64,--,3,7020,卖盘
671,13:09:39,17.64,--,21,37044,卖盘
672,13:09:19,17.64,0.01,3,7038,买盘
673,13:09:14,17.63,--,109,192167,卖盘
674,13:09:04,17.63,--,0,0,卖盘
675,13:08:49,17.63,-0.03,21,37675,卖盘
676,13:08:44,17.66,0.02,147,259602,买盘
677,13:08:39,17.64,--,3,5292,买盘
678,13:08:34,17.64,-0.02,6,12259,卖盘
679,13:08:19,17.66,0.02,1,1766,买盘
680,13:08:14,17.64,--,7,12436,买盘
681,13:08:04,17.64,-0.02,1,3422,卖盘
682,13:07:49,17.66,--,0,0,买盘
683,13:07:44,17.66,0.02,2,3532,买盘
684,13:07:34,17.64,-0.02,31,54684,卖盘
685,13:07:19,17.66,0.01,24,42384,买盘
686,13:07:14,17.65,0.01,53,93544,买盘
687,13:07:04,17.64,--,5,10566,卖盘
688,13:06:59,17.64,-0.01,130,229320,卖盘
689,13:06:34,17.65,--,98,172970,买盘
690,13:06:09,17.65,0.01,3,7042,买盘
691,13:06:04,17.64,--,5,8820,卖盘
692,13:05:49,17.64,--,11,19404,卖盘
693,13:05:28,17.64,--,3,5292,卖盘
694,13:05:19,17.64,--,2,3528,卖盘
695,13:05:04,17.64,-0.01,20,35280,卖盘
696,13:04:39,17.65,--,17,30022,卖盘
697,13:04:23,17.65,-0.01,95,167675,卖盘
698,13:04:19,17.66,0.01,300,529800,买盘
699,13:04:13,17.65,--,7,14102,卖盘
700,13:04:08,17.65,--,1,1764,卖盘
701,13:03:33,17.65,0.01,10,17650,卖盘
702,13:03:28,17.64,--,0,0,卖盘
703,13:03:13,17.64,-0.01,10,19368,卖盘
704,13:03:08,17.65,--,10,17650,卖盘
705,13:02:13,17.65,--,97,172952,卖盘
706,13:02:08,17.65,--,5,8825,买盘
707,13:01:28,17.65,0.01,4,7059,买盘
708,13:01:18,17.64,--,2,5274,卖盘
709,13:01:13,17.64,--,1,1764,卖盘
710,13:00:28,17.64,--,0,0,卖盘
711,13:00:18,17.64,--,3,7038,卖盘
712,13:00:08,17.64,--,555,979249,卖盘
713,11:30:00,17.64,--,0,0,卖盘
714,11:30:00,17.64,--,0,0,卖盘
715,11:29:53,17.64,0.01,2,3528,买盘
716,11:29:49,17.63,-0.01,2,3526,卖盘
717,11:29:44,17.64,--,1,1764,买盘
718,11:29:38,17.64,-0.01,122,215208,卖盘
719,11:29:34,17.65,0.01,13,22944,买盘
720,11:29:19,17.64,-0.01,5,8820,卖盘
721,11:29:14,17.65,0.01,1,1764,买盘
722,11:28:59,17.64,-0.01,151,266364,卖盘
723,11:28:53,17.65,--,6,10590,买盘
724,11:28:38,17.65,--,858,1514369,买盘
725,11:28:34,17.65,--,12,21180,买盘
726,11:28:29,17.65,--,12,21180,买盘
727,11:28:23,17.65,--,1,1764,买盘
728,11:28:14,17.65,-0.01,369,651285,卖盘
729,11:28:04,17.66,--,1,1766,卖盘
730,11:27:59,17.66,-0.01,50,88300,卖盘
731,11:27:53,17.67,0.01,1,1767,买盘
732,11:27:29,17.66,-0.01,95,167770,卖盘
733,11:27:23,17.67,--,1,1767,买盘
734,11:26:59,17.67,--,3,5301,买盘
735,11:26:29,17.67,0.01,1,1767,买盘
736,11:26:23,17.66,--,2,3532,卖盘
737,11:26:14,17.66,--,11,19426,卖盘
738,11:25:59,17.66,-0.01,10,17660,卖盘
739,11:25:44,17.67,--,1,1767,买盘
740,11:25:23,17.67,-0.01,17,30162,卖盘
741,11:25:13,17.68,--,1,1768,买盘
742,11:25:08,17.68,0.01,2,3536,买盘
743,11:25:04,17.67,-0.01,3,5301,卖盘
744,11:24:23,17.68,--,1,1768,买盘
745,11:23:53,17.68,--,2,3536,卖盘
746,11:23:47,17.68,--,4,7072,卖盘
747,11:23:38,17.68,--,44,77792,买盘
748,11:23:23,17.68,0.01,1,1768,买盘
749,11:23:08,17.67,--,95,167865,卖盘
750,11:23:02,17.67,--,23,40641,卖盘
751,11:22:32,17.67,-0.01,5,8835,卖盘
752,11:22:23,17.68,--,1,1768,买盘
753,11:21:53,17.68,0.01,1,1768,买盘
754,11:21:47,17.67,-0.01,30,53010,卖盘
755,11:21:28,17.68,0.01,1,1768,买盘
756,11:21:08,17.67,-0.01,30,54423,卖盘
757,11:21:02,17.68,--,96,169728,买盘
758,11:20:47,17.68,--,1,1768,买盘
759,11:20:38,17.68,--,1,1768,买盘
760,11:20:13,17.68,0.01,1,1768,买盘
761,11:20:08,17.67,-0.01,12,21433,卖盘
762,11:20:02,17.68,--,7,12376,买盘
763,11:19:53,17.68,-0.01,17,30533,卖盘
764,11:19:47,17.69,--,0,0,卖盘
765,11:19:43,17.69,--,13,22997,卖盘
766,11:19:38,17.69,--,21,37149,买盘
767,11:19:08,17.69,--,41,72529,买盘
768,11:19:02,17.69,--,9,15921,买盘
769,11:18:58,17.69,0.01,1,1769,买盘
770,11:18:53,17.68,-0.01,95,167960,卖盘
771,11:18:38,17.69,0.01,42,74298,买盘
772,11:18:28,17.68,-0.01,16,28288,卖盘
773,11:18:23,17.69,--,1,1769,买盘
774,11:18:08,17.69,--,41,72529,买盘
775,11:17:58,17.69,--,17,30073,卖盘
776,11:17:43,17.69,--,18,31842,卖盘
777,11:17:38,17.69,0.01,7,12383,买盘
778,11:17:32,17.68,--,61,107848,卖盘
779,11:17:28,17.68,-0.01,1,1768,卖盘
780,11:17:17,17.69,0.01,1,1769,买盘
781,11:17:12,17.68,-0.01,11,19448,卖盘
782,11:17:08,17.69,0.01,40,70760,买盘
783,11:16:56,17.68,-0.01,42,75546,卖盘
784,11:16:41,17.69,-0.01,17,31682,卖盘
785,11:16:38,17.7,0.01,41,72570,买盘
786,11:16:32,17.69,--,10,17690,卖盘
787,11:16:26,17.69,-0.01,4,7076,卖盘
788,11:16:17,17.7,0.01,1,1770,买盘
789,11:16:07,17.69,--,14,24925,买盘
790,11:15:52,17.69,0.01,1,1769,买盘
791,11:15:41,17.68,-0.01,43,76024,卖盘
792,11:15:37,17.69,--,40,70760,买盘
793,11:15:26,17.69,0.01,54,95526,买盘
794,11:15:17,17.68,-0.01,10,17680,卖盘
795,11:15:07,17.69,--,41,72529,买盘
796,11:14:56,17.69,--,1,1769,买盘
797,11:14:37,17.69,--,41,72529,买盘
798,11:14:32,17.69,--,31,56448,卖盘
799,11:14:26,17.69,--,1,1769,卖盘
800,11:14:17,17.69,--,1,3520,卖盘
801,11:14:07,17.69,--,307,543259,买盘
802,11:13:47,17.69,-0.01,4,8668,卖盘
803,11:13:37,17.7,--,41,72570,买盘
804,11:13:32,17.7,0.01,1,1770,买盘
805,11:13:26,17.69,--,34,60146,卖盘
806,11:13:17,17.69,--,2,3538,卖盘
807,11:13:11,17.69,--,3,5307,卖盘
808,11:13:07,17.69,--,1,1945,买盘
809,11:13:02,17.69,0.01,19,33611,买盘
810,11:12:47,17.68,--,160,282880,卖盘
811,11:12:41,17.68,-0.01,1,1768,卖盘
812,11:12:37,17.69,--,41,72529,买盘
813,11:12:26,17.69,--,52,93580,卖盘
814,11:12:07,17.69,0.01,0,176,买盘
815,11:11:52,17.68,-0.01,5,8840,卖盘
816,11:11:41,17.69,-0.01,3,6899,卖盘
817,11:11:37,17.7,0.01,40,70800,买盘
818,11:11:26,17.69,--,10,17690,卖盘
819,11:11:17,17.69,--,4,7076,卖盘
820,11:11:11,17.69,--,3,5307,卖盘
821,11:11:07,17.69,0.01,21,37325,买盘
822,11:10:52,17.68,-0.01,5,8840,卖盘
823,11:10:37,17.69,0.01,41,72529,买盘
824,11:10:32,17.68,--,10,17680,卖盘
825,11:10:22,17.68,--,5,8840,卖盘
826,11:10:17,17.68,-0.01,99,175032,卖盘
827,11:10:07,17.69,--,40,70760,买盘
828,11:09:35,17.69,--,41,72529,买盘
829,11:09:16,17.69,--,22,38918,买盘
830,11:09:05,17.69,0.01,41,72529,买盘
831,11:09:01,17.68,-0.01,8,14144,卖盘
832,11:08:41,17.69,-0.01,342,606590,卖盘
833,11:08:35,17.7,0.01,40,70800,买盘
834,11:08:11,17.69,-0.01,2,3538,卖盘
835,11:08:05,17.7,0.01,139,246030,买盘
836,11:08:01,17.69,--,1,1769,卖盘
837,11:07:56,17.69,--,13,23173,买盘
838,11:07:46,17.69,-0.01,68,121884,卖盘
839,11:07:35,17.7,0.01,40,70800,买盘
840,11:07:31,17.69,--,200,353800,卖盘
841,11:07:26,17.69,--,4,7076,卖盘
842,11:07:20,17.69,--,24,42456,卖盘
843,11:07:11,17.69,--,13,22997,卖盘
844,11:07:05,17.69,--,6,10614,卖盘
845,11:06:56,17.69,--,50,88450,卖盘
846,11:06:35,17.69,--,28,49532,卖盘
847,11:06:26,17.69,--,2,3538,卖盘
848,11:06:11,17.69,--,6,10614,卖盘
849,11:06:01,17.69,--,95,168055,卖盘
850,11:05:56,17.69,-0.01,4,7076,卖盘
851,11:05:41,17.7,0.01,1,1770,买盘
852,11:05:35,17.69,-0.01,2,3538,卖盘
853,11:05:26,17.7,0.01,1,1770,买盘
854,11:05:11,17.69,-0.01,13,22997,卖盘
855,11:04:56,17.7,0.01,18,31860,买盘
856,11:04:50,17.69,--,9,15921,卖盘
857,11:04:46,17.69,--,39,68991,卖盘
858,11:04:41,17.69,--,4,7076,卖盘
859,11:04:05,17.69,--,20,35380,卖盘
860,11:03:50,17.69,-0.01,95,168055,卖盘
861,11:03:31,17.7,--,5,8850,买盘
862,11:03:25,17.7,--,1,1770,买盘
863,11:02:31,17.7,0.01,36,63720,买盘
864,11:02:10,17.69,--,12,21228,卖盘
865,11:02:05,17.69,--,206,364414,卖盘
866,11:01:55,17.69,--,11,19459,卖盘
867,11:01:44,17.69,--,18,31842,卖盘
868,11:01:40,17.69,--,95,168055,卖盘
869,11:01:35,17.69,--,8,14435,卖盘
870,11:01:05,17.69,-0.01,7,12383,卖盘
871,11:00:50,17.7,--,1,1770,买盘
872,11:00:44,17.7,0.01,28,49560,买盘
873,11:00:20,17.69,--,7,12383,卖盘
874,11:00:14,17.69,-0.01,2,3538,卖盘
875,10:59:59,17.7,0.01,1,1770,买盘
876,10:59:40,17.69,--,5,8845,卖盘
877,10:59:35,17.69,--,95,168055,卖盘
878,10:59:25,17.69,--,10,17690,卖盘
879,10:59:20,17.69,--,3,5307,卖盘
880,10:59:14,17.69,--,248,440374,买盘
881,10:59:05,17.69,--,44,77942,卖盘
882,10:58:44,17.69,--,3,5307,卖盘
883,10:58:25,17.69,-0.01,2,3538,卖盘
884,10:58:20,17.7,0.01,1,2902,买盘
885,10:58:14,17.69,--,1,1769,卖盘
886,10:57:25,17.69,--,5,8845,卖盘
887,10:57:20,17.69,--,96,169824,卖盘
888,10:57:05,17.69,--,4,7076,卖盘
889,10:56:59,17.69,0.01,88,156202,买盘
890,10:56:35,17.68,--,3,5304,卖盘
891,10:55:55,17.68,-0.01,1,1768,卖盘
892,10:55:44,17.69,--,136,241822,卖盘
893,10:55:14,17.69,--,95,168055,卖盘
894,10:55:09,17.69,--,15,26535,卖盘
895,10:54:44,17.69,--,4,7076,卖盘
896,10:54:08,17.69,--,3,5307,卖盘
897,10:53:29,17.69,-0.01,23,40687,卖盘
898,10:53:19,17.7,0.01,110,194700,买盘
899,10:53:14,17.69,--,34,60146,卖盘
900,10:53:04,17.69,-0.01,95,168055,卖盘
901,10:52:59,17.7,0.01,4,7080,买盘
902,10:52:49,17.69,-0.01,10,17690,卖盘
903,10:52:38,17.7,0.01,1,1770,中性盘
904,10:52:34,17.69,-0.01,66,116754,卖盘
905,10:52:29,17.7,-0.01,197,348690,卖盘
906,10:51:49,17.71,0.01,1,1771,买盘
907,10:51:38,17.7,-0.01,34,60180,卖盘
908,10:51:14,17.71,0.01,3,5313,买盘
909,10:51:08,17.7,--,5,8850,卖盘
910,10:50:59,17.7,--,110,194700,卖盘
911,10:50:44,17.7,--,12,21240,卖盘
912,10:50:38,17.7,-0.01,6,10620,卖盘
913,10:49:44,17.71,--,6,10626,买盘
914,10:49:34,17.71,0.01,9,15939,买盘
915,10:49:29,17.7,-0.01,50,88500,卖盘
916,10:49:23,17.71,0.01,6,10626,买盘
917,10:48:58,17.7,--,11,19470,卖盘
918,10:48:53,17.7,--,95,168150,卖盘
919,10:48:34,17.7,--,0,0,卖盘
920,10:47:59,17.7,-0.03,4,7080,卖盘
921,10:47:38,17.73,0.03,13,23049,买盘
922,10:47:34,17.7,--,12,21240,卖盘
923,10:47:28,17.7,--,12,21240,卖盘
924,10:47:23,17.7,--,10,17700,卖盘
925,10:47:17,17.7,0.01,49,86730,买盘
926,10:47:13,17.69,--,60,106140,卖盘
927,10:47:08,17.69,-0.01,14,24766,卖盘
928,10:47:02,17.7,0.01,4,7080,卖盘
929,10:46:53,17.69,--,0,0,卖盘
930,10:46:47,17.69,-0.01,95,168055,卖盘
931,10:46:43,17.7,--,29,51330,卖盘
932,10:46:38,17.7,--,6,12124,买盘
933,10:46:32,17.7,--,10,17700,买盘
934,10:46:23,17.7,0.01,243,430110,买盘
935,10:46:17,17.69,-0.01,1,1769,卖盘
936,10:46:08,17.7,0.01,36,63720,买盘
937,10:45:53,17.69,-0.01,10,17690,卖盘
938,10:45:38,17.7,--,36,63720,买盘
939,10:45:08,17.7,0.01,37,65490,买盘
940,10:45:02,17.69,--,1,1769,卖盘
941,10:44:43,17.69,--,11,19459,卖盘
942,10:44:38,17.69,--,130,229970,卖盘
943,10:44:23,17.69,-0.01,1,1769,卖盘
944,10:44:08,17.7,--,36,63720,买盘
945,10:43:47,17.7,--,1,1770,买盘
946,10:43:38,17.7,0.01,37,65490,买盘
947,10:43:32,17.69,--,6,10808,卖盘
948,10:43:13,17.69,-0.01,40,70760,卖盘
949,10:43:08,17.7,--,44,77880,买盘
950,10:42:53,17.7,-0.03,14,25488,卖盘
951,10:42:38,17.73,--,147,260631,买盘
952,10:42:32,17.73,--,4,7092,买盘
953,10:42:23,17.73,0.03,120,212760,买盘
954,10:42:17,17.7,-0.03,11,19470,卖盘
955,10:42:13,17.73,--,0,0,买盘
956,10:42:08,17.73,--,71,125883,买盘
957,10:41:37,17.73,0.01,37,65601,买盘
958,10:41:22,17.72,--,2,3544,卖盘
959,10:41:17,17.72,--,13,23036,卖盘
960,10:41:07,17.72,-0.01,6,10632,买盘
961,10:41:02,17.73,0.01,5,8865,买盘
962,10:40:58,17.72,--,4,7088,卖盘
963,10:40:37,17.72,0.02,7,12404,买盘
964,10:40:27,17.7,-0.02,95,168150,卖盘
965,10:40:11,17.72,--,0,0,买盘
966,10:40:07,17.72,0.02,37,65564,买盘
967,10:40:02,17.7,-0.01,1000,1770000,卖盘
968,10:39:47,17.71,--,0,0,卖盘
969,10:39:41,17.71,-0.01,59,104489,卖盘
970,10:39:37,17.72,--,18,31895,买盘
971,10:39:32,17.72,0.01,22,38984,买盘
972,10:39:26,17.71,--,0,0,卖盘
973,10:39:22,17.71,-0.01,48,85008,卖盘
974,10:39:17,17.72,--,2,3544,卖盘
975,10:39:07,17.72,0.01,5,8860,买盘
976,10:38:41,17.71,-0.01,1,1771,卖盘
977,10:38:37,17.72,--,37,65564,买盘
978,10:38:17,17.72,--,33,58475,卖盘
979,10:38:07,17.72,0.01,10,17720,买盘
980,10:37:56,17.71,-0.01,1,1771,卖盘
981,10:37:47,17.72,--,3,5316,卖盘
982,10:37:41,17.72,-0.01,4,7088,卖盘
983,10:37:37,17.73,0.01,36,63828,买盘
984,10:37:32,17.72,-0.01,1,1772,卖盘
985,10:37:22,17.73,0.01,6,10638,买盘
986,10:37:17,17.72,--,3,5316,卖盘
987,10:37:11,17.72,--,3,5316,卖盘
988,10:37:07,17.72,0.01,22,38984,买盘
989,10:36:52,17.71,-0.01,27,47817,卖盘
990,10:36:37,17.72,0.01,37,65564,买盘
991,10:36:22,17.71,--,0,0,卖盘
992,10:36:17,17.71,--,10,17710,卖盘
993,10:36:11,17.71,-0.02,94,166474,卖盘
994,10:36:07,17.73,0.02,36,63828,买盘
995,10:36:02,17.71,--,5,8855,卖盘
996,10:35:52,17.71,--,9,15939,卖盘
997,10:35:37,17.71,--,37,65527,卖盘
998,10:35:26,17.71,-0.02,10,17710,卖盘
999,10:35:07,17.73,0.02,36,63828,买盘
1000,10:35:02,17.71,--,0,0,卖盘
1001,10:34:46,17.71,-0.03,1,1771,中性盘
1002,10:34:37,17.74,0.04,47,83377,买盘
1003,10:34:31,17.7,--,0,389,卖盘
1004,10:34:26,17.7,--,1,1770,卖盘
1005,10:34:16,17.7,-0.04,1,1770,卖盘
1006,10:34:11,17.74,0.04,147,260777,买盘
1007,10:33:51,17.7,-0.04,10,17700,卖盘
1008,10:33:41,17.74,--,38,67412,买盘
1009,10:33:26,17.74,0.04,1,1773,买盘
1010,10:33:16,17.7,-0.04,6,10620,卖盘
1011,10:33:11,17.74,0.02,36,63863,买盘
1012,10:33:06,17.72,-0.03,2,3544,买盘
1013,10:33:01,17.75,--,0,0,买盘
1014,10:32:56,17.75,--,0,0,买盘
1015,10:32:51,17.75,0.01,1820,3230500,买盘
1016,10:32:46,17.74,0.04,35,62089,买盘
1017,10:32:35,17.7,-0.04,1,1770,卖盘
1018,10:32:31,17.74,--,5,8870,买盘
1019,10:32:26,17.74,0.04,3,5321,买盘
1020,10:32:16,17.7,-0.04,7,12390,卖盘
1021,10:32:01,17.74,-0.01,43,76282,中性盘
1022,10:31:56,17.75,--,0,0,买盘
1023,10:31:46,17.75,--,73,129575,买盘
1024,10:31:41,17.75,0.01,34,60350,买盘
1025,10:31:31,17.74,--,4,7095,卖盘
1026,10:31:26,17.74,-0.01,425,753949,卖盘
1027,10:31:20,17.75,0.01,6,10650,买盘
1028,10:31:16,17.74,--,10,17740,卖盘
1029,10:31:11,17.74,-0.01,89,157886,卖盘
1030,10:31:05,17.75,0.01,8,14200,买盘
1031,10:31:01,17.74,0.01,1302,2310297,买盘
1032,10:30:50,17.73,--,27,47871,买盘
1033,10:30:41,17.73,--,11,19503,买盘
1034,10:30:35,17.73,0.01,26,46098,买盘
1035,10:30:31,17.72,-0.01,64,113408,卖盘
1036,10:30:26,17.73,--,39,69147,买盘
1037,10:30:20,17.73,--,0,0,买盘
1038,10:30:16,17.73,0.01,78,138294,买盘
1039,10:30:11,17.72,0.02,21,37212,买盘
1040,10:30:05,17.7,-0.01,100,177000,卖盘
1041,10:30:01,17.71,-0.01,1,1771,买盘
1042,10:29:56,17.72,0.02,260,460719,买盘
1043,10:29:50,17.7,-0.01,68,120360,卖盘
1044,10:29:46,17.71,0.01,4,7084,买盘
1045,10:29:41,17.7,-0.01,548,971163,卖盘
1046,10:29:31,17.71,0.01,1,1771,买盘
1047,10:29:26,17.7,--,3,5310,卖盘
1048,10:29:16,17.7,-0.01,4,7080,卖盘
1049,10:29:05,17.71,--,3,5313,买盘
1050,10:29:01,17.71,--,2,3542,买盘
1051,10:28:50,17.71,0.01,2,3542,买盘
1052,10:28:46,17.7,--,5,8850,卖盘
1053,10:28:41,17.7,-0.01,3,5310,卖盘
1054,10:28:35,17.71,0.01,5,8855,买盘
1055,10:28:31,17.7,--,7,12390,卖盘
1056,10:28:20,17.7,-0.02,1,1770,卖盘
1057,10:28:16,17.72,--,15,26580,买盘
1058,10:28:01,17.72,--,49,86828,买盘
1059,10:27:55,17.72,0.02,3,5316,买盘
1060,10:27:46,17.7,-0.02,95,168150,卖盘
1061,10:27:30,17.72,-0.01,3,5316,买盘
1062,10:27:25,17.73,--,1,1773,买盘
1063,10:27:10,17.73,--,11,19503,买盘
1064,10:27:01,17.73,0.03,2,3546,买盘
1065,10:26:50,17.7,-0.03,1,1770,卖盘
1066,10:26:40,17.73,--,5,8865,买盘
1067,10:26:25,17.73,0.03,8,14184,买盘
1068,10:26:20,17.7,-0.03,10,17700,卖盘
1069,10:26:10,17.73,--,14,24822,买盘
1070,10:25:55,17.73,0.03,34,60282,买盘
1071,10:25:50,17.7,-0.02,10,17700,卖盘
1072,10:25:44,17.72,0.02,1,1772,买盘
1073,10:25:40,17.7,-0.02,114,201780,卖盘
1074,10:25:29,17.72,--,2,3544,买盘
1075,10:25:25,17.72,-0.01,39,69108,卖盘
1076,10:25:20,17.73,--,1,1773,买盘
1077,10:25:14,17.73,0.03,7,12411,买盘
1078,10:25:10,17.7,--,2,3540,卖盘
1079,10:25:05,17.7,-0.02,1,1770,卖盘
1080,10:24:59,17.72,--,20,35440,买盘
1081,10:24:50,17.72,--,1,1772,买盘
1082,10:24:40,17.72,--,1,1772,买盘
1083,10:24:35,17.72,0.01,1,1772,买盘
1084,10:24:25,17.71,--,5,8855,买盘
1085,10:24:14,17.71,--,4,7084,买盘
1086,10:24:10,17.71,--,13,23023,买盘
1087,10:24:05,17.71,-0.02,1,1771,买盘
1088,10:23:59,17.73,--,0,0,买盘
1089,10:23:55,17.73,0.02,27,47871,买盘
1090,10:23:44,17.71,--,5,10094,买盘
1091,10:23:35,17.71,-0.02,89,157619,卖盘
1092,10:23:29,17.73,--,15,26595,买盘
1093,10:23:20,17.73,0.02,3,5319,买盘
1094,10:23:14,17.71,-0.02,4,7084,卖盘
1095,10:23:09,17.73,--,44,78012,买盘
1096,10:23:05,17.73,0.02,11,19503,买盘
1097,10:22:55,17.71,-0.02,3,5313,卖盘
1098,10:22:50,17.73,--,2,3546,买盘
1099,10:22:35,17.73,--,8,14184,买盘
1100,10:22:20,17.73,--,24,42552,买盘
1101,10:22:05,17.73,--,69,122337,买盘
1102,10:21:55,17.73,0.02,10,17730,买盘
1103,10:21:50,17.71,-0.02,1,1771,卖盘
1104,10:21:44,17.73,--,29,51417,买盘
1105,10:21:40,17.73,--,27,47871,买盘
1106,10:21:29,17.73,--,96,170208,买盘
1107,10:21:20,17.73,0.01,64,113472,买盘
1108,10:21:14,17.72,--,2,3544,买盘
1109,10:21:10,17.72,--,214,379208,买盘
1110,10:20:55,17.72,--,6,10632,买盘
1111,10:20:49,17.72,-0.01,2,3544,买盘
1112,10:20:40,17.73,0.03,10,17730,买盘
1113,10:20:34,17.7,-0.01,5,8850,卖盘
1114,10:20:24,17.71,-0.02,4,7084,买盘
1115,10:20:19,17.73,--,27,47871,买盘
1116,10:20:09,17.73,0.01,12,21276,买盘
1117,10:20:04,17.72,--,91,161252,买盘
1118,10:19:55,17.72,--,25,44300,买盘
1119,10:19:44,17.72,--,17,30123,买盘
1120,10:19:39,17.72,--,30,53160,买盘
1121,10:19:34,17.72,--,55,97460,买盘
1122,10:19:29,17.72,0.02,57,101004,买盘
1123,10:19:24,17.7,--,94,166380,卖盘
1124,10:19:19,17.7,-0.01,4,7080,卖盘
1125,10:19:14,17.71,--,15,26565,买盘
1126,10:19:09,17.71,--,176,311696,买盘
1127,10:19:04,17.71,--,1,1771,买盘
1128,10:18:59,17.71,--,33,58443,买盘
1129,10:18:49,17.71,0.01,4,7084,买盘
1130,10:18:44,17.7,-0.01,108,191160,卖盘
1131,10:18:34,17.71,0.01,11,19481,买盘
1132,10:18:29,17.7,-0.01,2,3540,卖盘
1133,10:18:19,17.71,0.01,11,19481,买盘
1134,10:18:14,17.7,-0.01,11,19470,卖盘
1135,10:18:09,17.71,--,1,1771,买盘
1136,10:18:04,17.71,0.01,22,38962,买盘
1137,10:17:59,17.7,-0.01,5,8850,卖盘
1138,10:17:53,17.71,0.01,6,10626,买盘
1139,10:17:49,17.7,--,1,1770,卖盘
1140,10:17:44,17.7,--,55,97350,卖盘
1141,10:17:38,17.7,--,4,7080,卖盘
1142,10:17:34,17.7,-0.01,15,26550,卖盘
1143,10:17:19,17.71,0.01,34,60214,买盘
1144,10:17:14,17.7,-0.01,147,260190,卖盘
1145,10:17:04,17.71,--,9,15939,买盘
1146,10:16:59,17.71,--,12,21252,买盘
1147,10:16:53,17.71,--,62,110705,卖盘
1148,10:16:44,17.71,--,25,44275,卖盘
1149,10:16:38,17.71,--,41,72611,卖盘
1150,10:16:29,17.71,--,7,12397,卖盘
1151,10:16:19,17.71,--,11,19481,卖盘
1152,10:16:08,17.71,--,10,17710,卖盘
1153,10:16:04,17.71,--,6,10626,卖盘
1154,10:15:59,17.71,-0.01,7,12397,卖盘
1155,10:15:44,17.72,--,10,17720,买盘
1156,10:15:29,17.72,--,31,54932,买盘
1157,10:15:23,17.72,--,1,1772,买盘
1158,10:15:18,17.72,0.01,1,1772,买盘
1159,10:15:08,17.71,-0.01,95,168245,卖盘
1160,10:15:03,17.72,0.01,1,1772,买盘
1161,10:14:59,17.71,-0.01,3,5313,卖盘
1162,10:14:48,17.72,--,2,3544,买盘
1163,10:14:44,17.72,0.01,1,1772,买盘
1164,10:14:38,17.71,-0.01,4,7084,卖盘
1165,10:14:33,17.72,0.01,8,14176,买盘
1166,10:14:29,17.71,-0.01,2,3542,卖盘
1167,10:14:18,17.72,--,9,15947,买盘
1168,10:14:03,17.72,0.01,19,33668,买盘
1169,10:13:59,17.71,-0.01,7,12397,卖盘
1170,10:13:53,17.72,0.01,4,7088,买盘
1171,10:13:48,17.71,-0.01,56,99176,卖盘
1172,10:13:43,17.72,--,8,14176,买盘
1173,10:13:38,17.72,--,1,1772,买盘
1174,10:13:28,17.72,--,24,42528,买盘
1175,10:13:23,17.72,0.01,2,3544,买盘
1176,10:13:18,17.71,-0.01,5,8855,卖盘
1177,10:13:13,17.72,--,45,79740,买盘
1178,10:13:08,17.72,0.01,1,1772,买盘
1179,10:13:03,17.71,--,5,8855,卖盘
1180,10:12:58,17.71,--,152,269192,卖盘
1181,10:12:48,17.71,-0.01,2,3542,卖盘
1182,10:12:43,17.72,0.01,9,15947,买盘
1183,10:12:28,17.71,--,30,53130,卖盘
1184,10:12:13,17.71,--,1,1771,卖盘
1185,10:11:58,17.71,--,25,44275,卖盘
1186,10:11:53,17.71,--,2,3542,卖盘
1187,10:11:43,17.71,--,14,24794,卖盘
1188,10:11:33,17.71,-0.01,1,1771,卖盘
1189,10:11:28,17.72,--,5,8860,买盘
1190,10:11:13,17.72,0.01,2,3544,买盘
1191,10:10:58,17.71,0.01,152,270059,买盘
1192,10:10:53,17.7,--,19,34532,卖盘
1193,10:10:43,17.7,--,4,7080,卖盘
1194,10:10:38,17.7,--,300,531867,买盘
1195,10:10:33,17.7,-0.01,216,383222,卖盘
1196,10:10:28,17.71,-0.01,50,88550,中性盘
1197,10:10:23,17.72,0.02,16,28352,买盘
1198,10:10:13,17.7,-0.02,15,26550,卖盘
1199,10:10:08,17.72,0.02,88,155936,买盘
1200,10:09:53,17.7,-0.02,16,28320,卖盘
1201,10:09:43,17.72,0.01,57,101004,买盘
1202,10:09:38,17.71,0.01,10,17710,买盘
1203,10:09:23,17.7,-0.01,71,126431,卖盘
1204,10:09:08,17.71,--,30,53130,买盘
1205,10:08:53,17.71,--,39,70485,卖盘
1206,10:08:47,17.71,--,1,1771,卖盘
1207,10:08:43,17.71,-0.01,36,63756,卖盘
1208,10:08:38,17.72,--,30,53160,买盘
1209,10:08:23,17.72,0.01,418,740696,买盘
1210,10:08:08,17.71,--,312,553614,卖盘
1211,10:08:02,17.71,-0.01,355,629767,卖盘
1212,10:07:47,17.72,--,1,1772,买盘
1213,10:07:38,17.72,0.01,30,53160,买盘
1214,10:07:32,17.71,--,30,53130,卖盘
1215,10:07:27,17.71,--,1,1771,卖盘
1216,10:07:23,17.71,--,14,24794,卖盘
1217,10:07:12,17.71,-0.01,20,35420,卖盘
1218,10:07:07,17.72,0.01,30,53160,买盘
1219,10:07:02,17.71,--,1,1771,卖盘
1220,10:06:53,17.71,--,16,28336,卖盘
1221,10:06:47,17.71,--,1,1771,卖盘
1222,10:06:37,17.71,-0.01,125,221375,卖盘
1223,10:06:22,17.72,0.01,7,12404,买盘
1224,10:06:12,17.71,--,6,10626,卖盘
1225,10:06:07,17.71,--,170,301070,卖盘
1226,10:06:02,17.71,--,36,63756,卖盘
1227,10:05:57,17.71,0.01,54,95634,中性盘
1228,10:05:52,17.7,-0.01,55,97350,卖盘
1229,10:05:37,17.71,0.01,24,43247,买盘
1230,10:05:32,17.7,--,50,88500,卖盘
1231,10:05:27,17.7,--,110,196346,卖盘
1232,10:05:22,17.7,--,72,127440,卖盘
1233,10:05:12,17.7,-0.01,2,4796,卖盘
1234,10:05:07,17.71,0.01,30,53130,买盘
1235,10:05:02,17.7,--,74,130980,卖盘
1236,10:04:57,17.7,--,10,17700,卖盘
1237,10:04:52,17.7,--,35,61950,卖盘
1238,10:04:47,17.7,-0.01,20,35400,卖盘
1239,10:04:42,17.71,--,203,359513,买盘
1240,10:04:37,17.71,-0.02,227,402017,卖盘
1241,10:04:32,17.73,0.03,29,51417,买盘
1242,10:04:27,17.7,-0.03,1,1770,卖盘
1243,10:04:22,17.73,0.03,178,315594,买盘
1244,10:04:17,17.7,--,3,5310,卖盘
1245,10:04:12,17.7,--,0,0,卖盘
1246,10:04:07,17.7,-0.01,44,78304,卖盘
1247,10:04:02,17.71,-0.01,6,10626,卖盘
1248,10:03:57,17.72,0.01,1,1772,买盘
1249,10:03:37,17.71,-0.01,30,53130,买盘
1250,10:03:22,17.72,--,20,35440,买盘
1251,10:03:17,17.72,--,1,1772,买盘
1252,10:03:07,17.72,--,0,0,买盘
1253,10:03:02,17.72,0.03,230,407560,买盘
1254,10:02:52,17.69,-0.02,75,132675,卖盘
1255,10:02:37,17.71,0.01,40,70840,买盘
1256,10:02:32,17.7,--,94,166380,卖盘
1257,10:02:22,17.7,-0.01,2,3540,卖盘
1258,10:02:07,17.71,0.01,29,51359,买盘
1259,10:02:02,17.7,--,1,1770,卖盘
1260,10:01:52,17.7,--,20,35400,卖盘
1261,10:01:41,17.7,--,56,99810,卖盘
1262,10:01:37,17.7,--,31,56551,卖盘
1263,10:01:17,17.7,-0.02,7,12390,卖盘
1264,10:01:07,17.72,0.02,30,53160,买盘
1265,10:00:47,17.7,-0.02,11,19470,卖盘
1266,10:00:36,17.72,0.02,32,56704,买盘
1267,10:00:21,17.7,--,105,185850,卖盘
1268,10:00:17,17.7,--,18,31860,卖盘
1269,10:00:11,17.7,-0.02,200,354000,卖盘
1270,10:00:06,17.72,0.02,29,51388,买盘
1271,10:00:01,17.7,-0.02,2,3540,卖盘
1272,09:59:51,17.72,0.02,7,12404,买盘
1273,09:59:46,17.7,-0.02,7,12390,卖盘
1274,09:59:36,17.72,0.02,130,230359,买盘
1275,09:59:31,17.7,-0.02,1,1770,卖盘
1276,09:59:26,17.72,--,11,19492,买盘
1277,09:59:21,17.72,--,1,1772,买盘
1278,09:59:11,17.72,0.02,3,5316,买盘
1279,09:59:06,17.7,-0.02,35,61950,卖盘
1280,09:59:01,17.72,--,3,5316,买盘
1281,09:58:56,17.72,--,11,19492,买盘
1282,09:58:46,17.72,--,10,17720,买盘
1283,09:58:36,17.72,-0.01,35,62019,买盘
1284,09:58:31,17.73,--,34,60282,买盘
1285,09:58:21,17.73,0.03,19,33687,买盘
1286,09:58:16,17.7,-0.02,112,198240,卖盘
1287,09:58:06,17.72,--,64,113408,买盘
1288,09:58:01,17.72,--,14,24808,买盘
1289,09:57:51,17.72,--,22,38984,买盘
1290,09:57:46,17.72,--,31,54932,买盘
1291,09:57:41,17.72,--,0,0,买盘
1292,09:57:36,17.72,--,30,53160,买盘
1293,09:57:31,17.72,-0.01,43,76196,卖盘
1294,09:57:26,17.73,--,12,21276,买盘
1295,09:57:21,17.73,--,19,33687,买盘
1296,09:57:01,17.73,--,4,7092,买盘
1297,09:56:46,17.73,--,13,23049,买盘
1298,09:56:41,17.73,--,1,1773,买盘
1299,09:56:31,17.73,0.02,42,74466,买盘
1300,09:56:21,17.71,-0.01,4,7084,买盘
1301,09:56:16,17.72,0.03,41,72652,买盘
1302,09:56:11,17.69,-0.02,98,173362,卖盘
1303,09:56:01,17.71,0.02,128,226688,买盘
1304,09:55:56,17.69,-0.01,7,12383,卖盘
1305,09:55:51,17.7,--,8,14160,买盘
1306,09:55:46,17.7,--,3,5310,买盘
1307,09:55:41,17.7,-0.02,366,647820,卖盘
1308,09:55:36,17.72,0.01,21,37212,买盘
1309,09:55:31,17.71,--,5,8855,卖盘
1310,09:55:26,17.71,-0.01,5,8855,卖盘
1311,09:55:21,17.72,0.01,5,8860,买盘
1312,09:55:16,17.71,-0.01,16,28336,卖盘
1313,09:55:11,17.72,--,4,7088,买盘
1314,09:55:01,17.72,--,18,31895,买盘
1315,09:54:56,17.72,0.01,12,21264,买盘
1316,09:54:50,17.71,--,0,0,买盘
1317,09:54:46,17.71,--,59,104489,买盘
1318,09:54:41,17.71,--,41,72611,买盘
1319,09:54:25,17.71,0.02,49,86779,买盘
1320,09:54:20,17.69,--,51,90219,卖盘
1321,09:54:16,17.69,-0.02,62,109678,卖盘
1322,09:54:11,17.71,0.02,34,60214,买盘
1323,09:54:01,17.69,-0.02,163,288347,卖盘
1324,09:53:50,17.71,0.02,19,33649,买盘
1325,09:53:46,17.69,-0.04,185,327265,卖盘
1326,09:53:40,17.73,0.02,15,26595,买盘
1327,09:53:35,17.71,-0.02,43,76153,卖盘
1328,09:53:20,17.73,-0.01,118,209214,买盘
1329,09:53:15,17.74,--,0,0,买盘
1330,09:53:10,17.74,--,1,1773,买盘
1331,09:53:01,17.74,0.03,2,3547,买盘
1332,09:52:55,17.71,-0.03,1,1771,卖盘
1333,09:52:45,17.74,0.03,6,10643,买盘
1334,09:52:30,17.71,-0.03,20,35420,卖盘
1335,09:52:25,17.74,--,2,3547,买盘
1336,09:52:15,17.74,--,34,60315,买盘
1337,09:52:05,17.74,--,5,8870,买盘
1338,09:52:00,17.74,0.03,24,42575,买盘
1339,09:51:55,17.71,-0.03,76,136207,卖盘
1340,09:51:50,17.74,--,4,7095,买盘
1341,09:51:45,17.74,--,1,1773,买盘
1342,09:51:40,17.74,0.03,27,47897,买盘
1343,09:51:34,17.71,-0.03,13,24616,卖盘
1344,09:51:25,17.74,--,2,3547,买盘
1345,09:51:15,17.74,--,44,78393,买盘
1346,09:51:10,17.74,--,5,8870,买盘
1347,09:51:00,17.74,0.04,124,219975,买盘
1348,09:50:55,17.7,--,2,3540,卖盘
1349,09:50:50,17.7,-0.04,20,35400,卖盘
1350,09:50:45,17.74,0.04,41,72734,买盘
1351,09:50:40,17.7,-0.03,313,554010,卖盘
1352,09:50:35,17.73,--,36,63828,买盘
1353,09:50:30,17.73,--,36,63828,买盘
1354,09:50:25,17.73,0.02,1,1773,买盘
1355,09:50:20,17.71,--,56,99176,卖盘
1356,09:50:15,17.71,-0.02,92,162932,卖盘
1357,09:50:10,17.73,0.02,28,49644,买盘
1358,09:50:05,17.71,--,5,8855,卖盘
1359,09:50:00,17.71,--,93,164703,卖盘
1360,09:49:55,17.71,-0.03,136,240856,卖盘
1361,09:49:50,17.74,0.03,1,1773,买盘
1362,09:49:45,17.71,-0.03,1,1771,卖盘
1363,09:49:39,17.74,--,98,173851,买盘
1364,09:49:35,17.74,--,2,3547,买盘
1365,09:49:24,17.74,--,154,273196,买盘
1366,09:49:20,17.74,0.03,6,10643,买盘
1367,09:49:15,17.71,-0.01,309,547239,卖盘
1368,09:49:09,17.72,-0.02,171,303012,卖盘
1369,09:49:00,17.74,--,22,39028,买盘
1370,09:48:55,17.74,0.01,69,122405,买盘
1371,09:48:50,17.73,0.01,7,12411,买盘
1372,09:48:45,17.72,-0.01,61,108092,卖盘
1373,09:48:39,17.73,--,70,124110,买盘
1374,09:48:35,17.73,0.01,90,159570,买盘
1375,09:48:30,17.72,--,77,136444,买盘
1376,09:48:24,17.72,0.01,64,113408,买盘
1377,09:48:15,17.71,-0.02,44,77924,卖盘
1378,09:48:09,17.73,0.02,36,63828,买盘
1379,09:48:05,17.71,-0.01,205,363055,中性盘
1380,09:48:00,17.72,--,135,239219,买盘
1381,09:47:54,17.72,--,0,0,买盘
1382,09:47:50,17.72,0.03,122,216184,买盘
1383,09:47:45,17.69,-0.02,121,214049,中性盘
1384,09:47:39,17.71,0.02,324,573804,买盘
1385,09:47:35,17.69,-0.02,15,26535,卖盘
1386,09:47:24,17.71,--,97,171787,买盘
1387,09:47:20,17.71,0.03,24,42504,买盘
1388,09:47:14,17.68,-0.03,1,1768,卖盘
1389,09:47:09,17.71,0.02,324,573804,买盘
1390,09:47:05,17.69,-0.01,5,8845,卖盘
1391,09:46:54,17.7,0.01,4,7080,中性盘
1392,09:46:49,17.69,--,14,24766,卖盘
1393,09:46:44,17.69,-0.02,4,7076,卖盘
1394,09:46:39,17.71,0.02,11,19481,买盘
1395,09:46:29,17.69,--,20,35380,买盘
1396,09:46:24,17.69,-0.02,32,56608,中性盘
1397,09:46:14,17.71,0.02,39,69069,买盘
1398,09:46:09,17.69,--,27,47763,买盘
1399,09:46:04,17.69,-0.02,107,189283,买盘
1400,09:45:59,17.71,0.02,120,212520,买盘
1401,09:45:54,17.69,-0.02,2,3538,卖盘
1402,09:45:49,17.71,--,4,7084,买盘
1403,09:45:39,17.71,-0.01,402,711942,卖盘
1404,09:45:34,17.72,--,3,5316,买盘
1405,09:45:24,17.72,--,10,17720,买盘
1406,09:45:19,17.72,--,6,10632,买盘
1407,09:45:09,17.72,--,26,46072,买盘
1408,09:44:59,17.72,--,20,35440,买盘
1409,09:44:44,17.72,0.01,3,5316,买盘
1410,09:44:39,17.71,-0.01,28,49588,卖盘
1411,09:44:34,17.72,--,14,24808,买盘
1412,09:44:29,17.72,0.01,11,19492,买盘
1413,09:44:19,17.71,--,7,12397,买盘
1414,09:44:09,17.71,0.02,38,67298,买盘
1415,09:44:04,17.69,0.02,12,21228,买盘
1416,09:43:54,17.67,-0.02,25,44175,卖盘
1417,09:43:49,17.69,--,26,45994,买盘
1418,09:43:44,17.69,0.02,10,17690,买盘
1419,09:43:39,17.67,0.01,42,74214,中性盘
1420,09:43:34,17.66,-0.01,36,63576,卖盘
1421,09:43:29,17.67,-0.02,87,153729,卖盘
1422,09:43:24,17.69,-0.03,18,31842,中性盘
1423,09:43:18,17.72,--,0,0,买盘
1424,09:43:14,17.72,0.02,61,108092,买盘
1425,09:43:09,17.7,--,59,104430,买盘
1426,09:42:59,17.7,0.03,202,357540,买盘
1427,09:42:48,17.67,-0.03,26,45942,卖盘
1428,09:42:44,17.7,0.03,7,12390,买盘
1429,09:42:39,17.67,-0.03,76,134292,卖盘
1430,09:42:33,17.7,0.03,4,7080,买盘
1431,09:42:29,17.67,-0.03,23,40641,卖盘
1432,09:42:18,17.7,0.03,13,23010,买盘
1433,09:42:09,17.67,--,59,104253,卖盘
1434,09:42:03,17.67,--,36,63612,卖盘
1435,09:41:59,17.67,--,44,77748,买盘
1436,09:41:54,17.67,--,12,21204,买盘
1437,09:41:48,17.67,--,59,104253,买盘
1438,09:41:44,17.67,--,7,12369,买盘
1439,09:41:39,17.67,--,43,75981,买盘
1440,09:41:33,17.67,--,77,136059,卖盘
1441,09:41:29,17.67,-0.01,118,208506,卖盘
1442,09:41:24,17.68,--,40,70720,买盘
1443,09:41:09,17.68,--,51,90168,买盘
1444,09:41:03,17.68,--,184,326390,卖盘
1445,09:40:59,17.68,-0.01,135,238680,卖盘
1446,09:40:54,17.69,-0.01,110,194590,卖盘
1447,09:40:48,17.7,0.01,5,8850,买盘
1448,09:40:44,17.69,-0.01,1,1769,中性盘
1449,09:40:39,17.7,0.02,40,70800,买盘
1450,09:40:13,17.68,-0.02,10,17680,卖盘
1451,09:40:08,17.7,0.02,39,69030,买盘
1452,09:40:03,17.68,--,54,95472,卖盘
1453,09:39:59,17.68,-0.02,155,274040,卖盘
1454,09:39:54,17.7,--,11,19470,买盘
1455,09:39:48,17.7,0.02,2,3540,买盘
1456,09:39:43,17.68,-0.02,18,31824,卖盘
1457,09:39:37,17.7,0.02,40,70800,买盘
1458,09:39:33,17.68,--,1,1768,卖盘
1459,09:39:18,17.68,--,0,0,卖盘
1460,09:39:13,17.68,-0.02,71,126217,卖盘
1461,09:39:08,17.7,--,186,329220,卖盘
1462,09:39:03,17.7,--,8,14160,买盘
1463,09:38:58,17.7,-0.01,10,17700,卖盘
1464,09:38:43,17.71,-0.01,31,54901,卖盘
1465,09:38:37,17.72,--,39,69108,买盘
1466,09:38:33,17.72,--,6,10632,买盘
1467,09:38:28,17.72,0.01,1,1772,买盘
1468,09:38:18,17.71,--,7,12397,卖盘
1469,09:38:13,17.71,--,1,1771,卖盘
1470,09:38:08,17.71,0.01,15,26565,中性盘
1471,09:38:03,17.7,-0.01,6,10620,卖盘
1472,09:37:53,17.71,0.01,5,8855,买盘
1473,09:37:38,17.7,-0.01,5,8850,买盘
1474,09:37:23,17.71,0.01,13,23023,卖盘
1475,09:37:18,17.7,--,6,10620,买盘
1476,09:37:07,17.7,0.03,40,70800,买盘
1477,09:37:03,17.67,--,8,14136,买盘
1478,09:36:57,17.67,-0.05,2,3534,卖盘
1479,09:36:52,17.72,0.05,5,8860,买盘
1480,09:36:48,17.67,0.02,8,14136,卖盘
1481,09:36:43,17.65,0.01,1,1764,卖盘
1482,09:36:38,17.64,-0.03,45,79380,卖盘
1483,09:36:33,17.67,--,0,0,中性盘
1484,09:36:27,17.67,0.03,2,3534,买盘
1485,09:36:23,17.64,0.01,1,1764,中性盘
1486,09:36:18,17.63,--,10,17630,卖盘
1487,09:36:07,17.63,-0.1,27,47601,卖盘
1488,09:36:03,17.73,0.1,113,200349,买盘
1489,09:35:57,17.63,--,240,423120,买盘
1490,09:35:48,17.63,-0.03,219,386097,卖盘
1491,09:35:42,17.66,-0.01,223,393818,卖盘
1492,09:35:38,17.67,--,5,8835,卖盘
1493,09:35:33,17.67,-0.03,178,314526,卖盘
1494,09:35:27,17.7,0.02,78,138060,买盘
1495,09:35:23,17.68,--,72,127296,卖盘
1496,09:35:18,17.68,-0.01,59,104312,卖盘
1497,09:35:12,17.69,0.01,96,169824,买盘
1498,09:35:07,17.68,--,0,0,卖盘
1499,09:35:03,17.68,-0.01,114,201552,卖盘
1500,09:34:57,17.69,-0.03,33,58377,卖盘
1501,09:34:52,17.72,0.01,109,193148,买盘
1502,09:34:48,17.71,-0.01,168,297528,卖盘
1503,09:34:42,17.72,-0.02,13,23036,卖盘
1504,09:34:37,17.74,0.01,5,8870,买盘
1505,09:34:32,17.73,-0.04,3,5319,卖盘
1506,09:34:27,17.77,0.01,503,893831,买盘
1507,09:34:23,17.76,0.01,18,31968,买盘
1508,09:34:17,17.75,-0.02,47,83425,卖盘
1509,09:34:12,17.77,0.01,400,710800,买盘
1510,09:34:08,17.76,-0.01,43,77042,卖盘
1511,09:34:03,17.77,--,1,1777,买盘
1512,09:33:57,17.77,--,402,714354,买盘
1513,09:33:53,17.77,--,28,49756,买盘
1514,09:33:47,17.77,--,2,3554,买盘
1515,09:33:42,17.77,--,16,28432,买盘
1516,09:33:37,17.77,0.01,94,168139,买盘
1517,09:33:33,17.76,0.01,1,1776,买盘
1518,09:33:27,17.75,--,36,63900,卖盘
1519,09:33:22,17.75,-0.01,8,14200,卖盘
1520,09:33:17,17.76,-0.01,122,217364,卖盘
1521,09:33:12,17.77,0.01,56,99512,买盘
1522,09:33:08,17.76,-0.01,40,71040,卖盘
1523,09:33:02,17.77,--,35,63278,买盘
1524,09:32:57,17.77,--,23,40871,买盘
1525,09:32:52,17.77,--,172,305644,买盘
1526,09:32:47,17.77,0.01,23,40871,买盘
1527,09:32:42,17.76,-0.01,36,63936,卖盘
1528,09:32:37,17.77,0.01,245,435365,买盘
1529,09:32:27,17.76,--,71,126096,买盘
1530,09:32:22,17.76,--,312,554112,买盘
1531,09:32:12,17.76,0.01,60,106560,买盘
1532,09:32:07,17.75,--,3,5325,买盘
1533,09:32:02,17.75,--,1,1775,买盘
1534,09:31:57,17.75,--,103,182825,买盘
1535,09:31:52,17.75,-0.01,4,7100,卖盘
1536,09:31:46,17.76,--,1,1776,买盘
1537,09:31:42,17.76,-0.01,132,234432,买盘
1538,09:31:37,17.77,0.01,138,245226,买盘
1539,09:31:32,17.76,-0.01,7,12432,卖盘
1540,09:31:27,17.77,--,70,124390,买盘
1541,09:31:22,17.77,0.01,51,90627,买盘
1542,09:31:16,17.76,0.04,1,1776,买盘
1543,09:31:12,17.72,-0.05,24,42528,中性盘
1544,09:31:07,17.77,0.02,203,360731,买盘
1545,09:31:01,17.75,0.01,104,184600,买盘
1546,09:30:57,17.74,0.04,54,95795,买盘
1547,09:30:52,17.7,--,57,100890,买盘
1548,09:30:46,17.7,0.01,12,21240,买盘
1549,09:30:42,17.69,-0.01,1,1769,卖盘
1550,09:30:36,17.7,0.01,7,12390,买盘
1551,09:30:27,17.69,--,41,72529,卖盘
1552,09:30:21,17.69,-0.01,5,8845,卖盘
1553,09:30:07,17.7,--,51,90270,买盘
1554,09:30:01,17.7,-0.07,1,1770,卖盘
1555,09:28:53,17.77,--,0,0,买盘
1556,09:25:04,17.77,17.77,357,634389,买盘
