,time,price,change,volume,amount,type
0,15:00:00,3.55,--,0,0,买盘
1,15:00:00,3.55,--,0,0,买盘
2,14:59:59,3.55,--,5,1775,买盘
3,14:59:50,3.55,--,8,2840,买盘
4,14:59:45,3.55,--,6,2130,买盘
5,14:59:39,3.55,--,12,4260,买盘
6,14:59:35,3.55,--,151,53605,买盘
7,14:59:24,3.55,--,1,355,买盘
8,14:59:20,3.55,--,5,1775,买盘
9,14:59:15,3.55,--,262,93010,买盘
10,14:59:06,3.55,--,230,81650,买盘
11,14:58:59,3.55,--,10,3550,买盘
12,14:58:51,3.55,--,1079,383045,买盘
13,14:58:45,3.55,--,28,9940,买盘
14,14:58:34,3.55,--,115,40825,买盘
15,14:58:30,3.55,--,382,135610,买盘
16,14:58:24,3.55,--,257,91235,买盘
17,14:58:19,3.55,--,40,14200,买盘
18,14:57:54,3.55,--,50,17750,买盘
19,14:57:49,3.55,--,58,20590,买盘
20,14:57:38,3.55,--,737,261635,买盘
21,14:57:30,3.55,0.01,20,7100,买盘
22,14:57:24,3.54,-0.01,10,3540,卖盘
23,14:57:08,3.55,--,34,12070,买盘
24,14:57:03,3.55,--,1096,389080,买盘
25,14:56:54,3.55,--,24,8520,买盘
26,14:56:45,3.55,--,803,285065,买盘
27,14:56:30,3.55,0.01,14,4970,买盘
28,14:56:24,3.54,-0.01,29,10266,卖盘
29,14:56:15,3.55,0.01,386,137030,买盘
30,14:56:09,3.54,-0.01,255,90270,卖盘
31,14:56:03,3.55,--,19,6745,买盘
32,14:55:45,3.55,--,351,124605,买盘
33,14:55:30,3.55,--,32,11360,买盘
34,14:55:23,3.55,--,76,26980,买盘
35,14:55:14,3.55,--,76,26980,买盘
36,14:55:09,3.55,--,40,14200,买盘
37,14:55:03,3.55,--,19,6745,买盘
38,14:54:53,3.55,--,98,34790,买盘
39,14:54:49,3.55,--,584,207320,买盘
40,14:54:44,3.55,--,428,151940,买盘
41,14:54:39,3.55,0.01,10,3550,买盘
42,14:54:34,3.54,-0.01,23,8142,卖盘
43,14:54:24,3.55,--,55,19525,买盘
44,14:54:19,3.55,--,273,96915,买盘
45,14:54:09,3.55,--,815,289325,买盘
46,14:54:03,3.55,--,19,6745,买盘
47,14:53:59,3.55,0.01,130,46150,买盘
48,14:53:54,3.54,-0.01,121,42834,卖盘
49,14:53:48,3.55,--,5000,1775000,买盘
50,14:53:39,3.55,--,327,116085,买盘
51,14:53:33,3.55,--,78,27690,买盘
52,14:53:29,3.55,--,157,55735,买盘
53,14:53:18,3.55,--,49,17395,买盘
54,14:53:14,3.55,--,15,5325,买盘
55,14:53:09,3.55,--,159,56445,买盘
56,14:53:05,3.55,--,20,7100,买盘
57,14:52:44,3.55,--,152,53960,买盘
58,14:52:38,3.55,--,346,122830,买盘
59,14:52:29,3.55,--,1,355,买盘
60,14:52:24,3.55,--,67,23785,买盘
61,14:52:14,3.55,--,10,3550,买盘
62,14:52:09,3.55,--,107,37985,买盘
63,14:52:03,3.55,--,20,7100,买盘
64,14:51:48,3.55,--,10,3550,买盘
65,14:51:39,3.55,--,120,42600,买盘
66,14:51:32,3.55,--,66,23430,买盘
67,14:51:12,3.55,--,87,30885,买盘
68,14:51:08,3.55,--,119,42245,买盘
69,14:51:02,3.55,--,20,7100,买盘
70,14:50:53,3.55,--,72,25560,买盘
71,14:50:38,3.55,0.01,134,47570,买盘
72,14:50:27,3.54,-0.01,60,21240,卖盘
73,14:50:24,3.55,0.01,88,31240,买盘
74,14:50:12,3.54,-0.01,95,33630,卖盘
75,14:50:09,3.55,--,75,26625,买盘
76,14:50:03,3.55,--,20,7100,买盘
77,14:49:48,3.55,0.01,21,7455,买盘
78,14:49:42,3.54,-0.01,1,354,卖盘
79,14:49:38,3.55,--,74,26270,买盘
80,14:49:33,3.55,--,2,710,买盘
81,14:49:24,3.55,--,65,23075,买盘
82,14:49:17,3.55,--,30,10650,买盘
83,14:49:12,3.55,--,52,18460,买盘
84,14:49:09,3.55,--,138,48990,买盘
85,14:49:02,3.55,--,20,7100,买盘
86,14:48:53,3.55,--,225,79875,买盘
87,14:48:38,3.55,--,70,24850,买盘
88,14:48:33,3.55,0.01,100,35500,买盘
89,14:48:18,3.54,-0.01,3,1062,卖盘
90,14:48:08,3.55,--,772,274372,卖盘
91,14:48:02,3.55,--,99,35145,卖盘
92,14:47:53,3.55,--,87,30885,卖盘
93,14:47:48,3.55,-0.01,371,131705,卖盘
94,14:47:38,3.56,0.01,70,24920,买盘
95,14:47:33,3.55,--,21,7455,卖盘
96,14:47:27,3.55,--,66,23430,卖盘
97,14:47:23,3.55,--,1,355,卖盘
98,14:47:18,3.55,--,40,14200,卖盘
99,14:47:08,3.55,--,107,37985,卖盘
100,14:47:02,3.55,--,80,28400,卖盘
101,14:46:57,3.55,--,30,10650,卖盘
102,14:46:53,3.55,--,72,25560,卖盘
103,14:46:48,3.55,--,143,50807,买盘
104,14:46:41,3.55,--,12,4572,卖盘
105,14:46:38,3.55,--,76,26980,卖盘
106,14:46:32,3.55,--,10,3550,卖盘
107,14:46:28,3.55,--,8,2840,卖盘
108,14:46:23,3.55,--,10,3550,卖盘
109,14:46:18,3.55,--,15,5325,卖盘
110,14:46:08,3.55,--,26,9272,买盘
111,14:46:03,3.55,--,439,155845,买盘
112,14:45:57,3.55,--,332,117860,买盘
113,14:45:53,3.55,--,3497,1241435,买盘
114,14:45:38,3.55,--,74,26270,买盘
115,14:45:32,3.55,--,97,34435,买盘
116,14:45:17,3.55,--,158,56090,买盘
117,14:45:05,3.55,--,69,24495,买盘
118,14:45:02,3.55,--,20,7100,买盘
119,14:44:57,3.55,--,29,10295,买盘
120,14:44:47,3.55,0.01,20,7100,买盘
121,14:44:27,3.54,-0.01,96,33984,卖盘
122,14:44:17,3.55,0.01,59,20945,买盘
123,14:43:57,3.54,-0.01,106,37524,卖盘
124,14:43:42,3.55,--,380,134900,买盘
125,14:43:32,3.55,--,1097,389747,卖盘
126,14:43:26,3.55,--,1519,539245,卖盘
127,14:43:22,3.55,--,15,5325,卖盘
128,14:43:17,3.55,--,2806,996130,卖盘
129,14:42:57,3.55,--,330,117150,卖盘
130,14:42:50,3.55,-0.01,350,124250,卖盘
131,14:42:47,3.56,--,11,3916,买盘
132,14:42:41,3.56,0.01,84,29904,买盘
133,14:42:37,3.55,--,4,1420,卖盘
134,14:42:32,3.55,--,15,5325,卖盘
135,14:42:26,3.55,--,105,37275,卖盘
136,14:42:18,3.55,--,543,192765,卖盘
137,14:42:05,3.55,--,120,42600,卖盘
138,14:41:56,3.55,--,50,17750,卖盘
139,14:41:53,3.55,--,400,142000,卖盘
140,14:41:47,3.55,--,3000,1065000,卖盘
141,14:41:17,3.55,--,5000,1775000,卖盘
142,14:41:11,3.55,-0.01,50,17750,卖盘
143,14:41:02,3.56,0.01,10,3560,买盘
144,14:40:57,3.55,--,3512,1246760,卖盘
145,14:40:50,3.55,--,2,710,卖盘
146,14:40:47,3.55,--,29,10295,卖盘
147,14:40:41,3.55,-0.01,3,1065,卖盘
148,14:40:37,3.56,0.01,8,2848,买盘
149,14:40:32,3.55,-0.01,31,11005,卖盘
150,14:40:26,3.56,0.01,753,268068,买盘
151,14:40:20,3.55,--,10,3550,卖盘
152,14:40:18,3.55,--,100,35500,卖盘
153,14:40:05,3.55,-0.01,100,35500,卖盘
154,14:40:03,3.56,--,46,16376,买盘
155,14:39:57,3.56,0.01,60,21360,买盘
156,14:39:47,3.55,--,60,21300,卖盘
157,14:39:42,3.55,--,40,14200,卖盘
158,14:39:32,3.55,--,29,10295,卖盘
159,14:39:27,3.55,--,60,21300,卖盘
160,14:39:21,3.55,-0.01,13,4615,卖盘
161,14:39:17,3.56,--,58,20648,买盘
162,14:39:02,3.56,0.01,78,27768,买盘
163,14:38:47,3.55,-0.01,38,13490,卖盘
164,14:38:41,3.56,0.01,8,2848,买盘
165,14:38:31,3.55,--,40,14200,卖盘
166,14:38:20,3.55,--,370,131350,卖盘
167,14:38:17,3.55,--,128,45440,卖盘
168,14:38:06,3.55,--,26,9230,卖盘
169,14:37:59,3.55,-0.01,29,10295,卖盘
170,14:37:50,3.56,0.01,5,1780,买盘
171,14:37:45,3.55,--,34,12070,卖盘
172,14:37:35,3.55,--,213,75615,卖盘
173,14:37:30,3.55,--,30,10650,卖盘
174,14:37:27,3.55,--,200,71000,卖盘
175,14:37:14,3.55,--,31,11005,卖盘
176,14:37:12,3.55,-0.01,25,8875,卖盘
177,14:37:05,3.56,0.01,16,5696,买盘
178,14:36:59,3.55,-0.01,29,10295,卖盘
179,14:36:57,3.56,0.01,18,6408,买盘
180,14:36:44,3.55,-0.01,29,10295,卖盘
181,14:36:41,3.56,0.01,18,6408,买盘
182,14:36:35,3.55,--,150,53250,卖盘
183,14:36:29,3.55,--,29,10295,卖盘
184,14:36:26,3.55,--,176,62480,卖盘
185,14:36:16,3.55,-0.01,29,10295,卖盘
186,14:36:11,3.56,0.01,10,3560,买盘
187,14:35:59,3.55,--,29,10295,卖盘
188,14:35:50,3.55,--,1,355,卖盘
189,14:35:44,3.55,--,30,10650,卖盘
190,14:35:42,3.55,--,52,18460,卖盘
191,14:35:30,3.55,-0.01,28,9940,卖盘
192,14:35:26,3.56,0.01,77,27412,买盘
193,14:35:14,3.55,-0.01,31,11005,卖盘
194,14:35:11,3.56,0.01,3,1068,买盘
195,14:35:05,3.55,-0.01,207,73485,卖盘
196,14:35:01,3.56,0.01,758,269848,买盘
197,14:34:56,3.55,-0.01,50,17750,卖盘
198,14:34:50,3.56,0.01,1,356,买盘
199,14:34:44,3.55,-0.01,29,10295,卖盘
200,14:34:41,3.56,0.01,7,2492,买盘
201,14:34:31,3.55,--,45,15975,卖盘
202,14:34:26,3.55,--,190,67450,卖盘
203,14:34:21,3.55,--,658,233590,卖盘
204,14:34:14,3.55,-0.01,34,12070,卖盘
205,14:34:05,3.56,0.01,14,4984,买盘
206,14:33:59,3.55,-0.01,31,11005,卖盘
207,14:33:56,3.56,0.01,6,2136,买盘
208,14:33:44,3.55,-0.01,119,42245,卖盘
209,14:33:35,3.56,0.01,69,24564,买盘
210,14:33:31,3.55,--,29,10295,卖盘
211,14:33:20,3.55,--,1290,457950,卖盘
212,14:33:15,3.55,--,29,10295,卖盘
213,14:32:59,3.55,--,35,12425,卖盘
214,14:32:44,3.55,--,32,11360,卖盘
215,14:32:35,3.55,--,94,33370,卖盘
216,14:32:29,3.55,--,30,10650,卖盘
217,14:32:20,3.55,--,78,27690,卖盘
218,14:32:14,3.55,--,29,10295,卖盘
219,14:32:11,3.55,--,10,3550,卖盘
220,14:32:05,3.55,--,1000,355000,卖盘
221,14:31:59,3.55,--,276,97980,卖盘
222,14:31:51,3.55,--,30,10650,卖盘
223,14:31:44,3.55,-0.01,31,11005,卖盘
224,14:31:36,3.56,--,46,16376,买盘
225,14:31:29,3.56,--,81,28836,买盘
226,14:31:24,3.56,0.01,120,42720,买盘
227,14:31:20,3.55,--,10,3550,卖盘
228,14:31:14,3.55,-0.01,30,10650,卖盘
229,14:31:06,3.56,0.01,13,4628,买盘
230,14:30:59,3.55,--,31,11005,卖盘
231,14:30:45,3.55,-0.01,154,54670,卖盘
232,14:30:29,3.56,0.01,1789,636884,买盘
233,14:30:14,3.55,--,29,10295,卖盘
234,14:30:10,3.55,-0.01,80,28400,卖盘
235,14:30:05,3.56,0.01,13,4628,买盘
236,14:29:59,3.55,-0.01,30,10650,卖盘
237,14:29:50,3.56,0.01,1,356,买盘
238,14:29:44,3.55,--,29,10295,卖盘
239,14:29:35,3.55,--,1,355,卖盘
240,14:29:29,3.55,-0.01,182,64610,卖盘
241,14:29:23,3.56,0.01,3,1068,买盘
242,14:29:20,3.55,--,320,113600,卖盘
243,14:29:14,3.55,--,239,84845,卖盘
244,14:29:05,3.55,--,5,1775,卖盘
245,14:28:59,3.55,--,29,10295,卖盘
246,14:28:44,3.55,--,31,11005,卖盘
247,14:28:30,3.55,--,53,18815,卖盘
248,14:28:20,3.55,--,1,355,卖盘
249,14:28:14,3.55,--,29,10295,卖盘
250,14:28:05,3.55,--,150,53250,卖盘
251,14:27:59,3.55,-0.01,106,37630,卖盘
252,14:27:54,3.56,0.01,3,1068,买盘
253,14:27:44,3.55,--,30,10650,卖盘
254,14:27:38,3.55,-0.01,201,71355,卖盘
255,14:27:35,3.56,--,15,5340,买盘
256,14:27:29,3.56,0.01,50,17800,买盘
257,14:27:20,3.55,--,50,17750,卖盘
258,14:27:14,3.55,-0.01,312,110760,卖盘
259,14:27:05,3.56,0.01,66,23496,买盘
260,14:26:59,3.55,-0.01,29,10295,卖盘
261,14:26:50,3.56,0.01,12,4272,买盘
262,14:26:44,3.55,--,99,35145,卖盘
263,14:26:35,3.55,--,16,5680,卖盘
264,14:26:29,3.55,--,44,15620,卖盘
265,14:26:20,3.55,--,10,3550,卖盘
266,14:26:14,3.55,-0.01,30,10650,卖盘
267,14:26:05,3.56,0.01,11,3916,买盘
268,14:25:59,3.55,--,35,12425,卖盘
269,14:25:50,3.55,--,78,27690,卖盘
270,14:25:44,3.55,-0.01,29,10295,卖盘
271,14:25:35,3.56,0.01,534,190104,买盘
272,14:25:29,3.55,-0.01,129,45795,卖盘
273,14:25:20,3.56,0.01,100,35600,买盘
274,14:25:14,3.55,-0.01,28,9940,卖盘
275,14:25:05,3.56,0.01,20,7120,买盘
276,14:24:59,3.55,--,45,15975,卖盘
277,14:24:53,3.55,--,68,24140,卖盘
278,14:24:44,3.55,-0.01,28,9940,卖盘
279,14:24:38,3.56,0.01,54,19224,买盘
280,14:24:34,3.55,--,4,1420,卖盘
281,14:24:30,3.55,--,51,18105,卖盘
282,14:24:23,3.55,--,9,3195,卖盘
283,14:24:17,3.55,--,2,710,卖盘
284,14:24:14,3.55,--,31,11005,卖盘
285,14:24:08,3.55,-0.01,48,17040,卖盘
286,14:24:04,3.56,0.01,72,25632,买盘
287,14:23:59,3.55,-0.01,36,12780,卖盘
288,14:23:53,3.56,--,62,22072,买盘
289,14:23:49,3.56,0.01,2,712,买盘
290,14:23:45,3.55,-0.01,31,11005,卖盘
291,14:23:39,3.56,0.01,439,156284,买盘
292,14:23:29,3.55,--,31,11005,卖盘
293,14:23:14,3.55,-0.01,107,37985,卖盘
294,14:23:09,3.56,0.01,38,13528,买盘
295,14:22:59,3.55,-0.01,40,14200,卖盘
296,14:22:53,3.56,0.01,50,17800,买盘
297,14:22:44,3.55,--,30,10650,卖盘
298,14:22:38,3.55,--,43,15265,卖盘
299,14:22:29,3.55,--,41,14555,卖盘
300,14:22:17,3.55,-0.01,10,3550,卖盘
301,14:22:15,3.56,--,79,28124,买盘
302,14:22:08,3.56,--,39,13884,买盘
303,14:22:02,3.56,0.01,211,75116,买盘
304,14:21:59,3.55,--,868,308140,卖盘
305,14:21:53,3.55,--,18,6390,卖盘
306,14:21:44,3.55,-0.01,104,36920,卖盘
307,14:21:38,3.56,0.01,68,24208,买盘
308,14:21:29,3.55,--,30,10650,卖盘
309,14:21:14,3.55,-0.01,3530,1253150,卖盘
310,14:21:08,3.56,--,86,30616,买盘
311,14:21:02,3.56,0.01,234,83304,买盘
312,14:20:59,3.55,--,29,10295,卖盘
313,14:20:44,3.55,-0.01,29,10295,卖盘
314,14:20:38,3.56,0.01,707,251692,买盘
315,14:20:32,3.55,--,200,71000,卖盘
316,14:20:29,3.55,-0.01,31,11005,卖盘
317,14:20:23,3.56,0.01,2,712,买盘
318,14:20:14,3.55,-0.01,59,20945,卖盘
319,14:20:09,3.56,--,38,13528,买盘
320,14:20:02,3.56,--,11,3916,买盘
321,14:19:59,3.56,--,3073,1093988,买盘
322,14:19:53,3.56,--,2,712,买盘
323,14:19:47,3.56,--,1,356,买盘
324,14:19:44,3.56,--,43,15308,买盘
325,14:19:38,3.56,--,241,85796,买盘
326,14:19:29,3.56,--,34,12104,买盘
327,14:19:24,3.56,--,2,712,买盘
328,14:19:17,3.56,--,2,712,买盘
329,14:19:14,3.56,0.01,35,12460,买盘
330,14:19:08,3.55,-0.01,598,212290,卖盘
331,14:19:02,3.56,0.01,200,71200,买盘
332,14:18:59,3.55,--,35,12425,卖盘
333,14:18:53,3.55,--,305,108275,卖盘
334,14:18:44,3.55,-0.01,35,12425,卖盘
335,14:18:38,3.56,0.01,93,33108,买盘
336,14:18:32,3.55,-0.01,95,33725,卖盘
337,14:18:23,3.56,0.01,200,71200,买盘
338,14:18:17,3.55,--,30,10650,卖盘
339,14:18:14,3.55,-0.01,6,2130,卖盘
340,14:18:09,3.56,--,38,13528,买盘
341,14:18:02,3.56,0.01,33,11748,买盘
342,14:17:59,3.55,-0.01,9,3195,卖盘
343,14:17:53,3.56,0.01,201,71556,买盘
344,14:17:47,3.55,--,31,11005,卖盘
345,14:17:44,3.55,-0.01,5,1775,卖盘
346,14:17:38,3.56,0.01,182,64792,买盘
347,14:17:33,3.55,-0.01,129,45795,卖盘
348,14:17:17,3.56,--,229,81524,买盘
349,14:17:08,3.56,0.01,58,20648,买盘
350,14:17:02,3.55,--,29,10295,卖盘
351,14:16:58,3.55,--,1,355,卖盘
352,14:16:53,3.55,-0.01,127,45085,卖盘
353,14:16:47,3.56,0.01,241,85796,买盘
354,14:16:43,3.55,-0.01,158,56090,卖盘
355,14:16:38,3.56,0.01,39,13884,买盘
356,14:16:32,3.55,-0.01,29,10295,卖盘
357,14:16:27,3.56,0.01,3,1068,买盘
358,14:16:17,3.55,--,30,10650,卖盘
359,14:16:13,3.55,--,30,10650,卖盘
360,14:16:08,3.55,--,366,129930,卖盘
361,14:16:02,3.55,--,30,10650,卖盘
362,14:15:53,3.55,--,1338,475032,买盘
363,14:15:47,3.55,--,370,131350,买盘
364,14:15:41,3.55,--,32,11360,买盘
365,14:15:38,3.55,--,216,76680,买盘
366,14:15:32,3.55,--,365,129575,买盘
367,14:15:26,3.55,--,1050,372750,买盘
368,14:15:23,3.55,--,4240,1505200,买盘
369,14:15:17,3.55,--,330,117150,买盘
370,14:15:08,3.55,--,295,104725,买盘
371,14:15:02,3.55,--,878,311690,买盘
372,14:14:56,3.55,--,200,71000,买盘
373,14:14:53,3.55,--,64,22720,买盘
374,14:14:48,3.55,--,1602,568710,买盘
375,14:14:38,3.55,--,4420,1569100,买盘
376,14:14:32,3.55,--,193,68515,买盘
377,14:14:28,3.55,--,360,127800,买盘
378,14:14:17,3.55,--,2034,722070,买盘
379,14:14:13,3.55,--,7,2485,买盘
380,14:14:08,3.55,--,38,13490,买盘
381,14:14:02,3.55,--,41,14555,买盘
382,14:13:57,3.55,--,86,30530,买盘
383,14:13:53,3.55,--,320,113600,买盘
384,14:13:47,3.55,0.01,398,141290,买盘
385,14:13:41,3.54,-0.01,77,27258,卖盘
386,14:13:38,3.55,0.01,46,16330,买盘
387,14:13:32,3.54,-0.01,28,9912,卖盘
388,14:13:23,3.55,--,464,164720,买盘
389,14:13:17,3.55,--,350,124250,买盘
390,14:13:08,3.55,--,38,13490,买盘
391,14:13:02,3.55,--,190,67450,买盘
392,14:12:53,3.55,0.01,10,3550,买盘
393,14:12:47,3.54,-0.01,31,10974,卖盘
394,14:12:38,3.55,0.01,39,13845,买盘
395,14:12:32,3.54,--,28,9912,卖盘
396,14:12:17,3.54,-0.01,29,10266,卖盘
397,14:12:08,3.55,0.01,97,34435,买盘
398,14:12:02,3.54,-0.01,30,10620,卖盘
399,14:11:53,3.55,0.01,136,48280,买盘
400,14:11:47,3.54,-0.01,29,10266,卖盘
401,14:11:38,3.55,0.01,38,13490,买盘
402,14:11:32,3.54,-0.01,109,38586,卖盘
403,14:11:26,3.55,0.01,100,35500,买盘
404,14:11:17,3.54,--,30,10620,卖盘
405,14:11:11,3.54,-0.01,7,2478,卖盘
406,14:11:08,3.55,0.01,108,38340,买盘
407,14:11:02,3.54,-0.01,29,10266,卖盘
408,14:10:56,3.55,0.01,134,47570,买盘
409,14:10:47,3.54,-0.01,31,10974,卖盘
410,14:10:41,3.55,--,2226,790230,买盘
411,14:10:37,3.55,0.01,38,13490,买盘
412,14:10:32,3.54,-0.01,428,151512,卖盘
413,14:10:17,3.55,--,50,17750,买盘
414,14:10:08,3.55,0.01,40,14200,买盘
415,14:10:02,3.54,-0.01,30,10620,卖盘
416,14:09:57,3.55,0.01,20,7100,买盘
417,14:09:47,3.54,-0.01,30,10620,卖盘
418,14:09:38,3.55,0.01,38,13490,买盘
419,14:09:32,3.54,--,30,10620,卖盘
420,14:09:22,3.54,-0.01,78,27612,卖盘
421,14:09:17,3.55,--,36,12780,买盘
422,14:09:07,3.55,--,39,13845,买盘
423,14:09:02,3.55,0.01,1142,405410,买盘
424,14:08:47,3.54,--,29,10266,卖盘
425,14:08:41,3.54,-0.01,20,7080,卖盘
426,14:08:37,3.55,0.01,38,13490,买盘
427,14:08:32,3.54,--,30,10620,卖盘
428,14:08:26,3.54,--,10,3540,卖盘
429,14:08:17,3.54,--,32,11328,卖盘
430,14:08:11,3.54,--,171,60534,卖盘
431,14:08:02,3.54,--,82,29028,卖盘
432,14:07:56,3.54,--,10,3540,卖盘
433,14:07:47,3.54,--,39,13806,卖盘
434,14:07:32,3.54,--,30,10620,卖盘
435,14:07:17,3.54,--,28,9912,卖盘
436,14:07:11,3.54,--,78,27612,卖盘
437,14:07:02,3.54,--,30,10620,卖盘
438,14:06:50,3.54,--,700,247800,卖盘
439,14:06:47,3.54,--,29,10266,卖盘
440,14:06:32,3.54,-0.01,28,9912,卖盘
441,14:06:17,3.55,0.01,51,18105,买盘
442,14:06:11,3.54,-0.01,115,40710,卖盘
443,14:06:02,3.55,0.01,33,11715,买盘
444,14:05:47,3.54,--,30,10620,卖盘
445,14:05:32,3.54,--,29,10266,卖盘
446,14:05:17,3.54,-0.01,30,10620,卖盘
447,14:05:11,3.55,0.01,100,35500,买盘
448,14:05:02,3.54,-0.01,101,35754,卖盘
449,14:04:56,3.55,--,54,19170,买盘
450,14:04:50,3.55,--,24,8520,买盘
451,14:04:47,3.55,--,38,13490,买盘
452,14:04:41,3.55,0.01,303,107565,买盘
453,14:04:32,3.54,-0.01,32,11328,卖盘
454,14:04:20,3.55,0.01,320,113600,买盘
455,14:04:17,3.54,--,30,10620,卖盘
456,14:04:05,3.54,--,1000,354000,卖盘
457,14:03:56,3.54,--,43,15222,卖盘
458,14:03:50,3.54,--,2,708,卖盘
459,14:03:44,3.54,-0.01,30,10620,卖盘
460,14:03:30,3.55,0.01,1000,355000,买盘
461,14:03:26,3.54,--,31,10974,卖盘
462,14:03:16,3.54,--,30,10620,卖盘
463,14:03:05,3.54,--,72,25488,卖盘
464,14:03:01,3.54,--,29,10266,卖盘
465,14:02:56,3.54,--,2,708,卖盘
466,14:02:50,3.54,--,10,3540,卖盘
467,14:02:41,3.54,--,835,295590,卖盘
468,14:02:30,3.54,-0.01,30,10620,卖盘
469,14:02:20,3.55,--,8,2840,买盘
470,14:02:15,3.55,0.01,51,18105,买盘
471,14:02:11,3.54,--,60,21240,卖盘
472,14:01:56,3.54,-0.01,30,10620,卖盘
473,14:01:45,3.55,0.01,541,192055,买盘
474,14:01:41,3.54,-0.01,33,11682,卖盘
475,14:01:35,3.55,0.01,20,7100,买盘
476,14:01:32,3.54,--,90,31860,卖盘
477,14:01:26,3.54,--,47,16638,卖盘
478,14:01:11,3.54,--,29,10266,卖盘
479,14:00:56,3.54,--,29,10266,卖盘
480,14:00:50,3.54,--,403,142662,卖盘
481,14:00:41,3.54,-0.01,1230,435420,卖盘
482,14:00:35,3.55,0.01,47,16685,买盘
483,14:00:31,3.54,--,3,1062,卖盘
484,14:00:26,3.54,--,31,10974,卖盘
485,14:00:11,3.54,-0.01,29,10266,卖盘
486,14:00:05,3.55,0.01,179,63545,买盘
487,13:59:56,3.54,--,38,13452,卖盘
488,13:59:50,3.54,--,10,3540,卖盘
489,13:59:41,3.54,-0.01,31,10974,卖盘
490,13:59:35,3.55,0.01,46,16330,买盘
491,13:59:26,3.54,--,30,10620,卖盘
492,13:59:11,3.54,-0.01,29,10266,卖盘
493,13:59:05,3.55,0.01,47,16685,买盘
494,13:58:59,3.54,--,40,14160,卖盘
495,13:58:56,3.54,--,31,10974,卖盘
496,13:58:41,3.54,-0.01,28,9912,卖盘
497,13:58:35,3.55,0.01,47,16685,买盘
498,13:58:26,3.54,--,31,10974,卖盘
499,13:58:11,3.54,-0.01,116,41064,卖盘
500,13:58:05,3.55,0.01,46,16330,买盘
501,13:57:56,3.54,--,354,125316,卖盘
502,13:57:50,3.54,--,148,52392,卖盘
503,13:57:41,3.54,-0.01,29,10266,卖盘
504,13:57:35,3.55,0.01,147,52185,买盘
505,13:57:26,3.54,--,136,48144,卖盘
506,13:57:20,3.54,--,111,39294,卖盘
507,13:57:14,3.54,--,120,42480,卖盘
508,13:57:11,3.54,-0.01,29,10266,卖盘
509,13:57:05,3.55,0.01,228,80940,买盘
510,13:56:59,3.54,-0.01,30,10620,卖盘
511,13:56:54,3.55,--,5,1775,买盘
512,13:56:50,3.55,0.01,59,20945,买盘
513,13:56:44,3.54,-0.01,28,9912,卖盘
514,13:56:35,3.55,--,47,16685,买盘
515,13:56:29,3.55,0.01,129,45795,买盘
516,13:56:14,3.54,-0.01,30,10620,卖盘
517,13:56:10,3.55,--,316,112180,买盘
518,13:56:05,3.55,0.01,58,20590,买盘
519,13:55:59,3.54,-0.01,130,46020,卖盘
520,13:55:50,3.55,0.01,1,355,买盘
521,13:55:44,3.54,-0.01,39,13806,卖盘
522,13:55:35,3.55,0.01,52,18460,买盘
523,13:55:29,3.54,--,477,168858,卖盘
524,13:55:20,3.54,--,30,10620,卖盘
525,13:55:14,3.54,--,29,10266,卖盘
526,13:55:10,3.54,-0.01,5,1770,卖盘
527,13:55:05,3.55,0.01,48,17040,买盘
528,13:54:59,3.54,--,29,10266,卖盘
529,13:54:55,3.54,-0.01,185,65490,卖盘
530,13:54:50,3.55,0.01,12,4260,买盘
531,13:54:44,3.54,-0.01,29,10266,卖盘
532,13:54:39,3.55,--,71,25205,买盘
533,13:54:35,3.55,0.01,171,60705,买盘
534,13:54:29,3.54,-0.01,29,10266,卖盘
535,13:54:26,3.55,0.01,16,5680,买盘
536,13:54:20,3.54,--,5,1770,卖盘
537,13:54:14,3.54,--,29,10266,卖盘
538,13:54:10,3.54,-0.01,2,708,卖盘
539,13:54:05,3.55,--,59,20945,买盘
540,13:53:59,3.55,0.01,37,13135,买盘
541,13:53:44,3.54,-0.01,40,14160,卖盘
542,13:53:35,3.55,0.01,73,25915,买盘
543,13:53:29,3.54,--,36,12744,卖盘
544,13:53:20,3.54,--,86,30444,卖盘
545,13:53:14,3.54,-0.01,29,10266,卖盘
546,13:53:08,3.55,--,6,2130,买盘
547,13:53:05,3.55,0.01,1422,504810,买盘
548,13:52:59,3.54,-0.01,130,46020,卖盘
549,13:52:53,3.55,0.01,24,8520,买盘
550,13:52:50,3.54,--,54,19116,卖盘
551,13:52:44,3.54,-0.01,29,10266,卖盘
552,13:52:35,3.55,0.01,87,30885,买盘
553,13:52:29,3.54,-0.01,29,10266,卖盘
554,13:52:25,3.55,--,80,28400,买盘
555,13:52:14,3.55,0.01,80,28400,买盘
556,13:52:09,3.54,-0.01,16,5664,卖盘
557,13:52:05,3.55,0.01,52,18460,买盘
558,13:51:59,3.54,-0.01,29,10266,卖盘
559,13:51:53,3.55,0.01,160,56800,买盘
560,13:51:44,3.54,-0.01,29,10266,卖盘
561,13:51:38,3.55,--,59,20945,买盘
562,13:51:35,3.55,0.01,47,16685,买盘
563,13:51:29,3.54,--,61,21594,卖盘
564,13:51:20,3.54,--,201,71154,卖盘
565,13:51:14,3.54,-0.01,44,15576,卖盘
566,13:51:08,3.55,--,506,179630,买盘
567,13:51:05,3.55,0.01,46,16330,买盘
568,13:50:59,3.54,-0.01,28,9912,卖盘
569,13:50:50,3.55,--,282,100110,买盘
570,13:50:44,3.55,--,89,31595,买盘
571,13:50:35,3.55,0.01,153,54315,买盘
572,13:50:29,3.54,-0.01,29,10266,卖盘
573,13:50:23,3.55,--,18,6390,买盘
574,13:50:20,3.55,0.01,32,11360,买盘
575,13:50:14,3.54,-0.01,40,14160,卖盘
576,13:50:08,3.55,--,219,77745,买盘
577,13:49:59,3.55,--,2079,738045,买盘
578,13:49:48,3.55,0.01,80,28400,买盘
579,13:49:44,3.54,-0.01,29,10266,卖盘
580,13:49:38,3.55,0.01,488,173240,买盘
581,13:49:29,3.54,-0.01,293,103722,卖盘
582,13:49:23,3.55,0.01,1733,615215,买盘
583,13:49:14,3.54,-0.01,30,10620,卖盘
584,13:49:08,3.55,0.01,47,16685,买盘
585,13:48:59,3.54,-0.01,80,28320,卖盘
586,13:48:53,3.55,0.01,54,19170,买盘
587,13:48:44,3.54,-0.01,29,10266,卖盘
588,13:48:38,3.55,0.01,2058,730590,买盘
589,13:48:29,3.54,-0.01,30,10620,卖盘
590,13:48:23,3.55,--,85,30175,买盘
591,13:48:14,3.55,--,35,12425,买盘
592,13:48:08,3.55,0.01,57,20235,买盘
593,13:47:59,3.54,-0.01,30,10620,卖盘
594,13:47:44,3.55,--,299,106145,买盘
595,13:47:38,3.55,0.01,46,16330,买盘
596,13:47:32,3.54,--,5002,1770708,卖盘
597,13:47:29,3.54,--,30,10620,卖盘
598,13:47:19,3.54,--,42,14868,卖盘
599,13:47:13,3.54,-0.01,53,18762,卖盘
600,13:47:07,3.55,--,6,2130,买盘
601,13:47:04,3.55,--,2,710,买盘
602,13:46:59,3.55,--,141,50055,买盘
603,13:46:53,3.55,0.01,2000,710000,买盘
604,13:46:44,3.54,-0.01,31,10974,卖盘
605,13:46:38,3.55,0.01,80,28400,买盘
606,13:46:29,3.54,--,228,80712,卖盘
607,13:46:14,3.54,--,31,10974,卖盘
608,13:46:08,3.54,--,10,3540,卖盘
609,13:45:59,3.54,--,80,28320,卖盘
610,13:45:44,3.54,--,51,18054,卖盘
611,13:45:38,3.54,--,15,5310,卖盘
612,13:45:33,3.54,--,5,1770,卖盘
613,13:45:29,3.54,--,30,10620,卖盘
614,13:45:14,3.54,--,110,38940,卖盘
615,13:44:59,3.54,--,29,10266,卖盘
616,13:44:44,3.54,--,29,10266,卖盘
617,13:44:32,3.54,--,6,2124,卖盘
618,13:44:29,3.54,--,28,9912,卖盘
619,13:44:14,3.54,--,29,10266,卖盘
620,13:44:08,3.54,-0.01,5,1770,卖盘
621,13:44:02,3.55,0.01,2,710,买盘
622,13:43:59,3.54,--,39,13806,卖盘
623,13:43:44,3.54,-0.01,31,10974,卖盘
624,13:43:32,3.55,0.01,101,35855,买盘
625,13:43:29,3.54,--,55,19470,卖盘
626,13:43:23,3.54,--,100,35400,卖盘
627,13:43:14,3.54,-0.01,50,17700,卖盘
628,13:43:02,3.55,0.01,53,18815,买盘
629,13:42:58,3.54,--,30,10620,卖盘
630,13:42:47,3.54,--,6,2124,卖盘
631,13:42:43,3.54,--,30,10620,卖盘
632,13:42:29,3.54,--,30,10620,卖盘
633,13:42:23,3.54,--,4,1416,卖盘
634,13:42:13,3.54,--,29,10266,卖盘
635,13:41:56,3.54,-0.01,30,10620,卖盘
636,13:41:53,3.55,0.01,6796,2412580,买盘
637,13:41:43,3.54,--,29,10266,卖盘
638,13:41:38,3.54,-0.01,22,7788,卖盘
639,13:41:32,3.55,0.01,2,710,买盘
640,13:41:27,3.54,--,30,10620,卖盘
641,13:41:12,3.54,-0.01,30,10620,卖盘
642,13:41:08,3.55,0.01,45,15975,买盘
643,13:40:58,3.54,--,30,10620,卖盘
644,13:40:47,3.54,--,50,17700,卖盘
645,13:40:43,3.54,--,28,9912,卖盘
646,13:40:31,3.54,--,3,1062,卖盘
647,13:40:27,3.54,-0.01,31,10974,卖盘
648,13:40:17,3.55,0.01,26,9230,买盘
649,13:40:13,3.54,--,29,10266,卖盘
650,13:40:02,3.54,--,86,30444,卖盘
651,13:39:58,3.54,--,28,9912,卖盘
652,13:39:47,3.54,--,46,16284,卖盘
653,13:39:43,3.54,-0.01,31,10974,卖盘
654,13:39:38,3.55,0.01,43,15265,买盘
655,13:39:32,3.54,-0.01,381,134874,卖盘
656,13:39:28,3.55,0.01,230,81650,买盘
657,13:39:13,3.54,-0.01,29,10266,卖盘
658,13:39:08,3.55,--,41,14555,买盘
659,13:39:02,3.55,0.01,2,710,买盘
660,13:38:58,3.54,-0.01,31,10974,卖盘
661,13:38:53,3.55,0.01,55,19525,买盘
662,13:38:42,3.54,-0.01,28,9912,卖盘
663,13:38:38,3.55,--,42,14910,买盘
664,13:38:32,3.55,0.01,10,3550,买盘
665,13:38:28,3.54,-0.01,30,10620,卖盘
666,13:38:23,3.55,0.01,20,7100,买盘
667,13:38:17,3.54,--,9,3186,卖盘
668,13:38:13,3.54,-0.01,31,10974,卖盘
669,13:38:08,3.55,0.01,42,14910,买盘
670,13:37:57,3.54,-0.01,29,10266,卖盘
671,13:37:53,3.55,0.01,83,29465,买盘
672,13:37:42,3.54,-0.01,29,10266,卖盘
673,13:37:38,3.55,--,42,14910,买盘
674,13:37:32,3.55,0.01,25,8875,买盘
675,13:37:28,3.54,--,30,10620,卖盘
676,13:37:11,3.54,--,31,10974,卖盘
677,13:37:08,3.54,--,52,18408,卖盘
678,13:37:02,3.54,--,1,354,卖盘
679,13:36:57,3.54,--,30,10620,卖盘
680,13:36:53,3.54,-0.01,102,36108,卖盘
681,13:36:47,3.55,0.01,1,355,买盘
682,13:36:41,3.54,-0.01,30,10620,卖盘
683,13:36:38,3.55,0.01,42,14910,买盘
684,13:36:26,3.54,--,29,10266,卖盘
685,13:36:11,3.54,--,28,9912,卖盘
686,13:36:08,3.54,--,49,17346,卖盘
687,13:36:02,3.54,--,1,354,卖盘
688,13:35:57,3.54,-0.01,31,10974,卖盘
689,13:35:53,3.55,0.01,33,11715,买盘
690,13:35:41,3.54,-0.01,33,11682,卖盘
691,13:35:37,3.55,0.01,42,14910,买盘
692,13:35:32,3.54,-0.01,1,354,卖盘
693,13:35:26,3.55,0.01,52,18460,买盘
694,13:35:11,3.54,-0.01,29,10266,卖盘
695,13:35:08,3.55,--,42,14910,买盘
696,13:35:02,3.55,0.01,105,37275,买盘
697,13:34:56,3.54,--,29,10266,卖盘
698,13:34:53,3.54,-0.01,52,18408,卖盘
699,13:34:47,3.55,0.01,144,51120,买盘
700,13:34:41,3.54,-0.01,31,10974,卖盘
701,13:34:38,3.55,0.01,43,15265,买盘
702,13:34:26,3.54,-0.01,31,10974,卖盘
703,13:34:23,3.55,--,1,355,买盘
704,13:34:17,3.55,0.01,1,355,买盘
705,13:34:11,3.54,-0.01,41,14514,卖盘
706,13:34:06,3.55,--,43,15265,买盘
707,13:34:02,3.55,0.01,8,2840,买盘
708,13:33:56,3.54,--,32,11328,卖盘
709,13:33:47,3.54,--,10,3540,卖盘
710,13:33:41,3.54,--,1094,387605,买盘
711,13:33:37,3.54,--,2761,977394,买盘
712,13:33:32,3.54,--,447,158238,买盘
713,13:33:26,3.54,--,2045,723930,买盘
714,13:33:17,3.54,0.01,3452,1222008,买盘
715,13:33:11,3.53,-0.01,39,13767,卖盘
716,13:33:06,3.54,--,2657,940578,买盘
717,13:33:02,3.54,0.01,50,17700,买盘
718,13:32:56,3.53,-0.01,633,223449,卖盘
719,13:32:47,3.54,0.01,12,4248,买盘
720,13:32:41,3.53,-0.01,30,10590,卖盘
721,13:32:36,3.54,0.01,92,32568,买盘
722,13:32:32,3.53,--,14,4942,卖盘
723,13:32:26,3.53,--,29,10237,卖盘
724,13:32:11,3.53,-0.01,28,9884,卖盘
725,13:32:07,3.54,0.01,2661,941994,买盘
726,13:32:02,3.53,--,30,10590,卖盘
727,13:31:56,3.53,--,70,24710,卖盘
728,13:31:41,3.53,-0.01,250,88250,卖盘
729,13:31:35,3.54,0.01,99,35046,买盘
730,13:31:26,3.53,-0.01,30,10590,卖盘
731,13:31:17,3.54,0.01,8,2832,买盘
732,13:31:11,3.53,-0.01,28,9884,卖盘
733,13:31:07,3.54,--,42,14868,买盘
734,13:31:02,3.54,0.01,2,708,买盘
735,13:30:56,3.53,-0.01,29,10237,卖盘
736,13:30:47,3.54,0.01,192,67968,买盘
737,13:30:41,3.53,-0.01,41,14473,卖盘
738,13:30:37,3.54,--,42,14868,买盘
739,13:30:32,3.54,0.01,2,708,买盘
740,13:30:26,3.53,--,28,9884,卖盘
741,13:30:11,3.53,-0.01,30,10590,卖盘
742,13:30:06,3.54,--,52,18408,买盘
743,13:30:02,3.54,0.01,21,7434,买盘
744,13:29:56,3.53,-0.01,29,10237,卖盘
745,13:29:50,3.54,--,187,66198,买盘
746,13:29:41,3.54,--,57,20178,买盘
747,13:29:37,3.54,0.01,42,14868,买盘
748,13:29:26,3.53,--,66,23298,卖盘
749,13:29:11,3.53,-0.01,30,10590,卖盘
750,13:29:05,3.54,0.01,42,14868,买盘
751,13:29:02,3.53,--,181,63893,卖盘
752,13:28:56,3.53,-0.01,28,9884,卖盘
753,13:28:49,3.54,0.01,34,12036,买盘
754,13:28:41,3.53,-0.01,29,10237,卖盘
755,13:28:36,3.54,--,72,25488,买盘
756,13:28:26,3.54,--,35,12390,买盘
757,13:28:16,3.54,0.01,1,354,买盘
758,13:28:11,3.53,--,30,10590,卖盘
759,13:28:07,3.53,--,142,50126,卖盘
760,13:27:56,3.53,-0.01,30,10590,卖盘
761,13:27:51,3.54,0.01,7,2478,买盘
762,13:27:41,3.53,-0.01,30,10590,卖盘
763,13:27:35,3.54,0.01,42,14868,买盘
764,13:27:26,3.53,--,29,10237,卖盘
765,13:27:10,3.53,-0.01,1028,362884,卖盘
766,13:27:05,3.54,0.01,62,21948,买盘
767,13:26:56,3.53,-0.01,30,10590,卖盘
768,13:26:50,3.54,0.01,14,4956,买盘
769,13:26:41,3.53,-0.01,29,10237,卖盘
770,13:26:35,3.54,0.01,42,14868,买盘
771,13:26:26,3.53,-0.01,30,10590,卖盘
772,13:26:20,3.54,0.01,112,39648,买盘
773,13:26:11,3.53,-0.01,30,10590,卖盘
774,13:26:05,3.54,0.01,300,106200,买盘
775,13:25:56,3.53,--,30,10590,卖盘
776,13:25:41,3.53,-0.01,31,10943,卖盘
777,13:25:35,3.54,--,172,60888,买盘
778,13:25:30,3.54,--,3379,1196166,卖盘
779,13:25:26,3.54,--,31,10974,卖盘
780,13:25:11,3.54,-0.01,28,9912,卖盘
781,13:25:05,3.55,0.01,66,23430,买盘
782,13:24:56,3.54,-0.01,6711,2375694,卖盘
783,13:24:50,3.55,0.01,32,11360,买盘
784,13:24:41,3.54,--,28,9912,卖盘
785,13:24:26,3.54,-0.01,41,14514,卖盘
786,13:24:16,3.55,0.01,52,18460,买盘
787,13:24:11,3.54,--,39,13806,卖盘
788,13:23:56,3.54,--,29,10266,卖盘
789,13:23:50,3.54,--,2,708,卖盘
790,13:23:46,3.54,--,1004,355416,卖盘
791,13:23:41,3.54,--,29,10266,卖盘
792,13:23:26,3.54,--,35,12390,卖盘
793,13:23:20,3.54,--,39,13806,卖盘
794,13:23:11,3.54,--,35,12390,卖盘
795,13:22:56,3.54,-0.01,35,12390,卖盘
796,13:22:50,3.55,0.01,67,23785,买盘
797,13:22:41,3.54,--,68,24072,卖盘
798,13:22:26,3.54,--,31,10974,卖盘
799,13:22:11,3.54,-0.01,29,10266,卖盘
800,13:22:05,3.55,0.01,81,28755,买盘
801,13:21:56,3.54,-0.01,28,9912,卖盘
802,13:21:50,3.55,0.01,1,355,买盘
803,13:21:41,3.54,--,29,10266,卖盘
804,13:21:35,3.54,--,100,35400,卖盘
805,13:21:26,3.54,--,29,10266,卖盘
806,13:21:10,3.54,-0.01,31,10974,卖盘
807,13:21:05,3.55,0.01,202,71710,买盘
808,13:21:00,3.54,--,1033,365682,卖盘
809,13:20:56,3.54,--,3105,1099170,卖盘
810,13:20:50,3.54,--,15,5310,卖盘
811,13:20:44,3.54,--,92,32568,卖盘
812,13:20:29,3.54,--,32,11328,卖盘
813,13:20:16,3.54,--,79,27966,卖盘
814,13:20:01,3.54,--,98,34692,卖盘
815,13:19:50,3.54,--,80,28320,卖盘
816,13:19:45,3.54,--,29,10266,卖盘
817,13:19:29,3.54,--,104,36816,卖盘
818,13:19:19,3.54,-0.01,10,3540,卖盘
819,13:19:14,3.55,--,170,60350,买盘
820,13:18:59,3.55,--,234,83070,买盘
821,13:18:50,3.55,--,78,27690,买盘
822,13:18:44,3.55,--,116,41180,买盘
823,13:18:35,3.55,0.01,1,355,买盘
824,13:18:29,3.54,--,30,10620,卖盘
825,13:18:14,3.54,--,79,27966,卖盘
826,13:17:59,3.54,-0.01,49,17346,卖盘
827,13:17:54,3.55,0.01,28,9940,买盘
828,13:17:44,3.54,--,81,28674,卖盘
829,13:17:29,3.54,--,39,13806,卖盘
830,13:17:14,3.54,--,30,10620,卖盘
831,13:16:59,3.54,--,29,10266,卖盘
832,13:16:54,3.54,--,36,12744,卖盘
833,13:16:50,3.54,-0.01,28,9912,卖盘
834,13:16:44,3.55,0.01,56,19880,买盘
835,13:16:38,3.54,--,160,56640,卖盘
836,13:16:29,3.54,--,39,13806,卖盘
837,13:16:23,3.54,-0.01,33,11682,卖盘
838,13:16:20,3.55,0.01,15,5325,买盘
839,13:16:14,3.54,--,62,21948,卖盘
840,13:16:08,3.54,--,29,10266,卖盘
841,13:15:59,3.54,--,29,10266,卖盘
842,13:15:54,3.54,--,10,3540,卖盘
843,13:15:44,3.54,--,29,10266,卖盘
844,13:15:37,3.54,--,29,10266,卖盘
845,13:15:28,3.54,--,30,10620,卖盘
846,13:15:23,3.54,--,10,3540,卖盘
847,13:15:13,3.54,--,29,10266,卖盘
848,13:15:08,3.54,--,30,10620,卖盘
849,13:14:59,3.54,--,30,10620,卖盘
850,13:14:50,3.54,--,10,3540,卖盘
851,13:14:44,3.54,--,29,10266,卖盘
852,13:14:38,3.54,--,68,24072,卖盘
853,13:14:29,3.54,--,30,10620,卖盘
854,13:14:25,3.54,--,101,35754,卖盘
855,13:14:14,3.54,--,28,9912,卖盘
856,13:14:05,3.54,--,441,156114,卖盘
857,13:13:59,3.54,-0.01,759,268686,卖盘
858,13:13:53,3.55,0.01,50,17750,买盘
859,13:13:44,3.54,--,29,10266,卖盘
860,13:13:29,3.54,-0.01,31,10974,卖盘
861,13:13:14,3.55,--,50,17750,买盘
862,13:13:10,3.55,0.01,1,355,买盘
863,13:12:59,3.54,--,40,14160,卖盘
864,13:12:44,3.54,-0.01,31,10974,卖盘
865,13:12:29,3.55,0.01,41,14555,买盘
866,13:12:14,3.54,--,39,13806,卖盘
867,13:12:02,3.54,--,28,9912,卖盘
868,13:11:59,3.54,--,31,10974,卖盘
869,13:11:44,3.54,--,29,10266,卖盘
870,13:11:34,3.54,--,168,59472,卖盘
871,13:11:29,3.54,--,30,10620,卖盘
872,13:11:17,3.54,--,156,55224,卖盘
873,13:11:14,3.54,--,30,10620,卖盘
874,13:10:59,3.54,--,31,10974,卖盘
875,13:10:53,3.54,--,7,2478,卖盘
876,13:10:43,3.54,--,29,10266,卖盘
877,13:10:38,3.54,--,2,708,卖盘
878,13:10:33,3.54,--,6,2124,卖盘
879,13:10:29,3.54,--,30,10620,卖盘
880,13:10:14,3.54,--,31,10974,卖盘
881,13:09:59,3.54,--,30,10620,卖盘
882,13:09:44,3.54,--,32,11328,卖盘
883,13:09:29,3.54,--,32,11328,卖盘
884,13:09:23,3.54,-0.01,31,10974,卖盘
885,13:09:18,3.55,0.01,10,3550,买盘
886,13:09:14,3.54,--,28,9912,卖盘
887,13:08:59,3.54,-0.01,131,46374,卖盘
888,13:08:53,3.55,0.01,20,7100,买盘
889,13:08:44,3.54,--,29,10266,卖盘
890,13:08:38,3.54,--,8,2832,卖盘
891,13:08:29,3.54,--,28,9912,卖盘
892,13:08:18,3.54,-0.01,35,12390,卖盘
893,13:08:14,3.55,0.01,32,11360,买盘
894,13:08:08,3.54,--,50,17700,卖盘
895,13:08:02,3.54,--,50,17700,卖盘
896,13:07:59,3.54,--,29,10266,卖盘
897,13:07:44,3.54,--,29,10266,卖盘
898,13:07:38,3.54,--,9,3186,卖盘
899,13:07:29,3.54,-0.01,39,13806,卖盘
900,13:07:18,3.55,0.01,37,13135,买盘
901,13:07:14,3.54,--,238,84252,卖盘
902,13:07:08,3.54,--,65,23010,卖盘
903,13:06:59,3.54,--,561,198594,卖盘
904,13:06:53,3.54,--,400,141600,卖盘
905,13:06:44,3.54,--,30,10620,卖盘
906,13:06:38,3.54,--,34,12036,卖盘
907,13:06:29,3.54,--,30,10620,卖盘
908,13:06:12,3.54,--,29,10266,卖盘
909,13:06:02,3.54,--,10,3540,卖盘
910,13:05:58,3.54,--,28,9912,卖盘
911,13:05:53,3.54,--,752,266208,卖盘
912,13:05:43,3.54,--,31,10974,卖盘
913,13:05:28,3.54,--,30,10620,卖盘
914,13:05:23,3.54,--,28,9912,卖盘
915,13:05:12,3.54,--,209,73986,卖盘
916,13:05:02,3.54,--,10,3540,卖盘
917,13:04:56,3.54,--,29,10266,卖盘
918,13:04:53,3.54,--,150,53100,卖盘
919,13:04:42,3.54,--,29,10266,卖盘
920,13:04:27,3.54,--,31,10974,卖盘
921,13:04:13,3.54,-0.01,30,10620,卖盘
922,13:04:03,3.55,0.01,2,710,买盘
923,13:03:57,3.54,--,30,10620,卖盘
924,13:03:42,3.54,-0.01,29,10266,卖盘
925,13:03:37,3.55,0.01,2,710,买盘
926,13:03:32,3.54,--,5,1770,卖盘
927,13:03:27,3.54,--,29,10266,卖盘
928,13:03:17,3.54,--,9,3186,卖盘
929,13:03:11,3.54,--,31,10974,卖盘
930,13:03:08,3.54,-0.01,2,708,卖盘
931,13:03:02,3.55,0.01,2,710,买盘
932,13:02:56,3.54,--,29,10266,卖盘
933,13:02:53,3.54,--,10,3540,卖盘
934,13:02:38,3.54,--,31,10974,卖盘
935,13:02:32,3.54,--,10,3540,卖盘
936,13:02:26,3.54,--,29,10266,卖盘
937,13:02:12,3.54,--,2,708,卖盘
938,13:02:08,3.54,--,30,10620,卖盘
939,13:01:53,3.54,--,30,10620,卖盘
940,13:01:41,3.54,--,2,708,卖盘
941,13:01:38,3.54,--,29,10266,卖盘
942,13:01:26,3.54,--,30,10620,卖盘
943,13:01:23,3.54,--,10,3540,卖盘
944,13:01:08,3.54,--,51,18054,卖盘
945,13:01:02,3.54,--,2,708,卖盘
946,13:00:53,3.54,--,79,27966,卖盘
947,13:00:41,3.54,--,28,9912,卖盘
948,13:00:26,3.54,--,31,10974,卖盘
949,13:00:16,3.54,--,10,3540,卖盘
950,13:00:07,3.54,--,255,90270,卖盘
951,13:00:02,3.54,--,1029,364266,卖盘
952,11:30:00,3.54,--,0,0,卖盘
953,11:30:00,3.54,--,0,0,卖盘
954,11:29:59,3.54,--,30,10620,卖盘
955,11:29:44,3.54,-0.01,28,9912,卖盘
956,11:29:37,3.55,0.01,6,2130,买盘
957,11:29:28,3.54,--,31,10974,卖盘
958,11:29:14,3.54,--,29,10266,卖盘
959,11:29:02,3.54,--,300,106200,卖盘
960,11:28:58,3.54,--,329,116466,卖盘
961,11:28:44,3.54,--,31,10974,卖盘
962,11:28:29,3.54,--,40,14160,卖盘
963,11:28:14,3.54,--,30,10620,卖盘
964,11:28:07,3.54,--,167,59118,卖盘
965,11:27:58,3.54,-0.01,41,14514,卖盘
966,11:27:53,3.55,0.01,290,102950,买盘
967,11:27:44,3.54,--,31,10974,卖盘
968,11:27:29,3.54,--,30,10620,卖盘
969,11:27:13,3.54,-0.01,30,10620,卖盘
970,11:27:07,3.55,0.01,1,355,买盘
971,11:27:02,3.54,-0.01,100,35400,卖盘
972,11:26:58,3.55,0.01,32,11360,买盘
973,11:26:53,3.54,--,227,80358,卖盘
974,11:26:43,3.54,--,30,10620,卖盘
975,11:26:31,3.54,--,30,10620,卖盘
976,11:26:23,3.54,--,30,10620,卖盘
977,11:26:08,3.54,--,29,10266,卖盘
978,11:25:58,3.54,--,38,13452,卖盘
979,11:25:52,3.54,-0.01,20,7080,卖盘
980,11:25:46,3.55,0.01,1,355,买盘
981,11:25:43,3.54,--,4,1416,卖盘
982,11:25:38,3.54,--,30,10620,卖盘
983,11:25:28,3.54,--,12,4248,卖盘
984,11:25:23,3.54,--,30,10620,卖盘
985,11:25:08,3.54,--,203,71862,卖盘
986,11:24:53,3.54,--,31,10974,卖盘
987,11:24:38,3.54,--,130,46020,卖盘
988,11:24:23,3.54,--,1034,366036,卖盘
989,11:24:07,3.54,--,30,10620,卖盘
990,11:23:53,3.54,--,29,10266,卖盘
991,11:23:47,3.54,--,2,708,卖盘
992,11:23:38,3.54,-0.01,37,13098,卖盘
993,11:23:26,3.55,0.01,116,41180,买盘
994,11:23:23,3.54,--,32,11328,卖盘
995,11:23:08,3.54,-0.01,30,10620,卖盘
996,11:22:55,3.55,0.01,200,71000,买盘
997,11:22:53,3.54,--,30,10620,卖盘
998,11:22:47,3.54,--,10,3540,卖盘
999,11:22:37,3.54,--,29,10266,卖盘
1000,11:22:23,3.54,--,235,83190,卖盘
1001,11:22:16,3.54,--,30,10620,卖盘
1002,11:22:07,3.54,--,2029,718266,卖盘
1003,11:22:02,3.54,--,100,35400,卖盘
1004,11:21:53,3.54,--,229,81066,卖盘
1005,11:21:37,3.54,--,30,10620,卖盘
1006,11:21:23,3.54,-0.01,35,12390,卖盘
1007,11:21:10,3.55,0.01,210,74550,买盘
1008,11:21:07,3.54,-0.01,31,10974,卖盘
1009,11:21:02,3.55,0.01,1,355,买盘
1010,11:20:53,3.54,--,30,10620,卖盘
1011,11:20:38,3.54,-0.01,29,10266,卖盘
1012,11:20:31,3.55,0.01,2000,710000,买盘
1013,11:20:25,3.54,--,2,708,卖盘
1014,11:20:23,3.54,-0.01,29,10266,卖盘
1015,11:20:17,3.55,0.01,200,71000,买盘
1016,11:20:11,3.54,--,40,14160,卖盘
1017,11:20:08,3.54,--,30,10620,卖盘
1018,11:19:52,3.54,--,30,10620,卖盘
1019,11:19:47,3.54,--,497,175938,卖盘
1020,11:19:38,3.54,--,82,29028,卖盘
1021,11:19:23,3.54,--,32,11328,卖盘
1022,11:19:07,3.54,-0.01,79,27966,卖盘
1023,11:18:56,3.55,0.01,200,71000,买盘
1024,11:18:53,3.54,--,30,10620,卖盘
1025,11:18:46,3.54,--,1,354,卖盘
1026,11:18:37,3.54,--,80,28320,卖盘
1027,11:18:31,3.54,--,1,354,卖盘
1028,11:18:22,3.54,-0.01,190,67260,卖盘
1029,11:18:17,3.55,0.01,2000,710000,买盘
1030,11:18:07,3.54,--,81,28674,卖盘
1031,11:17:52,3.54,--,31,10974,卖盘
1032,11:17:37,3.54,--,106,37524,卖盘
1033,11:17:22,3.54,--,80,28320,卖盘
1034,11:17:10,3.54,-0.01,2,708,卖盘
1035,11:17:07,3.55,0.01,91,32305,买盘
1036,11:17:02,3.54,--,14,4956,卖盘
1037,11:16:52,3.54,--,39,13806,卖盘
1038,11:16:37,3.54,--,79,27966,卖盘
1039,11:16:22,3.54,--,32,11328,卖盘
1040,11:16:16,3.54,--,10,3540,卖盘
1041,11:16:11,3.54,-0.01,30,10620,卖盘
1042,11:16:05,3.55,0.01,51,18105,买盘
1043,11:15:55,3.54,--,29,10266,卖盘
1044,11:15:40,3.54,-0.01,38,13452,卖盘
1045,11:15:34,3.55,0.01,50,17750,买盘
1046,11:15:25,3.54,-0.01,30,10620,卖盘
1047,11:15:10,3.55,--,81,28755,买盘
1048,11:15:04,3.55,0.01,50,17750,买盘
1049,11:14:56,3.54,--,40,14160,卖盘
1050,11:14:46,3.54,--,73,25842,卖盘
1051,11:14:40,3.54,-0.01,30,10620,卖盘
1052,11:14:34,3.55,0.01,51,18105,买盘
1053,11:14:32,3.54,--,181,64074,卖盘
1054,11:14:25,3.54,--,30,10620,卖盘
1055,11:14:11,3.54,-0.01,30,10620,卖盘
1056,11:14:05,3.55,0.01,51,18105,买盘
1057,11:14:01,3.54,--,1,354,卖盘
1058,11:13:56,3.54,--,30,10620,卖盘
1059,11:13:49,3.54,-0.01,200,70800,卖盘
1060,11:13:47,3.55,0.01,45,15975,买盘
1061,11:13:40,3.54,-0.01,29,10266,卖盘
1062,11:13:34,3.55,0.01,51,18105,买盘
1063,11:13:25,3.54,--,36,12744,卖盘
1064,11:13:11,3.54,-0.01,31,10974,卖盘
1065,11:13:04,3.55,--,50,17750,买盘
1066,11:13:01,3.55,0.01,2,710,买盘
1067,11:12:55,3.54,--,50,17700,卖盘
1068,11:12:41,3.54,-0.01,339,120006,卖盘
1069,11:12:34,3.55,--,51,18105,买盘
1070,11:12:25,3.55,0.01,808,286840,买盘
1071,11:12:10,3.54,-0.01,30,10620,卖盘
1072,11:12:04,3.55,0.01,50,17750,买盘
1073,11:11:55,3.54,--,59,20886,卖盘
1074,11:11:40,3.54,-0.01,30,10620,卖盘
1075,11:11:34,3.55,0.01,50,17750,买盘
1076,11:11:25,3.54,--,29,10266,卖盘
1077,11:11:20,3.54,--,30,10620,卖盘
1078,11:11:11,3.54,-0.01,29,10266,卖盘
1079,11:11:04,3.55,0.01,51,18105,买盘
1080,11:10:55,3.54,--,30,10620,卖盘
1081,11:10:40,3.54,-0.01,29,10266,卖盘
1082,11:10:34,3.55,0.01,50,17750,买盘
1083,11:10:31,3.54,--,50,17700,卖盘
1084,11:10:26,3.54,--,159,56286,卖盘
1085,11:10:10,3.54,-0.01,31,10974,卖盘
1086,11:10:04,3.55,0.01,50,17750,买盘
1087,11:10:01,3.54,--,4,1416,卖盘
1088,11:09:56,3.54,--,29,10266,卖盘
1089,11:09:46,3.54,--,0,0,中性盘
1090,11:09:40,3.54,--,105,37170,卖盘
1091,11:09:34,3.54,0.01,15,5310,买盘
1092,11:09:31,3.53,-0.01,1,353,卖盘
1093,11:09:25,3.54,--,14,4956,卖盘
1094,11:09:10,3.54,--,29,10266,卖盘
1095,11:09:05,3.54,--,8,2832,买盘
1096,11:09:01,3.54,0.01,2,708,买盘
1097,11:08:55,3.53,-0.01,30,10590,卖盘
1098,11:08:45,3.54,0.01,5,1770,买盘
1099,11:08:40,3.53,-0.01,29,10237,卖盘
1100,11:08:34,3.54,--,50,17700,买盘
1101,11:08:28,3.54,--,39,13806,卖盘
1102,11:08:25,3.54,--,68,24072,卖盘
1103,11:08:13,3.54,--,8,2832,卖盘
1104,11:08:11,3.54,-0.01,42,14868,卖盘
1105,11:08:04,3.55,0.01,50,17750,买盘
1106,11:07:55,3.54,--,29,10266,卖盘
1107,11:07:40,3.54,-0.01,31,10974,卖盘
1108,11:07:34,3.55,0.01,50,17750,买盘
1109,11:07:25,3.54,-0.01,29,10266,卖盘
1110,11:07:13,3.55,0.01,597,211935,买盘
1111,11:07:10,3.54,--,40,14160,买盘
1112,11:07:04,3.54,0.01,40,14160,买盘
1113,11:06:55,3.53,-0.01,83,29299,卖盘
1114,11:06:43,3.54,0.01,47,16638,买盘
1115,11:06:40,3.53,-0.01,39,13767,卖盘
1116,11:06:35,3.54,--,17,6018,买盘
1117,11:06:25,3.54,0.01,101,35754,买盘
1118,11:06:20,3.53,-0.01,51,18003,卖盘
1119,11:06:13,3.54,0.01,6,2124,买盘
1120,11:06:11,3.53,-0.01,29,10237,卖盘
1121,11:06:04,3.54,--,29,10266,买盘
1122,11:05:55,3.54,--,30,10620,买盘
1123,11:05:40,3.54,--,96,33984,买盘
1124,11:05:25,3.54,0.01,30,10620,买盘
1125,11:05:10,3.53,-0.01,29,10237,卖盘
1126,11:04:55,3.54,--,18,6372,买盘
1127,11:04:49,3.54,--,334,118236,卖盘
1128,11:04:40,3.54,--,30,10620,卖盘
1129,11:04:25,3.54,--,31,10974,卖盘
1130,11:04:19,3.54,--,79,27966,卖盘
1131,11:04:10,3.54,--,29,10266,卖盘
1132,11:03:58,3.54,0.01,50,17700,中性盘
1133,11:03:55,3.53,-0.01,30,10590,卖盘
1134,11:03:49,3.54,--,78,27665,买盘
1135,11:03:45,3.54,--,39,13997,卖盘
1136,11:03:41,3.54,--,39,13806,卖盘
1137,11:03:25,3.54,--,697,247067,买盘
1138,11:03:19,3.54,--,592,209759,卖盘
1139,11:03:13,3.54,--,63,22302,卖盘
1140,11:03:10,3.54,--,49,17346,卖盘
1141,11:03:04,3.54,--,5,1770,卖盘
1142,11:02:55,3.54,--,51,18054,卖盘
1143,11:02:40,3.54,-0.01,28,9912,卖盘
1144,11:02:34,3.55,0.01,56,19880,买盘
1145,11:02:25,3.54,--,31,10974,卖盘
1146,11:02:13,3.54,--,363,128502,卖盘
1147,11:02:10,3.54,--,30,10620,卖盘
1148,11:02:04,3.54,-0.01,10,3540,卖盘
1149,11:01:58,3.55,0.01,2,710,买盘
1150,11:01:55,3.54,--,29,10266,卖盘
1151,11:01:49,3.54,--,6,2124,卖盘
1152,11:01:40,3.54,--,36,12744,卖盘
1153,11:01:34,3.54,--,288,101952,卖盘
1154,11:01:28,3.54,--,1000,354000,卖盘
1155,11:01:25,3.54,-0.01,30,10620,卖盘
1156,11:01:13,3.55,0.01,1,355,买盘
1157,11:01:10,3.54,--,31,10974,卖盘
1158,11:00:54,3.54,--,29,10266,卖盘
1159,11:00:43,3.54,--,11,3894,卖盘
1160,11:00:38,3.54,--,29,10266,卖盘
1161,11:00:24,3.54,--,30,10620,卖盘
1162,11:00:13,3.54,--,480,169920,卖盘
1163,11:00:08,3.54,--,30,10620,卖盘
1164,11:00:04,3.54,--,11,3894,卖盘
1165,10:59:58,3.54,--,234,82874,卖盘
1166,10:59:53,3.54,--,31,10974,卖盘
1167,10:59:37,3.54,-0.01,31,10974,卖盘
1168,10:59:34,3.55,0.01,33,11715,买盘
1169,10:59:23,3.54,--,623,220542,卖盘
1170,10:59:19,3.54,--,14,4956,卖盘
1171,10:59:07,3.54,--,30,10620,卖盘
1172,10:59:04,3.54,--,411,145819,卖盘
1173,10:58:52,3.54,--,29,10266,卖盘
1174,10:58:38,3.54,--,31,10974,卖盘
1175,10:58:22,3.54,--,31,10974,卖盘
1176,10:58:10,3.54,--,28,9912,卖盘
1177,10:58:04,3.54,--,30,10620,卖盘
1178,10:57:58,3.54,--,1698,601194,卖盘
1179,10:57:52,3.54,--,29,10266,卖盘
1180,10:57:43,3.54,--,232,82450,卖盘
1181,10:57:37,3.54,-0.01,29,10266,卖盘
1182,10:57:28,3.55,0.01,61,21655,买盘
1183,10:57:22,3.54,--,30,10620,卖盘
1184,10:57:13,3.54,--,50,17700,卖盘
1185,10:57:07,3.54,--,30,10620,卖盘
1186,10:57:04,3.54,--,4,1416,卖盘
1187,10:56:52,3.54,--,30,10620,卖盘
1188,10:56:49,3.54,--,128,45312,卖盘
1189,10:56:43,3.54,--,32,11328,卖盘
1190,10:56:37,3.54,-0.01,30,10620,卖盘
1191,10:56:28,3.55,0.01,108,38340,买盘
1192,10:56:22,3.54,--,29,10266,卖盘
1193,10:56:08,3.54,-0.01,28,9912,卖盘
1194,10:55:58,3.55,0.01,1000,355000,买盘
1195,10:55:55,3.54,--,29,10266,卖盘
1196,10:55:43,3.54,--,553,195868,卖盘
1197,10:55:38,3.54,--,29,10266,卖盘
1198,10:55:24,3.54,--,31,10974,卖盘
1199,10:55:07,3.54,--,29,10266,卖盘
1200,10:54:58,3.54,--,366,129893,卖盘
1201,10:54:51,3.54,--,28,9912,卖盘
1202,10:54:49,3.54,--,2,708,卖盘
1203,10:54:37,3.54,--,31,10974,卖盘
1204,10:54:23,3.54,--,28,9912,卖盘
1205,10:54:19,3.54,--,80,28320,卖盘
1206,10:54:07,3.54,--,32,11328,卖盘
1207,10:53:58,3.54,--,800,283200,卖盘
1208,10:53:53,3.54,--,29,10266,卖盘
1209,10:53:49,3.54,--,200,70800,卖盘
1210,10:53:37,3.54,-0.01,30,10620,卖盘
1211,10:53:34,3.55,0.01,2,710,买盘
1212,10:53:28,3.54,--,13,4602,卖盘
1213,10:53:22,3.54,--,31,10974,卖盘
1214,10:53:13,3.54,--,304,107616,卖盘
1215,10:53:07,3.54,-0.01,32,11328,卖盘
1216,10:53:04,3.55,--,32,11360,买盘
1217,10:52:58,3.55,0.01,4,1420,买盘
1218,10:52:52,3.54,--,28,9912,卖盘
1219,10:52:43,3.54,--,8,2832,卖盘
1220,10:52:37,3.54,-0.01,309,109386,卖盘
1221,10:52:28,3.55,0.01,122,43310,买盘
1222,10:52:22,3.54,--,29,10266,卖盘
1223,10:52:13,3.54,--,4,1416,卖盘
1224,10:52:07,3.54,--,31,10974,卖盘
1225,10:52:04,3.54,--,11,3894,卖盘
1226,10:51:52,3.54,-0.01,31,10974,卖盘
1227,10:51:43,3.55,0.01,2,710,买盘
1228,10:51:37,3.54,--,30,10620,卖盘
1229,10:51:22,3.54,-0.01,30,10620,卖盘
1230,10:51:13,3.55,0.01,704,249920,买盘
1231,10:51:07,3.54,-0.01,30,10620,卖盘
1232,10:50:52,3.55,0.01,33,11715,买盘
1233,10:50:37,3.54,--,80,28320,卖盘
1234,10:50:22,3.54,--,39,13806,卖盘
1235,10:50:07,3.54,--,29,10266,卖盘
1236,10:50:01,3.54,--,1,354,卖盘
1237,10:49:52,3.54,--,30,10620,卖盘
1238,10:49:37,3.54,--,31,10974,卖盘
1239,10:49:22,3.54,-0.01,46,16284,卖盘
1240,10:49:16,3.55,0.01,21,7455,买盘
1241,10:49:07,3.54,--,30,10620,卖盘
1242,10:48:58,3.54,-0.01,71,25134,卖盘
1243,10:48:52,3.55,0.01,40,14200,买盘
1244,10:48:37,3.54,--,89,31506,卖盘
1245,10:48:22,3.54,--,28,9912,卖盘
1246,10:48:07,3.54,--,103,36462,卖盘
1247,10:47:52,3.54,--,29,10266,卖盘
1248,10:47:43,3.54,--,447,158238,卖盘
1249,10:47:37,3.54,--,97,34338,卖盘
1250,10:47:32,3.54,--,18,6372,卖盘
1251,10:47:28,3.54,--,18,6372,卖盘
1252,10:47:22,3.54,--,58,20532,卖盘
1253,10:47:16,3.54,--,36,12744,卖盘
1254,10:47:13,3.54,--,90,31860,卖盘
1255,10:47:07,3.54,--,48,16992,卖盘
1256,10:46:58,3.54,--,18,6372,卖盘
1257,10:46:52,3.54,-0.01,43,15222,卖盘
1258,10:46:43,3.55,0.01,60,21300,买盘
1259,10:46:37,3.54,--,75,26550,卖盘
1260,10:46:22,3.54,--,29,10266,卖盘
1261,10:46:07,3.54,--,76,26904,卖盘
1262,10:45:55,3.54,--,17,6018,卖盘
1263,10:45:52,3.54,--,28,9912,卖盘
1264,10:45:37,3.54,--,76,26904,卖盘
1265,10:45:22,3.54,--,1437,508698,卖盘
1266,10:45:07,3.54,--,76,26904,卖盘
1267,10:45:01,3.54,--,2,708,卖盘
1268,10:44:52,3.54,--,30,10620,卖盘
1269,10:44:37,3.54,--,74,26196,卖盘
1270,10:44:31,3.54,--,20,7080,卖盘
1271,10:44:27,3.54,--,500,177000,卖盘
1272,10:44:22,3.54,-0.01,29,10266,卖盘
1273,10:44:07,3.55,0.01,184,65320,买盘
1274,10:44:01,3.54,--,10,3540,卖盘
1275,10:43:52,3.54,--,128,45312,卖盘
1276,10:43:46,3.54,--,6,2124,卖盘
1277,10:43:42,3.54,--,60,21240,卖盘
1278,10:43:37,3.54,--,75,26550,卖盘
1279,10:43:22,3.54,--,29,10266,卖盘
1280,10:43:07,3.54,-0.01,74,26196,卖盘
1281,10:43:01,3.55,0.01,223,79165,买盘
1282,10:42:52,3.54,--,613,217002,卖盘
1283,10:42:46,3.54,--,60,21240,卖盘
1284,10:42:37,3.54,--,161,56994,卖盘
1285,10:42:31,3.54,--,5,1770,卖盘
1286,10:42:22,3.54,--,161,56994,卖盘
1287,10:42:16,3.54,--,9,3186,卖盘
1288,10:42:07,3.54,--,74,26196,卖盘
1289,10:41:55,3.54,-0.01,10,3540,卖盘
1290,10:41:52,3.55,--,45,15975,买盘
1291,10:41:46,3.55,0.01,7,2485,买盘
1292,10:41:37,3.54,--,75,26550,卖盘
1293,10:41:25,3.54,--,57,20178,卖盘
1294,10:41:22,3.54,--,30,10620,卖盘
1295,10:41:16,3.54,--,11,3894,卖盘
1296,10:41:07,3.54,-0.01,76,26904,卖盘
1297,10:41:01,3.55,0.01,2,710,买盘
1298,10:40:55,3.54,--,952,337008,卖盘
1299,10:40:52,3.54,--,29,10266,卖盘
1300,10:40:46,3.54,-0.01,49,17346,卖盘
1301,10:40:40,3.55,0.01,502,178210,买盘
1302,10:40:37,3.54,--,75,26550,卖盘
1303,10:40:31,3.54,--,33,11682,卖盘
1304,10:40:25,3.54,--,100,35400,卖盘
1305,10:40:22,3.54,--,29,10266,卖盘
1306,10:40:15,3.54,--,42,14868,卖盘
1307,10:40:10,3.54,--,4,1416,卖盘
1308,10:40:07,3.54,--,99,35046,卖盘
1309,10:40:01,3.54,--,30,10620,卖盘
1310,10:39:55,3.54,--,10,3540,卖盘
1311,10:39:52,3.54,--,508,179832,卖盘
1312,10:39:40,3.54,--,116,41064,卖盘
1313,10:39:37,3.54,-0.01,75,26550,卖盘
1314,10:39:31,3.55,0.01,20,7100,买盘
1315,10:39:25,3.54,--,29,10266,卖盘
1316,10:39:21,3.54,--,74,26196,卖盘
1317,10:39:10,3.54,-0.01,30,10620,卖盘
1318,10:39:07,3.55,--,45,15975,买盘
1319,10:38:55,3.55,0.01,39,13845,买盘
1320,10:38:40,3.54,-0.01,31,10974,卖盘
1321,10:38:36,3.55,0.01,45,15975,买盘
1322,10:38:25,3.54,--,30,10620,卖盘
1323,10:38:10,3.54,-0.01,101,35754,卖盘
1324,10:38:04,3.55,0.01,55,19525,买盘
1325,10:37:55,3.54,--,31,10974,卖盘
1326,10:37:40,3.54,-0.01,30,10620,卖盘
1327,10:37:37,3.55,0.01,44,15620,买盘
1328,10:37:25,3.54,--,30,10620,卖盘
1329,10:37:10,3.54,-0.01,39,13806,卖盘
1330,10:37:06,3.55,0.01,45,15975,买盘
1331,10:36:55,3.54,--,28,9912,卖盘
1332,10:36:46,3.54,--,10,3540,卖盘
1333,10:36:40,3.54,-0.01,31,10974,卖盘
1334,10:36:36,3.55,--,45,15975,买盘
1335,10:36:31,3.55,0.01,22,7810,买盘
1336,10:36:24,3.54,--,30,10620,卖盘
1337,10:36:10,3.54,-0.01,41,14514,卖盘
1338,10:36:07,3.55,0.01,45,15975,买盘
1339,10:35:55,3.54,--,39,13806,卖盘
1340,10:35:46,3.54,--,50,17700,卖盘
1341,10:35:40,3.54,-0.01,31,10974,卖盘
1342,10:35:37,3.55,0.01,125,44375,买盘
1343,10:35:25,3.54,-0.01,31,10974,卖盘
1344,10:35:10,3.55,--,137,48635,买盘
1345,10:35:06,3.55,0.01,45,15975,买盘
1346,10:34:55,3.54,--,28,9912,卖盘
1347,10:34:46,3.54,-0.01,92,32568,卖盘
1348,10:34:40,3.55,--,32,11360,买盘
1349,10:34:37,3.55,0.01,45,15975,买盘
1350,10:34:25,3.54,--,30,10620,卖盘
1351,10:34:16,3.54,-0.01,241,85314,卖盘
1352,10:34:10,3.55,--,282,100110,买盘
1353,10:34:04,3.55,0.01,45,15975,买盘
1354,10:33:55,3.54,--,50,17700,卖盘
1355,10:33:46,3.54,-0.01,385,136290,卖盘
1356,10:33:40,3.55,--,32,11360,买盘
1357,10:33:34,3.55,0.01,45,15975,买盘
1358,10:33:25,3.54,--,31,10974,卖盘
1359,10:33:10,3.54,-0.01,29,10266,卖盘
1360,10:33:04,3.55,--,44,15620,买盘
1361,10:33:01,3.55,0.01,234,83070,买盘
1362,10:32:55,3.54,-0.01,28,9912,卖盘
1363,10:32:46,3.55,0.01,54,19170,买盘
1364,10:32:40,3.54,--,431,152574,卖盘
1365,10:32:34,3.54,--,278,98412,卖盘
1366,10:32:25,3.54,-0.01,28,9912,卖盘
1367,10:32:14,3.55,0.01,230,81650,买盘
1368,10:32:10,3.54,-0.01,31,10974,卖盘
1369,10:32:04,3.55,0.01,53,18815,买盘
1370,10:32:01,3.54,--,300,106200,卖盘
1371,10:31:55,3.54,-0.01,47,16638,卖盘
1372,10:31:45,3.55,--,86,30530,买盘
1373,10:31:40,3.55,0.01,182,64610,买盘
1374,10:31:25,3.54,-0.01,29,10266,卖盘
1375,10:31:19,3.55,0.01,69,24495,买盘
1376,10:31:10,3.54,--,30,10620,卖盘
1377,10:30:55,3.54,--,41,14514,卖盘
1378,10:30:49,3.54,--,50,17700,卖盘
1379,10:30:40,3.54,-0.01,31,10974,卖盘
1380,10:30:30,3.55,0.01,86,30530,买盘
1381,10:30:25,3.54,--,30,10620,卖盘
1382,10:30:10,3.54,-0.01,30,10620,卖盘
1383,10:29:55,3.55,0.01,30,10650,买盘
1384,10:29:49,3.54,--,10,3540,卖盘
1385,10:29:40,3.54,--,188,66552,卖盘
1386,10:29:25,3.54,--,43,15222,卖盘
1387,10:29:10,3.54,--,29,10266,卖盘
1388,10:28:55,3.54,-0.01,29,10266,卖盘
1389,10:28:49,3.55,0.01,140,49700,买盘
1390,10:28:46,3.54,--,10,3540,卖盘
1391,10:28:40,3.54,--,109,38586,卖盘
1392,10:28:34,3.54,--,448,158592,卖盘
1393,10:28:25,3.54,--,28,9912,卖盘
1394,10:28:10,3.54,--,31,10974,卖盘
1395,10:27:55,3.54,-0.01,30,10620,卖盘
1396,10:27:49,3.55,0.01,5,1775,买盘
1397,10:27:40,3.54,--,32,11328,卖盘
1398,10:27:25,3.54,--,38,13452,卖盘
1399,10:27:09,3.54,--,100,35400,卖盘
1400,10:27:04,3.54,--,30,10620,卖盘
1401,10:26:55,3.54,--,41,14514,卖盘
1402,10:26:43,3.54,--,1240,438960,卖盘
1403,10:26:40,3.54,-0.01,32,11328,卖盘
1404,10:26:34,3.55,0.01,1,355,买盘
1405,10:26:25,3.54,--,40,14160,卖盘
1406,10:26:04,3.54,-0.01,34,12036,卖盘
1407,10:25:55,3.55,0.01,523,185665,买盘
1408,10:25:40,3.54,--,11,3894,卖盘
1409,10:25:34,3.54,-0.01,30,10620,卖盘
1410,10:25:25,3.55,0.01,31,11005,买盘
1411,10:25:13,3.54,-0.01,1,354,卖盘
1412,10:25:04,3.55,0.01,478,169690,买盘
1413,10:24:49,3.54,--,40,14160,卖盘
1414,10:24:43,3.54,--,158,55932,卖盘
1415,10:24:34,3.54,--,38,13452,卖盘
1416,10:24:19,3.54,-0.01,30,10620,卖盘
1417,10:24:13,3.55,0.01,180,63900,买盘
1418,10:24:09,3.54,--,1,354,卖盘
1419,10:24:04,3.54,--,30,10620,卖盘
1420,10:23:49,3.54,-0.01,60,21240,卖盘
1421,10:23:38,3.55,0.01,26,9230,买盘
1422,10:23:34,3.54,--,31,10974,卖盘
1423,10:23:19,3.54,--,28,9912,卖盘
1424,10:23:09,3.54,--,980,346920,卖盘
1425,10:23:04,3.54,--,84,29736,卖盘
1426,10:22:58,3.54,--,10,3540,卖盘
1427,10:22:53,3.54,--,20,7080,卖盘
1428,10:22:49,3.54,-0.01,56,19824,卖盘
1429,10:22:43,3.55,0.01,108,38340,买盘
1430,10:22:34,3.54,--,30,10620,卖盘
1431,10:22:28,3.54,--,507,179478,卖盘
1432,10:22:24,3.54,--,49,17346,卖盘
1433,10:22:19,3.54,--,36,12744,卖盘
1434,10:22:04,3.54,--,29,10266,卖盘
1435,10:21:57,3.54,--,12,4248,卖盘
1436,10:21:49,3.54,--,30,10620,卖盘
1437,10:21:43,3.54,--,14,4956,卖盘
1438,10:21:34,3.54,--,29,10266,卖盘
1439,10:21:19,3.54,--,28,9912,卖盘
1440,10:21:09,3.54,--,11,3894,卖盘
1441,10:21:04,3.54,--,52,18408,卖盘
1442,10:20:49,3.54,-0.01,29,10266,卖盘
1443,10:20:43,3.55,0.01,1,355,买盘
1444,10:20:40,3.54,--,10,3540,卖盘
1445,10:20:34,3.54,--,40,14160,卖盘
1446,10:20:19,3.54,--,29,10266,卖盘
1447,10:20:04,3.54,--,28,9912,卖盘
1448,10:19:49,3.54,--,31,10974,卖盘
1449,10:19:42,3.54,--,50,17700,卖盘
1450,10:19:34,3.54,--,31,10974,卖盘
1451,10:19:19,3.54,--,30,10620,卖盘
1452,10:19:04,3.54,--,30,10620,卖盘
1453,10:18:49,3.54,--,29,10266,卖盘
1454,10:18:43,3.54,--,17,6018,卖盘
1455,10:18:34,3.54,-0.01,246,87084,卖盘
1456,10:18:28,3.55,0.01,562,199510,买盘
1457,10:18:19,3.54,--,432,152928,卖盘
1458,10:18:07,3.54,--,29,10266,卖盘
1459,10:18:04,3.54,--,8,2832,卖盘
1460,10:17:51,3.54,--,29,10266,卖盘
1461,10:17:37,3.54,-0.01,29,10266,卖盘
1462,10:17:33,3.55,0.01,1070,379850,买盘
1463,10:17:22,3.54,--,34,12036,卖盘
1464,10:17:13,3.54,--,10,3540,卖盘
1465,10:17:07,3.54,--,40,14160,卖盘
1466,10:17:03,3.54,--,10,3540,卖盘
1467,10:16:52,3.54,--,29,10266,卖盘
1468,10:16:37,3.54,--,30,10620,卖盘
1469,10:16:28,3.54,--,79,27966,卖盘
1470,10:16:22,3.54,--,29,10266,卖盘
1471,10:16:16,3.54,--,1,354,卖盘
1472,10:16:07,3.54,--,28,9912,卖盘
1473,10:16:02,3.54,--,100,35400,卖盘
1474,10:15:58,3.54,--,16,5664,卖盘
1475,10:15:52,3.54,--,389,137706,卖盘
1476,10:15:43,3.54,--,1,354,卖盘
1477,10:15:37,3.54,--,106,37524,卖盘
1478,10:15:22,3.54,--,105,37170,卖盘
1479,10:15:18,3.54,--,42,14868,卖盘
1480,10:15:13,3.54,--,501,177354,卖盘
1481,10:15:07,3.54,--,30,10620,卖盘
1482,10:14:58,3.54,--,52,18408,卖盘
1483,10:14:52,3.54,--,29,10266,卖盘
1484,10:14:37,3.54,--,30,10620,卖盘
1485,10:14:22,3.54,--,29,10266,卖盘
1486,10:14:13,3.54,--,865,306210,卖盘
1487,10:14:07,3.54,--,40,14160,卖盘
1488,10:13:52,3.54,--,29,10266,卖盘
1489,10:13:48,3.54,--,50,17700,卖盘
1490,10:13:43,3.54,--,23,8142,卖盘
1491,10:13:37,3.54,--,30,10620,卖盘
1492,10:13:22,3.54,--,201,71154,卖盘
1493,10:13:13,3.54,--,1,354,卖盘
1494,10:13:07,3.54,--,29,10266,卖盘
1495,10:12:58,3.54,--,86,30444,卖盘
1496,10:12:52,3.54,--,30,10620,卖盘
1497,10:12:37,3.54,--,37,13098,卖盘
1498,10:12:22,3.54,--,30,10620,卖盘
1499,10:12:13,3.54,--,4,1416,卖盘
1500,10:12:07,3.54,-0.01,30,10620,卖盘
1501,10:12:01,3.55,0.01,20,7100,买盘
1502,10:11:52,3.54,-0.01,31,10974,卖盘
1503,10:11:42,3.55,0.01,186,66030,买盘
1504,10:11:37,3.54,--,85,30090,卖盘
1505,10:11:28,3.54,--,87,30798,卖盘
1506,10:11:22,3.54,--,31,10974,卖盘
1507,10:11:18,3.54,--,10,3540,卖盘
1508,10:11:07,3.54,--,31,10974,卖盘
1509,10:10:52,3.54,--,165,58410,卖盘
1510,10:10:37,3.54,--,38,13452,卖盘
1511,10:10:31,3.54,--,10,3540,卖盘
1512,10:10:27,3.54,--,130,46020,卖盘
1513,10:10:22,3.54,--,135,47790,卖盘
1514,10:10:16,3.54,--,163,57702,卖盘
1515,10:10:07,3.54,--,33,11682,卖盘
1516,10:09:52,3.54,-0.01,35,12390,卖盘
1517,10:09:46,3.55,--,90,31950,买盘
1518,10:09:37,3.55,0.01,67,23785,买盘
1519,10:09:31,3.54,--,2,708,卖盘
1520,10:09:22,3.54,--,31,10974,卖盘
1521,10:09:16,3.54,--,18,6372,卖盘
1522,10:09:07,3.54,--,87,30798,卖盘
1523,10:08:57,3.54,--,86,30444,卖盘
1524,10:08:52,3.54,--,31,10974,卖盘
1525,10:08:46,3.54,--,947,335238,卖盘
1526,10:08:40,3.54,--,56,19824,卖盘
1527,10:08:37,3.54,--,68,24072,卖盘
1528,10:08:27,3.54,--,10,3540,卖盘
1529,10:08:22,3.54,--,183,64782,卖盘
1530,10:08:07,3.54,--,653,231162,卖盘
1531,10:08:01,3.54,--,392,138768,卖盘
1532,10:07:52,3.54,-0.01,31,10974,卖盘
1533,10:07:46,3.55,--,4,1420,买盘
1534,10:07:37,3.55,0.01,118,41890,买盘
1535,10:07:31,3.54,--,2,708,卖盘
1536,10:07:22,3.54,-0.01,33,11682,卖盘
1537,10:07:07,3.55,0.01,66,23430,买盘
1538,10:06:52,3.54,--,39,13806,卖盘
1539,10:06:42,3.54,--,10,3540,卖盘
1540,10:06:37,3.54,--,116,41064,卖盘
1541,10:06:22,3.54,-0.01,50,17700,卖盘
1542,10:06:07,3.55,0.01,67,23785,买盘
1543,10:06:01,3.54,--,96,33984,卖盘
1544,10:05:52,3.54,--,170,60180,卖盘
1545,10:05:40,3.54,-0.01,5,1770,卖盘
1546,10:05:37,3.55,0.01,66,23430,买盘
1547,10:05:22,3.54,--,513,181602,卖盘
1548,10:05:16,3.54,-0.01,86,30444,卖盘
1549,10:05:07,3.55,0.01,67,23785,买盘
1550,10:05:01,3.54,--,86,30444,卖盘
1551,10:04:56,3.54,--,86,30444,卖盘
1552,10:04:52,3.54,--,85,30090,卖盘
1553,10:04:46,3.54,--,53,18762,卖盘
1554,10:04:42,3.54,--,11,3894,卖盘
1555,10:04:37,3.54,-0.01,530,187620,卖盘
1556,10:04:30,3.55,--,108,38340,买盘
1557,10:04:26,3.55,0.01,44,15620,买盘
1558,10:04:21,3.54,-0.01,58,20532,卖盘
1559,10:04:06,3.55,--,728,258440,买盘
1560,10:04:01,3.55,0.01,4,1420,买盘
1561,10:03:51,3.54,-0.01,28,9912,卖盘
1562,10:03:42,3.55,--,10,3550,买盘
1563,10:03:36,3.55,0.01,68,24140,买盘
1564,10:03:25,3.54,--,2,708,卖盘
1565,10:03:21,3.54,--,30,10620,卖盘
1566,10:03:16,3.54,--,4,1416,卖盘
1567,10:03:10,3.54,-0.01,2,708,卖盘
1568,10:03:06,3.55,0.01,118,41890,买盘
1569,10:03:01,3.54,--,5,1770,卖盘
1570,10:02:55,3.54,--,191,67614,卖盘
1571,10:02:51,3.54,-0.01,475,168150,卖盘
1572,10:02:36,3.55,--,66,23430,买盘
1573,10:02:31,3.55,0.01,23,8165,买盘
1574,10:02:25,3.54,--,19,6726,卖盘
1575,10:02:22,3.54,--,37,13098,卖盘
1576,10:02:16,3.54,-0.01,92,32568,卖盘
1577,10:02:06,3.55,0.01,66,23430,买盘
1578,10:01:51,3.54,-0.01,30,10620,卖盘
1579,10:01:36,3.55,--,66,23430,买盘
1580,10:01:31,3.55,0.01,1,355,买盘
1581,10:01:21,3.54,-0.01,532,188328,卖盘
1582,10:01:06,3.55,0.01,68,24140,买盘
1583,10:01:01,3.54,-0.01,25,8850,卖盘
1584,10:00:55,3.55,0.01,37,13135,买盘
1585,10:00:51,3.54,-0.01,29,10266,卖盘
1586,10:00:35,3.55,0.01,68,24140,买盘
1587,10:00:21,3.54,--,81,28674,卖盘
1588,10:00:10,3.54,--,41,14514,卖盘
1589,10:00:06,3.54,-0.01,30,10620,卖盘
1590,09:59:55,3.55,0.01,3,1065,买盘
1591,09:59:50,3.54,-0.01,30,10620,卖盘
1592,09:59:45,3.55,--,71,25205,买盘
1593,09:59:35,3.55,--,67,23785,买盘
1594,09:59:31,3.55,0.01,5,1775,买盘
1595,09:59:21,3.54,--,231,81774,卖盘
1596,09:59:16,3.54,-0.01,1,354,卖盘
1597,09:59:06,3.55,--,66,23430,买盘
1598,09:58:55,3.55,0.01,46,16330,买盘
1599,09:58:51,3.54,-0.01,28,9912,卖盘
1600,09:58:46,3.55,--,7,2485,买盘
1601,09:58:40,3.55,--,87,30885,买盘
1602,09:58:35,3.55,--,101,35855,买盘
1603,09:58:31,3.55,0.01,47,16685,买盘
1604,09:58:25,3.54,--,447,158238,卖盘
1605,09:58:21,3.54,-0.01,30,10620,卖盘
1606,09:58:06,3.55,0.01,68,24140,买盘
1607,09:57:51,3.54,--,116,41064,卖盘
1608,09:57:46,3.54,-0.01,20,7080,卖盘
1609,09:57:35,3.55,0.01,66,23430,买盘
1610,09:57:29,3.54,-0.01,6,2124,卖盘
1611,09:57:19,3.55,0.01,169,59995,买盘
1612,09:57:10,3.54,-0.01,30,10620,卖盘
1613,09:57:04,3.55,0.01,65,23075,买盘
1614,09:56:50,3.54,--,29,10266,卖盘
1615,09:56:45,3.54,--,2,708,卖盘
1616,09:56:40,3.54,-0.01,20,7080,卖盘
1617,09:56:36,3.55,--,185,65675,买盘
1618,09:56:25,3.55,0.01,40,14200,买盘
1619,09:56:20,3.54,-0.01,60,21240,卖盘
1620,09:56:15,3.55,--,19,6745,买盘
1621,09:56:05,3.55,0.01,182,64610,买盘
1622,09:56:00,3.54,--,20,7080,卖盘
1623,09:55:49,3.54,-0.01,35,12390,卖盘
1624,09:55:40,3.55,--,114,40470,买盘
1625,09:55:34,3.55,0.01,79,28045,买盘
1626,09:55:30,3.54,-0.01,101,35754,卖盘
1627,09:55:25,3.55,0.01,2,710,买盘
1628,09:55:19,3.54,--,30,10620,卖盘
1629,09:55:10,3.54,-0.01,82,29028,卖盘
1630,09:55:04,3.55,0.01,67,23785,买盘
1631,09:54:49,3.54,--,79,27966,卖盘
1632,09:54:40,3.54,-0.01,19,6726,卖盘
1633,09:54:34,3.55,0.01,66,23430,买盘
1634,09:54:30,3.54,--,86,30444,卖盘
1635,09:54:18,3.54,--,69,24426,卖盘
1636,09:54:15,3.54,--,36,12744,卖盘
1637,09:54:10,3.54,-0.01,244,86376,卖盘
1638,09:54:04,3.55,0.01,65,23075,买盘
1639,09:54:00,3.54,--,10,3540,卖盘
1640,09:53:55,3.54,--,1,354,卖盘
1641,09:53:49,3.54,--,303,107262,卖盘
1642,09:53:45,3.54,--,90,31860,卖盘
1643,09:53:40,3.54,--,945,334530,卖盘
1644,09:53:34,3.54,-0.01,29,10266,卖盘
1645,09:53:18,3.55,0.01,160,56800,买盘
1646,09:53:04,3.54,--,59,20886,卖盘
1647,09:52:49,3.54,--,30,10620,卖盘
1648,09:52:45,3.54,--,8,2832,卖盘
1649,09:52:40,3.54,--,101,35754,卖盘
1650,09:52:33,3.54,--,29,10266,卖盘
1651,09:52:25,3.54,--,50,17700,卖盘
1652,09:52:19,3.54,--,131,46374,卖盘
1653,09:52:10,3.54,--,10,3540,卖盘
1654,09:52:03,3.54,--,30,10620,卖盘
1655,09:51:55,3.54,--,26,9204,卖盘
1656,09:51:49,3.54,-0.01,40,14160,卖盘
1657,09:51:34,3.55,0.01,63,22365,买盘
1658,09:51:25,3.54,--,8,2832,卖盘
1659,09:51:19,3.54,--,496,175584,卖盘
1660,09:51:15,3.54,--,200,70800,卖盘
1661,09:51:10,3.54,-0.01,54,19116,卖盘
1662,09:51:04,3.55,0.01,75,26625,买盘
1663,09:50:55,3.54,--,238,84252,卖盘
1664,09:50:49,3.54,--,41,14514,卖盘
1665,09:50:45,3.54,--,46,16284,卖盘
1666,09:50:39,3.54,-0.01,364,128856,卖盘
1667,09:50:34,3.55,0.01,62,22010,买盘
1668,09:50:30,3.54,-0.01,2,708,卖盘
1669,09:50:24,3.55,0.01,89,31595,买盘
1670,09:50:18,3.54,--,126,44604,卖盘
1671,09:50:14,3.54,-0.01,7,2478,卖盘
1672,09:50:04,3.55,0.01,237,84135,买盘
1673,09:50:00,3.54,--,8,2832,卖盘
1674,09:49:49,3.54,--,59,20886,卖盘
1675,09:49:44,3.54,-0.01,10,3540,卖盘
1676,09:49:38,3.55,0.01,32,11360,买盘
1677,09:49:34,3.54,--,35,12390,卖盘
1678,09:49:19,3.54,--,30,10620,卖盘
1679,09:49:15,3.54,--,272,96288,卖盘
1680,09:49:08,3.54,-0.01,146,51684,卖盘
1681,09:49:04,3.55,0.01,229,81295,买盘
1682,09:49:00,3.54,--,3,1062,卖盘
1683,09:48:48,3.54,--,34,12036,卖盘
1684,09:48:43,3.54,-0.01,8,2832,卖盘
1685,09:48:39,3.55,0.01,33,11715,买盘
1686,09:48:33,3.54,-0.01,50,17700,卖盘
1687,09:48:29,3.55,0.01,780,276900,买盘
1688,09:48:19,3.54,-0.01,31,10974,卖盘
1689,09:48:04,3.55,--,63,22365,买盘
1690,09:47:58,3.55,0.01,160,56800,买盘
1691,09:47:48,3.54,--,29,10266,卖盘
1692,09:47:43,3.54,--,3,1062,卖盘
1693,09:47:39,3.54,-0.01,16,5664,卖盘
1694,09:47:34,3.55,--,262,93010,买盘
1695,09:47:28,3.55,0.01,15,5325,买盘
1696,09:47:19,3.54,--,29,10266,卖盘
1697,09:47:13,3.54,-0.01,46,16284,卖盘
1698,09:47:04,3.55,--,131,46505,买盘
1699,09:46:54,3.55,--,1,355,买盘
1700,09:46:49,3.55,--,31,11005,买盘
1701,09:46:42,3.55,--,18,6390,买盘
1702,09:46:34,3.55,0.01,75,26625,买盘
1703,09:46:28,3.54,--,50,17700,卖盘
1704,09:46:19,3.54,-0.01,80,28320,卖盘
1705,09:46:04,3.55,0.01,96,34080,买盘
1706,09:45:54,3.54,--,160,56640,卖盘
1707,09:45:49,3.54,--,31,10974,卖盘
1708,09:45:43,3.54,--,4,1416,卖盘
1709,09:45:39,3.54,-0.01,6,2124,卖盘
1710,09:45:34,3.55,0.01,62,22010,买盘
1711,09:45:27,3.54,--,10,3540,卖盘
1712,09:45:19,3.54,--,30,10620,卖盘
1713,09:45:08,3.54,-0.01,1,354,卖盘
1714,09:45:04,3.55,0.01,162,57510,买盘
1715,09:44:53,3.54,--,20,7080,卖盘
1716,09:44:49,3.54,--,148,52392,卖盘
1717,09:44:37,3.54,--,8,2832,卖盘
1718,09:44:34,3.54,--,31,10974,卖盘
1719,09:44:28,3.54,--,349,123546,买盘
1720,09:44:23,3.54,--,200,70800,买盘
1721,09:44:19,3.54,--,523,185142,买盘
1722,09:44:13,3.54,0.01,779,275766,买盘
1723,09:44:09,3.53,-0.01,497,175441,卖盘
1724,09:44:03,3.54,--,84,29736,买盘
1725,09:43:58,3.54,0.01,1303,461262,买盘
1726,09:43:53,3.53,-0.01,31,10943,卖盘
1727,09:43:48,3.54,0.01,2001,708354,买盘
1728,09:43:43,3.53,--,200,70600,卖盘
1729,09:43:39,3.53,--,1060,374180,卖盘
1730,09:43:28,3.53,-0.01,5,1765,卖盘
1731,09:43:22,3.54,--,131,46374,买盘
1732,09:43:12,3.54,--,5,1770,买盘
1733,09:43:09,3.54,0.01,68,24072,买盘
1734,09:42:53,3.53,--,29,10237,卖盘
1735,09:42:43,3.53,-0.01,331,116843,卖盘
1736,09:42:38,3.54,0.01,80,28320,买盘
1737,09:42:22,3.53,-0.01,81,28593,卖盘
1738,09:42:12,3.54,--,23,8142,买盘
1739,09:42:09,3.54,0.01,162,57348,买盘
1740,09:42:03,3.53,--,50,17650,卖盘
1741,09:41:58,3.53,-0.01,13,4589,卖盘
1742,09:41:53,3.54,0.01,138,48852,买盘
1743,09:41:47,3.53,--,1,353,卖盘
1744,09:41:43,3.53,-0.01,30,10590,卖盘
1745,09:41:38,3.54,0.01,1562,552948,买盘
1746,09:41:33,3.53,--,130,45890,卖盘
1747,09:41:28,3.53,--,44,15532,卖盘
1748,09:41:23,3.53,--,31,10943,卖盘
1749,09:41:08,3.53,--,58,20474,卖盘
1750,09:41:03,3.53,--,111,39183,卖盘
1751,09:40:58,3.53,--,318,112254,卖盘
1752,09:40:51,3.53,-0.01,330,116490,卖盘
1753,09:40:43,3.54,0.01,15,5310,买盘
1754,09:40:37,3.53,--,87,30711,卖盘
1755,09:40:28,3.53,--,10,3530,卖盘
1756,09:40:22,3.53,--,37,13061,卖盘
1757,09:40:18,3.53,-0.01,1,353,卖盘
1758,09:40:07,3.54,--,79,27966,买盘
1759,09:40:03,3.54,0.01,100,35400,买盘
1760,09:39:58,3.53,--,30,10590,卖盘
1761,09:39:52,3.53,--,509,179677,卖盘
1762,09:39:48,3.53,--,1,353,卖盘
1763,09:39:42,3.53,-0.01,10,3530,卖盘
1764,09:39:37,3.54,0.01,80,28320,买盘
1765,09:39:28,3.53,--,97,34241,卖盘
1766,09:39:22,3.53,-0.01,31,10943,卖盘
1767,09:39:18,3.54,0.01,106,37524,买盘
1768,09:39:13,3.53,-0.01,110,38904,卖盘
1769,09:39:07,3.54,0.01,113,40002,买盘
1770,09:38:52,3.53,--,41,14473,卖盘
1771,09:38:48,3.53,-0.01,1,353,卖盘
1772,09:38:43,3.54,0.01,46,16284,买盘
1773,09:38:37,3.53,-0.01,109,38477,卖盘
1774,09:38:28,3.54,0.01,1,354,买盘
1775,09:38:22,3.53,-0.01,29,10237,卖盘
1776,09:38:07,3.54,0.01,78,27612,买盘
1777,09:37:58,3.53,-0.01,19,6707,卖盘
1778,09:37:52,3.54,--,181,64074,买盘
1779,09:37:36,3.54,0.01,80,28320,买盘
1780,09:37:22,3.53,-0.01,31,10943,卖盘
1781,09:37:07,3.54,0.01,79,27966,买盘
1782,09:37:02,3.53,--,1,353,卖盘
1783,09:36:52,3.53,--,33,11649,卖盘
1784,09:36:47,3.53,--,1,353,卖盘
1785,09:36:37,3.53,--,107,37771,卖盘
1786,09:36:22,3.53,-0.01,158,55774,卖盘
1787,09:36:17,3.54,--,132,46728,买盘
1788,09:36:06,3.54,--,619,219126,卖盘
1789,09:36:02,3.54,--,300,106200,卖盘
1790,09:35:57,3.54,--,10,3540,卖盘
1791,09:35:51,3.54,--,29,10266,卖盘
1792,09:35:47,3.54,--,486,172044,卖盘
1793,09:35:42,3.54,--,161,56994,卖盘
1794,09:35:37,3.54,--,262,92748,卖盘
1795,09:35:22,3.54,--,400,141600,卖盘
1796,09:35:12,3.54,--,92,32568,卖盘
1797,09:35:07,3.54,--,213,75402,卖盘
1798,09:35:02,3.54,--,329,116466,卖盘
1799,09:34:57,3.54,--,30,10620,卖盘
1800,09:34:52,3.54,--,161,56994,卖盘
1801,09:34:47,3.54,--,388,137352,卖盘
1802,09:34:42,3.54,--,51,18054,卖盘
1803,09:34:37,3.54,--,379,134166,卖盘
1804,09:34:32,3.54,--,623,220542,卖盘
1805,09:34:27,3.54,--,327,115758,卖盘
1806,09:34:22,3.54,--,30,10620,卖盘
1807,09:34:17,3.54,--,228,80712,卖盘
1808,09:34:12,3.54,--,308,109032,卖盘
1809,09:34:07,3.54,-0.01,61,21594,卖盘
1810,09:34:00,3.55,0.01,1,355,买盘
1811,09:33:57,3.54,--,224,79296,卖盘
1812,09:33:52,3.54,--,30,10620,卖盘
1813,09:33:46,3.54,--,273,96642,卖盘
1814,09:33:37,3.54,-0.01,51,18054,卖盘
1815,09:33:30,3.55,0.01,23,8165,买盘
1816,09:33:27,3.54,--,10,3540,卖盘
1817,09:33:22,3.54,--,530,187620,卖盘
1818,09:33:12,3.54,--,274,96996,卖盘
1819,09:33:07,3.54,--,141,49914,卖盘
1820,09:33:01,3.54,--,201,71154,卖盘
1821,09:32:52,3.54,-0.01,277,98058,卖盘
1822,09:32:46,3.55,0.01,73,25915,买盘
1823,09:32:37,3.54,--,40,14160,卖盘
1824,09:32:22,3.54,--,517,183018,卖盘
1825,09:32:16,3.54,-0.01,993,351522,卖盘
1826,09:32:07,3.55,0.01,625,221875,买盘
1827,09:32:01,3.54,--,15,5310,卖盘
1828,09:31:56,3.54,--,110,38940,卖盘
1829,09:31:52,3.54,--,28,9912,卖盘
1830,09:31:46,3.54,--,524,185496,卖盘
1831,09:31:37,3.54,--,131,46374,卖盘
1832,09:31:31,3.54,--,3,1062,卖盘
1833,09:31:26,3.54,--,19,6726,卖盘
1834,09:31:20,3.54,--,29,10266,卖盘
1835,09:31:16,3.54,--,11,3894,卖盘
1836,09:31:05,3.54,--,29,10266,卖盘
1837,09:31:01,3.54,--,100,35400,卖盘
1838,09:30:50,3.54,-0.01,233,82482,卖盘
1839,09:30:46,3.55,0.01,531,188505,买盘
1840,09:30:41,3.54,--,2,708,卖盘
1841,09:30:36,3.54,--,30,10620,卖盘
1842,09:30:21,3.54,--,49,17346,卖盘
1843,09:30:06,3.54,-0.01,204,72216,卖盘
1844,09:28:47,3.55,--,0,0,买盘
1845,09:25:03,3.55,3.55,518,183890,买盘
