,time,price,change,volume,amount,type
0,15:00:00,28.73,-0.02,0,0,卖盘
1,15:00:00,28.75,0.01,27,77625,买盘
2,14:59:56,28.74,--,34,97716,卖盘
3,14:59:51,28.74,--,1,2874,卖盘
4,14:59:46,28.74,0.01,64,183936,中性盘
5,14:59:41,28.73,--,18,51714,卖盘
6,14:59:36,28.73,--,80,229840,卖盘
7,14:59:31,28.73,-0.02,94,270062,卖盘
8,14:59:26,28.75,0.02,5,14375,买盘
9,14:59:21,28.73,--,65,186745,卖盘
10,14:59:16,28.73,-0.02,223,640679,卖盘
11,14:59:11,28.75,0.02,42,120750,买盘
12,14:59:01,28.73,--,40,114920,卖盘
13,14:58:51,28.73,0.13,424,1219157,买盘
14,14:58:46,28.6,--,15,42900,买盘
15,14:58:40,28.6,-0.02,25,71500,卖盘
16,14:58:31,28.62,0.01,25,71550,买盘
17,14:58:25,28.61,--,8,22888,卖盘
18,14:58:20,28.61,--,3,8583,卖盘
19,14:58:16,28.61,0.01,4,11444,买盘
20,14:58:10,28.6,-0.01,60,171600,卖盘
21,14:58:05,28.61,0.01,25,71525,买盘
22,14:58:00,28.6,-0.01,1,2860,卖盘
23,14:57:55,28.61,--,11,31471,买盘
24,14:57:50,28.61,--,11,31471,买盘
25,14:57:45,28.61,--,13,37193,买盘
26,14:57:40,28.61,--,12,34332,买盘
27,14:57:35,28.61,0.01,15,42915,买盘
28,14:57:30,28.6,--,70,200200,卖盘
29,14:57:25,28.6,-0.01,30,85800,卖盘
30,14:57:20,28.61,--,5,14305,卖盘
31,14:57:05,28.61,--,2,5722,卖盘
32,14:56:55,28.61,--,3,8583,买盘
33,14:56:50,28.61,0.01,17,48637,买盘
34,14:56:45,28.6,--,5,14300,卖盘
35,14:56:40,28.6,--,20,57200,卖盘
36,14:56:35,28.6,--,7,20020,卖盘
37,14:56:24,28.6,0.01,10,28600,买盘
38,14:56:20,28.59,-0.01,17,48603,卖盘
39,14:56:15,28.6,--,5,14300,买盘
40,14:56:09,28.6,-0.01,3,8580,中性盘
41,14:56:05,28.61,0.02,4,11444,卖盘
42,14:55:55,28.59,-0.03,9,25731,卖盘
43,14:55:50,28.62,--,72,206064,买盘
44,14:55:39,28.62,0.02,2,5724,买盘
45,14:55:35,28.6,-0.02,24,68640,卖盘
46,14:55:30,28.62,--,1,2862,卖盘
47,14:55:24,28.62,0.01,4,11448,买盘
48,14:55:15,28.61,-0.01,17,48637,卖盘
49,14:55:10,28.62,0.01,45,128790,卖盘
50,14:55:05,28.61,--,0,0,卖盘
51,14:55:00,28.61,-0.01,11,31471,卖盘
52,14:54:54,28.62,--,3,8586,买盘
53,14:54:50,28.62,0.01,12,34344,买盘
54,14:54:45,28.61,--,3,8583,卖盘
55,14:54:39,28.61,--,12,34332,卖盘
56,14:54:35,28.61,0.03,31,88691,买盘
57,14:54:24,28.58,-0.02,11,31437,卖盘
58,14:54:20,28.6,--,13,37180,买盘
59,14:54:09,28.6,--,48,137280,卖盘
60,14:54:05,28.6,--,6,17160,卖盘
61,14:54:00,28.6,-0.02,17,48620,卖盘
62,14:53:54,28.62,0.02,42,120204,买盘
63,14:53:50,28.6,-0.01,96,274560,卖盘
64,14:53:39,28.61,-0.01,12,34332,卖盘
65,14:53:35,28.62,--,26,74412,卖盘
66,14:53:30,28.62,-0.01,2,5724,卖盘
67,14:53:09,28.63,--,7,22503,卖盘
68,14:53:05,28.63,--,15,42945,卖盘
69,14:53:00,28.63,--,11,31493,卖盘
70,14:52:54,28.63,-0.01,7,20041,卖盘
71,14:52:50,28.64,0.01,14,40096,买盘
72,14:52:39,28.63,-0.02,5,14315,卖盘
73,14:52:35,28.65,--,19,56497,卖盘
74,14:52:30,28.65,--,4,11460,卖盘
75,14:52:24,28.65,--,27,77355,卖盘
76,14:52:20,28.65,--,69,198487,买盘
77,14:52:15,28.65,0.01,11,31515,买盘
78,14:52:09,28.64,--,30,85920,买盘
79,14:52:05,28.64,-0.01,5,14320,卖盘
80,14:52:00,28.65,--,31,88815,买盘
81,14:51:54,28.65,--,10,28650,买盘
82,14:51:49,28.65,--,5,14325,买盘
83,14:51:39,28.65,-0.02,5,16617,卖盘
84,14:51:34,28.67,0.02,11,31537,买盘
85,14:51:24,28.65,--,0,0,卖盘
86,14:51:18,28.65,--,2,5730,卖盘
87,14:51:14,28.65,--,6,17190,卖盘
88,14:51:09,28.65,--,2,5730,卖盘
89,14:50:54,28.65,0.01,75,215448,买盘
90,14:50:48,28.64,-0.01,17,48688,卖盘
91,14:50:44,28.65,0.01,7,20055,买盘
92,14:50:39,28.64,--,3,8592,卖盘
93,14:50:33,28.64,--,36,103104,买盘
94,14:50:18,28.64,--,6,17184,买盘
95,14:50:14,28.64,-0.01,13,37232,卖盘
96,14:50:09,28.65,0.01,25,71625,买盘
97,14:50:03,28.64,-0.01,3,8592,卖盘
98,14:49:59,28.65,--,13,37245,买盘
99,14:49:48,28.65,0.01,38,108870,买盘
100,14:49:29,28.64,-0.01,24,68736,卖盘
101,14:49:18,28.65,0.01,31,88815,买盘
102,14:49:09,28.64,-0.01,3,8592,卖盘
103,14:49:03,28.65,--,5,14325,买盘
104,14:48:59,28.65,--,3,8595,买盘
105,14:48:54,28.65,--,16,45840,买盘
106,14:48:48,28.65,--,4,11460,买盘
107,14:48:39,28.65,--,4,11460,卖盘
108,14:48:33,28.65,--,7,20055,卖盘
109,14:48:29,28.65,--,2,5730,卖盘
110,14:48:24,28.65,--,2,5730,卖盘
111,14:48:18,28.65,--,0,0,卖盘
112,14:48:03,28.65,0.02,17,48705,卖盘
113,14:47:59,28.63,-0.01,80,229440,卖盘
114,14:47:54,28.64,--,1,2864,买盘
115,14:47:48,28.64,--,116,332224,卖盘
116,14:47:33,28.64,-0.01,7,20048,卖盘
117,14:47:29,28.65,-0.02,16,48303,卖盘
118,14:47:24,28.67,--,7,20069,卖盘
119,14:47:18,28.67,0.02,42,120414,买盘
120,14:46:59,28.65,0.02,1,3266,买盘
121,14:46:29,28.63,0.01,1,2863,卖盘
122,14:46:18,28.62,--,3,8586,买盘
123,14:46:14,28.62,0.01,4,11448,中性盘
124,14:46:08,28.61,-0.02,50,143050,卖盘
125,14:46:03,28.63,--,2,5726,买盘
126,14:45:48,28.63,--,0,0,买盘
127,14:45:44,28.63,0.01,23,65849,买盘
128,14:45:38,28.62,-0.01,1,2862,买盘
129,14:45:33,28.63,-0.02,23,68311,卖盘
130,14:45:23,28.65,--,11,31515,买盘
131,14:45:13,28.65,--,12,34380,卖盘
132,14:44:53,28.65,-0.01,26,74891,卖盘
133,14:44:48,28.66,--,1,2866,买盘
134,14:44:42,28.66,-0.01,11,31526,卖盘
135,14:44:23,28.67,--,3,8601,买盘
136,14:44:18,28.67,-0.01,1,2867,卖盘
137,14:44:08,28.68,--,6,17208,卖盘
138,14:43:53,28.68,-0.02,50,143400,卖盘
139,14:43:48,28.7,--,12,34440,买盘
140,14:43:42,28.7,--,18,51660,卖盘
141,14:43:33,28.7,--,30,86100,卖盘
142,14:43:27,28.7,-0.03,1,2870,卖盘
143,14:43:12,28.73,0.01,5,14365,买盘
144,14:43:08,28.72,-0.01,10,28720,卖盘
145,14:43:03,28.73,--,49,143448,卖盘
146,14:42:57,28.73,-0.01,130,373490,卖盘
147,14:42:53,28.74,--,18,51732,卖盘
148,14:42:48,28.74,--,20,57480,卖盘
149,14:42:42,28.74,-0.01,23,66102,卖盘
150,14:42:38,28.75,--,24,69000,卖盘
151,14:42:33,28.75,--,10,28750,卖盘
152,14:42:27,28.75,--,41,117875,卖盘
153,14:42:12,28.75,-0.01,25,71875,卖盘
154,14:41:57,28.76,-0.02,22,65745,卖盘
155,14:41:53,28.78,0.01,21,60438,买盘
156,14:41:48,28.77,-0.01,8,23016,卖盘
157,14:41:42,28.78,0.01,3,8634,买盘
158,14:41:38,28.77,--,7,20139,卖盘
159,14:41:33,28.77,-0.01,28,80556,卖盘
160,14:41:27,28.78,--,16,46048,买盘
161,14:41:23,28.78,0.01,207,595746,买盘
162,14:41:12,28.77,-0.01,2,5754,卖盘
163,14:41:08,28.78,-0.02,7,20146,卖盘
164,14:41:03,28.8,--,0,0,买盘
165,14:40:53,28.8,0.03,3,8640,买盘
166,14:40:48,28.77,--,0,0,卖盘
167,14:40:42,28.77,-0.03,72,207144,卖盘
168,14:40:37,28.8,0.01,9,25920,买盘
169,14:40:23,28.79,--,1,2879,卖盘
170,14:40:18,28.79,--,9,25911,卖盘
171,14:40:12,28.79,0.02,10,28790,买盘
172,14:40:08,28.77,-0.02,28,80556,卖盘
173,14:39:57,28.79,--,28,80612,买盘
174,14:39:53,28.79,--,0,0,买盘
175,14:39:38,28.79,0.02,2,5758,买盘
176,14:39:33,28.77,-0.02,10,28770,卖盘
177,14:39:22,28.79,0.02,3,8637,买盘
178,14:39:12,28.77,-0.01,11,32049,卖盘
179,14:39:02,28.78,0.01,2,5756,买盘
180,14:38:57,28.77,-0.01,59,169743,卖盘
181,14:38:51,28.78,--,24,69072,卖盘
182,14:38:27,28.78,--,88,253264,买盘
183,14:38:21,28.78,--,26,74828,买盘
184,14:38:12,28.78,--,15,43170,买盘
185,14:38:06,28.78,--,96,276288,卖盘
186,14:37:47,28.78,-0.01,8,23024,卖盘
187,14:37:42,28.79,--,13,37427,买盘
188,14:37:36,28.79,0.01,2,5758,买盘
189,14:37:27,28.78,--,10,28780,卖盘
190,14:37:21,28.78,--,16,46048,买盘
191,14:37:12,28.78,0.01,5,14390,买盘
192,14:37:02,28.77,--,0,0,中性盘
193,14:36:57,28.77,--,13,37401,买盘
194,14:36:51,28.77,0.01,2,5754,买盘
195,14:36:36,28.76,--,1,2876,卖盘
196,14:36:32,28.76,--,0,0,中性盘
197,14:36:21,28.76,--,2,5752,买盘
198,14:36:12,28.76,--,38,109288,卖盘
199,14:36:06,28.76,--,20,57520,卖盘
200,14:35:47,28.76,0.01,3,8628,卖盘
201,14:35:42,28.75,--,0,0,卖盘
202,14:35:36,28.75,-0.02,15,43125,卖盘
203,14:35:32,28.77,0.01,52,149604,买盘
204,14:35:17,28.76,0.01,63,181188,卖盘
205,14:35:01,28.75,-0.03,10,28750,卖盘
206,14:34:51,28.78,0.01,4,11512,买盘
207,14:34:46,28.77,-0.01,7,20139,卖盘
208,14:34:36,28.78,-0.01,1,2878,卖盘
209,14:34:17,28.79,-0.01,6,17274,卖盘
210,14:34:06,28.8,--,20,57600,买盘
211,14:33:56,28.8,--,16,46080,买盘
212,14:33:51,28.8,-0.01,33,95040,卖盘
213,14:33:47,28.81,0.01,2,5762,买盘
214,14:33:41,28.8,--,0,0,卖盘
215,14:33:36,28.8,--,50,144000,卖盘
216,14:33:32,28.8,-0.01,23,66240,卖盘
217,14:33:21,28.81,--,18,51858,买盘
218,14:33:17,28.81,-0.02,5,14405,卖盘
219,14:33:06,28.83,--,0,0,买盘
220,14:33:01,28.83,0.01,10,28830,买盘
221,14:32:56,28.82,--,5,14410,卖盘
222,14:32:51,28.82,--,16,46112,卖盘
223,14:32:46,28.82,-0.01,21,60522,卖盘
224,14:32:36,28.83,0.01,27,77841,买盘
225,14:32:30,28.82,--,21,60522,卖盘
226,14:32:26,28.82,--,2,5764,卖盘
227,14:32:15,28.82,--,7,20174,买盘
228,14:32:11,28.82,0.01,3,8646,卖盘
229,14:32:06,28.81,--,0,0,卖盘
230,14:32:00,28.81,--,21,60501,卖盘
231,14:31:56,28.81,-0.01,1,2881,卖盘
232,14:31:51,28.82,0.01,5,14410,买盘
233,14:31:45,28.81,--,16,46096,卖盘
234,14:31:41,28.81,--,1,2881,卖盘
235,14:31:36,28.81,--,7,20167,卖盘
236,14:31:30,28.81,--,4,11524,卖盘
237,14:31:26,28.81,--,1,2881,卖盘
238,14:31:21,28.81,--,2,5762,卖盘
239,14:31:15,28.81,0.01,40,115240,买盘
240,14:31:11,28.8,--,3,8640,卖盘
241,14:31:06,28.8,--,8,23040,卖盘
242,14:31:00,28.8,0.01,7,20160,买盘
243,14:30:45,28.79,-0.01,2,5758,中性盘
244,14:30:36,28.8,0.02,18,51840,买盘
245,14:30:26,28.78,--,1,2878,卖盘
246,14:30:11,28.78,--,39,112242,买盘
247,14:30:00,28.78,--,36,103608,买盘
248,14:29:45,28.78,-0.01,7,20146,买盘
249,14:29:40,28.79,0.03,3,8637,买盘
250,14:29:30,28.76,-0.02,14,40264,卖盘
251,14:29:21,28.78,--,10,28780,卖盘
252,14:29:15,28.78,0.03,8,23024,卖盘
253,14:29:10,28.75,--,14,40250,卖盘
254,14:29:06,28.75,-0.03,1,2875,卖盘
255,14:29:00,28.78,0.03,10,28780,买盘
256,14:28:45,28.75,--,7,20125,买盘
257,14:28:41,28.75,0.01,5,14375,买盘
258,14:28:36,28.74,-0.01,5,14370,卖盘
259,14:28:30,28.75,--,5,14375,买盘
260,14:28:25,28.75,--,3,8625,买盘
261,14:28:15,28.75,--,28,80500,卖盘
262,14:28:11,28.75,--,0,0,卖盘
263,14:28:05,28.75,-0.04,10,28750,卖盘
264,14:27:50,28.79,--,1,2879,买盘
265,14:27:45,28.79,-0.01,3,8637,卖盘
266,14:27:36,28.8,--,8,23040,卖盘
267,14:27:30,28.8,--,56,161280,卖盘
268,14:27:25,28.8,--,10,28800,卖盘
269,14:27:20,28.8,--,3,8640,卖盘
270,14:27:15,28.8,-0.02,6,17280,卖盘
271,14:27:10,28.82,0.01,58,167156,买盘
272,14:27:05,28.81,0.01,3,8643,买盘
273,14:27:00,28.8,-0.01,10,28800,卖盘
274,14:26:55,28.81,-0.01,3,8643,中性盘
275,14:26:50,28.82,0.03,60,172920,买盘
276,14:26:45,28.79,--,23,66217,卖盘
277,14:26:40,28.79,0.01,1,2879,卖盘
278,14:26:35,28.78,--,0,0,卖盘
279,14:26:30,28.78,--,5,14390,买盘
280,14:26:25,28.78,--,4,11512,买盘
281,14:26:15,28.78,--,1,2878,买盘
282,14:26:10,28.78,0.05,8,23024,买盘
283,14:26:05,28.73,--,0,0,卖盘
284,14:26:00,28.73,-0.02,20,57460,卖盘
285,14:25:55,28.75,--,11,31625,卖盘
286,14:25:45,28.75,--,0,0,卖盘
287,14:25:35,28.75,-0.06,30,86250,卖盘
288,14:25:30,28.81,--,0,0,中性盘
289,14:25:24,28.81,-0.01,31,89311,买盘
290,14:25:15,28.82,0.01,24,69168,买盘
291,14:25:09,28.81,--,10,28810,买盘
292,14:25:05,28.81,-0.01,39,112359,卖盘
293,14:25:00,28.82,-0.01,8,23056,买盘
294,14:24:54,28.83,0.02,3,8649,买盘
295,14:24:50,28.81,-0.01,55,158455,卖盘
296,14:24:45,28.82,-0.01,2,5764,卖盘
297,14:24:39,28.83,-0.01,7,20181,卖盘
298,14:24:35,28.84,0.01,7,20188,买盘
299,14:24:30,28.83,0.01,18,51894,买盘
300,14:24:24,28.82,-0.01,13,37466,买盘
301,14:24:20,28.83,0.01,24,69192,买盘
302,14:24:15,28.82,-0.01,15,43230,卖盘
303,14:24:09,28.83,-0.01,5,14415,中性盘
304,14:24:05,28.84,0.02,23,66332,买盘
305,14:24:00,28.82,--,3,8646,卖盘
306,14:23:54,28.82,-0.03,4,11528,卖盘
307,14:23:45,28.85,--,0,0,买盘
308,14:23:39,28.85,--,0,0,买盘
309,14:23:24,28.85,--,19,54815,卖盘
310,14:23:20,28.85,-0.01,16,46160,卖盘
311,14:23:15,28.86,0.01,52,150072,买盘
312,14:23:05,28.85,--,26,75010,卖盘
313,14:23:00,28.85,-0.01,29,83665,卖盘
314,14:22:54,28.86,--,5,14430,卖盘
315,14:22:50,28.86,--,3,8658,中性盘
316,14:22:45,28.86,--,5,14430,中性盘
317,14:22:39,28.86,-0.02,6,17316,中性盘
318,14:22:35,28.88,--,0,0,买盘
319,14:22:24,28.88,0.02,17,49096,买盘
320,14:22:20,28.86,-0.03,17,49062,卖盘
321,14:22:15,28.89,0.01,78,225342,买盘
322,14:22:09,28.88,-0.01,8,23104,卖盘
323,14:22:04,28.89,--,54,156006,卖盘
324,14:21:54,28.89,--,25,72225,买盘
325,14:21:50,28.89,--,28,80892,买盘
326,14:21:45,28.89,--,7,20223,买盘
327,14:21:39,28.89,-0.01,13,37557,中性盘
328,14:21:34,28.9,--,23,66470,买盘
329,14:21:30,28.9,0.03,18,52020,买盘
330,14:21:24,28.87,-0.01,26,75062,卖盘
331,14:21:19,28.88,-0.02,16,46208,卖盘
332,14:21:15,28.9,0.01,105,303450,买盘
333,14:21:09,28.89,0.04,188,543132,买盘
334,14:21:04,28.85,--,30,86550,买盘
335,14:21:00,28.85,0.05,3,8655,买盘
336,14:20:54,28.8,--,115,331200,卖盘
337,14:20:49,28.8,0.01,335,964800,买盘
338,14:20:44,28.79,--,1,2879,买盘
339,14:20:39,28.79,0.02,57,164103,买盘
340,14:20:35,28.77,0.02,69,198513,买盘
341,14:20:29,28.75,0.02,106,304750,买盘
342,14:20:24,28.73,0.02,312,896577,买盘
343,14:20:20,28.71,0.01,70,201458,买盘
344,14:20:14,28.7,--,30,86100,买盘
345,14:20:09,28.7,--,31,88970,买盘
346,14:20:05,28.7,0.01,21,60270,买盘
347,14:19:54,28.69,0.05,1,2869,买盘
348,14:19:44,28.64,--,0,0,卖盘
349,14:19:39,28.64,--,0,0,卖盘
350,14:19:29,28.64,-0.05,20,57280,卖盘
351,14:19:24,28.69,--,42,120498,买盘
352,14:19:19,28.69,0.05,59,169271,买盘
353,14:19:09,28.64,-0.01,5,14320,卖盘
354,14:18:48,28.65,0.01,10,28650,卖盘
355,14:18:09,28.64,--,0,0,卖盘
356,14:18:03,28.64,-0.02,15,42960,卖盘
357,14:17:54,28.66,-0.02,26,74516,卖盘
358,14:17:48,28.68,--,52,149136,卖盘
359,14:17:39,28.68,--,1,2868,卖盘
360,14:17:29,28.68,--,10,28680,卖盘
361,14:17:24,28.68,-0.02,10,28680,卖盘
362,14:17:18,28.7,0.01,9,25830,买盘
363,14:17:09,28.69,--,34,97546,卖盘
364,14:17:03,28.69,--,2,5738,卖盘
365,14:16:54,28.69,--,5,14345,卖盘
366,14:16:48,28.69,--,4,11476,卖盘
367,14:16:33,28.69,--,11,31559,买盘
368,14:16:29,28.69,0.01,43,123367,买盘
369,14:16:18,28.68,--,31,88908,卖盘
370,14:16:14,28.68,--,5,14340,卖盘
371,14:16:09,28.68,--,17,48756,买盘
372,14:15:59,28.68,--,8,22944,买盘
373,14:15:48,28.68,--,3,8604,卖盘
374,14:15:44,28.68,-0.01,6,17208,卖盘
375,14:15:39,28.69,0.01,17,48773,买盘
376,14:15:33,28.68,--,10,28680,卖盘
377,14:15:18,28.68,0.03,2,5736,卖盘
378,14:15:14,28.65,--,0,0,卖盘
379,14:15:03,28.65,0.01,19,54435,卖盘
380,14:14:48,28.64,--,0,0,卖盘
381,14:14:28,28.64,--,0,0,卖盘
382,14:14:13,28.64,-0.04,5,14320,中性盘
383,14:14:09,28.68,--,0,0,买盘
384,14:14:03,28.68,0.11,6,17208,买盘
385,14:13:54,28.57,--,0,0,卖盘
386,14:13:48,28.57,-0.11,20,57140,卖盘
387,14:13:43,28.68,0.02,11,31548,买盘
388,14:13:33,28.66,0.06,2,5732,买盘
389,14:13:23,28.6,--,0,0,卖盘
390,14:13:18,28.6,0.04,11,31460,买盘
391,14:13:13,28.56,--,1,2856,卖盘
392,14:13:03,28.56,-0.04,5,14280,卖盘
393,14:12:58,28.6,-0.03,9,25740,卖盘
394,14:12:53,28.63,--,5,14315,中性盘
395,14:12:48,28.63,-0.04,9,25767,卖盘
396,14:12:43,28.67,0.04,7,20069,买盘
397,14:12:38,28.63,-0.04,5,14315,卖盘
398,14:12:33,28.67,0.01,7,20069,买盘
399,14:12:28,28.66,-0.01,88,252208,卖盘
400,14:12:18,28.67,--,5,14335,卖盘
401,14:12:13,28.67,-0.01,2,5734,卖盘
402,14:12:08,28.68,0.01,8,22944,买盘
403,14:12:03,28.67,--,3,8601,卖盘
404,14:11:57,28.67,-0.01,5,14335,卖盘
405,14:11:48,28.68,0.01,4,11472,买盘
406,14:11:42,28.67,--,7,20069,卖盘
407,14:11:33,28.67,--,5,14335,卖盘
408,14:11:27,28.67,--,17,48739,卖盘
409,14:11:23,28.67,--,15,43005,卖盘
410,14:11:12,28.67,--,5,14335,卖盘
411,14:11:08,28.67,--,16,45872,卖盘
412,14:10:57,28.67,--,26,74542,卖盘
413,14:10:48,28.67,0.13,16,45872,买盘
414,14:10:38,28.54,-0.1,5,14270,卖盘
415,14:10:33,28.64,--,0,0,卖盘
416,14:10:27,28.64,--,10,28640,卖盘
417,14:10:17,28.64,--,5,14320,卖盘
418,14:10:03,28.64,--,5,14320,卖盘
419,14:09:57,28.64,0.04,7,20048,买盘
420,14:09:53,28.6,--,4,11440,卖盘
421,14:09:42,28.6,--,6,17160,卖盘
422,14:09:38,28.6,0.06,16,45760,买盘
423,14:09:33,28.54,-0.06,4,11416,卖盘
424,14:09:27,28.6,0.06,6,17160,买盘
425,14:09:23,28.54,-0.06,5,14270,卖盘
426,14:09:18,28.6,--,0,0,买盘
427,14:09:12,28.6,0.01,145,414700,买盘
428,14:08:57,28.59,0.06,46,131514,买盘
429,14:08:48,28.53,-0.01,5,14265,卖盘
430,14:08:42,28.54,--,3,8562,卖盘
431,14:08:38,28.54,--,5,14270,卖盘
432,14:08:27,28.54,-0.01,5,14270,卖盘
433,14:08:12,28.55,--,8,22840,卖盘
434,14:08:08,28.55,--,28,79940,卖盘
435,14:07:53,28.55,--,6,17130,卖盘
436,14:07:48,28.55,--,0,0,卖盘
437,14:07:42,28.55,-0.01,5,14275,卖盘
438,14:07:38,28.56,0.01,3,8568,买盘
439,14:07:33,28.55,-0.01,4,11420,卖盘
440,14:07:23,28.56,-0.03,7,19992,卖盘
441,14:07:12,28.59,0.03,1,2859,买盘
442,14:07:08,28.56,-0.01,60,171360,卖盘
443,14:06:57,28.57,0.01,8,22856,买盘
444,14:06:48,28.56,-0.01,5,14280,卖盘
445,14:06:38,28.57,--,6,17142,卖盘
446,14:06:27,28.57,-0.01,5,14285,卖盘
447,14:06:12,28.58,--,5,14290,卖盘
448,14:06:03,28.58,--,5,14290,卖盘
449,14:05:52,28.58,--,5,14290,卖盘
450,14:05:42,28.58,--,5,14290,卖盘
451,14:05:27,28.58,--,4,11432,卖盘
452,14:05:22,28.58,0.01,6,17148,卖盘
453,14:05:07,28.57,-0.01,5,14285,卖盘
454,14:04:57,28.58,--,4,11432,卖盘
455,14:04:47,28.58,--,5,14290,卖盘
456,14:04:36,28.58,--,19,54302,买盘
457,14:04:21,28.58,--,10,28580,买盘
458,14:04:12,28.58,-0.02,19,54302,卖盘
459,14:04:02,28.6,--,11,31460,买盘
460,14:03:51,28.6,--,15,42900,买盘
461,14:03:42,28.6,0.02,8,22880,买盘
462,14:03:27,28.58,--,5,14290,卖盘
463,14:03:17,28.58,--,8,22864,卖盘
464,14:03:12,28.58,--,1,2858,卖盘
465,14:03:06,28.58,-0.01,5,14290,卖盘
466,14:02:56,28.59,-0.01,5,14295,卖盘
467,14:02:47,28.6,--,14,40040,买盘
468,14:02:41,28.6,--,1,2860,买盘
469,14:02:36,28.6,--,79,225940,卖盘
470,14:02:21,28.6,--,5,14300,卖盘
471,14:02:17,28.6,--,0,0,卖盘
472,14:02:11,28.6,-0.01,6,17160,卖盘
473,14:02:06,28.61,0.01,7,20027,买盘
474,14:02:02,28.6,-0.01,5,14300,卖盘
475,14:01:51,28.61,0.01,6,17166,买盘
476,14:01:36,28.6,0.01,6,17160,卖盘
477,14:01:32,28.59,--,5,14295,卖盘
478,14:01:17,28.59,-0.02,5,14295,卖盘
479,14:01:11,28.61,0.02,1,2861,买盘
480,14:01:06,28.59,--,6,17154,卖盘
481,14:00:56,28.59,--,5,14295,卖盘
482,14:00:51,28.59,-0.02,2,5718,中性盘
483,14:00:47,28.61,0.03,15,42915,买盘
484,14:00:31,28.58,0.01,9,25722,中性盘
485,14:00:21,28.57,--,4,11428,卖盘
486,14:00:11,28.57,-0.01,5,14285,卖盘
487,14:00:06,28.58,--,1,2858,卖盘
488,14:00:02,28.58,-0.03,5,14290,卖盘
489,13:59:56,28.61,0.04,1,2861,买盘
490,13:59:51,28.57,--,0,0,卖盘
491,13:59:47,28.57,--,5,14285,卖盘
492,13:59:36,28.57,--,6,17142,卖盘
493,13:59:26,28.57,-0.04,5,14285,卖盘
494,13:59:21,28.61,0.01,5,14305,买盘
495,13:59:17,28.6,--,4,11440,卖盘
496,13:59:06,28.6,--,5,14300,卖盘
497,13:58:51,28.6,-0.01,8,22880,卖盘
498,13:58:46,28.61,--,6,17166,买盘
499,13:58:31,28.61,-0.03,3,8583,卖盘
500,13:58:26,28.64,--,12,34368,卖盘
501,13:58:21,28.64,--,16,45824,卖盘
502,13:58:06,28.64,--,15,42960,卖盘
503,13:58:01,28.64,--,5,14320,卖盘
504,13:57:51,28.64,0.04,2,5728,买盘
505,13:57:46,28.6,-0.03,7,20020,卖盘
506,13:57:36,28.63,-0.01,5,14315,卖盘
507,13:57:26,28.64,-0.01,3,8592,卖盘
508,13:57:21,28.65,--,30,85950,卖盘
509,13:57:15,28.65,-0.02,12,34380,卖盘
510,13:57:06,28.67,0.01,6,17202,买盘
511,13:56:51,28.66,--,5,14330,卖盘
512,13:56:45,28.66,0.01,2,5732,买盘
513,13:56:41,28.65,--,6,17190,卖盘
514,13:56:30,28.65,-0.01,7,20055,卖盘
515,13:56:21,28.66,--,5,14330,卖盘
516,13:56:06,28.66,--,5,14330,卖盘
517,13:55:56,28.66,--,5,14330,卖盘
518,13:55:45,28.66,--,9,25794,卖盘
519,13:55:41,28.66,--,1,2866,卖盘
520,13:55:35,28.66,--,6,17196,卖盘
521,13:55:26,28.66,--,4,11464,卖盘
522,13:55:15,28.66,--,46,131836,卖盘
523,13:55:00,28.66,--,5,14330,卖盘
524,13:54:56,28.66,-0.01,4,11464,卖盘
525,13:54:45,28.67,0.01,11,31537,买盘
526,13:54:41,28.66,-0.01,5,14330,卖盘
527,13:54:30,28.67,--,11,31537,卖盘
528,13:54:15,28.67,--,9,25803,卖盘
529,13:54:11,28.67,-0.01,6,17202,卖盘
530,13:54:05,28.68,--,3,8604,卖盘
531,13:53:56,28.68,0.02,4,11472,卖盘
532,13:53:50,28.66,--,0,0,卖盘
533,13:53:45,28.66,--,6,17196,卖盘
534,13:53:35,28.66,--,5,14330,卖盘
535,13:53:26,28.66,--,5,14330,卖盘
536,13:53:20,28.66,--,4,11464,卖盘
537,13:53:15,28.66,--,0,0,卖盘
538,13:53:11,28.66,--,4,11464,卖盘
539,13:53:00,28.66,-0.02,5,14330,卖盘
540,13:52:50,28.68,--,7,20076,卖盘
541,13:52:45,28.68,--,1,2868,卖盘
542,13:52:40,28.68,--,11,31548,卖盘
543,13:52:30,28.68,-0.02,6,17208,卖盘
544,13:52:15,28.7,--,21,60270,买盘
545,13:52:10,28.7,--,6,17220,买盘
546,13:52:00,28.7,0.04,10,28700,买盘
547,13:51:55,28.66,--,0,0,卖盘
548,13:51:40,28.66,--,0,0,卖盘
549,13:51:25,28.66,--,3,8598,买盘
550,13:51:20,28.66,--,20,57320,买盘
551,13:51:15,28.66,--,4,11464,买盘
552,13:51:00,28.66,--,0,0,买盘
553,13:50:55,28.66,--,10,28660,买盘
554,13:50:45,28.66,-0.04,8,22928,卖盘
555,13:50:39,28.7,0.04,2,5740,买盘
556,13:50:30,28.66,--,4,11464,买盘
557,13:50:24,28.66,--,20,57320,买盘
558,13:50:20,28.66,-0.04,7,20062,卖盘
559,13:50:09,28.7,0.04,5,14350,买盘
560,13:50:00,28.66,-0.04,1,2866,卖盘
561,13:49:54,28.7,--,29,85612,卖盘
562,13:49:50,28.7,--,1,2870,卖盘
563,13:49:39,28.7,0.04,37,106677,买盘
564,13:49:30,28.66,0.03,11,31526,买盘
565,13:49:20,28.63,--,3,8589,卖盘
566,13:49:09,28.63,--,2,5726,卖盘
567,13:49:05,28.63,--,5,14315,卖盘
568,13:48:59,28.63,--,1,2863,买盘
569,13:48:54,28.63,0.01,2,5726,买盘
570,13:48:50,28.62,-0.01,8,22896,卖盘
571,13:48:39,28.63,--,0,0,中性盘
572,13:48:34,28.63,0.03,19,54397,买盘
573,13:48:29,28.6,-0.01,9,25740,卖盘
574,13:48:24,28.61,-0.01,2,5722,卖盘
575,13:48:05,28.62,0.01,1,2862,买盘
576,13:47:20,28.61,0.01,3,8583,买盘
577,13:47:04,28.6,--,2,5720,卖盘
578,13:46:54,28.6,--,20,57200,卖盘
579,13:46:44,28.6,--,0,0,卖盘
580,13:46:20,28.6,-0.02,2,5720,卖盘
581,13:46:04,28.62,-0.01,4,11448,卖盘
582,13:45:54,28.63,0.01,2,5726,买盘
583,13:45:50,28.62,-0.01,23,65826,卖盘
584,13:45:39,28.63,0.01,2,5726,买盘
585,13:45:24,28.62,--,0,0,卖盘
586,13:45:19,28.62,-0.02,4,11448,卖盘
587,13:44:59,28.64,--,50,143200,卖盘
588,13:44:49,28.64,0.02,14,40096,卖盘
589,13:44:39,28.62,-0.02,8,22896,卖盘
590,13:44:29,28.64,--,10,28640,买盘
591,13:44:24,28.64,0.01,10,28640,买盘
592,13:44:19,28.63,-0.01,19,54397,卖盘
593,13:44:09,28.64,--,1,2864,卖盘
594,13:44:04,28.64,--,5,14320,卖盘
595,13:43:54,28.64,--,6,17184,卖盘
596,13:43:49,28.64,--,12,34368,卖盘
597,13:43:44,28.64,0.01,5,14320,卖盘
598,13:43:34,28.63,--,5,14315,卖盘
599,13:43:24,28.63,--,0,0,卖盘
600,13:43:19,28.63,--,16,45808,卖盘
601,13:43:14,28.63,--,0,0,卖盘
602,13:43:09,28.63,--,4,11452,卖盘
603,13:43:04,28.63,--,0,0,卖盘
604,13:42:59,28.63,-0.06,6,17178,卖盘
605,13:42:54,28.69,0.07,2,5738,买盘
606,13:42:48,28.62,-0.01,5,14310,卖盘
607,13:42:33,28.63,--,5,14315,卖盘
608,13:42:24,28.63,-0.06,5,14315,卖盘
609,13:42:18,28.69,0.07,6,17214,买盘
610,13:42:14,28.62,--,5,14310,卖盘
611,13:42:09,28.62,--,13,37206,卖盘
612,13:42:03,28.62,--,5,14310,卖盘
613,13:41:59,28.62,--,0,0,卖盘
614,13:41:48,28.62,-0.01,17,48654,卖盘
615,13:41:39,28.63,--,10,28630,卖盘
616,13:41:33,28.63,0.01,5,14315,买盘
617,13:41:29,28.62,--,5,14310,卖盘
618,13:41:18,28.62,--,5,14310,卖盘
619,13:41:14,28.62,--,10,28620,卖盘
620,13:41:03,28.62,--,15,42930,卖盘
621,13:40:58,28.62,--,5,14310,卖盘
622,13:40:48,28.62,--,5,14310,卖盘
623,13:40:33,28.62,-0.01,5,14310,卖盘
624,13:40:28,28.63,--,12,34356,卖盘
625,13:40:18,28.63,--,5,14315,买盘
626,13:40:13,28.63,-0.01,1,2863,卖盘
627,13:40:08,28.64,--,23,65872,卖盘
628,13:39:58,28.64,-0.01,10,28640,卖盘
629,13:39:48,28.65,--,5,14325,卖盘
630,13:39:43,28.65,--,5,14325,卖盘
631,13:39:38,28.65,-0.01,32,91680,卖盘
632,13:39:33,28.66,0.01,3,8598,买盘
633,13:39:28,28.65,--,5,14325,卖盘
634,13:39:23,28.65,--,40,114600,卖盘
635,13:39:18,28.65,--,34,97410,卖盘
636,13:39:13,28.65,--,5,14325,卖盘
637,13:39:08,28.65,--,0,0,卖盘
638,13:39:03,28.65,--,19,54435,卖盘
639,13:38:58,28.65,--,83,237795,卖盘
640,13:38:53,28.65,-0.03,5,14325,卖盘
641,13:38:48,28.68,0.03,42,120456,买盘
642,13:38:43,28.65,-0.01,5,14325,卖盘
643,13:38:28,28.66,-0.02,5,14330,卖盘
644,13:38:18,28.68,-0.01,19,54492,卖盘
645,13:38:13,28.69,--,0,0,卖盘
646,13:38:08,28.69,--,5,14345,卖盘
647,13:38:03,28.69,--,0,0,卖盘
648,13:37:58,28.69,--,55,157795,卖盘
649,13:37:53,28.69,-0.02,4,11476,卖盘
650,13:37:48,28.71,0.02,32,91872,买盘
651,13:37:43,28.69,-0.02,6,17214,卖盘
652,13:37:38,28.71,--,0,0,中性盘
653,13:37:33,28.71,0.01,35,100485,买盘
654,13:37:28,28.7,--,5,14350,买盘
655,13:37:23,28.7,--,16,45920,买盘
656,13:37:18,28.7,--,1,2870,买盘
657,13:37:13,28.7,-0.01,50,143500,卖盘
658,13:37:03,28.71,0.02,7,20097,买盘
659,13:36:58,28.69,-0.03,14,40166,卖盘
660,13:36:53,28.72,0.03,6,17232,买盘
661,13:36:48,28.69,-0.01,6,17214,卖盘
662,13:36:38,28.7,--,5,14350,卖盘
663,13:36:33,28.7,-0.02,5,14350,中性盘
664,13:36:28,28.72,--,61,175192,买盘
665,13:36:23,28.72,--,0,0,买盘
666,13:36:18,28.72,0.03,20,57440,买盘
667,13:36:13,28.69,--,5,14345,卖盘
668,13:36:03,28.69,-0.03,4,11476,卖盘
669,13:35:58,28.72,0.03,12,34464,买盘
670,13:35:53,28.69,-0.03,5,14345,卖盘
671,13:35:43,28.72,0.02,20,57440,买盘
672,13:35:33,28.7,--,6,17220,卖盘
673,13:35:28,28.7,0.01,8,22960,买盘
674,13:35:23,28.69,--,7,20083,卖盘
675,13:35:18,28.69,--,4,11476,卖盘
676,13:35:08,28.69,--,6,17214,卖盘
677,13:35:03,28.69,0.03,1,2869,买盘
678,13:34:58,28.66,-0.03,4,11464,卖盘
679,13:34:53,28.69,0.03,30,86070,买盘
680,13:34:42,28.66,-0.06,18,51588,卖盘
681,13:34:38,28.72,0.06,12,34464,买盘
682,13:34:33,28.66,-0.06,11,31526,卖盘
683,13:34:27,28.72,0.02,20,57440,买盘
684,13:34:23,28.7,0.01,24,68880,卖盘
685,13:34:12,28.69,-0.01,45,129105,卖盘
686,13:34:08,28.7,-0.02,4,11480,卖盘
687,13:34:03,28.72,0.02,2,5744,买盘
688,13:33:57,28.7,-0.02,7,20090,卖盘
689,13:33:53,28.72,0.02,15,43080,买盘
690,13:33:42,28.7,--,0,0,卖盘
691,13:33:38,28.7,--,4,11480,卖盘
692,13:33:32,28.7,--,5,14350,卖盘
693,13:33:27,28.7,--,28,80360,卖盘
694,13:33:23,28.7,--,0,0,中性盘
695,13:33:17,28.7,--,0,0,卖盘
696,13:33:12,28.7,--,40,114800,买盘
697,13:33:07,28.7,0.01,85,243950,买盘
698,13:32:57,28.69,0.01,20,57380,买盘
699,13:32:52,28.68,--,6,17208,卖盘
700,13:32:42,28.68,--,5,14340,卖盘
701,13:32:32,28.68,0.04,21,62923,买盘
702,13:32:27,28.64,-0.01,6,17184,卖盘
703,13:32:22,28.65,--,22,63201,卖盘
704,13:32:07,28.65,-0.01,5,14325,卖盘
705,13:32:02,28.66,0.01,14,40124,买盘
706,13:31:57,28.65,-0.01,5,14325,卖盘
707,13:31:52,28.66,--,0,0,中性盘
708,13:31:47,28.66,-0.03,5,14330,卖盘
709,13:31:42,28.69,0.03,1,2869,买盘
710,13:31:37,28.66,-0.03,5,14330,中性盘
711,13:31:27,28.69,0.04,26,74594,买盘
712,13:31:22,28.65,--,5,14325,卖盘
713,13:31:12,28.65,--,5,14325,卖盘
714,13:31:07,28.65,-0.02,24,68760,卖盘
715,13:31:02,28.67,--,5,14335,卖盘
716,13:30:57,28.67,0.02,11,31537,买盘
717,13:30:52,28.65,--,5,14325,卖盘
718,13:30:42,28.65,--,0,0,卖盘
719,13:30:37,28.65,-0.01,5,14325,卖盘
720,13:30:32,28.66,--,6,17196,卖盘
721,13:30:27,28.66,--,6,17196,卖盘
722,13:30:12,28.66,--,21,60186,卖盘
723,13:30:07,28.66,--,5,14330,卖盘
724,13:29:52,28.66,--,4,11464,卖盘
725,13:29:42,28.66,--,6,17196,卖盘
726,13:29:27,28.66,--,5,14330,卖盘
727,13:29:22,28.66,--,32,91712,卖盘
728,13:29:17,28.66,-0.02,5,14330,卖盘
729,13:29:12,28.68,--,3,8604,买盘
730,13:29:07,28.68,-0.01,6,17208,买盘
731,13:29:02,28.69,--,0,0,买盘
732,13:28:57,28.69,--,14,40166,买盘
733,13:28:52,28.69,--,2,5738,买盘
734,13:28:42,28.69,0.04,9,25821,买盘
735,13:28:37,28.65,--,0,0,卖盘
736,13:28:32,28.65,-0.01,6,17190,卖盘
737,13:28:27,28.66,0.01,4,14158,买盘
738,13:28:22,28.65,-0.01,5,14325,卖盘
739,13:28:12,28.66,0.01,10,28660,买盘
740,13:28:07,28.65,--,20,57300,卖盘
741,13:27:57,28.65,--,5,14325,卖盘
742,13:27:52,28.65,-0.01,5,14325,卖盘
743,13:27:47,28.66,--,4,11635,卖盘
744,13:27:37,28.66,-0.03,7,20062,卖盘
745,13:27:27,28.69,--,16,45904,卖盘
746,13:27:12,28.69,--,5,14345,卖盘
747,13:27:07,28.69,--,19,54511,买盘
748,13:26:57,28.69,0.01,5,14345,买盘
749,13:26:52,28.68,-0.01,10,28680,中性盘
750,13:26:47,28.69,0.03,1,2869,买盘
751,13:26:41,28.66,--,5,14330,卖盘
752,13:26:32,28.66,-0.03,6,17196,卖盘
753,13:26:21,28.69,0.03,26,74594,买盘
754,13:26:06,28.66,-0.04,4,11464,卖盘
755,13:26:02,28.7,0.04,5,14350,买盘
756,13:25:56,28.66,-0.02,5,14330,卖盘
757,13:25:47,28.68,--,7,20076,卖盘
758,13:25:31,28.68,--,46,131928,卖盘
759,13:25:26,28.68,--,6,17208,卖盘
760,13:25:21,28.68,--,14,40152,卖盘
761,13:25:11,28.68,--,5,14340,卖盘
762,13:25:06,28.68,--,16,45888,卖盘
763,13:25:02,28.68,-0.02,4,11472,卖盘
764,13:24:56,28.7,--,1,2870,卖盘
765,13:24:51,28.7,0.02,29,83230,买盘
766,13:24:47,28.68,--,5,14340,卖盘
767,13:24:36,28.68,-0.01,9,25812,卖盘
768,13:24:31,28.69,0.01,2,5738,买盘
769,13:24:26,28.68,--,5,14340,卖盘
770,13:24:21,28.68,--,2,5736,卖盘
771,13:24:16,28.68,-0.02,5,14340,卖盘
772,13:24:11,28.7,0.02,5,14350,买盘
773,13:24:06,28.68,--,5,14340,卖盘
774,13:24:01,28.68,-0.02,8,22944,卖盘
775,13:23:56,28.7,0.02,22,63140,买盘
776,13:23:51,28.68,-0.01,6,17208,卖盘
777,13:23:46,28.69,-0.01,16,45904,卖盘
778,13:23:41,28.7,--,26,74620,买盘
779,13:23:36,28.7,--,19,54530,买盘
780,13:23:31,28.7,--,8,22960,买盘
781,13:23:26,28.7,--,3,8610,卖盘
782,13:23:21,28.7,0.01,2,5740,中性盘
783,13:23:16,28.69,-0.01,11,31559,卖盘
784,13:23:11,28.7,0.01,39,111930,买盘
785,13:23:06,28.69,-0.01,48,137712,卖盘
786,13:23:01,28.7,0.01,14,40180,买盘
787,13:22:56,28.69,-0.02,5,14345,卖盘
788,13:22:51,28.71,0.01,19,54549,买盘
789,13:22:46,28.7,--,113,324310,卖盘
790,13:22:36,28.7,--,39,111930,卖盘
791,13:22:31,28.7,0.01,98,281260,买盘
792,13:22:21,28.69,--,71,203699,买盘
793,13:22:16,28.69,--,74,212306,卖盘
794,13:22:11,28.69,--,60,172140,卖盘
795,13:22:06,28.69,--,25,71725,卖盘
796,13:22:01,28.69,--,21,60249,买盘
797,13:21:50,28.69,0.01,13,37297,买盘
798,13:21:46,28.68,0.01,36,105943,买盘
799,13:21:41,28.67,0.01,6,17202,买盘
800,13:21:36,28.66,--,17,48722,买盘
801,13:21:31,28.66,0.04,23,65918,买盘
802,13:21:26,28.62,-0.02,7,20034,卖盘
803,13:21:21,28.64,--,7,20048,买盘
804,13:21:16,28.64,0.08,30,85920,中性盘
805,13:21:11,28.56,-0.05,178,509253,卖盘
806,13:21:06,28.61,-0.02,10,28610,卖盘
807,13:21:01,28.63,0.02,60,171780,买盘
808,13:20:56,28.61,--,26,74386,买盘
809,13:20:51,28.61,--,299,855439,买盘
810,13:20:46,28.61,0.02,20,57220,买盘
811,13:20:41,28.59,--,41,117219,卖盘
812,13:20:31,28.59,0.01,79,225861,买盘
813,13:20:26,28.58,--,5,14290,买盘
814,13:20:21,28.58,0.07,8,22864,买盘
815,13:20:06,28.51,0.01,8,22808,中性盘
816,13:19:56,28.5,--,5,14250,卖盘
817,13:19:46,28.5,--,79,225150,买盘
818,13:19:40,28.5,--,51,145350,买盘
819,13:19:36,28.5,0.01,10,28500,买盘
820,13:19:31,28.49,-0.01,35,99715,卖盘
821,13:19:25,28.5,0.01,8,22800,买盘
822,13:19:21,28.49,-0.01,13,37037,卖盘
823,13:19:16,28.5,--,106,302100,卖盘
824,13:19:11,28.5,-0.01,10,28500,卖盘
825,13:19:01,28.51,0.01,5,14255,卖盘
826,13:18:56,28.5,--,0,0,卖盘
827,13:18:50,28.5,--,4,11400,卖盘
828,13:18:41,28.5,0.01,28,79800,买盘
829,13:18:35,28.49,-0.01,65,185185,卖盘
830,13:18:31,28.5,0.01,55,156750,买盘
831,13:18:26,28.49,-0.01,5,14245,卖盘
832,13:18:20,28.5,--,3,8550,买盘
833,13:18:16,28.5,--,10,28500,买盘
834,13:18:11,28.5,0.01,5,14250,买盘
835,13:18:05,28.49,--,7,19943,卖盘
836,13:18:00,28.49,-0.01,2,5698,卖盘
837,13:17:56,28.5,--,45,128250,买盘
838,13:17:50,28.5,0.01,10,28500,买盘
839,13:17:41,28.49,--,5,14245,卖盘
840,13:17:30,28.49,--,5,14245,卖盘
841,13:17:26,28.49,0.03,5,14245,买盘
842,13:17:20,28.46,-0.01,5,14230,卖盘
843,13:17:11,28.47,--,5,14235,卖盘
844,13:17:00,28.47,-0.01,5,14235,卖盘
845,13:16:45,28.48,--,5,14240,卖盘
846,13:16:35,28.48,--,122,347456,卖盘
847,13:16:25,28.48,--,5,14240,卖盘
848,13:16:20,28.48,0.01,49,139552,买盘
849,13:16:15,28.47,--,5,14235,卖盘
850,13:16:00,28.47,--,5,14235,卖盘
851,13:15:55,28.47,0.01,9,25623,买盘
852,13:15:50,28.46,--,5,14230,卖盘
853,13:15:40,28.46,-0.01,8,22768,卖盘
854,13:15:35,28.47,--,3,8541,买盘
855,13:15:30,28.47,-0.01,11,31317,卖盘
856,13:15:20,28.48,0.01,1,2848,买盘
857,13:15:15,28.47,-0.01,15,42705,卖盘
858,13:15:10,28.48,--,0,0,中性盘
859,13:15:05,28.48,-0.01,4,11392,卖盘
860,13:15:00,28.49,--,57,162393,卖盘
861,13:14:55,28.49,0.01,80,227920,买盘
862,13:14:45,28.48,-0.01,5,14240,卖盘
863,13:14:40,28.49,--,17,48433,卖盘
864,13:14:30,28.49,0.01,5,14245,卖盘
865,13:14:25,28.48,--,0,0,卖盘
866,13:14:20,28.48,--,5,14240,卖盘
867,13:14:10,28.48,--,5,14240,卖盘
868,13:14:00,28.48,--,5,14240,卖盘
869,13:13:45,28.48,-0.02,5,14240,卖盘
870,13:13:40,28.5,0.02,6,17100,买盘
871,13:13:35,28.48,--,5,14240,卖盘
872,13:13:25,28.48,--,10,28480,卖盘
873,13:13:15,28.48,-0.02,5,14240,卖盘
874,13:13:10,28.5,0.02,4,11400,买盘
875,13:13:00,28.48,--,4,11392,卖盘
876,13:12:49,28.48,-0.02,6,17088,卖盘
877,13:12:45,28.5,0.02,11,31350,买盘
878,13:12:40,28.48,--,5,14240,卖盘
879,13:12:25,28.48,--,9,25632,卖盘
880,13:12:15,28.48,0.02,42,119616,买盘
881,13:12:04,28.46,0.01,12,34152,卖盘
882,13:12:00,28.45,--,0,0,卖盘
883,13:11:55,28.45,--,5,14225,卖盘
884,13:11:44,28.45,-0.03,5,14225,卖盘
885,13:11:40,28.48,0.03,5,14240,买盘
886,13:11:34,28.45,--,5,14225,卖盘
887,13:11:25,28.45,--,8,22760,卖盘
888,13:11:19,28.45,--,8,22760,卖盘
889,13:11:14,28.45,-0.03,5,14225,卖盘
890,13:11:04,28.48,0.03,7,19936,买盘
891,13:10:59,28.45,--,5,14225,卖盘
892,13:10:49,28.45,-0.03,5,14225,卖盘
893,13:10:44,28.48,--,5,14240,买盘
894,13:10:40,28.48,--,0,0,中性盘
895,13:10:34,28.48,-0.02,5,14240,卖盘
896,13:10:29,28.5,0.05,5,14250,买盘
897,13:10:25,28.45,-0.03,5,14225,卖盘
898,13:10:14,28.48,-0.02,10,28480,卖盘
899,13:10:10,28.5,--,14,39900,买盘
900,13:10:04,28.5,--,35,99750,买盘
901,13:09:59,28.5,--,7,19950,买盘
902,13:09:54,28.5,0.02,3,8550,买盘
903,13:09:49,28.48,-0.02,55,156640,卖盘
904,13:09:44,28.5,--,7,19950,买盘
905,13:09:39,28.5,--,13,37050,买盘
906,13:09:29,28.5,--,20,57000,买盘
907,13:09:24,28.5,--,62,176700,卖盘
908,13:09:19,28.5,-0.1,6,17100,卖盘
909,13:09:14,28.6,--,0,0,买盘
910,13:09:09,28.6,0.1,1,2860,买盘
911,13:09:04,28.5,--,5,14250,卖盘
912,13:08:59,28.5,0.03,31,88350,买盘
913,13:08:54,28.47,-0.03,105,298935,卖盘
914,13:08:49,28.5,0.03,50,142500,买盘
915,13:08:44,28.47,-0.03,105,298935,卖盘
916,13:08:39,28.5,--,40,114000,买盘
917,13:08:34,28.5,0.05,45,128250,买盘
918,13:08:24,28.45,--,3,8535,卖盘
919,13:08:19,28.45,0.02,14,39830,买盘
920,13:08:09,28.43,--,12,34116,买盘
921,13:07:59,28.43,-0.02,22,62546,卖盘
922,13:07:54,28.45,0.02,2,5690,买盘
923,13:07:49,28.43,--,39,110877,买盘
924,13:07:39,28.43,0.01,13,36959,买盘
925,13:07:34,28.42,--,3,8526,买盘
926,13:07:24,28.42,--,11,31262,买盘
927,13:07:19,28.42,--,7,19894,卖盘
928,13:07:14,28.42,-0.01,5,14210,卖盘
929,13:07:04,28.43,--,2,5686,买盘
930,13:06:59,28.43,-0.02,44,125092,卖盘
931,13:06:49,28.45,0.02,7,19915,买盘
932,13:06:39,28.43,0.01,10,28430,买盘
933,13:06:34,28.42,--,0,0,卖盘
934,13:06:29,28.42,-0.01,5,14210,卖盘
935,13:06:24,28.43,--,12,34116,卖盘
936,13:06:19,28.43,-0.02,8,22744,卖盘
937,13:06:14,28.45,--,3,8535,卖盘
938,13:06:04,28.45,-0.04,5,14225,卖盘
939,13:05:54,28.49,0.04,10,28490,买盘
940,13:05:43,28.45,--,5,14225,卖盘
941,13:05:34,28.45,--,15,42675,卖盘
942,13:05:19,28.45,--,5,14225,卖盘
943,13:05:09,28.45,-0.01,5,14225,卖盘
944,13:04:58,28.46,--,5,14230,卖盘
945,13:04:49,28.46,--,5,14230,卖盘
946,13:04:38,28.46,--,5,14230,卖盘
947,13:04:28,28.46,--,5,14230,卖盘
948,13:04:13,28.46,0.02,5,14230,卖盘
949,13:04:04,28.44,-0.01,15,42660,卖盘
950,13:03:58,28.45,-0.05,1,2845,卖盘
951,13:03:53,28.5,--,7,19950,买盘
952,13:03:48,28.5,0.05,2,5700,买盘
953,13:03:43,28.45,-0.05,5,14225,卖盘
954,13:03:33,28.5,0.05,7,19950,买盘
955,13:03:28,28.45,--,17,48365,卖盘
956,13:03:18,28.45,--,5,14225,卖盘
957,13:03:08,28.45,-0.05,5,14225,卖盘
958,13:03:03,28.5,0.04,3,8550,买盘
959,13:02:58,28.46,0.01,5,14230,卖盘
960,13:02:53,28.45,--,0,0,卖盘
961,13:02:43,28.45,--,5,14225,卖盘
962,13:02:33,28.45,-0.01,5,14225,卖盘
963,13:02:28,28.46,--,5,14230,卖盘
964,13:02:23,28.46,0.01,5,14230,卖盘
965,13:02:18,28.45,--,0,0,卖盘
966,13:02:13,28.45,--,4,11380,卖盘
967,13:02:03,28.45,-0.03,5,14225,卖盘
968,13:01:48,28.48,0.02,4,11392,卖盘
969,13:01:43,28.46,--,0,0,中性盘
970,13:01:38,28.46,0.01,5,14230,卖盘
971,13:01:28,28.45,-0.05,5,14225,卖盘
972,13:01:18,28.5,--,8,22800,买盘
973,13:01:13,28.5,--,0,0,买盘
974,13:01:03,28.5,0.03,6,17100,买盘
975,13:00:53,28.47,-0.03,5,14235,卖盘
976,13:00:43,28.5,--,10,28500,买盘
977,13:00:32,28.5,0.03,8,22800,买盘
978,13:00:18,28.47,-0.01,5,14235,卖盘
979,13:00:08,28.48,--,1,2848,买盘
980,13:00:03,28.48,--,50,142400,卖盘
981,11:30:00,28.48,--,0,0,卖盘
982,11:30:00,28.48,--,0,0,卖盘
983,11:29:59,28.48,0.01,7,19936,买盘
984,11:29:44,28.47,0.01,5,14235,中性盘
985,11:29:38,28.46,--,18,51228,卖盘
986,11:29:34,28.46,-0.01,7,19922,卖盘
987,11:29:29,28.47,0.01,7,19929,买盘
988,11:29:23,28.46,-0.01,7,19922,卖盘
989,11:29:14,28.47,--,16,45552,买盘
990,11:29:08,28.47,--,5,14235,买盘
991,11:29:04,28.47,--,5,14235,买盘
992,11:28:59,28.47,-0.01,26,74022,卖盘
993,11:28:53,28.48,--,15,42720,买盘
994,11:28:44,28.48,--,21,59808,买盘
995,11:28:38,28.48,--,24,68352,卖盘
996,11:28:29,28.48,--,5,14240,卖盘
997,11:28:19,28.48,--,13,37024,卖盘
998,11:28:14,28.48,-0.01,30,85440,卖盘
999,11:28:08,28.49,-0.01,5,14245,卖盘
1000,11:28:04,28.5,0.01,2,5700,买盘
1001,11:27:59,28.49,-0.01,1,2849,中性盘
1002,11:27:53,28.5,0.02,18,51300,买盘
1003,11:27:44,28.48,-0.02,5,14240,卖盘
1004,11:27:38,28.5,--,0,0,买盘
1005,11:27:34,28.5,--,11,31350,买盘
1006,11:27:23,28.5,--,7,19950,买盘
1007,11:27:19,28.5,--,258,735300,卖盘
1008,11:27:08,28.5,--,5,14250,卖盘
1009,11:27:04,28.5,-0.04,123,350550,卖盘
1010,11:26:59,28.54,-0.01,6,17124,卖盘
1011,11:26:49,28.55,-0.02,155,442525,卖盘
1012,11:26:38,28.57,-0.01,5,14285,卖盘
1013,11:26:34,28.58,0.01,3,8574,中性盘
1014,11:26:23,28.57,--,7,19999,卖盘
1015,11:26:19,28.57,-0.01,5,14285,卖盘
1016,11:26:08,28.58,--,0,0,中性盘
1017,11:26:04,28.58,--,9,25722,买盘
1018,11:25:53,28.58,--,5,14290,买盘
1019,11:25:49,28.58,-0.03,22,62875,卖盘
1020,11:25:38,28.61,0.03,4,11444,中性盘
1021,11:25:34,28.58,--,6,17148,卖盘
1022,11:25:23,28.58,--,2,5716,卖盘
1023,11:25:19,28.58,--,5,14290,卖盘
1024,11:25:08,28.58,-0.03,5,14290,卖盘
1025,11:25:04,28.61,0.03,5,14305,买盘
1026,11:24:59,28.58,--,5,14290,卖盘
1027,11:24:47,28.58,--,5,14290,卖盘
1028,11:24:38,28.58,--,0,0,卖盘
1029,11:24:32,28.58,-0.03,5,14290,卖盘
1030,11:24:23,28.61,--,10,28610,卖盘
1031,11:24:14,28.61,-0.01,4,11444,卖盘
1032,11:24:02,28.62,0.01,8,22896,买盘
1033,11:23:47,28.61,0.03,36,102996,中性盘
1034,11:23:38,28.58,-0.04,4,11432,卖盘
1035,11:23:32,28.62,0.04,3,8586,买盘
1036,11:23:28,28.58,-0.03,5,14290,卖盘
1037,11:23:23,28.61,0.03,4,11444,买盘
1038,11:23:17,28.58,-0.02,5,14290,卖盘
1039,11:23:02,28.6,--,13,37180,买盘
1040,11:22:53,28.6,--,6,17160,买盘
1041,11:22:47,28.6,0.02,1,2860,买盘
1042,11:22:43,28.58,-0.01,5,14290,卖盘
1043,11:22:32,28.59,-0.01,13,37167,卖盘
1044,11:22:23,28.6,--,4,11440,卖盘
1045,11:22:17,28.6,-0.02,25,71500,卖盘
1046,11:22:02,28.62,-0.01,111,317682,卖盘
1047,11:21:58,28.63,--,5,14315,卖盘
1048,11:21:47,28.63,--,10,28630,卖盘
1049,11:21:32,28.63,--,5,14315,卖盘
1050,11:21:28,28.63,--,10,28630,卖盘
1051,11:21:23,28.63,--,6,17178,卖盘
1052,11:21:17,28.63,--,8,22904,卖盘
1053,11:21:13,28.63,--,4,11452,卖盘
1054,11:21:02,28.63,-0.01,5,14315,卖盘
1055,11:20:53,28.64,--,5,14320,卖盘
1056,11:20:38,28.64,--,5,14320,卖盘
1057,11:20:28,28.64,--,5,14320,卖盘
1058,11:20:17,28.64,-0.01,5,14320,卖盘
1059,11:20:13,28.65,--,5,14325,卖盘
1060,11:20:08,28.65,--,8,22920,卖盘
1061,11:19:58,28.65,-0.01,5,14325,卖盘
1062,11:19:43,28.66,0.01,6,17196,买盘
1063,11:19:32,28.65,-0.01,5,14325,卖盘
1064,11:19:27,28.66,0.01,2,5732,中性盘
1065,11:19:23,28.65,--,5,14325,卖盘
1066,11:19:13,28.65,--,5,14325,卖盘
1067,11:19:02,28.65,-0.03,11,31515,卖盘
1068,11:18:58,28.68,0.03,5,14340,买盘
1069,11:18:53,28.65,-0.01,5,14325,卖盘
1070,11:18:38,28.66,--,5,14330,卖盘
1071,11:18:28,28.66,-0.02,5,14330,卖盘
1072,11:18:17,28.68,--,33,94816,卖盘
1073,11:18:13,28.68,--,10,28680,卖盘
1074,11:18:02,28.68,--,5,14340,卖盘
1075,11:17:58,28.68,--,6,17208,卖盘
1076,11:17:53,28.68,--,5,14340,卖盘
1077,11:17:43,28.68,--,5,14340,卖盘
1078,11:17:38,28.68,--,5,14340,卖盘
1079,11:17:32,28.68,--,5,14340,卖盘
1080,11:17:28,28.68,--,0,0,卖盘
1081,11:17:17,28.68,--,4,11472,卖盘
1082,11:17:12,28.68,-0.02,5,14340,卖盘
1083,11:17:02,28.7,0.02,1,2870,买盘
1084,11:16:56,28.68,--,6,17208,卖盘
1085,11:16:52,28.68,--,2,5736,卖盘
1086,11:16:47,28.68,--,5,14340,卖盘
1087,11:16:32,28.68,--,46,134623,卖盘
1088,11:16:26,28.68,--,5,14340,卖盘
1089,11:16:17,28.68,--,0,0,卖盘
1090,11:16:11,28.68,-0.01,15,43020,卖盘
1091,11:16:02,28.69,-0.01,9,25821,卖盘
1092,11:15:52,28.7,--,5,14522,卖盘
1093,11:15:47,28.7,--,20,57400,卖盘
1094,11:15:41,28.7,--,10,28700,卖盘
1095,11:15:37,28.7,--,5,14350,卖盘
1096,11:15:26,28.7,--,4,11480,卖盘
1097,11:15:17,28.7,--,6,17220,卖盘
1098,11:15:07,28.7,--,9,25830,卖盘
1099,11:14:56,28.7,--,9,25830,卖盘
1100,11:14:52,28.7,--,5,14350,卖盘
1101,11:14:41,28.7,--,4,11480,卖盘
1102,11:14:32,28.7,-0.01,6,17220,卖盘
1103,11:14:26,28.71,--,45,129195,卖盘
1104,11:14:22,28.71,--,5,14355,卖盘
1105,11:14:11,28.71,-0.01,5,14355,卖盘
1106,11:14:02,28.72,--,18,51696,买盘
1107,11:13:52,28.72,0.01,1,2872,买盘
1108,11:13:47,28.71,--,4,11484,卖盘
1109,11:13:41,28.71,0.01,3,8613,中性盘
1110,11:13:37,28.7,--,5,14350,卖盘
1111,11:13:32,28.7,--,6,17220,卖盘
1112,11:13:26,28.7,--,5,14350,卖盘
1113,11:13:17,28.7,-0.02,11,31570,卖盘
1114,11:13:11,28.72,0.02,13,37336,买盘
1115,11:13:02,28.7,--,7,20090,卖盘
1116,11:12:52,28.7,--,6,17220,卖盘
1117,11:12:41,28.7,0.01,33,97407,买盘
1118,11:12:32,28.69,--,9,25821,卖盘
1119,11:12:22,28.69,--,27,77463,卖盘
1120,11:12:11,28.69,-0.01,6,17214,卖盘
1121,11:12:07,28.7,--,0,0,买盘
1122,11:12:02,28.7,0.02,3,8610,买盘
1123,11:11:56,28.68,--,4,11472,卖盘
1124,11:11:47,28.68,--,5,14340,卖盘
1125,11:11:37,28.68,--,6,17208,卖盘
1126,11:11:32,28.68,--,2,5736,卖盘
1127,11:11:26,28.68,-0.01,4,11472,卖盘
1128,11:11:22,28.69,0.01,13,37297,买盘
1129,11:11:11,28.68,0.02,5,14340,中性盘
1130,11:11:02,28.66,0.01,6,17196,卖盘
1131,11:10:56,28.65,--,0,0,卖盘
1132,11:10:52,28.65,--,5,14325,卖盘
1133,11:10:47,28.65,--,0,0,卖盘
1134,11:10:41,28.65,0.01,5,14325,卖盘
1135,11:10:37,28.64,--,0,0,卖盘
1136,11:10:32,28.64,--,0,0,卖盘
1137,11:10:26,28.64,0.02,4,11456,卖盘
1138,11:10:22,28.62,--,6,17172,卖盘
1139,11:10:11,28.62,--,0,0,卖盘
1140,11:10:07,28.62,-0.07,5,14310,卖盘
1141,11:10:02,28.69,0.07,3,8607,买盘
1142,11:09:56,28.62,--,5,14310,卖盘
1143,11:09:46,28.62,--,5,14310,卖盘
1144,11:09:35,28.62,-0.07,6,17172,卖盘
1145,11:09:31,28.69,--,3,8607,买盘
1146,11:09:20,28.69,0.07,10,28690,买盘
1147,11:09:11,28.62,-0.07,5,14310,卖盘
1148,11:09:01,28.69,0.07,7,20083,买盘
1149,11:08:56,28.62,--,0,0,卖盘
1150,11:08:50,28.62,--,5,14310,卖盘
1151,11:08:35,28.62,-0.08,5,14310,卖盘
1152,11:08:31,28.7,0.08,8,22960,买盘
1153,11:08:26,28.62,-0.08,5,14310,卖盘
1154,11:08:20,28.7,--,29,84665,卖盘
1155,11:08:16,28.7,--,13,37310,卖盘
1156,11:08:11,28.7,--,20,57400,卖盘
1157,11:08:05,28.7,--,13,37310,卖盘
1158,11:08:01,28.7,--,28,80360,卖盘
1159,11:07:56,28.7,--,25,71750,卖盘
1160,11:07:50,28.7,--,10,28700,卖盘
1161,11:07:41,28.7,--,8,22960,卖盘
1162,11:07:35,28.7,--,39,111930,卖盘
1163,11:07:31,28.7,-0.01,11,33005,卖盘
1164,11:07:20,28.71,0.01,19,54549,买盘
1165,11:07:16,28.7,--,5,14350,卖盘
1166,11:07:11,28.7,--,5,14350,卖盘
1167,11:07:05,28.7,--,68,195160,卖盘
1168,11:06:56,28.7,-0.01,5,14350,卖盘
1169,11:06:50,28.71,--,5,17025,卖盘
1170,11:06:46,28.71,-0.01,4,11484,卖盘
1171,11:06:35,28.72,0.01,10,28720,买盘
1172,11:06:26,28.71,-0.01,5,14355,卖盘
1173,11:06:20,28.72,0.01,1,2872,买盘
1174,11:06:16,28.71,--,0,0,卖盘
1175,11:06:11,28.71,-0.01,61,175131,卖盘
1176,11:06:05,28.72,--,10,28720,卖盘
1177,11:06:01,28.72,0.01,34,97849,买盘
1178,11:05:50,28.71,--,19,54549,卖盘
1179,11:05:41,28.71,0.01,59,169389,买盘
1180,11:05:35,28.7,--,17,48790,卖盘
1181,11:05:26,28.7,--,6,17220,卖盘
1182,11:05:20,28.7,--,23,66010,卖盘
1183,11:05:15,28.7,--,5,14350,卖盘
1184,11:05:11,28.7,--,3,8610,卖盘
1185,11:05:05,28.7,--,5,14350,卖盘
1186,11:05:01,28.7,--,2,5740,卖盘
1187,11:04:56,28.7,-0.01,5,14350,卖盘
1188,11:04:50,28.71,0.01,5,14355,买盘
1189,11:04:46,28.7,--,6,17220,卖盘
1190,11:04:35,28.7,--,15,43050,卖盘
1191,11:04:20,28.7,-0.01,15,43050,卖盘
1192,11:04:16,28.71,0.01,1,2871,买盘
1193,11:04:10,28.7,--,5,14350,卖盘
1194,11:04:05,28.7,--,11,31570,卖盘
1195,11:04:01,28.7,--,10,28700,卖盘
1196,11:03:50,28.7,--,5,14350,卖盘
1197,11:03:41,28.7,--,5,14350,卖盘
1198,11:03:35,28.7,--,22,63140,卖盘
1199,11:03:31,28.7,-0.02,73,209510,卖盘
1200,11:03:25,28.72,0.02,30,86160,买盘
1201,11:03:16,28.7,--,5,14350,卖盘
1202,11:03:05,28.7,--,16,45920,卖盘
1203,11:03:01,28.7,-0.01,5,14350,卖盘
1204,11:02:55,28.71,--,23,66033,卖盘
1205,11:02:50,28.71,0.01,17,48807,买盘
1206,11:02:46,28.7,--,5,14350,卖盘
1207,11:02:31,28.7,-0.01,15,43050,卖盘
1208,11:02:25,28.71,0.01,78,223938,买盘
1209,11:02:20,28.7,--,10,28700,卖盘
1210,11:02:10,28.7,-0.01,5,14350,卖盘
1211,11:01:59,28.71,--,47,134937,买盘
1212,11:01:55,28.71,0.01,26,74646,买盘
1213,11:01:50,28.7,--,12,34440,卖盘
1214,11:01:40,28.7,--,14,40180,卖盘
1215,11:01:35,28.7,--,4,11480,卖盘
1216,11:01:25,28.7,--,5,14350,卖盘
1217,11:01:20,28.7,0.1,109,312830,买盘
1218,11:01:14,28.6,-0.03,5,14300,卖盘
1219,11:01:10,28.63,0.03,1,2863,买盘
1220,11:01:05,28.6,-0.04,5,14300,中性盘
1221,11:00:59,28.64,--,0,0,买盘
1222,11:00:55,28.64,0.05,3,8592,买盘
1223,11:00:50,28.59,0.01,24,68616,买盘
1224,11:00:44,28.58,--,3,8574,卖盘
1225,11:00:40,28.58,--,6,17148,卖盘
1226,11:00:29,28.58,-0.06,5,14290,卖盘
1227,11:00:25,28.64,0.07,3,8592,买盘
1228,11:00:20,28.57,-0.03,5,14285,卖盘
1229,11:00:14,28.6,--,0,0,买盘
1230,11:00:10,28.6,0.03,9,25740,买盘
1231,11:00:05,28.57,-0.01,5,14285,卖盘
1232,10:59:59,28.58,0.01,6,17148,卖盘
1233,10:59:50,28.57,--,0,0,卖盘
1234,10:59:44,28.57,-0.03,4,11428,卖盘
1235,10:59:40,28.6,0.03,53,151580,买盘
1236,10:59:35,28.57,--,9,25713,卖盘
1237,10:59:25,28.57,--,5,14285,卖盘
1238,10:59:14,28.57,-0.02,5,14285,卖盘
1239,10:59:10,28.59,--,1,2859,卖盘
1240,10:59:05,28.59,0.02,6,17154,买盘
1241,10:58:59,28.57,-0.02,6,17142,卖盘
1242,10:58:55,28.59,0.03,4,11436,买盘
1243,10:58:50,28.56,--,4,11424,卖盘
1244,10:58:44,28.56,--,1,2856,卖盘
1245,10:58:40,28.56,--,5,14280,卖盘
1246,10:58:35,28.56,0.01,9,25704,卖盘
1247,10:58:29,28.55,--,5,14275,卖盘
1248,10:58:25,28.55,--,0,0,卖盘
1249,10:58:20,28.55,--,0,0,卖盘
1250,10:58:14,28.55,-0.05,5,14275,卖盘
1251,10:58:10,28.6,0.05,3,8580,买盘
1252,10:58:05,28.55,-0.05,6,17130,卖盘
1253,10:57:59,28.6,0.04,5,14300,买盘
1254,10:57:55,28.56,-0.04,5,14280,中性盘
1255,10:57:50,28.6,0.05,2,5720,买盘
1256,10:57:44,28.55,--,5,14275,卖盘
1257,10:57:35,28.55,--,4,11420,卖盘
1258,10:57:29,28.55,--,0,0,中性盘
1259,10:57:25,28.55,0.02,5,14275,卖盘
1260,10:57:14,28.53,--,0,0,卖盘
1261,10:57:10,28.53,0.01,6,17118,中性盘
1262,10:57:05,28.52,-0.06,22,62744,卖盘
1263,10:56:59,28.58,--,5,14290,卖盘
1264,10:56:55,28.58,--,0,0,中性盘
1265,10:56:50,28.58,--,5,14290,卖盘
1266,10:56:40,28.58,-0.02,5,14290,卖盘
1267,10:56:25,28.6,-0.03,130,371800,卖盘
1268,10:56:14,28.63,0.01,9,25767,中性盘
1269,10:56:10,28.62,--,7,20034,卖盘
1270,10:56:05,28.62,--,5,14310,卖盘
1271,10:55:59,28.62,--,20,57240,卖盘
1272,10:55:55,28.62,--,5,14310,卖盘
1273,10:55:49,28.62,--,15,42930,卖盘
1274,10:55:44,28.62,--,26,74412,卖盘
1275,10:55:29,28.62,--,17,48654,卖盘
1276,10:55:25,28.62,--,6,17172,卖盘
1277,10:55:14,28.62,--,52,148824,卖盘
1278,10:55:09,28.62,-0.01,5,14310,卖盘
1279,10:55:04,28.63,--,23,65849,卖盘
1280,10:54:59,28.63,--,5,14315,卖盘
1281,10:54:55,28.63,--,60,171780,卖盘
1282,10:54:49,28.63,--,15,42945,卖盘
1283,10:54:44,28.63,--,48,137424,卖盘
1284,10:54:40,28.63,--,15,42945,卖盘
1285,10:54:23,28.63,-0.01,5,14315,卖盘
1286,10:54:19,28.64,--,3,8592,卖盘
1287,10:54:14,28.64,--,5,14320,卖盘
1288,10:54:04,28.64,-0.01,5,14320,卖盘
1289,10:53:59,28.65,--,6,17190,卖盘
1290,10:53:53,28.65,-0.03,19,54435,卖盘
1291,10:53:44,28.68,--,6,17208,买盘
1292,10:53:29,28.68,--,7,20076,买盘
1293,10:53:19,28.68,--,2,5736,卖盘
1294,10:53:14,28.68,-0.02,6,18642,卖盘
1295,10:53:08,28.7,--,39,111930,卖盘
1296,10:53:04,28.7,--,19,55965,买盘
1297,10:52:59,28.7,--,22,64575,卖盘
1298,10:52:53,28.7,--,106,304220,卖盘
1299,10:52:49,28.7,--,50,143500,卖盘
1300,10:52:44,28.7,--,90,258300,卖盘
1301,10:52:38,28.7,--,14,40180,卖盘
1302,10:52:29,28.7,-0.01,50,143500,卖盘
1303,10:52:23,28.71,--,54,155034,卖盘
1304,10:52:14,28.71,--,5,14355,卖盘
1305,10:52:08,28.71,--,38,109098,买盘
1306,10:52:04,28.71,0.01,12,34452,买盘
1307,10:51:59,28.7,-0.01,11,31570,卖盘
1308,10:51:53,28.71,--,19,54549,买盘
1309,10:51:44,28.71,0.01,5,14355,买盘
1310,10:51:38,28.7,--,6,17220,卖盘
1311,10:51:34,28.7,-0.01,5,14350,卖盘
1312,10:51:29,28.71,0.01,23,66033,买盘
1313,10:51:19,28.7,--,5,14350,卖盘
1314,10:51:14,28.7,--,129,370230,卖盘
1315,10:51:08,28.7,--,4,11480,卖盘
1316,10:51:04,28.7,--,9,25830,卖盘
1317,10:50:53,28.7,--,121,348705,买盘
1318,10:50:49,28.7,0.04,76,218120,买盘
1319,10:50:44,28.66,-0.02,8,22928,卖盘
1320,10:50:34,28.68,0.03,5,14340,卖盘
1321,10:50:29,28.65,--,0,0,卖盘
1322,10:50:23,28.65,-0.03,5,14325,卖盘
1323,10:50:14,28.68,0.03,10,28680,买盘
1324,10:50:04,28.65,--,4,11460,卖盘
1325,10:49:53,28.65,--,0,0,卖盘
1326,10:49:49,28.65,--,8,22920,卖盘
1327,10:49:44,28.65,--,6,17190,卖盘
1328,10:49:38,28.65,-0.04,5,14325,卖盘
1329,10:49:34,28.69,0.04,2,5738,买盘
1330,10:49:29,28.65,--,5,14325,卖盘
1331,10:49:23,28.65,--,0,0,卖盘
1332,10:49:19,28.65,-0.05,6,17190,卖盘
1333,10:49:08,28.7,--,24,68880,买盘
1334,10:49:04,28.7,0.01,7,20090,买盘
1335,10:48:53,28.69,--,47,134843,卖盘
1336,10:48:44,28.69,-0.01,15,43035,卖盘
1337,10:48:38,28.7,0.01,8,22960,买盘
1338,10:48:34,28.69,--,5,14345,卖盘
1339,10:48:23,28.69,-0.01,18,51642,买盘
1340,10:48:19,28.7,0.05,12,34440,买盘
1341,10:48:08,28.65,-0.05,30,85950,卖盘
1342,10:48:03,28.7,--,4,12915,卖盘
1343,10:47:59,28.7,--,5,14350,卖盘
1344,10:47:53,28.7,--,1,2870,卖盘
1345,10:47:49,28.7,0.02,89,256865,买盘
1346,10:47:43,28.68,0.02,2,5736,买盘
1347,10:47:38,28.66,-0.03,5,14330,卖盘
1348,10:47:28,28.69,0.03,1,2869,买盘
1349,10:47:23,28.66,-0.02,9,25794,卖盘
1350,10:47:17,28.68,-0.01,5,14340,卖盘
1351,10:47:13,28.69,0.01,10,28690,买盘
1352,10:47:08,28.68,0.04,21,60228,买盘
1353,10:47:02,28.64,--,4,11456,卖盘
1354,10:46:53,28.64,-0.04,6,17184,卖盘
1355,10:46:47,28.68,0.04,3,8604,买盘
1356,10:46:43,28.64,--,5,14320,卖盘
1357,10:46:38,28.64,-0.04,1,2864,卖盘
1358,10:46:32,28.68,--,6,17208,买盘
1359,10:46:23,28.68,0.05,8,22944,买盘
1360,10:46:17,28.63,--,20,57260,卖盘
1361,10:46:08,28.63,--,14,40082,卖盘
1362,10:45:58,28.63,-0.06,5,14315,卖盘
1363,10:45:53,28.69,0.06,2,5738,买盘
1364,10:45:47,28.63,-0.06,5,14315,卖盘
1365,10:45:38,28.69,--,15,43035,买盘
1366,10:45:32,28.69,--,0,0,买盘
1367,10:45:28,28.69,0.05,2,5738,买盘
1368,10:45:23,28.64,0.01,5,14320,中性盘
1369,10:45:13,28.63,--,5,14315,卖盘
1370,10:45:02,28.63,-0.09,11,31493,卖盘
1371,10:44:58,28.72,--,0,0,买盘
1372,10:44:53,28.72,0.09,105,301560,买盘
1373,10:44:47,28.63,-0.08,1,2863,卖盘
1374,10:44:43,28.71,0.08,150,430650,买盘
1375,10:44:38,28.63,--,5,14315,卖盘
1376,10:44:32,28.63,-0.07,6,17178,卖盘
1377,10:44:28,28.7,0.05,50,143500,买盘
1378,10:44:23,28.65,--,1,2865,买盘
1379,10:44:17,28.65,-0.05,17,51369,卖盘
1380,10:44:13,28.7,--,96,275520,卖盘
1381,10:44:08,28.7,--,92,264040,卖盘
1382,10:44:02,28.7,--,24,68880,卖盘
1383,10:43:58,28.7,--,92,264040,卖盘
1384,10:43:53,28.7,--,22,63140,卖盘
1385,10:43:47,28.7,--,5,14350,卖盘
1386,10:43:43,28.7,--,30,86100,卖盘
1387,10:43:38,28.7,--,15,43050,卖盘
1388,10:43:32,28.7,--,30,86100,卖盘
1389,10:43:28,28.7,--,3,8610,卖盘
1390,10:43:23,28.7,-0.01,15,43050,卖盘
1391,10:43:17,28.71,0.01,41,117711,买盘
1392,10:43:13,28.7,--,10,28700,卖盘
1393,10:43:08,28.7,--,1,2870,卖盘
1394,10:43:02,28.7,--,15,43050,卖盘
1395,10:42:58,28.7,--,4,11480,卖盘
1396,10:42:53,28.7,-0.01,8,22960,卖盘
1397,10:42:47,28.71,0.01,5,14355,买盘
1398,10:42:38,28.7,-0.01,15,43050,卖盘
1399,10:42:32,28.71,0.01,10,28710,买盘
1400,10:42:28,28.7,--,10,28700,卖盘
1401,10:42:23,28.7,--,0,1635,卖盘
1402,10:42:17,28.7,--,15,43050,卖盘
1403,10:42:08,28.7,--,5,14350,卖盘
1404,10:42:02,28.7,--,3,8610,卖盘
1405,10:41:58,28.7,0.05,65,187985,买盘
1406,10:41:53,28.65,--,32,91680,买盘
1407,10:41:47,28.65,0.02,103,295095,买盘
1408,10:41:43,28.63,--,1,2863,卖盘
1409,10:41:32,28.63,0.01,106,303478,卖盘
1410,10:41:27,28.62,--,0,0,卖盘
1411,10:41:22,28.62,-0.02,17,48654,卖盘
1412,10:41:17,28.64,0.02,16,45824,买盘
1413,10:41:13,28.62,--,5,14310,卖盘
1414,10:41:02,28.62,-0.01,6,17172,卖盘
1415,10:40:58,28.63,-0.01,13,37219,卖盘
1416,10:40:52,28.64,--,6,17184,买盘
1417,10:40:47,28.64,0.01,25,71600,买盘
1418,10:40:43,28.63,--,11,31493,卖盘
1419,10:40:37,28.63,--,6,17178,卖盘
1420,10:40:32,28.63,--,10,28630,卖盘
1421,10:40:27,28.63,--,8,22904,卖盘
1422,10:40:23,28.63,--,45,128835,卖盘
1423,10:40:17,28.63,--,8,22904,卖盘
1424,10:40:11,28.63,--,11,31493,卖盘
1425,10:40:07,28.63,--,5,14315,卖盘
1426,10:39:56,28.63,-0.02,25,71575,卖盘
1427,10:39:52,28.65,0.01,11,31515,买盘
1428,10:39:47,28.64,-0.01,5,14320,卖盘
1429,10:39:41,28.65,0.01,7,20055,买盘
1430,10:39:32,28.64,-0.01,6,17184,卖盘
1431,10:39:26,28.65,-0.01,36,104572,卖盘
1432,10:39:22,28.66,0.01,6,17196,中性盘
1433,10:39:17,28.65,--,5,14325,卖盘
1434,10:39:11,28.65,--,16,45840,卖盘
1435,10:39:07,28.65,--,9,25785,卖盘
1436,10:39:02,28.65,--,5,14325,卖盘
1437,10:38:56,28.65,--,10,28650,卖盘
1438,10:38:52,28.65,--,3,8595,卖盘
1439,10:38:47,28.65,--,5,14325,卖盘
1440,10:38:41,28.65,--,0,0,卖盘
1441,10:38:37,28.65,-0.03,15,42975,卖盘
1442,10:38:32,28.68,--,10,28680,买盘
1443,10:38:26,28.68,0.03,10,28680,买盘
1444,10:38:17,28.65,-0.04,63,181726,卖盘
1445,10:38:11,28.69,--,1,2869,中性盘
1446,10:38:07,28.69,0.01,5,14345,中性盘
1447,10:38:02,28.68,-0.03,4,11472,卖盘
1448,10:37:56,28.71,0.01,97,278487,买盘
1449,10:37:52,28.7,--,6,17220,卖盘
1450,10:37:47,28.7,--,25,71750,卖盘
1451,10:37:41,28.7,-0.01,13,37310,卖盘
1452,10:37:37,28.71,0.01,13,37323,买盘
1453,10:37:32,28.7,0.01,31,88970,买盘
1454,10:37:26,28.69,--,5,14345,卖盘
1455,10:37:22,28.69,-0.02,45,129105,卖盘
1456,10:37:17,28.71,0.01,27,77517,买盘
1457,10:37:11,28.7,0.01,2,5740,卖盘
1458,10:37:07,28.69,--,0,0,卖盘
1459,10:37:02,28.69,-0.02,62,179369,卖盘
1460,10:36:56,28.71,--,25,71775,卖盘
1461,10:36:52,28.71,0.01,32,92015,买盘
1462,10:36:47,28.7,0.01,30,86100,买盘
1463,10:36:41,28.69,--,10,28690,卖盘
1464,10:36:37,28.69,--,36,103284,卖盘
1465,10:36:26,28.69,-0.02,7,20083,卖盘
1466,10:36:17,28.71,0.02,68,195228,买盘
1467,10:36:11,28.69,--,10,28690,卖盘
1468,10:36:07,28.69,--,81,232389,卖盘
1469,10:36:02,28.69,--,40,114760,卖盘
1470,10:35:56,28.69,0.03,14,40166,中性盘
1471,10:35:52,28.66,-0.02,53,151898,卖盘
1472,10:35:47,28.68,--,78,225138,卖盘
1473,10:35:41,28.68,--,7,20076,卖盘
1474,10:35:37,28.68,--,22,63096,卖盘
1475,10:35:32,28.68,--,15,43020,卖盘
1476,10:35:26,28.68,-0.01,79,226572,卖盘
1477,10:35:22,28.69,0.01,3,8607,中性盘
1478,10:35:17,28.68,-0.01,55,157740,卖盘
1479,10:35:11,28.69,--,33,94677,卖盘
1480,10:35:07,28.69,--,10,28690,卖盘
1481,10:35:01,28.69,--,5,14345,卖盘
1482,10:34:56,28.69,--,26,74594,卖盘
1483,10:34:46,28.69,--,13,37297,卖盘
1484,10:34:41,28.69,--,10,28690,卖盘
1485,10:34:37,28.69,--,9,25821,卖盘
1486,10:34:31,28.69,--,58,166402,卖盘
1487,10:34:26,28.69,-0.02,16,45904,卖盘
1488,10:34:22,28.71,0.02,14,40194,买盘
1489,10:34:16,28.69,--,10,28690,卖盘
1490,10:34:11,28.69,-0.01,38,109022,卖盘
1491,10:34:07,28.7,--,29,83230,中性盘
1492,10:34:01,28.7,-0.01,5,14350,卖盘
1493,10:33:56,28.71,0.01,4,11484,买盘
1494,10:33:51,28.7,-0.02,88,252560,卖盘
1495,10:33:41,28.72,--,9,25848,中性盘
1496,10:33:37,28.72,0.03,51,146472,买盘
1497,10:33:31,28.69,--,29,83201,卖盘
1498,10:33:26,28.69,-0.04,11,31559,卖盘
1499,10:33:22,28.73,0.04,32,91936,买盘
1500,10:33:16,28.69,--,54,154926,卖盘
1501,10:33:11,28.69,0.01,17,48773,买盘
1502,10:33:05,28.68,-0.01,16,45888,中性盘
1503,10:33:01,28.69,0.01,5,14345,买盘
1504,10:32:56,28.68,--,15,43020,卖盘
1505,10:32:50,28.68,0.01,57,163476,买盘
1506,10:32:46,28.67,-0.02,34,97478,卖盘
1507,10:32:41,28.69,0.01,52,149188,买盘
1508,10:32:35,28.68,--,56,160608,卖盘
1509,10:32:31,28.68,--,3,8604,卖盘
1510,10:32:26,28.68,--,7,20076,卖盘
1511,10:32:20,28.68,-0.01,15,43020,中性盘
1512,10:32:16,28.69,0.02,12,34428,买盘
1513,10:32:11,28.67,-0.02,63,180621,中性盘
1514,10:32:05,28.69,0.03,58,166402,买盘
1515,10:32:01,28.66,-0.02,5,14330,卖盘
1516,10:31:56,28.68,0.03,38,108984,买盘
1517,10:31:50,28.65,--,5,14325,卖盘
1518,10:31:41,28.65,0.03,77,220605,买盘
1519,10:31:35,28.62,--,48,137376,卖盘
1520,10:31:31,28.62,--,6,17172,卖盘
1521,10:31:26,28.62,0.01,12,34344,买盘
1522,10:31:20,28.61,--,5,14305,卖盘
1523,10:31:16,28.61,0.01,199,571599,买盘
1524,10:31:11,28.6,0.05,60,171600,买盘
1525,10:31:05,28.55,-0.01,23,65665,卖盘
1526,10:31:01,28.56,-0.01,91,259896,卖盘
1527,10:30:56,28.57,--,7,19999,中性盘
1528,10:30:50,28.57,0.01,22,62854,买盘
1529,10:30:41,28.56,0.01,11,31416,买盘
1530,10:30:35,28.55,0.02,6,17130,买盘
1531,10:30:26,28.53,0.03,19,54207,买盘
1532,10:30:20,28.5,--,16,45600,卖盘
1533,10:30:11,28.5,--,6,17100,卖盘
1534,10:30:05,28.5,--,22,62700,买盘
1535,10:30:01,28.5,0.03,9,25650,买盘
1536,10:29:50,28.47,-0.03,17,48399,卖盘
1537,10:29:46,28.5,--,0,0,买盘
1538,10:29:41,28.5,0.03,7,19950,买盘
1539,10:29:35,28.47,-0.03,5,14235,卖盘
1540,10:29:26,28.5,--,6,17100,买盘
1541,10:29:20,28.5,0.03,8,22800,买盘
1542,10:29:16,28.47,-0.03,5,14235,卖盘
1543,10:29:11,28.5,0.02,11,31350,买盘
1544,10:29:05,28.48,-0.02,5,14240,卖盘
1545,10:28:56,28.5,--,5,14250,卖盘
1546,10:28:50,28.5,-0.03,33,94050,卖盘
1547,10:28:46,28.53,0.03,1,2853,买盘
1548,10:28:41,28.5,-0.05,61,173850,卖盘
1549,10:28:35,28.55,0.02,74,211270,买盘
1550,10:28:31,28.53,-0.03,5,14265,卖盘
1551,10:28:25,28.56,--,1,2856,卖盘
1552,10:28:20,28.56,-0.01,18,51408,中性盘
1553,10:28:16,28.57,--,18,51426,买盘
1554,10:28:10,28.57,-0.01,17,48569,中性盘
1555,10:28:05,28.58,0.02,22,62875,买盘
1556,10:28:01,28.56,-0.02,15,42840,中性盘
1557,10:27:55,28.58,--,9,26322,卖盘
1558,10:27:50,28.58,--,19,54302,卖盘
1559,10:27:46,28.58,--,57,165163,买盘
1560,10:27:40,28.58,0.02,8,22864,买盘
1561,10:27:35,28.56,-0.02,25,71400,卖盘
1562,10:27:30,28.58,0.01,42,120636,卖盘
1563,10:27:25,28.57,-0.02,10,28570,卖盘
1564,10:27:20,28.59,0.01,33,94347,买盘
1565,10:27:15,28.58,--,6,17148,卖盘
1566,10:27:10,28.58,-0.01,10,28580,卖盘
1567,10:27:05,28.59,0.01,33,96605,买盘
1568,10:27:01,28.58,-0.01,21,60018,中性盘
1569,10:26:55,28.59,0.02,10,28590,买盘
1570,10:26:50,28.57,-0.01,26,74282,中性盘
1571,10:26:45,28.58,0.02,20,57160,买盘
1572,10:26:40,28.56,0.03,3,8568,买盘
1573,10:26:35,28.53,--,47,134091,卖盘
1574,10:26:30,28.53,0.06,170,485010,买盘
1575,10:26:25,28.47,--,14,39858,卖盘
1576,10:26:20,28.47,-0.03,11,31317,卖盘
1577,10:26:15,28.5,0.02,10,28500,买盘
1578,10:26:10,28.48,--,5,14240,卖盘
1579,10:26:00,28.48,-0.02,5,14240,卖盘
1580,10:25:55,28.5,0.03,100,285000,买盘
1581,10:25:44,28.47,--,48,136656,买盘
1582,10:25:40,28.47,0.04,1,2847,买盘
1583,10:25:35,28.43,0.01,4,11372,中性盘
1584,10:25:29,28.42,-0.05,5,14210,卖盘
1585,10:25:25,28.47,-0.01,3,8541,买盘
1586,10:25:20,28.48,0.06,1,2848,买盘
1587,10:25:10,28.42,-0.08,18,51156,卖盘
1588,10:25:05,28.5,0.03,76,216600,买盘
1589,10:24:59,28.47,-0.01,2,5694,买盘
1590,10:24:50,28.48,--,41,116768,卖盘
1591,10:24:44,28.48,0.01,38,108224,买盘
1592,10:24:40,28.47,0.01,6,17082,中性盘
1593,10:24:35,28.46,-0.01,72,204912,卖盘
1594,10:24:29,28.47,0.01,25,71175,买盘
1595,10:24:20,28.46,--,7,19922,卖盘
1596,10:24:14,28.46,0.01,9,25614,卖盘
1597,10:24:10,28.45,-0.01,124,352780,卖盘
1598,10:24:05,28.46,-0.01,6,17076,卖盘
1599,10:23:59,28.47,0.02,24,68328,买盘
1600,10:23:55,28.45,--,5,14225,卖盘
1601,10:23:44,28.45,0.03,77,219207,买盘
1602,10:23:35,28.42,-0.02,6,17052,中性盘
1603,10:23:29,28.44,0.03,1,2844,买盘
1604,10:23:25,28.41,--,5,14205,卖盘
1605,10:23:20,28.41,-0.01,2,5682,卖盘
1606,10:23:14,28.42,--,26,73892,买盘
1607,10:23:05,28.42,0.01,7,19894,买盘
1608,10:22:59,28.41,--,62,176142,买盘
1609,10:22:55,28.41,--,1,2841,买盘
1610,10:22:50,28.41,0.01,50,142050,买盘
1611,10:22:40,28.4,--,5,14200,卖盘
1612,10:22:35,28.4,--,5,14200,买盘
1613,10:22:29,28.4,--,15,42600,买盘
1614,10:22:20,28.4,0.05,20,56800,买盘
1615,10:22:14,28.35,--,13,36855,买盘
1616,10:22:05,28.35,0.01,4,11340,卖盘
1617,10:21:59,28.34,--,0,0,卖盘
1618,10:21:55,28.34,-0.05,46,130364,卖盘
1619,10:21:50,28.39,0.05,33,93687,买盘
1620,10:21:44,28.34,-0.05,14,39676,卖盘
1621,10:21:35,28.39,0.04,14,39746,买盘
1622,10:21:29,28.35,0.01,1,2835,买盘
1623,10:21:20,28.34,-0.05,65,184210,卖盘
1624,10:21:14,28.39,0.03,9,25551,买盘
1625,10:21:10,28.36,--,0,0,卖盘
1626,10:21:04,28.36,--,2,5672,卖盘
1627,10:20:59,28.36,--,5,14180,卖盘
1628,10:20:49,28.36,--,5,14180,卖盘
1629,10:20:40,28.36,--,10,28360,卖盘
1630,10:20:29,28.36,--,5,14180,卖盘
1631,10:20:24,28.36,--,6,17016,卖盘
1632,10:20:19,28.36,--,0,0,卖盘
1633,10:20:14,28.36,--,10,28360,卖盘
1634,10:20:09,28.36,-0.01,18,51048,卖盘
1635,10:19:55,28.37,0.01,7,19859,买盘
1636,10:19:44,28.36,-0.01,10,28360,卖盘
1637,10:19:39,28.37,0.01,8,22696,买盘
1638,10:19:34,28.36,--,17,48212,卖盘
1639,10:19:29,28.36,--,1,2836,卖盘
1640,10:19:24,28.36,--,5,14180,卖盘
1641,10:19:14,28.36,0.02,7,19852,买盘
1642,10:19:09,28.34,0.01,5,14170,卖盘
1643,10:19:04,28.33,--,0,0,卖盘
1644,10:18:59,28.33,--,5,14165,卖盘
1645,10:18:54,28.33,--,1,2833,卖盘
1646,10:18:49,28.33,--,5,14165,卖盘
1647,10:18:44,28.33,--,88,249303,买盘
1648,10:18:39,28.33,--,11,31162,买盘
1649,10:18:34,28.33,0.01,4,11332,买盘
1650,10:18:29,28.32,--,5,14160,卖盘
1651,10:18:24,28.32,--,1,2832,卖盘
1652,10:18:19,28.32,0.01,2,5664,买盘
1653,10:18:14,28.31,--,5,14155,卖盘
1654,10:18:09,28.31,0.01,7,19817,买盘
1655,10:18:04,28.3,-0.01,25,70750,卖盘
1656,10:17:59,28.31,--,39,110409,买盘
1657,10:17:53,28.31,-0.01,26,73606,中性盘
1658,10:17:44,28.32,0.01,97,276771,买盘
1659,10:17:38,28.31,--,26,73606,卖盘
1660,10:17:29,28.31,-0.01,14,39634,卖盘
1661,10:17:23,28.32,0.01,58,164256,买盘
1662,10:17:19,28.31,--,1,2831,卖盘
1663,10:17:14,28.31,0.01,1,2831,中性盘
1664,10:17:08,28.3,-0.01,39,110370,卖盘
1665,10:17:04,28.31,--,10,28310,卖盘
1666,10:16:59,28.31,-0.02,6,16986,卖盘
1667,10:16:53,28.33,0.02,2,5666,买盘
1668,10:16:49,28.31,-0.02,5,14155,卖盘
1669,10:16:44,28.33,--,14,39662,买盘
1670,10:16:38,28.33,0.01,71,201143,买盘
1671,10:16:34,28.32,0.01,1,2832,卖盘
1672,10:16:29,28.31,--,1,2831,卖盘
1673,10:16:23,28.31,--,9,25479,卖盘
1674,10:16:19,28.31,-0.01,5,14155,卖盘
1675,10:16:14,28.32,-0.01,33,93456,卖盘
1676,10:16:08,28.33,--,8,22664,卖盘
1677,10:16:04,28.33,--,6,16998,卖盘
1678,10:15:59,28.33,--,14,39662,卖盘
1679,10:15:53,28.33,-0.01,5,14165,卖盘
1680,10:15:44,28.34,0.01,4,11336,买盘
1681,10:15:38,28.33,-0.01,7,19831,卖盘
1682,10:15:33,28.34,-0.02,25,70850,卖盘
1683,10:15:29,28.36,0.02,9,25524,买盘
1684,10:15:23,28.34,--,100,283400,卖盘
1685,10:15:18,28.34,--,4,11336,卖盘
1686,10:15:14,28.34,-0.01,64,181376,卖盘
1687,10:15:08,28.35,--,17,48195,卖盘
1688,10:14:59,28.35,-0.02,5,14175,卖盘
1689,10:14:48,28.37,0.02,4,11348,买盘
1690,10:14:44,28.35,-0.01,5,14175,卖盘
1691,10:14:38,28.36,-0.01,34,96424,卖盘
1692,10:14:23,28.37,--,48,136176,买盘
1693,10:14:18,28.37,0.01,12,34044,买盘
1694,10:14:14,28.36,-0.01,5,14180,卖盘
1695,10:14:08,28.37,--,27,76599,买盘
1696,10:14:03,28.37,--,60,170220,卖盘
1697,10:13:59,28.37,--,17,48229,卖盘
1698,10:13:53,28.37,-0.01,6,17022,卖盘
1699,10:13:48,28.38,0.01,9,25542,买盘
1700,10:13:43,28.37,--,93,263841,卖盘
1701,10:13:38,28.37,--,22,62414,卖盘
1702,10:13:33,28.37,--,4,11348,卖盘
1703,10:13:28,28.37,--,5,14185,卖盘
1704,10:13:23,28.37,--,2,5674,卖盘
1705,10:13:18,28.37,--,5,14185,卖盘
1706,10:13:08,28.37,-0.01,5,14185,卖盘
1707,10:13:03,28.38,--,1,2838,卖盘
1708,10:12:58,28.38,--,3,8514,卖盘
1709,10:12:53,28.38,0.02,19,53922,买盘
1710,10:12:48,28.36,-0.01,5,14180,卖盘
1711,10:12:33,28.37,-0.01,5,14185,卖盘
1712,10:12:23,28.38,--,8,22704,卖盘
1713,10:12:13,28.38,--,5,14190,卖盘
1714,10:12:03,28.38,-0.02,13,36894,卖盘
1715,10:11:53,28.4,0.02,2,5680,买盘
1716,10:11:48,28.38,--,10,28380,卖盘
1717,10:11:38,28.38,--,7,19866,卖盘
1718,10:11:28,28.38,--,5,14190,卖盘
1719,10:11:18,28.38,--,7,19866,卖盘
1720,10:11:08,28.38,-0.02,5,14190,卖盘
1721,10:10:58,28.4,0.02,10,28400,买盘
1722,10:10:53,28.38,--,29,82302,买盘
1723,10:10:48,28.38,0.01,10,28380,买盘
1724,10:10:43,28.37,--,5,14185,卖盘
1725,10:10:38,28.37,-0.01,10,28370,中性盘
1726,10:10:33,28.38,0.02,12,34056,买盘
1727,10:10:23,28.36,--,5,14180,买盘
1728,10:10:18,28.36,0.01,2,5672,买盘
1729,10:10:08,28.35,--,11,31185,卖盘
1730,10:10:02,28.35,-0.01,10,28350,卖盘
1731,10:09:58,28.36,0.01,1,2836,买盘
1732,10:09:47,28.35,--,5,14175,卖盘
1733,10:09:38,28.35,-0.01,11,31185,卖盘
1734,10:09:23,28.36,-0.01,71,201356,卖盘
1735,10:09:17,28.37,-0.01,5,14185,卖盘
1736,10:09:13,28.38,-0.01,1,2838,卖盘
1737,10:09:08,28.39,0.01,24,68136,买盘
1738,10:09:02,28.38,-0.01,37,105006,卖盘
1739,10:08:58,28.39,0.01,1,2839,买盘
1740,10:08:53,28.38,--,15,42570,卖盘
1741,10:08:47,28.38,--,4,11352,卖盘
1742,10:08:43,28.38,-0.01,19,53922,卖盘
1743,10:08:32,28.39,-0.01,61,173179,卖盘
1744,10:08:23,28.4,--,1,2840,买盘
1745,10:08:17,28.4,--,73,208086,卖盘
1746,10:08:08,28.4,--,28,80656,卖盘
1747,10:08:02,28.4,--,9,26696,卖盘
1748,10:07:57,28.4,--,5,14200,卖盘
1749,10:07:53,28.4,--,20,56800,卖盘
1750,10:07:47,28.4,--,8,22720,卖盘
1751,10:07:42,28.4,--,14,39760,卖盘
1752,10:07:38,28.4,-0.01,9,25560,卖盘
1753,10:07:32,28.41,0.01,3,11165,买盘
1754,10:07:23,28.4,--,5,14200,卖盘
1755,10:07:17,28.4,--,50,142000,卖盘
1756,10:07:12,28.4,-0.01,6,17040,卖盘
1757,10:07:07,28.41,--,1,2841,买盘
1758,10:07:02,28.41,0.01,5,14205,卖盘
1759,10:06:52,28.4,-0.02,6,17040,卖盘
1760,10:06:47,28.42,0.02,14,39788,买盘
1761,10:06:42,28.4,--,0,0,卖盘
1762,10:06:37,28.4,-0.01,5,14200,卖盘
1763,10:06:32,28.41,-0.03,5,14205,卖盘
1764,10:06:27,28.44,0.02,1,2844,中性盘
1765,10:06:17,28.42,-0.02,5,14210,卖盘
1766,10:06:07,28.44,--,5,14220,卖盘
1767,10:05:57,28.44,0.04,4,11376,中性盘
1768,10:05:47,28.4,-0.04,106,301040,卖盘
1769,10:05:42,28.44,--,1,2844,买盘
1770,10:05:37,28.44,0.03,4,11376,买盘
1771,10:05:32,28.41,-0.02,16,45456,卖盘
1772,10:05:27,28.43,-0.01,13,36959,卖盘
1773,10:05:22,28.44,--,0,0,中性盘
1774,10:05:12,28.44,0.01,5,14220,卖盘
1775,10:05:02,28.43,-0.01,7,19901,卖盘
1776,10:04:57,28.44,--,20,56880,卖盘
1777,10:04:52,28.44,-0.01,6,17064,卖盘
1778,10:04:42,28.45,--,10,28450,买盘
1779,10:04:32,28.45,--,81,230445,卖盘
1780,10:04:27,28.45,--,5,14225,卖盘
1781,10:04:17,28.45,-0.04,5,14225,卖盘
1782,10:04:12,28.49,0.03,5,14245,买盘
1783,10:04:07,28.46,-0.03,5,14230,卖盘
1784,10:04:02,28.49,--,12,34188,买盘
1785,10:03:57,28.49,--,66,188034,卖盘
1786,10:03:46,28.49,-0.01,5,14245,卖盘
1787,10:03:42,28.5,0.01,3,8550,买盘
1788,10:03:37,28.49,--,2,5698,卖盘
1789,10:03:32,28.49,0.03,24,68376,卖盘
1790,10:03:27,28.46,--,0,0,卖盘
1791,10:03:22,28.46,-0.04,11,31306,卖盘
1792,10:03:17,28.5,--,10,28500,买盘
1793,10:03:12,28.5,-0.03,30,85500,卖盘
1794,10:03:07,28.53,--,0,0,买盘
1795,10:03:02,28.53,0.01,10,28530,买盘
1796,10:02:56,28.52,--,2,5704,卖盘
1797,10:02:52,28.52,--,13,37076,买盘
1798,10:02:47,28.52,0.02,28,79856,买盘
1799,10:02:41,28.5,-0.01,5,14250,卖盘
1800,10:02:26,28.51,-0.01,8,22808,卖盘
1801,10:02:22,28.52,0.01,2,5704,买盘
1802,10:02:17,28.51,--,5,14255,卖盘
1803,10:02:07,28.51,--,5,14255,卖盘
1804,10:02:02,28.51,0.02,11,31361,买盘
1805,10:01:56,28.49,-0.01,6,17094,卖盘
1806,10:01:47,28.5,--,37,105450,卖盘
1807,10:01:41,28.5,0.04,31,88350,买盘
1808,10:01:37,28.46,--,13,36998,卖盘
1809,10:01:32,28.46,0.01,15,42690,卖盘
1810,10:01:26,28.45,--,16,45520,卖盘
1811,10:01:22,28.45,-0.04,5,14225,卖盘
1812,10:01:17,28.49,0.04,10,28490,买盘
1813,10:01:11,28.45,-0.04,6,17070,卖盘
1814,10:01:07,28.49,0.04,10,28490,买盘
1815,10:01:02,28.45,--,10,28450,卖盘
1816,10:00:51,28.45,--,4,11380,卖盘
1817,10:00:47,28.45,--,21,59745,买盘
1818,10:00:41,28.45,--,1,2845,买盘
1819,10:00:36,28.45,0.01,7,19915,卖盘
1820,10:00:32,28.44,-0.05,25,71100,卖盘
1821,10:00:16,28.49,0.04,25,71225,买盘
1822,10:00:11,28.45,0.01,5,14225,中性盘
1823,10:00:01,28.44,--,10,28440,卖盘
1824,09:59:51,28.44,--,5,14220,卖盘
1825,09:59:41,28.44,-0.03,5,14220,卖盘
1826,09:59:36,28.47,--,1,2847,卖盘
1827,09:59:26,28.47,--,8,22776,卖盘
1828,09:59:21,28.47,0.03,13,37011,买盘
1829,09:59:06,28.44,--,17,48348,卖盘
1830,09:59:01,28.44,0.01,3,8532,买盘
1831,09:58:56,28.43,--,12,34116,卖盘
1832,09:58:46,28.43,-0.01,5,14215,卖盘
1833,09:58:41,28.44,-0.01,23,65412,中性盘
1834,09:58:36,28.45,--,6,17070,买盘
1835,09:58:21,28.45,--,20,56900,卖盘
1836,09:58:16,28.45,-0.01,6,17070,卖盘
1837,09:58:11,28.46,--,10,28460,买盘
1838,09:58:06,28.46,0.01,11,31306,买盘
1839,09:58:01,28.45,--,10,28450,卖盘
1840,09:57:56,28.45,--,5,14225,卖盘
1841,09:57:51,28.45,--,4,11380,卖盘
1842,09:57:46,28.45,-0.01,1,2845,卖盘
1843,09:57:41,28.46,--,6,17076,买盘
1844,09:57:36,28.46,0.01,10,28460,买盘
1845,09:57:31,28.45,--,1,2845,卖盘
1846,09:57:26,28.45,--,29,82505,卖盘
1847,09:57:21,28.45,0.02,2,5690,中性盘
1848,09:57:16,28.43,-0.01,9,25587,卖盘
1849,09:57:06,28.44,-0.02,5,14220,卖盘
1850,09:57:01,28.46,0.03,5,14230,买盘
1851,09:56:56,28.43,--,5,14215,卖盘
1852,09:56:51,28.43,0.01,25,71075,买盘
1853,09:56:46,28.42,--,27,76734,卖盘
1854,09:56:41,28.42,-0.01,10,28420,卖盘
1855,09:56:36,28.43,0.01,17,48331,卖盘
1856,09:56:31,28.42,--,0,0,卖盘
1857,09:56:21,28.42,--,4,11368,卖盘
1858,09:56:16,28.42,--,0,0,卖盘
1859,09:56:11,28.42,--,31,88102,卖盘
1860,09:56:01,28.42,--,6,17052,卖盘
1861,09:55:56,28.42,--,0,0,卖盘
1862,09:55:51,28.42,-0.01,9,25578,卖盘
1863,09:55:41,28.43,--,7,19901,卖盘
1864,09:55:36,28.43,--,5,14215,卖盘
1865,09:55:26,28.43,-0.01,7,19901,卖盘
1866,09:55:21,28.44,--,6,17064,卖盘
1867,09:55:16,28.44,--,16,45504,卖盘
1868,09:55:06,28.44,--,5,14220,卖盘
1869,09:54:56,28.44,-0.01,5,14220,卖盘
1870,09:54:50,28.45,--,37,105265,卖盘
1871,09:54:41,28.45,--,13,36985,卖盘
1872,09:54:35,28.45,--,12,34140,卖盘
1873,09:54:31,28.45,--,11,31295,卖盘
1874,09:54:20,28.45,0.01,7,19915,卖盘
1875,09:54:16,28.44,--,0,0,卖盘
1876,09:54:11,28.44,-0.02,5,14220,卖盘
1877,09:54:05,28.46,--,5,14230,买盘
1878,09:54:01,28.46,0.01,10,28460,买盘
1879,09:53:56,28.45,-0.01,8,22760,卖盘
1880,09:53:50,28.46,0.01,9,25614,买盘
1881,09:53:35,28.45,--,4,11380,卖盘
1882,09:53:31,28.45,--,13,36985,买盘
1883,09:53:25,28.45,0.01,15,42675,买盘
1884,09:53:20,28.44,-0.01,4,11376,卖盘
1885,09:53:15,28.45,0.01,7,19915,买盘
1886,09:53:05,28.44,0.01,5,14220,卖盘
1887,09:53:01,28.43,--,5,14215,买盘
1888,09:52:55,28.43,0.02,10,28430,中性盘
1889,09:52:50,28.41,-0.03,5,14205,卖盘
1890,09:52:45,28.44,-0.01,5,14220,卖盘
1891,09:52:35,28.45,0.04,18,51210,买盘
1892,09:52:30,28.41,-0.02,9,25569,卖盘
1893,09:52:20,28.43,-0.02,10,28430,卖盘
1894,09:52:15,28.45,0.04,37,105265,买盘
1895,09:52:10,28.41,-0.02,5,14205,卖盘
1896,09:52:05,28.43,--,1,2843,卖盘
1897,09:52:00,28.43,-0.02,5,14215,卖盘
1898,09:51:55,28.45,--,8,22760,卖盘
1899,09:51:50,28.45,0.02,2,5690,买盘
1900,09:51:45,28.43,-0.02,23,65389,卖盘
1901,09:51:40,28.45,--,2,5690,卖盘
1902,09:51:34,28.45,-0.01,15,42675,卖盘
1903,09:51:30,28.46,0.01,41,116686,买盘
1904,09:51:25,28.45,-0.01,5,14225,卖盘
1905,09:51:19,28.46,-0.01,1,2846,卖盘
1906,09:51:15,28.47,0.01,6,17082,买盘
1907,09:51:10,28.46,--,49,139454,卖盘
1908,09:51:05,28.46,-0.01,8,22768,卖盘
1909,09:51:00,28.47,--,5,14235,买盘
1910,09:50:55,28.47,--,10,28470,买盘
1911,09:50:50,28.47,--,14,39858,卖盘
1912,09:50:45,28.47,--,3,8541,卖盘
1913,09:50:40,28.47,--,5,14235,卖盘
1914,09:50:30,28.47,-0.03,5,14235,卖盘
1915,09:50:20,28.5,0.04,11,31350,买盘
1916,09:50:15,28.46,-0.01,21,59766,卖盘
1917,09:50:10,28.47,0.01,1,2847,买盘
1918,09:50:05,28.46,-0.01,36,102456,卖盘
1919,09:50:00,28.47,-0.04,7,19929,卖盘
1920,09:49:55,28.51,--,0,0,买盘
1921,09:49:50,28.51,0.05,23,65573,买盘
1922,09:49:45,28.46,--,5,14230,卖盘
1923,09:49:35,28.46,--,5,14230,卖盘
1924,09:49:30,28.46,-0.01,1,2846,卖盘
1925,09:49:24,28.47,0.01,3,8541,买盘
1926,09:49:20,28.46,-0.01,5,14230,卖盘
1927,09:49:15,28.47,-0.03,10,28470,卖盘
1928,09:49:05,28.5,0.03,1,2850,中性盘
1929,09:49:00,28.47,-0.03,45,128115,卖盘
1930,09:48:50,28.5,--,6,17100,卖盘
1931,09:48:45,28.5,--,0,0,卖盘
1932,09:48:39,28.5,-0.04,50,142500,卖盘
1933,09:48:35,28.54,0.04,48,136992,买盘
1934,09:48:30,28.5,--,8,22800,卖盘
1935,09:48:24,28.5,--,5,14250,卖盘
1936,09:48:20,28.5,-0.02,5,14250,卖盘
1937,09:48:09,28.52,0.01,5,14260,买盘
1938,09:48:04,28.51,--,3,8553,卖盘
1939,09:48:00,28.51,-0.01,39,111189,卖盘
1940,09:47:54,28.52,0.01,5,14260,卖盘
1941,09:47:45,28.51,-0.01,46,131146,卖盘
1942,09:47:35,28.52,--,20,57040,卖盘
1943,09:47:29,28.52,--,0,0,卖盘
1944,09:47:24,28.52,0.01,6,17112,卖盘
1945,09:47:20,28.51,--,10,28510,卖盘
1946,09:47:13,28.51,--,10,28510,卖盘
1947,09:47:09,28.51,--,5,14255,卖盘
1948,09:47:05,28.51,--,2,5702,卖盘
1949,09:46:58,28.51,--,23,65573,卖盘
1950,09:46:49,28.51,--,7,19957,卖盘
1951,09:46:44,28.51,--,0,0,中性盘
1952,09:46:35,28.51,0.01,5,14255,中性盘
1953,09:46:29,28.5,-0.08,22,62700,卖盘
1954,09:46:24,28.58,--,0,0,买盘
1955,09:46:20,28.58,0.07,10,28580,买盘
1956,09:46:13,28.51,--,10,28510,买盘
1957,09:46:09,28.51,0.01,10,28510,买盘
1958,09:45:54,28.5,0.04,20,57000,买盘
1959,09:45:44,28.46,-0.04,67,190682,卖盘
1960,09:45:34,28.5,0.04,7,19950,买盘
1961,09:45:29,28.46,--,5,14230,卖盘
1962,09:45:24,28.46,--,8,22768,卖盘
1963,09:45:19,28.46,--,10,28460,买盘
1964,09:45:13,28.46,0.01,5,14230,买盘
1965,09:45:09,28.45,--,5,14225,卖盘
1966,09:45:04,28.45,0.02,7,19915,买盘
1967,09:44:59,28.43,-0.02,5,14215,卖盘
1968,09:44:49,28.45,0.02,15,42675,买盘
1969,09:44:44,28.43,--,5,14215,买盘
1970,09:44:39,28.43,--,22,62546,卖盘
1971,09:44:29,28.43,--,6,17058,卖盘
1972,09:44:24,28.43,--,5,14215,卖盘
1973,09:44:19,28.43,0.01,4,11372,买盘
1974,09:44:14,28.42,-0.01,14,39788,卖盘
1975,09:44:09,28.43,0.01,3,8529,买盘
1976,09:44:04,28.42,0.02,6,17052,卖盘
1977,09:43:59,28.4,--,0,0,卖盘
1978,09:43:54,28.4,-0.02,5,14200,卖盘
1979,09:43:49,28.42,--,0,0,买盘
1980,09:43:44,28.42,0.03,8,22736,买盘
1981,09:43:39,28.39,--,0,0,卖盘
1982,09:43:29,28.39,-0.01,11,31229,卖盘
1983,09:43:24,28.4,0.02,9,25560,买盘
1984,09:43:18,28.38,-0.01,18,51084,卖盘
1985,09:43:09,28.39,-0.01,7,19873,卖盘
1986,09:43:03,28.4,--,13,36920,卖盘
1987,09:42:59,28.4,--,5,14200,卖盘
1988,09:42:54,28.4,0.01,35,99400,买盘
1989,09:42:48,28.39,0.01,10,28390,买盘
1990,09:42:44,28.38,-0.02,5,14190,卖盘
1991,09:42:39,28.4,-0.02,9,25560,买盘
1992,09:42:29,28.42,0.01,10,28420,买盘
1993,09:42:24,28.41,-0.03,22,62502,卖盘
1994,09:42:13,28.44,--,10,28440,买盘
1995,09:42:09,28.44,--,11,31284,买盘
1996,09:42:03,28.44,0.01,6,17064,买盘
1997,09:41:59,28.43,--,1,2843,卖盘
1998,09:41:54,28.43,--,32,90976,卖盘
1999,09:41:44,28.43,-0.02,5,14215,卖盘
2000,09:41:39,28.45,0.01,54,153630,买盘
2001,09:41:33,28.44,--,5,14220,卖盘
2002,09:41:29,28.44,-0.01,6,17064,卖盘
2003,09:41:24,28.45,0.01,4,11380,买盘
2004,09:41:18,28.44,-0.01,12,34128,卖盘
2005,09:41:14,28.45,--,2,5690,卖盘
2006,09:41:09,28.45,0.01,52,147940,买盘
2007,09:40:59,28.44,-0.01,8,22752,卖盘
2008,09:40:54,28.45,0.01,5,14225,买盘
2009,09:40:44,28.44,-0.01,8,22752,卖盘
2010,09:40:39,28.45,0.01,4,11380,中性盘
2011,09:40:33,28.44,-0.01,10,28440,卖盘
2012,09:40:29,28.45,--,2,5690,卖盘
2013,09:40:23,28.45,0.02,18,51210,买盘
2014,09:40:18,28.43,0.01,2,5686,中性盘
2015,09:40:13,28.42,-0.02,5,14210,卖盘
2016,09:40:08,28.44,0.02,10,28440,买盘
2017,09:39:58,28.42,--,24,68208,买盘
2018,09:39:53,28.42,--,8,22736,买盘
2019,09:39:48,28.42,0.01,50,142100,买盘
2020,09:39:37,28.41,--,20,56820,卖盘
2021,09:39:33,28.41,--,11,31251,卖盘
2022,09:39:28,28.41,0.05,1,2841,买盘
2023,09:39:23,28.36,0.01,6,17016,中性盘
2024,09:39:18,28.35,--,8,22680,卖盘
2025,09:39:13,28.35,-0.01,6,17010,卖盘
2026,09:39:08,28.36,0.01,8,22688,中性盘
2027,09:39:03,28.35,--,0,0,中性盘
2028,09:38:58,28.35,--,5,14175,卖盘
2029,09:38:52,28.35,--,0,0,中性盘
2030,09:38:48,28.35,0.02,10,28350,买盘
2031,09:38:43,28.33,-0.09,11,31162,卖盘
2032,09:38:37,28.42,0.07,6,17052,买盘
2033,09:38:33,28.35,--,5,14175,卖盘
2034,09:38:28,28.35,0.02,98,280324,买盘
2035,09:38:23,28.33,0.01,77,218141,买盘
2036,09:38:18,28.32,-0.01,52,147264,卖盘
2037,09:38:13,28.33,0.01,10,28330,买盘
2038,09:38:08,28.32,-0.01,119,337008,卖盘
2039,09:38:03,28.33,--,10,28330,买盘
2040,09:37:58,28.33,--,23,65158,买盘
2041,09:37:53,28.33,0.01,6,16998,买盘
2042,09:37:48,28.32,-0.02,32,90624,卖盘
2043,09:37:43,28.34,--,2,5668,买盘
2044,09:37:38,28.34,0.01,12,34008,买盘
2045,09:37:28,28.33,0.02,35,99155,买盘
2046,09:37:23,28.31,-0.01,10,28310,卖盘
2047,09:37:18,28.32,--,1,2832,卖盘
2048,09:37:13,28.32,-0.01,12,33984,卖盘
2049,09:37:07,28.33,0.01,10,28330,买盘
2050,09:37:03,28.32,-0.01,6,16992,卖盘
2051,09:36:57,28.33,--,1,5099,卖盘
2052,09:36:52,28.33,--,5,14165,卖盘
2053,09:36:48,28.33,-0.02,5,14165,卖盘
2054,09:36:43,28.35,0.02,1,2835,买盘
2055,09:36:38,28.33,--,11,31162,卖盘
2056,09:36:33,28.33,--,11,31162,卖盘
2057,09:36:27,28.33,-0.02,5,14165,卖盘
2058,09:36:23,28.35,0.02,14,39690,买盘
2059,09:36:18,28.33,--,7,19831,卖盘
2060,09:36:12,28.33,--,27,76491,卖盘
2061,09:36:07,28.33,-0.02,6,16998,卖盘
2062,09:36:03,28.35,0.02,2,5670,中性盘
2063,09:35:57,28.33,-0.02,23,65158,卖盘
2064,09:35:53,28.35,0.02,2,5670,中性盘
2065,09:35:48,28.33,--,4,11332,卖盘
2066,09:35:42,28.33,--,0,0,卖盘
2067,09:35:38,28.33,-0.02,117,332027,卖盘
2068,09:35:33,28.35,0.02,24,68040,买盘
2069,09:35:23,28.33,-0.02,115,325795,卖盘
2070,09:35:12,28.35,0.02,9,25515,买盘
2071,09:35:07,28.33,--,13,36829,卖盘
2072,09:35:03,28.33,-0.02,25,70825,卖盘
2073,09:34:52,28.35,-0.01,17,48195,卖盘
2074,09:34:48,28.36,0.01,184,521824,买盘
2075,09:34:37,28.35,-0.01,8,22680,卖盘
2076,09:34:32,28.36,-0.04,26,76004,卖盘
2077,09:34:27,28.4,-0.01,5,14200,中性盘
2078,09:34:23,28.41,0.01,428,1216970,买盘
2079,09:34:17,28.4,--,108,306720,卖盘
2080,09:34:12,28.4,--,0,0,卖盘
2081,09:34:08,28.4,-0.01,31,88040,卖盘
2082,09:34:03,28.41,--,0,0,卖盘
2083,09:33:57,28.41,--,0,0,卖盘
2084,09:33:53,28.41,--,5,14205,卖盘
2085,09:33:47,28.41,--,6,17046,卖盘
2086,09:33:37,28.41,--,29,84775,买盘
2087,09:33:33,28.41,--,56,159096,买盘
2088,09:33:27,28.41,--,14,39774,买盘
2089,09:33:22,28.41,--,11,31251,买盘
2090,09:33:17,28.41,--,10,28410,买盘
2091,09:33:12,28.41,--,30,86934,卖盘
2092,09:33:02,28.41,--,18,51706,卖盘
2093,09:32:57,28.41,-0.03,8,22728,卖盘
2094,09:32:46,28.44,0.03,5,14220,买盘
2095,09:32:42,28.41,--,17,48865,买盘
2096,09:32:37,28.41,0.05,3,8523,买盘
2097,09:32:32,28.36,--,6,17016,卖盘
2098,09:32:27,28.36,-0.05,28,79408,卖盘
2099,09:32:22,28.41,0.04,13,36933,买盘
2100,09:32:16,28.37,-0.04,6,17022,卖盘
2101,09:32:12,28.41,--,2,7954,卖盘
2102,09:32:07,28.41,--,5,14205,卖盘
2103,09:32:02,28.41,--,2,5682,卖盘
2104,09:31:57,28.41,--,5,14773,买盘
2105,09:31:52,28.41,--,2,5682,买盘
2106,09:31:46,28.41,--,5,14205,买盘
2107,09:31:42,28.41,--,6,17046,买盘
2108,09:31:37,28.41,0.05,3,8523,买盘
2109,09:31:32,28.36,--,10,28360,卖盘
2110,09:31:27,28.36,--,5,14180,卖盘
2111,09:31:22,28.36,0.01,9,25524,卖盘
2112,09:31:16,28.35,--,0,0,卖盘
2113,09:31:12,28.35,--,5,14175,卖盘
2114,09:31:01,28.35,-0.06,8,22680,卖盘
2115,09:30:57,28.41,--,0,0,买盘
2116,09:30:52,28.41,0.07,1,2841,买盘
2117,09:30:46,28.34,0.01,19,53846,卖盘
2118,09:30:42,28.33,--,0,0,卖盘
2119,09:30:36,28.33,-0.08,5,14165,卖盘
2120,09:30:31,28.41,--,4,11364,中性盘
2121,09:30:27,28.41,--,5,14205,卖盘
2122,09:30:21,28.41,-0.04,3,8523,卖盘
2123,09:30:16,28.45,0.1,6,17070,买盘
2124,09:30:07,28.35,-0.16,124,353354,卖盘
2125,09:30:01,28.51,--,2,5702,卖盘
2126,09:28:53,28.51,--,0,0,卖盘
2127,09:25:04,28.51,28.51,122,348848,买盘
