,time,price,change,volume,amount,type
0,15:00:00,5.29,--,0,0,卖盘
1,15:00:00,5.29,--,0,0,卖盘
2,15:00:00,5.29,-0.01,5,2645,卖盘
3,14:59:56,5.3,--,440,233200,买盘
4,14:59:51,5.3,0.01,703,372590,买盘
5,14:59:46,5.29,--,70,37030,卖盘
6,14:59:41,5.29,-0.01,97,51313,卖盘
7,14:59:36,5.3,--,261,138330,买盘
8,14:59:31,5.3,--,27,14310,买盘
9,14:59:26,5.3,--,15,7950,买盘
10,14:59:21,5.3,0.01,20,10600,买盘
11,14:59:16,5.29,--,40,21160,卖盘
12,14:59:11,5.29,-0.01,97,51313,卖盘
13,14:58:55,5.3,--,144,76320,买盘
14,14:58:51,5.3,--,61,32330,买盘
15,14:58:46,5.3,--,29,15370,买盘
16,14:58:40,5.3,0.01,66,34980,买盘
17,14:58:31,5.29,-0.01,249,131721,卖盘
18,14:58:20,5.3,--,82,43460,买盘
19,14:58:16,5.3,0.01,245,129850,买盘
20,14:58:10,5.29,--,1556,823124,卖盘
21,14:57:55,5.29,--,64,33856,卖盘
22,14:57:45,5.29,--,25,13225,卖盘
23,14:57:40,5.29,-0.01,614,324806,卖盘
24,14:57:35,5.3,0.01,3,1590,买盘
25,14:57:30,5.29,-0.01,420,222180,卖盘
26,14:57:25,5.3,0.01,13,6890,买盘
27,14:57:20,5.29,--,18,9522,卖盘
28,14:57:15,5.29,-0.01,202,106858,卖盘
29,14:57:10,5.3,0.01,244,129320,买盘
30,14:57:05,5.29,--,365,193085,卖盘
31,14:57:00,5.29,-0.01,5,2645,卖盘
32,14:56:55,5.3,--,20,10600,买盘
33,14:56:50,5.3,0.01,23,12190,买盘
34,14:56:45,5.29,-0.01,272,143888,卖盘
35,14:56:40,5.3,--,10,5300,买盘
36,14:56:35,5.3,0.01,10,5300,买盘
37,14:56:30,5.29,--,20,10580,卖盘
38,14:56:24,5.29,-0.01,53,28037,卖盘
39,14:56:20,5.3,0.01,60,31800,买盘
40,14:56:15,5.29,--,144,76176,卖盘
41,14:56:05,5.29,-0.01,351,185679,卖盘
42,14:56:00,5.3,0.01,5,2650,买盘
43,14:55:55,5.29,-0.01,305,161345,卖盘
44,14:55:50,5.3,--,341,180730,买盘
45,14:55:45,5.3,--,150,79500,买盘
46,14:55:39,5.3,--,226,119780,买盘
47,14:55:35,5.3,--,15,7950,买盘
48,14:55:24,5.3,--,112,59360,买盘
49,14:55:20,5.3,--,3,1590,买盘
50,14:55:15,5.3,0.01,26,13780,买盘
51,14:55:10,5.29,--,21,11109,卖盘
52,14:55:05,5.29,--,231,122199,卖盘
53,14:55:00,5.29,--,1,529,卖盘
54,14:54:54,5.29,-0.01,25,13225,卖盘
55,14:54:50,5.3,--,104,55120,买盘
56,14:54:45,5.3,0.01,113,59890,买盘
57,14:54:39,5.29,--,508,268732,卖盘
58,14:54:35,5.29,-0.01,160,84640,卖盘
59,14:54:30,5.3,--,10,5300,买盘
60,14:54:24,5.3,--,18,9540,买盘
61,14:54:20,5.3,0.01,54,28620,买盘
62,14:54:15,5.29,-0.01,300,158700,卖盘
63,14:54:05,5.3,0.01,128,67840,买盘
64,14:54:00,5.29,-0.01,80,42320,卖盘
65,14:53:54,5.3,--,100,53000,买盘
66,14:53:50,5.3,0.01,319,169070,买盘
67,14:53:39,5.29,--,145,76705,卖盘
68,14:53:35,5.29,--,145,76705,卖盘
69,14:53:30,5.29,-0.01,29,15341,卖盘
70,14:53:24,5.3,--,13,6890,买盘
71,14:53:20,5.3,--,133,70495,买盘
72,14:53:15,5.3,--,122,64660,买盘
73,14:53:09,5.3,--,86,45580,买盘
74,14:53:05,5.3,--,414,219420,买盘
75,14:52:54,5.3,--,339,179670,买盘
76,14:52:50,5.3,0.01,167,88510,买盘
77,14:52:45,5.29,--,62,32798,卖盘
78,14:52:39,5.29,--,257,135953,卖盘
79,14:52:35,5.29,--,24,12696,卖盘
80,14:52:24,5.29,--,24,12696,卖盘
81,14:52:20,5.29,--,8,4232,卖盘
82,14:52:15,5.29,--,30,15870,卖盘
83,14:52:09,5.29,-0.01,118,62422,卖盘
84,14:52:05,5.3,0.01,10,5300,买盘
85,14:52:00,5.29,-0.01,85,44965,卖盘
86,14:51:54,5.3,--,3,1590,买盘
87,14:51:49,5.3,0.01,216,114480,买盘
88,14:51:45,5.29,-0.01,33,17457,卖盘
89,14:51:39,5.3,--,168,89040,买盘
90,14:51:34,5.3,--,3,1590,买盘
91,14:51:24,5.3,0.01,34,18020,买盘
92,14:51:18,5.29,--,184,97336,卖盘
93,14:51:14,5.29,--,16,8464,卖盘
94,14:51:09,5.29,--,122,65014,卖盘
95,14:51:03,5.29,--,36,19044,卖盘
96,14:50:54,5.29,-0.01,13,6877,卖盘
97,14:50:48,5.3,0.01,364,192920,买盘
98,14:50:44,5.29,-0.01,121,64009,卖盘
99,14:50:39,5.3,0.01,89,47170,买盘
100,14:50:33,5.29,--,3,1587,卖盘
101,14:50:29,5.29,-0.01,41,21689,卖盘
102,14:50:24,5.3,--,6,3180,买盘
103,14:50:18,5.3,--,5,2650,买盘
104,14:50:14,5.3,--,22,11660,买盘
105,14:50:09,5.3,0.01,117,62010,买盘
106,14:49:54,5.29,--,34,17986,卖盘
107,14:49:48,5.29,-0.01,10,5290,卖盘
108,14:49:39,5.3,--,87,46110,买盘
109,14:49:33,5.3,--,814,431420,买盘
110,14:49:29,5.3,--,5,2650,买盘
111,14:49:24,5.3,0.01,54,28620,买盘
112,14:49:18,5.29,--,2,1058,卖盘
113,14:49:14,5.29,-0.01,8,4232,卖盘
114,14:49:09,5.3,--,106,56180,买盘
115,14:49:03,5.3,0.01,3,1590,买盘
116,14:48:59,5.29,-0.01,216,114264,卖盘
117,14:48:54,5.3,0.01,3,1590,买盘
118,14:48:48,5.29,--,30,15870,卖盘
119,14:48:44,5.29,-0.01,992,524768,卖盘
120,14:48:39,5.3,--,87,46110,买盘
121,14:48:29,5.3,--,18,9540,买盘
122,14:48:24,5.3,--,4,2120,买盘
123,14:48:18,5.3,--,44,23320,买盘
124,14:48:09,5.3,--,109,57770,买盘
125,14:48:03,5.3,0.01,27,14310,买盘
126,14:47:59,5.29,-0.01,60,31740,卖盘
127,14:47:54,5.3,0.01,128,67840,买盘
128,14:47:48,5.29,-0.01,367,194143,卖盘
129,14:47:44,5.3,--,110,58300,买盘
130,14:47:39,5.3,0.01,87,46110,买盘
131,14:47:33,5.29,-0.01,50,26450,卖盘
132,14:47:29,5.3,--,114,60420,买盘
133,14:47:24,5.3,--,3,1590,买盘
134,14:47:18,5.3,0.01,168,89040,买盘
135,14:47:14,5.29,-0.01,30,15870,卖盘
136,14:47:09,5.3,--,464,245920,买盘
137,14:46:59,5.3,0.01,10,5300,买盘
138,14:46:54,5.29,--,35,18842,卖盘
139,14:46:48,5.29,--,50,26450,卖盘
140,14:46:44,5.29,--,10,5290,卖盘
141,14:46:39,5.29,-0.01,117,61893,卖盘
142,14:46:33,5.3,--,20,10600,买盘
143,14:46:29,5.3,--,20,10600,买盘
144,14:46:23,5.3,--,4,2120,买盘
145,14:46:08,5.3,0.01,87,46110,买盘
146,14:46:03,5.29,--,31,16399,卖盘
147,14:45:59,5.29,-0.01,29,15341,卖盘
148,14:45:54,5.3,--,1,530,买盘
149,14:45:38,5.3,0.01,87,46110,买盘
150,14:45:28,5.29,-0.01,50,26450,卖盘
151,14:45:23,5.3,0.01,29,15370,买盘
152,14:45:18,5.29,--,2,1058,卖盘
153,14:45:13,5.29,-0.01,40,21160,卖盘
154,14:45:08,5.3,0.01,86,45580,买盘
155,14:44:57,5.29,-0.01,30,15870,卖盘
156,14:44:53,5.3,0.01,5,2650,买盘
157,14:44:48,5.29,--,1,529,卖盘
158,14:44:42,5.29,-0.01,241,127489,卖盘
159,14:44:33,5.3,0.01,20,10600,买盘
160,14:44:27,5.29,-0.01,51,27084,卖盘
161,14:44:18,5.3,0.01,68,36040,买盘
162,14:44:12,5.29,-0.01,10,5290,卖盘
163,14:44:08,5.3,0.01,60,31800,买盘
164,14:44:03,5.29,-0.01,445,235405,卖盘
165,14:43:48,5.3,0.01,82,43460,买盘
166,14:43:33,5.29,-0.01,4,2116,卖盘
167,14:43:27,5.3,0.01,41,21730,买盘
168,14:43:12,5.29,--,2,1058,卖盘
169,14:43:08,5.29,-0.01,1,529,卖盘
170,14:42:57,5.3,--,272,144642,卖盘
171,14:42:53,5.3,--,100,53000,卖盘
172,14:42:48,5.3,--,411,217830,卖盘
173,14:42:42,5.3,--,128,67840,卖盘
174,14:42:38,5.3,--,500,265000,卖盘
175,14:42:33,5.3,--,110,58300,卖盘
176,14:42:27,5.3,--,30,15900,卖盘
177,14:42:23,5.3,--,80,42400,卖盘
178,14:42:18,5.3,--,50,26500,卖盘
179,14:42:12,5.3,--,456,241680,卖盘
180,14:42:07,5.3,--,45,23850,卖盘
181,14:42:03,5.3,--,1,530,卖盘
182,14:41:57,5.3,--,2,1060,卖盘
183,14:41:53,5.3,--,25,13250,卖盘
184,14:41:48,5.3,--,5,2650,卖盘
185,14:41:42,5.3,--,10,5300,卖盘
186,14:41:38,5.3,--,91,48230,卖盘
187,14:41:33,5.3,-0.01,289,153170,卖盘
188,14:41:27,5.31,0.01,279,148149,买盘
189,14:41:23,5.3,--,120,63600,卖盘
190,14:41:18,5.3,--,126,66780,卖盘
191,14:41:12,5.3,--,12,6360,卖盘
192,14:41:08,5.3,--,210,111300,卖盘
193,14:40:57,5.3,--,263,139390,卖盘
194,14:40:53,5.3,-0.01,45,23850,卖盘
195,14:40:42,5.31,0.01,328,174168,买盘
196,14:40:27,5.3,-0.01,93,49290,卖盘
197,14:40:18,5.31,--,85,45135,买盘
198,14:40:12,5.31,0.01,10,5310,买盘
199,14:40:08,5.3,--,10,5300,卖盘
200,14:40:03,5.3,-0.01,10,5300,卖盘
201,14:39:57,5.31,0.01,100,53099,买盘
202,14:39:53,5.3,--,33,17490,卖盘
203,14:39:42,5.3,-0.01,750,397500,卖盘
204,14:39:38,5.31,0.01,90,47790,买盘
205,14:39:27,5.3,--,34,18020,卖盘
206,14:39:22,5.3,-0.01,107,56710,卖盘
207,14:39:17,5.31,--,77,40887,买盘
208,14:39:12,5.31,0.01,150,79650,买盘
209,14:39:07,5.3,--,168,89040,卖盘
210,14:38:51,5.3,--,172,91160,卖盘
211,14:38:47,5.3,-0.01,30,15900,卖盘
212,14:38:42,5.31,0.01,75,39825,买盘
213,14:38:36,5.3,-0.01,49,25970,卖盘
214,14:38:32,5.31,0.01,10,5310,买盘
215,14:38:27,5.3,--,30,15900,卖盘
216,14:38:21,5.3,--,12,6360,卖盘
217,14:38:12,5.3,--,98,51940,卖盘
218,14:38:06,5.3,--,4,2120,卖盘
219,14:38:02,5.3,-0.01,10,5300,卖盘
220,14:37:57,5.31,0.01,14,7433,买盘
221,14:37:51,5.3,--,30,15900,卖盘
222,14:37:47,5.3,--,110,58300,卖盘
223,14:37:42,5.3,-0.01,31,16430,卖盘
224,14:37:36,5.31,0.01,213,113102,买盘
225,14:37:32,5.3,--,11,5830,卖盘
226,14:37:27,5.3,--,62,32860,卖盘
227,14:37:21,5.3,--,241,127730,卖盘
228,14:37:12,5.3,--,200,106000,卖盘
229,14:37:06,5.3,--,42,22260,卖盘
230,14:36:57,5.3,-0.01,123,65190,卖盘
231,14:36:51,5.31,0.01,65,34515,买盘
232,14:36:36,5.3,-0.01,29,15370,卖盘
233,14:36:21,5.31,0.01,10,5310,买盘
234,14:36:17,5.3,--,20,10600,卖盘
235,14:36:12,5.3,--,130,68900,卖盘
236,14:36:02,5.3,-0.01,30,15900,卖盘
237,14:35:51,5.31,--,3,1592,买盘
238,14:35:47,5.31,0.01,60,31859,买盘
239,14:35:42,5.3,--,26,13780,卖盘
240,14:35:36,5.3,--,5,2650,卖盘
241,14:35:27,5.3,--,30,15900,卖盘
242,14:35:21,5.3,--,110,58300,卖盘
243,14:35:17,5.3,--,21,11130,卖盘
244,14:35:12,5.3,-0.01,8,4240,卖盘
245,14:35:01,5.31,0.01,994,527814,买盘
246,14:34:51,5.3,--,32,16960,卖盘
247,14:34:46,5.3,--,24,12720,卖盘
248,14:34:41,5.3,--,12,6360,卖盘
249,14:34:36,5.3,--,7,3710,卖盘
250,14:34:17,5.3,--,36,19080,卖盘
251,14:34:12,5.3,--,10,5300,卖盘
252,14:34:06,5.3,-0.01,30,15900,卖盘
253,14:34:01,5.31,0.01,3,1592,买盘
254,14:33:56,5.3,--,10,5300,卖盘
255,14:33:51,5.3,-0.01,7,3710,卖盘
256,14:33:47,5.31,0.01,122,64781,买盘
257,14:33:41,5.3,--,2,1060,卖盘
258,14:33:36,5.3,--,23,12190,卖盘
259,14:33:21,5.3,--,8,4240,卖盘
260,14:33:17,5.3,--,80,42400,卖盘
261,14:33:06,5.3,--,80,42400,卖盘
262,14:33:01,5.3,-0.01,32,16960,卖盘
263,14:32:46,5.31,0.01,18,9558,买盘
264,14:32:41,5.3,--,100,53000,卖盘
265,14:32:36,5.3,--,81,42930,卖盘
266,14:32:30,5.3,-0.01,110,58300,卖盘
267,14:32:26,5.31,0.01,1,531,买盘
268,14:32:21,5.3,--,44,23320,卖盘
269,14:32:15,5.3,--,50,26500,卖盘
270,14:32:11,5.3,--,40,21200,卖盘
271,14:32:00,5.3,-0.01,32,16960,卖盘
272,14:31:56,5.31,0.01,10,5310,买盘
273,14:31:45,5.3,--,120,63600,卖盘
274,14:31:41,5.3,--,2,1060,卖盘
275,14:31:30,5.3,--,83,43990,卖盘
276,14:31:21,5.3,--,121,64130,卖盘
277,14:31:06,5.3,--,115,60950,卖盘
278,14:31:00,5.3,--,30,15900,卖盘
279,14:30:51,5.3,--,10,5300,卖盘
280,14:30:41,5.3,--,12,6360,卖盘
281,14:30:36,5.3,-0.01,5,2650,卖盘
282,14:30:30,5.31,--,1966,1043945,买盘
283,14:30:26,5.31,0.01,55,29204,买盘
284,14:30:06,5.3,-0.01,205,108650,卖盘
285,14:29:51,5.31,0.01,63,33453,买盘
286,14:29:45,5.3,--,40,21200,卖盘
287,14:29:30,5.3,-0.01,51,27030,卖盘
288,14:29:25,5.31,0.01,4,2124,买盘
289,14:29:21,5.3,-0.01,9,4770,卖盘
290,14:29:06,5.31,0.01,111,58940,买盘
291,14:28:55,5.3,--,100,53000,卖盘
292,14:28:45,5.3,-0.01,5,2650,卖盘
293,14:28:41,5.31,0.01,40,21240,买盘
294,14:28:36,5.3,-0.01,45,23850,卖盘
295,14:28:30,5.31,0.01,28,14867,买盘
296,14:28:25,5.3,-0.01,58,30740,卖盘
297,14:28:21,5.31,0.01,10,5310,买盘
298,14:28:15,5.3,--,48,25440,卖盘
299,14:28:06,5.3,--,104,55120,卖盘
300,14:28:00,5.3,-0.01,11,5830,卖盘
301,14:27:55,5.31,0.01,50,26549,买盘
302,14:27:45,5.3,--,2511,1330830,卖盘
303,14:27:36,5.3,--,339,179670,卖盘
304,14:27:30,5.3,-0.01,10,5300,卖盘
305,14:27:25,5.31,0.01,15,7964,买盘
306,14:27:15,5.3,-0.01,28,14840,卖盘
307,14:27:10,5.31,0.01,10,5310,买盘
308,14:27:05,5.3,-0.01,10,5300,卖盘
309,14:27:00,5.31,--,34,18054,买盘
310,14:26:55,5.31,--,10,5310,买盘
311,14:26:50,5.31,--,6,3185,买盘
312,14:26:45,5.31,0.01,210,111509,买盘
313,14:26:30,5.3,-0.01,32,16960,卖盘
314,14:26:25,5.31,0.01,11,5841,买盘
315,14:26:10,5.3,--,304,161120,卖盘
316,14:26:05,5.3,-0.01,9,4770,卖盘
317,14:26:00,5.31,0.01,10,5310,买盘
318,14:25:55,5.3,--,80,42400,卖盘
319,14:25:50,5.3,-0.01,506,268180,卖盘
320,14:25:40,5.31,0.01,50,26549,买盘
321,14:25:30,5.3,-0.01,10,5300,卖盘
322,14:25:24,5.31,0.01,41,21771,买盘
323,14:25:20,5.3,-0.01,20,10600,卖盘
324,14:25:15,5.31,--,25,13274,买盘
325,14:25:09,5.31,0.01,193,102482,买盘
326,14:25:00,5.3,-0.01,30,15900,卖盘
327,14:24:54,5.31,0.01,39,20709,买盘
328,14:24:50,5.3,--,60,31800,卖盘
329,14:24:45,5.3,-0.01,50,26500,卖盘
330,14:24:39,5.31,--,48,25487,买盘
331,14:24:30,5.31,0.01,460,244259,买盘
332,14:24:24,5.3,-0.01,46,24380,卖盘
333,14:24:20,5.31,0.01,100,53099,买盘
334,14:24:15,5.3,-0.01,31,16430,卖盘
335,14:24:09,5.31,--,77,40887,买盘
336,14:24:05,5.31,0.01,18,9558,买盘
337,14:24:00,5.3,--,20,10600,卖盘
338,14:23:54,5.3,--,30,15900,卖盘
339,14:23:50,5.3,-0.01,30,15900,卖盘
340,14:23:45,5.31,0.01,42,22302,买盘
341,14:23:39,5.3,-0.01,72,38160,卖盘
342,14:23:24,5.31,--,10,5310,买盘
343,14:23:20,5.31,0.01,50,26549,买盘
344,14:23:09,5.3,--,79,41870,卖盘
345,14:23:00,5.3,-0.01,30,15900,卖盘
346,14:22:50,5.31,0.01,4,2124,买盘
347,14:22:45,5.3,-0.01,20,10600,卖盘
348,14:22:39,5.31,0.01,67,35577,买盘
349,14:22:30,5.3,--,35,18550,卖盘
350,14:22:20,5.3,-0.01,1,583,卖盘
351,14:22:15,5.31,--,66,35046,买盘
352,14:22:09,5.31,0.01,58,30797,买盘
353,14:22:00,5.3,--,50,26500,卖盘
354,14:21:54,5.3,-0.01,53,28090,卖盘
355,14:21:50,5.31,0.01,27,14336,买盘
356,14:21:45,5.3,--,63,33390,卖盘
357,14:21:39,5.3,--,152,80560,卖盘
358,14:21:30,5.3,--,39,20670,卖盘
359,14:21:24,5.3,-0.01,30,15900,卖盘
360,14:21:19,5.31,--,10,5310,买盘
361,14:21:15,5.31,0.01,4,2124,买盘
362,14:21:09,5.3,-0.01,107,56710,卖盘
363,14:21:04,5.31,0.01,968,514268,买盘
364,14:20:54,5.3,--,32,16960,卖盘
365,14:20:49,5.3,-0.01,15,7950,卖盘
366,14:20:39,5.31,--,118,62657,买盘
367,14:20:35,5.31,--,20,10620,买盘
368,14:20:24,5.31,0.01,78,41418,买盘
369,14:20:20,5.3,-0.01,49,25970,卖盘
370,14:20:14,5.31,0.01,600,318600,买盘
371,14:20:09,5.3,-0.01,197,104410,卖盘
372,14:19:54,5.31,0.01,30,15929,买盘
373,14:19:49,5.3,-0.01,30,15900,卖盘
374,14:19:39,5.31,--,48,25487,买盘
375,14:19:34,5.31,0.01,31,16461,买盘
376,14:19:24,5.3,--,2,1060,卖盘
377,14:19:19,5.3,-0.01,80,42400,卖盘
378,14:19:09,5.31,0.01,162,86022,买盘
379,14:18:59,5.3,-0.01,865,458450,卖盘
380,14:18:54,5.31,--,214,113633,买盘
381,14:18:48,5.31,--,91,48321,买盘
382,14:18:44,5.31,0.01,21,11151,买盘
383,14:18:39,5.3,--,79,41870,卖盘
384,14:18:33,5.3,--,30,15900,卖盘
385,14:18:29,5.3,-0.01,4,2120,卖盘
386,14:18:24,5.31,0.01,26,13805,买盘
387,14:18:18,5.3,--,5,2650,卖盘
388,14:18:14,5.3,-0.01,2,1060,卖盘
389,14:18:09,5.31,0.01,86,45666,买盘
390,14:18:03,5.3,--,24,12720,卖盘
391,14:17:48,5.3,--,21,11130,卖盘
392,14:17:39,5.3,--,90,47700,卖盘
393,14:17:33,5.3,--,450,238500,卖盘
394,14:17:24,5.3,--,17,9010,卖盘
395,14:17:18,5.3,-0.01,95,50350,卖盘
396,14:17:09,5.31,0.01,238,126377,买盘
397,14:17:03,5.3,--,13,6890,卖盘
398,14:16:54,5.3,-0.01,20,10600,卖盘
399,14:16:39,5.31,0.01,51,27080,买盘
400,14:16:33,5.3,--,114,60420,卖盘
401,14:16:29,5.3,--,132,69960,卖盘
402,14:16:18,5.3,--,3,1590,卖盘
403,14:16:09,5.3,--,307,162710,卖盘
404,14:15:59,5.3,--,10,5300,卖盘
405,14:15:54,5.3,--,30,15900,卖盘
406,14:15:48,5.3,-0.01,10,5300,卖盘
407,14:15:44,5.31,0.01,50,26549,买盘
408,14:15:39,5.3,--,88,46640,卖盘
409,14:15:33,5.3,--,20,10600,卖盘
410,14:15:24,5.3,--,29,15370,卖盘
411,14:15:14,5.3,-0.01,15,7950,卖盘
412,14:15:09,5.31,0.01,48,25487,买盘
413,14:15:03,5.3,-0.01,100,53000,卖盘
414,14:14:48,5.31,0.01,42,22302,买盘
415,14:14:44,5.3,-0.01,20,10743,卖盘
416,14:14:39,5.31,--,47,24956,买盘
417,14:14:33,5.31,0.01,37,19647,买盘
418,14:14:18,5.3,-0.01,80,42400,卖盘
419,14:14:09,5.31,--,68,36108,买盘
420,14:13:59,5.31,--,124,65844,买盘
421,14:13:54,5.31,--,144,76464,买盘
422,14:13:48,5.31,0.01,171,90801,买盘
423,14:13:43,5.3,--,35,18550,卖盘
424,14:13:38,5.3,-0.01,57,30210,卖盘
425,14:13:23,5.31,0.01,50,26549,买盘
426,14:13:18,5.3,-0.01,1177,623810,卖盘
427,14:13:13,5.31,--,99,52568,买盘
428,14:13:08,5.31,--,47,24956,买盘
429,14:13:03,5.31,0.01,113,60002,买盘
430,14:12:43,5.3,-0.01,33,17490,卖盘
431,14:12:38,5.31,--,130,69030,买盘
432,14:12:33,5.31,0.01,130,69030,买盘
433,14:12:28,5.3,-0.01,20,10600,卖盘
434,14:12:13,5.31,--,60,31859,买盘
435,14:12:08,5.31,0.01,47,24956,买盘
436,14:12:03,5.3,--,163,86390,卖盘
437,14:11:57,5.3,-0.01,1,530,卖盘
438,14:11:48,5.31,0.01,200,106199,买盘
439,14:11:42,5.3,-0.01,1477,782810,卖盘
440,14:11:38,5.31,0.01,47,24956,买盘
441,14:11:27,5.3,--,38,20140,卖盘
442,14:11:23,5.3,--,10,5300,卖盘
443,14:11:18,5.3,--,5,2650,卖盘
444,14:11:12,5.3,-0.01,28,14840,卖盘
445,14:11:08,5.31,0.01,48,25487,买盘
446,14:10:57,5.3,-0.01,30,15900,卖盘
447,14:10:48,5.31,0.01,98,52037,买盘
448,14:10:42,5.3,-0.01,2224,1178720,卖盘
449,14:10:38,5.31,0.01,47,24956,买盘
450,14:10:33,5.3,--,20,10600,卖盘
451,14:10:27,5.3,--,228,120840,卖盘
452,14:10:23,5.3,--,128,67840,卖盘
453,14:10:18,5.3,-0.01,15,7950,卖盘
454,14:10:12,5.31,--,16,8496,买盘
455,14:10:08,5.31,0.01,152,80712,买盘
456,14:10:03,5.3,--,260,137800,卖盘
457,14:09:57,5.3,--,12,6360,卖盘
458,14:09:53,5.3,--,81,42930,卖盘
459,14:09:48,5.3,-0.01,31,16430,卖盘
460,14:09:38,5.31,0.01,78,41418,买盘
461,14:09:27,5.3,--,1,530,卖盘
462,14:09:23,5.3,--,10,5300,卖盘
463,14:09:18,5.3,--,109,57770,卖盘
464,14:09:12,5.3,--,115,60950,卖盘
465,14:09:08,5.3,--,87,46110,卖盘
466,14:09:03,5.3,--,1321,700130,卖盘
467,14:08:57,5.3,--,23,12190,卖盘
468,14:08:53,5.3,--,50,26500,卖盘
469,14:08:48,5.3,--,150,79500,卖盘
470,14:08:42,5.3,-0.01,60,31800,卖盘
471,14:08:38,5.31,0.01,532,282492,买盘
472,14:08:33,5.3,--,4,2120,卖盘
473,14:08:27,5.3,--,48,25440,卖盘
474,14:08:23,5.3,--,10,5300,卖盘
475,14:08:18,5.3,--,43,22790,卖盘
476,14:08:12,5.3,--,253,134090,卖盘
477,14:08:08,5.3,-0.01,206,109180,卖盘
478,14:08:03,5.31,0.01,84,44604,买盘
479,14:07:57,5.3,--,541,286730,卖盘
480,14:07:48,5.3,--,6,3180,卖盘
481,14:07:42,5.3,--,80,42400,卖盘
482,14:07:33,5.3,--,81,42930,卖盘
483,14:07:27,5.3,--,78,41340,卖盘
484,14:07:17,5.3,--,219,116070,卖盘
485,14:07:12,5.3,--,74,39220,卖盘
486,14:07:08,5.3,--,70,37100,卖盘
487,14:07:03,5.3,--,3,1590,卖盘
488,14:06:57,5.3,--,26,13780,卖盘
489,14:06:53,5.3,--,30,15900,卖盘
490,14:06:48,5.3,--,370,196100,卖盘
491,14:06:42,5.3,--,54,28620,卖盘
492,14:06:33,5.3,--,30,15900,卖盘
493,14:06:27,5.3,--,91,48230,卖盘
494,14:06:17,5.3,--,50,26500,卖盘
495,14:06:07,5.3,--,20,10600,卖盘
496,14:05:57,5.3,--,30,15900,卖盘
497,14:05:52,5.3,--,60,31800,卖盘
498,14:05:42,5.3,--,26,13780,卖盘
499,14:05:32,5.3,--,331,175430,卖盘
500,14:05:27,5.3,-0.01,215,113950,卖盘
501,14:05:22,5.31,0.01,26,13805,买盘
502,14:05:18,5.3,--,74,39220,卖盘
503,14:05:12,5.3,--,30,15900,卖盘
504,14:04:57,5.3,--,118,62540,卖盘
505,14:04:47,5.3,--,33,17490,卖盘
506,14:04:42,5.3,-0.01,30,15900,卖盘
507,14:04:36,5.31,0.01,9,4779,买盘
508,14:04:32,5.3,--,50,26500,卖盘
509,14:04:27,5.3,--,12,6360,卖盘
510,14:04:21,5.3,--,56,29680,卖盘
511,14:04:17,5.3,--,100,53000,卖盘
512,14:04:12,5.3,--,39,20670,卖盘
513,14:04:06,5.3,--,95,50350,卖盘
514,14:04:02,5.3,--,50,26500,卖盘
515,14:03:51,5.3,--,3,1590,卖盘
516,14:03:47,5.3,--,50,26500,卖盘
517,14:03:42,5.3,--,90,47700,卖盘
518,14:03:27,5.3,--,27,14310,卖盘
519,14:03:21,5.3,-0.01,501,265530,卖盘
520,14:03:12,5.31,0.01,10,5310,买盘
521,14:03:06,5.3,--,140,74200,卖盘
522,14:02:56,5.3,-0.01,100,53000,卖盘
523,14:02:51,5.31,0.01,4,2124,买盘
524,14:02:47,5.3,--,51,27030,卖盘
525,14:02:36,5.3,--,29,15370,卖盘
526,14:02:32,5.3,--,50,26500,卖盘
527,14:02:21,5.3,--,50,26500,卖盘
528,14:02:17,5.3,--,25,13250,卖盘
529,14:02:11,5.3,-0.01,542,287260,卖盘
530,14:02:06,5.31,0.01,50,26549,买盘
531,14:02:02,5.3,-0.01,31,16430,卖盘
532,14:01:56,5.31,0.01,43,22833,买盘
533,14:01:47,5.3,-0.01,30,15900,卖盘
534,14:01:41,5.31,0.01,70,37170,买盘
535,14:01:36,5.3,--,28,14840,卖盘
536,14:01:26,5.3,-0.01,31,16430,卖盘
537,14:01:17,5.31,--,8,4248,买盘
538,14:01:11,5.31,0.01,18,9558,买盘
539,14:01:06,5.3,--,5,2650,卖盘
540,14:00:56,5.3,--,129,68370,卖盘
541,14:00:51,5.3,--,30,15900,卖盘
542,14:00:47,5.3,--,10,5300,卖盘
543,14:00:41,5.3,-0.01,1410,747300,卖盘
544,14:00:36,5.31,0.01,59,31328,买盘
545,14:00:26,5.3,-0.01,30,15900,卖盘
546,14:00:21,5.31,--,73,38763,买盘
547,14:00:17,5.31,0.01,30,15929,买盘
548,14:00:11,5.3,--,28,14840,卖盘
549,14:00:06,5.3,--,2036,1079466,卖盘
550,14:00:02,5.3,--,10,5300,卖盘
551,13:59:56,5.3,--,15,7950,卖盘
552,13:59:51,5.3,--,1010,535300,卖盘
553,13:59:41,5.3,-0.01,2,1060,卖盘
554,13:59:36,5.31,--,61,32390,买盘
555,13:59:26,5.31,0.01,26,13805,买盘
556,13:59:21,5.3,-0.01,45,23850,卖盘
557,13:59:17,5.31,0.01,109,57878,买盘
558,13:59:11,5.3,-0.01,72,38160,卖盘
559,13:59:06,5.31,0.01,68,36108,买盘
560,13:58:56,5.3,-0.01,50,26500,卖盘
561,13:58:36,5.31,0.01,88,46728,买盘
562,13:58:31,5.3,--,50,26500,卖盘
563,13:58:26,5.3,--,10,5565,卖盘
564,13:58:21,5.3,--,30,15900,卖盘
565,13:58:16,5.3,--,19,10070,卖盘
566,13:58:06,5.3,--,182,96460,卖盘
567,13:57:56,5.3,--,16,8480,卖盘
568,13:57:51,5.3,-0.01,181,95930,卖盘
569,13:57:41,5.31,--,18,9558,买盘
570,13:57:36,5.31,--,58,30797,买盘
571,13:57:30,5.31,--,30,15929,买盘
572,13:57:26,5.31,0.01,73,38763,买盘
573,13:57:21,5.3,--,170,90100,卖盘
574,13:57:15,5.3,-0.01,247,130910,卖盘
575,13:57:06,5.31,--,241,127970,买盘
576,13:57:00,5.31,0.01,60,31859,买盘
577,13:56:56,5.3,--,358,189740,卖盘
578,13:56:51,5.3,--,40,21200,卖盘
579,13:56:45,5.3,--,362,191860,卖盘
580,13:56:41,5.3,-0.01,103,54590,卖盘
581,13:56:36,5.31,0.01,58,30797,买盘
582,13:56:30,5.3,--,11,5830,卖盘
583,13:56:26,5.3,--,130,68900,卖盘
584,13:56:21,5.3,--,50,26500,卖盘
585,13:56:15,5.3,--,2572,1363160,买盘
586,13:56:06,5.3,--,58,30740,买盘
587,13:56:00,5.3,--,25,13250,买盘
588,13:55:56,5.3,--,100,53000,买盘
589,13:55:50,5.3,--,20,10600,买盘
590,13:55:35,5.3,0.01,185,98050,买盘
591,13:55:30,5.29,--,385,203665,卖盘
592,13:55:26,5.29,-0.01,500,264500,卖盘
593,13:55:20,5.3,--,20,10600,买盘
594,13:55:05,5.3,--,164,86920,买盘
595,13:55:00,5.3,--,77,40810,卖盘
596,13:54:56,5.3,0.01,10,5300,中性盘
597,13:54:50,5.29,-0.02,298,157642,卖盘
598,13:54:45,5.31,0.01,24,12743,买盘
599,13:54:41,5.3,-0.01,50,26500,卖盘
600,13:54:35,5.31,0.01,78,41418,买盘
601,13:54:30,5.3,--,149,78970,卖盘
602,13:54:26,5.3,--,50,26500,卖盘
603,13:54:20,5.3,--,405,214650,卖盘
604,13:54:15,5.3,--,68,36040,卖盘
605,13:54:11,5.3,-0.01,50,26500,卖盘
606,13:54:05,5.31,--,111,58940,买盘
607,13:54:00,5.31,0.01,114,60533,买盘
608,13:53:56,5.3,--,70,37100,卖盘
609,13:53:50,5.3,--,170,90100,卖盘
610,13:53:45,5.3,--,82,43460,卖盘
611,13:53:41,5.3,-0.01,80,42400,卖盘
612,13:53:35,5.31,0.01,57,30266,买盘
613,13:53:30,5.3,--,165,87450,卖盘
614,13:53:20,5.3,--,174,92220,卖盘
615,13:53:15,5.3,--,45,23850,卖盘
616,13:53:11,5.3,--,112,59360,卖盘
617,13:53:05,5.3,-0.01,63,33390,卖盘
618,13:53:00,5.31,--,28,14867,买盘
619,13:52:56,5.31,--,86,45666,买盘
620,13:52:50,5.31,0.01,87,46197,买盘
621,13:52:45,5.3,--,971,514630,卖盘
622,13:52:40,5.3,-0.01,9,4770,卖盘
623,13:52:35,5.31,0.01,90,47790,买盘
624,13:52:25,5.3,--,60,31800,卖盘
625,13:52:20,5.3,--,6141,3254851,买盘
626,13:52:15,5.3,--,503,266590,买盘
627,13:52:10,5.3,--,36,19080,买盘
628,13:52:05,5.3,--,138,73140,买盘
629,13:52:00,5.3,--,844,447320,买盘
630,13:51:55,5.3,--,450,238500,买盘
631,13:51:50,5.3,--,258,136740,买盘
632,13:51:45,5.3,--,508,269240,买盘
633,13:51:40,5.3,--,50,26500,买盘
634,13:51:35,5.3,--,1628,862840,买盘
635,13:51:30,5.3,--,200,106000,买盘
636,13:51:25,5.3,--,10,5300,买盘
637,13:51:20,5.3,--,20,10600,买盘
638,13:51:15,5.3,--,10267,5441510,买盘
639,13:51:05,5.3,--,58,30740,买盘
640,13:50:55,5.3,--,18348,9724440,买盘
641,13:50:50,5.3,0.01,100,53000,买盘
642,13:50:45,5.29,-0.01,79,41791,卖盘
643,13:50:35,5.3,0.01,98,51940,买盘
644,13:50:30,5.29,--,10,5290,卖盘
645,13:50:20,5.29,-0.01,78,41262,卖盘
646,13:50:09,5.3,--,310,164300,买盘
647,13:50:05,5.3,0.01,158,83740,买盘
648,13:49:54,5.29,-0.01,14,7406,卖盘
649,13:49:45,5.3,0.01,535,283550,买盘
650,13:49:39,5.29,-0.01,71,37559,卖盘
651,13:49:35,5.3,0.01,25,13250,买盘
652,13:49:30,5.29,-0.01,215,113735,卖盘
653,13:49:24,5.3,0.01,33,17490,买盘
654,13:49:15,5.29,--,31,16399,卖盘
655,13:49:09,5.29,--,749,396728,买盘
656,13:49:05,5.29,--,135,71415,买盘
657,13:48:59,5.29,--,113,59777,买盘
658,13:48:54,5.29,--,44,23276,买盘
659,13:48:50,5.29,--,2164,1144756,买盘
660,13:48:39,5.29,--,58,30682,买盘
661,13:48:09,5.29,--,165,87285,买盘
662,13:47:44,5.29,--,2000,1058000,买盘
663,13:47:39,5.29,0.01,57,30153,买盘
664,13:47:35,5.28,--,7,3696,卖盘
665,13:47:29,5.28,-0.01,21,11088,卖盘
666,13:47:24,5.29,--,1,529,买盘
667,13:47:14,5.29,0.01,13,6877,买盘
668,13:47:09,5.28,-0.01,7,3696,卖盘
669,13:46:59,5.29,--,65,34385,买盘
670,13:46:54,5.29,0.01,23,12167,买盘
671,13:46:44,5.28,--,0,79,卖盘
672,13:46:04,5.28,-0.01,9,4752,卖盘
673,13:45:59,5.29,--,9,4761,买盘
674,13:45:54,5.29,--,110,58190,买盘
675,13:45:39,5.29,-0.01,1820,962801,卖盘
676,13:45:34,5.3,0.01,1,530,买盘
677,13:45:29,5.29,--,290,153410,卖盘
678,13:45:24,5.29,--,200,105800,卖盘
679,13:45:14,5.29,--,596,315284,卖盘
680,13:45:09,5.29,--,78,41262,卖盘
681,13:45:04,5.29,--,64,33856,卖盘
682,13:44:59,5.29,--,72,38088,卖盘
683,13:44:54,5.29,--,65,34385,卖盘
684,13:44:49,5.29,--,40,21160,卖盘
685,13:44:44,5.29,--,80,42320,卖盘
686,13:44:39,5.29,--,65,34385,卖盘
687,13:44:29,5.29,--,21,11109,卖盘
688,13:44:24,5.29,--,181,95749,卖盘
689,13:44:19,5.29,--,30,15870,卖盘
690,13:44:14,5.29,--,156,82524,卖盘
691,13:44:09,5.29,--,30,15870,卖盘
692,13:44:04,5.29,--,2050,1084450,卖盘
693,13:43:59,5.29,--,85,44965,卖盘
694,13:43:54,5.29,--,100,52900,卖盘
695,13:43:39,5.29,--,12,6348,卖盘
696,13:43:34,5.29,-0.01,402,212658,卖盘
697,13:43:29,5.3,0.01,100,53000,买盘
698,13:43:24,5.29,--,4,2116,卖盘
699,13:43:19,5.29,--,5,2645,卖盘
700,13:43:14,5.29,--,148,78292,卖盘
701,13:43:09,5.29,-0.01,200,105800,卖盘
702,13:43:04,5.3,0.01,64,33920,买盘
703,13:42:59,5.29,--,50,26450,卖盘
704,13:42:54,5.29,--,60,31740,卖盘
705,13:42:48,5.29,--,70,37030,卖盘
706,13:42:44,5.29,--,19,10051,卖盘
707,13:42:39,5.29,--,241,127489,卖盘
708,13:42:29,5.29,--,30,15870,卖盘
709,13:42:24,5.29,--,30,15870,卖盘
710,13:42:18,5.29,--,2,1058,卖盘
711,13:42:09,5.29,-0.01,20,10580,卖盘
712,13:42:03,5.3,0.01,100,53000,买盘
713,13:41:59,5.29,-0.01,78,41262,卖盘
714,13:41:54,5.3,0.01,480,254400,买盘
715,13:41:48,5.29,--,100,52900,卖盘
716,13:41:44,5.29,--,10,5290,卖盘
717,13:41:39,5.29,--,36,19044,卖盘
718,13:41:33,5.29,--,70,37030,卖盘
719,13:41:29,5.29,--,1,529,卖盘
720,13:41:23,5.29,--,76,40204,卖盘
721,13:41:18,5.29,--,110,58190,卖盘
722,13:41:14,5.29,--,63,33327,卖盘
723,13:41:08,5.29,--,50,26450,卖盘
724,13:41:03,5.29,--,100,52900,卖盘
725,13:40:53,5.29,--,72,38088,卖盘
726,13:40:48,5.29,--,42,22218,卖盘
727,13:40:38,5.29,-0.01,5,2645,卖盘
728,13:40:28,5.3,0.01,2,1060,买盘
729,13:40:18,5.29,--,30,15870,卖盘
730,13:40:13,5.29,--,19,10051,卖盘
731,13:40:08,5.29,--,43,22747,卖盘
732,13:40:03,5.29,--,124,65596,卖盘
733,13:39:58,5.29,-0.01,50,26450,卖盘
734,13:39:53,5.3,--,1,530,买盘
735,13:39:43,5.3,--,11,5830,买盘
736,13:39:38,5.3,--,71,37630,买盘
737,13:39:33,5.3,0.01,70,37100,买盘
738,13:39:18,5.29,-0.01,6,3174,卖盘
739,13:39:08,5.3,--,166,87980,买盘
740,13:39:03,5.3,--,3,1590,买盘
741,13:38:58,5.3,0.01,41,21730,买盘
742,13:38:53,5.29,--,4,2116,卖盘
743,13:38:48,5.29,--,349,184621,卖盘
744,13:38:43,5.29,--,60,31740,卖盘
745,13:38:38,5.29,--,73,38617,卖盘
746,13:38:33,5.29,--,25,13225,卖盘
747,13:38:23,5.29,-0.01,60,31740,卖盘
748,13:38:13,5.3,--,78,41340,买盘
749,13:38:08,5.3,0.01,124,65720,买盘
750,13:38:03,5.29,--,105,55545,卖盘
751,13:37:58,5.29,--,5,2645,卖盘
752,13:37:53,5.29,--,20,10580,卖盘
753,13:37:48,5.29,--,30,15870,卖盘
754,13:37:43,5.29,--,215,113735,卖盘
755,13:37:38,5.29,--,50,26450,卖盘
756,13:37:33,5.29,--,3,1587,卖盘
757,13:37:28,5.29,--,2216,1172771,买盘
758,13:37:18,5.29,0.01,1340,708860,买盘
759,13:37:13,5.28,-0.01,9,4752,卖盘
760,13:37:08,5.29,--,215,113735,买盘
761,13:37:03,5.29,--,1526,807254,买盘
762,13:36:58,5.29,--,190,100510,买盘
763,13:36:53,5.29,--,576,304704,买盘
764,13:36:48,5.29,--,221,116909,买盘
765,13:36:43,5.29,--,26,13754,买盘
766,13:36:38,5.29,--,562,297298,买盘
767,13:36:33,5.29,--,1370,724730,买盘
768,13:36:28,5.29,--,1010,534290,买盘
769,13:36:23,5.29,--,207,109503,买盘
770,13:36:18,5.29,--,752,397808,买盘
771,13:36:08,5.29,--,2129,1126241,买盘
772,13:36:03,5.29,--,3165,1674285,买盘
773,13:35:48,5.29,--,3,1587,买盘
774,13:35:38,5.29,0.01,64,33856,买盘
775,13:35:33,5.28,-0.01,10,5280,卖盘
776,13:35:18,5.29,0.01,20,10580,买盘
777,13:35:08,5.28,-0.01,93,49104,卖盘
778,13:35:03,5.29,0.01,50,26450,买盘
779,13:34:48,5.28,-0.01,45,23760,卖盘
780,13:34:42,5.29,--,1,529,买盘
781,13:34:38,5.29,--,53,28037,买盘
782,13:34:33,5.29,0.01,10,5290,买盘
783,13:34:23,5.28,-0.01,50,26400,卖盘
784,13:34:17,5.29,--,17,8993,买盘
785,13:34:08,5.29,0.01,132,69828,买盘
786,13:33:53,5.28,--,10,5280,卖盘
787,13:33:42,5.28,-0.01,16,8448,卖盘
788,13:33:38,5.29,--,52,27508,买盘
789,13:33:07,5.29,0.01,55,29095,买盘
790,13:33:02,5.28,--,10,5280,卖盘
791,13:32:57,5.28,-0.01,13,6864,卖盘
792,13:32:52,5.29,--,10,5290,买盘
793,13:32:37,5.29,0.01,1370,724730,买盘
794,13:32:32,5.28,--,17,8976,卖盘
795,13:32:12,5.28,-0.01,72,38016,卖盘
796,13:32:07,5.29,--,52,27508,买盘
797,13:31:37,5.29,0.01,52,27508,买盘
798,13:31:27,5.28,--,13,6864,卖盘
799,13:31:17,5.28,--,17,8976,卖盘
800,13:31:07,5.28,-0.01,1852,977856,卖盘
801,13:31:02,5.29,--,2,1058,买盘
802,13:30:37,5.29,--,65,34385,买盘
803,13:30:32,5.29,0.01,22,11638,买盘
804,13:30:22,5.28,-0.01,5,2640,卖盘
805,13:30:17,5.29,0.01,18,9522,买盘
806,13:30:12,5.28,-0.01,3,1584,卖盘
807,13:30:07,5.29,--,62,32798,买盘
808,13:30:02,5.29,0.01,1,529,买盘
809,13:29:47,5.28,--,3,1584,卖盘
810,13:29:42,5.28,-0.01,28,14784,卖盘
811,13:29:37,5.29,--,53,28037,买盘
812,13:29:32,5.29,0.01,36,19044,买盘
813,13:29:27,5.28,-0.01,30,15840,卖盘
814,13:29:12,5.29,--,100,52900,买盘
815,13:29:07,5.29,--,72,38088,买盘
816,13:29:02,5.29,0.01,1,529,买盘
817,13:28:57,5.28,--,50,26400,卖盘
818,13:28:47,5.28,--,116,61248,卖盘
819,13:28:37,5.28,-0.01,53,27984,卖盘
820,13:28:32,5.29,--,1,529,买盘
821,13:28:27,5.29,0.01,5,2645,买盘
822,13:28:17,5.28,-0.01,10,5280,卖盘
823,13:28:07,5.29,0.01,52,27508,买盘
824,13:28:02,5.28,--,500,264000,卖盘
825,13:27:42,5.28,-0.01,51,26928,卖盘
826,13:27:37,5.29,0.01,52,27508,买盘
827,13:27:17,5.28,-0.01,10,5280,卖盘
828,13:27:07,5.29,0.01,52,27508,买盘
829,13:27:02,5.28,--,150,79200,卖盘
830,13:26:47,5.28,--,500,264000,卖盘
831,13:26:41,5.28,-0.01,1,528,卖盘
832,13:26:37,5.29,--,52,27508,买盘
833,13:26:21,5.29,--,103,54487,买盘
834,13:26:17,5.29,--,1,529,买盘
835,13:26:06,5.29,--,52,27508,买盘
836,13:25:56,5.29,--,1,529,买盘
837,13:25:36,5.29,0.01,72,38088,买盘
838,13:25:31,5.28,--,40,21120,卖盘
839,13:25:26,5.28,-0.01,100,52800,卖盘
840,13:25:17,5.29,0.01,10,5290,买盘
841,13:25:11,5.28,-0.01,2,1056,卖盘
842,13:25:06,5.29,0.01,72,38088,买盘
843,13:25:02,5.28,-0.01,20,10560,卖盘
844,13:24:56,5.29,0.01,22,11638,买盘
845,13:24:47,5.28,--,40,21120,卖盘
846,13:24:36,5.28,-0.01,3,1584,卖盘
847,13:24:26,5.29,0.01,50,26450,买盘
848,13:24:16,5.28,--,595,314160,卖盘
849,13:24:11,5.28,-0.01,12,6336,卖盘
850,13:23:51,5.29,0.01,19,10051,买盘
851,13:23:41,5.28,--,23,12144,卖盘
852,13:23:31,5.28,-0.01,21,11088,卖盘
853,13:23:26,5.29,0.01,20,10580,买盘
854,13:23:21,5.28,--,7,3696,卖盘
855,13:23:06,5.28,--,1000,528000,卖盘
856,13:22:41,5.28,--,7,3696,卖盘
857,13:22:36,5.28,--,28,14784,卖盘
858,13:21:56,5.28,--,3,1584,卖盘
859,13:21:36,5.28,--,21,11088,卖盘
860,13:21:11,5.28,-0.01,2,1056,卖盘
861,13:21:06,5.29,--,39,20631,买盘
862,13:21:01,5.29,0.01,2,1058,买盘
863,13:20:56,5.28,-0.01,1819,960432,卖盘
864,13:20:51,5.29,--,3,1587,买盘
865,13:20:46,5.29,0.01,500,264500,买盘
866,13:20:41,5.28,-0.01,12,6336,卖盘
867,13:20:26,5.29,--,1017,537993,买盘
868,13:20:21,5.29,--,110,58190,买盘
869,13:20:16,5.29,0.01,9,4761,买盘
870,13:20:11,5.28,-0.01,8,4224,卖盘
871,13:20:06,5.29,--,9,4761,买盘
872,13:19:56,5.29,0.01,1010,534290,买盘
873,13:19:51,5.28,-0.01,214,112992,卖盘
874,13:19:46,5.29,--,10,5290,买盘
875,13:19:36,5.29,--,97,51313,买盘
876,13:19:21,5.29,--,58,30682,买盘
877,13:19:16,5.29,--,124,65596,买盘
878,13:19:11,5.29,--,10,5290,买盘
879,13:19:05,5.29,--,2,1058,买盘
880,13:19:01,5.29,--,133,70357,买盘
881,13:18:56,5.29,0.01,50,26450,买盘
882,13:18:50,5.28,-0.01,729,384912,卖盘
883,13:18:46,5.29,--,124,65596,买盘
884,13:18:41,5.29,--,1140,603060,买盘
885,13:18:35,5.29,--,372,196788,买盘
886,13:18:26,5.29,--,8,4232,买盘
887,13:18:20,5.29,--,4,2116,买盘
888,13:18:16,5.29,0.01,1977,1045833,买盘
889,13:18:11,5.28,-0.01,32,16896,卖盘
890,13:18:05,5.29,--,8,4232,买盘
891,13:18:00,5.29,--,520,275080,买盘
892,13:17:56,5.29,--,9,4761,买盘
893,13:17:50,5.29,--,1102,582958,买盘
894,13:17:41,5.29,--,9,4761,买盘
895,13:17:30,5.29,--,9,4761,买盘
896,13:17:20,5.29,--,9,4761,买盘
897,13:17:11,5.29,--,26,13754,买盘
898,13:17:00,5.29,--,9,4761,买盘
899,13:16:50,5.29,0.01,9,4761,买盘
900,13:16:41,5.28,-0.01,10012,5286336,卖盘
901,13:16:35,5.29,0.01,12,6348,买盘
902,13:16:30,5.28,-0.01,31,16368,卖盘
903,13:16:15,5.29,--,2009,1062761,买盘
904,13:16:10,5.29,--,6,3174,买盘
905,13:16:05,5.29,0.01,9,4761,买盘
906,13:16:00,5.28,-0.01,51,26928,卖盘
907,13:15:50,5.29,--,58,30682,买盘
908,13:15:45,5.29,0.01,13,6877,买盘
909,13:15:40,5.28,--,10020,5290560,卖盘
910,13:15:35,5.28,-0.01,62,32736,卖盘
911,13:15:30,5.29,--,629,332741,买盘
912,13:15:20,5.29,--,11,5819,买盘
913,13:15:10,5.29,--,9,4761,买盘
914,13:15:00,5.29,--,9,4761,买盘
915,13:14:55,5.29,--,4,2116,买盘
916,13:14:45,5.29,--,33,17457,买盘
917,13:14:35,5.29,--,71,37559,买盘
918,13:14:30,5.29,--,14,7406,买盘
919,13:14:25,5.29,0.01,8,4232,买盘
920,13:14:20,5.28,-0.01,147,77616,卖盘
921,13:14:15,5.29,0.01,10,5290,买盘
922,13:14:05,5.28,--,17,8976,卖盘
923,13:13:55,5.28,-0.01,10,5280,卖盘
924,13:13:50,5.29,--,9,4761,买盘
925,13:13:45,5.29,0.01,9,4761,买盘
926,13:13:40,5.28,--,513,270864,卖盘
927,13:13:35,5.28,-0.01,26,13728,卖盘
928,13:13:30,5.29,--,210,111090,买盘
929,13:13:20,5.29,--,14,7406,买盘
930,13:13:15,5.29,--,8,4232,买盘
931,13:13:05,5.29,0.01,109,57661,买盘
932,13:13:00,5.28,--,9,4752,卖盘
933,13:12:49,5.28,-0.01,10,5280,卖盘
934,13:12:45,5.29,0.01,9,4761,买盘
935,13:12:40,5.28,-0.01,26,13728,卖盘
936,13:12:34,5.29,--,9,4761,买盘
937,13:12:25,5.29,0.01,15,7935,买盘
938,13:12:19,5.28,--,10,5280,卖盘
939,13:12:15,5.28,--,42,22176,卖盘
940,13:12:10,5.28,-0.01,20,10560,卖盘
941,13:12:04,5.29,0.01,8,4232,买盘
942,13:12:00,5.28,-0.01,10,5280,卖盘
943,13:11:55,5.29,0.01,57,30153,买盘
944,13:11:49,5.28,-0.01,15,7920,卖盘
945,13:11:40,5.29,0.01,9,4761,买盘
946,13:11:34,5.28,-0.01,88,46464,卖盘
947,13:11:29,5.29,0.01,9,4761,买盘
948,13:11:19,5.28,--,160,84480,卖盘
949,13:11:14,5.28,-0.01,13,6864,卖盘
950,13:11:10,5.29,--,6,3174,买盘
951,13:11:04,5.29,0.01,1,529,买盘
952,13:10:59,5.28,-0.01,518,273504,卖盘
953,13:10:49,5.29,--,9,4761,买盘
954,13:10:34,5.29,0.01,39,20631,买盘
955,13:10:29,5.28,-0.01,80,42240,卖盘
956,13:10:25,5.29,0.01,8,4232,买盘
957,13:10:19,5.28,--,38,20069,买盘
958,13:10:14,5.28,--,146,77088,买盘
959,13:10:10,5.28,--,35,18480,买盘
960,13:10:04,5.28,-0.01,336,177930,卖盘
961,13:09:54,5.29,--,8,4232,买盘
962,13:09:49,5.29,--,42,22218,买盘
963,13:09:44,5.29,0.01,9,4761,买盘
964,13:09:34,5.28,--,62,32741,买盘
965,13:09:29,5.28,--,57,30096,买盘
966,13:09:24,5.28,--,71,37488,买盘
967,13:09:19,5.28,--,499,263994,卖盘
968,13:09:14,5.28,--,8,4224,卖盘
969,13:09:09,5.28,-0.01,5,2640,卖盘
970,13:09:04,5.29,0.01,9,4761,买盘
971,13:08:59,5.28,--,2044,1079232,卖盘
972,13:08:54,5.28,-0.01,3,1584,卖盘
973,13:08:49,5.29,--,41,21689,买盘
974,13:08:44,5.29,--,497,262913,买盘
975,13:08:39,5.29,--,8,4232,买盘
976,13:08:34,5.29,--,9,4761,买盘
977,13:08:24,5.29,--,120,63480,买盘
978,13:08:14,5.29,--,11,5819,买盘
979,13:07:59,5.29,0.01,123,65067,买盘
980,13:07:54,5.28,--,68,35904,卖盘
981,13:07:49,5.28,-0.01,3,1584,卖盘
982,13:07:44,5.29,0.01,9,4761,买盘
983,13:07:39,5.28,--,106,55968,卖盘
984,13:07:34,5.28,--,12,6336,卖盘
985,13:07:29,5.28,-0.01,50,26568,卖盘
986,13:07:24,5.29,0.01,112,59248,买盘
987,13:07:19,5.28,--,24,12672,卖盘
988,13:07:14,5.28,-0.01,296,156288,卖盘
989,13:07:09,5.29,0.01,9,4761,买盘
990,13:07:04,5.28,--,20,10560,卖盘
991,13:06:59,5.28,--,18,9504,卖盘
992,13:06:49,5.28,--,16159,8532316,买盘
993,13:06:44,5.28,--,10,5280,买盘
994,13:06:39,5.28,--,10,5280,买盘
995,13:06:34,5.28,--,21,11088,买盘
996,13:06:29,5.28,--,43,22704,买盘
997,13:06:24,5.28,--,19,10032,买盘
998,13:06:19,5.28,0.01,30,15840,买盘
999,13:06:14,5.27,--,10,5270,卖盘
1000,13:06:09,5.27,-0.01,30,15809,卖盘
1001,13:05:59,5.28,--,10,5280,买盘
1002,13:05:49,5.28,--,9,4752,买盘
1003,13:05:39,5.28,--,9,4752,买盘
1004,13:05:34,5.28,--,25,13200,买盘
1005,13:05:28,5.28,--,9,4752,买盘
1006,13:05:19,5.28,--,16,8448,买盘
1007,13:05:13,5.28,0.01,8,4224,买盘
1008,13:05:09,5.27,-0.01,27,14228,卖盘
1009,13:04:54,5.28,--,12,6336,买盘
1010,13:04:43,5.28,--,37,19536,买盘
1011,13:04:39,5.28,--,30,15840,买盘
1012,13:04:34,5.28,--,9,4752,买盘
1013,13:04:28,5.28,--,9,4752,买盘
1014,13:04:23,5.28,--,9,4752,买盘
1015,13:04:08,5.28,--,8,4224,买盘
1016,13:03:58,5.28,--,9,4752,买盘
1017,13:03:48,5.28,--,48,25344,买盘
1018,13:03:38,5.28,--,30,15840,买盘
1019,13:03:28,5.28,--,9,4752,买盘
1020,13:03:13,5.28,0.01,23,12144,买盘
1021,13:03:08,5.27,-0.01,10,5270,卖盘
1022,13:02:53,5.28,--,10,5280,买盘
1023,13:02:48,5.28,--,9,4752,买盘
1024,13:02:43,5.28,--,11,5808,买盘
1025,13:02:28,5.28,--,9,4752,买盘
1026,13:02:23,5.28,0.01,9,4752,买盘
1027,13:02:18,5.27,-0.01,7,3688,卖盘
1028,13:02:08,5.28,0.01,9,4752,买盘
1029,13:01:58,5.27,-0.01,15,7904,卖盘
1030,13:01:48,5.28,--,8,4224,买盘
1031,13:01:38,5.28,--,13,6864,买盘
1032,13:01:33,5.28,--,24,12672,买盘
1033,13:01:23,5.28,--,9,4752,买盘
1034,13:01:13,5.28,--,9,4752,买盘
1035,13:01:03,5.28,--,8,4224,买盘
1036,13:00:53,5.28,--,8,4224,买盘
1037,13:00:43,5.28,0.01,9,4752,买盘
1038,13:00:28,5.27,-0.01,15,7904,卖盘
1039,13:00:18,5.28,--,9,4752,买盘
1040,13:00:08,5.28,0.01,555,293040,买盘
1041,13:00:03,5.27,-0.01,506,266662,卖盘
1042,11:30:00,5.28,--,0,0,买盘
1043,11:30:00,5.28,--,0,0,买盘
1044,11:29:59,5.28,--,8,4224,买盘
1045,11:29:44,5.28,0.01,9,4752,买盘
1046,11:29:34,5.27,-0.01,29,15282,卖盘
1047,11:29:23,5.28,0.01,9,4752,买盘
1048,11:29:19,5.27,-0.01,70,36890,卖盘
1049,11:29:14,5.28,0.01,214,112992,买盘
1050,11:29:04,5.27,-0.01,70,36890,卖盘
1051,11:28:53,5.28,0.01,8,4224,买盘
1052,11:28:49,5.27,--,940,495564,买盘
1053,11:28:44,5.27,--,11,5796,买盘
1054,11:28:38,5.27,--,9,4743,买盘
1055,11:28:29,5.27,--,9,4743,买盘
1056,11:28:19,5.27,--,32,16864,买盘
1057,11:28:08,5.27,--,13,6850,买盘
1058,11:27:53,5.27,0.01,8,4216,买盘
1059,11:27:49,5.26,-0.01,27,14202,卖盘
1060,11:27:34,5.27,--,10,5270,买盘
1061,11:27:23,5.27,0.01,9,4743,买盘
1062,11:27:14,5.26,-0.01,3039,1598514,卖盘
1063,11:27:04,5.27,--,28,14755,买盘
1064,11:26:53,5.27,--,10,5270,买盘
1065,11:26:49,5.27,--,70,36890,买盘
1066,11:26:38,5.27,--,9,4743,买盘
1067,11:26:29,5.27,--,9,4743,买盘
1068,11:26:19,5.27,--,612,322524,买盘
1069,11:26:14,5.27,--,3,1580,买盘
1070,11:26:08,5.27,--,1,527,买盘
1071,11:25:53,5.27,--,19,10013,买盘
1072,11:25:49,5.27,0.01,5,2635,买盘
1073,11:25:38,5.26,-0.01,7,3682,卖盘
1074,11:25:08,5.27,--,5,2635,买盘
1075,11:24:17,5.27,0.01,1,527,买盘
1076,11:24:14,5.26,-0.01,38,19988,卖盘
1077,11:24:02,5.27,--,10,5270,买盘
1078,11:23:53,5.27,--,16,8432,买盘
1079,11:23:32,5.27,--,15,7904,买盘
1080,11:23:23,5.27,--,46,24241,买盘
1081,11:23:02,5.27,--,171,90116,买盘
1082,11:22:58,5.27,--,7,3688,买盘
1083,11:22:47,5.27,--,61,32146,买盘
1084,11:22:43,5.27,--,4,2108,买盘
1085,11:22:38,5.27,0.01,3,1580,买盘
1086,11:22:32,5.26,-0.01,60,31560,卖盘
1087,11:22:23,5.27,--,2683,1414283,卖盘
1088,11:20:43,5.27,--,7,3688,卖盘
1089,11:20:17,5.27,-0.01,90,47429,卖盘
1090,11:19:58,5.28,--,148,78144,买盘
1091,11:19:53,5.28,0.01,4,2112,买盘
1092,11:19:47,5.27,-0.01,344,181287,卖盘
1093,11:19:43,5.28,--,28,14784,买盘
1094,11:19:38,5.28,0.01,63,33264,买盘
1095,11:19:23,5.27,-0.01,4,2108,卖盘
1096,11:19:13,5.28,--,28,14784,买盘
1097,11:19:08,5.28,--,63,33264,买盘
1098,11:19:02,5.28,--,2,1056,买盘
1099,11:18:58,5.28,0.01,35,18480,买盘
1100,11:18:38,5.27,--,81,42687,卖盘
1101,11:18:32,5.27,-0.01,1,527,卖盘
1102,11:18:13,5.28,--,28,14784,买盘
1103,11:18:08,5.28,0.01,63,33264,买盘
1104,11:17:58,5.27,-0.01,2,1054,卖盘
1105,11:17:43,5.28,--,41,21648,买盘
1106,11:17:38,5.28,0.01,62,32736,买盘
1107,11:17:32,5.27,-0.01,32,16864,卖盘
1108,11:17:12,5.28,--,29,15312,买盘
1109,11:17:08,5.28,--,68,35904,买盘
1110,11:16:47,5.28,--,236,124608,买盘
1111,11:16:41,5.28,--,5,2640,买盘
1112,11:16:38,5.28,--,62,32736,买盘
1113,11:16:07,5.28,--,68,35904,买盘
1114,11:15:56,5.28,--,8,4224,买盘
1115,11:15:47,5.28,--,20,10560,买盘
1116,11:15:37,5.28,--,73,38544,买盘
1117,11:15:17,5.28,--,26,13728,买盘
1118,11:15:07,5.28,--,62,32736,买盘
1119,11:15:02,5.28,--,9,4752,买盘
1120,11:14:47,5.28,--,8,4224,买盘
1121,11:14:37,5.28,--,71,37488,买盘
1122,11:14:26,5.28,--,8,4224,买盘
1123,11:14:17,5.28,--,8,4224,买盘
1124,11:14:07,5.28,--,72,38016,买盘
1125,11:14:02,5.28,--,30,15840,买盘
1126,11:13:56,5.28,--,7,3696,买盘
1127,11:13:41,5.28,0.01,8,4224,买盘
1128,11:13:37,5.27,-0.01,103,54280,卖盘
1129,11:13:32,5.28,--,8,4224,买盘
1130,11:13:22,5.28,--,7,3696,买盘
1131,11:13:11,5.28,--,7,3696,买盘
1132,11:13:07,5.28,--,62,32736,买盘
1133,11:13:02,5.28,--,8,4224,买盘
1134,11:12:47,5.28,--,7,3696,买盘
1135,11:12:41,5.28,--,8,4224,买盘
1136,11:12:37,5.28,--,73,38544,买盘
1137,11:12:26,5.28,--,539,284592,买盘
1138,11:12:17,5.28,--,8,4224,买盘
1139,11:12:07,5.28,0.01,89,46992,买盘
1140,11:12:02,5.27,-0.01,5,2635,卖盘
1141,11:11:56,5.28,--,7,3696,买盘
1142,11:11:52,5.28,--,3,1584,买盘
1143,11:11:41,5.28,--,8,4224,买盘
1144,11:11:37,5.28,--,63,33264,买盘
1145,11:11:32,5.28,--,7,3696,买盘
1146,11:11:22,5.28,--,8,4224,买盘
1147,11:11:11,5.28,--,7,3696,买盘
1148,11:11:07,5.28,--,575,303600,买盘
1149,11:10:56,5.28,--,8,4224,买盘
1150,11:10:47,5.28,--,8,4224,买盘
1151,11:10:37,5.28,--,79,41712,买盘
1152,11:10:26,5.28,0.01,7,3696,买盘
1153,11:10:22,5.27,-0.01,117,61996,卖盘
1154,11:10:11,5.28,--,12,6336,买盘
1155,11:10:07,5.28,--,71,37488,买盘
1156,11:10:02,5.28,--,10,5280,买盘
1157,11:09:52,5.28,--,7,3696,买盘
1158,11:09:41,5.28,--,8,4224,买盘
1159,11:09:35,5.28,0.01,62,32736,买盘
1160,11:09:31,5.27,-0.01,307,161789,卖盘
1161,11:09:20,5.28,0.01,8,4224,买盘
1162,11:09:11,5.27,-0.01,7,3688,卖盘
1163,11:09:05,5.28,--,71,37488,买盘
1164,11:09:01,5.28,0.01,100,52800,买盘
1165,11:08:56,5.27,-0.01,37,19499,卖盘
1166,11:08:47,5.28,--,9,4752,买盘
1167,11:08:41,5.28,--,3,1584,买盘
1168,11:08:35,5.28,0.01,1721,908688,买盘
1169,11:08:26,5.27,--,37,19499,卖盘
1170,11:08:20,5.27,-0.01,150,79050,卖盘
1171,11:08:11,5.28,--,14,7392,买盘
1172,11:08:05,5.28,--,71,37488,买盘
1173,11:07:50,5.28,0.01,8,4224,买盘
1174,11:07:46,5.27,-0.01,20,10540,卖盘
1175,11:07:41,5.28,--,7,3696,买盘
1176,11:07:35,5.28,--,62,32736,买盘
1177,11:07:26,5.28,0.01,9,4752,买盘
1178,11:07:20,5.27,--,28,14755,卖盘
1179,11:07:16,5.27,-0.01,500,263500,卖盘
1180,11:07:11,5.28,--,427,225456,买盘
1181,11:07:05,5.28,--,9,4752,买盘
1182,11:06:56,5.28,--,10,5280,买盘
1183,11:06:50,5.28,--,65,34320,买盘
1184,11:06:46,5.28,--,8,4224,买盘
1185,11:06:35,5.28,--,7,3696,买盘
1186,11:06:26,5.28,--,50,26400,买盘
1187,11:06:20,5.28,--,18,9504,买盘
1188,11:06:11,5.28,0.01,7,3696,买盘
1189,11:06:05,5.27,-0.01,1,527,卖盘
1190,11:06:01,5.28,0.01,8,4224,买盘
1191,11:05:56,5.27,--,1,527,卖盘
1192,11:05:50,5.27,--,540,284580,卖盘
1193,11:05:41,5.27,-0.01,108,56915,卖盘
1194,11:05:26,5.28,--,12,6336,买盘
1195,11:05:15,5.28,0.01,7,3696,买盘
1196,11:05:05,5.27,--,9,4743,卖盘
1197,11:04:56,5.27,-0.01,13,6850,卖盘
1198,11:04:41,5.28,--,8,4224,买盘
1199,11:04:35,5.28,0.01,9,4752,买盘
1200,11:04:26,5.27,-0.01,8,4216,卖盘
1201,11:04:20,5.28,--,307,162096,买盘
1202,11:04:10,5.28,--,8,4224,买盘
1203,11:04:01,5.28,0.01,8,4224,买盘
1204,11:03:55,5.27,--,15,7904,卖盘
1205,11:03:50,5.27,--,13,6850,卖盘
1206,11:03:46,5.27,-0.01,79,41743,卖盘
1207,11:03:41,5.28,--,1,528,买盘
1208,11:03:35,5.28,--,7,3696,买盘
1209,11:03:31,5.28,--,169,89305,买盘
1210,11:03:16,5.28,0.01,8,4224,买盘
1211,11:03:10,5.27,--,51,27066,买盘
1212,11:03:05,5.27,0.01,117,61658,买盘
1213,11:03:01,5.26,-0.01,21,11046,卖盘
1214,11:02:55,5.27,--,25,13174,买盘
1215,11:02:46,5.27,--,7,3688,买盘
1216,11:02:35,5.27,--,127,66929,买盘
1217,11:02:31,5.27,0.01,83,43741,买盘
1218,11:02:20,5.26,-0.01,13,6838,卖盘
1219,11:02:10,5.27,--,8,4216,买盘
1220,11:02:05,5.27,--,21,11067,买盘
1221,11:01:59,5.27,--,114,60415,卖盘
1222,11:01:55,5.27,--,7,3878,买盘
1223,11:01:50,5.27,--,174,92035,卖盘
1224,11:01:44,5.27,--,500,263500,卖盘
1225,11:01:40,5.27,-0.01,60,31619,卖盘
1226,11:01:35,5.28,0.01,28,14784,买盘
1227,11:01:29,5.27,-0.01,10,5270,卖盘
1228,11:01:25,5.28,0.01,7,3696,买盘
1229,11:01:14,5.27,--,154,81158,卖盘
1230,11:01:05,5.27,--,107,56388,卖盘
1231,11:00:59,5.27,-0.01,5,2635,卖盘
1232,11:00:50,5.28,--,7,3696,买盘
1233,11:00:44,5.28,0.01,9,4752,买盘
1234,11:00:35,5.27,-0.01,14,7377,卖盘
1235,11:00:29,5.28,0.01,7,3696,买盘
1236,11:00:25,5.27,--,30,15809,卖盘
1237,11:00:20,5.27,--,441,232464,卖盘
1238,11:00:14,5.27,-0.01,100,52699,卖盘
1239,11:00:10,5.28,0.01,8,4224,买盘
1240,10:59:59,5.27,--,167,88462,卖盘
1241,10:59:55,5.27,--,510,268770,卖盘
1242,10:59:50,5.27,--,272,143344,卖盘
1243,10:59:44,5.27,-0.01,25,13174,卖盘
1244,10:59:35,5.28,0.01,8,4224,买盘
1245,10:59:29,5.27,-0.01,30,15809,卖盘
1246,10:59:25,5.28,--,7,3696,买盘
1247,10:59:14,5.28,0.01,8,4224,买盘
1248,10:59:05,5.27,-0.01,246,129926,卖盘
1249,10:58:59,5.28,--,23,12144,买盘
1250,10:58:55,5.28,--,20,10560,买盘
1251,10:58:50,5.28,--,8,4224,买盘
1252,10:58:40,5.28,--,7,3696,买盘
1253,10:58:29,5.28,--,7,3696,买盘
1254,10:58:20,5.28,--,19,10032,买盘
1255,10:58:05,5.28,0.01,7,3696,买盘
1256,10:57:59,5.27,-0.01,667,351519,卖盘
1257,10:57:44,5.28,0.01,164,87083,买盘
1258,10:57:35,5.27,-0.01,71,37417,卖盘
1259,10:57:25,5.28,0.01,8,4224,买盘
1260,10:57:20,5.27,--,3,1580,卖盘
1261,10:57:14,5.27,-0.01,21,11067,卖盘
1262,10:56:59,5.28,0.01,16,8448,买盘
1263,10:56:55,5.27,-0.01,593,312648,卖盘
1264,10:56:50,5.28,--,7,3696,买盘
1265,10:56:40,5.28,0.01,7,3696,买盘
1266,10:56:29,5.27,-0.01,27,14228,卖盘
1267,10:56:20,5.28,--,8,4224,买盘
1268,10:56:05,5.28,0.01,7,3696,买盘
1269,10:55:59,5.27,-0.01,500,263500,卖盘
1270,10:55:55,5.28,0.01,8,4224,买盘
1271,10:55:44,5.27,-0.01,169,89078,卖盘
1272,10:55:34,5.28,0.01,9,4752,买盘
1273,10:55:29,5.27,-0.01,20,10540,卖盘
1274,10:55:25,5.28,0.01,8,4224,买盘
1275,10:55:19,5.27,--,219,115771,卖盘
1276,10:55:14,5.27,--,77,40579,卖盘
1277,10:54:59,5.27,-0.01,164,86918,卖盘
1278,10:54:55,5.28,--,1,528,买盘
1279,10:54:49,5.28,0.01,7,3696,买盘
1280,10:54:40,5.27,--,58,30565,卖盘
1281,10:54:29,5.27,--,58,30565,卖盘
1282,10:54:23,5.27,--,21,11067,卖盘
1283,10:54:19,5.27,--,1000,527000,卖盘
1284,10:54:14,5.27,-0.01,16,8432,卖盘
1285,10:54:08,5.28,0.01,7,3696,买盘
1286,10:53:59,5.27,--,6,3161,卖盘
1287,10:53:53,5.27,-0.01,21,11067,卖盘
1288,10:53:49,5.28,--,1,528,买盘
1289,10:53:44,5.28,0.01,7,3696,买盘
1290,10:53:38,5.27,-0.01,3,1580,卖盘
1291,10:53:34,5.28,0.01,8,4224,买盘
1292,10:53:29,5.27,-0.01,2,1054,卖盘
1293,10:53:23,5.28,0.01,7,3696,买盘
1294,10:53:14,5.27,-0.01,2,1054,卖盘
1295,10:53:08,5.28,0.01,11,5808,买盘
1296,10:52:59,5.27,--,25,13174,卖盘
1297,10:52:53,5.27,-0.01,56,29511,卖盘
1298,10:52:49,5.28,0.01,7,3696,买盘
1299,10:52:44,5.27,--,214,112777,卖盘
1300,10:52:38,5.27,--,470,247689,卖盘
1301,10:52:29,5.27,--,14,7377,卖盘
1302,10:52:23,5.27,--,84,44268,卖盘
1303,10:52:19,5.27,-0.01,200,105399,卖盘
1304,10:52:14,5.28,0.01,48,25344,买盘
1305,10:52:08,5.27,--,25,13174,卖盘
1306,10:51:59,5.27,--,4,2108,卖盘
1307,10:51:53,5.27,--,20,10540,卖盘
1308,10:51:44,5.27,-0.01,21,11067,卖盘
1309,10:51:38,5.28,0.01,8,4224,买盘
1310,10:51:34,5.27,-0.01,75,39525,卖盘
1311,10:51:29,5.28,--,7,3696,买盘
1312,10:51:14,5.28,--,8,4224,买盘
1313,10:51:08,5.28,--,18,9504,买盘
1314,10:50:53,5.28,--,7,3696,买盘
1315,10:50:44,5.28,--,8,4224,买盘
1316,10:50:34,5.28,0.01,18,9504,买盘
1317,10:50:29,5.27,-0.01,100,52699,卖盘
1318,10:50:23,5.28,--,7,3696,买盘
1319,10:50:08,5.28,--,8,4224,买盘
1320,10:49:59,5.28,0.01,8,4224,买盘
1321,10:49:53,5.27,-0.01,7,3688,卖盘
1322,10:49:49,5.28,--,7,3696,买盘
1323,10:49:38,5.28,--,9,4752,买盘
1324,10:49:29,5.28,0.01,12,6336,买盘
1325,10:49:23,5.27,-0.01,79,41633,卖盘
1326,10:49:19,5.28,--,10,5280,买盘
1327,10:49:14,5.28,--,83,43824,买盘
1328,10:49:04,5.28,0.01,7,3696,买盘
1329,10:48:53,5.27,-0.01,30,15809,卖盘
1330,10:48:44,5.28,0.01,8,4224,买盘
1331,10:48:38,5.27,-0.01,500,263500,卖盘
1332,10:48:29,5.28,0.01,8,4224,买盘
1333,10:48:23,5.27,--,181,95386,卖盘
1334,10:48:08,5.27,--,28,14755,卖盘
1335,10:47:59,5.27,-0.01,53,27930,卖盘
1336,10:47:49,5.28,0.01,8,4224,买盘
1337,10:47:43,5.27,-0.01,344,181287,卖盘
1338,10:47:38,5.28,0.01,7,3696,买盘
1339,10:47:34,5.27,-0.01,81,42687,卖盘
1340,10:47:28,5.28,--,60,31680,买盘
1341,10:47:23,5.28,0.01,8,4224,买盘
1342,10:47:17,5.27,--,143,75361,卖盘
1343,10:47:13,5.27,--,54,28457,卖盘
1344,10:47:08,5.27,-0.01,37,19499,卖盘
1345,10:47:02,5.28,--,7,3696,买盘
1346,10:46:53,5.28,0.01,7,3696,买盘
1347,10:46:43,5.27,-0.01,12,6323,卖盘
1348,10:46:38,5.28,--,63,33264,买盘
1349,10:46:32,5.28,0.01,8,4224,买盘
1350,10:46:23,5.27,-0.01,10,5270,卖盘
1351,10:46:08,5.28,--,56,29568,买盘
1352,10:45:47,5.28,--,630,332640,买盘
1353,10:45:38,5.28,--,58,30624,买盘
1354,10:45:28,5.28,--,5,2640,买盘
1355,10:45:23,5.28,--,1,528,买盘
1356,10:45:08,5.28,--,56,29568,买盘
1357,10:44:47,5.28,--,1,528,买盘
1358,10:44:38,5.28,0.01,56,29568,买盘
1359,10:44:23,5.27,-0.01,34,17918,卖盘
1360,10:44:17,5.28,--,2,1056,买盘
1361,10:44:08,5.28,--,55,29040,买盘
1362,10:43:58,5.28,0.01,5,2640,买盘
1363,10:43:53,5.27,--,116,61131,卖盘
1364,10:43:47,5.27,-0.01,40,21080,卖盘
1365,10:43:38,5.28,--,56,29568,买盘
1366,10:43:32,5.28,0.01,1,528,买盘
1367,10:43:23,5.27,-0.01,6,3161,卖盘
1368,10:43:17,5.28,--,52,27456,买盘
1369,10:43:08,5.28,0.01,56,29568,买盘
1370,10:42:53,5.27,-0.01,368,193935,卖盘
1371,10:42:38,5.28,0.01,57,30096,买盘
1372,10:42:32,5.27,-0.01,30,15809,卖盘
1373,10:42:23,5.28,--,5,2640,买盘
1374,10:42:17,5.28,--,108,57024,买盘
1375,10:42:08,5.28,--,78,41184,买盘
1376,10:41:53,5.28,--,1,528,买盘
1377,10:41:37,5.28,--,59,31152,买盘
1378,10:41:22,5.28,0.01,8,4224,买盘
1379,10:41:17,5.27,-0.01,2,1054,卖盘
1380,10:41:13,5.28,--,3,1584,买盘
1381,10:41:07,5.28,--,55,29040,买盘
1382,10:41:02,5.28,--,8,4224,买盘
1383,10:40:52,5.28,--,8,4224,买盘
1384,10:40:37,5.28,--,64,33792,买盘
1385,10:40:27,5.28,--,8,4224,买盘
1386,10:40:17,5.28,0.01,8,4224,买盘
1387,10:40:11,5.27,-0.01,500,263500,卖盘
1388,10:40:07,5.28,--,64,33792,买盘
1389,10:39:52,5.28,--,371,195888,买盘
1390,10:39:47,5.28,0.01,7,3696,买盘
1391,10:39:37,5.27,-0.01,210,110669,卖盘
1392,10:39:32,5.28,0.01,8,4224,买盘
1393,10:39:26,5.27,--,50,26349,卖盘
1394,10:39:22,5.27,-0.01,118,62185,卖盘
1395,10:39:11,5.28,--,7,3696,买盘
1396,10:39:07,5.28,--,56,29568,买盘
1397,10:39:02,5.28,--,7,3696,买盘
1398,10:38:56,5.28,0.01,1,528,买盘
1399,10:38:52,5.27,-0.01,191,100656,卖盘
1400,10:38:47,5.28,--,21,11088,买盘
1401,10:38:41,5.28,--,7,3696,买盘
1402,10:38:37,5.28,--,55,29040,买盘
1403,10:38:26,5.28,--,9,4752,买盘
1404,10:38:22,5.28,0.01,1,528,买盘
1405,10:38:17,5.27,--,117,61658,卖盘
1406,10:38:11,5.27,-0.01,500,263500,卖盘
1407,10:38:07,5.28,0.01,265,139920,买盘
1408,10:38:02,5.27,-0.01,168,88536,卖盘
1409,10:37:56,5.28,--,7,3696,买盘
1410,10:37:47,5.28,0.01,8,4224,买盘
1411,10:37:41,5.27,-0.01,20,10540,卖盘
1412,10:37:37,5.28,--,62,32736,买盘
1413,10:37:32,5.28,0.01,8,4224,买盘
1414,10:37:26,5.27,-0.01,1,527,卖盘
1415,10:37:22,5.28,0.01,7,3696,买盘
1416,10:37:11,5.27,-0.01,218,114885,卖盘
1417,10:37:07,5.28,0.01,56,29568,买盘
1418,10:37:02,5.27,-0.01,33,17391,卖盘
1419,10:36:56,5.28,--,200,105600,买盘
1420,10:36:47,5.28,--,18,9504,买盘
1421,10:36:37,5.28,0.01,64,33792,买盘
1422,10:36:32,5.27,-0.01,21,11067,卖盘
1423,10:36:26,5.28,--,7,3696,买盘
1424,10:36:17,5.28,--,14,7392,买盘
1425,10:36:07,5.28,--,64,33792,买盘
1426,10:35:52,5.28,0.01,16,8448,买盘
1427,10:35:47,5.27,-0.01,12,6323,卖盘
1428,10:35:41,5.28,--,23,12144,买盘
1429,10:35:37,5.28,--,165,87120,买盘
1430,10:35:32,5.28,--,44,23232,买盘
1431,10:35:26,5.28,--,10,5280,买盘
1432,10:35:22,5.28,--,8,4224,买盘
1433,10:35:17,5.28,--,48,25344,买盘
1434,10:35:11,5.28,--,231,121968,买盘
1435,10:35:07,5.28,--,56,29568,买盘
1436,10:35:01,5.28,--,7,3696,买盘
1437,10:34:46,5.28,--,21,11088,买盘
1438,10:34:41,5.28,--,503,265584,买盘
1439,10:34:37,5.28,--,64,33792,买盘
1440,10:34:31,5.28,--,5,2640,买盘
1441,10:34:26,5.28,0.01,10,5280,买盘
1442,10:34:22,5.27,-0.01,14,7377,卖盘
1443,10:34:16,5.28,0.01,8,4224,买盘
1444,10:34:11,5.27,-0.01,50,26349,卖盘
1445,10:34:07,5.28,--,63,33264,买盘
1446,10:34:01,5.28,--,7,3696,买盘
1447,10:33:56,5.28,--,8,4224,买盘
1448,10:33:41,5.28,--,9,4752,买盘
1449,10:33:37,5.28,0.01,86,45408,买盘
1450,10:33:31,5.27,-0.01,26,13701,卖盘
1451,10:33:26,5.28,--,110,58080,买盘
1452,10:33:22,5.28,--,9,4752,买盘
1453,10:33:11,5.28,--,20,10560,买盘
1454,10:33:06,5.28,--,65,34320,买盘
1455,10:33:01,5.28,--,29,15312,买盘
1456,10:32:56,5.28,--,257,135696,买盘
1457,10:32:50,5.28,--,10,5280,买盘
1458,10:32:46,5.28,--,88,46464,买盘
1459,10:32:41,5.28,--,6106,3223968,买盘
1460,10:32:35,5.28,--,8,4224,买盘
1461,10:32:31,5.28,--,5998,3166944,买盘
1462,10:32:26,5.28,--,8,4224,买盘
1463,10:32:11,5.28,--,11,5808,买盘
1464,10:32:01,5.28,--,72,38016,买盘
1465,10:31:50,5.28,--,8,4224,买盘
1466,10:31:46,5.28,--,136,71808,买盘
1467,10:31:41,5.28,0.01,122,64416,买盘
1468,10:31:31,5.27,-0.01,338,178126,卖盘
1469,10:31:20,5.28,--,48,25344,买盘
1470,10:31:11,5.28,--,155,81840,买盘
1471,10:31:05,5.28,--,208,109824,买盘
1472,10:30:56,5.28,--,8,4224,买盘
1473,10:30:46,5.28,--,7,3696,买盘
1474,10:30:35,5.28,--,8,4224,买盘
1475,10:30:31,5.28,0.01,126,66528,买盘
1476,10:30:26,5.27,--,9,4743,卖盘
1477,10:30:20,5.27,-0.01,310,163370,卖盘
1478,10:30:11,5.28,--,8,4224,买盘
1479,10:30:01,5.28,0.01,7,3696,买盘
1480,10:29:56,5.27,--,5,2635,卖盘
1481,10:29:50,5.27,-0.01,98,51645,卖盘
1482,10:29:41,5.28,--,7,3696,买盘
1483,10:29:35,5.28,--,1,528,买盘
1484,10:29:26,5.28,0.01,8,4224,买盘
1485,10:29:20,5.27,-0.01,5,2635,卖盘
1486,10:29:16,5.28,0.01,7,3696,买盘
1487,10:29:11,5.27,-0.01,10,5270,卖盘
1488,10:29:05,5.28,0.01,8,4224,买盘
1489,10:29:01,5.27,-0.01,1,527,卖盘
1490,10:28:56,5.28,--,8,4224,买盘
1491,10:28:50,5.28,--,101,53328,买盘
1492,10:28:46,5.28,0.01,8,4224,买盘
1493,10:28:41,5.27,--,18,9486,卖盘
1494,10:28:35,5.27,--,352,185503,卖盘
1495,10:28:25,5.27,-0.01,7,3688,卖盘
1496,10:28:20,5.28,--,8,4224,买盘
1497,10:28:10,5.28,--,8,4224,买盘
1498,10:28:05,5.28,--,10,5280,买盘
1499,10:28:01,5.28,0.01,8,4224,买盘
1500,10:27:50,5.27,--,13,6850,卖盘
1501,10:27:40,5.27,--,213,112250,卖盘
1502,10:27:35,5.27,-0.01,21,11067,卖盘
1503,10:27:25,5.28,0.01,108,57024,买盘
1504,10:27:20,5.27,--,10,5270,买盘
1505,10:27:15,5.27,--,8,4216,买盘
1506,10:27:10,5.27,--,30,15809,买盘
1507,10:27:05,5.27,--,8,4216,买盘
1508,10:26:55,5.27,-0.01,19,10013,卖盘
1509,10:26:40,5.28,--,8,4224,买盘
1510,10:26:30,5.28,0.01,8,4224,买盘
1511,10:26:20,5.27,-0.01,12,6323,卖盘
1512,10:26:10,5.28,--,8,4224,买盘
1513,10:26:00,5.28,0.01,7,3696,买盘
1514,10:25:55,5.27,--,26,13701,买盘
1515,10:25:50,5.27,--,221,116466,买盘
1516,10:25:35,5.27,-0.01,416,219231,卖盘
1517,10:25:25,5.28,--,1,528,买盘
1518,10:25:20,5.28,0.01,586,309408,买盘
1519,10:25:10,5.27,--,100,52699,卖盘
1520,10:25:05,5.27,-0.01,344,181287,卖盘
1521,10:24:59,5.28,--,8,4224,买盘
1522,10:24:50,5.28,--,7,3696,买盘
1523,10:24:40,5.28,--,8,4224,买盘
1524,10:24:35,5.28,0.01,2,1056,买盘
1525,10:24:25,5.27,--,18,9486,卖盘
1526,10:24:20,5.27,-0.01,60,31619,卖盘
1527,10:24:14,5.28,--,22,11616,买盘
1528,10:24:05,5.28,--,107,56496,买盘
1529,10:23:55,5.28,0.01,8,4224,买盘
1530,10:23:50,5.27,--,10,5270,卖盘
1531,10:23:44,5.27,-0.01,28,14755,卖盘
1532,10:23:35,5.28,0.01,7,3696,买盘
1533,10:23:29,5.27,-0.01,15,7904,卖盘
1534,10:23:20,5.28,--,8,4224,买盘
1535,10:23:09,5.28,0.01,8,4224,买盘
1536,10:23:05,5.27,-0.01,149,78523,卖盘
1537,10:22:59,5.28,--,33,17424,买盘
1538,10:22:50,5.28,--,8,4224,买盘
1539,10:22:35,5.28,0.01,10,5280,买盘
1540,10:22:29,5.27,-0.01,22,11593,卖盘
1541,10:22:14,5.28,0.01,8,4224,买盘
1542,10:22:09,5.27,-0.01,7,3688,卖盘
1543,10:22:05,5.28,0.01,8,4224,买盘
1544,10:21:55,5.27,-0.01,57,30038,卖盘
1545,10:21:44,5.28,0.01,7,3696,买盘
1546,10:21:40,5.27,--,65,34255,卖盘
1547,10:21:35,5.27,-0.01,27,14228,卖盘
1548,10:21:29,5.28,--,8,4224,买盘
1549,10:21:20,5.28,--,8,4224,买盘
1550,10:21:10,5.28,0.01,27,14256,买盘
1551,10:21:04,5.27,-0.01,10,5270,卖盘
1552,10:20:59,5.28,0.01,9,4752,买盘
1553,10:20:55,5.27,-0.01,200,105399,卖盘
1554,10:20:49,5.28,--,20,10560,买盘
1555,10:20:34,5.28,0.01,8,4224,买盘
1556,10:20:29,5.27,-0.01,100,52699,卖盘
1557,10:20:24,5.28,0.01,8,4224,买盘
1558,10:20:19,5.27,-0.01,56,29511,卖盘
1559,10:20:14,5.28,--,8,4224,买盘
1560,10:20:04,5.28,0.01,8,4224,买盘
1561,10:19:59,5.27,-0.01,9,4743,卖盘
1562,10:19:49,5.28,0.01,98,51744,买盘
1563,10:19:44,5.27,-0.01,2,1054,卖盘
1564,10:19:39,5.28,0.01,7,3696,买盘
1565,10:19:29,5.27,-0.01,109,57442,卖盘
1566,10:19:19,5.28,--,7,3696,买盘
1567,10:19:09,5.28,--,8,4224,买盘
1568,10:18:59,5.28,--,8,4224,买盘
1569,10:18:44,5.28,0.01,207,109296,买盘
1570,10:18:34,5.27,--,128,67456,卖盘
1571,10:18:29,5.27,-0.01,68,35836,卖盘
1572,10:18:24,5.28,0.01,7,3696,买盘
1573,10:18:19,5.27,-0.01,1,527,卖盘
1574,10:18:14,5.28,0.01,10,5280,买盘
1575,10:18:04,5.27,-0.01,50,26349,卖盘
1576,10:17:59,5.28,--,7,3696,买盘
1577,10:17:49,5.28,0.01,29,15312,买盘
1578,10:17:44,5.27,-0.01,52,27403,卖盘
1579,10:17:38,5.28,0.01,10,5280,买盘
1580,10:17:34,5.27,-0.01,39,20553,卖盘
1581,10:17:29,5.28,0.01,8,4224,买盘
1582,10:17:23,5.27,--,8,4216,卖盘
1583,10:17:19,5.27,--,1792,944383,卖盘
1584,10:17:14,5.27,--,57,30038,卖盘
1585,10:17:04,5.27,--,31,16336,卖盘
1586,10:16:59,5.27,--,57,30038,卖盘
1587,10:16:53,5.27,--,20,10540,卖盘
1588,10:16:49,5.27,-0.01,10,5270,卖盘
1589,10:16:44,5.28,0.01,38,20064,买盘
1590,10:16:34,5.27,--,13,6850,卖盘
1591,10:16:29,5.27,-0.01,60,31619,卖盘
1592,10:16:19,5.28,--,7,3696,买盘
1593,10:16:14,5.28,--,9,4752,买盘
1594,10:15:59,5.28,--,8,4224,买盘
1595,10:15:53,5.28,--,7,3696,买盘
1596,10:15:48,5.28,--,2,1056,买盘
1597,10:15:38,5.28,0.01,9,4752,买盘
1598,10:15:33,5.27,-0.01,99,52172,卖盘
1599,10:15:29,5.28,--,8,4224,买盘
1600,10:15:18,5.28,0.01,8,4224,买盘
1601,10:15:14,5.27,--,393,207110,卖盘
1602,10:15:08,5.27,--,1008,531216,卖盘
1603,10:14:59,5.27,-0.01,16,8432,卖盘
1604,10:14:53,5.28,--,8,4224,买盘
1605,10:14:44,5.28,--,7,3696,买盘
1606,10:14:33,5.28,--,20,10903,买盘
1607,10:14:29,5.28,--,21,11088,买盘
1608,10:14:23,5.28,0.01,17,8976,买盘
1609,10:14:18,5.27,--,43,22660,卖盘
1610,10:14:14,5.27,-0.01,857,451638,卖盘
1611,10:13:59,5.28,0.01,13,6864,买盘
1612,10:13:53,5.27,--,139,73253,卖盘
1613,10:13:48,5.27,-0.01,151,79577,卖盘
1614,10:13:38,5.28,0.01,8,4224,买盘
1615,10:13:33,5.27,-0.01,1,527,卖盘
1616,10:13:28,5.28,--,7,3696,买盘
1617,10:13:13,5.28,--,8,4224,买盘
1618,10:13:08,5.28,--,8,4224,买盘
1619,10:12:53,5.28,--,7,3696,买盘
1620,10:12:48,5.28,--,2,1056,买盘
1621,10:12:38,5.28,--,9,4752,买盘
1622,10:12:28,5.28,--,10,5280,买盘
1623,10:12:13,5.28,--,22,11616,买盘
1624,10:12:03,5.28,0.01,9,4752,买盘
1625,10:11:58,5.27,-0.01,141,74307,卖盘
1626,10:11:53,5.28,--,10,5280,买盘
1627,10:11:43,5.28,0.01,8,4224,买盘
1628,10:11:33,5.27,-0.01,634,334118,卖盘
1629,10:11:28,5.28,0.01,18,9504,买盘
1630,10:11:23,5.27,--,60,31619,卖盘
1631,10:11:18,5.27,-0.01,20,10540,卖盘
1632,10:11:08,5.28,--,8,4224,买盘
1633,10:10:58,5.28,0.01,19,10032,买盘
1634,10:10:53,5.27,--,5,2635,卖盘
1635,10:10:48,5.27,-0.01,19,10013,卖盘
1636,10:10:43,5.28,--,1,528,买盘
1637,10:10:38,5.28,0.01,9,4752,买盘
1638,10:10:33,5.27,--,19,10013,卖盘
1639,10:10:28,5.27,-0.01,1,527,卖盘
1640,10:10:23,5.28,0.01,53,27984,买盘
1641,10:10:18,5.27,-0.01,134,70618,卖盘
1642,10:10:13,5.28,--,9,4752,买盘
1643,10:10:02,5.28,--,19,10032,买盘
1644,10:09:58,5.28,--,1,528,买盘
1645,10:09:53,5.28,--,9,4752,买盘
1646,10:09:43,5.28,--,80,42240,买盘
1647,10:09:38,5.28,0.01,113,59664,买盘
1648,10:09:28,5.27,-0.01,50,26460,卖盘
1649,10:09:17,5.28,--,10,5280,买盘
1650,10:09:08,5.28,0.01,154,81312,买盘
1651,10:09:02,5.27,--,281,148087,卖盘
1652,10:08:58,5.27,--,29,15514,卖盘
1653,10:08:53,5.27,--,7,3688,卖盘
1654,10:08:47,5.27,-0.01,344,181287,卖盘
1655,10:08:43,5.28,--,104,54912,买盘
1656,10:08:38,5.28,0.01,55,29040,买盘
1657,10:08:28,5.27,--,19,10013,卖盘
1658,10:08:23,5.27,-0.01,2075,1093525,卖盘
1659,10:08:13,5.28,0.01,9,4752,买盘
1660,10:08:08,5.27,--,743,391877,卖盘
1661,10:08:02,5.27,-0.01,869,458279,卖盘
1662,10:07:53,5.28,--,19,10032,买盘
1663,10:07:47,5.28,--,23,12144,买盘
1664,10:07:38,5.28,--,110,58080,买盘
1665,10:07:32,5.28,--,1,528,买盘
1666,10:07:27,5.28,--,9,4752,买盘
1667,10:07:23,5.28,0.01,233,123024,买盘
1668,10:07:17,5.27,-0.01,11,5796,卖盘
1669,10:07:07,5.28,--,53,27984,买盘
1670,10:06:57,5.28,0.01,10,5280,买盘
1671,10:06:53,5.27,-0.01,4,2108,卖盘
1672,10:06:47,5.28,--,9,4752,买盘
1673,10:06:42,5.28,--,25,13200,买盘
1674,10:06:37,5.28,--,46,24288,买盘
1675,10:06:32,5.28,--,9,4752,买盘
1676,10:06:27,5.28,--,2,1056,买盘
1677,10:06:22,5.28,0.01,14,7392,买盘
1678,10:06:17,5.27,-0.01,3,1580,卖盘
1679,10:06:12,5.28,--,9,4752,买盘
1680,10:06:07,5.28,--,46,24288,买盘
1681,10:06:02,5.28,0.01,134,70752,买盘
1682,10:05:52,5.27,--,154,81158,卖盘
1683,10:05:47,5.27,--,39,20553,卖盘
1684,10:05:42,5.27,--,1082,570556,卖盘
1685,10:05:37,5.27,-0.01,555,292485,卖盘
1686,10:05:32,5.28,--,128,67921,买盘
1687,10:05:27,5.28,0.01,19,10032,买盘
1688,10:05:22,5.27,--,519,273513,卖盘
1689,10:05:17,5.27,-0.01,2600,1370200,卖盘
1690,10:05:07,5.28,0.01,55,29040,买盘
1691,10:05:02,5.27,--,372,196043,卖盘
1692,10:04:57,5.27,-0.01,160,84320,卖盘
1693,10:04:52,5.28,0.01,89,46992,买盘
1694,10:04:47,5.27,-0.01,87,45848,卖盘
1695,10:04:37,5.28,--,781,412368,买盘
1696,10:04:32,5.28,--,134,70752,买盘
1697,10:04:27,5.28,0.01,20,10560,买盘
1698,10:04:22,5.27,--,50,26349,卖盘
1699,10:04:17,5.27,-0.01,288,151776,卖盘
1700,10:04:12,5.28,--,9,4752,买盘
1701,10:04:07,5.28,--,491,259248,买盘
1702,10:04:02,5.28,--,12,6336,买盘
1703,10:03:57,5.28,--,10,5280,买盘
1704,10:03:46,5.28,0.01,8,4224,买盘
1705,10:03:42,5.27,-0.01,21,11067,卖盘
1706,10:03:37,5.28,0.01,55,29040,买盘
1707,10:03:32,5.27,-0.01,5,2635,卖盘
1708,10:03:27,5.28,--,9,4752,买盘
1709,10:03:22,5.28,0.01,13,6864,买盘
1710,10:03:17,5.27,-0.01,509,268243,卖盘
1711,10:03:12,5.28,--,30,15840,买盘
1712,10:03:07,5.28,--,48,25608,买盘
1713,10:03:02,5.28,0.01,9,4752,买盘
1714,10:02:56,5.27,--,8,4216,卖盘
1715,10:02:52,5.27,-0.01,485,255594,卖盘
1716,10:02:41,5.28,--,18,9504,买盘
1717,10:02:37,5.28,--,46,24288,买盘
1718,10:02:32,5.28,--,22,11616,买盘
1719,10:02:22,5.28,0.01,23,12144,买盘
1720,10:02:17,5.27,-0.01,145,76415,卖盘
1721,10:02:07,5.28,--,74,39072,买盘
1722,10:02:02,5.28,--,108,57024,买盘
1723,10:01:56,5.28,--,154,81312,买盘
1724,10:01:47,5.28,--,231,121968,买盘
1725,10:01:41,5.28,--,2,1056,买盘
1726,10:01:37,5.28,--,95,50160,买盘
1727,10:01:26,5.28,0.01,5,2640,买盘
1728,10:01:22,5.27,-0.01,412,217123,卖盘
1729,10:01:17,5.28,0.01,35,18480,买盘
1730,10:01:07,5.27,-0.01,97,51118,卖盘
1731,10:01:02,5.28,--,17,8976,买盘
1732,10:00:56,5.28,--,35,18480,买盘
1733,10:00:51,5.28,--,18,9504,买盘
1734,10:00:47,5.28,--,44,23232,买盘
1735,10:00:36,5.28,--,101,53328,买盘
1736,10:00:32,5.28,--,33,17424,买盘
1737,10:00:26,5.28,--,130,68640,买盘
1738,10:00:21,5.28,--,18,9504,买盘
1739,10:00:16,5.28,--,16,8448,买盘
1740,10:00:11,5.28,--,166,87648,买盘
1741,10:00:06,5.28,--,94,49632,买盘
1742,10:00:01,5.28,--,7,3696,买盘
1743,09:59:56,5.28,--,23,12144,买盘
1744,09:59:46,5.28,0.01,220,116160,买盘
1745,09:59:41,5.27,-0.01,64,33728,卖盘
1746,09:59:36,5.28,--,33,17424,买盘
1747,09:59:31,5.28,--,9,4752,买盘
1748,09:59:26,5.28,--,104,54912,买盘
1749,09:59:21,5.28,--,113,59664,买盘
1750,09:59:16,5.28,--,57,30096,买盘
1751,09:59:11,5.28,--,54,28512,买盘
1752,09:59:06,5.28,--,53,27984,买盘
1753,09:59:01,5.28,--,244,128832,买盘
1754,09:58:56,5.28,--,190,100320,买盘
1755,09:58:46,5.28,--,175,92400,买盘
1756,09:58:41,5.28,--,60,31680,买盘
1757,09:58:36,5.28,--,22,11616,买盘
1758,09:58:31,5.28,0.01,39,20592,买盘
1759,09:58:26,5.27,-0.01,411,216596,卖盘
1760,09:58:21,5.28,--,6,3168,买盘
1761,09:58:16,5.28,--,30,15840,买盘
1762,09:58:11,5.28,--,46,24288,买盘
1763,09:58:01,5.28,--,66,34848,买盘
1764,09:57:56,5.28,--,62,32736,买盘
1765,09:57:46,5.28,--,56,29568,买盘
1766,09:57:41,5.28,--,133,70224,买盘
1767,09:57:31,5.28,--,31,16368,买盘
1768,09:57:26,5.28,--,25,13200,买盘
1769,09:57:21,5.28,--,170,89760,买盘
1770,09:57:16,5.28,--,3,1584,买盘
1771,09:57:11,5.28,--,70,36960,买盘
1772,09:57:01,5.28,--,43,22704,买盘
1773,09:56:56,5.28,--,26,13728,买盘
1774,09:56:51,5.28,--,16,8448,买盘
1775,09:56:46,5.28,--,9,4752,买盘
1776,09:56:41,5.28,--,56,29568,买盘
1777,09:56:36,5.28,--,18,9504,买盘
1778,09:56:31,5.28,--,68,35904,买盘
1779,09:56:26,5.28,--,57,30096,买盘
1780,09:56:16,5.28,--,9,4752,买盘
1781,09:56:11,5.28,--,65,34320,买盘
1782,09:56:06,5.28,--,3,1584,买盘
1783,09:56:01,5.28,--,107,56496,买盘
1784,09:55:56,5.28,--,33,17424,买盘
1785,09:55:51,5.28,--,65,34320,买盘
1786,09:55:46,5.28,0.01,2,1056,买盘
1787,09:55:41,5.27,-0.01,87,45848,卖盘
1788,09:55:31,5.28,--,191,100848,买盘
1789,09:55:26,5.28,--,4,2112,买盘
1790,09:55:21,5.28,--,12,6336,买盘
1791,09:55:16,5.28,--,58,30624,买盘
1792,09:55:11,5.28,0.01,59,31152,买盘
1793,09:55:01,5.27,-0.01,280,147560,卖盘
1794,09:54:56,5.28,--,8,4224,买盘
1795,09:54:50,5.28,--,43,22704,买盘
1796,09:54:46,5.28,--,12,6336,买盘
1797,09:54:41,5.28,--,203,107184,买盘
1798,09:54:35,5.28,0.01,9,4752,买盘
1799,09:54:31,5.27,-0.01,101,53226,卖盘
1800,09:54:25,5.28,0.01,43,22704,买盘
1801,09:54:20,5.27,-0.01,115,60604,卖盘
1802,09:54:16,5.28,--,374,197472,买盘
1803,09:54:11,5.28,--,244,128832,买盘
1804,09:54:01,5.28,--,234,123552,买盘
1805,09:53:56,5.28,0.01,30,15840,买盘
1806,09:53:50,5.27,--,117,61658,卖盘
1807,09:53:46,5.27,--,383,201840,卖盘
1808,09:53:40,5.27,-0.01,886,466921,卖盘
1809,09:53:31,5.28,--,46,24288,买盘
1810,09:53:25,5.28,--,77,40656,买盘
1811,09:53:20,5.28,--,181,95568,买盘
1812,09:53:15,5.28,--,316,166848,买盘
1813,09:53:10,5.28,--,83,43824,买盘
1814,09:53:05,5.28,--,9,4752,买盘
1815,09:53:01,5.28,--,54,28512,买盘
1816,09:52:55,5.28,--,13,6864,买盘
1817,09:52:50,5.28,--,34,17952,买盘
1818,09:52:45,5.28,--,10,5280,买盘
1819,09:52:40,5.28,--,222,117216,买盘
1820,09:52:30,5.28,-0.01,44,23232,卖盘
1821,09:52:25,5.29,--,23,12167,买盘
1822,09:52:20,5.29,0.01,90,47610,买盘
1823,09:52:15,5.28,-0.01,439,231792,卖盘
1824,09:52:10,5.29,--,132,69828,买盘
1825,09:52:00,5.29,0.01,19,10051,买盘
1826,09:51:55,5.28,--,73,38544,卖盘
1827,09:51:50,5.28,--,300,158400,卖盘
1828,09:51:45,5.28,--,200,105600,卖盘
1829,09:51:40,5.28,--,186,98208,卖盘
1830,09:51:34,5.28,--,114,60192,卖盘
1831,09:51:30,5.28,-0.01,28,14784,卖盘
1832,09:51:25,5.29,0.01,339,179331,买盘
1833,09:51:19,5.28,--,503,265584,卖盘
1834,09:51:10,5.28,--,386,203808,卖盘
1835,09:51:05,5.28,-0.01,1072,566016,卖盘
1836,09:51:00,5.29,--,31,16399,买盘
1837,09:50:55,5.29,0.01,412,217948,买盘
1838,09:50:50,5.28,--,85,44880,卖盘
1839,09:50:45,5.28,--,88,46464,卖盘
1840,09:50:40,5.28,-0.01,469,247632,卖盘
1841,09:50:35,5.29,0.01,220,116380,买盘
1842,09:50:30,5.28,-0.01,300,158400,卖盘
1843,09:50:25,5.29,--,56,29624,买盘
1844,09:50:20,5.29,0.01,245,129605,买盘
1845,09:50:15,5.28,--,23,12144,卖盘
1846,09:50:10,5.28,-0.01,351,185328,卖盘
1847,09:50:05,5.29,--,667,352843,买盘
1848,09:50:00,5.29,0.01,35,18515,买盘
1849,09:49:55,5.28,--,117,61776,卖盘
1850,09:49:50,5.28,-0.01,197,104016,卖盘
1851,09:49:45,5.29,0.01,220,116380,买盘
1852,09:49:39,5.28,-0.01,550,290400,卖盘
1853,09:49:35,5.29,0.01,200,105800,买盘
1854,09:49:30,5.28,-0.01,96,50688,卖盘
1855,09:49:24,5.29,--,894,472926,买盘
1856,09:49:20,5.29,--,627,331683,买盘
1857,09:49:15,5.29,0.01,368,194672,买盘
1858,09:49:09,5.28,-0.01,486,256608,卖盘
1859,09:49:05,5.29,--,30,15870,买盘
1860,09:48:55,5.29,0.01,98,51842,买盘
1861,09:48:50,5.28,-0.01,55,29040,卖盘
1862,09:48:45,5.29,--,40,21160,买盘
1863,09:48:39,5.29,--,67,35443,买盘
1864,09:48:35,5.29,--,102,53958,买盘
1865,09:48:24,5.29,--,42,22218,买盘
1866,09:48:20,5.29,--,91,48139,买盘
1867,09:48:15,5.29,--,153,80937,买盘
1868,09:48:09,5.29,--,64,33856,买盘
1869,09:48:04,5.29,--,41,21689,买盘
1870,09:48:00,5.29,0.01,55,29095,买盘
1871,09:47:54,5.28,--,23,12144,卖盘
1872,09:47:50,5.28,--,500,264000,卖盘
1873,09:47:45,5.28,-0.01,10,5280,卖盘
1874,09:47:39,5.29,--,52,27508,买盘
1875,09:47:35,5.29,--,70,37030,买盘
1876,09:47:24,5.29,--,71,37559,买盘
1877,09:47:20,5.29,--,111,58719,买盘
1878,09:47:14,5.29,0.01,84,44436,买盘
1879,09:47:09,5.28,-0.01,133,70224,卖盘
1880,09:47:05,5.29,--,236,124844,买盘
1881,09:46:54,5.29,--,96,50784,买盘
1882,09:46:49,5.29,0.01,7,3703,买盘
1883,09:46:44,5.28,-0.01,116,61248,卖盘
1884,09:46:39,5.29,--,51,26979,买盘
1885,09:46:35,5.29,--,212,112148,买盘
1886,09:46:29,5.29,0.01,50,26450,买盘
1887,09:46:24,5.28,-0.01,255,134640,卖盘
1888,09:46:20,5.29,0.01,20,10580,买盘
1889,09:46:14,5.28,-0.01,115,60720,卖盘
1890,09:46:09,5.29,0.01,41,21689,买盘
1891,09:46:04,5.28,--,291,153648,卖盘
1892,09:45:54,5.28,-0.01,240,126720,卖盘
1893,09:45:49,5.29,--,200,105800,买盘
1894,09:45:44,5.29,--,114,60306,买盘
1895,09:45:39,5.29,--,113,59777,买盘
1896,09:45:34,5.29,--,51,26979,买盘
1897,09:45:29,5.29,--,220,116380,买盘
1898,09:45:24,5.29,--,567,299943,买盘
1899,09:45:19,5.29,--,35,18515,买盘
1900,09:45:13,5.29,--,12,6348,买盘
1901,09:45:09,5.29,0.01,187,98923,买盘
1902,09:45:04,5.28,-0.01,171,90288,卖盘
1903,09:44:59,5.29,0.01,16,8464,买盘
1904,09:44:54,5.28,-0.01,100,52800,卖盘
1905,09:44:49,5.29,--,168,88872,买盘
1906,09:44:44,5.29,--,321,169809,买盘
1907,09:44:39,5.29,--,57,30153,买盘
1908,09:44:34,5.29,--,507,268203,买盘
1909,09:44:29,5.29,0.01,425,224825,买盘
1910,09:44:24,5.28,-0.01,136,71808,卖盘
1911,09:44:19,5.29,--,710,375590,买盘
1912,09:44:14,5.29,--,723,382467,买盘
1913,09:44:09,5.29,--,136,71944,买盘
1914,09:44:04,5.29,--,1766,934214,买盘
1915,09:43:59,5.29,--,703,371887,买盘
1916,09:43:54,5.29,--,500,264500,买盘
1917,09:43:49,5.29,--,144,76176,买盘
1918,09:43:44,5.29,--,210,111090,买盘
1919,09:43:39,5.29,0.01,279,147591,买盘
1920,09:43:34,5.28,-0.01,2549,1345872,卖盘
1921,09:43:29,5.29,0.01,220,116380,买盘
1922,09:43:24,5.28,-0.01,1,528,卖盘
1923,09:43:18,5.29,--,70,37030,买盘
1924,09:43:14,5.29,--,456,241224,买盘
1925,09:43:09,5.29,--,156,82524,买盘
1926,09:43:03,5.29,--,536,283544,买盘
1927,09:42:59,5.29,0.01,61,32269,买盘
1928,09:42:54,5.28,-0.01,152,80256,卖盘
1929,09:42:48,5.29,0.01,140,74060,买盘
1930,09:42:44,5.28,-0.01,1,528,卖盘
1931,09:42:39,5.29,--,155,81995,买盘
1932,09:42:29,5.29,0.01,110,58190,买盘
1933,09:42:24,5.28,--,122,64416,卖盘
1934,09:42:18,5.28,--,230,121440,买盘
1935,09:42:13,5.28,--,356,187968,卖盘
1936,09:42:09,5.28,0.01,56,29568,买盘
1937,09:41:59,5.27,-0.02,231,121736,买盘
1938,09:41:48,5.29,0.02,9917,5246093,买盘
1939,09:41:44,5.27,--,9902,5218354,卖盘
1940,09:41:39,5.27,-0.01,9921,5228367,买盘
1941,09:41:33,5.28,0.02,10057,5310096,买盘
1942,09:41:29,5.26,-0.01,55,28930,卖盘
1943,09:41:18,5.27,0.01,13,6850,买盘
1944,09:41:09,5.26,--,72,37872,卖盘
1945,09:41:03,5.26,--,135,71010,卖盘
1946,09:40:59,5.26,--,610,320860,卖盘
1947,09:40:54,5.26,-0.01,156,82056,卖盘
1948,09:40:48,5.27,--,77,40579,买盘
1949,09:40:39,5.27,0.01,61,32146,买盘
1950,09:40:33,5.26,-0.01,25,13150,卖盘
1951,09:40:13,5.27,--,12,6323,买盘
1952,09:40:08,5.27,0.01,61,32146,买盘
1953,09:40:03,5.26,--,1,526,卖盘
1954,09:39:53,5.26,-0.01,2,1052,卖盘
1955,09:39:43,5.27,--,56,29511,买盘
1956,09:39:37,5.27,0.01,61,32146,买盘
1957,09:39:33,5.26,--,50,26300,卖盘
1958,09:39:28,5.26,--,20,10520,卖盘
1959,09:39:23,5.26,--,269,141494,卖盘
1960,09:39:13,5.26,--,216,114136,卖盘
1961,09:39:08,5.26,--,77,40502,卖盘
1962,09:38:53,5.26,--,21,11046,卖盘
1963,09:38:48,5.26,--,1,526,卖盘
1964,09:38:37,5.26,-0.01,72,37872,卖盘
1965,09:38:23,5.27,0.01,11,5796,买盘
1966,09:38:18,5.26,--,100,52600,卖盘
1967,09:38:08,5.26,--,77,40502,卖盘
1968,09:38:03,5.26,--,15,7890,卖盘
1969,09:37:58,5.26,--,30,15780,卖盘
1970,09:37:48,5.26,--,10,5260,卖盘
1971,09:37:43,5.26,-0.01,2379,1251354,卖盘
1972,09:37:38,5.27,--,61,32146,买盘
1973,09:37:28,5.27,0.01,50,26349,买盘
1974,09:37:23,5.26,--,85,45062,卖盘
1975,09:37:18,5.26,-0.01,15,8310,卖盘
1976,09:37:07,5.27,--,98,51645,买盘
1977,09:36:57,5.27,0.01,10,5270,买盘
1978,09:36:52,5.26,-0.01,59,31034,卖盘
1979,09:36:38,5.27,--,72,37944,买盘
1980,09:36:27,5.27,--,2023,1066121,买盘
1981,09:36:12,5.27,--,9,4743,买盘
1982,09:36:07,5.27,0.01,61,32146,买盘
1983,09:35:53,5.26,--,139,73114,卖盘
1984,09:35:48,5.26,--,238,125188,卖盘
1985,09:35:42,5.26,-0.01,508,267208,卖盘
1986,09:35:33,5.27,--,390,205529,买盘
1987,09:35:23,5.27,0.01,136,71672,买盘
1988,09:35:18,5.26,-0.01,47,24722,卖盘
1989,09:35:12,5.27,0.01,55,28984,买盘
1990,09:35:07,5.26,--,183,96258,卖盘
1991,09:35:03,5.26,--,218,114668,卖盘
1992,09:34:57,5.26,-0.01,239,125714,卖盘
1993,09:34:52,5.27,0.01,162,85374,买盘
1994,09:34:48,5.26,--,82,43132,卖盘
1995,09:34:42,5.26,-0.01,376,197776,卖盘
1996,09:34:37,5.27,0.01,26,13701,买盘
1997,09:34:32,5.26,--,105,55230,卖盘
1998,09:34:27,5.26,--,312,164112,卖盘
1999,09:34:23,5.26,--,11,5786,卖盘
2000,09:34:17,5.26,--,108,56808,卖盘
2001,09:34:12,5.26,--,550,289300,卖盘
2002,09:34:08,5.26,-0.01,51,26826,卖盘
2003,09:34:03,5.27,0.01,33,17391,买盘
2004,09:33:57,5.26,--,53,27878,卖盘
2005,09:33:53,5.26,--,49,25774,卖盘
2006,09:33:47,5.26,--,1,526,卖盘
2007,09:33:42,5.26,--,3,1578,卖盘
2008,09:33:37,5.26,--,2,1052,卖盘
2009,09:33:33,5.26,--,5,2630,卖盘
2010,09:33:27,5.26,--,7,3682,卖盘
2011,09:33:22,5.26,--,34,17884,卖盘
2012,09:33:17,5.26,--,2,1052,卖盘
2013,09:33:12,5.26,--,2,1052,卖盘
2014,09:33:07,5.26,--,3,1578,卖盘
2015,09:33:02,5.26,--,1,526,卖盘
2016,09:32:57,5.26,--,18,9468,卖盘
2017,09:32:52,5.26,--,118,62068,卖盘
2018,09:32:46,5.26,--,2,1052,卖盘
2019,09:32:42,5.26,--,2,1052,卖盘
2020,09:32:37,5.26,--,75,39450,卖盘
2021,09:32:32,5.26,--,2,1052,卖盘
2022,09:32:27,5.26,--,2,1052,卖盘
2023,09:32:22,5.26,--,819,430794,卖盘
2024,09:32:16,5.26,--,1,526,卖盘
2025,09:32:12,5.26,--,3,1578,卖盘
2026,09:32:07,5.26,-0.01,2,1052,卖盘
2027,09:32:02,5.27,0.01,140,73780,买盘
2028,09:31:57,5.26,-0.01,5,2630,卖盘
2029,09:31:52,5.27,0.01,23,12120,买盘
2030,09:31:46,5.26,--,13,6838,卖盘
2031,09:31:42,5.26,--,169,88894,卖盘
2032,09:31:12,5.26,-0.01,8,4208,卖盘
2033,09:30:46,5.27,0.01,535,281945,买盘
2034,09:30:42,5.26,-0.01,534,280884,卖盘
2035,09:30:27,5.27,--,1,527,买盘
2036,09:30:21,5.27,0.01,100,52699,买盘
2037,09:30:07,5.26,-0.01,477,250902,卖盘
2038,09:28:53,5.27,--,0,0,卖盘
2039,09:25:04,5.27,5.27,856,451111,买盘
