,time,price,change,volume,amount,type
0,15:00:03,28.86,--,444,1281384,买盘
1,14:57:00,28.86,--,0,0,买盘
2,14:56:57,28.86,0.01,167,481962,买盘
3,14:56:54,28.85,--,11,31735,中性盘
4,14:56:48,28.85,--,3,8655,买盘
5,14:56:45,28.85,0.01,32,92320,买盘
6,14:56:42,28.84,--,1,2884,卖盘
7,14:56:39,28.84,-0.01,1,2884,卖盘
8,14:56:36,28.85,--,1,2885,买盘
9,14:56:33,28.85,0.01,99,285615,买盘
10,14:56:24,28.84,--,57,164388,买盘
11,14:56:21,28.84,0.02,10,28840,买盘
12,14:56:18,28.82,-0.02,61,175802,卖盘
13,14:56:15,28.84,--,170,490280,买盘
14,14:56:12,28.84,0.01,63,181692,买盘
15,14:56:09,28.83,--,40,115320,买盘
16,14:56:06,28.83,0.01,6,17298,卖盘
17,14:56:00,28.82,-0.01,23,66286,卖盘
18,14:55:57,28.83,-0.01,25,72075,卖盘
19,14:55:54,28.84,0.01,10,28840,买盘
20,14:55:51,28.83,--,53,152799,卖盘
21,14:55:48,28.83,--,12,34596,卖盘
22,14:55:45,28.83,--,10,28830,卖盘
23,14:55:42,28.83,--,21,60543,卖盘
24,14:55:39,28.83,--,10,28830,卖盘
25,14:55:36,28.83,--,9,25947,卖盘
26,14:55:30,28.83,--,13,37479,买盘
27,14:55:24,28.83,0.01,25,72075,中性盘
28,14:55:21,28.82,-0.03,16,46112,卖盘
29,14:55:18,28.85,0.02,33,96157,买盘
30,14:55:15,28.83,--,22,63425,卖盘
31,14:55:12,28.83,--,12,34596,卖盘
32,14:55:09,28.83,--,18,51894,买盘
33,14:55:06,28.83,--,10,28830,买盘
34,14:55:03,28.83,0.01,2,5766,买盘
35,14:55:00,28.82,-0.01,17,48994,卖盘
36,14:54:51,28.83,0.01,12,34596,中性盘
37,14:54:48,28.82,-0.01,190,547580,卖盘
38,14:54:45,28.83,--,23,66309,卖盘
39,14:54:42,28.83,--,13,37479,卖盘
40,14:54:39,28.83,--,30,86490,卖盘
41,14:54:36,28.83,-0.02,5,14415,卖盘
42,14:54:33,28.85,0.02,2,5770,买盘
43,14:54:30,28.83,--,30,86490,卖盘
44,14:54:24,28.83,--,59,170097,卖盘
45,14:54:21,28.83,--,30,86490,卖盘
46,14:54:18,28.83,-0.01,14,40362,卖盘
47,14:54:15,28.84,--,3,8652,买盘
48,14:54:12,28.84,-0.03,7,20188,中性盘
49,14:54:06,28.87,0.04,2,5774,买盘
50,14:54:03,28.83,-0.04,11,31712,卖盘
51,14:54:00,28.87,--,42,121254,买盘
52,14:53:57,28.87,--,4,11548,买盘
53,14:53:54,28.87,0.02,18,51966,买盘
54,14:53:51,28.85,-0.02,15,43275,卖盘
55,14:53:48,28.87,0.01,5,14435,买盘
56,14:53:42,28.86,--,3,8658,买盘
57,14:53:39,28.86,--,9,25974,中性盘
58,14:53:36,28.86,-0.01,35,101010,中性盘
59,14:53:33,28.87,0.01,111,320457,买盘
60,14:53:30,28.86,--,145,418470,买盘
61,14:53:27,28.86,0.03,2,5772,买盘
62,14:53:24,28.83,-0.04,5,14415,卖盘
63,14:53:21,28.87,--,141,407067,买盘
64,14:53:18,28.87,0.04,19,54853,买盘
65,14:53:15,28.83,-0.04,15,43245,卖盘
66,14:53:12,28.87,--,1,2887,买盘
67,14:53:09,28.87,0.01,28,80836,买盘
68,14:53:06,28.86,0.03,12,34632,中性盘
69,14:53:03,28.83,--,89,256586,卖盘
70,14:53:00,28.83,-0.03,6,17298,卖盘
71,14:52:57,28.86,0.03,1,2886,买盘
72,14:52:54,28.83,--,24,69192,卖盘
73,14:52:51,28.83,-0.02,71,204693,卖盘
74,14:52:48,28.85,0.03,63,181755,买盘
75,14:52:45,28.82,-0.03,7,20174,卖盘
76,14:52:42,28.85,0.03,1,2885,买盘
77,14:52:39,28.82,-0.04,11,31702,卖盘
78,14:52:36,28.86,-0.01,2,5772,中性盘
79,14:52:33,28.87,0.01,101,291587,买盘
80,14:52:30,28.86,--,65,187590,买盘
81,14:52:27,28.86,0.03,12,34632,买盘
82,14:52:24,28.83,--,5,14415,卖盘
83,14:52:21,28.83,-0.03,87,250820,中性盘
84,14:52:18,28.86,0.04,3,8658,买盘
85,14:52:15,28.82,-0.05,36,103752,卖盘
86,14:52:12,28.87,0.01,9,25983,买盘
87,14:52:09,28.86,-0.01,3,8658,卖盘
88,14:52:06,28.87,--,31,89497,买盘
89,14:52:03,28.87,0.01,60,173220,买盘
90,14:52:00,28.86,--,35,101010,卖盘
91,14:51:57,28.86,-0.01,9,25974,卖盘
92,14:51:54,28.87,--,57,164559,卖盘
93,14:51:51,28.87,--,30,86610,买盘
94,14:51:48,28.87,--,2,5774,买盘
95,14:51:45,28.87,0.01,27,77949,买盘
96,14:51:42,28.86,-0.01,6,17316,卖盘
97,14:51:39,28.87,--,11,31757,卖盘
98,14:51:36,28.87,0.01,23,66401,买盘
99,14:51:33,28.86,--,84,242424,卖盘
100,14:51:30,28.86,-0.02,85,245310,卖盘
101,14:51:27,28.88,0.01,10,28880,买盘
102,14:51:24,28.87,--,18,53784,卖盘
103,14:51:21,28.87,-0.01,105,303135,卖盘
104,14:51:18,28.88,--,2,5776,卖盘
105,14:51:15,28.88,--,8,23104,买盘
106,14:51:12,28.88,--,22,63536,卖盘
107,14:51:09,28.88,-0.01,1,2888,卖盘
108,14:51:06,28.89,0.01,13,37557,买盘
109,14:51:03,28.88,-0.01,64,184832,卖盘
110,14:51:00,28.89,--,1,2889,买盘
111,14:50:54,28.89,-0.01,2,5778,买盘
112,14:50:51,28.9,0.01,85,245650,买盘
113,14:50:48,28.89,0.02,7,20223,买盘
114,14:50:45,28.87,-0.02,31,89497,卖盘
115,14:50:42,28.89,-0.01,5,14445,卖盘
116,14:50:39,28.9,0.01,4,11560,买盘
117,14:50:36,28.89,--,13,37557,卖盘
118,14:50:33,28.89,--,75,216675,卖盘
119,14:50:30,28.89,--,67,193563,卖盘
120,14:50:24,28.89,--,13,37557,卖盘
121,14:50:21,28.89,0.01,16,46224,买盘
122,14:50:18,28.88,-0.01,3,8664,卖盘
123,14:50:15,28.89,0.02,20,57780,买盘
124,14:50:12,28.87,--,4,11548,卖盘
125,14:50:09,28.87,--,58,167446,卖盘
126,14:50:03,28.87,-0.01,109,314683,卖盘
127,14:50:00,28.88,0.01,3,8664,买盘
128,14:49:54,28.87,--,40,115480,卖盘
129,14:49:51,28.87,--,92,266672,卖盘
130,14:49:48,28.87,--,211,609157,买盘
131,14:49:45,28.87,--,1,2887,买盘
132,14:49:42,28.87,--,10,28870,卖盘
133,14:49:39,28.87,-0.01,16,46192,卖盘
134,14:49:36,28.88,--,49,141512,买盘
135,14:49:33,28.88,0.01,71,205048,买盘
136,14:49:30,28.87,--,3,8661,卖盘
137,14:49:27,28.87,--,3,8661,卖盘
138,14:49:24,28.87,--,1,2887,卖盘
139,14:49:21,28.87,0.01,95,274265,买盘
140,14:49:18,28.86,--,4,11544,卖盘
141,14:49:15,28.86,-0.01,2,5772,卖盘
142,14:49:09,28.87,0.02,1,2887,买盘
143,14:49:06,28.85,--,5,14425,卖盘
144,14:49:03,28.85,--,60,173100,卖盘
145,14:48:57,28.85,--,14,40390,买盘
146,14:48:48,28.85,-0.02,2,5770,中性盘
147,14:48:42,28.87,0.01,64,184768,买盘
148,14:48:39,28.86,-0.01,11,31746,卖盘
149,14:48:36,28.87,0.06,16,46192,买盘
150,14:48:33,28.81,-0.06,559,1610479,卖盘
151,14:48:27,28.87,--,60,173220,买盘
152,14:48:24,28.87,--,24,69288,买盘
153,14:48:21,28.87,--,141,407067,买盘
154,14:48:18,28.87,--,1,2887,买盘
155,14:48:12,28.87,0.01,25,72175,买盘
156,14:48:09,28.86,--,6,17316,卖盘
157,14:48:06,28.86,0.05,11,31746,卖盘
158,14:48:03,28.81,-0.04,559,1610479,卖盘
159,14:48:00,28.85,--,3,8655,卖盘
160,14:47:57,28.85,-0.01,3,8655,卖盘
161,14:47:54,28.86,--,7,20202,买盘
162,14:47:51,28.86,--,94,271284,买盘
163,14:47:48,28.86,-0.01,12,34632,中性盘
164,14:47:45,28.87,--,71,204977,买盘
165,14:47:42,28.87,0.01,49,141463,买盘
166,14:47:39,28.86,-0.01,31,89466,卖盘
167,14:47:36,28.87,--,5,14435,买盘
168,14:47:33,28.87,0.01,59,170333,买盘
169,14:47:30,28.86,-0.01,10,28860,卖盘
170,14:47:27,28.87,0.01,2,5774,买盘
171,14:47:24,28.86,-0.01,6,17316,中性盘
172,14:47:18,28.87,0.02,19,54853,买盘
173,14:47:12,28.85,--,1,2885,卖盘
174,14:47:09,28.85,-0.01,10,28850,卖盘
175,14:47:06,28.86,0.01,4,11544,中性盘
176,14:47:03,28.85,-0.01,71,204835,卖盘
177,14:46:57,28.86,0.01,1,2886,买盘
178,14:46:54,28.85,--,9,25965,卖盘
179,14:46:51,28.85,--,21,60585,买盘
180,14:46:48,28.85,0.01,2,5770,买盘
181,14:46:45,28.84,-0.01,7,21630,卖盘
182,14:46:39,28.85,0.01,1,2885,买盘
183,14:46:36,28.84,0.01,1,2884,中性盘
184,14:46:33,28.83,-0.01,60,172980,卖盘
185,14:46:30,28.84,--,11,31724,买盘
186,14:46:27,28.84,--,8,23072,买盘
187,14:46:24,28.84,--,1,2884,买盘
188,14:46:21,28.84,0.02,1,2884,中性盘
189,14:46:18,28.82,-0.04,50,144100,卖盘
190,14:46:15,28.86,0.01,17,49062,买盘
191,14:46:09,28.85,--,1,2885,买盘
192,14:46:06,28.85,-0.01,87,250995,中性盘
193,14:46:03,28.86,0.04,59,170274,买盘
194,14:46:00,28.82,-0.03,1,2882,卖盘
195,14:45:54,28.85,0.03,5,14425,买盘
196,14:45:51,28.82,--,143,412126,卖盘
197,14:45:48,28.82,-0.01,3,8646,卖盘
198,14:45:45,28.83,-0.01,10,28830,卖盘
199,14:45:42,28.84,-0.01,4,11536,卖盘
200,14:45:36,28.85,--,5,14425,买盘
201,14:45:33,28.85,0.03,59,170215,买盘
202,14:45:30,28.82,-0.03,16,46112,卖盘
203,14:45:27,28.85,0.03,7,20195,买盘
204,14:45:18,28.82,--,83,239206,卖盘
205,14:45:12,28.82,0.01,6,17292,买盘
206,14:45:09,28.81,-0.01,26,74906,卖盘
207,14:45:06,28.82,-0.03,13,37466,卖盘
208,14:45:03,28.85,--,62,178870,买盘
209,14:45:00,28.85,0.04,1,2885,买盘
210,14:44:57,28.81,-0.04,5,14405,卖盘
211,14:44:54,28.85,0.02,1,2885,买盘
212,14:44:51,28.83,--,8,23064,卖盘
213,14:44:48,28.83,0.03,12,34596,买盘
214,14:44:42,28.8,--,22,63360,卖盘
215,14:44:39,28.8,-0.03,8,23040,卖盘
216,14:44:36,28.83,-0.02,5,14415,中性盘
217,14:44:33,28.85,0.05,76,219260,买盘
218,14:44:30,28.8,--,2,5760,卖盘
219,14:44:27,28.8,--,67,192960,卖盘
220,14:44:21,28.8,--,218,628358,买盘
221,14:44:18,28.8,0.01,64,184320,买盘
222,14:44:15,28.79,-0.01,11,31669,卖盘
223,14:44:12,28.8,--,12,34560,买盘
224,14:44:09,28.8,--,25,72000,买盘
225,14:44:06,28.8,--,71,204480,买盘
226,14:44:03,28.8,--,162,466560,买盘
227,14:44:00,28.8,--,125,360000,买盘
228,14:43:57,28.8,--,3,8640,买盘
229,14:43:54,28.8,--,115,331200,买盘
230,14:43:51,28.8,-0.04,99,285120,卖盘
231,14:43:48,28.84,0.01,204,588336,买盘
232,14:43:45,28.83,--,7,20181,卖盘
233,14:43:42,28.83,0.03,23,67750,买盘
234,14:43:39,28.8,--,5,14400,买盘
235,14:43:36,28.8,--,35,100800,买盘
236,14:43:33,28.8,-0.05,215,620640,卖盘
237,14:43:30,28.85,0.01,2,5770,买盘
238,14:43:27,28.84,0.04,2,5768,买盘
239,14:43:24,28.8,--,87,252000,买盘
240,14:43:21,28.8,0.02,89,256320,买盘
241,14:43:15,28.78,-0.05,134,387091,卖盘
242,14:43:09,28.83,0.03,72,209017,买盘
243,14:43:06,28.8,0.02,31,89280,买盘
244,14:43:03,28.78,-0.02,82,235996,卖盘
245,14:43:00,28.8,-0.06,355,1023840,卖盘
246,14:42:57,28.86,0.06,119,343434,买盘
247,14:42:54,28.8,-0.03,1000,2880000,卖盘
248,14:42:51,28.83,--,116,334428,卖盘
249,14:42:48,28.83,-0.01,12,34596,卖盘
250,14:42:39,28.84,-0.01,56,161504,卖盘
251,14:42:36,28.85,0.01,8,23080,中性盘
252,14:42:33,28.84,-0.01,88,253792,卖盘
253,14:42:30,28.85,--,5,14425,买盘
254,14:42:27,28.85,-0.01,219,631815,卖盘
255,14:42:21,28.86,-0.01,175,505050,卖盘
256,14:42:15,28.87,--,1,2887,买盘
257,14:42:09,28.87,-0.01,85,245395,卖盘
258,14:42:06,28.88,--,7,20216,买盘
259,14:42:03,28.88,0.01,60,173280,买盘
260,14:42:00,28.87,-0.01,15,43305,卖盘
261,14:41:57,28.88,0.01,11,31768,买盘
262,14:41:54,28.87,-0.01,3,8661,卖盘
263,14:41:51,28.88,--,15,43320,买盘
264,14:41:48,28.88,--,19,54872,买盘
265,14:41:45,28.88,--,4,11552,买盘
266,14:41:39,28.88,--,5,14440,买盘
267,14:41:36,28.88,0.03,5,14440,中性盘
268,14:41:33,28.85,-0.03,503,1451155,卖盘
269,14:41:30,28.88,-0.01,2,5776,卖盘
270,14:41:27,28.89,--,58,167562,买盘
271,14:41:24,28.89,--,3,8667,买盘
272,14:41:21,28.89,0.01,191,551799,买盘
273,14:41:18,28.88,--,1,2888,买盘
274,14:41:15,28.88,--,344,993472,卖盘
275,14:41:12,28.88,-0.01,7,20216,卖盘
276,14:41:09,28.89,0.01,1,2889,买盘
277,14:41:06,28.88,--,9,25992,卖盘
278,14:41:03,28.88,--,84,242592,卖盘
279,14:41:00,28.88,--,10,28880,卖盘
280,14:40:57,28.88,--,3,8664,卖盘
281,14:40:54,28.88,-0.01,5,14440,卖盘
282,14:40:51,28.89,0.01,39,112671,买盘
283,14:40:48,28.88,--,4,11552,买盘
284,14:40:42,28.88,0.01,1,2888,中性盘
285,14:40:39,28.87,-0.01,30,86610,卖盘
286,14:40:36,28.88,0.01,8,23104,买盘
287,14:40:33,28.87,--,155,447485,卖盘
288,14:40:30,28.87,--,7,20209,卖盘
289,14:40:27,28.87,--,3,8661,卖盘
290,14:40:24,28.87,-0.01,6,17322,卖盘
291,14:40:21,28.88,0.01,82,236816,买盘
292,14:40:18,28.87,--,10,28870,中性盘
293,14:40:15,28.87,--,1,2887,卖盘
294,14:40:12,28.87,0.01,11,31757,卖盘
295,14:40:06,28.86,-0.02,6,17316,卖盘
296,14:40:03,28.88,0.01,60,173280,买盘
297,14:39:57,28.87,--,5,14435,买盘
298,14:39:54,28.87,0.01,2,5774,买盘
299,14:39:51,28.86,-0.01,155,447330,卖盘
300,14:39:48,28.87,--,25,72175,买盘
301,14:39:45,28.87,-0.01,109,314683,卖盘
302,14:39:42,28.88,-0.01,151,438456,卖盘
303,14:39:36,28.89,0.01,19,54891,买盘
304,14:39:33,28.88,-0.01,86,248368,卖盘
305,14:39:30,28.89,--,50,144450,买盘
306,14:39:27,28.89,--,12,34668,买盘
307,14:39:24,28.89,--,1,2889,买盘
308,14:39:21,28.89,--,84,242676,买盘
309,14:39:15,28.89,-0.02,2,5778,中性盘
310,14:39:12,28.91,0.01,55,159005,买盘
311,14:39:09,28.9,-0.01,10,28900,卖盘
312,14:39:06,28.91,0.01,5,14455,买盘
313,14:39:03,28.9,0.02,60,173400,买盘
314,14:39:00,28.88,-0.01,3,8664,卖盘
315,14:38:54,28.89,-0.01,20,57780,卖盘
316,14:38:51,28.9,-0.02,129,372810,卖盘
317,14:38:48,28.92,--,130,375960,买盘
318,14:38:45,28.92,--,4,11568,买盘
319,14:38:42,28.92,--,5,14460,买盘
320,14:38:36,28.92,--,6,17352,买盘
321,14:38:33,28.92,--,81,234252,买盘
322,14:38:30,28.92,--,6,17352,买盘
323,14:38:27,28.92,-0.01,36,106975,卖盘
324,14:38:24,28.93,0.01,11,31823,买盘
325,14:38:21,28.92,--,94,271848,卖盘
326,14:38:15,28.92,--,17,49164,卖盘
327,14:38:12,28.92,-0.01,13,37596,卖盘
328,14:38:09,28.93,--,1,2893,买盘
329,14:38:06,28.93,0.01,18,52074,卖盘
330,14:38:03,28.92,-0.01,62,179332,卖盘
331,14:38:00,28.93,0.01,110,318230,买盘
332,14:37:57,28.92,--,2,5784,卖盘
333,14:37:54,28.92,--,3,8676,卖盘
334,14:37:51,28.92,0.01,125,361500,买盘
335,14:37:48,28.91,-0.01,6,17346,卖盘
336,14:37:45,28.92,0.01,16,46272,买盘
337,14:37:42,28.91,-0.01,120,346920,卖盘
338,14:37:39,28.92,--,16,46272,买盘
339,14:37:36,28.92,0.01,62,179304,卖盘
340,14:37:33,28.91,--,73,211043,卖盘
341,14:37:30,28.91,-0.01,4,11564,卖盘
342,14:37:27,28.92,--,121,349932,买盘
343,14:37:24,28.92,--,3,8676,买盘
344,14:37:21,28.92,--,111,321012,买盘
345,14:37:18,28.92,--,23,66516,买盘
346,14:37:15,28.92,--,11,31812,买盘
347,14:37:12,28.92,--,12,34704,买盘
348,14:37:09,28.92,-0.02,86,248712,卖盘
349,14:37:06,28.94,--,7,20258,买盘
350,14:37:03,28.94,0.02,360,1041840,买盘
351,14:36:57,28.92,--,2,5784,卖盘
352,14:36:54,28.92,0.01,194,561048,买盘
353,14:36:51,28.91,-0.01,34,98294,卖盘
354,14:36:48,28.92,--,6,17352,买盘
355,14:36:45,28.92,--,17,49164,买盘
356,14:36:42,28.92,--,1,2892,买盘
357,14:36:39,28.92,-0.01,67,193764,卖盘
358,14:36:36,28.93,-0.04,32,92576,卖盘
359,14:36:33,28.97,0.05,60,173820,买盘
360,14:36:30,28.92,-0.01,149,430908,卖盘
361,14:36:27,28.93,--,37,107041,买盘
362,14:36:24,28.93,--,6,17358,买盘
363,14:36:21,28.93,--,111,321123,买盘
364,14:36:18,28.93,-0.02,126,364546,卖盘
365,14:36:15,28.95,--,28,83926,买盘
366,14:36:12,28.95,--,116,335848,买盘
367,14:36:09,28.95,--,3,8685,买盘
368,14:36:06,28.95,--,5,14475,买盘
369,14:36:03,28.95,0.01,61,176595,买盘
370,14:36:00,28.94,0.02,10,28940,买盘
371,14:35:57,28.92,--,30,86760,卖盘
372,14:35:51,28.92,-0.02,501,1448892,卖盘
373,14:35:48,28.94,0.02,17,49198,买盘
374,14:35:45,28.92,-0.01,31,89652,卖盘
375,14:35:42,28.93,--,15,43395,卖盘
376,14:35:39,28.93,--,6,17358,卖盘
377,14:35:36,28.93,--,1,2893,卖盘
378,14:35:33,28.93,0.03,337,977805,买盘
379,14:35:30,28.9,--,3,8670,买盘
380,14:35:27,28.9,--,107,309230,买盘
381,14:35:24,28.9,--,31,89590,卖盘
382,14:35:21,28.9,-0.02,92,265880,卖盘
383,14:35:18,28.92,--,18,52056,买盘
384,14:35:15,28.92,--,6,17352,买盘
385,14:35:12,28.92,-0.01,5,16253,卖盘
386,14:35:03,28.93,0.02,104,301971,买盘
387,14:35:00,28.91,0.01,3,10465,卖盘
388,14:34:57,28.9,--,0,1098,买盘
389,14:34:54,28.9,-0.01,206,597131,卖盘
390,14:34:48,28.91,--,46,132986,卖盘
391,14:34:45,28.91,0.02,45,131193,买盘
392,14:34:42,28.89,-0.01,6,17334,卖盘
393,14:34:39,28.9,0.01,52,150280,买盘
394,14:34:36,28.89,-0.01,18,52002,买盘
395,14:34:33,28.9,0.01,60,173400,买盘
396,14:34:30,28.89,0.01,9,26001,买盘
397,14:34:27,28.88,-0.01,12,35175,卖盘
398,14:34:24,28.89,--,25,72225,买盘
399,14:34:21,28.89,-0.01,21,60669,中性盘
400,14:34:18,28.9,--,89,257210,买盘
401,14:34:15,28.9,0.02,5,14450,买盘
402,14:34:12,28.88,-0.01,58,167504,卖盘
403,14:34:06,28.89,0.01,3,8667,中性盘
404,14:34:03,28.88,--,66,190608,卖盘
405,14:34:00,28.88,-0.02,13,37544,卖盘
406,14:33:57,28.9,0.02,100,289000,买盘
407,14:33:51,28.88,-0.01,63,181944,卖盘
408,14:33:48,28.89,0.01,45,130005,买盘
409,14:33:45,28.88,--,6,17328,卖盘
410,14:33:42,28.88,--,1,2888,卖盘
411,14:33:39,28.88,--,11,31768,买盘
412,14:33:36,28.88,--,536,1547968,买盘
413,14:33:33,28.88,--,60,173280,买盘
414,14:33:27,28.88,--,10,28880,买盘
415,14:33:24,28.88,--,11,31768,买盘
416,14:33:12,28.88,0.02,5,14440,买盘
417,14:33:06,28.86,--,122,352092,买盘
418,14:33:03,28.86,0.02,60,173160,买盘
419,14:32:54,28.84,-0.02,100,288400,卖盘
420,14:32:51,28.86,0.01,25,72150,买盘
421,14:32:48,28.85,--,29,83665,买盘
422,14:32:42,28.85,-0.01,5,14425,中性盘
423,14:32:36,28.86,0.04,15,43290,买盘
424,14:32:33,28.82,-0.04,117,337194,卖盘
425,14:32:30,28.86,--,6,17316,买盘
426,14:32:27,28.86,--,146,421356,买盘
427,14:32:24,28.86,-0.02,4,11544,买盘
428,14:32:21,28.88,--,3,8664,买盘
429,14:32:18,28.88,--,387,1117656,买盘
430,14:32:15,28.88,--,22,63536,卖盘
431,14:32:09,28.88,-0.01,6,17328,卖盘
432,14:32:06,28.89,-0.01,16,46224,买盘
433,14:32:03,28.9,0.02,60,173400,买盘
434,14:32:00,28.88,-0.01,15,43320,卖盘
435,14:31:57,28.89,--,4,11556,买盘
436,14:31:54,28.89,0.01,1,2889,买盘
437,14:31:51,28.88,-0.02,4,11552,卖盘
438,14:31:48,28.9,0.02,7,20230,买盘
439,14:31:45,28.88,-0.02,3,8664,卖盘
440,14:31:42,28.9,0.03,10,28900,买盘
441,14:31:33,28.87,--,66,190542,卖盘
442,14:31:30,28.87,-0.01,10,28870,卖盘
443,14:31:27,28.88,--,2,5776,买盘
444,14:31:24,28.88,0.01,21,60648,买盘
445,14:31:21,28.87,-0.01,22,63514,卖盘
446,14:31:18,28.88,-0.02,120,346906,卖盘
447,14:31:15,28.9,--,1,2890,买盘
448,14:31:12,28.9,-0.01,39,112710,卖盘
449,14:31:09,28.91,0.01,632,1827112,买盘
450,14:31:06,28.9,--,10,28900,卖盘
451,14:31:03,28.9,--,117,338130,卖盘
452,14:31:00,28.9,--,4,11560,买盘
453,14:30:57,28.9,--,8,23120,买盘
454,14:30:54,28.9,--,19,54910,买盘
455,14:30:48,28.9,--,2,5780,买盘
456,14:30:42,28.9,0.02,103,297670,买盘
457,14:30:39,28.88,--,10,28880,卖盘
458,14:30:36,28.88,--,6,17328,卖盘
459,14:30:33,28.88,--,61,176168,卖盘
460,14:30:30,28.88,0.01,411,1189509,买盘
461,14:30:27,28.87,0.01,197,568739,买盘
462,14:30:21,28.86,--,2,5772,卖盘
463,14:30:15,28.86,0.04,351,1012986,买盘
464,14:30:12,28.82,-0.01,30,86460,卖盘
465,14:30:09,28.83,--,4,11532,卖盘
466,14:30:06,28.83,0.01,5,14415,中性盘
467,14:30:03,28.82,--,61,175802,卖盘
468,14:29:57,28.82,-0.01,6,17292,卖盘
469,14:29:54,28.83,0.01,20,57660,买盘
470,14:29:51,28.82,--,78,224796,卖盘
471,14:29:48,28.82,--,10,30088,买盘
472,14:29:45,28.82,--,2,5764,买盘
473,14:29:42,28.82,--,1,4495,卖盘
474,14:29:39,28.82,-0.01,115,331430,卖盘
475,14:29:36,28.83,0.01,19,56045,买盘
476,14:29:33,28.82,--,60,172920,买盘
477,14:29:30,28.82,-0.01,110,318633,卖盘
478,14:29:27,28.83,0.01,2,5766,买盘
479,14:29:24,28.82,--,28,81964,卖盘
480,14:29:21,28.82,--,13,37466,卖盘
481,14:29:18,28.82,-0.01,9,25938,中性盘
482,14:29:15,28.83,0.02,100,288300,买盘
483,14:29:12,28.81,--,107,308267,卖盘
484,14:29:09,28.81,-0.01,1,2881,卖盘
485,14:29:06,28.82,--,6,17292,买盘
486,14:29:03,28.82,--,65,187330,买盘
487,14:29:00,28.82,--,10,28820,买盘
488,14:28:57,28.82,-0.01,2,5764,中性盘
489,14:28:48,28.83,0.02,33,95139,买盘
490,14:28:45,28.81,-0.02,94,272715,卖盘
491,14:28:42,28.83,0.01,18,51894,买盘
492,14:28:39,28.82,--,203,585046,卖盘
493,14:28:36,28.82,--,68,195976,买盘
494,14:28:33,28.82,--,60,172920,买盘
495,14:28:30,28.82,-0.01,13,37466,卖盘
496,14:28:27,28.83,0.01,18,51894,买盘
497,14:28:24,28.82,--,2,5764,卖盘
498,14:28:21,28.82,--,6,17292,卖盘
499,14:28:15,28.82,--,355,1023110,卖盘
500,14:28:09,28.82,-0.01,59,170038,中性盘
501,14:28:03,28.83,0.02,403,1161849,买盘
502,14:27:57,28.81,--,28,80668,卖盘
503,14:27:51,28.81,-0.01,71,204551,卖盘
504,14:27:48,28.82,--,7,20174,买盘
505,14:27:39,28.82,-0.01,60,172920,卖盘
506,14:27:36,28.83,--,12,34596,买盘
507,14:27:33,28.83,--,138,397854,卖盘
508,14:27:30,28.83,--,4,11532,卖盘
509,14:27:24,28.83,0.01,31,89373,买盘
510,14:27:21,28.82,-0.01,41,118162,卖盘
511,14:27:18,28.83,0.01,10,28830,买盘
512,14:27:12,28.82,0.01,4,11528,买盘
513,14:27:09,28.81,-0.01,60,172860,卖盘
514,14:27:06,28.82,-0.01,13,37466,买盘
515,14:27:03,28.83,0.02,60,172980,买盘
516,14:26:51,28.81,--,27,77787,卖盘
517,14:26:48,28.81,--,17,48977,卖盘
518,14:26:39,28.81,-0.02,50,144050,卖盘
519,14:26:36,28.83,--,4,11532,买盘
520,14:26:33,28.83,0.01,60,172980,买盘
521,14:26:30,28.82,0.01,62,178684,中性盘
522,14:26:27,28.81,-0.02,7,20167,卖盘
523,14:26:21,28.83,0.02,10,28830,买盘
524,14:26:18,28.81,-0.02,57,164217,卖盘
525,14:26:15,28.83,0.01,51,147033,买盘
526,14:26:12,28.82,--,22,63404,卖盘
527,14:26:09,28.82,-0.01,59,170038,卖盘
528,14:26:06,28.83,--,7,20181,买盘
529,14:26:03,28.83,--,61,175863,买盘
530,14:25:51,28.83,--,48,138384,卖盘
531,14:25:48,28.83,-0.01,92,265236,卖盘
532,14:25:45,28.84,0.01,30,86520,买盘
533,14:25:42,28.83,-0.01,5,14415,卖盘
534,14:25:39,28.84,--,69,198996,买盘
535,14:25:36,28.84,0.01,85,245140,买盘
536,14:25:33,28.83,--,91,262353,卖盘
537,14:25:30,28.83,--,123,354609,卖盘
538,14:25:27,28.83,--,7,20181,卖盘
539,14:25:24,28.83,-0.01,20,57660,卖盘
540,14:25:21,28.84,--,3,8652,买盘
541,14:25:18,28.84,--,6,17304,买盘
542,14:25:12,28.84,--,52,149968,卖盘
543,14:25:09,28.84,-0.01,139,400876,卖盘
544,14:25:06,28.85,--,23,66355,买盘
545,14:25:03,28.85,--,70,201950,买盘
546,14:24:57,28.85,0.01,5,14425,买盘
547,14:24:51,28.84,-0.01,19,54796,卖盘
548,14:24:48,28.85,--,5,14425,卖盘
549,14:24:45,28.85,-0.01,15,43275,卖盘
550,14:24:42,28.86,--,18,51948,买盘
551,14:24:39,28.86,0.01,72,207792,买盘
552,14:24:36,28.85,0.01,16,46160,买盘
553,14:24:33,28.84,--,72,207648,卖盘
554,14:24:30,28.84,-0.02,168,484512,卖盘
555,14:24:27,28.86,0.01,2,5772,买盘
556,14:24:24,28.85,0.01,8,23080,买盘
557,14:24:21,28.84,--,7,20188,买盘
558,14:24:18,28.84,0.01,8,23072,中性盘
559,14:24:15,28.83,-0.03,89,256586,卖盘
560,14:24:12,28.86,0.03,90,259740,买盘
561,14:24:09,28.83,-0.01,115,331545,卖盘
562,14:24:06,28.84,--,10,28840,买盘
563,14:24:03,28.84,--,63,181692,买盘
564,14:24:00,28.84,--,14,40376,买盘
565,14:23:57,28.84,--,6,17304,买盘
566,14:23:54,28.84,0.01,20,57680,买盘
567,14:23:51,28.83,-0.02,57,164331,卖盘
568,14:23:48,28.85,0.01,6,17310,卖盘
569,14:23:45,28.84,-0.02,61,175924,卖盘
570,14:23:39,28.86,--,118,340548,买盘
571,14:23:36,28.86,-0.01,11,31746,买盘
572,14:23:33,28.87,0.03,63,181881,买盘
573,14:23:30,28.84,-0.03,26,74984,卖盘
574,14:23:27,28.87,--,6,17322,买盘
575,14:23:24,28.87,0.03,46,132802,买盘
576,14:23:18,28.84,-0.03,5,14420,卖盘
577,14:23:15,28.87,--,52,150124,买盘
578,14:23:12,28.87,0.03,107,308909,买盘
579,14:23:09,28.84,-0.03,27,77868,中性盘
580,14:23:06,28.87,0.04,14,40418,买盘
581,14:23:03,28.83,-0.04,171,492992,卖盘
582,14:23:00,28.87,--,34,98158,买盘
583,14:22:54,28.87,0.05,48,138576,买盘
584,14:22:51,28.82,--,53,152746,卖盘
585,14:22:48,28.82,-0.01,1096,3158672,卖盘
586,14:22:45,28.83,--,115,331545,买盘
587,14:22:42,28.83,--,4,11532,买盘
588,14:22:39,28.83,--,30,86490,买盘
589,14:22:36,28.83,--,111,320013,买盘
590,14:22:33,28.83,0.01,75,216225,买盘
591,14:22:30,28.82,-0.01,95,273790,卖盘
592,14:22:27,28.83,0.01,2,5766,买盘
593,14:22:24,28.82,--,65,187330,卖盘
594,14:22:21,28.82,-0.01,35,100870,卖盘
595,14:22:18,28.83,0.01,8,23064,买盘
596,14:22:15,28.82,--,184,532708,买盘
597,14:22:12,28.82,0.01,18,51876,买盘
598,14:22:09,28.81,-0.01,2,5762,卖盘
599,14:22:06,28.82,--,129,371778,买盘
600,14:22:03,28.82,0.01,66,190212,买盘
601,14:21:54,28.81,--,2,5762,卖盘
602,14:21:51,28.81,--,41,118121,卖盘
603,14:21:48,28.81,-0.01,22,63382,中性盘
604,14:21:45,28.82,0.03,574,1654268,买盘
605,14:21:42,28.79,--,105,302295,卖盘
606,14:21:39,28.79,--,10,28790,卖盘
607,14:21:36,28.79,--,18,51822,买盘
608,14:21:33,28.79,--,91,261989,卖盘
609,14:21:30,28.79,-0.01,54,155466,卖盘
610,14:21:27,28.8,0.01,2,5760,买盘
611,14:21:24,28.79,-0.02,8,23032,卖盘
612,14:21:21,28.81,0.02,50,144050,买盘
613,14:21:15,28.79,--,150,431850,卖盘
614,14:21:12,28.79,--,30,86370,卖盘
615,14:21:09,28.79,--,43,123797,卖盘
616,14:21:06,28.79,--,3,8637,卖盘
617,14:21:03,28.79,--,69,198651,买盘
618,14:20:57,28.79,--,76,218804,买盘
619,14:20:54,28.79,0.01,14,40306,买盘
620,14:20:51,28.78,--,77,221606,卖盘
621,14:20:48,28.78,--,5,14390,卖盘
622,14:20:45,28.78,-0.02,50,143900,卖盘
623,14:20:42,28.8,--,22,63360,买盘
624,14:20:39,28.8,--,37,106560,买盘
625,14:20:36,28.8,--,15,43200,买盘
626,14:20:33,28.8,0.01,61,175680,买盘
627,14:20:30,28.79,--,25,71975,卖盘
628,14:20:27,28.79,-0.01,15,43185,卖盘
629,14:20:21,28.8,0.01,2,5760,买盘
630,14:20:18,28.79,-0.01,28,80612,卖盘
631,14:20:15,28.8,--,54,155520,买盘
632,14:20:12,28.8,0.01,1,2880,买盘
633,14:20:09,28.79,--,7,20153,卖盘
634,14:20:06,28.79,0.01,45,129555,买盘
635,14:20:03,28.78,-0.01,61,175558,卖盘
636,14:20:00,28.79,--,3,8637,买盘
637,14:19:51,28.79,--,2,5758,买盘
638,14:19:48,28.79,0.02,53,152587,中性盘
639,14:19:45,28.77,-0.03,50,143850,卖盘
640,14:19:39,28.8,0.01,100,288000,买盘
641,14:19:36,28.79,--,8,23032,卖盘
642,14:19:33,28.79,0.02,61,175619,卖盘
643,14:19:30,28.77,-0.03,50,143850,卖盘
644,14:19:27,28.8,--,2,5760,买盘
645,14:19:24,28.8,0.03,1,2880,买盘
646,14:19:21,28.77,-0.03,10,28770,卖盘
647,14:19:18,28.8,0.03,5,14400,买盘
648,14:19:15,28.77,--,50,143850,卖盘
649,14:19:12,28.77,--,4,11508,卖盘
650,14:19:09,28.77,-0.03,13,37401,卖盘
651,14:19:03,28.8,0.03,60,172800,买盘
652,14:19:00,28.77,0.01,31,89187,买盘
653,14:18:54,28.76,--,3,8628,卖盘
654,14:18:51,28.76,-0.03,40,115040,卖盘
655,14:18:48,28.79,0.03,5,14395,中性盘
656,14:18:45,28.76,--,62,178312,卖盘
657,14:18:39,28.76,-0.01,67,192692,卖盘
658,14:18:36,28.77,--,10,28770,买盘
659,14:18:33,28.77,--,61,175497,买盘
660,14:18:30,28.77,-0.02,3,8631,卖盘
661,14:18:27,28.79,0.02,2,5758,买盘
662,14:18:21,28.77,-0.03,11,31647,中性盘
663,14:18:15,28.8,0.03,89,256320,买盘
664,14:18:12,28.77,-0.02,15,43155,卖盘
665,14:18:09,28.79,--,12,34548,卖盘
666,14:18:06,28.79,-0.01,3,8637,买盘
667,14:18:03,28.8,0.03,60,172800,买盘
668,14:18:00,28.77,-0.03,25,71925,中性盘
669,14:17:51,28.8,0.04,37,106560,买盘
670,14:17:48,28.76,--,24,69024,卖盘
671,14:17:45,28.76,--,50,143800,卖盘
672,14:17:39,28.76,--,7,20132,卖盘
673,14:17:36,28.76,-0.01,14,40264,卖盘
674,14:17:33,28.77,0.01,65,187005,买盘
675,14:17:30,28.76,-0.01,4,11504,卖盘
676,14:17:27,28.77,0.02,6,17262,中性盘
677,14:17:15,28.75,--,50,143750,卖盘
678,14:17:12,28.75,--,22,63250,卖盘
679,14:17:09,28.75,-0.02,116,333500,卖盘
680,14:17:06,28.77,-0.02,7,20139,卖盘
681,14:17:03,28.79,0.03,63,181377,买盘
682,14:17:00,28.76,--,145,417020,卖盘
683,14:16:57,28.76,--,206,592456,卖盘
684,14:16:51,28.76,-0.01,3,8628,卖盘
685,14:16:48,28.77,--,63,181251,买盘
686,14:16:45,28.77,0.01,12,34524,中性盘
687,14:16:42,28.76,-0.03,3,8628,卖盘
688,14:16:39,28.79,-0.01,36,103644,卖盘
689,14:16:36,28.8,0.01,5,14400,买盘
690,14:16:33,28.79,0.04,74,213046,买盘
691,14:16:30,28.75,-0.04,59,169625,卖盘
692,14:16:27,28.79,0.04,7,20153,买盘
693,14:16:24,28.75,-0.03,518,1489250,卖盘
694,14:16:18,28.78,--,6,17268,卖盘
695,14:16:15,28.78,--,50,143900,卖盘
696,14:16:09,28.78,-0.01,4,11512,卖盘
697,14:16:06,28.79,0.01,19,54701,买盘
698,14:16:03,28.78,--,11,31658,卖盘
699,14:16:00,28.78,-0.01,4,11512,卖盘
700,14:15:57,28.79,--,2,5758,买盘
701,14:15:51,28.79,--,5,14395,买盘
702,14:15:48,28.79,0.01,24,69096,中性盘
703,14:15:45,28.78,-0.02,53,152534,卖盘
704,14:15:42,28.8,0.01,7,20160,买盘
705,14:15:39,28.79,-0.01,10,28790,卖盘
706,14:15:36,28.8,--,8,23040,买盘
707,14:15:33,28.8,0.01,10,28800,买盘
708,14:15:30,28.79,-0.01,32,92128,卖盘
709,14:15:27,28.8,0.01,2,5760,买盘
710,14:15:21,28.79,--,5,14395,卖盘
711,14:15:18,28.79,--,19,54701,卖盘
712,14:15:15,28.79,-0.01,50,143950,卖盘
713,14:15:09,28.8,0.01,5,14400,买盘
714,14:15:06,28.79,0.01,77,221683,买盘
715,14:15:03,28.78,-0.01,7,20146,卖盘
716,14:15:00,28.79,--,1,2879,买盘
717,14:14:48,28.79,0.02,13,37427,买盘
718,14:14:45,28.77,-0.02,55,158235,卖盘
719,14:14:39,28.79,-0.01,4,11516,卖盘
720,14:14:36,28.8,0.01,84,241920,买盘
721,14:14:33,28.79,--,2,5758,买盘
722,14:14:30,28.79,-0.01,4,11516,卖盘
723,14:14:27,28.8,0.01,4,11520,买盘
724,14:14:24,28.79,--,4,11516,卖盘
725,14:14:21,28.79,0.02,2,5758,中性盘
726,14:14:15,28.77,--,50,143850,卖盘
727,14:14:12,28.77,--,20,57540,卖盘
728,14:14:09,28.77,--,16,46032,卖盘
729,14:14:06,28.77,-0.03,6,17262,卖盘
730,14:14:03,28.8,0.03,135,388800,买盘
731,14:14:00,28.77,--,74,212898,买盘
732,14:13:57,28.77,0.01,20,57540,中性盘
733,14:13:48,28.76,-0.01,38,109288,卖盘
734,14:13:45,28.77,-0.02,71,204267,卖盘
735,14:13:39,28.79,--,9,25911,卖盘
736,14:13:36,28.79,-0.01,3,8637,买盘
737,14:13:33,28.8,0.04,154,443520,买盘
738,14:13:30,28.76,--,43,123668,卖盘
739,14:13:27,28.76,-0.03,9,25884,卖盘
740,14:13:24,28.79,--,64,184256,买盘
741,14:13:15,28.79,--,71,204409,买盘
742,14:13:12,28.79,0.01,69,198651,买盘
743,14:13:09,28.78,-0.01,6,17268,卖盘
744,14:13:06,28.79,--,9,25911,买盘
745,14:13:00,28.79,--,2,5758,买盘
746,14:12:54,28.79,0.01,18,51822,买盘
747,14:12:51,28.78,--,17,48926,买盘
748,14:12:48,28.78,0.02,2,5756,买盘
749,14:12:45,28.76,--,50,143800,卖盘
750,14:12:42,28.76,-0.02,63,181188,卖盘
751,14:12:36,28.78,0.02,10,28780,买盘
752,14:12:33,28.76,-0.01,4,11504,卖盘
753,14:12:30,28.77,-0.01,1,2877,卖盘
754,14:12:27,28.78,--,2,5756,买盘
755,14:12:21,28.78,0.03,20,57560,买盘
756,14:12:15,28.75,-0.02,50,143750,卖盘
757,14:12:12,28.77,-0.01,5,14385,卖盘
758,14:12:09,28.78,--,10,28780,买盘
759,14:12:06,28.78,0.03,21,60438,买盘
760,14:12:00,28.75,-0.01,69,198375,卖盘
761,14:11:54,28.76,-0.01,69,198444,卖盘
762,14:11:48,28.77,--,66,189882,买盘
763,14:11:45,28.77,--,59,169743,买盘
764,14:11:42,28.77,-0.01,14,40278,卖盘
765,14:11:36,28.78,0.01,1,2878,买盘
766,14:11:33,28.77,-0.01,6,17262,卖盘
767,14:11:27,28.78,-0.01,2,5756,买盘
768,14:11:24,28.79,--,5,14395,买盘
769,14:11:21,28.79,0.03,1,2879,买盘
770,14:11:15,28.76,--,54,155304,卖盘
771,14:11:12,28.76,-0.03,26,74776,卖盘
772,14:11:06,28.79,0.02,72,207288,买盘
773,14:11:03,28.77,--,1,2877,买盘
774,14:10:57,28.77,--,8,23016,买盘
775,14:10:48,28.77,-0.01,25,71925,中性盘
776,14:10:36,28.78,--,22,63316,卖盘
777,14:10:33,28.78,0.01,3,8634,中性盘
778,14:10:27,28.77,-0.02,1,2877,中性盘
779,14:10:21,28.79,0.02,29,83491,买盘
780,14:10:18,28.77,--,11,31647,买盘
781,14:10:15,28.77,--,18,53512,卖盘
782,14:10:12,28.77,-0.02,32,92064,卖盘
783,14:10:06,28.79,--,30,87521,买盘
784,14:10:03,28.79,0.01,6,17274,买盘
785,14:10:00,28.78,-0.01,6,17268,卖盘
786,14:09:54,28.79,0.01,91,261989,买盘
787,14:09:51,28.78,-0.01,16,46048,卖盘
788,14:09:48,28.79,0.01,3,8637,买盘
789,14:09:45,28.78,-0.01,50,143900,卖盘
790,14:09:42,28.79,0.01,2,5758,买盘
791,14:09:39,28.78,-0.01,27,77706,卖盘
792,14:09:36,28.79,0.01,2,5758,买盘
793,14:09:33,28.78,0.03,202,583226,买盘
794,14:09:30,28.75,-0.02,81,232875,卖盘
795,14:09:24,28.77,--,7,20139,买盘
796,14:09:21,28.77,0.02,9,25893,买盘
797,14:09:15,28.75,-0.02,50,143750,卖盘
798,14:09:12,28.77,--,69,199519,卖盘
799,14:09:06,28.77,--,40,115971,卖盘
800,14:09:03,28.77,-0.01,9,25893,卖盘
801,14:09:00,28.78,--,1,2878,买盘
802,14:08:57,28.78,0.01,10,28780,买盘
803,14:08:54,28.77,0.03,205,590763,买盘
804,14:08:48,28.74,--,5,14370,卖盘
805,14:08:45,28.74,-0.01,50,143700,卖盘
806,14:08:42,28.75,--,34,97750,卖盘
807,14:08:39,28.75,--,2,5750,卖盘
808,14:08:30,28.75,-0.01,8,23000,买盘
809,14:08:27,28.76,0.02,21,60396,买盘
810,14:08:24,28.74,--,6,17244,卖盘
811,14:08:21,28.74,0.01,24,68976,买盘
812,14:08:15,28.73,-0.02,50,143650,卖盘
813,14:08:06,28.75,0.01,10,28750,买盘
814,14:08:03,28.74,-0.01,27,77598,卖盘
815,14:07:48,28.75,--,2,5750,买盘
816,14:07:45,28.75,-0.01,62,179687,卖盘
817,14:07:42,28.76,--,25,71900,买盘
818,14:07:39,28.76,0.01,5,14380,买盘
819,14:07:36,28.75,--,5,15812,卖盘
820,14:07:33,28.75,--,10,28750,卖盘
821,14:07:30,28.75,0.01,6,17250,中性盘
822,14:07:27,28.74,-0.01,8,22992,卖盘
823,14:07:21,28.75,0.01,4,11500,中性盘
824,14:07:15,28.74,-0.01,50,143700,卖盘
825,14:07:09,28.75,--,10,28750,卖盘
826,14:07:06,28.75,--,25,74232,买盘
827,14:07:03,28.75,0.01,5,14375,买盘
828,14:07:00,28.74,-0.01,4,11496,卖盘
829,14:06:57,28.75,0.01,8,23000,买盘
830,14:06:54,28.74,-0.01,26,74724,卖盘
831,14:06:48,28.75,--,2,5750,买盘
832,14:06:45,28.75,--,63,181786,卖盘
833,14:06:42,28.75,-0.01,4,12190,卖盘
834,14:06:36,28.76,0.01,5,17025,中性盘
835,14:06:30,28.75,-0.01,10,30503,卖盘
836,14:06:27,28.76,--,2,5752,买盘
837,14:06:15,28.76,--,57,163932,买盘
838,14:06:09,28.76,--,3,8628,卖盘
839,14:06:06,28.76,0.01,3,8628,买盘
840,14:06:03,28.75,--,68,196420,卖盘
841,14:06:00,28.75,-0.02,22,63250,卖盘
842,14:05:57,28.77,0.02,70,201390,买盘
843,14:05:54,28.75,--,113,326916,卖盘
844,14:05:51,28.75,-0.01,6,17250,卖盘
845,14:05:48,28.76,0.01,12,34512,买盘
846,14:05:45,28.75,-0.01,50,143750,卖盘
847,14:05:42,28.76,-0.01,10,28760,买盘
848,14:05:36,28.77,0.01,5,14385,买盘
849,14:05:33,28.76,-0.01,8,23008,卖盘
850,14:05:30,28.77,0.01,2,5754,买盘
851,14:05:27,28.76,--,9,25884,中性盘
852,14:05:21,28.76,--,18,51768,买盘
853,14:05:18,28.76,0.01,2,5752,买盘
854,14:05:15,28.75,-0.02,85,246617,卖盘
855,14:05:12,28.77,0.01,1,2877,买盘
856,14:05:09,28.76,-0.01,39,112164,卖盘
857,14:05:06,28.77,--,23,68357,买盘
858,14:05:03,28.77,--,9,25893,买盘
859,14:05:00,28.77,0.01,3,8631,买盘
860,14:04:57,28.76,--,21,63128,卖盘
861,14:04:54,28.76,--,5,14380,卖盘
862,14:04:51,28.76,-0.01,40,116506,卖盘
863,14:04:48,28.77,--,2,5754,买盘
864,14:04:45,28.77,0.01,57,163989,买盘
865,14:04:42,28.76,-0.02,0,402,中性盘
866,14:04:39,28.78,--,21,60438,买盘
867,14:04:36,28.78,0.03,10,28780,买盘
868,14:04:33,28.75,-0.01,3,8625,卖盘
869,14:04:27,28.76,--,1,4716,买盘
870,14:04:21,28.76,0.02,73,209948,买盘
871,14:04:15,28.74,-0.02,50,143700,卖盘
872,14:04:12,28.76,0.01,182,524438,买盘
873,14:04:06,28.75,-0.01,3,8625,卖盘
874,14:04:03,28.76,0.01,15,43140,买盘
875,14:04:00,28.75,0.01,5,14375,买盘
876,14:03:57,28.74,-0.02,7,20118,卖盘
877,14:03:48,28.76,0.02,2,5752,买盘
878,14:03:45,28.74,-0.03,50,143700,卖盘
879,14:03:42,28.77,0.01,2,5754,买盘
880,14:03:39,28.76,-0.01,6,18866,卖盘
881,14:03:36,28.77,0.03,35,100695,买盘
882,14:03:33,28.74,-0.02,78,224172,卖盘
883,14:03:30,28.76,0.01,45,129420,中性盘
884,14:03:21,28.75,0.02,9,25932,中性盘
885,14:03:15,28.73,-0.01,50,143650,卖盘
886,14:03:06,28.74,--,8,22992,卖盘
887,14:03:03,28.74,--,3,10260,买盘
888,14:03:00,28.74,--,16,45984,卖盘
889,14:02:57,28.74,-0.01,3,8622,卖盘
890,14:02:51,28.75,0.01,3,8625,买盘
891,14:02:48,28.74,0.01,3,8622,卖盘
892,14:02:45,28.73,-0.01,70,201110,卖盘
893,14:02:42,28.74,-0.02,24,68976,卖盘
894,14:02:39,28.76,0.02,6,17256,买盘
895,14:02:36,28.74,-0.01,105,303695,卖盘
896,14:02:33,28.75,--,9,26191,卖盘
897,14:02:30,28.75,--,0,2558,买盘
898,14:02:27,28.75,-0.01,41,117932,卖盘
899,14:02:24,28.76,--,6,17256,买盘
900,14:02:21,28.76,0.01,14,40264,买盘
901,14:02:18,28.75,-0.01,58,169596,卖盘
902,14:02:15,28.76,--,57,163932,买盘
903,14:02:12,28.76,-0.01,2,5752,中性盘
904,14:02:06,28.77,0.02,12,34524,买盘
905,14:02:03,28.75,-0.02,55,158153,卖盘
906,14:02:00,28.77,-0.01,0,1927,卖盘
907,14:01:57,28.78,0.02,30,87289,买盘
908,14:01:54,28.76,--,62,180037,买盘
909,14:01:51,28.76,--,25,71900,买盘
910,14:01:48,28.76,--,9,25884,买盘
911,14:01:45,28.76,-0.01,10,29910,卖盘
912,14:01:39,28.77,--,8,24512,卖盘
913,14:01:36,28.77,--,15,43155,卖盘
914,14:01:30,28.77,--,0,1122,卖盘
915,14:01:27,28.77,--,6,17262,卖盘
916,14:01:24,28.77,0.02,7,22124,买盘
917,14:01:15,28.75,-0.02,63,181125,卖盘
918,14:01:06,28.77,0.02,19,54663,卖盘
919,14:01:03,28.75,--,7,21217,买盘
920,14:01:00,28.75,-0.04,1,2875,中性盘
921,14:00:57,28.79,0.04,104,299416,买盘
922,14:00:51,28.75,--,5,14375,买盘
923,14:00:48,28.75,0.01,31,89125,卖盘
924,14:00:45,28.74,-0.01,50,143700,卖盘
925,14:00:42,28.75,-0.01,19,55056,卖盘
926,14:00:39,28.76,--,2,5752,买盘
927,14:00:36,28.76,0.01,15,43140,买盘
928,14:00:33,28.75,--,37,107697,卖盘
929,14:00:30,28.75,--,5,14375,卖盘
930,14:00:27,28.75,--,32,93983,卖盘
931,14:00:18,28.75,--,10,31050,卖盘
932,14:00:15,28.75,-0.01,50,143750,卖盘
933,14:00:12,28.76,0.01,0,690,买盘
934,14:00:09,28.75,--,7,20901,买盘
935,14:00:06,28.75,0.01,7,20125,买盘
936,14:00:03,28.74,--,1,2874,卖盘
937,14:00:00,28.74,-0.02,1,2874,卖盘
938,13:59:57,28.76,0.01,10,28760,买盘
939,13:59:54,28.75,0.01,5,14375,买盘
940,13:59:51,28.74,--,18,51732,买盘
941,13:59:48,28.74,--,20,57480,买盘
942,13:59:45,28.74,-0.01,29,85788,卖盘
943,13:59:42,28.75,-0.03,10,30676,卖盘
944,13:59:39,28.78,0.01,61,176104,买盘
945,13:59:36,28.77,--,1,2877,买盘
946,13:59:33,28.77,--,211,607449,买盘
947,13:59:30,28.77,--,20,57540,买盘
948,13:59:27,28.77,0.01,2,5754,买盘
949,13:59:24,28.76,-0.01,3,8628,中性盘
950,13:59:18,28.77,0.02,10,28770,买盘
951,13:59:15,28.75,-0.02,50,143750,卖盘
952,13:59:09,28.77,--,1,2877,买盘
953,13:59:06,28.77,0.02,7,20139,卖盘
954,13:59:00,28.75,-0.02,62,178623,卖盘
955,13:58:57,28.77,0.02,33,95890,买盘
956,13:58:54,28.75,-0.01,5,14375,卖盘
957,13:58:51,28.76,-0.01,2,5752,中性盘
958,13:58:48,28.77,--,2,5754,买盘
959,13:58:45,28.77,0.01,52,149604,买盘
960,13:58:42,28.76,-0.01,22,65457,卖盘
961,13:58:36,28.77,--,31,90165,买盘
962,13:58:30,28.77,--,1,2877,买盘
963,13:58:27,28.77,--,24,69048,买盘
964,13:58:24,28.77,--,1,2877,买盘
965,13:58:21,28.77,--,2,5754,买盘
966,13:58:18,28.77,--,18,54058,卖盘
967,13:58:15,28.77,-0.01,56,161112,卖盘
968,13:58:12,28.78,0.01,6,17268,买盘
969,13:58:09,28.77,-0.01,153,440785,卖盘
970,13:58:06,28.78,0.01,28,80584,中性盘
971,13:58:03,28.77,--,153,440813,卖盘
972,13:57:57,28.77,-0.01,9,25893,卖盘
973,13:57:54,28.78,--,19,54682,买盘
974,13:57:51,28.78,--,3,8634,买盘
975,13:57:48,28.78,--,5,14390,买盘
976,13:57:45,28.78,-0.01,57,164046,卖盘
977,13:57:42,28.79,0.01,3,8637,卖盘
978,13:57:39,28.78,-0.01,22,65532,卖盘
979,13:57:36,28.79,0.01,2,5758,买盘
980,13:57:30,28.78,-0.01,35,101449,卖盘
981,13:57:27,28.79,--,43,123797,买盘
982,13:57:24,28.79,0.01,10,28790,买盘
983,13:57:18,28.78,--,37,106486,卖盘
984,13:57:15,28.78,-0.02,95,275136,卖盘
985,13:57:09,28.8,0.01,5,14400,买盘
986,13:57:06,28.79,--,70,203055,卖盘
987,13:57:00,28.79,--,5,14395,卖盘
988,13:56:57,28.79,-0.01,55,161080,卖盘
989,13:56:54,28.8,0.01,20,57600,买盘
990,13:56:51,28.79,--,43,123797,买盘
991,13:56:48,28.79,--,2,5758,买盘
992,13:56:45,28.79,-0.01,5,14395,卖盘
993,13:56:42,28.8,-0.01,6,19065,卖盘
994,13:56:36,28.81,0.01,5,14405,买盘
995,13:56:33,28.8,-0.01,0,1094,中性盘
996,13:56:27,28.81,--,2,5762,买盘
997,13:56:24,28.81,0.02,10,28810,买盘
998,13:56:21,28.79,-0.01,2,5758,中性盘
999,13:56:18,28.8,0.02,1,2880,卖盘
1000,13:56:15,28.78,-0.01,50,143900,卖盘
1001,13:56:09,28.79,-0.03,13,39758,卖盘
1002,13:56:06,28.82,0.02,23,66286,买盘
1003,13:56:03,28.8,--,34,100425,买盘
1004,13:55:57,28.8,--,2,5760,买盘
1005,13:55:51,28.8,--,4,11520,买盘
1006,13:55:48,28.8,--,9,25920,买盘
1007,13:55:45,28.8,-0.01,67,194803,卖盘
1008,13:55:42,28.81,0.01,2,5762,买盘
1009,13:55:36,28.8,-0.01,23,67017,卖盘
1010,13:55:30,28.81,0.01,20,60068,买盘
1011,13:55:27,28.8,--,22,63360,卖盘
1012,13:55:24,28.8,--,5,14400,卖盘
1013,13:55:21,28.8,0.01,75,216691,买盘
1014,13:55:15,28.79,0.01,52,151032,中性盘
1015,13:55:12,28.78,-0.02,20,57560,卖盘
1016,13:55:06,28.8,0.02,87,252230,买盘
1017,13:54:57,28.78,-0.02,66,191933,卖盘
1018,13:54:54,28.8,0.01,23,66240,买盘
1019,13:54:48,28.79,0.01,2,5758,中性盘
1020,13:54:45,28.78,-0.01,50,143900,卖盘
1021,13:54:42,28.79,-0.01,34,98461,卖盘
1022,13:54:36,28.8,0.01,5,14400,买盘
1023,13:54:33,28.79,--,69,201501,卖盘
1024,13:54:27,28.79,-0.01,63,184025,卖盘
1025,13:54:24,28.8,--,10,28800,买盘
1026,13:54:21,28.8,0.01,4,11520,买盘
1027,13:54:18,28.79,-0.01,40,115620,卖盘
1028,13:54:15,28.8,--,63,181440,买盘
1029,13:54:09,28.8,--,31,89280,买盘
1030,13:54:06,28.8,--,15,43200,买盘
1031,13:54:03,28.8,--,3,8640,买盘
1032,13:54:00,28.8,--,38,110476,卖盘
1033,13:53:54,28.8,--,76,219945,卖盘
1034,13:53:51,28.8,--,3,8640,卖盘
1035,13:53:48,28.8,--,5,14400,卖盘
1036,13:53:45,28.8,--,67,193795,卖盘
1037,13:53:39,28.8,-0.03,17,49190,卖盘
1038,13:53:33,28.83,0.03,22,63425,买盘
1039,13:53:30,28.8,-0.02,25,74419,卖盘
1040,13:53:27,28.82,--,2,5764,买盘
1041,13:53:24,28.82,0.02,52,149864,买盘
1042,13:53:21,28.8,--,16,47491,卖盘
1043,13:53:15,28.8,-0.01,66,190742,卖盘
1044,13:53:12,28.81,0.01,6,17286,卖盘
1045,13:53:06,28.8,-0.01,21,61776,卖盘
1046,13:53:03,28.81,0.01,1,2881,买盘
1047,13:53:00,28.8,--,21,60480,卖盘
1048,13:52:57,28.8,-0.03,13,40003,卖盘
1049,13:52:48,28.83,0.02,34,98022,买盘
1050,13:52:45,28.81,-0.03,19,54739,卖盘
1051,13:52:42,28.84,--,20,58487,买盘
1052,13:52:39,28.84,--,2,5768,买盘
1053,13:52:36,28.84,0.01,6,17304,买盘
1054,13:52:33,28.83,--,7,22256,卖盘
1055,13:52:30,28.83,-0.01,1,2883,中性盘
1056,13:52:27,28.84,--,60,173443,买盘
1057,13:52:24,28.84,0.01,21,60564,买盘
1058,13:52:21,28.83,-0.01,10,28830,卖盘
1059,13:52:18,28.84,--,6,19784,买盘
1060,13:52:15,28.84,--,63,181692,买盘
1061,13:52:12,28.84,0.01,20,57680,买盘
1062,13:52:09,28.83,--,4,13146,卖盘
1063,13:52:06,28.83,0.01,2,7149,买盘
1064,13:52:00,28.82,-0.01,2,7810,卖盘
1065,13:51:57,28.83,0.01,10,28830,买盘
1066,13:51:54,28.82,-0.02,3,8646,卖盘
1067,13:51:51,28.84,0.01,35,100940,买盘
1068,13:51:48,28.83,0.01,33,95946,买盘
1069,13:51:45,28.82,-0.01,36,105827,卖盘
1070,13:51:36,28.83,--,40,117222,卖盘
1071,13:51:30,28.83,--,18,53825,卖盘
1072,13:51:27,28.83,0.01,619,1787315,买盘
1073,13:51:24,28.82,0.01,34,97988,买盘
1074,13:51:21,28.81,--,11,31748,卖盘
1075,13:51:18,28.81,-0.01,122,351482,卖盘
1076,13:51:15,28.82,--,51,146982,买盘
1077,13:51:12,28.82,--,29,84125,买盘
1078,13:51:09,28.82,0.02,17,51270,买盘
1079,13:51:06,28.8,-0.02,78,225532,卖盘
1080,13:51:03,28.82,0.01,109,314138,买盘
1081,13:51:00,28.81,0.01,296,852776,买盘
1082,13:50:57,28.8,-0.01,206,595353,卖盘
1083,13:50:54,28.81,--,2,5762,买盘
1084,13:50:51,28.81,0.01,100,288100,买盘
1085,13:50:48,28.8,--,229,662256,卖盘
1086,13:50:45,28.8,--,50,144000,卖盘
1087,13:50:42,28.8,--,41,118137,卖盘
1088,13:50:39,28.8,0.04,522,1503360,买盘
1089,13:50:36,28.76,0.01,13,37388,卖盘
1090,13:50:33,28.75,-0.01,127,365182,卖盘
1091,13:50:30,28.76,--,10,28760,卖盘
1092,13:50:27,28.76,0.01,2,5752,中性盘
1093,13:50:24,28.75,-0.04,151,435648,卖盘
1094,13:50:21,28.79,0.01,109,316661,买盘
1095,13:50:18,28.78,0.02,20,57560,买盘
1096,13:50:15,28.76,--,44,126917,卖盘
1097,13:50:09,28.76,-0.03,83,241066,卖盘
1098,13:50:03,28.79,0.03,21,60459,买盘
1099,13:50:00,28.76,--,7,22720,卖盘
1100,13:49:54,28.76,-0.02,10,29191,卖盘
1101,13:49:48,28.78,--,2,5756,买盘
1102,13:49:45,28.78,-0.01,52,149656,中性盘
1103,13:49:39,28.79,0.03,4,11516,买盘
1104,13:49:36,28.76,0.01,28,80585,卖盘
1105,13:49:30,28.75,--,19,55315,卖盘
1106,13:49:27,28.75,--,14,40250,卖盘
1107,13:49:24,28.75,--,11,31625,卖盘
1108,13:49:21,28.75,--,38,110371,卖盘
1109,13:49:15,28.75,--,50,143750,卖盘
1110,13:49:12,28.75,-0.04,51,146883,卖盘
1111,13:49:06,28.79,0.04,13,38808,买盘
1112,13:49:03,28.75,-0.04,5,14375,卖盘
1113,13:48:57,28.79,0.01,22,63597,买盘
1114,13:48:54,28.78,0.01,7,20146,买盘
1115,13:48:51,28.77,--,17,50174,买盘
1116,13:48:48,28.77,0.02,7,20139,买盘
1117,13:48:45,28.75,--,53,152375,卖盘
1118,13:48:36,28.75,--,8,24868,买盘
1119,13:48:33,28.75,--,1,2875,买盘
1120,13:48:27,28.75,0.01,8,23000,买盘
1121,13:48:21,28.74,--,16,45984,卖盘
1122,13:48:15,28.74,-0.01,50,143700,卖盘
1123,13:48:06,28.75,--,5,14375,卖盘
1124,13:48:03,28.75,--,82,237187,买盘
1125,13:48:00,28.75,--,1,2875,买盘
1126,13:47:54,28.75,--,27,77740,卖盘
1127,13:47:48,28.75,--,5,14375,卖盘
1128,13:47:45,28.75,--,157,453330,卖盘
1129,13:47:36,28.75,--,149,429180,卖盘
1130,13:47:30,28.75,-0.01,5,14375,卖盘
1131,13:47:27,28.76,--,2,5752,买盘
1132,13:47:24,28.76,--,5,14380,买盘
1133,13:47:21,28.76,--,80,232265,卖盘
1134,13:47:15,28.76,--,128,368156,卖盘
1135,13:47:12,28.76,--,15,43140,卖盘
1136,13:47:09,28.76,--,3,8628,卖盘
1137,13:47:06,28.76,--,43,126227,卖盘
1138,13:46:57,28.76,-0.01,27,78629,卖盘
1139,13:46:54,28.77,--,3,8631,买盘
1140,13:46:51,28.77,--,6,17262,买盘
1141,13:46:45,28.77,-0.02,34,98479,卖盘
1142,13:46:36,28.79,--,13,37427,卖盘
1143,13:46:33,28.79,--,8,23032,卖盘
1144,13:46:30,28.79,--,4,11516,买盘
1145,13:46:27,28.79,--,2,5758,买盘
1146,13:46:18,28.79,--,12,34548,买盘
1147,13:46:15,28.79,0.01,71,204409,买盘
1148,13:46:12,28.78,--,4,11512,卖盘
1149,13:46:06,28.78,--,21,60438,卖盘
1150,13:45:57,28.78,--,1,2878,卖盘
1151,13:45:54,28.78,--,9,25902,卖盘
1152,13:45:45,28.78,--,50,143900,卖盘
1153,13:45:42,28.78,-0.02,1,2878,卖盘
1154,13:45:36,28.8,0.02,11,31680,买盘
1155,13:45:27,28.78,-0.02,7,20146,卖盘
1156,13:45:24,28.8,0.02,6,17280,买盘
1157,13:45:15,28.78,-0.02,56,161168,卖盘
1158,13:45:09,28.8,--,10,28800,买盘
1159,13:45:06,28.8,--,5,14400,买盘
1160,13:45:03,28.8,--,21,60480,买盘
1161,13:44:54,28.8,--,1,2880,买盘
1162,13:44:51,28.8,--,144,414720,卖盘
1163,13:44:45,28.8,--,50,144000,卖盘
1164,13:44:42,28.8,--,4,11520,卖盘
1165,13:44:39,28.8,-0.01,5,14400,卖盘
1166,13:44:36,28.81,0.01,5,14405,买盘
1167,13:44:33,28.8,-0.01,1,2880,卖盘
1168,13:44:30,28.81,--,1,2881,买盘
1169,13:44:27,28.81,0.01,3,8643,买盘
1170,13:44:18,28.8,--,45,129600,卖盘
1171,13:44:15,28.8,--,50,144000,卖盘
1172,13:44:12,28.8,--,6,17280,卖盘
1173,13:44:09,28.8,0.02,4,11520,中性盘
1174,13:44:03,28.78,--,303,872034,卖盘
1175,13:44:00,28.78,-0.02,6,17268,卖盘
1176,13:43:51,28.8,0.02,21,60480,买盘
1177,13:43:45,28.78,-0.01,50,143900,卖盘
1178,13:43:42,28.79,-0.01,6,17274,卖盘
1179,13:43:36,28.8,0.01,5,14400,买盘
1180,13:43:33,28.79,--,50,143950,卖盘
1181,13:43:21,28.79,-0.01,55,158345,卖盘
1182,13:43:15,28.8,--,55,158400,买盘
1183,13:43:12,28.8,--,75,216000,买盘
1184,13:43:06,28.8,0.01,15,43200,买盘
1185,13:43:03,28.79,-0.01,7,20153,卖盘
1186,13:42:57,28.8,--,1,2880,买盘
1187,13:42:54,28.8,0.01,2,5760,买盘
1188,13:42:51,28.79,--,1,2879,买盘
1189,13:42:45,28.79,-0.01,54,155466,卖盘
1190,13:42:42,28.8,--,22,63360,买盘
1191,13:42:36,28.8,0.01,5,14400,买盘
1192,13:42:33,28.79,--,2,5758,卖盘
1193,13:42:27,28.79,--,56,161224,卖盘
1194,13:42:24,28.79,--,46,132434,卖盘
1195,13:42:18,28.79,-0.01,1,2879,卖盘
1196,13:42:15,28.8,--,55,158400,买盘
1197,13:42:06,28.8,--,6,17280,买盘
1198,13:42:03,28.8,--,5,14400,买盘
1199,13:41:57,28.8,--,49,141120,买盘
1200,13:41:54,28.8,0.01,1,2880,买盘
1201,13:41:51,28.79,-0.01,12,34548,卖盘
1202,13:41:48,28.8,0.01,64,184320,买盘
1203,13:41:45,28.79,--,50,143950,卖盘
1204,13:41:42,28.79,-0.01,54,155466,卖盘
1205,13:41:36,28.8,0.01,5,14400,买盘
1206,13:41:33,28.79,-0.01,1,2879,卖盘
1207,13:41:27,28.8,0.01,23,66240,买盘
1208,13:41:21,28.79,--,15,43185,买盘
1209,13:41:18,28.79,-0.01,88,253352,中性盘
1210,13:41:15,28.8,0.01,55,158400,买盘
1211,13:41:09,28.79,--,41,120630,买盘
1212,13:41:06,28.79,0.02,40,117837,买盘
1213,13:40:57,28.77,-0.02,78,226534,卖盘
1214,13:40:54,28.79,0.02,65,187135,中性盘
1215,13:40:45,28.77,-0.02,50,143850,卖盘
1216,13:40:42,28.79,-0.01,54,156387,卖盘
1217,13:40:39,28.8,0.01,114,328320,买盘
1218,13:40:36,28.79,--,10,28790,卖盘
1219,13:40:33,28.79,--,42,123221,卖盘
1220,13:40:27,28.79,0.01,108,311853,买盘
1221,13:40:24,28.78,-0.01,53,153282,卖盘
1222,13:40:21,28.79,--,1,2879,买盘
1223,13:40:18,28.79,--,65,187135,买盘
1224,13:40:15,28.79,--,71,204409,买盘
1225,13:40:12,28.79,--,50,145072,卖盘
1226,13:40:09,28.79,-0.01,95,273994,卖盘
1227,13:40:06,28.8,0.01,7,20160,买盘
1228,13:40:03,28.79,--,1,2879,卖盘
1229,13:40:00,28.79,--,30,88414,卖盘
1230,13:39:57,28.79,--,19,54701,卖盘
1231,13:39:54,28.79,--,53,154256,卖盘
1232,13:39:51,28.79,--,5,14395,卖盘
1233,13:39:45,28.79,--,61,178411,卖盘
1234,13:39:36,28.79,--,59,170379,卖盘
1235,13:39:33,28.79,--,2,5758,卖盘
1236,13:39:30,28.79,0.01,64,186271,中性盘
1237,13:39:21,28.78,-0.01,222,639635,卖盘
1238,13:39:18,28.79,--,20,57580,买盘
1239,13:39:15,28.79,0.01,56,161224,卖盘
1240,13:39:12,28.78,-0.02,147,423066,卖盘
1241,13:39:06,28.8,0.01,103,299491,买盘
1242,13:39:03,28.79,0.01,4,12869,买盘
1243,13:38:57,28.78,-0.01,91,262991,卖盘
1244,13:38:54,28.79,--,2,5758,买盘
1245,13:38:51,28.79,0.01,5,14395,中性盘
1246,13:38:45,28.78,-0.01,50,143900,卖盘
1247,13:38:42,28.79,-0.01,37,106724,卖盘
1248,13:38:36,28.8,0.01,1,2880,买盘
1249,13:38:33,28.79,--,76,221625,卖盘
1250,13:38:27,28.79,0.01,8,23060,中性盘
1251,13:38:15,28.78,-0.02,50,143900,卖盘
1252,13:38:12,28.8,--,23,66240,买盘
1253,13:38:09,28.8,--,1,2880,买盘
1254,13:38:06,28.8,0.02,5,14400,中性盘
1255,13:38:00,28.78,-0.02,108,310852,卖盘
1256,13:37:57,28.8,0.02,5,14400,中性盘
1257,13:37:54,28.78,-0.03,65,189602,卖盘
1258,13:37:51,28.81,--,3,8643,买盘
1259,13:37:48,28.81,0.01,13,37453,买盘
1260,13:37:45,28.8,0.01,60,172800,买盘
1261,13:37:42,28.79,--,1,2879,买盘
1262,13:37:39,28.79,--,23,67397,卖盘
1263,13:37:36,28.79,0.01,6,18972,中性盘
1264,13:37:33,28.78,-0.03,29,83462,卖盘
1265,13:37:27,28.81,0.04,1,2881,买盘
1266,13:37:24,28.77,-0.02,226,650202,卖盘
1267,13:37:21,28.79,-0.02,26,75458,卖盘
1268,13:37:18,28.81,--,30,86430,买盘
1269,13:37:15,28.81,--,67,193027,买盘
1270,13:37:12,28.81,0.03,52,151684,买盘
1271,13:37:06,28.78,-0.02,37,107608,卖盘
1272,13:37:03,28.8,0.03,101,292608,买盘
1273,13:36:57,28.77,-0.03,36,106190,卖盘
1274,13:36:54,28.8,--,5,14400,买盘
1275,13:36:51,28.8,--,13,37440,买盘
1276,13:36:48,28.8,0.02,21,60480,买盘
1277,13:36:45,28.78,-0.02,46,132560,卖盘
1278,13:36:42,28.8,--,2,5760,买盘
1279,13:36:36,28.8,--,18,51840,买盘
1280,13:36:33,28.8,--,8,23040,买盘
1281,13:36:30,28.8,-0.01,39,113788,卖盘
1282,13:36:27,28.81,0.01,312,898872,买盘
1283,13:36:24,28.8,0.02,202,583171,中性盘
1284,13:36:15,28.78,-0.02,55,159469,卖盘
1285,13:36:09,28.8,--,0,950,卖盘
1286,13:36:06,28.8,--,218,628416,买盘
1287,13:36:03,28.8,0.04,28,80640,买盘
1288,13:36:00,28.76,-0.01,208,598783,卖盘
1289,13:35:51,28.77,--,29,83922,买盘
1290,13:35:48,28.77,0.02,81,234590,买盘
1291,13:35:45,28.75,-0.01,64,186415,卖盘
1292,13:35:39,28.76,--,26,75236,买盘
1293,13:35:36,28.76,-0.01,16,46016,卖盘
1294,13:35:33,28.77,0.02,4,11508,买盘
1295,13:35:30,28.75,-0.01,51,148608,卖盘
1296,13:35:27,28.76,0.01,8,25280,买盘
1297,13:35:24,28.75,-0.01,2,5750,卖盘
1298,13:35:21,28.76,--,3,8628,买盘
1299,13:35:15,28.76,--,62,178312,买盘
1300,13:35:12,28.76,-0.01,16,46016,卖盘
1301,13:35:06,28.77,--,124,356748,买盘
1302,13:35:03,28.77,--,1,2877,买盘
1303,13:35:00,28.77,0.02,18,51786,买盘
1304,13:34:57,28.75,-0.01,155,446688,卖盘
1305,13:34:54,28.76,0.01,9,25884,中性盘
1306,13:34:45,28.75,-0.02,50,143750,卖盘
1307,13:34:42,28.77,0.01,38,109584,买盘
1308,13:34:33,28.76,--,11,32297,卖盘
1309,13:34:30,28.76,--,134,387656,买盘
1310,13:34:27,28.76,0.01,6,17256,买盘
1311,13:34:24,28.75,-0.01,12,34500,卖盘
1312,13:34:21,28.76,0.01,74,212824,买盘
1313,13:34:18,28.75,--,21,60375,卖盘
1314,13:34:15,28.75,--,50,143750,卖盘
1315,13:34:06,28.75,-0.01,15,43125,卖盘
1316,13:34:03,28.76,0.01,32,92032,买盘
1317,13:34:00,28.75,--,100,287500,买盘
1318,13:33:54,28.75,0.01,5,14375,买盘
1319,13:33:51,28.74,-0.01,10,28740,卖盘
1320,13:33:45,28.75,0.01,54,155250,买盘
1321,13:33:42,28.74,--,19,54606,买盘
1322,13:33:39,28.74,--,61,175314,买盘
1323,13:33:36,28.74,--,5,14370,买盘
1324,13:33:33,28.74,--,12,34488,买盘
1325,13:33:30,28.74,--,10,28740,买盘
1326,13:33:27,28.74,--,2,5748,买盘
1327,13:33:21,28.74,0.01,5,14370,买盘
1328,13:33:15,28.73,-0.01,55,158015,卖盘
1329,13:33:09,28.74,0.01,82,235725,买盘
1330,13:33:06,28.73,0.01,17,48841,买盘
1331,13:33:00,28.72,--,2,5744,卖盘
1332,13:32:57,28.72,--,5,14360,卖盘
1333,13:32:51,28.72,-0.01,27,77544,卖盘
1334,13:32:48,28.73,0.01,55,158015,买盘
1335,13:32:45,28.72,--,64,183808,买盘
1336,13:32:39,28.72,--,53,152216,买盘
1337,13:32:33,28.72,0.01,20,57440,买盘
1338,13:32:27,28.71,--,7,20097,买盘
1339,13:32:24,28.71,--,63,180873,买盘
1340,13:32:21,28.71,-0.02,137,393327,卖盘
1341,13:32:18,28.73,0.02,52,149396,买盘
1342,13:32:15,28.71,-0.02,50,143550,卖盘
1343,13:32:12,28.73,--,10,28730,买盘
1344,13:32:09,28.73,--,7,20111,买盘
1345,13:32:06,28.73,0.01,4,11492,买盘
1346,13:32:00,28.72,-0.01,12,34464,卖盘
1347,13:31:57,28.73,0.01,22,63206,买盘
1348,13:31:51,28.72,-0.01,4,11488,买盘
1349,13:31:48,28.73,0.01,20,57460,买盘
1350,13:31:45,28.72,0.01,60,172320,买盘
1351,13:31:39,28.71,-0.01,14,40194,卖盘
1352,13:31:36,28.72,0.01,8,22976,买盘
1353,13:31:33,28.71,-0.01,4,11484,卖盘
1354,13:31:27,28.72,--,2,5744,买盘
1355,13:31:24,28.72,--,3,8616,买盘
1356,13:31:21,28.72,0.01,43,123496,买盘
1357,13:31:18,28.71,-0.01,12,34452,卖盘
1358,13:31:15,28.72,--,57,163704,买盘
1359,13:31:12,28.72,--,2,5744,买盘
1360,13:31:09,28.72,0.01,77,221144,卖盘
1361,13:31:06,28.71,-0.02,100,287100,卖盘
1362,13:31:00,28.73,0.01,10,28730,买盘
1363,13:30:57,28.72,--,17,48824,买盘
1364,13:30:54,28.72,--,27,78951,卖盘
1365,13:30:48,28.72,-0.02,66,191418,卖盘
1366,13:30:45,28.74,0.02,26,74724,买盘
1367,13:30:42,28.72,--,147,424653,卖盘
1368,13:30:39,28.72,-0.01,17,48824,卖盘
1369,13:30:36,28.73,0.02,5,14365,买盘
1370,13:30:33,28.71,-0.02,118,338778,卖盘
1371,13:30:30,28.73,--,36,103428,买盘
1372,13:30:27,28.73,--,2,5746,买盘
1373,13:30:21,28.73,--,2,5746,买盘
1374,13:30:15,28.73,0.01,29,83317,中性盘
1375,13:30:12,28.72,-0.01,25,71800,卖盘
1376,13:30:09,28.73,--,15,43095,卖盘
1377,13:30:03,28.73,0.01,3,8619,卖盘
1378,13:30:00,28.72,-0.01,17,48824,卖盘
1379,13:29:57,28.73,0.01,293,841789,买盘
1380,13:29:51,28.72,-0.01,15,43080,卖盘
1381,13:29:48,28.73,0.02,10,28730,买盘
1382,13:29:42,28.71,-0.01,50,143550,卖盘
1383,13:29:39,28.72,-0.01,27,77544,卖盘
1384,13:29:36,28.73,--,5,14365,买盘
1385,13:29:33,28.73,0.01,3,8619,买盘
1386,13:29:30,28.72,0.01,25,71800,中性盘
1387,13:29:21,28.71,-0.01,29,83259,卖盘
1388,13:29:18,28.72,--,1,2872,中性盘
1389,13:29:12,28.72,--,150,430800,买盘
1390,13:29:09,28.72,--,5,14360,卖盘
1391,13:29:06,28.72,--,37,106264,买盘
1392,13:29:03,28.72,0.01,10,28720,买盘
1393,13:29:00,28.71,--,11,31581,卖盘
1394,13:28:54,28.71,--,18,51678,卖盘
1395,13:28:51,28.71,--,25,71775,买盘
1396,13:28:45,28.71,--,11,31581,买盘
1397,13:28:42,28.71,-0.01,26,74646,卖盘
1398,13:28:39,28.72,--,3,8616,卖盘
1399,13:28:33,28.72,0.01,146,419312,买盘
1400,13:28:30,28.71,--,18,51678,卖盘
1401,13:28:27,28.71,0.01,7,20097,买盘
1402,13:28:21,28.7,-0.02,28,80360,卖盘
1403,13:28:18,28.72,0.02,21,60312,买盘
1404,13:28:15,28.7,--,7,20090,卖盘
1405,13:28:12,28.7,-0.01,56,160720,卖盘
1406,13:28:09,28.71,0.01,6,17226,中性盘
1407,13:28:03,28.7,--,18,51660,卖盘
1408,13:28:00,28.7,-0.01,26,74620,卖盘
1409,13:27:54,28.71,--,2,5742,买盘
1410,13:27:51,28.71,--,2,5742,买盘
1411,13:27:48,28.71,--,3,8613,买盘
1412,13:27:45,28.71,--,10,28710,买盘
1413,13:27:42,28.71,0.01,57,163647,买盘
1414,13:27:39,28.7,-0.01,36,103320,卖盘
1415,13:27:36,28.71,--,4,11484,买盘
1416,13:27:30,28.71,--,3,8613,中性盘
1417,13:27:24,28.71,0.01,1,2871,买盘
1418,13:27:21,28.7,--,5,14350,卖盘
1419,13:27:18,28.7,--,1,2870,卖盘
1420,13:27:12,28.7,-0.02,70,200900,卖盘
1421,13:27:09,28.72,0.01,1,2872,买盘
1422,13:27:03,28.71,--,6,17226,卖盘
1423,13:27:00,28.71,--,39,111969,卖盘
1424,13:26:54,28.71,--,67,192357,买盘
1425,13:26:51,28.71,--,5,14355,买盘
1426,13:26:48,28.71,0.02,5,14355,买盘
1427,13:26:42,28.69,--,58,166402,卖盘
1428,13:26:39,28.69,-0.01,41,117629,卖盘
1429,13:26:33,28.7,-0.01,36,103320,中性盘
1430,13:26:30,28.71,0.02,40,114840,买盘
1431,13:26:27,28.69,--,15,43035,卖盘
1432,13:26:24,28.69,--,10,28690,卖盘
1433,13:26:21,28.69,--,9,25821,卖盘
1434,13:26:18,28.69,0.01,10,28690,卖盘
1435,13:26:15,28.68,--,4,11472,卖盘
1436,13:26:12,28.68,--,156,447408,卖盘
1437,13:26:09,28.68,-0.01,5,14340,卖盘
1438,13:26:06,28.69,0.01,9,25821,买盘
1439,13:26:03,28.68,--,2,5736,卖盘
1440,13:26:00,28.68,--,37,106116,卖盘
1441,13:25:57,28.68,-0.01,1,2868,卖盘
1442,13:25:54,28.69,0.01,17,48773,买盘
1443,13:25:51,28.68,-0.01,10,28680,卖盘
1444,13:25:48,28.69,--,12,34428,买盘
1445,13:25:45,28.69,0.01,2,5738,买盘
1446,13:25:42,28.68,-0.02,72,206496,卖盘
1447,13:25:39,28.7,0.01,52,149240,中性盘
1448,13:25:36,28.69,-0.01,49,140581,卖盘
1449,13:25:27,28.7,--,18,51660,买盘
1450,13:25:24,28.7,--,3,8610,买盘
1451,13:25:21,28.7,--,229,657230,卖盘
1452,13:25:18,28.7,--,6,17220,卖盘
1453,13:25:12,28.7,0.01,51,146370,中性盘
1454,13:25:09,28.69,-0.01,17,48773,卖盘
1455,13:25:06,28.7,0.01,15,43050,买盘
1456,13:25:03,28.69,--,1,2869,买盘
1457,13:25:00,28.69,--,8,22952,卖盘
1458,13:24:57,28.69,-0.01,6,17214,卖盘
1459,13:24:54,28.7,--,2,5740,买盘
1460,13:24:51,28.7,0.02,30,86100,中性盘
1461,13:24:42,28.68,-0.01,60,172080,卖盘
1462,13:24:39,28.69,-0.01,7,20083,卖盘
1463,13:24:36,28.7,--,27,77490,买盘
1464,13:24:33,28.7,0.01,75,215250,买盘
1465,13:24:30,28.69,--,8,22952,买盘
1466,13:24:27,28.69,-0.01,21,60249,卖盘
1467,13:24:24,28.7,--,5,14350,买盘
1468,13:24:21,28.7,0.01,10,28700,买盘
1469,13:24:18,28.69,-0.01,5,14345,卖盘
1470,13:24:15,28.7,0.01,202,579740,买盘
1471,13:24:12,28.69,-0.01,51,146319,卖盘
1472,13:24:09,28.7,-0.01,3,8610,卖盘
1473,13:24:06,28.71,0.01,10,28710,买盘
1474,13:24:03,28.7,--,5,14350,买盘
1475,13:24:00,28.7,--,14,40180,卖盘
1476,13:23:57,28.7,-0.01,4,11480,卖盘
1477,13:23:51,28.71,--,1,2871,买盘
1478,13:23:45,28.71,0.01,12,34452,买盘
1479,13:23:42,28.7,--,66,189420,卖盘
1480,13:23:39,28.7,-0.01,61,175070,卖盘
1481,13:23:36,28.71,--,7,20097,买盘
1482,13:23:33,28.71,0.01,1,2871,买盘
1483,13:23:27,28.7,-0.01,55,157850,卖盘
1484,13:23:24,28.71,0.01,7,20097,买盘
1485,13:23:21,28.7,-0.01,48,137760,卖盘
1486,13:23:18,28.71,0.01,28,80388,买盘
1487,13:23:12,28.7,-0.01,51,146370,卖盘
1488,13:23:06,28.71,0.01,18,51678,买盘
1489,13:23:00,28.7,-0.01,31,88970,卖盘
1490,13:22:57,28.71,--,18,51678,卖盘
1491,13:22:54,28.71,0.01,23,66033,买盘
1492,13:22:51,28.7,--,2,5740,卖盘
1493,13:22:48,28.7,--,3,8610,卖盘
1494,13:22:42,28.7,--,50,143500,卖盘
1495,13:22:39,28.7,-0.01,10,28700,卖盘
1496,13:22:36,28.71,--,10,28710,买盘
1497,13:22:33,28.71,--,7,20097,买盘
1498,13:22:30,28.71,--,1,2871,卖盘
1499,13:22:27,28.71,0.01,1,2871,买盘
1500,13:22:18,28.7,-0.03,1,2870,卖盘
1501,13:22:15,28.73,0.03,5,14365,买盘
1502,13:22:12,28.7,-0.03,50,143500,卖盘
1503,13:22:06,28.73,0.02,5,14365,买盘
1504,13:22:00,28.71,-0.02,31,89001,卖盘
1505,13:21:48,28.73,0.03,12,34476,买盘
1506,13:21:42,28.7,-0.01,50,143500,卖盘
1507,13:21:39,28.71,-0.02,2,5742,卖盘
1508,13:21:36,28.73,0.02,8,22984,买盘
1509,13:21:33,28.71,0.01,10,28710,中性盘
1510,13:21:30,28.7,-0.03,7,20090,卖盘
1511,13:21:24,28.73,0.02,1,2873,买盘
1512,13:21:21,28.71,-0.03,1,2871,卖盘
1513,13:21:18,28.74,0.04,29,83346,买盘
1514,13:21:15,28.7,-0.01,8,22960,卖盘
1515,13:21:12,28.71,-0.02,50,143550,卖盘
1516,13:21:09,28.73,-0.01,10,28730,卖盘
1517,13:21:06,28.74,0.01,4,11496,买盘
1518,13:21:03,28.73,--,3,8619,卖盘
1519,13:21:00,28.73,--,27,77571,卖盘
1520,13:20:51,28.73,--,44,126412,买盘
1521,13:20:48,28.73,0.03,14,40222,买盘
1522,13:20:42,28.7,-0.03,62,177940,卖盘
1523,13:20:39,28.73,0.02,5,14365,买盘
1524,13:20:36,28.71,-0.02,8,22968,卖盘
1525,13:20:24,28.73,0.03,1,2873,买盘
1526,13:20:21,28.7,--,31,88970,卖盘
1527,13:20:18,28.7,-0.03,33,94710,卖盘
1528,13:20:15,28.73,0.02,1,2873,买盘
1529,13:20:12,28.71,0.01,50,143550,中性盘
1530,13:20:09,28.7,-0.03,70,200900,卖盘
1531,13:20:06,28.73,0.03,14,40222,买盘
1532,13:20:03,28.7,0.01,30,86100,买盘
1533,13:20:00,28.69,-0.01,55,157795,卖盘
1534,13:19:57,28.7,-0.01,41,117670,卖盘
1535,13:19:54,28.71,--,6,17226,买盘
1536,13:19:48,28.71,0.01,148,424908,买盘
1537,13:19:45,28.7,0.01,58,166460,买盘
1538,13:19:42,28.69,-0.01,131,375839,卖盘
1539,13:19:39,28.7,--,51,146370,买盘
1540,13:19:36,28.7,--,20,57400,买盘
1541,13:19:33,28.7,--,4,11480,买盘
1542,13:19:30,28.7,0.01,12,34440,买盘
1543,13:19:27,28.69,-0.01,16,45904,卖盘
1544,13:19:24,28.7,--,1,2870,买盘
1545,13:19:21,28.7,--,87,249690,买盘
1546,13:19:18,28.7,--,3,8610,买盘
1547,13:19:15,28.7,0.01,4,11480,中性盘
1548,13:19:12,28.69,-0.02,52,149188,卖盘
1549,13:19:06,28.71,0.02,5,14355,买盘
1550,13:19:00,28.69,--,181,519289,卖盘
1551,13:18:54,28.69,-0.01,32,91808,卖盘
1552,13:18:51,28.7,--,28,80360,买盘
1553,13:18:48,28.7,--,6,17220,买盘
1554,13:18:45,28.7,--,8,22960,买盘
1555,13:18:42,28.7,0.01,137,393190,买盘
1556,13:18:39,28.69,-0.01,55,157795,卖盘
1557,13:18:36,28.7,0.01,8,22960,买盘
1558,13:18:33,28.69,--,2,5738,卖盘
1559,13:18:30,28.69,--,36,103284,卖盘
1560,13:18:27,28.69,--,18,51642,卖盘
1561,13:18:24,28.69,0.01,25,71725,买盘
1562,13:18:21,28.68,--,43,123324,卖盘
1563,13:18:18,28.68,-0.01,34,97512,卖盘
1564,13:18:15,28.69,0.01,17,48773,买盘
1565,13:18:12,28.68,-0.01,50,143400,卖盘
1566,13:18:09,28.69,--,10,28690,买盘
1567,13:18:06,28.69,0.02,13,37297,买盘
1568,13:18:03,28.67,-0.01,26,74542,卖盘
1569,13:18:00,28.68,--,46,131928,卖盘
1570,13:17:57,28.68,-0.01,53,152004,卖盘
1571,13:17:54,28.69,0.01,3,8607,买盘
1572,13:17:48,28.68,-0.01,5,14340,卖盘
1573,13:17:42,28.69,0.01,56,160664,买盘
1574,13:17:39,28.68,-0.01,5,14340,卖盘
1575,13:17:36,28.69,--,5,14345,买盘
1576,13:17:33,28.69,--,30,86070,买盘
1577,13:17:30,28.69,0.02,10,28690,买盘
1578,13:17:24,28.67,--,4,11468,卖盘
1579,13:17:21,28.67,--,15,43005,卖盘
1580,13:17:18,28.67,-0.02,114,326838,卖盘
1581,13:17:15,28.69,0.02,45,129105,买盘
1582,13:17:12,28.67,-0.01,51,146217,卖盘
1583,13:17:09,28.68,--,6,17208,买盘
1584,13:17:06,28.68,-0.01,66,189288,卖盘
1585,13:17:03,28.69,--,1,2869,买盘
1586,13:17:00,28.69,0.01,23,65987,买盘
1587,13:16:57,28.68,-0.01,14,40152,卖盘
1588,13:16:54,28.69,--,1,2869,买盘
1589,13:16:48,28.69,--,1,2869,买盘
1590,13:16:45,28.69,0.01,6,17214,买盘
1591,13:16:42,28.68,--,85,243780,卖盘
1592,13:16:39,28.68,--,34,97512,卖盘
1593,13:16:36,28.68,--,46,131928,卖盘
1594,13:16:33,28.68,--,6,17208,卖盘
1595,13:16:30,28.68,-0.01,5,14340,卖盘
1596,13:16:24,28.69,--,2,5738,买盘
1597,13:16:21,28.69,0.01,10,28690,买盘
1598,13:16:18,28.68,-0.01,12,34416,卖盘
1599,13:16:15,28.69,0.01,12,34428,买盘
1600,13:16:12,28.68,-0.01,50,143400,卖盘
1601,13:16:09,28.69,--,3,8607,买盘
1602,13:16:06,28.69,--,4,11476,买盘
1603,13:15:57,28.69,--,1,2869,买盘
1604,13:15:54,28.69,-0.01,28,80332,卖盘
1605,13:15:51,28.7,--,22,63140,买盘
1606,13:15:48,28.7,--,1,2870,买盘
1607,13:15:42,28.7,-0.01,401,1150870,卖盘
1608,13:15:39,28.71,-0.01,21,60291,卖盘
1609,13:15:36,28.72,--,22,63184,买盘
1610,13:15:33,28.72,--,1,2872,买盘
1611,13:15:30,28.72,-0.01,6,17232,中性盘
1612,13:15:27,28.73,0.01,5,14365,买盘
1613,13:15:24,28.72,--,10,28720,买盘
1614,13:15:21,28.72,--,56,160832,卖盘
1615,13:15:18,28.72,-0.01,7,20104,卖盘
1616,13:15:15,28.73,0.01,8,22984,买盘
1617,13:15:12,28.72,--,81,232632,卖盘
1618,13:15:09,28.72,-0.01,64,183808,卖盘
1619,13:15:06,28.73,0.02,57,163761,买盘
1620,13:15:03,28.71,-0.01,10,28710,卖盘
1621,13:15:00,28.72,-0.01,77,221144,卖盘
1622,13:14:57,28.73,--,3,8619,买盘
1623,13:14:54,28.73,--,13,37349,买盘
1624,13:14:51,28.73,-0.01,180,517140,卖盘
1625,13:14:48,28.74,--,20,57480,买盘
1626,13:14:45,28.74,0.01,1,2874,买盘
1627,13:14:42,28.73,-0.02,50,143650,卖盘
1628,13:14:39,28.75,0.02,7,20125,买盘
1629,13:14:36,28.73,-0.02,505,1450865,卖盘
1630,13:14:33,28.75,--,1,2875,买盘
1631,13:14:30,28.75,--,10,28750,买盘
1632,13:14:27,28.75,0.01,1,2875,买盘
1633,13:14:21,28.74,-0.01,21,60354,卖盘
1634,13:14:18,28.75,--,1,2875,买盘
1635,13:14:15,28.75,--,21,62416,卖盘
1636,13:14:12,28.75,--,51,146625,卖盘
1637,13:14:09,28.75,--,12,34500,卖盘
1638,13:14:03,28.75,--,38,110083,买盘
1639,13:14:00,28.75,0.01,29,83375,买盘
1640,13:13:57,28.74,-0.01,8,22992,卖盘
1641,13:13:51,28.75,0.01,1,2875,买盘
1642,13:13:42,28.74,-0.01,61,176894,卖盘
1643,13:13:39,28.75,-0.01,13,37375,卖盘
1644,13:13:36,28.76,0.01,5,14380,买盘
1645,13:13:33,28.75,-0.01,28,81506,卖盘
1646,13:13:27,28.76,0.01,26,74977,买盘
1647,13:13:21,28.75,--,5,14375,卖盘
1648,13:13:18,28.75,--,16,46000,卖盘
1649,13:13:15,28.75,0.01,41,117961,买盘
1650,13:13:12,28.74,-0.01,50,143700,卖盘
1651,13:13:09,28.75,0.01,11,31625,买盘
1652,13:13:06,28.74,--,11,31614,卖盘
1653,13:13:00,28.74,--,32,91968,卖盘
1654,13:12:57,28.74,-0.01,6,17244,卖盘
1655,13:12:51,28.75,--,18,51750,买盘
1656,13:12:48,28.75,--,10,28750,买盘
1657,13:12:45,28.75,--,1,2875,买盘
1658,13:12:42,28.75,0.01,60,172500,买盘
1659,13:12:39,28.74,-0.01,9,25866,卖盘
1660,13:12:36,28.75,--,16,46000,买盘
1661,13:12:33,28.75,--,6,17250,买盘
1662,13:12:27,28.75,--,2,5750,买盘
1663,13:12:24,28.75,--,16,46000,买盘
1664,13:12:18,28.75,--,30,86365,卖盘
1665,13:12:12,28.75,--,51,146625,卖盘
1666,13:12:09,28.75,0.01,199,574885,买盘
1667,13:12:06,28.74,--,62,178188,买盘
1668,13:12:03,28.74,--,6,17244,买盘
1669,13:12:00,28.74,--,1,2874,买盘
1670,13:11:57,28.74,-0.01,74,215003,卖盘
1671,13:11:51,28.75,--,1,2875,买盘
1672,13:11:48,28.75,--,2,5750,买盘
1673,13:11:45,28.75,0.01,2,5750,买盘
1674,13:11:42,28.74,-0.01,50,143700,卖盘
1675,13:11:39,28.75,--,91,262171,买盘
1676,13:11:36,28.75,--,14,40250,买盘
1677,13:11:30,28.75,--,11,31625,买盘
1678,13:11:27,28.75,--,20,57500,买盘
1679,13:11:24,28.75,--,2,5750,买盘
1680,13:11:21,28.75,--,2,5750,买盘
1681,13:11:18,28.75,-0.01,20,57500,卖盘
1682,13:11:15,28.76,0.02,5,14380,买盘
1683,13:11:12,28.74,-0.02,50,143700,卖盘
1684,13:11:00,28.76,0.01,150,431400,买盘
1685,13:10:57,28.75,--,2,5750,买盘
1686,13:10:54,28.75,--,5,14375,买盘
1687,13:10:51,28.75,--,14,40250,买盘
1688,13:10:48,28.75,--,1,2875,买盘
1689,13:10:45,28.75,--,129,370875,买盘
1690,13:10:42,28.75,--,51,146625,买盘
1691,13:10:39,28.75,-0.01,29,84697,卖盘
1692,13:10:36,28.76,0.01,9,25884,买盘
1693,13:10:33,28.75,--,10,28750,卖盘
1694,13:10:30,28.75,--,75,218270,卖盘
1695,13:10:27,28.75,-0.01,118,339250,卖盘
1696,13:10:24,28.76,0.01,2,5752,买盘
1697,13:10:21,28.75,--,40,115000,卖盘
1698,13:10:18,28.75,--,19,54625,卖盘
1699,13:10:15,28.75,0.01,81,234657,买盘
1700,13:10:12,28.74,-0.01,54,155196,卖盘
1701,13:10:06,28.75,--,7,20125,买盘
1702,13:10:03,28.75,--,10,28750,买盘
1703,13:10:00,28.75,-0.01,10,28750,中性盘
1704,13:09:54,28.76,0.01,78,224328,买盘
1705,13:09:51,28.75,-0.01,13,39962,卖盘
1706,13:09:45,28.76,0.01,2,5752,买盘
1707,13:09:42,28.75,--,91,261912,卖盘
1708,13:09:39,28.75,-0.01,4,11500,卖盘
1709,13:09:36,28.76,0.01,1,2876,买盘
1710,13:09:33,28.75,--,6,17250,买盘
1711,13:09:30,28.75,--,10,28750,买盘
1712,13:09:27,28.75,--,13,37375,买盘
1713,13:09:24,28.75,0.01,5,14375,中性盘
1714,13:09:18,28.74,--,35,101940,卖盘
1715,13:09:12,28.74,-0.01,50,143700,卖盘
1716,13:09:09,28.75,-0.01,29,84093,卖盘
1717,13:09:06,28.76,0.01,1,2876,买盘
1718,13:09:03,28.75,--,30,88406,买盘
1719,13:09:00,28.75,0.01,6,17250,买盘
1720,13:08:57,28.74,-0.01,4,11496,卖盘
1721,13:08:54,28.75,--,3,8625,卖盘
1722,13:08:51,28.75,-0.01,24,69000,卖盘
1723,13:08:45,28.76,0.01,1,2876,买盘
1724,13:08:42,28.75,0.01,84,241500,买盘
1725,13:08:39,28.74,-0.01,4,11496,卖盘
1726,13:08:36,28.75,--,47,135125,买盘
1727,13:08:33,28.75,0.01,1,2875,买盘
1728,13:08:30,28.74,-0.01,22,63228,卖盘
1729,13:08:24,28.75,--,6,17250,买盘
1730,13:08:21,28.75,-0.01,7,20125,买盘
1731,13:08:18,28.76,0.02,1,2876,买盘
1732,13:08:12,28.74,-0.02,50,143700,卖盘
1733,13:08:06,28.76,0.02,15,43140,买盘
1734,13:08:03,28.74,-0.02,1,2874,卖盘
1735,13:08:00,28.76,--,35,102184,卖盘
1736,13:07:57,28.76,--,6,17256,卖盘
1737,13:07:51,28.76,--,62,179663,买盘
1738,13:07:48,28.76,--,1,2876,买盘
1739,13:07:45,28.76,0.02,5,14380,买盘
1740,13:07:42,28.74,-0.02,103,297717,卖盘
1741,13:07:39,28.76,--,3,8628,买盘
1742,13:07:36,28.76,0.01,5,14380,买盘
1743,13:07:33,28.75,-0.01,7,21533,卖盘
1744,13:07:27,28.76,--,1,2876,买盘
1745,13:07:24,28.76,0.01,3,8628,买盘
1746,13:07:18,28.75,-0.03,7,20125,卖盘
1747,13:07:15,28.78,0.04,1,2878,买盘
1748,13:07:12,28.74,-0.01,50,143700,卖盘
1749,13:07:09,28.75,-0.03,44,128081,卖盘
1750,13:07:06,28.78,0.03,5,14390,买盘
1751,13:07:03,28.75,--,60,174368,卖盘
1752,13:07:00,28.75,--,29,83375,卖盘
1753,13:06:57,28.75,-0.03,13,37375,卖盘
1754,13:06:54,28.78,0.03,1,2878,买盘
1755,13:06:48,28.75,-0.03,36,104046,中性盘
1756,13:06:42,28.78,0.03,51,146778,买盘
1757,13:06:39,28.75,--,52,150995,卖盘
1758,13:06:36,28.75,--,11,31625,卖盘
1759,13:06:33,28.75,--,16,46000,卖盘
1760,13:06:30,28.75,--,3,8625,卖盘
1761,13:06:27,28.75,--,56,161833,买盘
1762,13:06:24,28.75,0.01,5,14375,中性盘
1763,13:06:12,28.74,-0.04,60,172440,卖盘
1764,13:06:09,28.78,0.03,13,37414,买盘
1765,13:06:06,28.75,0.01,4,11500,中性盘
1766,13:06:03,28.74,--,5,14370,卖盘
1767,13:06:00,28.74,--,74,212676,卖盘
1768,13:05:57,28.74,-0.04,15,43110,卖盘
1769,13:05:48,28.78,0.04,1,2878,买盘
1770,13:05:45,28.74,--,10,28740,卖盘
1771,13:05:42,28.74,--,89,258171,卖盘
1772,13:05:39,28.74,-0.01,4,11496,卖盘
1773,13:05:36,28.75,--,6,17250,买盘
1774,13:05:33,28.75,0.01,3,8625,买盘
1775,13:05:30,28.74,-0.01,14,40236,卖盘
1776,13:05:27,28.75,0.01,1,2875,买盘
1777,13:05:24,28.74,--,2,5776,卖盘
1778,13:05:18,28.74,-0.01,8,22992,卖盘
1779,13:05:15,28.75,--,1,2875,买盘
1780,13:05:12,28.75,--,55,158125,买盘
1781,13:05:09,28.75,--,2,5750,买盘
1782,13:05:06,28.75,--,9,25875,买盘
1783,13:05:03,28.75,--,1,2875,买盘
1784,13:05:00,28.75,--,7,20125,买盘
1785,13:04:57,28.75,--,88,253000,买盘
1786,13:04:54,28.75,--,6,20038,卖盘
1787,13:04:48,28.75,--,1,2961,买盘
1788,13:04:45,28.75,--,63,183022,卖盘
1789,13:04:42,28.75,--,50,143750,卖盘
1790,13:04:39,28.75,--,20,57500,卖盘
1791,13:04:36,28.75,--,17,49248,卖盘
1792,13:04:33,28.75,-0.03,34,97750,卖盘
1793,13:04:30,28.78,0.03,19,56495,买盘
1794,13:04:21,28.75,-0.03,18,52871,卖盘
1795,13:04:18,28.78,0.03,11,31658,中性盘
1796,13:04:12,28.75,-0.04,107,308171,卖盘
1797,13:04:09,28.79,0.01,1,2879,买盘
1798,13:04:06,28.78,--,69,199128,买盘
1799,13:03:57,28.78,0.03,54,155440,买盘
1800,13:03:51,28.75,-0.03,50,144756,卖盘
1801,13:03:48,28.78,0.03,1,2878,买盘
1802,13:03:42,28.75,-0.04,50,143750,卖盘
1803,13:03:39,28.79,--,3,8637,买盘
1804,13:03:36,28.79,--,6,17274,买盘
1805,13:03:33,28.79,0.04,20,58933,买盘
1806,13:03:27,28.75,-0.04,12,34931,卖盘
1807,13:03:24,28.79,0.04,1,2879,买盘
1808,13:03:18,28.75,-0.04,19,56982,卖盘
1809,13:03:15,28.79,0.05,6,17274,买盘
1810,13:03:12,28.74,-0.01,50,143700,卖盘
1811,13:03:09,28.75,--,28,83030,卖盘
1812,13:03:06,28.75,-0.04,60,172500,卖盘
1813,13:03:03,28.79,0.04,20,57580,买盘
1814,13:02:54,28.75,--,27,77711,买盘
1815,13:02:51,28.75,--,4,11500,买盘
1816,13:02:48,28.75,-0.01,8,23000,买盘
1817,13:02:45,28.76,0.02,1,2876,中性盘
1818,13:02:42,28.74,-0.01,51,146574,卖盘
1819,13:02:39,28.75,--,20,57500,卖盘
1820,13:02:36,28.75,--,33,96427,卖盘
1821,13:02:33,28.75,-0.01,8,23000,卖盘
1822,13:02:30,28.76,0.01,1,2876,买盘
1823,13:02:27,28.75,-0.01,5,14375,卖盘
1824,13:02:24,28.76,0.01,3,8628,买盘
1825,13:02:21,28.75,--,67,192883,买盘
1826,13:02:18,28.75,--,1,2875,买盘
1827,13:02:15,28.75,--,19,55976,卖盘
1828,13:02:12,28.75,-0.04,54,155278,卖盘
1829,13:02:09,28.79,--,1,2879,买盘
1830,13:02:06,28.79,0.04,5,14395,买盘
1831,13:02:03,28.75,-0.04,69,199007,卖盘
1832,13:02:00,28.79,--,5,14395,买盘
1833,13:01:57,28.79,--,68,198363,买盘
1834,13:01:48,28.79,--,2,5758,买盘
1835,13:01:45,28.79,0.04,4,11516,买盘
1836,13:01:42,28.75,-0.04,50,146596,卖盘
1837,13:01:36,28.79,--,6,17274,买盘
1838,13:01:33,28.79,0.03,3,10047,买盘
1839,13:01:24,28.76,--,2,6384,卖盘
1840,13:01:21,28.76,--,10,28760,卖盘
1841,13:01:18,28.76,--,3,9807,中性盘
1842,13:01:12,28.76,0.01,4,11504,卖盘
1843,13:01:09,28.75,-0.01,15,44217,卖盘
1844,13:01:06,28.76,--,2,6672,买盘
1845,13:01:03,28.76,0.01,19,54644,买盘
1846,13:01:00,28.75,-0.01,26,75008,卖盘
1847,13:00:57,28.76,--,14,40264,买盘
1848,13:00:54,28.76,--,27,79090,买盘
1849,13:00:51,28.76,--,1,2876,买盘
1850,13:00:48,28.76,--,10,28760,买盘
1851,13:00:39,28.76,--,2,5752,买盘
1852,13:00:36,28.76,-0.03,36,104024,卖盘
1853,13:00:33,28.79,0.03,19,54701,买盘
1854,13:00:30,28.76,--,58,168217,卖盘
1855,13:00:21,28.76,--,61,176413,卖盘
1856,13:00:18,28.76,--,6,17256,卖盘
1857,13:00:12,28.76,--,2,5752,卖盘
1858,13:00:09,28.76,--,5,14380,卖盘
1859,13:00:06,28.76,-0.02,19,54644,卖盘
1860,13:00:03,28.78,0.02,322,929219,买盘
1861,13:00:00,28.76,--,0,0,买盘
1862,11:30:00,28.76,0.01,13,37388,买盘
1863,11:29:57,28.75,-0.01,5,15352,卖盘
1864,11:29:54,28.76,--,3,8628,买盘
1865,11:29:51,28.76,--,2,5752,买盘
1866,11:29:45,28.76,--,1,2876,买盘
1867,11:29:42,28.76,--,54,155677,卖盘
1868,11:29:36,28.76,-0.01,22,63272,卖盘
1869,11:29:33,28.77,-0.01,0,1093,卖盘
1870,11:29:30,28.78,0.02,30,86340,买盘
1871,11:29:24,28.76,0.01,1,3997,卖盘
1872,11:29:21,28.75,-0.01,6,17537,买盘
1873,11:29:18,28.76,-0.02,1,2876,卖盘
1874,11:29:15,28.78,0.04,10,28780,买盘
1875,11:29:12,28.74,-0.02,51,146574,卖盘
1876,11:29:09,28.76,0.01,6,17371,中性盘
1877,11:29:03,28.75,--,1,2875,卖盘
1878,11:29:00,28.75,-0.01,14,41371,卖盘
1879,11:28:57,28.76,--,28,80528,买盘
1880,11:28:51,28.76,0.02,1,2876,中性盘
1881,11:28:42,28.74,-0.05,52,149448,卖盘
1882,11:28:39,28.79,--,13,37427,买盘
1883,11:28:36,28.79,--,1,2879,买盘
1884,11:28:33,28.79,0.03,32,92128,买盘
1885,11:28:30,28.76,-0.03,7,20132,卖盘
1886,11:28:27,28.79,0.05,25,72809,买盘
1887,11:28:24,28.74,--,54,157408,买盘
1888,11:28:21,28.74,--,17,48858,买盘
1889,11:28:18,28.74,--,12,34488,买盘
1890,11:28:15,28.74,--,32,91968,买盘
1891,11:28:12,28.74,-0.02,249,716287,卖盘
1892,11:28:06,28.76,-0.03,17,50790,买盘
1893,11:28:03,28.79,0.03,50,143950,买盘
1894,11:28:00,28.76,0.01,5,14380,买盘
1895,11:27:57,28.75,-0.01,4,11500,卖盘
1896,11:27:54,28.76,0.01,6,17256,买盘
1897,11:27:51,28.75,--,149,428691,买盘
1898,11:27:48,28.75,--,5,14375,买盘
1899,11:27:45,28.75,--,25,72392,卖盘
1900,11:27:42,28.75,-0.01,121,350232,卖盘
1901,11:27:39,28.76,--,2,5752,买盘
1902,11:27:36,28.76,--,11,31636,买盘
1903,11:27:33,28.76,-0.01,127,366287,卖盘
1904,11:27:30,28.77,0.01,2,5754,买盘
1905,11:27:27,28.76,--,23,66148,卖盘
1906,11:27:24,28.76,-0.01,56,162580,卖盘
1907,11:27:21,28.77,--,1,2877,买盘
1908,11:27:18,28.77,0.01,3,8631,中性盘
1909,11:27:12,28.76,-0.01,51,146676,卖盘
1910,11:27:09,28.77,-0.02,51,149517,卖盘
1911,11:27:06,28.79,--,5,14395,买盘
1912,11:27:03,28.79,0.02,19,54701,买盘
1913,11:27:00,28.77,-0.02,57,164334,卖盘
1914,11:26:57,28.79,0.02,1,2879,买盘
1915,11:26:54,28.77,-0.02,18,53051,卖盘
1916,11:26:48,28.79,0.03,8,23032,买盘
1917,11:26:45,28.76,-0.01,24,69167,卖盘
1918,11:26:42,28.77,-0.02,50,143850,卖盘
1919,11:26:39,28.79,0.02,1,2879,买盘
1920,11:26:36,28.77,-0.02,16,47556,卖盘
1921,11:26:33,28.79,--,24,69096,买盘
1922,11:26:30,28.79,0.01,6,17274,买盘
1923,11:26:27,28.78,0.01,1,2878,中性盘
1924,11:26:21,28.77,-0.02,400,1150800,卖盘
1925,11:26:18,28.79,--,5,14395,买盘
1926,11:26:15,28.79,0.01,1,2879,买盘
1927,11:26:12,28.78,-0.01,52,149656,卖盘
1928,11:26:09,28.79,-0.01,5,14395,中性盘
1929,11:26:06,28.8,0.01,8,23040,买盘
1930,11:26:03,28.79,-0.01,44,128979,卖盘
1931,11:25:57,28.8,0.01,2,5760,买盘
1932,11:25:54,28.79,--,2,5758,卖盘
1933,11:25:51,28.79,--,120,345480,卖盘
1934,11:25:42,28.79,-0.01,59,169861,卖盘
1935,11:25:39,28.8,--,7,20160,买盘
1936,11:25:36,28.8,--,17,48960,买盘
1937,11:25:33,28.8,--,10,28800,买盘
1938,11:25:30,28.8,-0.01,406,1169280,卖盘
1939,11:25:18,28.81,--,10,28810,买盘
1940,11:25:12,28.81,-0.02,40,115240,卖盘
1941,11:25:09,28.83,0.01,101,291183,买盘
1942,11:25:06,28.82,--,1,2882,卖盘
1943,11:24:57,28.82,--,5,14410,买盘
1944,11:24:45,28.82,0.01,1,2882,中性盘
1945,11:24:42,28.81,-0.02,52,149812,卖盘
1946,11:24:39,28.83,--,5,14415,买盘
1947,11:24:36,28.83,--,5,14415,买盘
1948,11:24:33,28.83,0.02,6,17298,买盘
1949,11:24:30,28.81,--,10,28810,卖盘
1950,11:24:27,28.81,-0.02,4,11524,卖盘
1951,11:24:24,28.83,--,4,11532,买盘
1952,11:24:21,28.83,0.02,5,14415,买盘
1953,11:24:12,28.81,-0.02,60,172860,卖盘
1954,11:24:03,28.83,0.01,19,54777,买盘
1955,11:24:00,28.82,--,9,25938,买盘
1956,11:23:48,28.82,0.02,1,2882,中性盘
1957,11:23:42,28.8,-0.03,50,144000,卖盘
1958,11:23:33,28.83,0.02,19,54777,买盘
1959,11:23:30,28.81,--,5,14405,买盘
1960,11:23:18,28.81,--,3,8643,买盘
1961,11:23:12,28.81,-0.01,39,112359,卖盘
1962,11:23:09,28.82,-0.01,29,83578,卖盘
1963,11:23:06,28.83,--,5,14415,买盘
1964,11:23:03,28.83,--,19,54777,买盘
1965,11:23:00,28.83,--,5,14415,买盘
1966,11:22:51,28.83,0.03,26,74958,买盘
1967,11:22:42,28.8,-0.03,53,152640,卖盘
1968,11:22:39,28.83,--,7,20181,买盘
1969,11:22:36,28.83,--,5,14415,买盘
1970,11:22:33,28.83,0.03,28,80724,买盘
1971,11:22:30,28.8,-0.02,10,28800,卖盘
1972,11:22:27,28.82,--,5,14410,卖盘
1973,11:22:24,28.82,0.01,2,5764,卖盘
1974,11:22:15,28.81,0.01,20,57620,卖盘
1975,11:22:12,28.8,-0.03,55,158400,卖盘
1976,11:22:03,28.83,0.03,20,57660,买盘
1977,11:22:00,28.8,--,53,152640,卖盘
1978,11:21:57,28.8,--,12,34560,卖盘
1979,11:21:54,28.8,-0.01,11,31680,卖盘
1980,11:21:48,28.81,--,5,14405,买盘
1981,11:21:45,28.81,--,2,5762,买盘
1982,11:21:42,28.81,--,52,149812,买盘
1983,11:21:36,28.81,0.01,35,100835,买盘
1984,11:21:24,28.8,--,1,2880,卖盘
1985,11:21:21,28.8,--,36,104256,买盘
1986,11:21:18,28.8,0.01,2,5760,买盘
1987,11:21:15,28.79,-0.01,34,97886,卖盘
1988,11:21:12,28.8,--,71,204480,买盘
1989,11:21:09,28.8,--,8,23040,买盘
1990,11:21:06,28.8,--,8,23040,买盘
1991,11:21:00,28.8,--,2,5760,买盘
1992,11:20:57,28.8,--,2,5760,买盘
1993,11:20:54,28.8,--,1,2880,买盘
1994,11:20:51,28.8,--,133,385632,卖盘
1995,11:20:42,28.8,-0.02,50,144000,卖盘
1996,11:20:39,28.82,--,10,28820,买盘
1997,11:20:36,28.82,--,470,1354540,买盘
1998,11:20:33,28.82,-0.01,178,512996,卖盘
1999,11:20:30,28.83,0.01,1,2883,买盘
2000,11:20:27,28.82,-0.01,2,5764,卖盘
2001,11:20:24,28.83,--,1,2883,买盘
2002,11:20:18,28.83,0.01,5,14415,中性盘
2003,11:20:12,28.82,-0.02,50,144100,卖盘
2004,11:20:06,28.84,0.01,15,43260,买盘
2005,11:20:03,28.83,--,101,291183,卖盘
2006,11:19:48,28.83,-0.01,13,37479,卖盘
2007,11:19:45,28.84,--,7,20188,买盘
2008,11:19:42,28.84,--,51,147084,买盘
2009,11:19:39,28.84,-0.02,204,590931,卖盘
2010,11:19:36,28.86,--,11,31746,买盘
2011,11:19:30,28.86,0.01,1,2886,买盘
2012,11:19:27,28.85,-0.01,2,5770,卖盘
2013,11:19:24,28.86,0.02,1,2886,中性盘
2014,11:19:12,28.84,-0.03,98,282920,卖盘
2015,11:19:09,28.87,0.02,2,5774,买盘
2016,11:18:57,28.85,--,6,17310,卖盘
2017,11:18:54,28.85,-0.02,14,40390,卖盘
2018,11:18:48,28.87,0.03,1,2887,买盘
2019,11:18:42,28.84,-0.03,51,147084,卖盘
2020,11:18:36,28.87,0.03,8,23096,买盘
2021,11:18:33,28.84,-0.01,51,147084,卖盘
2022,11:18:30,28.85,--,66,190410,买盘
2023,11:18:24,28.85,--,2,5770,买盘
2024,11:18:21,28.85,--,1,2885,买盘
2025,11:18:18,28.85,0.01,9,25965,买盘
2026,11:18:15,28.84,--,333,960372,卖盘
2027,11:18:09,28.84,-0.03,58,167272,卖盘
2028,11:18:06,28.87,--,85,245395,买盘
2029,11:18:03,28.87,--,20,57740,买盘
2030,11:17:54,28.87,0.02,4,11548,买盘
2031,11:17:48,28.85,--,8,23080,卖盘
2032,11:17:45,28.85,--,35,100975,卖盘
2033,11:17:42,28.85,-0.02,51,147135,卖盘
2034,11:17:36,28.87,0.02,5,14435,买盘
2035,11:17:33,28.85,-0.01,10,28850,卖盘
2036,11:17:30,28.86,--,139,401154,卖盘
2037,11:17:24,28.86,-0.01,9,25974,卖盘
2038,11:17:18,28.87,0.02,100,288700,买盘
2039,11:17:12,28.85,-0.01,50,144250,卖盘
2040,11:17:06,28.86,--,6,17316,买盘
2041,11:17:00,28.86,--,20,57720,买盘
2042,11:16:57,28.86,0.01,2,5772,买盘
2043,11:16:54,28.85,-0.01,12,34620,卖盘
2044,11:16:51,28.86,--,30,86580,买盘
2045,11:16:48,28.86,0.01,2,5772,买盘
2046,11:16:42,28.85,--,72,207720,卖盘
2047,11:16:39,28.85,-0.01,22,63470,卖盘
2048,11:16:30,28.86,0.01,30,86580,买盘
2049,11:16:27,28.85,--,1,2885,买盘
2050,11:16:24,28.85,--,20,57700,买盘
2051,11:16:21,28.85,--,70,201950,买盘
2052,11:16:18,28.85,0.01,101,291385,买盘
2053,11:16:12,28.84,-0.01,60,173040,卖盘
2054,11:16:09,28.85,--,2,5770,买盘
2055,11:16:06,28.85,--,10,28850,买盘
2056,11:16:03,28.85,--,7,20195,买盘
2057,11:16:00,28.85,-0.01,103,297155,卖盘
2058,11:15:57,28.86,--,1,2886,买盘
2059,11:15:54,28.86,-0.01,317,914862,卖盘
2060,11:15:51,28.87,--,7,20209,买盘
2061,11:15:48,28.87,--,41,118367,卖盘
2062,11:15:42,28.87,-0.01,50,144350,卖盘
2063,11:15:36,28.88,--,20,57760,买盘
2064,11:15:30,28.88,0.01,22,63536,中性盘
2065,11:15:12,28.87,-0.05,50,144350,卖盘
2066,11:15:06,28.92,--,5,14460,买盘
2067,11:15:00,28.92,--,10,28920,买盘
2068,11:14:54,28.92,--,1,2892,买盘
2069,11:14:51,28.92,--,30,86760,买盘
2070,11:14:48,28.92,0.05,24,69408,买盘
2071,11:14:42,28.87,-0.05,50,144350,卖盘
2072,11:14:39,28.92,--,9,26028,买盘
2073,11:14:36,28.92,--,8,23136,买盘
2074,11:14:33,28.92,0.06,5,14460,买盘
2075,11:14:30,28.86,-0.06,15,43290,卖盘
2076,11:14:27,28.92,--,151,436692,买盘
2077,11:14:21,28.92,--,104,300768,买盘
2078,11:14:15,28.92,0.06,4,11568,买盘
2079,11:14:12,28.86,-0.06,50,144300,卖盘
2080,11:14:06,28.92,0.02,101,292092,买盘
2081,11:14:03,28.9,--,2,5780,买盘
2082,11:14:00,28.9,0.04,27,78030,买盘
2083,11:13:48,28.86,0.01,333,961442,买盘
2084,11:13:45,28.85,--,3,8655,买盘
2085,11:13:42,28.85,--,11,31735,买盘
2086,11:13:39,28.85,--,9,25965,买盘
2087,11:13:36,28.85,-0.02,20,57700,买盘
2088,11:13:33,28.87,-0.05,126,366244,卖盘
2089,11:13:30,28.92,0.07,2923,8453720,买盘
2090,11:13:27,28.85,-0.01,294,850671,卖盘
2091,11:13:21,28.86,--,13,37922,买盘
2092,11:13:18,28.86,--,8,23088,买盘
2093,11:13:15,28.86,0.01,27,77922,买盘
2094,11:13:12,28.85,--,50,144250,卖盘
2095,11:13:09,28.85,-0.01,136,392360,卖盘
2096,11:13:06,28.86,--,5,14430,买盘
2097,11:13:03,28.86,0.02,26,75036,买盘
2098,11:13:00,28.84,-0.02,26,74984,卖盘
2099,11:12:57,28.86,--,135,389610,买盘
2100,11:12:51,28.86,0.01,98,282828,买盘
2101,11:12:48,28.85,--,108,311580,买盘
2102,11:12:45,28.85,--,16,46160,买盘
2103,11:12:42,28.85,--,406,1171310,买盘
2104,11:12:39,28.85,--,2,5770,买盘
2105,11:12:36,28.85,--,11,31735,买盘
2106,11:12:33,28.85,--,5,14425,买盘
2107,11:12:30,28.85,--,21,60585,买盘
2108,11:12:27,28.85,--,53,152905,买盘
2109,11:12:24,28.85,--,34,98090,买盘
2110,11:12:21,28.85,--,4,11540,买盘
2111,11:12:18,28.85,--,2,5770,买盘
2112,11:12:15,28.85,--,33,95205,买盘
2113,11:12:12,28.85,--,87,250995,买盘
2114,11:12:09,28.85,--,6,17310,买盘
2115,11:12:06,28.85,--,10,28850,买盘
2116,11:12:03,28.85,--,7,20195,买盘
2117,11:12:00,28.85,0.01,18,51930,买盘
2118,11:11:57,28.84,-0.01,2,5768,卖盘
2119,11:11:54,28.85,--,3,8655,买盘
2120,11:11:51,28.85,--,3,8655,买盘
2121,11:11:48,28.85,--,1,2885,买盘
2122,11:11:45,28.85,--,39,112515,买盘
2123,11:11:42,28.85,--,58,167330,买盘
2124,11:11:39,28.85,--,14,40390,买盘
2125,11:11:36,28.85,--,65,187525,买盘
2126,11:11:33,28.85,--,5,14425,买盘
2127,11:11:30,28.85,--,23,66355,买盘
2128,11:11:27,28.85,--,158,455830,买盘
2129,11:11:24,28.85,--,1,2885,买盘
2130,11:11:21,28.85,--,30,86550,买盘
2131,11:11:18,28.85,--,12,34620,买盘
2132,11:11:15,28.85,0.02,10,28850,买盘
2133,11:11:12,28.83,-0.02,50,144150,卖盘
2134,11:11:09,28.85,--,1,2885,买盘
2135,11:11:06,28.85,--,15,43275,买盘
2136,11:11:03,28.85,--,16,46160,买盘
2137,11:11:00,28.85,-0.01,90,259650,卖盘
2138,11:10:57,28.86,-0.02,175,507531,卖盘
2139,11:10:54,28.88,-0.01,30,86640,卖盘
2140,11:10:51,28.89,--,2,5778,买盘
2141,11:10:45,28.89,--,1,2889,买盘
2142,11:10:42,28.89,--,51,147339,买盘
2143,11:10:39,28.89,-0.01,4,11556,卖盘
2144,11:10:36,28.9,0.01,6,17340,买盘
2145,11:10:33,28.89,-0.01,24,69336,卖盘
2146,11:10:30,28.9,0.01,15,43350,买盘
2147,11:10:27,28.89,-0.01,1,2889,卖盘
2148,11:10:24,28.9,--,1,2890,买盘
2149,11:10:21,28.9,--,24,69360,买盘
2150,11:10:18,28.9,0.01,146,421940,买盘
2151,11:10:12,28.89,0.01,51,147339,买盘
2152,11:10:09,28.88,--,110,317680,卖盘
2153,11:10:06,28.88,-0.02,104,300352,卖盘
2154,11:10:03,28.9,--,1,2890,买盘
2155,11:10:00,28.9,0.01,19,54910,买盘
2156,11:09:45,28.89,--,15,43335,买盘
2157,11:09:42,28.89,0.01,195,563355,买盘
2158,11:09:39,28.88,--,4,11552,买盘
2159,11:09:36,28.88,--,5,14440,买盘
2160,11:09:33,28.88,0.02,2,5776,中性盘
2161,11:09:30,28.86,-0.03,22,63492,卖盘
2162,11:09:18,28.89,--,1,2889,买盘
2163,11:09:12,28.89,--,55,158895,买盘
2164,11:09:06,28.89,0.01,9,26405,买盘
2165,11:09:03,28.88,0.01,143,412984,买盘
2166,11:09:00,28.87,--,21,60627,买盘
2167,11:08:57,28.87,--,12,34644,买盘
2168,11:08:54,28.87,-0.01,63,184363,卖盘
2169,11:08:51,28.88,--,11,31768,买盘
2170,11:08:48,28.88,--,18,51984,买盘
2171,11:08:45,28.88,0.01,1,2888,买盘
2172,11:08:42,28.87,-0.01,50,144350,卖盘
2173,11:08:36,28.88,-0.01,21,60648,卖盘
2174,11:08:33,28.89,0.02,1,2889,买盘
2175,11:08:30,28.87,-0.02,45,129915,卖盘
2176,11:08:27,28.89,--,18,52002,买盘
2177,11:08:24,28.89,0.01,147,424683,买盘
2178,11:08:09,28.88,-0.01,492,1420896,卖盘
2179,11:08:06,28.89,-0.01,21,60669,卖盘
2180,11:08:00,28.9,--,30,86700,买盘
2181,11:07:54,28.9,--,1,2890,买盘
2182,11:07:51,28.9,-0.02,326,942140,卖盘
2183,11:07:48,28.92,--,27,78084,买盘
2184,11:07:45,28.92,0.01,137,396204,买盘
2185,11:07:42,28.91,-0.01,1,2891,卖盘
2186,11:07:39,28.92,0.01,1,2892,买盘
2187,11:07:36,28.91,--,13,37583,买盘
2188,11:07:27,28.91,0.01,5,14455,买盘
2189,11:07:21,28.9,--,4,11560,卖盘
2190,11:07:18,28.9,0.01,162,468180,买盘
2191,11:07:15,28.89,-0.01,2,5778,卖盘
2192,11:07:12,28.9,--,17,49130,买盘
2193,11:07:09,28.9,--,143,413270,买盘
2194,11:07:06,28.9,--,11,31790,买盘
2195,11:07:03,28.9,-0.01,167,482630,卖盘
2196,11:07:00,28.91,-0.01,5,14455,中性盘
2197,11:06:54,28.92,0.02,1,2892,买盘
2198,11:06:51,28.9,-0.02,30,86700,卖盘
2199,11:06:42,28.92,0.02,4,11568,买盘
2200,11:06:33,28.9,-0.02,32,92480,卖盘
2201,11:06:30,28.92,0.01,140,404880,买盘
2202,11:06:21,28.91,--,4,11564,买盘
2203,11:06:15,28.91,-0.03,139,401849,卖盘
2204,11:06:12,28.94,--,303,876882,买盘
2205,11:06:06,28.94,--,5,14470,买盘
2206,11:06:00,28.94,0.02,1,2894,中性盘
2207,11:05:54,28.92,-0.03,34,98328,卖盘
2208,11:05:51,28.95,--,136,393720,买盘
2209,11:05:45,28.95,--,120,347400,买盘
2210,11:05:39,28.95,--,1,2895,买盘
2211,11:05:36,28.95,--,4,11580,买盘
2212,11:05:30,28.95,-0.02,3,8685,中性盘
2213,11:05:27,28.97,0.02,151,437447,买盘
2214,11:05:24,28.95,0.01,5,14475,买盘
2215,11:05:21,28.94,-0.01,18,52092,卖盘
2216,11:05:15,28.95,0.03,17,49215,买盘
2217,11:05:12,28.92,-0.02,50,144600,卖盘
2218,11:05:06,28.94,0.02,143,413842,买盘
2219,11:05:03,28.92,-0.01,1,2892,卖盘
2220,11:05:00,28.93,-0.01,1,2893,中性盘
2221,11:04:54,28.94,0.02,1,2894,买盘
2222,11:04:45,28.92,-0.02,1,2892,卖盘
2223,11:04:42,28.94,--,1,2894,买盘
2224,11:04:39,28.94,--,27,78138,买盘
2225,11:04:36,28.94,0.02,148,428312,买盘
2226,11:04:30,28.92,--,13,37596,买盘
2227,11:04:24,28.92,-0.02,5,14460,卖盘
2228,11:04:21,28.94,-0.01,17,49198,买盘
2229,11:04:18,28.95,0.01,40,115800,买盘
2230,11:04:15,28.94,-0.01,5,14470,卖盘
2231,11:04:12,28.95,--,1,2895,买盘
2232,11:04:09,28.95,--,1,2895,买盘
2233,11:04:06,28.95,--,11,31845,买盘
2234,11:04:00,28.95,0.02,19,55005,买盘
2235,11:03:57,28.93,-0.02,326,943118,卖盘
2236,11:03:51,28.95,--,20,57900,买盘
2237,11:03:48,28.95,--,1,2895,买盘
2238,11:03:42,28.95,-0.02,31,89745,卖盘
2239,11:03:36,28.97,--,8,23176,买盘
2240,11:03:33,28.97,--,2,5794,买盘
2241,11:03:24,28.97,-0.02,4,11588,卖盘
2242,11:03:21,28.99,--,22,63778,买盘
2243,11:03:18,28.99,0.01,138,400062,买盘
2244,11:03:15,28.98,0.01,1,2898,买盘
2245,11:03:12,28.97,-0.01,10,28970,卖盘
2246,11:03:06,28.98,--,11,31878,买盘
2247,11:03:03,28.98,0.01,6,17388,买盘
2248,11:02:57,28.97,--,2,5794,卖盘
2249,11:02:54,28.97,--,8,23176,卖盘
2250,11:02:42,28.97,--,32,92704,买盘
2251,11:02:39,28.97,0.01,48,139056,买盘
2252,11:02:30,28.96,0.01,23,66608,买盘
2253,11:02:24,28.95,-0.01,28,81060,买盘
2254,11:02:21,28.96,0.02,1,2896,买盘
2255,11:02:15,28.94,--,13,37622,买盘
2256,11:02:09,28.94,--,1,2894,买盘
2257,11:02:06,28.94,0.01,24,69456,中性盘
2258,11:02:03,28.93,--,156,451308,卖盘
2259,11:01:54,28.93,0.01,20,57860,卖盘
2260,11:01:48,28.92,-0.02,10,28920,卖盘
2261,11:01:45,28.94,--,1,2894,买盘
2262,11:01:39,28.94,-0.02,12,34728,卖盘
2263,11:01:36,28.96,0.02,6,17376,买盘
2264,11:01:30,28.94,-0.02,2,5788,卖盘
2265,11:01:27,28.96,--,17,49232,买盘
2266,11:01:24,28.96,0.02,160,463360,买盘
2267,11:01:21,28.94,-0.01,1,2894,卖盘
2268,11:01:12,28.95,--,1,2895,买盘
2269,11:01:06,28.95,-0.01,39,112905,卖盘
2270,11:00:54,28.96,--,20,57920,买盘
2271,11:00:51,28.96,--,1,2896,买盘
2272,11:00:48,28.96,--,100,289600,买盘
2273,11:00:45,28.96,-0.01,5,14480,卖盘
2274,11:00:42,28.97,0.01,1,2897,买盘
2275,11:00:39,28.96,--,5,14480,卖盘
2276,11:00:30,28.96,0.01,51,147696,买盘
2277,11:00:24,28.95,-0.01,34,98430,卖盘
2278,11:00:18,28.96,0.01,3,8688,买盘
2279,11:00:12,28.95,-0.01,9,26055,卖盘
2280,11:00:09,28.96,--,20,57920,买盘
2281,11:00:06,28.96,0.01,5,14480,买盘
2282,10:59:57,28.95,--,2,5790,卖盘
2283,10:59:51,28.95,-0.01,40,115800,卖盘
2284,10:59:48,28.96,--,25,72400,买盘
2285,10:59:45,28.96,0.01,1,2896,买盘
2286,10:59:39,28.95,-0.01,11,31845,卖盘
2287,10:59:36,28.96,0.01,6,17376,买盘
2288,10:59:27,28.95,--,14,40530,卖盘
2289,10:59:18,28.95,-0.01,23,66585,卖盘
2290,10:59:12,28.96,--,6,17376,买盘
2291,10:59:06,28.96,--,10,28960,买盘
2292,10:59:00,28.96,0.01,1,2896,买盘
2293,10:58:54,28.95,-0.01,5,14475,卖盘
2294,10:58:51,28.96,--,1,2896,买盘
2295,10:58:39,28.96,--,1,2896,买盘
2296,10:58:36,28.96,--,4,11584,买盘
2297,10:58:33,28.96,0.01,7,20272,买盘
2298,10:58:21,28.95,--,9,26055,买盘
2299,10:58:18,28.95,--,7,20265,买盘
2300,10:58:06,28.95,0.02,6,17370,买盘
2301,10:58:03,28.93,--,1,2893,卖盘
2302,10:57:57,28.93,-0.02,1,2893,卖盘
2303,10:57:54,28.95,--,1,2895,买盘
2304,10:57:51,28.95,0.01,30,86850,买盘
2305,10:57:48,28.94,--,10,28940,买盘
2306,10:57:45,28.94,-0.01,45,130230,卖盘
2307,10:57:36,28.95,--,10,28950,买盘
2308,10:57:33,28.95,--,2,5790,买盘
2309,10:57:30,28.95,--,8,23160,买盘
2310,10:57:27,28.95,--,3,8685,买盘
2311,10:57:24,28.95,--,1,2895,买盘
2312,10:57:21,28.95,--,1,2895,买盘
2313,10:57:18,28.95,--,1,2895,买盘
2314,10:57:12,28.95,--,1,2895,买盘
2315,10:57:09,28.95,-0.01,10,28950,卖盘
2316,10:57:06,28.96,0.01,5,14480,买盘
2317,10:57:03,28.95,--,8,23160,卖盘
2318,10:56:54,28.95,--,12,34740,买盘
2319,10:56:48,28.95,0.01,1,2895,买盘
2320,10:56:42,28.94,--,1,2894,卖盘
2321,10:56:39,28.94,-0.01,3,8682,卖盘
2322,10:56:36,28.95,--,5,14475,买盘
2323,10:56:30,28.95,--,14,40530,买盘
2324,10:56:27,28.95,--,1,2895,买盘
2325,10:56:06,28.95,0.01,5,14475,买盘
2326,10:56:00,28.94,-0.01,7,20258,卖盘
2327,10:55:54,28.95,0.01,29,83955,买盘
2328,10:55:51,28.94,--,4,11576,卖盘
2329,10:55:48,28.94,--,13,37622,卖盘
2330,10:55:45,28.94,-0.01,1,2894,卖盘
2331,10:55:42,28.95,0.01,1,2895,买盘
2332,10:55:36,28.94,-0.01,35,101290,卖盘
2333,10:55:33,28.95,-0.01,1,2895,买盘
2334,10:55:12,28.96,0.02,1,2896,买盘
2335,10:55:09,28.94,-0.02,100,289400,卖盘
2336,10:55:06,28.96,--,10,28960,买盘
2337,10:55:00,28.96,--,86,249056,卖盘
2338,10:54:57,28.96,--,41,118736,卖盘
2339,10:54:54,28.96,-0.01,25,72400,卖盘
2340,10:54:48,28.97,0.01,6,17382,买盘
2341,10:54:45,28.96,--,2,5792,卖盘
2342,10:54:39,28.96,-0.01,11,31856,卖盘
2343,10:54:36,28.97,--,5,14485,买盘
2344,10:54:27,28.97,--,1,2897,买盘
2345,10:54:24,28.97,--,4,11588,买盘
2346,10:54:15,28.97,0.01,1,2897,买盘
2347,10:54:06,28.96,-0.01,9,26064,卖盘
2348,10:54:03,28.97,--,29,84013,卖盘
2349,10:54:00,28.97,-0.01,114,330258,卖盘
2350,10:53:57,28.98,0.01,30,86940,买盘
2351,10:53:54,28.97,-0.01,133,385301,卖盘
2352,10:53:42,28.98,0.01,1,2898,买盘
2353,10:53:39,28.97,-0.01,4,11588,卖盘
2354,10:53:36,28.98,0.01,5,14490,买盘
2355,10:53:33,28.97,--,10,28970,卖盘
2356,10:53:30,28.97,--,51,147747,卖盘
2357,10:53:27,28.97,--,4,11588,卖盘
2358,10:53:24,28.97,-0.01,6,17382,卖盘
2359,10:53:21,28.98,--,1,2898,买盘
2360,10:53:15,28.98,--,2,5796,买盘
2361,10:53:09,28.98,--,1,2898,买盘
2362,10:53:06,28.98,-0.01,223,646804,卖盘
2363,10:53:00,28.99,0.01,15,43485,买盘
2364,10:52:57,28.98,-0.01,61,179125,卖盘
2365,10:52:48,28.99,--,2,5798,买盘
2366,10:52:36,28.99,-0.01,40,115960,卖盘
2367,10:52:27,29.0,0.01,2,5800,买盘
2368,10:52:21,28.99,--,4,11596,卖盘
2369,10:52:18,28.99,--,2,5798,卖盘
2370,10:52:15,28.99,--,3,8697,卖盘
2371,10:52:12,28.99,--,7,20293,卖盘
2372,10:52:03,28.99,--,21,60879,买盘
2373,10:51:54,28.99,--,10,28990,买盘
2374,10:51:51,28.99,--,8,23192,买盘
2375,10:51:36,28.99,-0.01,9,26091,买盘
2376,10:51:33,29.0,--,11,31900,买盘
2377,10:51:30,29.0,--,10,29000,买盘
2378,10:51:27,29.0,0.01,1,2900,买盘
2379,10:51:21,28.99,-0.01,1,2899,卖盘
2380,10:51:15,29.0,0.01,1,2900,买盘
2381,10:51:06,28.99,--,10,28990,卖盘
2382,10:51:03,28.99,0.01,26,75374,买盘
2383,10:50:57,28.98,--,1,2898,卖盘
2384,10:50:54,28.98,--,15,43470,卖盘
2385,10:50:51,28.98,-0.01,5,14490,卖盘
2386,10:50:42,28.99,--,1,2899,买盘
2387,10:50:39,28.99,--,1,2899,卖盘
2388,10:50:36,28.99,-0.01,4,11596,中性盘
2389,10:50:30,29.0,0.01,8,23200,买盘
2390,10:50:27,28.99,--,10,28990,买盘
2391,10:50:21,28.99,--,5,14495,买盘
2392,10:50:15,28.99,0.01,1,2899,中性盘
2393,10:50:09,28.98,-0.02,70,202860,卖盘
2394,10:50:06,29.0,0.01,33,95700,买盘
2395,10:50:03,28.99,-0.01,1,2899,卖盘
2396,10:50:00,29.0,--,9,26100,买盘
2397,10:49:57,29.0,--,31,89900,买盘
2398,10:49:54,29.0,0.01,2,5800,买盘
2399,10:49:51,28.99,--,1,2899,卖盘
2400,10:49:48,28.99,-0.01,3,8697,卖盘
2401,10:49:45,29.0,--,71,205900,买盘
2402,10:49:42,29.0,0.01,1,2900,买盘
2403,10:49:39,28.99,--,2,5798,卖盘
2404,10:49:36,28.99,-0.01,20,57980,卖盘
2405,10:49:33,29.0,--,16,46400,买盘
2406,10:49:27,29.0,0.01,12,34800,买盘
2407,10:49:21,28.99,-0.01,3,8697,卖盘
2408,10:49:15,29.0,0.01,2,5800,买盘
2409,10:49:12,28.99,-0.01,1,2899,卖盘
2410,10:49:06,29.0,0.01,32,92800,买盘
2411,10:49:03,28.99,-0.01,11,31889,卖盘
2412,10:48:57,29.0,0.01,17,49300,买盘
2413,10:48:54,28.99,-0.01,14,40586,卖盘
2414,10:48:51,29.0,0.01,6,17400,买盘
2415,10:48:48,28.99,-0.01,11,31889,卖盘
2416,10:48:42,29.0,0.01,5,14500,买盘
2417,10:48:39,28.99,--,5,14495,卖盘
2418,10:48:36,28.99,-0.01,35,101465,卖盘
2419,10:48:30,29.0,0.01,1,2900,买盘
2420,10:48:24,28.99,-0.01,5,14495,卖盘
2421,10:48:21,29.0,--,4,11600,买盘
2422,10:48:18,29.0,--,1,2900,买盘
2423,10:48:12,29.0,--,1,2900,买盘
2424,10:48:09,29.0,0.01,10,29000,买盘
2425,10:48:06,28.99,--,57,165243,买盘
2426,10:48:03,28.99,--,2,5798,买盘
2427,10:47:57,28.99,0.01,9,26091,买盘
2428,10:47:48,28.98,--,3,8694,卖盘
2429,10:47:45,28.98,--,15,43470,卖盘
2430,10:47:42,28.98,--,11,31878,卖盘
2431,10:47:39,28.98,-0.02,12,34776,卖盘
2432,10:47:36,29.0,0.02,7,20300,买盘
2433,10:47:33,28.98,--,2,5796,卖盘
2434,10:47:30,28.98,-0.02,44,127512,卖盘
2435,10:47:24,29.0,--,2,5800,买盘
2436,10:47:21,29.0,0.02,9,26100,买盘
2437,10:47:18,28.98,--,2,5796,卖盘
2438,10:47:15,28.98,-0.01,8,23184,卖盘
2439,10:47:12,28.99,0.01,25,72475,买盘
2440,10:47:09,28.98,-0.01,184,533232,卖盘
2441,10:47:06,28.99,--,7,20293,买盘
2442,10:47:03,28.99,0.01,2,5798,买盘
2443,10:46:57,28.98,-0.01,7,20286,卖盘
2444,10:46:51,28.99,0.01,118,342082,买盘
2445,10:46:45,28.98,-0.01,13,37674,卖盘
2446,10:46:39,28.99,--,3,8697,买盘
2447,10:46:36,28.99,--,8,23192,买盘
2448,10:46:33,28.99,-0.01,2,5798,卖盘
2449,10:46:30,29.0,0.01,1,2900,买盘
2450,10:46:27,28.99,--,6,17394,买盘
2451,10:46:24,28.99,--,2,5798,买盘
2452,10:46:21,28.99,-0.01,17,49283,卖盘
2453,10:46:18,29.0,--,1,2900,买盘
2454,10:46:15,29.0,--,55,159500,买盘
2455,10:46:12,29.0,0.01,30,87000,买盘
2456,10:46:09,28.99,-0.01,10,28990,卖盘
2457,10:46:06,29.0,--,8,23200,买盘
2458,10:46:00,29.0,--,20,58000,买盘
2459,10:45:57,29.0,--,5,14500,买盘
2460,10:45:51,29.0,--,3,8700,买盘
2461,10:45:48,29.0,0.01,207,600300,买盘
2462,10:45:45,28.99,-0.01,1,2899,卖盘
2463,10:45:39,29.0,--,50,145000,买盘
2464,10:45:36,29.0,--,8,23200,买盘
2465,10:45:33,29.0,--,10,29000,买盘
2466,10:45:27,29.0,0.01,7,20300,买盘
2467,10:45:18,28.99,-0.01,1,2899,卖盘
2468,10:45:15,29.0,0.01,77,223300,买盘
2469,10:45:06,28.99,--,13,37687,中性盘
2470,10:45:03,28.99,--,5,14495,卖盘
2471,10:44:45,28.99,--,24,69576,买盘
2472,10:44:42,28.99,0.01,124,359476,买盘
2473,10:44:36,28.98,-0.01,19,55062,卖盘
2474,10:44:30,28.99,--,2,5798,买盘
2475,10:44:18,28.99,0.01,28,81172,买盘
2476,10:44:09,28.98,--,2,5796,买盘
2477,10:44:06,28.98,0.01,5,14490,买盘
2478,10:44:03,28.97,--,1,2897,卖盘
2479,10:44:00,28.97,-0.01,1,2897,卖盘
2480,10:43:54,28.98,0.01,5,14490,买盘
2481,10:43:48,28.97,-0.01,10,28970,卖盘
2482,10:43:45,28.98,0.01,12,34776,买盘
2483,10:43:42,28.97,--,20,57940,卖盘
2484,10:43:36,28.97,--,10,28970,卖盘
2485,10:43:33,28.97,-0.01,3,8691,卖盘
2486,10:43:30,28.98,--,14,40572,买盘
2487,10:43:27,28.98,--,10,28980,买盘
2488,10:43:21,28.98,--,3,8694,买盘
2489,10:43:18,28.98,--,27,78246,买盘
2490,10:43:15,28.98,--,2,5796,买盘
2491,10:43:12,28.98,--,10,28980,买盘
2492,10:43:09,28.98,--,39,113022,卖盘
2493,10:43:06,28.98,--,150,434700,卖盘
2494,10:43:03,28.98,-0.01,1,2898,卖盘
2495,10:43:00,28.99,0.01,2,5798,买盘
2496,10:42:54,28.98,-0.01,16,46368,卖盘
2497,10:42:42,28.99,-0.01,11,31889,卖盘
2498,10:42:36,29.0,--,4,11600,买盘
2499,10:42:33,29.0,--,23,66700,买盘
2500,10:42:24,29.0,--,1,2900,买盘
2501,10:42:21,29.0,0.02,29,84100,买盘
2502,10:42:12,28.98,-0.02,40,115920,卖盘
2503,10:42:09,29.0,0.01,4,11600,买盘
2504,10:42:06,28.99,--,4,11596,买盘
2505,10:42:03,28.99,-0.01,6,17394,中性盘
2506,10:41:57,29.0,0.01,158,458200,买盘
2507,10:41:54,28.99,-0.01,41,118859,卖盘
2508,10:41:51,29.0,--,1,2900,买盘
2509,10:41:48,29.0,--,8,23200,买盘
2510,10:41:42,29.0,--,35,101500,卖盘
2511,10:41:39,29.0,-0.01,3,8700,卖盘
2512,10:41:36,29.01,--,1,2901,买盘
2513,10:41:33,29.01,0.01,2,5802,买盘
2514,10:41:30,29.0,-0.01,1,2900,卖盘
2515,10:41:24,29.01,0.01,100,290100,买盘
2516,10:41:21,29.0,0.01,533,1545700,买盘
2517,10:41:18,28.99,--,30,86970,卖盘
2518,10:41:15,28.99,--,2,5798,卖盘
2519,10:41:09,28.99,-0.01,10,28990,卖盘
2520,10:41:06,29.0,0.01,5,14500,买盘
2521,10:41:03,28.99,-0.01,10,28990,卖盘
2522,10:41:00,29.0,0.01,1,2900,买盘
2523,10:40:57,28.99,-0.01,3,8697,卖盘
2524,10:40:51,29.0,--,5,14500,买盘
2525,10:40:48,29.0,--,1,2900,买盘
2526,10:40:45,29.0,--,253,734773,卖盘
2527,10:40:42,29.0,-0.01,10,29000,卖盘
2528,10:40:39,29.01,0.01,1,2901,买盘
2529,10:40:36,29.0,--,15,43500,卖盘
2530,10:40:30,29.0,--,170,493000,卖盘
2531,10:40:27,29.0,--,281,816727,买盘
2532,10:40:24,29.0,--,47,136300,买盘
2533,10:40:21,29.0,0.01,1,2900,买盘
2534,10:40:18,28.99,-0.01,8,23192,卖盘
2535,10:40:15,29.0,--,175,507500,买盘
2536,10:40:12,29.0,--,68,198273,卖盘
2537,10:40:09,29.0,--,49,142100,卖盘
2538,10:40:06,29.0,--,43,126527,买盘
2539,10:40:03,29.0,0.01,150,435000,买盘
2540,10:39:57,28.99,-0.01,4,11596,卖盘
2541,10:39:54,29.0,0.01,104,301600,买盘
2542,10:39:51,28.99,-0.01,163,472537,卖盘
2543,10:39:48,29.0,--,10,29000,买盘
2544,10:39:45,29.0,--,3,8700,买盘
2545,10:39:39,29.0,-0.03,349,1013173,卖盘
2546,10:39:36,29.03,0.01,71,206113,买盘
2547,10:39:33,29.02,-0.01,3,8706,买盘
2548,10:39:27,29.03,0.02,6,17418,买盘
2549,10:39:24,29.01,-0.02,4,11604,卖盘
2550,10:39:21,29.03,--,64,185792,买盘
2551,10:39:18,29.03,--,7,20321,买盘
2552,10:39:12,29.03,--,2,5806,买盘
2553,10:39:09,29.03,--,12,34836,买盘
2554,10:39:06,29.03,0.02,17,49351,买盘
2555,10:39:03,29.01,--,18,52218,卖盘
2556,10:39:00,29.01,-0.02,3,8703,卖盘
2557,10:38:57,29.03,0.02,5,14515,买盘
2558,10:38:54,29.01,--,40,116040,卖盘
2559,10:38:48,29.01,--,1,4728,买盘
2560,10:38:42,29.01,--,13,37713,买盘
2561,10:38:39,29.01,--,1,2901,买盘
2562,10:38:36,29.01,0.01,5,14505,买盘
2563,10:38:33,29.0,-0.01,9,26100,卖盘
2564,10:38:27,29.01,--,1,2901,买盘
2565,10:38:21,29.01,0.02,152,440952,买盘
2566,10:38:18,28.99,-0.01,76,220324,卖盘
2567,10:38:15,29.0,--,72,208800,买盘
2568,10:38:12,29.0,--,70,203000,买盘
2569,10:38:06,29.0,--,4,11600,买盘
2570,10:38:03,29.0,--,66,191400,买盘
2571,10:38:00,29.0,--,77,223300,买盘
2572,10:37:57,29.0,--,5,14500,买盘
2573,10:37:54,29.0,--,528,1531200,卖盘
2574,10:37:51,29.0,--,3,8700,卖盘
2575,10:37:48,29.0,--,17,49300,卖盘
2576,10:37:45,29.0,-0.01,41,118900,卖盘
2577,10:37:42,29.01,0.01,2,5802,买盘
2578,10:37:39,29.0,-0.01,20,58000,卖盘
2579,10:37:36,29.01,0.01,26,75426,买盘
2580,10:37:33,29.0,-0.01,9,26100,卖盘
2581,10:37:30,29.01,0.01,51,147951,买盘
2582,10:37:27,29.0,--,22,63800,买盘
2583,10:37:24,29.0,--,16,46400,买盘
2584,10:37:21,29.0,--,101,292900,买盘
2585,10:37:18,29.0,--,2,5800,买盘
2586,10:37:15,29.0,0.01,4,11600,中性盘
2587,10:37:12,28.99,-0.02,118,342082,卖盘
2588,10:37:09,29.01,0.01,40,117113,买盘
2589,10:37:06,29.0,0.01,10,29000,买盘
2590,10:37:03,28.99,-0.01,3,8697,卖盘
2591,10:37:00,29.0,--,9,26100,买盘
2592,10:36:57,29.0,--,1,2900,买盘
2593,10:36:54,29.0,--,313,909556,卖盘
2594,10:36:51,29.0,-0.02,60,174000,卖盘
2595,10:36:48,29.02,--,10,29020,买盘
2596,10:36:45,29.02,--,26,75452,买盘
2597,10:36:42,29.02,--,21,60942,买盘
2598,10:36:39,29.02,0.02,87,252474,买盘
2599,10:36:36,29.0,-0.02,71,205900,卖盘
2600,10:36:33,29.02,-0.01,1,2902,中性盘
2601,10:36:27,29.03,--,9,26127,买盘
2602,10:36:24,29.03,0.01,4,11612,买盘
2603,10:36:21,29.02,-0.01,29,84158,卖盘
2604,10:36:18,29.03,-0.01,14,40642,买盘
2605,10:36:15,29.04,--,47,136488,买盘
2606,10:36:12,29.04,0.01,355,1030920,买盘
2607,10:36:09,29.03,-0.01,13,37739,卖盘
2608,10:36:06,29.04,--,6,17424,买盘
2609,10:36:03,29.04,--,6,17424,买盘
2610,10:36:00,29.04,--,31,90024,买盘
2611,10:35:57,29.04,--,41,119064,买盘
2612,10:35:54,29.04,-0.01,55,160997,卖盘
2613,10:35:51,29.05,0.01,74,214970,买盘
2614,10:35:45,29.04,-0.01,50,146826,卖盘
2615,10:35:42,29.05,0.01,18,52290,买盘
2616,10:35:39,29.04,--,5,14520,卖盘
2617,10:35:36,29.04,--,2,5808,卖盘
2618,10:35:33,29.04,-0.01,31,90024,卖盘
2619,10:35:30,29.05,0.01,93,270165,买盘
2620,10:35:27,29.04,0.01,9,26136,买盘
2621,10:35:24,29.03,--,35,101605,买盘
2622,10:35:21,29.03,0.01,71,206113,买盘
2623,10:35:18,29.02,-0.01,6,17412,卖盘
2624,10:35:15,29.03,0.01,75,217725,买盘
2625,10:35:12,29.02,--,166,481732,买盘
2626,10:35:09,29.02,0.01,5,14510,买盘
2627,10:35:06,29.01,--,5,14505,卖盘
2628,10:35:03,29.01,--,32,92832,卖盘
2629,10:34:57,29.01,0.01,15,43515,买盘
2630,10:34:54,29.0,--,10,29000,卖盘
2631,10:34:51,29.0,--,30,87000,卖盘
2632,10:34:48,29.0,--,176,511444,买盘
2633,10:34:45,29.0,0.01,308,893200,买盘
2634,10:34:39,28.99,-0.01,1,2899,卖盘
2635,10:34:36,29.0,0.01,39,113100,买盘
2636,10:34:33,28.99,--,56,162344,卖盘
2637,10:34:30,28.99,-0.01,10,28990,中性盘
2638,10:34:27,29.0,0.01,72,208800,买盘
2639,10:34:24,28.99,0.01,17,49283,买盘
2640,10:34:21,28.98,0.01,6,17388,卖盘
2641,10:34:18,28.97,--,39,112983,卖盘
2642,10:34:15,28.97,-0.01,511,1480367,卖盘
2643,10:34:12,28.98,--,5,14490,买盘
2644,10:34:06,28.98,0.01,3,8694,买盘
2645,10:34:03,28.97,-0.01,26,75322,卖盘
2646,10:34:00,28.98,--,28,81144,买盘
2647,10:33:57,28.98,--,103,298494,买盘
2648,10:33:54,28.98,0.01,26,75348,买盘
2649,10:33:51,28.97,-0.01,11,31867,卖盘
2650,10:33:48,28.98,--,145,420210,买盘
2651,10:33:45,28.98,--,7,20286,买盘
2652,10:33:42,28.98,--,1,2898,买盘
2653,10:33:39,28.98,--,16,46368,买盘
2654,10:33:36,28.98,--,26,75348,买盘
2655,10:33:30,28.98,--,41,118818,买盘
2656,10:33:21,28.98,0.01,106,307188,买盘
2657,10:33:18,28.97,0.01,6,17382,买盘
2658,10:33:15,28.96,-0.01,35,101360,卖盘
2659,10:33:12,28.97,0.01,42,121674,买盘
2660,10:33:09,28.96,--,72,208512,买盘
2661,10:33:03,28.96,--,24,69504,买盘
2662,10:33:00,28.96,0.01,155,448880,买盘
2663,10:32:57,28.95,0.01,51,147645,买盘
2664,10:32:54,28.94,-0.01,8,23152,卖盘
2665,10:32:51,28.95,--,1,2895,买盘
2666,10:32:48,28.95,--,16,46320,买盘
2667,10:32:45,28.95,--,1,2895,买盘
2668,10:32:42,28.95,0.02,107,309765,买盘
2669,10:32:39,28.93,--,56,162008,买盘
2670,10:32:36,28.93,--,100,289300,买盘
2671,10:32:33,28.93,0.01,11,31823,买盘
2672,10:32:30,28.92,--,224,647808,买盘
2673,10:32:24,28.92,--,19,54948,买盘
2674,10:32:18,28.92,--,98,283416,买盘
2675,10:32:15,28.92,--,16,46272,买盘
2676,10:32:12,28.92,--,1,2892,买盘
2677,10:32:09,28.92,0.01,9,26028,买盘
2678,10:32:03,28.91,0.01,96,279270,买盘
2679,10:32:00,28.9,-0.01,110,317900,卖盘
2680,10:31:57,28.91,0.01,44,127204,买盘
2681,10:31:51,28.9,--,27,78030,卖盘
2682,10:31:39,28.9,--,138,400669,买盘
2683,10:31:33,28.9,0.01,40,115600,买盘
2684,10:31:27,28.89,0.02,22,63558,卖盘
2685,10:31:21,28.87,-0.02,57,164559,卖盘
2686,10:31:18,28.89,--,22,63558,买盘
2687,10:31:15,28.89,0.02,5,14445,买盘
2688,10:31:09,28.87,-0.02,133,383971,卖盘
2689,10:31:06,28.89,0.02,1,2889,买盘
2690,10:31:03,28.87,-0.02,32,92384,卖盘
2691,10:31:00,28.89,0.01,312,901368,买盘
2692,10:30:54,28.88,0.01,99,285912,买盘
2693,10:30:45,28.87,--,12,34644,卖盘
2694,10:30:42,28.87,--,27,77949,卖盘
2695,10:30:36,28.87,0.02,164,473872,买盘
2696,10:30:33,28.85,--,1,2885,买盘
2697,10:30:30,28.85,0.05,7,20195,中性盘
2698,10:30:27,28.8,-0.05,204,587520,卖盘
2699,10:30:24,28.85,-0.02,12,34620,卖盘
2700,10:30:21,28.87,0.02,333,961371,买盘
2701,10:30:18,28.85,-0.01,55,158675,卖盘
2702,10:30:15,28.86,--,14,40404,买盘
2703,10:30:12,28.86,--,1,2886,买盘
2704,10:30:09,28.86,--,145,418470,买盘
2705,10:30:03,28.86,--,12,34632,买盘
2706,10:30:00,28.86,--,147,426723,卖盘
2707,10:29:54,28.86,-0.02,10,28860,卖盘
2708,10:29:48,28.88,--,1,2888,买盘
2709,10:29:45,28.88,--,27,77976,买盘
2710,10:29:42,28.88,--,20,57760,买盘
2711,10:29:39,28.88,0.01,2,5776,买盘
2712,10:29:33,28.87,0.01,10,28870,卖盘
2713,10:29:30,28.86,-0.02,47,135642,卖盘
2714,10:29:27,28.88,0.01,1,2888,买盘
2715,10:29:24,28.87,--,22,63514,卖盘
2716,10:29:21,28.87,-0.01,161,464807,卖盘
2717,10:29:15,28.88,-0.01,88,254144,中性盘
2718,10:29:03,28.89,0.02,1,2889,买盘
2719,10:29:00,28.87,-0.02,20,57740,卖盘
2720,10:28:54,28.89,0.02,24,69336,买盘
2721,10:28:51,28.87,-0.02,11,31757,卖盘
2722,10:28:48,28.89,--,28,80892,买盘
2723,10:28:45,28.89,--,41,118449,买盘
2724,10:28:42,28.89,0.01,118,340902,买盘
2725,10:28:39,28.88,--,21,60648,卖盘
2726,10:28:36,28.88,--,3,8664,卖盘
2727,10:28:33,28.88,-0.01,325,938600,卖盘
2728,10:28:30,28.89,0.01,14,40446,买盘
2729,10:28:27,28.88,-0.01,10,28880,卖盘
2730,10:28:24,28.89,0.01,18,52002,买盘
2731,10:28:18,28.88,-0.01,11,31768,卖盘
2732,10:28:15,28.89,--,21,60669,买盘
2733,10:28:09,28.89,--,22,63558,买盘
2734,10:28:03,28.89,-0.02,12,34668,卖盘
2735,10:27:57,28.91,-0.01,20,57820,中性盘
2736,10:27:48,28.92,0.03,29,83868,买盘
2737,10:27:45,28.89,0.01,21,60669,卖盘
2738,10:27:42,28.88,--,3,8664,卖盘
2739,10:27:36,28.88,--,51,147288,卖盘
2740,10:27:27,28.88,-0.04,42,121296,卖盘
2741,10:27:24,28.92,0.04,2,5784,买盘
2742,10:27:21,28.88,-0.04,44,127072,卖盘
2743,10:27:18,28.92,--,77,222684,买盘
2744,10:27:15,28.92,0.04,1,2892,买盘
2745,10:27:12,28.88,-0.03,73,210824,卖盘
2746,10:27:06,28.91,--,130,375830,卖盘
2747,10:27:03,28.91,0.04,147,424977,买盘
2748,10:27:00,28.87,-0.04,21,60627,卖盘
2749,10:26:57,28.91,0.03,336,971376,买盘
2750,10:26:51,28.88,0.01,28,80864,买盘
2751,10:26:48,28.87,--,47,135689,卖盘
2752,10:26:45,28.87,-0.01,95,274265,卖盘
2753,10:26:42,28.88,0.01,4,11552,买盘
2754,10:26:39,28.87,-0.03,186,536982,卖盘
2755,10:26:36,28.9,--,50,144500,买盘
2756,10:26:30,28.9,0.01,106,306340,买盘
2757,10:26:21,28.89,-0.01,6,17334,卖盘
2758,10:26:18,28.9,--,2,5780,买盘
2759,10:26:12,28.9,0.02,2,5780,买盘
2760,10:26:09,28.88,-0.01,11,31768,卖盘
2761,10:26:03,28.89,-0.01,25,72225,卖盘
2762,10:26:00,28.9,-0.01,11,31790,买盘
2763,10:25:57,28.91,--,56,161896,买盘
2764,10:25:54,28.91,--,57,164787,买盘
2765,10:25:51,28.91,0.01,70,202370,买盘
2766,10:25:48,28.9,--,43,124270,卖盘
2767,10:25:42,28.9,0.01,160,462400,买盘
2768,10:25:39,28.89,-0.01,18,52002,卖盘
2769,10:25:36,28.9,--,1,2890,买盘
2770,10:25:33,28.9,0.01,31,89590,买盘
2771,10:25:24,28.89,0.01,48,138672,买盘
2772,10:25:18,28.88,-0.01,10,28880,卖盘
2773,10:25:15,28.89,0.01,19,54891,买盘
2774,10:25:12,28.88,-0.02,10,28880,卖盘
2775,10:25:09,28.9,0.01,36,104040,买盘
2776,10:25:03,28.89,-0.01,13,37557,卖盘
2777,10:25:00,28.9,0.01,10,28900,买盘
2778,10:24:54,28.89,--,4,11556,买盘
2779,10:24:48,28.89,-0.01,1,2889,中性盘
2780,10:24:36,28.9,0.02,11,31790,买盘
2781,10:24:33,28.88,-0.02,10,28880,卖盘
2782,10:24:27,28.9,-0.01,28,80920,卖盘
2783,10:24:24,28.91,0.01,44,127204,买盘
2784,10:24:21,28.9,-0.01,21,60690,卖盘
2785,10:24:15,28.91,0.04,148,427868,买盘
2786,10:24:09,28.87,-0.01,10,28870,卖盘
2787,10:24:06,28.88,-0.03,72,207936,卖盘
2788,10:24:03,28.91,0.03,1,2891,买盘
2789,10:24:00,28.88,-0.03,119,343672,卖盘
2790,10:23:57,28.91,0.01,200,578200,买盘
2791,10:23:54,28.9,-0.01,3,8670,卖盘
2792,10:23:51,28.91,0.03,288,832608,买盘
2793,10:23:42,28.88,--,24,69312,卖盘
2794,10:23:39,28.88,-0.01,7,20216,卖盘
2795,10:23:36,28.89,0.01,22,63558,买盘
