,time,price,change,volume,amount,type
0,15:00:03,14.67,--,941,1380447,中性盘
1,14:57:00,14.67,0.01,3,4401,中性盘
2,14:56:57,14.66,-0.02,21,30786,卖盘
3,14:56:51,14.68,0.01,26,38168,买盘
4,14:56:48,14.67,--,1,1467,买盘
5,14:56:45,14.67,--,8,11736,买盘
6,14:56:42,14.67,--,1,1467,买盘
7,14:56:39,14.67,-0.01,29,42543,卖盘
8,14:56:36,14.68,0.01,20,29360,买盘
9,14:56:33,14.67,--,34,49878,中性盘
10,14:56:30,14.67,--,24,35208,卖盘
11,14:56:27,14.67,--,5,7335,卖盘
12,14:56:21,14.67,0.01,17,24939,卖盘
13,14:56:15,14.66,-0.01,136,199376,卖盘
14,14:56:12,14.67,0.01,77,112959,买盘
15,14:56:09,14.66,-0.01,106,155396,卖盘
16,14:56:06,14.67,--,12,17604,买盘
17,14:56:03,14.67,--,160,234720,买盘
18,14:56:00,14.67,--,10,14670,买盘
19,14:55:54,14.67,0.01,21,30807,买盘
20,14:55:48,14.66,-0.01,24,35184,卖盘
21,14:55:45,14.67,0.01,424,622008,买盘
22,14:55:42,14.66,--,134,196444,卖盘
23,14:55:39,14.66,--,20,29320,卖盘
24,14:55:36,14.66,-0.01,30,43980,卖盘
25,14:55:33,14.67,--,12,17604,买盘
26,14:55:30,14.67,--,10,14670,买盘
27,14:55:27,14.67,--,7,10269,买盘
28,14:55:24,14.67,--,12,17604,买盘
29,14:55:18,14.67,--,22,32274,卖盘
30,14:55:15,14.67,--,66,96822,卖盘
31,14:55:09,14.67,--,26,38142,卖盘
32,14:55:06,14.67,--,6,8802,卖盘
33,14:55:03,14.67,--,129,189243,卖盘
34,14:55:00,14.67,--,10,14670,卖盘
35,14:54:57,14.67,--,62,90954,卖盘
36,14:54:54,14.67,--,32,46944,卖盘
37,14:54:51,14.67,--,17,24939,买盘
38,14:54:48,14.67,--,7,10269,买盘
39,14:54:42,14.67,--,137,200979,卖盘
40,14:54:39,14.67,--,10,14670,卖盘
41,14:54:33,14.67,--,24,35208,卖盘
42,14:54:30,14.67,--,3,4401,卖盘
43,14:54:27,14.67,--,43,63081,买盘
44,14:54:24,14.67,--,248,363816,卖盘
45,14:54:18,14.67,--,10,14670,卖盘
46,14:54:15,14.67,--,15,22005,卖盘
47,14:54:12,14.67,--,116,170172,卖盘
48,14:54:09,14.67,-0.01,9,13203,卖盘
49,14:54:06,14.68,0.01,30,44040,买盘
50,14:54:03,14.67,-0.01,29,42543,卖盘
51,14:54:00,14.68,0.01,2,2936,买盘
52,14:53:54,14.67,-0.01,14,20538,卖盘
53,14:53:51,14.68,--,16,23488,买盘
54,14:53:48,14.68,--,22,32296,买盘
55,14:53:45,14.68,--,22,32296,买盘
56,14:53:42,14.68,0.01,32,46976,买盘
57,14:53:39,14.67,-0.01,38,55746,卖盘
58,14:53:36,14.68,0.01,10,14680,买盘
59,14:53:33,14.67,--,32,46944,卖盘
60,14:53:30,14.67,-0.01,59,86553,卖盘
61,14:53:27,14.68,--,13,19084,买盘
62,14:53:24,14.68,--,5,7340,买盘
63,14:53:21,14.68,--,5,7340,买盘
64,14:53:15,14.68,--,58,85144,买盘
65,14:53:12,14.68,--,8,11744,买盘
66,14:53:06,14.68,-0.01,133,195244,卖盘
67,14:53:03,14.69,--,73,107237,买盘
68,14:53:00,14.69,0.01,20,29380,买盘
69,14:52:57,14.68,--,40,58720,卖盘
70,14:52:54,14.68,--,161,236348,卖盘
71,14:52:42,14.68,-0.01,20,29360,卖盘
72,14:52:39,14.69,0.01,21,30849,卖盘
73,14:52:36,14.68,-0.02,20,29360,卖盘
74,14:52:33,14.7,0.02,20,29400,买盘
75,14:52:30,14.68,-0.02,35,51380,卖盘
76,14:52:27,14.7,0.01,27,39690,买盘
77,14:52:21,14.69,--,10,14690,买盘
78,14:52:18,14.69,--,4,5876,买盘
79,14:52:15,14.69,-0.01,471,691899,卖盘
80,14:52:12,14.7,0.01,9,13230,买盘
81,14:52:06,14.69,-0.01,16,23504,卖盘
82,14:52:03,14.7,--,3,4410,买盘
83,14:52:00,14.7,--,10,14700,买盘
84,14:51:57,14.7,0.01,62,91140,买盘
85,14:51:54,14.69,--,62,91078,卖盘
86,14:51:51,14.69,--,145,213005,卖盘
87,14:51:45,14.69,-0.01,21,30849,卖盘
88,14:51:42,14.7,--,50,73500,买盘
89,14:51:39,14.7,0.01,149,219030,买盘
90,14:51:36,14.69,-0.01,20,29380,卖盘
91,14:51:27,14.7,0.01,2,2940,买盘
92,14:51:21,14.69,-0.01,350,514150,卖盘
93,14:51:18,14.7,--,25,36750,买盘
94,14:51:12,14.7,--,7,10290,买盘
95,14:51:06,14.7,--,15,22050,买盘
96,14:51:03,14.7,--,3,4410,买盘
97,14:51:00,14.7,--,27,39690,买盘
98,14:50:54,14.7,--,19,27930,买盘
99,14:50:51,14.7,--,129,189630,卖盘
100,14:50:48,14.7,--,41,60270,卖盘
101,14:50:45,14.7,--,9,13230,卖盘
102,14:50:39,14.7,--,20,29400,卖盘
103,14:50:30,14.7,--,5,7350,中性盘
104,14:50:27,14.7,--,21,30870,卖盘
105,14:50:24,14.7,0.01,134,196980,买盘
106,14:50:21,14.69,-0.01,20,29380,卖盘
107,14:50:15,14.7,0.01,67,98490,买盘
108,14:50:12,14.69,-0.01,76,111644,卖盘
109,14:50:06,14.7,--,20,29400,卖盘
110,14:50:03,14.7,--,6,8820,卖盘
111,14:50:00,14.7,--,264,388080,买盘
112,14:49:57,14.7,--,30,44100,买盘
113,14:49:54,14.7,0.01,277,407190,买盘
114,14:49:51,14.69,-0.01,283,415727,卖盘
115,14:49:48,14.7,--,6,8820,卖盘
116,14:49:45,14.7,--,1,1470,卖盘
117,14:49:42,14.7,--,29,42630,卖盘
118,14:49:39,14.7,--,25,36750,卖盘
119,14:49:30,14.7,--,68,99960,买盘
120,14:49:27,14.7,--,10,14700,买盘
121,14:49:24,14.7,--,66,97020,卖盘
122,14:49:21,14.7,--,70,102900,卖盘
123,14:49:18,14.7,--,100,147000,卖盘
124,14:48:57,14.7,--,42,61740,卖盘
125,14:48:54,14.7,0.01,13,19110,买盘
126,14:48:51,14.69,-0.01,17,24973,卖盘
127,14:48:48,14.7,--,28,41160,买盘
128,14:48:45,14.7,--,30,44100,买盘
129,14:48:42,14.7,--,63,92610,买盘
130,14:48:36,14.7,0.01,3,4410,买盘
131,14:48:33,14.69,-0.01,1,1469,卖盘
132,14:48:30,14.7,--,40,58800,买盘
133,14:48:21,14.7,--,12,17640,买盘
134,14:48:18,14.7,--,31,45570,买盘
135,14:48:06,14.7,--,6,8820,买盘
136,14:48:03,14.7,--,1,1470,买盘
137,14:48:00,14.7,--,65,95550,卖盘
138,14:47:54,14.7,0.01,37,54390,买盘
139,14:47:48,14.69,--,10,14690,卖盘
140,14:47:45,14.69,-0.01,60,88140,卖盘
141,14:47:39,14.7,--,14,20580,买盘
142,14:47:36,14.7,--,11,16170,买盘
143,14:47:33,14.7,--,15,22050,买盘
144,14:47:30,14.7,--,10,14700,买盘
145,14:47:21,14.7,-0.01,153,224910,卖盘
146,14:47:18,14.71,--,5,7355,买盘
147,14:47:15,14.71,0.01,49,72079,买盘
148,14:47:12,14.7,-0.01,2,2940,卖盘
149,14:47:09,14.71,0.01,16,23536,买盘
150,14:47:06,14.7,--,12,17640,卖盘
151,14:47:03,14.7,-0.01,20,29400,卖盘
152,14:47:00,14.71,--,9,13239,买盘
153,14:46:57,14.71,0.01,7,10297,买盘
154,14:46:54,14.7,--,83,122010,卖盘
155,14:46:48,14.7,--,31,45570,卖盘
156,14:46:36,14.7,-0.01,11,16170,卖盘
157,14:46:30,14.71,0.01,1,1471,买盘
158,14:46:27,14.7,--,110,161700,卖盘
159,14:46:24,14.7,-0.01,38,55860,卖盘
160,14:46:21,14.71,--,29,42659,买盘
161,14:46:18,14.71,--,17,25007,买盘
162,14:46:15,14.71,--,2,2942,买盘
163,14:46:12,14.71,--,10,14710,买盘
164,14:46:06,14.71,--,10,14710,买盘
165,14:46:03,14.71,--,1,1471,卖盘
166,14:46:00,14.71,--,6,8826,卖盘
167,14:45:51,14.71,--,5,7355,卖盘
168,14:45:48,14.71,-0.01,6,8826,中性盘
169,14:45:42,14.72,0.01,100,147200,买盘
170,14:45:39,14.71,--,14,20594,买盘
171,14:45:27,14.71,--,13,19123,卖盘
172,14:45:24,14.71,--,20,29420,卖盘
173,14:45:18,14.71,--,30,44130,卖盘
174,14:45:12,14.71,--,11,16181,卖盘
175,14:45:09,14.71,--,10,14710,卖盘
176,14:45:06,14.71,-0.01,60,88260,卖盘
177,14:45:03,14.72,--,4,5888,买盘
178,14:45:00,14.72,0.01,308,453376,买盘
179,14:44:57,14.71,--,2,2942,卖盘
180,14:44:54,14.71,--,30,44130,卖盘
181,14:44:48,14.71,--,1,1471,卖盘
182,14:44:45,14.71,-0.01,1,1471,卖盘
183,14:44:42,14.72,0.01,1,1472,买盘
184,14:44:39,14.71,--,22,32362,卖盘
185,14:44:36,14.71,--,41,60311,卖盘
186,14:44:33,14.71,0.01,104,152984,买盘
187,14:44:30,14.7,--,12,17640,卖盘
188,14:44:27,14.7,-0.01,220,323400,卖盘
189,14:44:24,14.71,--,81,119151,买盘
190,14:44:21,14.71,0.01,60,88260,买盘
191,14:44:18,14.7,--,10,14700,卖盘
192,14:44:15,14.7,--,50,73500,卖盘
193,14:44:09,14.7,--,170,249900,卖盘
194,14:43:57,14.7,-0.01,4,5880,卖盘
195,14:43:54,14.71,--,65,95615,卖盘
196,14:43:51,14.71,--,11,16181,卖盘
197,14:43:48,14.71,--,5,7355,卖盘
198,14:43:42,14.71,-0.01,23,33833,卖盘
199,14:43:36,14.72,--,18,26496,买盘
200,14:43:30,14.72,--,2,2944,买盘
201,14:43:24,14.72,--,2,2944,买盘
202,14:43:21,14.72,--,146,214912,卖盘
203,14:43:12,14.72,--,20,29440,卖盘
204,14:43:09,14.72,--,5,7360,卖盘
205,14:43:06,14.72,--,37,54464,卖盘
206,14:42:57,14.72,-0.01,21,30912,卖盘
207,14:42:54,14.73,--,130,191490,卖盘
208,14:42:51,14.73,--,23,33879,卖盘
209,14:42:48,14.73,--,82,120786,卖盘
210,14:42:45,14.73,--,14,20622,卖盘
211,14:42:42,14.73,--,50,73650,卖盘
212,14:42:39,14.73,--,10,14730,卖盘
213,14:42:36,14.73,--,76,111948,卖盘
214,14:42:30,14.73,--,30,44190,卖盘
215,14:42:24,14.73,-0.01,30,44190,卖盘
216,14:42:21,14.74,--,31,45694,买盘
217,14:42:09,14.74,--,50,73700,买盘
218,14:42:06,14.74,--,6,8844,买盘
219,14:42:00,14.74,0.01,12,17688,买盘
220,14:41:57,14.73,-0.01,26,38298,卖盘
221,14:41:54,14.74,--,21,30954,卖盘
222,14:41:51,14.74,--,3,4422,中性盘
223,14:41:42,14.74,-0.01,21,30954,卖盘
224,14:41:39,14.75,0.01,31,45725,买盘
225,14:41:36,14.74,--,21,30954,卖盘
226,14:41:33,14.74,--,20,29480,卖盘
227,14:41:27,14.74,-0.01,6,8844,卖盘
228,14:41:21,14.75,0.01,70,103250,买盘
229,14:41:18,14.74,--,20,29480,卖盘
230,14:41:15,14.74,-0.01,60,88440,卖盘
231,14:41:09,14.75,0.01,9,13275,买盘
232,14:41:06,14.74,--,41,60434,卖盘
233,14:41:00,14.74,0.01,28,41272,买盘
234,14:40:57,14.73,-0.01,67,98691,卖盘
235,14:40:54,14.74,--,7,10318,卖盘
236,14:40:48,14.74,--,21,30954,卖盘
237,14:40:39,14.74,--,24,35376,卖盘
238,14:40:36,14.74,--,99,145926,买盘
239,14:40:33,14.74,--,20,29480,买盘
240,14:40:30,14.74,--,3,4422,买盘
241,14:40:27,14.74,--,75,110550,买盘
242,14:40:24,14.74,--,100,147400,买盘
243,14:40:21,14.74,--,6,8844,买盘
244,14:40:18,14.74,--,48,70752,买盘
245,14:40:12,14.74,--,18,26532,买盘
246,14:40:09,14.74,--,61,89914,买盘
247,14:40:06,14.74,--,7,10318,买盘
248,14:40:00,14.74,-0.01,162,238788,卖盘
249,14:39:57,14.75,0.01,17,25075,买盘
250,14:39:54,14.74,--,20,29480,卖盘
251,14:39:51,14.74,--,1,1474,卖盘
252,14:39:42,14.74,--,20,29480,卖盘
253,14:39:39,14.74,-0.01,1,1474,卖盘
254,14:39:36,14.75,--,22,32450,买盘
255,14:39:30,14.75,0.01,149,219775,买盘
256,14:39:24,14.74,-0.01,6,8844,卖盘
257,14:39:12,14.75,0.01,20,29500,买盘
258,14:39:09,14.74,--,3,4422,卖盘
259,14:39:06,14.74,--,25,36850,买盘
260,14:39:03,14.74,--,19,28006,卖盘
261,14:39:00,14.74,--,261,384714,卖盘
262,14:38:54,14.74,-0.01,150,221100,卖盘
263,14:38:48,14.75,--,14,20650,买盘
264,14:38:45,14.75,--,21,30975,买盘
265,14:38:42,14.75,0.01,20,29500,买盘
266,14:38:39,14.74,--,7,10318,卖盘
267,14:38:27,14.74,-0.01,23,33902,卖盘
268,14:38:24,14.75,--,10,14750,买盘
269,14:38:21,14.75,--,3,4425,买盘
270,14:38:18,14.75,0.01,14,20650,买盘
271,14:38:15,14.74,-0.01,60,88440,卖盘
272,14:38:06,14.75,--,50,73750,买盘
273,14:38:03,14.75,--,25,36875,买盘
274,14:38:00,14.75,0.01,2,2950,买盘
275,14:37:54,14.74,-0.01,200,294800,卖盘
276,14:37:45,14.75,--,3,4425,买盘
277,14:37:39,14.75,0.01,3,4425,买盘
278,14:37:36,14.74,--,19,28006,卖盘
279,14:37:33,14.74,-0.01,1,1474,卖盘
280,14:37:18,14.75,0.01,2,2950,买盘
281,14:37:15,14.74,--,1,1474,卖盘
282,14:37:06,14.74,--,4,5896,卖盘
283,14:37:03,14.74,--,20,29480,卖盘
284,14:36:54,14.74,--,3,4422,买盘
285,14:36:51,14.74,--,54,79596,买盘
286,14:36:48,14.74,--,26,38324,买盘
287,14:36:45,14.74,--,123,181302,买盘
288,14:36:42,14.74,0.01,2,2948,买盘
289,14:36:39,14.73,-0.01,10,14730,卖盘
290,14:36:36,14.74,--,16,23584,买盘
291,14:36:30,14.74,--,3,4422,买盘
292,14:36:27,14.74,--,5,7370,买盘
293,14:36:24,14.74,--,13,19162,买盘
294,14:36:21,14.74,--,93,137082,买盘
295,14:36:15,14.74,--,100,147400,买盘
296,14:36:12,14.74,--,21,30954,买盘
297,14:36:09,14.74,--,10,14740,买盘
298,14:36:06,14.74,--,8,11792,买盘
299,14:36:03,14.74,-0.01,36,53064,卖盘
300,14:35:39,14.75,--,10,14750,买盘
301,14:35:36,14.75,0.01,22,32450,买盘
302,14:35:33,14.74,-0.01,262,386188,中性盘
303,14:35:27,14.75,--,64,94400,买盘
304,14:35:24,14.75,--,73,107675,买盘
305,14:35:21,14.75,--,403,594425,买盘
306,14:35:18,14.75,--,21,30975,买盘
307,14:35:12,14.75,0.01,2,2950,买盘
308,14:35:09,14.74,-0.01,12,17688,卖盘
309,14:35:06,14.75,--,26,38350,买盘
310,14:34:57,14.75,0.01,15,22125,买盘
311,14:34:54,14.74,--,10,14740,卖盘
312,14:34:51,14.74,-0.01,2,2948,卖盘
313,14:34:45,14.75,0.01,27,39825,买盘
314,14:34:42,14.74,-0.01,101,148874,卖盘
315,14:34:39,14.75,--,121,178475,买盘
316,14:34:36,14.75,0.01,221,325975,买盘
317,14:34:21,14.74,-0.01,2,2948,卖盘
318,14:34:18,14.75,--,10,14750,买盘
319,14:34:09,14.75,0.01,3,4425,买盘
320,14:34:03,14.74,--,4,5896,卖盘
321,14:34:00,14.74,--,44,64856,卖盘
322,14:33:51,14.74,--,33,48642,卖盘
323,14:33:42,14.74,--,13,19162,买盘
324,14:33:39,14.74,0.01,17,25058,买盘
325,14:33:36,14.73,-0.01,2,2946,卖盘
326,14:33:33,14.74,0.01,3,4422,买盘
327,14:33:27,14.73,-0.01,5,7365,卖盘
328,14:33:24,14.74,--,300,442200,买盘
329,14:33:21,14.74,--,600,884400,买盘
330,14:33:18,14.74,0.01,300,442200,买盘
331,14:33:15,14.73,--,26,38298,卖盘
332,14:33:03,14.73,--,3,4419,卖盘
333,14:32:57,14.73,-0.01,44,64812,卖盘
334,14:32:54,14.74,--,91,134134,买盘
335,14:32:51,14.74,0.01,10,14740,买盘
336,14:32:48,14.73,-0.01,21,30933,卖盘
337,14:32:45,14.74,0.01,28,41272,买盘
338,14:32:39,14.73,-0.01,5,7365,卖盘
339,14:32:36,14.74,--,10,14740,买盘
340,14:32:30,14.74,0.01,9,13266,买盘
341,14:32:27,14.73,-0.01,97,142881,卖盘
342,14:32:24,14.74,--,75,110550,买盘
343,14:32:21,14.74,--,20,29480,买盘
344,14:32:18,14.74,--,36,53064,买盘
345,14:32:09,14.74,--,10,14740,买盘
346,14:32:06,14.74,0.01,14,20636,买盘
347,14:32:03,14.73,--,1,1473,卖盘
348,14:32:00,14.73,-0.01,5,7365,卖盘
349,14:31:54,14.74,--,12,17688,买盘
350,14:31:51,14.74,0.01,2,2948,买盘
351,14:31:48,14.73,--,22,32406,卖盘
352,14:31:39,14.73,--,2,2946,卖盘
353,14:31:30,14.73,-0.01,3,4419,卖盘
354,14:31:27,14.74,0.01,38,56012,买盘
355,14:31:24,14.73,--,30,44190,卖盘
356,14:31:21,14.73,--,1,1473,卖盘
357,14:31:18,14.73,--,5,7365,卖盘
358,14:31:12,14.73,-0.01,35,51555,卖盘
359,14:31:09,14.74,--,10,14740,买盘
360,14:30:57,14.74,0.01,22,32428,买盘
361,14:30:51,14.73,-0.01,4,5892,卖盘
362,14:30:48,14.74,--,17,25058,买盘
363,14:30:42,14.74,0.01,1,1474,买盘
364,14:30:36,14.73,--,16,23568,卖盘
365,14:30:27,14.73,--,10,14730,卖盘
366,14:30:24,14.73,--,15,22095,买盘
367,14:30:21,14.73,0.01,5,7365,中性盘
368,14:30:15,14.72,-0.03,50,73600,卖盘
369,14:30:09,14.75,0.02,21,30975,买盘
370,14:30:00,14.73,--,38,55974,买盘
371,14:29:54,14.73,--,4,5892,买盘
372,14:29:48,14.73,-0.01,10,14730,卖盘
373,14:29:45,14.74,-0.01,3,4422,买盘
374,14:29:42,14.75,0.02,284,418900,买盘
375,14:29:39,14.73,--,1,1473,卖盘
376,14:29:33,14.73,--,29,42717,买盘
377,14:29:24,14.73,0.01,5,7365,买盘
378,14:29:18,14.72,-0.01,52,76544,卖盘
379,14:29:15,14.73,-0.01,7,10311,卖盘
380,14:29:06,14.74,--,3,4422,买盘
381,14:29:00,14.74,--,16,23584,买盘
382,14:28:57,14.74,--,12,17688,卖盘
383,14:28:51,14.74,--,8,11792,买盘
384,14:28:45,14.74,0.04,28,41272,买盘
385,14:28:39,14.7,-0.04,2000,2940000,卖盘
386,14:28:36,14.74,--,15,22110,买盘
387,14:28:33,14.74,--,9,13266,买盘
388,14:28:24,14.74,--,91,134134,买盘
389,14:28:21,14.74,--,5,7370,买盘
390,14:28:15,14.74,--,8,11792,买盘
391,14:28:00,14.74,0.01,2,2948,买盘
392,14:27:57,14.73,-0.01,51,75123,卖盘
393,14:27:54,14.74,-0.01,1,1474,中性盘
394,14:27:51,14.75,0.02,7,10325,买盘
395,14:27:45,14.73,-0.02,1,1473,卖盘
396,14:27:39,14.75,-0.01,10,14750,卖盘
397,14:27:36,14.76,0.01,27,39852,买盘
398,14:27:30,14.75,0.02,11,16225,卖盘
399,14:27:27,14.73,-0.02,1001,1474473,卖盘
400,14:27:24,14.75,--,11,16225,卖盘
401,14:27:18,14.75,--,2,2950,卖盘
402,14:27:15,14.75,--,1,1475,卖盘
403,14:27:12,14.75,-0.01,19,28025,卖盘
404,14:27:09,14.76,--,10,14760,买盘
405,14:27:06,14.76,0.01,24,35424,买盘
406,14:27:00,14.75,-0.01,193,284675,卖盘
407,14:26:57,14.76,--,65,95940,买盘
408,14:26:54,14.76,0.01,10,14760,买盘
409,14:26:51,14.75,--,22,32450,卖盘
410,14:26:48,14.75,--,13,19175,卖盘
411,14:26:45,14.75,--,13,19175,买盘
412,14:26:42,14.75,--,19,28025,卖盘
413,14:26:39,14.75,--,13,19175,卖盘
414,14:26:36,14.75,0.01,18,26550,买盘
415,14:26:33,14.74,--,7,10318,卖盘
416,14:26:30,14.74,-0.02,83,122342,卖盘
417,14:26:24,14.76,0.01,27,39852,买盘
418,14:26:18,14.75,--,242,356950,卖盘
419,14:26:12,14.75,-0.01,114,168150,卖盘
420,14:26:09,14.76,0.01,6,8856,买盘
421,14:26:06,14.75,--,36,53100,卖盘
422,14:26:03,14.75,-0.01,22,32450,卖盘
423,14:26:00,14.76,0.01,13,19188,买盘
424,14:25:57,14.75,-0.01,60,88500,卖盘
425,14:25:54,14.76,--,10,14760,买盘
426,14:25:51,14.76,--,5,7380,买盘
427,14:25:48,14.76,--,46,67896,卖盘
428,14:25:45,14.76,-0.01,20,29520,卖盘
429,14:25:42,14.77,0.01,27,39879,买盘
430,14:25:39,14.76,--,149,219924,卖盘
431,14:25:36,14.76,--,20,29520,卖盘
432,14:25:33,14.76,-0.01,14,20664,卖盘
433,14:25:30,14.77,--,305,450485,买盘
434,14:25:27,14.77,--,92,135884,买盘
435,14:25:21,14.77,0.01,24,35448,买盘
436,14:25:18,14.76,-0.01,30,44280,卖盘
437,14:25:15,14.77,--,10,14770,买盘
438,14:25:12,14.77,0.01,27,39879,买盘
439,14:25:09,14.76,-0.01,4,5904,卖盘
440,14:25:06,14.77,--,20,29540,买盘
441,14:25:03,14.77,0.01,30,44310,买盘
442,14:25:00,14.76,-0.01,12,17712,卖盘
443,14:24:57,14.77,--,8,11816,买盘
444,14:24:54,14.77,0.01,186,274722,买盘
445,14:24:51,14.76,-0.01,12,17712,卖盘
446,14:24:48,14.77,0.01,1,1477,买盘
447,14:24:45,14.76,-0.01,20,29520,卖盘
448,14:24:42,14.77,0.01,76,112252,买盘
449,14:24:36,14.76,-0.01,57,84132,卖盘
450,14:24:33,14.77,0.01,208,307216,买盘
451,14:24:30,14.76,-0.01,4,5904,卖盘
452,14:24:27,14.77,--,56,82712,买盘
453,14:24:24,14.77,--,7,10339,买盘
454,14:24:21,14.77,--,14,20678,买盘
455,14:24:18,14.77,--,34,50218,买盘
456,14:24:15,14.77,--,16,23632,买盘
457,14:24:12,14.77,--,4,5908,买盘
458,14:24:09,14.77,--,2,2954,买盘
459,14:24:06,14.77,0.01,2,2954,买盘
460,14:24:03,14.76,-0.01,26,38376,卖盘
461,14:24:00,14.77,--,20,29540,买盘
462,14:23:57,14.77,0.01,1,1477,买盘
463,14:23:51,14.76,--,357,526932,买盘
464,14:23:48,14.76,--,110,162360,买盘
465,14:23:45,14.76,--,21,30996,买盘
466,14:23:42,14.76,--,87,128412,买盘
467,14:23:39,14.76,--,123,181548,买盘
468,14:23:36,14.76,--,38,56088,买盘
469,14:23:33,14.76,0.01,19,28044,买盘
470,14:23:30,14.75,--,20,29500,卖盘
471,14:23:27,14.75,--,50,73750,卖盘
472,14:23:24,14.75,--,5,7375,卖盘
473,14:23:21,14.75,--,46,67850,买盘
474,14:23:18,14.75,--,25,36875,买盘
475,14:23:15,14.75,--,42,61950,买盘
476,14:23:12,14.75,--,163,240425,买盘
477,14:23:09,14.75,0.01,550,811250,买盘
478,14:23:03,14.74,--,30,44220,卖盘
479,14:23:00,14.74,--,134,197516,卖盘
480,14:22:57,14.74,--,21,30954,卖盘
481,14:22:54,14.74,--,2,2948,卖盘
482,14:22:51,14.74,-0.01,31,45694,卖盘
483,14:22:48,14.75,0.01,201,296475,买盘
484,14:22:45,14.74,--,50,73700,卖盘
485,14:22:42,14.74,--,20,29480,卖盘
486,14:22:39,14.74,-0.01,22,32428,卖盘
487,14:22:36,14.75,0.01,566,834850,买盘
488,14:22:33,14.74,--,21,30954,卖盘
489,14:22:30,14.74,-0.01,11,16214,卖盘
490,14:22:27,14.75,0.01,23,33925,买盘
491,14:22:24,14.74,--,21,30954,卖盘
492,14:22:21,14.74,--,45,66492,买盘
493,14:22:12,14.74,--,2,2948,买盘
494,14:22:03,14.74,--,20,29480,买盘
495,14:21:54,14.74,-0.01,133,197353,卖盘
496,14:21:48,14.75,--,18,26550,买盘
497,14:21:42,14.75,0.01,3,4425,买盘
498,14:21:39,14.74,0.01,125,184412,买盘
499,14:21:36,14.73,-0.01,2,2946,卖盘
500,14:21:30,14.74,--,50,73700,买盘
501,14:21:27,14.74,0.01,50,73700,买盘
502,14:21:21,14.73,-0.01,20,29460,卖盘
503,14:21:18,14.74,--,401,591074,买盘
504,14:21:15,14.74,0.01,25,36850,买盘
505,14:21:12,14.73,-0.01,20,29460,卖盘
506,14:21:09,14.74,--,10,14740,买盘
507,14:21:06,14.74,--,7,10318,买盘
508,14:21:00,14.74,--,29,42746,买盘
509,14:20:57,14.74,--,2,2948,买盘
510,14:20:54,14.74,0.01,100,147400,买盘
511,14:20:51,14.73,-0.01,1,1473,卖盘
512,14:20:45,14.74,0.01,14,20636,买盘
513,14:20:42,14.73,-0.01,2,2946,卖盘
514,14:20:36,14.74,--,38,56012,买盘
515,14:20:33,14.74,0.01,32,47168,买盘
516,14:20:30,14.73,--,82,120786,买盘
517,14:20:24,14.73,--,3,4419,买盘
518,14:20:21,14.73,--,146,215058,买盘
519,14:20:12,14.73,--,1,1473,买盘
520,14:20:09,14.73,--,76,111948,卖盘
521,14:20:06,14.73,0.01,28,41244,买盘
522,14:20:03,14.72,--,4,5888,卖盘
523,14:20:00,14.72,--,1,1472,卖盘
524,14:19:57,14.72,-0.01,22,32384,卖盘
525,14:19:54,14.73,--,1,1473,买盘
526,14:19:51,14.73,--,5,7365,买盘
527,14:19:48,14.73,--,5,7365,买盘
528,14:19:45,14.73,--,6,8838,买盘
529,14:19:42,14.73,--,1,1473,买盘
530,14:19:36,14.73,0.02,10,14730,买盘
531,14:19:33,14.71,-0.02,100,147100,卖盘
532,14:19:30,14.73,0.01,10,14730,买盘
533,14:19:27,14.72,-0.01,73,107456,卖盘
534,14:19:24,14.73,--,18,26514,买盘
535,14:19:21,14.73,0.01,1,1473,买盘
536,14:19:18,14.72,--,9,13248,卖盘
537,14:19:15,14.72,--,18,26496,卖盘
538,14:19:12,14.72,--,61,89792,买盘
539,14:19:06,14.72,--,21,30912,买盘
540,14:19:03,14.72,--,21,30912,买盘
541,14:19:00,14.72,--,63,92736,买盘
542,14:18:57,14.72,--,21,30912,买盘
543,14:18:54,14.72,--,92,135424,买盘
544,14:18:51,14.72,0.01,21,30912,买盘
545,14:18:42,14.71,-0.01,155,228005,卖盘
546,14:18:39,14.72,0.01,1,1472,买盘
547,14:18:36,14.71,-0.01,21,30891,卖盘
548,14:18:33,14.72,0.01,2,2944,买盘
549,14:18:30,14.71,-0.01,43,63253,卖盘
550,14:18:27,14.72,--,17,25024,买盘
551,14:18:24,14.72,--,6,8832,买盘
552,14:18:18,14.72,--,49,72128,买盘
553,14:18:12,14.72,0.01,20,29440,买盘
554,14:18:09,14.71,-0.01,18,26478,卖盘
555,14:18:06,14.72,0.01,4,5888,买盘
556,14:18:03,14.71,-0.01,1,1471,卖盘
557,14:18:00,14.72,0.01,14,20608,买盘
558,14:17:57,14.71,--,22,32362,卖盘
559,14:17:42,14.71,-0.01,87,127977,卖盘
560,14:17:30,14.72,0.01,10,14720,买盘
561,14:17:27,14.71,--,56,82376,卖盘
562,14:17:24,14.71,-0.01,10,14710,卖盘
563,14:17:15,14.72,--,10,14720,买盘
564,14:17:03,14.72,--,54,79488,买盘
565,14:17:00,14.72,--,42,61824,买盘
566,14:16:57,14.72,--,58,85376,卖盘
567,14:16:51,14.72,--,21,30912,卖盘
568,14:16:48,14.72,-0.01,57,83904,卖盘
569,14:16:45,14.73,--,100,147300,买盘
570,14:16:42,14.73,--,30,44190,买盘
571,14:16:39,14.73,--,4,5892,买盘
572,14:16:36,14.73,--,1,1473,买盘
573,14:16:33,14.73,--,10,14730,买盘
574,14:16:30,14.73,0.01,56,82488,买盘
575,14:16:27,14.72,-0.01,8,11776,卖盘
576,14:16:18,14.73,--,5,7365,买盘
577,14:16:12,14.73,--,5,7365,买盘
578,14:16:09,14.73,-0.01,25,36825,卖盘
579,14:16:06,14.74,0.01,27,39798,买盘
580,14:16:03,14.73,--,33,48609,卖盘
581,14:16:00,14.73,--,9,13257,卖盘
582,14:15:48,14.73,-0.01,20,29460,卖盘
583,14:15:45,14.74,0.01,18,26532,买盘
584,14:15:42,14.73,--,72,106056,买盘
585,14:15:36,14.73,--,153,225369,买盘
586,14:15:30,14.73,--,5,7365,买盘
587,14:15:24,14.73,--,1,1473,买盘
588,14:15:18,14.73,0.01,20,29460,买盘
589,14:15:12,14.72,--,5,7360,卖盘
590,14:15:09,14.72,-0.01,2,2944,卖盘
591,14:15:03,14.73,0.01,5,7365,买盘
592,14:14:57,14.72,-0.01,20,29440,卖盘
593,14:14:54,14.73,0.01,43,63339,买盘
594,14:14:42,14.72,-0.01,5,7360,卖盘
595,14:14:36,14.73,0.01,22,32406,买盘
596,14:14:33,14.72,--,122,179584,买盘
597,14:14:30,14.72,0.01,2,2944,买盘
598,14:14:27,14.71,-0.01,64,94144,卖盘
599,14:14:18,14.72,0.01,6,8832,买盘
600,14:14:12,14.71,--,47,69137,买盘
601,14:14:06,14.71,--,1,1471,买盘
602,14:14:03,14.71,--,2,2942,买盘
603,14:13:54,14.71,--,1,1471,买盘
604,14:13:42,14.71,--,21,30891,买盘
605,14:13:39,14.71,--,100,147100,买盘
606,14:13:36,14.71,0.01,21,30891,买盘
607,14:13:33,14.7,-0.01,28,41160,卖盘
608,14:13:30,14.71,--,40,58840,买盘
609,14:13:24,14.71,0.01,21,30891,买盘
610,14:13:18,14.7,--,6,8820,卖盘
611,14:13:15,14.7,--,26,38220,买盘
612,14:13:12,14.7,--,18,26460,买盘
613,14:13:09,14.7,--,21,30870,买盘
614,14:13:06,14.7,--,8,11760,买盘
615,14:13:03,14.7,--,25,36750,买盘
616,14:13:00,14.7,--,26,38220,买盘
617,14:12:51,14.7,--,21,30870,买盘
618,14:12:42,14.7,0.01,5,7350,买盘
619,14:12:36,14.69,--,2,2938,卖盘
620,14:12:33,14.69,-0.01,10,14690,卖盘
621,14:12:30,14.7,0.01,10,14700,买盘
622,14:12:27,14.69,--,1,1469,卖盘
623,14:12:18,14.69,-0.01,3,4407,卖盘
624,14:12:09,14.7,0.01,28,41160,买盘
625,14:12:06,14.69,--,29,42601,卖盘
626,14:11:48,14.69,--,3,4407,卖盘
627,14:11:45,14.69,-0.01,2,2938,买盘
628,14:11:42,14.7,0.01,20,29400,买盘
629,14:11:36,14.69,-0.01,10,14690,卖盘
630,14:11:27,14.7,0.01,10,14700,买盘
631,14:11:15,14.69,-0.01,2,2938,卖盘
632,14:11:12,14.7,--,4,5880,买盘
633,14:11:09,14.7,--,8,11760,买盘
634,14:11:06,14.7,--,10,14700,买盘
635,14:11:00,14.7,-0.01,64,94080,卖盘
636,14:10:57,14.71,-0.01,5,7355,卖盘
637,14:10:54,14.72,0.01,28,41216,买盘
638,14:10:51,14.71,--,1,1471,卖盘
639,14:10:42,14.71,--,20,29420,卖盘
640,14:10:39,14.71,--,2,2942,卖盘
641,14:10:33,14.71,--,51,75021,卖盘
642,14:10:24,14.71,--,3,4413,卖盘
643,14:10:15,14.71,--,8,11768,卖盘
644,14:10:12,14.71,0.01,2,2942,买盘
645,14:10:09,14.7,-0.02,3,4410,卖盘
646,14:10:03,14.72,0.01,50,73600,买盘
647,14:10:00,14.71,--,21,30891,买盘
648,14:09:57,14.71,0.01,30,44130,买盘
649,14:09:54,14.7,--,206,302820,卖盘
650,14:09:51,14.7,-0.01,2,2940,卖盘
651,14:09:45,14.71,0.01,16,23536,买盘
652,14:09:42,14.7,-0.01,2,2940,卖盘
653,14:09:36,14.71,--,24,35304,买盘
654,14:09:33,14.71,0.01,21,30891,买盘
655,14:09:30,14.7,-0.01,25,36750,卖盘
656,14:09:27,14.71,0.01,93,136950,买盘
657,14:09:24,14.7,0.02,21,30870,买盘
658,14:09:18,14.68,-0.01,2,2936,中性盘
659,14:09:12,14.69,0.01,5,7345,买盘
660,14:09:03,14.68,-0.02,10,16001,卖盘
661,14:08:57,14.7,--,21,30870,买盘
662,14:08:54,14.7,0.02,281,413070,买盘
663,14:08:45,14.68,-0.01,7,10276,卖盘
664,14:08:42,14.69,--,2,2938,卖盘
665,14:08:30,14.69,0.01,3,4407,买盘
666,14:08:27,14.68,-0.02,137,201116,卖盘
667,14:08:24,14.7,0.01,18,26460,买盘
668,14:08:21,14.69,--,32,47008,买盘
669,14:08:15,14.69,0.01,5,7345,买盘
670,14:08:12,14.68,-0.01,3,4404,卖盘
671,14:07:57,14.69,-0.01,4,5876,中性盘
672,14:07:54,14.7,0.01,50,73500,买盘
673,14:07:51,14.69,--,16,23504,卖盘
674,14:07:39,14.69,0.01,30,44070,卖盘
675,14:07:33,14.68,-0.01,223,327364,卖盘
676,14:07:27,14.69,--,4,5876,卖盘
677,14:07:24,14.69,--,138,202722,买盘
678,14:07:21,14.69,--,6,8814,买盘
679,14:07:06,14.69,--,18,26442,买盘
680,14:06:57,14.69,--,46,67574,卖盘
681,14:06:54,14.69,--,24,35256,卖盘
682,14:06:48,14.69,--,10,14690,卖盘
683,14:06:39,14.69,-0.01,3,4407,卖盘
684,14:06:36,14.7,0.01,1,1470,买盘
685,14:06:33,14.69,--,1,1469,卖盘
686,14:06:21,14.69,-0.01,21,30849,卖盘
687,14:06:06,14.7,--,10,14700,买盘
688,14:06:03,14.7,0.01,1,1470,买盘
689,14:06:00,14.69,--,20,29380,卖盘
690,14:05:54,14.69,-0.01,5,7345,卖盘
691,14:05:51,14.7,0.01,18,26460,买盘
692,14:05:48,14.69,--,6,8814,卖盘
693,14:05:36,14.69,-0.01,5,7345,卖盘
694,14:05:24,14.7,--,24,35280,买盘
695,14:05:18,14.7,--,37,54390,卖盘
696,14:05:15,14.7,-0.01,5,7350,卖盘
697,14:05:00,14.71,0.01,10,14710,中性盘
698,14:04:51,14.7,-0.02,5,7350,卖盘
699,14:04:48,14.72,--,10,14720,买盘
700,14:04:42,14.72,--,18,26496,买盘
701,14:04:39,14.72,0.02,50,73600,买盘
702,14:04:33,14.7,-0.01,2,2940,卖盘
703,14:04:27,14.71,--,6,8826,卖盘
704,14:04:24,14.71,-0.01,3,4413,卖盘
705,14:04:21,14.72,--,5,7360,买盘
706,14:04:09,14.72,0.01,18,26496,买盘
707,14:04:06,14.71,-0.01,2,2942,卖盘
708,14:03:51,14.72,0.01,9,13248,买盘
709,14:03:48,14.71,0.02,60,88260,买盘
710,14:03:45,14.69,-0.02,2,2938,卖盘
711,14:03:39,14.71,0.02,21,30891,买盘
712,14:03:33,14.69,-0.02,121,177749,卖盘
713,14:03:30,14.71,0.02,18,26478,买盘
714,14:03:24,14.69,-0.02,10,14690,卖盘
715,14:03:21,14.71,0.02,21,30891,买盘
716,14:03:06,14.69,--,113,165997,卖盘
717,14:02:51,14.69,-0.01,4,5876,卖盘
718,14:02:48,14.7,--,2,2940,卖盘
719,14:02:45,14.7,--,6,8820,买盘
720,14:02:39,14.7,-0.01,219,321930,卖盘
721,14:02:27,14.71,0.01,10,14710,买盘
722,14:02:24,14.7,-0.01,2,2940,卖盘
723,14:02:12,14.71,0.01,18,26478,买盘
724,14:02:09,14.7,--,5,7350,卖盘
725,14:02:06,14.7,--,6,8820,卖盘
726,14:02:03,14.7,-0.01,94,138180,卖盘
727,14:02:00,14.71,--,8,11768,买盘
728,14:01:48,14.71,0.01,10,14710,买盘
729,14:01:45,14.7,-0.01,6,8820,卖盘
730,14:01:39,14.71,--,20,29420,买盘
731,14:01:30,14.71,--,36,52956,卖盘
732,14:01:21,14.71,--,11,16181,卖盘
733,14:01:06,14.71,-0.01,5,7355,卖盘
734,14:00:54,14.72,0.01,18,26496,买盘
735,14:00:48,14.71,--,4,5884,卖盘
736,14:00:45,14.71,--,46,67666,卖盘
737,14:00:33,14.71,-0.01,28,41188,卖盘
738,14:00:27,14.72,0.01,60,88320,买盘
739,14:00:12,14.71,-0.01,7,10297,卖盘
740,13:59:54,14.72,0.01,1,1472,买盘
741,13:59:51,14.71,-0.01,71,104441,卖盘
742,13:59:42,14.72,--,23,33856,买盘
743,13:59:33,14.72,--,23,33856,买盘
744,13:59:27,14.72,--,1,1472,买盘
745,13:59:24,14.72,--,38,55936,买盘
746,13:59:21,14.72,0.01,1,1472,买盘
747,13:59:18,14.71,-0.01,5,7355,卖盘
748,13:59:09,14.72,0.01,2,2944,买盘
749,13:58:54,14.71,--,5,7355,卖盘
750,13:58:48,14.71,--,14,20594,卖盘
751,13:58:42,14.71,--,3,4413,卖盘
752,13:58:36,14.71,-0.01,23,33833,卖盘
753,13:58:33,14.72,--,18,26496,买盘
754,13:58:27,14.72,--,5,7360,买盘
755,13:58:24,14.72,0.01,17,25024,买盘
756,13:58:21,14.71,-0.01,3,4413,卖盘
757,13:58:12,14.72,--,1,1472,买盘
758,13:58:00,14.72,--,84,123648,卖盘
759,13:57:57,14.72,-0.01,27,39744,卖盘
760,13:57:48,14.73,--,9,13257,买盘
761,13:57:45,14.73,--,1,1473,买盘
762,13:57:39,14.73,0.01,19,27987,买盘
763,13:57:30,14.72,-0.01,12,17664,卖盘
764,13:57:27,14.73,--,6,8838,买盘
765,13:57:24,14.73,0.01,2,2946,中性盘
766,13:57:18,14.72,-0.01,21,30912,卖盘
767,13:57:15,14.73,-0.01,99,145827,卖盘
768,13:57:09,14.74,0.01,20,29480,买盘
769,13:57:06,14.73,--,9,13257,卖盘
770,13:56:57,14.73,-0.01,7,10311,卖盘
771,13:56:54,14.74,0.01,13,19162,买盘
772,13:56:51,14.73,-0.01,58,85434,卖盘
773,13:56:45,14.74,0.01,4,5896,买盘
774,13:56:39,14.73,--,5,7365,卖盘
775,13:56:36,14.73,--,32,47136,买盘
776,13:56:27,14.73,--,1,1473,买盘
777,13:56:24,14.73,0.01,6,8838,中性盘
778,13:56:15,14.72,-0.02,15,22080,卖盘
779,13:56:03,14.74,--,18,26532,买盘
780,13:56:00,14.74,0.01,5,7370,买盘
781,13:55:48,14.73,-0.01,9,13257,卖盘
782,13:55:45,14.74,0.01,5,7370,买盘
783,13:55:36,14.73,0.01,3,4419,卖盘
784,13:55:33,14.72,-0.01,370,544640,卖盘
785,13:55:30,14.73,--,20,29460,买盘
786,13:55:18,14.73,--,10,14730,买盘
787,13:55:15,14.73,-0.01,140,207530,卖盘
788,13:54:54,14.74,--,18,26532,买盘
789,13:54:45,14.74,--,1,1474,买盘
790,13:54:39,14.74,--,7,10318,买盘
791,13:54:36,14.74,--,5,7370,买盘
792,13:54:33,14.74,0.01,21,30954,买盘
793,13:54:30,14.73,--,11,16203,卖盘
794,13:54:27,14.73,-0.01,2,2946,卖盘
795,13:54:24,14.74,--,64,94336,买盘
796,13:54:15,14.74,--,36,53064,买盘
797,13:54:12,14.74,--,12,17688,卖盘
798,13:54:09,14.74,0.01,22,32428,中性盘
799,13:54:00,14.73,-0.01,51,75123,卖盘
800,13:53:57,14.74,--,179,263846,买盘
801,13:53:54,14.74,--,60,88440,买盘
802,13:53:51,14.74,--,10,14740,买盘
803,13:53:45,14.74,--,20,29480,买盘
804,13:53:42,14.74,--,28,41272,买盘
805,13:53:33,14.74,--,20,29480,买盘
806,13:53:24,14.74,--,2,2948,买盘
807,13:53:21,14.74,--,40,58960,买盘
808,13:53:18,14.74,--,18,26532,买盘
809,13:53:15,14.74,--,4,5896,买盘
810,13:53:09,14.74,--,2,2948,买盘
811,13:53:03,14.74,--,2,2948,买盘
812,13:53:00,14.74,--,10,14740,买盘
813,13:52:51,14.74,--,7,10318,卖盘
814,13:52:48,14.74,--,36,53064,卖盘
815,13:52:45,14.74,--,6,8844,卖盘
816,13:52:42,14.74,-0.01,15,22110,卖盘
817,13:52:39,14.75,0.01,12,17700,买盘
818,13:52:30,14.74,-0.01,21,30954,卖盘
819,13:52:24,14.75,0.01,18,26550,买盘
820,13:52:21,14.74,--,54,79596,买盘
821,13:52:12,14.74,--,13,19162,买盘
822,13:52:09,14.74,-0.01,110,162140,卖盘
823,13:52:03,14.75,0.01,33,48675,买盘
824,13:51:57,14.74,--,1,1474,卖盘
825,13:51:54,14.74,--,10,14740,卖盘
826,13:51:51,14.74,--,6,8844,卖盘
827,13:51:48,14.74,0.01,182,268268,买盘
828,13:51:45,14.73,--,22,32406,卖盘
829,13:51:42,14.73,-0.01,7,10311,卖盘
830,13:51:36,14.74,--,100,147400,买盘
831,13:51:33,14.74,0.01,138,203412,买盘
832,13:51:27,14.73,-0.01,5,7365,卖盘
833,13:51:24,14.74,0.01,26,38324,买盘
834,13:51:21,14.73,--,5,7527,买盘
835,13:51:18,14.73,--,10,14730,买盘
836,13:51:15,14.73,--,18,26514,买盘
837,13:51:09,14.73,0.01,285,419805,买盘
838,13:51:06,14.72,-0.01,1,1472,卖盘
839,13:50:51,14.73,--,12,17676,买盘
840,13:50:48,14.73,--,1,1473,买盘
841,13:50:45,14.73,--,50,73650,买盘
842,13:50:42,14.73,--,2,2946,买盘
843,13:50:39,14.73,--,3,4419,买盘
844,13:50:33,14.73,--,39,57447,买盘
845,13:50:30,14.73,--,5,7365,买盘
846,13:50:15,14.73,0.01,5,7365,买盘
847,13:50:12,14.72,-0.02,270,397440,卖盘
848,13:50:09,14.74,--,2,2948,买盘
849,13:50:03,14.74,0.02,18,26532,买盘
850,13:49:57,14.72,-0.01,20,29440,卖盘
851,13:49:54,14.73,--,136,200328,买盘
852,13:49:51,14.73,0.01,30,44190,买盘
853,13:49:48,14.72,--,5,7360,卖盘
854,13:49:42,14.72,--,177,260544,买盘
855,13:49:39,14.72,--,69,101568,买盘
856,13:49:36,14.72,--,15,22080,买盘
857,13:49:24,14.72,--,21,30912,买盘
858,13:49:15,14.72,0.01,54,79488,买盘
859,13:49:09,14.71,0.01,5,7355,买盘
860,13:49:03,14.7,-0.02,100,147000,卖盘
861,13:49:00,14.72,--,21,30912,买盘
862,13:48:57,14.72,0.01,22,32384,买盘
863,13:48:54,14.71,--,21,30891,买盘
864,13:48:51,14.71,--,2,2942,买盘
865,13:48:45,14.71,--,26,38246,买盘
866,13:48:42,14.71,--,18,26478,买盘
867,13:48:39,14.71,--,21,30891,买盘
868,13:48:36,14.71,--,21,30891,买盘
869,13:48:33,14.71,0.01,21,30891,买盘
870,13:48:24,14.7,--,1,1470,买盘
871,13:48:21,14.7,--,42,61740,买盘
872,13:48:18,14.7,0.01,21,30870,买盘
873,13:48:12,14.69,--,31,45539,卖盘
874,13:48:09,14.69,-0.01,1,1469,卖盘
875,13:48:06,14.7,0.01,3,4410,买盘
876,13:48:03,14.69,-0.01,1,1469,卖盘
877,13:48:00,14.7,--,1,1470,买盘
878,13:47:57,14.7,--,9,13230,买盘
879,13:47:51,14.7,--,2,2940,买盘
880,13:47:48,14.7,-0.01,31,45570,卖盘
881,13:47:45,14.71,0.01,10,14710,买盘
882,13:47:39,14.7,--,6,8820,卖盘
883,13:47:36,14.7,-0.01,14,20580,卖盘
884,13:47:27,14.71,0.01,2,2942,买盘
885,13:47:21,14.7,--,20,29400,卖盘
886,13:47:18,14.7,-0.01,7,10290,卖盘
887,13:47:09,14.71,--,3,4413,买盘
888,13:47:06,14.71,--,2,2942,买盘
889,13:46:42,14.71,--,3,4413,买盘
890,13:46:33,14.71,--,189,278019,卖盘
891,13:46:24,14.71,--,20,29420,卖盘
892,13:46:21,14.71,--,28,41188,卖盘
893,13:46:18,14.71,--,35,51485,卖盘
894,13:46:15,14.71,--,20,29420,卖盘
895,13:46:12,14.71,--,1,1471,卖盘
896,13:46:09,14.71,--,39,57369,卖盘
897,13:46:00,14.71,--,15,22065,卖盘
898,13:45:57,14.71,--,50,73550,卖盘
899,13:45:54,14.71,--,5,7355,卖盘
900,13:45:36,14.71,-0.01,5,7355,卖盘
901,13:45:30,14.72,--,6,8832,买盘
902,13:45:24,14.72,--,2,2944,买盘
903,13:45:18,14.72,--,8,11776,买盘
904,13:45:15,14.72,--,25,36800,买盘
905,13:45:09,14.72,--,18,26496,买盘
906,13:45:03,14.72,0.01,2,2944,买盘
907,13:45:00,14.71,--,8,11768,卖盘
908,13:44:57,14.71,--,10,14710,卖盘
909,13:44:45,14.71,--,1,1471,卖盘
910,13:44:42,14.71,--,87,127977,卖盘
911,13:44:39,14.71,--,50,73550,卖盘
912,13:44:36,14.71,0.01,275,404525,买盘
913,13:44:27,14.7,--,27,39690,买盘
914,13:44:18,14.7,--,10,14700,买盘
915,13:44:15,14.7,-0.01,3,4410,卖盘
916,13:44:09,14.71,0.01,1,1471,买盘
917,13:44:06,14.7,--,10,14700,卖盘
918,13:44:00,14.7,-0.01,106,155820,卖盘
919,13:43:48,14.71,0.01,20,29420,买盘
920,13:43:45,14.7,--,7,10290,卖盘
921,13:43:39,14.7,-0.01,10,14700,卖盘
922,13:43:36,14.71,0.01,1,1471,买盘
923,13:43:30,14.7,-0.01,5,7350,中性盘
924,13:43:21,14.71,--,2,2942,买盘
925,13:43:18,14.71,0.03,2,2942,买盘
926,13:43:15,14.68,-0.02,70,102760,卖盘
927,13:43:12,14.7,--,55,80850,卖盘
928,13:43:00,14.7,-0.01,10,14700,卖盘
929,13:42:57,14.71,--,2,2942,买盘
930,13:42:51,14.71,0.01,20,29420,买盘
931,13:42:48,14.7,--,3,4410,卖盘
932,13:42:45,14.7,-0.01,10,14700,卖盘
933,13:42:42,14.71,0.01,18,26478,买盘
934,13:42:36,14.7,-0.01,1,1470,卖盘
935,13:42:33,14.71,0.01,1,1471,买盘
936,13:42:30,14.7,--,4,5880,卖盘
937,13:42:21,14.7,--,4,5880,卖盘
938,13:42:15,14.7,0.01,146,214620,买盘
939,13:42:12,14.69,-0.01,2,2938,卖盘
940,13:42:09,14.7,0.01,32,47040,买盘
941,13:42:06,14.69,--,31,45539,卖盘
942,13:42:03,14.69,-0.01,10,14690,卖盘
943,13:41:54,14.7,0.01,10,14700,买盘
944,13:41:48,14.69,-0.01,50,73450,卖盘
945,13:41:33,14.7,0.01,2,2940,买盘
946,13:41:30,14.69,--,20,29380,卖盘
947,13:41:27,14.69,-0.01,1,1469,卖盘
948,13:41:24,14.7,--,18,26460,买盘
949,13:41:15,14.7,--,25,36750,卖盘
950,13:41:12,14.7,--,25,36750,卖盘
951,13:41:09,14.7,--,3,4410,卖盘
952,13:41:00,14.7,--,5,7350,卖盘
953,13:40:57,14.7,--,3,4410,卖盘
954,13:40:54,14.7,--,19,27930,卖盘
955,13:40:51,14.7,--,61,89670,卖盘
956,13:40:42,14.7,--,26,38220,卖盘
957,13:40:36,14.7,--,10,14700,卖盘
958,13:40:33,14.7,--,49,72030,买盘
959,13:40:30,14.7,--,5,7350,买盘
960,13:40:27,14.7,--,1,1470,买盘
961,13:40:24,14.7,--,2,2940,买盘
962,13:40:18,14.7,--,26,38220,买盘
963,13:40:15,14.7,0.01,37,54390,买盘
964,13:40:12,14.69,--,21,30849,卖盘
965,13:40:09,14.69,-0.01,1,1469,卖盘
966,13:40:03,14.7,--,22,32340,买盘
967,13:39:39,14.7,--,30,44100,买盘
968,13:39:33,14.7,--,10,14700,买盘
969,13:39:24,14.7,--,12,17640,买盘
970,13:39:21,14.7,--,65,95550,卖盘
971,13:39:12,14.7,--,10,14700,卖盘
972,13:39:06,14.7,-0.01,2,2940,卖盘
973,13:39:03,14.71,0.01,18,26478,买盘
974,13:38:54,14.7,--,12,17640,卖盘
975,13:38:48,14.7,-0.01,10,14700,卖盘
976,13:38:45,14.71,0.01,2,2942,买盘
977,13:38:39,14.7,-0.01,2,2940,卖盘
978,13:38:36,14.71,--,1,1471,买盘
979,13:38:30,14.71,0.01,5,7355,买盘
980,13:38:24,14.7,--,5,7350,卖盘
981,13:38:15,14.7,-0.01,20,29400,卖盘
982,13:38:09,14.71,--,117,172107,买盘
983,13:38:03,14.71,--,4,5884,买盘
984,13:38:00,14.71,--,20,29420,买盘
985,13:37:54,14.71,--,38,55898,中性盘
986,13:37:51,14.71,--,1,1471,卖盘
987,13:37:48,14.71,--,35,51485,卖盘
988,13:37:45,14.71,-0.01,4,5884,卖盘
989,13:37:42,14.72,0.01,1,1472,买盘
990,13:37:36,14.71,--,1,1471,卖盘
991,13:37:30,14.71,--,24,35304,卖盘
992,13:37:27,14.71,--,41,60311,买盘
993,13:37:18,14.71,--,19,27949,买盘
994,13:37:15,14.71,--,25,36775,买盘
995,13:37:00,14.71,0.01,68,100028,买盘
996,13:36:54,14.7,-0.01,20,29400,卖盘
997,13:36:42,14.71,0.01,18,26478,买盘
998,13:36:36,14.7,--,2,2940,卖盘
999,13:36:33,14.7,--,10,14700,卖盘
1000,13:36:27,14.7,0.01,90,132814,买盘
1001,13:36:21,14.69,--,38,55822,买盘
1002,13:36:18,14.69,--,3,4407,买盘
1003,13:36:15,14.69,--,5,7345,买盘
1004,13:36:12,14.69,--,8,11752,买盘
1005,13:36:09,14.69,-0.01,58,86156,卖盘
1006,13:36:06,14.7,0.01,118,173974,买盘
1007,13:36:03,14.69,--,5,7345,卖盘
1008,13:36:00,14.69,-0.01,45,66105,卖盘
1009,13:35:51,14.7,0.01,10,14700,买盘
1010,13:35:48,14.69,--,200,293800,卖盘
1011,13:35:45,14.69,-0.01,18,26442,卖盘
1012,13:35:42,14.7,--,10,14700,买盘
1013,13:35:39,14.7,--,2,2940,买盘
1014,13:35:36,14.7,0.01,6,8820,买盘
1015,13:35:33,14.69,-0.01,2,2938,卖盘
1016,13:35:30,14.7,--,9,13230,买盘
1017,13:35:27,14.7,--,23,33810,买盘
1018,13:35:24,14.7,--,7,10290,买盘
1019,13:35:18,14.7,--,8,11760,买盘
1020,13:35:15,14.7,0.01,13,19110,买盘
1021,13:35:12,14.69,-0.01,51,74919,卖盘
1022,13:35:09,14.7,--,29,42630,买盘
1023,13:35:03,14.7,--,23,33810,买盘
1024,13:34:57,14.7,--,11,16170,买盘
1025,13:34:51,14.7,--,12,17640,买盘
1026,13:34:42,14.7,--,16,23520,买盘
1027,13:34:36,14.7,0.01,6,8820,买盘
1028,13:34:33,14.69,--,5,7345,卖盘
1029,13:34:30,14.69,--,23,33787,卖盘
1030,13:34:27,14.69,-0.01,53,77857,卖盘
1031,13:34:24,14.7,--,20,29400,买盘
1032,13:34:18,14.7,--,18,26460,买盘
1033,13:34:15,14.7,--,1,1470,买盘
1034,13:34:12,14.7,--,4,5880,买盘
1035,13:34:00,14.7,0.01,10,14700,买盘
1036,13:33:57,14.69,--,54,79326,买盘
1037,13:33:51,14.69,--,16,23504,买盘
1038,13:33:42,14.69,--,19,27911,买盘
1039,13:33:39,14.69,--,50,73450,买盘
1040,13:33:36,14.69,--,10,14690,买盘
1041,13:33:30,14.69,--,2,2938,买盘
1042,13:33:27,14.69,0.01,7,10283,买盘
1043,13:33:24,14.68,-0.01,1,1468,卖盘
1044,13:33:18,14.69,--,5,7345,买盘
1045,13:33:09,14.69,--,98,143962,买盘
1046,13:33:06,14.69,0.01,13,19097,买盘
1047,13:32:54,14.68,-0.01,46,67528,卖盘
1048,13:32:51,14.69,--,32,47008,买盘
1049,13:32:48,14.69,--,21,30849,买盘
1050,13:32:39,14.69,0.01,9,13221,买盘
1051,13:32:27,14.68,-0.01,8,11744,卖盘
1052,13:32:24,14.69,--,21,30849,买盘
1053,13:32:21,14.69,--,162,237978,买盘
1054,13:32:18,14.69,--,15,22035,买盘
1055,13:32:12,14.69,--,16,23504,买盘
1056,13:32:09,14.69,--,5,7345,买盘
1057,13:32:03,14.69,--,21,30849,买盘
1058,13:31:57,14.69,--,19,27911,买盘
1059,13:31:54,14.69,0.01,50,73450,买盘
1060,13:31:51,14.68,--,30,44040,卖盘
1061,13:31:36,14.68,--,127,186582,买盘
1062,13:31:33,14.68,0.01,21,30828,买盘
1063,13:31:30,14.67,--,4,5868,卖盘
1064,13:31:27,14.67,-0.01,7,10269,卖盘
1065,13:31:24,14.68,0.01,200,293600,买盘
1066,13:31:12,14.67,--,30,44010,卖盘
1067,13:31:09,14.67,-0.01,65,95355,卖盘
1068,13:31:06,14.68,0.01,1,1468,买盘
1069,13:30:48,14.67,-0.01,35,51345,卖盘
1070,13:30:45,14.68,0.01,19,27892,买盘
1071,13:30:42,14.67,0.01,41,60147,买盘
1072,13:30:33,14.66,-0.01,4,5864,卖盘
1073,13:30:30,14.67,--,2,2934,买盘
1074,13:30:21,14.67,--,21,30807,买盘
1075,13:30:15,14.67,--,5,7335,买盘
1076,13:30:06,14.67,--,50,73350,买盘
1077,13:29:54,14.67,--,1,1467,买盘
1078,13:29:48,14.67,--,10,14670,买盘
1079,13:29:30,14.67,0.01,19,27873,买盘
1080,13:29:27,14.66,--,7,10262,买盘
1081,13:29:18,14.66,0.01,10,14660,买盘
1082,13:29:15,14.65,-0.01,25,36625,卖盘
1083,13:29:03,14.66,--,1,1466,买盘
1084,13:28:57,14.66,--,21,30786,买盘
1085,13:28:54,14.66,--,12,17592,买盘
1086,13:28:51,14.66,--,8,11728,买盘
1087,13:28:45,14.66,--,10,14660,买盘
1088,13:28:42,14.66,--,10,14660,买盘
1089,13:28:39,14.66,--,1,1466,买盘
1090,13:28:36,14.66,--,2,2932,买盘
1091,13:28:33,14.66,0.01,2,2932,买盘
1092,13:28:30,14.65,-0.01,2,2930,卖盘
1093,13:28:27,14.66,--,2,2932,买盘
1094,13:28:24,14.66,0.01,53,77698,买盘
1095,13:28:21,14.65,--,7,10255,卖盘
1096,13:28:18,14.65,-0.01,1,1465,卖盘
1097,13:28:15,14.66,--,21,30786,买盘
1098,13:28:09,14.66,0.01,5,7330,买盘
1099,13:27:57,14.65,--,10,14650,卖盘
1100,13:27:51,14.65,-0.01,8,11720,卖盘
1101,13:27:48,14.66,--,1,1466,买盘
1102,13:27:45,14.66,0.01,50,73300,买盘
1103,13:27:42,14.65,--,21,30765,卖盘
1104,13:27:36,14.65,--,2,2930,卖盘
1105,13:27:30,14.65,-0.01,5,7325,卖盘
1106,13:27:24,14.66,--,11,16126,买盘
1107,13:27:21,14.66,0.01,1,1466,买盘
1108,13:27:06,14.65,-0.01,12,17580,卖盘
1109,13:26:57,14.66,0.01,1,1466,买盘
1110,13:26:54,14.65,-0.01,5,7325,卖盘
1111,13:26:51,14.66,--,10,14660,买盘
1112,13:26:48,14.66,0.01,3,4398,买盘
1113,13:26:42,14.65,--,1,1465,卖盘
1114,13:26:39,14.65,-0.01,28,41020,卖盘
1115,13:26:36,14.66,--,2,2932,买盘
1116,13:26:33,14.66,--,7,10262,买盘
1117,13:26:09,14.66,--,1,1466,买盘
1118,13:26:03,14.66,0.01,30,43980,买盘
1119,13:25:57,14.65,--,1,1465,买盘
1120,13:25:51,14.65,-0.01,17,24905,卖盘
1121,13:25:45,14.66,0.01,1,1466,买盘
1122,13:25:36,14.65,-0.01,16,23440,卖盘
1123,13:25:30,14.66,0.01,10,14660,买盘
1124,13:25:24,14.65,-0.01,46,67390,卖盘
1125,13:25:18,14.66,--,1,1466,买盘
1126,13:25:15,14.66,0.01,21,30786,买盘
1127,13:25:09,14.65,-0.01,4,5860,卖盘
1128,13:25:06,14.66,0.01,6,8796,买盘
1129,13:25:03,14.65,-0.01,60,87900,卖盘
1130,13:24:54,14.66,0.01,1,1466,买盘
1131,13:24:33,14.65,-0.01,1,1465,卖盘
1132,13:24:30,14.66,--,1,1466,买盘
1133,13:24:27,14.66,0.02,20,29320,买盘
1134,13:24:09,14.64,-0.02,68,99552,卖盘
1135,13:24:03,14.66,--,1,1466,买盘
1136,13:24:00,14.66,0.01,5,7330,买盘
1137,13:23:57,14.65,0.01,2,2930,中性盘
1138,13:23:45,14.64,--,21,30744,卖盘
1139,13:23:42,14.64,-0.01,18,26352,卖盘
1140,13:23:36,14.65,--,13,19045,买盘
1141,13:23:33,14.65,--,5,7325,买盘
1142,13:23:00,14.65,-0.01,41,60065,卖盘
1143,13:22:45,14.66,--,1,1466,买盘
1144,13:22:39,14.66,--,22,32252,卖盘
1145,13:22:12,14.66,--,5,7330,卖盘
1146,13:22:06,14.66,--,10,14660,卖盘
1147,13:22:00,14.66,--,50,73300,卖盘
1148,13:21:51,14.66,-0.01,10,14660,卖盘
1149,13:21:48,14.67,0.01,1,1467,买盘
1150,13:21:33,14.66,--,18,26388,卖盘
1151,13:21:27,14.66,-0.01,51,74766,卖盘
1152,13:21:24,14.67,0.01,1,1467,买盘
1153,13:21:12,14.66,-0.01,17,24922,卖盘
1154,13:21:09,14.67,--,17,24939,买盘
1155,13:21:06,14.67,--,50,73350,买盘
1156,13:20:54,14.67,--,5,7335,买盘
1157,13:20:51,14.67,--,6,8802,买盘
1158,13:20:48,14.67,0.01,20,29340,买盘
1159,13:20:45,14.66,--,50,73300,卖盘
1160,13:20:42,14.66,--,10,14660,卖盘
1161,13:20:39,14.66,--,10,14660,卖盘
1162,13:20:36,14.66,-0.01,94,137804,卖盘
1163,13:20:33,14.67,0.01,1,1467,买盘
1164,13:20:30,14.66,--,106,155396,卖盘
1165,13:20:18,14.66,-0.01,11,16126,卖盘
1166,13:20:15,14.67,--,10,14670,买盘
1167,13:20:06,14.67,--,30,44010,买盘
1168,13:19:57,14.67,0.01,10,14670,买盘
1169,13:19:51,14.66,-0.01,1,1466,卖盘
1170,13:19:42,14.67,0.01,1,1467,买盘
1171,13:19:27,14.66,0.01,173,253618,买盘
1172,13:19:21,14.65,-0.01,2,2930,卖盘
1173,13:19:18,14.66,--,3,4398,买盘
1174,13:19:15,14.66,--,51,74766,买盘
1175,13:19:09,14.66,--,3,4398,买盘
1176,13:19:06,14.66,--,16,23456,买盘
1177,13:18:54,14.66,0.01,1,1466,买盘
1178,13:18:51,14.65,--,30,43950,卖盘
1179,13:18:36,14.65,--,138,202170,买盘
1180,13:18:30,14.65,--,2,2930,买盘
1181,13:18:24,14.65,0.01,1,1465,买盘
1182,13:18:18,14.64,-0.01,4,5856,卖盘
1183,13:18:03,14.65,0.01,1,1465,买盘
1184,13:17:57,14.64,--,30,43920,卖盘
1185,13:17:54,14.64,--,19,27816,买盘
1186,13:17:51,14.64,--,4,5856,买盘
1187,13:17:48,14.64,--,21,30744,买盘
1188,13:17:39,14.64,--,21,30744,买盘
1189,13:17:36,14.64,0.01,1,1464,买盘
1190,13:17:33,14.63,--,10,14630,卖盘
1191,13:17:27,14.63,--,4,5852,卖盘
1192,13:17:18,14.63,-0.01,21,30723,卖盘
1193,13:17:12,14.64,--,1,1464,买盘
1194,13:17:09,14.64,--,43,62952,买盘
1195,13:17:03,14.64,0.01,1,1464,买盘
1196,13:16:54,14.63,-0.01,30,43890,卖盘
1197,13:16:45,14.64,--,1,1464,买盘
1198,13:16:36,14.64,0.01,1,1464,买盘
1199,13:16:33,14.63,-0.01,2,2926,卖盘
1200,13:16:27,14.64,--,1,1464,买盘
1201,13:16:24,14.64,--,1,1464,买盘
1202,13:16:21,14.64,--,2,2928,卖盘
1203,13:16:06,14.64,-0.01,50,73200,卖盘
1204,13:15:57,14.65,--,1,1465,买盘
1205,13:15:51,14.65,0.01,23,33695,买盘
1206,13:15:39,14.64,-0.01,1,1464,卖盘
1207,13:15:33,14.65,0.01,1,1465,买盘
1208,13:15:18,14.64,--,10,14640,卖盘
1209,13:15:15,14.64,0.01,31,45384,买盘
1210,13:15:09,14.63,--,41,59983,卖盘
1211,13:15:06,14.63,-0.01,14,20482,卖盘
1212,13:14:51,14.64,0.01,60,87840,买盘
1213,13:14:48,14.63,--,4,5852,卖盘
1214,13:14:45,14.63,-0.01,2,2926,卖盘
1215,13:14:42,14.64,--,1,1464,买盘
1216,13:14:36,14.64,--,10,14640,买盘
1217,13:14:24,14.64,--,13,19032,买盘
1218,13:14:18,14.64,-0.01,70,102480,卖盘
1219,13:14:00,14.65,--,2,2930,买盘
1220,13:13:51,14.65,0.01,1,1465,买盘
1221,13:13:48,14.64,--,7,10248,卖盘
1222,13:13:42,14.64,-0.01,1,1464,卖盘
1223,13:13:24,14.65,0.01,1,1465,买盘
1224,13:13:18,14.64,--,13,19032,买盘
1225,13:13:03,14.64,--,2,2928,买盘
1226,13:13:00,14.64,-0.01,3,4392,中性盘
1227,13:12:42,14.65,--,1,1465,买盘
1228,13:12:36,14.65,0.01,11,16115,买盘
1229,13:12:30,14.64,--,3,4392,买盘
1230,13:12:12,14.64,--,1,1464,买盘
1231,13:12:06,14.64,0.01,157,229848,买盘
1232,13:12:03,14.63,-0.01,10,14630,卖盘
1233,13:11:51,14.64,--,20,29280,买盘
1234,13:11:48,14.64,--,1,1464,买盘
1235,13:11:39,14.64,-0.01,10,14640,中性盘
1236,13:11:21,14.65,--,40,58600,买盘
1237,13:11:18,14.65,0.02,1,1465,买盘
1238,13:11:15,14.63,--,1,1463,卖盘
1239,13:10:51,14.63,-0.02,18,26334,卖盘
1240,13:10:48,14.65,--,1,1465,买盘
1241,13:10:36,14.65,0.02,10,14650,买盘
1242,13:10:27,14.63,-0.02,5,7315,卖盘
1243,13:10:24,14.65,--,1,1465,买盘
1244,13:10:18,14.65,0.02,50,73250,买盘
1245,13:10:12,14.63,--,1,1463,卖盘
1246,13:10:09,14.63,--,1,1463,卖盘
1247,13:10:06,14.63,-0.02,10,14630,卖盘
1248,13:10:03,14.65,0.03,8,11720,买盘
1249,13:10:00,14.62,-0.01,65,95030,卖盘
1250,13:09:45,14.63,-0.02,38,55594,卖盘
1251,13:09:36,14.65,0.01,2,2930,买盘
1252,13:09:33,14.64,--,10,14640,卖盘
1253,13:09:30,14.64,0.01,5,7320,买盘
1254,13:09:09,14.63,--,6,8778,卖盘
1255,13:09:03,14.63,--,3,4389,买盘
1256,13:08:51,14.63,-0.02,1,1463,卖盘
1257,13:08:45,14.65,0.02,1,1465,买盘
1258,13:08:42,14.63,--,18,26334,卖盘
1259,13:08:39,14.63,--,10,14630,卖盘
1260,13:08:30,14.63,-0.02,20,29260,卖盘
1261,13:08:21,14.65,0.02,2,2930,买盘
1262,13:08:03,14.63,-0.02,6,8778,卖盘
1263,13:07:54,14.65,0.03,1,1465,买盘
1264,13:07:42,14.62,-0.03,10,14620,卖盘
1265,13:07:36,14.65,0.03,21,30765,买盘
1266,13:07:33,14.62,-0.01,1,1462,卖盘
1267,13:07:24,14.63,--,1,1463,买盘
1268,13:07:18,14.63,0.01,2,2926,中性盘
1269,13:07:12,14.62,-0.03,30,43860,卖盘
1270,13:07:09,14.65,--,2,2930,卖盘
1271,13:07:03,14.65,-0.01,5,7325,卖盘
1272,13:07:00,14.66,0.04,39,57174,买盘
1273,13:06:54,14.62,-0.01,38,55556,卖盘
1274,13:06:51,14.63,0.01,14,20482,买盘
1275,13:06:45,14.62,--,40,58480,卖盘
1276,13:06:39,14.62,-0.01,20,29240,卖盘
1277,13:06:36,14.63,--,10,14630,买盘
1278,13:06:33,14.63,0.01,34,49742,买盘
1279,13:06:27,14.62,-0.01,10,14620,卖盘
1280,13:06:21,14.63,--,30,43890,买盘
1281,13:06:09,14.63,0.01,2,2926,买盘
1282,13:06:00,14.62,--,21,30702,卖盘
1283,13:05:51,14.62,-0.01,10,14620,卖盘
1284,13:05:48,14.63,0.01,31,45353,买盘
1285,13:05:33,14.62,-0.01,6,8772,卖盘
1286,13:05:21,14.63,--,10,14630,买盘
1287,13:05:15,14.63,--,148,216524,卖盘
1288,13:05:00,14.63,-0.01,2,2926,卖盘
1289,13:04:57,14.64,--,11,16104,买盘
1290,13:04:42,14.64,--,19,27816,买盘
1291,13:04:33,14.64,--,6,8784,买盘
1292,13:04:27,14.64,--,6,8784,买盘
1293,13:04:24,14.64,--,52,76128,卖盘
1294,13:04:21,14.64,--,20,29280,卖盘
1295,13:04:15,14.64,-0.01,10,14640,卖盘
1296,13:04:12,14.65,0.01,15,21975,买盘
1297,13:03:33,14.64,--,3,4392,卖盘
1298,13:03:30,14.64,--,30,43920,买盘
1299,13:03:24,14.64,--,10,14640,买盘
1300,13:03:18,14.64,0.01,4,5856,买盘
1301,13:03:15,14.63,--,1,1463,卖盘
1302,13:03:09,14.63,--,1,1463,卖盘
1303,13:02:36,14.63,--,20,29260,卖盘
1304,13:02:33,14.63,-0.01,11,16093,卖盘
1305,13:02:30,14.64,--,1,1464,买盘
1306,13:02:24,14.64,0.01,1,1464,买盘
1307,13:02:12,14.63,-0.01,21,30723,卖盘
1308,13:02:09,14.64,--,21,30744,买盘
1309,13:01:45,14.64,--,1,1464,买盘
1310,13:01:30,14.64,-0.01,5,7320,卖盘
1311,13:01:12,14.65,--,10,14650,买盘
1312,13:01:00,14.65,--,2,2930,买盘
1313,13:00:57,14.65,-0.01,9,13185,卖盘
1314,13:00:54,14.66,--,23,33718,买盘
1315,13:00:33,14.66,-0.01,25,36650,卖盘
1316,13:00:30,14.67,0.01,2,2934,买盘
1317,13:00:18,14.66,0.02,15,21990,买盘
1318,13:00:12,14.64,0.02,6,8784,买盘
1319,13:00:06,14.62,--,302,441524,卖盘
1320,13:00:03,14.62,--,525,767550,卖盘
1321,13:00:00,14.62,--,0,0,卖盘
1322,11:30:00,14.62,--,0,0,卖盘
1323,11:29:48,14.62,--,1,1462,卖盘
1324,11:29:42,14.62,--,3,4386,卖盘
1325,11:29:36,14.62,-0.02,18,26316,卖盘
1326,11:29:27,14.64,0.02,20,29280,买盘
1327,11:29:21,14.62,-0.02,10,14620,卖盘
1328,11:29:15,14.64,0.02,1,1464,买盘
1329,11:29:06,14.62,-0.03,20,29240,卖盘
1330,11:28:48,14.65,--,1,1465,买盘
1331,11:28:45,14.65,--,20,30252,卖盘
1332,11:28:36,14.65,--,4,5860,卖盘
1333,11:28:27,14.65,0.03,23,34207,买盘
1334,11:28:21,14.62,-0.01,22,32164,卖盘
1335,11:28:18,14.63,--,5,7315,买盘
1336,11:28:15,14.63,--,15,21945,买盘
1337,11:28:12,14.63,-0.01,226,331588,卖盘
1338,11:28:06,14.64,--,21,30744,卖盘
1339,11:28:00,14.64,--,1,1464,卖盘
1340,11:27:54,14.64,-0.01,5,7320,卖盘
1341,11:27:48,14.65,0.01,82,120130,买盘
1342,11:27:39,14.64,0.01,4,5856,买盘
1343,11:27:36,14.63,--,10,14630,卖盘
1344,11:27:27,14.63,--,18,26334,卖盘
1345,11:27:21,14.63,-0.01,5,7315,卖盘
1346,11:27:12,14.64,--,10,14640,买盘
1347,11:27:00,14.64,--,5,7320,买盘
1348,11:26:57,14.64,--,1,1464,买盘
1349,11:26:51,14.64,--,3,4392,买盘
1350,11:26:30,14.64,--,1,1464,买盘
1351,11:26:27,14.64,--,3,4392,买盘
1352,11:26:21,14.64,-0.01,11,16104,卖盘
1353,11:26:06,14.65,0.01,1,1465,买盘
1354,11:25:42,14.64,--,1,1464,卖盘
1355,11:25:39,14.64,0.01,5,7320,买盘
1356,11:25:36,14.63,-0.01,10,14630,卖盘
1357,11:25:21,14.64,--,13,19032,卖盘
1358,11:25:15,14.64,-0.02,3,4392,卖盘
1359,11:25:09,14.66,--,71,104086,买盘
1360,11:24:45,14.66,0.02,1,1466,买盘
1361,11:24:36,14.64,-0.02,7,10248,卖盘
1362,11:24:21,14.66,0.02,1,1466,买盘
1363,11:24:12,14.64,--,10,14640,卖盘
1364,11:23:57,14.64,--,7,10248,卖盘
1365,11:23:54,14.64,-0.02,10,14640,卖盘
1366,11:23:48,14.66,0.02,1,1466,买盘
1367,11:23:36,14.64,--,48,70272,卖盘
1368,11:23:30,14.64,-0.02,20,29280,卖盘
1369,11:23:24,14.66,-0.01,84,123144,卖盘
1370,11:23:21,14.67,0.01,1,1467,买盘
1371,11:23:15,14.66,0.01,43,63038,买盘
1372,11:23:12,14.65,--,490,717850,卖盘
1373,11:22:51,14.65,-0.01,60,87900,卖盘
1374,11:22:48,14.66,0.01,12,17592,买盘
1375,11:22:45,14.65,-0.01,10,14650,卖盘
1376,11:22:33,14.66,--,3,4398,卖盘
1377,11:22:18,14.66,-0.01,20,29320,卖盘
1378,11:22:15,14.67,0.01,87,127629,买盘
1379,11:22:12,14.66,--,20,29320,卖盘
1380,11:22:09,14.66,-0.01,1,1466,卖盘
1381,11:21:51,14.67,0.01,2,2934,买盘
1382,11:21:39,14.66,-0.01,1,1466,卖盘
1383,11:21:27,14.67,--,5,7335,买盘
1384,11:21:24,14.67,0.01,4,5868,买盘
1385,11:21:18,14.66,--,1,1466,卖盘
1386,11:21:15,14.66,-0.01,1,1466,中性盘
1387,11:21:03,14.67,0.02,22,32274,买盘
1388,11:21:00,14.65,--,15,21975,卖盘
1389,11:20:54,14.65,-0.01,5,7325,卖盘
1390,11:20:36,14.66,0.01,1,1466,买盘
1391,11:20:33,14.65,--,1,1465,卖盘
1392,11:20:27,14.65,--,475,695875,买盘
1393,11:20:18,14.65,0.01,3,4395,买盘
1394,11:20:12,14.64,-0.01,10,14640,卖盘
1395,11:20:09,14.65,--,4,5860,买盘
1396,11:19:48,14.65,0.01,1,1465,买盘
1397,11:19:45,14.64,--,14,20496,买盘
1398,11:19:27,14.64,--,51,74664,买盘
1399,11:19:24,14.64,--,1,1464,买盘
1400,11:19:18,14.64,--,1,1464,买盘
1401,11:19:15,14.64,--,2,2928,买盘
1402,11:19:09,14.64,--,10,14640,买盘
1403,11:18:57,14.64,--,7,10248,卖盘
1404,11:18:54,14.64,--,62,90768,买盘
1405,11:18:51,14.64,--,4,5856,买盘
1406,11:18:48,14.64,--,10,14640,买盘
1407,11:18:27,14.64,--,10,14640,买盘
1408,11:18:24,14.64,--,29,42456,买盘
1409,11:18:21,14.64,--,1,1464,买盘
1410,11:18:06,14.64,0.01,61,89304,买盘
1411,11:18:03,14.63,--,10,14630,卖盘
1412,11:18:00,14.63,--,10,14630,卖盘
1413,11:17:57,14.63,-0.01,3,4389,卖盘
1414,11:17:42,14.64,0.01,10,14640,买盘
1415,11:17:36,14.63,-0.01,90,131670,卖盘
1416,11:17:33,14.64,--,1,1464,买盘
1417,11:17:15,14.64,0.01,10,14640,买盘
1418,11:17:09,14.63,-0.01,12,17556,卖盘
1419,11:17:06,14.64,0.01,1,1464,买盘
1420,11:17:03,14.63,-0.01,15,21945,卖盘
1421,11:16:54,14.64,0.01,11,16104,买盘
1422,11:16:45,14.63,--,10,14630,卖盘
1423,11:16:42,14.63,-0.01,18,26334,卖盘
1424,11:16:39,14.64,--,3,4392,买盘
1425,11:16:33,14.64,--,9,13176,买盘
1426,11:16:24,14.64,--,4,5856,买盘
1427,11:16:18,14.64,--,1,1464,买盘
1428,11:16:15,14.64,--,73,106872,买盘
1429,11:16:12,14.64,--,26,38064,中性盘
1430,11:15:51,14.64,--,2,2928,买盘
1431,11:15:48,14.64,-0.01,54,79056,卖盘
1432,11:15:21,14.65,0.01,2,2930,买盘
1433,11:15:18,14.64,0.01,101,147864,买盘
1434,11:15:09,14.63,--,5,7315,卖盘
1435,11:15:03,14.63,--,49,72199,买盘
1436,11:15:00,14.63,--,5,7315,买盘
1437,11:14:57,14.63,--,5,7315,买盘
1438,11:14:54,14.63,--,31,45353,买盘
1439,11:14:51,14.63,--,10,14630,买盘
1440,11:14:42,14.63,--,49,71687,买盘
1441,11:14:39,14.63,-0.01,450,659300,卖盘
1442,11:14:33,14.64,--,19,27816,卖盘
1443,11:14:18,14.64,-0.01,11,16104,卖盘
1444,11:14:12,14.65,--,7,10255,买盘
1445,11:14:06,14.65,0.01,1,1465,买盘
1446,11:14:03,14.64,-0.01,12,17568,卖盘
1447,11:13:57,14.65,--,22,32230,买盘
1448,11:13:54,14.65,--,15,21975,买盘
1449,11:13:48,14.65,--,11,16115,买盘
1450,11:13:42,14.65,--,62,90830,买盘
1451,11:13:36,14.65,--,57,83505,买盘
1452,11:13:27,14.65,--,4,5860,买盘
1453,11:13:21,14.65,--,1,1465,买盘
1454,11:13:18,14.65,--,1,1465,买盘
1455,11:13:09,14.65,-0.02,57,83505,卖盘
1456,11:13:06,14.67,0.02,8,11736,买盘
1457,11:12:42,14.65,-0.02,40,58600,卖盘
1458,11:12:30,14.67,--,5,7335,买盘
1459,11:12:24,14.67,--,12,17604,卖盘
1460,11:12:21,14.67,-0.01,3,4401,卖盘
1461,11:12:03,14.68,0.01,1,1468,买盘
1462,11:11:51,14.67,-0.01,10,14670,卖盘
1463,11:11:48,14.68,0.01,50,73400,买盘
1464,11:11:42,14.67,-0.01,4,5868,卖盘
1465,11:11:39,14.68,--,1,1468,买盘
1466,11:11:36,14.68,0.01,21,30828,买盘
1467,11:11:33,14.67,0.02,64,93888,买盘
1468,11:11:30,14.65,--,27,39555,卖盘
1469,11:11:24,14.65,0.01,60,87900,买盘
1470,11:11:18,14.64,-0.01,5,7320,卖盘
1471,11:11:12,14.65,--,9,13185,买盘
1472,11:11:06,14.65,--,33,48345,买盘
1473,11:11:03,14.65,--,28,41020,买盘
1474,11:10:57,14.65,--,1,1465,买盘
1475,11:10:48,14.65,0.01,91,133315,买盘
1476,11:10:39,14.64,-0.01,1,1464,卖盘
1477,11:10:33,14.65,--,7,10255,买盘
1478,11:10:24,14.65,-0.01,20,29300,卖盘
1479,11:10:15,14.66,0.01,50,73300,买盘
1480,11:10:12,14.65,-0.01,18,26370,卖盘
1481,11:09:57,14.66,--,2,2932,买盘
1482,11:09:54,14.66,--,53,77698,卖盘
1483,11:09:48,14.66,--,30,43980,卖盘
1484,11:09:33,14.66,-0.01,12,17592,卖盘
1485,11:09:21,14.67,0.01,2,2934,买盘
1486,11:09:18,14.66,0.01,4,5864,买盘
1487,11:09:06,14.65,-0.01,3,4395,卖盘
1488,11:08:51,14.66,0.01,2,2932,买盘
1489,11:08:45,14.65,0.01,108,158806,买盘
1490,11:08:30,14.64,-0.01,0,497,卖盘
1491,11:08:27,14.65,--,2,2930,买盘
1492,11:08:24,14.65,0.01,7,10255,买盘
1493,11:08:21,14.64,--,5,7320,卖盘
1494,11:08:03,14.64,--,18,26352,卖盘
1495,11:08:00,14.64,--,11,16104,买盘
1496,11:07:57,14.64,-0.01,9,13176,卖盘
1497,11:07:48,14.65,--,3,4395,买盘
1498,11:07:24,14.65,--,68,99620,买盘
1499,11:07:15,14.65,--,3,4395,买盘
1500,11:07:06,14.65,0.01,2,2930,买盘
1501,11:07:03,14.64,--,18,26352,买盘
1502,11:07:00,14.64,-0.01,32,46848,卖盘
1503,11:06:51,14.65,--,6,8790,买盘
1504,11:06:48,14.65,0.01,6,8790,买盘
1505,11:06:45,14.64,-0.01,10,14640,卖盘
1506,11:06:33,14.65,--,0,879,卖盘
1507,11:06:30,14.65,--,38,55670,卖盘
1508,11:06:06,14.65,--,2,2930,卖盘
1509,11:06:03,14.65,--,21,31351,买盘
1510,11:05:45,14.65,-0.01,36,53619,卖盘
1511,11:05:42,14.66,0.01,1,1466,买盘
1512,11:05:33,14.65,--,50,73250,卖盘
1513,11:05:18,14.65,-0.01,2,2930,卖盘
1514,11:05:15,14.66,0.01,2,2932,买盘
1515,11:05:09,14.65,-0.01,22,32230,卖盘
1516,11:04:51,14.66,0.01,5,7330,买盘
1517,11:04:45,14.65,-0.01,1,1465,卖盘
1518,11:04:36,14.66,0.01,21,30786,买盘
1519,11:04:24,14.65,--,10,14650,卖盘
1520,11:03:57,14.65,0.02,129,189571,买盘
1521,11:03:45,14.63,-0.01,18,26334,卖盘
1522,11:03:39,14.64,--,1,1464,买盘
1523,11:03:36,14.64,--,2,2928,买盘
1524,11:03:33,14.64,0.01,1,1464,中性盘
1525,11:03:24,14.63,-0.01,100,146300,卖盘
1526,11:03:18,14.64,--,2,2928,卖盘
1527,11:03:15,14.64,0.01,12,17568,买盘
1528,11:03:09,14.63,-0.01,50,73150,卖盘
1529,11:03:06,14.64,--,5,7320,买盘
1530,11:03:03,14.64,--,1,1464,买盘
1531,11:03:00,14.64,0.01,2,2928,买盘
1532,11:02:57,14.63,--,20,29260,卖盘
1533,11:02:54,14.63,--,1,1477,卖盘
1534,11:02:51,14.63,--,20,29260,卖盘
1535,11:02:45,14.63,--,5,7315,卖盘
1536,11:02:42,14.63,--,29,42427,买盘
1537,11:02:33,14.63,--,10,14630,买盘
1538,11:02:30,14.63,--,8,11704,买盘
1539,11:02:03,14.63,-0.02,23,33649,卖盘
1540,11:01:45,14.65,--,5,7325,买盘
1541,11:01:39,14.65,0.03,68,99620,买盘
1542,11:01:24,14.62,--,30,43860,卖盘
1543,11:01:15,14.62,--,18,27690,买盘
1544,11:01:12,14.62,--,2,2924,买盘
1545,11:01:06,14.62,--,37,54094,买盘
1546,11:01:03,14.62,--,9,13158,买盘
1547,11:00:57,14.62,--,44,64328,买盘
1548,11:00:54,14.62,--,10,14620,买盘
1549,11:00:51,14.62,-0.01,29,42485,卖盘
1550,11:00:48,14.63,0.01,1,1463,买盘
1551,11:00:39,14.62,-0.01,50,73100,卖盘
1552,11:00:33,14.63,0.01,21,32098,买盘
1553,11:00:30,14.62,-0.01,30,43947,卖盘
1554,11:00:24,14.63,--,2,2926,买盘
1555,11:00:18,14.63,--,6,8778,买盘
1556,11:00:15,14.63,--,3,4389,卖盘
1557,11:00:09,14.63,--,4,5852,卖盘
1558,11:00:06,14.63,-0.02,5,7315,卖盘
1559,11:00:00,14.65,--,1,1465,买盘
1560,10:59:54,14.65,0.03,9,13185,买盘
1561,10:59:51,14.62,-0.03,1,1462,卖盘
1562,10:59:48,14.65,0.03,2,2930,买盘
1563,10:59:39,14.62,--,5,8684,买盘
1564,10:59:33,14.62,0.01,120,175440,买盘
1565,10:59:30,14.61,-0.01,936,1367496,卖盘
1566,10:59:27,14.62,--,10,14620,买盘
1567,10:59:24,14.62,--,11,16082,买盘
1568,10:59:21,14.62,--,7,10234,买盘
1569,10:59:12,14.62,--,4,5848,买盘
1570,10:59:09,14.62,--,12,17544,买盘
1571,10:59:06,14.62,0.01,40,58480,买盘
1572,10:59:03,14.61,-0.01,1,1461,卖盘
1573,10:58:57,14.62,--,3,4386,买盘
1574,10:58:54,14.62,0.01,6,8772,买盘
1575,10:58:51,14.61,--,8,11688,卖盘
1576,10:58:48,14.61,-0.01,22,32142,卖盘
1577,10:58:45,14.62,--,50,73100,买盘
1578,10:58:42,14.62,--,45,65790,买盘
1579,10:58:39,14.62,-0.02,399,583425,卖盘
1580,10:58:33,14.64,--,3,4392,买盘
1581,10:58:30,14.64,0.01,10,16016,买盘
1582,10:58:27,14.63,--,10,14630,买盘
1583,10:58:24,14.63,-0.01,64,93719,卖盘
1584,10:58:18,14.64,--,1,1464,买盘
1585,10:58:15,14.64,0.01,10,14640,买盘
1586,10:58:09,14.63,-0.01,1,1463,卖盘
1587,10:57:54,14.64,--,20,29280,买盘
1588,10:57:51,14.64,0.01,39,57096,卖盘
1589,10:57:42,14.63,-0.01,80,118415,卖盘
1590,10:57:27,14.64,0.01,15,21960,买盘
1591,10:57:21,14.63,-0.01,22,32186,卖盘
1592,10:57:06,14.64,--,10,14640,买盘
1593,10:56:57,14.64,--,1,1464,买盘
1594,10:56:48,14.64,--,4,5856,卖盘
1595,10:56:30,14.64,0.01,1,1464,中性盘
1596,10:56:27,14.63,-0.01,12,17556,卖盘
1597,10:56:24,14.64,0.01,2,4289,买盘
1598,10:55:57,14.63,--,20,29260,卖盘
1599,10:55:54,14.63,--,10,14630,卖盘
1600,10:55:51,14.63,--,7,10241,卖盘
1601,10:55:30,14.63,0.01,73,106799,买盘
1602,10:55:27,14.62,-0.01,13,19006,卖盘
1603,10:55:24,14.63,0.01,14,20482,买盘
1604,10:55:09,14.62,-0.01,23,33626,卖盘
1605,10:55:06,14.63,--,1,1463,买盘
1606,10:55:00,14.63,--,2,2926,买盘
1607,10:54:57,14.63,--,4,5852,买盘
1608,10:54:54,14.63,0.01,21,30723,买盘
1609,10:54:51,14.62,-0.01,1,1462,卖盘
1610,10:54:45,14.63,-0.01,2,2926,卖盘
1611,10:54:39,14.64,0.01,15,21960,买盘
1612,10:54:33,14.63,--,92,134596,卖盘
1613,10:54:24,14.63,--,4,5852,卖盘
1614,10:54:21,14.63,-0.01,19,27797,卖盘
1615,10:54:18,14.64,--,5,7320,买盘
1616,10:54:03,14.64,--,3,4392,买盘
1617,10:53:51,14.64,--,1,1464,买盘
1618,10:53:48,14.64,--,29,42558,卖盘
1619,10:53:42,14.64,--,40,58560,卖盘
1620,10:53:27,14.64,--,1,2825,卖盘
1621,10:53:06,14.64,--,21,30744,卖盘
1622,10:53:03,14.64,-0.01,21,30744,卖盘
1623,10:53:00,14.65,--,3,4395,买盘
1624,10:52:51,14.65,--,17,25007,卖盘
1625,10:52:48,14.65,--,21,30765,卖盘
1626,10:52:42,14.65,--,21,30765,卖盘
1627,10:52:33,14.65,-0.03,500,732500,卖盘
1628,10:52:24,14.68,--,1,1468,买盘
1629,10:52:18,14.68,0.01,3,4404,中性盘
1630,10:52:00,14.67,-0.02,1,1467,卖盘
1631,10:51:57,14.69,--,30,44070,买盘
1632,10:51:48,14.69,0.02,5,7345,买盘
1633,10:51:42,14.67,--,1,1467,卖盘
1634,10:51:30,14.67,-0.02,3,4401,卖盘
1635,10:51:27,14.69,--,2,2938,买盘
1636,10:51:15,14.69,0.02,107,157183,买盘
1637,10:51:12,14.67,0.01,106,155502,买盘
1638,10:51:00,14.66,-0.01,18,26388,卖盘
1639,10:50:54,14.67,--,17,24939,买盘
1640,10:50:42,14.67,0.01,4,5868,买盘
1641,10:50:36,14.66,-0.01,1,1466,卖盘
1642,10:50:33,14.67,--,22,32274,买盘
1643,10:50:30,14.67,--,2,2934,买盘
1644,10:50:27,14.67,--,1,1467,买盘
1645,10:50:15,14.67,--,5,7335,买盘
1646,10:50:06,14.67,--,2,2934,买盘
1647,10:49:57,14.67,-0.02,22,32274,卖盘
1648,10:49:48,14.69,--,20,29380,买盘
1649,10:49:42,14.69,--,2,2938,买盘
1650,10:49:30,14.69,0.01,41,60229,买盘
1651,10:49:27,14.68,0.01,55,80740,买盘
1652,10:49:24,14.67,-0.01,6,8802,卖盘
1653,10:49:15,14.68,0.01,2,2936,买盘
1654,10:49:09,14.67,--,20,29340,卖盘
1655,10:48:57,14.67,--,14,20538,买盘
1656,10:48:51,14.67,-0.01,10,14670,卖盘
1657,10:48:45,14.68,--,9,13212,买盘
1658,10:48:36,14.68,--,2,2936,买盘
1659,10:48:33,14.68,-0.01,13,19084,卖盘
1660,10:48:06,14.69,0.01,2,2938,买盘
1661,10:48:00,14.68,0.02,2,2936,买盘
1662,10:47:54,14.66,-0.02,10,14660,卖盘
1663,10:47:48,14.68,-0.01,2,2936,买盘
1664,10:47:45,14.69,0.01,10,14690,买盘
1665,10:47:39,14.68,-0.01,4,5872,卖盘
1666,10:47:36,14.69,0.01,2,2938,买盘
1667,10:47:33,14.68,-0.01,2,2936,卖盘
1668,10:47:30,14.69,0.01,7,10283,买盘
1669,10:47:18,14.68,--,2,2936,卖盘
1670,10:47:15,14.68,0.02,8,11744,中性盘
1671,10:47:12,14.66,--,2,2932,卖盘
1672,10:47:09,14.66,-0.03,4,5864,卖盘
1673,10:46:51,14.69,0.04,47,69043,买盘
1674,10:46:45,14.65,-0.05,13,19045,卖盘
1675,10:46:33,14.7,--,21,30870,买盘
1676,10:46:30,14.7,0.01,21,30870,买盘
1677,10:46:24,14.69,0.04,17,24973,买盘
1678,10:46:18,14.65,-0.04,502,735430,卖盘
1679,10:46:15,14.69,0.01,21,30849,买盘
1680,10:46:03,14.68,--,8,11744,卖盘
1681,10:45:51,14.68,--,5,7340,卖盘
1682,10:45:42,14.68,-0.01,20,29360,卖盘
1683,10:45:39,14.69,--,5,7345,买盘
1684,10:45:18,14.69,--,5,7345,卖盘
1685,10:45:00,14.69,--,1,1469,卖盘
1686,10:44:57,14.69,--,48,70512,买盘
1687,10:44:51,14.69,0.01,10,14690,买盘
1688,10:44:36,14.68,-0.01,28,41104,卖盘
1689,10:44:21,14.69,--,5,7345,买盘
1690,10:44:18,14.69,--,10,14690,买盘
1691,10:44:12,14.69,--,3,4407,卖盘
1692,10:44:09,14.69,--,7,10283,买盘
1693,10:44:00,14.69,-0.01,10,14690,中性盘
1694,10:43:54,14.7,0.01,5,7350,买盘
1695,10:43:45,14.69,-0.01,2,2938,中性盘
1696,10:43:36,14.7,--,20,29400,买盘
1697,10:43:33,14.7,0.01,44,64680,买盘
1698,10:43:30,14.69,--,20,29380,卖盘
1699,10:43:24,14.69,-0.01,10,14690,卖盘
1700,10:43:21,14.7,--,17,24990,买盘
1701,10:43:18,14.7,0.01,40,58800,买盘
1702,10:43:12,14.69,--,6,8814,卖盘
1703,10:43:06,14.69,--,1,1469,卖盘
1704,10:43:03,14.69,--,6,8814,卖盘
1705,10:43:00,14.69,--,7,10283,卖盘
1706,10:42:51,14.69,0.01,6,8814,中性盘
1707,10:42:39,14.68,-0.01,43,63124,卖盘
1708,10:42:36,14.69,--,21,30849,卖盘
1709,10:42:33,14.69,-0.01,21,30849,卖盘
1710,10:42:30,14.7,--,19,27930,买盘
1711,10:42:24,14.7,--,2,2940,买盘
1712,10:42:06,14.7,--,100,147000,买盘
1713,10:41:57,14.7,0.01,4,5880,买盘
1714,10:41:51,14.69,--,5,7345,卖盘
1715,10:41:48,14.69,-0.01,14,20566,卖盘
1716,10:41:36,14.7,0.01,30,44100,买盘
1717,10:41:33,14.69,--,3,4407,买盘
1718,10:41:27,14.69,0.01,3,4407,买盘
1719,10:41:24,14.68,-0.01,14,20552,卖盘
1720,10:41:09,14.69,--,5,7345,买盘
1721,10:41:06,14.69,0.01,2,2938,买盘
1722,10:41:03,14.68,--,20,29360,卖盘
1723,10:41:00,14.68,--,5,7340,卖盘
1724,10:40:39,14.68,--,40,58720,卖盘
1725,10:40:36,14.68,--,15,22020,卖盘
1726,10:40:33,14.68,--,3,4404,卖盘
1727,10:40:24,14.68,--,18,26424,卖盘
1728,10:40:21,14.68,--,20,29360,买盘
1729,10:40:18,14.68,--,6,8808,买盘
1730,10:40:15,14.68,--,6,8808,买盘
1731,10:40:06,14.68,0.01,8,11744,中性盘
1732,10:40:03,14.67,-0.01,5,7335,卖盘
1733,10:39:48,14.68,-0.02,32,48341,卖盘
1734,10:39:45,14.7,0.02,2,2940,买盘
1735,10:39:42,14.68,--,21,30828,卖盘
1736,10:39:39,14.68,0.01,88,129184,卖盘
1737,10:39:36,14.67,--,3,4401,卖盘
1738,10:39:30,14.67,--,21,30807,卖盘
1739,10:39:27,14.67,-0.02,21,30807,卖盘
1740,10:39:24,14.69,0.01,49,71981,买盘
1741,10:39:21,14.68,0.01,2,2936,中性盘
1742,10:39:18,14.67,-0.01,42,61614,卖盘
1743,10:39:06,14.68,--,50,73400,买盘
1744,10:39:03,14.68,--,7,10276,买盘
1745,10:39:00,14.68,--,11,16148,买盘
1746,10:38:57,14.68,--,2,2936,买盘
1747,10:38:39,14.68,--,1,1468,买盘
1748,10:38:36,14.68,--,4,5872,买盘
1749,10:38:33,14.68,--,23,33764,买盘
1750,10:38:30,14.68,0.01,9,13212,买盘
1751,10:38:27,14.67,-0.02,245,359415,卖盘
1752,10:38:24,14.69,--,1,1469,买盘
1753,10:38:21,14.69,0.01,20,29380,买盘
1754,10:38:18,14.68,-0.01,24,35232,卖盘
1755,10:38:09,14.69,0.01,30,44070,买盘
1756,10:37:57,14.68,--,30,44040,买盘
1757,10:37:51,14.68,-0.01,25,36700,卖盘
1758,10:37:45,14.69,--,27,39663,买盘
1759,10:37:33,14.69,--,7,10283,买盘
1760,10:37:12,14.69,-0.01,2,2938,中性盘
1761,10:37:06,14.7,--,12,17640,买盘
1762,10:37:03,14.7,0.01,3,4410,买盘
1763,10:36:57,14.69,-0.01,1,1469,卖盘
1764,10:36:54,14.7,-0.01,131,192570,卖盘
1765,10:36:51,14.71,0.01,6,8826,买盘
1766,10:36:33,14.7,-0.01,10,14700,卖盘
1767,10:36:30,14.71,--,6,8826,买盘
1768,10:36:27,14.71,0.01,5,7355,中性盘
1769,10:36:21,14.7,--,10,14700,卖盘
1770,10:36:15,14.7,--,20,29400,卖盘
1771,10:36:12,14.7,--,5,7350,卖盘
1772,10:36:09,14.7,--,23,33810,卖盘
1773,10:36:00,14.7,--,12,17640,卖盘
1774,10:35:54,14.7,-0.02,20,29400,卖盘
1775,10:35:48,14.72,0.01,40,58880,买盘
1776,10:35:39,14.71,0.01,21,30891,中性盘
1777,10:35:30,14.7,-0.02,5,7350,卖盘
1778,10:35:27,14.72,-0.01,50,73600,买盘
1779,10:35:15,14.73,0.01,136,200328,买盘
1780,10:35:09,14.72,--,18,26496,卖盘
1781,10:35:03,14.72,--,8,11776,买盘
1782,10:35:00,14.72,-0.01,54,79488,卖盘
1783,10:34:54,14.73,0.01,195,287235,买盘
1784,10:34:51,14.72,0.02,15,22080,买盘
1785,10:34:48,14.7,-0.02,22,32340,卖盘
1786,10:34:45,14.72,--,15,22080,卖盘
1787,10:34:39,14.72,0.02,4,5888,中性盘
1788,10:34:36,14.7,-0.02,29,42630,卖盘
1789,10:34:33,14.72,0.02,103,151616,买盘
1790,10:34:30,14.7,-0.02,25,36750,卖盘
1791,10:34:24,14.72,--,29,42688,买盘
1792,10:34:18,14.72,--,2,2944,买盘
1793,10:34:09,14.72,--,10,14720,买盘
1794,10:34:06,14.72,-0.01,10,14720,买盘
1795,10:34:03,14.73,--,5,7365,买盘
1796,10:34:00,14.73,0.01,20,29460,买盘
1797,10:33:54,14.72,--,10,14720,卖盘
1798,10:33:51,14.72,--,127,186944,卖盘
1799,10:33:48,14.72,-0.01,33,48576,卖盘
1800,10:33:45,14.73,--,3,4419,买盘
1801,10:33:42,14.73,0.01,50,73650,买盘
1802,10:33:39,14.72,--,59,86848,卖盘
1803,10:33:33,14.72,--,5,7360,卖盘
1804,10:33:30,14.72,-0.01,46,67712,卖盘
1805,10:33:27,14.73,0.01,50,73650,买盘
1806,10:33:24,14.72,--,28,41216,买盘
1807,10:33:21,14.72,-0.01,8,11776,卖盘
1808,10:33:18,14.73,0.03,56,82488,买盘
1809,10:33:15,14.7,-0.02,45,66150,卖盘
1810,10:33:09,14.72,--,7,10304,买盘
1811,10:33:06,14.72,-0.01,9,13248,中性盘
1812,10:32:57,14.73,0.01,26,38298,买盘
1813,10:32:51,14.72,--,21,30912,买盘
1814,10:32:48,14.72,0.03,265,390080,买盘
1815,10:32:42,14.69,--,105,154245,卖盘
1816,10:32:33,14.69,--,20,29380,卖盘
1817,10:32:30,14.69,0.02,309,454082,买盘
1818,10:32:27,14.67,--,18,26406,中性盘
1819,10:32:15,14.67,--,52,76284,买盘
1820,10:32:09,14.67,--,8,11736,买盘
1821,10:32:06,14.67,--,12,17604,买盘
1822,10:32:00,14.67,0.01,1,1467,买盘
1823,10:31:57,14.66,-0.01,18,26388,卖盘
1824,10:31:54,14.67,--,19,27873,买盘
1825,10:31:51,14.67,0.01,23,33741,买盘
1826,10:31:42,14.66,-0.01,1,1466,卖盘
1827,10:31:39,14.67,0.02,2,2934,买盘
1828,10:31:33,14.65,-0.01,15,21975,卖盘
1829,10:31:30,14.66,--,2,2932,买盘
1830,10:31:24,14.66,--,7,10262,买盘
1831,10:31:21,14.66,0.01,21,30786,买盘
1832,10:31:18,14.65,--,31,45415,买盘
1833,10:31:15,14.65,--,20,29300,买盘
1834,10:31:12,14.65,0.01,21,30765,买盘
1835,10:31:09,14.64,--,2,2928,卖盘
1836,10:31:00,14.64,0.01,216,316224,买盘
1837,10:30:57,14.63,-0.03,21,30723,买盘
1838,10:30:51,14.66,0.03,21,30786,买盘
1839,10:30:45,14.63,--,2,2926,买盘
1840,10:30:42,14.63,-0.01,31,45353,卖盘
1841,10:30:39,14.64,-0.01,70,102480,卖盘
1842,10:30:36,14.65,0.02,233,341345,买盘
1843,10:30:33,14.63,--,31,45353,卖盘
1844,10:30:27,14.63,--,173,253099,卖盘
1845,10:30:24,14.63,-0.01,126,184338,卖盘
1846,10:30:21,14.64,0.02,84,122976,买盘
1847,10:30:18,14.62,-0.01,88,128656,卖盘
1848,10:30:15,14.63,0.02,21,30723,买盘
1849,10:30:09,14.61,-0.01,33,48213,卖盘
1850,10:30:03,14.62,0.01,6,8772,买盘
1851,10:29:57,14.61,--,76,111036,卖盘
1852,10:29:54,14.61,-0.01,18,26298,卖盘
1853,10:29:51,14.62,--,135,197370,买盘
1854,10:29:45,14.62,--,125,182750,买盘
1855,10:29:39,14.62,0.01,2,2924,买盘
1856,10:29:36,14.61,--,60,87660,卖盘
1857,10:29:33,14.61,-0.01,15,21915,卖盘
1858,10:29:21,14.62,--,2,2924,买盘
1859,10:29:18,14.62,--,9,13158,买盘
1860,10:29:15,14.62,--,65,95030,买盘
1861,10:29:12,14.62,--,3,4386,买盘
1862,10:29:09,14.62,--,5,7310,买盘
1863,10:29:06,14.62,0.01,105,153510,买盘
1864,10:29:00,14.61,--,1,1461,卖盘
1865,10:28:54,14.61,--,1,1461,卖盘
1866,10:28:45,14.61,-0.01,61,89121,卖盘
1867,10:28:39,14.62,0.01,5,7310,买盘
1868,10:28:33,14.61,-0.02,267,390087,卖盘
1869,10:28:30,14.63,0.01,1,1463,买盘
1870,10:28:24,14.62,--,25,36550,卖盘
1871,10:28:21,14.62,-0.01,40,58480,卖盘
1872,10:28:18,14.63,--,18,26334,中性盘
1873,10:28:12,14.63,--,36,52668,卖盘
1874,10:27:57,14.63,-0.01,34,49742,卖盘
1875,10:27:54,14.64,0.01,2,2928,买盘
1876,10:27:51,14.63,0.01,5,7315,卖盘
1877,10:27:48,14.62,-0.01,18,26316,卖盘
1878,10:27:45,14.63,--,4,5852,买盘
1879,10:27:42,14.63,0.01,6,8778,买盘
1880,10:27:39,14.62,-0.01,20,29240,卖盘
1881,10:27:27,14.63,0.01,1,1463,中性盘
1882,10:27:21,14.62,-0.02,24,35088,卖盘
1883,10:27:18,14.64,0.01,2,2928,买盘
1884,10:27:15,14.63,--,17,24871,买盘
1885,10:27:12,14.63,-0.01,12,17556,卖盘
1886,10:27:09,14.64,0.01,52,76128,买盘
1887,10:27:06,14.63,--,10,14630,卖盘
1888,10:27:00,14.63,-0.01,39,57057,卖盘
1889,10:26:51,14.64,0.01,2,2928,买盘
1890,10:26:45,14.63,--,1,1463,买盘
1891,10:26:42,14.63,--,2,2926,买盘
1892,10:26:39,14.63,0.01,20,29260,买盘
1893,10:26:36,14.62,-0.01,13,19006,卖盘
1894,10:26:24,14.63,0.01,10,14630,中性盘
1895,10:26:18,14.62,-0.01,129,188598,卖盘
1896,10:26:15,14.63,-0.01,8,11704,卖盘
1897,10:26:09,14.64,0.01,17,24888,买盘
1898,10:25:57,14.63,-0.01,30,43890,卖盘
1899,10:25:54,14.64,0.01,8,11712,买盘
1900,10:25:51,14.63,-0.01,5,7315,卖盘
1901,10:25:48,14.64,0.01,19,27816,买盘
1902,10:25:39,14.63,--,20,29260,卖盘
1903,10:25:36,14.63,--,2,2926,卖盘
1904,10:25:30,14.63,--,5,7315,卖盘
1905,10:25:24,14.63,-0.01,10,14630,卖盘
1906,10:25:12,14.64,--,2,2928,买盘
1907,10:25:03,14.64,--,2,2928,买盘
1908,10:24:48,14.64,-0.01,26,38166,卖盘
1909,10:24:45,14.65,0.01,6,8790,买盘
1910,10:24:39,14.64,--,13,19032,卖盘
1911,10:24:33,14.64,--,22,32208,卖盘
1912,10:24:30,14.64,-0.01,51,74664,卖盘
1913,10:24:27,14.65,--,9,13185,买盘
1914,10:24:18,14.65,0.01,2,2930,买盘
1915,10:24:15,14.64,-0.01,100,146400,卖盘
1916,10:24:06,14.65,--,2,2930,买盘
1917,10:23:54,14.65,-0.01,58,84970,卖盘
1918,10:23:39,14.66,--,5,7330,卖盘
1919,10:23:36,14.66,--,34,49844,卖盘
1920,10:23:33,14.66,0.01,16,23456,买盘
1921,10:23:30,14.65,-0.01,13,19045,卖盘
1922,10:23:21,14.66,--,1,1466,买盘
1923,10:23:12,14.66,--,2,2932,买盘
1924,10:23:09,14.66,--,1,1466,买盘
1925,10:23:06,14.66,0.01,50,73300,买盘
1926,10:23:03,14.65,-0.01,3,4395,卖盘
1927,10:23:00,14.66,0.01,5,7330,买盘
1928,10:22:42,14.65,0.01,40,58600,买盘
1929,10:22:39,14.64,--,5,7320,卖盘
1930,10:22:36,14.64,--,3,4392,卖盘
1931,10:22:30,14.64,--,5,7320,卖盘
1932,10:22:27,14.64,--,20,29280,卖盘
1933,10:22:21,14.64,-0.01,1,1464,卖盘
1934,10:22:15,14.65,0.01,2,2930,买盘
1935,10:22:12,14.64,0.01,30,45281,买盘
1936,10:22:06,14.63,-0.01,2,2926,卖盘
1937,10:22:03,14.64,--,25,36600,买盘
1938,10:22:00,14.64,--,7,10248,买盘
1939,10:21:51,14.64,--,2,2928,买盘
1940,10:21:48,14.64,--,2,2928,买盘
1941,10:21:45,14.64,--,5,7320,买盘
1942,10:21:42,14.64,0.01,45,65880,买盘
1943,10:21:39,14.63,-0.01,8,11704,卖盘
1944,10:21:30,14.64,0.01,10,14640,买盘
1945,10:21:27,14.63,-0.01,18,26334,卖盘
1946,10:21:18,14.64,0.01,2,2928,买盘
1947,10:21:09,14.63,0.01,7,10241,买盘
1948,10:21:06,14.62,--,9,13158,卖盘
1949,10:20:57,14.62,-0.01,30,43860,卖盘
1950,10:20:54,14.63,--,5,7315,买盘
1951,10:20:51,14.63,--,3,4389,买盘
1952,10:20:48,14.63,0.01,2,2926,买盘
1953,10:20:42,14.62,-0.01,266,388892,卖盘
1954,10:20:39,14.63,--,4,5852,买盘
1955,10:20:33,14.63,--,2,2926,买盘
1956,10:20:30,14.63,-0.01,14,20482,卖盘
1957,10:20:24,14.64,0.01,3,4392,买盘
1958,10:20:21,14.63,--,1,1463,买盘
1959,10:20:15,14.63,--,15,21945,买盘
1960,10:20:06,14.63,--,10,14630,买盘
1961,10:20:00,14.63,--,77,112651,买盘
1962,10:19:48,14.63,--,3,4389,买盘
1963,10:19:42,14.63,--,14,20482,买盘
1964,10:19:39,14.63,--,3,4389,买盘
1965,10:19:36,14.63,--,2,2926,买盘
1966,10:19:33,14.63,--,27,39501,买盘
1967,10:19:21,14.63,0.01,55,80465,买盘
1968,10:19:18,14.62,--,28,40936,卖盘
1969,10:19:12,14.62,-0.01,40,58480,卖盘
1970,10:19:09,14.63,0.01,2,2926,买盘
1971,10:19:03,14.62,--,7,10234,卖盘
1972,10:19:00,14.62,--,23,33626,买盘
1973,10:18:54,14.62,--,1,1462,买盘
1974,10:18:51,14.62,--,250,365500,买盘
1975,10:18:45,14.62,--,95,138890,买盘
1976,10:18:42,14.62,0.01,79,115498,买盘
1977,10:18:39,14.61,-0.01,55,80355,卖盘
1978,10:18:33,14.62,--,10,14620,买盘
1979,10:18:24,14.62,0.01,7,10234,买盘
1980,10:18:21,14.61,-0.01,8,11688,卖盘
1981,10:18:18,14.62,--,9,13158,买盘
1982,10:18:09,14.62,--,8,11696,买盘
1983,10:18:03,14.62,--,2,2924,买盘
1984,10:17:57,14.62,0.01,5,7310,买盘
1985,10:17:51,14.61,--,43,62823,卖盘
1986,10:17:48,14.61,-0.01,10,14610,卖盘
1987,10:17:45,14.62,--,22,32164,买盘
1988,10:17:42,14.62,--,21,30702,买盘
1989,10:17:39,14.62,--,5,7310,买盘
1990,10:17:36,14.62,0.01,22,32164,买盘
1991,10:17:33,14.61,-0.01,12,17532,卖盘
1992,10:17:30,14.62,0.01,1,1462,买盘
1993,10:17:27,14.61,-0.01,20,29220,卖盘
1994,10:17:24,14.62,--,20,29240,买盘
1995,10:17:21,14.62,--,5,7310,买盘
1996,10:17:18,14.62,--,70,102340,卖盘
1997,10:17:12,14.62,--,18,26316,卖盘
1998,10:17:03,14.62,--,2,2924,卖盘
1999,10:17:00,14.62,-0.01,10,14620,卖盘
2000,10:16:51,14.63,0.01,2,2926,买盘
2001,10:16:48,14.62,--,22,32164,卖盘
2002,10:16:45,14.62,-0.01,5,7310,卖盘
2003,10:16:42,14.63,0.01,100,146300,买盘
2004,10:16:33,14.62,-0.01,91,133042,卖盘
2005,10:16:30,14.63,-0.01,1,1463,卖盘
2006,10:16:27,14.64,0.01,2,2928,买盘
2007,10:16:24,14.63,0.01,4,5852,买盘
2008,10:16:21,14.62,-0.01,348,508776,卖盘
2009,10:16:18,14.63,--,68,99484,买盘
2010,10:16:12,14.63,--,25,36575,买盘
2011,10:16:03,14.63,0.01,4,5852,中性盘
2012,10:15:57,14.62,--,20,29240,卖盘
2013,10:15:51,14.62,-0.02,55,80410,卖盘
2014,10:15:48,14.64,0.01,81,118584,买盘
2015,10:15:45,14.63,0.01,10,14630,买盘
2016,10:15:42,14.62,--,51,74562,卖盘
2017,10:15:39,14.62,-0.01,17,24854,卖盘
2018,10:15:36,14.63,0.01,3,4389,买盘
2019,10:15:33,14.62,--,14,20468,卖盘
2020,10:15:27,14.62,--,6,8772,卖盘
2021,10:15:21,14.62,-0.01,30,43860,卖盘
2022,10:15:18,14.63,0.01,1,1463,买盘
2023,10:15:15,14.62,--,22,32164,卖盘
2024,10:15:12,14.62,--,7,10234,卖盘
2025,10:15:09,14.62,--,12,17544,卖盘
2026,10:15:06,14.62,-0.01,18,26316,卖盘
2027,10:14:54,14.63,--,12,17556,买盘
2028,10:14:51,14.63,--,11,16093,买盘
2029,10:14:48,14.63,--,2,2926,买盘
2030,10:14:45,14.63,--,2,2926,买盘
2031,10:14:42,14.63,--,5,7315,买盘
2032,10:14:39,14.63,--,165,241497,卖盘
2033,10:14:36,14.63,-0.02,100,146300,卖盘
2034,10:14:24,14.65,0.01,46,67390,买盘
2035,10:14:21,14.64,--,25,36600,买盘
2036,10:14:18,14.64,0.01,51,74664,买盘
2037,10:14:15,14.63,--,36,52668,卖盘
2038,10:14:00,14.63,-0.01,49,71687,卖盘
2039,10:13:57,14.64,-0.01,11,16104,卖盘
2040,10:13:48,14.65,--,2,2930,买盘
2041,10:13:39,14.65,0.01,1,1465,买盘
2042,10:13:36,14.64,-0.01,10,14640,卖盘
2043,10:13:24,14.65,0.01,22,32230,买盘
2044,10:13:21,14.64,--,4,5856,卖盘
2045,10:13:03,14.64,0.01,7,10248,买盘
2046,10:13:00,14.63,-0.01,56,81928,卖盘
2047,10:12:57,14.64,0.01,18,26352,买盘
2048,10:12:54,14.63,-0.01,9,13167,卖盘
2049,10:12:51,14.64,--,5,7320,买盘
2050,10:12:48,14.64,0.01,37,54168,买盘
2051,10:12:42,14.63,--,4,5852,卖盘
2052,10:12:39,14.63,--,4,5852,卖盘
2053,10:12:36,14.63,-0.01,15,21945,卖盘
2054,10:12:33,14.64,--,5,7320,买盘
2055,10:12:30,14.64,--,11,16104,买盘
2056,10:12:24,14.64,0.01,15,21960,买盘
2057,10:12:18,14.63,-0.01,53,77539,卖盘
2058,10:12:15,14.64,--,30,43920,买盘
2059,10:12:12,14.64,0.01,16,23424,买盘
2060,10:12:09,14.63,--,10,14630,卖盘
2061,10:12:06,14.63,--,1,1463,卖盘
2062,10:12:03,14.63,--,12,17556,卖盘
2063,10:11:54,14.63,--,68,99484,卖盘
2064,10:11:39,14.63,--,55,81825,买盘
2065,10:11:33,14.63,--,48,70224,买盘
2066,10:11:27,14.63,--,55,80465,买盘
2067,10:11:24,14.63,--,1,1463,买盘
2068,10:11:18,14.63,--,5,7315,买盘
2069,10:11:15,14.63,--,29,42427,卖盘
2070,10:11:06,14.63,--,5,7315,中性盘
2071,10:11:03,14.63,--,213,311619,买盘
2072,10:11:00,14.63,--,228,333564,卖盘
2073,10:10:54,14.63,-0.01,18,26334,卖盘
2074,10:10:51,14.64,0.01,10,14640,买盘
2075,10:10:48,14.63,--,15,21945,卖盘
2076,10:10:45,14.63,-0.01,27,39501,卖盘
2077,10:10:42,14.64,--,3,4392,买盘
2078,10:10:39,14.64,--,5,7320,买盘
2079,10:10:36,14.64,--,8,11712,买盘
2080,10:10:33,14.64,0.01,3,4392,买盘
2081,10:10:30,14.63,--,8,11704,卖盘
2082,10:10:24,14.63,-0.01,1,1463,卖盘
2083,10:10:21,14.64,0.01,1,1464,买盘
2084,10:10:18,14.63,--,2,2926,卖盘
2085,10:10:12,14.63,--,3,4389,卖盘
2086,10:10:09,14.63,--,30,43890,卖盘
2087,10:10:06,14.63,--,30,43890,卖盘
2088,10:10:00,14.63,--,70,102410,卖盘
2089,10:09:57,14.63,--,50,73150,卖盘
2090,10:09:51,14.63,--,56,81928,卖盘
2091,10:09:45,14.63,-0.01,60,87780,卖盘
2092,10:09:42,14.64,0.01,3,4392,买盘
2093,10:09:39,14.63,--,12,17556,卖盘
2094,10:09:36,14.63,-0.01,5,7315,卖盘
2095,10:09:27,14.64,0.01,33,48312,买盘
2096,10:09:21,14.63,-0.01,90,131670,卖盘
2097,10:09:18,14.64,0.01,10,14640,买盘
2098,10:09:12,14.63,--,128,187264,卖盘
2099,10:09:09,14.63,--,20,29260,卖盘
2100,10:09:06,14.63,--,25,36575,卖盘
2101,10:09:03,14.63,-0.01,11,16093,卖盘
2102,10:08:57,14.64,0.01,2,2928,买盘
2103,10:08:45,14.63,-0.01,14,21506,卖盘
2104,10:08:42,14.64,--,1,1464,卖盘
2105,10:08:39,14.64,--,10,14640,卖盘
2106,10:08:36,14.64,--,7,10731,卖盘
2107,10:08:33,14.64,--,102,149328,卖盘
2108,10:08:27,14.64,--,10,14640,卖盘
2109,10:08:24,14.64,-0.01,21,30744,卖盘
2110,10:08:21,14.65,--,12,17580,买盘
2111,10:08:12,14.65,--,210,307650,买盘
2112,10:08:06,14.65,--,43,64269,卖盘
2113,10:08:03,14.65,--,21,30765,卖盘
2114,10:08:00,14.65,-0.01,102,150602,卖盘
2115,10:07:57,14.66,--,38,55708,买盘
2116,10:07:54,14.66,0.01,2,2932,买盘
2117,10:07:51,14.65,--,2,2930,卖盘
2118,10:07:48,14.65,--,21,30765,卖盘
2119,10:07:45,14.65,--,21,30765,卖盘
2120,10:07:39,14.65,-0.01,160,234400,卖盘
2121,10:07:36,14.66,--,10,14660,买盘
2122,10:07:30,14.66,0.01,55,80630,买盘
2123,10:07:27,14.65,--,9,13185,卖盘
2124,10:07:24,14.65,--,6,9273,卖盘
2125,10:07:21,14.65,--,12,17580,卖盘
2126,10:07:18,14.65,-0.01,14,20510,卖盘
2127,10:07:15,14.66,--,5,7330,买盘
2128,10:07:12,14.66,--,5,7330,买盘
2129,10:07:09,14.66,--,14,20524,买盘
2130,10:07:03,14.66,0.01,9,13194,买盘
2131,10:07:00,14.65,--,26,38090,卖盘
2132,10:06:57,14.65,-0.01,273,399945,卖盘
2133,10:06:54,14.66,--,39,57174,买盘
2134,10:06:51,14.66,0.01,5,7330,买盘
2135,10:06:42,14.65,--,10,14650,卖盘
2136,10:06:39,14.65,-0.01,18,26370,卖盘
2137,10:06:36,14.66,--,102,149532,买盘
2138,10:06:33,14.66,--,2,2932,买盘
2139,10:06:30,14.66,0.01,15,21990,买盘
2140,10:06:27,14.65,-0.01,15,21975,卖盘
2141,10:06:24,14.66,--,3,4398,买盘
2142,10:06:21,14.66,--,20,29320,买盘
2143,10:06:15,14.66,--,10,14660,买盘
2144,10:06:12,14.66,--,27,39582,卖盘
2145,10:06:06,14.66,--,155,227230,卖盘
2146,10:06:03,14.66,--,35,51310,卖盘
2147,10:05:54,14.66,0.01,20,29320,中性盘
2148,10:05:51,14.65,-0.01,158,231470,卖盘
2149,10:05:48,14.66,--,61,89426,买盘
2150,10:05:45,14.66,--,21,30786,买盘
2151,10:05:42,14.66,--,8,11728,买盘
2152,10:05:39,14.66,--,9,13194,买盘
2153,10:05:36,14.66,--,31,45446,买盘
2154,10:05:33,14.66,--,106,155396,卖盘
2155,10:05:30,14.66,--,35,51310,卖盘
2156,10:05:24,14.66,--,1,1466,卖盘
2157,10:05:18,14.66,-0.01,7,10262,卖盘
2158,10:05:15,14.67,-0.01,7,10269,卖盘
2159,10:05:12,14.68,0.02,5,7340,买盘
2160,10:05:09,14.66,--,185,271210,卖盘
2161,10:05:03,14.66,--,21,30786,卖盘
2162,10:04:57,14.66,--,31,45446,卖盘
2163,10:04:54,14.66,--,21,30786,卖盘
2164,10:04:51,14.66,-0.01,21,30786,卖盘
2165,10:04:48,14.67,--,6,8802,买盘
2166,10:04:45,14.67,-0.01,60,88020,卖盘
2167,10:04:39,14.68,0.01,70,102760,买盘
2168,10:04:36,14.67,--,10,14670,卖盘
2169,10:04:33,14.67,--,21,30807,卖盘
2170,10:04:30,14.67,-0.01,22,32274,卖盘
2171,10:04:24,14.68,--,5,7340,买盘
2172,10:04:21,14.68,--,100,146800,买盘
2173,10:04:18,14.68,0.01,11,16148,买盘
2174,10:04:15,14.67,--,80,117360,卖盘
2175,10:04:09,14.67,-0.01,3,4401,卖盘
2176,10:04:06,14.68,--,22,32296,买盘
2177,10:04:03,14.68,--,6,8808,买盘
2178,10:04:00,14.68,--,5,7340,买盘
2179,10:03:51,14.68,--,10,14680,买盘
2180,10:03:45,14.68,0.01,54,79272,买盘
2181,10:03:42,14.67,0.01,5,7335,中性盘
2182,10:03:36,14.66,--,12,17592,卖盘
2183,10:03:30,14.66,-0.01,11,16126,卖盘
2184,10:03:27,14.67,--,59,86553,买盘
2185,10:03:24,14.67,--,6,8802,买盘
2186,10:03:15,14.67,0.01,43,63081,买盘
2187,10:03:12,14.66,-0.01,28,41048,卖盘
2188,10:03:09,14.67,0.01,6,8802,买盘
2189,10:03:06,14.66,-0.01,2,2932,卖盘
2190,10:03:03,14.67,0.01,5,7335,买盘
2191,10:03:00,14.66,-0.01,41,60106,卖盘
2192,10:02:57,14.67,--,62,90954,买盘
2193,10:02:54,14.67,0.01,12,17604,买盘
2194,10:02:51,14.66,--,37,54242,卖盘
2195,10:02:48,14.66,-0.01,99,145134,卖盘
2196,10:02:45,14.67,--,2,2934,买盘
2197,10:02:42,14.67,0.01,28,41076,买盘
2198,10:02:39,14.66,-0.01,31,45446,卖盘
2199,10:02:36,14.67,--,31,45477,买盘
2200,10:02:33,14.67,--,35,51345,买盘
2201,10:02:30,14.67,--,9,13203,买盘
2202,10:02:27,14.67,-0.01,35,51345,卖盘
2203,10:02:24,14.68,--,22,32296,买盘
2204,10:02:15,14.68,--,5,7340,买盘
2205,10:02:12,14.68,--,15,22020,买盘
2206,10:02:09,14.68,0.01,10,14680,买盘
2207,10:02:06,14.67,-0.01,100,146700,卖盘
2208,10:02:03,14.68,-0.01,24,35232,卖盘
2209,10:01:54,14.69,--,24,35256,卖盘
2210,10:01:51,14.69,--,21,30849,卖盘
2211,10:01:48,14.69,0.02,60,88140,买盘
2212,10:01:45,14.67,-0.02,21,30807,卖盘
2213,10:01:39,14.69,--,31,45539,买盘
2214,10:01:33,14.69,0.01,100,146900,买盘
2215,10:01:30,14.68,-0.01,8,11744,卖盘
2216,10:01:27,14.69,0.01,27,39663,买盘
2217,10:01:24,14.68,-0.01,60,88080,卖盘
2218,10:01:21,14.69,0.01,7,10283,买盘
2219,10:01:18,14.68,-0.01,4,5872,卖盘
2220,10:01:12,14.69,0.01,20,29380,买盘
2221,10:01:06,14.68,0.01,98,143864,买盘
2222,10:01:03,14.67,-0.01,20,29340,卖盘
2223,10:00:45,14.68,--,13,19084,卖盘
2224,10:00:36,14.68,0.01,2,2936,买盘
2225,10:00:30,14.67,-0.02,2,2934,卖盘
2226,10:00:27,14.69,0.02,44,64636,买盘
2227,10:00:21,14.67,-0.02,13,19071,卖盘
2228,10:00:15,14.69,0.02,153,224757,买盘
2229,10:00:12,14.67,-0.01,34,49878,卖盘
2230,10:00:09,14.68,-0.01,75,110100,卖盘
2231,10:00:06,14.69,--,43,63167,买盘
2232,10:00:03,14.69,0.01,29,42601,买盘
2233,10:00:00,14.68,-0.01,10,14680,卖盘
2234,09:59:57,14.69,0.01,3,4407,买盘
2235,09:59:54,14.68,-0.01,60,88080,卖盘
2236,09:59:48,14.69,--,13,19097,买盘
2237,09:59:45,14.69,--,23,33787,买盘
2238,09:59:42,14.69,0.01,37,54353,买盘
2239,09:59:33,14.68,-0.01,40,58720,卖盘
2240,09:59:27,14.69,0.01,2,2938,买盘
2241,09:59:21,14.68,--,43,63124,卖盘
2242,09:59:18,14.68,-0.01,32,46976,卖盘
2243,09:59:12,14.69,0.01,55,80795,买盘
2244,09:59:09,14.68,0.01,5,7340,买盘
2245,09:59:00,14.67,-0.02,33,48411,卖盘
2246,09:58:57,14.69,0.01,75,110175,买盘
2247,09:58:54,14.68,--,43,63124,买盘
2248,09:58:48,14.68,-0.01,122,179096,卖盘
2249,09:58:42,14.69,0.01,20,29380,买盘
2250,09:58:39,14.68,-0.01,51,74868,卖盘
2251,09:58:36,14.69,0.01,15,22035,买盘
2252,09:58:30,14.68,-0.01,7,10276,卖盘
2253,09:58:27,14.69,--,10,14690,买盘
2254,09:58:24,14.69,--,15,22035,买盘
2255,09:58:21,14.69,--,6,8814,买盘
2256,09:58:18,14.69,--,3,4407,买盘
2257,09:58:12,14.69,--,14,20566,卖盘
2258,09:58:00,14.69,--,13,19097,卖盘
2259,09:57:57,14.69,0.01,4,5876,卖盘
2260,09:57:54,14.68,--,42,61656,卖盘
2261,09:57:48,14.68,--,25,36700,卖盘
2262,09:57:36,14.68,--,17,24956,买盘
2263,09:57:24,14.68,-0.02,143,209924,卖盘
2264,09:57:06,14.7,0.01,38,55860,买盘
2265,09:57:03,14.69,--,24,35256,买盘
2266,09:57:00,14.69,--,42,61698,买盘
2267,09:56:57,14.69,0.01,79,116051,买盘
2268,09:56:54,14.68,--,4,5872,卖盘
2269,09:56:51,14.68,--,76,111568,卖盘
2270,09:56:42,14.68,-0.01,6,8808,卖盘
2271,09:56:39,14.69,0.01,6,8814,买盘
2272,09:56:36,14.68,-0.01,5,7340,卖盘
2273,09:56:33,14.69,--,7,10283,买盘
2274,09:56:24,14.69,--,11,16159,买盘
2275,09:56:21,14.69,0.02,7,10283,买盘
2276,09:56:18,14.67,--,52,76284,卖盘
2277,09:56:09,14.67,-0.02,18,26406,卖盘
2278,09:56:06,14.69,0.02,217,318773,买盘
2279,09:55:51,14.67,-0.02,6,8802,中性盘
2280,09:55:45,14.69,0.01,47,69043,买盘
2281,09:55:42,14.68,0.01,21,30828,买盘
2282,09:55:39,14.67,-0.01,1,1467,卖盘
2283,09:55:36,14.68,0.02,43,63124,买盘
2284,09:55:30,14.66,--,3,4398,卖盘
2285,09:55:21,14.66,-0.02,2,2932,卖盘
2286,09:55:18,14.68,0.02,21,30828,买盘
2287,09:55:15,14.66,--,25,36650,卖盘
2288,09:55:12,14.66,-0.02,100,146600,卖盘
2289,09:55:09,14.68,--,24,35232,买盘
2290,09:55:06,14.68,0.01,10,14680,买盘
2291,09:55:03,14.67,-0.01,24,35208,卖盘
2292,09:54:54,14.68,0.02,1,1468,买盘
2293,09:54:51,14.66,--,2,2932,卖盘
2294,09:54:33,14.66,--,15,21990,卖盘
2295,09:54:27,14.66,-0.01,32,46912,卖盘
2296,09:54:24,14.67,0.01,30,44010,卖盘
2297,09:54:15,14.66,--,2,2932,卖盘
2298,09:54:12,14.66,--,8,11728,卖盘
2299,09:54:06,14.66,-0.01,54,79164,卖盘
2300,09:54:03,14.67,0.01,73,107091,买盘
2301,09:54:00,14.66,-0.01,28,41048,卖盘
2302,09:53:51,14.67,0.01,1,1467,买盘
2303,09:53:48,14.66,--,2,2932,卖盘
2304,09:53:45,14.66,--,12,17592,卖盘
2305,09:53:42,14.66,-0.01,22,32252,卖盘
2306,09:53:39,14.67,--,25,36675,买盘
2307,09:53:36,14.67,0.01,31,45477,买盘
2308,09:53:30,14.66,-0.01,24,35184,卖盘
2309,09:53:27,14.67,--,41,60147,买盘
2310,09:53:24,14.67,--,33,48411,卖盘
2311,09:53:18,14.67,-0.01,7,10269,卖盘
2312,09:53:12,14.68,--,14,20552,买盘
2313,09:53:09,14.68,0.01,95,139460,买盘
2314,09:53:03,14.67,-0.01,50,73350,卖盘
2315,09:52:45,14.68,--,10,14680,买盘
2316,09:52:39,14.68,--,71,104228,卖盘
2317,09:52:36,14.68,--,15,22020,卖盘
2318,09:52:33,14.68,--,19,27892,卖盘
2319,09:52:30,14.68,--,42,61656,卖盘
2320,09:52:21,14.68,--,22,32296,卖盘
2321,09:52:18,14.68,--,5,7340,卖盘
2322,09:52:15,14.68,--,1,1468,卖盘
2323,09:52:06,14.68,0.01,35,51380,买盘
2324,09:52:03,14.67,--,9,13203,卖盘
2325,09:52:00,14.67,--,15,22005,卖盘
2326,09:51:57,14.67,--,18,26406,卖盘
2327,09:51:54,14.67,--,5,7335,卖盘
2328,09:51:48,14.67,-0.01,12,17604,卖盘
2329,09:51:45,14.68,--,10,14680,买盘
2330,09:51:39,14.68,0.01,16,23488,买盘
2331,09:51:33,14.67,-0.01,2,2934,卖盘
2332,09:51:30,14.68,--,68,99824,买盘
2333,09:51:24,14.68,--,2,2936,买盘
2334,09:51:18,14.68,0.01,2,2936,买盘
2335,09:51:12,14.67,-0.02,21,30807,卖盘
2336,09:51:03,14.69,--,18,26442,卖盘
2337,09:50:57,14.69,0.01,17,24973,买盘
2338,09:50:54,14.68,--,2,2936,卖盘
2339,09:50:51,14.68,--,54,79272,卖盘
2340,09:50:39,14.68,-0.01,60,88080,卖盘
2341,09:50:36,14.69,--,10,14690,买盘
2342,09:50:30,14.69,--,26,38194,买盘
2343,09:50:24,14.69,--,1,1469,买盘
2344,09:50:21,14.69,--,3,4407,买盘
2345,09:50:15,14.69,--,2,2938,买盘
2346,09:50:12,14.69,--,14,20566,买盘
2347,09:50:00,14.69,--,2,2938,买盘
2348,09:49:51,14.69,0.01,10,14690,买盘
2349,09:49:48,14.68,-0.01,13,19084,卖盘
2350,09:49:45,14.69,--,20,29380,买盘
2351,09:49:42,14.69,--,10,14690,买盘
2352,09:49:33,14.69,0.01,10,14690,买盘
2353,09:49:27,14.68,-0.01,15,22020,卖盘
2354,09:49:21,14.69,0.01,62,91078,买盘
2355,09:49:18,14.68,-0.01,282,413976,卖盘
2356,09:49:15,14.69,-0.01,25,36725,卖盘
2357,09:49:12,14.7,0.01,23,33810,买盘
2358,09:49:06,14.69,--,2,2938,买盘
2359,09:49:00,14.69,--,6,8814,买盘
2360,09:48:54,14.69,-0.01,33,48477,卖盘
2361,09:48:51,14.7,0.01,5,7350,买盘
2362,09:48:48,14.69,-0.01,3,4407,中性盘
2363,09:48:36,14.7,0.02,10,14700,买盘
2364,09:48:27,14.68,-0.02,20,29360,卖盘
2365,09:48:24,14.7,--,26,38220,买盘
2366,09:48:15,14.7,0.02,109,160230,买盘
2367,09:48:12,14.68,-0.01,4,5872,卖盘
2368,09:48:09,14.69,0.01,10,14690,买盘
2369,09:48:06,14.68,-0.01,20,29360,卖盘
2370,09:47:51,14.69,--,2,2938,买盘
2371,09:47:48,14.69,--,53,77857,卖盘
2372,09:47:45,14.69,-0.01,3,4407,卖盘
2373,09:47:42,14.7,0.01,3,4410,买盘
2374,09:47:39,14.69,-0.01,18,26442,卖盘
2375,09:47:36,14.7,--,4,5880,买盘
2376,09:47:33,14.7,--,28,41160,买盘
2377,09:47:27,14.7,--,15,22050,买盘
2378,09:47:24,14.7,0.01,28,41160,买盘
2379,09:47:18,14.69,-0.01,9,13221,卖盘
2380,09:47:15,14.7,0.02,10,14700,买盘
2381,09:47:12,14.68,-0.02,4,5872,卖盘
2382,09:47:06,14.7,--,5,7350,买盘
2383,09:47:03,14.7,--,20,29400,买盘
2384,09:46:54,14.7,-0.01,12,17640,卖盘
2385,09:46:51,14.71,--,3,4413,买盘
2386,09:46:48,14.71,0.01,51,75021,买盘
2387,09:46:45,14.7,--,16,23520,卖盘
2388,09:46:42,14.7,--,29,42630,卖盘
2389,09:46:39,14.7,--,21,30870,卖盘
2390,09:46:33,14.7,--,128,188160,买盘
2391,09:46:30,14.7,0.04,30,44100,买盘
2392,09:46:27,14.66,-0.01,26,38116,卖盘
2393,09:46:24,14.67,-0.02,42,61614,卖盘
2394,09:46:21,14.69,-0.01,13,19097,中性盘
2395,09:46:18,14.7,--,3,4410,买盘
2396,09:46:15,14.7,0.03,2,2940,买盘
2397,09:46:12,14.67,-0.03,124,181908,卖盘
2398,09:46:06,14.7,0.03,6,8820,买盘
2399,09:45:54,14.67,-0.03,22,32274,卖盘
2400,09:45:51,14.7,--,6,8820,买盘
2401,09:45:48,14.7,0.01,14,20580,买盘
2402,09:45:42,14.69,0.01,54,79326,买盘
2403,09:45:39,14.68,-0.01,6,8808,中性盘
2404,09:45:33,14.69,--,202,296738,卖盘
2405,09:45:27,14.69,--,3,4407,卖盘
2406,09:45:24,14.69,--,12,17628,买盘
2407,09:45:21,14.69,0.02,105,154245,买盘
2408,09:45:18,14.67,--,5,7335,买盘
2409,09:45:15,14.67,-0.02,108,158436,卖盘
2410,09:45:12,14.69,0.01,30,44070,买盘
2411,09:45:09,14.68,0.01,10,14680,买盘
2412,09:45:06,14.67,0.02,1,1467,中性盘
2413,09:45:03,14.65,-0.02,37,54205,卖盘
2414,09:44:57,14.67,0.03,7,10269,买盘
2415,09:44:48,14.64,-0.03,220,322080,卖盘
2416,09:44:45,14.67,0.02,14,20538,买盘
2417,09:44:42,14.65,--,46,68811,买盘
2418,09:44:39,14.65,--,22,32230,买盘
2419,09:44:36,14.65,--,42,61530,买盘
2420,09:44:33,14.65,--,55,80575,买盘
2421,09:44:30,14.65,--,10,14650,买盘
2422,09:44:27,14.65,--,46,67390,买盘
2423,09:44:24,14.65,--,1,1465,买盘
2424,09:44:21,14.65,--,57,83505,买盘
2425,09:44:18,14.65,--,22,32230,买盘
2426,09:44:15,14.65,--,13,19045,买盘
2427,09:44:12,14.65,--,54,79110,买盘
2428,09:44:06,14.65,--,21,30765,买盘
2429,09:44:00,14.65,0.01,5,7325,买盘
2430,09:43:57,14.64,-0.01,4,5856,卖盘
2431,09:43:54,14.65,0.01,29,42485,买盘
2432,09:43:51,14.64,--,41,60024,卖盘
2433,09:43:48,14.64,-0.01,13,19032,卖盘
2434,09:43:36,14.65,0.01,31,45415,买盘
2435,09:43:33,14.64,--,11,16104,卖盘
2436,09:43:30,14.64,-0.01,18,26352,卖盘
2437,09:43:24,14.65,0.01,10,14650,买盘
2438,09:43:21,14.64,--,32,46848,买盘
2439,09:43:18,14.64,--,48,70272,买盘
2440,09:43:09,14.64,--,5,7320,买盘
2441,09:43:06,14.64,--,80,117120,买盘
2442,09:43:00,14.64,-0.01,69,101016,卖盘
2443,09:42:51,14.65,0.01,7,10255,买盘
2444,09:42:45,14.64,-0.01,20,29280,中性盘
2445,09:42:30,14.65,0.01,203,297395,买盘
2446,09:42:27,14.64,--,49,71736,买盘
2447,09:42:21,14.64,0.01,1,1464,买盘
2448,09:42:18,14.63,-0.01,29,42427,卖盘
2449,09:42:15,14.64,0.01,3,4392,中性盘
2450,09:42:12,14.63,--,50,73150,卖盘
2451,09:42:09,14.63,--,50,73150,卖盘
2452,09:42:03,14.63,-0.01,5,7315,卖盘
2453,09:41:54,14.64,-0.01,130,190320,卖盘
2454,09:41:48,14.65,--,10,14650,买盘
2455,09:41:45,14.65,--,14,20510,买盘
2456,09:41:42,14.65,--,48,70320,买盘
2457,09:41:39,14.65,--,30,43950,买盘
2458,09:41:36,14.65,--,9,13185,买盘
2459,09:41:33,14.65,--,31,45415,买盘
2460,09:41:30,14.65,--,5,7325,买盘
2461,09:41:27,14.65,--,14,20510,买盘
2462,09:41:24,14.65,--,23,33695,买盘
2463,09:41:21,14.65,0.01,2,2930,买盘
2464,09:41:18,14.64,-0.01,1,1464,卖盘
2465,09:41:15,14.65,0.01,122,178730,买盘
2466,09:41:12,14.64,--,43,62952,卖盘
2467,09:41:09,14.64,-0.01,9,13176,卖盘
2468,09:41:03,14.65,0.01,1,1465,买盘
2469,09:41:00,14.64,-0.01,62,90768,卖盘
2470,09:40:57,14.65,0.01,99,145035,买盘
2471,09:40:54,14.64,-0.01,8,11712,卖盘
2472,09:40:51,14.65,--,33,48345,买盘
2473,09:40:48,14.65,--,11,16115,买盘
2474,09:40:33,14.65,0.01,84,123060,买盘
2475,09:40:30,14.64,-0.01,40,58560,卖盘
2476,09:40:24,14.65,0.02,30,43950,买盘
2477,09:40:21,14.63,-0.01,38,55594,卖盘
2478,09:40:18,14.64,--,1,1464,买盘
2479,09:40:15,14.64,--,19,27816,买盘
2480,09:40:12,14.64,--,8,11712,买盘
2481,09:40:09,14.64,--,10,14640,买盘
2482,09:40:06,14.64,--,52,76128,卖盘
2483,09:40:00,14.64,-0.01,10,14640,卖盘
2484,09:39:54,14.65,0.01,17,24905,买盘
2485,09:39:51,14.64,-0.01,60,87840,卖盘
2486,09:39:48,14.65,0.01,14,20510,买盘
2487,09:39:45,14.64,--,18,26352,卖盘
2488,09:39:39,14.64,--,80,117120,卖盘
2489,09:39:36,14.64,-0.01,16,23424,卖盘
2490,09:39:33,14.65,0.01,21,30765,买盘
2491,09:39:30,14.64,-0.01,42,61488,卖盘
2492,09:39:24,14.65,--,6,8790,买盘
2493,09:39:21,14.65,0.01,105,153825,买盘
2494,09:39:18,14.64,-0.01,121,177144,卖盘
2495,09:39:15,14.65,--,80,117200,买盘
2496,09:39:09,14.65,--,2,2930,买盘
2497,09:39:06,14.65,--,7,10255,买盘
2498,09:39:03,14.65,--,68,99620,买盘
2499,09:38:57,14.65,--,2,2930,买盘
2500,09:38:54,14.65,--,10,14650,买盘
2501,09:38:51,14.65,--,27,39555,买盘
2502,09:38:48,14.65,-0.04,12,17580,卖盘
2503,09:38:45,14.69,0.04,10,14690,买盘
2504,09:38:39,14.65,--,2,2930,买盘
2505,09:38:36,14.65,0.01,5,7325,卖盘
2506,09:38:33,14.64,-0.04,30,43920,卖盘
2507,09:38:30,14.68,0.04,68,99824,买盘
2508,09:38:27,14.64,-0.01,9,13176,卖盘
2509,09:38:24,14.65,--,3,4395,卖盘
2510,09:38:21,14.65,--,20,29300,卖盘
2511,09:38:18,14.65,--,2,2930,卖盘
2512,09:38:12,14.65,0.02,5,7325,中性盘
2513,09:38:09,14.63,--,28,40964,卖盘
2514,09:38:06,14.63,--,6,8778,卖盘
2515,09:37:48,14.63,--,5,7315,买盘
2516,09:37:45,14.63,--,5,7315,买盘
2517,09:37:42,14.63,--,15,21945,买盘
2518,09:37:39,14.63,0.01,2,2926,买盘
2519,09:37:36,14.62,0.01,2,2924,中性盘
2520,09:37:30,14.61,-0.02,9,13149,卖盘
2521,09:37:27,14.63,-0.04,5,7315,中性盘
2522,09:37:21,14.67,0.06,66,96822,买盘
2523,09:37:18,14.61,--,2,2922,卖盘
2524,09:37:00,14.61,-0.05,87,127107,卖盘
2525,09:36:54,14.66,--,26,38116,买盘
2526,09:36:51,14.66,0.06,21,30786,买盘
2527,09:36:42,14.6,-0.05,712,1039520,卖盘
2528,09:36:36,14.65,-0.01,90,131850,卖盘
2529,09:36:33,14.66,-0.01,7,10262,卖盘
2530,09:36:30,14.67,--,21,30807,卖盘
2531,09:36:27,14.67,--,10,14670,买盘
2532,09:36:24,14.67,--,50,73350,买盘
2533,09:36:21,14.67,0.01,10,14670,买盘
2534,09:36:18,14.66,-0.02,90,131940,卖盘
2535,09:36:15,14.68,--,71,104228,买盘
2536,09:36:06,14.68,0.01,5,7340,买盘
2537,09:36:03,14.67,-0.01,1,1467,卖盘
2538,09:36:00,14.68,--,21,30828,卖盘
2539,09:35:57,14.68,--,13,19084,卖盘
2540,09:35:54,14.68,--,88,129184,卖盘
2541,09:35:51,14.68,--,44,64592,卖盘
2542,09:35:48,14.68,--,37,54316,卖盘
2543,09:35:42,14.68,-0.01,20,29360,卖盘
2544,09:35:36,14.69,0.01,5,7345,买盘
2545,09:35:33,14.68,--,96,140928,买盘
2546,09:35:27,14.68,--,50,73400,买盘
2547,09:35:24,14.68,--,40,58720,卖盘
2548,09:35:21,14.68,-0.01,3,4404,卖盘
2549,09:35:18,14.69,--,4,5876,买盘
2550,09:35:12,14.69,--,5,7345,买盘
2551,09:35:09,14.69,-0.01,209,307021,卖盘
2552,09:35:06,14.7,--,4,5880,卖盘
2553,09:35:03,14.7,--,58,85260,卖盘
2554,09:35:00,14.7,--,4,5880,卖盘
2555,09:34:57,14.7,--,27,39690,卖盘
2556,09:34:54,14.7,--,33,48510,卖盘
2557,09:34:51,14.7,--,21,30870,卖盘
2558,09:34:48,14.7,-0.02,139,204330,卖盘
2559,09:34:45,14.72,--,43,63296,买盘
2560,09:34:39,14.72,0.01,12,17664,买盘
2561,09:34:36,14.71,--,19,27949,卖盘
2562,09:34:33,14.71,--,8,11768,卖盘
2563,09:34:30,14.71,--,21,30891,卖盘
2564,09:34:27,14.71,--,24,35304,卖盘
2565,09:34:24,14.71,-0.01,21,30891,卖盘
2566,09:34:21,14.72,0.01,10,14720,买盘
2567,09:34:18,14.71,0.01,67,98557,买盘
2568,09:34:15,14.7,-0.01,21,30870,卖盘
2569,09:34:12,14.71,0.01,1,1471,买盘
2570,09:34:06,14.7,--,32,47040,卖盘
2571,09:33:54,14.7,0.01,268,393960,买盘
2572,09:33:51,14.69,-0.01,115,168935,卖盘
2573,09:33:48,14.7,0.01,10,14700,买盘
2574,09:33:45,14.69,--,5,7345,卖盘
2575,09:33:42,14.69,-0.01,16,23504,卖盘
2576,09:33:36,14.7,0.01,136,199920,买盘
2577,09:33:33,14.69,-0.01,2,2938,卖盘
2578,09:33:30,14.7,--,97,142590,买盘
2579,09:33:27,14.7,--,23,33810,买盘
2580,09:33:24,14.7,--,131,192570,买盘
2581,09:33:18,14.7,--,34,49980,买盘
2582,09:33:15,14.7,--,1,1470,买盘
2583,09:33:12,14.7,--,20,29400,买盘
2584,09:33:06,14.7,0.01,2,2940,买盘
2585,09:33:00,14.69,0.01,7,10283,中性盘
2586,09:32:54,14.68,-0.02,33,48444,卖盘
2587,09:32:51,14.7,0.02,6,8820,买盘
2588,09:32:48,14.68,-0.02,40,58720,卖盘
2589,09:32:39,14.7,--,2,2940,买盘
2590,09:32:36,14.7,0.02,103,151410,买盘
2591,09:32:30,14.68,--,39,57252,卖盘
2592,09:32:27,14.68,-0.01,24,35232,卖盘
2593,09:32:24,14.69,--,17,24973,卖盘
2594,09:32:21,14.69,--,43,63167,卖盘
2595,09:32:15,14.69,--,14,20566,买盘
2596,09:32:03,14.69,-0.01,2,2938,卖盘
2597,09:31:57,14.7,--,20,29400,买盘
2598,09:31:51,14.7,--,68,99960,卖盘
2599,09:31:48,14.7,-0.02,7,10290,卖盘
2600,09:31:42,14.72,0.01,100,147200,买盘
2601,09:31:39,14.71,--,39,57369,卖盘
2602,09:31:36,14.71,--,13,19123,卖盘
2603,09:31:33,14.71,-0.01,15,22065,卖盘
2604,09:31:24,14.72,--,10,14720,买盘
2605,09:31:21,14.72,--,46,67712,卖盘
2606,09:31:18,14.72,-0.01,11,16192,卖盘
2607,09:31:15,14.73,--,13,19149,买盘
2608,09:31:12,14.73,--,30,44190,买盘
2609,09:31:09,14.73,--,68,100164,买盘
2610,09:31:06,14.73,--,45,66285,买盘
2611,09:31:00,14.73,--,21,30933,卖盘
2612,09:30:57,14.73,--,15,22095,卖盘
2613,09:30:51,14.73,-0.02,2,2946,卖盘
2614,09:30:42,14.75,--,143,210925,买盘
2615,09:30:39,14.75,--,55,81125,买盘
2616,09:30:36,14.75,0.01,7,10325,买盘
2617,09:30:33,14.74,--,10,14740,卖盘
2618,09:30:30,14.74,0.01,10,14740,中性盘
2619,09:30:24,14.73,-0.02,6,8838,卖盘
2620,09:30:18,14.75,--,20,29500,买盘
2621,09:30:09,14.75,0.01,10,14750,买盘
2622,09:30:06,14.74,-0.01,22,32428,买盘
2623,09:30:03,14.75,-0.01,139,205025,卖盘
2624,09:30:00,14.76,--,0,0,买盘
2625,09:25:03,14.76,14.76,320,472320,买盘
