,time,price,change,volume,amount,type
0,15:00:03,10.27,--,3314,3403478,卖盘
1,14:57:00,10.27,--,30,30810,卖盘
2,14:56:57,10.27,--,15,15405,卖盘
3,14:56:54,10.27,--,50,51350,卖盘
4,14:56:51,10.27,-0.01,10,10270,卖盘
5,14:56:42,10.28,0.01,204,209712,买盘
6,14:56:39,10.27,--,20,20540,卖盘
7,14:56:33,10.27,--,60,61620,卖盘
8,14:56:30,10.27,-0.01,6,6162,卖盘
9,14:56:24,10.28,--,19,19532,买盘
10,14:56:21,10.28,0.01,80,82240,买盘
11,14:56:18,10.27,-0.01,6,6162,卖盘
12,14:56:15,10.28,0.01,58,59623,买盘
13,14:56:12,10.27,--,6,6162,卖盘
14,14:56:06,10.27,--,20,20540,卖盘
15,14:56:00,10.27,--,81,83187,卖盘
16,14:55:57,10.27,--,7,7189,卖盘
17,14:55:54,10.27,--,14,14378,卖盘
18,14:55:51,10.27,--,40,41080,卖盘
19,14:55:48,10.27,--,115,118105,卖盘
20,14:55:45,10.27,--,4,4108,卖盘
21,14:55:39,10.27,--,158,162266,买盘
22,14:55:36,10.27,--,13,13351,买盘
23,14:55:33,10.27,--,386,396422,买盘
24,14:55:21,10.27,0.01,2000,2054000,买盘
25,14:55:18,10.26,--,3,3078,卖盘
26,14:55:15,10.26,-0.01,10,10260,卖盘
27,14:55:06,10.27,0.01,14,14378,买盘
28,14:55:03,10.26,--,12,12312,卖盘
29,14:54:48,10.26,-0.01,72,73872,卖盘
30,14:54:45,10.27,0.01,45,46215,买盘
31,14:54:42,10.26,--,10,10260,卖盘
32,14:54:36,10.26,--,207,212382,卖盘
33,14:54:33,10.26,--,19,19494,卖盘
34,14:54:30,10.26,--,20,20520,卖盘
35,14:54:24,10.26,--,30,30780,卖盘
36,14:54:21,10.26,--,41,42066,卖盘
37,14:54:18,10.26,--,85,88133,买盘
38,14:54:12,10.26,--,193,198120,卖盘
39,14:54:09,10.26,--,87,89262,卖盘
40,14:54:06,10.26,--,630,646380,卖盘
41,14:54:00,10.26,--,1,1026,卖盘
42,14:53:57,10.26,--,5,5130,卖盘
43,14:53:54,10.26,--,20,20520,卖盘
44,14:53:51,10.26,--,30,30780,卖盘
45,14:53:45,10.26,--,10,10260,卖盘
46,14:53:42,10.26,-0.01,17,17442,卖盘
47,14:53:36,10.27,--,31,31837,买盘
48,14:53:33,10.27,0.01,11,11297,买盘
49,14:53:30,10.26,--,21,22469,卖盘
50,14:53:27,10.26,--,6,6156,卖盘
51,14:53:24,10.26,--,7,7182,卖盘
52,14:53:21,10.26,--,10,10260,卖盘
53,14:53:18,10.26,--,8,8208,卖盘
54,14:53:15,10.26,--,20,20520,卖盘
55,14:53:09,10.26,-0.01,165,169290,卖盘
56,14:53:06,10.27,0.01,29,29783,买盘
57,14:53:03,10.26,-0.01,1,1026,卖盘
58,14:52:57,10.27,0.01,1128,1158456,买盘
59,14:52:54,10.26,-0.01,2,2052,卖盘
60,14:52:48,10.27,0.01,5,5135,买盘
61,14:52:39,10.26,-0.01,3224,3307824,卖盘
62,14:52:36,10.27,--,30,30810,买盘
63,14:52:33,10.27,0.01,13,13351,买盘
64,14:52:27,10.26,--,12,12312,卖盘
65,14:52:21,10.26,-0.01,47,48222,卖盘
66,14:52:18,10.27,--,2,2054,买盘
67,14:52:06,10.27,--,31,31837,买盘
68,14:52:03,10.27,0.01,5,5135,买盘
69,14:51:42,10.26,-0.01,15,15390,卖盘
70,14:51:39,10.27,0.01,2003,2057081,买盘
71,14:51:36,10.26,-0.01,48,49248,卖盘
72,14:51:30,10.27,0.01,10,10270,买盘
73,14:51:24,10.26,-0.01,19,19494,卖盘
74,14:51:21,10.27,0.01,22,22594,买盘
75,14:51:12,10.26,-0.01,28,28728,卖盘
76,14:51:06,10.27,0.01,30,30810,买盘
77,14:51:03,10.26,-0.01,50,51300,卖盘
78,14:51:00,10.27,0.01,1,1027,买盘
79,14:50:57,10.26,-0.01,10,10260,卖盘
80,14:50:48,10.27,0.01,46,47242,买盘
81,14:50:36,10.26,--,43,44118,卖盘
82,14:50:33,10.26,--,10,10260,卖盘
83,14:50:30,10.26,-0.01,9,9234,卖盘
84,14:50:24,10.27,0.01,23,23621,买盘
85,14:50:18,10.26,--,5,5130,卖盘
86,14:50:15,10.26,--,50,51300,卖盘
87,14:50:12,10.26,--,92,94392,卖盘
88,14:50:09,10.26,-0.01,23,23598,卖盘
89,14:50:06,10.27,0.01,60,61620,买盘
90,14:49:57,10.26,-0.01,10,10260,卖盘
91,14:49:48,10.27,0.01,83,85241,买盘
92,14:49:42,10.26,-0.01,736,755136,卖盘
93,14:49:36,10.27,--,30,30810,买盘
94,14:49:18,10.27,--,2,2054,买盘
95,14:49:12,10.27,0.01,10,10270,买盘
96,14:49:09,10.26,-0.01,100,102600,卖盘
97,14:49:06,10.27,--,87,89349,买盘
98,14:48:54,10.27,--,20,20540,买盘
99,14:48:42,10.27,--,11,11297,买盘
100,14:48:36,10.27,--,49,50323,买盘
101,14:48:27,10.27,0.01,30,30810,买盘
102,14:48:18,10.26,--,81,83106,卖盘
103,14:48:12,10.26,-0.01,23,23598,卖盘
104,14:48:09,10.27,--,60,61620,买盘
105,14:48:06,10.27,0.01,30,30810,买盘
106,14:48:00,10.26,-0.01,5,5130,卖盘
107,14:47:51,10.27,--,5,5135,买盘
108,14:47:45,10.27,0.01,82,84214,买盘
109,14:47:39,10.26,-0.01,13,13338,卖盘
110,14:47:36,10.27,--,30,30810,买盘
111,14:47:33,10.27,--,200,205400,买盘
112,14:47:30,10.27,0.01,77,79079,买盘
113,14:47:24,10.26,-0.01,10,10260,卖盘
114,14:47:15,10.27,--,5,5135,买盘
115,14:47:06,10.27,0.01,31,31837,买盘
116,14:46:54,10.26,-0.01,11,11286,卖盘
117,14:46:48,10.27,0.01,138,141726,买盘
118,14:46:45,10.26,-0.01,13,13338,卖盘
119,14:46:42,10.27,--,10,10270,买盘
120,14:46:39,10.27,--,17,17459,买盘
121,14:46:36,10.27,--,39,40053,买盘
122,14:46:30,10.27,0.01,2,2054,买盘
123,14:46:18,10.26,-0.01,50,51300,卖盘
124,14:46:12,10.27,--,10,10270,买盘
125,14:46:06,10.27,--,30,30810,买盘
126,14:45:51,10.27,--,16,16432,买盘
127,14:45:45,10.27,0.01,10,10270,买盘
128,14:45:39,10.26,-0.01,13,13338,卖盘
129,14:45:36,10.27,--,38,39026,买盘
130,14:45:33,10.27,--,1000,1027000,买盘
131,14:45:30,10.27,--,20,20540,买盘
132,14:45:27,10.27,-0.01,6414,6587178,卖盘
133,14:45:15,10.28,0.01,15,15419,买盘
134,14:45:09,10.27,-0.01,2597,2667119,卖盘
135,14:45:06,10.28,--,29,29811,买盘
136,14:45:00,10.28,0.01,156,160368,买盘
137,14:44:48,10.27,--,4,4108,卖盘
138,14:44:42,10.27,--,63,64701,卖盘
139,14:44:39,10.27,--,100,102700,卖盘
140,14:44:36,10.27,--,15,15405,卖盘
141,14:44:30,10.27,--,164,168428,卖盘
142,14:44:24,10.27,-0.01,2,2054,卖盘
143,14:44:18,10.28,0.01,22,22616,买盘
144,14:44:12,10.27,--,40,41080,卖盘
145,14:44:06,10.27,--,20,20540,卖盘
146,14:43:57,10.27,-0.01,36,36972,卖盘
147,14:43:51,10.28,0.01,108,111024,买盘
148,14:43:42,10.27,--,48,49296,卖盘
149,14:43:39,10.27,--,172,176644,卖盘
150,14:43:36,10.27,-0.01,15,15405,卖盘
151,14:43:33,10.28,--,75,77100,买盘
152,14:43:30,10.28,0.01,1,1028,买盘
153,14:43:24,10.27,--,1,1027,卖盘
154,14:43:21,10.27,--,11,11297,卖盘
155,14:43:15,10.27,--,2,2054,卖盘
156,14:43:09,10.27,-0.01,15,15405,卖盘
157,14:43:03,10.28,--,8,8224,买盘
158,14:42:57,10.28,0.01,18,18504,买盘
159,14:42:45,10.27,-0.01,218,223886,卖盘
160,14:42:42,10.28,--,40,41120,买盘
161,14:42:39,10.28,0.01,2,2056,买盘
162,14:42:33,10.27,--,1,1027,卖盘
163,14:42:30,10.27,-0.01,300,308100,卖盘
164,14:42:27,10.28,--,101,103828,买盘
165,14:42:21,10.28,--,2,2056,买盘
166,14:42:18,10.28,--,1,1028,买盘
167,14:42:15,10.28,0.01,11,11308,买盘
168,14:42:06,10.27,--,50,51350,卖盘
169,14:42:03,10.27,--,307,315289,卖盘
170,14:42:00,10.27,--,100,102700,卖盘
171,14:41:57,10.27,--,10,10270,卖盘
172,14:41:48,10.27,--,13,13351,卖盘
173,14:41:45,10.27,-0.01,10,10270,卖盘
174,14:41:30,10.28,0.01,11,11308,买盘
175,14:41:27,10.27,-0.01,2,2054,卖盘
176,14:41:24,10.28,--,55,56540,买盘
177,14:41:06,10.28,--,5,5140,买盘
178,14:41:03,10.28,0.01,10,10280,买盘
179,14:40:57,10.27,--,20,20540,卖盘
180,14:40:51,10.27,--,1,1027,卖盘
181,14:40:45,10.27,--,23,23621,卖盘
182,14:40:42,10.27,-0.01,13,13351,卖盘
183,14:40:36,10.28,0.01,48,49344,买盘
184,14:40:30,10.27,-0.01,102,104754,卖盘
185,14:40:18,10.28,0.01,2,2056,买盘
186,14:40:15,10.27,-0.01,179,183833,卖盘
187,14:40:03,10.28,0.01,49,50372,买盘
188,14:39:57,10.27,--,26,26702,卖盘
189,14:39:48,10.27,--,50,51350,卖盘
190,14:39:39,10.27,--,52,53404,卖盘
191,14:39:21,10.27,-0.01,25,25675,卖盘
192,14:39:09,10.28,--,150,154200,买盘
193,14:39:06,10.28,0.01,103,105884,买盘
194,14:39:00,10.27,-0.01,13,13351,卖盘
195,14:38:54,10.28,--,185,190180,买盘
196,14:38:39,10.28,--,4,4112,买盘
197,14:38:18,10.28,--,3,3084,买盘
198,14:38:12,10.28,0.01,6,6168,买盘
199,14:38:00,10.27,-0.01,13,13351,卖盘
200,14:37:57,10.28,0.01,49,50372,买盘
201,14:37:54,10.27,--,27,27729,卖盘
202,14:37:48,10.27,--,35,35945,卖盘
203,14:37:36,10.27,--,3,3081,卖盘
204,14:37:27,10.27,-0.01,106,108862,卖盘
205,14:37:21,10.28,--,4,4112,买盘
206,14:37:12,10.28,--,7,7196,买盘
207,14:37:09,10.28,--,105,107940,买盘
208,14:36:57,10.28,0.01,10,10280,买盘
209,14:36:51,10.27,--,50,51350,卖盘
210,14:36:30,10.27,-0.01,1,1027,卖盘
211,14:36:15,10.28,--,25,25700,买盘
212,14:36:12,10.28,--,23,23644,买盘
213,14:36:03,10.28,0.01,44,45232,买盘
214,14:36:00,10.27,--,1,1027,卖盘
215,14:35:57,10.27,--,24,24648,卖盘
216,14:35:48,10.27,--,6,6162,卖盘
217,14:35:42,10.27,-0.01,48,49296,卖盘
218,14:35:36,10.28,0.02,103,106202,买盘
219,14:35:33,10.26,-0.01,13,13338,卖盘
220,14:35:27,10.27,--,8,8924,卖盘
221,14:35:15,10.27,--,13,13351,卖盘
222,14:35:09,10.27,0.01,1481,1521305,买盘
223,14:35:03,10.26,--,2,2052,卖盘
224,14:35:00,10.26,-0.01,277,284202,卖盘
225,14:34:54,10.27,--,1994,2048228,卖盘
226,14:34:45,10.27,--,15,15405,卖盘
227,14:34:24,10.27,-0.01,6,6162,卖盘
228,14:34:21,10.28,0.01,1,1028,买盘
229,14:34:18,10.27,-0.01,1,1027,卖盘
230,14:34:06,10.28,0.01,19,19532,买盘
231,14:34:00,10.27,--,34,34918,卖盘
232,14:33:54,10.27,--,1,1027,卖盘
233,14:33:48,10.27,--,200,205400,卖盘
234,14:33:45,10.27,--,20,20540,卖盘
235,14:33:42,10.27,--,81,83187,卖盘
236,14:33:30,10.27,-0.01,70,71890,卖盘
237,14:33:15,10.28,0.01,16,16448,买盘
238,14:33:09,10.27,--,180,185065,卖盘
239,14:33:00,10.27,--,13,13351,卖盘
240,14:32:54,10.27,--,226,232102,卖盘
241,14:32:36,10.27,-0.01,6,6162,卖盘
242,14:32:06,10.28,0.01,50,51400,买盘
243,14:32:00,10.27,-0.01,13,13351,卖盘
244,14:31:54,10.28,--,5,5140,买盘
245,14:31:39,10.28,--,10,10280,买盘
246,14:31:36,10.28,0.01,15,15419,买盘
247,14:31:33,10.27,-0.01,92,94484,卖盘
248,14:31:27,10.28,--,100,102800,买盘
249,14:31:21,10.28,0.01,200,205600,买盘
250,14:31:15,10.27,--,4,4108,卖盘
251,14:31:00,10.27,-0.01,33,33891,卖盘
252,14:30:57,10.28,--,20,20560,买盘
253,14:30:54,10.28,--,10,10280,买盘
254,14:30:48,10.28,0.01,1,1028,买盘
255,14:30:42,10.27,-0.01,10,10270,卖盘
256,14:30:30,10.28,--,633,650724,买盘
257,14:30:27,10.28,--,18,18504,买盘
258,14:30:24,10.28,--,40,41120,买盘
259,14:30:21,10.28,--,20,20560,买盘
260,14:30:18,10.28,--,18,18504,买盘
261,14:30:15,10.28,0.01,22,22616,买盘
262,14:30:12,10.27,-0.01,100,102700,卖盘
263,14:30:09,10.28,0.01,16,16448,买盘
264,14:30:06,10.27,--,141,144807,卖盘
265,14:30:03,10.27,--,113,116051,卖盘
266,14:30:00,10.27,--,89,91403,卖盘
267,14:29:39,10.27,-0.01,1,1027,卖盘
268,14:29:33,10.28,0.01,8,8224,买盘
269,14:29:30,10.27,-0.01,6,6162,卖盘
270,14:29:27,10.28,0.01,19,19532,买盘
271,14:29:21,10.27,-0.01,110,112970,卖盘
272,14:29:15,10.28,0.01,5,5140,买盘
273,14:29:06,10.27,-0.01,20,20540,卖盘
274,14:29:03,10.28,0.01,1,1028,买盘
275,14:29:00,10.27,-0.01,23,23621,卖盘
276,14:28:54,10.28,0.01,154,158312,买盘
277,14:28:51,10.27,-0.01,10,10270,卖盘
278,14:28:45,10.28,--,10,10280,买盘
279,14:28:39,10.28,0.01,8,8224,买盘
280,14:28:33,10.27,--,65,66755,卖盘
281,14:28:24,10.27,-0.01,2,2054,卖盘
282,14:28:21,10.28,0.01,20,20560,买盘
283,14:28:18,10.27,--,1,1027,卖盘
284,14:28:15,10.27,-0.01,170,174590,卖盘
285,14:28:12,10.28,0.01,22,22616,买盘
286,14:28:03,10.27,--,49,50323,卖盘
287,14:28:00,10.27,--,2,2054,卖盘
288,14:27:57,10.27,--,5,5135,卖盘
289,14:27:48,10.27,--,1,1027,卖盘
290,14:27:45,10.27,--,60,61620,卖盘
291,14:27:33,10.27,--,2,2054,卖盘
292,14:27:21,10.27,--,1,1027,卖盘
293,14:27:06,10.27,-0.01,2,2054,卖盘
294,14:27:03,10.28,--,98,100744,买盘
295,14:27:00,10.28,--,1,1028,买盘
296,14:26:57,10.28,0.01,29,29811,买盘
297,14:26:54,10.27,--,2,2485,卖盘
298,14:26:51,10.27,-0.01,11,11297,卖盘
299,14:26:45,10.28,--,1,1028,买盘
300,14:26:39,10.28,--,19,19532,买盘
301,14:26:27,10.28,0.01,100,102800,买盘
302,14:26:24,10.27,--,1,1027,卖盘
303,14:26:21,10.27,-0.01,10,10270,卖盘
304,14:26:18,10.28,0.01,89,91492,买盘
305,14:26:12,10.27,-0.01,101,104548,卖盘
306,14:26:09,10.28,--,100,102800,卖盘
307,14:26:06,10.28,--,1854,1905911,卖盘
308,14:26:03,10.28,--,1,1028,卖盘
309,14:26:00,10.28,--,19,19532,卖盘
310,14:25:57,10.28,--,610,627080,卖盘
311,14:25:54,10.28,--,10,10280,卖盘
312,14:25:51,10.28,--,5,5140,卖盘
313,14:25:48,10.28,--,30,30839,卖盘
314,14:25:45,10.28,--,100,102800,卖盘
315,14:25:42,10.28,--,10,10280,卖盘
316,14:25:39,10.28,--,10,10280,卖盘
317,14:25:36,10.28,--,20,20560,卖盘
318,14:25:33,10.28,--,100,102800,卖盘
319,14:25:30,10.28,-0.01,10,10280,卖盘
320,14:25:27,10.29,0.01,2,2058,买盘
321,14:25:24,10.28,--,1,1028,卖盘
322,14:25:18,10.28,-0.01,5,5140,卖盘
323,14:25:15,10.29,0.01,7,7202,买盘
324,14:25:12,10.28,--,46,47288,卖盘
325,14:25:06,10.28,--,23,23644,卖盘
326,14:25:03,10.28,--,20,20560,卖盘
327,14:25:00,10.28,--,70,71960,卖盘
328,14:24:57,10.28,--,4,4112,卖盘
329,14:24:54,10.28,--,53,54484,卖盘
330,14:24:48,10.28,--,2,2056,卖盘
331,14:24:45,10.28,-0.01,1722,1770216,卖盘
332,14:24:42,10.29,0.01,47,48362,买盘
333,14:24:39,10.28,-0.01,11,11308,卖盘
334,14:24:36,10.29,0.01,17,17493,买盘
335,14:24:30,10.28,--,6,6168,卖盘
336,14:24:27,10.28,-0.01,1,1028,卖盘
337,14:24:24,10.29,0.01,17,17493,买盘
338,14:24:15,10.28,-0.01,3,3084,卖盘
339,14:24:12,10.29,0.01,8,8232,买盘
340,14:24:09,10.28,-0.01,3,3084,卖盘
341,14:24:06,10.29,0.01,16,16464,买盘
342,14:24:03,10.28,--,2,2056,卖盘
343,14:24:00,10.28,-0.01,29,29811,卖盘
344,14:23:57,10.29,--,15,15434,买盘
345,14:23:54,10.29,0.01,11,11318,买盘
346,14:23:48,10.28,-0.01,252,259055,卖盘
347,14:23:45,10.29,--,8,8232,买盘
348,14:23:39,10.29,--,6,6173,买盘
349,14:23:36,10.29,0.01,16,16464,买盘
350,14:23:33,10.28,--,30,30839,卖盘
351,14:23:24,10.28,-0.01,61,62707,卖盘
352,14:23:21,10.29,0.01,10,10290,买盘
353,14:23:09,10.28,-0.01,41,42148,卖盘
354,14:23:06,10.29,0.01,17,17493,买盘
355,14:23:03,10.28,--,1,1028,卖盘
356,14:23:00,10.28,-0.01,18,18504,卖盘
357,14:22:57,10.29,--,2,2058,买盘
358,14:22:54,10.29,--,30,30869,买盘
359,14:22:48,10.29,0.01,588,605052,买盘
360,14:22:42,10.28,--,403,414284,卖盘
361,14:22:39,10.28,-0.01,5,5140,卖盘
362,14:22:36,10.29,0.01,16,16464,买盘
363,14:22:30,10.28,--,69,70932,卖盘
364,14:22:27,10.28,-0.01,1,1028,卖盘
365,14:22:24,10.29,--,6,6173,买盘
366,14:22:21,10.29,0.01,400,411599,买盘
367,14:22:18,10.28,-0.01,98,100744,卖盘
368,14:22:15,10.29,--,23,23666,买盘
369,14:22:12,10.29,0.01,35,36015,买盘
370,14:22:06,10.28,-0.01,72,74016,卖盘
371,14:22:03,10.29,--,40,41160,买盘
372,14:21:51,10.29,0.01,74,76146,买盘
373,14:21:45,10.28,-0.01,7,7196,卖盘
374,14:21:42,10.29,0.01,28,28811,买盘
375,14:21:39,10.28,-0.01,52,53456,卖盘
376,14:21:36,10.29,--,17,17493,买盘
377,14:21:30,10.29,0.01,22,22637,买盘
378,14:21:21,10.28,--,121,124387,卖盘
379,14:21:18,10.28,--,55,56540,卖盘
380,14:21:15,10.28,-0.01,2,2056,卖盘
381,14:21:06,10.29,0.01,16,16464,买盘
382,14:21:00,10.28,--,13,13364,卖盘
383,14:20:54,10.28,-0.01,10,10280,卖盘
384,14:20:51,10.29,0.01,896,921983,买盘
385,14:20:48,10.28,-0.01,57,58595,卖盘
386,14:20:45,10.29,--,59,60710,买盘
387,14:20:42,10.29,0.01,105,108044,买盘
388,14:20:36,10.28,-0.01,36,37008,卖盘
389,14:20:33,10.29,--,4,4116,买盘
390,14:20:30,10.29,0.01,899,925070,买盘
391,14:20:21,10.28,-0.01,200,205600,卖盘
392,14:20:18,10.29,--,210,216089,买盘
393,14:20:06,10.29,--,17,17493,买盘
394,14:20:03,10.29,0.01,8,8232,买盘
395,14:20:00,10.28,-0.01,13,13364,卖盘
396,14:19:54,10.29,--,31,31898,买盘
397,14:19:45,10.29,--,2,2058,买盘
398,14:19:42,10.29,--,5,5145,买盘
399,14:19:39,10.29,--,249,256220,买盘
400,14:19:36,10.29,--,16,16464,买盘
401,14:19:30,10.29,0.01,74,76146,买盘
402,14:19:24,10.28,--,90,92520,卖盘
403,14:19:12,10.28,-0.01,20,20560,卖盘
404,14:19:09,10.29,--,45,46304,买盘
405,14:19:06,10.29,0.01,24,24695,买盘
406,14:19:03,10.28,--,33,33924,卖盘
407,14:19:00,10.28,-0.01,1,1028,卖盘
408,14:18:57,10.29,--,230,236669,买盘
409,14:18:51,10.29,--,45,46304,买盘
410,14:18:36,10.29,0.01,16,16464,买盘
411,14:18:33,10.28,--,1,1028,卖盘
412,14:18:30,10.28,--,38,39064,卖盘
413,14:18:27,10.28,--,3,3084,卖盘
414,14:18:24,10.28,-0.01,50,51400,卖盘
415,14:18:18,10.29,0.01,274,281946,买盘
416,14:18:12,10.28,-0.01,10,10280,卖盘
417,14:18:09,10.29,--,10,10290,买盘
418,14:18:06,10.29,0.01,32,32928,买盘
419,14:18:03,10.28,-0.01,13,13364,卖盘
420,14:18:00,10.29,--,73,75117,买盘
421,14:17:57,10.29,0.01,9,9261,买盘
422,14:17:51,10.28,-0.01,18,18504,卖盘
423,14:17:39,10.29,0.01,200,205799,买盘
424,14:17:36,10.28,-0.01,36,37008,卖盘
425,14:17:33,10.29,--,18,18522,买盘
426,14:17:21,10.29,0.01,3,3086,买盘
427,14:17:18,10.28,-0.01,20,20560,卖盘
428,14:17:12,10.29,--,6,6173,买盘
429,14:17:06,10.29,--,16,16464,买盘
430,14:16:57,10.29,--,74,76146,买盘
431,14:16:54,10.29,--,200,205799,买盘
432,14:16:51,10.29,--,109,112160,买盘
433,14:16:42,10.29,0.01,1,1029,买盘
434,14:16:39,10.28,-0.01,20,20560,卖盘
435,14:16:36,10.29,--,47,48362,买盘
436,14:16:24,10.29,0.01,40,41160,买盘
437,14:16:18,10.28,-0.01,214,219992,卖盘
438,14:16:09,10.29,--,1799,1851170,买盘
439,14:16:06,10.29,0.01,29,29840,买盘
440,14:16:03,10.28,-0.01,50,51400,卖盘
441,14:15:51,10.29,--,74,76146,买盘
442,14:15:48,10.29,--,1,1029,买盘
443,14:15:42,10.29,0.01,1157,1190553,买盘
444,14:15:39,10.28,-0.01,2,2056,卖盘
445,14:15:36,10.29,--,16,16464,买盘
446,14:15:30,10.29,0.01,41,42189,买盘
447,14:15:27,10.28,--,10,10280,卖盘
448,14:15:24,10.28,--,15,15419,卖盘
449,14:15:12,10.28,--,59,60651,卖盘
450,14:15:03,10.28,--,192,197581,买盘
451,14:14:51,10.28,--,101,103828,买盘
452,14:14:48,10.28,--,18,18504,买盘
453,14:14:42,10.28,--,2,2056,买盘
454,14:14:39,10.28,--,74,76072,买盘
455,14:14:36,10.28,--,17,17476,买盘
456,14:14:30,10.28,--,118,121303,买盘
457,14:14:27,10.28,--,626,644350,卖盘
458,14:14:21,10.28,-0.01,1,1028,卖盘
459,14:14:18,10.29,--,42,43218,买盘
460,14:14:15,10.29,0.01,9,9261,买盘
461,14:14:09,10.28,--,25,25700,卖盘
462,14:14:06,10.28,--,382,392901,买盘
463,14:14:03,10.28,0.01,3,3084,买盘
464,14:14:00,10.27,-0.01,2,2054,卖盘
465,14:13:57,10.28,--,6,6168,买盘
466,14:13:48,10.28,--,62,63735,买盘
467,14:13:45,10.28,--,13,13364,买盘
468,14:13:42,10.28,--,5,5140,买盘
469,14:13:39,10.28,--,45,46260,买盘
470,14:13:36,10.28,0.01,1050,1079400,买盘
471,14:13:33,10.27,--,213,218751,卖盘
472,14:13:30,10.27,-0.01,5,5135,卖盘
473,14:13:18,10.28,--,74,76072,买盘
474,14:13:15,10.28,--,101,103828,买盘
475,14:13:06,10.28,0.01,17,17476,买盘
476,14:13:03,10.27,-0.01,3,3081,卖盘
477,14:12:36,10.28,0.01,16,16448,买盘
478,14:12:33,10.27,--,50,51350,卖盘
479,14:12:27,10.27,-0.01,13,13351,卖盘
480,14:12:24,10.28,--,58,59623,买盘
481,14:12:21,10.28,0.01,20,20560,买盘
482,14:12:12,10.27,-0.01,59,60593,卖盘
483,14:12:09,10.28,--,74,76072,买盘
484,14:12:06,10.28,--,519,533532,买盘
485,14:11:51,10.28,--,8,8224,买盘
486,14:11:48,10.28,--,100,102800,买盘
487,14:11:36,10.28,0.01,22,22616,买盘
488,14:11:33,10.27,-0.01,13,13351,卖盘
489,14:11:30,10.28,--,200,205600,买盘
490,14:11:15,10.28,0.01,8,8224,买盘
491,14:11:12,10.27,-0.01,100,102700,卖盘
492,14:11:06,10.28,--,16,16448,买盘
493,14:10:51,10.28,--,6,6168,买盘
494,14:10:48,10.28,--,74,76072,买盘
495,14:10:42,10.28,0.01,616,633248,买盘
496,14:10:36,10.27,-0.01,36,36972,卖盘
497,14:10:33,10.28,0.01,170,174760,买盘
498,14:10:30,10.27,--,25,25675,卖盘
499,14:10:24,10.27,--,1,1027,卖盘
500,14:10:15,10.27,-0.01,90,92430,卖盘
501,14:10:09,10.28,--,19,19532,买盘
502,14:10:06,10.28,--,90,92520,买盘
503,14:10:03,10.28,--,65,66820,买盘
504,14:09:57,10.28,--,35,35980,买盘
505,14:09:51,10.28,0.01,18,18504,买盘
506,14:09:48,10.27,--,29,29783,卖盘
507,14:09:42,10.27,--,202,207454,卖盘
508,14:09:39,10.27,-0.01,91,94340,卖盘
509,14:09:36,10.28,0.01,145,149060,买盘
510,14:09:33,10.27,--,20,20540,卖盘
511,14:09:30,10.27,--,26,26702,卖盘
512,14:09:24,10.27,--,20,20540,卖盘
513,14:09:18,10.27,-0.01,10,10270,卖盘
514,14:09:15,10.28,0.01,2,2056,买盘
515,14:09:12,10.27,-0.01,20,20540,卖盘
516,14:09:06,10.28,--,123,126443,买盘
517,14:09:03,10.28,0.01,496,509887,买盘
518,14:09:00,10.27,--,109,111943,卖盘
519,14:08:57,10.27,--,31,31837,卖盘
520,14:08:51,10.27,--,60,61620,卖盘
521,14:08:42,10.27,-0.01,30,30810,卖盘
522,14:08:36,10.28,0.01,16,16448,买盘
523,14:08:33,10.27,--,13,13351,卖盘
524,14:08:27,10.27,--,94,96538,卖盘
525,14:08:12,10.27,--,5,5135,卖盘
526,14:08:06,10.27,--,15,15405,卖盘
527,14:08:03,10.27,-0.01,5,5135,卖盘
528,14:08:00,10.28,--,22,22616,买盘
529,14:07:57,10.28,0.01,465,478019,买盘
530,14:07:51,10.27,--,30,30810,卖盘
531,14:07:45,10.27,--,101,103727,卖盘
532,14:07:39,10.27,--,5,5135,卖盘
533,14:07:36,10.27,--,91,93457,卖盘
534,14:07:27,10.27,--,64,65728,卖盘
535,14:07:21,10.27,--,10,10270,卖盘
536,14:07:18,10.27,--,100,102700,卖盘
537,14:07:15,10.27,--,80,82160,卖盘
538,14:07:09,10.27,-0.01,4,4108,卖盘
539,14:07:06,10.28,--,74,76072,买盘
540,14:06:42,10.28,0.01,40,41120,买盘
541,14:06:27,10.27,--,33,33891,卖盘
542,14:06:21,10.27,--,5,5135,卖盘
543,14:06:18,10.27,-0.01,53,54431,卖盘
544,14:06:00,10.28,0.01,300,308400,买盘
545,14:05:57,10.27,-0.01,6,6162,卖盘
546,14:05:54,10.28,0.01,74,76072,买盘
547,14:05:45,10.27,--,58,59566,卖盘
548,14:05:30,10.27,--,30,30810,卖盘
549,14:05:27,10.27,-0.01,4,4108,卖盘
550,14:05:24,10.28,--,4,4112,买盘
551,14:05:06,10.28,--,5,5140,买盘
552,14:04:57,10.28,--,36,37008,买盘
553,14:04:48,10.28,0.01,74,76072,买盘
554,14:04:45,10.27,-0.01,10,10270,卖盘
555,14:04:36,10.28,0.01,3,3084,买盘
556,14:04:33,10.27,-0.01,13,13351,卖盘
557,14:04:15,10.28,0.01,5,5140,买盘
558,14:04:12,10.27,--,204,209508,卖盘
559,14:04:00,10.27,--,15,15405,卖盘
560,14:03:51,10.27,-0.01,10,10270,卖盘
561,14:03:48,10.28,0.01,11,11308,买盘
562,14:03:42,10.27,--,419,430313,卖盘
563,14:03:36,10.27,-0.01,1,1027,卖盘
564,14:03:33,10.28,0.01,26,26728,买盘
565,14:03:27,10.27,--,87,89349,卖盘
566,14:03:21,10.27,--,30,30810,卖盘
567,14:03:18,10.27,--,5,5135,卖盘
568,14:03:06,10.27,-0.01,30,30810,卖盘
569,14:03:03,10.28,0.01,117,120275,买盘
570,14:03:00,10.27,--,10,10270,卖盘
571,14:02:51,10.27,--,1,1027,卖盘
572,14:02:33,10.27,--,418,429286,卖盘
573,14:02:27,10.27,--,13,13351,卖盘
574,14:02:24,10.27,-0.01,110,112970,卖盘
575,14:02:21,10.28,--,30,30839,买盘
576,14:02:18,10.28,0.01,92,94576,买盘
577,14:02:15,10.27,--,60,61620,卖盘
578,14:02:12,10.27,-0.01,43,44161,卖盘
579,14:02:09,10.28,0.01,60,61679,买盘
580,14:01:48,10.27,-0.01,20,20540,卖盘
581,14:01:36,10.28,0.01,6,6168,买盘
582,14:01:33,10.27,-0.01,15,15405,卖盘
583,14:01:30,10.28,0.01,3,3084,买盘
584,14:01:27,10.27,--,13,13351,卖盘
585,14:01:21,10.27,-0.01,4,4108,卖盘
586,14:01:15,10.28,0.01,8,8224,买盘
587,14:01:06,10.27,--,81,83187,卖盘
588,14:01:03,10.27,--,75,77025,卖盘
589,14:00:57,10.27,--,5,5135,卖盘
590,14:00:54,10.27,-0.01,15,15405,卖盘
591,14:00:36,10.28,--,22,22616,买盘
592,14:00:30,10.28,0.01,8,8224,买盘
593,14:00:24,10.27,--,11,11831,卖盘
594,14:00:21,10.27,--,11,11297,卖盘
595,14:00:15,10.27,--,26,26702,卖盘
596,14:00:09,10.27,-0.01,60,61620,卖盘
597,14:00:06,10.28,0.01,19,19532,买盘
598,14:00:03,10.27,--,56,57943,卖盘
599,13:59:54,10.27,--,10,10270,卖盘
600,13:59:45,10.27,--,2,2054,卖盘
601,13:59:42,10.27,--,15,15405,卖盘
602,13:59:39,10.27,-0.01,89,91403,卖盘
603,13:59:36,10.28,0.01,170,174760,买盘
604,13:59:30,10.27,--,9,9243,卖盘
605,13:59:21,10.27,--,10,10270,卖盘
606,13:59:18,10.27,-0.01,10,10270,卖盘
607,13:59:06,10.28,--,20,20560,买盘
608,13:59:03,10.28,--,5,5140,买盘
609,13:59:00,10.28,--,20,20560,买盘
610,13:58:51,10.28,--,3,3084,买盘
611,13:58:48,10.28,0.01,10,10280,买盘
612,13:58:39,10.27,-0.01,1,1027,卖盘
613,13:58:36,10.28,--,20,20560,买盘
614,13:58:33,10.28,--,50,51400,买盘
615,13:58:30,10.28,--,74,76072,买盘
616,13:58:24,10.28,--,6,6168,买盘
617,13:58:21,10.28,-0.01,50,51400,买盘
618,13:58:15,10.29,0.02,500,514499,买盘
619,13:58:09,10.27,-0.01,23,23621,卖盘
620,13:58:06,10.28,-0.01,24,24672,中性盘
621,13:58:00,10.29,0.02,800,823199,买盘
622,13:57:54,10.27,-0.01,19,19513,卖盘
623,13:57:42,10.28,0.01,200,205600,买盘
624,13:57:39,10.27,-0.01,20,20540,卖盘
625,13:57:36,10.28,0.01,20,20560,买盘
626,13:57:33,10.27,--,2,2054,卖盘
627,13:57:27,10.27,-0.01,37,37999,卖盘
628,13:57:24,10.28,--,12,12336,买盘
629,13:57:21,10.28,0.01,116,119247,买盘
630,13:57:15,10.27,-0.01,90,92430,卖盘
631,13:57:06,10.28,--,20,20560,买盘
632,13:57:00,10.28,--,1,1028,买盘
633,13:56:45,10.28,--,10,10280,买盘
634,13:56:42,10.28,--,5,5140,买盘
635,13:56:36,10.28,0.01,20,20560,买盘
636,13:56:27,10.27,--,1,1027,卖盘
637,13:56:24,10.27,-0.01,148,151996,卖盘
638,13:56:21,10.28,--,524,538672,卖盘
639,13:56:15,10.28,--,2,2056,卖盘
640,13:56:12,10.28,--,150,154200,买盘
641,13:56:06,10.28,--,35,35980,买盘
642,13:56:03,10.28,--,74,76072,买盘
643,13:56:00,10.28,--,18,18504,买盘
644,13:55:48,10.28,--,100,102800,买盘
645,13:55:45,10.28,--,5,5140,买盘
646,13:55:42,10.28,--,2,2056,买盘
647,13:55:36,10.28,0.01,20,20560,买盘
648,13:55:24,10.27,-0.01,148,151996,卖盘
649,13:55:06,10.28,-0.01,23,23644,卖盘
650,13:54:57,10.29,0.01,74,76146,买盘
651,13:54:51,10.28,--,10,10280,买盘
652,13:54:45,10.28,-0.01,90,92520,卖盘
653,13:54:39,10.29,--,59,60710,买盘
654,13:54:36,10.29,0.01,20,20580,买盘
655,13:54:33,10.28,-0.01,100,102800,卖盘
656,13:54:30,10.29,0.01,30,30869,买盘
657,13:54:27,10.28,--,100,102800,卖盘
658,13:54:24,10.28,--,50,51400,卖盘
659,13:54:21,10.28,--,108,111024,卖盘
660,13:54:15,10.28,-0.01,100,102800,卖盘
661,13:54:09,10.29,0.01,20,20580,买盘
662,13:54:06,10.28,--,70,71960,卖盘
663,13:54:03,10.28,--,50,51400,卖盘
664,13:54:00,10.28,--,145,149060,卖盘
665,13:53:54,10.28,--,15,15419,卖盘
666,13:53:51,10.28,--,15,15419,卖盘
667,13:53:48,10.28,--,106,108968,卖盘
668,13:53:45,10.28,-0.01,4,4112,卖盘
669,13:53:42,10.29,--,74,76146,买盘
670,13:53:36,10.29,--,20,20580,买盘
671,13:53:33,10.29,0.01,30,30869,买盘
672,13:53:30,10.28,--,39,40092,卖盘
673,13:53:27,10.28,-0.01,35,35980,卖盘
674,13:53:24,10.29,0.01,100,102899,买盘
675,13:53:18,10.28,-0.01,150,154200,卖盘
676,13:53:15,10.29,0.01,81,83349,买盘
677,13:53:09,10.28,-0.01,3,3084,卖盘
678,13:53:06,10.29,--,20,20580,买盘
679,13:53:03,10.29,0.01,30,30869,买盘
680,13:53:00,10.28,--,101,103828,卖盘
681,13:52:57,10.28,--,119,122331,卖盘
682,13:52:54,10.28,--,20,20560,卖盘
683,13:52:51,10.28,--,25,25700,卖盘
684,13:52:48,10.28,--,2,2056,卖盘
685,13:52:45,10.28,--,88,90464,卖盘
686,13:52:42,10.28,--,95,97660,卖盘
687,13:52:39,10.28,--,757,778196,卖盘
688,13:52:36,10.28,--,31,31867,卖盘
689,13:52:33,10.28,-0.01,114,117191,卖盘
690,13:52:30,10.29,--,80,82320,买盘
691,13:52:21,10.29,--,74,76146,买盘
692,13:52:15,10.29,0.01,1,1029,买盘
693,13:52:12,10.28,--,16,16448,卖盘
694,13:52:06,10.28,--,30,30839,卖盘
695,13:52:03,10.28,-0.01,39,40092,卖盘
696,13:52:00,10.29,--,30,30869,买盘
697,13:51:45,10.29,--,27,27782,买盘
698,13:51:39,10.29,--,50,51449,买盘
699,13:51:36,10.29,0.01,22,22637,买盘
700,13:51:33,10.28,--,5,5140,卖盘
701,13:51:27,10.28,-0.01,60,61679,卖盘
702,13:51:24,10.29,0.01,180,185219,买盘
703,13:51:21,10.28,-0.01,15,15419,卖盘
704,13:51:15,10.29,--,25,25724,买盘
705,13:51:12,10.29,--,97,99812,买盘
706,13:51:09,10.29,--,527,542283,买盘
707,13:51:06,10.29,--,40,41160,买盘
708,13:50:57,10.29,0.01,1582,1627877,买盘
709,13:50:54,10.28,--,6,6168,卖盘
710,13:50:51,10.28,-0.01,4,4112,卖盘
711,13:50:48,10.29,0.01,200,205799,买盘
712,13:50:45,10.28,--,190,195320,卖盘
713,13:50:42,10.28,-0.01,509,523251,卖盘
714,13:50:39,10.29,--,110,113189,买盘
715,13:50:36,10.29,--,45,46304,买盘
716,13:50:33,10.29,--,378,388961,买盘
717,13:50:30,10.29,0.01,1,1029,买盘
718,13:50:27,10.28,--,5,5140,卖盘
719,13:50:24,10.28,--,30,30839,卖盘
720,13:50:21,10.28,--,1303,1339484,买盘
721,13:50:18,10.28,--,85,87380,买盘
722,13:50:15,10.28,--,30,30839,买盘
723,13:50:12,10.28,--,103,105884,买盘
724,13:50:09,10.28,--,20,20560,买盘
725,13:50:06,10.28,0.01,562,577736,买盘
726,13:50:03,10.27,-0.01,8,8216,卖盘
727,13:50:00,10.28,--,1323,1360044,买盘
728,13:49:57,10.28,--,189,194292,买盘
729,13:49:54,10.28,0.01,1878,1930583,买盘
730,13:49:51,10.27,--,10,10270,卖盘
731,13:49:42,10.27,--,19,19513,卖盘
732,13:49:39,10.27,--,20,20540,卖盘
733,13:49:33,10.27,--,1661,1706011,买盘
734,13:49:30,10.27,--,20,20540,买盘
735,13:49:24,10.27,--,653,670631,买盘
736,13:49:15,10.27,0.01,2000,2054000,买盘
737,13:49:12,10.26,-0.01,10,10260,卖盘
738,13:49:06,10.27,0.01,20,20540,买盘
739,13:49:03,10.26,-0.01,1,1026,卖盘
740,13:48:54,10.27,0.01,76,78052,买盘
741,13:48:48,10.26,-0.01,22,22572,卖盘
742,13:48:45,10.27,--,3,3081,买盘
743,13:48:39,10.27,--,74,75998,买盘
744,13:48:36,10.27,0.01,20,20540,买盘
745,13:48:33,10.26,-0.01,10,10260,卖盘
746,13:48:30,10.27,--,80,82160,买盘
747,13:48:27,10.27,0.01,28,28756,买盘
748,13:48:24,10.26,--,2,2052,卖盘
749,13:48:15,10.26,-0.01,100,102600,卖盘
750,13:48:12,10.27,--,20,20540,买盘
751,13:48:06,10.27,0.01,22,22594,买盘
752,13:48:03,10.26,-0.01,50,51300,卖盘
753,13:48:00,10.27,0.01,14,14378,买盘
754,13:47:57,10.26,--,2,2052,卖盘
755,13:47:54,10.26,--,10,10260,卖盘
756,13:47:51,10.26,--,29,29754,卖盘
757,13:47:48,10.26,-0.01,4,4104,卖盘
758,13:47:36,10.27,--,19,19513,买盘
759,13:47:30,10.27,0.01,74,75998,买盘
760,13:47:27,10.26,--,28,28728,卖盘
761,13:47:24,10.26,-0.01,0,123,卖盘
762,13:47:15,10.27,0.01,29,29783,买盘
763,13:47:06,10.26,--,4,4104,卖盘
764,13:47:03,10.26,--,2,2052,卖盘
765,13:47:00,10.26,-0.01,30,30780,卖盘
766,13:46:48,10.27,0.01,80,82160,买盘
767,13:46:39,10.26,-0.01,1,1026,卖盘
768,13:46:33,10.27,--,4,4108,买盘
769,13:46:30,10.27,0.01,3,3081,买盘
770,13:46:27,10.26,--,2,2052,卖盘
771,13:46:24,10.26,--,5,5130,卖盘
772,13:46:15,10.26,-0.01,2,2052,卖盘
773,13:46:12,10.27,0.01,74,75998,买盘
774,13:46:09,10.26,-0.01,11,11286,卖盘
775,13:46:06,10.27,0.01,1,1027,买盘
776,13:45:57,10.26,-0.01,6,6156,卖盘
777,13:45:51,10.27,0.01,62,63674,买盘
778,13:45:48,10.26,--,2,2052,卖盘
779,13:45:45,10.26,--,6,6156,卖盘
780,13:45:42,10.26,-0.01,5,5130,卖盘
781,13:45:36,10.27,0.01,2,2054,买盘
782,13:45:33,10.26,--,10,10260,卖盘
783,13:45:24,10.26,-0.01,2,2052,卖盘
784,13:45:06,10.27,--,94,96538,买盘
785,13:45:03,10.27,0.01,1,1027,买盘
786,13:45:00,10.26,--,54,55404,卖盘
787,13:44:57,10.26,--,45,46170,卖盘
788,13:44:48,10.26,--,4,4104,卖盘
789,13:44:45,10.26,--,4,4104,卖盘
790,13:44:42,10.26,-0.01,10,10260,卖盘
791,13:44:36,10.27,0.01,82,84214,买盘
792,13:44:33,10.26,--,20,20520,卖盘
793,13:44:30,10.26,--,88,90288,卖盘
794,13:44:09,10.26,-0.01,2,2052,卖盘
795,13:44:06,10.27,--,2,2054,买盘
796,13:43:54,10.27,0.01,74,75998,买盘
797,13:43:45,10.26,--,58,59508,卖盘
798,13:43:42,10.26,--,38,38988,卖盘
799,13:43:39,10.26,-0.01,32,32832,卖盘
800,13:43:36,10.27,--,2,2054,买盘
801,13:43:33,10.27,0.01,271,278317,买盘
802,13:43:18,10.26,--,1,1026,卖盘
803,13:43:12,10.26,--,125,128250,卖盘
804,13:43:06,10.26,--,15,15390,卖盘
805,13:43:03,10.26,--,15,15390,卖盘
806,13:43:00,10.26,--,505,518130,卖盘
807,13:42:54,10.26,--,2,2052,卖盘
808,13:42:51,10.26,-0.01,25,25650,卖盘
809,13:42:48,10.27,--,99,101673,买盘
810,13:42:39,10.27,0.01,74,75998,买盘
811,13:42:36,10.26,--,10,10260,卖盘
812,13:42:30,10.26,--,2,2052,卖盘
813,13:42:24,10.26,--,16,16416,卖盘
814,13:42:09,10.26,--,10,10260,卖盘
815,13:42:03,10.26,-0.01,12,12312,卖盘
816,13:42:00,10.27,0.01,10,10270,买盘
817,13:41:54,10.26,--,54,55404,卖盘
818,13:41:45,10.26,--,65,66690,卖盘
819,13:41:42,10.26,-0.01,10,10260,卖盘
820,13:41:33,10.27,--,74,75998,买盘
821,13:41:24,10.27,0.01,120,123240,买盘
822,13:41:03,10.26,-0.01,5,5130,卖盘
823,13:40:54,10.27,0.01,46,47242,买盘
824,13:40:48,10.26,--,10,10260,卖盘
825,13:40:45,10.26,-0.01,3,3078,卖盘
826,13:40:39,10.27,0.01,50,51350,买盘
827,13:40:33,10.26,-0.01,14,14364,卖盘
828,13:40:27,10.27,0.01,100,102700,买盘
829,13:40:24,10.26,-0.01,2,2052,卖盘
830,13:40:18,10.27,0.01,74,75998,买盘
831,13:40:06,10.26,-0.01,120,123120,卖盘
832,13:40:03,10.27,0.01,105,107835,买盘
833,13:40:00,10.26,-0.01,9,9234,卖盘
834,13:39:57,10.27,--,100,102700,买盘
835,13:39:54,10.27,--,7,7189,买盘
836,13:39:48,10.27,--,50,51350,买盘
837,13:39:45,10.27,--,79,81995,卖盘
838,13:39:42,10.27,--,10,10270,卖盘
839,13:39:39,10.27,-0.01,59,60593,卖盘
840,13:39:36,10.28,--,19,19532,买盘
841,13:39:33,10.28,0.01,11,11308,买盘
842,13:39:30,10.27,--,20,20540,卖盘
843,13:39:24,10.27,--,5,5135,卖盘
844,13:39:21,10.27,-0.01,20,20540,卖盘
845,13:39:18,10.28,0.01,30,30839,买盘
846,13:39:15,10.27,--,308,316316,卖盘
847,13:39:12,10.27,--,89,91403,卖盘
848,13:39:09,10.27,-0.01,20,20540,卖盘
849,13:39:06,10.28,0.01,22,22616,买盘
850,13:39:03,10.27,--,63,64865,买盘
851,13:39:00,10.27,--,46,48104,卖盘
852,13:38:57,10.27,--,20,20540,卖盘
853,13:38:51,10.27,--,50,51350,卖盘
854,13:38:45,10.27,--,5,5135,卖盘
855,13:38:42,10.27,--,28,28756,卖盘
856,13:38:39,10.27,--,480,493124,买盘
857,13:38:36,10.27,0.01,265,272155,买盘
858,13:38:33,10.26,-0.01,69,70794,卖盘
859,13:38:30,10.27,--,12,12324,买盘
860,13:38:27,10.27,--,1604,1647308,买盘
861,13:38:24,10.27,--,18,18486,买盘
862,13:38:21,10.27,--,10,10270,买盘
863,13:38:18,10.27,--,34,34918,买盘
864,13:38:15,10.27,--,110,112970,买盘
865,13:38:12,10.27,0.01,791,812357,买盘
866,13:38:09,10.26,-0.01,2,2052,卖盘
867,13:38:06,10.27,--,62,63674,买盘
868,13:38:00,10.27,--,515,528905,买盘
869,13:37:57,10.27,--,23,23621,买盘
870,13:37:54,10.27,--,20,20540,买盘
871,13:37:51,10.27,--,148,151996,买盘
872,13:37:48,10.27,0.01,7,7189,买盘
873,13:37:45,10.26,-0.01,3,3078,卖盘
874,13:37:42,10.27,--,931,956137,买盘
875,13:37:39,10.27,--,50,51350,买盘
876,13:37:36,10.27,--,26,26702,买盘
877,13:37:33,10.27,--,13,13351,买盘
878,13:37:30,10.27,--,6,6162,买盘
879,13:37:27,10.27,--,5,5135,买盘
880,13:37:18,10.27,--,535,549445,买盘
881,13:37:15,10.27,--,26,26702,买盘
882,13:37:12,10.27,--,635,652145,买盘
883,13:37:06,10.27,--,18,18486,买盘
884,13:37:03,10.27,--,20,20540,买盘
885,13:37:00,10.27,--,358,367666,买盘
886,13:36:54,10.27,--,1,1027,买盘
887,13:36:51,10.27,--,5,5135,买盘
888,13:36:48,10.27,0.01,9,9243,买盘
889,13:36:45,10.26,-0.01,22,22572,卖盘
890,13:36:42,10.27,--,40,41080,买盘
891,13:36:39,10.27,--,432,443664,买盘
892,13:36:36,10.27,--,18,18486,买盘
893,13:36:33,10.27,--,543,557661,买盘
894,13:36:30,10.27,0.01,7,7189,买盘
895,13:36:27,10.26,-0.01,1,1026,卖盘
896,13:36:24,10.27,0.01,6,6162,买盘
897,13:36:18,10.26,--,67,68742,卖盘
898,13:36:15,10.26,-0.01,28,28728,卖盘
899,13:36:12,10.27,--,126,129402,买盘
900,13:36:06,10.27,0.01,18,18486,买盘
901,13:35:57,10.26,-0.01,100,102600,卖盘
902,13:35:54,10.27,--,115,118105,买盘
903,13:35:51,10.27,--,3,3081,买盘
904,13:35:36,10.27,--,37,37999,买盘
905,13:35:33,10.27,0.01,98,100646,买盘
906,13:35:27,10.26,--,20,20520,卖盘
907,13:35:24,10.26,-0.01,20,20520,卖盘
908,13:35:21,10.27,--,765,785655,买盘
909,13:35:18,10.27,--,30,30810,买盘
910,13:35:12,10.27,--,10,10270,买盘
911,13:35:09,10.27,--,5,5135,买盘
912,13:35:06,10.27,--,85,87295,买盘
913,13:35:03,10.27,--,1524,1565148,买盘
914,13:35:00,10.27,--,160,164320,买盘
915,13:34:57,10.27,--,503,516581,买盘
916,13:34:54,10.27,--,20,20540,买盘
917,13:34:42,10.27,0.01,10,10270,买盘
918,13:34:39,10.26,-0.01,10,10260,卖盘
919,13:34:36,10.27,--,18,18486,买盘
920,13:34:33,10.27,--,5,5135,买盘
921,13:34:21,10.27,0.01,77,79079,买盘
922,13:34:15,10.26,--,17,17442,卖盘
923,13:34:12,10.26,-0.01,10,10260,卖盘
924,13:34:09,10.27,--,513,526851,买盘
925,13:34:06,10.27,--,18,18486,买盘
926,13:34:03,10.27,0.01,30,30810,买盘
927,13:33:57,10.26,--,60,61560,卖盘
928,13:33:42,10.26,-0.01,20,20520,卖盘
929,13:33:39,10.27,--,15,15405,买盘
930,13:33:36,10.27,0.01,28,28756,买盘
931,13:33:24,10.26,-0.01,37,37962,卖盘
932,13:33:18,10.27,0.01,20,20540,买盘
933,13:33:12,10.26,-0.01,2,2052,卖盘
934,13:33:06,10.27,0.01,92,94484,买盘
935,13:33:03,10.26,-0.01,10,10260,卖盘
936,13:33:00,10.27,0.01,9,9243,买盘
937,13:32:57,10.26,--,20,20520,卖盘
938,13:32:51,10.26,--,30,30780,卖盘
939,13:32:48,10.26,--,50,51300,卖盘
940,13:32:42,10.26,--,580,595080,卖盘
941,13:32:36,10.26,--,121,124310,买盘
942,13:32:33,10.26,--,649,665874,买盘
943,13:32:30,10.26,--,1,1026,买盘
944,13:32:21,10.26,0.01,1756,1801656,买盘
945,13:32:18,10.25,--,4,4100,卖盘
946,13:32:12,10.25,-0.01,2,2050,卖盘
947,13:32:06,10.26,--,17,17442,买盘
948,13:32:03,10.26,--,3,3078,买盘
949,13:32:00,10.26,0.01,74,75924,买盘
950,13:31:57,10.25,-0.01,2,2050,卖盘
951,13:31:36,10.26,0.01,18,18468,买盘
952,13:31:33,10.25,-0.01,2,2050,卖盘
953,13:31:30,10.26,--,76,77976,买盘
954,13:31:21,10.26,--,2,2052,买盘
955,13:31:12,10.26,--,631,648267,卖盘
956,13:31:09,10.26,--,104,106704,卖盘
957,13:31:06,10.26,--,101,103626,卖盘
958,13:31:03,10.26,-0.01,248,254448,卖盘
959,13:31:00,10.27,0.01,22,22594,买盘
960,13:30:57,10.26,-0.01,16,16416,卖盘
961,13:30:54,10.27,0.01,17,17459,买盘
962,13:30:51,10.26,--,500,513000,卖盘
963,13:30:48,10.26,--,5,5130,卖盘
964,13:30:45,10.26,-0.01,121,124146,卖盘
965,13:30:42,10.27,0.01,22,22594,买盘
966,13:30:39,10.26,-0.01,66,67716,卖盘
967,13:30:36,10.27,--,35,35945,买盘
968,13:30:33,10.27,--,2,2054,买盘
969,13:30:30,10.27,--,17,17459,买盘
970,13:30:27,10.27,0.01,21,21567,买盘
971,13:30:24,10.26,--,21,21546,卖盘
972,13:30:21,10.26,--,10,10260,卖盘
973,13:30:18,10.26,--,6,6156,卖盘
974,13:30:15,10.26,-0.01,15,15390,卖盘
975,13:30:12,10.27,0.01,23,23621,买盘
976,13:30:09,10.26,--,33,33858,卖盘
977,13:30:06,10.26,--,23,23598,卖盘
978,13:30:03,10.26,--,12,12312,卖盘
979,13:30:00,10.26,--,50,51300,卖盘
980,13:29:57,10.26,--,40,41040,卖盘
981,13:29:54,10.26,--,214,219564,卖盘
982,13:29:51,10.26,--,9,9234,卖盘
983,13:29:48,10.26,--,114,116964,卖盘
984,13:29:45,10.26,--,41,42661,卖盘
985,13:29:42,10.26,--,161,165186,卖盘
986,13:29:39,10.26,-0.01,30,30780,卖盘
987,13:29:36,10.27,0.01,218,223886,买盘
988,13:29:33,10.26,-0.01,103,105678,卖盘
989,13:29:30,10.27,0.01,206,211562,买盘
990,13:29:27,10.26,--,18,18468,卖盘
991,13:29:24,10.26,--,218,223668,卖盘
992,13:29:21,10.26,-0.01,118,121068,卖盘
993,13:29:18,10.27,--,10,10270,买盘
994,13:29:15,10.27,0.01,23,23621,买盘
995,13:29:12,10.26,-0.01,85,87210,卖盘
996,13:29:09,10.27,--,82,84214,买盘
997,13:29:06,10.27,0.01,18,18486,买盘
998,13:29:03,10.26,--,102,104652,卖盘
999,13:29:00,10.26,--,41,42661,卖盘
1000,13:28:57,10.26,-0.01,16,16416,卖盘
1001,13:28:54,10.27,--,3,3081,买盘
1002,13:28:48,10.27,--,117,120159,买盘
1003,13:28:36,10.27,--,20,20540,买盘
1004,13:28:30,10.27,--,60,61620,买盘
1005,13:28:27,10.27,0.01,1,1027,买盘
1006,13:28:24,10.26,--,20,20520,卖盘
1007,13:28:21,10.26,-0.01,30,30780,卖盘
1008,13:28:15,10.27,0.01,116,119132,买盘
1009,13:28:12,10.26,--,626,642276,卖盘
1010,13:28:06,10.26,--,23,23598,卖盘
1011,13:28:00,10.26,--,50,51300,卖盘
1012,13:27:57,10.26,--,13,13338,卖盘
1013,13:27:54,10.26,-0.01,5,5130,卖盘
1014,13:27:51,10.27,0.01,4,4108,买盘
1015,13:27:48,10.26,-0.01,2,2052,卖盘
1016,13:27:45,10.27,0.01,160,164320,买盘
1017,13:27:42,10.26,--,10,10260,卖盘
1018,13:27:39,10.26,-0.01,124,127224,卖盘
1019,13:27:36,10.27,--,68,69836,买盘
1020,13:27:33,10.27,0.01,30,30810,买盘
1021,13:27:27,10.26,--,53,54378,卖盘
1022,13:27:24,10.26,--,118,121068,卖盘
1023,13:27:21,10.26,-0.01,12,12312,卖盘
1024,13:27:18,10.27,0.01,40,41080,买盘
1025,13:27:15,10.26,-0.01,21,21546,卖盘
1026,13:27:12,10.27,0.01,10,10270,买盘
1027,13:27:09,10.26,--,110,112860,卖盘
1028,13:27:06,10.26,--,103,105678,卖盘
1029,13:27:03,10.26,-0.01,60,61560,卖盘
1030,13:27:00,10.27,--,1,1027,买盘
1031,13:26:57,10.27,--,103,105781,买盘
1032,13:26:54,10.27,0.01,50,51350,买盘
1033,13:26:48,10.26,-0.01,10,10260,卖盘
1034,13:26:45,10.27,--,100,102700,买盘
1035,13:26:42,10.27,0.01,200,205400,买盘
1036,13:26:39,10.26,-0.01,41,42066,卖盘
1037,13:26:36,10.27,--,27,27729,买盘
1038,13:26:33,10.27,--,27,27729,买盘
1039,13:26:24,10.27,0.01,1,1027,买盘
1040,13:26:21,10.26,--,31,31806,卖盘
1041,13:26:18,10.26,-0.01,283,290358,卖盘
1042,13:26:12,10.27,--,110,112970,买盘
1043,13:26:09,10.27,0.01,30,30810,买盘
1044,13:26:06,10.26,--,102,104652,卖盘
1045,13:26:03,10.26,--,27,27702,卖盘
1046,13:26:00,10.26,--,5,5130,卖盘
1047,13:25:57,10.26,--,3412,3500712,买盘
1048,13:25:54,10.26,0.01,1,1026,买盘
1049,13:25:51,10.25,-0.01,50,51250,卖盘
1050,13:25:48,10.26,0.01,293,300618,买盘
1051,13:25:45,10.25,--,51,52275,卖盘
1052,13:25:42,10.25,-0.01,2,2050,卖盘
1053,13:25:36,10.26,--,48,49248,买盘
1054,13:25:33,10.26,0.01,5,5130,买盘
1055,13:25:30,10.25,--,13,13325,卖盘
1056,13:25:27,10.25,--,15,15375,卖盘
1057,13:25:24,10.25,--,123,126075,卖盘
1058,13:25:15,10.25,--,42,43050,卖盘
1059,13:25:09,10.25,--,449,460788,买盘
1060,13:25:06,10.25,0.01,345,353625,买盘
1061,13:25:03,10.24,-0.01,6,6144,卖盘
1062,13:24:57,10.25,--,32,32800,买盘
1063,13:24:54,10.25,0.01,15,15375,买盘
1064,13:24:51,10.24,-0.01,3,3072,卖盘
1065,13:24:48,10.25,--,1098,1125450,买盘
1066,13:24:45,10.25,--,34,34850,买盘
1067,13:24:33,10.25,--,1,1025,买盘
1068,13:24:30,10.25,--,10,10250,买盘
1069,13:24:27,10.25,--,1101,1128525,买盘
1070,13:24:15,10.25,0.01,22,22550,买盘
1071,13:24:12,10.24,-0.01,10,10240,卖盘
1072,13:24:06,10.25,0.01,98,100450,买盘
1073,13:24:00,10.24,--,2,2048,卖盘
1074,13:23:57,10.24,--,42,43008,卖盘
1075,13:23:54,10.24,-0.01,1,1024,卖盘
1076,13:23:42,10.25,--,50,51250,买盘
1077,13:23:30,10.25,0.01,390,399750,买盘
1078,13:23:12,10.24,--,5,5120,卖盘
1079,13:23:09,10.24,-0.01,20,20480,卖盘
1080,13:22:57,10.25,0.01,1,1025,买盘
1081,13:22:54,10.24,--,27,27648,卖盘
1082,13:22:45,10.24,--,3,3072,卖盘
1083,13:22:42,10.24,-0.01,10,10240,卖盘
1084,13:22:39,10.25,0.01,486,498150,买盘
1085,13:22:36,10.24,--,33,33792,卖盘
1086,13:22:30,10.24,-0.01,40,40960,卖盘
1087,13:22:24,10.25,0.01,40,41000,买盘
1088,13:22:21,10.24,-0.01,5,5120,卖盘
1089,13:22:18,10.25,0.01,19,19475,买盘
1090,13:22:15,10.24,--,8,8192,卖盘
1091,13:22:12,10.24,--,31,31744,卖盘
1092,13:22:09,10.24,--,23,23552,卖盘
1093,13:21:57,10.24,--,6,6144,卖盘
1094,13:21:51,10.24,--,300,307200,卖盘
1095,13:21:45,10.24,--,2,2048,卖盘
1096,13:21:39,10.24,--,10,10240,卖盘
1097,13:21:24,10.24,--,10,10240,卖盘
1098,13:21:21,10.24,--,2,2048,卖盘
1099,13:21:18,10.24,--,70,71680,卖盘
1100,13:21:09,10.24,--,1,1024,卖盘
1101,13:21:03,10.24,--,1,1024,卖盘
1102,13:21:00,10.24,-0.01,7,7168,卖盘
1103,13:20:57,10.25,0.01,35,35875,买盘
1104,13:20:54,10.24,-0.01,2,2048,卖盘
1105,13:20:39,10.25,0.01,7,7175,买盘
1106,13:20:33,10.24,--,19,19456,卖盘
1107,13:20:30,10.24,-0.01,2,2048,卖盘
1108,13:20:27,10.25,0.01,20,20500,买盘
1109,13:20:24,10.24,--,20,20480,卖盘
1110,13:20:21,10.24,-0.01,83,84992,卖盘
1111,13:20:18,10.25,--,5,5125,买盘
1112,13:20:15,10.25,0.01,1,1025,买盘
1113,13:20:06,10.24,-0.01,22,22528,卖盘
1114,13:19:45,10.25,--,39,39975,买盘
1115,13:19:42,10.25,0.01,102,104550,买盘
1116,13:19:39,10.24,-0.01,20,20480,卖盘
1117,13:19:33,10.25,--,260,266500,买盘
1118,13:19:27,10.25,--,20,20500,买盘
1119,13:19:24,10.25,0.01,10,10250,买盘
1120,13:19:15,10.24,-0.01,113,115712,卖盘
1121,13:19:09,10.25,--,20,20500,买盘
1122,13:19:03,10.25,--,70,71750,买盘
1123,13:19:00,10.25,--,27,27675,买盘
1124,13:18:57,10.25,0.01,24,24600,买盘
1125,13:18:51,10.24,--,2,2048,卖盘
1126,13:18:48,10.24,--,56,57344,卖盘
1127,13:18:42,10.24,-0.01,25,25600,卖盘
1128,13:18:39,10.25,--,20,20500,买盘
1129,13:18:33,10.25,0.01,80,82000,买盘
1130,13:18:27,10.24,--,5,5120,卖盘
1131,13:18:24,10.24,--,2,2048,卖盘
1132,13:18:15,10.24,-0.01,20,20480,中性盘
1133,13:18:09,10.25,0.01,436,446900,买盘
1134,13:18:06,10.24,--,732,749568,买盘
1135,13:18:00,10.24,--,128,131072,买盘
1136,13:17:51,10.24,--,300,307200,买盘
1137,13:17:48,10.24,--,40,40960,买盘
1138,13:17:45,10.24,0.01,210,215040,买盘
1139,13:17:36,10.23,-0.01,4,4092,卖盘
1140,13:17:30,10.24,--,10,10240,买盘
1141,13:17:21,10.24,--,40,40960,买盘
1142,13:17:12,10.24,0.01,15,15360,买盘
1143,13:17:09,10.23,-0.01,2,2046,卖盘
1144,13:17:00,10.24,0.01,509,521216,买盘
1145,13:16:54,10.23,-0.01,129,131967,卖盘
1146,13:16:48,10.24,--,50,51200,买盘
1147,13:16:45,10.24,--,8,8192,买盘
1148,13:16:33,10.24,0.01,200,204800,买盘
1149,13:16:21,10.23,-0.01,3,3069,卖盘
1150,13:16:18,10.24,--,3,3072,买盘
1151,13:16:15,10.24,0.01,750,768000,买盘
1152,13:16:12,10.23,--,65,66495,卖盘
1153,13:15:57,10.23,-0.01,26,26598,卖盘
1154,13:15:42,10.24,0.01,20,20480,买盘
1155,13:15:36,10.23,-0.01,15,15345,卖盘
1156,13:15:33,10.24,0.01,179,183296,买盘
1157,13:15:30,10.23,-0.01,2,2046,卖盘
1158,13:15:27,10.24,--,3,3072,买盘
1159,13:15:24,10.24,0.01,150,153600,买盘
1160,13:15:18,10.23,-0.01,70,71610,卖盘
1161,13:15:12,10.24,0.01,600,614400,买盘
1162,13:15:06,10.23,--,2,2046,卖盘
1163,13:15:03,10.23,-0.01,60,61380,卖盘
1164,13:14:54,10.24,0.01,780,798720,买盘
1165,13:14:48,10.23,-0.01,20,20460,卖盘
1166,13:14:45,10.24,--,200,204800,买盘
1167,13:14:42,10.24,--,5,5120,买盘
1168,13:14:33,10.24,--,1,1024,买盘
1169,13:14:30,10.24,--,1,1024,买盘
1170,13:14:27,10.24,--,26,26624,买盘
1171,13:14:24,10.24,--,114,116736,买盘
1172,13:14:18,10.24,--,10,10240,买盘
1173,13:14:15,10.24,--,610,624640,买盘
1174,13:14:06,10.24,0.01,309,316416,买盘
1175,13:14:03,10.23,-0.01,20,20460,卖盘
1176,13:13:51,10.24,0.01,602,616448,买盘
1177,13:13:45,10.23,--,10,10230,卖盘
1178,13:13:39,10.23,--,10,10230,卖盘
1179,13:13:33,10.23,--,100,102300,卖盘
1180,13:13:27,10.23,-0.01,615,629145,卖盘
1181,13:13:24,10.24,--,239,244736,买盘
1182,13:13:18,10.24,0.01,609,623616,买盘
1183,13:13:15,10.23,-0.01,1,1023,卖盘
1184,13:13:12,10.24,0.01,2,2048,买盘
1185,13:13:06,10.23,--,10,10230,卖盘
1186,13:13:00,10.23,--,42,42966,卖盘
1187,13:12:54,10.23,--,10,10230,卖盘
1188,13:12:45,10.23,--,165,169715,买盘
1189,13:12:42,10.23,--,20,20460,买盘
1190,13:12:39,10.23,--,10,10230,买盘
1191,13:12:36,10.23,--,602,615846,买盘
1192,13:12:33,10.23,--,50,51150,买盘
1193,13:12:30,10.23,--,5,5115,买盘
1194,13:12:21,10.23,--,16,16368,买盘
1195,13:12:18,10.23,--,169,172887,买盘
1196,13:12:15,10.23,0.01,1030,1053690,买盘
1197,13:12:12,10.22,-0.01,2,2044,卖盘
1198,13:12:03,10.23,--,5,5115,买盘
1199,13:12:00,10.23,0.01,1,1023,买盘
1200,13:11:57,10.22,-0.01,1592,1627024,卖盘
1201,13:11:54,10.23,0.01,73,74679,买盘
1202,13:11:45,10.22,-0.01,603,616266,卖盘
1203,13:11:36,10.23,--,7,7161,买盘
1204,13:11:30,10.23,--,216,220968,买盘
1205,13:11:27,10.23,--,54,55242,买盘
1206,13:11:21,10.23,--,600,613800,买盘
1207,13:11:15,10.23,--,50,51150,买盘
1208,13:11:12,10.23,--,10,10230,买盘
1209,13:11:09,10.23,--,111,113553,买盘
1210,13:11:03,10.23,--,6,6138,买盘
1211,13:11:00,10.23,--,600,613800,买盘
1212,13:10:57,10.23,--,2,2046,买盘
1213,13:10:54,10.23,0.01,5,5115,买盘
1214,13:10:48,10.22,--,2,2044,卖盘
1215,13:10:45,10.22,-0.01,11,11242,卖盘
1216,13:10:42,10.23,--,40,40920,买盘
1217,13:10:39,10.23,--,155,158565,买盘
1218,13:10:36,10.23,--,605,618915,买盘
1219,13:10:33,10.23,--,20,20460,买盘
1220,13:10:27,10.23,0.01,1835,1877205,买盘
1221,13:10:24,10.22,--,2,2044,卖盘
1222,13:10:21,10.22,-0.01,60,61320,卖盘
1223,13:10:18,10.23,--,601,614823,买盘
1224,13:10:15,10.23,--,10,10230,买盘
1225,13:10:09,10.23,0.01,588,601524,买盘
1226,13:10:06,10.22,-0.01,35,35770,卖盘
1227,13:10:00,10.23,--,602,615846,买盘
1228,13:09:51,10.23,--,410,419430,买盘
1229,13:09:48,10.23,--,30,30690,买盘
1230,13:09:39,10.23,0.01,600,613800,买盘
1231,13:09:33,10.22,--,2,2044,卖盘
1232,13:09:21,10.22,-0.01,3,3066,卖盘
1233,13:09:09,10.23,0.01,603,616869,买盘
1234,13:09:06,10.22,--,100,102200,卖盘
1235,13:09:00,10.22,--,60,61320,卖盘
1236,13:08:57,10.22,--,4,4088,卖盘
1237,13:08:48,10.22,--,5,5110,卖盘
1238,13:08:45,10.22,--,17,17374,卖盘
1239,13:08:42,10.22,-0.01,612,625464,卖盘
1240,13:08:24,10.23,0.01,21,21483,买盘
1241,13:08:18,10.22,--,2,2044,卖盘
1242,13:08:15,10.22,--,25,25550,卖盘
1243,13:08:03,10.22,--,13,13286,卖盘
1244,13:07:57,10.22,--,50,51100,卖盘
1245,13:07:54,10.22,--,9,9198,卖盘
1246,13:07:51,10.22,0.01,402,411150,买盘
1247,13:07:33,10.21,--,601,613621,卖盘
1248,13:07:27,10.21,-0.01,1,1021,卖盘
1249,13:07:24,10.22,0.01,500,511000,买盘
1250,13:07:21,10.21,--,3,3063,卖盘
1251,13:07:18,10.21,-0.01,10,10210,卖盘
1252,13:07:12,10.22,0.01,600,613200,买盘
1253,13:07:09,10.21,--,1,1021,卖盘
1254,13:07:03,10.21,--,9,9189,卖盘
1255,13:06:57,10.21,--,202,206242,卖盘
1256,13:06:54,10.21,--,50,51050,卖盘
1257,13:06:48,10.21,--,50,51050,卖盘
1258,13:06:39,10.21,--,50,51050,卖盘
1259,13:06:33,10.21,-0.01,3,3063,卖盘
1260,13:06:27,10.22,0.01,610,623420,买盘
1261,13:06:21,10.21,--,50,51050,卖盘
1262,13:06:18,10.21,--,50,51050,卖盘
1263,13:06:06,10.21,--,2,2042,卖盘
1264,13:05:48,10.21,--,65,66365,卖盘
1265,13:05:24,10.21,--,5,5105,卖盘
1266,13:05:18,10.21,--,80,81680,卖盘
1267,13:04:54,10.21,--,2,2042,卖盘
1268,13:04:24,10.21,-0.01,3,3063,卖盘
1269,13:04:15,10.22,--,2,2044,买盘
1270,13:04:12,10.22,--,15,15330,买盘
1271,13:04:09,10.22,--,100,102200,买盘
1272,13:03:57,10.22,--,2,2044,买盘
1273,13:03:30,10.22,--,5,5110,买盘
1274,13:03:09,10.22,0.01,1,1022,买盘
1275,13:03:06,10.21,--,6,6126,卖盘
1276,13:03:00,10.21,--,30,30630,卖盘
1277,13:02:54,10.21,--,23,23483,卖盘
1278,13:02:24,10.21,-0.01,2,2042,卖盘
1279,13:02:12,10.22,0.01,3,3066,买盘
1280,13:02:03,10.21,--,10,10210,卖盘
1281,13:01:54,10.21,--,3,3063,卖盘
1282,13:01:51,10.21,--,28,28588,卖盘
1283,13:01:45,10.21,--,4,4084,卖盘
1284,13:01:42,10.21,--,235,239935,卖盘
1285,13:01:09,10.21,-0.01,50,51050,卖盘
1286,13:00:12,10.22,--,25,25550,买盘
1287,13:00:09,10.22,0.01,46,47012,买盘
1288,13:00:06,10.21,--,126,128737,卖盘
1289,13:00:03,10.21,--,234,238914,卖盘
1290,13:00:00,10.21,--,0,0,卖盘
1291,11:30:00,10.21,--,0,0,卖盘
1292,11:29:51,10.21,--,10,10210,卖盘
1293,11:29:48,10.21,-0.01,23,23483,卖盘
1294,11:29:45,10.22,0.01,33,33726,买盘
1295,11:29:39,10.21,--,3,3063,卖盘
1296,11:29:30,10.21,--,50,51050,卖盘
1297,11:29:15,10.21,-0.01,12,12252,卖盘
1298,11:29:12,10.22,--,23,23506,买盘
1299,11:28:51,10.22,0.01,1,1022,买盘
1300,11:28:48,10.21,-0.01,2,2042,卖盘
1301,11:28:27,10.22,0.01,5,5110,买盘
1302,11:28:18,10.21,--,2,2042,卖盘
1303,11:28:12,10.21,-0.01,10,10210,卖盘
1304,11:27:51,10.22,--,2,2044,买盘
1305,11:27:48,10.22,0.01,5,5110,买盘
1306,11:27:21,10.21,-0.01,4,4084,卖盘
1307,11:27:03,10.22,0.01,2,2044,买盘
1308,11:26:57,10.21,--,3,3063,卖盘
1309,11:26:27,10.21,--,3,3063,卖盘
1310,11:26:15,10.21,--,15,15315,卖盘
1311,11:26:03,10.21,--,3,3063,卖盘
1312,11:25:42,10.21,--,36,37725,卖盘
1313,11:25:39,10.21,-0.01,8,8168,卖盘
1314,11:25:21,10.22,--,12,12355,卖盘
1315,11:25:12,10.22,0.01,3,3996,买盘
1316,11:25:09,10.21,-0.01,47,48078,卖盘
1317,11:25:06,10.22,--,75,76650,卖盘
1318,11:24:51,10.22,0.01,567,580404,买盘
1319,11:24:45,10.21,--,3,3063,卖盘
1320,11:24:42,10.21,-0.01,8,8168,卖盘
1321,11:24:36,10.22,0.01,60,61320,买盘
1322,11:24:18,10.21,-0.01,2,2042,卖盘
1323,11:24:15,10.22,--,438,447727,卖盘
1324,11:24:12,10.22,--,94,96068,卖盘
1325,11:24:03,10.22,--,10,11150,卖盘
1326,11:23:57,10.22,--,5,5110,卖盘
1327,11:23:51,10.22,--,11,11242,卖盘
1328,11:23:48,10.22,--,419,428218,卖盘
1329,11:23:45,10.22,--,2,2044,卖盘
1330,11:23:42,10.22,--,2,2044,卖盘
1331,11:23:39,10.22,-0.01,23,23506,卖盘
1332,11:23:33,10.23,0.01,139,142197,买盘
1333,11:23:30,10.22,--,1,1022,卖盘
1334,11:23:27,10.22,-0.01,17,17374,卖盘
1335,11:23:21,10.23,0.01,202,206646,买盘
1336,11:23:09,10.22,-0.01,28,28616,卖盘
1337,11:23:06,10.23,0.01,5,5115,买盘
1338,11:22:48,10.22,-0.01,10,10220,卖盘
1339,11:22:45,10.23,--,10,10230,买盘
1340,11:22:42,10.23,0.01,200,204600,买盘
1341,11:22:24,10.22,--,15,15330,卖盘
1342,11:22:21,10.22,--,31,31682,卖盘
1343,11:22:00,10.22,--,260,265720,卖盘
1344,11:21:57,10.22,--,105,107310,卖盘
1345,11:21:51,10.22,--,3,3066,卖盘
1346,11:21:30,10.22,--,50,51100,卖盘
1347,11:21:27,10.22,--,4,4088,卖盘
1348,11:21:24,10.22,-0.01,3,3066,卖盘
1349,11:21:18,10.23,0.01,205,209715,买盘
1350,11:21:00,10.22,--,8,8176,卖盘
1351,11:20:36,10.22,-0.01,2,2044,卖盘
1352,11:20:33,10.23,--,5,5115,买盘
1353,11:20:27,10.23,0.01,200,204600,买盘
1354,11:20:12,10.22,--,9,9198,卖盘
1355,11:20:09,10.22,--,2,2044,卖盘
1356,11:20:03,10.22,-0.01,125,127750,卖盘
1357,11:20:00,10.23,0.01,1,1023,买盘
1358,11:19:51,10.22,-0.01,52,53144,卖盘
1359,11:19:48,10.23,0.01,50,51150,买盘
1360,11:19:45,10.22,-0.01,15,15330,卖盘
1361,11:19:36,10.23,0.01,44,45012,买盘
1362,11:19:24,10.22,-0.01,3,3066,卖盘
1363,11:19:21,10.23,0.01,32,32736,买盘
1364,11:19:18,10.22,-0.01,1,1022,卖盘
1365,11:19:15,10.23,0.01,10,10230,买盘
1366,11:19:12,10.22,-0.01,4,4128,卖盘
1367,11:19:06,10.23,--,22,22506,买盘
1368,11:19:00,10.23,0.01,200,204600,买盘
1369,11:18:57,10.22,--,2,2044,卖盘
1370,11:18:48,10.22,--,31,32090,卖盘
1371,11:18:39,10.22,-0.01,3,3066,卖盘
1372,11:18:36,10.23,0.01,21,21483,买盘
1373,11:18:30,10.22,--,104,106288,卖盘
1374,11:18:21,10.22,-0.01,2,2044,卖盘
1375,11:18:06,10.23,0.01,22,22506,买盘
1376,11:18:00,10.22,--,5,5110,卖盘
1377,11:17:57,10.22,--,20,20440,卖盘
1378,11:17:54,10.22,--,8,8176,卖盘
1379,11:17:51,10.22,--,9,9198,卖盘
1380,11:17:45,10.22,--,110,112655,买盘
1381,11:17:36,10.22,0.01,21,21462,买盘
1382,11:17:30,10.21,-0.01,7,7147,卖盘
1383,11:17:18,10.22,--,10,10220,买盘
1384,11:17:09,10.22,--,707,722554,买盘
1385,11:17:06,10.22,--,33,33726,买盘
1386,11:17:03,10.22,--,10,10220,买盘
1387,11:16:54,10.22,0.01,21,21462,买盘
1388,11:16:39,10.21,-0.01,2,2042,卖盘
1389,11:16:36,10.22,0.01,21,21462,买盘
1390,11:16:30,10.21,-0.01,1,1021,卖盘
1391,11:16:24,10.22,0.01,2,2044,买盘
1392,11:16:18,10.21,--,3,3063,卖盘
1393,11:16:15,10.21,--,2,2042,卖盘
1394,11:16:09,10.21,-0.01,13,13273,卖盘
1395,11:16:06,10.22,--,22,22484,买盘
1396,11:15:57,10.22,--,20,20440,买盘
1397,11:15:51,10.22,--,50,51100,买盘
1398,11:15:48,10.22,--,20,20440,买盘
1399,11:15:42,10.22,--,23,23506,买盘
1400,11:15:36,10.22,--,22,22484,买盘
1401,11:15:21,10.22,--,10,10220,买盘
1402,11:15:18,10.22,--,3,3066,买盘
1403,11:15:06,10.22,0.01,41,41902,买盘
1404,11:15:03,10.21,-0.01,2,2042,卖盘
1405,11:15:00,10.22,0.01,25,25550,买盘
1406,11:14:54,10.21,-0.01,3,3063,卖盘
1407,11:14:51,10.22,--,21,21462,买盘
1408,11:14:48,10.22,0.01,20,20440,买盘
1409,11:14:39,10.21,-0.01,3,3063,卖盘
1410,11:14:36,10.22,0.01,22,22484,买盘
1411,11:14:30,10.21,--,3,3063,卖盘
1412,11:14:21,10.21,--,10,10210,卖盘
1413,11:14:15,10.21,-0.01,300,306300,卖盘
1414,11:14:06,10.22,--,25,25550,买盘
1415,11:14:00,10.22,0.01,20,20440,买盘
1416,11:13:57,10.21,-0.01,50,51050,卖盘
1417,11:13:51,10.22,0.01,1,1022,买盘
1418,11:13:39,10.21,--,1,1021,卖盘
1419,11:13:36,10.21,-0.01,31,31651,卖盘
1420,11:13:33,10.22,0.01,5,5110,买盘
1421,11:13:21,10.21,--,1,1021,卖盘
1422,11:13:15,10.21,-0.01,2,2042,卖盘
1423,11:13:06,10.22,--,26,26572,买盘
1424,11:12:48,10.22,--,103,105266,买盘
1425,11:12:36,10.22,--,25,25897,买盘
1426,11:12:33,10.22,--,110,112420,买盘
1427,11:12:27,10.22,0.01,27,27594,买盘
1428,11:12:24,10.21,-0.01,1,1021,卖盘
1429,11:12:21,10.22,--,10,10220,买盘
1430,11:12:18,10.22,--,45,45990,买盘
1431,11:12:12,10.22,--,47,48034,买盘
1432,11:12:09,10.22,--,10,10220,买盘
1433,11:12:06,10.22,--,21,21462,买盘
1434,11:12:03,10.22,0.01,1,1022,买盘
1435,11:11:57,10.21,-0.01,15,15315,卖盘
1436,11:11:51,10.22,--,15,15330,买盘
1437,11:11:48,10.22,0.01,10,10220,买盘
1438,11:11:42,10.21,--,1,1021,卖盘
1439,11:11:39,10.21,-0.01,3,3063,卖盘
1440,11:11:36,10.22,--,22,22484,买盘
1441,11:11:33,10.22,--,20,20440,买盘
1442,11:11:24,10.22,0.01,9,9198,买盘
1443,11:11:09,10.21,-0.01,2,2042,卖盘
1444,11:11:06,10.22,0.01,61,62342,买盘
1445,11:11:03,10.21,--,1,1021,卖盘
1446,11:10:57,10.21,--,5,5105,卖盘
1447,11:10:45,10.21,-0.01,2,2042,卖盘
1448,11:10:39,10.22,--,25,25550,买盘
1449,11:10:36,10.22,--,21,21462,买盘
1450,11:10:33,10.22,0.01,18,18396,买盘
1451,11:10:21,10.21,--,210,214410,卖盘
1452,11:10:18,10.21,-0.01,100,102100,卖盘
1453,11:10:06,10.22,0.01,22,22484,买盘
1454,11:10:03,10.21,-0.01,10,10210,卖盘
1455,11:10:00,10.22,0.01,20,20440,买盘
1456,11:09:54,10.21,-0.01,2,2042,卖盘
1457,11:09:51,10.22,--,10,10220,买盘
1458,11:09:45,10.22,--,50,51100,买盘
1459,11:09:36,10.22,--,21,21462,买盘
1460,11:09:21,10.22,0.01,2,2044,买盘
1461,11:09:18,10.21,-0.01,2,2042,卖盘
1462,11:09:06,10.22,0.01,22,22484,买盘
1463,11:08:48,10.21,-0.01,2,2042,卖盘
1464,11:08:45,10.22,--,1,1022,买盘
1465,11:08:42,10.22,--,5,5110,买盘
1466,11:08:36,10.22,0.01,21,21462,买盘
1467,11:08:24,10.21,-0.01,4,4084,卖盘
1468,11:08:21,10.22,--,265,270830,买盘
1469,11:08:12,10.22,--,99,101178,买盘
1470,11:08:06,10.22,0.01,32,32704,买盘
1471,11:07:54,10.21,--,5,5105,卖盘
1472,11:07:36,10.21,--,35,35735,卖盘
1473,11:07:15,10.21,-0.01,1,1021,卖盘
1474,11:06:57,10.22,--,19,19418,买盘
1475,11:06:54,10.22,--,16,16352,买盘
1476,11:06:51,10.22,--,22,22484,买盘
1477,11:06:09,10.22,--,2,2044,买盘
1478,11:05:42,10.22,0.01,18,18396,买盘
1479,11:05:39,10.21,--,4,4084,卖盘
1480,11:05:15,10.21,--,2,2042,卖盘
1481,11:05:12,10.21,-0.01,30,30630,卖盘
1482,11:05:06,10.22,0.01,132,134904,买盘
1483,11:05:03,10.21,-0.01,7,7147,卖盘
1484,11:04:54,10.22,0.01,225,229950,买盘
1485,11:04:45,10.21,-0.01,2,2042,卖盘
1486,11:04:39,10.22,0.01,10,10220,买盘
1487,11:04:27,10.21,--,45,45945,卖盘
1488,11:03:48,10.21,-0.01,1,1021,卖盘
1489,11:03:42,10.22,0.01,50,51100,买盘
1490,11:03:39,10.21,--,3,3063,卖盘
1491,11:03:36,10.21,--,1,1021,卖盘
1492,11:03:24,10.21,--,100,102100,卖盘
1493,11:03:21,10.21,-0.01,52,53092,卖盘
1494,11:03:15,10.22,--,2,2044,买盘
1495,11:03:12,10.22,--,104,106288,买盘
1496,11:03:06,10.22,0.01,20,20440,买盘
1497,11:03:03,10.21,-0.01,280,286053,卖盘
1498,11:03:00,10.22,0.01,200,204400,买盘
1499,11:02:57,10.21,--,2,2042,卖盘
1500,11:02:45,10.21,--,40,40840,卖盘
1501,11:02:42,10.21,--,50,51050,卖盘
1502,11:02:27,10.21,--,2,2042,卖盘
1503,11:02:00,10.21,--,201,205221,卖盘
1504,11:01:57,10.21,--,50,51050,卖盘
1505,11:01:36,10.21,--,1,1021,卖盘
1506,11:01:27,10.21,-0.01,71,72491,卖盘
1507,11:01:24,10.22,0.01,30,30660,买盘
1508,11:01:15,10.21,--,20,20420,卖盘
1509,11:01:12,10.21,--,2,2042,卖盘
1510,11:00:48,10.21,-0.01,2,2042,卖盘
1511,11:00:33,10.22,0.01,262,267764,买盘
1512,11:00:24,10.21,--,3,3063,卖盘
1513,11:00:21,10.21,--,2,2042,卖盘
1514,11:00:15,10.21,-0.01,40,40840,卖盘
1515,11:00:09,10.22,0.01,8,8176,买盘
1516,10:59:57,10.21,-0.01,2,2042,卖盘
1517,10:59:48,10.22,0.01,1,1022,买盘
1518,10:59:30,10.21,--,2,2042,卖盘
1519,10:59:06,10.21,--,2,2042,卖盘
1520,10:58:57,10.21,--,1,1021,卖盘
1521,10:58:48,10.21,-0.01,30,30630,卖盘
1522,10:58:21,10.22,0.01,1,1022,买盘
1523,10:58:18,10.21,--,2,2042,卖盘
1524,10:58:12,10.21,--,10,10210,卖盘
1525,10:58:03,10.21,--,1,1021,卖盘
1526,10:57:39,10.21,-0.01,2,2042,卖盘
1527,10:57:33,10.22,0.01,3,3066,买盘
1528,10:57:09,10.21,-0.01,23,23483,卖盘
1529,10:56:48,10.22,--,1,1022,买盘
1530,10:56:45,10.22,0.01,100,102200,买盘
1531,10:56:30,10.21,--,300,306300,卖盘
1532,10:56:09,10.21,--,440,449240,卖盘
1533,10:55:27,10.21,-0.01,1,1021,卖盘
1534,10:55:18,10.22,--,50,51100,买盘
1535,10:55:06,10.22,0.01,1,1022,买盘
1536,10:55:03,10.21,-0.01,100,102100,卖盘
1537,10:54:48,10.22,--,33,33726,买盘
1538,10:54:39,10.22,--,16,16352,买盘
1539,10:54:30,10.22,0.01,5,5110,买盘
1540,10:54:06,10.21,-0.01,2,2042,卖盘
1541,10:53:57,10.22,0.01,21,21462,买盘
1542,10:53:51,10.21,--,4,4084,卖盘
1543,10:53:48,10.21,-0.01,220,224620,卖盘
1544,10:53:36,10.22,--,56,57232,买盘
1545,10:53:33,10.22,0.01,10,10220,买盘
1546,10:53:27,10.21,-0.01,8,8168,卖盘
1547,10:53:24,10.22,0.01,10,10220,买盘
1548,10:53:21,10.21,--,2,2042,卖盘
1549,10:53:12,10.21,-0.01,3,3063,卖盘
1550,10:53:06,10.22,0.01,20,20440,买盘
1551,10:53:03,10.21,-0.01,2,2042,卖盘
1552,10:53:00,10.22,--,24,24528,买盘
1553,10:52:57,10.22,0.01,10,10220,买盘
1554,10:52:36,10.21,-0.01,107,109247,卖盘
1555,10:52:27,10.22,--,40,40880,买盘
1556,10:52:15,10.22,--,8,8176,买盘
1557,10:52:12,10.22,--,388,396536,买盘
1558,10:52:09,10.22,0.01,10,10220,买盘
1559,10:52:06,10.21,-0.01,30,30630,卖盘
1560,10:52:00,10.22,--,321,328062,买盘
1561,10:51:51,10.22,0.01,74,75628,买盘
1562,10:51:45,10.21,-0.01,2,2042,卖盘
1563,10:51:42,10.22,--,7,7154,买盘
1564,10:51:39,10.22,--,1,1022,买盘
1565,10:51:36,10.22,--,10,10220,买盘
1566,10:51:33,10.22,--,18,18396,买盘
1567,10:51:30,10.22,--,29,29638,买盘
1568,10:51:27,10.22,0.01,32,32704,买盘
1569,10:51:12,10.21,-0.01,100,102100,卖盘
1570,10:51:06,10.22,--,10,10220,买盘
1571,10:51:00,10.22,0.01,51,52122,买盘
1572,10:50:54,10.21,-0.01,14,14294,卖盘
1573,10:50:45,10.22,0.01,10,10220,买盘
1574,10:50:30,10.21,-0.01,2,2042,卖盘
1575,10:50:27,10.22,0.01,426,435372,买盘
1576,10:50:06,10.21,-0.01,2,2042,卖盘
1577,10:50:03,10.22,--,5,5110,买盘
1578,10:49:54,10.22,--,30,30660,买盘
1579,10:49:42,10.22,--,30,30660,买盘
1580,10:49:39,10.22,--,12,12264,买盘
1581,10:49:36,10.22,0.01,71,72562,买盘
1582,10:49:27,10.21,--,8,8168,卖盘
1583,10:49:15,10.21,-0.01,4,4084,卖盘
1584,10:49:06,10.22,--,50,51100,买盘
1585,10:48:42,10.22,0.01,7,7154,买盘
1586,10:48:33,10.21,-0.01,1,1021,卖盘
1587,10:48:24,10.22,0.01,26,27502,买盘
1588,10:48:06,10.21,-0.01,1,1021,卖盘
1589,10:48:00,10.22,0.01,200,204400,买盘
1590,10:47:57,10.21,-0.01,96,98016,卖盘
1591,10:47:54,10.22,--,22,22484,买盘
1592,10:47:45,10.22,--,12,12264,买盘
1593,10:47:42,10.22,--,10,10220,买盘
1594,10:47:39,10.22,--,3,3066,买盘
1595,10:47:36,10.22,0.01,400,408800,买盘
1596,10:47:33,10.21,--,8,8168,卖盘
1597,10:47:30,10.21,--,12,12252,卖盘
1598,10:47:24,10.21,--,4,4084,卖盘
1599,10:47:18,10.21,--,16,16336,卖盘
1600,10:47:15,10.21,--,24,24504,卖盘
1601,10:47:12,10.21,--,6,6126,卖盘
1602,10:47:09,10.21,-0.01,17,17357,卖盘
1603,10:47:06,10.22,0.01,332,339304,买盘
1604,10:47:03,10.21,-0.01,1,1021,卖盘
1605,10:47:00,10.22,--,18,18396,买盘
1606,10:46:57,10.22,--,129,131838,买盘
1607,10:46:54,10.22,--,6,6132,买盘
1608,10:46:51,10.22,--,2,2044,买盘
1609,10:46:39,10.22,--,200,204400,买盘
1610,10:46:36,10.22,--,1547,1581034,买盘
1611,10:46:30,10.22,--,108,110376,买盘
1612,10:46:18,10.22,0.01,200,204400,买盘
1613,10:46:15,10.21,-0.01,2,2042,卖盘
1614,10:46:06,10.22,0.01,125,127750,买盘
1615,10:45:51,10.21,-0.01,3,3063,卖盘
1616,10:45:45,10.22,--,290,296380,买盘
1617,10:45:39,10.22,--,19,19418,买盘
1618,10:45:36,10.22,--,226,230972,买盘
1619,10:45:33,10.22,--,2,2044,买盘
1620,10:45:30,10.22,--,5,5110,买盘
1621,10:45:27,10.22,--,38,38836,买盘
1622,10:45:21,10.22,--,43,43946,买盘
1623,10:45:12,10.22,--,12,12264,买盘
1624,10:45:06,10.22,--,30,30660,买盘
1625,10:45:03,10.22,--,53,54166,买盘
1626,10:44:45,10.22,--,54,55188,买盘
1627,10:44:36,10.22,0.01,20,20440,买盘
1628,10:44:21,10.21,-0.01,2,2042,卖盘
1629,10:44:09,10.22,--,10,10220,买盘
1630,10:44:06,10.22,--,19,19418,买盘
1631,10:44:03,10.22,0.01,2,2044,买盘
1632,10:43:45,10.21,-0.01,2,2042,卖盘
1633,10:43:42,10.22,--,23,23506,买盘
1634,10:43:36,10.22,0.01,19,19418,买盘
1635,10:43:21,10.21,--,8,8168,卖盘
1636,10:43:18,10.21,-0.01,1,1021,卖盘
1637,10:43:15,10.22,--,10,10220,买盘
1638,10:43:06,10.22,0.01,19,19418,买盘
1639,10:42:57,10.21,--,20,20420,卖盘
1640,10:42:48,10.21,--,1,1021,卖盘
1641,10:42:39,10.21,-0.01,35,35735,卖盘
1642,10:42:36,10.22,0.01,20,20440,买盘
1643,10:42:27,10.21,--,5,5105,卖盘
1644,10:42:21,10.21,-0.01,2,2042,卖盘
1645,10:42:09,10.22,--,14,14308,买盘
1646,10:42:06,10.22,--,19,19418,买盘
1647,10:42:03,10.22,0.01,19,19418,买盘
1648,10:41:57,10.21,-0.01,32,32672,卖盘
1649,10:41:42,10.22,0.01,1,1022,买盘
1650,10:41:39,10.21,-0.01,1,1021,卖盘
1651,10:41:36,10.22,0.01,19,19418,买盘
1652,10:41:33,10.21,--,3,3063,卖盘
1653,10:41:09,10.21,-0.01,3,3063,卖盘
1654,10:41:06,10.22,0.01,21,21462,买盘
1655,10:41:03,10.21,-0.01,10,10210,卖盘
1656,10:40:57,10.22,--,10,10220,买盘
1657,10:40:48,10.22,--,150,153300,买盘
1658,10:40:45,10.22,0.01,29,29638,买盘
1659,10:40:36,10.21,--,33,33693,卖盘
1660,10:40:27,10.21,-0.01,2,2042,卖盘
1661,10:40:18,10.22,--,5,5110,买盘
1662,10:40:06,10.22,0.01,20,20440,买盘
1663,10:39:57,10.21,--,100,102100,卖盘
1664,10:39:42,10.21,-0.01,2,2042,卖盘
1665,10:39:39,10.22,--,20,20440,买盘
1666,10:39:36,10.22,--,19,19418,买盘
1667,10:39:27,10.22,0.01,3,3066,买盘
1668,10:39:21,10.21,-0.01,6,6126,卖盘
1669,10:39:09,10.22,-0.01,2909,2973611,卖盘
1670,10:39:06,10.23,0.01,45,46035,买盘
1671,10:38:57,10.22,--,1,1022,卖盘
1672,10:38:39,10.22,-0.01,11,11242,卖盘
1673,10:38:36,10.23,0.01,19,19437,买盘
1674,10:38:33,10.22,--,2,2044,卖盘
1675,10:38:18,10.22,-0.01,40,40880,卖盘
1676,10:38:06,10.23,--,19,19437,买盘
1677,10:38:03,10.23,--,1,1023,买盘
1678,10:38:00,10.23,--,10,10230,买盘
1679,10:37:36,10.23,--,25,25575,买盘
1680,10:37:30,10.23,0.01,7,7161,买盘
1681,10:37:27,10.22,-0.01,15,15330,卖盘
1682,10:37:06,10.23,0.01,20,20460,买盘
1683,10:37:03,10.22,--,10,10220,卖盘
1684,10:36:54,10.22,--,10,10220,卖盘
1685,10:36:39,10.22,-0.01,425,434350,卖盘
1686,10:36:36,10.23,--,19,19437,买盘
1687,10:36:33,10.23,--,78,79794,买盘
1688,10:36:30,10.23,--,28,28644,买盘
1689,10:36:27,10.23,--,10,10230,买盘
1690,10:36:24,10.23,--,25,25575,买盘
1691,10:36:12,10.23,--,10,10230,买盘
1692,10:36:06,10.23,--,19,19437,买盘
1693,10:35:57,10.23,--,10,10230,买盘
1694,10:35:54,10.23,0.01,5,5115,买盘
1695,10:35:51,10.22,-0.01,12,12672,卖盘
1696,10:35:48,10.23,--,14,14322,买盘
1697,10:35:36,10.23,0.01,19,19437,买盘
1698,10:35:30,10.22,-0.01,22,22484,卖盘
1699,10:35:24,10.23,--,30,30690,买盘
1700,10:35:21,10.23,--,710,726330,买盘
1701,10:35:15,10.23,--,40,40920,买盘
1702,10:35:06,10.23,0.01,20,20460,买盘
1703,10:34:48,10.22,-0.01,2,2044,卖盘
1704,10:34:45,10.23,--,79,80817,买盘
1705,10:34:39,10.23,--,179,183117,买盘
1706,10:34:36,10.23,0.01,19,19437,买盘
1707,10:34:30,10.22,-0.01,9,9198,卖盘
1708,10:34:24,10.23,0.01,10,10230,买盘
1709,10:34:21,10.22,-0.01,1,1022,卖盘
1710,10:34:15,10.23,--,20,20460,买盘
1711,10:34:06,10.23,0.01,20,20460,买盘
1712,10:34:03,10.22,--,50,51100,卖盘
1713,10:33:57,10.22,-0.01,100,102200,卖盘
1714,10:33:54,10.23,--,200,204600,买盘
1715,10:33:51,10.23,--,15,15345,买盘
1716,10:33:36,10.23,0.01,19,19437,买盘
1717,10:33:33,10.22,--,27,27594,卖盘
1718,10:33:30,10.22,--,32,32704,卖盘
1719,10:33:18,10.22,--,2,2044,卖盘
1720,10:33:12,10.22,--,11,11242,卖盘
1721,10:33:09,10.22,-0.01,11,11242,卖盘
1722,10:33:06,10.23,0.01,62,63426,买盘
1723,10:32:54,10.22,-0.01,5,5110,卖盘
1724,10:32:48,10.23,0.01,1007,1030161,买盘
1725,10:32:39,10.22,--,7,7154,卖盘
1726,10:32:15,10.22,-0.01,1,1022,卖盘
1727,10:32:06,10.23,0.01,20,20460,买盘
1728,10:32:03,10.22,--,49,50078,卖盘
1729,10:31:57,10.22,0.01,4,4088,中性盘
1730,10:31:54,10.21,-0.02,517,527857,卖盘
1731,10:31:42,10.23,--,33,33759,买盘
1732,10:31:36,10.23,0.01,51,52295,买盘
1733,10:31:24,10.22,--,11,11242,买盘
1734,10:31:21,10.22,--,25,25550,买盘
1735,10:31:12,10.22,--,270,275940,买盘
1736,10:31:09,10.22,--,10,10220,买盘
1737,10:31:06,10.22,--,25,25550,买盘
1738,10:31:03,10.22,--,80,81760,买盘
1739,10:31:00,10.22,--,988,1009736,买盘
1740,10:30:57,10.22,--,20,20440,买盘
1741,10:30:48,10.22,--,16,16352,买盘
1742,10:30:42,10.22,--,52,53144,买盘
1743,10:30:39,10.22,0.01,24,24528,买盘
1744,10:30:36,10.21,-0.01,13,13273,卖盘
1745,10:30:33,10.22,--,15,15330,买盘
1746,10:30:30,10.22,--,100,102200,买盘
1747,10:30:27,10.22,--,69,70518,买盘
1748,10:30:24,10.22,--,4,4088,买盘
1749,10:30:21,10.22,--,49,50078,买盘
1750,10:30:18,10.22,--,1,1022,买盘
1751,10:30:09,10.22,--,14,14308,买盘
1752,10:30:06,10.22,0.01,3,3066,买盘
1753,10:30:03,10.21,-0.01,1,1021,卖盘
1754,10:30:00,10.22,--,36,36792,买盘
1755,10:29:54,10.22,0.01,11,11242,买盘
1756,10:29:48,10.21,--,120,122520,卖盘
1757,10:29:39,10.21,-0.01,26,26546,卖盘
1758,10:29:36,10.22,--,9,9198,买盘
1759,10:29:21,10.22,--,29,29638,买盘
1760,10:29:12,10.22,--,68,69496,买盘
1761,10:29:06,10.22,--,30,30660,买盘
1762,10:28:57,10.22,--,45,45990,买盘
1763,10:28:48,10.22,0.01,10,10220,买盘
1764,10:28:45,10.21,--,1,1021,卖盘
1765,10:28:42,10.21,--,150,153150,卖盘
1766,10:28:36,10.21,-0.01,33,33693,卖盘
1767,10:28:33,10.22,0.01,2,2044,买盘
1768,10:28:18,10.21,-0.01,4,4084,卖盘
1769,10:28:09,10.22,--,7,7154,买盘
1770,10:28:00,10.22,0.01,10,10220,买盘
1771,10:27:54,10.21,-0.01,1,1021,卖盘
1772,10:27:45,10.22,--,34,34748,买盘
1773,10:27:36,10.22,--,1,1022,买盘
1774,10:27:30,10.22,0.01,24,24528,买盘
1775,10:27:27,10.21,-0.01,4,4084,卖盘
1776,10:27:21,10.22,0.01,1,1022,买盘
1777,10:27:18,10.21,-0.01,2,2042,卖盘
1778,10:27:15,10.22,--,56,57232,买盘
1779,10:27:12,10.22,--,20,20440,买盘
1780,10:27:06,10.22,--,6,6132,买盘
1781,10:26:57,10.22,--,67,68474,买盘
1782,10:26:54,10.22,0.01,20,20440,买盘
1783,10:26:48,10.21,-0.01,2,2042,卖盘
1784,10:26:42,10.22,--,16,16352,买盘
1785,10:26:33,10.22,0.01,3,3066,买盘
1786,10:26:30,10.21,--,23,23483,卖盘
1787,10:26:27,10.21,-0.01,10,10210,卖盘
1788,10:26:24,10.22,0.01,18,18396,买盘
1789,10:26:18,10.21,-0.01,10,10210,卖盘
1790,10:26:09,10.22,--,61,62342,买盘
1791,10:25:54,10.22,0.01,185,189070,买盘
1792,10:25:36,10.21,-0.01,34,34714,卖盘
1793,10:25:27,10.22,--,4,4088,买盘
1794,10:25:24,10.22,0.01,9,9198,买盘
1795,10:25:21,10.21,-0.01,93,94953,卖盘
1796,10:25:12,10.22,0.01,13,13286,买盘
1797,10:25:09,10.21,-0.01,300,306300,卖盘
1798,10:25:03,10.22,--,11,11242,买盘
1799,10:24:57,10.22,0.01,30,30660,买盘
1800,10:24:54,10.21,-0.01,1,1225,卖盘
1801,10:24:48,10.22,0.01,35,35770,买盘
1802,10:24:36,10.21,-0.01,117,119457,卖盘
1803,10:24:24,10.22,0.01,1,1022,买盘
1804,10:24:15,10.21,-0.01,1,1021,卖盘
1805,10:24:09,10.22,--,1,1022,买盘
1806,10:24:00,10.22,--,4,4088,买盘
1807,10:23:51,10.22,--,13,13286,买盘
1808,10:23:45,10.22,0.01,1,1022,买盘
1809,10:23:39,10.21,-0.01,2,2042,卖盘
1810,10:23:36,10.22,0.01,23,23506,买盘
1811,10:23:33,10.21,-0.01,5,5544,卖盘
1812,10:23:27,10.22,--,15,15330,买盘
1813,10:23:21,10.22,0.01,60,61320,买盘
1814,10:23:12,10.21,--,51,52071,卖盘
1815,10:23:09,10.21,-0.01,200,204200,卖盘
1816,10:23:03,10.22,--,123,125706,买盘
1817,10:23:00,10.22,--,5,5110,买盘
1818,10:22:57,10.22,0.01,2,2044,买盘
1819,10:22:51,10.21,-0.01,327,333867,卖盘
1820,10:22:48,10.22,--,10,10220,买盘
1821,10:22:45,10.22,--,1,1022,买盘
1822,10:22:42,10.22,0.01,6,6132,买盘
1823,10:22:39,10.21,-0.01,3,3063,卖盘
1824,10:22:33,10.22,0.01,29,29638,买盘
1825,10:22:30,10.21,-0.01,20,20420,卖盘
1826,10:22:24,10.22,0.01,1,1022,买盘
1827,10:22:18,10.21,-0.01,6,6126,卖盘
1828,10:22:15,10.22,0.01,68,69496,买盘
1829,10:22:12,10.21,-0.01,2,2042,卖盘
1830,10:22:00,10.22,--,228,233016,买盘
1831,10:21:51,10.22,0.01,21,21462,买盘
1832,10:21:45,10.21,--,737,752477,卖盘
1833,10:21:42,10.21,-0.01,4,4084,卖盘
1834,10:21:36,10.22,0.01,5,5110,买盘
1835,10:21:30,10.21,-0.01,1,1021,卖盘
1836,10:21:27,10.22,0.01,16,16352,买盘
1837,10:21:18,10.21,-0.01,2,2042,卖盘
1838,10:21:12,10.22,0.01,54,55188,买盘
1839,10:21:03,10.21,--,50,51050,卖盘
1840,10:21:00,10.21,--,100,102100,卖盘
1841,10:20:57,10.21,--,28,28588,卖盘
1842,10:20:51,10.21,-0.01,1,1021,卖盘
1843,10:20:39,10.22,--,5,5110,买盘
1844,10:20:33,10.22,--,1,1022,买盘
1845,10:20:24,10.22,--,17,17374,买盘
1846,10:20:21,10.22,--,4,4088,买盘
1847,10:20:15,10.22,0.01,48,49056,买盘
1848,10:20:03,10.21,-0.01,10,10210,卖盘
1849,10:20:00,10.22,--,150,153300,买盘
1850,10:19:51,10.22,0.01,486,496692,买盘
1851,10:19:48,10.21,-0.01,5,5105,卖盘
1852,10:19:45,10.22,0.01,2,2044,买盘
1853,10:19:42,10.21,--,619,631999,买盘
1854,10:19:39,10.21,--,1002,1023042,买盘
1855,10:19:36,10.21,0.01,2,2042,买盘
1856,10:19:33,10.2,--,2,2039,卖盘
1857,10:19:30,10.2,-0.01,2,2039,卖盘
1858,10:19:27,10.21,--,1,1021,买盘
1859,10:19:24,10.21,--,1,1021,买盘
1860,10:19:21,10.21,--,6,6126,买盘
1861,10:19:12,10.21,0.01,4,4084,买盘
1862,10:19:09,10.2,-0.01,10,10200,卖盘
1863,10:19:06,10.21,--,8,8168,买盘
1864,10:19:03,10.21,0.01,7,7147,买盘
1865,10:19:00,10.2,--,9,9180,卖盘
1866,10:18:51,10.2,-0.01,11,11220,卖盘
1867,10:18:48,10.21,0.01,7,7147,买盘
1868,10:18:45,10.2,-0.01,2,2039,卖盘
1869,10:18:39,10.21,--,17,17357,买盘
1870,10:18:33,10.21,--,6,6126,买盘
1871,10:18:24,10.21,0.01,55,56155,买盘
1872,10:18:18,10.2,-0.01,1,1019,卖盘
1873,10:18:15,10.21,0.01,18,18378,买盘
1874,10:18:12,10.2,-0.01,2,2039,卖盘
1875,10:18:06,10.21,0.01,22,22462,买盘
1876,10:18:03,10.2,-0.01,10,10200,卖盘
1877,10:18:00,10.21,--,3,3063,买盘
1878,10:17:51,10.21,--,10,10210,买盘
1879,10:17:48,10.21,0.01,1,1021,买盘
1880,10:17:45,10.2,-0.01,1,1019,卖盘
1881,10:17:36,10.21,--,31,31651,买盘
1882,10:17:33,10.21,--,2,2042,买盘
1883,10:17:27,10.21,0.01,74,75554,买盘
1884,10:17:24,10.2,-0.01,25,25500,卖盘
1885,10:17:21,10.21,0.01,3,3063,买盘
1886,10:17:18,10.2,--,2,2039,卖盘
1887,10:17:15,10.2,-0.01,240,244799,卖盘
1888,10:17:12,10.21,--,4,4084,买盘
1889,10:17:03,10.21,--,10,10210,买盘
1890,10:16:57,10.21,0.01,14,14294,买盘
1891,10:16:51,10.2,-0.01,2,2039,卖盘
1892,10:16:48,10.21,0.01,15,15315,买盘
1893,10:16:42,10.2,-0.01,47,47940,卖盘
1894,10:16:39,10.21,--,34,34714,买盘
1895,10:16:33,10.21,--,13,13273,买盘
1896,10:16:27,10.21,0.01,112,114352,买盘
1897,10:16:21,10.2,-0.01,4,4079,卖盘
1898,10:16:18,10.21,-0.01,41,41861,中性盘
1899,10:16:03,10.22,0.02,100,102200,买盘
1900,10:16:00,10.2,--,36,36720,卖盘
1901,10:15:51,10.2,-0.01,111,113219,卖盘
1902,10:15:45,10.21,--,1,1021,买盘
1903,10:15:42,10.21,0.01,12,12252,买盘
1904,10:15:39,10.2,--,8,8159,卖盘
1905,10:15:36,10.2,-0.01,17,17340,卖盘
1906,10:15:33,10.21,--,2,2042,买盘
1907,10:15:30,10.21,-0.01,1,1021,买盘
1908,10:15:21,10.22,0.01,18,18396,买盘
1909,10:15:18,10.21,--,5,5105,买盘
1910,10:15:12,10.21,--,4,4084,买盘
1911,10:15:06,10.21,0.01,53,54113,买盘
1912,10:15:00,10.2,-0.01,10,10200,卖盘
1913,10:14:57,10.21,--,45,45945,买盘
1914,10:14:54,10.21,0.01,15,15315,买盘
1915,10:14:51,10.2,-0.01,41,41820,卖盘
1916,10:14:48,10.21,0.01,14,14294,买盘
1917,10:14:45,10.2,-0.01,90,91800,卖盘
1918,10:14:39,10.21,--,11,11231,买盘
1919,10:14:33,10.21,--,19,19399,买盘
1920,10:14:30,10.21,--,100,102100,买盘
1921,10:14:24,10.21,0.01,3,3063,买盘
1922,10:14:21,10.2,-0.01,2,2039,卖盘
1923,10:14:18,10.21,--,63,64323,买盘
1924,10:14:15,10.21,--,7,7147,买盘
1925,10:14:09,10.21,--,169,172549,买盘
1926,10:14:03,10.21,--,30,30630,买盘
1927,10:14:00,10.21,0.01,11,11231,买盘
1928,10:13:54,10.2,--,31,31619,卖盘
1929,10:13:48,10.2,-0.01,2,2039,卖盘
1930,10:13:45,10.21,--,35,35735,买盘
1931,10:13:36,10.21,--,114,116394,买盘
1932,10:13:30,10.21,--,3,3063,买盘
1933,10:13:27,10.21,--,10,10210,买盘
1934,10:13:24,10.21,--,28,28588,买盘
1935,10:13:21,10.21,--,6,6126,买盘
1936,10:13:12,10.21,0.01,10,10210,买盘
1937,10:13:09,10.2,-0.01,20,20400,卖盘
1938,10:13:03,10.21,0.01,4,4084,买盘
1939,10:13:00,10.2,--,10,10200,卖盘
1940,10:12:57,10.2,-0.01,2,2039,卖盘
1941,10:12:51,10.21,--,9,9189,买盘
1942,10:12:48,10.21,--,5,5105,买盘
1943,10:12:39,10.21,0.01,15,15315,买盘
1944,10:12:33,10.2,--,2,2039,卖盘
1945,10:12:30,10.2,--,12,12240,卖盘
1946,10:12:03,10.2,-0.01,15,15299,卖盘
1947,10:12:00,10.21,0.01,3,3063,买盘
1948,10:11:57,10.2,--,102,104040,卖盘
1949,10:11:54,10.2,-0.01,3,3060,卖盘
1950,10:11:45,10.21,0.01,20,20420,买盘
1951,10:11:30,10.2,-0.01,1,1019,卖盘
1952,10:11:27,10.21,--,2,2042,买盘
1953,10:11:15,10.21,0.01,5,5105,买盘
1954,10:11:09,10.2,--,3,3060,卖盘
1955,10:11:06,10.2,--,56,57119,卖盘
1956,10:11:03,10.2,-0.01,2,2039,卖盘
1957,10:10:57,10.21,0.01,13,13273,买盘
1958,10:10:51,10.2,--,5,5100,卖盘
1959,10:10:42,10.2,--,2,2039,卖盘
1960,10:10:24,10.2,--,3,3060,卖盘
1961,10:10:06,10.2,-0.01,64,65279,卖盘
1962,10:09:57,10.21,--,260,265460,买盘
1963,10:09:51,10.21,--,8,8168,买盘
1964,10:09:48,10.21,--,16,16336,买盘
1965,10:09:45,10.21,--,217,221557,买盘
1966,10:09:42,10.21,--,822,839588,卖盘
1967,10:09:39,10.21,-0.01,20,20420,卖盘
1968,10:09:36,10.22,0.01,166,169652,买盘
1969,10:09:30,10.21,--,52,53092,卖盘
1970,10:09:27,10.21,--,20,20420,卖盘
1971,10:09:24,10.21,--,150,153150,卖盘
1972,10:09:21,10.21,--,10,10210,卖盘
1973,10:09:18,10.21,--,20,20420,卖盘
1974,10:09:15,10.21,--,53,54113,卖盘
1975,10:09:12,10.21,--,0,827,卖盘
1976,10:09:06,10.21,--,30,30630,卖盘
1977,10:09:00,10.21,--,100,102100,卖盘
1978,10:08:57,10.21,--,20,20420,卖盘
1979,10:08:54,10.21,-0.01,10,10210,卖盘
1980,10:08:51,10.22,0.01,34,34748,买盘
1981,10:08:48,10.21,-0.01,50,51050,卖盘
1982,10:08:36,10.22,0.01,16,16352,买盘
1983,10:08:33,10.21,-0.01,47,47987,卖盘
1984,10:08:30,10.22,--,8,8176,买盘
1985,10:08:24,10.22,0.01,217,221774,买盘
1986,10:08:21,10.21,-0.01,12,12252,卖盘
1987,10:08:18,10.22,0.01,236,241192,买盘
1988,10:08:15,10.21,-0.01,100,102100,卖盘
1989,10:08:12,10.22,0.01,7,7154,买盘
1990,10:08:09,10.21,-0.01,158,161318,卖盘
1991,10:08:06,10.22,0.01,163,166586,买盘
1992,10:08:03,10.21,--,30,31038,卖盘
1993,10:08:00,10.21,--,116,118844,卖盘
1994,10:07:54,10.21,--,514,524794,卖盘
1995,10:07:51,10.21,-0.01,30,30630,卖盘
1996,10:07:45,10.22,0.01,10,10220,买盘
1997,10:07:39,10.21,-0.01,21,21441,卖盘
1998,10:07:36,10.22,0.01,15,15330,买盘
1999,10:07:30,10.21,--,5,5105,卖盘
2000,10:07:27,10.21,--,1,1021,卖盘
2001,10:07:12,10.21,--,20,20420,卖盘
2002,10:07:09,10.21,-0.01,40,40840,卖盘
2003,10:07:06,10.22,0.01,16,16352,买盘
2004,10:07:03,10.21,-0.01,2,2042,卖盘
2005,10:06:54,10.22,--,20,20440,买盘
2006,10:06:51,10.22,--,50,51100,买盘
2007,10:06:39,10.22,0.01,104,106288,买盘
2008,10:06:36,10.21,-0.01,18,18378,卖盘
2009,10:06:33,10.22,0.01,1,1022,买盘
2010,10:06:12,10.21,-0.01,1,1021,卖盘
2011,10:06:06,10.22,--,16,16352,买盘
2012,10:06:00,10.22,--,30,30660,买盘
2013,10:05:48,10.22,--,10,10220,买盘
2014,10:05:36,10.22,0.01,16,16352,买盘
2015,10:05:21,10.21,--,1,1021,卖盘
2016,10:05:18,10.21,-0.01,31,31722,卖盘
2017,10:05:15,10.22,--,5,5110,买盘
2018,10:05:06,10.22,--,18,18396,买盘
2019,10:05:03,10.22,--,50,51100,买盘
2020,10:05:00,10.22,--,3,3066,买盘
2021,10:04:51,10.22,0.01,406,414932,买盘
2022,10:04:48,10.21,--,62,63302,卖盘
2023,10:04:39,10.21,-0.01,164,167444,卖盘
2024,10:04:36,10.22,--,16,16352,买盘
2025,10:04:33,10.22,--,3,3066,买盘
2026,10:04:30,10.22,--,224,228928,买盘
2027,10:04:24,10.22,0.01,1,1022,买盘
2028,10:04:15,10.21,-0.01,39,39819,卖盘
2029,10:04:12,10.22,--,1055,1078210,买盘
2030,10:04:09,10.22,--,204,208488,买盘
2031,10:04:06,10.22,0.01,73,74606,买盘
2032,10:04:03,10.21,-0.01,45,45945,卖盘
2033,10:04:00,10.22,--,6,6132,买盘
2034,10:03:57,10.22,0.01,114,116508,买盘
2035,10:03:54,10.21,-0.01,102,104142,卖盘
2036,10:03:51,10.22,0.01,10,10220,买盘
2037,10:03:45,10.21,-0.01,5,5105,卖盘
2038,10:03:42,10.22,--,85,86870,买盘
2039,10:03:39,10.22,0.01,5,5110,买盘
2040,10:03:36,10.21,-0.01,31,31651,卖盘
2041,10:03:33,10.22,--,17,17374,买盘
2042,10:03:30,10.22,--,50,51100,买盘
2043,10:03:27,10.22,--,216,220752,买盘
2044,10:03:24,10.22,--,29,29638,买盘
2045,10:03:21,10.22,0.01,6,6132,买盘
2046,10:03:18,10.21,-0.01,125,127625,卖盘
2047,10:03:15,10.22,0.01,53,54166,买盘
2048,10:03:09,10.21,-0.01,280,285880,卖盘
2049,10:03:06,10.22,--,84,85848,买盘
2050,10:03:03,10.22,--,17,17374,买盘
2051,10:03:00,10.22,--,7,7154,买盘
2052,10:02:54,10.22,0.01,125,127750,买盘
2053,10:02:51,10.21,-0.01,41,41861,卖盘
2054,10:02:45,10.22,--,17,17374,买盘
2055,10:02:42,10.22,0.01,100,102200,买盘
2056,10:02:39,10.21,-0.01,209,213389,卖盘
2057,10:02:36,10.22,--,16,16352,买盘
2058,10:02:30,10.22,0.01,12,12264,买盘
2059,10:02:27,10.21,-0.01,150,153150,卖盘
2060,10:02:24,10.22,--,20,20440,买盘
2061,10:02:21,10.22,0.01,18,18396,买盘
2062,10:02:18,10.21,-0.01,35,35735,卖盘
2063,10:02:15,10.22,0.01,4,4088,买盘
2064,10:02:12,10.21,-0.01,2,2042,卖盘
2065,10:02:06,10.22,--,58,59276,买盘
2066,10:02:03,10.22,0.01,15,15330,买盘
2067,10:01:54,10.21,-0.01,99,101079,卖盘
2068,10:01:51,10.22,--,39,39858,买盘
2069,10:01:42,10.22,--,10,10220,买盘
2070,10:01:39,10.22,0.01,3,3066,买盘
2071,10:01:36,10.21,-0.01,118,120478,卖盘
2072,10:01:33,10.22,--,3,3066,买盘
2073,10:01:30,10.22,--,5,5110,买盘
2074,10:01:27,10.22,0.01,27,27594,买盘
2075,10:01:24,10.21,-0.01,3,3063,卖盘
2076,10:01:21,10.22,--,5,5110,买盘
2077,10:01:18,10.22,--,10,10220,买盘
2078,10:01:09,10.22,--,81,82782,买盘
2079,10:01:06,10.22,--,33,33726,买盘
2080,10:01:03,10.22,--,3,3066,买盘
2081,10:00:57,10.22,--,3,3066,买盘
2082,10:00:54,10.22,--,14,14308,买盘
2083,10:00:45,10.22,--,4,4088,买盘
2084,10:00:39,10.22,--,47,48034,买盘
2085,10:00:36,10.22,0.01,15,15330,买盘
2086,10:00:30,10.21,-0.01,15,15315,卖盘
2087,10:00:24,10.22,--,83,84826,买盘
2088,10:00:21,10.22,--,57,58254,买盘
2089,10:00:12,10.22,--,12,12264,买盘
2090,10:00:06,10.22,--,30,30660,买盘
2091,10:00:00,10.22,--,7,7154,买盘
2092,09:59:57,10.22,--,36,36792,买盘
2093,09:59:54,10.22,--,2,2044,买盘
2094,09:59:51,10.22,--,11,11242,买盘
2095,09:59:42,10.22,--,27,27594,买盘
2096,09:59:39,10.22,0.01,2,2044,买盘
2097,09:59:36,10.21,-0.01,28,28588,卖盘
2098,09:59:33,10.22,--,5,5110,买盘
2099,09:59:27,10.22,--,11,11242,买盘
2100,09:59:24,10.22,--,25,25550,买盘
2101,09:59:18,10.22,0.01,17,17374,买盘
2102,09:59:15,10.21,-0.01,77,78617,卖盘
2103,09:59:12,10.22,--,3,3066,买盘
2104,09:59:09,10.22,--,17,17374,买盘
2105,09:59:06,10.22,-0.01,60,61320,中性盘
2106,09:59:00,10.23,0.01,55,56265,买盘
2107,09:58:57,10.22,-0.01,1,1022,中性盘
2108,09:58:54,10.23,--,17,17391,买盘
2109,09:58:45,10.23,0.02,7,7161,买盘
2110,09:58:42,10.21,-0.01,29,29609,卖盘
2111,09:58:39,10.22,--,5,5110,买盘
2112,09:58:36,10.22,--,16,16352,中性盘
2113,09:58:33,10.22,-0.01,6,6132,卖盘
2114,09:58:30,10.23,0.01,20,20460,买盘
2115,09:58:27,10.22,-0.01,9,9198,卖盘
2116,09:58:21,10.23,--,32,32736,买盘
2117,09:58:18,10.23,--,30,30690,买盘
2118,09:58:15,10.23,--,5,5115,买盘
2119,09:58:12,10.23,--,1,1023,买盘
2120,09:58:06,10.23,0.01,23,23529,买盘
2121,09:58:03,10.22,-0.01,1,1022,中性盘
2122,09:57:57,10.23,--,19,19437,买盘
2123,09:57:51,10.23,--,23,23529,买盘
2124,09:57:48,10.23,0.01,19,19437,买盘
2125,09:57:42,10.22,--,45,45990,卖盘
2126,09:57:36,10.22,-0.01,89,90958,卖盘
2127,09:57:33,10.23,0.01,40,40920,买盘
2128,09:57:30,10.22,-0.01,15,15330,卖盘
2129,09:57:27,10.23,--,76,77748,买盘
2130,09:57:24,10.23,0.02,13,13299,买盘
2131,09:57:21,10.21,-0.02,88,89848,卖盘
2132,09:57:18,10.23,0.01,257,262911,买盘
2133,09:57:09,10.22,--,44,44968,买盘
2134,09:57:06,10.22,--,16,16352,买盘
2135,09:57:03,10.22,--,112,114464,买盘
2136,09:57:00,10.22,--,145,148190,买盘
2137,09:56:54,10.22,0.01,7,7154,买盘
2138,09:56:51,10.21,-0.01,70,71470,卖盘
2139,09:56:48,10.22,--,210,214620,买盘
2140,09:56:45,10.22,0.01,64,65408,买盘
2141,09:56:42,10.21,--,9,9189,卖盘
2142,09:56:39,10.21,-0.01,14,14294,卖盘
2143,09:56:36,10.22,--,136,138992,买盘
2144,09:56:30,10.22,--,79,80738,买盘
2145,09:56:21,10.22,0.01,174,177828,买盘
2146,09:56:18,10.21,-0.01,195,199095,卖盘
2147,09:56:15,10.22,--,37,37814,买盘
2148,09:56:12,10.22,--,70,71540,买盘
2149,09:56:06,10.22,--,126,128772,买盘
2150,09:56:03,10.22,--,218,222796,买盘
2151,09:56:00,10.22,--,4,4088,买盘
2152,09:55:57,10.22,--,9,9198,买盘
2153,09:55:51,10.22,--,1,1022,买盘
2154,09:55:48,10.22,--,39,39858,买盘
2155,09:55:42,10.22,--,27,27594,买盘
2156,09:55:36,10.22,--,16,16352,买盘
2157,09:55:33,10.22,0.01,9,9198,买盘
2158,09:55:30,10.21,--,50,51050,卖盘
2159,09:55:27,10.21,-0.01,1,1021,卖盘
2160,09:55:24,10.22,--,41,41902,买盘
2161,09:55:18,10.22,0.01,15,15330,买盘
2162,09:55:12,10.21,--,5,5105,卖盘
2163,09:55:09,10.21,--,133,135793,卖盘
2164,09:55:06,10.21,-0.01,48,49008,卖盘
2165,09:55:03,10.22,--,1,1022,买盘
2166,09:55:00,10.22,--,22,22484,买盘
2167,09:54:57,10.22,0.01,160,163520,买盘
2168,09:54:54,10.21,-0.01,43,43903,卖盘
2169,09:54:45,10.22,0.01,33,33726,买盘
2170,09:54:42,10.21,-0.01,32,32672,卖盘
2171,09:54:36,10.22,0.01,58,59276,买盘
2172,09:54:33,10.21,-0.01,7,7147,卖盘
2173,09:54:30,10.22,--,44,44968,买盘
2174,09:54:24,10.22,0.01,108,110376,买盘
2175,09:54:21,10.21,--,68,69428,卖盘
2176,09:54:18,10.21,--,7,7147,卖盘
2177,09:54:15,10.21,-0.01,62,63302,卖盘
2178,09:54:12,10.22,0.01,46,47012,买盘
2179,09:54:09,10.21,-0.01,72,73512,卖盘
2180,09:54:06,10.22,--,35,35770,买盘
2181,09:53:57,10.22,0.01,66,67452,买盘
2182,09:53:51,10.21,-0.01,68,69428,卖盘
2183,09:53:48,10.22,0.01,80,81760,买盘
2184,09:53:45,10.21,--,113,115373,卖盘
2185,09:53:42,10.21,-0.01,28,28588,卖盘
2186,09:53:39,10.22,--,28,28616,买盘
2187,09:53:36,10.22,--,79,80738,买盘
2188,09:53:33,10.22,--,23,23506,买盘
2189,09:53:24,10.22,0.01,12,12264,买盘
2190,09:53:21,10.21,-0.01,57,58197,卖盘
2191,09:53:18,10.22,--,7,7154,买盘
2192,09:53:15,10.22,--,18,18396,买盘
2193,09:53:12,10.22,--,10,10220,买盘
2194,09:53:09,10.22,0.01,10,10220,买盘
2195,09:53:03,10.21,-0.01,1,1021,卖盘
2196,09:53:00,10.22,--,19,19418,买盘
2197,09:52:57,10.22,--,10,10220,买盘
2198,09:52:54,10.22,0.01,6,6132,买盘
2199,09:52:51,10.21,-0.01,20,20420,卖盘
2200,09:52:48,10.22,--,30,30660,买盘
2201,09:52:45,10.22,--,13,13286,买盘
2202,09:52:36,10.22,--,4,4088,买盘
2203,09:52:30,10.22,--,43,43946,买盘
2204,09:52:27,10.22,0.01,9,9198,买盘
2205,09:52:21,10.21,-0.01,9,9189,卖盘
2206,09:52:15,10.22,--,1,1022,买盘
2207,09:52:12,10.22,--,18,18396,买盘
2208,09:52:09,10.22,0.01,1,1022,买盘
2209,09:52:06,10.21,--,3,3063,卖盘
2210,09:51:57,10.21,-0.01,42,42882,卖盘
2211,09:51:51,10.22,--,2,2044,买盘
2212,09:51:48,10.22,--,17,17374,买盘
2213,09:51:42,10.22,--,35,35770,买盘
2214,09:51:36,10.22,--,14,14308,买盘
2215,09:51:33,10.22,--,23,23506,买盘
2216,09:51:27,10.22,--,2,2044,买盘
2217,09:51:24,10.22,--,57,58254,买盘
2218,09:51:18,10.22,--,80,81760,买盘
2219,09:51:15,10.22,--,3,3066,买盘
2220,09:51:12,10.22,--,5,5110,买盘
2221,09:51:09,10.22,--,86,87892,买盘
2222,09:51:06,10.22,--,14,14308,买盘
2223,09:51:03,10.22,--,30,30660,买盘
2224,09:51:00,10.22,--,90,92582,卖盘
2225,09:50:57,10.22,-0.01,200,204400,卖盘
2226,09:50:54,10.23,0.01,86,87978,买盘
2227,09:50:51,10.22,--,46,47012,卖盘
2228,09:50:48,10.22,-0.01,9,9198,卖盘
2229,09:50:45,10.23,0.01,26,26598,买盘
2230,09:50:42,10.22,--,73,74606,卖盘
2231,09:50:39,10.22,--,38,38836,卖盘
2232,09:50:36,10.22,--,174,177828,卖盘
2233,09:50:33,10.22,-0.01,0,419,卖盘
2234,09:50:30,10.23,0.01,82,83886,买盘
2235,09:50:27,10.22,--,1,1022,卖盘
2236,09:50:21,10.22,-0.01,142,145124,卖盘
2237,09:50:18,10.23,0.01,41,41943,买盘
2238,09:50:15,10.22,-0.01,12,12264,卖盘
2239,09:50:12,10.23,0.01,55,56265,买盘
2240,09:50:09,10.22,-0.01,201,205422,卖盘
2241,09:50:06,10.23,--,34,34782,买盘
2242,09:50:03,10.23,0.01,11,11253,买盘
2243,09:50:00,10.22,-0.01,42,42924,卖盘
2244,09:49:57,10.23,0.01,99,101277,买盘
2245,09:49:51,10.22,-0.01,10,10220,中性盘
2246,09:49:48,10.23,--,55,56265,买盘
2247,09:49:42,10.23,--,298,304854,买盘
2248,09:49:39,10.23,0.01,53,54219,买盘
2249,09:49:36,10.22,-0.01,22,22484,买盘
2250,09:49:33,10.23,0.01,25,25575,买盘
2251,09:49:30,10.22,--,1131,1155882,买盘
2252,09:49:24,10.22,0.01,39,39858,买盘
2253,09:49:21,10.21,-0.01,21,21441,卖盘
2254,09:49:18,10.22,0.01,63,64386,买盘
2255,09:49:15,10.21,--,10,10210,卖盘
2256,09:49:12,10.21,-0.01,118,120478,卖盘
2257,09:49:09,10.22,0.01,2,2044,买盘
2258,09:49:06,10.21,--,140,142940,卖盘
2259,09:49:03,10.21,-0.01,24,24504,卖盘
2260,09:49:00,10.22,--,52,53144,买盘
2261,09:48:54,10.22,--,1,1022,买盘
2262,09:48:51,10.22,--,100,102200,买盘
2263,09:48:48,10.22,--,3,3066,买盘
2264,09:48:45,10.22,0.01,51,52122,买盘
2265,09:48:39,10.21,-0.01,4,4084,卖盘
2266,09:48:36,10.22,--,20,20440,买盘
2267,09:48:30,10.22,--,142,145124,买盘
2268,09:48:27,10.22,--,20,20440,买盘
2269,09:48:21,10.22,0.01,374,382228,买盘
2270,09:48:15,10.21,-0.01,105,107205,卖盘
2271,09:48:12,10.22,--,9,9198,买盘
2272,09:48:09,10.22,--,15,15330,买盘
2273,09:48:06,10.22,--,27,27594,买盘
2274,09:47:57,10.22,--,31,31682,买盘
2275,09:47:48,10.22,0.01,42,42924,买盘
2276,09:47:45,10.21,-0.01,15,15315,卖盘
2277,09:47:42,10.22,--,29,29638,买盘
2278,09:47:39,10.22,--,107,109354,买盘
2279,09:47:36,10.22,--,14,14308,买盘
2280,09:47:33,10.22,--,2,2044,买盘
2281,09:47:24,10.22,--,111,113442,买盘
2282,09:47:18,10.22,0.01,5,5110,买盘
2283,09:47:15,10.21,-0.01,13,13273,中性盘
2284,09:47:12,10.22,--,316,322952,买盘
2285,09:47:09,10.22,--,42,42924,买盘
2286,09:47:06,10.22,--,14,14308,买盘
2287,09:47:00,10.22,0.01,37,37814,买盘
2288,09:46:57,10.21,-0.01,82,83722,卖盘
2289,09:46:54,10.22,--,22,22484,买盘
2290,09:46:51,10.22,0.01,9,9198,买盘
2291,09:46:48,10.21,-0.01,7,7147,卖盘
2292,09:46:45,10.22,0.01,107,109354,买盘
2293,09:46:42,10.21,0.01,70,71868,买盘
2294,09:46:39,10.2,-0.01,4,4079,卖盘
2295,09:46:36,10.21,--,28,28588,买盘
2296,09:46:33,10.21,--,24,24504,买盘
2297,09:46:30,10.21,--,296,302216,买盘
2298,09:46:27,10.21,--,10,10210,买盘
2299,09:46:24,10.21,--,15,15315,买盘
2300,09:46:21,10.21,0.01,20,20420,买盘
2301,09:46:18,10.2,-0.01,960,979199,卖盘
2302,09:46:15,10.21,--,20,20420,买盘
2303,09:46:12,10.21,0.01,6,6126,买盘
2304,09:46:09,10.2,--,1,1019,卖盘
2305,09:46:06,10.2,-0.01,34,34680,卖盘
2306,09:46:00,10.21,--,1,1021,买盘
2307,09:45:57,10.21,--,16,16336,买盘
2308,09:45:48,10.21,--,24,24504,买盘
2309,09:45:45,10.21,--,2,2042,买盘
2310,09:45:42,10.21,0.01,29,29609,买盘
2311,09:45:36,10.2,-0.01,19,19380,卖盘
2312,09:45:33,10.21,--,55,56155,买盘
2313,09:45:27,10.21,--,43,43903,买盘
2314,09:45:24,10.21,--,165,168465,买盘
2315,09:45:18,10.21,--,17,17357,买盘
2316,09:45:15,10.21,--,17,17357,买盘
2317,09:45:12,10.21,--,508,518668,买盘
2318,09:45:09,10.21,--,26,26546,买盘
2319,09:45:06,10.21,--,24,24504,买盘
2320,09:44:48,10.21,0.01,32,32672,买盘
2321,09:44:39,10.2,--,4,4079,卖盘
2322,09:44:36,10.2,-0.01,19,19380,卖盘
2323,09:44:27,10.21,0.01,91,92911,买盘
2324,09:44:21,10.2,-0.01,14,14279,卖盘
2325,09:44:18,10.21,--,86,87806,买盘
2326,09:44:15,10.21,--,179,182759,买盘
2327,09:44:12,10.21,--,4,4084,买盘
2328,09:44:09,10.21,--,33,33693,买盘
2329,09:44:06,10.21,--,24,24504,买盘
2330,09:44:03,10.21,--,184,187864,买盘
2331,09:43:57,10.21,--,6,6126,买盘
2332,09:43:54,10.21,0.01,10,10210,买盘
2333,09:43:51,10.2,--,3,3060,卖盘
2334,09:43:48,10.2,-0.01,10,10200,卖盘
2335,09:43:45,10.21,0.01,21,21441,买盘
2336,09:43:42,10.2,--,4,4079,卖盘
2337,09:43:39,10.2,-0.01,3,3060,卖盘
2338,09:43:36,10.21,0.01,27,27567,买盘
2339,09:43:33,10.2,-0.01,12,12240,卖盘
2340,09:43:30,10.21,--,35,35735,买盘
2341,09:43:21,10.21,--,43,43903,买盘
2342,09:43:18,10.21,0.01,7,7147,买盘
2343,09:43:15,10.2,--,1,1019,卖盘
2344,09:43:12,10.2,-0.01,2,2039,卖盘
2345,09:43:09,10.21,0.01,2,2042,买盘
2346,09:43:06,10.2,--,127,129539,卖盘
2347,09:42:54,10.2,--,300,306000,卖盘
2348,09:42:51,10.2,-0.01,75,76500,卖盘
2349,09:42:42,10.21,0.01,23,23728,买盘
2350,09:42:39,10.2,--,4,4079,卖盘
2351,09:42:36,10.2,-0.01,115,117299,卖盘
2352,09:42:33,10.21,--,80,81680,买盘
2353,09:42:27,10.21,--,11,11231,买盘
2354,09:42:24,10.21,0.01,83,84743,买盘
2355,09:42:21,10.2,-0.01,150,153000,卖盘
2356,09:42:18,10.21,0.01,33,33693,买盘
2357,09:42:15,10.2,-0.01,39,39780,卖盘
2358,09:42:09,10.21,--,76,77596,买盘
2359,09:42:06,10.21,--,14,14294,买盘
2360,09:42:03,10.21,0.01,20,20420,买盘
2361,09:42:00,10.2,--,170,173400,卖盘
2362,09:41:57,10.2,-0.01,38,38760,卖盘
2363,09:41:54,10.21,--,14,14294,买盘
2364,09:41:48,10.21,--,56,57176,买盘
2365,09:41:45,10.21,0.01,9,9189,买盘
2366,09:41:42,10.2,-0.01,30,30599,卖盘
2367,09:41:39,10.21,--,23,23483,买盘
2368,09:41:36,10.21,--,118,120478,买盘
2369,09:41:30,10.21,0.01,78,79638,买盘
2370,09:41:27,10.2,--,91,92820,卖盘
2371,09:41:12,10.2,--,50,51000,卖盘
2372,09:41:09,10.2,-0.01,100,102000,卖盘
2373,09:41:06,10.21,0.01,100,102100,买盘
2374,09:41:03,10.2,-0.01,118,120359,卖盘
2375,09:41:00,10.21,0.01,46,46966,买盘
2376,09:40:57,10.2,--,21,21420,卖盘
2377,09:40:54,10.2,--,152,155040,卖盘
2378,09:40:51,10.2,--,86,87720,卖盘
2379,09:40:48,10.2,-0.01,10,10200,卖盘
2380,09:40:45,10.21,0.01,5,5105,买盘
2381,09:40:39,10.2,-0.01,6,6120,卖盘
2382,09:40:36,10.21,0.01,39,39819,买盘
2383,09:40:30,10.2,-0.01,18,18360,卖盘
2384,09:40:21,10.21,0.01,58,59218,买盘
2385,09:40:15,10.2,--,28,28559,卖盘
2386,09:40:12,10.2,-0.01,22,22440,卖盘
2387,09:40:06,10.21,--,70,71470,买盘
2388,09:39:57,10.21,--,3,3063,买盘
2389,09:39:54,10.21,0.01,4,4084,买盘
2390,09:39:51,10.2,-0.01,91,92820,卖盘
2391,09:39:48,10.21,--,9,9189,买盘
2392,09:39:36,10.21,--,21,21441,买盘
2393,09:39:33,10.21,--,11,11231,买盘
2394,09:39:24,10.21,0.01,14,14294,买盘
2395,09:39:21,10.2,-0.01,5,5712,卖盘
2396,09:39:18,10.21,--,10,10210,买盘
2397,09:39:15,10.21,--,7,7147,买盘
2398,09:39:09,10.21,0.01,45,46567,买盘
2399,09:39:06,10.2,-0.01,25,25500,卖盘
2400,09:39:00,10.21,--,4,4084,买盘
2401,09:38:57,10.21,0.01,7,7147,买盘
2402,09:38:54,10.2,-0.01,6,6120,卖盘
2403,09:38:51,10.21,--,1,1021,买盘
2404,09:38:45,10.21,0.01,14,14294,买盘
2405,09:38:39,10.2,-0.01,4,4079,卖盘
2406,09:38:36,10.21,0.01,6,6126,买盘
2407,09:38:33,10.2,--,28,28559,买盘
2408,09:38:30,10.2,--,12,12240,买盘
2409,09:38:24,10.2,--,10,10200,买盘
2410,09:38:21,10.2,--,9,9180,买盘
2411,09:38:12,10.2,--,42,42840,买盘
2412,09:38:06,10.2,0.01,30,30599,买盘
2413,09:38:00,10.19,-0.01,9,9171,卖盘
2414,09:37:57,10.2,-0.01,124,126479,卖盘
2415,09:37:54,10.21,0.01,7,7147,买盘
2416,09:37:51,10.2,-0.01,4,4079,卖盘
2417,09:37:48,10.21,--,25,25525,买盘
2418,09:37:39,10.21,--,50,51050,买盘
2419,09:37:36,10.21,0.01,21,21441,买盘
2420,09:37:33,10.2,--,14,14279,卖盘
2421,09:37:30,10.2,--,20,20400,卖盘
2422,09:37:27,10.2,-0.01,6,6120,卖盘
2423,09:37:24,10.21,0.01,122,124562,买盘
2424,09:37:21,10.2,-0.01,34,34680,卖盘
2425,09:37:15,10.21,--,238,242998,买盘
2426,09:37:09,10.21,--,42,42882,买盘
2427,09:37:06,10.21,--,21,21441,买盘
2428,09:37:03,10.21,--,7,7147,买盘
2429,09:37:00,10.21,0.01,16,16336,买盘
2430,09:36:54,10.2,--,22,22440,卖盘
2431,09:36:51,10.2,-0.01,33,33660,卖盘
2432,09:36:45,10.21,0.01,22,22462,买盘
2433,09:36:42,10.2,--,4,4079,卖盘
2434,09:36:39,10.2,-0.01,4,4079,卖盘
2435,09:36:36,10.21,0.01,8,8168,买盘
2436,09:36:33,10.2,--,21,21420,买盘
2437,09:36:30,10.2,--,53,54059,买盘
2438,09:36:24,10.2,--,20,20400,买盘
2439,09:36:21,10.2,--,7,7139,买盘
2440,09:36:18,10.2,--,92,93840,买盘
2441,09:36:12,10.2,--,65,66300,买盘
2442,09:36:06,10.2,-0.01,25,25500,中性盘
2443,09:36:03,10.21,--,156,159276,买盘
2444,09:35:57,10.21,0.01,59,60239,买盘
2445,09:35:54,10.2,--,4,4079,买盘
2446,09:35:51,10.2,-0.01,240,244799,卖盘
2447,09:35:48,10.21,0.01,110,112310,买盘
2448,09:35:45,10.2,--,76,77520,卖盘
2449,09:35:42,10.2,-0.01,122,124439,卖盘
2450,09:35:39,10.21,0.01,39,39819,买盘
2451,09:35:33,10.2,--,71,72420,卖盘
2452,09:35:30,10.2,-0.01,11,11220,卖盘
2453,09:35:27,10.21,0.01,2,2042,买盘
2454,09:35:24,10.2,-0.01,51,52020,卖盘
2455,09:35:15,10.21,--,78,79638,买盘
2456,09:35:09,10.21,0.01,30,30630,买盘
2457,09:35:06,10.2,--,26,26519,卖盘
2458,09:35:03,10.2,-0.01,18,18360,卖盘
2459,09:35:00,10.21,0.01,143,146003,买盘
2460,09:34:57,10.2,-0.01,56,57119,卖盘
2461,09:34:51,10.21,0.01,83,84743,买盘
2462,09:34:45,10.2,--,169,172380,卖盘
2463,09:34:42,10.2,--,85,86700,卖盘
2464,09:34:39,10.2,-0.01,4,4079,卖盘
2465,09:34:36,10.21,--,64,65966,卖盘
2466,09:34:33,10.21,--,45,45945,卖盘
2467,09:34:30,10.21,--,56,57176,卖盘
2468,09:34:27,10.21,--,124,126604,卖盘
2469,09:34:24,10.21,-0.01,1,1021,卖盘
2470,09:34:21,10.22,0.01,78,79716,买盘
2471,09:34:15,10.21,--,40,40840,卖盘
2472,09:34:12,10.21,--,143,146003,卖盘
2473,09:34:09,10.21,--,133,135793,卖盘
2474,09:34:06,10.21,--,14,14294,卖盘
2475,09:34:03,10.21,-0.01,113,115373,卖盘
2476,09:33:57,10.22,0.01,204,208488,买盘
2477,09:33:51,10.21,-0.01,4,4084,卖盘
2478,09:33:48,10.22,--,10,10220,买盘
2479,09:33:45,10.22,0.01,36,36792,买盘
2480,09:33:42,10.21,-0.01,20,20420,卖盘
2481,09:33:39,10.22,0.01,36,36792,买盘
2482,09:33:33,10.21,--,2,2042,卖盘
2483,09:33:30,10.21,-0.01,20,21430,卖盘
2484,09:33:27,10.22,0.01,14,14308,买盘
2485,09:33:21,10.21,-0.01,6,6126,卖盘
2486,09:33:18,10.22,0.01,34,34748,买盘
2487,09:33:15,10.21,-0.01,1,1021,卖盘
2488,09:33:09,10.22,--,12,12264,买盘
2489,09:33:03,10.22,--,73,74606,买盘
2490,09:33:00,10.22,--,38,38836,买盘
2491,09:32:57,10.22,--,22,22484,买盘
2492,09:32:54,10.22,--,20,20440,买盘
2493,09:32:51,10.22,0.01,82,83804,买盘
2494,09:32:45,10.21,-0.01,43,43903,卖盘
2495,09:32:39,10.22,--,27,27594,买盘
2496,09:32:36,10.22,0.01,184,188048,买盘
2497,09:32:30,10.21,-0.01,90,91890,卖盘
2498,09:32:27,10.22,--,17,17374,买盘
2499,09:32:21,10.22,--,184,188048,买盘
2500,09:32:15,10.22,--,47,48034,卖盘
2501,09:32:12,10.22,0.01,149,152278,买盘
2502,09:32:06,10.21,-0.01,10,10210,卖盘
2503,09:32:03,10.22,--,33,33726,买盘
2504,09:32:00,10.22,--,7,7154,买盘
2505,09:31:57,10.22,--,9,9198,买盘
2506,09:31:54,10.22,--,10,10220,买盘
2507,09:31:48,10.22,0.01,84,85848,买盘
2508,09:31:45,10.21,-0.01,31,31651,卖盘
2509,09:31:39,10.22,0.01,194,198268,买盘
2510,09:31:36,10.21,-0.01,25,25525,卖盘
2511,09:31:33,10.22,0.01,56,57232,买盘
2512,09:31:30,10.21,-0.01,79,80659,卖盘
2513,09:31:27,10.22,--,77,78694,买盘
2514,09:31:24,10.22,--,76,77672,买盘
2515,09:31:21,10.22,--,76,77672,买盘
2516,09:31:18,10.22,0.01,34,34748,买盘
2517,09:31:12,10.21,--,1,1021,卖盘
2518,09:31:06,10.21,--,69,70704,卖盘
2519,09:31:03,10.21,-0.01,1,1021,卖盘
2520,09:31:00,10.22,--,44,44968,买盘
2521,09:30:51,10.22,0.01,5,5110,买盘
2522,09:30:48,10.21,--,17,17357,卖盘
2523,09:30:45,10.21,-0.01,124,126604,卖盘
2524,09:30:36,10.22,--,12,12264,买盘
2525,09:30:27,10.22,--,1,1022,买盘
2526,09:30:21,10.22,--,39,39858,买盘
2527,09:30:18,10.22,--,1,1022,买盘
2528,09:30:12,10.22,--,38,38836,买盘
2529,09:30:09,10.22,--,11,11242,买盘
2530,09:30:06,10.22,--,80,81760,买盘
2531,09:30:03,10.22,--,128,130969,买盘
2532,09:30:00,10.22,--,0,0,买盘
2533,09:25:03,10.22,10.22,1223,1249906,买盘
