,time,price,change,volume,amount,type
0,15:00:03,2.61,-0.01,1744,455288,卖盘
1,14:57:00,2.62,0.01,1,262,买盘
2,14:56:51,2.61,-0.01,88,22968,卖盘
3,14:56:48,2.62,0.01,56,14672,买盘
4,14:56:42,2.61,-0.01,115,30015,卖盘
5,14:56:36,2.62,--,2,524,买盘
6,14:56:33,2.62,--,24,6288,买盘
7,14:56:30,2.62,--,55,14410,买盘
8,14:56:27,2.62,--,40,10480,买盘
9,14:56:15,2.62,0.01,8,2096,买盘
10,14:56:12,2.61,-0.01,274,71618,卖盘
11,14:56:06,2.62,0.01,572,149864,买盘
12,14:56:00,2.61,-0.01,40,10440,卖盘
13,14:55:54,2.62,0.01,11,2882,买盘
14,14:55:42,2.61,--,200,52200,卖盘
15,14:55:15,2.61,-0.01,100,26100,卖盘
16,14:55:06,2.62,--,34,8908,买盘
17,14:54:51,2.62,--,5,1310,买盘
18,14:54:48,2.62,0.01,15,3930,买盘
19,14:54:45,2.61,--,41,10701,卖盘
20,14:54:42,2.61,--,50,13050,卖盘
21,14:54:39,2.61,--,31,8247,卖盘
22,14:54:36,2.61,-0.01,33,8613,卖盘
23,14:54:27,2.62,0.01,1,262,买盘
24,14:54:24,2.61,-0.01,10,2610,卖盘
25,14:54:21,2.62,0.01,27,7074,买盘
26,14:54:15,2.61,--,20,5220,卖盘
27,14:54:12,2.61,-0.01,20,5220,卖盘
28,14:54:03,2.62,0.01,16,4192,买盘
29,14:53:57,2.61,-0.01,226,59194,卖盘
30,14:53:54,2.62,0.01,101,26462,买盘
31,14:53:48,2.61,-0.01,162,42282,卖盘
32,14:53:42,2.62,--,94,24628,买盘
33,14:53:33,2.62,0.01,5,1310,买盘
34,14:53:30,2.61,--,2,522,卖盘
35,14:53:12,2.61,--,63,16443,卖盘
36,14:53:09,2.61,--,84,21976,卖盘
37,14:53:03,2.61,-0.01,3,783,卖盘
38,14:52:54,2.62,--,10,2620,买盘
39,14:52:51,2.62,0.01,1,262,买盘
40,14:52:48,2.61,-0.01,147,38367,卖盘
41,14:52:36,2.62,--,6,1572,买盘
42,14:52:30,2.62,--,1,262,买盘
43,14:52:12,2.62,0.01,8,2096,买盘
44,14:51:57,2.61,-0.01,1,261,卖盘
45,14:51:42,2.62,--,10,2620,买盘
46,14:51:36,2.62,--,20,5240,买盘
47,14:51:27,2.62,--,342,89604,卖盘
48,14:51:24,2.62,--,417,109254,卖盘
49,14:51:21,2.62,--,110,28820,卖盘
50,14:51:18,2.62,--,130,34060,卖盘
51,14:51:15,2.62,-0.01,30,7860,卖盘
52,14:51:12,2.63,0.01,510,134130,买盘
53,14:51:09,2.62,--,346,90652,卖盘
54,14:51:06,2.62,--,1,262,卖盘
55,14:51:00,2.62,-0.01,200,52400,卖盘
56,14:50:42,2.63,0.01,114,29982,买盘
57,14:50:39,2.62,--,10,2620,卖盘
58,14:50:33,2.62,--,110,28820,卖盘
59,14:50:30,2.62,--,71,18759,卖盘
60,14:50:15,2.62,--,255,66862,卖盘
61,14:50:12,2.62,--,110,28820,卖盘
62,14:49:51,2.62,--,5,1310,卖盘
63,14:49:48,2.62,--,145,38199,卖盘
64,14:49:36,2.62,--,14,3668,卖盘
65,14:49:15,2.62,-0.01,50,13100,卖盘
66,14:48:39,2.63,--,10,2630,买盘
67,14:48:36,2.63,--,2,526,买盘
68,14:48:30,2.63,0.01,30,7890,买盘
69,14:48:09,2.62,-0.01,300,78600,卖盘
70,14:47:54,2.63,0.01,1,263,买盘
71,14:47:48,2.62,--,205,53710,卖盘
72,14:47:42,2.62,--,93,24523,卖盘
73,14:47:33,2.62,--,248,64976,卖盘
74,14:47:24,2.62,--,100,26200,卖盘
75,14:47:18,2.62,--,20,5240,卖盘
76,14:47:12,2.62,--,6,1572,卖盘
77,14:47:09,2.62,--,40,10480,卖盘
78,14:47:06,2.62,--,176,46112,卖盘
79,14:47:03,2.62,--,2,733,卖盘
80,14:47:00,2.62,--,177,46374,卖盘
81,14:46:54,2.62,--,7,1834,卖盘
82,14:46:51,2.62,--,35,9222,卖盘
83,14:46:42,2.62,--,20,5292,卖盘
84,14:46:39,2.62,--,1100,288200,卖盘
85,14:46:33,2.62,--,150,39300,卖盘
86,14:46:27,2.62,--,18,4716,卖盘
87,14:46:21,2.62,--,467,122354,卖盘
88,14:46:15,2.62,--,148,38776,卖盘
89,14:46:09,2.62,--,143,37675,卖盘
90,14:46:03,2.62,--,60,15720,卖盘
91,14:45:57,2.62,--,41,10951,卖盘
92,14:45:54,2.62,--,18,4716,卖盘
93,14:45:18,2.62,--,40,10480,卖盘
94,14:45:12,2.62,-0.01,38,9956,卖盘
95,14:45:06,2.63,0.01,188,49601,买盘
96,14:44:45,2.62,--,50,13100,卖盘
97,14:44:39,2.62,--,121,31702,卖盘
98,14:44:33,2.62,--,50,13100,卖盘
99,14:44:21,2.62,--,21,5659,卖盘
100,14:44:15,2.62,--,5,1310,卖盘
101,14:44:12,2.62,--,8,2253,卖盘
102,14:44:03,2.62,--,148,38776,卖盘
103,14:44:00,2.62,--,80,20960,卖盘
104,14:43:57,2.62,-0.01,66,17292,卖盘
105,14:43:51,2.63,--,25,6575,买盘
106,14:43:45,2.63,0.01,26,6838,买盘
107,14:43:36,2.62,--,5,1310,卖盘
108,14:43:33,2.62,-0.01,30,7860,卖盘
109,14:43:27,2.63,--,21,5523,买盘
110,14:43:24,2.63,0.01,8,2104,买盘
111,14:43:21,2.62,--,43,11318,卖盘
112,14:43:18,2.62,--,60,15720,卖盘
113,14:43:15,2.62,--,173,45326,卖盘
114,14:43:09,2.62,--,100,26200,卖盘
115,14:43:06,2.62,--,32,8384,卖盘
116,14:43:03,2.62,--,91,23842,卖盘
117,14:43:00,2.62,--,2032,532384,卖盘
118,14:42:57,2.62,--,180,47160,卖盘
119,14:42:45,2.62,-0.01,26,6812,卖盘
120,14:42:42,2.63,--,6,1578,买盘
121,14:42:27,2.63,0.01,2,526,买盘
122,14:42:24,2.62,--,200,52400,卖盘
123,14:42:09,2.62,--,89,23318,卖盘
124,14:41:51,2.62,-0.01,116,30496,卖盘
125,14:41:42,2.63,0.01,25,6575,买盘
126,14:41:30,2.62,--,7,1886,卖盘
127,14:41:27,2.62,--,37,9694,卖盘
128,14:41:21,2.62,-0.01,23,6026,卖盘
129,14:41:00,2.63,0.01,2,526,买盘
130,14:40:48,2.62,-0.01,0,157,卖盘
131,14:40:18,2.63,0.01,5,1315,买盘
132,14:40:15,2.62,-0.01,23,6130,卖盘
133,14:40:09,2.63,0.01,71,18673,买盘
134,14:40:06,2.62,-0.01,40,10480,卖盘
135,14:39:51,2.63,0.01,100,26300,买盘
136,14:39:48,2.62,--,135,35370,卖盘
137,14:39:45,2.62,--,8,2096,卖盘
138,14:39:42,2.62,--,27,7074,卖盘
139,14:39:30,2.62,-0.01,80,20960,卖盘
140,14:39:27,2.63,0.01,30,7890,买盘
141,14:39:18,2.62,-0.01,7,1886,卖盘
142,14:39:15,2.63,--,2,526,买盘
143,14:39:09,2.63,0.01,3,789,买盘
144,14:39:00,2.62,-0.01,20,5240,卖盘
145,14:38:57,2.63,0.01,2,526,买盘
146,14:38:51,2.62,--,2,524,卖盘
147,14:38:39,2.62,-0.01,50,13100,卖盘
148,14:38:36,2.63,--,1,263,买盘
149,14:38:30,2.63,0.01,7,1841,买盘
150,14:38:24,2.62,--,7,1886,卖盘
151,14:38:18,2.62,-0.01,36,9432,卖盘
152,14:38:12,2.63,--,17,4471,买盘
153,14:38:09,2.63,--,21,5523,买盘
154,14:38:06,2.63,0.01,40,10520,买盘
155,14:37:39,2.62,-0.01,110,28820,卖盘
156,14:37:27,2.63,--,86,22618,买盘
157,14:37:03,2.63,--,6,1578,买盘
158,14:36:45,2.63,--,3,789,买盘
159,14:36:21,2.63,0.01,100,26300,买盘
160,14:36:15,2.62,-0.01,10,2620,卖盘
161,14:36:12,2.63,0.01,57,14991,买盘
162,14:36:09,2.62,--,11,2882,卖盘
163,14:35:51,2.62,--,6,1572,卖盘
164,14:35:42,2.62,--,1,262,卖盘
165,14:35:27,2.62,--,19,4978,卖盘
166,14:35:24,2.62,--,4,1048,卖盘
167,14:35:06,2.62,-0.01,6,1572,卖盘
168,14:35:00,2.63,0.01,50,13150,买盘
169,14:34:45,2.62,-0.01,15,3930,卖盘
170,14:34:36,2.63,0.01,100,26300,买盘
171,14:34:33,2.62,-0.01,200,52400,卖盘
172,14:34:30,2.63,0.01,15,3945,买盘
173,14:34:15,2.62,--,1,262,卖盘
174,14:33:57,2.62,--,10,2620,卖盘
175,14:33:27,2.62,-0.01,10,2620,卖盘
176,14:33:24,2.63,0.01,50,13150,买盘
177,14:33:15,2.62,--,2,524,卖盘
178,14:33:12,2.62,--,20,5240,卖盘
179,14:33:03,2.62,--,2,733,卖盘
180,14:33:00,2.62,-0.01,1,471,卖盘
181,14:32:36,2.63,0.01,5,1315,买盘
182,14:32:27,2.62,-0.01,38,9956,卖盘
183,14:32:24,2.63,--,140,36820,买盘
184,14:32:03,2.63,--,100,26300,买盘
185,14:32:00,2.63,--,1,263,买盘
186,14:31:57,2.63,0.01,33,8679,买盘
187,14:31:54,2.62,-0.01,50,13100,卖盘
188,14:31:48,2.63,0.01,4,1052,买盘
189,14:30:42,2.62,-0.01,5,1310,卖盘
190,14:30:33,2.63,--,2,526,买盘
191,14:30:27,2.63,0.01,20,5260,买盘
192,14:30:15,2.62,--,12,3301,卖盘
193,14:30:09,2.62,-0.01,10,2620,卖盘
194,14:30:03,2.63,--,74,19462,买盘
195,14:29:51,2.63,0.01,33,8679,买盘
196,14:29:45,2.62,--,144,37728,卖盘
197,14:29:39,2.62,--,8,2096,卖盘
198,14:29:09,2.62,--,46,12052,卖盘
199,14:28:54,2.62,-0.01,40,10480,卖盘
200,14:28:45,2.63,--,120,31560,买盘
201,14:28:39,2.63,--,8,2104,买盘
202,14:28:36,2.63,0.01,500,131500,买盘
203,14:28:24,2.62,--,100,26200,卖盘
204,14:28:15,2.62,--,7,1834,卖盘
205,14:28:12,2.62,--,114,30025,卖盘
206,14:28:03,2.62,--,93,24366,卖盘
207,14:27:54,2.62,-0.01,24,6288,卖盘
208,14:27:45,2.63,--,100,26300,买盘
209,14:27:39,2.63,0.01,95,24985,买盘
210,14:27:36,2.62,-0.01,13,3406,卖盘
211,14:27:15,2.63,0.01,1,263,买盘
212,14:27:06,2.62,-0.01,16,4192,卖盘
213,14:27:00,2.63,--,10,2630,买盘
214,14:26:57,2.63,0.01,1,263,买盘
215,14:26:51,2.62,-0.01,10,2620,卖盘
216,14:26:33,2.63,--,10,2630,买盘
217,14:26:18,2.63,--,10,2630,买盘
218,14:26:09,2.63,--,2,526,买盘
219,14:26:06,2.63,0.01,12,3156,买盘
220,14:26:00,2.62,-0.01,42,11004,卖盘
221,14:25:57,2.63,--,50,13150,买盘
222,14:25:54,2.63,--,2,526,买盘
223,14:25:45,2.63,--,10,2630,买盘
224,14:25:33,2.63,0.01,40,10520,买盘
225,14:25:30,2.62,-0.01,53,13886,卖盘
226,14:25:24,2.63,--,300,78900,买盘
227,14:25:06,2.63,0.01,3,789,买盘
228,14:25:03,2.62,-0.01,68,17816,卖盘
229,14:24:54,2.63,0.01,10,2630,买盘
230,14:24:42,2.62,--,25,6550,卖盘
231,14:24:36,2.62,--,48,12576,卖盘
232,14:24:30,2.62,--,3,786,卖盘
233,14:23:45,2.62,--,1,471,卖盘
234,14:23:42,2.62,--,200,52400,卖盘
235,14:23:39,2.62,-0.01,100,26200,卖盘
236,14:23:36,2.63,--,1906,501278,买盘
237,14:23:30,2.63,0.01,186,48918,买盘
238,14:23:21,2.62,--,56,14672,卖盘
239,14:23:18,2.62,--,103,26986,卖盘
240,14:23:03,2.62,--,23,6130,卖盘
241,14:22:57,2.62,--,186,48732,卖盘
242,14:22:54,2.62,--,5,1414,卖盘
243,14:22:39,2.62,--,14,3668,卖盘
244,14:22:33,2.62,--,2,733,卖盘
245,14:22:30,2.62,--,100,26200,卖盘
246,14:22:24,2.62,--,109,28558,卖盘
247,14:22:15,2.62,--,2,524,卖盘
248,14:22:12,2.62,--,20,5240,卖盘
249,14:22:09,2.62,--,80,20960,卖盘
250,14:22:00,2.62,--,5,1310,卖盘
251,14:21:33,2.62,--,2,524,卖盘
252,14:21:30,2.62,--,50,13100,卖盘
253,14:21:24,2.62,--,113,29606,买盘
254,14:21:15,2.62,--,6,1572,买盘
255,14:21:12,2.62,--,100,26200,买盘
256,14:21:06,2.62,--,26,7021,买盘
257,14:21:03,2.62,--,30,7860,买盘
258,14:21:00,2.62,--,49,12838,买盘
259,14:20:57,2.62,--,167,43754,买盘
260,14:20:54,2.62,--,1,262,买盘
261,14:20:48,2.62,--,756,198072,买盘
262,14:20:45,2.62,--,4,1048,买盘
263,14:20:39,2.62,--,835,218770,买盘
264,14:20:36,2.62,--,22,5764,买盘
265,14:20:33,2.62,0.01,220,57640,买盘
266,14:20:30,2.61,-0.01,2,522,卖盘
267,14:20:21,2.62,--,40,10480,买盘
268,14:20:18,2.62,--,1,262,买盘
269,14:20:15,2.62,--,126,33012,买盘
270,14:20:00,2.62,--,10,2620,买盘
271,14:19:51,2.62,--,14,3668,买盘
272,14:19:48,2.62,--,5,1310,买盘
273,14:19:45,2.62,--,10,2620,买盘
274,14:19:42,2.62,--,30,7860,买盘
275,14:19:39,2.62,0.01,3,786,买盘
276,14:19:36,2.61,-0.01,2,522,卖盘
277,14:19:30,2.62,--,65,17030,买盘
278,14:19:27,2.62,--,100,26200,买盘
279,14:19:12,2.62,--,100,26200,买盘
280,14:19:03,2.62,--,80,20960,买盘
281,14:19:00,2.62,--,50,13100,买盘
282,14:18:57,2.62,--,70,18340,买盘
283,14:18:54,2.62,--,10,2620,买盘
284,14:18:48,2.62,--,1,262,买盘
285,14:18:42,2.62,--,6,1572,买盘
286,14:18:39,2.62,--,62,16244,买盘
287,14:18:30,2.62,--,74,19388,买盘
288,14:18:27,2.62,--,2,524,买盘
289,14:18:24,2.62,--,51,13362,买盘
290,14:18:21,2.62,--,6,1572,买盘
291,14:18:18,2.62,--,64,16768,买盘
292,14:18:12,2.62,0.01,95,24890,买盘
293,14:18:06,2.61,-0.01,9,2349,卖盘
294,14:18:03,2.62,--,50,13100,买盘
295,14:17:54,2.62,--,319,83578,买盘
296,14:17:42,2.62,--,84,22008,买盘
297,14:17:36,2.62,--,38,9956,买盘
298,14:17:33,2.62,--,20,5240,买盘
299,14:17:18,2.62,--,308,80696,买盘
300,14:17:15,2.62,0.01,414,108625,买盘
301,14:17:12,2.61,--,640,167248,买盘
302,14:17:09,2.61,--,72,18792,买盘
303,14:17:06,2.61,--,2417,630837,买盘
304,14:17:03,2.61,--,1644,429084,买盘
305,14:17:00,2.61,--,2600,678600,买盘
306,14:16:57,2.61,--,890,232290,买盘
307,14:16:51,2.61,--,383,99963,买盘
308,14:16:39,2.61,--,530,138330,买盘
309,14:16:18,2.61,--,44,11484,买盘
310,14:16:03,2.61,0.01,14,3654,买盘
311,14:15:57,2.6,--,9,2548,卖盘
312,14:15:54,2.6,-0.01,1,468,卖盘
313,14:15:51,2.61,--,6,1566,买盘
314,14:15:18,2.61,0.01,1,261,买盘
315,14:15:03,2.6,-0.01,1,260,卖盘
316,14:14:57,2.61,0.01,1,261,买盘
317,14:14:51,2.6,--,10,2808,卖盘
318,14:14:48,2.6,-0.01,57,14872,卖盘
319,14:14:45,2.61,--,8,2088,买盘
320,14:14:36,2.61,--,199,51939,买盘
321,14:14:21,2.61,0.01,624,162864,买盘
322,14:13:57,2.6,-0.01,13,3432,卖盘
323,14:13:36,2.61,0.01,5,1305,买盘
324,14:13:33,2.6,-0.01,0,156,卖盘
325,14:13:24,2.61,0.01,42,10962,买盘
326,14:13:12,2.6,-0.01,40,10400,卖盘
327,14:12:48,2.61,--,230,60030,买盘
328,14:12:36,2.61,--,90,23490,买盘
329,14:12:21,2.61,0.01,2,522,买盘
330,14:11:57,2.6,-0.01,15,4004,卖盘
331,14:11:51,2.61,0.01,10,2610,买盘
332,14:10:57,2.6,-0.01,4,1040,卖盘
333,14:10:54,2.61,0.01,7,1827,买盘
334,14:10:15,2.6,--,100,26000,卖盘
335,14:10:09,2.6,--,10,2600,卖盘
336,14:09:39,2.6,--,36,9360,卖盘
337,14:09:30,2.6,--,1,468,卖盘
338,14:09:27,2.6,--,1,260,卖盘
339,14:09:24,2.6,-0.01,32,8320,卖盘
340,14:09:21,2.61,0.01,75,19575,买盘
341,14:09:06,2.6,--,360,93600,卖盘
342,14:09:00,2.6,-0.01,1,468,卖盘
343,14:08:54,2.61,0.01,13,3393,买盘
344,14:08:48,2.6,--,53,13780,卖盘
345,14:08:42,2.6,--,280,72800,卖盘
346,14:08:39,2.6,--,64,16640,卖盘
347,14:08:12,2.6,--,175,45500,卖盘
348,14:08:03,2.6,-0.01,4,1040,卖盘
349,14:08:00,2.61,0.01,12,3132,买盘
350,14:07:57,2.6,--,54,14040,卖盘
351,14:07:42,2.6,--,10,2600,卖盘
352,14:07:00,2.6,-0.01,10,2600,卖盘
353,14:06:45,2.61,0.01,4,1044,买盘
354,14:06:15,2.6,--,3,780,卖盘
355,14:05:42,2.6,-0.01,5,1300,卖盘
356,14:05:00,2.61,--,200,52200,买盘
357,14:04:06,2.61,0.01,1,261,买盘
358,14:04:00,2.6,-0.01,500,130000,卖盘
359,14:03:39,2.61,0.01,1,261,买盘
360,14:03:36,2.6,-0.01,10,2600,卖盘
361,14:03:21,2.61,0.01,10,2610,买盘
362,14:03:18,2.6,--,15,3900,卖盘
363,14:03:00,2.6,--,7,1872,卖盘
364,14:02:54,2.6,--,8,2080,卖盘
365,14:02:42,2.6,-0.01,38,9880,卖盘
366,14:02:39,2.61,0.01,385,100485,买盘
367,14:02:27,2.6,--,50,13000,卖盘
368,14:02:12,2.6,--,4,1040,卖盘
369,14:02:06,2.6,--,6,1560,卖盘
370,14:02:03,2.6,--,21,5460,卖盘
371,14:01:39,2.6,--,66,17160,卖盘
372,14:01:27,2.6,--,20,5200,卖盘
373,14:00:54,2.6,--,66,17264,卖盘
374,14:00:48,2.6,--,50,13000,卖盘
375,14:00:30,2.6,-0.01,4,1040,卖盘
376,14:00:03,2.61,0.01,1,261,买盘
377,13:59:45,2.6,-0.01,126,32760,卖盘
378,13:59:18,2.61,0.01,1,261,买盘
379,13:59:03,2.6,--,9,2340,卖盘
380,13:58:51,2.6,--,100,26000,卖盘
381,13:58:48,2.6,-0.01,5,1300,卖盘
382,13:58:33,2.61,0.01,20,5220,买盘
383,13:58:27,2.6,-0.01,45,11700,卖盘
384,13:58:12,2.61,--,66,17226,买盘
385,13:58:06,2.61,--,20,5220,买盘
386,13:57:54,2.61,--,701,182961,买盘
387,13:57:48,2.61,0.01,4,1044,买盘
388,13:57:45,2.6,-0.01,260,67600,卖盘
389,13:57:36,2.61,--,12,3132,买盘
390,13:57:21,2.61,0.01,3,783,买盘
391,13:57:00,2.6,--,7,1872,卖盘
392,13:56:42,2.6,--,9,2340,卖盘
393,13:56:09,2.6,--,2,520,卖盘
394,13:55:57,2.6,--,36,9360,卖盘
395,13:55:51,2.6,--,86,22464,卖盘
396,13:55:48,2.6,--,20,5200,卖盘
397,13:55:09,2.6,--,10,2600,卖盘
398,13:55:03,2.6,--,300,78000,卖盘
399,13:54:48,2.6,--,300,78000,卖盘
400,13:54:36,2.6,-0.01,9,2340,卖盘
401,13:54:33,2.61,--,55,14355,买盘
402,13:54:21,2.61,0.01,11,2871,买盘
403,13:54:15,2.6,--,200,52000,卖盘
404,13:53:39,2.6,--,28,7280,卖盘
405,13:53:36,2.6,--,200,52000,卖盘
406,13:53:27,2.6,-0.01,95,24700,卖盘
407,13:53:12,2.61,0.01,382,99702,买盘
408,13:53:06,2.6,--,400,104000,卖盘
409,13:53:03,2.6,--,121,31616,卖盘
410,13:52:51,2.6,--,18,4680,卖盘
411,13:52:48,2.6,-0.01,85,22100,卖盘
412,13:52:45,2.61,0.01,5,1305,买盘
413,13:52:42,2.6,--,300,78000,卖盘
414,13:52:39,2.6,--,90,23400,卖盘
415,13:52:36,2.6,-0.01,61,15912,卖盘
416,13:52:30,2.61,0.01,6,1566,买盘
417,13:52:21,2.6,-0.01,58,15080,卖盘
418,13:52:18,2.61,0.01,72,18792,买盘
419,13:52:09,2.6,-0.01,300,78000,卖盘
420,13:52:03,2.61,--,2,522,买盘
421,13:51:48,2.61,0.01,11,2871,买盘
422,13:51:06,2.6,--,10,2600,卖盘
423,13:50:57,2.6,--,11,2860,卖盘
424,13:50:24,2.6,0.01,171,44486,买盘
425,13:50:21,2.59,--,135,34965,卖盘
426,13:50:18,2.59,-0.01,1,466,卖盘
427,13:50:15,2.6,--,506,131560,买盘
428,13:50:09,2.6,--,200,52000,买盘
429,13:49:48,2.6,0.01,1,260,买盘
430,13:49:45,2.59,-0.01,1,259,卖盘
431,13:49:15,2.6,--,30,7800,买盘
432,13:49:00,2.6,--,2,520,买盘
433,13:48:57,2.6,0.01,5,1300,买盘
434,13:48:51,2.59,-0.01,10,2590,卖盘
435,13:48:33,2.6,0.01,6,1560,买盘
436,13:48:03,2.59,-0.01,8,2072,卖盘
437,13:47:48,2.6,--,100,26000,买盘
438,13:47:33,2.6,--,33,8580,买盘
439,13:47:21,2.6,--,40,10400,买盘
440,13:47:00,2.6,--,14,3640,买盘
441,13:46:51,2.6,--,15,3900,买盘
442,13:46:45,2.6,--,7,1820,买盘
443,13:46:15,2.6,--,50,13000,买盘
444,13:46:09,2.6,--,39,10140,买盘
445,13:45:42,2.6,0.01,5,1300,买盘
446,13:45:30,2.59,-0.01,33,8547,卖盘
447,13:45:24,2.6,--,148,38480,买盘
448,13:45:21,2.6,--,10,2600,买盘
449,13:45:00,2.6,--,20,5200,买盘
450,13:44:51,2.6,--,100,26000,买盘
451,13:44:45,2.6,--,2,520,买盘
452,13:44:42,2.6,--,50,13000,买盘
453,13:44:36,2.6,--,14,3640,买盘
454,13:44:27,2.6,--,8,2158,卖盘
455,13:44:21,2.6,--,57,14820,卖盘
456,13:44:18,2.6,--,24,6422,买盘
457,13:44:12,2.6,--,132,34320,买盘
458,13:44:06,2.6,--,15,3900,买盘
459,13:44:03,2.6,--,1,260,买盘
460,13:43:54,2.6,--,99,25740,买盘
461,13:43:51,2.6,--,626,162838,卖盘
462,13:43:45,2.6,--,32,8320,卖盘
463,13:43:39,2.6,--,21,5460,卖盘
464,13:43:21,2.6,--,54,14040,卖盘
465,13:43:18,2.6,--,44,11440,卖盘
466,13:43:06,2.6,--,500,130000,卖盘
467,13:43:00,2.6,--,2,520,卖盘
468,13:42:39,2.6,-0.01,120,31200,卖盘
469,13:42:15,2.61,--,35,9135,买盘
470,13:41:51,2.61,0.01,4,1044,买盘
471,13:41:15,2.6,--,3,780,卖盘
472,13:41:09,2.6,--,400,104000,卖盘
473,13:40:54,2.6,--,4,1040,卖盘
474,13:40:30,2.6,--,46,11960,卖盘
475,13:40:06,2.6,--,54,14144,卖盘
476,13:39:24,2.6,--,20,5200,卖盘
477,13:38:48,2.6,--,39,10296,卖盘
478,13:38:45,2.6,--,2,520,卖盘
479,13:38:21,2.6,-0.01,4,1040,卖盘
480,13:38:15,2.61,--,29,7569,买盘
481,13:38:09,2.61,0.01,3,783,买盘
482,13:38:03,2.6,-0.01,73,19188,卖盘
483,13:37:45,2.61,0.01,2,522,买盘
484,13:37:42,2.6,--,185,48204,卖盘
485,13:37:33,2.6,--,6,1612,卖盘
486,13:37:21,2.6,-0.01,61,15912,卖盘
487,13:37:12,2.61,0.01,1,261,买盘
488,13:37:03,2.6,--,10,2600,卖盘
489,13:36:51,2.6,-0.01,23,6084,卖盘
490,13:36:42,2.61,0.01,7,1983,买盘
491,13:36:21,2.6,--,1,260,卖盘
492,13:36:03,2.6,-0.01,1,260,卖盘
493,13:35:45,2.61,0.01,25,6525,买盘
494,13:34:54,2.6,--,100,26000,卖盘
495,13:34:03,2.6,-0.01,1,260,卖盘
496,13:34:00,2.61,0.01,1,261,买盘
497,13:33:57,2.6,--,72,18720,卖盘
498,13:33:30,2.6,-0.01,50,13000,卖盘
499,13:33:09,2.61,--,4,1044,买盘
500,13:32:54,2.61,--,3,783,买盘
501,13:32:18,2.61,--,36,9396,买盘
502,13:31:21,2.61,0.01,13,3393,买盘
503,13:31:18,2.6,--,1,260,卖盘
504,13:30:54,2.6,--,1,468,卖盘
505,13:30:51,2.6,--,3,936,卖盘
506,13:30:45,2.6,--,25,6500,卖盘
507,13:30:24,2.6,--,1,260,卖盘
508,13:30:18,2.6,--,473,123162,买盘
509,13:30:12,2.6,--,2,520,买盘
510,13:30:06,2.6,--,100,26000,买盘
511,13:29:57,2.6,--,100,26000,买盘
512,13:29:30,2.6,0.01,80,20800,买盘
513,13:29:27,2.59,-0.01,7,1813,卖盘
514,13:29:03,2.6,--,20,5200,买盘
515,13:28:45,2.6,--,9,2340,买盘
516,13:28:33,2.6,--,50,13000,买盘
517,13:28:24,2.6,0.01,1,260,买盘
518,13:27:42,2.59,--,120,31080,卖盘
519,13:27:36,2.59,--,27,6993,卖盘
520,13:27:18,2.59,-0.01,42,10878,卖盘
521,13:26:54,2.6,--,43,11180,买盘
522,13:26:51,2.6,--,26,6760,买盘
523,13:26:48,2.6,--,2,520,买盘
524,13:26:42,2.6,--,18,4680,买盘
525,13:25:54,2.6,0.01,1,260,买盘
526,13:25:51,2.59,-0.01,5,1398,卖盘
527,13:25:39,2.6,0.01,5,1300,买盘
528,13:25:36,2.59,--,1,259,卖盘
529,13:25:09,2.59,-0.01,2,518,卖盘
530,13:24:57,2.6,0.01,13,3380,买盘
531,13:24:03,2.59,-0.01,61,15799,卖盘
532,13:23:45,2.6,--,10,2600,买盘
533,13:23:06,2.6,--,14,3640,买盘
534,13:22:27,2.6,--,5,1300,买盘
535,13:22:24,2.6,--,29,7540,买盘
536,13:22:18,2.6,0.01,20,5200,买盘
537,13:22:12,2.59,-0.01,14,3781,卖盘
538,13:22:09,2.6,--,76,19760,买盘
539,13:22:06,2.6,--,49,12740,买盘
540,13:21:54,2.6,--,4,1040,买盘
541,13:21:39,2.6,--,10,2600,买盘
542,13:21:36,2.6,--,2,520,买盘
543,13:21:27,2.6,--,1,260,买盘
544,13:21:24,2.6,--,25,6500,买盘
545,13:21:15,2.6,--,50,13000,买盘
546,13:21:03,2.6,0.01,16,4160,买盘
547,13:20:54,2.59,-0.01,5,1295,卖盘
548,13:20:45,2.6,0.01,10,2600,买盘
549,13:20:24,2.59,--,54,13986,卖盘
550,13:20:18,2.59,-0.01,10,2590,卖盘
551,13:19:54,2.6,--,100,26000,买盘
552,13:19:21,2.6,--,3,780,买盘
553,13:19:12,2.6,--,30,7800,买盘
554,13:18:57,2.6,--,15,3900,买盘
555,13:18:48,2.6,--,27,7020,买盘
556,13:18:39,2.6,--,40,10400,买盘
557,13:18:24,2.6,--,10,2600,买盘
558,13:18:21,2.6,0.01,54,14040,买盘
559,13:18:15,2.59,--,9,2331,卖盘
560,13:18:06,2.59,--,2,518,卖盘
561,13:17:48,2.59,-0.01,3,777,卖盘
562,13:17:39,2.6,0.01,1,260,买盘
563,13:17:27,2.59,-0.01,114,29681,卖盘
564,13:17:24,2.6,--,5,1300,买盘
565,13:16:57,2.6,0.01,19,4940,买盘
566,13:16:48,2.59,--,23,5957,卖盘
567,13:16:09,2.59,--,300,77855,卖盘
568,13:16:03,2.59,-0.01,651,168818,卖盘
569,13:15:51,2.6,0.01,21,5460,买盘
570,13:15:33,2.59,--,5,1295,卖盘
571,13:15:18,2.59,--,28,7252,卖盘
572,13:15:12,2.59,--,20,5180,卖盘
573,13:14:24,2.59,--,30,7770,卖盘
574,13:14:03,2.59,--,7,1813,卖盘
575,13:13:27,2.59,-0.01,350,90650,卖盘
576,13:13:00,2.6,--,10,2600,买盘
577,13:12:57,2.6,--,16,4160,买盘
578,13:12:48,2.6,0.01,3,780,买盘
579,13:12:30,2.59,-0.01,220,57083,卖盘
580,13:12:27,2.6,--,7,1820,买盘
581,13:11:42,2.6,0.01,5,1300,买盘
582,13:11:36,2.59,-0.01,9,2331,卖盘
583,13:11:21,2.6,--,100,26000,买盘
584,13:11:00,2.6,--,2,520,买盘
585,13:10:57,2.6,--,5,1300,买盘
586,13:09:33,2.6,--,1,260,买盘
587,13:09:21,2.6,--,77,20020,买盘
588,13:08:57,2.6,--,2,520,买盘
589,13:08:36,2.6,--,21,5460,买盘
590,13:08:09,2.6,--,1,260,买盘
591,13:08:00,2.6,0.01,20,5200,买盘
592,13:07:45,2.59,--,2,518,卖盘
593,13:07:39,2.59,-0.01,10,2590,卖盘
594,13:07:36,2.6,0.01,21,5460,买盘
595,13:06:36,2.59,--,100,25900,卖盘
596,13:06:21,2.59,-0.01,50,12950,卖盘
597,13:06:15,2.6,0.01,30,7800,买盘
598,13:05:36,2.59,-0.01,4,1036,卖盘
599,13:05:30,2.6,--,52,13520,买盘
600,13:05:27,2.6,--,5,1300,买盘
601,13:05:24,2.6,0.01,6,1560,买盘
602,13:04:54,2.59,--,19,4921,卖盘
603,13:04:45,2.59,--,50,12950,卖盘
604,13:03:33,2.59,--,102,26418,卖盘
605,13:02:06,2.59,--,56,14504,卖盘
606,13:01:36,2.59,-0.01,2,518,卖盘
607,13:00:48,2.6,--,14,3640,买盘
608,13:00:09,2.6,--,9,2340,买盘
609,13:00:06,2.6,--,84,21840,买盘
610,13:00:03,2.6,--,106,27664,买盘
611,13:00:00,2.6,--,0,0,买盘
612,11:30:00,2.6,--,0,0,买盘
613,11:29:54,2.6,--,122,31769,卖盘
614,11:29:45,2.6,--,112,29120,卖盘
615,11:29:42,2.6,--,96,24960,卖盘
616,11:29:39,2.6,--,38,9880,卖盘
617,11:29:33,2.6,--,416,108160,卖盘
618,11:29:30,2.6,--,14,3640,卖盘
619,11:29:24,2.6,--,81,21060,卖盘
620,11:29:21,2.6,--,20,5200,卖盘
621,11:29:03,2.6,--,500,130000,卖盘
622,11:29:00,2.6,--,500,130000,卖盘
623,11:28:51,2.6,--,1048,272480,卖盘
624,11:28:33,2.6,--,10,2600,卖盘
625,11:28:09,2.6,--,2,520,卖盘
626,11:27:54,2.6,--,10,2600,卖盘
627,11:27:39,2.6,--,25,6500,卖盘
628,11:27:27,2.6,--,100,26000,卖盘
629,11:27:21,2.6,--,50,13000,卖盘
630,11:27:03,2.6,--,50,13000,卖盘
631,11:27:00,2.6,--,10,2600,卖盘
632,11:26:57,2.6,--,14,3640,卖盘
633,11:26:39,2.6,--,24,6240,卖盘
634,11:25:57,2.6,--,161,41860,卖盘
635,11:25:39,2.6,-0.01,429,111592,卖盘
636,11:25:24,2.61,0.01,4,1044,买盘
637,11:25:21,2.6,--,1051,273260,卖盘
638,11:25:12,2.6,--,20,5200,卖盘
639,11:24:54,2.6,--,2,520,卖盘
640,11:24:51,2.6,--,150,39000,卖盘
641,11:24:42,2.6,--,7,1820,卖盘
642,11:24:30,2.6,--,1,260,卖盘
643,11:24:12,2.6,--,32,8424,卖盘
644,11:24:06,2.6,--,5,1300,卖盘
645,11:23:45,2.6,--,6,1664,卖盘
646,11:23:24,2.6,--,50,13000,卖盘
647,11:23:15,2.6,--,2,520,卖盘
648,11:23:09,2.6,--,10,2600,卖盘
649,11:22:27,2.6,--,47,12376,卖盘
650,11:22:24,2.6,--,33,8580,卖盘
651,11:21:09,2.6,-0.01,36,9360,卖盘
652,11:21:06,2.61,--,90,23490,买盘
653,11:21:00,2.61,--,6,1566,买盘
654,11:20:48,2.61,--,2,522,买盘
655,11:20:42,2.61,--,1,261,买盘
656,11:20:06,2.61,0.01,4,1044,买盘
657,11:19:39,2.6,-0.01,25,6552,卖盘
658,11:19:36,2.61,--,1,261,买盘
659,11:19:15,2.61,--,6,1566,买盘
660,11:18:00,2.61,--,1,261,买盘
661,11:17:39,2.61,--,1,261,买盘
662,11:17:36,2.61,0.01,50,13050,买盘
663,11:17:24,2.6,-0.01,5,1300,卖盘
664,11:17:18,2.61,--,50,13050,买盘
665,11:17:00,2.61,--,10,2610,买盘
666,11:16:48,2.61,--,8,2088,买盘
667,11:16:21,2.61,--,1,261,买盘
668,11:16:18,2.61,0.01,65,16965,买盘
669,11:16:12,2.6,-0.01,50,13000,卖盘
670,11:16:06,2.61,--,21,5481,买盘
671,11:15:51,2.61,0.01,26,6786,买盘
672,11:15:48,2.6,-0.01,1,260,卖盘
673,11:15:45,2.61,--,49,12789,买盘
674,11:15:36,2.61,--,49,12789,买盘
675,11:15:33,2.61,--,50,13050,买盘
676,11:14:45,2.61,0.01,20,5220,买盘
677,11:14:33,2.6,--,21,5616,卖盘
678,11:14:24,2.6,-0.01,20,5200,卖盘
679,11:14:15,2.61,--,21,5481,买盘
680,11:13:42,2.61,0.01,60,15660,买盘
681,11:13:39,2.6,-0.01,14,3848,卖盘
682,11:13:36,2.61,0.01,30,7830,买盘
683,11:13:30,2.6,-0.01,499,129740,卖盘
684,11:13:09,2.61,0.01,10,2610,买盘
685,11:12:45,2.6,-0.01,300,78000,卖盘
686,11:12:33,2.61,0.01,2,522,买盘
687,11:12:30,2.6,-0.01,500,130000,卖盘
688,11:12:15,2.61,--,101,26361,买盘
689,11:12:03,2.61,--,28,7308,买盘
690,11:11:54,2.61,--,12,3132,买盘
691,11:11:33,2.61,0.01,2,522,买盘
692,11:11:27,2.6,-0.01,30,7800,卖盘
693,11:11:12,2.61,--,1,261,买盘
694,11:11:03,2.61,0.01,20,5220,买盘
695,11:10:30,2.6,--,1,260,卖盘
696,11:10:09,2.6,-0.01,3,832,卖盘
697,11:09:36,2.61,0.01,12,3132,买盘
698,11:09:33,2.6,--,8,2080,卖盘
699,11:09:06,2.6,--,6,1560,卖盘
700,11:09:00,2.6,-0.01,120,31200,卖盘
701,11:08:57,2.61,0.01,31,8091,买盘
702,11:08:36,2.6,-0.01,0,208,卖盘
703,11:08:06,2.61,--,1,261,买盘
704,11:07:48,2.61,0.01,17,4437,买盘
705,11:07:03,2.6,--,1,260,卖盘
706,11:06:51,2.6,-0.01,1,260,卖盘
707,11:06:48,2.61,0.01,2,522,买盘
708,11:06:39,2.6,-0.01,2,520,卖盘
709,11:06:33,2.61,0.01,1,261,买盘
710,11:05:48,2.6,-0.01,2,730,卖盘
711,11:05:45,2.61,0.01,10,2610,买盘
712,11:05:12,2.6,-0.01,3,780,卖盘
713,11:04:48,2.61,--,5,1305,买盘
714,11:04:24,2.61,0.01,2,522,买盘
715,11:04:03,2.6,-0.01,3,936,卖盘
716,11:03:42,2.61,0.01,16,4176,买盘
717,11:03:33,2.6,-0.01,9,2340,卖盘
718,11:03:30,2.61,--,4,1044,买盘
719,11:03:21,2.61,--,50,13050,买盘
720,11:02:36,2.61,--,100,26100,买盘
721,11:02:18,2.61,--,4,1044,买盘
722,11:00:57,2.61,--,1,261,买盘
723,11:00:54,2.61,0.01,2,522,买盘
724,11:00:06,2.6,-0.01,100,26000,卖盘
725,11:00:03,2.61,--,1,261,买盘
726,10:59:48,2.61,0.01,10,2610,买盘
727,10:59:21,2.6,--,50,13000,卖盘
728,10:58:48,2.6,--,5,1404,卖盘
729,10:58:33,2.6,-0.01,3,780,卖盘
730,10:58:30,2.61,0.01,1,261,买盘
731,10:58:24,2.6,--,3,780,卖盘
732,10:57:21,2.6,--,3,936,卖盘
733,10:57:09,2.6,--,16,4160,卖盘
734,10:57:06,2.6,--,1,260,卖盘
735,10:56:54,2.6,-0.01,30,7800,卖盘
736,10:56:39,2.61,--,2,522,买盘
737,10:56:06,2.61,0.01,6,1566,买盘
738,10:55:45,2.6,--,24,6240,卖盘
739,10:55:39,2.6,-0.01,10,2600,卖盘
740,10:55:24,2.61,--,3,783,买盘
741,10:55:15,2.61,--,48,12528,买盘
742,10:55:09,2.61,--,7,1827,买盘
743,10:54:21,2.61,0.01,6,1566,买盘
744,10:54:12,2.6,-0.01,28,7280,卖盘
745,10:54:09,2.61,--,3,783,卖盘
746,10:54:03,2.61,0.01,1165,304065,买盘
747,10:53:54,2.6,-0.01,102,26520,卖盘
748,10:53:39,2.61,--,4,1044,买盘
749,10:53:21,2.61,--,72,18792,卖盘
750,10:53:18,2.61,--,100,26100,卖盘
751,10:53:15,2.61,--,102,26622,卖盘
752,10:53:03,2.61,--,12,3132,卖盘
753,10:52:42,2.61,--,65,16965,卖盘
754,10:52:27,2.61,-0.01,1,261,卖盘
755,10:52:21,2.62,--,1,262,买盘
756,10:52:06,2.62,0.01,25,6550,买盘
757,10:51:54,2.61,--,27,7047,卖盘
758,10:51:24,2.61,-0.01,20,5220,卖盘
759,10:51:15,2.62,--,50,13100,买盘
760,10:51:09,2.62,--,12,3144,买盘
761,10:51:06,2.62,0.01,4,1048,买盘
762,10:50:57,2.61,-0.01,20,5220,卖盘
763,10:50:30,2.62,0.01,7,1834,买盘
764,10:50:21,2.61,--,174,45414,卖盘
765,10:50:03,2.61,--,126,32886,卖盘
766,10:50:00,2.61,--,30,7830,卖盘
767,10:49:12,2.61,--,23,6003,卖盘
768,10:48:54,2.61,-0.01,118,30798,卖盘
769,10:48:48,2.62,0.01,4,1048,买盘
770,10:48:42,2.61,--,182,47502,卖盘
771,10:48:30,2.61,--,11,2871,卖盘
772,10:48:18,2.61,--,22,5742,卖盘
773,10:47:36,2.61,-0.01,10,2610,中性盘
774,10:47:33,2.62,0.01,50,13100,买盘
775,10:47:30,2.61,--,454,118598,卖盘
776,10:47:12,2.61,-0.01,27,7047,卖盘
777,10:46:48,2.62,0.01,12,3144,买盘
778,10:46:15,2.61,--,2,522,卖盘
779,10:46:00,2.61,--,1,261,卖盘
780,10:45:48,2.61,--,1,469,卖盘
781,10:45:15,2.61,--,134,35182,买盘
782,10:44:57,2.61,0.01,8,2088,买盘
783,10:44:15,2.6,--,2,520,卖盘
784,10:44:09,2.6,--,20,5200,卖盘
785,10:44:03,2.6,-0.01,4,1040,卖盘
786,10:44:00,2.61,0.01,3,783,买盘
787,10:43:54,2.6,-0.01,9,2340,卖盘
788,10:43:48,2.61,0.01,20,5220,买盘
789,10:43:42,2.6,-0.01,74,19240,卖盘
790,10:43:21,2.61,--,100,26100,买盘
791,10:43:15,2.61,--,30,7830,买盘
792,10:42:51,2.61,0.01,197,51417,买盘
793,10:42:45,2.6,--,12,3120,卖盘
794,10:42:33,2.6,-0.01,9,2340,卖盘
795,10:42:21,2.61,--,4,1044,买盘
796,10:42:12,2.61,--,1000,261000,买盘
797,10:42:00,2.61,--,75,19783,卖盘
798,10:41:54,2.61,--,97,25369,卖盘
799,10:41:51,2.61,--,95,24795,卖盘
800,10:41:27,2.61,--,20,5220,卖盘
801,10:41:21,2.61,-0.01,100,26100,中性盘
802,10:41:18,2.62,0.01,206,54129,买盘
803,10:41:06,2.61,-0.01,320,83520,卖盘
804,10:40:57,2.62,0.01,1,262,买盘
805,10:40:45,2.61,--,60,15660,卖盘
806,10:40:30,2.61,--,237,61857,卖盘
807,10:40:24,2.61,-0.01,53,13833,卖盘
808,10:40:21,2.62,0.01,47,12314,买盘
809,10:40:15,2.61,-0.01,4,1044,卖盘
810,10:40:09,2.62,0.01,4,1048,买盘
811,10:40:03,2.61,--,100,26100,卖盘
812,10:39:54,2.61,-0.01,122,31946,卖盘
813,10:39:45,2.62,0.01,30,7860,买盘
814,10:39:42,2.61,-0.01,110,28710,卖盘
815,10:39:27,2.62,0.01,155,40610,买盘
816,10:39:18,2.61,--,83,21663,卖盘
817,10:39:15,2.61,--,70,18270,卖盘
818,10:39:09,2.61,--,24,6264,卖盘
819,10:39:06,2.61,--,16,4176,卖盘
820,10:39:03,2.61,--,530,138330,买盘
821,10:38:18,2.61,--,2,522,买盘
822,10:37:57,2.61,0.01,12,3132,买盘
823,10:37:54,2.6,-0.01,150,39000,卖盘
824,10:37:45,2.61,0.01,8,2088,买盘
825,10:37:42,2.6,--,21,5668,卖盘
826,10:37:33,2.6,-0.01,60,15600,卖盘
827,10:37:27,2.61,--,34,8874,买盘
828,10:37:18,2.61,--,10,2610,买盘
829,10:37:15,2.61,0.01,14,3654,买盘
830,10:37:12,2.6,-0.01,15,3900,卖盘
831,10:37:00,2.61,--,5,1305,买盘
832,10:36:54,2.61,--,68,17748,买盘
833,10:36:36,2.61,--,13,3393,买盘
834,10:36:30,2.61,--,400,104400,买盘
835,10:36:24,2.61,--,42,10962,买盘
836,10:36:21,2.61,--,3,783,买盘
837,10:36:15,2.61,0.01,13,3393,买盘
838,10:36:03,2.6,-0.01,5,1300,卖盘
839,10:35:54,2.61,--,5,1305,买盘
840,10:35:51,2.61,--,4,1044,买盘
841,10:35:30,2.61,--,2,522,买盘
842,10:35:24,2.61,--,5,1305,买盘
843,10:35:18,2.61,--,3,783,买盘
844,10:35:09,2.61,--,5,1305,买盘
845,10:35:06,2.61,--,379,98919,买盘
846,10:34:54,2.61,--,200,52200,买盘
847,10:34:51,2.61,--,10,2610,买盘
848,10:34:48,2.61,--,33,8613,卖盘
849,10:34:33,2.61,--,26,6942,买盘
850,10:34:30,2.61,--,100,26100,买盘
851,10:34:24,2.61,--,34,8874,买盘
852,10:34:21,2.61,--,20,5220,买盘
853,10:34:15,2.61,--,30,7830,买盘
854,10:34:12,2.61,--,393,102573,买盘
855,10:34:09,2.61,--,2,522,买盘
856,10:34:00,2.61,--,42,10962,买盘
857,10:33:57,2.61,--,34,8874,买盘
858,10:33:54,2.61,--,1000,261000,买盘
859,10:33:51,2.61,--,26,6786,买盘
860,10:33:45,2.61,--,1,261,买盘
861,10:33:12,2.61,0.01,62,16182,买盘
862,10:33:06,2.6,--,8,2080,卖盘
863,10:33:00,2.6,-0.01,13,3380,卖盘
864,10:32:57,2.61,--,4,1044,买盘
865,10:32:54,2.61,--,20,5220,买盘
866,10:32:42,2.61,0.01,45,11745,买盘
867,10:32:18,2.6,--,53,13780,卖盘
868,10:32:09,2.6,--,12,3276,卖盘
869,10:31:09,2.6,--,1,260,卖盘
870,10:31:03,2.6,--,36,9360,卖盘
871,10:31:00,2.6,--,29,7540,卖盘
872,10:30:54,2.6,--,99,25792,买盘
873,10:30:51,2.6,--,200,52000,买盘
874,10:30:48,2.6,0.01,4,1040,买盘
875,10:30:45,2.59,-0.01,1,259,卖盘
876,10:30:42,2.6,--,40,10400,买盘
877,10:30:36,2.6,--,10,2600,买盘
878,10:30:30,2.6,--,7,1820,买盘
879,10:30:24,2.6,0.01,10,2600,买盘
880,10:30:21,2.59,-0.01,50,12950,卖盘
881,10:30:00,2.6,--,5,1300,买盘
882,10:29:57,2.6,0.01,1,260,买盘
883,10:29:39,2.59,-0.01,147,38073,卖盘
884,10:29:21,2.6,--,43,11388,卖盘
885,10:29:15,2.6,--,80,20800,卖盘
886,10:29:09,2.6,--,30,8008,卖盘
887,10:29:06,2.6,--,2,520,卖盘
888,10:28:48,2.6,--,270,70304,买盘
889,10:28:39,2.6,--,5,1300,买盘
890,10:28:36,2.6,0.01,10,2600,买盘
891,10:28:27,2.59,-0.01,222,57498,卖盘
892,10:28:24,2.6,--,84,21840,买盘
893,10:28:21,2.6,0.01,1,260,买盘
894,10:28:18,2.59,-0.01,2,518,卖盘
895,10:28:15,2.6,--,357,92820,买盘
896,10:28:12,2.6,0.01,2,520,买盘
897,10:28:09,2.59,-0.01,10,2590,卖盘
898,10:28:03,2.6,0.01,5,1300,买盘
899,10:27:57,2.59,-0.01,1,466,卖盘
900,10:27:54,2.6,--,62,16120,买盘
901,10:27:45,2.6,--,44,11440,买盘
902,10:27:30,2.6,--,50,13000,买盘
903,10:27:24,2.6,--,19,4940,买盘
904,10:27:15,2.6,0.01,150,39000,买盘
905,10:27:12,2.59,-0.01,5,1450,卖盘
906,10:26:48,2.6,0.01,10,2600,买盘
907,10:26:42,2.59,-0.01,1,259,卖盘
908,10:26:33,2.6,--,1,260,买盘
909,10:26:27,2.6,--,3,780,买盘
910,10:26:21,2.6,--,2,520,买盘
911,10:26:12,2.6,--,55,14300,买盘
912,10:25:48,2.6,0.01,100,26000,买盘
913,10:25:45,2.59,--,20,5180,卖盘
914,10:25:27,2.59,--,30,7770,卖盘
915,10:25:15,2.59,-0.01,184,47811,卖盘
916,10:25:12,2.6,--,5,1300,买盘
917,10:24:48,2.6,--,2,520,买盘
918,10:24:33,2.6,0.01,27,7020,买盘
919,10:24:30,2.59,-0.01,24,6216,卖盘
920,10:24:12,2.6,--,27,7020,买盘
921,10:24:09,2.6,0.01,127,33020,买盘
922,10:23:36,2.59,-0.01,130,33670,卖盘
923,10:23:27,2.6,--,6,1560,买盘
924,10:23:21,2.6,0.01,2,520,买盘
925,10:23:03,2.59,-0.01,1,466,卖盘
926,10:23:00,2.6,--,10,2600,买盘
927,10:22:51,2.6,0.01,7,1820,买盘
928,10:22:45,2.59,-0.01,40,10360,卖盘
929,10:22:15,2.6,0.01,100,26000,买盘
930,10:21:57,2.59,-0.01,2,518,卖盘
931,10:21:21,2.6,--,100,26000,买盘
932,10:21:18,2.6,0.01,5,1300,买盘
933,10:21:15,2.59,-0.01,3,777,卖盘
934,10:20:48,2.6,--,68,17680,买盘
935,10:20:45,2.6,--,106,27560,买盘
936,10:20:42,2.6,--,191,49660,买盘
937,10:19:51,2.6,0.01,3,780,买盘
938,10:19:48,2.59,-0.01,50,12950,卖盘
939,10:19:36,2.6,--,1,260,买盘
940,10:19:30,2.6,--,8,2132,卖盘
941,10:19:24,2.6,--,1,468,卖盘
942,10:19:15,2.6,0.01,90,23400,买盘
943,10:19:12,2.59,-0.01,2,518,卖盘
944,10:19:03,2.6,--,20,5200,买盘
945,10:18:51,2.6,--,35,9100,买盘
946,10:18:48,2.6,0.01,11,2860,买盘
947,10:18:36,2.59,-0.01,10,2590,卖盘
948,10:18:30,2.6,--,2,520,买盘
949,10:18:24,2.6,--,80,20800,买盘
950,10:18:03,2.6,--,500,130000,买盘
951,10:17:54,2.6,0.01,10,2600,买盘
952,10:17:48,2.59,--,3,932,卖盘
953,10:17:39,2.59,-0.01,57,14763,卖盘
954,10:17:36,2.6,--,7,1820,买盘
955,10:17:33,2.6,--,3,780,买盘
956,10:17:09,2.6,--,33,8580,买盘
957,10:17:03,2.6,0.01,40,10400,买盘
958,10:16:57,2.59,-0.01,6,1554,卖盘
959,10:16:54,2.6,--,50,13000,买盘
960,10:16:51,2.6,0.01,22,5720,买盘
961,10:16:45,2.59,--,3,777,卖盘
962,10:16:42,2.59,-0.01,104,26936,卖盘
963,10:16:36,2.6,--,27,7020,买盘
964,10:16:24,2.6,--,1,260,买盘
965,10:16:21,2.6,0.01,1,260,买盘
966,10:16:15,2.59,--,2,518,卖盘
967,10:16:09,2.59,-0.01,30,7770,卖盘
968,10:16:06,2.6,--,30,7800,买盘
969,10:15:54,2.6,--,78,20280,买盘
970,10:15:48,2.6,0.01,66,17160,买盘
971,10:15:36,2.59,-0.01,51,13209,卖盘
972,10:15:27,2.6,--,465,120900,买盘
973,10:15:24,2.6,--,70,18200,买盘
974,10:15:09,2.6,0.01,2,520,买盘
975,10:15:06,2.59,-0.01,33,8547,卖盘
976,10:15:03,2.6,--,3,780,买盘
977,10:14:48,2.6,--,51,13260,买盘
978,10:14:42,2.6,0.01,40,10400,买盘
979,10:14:39,2.59,-0.01,60,15540,卖盘
980,10:14:36,2.6,--,166,43160,卖盘
981,10:14:30,2.6,-0.01,31,8112,卖盘
982,10:14:24,2.61,0.01,241,62901,买盘
983,10:14:15,2.6,0.01,205,53508,买盘
984,10:14:09,2.59,-0.01,223,57757,卖盘
985,10:13:54,2.6,0.01,2,520,买盘
986,10:13:33,2.59,-0.01,28,7252,卖盘
987,10:13:21,2.6,--,5,1300,买盘
988,10:13:12,2.6,0.01,10,2600,买盘
989,10:13:06,2.59,--,100,25900,卖盘
990,10:12:57,2.59,-0.01,3,828,卖盘
991,10:12:48,2.6,0.01,10,2600,买盘
992,10:12:45,2.59,-0.01,4,1036,卖盘
993,10:12:39,2.6,0.01,10,2600,买盘
994,10:12:09,2.59,-0.01,20,5180,卖盘
995,10:12:06,2.6,0.01,17,4420,买盘
996,10:11:57,2.59,-0.01,108,27972,卖盘
997,10:11:36,2.6,--,57,14820,买盘
998,10:11:30,2.6,0.01,5,1300,买盘
999,10:11:27,2.59,--,10,2590,卖盘
1000,10:11:24,2.59,--,260,67340,卖盘
1001,10:11:18,2.59,-0.01,1,466,卖盘
1002,10:11:00,2.6,--,1,260,买盘
1003,10:10:54,2.6,0.01,10,2600,买盘
1004,10:10:48,2.59,-0.01,54,13986,卖盘
1005,10:10:42,2.6,--,245,63700,买盘
1006,10:10:15,2.6,--,610,158756,卖盘
1007,10:09:57,2.6,--,33,8580,卖盘
1008,10:09:54,2.6,--,139,36244,买盘
1009,10:09:45,2.6,--,76,19760,买盘
1010,10:09:39,2.6,--,3,780,买盘
1011,10:09:36,2.6,0.01,103,26780,买盘
1012,10:09:30,2.59,--,470,121730,卖盘
1013,10:09:18,2.59,-0.01,38,9842,卖盘
1014,10:09:15,2.6,0.01,1,260,买盘
1015,10:08:57,2.59,-0.01,120,31080,卖盘
1016,10:08:54,2.6,--,86,22360,买盘
1017,10:08:48,2.6,0.01,3739,972140,买盘
1018,10:08:45,2.59,--,7,1813,卖盘
1019,10:08:24,2.59,--,33,8547,卖盘
1020,10:08:18,2.59,--,32,8288,卖盘
1021,10:08:12,2.59,--,60,15540,卖盘
1022,10:08:03,2.59,-0.01,22,5698,卖盘
1023,10:07:57,2.6,--,51,13260,买盘
1024,10:07:48,2.6,--,1424,370396,卖盘
1025,10:07:39,2.6,-0.01,3,780,卖盘
1026,10:07:36,2.61,0.01,3,783,买盘
1027,10:07:33,2.6,--,1410,366600,卖盘
1028,10:07:30,2.6,--,5,1300,卖盘
1029,10:07:27,2.6,-0.01,10,2600,卖盘
1030,10:07:24,2.61,0.01,3,783,买盘
1031,10:07:21,2.6,--,1,260,卖盘
1032,10:07:15,2.6,--,32,8320,卖盘
1033,10:07:09,2.6,-0.01,1,468,卖盘
1034,10:07:06,2.61,0.01,253,66033,买盘
1035,10:07:03,2.6,-0.01,1,260,卖盘
1036,10:06:57,2.61,--,1,261,买盘
1037,10:06:42,2.61,--,97,25317,买盘
1038,10:06:33,2.61,0.01,10,2610,买盘
1039,10:06:24,2.6,-0.01,500,130000,卖盘
1040,10:06:06,2.61,--,6,1566,买盘
1041,10:06:00,2.61,--,56,14668,卖盘
1042,10:05:51,2.61,0.01,943,246331,买盘
1043,10:05:48,2.6,--,60,15600,卖盘
1044,10:05:45,2.6,--,100,26000,卖盘
1045,10:05:33,2.6,--,4,1040,卖盘
1046,10:05:27,2.6,-0.01,120,31200,卖盘
1047,10:05:21,2.61,0.01,2,522,买盘
1048,10:05:18,2.6,-0.01,2,520,卖盘
1049,10:05:06,2.61,--,14,3654,买盘
1050,10:04:51,2.61,--,153,40037,卖盘
1051,10:04:48,2.61,--,40,10440,卖盘
1052,10:04:42,2.61,--,13,3393,卖盘
1053,10:04:39,2.61,--,39,10179,卖盘
1054,10:04:36,2.61,--,105,27405,卖盘
1055,10:04:30,2.61,--,130,33930,卖盘
1056,10:04:21,2.61,--,180,46980,卖盘
1057,10:04:18,2.61,--,32,8352,卖盘
1058,10:04:09,2.61,--,10,2610,卖盘
1059,10:04:00,2.61,--,100,26100,卖盘
1060,10:03:57,2.61,--,60,15660,卖盘
1061,10:03:54,2.61,--,3,783,卖盘
1062,10:03:51,2.61,-0.01,135,35235,卖盘
1063,10:03:48,2.62,0.01,26,6812,买盘
1064,10:03:39,2.61,--,3,783,卖盘
1065,10:03:33,2.61,--,17,4437,卖盘
1066,10:03:27,2.61,--,4,1044,卖盘
1067,10:03:21,2.61,--,45,11745,卖盘
1068,10:03:12,2.61,--,13,3393,卖盘
1069,10:03:09,2.61,--,10,2610,卖盘
1070,10:03:00,2.61,0.01,36,9552,买盘
1071,10:02:57,2.6,-0.01,7,1820,卖盘
1072,10:02:42,2.61,--,6,1618,卖盘
1073,10:02:24,2.61,--,15,4123,买盘
1074,10:02:12,2.61,--,18,4750,卖盘
1075,10:02:03,2.61,--,7,1827,卖盘
1076,10:02:00,2.61,--,10,2610,卖盘
1077,10:01:54,2.61,--,2,522,卖盘
1078,10:01:33,2.61,--,35,9343,买盘
1079,10:01:30,2.61,--,156,40716,买盘
1080,10:01:27,2.61,--,1,261,买盘
1081,10:01:24,2.61,--,1511,394371,买盘
1082,10:01:21,2.61,--,11,2923,卖盘
1083,10:01:18,2.61,--,11,2871,卖盘
1084,10:01:12,2.61,--,10,2610,卖盘
1085,10:01:09,2.61,--,213,55593,卖盘
1086,10:01:06,2.61,--,2,522,卖盘
1087,10:01:03,2.61,--,6,1566,卖盘
1088,10:00:45,2.61,--,83,21663,卖盘
1089,10:00:36,2.61,--,84,21924,卖盘
1090,10:00:30,2.61,--,34,8874,卖盘
1091,10:00:03,2.61,--,62,16182,卖盘
1092,09:59:54,2.61,--,20,5220,卖盘
1093,09:59:51,2.61,--,8,2088,卖盘
1094,09:59:48,2.61,--,25,6525,卖盘
1095,09:59:33,2.61,-0.01,126,32886,卖盘
1096,09:59:27,2.62,0.01,3,786,买盘
1097,09:59:18,2.61,--,440,114840,卖盘
1098,09:59:15,2.61,--,50,13050,卖盘
1099,09:59:00,2.61,--,60,15660,卖盘
1100,09:58:54,2.61,--,67,17695,买盘
1101,09:58:48,2.61,--,20,5220,买盘
1102,09:58:39,2.61,--,312,81484,卖盘
1103,09:58:36,2.61,-0.01,1,469,卖盘
1104,09:58:30,2.62,0.01,100,26200,买盘
1105,09:58:18,2.61,--,170,44370,卖盘
1106,09:58:09,2.61,--,50,13050,卖盘
1107,09:57:54,2.61,--,73,19053,卖盘
1108,09:57:51,2.61,--,122,31842,买盘
1109,09:57:42,2.61,0.01,33,8613,买盘
1110,09:57:39,2.6,-0.01,13,3380,卖盘
1111,09:57:33,2.61,--,180,46980,买盘
1112,09:57:30,2.61,0.01,5000,1305000,买盘
1113,09:57:27,2.6,-0.01,4,1040,卖盘
1114,09:57:12,2.61,--,30,7830,买盘
1115,09:56:57,2.61,--,56,14616,买盘
1116,09:56:54,2.61,--,21,5481,买盘
1117,09:56:39,2.61,--,50,13050,买盘
1118,09:56:30,2.61,0.01,9,2349,买盘
1119,09:56:24,2.6,-0.01,4972,1292720,卖盘
1120,09:56:15,2.61,0.01,1,261,买盘
1121,09:56:12,2.6,--,54,14144,卖盘
1122,09:55:51,2.6,--,10,2600,卖盘
1123,09:55:36,2.6,--,36,9360,卖盘
1124,09:55:33,2.6,-0.01,17,4420,卖盘
1125,09:55:30,2.61,0.01,4,1044,买盘
1126,09:55:00,2.6,--,3,780,卖盘
1127,09:54:57,2.6,--,90,23400,卖盘
1128,09:54:48,2.6,--,10,2600,卖盘
1129,09:54:45,2.6,-0.01,5,1300,卖盘
1130,09:54:42,2.61,0.01,7,1827,买盘
1131,09:54:24,2.6,--,51,13260,卖盘
1132,09:54:12,2.6,-0.01,132,34320,卖盘
1133,09:54:09,2.61,0.01,120,31320,买盘
1134,09:53:42,2.6,--,54,14248,卖盘
1135,09:53:36,2.6,--,33,8580,卖盘
1136,09:53:30,2.6,--,1,468,卖盘
1137,09:53:18,2.6,-0.01,234,60840,卖盘
1138,09:53:06,2.61,0.01,510,133110,买盘
1139,09:52:51,2.6,--,10,2600,卖盘
1140,09:52:39,2.6,--,100,26000,卖盘
1141,09:52:36,2.6,-0.01,60,15600,卖盘
1142,09:52:24,2.61,0.01,3,783,买盘
1143,09:52:15,2.6,--,15,3900,卖盘
1144,09:51:54,2.6,--,4,1040,卖盘
1145,09:51:39,2.6,-0.01,10,2600,卖盘
1146,09:51:33,2.61,0.01,11,2871,买盘
1147,09:51:15,2.6,--,7,1820,卖盘
1148,09:51:03,2.6,--,33,8580,卖盘
1149,09:50:51,2.6,--,10,2600,卖盘
1150,09:50:39,2.6,-0.01,5,1300,卖盘
1151,09:50:36,2.61,--,78,20384,卖盘
1152,09:50:30,2.61,--,150,39150,卖盘
1153,09:50:27,2.61,--,77,20097,卖盘
1154,09:50:24,2.61,--,500,130500,卖盘
1155,09:50:21,2.61,--,10,2610,卖盘
1156,09:50:18,2.61,--,5,1305,卖盘
1157,09:50:15,2.61,--,33,8613,卖盘
1158,09:50:12,2.61,--,2,522,卖盘
1159,09:50:09,2.61,--,76,19836,卖盘
1160,09:50:06,2.61,--,15,3915,卖盘
1161,09:49:57,2.61,-0.01,150,39150,卖盘
1162,09:49:54,2.62,0.01,1,262,买盘
1163,09:49:45,2.61,--,3,939,卖盘
1164,09:49:42,2.61,-0.01,100,26100,卖盘
1165,09:49:39,2.62,0.01,27,7074,买盘
1166,09:49:30,2.61,--,5,1305,卖盘
1167,09:49:24,2.61,--,1008,263166,买盘
1168,09:49:21,2.61,0.01,20,5220,买盘
1169,09:49:18,2.6,--,1,260,卖盘
1170,09:49:15,2.6,-0.01,10,2600,卖盘
1171,09:49:12,2.61,0.01,1,261,买盘
1172,09:49:03,2.6,-0.01,10,2600,卖盘
1173,09:49:00,2.61,--,139,36279,买盘
1174,09:48:54,2.61,--,71,18531,买盘
1175,09:48:48,2.61,0.01,1,261,买盘
1176,09:48:42,2.6,--,1,260,卖盘
1177,09:48:39,2.6,-0.01,91,23660,卖盘
1178,09:48:36,2.61,--,100,26100,买盘
1179,09:48:18,2.61,--,38,9918,买盘
1180,09:48:09,2.61,--,8,2088,买盘
1181,09:48:03,2.61,--,49,12789,买盘
1182,09:47:57,2.61,--,469,122591,卖盘
1183,09:47:54,2.61,--,30,7830,卖盘
1184,09:47:51,2.61,--,1,261,卖盘
1185,09:47:42,2.61,--,18,4698,卖盘
1186,09:47:36,2.61,--,32,8352,卖盘
1187,09:47:33,2.61,--,2755,719133,买盘
1188,09:47:27,2.61,--,2,522,买盘
1189,09:47:21,2.61,0.01,3001,783261,买盘
1190,09:47:18,2.6,-0.01,20,5200,卖盘
1191,09:47:15,2.61,0.01,105,27405,买盘
1192,09:46:51,2.6,--,597,155376,卖盘
1193,09:46:39,2.6,--,91,23660,卖盘
1194,09:46:33,2.6,--,2,520,卖盘
1195,09:46:30,2.6,--,46,11960,卖盘
1196,09:46:24,2.6,-0.01,110,28600,卖盘
1197,09:46:21,2.61,--,10,2610,买盘
1198,09:46:18,2.61,0.01,652,170172,买盘
1199,09:46:15,2.6,-0.01,26,6760,卖盘
1200,09:46:00,2.61,--,4,1044,买盘
1201,09:45:57,2.61,0.01,34,8874,买盘
1202,09:45:54,2.6,--,18,4680,卖盘
1203,09:45:48,2.6,--,37,9620,卖盘
1204,09:45:36,2.6,-0.01,14,3640,卖盘
1205,09:45:33,2.61,--,5,1305,买盘
1206,09:45:30,2.61,0.02,23,6003,买盘
1207,09:45:27,2.59,-0.01,100,25900,卖盘
1208,09:45:21,2.6,-0.01,0,208,卖盘
1209,09:45:15,2.61,0.01,18,4698,买盘
1210,09:45:12,2.6,-0.01,407,105820,卖盘
1211,09:44:57,2.61,0.01,100,26100,买盘
1212,09:44:54,2.6,-0.01,1,260,中性盘
1213,09:44:48,2.61,0.02,1,261,买盘
1214,09:44:45,2.59,-0.02,154,39886,卖盘
1215,09:44:42,2.61,0.01,2199,573939,买盘
1216,09:44:39,2.6,--,91,23660,卖盘
1217,09:44:18,2.6,--,624,162240,卖盘
1218,09:44:12,2.6,--,5758,1497106,买盘
1219,09:44:09,2.6,--,231,60164,买盘
1220,09:43:57,2.6,0.01,1,260,买盘
1221,09:43:51,2.59,-0.01,42,10878,卖盘
1222,09:43:48,2.6,0.01,300,78000,买盘
1223,09:43:42,2.59,--,3,777,中性盘
1224,09:43:36,2.59,--,3,777,买盘
1225,09:43:33,2.59,--,171,44496,卖盘
1226,09:43:18,2.59,--,24,6216,卖盘
1227,09:43:12,2.59,-0.01,8,2072,卖盘
1228,09:42:48,2.6,0.01,86,22360,买盘
1229,09:42:45,2.59,--,100,25900,卖盘
1230,09:42:39,2.59,--,91,23569,卖盘
1231,09:42:36,2.59,--,17,4403,卖盘
1232,09:42:30,2.59,--,14,3729,卖盘
1233,09:42:24,2.59,--,33,8547,卖盘
1234,09:42:21,2.59,--,34,8806,卖盘
1235,09:42:18,2.59,--,20,5180,卖盘
1236,09:42:09,2.59,--,20,5180,卖盘
1237,09:42:03,2.59,--,36,9427,卖盘
1238,09:41:48,2.59,--,100,25900,卖盘
1239,09:41:33,2.59,--,2,518,卖盘
1240,09:41:30,2.59,--,20,5180,卖盘
1241,09:41:18,2.59,--,2630,681273,买盘
1242,09:41:06,2.59,--,22,5698,买盘
1243,09:41:03,2.59,--,16,4299,买盘
1244,09:40:54,2.59,0.01,2,518,买盘
1245,09:40:39,2.58,-0.01,91,23478,卖盘
1246,09:40:36,2.59,0.01,1,259,买盘
1247,09:40:30,2.58,-0.01,72,18576,卖盘
1248,09:40:15,2.59,--,5,1295,买盘
1249,09:39:54,2.59,0.01,207,53613,买盘
1250,09:39:51,2.58,-0.01,134,34572,卖盘
1251,09:39:45,2.59,0.01,20,5180,买盘
1252,09:39:42,2.58,-0.01,7,1806,卖盘
1253,09:39:33,2.59,--,25,6475,买盘
1254,09:39:30,2.59,0.01,100,25900,买盘
1255,09:39:27,2.58,-0.01,11,2838,卖盘
1256,09:39:24,2.59,--,10,2590,买盘
1257,09:39:21,2.59,--,2,518,买盘
1258,09:39:15,2.59,--,12,3108,买盘
1259,09:39:12,2.59,--,10,2590,买盘
1260,09:39:09,2.59,--,1,259,买盘
1261,09:39:06,2.59,--,78,20202,买盘
1262,09:39:03,2.59,--,52,13468,买盘
1263,09:38:57,2.59,--,10,2590,买盘
1264,09:38:51,2.59,--,704,182491,卖盘
1265,09:38:45,2.59,--,100,25900,卖盘
1266,09:38:39,2.59,--,181,46879,卖盘
1267,09:38:36,2.59,--,2,518,卖盘
1268,09:38:27,2.59,--,599,155296,买盘
1269,09:38:21,2.59,--,5,1295,买盘
1270,09:38:15,2.59,0.01,300,77700,买盘
1271,09:38:06,2.58,-0.01,21,5418,卖盘
1272,09:37:54,2.59,0.01,1,259,买盘
1273,09:37:51,2.58,-0.01,19,5108,卖盘
1274,09:37:42,2.59,--,30,7770,买盘
1275,09:37:36,2.59,--,28,7252,买盘
1276,09:37:30,2.59,--,374,96866,买盘
1277,09:37:24,2.59,--,5,1295,买盘
1278,09:37:21,2.59,--,10,2590,买盘
1279,09:37:15,2.59,0.01,5,1295,买盘
1280,09:37:03,2.58,--,200,51600,卖盘
1281,09:36:54,2.58,--,20,5160,卖盘
1282,09:36:39,2.58,-0.01,341,87978,卖盘
1283,09:36:33,2.59,--,6,1554,买盘
1284,09:36:24,2.59,--,1,259,买盘
1285,09:36:21,2.59,0.01,30,7770,买盘
1286,09:36:12,2.58,--,1,258,卖盘
1287,09:36:09,2.58,-0.01,60,15480,卖盘
1288,09:36:03,2.59,--,106,27454,买盘
1289,09:36:00,2.59,--,1,259,买盘
1290,09:35:57,2.59,--,20,5180,买盘
1291,09:35:51,2.59,--,1,259,买盘
1292,09:35:48,2.59,--,961,248924,卖盘
1293,09:35:45,2.59,--,16,4144,卖盘
1294,09:35:42,2.59,--,124,32116,卖盘
1295,09:35:39,2.59,--,89,23051,卖盘
1296,09:35:33,2.59,--,301,77959,卖盘
1297,09:35:24,2.59,--,227,58793,卖盘
1298,09:35:18,2.59,-0.01,47,12173,卖盘
1299,09:35:09,2.6,--,11,2860,买盘
1300,09:35:03,2.6,--,34,8840,买盘
1301,09:35:00,2.6,--,99,25740,买盘
1302,09:34:51,2.6,--,60,15600,买盘
1303,09:34:45,2.6,0.01,100,26000,买盘
1304,09:34:39,2.59,--,91,23569,卖盘
1305,09:34:30,2.59,-0.01,18,4662,卖盘
1306,09:34:27,2.6,--,1,260,买盘
1307,09:34:18,2.6,--,10,2600,买盘
1308,09:34:15,2.6,--,3,780,买盘
1309,09:34:06,2.6,--,205,53300,买盘
1310,09:34:03,2.6,--,10,2600,买盘
1311,09:33:57,2.6,--,2,520,买盘
1312,09:33:51,2.6,--,7,1820,买盘
1313,09:33:39,2.6,0.01,103,26780,买盘
1314,09:33:36,2.59,--,1,259,卖盘
1315,09:33:33,2.59,-0.01,21,5439,卖盘
1316,09:33:30,2.6,0.01,111,28860,买盘
1317,09:33:15,2.59,-0.01,50,12950,卖盘
1318,09:33:12,2.6,0.01,45,11700,买盘
1319,09:33:09,2.59,-0.01,75,19425,卖盘
1320,09:33:06,2.6,--,50,13000,买盘
1321,09:33:03,2.6,0.01,10,2600,买盘
1322,09:32:54,2.59,-0.01,12,3108,卖盘
1323,09:32:51,2.6,0.01,50,13000,买盘
1324,09:32:42,2.59,--,18,4765,卖盘
1325,09:32:39,2.59,-0.01,13,3367,卖盘
1326,09:32:30,2.6,--,4,1040,买盘
1327,09:32:24,2.6,0.01,50,13000,买盘
1328,09:32:09,2.59,--,10,2590,卖盘
1329,09:32:06,2.59,--,77,19943,卖盘
1330,09:32:03,2.59,--,70,18130,卖盘
1331,09:31:57,2.59,--,1,259,卖盘
1332,09:31:54,2.59,--,317,82232,买盘
1333,09:31:45,2.59,--,58,15022,买盘
1334,09:31:39,2.59,--,16,4144,买盘
1335,09:31:36,2.59,--,1022,264698,卖盘
1336,09:31:33,2.59,--,100,25900,卖盘
1337,09:31:15,2.59,-0.01,3,777,卖盘
1338,09:31:12,2.6,0.01,101,26260,买盘
1339,09:31:06,2.59,-0.01,37,9583,卖盘
1340,09:31:00,2.6,0.01,2,520,买盘
1341,09:30:51,2.59,--,250,64750,卖盘
1342,09:30:48,2.59,-0.01,1,259,卖盘
1343,09:30:45,2.6,0.01,105,27300,买盘
1344,09:30:36,2.59,-0.01,10,2590,卖盘
1345,09:30:27,2.6,0.01,32,8320,买盘
1346,09:30:24,2.59,-0.01,21,5439,卖盘
1347,09:30:21,2.6,--,7,1820,买盘
1348,09:30:15,2.6,--,1205,313430,卖盘
1349,09:30:12,2.6,--,20,5200,卖盘
1350,09:30:09,2.6,-0.01,6,1664,卖盘
1351,09:30:06,2.61,0.01,157,41029,买盘
1352,09:30:03,2.6,--,1124,292240,卖盘
1353,09:30:00,2.6,--,0,0,卖盘
1354,09:25:03,2.6,2.6,1687,438854,买盘
