,time,price,change,volume,amount,type
0,15:00:03,23.38,-0.01,746,1744148,卖盘
1,14:57:00,23.39,-0.01,1,2339,卖盘
2,14:56:57,23.4,--,7,16379,买盘
3,14:56:45,23.4,0.01,120,280800,买盘
4,14:56:42,23.39,--,5,11695,卖盘
5,14:56:36,23.39,--,1,2339,卖盘
6,14:56:33,23.39,--,11,25729,卖盘
7,14:56:27,23.39,-0.01,8,18712,中性盘
8,14:56:21,23.4,0.01,40,93600,买盘
9,14:56:18,23.39,0.01,8,18712,买盘
10,14:56:15,23.38,-0.01,12,28056,卖盘
11,14:56:12,23.39,--,3,7017,买盘
12,14:56:09,23.39,--,3,7017,买盘
13,14:56:06,23.39,0.02,4,9356,买盘
14,14:56:03,23.37,-0.01,8,19817,卖盘
15,14:56:00,23.38,--,6,14028,卖盘
16,14:55:57,23.38,--,8,18704,卖盘
17,14:55:54,23.38,--,5,11690,卖盘
18,14:55:51,23.38,--,27,63126,卖盘
19,14:55:39,23.38,0.01,9,21042,买盘
20,14:55:33,23.37,--,5,11685,卖盘
21,14:55:30,23.37,-0.01,22,51414,卖盘
22,14:55:24,23.38,--,10,23380,买盘
23,14:55:15,23.38,--,14,32732,卖盘
24,14:55:12,23.38,-0.01,5,11690,卖盘
25,14:55:09,23.39,-0.01,1,2339,卖盘
26,14:55:06,23.4,0.02,5,11700,买盘
27,14:55:03,23.38,--,5,11690,卖盘
28,14:55:00,23.38,--,102,238476,卖盘
29,14:54:57,23.38,--,8,18704,卖盘
30,14:54:54,23.38,-0.01,14,32732,卖盘
31,14:54:45,23.39,--,3,7017,买盘
32,14:54:39,23.39,-0.01,3,7017,中性盘
33,14:54:36,23.4,0.01,12,28080,买盘
34,14:54:33,23.39,-0.01,7,16373,卖盘
35,14:54:27,23.4,--,2,4680,买盘
36,14:54:24,23.4,--,16,37440,买盘
37,14:54:21,23.4,-0.02,289,676260,卖盘
38,14:54:18,23.42,-0.01,1,2342,卖盘
39,14:54:15,23.43,0.01,1,2343,买盘
40,14:54:09,23.42,--,1,2342,卖盘
41,14:54:06,23.42,--,7,17166,卖盘
42,14:54:03,23.42,0.01,8,18736,中性盘
43,14:53:57,23.41,-0.02,200,468200,卖盘
44,14:53:54,23.43,--,25,58575,买盘
45,14:53:51,23.43,--,11,25773,卖盘
46,14:53:45,23.43,-0.02,3,7029,卖盘
47,14:53:39,23.45,0.02,10,23450,买盘
48,14:53:33,23.43,-0.02,1,2343,卖盘
49,14:53:30,23.45,--,13,30485,买盘
50,14:53:24,23.45,--,25,58625,买盘
51,14:53:21,23.45,0.03,30,70350,买盘
52,14:53:18,23.42,-0.03,89,208438,卖盘
53,14:53:09,23.45,--,50,117250,买盘
54,14:53:00,23.45,--,20,46900,买盘
55,14:52:57,23.45,--,162,379890,买盘
56,14:52:48,23.45,-0.05,32,75040,卖盘
57,14:52:45,23.5,0.05,800,1880000,买盘
58,14:52:42,23.45,--,8,18760,卖盘
59,14:52:36,23.45,--,79,185255,卖盘
60,14:52:33,23.45,--,8,18760,卖盘
61,14:52:30,23.45,--,11,25795,卖盘
62,14:52:27,23.45,--,107,250915,卖盘
63,14:52:24,23.45,0.03,280,656600,买盘
64,14:52:21,23.42,-0.01,3,7026,卖盘
65,14:52:15,23.43,--,1,2343,买盘
66,14:52:12,23.43,--,15,35145,买盘
67,14:52:09,23.43,--,28,65604,卖盘
68,14:52:06,23.43,--,5,11715,卖盘
69,14:52:03,23.43,-0.01,8,18744,卖盘
70,14:51:54,23.44,-0.01,125,293000,卖盘
71,14:51:51,23.45,--,3,7035,卖盘
72,14:51:48,23.45,-0.01,30,70350,卖盘
73,14:51:45,23.46,0.01,5,11730,买盘
74,14:51:39,23.45,--,11,25795,卖盘
75,14:51:36,23.45,-0.01,5,11725,卖盘
76,14:51:33,23.46,0.01,13,30498,买盘
77,14:51:24,23.45,-0.01,15,35175,卖盘
78,14:51:15,23.46,--,10,23460,卖盘
79,14:51:09,23.46,--,18,42228,卖盘
80,14:51:06,23.46,--,3,7038,卖盘
81,14:51:00,23.46,-0.02,8,18768,卖盘
82,14:50:48,23.48,--,13,30524,卖盘
83,14:50:42,23.48,-0.01,6,14088,卖盘
84,14:50:39,23.49,0.01,42,98658,买盘
85,14:50:36,23.48,--,15,35220,卖盘
86,14:50:33,23.48,-0.01,12,28176,卖盘
87,14:50:27,23.49,--,10,23490,买盘
88,14:50:24,23.49,--,1,2349,买盘
89,14:50:21,23.49,0.01,10,23490,买盘
90,14:50:18,23.48,-0.01,67,157316,卖盘
91,14:50:15,23.49,--,3,7046,卖盘
92,14:50:12,23.49,--,3,7046,卖盘
93,14:50:09,23.49,--,5,11745,卖盘
94,14:50:06,23.49,--,5,11745,卖盘
95,14:50:03,23.49,-0.01,19,44631,卖盘
96,14:49:57,23.5,--,136,319600,买盘
97,14:49:51,23.5,--,9,21150,买盘
98,14:49:45,23.5,--,7,16450,买盘
99,14:49:39,23.5,--,2,4700,买盘
100,14:49:36,23.5,--,45,105750,卖盘
101,14:49:33,23.5,--,3,7050,卖盘
102,14:49:30,23.5,--,1,2350,卖盘
103,14:49:27,23.5,--,89,209150,买盘
104,14:49:24,23.5,0.01,20,47000,买盘
105,14:49:09,23.49,--,10,23490,卖盘
106,14:49:06,23.49,-0.01,5,11745,卖盘
107,14:48:57,23.5,0.01,139,326650,买盘
108,14:48:51,23.49,-0.01,8,18792,卖盘
109,14:48:45,23.5,-0.01,1,2350,卖盘
110,14:48:42,23.51,0.01,57,134007,买盘
111,14:48:39,23.5,--,103,242050,卖盘
112,14:48:36,23.5,-0.01,5,11750,卖盘
113,14:48:33,23.51,0.01,11,25861,买盘
114,14:48:30,23.5,--,8,18800,卖盘
115,14:48:27,23.5,--,1,2350,卖盘
116,14:48:24,23.5,0.01,10,23500,买盘
117,14:48:21,23.49,-0.02,1,2349,卖盘
118,14:48:15,23.51,0.01,107,251557,买盘
119,14:48:12,23.5,--,53,124550,卖盘
120,14:48:09,23.5,--,5,11750,卖盘
121,14:48:06,23.5,--,15,35250,卖盘
122,14:48:03,23.5,--,111,260850,卖盘
123,14:48:00,23.5,--,60,141000,卖盘
124,14:47:57,23.5,--,3,7050,卖盘
125,14:47:54,23.5,--,2,4700,卖盘
126,14:47:51,23.5,--,20,47000,买盘
127,14:47:48,23.5,--,8,18800,买盘
128,14:47:42,23.5,0.01,108,253800,买盘
129,14:47:39,23.49,--,10,23490,卖盘
130,14:47:36,23.49,--,53,124496,卖盘
131,14:47:27,23.49,0.01,50,117449,买盘
132,14:47:24,23.48,-0.02,1,2348,卖盘
133,14:47:21,23.5,--,5,11750,买盘
134,14:47:18,23.5,--,25,58750,买盘
135,14:47:09,23.5,--,19,44650,买盘
136,14:47:06,23.5,--,40,94000,卖盘
137,14:47:03,23.5,--,8,18800,卖盘
138,14:46:57,23.5,--,90,211500,买盘
139,14:46:54,23.5,0.01,50,117500,买盘
140,14:46:51,23.49,--,38,89262,卖盘
141,14:46:48,23.49,0.01,1,2349,卖盘
142,14:46:45,23.48,--,11,25828,买盘
143,14:46:42,23.48,--,2,4696,买盘
144,14:46:39,23.48,0.01,9,21132,买盘
145,14:46:36,23.47,--,3,7041,卖盘
146,14:46:30,23.47,-0.02,301,706447,卖盘
147,14:46:27,23.49,0.01,120,281880,买盘
148,14:46:24,23.48,--,2,4696,卖盘
149,14:46:21,23.48,--,10,23480,卖盘
150,14:46:18,23.48,--,20,46960,卖盘
151,14:46:12,23.48,--,20,46960,卖盘
152,14:46:06,23.48,--,11,25828,卖盘
153,14:46:00,23.48,--,2,4696,卖盘
154,14:45:57,23.48,-0.01,5,11740,中性盘
155,14:45:33,23.49,0.03,4,9396,买盘
156,14:45:27,23.46,0.01,50,117300,买盘
157,14:45:21,23.45,-0.05,5,11725,卖盘
158,14:45:18,23.5,0.04,43,101050,买盘
159,14:45:15,23.46,0.01,3,7038,买盘
160,14:45:12,23.45,--,5,11725,卖盘
161,14:45:09,23.45,--,11,25795,卖盘
162,14:45:06,23.45,--,41,96145,卖盘
163,14:45:00,23.45,--,2,4690,卖盘
164,14:44:54,23.45,0.01,38,89110,买盘
165,14:44:51,23.44,-0.01,50,117200,卖盘
166,14:44:39,23.45,0.01,13,30485,买盘
167,14:44:36,23.44,--,5,11720,卖盘
168,14:44:33,23.44,--,10,23440,卖盘
169,14:44:27,23.44,--,4,9376,卖盘
170,14:44:21,23.44,--,11,25784,卖盘
171,14:44:18,23.44,--,5,11720,买盘
172,14:44:15,23.44,-0.01,4,9376,买盘
173,14:44:06,23.45,--,12,28140,买盘
174,14:44:00,23.45,--,8,18760,卖盘
175,14:43:51,23.45,-0.01,59,138355,卖盘
176,14:43:48,23.46,0.01,18,42228,买盘
177,14:43:45,23.45,--,10,23450,卖盘
178,14:43:36,23.45,-0.01,9,21105,卖盘
179,14:43:33,23.46,0.01,11,25806,中性盘
180,14:43:24,23.45,--,1,2345,卖盘
181,14:43:21,23.45,--,5,11725,卖盘
182,14:43:12,23.45,-0.03,1,2345,卖盘
183,14:43:09,23.48,--,14,32872,卖盘
184,14:43:06,23.48,--,5,11740,卖盘
185,14:43:00,23.48,--,6,14088,卖盘
186,14:42:57,23.48,--,13,30524,卖盘
187,14:42:54,23.48,--,4,9392,卖盘
188,14:42:42,23.48,-0.02,18,42264,卖盘
189,14:42:39,23.5,0.01,40,94000,买盘
190,14:42:36,23.49,-0.01,15,35235,卖盘
191,14:42:33,23.5,--,193,453550,卖盘
192,14:42:30,23.5,--,4,9400,卖盘
193,14:42:24,23.5,--,15,35250,卖盘
194,14:42:21,23.5,--,30,70500,卖盘
195,14:42:18,23.5,--,3,7050,卖盘
196,14:42:15,23.5,-0.01,29,68150,卖盘
197,14:42:12,23.51,0.01,3,7053,买盘
198,14:42:06,23.5,--,12,28200,卖盘
199,14:42:03,23.5,--,10,23500,卖盘
200,14:42:00,23.5,--,10,23500,卖盘
201,14:41:57,23.5,--,17,39950,卖盘
202,14:41:45,23.5,--,1,2350,卖盘
203,14:41:36,23.5,--,55,129250,卖盘
204,14:41:33,23.5,--,7,16450,卖盘
205,14:41:30,23.5,--,2,4700,卖盘
206,14:41:27,23.5,-0.01,12,28200,卖盘
207,14:41:24,23.51,0.01,3,7053,买盘
208,14:41:15,23.5,-0.02,10,23500,卖盘
209,14:41:00,23.52,0.02,20,47040,买盘
210,14:40:54,23.5,-0.02,150,352500,卖盘
211,14:40:48,23.52,--,13,30576,买盘
212,14:40:39,23.52,0.01,9,21168,买盘
213,14:40:36,23.51,-0.01,5,11755,卖盘
214,14:40:33,23.52,--,7,16464,卖盘
215,14:40:30,23.52,-0.01,54,127008,卖盘
216,14:40:27,23.53,0.01,80,188240,买盘
217,14:40:24,23.52,--,17,39984,卖盘
218,14:40:12,23.52,--,10,23520,卖盘
219,14:40:09,23.52,--,8,18816,卖盘
220,14:40:03,23.52,0.01,69,162288,买盘
221,14:40:00,23.51,-0.02,12,28212,卖盘
222,14:39:54,23.53,0.01,30,70590,买盘
223,14:39:48,23.52,--,50,117600,卖盘
224,14:39:45,23.52,--,5,11760,卖盘
225,14:39:42,23.52,--,1,2352,卖盘
226,14:39:39,23.52,--,2,4704,卖盘
227,14:39:36,23.52,--,10,23520,卖盘
228,14:39:24,23.52,-0.01,11,25872,卖盘
229,14:39:18,23.53,0.01,3,7059,买盘
230,14:39:06,23.52,--,5,11760,卖盘
231,14:39:03,23.52,--,1,2352,卖盘
232,14:39:00,23.52,-0.01,39,91728,卖盘
233,14:38:45,23.53,0.01,10,23530,买盘
234,14:38:42,23.52,0.01,15,35280,买盘
235,14:38:36,23.51,-0.01,14,32914,卖盘
236,14:38:30,23.52,--,1,2352,买盘
237,14:38:27,23.52,--,21,49392,卖盘
238,14:38:24,23.52,--,10,23520,买盘
239,14:38:21,23.52,0.01,20,47040,买盘
240,14:38:06,23.51,--,35,82285,卖盘
241,14:38:03,23.51,--,1,2351,卖盘
242,14:38:00,23.51,-0.01,14,32914,卖盘
243,14:37:57,23.52,0.01,9,21168,买盘
244,14:37:51,23.51,-0.01,5,11755,卖盘
245,14:37:48,23.52,--,11,25872,买盘
246,14:37:42,23.52,0.01,8,18816,买盘
247,14:37:36,23.51,-0.02,17,39967,卖盘
248,14:37:33,23.53,0.01,44,103532,买盘
249,14:37:30,23.52,-0.01,14,32928,卖盘
250,14:37:15,23.53,--,7,16471,买盘
251,14:37:12,23.53,--,5,11765,买盘
252,14:37:06,23.53,-0.01,91,214123,卖盘
253,14:37:00,23.54,0.01,18,42372,买盘
254,14:36:36,23.53,-0.01,15,35295,卖盘
255,14:36:33,23.54,--,10,23540,买盘
256,14:36:30,23.54,--,20,47080,卖盘
257,14:36:24,23.54,--,1,2354,卖盘
258,14:36:21,23.54,--,1,2354,卖盘
259,14:36:15,23.54,-0.01,1,2354,卖盘
260,14:36:12,23.55,0.01,7,16485,买盘
261,14:36:06,23.54,--,5,11770,卖盘
262,14:36:03,23.54,--,6,14124,买盘
263,14:35:57,23.54,-0.01,4,9416,中性盘
264,14:35:45,23.55,0.02,100,235500,买盘
265,14:35:39,23.53,--,2,4706,卖盘
266,14:35:36,23.53,--,5,11765,卖盘
267,14:35:33,23.53,0.01,85,200005,买盘
268,14:35:27,23.52,0.01,23,54096,买盘
269,14:35:12,23.51,--,3,7053,卖盘
270,14:35:06,23.51,-0.01,8,18808,卖盘
271,14:34:48,23.52,-0.01,34,79968,卖盘
272,14:34:42,23.53,0.01,15,35295,买盘
273,14:34:36,23.52,--,5,11760,卖盘
274,14:34:33,23.52,-0.01,3,7056,卖盘
275,14:34:24,23.53,0.01,36,84708,买盘
276,14:34:18,23.52,-0.01,1,2352,卖盘
277,14:34:15,23.53,0.01,16,37648,买盘
278,14:34:09,23.52,--,3,7056,卖盘
279,14:34:06,23.52,--,5,11760,卖盘
280,14:34:03,23.52,-0.01,1,2352,卖盘
281,14:33:54,23.53,--,39,91767,卖盘
282,14:33:45,23.53,--,50,117650,卖盘
283,14:33:42,23.53,--,5,11765,卖盘
284,14:33:36,23.53,--,5,11765,卖盘
285,14:33:33,23.53,-0.02,5,11765,卖盘
286,14:33:27,23.55,0.02,60,141300,买盘
287,14:33:18,23.53,-0.02,1,2353,卖盘
288,14:33:15,23.55,--,134,315570,买盘
289,14:33:12,23.55,-0.01,107,251985,卖盘
290,14:33:06,23.56,--,8,18848,卖盘
291,14:33:03,23.56,-0.01,11,25916,卖盘
292,14:33:00,23.57,0.01,10,23570,买盘
293,14:32:57,23.56,--,9,21204,卖盘
294,14:32:54,23.56,-0.01,22,51832,卖盘
295,14:32:45,23.57,--,57,134349,卖盘
296,14:32:36,23.57,-0.01,5,11785,卖盘
297,14:32:33,23.58,0.01,103,242873,买盘
298,14:32:30,23.57,--,19,44783,买盘
299,14:32:27,23.57,-0.01,41,96637,卖盘
300,14:32:21,23.58,--,7,16506,卖盘
301,14:32:18,23.58,--,15,35370,卖盘
302,14:32:15,23.58,--,30,70740,买盘
303,14:32:12,23.58,0.01,72,169776,买盘
304,14:32:06,23.57,-0.01,14,32998,卖盘
305,14:32:00,23.58,--,20,47160,卖盘
306,14:31:54,23.58,-0.01,2,4716,卖盘
307,14:31:51,23.59,0.01,12,28308,买盘
308,14:31:45,23.58,0.01,134,315972,买盘
309,14:31:42,23.57,--,15,35355,卖盘
310,14:31:36,23.57,--,17,40069,卖盘
311,14:31:30,23.57,--,10,23570,卖盘
312,14:31:27,23.57,--,51,120207,卖盘
313,14:31:24,23.57,--,2,4714,卖盘
314,14:31:18,23.57,-0.01,5,11785,中性盘
315,14:31:12,23.58,--,2,4716,买盘
316,14:31:09,23.58,0.02,40,94320,买盘
317,14:31:06,23.56,--,6,14136,卖盘
318,14:31:03,23.56,--,13,30628,卖盘
319,14:30:45,23.56,0.01,12,28272,买盘
320,14:30:36,23.55,-0.01,5,11775,卖盘
321,14:30:33,23.56,--,9,21204,买盘
322,14:30:30,23.56,--,47,110732,卖盘
323,14:30:27,23.56,--,1,2356,卖盘
324,14:30:24,23.56,--,4,9424,卖盘
325,14:30:21,23.56,--,2,4712,卖盘
326,14:30:18,23.56,--,9,21204,卖盘
327,14:30:06,23.56,--,5,11780,中性盘
328,14:30:00,23.56,--,10,23560,买盘
329,14:29:57,23.56,0.01,10,23560,买盘
330,14:29:54,23.55,--,14,32970,卖盘
331,14:29:48,23.55,-0.01,4,9420,卖盘
332,14:29:45,23.56,0.01,2,4712,买盘
333,14:29:42,23.55,--,1,2355,卖盘
334,14:29:36,23.55,--,6,14130,卖盘
335,14:29:30,23.55,-0.01,7,16485,卖盘
336,14:29:24,23.56,0.01,2,4712,买盘
337,14:29:21,23.55,-0.01,40,94200,卖盘
338,14:29:18,23.56,0.01,64,150784,买盘
339,14:29:15,23.55,--,10,23550,卖盘
340,14:29:12,23.55,--,1,2355,卖盘
341,14:29:06,23.55,--,10,23550,卖盘
342,14:29:03,23.55,--,13,30615,卖盘
343,14:29:00,23.55,--,5,11775,卖盘
344,14:28:57,23.55,0.02,85,200175,买盘
345,14:28:39,23.53,0.01,16,37648,买盘
346,14:28:36,23.52,-0.01,5,11760,卖盘
347,14:28:33,23.53,0.01,2,4706,卖盘
348,14:28:30,23.52,-0.02,3,7056,买盘
349,14:28:27,23.54,0.01,109,256586,买盘
350,14:28:18,23.53,0.01,40,94120,买盘
351,14:28:15,23.52,0.01,6,14112,买盘
352,14:28:09,23.51,-0.02,26,61126,卖盘
353,14:28:06,23.53,0.01,24,56472,买盘
354,14:28:03,23.52,--,9,21168,买盘
355,14:27:57,23.52,--,5,11760,买盘
356,14:27:54,23.52,--,6,14112,卖盘
357,14:27:45,23.52,--,10,23520,卖盘
358,14:27:42,23.52,--,18,42336,卖盘
359,14:27:36,23.52,--,10,23520,卖盘
360,14:27:21,23.52,-0.01,1,2352,卖盘
361,14:27:18,23.53,--,2,4706,买盘
362,14:27:15,23.53,0.02,5,11765,买盘
363,14:27:06,23.51,--,23,54073,卖盘
364,14:27:03,23.51,--,1,2351,卖盘
365,14:27:00,23.51,-0.03,10,23510,卖盘
366,14:26:57,23.54,0.03,2,4708,买盘
367,14:26:36,23.51,--,162,380862,卖盘
368,14:26:30,23.51,-0.05,600,1410600,卖盘
369,14:26:27,23.56,--,5,11780,买盘
370,14:26:18,23.56,0.01,40,94240,买盘
371,14:26:15,23.55,--,3,7065,买盘
372,14:26:12,23.55,--,1,2355,买盘
373,14:26:06,23.55,-0.01,1,2355,卖盘
374,14:26:03,23.56,--,11,25916,买盘
375,14:26:00,23.56,0.01,2,4712,买盘
376,14:25:57,23.55,--,3,7065,卖盘
377,14:25:51,23.55,--,5,11775,卖盘
378,14:25:45,23.55,--,40,94200,卖盘
379,14:25:39,23.55,--,5,11775,卖盘
380,14:25:36,23.55,0.01,10,23550,卖盘
381,14:25:33,23.54,-0.02,300,706200,卖盘
382,14:25:30,23.56,--,45,106020,卖盘
383,14:25:24,23.56,--,10,23560,卖盘
384,14:25:21,23.56,--,20,47120,卖盘
385,14:25:09,23.56,--,17,40052,卖盘
386,14:25:06,23.56,--,248,584288,买盘
387,14:25:03,23.56,0.02,3,7068,买盘
388,14:25:00,23.54,-0.01,60,141240,卖盘
389,14:24:54,23.55,0.01,14,32970,买盘
390,14:24:51,23.54,--,49,115346,卖盘
391,14:24:48,23.54,-0.01,5,11770,卖盘
392,14:24:42,23.55,0.01,4,9420,买盘
393,14:24:36,23.54,-0.02,1,2354,卖盘
394,14:24:30,23.56,--,14,32984,买盘
395,14:24:27,23.56,--,35,82460,买盘
396,14:24:24,23.56,--,6,14136,卖盘
397,14:24:21,23.56,--,11,25916,卖盘
398,14:24:15,23.56,-0.01,5,11780,卖盘
399,14:24:06,23.57,-0.03,7,16499,卖盘
400,14:24:03,23.6,-0.01,16,37760,卖盘
401,14:24:00,23.61,--,14,33054,买盘
402,14:23:54,23.61,--,2,4722,买盘
403,14:23:51,23.61,-0.01,54,127494,卖盘
404,14:23:48,23.62,--,40,94480,买盘
405,14:23:42,23.62,0.01,7,16534,买盘
406,14:23:39,23.61,-0.01,14,33054,卖盘
407,14:23:36,23.62,--,27,63774,卖盘
408,14:23:33,23.62,--,323,762926,卖盘
409,14:23:30,23.62,--,6,14172,卖盘
410,14:23:27,23.62,--,6,14172,卖盘
411,14:23:24,23.62,-0.01,2,4724,卖盘
412,14:23:21,23.63,0.01,85,200855,买盘
413,14:23:18,23.62,--,74,174788,卖盘
414,14:23:15,23.62,--,6,14172,卖盘
415,14:23:12,23.62,--,11,25982,卖盘
416,14:23:09,23.62,--,66,155892,卖盘
417,14:23:06,23.62,--,13,30706,卖盘
418,14:23:03,23.62,--,78,184236,买盘
419,14:23:00,23.62,--,95,224390,买盘
420,14:22:57,23.62,--,3,7086,买盘
421,14:22:54,23.62,--,25,59050,卖盘
422,14:22:51,23.62,0.01,70,165340,买盘
423,14:22:48,23.61,--,3,7083,卖盘
424,14:22:45,23.61,-0.01,10,23610,卖盘
425,14:22:42,23.62,--,67,158254,买盘
426,14:22:39,23.62,0.01,4,9448,买盘
427,14:22:36,23.61,--,22,51942,卖盘
428,14:22:33,23.61,--,11,25971,卖盘
429,14:22:30,23.61,0.01,23,54303,买盘
430,14:22:27,23.6,--,6,14160,卖盘
431,14:22:21,23.6,--,5,11800,卖盘
432,14:22:18,23.6,--,21,49560,卖盘
433,14:22:15,23.6,0.08,1440,3400099,买盘
434,14:22:12,23.52,-0.02,26,61152,卖盘
435,14:22:09,23.54,-0.01,8,18832,卖盘
436,14:22:06,23.55,0.01,30,70650,买盘
437,14:22:03,23.54,-0.01,13,30602,卖盘
438,14:22:00,23.55,0.02,115,270825,买盘
439,14:21:57,23.53,--,8,18824,买盘
440,14:21:54,23.53,-0.01,265,623545,卖盘
441,14:21:48,23.54,--,32,75328,买盘
442,14:21:42,23.54,--,1,2354,买盘
443,14:21:39,23.54,0.01,30,70620,买盘
444,14:21:36,23.53,--,5,11765,卖盘
445,14:21:30,23.53,0.01,12,28236,买盘
446,14:21:27,23.52,-0.01,2,4704,卖盘
447,14:21:21,23.53,--,15,35295,买盘
448,14:21:18,23.53,0.01,4,9412,买盘
449,14:21:06,23.52,-0.01,5,11760,卖盘
450,14:21:03,23.53,--,4,9412,买盘
451,14:21:00,23.53,0.01,12,28236,买盘
452,14:20:57,23.52,--,3,7056,卖盘
453,14:20:54,23.52,--,1,2352,卖盘
454,14:20:51,23.52,--,103,242256,买盘
455,14:20:48,23.52,0.01,40,94080,买盘
456,14:20:45,23.51,-0.01,1,2351,卖盘
457,14:20:42,23.52,--,31,72912,买盘
458,14:20:39,23.52,--,8,18816,买盘
459,14:20:36,23.52,--,6,14112,买盘
460,14:20:33,23.52,--,5,11760,买盘
461,14:20:30,23.52,0.01,59,138768,买盘
462,14:20:27,23.51,-0.01,26,61126,卖盘
463,14:20:24,23.52,0.01,50,117600,买盘
464,14:20:21,23.51,--,339,797294,买盘
465,14:20:12,23.51,0.01,271,637121,买盘
466,14:20:03,23.5,--,1,2350,买盘
467,14:20:00,23.5,0.03,63,148050,买盘
468,14:19:54,23.47,-0.01,77,180719,卖盘
469,14:19:51,23.48,-0.02,154,361592,卖盘
470,14:19:39,23.5,--,10,25544,卖盘
471,14:19:36,23.5,--,9,21150,卖盘
472,14:19:33,23.5,--,43,101050,卖盘
473,14:19:27,23.5,--,2,4700,卖盘
474,14:19:24,23.5,0.01,72,169505,买盘
475,14:19:18,23.49,--,10,23490,卖盘
476,14:19:06,23.49,-0.01,5,11745,卖盘
477,14:19:00,23.5,--,72,169200,买盘
478,14:18:54,23.5,--,10,25544,卖盘
479,14:18:48,23.5,--,2,4700,卖盘
480,14:18:45,23.5,--,50,117500,卖盘
481,14:18:39,23.5,--,1,2350,卖盘
482,14:18:36,23.5,--,9,21150,卖盘
483,14:18:33,23.5,--,1,2350,卖盘
484,14:18:30,23.5,--,75,176555,买盘
485,14:18:12,23.5,-0.01,37,86950,卖盘
486,14:18:09,23.51,0.01,8,18808,买盘
487,14:18:06,23.5,--,10,23500,卖盘
488,14:18:03,23.5,--,5,11750,卖盘
489,14:18:00,23.5,0.01,41,96350,买盘
490,14:17:57,23.49,-0.01,10,23490,卖盘
491,14:17:54,23.5,--,1,2350,买盘
492,14:17:51,23.5,0.01,80,188000,买盘
493,14:17:42,23.49,-0.01,2,4698,卖盘
494,14:17:36,23.5,--,10,23500,买盘
495,14:17:24,23.5,0.02,30,70500,买盘
496,14:17:21,23.48,-0.01,5,11740,卖盘
497,14:17:15,23.49,--,80,187920,卖盘
498,14:17:09,23.49,--,1,2349,卖盘
499,14:17:06,23.49,-0.01,5,11745,卖盘
500,14:17:03,23.5,0.02,40,94000,买盘
501,14:16:57,23.48,--,11,25828,买盘
502,14:16:54,23.48,--,5,11740,买盘
503,14:16:51,23.48,-0.02,53,124444,卖盘
504,14:16:45,23.5,--,2,4700,买盘
505,14:16:42,23.5,0.02,60,141000,买盘
506,14:16:36,23.48,-0.02,5,11740,中性盘
507,14:16:03,23.5,--,4,9400,买盘
508,14:15:54,23.5,-0.01,2,4700,买盘
509,14:15:51,23.51,0.03,50,117550,买盘
510,14:15:45,23.48,--,6,14088,买盘
511,14:15:42,23.48,-0.03,1,2348,卖盘
512,14:15:30,23.51,0.01,71,166921,买盘
513,14:15:21,23.5,-0.02,3,7050,卖盘
514,14:15:15,23.52,0.1,60,141120,买盘
515,14:15:09,23.42,--,225,526950,卖盘
516,14:15:06,23.42,-0.09,530,1241260,卖盘
517,14:15:03,23.51,--,1,2351,卖盘
518,14:15:00,23.51,0.06,26,63006,买盘
519,14:14:54,23.45,--,3,7035,卖盘
520,14:14:51,23.45,-0.05,1066,2499981,卖盘
521,14:14:42,23.5,--,163,383050,买盘
522,14:14:39,23.5,0.03,8,18800,买盘
523,14:14:36,23.47,-0.04,5,11735,卖盘
524,14:14:30,23.51,0.05,45,105795,买盘
525,14:14:27,23.46,--,2,4692,卖盘
526,14:14:24,23.46,-0.04,49,114954,卖盘
527,14:14:15,23.5,0.02,30,70500,买盘
528,14:14:09,23.48,-0.02,5,11740,中性盘
529,14:13:51,23.5,0.04,120,282000,买盘
530,14:13:45,23.46,-0.04,1,2346,卖盘
531,14:13:42,23.5,--,10,23500,买盘
532,14:13:36,23.5,0.04,46,108100,买盘
533,14:13:30,23.46,-0.04,15,35190,卖盘
534,14:13:27,23.5,0.01,10,23500,买盘
535,14:13:18,23.49,0.01,10,23490,买盘
536,14:13:15,23.48,0.03,5,11740,中性盘
537,14:13:00,23.45,--,22,51590,买盘
538,14:12:51,23.45,--,10,23450,买盘
539,14:12:48,23.45,--,9,21105,买盘
540,14:12:36,23.45,--,10,23450,买盘
541,14:12:30,23.45,0.02,9,21105,买盘
542,14:12:27,23.43,-0.02,84,196812,卖盘
543,14:12:24,23.45,-0.05,118,276710,卖盘
544,14:12:18,23.5,0.04,190,446500,买盘
545,14:12:09,23.46,-0.03,28,65688,卖盘
546,14:11:57,23.49,--,100,234899,买盘
547,14:11:51,23.49,0.01,10,23490,买盘
548,14:11:48,23.48,--,4,9392,卖盘
549,14:11:42,23.48,--,1,2348,卖盘
550,14:11:36,23.48,--,5,11740,卖盘
551,14:11:30,23.48,0.01,93,218364,买盘
552,14:11:27,23.47,--,5,11735,买盘
553,14:11:21,23.47,--,1,2347,买盘
554,14:11:18,23.47,0.01,7,16429,买盘
555,14:11:06,23.46,-0.01,5,11730,卖盘
556,14:11:03,23.47,0.01,1,2347,买盘
557,14:10:57,23.46,--,9,21114,卖盘
558,14:10:48,23.46,0.01,51,119646,买盘
559,14:10:39,23.45,0.01,5,11725,中性盘
560,14:10:33,23.44,--,2,4688,买盘
561,14:10:27,23.44,-0.02,10,23440,中性盘
562,14:10:21,23.46,0.02,50,117300,买盘
563,14:10:18,23.44,-0.01,7,16408,卖盘
564,14:10:12,23.45,--,2,4690,卖盘
565,14:10:06,23.45,-0.01,9,21105,卖盘
566,14:10:00,23.46,--,40,93840,卖盘
567,14:09:54,23.46,--,5,11730,卖盘
568,14:09:48,23.46,-0.01,12,28152,卖盘
569,14:09:45,23.47,0.01,1,2347,买盘
570,14:09:42,23.46,--,20,46920,卖盘
571,14:09:39,23.46,--,8,18768,卖盘
572,14:09:36,23.46,--,5,11730,卖盘
573,14:09:33,23.46,0.01,31,72726,买盘
574,14:09:27,23.45,--,9,21105,买盘
575,14:09:24,23.45,--,5,11725,买盘
576,14:09:21,23.45,0.04,2,4690,中性盘
577,14:09:03,23.41,-0.04,151,353491,卖盘
578,14:09:00,23.45,--,1,2345,卖盘
579,14:08:54,23.45,0.01,71,166495,买盘
580,14:08:45,23.44,0.03,2,4688,买盘
581,14:08:39,23.41,-0.03,32,74912,卖盘
582,14:08:30,23.44,-0.01,14,32816,卖盘
583,14:08:27,23.45,0.02,8,18760,买盘
584,14:08:24,23.43,-0.01,5,11715,卖盘
585,14:08:18,23.44,-0.01,6,14064,卖盘
586,14:08:15,23.45,0.02,2,4690,买盘
587,14:08:09,23.43,0.02,43,100749,中性盘
588,14:08:00,23.41,-0.02,100,234100,卖盘
589,14:07:45,23.43,--,3,7029,卖盘
590,14:07:33,23.43,0.02,10,23430,卖盘
591,14:07:12,23.41,-0.04,710,1664427,卖盘
592,14:07:09,23.45,--,6,14070,卖盘
593,14:07:06,23.45,0.02,227,532315,买盘
594,14:07:03,23.43,-0.02,30,70290,卖盘
595,14:07:00,23.45,0.01,13,30485,买盘
596,14:06:57,23.44,--,11,25784,卖盘
597,14:06:48,23.44,--,2,4688,卖盘
598,14:06:42,23.44,--,2,4688,卖盘
599,14:06:36,23.44,0.01,6,14064,中性盘
600,14:06:27,23.43,-0.04,100,234300,卖盘
601,14:05:51,23.47,--,8,18776,买盘
602,14:05:39,23.47,0.04,3,7041,中性盘
603,14:05:33,23.43,-0.05,4,9372,卖盘
604,14:05:27,23.48,--,4,9392,买盘
605,14:05:12,23.48,0.06,1,2348,中性盘
606,14:04:54,23.42,--,42,98364,买盘
607,14:04:48,23.42,0.01,108,252936,中性盘
608,14:04:39,23.41,-0.02,250,585250,卖盘
609,14:04:36,23.43,-0.06,100,234300,卖盘
610,14:04:30,23.49,0.02,100,234899,买盘
611,14:04:27,23.47,0.03,68,159596,买盘
612,14:04:24,23.44,-0.03,95,222680,卖盘
613,14:04:15,23.47,0.01,388,910636,买盘
614,14:04:12,23.46,-0.01,10,23460,卖盘
615,14:04:09,23.47,0.01,20,46940,买盘
616,14:04:06,23.46,--,5,11730,卖盘
617,14:03:51,23.46,--,2,4692,卖盘
618,14:03:45,23.46,0.01,12,28152,买盘
619,14:03:36,23.45,-0.01,5,11725,中性盘
620,14:03:24,23.46,-0.01,8,18768,中性盘
621,14:03:03,23.47,0.05,1,2347,买盘
622,14:02:57,23.42,--,5,11710,卖盘
623,14:02:42,23.42,--,1,2342,卖盘
624,14:02:36,23.42,0.01,2,4684,中性盘
625,14:02:30,23.41,-0.04,10,23410,卖盘
626,14:02:18,23.45,-0.01,8,18760,买盘
627,14:02:09,23.46,0.01,2,4692,卖盘
628,14:02:06,23.45,--,23,53935,买盘
629,14:02:03,23.45,--,62,145390,卖盘
630,14:01:51,23.45,--,10,23450,卖盘
631,14:01:42,23.45,--,150,351750,卖盘
632,14:01:39,23.45,0.04,100,234500,中性盘
633,14:01:33,23.41,-0.07,250,585250,卖盘
634,14:01:18,23.48,0.01,3,7044,买盘
635,14:01:15,23.47,-0.02,6,14082,中性盘
636,14:01:03,23.49,0.04,8,18792,买盘
637,14:01:00,23.45,--,1,2345,卖盘
638,14:00:57,23.45,-0.03,11,25795,卖盘
639,14:00:54,23.48,--,1,2348,中性盘
640,14:00:39,23.48,-0.01,5,11740,中性盘
641,14:00:21,23.49,0.04,3,7046,买盘
642,14:00:18,23.45,--,5,11725,卖盘
643,14:00:15,23.45,-0.03,40,93800,卖盘
644,14:00:09,23.48,0.03,5,11740,买盘
645,14:00:06,23.45,-0.04,1,2345,卖盘
646,14:00:00,23.49,--,16,37584,卖盘
647,13:59:57,23.49,--,12,28187,卖盘
648,13:59:45,23.49,--,7,16443,卖盘
649,13:59:42,23.49,--,2,4698,卖盘
650,13:59:39,23.49,--,10,23490,卖盘
651,13:59:36,23.49,--,28,65772,卖盘
652,13:59:33,23.49,--,3,7046,卖盘
653,13:59:30,23.49,--,1,2349,卖盘
654,13:59:27,23.49,-0.01,4,9396,卖盘
655,13:59:24,23.5,--,10,23500,买盘
656,13:59:12,23.5,-0.01,30,70500,卖盘
657,13:59:06,23.51,--,150,352650,卖盘
658,13:59:03,23.51,-0.01,105,246855,卖盘
659,13:58:57,23.52,--,5,11760,卖盘
660,13:58:51,23.52,0.01,5,11760,中性盘
661,13:58:39,23.51,-0.01,223,524273,卖盘
662,13:58:33,23.52,--,97,228144,买盘
663,13:58:30,23.52,0.01,38,89376,买盘
664,13:58:27,23.51,--,5,11755,卖盘
665,13:58:24,23.51,--,3,7053,卖盘
666,13:58:18,23.51,-0.01,30,70530,卖盘
667,13:58:15,23.52,0.01,401,943152,买盘
668,13:58:06,23.51,-0.04,5,11755,卖盘
669,13:57:51,23.55,0.03,413,972615,买盘
670,13:57:48,23.52,0.01,7,16464,买盘
671,13:57:45,23.51,-0.01,109,256259,卖盘
672,13:57:42,23.52,--,149,350448,卖盘
673,13:57:39,23.52,--,50,117600,卖盘
674,13:57:36,23.52,--,26,61152,卖盘
675,13:57:33,23.52,--,30,70560,卖盘
676,13:57:30,23.52,--,46,108192,卖盘
677,13:57:27,23.52,--,4,9408,卖盘
678,13:57:24,23.52,--,34,79968,卖盘
679,13:57:21,23.52,--,58,136416,卖盘
680,13:57:18,23.52,--,8,18816,卖盘
681,13:57:15,23.52,--,26,61152,卖盘
682,13:57:06,23.52,--,5,11760,卖盘
683,13:57:03,23.52,--,20,47040,卖盘
684,13:57:00,23.52,--,1,2352,卖盘
685,13:56:57,23.52,--,3,7056,卖盘
686,13:56:54,23.52,--,32,75264,卖盘
687,13:56:51,23.52,--,5,11760,卖盘
688,13:56:36,23.52,-0.01,8,18816,卖盘
689,13:56:30,23.53,--,2,4706,买盘
690,13:56:27,23.53,--,83,197346,卖盘
691,13:56:24,23.53,--,10,23530,卖盘
692,13:56:21,23.53,--,30,70590,卖盘
693,13:56:18,23.53,--,11,25883,卖盘
694,13:56:09,23.53,-0.01,12,28236,卖盘
695,13:56:06,23.54,--,18,42372,买盘
696,13:56:00,23.54,0.01,1,2354,买盘
697,13:55:57,23.53,--,23,54119,卖盘
698,13:55:54,23.53,--,3,7059,卖盘
699,13:55:51,23.53,--,5,11765,卖盘
700,13:55:48,23.53,-0.01,154,362362,卖盘
701,13:55:45,23.54,--,25,58850,买盘
702,13:55:39,23.54,0.01,45,105930,买盘
703,13:55:36,23.53,--,8,18824,卖盘
704,13:55:33,23.53,--,45,105885,卖盘
705,13:55:30,23.53,-0.01,5,11765,卖盘
706,13:55:21,23.54,0.01,29,68266,买盘
707,13:55:18,23.53,-0.01,150,352950,卖盘
708,13:55:15,23.54,-0.01,7,16478,卖盘
709,13:55:12,23.55,0.01,35,82425,买盘
710,13:55:09,23.54,--,42,98868,卖盘
711,13:55:06,23.54,-0.01,5,11770,卖盘
712,13:55:03,23.55,0.01,53,124815,买盘
713,13:55:00,23.54,--,15,35310,卖盘
714,13:54:57,23.54,--,24,56496,卖盘
715,13:54:54,23.54,-0.01,3,7062,卖盘
716,13:54:48,23.55,0.01,48,113040,买盘
717,13:54:45,23.54,-0.01,6,14124,卖盘
718,13:54:42,23.55,--,13,30615,买盘
719,13:54:39,23.55,--,12,28260,买盘
720,13:54:36,23.55,0.01,30,70650,买盘
721,13:54:33,23.54,-0.01,186,437844,卖盘
722,13:54:30,23.55,--,12,28260,买盘
723,13:54:27,23.55,0.01,5,11775,买盘
724,13:54:24,23.54,--,79,185966,卖盘
725,13:54:21,23.54,-0.01,10,23540,卖盘
726,13:54:18,23.55,0.01,5,11775,买盘
727,13:54:15,23.54,--,20,47080,卖盘
728,13:54:09,23.54,--,78,183612,卖盘
729,13:54:06,23.54,--,102,240108,买盘
730,13:54:03,23.54,0.01,665,1565410,买盘
731,13:53:57,23.53,--,15,35295,卖盘
732,13:53:54,23.53,--,20,47060,卖盘
733,13:53:51,23.53,--,21,49413,卖盘
734,13:53:48,23.53,--,9,21177,卖盘
735,13:53:45,23.53,--,112,263536,卖盘
736,13:53:42,23.53,--,29,68237,卖盘
737,13:53:39,23.53,0.01,82,193251,买盘
738,13:53:36,23.52,-0.01,15,35280,卖盘
739,13:53:33,23.53,--,66,155298,买盘
740,13:53:27,23.53,--,4,9412,买盘
741,13:53:21,23.53,0.02,19,44707,中性盘
742,13:53:15,23.51,-0.02,528,1241328,卖盘
743,13:53:12,23.53,--,25,58825,卖盘
744,13:53:06,23.53,--,11,25883,卖盘
745,13:53:03,23.53,--,5,11765,卖盘
746,13:53:00,23.53,0.01,178,418834,买盘
747,13:52:57,23.52,--,40,94080,买盘
748,13:52:54,23.52,--,9,21168,买盘
749,13:52:51,23.52,--,46,108192,卖盘
750,13:52:48,23.52,--,315,740880,卖盘
751,13:52:45,23.52,-0.01,55,129360,卖盘
752,13:52:42,23.53,0.01,18,42354,买盘
753,13:52:39,23.52,--,6,14112,卖盘
754,13:52:36,23.52,-0.01,5,11760,卖盘
755,13:52:33,23.53,--,121,284713,买盘
756,13:52:30,23.53,--,12,28236,买盘
757,13:52:27,23.53,--,30,70590,买盘
758,13:52:24,23.53,--,5,11765,买盘
759,13:52:21,23.53,--,24,56472,卖盘
760,13:52:18,23.53,-0.01,102,240006,卖盘
761,13:52:15,23.54,--,20,47080,买盘
762,13:52:12,23.54,--,83,195382,买盘
763,13:52:09,23.54,0.01,54,127116,买盘
764,13:52:06,23.53,--,11,25883,卖盘
765,13:52:03,23.53,--,88,207064,卖盘
766,13:52:00,23.53,--,3,7059,卖盘
767,13:51:54,23.53,--,13,30589,卖盘
768,13:51:51,23.53,0.01,14,32942,买盘
769,13:51:48,23.52,0.01,16,37632,卖盘
770,13:51:45,23.51,-0.01,13,30563,卖盘
771,13:51:42,23.52,--,5,11760,卖盘
772,13:51:39,23.52,0.01,12,28224,买盘
773,13:51:36,23.51,--,5,11755,卖盘
774,13:51:33,23.51,--,25,58775,卖盘
775,13:51:30,23.51,--,15,35265,卖盘
776,13:51:27,23.51,0.02,421,990358,买盘
777,13:51:18,23.49,--,2,4698,买盘
778,13:51:09,23.49,-0.01,8,18792,中性盘
779,13:50:57,23.5,0.08,2000,4700000,买盘
780,13:50:54,23.42,--,16,37472,买盘
781,13:50:48,23.42,0.01,6,14052,买盘
782,13:50:36,23.41,--,5,11705,卖盘
783,13:50:33,23.41,--,167,390947,买盘
784,13:50:30,23.41,--,52,121732,买盘
785,13:50:27,23.41,0.01,20,46820,买盘
786,13:50:18,23.4,-0.01,4,9360,卖盘
787,13:50:12,23.41,0.01,80,187280,买盘
788,13:50:09,23.4,--,5,11700,卖盘
789,13:50:06,23.4,--,128,299520,买盘
790,13:50:03,23.4,0.01,59,138060,买盘
791,13:49:57,23.39,-0.01,28,65492,卖盘
792,13:49:54,23.4,0.01,2,4680,买盘
793,13:49:51,23.39,--,79,185225,买盘
794,13:49:42,23.39,0.01,100,233900,买盘
795,13:49:36,23.38,--,5,11690,卖盘
796,13:49:30,23.38,-0.01,8,18704,中性盘
797,13:49:27,23.39,0.01,328,767192,买盘
798,13:49:18,23.38,--,153,357714,买盘
799,13:49:15,23.38,--,53,123914,买盘
800,13:49:12,23.38,0.01,9,21042,买盘
801,13:49:06,23.37,--,5,11685,卖盘
802,13:49:03,23.37,--,8,19397,买盘
803,13:49:00,23.37,--,20,46740,买盘
804,13:48:51,23.37,0.01,150,350550,买盘
805,13:48:48,23.36,-0.01,2,4672,中性盘
806,13:48:39,23.37,0.01,8,18696,买盘
807,13:48:36,23.36,--,1,2336,卖盘
808,13:48:27,23.36,--,10,23360,卖盘
809,13:48:06,23.36,--,5,11680,卖盘
810,13:48:00,23.36,0.01,4,9344,买盘
811,13:47:54,23.35,--,20,46700,卖盘
812,13:47:48,23.35,-0.01,53,123755,卖盘
813,13:47:42,23.36,0.01,4,9344,买盘
814,13:47:36,23.35,-0.01,5,11675,卖盘
815,13:47:27,23.36,0.01,8,18688,买盘
816,13:47:24,23.35,--,10,23350,卖盘
817,13:47:06,23.35,-0.01,5,11675,卖盘
818,13:47:03,23.36,--,30,70080,卖盘
819,13:46:57,23.36,--,5,11680,卖盘
820,13:46:54,23.36,--,2,4672,卖盘
821,13:46:42,23.36,-0.01,7,16352,卖盘
822,13:46:36,23.37,--,0,1635,卖盘
823,13:46:33,23.37,0.01,35,82496,买盘
824,13:46:21,23.36,-0.01,1,2336,卖盘
825,13:46:12,23.37,0.01,8,18696,买盘
826,13:46:06,23.36,--,5,11680,卖盘
827,13:46:00,23.36,-0.01,14,34339,卖盘
828,13:45:57,23.37,--,0,701,买盘
829,13:45:54,23.37,--,50,116850,买盘
830,13:45:51,23.37,0.01,10,23370,买盘
831,13:45:36,23.36,-0.01,7,16352,卖盘
832,13:45:30,23.37,--,2,5468,卖盘
833,13:45:27,23.37,--,7,17901,买盘
834,13:45:09,23.37,0.03,4,9348,买盘
835,13:45:06,23.34,-0.01,9,21006,卖盘
836,13:45:03,23.35,--,2,4670,买盘
837,13:45:00,23.35,0.01,5,11675,买盘
838,13:44:42,23.34,-0.01,2,4668,卖盘
839,13:44:36,23.35,--,2,4670,卖盘
840,13:44:33,23.35,0.01,20,46700,买盘
841,13:44:24,23.34,-0.01,2,4668,卖盘
842,13:44:09,23.35,0.01,2,4670,买盘
843,13:44:06,23.34,-0.02,2,4668,卖盘
844,13:43:51,23.36,0.02,13,30368,买盘
845,13:43:39,23.34,--,65,151710,卖盘
846,13:43:27,23.34,-0.02,178,415452,卖盘
847,13:43:24,23.36,0.01,3,7008,买盘
848,13:43:06,23.35,-0.01,5,11675,卖盘
849,13:42:54,23.36,-0.01,55,128480,卖盘
850,13:42:48,23.37,--,10,23370,买盘
851,13:42:42,23.37,-0.01,4,9348,卖盘
852,13:42:39,23.38,0.01,8,18704,买盘
853,13:42:36,23.37,--,5,11685,卖盘
854,13:42:30,23.37,--,220,514140,卖盘
855,13:42:21,23.37,--,100,233700,卖盘
856,13:42:15,23.37,-0.01,10,23370,卖盘
857,13:42:09,23.38,0.01,5,11690,买盘
858,13:42:06,23.37,--,39,91143,卖盘
859,13:42:00,23.37,-0.01,5,11685,卖盘
860,13:41:57,23.38,0.01,20,46760,买盘
861,13:41:54,23.37,--,7,16359,卖盘
862,13:41:51,23.37,-0.01,6,14022,卖盘
863,13:41:48,23.38,--,10,23380,买盘
864,13:41:42,23.38,0.01,1,2338,买盘
865,13:41:36,23.37,-0.01,5,11685,卖盘
866,13:41:33,23.38,--,5,11690,买盘
867,13:41:30,23.38,--,8,18704,买盘
868,13:41:24,23.38,--,30,70140,卖盘
869,13:41:21,23.38,-0.01,1,2338,卖盘
870,13:41:18,23.39,--,9,21051,买盘
871,13:41:15,23.39,--,1,2339,买盘
872,13:41:12,23.39,--,5,13589,卖盘
873,13:41:09,23.39,--,44,102916,卖盘
874,13:41:06,23.39,--,27,63153,卖盘
875,13:41:03,23.39,-0.01,85,198815,卖盘
876,13:41:00,23.4,0.01,34,79560,买盘
877,13:40:57,23.39,-0.01,2,4678,卖盘
878,13:40:51,23.4,0.01,10,23400,买盘
879,13:40:45,23.39,-0.01,1,2339,卖盘
880,13:40:42,23.4,0.01,1,2340,买盘
881,13:40:39,23.39,-0.01,101,236239,卖盘
882,13:40:33,23.4,-0.01,11,25740,卖盘
883,13:40:30,23.41,0.01,14,32774,买盘
884,13:40:27,23.4,--,5,11700,卖盘
885,13:40:24,23.4,--,4,9360,卖盘
886,13:40:15,23.4,-0.01,12,28080,卖盘
887,13:40:12,23.41,0.01,22,51502,买盘
888,13:40:09,23.4,0.01,2,4680,中性盘
889,13:40:06,23.39,-0.02,5,11695,卖盘
890,13:40:03,23.41,0.02,50,117050,买盘
891,13:39:57,23.39,-0.01,5,11695,卖盘
892,13:39:54,23.4,--,3,7020,卖盘
893,13:39:51,23.4,--,15,35100,卖盘
894,13:39:48,23.4,--,7,16379,卖盘
895,13:39:42,23.4,--,16,37440,卖盘
896,13:39:36,23.4,--,6,14040,卖盘
897,13:39:33,23.4,--,25,58500,买盘
898,13:39:27,23.4,--,5,11700,买盘
899,13:39:21,23.4,0.01,37,86580,买盘
900,13:39:18,23.39,-0.01,11,25729,卖盘
901,13:39:15,23.4,--,2,4680,买盘
902,13:39:12,23.4,--,32,74880,买盘
903,13:39:06,23.4,--,15,35100,买盘
904,13:39:03,23.4,--,55,128699,买盘
905,13:38:54,23.4,--,1,2340,买盘
906,13:38:51,23.4,--,6,14040,买盘
907,13:38:45,23.4,0.01,5,11700,买盘
908,13:38:36,23.39,-0.01,5,11695,卖盘
909,13:38:33,23.4,--,59,138060,买盘
910,13:38:24,23.4,--,83,194220,买盘
911,13:38:21,23.4,0.01,18,42120,买盘
912,13:38:18,23.39,--,20,46780,卖盘
913,13:38:12,23.39,--,4,9356,卖盘
914,13:38:09,23.39,--,0,444,卖盘
915,13:38:06,23.39,--,5,11695,卖盘
916,13:38:03,23.39,0.01,5,11695,买盘
917,13:37:57,23.38,--,346,808948,卖盘
918,13:37:45,23.38,0.01,7,16366,买盘
919,13:37:42,23.37,--,1,2337,卖盘
920,13:37:36,23.37,-0.01,5,11685,卖盘
921,13:37:33,23.38,--,72,168336,买盘
922,13:37:30,23.38,--,2,4676,买盘
923,13:37:27,23.38,--,81,189378,买盘
924,13:37:21,23.38,0.01,7,16366,买盘
925,13:37:18,23.37,-0.01,10,23370,卖盘
926,13:37:15,23.38,--,80,187040,买盘
927,13:37:12,23.38,0.01,9,21042,买盘
928,13:37:06,23.37,--,5,11685,卖盘
929,13:36:54,23.37,0.01,141,329517,买盘
930,13:36:51,23.36,-0.01,1,2336,卖盘
931,13:36:48,23.37,0.01,8,18696,买盘
932,13:36:45,23.36,--,9,21024,买盘
933,13:36:42,23.36,--,7,16352,卖盘
934,13:36:39,23.36,-0.01,4,9344,卖盘
935,13:36:36,23.37,--,9,21033,买盘
936,13:36:33,23.37,0.01,55,128535,买盘
937,13:36:30,23.36,-0.01,15,35040,卖盘
938,13:36:27,23.37,0.01,104,243048,买盘
939,13:36:24,23.36,--,14,32704,卖盘
940,13:36:15,23.36,0.01,2,4672,卖盘
941,13:36:12,23.35,-0.01,4,9340,卖盘
942,13:36:06,23.36,0.01,5,11680,中性盘
943,13:36:03,23.35,-0.01,23,53705,卖盘
944,13:35:57,23.36,-0.01,7,16352,卖盘
945,13:35:51,23.37,--,2,4674,买盘
946,13:35:42,23.37,--,37,86469,买盘
947,13:35:39,23.37,0.01,1,2337,买盘
948,13:35:36,23.36,-0.01,6,14016,卖盘
949,13:35:33,23.37,--,8,18696,买盘
950,13:35:24,23.37,0.01,1,2337,买盘
951,13:35:21,23.36,--,5,11680,卖盘
952,13:35:18,23.36,--,5,11680,卖盘
953,13:35:15,23.36,-0.01,20,46720,卖盘
954,13:35:12,23.37,0.01,38,88806,买盘
955,13:35:09,23.36,--,3,7008,卖盘
956,13:35:06,23.36,--,6,14016,卖盘
957,13:34:57,23.36,--,9,21024,卖盘
958,13:34:45,23.36,--,12,28032,卖盘
959,13:34:42,23.36,--,2,4672,卖盘
960,13:34:39,23.36,-0.01,15,35040,中性盘
961,13:34:30,23.37,0.02,178,415986,买盘
962,13:34:24,23.35,-0.01,10,23350,卖盘
963,13:34:12,23.36,0.01,38,88768,买盘
964,13:34:09,23.35,--,2,4670,卖盘
965,13:34:06,23.35,--,5,11675,卖盘
966,13:34:03,23.35,--,1,2335,卖盘
967,13:33:54,23.35,0.01,93,218322,买盘
968,13:33:51,23.34,-0.01,32,74688,卖盘
969,13:33:42,23.35,0.01,38,88730,买盘
970,13:33:36,23.34,--,5,11670,卖盘
971,13:33:30,23.34,0.01,71,166554,买盘
972,13:33:24,23.33,-0.01,4,9332,卖盘
973,13:33:21,23.34,0.01,8,18672,买盘
974,13:33:15,23.33,-0.01,4,9332,卖盘
975,13:33:12,23.34,0.01,47,109698,买盘
976,13:33:06,23.33,-0.01,5,11665,卖盘
977,13:33:03,23.34,--,8,18672,买盘
978,13:33:00,23.34,0.01,155,361770,买盘
979,13:32:51,23.33,--,60,139980,卖盘
980,13:32:39,23.33,0.02,299,697567,买盘
981,13:32:36,23.31,-0.01,5,11655,卖盘
982,13:32:21,23.32,--,10,23320,买盘
983,13:32:12,23.32,0.01,37,86284,买盘
984,13:32:06,23.31,--,5,11655,卖盘
985,13:32:03,23.31,-0.01,1,2331,卖盘
986,13:31:54,23.32,-0.01,68,158576,卖盘
987,13:31:51,23.33,--,25,58324,买盘
988,13:31:42,23.33,0.01,48,111983,买盘
989,13:31:36,23.32,--,25,58300,卖盘
990,13:31:30,23.32,-0.01,10,23320,卖盘
991,13:31:12,23.33,0.01,45,104984,买盘
992,13:31:09,23.32,--,12,27984,卖盘
993,13:31:06,23.32,-0.01,5,11660,卖盘
994,13:31:03,23.33,0.01,1,2333,买盘
995,13:30:57,23.32,--,12,27984,卖盘
996,13:30:51,23.32,--,1,2332,卖盘
997,13:30:45,23.32,--,2,4664,卖盘
998,13:30:42,23.32,0.01,13,30316,买盘
999,13:30:36,23.31,-0.01,5,11655,卖盘
1000,13:30:21,23.32,--,2,4664,买盘
1001,13:30:15,23.32,-0.01,9,20988,中性盘
1002,13:30:12,23.33,0.02,38,88654,买盘
1003,13:30:09,23.31,-0.01,48,111888,卖盘
1004,13:30:06,23.32,--,40,93280,卖盘
1005,13:30:03,23.32,-0.01,2,4664,卖盘
1006,13:29:45,23.33,-0.01,232,541256,卖盘
1007,13:29:42,23.34,0.01,62,144708,买盘
1008,13:29:39,23.33,--,10,23330,卖盘
1009,13:29:33,23.33,-0.01,6,13997,卖盘
1010,13:29:30,23.34,--,8,18672,买盘
1011,13:29:27,23.34,0.01,6,14004,买盘
1012,13:29:24,23.33,-0.01,12,27995,卖盘
1013,13:29:12,23.34,0.01,36,84024,买盘
1014,13:29:06,23.33,--,14,32661,卖盘
1015,13:29:03,23.33,--,5,11665,卖盘
1016,13:28:51,23.33,--,10,23330,卖盘
1017,13:28:45,23.33,-0.01,1,2333,卖盘
1018,13:28:42,23.34,--,40,93360,买盘
1019,13:28:39,23.34,0.01,4,9336,买盘
1020,13:28:33,23.33,-0.01,5,11665,卖盘
1021,13:28:21,23.34,--,3,7002,买盘
1022,13:28:18,23.34,--,8,18672,中性盘
1023,13:28:15,23.34,--,9,21006,买盘
1024,13:28:12,23.34,0.01,39,91026,买盘
1025,13:28:06,23.33,-0.01,263,613579,卖盘
1026,13:28:03,23.34,--,5,11670,卖盘
1027,13:27:48,23.34,-0.01,10,23340,卖盘
1028,13:27:42,23.35,0.01,38,88730,买盘
1029,13:27:36,23.34,--,11,25674,卖盘
1030,13:27:33,23.34,--,45,105030,卖盘
1031,13:27:30,23.34,-0.01,5,11670,卖盘
1032,13:27:12,23.35,0.01,48,112080,买盘
1033,13:27:03,23.34,-0.01,6,14004,卖盘
1034,13:27:00,23.35,--,4,9340,买盘
1035,13:26:42,23.35,0.01,42,98070,买盘
1036,13:26:36,23.34,--,2,4668,卖盘
1037,13:26:33,23.34,--,8,18672,卖盘
1038,13:26:30,23.34,--,60,140040,卖盘
1039,13:26:24,23.34,-0.01,30,70020,卖盘
1040,13:26:12,23.35,0.01,38,88730,买盘
1041,13:26:06,23.34,--,8,18672,卖盘
1042,13:26:03,23.34,--,5,11670,卖盘
1043,13:26:00,23.34,--,5,11670,卖盘
1044,13:25:51,23.34,-0.01,3,7002,卖盘
1045,13:25:45,23.35,--,40,93400,买盘
1046,13:25:42,23.35,0.01,39,91065,买盘
1047,13:25:39,23.34,--,2,4668,卖盘
1048,13:25:33,23.34,--,5,11670,卖盘
1049,13:25:24,23.34,0.01,87,203058,买盘
1050,13:25:15,23.33,-0.01,70,163310,卖盘
1051,13:25:12,23.34,0.01,36,84024,买盘
1052,13:25:03,23.33,-0.01,5,11665,卖盘
1053,13:24:54,23.34,0.01,6,14004,买盘
1054,13:24:51,23.33,-0.01,4,9332,卖盘
1055,13:24:45,23.34,--,50,116700,买盘
1056,13:24:36,23.34,0.01,10,23340,买盘
1057,13:24:30,23.33,0.01,2,4666,中性盘
1058,13:24:24,23.32,-0.01,5,11660,卖盘
1059,13:24:12,23.33,0.01,70,163310,买盘
1060,13:24:06,23.32,--,7,16324,卖盘
1061,13:24:03,23.32,--,6,13992,卖盘
1062,13:23:54,23.32,-0.01,50,116600,卖盘
1063,13:23:48,23.33,--,5,11665,买盘
1064,13:23:45,23.33,--,16,37328,卖盘
1065,13:23:42,23.33,0.01,23,53658,买盘
1066,13:23:33,23.32,--,5,11660,卖盘
1067,13:23:18,23.32,-0.02,2,4664,卖盘
1068,13:23:12,23.34,0.01,45,105030,买盘
1069,13:23:09,23.33,--,14,32661,卖盘
1070,13:23:03,23.33,--,6,13997,卖盘
1071,13:22:57,23.33,-0.01,4,9332,卖盘
1072,13:22:51,23.34,--,3,7002,买盘
1073,13:22:42,23.34,0.01,37,86358,买盘
1074,13:22:33,23.33,-0.01,15,34995,卖盘
1075,13:22:30,23.34,0.01,50,116700,买盘
1076,13:22:24,23.33,-0.01,3,6998,卖盘
1077,13:22:21,23.34,0.01,2,4668,买盘
1078,13:22:12,23.33,0.01,23,53658,买盘
1079,13:22:09,23.32,--,3,6996,卖盘
1080,13:22:03,23.32,--,6,13992,卖盘
1081,13:21:57,23.32,0.01,10,23320,中性盘
1082,13:21:45,23.31,-0.01,20,46620,卖盘
1083,13:21:42,23.32,--,21,48972,买盘
1084,13:21:39,23.32,0.01,15,34980,买盘
1085,13:21:33,23.31,--,5,11655,卖盘
1086,13:21:21,23.31,--,5,11655,卖盘
1087,13:21:12,23.31,0.01,15,34965,中性盘
1088,13:20:48,23.3,--,4,9320,卖盘
1089,13:20:42,23.3,0.01,27,62910,买盘
1090,13:20:33,23.29,--,5,11645,卖盘
1091,13:20:30,23.29,--,5,11645,卖盘
1092,13:20:24,23.29,0.01,23,53567,买盘
1093,13:20:06,23.28,0.01,3,6984,买盘
1094,13:20:03,23.27,--,5,11635,卖盘
1095,13:19:54,23.27,-0.01,1,2327,中性盘
1096,13:19:36,23.28,--,20,46560,买盘
1097,13:19:24,23.28,0.02,1,2328,买盘
1098,13:19:09,23.26,--,67,155842,买盘
1099,13:19:06,23.26,0.01,11,25586,买盘
1100,13:19:03,23.25,-0.01,15,34875,卖盘
1101,13:19:00,23.26,--,4,9304,买盘
1102,13:18:54,23.26,--,4,9304,买盘
1103,13:18:51,23.26,--,6,13956,买盘
1104,13:18:48,23.26,-0.02,115,267490,卖盘
1105,13:18:42,23.28,0.01,12,27936,买盘
1106,13:18:33,23.27,--,11,25597,卖盘
1107,13:18:30,23.27,-0.01,51,118677,卖盘
1108,13:18:24,23.28,0.01,40,93120,买盘
1109,13:18:03,23.27,0.01,18,41886,买盘
1110,13:17:51,23.26,--,10,23260,卖盘
1111,13:17:42,23.26,--,5,11630,卖盘
1112,13:17:33,23.26,--,5,11630,卖盘
1113,13:17:30,23.26,-0.01,2,4652,卖盘
1114,13:17:27,23.27,0.01,1,2327,买盘
1115,13:17:18,23.26,--,10,23260,卖盘
1116,13:17:12,23.26,-0.01,5,11630,卖盘
1117,13:17:09,23.27,0.02,10,23270,买盘
1118,13:17:06,23.25,-0.01,1,2325,卖盘
1119,13:17:03,23.26,0.01,1,2326,中性盘
1120,13:16:54,23.25,-0.01,10,23250,卖盘
1121,13:16:51,23.26,0.01,5,11630,买盘
1122,13:16:48,23.25,--,5,11625,卖盘
1123,13:16:45,23.25,--,16,37200,卖盘
1124,13:16:42,23.25,-0.01,14,32550,卖盘
1125,13:16:33,23.26,--,5,11630,卖盘
1126,13:16:30,23.26,--,1,2326,卖盘
1127,13:16:27,23.26,--,3,6978,卖盘
1128,13:16:18,23.26,--,20,46520,卖盘
1129,13:16:15,23.26,--,1,2326,卖盘
1130,13:16:09,23.26,--,1,2326,卖盘
1131,13:16:03,23.26,--,5,11630,卖盘
1132,13:15:36,23.26,--,30,69780,卖盘
1133,13:15:24,23.26,-0.02,4,9304,卖盘
1134,13:15:12,23.28,0.01,9,20952,买盘
1135,13:15:03,23.27,-0.01,48,111696,卖盘
1136,13:14:57,23.28,0.01,10,23280,买盘
1137,13:14:54,23.27,--,3,6981,卖盘
1138,13:14:48,23.27,-0.01,1,2327,卖盘
1139,13:14:45,23.28,0.01,20,46560,买盘
1140,13:14:33,23.27,-0.01,5,11635,卖盘
1141,13:14:30,23.28,--,8,18624,卖盘
1142,13:14:24,23.28,-0.01,5,11640,中性盘
1143,13:14:06,23.29,0.01,10,23290,买盘
1144,13:14:03,23.28,-0.01,1,2328,卖盘
1145,13:14:00,23.29,--,2,4658,买盘
1146,13:13:51,23.29,0.01,7,16303,买盘
1147,13:13:48,23.28,-0.01,1,2328,卖盘
1148,13:13:45,23.29,--,10,23290,买盘
1149,13:13:39,23.29,--,9,20961,买盘
1150,13:13:33,23.29,-0.01,31,72199,卖盘
1151,13:13:30,23.3,0.01,51,118830,买盘
1152,13:13:27,23.29,--,16,37264,卖盘
1153,13:13:24,23.29,--,10,23290,卖盘
1154,13:13:21,23.29,--,3,6987,卖盘
1155,13:13:18,23.29,0.01,30,69870,买盘
1156,13:13:09,23.28,--,87,202536,卖盘
1157,13:13:03,23.28,-0.01,6,13968,卖盘
1158,13:13:00,23.29,--,5,11645,买盘
1159,13:12:45,23.29,0.01,1,2329,买盘
1160,13:12:39,23.28,-0.01,4,9312,卖盘
1161,13:12:36,23.29,0.01,20,46580,买盘
1162,13:12:33,23.28,--,5,11640,卖盘
1163,13:12:18,23.28,0.01,10,23280,买盘
1164,13:12:15,23.27,-0.01,2,4654,卖盘
1165,13:12:06,23.28,0.01,1,2328,买盘
1166,13:12:03,23.27,-0.01,5,11635,卖盘
1167,13:11:51,23.28,0.01,50,116400,买盘
1168,13:11:42,23.27,--,10,23270,卖盘
1169,13:11:33,23.27,--,17,39559,卖盘
1170,13:11:21,23.27,--,19,44213,卖盘
1171,13:11:09,23.27,--,7,16289,卖盘
1172,13:11:03,23.27,-0.01,5,11635,卖盘
1173,13:11:00,23.28,--,1,2328,买盘
1174,13:10:54,23.28,0.01,5,11640,买盘
1175,13:10:39,23.27,--,5,11635,卖盘
1176,13:10:33,23.27,--,5,11635,卖盘
1177,13:10:27,23.27,--,5,11635,卖盘
1178,13:10:21,23.27,-0.01,10,23270,卖盘
1179,13:10:12,23.28,0.01,5,11640,买盘
1180,13:10:03,23.27,-0.01,6,13962,卖盘
1181,13:10:00,23.28,0.01,5,11640,买盘
1182,13:09:57,23.27,--,1,2327,卖盘
1183,13:09:51,23.27,--,11,25597,卖盘
1184,13:09:33,23.27,--,15,34905,卖盘
1185,13:09:30,23.27,--,11,25597,卖盘
1186,13:09:21,23.27,0.01,7,16289,买盘
1187,13:09:15,23.26,--,1,2326,卖盘
1188,13:09:06,23.26,--,13,30238,买盘
1189,13:09:03,23.26,--,1,2326,卖盘
1190,13:08:57,23.26,--,7,16282,卖盘
1191,13:08:42,23.26,--,11,25586,买盘
1192,13:08:36,23.26,0.01,10,23260,买盘
1193,13:08:33,23.25,-0.01,1,2325,中性盘
1194,13:08:27,23.26,0.02,1,2326,买盘
1195,13:08:21,23.24,--,5,11620,卖盘
1196,13:08:15,23.24,--,2,4648,卖盘
1197,13:08:09,23.24,0.01,68,158032,中性盘
1198,13:07:48,23.23,-0.01,22,51106,卖盘
1199,13:07:45,23.24,0.01,23,53452,买盘
1200,13:07:42,23.23,--,8,18607,卖盘
1201,13:07:39,23.23,--,113,262499,卖盘
1202,13:07:36,23.23,--,7,16261,卖盘
1203,13:07:33,23.23,--,15,34845,卖盘
1204,13:07:30,23.23,--,199,462277,卖盘
1205,13:07:27,23.23,--,2,4646,卖盘
1206,13:07:21,23.23,--,5,11615,卖盘
1207,13:07:18,23.23,-0.01,31,72013,卖盘
1208,13:07:15,23.24,0.02,10,23240,买盘
1209,13:07:12,23.22,-0.02,235,545670,卖盘
1210,13:07:09,23.24,--,8,18592,买盘
1211,13:07:06,23.24,0.01,12,27887,买盘
1212,13:07:03,23.23,--,5,11615,卖盘
1213,13:06:54,23.23,0.01,2,4646,中性盘
1214,13:06:48,23.22,-0.02,20,46440,卖盘
1215,13:06:39,23.24,0.02,10,23240,买盘
1216,13:06:36,23.22,--,4,9288,卖盘
1217,13:06:33,23.22,-0.02,278,645516,卖盘
1218,13:06:30,23.24,--,1,2324,卖盘
1219,13:06:24,23.24,--,159,369516,卖盘
1220,13:06:18,23.24,-0.01,40,92960,卖盘
1221,13:06:15,23.25,-0.03,7,16275,卖盘
1222,13:06:12,23.28,0.04,10,23280,买盘
1223,13:06:06,23.24,-0.01,333,773892,卖盘
1224,13:06:03,23.25,--,7,16275,卖盘
1225,13:05:57,23.25,-0.01,400,930000,卖盘
1226,13:05:54,23.26,-0.03,417,969942,卖盘
1227,13:05:51,23.29,--,12,27948,买盘
1228,13:05:42,23.29,0.01,1,2329,买盘
1229,13:05:33,23.28,-0.01,5,11640,卖盘
1230,13:05:24,23.29,--,6,13974,买盘
1231,13:05:15,23.29,-0.01,16,37264,卖盘
1232,13:05:06,23.3,0.01,11,25630,买盘
1233,13:05:03,23.29,-0.01,5,11645,卖盘
1234,13:05:00,23.3,0.01,30,69900,买盘
1235,13:04:57,23.29,--,7,16303,卖盘
1236,13:04:54,23.29,0.01,10,23290,买盘
1237,13:04:51,23.28,--,13,30264,卖盘
1238,13:04:48,23.28,-0.01,181,421368,卖盘
1239,13:04:42,23.29,0.01,190,443674,买盘
1240,13:04:39,23.28,--,50,116400,卖盘
1241,13:04:33,23.28,-0.01,5,11640,卖盘
1242,13:04:27,23.29,--,7,16303,买盘
1243,13:04:24,23.29,0.01,7,16303,买盘
1244,13:04:18,23.28,--,10,23280,卖盘
1245,13:04:03,23.28,--,5,11640,卖盘
1246,13:04:00,23.28,0.01,2,4656,买盘
1247,13:03:57,23.27,-0.01,13,30251,卖盘
1248,13:03:54,23.28,--,1,2328,卖盘
1249,13:03:51,23.28,-0.01,18,41904,中性盘
1250,13:03:24,23.29,--,1,2329,买盘
1251,13:03:21,23.29,--,5,11645,买盘
1252,13:03:15,23.29,0.02,5,11645,买盘
1253,13:03:09,23.27,-0.02,5,11635,卖盘
1254,13:03:06,23.29,0.01,9,20961,买盘
1255,13:03:03,23.28,0.01,3,6984,中性盘
1256,13:03:00,23.27,-0.02,2,4654,卖盘
1257,13:02:57,23.29,-0.01,3,6987,卖盘
1258,13:02:51,23.3,0.01,11,25630,买盘
1259,13:02:45,23.29,--,3,6987,卖盘
1260,13:02:42,23.29,0.03,3,6987,中性盘
1261,13:02:33,23.26,-0.04,123,286098,卖盘
1262,13:02:21,23.3,-0.02,62,144460,卖盘
1263,13:02:18,23.32,0.02,5,11660,买盘
1264,13:02:09,23.3,-0.02,222,517260,卖盘
1265,13:02:03,23.32,-0.01,17,39644,卖盘
1266,13:01:51,23.33,0.01,6,13997,买盘
1267,13:01:48,23.32,--,8,18656,卖盘
1268,13:01:45,23.32,-0.02,13,30316,卖盘
1269,13:01:27,23.34,0.01,10,23340,买盘
1270,13:01:24,23.33,-0.01,24,56831,卖盘
1271,13:01:09,23.34,--,10,23340,买盘
1272,13:01:03,23.34,--,28,65352,卖盘
1273,13:01:00,23.34,-0.01,10,23340,卖盘
1274,13:00:48,23.35,0.01,26,60710,买盘
1275,13:00:33,23.34,-0.01,5,11670,中性盘
1276,13:00:21,23.35,--,49,114415,买盘
1277,13:00:12,23.35,--,6,14010,买盘
1278,13:00:09,23.35,0.02,11,25685,买盘
1279,13:00:06,23.33,-0.02,340,793220,卖盘
1280,13:00:03,23.35,-0.01,914,2134960,卖盘
1281,13:00:00,23.36,--,50,116800,卖盘
1282,11:30:00,23.36,0.01,92,215636,买盘
1283,11:29:57,23.35,-0.01,2,4670,卖盘
1284,11:29:51,23.36,--,2,4672,买盘
1285,11:29:48,23.36,--,22,51392,买盘
1286,11:29:39,23.36,0.01,31,72416,买盘
1287,11:29:36,23.35,-0.01,57,134706,卖盘
1288,11:29:33,23.36,-0.01,4,9344,买盘
1289,11:29:30,23.37,0.01,103,240711,买盘
1290,11:29:27,23.36,--,20,46720,买盘
1291,11:29:24,23.36,0.01,6,14016,中性盘
1292,11:29:21,23.35,-0.02,72,168120,卖盘
1293,11:29:18,23.37,0.01,45,105165,买盘
1294,11:29:15,23.36,--,18,42048,卖盘
1295,11:29:12,23.36,0.01,126,295060,买盘
1296,11:29:09,23.35,-0.01,110,256850,卖盘
1297,11:29:06,23.36,--,24,56064,买盘
1298,11:29:03,23.36,0.01,19,44384,买盘
1299,11:29:00,23.35,--,17,39695,卖盘
1300,11:28:57,23.35,-0.01,59,139376,卖盘
1301,11:28:54,23.36,--,5,11680,卖盘
1302,11:28:51,23.36,--,9,21024,卖盘
1303,11:28:48,23.36,0.01,61,143220,买盘
1304,11:28:45,23.35,--,15,35025,卖盘
1305,11:28:42,23.35,--,10,23350,卖盘
1306,11:28:39,23.35,-0.01,16,37360,卖盘
1307,11:28:36,23.36,0.01,65,151840,买盘
1308,11:28:33,23.35,-0.01,82,191470,卖盘
1309,11:28:30,23.36,0.01,23,53728,买盘
1310,11:28:27,23.35,--,12,28020,买盘
1311,11:28:24,23.35,--,89,207815,卖盘
1312,11:28:21,23.35,-0.01,42,98070,卖盘
1313,11:28:18,23.36,--,200,467200,买盘
1314,11:28:15,23.36,0.01,6,14016,买盘
1315,11:28:12,23.35,-0.01,110,256850,卖盘
1316,11:28:09,23.36,--,10,23360,买盘
1317,11:28:06,23.36,--,17,39712,买盘
1318,11:28:00,23.36,0.01,6,14016,买盘
1319,11:27:54,23.35,-0.01,30,70050,卖盘
1320,11:27:51,23.36,--,19,44384,买盘
1321,11:27:42,23.36,0.01,7,16352,买盘
1322,11:27:39,23.35,--,79,184465,卖盘
1323,11:27:36,23.35,--,5,11675,卖盘
1324,11:27:33,23.35,--,13,30355,卖盘
1325,11:27:27,23.35,--,44,102740,卖盘
1326,11:27:18,23.35,-0.01,5,11675,卖盘
1327,11:27:15,23.36,0.01,12,28032,买盘
1328,11:27:06,23.35,--,12,28020,卖盘
1329,11:27:03,23.35,-0.01,20,46700,卖盘
1330,11:26:57,23.36,0.01,3,7008,买盘
1331,11:26:45,23.35,--,20,46700,卖盘
1332,11:26:36,23.35,-0.01,8,18680,卖盘
1333,11:26:30,23.36,0.01,40,93440,买盘
1334,11:26:27,23.35,--,5,11675,卖盘
1335,11:26:21,23.35,--,13,30355,卖盘
1336,11:26:18,23.35,--,2,4670,卖盘
1337,11:26:12,23.35,--,5,11675,卖盘
1338,11:26:09,23.35,--,21,49035,卖盘
1339,11:26:06,23.35,--,5,11675,卖盘
1340,11:26:03,23.35,--,2,4670,卖盘
1341,11:26:00,23.35,--,14,32690,卖盘
1342,11:25:57,23.35,--,2,4670,卖盘
1343,11:25:51,23.35,--,14,32690,卖盘
1344,11:25:48,23.35,--,4,9340,卖盘
1345,11:25:36,23.35,--,11,25685,卖盘
1346,11:25:06,23.35,--,57,133095,卖盘
1347,11:25:03,23.35,-0.01,2,4670,卖盘
1348,11:25:00,23.36,0.01,1,2336,买盘
1349,11:24:57,23.35,--,3,7005,卖盘
1350,11:24:48,23.35,--,3,7005,卖盘
1351,11:24:39,23.35,--,20,46700,卖盘
1352,11:24:36,23.35,--,5,11675,卖盘
1353,11:24:33,23.35,--,5,11675,卖盘
1354,11:24:27,23.35,--,30,70050,卖盘
1355,11:24:18,23.35,--,5,11675,卖盘
1356,11:24:12,23.35,--,1,2335,卖盘
1357,11:24:09,23.35,--,10,23350,卖盘
1358,11:24:06,23.35,--,5,11675,卖盘
1359,11:23:57,23.35,--,50,116750,卖盘
1360,11:23:51,23.35,--,20,46700,卖盘
1361,11:23:48,23.35,-0.01,10,23350,卖盘
1362,11:23:42,23.36,0.01,1,2336,买盘
1363,11:23:39,23.35,--,1,2335,卖盘
1364,11:23:36,23.35,--,5,11675,卖盘
1365,11:23:27,23.35,-0.01,27,63045,卖盘
1366,11:23:21,23.36,--,3,7008,买盘
1367,11:23:18,23.36,--,7,16352,买盘
1368,11:23:15,23.36,--,22,53003,卖盘
1369,11:23:06,23.36,--,15,35040,卖盘
1370,11:23:03,23.36,--,12,28032,卖盘
1371,11:22:57,23.36,--,2,4672,卖盘
1372,11:22:45,23.36,--,11,26420,买盘
1373,11:22:42,23.36,--,11,27307,卖盘
1374,11:22:39,23.36,--,40,93440,卖盘
1375,11:22:36,23.36,--,10,23360,卖盘
1376,11:22:33,23.36,--,2,4672,卖盘
1377,11:22:27,23.36,--,12,28032,卖盘
1378,11:22:24,23.36,--,5,11680,卖盘
1379,11:22:21,23.36,--,18,42048,卖盘
1380,11:22:12,23.36,--,150,350400,卖盘
1381,11:22:06,23.36,--,5,11680,卖盘
1382,11:22:03,23.36,--,255,595680,卖盘
1383,11:22:00,23.36,--,5,11680,卖盘
1384,11:21:57,23.36,--,69,161184,卖盘
1385,11:21:45,23.36,--,2,4672,卖盘
1386,11:21:36,23.36,--,6,14016,卖盘
1387,11:21:33,23.36,-0.01,4,9344,卖盘
1388,11:21:21,23.37,0.01,35,81795,买盘
1389,11:21:18,23.36,--,5,11680,卖盘
1390,11:21:06,23.36,-0.01,16,37376,卖盘
1391,11:21:03,23.37,--,374,874038,卖盘
1392,11:20:48,23.37,--,118,275766,卖盘
1393,11:20:42,23.37,--,2,4674,卖盘
1394,11:20:39,23.37,--,4,9348,卖盘
1395,11:20:36,23.37,--,77,179949,卖盘
1396,11:20:24,23.37,--,10,23370,卖盘
1397,11:20:06,23.37,--,5,11685,卖盘
1398,11:19:54,23.37,-0.01,4,9348,卖盘
1399,11:19:45,23.38,0.01,1,2338,买盘
1400,11:19:39,23.37,--,18,42066,卖盘
1401,11:19:36,23.37,--,5,11685,卖盘
1402,11:19:30,23.37,--,5,11685,卖盘
1403,11:19:27,23.37,--,10,23370,卖盘
1404,11:19:24,23.37,--,10,23370,卖盘
1405,11:19:06,23.37,--,28,65436,卖盘
1406,11:19:03,23.37,--,6,14022,卖盘
1407,11:18:54,23.37,--,2,4674,卖盘
1408,11:18:51,23.37,--,15,35055,卖盘
1409,11:18:45,23.37,-0.01,4,9348,卖盘
1410,11:18:39,23.38,0.01,1,2338,买盘
1411,11:18:36,23.37,--,15,35055,卖盘
1412,11:18:33,23.37,--,11,25707,卖盘
1413,11:18:06,23.37,--,5,11685,卖盘
1414,11:18:03,23.37,--,7,16359,卖盘
1415,11:17:54,23.37,-0.01,6,14022,卖盘
1416,11:17:51,23.38,0.01,10,23380,买盘
1417,11:17:39,23.37,--,5,11685,卖盘
1418,11:17:36,23.37,--,5,11685,卖盘
1419,11:17:18,23.37,--,58,135546,卖盘
1420,11:17:12,23.37,--,10,23370,卖盘
1421,11:17:09,23.37,--,2,4674,卖盘
1422,11:17:06,23.37,--,5,11685,卖盘
1423,11:17:00,23.37,--,30,70110,卖盘
1424,11:16:57,23.37,--,6,14022,卖盘
1425,11:16:51,23.37,--,2,4674,卖盘
1426,11:16:36,23.37,-0.01,55,128535,卖盘
1427,11:16:33,23.38,--,19,44422,买盘
1428,11:16:30,23.38,--,22,51436,买盘
1429,11:16:27,23.38,--,73,170674,卖盘
1430,11:16:21,23.38,-0.01,1,2338,卖盘
1431,11:16:15,23.39,0.01,1,2339,买盘
1432,11:16:06,23.38,--,5,11690,卖盘
1433,11:16:03,23.38,-0.01,5,11690,卖盘
1434,11:15:57,23.39,0.01,2,4678,买盘
1435,11:15:54,23.38,-0.01,100,233800,卖盘
1436,11:15:48,23.39,--,2,4678,买盘
1437,11:15:45,23.39,--,8,18712,买盘
1438,11:15:42,23.39,--,10,23390,买盘
1439,11:15:36,23.39,-0.01,6,15203,卖盘
1440,11:15:33,23.4,0.01,2,4680,买盘
1441,11:15:30,23.39,--,31,73678,买盘
1442,11:15:27,23.39,--,2,4678,买盘
1443,11:15:24,23.39,--,33,78356,卖盘
1444,11:15:21,23.39,--,11,25729,卖盘
1445,11:15:12,23.39,-0.01,1,2339,卖盘
1446,11:15:09,23.4,--,4,9360,买盘
1447,11:15:06,23.4,0.01,9,21060,买盘
1448,11:15:00,23.39,--,10,24559,买盘
1449,11:14:57,23.39,--,9,22220,卖盘
1450,11:14:54,23.39,-0.01,2,4678,卖盘
1451,11:14:48,23.4,0.01,5,11700,买盘
1452,11:14:45,23.39,--,6,14034,卖盘
1453,11:14:42,23.39,0.01,34,80695,买盘
1454,11:14:36,23.38,-0.01,5,11690,卖盘
1455,11:14:30,23.39,--,29,67831,买盘
1456,11:14:27,23.39,0.01,4,9356,买盘
1457,11:14:18,23.38,-0.01,10,23380,卖盘
1458,11:14:12,23.39,0.01,38,88882,买盘
1459,11:14:06,23.38,--,5,11690,卖盘
1460,11:14:03,23.38,--,45,105210,卖盘
1461,11:13:57,23.38,--,3,7014,卖盘
1462,11:13:51,23.38,--,9,21042,买盘
1463,11:13:48,23.38,0.01,21,49098,买盘
1464,11:13:45,23.37,-0.01,2,4674,卖盘
1465,11:13:42,23.38,0.01,61,142618,买盘
1466,11:13:36,23.37,-0.01,5,11685,卖盘
1467,11:13:27,23.38,0.01,10,23380,买盘
1468,11:13:24,23.37,-0.01,59,137883,卖盘
1469,11:13:21,23.38,0.01,4,9352,买盘
1470,11:13:18,23.37,-0.01,13,30381,卖盘
1471,11:13:15,23.38,--,1,2338,买盘
1472,11:13:12,23.38,0.01,46,107548,买盘
1473,11:13:09,23.37,--,11,25707,卖盘
1474,11:13:06,23.37,-0.01,5,11685,卖盘
1475,11:13:00,23.38,--,1,2338,买盘
1476,11:12:57,23.38,--,5,11690,买盘
1477,11:12:54,23.38,--,20,46760,买盘
1478,11:12:42,23.38,0.01,37,86506,买盘
1479,11:12:39,23.37,--,45,105165,卖盘
1480,11:12:36,23.37,--,5,11685,卖盘
1481,11:12:33,23.37,--,1,2337,卖盘
1482,11:12:24,23.37,-0.01,5,11685,卖盘
1483,11:12:21,23.38,--,37,86506,买盘
1484,11:12:12,23.38,0.01,37,86506,买盘
1485,11:12:06,23.37,-0.01,5,11685,卖盘
1486,11:12:03,23.38,0.01,2,4676,买盘
1487,11:11:57,23.37,--,33,77121,卖盘
1488,11:11:54,23.37,--,66,154242,买盘
1489,11:11:42,23.37,0.01,43,100491,买盘
1490,11:11:33,23.36,--,6,14016,卖盘
1491,11:11:24,23.36,--,5,11680,卖盘
1492,11:11:21,23.36,-0.01,46,107456,卖盘
1493,11:11:18,23.37,--,2,4674,买盘
1494,11:11:15,23.37,--,11,25707,买盘
1495,11:11:12,23.37,--,37,86469,买盘
1496,11:11:09,23.37,0.01,2,4674,买盘
1497,11:11:03,23.36,--,10,23360,卖盘
1498,11:11:00,23.36,--,17,39712,卖盘
1499,11:10:48,23.36,-0.01,37,86432,卖盘
1500,11:10:42,23.37,0.01,37,86469,买盘
1501,11:10:39,23.36,--,2,4672,卖盘
1502,11:10:33,23.36,-0.01,5,11680,卖盘
1503,11:10:21,23.37,--,70,163590,买盘
1504,11:10:12,23.37,0.01,37,86469,买盘
1505,11:10:03,23.36,-0.01,6,14016,卖盘
1506,11:09:57,23.37,0.01,13,30381,买盘
1507,11:09:54,23.36,--,3,7008,卖盘
1508,11:09:42,23.36,0.01,140,327764,买盘
1509,11:09:33,23.35,--,6,14010,卖盘
1510,11:09:18,23.35,-0.01,3,7005,卖盘
1511,11:09:12,23.36,0.01,90,210240,买盘
1512,11:09:03,23.35,--,5,11675,卖盘
1513,11:08:54,23.35,--,63,147105,买盘
1514,11:08:42,23.35,0.01,10,23350,买盘
1515,11:08:36,23.34,--,12,28008,卖盘
1516,11:08:33,23.34,-0.01,5,11670,卖盘
1517,11:08:30,23.35,0.01,10,23350,买盘
1518,11:08:24,23.34,-0.01,46,107364,卖盘
1519,11:08:18,23.35,0.01,25,58375,买盘
1520,11:08:15,23.34,--,10,23340,卖盘
1521,11:08:12,23.34,--,100,233400,卖盘
1522,11:08:06,23.34,--,8,18672,卖盘
1523,11:08:03,23.34,--,8,18672,卖盘
1524,11:07:33,23.34,--,5,11670,卖盘
1525,11:07:30,23.34,-0.01,12,28008,卖盘
1526,11:07:15,23.35,--,30,70050,买盘
1527,11:07:06,23.35,0.01,4,9340,买盘
1528,11:07:03,23.34,-0.01,5,11670,卖盘
1529,11:07:00,23.35,--,63,147105,卖盘
1530,11:06:57,23.35,--,28,65380,卖盘
1531,11:06:51,23.35,--,12,28020,卖盘
1532,11:06:45,23.35,--,3,7005,卖盘
1533,11:06:39,23.35,--,20,46700,卖盘
1534,11:06:33,23.35,--,35,81725,卖盘
1535,11:06:24,23.35,--,16,37360,卖盘
1536,11:06:18,23.35,--,31,72385,卖盘
1537,11:06:03,23.35,--,6,14010,卖盘
1538,11:05:51,23.35,--,11,25685,卖盘
1539,11:05:45,23.35,--,2,4670,卖盘
1540,11:05:39,23.35,--,2,4670,卖盘
1541,11:05:36,23.35,--,10,23350,卖盘
1542,11:05:33,23.35,--,7,16345,卖盘
1543,11:05:27,23.35,--,2,4670,卖盘
1544,11:05:24,23.35,--,2,4670,卖盘
1545,11:05:18,23.35,--,50,116750,卖盘
1546,11:05:15,23.35,--,12,28020,卖盘
1547,11:05:06,23.35,--,5,11675,卖盘
1548,11:05:03,23.35,-0.01,5,11675,卖盘
1549,11:04:57,23.36,--,1,2336,买盘
1550,11:04:48,23.36,--,75,175200,卖盘
1551,11:04:42,23.36,--,1,2336,卖盘
1552,11:04:33,23.36,--,5,11680,卖盘
1553,11:04:30,23.36,--,1,2336,卖盘
1554,11:04:27,23.36,-0.01,9,21024,卖盘
1555,11:04:24,23.37,0.01,37,86936,买盘
1556,11:04:18,23.36,--,3,7008,卖盘
1557,11:04:03,23.36,-0.01,6,14016,卖盘
1558,11:04:00,23.37,0.01,4,9348,买盘
1559,11:03:54,23.36,0.01,7,16352,买盘
1560,11:03:51,23.35,--,3,7005,卖盘
1561,11:03:42,23.35,-0.01,200,467000,卖盘
1562,11:03:39,23.36,--,10,23360,买盘
1563,11:03:36,23.36,0.01,15,35040,买盘
1564,11:03:33,23.35,-0.02,6,14010,卖盘
1565,11:03:30,23.37,0.02,263,614631,买盘
1566,11:03:27,23.35,-0.01,21,49035,卖盘
1567,11:03:24,23.36,0.01,50,116800,买盘
1568,11:03:18,23.35,--,8,18680,卖盘
1569,11:03:09,23.35,-0.01,5,11675,卖盘
1570,11:03:06,23.36,0.01,2,4672,买盘
1571,11:03:03,23.35,--,6,14010,卖盘
1572,11:02:57,23.35,-0.01,15,35025,卖盘
1573,11:02:54,23.36,0.01,36,84096,买盘
1574,11:02:48,23.35,-0.01,6,14010,卖盘
1575,11:02:45,23.36,0.01,54,126144,买盘
1576,11:02:33,23.35,--,15,35025,卖盘
1577,11:02:27,23.35,-0.01,2,4670,卖盘
1578,11:02:24,23.36,0.01,38,88768,买盘
1579,11:02:21,23.35,--,7,16345,卖盘
1580,11:02:12,23.35,--,8,18680,卖盘
1581,11:02:03,23.35,--,5,11675,卖盘
1582,11:01:57,23.35,--,1,2335,卖盘
1583,11:01:54,23.35,0.01,6,14010,买盘
1584,11:01:33,23.34,-0.01,5,11670,卖盘
1585,11:01:30,23.35,--,21,49035,卖盘
1586,11:01:27,23.35,-0.01,20,46700,卖盘
1587,11:01:24,23.36,0.01,36,84096,买盘
1588,11:01:21,23.35,--,3,7005,卖盘
1589,11:01:18,23.35,-0.01,4,9340,卖盘
1590,11:01:12,23.36,0.01,16,37376,买盘
1591,11:01:09,23.35,--,12,28020,买盘
1592,11:01:06,23.35,--,3,7005,买盘
1593,11:01:03,23.35,-0.01,2,4670,中性盘
1594,11:00:57,23.36,--,6,14016,买盘
1595,11:00:54,23.36,0.02,38,88768,买盘
1596,11:00:48,23.34,-0.02,43,100362,卖盘
1597,11:00:45,23.36,0.02,3,7008,中性盘
1598,11:00:36,23.34,-0.02,15,35010,卖盘
1599,11:00:33,23.36,--,8,18688,卖盘
1600,11:00:30,23.36,--,41,95776,买盘
1601,11:00:24,23.36,0.01,39,91104,买盘
1602,11:00:18,23.35,--,33,77055,卖盘
1603,11:00:12,23.35,--,4,9340,卖盘
1604,11:00:09,23.35,-0.01,10,23350,卖盘
1605,11:00:06,23.36,--,8,18688,买盘
1606,11:00:03,23.36,--,25,58400,买盘
1607,10:59:54,23.36,0.01,37,86432,买盘
1608,10:59:51,23.35,--,21,49035,卖盘
1609,10:59:42,23.35,0.01,1,2335,中性盘
1610,10:59:36,23.34,-0.01,20,46680,卖盘
1611,10:59:33,23.35,--,5,11675,卖盘
1612,10:59:30,23.35,--,6,14010,卖盘
1613,10:59:24,23.35,--,9,22229,买盘
1614,10:59:18,23.35,0.01,40,93400,买盘
1615,10:59:15,23.34,--,20,46680,卖盘
1616,10:59:03,23.34,-0.01,5,11670,卖盘
1617,10:58:54,23.35,--,36,84060,买盘
1618,10:58:39,23.35,--,17,39695,买盘
1619,10:58:36,23.35,--,83,193805,卖盘
1620,10:58:33,23.35,-0.01,106,247510,卖盘
1621,10:58:30,23.36,0.01,5,11680,买盘
1622,10:58:24,23.35,-0.01,49,114415,卖盘
1623,10:58:12,23.36,0.01,1,2336,买盘
1624,10:58:03,23.35,-0.01,14,32690,卖盘
1625,10:58:00,23.36,--,1,2336,买盘
1626,10:57:54,23.36,--,39,91104,买盘
1627,10:57:51,23.36,--,2,4672,买盘
1628,10:57:45,23.36,0.01,1,2336,买盘
1629,10:57:42,23.35,--,5,11675,卖盘
1630,10:57:33,23.35,--,5,11675,卖盘
1631,10:57:30,23.35,--,6,14010,卖盘
1632,10:57:24,23.35,--,18,42030,买盘
1633,10:57:09,23.35,-0.01,33,77055,卖盘
1634,10:57:06,23.36,0.01,20,46720,买盘
1635,10:57:03,23.35,--,8,18680,卖盘
1636,10:56:54,23.35,--,25,58375,买盘
1637,10:56:36,23.35,--,105,245175,买盘
1638,10:56:33,23.35,--,37,86395,买盘
1639,10:56:30,23.35,--,3,7005,买盘
1640,10:56:24,23.35,--,50,116750,买盘
1641,10:56:21,23.35,--,40,93400,买盘
1642,10:56:15,23.35,0.01,1,2335,买盘
1643,10:56:09,23.34,-0.01,3,7002,卖盘
1644,10:56:06,23.35,0.01,6,14010,买盘
1645,10:56:03,23.34,--,6,14004,卖盘
1646,10:56:00,23.34,--,2,4668,卖盘
1647,10:55:54,23.34,--,53,123702,卖盘
1648,10:55:48,23.34,-0.01,3,7002,卖盘
1649,10:55:45,23.35,0.01,31,72385,买盘
1650,10:55:42,23.34,--,13,30342,卖盘
1651,10:55:39,23.34,--,20,46680,卖盘
1652,10:55:36,23.34,--,5,11670,卖盘
1653,10:55:33,23.34,--,157,366438,买盘
1654,10:55:24,23.34,0.01,39,91026,买盘
1655,10:55:21,23.33,-0.01,30,69990,卖盘
1656,10:55:15,23.34,--,4,9336,卖盘
1657,10:55:12,23.34,--,3,7002,卖盘
1658,10:55:09,23.34,--,9,21006,买盘
1659,10:55:06,23.34,0.01,1,2334,买盘
1660,10:55:03,23.33,-0.01,7,16330,卖盘
1661,10:55:00,23.34,--,21,49014,卖盘
1662,10:54:54,23.34,--,12,28008,买盘
1663,10:54:51,23.34,--,7,16338,卖盘
1664,10:54:48,23.34,0.01,18,42012,中性盘
1665,10:54:42,23.33,-0.01,116,270628,卖盘
1666,10:54:39,23.34,--,21,49014,卖盘
1667,10:54:36,23.34,0.01,240,560160,买盘
1668,10:54:33,23.33,--,7,16330,卖盘
1669,10:54:30,23.33,--,24,55991,卖盘
1670,10:54:27,23.33,--,10,23330,卖盘
1671,10:54:24,23.33,--,38,88654,卖盘
1672,10:54:21,23.33,--,1,2333,卖盘
1673,10:54:18,23.33,-0.01,20,46660,卖盘
1674,10:54:12,23.34,--,2,4668,买盘
1675,10:54:09,23.34,--,4,9336,买盘
1676,10:54:06,23.34,0.01,13,30342,买盘
1677,10:54:03,23.33,-0.01,5,11665,卖盘
1678,10:54:00,23.34,--,123,287082,卖盘
1679,10:53:57,23.34,--,54,126036,卖盘
1680,10:53:54,23.34,--,59,137706,卖盘
1681,10:53:51,23.34,--,38,88692,卖盘
1682,10:53:48,23.34,--,30,70020,卖盘
1683,10:53:45,23.34,-0.01,34,79356,卖盘
1684,10:53:42,23.35,0.01,5,11675,买盘
1685,10:53:39,23.34,--,16,37344,卖盘
1686,10:53:36,23.34,--,24,56016,卖盘
1687,10:53:33,23.34,--,5,11670,卖盘
1688,10:53:30,23.34,-0.01,48,112032,卖盘
1689,10:53:24,23.35,--,37,86395,买盘
1690,10:53:09,23.35,-0.02,358,837307,卖盘
1691,10:53:06,23.37,0.01,79,184669,买盘
1692,10:53:03,23.36,-0.01,6,14016,卖盘
1693,10:53:00,23.37,0.01,70,163590,买盘
1694,10:52:57,23.36,--,76,177536,卖盘
1695,10:52:54,23.36,-0.01,74,172864,卖盘
1696,10:52:51,23.37,0.01,12,28044,买盘
1697,10:52:48,23.36,--,122,284992,卖盘
1698,10:52:45,23.36,-0.01,20,46720,卖盘
1699,10:52:39,23.37,0.01,4,9348,买盘
1700,10:52:36,23.36,--,11,25696,卖盘
1701,10:52:33,23.36,-0.01,5,11680,卖盘
1702,10:52:27,23.37,--,37,88759,卖盘
1703,10:52:24,23.37,--,5,11731,买盘
1704,10:52:21,23.37,--,22,51414,买盘
1705,10:52:18,23.37,--,4,9348,买盘
1706,10:52:12,23.37,--,8,19350,卖盘
1707,10:52:09,23.37,--,5,11685,卖盘
1708,10:52:06,23.37,--,42,98154,卖盘
1709,10:52:03,23.37,--,12,28044,卖盘
1710,10:51:57,23.37,--,18,42066,卖盘
1711,10:51:54,23.37,--,10,23370,卖盘
1712,10:51:51,23.37,--,5,11685,卖盘
1713,10:51:45,23.37,--,3,8693,买盘
1714,10:51:42,23.37,--,5,11685,买盘
1715,10:51:39,23.37,0.01,10,23370,买盘
1716,10:51:36,23.36,--,20,46720,卖盘
1717,10:51:33,23.36,-0.01,5,11680,卖盘
1718,10:51:30,23.37,0.01,4,9348,买盘
1719,10:51:27,23.36,-0.01,30,70080,卖盘
1720,10:51:24,23.37,0.01,96,224352,买盘
1721,10:51:21,23.36,--,107,249952,卖盘
1722,10:51:18,23.36,--,1,2336,卖盘
1723,10:51:15,23.36,-0.01,1,2336,卖盘
1724,10:51:06,23.37,0.01,1,2337,买盘
1725,10:51:03,23.36,--,25,58400,卖盘
1726,10:50:57,23.36,-0.01,22,51392,卖盘
1727,10:50:54,23.37,--,48,112176,买盘
1728,10:50:48,23.37,0.01,2,4674,买盘
1729,10:50:45,23.36,--,3,7008,卖盘
1730,10:50:42,23.36,--,10,25228,卖盘
1731,10:50:39,23.36,--,6,14016,卖盘
1732,10:50:36,23.36,--,12,28032,卖盘
1733,10:50:33,23.36,--,5,11680,卖盘
1734,10:50:30,23.36,--,34,79424,卖盘
1735,10:50:27,23.36,-0.01,36,84096,卖盘
1736,10:50:24,23.37,--,39,91143,买盘
1737,10:50:18,23.37,0.01,1,2337,买盘
1738,10:50:15,23.36,--,20,46720,卖盘
1739,10:50:12,23.36,-0.01,7,16352,卖盘
1740,10:50:09,23.37,0.01,5,11685,买盘
1741,10:50:06,23.36,0.01,28,66786,买盘
1742,10:50:03,23.35,-0.01,36,84060,卖盘
1743,10:50:00,23.36,--,3,7008,买盘
1744,10:49:57,23.36,--,5,11680,买盘
1745,10:49:54,23.36,--,39,91104,买盘
1746,10:49:51,23.36,--,3,7008,买盘
1747,10:49:45,23.36,0.01,43,100448,买盘
1748,10:49:42,23.35,--,10,23350,卖盘
1749,10:49:39,23.35,--,30,70050,卖盘
1750,10:49:36,23.35,--,13,30355,卖盘
1751,10:49:33,23.35,--,10,23350,卖盘
1752,10:49:27,23.35,--,317,740195,买盘
1753,10:49:24,23.35,0.01,36,84060,买盘
1754,10:49:21,23.34,-0.01,5,11670,卖盘
1755,10:49:18,23.35,0.01,46,107410,买盘
1756,10:49:06,23.34,--,9,21006,卖盘
1757,10:49:03,23.34,-0.01,20,46680,卖盘
1758,10:49:00,23.35,0.01,2,4670,买盘
1759,10:48:57,23.34,--,3,7002,卖盘
1760,10:48:54,23.34,--,44,102696,卖盘
1761,10:48:51,23.34,-0.01,9,21006,卖盘
1762,10:48:45,23.35,0.01,2,4670,买盘
1763,10:48:42,23.34,--,68,158712,卖盘
1764,10:48:39,23.34,--,5,11670,卖盘
1765,10:48:36,23.34,--,6,14004,卖盘
1766,10:48:33,23.34,--,13,30342,卖盘
1767,10:48:24,23.34,-0.01,43,100362,卖盘
1768,10:48:12,23.35,--,28,65380,卖盘
1769,10:48:09,23.35,--,36,84060,卖盘
1770,10:48:03,23.35,-0.01,175,408625,卖盘
1771,10:47:57,23.36,0.01,103,240608,买盘
1772,10:47:54,23.35,-0.01,77,179795,卖盘
1773,10:47:51,23.36,--,2,4672,买盘
1774,10:47:48,23.36,--,15,35040,买盘
1775,10:47:45,23.36,--,293,684448,买盘
1776,10:47:42,23.36,0.01,10,23360,买盘
1777,10:47:39,23.35,--,5,11675,卖盘
1778,10:47:33,23.35,--,51,119085,卖盘
1779,10:47:30,23.35,--,3,7005,卖盘
1780,10:47:27,23.35,--,5,11675,卖盘
1781,10:47:21,23.35,0.01,163,380605,买盘
1782,10:47:18,23.34,-0.01,11,25674,卖盘
1783,10:47:15,23.35,0.01,204,476340,买盘
1784,10:47:12,23.34,--,1,2334,卖盘
1785,10:47:09,23.34,--,2,4668,卖盘
1786,10:47:06,23.34,--,6,14004,卖盘
1787,10:47:00,23.34,--,29,67686,卖盘
1788,10:46:57,23.34,0.01,32,74688,买盘
1789,10:46:54,23.33,--,76,177308,卖盘
1790,10:46:51,23.33,-0.01,1,2333,卖盘
1791,10:46:45,23.34,0.01,28,65352,买盘
1792,10:46:42,23.33,-0.01,40,93320,卖盘
1793,10:46:39,23.34,0.01,23,53682,买盘
1794,10:46:36,23.33,--,8,18664,卖盘
1795,10:46:33,23.33,--,11,25662,卖盘
1796,10:46:30,23.33,--,4,9332,卖盘
1797,10:46:27,23.33,--,3,6998,卖盘
1798,10:46:21,23.33,--,10,23330,卖盘
1799,10:46:15,23.33,--,6,13997,卖盘
1800,10:46:09,23.33,--,5,11665,卖盘
1801,10:46:06,23.33,--,5,11665,卖盘
1802,10:46:03,23.33,--,15,34995,卖盘
1803,10:46:00,23.33,--,10,23330,卖盘
1804,10:45:57,23.33,--,1,2333,卖盘
1805,10:45:54,23.33,--,1,2333,卖盘
1806,10:45:48,23.33,--,106,247297,卖盘
1807,10:45:45,23.33,--,13,30328,卖盘
1808,10:45:42,23.33,-0.01,7,16330,卖盘
1809,10:45:39,23.34,0.01,100,233400,买盘
1810,10:45:36,23.33,--,10,23330,卖盘
1811,10:45:33,23.33,0.01,8,18664,买盘
1812,10:45:27,23.32,--,2,4664,卖盘
1813,10:45:24,23.32,-0.01,7,16324,卖盘
1814,10:45:21,23.33,-0.01,2,4666,中性盘
1815,10:45:15,23.34,0.02,540,1260360,买盘
1816,10:45:12,23.32,-0.01,20,46640,卖盘
1817,10:45:09,23.33,0.01,5,11665,买盘
1818,10:45:06,23.32,-0.01,59,137588,卖盘
1819,10:44:57,23.33,0.01,1,2333,买盘
1820,10:44:51,23.32,-0.01,4,9328,卖盘
1821,10:44:48,23.33,0.01,11,25662,买盘
1822,10:44:45,23.32,--,5,11660,卖盘
1823,10:44:42,23.32,--,9,20988,卖盘
1824,10:44:36,23.32,--,15,34980,卖盘
1825,10:44:33,23.32,--,10,23320,卖盘
1826,10:44:27,23.32,--,11,25652,卖盘
1827,10:44:21,23.32,--,3,6996,卖盘
1828,10:44:18,23.32,-0.02,12,27984,卖盘
1829,10:44:12,23.34,0.03,42,98028,买盘
1830,10:44:06,23.31,--,15,34965,卖盘
1831,10:44:03,23.31,-0.03,1,2331,卖盘
1832,10:44:00,23.34,0.03,201,469134,买盘
1833,10:43:54,23.31,-0.01,15,34965,中性盘
1834,10:43:45,23.32,--,6,13992,买盘
1835,10:43:42,23.32,--,10,23320,买盘
1836,10:43:36,23.32,0.01,8,18656,买盘
1837,10:43:33,23.31,--,8,18648,买盘
1838,10:43:30,23.31,-0.01,492,1146852,卖盘
1839,10:43:27,23.32,--,4,9328,卖盘
1840,10:43:24,23.32,-0.01,10,23320,卖盘
1841,10:43:21,23.33,0.01,9,20997,买盘
1842,10:43:18,23.32,-0.01,5,11660,中性盘
1843,10:43:12,23.33,0.02,148,345284,买盘
1844,10:43:06,23.31,--,5,11655,卖盘
1845,10:43:03,23.31,-0.01,45,104895,卖盘
1846,10:42:57,23.32,--,100,233200,买盘
1847,10:42:42,23.32,--,32,74624,卖盘
1848,10:42:36,23.32,--,26,60632,卖盘
1849,10:42:33,23.32,--,10,23320,卖盘
1850,10:42:30,23.32,--,10,23320,卖盘
1851,10:42:27,23.32,--,9,20988,买盘
1852,10:42:09,23.32,--,2,4664,卖盘
1853,10:42:06,23.32,--,9,20988,卖盘
1854,10:42:03,23.32,0.01,89,207548,买盘
1855,10:41:51,23.31,--,12,27972,卖盘
1856,10:41:48,23.31,0.01,24,55944,买盘
1857,10:41:39,23.3,--,7,16310,卖盘
1858,10:41:36,23.3,-0.01,5,11650,卖盘
1859,10:41:30,23.31,0.01,153,356643,买盘
1860,10:41:27,23.3,-0.01,10,23300,卖盘
1861,10:41:24,23.31,--,10,23310,买盘
1862,10:41:21,23.31,--,40,93240,买盘
1863,10:41:18,23.31,--,30,69930,买盘
1864,10:41:12,23.31,0.01,20,46620,买盘
1865,10:41:06,23.3,-0.01,5,11650,卖盘
1866,10:40:54,23.31,0.01,1,2331,买盘
1867,10:40:48,23.3,--,20,46600,卖盘
1868,10:40:42,23.3,0.01,98,228340,买盘
1869,10:40:36,23.29,--,10,23290,卖盘
1870,10:40:30,23.29,--,30,69870,卖盘
1871,10:40:18,23.29,0.01,181,421549,买盘
1872,10:40:15,23.28,-0.01,199,463272,卖盘
1873,10:40:09,23.29,--,63,146727,买盘
1874,10:40:06,23.29,--,13,30277,卖盘
1875,10:40:00,23.29,--,10,23290,卖盘
1876,10:39:57,23.29,0.01,21,48909,买盘
1877,10:39:39,23.28,--,7,16296,卖盘
1878,10:39:36,23.28,--,13,30264,卖盘
1879,10:39:30,23.28,-0.01,50,116400,卖盘
1880,10:39:27,23.29,0.01,50,116450,买盘
1881,10:39:21,23.28,-0.01,1,2328,卖盘
1882,10:39:18,23.29,--,10,23290,买盘
1883,10:39:06,23.29,--,14,32606,卖盘
1884,10:38:57,23.29,--,239,556631,买盘
1885,10:38:51,23.29,0.01,1,2329,买盘
1886,10:38:36,23.28,-0.01,20,46560,卖盘
1887,10:38:33,23.29,--,20,46580,买盘
1888,10:38:27,23.29,--,10,23290,买盘
1889,10:38:21,23.29,--,36,83844,卖盘
1890,10:38:06,23.29,--,9,20961,卖盘
1891,10:38:03,23.29,-0.01,1,2329,卖盘
1892,10:37:51,23.3,--,2,4660,卖盘
1893,10:37:48,23.3,--,8,18640,卖盘
1894,10:37:45,23.3,--,2,4660,卖盘
1895,10:37:36,23.3,-0.01,22,51260,卖盘
1896,10:37:33,23.31,0.01,8,18648,买盘
1897,10:37:30,23.3,-0.01,9,20970,卖盘
1898,10:37:27,23.31,--,22,51282,卖盘
1899,10:37:24,23.31,--,5,11655,卖盘
1900,10:37:18,23.31,-0.01,27,62937,买盘
1901,10:37:12,23.32,0.01,15,34980,买盘
1902,10:37:06,23.31,--,4,9324,卖盘
1903,10:37:03,23.31,--,20,46620,卖盘
1904,10:36:36,23.31,-0.01,6,13986,卖盘
1905,10:36:30,23.32,--,6,13992,卖盘
1906,10:36:27,23.32,--,18,41976,卖盘
1907,10:36:24,23.32,-0.01,49,114268,卖盘
1908,10:36:21,23.33,0.01,10,23330,买盘
1909,10:36:15,23.32,--,20,46640,卖盘
1910,10:36:12,23.32,--,8,18656,卖盘
1911,10:36:09,23.32,-0.01,22,51304,卖盘
1912,10:36:06,23.33,0.01,45,104984,买盘
1913,10:36:03,23.32,-0.01,1,2332,卖盘
1914,10:35:57,23.33,0.01,1,2333,买盘
1915,10:35:54,23.32,--,84,195888,卖盘
1916,10:35:45,23.32,--,22,51304,卖盘
1917,10:35:42,23.32,--,170,396440,卖盘
1918,10:35:39,23.32,--,2,4664,卖盘
1919,10:35:36,23.32,--,6,13992,卖盘
1920,10:35:33,23.32,--,5,11660,卖盘
1921,10:35:30,23.32,0.01,88,205216,买盘
1922,10:35:24,23.31,-0.01,10,23310,卖盘
1923,10:35:21,23.32,--,3,6996,买盘
1924,10:35:18,23.32,--,75,174900,卖盘
1925,10:35:12,23.32,--,20,46640,卖盘
1926,10:35:09,23.32,-0.01,20,46640,卖盘
1927,10:35:06,23.33,0.01,6,13997,买盘
1928,10:35:03,23.32,-0.01,9,20988,卖盘
1929,10:35:00,23.33,0.01,20,46660,买盘
1930,10:34:51,23.32,-0.01,3,6996,中性盘
1931,10:34:48,23.33,0.01,46,107317,买盘
1932,10:34:45,23.32,--,15,34980,买盘
1933,10:34:42,23.32,--,62,144584,卖盘
1934,10:34:39,23.32,-0.01,1,2332,卖盘
1935,10:34:36,23.33,0.01,3,6998,卖盘
1936,10:34:30,23.32,--,74,172568,卖盘
1937,10:34:27,23.32,-0.01,66,153912,卖盘
1938,10:34:24,23.33,0.01,53,123648,买盘
1939,10:34:18,23.32,--,105,244860,卖盘
1940,10:34:15,23.32,-0.01,150,349800,卖盘
1941,10:34:12,23.33,--,16,37328,买盘
1942,10:34:09,23.33,0.01,13,30328,买盘
1943,10:34:06,23.32,--,37,86284,卖盘
1944,10:34:00,23.32,--,152,354464,卖盘
1945,10:33:57,23.32,-0.01,26,60632,卖盘
1946,10:33:54,23.33,0.01,82,191306,买盘
1947,10:33:51,23.32,--,10,23320,卖盘
1948,10:33:48,23.32,-0.01,3,6996,卖盘
1949,10:33:45,23.33,0.01,10,23330,买盘
1950,10:33:42,23.32,--,52,121264,卖盘
1951,10:33:39,23.32,--,30,69960,卖盘
1952,10:33:36,23.32,--,12,27984,卖盘
1953,10:33:33,23.32,-0.01,20,46640,卖盘
1954,10:33:30,23.33,--,20,46660,卖盘
1955,10:33:27,23.33,-0.01,5,11665,卖盘
1956,10:33:24,23.34,0.02,13,30342,买盘
1957,10:33:18,23.32,-0.02,12,27984,卖盘
1958,10:33:15,23.34,--,7,16338,买盘
1959,10:33:09,23.34,--,3,7002,买盘
1960,10:33:06,23.34,0.01,42,98028,买盘
1961,10:33:03,23.33,-0.01,171,398942,卖盘
1962,10:33:00,23.34,--,95,221730,卖盘
1963,10:32:57,23.34,-0.01,34,79356,卖盘
1964,10:32:54,23.35,--,94,219490,卖盘
1965,10:32:51,23.35,-0.02,13,30355,卖盘
1966,10:32:48,23.37,0.02,133,310821,买盘
1967,10:32:45,23.35,--,11,25685,卖盘
1968,10:32:42,23.35,--,50,116750,卖盘
1969,10:32:39,23.35,--,7,16345,卖盘
1970,10:32:36,23.35,--,5,11675,卖盘
1971,10:32:33,23.35,-0.01,138,322230,卖盘
1972,10:32:30,23.36,0.01,12,28032,买盘
1973,10:32:24,23.35,0.01,29,67715,买盘
1974,10:32:21,23.34,-0.01,3,7002,卖盘
1975,10:32:18,23.35,0.01,15,35025,买盘
1976,10:32:15,23.34,--,13,30342,卖盘
1977,10:32:12,23.34,--,2,4668,卖盘
1978,10:32:09,23.34,-0.01,4,9336,卖盘
1979,10:32:06,23.35,0.02,52,121420,买盘
1980,10:32:03,23.33,--,10,23330,卖盘
1981,10:32:00,23.33,--,12,27995,卖盘
1982,10:31:57,23.33,--,18,41994,卖盘
1983,10:31:54,23.33,--,60,139980,买盘
1984,10:31:51,23.33,0.01,30,69990,买盘
1985,10:31:48,23.32,-0.01,141,328812,卖盘
1986,10:31:45,23.33,--,22,51325,卖盘
1987,10:31:42,23.33,0.02,247,576251,买盘
1988,10:31:39,23.31,--,1,2331,卖盘
1989,10:31:36,23.31,--,40,93240,卖盘
1990,10:31:33,23.31,--,1,2331,卖盘
1991,10:31:30,23.31,-0.01,2,4662,卖盘
1992,10:31:27,23.32,--,12,27984,买盘
1993,10:31:24,23.32,0.02,12,27984,买盘
1994,10:31:21,23.3,-0.01,31,72230,卖盘
1995,10:31:18,23.31,--,2,4662,卖盘
1996,10:31:15,23.31,0.01,11,25641,中性盘
1997,10:31:03,23.3,0.07,1560,3636454,买盘
1998,10:31:00,23.23,0.01,104,241615,买盘
1999,10:30:57,23.22,-0.01,4,9288,中性盘
2000,10:30:39,23.23,--,80,185840,买盘
2001,10:30:36,23.23,0.02,113,262499,买盘
2002,10:30:24,23.21,-0.01,38,88198,中性盘
2003,10:30:21,23.22,0.01,109,253098,买盘
2004,10:30:18,23.21,--,50,116050,买盘
2005,10:30:15,23.21,--,36,84136,买盘
2006,10:30:12,23.21,--,20,46420,买盘
2007,10:30:09,23.21,0.01,95,220495,买盘
2008,10:30:06,23.2,-0.01,5,11600,卖盘
2009,10:29:57,23.21,--,50,116050,买盘
2010,10:29:51,23.21,--,1,2321,买盘
2011,10:29:45,23.21,0.01,31,71951,买盘
2012,10:29:42,23.2,--,10,23200,卖盘
2013,10:29:36,23.2,--,5,11600,卖盘
2014,10:29:24,23.2,--,76,176320,买盘
2015,10:29:15,23.2,--,26,60320,买盘
2016,10:29:12,23.2,0.01,6,13920,买盘
2017,10:29:06,23.19,--,15,34785,卖盘
2018,10:28:57,23.19,-0.01,13,30147,卖盘
2019,10:28:54,23.2,-0.01,40,92800,卖盘
2020,10:28:45,23.21,0.01,27,62667,买盘
2021,10:28:42,23.2,--,6,13920,买盘
2022,10:28:39,23.2,--,5,11600,买盘
2023,10:28:36,23.2,0.01,6,13920,卖盘
2024,10:28:33,23.19,-0.01,104,241176,卖盘
2025,10:28:30,23.2,--,11,25520,卖盘
2026,10:28:24,23.2,0.01,55,127600,买盘
2027,10:28:21,23.19,-0.01,6,13914,卖盘
2028,10:28:15,23.2,--,28,64960,买盘
2029,10:28:09,23.2,0.01,17,39440,买盘
2030,10:28:06,23.19,-0.01,6,13914,卖盘
2031,10:28:00,23.2,-0.01,5,11600,卖盘
2032,10:27:57,23.21,0.01,3,6963,买盘
2033,10:27:51,23.2,--,9,20880,卖盘
2034,10:27:48,23.2,--,50,116000,卖盘
2035,10:27:45,23.2,--,6,13920,卖盘
2036,10:27:39,23.2,0.01,5,11600,买盘
2037,10:27:36,23.19,-0.02,4,9276,卖盘
2038,10:27:33,23.21,0.01,24,55704,买盘
2039,10:27:30,23.2,--,10,23200,卖盘
2040,10:27:21,23.2,--,10,23200,卖盘
2041,10:27:18,23.2,--,11,25520,卖盘
2042,10:27:09,23.2,0.01,3,6960,买盘
2043,10:27:06,23.19,-0.01,5,11595,卖盘
2044,10:27:03,23.2,0.01,2,4640,中性盘
2045,10:26:54,23.19,--,35,81165,卖盘
2046,10:26:51,23.19,-0.01,610,1414590,卖盘
2047,10:26:48,23.2,--,55,127600,买盘
2048,10:26:45,23.2,--,26,60320,买盘
2049,10:26:42,23.2,0.01,200,464000,买盘
2050,10:26:36,23.19,--,5,11595,卖盘
2051,10:26:33,23.19,-0.01,393,911367,卖盘
2052,10:26:15,23.2,0.01,27,62640,买盘
2053,10:26:12,23.19,--,131,303789,卖盘
2054,10:26:09,23.19,--,35,81165,卖盘
2055,10:26:06,23.19,-0.01,5,11595,卖盘
2056,10:25:54,23.2,--,20,46400,买盘
2057,10:25:48,23.2,0.01,33,76560,买盘
2058,10:25:45,23.19,-0.01,32,74208,卖盘
2059,10:25:36,23.2,--,77,178640,买盘
2060,10:25:21,23.2,0.01,2,4640,买盘
2061,10:25:18,23.19,-0.01,130,301470,卖盘
2062,10:25:15,23.2,0.01,32,74240,买盘
2063,10:25:06,23.19,--,5,11595,卖盘
2064,10:25:03,23.19,-0.01,4,9276,卖盘
2065,10:24:54,23.2,--,10,23200,买盘
2066,10:24:45,23.2,--,27,62640,买盘
2067,10:24:42,23.2,--,10,23200,买盘
2068,10:24:39,23.2,0.01,30,69600,买盘
2069,10:24:36,23.19,--,55,127545,卖盘
2070,10:24:33,23.19,--,3,6957,卖盘
2071,10:24:27,23.19,--,2,4638,卖盘
2072,10:24:21,23.19,--,15,34785,卖盘
2073,10:24:18,23.19,--,1,2319,卖盘
2074,10:24:15,23.19,-0.01,32,74208,卖盘
2075,10:24:12,23.2,0.01,3,6960,买盘
2076,10:24:06,23.19,--,5,11595,卖盘
2077,10:23:48,23.19,-0.01,10,23190,卖盘
2078,10:23:45,23.2,0.01,26,60320,买盘
2079,10:23:42,23.19,--,26,60294,卖盘
2080,10:23:36,23.19,--,5,11595,卖盘
2081,10:23:24,23.19,-0.01,11,25509,卖盘
2082,10:23:21,23.2,--,15,34800,买盘
2083,10:23:15,23.2,--,26,60320,买盘
2084,10:23:12,23.2,--,7,16240,买盘
2085,10:23:09,23.2,--,42,97440,买盘
2086,10:23:06,23.2,--,102,236640,卖盘
2087,10:22:51,23.2,--,11,25520,卖盘
2088,10:22:42,23.2,--,14,32480,卖盘
2089,10:22:39,23.2,0.01,11,25520,买盘
2090,10:22:36,23.19,-0.01,5,11595,卖盘
2091,10:22:33,23.2,--,10,23200,卖盘
2092,10:22:27,23.2,--,12,27840,卖盘
2093,10:22:24,23.2,--,10,23200,卖盘
2094,10:22:21,23.2,--,2,4640,卖盘
2095,10:22:15,23.2,--,28,64960,卖盘
2096,10:22:12,23.2,-0.01,10,23200,卖盘
2097,10:22:09,23.21,0.01,54,125334,买盘
2098,10:22:06,23.2,--,1,2320,卖盘
2099,10:22:03,23.2,--,10,23200,卖盘
2100,10:22:00,23.2,--,2,4640,卖盘
2101,10:21:54,23.2,--,5,11600,卖盘
2102,10:21:51,23.2,-0.01,48,111360,卖盘
2103,10:21:45,23.21,0.01,28,64988,买盘
2104,10:21:42,23.2,--,40,92800,卖盘
2105,10:21:36,23.2,--,5,11600,卖盘
2106,10:21:33,23.2,--,100,232000,卖盘
2107,10:21:30,23.2,--,10,23200,卖盘
2108,10:21:27,23.2,--,1,2320,卖盘
2109,10:21:18,23.2,-0.01,27,62640,卖盘
2110,10:21:15,23.21,0.01,27,62667,买盘
2111,10:21:09,23.2,--,10,23200,卖盘
2112,10:21:06,23.2,-0.01,5,11600,卖盘
2113,10:21:03,23.21,0.01,5,11605,买盘
2114,10:21:00,23.2,-0.01,1,2320,卖盘
2115,10:20:54,23.21,0.01,10,23210,买盘
2116,10:20:51,23.2,--,50,116000,卖盘
2117,10:20:48,23.2,-0.01,60,139200,卖盘
2118,10:20:45,23.21,--,69,160149,买盘
2119,10:20:36,23.21,0.01,9,20889,买盘
2120,10:20:33,23.2,--,2,4640,卖盘
2121,10:20:30,23.2,-0.01,10,23200,卖盘
2122,10:20:27,23.21,--,1,2321,买盘
2123,10:20:15,23.21,--,26,60346,买盘
2124,10:20:09,23.21,0.01,16,37136,买盘
2125,10:20:06,23.2,--,120,278400,卖盘
2126,10:20:03,23.2,-0.01,1,2320,卖盘
2127,10:19:57,23.21,--,31,71951,买盘
2128,10:19:48,23.21,0.01,1,2321,买盘
2129,10:19:45,23.2,0.01,28,64960,买盘
2130,10:19:36,23.19,-0.01,6,13914,卖盘
2131,10:19:30,23.2,--,70,162400,买盘
2132,10:19:27,23.2,--,10,23200,买盘
2133,10:19:24,23.2,--,10,23200,买盘
2134,10:19:21,23.2,--,1,2320,买盘
2135,10:19:15,23.2,--,26,60320,买盘
2136,10:19:09,23.2,0.01,42,97440,买盘
2137,10:19:06,23.19,--,10,23190,卖盘
2138,10:19:03,23.19,-0.01,4,9276,卖盘
2139,10:19:00,23.2,--,26,60320,中性盘
2140,10:18:45,23.2,0.01,27,62640,买盘
2141,10:18:36,23.19,--,5,11595,卖盘
2142,10:18:33,23.19,--,10,23190,卖盘
2143,10:18:24,23.19,-0.01,10,23190,卖盘
2144,10:18:18,23.2,--,21,48720,卖盘
2145,10:18:15,23.2,0.01,15,34800,买盘
2146,10:18:06,23.19,--,15,34785,卖盘
2147,10:18:00,23.19,-0.01,12,27828,卖盘
2148,10:17:57,23.2,--,3,6960,买盘
2149,10:17:54,23.2,--,106,245920,买盘
2150,10:17:51,23.2,--,12,27840,卖盘
2151,10:17:48,23.2,--,51,118320,买盘
2152,10:17:45,23.2,--,37,85840,买盘
2153,10:17:42,23.2,0.01,2,4640,买盘
2154,10:17:39,23.19,--,64,148416,卖盘
2155,10:17:36,23.19,-0.01,5,11595,卖盘
2156,10:17:27,23.2,--,61,141520,买盘
2157,10:17:21,23.2,0.01,76,176320,买盘
2158,10:17:15,23.19,-0.01,39,90441,卖盘
2159,10:17:12,23.2,--,15,34800,卖盘
2160,10:17:09,23.2,0.01,13,30160,买盘
2161,10:17:06,23.19,-0.01,5,11595,卖盘
2162,10:17:03,23.2,--,7,16240,买盘
2163,10:16:57,23.2,0.01,7,16240,买盘
2164,10:16:54,23.19,-0.01,5,11595,卖盘
2165,10:16:51,23.2,0.01,2,4640,买盘
2166,10:16:48,23.19,--,11,25509,卖盘
2167,10:16:45,23.19,0.01,5,11595,买盘
2168,10:16:42,23.18,--,10,23180,卖盘
2169,10:16:39,23.18,-0.02,10,23180,卖盘
2170,10:16:33,23.2,--,3,6960,买盘
2171,10:16:27,23.2,-0.01,10,23200,中性盘
2172,10:16:24,23.21,0.01,10,23210,买盘
2173,10:16:21,23.2,-0.01,6,13920,卖盘
2174,10:16:18,23.21,--,50,116050,买盘
2175,10:16:15,23.21,0.01,59,136939,买盘
2176,10:16:12,23.2,--,64,148480,卖盘
2177,10:16:09,23.2,--,5,11600,卖盘
2178,10:16:06,23.2,--,11,25520,卖盘
2179,10:16:03,23.2,--,9,20880,卖盘
2180,10:15:57,23.2,--,5,11600,卖盘
2181,10:15:54,23.2,-0.01,122,283040,买盘
2182,10:15:45,23.21,0.01,90,208890,买盘
2183,10:15:42,23.2,--,246,571856,卖盘
2184,10:15:39,23.2,--,33,76560,卖盘
2185,10:15:36,23.2,-0.01,105,243600,卖盘
2186,10:15:33,23.21,0.01,4,9284,买盘
2187,10:15:30,23.2,--,109,252880,卖盘
2188,10:15:27,23.2,--,133,308560,卖盘
2189,10:15:24,23.2,-0.01,41,95120,卖盘
2190,10:15:18,23.21,0.01,35,81235,买盘
2191,10:15:15,23.2,--,37,85840,卖盘
2192,10:15:09,23.2,--,105,243600,卖盘
2193,10:15:06,23.2,--,27,62640,卖盘
2194,10:15:03,23.2,0.03,512,1189023,买盘
2195,10:14:54,23.17,-0.01,30,69510,卖盘
2196,10:14:45,23.18,-0.02,5,11590,中性盘
2197,10:14:27,23.2,--,2,4640,买盘
2198,10:14:18,23.2,--,10,23200,买盘
2199,10:14:15,23.2,--,26,60320,买盘
2200,10:14:12,23.2,--,57,133376,卖盘
2201,10:14:06,23.2,--,6,13920,卖盘
2202,10:14:03,23.2,--,1,2320,卖盘
2203,10:14:00,23.2,0.03,436,1012703,买盘
2204,10:13:45,23.17,0.01,26,60242,买盘
2205,10:13:42,23.16,--,42,97272,卖盘
2206,10:13:39,23.16,--,59,136644,卖盘
2207,10:13:36,23.16,-0.01,26,60216,卖盘
2208,10:13:30,23.17,--,10,23170,买盘
2209,10:13:15,23.17,0.01,37,85729,买盘
2210,10:13:06,23.16,--,22,50952,卖盘
2211,10:12:54,23.16,--,1,2316,卖盘
2212,10:12:48,23.16,-0.01,3,6948,卖盘
2213,10:12:45,23.17,0.01,30,69510,买盘
2214,10:12:36,23.16,0.01,15,34740,中性盘
2215,10:12:30,23.15,-0.01,20,46300,卖盘
2216,10:12:24,23.16,--,13,30108,买盘
2217,10:12:18,23.16,--,10,23160,买盘
2218,10:12:09,23.16,0.01,20,46320,买盘
2219,10:12:06,23.15,--,5,11575,卖盘
2220,10:12:00,23.15,-0.01,1,2315,卖盘
2221,10:11:57,23.16,--,1,2316,买盘
2222,10:11:51,23.16,--,4,9264,买盘
2223,10:11:39,23.16,0.02,2,4632,买盘
2224,10:11:36,23.14,--,5,11570,卖盘
2225,10:11:30,23.14,--,160,371906,卖盘
2226,10:11:24,23.14,-0.01,205,474370,卖盘
2227,10:11:21,23.15,-0.02,15,34725,卖盘
2228,10:11:15,23.17,0.01,3,6951,买盘
2229,10:11:09,23.16,0.01,35,81060,买盘
2230,10:11:06,23.15,-0.01,5,11575,卖盘
2231,10:11:03,23.16,--,50,115800,买盘
2232,10:10:54,23.16,0.01,13,30108,买盘
2233,10:10:51,23.15,--,15,34725,卖盘
2234,10:10:48,23.15,-0.01,10,23150,卖盘
2235,10:10:45,23.16,--,50,115800,买盘
2236,10:10:39,23.16,--,61,141276,买盘
2237,10:10:36,23.16,0.01,7,16212,买盘
2238,10:10:12,23.15,--,10,23150,卖盘
2239,10:10:06,23.15,--,5,11575,卖盘
2240,10:10:03,23.15,--,55,127324,买盘
2241,10:10:00,23.15,0.01,8,18520,买盘
2242,10:09:54,23.14,--,250,578500,卖盘
2243,10:09:51,23.14,--,10,23140,卖盘
2244,10:09:48,23.14,-0.03,10,23140,卖盘
2245,10:09:45,23.17,0.03,82,189994,买盘
2246,10:09:39,23.14,-0.01,20,46280,卖盘
2247,10:09:36,23.15,-0.01,5,11575,中性盘
2248,10:09:15,23.16,0.01,100,231600,买盘
2249,10:09:12,23.15,0.01,10,23150,买盘
2250,10:09:06,23.14,--,5,11570,卖盘
2251,10:09:03,23.14,-0.01,1,2314,卖盘
2252,10:09:00,23.15,0.01,2,4630,买盘
2253,10:08:57,23.14,-0.01,12,27768,卖盘
2254,10:08:54,23.15,--,3,7870,卖盘
2255,10:08:51,23.15,-0.01,30,69450,卖盘
2256,10:08:39,23.16,0.01,32,74112,买盘
2257,10:08:36,23.15,-0.01,98,226870,卖盘
2258,10:08:33,23.16,--,10,23160,卖盘
2259,10:08:27,23.16,0.01,10,23160,中性盘
2260,10:08:21,23.15,-0.02,5,11575,卖盘
2261,10:08:18,23.17,0.02,82,189994,买盘
2262,10:08:15,23.15,-0.01,1,2315,卖盘
2263,10:08:12,23.16,0.01,15,34740,买盘
2264,10:08:06,23.15,--,21,50467,卖盘
2265,10:08:03,23.15,--,7,16204,卖盘
2266,10:08:00,23.15,-0.01,62,145382,卖盘
2267,10:07:57,23.16,0.01,32,74112,买盘
2268,10:07:54,23.15,--,10,23150,卖盘
2269,10:07:51,23.15,-0.01,8,18520,卖盘
2270,10:07:45,23.16,--,11,25476,买盘
2271,10:07:36,23.16,--,9,22951,卖盘
2272,10:07:33,23.16,--,41,95164,买盘
2273,10:07:27,23.16,--,74,173491,卖盘
2274,10:07:24,23.16,--,6,14104,卖盘
2275,10:07:21,23.16,-0.01,2,4632,卖盘
2276,10:07:15,23.17,--,5,11585,买盘
2277,10:07:12,23.17,0.01,5,11585,买盘
2278,10:07:06,23.16,-0.01,5,11580,卖盘
2279,10:07:03,23.17,--,71,164507,卖盘
2280,10:07:00,23.17,--,10,23170,卖盘
2281,10:06:54,23.17,-0.01,12,27804,卖盘
2282,10:06:51,23.18,0.01,35,81130,买盘
2283,10:06:48,23.17,--,167,386939,买盘
2284,10:06:45,23.17,--,20,46340,买盘
2285,10:06:42,23.17,--,120,278040,卖盘
2286,10:06:36,23.17,--,6,13902,卖盘
2287,10:06:33,23.17,-0.01,13,30121,卖盘
2288,10:06:27,23.18,--,2,4636,买盘
2289,10:06:24,23.18,--,5,11590,买盘
2290,10:06:21,23.18,0.01,38,88084,买盘
2291,10:06:12,23.17,--,8,18536,卖盘
2292,10:06:09,23.17,--,1,2317,卖盘
2293,10:06:06,23.17,0.02,5,11585,卖盘
2294,10:06:03,23.15,-0.02,100,231500,卖盘
2295,10:05:57,23.17,--,15,34755,卖盘
2296,10:05:54,23.17,-0.01,5,11585,中性盘
2297,10:05:51,23.18,--,33,76494,买盘
2298,10:05:48,23.18,0.01,4,9272,买盘
2299,10:05:45,23.17,-0.01,8,18651,卖盘
2300,10:05:42,23.18,--,14,32452,买盘
2301,10:05:39,23.18,0.01,80,185440,买盘
2302,10:05:36,23.17,-0.01,5,11585,卖盘
2303,10:05:33,23.18,0.01,100,231800,买盘
2304,10:05:27,23.17,--,10,23170,卖盘
2305,10:05:21,23.17,-0.01,15,34755,卖盘
2306,10:05:18,23.18,--,36,83448,买盘
2307,10:05:12,23.18,0.01,2,4636,中性盘
2308,10:05:03,23.17,-0.01,20,46340,卖盘
2309,10:05:00,23.18,--,30,69540,卖盘
2310,10:04:57,23.18,--,58,136646,买盘
2311,10:04:51,23.18,0.02,78,180804,买盘
2312,10:04:48,23.16,--,32,74112,卖盘
2313,10:04:39,23.16,-0.02,24,55584,卖盘
2314,10:04:33,23.18,--,65,150670,买盘
2315,10:04:30,23.18,--,102,236436,买盘
2316,10:04:27,23.18,--,5,11590,买盘
2317,10:04:18,23.18,--,46,106628,买盘
2318,10:04:15,23.18,0.01,8,18544,买盘
2319,10:04:12,23.17,--,5,11585,卖盘
2320,10:04:09,23.17,--,4,9268,卖盘
2321,10:04:06,23.17,-0.01,10,23170,卖盘
2322,10:04:03,23.18,--,52,120536,买盘
2323,10:03:57,23.18,-0.01,13,30249,卖盘
2324,10:03:54,23.19,-0.01,2,4638,中性盘
2325,10:03:48,23.2,--,363,844364,买盘
2326,10:03:45,23.2,0.01,50,116000,买盘
2327,10:03:42,23.19,--,19,44061,卖盘
2328,10:03:39,23.19,--,2,4638,卖盘
2329,10:03:36,23.19,--,5,11595,卖盘
2330,10:03:33,23.19,--,4,9276,买盘
2331,10:03:30,23.19,-0.01,1,2319,买盘
2332,10:03:24,23.2,0.02,20,46400,买盘
2333,10:03:21,23.18,-0.01,70,162260,卖盘
2334,10:03:18,23.19,--,5,11595,卖盘
2335,10:03:12,23.19,0.01,10,23190,买盘
2336,10:03:09,23.18,-0.02,10,23180,卖盘
2337,10:03:03,23.2,0.01,169,392080,买盘
2338,10:03:00,23.19,--,17,39423,买盘
2339,10:02:54,23.19,0.01,30,69570,买盘
2340,10:02:51,23.18,-0.01,9,20862,卖盘
2341,10:02:48,23.19,--,36,83484,买盘
2342,10:02:42,23.19,--,10,23190,买盘
2343,10:02:39,23.19,--,51,118269,买盘
2344,10:02:36,23.19,-0.01,43,101920,卖盘
2345,10:02:33,23.2,0.01,20,46516,买盘
2346,10:02:30,23.19,--,7,16233,买盘
2347,10:02:27,23.19,-0.01,90,210913,卖盘
2348,10:02:24,23.2,--,5,11600,买盘
2349,10:02:18,23.2,0.01,36,83520,买盘
2350,10:02:12,23.19,-0.01,0,115,卖盘
2351,10:02:09,23.2,0.01,90,208800,买盘
2352,10:02:06,23.19,-0.01,6,13914,卖盘
2353,10:02:03,23.2,0.01,5,11600,买盘
2354,10:01:57,23.19,--,5,11595,卖盘
2355,10:01:51,23.19,--,12,27828,卖盘
2356,10:01:48,23.19,-0.01,10,23190,买盘
2357,10:01:42,23.2,0.02,100,232000,买盘
2358,10:01:39,23.18,--,10,23180,卖盘
2359,10:01:36,23.18,--,5,11590,卖盘
2360,10:01:33,23.18,-0.01,20,46360,卖盘
2361,10:01:27,23.19,0.01,137,317703,买盘
2362,10:01:21,23.18,--,2,4636,卖盘
2363,10:01:18,23.18,--,76,176168,买盘
2364,10:01:12,23.18,0.01,6,13908,买盘
2365,10:01:09,23.17,--,1,2317,卖盘
2366,10:01:06,23.17,--,24,55608,卖盘
2367,10:01:03,23.17,-0.01,6,13902,卖盘
2368,10:00:57,23.18,--,1,2318,买盘
2369,10:00:54,23.18,--,25,57950,买盘
2370,10:00:51,23.18,--,114,264252,买盘
2371,10:00:48,23.18,--,34,78812,买盘
2372,10:00:42,23.18,0.01,20,46360,买盘
2373,10:00:36,23.17,-0.01,18,41706,卖盘
2374,10:00:30,23.18,--,14,32452,买盘
2375,10:00:27,23.18,0.01,10,23180,买盘
2376,10:00:15,23.17,0.02,6,13902,中性盘
2377,10:00:06,23.15,--,505,1169075,卖盘
2378,10:00:00,23.15,--,2,4630,卖盘
2379,09:59:51,23.15,--,3,6945,卖盘
2380,09:59:48,23.15,--,25,57875,买盘
2381,09:59:39,23.15,--,2,4630,买盘
2382,09:59:36,23.15,--,17,39355,买盘
2383,09:59:33,23.15,--,14,32409,卖盘
2384,09:59:24,23.15,-0.01,13,30094,卖盘
2385,09:59:21,23.16,0.01,8,18528,买盘
2386,09:59:18,23.15,-0.01,14,32409,中性盘
2387,09:59:06,23.16,--,50,115800,买盘
2388,09:59:00,23.16,-0.01,36,83376,卖盘
2389,09:58:57,23.17,--,6,13902,买盘
2390,09:58:51,23.17,--,2,4634,买盘
2391,09:58:48,23.17,--,488,1130696,买盘
2392,09:58:42,23.17,--,2,4634,买盘
2393,09:58:36,23.17,0.01,57,132069,买盘
2394,09:58:33,23.16,-0.01,1,2316,卖盘
2395,09:58:30,23.17,--,2,4634,买盘
2396,09:58:24,23.17,--,7,16219,买盘
2397,09:58:18,23.17,--,51,118167,买盘
2398,09:58:12,23.17,0.01,10,23170,买盘
2399,09:58:06,23.16,--,25,57900,买盘
2400,09:58:00,23.16,--,4,9264,买盘
2401,09:57:54,23.16,--,50,115800,买盘
2402,09:57:51,23.16,--,14,32424,买盘
2403,09:57:48,23.16,--,34,78744,买盘
2404,09:57:42,23.16,0.01,5,11580,买盘
2405,09:57:39,23.15,-0.01,10,23150,卖盘
2406,09:57:36,23.16,--,7,16212,买盘
2407,09:57:30,23.16,0.01,2,4632,买盘
2408,09:57:24,23.15,--,3,6945,卖盘
2409,09:57:21,23.15,--,67,155105,买盘
2410,09:57:18,23.15,0.01,122,282430,买盘
2411,09:57:15,23.14,--,16,37024,卖盘
2412,09:57:12,23.14,-0.01,29,67106,卖盘
2413,09:57:09,23.15,0.01,7,16204,买盘
2414,09:57:06,23.14,--,5,11570,卖盘
2415,09:57:03,23.14,--,1,2314,卖盘
2416,09:56:54,23.14,0.01,99,229086,买盘
2417,09:56:51,23.13,-0.01,1,2313,卖盘
2418,09:56:48,23.14,--,58,134212,买盘
2419,09:56:45,23.14,--,2,4628,买盘
2420,09:56:42,23.14,0.01,27,62478,买盘
2421,09:56:36,23.13,-0.01,5,11565,卖盘
2422,09:56:30,23.14,0.01,6,13884,买盘
2423,09:56:27,23.13,-0.01,30,69390,卖盘
2424,09:56:18,23.14,--,35,80990,买盘
2425,09:56:15,23.14,--,11,25454,买盘
2426,09:56:06,23.14,0.02,52,120328,买盘
2427,09:56:03,23.12,--,93,215016,卖盘
2428,09:55:54,23.12,--,1,2312,卖盘
2429,09:55:48,23.12,--,8,18496,买盘
2430,09:55:42,23.12,-0.02,3,6936,买盘
2431,09:55:36,23.14,0.01,119,275366,买盘
2432,09:55:33,23.13,--,3,6939,买盘
2433,09:55:30,23.13,--,19,43947,卖盘
2434,09:55:27,23.13,--,3,6939,卖盘
2435,09:55:21,23.13,--,9,20817,卖盘
2436,09:55:18,23.13,--,10,23130,卖盘
2437,09:55:15,23.13,0.01,238,550494,买盘
2438,09:55:12,23.12,0.02,45,104040,买盘
2439,09:55:06,23.1,-0.02,210,485100,卖盘
2440,09:55:03,23.12,--,3,6936,买盘
2441,09:54:57,23.12,-0.01,46,106352,卖盘
2442,09:54:54,23.13,--,1,2313,卖盘
2443,09:54:51,23.13,--,1,2313,买盘
2444,09:54:48,23.13,0.01,36,83268,买盘
2445,09:54:45,23.12,--,18,41616,卖盘
2446,09:54:42,23.12,-0.01,9,20808,卖盘
2447,09:54:39,23.13,0.01,6,13878,买盘
2448,09:54:36,23.12,-0.01,20,46240,卖盘
2449,09:54:27,23.13,--,4,9252,买盘
2450,09:54:24,23.13,--,25,57825,卖盘
2451,09:54:18,23.13,0.01,12,27756,中性盘
2452,09:54:15,23.12,-0.01,12,27744,卖盘
2453,09:54:12,23.13,0.01,16,37008,买盘
2454,09:54:09,23.12,--,41,94792,卖盘
2455,09:54:03,23.12,--,31,71672,卖盘
2456,09:54:00,23.12,-0.01,103,238136,卖盘
2457,09:53:48,23.13,0.01,51,117963,买盘
2458,09:53:45,23.12,-0.01,16,36992,卖盘
2459,09:53:42,23.13,--,2,4626,买盘
2460,09:53:36,23.13,--,7,16191,卖盘
2461,09:53:27,23.13,--,22,50886,卖盘
2462,09:53:21,23.13,--,5,11565,卖盘
2463,09:53:18,23.13,-0.01,6,13878,中性盘
2464,09:53:09,23.14,0.01,2,4628,买盘
2465,09:53:06,23.13,--,5,11565,卖盘
2466,09:53:03,23.13,--,6,13878,中性盘
2467,09:52:57,23.13,--,8,18504,卖盘
2468,09:52:51,23.13,--,49,113337,卖盘
2469,09:52:48,23.13,-0.01,10,23130,中性盘
2470,09:52:36,23.14,0.01,34,78676,买盘
2471,09:52:33,23.13,--,60,138780,卖盘
2472,09:52:27,23.13,-0.01,20,46260,卖盘
2473,09:52:21,23.14,--,4,9256,买盘
2474,09:52:18,23.14,--,41,94874,买盘
2475,09:52:15,23.14,--,4,9256,买盘
2476,09:52:12,23.14,-0.01,11,25454,中性盘
2477,09:52:06,23.15,0.01,27,62504,买盘
2478,09:52:03,23.14,-0.01,4,9256,中性盘
2479,09:51:51,23.15,0.01,35,81025,买盘
2480,09:51:48,23.14,--,36,83304,买盘
2481,09:51:45,23.14,-0.01,9,20826,卖盘
2482,09:51:42,23.15,0.01,20,46300,买盘
2483,09:51:39,23.14,--,25,57850,卖盘
2484,09:51:36,23.14,--,5,11570,卖盘
2485,09:51:33,23.14,--,45,104130,买盘
2486,09:51:30,23.14,-0.01,2,4628,卖盘
2487,09:51:18,23.15,--,38,87970,买盘
2488,09:51:15,23.15,0.01,101,233815,买盘
2489,09:51:12,23.14,--,18,41652,卖盘
2490,09:51:09,23.14,--,2,4628,卖盘
2491,09:51:06,23.14,--,23,53222,卖盘
2492,09:51:03,23.14,--,7,16198,卖盘
2493,09:50:57,23.14,-0.01,12,27768,卖盘
2494,09:50:54,23.15,--,11,25465,买盘
2495,09:50:51,23.15,--,60,138900,买盘
2496,09:50:48,23.15,--,37,85655,买盘
2497,09:50:45,23.15,0.01,34,78710,买盘
2498,09:50:42,23.14,--,3,6942,卖盘
2499,09:50:36,23.14,--,15,34710,卖盘
2500,09:50:33,23.14,--,25,57850,卖盘
2501,09:50:27,23.14,-0.01,2,4628,卖盘
2502,09:50:24,23.15,0.01,17,39355,买盘
2503,09:50:18,23.14,--,7,16198,卖盘
2504,09:50:15,23.14,--,12,27768,卖盘
2505,09:50:12,23.14,0.01,66,152724,买盘
2506,09:50:06,23.13,--,20,46260,买盘
2507,09:49:57,23.13,--,1,2313,买盘
2508,09:49:54,23.13,-0.01,36,83268,卖盘
2509,09:49:51,23.14,--,64,148096,买盘
2510,09:49:48,23.14,--,42,97188,买盘
2511,09:49:42,23.14,--,28,64792,买盘
2512,09:49:39,23.14,--,7,16198,卖盘
2513,09:49:36,23.14,0.01,5,11570,卖盘
2514,09:49:33,23.13,-0.02,16,37008,卖盘
2515,09:49:30,23.15,--,31,71765,买盘
2516,09:49:24,23.15,--,62,143530,买盘
2517,09:49:18,23.15,0.01,46,106490,买盘
2518,09:49:12,23.14,--,2,4628,卖盘
2519,09:49:09,23.14,0.01,31,71734,买盘
2520,09:49:06,23.13,-0.01,10,23130,卖盘
2521,09:49:03,23.14,--,3,6942,买盘
2522,09:48:51,23.14,--,85,196690,买盘
2523,09:48:48,23.14,--,40,92560,买盘
2524,09:48:45,23.14,0.01,32,74048,买盘
2525,09:48:36,23.13,-0.01,5,11565,卖盘
2526,09:48:30,23.14,0.01,1,2314,买盘
2527,09:48:21,23.13,--,10,23130,卖盘
2528,09:48:18,23.13,0.01,28,64764,买盘
2529,09:48:09,23.12,0.01,15,34680,买盘
2530,09:48:06,23.11,-0.01,5,11555,卖盘
2531,09:47:48,23.12,--,36,83232,买盘
2532,09:47:42,23.12,0.01,3,6936,买盘
2533,09:47:39,23.11,0.01,13,30043,买盘
2534,09:47:36,23.1,--,24,55440,买盘
2535,09:47:33,23.1,0.01,1,2310,买盘
2536,09:47:30,23.09,-0.02,230,531070,卖盘
2537,09:47:27,23.11,0.01,14,32354,买盘
2538,09:47:21,23.1,-0.01,494,1141140,卖盘
2539,09:47:18,23.11,--,36,83196,买盘
2540,09:47:12,23.11,-0.01,46,106306,卖盘
2541,09:47:06,23.12,-0.01,119,275128,卖盘
2542,09:47:03,23.13,-0.01,69,159597,卖盘
2543,09:46:57,23.14,-0.01,41,94874,卖盘
2544,09:46:54,23.15,--,5,11575,买盘
2545,09:46:51,23.15,--,183,423645,买盘
2546,09:46:36,23.15,--,1,2315,卖盘
2547,09:46:30,23.15,0.02,62,143530,买盘
2548,09:46:24,23.13,-0.02,5,11565,卖盘
2549,09:46:21,23.15,--,1,2315,卖盘
2550,09:46:18,23.15,0.02,36,83340,买盘
2551,09:46:15,23.13,-0.01,12,27756,卖盘
2552,09:46:12,23.14,--,47,108758,卖盘
2553,09:46:06,23.14,--,26,60164,卖盘
2554,09:46:03,23.14,-0.01,1,2314,卖盘
2555,09:45:57,23.15,--,24,55560,买盘
2556,09:45:54,23.15,--,11,25465,买盘
2557,09:45:51,23.15,--,10,23150,买盘
2558,09:45:48,23.15,0.01,42,97230,买盘
2559,09:45:42,23.14,--,47,108758,买盘
2560,09:45:39,23.14,-0.01,1,2314,卖盘
2561,09:45:36,23.15,0.03,50,115750,买盘
2562,09:45:33,23.12,-0.03,10,23120,卖盘
2563,09:45:30,23.15,--,2,4630,买盘
2564,09:45:24,23.15,0.04,1,2315,买盘
2565,09:45:18,23.11,--,10,23110,卖盘
2566,09:45:15,23.11,--,510,1178610,卖盘
2567,09:45:12,23.11,0.01,95,219545,买盘
2568,09:45:09,23.1,-0.01,1,2310,卖盘
2569,09:45:06,23.11,0.01,15,34665,买盘
2570,09:45:00,23.1,--,1,2310,卖盘
2571,09:44:54,23.1,0.01,107,247170,买盘
2572,09:44:45,23.09,--,2,4618,卖盘
2573,09:44:42,23.09,0.02,234,540306,买盘
2574,09:44:39,23.07,--,11,25377,买盘
2575,09:44:36,23.07,-0.02,30,69210,卖盘
2576,09:44:33,23.09,0.02,1,2309,买盘
2577,09:44:30,23.07,-0.01,10,23070,卖盘
2578,09:44:27,23.08,-0.01,1,2308,中性盘
2579,09:44:24,23.09,0.01,33,76197,买盘
2580,09:44:18,23.08,--,57,131556,买盘
2581,09:44:15,23.08,--,11,25387,买盘
2582,09:44:09,23.08,--,10,23080,买盘
2583,09:44:06,23.08,0.01,26,60007,买盘
2584,09:44:03,23.07,--,11,25377,卖盘
2585,09:44:00,23.07,--,6,13842,卖盘
2586,09:43:51,23.07,--,20,46140,卖盘
2587,09:43:48,23.07,--,4,9228,买盘
2588,09:43:42,23.07,0.01,1,2307,买盘
2589,09:43:36,23.06,-0.01,5,11530,卖盘
2590,09:43:30,23.07,--,52,119964,买盘
2591,09:43:21,23.07,--,3,6921,买盘
2592,09:43:18,23.07,--,49,113043,买盘
2593,09:43:12,23.07,--,5,11535,买盘
2594,09:43:06,23.07,0.01,10,23070,买盘
2595,09:43:03,23.06,-0.01,22,50732,卖盘
2596,09:43:00,23.07,--,10,23070,买盘
2597,09:42:57,23.07,--,10,23070,买盘
2598,09:42:51,23.07,--,7,16149,买盘
2599,09:42:48,23.07,--,36,83052,买盘
2600,09:42:45,23.07,--,6,13842,买盘
2601,09:42:36,23.07,-0.01,13,29991,中性盘
2602,09:42:33,23.08,0.02,102,235415,买盘
2603,09:42:30,23.06,-0.01,1,2306,卖盘
2604,09:42:27,23.07,--,5,11535,买盘
2605,09:42:24,23.07,-0.01,8,18456,卖盘
2606,09:42:21,23.08,--,1,2308,买盘
2607,09:42:18,23.08,0.01,36,83088,买盘
2608,09:42:15,23.07,-0.01,20,46140,卖盘
2609,09:42:12,23.08,--,4,9232,买盘
2610,09:42:09,23.08,0.01,4,9232,买盘
2611,09:42:06,23.07,--,5,11535,卖盘
2612,09:42:03,23.07,--,5,11535,卖盘
2613,09:42:00,23.07,0.01,5,11535,中性盘
2614,09:41:54,23.06,-0.01,52,119912,卖盘
2615,09:41:51,23.07,--,68,156876,买盘
2616,09:41:48,23.07,--,36,83052,买盘
2617,09:41:45,23.07,0.01,29,66903,买盘
2618,09:41:42,23.06,-0.01,6,13836,卖盘
2619,09:41:39,23.07,0.01,3,6921,买盘
2620,09:41:36,23.06,--,5,11530,卖盘
2621,09:41:30,23.06,--,2,4612,卖盘
2622,09:41:27,23.06,--,2,4612,卖盘
2623,09:41:24,23.06,0.01,5,11530,卖盘
2624,09:41:18,23.05,--,4,9220,卖盘
2625,09:41:15,23.05,--,5,11525,卖盘
2626,09:41:12,23.05,--,5,11525,卖盘
2627,09:41:06,23.05,--,22,50710,卖盘
2628,09:41:03,23.05,0.01,18,41605,买盘
2629,09:40:54,23.04,-0.01,26,59904,卖盘
2630,09:40:45,23.05,--,14,32270,买盘
2631,09:40:36,23.05,--,11,25355,买盘
2632,09:40:33,23.05,-0.01,48,110640,卖盘
2633,09:40:24,23.06,--,5,11530,买盘
2634,09:40:21,23.06,0.01,30,69180,买盘
2635,09:40:18,23.05,-0.01,5,11525,卖盘
2636,09:40:15,23.06,--,37,85322,买盘
2637,09:40:09,23.06,0.01,11,25366,买盘
2638,09:40:06,23.05,-0.01,64,147520,卖盘
2639,09:40:03,23.06,0.01,41,94546,买盘
2640,09:39:57,23.05,--,49,112945,卖盘
2641,09:39:51,23.05,--,12,27660,卖盘
2642,09:39:48,23.05,-0.01,10,23050,卖盘
2643,09:39:45,23.06,0.01,23,53038,买盘
2644,09:39:42,23.05,--,20,46100,买盘
2645,09:39:36,23.05,--,18,41490,买盘
2646,09:39:33,23.05,0.01,60,138300,买盘
2647,09:39:30,23.04,-0.01,4,9216,卖盘
2648,09:39:27,23.05,--,12,27660,买盘
2649,09:39:21,23.05,0.01,3,6915,买盘
2650,09:39:15,23.04,--,2,4608,卖盘
2651,09:39:12,23.04,--,19,43776,卖盘
2652,09:39:09,23.04,-0.01,27,62208,卖盘
2653,09:39:06,23.05,-0.01,7,16135,中性盘
2654,09:39:03,23.06,0.02,18,41508,买盘
2655,09:38:57,23.04,--,29,66816,买盘
2656,09:38:45,23.04,--,10,23040,买盘
2657,09:38:42,23.04,--,49,112896,买盘
2658,09:38:39,23.04,-0.01,119,274176,卖盘
2659,09:38:36,23.05,-0.01,5,11525,卖盘
2660,09:38:33,23.06,0.01,37,85322,买盘
2661,09:38:27,23.05,0.01,15,34575,买盘
2662,09:38:18,23.04,--,20,46080,卖盘
2663,09:38:15,23.04,-0.01,2,4608,卖盘
2664,09:38:09,23.05,0.02,92,212060,买盘
2665,09:38:06,23.03,--,20,46060,卖盘
2666,09:38:03,23.03,--,1,2303,卖盘
2667,09:38:00,23.03,0.01,2,4606,卖盘
2668,09:37:57,23.02,-0.02,24,55248,卖盘
2669,09:37:54,23.04,0.02,27,62208,买盘
2670,09:37:45,23.02,--,2,4604,卖盘
2671,09:37:42,23.02,-0.01,23,52946,卖盘
2672,09:37:39,23.03,--,28,64484,卖盘
2673,09:37:36,23.03,--,5,11515,卖盘
2674,09:37:33,23.03,--,4,9212,中性盘
2675,09:37:30,23.03,0.01,1,2303,买盘
2676,09:37:27,23.02,--,2,4604,卖盘
2677,09:37:24,23.02,0.01,9,20718,买盘
2678,09:37:21,23.01,--,20,46020,卖盘
2679,09:37:18,23.01,--,34,78234,卖盘
2680,09:37:15,23.01,0.01,24,55224,买盘
2681,09:37:12,23.0,--,3,6900,卖盘
2682,09:37:09,23.0,--,1,2300,卖盘
2683,09:37:06,23.0,-0.01,5,11500,卖盘
2684,09:37:03,23.01,--,36,82836,中性盘
2685,09:37:00,23.01,-0.01,2,4602,卖盘
2686,09:36:57,23.02,0.02,3,6906,买盘
2687,09:36:48,23.0,--,12,29877,卖盘
2688,09:36:42,23.0,-0.02,7,16100,卖盘
2689,09:36:39,23.02,0.02,20,46040,买盘
2690,09:36:36,23.0,-0.03,7,16100,中性盘
2691,09:36:27,23.03,0.04,53,122059,买盘
2692,09:36:24,22.99,--,10,22990,卖盘
2693,09:36:21,22.99,-0.01,6,13793,卖盘
2694,09:36:18,23.0,--,3,6900,买盘
2695,09:36:12,23.0,0.01,60,138000,卖盘
2696,09:36:09,22.99,-0.03,258,593142,卖盘
2697,09:36:06,23.02,--,5,11510,卖盘
2698,09:36:03,23.02,0.01,25,57550,买盘
2699,09:35:57,23.01,--,4,9204,卖盘
2700,09:35:51,23.01,-0.02,60,138060,卖盘
2701,09:35:48,23.03,-0.02,17,39151,中性盘
2702,09:35:42,23.05,0.04,3,6915,买盘
2703,09:35:39,23.01,-0.03,57,131157,卖盘
2704,09:35:36,23.04,-0.01,6,13824,卖盘
2705,09:35:33,23.05,-0.01,37,85285,中性盘
2706,09:35:27,23.06,0.03,5,11530,买盘
2707,09:35:24,23.03,--,31,71393,卖盘
2708,09:35:21,23.03,-0.01,29,66787,卖盘
2709,09:35:18,23.04,-0.02,1,2304,中性盘
2710,09:35:12,23.06,0.03,100,230600,买盘
2711,09:35:09,23.03,-0.03,1,2303,卖盘
2712,09:35:06,23.06,0.03,18,41508,买盘
2713,09:35:03,23.03,0.01,4,9212,中性盘
2714,09:35:00,23.02,-0.04,2,4604,卖盘
2715,09:34:57,23.06,--,20,46120,买盘
2716,09:34:51,23.06,0.04,10,23060,买盘
2717,09:34:45,23.02,-0.05,2,4604,卖盘
2718,09:34:42,23.07,--,57,131499,买盘
2719,09:34:39,23.07,--,101,233007,买盘
2720,09:34:36,23.07,--,16,36912,买盘
2721,09:34:33,23.07,-0.01,39,89973,卖盘
2722,09:34:30,23.08,--,41,94628,买盘
2723,09:34:27,23.08,-0.02,46,106167,卖盘
2724,09:34:24,23.1,0.02,12,27720,买盘
2725,09:34:21,23.08,-0.02,95,219259,卖盘
2726,09:34:18,23.1,--,31,71610,买盘
2727,09:34:15,23.1,--,21,48510,买盘
2728,09:34:12,23.1,-0.01,29,66990,卖盘
2729,09:34:09,23.11,--,24,55464,买盘
2730,09:34:06,23.11,0.01,24,55464,中性盘
2731,09:34:03,23.1,--,56,129360,卖盘
2732,09:34:00,23.1,-0.01,10,23100,卖盘
2733,09:33:57,23.11,0.01,14,32354,买盘
2734,09:33:54,23.1,--,2,4620,卖盘
2735,09:33:51,23.1,--,4,9240,卖盘
2736,09:33:45,23.1,0.04,78,180180,买盘
2737,09:33:39,23.06,-0.02,150,345900,卖盘
2738,09:33:36,23.08,--,5,11540,卖盘
2739,09:33:33,23.08,0.02,91,211712,买盘
2740,09:33:24,23.06,--,39,89934,买盘
2741,09:33:21,23.06,0.01,5,11530,买盘
2742,09:33:18,23.05,-0.01,60,138300,卖盘
2743,09:33:15,23.06,--,1,2306,买盘
2744,09:33:12,23.06,0.01,4,9224,买盘
2745,09:33:06,23.05,--,5,11525,卖盘
2746,09:33:03,23.05,--,7,16135,卖盘
2747,09:33:00,23.05,0.01,3,6915,买盘
2748,09:32:57,23.04,--,4,9216,卖盘
2749,09:32:54,23.04,-0.01,5,11520,卖盘
2750,09:32:51,23.05,0.01,94,216670,买盘
2751,09:32:48,23.04,--,3,6912,买盘
2752,09:32:45,23.04,0.02,11,25344,买盘
2753,09:32:42,23.02,--,5,11510,卖盘
2754,09:32:36,23.02,-0.01,5,11510,卖盘
2755,09:32:33,23.03,--,39,89817,买盘
2756,09:32:30,23.03,--,20,46060,买盘
2757,09:32:27,23.03,--,25,57575,买盘
2758,09:32:21,23.03,0.02,9,20727,买盘
2759,09:32:18,23.01,0.01,40,92040,买盘
2760,09:32:12,23.0,-0.01,5,11500,卖盘
2761,09:32:06,23.01,0.01,27,62127,买盘
2762,09:32:03,23.0,--,8,18400,买盘
2763,09:31:57,23.0,0.02,24,55200,买盘
2764,09:31:51,22.98,-0.02,8,18384,卖盘
2765,09:31:48,23.0,0.02,1,2300,买盘
2766,09:31:36,22.98,--,5,11490,卖盘
2767,09:31:33,22.98,0.02,56,128688,买盘
2768,09:31:18,22.96,--,45,103320,卖盘
2769,09:31:15,22.96,-0.01,20,45920,中性盘
2770,09:31:09,22.97,0.02,5,11485,中性盘
2771,09:31:03,22.95,-0.03,7,16065,中性盘
2772,09:30:57,22.98,0.04,40,91920,买盘
2773,09:30:54,22.94,-0.04,2,4588,卖盘
2774,09:30:51,22.98,0.01,1,2298,买盘
2775,09:30:48,22.97,0.03,15,34455,买盘
2776,09:30:42,22.94,0.02,1,2294,中性盘
2777,09:30:24,22.92,-0.06,35,80220,中性盘
2778,09:30:21,22.98,0.03,30,68940,买盘
2779,09:30:18,22.95,-0.03,3,6885,中性盘
2780,09:30:12,22.98,0.03,105,241290,买盘
2781,09:30:06,22.95,-0.05,47,107865,卖盘
2782,09:30:03,23.0,--,159,365700,买盘
2783,09:30:00,23.0,--,0,0,买盘
2784,09:25:03,23.0,23,511,1175300,买盘
