,time,price,change,volume,amount,type
0,15:00:03,41.02,--,765,3138030,卖盘
1,14:57:00,41.02,-0.03,12,49224,卖盘
2,14:56:54,41.05,--,4,16420,买盘
3,14:56:51,41.05,-0.03,12,49260,买盘
4,14:56:48,41.08,-0.05,33,138028,卖盘
5,14:56:45,41.13,--,2,8226,买盘
6,14:56:42,41.13,0.05,8,34220,买盘
7,14:56:39,41.08,--,7,29084,卖盘
8,14:56:36,41.08,--,8,32864,卖盘
9,14:56:30,41.08,--,25,102700,买盘
10,14:56:24,41.08,0.08,5,20540,买盘
11,14:56:21,41.0,-0.08,44,180400,卖盘
12,14:56:18,41.08,0.08,5,20540,买盘
13,14:56:15,41.0,--,6,24600,卖盘
14,14:56:12,41.0,--,12,49200,卖盘
15,14:56:06,41.0,--,2,8200,卖盘
16,14:55:57,41.0,--,10,41000,卖盘
17,14:55:54,41.0,--,18,74456,买盘
18,14:55:51,41.0,--,9,36900,买盘
19,14:55:48,41.0,--,10,41000,买盘
20,14:55:42,41.0,--,9,36900,买盘
21,14:55:39,41.0,--,10,41000,买盘
22,14:55:36,41.0,--,43,179785,卖盘
23,14:55:33,41.0,-0.08,12,49200,卖盘
24,14:55:30,41.08,0.07,159,655554,买盘
25,14:55:24,41.01,--,3,12303,买盘
26,14:55:18,41.01,-0.09,113,465135,卖盘
27,14:55:15,41.1,--,46,191854,买盘
28,14:55:12,41.1,0.02,25,106325,买盘
29,14:55:09,41.08,-0.02,17,69959,卖盘
30,14:55:06,41.1,0.01,2,8220,买盘
31,14:55:00,41.09,--,8,32872,买盘
32,14:54:57,41.09,--,8,32872,买盘
33,14:54:54,41.09,-0.01,23,94507,卖盘
34,14:54:51,41.1,--,1,4110,买盘
35,14:54:45,41.1,--,5,20550,买盘
36,14:54:39,41.1,--,1,4110,买盘
37,14:54:36,41.1,-0.05,124,510955,卖盘
38,14:54:33,41.15,-0.04,18,74070,卖盘
39,14:54:30,41.19,--,3,12357,卖盘
40,14:54:27,41.19,0.04,13,53547,买盘
41,14:54:24,41.15,--,3,12345,卖盘
42,14:54:21,41.15,--,3,12345,卖盘
43,14:54:18,41.15,-0.03,10,41150,卖盘
44,14:54:15,41.18,0.03,81,337223,买盘
45,14:54:12,41.15,0.03,49,205050,买盘
46,14:54:09,41.12,--,1,7278,卖盘
47,14:54:06,41.12,0.07,8,33677,买盘
48,14:54:03,41.05,-0.03,23,97740,卖盘
49,14:54:00,41.08,--,4,16432,卖盘
50,14:53:57,41.08,0.02,5,20540,卖盘
51,14:53:54,41.06,--,2,8212,卖盘
52,14:53:51,41.06,-0.03,10,41060,卖盘
53,14:53:48,41.09,0.01,1,4109,买盘
54,14:53:45,41.08,--,1,4108,买盘
55,14:53:42,41.08,0.02,3,16062,买盘
56,14:53:39,41.06,-0.03,0,3613,卖盘
57,14:53:33,41.09,-0.02,32,131488,卖盘
58,14:53:24,41.11,-0.09,23,94553,卖盘
59,14:53:21,41.2,--,5,20600,买盘
60,14:53:09,41.2,-0.06,21,86520,卖盘
61,14:53:03,41.26,--,164,676664,买盘
62,14:52:57,41.26,-0.02,2,8252,卖盘
63,14:52:48,41.28,--,2,8256,买盘
64,14:52:42,41.28,-0.01,46,192818,卖盘
65,14:52:39,41.29,--,8,36830,卖盘
66,14:52:33,41.29,0.01,3,12387,买盘
67,14:52:30,41.28,--,6,24768,卖盘
68,14:52:24,41.28,--,12,49536,卖盘
69,14:52:21,41.28,--,8,33024,卖盘
70,14:52:18,41.28,--,14,57792,卖盘
71,14:52:12,41.28,-0.02,0,1857,卖盘
72,14:52:09,41.3,0.01,10,43117,买盘
73,14:52:06,41.29,0.01,1,4129,买盘
74,14:52:03,41.28,-0.02,2,8256,卖盘
75,14:51:57,41.3,--,5,20650,买盘
76,14:51:54,41.3,--,1,4130,买盘
77,14:51:51,41.3,-0.02,44,184487,卖盘
78,14:51:45,41.32,0.02,6,24792,买盘
79,14:51:42,41.3,-0.01,10,41300,卖盘
80,14:51:39,41.31,--,3,12393,卖盘
81,14:51:36,41.31,-0.03,10,42136,卖盘
82,14:51:33,41.34,0.01,7,28938,买盘
83,14:51:30,41.33,0.03,50,209956,买盘
84,14:51:27,41.3,--,60,247799,卖盘
85,14:51:24,41.3,-0.03,10,41300,卖盘
86,14:51:18,41.33,--,3,13225,卖盘
87,14:51:15,41.33,0.03,8,36370,买盘
88,14:51:12,41.3,--,2,10159,卖盘
89,14:51:09,41.3,-0.03,1,5864,卖盘
90,14:51:06,41.33,--,8,33890,卖盘
91,14:51:00,41.33,-0.01,8,33064,卖盘
92,14:50:57,41.34,0.01,35,144690,买盘
93,14:50:54,41.33,-0.01,38,157054,卖盘
94,14:50:51,41.34,0.01,5,20670,买盘
95,14:50:45,41.33,--,2,8266,卖盘
96,14:50:42,41.33,--,8,36825,卖盘
97,14:50:39,41.33,--,1,7811,卖盘
98,14:50:36,41.33,0.03,158,653014,买盘
99,14:50:33,41.3,-0.02,10,41300,卖盘
100,14:50:30,41.32,--,1,4132,卖盘
101,14:50:27,41.32,0.02,7,28924,买盘
102,14:50:24,41.3,--,3,12390,卖盘
103,14:50:21,41.3,-0.02,47,194110,卖盘
104,14:50:18,41.32,0.02,1,4132,买盘
105,14:50:09,41.3,--,40,166356,卖盘
106,14:50:06,41.3,0.01,78,322842,买盘
107,14:50:00,41.29,-0.01,22,94265,卖盘
108,14:49:54,41.3,0.01,1,4130,买盘
109,14:49:51,41.29,-0.01,100,412941,卖盘
110,14:49:48,41.3,--,1,4130,买盘
111,14:49:45,41.3,0.01,16,66080,买盘
112,14:49:42,41.29,--,25,105248,卖盘
113,14:49:39,41.29,--,23,97733,卖盘
114,14:49:36,41.29,0.01,52,214708,买盘
115,14:49:33,41.28,-0.01,10,41280,卖盘
116,14:49:24,41.29,0.01,5,20645,买盘
117,14:49:15,41.28,--,28,115584,卖盘
118,14:49:12,41.28,--,22,92343,卖盘
119,14:49:09,41.28,--,1,5490,卖盘
120,14:49:06,41.28,0.03,67,279795,买盘
121,14:49:03,41.25,-0.01,2,8250,卖盘
122,14:49:00,41.26,-0.01,34,141191,卖盘
123,14:48:51,41.27,0.01,15,61905,买盘
124,14:48:48,41.26,--,3,12378,卖盘
125,14:48:45,41.26,--,17,73360,买盘
126,14:48:42,41.26,--,1,5033,卖盘
127,14:48:39,41.26,--,59,243475,卖盘
128,14:48:36,41.26,0.01,129,535431,买盘
129,14:48:33,41.25,-0.01,62,256698,卖盘
130,14:48:27,41.26,0.01,1,4126,买盘
131,14:48:24,41.25,-0.01,33,136125,卖盘
132,14:48:18,41.26,0.01,1,4126,买盘
133,14:48:15,41.25,-0.01,14,57750,卖盘
134,14:48:12,41.26,0.01,22,91390,买盘
135,14:48:09,41.25,-0.03,10,44715,卖盘
136,14:48:06,41.28,0.01,200,829397,买盘
137,14:47:57,41.27,--,6,24762,买盘
138,14:47:54,41.27,-0.01,188,776247,卖盘
139,14:47:51,41.28,--,2,8256,买盘
140,14:47:48,41.28,0.01,5,20640,买盘
141,14:47:42,41.27,--,1,6025,卖盘
142,14:47:39,41.27,--,0,1857,卖盘
143,14:47:36,41.27,--,13,53651,买盘
144,14:47:33,41.27,-0.01,7,28889,中性盘
145,14:47:21,41.28,--,3,12384,买盘
146,14:47:18,41.28,0.03,10,41280,买盘
147,14:47:15,41.25,-0.03,17,70125,卖盘
148,14:47:12,41.28,0.03,8,33849,买盘
149,14:47:09,41.25,--,25,103537,卖盘
150,14:47:06,41.25,--,26,109560,买盘
151,14:47:00,41.25,--,20,82500,买盘
152,14:46:57,41.25,-0.04,154,637065,卖盘
153,14:46:54,41.29,0.01,1,4129,买盘
154,14:46:51,41.28,0.02,85,353810,中性盘
155,14:46:45,41.26,0.01,7,28882,中性盘
156,14:46:39,41.25,--,1,7631,卖盘
157,14:46:36,41.25,0.01,12,49500,买盘
158,14:46:30,41.24,-0.01,3,12372,卖盘
159,14:46:27,41.25,0.01,4,16500,买盘
160,14:46:24,41.24,--,10,41240,卖盘
161,14:46:18,41.24,0.01,8,36868,买盘
162,14:46:15,41.23,--,3,12368,买盘
163,14:46:12,41.23,--,11,45600,卖盘
164,14:46:09,41.23,--,9,40982,买盘
165,14:46:03,41.23,--,52,214395,买盘
166,14:46:00,41.23,0.03,22,90706,买盘
167,14:45:51,41.2,-0.02,189,778680,卖盘
168,14:45:48,41.22,0.02,1,4122,买盘
169,14:45:39,41.2,--,1,7416,卖盘
170,14:45:36,41.2,--,10,41200,买盘
171,14:45:33,41.2,0.01,5,20600,买盘
172,14:45:24,41.19,0.08,8,32952,买盘
173,14:45:12,41.11,0.02,2,9085,买盘
174,14:45:09,41.09,--,20,84234,买盘
175,14:45:06,41.09,--,7,28763,买盘
176,14:45:00,41.09,-0.02,3,12327,中性盘
177,14:44:54,41.11,0.06,23,94553,买盘
178,14:44:45,41.05,--,1,4105,卖盘
179,14:44:39,41.05,-0.04,9,38587,卖盘
180,14:44:33,41.09,0.08,15,61635,买盘
181,14:44:24,41.01,--,2,8202,卖盘
182,14:44:21,41.01,-0.08,26,106626,卖盘
183,14:44:18,41.09,0.08,3,12327,买盘
184,14:44:15,41.01,--,5,20505,卖盘
185,14:44:12,41.01,0.01,2,8202,买盘
186,14:44:06,41.0,--,9,39237,买盘
187,14:44:00,41.0,--,9,36900,买盘
188,14:43:57,41.0,--,1,4100,买盘
189,14:43:51,41.0,--,1,4100,买盘
190,14:43:48,41.0,--,50,205000,买盘
191,14:43:42,41.0,--,18,73800,买盘
192,14:43:39,41.0,-0.08,78,320702,卖盘
193,14:43:36,41.08,--,8,33726,买盘
194,14:43:30,41.08,--,11,45188,买盘
195,14:43:24,41.08,--,3,12324,买盘
196,14:43:18,41.08,--,2,8216,买盘
197,14:43:12,41.08,--,1,7353,卖盘
198,14:43:09,41.08,-0.01,31,129812,卖盘
199,14:43:06,41.09,0.01,26,109340,买盘
200,14:43:03,41.08,-0.01,6,24648,卖盘
201,14:42:57,41.09,--,13,53417,买盘
202,14:42:51,41.09,--,2,8218,买盘
203,14:42:42,41.09,--,0,1602,卖盘
204,14:42:39,41.09,-0.02,3,14833,卖盘
205,14:42:36,41.11,--,1,4111,买盘
206,14:42:30,41.11,--,26,110133,卖盘
207,14:42:24,41.11,-0.07,10,41110,卖盘
208,14:42:18,41.18,-0.04,5,20590,买盘
209,14:42:09,41.22,0.11,32,131904,买盘
210,14:42:03,41.11,-0.09,40,164440,卖盘
211,14:41:51,41.2,-0.02,3,12360,卖盘
212,14:41:45,41.22,0.02,5,20610,买盘
213,14:41:39,41.2,--,14,59863,卖盘
214,14:41:36,41.2,-0.01,3,12772,中性盘
215,14:41:33,41.21,0.01,10,41210,买盘
216,14:41:30,41.2,-0.01,3,12360,买盘
217,14:41:24,41.21,0.01,82,337963,买盘
218,14:41:21,41.2,-0.02,4,16480,卖盘
219,14:41:15,41.22,0.02,6,24732,买盘
220,14:41:09,41.2,-0.02,29,121416,卖盘
221,14:41:06,41.22,0.01,20,82440,买盘
222,14:41:03,41.21,--,1,4121,卖盘
223,14:41:00,41.21,-0.01,3,12363,卖盘
224,14:40:57,41.22,--,18,74196,买盘
225,14:40:54,41.22,-0.01,1,4122,中性盘
226,14:40:45,41.23,0.02,1,4123,买盘
227,14:40:42,41.21,-0.01,39,160719,卖盘
228,14:40:39,41.22,-0.01,27,114179,卖盘
229,14:40:33,41.23,--,4,16492,买盘
230,14:40:27,41.23,--,2,8246,买盘
231,14:40:21,41.23,--,8,35292,卖盘
232,14:40:18,41.23,-0.11,9,41188,卖盘
233,14:40:15,41.34,0.09,3,12402,买盘
234,14:40:09,41.25,-0.09,40,168630,卖盘
235,14:40:00,41.34,0.11,30,124020,买盘
236,14:39:57,41.23,--,5,22965,买盘
237,14:39:54,41.23,--,2,8246,买盘
238,14:39:48,41.23,--,9,38467,卖盘
239,14:39:39,41.23,-0.11,75,310008,卖盘
240,14:39:33,41.34,0.11,5,20670,买盘
241,14:39:30,41.23,-0.03,54,222641,卖盘
242,14:39:09,41.26,-0.04,4,19350,卖盘
243,14:39:06,41.3,--,4,16520,买盘
244,14:38:57,41.3,-0.04,5,20650,卖盘
245,14:38:42,41.34,--,13,53742,买盘
246,14:38:39,41.34,0.04,5,23935,买盘
247,14:38:36,41.3,--,1,4130,买盘
248,14:38:30,41.3,-0.04,10,41300,卖盘
249,14:38:27,41.34,--,2,8268,买盘
250,14:38:24,41.34,--,10,41340,买盘
251,14:38:15,41.34,--,5,20670,买盘
252,14:38:09,41.34,-0.01,11,48326,卖盘
253,14:38:06,41.35,0.01,2,8270,卖盘
254,14:37:57,41.34,0.12,1,5415,买盘
255,14:37:54,41.22,-0.12,10,41220,卖盘
256,14:37:51,41.34,--,1,4134,买盘
257,14:37:39,41.34,-0.05,22,90948,卖盘
258,14:37:33,41.39,-0.01,10,41390,卖盘
259,14:37:27,41.4,--,2,8280,买盘
260,14:37:24,41.4,0.19,3,12420,买盘
261,14:37:18,41.21,-0.19,10,41210,卖盘
262,14:37:15,41.4,0.1,12,49680,买盘
263,14:37:09,41.3,-0.04,28,118902,卖盘
264,14:37:03,41.34,-0.07,10,41340,卖盘
265,14:37:00,41.41,-0.01,3,12422,中性盘
266,14:36:54,41.42,0.21,5,20710,买盘
267,14:36:51,41.21,-0.09,100,412100,卖盘
268,14:36:45,41.3,-0.03,13,53689,卖盘
269,14:36:42,41.33,-0.06,2,8266,买盘
270,14:36:39,41.39,-0.03,3,14486,卖盘
271,14:36:36,41.42,0.11,26,109763,买盘
272,14:36:30,41.31,-0.11,17,72292,卖盘
273,14:36:24,41.42,0.04,9,37278,买盘
274,14:36:21,41.38,--,0,2896,买盘
275,14:36:18,41.38,0.04,1,4138,买盘
276,14:36:15,41.34,-0.01,4,16536,卖盘
277,14:36:12,41.35,-0.03,10,41350,卖盘
278,14:36:09,41.38,-0.01,7,30207,卖盘
279,14:36:06,41.39,-0.05,6,24834,卖盘
280,14:35:57,41.44,0.05,17,70448,买盘
281,14:35:54,41.39,-0.03,10,41390,卖盘
282,14:35:51,41.42,-0.02,6,24852,卖盘
283,14:35:48,41.44,--,5,20720,买盘
284,14:35:39,41.44,-0.02,55,230530,卖盘
285,14:35:36,41.46,-0.03,22,91212,卖盘
286,14:35:30,41.49,--,2,8298,买盘
287,14:35:27,41.49,-0.01,3,12447,卖盘
288,14:35:24,41.5,0.04,1,4150,中性盘
289,14:35:15,41.46,-0.05,9,37314,卖盘
290,14:35:12,41.51,0.02,6,24906,买盘
291,14:35:09,41.49,-0.02,11,47174,卖盘
292,14:35:06,41.51,--,2,8302,买盘
293,14:35:03,41.51,--,1,4151,买盘
294,14:35:00,41.51,--,10,43211,卖盘
295,14:34:57,41.51,-0.06,13,53963,卖盘
296,14:34:45,41.57,0.06,3,12471,买盘
297,14:34:39,41.51,-0.05,14,60563,卖盘
298,14:34:36,41.56,-0.03,3,12468,中性盘
299,14:34:24,41.59,0.09,1,4159,买盘
300,14:34:21,41.5,-0.11,5,20750,卖盘
301,14:34:12,41.61,--,0,2038,卖盘
302,14:34:09,41.61,0.06,15,64537,买盘
303,14:34:00,41.55,-0.05,33,137115,卖盘
304,14:33:57,41.6,--,32,133120,买盘
305,14:33:48,41.6,0.03,37,153920,买盘
306,14:33:39,41.57,-0.03,9,38701,卖盘
307,14:33:36,41.6,-0.01,15,62400,买盘
308,14:33:33,41.61,-0.01,5,20805,买盘
309,14:33:30,41.62,0.03,2,8324,买盘
310,14:33:27,41.59,-0.01,2,8318,卖盘
311,14:33:24,41.6,-0.01,1,4160,中性盘
312,14:33:15,41.61,0.01,5,21179,中性盘
313,14:33:12,41.6,--,7,29120,卖盘
314,14:33:09,41.6,-0.03,11,49545,卖盘
315,14:33:06,41.63,0.03,29,120727,买盘
316,14:33:03,41.6,--,3,12480,卖盘
317,14:33:00,41.6,-0.01,23,95680,卖盘
318,14:32:51,41.61,0.02,20,83220,买盘
319,14:32:48,41.59,-0.01,4,16636,卖盘
320,14:32:42,41.6,0.01,1,4160,买盘
321,14:32:39,41.59,--,7,29861,卖盘
322,14:32:36,41.59,--,6,28281,买盘
323,14:32:33,41.59,0.01,6,24954,买盘
324,14:32:30,41.58,--,2,8316,买盘
325,14:32:27,41.58,--,5,20790,买盘
326,14:32:21,41.58,--,75,311850,买盘
327,14:32:15,41.58,--,116,482328,买盘
328,14:32:12,41.58,-0.01,1,4158,买盘
329,14:32:09,41.59,-0.01,72,299448,卖盘
330,14:32:06,41.6,0.01,37,153920,买盘
331,14:32:00,41.59,--,1,4159,卖盘
332,14:31:51,41.59,-0.01,18,74862,买盘
333,14:31:45,41.6,0.03,16,66560,买盘
334,14:31:42,41.57,-0.02,22,91454,卖盘
335,14:31:39,41.59,0.01,10,41631,买盘
336,14:31:33,41.58,-0.01,3,12474,卖盘
337,14:31:27,41.59,0.04,5,20795,买盘
338,14:31:24,41.55,0.03,3,12465,买盘
339,14:31:18,41.52,--,5,20760,卖盘
340,14:31:12,41.52,0.01,10,43596,买盘
341,14:31:09,41.51,-0.01,14,59317,卖盘
342,14:31:06,41.52,0.01,8,33216,买盘
343,14:31:03,41.51,0.02,32,132832,买盘
344,14:31:00,41.49,-0.01,3,12447,买盘
345,14:30:57,41.5,--,3,12450,买盘
346,14:30:51,41.5,--,75,311250,买盘
347,14:30:48,41.5,--,6,24900,买盘
348,14:30:45,41.5,0.01,23,95450,买盘
349,14:30:39,41.49,-0.01,47,197907,卖盘
350,14:30:36,41.5,--,29,120350,买盘
351,14:30:30,41.5,--,4,16600,买盘
352,14:30:27,41.5,--,6,24900,买盘
353,14:30:21,41.5,--,10,41500,买盘
354,14:30:18,41.5,--,7,29050,买盘
355,14:30:12,41.5,0.02,3,12450,买盘
356,14:30:09,41.48,-0.02,14,61390,卖盘
357,14:30:06,41.5,0.01,30,124500,买盘
358,14:29:57,41.49,--,1,4149,卖盘
359,14:29:54,41.49,--,8,33192,买盘
360,14:29:45,41.49,0.03,2,8298,中性盘
361,14:29:39,41.46,-0.04,4,18698,卖盘
362,14:29:36,41.5,--,29,120350,买盘
363,14:29:33,41.5,--,2,8300,买盘
364,14:29:30,41.5,--,7,29050,买盘
365,14:29:24,41.5,0.02,130,539500,买盘
366,14:29:21,41.48,0.03,3,12443,中性盘
367,14:29:18,41.45,-0.05,8,33160,卖盘
368,14:29:12,41.5,0.05,3,12450,买盘
369,14:29:09,41.45,-0.05,3,15295,卖盘
370,14:29:06,41.5,0.01,29,120350,买盘
371,14:29:03,41.49,-0.01,1,8049,卖盘
372,14:29:00,41.5,0.05,7,29050,买盘
373,14:28:39,41.45,-0.04,8,33615,卖盘
374,14:28:36,41.49,--,23,95427,买盘
375,14:28:33,41.49,--,1,4149,买盘
376,14:28:24,41.49,--,5,20745,买盘
377,14:28:18,41.49,0.07,12,49788,买盘
378,14:28:12,41.42,0.02,11,49579,买盘
379,14:28:09,41.4,-0.08,21,88223,卖盘
380,14:28:06,41.48,0.06,19,78812,买盘
381,14:28:03,41.42,--,33,136686,卖盘
382,14:28:00,41.42,--,3,12426,卖盘
383,14:27:54,41.42,--,7,28994,卖盘
384,14:27:48,41.42,--,1,4142,卖盘
385,14:27:45,41.42,--,11,45562,卖盘
386,14:27:39,41.42,-0.07,2,11141,卖盘
387,14:27:36,41.49,--,29,120321,买盘
388,14:27:24,41.49,0.1,1,4149,买盘
389,14:27:18,41.39,-0.11,1,4139,卖盘
390,14:27:12,41.5,0.12,10,41500,买盘
391,14:27:09,41.38,--,2,11172,卖盘
392,14:27:06,41.38,-0.11,31,128278,卖盘
393,14:27:03,41.49,-0.01,3,12447,中性盘
394,14:26:42,41.5,0.14,2,8300,中性盘
395,14:26:39,41.36,-0.15,8,36396,中性盘
396,14:26:36,41.51,0.01,29,120379,买盘
397,14:26:33,41.5,--,10,41500,买盘
398,14:26:30,41.5,-0.01,5,20750,卖盘
399,14:26:27,41.51,0.01,1,4151,买盘
400,14:26:21,41.5,-0.01,5,20750,卖盘
401,14:26:15,41.51,--,2,8302,买盘
402,14:26:12,41.51,--,1,4151,卖盘
403,14:26:09,41.51,-0.05,9,37359,卖盘
404,14:26:06,41.56,0.04,29,122602,买盘
405,14:26:03,41.52,--,2,8304,买盘
406,14:25:57,41.52,-0.05,1,4152,中性盘
407,14:25:48,41.57,0.02,30,124710,买盘
408,14:25:45,41.55,--,5,20775,买盘
409,14:25:39,41.55,-0.06,67,278385,卖盘
410,14:25:36,41.61,0.04,37,153957,买盘
411,14:25:33,41.57,--,2,8314,卖盘
412,14:25:30,41.57,--,1,4157,卖盘
413,14:25:27,41.57,-0.01,51,212007,卖盘
414,14:25:18,41.58,0.01,6,24948,买盘
415,14:25:15,41.57,0.02,42,174594,买盘
416,14:25:12,41.55,--,2,8310,买盘
417,14:25:09,41.55,--,11,45705,买盘
418,14:25:06,41.55,-0.1,19,78945,中性盘
419,14:25:03,41.65,0.01,31,129115,买盘
420,14:25:00,41.64,-0.01,38,159772,卖盘
421,14:24:57,41.65,0.01,5,20825,买盘
422,14:24:54,41.64,--,5,20820,卖盘
423,14:24:51,41.64,-0.01,4,16656,卖盘
424,14:24:48,41.65,0.01,7,31778,买盘
425,14:24:45,41.64,-0.02,9,39016,卖盘
426,14:24:42,41.66,0.01,2,8332,买盘
427,14:24:39,41.65,--,5,23448,卖盘
428,14:24:36,41.65,0.01,25,104125,买盘
429,14:24:33,41.64,-0.01,6,24984,中性盘
430,14:24:30,41.65,0.01,54,224910,买盘
431,14:24:21,41.64,--,21,87444,卖盘
432,14:24:18,41.64,0.06,8,33312,买盘
433,14:24:15,41.58,--,35,146320,卖盘
434,14:24:12,41.58,-0.01,2,8316,卖盘
435,14:24:09,41.59,-0.03,6,24954,卖盘
436,14:24:03,41.62,0.02,18,74916,买盘
437,14:24:00,41.6,--,2,8320,卖盘
438,14:23:54,41.6,0.01,6,24960,中性盘
439,14:23:51,41.59,-0.01,17,70703,卖盘
440,14:23:48,41.6,--,16,66560,买盘
441,14:23:42,41.6,0.02,30,124800,买盘
442,14:23:39,41.58,-0.01,64,268232,卖盘
443,14:23:36,41.59,--,4,16636,买盘
444,14:23:33,41.59,0.01,3,12477,买盘
445,14:23:27,41.58,0.07,1,4158,买盘
446,14:23:24,41.51,-0.07,2,8302,卖盘
447,14:23:18,41.58,--,1,4158,买盘
448,14:23:15,41.58,0.08,52,216216,买盘
449,14:23:12,41.5,--,10,41500,卖盘
450,14:23:09,41.5,--,55,231238,卖盘
451,14:23:06,41.5,--,103,430230,买盘
452,14:23:03,41.5,0.01,22,91300,买盘
453,14:23:00,41.49,-0.01,56,232344,卖盘
454,14:22:54,41.5,--,95,394250,买盘
455,14:22:51,41.5,0.01,6,24900,买盘
456,14:22:48,41.49,--,13,53937,卖盘
457,14:22:45,41.49,--,13,53937,卖盘
458,14:22:39,41.49,0.02,44,184257,买盘
459,14:22:36,41.47,-0.02,26,107822,卖盘
460,14:22:33,41.49,--,20,82980,买盘
461,14:22:30,41.49,--,38,157662,买盘
462,14:22:27,41.49,0.02,34,141066,买盘
463,14:22:24,41.47,-0.01,3,12441,卖盘
464,14:22:18,41.48,--,28,116143,买盘
465,14:22:15,41.48,0.22,9,37332,买盘
466,14:22:09,41.26,-0.04,42,174901,卖盘
467,14:22:03,41.3,-0.19,3,12390,中性盘
468,14:22:00,41.49,0.19,82,340218,买盘
469,14:21:57,41.3,0.06,1,4130,中性盘
470,14:21:48,41.24,-0.26,11,45364,卖盘
471,14:21:45,41.5,--,2,8300,买盘
472,14:21:42,41.5,0.3,602,2498300,买盘
473,14:21:39,41.2,-0.01,3,14873,卖盘
474,14:21:30,41.21,0.03,603,2487971,买盘
475,14:21:24,41.18,--,5,20590,买盘
476,14:21:18,41.18,0.03,31,127658,买盘
477,14:21:15,41.15,-0.03,9,37035,卖盘
478,14:21:12,41.18,0.05,32,131776,买盘
479,14:21:09,41.13,-0.05,14,57705,卖盘
480,14:21:06,41.18,0.03,2,8236,买盘
481,14:21:00,41.15,--,56,233896,买盘
482,14:20:54,41.15,--,13,53495,买盘
483,14:20:51,41.15,0.03,2,8230,买盘
484,14:20:48,41.12,-0.01,30,124963,卖盘
485,14:20:45,41.13,0.01,6,24678,买盘
486,14:20:39,41.12,-0.01,5,22245,卖盘
487,14:20:36,41.13,-0.02,6,24678,卖盘
488,14:20:30,41.15,--,50,205750,买盘
489,14:20:27,41.15,--,1,4115,买盘
490,14:20:18,41.15,0.02,29,119335,买盘
491,14:20:15,41.13,-0.01,4,16452,卖盘
492,14:20:12,41.14,0.02,93,382602,买盘
493,14:20:09,41.12,-0.02,29,120070,卖盘
494,14:20:06,41.14,0.01,24,98736,买盘
495,14:20:03,41.13,--,5,20565,卖盘
496,14:20:00,41.13,0.02,13,53469,买盘
497,14:19:57,41.11,--,5,20555,卖盘
498,14:19:54,41.11,-0.02,1,4111,卖盘
499,14:19:48,41.13,0.02,42,172746,买盘
500,14:19:39,41.11,--,23,96197,卖盘
501,14:19:36,41.11,-0.02,1,4111,卖盘
502,14:19:33,41.13,--,1,4113,买盘
503,14:19:24,41.13,-0.01,4,16452,中性盘
504,14:19:21,41.14,--,2,8228,买盘
505,14:19:18,41.14,0.1,31,127534,买盘
506,14:19:09,41.04,-0.09,33,136622,中性盘
507,14:18:48,41.13,0.12,29,119277,买盘
508,14:18:39,41.01,-0.12,2,11113,卖盘
509,14:18:30,41.13,0.01,37,152181,买盘
510,14:18:24,41.12,--,12,49344,买盘
511,14:18:18,41.12,0.01,29,119247,买盘
512,14:18:15,41.11,0.07,9,36999,买盘
513,14:18:12,41.04,--,1,4104,买盘
514,14:18:09,41.04,-0.07,15,64802,卖盘
515,14:18:00,41.11,0.01,35,143885,买盘
516,14:17:51,41.1,--,11,45210,卖盘
517,14:17:48,41.1,0.06,21,86310,买盘
518,14:17:39,41.04,-0.05,34,140397,卖盘
519,14:17:30,41.09,0.08,2,8218,买盘
520,14:17:27,41.01,-0.09,3,12303,卖盘
521,14:17:18,41.1,0.1,29,119190,买盘
522,14:17:09,41.0,--,0,1845,卖盘
523,14:17:03,41.0,-0.12,7,32431,卖盘
524,14:17:00,41.12,0.02,209,859408,买盘
525,14:16:54,41.1,--,2,8220,卖盘
526,14:16:51,41.1,-0.02,1,4110,卖盘
527,14:16:48,41.12,0.01,29,119247,买盘
528,14:16:45,41.11,0.09,13,53443,买盘
529,14:16:39,41.02,-0.1,5,22561,卖盘
530,14:16:30,41.12,0.01,38,156256,买盘
531,14:16:24,41.11,--,1,4768,卖盘
532,14:16:21,41.11,--,5,20555,卖盘
533,14:16:18,41.11,0.11,22,93895,买盘
534,14:16:00,41.0,--,36,147600,卖盘
535,14:15:51,41.0,-0.1,33,135300,卖盘
536,14:15:48,41.1,0.02,34,139740,买盘
537,14:15:45,41.08,--,3,16390,买盘
538,14:15:39,41.08,-0.02,41,168428,卖盘
539,14:15:33,41.1,-0.01,1,4110,买盘
540,14:15:18,41.11,0.04,29,119219,买盘
541,14:15:09,41.07,-0.04,18,73967,卖盘
542,14:15:06,41.11,--,7,28777,买盘
543,14:15:03,41.11,--,1,4111,买盘
544,14:15:00,41.11,0.01,36,147996,买盘
545,14:14:57,41.1,--,0,2630,卖盘
546,14:14:48,41.1,0.09,30,124779,买盘
547,14:14:42,41.01,-0.05,50,207674,卖盘
548,14:14:39,41.06,-0.05,32,134101,卖盘
549,14:14:36,41.11,--,7,28777,买盘
550,14:14:18,41.11,0.07,29,119219,买盘
551,14:14:15,41.04,-0.01,50,205200,卖盘
552,14:14:09,41.05,-0.05,13,56238,卖盘
553,14:14:06,41.1,0.06,1,4110,买盘
554,14:13:54,41.04,-0.06,3,12312,卖盘
555,14:13:51,41.1,0.06,2,8220,买盘
556,14:13:48,41.04,0.09,13,53352,买盘
557,14:13:42,40.95,--,92,376740,买盘
558,14:13:39,40.95,--,1,4095,买盘
559,14:13:36,40.95,--,1,4095,买盘
560,14:13:33,40.95,--,14,57330,卖盘
561,14:13:30,40.95,-0.05,31,126945,卖盘
562,14:13:27,41.0,0.05,176,721600,买盘
563,14:13:18,40.95,0.03,13,53235,买盘
564,14:13:15,40.92,--,1,4092,买盘
565,14:13:09,40.92,--,2,8184,买盘
566,14:12:48,40.92,0.05,29,118668,买盘
567,14:12:36,40.87,-0.05,51,208437,买盘
568,14:12:27,40.92,-0.08,43,175956,卖盘
569,14:12:18,41.0,0.08,29,118900,买盘
570,14:12:12,40.92,--,12,49104,买盘
571,14:12:09,40.92,-0.2,28,114576,卖盘
572,14:11:54,41.12,0.2,14,57568,买盘
573,14:11:51,40.92,-0.21,11,45012,卖盘
574,14:11:48,41.13,0.01,28,115164,买盘
575,14:11:39,41.12,0.26,2,8224,买盘
576,14:11:36,40.86,-0.07,10,40860,卖盘
577,14:11:21,40.93,-0.2,37,151441,卖盘
578,14:11:18,41.13,0.01,29,119277,买盘
579,14:11:15,41.12,--,15,61679,卖盘
580,14:11:12,41.12,--,1,4112,卖盘
581,14:11:09,41.12,--,3,12336,卖盘
582,14:11:03,41.12,--,23,94576,卖盘
583,14:11:00,41.12,--,2,8224,卖盘
584,14:10:51,41.12,--,4,16448,卖盘
585,14:10:48,41.12,--,1,4112,买盘
586,14:10:39,41.12,0.27,2,8224,买盘
587,14:10:21,40.85,-0.09,12,49020,卖盘
588,14:10:18,40.94,-0.01,30,122820,买盘
589,14:10:12,40.95,-0.19,32,131040,中性盘
590,14:10:06,41.14,--,4,16456,买盘
591,14:09:57,41.14,0.21,9,37026,买盘
592,14:09:54,40.93,-0.21,2,8186,卖盘
593,14:09:48,41.14,0.29,29,119306,买盘
594,14:09:45,40.85,-0.28,100,408500,卖盘
595,14:09:39,41.13,0.2,1,4113,买盘
596,14:09:30,40.93,-0.15,7,28651,卖盘
597,14:09:27,41.08,--,2,8216,买盘
598,14:09:18,41.08,0.15,29,119132,买盘
599,14:09:15,40.93,0.03,8,34790,中性盘
600,14:08:54,40.9,-0.05,22,89980,卖盘
601,14:08:48,40.95,0.02,29,118755,买盘
602,14:08:39,40.93,-0.02,2,8186,卖盘
603,14:08:36,40.95,-0.05,27,110565,买盘
604,14:08:18,41.0,0.04,29,118900,买盘
605,14:08:15,40.96,0.01,12,49152,买盘
606,14:08:12,40.95,--,1,4095,卖盘
607,14:08:09,40.95,--,6,24570,卖盘
608,14:08:00,40.95,--,2,8190,卖盘
609,14:07:54,40.95,-0.01,52,212940,卖盘
610,14:07:51,40.96,-0.04,2,8192,卖盘
611,14:07:48,41.0,0.03,29,118900,买盘
612,14:07:33,40.97,-0.03,11,45927,卖盘
613,14:07:21,41.0,--,6,24600,买盘
614,14:07:18,41.0,0.02,29,118900,买盘
615,14:07:15,40.98,-0.01,13,53273,卖盘
616,14:07:12,40.99,-0.01,2,8198,卖盘
617,14:07:03,41.0,--,18,73800,卖盘
618,14:07:00,41.0,0.02,6,24600,卖盘
619,14:06:48,40.98,--,79,323742,卖盘
620,14:06:45,40.98,-0.03,5,20490,卖盘
621,14:06:42,41.01,0.03,2,8202,买盘
622,14:06:33,40.98,--,2,8196,卖盘
623,14:06:24,40.98,-0.1,13,53273,卖盘
624,14:06:18,41.08,0.07,29,119132,买盘
625,14:06:09,41.01,--,10,41010,买盘
626,14:06:00,41.01,0.01,23,96701,买盘
627,14:05:48,41.0,-0.01,31,127100,卖盘
628,14:05:45,41.01,--,1,4101,买盘
629,14:05:42,41.01,-0.07,34,140951,卖盘
630,14:05:39,41.08,-0.02,12,53116,卖盘
631,14:05:30,41.1,--,2,8220,买盘
632,14:05:24,41.1,-0.01,5,20550,买盘
633,14:05:18,41.11,-0.05,53,218417,卖盘
634,14:05:09,41.16,-0.02,5,23502,卖盘
635,14:05:03,41.18,--,4,16472,买盘
636,14:04:57,41.18,--,11,45298,买盘
637,14:04:48,41.18,-0.02,138,568284,卖盘
638,14:04:45,41.2,0.02,65,267800,买盘
639,14:04:39,41.18,0.01,24,98832,买盘
640,14:04:27,41.17,-0.02,1,5640,卖盘
641,14:04:24,41.19,-0.01,2,8238,中性盘
642,14:04:18,41.2,0.01,14,57680,买盘
643,14:04:15,41.19,--,17,73194,买盘
644,14:04:12,41.19,0.02,3,12357,买盘
645,14:04:09,41.17,-0.01,9,40717,卖盘
646,14:04:06,41.18,0.01,3,12354,买盘
647,14:04:00,41.17,0.01,5,20585,卖盘
648,14:03:57,41.16,-0.02,4,16464,买盘
649,14:03:48,41.18,0.01,29,119422,买盘
650,14:03:39,41.17,0.01,70,289425,买盘
651,14:03:33,41.16,0.02,1,4116,买盘
652,14:03:30,41.14,0.03,1,4114,中性盘
653,14:03:15,41.11,0.03,28,118807,买盘
654,14:03:12,41.08,0.06,2,8216,买盘
655,14:03:09,41.02,-0.06,7,31052,卖盘
656,14:03:03,41.08,--,1,4108,买盘
657,14:03:00,41.08,-0.02,1,4108,买盘
658,14:02:54,41.1,-0.01,2,9288,卖盘
659,14:02:48,41.11,-0.07,20,85673,卖盘
660,14:02:45,41.18,0.07,29,119422,买盘
661,14:02:42,41.11,--,10,41110,卖盘
662,14:02:39,41.11,--,2,8386,卖盘
663,14:02:36,41.11,-0.05,10,41110,卖盘
664,14:02:33,41.16,0.06,21,86929,买盘
665,14:02:27,41.1,--,1,4110,卖盘
666,14:02:18,41.1,-0.04,15,61650,卖盘
667,14:02:15,41.14,--,17,69938,买盘
668,14:02:12,41.14,0.04,10,41140,买盘
669,14:02:09,41.1,-0.03,17,71678,卖盘
670,14:02:06,41.13,--,1,4113,卖盘
671,14:02:00,41.13,0.03,45,186318,买盘
672,14:01:57,41.1,--,1,4110,卖盘
673,14:01:51,41.1,-0.03,2,8220,卖盘
674,14:01:48,41.13,0.11,29,119277,买盘
675,14:01:39,41.02,-0.11,22,92623,卖盘
676,14:01:36,41.13,0.03,1,4113,买盘
677,14:01:30,41.1,-0.03,2,8220,中性盘
678,14:01:18,41.13,--,14,57582,买盘
679,14:01:15,41.13,0.03,22,90486,买盘
680,14:01:12,41.1,--,0,780,卖盘
681,14:01:09,41.1,-0.03,4,19769,中性盘
682,14:00:45,41.13,0.12,29,119277,买盘
683,14:00:39,41.01,--,28,117739,卖盘
684,14:00:33,41.01,-0.12,1,4101,卖盘
685,14:00:30,41.13,--,1,4113,买盘
686,14:00:15,41.13,0.12,42,172746,买盘
687,14:00:09,41.01,-0.03,17,70127,卖盘
688,14:00:03,41.04,0.03,1,4104,中性盘
689,13:59:48,41.01,-0.12,6,24606,卖盘
690,13:59:45,41.13,0.09,29,119277,买盘
691,13:59:39,41.04,--,9,36936,卖盘
692,13:59:30,41.04,--,1,4104,卖盘
693,13:59:27,41.04,-0.08,1,4104,中性盘
694,13:59:15,41.12,0.08,29,119247,买盘
695,13:59:06,41.04,-0.05,7,32052,卖盘
696,13:58:57,41.09,-0.04,5,20545,中性盘
697,13:58:45,41.13,0.09,29,119277,买盘
698,13:58:39,41.04,-0.09,7,29959,卖盘
699,13:58:27,41.13,0.09,9,37017,买盘
700,13:58:21,41.04,-0.09,2,8208,卖盘
701,13:58:15,41.13,0.09,29,119277,买盘
702,13:58:09,41.04,-0.04,10,41040,卖盘
703,13:58:06,41.08,-0.05,1,4108,中性盘
704,13:57:45,41.13,0.01,31,127503,买盘
705,13:57:42,41.12,0.08,3,12336,买盘
706,13:57:39,41.04,-0.06,1,7756,卖盘
707,13:57:36,41.1,0.06,1,4110,卖盘
708,13:57:30,41.04,-0.06,1,4104,卖盘
709,13:57:21,41.1,-0.03,1,4110,中性盘
710,13:57:18,41.13,--,2,8226,买盘
711,13:57:15,41.13,--,30,123390,买盘
712,13:57:12,41.13,0.03,2,8226,买盘
713,13:57:09,41.1,-0.03,10,44840,卖盘
714,13:57:06,41.13,--,1,4113,买盘
715,13:56:45,41.13,0.05,54,225762,买盘
716,13:56:39,41.08,-0.02,3,12324,卖盘
717,13:56:36,41.1,-0.03,11,45744,卖盘
718,13:56:27,41.13,0.03,2,8226,买盘
719,13:56:24,41.1,-0.03,5,20550,卖盘
720,13:56:18,41.13,0.03,13,53469,买盘
721,13:56:15,41.1,0.06,12,52895,买盘
722,13:56:09,41.04,-0.04,34,140315,卖盘
723,13:55:57,41.08,-0.02,7,28756,卖盘
724,13:55:45,41.1,-0.03,97,399039,卖盘
725,13:55:39,41.13,-0.01,9,40759,卖盘
726,13:55:33,41.14,--,2,8228,买盘
727,13:55:30,41.14,--,10,41140,买盘
728,13:55:27,41.14,--,10,41140,买盘
729,13:55:24,41.14,--,1,4114,买盘
730,13:55:21,41.14,-0.03,17,73476,卖盘
731,13:55:18,41.17,-0.02,5,20585,卖盘
732,13:55:15,41.19,0.05,44,181236,买盘
733,13:55:09,41.14,-0.01,0,2838,卖盘
734,13:55:00,41.15,--,3,14155,买盘
735,13:54:57,41.15,--,61,253319,卖盘
736,13:54:51,41.15,-0.05,5,20575,卖盘
737,13:54:45,41.2,0.05,65,267800,买盘
738,13:54:42,41.15,-0.01,4,16460,卖盘
739,13:54:39,41.16,-0.02,25,104299,卖盘
740,13:54:36,41.18,--,5,20590,卖盘
741,13:54:30,41.18,-0.01,4,16472,卖盘
742,13:54:24,41.19,--,3,12357,卖盘
743,13:54:21,41.19,--,1,4119,卖盘
744,13:54:18,41.19,--,6,24714,卖盘
745,13:54:15,41.19,0.01,24,102810,买盘
746,13:54:12,41.18,0.02,10,41180,买盘
747,13:54:09,41.16,-0.02,1,7367,卖盘
748,13:54:06,41.18,-0.01,1,4118,买盘
749,13:53:51,41.19,-0.01,5,20759,卖盘
750,13:53:45,41.2,0.01,75,312955,买盘
751,13:53:42,41.19,--,1,4283,卖盘
752,13:53:39,41.19,--,36,150178,卖盘
753,13:53:33,41.19,--,5,20595,卖盘
754,13:53:24,41.19,--,1,4119,卖盘
755,13:53:21,41.19,-0.01,20,82380,卖盘
756,13:53:18,41.2,--,1,4120,买盘
757,13:53:15,41.2,0.01,72,296640,买盘
758,13:53:09,41.19,0.01,50,208009,买盘
759,13:53:06,41.18,--,7,28826,卖盘
760,13:52:51,41.18,--,2,8236,卖盘
761,13:52:45,41.18,0.03,42,172956,买盘
762,13:52:39,41.15,-0.02,14,61272,卖盘
763,13:52:33,41.17,0.01,1,4117,买盘
764,13:52:27,41.16,--,1,4116,卖盘
765,13:52:24,41.16,--,2,8232,卖盘
766,13:52:18,41.16,--,7,28811,卖盘
767,13:52:15,41.16,0.01,48,199461,买盘
768,13:52:12,41.15,0.01,29,119335,买盘
769,13:52:09,41.14,--,26,110625,卖盘
770,13:52:06,41.14,-0.01,2,8228,卖盘
771,13:52:00,41.15,0.01,7,28805,买盘
772,13:51:51,41.14,--,1,4114,卖盘
773,13:51:48,41.14,-0.02,3,12342,卖盘
774,13:51:45,41.16,0.04,32,132205,买盘
775,13:51:39,41.12,--,17,72741,卖盘
776,13:51:36,41.12,-0.03,1,4112,卖盘
777,13:51:33,41.15,--,10,41150,买盘
778,13:51:21,41.15,0.03,20,82300,买盘
779,13:51:18,41.12,-0.03,1,4112,卖盘
780,13:51:15,41.15,0.04,70,289490,买盘
781,13:51:09,41.11,-0.03,1,4111,中性盘
782,13:51:06,41.14,0.04,2,8228,买盘
783,13:51:03,41.1,-0.05,10,41100,卖盘
784,13:50:57,41.15,0.01,209,860035,买盘
785,13:50:45,41.14,0.02,65,267410,买盘
786,13:50:39,41.12,-0.01,33,136888,卖盘
787,13:50:24,41.13,-0.01,0,2837,卖盘
788,13:50:18,41.14,--,11,45254,买盘
789,13:50:15,41.14,--,66,271524,买盘
790,13:50:12,41.14,0.01,5,20570,买盘
791,13:50:09,41.13,-0.01,21,87648,卖盘
792,13:50:06,41.14,--,7,28798,买盘
793,13:50:03,41.14,--,5,20570,买盘
794,13:49:54,41.14,--,16,65824,买盘
795,13:49:48,41.14,0.01,1,4114,买盘
796,13:49:45,41.13,0.01,18,74034,买盘
797,13:49:42,41.12,--,10,41120,买盘
798,13:49:39,41.12,0.02,15,65257,买盘
799,13:49:27,41.1,--,80,332088,买盘
800,13:49:24,41.1,--,6,24660,买盘
801,13:49:15,41.1,--,33,135630,买盘
802,13:49:12,41.1,0.09,5,20550,买盘
803,13:49:09,41.01,-0.01,18,77508,卖盘
804,13:49:06,41.02,-0.08,2,8204,中性盘
805,13:48:57,41.1,--,1,4110,买盘
806,13:48:45,41.1,0.09,29,119190,买盘
807,13:48:39,41.01,-0.08,2,8202,卖盘
808,13:48:36,41.09,--,2,8218,卖盘
809,13:48:33,41.09,--,10,41090,卖盘
810,13:48:30,41.09,--,11,45199,卖盘
811,13:48:21,41.09,-0.01,2,8218,中性盘
812,13:48:15,41.1,0.1,29,119190,买盘
813,13:48:06,41.0,--,78,319800,卖盘
814,13:48:03,41.0,--,176,723322,买盘
815,13:47:51,41.0,-0.08,24,100778,卖盘
816,13:47:45,41.08,0.08,28,116749,买盘
817,13:47:21,41.0,--,5,20500,卖盘
818,13:47:18,41.0,-0.06,15,61500,卖盘
819,13:47:15,41.06,0.06,33,135498,买盘
820,13:46:57,41.0,--,22,90200,买盘
821,13:46:51,41.0,--,10,41000,买盘
822,13:46:45,41.0,--,29,118900,买盘
823,13:46:42,41.0,0.07,2,8200,中性盘
824,13:46:33,40.93,-0.07,5,20465,卖盘
825,13:46:27,41.0,0.02,45,187739,买盘
826,13:46:15,40.98,0.01,32,131136,买盘
827,13:46:03,40.97,--,2,8194,买盘
828,13:45:45,40.97,0.01,29,118813,买盘
829,13:45:33,40.96,--,1,4096,卖盘
830,13:45:27,40.96,0.06,1,4096,买盘
831,13:45:15,40.9,--,31,126790,买盘
832,13:44:48,40.9,--,8,32720,买盘
833,13:44:45,40.9,--,29,118610,买盘
834,13:44:39,40.9,--,2,8180,买盘
835,13:44:30,40.9,--,2,8180,中性盘
836,13:44:18,40.9,-0.05,10,40900,卖盘
837,13:44:15,40.95,--,29,118755,买盘
838,13:44:09,40.95,0.04,10,40950,买盘
839,13:44:03,40.91,-0.07,6,24545,卖盘
840,13:43:45,40.98,0.07,34,139332,买盘
841,13:43:33,40.91,-0.07,1,4090,卖盘
842,13:43:30,40.98,0.07,12,49175,买盘
843,13:43:21,40.91,-0.07,2,8181,卖盘
844,13:43:15,40.98,0.06,32,131136,买盘
845,13:43:09,40.92,-0.04,34,139128,卖盘
846,13:43:03,40.96,-0.01,6,24576,卖盘
847,13:42:45,40.97,0.06,7,28679,买盘
848,13:42:39,40.91,0.01,1,4090,卖盘
849,13:42:36,40.9,--,1,4090,买盘
850,13:42:33,40.9,--,13,53170,卖盘
851,13:42:27,40.9,-0.08,1,4090,卖盘
852,13:42:15,40.98,0.02,31,127898,买盘
853,13:42:12,40.96,--,4,16384,卖盘
854,13:42:09,40.96,-0.01,11,45056,卖盘
855,13:42:06,40.97,--,4,16388,卖盘
856,13:42:03,40.97,--,1,4097,卖盘
857,13:42:00,40.97,--,1,4097,卖盘
858,13:41:57,40.97,-0.01,6,24582,卖盘
859,13:41:51,40.98,--,15,61469,买盘
860,13:41:48,40.98,-0.02,127,520445,卖盘
861,13:41:45,41.0,--,31,127100,买盘
862,13:41:30,41.0,--,5,20500,买盘
863,13:41:27,41.0,--,10,41000,买盘
864,13:41:24,41.0,--,9,36900,卖盘
865,13:41:21,41.0,-0.08,8,32800,卖盘
866,13:41:15,41.08,0.06,29,119132,买盘
867,13:41:09,41.02,-0.06,8,33185,卖盘
868,13:40:57,41.08,-0.03,2,8216,卖盘
869,13:40:48,41.11,--,4,16444,买盘
870,13:40:45,41.11,0.02,30,123330,买盘
871,13:40:39,41.09,-0.01,22,93479,卖盘
872,13:40:33,41.1,--,2,8220,卖盘
873,13:40:30,41.1,--,1,4110,卖盘
874,13:40:27,41.1,0.01,1,4110,买盘
875,13:40:24,41.09,--,1,4109,卖盘
876,13:40:18,41.09,-0.02,1,4109,卖盘
877,13:40:15,41.11,--,29,119219,买盘
878,13:40:12,41.11,0.02,35,143885,买盘
879,13:40:09,41.09,-0.02,3,12327,卖盘
880,13:40:06,41.11,--,3,12333,卖盘
881,13:40:00,41.11,--,2,8222,卖盘
882,13:39:57,41.11,--,5,20555,卖盘
883,13:39:54,41.11,--,7,28777,卖盘
884,13:39:48,41.11,-0.01,16,65776,卖盘
885,13:39:45,41.12,0.01,30,123359,买盘
886,13:39:42,41.11,0.02,2,8222,买盘
887,13:39:39,41.09,-0.02,6,28146,卖盘
888,13:39:36,41.11,0.02,1,4111,中性盘
889,13:39:30,41.09,-0.04,14,57526,卖盘
890,13:39:21,41.13,-0.02,1,4113,卖盘
891,13:39:15,41.15,--,29,119335,买盘
892,13:39:12,41.15,0.04,39,160485,买盘
893,13:39:09,41.11,-0.02,3,14388,卖盘
894,13:39:06,41.13,--,2,8226,卖盘
895,13:39:00,41.13,--,11,45243,卖盘
896,13:38:51,41.13,--,10,41130,卖盘
897,13:38:48,41.13,-0.02,2,8226,卖盘
898,13:38:45,41.15,0.01,29,119335,买盘
899,13:38:42,41.14,0.03,11,45254,买盘
900,13:38:39,41.11,-0.03,31,129496,卖盘
901,13:38:36,41.14,--,3,12342,买盘
902,13:38:30,41.14,--,5,20570,买盘
903,13:38:15,41.14,0.05,29,119306,买盘
904,13:38:09,41.09,-0.05,23,96150,卖盘
905,13:38:03,41.14,0.05,10,41140,买盘
906,13:38:00,41.09,-0.06,10,41090,卖盘
907,13:37:45,41.15,0.09,29,119335,买盘
908,13:37:39,41.06,-0.09,14,59126,卖盘
909,13:37:36,41.15,0.09,114,469110,买盘
910,13:37:30,41.06,--,10,41060,卖盘
911,13:37:15,41.06,0.02,39,160134,中性盘
912,13:37:09,41.04,-0.05,34,140356,卖盘
913,13:37:00,41.09,0.01,7,28763,买盘
914,13:36:57,41.08,-0.01,20,82160,卖盘
915,13:36:54,41.09,--,1,4109,买盘
916,13:36:51,41.09,0.01,10,41090,买盘
917,13:36:45,41.08,0.06,9,36972,买盘
918,13:36:39,41.02,-0.07,27,114486,卖盘
919,13:36:36,41.09,0.04,46,189014,买盘
920,13:36:15,41.05,0.03,29,119044,买盘
921,13:36:12,41.02,0.02,10,41020,买盘
922,13:36:09,41.0,-0.05,4,18450,卖盘
923,13:36:06,41.05,0.05,10,41050,买盘
924,13:36:03,41.0,-0.05,15,65149,卖盘
925,13:36:00,41.05,--,1,4105,买盘
926,13:35:57,41.05,--,10,41050,买盘
927,13:35:51,41.05,--,2,8210,买盘
928,13:35:45,41.05,--,29,119044,买盘
929,13:35:42,41.05,-0.04,22,92198,卖盘
930,13:35:39,41.09,0.02,10,41254,买盘
931,13:35:27,41.07,--,0,2053,卖盘
932,13:35:21,41.07,--,2,8214,卖盘
933,13:35:15,41.07,0.05,22,90354,买盘
934,13:35:12,41.02,0.02,20,82040,买盘
935,13:35:09,41.0,-0.02,11,47970,卖盘
936,13:35:00,41.02,-0.01,13,53326,卖盘
937,13:34:48,41.03,-0.04,20,82060,卖盘
938,13:34:45,41.07,0.01,29,119103,买盘
939,13:34:42,41.06,--,22,90332,买盘
940,13:34:39,41.06,-0.01,0,615,卖盘
941,13:34:24,41.07,-0.02,1,5010,卖盘
942,13:34:15,41.09,--,29,119161,买盘
943,13:34:12,41.09,0.02,20,82180,买盘
944,13:34:09,41.07,-0.02,62,258658,卖盘
945,13:33:54,41.09,--,2,8218,买盘
946,13:33:48,41.09,-0.05,2,10519,卖盘
947,13:33:45,41.14,0.04,29,119306,买盘
948,13:33:42,41.1,0.01,20,82200,买盘
949,13:33:39,41.09,--,5,20709,卖盘
950,13:33:27,41.09,-0.04,18,73962,卖盘
951,13:33:24,41.13,0.03,1,4113,中性盘
952,13:33:21,41.1,-0.03,11,45210,卖盘
953,13:33:18,41.13,-0.01,1,4113,卖盘
954,13:33:15,41.14,--,29,119306,买盘
955,13:33:12,41.14,0.04,24,98736,买盘
956,13:33:09,41.1,-0.03,53,218652,卖盘
957,13:32:54,41.13,-0.02,6,24678,卖盘
958,13:32:51,41.15,--,5,20575,买盘
959,13:32:45,41.15,--,29,119335,买盘
960,13:32:42,41.15,0.02,22,90530,买盘
961,13:32:39,41.13,-0.02,17,70332,卖盘
962,13:32:36,41.15,0.01,21,86415,买盘
963,13:32:30,41.14,0.01,1,4114,买盘
964,13:32:27,41.13,--,2,8226,卖盘
965,13:32:15,41.13,0.01,14,57582,买盘
966,13:32:12,41.12,0.03,8,32896,买盘
967,13:32:09,41.09,-0.01,16,66442,卖盘
968,13:32:03,41.1,0.01,13,53430,买盘
969,13:31:57,41.09,-0.01,8,32872,卖盘
970,13:31:54,41.1,0.01,2,8220,买盘
971,13:31:48,41.09,--,0,1232,卖盘
972,13:31:45,41.09,0.02,3,15326,买盘
973,13:31:42,41.07,--,26,110067,买盘
974,13:31:39,41.07,-0.02,2,8214,中性盘
975,13:31:36,41.09,0.02,4,16436,买盘
976,13:31:33,41.07,-0.03,35,144853,卖盘
977,13:31:30,41.1,--,1,4110,买盘
978,13:31:27,41.1,0.01,1,4110,买盘
979,13:31:21,41.09,--,4,16436,卖盘
980,13:31:18,41.09,-0.01,37,152033,卖盘
981,13:31:15,41.1,0.01,8,32880,买盘
982,13:31:12,41.09,0.01,21,86289,买盘
983,13:31:09,41.08,0.01,7,31754,买盘
984,13:31:06,41.07,--,50,205350,卖盘
985,13:31:00,41.07,0.01,16,65712,买盘
986,13:30:57,41.06,--,3,12318,卖盘
987,13:30:54,41.06,0.02,41,171836,买盘
988,13:30:51,41.04,-0.02,10,41040,卖盘
989,13:30:48,41.06,--,12,49272,买盘
990,13:30:45,41.06,--,29,119074,买盘
991,13:30:42,41.06,--,22,90332,买盘
992,13:30:39,41.06,0.01,8,34120,买盘
993,13:30:33,41.05,--,5,20525,卖盘
994,13:30:30,41.05,0.01,16,65680,买盘
995,13:30:27,41.04,0.01,2,8208,中性盘
996,13:30:15,41.03,0.01,12,49236,买盘
997,13:30:12,41.02,0.02,13,53326,买盘
998,13:30:09,41.0,-0.02,2,8200,卖盘
999,13:30:06,41.02,--,4,16408,买盘
1000,13:30:03,41.02,0.02,9,36918,买盘
1001,13:29:51,41.0,--,8,32800,卖盘
1002,13:29:48,41.0,--,44,180851,买盘
1003,13:29:45,41.0,0.01,30,123000,买盘
1004,13:29:42,40.99,0.02,35,143465,买盘
1005,13:29:36,40.97,-0.01,1,4097,卖盘
1006,13:29:24,40.98,--,57,233585,卖盘
1007,13:29:21,40.98,--,10,40980,卖盘
1008,13:29:18,40.98,--,17,69666,卖盘
1009,13:29:15,40.98,-0.01,39,159822,卖盘
1010,13:29:12,40.99,0.02,25,102475,买盘
1011,13:29:00,40.97,--,10,40970,卖盘
1012,13:28:54,40.97,-0.02,20,81940,卖盘
1013,13:28:48,40.99,-0.01,4,16396,卖盘
1014,13:28:45,41.0,0.01,36,147600,买盘
1015,13:28:42,40.99,0.02,7,28693,买盘
1016,13:28:33,40.97,-0.03,93,381021,卖盘
1017,13:28:21,41.0,0.01,4,16400,买盘
1018,13:28:15,40.99,--,29,118871,买盘
1019,13:28:12,40.99,-0.01,50,204950,卖盘
1020,13:28:06,41.0,--,30,123000,买盘
1021,13:28:03,41.0,-0.02,127,520700,卖盘
1022,13:27:57,41.02,-0.03,3,12306,卖盘
1023,13:27:54,41.05,0.02,11,45155,买盘
1024,13:27:51,41.03,--,1,4103,卖盘
1025,13:27:48,41.03,-0.01,14,57442,卖盘
1026,13:27:45,41.04,0.04,17,69768,买盘
1027,13:27:42,41.0,--,10,41000,卖盘
1028,13:27:39,41.0,--,10,41000,卖盘
1029,13:27:33,41.0,--,19,77900,卖盘
1030,13:27:30,41.0,--,10,41000,卖盘
1031,13:27:24,41.0,--,10,41000,卖盘
1032,13:27:21,41.0,--,13,53300,卖盘
1033,13:27:18,41.0,--,67,274700,买盘
1034,13:27:15,41.0,--,29,118900,买盘
1035,13:27:12,41.0,--,20,82000,买盘
1036,13:27:09,41.0,--,15,61500,买盘
1037,13:27:06,41.0,0.03,8,32800,买盘
1038,13:27:03,40.97,-0.03,7,28679,卖盘
1039,13:27:00,41.0,0.03,5,20500,买盘
1040,13:26:57,40.97,--,260,1065220,卖盘
1041,13:26:51,40.97,0.01,6,24582,买盘
1042,13:26:45,40.96,0.01,15,64675,买盘
1043,13:26:42,40.95,--,32,131040,买盘
1044,13:26:39,40.95,--,3,12285,买盘
1045,13:26:36,40.95,0.01,23,94185,买盘
1046,13:26:27,40.94,0.01,10,40940,买盘
1047,13:26:18,40.93,0.03,75,306975,买盘
1048,13:26:15,40.9,--,80,327200,买盘
1049,13:26:12,40.9,0.01,25,102250,买盘
1050,13:26:09,40.89,--,15,61335,买盘
1051,13:26:06,40.89,0.01,2,8178,买盘
1052,13:26:03,40.88,--,3,12264,卖盘
1053,13:26:00,40.88,--,1,4088,卖盘
1054,13:25:57,40.88,0.03,107,437416,买盘
1055,13:25:51,40.85,-0.03,32,130720,中性盘
1056,13:25:48,40.88,0.05,500,2044000,买盘
1057,13:25:45,40.83,0.02,2,8166,买盘
1058,13:25:42,40.81,--,14,57134,买盘
1059,13:25:39,40.81,--,1,4081,买盘
1060,13:25:36,40.81,--,4,16324,买盘
1061,13:25:33,40.81,--,4,16324,买盘
1062,13:25:30,40.81,0.01,5,20405,买盘
1063,13:25:24,40.8,-0.01,30,122399,卖盘
1064,13:25:18,40.81,--,2,8162,买盘
1065,13:25:15,40.81,0.01,5,20405,买盘
1066,13:25:12,40.8,--,2,8159,卖盘
1067,13:25:06,40.8,0.05,177,725832,买盘
1068,13:24:45,40.75,0.03,13,56887,买盘
1069,13:24:42,40.72,0.02,21,85512,买盘
1070,13:24:39,40.7,--,8,32560,卖盘
1071,13:24:24,40.7,-0.02,15,61050,卖盘
1072,13:24:21,40.72,-0.06,27,109944,卖盘
1073,13:24:15,40.78,0.06,22,89716,买盘
1074,13:24:12,40.72,-0.03,1,4072,中性盘
1075,13:24:03,40.75,0.03,13,52975,买盘
1076,13:23:54,40.72,-0.03,1,4072,卖盘
1077,13:23:45,40.75,0.02,32,130400,买盘
1078,13:23:42,40.73,0.01,21,85533,买盘
1079,13:23:36,40.72,-0.01,1,4072,中性盘
1080,13:23:15,40.73,--,29,118116,买盘
1081,13:22:57,40.73,--,3,12218,买盘
1082,13:22:45,40.73,0.01,29,118116,买盘
1083,13:22:42,40.72,0.01,23,93656,买盘
1084,13:22:36,40.71,--,11,44781,卖盘
1085,13:22:33,40.71,--,1,4071,卖盘
1086,13:22:21,40.71,--,10,40710,卖盘
1087,13:22:18,40.71,--,4,16284,卖盘
1088,13:22:15,40.71,0.01,3,12213,买盘
1089,13:22:12,40.7,0.02,20,81400,买盘
1090,13:22:09,40.68,-0.02,1,4068,卖盘
1091,13:22:00,40.7,0.02,7,28490,买盘
1092,13:21:54,40.68,-0.02,1,4068,卖盘
1093,13:21:45,40.7,--,29,118030,买盘
1094,13:21:42,40.7,0.02,23,93610,买盘
1095,13:21:36,40.68,-0.02,1,4068,卖盘
1096,13:21:33,40.7,0.02,7,28490,买盘
1097,13:21:27,40.68,-0.02,8,32544,卖盘
1098,13:21:15,40.7,0.02,29,118030,买盘
1099,13:21:12,40.68,--,8,32544,买盘
1100,13:21:09,40.68,--,15,61020,买盘
1101,13:21:06,40.68,0.02,1,4068,买盘
1102,13:21:03,40.66,-0.02,2,8131,卖盘
1103,13:20:48,40.68,-0.02,12,48816,卖盘
1104,13:20:45,40.7,--,29,118030,买盘
1105,13:20:42,40.7,0.02,22,89540,买盘
1106,13:20:30,40.68,-0.02,10,40680,卖盘
1107,13:20:15,40.7,--,46,187220,买盘
1108,13:20:12,40.7,--,21,85470,买盘
1109,13:20:03,40.7,-0.01,1,4070,中性盘
1110,13:19:54,40.71,0.01,2,8142,买盘
1111,13:19:51,40.7,-0.02,1,4070,卖盘
1112,13:19:45,40.72,0.02,29,118088,买盘
1113,13:19:27,40.7,0.04,1,4070,买盘
1114,13:19:24,40.66,-0.04,12,48791,卖盘
1115,13:19:15,40.7,0.05,29,118030,买盘
1116,13:19:12,40.65,0.01,2,8130,买盘
1117,13:19:09,40.64,-0.01,2,8128,卖盘
1118,13:19:06,40.65,--,6,24390,买盘
1119,13:18:45,40.65,--,29,117885,买盘
1120,13:18:39,40.65,--,3,12195,买盘
1121,13:18:27,40.65,0.01,9,36585,买盘
1122,13:18:15,40.64,0.04,11,48036,买盘
1123,13:18:09,40.6,--,2,8120,买盘
1124,13:18:06,40.6,--,1,4060,买盘
1125,13:18:00,40.6,-0.04,10,40600,中性盘
1126,13:17:45,40.64,0.11,29,117856,买盘
1127,13:17:33,40.53,0.01,10,40530,中性盘
1128,13:17:15,40.52,-0.01,31,125612,卖盘
1129,13:17:09,40.53,--,6,24318,卖盘
1130,13:16:51,40.53,-0.11,1,4053,中性盘
1131,13:16:45,40.64,0.01,29,117856,买盘
1132,13:16:33,40.63,--,5,20315,买盘
1133,13:16:15,40.63,--,36,146268,买盘
1134,13:16:09,40.63,-0.01,22,90117,卖盘
1135,13:16:00,40.64,-0.01,0,406,卖盘
1136,13:15:51,40.65,-0.07,8,32520,卖盘
1137,13:15:45,40.72,--,29,118088,买盘
1138,13:15:15,40.72,--,29,118088,买盘
1139,13:15:06,40.72,--,15,61080,卖盘
1140,13:15:03,40.72,--,9,36648,卖盘
1141,13:14:57,40.72,--,4,16288,卖盘
1142,13:14:54,40.72,0.08,3,12216,卖盘
1143,13:14:45,40.64,-0.09,5,20320,卖盘
1144,13:14:42,40.73,0.01,1,4072,买盘
1145,13:14:36,40.72,--,25,105057,买盘
1146,13:14:18,40.72,--,1,4072,买盘
1147,13:14:15,40.72,--,29,118088,买盘
1148,13:14:09,40.72,--,5,21174,卖盘
1149,13:14:03,40.72,--,2,8144,卖盘
1150,13:13:57,40.72,--,1,4072,卖盘
1151,13:13:54,40.72,--,2,8144,卖盘
1152,13:13:45,40.72,0.02,18,76553,买盘
1153,13:13:42,40.7,0.07,2,8140,买盘
1154,13:13:30,40.63,-0.03,10,40630,卖盘
1155,13:13:27,40.66,-0.04,2,8131,卖盘
1156,13:13:21,40.7,--,5,20350,买盘
1157,13:13:18,40.7,--,27,109890,买盘
1158,13:13:15,40.7,--,29,118030,买盘
1159,13:13:00,40.7,--,10,40700,买盘
1160,13:12:54,40.7,--,1,4070,买盘
1161,13:12:45,40.7,0.04,29,118030,买盘
1162,13:12:42,40.66,-0.04,10,40660,卖盘
1163,13:12:33,40.7,0.05,1,4070,买盘
1164,13:12:21,40.65,--,5,20325,卖盘
1165,13:12:18,40.65,--,42,170730,买盘
1166,13:12:15,40.65,0.02,29,117885,买盘
1167,13:12:03,40.63,--,63,255969,卖盘
1168,13:11:57,40.63,--,1,4063,卖盘
1169,13:11:45,40.63,0.03,5,24052,买盘
1170,13:11:33,40.6,--,12,48720,买盘
1171,13:11:24,40.6,--,2,8120,买盘
1172,13:11:15,40.6,--,31,125860,买盘
1173,13:10:45,40.6,0.08,29,117740,买盘
1174,13:10:42,40.52,--,30,121560,卖盘
1175,13:10:21,40.52,--,1,4052,卖盘
1176,13:10:18,40.52,-0.08,2,8104,卖盘
1177,13:10:15,40.6,0.08,29,117740,买盘
1178,13:10:12,40.52,--,6,24312,卖盘
1179,13:09:48,40.52,-0.07,2,8104,卖盘
1180,13:09:45,40.59,--,30,121770,买盘
1181,13:09:33,40.59,--,16,64944,卖盘
1182,13:09:18,40.59,--,1,4059,卖盘
1183,13:09:15,40.59,0.01,18,73062,买盘
1184,13:09:12,40.58,0.07,2,8116,买盘
1185,13:08:51,40.51,-0.09,10,40510,卖盘
1186,13:08:45,40.6,0.09,29,117740,买盘
1187,13:08:36,40.51,--,12,48612,卖盘
1188,13:08:18,40.51,-0.09,1,4051,卖盘
1189,13:08:15,40.6,--,29,117740,买盘
1190,13:08:12,40.6,0.09,1,4060,买盘
1191,13:08:09,40.51,-0.09,4,16204,卖盘
1192,13:07:45,40.6,0.09,29,117740,买盘
1193,13:07:36,40.51,--,10,40510,卖盘
1194,13:07:33,40.51,--,1,4051,卖盘
1195,13:07:24,40.51,-0.09,2,8102,卖盘
1196,13:07:15,40.6,--,29,117740,买盘
1197,13:07:06,40.6,--,10,40600,买盘
1198,13:06:45,40.6,0.01,29,117740,买盘
1199,13:06:42,40.59,0.01,1,4059,买盘
1200,13:06:39,40.58,--,2,8116,卖盘
1201,13:06:33,40.58,--,1,4058,卖盘
1202,13:06:24,40.58,--,1,4058,卖盘
1203,13:06:21,40.58,--,9,36522,卖盘
1204,13:06:15,40.58,0.08,16,64928,买盘
1205,13:06:12,40.5,--,1,4050,卖盘
1206,13:06:09,40.5,-0.08,10,40500,卖盘
1207,13:06:00,40.58,0.08,1,4058,买盘
1208,13:05:57,40.5,-0.08,10,40500,卖盘
1209,13:05:51,40.58,-0.02,2,8116,卖盘
1210,13:05:45,40.6,0.02,29,117740,买盘
1211,13:05:36,40.58,--,5,20290,卖盘
1212,13:05:33,40.58,-0.02,4,16232,中性盘
1213,13:05:15,40.6,0.01,29,117740,买盘
1214,13:05:12,40.59,--,20,81180,买盘
1215,13:05:06,40.59,--,13,52767,卖盘
1216,13:04:45,40.59,--,16,64944,买盘
1217,13:04:39,40.59,0.08,5,20295,买盘
1218,13:04:36,40.51,--,2,8102,卖盘
1219,13:04:33,40.51,-0.09,10,40510,卖盘
1220,13:04:18,40.6,--,1,4060,买盘
1221,13:04:15,40.6,0.08,33,133980,买盘
1222,13:03:51,40.52,-0.08,6,24312,卖盘
1223,13:03:48,40.6,--,1,4060,买盘
1224,13:03:45,40.6,0.09,29,117740,买盘
1225,13:03:24,40.51,-0.1,1,4051,卖盘
1226,13:03:18,40.61,--,0,730,卖盘
1227,13:03:15,40.61,0.01,28,117038,买盘
1228,13:03:12,40.6,0.1,2,8120,买盘
1229,13:03:03,40.5,-0.1,5,20250,卖盘
1230,13:02:54,40.6,-0.01,6,24360,买盘
1231,13:02:45,40.61,0.01,29,117769,买盘
1232,13:02:33,40.6,-0.04,6,24360,卖盘
1233,13:02:30,40.64,0.04,1,4064,买盘
1234,13:02:27,40.6,--,1,4060,卖盘
1235,13:02:24,40.6,--,3,12180,卖盘
1236,13:02:21,40.6,-0.04,4,16240,卖盘
1237,13:02:15,40.64,0.04,49,199136,买盘
1238,13:02:09,40.6,0.18,20,81200,买盘
1239,13:02:03,40.42,-0.14,54,218268,卖盘
1240,13:01:51,40.56,-0.05,49,198744,卖盘
1241,13:01:45,40.61,0.06,23,95555,买盘
1242,13:01:42,40.55,-0.05,10,40550,卖盘
1243,13:01:39,40.6,0.05,1,4060,买盘
1244,13:01:33,40.55,-0.06,2,8109,卖盘
1245,13:01:06,40.61,--,4,18152,卖盘
1246,13:00:51,40.61,-0.03,13,52793,卖盘
1247,13:00:45,40.64,--,3,12192,卖盘
1248,13:00:36,40.64,-0.01,2,8128,卖盘
1249,13:00:30,40.65,--,4,16260,买盘
1250,13:00:15,40.65,--,1,4065,买盘
1251,13:00:09,40.65,--,1,4065,买盘
1252,13:00:06,40.65,--,3,12195,买盘
1253,13:00:03,40.65,-0.08,179,728448,卖盘
1254,13:00:00,40.73,--,0,0,卖盘
1255,11:30:00,40.73,--,0,0,卖盘
1256,11:29:48,40.73,-0.02,3,12218,卖盘
1257,11:29:45,40.75,0.02,29,119397,中性盘
1258,11:29:36,40.73,-0.02,41,166993,卖盘
1259,11:29:27,40.75,-0.02,2,8150,卖盘
1260,11:29:21,40.77,--,5,20385,卖盘
1261,11:29:18,40.77,--,9,36693,买盘
1262,11:29:15,40.77,0.02,55,224235,买盘
1263,11:29:12,40.75,-0.01,27,110025,卖盘
1264,11:29:00,40.76,--,13,52988,卖盘
1265,11:28:57,40.76,-0.01,3,12228,中性盘
1266,11:28:51,40.77,-0.01,12,48924,中性盘
1267,11:28:45,40.78,0.01,29,118262,买盘
1268,11:28:39,40.77,--,17,69309,买盘
1269,11:28:36,40.77,--,8,32616,买盘
1270,11:28:33,40.77,0.02,2,8154,买盘
1271,11:28:30,40.75,-0.02,11,44825,卖盘
1272,11:28:27,40.77,--,7,28539,卖盘
1273,11:28:21,40.77,--,6,24462,卖盘
1274,11:28:18,40.77,--,2,8154,卖盘
1275,11:28:15,40.77,0.02,11,44847,买盘
1276,11:28:09,40.75,0.02,55,224125,买盘
1277,11:28:06,40.73,--,5,20365,卖盘
1278,11:27:51,40.73,-0.02,5,20365,卖盘
1279,11:27:45,40.75,0.02,26,107987,买盘
1280,11:27:33,40.73,--,2,8145,卖盘
1281,11:27:30,40.73,0.03,1,4072,卖盘
1282,11:27:18,40.7,-0.04,5,20350,卖盘
1283,11:27:15,40.74,0.04,32,130368,买盘
1284,11:27:12,40.7,--,5,20350,卖盘
1285,11:27:03,40.7,-0.05,10,40700,卖盘
1286,11:26:45,40.75,0.02,29,118175,买盘
1287,11:26:39,40.73,--,1,4072,买盘
1288,11:26:30,40.73,-0.01,10,40730,买盘
1289,11:26:21,40.74,--,2,10185,卖盘
1290,11:26:15,40.74,0.01,26,107961,买盘
1291,11:26:06,40.73,--,1,4072,买盘
1292,11:25:51,40.73,--,15,61094,买盘
1293,11:25:45,40.73,-0.01,29,118116,中性盘
1294,11:25:15,40.74,0.01,29,118146,买盘
1295,11:25:03,40.73,--,10,40730,买盘
1296,11:24:51,40.73,--,20,81460,卖盘
1297,11:24:48,40.73,--,2,8145,卖盘
1298,11:24:45,40.73,0.09,7,28510,买盘
1299,11:24:42,40.64,-0.1,4,16256,卖盘
1300,11:24:36,40.74,0.01,155,631470,买盘
1301,11:24:24,40.73,--,0,2443,卖盘
1302,11:24:21,40.73,--,10,40730,卖盘
1303,11:24:18,40.73,--,2,8145,卖盘
1304,11:24:15,40.73,0.09,16,66797,买盘
1305,11:24:09,40.64,-0.09,3,12192,卖盘
1306,11:23:57,40.73,--,4,18735,卖盘
1307,11:23:48,40.73,--,20,81460,卖盘
1308,11:23:45,40.73,0.03,4,17921,买盘
1309,11:23:39,40.7,-0.04,2,8140,买盘
1310,11:23:33,40.74,0.01,13,52962,买盘
1311,11:23:24,40.73,-0.01,3,12218,中性盘
1312,11:23:15,40.74,0.11,29,118146,买盘
1313,11:23:09,40.63,-0.07,2,8126,卖盘
1314,11:23:03,40.7,--,1,4070,卖盘
1315,11:23:00,40.7,--,1,4070,卖盘
1316,11:22:45,40.7,0.02,27,109890,买盘
1317,11:22:27,40.68,-0.02,2,8136,卖盘
1318,11:22:24,40.7,0.02,24,97680,买盘
1319,11:22:15,40.68,0.05,13,52884,买盘
1320,11:22:03,40.63,-0.04,2,8126,卖盘
1321,11:21:45,40.67,0.04,29,117943,买盘
1322,11:21:24,40.63,-0.03,55,223465,卖盘
1323,11:21:15,40.66,0.01,1,4065,买盘
1324,11:21:09,40.65,-0.01,5,20325,中性盘
1325,11:20:45,40.66,0.01,29,117913,买盘
1326,11:20:42,40.65,--,1,4065,买盘
1327,11:20:36,40.65,-0.05,1,4065,卖盘
1328,11:20:15,40.7,0.05,30,122100,买盘
1329,11:19:48,40.65,-0.09,5,20325,卖盘
1330,11:19:45,40.74,--,29,118146,买盘
1331,11:19:21,40.74,0.09,5,20370,买盘
1332,11:19:15,40.65,-0.05,36,146340,卖盘
1333,11:19:12,40.7,-0.09,7,28490,卖盘
1334,11:18:45,40.79,0.09,29,118291,买盘
1335,11:18:33,40.7,-0.09,1,4070,卖盘
1336,11:18:15,40.79,0.04,29,118291,买盘
1337,11:17:51,40.75,-0.04,1,4075,买盘
1338,11:17:45,40.79,0.09,29,118291,买盘
1339,11:17:42,40.7,-0.05,5,20350,卖盘
1340,11:17:36,40.75,--,1,4075,卖盘
1341,11:17:27,40.75,--,1,4075,卖盘
1342,11:17:24,40.75,--,2,8150,卖盘
1343,11:17:15,40.75,--,34,138550,卖盘
1344,11:17:09,40.75,-0.03,23,93725,卖盘
1345,11:16:45,40.78,0.03,31,126418,中性盘
1346,11:16:39,40.75,-0.03,20,81500,卖盘
1347,11:16:36,40.78,-0.01,1,4078,卖盘
1348,11:16:24,40.79,--,10,40790,卖盘
1349,11:16:21,40.79,--,1,4079,卖盘
1350,11:16:15,40.79,--,36,146844,卖盘
1351,11:16:09,40.79,0.01,2,8158,买盘
1352,11:16:03,40.78,--,14,57092,卖盘
1353,11:15:57,40.78,--,9,36702,卖盘
1354,11:15:45,40.78,0.02,7,28546,买盘
1355,11:15:39,40.76,--,2,8152,卖盘
1356,11:15:36,40.76,--,1,4076,卖盘
1357,11:15:15,40.76,0.06,26,105976,买盘
1358,11:15:03,40.7,-0.06,3,12210,卖盘
1359,11:14:45,40.76,0.08,29,118204,买盘
1360,11:14:27,40.68,-0.07,18,73224,卖盘
1361,11:14:15,40.75,--,40,163000,买盘
1362,11:14:00,40.75,-0.01,7,28525,卖盘
1363,11:13:54,40.76,-0.01,2,8152,中性盘
1364,11:13:45,40.77,--,52,212004,买盘
1365,11:13:42,40.77,--,32,130464,买盘
1366,11:13:36,40.77,--,15,61155,卖盘
1367,11:13:33,40.77,-0.01,5,20385,卖盘
1368,11:13:30,40.78,--,20,81560,买盘
1369,11:13:27,40.78,--,8,32624,买盘
1370,11:13:24,40.78,--,9,36702,买盘
1371,11:13:21,40.78,-0.02,16,65248,卖盘
1372,11:13:15,40.8,--,61,248879,买盘
1373,11:13:12,40.8,--,20,81600,买盘
1374,11:13:06,40.8,--,20,81600,买盘
1375,11:13:03,40.8,--,2,8159,买盘
1376,11:12:54,40.8,0.02,1,4079,买盘
1377,11:12:45,40.78,0.02,15,61170,买盘
1378,11:12:42,40.76,--,11,44836,买盘
1379,11:12:39,40.76,0.01,1,4076,买盘
1380,11:12:36,40.75,--,2,8150,卖盘
1381,11:12:30,40.75,--,4,16300,卖盘
1382,11:12:27,40.75,--,1,4075,买盘
1383,11:12:24,40.75,--,10,40750,买盘
1384,11:12:21,40.75,--,31,126325,买盘
1385,11:12:18,40.75,--,10,40750,买盘
1386,11:12:15,40.75,--,29,118175,买盘
1387,11:12:12,40.75,--,32,130400,买盘
1388,11:12:09,40.75,--,5,20375,买盘
1389,11:12:06,40.75,--,26,105950,买盘
1390,11:12:03,40.75,--,2,8150,买盘
1391,11:12:00,40.75,--,1,4075,买盘
1392,11:11:51,40.75,0.03,23,93725,买盘
1393,11:11:45,40.72,-0.02,30,122160,卖盘
1394,11:11:42,40.74,0.01,38,154812,买盘
1395,11:11:30,40.73,-0.01,7,28510,卖盘
1396,11:11:27,40.74,0.01,16,65184,买盘
1397,11:11:15,40.73,0.01,20,81460,买盘
1398,11:11:12,40.72,--,5,20360,买盘
1399,11:11:00,40.72,--,3,12216,卖盘
1400,11:10:57,40.72,0.07,2,8144,中性盘
1401,11:10:51,40.65,-0.07,5,20731,卖盘
1402,11:10:45,40.72,0.01,26,108315,买盘
1403,11:10:42,40.71,--,1,4071,买盘
1404,11:10:30,40.71,0.08,15,61065,买盘
1405,11:10:27,40.63,--,1,4063,卖盘
1406,11:10:12,40.63,-0.08,7,28441,中性盘
1407,11:10:06,40.71,0.1,300,1221300,买盘
1408,11:10:00,40.61,--,1,4061,卖盘
1409,11:09:54,40.61,--,5,20305,卖盘
1410,11:09:45,40.61,0.01,15,63067,买盘
1411,11:09:39,40.6,0.1,140,568400,买盘
1412,11:09:27,40.5,-0.1,5,20250,中性盘
1413,11:09:21,40.6,0.1,150,609000,买盘
1414,11:09:09,40.5,--,2,8100,卖盘
1415,11:09:06,40.5,--,6,24705,买盘
1416,11:09:00,40.5,-0.01,43,177795,卖盘
1417,11:08:57,40.51,--,1,4051,卖盘
1418,11:08:51,40.51,--,34,137734,卖盘
1419,11:08:48,40.51,--,5,20255,卖盘
1420,11:08:00,40.51,--,4,16609,买盘
1421,11:07:48,40.51,--,5,23900,卖盘
1422,11:07:18,40.51,-0.09,1,4051,卖盘
1423,11:06:48,40.6,0.01,2,8120,买盘
1424,11:06:36,40.59,--,6,24354,卖盘
1425,11:06:30,40.59,0.08,4,16236,中性盘
1426,11:06:18,40.51,-0.09,0,405,卖盘
1427,11:06:12,40.6,--,29,117740,买盘
1428,11:05:33,40.6,0.1,10,40600,买盘
1429,11:05:30,40.5,-0.1,5,20250,卖盘
1430,11:05:24,40.6,--,2,8120,买盘
1431,11:05:09,40.6,--,5,20300,买盘
1432,11:05:00,40.6,-0.02,0,3654,卖盘
1433,11:04:39,40.62,--,1,4061,卖盘
1434,11:04:36,40.62,--,5,20310,卖盘
1435,11:04:33,40.62,--,1,4061,卖盘
1436,11:04:24,40.62,0.02,4,16247,买盘
1437,11:04:18,40.6,--,5,20300,卖盘
1438,11:04:15,40.6,--,3,12180,卖盘
1439,11:04:12,40.6,--,4,16240,卖盘
1440,11:04:06,40.6,--,1,4060,卖盘
1441,11:04:00,40.6,--,42,170926,买盘
1442,11:03:54,40.6,0.12,165,669900,买盘
1443,11:03:45,40.48,--,65,264860,卖盘
1444,11:03:27,40.48,--,12,50316,卖盘
1445,11:03:24,40.48,-0.04,0,2428,卖盘
1446,11:03:21,40.52,--,10,40520,买盘
1447,11:03:18,40.52,0.04,14,56728,买盘
1448,11:03:12,40.48,--,3,12143,卖盘
1449,11:03:09,40.48,-0.04,18,72864,卖盘
1450,11:03:03,40.52,0.04,10,40520,买盘
1451,11:02:48,40.48,--,1,4047,买盘
1452,11:02:45,40.48,--,3,12143,买盘
1453,11:02:42,40.48,--,12,48575,买盘
1454,11:02:39,40.48,--,18,72864,买盘
1455,11:02:33,40.48,-0.04,40,161920,卖盘
1456,11:02:24,40.52,0.01,21,85092,买盘
1457,11:02:06,40.51,0.01,0,3078,卖盘
1458,11:01:54,40.5,--,22,90072,买盘
1459,11:01:51,40.5,--,2,8100,买盘
1460,11:01:48,40.5,0.01,2,8100,买盘
1461,11:01:45,40.49,-0.01,5,20245,卖盘
1462,11:01:42,40.5,--,3,12150,买盘
1463,11:01:30,40.5,--,10,40500,买盘
1464,11:01:27,40.5,--,1,4050,买盘
1465,11:01:24,40.5,--,22,89100,买盘
1466,11:01:21,40.5,0.01,1,4050,买盘
1467,11:01:15,40.49,--,3,12147,买盘
1468,11:01:09,40.49,--,1,4049,买盘
1469,11:01:03,40.49,--,1,4049,买盘
1470,11:00:57,40.49,0.03,1,4049,买盘
1471,11:00:51,40.46,--,2,9629,卖盘
1472,11:00:42,40.46,--,3,12138,卖盘
1473,11:00:30,40.46,-0.03,3,12138,中性盘
1474,11:00:15,40.49,--,1,4049,买盘
1475,11:00:12,40.49,0.05,1,4049,买盘
1476,11:00:09,40.44,-0.05,5,20220,卖盘
1477,11:00:06,40.49,0.02,3,12147,买盘
1478,11:00:00,40.47,-0.03,10,40470,卖盘
1479,10:59:57,40.5,0.01,1,4050,买盘
1480,10:59:51,40.49,0.07,3,12147,买盘
1481,10:59:45,40.42,-0.07,11,44462,卖盘
1482,10:59:39,40.49,-0.01,1,4049,买盘
1483,10:59:36,40.5,--,2,8100,买盘
1484,10:59:33,40.5,--,7,28350,买盘
1485,10:59:30,40.5,--,4,16200,买盘
1486,10:59:27,40.5,--,30,124578,买盘
1487,10:59:24,40.5,0.03,13,53622,买盘
1488,10:59:21,40.47,-0.02,15,60705,卖盘
1489,10:59:18,40.49,--,36,145764,买盘
1490,10:59:15,40.49,--,2,8098,买盘
1491,10:59:09,40.49,--,3,12147,买盘
1492,10:59:06,40.49,-0.01,1,4049,卖盘
1493,10:59:03,40.5,--,27,109350,买盘
1494,10:58:57,40.5,--,23,93150,卖盘
1495,10:58:54,40.5,-0.02,60,243000,卖盘
1496,10:58:51,40.52,0.02,20,81040,买盘
1497,10:58:42,40.5,-0.02,10,40500,卖盘
1498,10:58:39,40.52,--,20,81040,卖盘
1499,10:58:24,40.52,0.02,1,4052,中性盘
1500,10:58:12,40.5,0.01,4,16200,买盘
1501,10:58:09,40.49,-0.01,6,24294,中性盘
1502,10:58:00,40.5,0.02,13,52650,买盘
1503,10:57:57,40.48,-0.02,5,21940,卖盘
1504,10:57:54,40.5,0.01,21,85050,买盘
1505,10:57:51,40.49,--,9,36441,买盘
1506,10:57:45,40.49,0.01,15,63083,买盘
1507,10:57:39,40.48,-0.01,14,56671,卖盘
1508,10:57:36,40.49,--,2,8098,买盘
1509,10:57:33,40.49,0.01,4,16196,买盘
1510,10:57:30,40.48,0.01,6,24287,买盘
1511,10:57:27,40.47,-0.01,10,40470,卖盘
1512,10:57:24,40.48,--,26,105247,买盘
1513,10:57:18,40.48,--,1,4047,买盘
1514,10:57:12,40.48,--,1,4047,买盘
1515,10:57:09,40.48,--,5,20240,买盘
1516,10:57:06,40.48,--,2,8095,买盘
1517,10:57:03,40.48,-0.01,6,24287,买盘
1518,10:57:00,40.49,0.01,7,28343,买盘
1519,10:56:57,40.48,-0.02,5,20240,卖盘
1520,10:56:54,40.5,--,47,190350,买盘
1521,10:56:51,40.5,0.02,4,16200,买盘
1522,10:56:48,40.48,-0.02,1,4047,卖盘
1523,10:56:36,40.5,0.03,1,4050,中性盘
1524,10:56:27,40.47,-0.01,3,12141,卖盘
1525,10:56:24,40.48,--,3,12143,买盘
1526,10:56:21,40.48,0.06,3,12143,买盘
1527,10:56:18,40.42,-0.03,11,44462,卖盘
1528,10:56:15,40.45,--,7,30418,买盘
1529,10:56:09,40.45,--,28,113260,买盘
1530,10:56:03,40.45,-0.03,14,58571,卖盘
1531,10:55:57,40.48,-0.05,1,4047,卖盘
1532,10:55:54,40.53,0.06,21,85113,买盘
1533,10:55:48,40.47,--,0,1699,买盘
1534,10:55:45,40.47,-0.05,12,48564,卖盘
1535,10:55:42,40.52,0.05,2,8104,买盘
1536,10:55:36,40.47,-0.05,3,12141,卖盘
1537,10:55:24,40.52,0.02,20,81040,买盘
1538,10:55:21,40.5,--,10,40500,卖盘
1539,10:55:15,40.5,-0.01,55,225099,卖盘
1540,10:55:09,40.51,-0.01,5,20255,卖盘
1541,10:55:00,40.52,-0.01,13,52676,卖盘
1542,10:54:54,40.53,--,12,48636,买盘
1543,10:54:42,40.53,--,20,81060,卖盘
1544,10:54:36,40.53,-0.06,2,8106,中性盘
1545,10:53:54,40.59,0.01,22,89298,买盘
1546,10:53:51,40.58,--,1,4058,卖盘
1547,10:53:45,40.58,0.08,2,8116,中性盘
1548,10:53:30,40.5,-0.07,28,113400,卖盘
1549,10:53:27,40.57,-0.05,1,4057,卖盘
1550,10:53:24,40.62,0.04,21,85302,买盘
1551,10:53:21,40.58,-0.02,4,16232,卖盘
1552,10:53:18,40.6,0.02,2,8120,中性盘
1553,10:53:09,40.58,-0.03,6,24348,卖盘
1554,10:53:06,40.61,0.01,15,60915,买盘
1555,10:53:03,40.6,--,14,56840,卖盘
1556,10:53:00,40.6,-0.03,8,32480,卖盘
1557,10:52:57,40.63,--,13,52819,买盘
1558,10:52:54,40.63,0.05,15,60945,买盘
1559,10:52:48,40.58,-0.05,6,24348,卖盘
1560,10:52:45,40.63,--,19,77197,买盘
1561,10:52:36,40.63,0.03,9,36567,买盘
1562,10:52:33,40.6,--,10,40600,卖盘
1563,10:52:30,40.6,-0.05,2,8120,中性盘
1564,10:52:21,40.65,0.02,6,24390,买盘
1565,10:52:15,40.63,0.02,5,20315,中性盘
1566,10:52:12,40.61,--,3,12183,买盘
1567,10:52:06,40.61,-0.02,42,170562,中性盘
1568,10:51:54,40.63,0.02,21,85323,买盘
1569,10:51:51,40.61,-0.01,2,8325,卖盘
1570,10:51:48,40.62,0.01,1,4061,买盘
1571,10:51:45,40.61,--,10,40610,卖盘
1572,10:51:42,40.61,--,1,4061,卖盘
1573,10:51:39,40.61,--,22,89342,卖盘
1574,10:51:36,40.61,--,17,69037,卖盘
1575,10:51:33,40.61,--,5,20305,卖盘
1576,10:51:30,40.61,0.03,93,381530,买盘
1577,10:51:27,40.58,--,3,12174,买盘
1578,10:51:24,40.58,-0.02,34,141624,卖盘
1579,10:51:21,40.6,0.04,47,191226,买盘
1580,10:51:18,40.56,-0.02,30,125330,卖盘
1581,10:51:15,40.58,-0.01,3,12174,卖盘
1582,10:51:12,40.59,0.01,23,93357,买盘
1583,10:51:06,40.58,0.01,5,20290,买盘
1584,10:51:00,40.57,-0.01,18,73026,卖盘
1585,10:50:54,40.58,0.02,7,28406,买盘
1586,10:50:48,40.56,--,20,81120,卖盘
1587,10:50:45,40.56,0.01,13,53133,买盘
1588,10:50:42,40.55,--,1,4054,卖盘
1589,10:50:39,40.55,--,8,32439,买盘
1590,10:50:36,40.55,--,10,40550,买盘
1591,10:50:30,40.55,0.01,10,40550,买盘
1592,10:50:24,40.54,0.02,10,42161,买盘
1593,10:50:09,40.52,--,7,28364,买盘
1594,10:50:06,40.52,0.02,30,121560,买盘
1595,10:50:03,40.5,-0.01,4,16200,卖盘
1596,10:49:54,40.51,0.01,22,89122,买盘
1597,10:49:42,40.5,--,4,16200,卖盘
1598,10:49:39,40.5,-0.01,3,12150,卖盘
1599,10:49:30,40.51,0.01,4,16204,买盘
1600,10:49:24,40.5,0.02,22,89100,买盘
1601,10:49:15,40.48,--,1,4047,卖盘
1602,10:48:57,40.48,--,9,36432,买盘
1603,10:48:54,40.48,0.01,24,97151,买盘
1604,10:48:45,40.47,-0.01,2,8094,卖盘
1605,10:48:42,40.48,0.01,4,16191,买盘
1606,10:48:33,40.47,--,2,8094,卖盘
1607,10:48:27,40.47,--,1,4047,卖盘
1608,10:48:24,40.47,0.02,5,20235,买盘
1609,10:48:12,40.45,--,1,4045,卖盘
1610,10:48:09,40.45,--,1,4449,卖盘
1611,10:48:03,40.45,--,4,16180,卖盘
1612,10:47:57,40.45,--,1,4045,卖盘
1613,10:47:54,40.45,-0.02,1,4045,中性盘
1614,10:47:51,40.47,--,1,4047,买盘
1615,10:47:48,40.47,0.03,2,8094,中性盘
1616,10:47:36,40.44,-0.02,51,206244,卖盘
1617,10:47:21,40.46,-0.06,7,28322,卖盘
1618,10:47:00,40.52,0.08,8,32416,买盘
1619,10:46:48,40.44,-0.08,2,8088,卖盘
1620,10:46:45,40.52,0.1,1,4052,中性盘
1621,10:46:18,40.42,-0.11,23,92966,卖盘
1622,10:46:15,40.53,0.11,1,4053,买盘
1623,10:46:09,40.42,-0.11,3,12126,卖盘
1624,10:45:54,40.53,0.05,80,324240,买盘
1625,10:45:45,40.48,--,14,56671,买盘
1626,10:45:30,40.48,--,17,68816,卖盘
1627,10:45:27,40.48,0.03,5,20240,买盘
1628,10:45:24,40.45,0.05,1,4045,中性盘
1629,10:45:12,40.4,--,30,121200,卖盘
1630,10:44:42,40.4,--,0,3716,买盘
1631,10:44:30,40.4,0.05,34,137360,买盘
1632,10:44:21,40.35,-0.04,1,4035,卖盘
1633,10:44:15,40.39,0.03,7,28273,买盘
1634,10:44:12,40.36,0.01,5,20180,卖盘
1635,10:43:48,40.35,-0.01,3,12105,卖盘
1636,10:43:36,40.36,--,4,16144,卖盘
1637,10:43:21,40.36,--,3,15336,中性盘
1638,10:43:03,40.36,--,5,20180,卖盘
1639,10:42:09,40.36,--,9,36324,买盘
1640,10:41:51,40.36,--,1,4036,买盘
1641,10:41:45,40.36,-0.03,4,16144,买盘
1642,10:41:27,40.39,-0.01,6,24234,卖盘
1643,10:41:24,40.4,-0.09,10,40400,买盘
1644,10:40:48,40.49,--,1,4049,中性盘
1645,10:40:36,40.49,0.09,3,12147,买盘
1646,10:40:33,40.4,-0.1,2,8080,卖盘
1647,10:40:27,40.5,--,10,40500,买盘
1648,10:40:12,40.5,0.1,18,72900,买盘
1649,10:40:09,40.4,--,2,8080,卖盘
1650,10:40:00,40.4,--,30,121200,卖盘
1651,10:39:57,40.4,-0.1,1,4040,卖盘
1652,10:39:51,40.5,--,4,16200,买盘
1653,10:39:42,40.5,--,3,12150,卖盘
1654,10:39:33,40.5,-0.03,1,4050,卖盘
1655,10:39:06,40.53,--,3,12159,买盘
1656,10:39:03,40.53,--,2,8106,买盘
1657,10:39:00,40.53,--,7,32018,卖盘
1658,10:38:54,40.53,--,10,40530,卖盘
1659,10:38:51,40.53,--,5,20265,卖盘
1660,10:38:48,40.53,--,11,44583,卖盘
1661,10:38:42,40.53,--,20,81465,卖盘
1662,10:38:33,40.53,--,13,52689,卖盘
1663,10:38:30,40.53,-0.01,3,12159,卖盘
1664,10:38:24,40.54,0.01,4,16216,买盘
1665,10:38:12,40.53,0.03,10,40530,买盘
1666,10:38:09,40.5,--,2,8100,卖盘
1667,10:38:06,40.5,--,6,24300,卖盘
1668,10:38:03,40.5,--,1,4050,卖盘
1669,10:38:00,40.5,--,4,16200,卖盘
1670,10:37:57,40.5,0.1,48,194400,买盘
1671,10:37:45,40.4,--,1,4040,卖盘
1672,10:37:39,40.4,-0.1,2,8080,卖盘
1673,10:37:30,40.5,--,22,89100,中性盘
1674,10:37:24,40.5,-0.03,2,8100,卖盘
1675,10:37:18,40.53,--,10,40530,买盘
1676,10:37:09,40.53,--,1,4053,买盘
1677,10:37:03,40.53,--,17,68901,买盘
1678,10:36:57,40.53,--,3,12159,买盘
1679,10:36:48,40.53,--,7,28371,买盘
1680,10:36:45,40.53,-0.01,1,4053,卖盘
1681,10:36:39,40.54,0.01,1,4054,买盘
1682,10:36:33,40.53,-0.01,2,8106,卖盘
1683,10:36:30,40.54,0.01,22,89188,买盘
1684,10:36:21,40.53,-0.01,1,4053,卖盘
1685,10:36:18,40.54,--,13,52702,买盘
1686,10:36:12,40.54,--,5,20270,买盘
1687,10:36:00,40.54,0.01,23,93242,买盘
1688,10:35:57,40.53,--,1,4053,买盘
1689,10:35:54,40.53,--,8,32424,买盘
1690,10:35:39,40.53,-0.03,8,32424,卖盘
1691,10:35:30,40.56,0.02,22,89232,买盘
1692,10:35:21,40.54,-0.04,14,60404,卖盘
1693,10:35:18,40.58,0.02,80,324640,买盘
1694,10:35:15,40.56,--,0,405,卖盘
1695,10:35:09,40.56,--,8,32448,卖盘
1696,10:35:06,40.56,--,3,12168,卖盘
1697,10:35:00,40.56,0.02,6,24336,买盘
1698,10:34:54,40.54,-0.02,8,32432,卖盘
1699,10:34:42,40.56,0.01,7,28392,买盘
1700,10:34:39,40.55,--,1,4054,卖盘
1701,10:34:33,40.55,-0.02,1,4054,卖盘
1702,10:34:30,40.57,0.02,21,85197,买盘
1703,10:34:27,40.55,-0.02,2,8109,卖盘
1704,10:34:15,40.57,--,15,60855,卖盘
1705,10:34:09,40.57,-0.01,2,8114,卖盘
1706,10:34:03,40.58,--,1,4058,买盘
1707,10:34:00,40.58,0.01,23,93334,买盘
1708,10:33:57,40.57,--,2,8114,卖盘
1709,10:33:48,40.57,-0.01,1,4057,卖盘
1710,10:33:45,40.58,--,2,8116,买盘
1711,10:33:42,40.58,--,14,56812,买盘
1712,10:33:36,40.58,0.01,10,40580,买盘
1713,10:33:33,40.57,-0.01,1,4057,中性盘
1714,10:33:24,40.58,0.01,2,8116,中性盘
1715,10:33:21,40.57,-0.03,5,20285,卖盘
1716,10:33:18,40.6,0.02,5,20300,买盘
1717,10:33:12,40.58,-0.02,2,8116,中性盘
1718,10:33:06,40.6,0.02,36,146160,买盘
1719,10:33:03,40.58,-0.02,1,4058,中性盘
1720,10:33:00,40.6,0.02,26,105560,买盘
1721,10:32:57,40.58,-0.02,4,16232,卖盘
1722,10:32:54,40.6,0.02,6,24360,买盘
1723,10:32:51,40.58,--,5,20290,卖盘
1724,10:32:48,40.58,-0.03,5,20290,卖盘
1725,10:32:42,40.61,0.01,13,52793,买盘
1726,10:32:39,40.6,--,2,8120,买盘
1727,10:32:36,40.6,-0.01,47,190820,卖盘
1728,10:32:33,40.61,--,102,414222,买盘
1729,10:32:30,40.61,-0.03,29,117769,卖盘
1730,10:32:27,40.64,0.01,1,4064,买盘
1731,10:32:24,40.63,0.02,2,8126,买盘
1732,10:32:21,40.61,--,2,8122,卖盘
1733,10:32:18,40.61,-0.02,10,40610,卖盘
1734,10:32:15,40.63,0.07,18,73134,买盘
1735,10:32:12,40.56,-0.02,4,16224,卖盘
1736,10:32:09,40.58,0.03,7,28406,买盘
1737,10:32:06,40.55,--,6,24330,卖盘
1738,10:32:00,40.55,0.03,13,52714,买盘
1739,10:31:51,40.52,--,1,4052,卖盘
1740,10:31:45,40.52,0.01,25,101300,买盘
1741,10:31:42,40.51,0.01,3,12153,买盘
1742,10:31:39,40.5,--,0,405,卖盘
1743,10:31:36,40.5,0.2,482,1955340,买盘
1744,10:31:33,40.3,--,2,8059,买盘
1745,10:31:27,40.3,--,1,4029,买盘
1746,10:31:18,40.3,--,2,8059,买盘
1747,10:31:15,40.3,0.02,1,4029,买盘
1748,10:31:12,40.28,0.06,9,36252,买盘
1749,10:31:09,40.22,--,2,8044,卖盘
1750,10:31:03,40.22,0.02,0,3177,中性盘
1751,10:30:48,40.2,-0.12,5,20100,中性盘
1752,10:30:45,40.32,0.16,600,2419200,买盘
1753,10:30:42,40.16,-0.04,20,80320,卖盘
1754,10:30:39,40.2,-0.01,4,16080,中性盘
1755,10:30:30,40.21,0.01,4,16084,买盘
1756,10:30:27,40.2,0.02,19,76380,买盘
1757,10:30:24,40.18,--,10,40180,买盘
1758,10:30:21,40.18,-0.02,20,80360,卖盘
1759,10:30:18,40.2,--,2,8040,卖盘
1760,10:30:15,40.2,0.02,12,48240,买盘
1761,10:30:09,40.18,-0.02,7,28126,卖盘
1762,10:30:06,40.2,0.02,3,12060,买盘
1763,10:30:03,40.18,-0.02,1,4018,卖盘
1764,10:30:00,40.2,--,5,20100,买盘
1765,10:29:54,40.2,--,1,4020,买盘
1766,10:29:51,40.2,--,1,4020,买盘
1767,10:29:48,40.2,0.04,5,20100,买盘
1768,10:29:45,40.16,-0.04,2,8031,卖盘
1769,10:29:42,40.2,0.04,15,60300,买盘
1770,10:29:36,40.16,-0.04,5,20080,卖盘
1771,10:29:21,40.2,--,2,8040,买盘
1772,10:29:15,40.2,--,20,80400,买盘
1773,10:29:12,40.2,-0.02,3,12060,卖盘
1774,10:29:00,40.22,--,1,4022,卖盘
1775,10:28:51,40.22,-0.03,4,16088,卖盘
1776,10:28:45,40.25,0.02,21,84525,买盘
1777,10:28:39,40.23,--,1,4867,卖盘
1778,10:28:33,40.23,--,59,237356,卖盘
1779,10:28:18,40.23,-0.04,13,52298,卖盘
1780,10:28:15,40.27,0.02,21,84567,买盘
1781,10:28:12,40.25,-0.02,1,4025,卖盘
1782,10:28:03,40.27,0.02,2,8054,买盘
1783,10:27:54,40.25,-0.02,5,20125,卖盘
1784,10:27:51,40.27,0.02,2,8054,买盘
1785,10:27:48,40.25,--,2,8050,卖盘
1786,10:27:45,40.25,-0.02,27,108675,卖盘
1787,10:27:39,40.27,0.02,2,8054,买盘
1788,10:27:36,40.25,--,6,24150,卖盘
1789,10:27:18,40.25,0.02,3,12075,中性盘
1790,10:27:12,40.23,-0.02,21,84483,卖盘
1791,10:27:09,40.25,--,4,19279,买盘
1792,10:27:00,40.25,--,7,28175,买盘
1793,10:26:54,40.25,-0.02,10,41497,卖盘
1794,10:26:48,40.27,-0.01,10,40270,卖盘
1795,10:26:45,40.28,--,22,90227,买盘
1796,10:26:33,40.28,--,1,4028,买盘
1797,10:26:21,40.28,0.01,7,28196,买盘
1798,10:26:18,40.27,0.01,1,4027,卖盘
1799,10:26:15,40.26,0.01,1,4831,买盘
1800,10:26:12,40.25,--,10,40250,卖盘
1801,10:26:00,40.25,--,3,12075,卖盘
1802,10:25:57,40.25,--,1,4025,卖盘
1803,10:25:48,40.25,--,3,12075,卖盘
1804,10:25:45,40.25,--,1,4387,买盘
1805,10:25:42,40.25,--,2,8050,买盘
1806,10:25:33,40.25,-0.03,20,83357,卖盘
1807,10:25:30,40.28,0.01,20,80560,买盘
1808,10:25:27,40.27,--,49,197323,卖盘
1809,10:25:24,40.27,0.01,1,4832,中性盘
1810,10:25:18,40.26,-0.02,5,20130,卖盘
1811,10:25:15,40.28,0.01,31,124868,买盘
1812,10:25:12,40.27,0.01,1,4027,买盘
1813,10:25:09,40.26,0.01,7,28182,中性盘
1814,10:24:51,40.25,-0.02,95,382375,卖盘
1815,10:24:45,40.27,--,21,84567,买盘
1816,10:24:42,40.27,0.01,10,40270,买盘
1817,10:24:39,40.26,--,5,20130,卖盘
1818,10:24:36,40.26,--,8,32208,卖盘
1819,10:24:33,40.26,-0.01,1,4026,卖盘
1820,10:24:30,40.27,0.01,10,40270,买盘
1821,10:24:27,40.26,--,4,16104,卖盘
1822,10:24:24,40.26,--,4,16104,卖盘
1823,10:24:21,40.26,--,1,4026,卖盘
1824,10:24:18,40.26,0.01,2,8052,中性盘
1825,10:24:12,40.25,0.03,36,145262,买盘
1826,10:24:09,40.22,0.02,1,4022,中性盘
1827,10:23:57,40.2,-0.02,30,120600,卖盘
1828,10:23:54,40.22,--,11,44242,卖盘
1829,10:23:51,40.22,--,11,44242,卖盘
1830,10:23:48,40.22,--,1,4022,卖盘
1831,10:23:45,40.22,--,23,92506,卖盘
1832,10:23:39,40.22,-0.03,0,804,卖盘
1833,10:23:30,40.25,-0.02,1,4025,中性盘
1834,10:23:18,40.27,--,10,40270,买盘
1835,10:23:12,40.27,--,1,4027,买盘
1836,10:23:03,40.27,-0.01,12,48324,卖盘
1837,10:23:00,40.28,--,11,44308,买盘
1838,10:22:57,40.28,0.01,15,60420,买盘
1839,10:22:54,40.27,--,1,4027,卖盘
1840,10:22:51,40.27,--,2,8054,卖盘
1841,10:22:48,40.27,--,10,40270,卖盘
1842,10:22:45,40.27,0.02,6,24162,买盘
1843,10:22:39,40.25,-0.01,10,40250,卖盘
1844,10:22:36,40.26,0.01,80,322080,买盘
1845,10:22:30,40.25,0.05,289,1163225,买盘
1846,10:22:24,40.2,--,8,32160,卖盘
1847,10:22:15,40.2,--,31,124620,卖盘
1848,10:22:09,40.2,--,3,12060,卖盘
1849,10:22:03,40.2,--,2,8040,卖盘
1850,10:22:00,40.2,--,4,16080,卖盘
1851,10:21:57,40.2,--,14,56280,买盘
1852,10:21:54,40.2,--,1,4020,买盘
1853,10:21:51,40.2,0.01,12,48240,买盘
1854,10:21:45,40.19,--,50,200950,卖盘
1855,10:21:36,40.19,--,48,192912,买盘
1856,10:21:15,40.19,0.09,100,401900,买盘
1857,10:21:09,40.1,0.01,0,802,中性盘
1858,10:20:48,40.09,-0.09,47,188423,卖盘
1859,10:20:45,40.18,--,31,124558,买盘
1860,10:20:42,40.18,--,13,52234,买盘
1861,10:20:39,40.18,0.01,6,24108,买盘
1862,10:20:36,40.17,--,3,12051,中性盘
1863,10:20:27,40.17,--,1,4017,中性盘
1864,10:20:21,40.17,--,5,20085,卖盘
1865,10:20:18,40.17,--,5,20085,卖盘
1866,10:20:15,40.17,-0.01,13,52221,中性盘
1867,10:20:09,40.18,0.03,20,80360,买盘
1868,10:20:06,40.15,--,30,120450,卖盘
1869,10:19:57,40.15,0.07,35,140525,买盘
1870,10:19:42,40.08,-0.07,2,8016,中性盘
1871,10:19:36,40.15,0.06,100,401500,买盘
1872,10:19:12,40.09,0.04,2,8018,买盘
1873,10:19:06,40.05,-0.04,19,76095,中性盘
1874,10:18:57,40.09,0.05,6,24054,买盘
1875,10:18:54,40.04,0.01,1,4004,中性盘
1876,10:18:45,40.03,-0.02,23,92069,卖盘
1877,10:18:42,40.05,0.02,5,20025,买盘
1878,10:18:15,40.03,0.03,16,64048,中性盘
1879,10:17:45,40.0,0.01,5,20000,买盘
1880,10:17:27,39.99,0.05,7,27993,买盘
1881,10:17:12,39.94,-0.05,21,83874,中性盘
1882,10:17:00,39.99,0.07,1,3999,买盘
1883,10:16:48,39.92,0.01,1,3992,中性盘
1884,10:16:42,39.91,-0.08,5,19955,中性盘
1885,10:16:27,39.99,--,56,223944,卖盘
1886,10:16:21,39.99,--,2,7998,卖盘
1887,10:16:15,39.99,0.02,98,391902,买盘
1888,10:16:12,39.97,0.06,14,55958,买盘
1889,10:16:06,39.91,-0.08,22,87801,卖盘
1890,10:16:00,39.99,0.02,27,107973,买盘
1891,10:15:57,39.97,--,1,3997,卖盘
1892,10:15:54,39.97,-0.02,2,7994,卖盘
1893,10:15:45,39.99,0.02,21,83979,买盘
1894,10:15:39,39.97,--,5,19985,卖盘
1895,10:15:27,39.97,-0.02,21,83937,卖盘
1896,10:15:21,39.99,--,10,39990,买盘
1897,10:15:15,39.99,--,28,111972,卖盘
1898,10:15:12,39.99,-0.01,30,119970,卖盘
1899,10:14:57,40.0,0.01,10,40000,买盘
1900,10:14:54,39.99,--,20,79980,卖盘
1901,10:14:51,39.99,-0.01,2,7998,卖盘
1902,10:14:45,40.0,0.01,20,80000,中性盘
1903,10:14:39,39.99,-0.02,3,11997,卖盘
1904,10:14:36,40.01,0.02,15,60015,买盘
1905,10:14:30,39.99,--,14,55986,卖盘
1906,10:14:24,39.99,-0.01,6,23994,卖盘
1907,10:14:21,40.0,-0.01,5,20000,买盘
1908,10:14:15,40.01,0.01,20,80020,买盘
1909,10:14:12,40.0,0.01,5,20000,买盘
1910,10:14:06,39.99,-0.01,2,7998,卖盘
1911,10:13:57,40.0,0.01,2,8000,买盘
1912,10:13:48,39.99,-0.01,1,3999,卖盘
1913,10:13:45,40.0,0.01,21,84000,买盘
1914,10:13:36,39.99,-0.02,8,31992,卖盘
1915,10:13:27,40.01,0.01,2,8002,买盘
1916,10:13:18,40.0,-0.01,5,20000,卖盘
1917,10:13:15,40.01,0.01,20,80020,买盘
1918,10:13:12,40.0,--,30,120000,买盘
1919,10:13:06,40.0,0.01,5,20000,买盘
1920,10:12:54,39.99,--,11,47908,买盘
1921,10:12:48,39.99,0.04,1,3999,买盘
1922,10:12:27,39.95,0.04,5,19975,中性盘
1923,10:12:09,39.91,-0.01,7,27936,买盘
1924,10:12:06,39.92,--,3,11976,卖盘
1925,10:12:03,39.92,0.02,20,79840,中性盘
1926,10:11:45,39.9,-0.07,80,319200,卖盘
1927,10:11:30,39.97,-0.03,3,11991,卖盘
1928,10:11:18,40.0,0.03,1,4000,买盘
1929,10:11:12,39.97,--,2,7994,卖盘
1930,10:11:09,39.97,-0.03,1,3997,卖盘
1931,10:11:03,40.0,0.03,5,20000,买盘
1932,10:10:09,39.97,0.07,1,3997,买盘
1933,10:10:06,39.9,--,122,486780,卖盘
1934,10:09:57,39.9,-0.05,136,542640,卖盘
1935,10:09:45,39.95,0.05,64,255680,买盘
1936,10:09:36,39.9,-0.01,2,7980,卖盘
1937,10:09:33,39.91,0.01,10,39910,中性盘
1938,10:09:03,39.9,--,5,19950,买盘
1939,10:09:00,39.9,--,3,11970,买盘
1940,10:08:48,39.9,--,1,3990,买盘
1941,10:08:45,39.9,0.01,2,7980,买盘
1942,10:08:39,39.89,--,21,84965,买盘
1943,10:08:27,39.89,-0.01,0,2792,卖盘
1944,10:08:21,39.9,0.01,2,7980,买盘
1945,10:08:15,39.89,--,25,100921,卖盘
1946,10:08:12,39.89,-0.01,2,7978,卖盘
1947,10:08:00,39.9,0.01,11,43890,买盘
1948,10:07:57,39.89,-0.01,2,7978,卖盘
1949,10:07:51,39.9,-0.05,28,111720,卖盘
1950,10:07:39,39.95,0.05,7,27965,买盘
1951,10:07:33,39.9,-0.04,6,23940,卖盘
1952,10:07:30,39.94,--,2,7988,卖盘
1953,10:07:27,39.94,-0.03,1,3994,卖盘
1954,10:07:18,39.97,--,4,15988,卖盘
1955,10:07:12,39.97,-0.01,4,15988,卖盘
1956,10:07:06,39.98,-0.01,29,115941,卖盘
1957,10:07:00,39.99,--,1,3999,买盘
1958,10:06:57,39.99,-0.01,18,71982,卖盘
1959,10:06:30,40.0,--,1,4000,买盘
1960,10:06:24,40.0,-0.01,145,580000,卖盘
1961,10:06:12,40.01,-0.01,20,80020,卖盘
1962,10:06:00,40.02,--,1,4002,卖盘
1963,10:05:54,40.02,--,5,20010,卖盘
1964,10:05:42,40.02,-0.08,3,12006,卖盘
1965,10:05:27,40.1,0.01,18,72180,买盘
1966,10:05:21,40.09,--,1,4009,中性盘
1967,10:04:57,40.09,-0.02,1,4009,卖盘
1968,10:04:54,40.11,-0.01,20,83027,卖盘
1969,10:04:51,40.12,0.01,3,12036,买盘
1970,10:04:48,40.11,--,1,4011,卖盘
1971,10:04:42,40.11,--,6,24066,卖盘
1972,10:04:33,40.11,--,4,16044,卖盘
1973,10:04:30,40.11,--,7,28077,卖盘
1974,10:04:27,40.11,-0.01,15,60165,卖盘
1975,10:04:24,40.12,--,1,4011,中性盘
1976,10:04:18,40.12,0.01,5,20060,中性盘
1977,10:04:00,40.11,-0.04,0,1203,中性盘
1978,10:03:42,40.15,--,20,80300,买盘
1979,10:03:33,40.15,--,1,4015,买盘
1980,10:03:27,40.15,--,2,8030,买盘
1981,10:03:24,40.15,0.13,3,12045,买盘
1982,10:03:15,40.02,0.01,2,8004,中性盘
1983,10:03:00,40.01,--,45,180045,卖盘
1984,10:02:51,40.01,-0.16,1,4001,卖盘
1985,10:02:48,40.17,0.16,4,16068,买盘
1986,10:02:45,40.01,--,2,8002,卖盘
1987,10:02:27,40.01,0.01,1,4001,买盘
1988,10:02:24,40.0,-0.01,3,12000,卖盘
1989,10:02:15,40.01,--,1,4001,买盘
1990,10:02:12,40.01,-0.18,8,32008,卖盘
1991,10:02:06,40.19,--,8,32152,买盘
1992,10:02:00,40.19,-0.05,2,8038,中性盘
1993,10:01:48,40.24,--,23,92552,买盘
1994,10:01:45,40.24,0.14,1,4024,买盘
1995,10:01:42,40.1,-0.12,46,184460,卖盘
1996,10:01:36,40.22,0.01,10,40220,买盘
1997,10:01:33,40.21,--,33,132693,卖盘
1998,10:01:27,40.21,--,3,12063,卖盘
1999,10:01:24,40.21,--,5,20105,卖盘
2000,10:01:18,40.21,0.02,7,28147,买盘
2001,10:01:15,40.19,--,13,52608,卖盘
2002,10:01:12,40.19,-0.01,1,4019,卖盘
2003,10:01:09,40.2,--,10,40200,买盘
2004,10:01:06,40.2,0.01,1,4020,买盘
2005,10:01:03,40.19,-0.01,1,4019,卖盘
2006,10:01:00,40.2,--,17,68340,买盘
2007,10:00:51,40.2,0.01,10,40200,买盘
2008,10:00:48,40.19,0.02,1,4019,买盘
2009,10:00:39,40.17,0.01,1,4017,买盘
2010,10:00:36,40.16,0.01,6,24095,买盘
2011,10:00:33,40.15,0.05,26,104390,买盘
2012,10:00:24,40.1,0.05,139,557390,买盘
2013,10:00:21,40.05,0.04,2,8009,买盘
2014,10:00:18,40.01,--,6,24006,买盘
2015,10:00:12,40.01,0.01,1,4001,买盘
2016,10:00:09,40.0,--,4,16000,卖盘
2017,10:00:06,40.0,--,2,8000,买盘
2018,10:00:03,40.0,-0.01,10,40000,中性盘
2019,09:59:48,40.01,0.02,23,92023,买盘
2020,09:59:33,39.99,-0.02,3,11997,卖盘
2021,09:59:30,40.01,0.02,11,44011,买盘
2022,09:59:21,39.99,--,4,15996,买盘
2023,09:59:18,39.99,-0.01,44,175956,卖盘
2024,09:59:03,40.0,-0.01,2,8000,中性盘
2025,09:58:57,40.01,-0.02,1,4001,中性盘
2026,09:58:48,40.03,0.03,21,84063,买盘
2027,09:58:45,40.0,-0.01,14,56000,卖盘
2028,09:58:30,40.01,-0.05,30,120030,卖盘
2029,09:58:24,40.06,0.03,5,20030,买盘
2030,09:58:21,40.03,0.02,10,40030,中性盘
2031,09:57:48,40.01,0.01,2,8002,买盘
2032,09:57:18,40.0,0.01,22,88000,买盘
2033,09:56:48,39.99,0.02,10,39990,买盘
2034,09:56:24,39.97,0.01,7,27979,卖盘
2035,09:56:18,39.96,0.01,4,15984,买盘
2036,09:56:12,39.95,--,6,23970,卖盘
2037,09:56:06,39.95,-0.03,4,15980,卖盘
2038,09:55:48,39.98,0.01,22,87956,买盘
2039,09:55:45,39.97,--,3,11991,买盘
2040,09:55:42,39.97,--,10,39970,卖盘
2041,09:55:36,39.97,-0.01,10,39970,卖盘
2042,09:55:33,39.98,--,1,3997,买盘
2043,09:55:15,39.98,--,13,51973,中性盘
2044,09:55:00,39.98,--,20,79960,卖盘
2045,09:54:57,39.98,--,6,23987,卖盘
2046,09:54:54,39.98,-0.02,2,7995,卖盘
2047,09:54:48,40.0,--,21,84000,买盘
2048,09:54:39,40.0,--,9,36000,买盘
2049,09:54:24,40.0,-0.06,40,163640,卖盘
2050,09:54:21,40.06,--,2,8012,卖盘
2051,09:54:18,40.06,0.02,7,28042,买盘
2052,09:54:12,40.04,0.02,2,8008,中性盘
2053,09:54:00,40.02,--,1,4362,买盘
2054,09:53:51,40.02,-0.02,10,43661,卖盘
2055,09:53:48,40.04,--,23,92092,买盘
2056,09:53:39,40.04,0.02,2,8008,买盘
2057,09:53:36,40.02,-0.02,5,20010,卖盘
2058,09:53:27,40.04,-0.04,13,52052,卖盘
2059,09:53:18,40.08,0.01,25,100200,买盘
2060,09:53:09,40.07,0.02,2,8014,买盘
2061,09:53:03,40.05,-0.02,1,4004,卖盘
2062,09:52:57,40.07,0.01,10,40070,买盘
2063,09:52:54,40.06,-0.01,2,8012,中性盘
2064,09:52:48,40.07,0.01,21,84147,买盘
2065,09:52:45,40.06,--,3,12018,买盘
2066,09:52:42,40.06,--,4,16024,卖盘
2067,09:52:39,40.06,--,2,8012,卖盘
2068,09:52:36,40.06,--,2,8012,卖盘
2069,09:52:33,40.06,--,11,44066,卖盘
2070,09:52:18,40.06,0.02,2,8012,买盘
2071,09:52:15,40.04,--,1,4004,买盘
2072,09:52:12,40.04,--,4,16016,卖盘
2073,09:52:09,40.04,--,8,32032,卖盘
2074,09:52:06,40.04,--,3,12012,卖盘
2075,09:51:54,40.04,--,4,16016,卖盘
2076,09:51:51,40.04,-0.05,1,4004,中性盘
2077,09:51:39,40.09,0.07,3,12027,买盘
2078,09:51:36,40.02,-0.07,30,120060,卖盘
2079,09:51:33,40.09,--,3,12027,买盘
2080,09:51:30,40.09,0.02,2,8018,买盘
2081,09:51:27,40.07,--,7,28049,卖盘
2082,09:51:24,40.07,-0.02,5,20035,卖盘
2083,09:51:18,40.09,0.01,21,84189,买盘
2084,09:51:15,40.08,0.01,2,8016,买盘
2085,09:51:09,40.07,-0.02,0,1202,卖盘
2086,09:51:03,40.09,--,10,40090,买盘
2087,09:51:00,40.09,--,1,4009,买盘
2088,09:50:54,40.09,--,23,92207,卖盘
2089,09:50:51,40.09,-0.01,8,32072,卖盘
2090,09:50:48,40.1,0.01,21,84210,买盘
2091,09:50:36,40.09,-0.01,1,4009,卖盘
2092,09:50:30,40.1,--,2,8020,买盘
2093,09:50:24,40.1,0.01,12,48120,买盘
2094,09:50:15,40.09,-0.01,3,12027,中性盘
2095,09:50:09,40.1,0.03,5,20050,买盘
2096,09:50:00,40.07,--,1,4007,卖盘
2097,09:49:54,40.07,--,1,4007,卖盘
2098,09:49:51,40.07,--,5,20035,卖盘
2099,09:49:48,40.07,--,1,4007,买盘
2100,09:49:45,40.07,0.01,7,28049,买盘
2101,09:49:42,40.06,0.01,5,20030,买盘
2102,09:49:36,40.05,--,11,44055,卖盘
2103,09:49:27,40.05,--,9,36045,买盘
2104,09:49:24,40.05,0.03,1,4004,买盘
2105,09:49:21,40.02,0.02,7,28014,卖盘
2106,09:49:18,40.0,--,23,92000,卖盘
2107,09:48:57,40.0,0.01,28,115160,买盘
2108,09:48:54,39.99,0.05,30,119970,买盘
2109,09:48:51,39.94,-0.04,5,19970,卖盘
2110,09:48:48,39.98,--,2,7995,买盘
2111,09:48:45,39.98,0.04,1,3997,买盘
2112,09:48:36,39.94,--,1,3994,卖盘
2113,09:48:21,39.94,0.01,16,63904,买盘
2114,09:48:15,39.93,0.02,1,3993,买盘
2115,09:48:06,39.91,0.01,6,23945,买盘
2116,09:48:00,39.9,--,2,7980,卖盘
2117,09:47:45,39.9,--,3,11970,卖盘
2118,09:47:42,39.9,--,30,119700,卖盘
2119,09:47:33,39.9,-0.04,5,19950,卖盘
2120,09:47:21,39.94,-0.05,8,31952,中性盘
2121,09:47:09,39.99,0.05,61,243939,买盘
2122,09:47:03,39.94,-0.01,8,31952,卖盘
2123,09:46:57,39.95,--,4,15980,卖盘
2124,09:46:54,39.95,-0.03,2,7990,卖盘
2125,09:46:30,39.98,--,67,267866,卖盘
2126,09:46:27,39.98,-0.02,1,3997,卖盘
2127,09:46:18,40.0,--,60,240000,买盘
2128,09:46:12,40.0,0.02,3,12000,买盘
2129,09:46:03,39.98,-0.02,1,3997,卖盘
2130,09:46:00,40.0,0.02,21,84000,买盘
2131,09:45:48,39.98,0.04,1,3997,买盘
2132,09:45:39,39.94,-0.01,28,111832,卖盘
2133,09:45:36,39.95,0.01,145,579275,买盘
2134,09:45:33,39.94,--,15,59910,卖盘
2135,09:45:24,39.94,--,22,87868,卖盘
2136,09:45:21,39.94,0.02,7,27958,买盘
2137,09:45:18,39.92,-0.02,18,71856,卖盘
2138,09:45:06,39.94,0.02,11,43934,买盘
2139,09:45:00,39.92,-0.02,7,27944,中性盘
2140,09:44:45,39.94,0.04,2,7988,买盘
2141,09:44:42,39.9,--,16,63840,买盘
2142,09:44:39,39.9,0.01,4,15960,买盘
2143,09:44:33,39.89,--,5,19945,卖盘
2144,09:44:30,39.89,--,8,31912,买盘
2145,09:44:24,39.89,0.01,13,51857,买盘
2146,09:44:18,39.88,0.01,6,23928,买盘
2147,09:44:12,39.87,0.07,19,75753,买盘
2148,09:44:00,39.8,0.12,10,39800,卖盘
2149,09:43:51,39.68,-0.22,20,79360,卖盘
2150,09:43:48,39.9,0.2,10,39900,买盘
2151,09:43:45,39.7,--,7,28742,中性盘
2152,09:43:36,39.7,0.02,145,575650,买盘
2153,09:43:33,39.68,0.01,2,7936,卖盘
2154,09:43:30,39.67,--,8,31736,买盘
2155,09:43:27,39.67,--,15,59505,买盘
2156,09:43:24,39.67,--,2,7934,买盘
2157,09:43:21,39.67,0.01,20,79340,买盘
2158,09:43:18,39.66,0.01,7,27761,买盘
2159,09:43:12,39.65,--,7,27755,卖盘
2160,09:43:06,39.65,--,5,19825,卖盘
2161,09:43:00,39.65,0.05,1,3965,中性盘
2162,09:42:39,39.6,--,23,91080,买盘
2163,09:42:36,39.6,--,200,792000,买盘
2164,09:42:27,39.6,--,1,3960,买盘
2165,09:42:24,39.6,--,2,7920,买盘
2166,09:42:21,39.6,-0.06,273,1081080,卖盘
2167,09:42:18,39.66,--,2,7931,买盘
2168,09:42:09,39.66,--,58,230027,买盘
2169,09:42:06,39.66,-0.02,33,130877,卖盘
2170,09:42:03,39.68,0.01,5,19840,卖盘
2171,09:42:00,39.67,0.01,14,55538,买盘
2172,09:41:57,39.66,-0.01,13,51557,卖盘
2173,09:41:54,39.67,0.01,3,11901,买盘
2174,09:41:51,39.66,-0.01,6,23795,卖盘
2175,09:41:48,39.67,--,3,11901,买盘
2176,09:41:45,39.67,--,14,55538,买盘
2177,09:41:42,39.67,--,5,19835,买盘
2178,09:41:39,39.67,-0.03,5,19835,卖盘
2179,09:41:36,39.7,--,2,7940,买盘
2180,09:41:30,39.7,--,29,115130,买盘
2181,09:41:27,39.7,--,2,7940,买盘
2182,09:41:21,39.7,--,10,39700,买盘
2183,09:41:18,39.7,--,5,19850,买盘
2184,09:41:15,39.7,--,1,3970,买盘
2185,09:41:12,39.7,--,2,7940,买盘
2186,09:41:09,39.7,--,60,238200,卖盘
2187,09:40:57,39.7,--,8,31760,卖盘
2188,09:40:54,39.7,--,74,293780,买盘
2189,09:40:51,39.7,--,4,15880,买盘
2190,09:40:45,39.7,--,55,218350,买盘
2191,09:40:42,39.7,--,18,71460,买盘
2192,09:40:39,39.7,--,8,31760,买盘
2193,09:40:36,39.7,-0.1,144,571680,卖盘
2194,09:40:33,39.8,--,21,83580,买盘
2195,09:40:30,39.8,-0.08,93,373164,卖盘
2196,09:40:24,39.88,0.03,10,39880,买盘
2197,09:40:15,39.85,--,35,139475,买盘
2198,09:40:12,39.85,--,2,7970,买盘
2199,09:40:09,39.85,--,5,19925,买盘
2200,09:39:57,39.85,0.15,10,39850,买盘
2201,09:39:48,39.7,-0.08,121,480370,卖盘
2202,09:39:45,39.78,--,15,60624,买盘
2203,09:39:42,39.78,-0.02,14,58715,卖盘
2204,09:39:39,39.8,--,1,3979,卖盘
2205,09:39:33,39.8,0.02,14,56675,买盘
2206,09:39:30,39.78,-0.02,19,75582,卖盘
2207,09:39:24,39.8,--,23,91540,买盘
2208,09:39:18,39.8,-0.05,76,305504,卖盘
2209,09:39:15,39.85,--,2,7970,卖盘
2210,09:39:12,39.85,0.01,24,95640,卖盘
2211,09:38:57,39.84,0.04,3,11952,中性盘
2212,09:38:54,39.8,-0.1,40,160155,卖盘
2213,09:38:45,39.9,--,13,51870,买盘
2214,09:38:42,39.9,--,2,7980,买盘
2215,09:38:36,39.9,-0.09,105,418950,卖盘
2216,09:38:33,39.99,--,2,7998,买盘
2217,09:38:30,39.99,--,3,11997,买盘
2218,09:38:24,39.99,--,8,31992,卖盘
2219,09:38:21,39.99,--,1,3999,卖盘
2220,09:38:18,39.99,-0.01,11,43989,卖盘
2221,09:38:06,40.0,0.05,7,28000,买盘
2222,09:38:03,39.95,-0.04,43,171785,卖盘
2223,09:38:00,39.99,--,25,99975,买盘
2224,09:37:57,39.99,--,5,19995,买盘
2225,09:37:54,39.99,-0.01,2,7998,卖盘
2226,09:37:51,40.0,0.01,2,8000,买盘
2227,09:37:42,39.99,-0.01,3,11997,卖盘
2228,09:37:36,40.0,--,27,108000,买盘
2229,09:37:33,40.0,-0.09,90,360000,卖盘
2230,09:37:30,40.09,--,2,8018,买盘
2231,09:37:27,40.09,--,7,28063,买盘
2232,09:37:21,40.09,--,1,4009,买盘
2233,09:37:18,40.09,-0.01,1,4009,中性盘
2234,09:37:12,40.1,0.03,7,28070,买盘
2235,09:37:09,40.07,-0.02,10,40070,卖盘
2236,09:37:06,40.09,-0.01,18,72162,卖盘
2237,09:37:03,40.1,--,31,124310,买盘
2238,09:36:57,40.1,-0.01,12,48120,买盘
2239,09:36:54,40.11,-0.04,13,52143,卖盘
2240,09:36:51,40.15,0.03,3,12045,买盘
2241,09:36:48,40.12,-0.03,3,12036,卖盘
2242,09:36:45,40.15,--,38,152570,买盘
2243,09:36:42,40.15,0.02,3,12045,买盘
2244,09:36:39,40.13,0.01,3,12039,卖盘
2245,09:36:36,40.12,-0.01,7,28084,卖盘
2246,09:36:33,40.13,-0.02,28,112364,卖盘
2247,09:36:27,40.15,--,38,152971,卖盘
2248,09:36:24,40.15,--,21,84315,卖盘
2249,09:36:21,40.15,-0.02,10,40150,卖盘
2250,09:36:18,40.17,--,26,104442,卖盘
2251,09:36:15,40.17,0.02,19,79938,买盘
2252,09:36:09,40.15,-0.01,1,4015,卖盘
2253,09:36:06,40.16,-0.02,12,48593,卖盘
2254,09:36:03,40.18,0.02,17,68306,买盘
2255,09:36:00,40.16,-0.01,4,19678,卖盘
2256,09:35:57,40.17,--,2,8034,买盘
2257,09:35:54,40.17,-0.01,9,36153,卖盘
2258,09:35:48,40.18,0.01,14,56252,买盘
2259,09:35:45,40.17,-0.01,4,16068,卖盘
2260,09:35:42,40.18,-0.02,198,795564,卖盘
2261,09:35:39,40.2,--,6,24120,卖盘
2262,09:35:36,40.2,--,1,4020,卖盘
2263,09:35:33,40.2,0.02,74,297480,中性盘
2264,09:35:27,40.18,-0.02,66,265188,卖盘
2265,09:35:24,40.2,0.02,2,8040,买盘
2266,09:35:21,40.18,--,9,36162,卖盘
2267,09:35:18,40.18,--,24,96432,买盘
2268,09:35:15,40.18,--,1,4018,买盘
2269,09:35:09,40.18,-0.02,39,156702,卖盘
2270,09:35:03,40.2,0.02,24,96480,中性盘
2271,09:35:00,40.18,-0.04,8,32144,卖盘
2272,09:34:57,40.22,0.04,8,32176,买盘
2273,09:34:54,40.18,-0.01,2,8036,卖盘
2274,09:34:51,40.19,-0.04,1,4019,中性盘
2275,09:34:42,40.23,0.05,4,16091,买盘
2276,09:34:39,40.18,--,2,8036,卖盘
2277,09:34:30,40.18,-0.06,44,176792,卖盘
2278,09:34:27,40.24,-0.01,1,4024,中性盘
2279,09:34:21,40.25,--,15,60375,买盘
2280,09:34:18,40.25,0.05,11,44275,买盘
2281,09:34:15,40.2,-0.05,25,100500,卖盘
2282,09:34:12,40.25,--,12,48300,买盘
2283,09:34:09,40.25,0.03,3,12075,买盘
2284,09:34:06,40.22,0.02,2,8044,买盘
2285,09:34:03,40.2,0.04,23,92460,买盘
2286,09:34:00,40.16,-0.02,28,112447,卖盘
2287,09:33:54,40.18,-0.02,5,20090,卖盘
2288,09:33:51,40.2,--,2,8040,卖盘
2289,09:33:48,40.2,-0.02,6,24120,卖盘
2290,09:33:45,40.22,0.02,2,8044,买盘
2291,09:33:36,40.2,--,1,4020,卖盘
2292,09:33:33,40.2,--,14,56280,买盘
2293,09:33:30,40.2,--,1,4020,买盘
2294,09:33:27,40.2,-0.05,20,80400,买盘
2295,09:33:24,40.25,0.01,15,60375,卖盘
2296,09:33:18,40.24,0.04,11,44264,买盘
2297,09:33:15,40.2,-0.04,3,12060,买盘
2298,09:33:12,40.24,-0.02,22,88528,卖盘
2299,09:33:09,40.26,-0.02,1,4026,卖盘
2300,09:33:06,40.28,0.01,53,213484,买盘
2301,09:33:03,40.27,0.02,117,471159,买盘
2302,09:32:57,40.25,-0.03,3,12075,卖盘
2303,09:32:51,40.28,0.02,13,52364,中性盘
2304,09:32:45,40.26,-0.03,50,201300,卖盘
2305,09:32:42,40.29,0.01,6,24174,买盘
2306,09:32:39,40.28,-0.01,3,12084,卖盘
2307,09:32:36,40.29,-0.01,8,32232,中性盘
2308,09:32:33,40.3,0.03,27,108809,买盘
2309,09:32:30,40.27,-0.03,5,20135,中性盘
2310,09:32:27,40.3,0.02,56,225679,买盘
2311,09:32:24,40.28,-0.02,14,56392,中性盘
2312,09:32:21,40.3,--,18,72540,卖盘
2313,09:32:18,40.3,--,43,173290,买盘
2314,09:32:15,40.3,0.02,19,76570,买盘
2315,09:32:12,40.28,--,13,52364,卖盘
2316,09:32:09,40.28,0.02,18,72504,中性盘
2317,09:32:06,40.26,0.01,11,44286,中性盘
2318,09:32:00,40.25,-0.01,43,173075,卖盘
2319,09:31:57,40.26,0.02,15,60390,买盘
2320,09:31:54,40.24,-0.01,23,92552,卖盘
2321,09:31:51,40.25,-0.03,11,44275,中性盘
2322,09:31:48,40.28,--,5,20140,卖盘
2323,09:31:45,40.28,0.04,18,72504,买盘
2324,09:31:42,40.24,0.09,11,44264,买盘
2325,09:31:36,40.15,--,2,8030,卖盘
2326,09:31:33,40.15,--,4,16060,卖盘
2327,09:31:30,40.15,-0.09,10,40150,中性盘
2328,09:31:27,40.24,0.14,26,104624,买盘
2329,09:31:21,40.1,--,27,108270,卖盘
2330,09:31:15,40.1,0.12,312,1251120,买盘
2331,09:31:12,39.98,-0.01,12,47975,卖盘
2332,09:31:03,39.99,--,22,87978,买盘
2333,09:30:54,39.99,0.04,40,159960,买盘
2334,09:30:51,39.95,--,1,3995,买盘
2335,09:30:48,39.95,--,31,123845,卖盘
2336,09:30:45,39.95,--,1,3995,买盘
2337,09:30:42,39.95,--,5,19975,买盘
2338,09:30:39,39.95,0.01,2,7990,买盘
2339,09:30:36,39.94,0.02,1,3994,卖盘
2340,09:30:27,39.92,--,35,139720,买盘
2341,09:30:21,39.92,0.04,12,47904,买盘
2342,09:30:09,39.88,0.08,5,19940,中性盘
2343,09:30:06,39.8,--,7,27859,卖盘
2344,09:30:03,39.8,--,135,538056,买盘
2345,09:30:00,39.8,--,0,0,买盘
2346,09:25:03,39.8,39.8,26,103479,买盘
