,time,price,change,volume,amount,type
0,15:00:00,9.69,--,0,0,买盘
1,14:59:59,9.69,0.01,6,5814,买盘
2,14:59:57,9.68,-0.01,60,58080,卖盘
3,14:59:52,9.69,0.01,27,26163,买盘
4,14:59:48,9.68,-0.01,156,151008,卖盘
5,14:59:42,9.69,--,213,206610,买盘
6,14:59:37,9.69,--,35,33915,买盘
7,14:59:33,9.69,--,79,76551,买盘
8,14:59:27,9.69,0.01,136,131784,买盘
9,14:59:22,9.68,--,20,19360,卖盘
10,14:59:17,9.68,--,20,19360,卖盘
11,14:59:12,9.68,--,69,66792,卖盘
12,14:59:07,9.68,--,105,101640,卖盘
13,14:59:03,9.68,--,29,28072,卖盘
14,14:58:57,9.68,--,275,266200,卖盘
15,14:58:52,9.68,--,30,29040,卖盘
16,14:58:48,9.68,--,36,34848,卖盘
17,14:58:42,9.68,--,55,53240,卖盘
18,14:58:37,9.68,--,706,684192,买盘
19,14:58:32,9.68,--,15,14520,买盘
20,14:58:27,9.68,--,100,96800,买盘
21,14:58:17,9.68,0.01,47,45496,买盘
22,14:58:07,9.67,-0.01,2,1934,卖盘
23,14:57:57,9.68,0.01,100,96800,买盘
24,14:57:52,9.67,--,3,2901,卖盘
25,14:57:47,9.67,--,1,967,卖盘
26,14:57:42,9.67,--,21,20307,卖盘
27,14:57:37,9.67,--,33,31911,买盘
28,14:57:32,9.67,--,7,6769,卖盘
29,14:57:27,9.67,--,32,30944,卖盘
30,14:57:22,9.67,--,60,58020,卖盘
31,14:57:17,9.67,--,5,4835,卖盘
32,14:57:12,9.67,--,22,21274,买盘
33,14:57:07,9.67,--,29,28043,买盘
34,14:57:02,9.67,--,28,27076,买盘
35,14:56:57,9.67,--,25,24175,买盘
36,14:56:42,9.67,0.01,58,56086,买盘
37,14:56:37,9.66,-0.01,295,284970,卖盘
38,14:56:32,9.67,0.01,7,6769,买盘
39,14:56:27,9.66,--,10,9660,卖盘
40,14:56:17,9.66,-0.01,10,9660,卖盘
41,14:56:07,9.67,0.01,30,29010,买盘
42,14:56:02,9.66,-0.01,20,19320,卖盘
43,14:55:57,9.67,-0.01,116,112172,卖盘
44,14:55:52,9.68,--,0,0,买盘
45,14:55:47,9.68,0.01,276,267168,买盘
46,14:55:37,9.67,--,53,51724,卖盘
47,14:55:32,9.67,--,11,10637,卖盘
48,14:55:27,9.67,--,308,297836,卖盘
49,14:55:22,9.67,--,85,82195,卖盘
50,14:55:12,9.67,--,3,2901,卖盘
51,14:55:07,9.67,--,265,256255,卖盘
52,14:54:57,9.67,-0.01,2,2417,卖盘
53,14:54:52,9.68,0.01,85,82280,买盘
54,14:54:46,9.67,-0.01,10,9670,卖盘
55,14:54:42,9.68,--,163,157784,买盘
56,14:54:37,9.68,0.01,72,69705,买盘
57,14:54:31,9.67,0.01,30,29010,买盘
58,14:54:26,9.66,-0.01,185,178710,卖盘
59,14:54:22,9.67,--,255,246585,买盘
60,14:54:11,9.67,--,14,13538,买盘
61,14:53:56,9.67,--,13,12571,买盘
62,14:53:52,9.67,--,32,30944,买盘
63,14:53:46,9.67,--,19,18373,买盘
64,14:53:37,9.67,--,5,4835,买盘
65,14:53:31,9.67,--,106,102502,买盘
66,14:53:26,9.67,--,112,108304,买盘
67,14:53:22,9.67,--,38,36746,买盘
68,14:53:11,9.67,--,75,72525,买盘
69,14:53:07,9.67,--,30,29010,买盘
70,14:52:56,9.67,--,8,7736,买盘
71,14:52:52,9.67,--,5,4835,买盘
72,14:52:46,9.67,--,33,31911,买盘
73,14:52:41,9.67,0.01,39,37713,买盘
74,14:52:36,9.66,-0.01,235,227010,卖盘
75,14:52:26,9.67,0.01,41,39647,买盘
76,14:52:21,9.66,-0.01,6,5796,卖盘
77,14:52:11,9.67,0.01,29,28043,买盘
78,14:52:06,9.66,-0.01,2,1932,卖盘
79,14:51:51,9.67,0.01,46,44482,买盘
80,14:51:46,9.66,--,30,28980,卖盘
81,14:51:41,9.66,-0.01,10,9660,卖盘
82,14:51:36,9.67,0.01,777,751359,买盘
83,14:51:26,9.66,--,33,31878,卖盘
84,14:51:21,9.66,--,6,5796,卖盘
85,14:51:16,9.66,--,3,2898,卖盘
86,14:51:11,9.66,--,48,46368,买盘
87,14:51:06,9.66,-0.01,49,47334,卖盘
88,14:51:01,9.67,0.01,7,6769,买盘
89,14:50:56,9.66,0.01,16,15456,买盘
90,14:50:51,9.65,-0.01,119,114835,卖盘
91,14:50:41,9.66,--,23,22218,买盘
92,14:50:36,9.66,0.01,45,43470,买盘
93,14:50:26,9.65,-0.01,8,7720,卖盘
94,14:50:21,9.66,0.01,39,37674,买盘
95,14:50:16,9.65,-0.01,51,49215,卖盘
96,14:50:11,9.66,0.01,6,5796,买盘
97,14:50:06,9.65,--,7,6755,卖盘
98,14:49:41,9.65,--,1,965,卖盘
99,14:49:26,9.65,--,38,36670,买盘
100,14:49:21,9.65,--,56,54040,卖盘
101,14:49:16,9.65,--,20,19300,卖盘
102,14:49:11,9.65,--,2,1930,卖盘
103,14:49:06,9.65,-0.01,239,230635,卖盘
104,14:49:01,9.66,--,12,11592,买盘
105,14:48:56,9.66,--,5,4830,买盘
106,14:48:51,9.66,0.01,31,29946,买盘
107,14:48:46,9.65,--,115,110975,卖盘
108,14:48:41,9.65,-0.01,3,2895,卖盘
109,14:48:36,9.66,--,79,76314,买盘
110,14:48:06,9.66,--,36,34776,买盘
111,14:47:51,9.66,--,27,26082,买盘
112,14:47:21,9.66,--,39,37674,买盘
113,14:47:16,9.66,--,57,55062,买盘
114,14:47:06,9.66,--,51,49266,买盘
115,14:47:01,9.66,--,43,41538,买盘
116,14:46:46,9.66,--,1,966,买盘
117,14:46:31,9.66,--,33,31878,买盘
118,14:46:20,9.66,--,5,4830,买盘
119,14:46:16,9.66,--,72,69552,买盘
120,14:46:05,9.66,0.01,1,966,买盘
121,14:45:50,9.65,--,10,9650,卖盘
122,14:45:46,9.65,-0.01,3,2895,卖盘
123,14:45:35,9.66,0.01,3,2898,买盘
124,14:45:31,9.65,-0.01,5,4825,卖盘
125,14:45:20,9.66,--,250,241500,买盘
126,14:45:10,9.66,--,43,41538,买盘
127,14:45:01,9.66,0.01,44,42504,买盘
128,14:44:24,9.65,--,35,33775,买盘
129,14:44:20,9.65,--,41,39565,买盘
130,14:43:50,9.65,--,1,965,买盘
131,14:43:45,9.65,--,68,65620,卖盘
132,14:43:40,9.65,--,10,9650,卖盘
133,14:43:29,9.65,-0.01,11,10615,卖盘
134,14:43:24,9.66,0.01,10,9660,买盘
135,14:43:14,9.65,-0.01,20,19300,卖盘
136,14:43:10,9.66,--,42,40572,买盘
137,14:43:00,9.66,--,12,11592,买盘
138,14:42:50,9.66,0.01,1,966,买盘
139,14:42:45,9.65,-0.01,8,7720,买盘
140,14:42:40,9.66,--,0,0,买盘
141,14:42:29,9.66,0.01,38,36708,买盘
142,14:42:20,9.65,0.01,52,50180,买盘
143,14:42:15,9.64,--,90,86760,卖盘
144,14:42:10,9.64,-0.01,3,2892,卖盘
145,14:42:05,9.65,--,16,15440,买盘
146,14:41:50,9.65,0.01,12,11580,买盘
147,14:41:45,9.64,--,25,24100,卖盘
148,14:41:39,9.64,-0.01,10,9640,卖盘
149,14:41:35,9.65,--,8,7720,买盘
150,14:41:30,9.65,0.01,2,1930,买盘
151,14:41:20,9.64,--,46,44344,卖盘
152,14:41:14,9.64,--,43,41452,卖盘
153,14:41:10,9.64,--,30,28920,卖盘
154,14:41:05,9.64,--,55,53020,卖盘
155,14:41:00,9.64,-0.01,10,9640,卖盘
156,14:40:54,9.65,--,12,11580,买盘
157,14:40:50,9.65,--,2,1930,买盘
158,14:40:45,9.65,0.01,1,965,买盘
159,14:40:35,9.64,-0.01,267,257388,卖盘
160,14:40:29,9.65,0.01,69,66585,买盘
161,14:39:59,9.64,-0.01,20,19280,卖盘
162,14:39:50,9.65,--,2,1930,买盘
163,14:39:44,9.65,0.01,80,77200,买盘
164,14:39:15,9.64,-0.01,3,2892,卖盘
165,14:39:09,9.65,--,34,32810,买盘
166,14:38:59,9.65,--,36,34740,买盘
167,14:38:54,9.65,0.01,14,13510,买盘
168,14:38:49,9.64,--,46,44344,卖盘
169,14:38:29,9.64,--,32,30848,卖盘
170,14:38:19,9.64,-0.01,30,28920,卖盘
171,14:37:54,9.65,0.01,2,1930,买盘
172,14:37:48,9.64,--,100,96400,卖盘
173,14:37:44,9.64,--,1,964,卖盘
174,14:37:29,9.64,--,1,964,卖盘
175,14:37:24,9.64,-0.01,11,10604,卖盘
176,14:36:54,9.65,--,12,11580,买盘
177,14:36:49,9.65,0.01,69,66585,买盘
178,14:36:44,9.64,--,9,8676,买盘
179,14:36:39,9.64,0.01,20,19280,买盘
180,14:36:34,9.63,--,110,105930,卖盘
181,14:36:29,9.63,-0.01,20,19260,卖盘
182,14:36:23,9.64,--,3,2892,买盘
183,14:36:14,9.64,--,112,107968,买盘
184,14:36:04,9.64,--,100,96400,买盘
185,14:35:59,9.64,-0.01,266,256424,卖盘
186,14:35:54,9.65,0.01,2,1930,买盘
187,14:35:38,9.64,-0.01,22,21208,卖盘
188,14:35:14,9.65,--,35,33775,买盘
189,14:35:09,9.65,-0.01,55,53075,卖盘
190,14:34:54,9.66,--,49,47334,卖盘
191,14:34:44,9.66,--,35,33810,卖盘
192,14:34:39,9.66,--,42,40572,卖盘
193,14:34:34,9.66,--,10,9660,卖盘
194,14:34:29,9.66,--,1,966,卖盘
195,14:34:23,9.66,--,18,17388,卖盘
196,14:34:08,9.66,--,2,1932,卖盘
197,14:33:58,9.66,-0.01,50,48300,卖盘
198,14:33:53,9.67,0.01,8,7736,买盘
199,14:33:49,9.66,-0.01,30,28980,卖盘
200,14:33:44,9.67,0.01,20,19340,买盘
201,14:33:38,9.66,-0.01,10,9660,卖盘
202,14:33:28,9.67,--,23,22241,买盘
203,14:33:18,9.67,--,36,34812,买盘
204,14:33:14,9.67,0.01,8,7736,买盘
205,14:33:08,9.66,-0.01,22,21252,卖盘
206,14:32:48,9.67,0.01,2,1934,买盘
207,14:32:43,9.66,--,110,106260,卖盘
208,14:32:39,9.66,-0.01,4,3864,卖盘
209,14:32:23,9.67,0.01,57,55119,买盘
210,14:32:18,9.66,0.01,12,11592,中性盘
211,14:32:13,9.65,--,1,965,卖盘
212,14:32:09,9.65,-0.01,47,45355,卖盘
213,14:32:03,9.66,--,22,21252,买盘
214,14:31:53,9.66,--,33,31878,买盘
215,14:31:48,9.66,--,41,39606,卖盘
216,14:31:43,9.66,-0.01,10,9660,买盘
217,14:31:38,9.67,0.01,2,1934,买盘
218,14:31:23,9.66,--,9,9650,卖盘
219,14:31:18,9.66,--,50,48309,买盘
220,14:31:13,9.66,--,10,9660,买盘
221,14:31:08,9.66,--,15,15446,卖盘
222,14:31:03,9.66,--,50,48300,卖盘
223,14:30:53,9.66,-0.01,5,4830,卖盘
224,14:30:48,9.67,0.01,52,50284,买盘
225,14:30:43,9.66,--,23,22218,卖盘
226,14:30:38,9.66,--,50,48300,卖盘
227,14:30:23,9.66,-0.01,35,33810,卖盘
228,14:30:18,9.67,0.01,5,4835,买盘
229,14:30:08,9.66,--,4,3864,卖盘
230,14:30:02,9.66,-0.01,199,192234,卖盘
231,14:29:58,9.67,0.01,34,32878,买盘
232,14:29:53,9.66,-0.01,6,5796,卖盘
233,14:29:47,9.67,--,7,6769,买盘
234,14:29:43,9.67,0.01,2,1934,买盘
235,14:29:38,9.66,-0.01,5,4830,卖盘
236,14:29:33,9.67,0.01,86,83162,买盘
237,14:29:23,9.66,-0.01,20,19320,卖盘
238,14:29:17,9.67,0.01,20,19340,买盘
239,14:29:13,9.66,--,8,7728,卖盘
240,14:29:08,9.66,--,30,28980,卖盘
241,14:29:02,9.66,--,38,36708,卖盘
242,14:28:53,9.66,-0.01,52,50232,卖盘
243,14:28:47,9.67,0.01,24,23208,买盘
244,14:28:17,9.66,0.01,669,646263,买盘
245,14:27:58,9.65,-0.01,1,965,卖盘
246,14:27:52,9.66,--,2,1932,买盘
247,14:27:47,9.66,0.01,12,11592,买盘
248,14:27:38,9.65,-0.01,9,8685,卖盘
249,14:27:22,9.66,0.01,34,32844,买盘
250,14:27:12,9.65,--,150,144750,买盘
251,14:26:57,9.65,--,9,8685,买盘
252,14:26:47,9.65,--,2,1930,买盘
253,14:26:42,9.65,--,3,2895,买盘
254,14:26:27,9.65,--,10,9650,买盘
255,14:26:11,9.65,--,4,3860,买盘
256,14:26:02,9.65,--,35,33775,买盘
257,14:25:52,9.65,--,0,0,买盘
258,14:25:47,9.65,0.02,2,1930,买盘
259,14:25:42,9.63,-0.01,100,96300,卖盘
260,14:25:37,9.64,--,8,8280,买盘
261,14:25:32,9.64,--,20,19280,买盘
262,14:25:17,9.64,--,8,7712,买盘
263,14:25:02,9.64,0.01,33,31812,买盘
264,14:24:57,9.63,-0.01,13,12519,卖盘
265,14:24:47,9.64,--,2,1928,买盘
266,14:24:37,9.64,--,14,13496,买盘
267,14:24:32,9.64,0.01,3,2892,买盘
268,14:24:27,9.63,-0.01,34,32742,卖盘
269,14:24:02,9.64,--,30,28920,买盘
270,14:23:57,9.64,0.01,59,56876,买盘
271,14:23:52,9.63,-0.01,34,32742,卖盘
272,14:23:47,9.64,0.01,2,1928,买盘
273,14:23:27,9.63,--,52,50076,卖盘
274,14:23:02,9.63,-0.01,108,104004,卖盘
275,14:22:56,9.64,--,20,19280,买盘
276,14:22:47,9.64,--,2,1928,买盘
277,14:22:26,9.64,--,33,31812,买盘
278,14:22:17,9.64,0.01,13,12532,买盘
279,14:21:52,9.63,-0.01,1,963,卖盘
280,14:21:47,9.64,--,2,1928,买盘
281,14:21:32,9.64,0.01,31,29884,买盘
282,14:20:31,9.63,--,1,963,卖盘
283,14:20:26,9.63,--,25,24075,卖盘
284,14:20:16,9.63,--,130,125190,卖盘
285,14:20:01,9.63,--,17,16371,卖盘
286,14:19:56,9.63,--,50,48150,卖盘
287,14:19:46,9.63,-0.01,16,15408,卖盘
288,14:19:41,9.64,0.01,50,48200,买盘
289,14:19:26,9.63,--,7,6741,卖盘
290,14:19:16,9.63,-0.01,24,23112,卖盘
291,14:19:11,9.64,--,17,16388,买盘
292,14:19:06,9.64,--,18,17747,卖盘
293,14:19:01,9.64,--,56,53984,卖盘
294,14:18:56,9.64,--,152,146528,卖盘
295,14:18:46,9.64,--,3,2892,卖盘
296,14:18:41,9.64,--,10,9640,卖盘
297,14:17:51,9.64,--,3,2892,卖盘
298,14:17:41,9.64,--,9,8676,卖盘
299,14:17:36,9.64,--,2,1928,卖盘
300,14:17:26,9.64,-0.01,19,18316,卖盘
301,14:17:21,9.65,0.01,44,42460,买盘
302,14:17:10,9.64,--,1,964,卖盘
303,14:16:21,9.64,-0.01,1,964,卖盘
304,14:16:16,9.65,0.01,2,1930,买盘
305,14:16:11,9.64,--,33,31812,卖盘
306,14:16:06,9.64,--,15,15028,买盘
307,14:16:01,9.64,--,10,9640,买盘
308,14:15:41,9.64,--,38,36632,买盘
309,14:15:36,9.64,--,51,49164,买盘
310,14:15:16,9.64,--,31,29884,买盘
311,14:15:11,9.64,--,1,964,买盘
312,14:14:16,9.64,0.01,31,29884,买盘
313,14:14:11,9.63,-0.01,90,86670,卖盘
314,14:13:45,9.64,0.01,3,2892,买盘
315,14:13:20,9.63,-0.01,1,963,卖盘
316,14:13:15,9.64,--,31,29884,买盘
317,14:13:10,9.64,--,1,964,买盘
318,14:11:59,9.64,--,32,30848,买盘
319,14:11:30,9.64,--,10,9640,买盘
320,14:11:10,9.64,--,7,6748,买盘
321,14:11:05,9.64,--,1,964,买盘
322,14:10:55,9.64,--,43,41452,买盘
323,14:10:50,9.64,--,1,964,买盘
324,14:10:35,9.64,--,1,964,买盘
325,14:10:25,9.64,--,4,3856,买盘
326,14:10:20,9.64,--,1,964,买盘
327,14:10:10,9.64,--,16,15424,买盘
328,14:10:00,9.64,0.01,32,30848,买盘
329,14:09:15,9.63,--,20,19260,卖盘
330,14:08:45,9.63,--,36,34668,卖盘
331,14:08:39,9.63,0.01,4,3852,卖盘
332,14:08:35,9.62,--,0,0,卖盘
333,14:07:50,9.62,-0.02,6,5771,卖盘
334,14:07:34,9.64,--,6,5784,买盘
335,14:06:59,9.64,--,0,0,买盘
336,14:06:54,9.64,0.01,31,29884,买盘
337,14:06:44,9.63,--,57,55285,卖盘
338,14:06:14,9.63,-0.01,87,83781,卖盘
339,14:05:59,9.64,--,32,30848,买盘
340,14:05:54,9.64,0.01,9,8676,买盘
341,14:05:49,9.63,--,2,1926,卖盘
342,14:05:34,9.63,--,3,2889,卖盘
343,14:05:29,9.63,--,40,38520,卖盘
344,14:05:04,9.63,--,20,19260,卖盘
345,14:04:49,9.63,--,10,9630,卖盘
346,14:04:34,9.63,--,6,5778,卖盘
347,14:04:28,9.63,--,27,26001,卖盘
348,14:04:19,9.63,--,40,38520,卖盘
349,14:04:09,9.63,-0.01,100,96300,卖盘
350,14:04:04,9.64,0.01,30,28920,买盘
351,14:03:39,9.63,--,10,9630,卖盘
352,14:03:34,9.63,--,52,50076,卖盘
353,14:03:14,9.63,--,25,24075,卖盘
354,14:02:48,9.63,--,47,45829,买盘
355,14:02:44,9.63,--,32,30816,买盘
356,14:02:29,9.63,--,4,3852,买盘
357,14:02:23,9.63,--,3,2889,买盘
358,14:02:19,9.63,--,10,9630,买盘
359,14:02:04,9.63,-0.01,22,21580,卖盘
360,14:01:58,9.64,0.01,52,50128,买盘
361,14:01:38,9.63,--,37,35631,卖盘
362,14:00:58,9.63,--,50,48150,卖盘
363,14:00:17,9.63,--,110,105930,卖盘
364,13:59:58,9.63,--,68,65484,卖盘
365,13:59:43,9.63,--,21,20223,卖盘
366,13:59:37,9.63,--,21,20223,卖盘
367,13:59:08,9.63,-0.01,84,80892,卖盘
368,13:59:03,9.64,--,3,2892,买盘
369,13:58:58,9.64,0.01,32,30848,买盘
370,13:57:53,9.63,--,5,5383,买盘
371,13:57:43,9.63,--,8,8098,卖盘
372,13:57:38,9.63,-0.01,2,1926,卖盘
373,13:57:33,9.64,0.01,12,11568,买盘
374,13:57:28,9.63,--,49,47187,卖盘
375,13:57:23,9.63,--,7,6741,卖盘
376,13:57:18,9.63,--,15,14445,卖盘
377,13:57:13,9.63,--,137,131931,卖盘
378,13:56:38,9.63,--,8,8272,卖盘
379,13:56:23,9.63,-0.01,6,5778,卖盘
380,13:56:13,9.64,--,48,46272,卖盘
381,13:55:58,9.64,-0.01,10,9640,卖盘
382,13:55:53,9.65,--,152,146680,买盘
383,13:55:47,9.65,0.01,4,3860,买盘
384,13:55:43,9.64,--,107,103148,卖盘
385,13:55:38,9.64,-0.01,8,7712,卖盘
386,13:55:32,9.65,--,5,4825,买盘
387,13:55:08,9.65,0.01,17,16405,买盘
388,13:54:52,9.64,--,5,4820,卖盘
389,13:54:37,9.64,--,40,38560,卖盘
390,13:54:22,9.64,--,10,9640,卖盘
391,13:54:12,9.64,-0.01,1,964,卖盘
392,13:54:07,9.65,0.01,2,1930,买盘
393,13:53:52,9.64,--,226,217864,卖盘
394,13:53:37,9.64,--,3,2892,卖盘
395,13:53:32,9.64,-0.01,3,2892,卖盘
396,13:53:17,9.65,--,16,15440,买盘
397,13:53:07,9.65,-0.01,10,9650,卖盘
398,13:53:02,9.66,--,83,80178,买盘
399,13:52:52,9.66,0.02,5,4830,买盘
400,13:52:37,9.64,-0.02,10,9640,卖盘
401,13:52:32,9.66,--,132,127512,买盘
402,13:52:26,9.66,--,4,3864,买盘
403,13:52:02,9.66,--,210,202860,买盘
404,13:51:52,9.66,--,10,9660,买盘
405,13:51:42,9.66,--,10,9660,买盘
406,13:51:31,9.66,--,6,5796,买盘
407,13:51:26,9.66,--,0,0,买盘
408,13:51:07,9.66,0.01,13,12558,买盘
409,13:51:02,9.65,0.01,3,2895,中性盘
410,13:50:52,9.64,-0.02,1,964,卖盘
411,13:50:41,9.66,0.01,8,7728,买盘
412,13:50:26,9.65,--,2,1930,买盘
413,13:50:22,9.65,0.01,9,8685,卖盘
414,13:50:11,9.64,-0.01,30,28920,卖盘
415,13:50:01,9.65,--,0,0,卖盘
416,13:49:52,9.65,0.01,11,10615,买盘
417,13:49:16,9.64,-0.01,35,33740,卖盘
418,13:49:11,9.65,0.01,33,31845,买盘
419,13:48:52,9.64,-0.01,29,27956,卖盘
420,13:48:41,9.65,--,3,2895,买盘
421,13:48:26,9.65,--,9,8685,买盘
422,13:48:22,9.65,--,5,4825,买盘
423,13:48:16,9.65,--,1,965,买盘
424,13:48:07,9.65,--,3,2895,买盘
425,13:48:01,9.65,--,27,26055,买盘
426,13:47:31,9.65,--,3,2895,买盘
427,13:47:26,9.65,--,8,7720,买盘
428,13:47:16,9.65,--,2,1930,买盘
429,13:47:01,9.65,--,30,28950,买盘
430,13:46:56,9.65,0.01,3,2895,买盘
431,13:46:46,9.64,-0.01,1,964,卖盘
432,13:46:26,9.65,-0.01,58,55970,卖盘
433,13:46:16,9.66,--,3,2898,买盘
434,13:46:11,9.66,--,24,23184,买盘
435,13:46:01,9.66,--,23,23174,卖盘
436,13:45:41,9.66,--,47,45411,买盘
437,13:45:20,9.66,--,59,57950,卖盘
438,13:45:11,9.66,--,5,4830,卖盘
439,13:45:01,9.66,--,10,9660,卖盘
440,13:44:56,9.66,0.02,135,130419,买盘
441,13:44:46,9.64,--,0,0,卖盘
442,13:44:26,9.64,--,182,175448,卖盘
443,13:44:05,9.64,--,6,5784,买盘
444,13:44:01,9.64,--,20,19280,买盘
445,13:43:46,9.64,--,10,9640,中性盘
446,13:43:31,9.64,--,0,0,卖盘
447,13:43:26,9.64,--,3,2892,买盘
448,13:43:20,9.64,-0.02,37,35668,买盘
449,13:43:10,9.66,--,0,0,买盘
450,13:43:05,9.66,--,118,113988,买盘
451,13:42:50,9.66,0.02,90,86940,买盘
452,13:42:25,9.64,--,10,9640,卖盘
453,13:41:50,9.64,--,1,964,卖盘
454,13:41:31,9.64,0.01,15,14460,卖盘
455,13:41:25,9.63,--,0,0,卖盘
456,13:41:19,9.63,-0.03,9,8667,卖盘
457,13:41:10,9.66,0.02,120,115920,买盘
458,13:40:55,9.64,--,10,9640,买盘
459,13:40:50,9.64,-0.02,5,4820,卖盘
460,13:40:26,9.66,0.03,360,347760,买盘
461,13:40:11,9.63,-0.02,5,4815,卖盘
462,13:39:50,9.65,0.01,251,242215,买盘
463,13:39:40,9.64,0.01,18,17352,买盘
464,13:39:25,9.63,--,4,3852,卖盘
465,13:39:05,9.63,--,5,4815,卖盘
466,13:38:50,9.63,--,2,1926,卖盘
467,13:38:25,9.63,-0.01,5,4815,卖盘
468,13:37:55,9.64,0.01,8,7712,买盘
469,13:37:40,9.63,-0.01,116,111708,卖盘
470,13:37:35,9.64,0.01,10,9640,买盘
471,13:37:25,9.63,--,2,1926,卖盘
472,13:36:55,9.63,--,70,67410,卖盘
473,13:36:34,9.63,--,34,32742,卖盘
474,13:36:25,9.63,--,20,19260,卖盘
475,13:36:14,9.63,--,2,1926,卖盘
476,13:35:34,9.63,--,20,19260,卖盘
477,13:34:55,9.63,-0.01,20,19260,卖盘
478,13:34:49,9.64,0.01,56,53984,买盘
479,13:34:29,9.63,-0.01,17,16371,卖盘
480,13:34:19,9.64,--,13,12532,买盘
481,13:34:09,9.64,--,320,308480,买盘
482,13:34:04,9.64,-0.01,8,7712,卖盘
483,13:33:54,9.65,--,20,19300,买盘
484,13:33:39,9.65,--,4,3860,卖盘
485,13:33:19,9.65,0.01,34,32810,买盘
486,13:33:04,9.64,-0.01,10,9640,卖盘
487,13:32:34,9.65,0.01,2,1930,卖盘
488,13:32:19,9.64,--,0,0,卖盘
489,13:32:14,9.64,-0.02,5,4820,卖盘
490,13:32:09,9.66,0.02,120,115920,买盘
491,13:31:38,9.64,--,11,10604,卖盘
492,13:31:34,9.64,-0.01,4,3856,卖盘
493,13:30:59,9.65,0.02,320,308800,买盘
494,13:30:53,9.63,-0.02,3,2889,卖盘
495,13:30:49,9.65,0.02,89,85885,买盘
496,13:30:44,9.63,-0.01,3,2889,卖盘
497,13:30:14,9.64,0.01,12,11568,买盘
498,13:30:04,9.63,--,8,7704,卖盘
499,13:29:49,9.63,--,19,18297,卖盘
500,13:29:44,9.63,--,7,6741,卖盘
501,13:29:38,9.63,-0.01,200,192600,卖盘
502,13:29:34,9.64,--,2,1928,买盘
503,13:29:23,9.64,--,8,7712,买盘
504,13:29:19,9.64,--,101,97364,卖盘
505,13:29:04,9.64,--,5,4820,卖盘
506,13:28:43,9.64,--,10,9640,卖盘
507,13:28:19,9.64,-0.01,5,4820,卖盘
508,13:28:04,9.65,-0.01,446,430390,卖盘
509,13:27:58,9.66,0.01,37,35742,买盘
510,13:27:53,9.65,-0.01,10,9650,卖盘
511,13:27:38,9.66,0.01,10,9660,买盘
512,13:27:23,9.65,--,10,9650,卖盘
513,13:27:19,9.65,-0.01,50,48250,卖盘
514,13:27:13,9.66,--,0,0,中性盘
515,13:26:58,9.66,--,10,9660,卖盘
516,13:26:52,9.66,--,4,3864,卖盘
517,13:26:48,9.66,--,5,4830,卖盘
518,13:26:23,9.66,--,5,4830,卖盘
519,13:26:18,9.66,--,7,6762,买盘
520,13:26:13,9.66,--,5,4830,买盘
521,13:26:08,9.66,--,3,2898,买盘
522,13:26:03,9.66,--,12,11592,买盘
523,13:25:58,9.66,-0.01,15,14490,卖盘
524,13:25:48,9.67,0.01,123,118941,买盘
525,13:25:43,9.66,--,7,6762,买盘
526,13:25:28,9.66,--,56,54096,买盘
527,13:25:23,9.66,--,3,2898,买盘
528,13:25:18,9.66,--,107,103362,买盘
529,13:24:58,9.66,--,5,4830,买盘
530,13:24:33,9.66,--,11,10626,买盘
531,13:24:23,9.66,--,50,48300,买盘
532,13:24:18,9.66,--,1,966,买盘
533,13:24:13,9.66,--,5,4830,买盘
534,13:24:08,9.66,--,5,4830,买盘
535,13:23:53,9.66,-0.01,135,130410,卖盘
536,13:23:38,9.67,--,1,967,买盘
537,13:23:28,9.67,--,20,19340,买盘
538,13:23:02,9.67,--,6,5802,买盘
539,13:22:53,9.67,0.01,10,9670,买盘
540,13:22:38,9.66,-0.01,4,3864,卖盘
541,13:22:28,9.67,0.01,33,31911,买盘
542,13:22:23,9.66,--,38,36708,卖盘
543,13:22:13,9.66,--,4,3864,卖盘
544,13:21:58,9.66,--,339,327474,买盘
545,13:21:52,9.66,--,10,9660,买盘
546,13:21:47,9.66,--,118,113988,买盘
547,13:21:28,9.66,0.01,97,93702,买盘
548,13:21:23,9.65,--,45,43425,卖盘
549,13:21:07,9.65,-0.01,5,4825,卖盘
550,13:20:52,9.66,0.01,59,56994,买盘
551,13:20:43,9.65,--,6,5790,卖盘
552,13:19:52,9.65,--,100,96500,卖盘
553,13:19:37,9.65,--,258,248970,买盘
554,13:19:22,9.65,0.01,180,173700,买盘
555,13:19:12,9.64,-0.01,4,3856,卖盘
556,13:18:57,9.65,--,2,1930,买盘
557,13:18:42,9.65,0.02,23,22195,买盘
558,13:18:27,9.63,--,0,0,卖盘
559,13:18:22,9.63,-0.02,2,1926,卖盘
560,13:18:17,9.65,0.01,52,50180,买盘
561,13:18:12,9.64,0.01,26,25064,买盘
562,13:18:02,9.63,-0.01,100,96300,卖盘
563,13:17:57,9.64,--,2,1928,卖盘
564,13:17:52,9.64,--,0,0,中性盘
565,13:17:42,9.64,--,0,0,卖盘
566,13:17:37,9.64,--,9,8676,买盘
567,13:17:32,9.64,0.01,64,61696,买盘
568,13:17:27,9.63,-0.01,1,963,卖盘
569,13:17:22,9.64,0.01,30,28920,买盘
570,13:17:07,9.63,-0.01,20,19260,卖盘
571,13:16:47,9.64,0.01,30,28920,买盘
572,13:16:42,9.63,--,3,2889,卖盘
573,13:16:37,9.63,--,27,26001,卖盘
574,13:15:41,9.63,-0.01,5,4815,卖盘
575,13:15:17,9.64,0.01,32,30848,买盘
576,13:14:47,9.63,-0.01,4,3852,卖盘
577,13:14:07,9.64,--,25,24100,卖盘
578,13:13:52,9.64,--,16,15424,卖盘
579,13:13:41,9.64,--,12,11568,卖盘
580,13:13:36,9.64,--,10,9640,卖盘
581,13:13:22,9.64,--,1,964,买盘
582,13:12:52,9.64,--,10,9640,卖盘
583,13:12:46,9.64,--,20,19280,买盘
584,13:12:41,9.64,-0.01,30,28920,买盘
585,13:12:31,9.65,--,0,0,买盘
586,13:12:22,9.65,--,2,1930,买盘
587,13:12:10,9.65,--,0,0,买盘
588,13:12:06,9.65,--,0,0,买盘
589,13:11:56,9.65,0.01,2,1930,买盘
590,13:11:51,9.64,--,0,0,买盘
591,13:11:46,9.64,--,32,30848,买盘
592,13:11:36,9.64,--,329,317156,买盘
593,13:11:31,9.64,0.01,30,28920,买盘
594,13:11:25,9.63,-0.01,25,24075,卖盘
595,13:11:21,9.64,--,47,45308,卖盘
596,13:10:51,9.64,--,2,1928,卖盘
597,13:10:31,9.64,--,4,3856,卖盘
598,13:10:26,9.64,-0.01,250,241000,卖盘
599,13:10:11,9.65,--,50,48250,卖盘
600,13:09:55,9.65,--,10,9650,卖盘
601,13:09:51,9.65,--,0,0,中性盘
602,13:09:36,9.65,-0.01,36,34740,卖盘
603,13:09:31,9.66,--,53,51198,买盘
604,13:09:21,9.66,0.01,10,9660,买盘
605,13:08:55,9.65,--,30,28950,卖盘
606,13:08:51,9.65,--,9,8685,卖盘
607,13:08:46,9.65,--,6,5790,卖盘
608,13:08:40,9.65,--,30,28950,卖盘
609,13:08:36,9.65,--,6,5790,卖盘
610,13:08:21,9.65,-0.01,10,9650,卖盘
611,13:08:01,9.66,0.01,19,18354,买盘
612,13:07:46,9.65,-0.01,20,19300,卖盘
613,13:07:31,9.66,--,10,9660,买盘
614,13:07:26,9.66,--,31,29946,买盘
615,13:07:15,9.66,0.01,3,2898,买盘
616,13:07:01,9.65,0.01,12,11580,卖盘
617,13:06:46,9.64,--,0,0,卖盘
618,13:06:40,9.64,-0.02,10,9640,卖盘
619,13:06:26,9.66,--,0,0,买盘
620,13:06:20,9.66,0.01,131,126546,买盘
621,13:06:15,9.65,-0.01,123,118695,卖盘
622,13:06:00,9.66,0.01,15,14490,买盘
623,13:05:49,9.65,--,10,9650,卖盘
624,13:05:45,9.65,--,6,5790,卖盘
625,13:05:41,9.65,--,2,1930,卖盘
626,13:05:19,9.65,--,25,24125,卖盘
627,13:05:10,9.65,--,46,44390,买盘
628,13:04:54,9.65,--,54,52110,卖盘
629,13:04:45,9.65,-0.01,5,4825,卖盘
630,13:03:55,9.66,0.01,48,46368,买盘
631,13:03:49,9.65,-0.01,38,36670,卖盘
632,13:03:10,9.66,--,28,27048,买盘
633,13:03:00,9.66,0.01,30,28980,买盘
634,13:02:55,9.65,-0.01,42,40530,卖盘
635,13:02:50,9.66,0.01,40,38640,买盘
636,13:02:45,9.65,--,1,965,卖盘
637,13:02:40,9.65,-0.01,1,965,卖盘
638,13:02:30,9.66,0.01,101,97566,买盘
639,13:02:25,9.65,-0.01,81,78165,卖盘
640,13:02:19,9.66,--,0,0,买盘
641,13:02:15,9.66,--,18,17388,买盘
642,13:02:09,9.66,0.02,30,28980,买盘
643,13:02:00,9.64,-0.02,81,78084,卖盘
644,13:01:55,9.66,--,21,20286,买盘
645,13:01:15,9.66,--,2,1932,买盘
646,13:01:10,9.66,0.01,29,28014,买盘
647,13:00:40,9.65,--,0,0,卖盘
648,13:00:30,9.65,-0.01,5,4825,买盘
649,13:00:09,9.66,--,19,18354,买盘
650,13:00:05,9.66,0.02,36,34776,买盘
651,11:30:00,9.64,--,0,0,买盘
652,11:29:59,9.64,--,0,0,买盘
653,11:29:51,9.64,-0.01,32,30848,买盘
654,11:29:30,9.65,--,0,0,买盘
655,11:29:21,9.65,0.02,36,34740,买盘
656,11:29:16,9.63,-0.02,10,9630,卖盘
657,11:28:50,9.65,--,1,965,买盘
658,11:28:41,9.65,0.01,1,965,买盘
659,11:28:35,9.64,--,33,31812,卖盘
660,11:28:26,9.64,--,5,4820,卖盘
661,11:28:05,9.64,--,16,15424,买盘
662,11:27:20,9.64,0.01,3,2892,买盘
663,11:27:10,9.63,-0.01,1,963,卖盘
664,11:27:00,9.64,--,2,1928,买盘
665,11:26:55,9.64,--,9,8676,买盘
666,11:26:35,9.64,--,1,964,买盘
667,11:26:25,9.64,--,30,28920,买盘
668,11:26:20,9.64,--,300,289200,买盘
669,11:26:05,9.64,0.01,1,964,买盘
670,11:25:40,9.63,--,34,32742,买盘
671,11:25:35,9.63,0.01,1,963,买盘
672,11:25:19,9.62,-0.01,54,51947,卖盘
673,11:25:10,9.63,--,180,173340,买盘
674,11:25:05,9.63,0.01,93,89559,买盘
675,11:24:44,9.62,--,21,20202,卖盘
676,11:24:40,9.62,--,0,0,卖盘
677,11:24:25,9.62,--,1,961,卖盘
678,11:24:05,9.62,--,129,124097,卖盘
679,11:23:30,9.62,-0.01,500,480999,卖盘
680,11:23:19,9.63,--,10,9630,卖盘
681,11:22:55,9.63,--,10,9630,卖盘
682,11:22:49,9.63,--,113,108819,卖盘
683,11:22:44,9.63,-0.01,3,2889,卖盘
684,11:22:30,9.64,--,20,19280,买盘
685,11:21:44,9.64,0.01,4,3856,买盘
686,11:21:39,9.63,--,21,20223,卖盘
687,11:21:23,9.63,--,4,3852,卖盘
688,11:21:04,9.63,--,5,4815,卖盘
689,11:20:59,9.63,--,5,4815,卖盘
690,11:20:49,9.63,--,40,38520,卖盘
691,11:20:19,9.63,-0.01,7,6741,卖盘
692,11:20:04,9.64,--,69,66516,买盘
693,11:19:43,9.64,--,22,21208,买盘
694,11:19:19,9.64,--,10,9640,买盘
695,11:19:13,9.64,-0.01,516,497424,卖盘
696,11:19:04,9.65,0.01,144,138960,买盘
697,11:18:49,9.64,--,6,5784,卖盘
698,11:18:44,9.64,-0.01,10,9640,卖盘
699,11:18:38,9.65,0.01,10,9650,买盘
700,11:18:19,9.64,-0.01,75,72300,卖盘
701,11:17:59,9.65,--,42,40530,买盘
702,11:17:43,9.65,--,13,12545,买盘
703,11:17:29,9.65,0.01,14,13510,买盘
704,11:17:19,9.64,-0.01,100,96400,卖盘
705,11:17:13,9.65,--,30,28950,买盘
706,11:17:04,9.65,0.01,6,5790,买盘
707,11:16:59,9.64,--,1,964,卖盘
708,11:16:49,9.64,--,1,964,卖盘
709,11:16:44,9.64,--,10,9640,卖盘
710,11:16:33,9.64,-0.01,80,77120,卖盘
711,11:16:29,9.65,--,2,1930,买盘
712,11:16:23,9.65,--,6,5790,买盘
713,11:16:18,9.65,--,5,4825,买盘
714,11:16:14,9.65,--,1,965,买盘
715,11:16:08,9.65,0.01,40,38600,买盘
716,11:15:59,9.64,--,10,9640,买盘
717,11:15:53,9.64,-0.01,5,4820,卖盘
718,11:15:49,9.65,0.01,6,5790,买盘
719,11:15:44,9.64,-0.01,7,6748,卖盘
720,11:15:32,9.65,0.01,14,13510,买盘
721,11:15:29,9.64,--,0,0,中性盘
722,11:15:17,9.64,-0.01,26,25064,卖盘
723,11:15:13,9.65,0.01,5,4825,买盘
724,11:15:02,9.64,-0.01,10,9640,卖盘
725,11:14:53,9.65,--,2,1930,买盘
726,11:14:43,9.65,--,16,15440,买盘
727,11:14:38,9.65,--,6,5790,买盘
728,11:14:23,9.65,0.01,42,40530,买盘
729,11:14:13,9.64,-0.01,40,38560,卖盘
730,11:14:08,9.65,--,5,4825,买盘
731,11:13:53,9.65,--,32,30880,买盘
732,11:13:43,9.65,--,39,37635,买盘
733,11:13:38,9.65,--,6,5790,买盘
734,11:13:28,9.65,0.02,57,55005,买盘
735,11:13:22,9.63,-0.01,50,48150,卖盘
736,11:13:17,9.64,--,30,28920,买盘
737,11:13:13,9.64,--,49,47236,买盘
738,11:13:08,9.64,--,15,14460,买盘
739,11:12:52,9.64,-0.01,16,15424,卖盘
740,11:12:37,9.65,--,6,5790,买盘
741,11:12:32,9.65,0.01,6,5790,买盘
742,11:12:22,9.64,--,10,9640,卖盘
743,11:12:17,9.64,--,8,7712,买盘
744,11:12:13,9.64,--,44,42416,买盘
745,11:12:07,9.64,--,5,4820,买盘
746,11:12:02,9.64,--,41,39524,买盘
747,11:11:57,9.64,--,6,5784,买盘
748,11:11:47,9.64,--,13,12532,卖盘
749,11:11:43,9.64,-0.01,38,36632,卖盘
750,11:11:38,9.65,0.01,6,5790,买盘
751,11:11:22,9.64,-0.01,2,1928,卖盘
752,11:11:07,9.65,--,6,5790,买盘
753,11:11:02,9.65,--,5,4825,买盘
754,11:10:58,9.65,0.01,5,4825,买盘
755,11:10:38,9.64,--,19,18316,买盘
756,11:10:32,9.64,--,6,5784,买盘
757,11:10:28,9.64,--,63,60732,买盘
758,11:10:23,9.64,--,34,32776,买盘
759,11:10:17,9.64,--,46,44344,买盘
760,11:10:13,9.64,--,33,31812,买盘
761,11:10:08,9.64,--,65,62660,买盘
762,11:10:02,9.64,--,8,7712,买盘
763,11:09:58,9.64,-0.01,36,34704,卖盘
764,11:09:53,9.65,--,40,38600,买盘
765,11:09:47,9.65,--,1,965,买盘
766,11:09:43,9.65,--,6,5790,买盘
767,11:09:37,9.65,--,6,5790,买盘
768,11:09:32,9.65,--,36,34740,买盘
769,11:09:28,9.65,0.01,20,19300,买盘
770,11:09:13,9.64,-0.01,16,15424,卖盘
771,11:09:07,9.65,0.01,6,5790,买盘
772,11:08:52,9.64,-0.01,1,964,卖盘
773,11:08:47,9.65,0.01,101,97465,买盘
774,11:08:17,9.64,--,1,964,卖盘
775,11:08:11,9.64,--,1,964,卖盘
776,11:08:07,9.64,--,60,57840,卖盘
777,11:07:52,9.64,-0.01,1,964,卖盘
778,11:07:47,9.65,--,60,57900,买盘
779,11:07:37,9.65,0.01,20,19300,买盘
780,11:07:32,9.64,-0.01,2,1928,卖盘
781,11:07:26,9.65,--,2,1930,买盘
782,11:07:17,9.65,--,33,31845,买盘
783,11:07:11,9.65,0.01,71,68515,买盘
784,11:07:02,9.64,--,1,964,卖盘
785,11:06:56,9.64,-0.01,8,7712,卖盘
786,11:06:52,9.65,0.01,20,19300,买盘
787,11:06:47,9.64,-0.01,3,2892,卖盘
788,11:06:26,9.65,--,2,1930,买盘
789,11:06:22,9.65,-0.01,11,10615,卖盘
790,11:06:01,9.66,--,25,24150,买盘
791,11:05:56,9.66,--,2,1932,买盘
792,11:05:52,9.66,--,0,0,买盘
793,11:05:47,9.66,0.01,39,37674,买盘
794,11:05:37,9.65,--,25,24125,买盘
795,11:05:31,9.65,--,25,24125,卖盘
796,11:05:26,9.65,--,27,26055,买盘
797,11:05:11,9.65,--,5,4825,买盘
798,11:05:07,9.65,--,23,22195,卖盘
799,11:05:01,9.65,--,16,15440,卖盘
800,11:04:46,9.65,0.01,30,28950,买盘
801,11:04:41,9.64,-0.01,5,4820,卖盘
802,11:04:37,9.65,--,5,4825,买盘
803,11:04:31,9.65,--,11,10615,卖盘
804,11:04:22,9.65,-0.01,1,965,买盘
805,11:04:11,9.66,--,2,1932,买盘
806,11:04:07,9.66,--,40,38640,买盘
807,11:04:01,9.66,--,0,0,买盘
808,11:03:56,9.66,--,3,2898,买盘
809,11:03:52,9.66,0.01,46,44436,买盘
810,11:03:46,9.65,--,10,9650,买盘
811,11:03:41,9.65,--,26,25090,买盘
812,11:03:31,9.65,--,0,0,中性盘
813,11:03:26,9.65,--,3,2895,买盘
814,11:03:22,9.65,--,7,6755,卖盘
815,11:03:16,9.65,-0.01,20,19300,卖盘
816,11:03:11,9.66,0.01,25,24150,买盘
817,11:03:01,9.65,--,21,20265,卖盘
818,11:02:52,9.65,--,40,38600,卖盘
819,11:02:46,9.65,--,13,12545,买盘
820,11:02:37,9.65,--,403,388895,买盘
821,11:02:26,9.65,0.01,41,39565,买盘
822,11:02:16,9.64,--,50,48200,卖盘
823,11:02:11,9.64,0.01,10,9640,卖盘
824,11:02:01,9.63,-0.02,30,28890,卖盘
825,11:01:56,9.65,0.02,300,289500,买盘
826,11:01:50,9.63,-0.01,1,963,卖盘
827,11:01:46,9.64,--,10,9640,买盘
828,11:01:41,9.64,--,31,29884,买盘
829,11:01:35,9.64,--,33,31812,买盘
830,11:01:31,9.64,--,100,96400,买盘
831,11:01:26,9.64,--,9,8676,买盘
832,11:01:16,9.64,--,28,26992,买盘
833,11:01:05,9.64,--,40,38560,买盘
834,11:00:50,9.64,--,10,9640,买盘
835,11:00:41,9.64,0.01,50,48200,买盘
836,11:00:31,9.63,0.01,22,21186,买盘
837,11:00:16,9.62,--,1,961,卖盘
838,11:00:11,9.62,--,389,374217,买盘
839,11:00:05,9.62,--,32,30783,买盘
840,11:00:01,9.62,--,59,56757,买盘
841,10:59:56,9.62,--,6,5771,买盘
842,10:59:50,9.62,--,112,107743,买盘
843,10:59:41,9.62,0.01,79,75998,买盘
844,10:59:26,9.61,-0.01,10,9610,卖盘
845,10:59:20,9.62,--,1,961,买盘
846,10:59:16,9.62,--,208,200095,买盘
847,10:59:05,9.62,0.01,33,31745,买盘
848,10:59:01,9.61,--,61,58621,卖盘
849,10:58:50,9.61,-0.01,9,8649,卖盘
850,10:58:40,9.62,--,37,35594,买盘
851,10:58:31,9.62,0.01,10,9620,买盘
852,10:58:20,9.61,--,30,28830,卖盘
853,10:58:16,9.61,-0.01,35,33635,卖盘
854,10:58:01,9.62,--,1,961,买盘
855,10:57:55,9.62,--,30,28859,买盘
856,10:57:46,9.62,--,70,67340,买盘
857,10:57:31,9.62,0.01,25,24049,买盘
858,10:57:25,9.61,--,45,43245,买盘
859,10:57:20,9.61,0.01,70,67270,买盘
860,10:57:16,9.6,-0.01,83,79680,卖盘
861,10:57:10,9.61,--,40,38440,买盘
862,10:57:05,9.61,--,61,58621,买盘
863,10:57:00,9.61,--,50,48050,买盘
864,10:56:55,9.61,--,90,86490,买盘
865,10:56:50,9.61,--,80,76880,买盘
866,10:56:40,9.61,--,18,17298,买盘
867,10:56:35,9.61,--,63,60543,买盘
868,10:56:30,9.61,--,5,4805,买盘
869,10:56:25,9.61,--,33,31712,买盘
870,10:56:20,9.61,--,5,4805,买盘
871,10:56:10,9.61,--,10,9610,买盘
872,10:55:50,9.61,-0.01,518,497797,卖盘
873,10:55:40,9.62,--,31,29821,买盘
874,10:55:35,9.62,--,60,57719,买盘
875,10:55:30,9.62,--,30,28859,买盘
876,10:55:15,9.62,0.01,4,3847,买盘
877,10:55:05,9.61,-0.01,20,19220,卖盘
878,10:54:55,9.62,--,2,1923,买盘
879,10:54:25,9.62,0.01,10,9620,买盘
880,10:54:20,9.61,--,1,961,卖盘
881,10:54:14,9.61,-0.01,1,961,卖盘
882,10:54:10,9.62,--,49,47137,买盘
883,10:54:05,9.62,0.01,8,7695,买盘
884,10:53:50,9.61,-0.01,10,9610,卖盘
885,10:53:40,9.62,--,10,9620,买盘
886,10:53:29,9.62,0.01,105,101009,买盘
887,10:53:25,9.61,-0.01,2,1922,卖盘
888,10:53:14,9.62,--,23,22126,买盘
889,10:53:10,9.62,--,2,1923,买盘
890,10:53:05,9.62,--,20,19240,买盘
891,10:52:50,9.62,--,47,45213,买盘
892,10:52:25,9.62,--,58,55795,买盘
893,10:52:20,9.62,--,122,117363,买盘
894,10:52:14,9.62,0.01,70,67340,买盘
895,10:52:05,9.61,--,6,5766,卖盘
896,10:51:25,9.61,-0.01,7,6727,卖盘
897,10:51:14,9.62,0.01,58,55795,买盘
898,10:50:49,9.61,-0.01,42,40362,卖盘
899,10:50:34,9.62,--,40,38480,买盘
900,10:50:29,9.62,--,10,9620,买盘
901,10:50:25,9.62,--,32,30783,买盘
902,10:50:10,9.62,0.01,33,31745,买盘
903,10:50:04,9.61,-0.01,40,38440,卖盘
904,10:49:54,9.62,--,50,48099,买盘
905,10:49:49,9.62,0.01,13,12505,买盘
906,10:49:44,9.61,-0.01,7,6727,卖盘
907,10:49:19,9.62,-0.02,186,178932,卖盘
908,10:49:14,9.64,0.01,20,19280,买盘
909,10:49:04,9.63,-0.01,34,32742,中性盘
910,10:48:59,9.64,0.01,36,34704,买盘
911,10:48:34,9.63,--,0,0,买盘
912,10:48:29,9.63,--,0,0,中性盘
913,10:48:24,9.63,--,0,0,卖盘
914,10:48:09,9.63,-0.01,21,20223,卖盘
915,10:47:54,9.64,0.01,36,34704,买盘
916,10:47:49,9.63,0.03,10,9630,买盘
917,10:47:29,9.6,--,377,362140,买盘
918,10:47:19,9.6,--,45,43200,买盘
919,10:47:14,9.6,--,2,1920,买盘
920,10:47:04,9.6,-0.04,409,393379,卖盘
921,10:46:59,9.64,0.01,17,16388,买盘
922,10:46:53,9.63,-0.01,30,28890,卖盘
923,10:46:49,9.64,0.01,32,30848,买盘
924,10:46:38,9.63,-0.01,1,963,卖盘
925,10:46:29,9.64,0.01,9,8676,买盘
926,10:46:19,9.63,-0.01,5,4815,卖盘
927,10:46:14,9.64,0.04,100,96400,买盘
928,10:46:08,9.6,-0.04,800,768000,卖盘
929,10:45:59,9.64,0.01,32,30848,买盘
930,10:45:49,9.63,--,41,39483,卖盘
931,10:45:44,9.63,--,51,49113,卖盘
932,10:45:29,9.63,--,280,269861,买盘
933,10:45:23,9.63,0.01,80,77040,买盘
934,10:45:19,9.62,-0.01,2,1923,卖盘
935,10:45:08,9.63,--,33,31779,买盘
936,10:45:04,9.63,--,20,19260,买盘
937,10:44:59,9.63,-0.01,219,211638,卖盘
938,10:44:53,9.64,0.01,6,5784,买盘
939,10:44:23,9.63,-0.01,5,4815,卖盘
940,10:44:19,9.64,0.01,113,109153,买盘
941,10:44:13,9.63,--,28,26964,买盘
942,10:44:04,9.63,--,13,12519,买盘
943,10:43:58,9.63,--,3,2889,买盘
944,10:43:43,9.63,--,1,963,买盘
945,10:43:38,9.63,--,10,9630,买盘
946,10:43:08,9.63,0.01,16,15408,买盘
947,10:42:58,9.62,--,5,4810,卖盘
948,10:42:43,9.62,-0.01,5,4810,卖盘
949,10:42:33,9.63,--,5,4815,买盘
950,10:42:23,9.63,0.01,7,6741,买盘
951,10:42:18,9.62,-0.01,11,10582,卖盘
952,10:42:13,9.63,--,42,40446,买盘
953,10:42:03,9.63,--,28,26964,买盘
954,10:41:58,9.63,--,11,10593,买盘
955,10:41:48,9.63,--,111,106893,买盘
956,10:41:42,9.63,--,5,4815,买盘
957,10:41:38,9.63,--,13,12519,买盘
958,10:41:33,9.63,--,1,963,买盘
959,10:41:28,9.63,--,226,217638,买盘
960,10:41:13,9.63,--,16,15408,买盘
961,10:41:08,9.63,0.01,33,31779,买盘
962,10:40:53,9.62,-0.01,20,19240,卖盘
963,10:40:38,9.63,--,1,963,买盘
964,10:40:33,9.63,0.01,28,26964,买盘
965,10:40:18,9.62,-0.01,40,38480,卖盘
966,10:40:13,9.63,--,20,19260,买盘
967,10:40:08,9.63,0.01,32,30816,买盘
968,10:40:02,9.62,-0.01,43,41366,卖盘
969,10:39:58,9.63,0.01,20,19260,买盘
970,10:39:38,9.62,--,10,9620,卖盘
971,10:39:28,9.62,--,98,94275,买盘
972,10:39:23,9.62,--,2,1923,买盘
973,10:39:17,9.62,--,3,2885,买盘
974,10:39:13,9.62,0.01,5,4810,买盘
975,10:39:08,9.61,-0.01,24,23064,卖盘
976,10:38:16,9.62,--,1,961,买盘
977,10:38:13,9.62,--,30,28859,买盘
978,10:38:08,9.62,--,13,12505,买盘
979,10:37:58,9.62,-0.01,19,18278,买盘
980,10:37:53,9.63,--,0,0,买盘
981,10:37:43,9.63,0.01,36,34668,买盘
982,10:37:38,9.62,--,27,25973,买盘
983,10:37:32,9.62,0.01,10,9620,买盘
984,10:37:28,9.61,--,5,4805,卖盘
985,10:37:23,9.61,--,41,39401,卖盘
986,10:37:17,9.61,-0.02,3,2883,卖盘
987,10:37:07,9.63,0.01,14,13482,买盘
988,10:36:58,9.62,--,30,28859,买盘
989,10:36:52,9.62,0.01,9,8658,买盘
990,10:36:37,9.61,--,20,19220,卖盘
991,10:36:32,9.61,--,10,9610,卖盘
992,10:36:22,9.61,--,28,26908,卖盘
993,10:36:16,9.61,--,10,9610,卖盘
994,10:36:13,9.61,--,10,9610,买盘
995,10:36:07,9.61,--,15,14415,买盘
996,10:36:02,9.61,--,1,961,买盘
997,10:35:57,9.61,--,2,1922,买盘
998,10:35:42,9.61,-0.01,20,19220,卖盘
999,10:35:32,9.62,-0.01,1,961,买盘
1000,10:35:17,9.63,0.01,38,36594,买盘
1001,10:35:12,9.62,--,29,28619,卖盘
1002,10:35:07,9.62,-0.01,5,4810,卖盘
1003,10:34:57,9.63,0.01,30,28890,买盘
1004,10:34:52,9.62,--,26,25011,卖盘
1005,10:34:46,9.62,--,10,9620,卖盘
1006,10:34:37,9.62,--,10,9620,卖盘
1007,10:34:27,9.62,--,3,2885,卖盘
1008,10:34:22,9.62,--,33,31745,卖盘
1009,10:34:17,9.62,-0.01,11,10582,卖盘
1010,10:34:12,9.63,--,102,98226,买盘
1011,10:33:52,9.63,--,2,1926,买盘
1012,10:33:47,9.63,--,2,1945,卖盘
1013,10:33:31,9.63,0.01,6,6721,买盘
1014,10:33:27,9.62,-0.01,27,25973,卖盘
1015,10:33:22,9.63,--,7,6741,买盘
1016,10:33:12,9.63,--,6,5778,买盘
1017,10:33:07,9.63,--,58,55854,买盘
1018,10:33:02,9.63,0.01,90,86670,买盘
1019,10:32:56,9.62,-0.01,45,43290,卖盘
1020,10:32:52,9.63,--,2,1926,买盘
1021,10:32:47,9.63,--,2,1926,买盘
1022,10:32:41,9.63,--,109,104967,买盘
1023,10:32:37,9.63,-0.01,34,32742,卖盘
1024,10:32:26,9.64,--,1,964,买盘
1025,10:32:22,9.64,--,14,13496,买盘
1026,10:32:07,9.64,--,5,4820,买盘
1027,10:31:52,9.64,--,3,2892,买盘
1028,10:31:47,9.64,0.01,10,9640,买盘
1029,10:31:37,9.63,--,1,963,卖盘
1030,10:31:32,9.63,0.01,31,29853,买盘
1031,10:31:26,9.62,--,20,19240,卖盘
1032,10:31:22,9.62,--,10,9620,卖盘
1033,10:31:16,9.62,--,21,20202,卖盘
1034,10:31:11,9.62,-0.01,22,21164,卖盘
1035,10:31:07,9.63,--,37,35631,买盘
1036,10:31:01,9.63,0.01,10,9630,买盘
1037,10:30:51,9.62,-0.01,3,2885,卖盘
1038,10:30:47,9.63,--,44,42372,买盘
1039,10:30:21,9.63,-0.01,2,1926,中性盘
1040,10:30:17,9.64,--,13,12532,买盘
1041,10:30:11,9.64,0.01,32,31571,买盘
1042,10:30:06,9.63,0.01,24,23112,中性盘
1043,10:30:01,9.62,--,149,143338,卖盘
1044,10:29:56,9.62,--,59,56757,卖盘
1045,10:29:51,9.62,-0.01,4,3847,卖盘
1046,10:29:46,9.63,-0.01,71,68373,买盘
1047,10:29:16,9.64,--,0,0,买盘
1048,10:29:06,9.64,0.01,37,35668,买盘
1049,10:28:51,9.63,--,1,963,卖盘
1050,10:28:46,9.63,--,51,49113,买盘
1051,10:28:40,9.63,0.01,13,12519,买盘
1052,10:28:36,9.62,-0.02,19,18278,卖盘
1053,10:28:31,9.64,0.01,113,108932,买盘
1054,10:28:26,9.63,--,5,4815,卖盘
1055,10:28:21,9.63,--,1,963,卖盘
1056,10:28:10,9.63,-0.01,40,38520,卖盘
1057,10:28:06,9.64,0.01,8,7712,买盘
1058,10:27:51,9.63,--,57,54891,买盘
1059,10:27:46,9.63,--,137,131931,买盘
1060,10:27:36,9.63,--,10,9630,买盘
1061,10:27:31,9.63,0.01,40,38520,买盘
1062,10:27:25,9.62,--,107,102933,卖盘
1063,10:27:21,9.62,-0.01,5,4810,卖盘
1064,10:27:06,9.63,0.01,20,19260,买盘
1065,10:26:51,9.62,-0.01,2,1923,卖盘
1066,10:26:46,9.63,--,34,32742,买盘
1067,10:26:36,9.63,--,222,213786,买盘
1068,10:26:21,9.63,0.01,7,6741,买盘
1069,10:26:15,9.62,--,20,19240,卖盘
1070,10:26:06,9.62,--,70,67340,卖盘
1071,10:25:51,9.62,--,20,19240,卖盘
1072,10:25:46,9.62,--,5,4810,卖盘
1073,10:25:40,9.62,--,10,9620,卖盘
1074,10:25:36,9.62,0.01,79,76479,买盘
1075,10:25:25,9.61,-0.01,9,8649,卖盘
1076,10:25:19,9.62,0.01,7,6733,买盘
1077,10:25:16,9.61,-0.01,1,961,卖盘
1078,10:25:11,9.62,0.01,26,25011,买盘
1079,10:25:04,9.61,-0.01,30,28830,卖盘
1080,10:25:01,9.62,--,1,1442,卖盘
1081,10:24:55,9.62,--,106,102452,买盘
1082,10:24:46,9.62,--,6,5771,买盘
1083,10:24:40,9.62,--,6,5771,买盘
1084,10:24:31,9.62,--,16,15391,卖盘
1085,10:24:15,9.62,--,77,74074,买盘
1086,10:24:04,9.62,0.01,4,3847,买盘
1087,10:23:55,9.61,-0.01,11,10571,卖盘
1088,10:23:40,9.62,0.01,400,384799,买盘
1089,10:23:30,9.61,-0.01,7,6727,卖盘
1090,10:23:25,9.62,0.01,5,4810,买盘
1091,10:23:15,9.61,-0.01,100,96100,卖盘
1092,10:23:10,9.62,0.01,1,961,买盘
1093,10:23:00,9.61,--,4,3844,买盘
1094,10:22:45,9.61,--,8,7688,卖盘
1095,10:22:40,9.61,--,20,19220,卖盘
1096,10:22:34,9.61,--,90,86490,卖盘
1097,10:22:25,9.61,0.01,29,27869,买盘
1098,10:22:19,9.6,-0.01,5,4800,卖盘
1099,10:22:15,9.61,--,50,48050,买盘
1100,10:22:00,9.61,--,12,11532,买盘
1101,10:21:49,9.61,--,4,3844,买盘
1102,10:21:45,9.61,--,2,1922,买盘
1103,10:21:40,9.61,--,2,1922,买盘
1104,10:21:25,9.61,--,8,7688,买盘
1105,10:21:15,9.61,--,4,3844,买盘
1106,10:21:00,9.61,0.03,27,25947,卖盘
1107,10:20:49,9.58,--,0,0,卖盘
1108,10:20:45,9.58,-0.03,177,169566,卖盘
1109,10:20:40,9.61,--,9,8649,买盘
1110,10:20:34,9.61,--,1,961,买盘
1111,10:20:30,9.61,--,12,11532,买盘
1112,10:20:19,9.61,--,35,33635,买盘
1113,10:20:15,9.61,0.01,20,19220,买盘
1114,10:19:55,9.6,--,0,0,卖盘
1115,10:19:30,9.6,--,2,1920,卖盘
1116,10:19:15,9.6,-0.01,5,4800,卖盘
1117,10:18:55,9.61,--,2,2402,买盘
1118,10:18:45,9.61,--,22,21622,卖盘
1119,10:18:30,9.61,--,147,141747,卖盘
1120,10:18:25,9.61,--,10,9610,卖盘
1121,10:18:15,9.61,--,55,52855,卖盘
1122,10:17:59,9.61,-0.01,40,38440,卖盘
1123,10:17:55,9.62,--,3,2885,买盘
1124,10:17:49,9.62,--,8,7695,买盘
1125,10:17:39,9.62,--,5,4810,买盘
1126,10:17:34,9.62,--,40,38480,买盘
1127,10:17:24,9.62,--,10,9620,买盘
1128,10:17:19,9.62,-0.01,5,4810,中性盘
1129,10:17:13,9.63,0.01,45,43335,买盘
1130,10:17:09,9.62,--,18,17316,卖盘
1131,10:17:04,9.62,--,49,47137,卖盘
1132,10:16:58,9.62,--,9,8658,卖盘
1133,10:16:54,9.62,--,74,71188,买盘
1134,10:16:49,9.62,--,15,14429,买盘
1135,10:16:39,9.62,--,60,57719,买盘
1136,10:16:28,9.62,0.01,3,2885,买盘
1137,10:16:24,9.61,--,5,4805,卖盘
1138,10:16:19,9.61,-0.01,25,24025,卖盘
1139,10:16:13,9.62,--,23,22126,买盘
1140,10:16:09,9.62,0.01,1,961,买盘
1141,10:16:04,9.61,--,135,129734,买盘
1142,10:15:54,9.61,0.01,1,961,买盘
1143,10:15:49,9.6,--,725,696000,买盘
1144,10:15:39,9.6,0.01,5,4800,买盘
1145,10:15:34,9.59,--,202,193718,卖盘
1146,10:15:24,9.59,--,85,81515,卖盘
1147,10:15:04,9.59,-0.01,5,4795,卖盘
1148,10:14:58,9.6,--,5,4800,买盘
1149,10:14:54,9.6,0.01,10,9600,买盘
1150,10:14:49,9.59,-0.01,9,8631,卖盘
1151,10:14:39,9.6,--,10,9600,买盘
1152,10:14:34,9.6,--,18,17280,买盘
1153,10:14:24,9.6,--,10,9600,买盘
1154,10:14:19,9.6,0.02,10,9600,买盘
1155,10:14:04,9.58,-0.02,2,1916,卖盘
1156,10:13:49,9.6,--,200,192000,买盘
1157,10:13:34,9.6,0.01,8,7680,买盘
1158,10:13:28,9.59,-0.01,20,19180,卖盘
1159,10:13:24,9.6,0.01,19,18240,买盘
1160,10:13:13,9.59,--,2,1918,买盘
1161,10:13:09,9.59,0.01,28,26852,买盘
1162,10:13:04,9.58,-0.01,3,2874,卖盘
1163,10:12:43,9.59,--,8,7672,买盘
1164,10:12:39,9.59,--,44,42196,买盘
1165,10:12:28,9.59,--,19,18221,买盘
1166,10:12:19,9.59,0.01,30,28770,买盘
1167,10:12:04,9.58,0.01,7,6706,卖盘
1168,10:11:39,9.57,--,0,0,卖盘
1169,10:11:33,9.57,-0.02,3,2871,卖盘
1170,10:11:28,9.59,--,17,16303,买盘
1171,10:11:24,9.59,0.02,20,19180,买盘
1172,10:11:08,9.57,--,24,22968,卖盘
1173,10:10:58,9.57,0.01,5,4785,卖盘
1174,10:10:48,9.56,--,0,0,卖盘
1175,10:10:43,9.56,--,43,41108,卖盘
1176,10:10:37,9.56,-0.01,53,50668,卖盘
1177,10:10:33,9.57,--,37,35409,买盘
1178,10:10:22,9.57,-0.01,17,16269,买盘
1179,10:10:13,9.58,0.02,2019,1934202,买盘
1180,10:10:07,9.56,-0.02,90,86040,卖盘
1181,10:09:52,9.58,0.01,32,30656,买盘
1182,10:09:43,9.57,-0.01,116,111012,卖盘
1183,10:09:28,9.58,--,50,47900,买盘
1184,10:09:22,9.58,-0.01,164,157112,卖盘
1185,10:09:03,9.59,--,75,71925,卖盘
1186,10:08:58,9.59,--,28,26852,卖盘
1187,10:08:48,9.59,--,153,146727,买盘
1188,10:08:43,9.59,--,3,2877,买盘
1189,10:08:28,9.59,-0.01,28,26852,中性盘
1190,10:08:22,9.6,--,22,21120,买盘
1191,10:08:13,9.6,--,16,15360,买盘
1192,10:08:07,9.6,--,0,0,买盘
1193,10:08:03,9.6,--,17,16320,买盘
1194,10:07:48,9.6,0.01,90,86400,买盘
1195,10:07:43,9.59,-0.01,22,21098,卖盘
1196,10:07:37,9.6,--,17,16320,买盘
1197,10:07:33,9.6,--,68,65280,买盘
1198,10:07:28,9.6,0.01,42,40320,买盘
1199,10:07:18,9.59,-0.01,7,6713,卖盘
1200,10:07:13,9.6,0.01,10,9600,买盘
1201,10:07:07,9.59,--,10,9590,卖盘
1202,10:07:03,9.59,-0.01,36,34524,卖盘
1203,10:06:57,9.6,--,73,70080,买盘
1204,10:06:52,9.6,0.01,3,2880,买盘
1205,10:06:47,9.59,-0.01,5,4795,卖盘
1206,10:06:43,9.6,--,0,0,买盘
1207,10:06:28,9.6,0.01,10,9600,买盘
1208,10:06:18,9.59,0.01,27,25893,买盘
1209,10:06:13,9.58,-0.01,170,162860,卖盘
1210,10:05:47,9.59,--,17,16303,买盘
1211,10:05:32,9.59,--,56,53704,买盘
1212,10:05:28,9.59,--,10,9590,买盘
1213,10:05:17,9.59,--,21,20139,买盘
1214,10:05:13,9.59,--,99,94941,买盘
1215,10:05:02,9.59,--,15,14385,买盘
1216,10:04:57,9.59,0.01,11,10549,买盘
1217,10:04:42,9.58,-0.01,5,4790,卖盘
1218,10:04:33,9.59,--,34,32606,买盘
1219,10:04:27,9.59,--,26,24934,买盘
1220,10:03:57,9.59,0.01,4,3836,买盘
1221,10:03:37,9.58,--,50,47900,卖盘
1222,10:03:27,9.58,0.01,11,10538,买盘
1223,10:03:22,9.57,-0.01,3,2871,卖盘
1224,10:03:12,9.58,0.01,20,19160,买盘
1225,10:02:52,9.57,--,18,17226,买盘
1226,10:02:46,9.57,0.01,18,17226,买盘
1227,10:02:42,9.56,-0.01,25,23900,卖盘
1228,10:02:37,9.57,--,10,9570,买盘
1229,10:02:27,9.57,0.01,7,6699,买盘
1230,10:02:22,9.56,-0.01,21,20076,卖盘
1231,10:02:16,9.57,-0.01,7,6699,中性盘
1232,10:02:01,9.58,--,74,70892,买盘
1233,10:01:57,9.58,--,1,958,买盘
1234,10:01:52,9.58,--,82,78556,买盘
1235,10:01:42,9.58,--,100,95800,买盘
1236,10:01:37,9.58,--,11,10538,买盘
1237,10:01:22,9.58,-0.01,12,11496,买盘
1238,10:01:12,9.59,--,0,0,买盘
1239,10:01:07,9.59,--,30,28770,买盘
1240,10:01:01,9.59,--,10,9590,买盘
1241,10:00:57,9.59,--,32,30688,买盘
1242,10:00:52,9.59,--,49,46991,买盘
1243,10:00:42,9.59,-0.01,343,328937,卖盘
1244,10:00:31,9.6,0.01,10,9600,买盘
1245,10:00:22,9.59,0.03,514,492926,买盘
1246,10:00:16,9.56,0.01,10,9560,买盘
1247,09:59:41,9.55,--,28,26740,买盘
1248,09:59:37,9.55,--,8,7640,买盘
1249,09:59:31,9.55,--,18,17190,买盘
1250,09:59:26,9.55,--,28,26740,买盘
1251,09:59:22,9.55,0.01,44,42020,买盘
1252,09:59:16,9.54,-0.01,10,9540,卖盘
1253,09:59:11,9.55,--,15,14325,买盘
1254,09:59:07,9.55,0.01,10,9550,买盘
1255,09:58:56,9.54,-0.01,5,4770,卖盘
1256,09:58:46,9.55,--,10,9550,买盘
1257,09:58:11,9.55,--,20,19100,买盘
1258,09:57:51,9.55,-0.01,22,21010,卖盘
1259,09:57:41,9.56,--,22,21032,买盘
1260,09:57:21,9.56,0.01,18,17208,买盘
1261,09:57:16,9.55,--,2,1910,中性盘
1262,09:57:11,9.55,-0.01,12,11460,卖盘
1263,09:56:41,9.56,--,0,0,买盘
1264,09:56:36,9.56,0.01,65,62140,买盘
1265,09:56:21,9.55,-0.01,19,18145,卖盘
1266,09:56:06,9.56,0.01,10,9560,买盘
1267,09:55:36,9.55,--,28,26740,卖盘
1268,09:55:25,9.55,0.01,21,20055,买盘
1269,09:55:21,9.54,-0.01,31,29573,卖盘
1270,09:55:06,9.55,--,10,9550,买盘
1271,09:54:25,9.55,--,10,9550,买盘
1272,09:54:16,9.55,--,5,4775,买盘
1273,09:53:21,9.55,--,4,3820,买盘
1274,09:53:06,9.55,--,50,47750,买盘
1275,09:53:01,9.55,--,1,955,买盘
1276,09:52:51,9.55,--,7,6685,卖盘
1277,09:52:40,9.55,--,10,9550,卖盘
1278,09:52:25,9.55,--,2,1910,买盘
1279,09:52:16,9.55,--,18,17190,买盘
1280,09:52:05,9.55,--,15,14325,买盘
1281,09:51:55,9.55,--,17,16235,买盘
1282,09:51:50,9.55,--,1,955,买盘
1283,09:51:40,9.55,-0.01,28,26740,卖盘
1284,09:51:35,9.56,--,26,24856,买盘
1285,09:51:15,9.56,--,0,0,买盘
1286,09:51:00,9.56,0.01,3,2868,买盘
1287,09:50:50,9.55,--,0,0,中性盘
1288,09:50:35,9.55,--,0,0,买盘
1289,09:50:30,9.55,--,25,23875,买盘
1290,09:50:25,9.55,--,27,25785,买盘
1291,09:50:15,9.55,--,9,8595,买盘
1292,09:50:00,9.55,--,10,9550,买盘
1293,09:49:45,9.55,-0.01,26,24830,买盘
1294,09:49:20,9.56,--,0,0,买盘
1295,09:49:15,9.56,0.03,3,2868,买盘
1296,09:48:45,9.53,--,2,1905,卖盘
1297,09:48:35,9.53,--,86,81958,卖盘
1298,09:48:04,9.53,-0.02,2,1905,卖盘
1299,09:47:40,9.55,0.01,67,63985,买盘
1300,09:47:34,9.54,--,9,8586,卖盘
1301,09:47:25,9.54,-0.01,34,32435,卖盘
1302,09:47:00,9.55,--,0,0,中性盘
1303,09:46:49,9.55,--,21,20055,买盘
1304,09:46:19,9.55,0.01,4,3820,买盘
1305,09:46:10,9.54,-0.01,40,38160,卖盘
1306,09:46:04,9.55,--,5,4775,买盘
1307,09:45:55,9.55,0.02,25,23875,买盘
1308,09:45:25,9.53,--,0,0,卖盘
1309,09:45:00,9.53,--,1,952,卖盘
1310,09:44:54,9.53,-0.02,5,4765,卖盘
1311,09:44:39,9.55,--,72,68760,买盘
1312,09:44:09,9.55,-0.01,3,2865,买盘
1313,09:43:44,9.56,--,0,0,买盘
1314,09:43:29,9.56,0.01,46,43976,买盘
1315,09:43:19,9.55,--,0,0,买盘
1316,09:43:09,9.55,0.01,1,955,买盘
1317,09:42:54,9.54,0.01,82,78228,买盘
1318,09:42:49,9.53,--,26,24778,买盘
1319,09:42:14,9.53,0.01,16,15247,买盘
1320,09:42:09,9.52,-0.01,9,8568,卖盘
1321,09:42:04,9.53,--,0,0,买盘
1322,09:41:59,9.53,0.01,59,56226,买盘
1323,09:41:49,9.52,--,10,9520,买盘
1324,09:41:44,9.52,--,42,39984,卖盘
1325,09:41:04,9.52,-0.01,18,17136,卖盘
1326,09:40:54,9.53,0.01,19,18107,买盘
1327,09:40:44,9.52,--,10,9520,卖盘
1328,09:40:24,9.52,--,19,18088,卖盘
1329,09:40:19,9.52,--,32,30464,卖盘
1330,09:40:13,9.52,--,60,57120,卖盘
1331,09:40:09,9.52,-0.01,32,30464,卖盘
1332,09:39:58,9.53,--,7,6671,买盘
1333,09:39:54,9.53,--,13,12389,卖盘
1334,09:39:39,9.53,--,9,8577,卖盘
1335,09:39:04,9.53,0.01,16,15247,买盘
1336,09:38:53,9.52,0.01,22,20944,卖盘
1337,09:38:38,9.51,--,10,9510,卖盘
1338,09:38:34,9.51,-0.01,30,28530,卖盘
1339,09:38:28,9.52,--,40,38080,买盘
1340,09:38:23,9.52,0.01,20,19040,买盘
1341,09:38:18,9.51,-0.01,20,19020,卖盘
1342,09:38:13,9.52,--,5,4760,买盘
1343,09:37:38,9.52,0.01,10,9520,买盘
1344,09:37:33,9.51,-0.01,1,951,卖盘
1345,09:37:13,9.52,0.01,2,1904,买盘
1346,09:37:03,9.51,--,159,151209,卖盘
1347,09:36:58,9.51,-0.01,30,28530,卖盘
1348,09:36:33,9.52,--,1,952,买盘
1349,09:36:13,9.52,-0.01,83,79016,卖盘
1350,09:36:08,9.53,0.01,30,28589,买盘
1351,09:35:53,9.52,--,4,3808,卖盘
1352,09:35:48,9.52,--,1,952,卖盘
1353,09:35:43,9.52,-0.01,10,9520,卖盘
1354,09:35:38,9.53,0.01,11,10483,买盘
1355,09:35:33,9.52,-0.01,60,57120,卖盘
1356,09:35:28,9.53,--,3,2859,买盘
1357,09:35:18,9.53,--,72,68616,卖盘
1358,09:35:08,9.53,--,10,9530,卖盘
1359,09:34:53,9.53,--,123,117218,买盘
1360,09:34:48,9.53,0.01,6,5718,买盘
1361,09:34:43,9.52,-0.01,20,19040,卖盘
1362,09:34:33,9.53,--,6,5718,买盘
1363,09:34:23,9.53,-0.01,115,109594,卖盘
1364,09:34:18,9.54,0.01,2,1907,买盘
1365,09:34:03,9.53,-0.01,20,19060,卖盘
1366,09:33:38,9.54,--,10,9540,买盘
1367,09:33:33,9.54,--,4,3815,买盘
1368,09:33:23,9.54,-0.01,3,2861,卖盘
1369,09:33:17,9.55,--,99,94545,买盘
1370,09:33:08,9.55,--,34,32470,卖盘
1371,09:33:03,9.55,-0.01,10,9550,卖盘
1372,09:32:48,9.56,--,5,4780,买盘
1373,09:32:43,9.56,--,15,14340,卖盘
1374,09:32:37,9.56,--,16,15296,卖盘
1375,09:32:33,9.56,--,10,9560,卖盘
1376,09:32:22,9.56,-0.01,100,95600,卖盘
1377,09:32:02,9.57,--,5,4785,买盘
1378,09:31:48,9.57,0.01,34,32538,买盘
1379,09:31:42,9.56,0.01,8,7648,卖盘
1380,09:31:07,9.55,--,101,96455,卖盘
1381,09:31:02,9.55,--,2,1910,卖盘
1382,09:30:57,9.55,--,0,0,卖盘
1383,09:30:52,9.55,-0.03,1,955,卖盘
1384,09:30:47,9.58,0.03,5,4790,买盘
1385,09:30:42,9.55,--,0,0,卖盘
1386,09:30:27,9.55,-0.04,10,9550,卖盘
1387,09:30:12,9.59,--,4,3836,买盘
1388,09:30:07,9.59,0.02,178,170702,买盘
1389,09:30:02,9.57,-0.01,27,25839,卖盘
1390,09:28:46,9.58,--,0,0,买盘
1391,09:25:01,9.58,9.58,50,47900,买盘
