,time,price,change,volume,amount,type
0,15:00:00,10.27,--,0,0,中性盘
1,15:00:00,10.27,0.01,0,0,中性盘
2,14:59:59,10.26,--,832,853632,买盘
3,14:59:57,10.26,-0.07,4178,4286628,卖盘
4,14:59:48,10.33,0.08,48,49584,买盘
5,14:59:42,10.25,-0.09,5008,5133200,卖盘
6,14:59:37,10.34,--,5,5170,买盘
7,14:59:32,10.34,0.02,151,156134,买盘
8,14:59:27,10.32,-0.01,5012,5172384,卖盘
9,14:59:22,10.33,--,3,3099,卖盘
10,14:59:17,10.33,-0.01,467,482411,买盘
11,14:59:12,10.34,0.01,28,29593,买盘
12,14:59:07,10.33,-0.01,27,27891,卖盘
13,14:59:03,10.34,0.01,689,712818,买盘
14,14:58:57,10.33,0.01,5,5165,买盘
15,14:58:52,10.32,-0.01,44,45408,卖盘
16,14:58:48,10.33,--,210,216930,买盘
17,14:58:42,10.33,--,225,232425,买盘
18,14:58:37,10.33,--,12,12396,买盘
19,14:58:32,10.33,-0.01,195,201992,卖盘
20,14:58:27,10.34,--,131,135929,买盘
21,14:58:22,10.34,0.01,55,56870,买盘
22,14:58:17,10.33,0.01,50,51650,卖盘
23,14:58:12,10.32,-0.01,395,407640,卖盘
24,14:58:07,10.33,-0.01,53,54749,中性盘
25,14:58:02,10.34,--,354,366036,买盘
26,14:57:57,10.34,0.02,149,154066,买盘
27,14:57:52,10.32,-0.02,93,95976,卖盘
28,14:57:47,10.34,0.02,1056,1091904,买盘
29,14:57:42,10.32,-0.02,174,179568,卖盘
30,14:57:37,10.34,0.01,573,592482,买盘
31,14:57:32,10.33,--,20,20660,买盘
32,14:57:27,10.33,--,7,7231,买盘
33,14:57:22,10.33,--,630,650790,买盘
34,14:57:17,10.33,--,8,8264,买盘
35,14:57:12,10.33,0.01,69,71277,买盘
36,14:57:07,10.32,-0.01,757,781224,卖盘
37,14:57:02,10.33,0.01,106,109498,买盘
38,14:56:57,10.32,-0.01,4,4128,卖盘
39,14:56:52,10.33,--,61,63013,买盘
40,14:56:47,10.33,--,20,20660,买盘
41,14:56:42,10.33,--,1,1033,买盘
42,14:56:37,10.33,0.01,54,55782,买盘
43,14:56:32,10.32,--,36,37152,卖盘
44,14:56:27,10.32,--,36,37152,卖盘
45,14:56:22,10.32,--,434,447888,买盘
46,14:56:17,10.32,0.01,2,2064,买盘
47,14:56:12,10.31,--,10,10310,卖盘
48,14:56:07,10.31,-0.01,131,135061,卖盘
49,14:56:02,10.32,0.01,2,2064,买盘
50,14:55:57,10.31,--,21,21651,卖盘
51,14:55:42,10.31,0.01,3814,3932234,买盘
52,14:55:37,10.3,--,29,29870,卖盘
53,14:55:32,10.3,--,1,1030,卖盘
54,14:55:27,10.3,--,7,7210,卖盘
55,14:55:22,10.3,-0.01,14,14420,卖盘
56,14:55:17,10.31,--,21,21651,买盘
57,14:55:12,10.31,--,35,36085,买盘
58,14:55:07,10.31,--,2,2062,买盘
59,14:55:01,10.31,0.01,54,55674,买盘
60,14:54:57,10.3,--,66,67980,卖盘
61,14:54:52,10.3,--,4,4120,卖盘
62,14:54:46,10.3,-0.01,10,10300,卖盘
63,14:54:42,10.31,--,105,108255,买盘
64,14:54:37,10.31,--,78,80418,买盘
65,14:54:31,10.31,0.01,28,28868,买盘
66,14:54:26,10.3,-0.01,1,1030,卖盘
67,14:54:22,10.31,--,245,252595,买盘
68,14:54:16,10.31,--,5,5155,买盘
69,14:54:11,10.31,--,155,159805,买盘
70,14:54:07,10.31,-0.01,188,193828,卖盘
71,14:54:00,10.32,--,13,13416,买盘
72,14:53:56,10.32,0.01,5,5160,买盘
73,14:53:52,10.31,-0.01,24,24744,卖盘
74,14:53:46,10.32,-0.01,17,17544,买盘
75,14:53:41,10.33,--,0,0,买盘
76,14:53:37,10.33,0.02,5004,5169132,买盘
77,14:53:31,10.31,-0.02,50,51550,卖盘
78,14:53:26,10.33,0.02,275,284075,买盘
79,14:53:22,10.31,-0.01,5,5155,卖盘
80,14:53:16,10.32,-0.01,9,9288,买盘
81,14:53:11,10.33,--,32,33056,买盘
82,14:53:07,10.33,0.01,180,186590,买盘
83,14:53:01,10.32,--,30,30960,卖盘
84,14:52:56,10.32,--,43,44376,卖盘
85,14:52:52,10.32,-0.01,204,210528,卖盘
86,14:52:46,10.33,0.05,132,136356,买盘
87,14:52:41,10.28,--,505,519520,买盘
88,14:52:36,10.28,-0.04,4588,4717111,卖盘
89,14:52:31,10.32,-0.01,6,6192,卖盘
90,14:52:26,10.33,--,28,28924,买盘
91,14:52:21,10.33,0.01,78,80574,买盘
92,14:52:16,10.32,--,77,79464,买盘
93,14:52:06,10.32,-0.01,78,80496,卖盘
94,14:52:01,10.33,--,201,207633,买盘
95,14:51:56,10.33,0.02,179,184907,买盘
96,14:51:46,10.31,-0.02,50,51550,卖盘
97,14:51:41,10.33,0.01,106,109498,买盘
98,14:51:36,10.32,0.01,86,88752,买盘
99,14:51:31,10.31,-0.01,4,4124,卖盘
100,14:51:21,10.32,0.01,19,19608,买盘
101,14:51:16,10.31,-0.01,31,31961,卖盘
102,14:51:06,10.32,0.01,134,138288,买盘
103,14:51:01,10.31,-0.01,202,208262,卖盘
104,14:50:56,10.32,0.01,10,10320,买盘
105,14:50:51,10.31,-0.01,0,845,卖盘
106,14:50:41,10.32,--,50,51600,买盘
107,14:50:35,10.32,0.01,3,3096,买盘
108,14:50:31,10.31,-0.01,47,48498,卖盘
109,14:50:26,10.32,--,12,12384,卖盘
110,14:50:21,10.32,--,2,2064,卖盘
111,14:50:16,10.32,0.01,291,300312,买盘
112,14:50:11,10.31,-0.01,20,20620,卖盘
113,14:50:06,10.32,0.01,76,78432,买盘
114,14:50:01,10.31,0.01,242,249543,买盘
115,14:49:51,10.3,-0.01,42,43260,卖盘
116,14:49:41,10.31,0.01,28,28868,买盘
117,14:49:36,10.3,--,68,70081,卖盘
118,14:49:31,10.3,-0.01,7,7210,卖盘
119,14:49:26,10.31,0.01,1,1031,买盘
120,14:49:21,10.3,--,2,2060,卖盘
121,14:49:16,10.3,--,18,19188,买盘
122,14:49:11,10.3,0.01,5,5150,买盘
123,14:49:06,10.29,-0.01,91,94102,卖盘
124,14:49:01,10.3,0.01,251,258530,买盘
125,14:48:51,10.29,-0.01,64,65856,卖盘
126,14:48:46,10.3,--,10,10300,买盘
127,14:48:36,10.3,0.01,676,696280,买盘
128,14:48:21,10.29,-0.01,34,35160,卖盘
129,14:48:16,10.3,0.01,15,15450,买盘
130,14:48:11,10.29,--,73,75909,卖盘
131,14:48:05,10.29,-0.01,44,45769,卖盘
132,14:48:01,10.3,--,1,1030,买盘
133,14:47:51,10.3,--,81,83430,买盘
134,14:47:46,10.3,--,7,7210,买盘
135,14:47:41,10.3,0.01,5,5150,卖盘
136,14:47:36,10.29,-0.01,1238,1273902,卖盘
137,14:47:31,10.3,-0.01,23,23731,卖盘
138,14:47:26,10.31,0.01,20,20620,买盘
139,14:47:20,10.3,-0.02,1,1030,卖盘
140,14:47:16,10.32,0.02,567,585144,买盘
141,14:47:10,10.3,--,43,44351,卖盘
142,14:47:06,10.3,-0.02,564,581321,卖盘
143,14:47:01,10.32,0.02,155,159960,买盘
144,14:46:50,10.3,--,11,11330,卖盘
145,14:46:35,10.3,--,5,5150,卖盘
146,14:46:31,10.3,--,23,23731,卖盘
147,14:46:25,10.3,-0.02,215,221450,卖盘
148,14:46:20,10.32,0.02,11,12043,买盘
149,14:46:16,10.3,--,11,12339,卖盘
150,14:46:10,10.3,-0.02,61,63262,卖盘
151,14:46:05,10.32,--,186,192251,卖盘
152,14:46:00,10.32,--,286,295152,卖盘
153,14:45:50,10.32,0.02,99,102209,买盘
154,14:45:46,10.3,--,0,0,卖盘
155,14:45:40,10.3,-0.02,5,5150,卖盘
156,14:45:30,10.32,--,57,58824,卖盘
157,14:45:24,10.32,--,26,27110,卖盘
158,14:45:20,10.32,--,31,32136,卖盘
159,14:45:15,10.32,0.02,142,147029,买盘
160,14:45:10,10.3,-0.02,6,6973,卖盘
161,14:45:05,10.32,0.02,6,6192,买盘
162,14:45:01,10.3,-0.02,117,120582,卖盘
163,14:44:55,10.32,-0.01,10,10320,卖盘
164,14:44:50,10.33,0.01,209,215897,买盘
165,14:44:45,10.32,0.02,5299,5469022,买盘
166,14:44:30,10.3,-0.02,33,34031,卖盘
167,14:44:24,10.32,0.03,36,37152,买盘
168,14:44:20,10.29,-0.01,40,41293,卖盘
169,14:44:14,10.3,-0.02,57,59008,中性盘
170,14:44:10,10.32,--,1,1032,买盘
171,14:44:00,10.32,0.03,19,19608,买盘
172,14:43:50,10.29,--,110,113189,卖盘
173,14:43:45,10.29,-0.03,34,35016,卖盘
174,14:43:40,10.32,0.03,678,699696,买盘
175,14:43:35,10.29,--,65,66885,卖盘
176,14:43:29,10.29,--,51,52478,卖盘
177,14:43:24,10.29,--,5,6153,卖盘
178,14:43:20,10.29,--,4,4116,卖盘
179,14:43:14,10.29,--,0,205,卖盘
180,14:43:10,10.29,--,166,171225,卖盘
181,14:43:05,10.29,-0.02,23,23852,卖盘
182,14:42:59,10.31,0.02,405,417555,买盘
183,14:42:50,10.29,--,111,114218,卖盘
184,14:42:45,10.29,-0.01,41,42189,卖盘
185,14:42:40,10.3,0.01,39,40211,买盘
186,14:42:29,10.29,--,28,28811,卖盘
187,14:42:24,10.29,-0.01,5,5145,卖盘
188,14:42:14,10.3,--,76,78331,卖盘
189,14:42:10,10.3,--,1,1030,卖盘
190,14:42:05,10.3,--,290,298741,卖盘
191,14:41:59,10.3,--,72,74160,卖盘
192,14:41:55,10.3,--,55,56650,卖盘
193,14:41:50,10.3,--,109,112270,卖盘
194,14:41:45,10.3,0.02,652,672497,买盘
195,14:41:39,10.28,-0.01,52,53456,卖盘
196,14:41:34,10.29,0.01,73,75158,买盘
197,14:41:29,10.28,--,115,118631,卖盘
198,14:41:25,10.28,--,122,126423,卖盘
199,14:41:20,10.28,-0.01,3,3094,卖盘
200,14:41:14,10.29,--,1325,1363754,买盘
201,14:41:10,10.29,0.01,10,10290,买盘
202,14:41:05,10.28,-0.01,28,28814,卖盘
203,14:40:59,10.29,--,401,412628,买盘
204,14:40:54,10.29,0.01,24,24695,买盘
205,14:40:50,10.28,-0.01,3,3084,卖盘
206,14:40:44,10.29,--,207,213002,买盘
207,14:40:40,10.29,--,46,47375,买盘
208,14:40:35,10.29,--,15,15434,买盘
209,14:40:29,10.29,--,420,433085,卖盘
210,14:40:25,10.29,--,53,54660,卖盘
211,14:40:20,10.29,--,89,91580,卖盘
212,14:40:14,10.29,0.01,161,165669,买盘
213,14:40:10,10.28,-0.01,402,413297,卖盘
214,14:40:05,10.29,--,20,20580,买盘
215,14:39:59,10.29,0.01,60,61873,买盘
216,14:39:55,10.28,--,46,47308,卖盘
217,14:39:50,10.28,-0.02,2,2056,卖盘
218,14:39:44,10.3,0.01,323,333174,买盘
219,14:39:40,10.29,--,23,23708,卖盘
220,14:39:33,10.29,--,62,64302,买盘
221,14:39:29,10.29,--,179,184458,买盘
222,14:39:24,10.29,--,423,435390,买盘
223,14:39:19,10.29,--,165,169785,买盘
224,14:39:15,10.29,--,397,408512,买盘
225,14:39:09,10.29,--,77,79274,买盘
226,14:39:04,10.29,--,119,122450,买盘
227,14:38:59,10.29,--,183,188306,买盘
228,14:38:54,10.29,--,435,447614,买盘
229,14:38:49,10.29,--,2,2058,买盘
230,14:38:44,10.29,0.01,275,282975,买盘
231,14:38:39,10.28,--,79,81520,卖盘
232,14:38:33,10.28,-0.01,7,7298,卖盘
233,14:38:29,10.29,0.01,218,224332,买盘
234,14:38:24,10.28,-0.01,9,9252,卖盘
235,14:38:19,10.29,--,100,102899,买盘
236,14:38:14,10.29,--,92,94667,买盘
237,14:37:59,10.29,0.01,182,187277,买盘
238,14:37:54,10.28,-0.01,8,8224,卖盘
239,14:37:48,10.29,--,104,107015,买盘
240,14:37:44,10.29,--,219,225350,买盘
241,14:37:39,10.29,--,132,136836,买盘
242,14:37:34,10.29,--,46,47333,买盘
243,14:37:29,10.29,-0.02,3291,3386922,卖盘
244,14:37:24,10.31,--,716,738340,买盘
245,14:37:14,10.31,0.01,105,108255,买盘
246,14:37:09,10.3,--,62,63860,卖盘
247,14:37:04,10.3,-0.01,23,23690,卖盘
248,14:36:59,10.31,0.01,54,55674,买盘
249,14:36:53,10.3,--,3,3090,卖盘
250,14:36:49,10.3,--,89,91803,卖盘
251,14:36:44,10.3,--,110,113300,卖盘
252,14:36:38,10.3,--,1,1163,卖盘
253,14:36:33,10.3,--,13,13390,卖盘
254,14:36:29,10.3,--,63,65271,卖盘
255,14:36:19,10.3,--,87,89610,卖盘
256,14:36:14,10.3,--,177,182310,卖盘
257,14:36:08,10.3,--,75,77250,卖盘
258,14:36:04,10.3,--,37,38243,卖盘
259,14:35:59,10.3,-0.01,63,64890,卖盘
260,14:35:48,10.31,--,1189,1226116,卖盘
261,14:35:44,10.31,--,143,147433,卖盘
262,14:35:38,10.31,--,34,35445,卖盘
263,14:35:29,10.31,-0.01,41,42415,卖盘
264,14:35:18,10.32,--,5,5160,买盘
265,14:35:14,10.32,--,26,27729,卖盘
266,14:35:08,10.32,--,98,101270,买盘
267,14:35:04,10.32,--,20,20640,卖盘
268,14:34:58,10.32,--,40,41280,卖盘
269,14:34:53,10.32,--,401,413832,卖盘
270,14:34:49,10.32,--,137,141384,卖盘
271,14:34:39,10.32,--,35,36388,卖盘
272,14:34:34,10.32,--,75,78411,卖盘
273,14:34:29,10.32,0.01,44,45676,买盘
274,14:34:23,10.31,-0.01,88,90728,卖盘
275,14:34:18,10.32,--,516,532512,买盘
276,14:34:13,10.32,0.01,189,195048,买盘
277,14:34:04,10.31,-0.01,90,92790,卖盘
278,14:33:53,10.32,0.01,17,17544,卖盘
279,14:33:49,10.31,--,133,137123,卖盘
280,14:33:44,10.31,-0.01,1,1154,卖盘
281,14:33:38,10.32,-0.01,75,77792,卖盘
282,14:33:34,10.33,0.01,570,588933,买盘
283,14:33:28,10.32,--,26,27100,卖盘
284,14:33:23,10.32,-0.01,187,192984,卖盘
285,14:33:18,10.33,0.01,25,25825,买盘
286,14:33:14,10.32,--,110,113520,卖盘
287,14:33:08,10.32,--,378,390096,卖盘
288,14:33:03,10.32,-0.01,5,5160,卖盘
289,14:32:53,10.33,0.01,22,22726,买盘
290,14:32:48,10.32,--,493,508776,卖盘
291,14:32:43,10.32,--,5,5294,卖盘
292,14:32:38,10.32,0.01,38,39329,中性盘
293,14:32:33,10.31,-0.02,26,27074,卖盘
294,14:32:27,10.33,0.01,449,463817,买盘
295,14:32:23,10.32,0.01,127,131064,买盘
296,14:32:18,10.31,--,88,91295,卖盘
297,14:32:13,10.31,-0.01,90,92790,卖盘
298,14:32:09,10.32,--,43,44376,买盘
299,14:32:03,10.32,--,3,3096,买盘
300,14:31:48,10.32,--,481,496742,卖盘
301,14:31:43,10.32,-0.01,26,27110,卖盘
302,14:31:38,10.33,--,68,70357,买盘
303,14:31:33,10.33,0.01,136,140632,买盘
304,14:31:23,10.32,-0.01,71,73272,卖盘
305,14:31:18,10.33,0.01,404,417332,买盘
306,14:31:12,10.32,--,92,94944,卖盘
307,14:31:08,10.32,--,4,4128,卖盘
308,14:31:02,10.32,-0.01,90,92880,卖盘
309,14:30:58,10.33,0.01,12,12396,买盘
310,14:30:53,10.32,--,40,41280,卖盘
311,14:30:48,10.32,--,153,158143,卖盘
312,14:30:43,10.32,--,18,18576,卖盘
313,14:30:38,10.32,-0.01,26,27100,卖盘
314,14:30:33,10.33,0.01,70,72310,买盘
315,14:30:18,10.32,--,371,382872,卖盘
316,14:30:13,10.32,-0.01,5,5160,卖盘
317,14:30:08,10.33,-0.01,435,449355,卖盘
318,14:30:02,10.34,0.02,113,116842,买盘
319,14:29:58,10.32,--,0,0,卖盘
320,14:29:53,10.32,--,27,28875,卖盘
321,14:29:47,10.32,--,199,205636,卖盘
322,14:29:43,10.32,--,241,248712,卖盘
323,14:29:38,10.32,--,79,81651,卖盘
324,14:29:32,10.32,-0.01,3,3096,卖盘
325,14:29:27,10.33,0.01,96,99168,买盘
326,14:29:23,10.32,--,88,90816,卖盘
327,14:29:17,10.32,-0.01,73,75336,卖盘
328,14:29:13,10.33,0.01,3,3099,买盘
329,14:29:08,10.32,-0.02,104,107328,卖盘
330,14:28:58,10.34,--,0,0,买盘
331,14:28:53,10.34,0.01,671,693834,买盘
332,14:28:47,10.33,--,700,724112,卖盘
333,14:28:42,10.33,--,37,38489,卖盘
334,14:28:38,10.33,--,632,652856,卖盘
335,14:28:23,10.33,-0.01,128,132224,卖盘
336,14:28:17,10.34,0.02,1781,1842081,买盘
337,14:28:13,10.32,--,172,177504,卖盘
338,14:28:07,10.32,--,33,34056,卖盘
339,14:27:58,10.32,--,4,4128,卖盘
340,14:27:52,10.32,--,55,57771,卖盘
341,14:27:47,10.32,-0.01,71,73818,买盘
342,14:27:43,10.33,0.01,131,135323,买盘
343,14:27:38,10.32,--,9,9288,买盘
344,14:27:32,10.32,--,40,41599,卖盘
345,14:27:27,10.32,--,20,20640,卖盘
346,14:27:17,10.32,--,47,49298,卖盘
347,14:27:12,10.32,--,90,93829,卖盘
348,14:27:07,10.32,-0.01,33,34056,卖盘
349,14:27:02,10.33,0.02,368,380144,买盘
350,14:26:57,10.31,--,22,22682,卖盘
351,14:26:53,10.31,--,37,38270,卖盘
352,14:26:47,10.31,--,29,30167,卖盘
353,14:26:42,10.31,--,3,3216,卖盘
354,14:26:32,10.31,--,695,716545,卖盘
355,14:26:27,10.31,--,501,517355,买盘
356,14:26:22,10.31,0.01,518,534862,买盘
357,14:26:17,10.3,-0.01,16,16480,卖盘
358,14:26:11,10.31,--,289,297959,买盘
359,14:26:07,10.31,0.01,16,16496,买盘
360,14:26:02,10.3,-0.01,104,107120,卖盘
361,14:25:57,10.31,--,8,8248,买盘
362,14:25:52,10.31,0.01,76,78634,买盘
363,14:25:47,10.3,--,136,140203,卖盘
364,14:25:42,10.3,-0.01,570,587233,卖盘
365,14:25:37,10.31,0.01,44,45364,买盘
366,14:25:32,10.3,--,138,142140,卖盘
367,14:25:22,10.3,-0.01,32,32960,卖盘
368,14:25:17,10.31,--,157,162660,买盘
369,14:25:07,10.31,0.01,5,5155,买盘
370,14:25:02,10.3,-0.01,222,228660,卖盘
371,14:24:57,10.31,0.01,54,55921,买盘
372,14:24:52,10.3,-0.01,82,84593,卖盘
373,14:24:47,10.31,--,416,428896,买盘
374,14:24:42,10.31,--,11,11464,买盘
375,14:24:37,10.31,0.01,5,5155,买盘
376,14:24:32,10.3,-0.01,1,1030,卖盘
377,14:24:27,10.31,--,165,170115,买盘
378,14:24:17,10.31,0.01,43,45126,买盘
379,14:24:12,10.3,-0.01,60,61800,卖盘
380,14:24:02,10.31,--,10,10310,买盘
381,14:23:57,10.31,--,31,32229,买盘
382,14:23:52,10.31,--,36,37260,买盘
383,14:23:47,10.31,0.01,21,22661,买盘
384,14:23:42,10.3,-0.01,22,22793,卖盘
385,14:23:36,10.31,0.01,8,8248,买盘
386,14:23:32,10.3,-0.01,2,2060,卖盘
387,14:23:26,10.31,0.01,408,420648,买盘
388,14:23:21,10.3,--,2,2060,卖盘
389,14:23:17,10.3,--,27,28613,卖盘
390,14:22:56,10.3,--,37,38233,卖盘
391,14:22:47,10.3,-0.01,30,31291,卖盘
392,14:22:41,10.31,0.01,31,31961,买盘
393,14:22:32,10.3,--,181,186430,卖盘
394,14:22:26,10.3,-0.01,34,35020,卖盘
395,14:22:22,10.31,--,1,1031,买盘
396,14:22:17,10.31,--,114,118327,买盘
397,14:22:11,10.31,0.01,1,1031,买盘
398,14:21:56,10.3,--,5,5150,卖盘
399,14:21:52,10.3,--,98,101341,卖盘
400,14:21:47,10.3,--,4,4253,卖盘
401,14:21:41,10.3,--,200,206000,卖盘
402,14:21:32,10.3,-0.01,1,1030,卖盘
403,14:21:26,10.31,0.01,2,2062,买盘
404,14:21:17,10.3,--,107,111013,卖盘
405,14:21:11,10.3,-0.01,3,3090,卖盘
406,14:21:07,10.31,0.01,28,28868,买盘
407,14:21:01,10.3,-0.01,31,32063,卖盘
408,14:20:56,10.31,0.01,8,9258,买盘
409,14:20:52,10.3,-0.01,27,28201,卖盘
410,14:20:36,10.31,0.01,54,55674,买盘
411,14:20:26,10.3,-0.03,50,51500,卖盘
412,14:20:21,10.33,0.03,765,790245,买盘
413,14:20:16,10.3,-0.03,29,30827,卖盘
414,14:20:11,10.33,0.03,127,131366,买盘
415,14:20:05,10.3,--,9,9270,卖盘
416,14:19:51,10.3,0.01,41,42734,买盘
417,14:19:46,10.29,-0.01,1,1162,卖盘
418,14:19:41,10.3,0.01,310,319300,买盘
419,14:19:36,10.29,-0.01,30,31240,卖盘
420,14:19:26,10.3,--,103,106090,买盘
421,14:19:16,10.3,--,104,107120,买盘
422,14:19:06,10.3,-0.02,2445,2518875,卖盘
423,14:18:56,10.32,--,20,21589,卖盘
424,14:18:51,10.32,--,50,51723,卖盘
425,14:18:41,10.32,--,38,40103,卖盘
426,14:18:36,10.32,--,8,8256,卖盘
427,14:18:26,10.32,--,22,22704,卖盘
428,14:18:20,10.32,--,29,30898,卖盘
429,14:18:16,10.32,-0.01,13,13416,卖盘
430,14:18:11,10.33,0.02,199,205732,买盘
431,14:18:06,10.31,--,8,8248,卖盘
432,14:17:56,10.31,--,2,2062,卖盘
433,14:17:51,10.31,--,29,30033,卖盘
434,14:17:41,10.31,--,8,8598,卖盘
435,14:17:36,10.31,--,32,33002,卖盘
436,14:17:30,10.31,-0.01,21,21651,卖盘
437,14:17:26,10.32,0.01,40,41280,买盘
438,14:17:21,10.31,-0.01,3,3886,卖盘
439,14:17:16,10.32,--,13,13416,卖盘
440,14:17:10,10.32,--,193,199176,卖盘
441,14:17:06,10.32,0.01,1,1032,买盘
442,14:16:51,10.31,--,1,1165,卖盘
443,14:16:46,10.31,--,29,29909,卖盘
444,14:16:41,10.31,--,5,5505,卖盘
445,14:16:35,10.31,--,26,26806,卖盘
446,14:16:26,10.31,-0.01,26,26981,卖盘
447,14:16:20,10.32,0.01,3,3900,卖盘
448,14:16:16,10.31,-0.02,5,5155,卖盘
449,14:16:11,10.33,0.01,102,105366,买盘
450,14:16:06,10.32,0.01,24,24768,买盘
451,14:15:56,10.31,--,10,10310,卖盘
452,14:15:51,10.31,--,1,1154,卖盘
453,14:15:45,10.31,--,5,5505,卖盘
454,14:15:41,10.31,--,56,57746,卖盘
455,14:15:36,10.31,0.01,100,103100,卖盘
456,14:15:26,10.3,--,0,0,卖盘
457,14:15:20,10.3,-0.03,29,30827,卖盘
458,14:15:11,10.33,0.03,117,121232,买盘
459,14:15:05,10.3,-0.01,3,3090,卖盘
460,14:15:00,10.31,--,10,10310,买盘
461,14:14:56,10.31,0.01,5,5155,买盘
462,14:14:50,10.3,--,1,1163,卖盘
463,14:14:46,10.3,-0.03,3000,3090000,卖盘
464,14:14:41,10.33,--,20,20660,买盘
465,14:14:25,10.33,0.02,109,112762,买盘
466,14:14:20,10.31,--,0,0,卖盘
467,14:14:16,10.31,-0.02,3,3886,卖盘
468,14:14:11,10.33,--,103,106399,买盘
469,14:14:05,10.33,0.02,385,397705,买盘
470,14:13:56,10.31,-0.01,1,1154,卖盘
471,14:13:45,10.32,0.01,5,5160,买盘
472,14:13:41,10.31,-0.01,39,40209,卖盘
473,14:13:35,10.32,--,113,116616,买盘
474,14:13:26,10.32,--,142,147307,卖盘
475,14:13:15,10.32,-0.01,232,240228,卖盘
476,14:13:05,10.33,0.01,50,51650,买盘
477,14:12:50,10.32,-0.01,29,30072,卖盘
478,14:12:45,10.33,0.01,386,399089,买盘
479,14:12:29,10.32,-0.01,26,26997,卖盘
480,14:12:25,10.33,0.01,7,7231,买盘
481,14:12:20,10.32,-0.01,10,11114,卖盘
482,14:12:10,10.33,0.01,104,107432,买盘
483,14:12:05,10.32,--,48,49536,卖盘
484,14:11:59,10.32,--,26,26966,卖盘
485,14:11:50,10.32,-0.01,55,57110,卖盘
486,14:11:45,10.33,0.01,365,377045,买盘
487,14:11:40,10.32,0.01,44,45975,买盘
488,14:11:35,10.31,--,69,71190,卖盘
489,14:11:30,10.31,-0.01,26,26981,卖盘
490,14:11:25,10.32,--,25,25800,买盘
491,14:11:20,10.32,0.02,24,25572,买盘
492,14:11:15,10.3,-0.02,3008,3098240,卖盘
493,14:11:05,10.32,0.01,158,163056,买盘
494,14:11:00,10.31,--,71,73355,卖盘
495,14:10:55,10.31,-0.01,8,8598,卖盘
496,14:10:40,10.32,--,227,234264,买盘
497,14:10:35,10.32,--,27,28029,买盘
498,14:10:20,10.32,0.01,565,583080,买盘
499,14:10:15,10.31,-0.01,3,3886,卖盘
500,14:10:05,10.32,--,493,508786,买盘
501,14:10:00,10.32,0.01,9,9411,买盘
502,14:09:49,10.31,-0.01,5,5505,卖盘
503,14:09:45,10.32,0.01,51,52632,买盘
504,14:09:39,10.31,--,1,1031,卖盘
505,14:09:29,10.31,--,1,1031,卖盘
506,14:09:19,10.31,--,13,13495,卖盘
507,14:09:15,10.31,--,3,3886,卖盘
508,14:09:10,10.31,--,124,127844,卖盘
509,14:09:04,10.31,-0.01,31,32321,卖盘
510,14:09:00,10.32,0.01,18,18710,买盘
511,14:08:39,10.31,-0.01,2,2062,卖盘
512,14:08:35,10.32,--,520,536640,买盘
513,14:08:25,10.32,0.01,587,605784,买盘
514,14:08:20,10.31,--,18,18558,卖盘
515,14:08:15,10.31,--,28,29754,卖盘
516,14:08:05,10.31,0.01,152,156712,卖盘
517,14:07:59,10.3,--,25,25760,卖盘
518,14:07:54,10.3,-0.01,99,102320,卖盘
519,14:07:49,10.31,--,90,92924,买盘
520,14:07:34,10.31,--,5,5155,买盘
521,14:07:29,10.31,--,392,404152,买盘
522,14:07:24,10.31,0.01,29,29899,买盘
523,14:07:20,10.3,--,288,296640,卖盘
524,14:07:14,10.3,-0.01,16,17355,卖盘
525,14:07:04,10.31,0.01,104,107224,买盘
526,14:06:59,10.3,-0.01,44,45680,卖盘
527,14:06:54,10.31,0.01,110,113410,买盘
528,14:06:49,10.3,-0.01,1,1648,卖盘
529,14:06:44,10.31,--,369,380439,买盘
530,14:06:39,10.31,0.01,83,85573,买盘
531,14:06:34,10.3,-0.01,51,52530,卖盘
532,14:06:29,10.31,--,500,515500,买盘
533,14:06:24,10.31,0.01,6,6186,买盘
534,14:06:20,10.3,--,13,13472,卖盘
535,14:06:14,10.3,-0.01,3,3893,卖盘
536,14:06:08,10.31,0.01,500,515500,买盘
537,14:06:04,10.3,--,214,220420,卖盘
538,14:05:59,10.3,--,35,36431,卖盘
539,14:05:54,10.3,--,0,545,卖盘
540,14:05:49,10.3,-0.01,546,562452,卖盘
541,14:05:44,10.31,0.01,25,25775,买盘
542,14:05:38,10.3,-0.01,100,103000,卖盘
543,14:05:29,10.31,0.01,3,3093,买盘
544,14:05:19,10.3,--,13,13472,卖盘
545,14:05:14,10.3,--,533,549783,卖盘
546,14:05:09,10.3,-0.01,30,30910,卖盘
547,14:04:59,10.31,0.01,108,111698,买盘
548,14:04:53,10.3,--,47,48410,卖盘
549,14:04:44,10.3,-0.01,20,20600,卖盘
550,14:04:38,10.31,0.01,835,860885,买盘
551,14:04:24,10.3,--,21,21722,卖盘
552,14:04:13,10.3,--,3,3883,卖盘
553,14:04:09,10.3,--,12,12360,卖盘
554,14:04:04,10.3,--,5,5500,卖盘
555,14:03:59,10.3,--,151,155540,卖盘
556,14:03:53,10.3,--,84,86520,卖盘
557,14:03:38,10.3,--,401,413030,卖盘
558,14:03:28,10.3,--,7,7210,卖盘
559,14:03:24,10.3,-0.01,23,23772,卖盘
560,14:03:19,10.31,0.01,20,20620,买盘
561,14:03:14,10.3,--,3,3893,卖盘
562,14:03:09,10.3,--,30,31260,卖盘
563,14:02:59,10.3,--,500,515000,卖盘
564,14:02:54,10.3,-0.01,4,4120,卖盘
565,14:02:48,10.31,--,133,137123,买盘
566,14:02:44,10.31,--,201,207334,买盘
567,14:02:38,10.31,--,136,141164,卖盘
568,14:02:34,10.31,-0.01,1,1031,卖盘
569,14:02:23,10.32,0.01,18,18658,买盘
570,14:02:14,10.31,--,27,27837,卖盘
571,14:02:09,10.31,-0.01,377,388687,卖盘
572,14:01:58,10.32,--,1,1032,买盘
573,14:01:53,10.32,-0.01,31,32662,卖盘
574,14:01:48,10.33,0.01,102,105366,买盘
575,14:01:43,10.32,--,41,42312,卖盘
576,14:01:38,10.32,--,1,1032,卖盘
577,14:01:34,10.32,--,1,1032,卖盘
578,14:01:23,10.32,-0.01,78,80496,卖盘
579,14:01:18,10.33,--,23,24564,买盘
580,14:01:13,10.33,0.01,1,1033,买盘
581,14:01:08,10.32,-0.01,254,262220,卖盘
582,14:00:58,10.33,0.01,60,61980,买盘
583,14:00:53,10.32,-0.01,5,5160,卖盘
584,14:00:43,10.33,--,223,230359,买盘
585,14:00:39,10.33,--,34,35122,买盘
586,14:00:24,10.33,0.01,4,4132,买盘
587,14:00:13,10.32,--,137,142271,卖盘
588,13:59:58,10.32,--,61,62952,卖盘
589,13:59:53,10.32,0.01,317,327783,买盘
590,13:59:47,10.31,-0.01,5,5155,卖盘
591,13:59:43,10.32,0.02,114,117648,买盘
592,13:59:37,10.3,-0.01,46,47380,卖盘
593,13:59:33,10.31,0.01,1,1031,买盘
594,13:59:28,10.3,--,620,638600,卖盘
595,13:59:13,10.3,--,2,2060,卖盘
596,13:59:07,10.3,--,157,161710,买盘
597,13:59:03,10.3,--,51,52530,买盘
598,13:58:58,10.3,--,151,155530,买盘
599,13:58:53,10.3,--,423,435690,买盘
600,13:58:47,10.3,--,20,20600,买盘
601,13:58:43,10.3,-0.01,333,342990,卖盘
602,13:58:38,10.31,0.01,261,269091,买盘
603,13:58:33,10.3,--,2,2060,卖盘
604,13:58:28,10.3,--,867,893010,买盘
605,13:58:23,10.3,--,31,31930,买盘
606,13:58:17,10.3,--,200,206000,买盘
607,13:58:13,10.3,--,10,10300,买盘
608,13:58:08,10.3,--,112,115360,买盘
609,13:58:03,10.3,--,5,5150,买盘
610,13:57:58,10.3,--,643,662290,买盘
611,13:57:53,10.3,--,9,9270,买盘
612,13:57:47,10.3,-0.01,18,18540,卖盘
613,13:57:43,10.31,-0.01,123,126813,中性盘
614,13:57:38,10.32,0.01,466,480912,买盘
615,13:57:32,10.31,--,89,91759,卖盘
616,13:57:23,10.31,--,2,2062,卖盘
617,13:57:17,10.31,0.01,6,6186,卖盘
618,13:57:08,10.3,--,0,0,卖盘
619,13:57:02,10.3,-0.02,335,345050,卖盘
620,13:56:53,10.32,0.02,1,1032,买盘
621,13:56:43,10.3,--,170,175100,卖盘
622,13:56:37,10.3,--,20,20600,卖盘
623,13:56:32,10.3,--,365,375950,买盘
624,13:56:23,10.3,0.01,398,409940,买盘
625,13:56:17,10.29,--,21,21609,卖盘
626,13:56:07,10.29,-0.01,114,117305,卖盘
627,13:55:53,10.3,-0.02,2538,2614140,卖盘
628,13:55:47,10.32,-0.01,73,75336,中性盘
629,13:55:38,10.33,0.01,112,115696,买盘
630,13:55:32,10.32,-0.01,849,876993,卖盘
631,13:55:28,10.33,--,3,3099,买盘
632,13:55:22,10.33,0.01,25,25825,买盘
633,13:55:17,10.32,-0.01,1041,1074312,卖盘
634,13:55:13,10.33,--,16,16528,买盘
635,13:55:08,10.33,--,5,5165,买盘
636,13:55:02,10.33,--,93,96069,卖盘
637,13:54:47,10.33,-0.02,21,21693,卖盘
638,13:54:43,10.35,0.01,120,124200,买盘
639,13:54:37,10.34,0.01,8,8272,买盘
640,13:54:32,10.33,-0.01,133,137389,卖盘
641,13:54:17,10.34,0.01,3,3102,买盘
642,13:54:07,10.33,-0.01,5,5165,卖盘
643,13:54:02,10.34,--,0,0,中性盘
644,13:53:57,10.34,-0.01,14,14476,卖盘
645,13:53:47,10.35,0.01,11,11385,买盘
646,13:53:37,10.34,-0.01,290,299860,中性盘
647,13:53:32,10.35,0.01,111,114885,买盘
648,13:53:25,10.34,--,444,459096,买盘
649,13:53:22,10.34,--,34,35156,买盘
650,13:53:02,10.34,0.01,120,124080,买盘
651,13:52:56,10.33,--,112,115696,卖盘
652,13:52:52,10.33,-0.01,28,28924,卖盘
653,13:52:41,10.34,--,224,231616,卖盘
654,13:52:37,10.34,--,29,29986,卖盘
655,13:52:32,10.34,-0.01,9,9306,卖盘
656,13:52:26,10.35,--,5,5175,买盘
657,13:52:22,10.35,0.01,392,405720,买盘
658,13:52:16,10.34,--,47,48598,卖盘
659,13:52:01,10.34,--,64,66176,卖盘
660,13:51:56,10.34,0.01,8,8272,买盘
661,13:51:52,10.33,-0.02,1316,1359428,卖盘
662,13:51:46,10.35,--,0,0,买盘
663,13:51:41,10.35,0.02,270,279450,买盘
664,13:51:37,10.33,-0.01,12,12396,卖盘
665,13:51:31,10.34,0.01,8,8272,卖盘
666,13:51:26,10.33,--,0,0,卖盘
667,13:51:22,10.33,-0.01,647,668351,卖盘
668,13:51:17,10.34,--,585,604890,卖盘
669,13:51:07,10.34,--,100,103400,卖盘
670,13:51:02,10.34,--,33,34122,卖盘
671,13:50:56,10.34,--,8,8272,卖盘
672,13:50:52,10.34,--,75,77550,卖盘
673,13:50:47,10.34,--,20,20680,卖盘
674,13:50:41,10.34,--,28,28952,卖盘
675,13:50:37,10.34,-0.01,37,38258,卖盘
676,13:50:31,10.35,--,24,24840,卖盘
677,13:50:26,10.35,--,471,487485,卖盘
678,13:50:22,10.35,-0.01,452,467820,卖盘
679,13:50:17,10.36,0.01,136,140896,买盘
680,13:50:10,10.35,--,6,6210,卖盘
681,13:50:01,10.35,--,120,124200,卖盘
682,13:49:52,10.35,-0.01,828,856980,卖盘
683,13:49:46,10.36,0.01,482,499352,买盘
684,13:49:41,10.35,--,231,239085,卖盘
685,13:49:31,10.35,--,38,39330,卖盘
686,13:49:26,10.35,--,5,5175,卖盘
687,13:49:22,10.35,--,885,915975,卖盘
688,13:49:11,10.35,-0.01,29,30015,卖盘
689,13:49:01,10.36,0.01,36,37296,买盘
690,13:48:56,10.35,--,29,30015,卖盘
691,13:48:52,10.35,--,24,24840,卖盘
692,13:48:46,10.35,-0.01,418,432630,卖盘
693,13:48:41,10.36,0.01,42,43512,买盘
694,13:48:37,10.35,-0.01,30,31050,卖盘
695,13:48:31,10.36,0.01,81,83916,买盘
696,13:48:26,10.35,-0.01,30,31050,卖盘
697,13:48:16,10.36,0.01,230,238280,买盘
698,13:48:11,10.35,-0.01,35,36225,卖盘
699,13:48:07,10.36,0.01,73,75628,买盘
700,13:48:01,10.35,--,34,35190,卖盘
701,13:47:52,10.35,-0.01,31,32085,卖盘
702,13:47:46,10.36,0.01,282,292152,中性盘
703,13:47:41,10.35,-0.02,28,28980,卖盘
704,13:47:35,10.37,--,101,104736,买盘
705,13:47:31,10.37,--,50,51849,买盘
706,13:47:26,10.37,--,93,96441,买盘
707,13:47:20,10.37,--,5,5185,买盘
708,13:47:16,10.37,0.02,389,403392,买盘
709,13:47:10,10.35,--,32,33120,卖盘
710,13:47:01,10.35,-0.02,49,50715,卖盘
711,13:46:56,10.37,0.02,16,16592,买盘
712,13:46:50,10.35,--,29,30015,卖盘
713,13:46:46,10.35,--,3,3105,卖盘
714,13:46:41,10.35,--,33,34155,卖盘
715,13:46:31,10.35,--,472,488520,买盘
716,13:46:26,10.35,0.01,62,64170,买盘
717,13:46:20,10.34,-0.01,5,5170,卖盘
718,13:46:16,10.35,0.01,154,159390,买盘
719,13:46:11,10.34,--,1,1034,卖盘
720,13:46:04,10.34,--,510,527340,卖盘
721,13:46:01,10.34,0.01,1114,1151876,买盘
722,13:45:56,10.33,0.01,695,717935,卖盘
723,13:45:50,10.32,-0.02,31,31992,卖盘
724,13:45:46,10.34,0.01,693,716562,买盘
725,13:45:41,10.33,0.01,59,61163,卖盘
726,13:45:35,10.32,--,489,504648,卖盘
727,13:45:31,10.32,--,0,0,卖盘
728,13:45:26,10.32,-0.01,860,887520,卖盘
729,13:45:20,10.33,0.01,37,38221,卖盘
730,13:45:16,10.32,-0.01,1085,1120122,卖盘
731,13:45:11,10.33,0.01,260,268580,买盘
732,13:45:05,10.32,--,33,34675,卖盘
733,13:45:01,10.32,--,516,532512,卖盘
734,13:44:56,10.32,--,52,53664,卖盘
735,13:44:50,10.32,--,457,471624,卖盘
736,13:44:41,10.32,-0.01,533,550056,卖盘
737,13:44:35,10.33,0.01,21,21693,买盘
738,13:44:31,10.32,-0.01,1429,1474728,卖盘
739,13:44:26,10.33,--,500,516500,买盘
740,13:44:20,10.33,--,132,136356,买盘
741,13:44:16,10.33,--,1163,1201379,卖盘
742,13:44:10,10.33,-0.01,220,227260,卖盘
743,13:44:05,10.34,--,756,781704,买盘
744,13:44:01,10.34,0.01,10,10340,买盘
745,13:43:55,10.33,-0.02,1219,1260053,卖盘
746,13:43:46,10.35,0.01,499,516465,买盘
747,13:43:41,10.34,--,48,49632,卖盘
748,13:43:35,10.34,--,1,1034,卖盘
749,13:43:31,10.34,-0.01,559,578212,卖盘
750,13:43:26,10.35,0.01,1164,1204740,买盘
751,13:43:20,10.34,--,5,5170,卖盘
752,13:43:16,10.34,0.01,136,140624,卖盘
753,13:43:10,10.33,-0.02,516,533028,卖盘
754,13:43:05,10.35,0.02,270,279450,买盘
755,13:43:01,10.33,-0.01,454,468982,卖盘
756,13:42:55,10.34,--,37,38258,卖盘
757,13:42:50,10.34,-0.01,511,528374,卖盘
758,13:42:46,10.35,--,38,39330,卖盘
759,13:42:40,10.35,--,451,466785,卖盘
760,13:42:35,10.35,0.02,34,35190,卖盘
761,13:42:30,10.33,--,0,0,卖盘
762,13:42:25,10.33,-0.01,2602,2687866,卖盘
763,13:42:20,10.34,--,309,319506,卖盘
764,13:42:16,10.34,-0.01,568,587312,卖盘
765,13:42:10,10.35,0.01,300,310500,买盘
766,13:42:05,10.34,-0.01,398,411532,卖盘
767,13:42:01,10.35,--,37,38295,卖盘
768,13:41:55,10.35,--,0,0,卖盘
769,13:41:50,10.35,--,30,31050,卖盘
770,13:41:46,10.35,0.01,436,451260,买盘
771,13:41:40,10.34,-0.01,493,509762,卖盘
772,13:41:35,10.35,0.01,24,24840,买盘
773,13:41:31,10.34,--,0,0,卖盘
774,13:41:25,10.34,-0.01,2030,2099020,卖盘
775,13:41:19,10.35,--,711,735885,卖盘
776,13:41:16,10.35,--,201,208035,买盘
777,13:41:10,10.35,--,269,278415,卖盘
778,13:41:05,10.35,--,27,27945,卖盘
779,13:41:00,10.35,--,4,4140,卖盘
780,13:40:55,10.35,--,544,563040,卖盘
781,13:40:50,10.35,0.01,867,897345,买盘
782,13:40:46,10.34,-0.01,472,488048,卖盘
783,13:40:40,10.35,--,40,41400,买盘
784,13:40:35,10.35,-0.04,154,159390,卖盘
785,13:40:26,10.39,--,0,0,买盘
786,13:40:20,10.39,--,0,0,买盘
787,13:40:15,10.39,0.01,274,284686,买盘
788,13:40:10,10.38,0.04,588,610344,买盘
789,13:40:05,10.34,-0.01,121,125114,卖盘
790,13:40:00,10.35,0.01,488,505080,卖盘
791,13:39:50,10.34,-0.01,462,477708,卖盘
792,13:39:40,10.35,--,1771,1832985,买盘
793,13:39:35,10.35,0.01,44,45540,买盘
794,13:39:29,10.34,-0.01,652,674168,卖盘
795,13:39:25,10.35,--,30,31050,买盘
796,13:39:20,10.35,-0.03,74,76590,卖盘
797,13:39:10,10.38,0.04,379,393402,买盘
798,13:39:05,10.34,--,629,650386,卖盘
799,13:38:55,10.34,-0.01,749,774466,卖盘
800,13:38:50,10.35,0.01,41,42435,买盘
801,13:38:44,10.34,-0.01,120,124080,卖盘
802,13:38:40,10.35,--,534,552690,买盘
803,13:38:35,10.35,--,696,720360,买盘
804,13:38:29,10.35,0.01,108,111780,买盘
805,13:38:25,10.34,-0.01,124,128216,卖盘
806,13:38:20,10.35,0.01,3,3105,中性盘
807,13:38:14,10.34,--,0,0,卖盘
808,13:38:10,10.34,0.01,191,197494,中性盘
809,13:38:05,10.33,-0.01,481,496873,卖盘
810,13:37:59,10.34,0.01,70,72380,卖盘
811,13:37:55,10.33,-0.04,620,640460,卖盘
812,13:37:50,10.37,0.03,360,374232,买盘
813,13:37:44,10.34,--,127,131442,卖盘
814,13:37:40,10.34,-0.01,120,124080,卖盘
815,13:37:35,10.35,0.01,457,472995,买盘
816,13:37:29,10.34,-0.01,119,123046,卖盘
817,13:37:25,10.35,0.01,497,514395,买盘
818,13:37:20,10.34,--,271,280214,卖盘
819,13:37:14,10.34,-0.01,138,142692,卖盘
820,13:37:10,10.35,-0.02,294,304290,中性盘
821,13:37:05,10.37,0.03,154,159698,中性盘
822,13:36:59,10.34,-0.01,428,442552,卖盘
823,13:36:55,10.35,-0.02,136,140760,卖盘
824,13:36:49,10.37,0.03,491,509166,买盘
825,13:36:44,10.34,--,5,5170,卖盘
826,13:36:40,10.34,-0.01,649,671066,卖盘
827,13:36:34,10.35,--,123,127305,卖盘
828,13:36:29,10.35,--,446,461610,卖盘
829,13:36:25,10.35,--,0,0,卖盘
830,13:36:19,10.35,--,573,593055,卖盘
831,13:36:10,10.35,--,236,244260,卖盘
832,13:36:04,10.35,-0.03,547,566145,卖盘
833,13:35:59,10.38,0.03,28,29064,买盘
834,13:35:55,10.35,-0.03,575,595125,卖盘
835,13:35:49,10.38,0.03,405,420390,买盘
836,13:35:44,10.35,--,447,462645,卖盘
837,13:35:40,10.35,--,1,1035,卖盘
838,13:35:34,10.35,--,1164,1204740,买盘
839,13:35:29,10.35,0.01,56,57960,买盘
840,13:35:25,10.34,-0.01,86,88924,卖盘
841,13:35:19,10.35,0.01,28,28980,中性盘
842,13:35:14,10.34,-0.05,121,125114,卖盘
843,13:35:10,10.39,0.04,1112,1155368,买盘
844,13:35:04,10.35,0.01,147,152145,买盘
845,13:34:59,10.34,--,532,550088,卖盘
846,13:34:55,10.34,--,135,139590,卖盘
847,13:34:49,10.34,-0.01,502,519068,卖盘
848,13:34:44,10.35,-0.01,126,130410,卖盘
849,13:34:39,10.36,0.01,458,474488,中性盘
850,13:34:34,10.35,-0.03,139,143865,卖盘
851,13:34:29,10.38,0.01,1066,1106508,买盘
852,13:34:25,10.37,0.02,3,3110,买盘
853,13:34:19,10.35,--,640,662565,买盘
854,13:34:14,10.35,-0.03,123,128174,卖盘
855,13:34:09,10.38,--,0,0,买盘
856,13:34:04,10.38,0.03,122,126636,买盘
857,13:33:59,10.35,-0.02,136,140760,卖盘
858,13:33:54,10.37,--,2,2074,买盘
859,13:33:49,10.37,-0.01,1236,1282146,卖盘
860,13:33:44,10.38,0.01,1,1038,买盘
861,13:33:39,10.37,--,115,119254,卖盘
862,13:33:34,10.37,0.02,1029,1067695,买盘
863,13:33:29,10.35,--,0,0,卖盘
864,13:33:25,10.35,--,192,198720,卖盘
865,13:33:19,10.35,--,187,193545,卖盘
866,13:33:14,10.35,--,13,13455,卖盘
867,13:33:09,10.35,-0.03,87,90045,卖盘
868,13:33:04,10.38,0.01,318,330084,买盘
869,13:32:59,10.37,--,38,39406,卖盘
870,13:32:54,10.37,-0.01,169,175253,卖盘
871,13:32:49,10.38,0.02,177,183726,买盘
872,13:32:43,10.36,0.01,118,122248,中性盘
873,13:32:39,10.35,--,100,103500,卖盘
874,13:32:34,10.35,-0.03,266,275310,卖盘
875,13:32:28,10.38,0.02,419,434922,买盘
876,13:32:24,10.36,-0.01,14,14504,买盘
877,13:32:19,10.37,0.02,127,131699,中性盘
878,13:32:14,10.35,--,239,247530,卖盘
879,13:32:09,10.35,-0.04,254,262890,卖盘
880,13:32:04,10.39,0.03,127,131953,买盘
881,13:31:59,10.36,-0.01,583,603988,中性盘
882,13:31:54,10.37,0.02,1,1037,买盘
883,13:31:49,10.35,--,305,315675,卖盘
884,13:31:44,10.35,0.01,33,34155,卖盘
885,13:31:38,10.34,--,367,379478,卖盘
886,13:31:34,10.34,-0.01,1072,1108448,卖盘
887,13:31:29,10.35,--,392,405720,卖盘
888,13:31:23,10.35,-0.01,480,496800,卖盘
889,13:31:19,10.36,0.01,149,154364,中性盘
890,13:31:14,10.35,-0.02,339,351030,卖盘
891,13:31:04,10.37,0.01,233,241620,买盘
892,13:30:59,10.36,0.01,104,107744,中性盘
893,13:30:49,10.35,--,507,524745,卖盘
894,13:30:44,10.35,-0.01,450,465750,卖盘
895,13:30:38,10.36,-0.01,409,423724,卖盘
896,13:30:34,10.37,0.01,329,341173,买盘
897,13:30:28,10.36,-0.01,26,26936,卖盘
898,13:30:23,10.37,0.01,534,553758,买盘
899,13:30:19,10.36,--,565,585340,卖盘
900,13:30:13,10.36,--,411,425961,卖盘
901,13:30:08,10.36,--,188,194768,卖盘
902,13:30:04,10.36,--,166,171976,卖盘
903,13:29:59,10.36,--,121,125356,卖盘
904,13:29:53,10.36,--,114,118104,卖盘
905,13:29:49,10.36,-0.01,101,104636,卖盘
906,13:29:44,10.37,0.01,196,203251,中性盘
907,13:29:38,10.36,--,184,190624,卖盘
908,13:29:34,10.36,-0.01,504,522144,卖盘
909,13:29:29,10.37,0.01,1066,1105856,买盘
910,13:29:23,10.36,--,67,69412,卖盘
911,13:29:19,10.36,--,84,87024,卖盘
912,13:29:14,10.36,--,118,122248,卖盘
913,13:29:08,10.36,--,245,253820,卖盘
914,13:29:04,10.36,--,853,883708,卖盘
915,13:28:58,10.36,--,77,79772,卖盘
916,13:28:53,10.36,-0.01,764,792125,卖盘
917,13:28:49,10.37,-0.02,357,370374,卖盘
918,13:28:43,10.39,0.02,1,1039,买盘
919,13:28:38,10.37,--,348,360876,卖盘
920,13:28:34,10.37,--,41,42517,卖盘
921,13:28:28,10.37,--,455,471834,卖盘
922,13:28:22,10.37,--,178,184586,卖盘
923,13:28:19,10.37,-0.01,138,143106,卖盘
924,13:28:13,10.38,0.01,51,52938,买盘
925,13:28:08,10.37,-0.02,108,111995,卖盘
926,13:28:04,10.39,--,0,0,买盘
927,13:27:58,10.39,0.02,213,221473,买盘
928,13:27:53,10.37,--,121,125476,卖盘
929,13:27:49,10.37,--,59,61182,卖盘
930,13:27:43,10.37,-0.01,242,250953,卖盘
931,13:27:38,10.38,-0.01,116,120408,卖盘
932,13:27:34,10.39,0.01,1086,1128354,买盘
933,13:27:28,10.38,--,44,45672,卖盘
934,13:27:23,10.38,--,8,8304,卖盘
935,13:27:08,10.38,--,52,53976,卖盘
936,13:27:03,10.38,-0.01,297,308286,卖盘
937,13:26:52,10.39,-0.01,379,393781,卖盘
938,13:26:48,10.4,0.01,20,20800,买盘
939,13:26:43,10.39,0.01,1088,1130515,买盘
940,13:26:37,10.38,-0.01,37,38406,卖盘
941,13:26:33,10.39,0.01,29,30131,买盘
942,13:26:23,10.38,--,11,11418,卖盘
943,13:26:18,10.38,--,64,66432,卖盘
944,13:26:13,10.38,-0.01,100,103800,卖盘
945,13:26:08,10.39,0.01,77,80003,买盘
946,13:26:03,10.38,--,263,272994,卖盘
947,13:25:58,10.38,--,303,314514,卖盘
948,13:25:53,10.38,--,7,7266,卖盘
949,13:25:48,10.38,--,140,145320,卖盘
950,13:25:43,10.38,-0.01,16,16608,卖盘
951,13:25:38,10.39,0.01,274,284686,买盘
952,13:25:33,10.38,--,7,7266,卖盘
953,13:25:23,10.38,--,10,10380,卖盘
954,13:25:18,10.38,--,28,29064,卖盘
955,13:25:13,10.38,0.01,51,52938,买盘
956,13:25:08,10.37,--,144,149328,卖盘
957,13:25:03,10.37,-0.01,282,292434,卖盘
958,13:24:58,10.38,0.01,515,534570,买盘
959,13:24:53,10.37,--,108,111995,卖盘
960,13:24:48,10.37,-0.01,199,206362,卖盘
961,13:24:43,10.38,0.01,16,16608,买盘
962,13:24:38,10.37,--,545,565165,卖盘
963,13:24:33,10.37,-0.02,22,22814,卖盘
964,13:24:28,10.39,0.01,1622,1685258,买盘
965,13:24:23,10.38,--,4045,4198710,卖盘
966,13:24:18,10.38,--,143,148434,卖盘
967,13:24:13,10.38,--,219,227488,卖盘
968,13:24:07,10.38,--,432,448416,卖盘
969,13:24:02,10.38,--,154,159852,卖盘
970,13:23:58,10.38,--,100,103800,卖盘
971,13:23:53,10.38,-0.01,17,17646,卖盘
972,13:23:47,10.39,0.01,33,34287,买盘
973,13:23:43,10.38,-0.01,78,80964,卖盘
974,13:23:38,10.39,--,155,161045,卖盘
975,13:23:31,10.39,--,38,39482,卖盘
976,13:23:28,10.39,-0.01,20,20780,卖盘
977,13:23:23,10.4,0.02,163,169520,买盘
978,13:23:17,10.38,-0.01,137,142372,卖盘
979,13:23:13,10.39,--,114,118446,卖盘
980,13:23:08,10.39,--,84,87276,卖盘
981,13:23:02,10.39,-0.01,28,29092,卖盘
982,13:22:58,10.4,0.01,113,117520,买盘
983,13:22:53,10.39,-0.01,136,141304,卖盘
984,13:22:47,10.4,0.01,58,60320,买盘
985,13:22:43,10.39,0.01,103,107017,买盘
986,13:22:38,10.38,--,37,38406,卖盘
987,13:22:32,10.38,--,10,10380,卖盘
988,13:22:28,10.38,--,36,37368,卖盘
989,13:22:23,10.38,--,185,192030,卖盘
990,13:22:17,10.38,-0.01,103,106914,卖盘
991,13:22:13,10.39,0.01,174,180952,卖盘
992,13:22:08,10.38,-0.01,141,146358,卖盘
993,13:22:02,10.39,-0.01,104,108056,卖盘
994,13:21:58,10.4,0.01,208,216320,买盘
995,13:21:52,10.39,--,357,370923,卖盘
996,13:21:47,10.39,-0.01,766,796081,卖盘
997,13:21:43,10.4,--,168,174720,卖盘
998,13:21:38,10.4,--,588,611520,卖盘
999,13:21:31,10.4,--,261,271440,卖盘
1000,13:21:28,10.4,-0.01,663,689520,卖盘
1001,13:21:22,10.41,--,1895,1972695,卖盘
1002,13:21:17,10.41,--,134,139494,卖盘
1003,13:21:13,10.41,--,338,351858,卖盘
1004,13:21:07,10.41,--,492,512172,买盘
1005,13:21:02,10.41,0.01,378,393498,买盘
1006,13:20:58,10.4,--,103,107120,卖盘
1007,13:20:52,10.4,--,219,227926,卖盘
1008,13:20:47,10.4,-0.01,194,201760,卖盘
1009,13:20:43,10.41,0.01,165,171765,买盘
1010,13:20:37,10.4,-0.01,36,37440,卖盘
1011,13:20:28,10.41,--,50,52050,买盘
1012,13:20:13,10.41,--,13,13533,买盘
1013,13:20:07,10.41,--,10,10410,买盘
1014,13:19:58,10.41,0.01,163,169683,买盘
1015,13:19:52,10.4,--,112,116480,卖盘
1016,13:19:47,10.4,-0.01,1,1040,卖盘
1017,13:19:43,10.41,--,10,10410,买盘
1018,13:19:37,10.41,0.01,217,225897,买盘
1019,13:19:27,10.4,--,20,20800,卖盘
1020,13:19:22,10.4,--,35,36400,卖盘
1021,13:19:17,10.4,--,51,53040,卖盘
1022,13:19:07,10.4,-0.01,203,211286,卖盘
1023,13:19:01,10.41,0.01,101,105141,买盘
1024,13:18:57,10.4,-0.01,5,5200,卖盘
1025,13:18:52,10.41,--,278,289398,买盘
1026,13:18:47,10.41,0.01,1,1041,买盘
1027,13:18:37,10.4,--,6,6240,卖盘
1028,13:18:27,10.4,--,60,62400,卖盘
1029,13:18:22,10.4,-0.01,61,63440,卖盘
1030,13:18:17,10.41,--,27,28107,买盘
1031,13:18:02,10.41,--,104,108264,买盘
1032,13:17:52,10.41,0.01,390,406156,买盘
1033,13:17:42,10.4,-0.01,2,2080,卖盘
1034,13:17:31,10.41,0.01,135,140535,买盘
1035,13:17:22,10.4,--,16,16972,买盘
1036,13:17:17,10.4,--,12,12480,买盘
1037,13:17:07,10.4,--,270,280800,买盘
1038,13:17:02,10.4,-0.01,148,154627,卖盘
1039,13:16:52,10.41,0.01,354,368514,买盘
1040,13:16:47,10.4,-0.01,20,20800,卖盘
1041,13:16:37,10.41,0.01,10,10410,买盘
1042,13:16:31,10.4,--,140,145766,卖盘
1043,13:16:22,10.4,--,20,20800,卖盘
1044,13:16:16,10.4,-0.02,21,21840,卖盘
1045,13:16:02,10.42,0.01,102,106284,买盘
1046,13:15:55,10.41,-0.01,17,17697,买盘
1047,13:15:52,10.42,--,0,0,买盘
1048,13:15:47,10.42,--,675,703350,买盘
1049,13:15:37,10.42,--,270,281340,买盘
1050,13:15:32,10.42,0.01,687,716031,买盘
1051,13:15:22,10.41,--,91,94731,卖盘
1052,13:15:17,10.41,--,20,20820,卖盘
1053,13:15:11,10.41,--,113,117799,卖盘
1054,13:15:07,10.41,-0.01,36,37476,卖盘
1055,13:15:02,10.42,0.01,114,118788,买盘
1056,13:14:55,10.41,--,6,6246,卖盘
1057,13:14:51,10.41,--,102,106182,卖盘
1058,13:14:46,10.41,--,10,10826,卖盘
1059,13:14:41,10.41,--,20,20820,卖盘
1060,13:14:37,10.41,--,1246,1297367,买盘
1061,13:14:31,10.41,--,27,28107,买盘
1062,13:14:25,10.41,0.01,22,22902,买盘
1063,13:14:16,10.4,--,5,5200,卖盘
1064,13:14:11,10.4,--,14,14560,卖盘
1065,13:14:07,10.4,-0.01,1,1040,卖盘
1066,13:14:02,10.41,--,113,117633,买盘
1067,13:13:55,10.41,0.01,20,20820,买盘
1068,13:13:52,10.4,--,66,68640,卖盘
1069,13:13:41,10.4,--,213,221686,卖盘
1070,13:13:36,10.4,-0.01,20,20800,中性盘
1071,13:13:31,10.41,0.02,27,28107,买盘
1072,13:13:26,10.39,-0.02,5,5195,卖盘
1073,13:13:22,10.41,0.02,433,450753,买盘
1074,13:13:15,10.39,-0.01,300,311700,卖盘
1075,13:13:10,10.4,--,20,20800,买盘
1076,13:13:06,10.4,--,118,122720,买盘
1077,13:13:00,10.4,--,39,40560,买盘
1078,13:12:56,10.4,--,50,52000,买盘
1079,13:12:52,10.4,0.01,109,113360,买盘
1080,13:12:46,10.39,-0.01,202,210750,卖盘
1081,13:12:41,10.4,--,2,2080,卖盘
1082,13:12:37,10.4,--,63,65520,卖盘
1083,13:12:30,10.4,--,193,200720,卖盘
1084,13:12:25,10.4,--,43,44720,卖盘
1085,13:12:22,10.4,--,103,107120,卖盘
1086,13:12:16,10.4,--,360,374566,卖盘
1087,13:12:10,10.4,-0.01,84,87360,卖盘
1088,13:12:06,10.41,0.01,6,6246,买盘
1089,13:12:01,10.4,-0.01,5,5200,卖盘
1090,13:11:56,10.41,--,2,2082,买盘
1091,13:11:51,10.41,0.01,132,137412,买盘
1092,13:11:45,10.4,-0.01,5,5200,卖盘
1093,13:11:36,10.41,--,107,111387,买盘
1094,13:11:31,10.41,0.01,28,29148,买盘
1095,13:11:25,10.4,--,42,43680,卖盘
1096,13:11:15,10.4,-0.01,317,329680,卖盘
1097,13:11:10,10.41,0.01,615,640215,买盘
1098,13:11:06,10.4,--,29,30160,买盘
1099,13:11:01,10.4,0.01,100,104000,买盘
1100,13:10:55,10.39,-0.02,198,205722,卖盘
1101,13:10:51,10.41,0.01,100,104100,买盘
1102,13:10:46,10.4,-0.01,43,44720,买盘
1103,13:10:40,10.41,0.02,375,390375,买盘
1104,13:10:36,10.39,--,4,4156,卖盘
1105,13:10:31,10.39,-0.01,192,199488,卖盘
1106,13:10:25,10.4,0.01,1,1040,买盘
1107,13:10:01,10.39,-0.01,4,4156,卖盘
1108,13:09:51,10.4,--,104,108160,买盘
1109,13:09:41,10.4,--,451,469227,卖盘
1110,13:09:36,10.4,--,29,30160,卖盘
1111,13:09:31,10.4,--,204,212160,卖盘
1112,13:09:25,10.4,--,24,24960,卖盘
1113,13:09:21,10.4,--,5,5200,卖盘
1114,13:09:16,10.4,--,10,10400,卖盘
1115,13:09:10,10.4,--,41,42640,卖盘
1116,13:09:01,10.4,-0.01,286,297440,卖盘
1117,13:08:51,10.41,--,370,385170,买盘
1118,13:08:46,10.41,0.01,522,544255,买盘
1119,13:08:40,10.4,0.01,33,34320,买盘
1120,13:08:36,10.39,-0.01,10,10390,卖盘
1121,13:08:31,10.4,--,47,48880,买盘
1122,13:08:16,10.4,--,188,195873,卖盘
1123,13:08:10,10.4,--,17,17680,卖盘
1124,13:08:01,10.4,--,1,1040,卖盘
1125,13:07:55,10.4,-0.01,8,8320,卖盘
1126,13:07:46,10.41,0.01,183,190627,买盘
1127,13:07:41,10.4,--,710,738400,卖盘
1128,13:07:31,10.4,--,114,118560,卖盘
1129,13:07:26,10.4,--,161,168001,卖盘
1130,13:07:15,10.4,--,48,49920,卖盘
1131,13:07:01,10.4,--,47,48880,买盘
1132,13:06:55,10.4,--,38,39520,买盘
1133,13:06:46,10.4,0.01,111,115440,买盘
1134,13:06:40,10.39,--,1,1039,卖盘
1135,13:06:35,10.39,--,6,6234,卖盘
1136,13:06:25,10.39,-0.02,10,10390,卖盘
1137,13:06:20,10.41,0.02,270,281070,买盘
1138,13:06:15,10.39,--,22,22858,卖盘
1139,13:06:10,10.39,-0.01,4,4156,卖盘
1140,13:06:00,10.4,--,5,5200,买盘
1141,13:05:55,10.4,--,497,517608,卖盘
1142,13:05:45,10.4,--,12,12480,卖盘
1143,13:05:40,10.4,-0.01,315,327600,卖盘
1144,13:05:30,10.41,0.01,485,504885,买盘
1145,13:05:26,10.4,--,5,5200,卖盘
1146,13:05:15,10.4,--,23,24169,卖盘
1147,13:05:10,10.4,--,70,72800,卖盘
1148,13:05:04,10.4,--,15,15600,卖盘
1149,13:05:00,10.4,--,8,8320,卖盘
1150,13:04:54,10.4,--,1,1040,卖盘
1151,13:04:49,10.4,--,275,286000,卖盘
1152,13:04:40,10.4,-0.01,108,112320,卖盘
1153,13:04:30,10.41,0.01,3,3123,买盘
1154,13:04:15,10.4,--,420,437278,卖盘
1155,13:04:10,10.4,-0.01,5,5200,卖盘
1156,13:04:00,10.41,--,200,208200,买盘
1157,13:03:45,10.41,0.01,42,43722,买盘
1158,13:03:40,10.4,--,157,163280,卖盘
1159,13:03:34,10.4,--,10,10400,卖盘
1160,13:03:30,10.4,--,4,4160,卖盘
1161,13:03:19,10.4,--,15,15600,卖盘
1162,13:03:10,10.4,--,19,19760,卖盘
1163,13:02:50,10.4,--,1,1040,卖盘
1164,13:02:45,10.4,--,383,398944,买盘
1165,13:02:39,10.4,--,138,143520,买盘
1166,13:02:30,10.4,--,150,156000,买盘
1167,13:02:25,10.4,--,3,3120,买盘
1168,13:02:19,10.4,--,5,5200,买盘
1169,13:01:55,10.4,--,34,35360,买盘
1170,13:01:40,10.4,--,134,139360,卖盘
1171,13:01:34,10.4,--,50,52000,卖盘
1172,13:01:29,10.4,-0.01,58,60320,卖盘
1173,13:01:04,10.41,0.01,38,39558,买盘
1174,13:00:45,10.4,--,2,2080,买盘
1175,13:00:40,10.4,-0.01,12,12480,卖盘
1176,13:00:34,10.41,--,10,10410,买盘
1177,13:00:24,10.41,--,118,122838,买盘
1178,13:00:09,10.41,0.01,183,191158,买盘
1179,13:00:05,10.4,--,1758,1828320,买盘
1180,11:30:00,10.4,--,0,0,买盘
1181,11:29:59,10.4,--,0,0,买盘
1182,11:29:59,10.4,--,622,646880,买盘
1183,11:29:56,10.4,--,21,21840,买盘
1184,11:29:51,10.4,--,27,28080,买盘
1185,11:29:46,10.4,0.01,1,1040,买盘
1186,11:29:41,10.39,-0.01,1,1039,卖盘
1187,11:29:35,10.4,0.01,10,10400,买盘
1188,11:29:25,10.39,-0.01,11,11429,卖盘
1189,11:29:21,10.4,--,129,134160,买盘
1190,11:29:11,10.4,0.01,19,19760,买盘
1191,11:29:05,10.39,-0.01,30,31170,卖盘
1192,11:29:00,10.4,0.01,1,1040,买盘
1193,11:28:56,10.39,--,0,862,卖盘
1194,11:28:50,10.39,--,4,4156,卖盘
1195,11:28:41,10.39,-0.01,3,3117,卖盘
1196,11:28:35,10.4,--,1,1040,买盘
1197,11:28:29,10.4,0.01,18,18720,买盘
1198,11:28:26,10.39,--,19,19741,卖盘
1199,11:28:20,10.39,-0.01,126,131703,卖盘
1200,11:28:15,10.4,--,100,104000,买盘
1201,11:28:10,10.4,0.01,147,152880,买盘
1202,11:27:56,10.39,-0.01,113,117573,卖盘
1203,11:27:41,10.4,0.01,60,62400,买盘
1204,11:27:35,10.39,-0.01,1,1039,卖盘
1205,11:27:29,10.4,0.01,39,40560,买盘
1206,11:27:14,10.39,-0.01,44,45716,卖盘
1207,11:27:04,10.4,0.01,130,135200,买盘
1208,11:26:59,10.39,-0.01,19,19741,卖盘
1209,11:26:55,10.4,0.01,5,5200,买盘
1210,11:26:50,10.39,-0.01,3,3117,卖盘
1211,11:26:43,10.4,0.01,200,208000,买盘
1212,11:26:40,10.39,-0.01,151,157055,卖盘
1213,11:26:35,10.4,--,17,17680,买盘
1214,11:26:29,10.4,0.01,215,223600,买盘
1215,11:26:25,10.39,-0.01,77,80003,卖盘
1216,11:26:13,10.4,0.01,139,144560,买盘
1217,11:26:10,10.39,-0.01,5,5195,卖盘
1218,11:26:05,10.4,--,500,520000,买盘
1219,11:25:59,10.4,--,60,62400,买盘
1220,11:25:55,10.4,--,28,29120,买盘
1221,11:25:49,10.4,0.01,67,69846,买盘
1222,11:25:45,10.39,0.01,50,51950,买盘
1223,11:25:35,10.38,-0.01,46,47748,卖盘
1224,11:25:19,10.39,0.01,2,2078,中性盘
1225,11:25:10,10.38,-0.02,107,111066,卖盘
1226,11:25:05,10.4,--,0,0,买盘
1227,11:24:59,10.4,--,28,29120,买盘
1228,11:24:55,10.4,0.02,1624,1688960,买盘
1229,11:24:44,10.38,--,2,2076,卖盘
1230,11:24:20,10.38,-0.01,1,1038,卖盘
1231,11:24:15,10.39,0.01,50,51950,中性盘
1232,11:24:10,10.38,-0.02,1004,1042152,卖盘
1233,11:24:05,10.4,0.01,181,189082,买盘
1234,11:23:59,10.39,0.01,241,250596,买盘
1235,11:23:49,10.38,--,4,4152,卖盘
1236,11:23:44,10.38,-0.01,20,20760,卖盘
1237,11:23:40,10.39,0.01,1,1039,买盘
1238,11:23:34,10.38,-0.01,2,2076,卖盘
1239,11:23:30,10.39,0.01,11,11429,买盘
1240,11:23:19,10.38,-0.02,88,91842,卖盘
1241,11:23:14,10.4,--,1,1040,买盘
1242,11:23:04,10.4,0.01,474,492960,买盘
1243,11:22:59,10.39,--,26,27014,卖盘
1244,11:22:49,10.39,--,62,64418,卖盘
1245,11:22:38,10.39,--,1,1039,卖盘
1246,11:22:29,10.39,-0.01,50,51950,卖盘
1247,11:22:25,10.4,0.01,1,1040,买盘
1248,11:22:19,10.39,--,5,5195,卖盘
1249,11:22:15,10.39,--,2,2078,卖盘
1250,11:22:09,10.39,--,1028,1068289,买盘
1251,11:22:04,10.39,0.01,100,103900,买盘
1252,11:22:00,10.38,--,113,117460,卖盘
1253,11:21:49,10.38,-0.01,100,103800,卖盘
1254,11:21:43,10.39,--,134,139226,买盘
1255,11:21:34,10.39,--,36,37404,买盘
1256,11:21:29,10.39,0.01,92,95588,买盘
1257,11:21:19,10.38,-0.01,5,5190,卖盘
1258,11:21:04,10.39,--,103,107017,买盘
1259,11:20:59,10.39,0.01,62,64418,买盘
1260,11:20:53,10.38,--,500,519000,卖盘
1261,11:20:49,10.38,-0.01,70,72660,卖盘
1262,11:20:44,10.39,0.01,75,77925,买盘
1263,11:20:34,10.38,--,129,133902,卖盘
1264,11:20:29,10.38,--,144,149638,卖盘
1265,11:20:23,10.38,--,102,105876,卖盘
1266,11:20:19,10.38,--,30,31140,卖盘
1267,11:20:13,10.38,--,11,11418,卖盘
1268,11:20:09,10.38,-0.01,116,120408,卖盘
1269,11:20:04,10.39,--,14,14546,买盘
1270,11:19:59,10.39,--,21,21819,买盘
1271,11:19:49,10.39,--,15,15585,买盘
1272,11:19:43,10.39,0.01,3318,3447402,买盘
1273,11:19:38,10.38,-0.01,53,55014,卖盘
1274,11:19:34,10.39,0.01,11,11429,买盘
1275,11:19:29,10.38,--,12,12456,卖盘
1276,11:19:24,10.38,--,71,73698,卖盘
1277,11:19:08,10.38,-0.01,10,10380,卖盘
1278,11:19:04,10.39,0.01,111,115329,买盘
1279,11:18:58,10.38,-0.01,49,50862,卖盘
1280,11:18:53,10.39,0.01,61,63379,买盘
1281,11:18:44,10.38,-0.01,5,5190,卖盘
1282,11:18:38,10.39,--,11,11429,买盘
1283,11:18:33,10.39,0.01,61,63379,买盘
1284,11:18:29,10.38,-0.01,63,65394,卖盘
1285,11:18:19,10.39,--,35,36365,买盘
1286,11:18:04,10.39,--,50,51950,买盘
1287,11:17:59,10.39,0.01,135,140265,买盘
1288,11:17:49,10.38,-0.01,2,2076,卖盘
1289,11:17:34,10.39,--,20,20780,买盘
1290,11:17:29,10.39,0.01,21,21819,买盘
1291,11:17:23,10.38,--,105,108990,卖盘
1292,11:17:13,10.38,-0.01,4,4152,卖盘
1293,11:17:08,10.39,0.01,10,10390,买盘
1294,11:16:59,10.38,-0.01,53,55014,卖盘
1295,11:16:53,10.39,--,21,21819,买盘
1296,11:16:49,10.39,--,89,92471,买盘
1297,11:16:43,10.39,0.01,120,124680,买盘
1298,11:16:38,10.38,--,36,37368,卖盘
1299,11:16:29,10.38,-0.01,10,10380,卖盘
1300,11:16:23,10.39,0.01,2,2078,买盘
1301,11:16:14,10.38,--,35,36330,卖盘
1302,11:16:08,10.38,-0.01,5,5190,卖盘
1303,11:16:04,10.39,--,20,20780,买盘
1304,11:15:58,10.39,--,40,41560,买盘
1305,11:15:44,10.39,--,101,104939,买盘
1306,11:15:38,10.39,--,48,49872,买盘
1307,11:15:32,10.39,0.01,4,4156,买盘
1308,11:15:29,10.38,-0.01,112,116256,卖盘
1309,11:15:24,10.39,0.01,1,1039,买盘
1310,11:15:17,10.38,--,576,598303,卖盘
1311,11:15:13,10.38,-0.01,50,51900,卖盘
1312,11:15:08,10.39,0.02,1325,1377184,买盘
1313,11:14:58,10.37,--,20,20740,卖盘
1314,11:14:53,10.37,-0.01,4,4148,卖盘
1315,11:14:47,10.38,--,132,137016,买盘
1316,11:14:43,10.38,0.01,104,107952,买盘
1317,11:14:38,10.37,-0.01,1,1037,卖盘
1318,11:14:28,10.38,--,63,65394,买盘
1319,11:14:23,10.38,--,885,919501,卖盘
1320,11:14:17,10.38,--,4,4152,卖盘
1321,11:14:13,10.38,-0.01,40,41520,卖盘
1322,11:13:58,10.39,--,75,77925,买盘
1323,11:13:47,10.39,--,6,6234,买盘
1324,11:13:43,10.39,0.01,102,105978,买盘
1325,11:13:38,10.38,-0.01,27,28026,卖盘
1326,11:13:22,10.39,--,108,112212,卖盘
1327,11:13:13,10.39,-0.01,105,109095,卖盘
1328,11:13:07,10.4,--,21,21840,买盘
1329,11:13:02,10.4,--,27,28080,买盘
1330,11:12:58,10.4,--,249,258960,买盘
1331,11:12:52,10.4,--,41,42640,买盘
1332,11:12:47,10.4,0.01,104,108160,买盘
1333,11:12:43,10.39,--,10,10390,卖盘
1334,11:12:37,10.39,--,42,43638,卖盘
1335,11:12:32,10.39,--,120,124680,卖盘
1336,11:12:28,10.39,--,26,27014,卖盘
1337,11:12:22,10.39,--,297,308583,卖盘
1338,11:12:17,10.39,--,31,32209,卖盘
1339,11:12:13,10.39,0.01,303,314817,买盘
1340,11:12:07,10.38,--,10,10380,卖盘
1341,11:12:02,10.38,--,1000,1038000,卖盘
1342,11:11:57,10.38,--,29,30226,卖盘
1343,11:11:52,10.38,--,30,31140,卖盘
1344,11:11:47,10.38,--,206,213828,卖盘
1345,11:11:38,10.38,-0.01,13,13494,卖盘
1346,11:11:32,10.39,--,41,42599,买盘
1347,11:11:22,10.39,0.01,1,1039,买盘
1348,11:11:17,10.38,-0.01,5,5190,卖盘
1349,11:11:13,10.39,0.01,50,51950,卖盘
1350,11:11:07,10.38,-0.01,1000,1038000,卖盘
1351,11:11:02,10.39,-0.01,645,670155,卖盘
1352,11:10:52,10.4,0.01,1,1040,买盘
1353,11:10:47,10.39,--,112,116368,卖盘
1354,11:10:37,10.39,0.01,215,223385,买盘
1355,11:10:32,10.38,-0.01,6,6228,卖盘
1356,11:10:28,10.39,--,2,2078,买盘
1357,11:10:22,10.39,--,113,117407,买盘
1358,11:10:17,10.39,0.01,2,2078,买盘
1359,11:10:08,10.38,-0.01,4,4152,卖盘
1360,11:09:53,10.39,--,20,20780,买盘
1361,11:09:47,10.39,0.01,103,107017,买盘
1362,11:09:43,10.38,--,177,183767,卖盘
1363,11:09:37,10.38,-0.01,407,422704,卖盘
1364,11:09:28,10.39,--,156,162084,卖盘
1365,11:09:22,10.39,--,10,10390,卖盘
1366,11:09:17,10.39,0.01,456,474584,买盘
1367,11:09:13,10.38,-0.01,13,13494,卖盘
1368,11:09:07,10.39,--,299,311284,卖盘
1369,11:09:02,10.39,--,338,351182,卖盘
1370,11:08:56,10.39,--,5,5195,卖盘
1371,11:08:52,10.39,-0.01,20,21195,卖盘
1372,11:08:47,10.4,0.01,104,108160,买盘
1373,11:08:41,10.39,--,1,1039,卖盘
1374,11:08:37,10.39,-0.01,106,110134,卖盘
1375,11:08:32,10.4,0.01,73,75920,买盘
1376,11:08:26,10.39,--,20,20780,卖盘
1377,11:08:22,10.39,--,18,18702,卖盘
1378,11:08:17,10.39,--,12,12468,卖盘
1379,11:08:02,10.39,--,298,309622,卖盘
1380,11:07:56,10.39,--,12,12468,卖盘
1381,11:07:52,10.39,--,362,376118,买盘
1382,11:07:47,10.39,--,571,593269,买盘
1383,11:07:41,10.39,0.01,12,12468,买盘
1384,11:07:37,10.38,-0.01,96,99648,卖盘
1385,11:07:22,10.39,--,166,172474,卖盘
1386,11:07:17,10.39,--,1004,1043156,卖盘
1387,11:07:11,10.39,--,3,3117,卖盘
1388,11:07:07,10.39,-0.01,10,10390,卖盘
1389,11:07:02,10.4,0.01,72,74880,买盘
1390,11:06:56,10.39,--,4,4156,卖盘
1391,11:06:52,10.39,-0.01,20,20780,卖盘
1392,11:06:47,10.4,0.01,2,2080,买盘
1393,11:06:41,10.39,-0.01,3,3117,卖盘
1394,11:06:37,10.4,--,104,108160,买盘
1395,11:06:31,10.4,--,59,61360,买盘
1396,11:06:26,10.4,--,60,62400,买盘
1397,11:06:22,10.4,--,38,39520,买盘
1398,11:06:16,10.4,--,28,29120,买盘
1399,11:06:11,10.4,--,47,49868,卖盘
1400,11:06:07,10.4,--,4,4160,卖盘
1401,11:06:01,10.4,-0.01,715,743600,卖盘
1402,11:05:56,10.41,--,5,5205,买盘
1403,11:05:52,10.41,0.01,52,54132,买盘
1404,11:05:47,10.4,--,5,5200,卖盘
1405,11:05:37,10.4,-0.01,118,122720,卖盘
1406,11:05:31,10.41,0.01,37,38517,买盘
1407,11:05:26,10.4,-0.01,30,31200,卖盘
1408,11:05:22,10.41,0.01,70,72870,买盘
1409,11:05:16,10.4,--,104,108160,卖盘
1410,11:05:11,10.4,--,23,23920,卖盘
1411,11:05:07,10.4,--,5,5200,卖盘
1412,11:05:01,10.4,-0.01,10,10400,卖盘
1413,11:04:56,10.41,--,36,37476,买盘
1414,11:04:52,10.41,0.01,69,71829,买盘
1415,11:04:37,10.4,-0.02,1,1040,卖盘
1416,11:04:31,10.42,0.01,120,126040,买盘
1417,11:04:26,10.41,--,10,10410,卖盘
1418,11:04:22,10.41,--,50,52091,买盘
1419,11:04:16,10.41,--,111,115551,买盘
1420,11:04:11,10.41,0.01,129,134289,买盘
1421,11:04:01,10.4,-0.01,31,32240,卖盘
1422,11:03:56,10.41,-0.01,26,28065,卖盘
1423,11:03:46,10.42,--,87,90654,买盘
1424,11:03:41,10.42,0.01,50,52100,买盘
1425,11:03:37,10.41,-0.01,13,13533,卖盘
1426,11:03:31,10.42,--,228,237576,买盘
1427,11:03:26,10.42,--,205,214110,卖盘
1428,11:03:22,10.42,--,61,63562,卖盘
1429,11:03:16,10.42,--,42,43889,卖盘
1430,11:03:11,10.42,0.01,1421,1481098,买盘
1431,11:03:07,10.41,--,12,12492,卖盘
1432,11:03:01,10.41,--,8,8328,卖盘
1433,11:02:56,10.41,-0.01,10,10410,卖盘
1434,11:02:52,10.42,0.01,4,4168,买盘
1435,11:02:46,10.41,-0.01,25,26025,卖盘
1436,11:02:41,10.42,--,150,156300,买盘
1437,11:02:37,10.42,0.01,111,115662,买盘
1438,11:02:31,10.41,--,10,10410,卖盘
1439,11:02:26,10.41,--,20,20820,卖盘
1440,11:02:11,10.41,-0.01,100,104100,卖盘
1441,11:02:01,10.42,0.01,418,435556,买盘
1442,11:01:56,10.41,--,29,30189,卖盘
1443,11:01:50,10.41,--,109,113510,买盘
1444,11:01:46,10.41,--,15,16614,卖盘
1445,11:01:41,10.41,--,134,139494,卖盘
1446,11:01:35,10.41,--,31,32312,买盘
1447,11:01:31,10.41,--,299,311259,买盘
1448,11:01:26,10.41,0.01,260,270660,买盘
1449,11:01:20,10.4,--,136,142272,卖盘
1450,11:01:16,10.4,--,155,161200,卖盘
1451,11:01:11,10.4,--,94,97760,卖盘
1452,11:01:01,10.4,--,1275,1326260,买盘
1453,11:00:56,10.4,--,380,395200,买盘
1454,11:00:50,10.4,--,270,280800,买盘
1455,11:00:46,10.4,--,204,212160,买盘
1456,11:00:41,10.4,--,574,596960,买盘
1457,11:00:35,10.4,--,18,18720,买盘
1458,11:00:31,10.4,--,153,159120,买盘
1459,11:00:26,10.4,--,228,237120,买盘
1460,11:00:20,10.4,--,36,37440,买盘
1461,11:00:16,10.4,--,18,18720,买盘
1462,11:00:11,10.4,--,385,400400,买盘
1463,11:00:05,10.4,--,95,98800,买盘
1464,11:00:01,10.4,--,20,20800,买盘
1465,10:59:56,10.4,--,4,4160,买盘
1466,10:59:50,10.4,--,35,36400,买盘
1467,10:59:46,10.4,--,24,24960,买盘
1468,10:59:41,10.4,0.01,144,149760,买盘
1469,10:59:35,10.39,-0.01,20,20780,卖盘
1470,10:59:31,10.4,0.01,155,161200,买盘
1471,10:59:26,10.39,--,90,93510,卖盘
1472,10:59:20,10.39,--,10,10390,卖盘
1473,10:59:16,10.39,-0.01,32,33248,卖盘
1474,10:59:10,10.4,--,5,5200,买盘
1475,10:59:05,10.4,--,48,49920,买盘
1476,10:59:01,10.4,0.01,46,47840,买盘
1477,10:58:55,10.39,--,17,17663,卖盘
1478,10:58:50,10.39,-0.01,105,109095,卖盘
1479,10:58:46,10.4,--,129,134160,买盘
1480,10:58:40,10.4,--,22,22880,买盘
1481,10:58:31,10.4,--,119,123760,买盘
1482,10:58:25,10.4,--,28,29120,买盘
1483,10:58:20,10.4,0.01,104,108160,买盘
1484,10:58:16,10.39,-0.01,33,34287,买盘
1485,10:58:10,10.4,0.01,104,108160,买盘
1486,10:58:05,10.39,--,20,20780,买盘
1487,10:58:01,10.39,--,3,3117,买盘
1488,10:57:55,10.39,--,142,147538,买盘
1489,10:57:50,10.39,--,68,70652,买盘
1490,10:57:46,10.39,--,68,70652,买盘
1491,10:57:40,10.39,0.01,47,48833,买盘
1492,10:57:35,10.38,--,107,111066,卖盘
1493,10:57:31,10.38,-0.01,106,110028,卖盘
1494,10:57:25,10.39,--,121,125719,买盘
1495,10:57:20,10.39,0.01,46,47794,买盘
1496,10:57:16,10.38,-0.01,5,5190,卖盘
1497,10:57:10,10.39,0.01,32,33248,中性盘
1498,10:57:05,10.38,--,97,100686,卖盘
1499,10:57:00,10.38,-0.01,5,5190,卖盘
1500,10:56:55,10.39,0.01,11,11429,买盘
1501,10:56:50,10.38,-0.02,20,20760,卖盘
1502,10:56:46,10.4,0.02,26,27040,买盘
1503,10:56:40,10.38,--,8030,8335140,买盘
1504,10:56:35,10.38,--,96,99648,买盘
1505,10:56:30,10.38,--,36,37368,买盘
1506,10:56:25,10.38,--,101,104838,买盘
1507,10:56:19,10.38,--,50,51900,买盘
1508,10:56:10,10.38,--,72,74736,买盘
1509,10:56:05,10.38,--,27,28026,买盘
1510,10:55:55,10.38,0.01,17,17646,买盘
1511,10:55:45,10.37,--,20,20740,卖盘
1512,10:55:40,10.37,-0.01,3,3110,卖盘
1513,10:55:35,10.38,--,17,17646,买盘
1514,10:55:30,10.38,--,24,24912,买盘
1515,10:55:25,10.38,--,217,225246,买盘
1516,10:55:20,10.38,--,10,10380,买盘
1517,10:55:15,10.38,--,50,51900,买盘
1518,10:55:10,10.38,--,54,56052,买盘
1519,10:55:05,10.38,--,71,74424,卖盘
1520,10:55:00,10.38,-0.01,17,17646,卖盘
1521,10:54:55,10.39,0.02,1043,1083988,买盘
1522,10:54:50,10.37,-0.01,82,85034,卖盘
1523,10:54:45,10.38,--,4,4152,买盘
1524,10:54:40,10.38,0.01,220,228360,买盘
1525,10:54:35,10.37,-0.01,20,20740,卖盘
1526,10:54:25,10.38,--,191,198258,买盘
1527,10:54:20,10.38,--,53,55014,买盘
1528,10:54:10,10.38,--,37,38406,买盘
1529,10:54:05,10.38,0.01,118,122484,买盘
1530,10:53:55,10.37,--,1283,1330471,卖盘
1531,10:53:44,10.37,-0.01,289,299693,卖盘
1532,10:53:40,10.38,--,17,17646,买盘
1533,10:53:35,10.38,--,3,3114,买盘
1534,10:53:29,10.38,--,21,21798,买盘
1535,10:53:25,10.38,--,168,174384,买盘
1536,10:53:19,10.38,0.01,412,427656,买盘
1537,10:53:14,10.37,-0.01,113,117180,卖盘
1538,10:53:05,10.38,0.01,271,281298,买盘
1539,10:52:59,10.37,--,130,134810,卖盘
1540,10:52:55,10.37,--,15,15554,卖盘
1541,10:52:49,10.37,--,123,127550,卖盘
1542,10:52:44,10.37,-0.01,149,154513,卖盘
1543,10:52:40,10.38,0.01,3569,3704622,买盘
1544,10:52:29,10.37,--,5,5185,卖盘
1545,10:52:25,10.37,--,15,15554,卖盘
1546,10:52:20,10.37,--,116,120291,卖盘
1547,10:52:14,10.37,-0.01,70,72590,卖盘
1548,10:52:10,10.38,--,75,77850,买盘
1549,10:52:05,10.38,0.01,34,35292,买盘
1550,10:51:59,10.37,--,51,52886,卖盘
1551,10:51:55,10.37,--,32,33184,卖盘
1552,10:51:49,10.37,--,45,46665,卖盘
1553,10:51:44,10.37,--,626,649162,卖盘
1554,10:51:40,10.37,--,1142,1184471,买盘
1555,10:51:34,10.37,--,122,126513,买盘
1556,10:51:25,10.37,0.01,321,332877,买盘
1557,10:51:19,10.36,-0.01,187,193732,卖盘
1558,10:51:14,10.37,--,5,5185,买盘
1559,10:51:10,10.37,0.01,600,622200,买盘
1560,10:51:04,10.36,-0.01,3,3108,卖盘
1561,10:50:59,10.37,0.01,553,573461,买盘
1562,10:50:55,10.36,-0.01,267,276612,卖盘
1563,10:50:49,10.37,--,2,2074,买盘
1564,10:50:44,10.37,--,30,31109,买盘
1565,10:50:40,10.37,--,37,38369,买盘
1566,10:50:34,10.37,--,22,22814,买盘
1567,10:50:25,10.37,--,71,73627,买盘
1568,10:50:19,10.37,--,151,156587,买盘
1569,10:50:14,10.37,--,5,5185,买盘
1570,10:50:09,10.37,--,212,219843,买盘
1571,10:50:04,10.37,0.01,134,138958,买盘
1572,10:49:59,10.36,-0.01,46,47656,卖盘
1573,10:49:54,10.37,--,87,90219,买盘
1574,10:49:49,10.37,--,18,18666,买盘
1575,10:49:44,10.37,0.01,84,87108,买盘
1576,10:49:39,10.36,--,54,55944,卖盘
1577,10:49:29,10.36,-0.01,21,21756,卖盘
1578,10:49:24,10.37,--,28,29035,买盘
1579,10:49:19,10.37,--,101,104736,买盘
1580,10:49:14,10.37,--,20,20740,买盘
1581,10:49:09,10.37,--,0,0,买盘
1582,10:48:58,10.37,--,34,35258,买盘
1583,10:48:49,10.37,0.01,1369,1419653,买盘
1584,10:48:44,10.36,--,913,945868,卖盘
1585,10:48:39,10.36,-0.01,6,6216,卖盘
1586,10:48:34,10.37,0.01,17,17629,买盘
1587,10:48:28,10.36,--,51,52836,卖盘
1588,10:48:19,10.36,--,133,137788,卖盘
1589,10:48:14,10.36,-0.01,7,7252,卖盘
1590,10:48:09,10.37,--,122,126513,买盘
1591,10:48:04,10.37,0.01,35,36295,买盘
1592,10:47:59,10.36,-0.01,79,81844,卖盘
1593,10:47:54,10.37,--,33,34221,买盘
1594,10:47:49,10.37,--,102,105773,买盘
1595,10:47:39,10.37,--,10,10370,买盘
1596,10:47:34,10.37,--,251,260286,买盘
1597,10:47:29,10.37,--,61,63256,买盘
1598,10:47:24,10.37,0.01,882,914633,买盘
1599,10:47:19,10.36,-0.01,113,117068,卖盘
1600,10:47:14,10.37,--,28,29035,买盘
1601,10:47:08,10.37,--,358,371246,买盘
1602,10:47:04,10.37,--,193,200949,卖盘
1603,10:46:59,10.37,--,28,29035,卖盘
1604,10:46:53,10.37,--,1005,1042184,卖盘
1605,10:46:49,10.37,-0.01,108,111995,卖盘
1606,10:46:44,10.38,0.01,55,57090,买盘
1607,10:46:37,10.37,-0.01,11,11407,卖盘
1608,10:46:34,10.38,0.01,21,21798,买盘
1609,10:46:29,10.37,--,15,15554,卖盘
1610,10:46:23,10.37,--,250,259249,卖盘
1611,10:46:19,10.37,0.01,4773,4949829,买盘
1612,10:46:14,10.36,-0.01,212,219632,卖盘
1613,10:46:07,10.37,--,236,244731,买盘
1614,10:46:04,10.37,--,320,331840,买盘
1615,10:45:59,10.37,--,188,194955,买盘
1616,10:45:53,10.37,--,2,2074,买盘
1617,10:45:49,10.37,0.01,233,241620,买盘
1618,10:45:44,10.36,--,37,38332,卖盘
1619,10:45:38,10.36,--,5,5180,卖盘
1620,10:45:34,10.36,--,100,103600,卖盘
1621,10:45:29,10.36,--,29,30044,卖盘
1622,10:45:23,10.36,--,10,10360,卖盘
1623,10:45:19,10.36,--,232,240352,卖盘
1624,10:45:14,10.36,--,1974,2045064,买盘
1625,10:45:07,10.36,--,153,158508,买盘
1626,10:45:04,10.36,0.01,49,50764,买盘
1627,10:44:59,10.35,-0.01,104,107640,卖盘
1628,10:44:53,10.36,--,22,22792,买盘
1629,10:44:49,10.36,--,206,213416,买盘
1630,10:44:38,10.36,--,12,12432,买盘
1631,10:44:34,10.36,--,111,114996,买盘
1632,10:44:28,10.36,--,281,291116,买盘
1633,10:44:23,10.36,0.01,3,3108,买盘
1634,10:44:19,10.35,-0.01,112,115920,卖盘
1635,10:44:13,10.36,--,168,174048,买盘
1636,10:44:08,10.36,--,84,87024,买盘
1637,10:44:04,10.36,0.01,38,39368,买盘
1638,10:43:58,10.35,--,228,235980,卖盘
1639,10:43:53,10.35,-0.01,23,23805,卖盘
1640,10:43:49,10.36,--,54,55944,买盘
1641,10:43:43,10.36,--,52,53872,买盘
1642,10:43:38,10.36,--,32,33152,买盘
1643,10:43:34,10.36,0.01,11,11396,买盘
1644,10:43:28,10.35,-0.01,61,63135,卖盘
1645,10:43:22,10.36,0.01,63,65268,买盘
1646,10:43:18,10.35,--,104,107640,卖盘
1647,10:43:13,10.35,-0.01,151,156285,卖盘
1648,10:43:08,10.36,0.01,142,147112,买盘
1649,10:43:03,10.35,--,10,10350,卖盘
1650,10:42:58,10.35,--,113,116955,卖盘
1651,10:42:52,10.35,-0.01,153,158355,卖盘
1652,10:42:48,10.36,--,89,92204,买盘
1653,10:42:43,10.36,0.01,81,83916,买盘
1654,10:42:38,10.35,-0.01,5,5175,卖盘
1655,10:42:33,10.36,--,18,18648,买盘
1656,10:42:28,10.36,--,166,171976,买盘
1657,10:42:23,10.36,--,48,49728,买盘
1658,10:42:18,10.36,0.01,151,156436,买盘
1659,10:42:13,10.35,--,195,201825,买盘
1660,10:42:08,10.35,-0.01,343,355005,卖盘
1661,10:42:03,10.36,--,51,52836,买盘
1662,10:41:58,10.36,0.01,30,31080,买盘
1663,10:41:53,10.35,--,228,235980,卖盘
1664,10:41:48,10.35,0.01,27,27945,买盘
1665,10:41:42,10.34,-0.01,90,93060,卖盘
1666,10:41:38,10.35,--,246,254610,买盘
1667,10:41:28,10.35,--,48,49680,买盘
1668,10:41:23,10.35,--,10,10350,买盘
1669,10:41:18,10.35,0.01,125,129375,买盘
1670,10:41:13,10.34,-0.01,815,842710,卖盘
1671,10:41:07,10.35,0.01,76,78660,买盘
1672,10:41:03,10.34,-0.01,48,49632,卖盘
1673,10:40:58,10.35,--,42,43470,买盘
1674,10:40:53,10.35,--,0,0,买盘
1675,10:40:48,10.35,0.01,184,190440,买盘
1676,10:40:43,10.34,--,82,84788,买盘
1677,10:40:37,10.34,--,39,40326,卖盘
1678,10:40:33,10.34,--,458,473572,卖盘
1679,10:40:28,10.34,-0.01,3,3102,卖盘
1680,10:40:22,10.35,--,41,42435,买盘
1681,10:40:13,10.35,--,100,103500,买盘
1682,10:40:08,10.35,--,30,31050,买盘
1683,10:40:02,10.35,--,13,13455,买盘
1684,10:39:58,10.35,--,175,181125,卖盘
1685,10:39:52,10.35,-0.01,253,261855,卖盘
1686,10:39:43,10.36,--,56,58016,买盘
1687,10:39:38,10.36,--,17,17612,买盘
1688,10:39:22,10.36,0.02,30,31080,买盘
1689,10:39:17,10.34,-0.01,910,940940,卖盘
1690,10:39:13,10.35,-0.01,212,219420,卖盘
1691,10:39:08,10.36,--,6,6216,买盘
1692,10:39:01,10.36,--,51,52836,买盘
1693,10:38:58,10.36,0.01,39,40404,买盘
1694,10:38:53,10.35,0.01,287,297045,买盘
1695,10:38:43,10.34,-0.01,88,90992,卖盘
1696,10:38:38,10.35,0.01,212,219420,买盘
1697,10:38:28,10.34,--,14,14476,卖盘
1698,10:38:23,10.34,-0.01,5,5170,中性盘
1699,10:38:16,10.35,0.01,148,153180,买盘
1700,10:38:13,10.34,--,49,50666,买盘
1701,10:38:08,10.34,--,28,28952,买盘
1702,10:38:02,10.34,--,18,18612,买盘
1703,10:37:58,10.34,--,171,176814,买盘
1704,10:37:53,10.34,-0.01,185,191290,卖盘
1705,10:37:46,10.35,0.01,158,163530,买盘
1706,10:37:43,10.34,--,267,276078,买盘
1707,10:37:37,10.34,--,161,166474,买盘
1708,10:37:32,10.34,0.01,123,127182,买盘
1709,10:37:22,10.33,-0.01,29,29957,卖盘
1710,10:37:12,10.34,--,127,131318,买盘
1711,10:37:07,10.34,0.01,65,67210,买盘
1712,10:37:01,10.33,-0.01,315,325395,卖盘
1713,10:36:58,10.34,--,46,47564,买盘
1714,10:36:52,10.34,--,170,175780,买盘
1715,10:36:43,10.34,--,3,3102,买盘
1716,10:36:37,10.34,--,926,957484,买盘
1717,10:36:32,10.34,--,6,6204,买盘
1718,10:36:22,10.34,0.01,47,48598,买盘
1719,10:36:16,10.33,--,10,10330,卖盘
1720,10:36:13,10.33,-0.01,152,157016,卖盘
1721,10:36:07,10.34,0.01,36,37224,买盘
1722,10:36:02,10.33,-0.01,100,103300,卖盘
1723,10:35:52,10.34,--,100,103400,买盘
1724,10:35:46,10.34,--,415,429110,卖盘
1725,10:35:42,10.34,--,39,40326,卖盘
1726,10:35:37,10.34,--,173,178882,卖盘
1727,10:35:32,10.34,--,269,278146,卖盘
1728,10:35:22,10.34,--,5,5170,卖盘
1729,10:35:17,10.34,-0.01,154,159236,卖盘
1730,10:35:07,10.35,--,44,45540,买盘
1731,10:35:02,10.35,--,59,61065,买盘
1732,10:34:57,10.35,--,241,249435,卖盘
1733,10:34:46,10.35,--,136,140760,卖盘
1734,10:34:37,10.35,--,109,112815,卖盘
1735,10:34:32,10.35,--,61,63135,卖盘
1736,10:34:27,10.35,--,292,302220,买盘
1737,10:34:22,10.35,--,9,9315,买盘
1738,10:34:12,10.35,-0.01,2,2070,买盘
1739,10:34:07,10.36,0.01,207,214462,买盘
1740,10:34:02,10.35,--,45,46575,卖盘
1741,10:33:57,10.35,-0.01,39,40365,卖盘
1742,10:33:52,10.36,0.01,548,567728,买盘
1743,10:33:46,10.35,--,313,323955,卖盘
1744,10:33:42,10.35,--,20,20700,卖盘
1745,10:33:37,10.35,-0.01,1,1035,卖盘
1746,10:33:31,10.36,0.01,273,282828,买盘
1747,10:33:27,10.35,-0.01,5,5175,卖盘
1748,10:33:22,10.36,--,51,52836,买盘
1749,10:33:17,10.36,--,26,26936,卖盘
1750,10:33:12,10.36,0.01,280,290080,买盘
1751,10:33:07,10.35,-0.01,1,1035,卖盘
1752,10:33:02,10.36,--,10,10360,卖盘
1753,10:32:56,10.36,--,23,23828,卖盘
1754,10:32:52,10.36,--,214,221704,卖盘
1755,10:32:46,10.36,--,156,161616,卖盘
1756,10:32:41,10.36,-0.01,220,227920,卖盘
1757,10:32:37,10.37,--,72,74664,买盘
1758,10:32:32,10.37,0.01,50,51849,买盘
1759,10:32:25,10.36,-0.01,5,5180,卖盘
1760,10:32:22,10.37,0.01,27,27998,买盘
1761,10:32:16,10.36,--,193,199948,卖盘
1762,10:32:10,10.36,-0.01,70,72520,中性盘
1763,10:32:07,10.37,0.01,218,226065,买盘
1764,10:32:01,10.36,-0.01,213,220668,卖盘
1765,10:31:56,10.37,0.01,28,29035,买盘
1766,10:31:52,10.36,0.01,135,139860,买盘
1767,10:31:47,10.35,-0.02,32,33120,卖盘
1768,10:31:40,10.37,--,0,0,买盘
1769,10:31:37,10.37,--,73,75701,买盘
1770,10:31:32,10.37,0.02,41,42517,买盘
1771,10:31:26,10.35,--,3,3105,卖盘
1772,10:31:22,10.35,-0.02,24,24840,卖盘
1773,10:31:16,10.37,0.01,240,249491,买盘
1774,10:31:11,10.36,0.01,59,61124,买盘
1775,10:31:07,10.35,--,1345,1392075,卖盘
1776,10:31:01,10.35,-0.01,68,70380,卖盘
1777,10:30:55,10.36,--,61,63610,买盘
1778,10:30:51,10.36,0.01,249,257964,买盘
1779,10:30:47,10.35,-0.01,289,299115,卖盘
1780,10:30:36,10.36,0.01,109,112924,买盘
1781,10:30:32,10.35,--,534,552690,买盘
1782,10:30:25,10.35,-0.01,246,254610,卖盘
1783,10:30:21,10.36,--,130,134680,买盘
1784,10:30:17,10.36,--,271,280756,买盘
1785,10:30:11,10.36,--,170,176120,买盘
1786,10:30:06,10.36,0.02,169,175084,买盘
1787,10:30:01,10.34,-0.01,50,51700,卖盘
1788,10:29:55,10.35,--,30,31050,买盘
1789,10:29:51,10.35,--,29,30015,买盘
1790,10:29:46,10.35,0.01,33,34155,买盘
1791,10:29:36,10.34,-0.01,52,53768,卖盘
1792,10:29:31,10.35,--,77,79695,买盘
1793,10:29:25,10.35,-0.01,9,9315,买盘
1794,10:29:16,10.36,0.01,328,339808,买盘
1795,10:29:10,10.35,--,69,71415,卖盘
1796,10:29:06,10.35,--,133,137655,卖盘
1797,10:29:01,10.35,--,20,20700,卖盘
1798,10:28:56,10.35,--,78,80730,卖盘
1799,10:28:46,10.35,-0.01,59,61065,卖盘
1800,10:28:40,10.36,--,51,52836,买盘
1801,10:28:36,10.36,0.01,134,138824,买盘
1802,10:28:31,10.35,--,235,243225,买盘
1803,10:28:26,10.35,--,126,130410,买盘
1804,10:28:21,10.35,0.01,71,73485,买盘
1805,10:28:16,10.34,-0.01,60,62040,卖盘
1806,10:28:10,10.35,0.01,180,186300,买盘
1807,10:28:06,10.34,--,13,13442,卖盘
1808,10:28:01,10.34,--,10,10340,卖盘
1809,10:27:56,10.34,--,195,201630,卖盘
1810,10:27:51,10.34,-0.01,3,3102,卖盘
1811,10:27:46,10.35,--,74,76590,买盘
1812,10:27:41,10.35,--,5,5175,买盘
1813,10:27:36,10.35,--,94,97290,卖盘
1814,10:27:31,10.35,--,284,293940,卖盘
1815,10:27:25,10.35,--,58,60030,卖盘
1816,10:27:21,10.35,--,345,357075,卖盘
1817,10:27:16,10.35,--,79,81765,卖盘
1818,10:27:10,10.35,--,107,110745,卖盘
1819,10:27:06,10.35,--,52,53820,卖盘
1820,10:27:01,10.35,--,65,67275,卖盘
1821,10:26:56,10.35,--,268,277380,卖盘
1822,10:26:51,10.35,--,20,20700,卖盘
1823,10:26:46,10.35,--,21,21735,卖盘
1824,10:26:40,10.35,--,537,555795,卖盘
1825,10:26:31,10.35,-0.01,80,82800,卖盘
1826,10:26:25,10.36,--,60,62160,卖盘
1827,10:26:21,10.36,-0.01,112,116032,卖盘
1828,10:26:15,10.37,--,142,147254,买盘
1829,10:26:10,10.37,--,268,277916,买盘
1830,10:26:06,10.37,0.01,74,76738,买盘
1831,10:26:00,10.36,--,138,142968,卖盘
1832,10:25:55,10.36,-0.01,81,83916,卖盘
1833,10:25:51,10.37,--,43,44591,买盘
1834,10:25:46,10.37,0.01,340,352580,买盘
1835,10:25:40,10.36,-0.01,75,77700,卖盘
1836,10:25:36,10.37,0.01,92,95404,买盘
1837,10:25:31,10.36,--,80,82880,卖盘
1838,10:25:25,10.36,--,173,179228,卖盘
1839,10:25:19,10.36,-0.01,98,101528,卖盘
1840,10:25:16,10.37,0.01,170,176290,买盘
1841,10:25:11,10.36,--,568,588448,卖盘
1842,10:25:04,10.36,-0.01,508,526288,卖盘
1843,10:25:01,10.37,0.01,126,130661,买盘
1844,10:24:55,10.36,-0.01,151,156436,卖盘
1845,10:24:49,10.37,--,136,141032,买盘
1846,10:24:46,10.37,--,80,82960,买盘
1847,10:24:40,10.37,0.01,59,61182,买盘
1848,10:24:34,10.36,--,60,62160,卖盘
1849,10:24:31,10.36,--,688,712768,买盘
1850,10:24:25,10.36,--,289,299404,买盘
1851,10:24:19,10.36,--,23,23828,买盘
1852,10:24:15,10.36,0.03,2951,3057702,买盘
1853,10:24:10,10.33,-0.01,1119,1155927,卖盘
1854,10:24:00,10.34,0.01,257,265738,买盘
1855,10:23:55,10.33,--,901,931146,买盘
1856,10:23:49,10.33,--,22,22726,买盘
1857,10:23:45,10.33,--,600,619800,买盘
1858,10:23:40,10.33,--,285,294405,买盘
1859,10:23:34,10.33,0.01,55,56815,买盘
1860,10:23:30,10.32,--,330,340560,卖盘
1861,10:23:25,10.32,-0.01,135,139320,卖盘
1862,10:23:19,10.33,--,557,575381,买盘
1863,10:23:15,10.33,--,380,392540,买盘
1864,10:23:04,10.33,--,136,140488,买盘
1865,10:23:00,10.33,--,568,586744,买盘
1866,10:22:55,10.33,--,211,217963,买盘
1867,10:22:49,10.33,--,110,113630,买盘
1868,10:22:40,10.33,--,208,214864,买盘
1869,10:22:34,10.33,0.01,44,45452,买盘
1870,10:22:30,10.32,-0.01,11,11352,卖盘
1871,10:22:25,10.33,0.01,43,44419,买盘
1872,10:22:19,10.32,--,161,166152,卖盘
1873,10:22:15,10.32,0.01,207,213624,买盘
1874,10:22:10,10.31,-0.01,20,20620,卖盘
1875,10:22:04,10.32,--,91,93912,买盘
1876,10:22:00,10.32,0.01,403,415896,买盘
1877,10:21:55,10.31,-0.01,84,86604,卖盘
1878,10:21:49,10.32,--,147,151704,买盘
1879,10:21:45,10.32,0.01,2301,2374683,买盘
1880,10:21:39,10.31,--,64,65984,买盘
1881,10:21:34,10.31,--,68,70108,买盘
1882,10:21:30,10.31,--,108,111348,买盘
1883,10:21:25,10.31,--,198,204138,买盘
1884,10:21:15,10.31,--,10,10310,买盘
1885,10:21:09,10.31,0.01,132,136092,买盘
1886,10:21:04,10.3,-0.01,464,477920,卖盘
1887,10:20:55,10.31,0.01,148,152588,买盘
1888,10:20:49,10.3,--,4,4120,卖盘
1889,10:20:45,10.3,--,113,116390,卖盘
1890,10:20:39,10.3,--,1,1030,卖盘
1891,10:20:34,10.3,-0.01,51,52530,卖盘
1892,10:20:30,10.31,--,20,20620,买盘
1893,10:20:25,10.31,--,38,39178,买盘
1894,10:20:19,10.31,--,28,28868,买盘
1895,10:20:10,10.31,--,10,10310,买盘
1896,10:20:04,10.31,--,128,131968,买盘
1897,10:20:00,10.31,--,5,5155,买盘
1898,10:19:55,10.31,--,94,96914,买盘
1899,10:19:45,10.31,--,28,28868,买盘
1900,10:19:40,10.31,--,57,58767,买盘
1901,10:19:34,10.31,--,28,28868,买盘
1902,10:19:25,10.31,0.01,24,24744,买盘
1903,10:19:19,10.3,-0.02,1787,1841588,卖盘
1904,10:19:09,10.32,--,153,157896,卖盘
1905,10:19:04,10.32,--,1008,1040307,买盘
1906,10:19:00,10.32,--,49,50568,买盘
1907,10:18:55,10.32,0.01,467,481944,买盘
1908,10:18:49,10.31,-0.01,152,156712,卖盘
1909,10:18:45,10.32,--,74,76368,买盘
1910,10:18:40,10.32,--,47,48504,买盘
1911,10:18:34,10.32,--,47,48504,买盘
1912,10:18:30,10.32,--,86,88752,买盘
1913,10:18:25,10.32,-0.01,1161,1199122,卖盘
1914,10:18:10,10.33,--,32,33056,买盘
1915,10:18:04,10.33,--,212,219615,卖盘
1916,10:17:59,10.33,--,93,96069,卖盘
1917,10:17:55,10.33,--,30,31403,卖盘
1918,10:17:49,10.33,--,2,2066,卖盘
1919,10:17:43,10.33,--,8,8264,卖盘
1920,10:17:39,10.33,-0.01,121,124993,中性盘
1921,10:17:34,10.34,0.02,143,147862,买盘
1922,10:17:28,10.32,-0.01,12,12384,卖盘
1923,10:17:24,10.33,0.01,46,47518,买盘
1924,10:17:19,10.32,-0.01,247,254904,卖盘
1925,10:17:13,10.33,--,20,20660,卖盘
1926,10:17:09,10.33,0.01,522,539226,买盘
1927,10:17:04,10.32,-0.01,44,45408,卖盘
1928,10:16:58,10.33,--,74,76442,买盘
1929,10:16:54,10.33,--,361,372913,买盘
1930,10:16:49,10.33,--,100,103300,买盘
1931,10:16:43,10.33,0.01,167,172511,买盘
1932,10:16:39,10.32,-0.01,44,45408,卖盘
1933,10:16:34,10.33,0.01,584,603272,买盘
1934,10:16:28,10.32,--,22,22704,卖盘
1935,10:16:24,10.32,-0.01,139,143448,卖盘
1936,10:16:19,10.33,0.01,111,114663,买盘
1937,10:16:13,10.32,--,45,46440,卖盘
1938,10:16:09,10.32,--,13,13416,卖盘
1939,10:16:04,10.32,--,100,103200,卖盘
1940,10:15:54,10.32,--,342,353005,买盘
1941,10:15:49,10.32,0.01,112,115584,买盘
1942,10:15:43,10.31,--,13,13403,卖盘
1943,10:15:39,10.31,-0.01,237,244347,卖盘
1944,10:15:34,10.32,--,113,116616,买盘
1945,10:15:28,10.32,--,151,155832,买盘
1946,10:15:24,10.32,--,26,26832,买盘
1947,10:15:19,10.32,0.01,69,71208,买盘
1948,10:15:13,10.31,-0.01,81,83511,卖盘
1949,10:15:09,10.32,0.01,379,391128,买盘
1950,10:15:04,10.31,--,199,205169,买盘
1951,10:14:58,10.31,--,720,742320,买盘
1952,10:14:54,10.31,--,286,294866,买盘
1953,10:14:49,10.31,0.01,110,113410,买盘
1954,10:14:43,10.3,-0.01,5,5150,卖盘
1955,10:14:39,10.31,--,19,19589,买盘
1956,10:14:33,10.31,0.01,118,121658,买盘
1957,10:14:28,10.3,--,346,356380,买盘
1958,10:14:24,10.3,--,413,425946,买盘
1959,10:14:19,10.3,0.01,262,269860,买盘
1960,10:14:13,10.29,-0.01,53,54536,卖盘
1961,10:14:09,10.3,--,107,110210,买盘
1962,10:14:04,10.3,--,18,18540,买盘
1963,10:13:58,10.3,--,12,12360,买盘
1964,10:13:54,10.3,--,89,91670,买盘
1965,10:13:43,10.3,--,344,354320,买盘
1966,10:13:39,10.3,0.01,69,71070,买盘
1967,10:13:34,10.29,--,54,55565,卖盘
1968,10:13:28,10.29,--,110,113189,卖盘
1969,10:13:18,10.29,-0.01,42,43218,卖盘
1970,10:13:13,10.3,0.01,95,98643,买盘
1971,10:13:09,10.29,--,12,12584,卖盘
1972,10:13:04,10.29,--,3,3879,买盘
1973,10:12:58,10.29,--,70,72266,卖盘
1974,10:12:54,10.29,--,43,45039,买盘
1975,10:12:49,10.29,-0.01,64,66092,卖盘
1976,10:12:43,10.3,0.01,139,143170,买盘
1977,10:12:39,10.29,--,1,1029,卖盘
1978,10:12:34,10.29,--,76,78996,买盘
1979,10:12:28,10.29,--,46,47333,买盘
1980,10:12:23,10.29,--,154,158466,买盘
1981,10:12:19,10.29,0.01,82,84378,买盘
1982,10:12:13,10.28,-0.01,48,49344,卖盘
1983,10:12:09,10.29,--,87,89522,买盘
1984,10:12:04,10.29,0.01,121,124508,买盘
1985,10:11:58,10.28,-0.01,2,2056,卖盘
1986,10:11:48,10.29,--,46,47333,买盘
1987,10:11:39,10.29,--,1517,1561229,卖盘
1988,10:11:33,10.29,--,176,181103,卖盘
1989,10:11:28,10.29,--,41,42981,买盘
1990,10:11:24,10.29,--,292,300468,买盘
1991,10:11:13,10.29,0.01,40,41160,买盘
1992,10:11:03,10.28,--,5,5140,卖盘
1993,10:10:58,10.28,-0.01,1,1028,卖盘
1994,10:10:54,10.29,--,29,29840,买盘
1995,10:10:48,10.29,0.01,62,63797,买盘
1996,10:10:43,10.28,--,17,17476,卖盘
1997,10:10:33,10.28,-0.01,2,2056,卖盘
1998,10:10:28,10.29,0.01,58,59681,买盘
1999,10:10:22,10.28,-0.01,28,28784,卖盘
2000,10:10:18,10.29,--,93,95696,买盘
2001,10:10:13,10.29,--,18,18522,买盘
2002,10:10:07,10.29,--,6,6173,买盘
2003,10:10:03,10.29,--,220,226379,买盘
2004,10:09:58,10.29,0.01,162,166698,买盘
2005,10:09:48,10.28,-0.01,49,50372,卖盘
2006,10:09:43,10.29,--,724,744995,买盘
2007,10:09:37,10.29,--,81,83349,买盘
2008,10:09:33,10.29,--,310,318990,买盘
2009,10:09:28,10.29,--,374,384845,买盘
2010,10:09:22,10.29,--,75,77175,买盘
2011,10:09:18,10.29,--,434,446585,买盘
2012,10:09:13,10.29,-0.01,206,212776,卖盘
2013,10:09:03,10.3,0.01,53,54590,买盘
2014,10:08:58,10.29,--,10,10290,卖盘
2015,10:08:52,10.29,--,9,9261,卖盘
2016,10:08:48,10.29,--,8,8232,卖盘
2017,10:08:43,10.29,0.01,85,87691,买盘
2018,10:08:33,10.28,-0.01,95,97660,卖盘
2019,10:08:22,10.29,0.01,198,203741,买盘
2020,10:08:18,10.28,-0.01,17,17476,卖盘
2021,10:08:13,10.29,-0.01,841,866253,卖盘
2022,10:08:03,10.3,0.01,59,60770,买盘
2023,10:07:58,10.29,-0.01,10,10290,卖盘
2024,10:07:48,10.3,--,110,113300,买盘
2025,10:07:43,10.3,0.01,82,84460,买盘
2026,10:07:37,10.29,-0.01,20,20580,卖盘
2027,10:07:33,10.3,--,293,301790,买盘
2028,10:07:28,10.3,--,144,148320,买盘
2029,10:07:18,10.3,--,78,80340,买盘
2030,10:07:07,10.3,--,25,25750,买盘
2031,10:07:03,10.3,--,65,66950,买盘
2032,10:06:57,10.3,--,50,51500,买盘
2033,10:06:43,10.3,0.01,55,56650,买盘
2034,10:06:37,10.29,-0.01,1,1029,卖盘
2035,10:06:32,10.3,0.01,98,100940,买盘
2036,10:06:28,10.29,-0.01,137,140973,卖盘
2037,10:06:22,10.3,--,135,139050,买盘
2038,10:06:18,10.3,--,13,13390,买盘
2039,10:06:13,10.3,--,264,271920,买盘
2040,10:06:07,10.3,0.01,71,73130,买盘
2041,10:06:03,10.29,0.01,1210,1245254,买盘
2042,10:05:58,10.28,-0.01,31,31867,卖盘
2043,10:05:47,10.29,0.01,41,42189,买盘
2044,10:05:42,10.28,--,140,143920,卖盘
2045,10:05:37,10.28,-0.01,1,1028,卖盘
2046,10:05:28,10.29,-0.01,148,153156,卖盘
2047,10:05:22,10.3,0.01,48,49440,买盘
2048,10:05:17,10.29,-0.01,357,367352,卖盘
2049,10:05:13,10.3,0.01,46,47380,买盘
2050,10:05:07,10.29,-0.01,25,25724,卖盘
2051,10:05:02,10.3,0.01,106,109180,买盘
2052,10:04:57,10.29,--,1145,1178205,卖盘
2053,10:04:52,10.29,-0.01,35,36015,卖盘
2054,10:04:42,10.3,--,77,79310,买盘
2055,10:04:37,10.3,0.01,793,816790,买盘
2056,10:04:33,10.29,-0.01,24,24695,卖盘
2057,10:04:27,10.3,--,724,745720,买盘
2058,10:04:22,10.3,--,44,45320,买盘
2059,10:04:18,10.3,0.01,60,61800,买盘
2060,10:04:12,10.29,--,6,6173,卖盘
2061,10:03:57,10.29,-0.01,72,74088,卖盘
2062,10:03:52,10.3,--,30,30900,买盘
2063,10:03:42,10.3,--,100,103000,买盘
2064,10:03:37,10.3,--,697,718074,买盘
2065,10:03:27,10.3,--,5,5150,买盘
2066,10:03:22,10.3,0.01,63,64890,买盘
2067,10:03:16,10.29,-0.01,40,41160,卖盘
2068,10:03:12,10.3,0.01,294,302820,买盘
2069,10:02:57,10.29,--,41,42189,卖盘
2070,10:02:52,10.29,-0.01,120,123479,买盘
2071,10:02:42,10.3,--,0,0,买盘
2072,10:02:37,10.3,0.04,168,173040,买盘
2073,10:02:27,10.26,-0.01,3,3078,卖盘
2074,10:02:22,10.27,--,241,247507,买盘
2075,10:02:16,10.27,-0.03,333,341991,卖盘
2076,10:02:12,10.3,--,0,0,买盘
2077,10:02:07,10.3,--,33,33990,买盘
2078,10:02:01,10.3,0.01,171,176130,买盘
2079,10:01:57,10.29,--,96,98783,卖盘
2080,10:01:52,10.29,-0.01,401,412628,卖盘
2081,10:01:31,10.3,--,41,42230,买盘
2082,10:01:27,10.3,--,60,61800,买盘
2083,10:01:22,10.3,--,3,3090,买盘
2084,10:01:16,10.3,--,0,0,买盘
2085,10:01:12,10.3,--,132,136784,买盘
2086,10:01:07,10.3,--,209,215270,买盘
2087,10:01:01,10.3,--,1011,1041330,买盘
2088,10:00:52,10.3,--,1588,1635640,买盘
2089,10:00:42,10.3,--,105,108150,买盘
2090,10:00:37,10.3,0.01,80,82400,买盘
2091,10:00:31,10.29,-0.01,12,12347,卖盘
2092,10:00:27,10.3,--,207,213210,买盘
2093,10:00:22,10.3,--,321,330630,买盘
2094,10:00:16,10.3,--,117,120510,买盘
2095,10:00:12,10.3,--,51,52530,买盘
2096,10:00:07,10.3,--,622,640660,买盘
2097,10:00:01,10.3,0.01,15,15450,买盘
2098,09:59:57,10.29,--,57,58652,卖盘
2099,09:59:51,10.29,--,849,874032,买盘
2100,09:59:46,10.29,0.01,19,19551,买盘
2101,09:59:37,10.28,-0.01,1,1028,卖盘
2102,09:59:31,10.29,--,24,24695,买盘
2103,09:59:22,10.29,--,213,219176,买盘
2104,09:59:16,10.29,0.01,120,123479,买盘
2105,09:59:11,10.28,--,39,40708,卖盘
2106,09:59:07,10.28,--,2,2056,卖盘
2107,09:59:01,10.28,-0.01,207,212796,卖盘
2108,09:58:56,10.29,0.01,87,89522,买盘
2109,09:58:51,10.28,-0.01,108,111024,卖盘
2110,09:58:41,10.29,--,95,98166,买盘
2111,09:58:36,10.29,--,216,222263,买盘
2112,09:58:26,10.29,--,7,7202,买盘
2113,09:58:21,10.29,0.01,30,30869,买盘
2114,09:58:16,10.28,--,1,1028,卖盘
2115,09:58:06,10.28,-0.01,10,10280,卖盘
2116,09:58:01,10.29,0.01,89,91580,买盘
2117,09:57:51,10.28,--,103,105884,卖盘
2118,09:57:36,10.28,-0.01,1,1028,卖盘
2119,09:57:30,10.29,--,15,15434,买盘
2120,09:57:26,10.29,0.01,42,43218,买盘
2121,09:57:16,10.28,--,14,14392,卖盘
2122,09:57:01,10.28,--,131,134668,卖盘
2123,09:56:56,10.28,--,423,434844,买盘
2124,09:56:51,10.28,--,46,47288,买盘
2125,09:56:46,10.28,0.01,40,41120,买盘
2126,09:56:41,10.27,-0.02,23,23621,卖盘
2127,09:56:36,10.29,0.01,1003,1032086,买盘
2128,09:56:31,10.28,--,71,72988,买盘
2129,09:56:25,10.28,-0.01,80,82240,买盘
2130,09:56:21,10.29,0.02,100,102899,买盘
2131,09:56:16,10.27,-0.02,76,78052,卖盘
2132,09:56:10,10.29,0.01,42,43218,买盘
2133,09:56:06,10.28,--,806,828568,卖盘
2134,09:56:01,10.28,-0.01,12,12336,卖盘
2135,09:55:51,10.29,0.01,35,36015,买盘
2136,09:55:45,10.28,--,10,10280,卖盘
2137,09:55:40,10.28,-0.01,121,124387,卖盘
2138,09:55:36,10.29,0.01,71,73059,买盘
2139,09:55:31,10.28,--,6,6168,卖盘
2140,09:55:25,10.28,--,79,81212,卖盘
2141,09:55:21,10.28,--,41,42148,买盘
2142,09:55:16,10.28,-0.01,306,314568,卖盘
2143,09:55:10,10.29,--,84,86436,买盘
2144,09:55:06,10.29,--,119,122450,买盘
2145,09:55:01,10.29,0.01,41,42189,买盘
2146,09:54:55,10.28,--,10,10280,卖盘
2147,09:54:51,10.28,-0.01,33,33924,卖盘
2148,09:54:46,10.29,0.01,101,103928,买盘
2149,09:54:36,10.28,-0.01,37,38036,卖盘
2150,09:54:25,10.29,--,1,1029,买盘
2151,09:54:21,10.29,0.01,67,68943,买盘
2152,09:54:16,10.28,--,19,19532,卖盘
2153,09:54:01,10.28,--,5,5140,卖盘
2154,09:53:55,10.28,0.01,79,81212,买盘
2155,09:53:51,10.27,-0.01,11,11297,卖盘
2156,09:53:45,10.28,--,696,715488,买盘
2157,09:53:36,10.28,--,28,28784,买盘
2158,09:53:21,10.28,--,21,21588,买盘
2159,09:53:16,10.28,--,34,34952,买盘
2160,09:53:10,10.28,0.01,58,59623,买盘
2161,09:53:06,10.27,-0.01,103,105781,卖盘
2162,09:53:01,10.28,--,27,27756,买盘
2163,09:52:55,10.28,--,115,118219,买盘
2164,09:52:51,10.28,--,117,120275,买盘
2165,09:52:46,10.28,0.01,60,61679,买盘
2166,09:52:40,10.27,--,30,30810,买盘
2167,09:52:36,10.27,--,56,57512,买盘
2168,09:52:31,10.27,0.01,96,98592,买盘
2169,09:52:25,10.26,-0.01,10,10260,卖盘
2170,09:52:21,10.27,-0.01,14,14378,买盘
2171,09:52:16,10.28,0.01,56,57568,买盘
2172,09:52:10,10.27,--,104,106808,卖盘
2173,09:52:00,10.27,0.01,190,195130,买盘
2174,09:51:55,10.26,-0.01,141,144666,卖盘
2175,09:51:45,10.27,--,240,246480,买盘
2176,09:51:25,10.27,--,23,23621,买盘
2177,09:51:15,10.27,--,98,100646,买盘
2178,09:51:10,10.27,0.01,110,112970,买盘
2179,09:51:05,10.26,-0.01,3,3078,卖盘
2180,09:51:00,10.27,0.01,90,92430,买盘
2181,09:50:55,10.26,-0.01,33,33858,卖盘
2182,09:50:45,10.27,--,53,54431,买盘
2183,09:50:40,10.27,--,65,66755,买盘
2184,09:50:30,10.27,--,21,21567,买盘
2185,09:50:25,10.27,--,47,48269,买盘
2186,09:50:15,10.27,--,1,1027,买盘
2187,09:50:10,10.27,0.01,11,11297,买盘
2188,09:50:05,10.26,-0.01,29,29754,卖盘
2189,09:50:00,10.27,-0.01,25,25675,买盘
2190,09:49:54,10.28,--,193,198404,买盘
2191,09:49:45,10.28,0.01,493,506803,买盘
2192,09:49:40,10.27,--,202,207454,买盘
2193,09:49:35,10.27,--,56,57512,买盘
2194,09:49:30,10.27,-0.01,25,25675,卖盘
2195,09:49:25,10.28,--,50,51400,买盘
2196,09:49:15,10.28,0.02,103,105884,买盘
2197,09:49:10,10.26,--,52,53352,卖盘
2198,09:49:05,10.26,-0.01,1,1026,卖盘
2199,09:49:00,10.27,--,70,71890,买盘
2200,09:48:55,10.27,-0.01,7,7189,买盘
2201,09:48:45,10.28,0.01,85,87380,买盘
2202,09:48:40,10.27,--,255,261885,卖盘
2203,09:48:35,10.27,-0.01,25,25675,卖盘
2204,09:48:30,10.28,0.01,138,141864,买盘
2205,09:48:25,10.27,--,40,41080,卖盘
2206,09:48:19,10.27,--,2,2054,卖盘
2207,09:48:15,10.27,--,80,82160,卖盘
2208,09:48:10,10.27,-0.01,145,148915,买盘
2209,09:48:00,10.28,0.01,475,488299,买盘
2210,09:47:55,10.27,0.01,14,14378,买盘
2211,09:47:49,10.26,--,698,716148,卖盘
2212,09:47:45,10.26,--,42,43092,卖盘
2213,09:47:40,10.26,--,17,17442,卖盘
2214,09:47:34,10.26,--,5,5130,卖盘
2215,09:47:29,10.26,--,15,15390,卖盘
2216,09:47:25,10.26,-0.01,23,23598,卖盘
2217,09:47:19,10.27,0.01,41,42107,买盘
2218,09:47:10,10.26,-0.01,223,228798,中性盘
2219,09:47:00,10.27,0.01,300,308100,买盘
2220,09:46:49,10.26,--,67,68742,买盘
2221,09:46:45,10.26,-0.01,166,170316,卖盘
2222,09:46:40,10.27,--,9,9243,买盘
2223,09:46:34,10.27,0.01,322,330694,买盘
2224,09:46:29,10.26,--,99,101574,卖盘
2225,09:46:19,10.26,--,18,18468,卖盘
2226,09:46:15,10.26,--,124,127224,买盘
2227,09:46:00,10.26,--,50,51300,买盘
2228,09:45:55,10.26,--,50,51300,买盘
2229,09:45:45,10.26,0.02,50,51300,买盘
2230,09:45:30,10.24,-0.02,41,41984,卖盘
2231,09:45:25,10.26,0.01,65,66833,买盘
2232,09:45:15,10.25,--,10,10250,买盘
2233,09:45:09,10.25,--,13,13325,买盘
2234,09:45:04,10.25,0.01,20,20500,买盘
2235,09:45:00,10.24,-0.01,35,35840,卖盘
2236,09:44:54,10.25,--,58,59450,买盘
2237,09:44:45,10.25,--,16,16400,买盘
2238,09:44:39,10.25,--,137,140425,买盘
2239,09:44:34,10.25,--,0,0,买盘
2240,09:44:30,10.25,--,2,2050,买盘
2241,09:44:24,10.25,-0.01,304,312481,卖盘
2242,09:44:19,10.26,0.01,449,460817,买盘
2243,09:44:09,10.25,-0.01,24,24600,卖盘
2244,09:44:04,10.26,0.01,58,59508,买盘
2245,09:43:59,10.25,0.01,43,44977,中性盘
2246,09:43:54,10.24,--,570,583680,卖盘
2247,09:43:49,10.24,-0.02,8,8806,卖盘
2248,09:43:39,10.26,0.01,637,654444,买盘
2249,09:43:34,10.25,--,1,1230,卖盘
2250,09:43:29,10.25,0.01,53,55288,买盘
2251,09:43:24,10.24,-0.01,43,44032,卖盘
2252,09:43:19,10.25,0.01,30,30750,买盘
2253,09:43:09,10.24,--,76,77824,卖盘
2254,09:43:04,10.24,--,2,2048,卖盘
2255,09:42:54,10.24,--,141,144384,卖盘
2256,09:42:49,10.24,-0.01,32,32768,卖盘
2257,09:42:44,10.25,0.01,500,512500,买盘
2258,09:42:39,10.24,0.01,5,5120,买盘
2259,09:42:34,10.23,-0.01,231,236313,卖盘
2260,09:42:29,10.24,0.01,234,239616,买盘
2261,09:42:09,10.23,--,248,253704,买盘
2262,09:42:04,10.23,0.01,20,20460,买盘
2263,09:41:54,10.22,-0.01,54,55188,卖盘
2264,09:41:49,10.23,0.01,12,12276,买盘
2265,09:41:44,10.22,--,48,49056,卖盘
2266,09:41:39,10.22,--,11,11242,卖盘
2267,09:41:34,10.22,--,41,41902,卖盘
2268,09:41:29,10.22,--,103,105266,买盘
2269,09:41:23,10.22,--,35,35770,买盘
2270,09:41:09,10.22,--,373,381206,卖盘
2271,09:41:04,10.22,-0.01,31,31682,卖盘
2272,09:40:59,10.23,--,10,10230,买盘
2273,09:40:54,10.23,--,151,154473,买盘
2274,09:40:49,10.23,--,82,83886,买盘
2275,09:40:44,10.23,--,13,13299,买盘
2276,09:40:39,10.23,-0.01,495,506385,卖盘
2277,09:40:34,10.24,0.01,32,32768,买盘
2278,09:40:28,10.23,-0.01,49,50127,卖盘
2279,09:40:24,10.24,0.01,145,148480,买盘
2280,09:40:19,10.23,-0.01,16,16368,卖盘
2281,09:40:13,10.24,0.01,2,2048,买盘
2282,09:40:09,10.23,-0.01,126,128898,卖盘
2283,09:40:04,10.24,--,228,233472,买盘
2284,09:39:39,10.24,-0.01,678,694272,卖盘
2285,09:39:34,10.25,--,323,331075,买盘
2286,09:39:28,10.25,0.01,5,5125,买盘
2287,09:39:24,10.24,--,254,260096,卖盘
2288,09:39:13,10.24,--,4,4096,卖盘
2289,09:39:08,10.24,--,30,30720,卖盘
2290,09:39:04,10.24,0.02,139,142336,买盘
2291,09:38:58,10.22,-0.01,839,857458,卖盘
2292,09:38:53,10.23,0.01,272,278256,买盘
2293,09:38:43,10.22,--,3,3066,卖盘
2294,09:38:38,10.22,--,191,195202,卖盘
2295,09:38:34,10.22,-0.01,19,19418,买盘
2296,09:38:28,10.23,--,0,0,买盘
2297,09:38:23,10.23,0.01,30,30690,买盘
2298,09:38:18,10.22,-0.01,18,18396,卖盘
2299,09:38:13,10.23,0.01,13,13299,买盘
2300,09:38:08,10.22,--,32,33102,买盘
2301,09:38:03,10.22,0.01,272,277984,买盘
2302,09:37:53,10.21,-0.01,24,24504,卖盘
2303,09:37:48,10.22,--,11,11242,买盘
2304,09:37:38,10.22,--,26,26572,买盘
2305,09:37:33,10.22,--,0,0,买盘
2306,09:37:23,10.22,0.02,16,16352,买盘
2307,09:37:18,10.2,-0.02,41,41820,卖盘
2308,09:37:08,10.22,--,6,6132,买盘
2309,09:37:03,10.22,0.02,331,338282,买盘
2310,09:36:58,10.2,--,202,206040,买盘
2311,09:36:53,10.2,-0.03,4153,4236060,卖盘
2312,09:36:47,10.23,-0.02,15,15345,卖盘
2313,09:36:43,10.25,0.02,100,102500,买盘
2314,09:36:38,10.23,--,19,19437,卖盘
2315,09:36:33,10.23,-0.02,454,464851,卖盘
2316,09:36:28,10.25,0.01,100,102500,买盘
2317,09:36:18,10.24,--,46,47104,卖盘
2318,09:36:13,10.24,-0.01,536,549488,卖盘
2319,09:36:08,10.25,--,75,77695,卖盘
2320,09:36:03,10.25,--,212,217915,卖盘
2321,09:35:58,10.25,--,110,112750,卖盘
2322,09:35:53,10.25,--,64,65600,卖盘
2323,09:35:48,10.25,-0.01,236,241900,卖盘
2324,09:35:43,10.26,--,15,15390,买盘
2325,09:35:38,10.26,0.01,3,3078,买盘
2326,09:35:32,10.25,--,88,90200,卖盘
2327,09:35:28,10.25,-0.01,102,104550,卖盘
2328,09:35:23,10.26,--,120,124135,买盘
2329,09:35:18,10.26,--,176,180576,买盘
2330,09:35:12,10.26,--,344,353354,买盘
2331,09:35:08,10.26,--,73,74898,买盘
2332,09:35:03,10.26,0.01,11,11491,买盘
2333,09:34:58,10.25,-0.01,41,42025,卖盘
2334,09:34:53,10.26,--,134,137484,买盘
2335,09:34:48,10.26,--,49,50274,买盘
2336,09:34:43,10.26,--,49,50284,卖盘
2337,09:34:38,10.26,--,100,102600,卖盘
2338,09:34:33,10.26,--,60,61560,卖盘
2339,09:34:28,10.26,-0.01,415,425790,卖盘
2340,09:34:23,10.27,0.01,100,102700,买盘
2341,09:34:18,10.26,--,94,96957,卖盘
2342,09:34:13,10.26,-0.01,50,51300,卖盘
2343,09:34:08,10.27,0.01,77,79079,买盘
2344,09:34:03,10.26,-0.01,25,25650,卖盘
2345,09:33:58,10.27,0.01,56,57512,买盘
2346,09:33:53,10.26,0.01,32,33334,买盘
2347,09:33:48,10.25,-0.01,133,136325,卖盘
2348,09:33:33,10.26,-0.01,875,897955,卖盘
2349,09:33:28,10.27,0.01,50,51350,买盘
2350,09:33:23,10.26,-0.01,12,12312,卖盘
2351,09:33:17,10.27,--,146,149942,买盘
2352,09:33:13,10.27,--,19,19513,买盘
2353,09:33:08,10.27,--,187,192049,卖盘
2354,09:33:03,10.27,--,250,256750,卖盘
2355,09:32:58,10.27,--,10,10270,卖盘
2356,09:32:47,10.27,--,64,65728,买盘
2357,09:32:43,10.27,-0.01,68,69836,卖盘
2358,09:32:37,10.28,0.01,28,28784,买盘
2359,09:32:33,10.27,--,11,11297,卖盘
2360,09:32:27,10.27,-0.01,115,118105,中性盘
2361,09:32:22,10.28,--,168,172704,买盘
2362,09:32:18,10.28,0.01,705,724740,买盘
2363,09:32:13,10.27,-0.01,63,64701,卖盘
2364,09:32:07,10.28,0.01,115,118219,买盘
2365,09:32:02,10.27,-0.01,68,69836,卖盘
2366,09:31:58,10.28,0.01,40,41120,买盘
2367,09:31:51,10.27,-0.01,2,2054,中性盘
2368,09:31:48,10.28,-0.01,1,1028,中性盘
2369,09:31:42,10.29,0.01,801,824228,买盘
2370,09:31:37,10.28,-0.01,532,547214,卖盘
2371,09:31:32,10.29,0.01,39,40841,买盘
2372,09:31:27,10.28,0.02,559,574652,买盘
2373,09:31:21,10.26,-0.02,18,19288,中性盘
2374,09:31:17,10.28,0.03,265,273242,买盘
2375,09:31:12,10.25,--,42,43050,卖盘
2376,09:31:07,10.25,--,0,0,卖盘
2377,09:31:02,10.25,-0.01,1098,1125450,卖盘
2378,09:30:57,10.26,-0.02,80,82080,卖盘
2379,09:30:52,10.28,--,5,5140,买盘
2380,09:30:47,10.28,0.02,378,389406,买盘
2381,09:30:42,10.26,--,640,656640,买盘
2382,09:30:37,10.26,--,14,14364,买盘
2383,09:30:32,10.26,0.01,18,18468,买盘
2384,09:30:27,10.25,--,48,49200,卖盘
2385,09:30:17,10.25,-0.01,129,132225,卖盘
2386,09:30:12,10.26,0.01,91,93366,买盘
2387,09:30:07,10.25,-0.01,266,272650,卖盘
2388,09:30:02,10.26,0.01,856,878256,买盘
2389,09:28:52,10.25,--,0,0,买盘
2390,09:25:05,10.25,10.25,1818,1863450,买盘
