,time,price,change,volume,amount,type
0,15:00:00,10.55,--,0,0,买盘
1,15:00:00,10.55,0.01,11,11605,买盘
2,14:59:58,10.54,--,95,100129,卖盘
3,14:59:52,10.54,--,172,181287,卖盘
4,14:59:48,10.54,-0.01,31,32673,卖盘
5,14:59:43,10.55,--,146,154030,买盘
6,14:59:37,10.55,0.01,163,171965,买盘
7,14:59:33,10.54,-0.01,678,714612,卖盘
8,14:59:28,10.55,0.01,229,241595,买盘
9,14:59:22,10.54,-0.01,50,52699,卖盘
10,14:59:18,10.55,0.01,43,45365,买盘
11,14:59:12,10.54,-0.01,120,126479,卖盘
12,14:59:07,10.55,--,219,231045,买盘
13,14:59:03,10.55,--,34,35870,买盘
14,14:58:57,10.55,0.01,84,88620,买盘
15,14:58:52,10.54,--,55,57969,卖盘
16,14:58:48,10.54,-0.01,90,94859,卖盘
17,14:58:42,10.55,0.01,30,31650,买盘
18,14:58:37,10.54,--,103,108561,卖盘
19,14:58:33,10.54,--,124,131539,卖盘
20,14:58:27,10.54,--,70,73780,卖盘
21,14:58:22,10.54,-0.01,16,16864,卖盘
22,14:58:17,10.55,0.01,44,46420,买盘
23,14:58:12,10.54,-0.01,85,89590,卖盘
24,14:58:07,10.55,--,76,80180,买盘
25,14:58:02,10.55,0.01,452,476860,买盘
26,14:57:57,10.54,--,23,24241,买盘
27,14:57:47,10.54,0.01,1054,1110916,买盘
28,14:57:42,10.53,--,59,62126,卖盘
29,14:57:32,10.53,-0.01,14,14742,卖盘
30,14:57:27,10.54,--,30,31619,买盘
31,14:57:22,10.54,0.01,41,43214,买盘
32,14:57:17,10.53,-0.01,4,4212,卖盘
33,14:57:12,10.54,0.01,46,48483,买盘
34,14:57:07,10.53,--,10,10530,卖盘
35,14:57:02,10.53,-0.01,59,62126,卖盘
36,14:56:57,10.54,--,59,62185,买盘
37,14:56:47,10.54,--,81,85374,买盘
38,14:56:42,10.54,--,90,94859,买盘
39,14:56:32,10.54,--,8,8432,买盘
40,14:56:27,10.54,--,214,225555,买盘
41,14:56:22,10.54,0.01,143,150722,买盘
42,14:56:17,10.53,--,5,5265,卖盘
43,14:56:12,10.53,-0.01,15,15794,卖盘
44,14:56:07,10.54,--,8,8432,买盘
45,14:55:57,10.54,0.01,15,15809,买盘
46,14:55:52,10.53,-0.01,2,2106,卖盘
47,14:55:47,10.54,0.01,81,85374,买盘
48,14:55:42,10.53,-0.01,29,30536,卖盘
49,14:55:32,10.54,--,64,67456,买盘
50,14:55:27,10.54,--,43,45321,买盘
51,14:55:22,10.54,0.01,94,99075,买盘
52,14:55:17,10.53,-0.01,26,27378,卖盘
53,14:55:12,10.54,0.01,86,90643,买盘
54,14:55:07,10.53,-0.01,2,2106,卖盘
55,14:55:02,10.54,--,226,238203,买盘
56,14:54:57,10.54,--,36,37944,买盘
57,14:54:47,10.54,--,33,34782,买盘
58,14:54:42,10.54,--,43,45321,买盘
59,14:54:37,10.54,--,255,268770,买盘
60,14:54:32,10.54,--,38,40052,买盘
61,14:54:27,10.54,--,61,64293,买盘
62,14:54:22,10.54,--,5,5270,买盘
63,14:54:17,10.54,--,626,659804,卖盘
64,14:54:12,10.54,--,319,336226,卖盘
65,14:54:07,10.54,--,7,7377,卖盘
66,14:54:02,10.54,--,368,387871,卖盘
67,14:53:57,10.54,--,483,509081,买盘
68,14:53:46,10.54,--,244,257175,买盘
69,14:53:42,10.54,0.01,59,62185,买盘
70,14:53:37,10.53,-0.01,44,46332,卖盘
71,14:53:31,10.54,0.01,133,140182,买盘
72,14:53:27,10.53,-0.01,105,110565,卖盘
73,14:53:22,10.54,0.01,3174,3345395,买盘
74,14:53:07,10.53,--,87,91611,买盘
75,14:53:01,10.53,--,51,53703,买盘
76,14:52:56,10.53,--,126,133436,卖盘
77,14:52:52,10.53,--,8,8424,卖盘
78,14:52:41,10.53,0.01,686,722652,买盘
79,14:52:37,10.52,-0.01,32,33664,卖盘
80,14:52:31,10.53,--,100,105300,买盘
81,14:52:26,10.53,0.01,33,34749,买盘
82,14:52:22,10.52,--,18,18936,卖盘
83,14:52:11,10.52,-0.01,156,164112,卖盘
84,14:52:07,10.53,0.01,1,1053,买盘
85,14:52:01,10.52,-0.01,25,26300,卖盘
86,14:51:56,10.53,0.01,129,135837,买盘
87,14:51:52,10.52,--,80,84160,买盘
88,14:51:41,10.52,0.01,33,34716,买盘
89,14:51:37,10.51,-0.01,23,24173,卖盘
90,14:51:26,10.52,0.01,6,6312,买盘
91,14:51:22,10.51,--,101,106151,卖盘
92,14:51:16,10.51,--,23,24173,卖盘
93,14:51:07,10.51,-0.01,2,2102,卖盘
94,14:50:56,10.52,--,6,6312,买盘
95,14:50:51,10.52,--,231,243012,买盘
96,14:50:36,10.52,--,60,63120,买盘
97,14:50:31,10.52,--,38,39976,买盘
98,14:50:26,10.52,--,189,198828,买盘
99,14:50:21,10.52,--,744,782688,买盘
100,14:50:11,10.52,0.01,11,11572,买盘
101,14:50:01,10.51,--,26,27326,卖盘
102,14:49:56,10.51,--,379,399264,买盘
103,14:49:51,10.51,--,29,30479,买盘
104,14:49:46,10.51,--,46,48461,卖盘
105,14:49:41,10.51,--,19,20904,买盘
106,14:49:36,10.51,--,153,161580,卖盘
107,14:49:31,10.51,--,12,12612,卖盘
108,14:49:26,10.51,--,6,6306,卖盘
109,14:49:21,10.51,--,187,196810,买盘
110,14:49:11,10.51,0.01,102,107202,买盘
111,14:49:06,10.5,-0.01,20,21000,卖盘
112,14:48:56,10.51,--,101,106151,买盘
113,14:48:51,10.51,--,18,18918,买盘
114,14:48:41,10.51,0.01,51,53601,买盘
115,14:48:36,10.5,-0.01,3,3150,卖盘
116,14:48:26,10.51,--,109,114559,买盘
117,14:48:21,10.51,--,28,29428,买盘
118,14:48:11,10.51,-0.01,70,73570,卖盘
119,14:48:06,10.52,0.02,62,66076,买盘
120,14:48:01,10.5,--,4,4200,卖盘
121,14:47:51,10.5,-0.01,6,6300,卖盘
122,14:47:41,10.51,--,11,11561,买盘
123,14:47:36,10.51,--,23,24173,买盘
124,14:47:26,10.51,--,29,30678,卖盘
125,14:47:21,10.51,--,31,32581,卖盘
126,14:47:11,10.51,0.01,429,451730,买盘
127,14:47:01,10.5,--,10,10500,卖盘
128,14:46:56,10.5,--,13,13650,卖盘
129,14:46:46,10.5,--,9,9450,卖盘
130,14:46:36,10.5,--,104,109200,卖盘
131,14:46:26,10.5,--,20,21000,卖盘
132,14:46:11,10.5,--,26,27300,卖盘
133,14:46:01,10.5,--,3,3150,卖盘
134,14:45:56,10.5,-0.01,404,424200,卖盘
135,14:45:50,10.51,0.01,33,34683,买盘
136,14:45:36,10.5,--,314,329752,卖盘
137,14:45:25,10.5,--,100,105000,卖盘
138,14:45:20,10.5,0.01,438,459900,买盘
139,14:45:16,10.49,--,133,139517,卖盘
140,14:45:10,10.49,--,21,22029,卖盘
141,14:45:01,10.49,-0.01,66,69234,卖盘
142,14:44:55,10.5,--,10,10500,买盘
143,14:44:50,10.5,--,22,23100,买盘
144,14:44:46,10.5,0.01,39,40950,买盘
145,14:44:40,10.49,--,27,28323,卖盘
146,14:44:35,10.49,-0.01,58,60842,卖盘
147,14:44:30,10.5,0.01,56,58800,买盘
148,14:44:20,10.49,--,20,20980,卖盘
149,14:44:16,10.49,--,263,275887,卖盘
150,14:44:10,10.49,-0.01,2,2098,卖盘
151,14:44:05,10.5,--,160,168000,买盘
152,14:44:01,10.5,0.01,6,6300,买盘
153,14:43:55,10.49,-0.01,25,26225,卖盘
154,14:43:50,10.5,--,2,2100,买盘
155,14:43:40,10.5,0.01,40,42000,买盘
156,14:43:35,10.49,--,2,2098,卖盘
157,14:43:30,10.49,-0.01,100,104900,卖盘
158,14:43:16,10.5,--,22,23100,买盘
159,14:43:05,10.5,--,30,31500,买盘
160,14:43:00,10.5,--,10,10500,买盘
161,14:42:45,10.5,0.01,24,25200,买盘
162,14:42:40,10.49,-0.01,35,36715,卖盘
163,14:42:35,10.5,--,12,12600,买盘
164,14:42:30,10.5,0.01,12,12600,买盘
165,14:42:25,10.49,-0.01,5,5245,卖盘
166,14:42:20,10.5,--,5,5250,买盘
167,14:42:15,10.5,--,97,101850,买盘
168,14:42:00,10.5,--,84,88200,买盘
169,14:41:55,10.5,--,10,10500,买盘
170,14:41:50,10.5,--,8,8400,买盘
171,14:41:45,10.5,--,5,5250,买盘
172,14:41:30,10.5,--,10,10500,买盘
173,14:41:25,10.5,--,44,46200,卖盘
174,14:41:20,10.5,--,77,80850,买盘
175,14:41:15,10.5,--,20,21000,买盘
176,14:41:10,10.5,--,58,60900,买盘
177,14:41:00,10.5,--,209,219450,买盘
178,14:40:50,10.5,--,40,42000,买盘
179,14:40:45,10.5,0.01,23,24150,买盘
180,14:40:40,10.49,--,1,1049,卖盘
181,14:40:35,10.49,-0.01,15,15735,卖盘
182,14:40:30,10.5,0.01,39,40950,买盘
183,14:40:20,10.49,-0.01,100,104900,卖盘
184,14:40:15,10.5,--,6,6300,买盘
185,14:40:10,10.5,--,4,4200,买盘
186,14:39:55,10.5,--,142,149100,卖盘
187,14:39:50,10.5,--,4,4200,卖盘
188,14:39:45,10.5,--,21,22050,卖盘
189,14:39:35,10.5,--,6,6300,买盘
190,14:39:30,10.5,--,33,34650,买盘
191,14:39:20,10.5,--,24,25200,买盘
192,14:39:15,10.5,--,25,26250,买盘
193,14:39:10,10.5,--,380,399000,买盘
194,14:39:05,10.5,0.01,43,45150,买盘
195,14:39:00,10.49,-0.01,12,12588,卖盘
196,14:38:54,10.5,--,26,27300,买盘
197,14:38:45,10.5,0.01,30,31500,买盘
198,14:38:40,10.49,-0.01,1,1049,卖盘
199,14:38:35,10.5,--,37,38850,买盘
200,14:38:20,10.5,-0.01,30,31500,中性盘
201,14:38:14,10.51,0.01,668,702299,买盘
202,14:38:09,10.5,--,1,1050,卖盘
203,14:37:54,10.5,--,5,5250,卖盘
204,14:37:49,10.5,-0.01,75,78750,卖盘
205,14:37:44,10.51,0.01,2,2102,买盘
206,14:37:39,10.5,-0.01,134,140700,卖盘
207,14:37:24,10.51,0.01,3,3153,买盘
208,14:37:19,10.5,--,8,9219,卖盘
209,14:37:09,10.5,-0.01,83,87150,卖盘
210,14:37:04,10.51,0.01,20,21020,买盘
211,14:36:59,10.5,--,3,3150,卖盘
212,14:36:39,10.5,--,39,40950,卖盘
213,14:36:29,10.5,--,30,31500,卖盘
214,14:36:24,10.5,--,20,21000,卖盘
215,14:36:19,10.5,--,26,27300,买盘
216,14:36:14,10.5,--,151,158550,买盘
217,14:36:09,10.5,--,350,367500,卖盘
218,14:36:04,10.5,--,5,5250,卖盘
219,14:35:59,10.5,--,27,28350,卖盘
220,14:35:54,10.5,--,50,52500,卖盘
221,14:35:44,10.5,--,2,2100,卖盘
222,14:35:39,10.5,--,57,59850,卖盘
223,14:35:34,10.5,--,10,10500,卖盘
224,14:35:29,10.5,--,51,53550,卖盘
225,14:35:24,10.5,--,9,9450,卖盘
226,14:35:14,10.5,--,18,18900,卖盘
227,14:35:09,10.5,--,157,164850,买盘
228,14:34:59,10.5,0.01,50,52500,买盘
229,14:34:44,10.49,-0.01,1,1049,卖盘
230,14:34:39,10.5,-0.01,672,705600,卖盘
231,14:34:29,10.51,0.01,25,26275,买盘
232,14:34:19,10.5,-0.01,28,29400,卖盘
233,14:33:54,10.51,-0.01,192,201792,卖盘
234,14:33:44,10.52,--,10,10520,买盘
235,14:33:39,10.52,0.01,50,52600,买盘
236,14:33:29,10.51,-0.01,100,105100,卖盘
237,14:33:19,10.52,0.01,100,105200,买盘
238,14:33:14,10.51,-0.01,8,8408,卖盘
239,14:33:09,10.52,0.01,9,9468,买盘
240,14:32:44,10.51,-0.01,109,114559,卖盘
241,14:32:39,10.52,--,10,10520,买盘
242,14:32:29,10.52,--,5,5260,买盘
243,14:32:24,10.52,--,33,34716,买盘
244,14:32:14,10.52,--,47,49696,卖盘
245,14:32:09,10.52,--,11,11572,卖盘
246,14:31:59,10.52,--,20,21040,卖盘
247,14:31:53,10.52,--,25,26300,卖盘
248,14:31:48,10.52,--,3,3156,卖盘
249,14:31:39,10.52,--,13,13676,卖盘
250,14:31:33,10.52,--,10,10520,卖盘
251,14:31:29,10.52,--,66,69432,卖盘
252,14:31:18,10.52,--,62,66023,买盘
253,14:31:13,10.52,--,301,316652,买盘
254,14:31:08,10.52,0.01,3,3156,买盘
255,14:30:58,10.51,--,20,21020,卖盘
256,14:30:48,10.51,-0.01,15,15765,卖盘
257,14:30:38,10.52,0.01,34,35768,买盘
258,14:30:23,10.51,--,40,42040,卖盘
259,14:30:18,10.51,-0.01,10,10510,卖盘
260,14:30:08,10.52,--,320,336640,买盘
261,14:29:48,10.52,-0.01,53,55756,卖盘
262,14:29:43,10.53,0.01,33,34749,买盘
263,14:29:38,10.52,0.01,42,44184,买盘
264,14:29:33,10.51,-0.01,11,11561,卖盘
265,14:29:28,10.52,--,4,4208,买盘
266,14:29:23,10.52,--,36,37872,卖盘
267,14:29:13,10.52,0.01,81,85212,买盘
268,14:29:08,10.51,-0.01,396,416196,卖盘
269,14:29:03,10.52,--,6,6312,买盘
270,14:28:58,10.52,--,2,2104,买盘
271,14:28:48,10.52,--,22,23144,买盘
272,14:28:38,10.52,-0.01,282,296664,卖盘
273,14:28:32,10.53,0.01,20,21060,买盘
274,14:28:28,10.52,--,25,26300,卖盘
275,14:28:23,10.52,--,3,3156,卖盘
276,14:28:17,10.52,--,248,260896,卖盘
277,14:28:08,10.52,-0.01,101,106252,卖盘
278,14:27:53,10.53,--,100,105300,买盘
279,14:27:47,10.53,--,50,52650,买盘
280,14:27:38,10.53,--,39,41067,买盘
281,14:27:32,10.53,--,11,11583,买盘
282,14:27:28,10.53,0.01,41,43173,买盘
283,14:27:23,10.52,-0.01,30,31560,卖盘
284,14:27:13,10.53,0.01,2,2106,买盘
285,14:27:08,10.52,--,12,12624,卖盘
286,14:27:02,10.52,--,17,17884,卖盘
287,14:26:53,10.52,--,205,215660,买盘
288,14:26:47,10.52,--,518,544936,买盘
289,14:26:43,10.52,--,1,1052,买盘
290,14:26:38,10.52,--,52,54704,买盘
291,14:26:28,10.52,--,50,52600,买盘
292,14:26:23,10.52,0.01,80,84160,买盘
293,14:26:17,10.51,--,1,1051,卖盘
294,14:26:13,10.51,--,488,512888,买盘
295,14:26:08,10.51,--,31,32581,买盘
296,14:26:02,10.51,--,61,64111,买盘
297,14:25:57,10.51,0.01,55,57805,买盘
298,14:25:38,10.5,--,1,1050,卖盘
299,14:25:17,10.5,--,218,228900,买盘
300,14:25:12,10.5,0.01,545,572250,买盘
301,14:25:08,10.49,-0.01,166,174134,卖盘
302,14:25:02,10.5,--,35,36750,买盘
303,14:24:53,10.5,--,100,105000,买盘
304,14:24:47,10.5,0.01,43,45150,买盘
305,14:24:38,10.49,-0.01,51,53499,卖盘
306,14:24:32,10.5,0.01,201,211050,买盘
307,14:24:27,10.49,-0.01,50,52450,卖盘
308,14:24:22,10.5,0.01,30,31500,买盘
309,14:24:12,10.49,--,218,228682,卖盘
310,14:24:07,10.49,-0.01,67,70283,卖盘
311,14:24:02,10.5,--,43,45150,买盘
312,14:23:57,10.5,--,38,39900,买盘
313,14:23:52,10.5,--,10,10500,买盘
314,14:23:47,10.5,0.01,2,2100,买盘
315,14:23:42,10.49,-0.01,1,1049,卖盘
316,14:23:27,10.5,--,42,44100,买盘
317,14:23:22,10.5,0.01,3,3150,买盘
318,14:23:17,10.49,--,10,10490,卖盘
319,14:23:12,10.49,--,1,1049,卖盘
320,14:23:07,10.49,--,43,45107,卖盘
321,14:22:57,10.49,-0.01,11,11539,卖盘
322,14:22:42,10.5,0.01,32,33600,买盘
323,14:22:32,10.49,-0.01,5,5245,卖盘
324,14:22:17,10.5,0.01,10,10500,买盘
325,14:22:12,10.49,--,1,1049,卖盘
326,14:22:02,10.49,-0.01,6,6294,卖盘
327,14:21:47,10.5,--,169,177450,买盘
328,14:21:42,10.5,--,2,2100,买盘
329,14:21:26,10.5,--,101,106050,买盘
330,14:21:17,10.5,0.01,5,5250,买盘
331,14:21:11,10.49,--,3,3147,卖盘
332,14:21:02,10.49,-0.01,32,33568,卖盘
333,14:20:56,10.5,0.01,105,110250,买盘
334,14:20:52,10.49,--,2,2098,卖盘
335,14:20:47,10.49,--,2,2098,卖盘
336,14:20:41,10.49,-0.01,1,1049,卖盘
337,14:20:37,10.5,0.01,7,7350,买盘
338,14:20:22,10.49,--,9,9441,卖盘
339,14:20:17,10.49,--,10,10490,卖盘
340,14:20:11,10.49,--,4,4196,卖盘
341,14:20:02,10.49,--,5,5245,卖盘
342,14:19:41,10.49,--,16,16784,卖盘
343,14:19:37,10.49,--,7,7343,卖盘
344,14:19:31,10.49,-0.01,68,71332,卖盘
345,14:19:26,10.5,0.01,10,10500,买盘
346,14:19:11,10.49,--,18,18882,卖盘
347,14:18:56,10.49,--,8,8392,卖盘
348,14:18:51,10.49,--,25,26225,卖盘
349,14:18:46,10.49,--,9,9441,卖盘
350,14:18:41,10.49,-0.01,21,22029,卖盘
351,14:18:31,10.5,0.01,30,31500,买盘
352,14:18:21,10.49,--,2,2098,卖盘
353,14:18:11,10.49,-0.01,1,1049,卖盘
354,14:18:06,10.5,0.01,33,34650,买盘
355,14:18:01,10.49,--,41,43009,卖盘
356,14:17:56,10.49,-0.01,5,5245,卖盘
357,14:17:46,10.5,0.01,23,24150,买盘
358,14:17:41,10.49,--,2,2098,卖盘
359,14:17:11,10.49,-0.01,1,1049,卖盘
360,14:17:01,10.5,0.01,33,34650,买盘
361,14:16:56,10.49,--,23,24127,卖盘
362,14:16:41,10.49,-0.01,1,1049,卖盘
363,14:16:26,10.5,0.01,2,2100,买盘
364,14:16:16,10.49,--,1,1049,卖盘
365,14:16:11,10.49,--,1,1049,卖盘
366,14:16:06,10.49,-0.01,3,3147,卖盘
367,14:15:56,10.5,0.01,83,87150,买盘
368,14:15:41,10.49,-0.01,41,43009,卖盘
369,14:15:36,10.5,--,3,3150,买盘
370,14:15:31,10.5,0.01,351,368550,买盘
371,14:15:26,10.49,--,100,104900,卖盘
372,14:15:11,10.49,-0.01,1,1049,卖盘
373,14:14:51,10.5,0.01,1,1050,买盘
374,14:14:46,10.49,--,53,55597,卖盘
375,14:14:41,10.49,--,19,19931,卖盘
376,14:14:26,10.49,--,10,10490,卖盘
377,14:14:11,10.49,--,1,1049,卖盘
378,14:14:01,10.49,--,60,62940,卖盘
379,14:13:41,10.49,--,2,2098,卖盘
380,14:13:20,10.49,--,5,5245,卖盘
381,14:13:16,10.49,--,8,8392,卖盘
382,14:13:10,10.49,-0.01,1,1049,卖盘
383,14:12:56,10.5,--,33,34650,买盘
384,14:12:46,10.5,0.01,111,116550,买盘
385,14:12:40,10.49,--,1,1049,卖盘
386,14:12:35,10.49,-0.01,1,1049,卖盘
387,14:12:26,10.5,0.01,40,42000,买盘
388,14:12:11,10.49,--,1,1049,卖盘
389,14:11:56,10.49,--,50,52450,卖盘
390,14:11:40,10.49,-0.01,1,1049,卖盘
391,14:11:35,10.5,--,452,474600,买盘
392,14:11:30,10.5,--,7,7350,买盘
393,14:11:25,10.5,--,239,250950,买盘
394,14:11:20,10.5,0.01,6,6300,买盘
395,14:11:10,10.49,-0.01,1,1049,卖盘
396,14:11:05,10.5,0.01,80,84000,买盘
397,14:11:00,10.49,-0.01,7,7343,卖盘
398,14:10:55,10.5,0.01,20,21000,买盘
399,14:10:40,10.49,-0.01,1,1049,卖盘
400,14:10:35,10.5,0.01,13,13650,买盘
401,14:10:30,10.49,--,3,3147,卖盘
402,14:10:20,10.49,--,20,20980,卖盘
403,14:10:10,10.49,--,269,282181,买盘
404,14:09:55,10.49,--,14,14686,买盘
405,14:09:50,10.49,--,237,248613,买盘
406,14:09:40,10.49,0.01,10,10490,买盘
407,14:09:35,10.48,-0.01,4,4192,卖盘
408,14:09:25,10.49,0.01,5,5245,买盘
409,14:09:15,10.48,--,2,2096,卖盘
410,14:08:55,10.48,--,7,7336,卖盘
411,14:08:50,10.48,--,60,62880,卖盘
412,14:08:45,10.48,-0.01,10,10480,卖盘
413,14:08:40,10.49,0.01,20,20980,买盘
414,14:08:35,10.48,--,2,2096,卖盘
415,14:08:30,10.48,--,100,104800,卖盘
416,14:08:05,10.48,--,123,128904,卖盘
417,14:08:00,10.48,--,60,62880,卖盘
418,14:07:55,10.48,-0.01,16,16768,卖盘
419,14:07:45,10.49,--,15,15735,买盘
420,14:07:40,10.49,0.01,55,57695,买盘
421,14:07:35,10.48,--,29,30392,卖盘
422,14:07:30,10.48,-0.01,100,104800,卖盘
423,14:07:20,10.49,--,84,88116,买盘
424,14:07:15,10.49,--,9,9441,买盘
425,14:07:10,10.49,0.01,114,119586,买盘
426,14:07:04,10.48,-0.01,16,16768,卖盘
427,14:07:00,10.49,--,32,33568,买盘
428,14:06:55,10.49,--,27,29246,卖盘
429,14:06:50,10.49,--,23,24252,买盘
430,14:06:40,10.49,--,54,57569,卖盘
431,14:06:35,10.49,0.01,206,216219,买盘
432,14:06:25,10.48,--,5,5240,卖盘
433,14:06:05,10.48,--,2,2096,卖盘
434,14:05:59,10.48,-0.01,2,3018,卖盘
435,14:05:54,10.49,--,2,2223,买盘
436,14:05:49,10.49,--,236,247564,买盘
437,14:05:44,10.49,--,1,1049,买盘
438,14:05:29,10.49,--,5,5245,买盘
439,14:05:19,10.49,--,40,42883,卖盘
440,14:05:14,10.49,--,52,54548,卖盘
441,14:05:09,10.49,--,1,1049,卖盘
442,14:05:04,10.49,--,16,16784,卖盘
443,14:04:49,10.49,--,49,51401,卖盘
444,14:04:44,10.49,--,259,271691,卖盘
445,14:04:39,10.49,--,2,2098,卖盘
446,14:04:29,10.49,--,20,20980,卖盘
447,14:04:19,10.49,--,20,20980,卖盘
448,14:04:14,10.49,--,30,31470,卖盘
449,14:04:09,10.49,--,1,1049,卖盘
450,14:04:04,10.49,--,2,2098,卖盘
451,14:03:49,10.49,--,10,10490,卖盘
452,14:03:39,10.49,--,1,1049,卖盘
453,14:03:34,10.49,--,20,20980,卖盘
454,14:03:09,10.49,--,1,1049,卖盘
455,14:03:04,10.49,-0.01,17,17833,卖盘
456,14:02:59,10.5,--,40,42000,买盘
457,14:02:44,10.5,0.01,30,31500,买盘
458,14:02:39,10.49,-0.01,1,1049,卖盘
459,14:02:29,10.5,0.01,4,4200,买盘
460,14:02:24,10.49,--,10,10490,卖盘
461,14:02:14,10.49,--,7,7343,卖盘
462,14:02:09,10.49,--,1,1049,卖盘
463,14:02:04,10.49,--,11,11539,卖盘
464,14:01:59,10.49,--,20,20980,卖盘
465,14:01:49,10.49,--,3,3147,卖盘
466,14:01:39,10.49,--,1,1049,卖盘
467,14:01:34,10.49,--,21,22029,卖盘
468,14:01:24,10.49,--,7,7343,卖盘
469,14:01:14,10.49,--,5,5245,卖盘
470,14:01:09,10.49,-0.01,103,108047,卖盘
471,14:01:04,10.5,0.01,54,56700,买盘
472,14:00:59,10.49,--,81,84969,卖盘
473,14:00:54,10.49,--,2,2098,卖盘
474,14:00:44,10.49,--,15,15735,卖盘
475,14:00:39,10.49,--,4,4196,卖盘
476,14:00:34,10.49,--,77,80773,卖盘
477,14:00:28,10.49,-0.01,40,41960,卖盘
478,14:00:13,10.5,--,10,10500,买盘
479,14:00:04,10.5,0.01,6,6300,买盘
480,13:59:58,10.49,-0.01,289,303161,卖盘
481,13:59:54,10.5,--,28,29400,买盘
482,13:59:43,10.5,0.01,107,112350,买盘
483,13:59:39,10.49,--,2,2098,卖盘
484,13:59:28,10.49,-0.01,28,29372,卖盘
485,13:59:24,10.5,0.01,20,21000,买盘
486,13:59:18,10.49,--,57,59793,卖盘
487,13:59:13,10.49,-0.01,26,27274,卖盘
488,13:59:09,10.5,0.01,3,3150,买盘
489,13:58:54,10.49,-0.01,10,10490,卖盘
490,13:58:48,10.5,0.01,33,34650,买盘
491,13:58:43,10.49,--,77,80773,卖盘
492,13:58:38,10.49,--,14,14686,卖盘
493,13:58:33,10.49,--,10,10490,卖盘
494,13:58:23,10.49,--,9,9441,卖盘
495,13:58:08,10.49,--,60,62940,卖盘
496,13:57:58,10.49,--,23,24127,卖盘
497,13:57:43,10.49,--,70,73555,买盘
498,13:57:28,10.49,--,32,34491,卖盘
499,13:57:08,10.49,--,1,1049,卖盘
500,13:56:53,10.49,--,10,10490,卖盘
501,13:56:43,10.49,--,5,5245,卖盘
502,13:56:38,10.49,--,15,15735,卖盘
503,13:56:28,10.49,--,2,2098,卖盘
504,13:56:23,10.49,--,10,10490,卖盘
505,13:56:18,10.49,-0.01,82,86018,卖盘
506,13:56:13,10.5,0.01,29,30450,买盘
507,13:56:08,10.49,--,16,16784,卖盘
508,13:55:58,10.49,--,253,265522,卖盘
509,13:55:47,10.49,--,30,31470,卖盘
510,13:55:43,10.49,--,1,1049,卖盘
511,13:55:38,10.49,--,2,2098,卖盘
512,13:55:32,10.49,--,5,5245,卖盘
513,13:55:28,10.49,-0.01,38,39862,卖盘
514,13:55:23,10.5,0.01,50,52500,买盘
515,13:55:13,10.49,-0.01,30,31470,卖盘
516,13:55:08,10.5,--,10,10500,买盘
517,13:54:53,10.5,--,272,285600,卖盘
518,13:54:43,10.5,--,24,25200,卖盘
519,13:54:38,10.5,--,5,5250,卖盘
520,13:54:28,10.5,--,123,129150,卖盘
521,13:54:23,10.5,--,10,10500,卖盘
522,13:54:17,10.5,-0.01,30,31500,卖盘
523,13:54:13,10.51,0.01,82,86182,买盘
524,13:54:07,10.5,--,11,11550,卖盘
525,13:54:03,10.5,--,10,10500,卖盘
526,13:53:58,10.5,-0.01,8,8400,卖盘
527,13:53:53,10.51,0.01,13,13663,买盘
528,13:53:47,10.5,--,10,10500,卖盘
529,13:53:43,10.5,--,10,10500,卖盘
530,13:53:38,10.5,--,6,6300,卖盘
531,13:53:33,10.5,--,16,16800,卖盘
532,13:53:23,10.5,-0.01,12,12600,卖盘
533,13:53:18,10.51,--,15,15765,买盘
534,13:53:12,10.51,0.01,22,23122,买盘
535,13:53:07,10.5,-0.01,56,58800,卖盘
536,13:53:03,10.51,0.01,29,30479,买盘
537,13:52:56,10.5,--,18,18900,卖盘
538,13:52:48,10.5,--,13,13650,卖盘
539,13:52:41,10.5,--,2,2100,卖盘
540,13:52:37,10.5,--,3,3150,卖盘
541,13:52:33,10.5,--,90,94500,卖盘
542,13:52:11,10.5,-0.01,25,26250,卖盘
543,13:51:47,10.51,--,8,8408,买盘
544,13:51:37,10.51,--,143,151249,卖盘
545,13:51:33,10.51,--,530,557030,卖盘
546,13:51:22,10.51,--,50,52550,卖盘
547,13:51:07,10.51,--,9,9459,卖盘
548,13:51:02,10.51,--,110,115610,卖盘
549,13:50:56,10.51,-0.01,6,6306,卖盘
550,13:50:52,10.52,0.01,31,32612,买盘
551,13:50:47,10.51,--,36,37836,卖盘
552,13:50:37,10.51,-0.01,2,2102,卖盘
553,13:50:27,10.52,0.01,18,18936,买盘
554,13:50:17,10.51,--,2,2102,卖盘
555,13:50:11,10.51,--,10,10510,卖盘
556,13:50:07,10.51,--,1,1051,卖盘
557,13:50:02,10.51,--,10,10510,卖盘
558,13:49:37,10.51,-0.01,71,74621,卖盘
559,13:49:26,10.52,--,50,52600,买盘
560,13:49:11,10.52,0.01,2,2104,买盘
561,13:49:07,10.51,--,51,53601,卖盘
562,13:48:56,10.51,-0.01,50,52550,卖盘
563,13:48:47,10.52,--,20,21040,买盘
564,13:48:41,10.52,0.01,3,3156,买盘
565,13:48:37,10.51,-0.01,3,3153,卖盘
566,13:48:22,10.52,--,10,10520,买盘
567,13:48:07,10.52,--,37,38924,买盘
568,13:48:02,10.52,--,39,41028,买盘
569,13:47:52,10.52,--,58,61016,卖盘
570,13:47:47,10.52,--,655,689060,卖盘
571,13:47:37,10.52,--,61,64172,卖盘
572,13:47:32,10.52,-0.01,67,70484,卖盘
573,13:47:26,10.53,0.01,13,13689,买盘
574,13:47:22,10.52,--,2,2104,买盘
575,13:47:17,10.52,--,3,3156,卖盘
576,13:47:11,10.52,-0.01,1,1052,卖盘
577,13:47:07,10.53,--,0,0,买盘
578,13:47:01,10.53,0.01,85,89505,买盘
579,13:46:56,10.52,--,50,52600,买盘
580,13:46:52,10.52,--,203,213556,买盘
581,13:46:37,10.52,--,3,3156,买盘
582,13:46:26,10.52,--,7,7364,买盘
583,13:46:22,10.52,0.01,5,5260,买盘
584,13:46:17,10.51,-0.01,45,47295,卖盘
585,13:46:11,10.52,0.01,275,289300,买盘
586,13:46:05,10.51,-0.01,100,105100,卖盘
587,13:46:02,10.52,0.01,523,550196,买盘
588,13:45:56,10.51,--,60,63060,卖盘
589,13:45:46,10.51,--,22,23122,卖盘
590,13:45:41,10.51,--,1,1051,卖盘
591,13:45:31,10.51,--,1,1051,卖盘
592,13:45:26,10.51,--,20,21114,买盘
593,13:45:16,10.51,--,110,115610,买盘
594,13:45:11,10.51,--,15,15765,买盘
595,13:45:05,10.51,--,95,100801,卖盘
596,13:45:01,10.51,-0.01,10,10510,卖盘
597,13:44:56,10.52,0.01,81,85212,买盘
598,13:44:50,10.51,-0.01,13,13663,卖盘
599,13:44:46,10.52,--,49,51548,买盘
600,13:44:41,10.52,0.01,30,31560,买盘
601,13:44:31,10.51,-0.01,43,45193,卖盘
602,13:44:20,10.52,0.01,133,139916,买盘
603,13:44:11,10.51,-0.01,11,11561,卖盘
604,13:44:01,10.52,0.01,224,235742,买盘
605,13:43:56,10.51,--,400,420400,买盘
606,13:43:50,10.51,0.01,6,6306,买盘
607,13:43:46,10.5,--,10,10500,卖盘
608,13:43:35,10.5,--,2,2100,卖盘
609,13:43:31,10.5,--,50,52500,卖盘
610,13:43:26,10.5,-0.01,24,25200,卖盘
611,13:43:16,10.51,0.01,25,26275,买盘
612,13:43:01,10.5,0.01,12,12600,买盘
613,13:42:41,10.49,-0.02,70,73430,卖盘
614,13:42:26,10.51,0.02,596,627352,买盘
615,13:42:20,10.49,--,30,31470,卖盘
616,13:42:10,10.49,-0.01,7,7343,卖盘
617,13:42:05,10.5,--,828,869400,买盘
618,13:42:01,10.5,--,33,34650,买盘
619,13:41:56,10.5,--,2,2100,买盘
620,13:41:46,10.5,0.01,59,61950,买盘
621,13:41:41,10.49,--,22,23078,卖盘
622,13:41:35,10.49,--,6,6294,卖盘
623,13:41:31,10.49,-0.01,5,5245,卖盘
624,13:41:26,10.5,--,2,2100,买盘
625,13:41:20,10.5,0.01,137,143850,买盘
626,13:41:16,10.49,--,10,10490,卖盘
627,13:41:10,10.49,--,2,2098,卖盘
628,13:40:46,10.49,--,5,5245,卖盘
629,13:40:41,10.49,--,7,7343,卖盘
630,13:40:31,10.49,--,30,31470,卖盘
631,13:40:26,10.49,--,3,3147,卖盘
632,13:40:16,10.49,--,10,10490,卖盘
633,13:40:11,10.49,-0.01,4,4196,卖盘
634,13:40:01,10.5,0.01,261,274050,买盘
635,13:39:56,10.49,--,9,9441,买盘
636,13:39:46,10.49,0.01,27,28323,买盘
637,13:39:41,10.48,-0.01,56,58688,卖盘
638,13:39:25,10.49,--,43,45201,卖盘
639,13:39:20,10.49,-0.01,26,27274,卖盘
640,13:39:16,10.5,0.01,33,34650,买盘
641,13:39:11,10.49,--,101,105949,卖盘
642,13:39:01,10.49,--,9,9441,卖盘
643,13:38:40,10.49,--,11,11539,卖盘
644,13:38:31,10.49,--,0,10,卖盘
645,13:38:26,10.49,-0.01,6,6294,卖盘
646,13:38:15,10.5,0.01,4,4200,买盘
647,13:38:10,10.49,--,1,1049,卖盘
648,13:37:40,10.49,--,5,5245,卖盘
649,13:37:25,10.49,--,9,9441,卖盘
650,13:37:10,10.49,--,4,4196,卖盘
651,13:37:05,10.49,--,1,1049,卖盘
652,13:36:55,10.49,--,5,5245,卖盘
653,13:36:40,10.49,--,1,1049,卖盘
654,13:36:29,10.49,-0.01,15,15735,卖盘
655,13:36:20,10.5,--,1,1050,买盘
656,13:36:10,10.5,0.01,16,16800,买盘
657,13:35:59,10.49,-0.01,10,10490,卖盘
658,13:35:40,10.5,0.01,29,30450,买盘
659,13:35:35,10.49,--,2,3042,卖盘
660,13:35:25,10.49,--,5,5245,买盘
661,13:35:10,10.49,0.01,100,104900,买盘
662,13:34:55,10.48,-0.01,30,31440,卖盘
663,13:34:40,10.49,0.01,62,65038,买盘
664,13:34:34,10.48,--,2,2096,卖盘
665,13:34:25,10.48,--,13,13624,卖盘
666,13:34:19,10.48,-0.01,115,120520,卖盘
667,13:34:14,10.49,0.01,21,22029,买盘
668,13:33:44,10.48,--,10,10480,卖盘
669,13:33:34,10.48,--,3,3144,卖盘
670,13:33:29,10.48,--,46,48208,卖盘
671,13:33:25,10.48,-0.01,25,26200,卖盘
672,13:33:19,10.49,0.01,7,7343,买盘
673,13:33:14,10.48,--,5,5240,卖盘
674,13:32:59,10.48,-0.01,5,5240,卖盘
675,13:32:54,10.49,--,4,4196,买盘
676,13:32:49,10.49,0.01,4,4196,买盘
677,13:32:44,10.48,-0.01,10,10480,卖盘
678,13:32:40,10.49,0.01,2,2098,买盘
679,13:32:34,10.48,-0.01,2,2096,卖盘
680,13:32:14,10.49,--,5,5245,买盘
681,13:31:55,10.49,--,1,1049,买盘
682,13:31:49,10.49,--,3,3482,卖盘
683,13:31:44,10.49,--,37,38813,卖盘
684,13:31:39,10.49,-0.01,299,314364,卖盘
685,13:31:34,10.5,0.01,7,7350,买盘
686,13:31:29,10.49,--,30,31470,卖盘
687,13:31:24,10.49,-0.01,20,20980,卖盘
688,13:31:19,10.5,--,33,34650,买盘
689,13:31:09,10.5,--,6,6300,买盘
690,13:31:04,10.5,--,10,10500,买盘
691,13:30:49,10.5,0.01,106,111300,买盘
692,13:30:34,10.49,-0.01,6,6294,卖盘
693,13:30:29,10.5,--,5,5250,买盘
694,13:30:24,10.5,--,101,106050,买盘
695,13:30:04,10.5,--,150,157500,买盘
696,13:29:49,10.5,--,33,34650,买盘
697,13:29:29,10.5,0.01,205,215250,买盘
698,13:29:19,10.49,-0.01,1,1049,卖盘
699,13:29:14,10.5,0.01,20,21000,买盘
700,13:29:08,10.49,--,1,1049,卖盘
701,13:28:53,10.49,--,60,62940,卖盘
702,13:28:34,10.49,--,21,22029,卖盘
703,13:28:29,10.49,-0.01,80,83920,卖盘
704,13:28:19,10.5,--,50,52500,买盘
705,13:28:04,10.5,--,37,38850,买盘
706,13:27:49,10.5,--,20,21000,买盘
707,13:27:28,10.5,--,125,131250,卖盘
708,13:27:23,10.5,-0.01,20,21000,卖盘
709,13:27:19,10.51,0.01,124,130324,买盘
710,13:27:08,10.5,-0.01,1,1050,卖盘
711,13:27:04,10.51,--,162,170262,买盘
712,13:26:53,10.51,--,500,525500,买盘
713,13:26:49,10.51,0.01,43,45193,买盘
714,13:26:43,10.5,--,13,13650,卖盘
715,13:26:38,10.5,--,54,56700,卖盘
716,13:26:34,10.5,--,46,48300,卖盘
717,13:26:28,10.5,-0.01,32,33600,卖盘
718,13:26:23,10.51,--,5,5255,买盘
719,13:26:19,10.51,0.01,10,10510,买盘
720,13:26:08,10.5,--,1,1050,卖盘
721,13:26:04,10.5,-0.01,31,32550,卖盘
722,13:25:58,10.51,--,60,63060,买盘
723,13:25:53,10.51,--,77,80927,买盘
724,13:25:43,10.51,0.01,25,26275,买盘
725,13:25:38,10.5,-0.01,1,1050,中性盘
726,13:25:33,10.51,0.01,82,86182,买盘
727,13:25:28,10.5,-0.01,101,106050,卖盘
728,13:25:18,10.51,--,23,24173,买盘
729,13:25:13,10.51,0.01,35,36785,买盘
730,13:25:08,10.5,--,1,1050,卖盘
731,13:25:03,10.5,0.01,33,34650,卖盘
732,13:24:58,10.49,--,1,1049,卖盘
733,13:24:53,10.49,--,34,35666,卖盘
734,13:24:48,10.49,--,35,36715,卖盘
735,13:24:43,10.49,-0.01,10,10490,卖盘
736,13:24:38,10.5,0.01,69,72450,买盘
737,13:24:33,10.49,-0.01,86,90214,卖盘
738,13:24:28,10.5,--,11,11550,买盘
739,13:24:23,10.5,--,11,11550,买盘
740,13:24:18,10.5,--,33,34650,买盘
741,13:24:13,10.5,--,2,2100,买盘
742,13:24:03,10.5,0.01,7,7350,买盘
743,13:23:58,10.49,-0.01,5,5245,卖盘
744,13:23:48,10.5,--,38,39900,卖盘
745,13:23:43,10.5,--,24,25200,买盘
746,13:23:38,10.5,--,14,15624,卖盘
747,13:23:33,10.5,--,23,24276,买盘
748,13:23:28,10.5,--,59,62874,卖盘
749,13:23:23,10.5,--,10,10500,卖盘
750,13:23:18,10.5,--,15,15750,卖盘
751,13:23:08,10.5,--,1,1050,卖盘
752,13:22:58,10.5,--,61,64176,买盘
753,13:22:53,10.5,0.01,93,97650,买盘
754,13:22:48,10.49,-0.01,51,53499,卖盘
755,13:22:43,10.5,--,1,1050,买盘
756,13:22:38,10.5,--,130,136500,买盘
757,13:22:32,10.5,--,5,5250,买盘
758,13:22:23,10.5,--,47,49350,买盘
759,13:22:17,10.5,0.01,5,5250,买盘
760,13:22:02,10.49,--,138,144908,买盘
761,13:21:58,10.49,--,29,30421,买盘
762,13:21:53,10.49,--,20,20980,买盘
763,13:21:47,10.49,--,3,3147,买盘
764,13:21:43,10.49,-0.01,700,735202,卖盘
765,13:21:38,10.5,--,1,1050,卖盘
766,13:21:32,10.5,--,222,233100,买盘
767,13:21:28,10.5,--,39,40950,买盘
768,13:21:23,10.5,--,86,90300,买盘
769,13:21:17,10.5,0.01,10,10500,买盘
770,13:21:13,10.49,-0.01,33,34617,卖盘
771,13:21:08,10.5,--,155,162750,买盘
772,13:21:02,10.5,--,4,4200,买盘
773,13:20:58,10.5,--,9,9450,买盘
774,13:20:53,10.5,--,109,114450,买盘
775,13:20:43,10.5,0.01,27,28350,买盘
776,13:20:38,10.49,-0.01,1,1049,卖盘
777,13:20:28,10.5,--,59,61950,买盘
778,13:20:23,10.5,--,4,4200,买盘
779,13:20:13,10.5,--,11,11550,买盘
780,13:19:58,10.5,--,8,8400,买盘
781,13:19:43,10.5,0.01,11,11550,买盘
782,13:19:37,10.49,--,2,2098,卖盘
783,13:19:32,10.49,--,40,41960,卖盘
784,13:19:22,10.49,--,350,367150,卖盘
785,13:19:17,10.49,--,50,52450,卖盘
786,13:19:07,10.49,--,1,1049,卖盘
787,13:19:02,10.49,0.01,1041,1092155,买盘
788,13:18:58,10.48,-0.01,10,10480,卖盘
789,13:18:52,10.49,0.01,3,3147,买盘
790,13:18:43,10.48,-0.01,465,487320,卖盘
791,13:18:37,10.49,--,3,3147,买盘
792,13:18:32,10.49,0.01,2,2098,买盘
793,13:18:17,10.48,--,10,10480,卖盘
794,13:18:07,10.48,--,1,1048,卖盘
795,13:17:42,10.48,-0.01,24,25152,卖盘
796,13:17:32,10.49,0.01,1,1049,买盘
797,13:17:12,10.48,--,27,28296,卖盘
798,13:17:07,10.48,--,29,30392,卖盘
799,13:17:02,10.48,--,50,52400,卖盘
800,13:16:57,10.48,--,66,69168,卖盘
801,13:16:42,10.48,--,4,4192,卖盘
802,13:16:37,10.48,--,31,32488,卖盘
803,13:16:12,10.48,-0.01,1,1048,卖盘
804,13:15:57,10.49,0.01,2,2098,买盘
805,13:15:52,10.48,-0.01,1,1048,卖盘
806,13:15:42,10.49,0.01,5,5245,买盘
807,13:15:37,10.48,--,53,55544,卖盘
808,13:15:22,10.48,--,10,10480,卖盘
809,13:15:12,10.48,--,1,1048,卖盘
810,13:15:07,10.48,--,2,2096,卖盘
811,13:14:47,10.48,-0.01,100,104800,卖盘
812,13:14:42,10.49,--,8,8392,买盘
813,13:14:37,10.49,0.01,42,44058,买盘
814,13:14:32,10.48,-0.01,15,15720,卖盘
815,13:14:26,10.49,--,15,15735,买盘
816,13:14:22,10.49,0.01,960,1007228,买盘
817,13:14:07,10.48,-0.01,179,187592,卖盘
818,13:13:41,10.49,--,131,137586,卖盘
819,13:13:22,10.49,--,9,9451,卖盘
820,13:13:11,10.49,--,2,2098,卖盘
821,13:13:07,10.49,--,20,20980,卖盘
822,13:13:02,10.49,-0.01,9,9451,卖盘
823,13:12:56,10.5,0.01,40,42000,买盘
824,13:12:52,10.49,--,11,11539,卖盘
825,13:12:47,10.49,--,310,325190,卖盘
826,13:12:37,10.49,--,2,2098,卖盘
827,13:12:25,10.49,--,5,5245,卖盘
828,13:12:11,10.49,-0.01,1,1049,卖盘
829,13:11:56,10.5,0.01,1,1050,买盘
830,13:11:52,10.49,-0.01,28,29372,卖盘
831,13:11:47,10.5,--,15,15750,买盘
832,13:11:37,10.5,--,5,5250,买盘
833,13:11:22,10.5,0.01,69,73311,买盘
834,13:10:56,10.49,-0.01,168,176263,卖盘
835,13:10:51,10.5,--,55,57750,买盘
836,13:10:46,10.5,0.01,100,105000,买盘
837,13:10:36,10.49,--,212,222922,卖盘
838,13:10:31,10.49,--,20,20980,卖盘
839,13:10:21,10.49,--,0,0,卖盘
840,13:10:16,10.49,-0.01,60,63170,卖盘
841,13:10:11,10.5,--,1,1050,卖盘
842,13:10:06,10.5,--,57,60049,买盘
843,13:10:01,10.5,0.01,204,214200,买盘
844,13:09:56,10.49,-0.01,146,153154,卖盘
845,13:09:46,10.5,0.01,15,15750,买盘
846,13:09:36,10.49,-0.01,2,2685,卖盘
847,13:09:21,10.5,0.01,205,215764,买盘
848,13:09:16,10.49,-0.01,134,140870,卖盘
849,13:09:11,10.5,0.01,2,2100,买盘
850,13:09:06,10.49,--,10,10490,卖盘
851,13:08:51,10.49,--,147,154947,卖盘
852,13:08:36,10.49,0.01,1,1049,卖盘
853,13:08:31,10.48,-0.01,51,53961,卖盘
854,13:08:26,10.49,--,2,2098,买盘
855,13:08:16,10.49,0.01,10,10490,买盘
856,13:08:06,10.48,-0.02,5,5240,卖盘
857,13:08:01,10.5,0.01,60,63000,买盘
858,13:07:51,10.49,--,3,3147,买盘
859,13:07:46,10.49,--,7,7343,买盘
860,13:07:41,10.49,--,6,6294,卖盘
861,13:07:36,10.49,--,7,7343,买盘
862,13:07:31,10.49,--,60,62940,买盘
863,13:07:21,10.49,-0.01,63,66087,买盘
864,13:07:11,10.5,--,0,0,买盘
865,13:07:06,10.5,0.01,100,105000,买盘
866,13:07:01,10.49,-0.01,312,327288,卖盘
867,13:06:56,10.5,0.01,2,2100,买盘
868,13:06:40,10.49,-0.01,63,66087,卖盘
869,13:06:35,10.5,--,20,21000,买盘
870,13:06:26,10.5,--,6,6300,买盘
871,13:06:16,10.5,0.01,30,31500,买盘
872,13:06:01,10.49,--,60,62940,卖盘
873,13:05:55,10.49,-0.01,3,3147,卖盘
874,13:05:49,10.5,--,82,86100,买盘
875,13:05:41,10.5,0.01,4,4200,买盘
876,13:05:34,10.49,-0.01,1,1049,卖盘
877,13:05:16,10.5,--,20,21000,买盘
878,13:05:11,10.5,--,70,73500,卖盘
879,13:05:00,10.5,--,43,45150,卖盘
880,13:04:55,10.5,--,21,22050,买盘
881,13:04:49,10.5,--,30,31500,买盘
882,13:04:30,10.5,--,19,19950,卖盘
883,13:04:10,10.5,--,362,380100,卖盘
884,13:03:55,10.5,-0.01,5,5250,卖盘
885,13:03:45,10.51,0.01,5,5255,买盘
886,13:03:40,10.5,--,1,1050,卖盘
887,13:03:25,10.5,-0.01,3,3150,买盘
888,13:03:15,10.51,0.01,223,234373,买盘
889,13:03:10,10.5,--,5,5250,买盘
890,13:03:00,10.5,-0.01,243,255916,卖盘
891,13:02:55,10.51,--,2,2102,买盘
892,13:02:50,10.51,--,7,7357,买盘
893,13:02:45,10.51,--,122,128222,买盘
894,13:02:40,10.51,0.01,7,7357,买盘
895,13:02:10,10.5,--,1,1050,卖盘
896,13:02:00,10.5,-0.01,3,3150,卖盘
897,13:01:55,10.51,--,35,36785,买盘
898,13:01:50,10.51,0.01,4,4204,买盘
899,13:01:45,10.5,--,38,39900,卖盘
900,13:01:40,10.5,-0.01,2,2100,卖盘
901,13:01:19,10.51,0.01,18,18918,买盘
902,13:01:10,10.5,--,1,1050,卖盘
903,13:01:00,10.5,--,41,43050,卖盘
904,13:00:55,10.5,--,155,163033,买盘
905,13:00:50,10.5,--,14,14700,买盘
906,13:00:40,10.5,--,20,21000,买盘
907,13:00:30,10.5,0.01,38,39900,买盘
908,13:00:25,10.49,-0.01,211,222104,卖盘
909,13:00:15,10.5,--,74,77983,买盘
910,13:00:10,10.5,--,268,281400,买盘
911,13:00:05,10.5,--,452,474600,买盘
912,11:30:00,10.5,--,0,0,买盘
913,11:29:59,10.5,--,0,0,买盘
914,11:29:51,10.5,--,60,63000,买盘
915,11:29:46,10.5,0.01,2,2100,买盘
916,11:29:41,10.49,-0.01,32,33568,卖盘
917,11:29:26,10.5,--,3,3150,买盘
918,11:29:11,10.5,0.01,11,11550,买盘
919,11:29:06,10.49,-0.01,15,15735,卖盘
920,11:28:56,10.5,0.01,68,71400,买盘
921,11:28:51,10.49,-0.01,10,10490,卖盘
922,11:28:46,10.5,0.01,74,77700,买盘
923,11:28:41,10.49,-0.01,2,2098,卖盘
924,11:28:31,10.5,--,12,12600,买盘
925,11:28:21,10.5,0.01,52,54600,买盘
926,11:28:11,10.49,-0.01,8,8392,卖盘
927,11:28:05,10.5,--,104,109200,买盘
928,11:27:41,10.5,--,21,22050,买盘
929,11:27:30,10.5,0.01,203,213150,买盘
930,11:27:20,10.49,--,52,54548,卖盘
931,11:27:10,10.49,--,11,11539,卖盘
932,11:26:56,10.49,-0.01,5,5245,卖盘
933,11:26:50,10.5,0.01,10,10500,买盘
934,11:26:41,10.49,-0.01,51,53499,卖盘
935,11:26:35,10.5,0.01,7,7350,买盘
936,11:26:30,10.49,-0.01,2,2098,卖盘
937,11:26:25,10.5,--,19,19950,买盘
938,11:26:20,10.5,--,4,4200,买盘
939,11:26:15,10.5,0.01,4,4200,买盘
940,11:26:10,10.49,-0.01,135,141615,卖盘
941,11:26:05,10.5,0.01,3,3150,买盘
942,11:26:00,10.49,-0.01,49,51401,卖盘
943,11:25:50,10.5,0.01,2,2100,买盘
944,11:25:45,10.49,--,23,24127,卖盘
945,11:25:40,10.49,--,1,1049,卖盘
946,11:25:35,10.49,-0.01,2,2098,卖盘
947,11:25:30,10.5,--,10,10500,买盘
948,11:25:25,10.5,0.01,60,63000,买盘
949,11:25:20,10.49,--,52,54548,卖盘
950,11:25:10,10.49,--,100,104900,卖盘
951,11:25:00,10.49,--,10,10490,卖盘
952,11:24:50,10.49,--,10,10490,卖盘
953,11:24:45,10.49,--,2,2098,卖盘
954,11:24:40,10.49,--,126,132174,卖盘
955,11:24:35,10.49,--,38,39862,卖盘
956,11:24:30,10.49,--,25,26225,买盘
957,11:24:25,10.49,--,24,25176,买盘
958,11:24:10,10.49,--,282,295818,买盘
959,11:24:05,10.49,--,2,2098,买盘
960,11:24:00,10.49,0.01,73,76577,买盘
961,11:23:55,10.48,-0.01,6,6288,卖盘
962,11:23:45,10.49,0.01,1,1049,买盘
963,11:23:35,10.48,-0.01,1,1048,卖盘
964,11:23:30,10.49,--,17,17833,买盘
965,11:23:25,10.49,--,24,25176,买盘
966,11:23:20,10.49,--,19,19931,买盘
967,11:23:10,10.49,0.01,21,22029,买盘
968,11:23:05,10.48,-0.01,2,2096,卖盘
969,11:22:50,10.49,0.01,12,12588,买盘
970,11:22:45,10.48,--,6,6288,卖盘
971,11:22:40,10.48,--,30,31440,卖盘
972,11:22:35,10.48,--,140,146720,卖盘
973,11:22:30,10.48,--,51,53448,卖盘
974,11:22:25,10.48,--,455,476840,卖盘
975,11:22:15,10.48,--,17,17816,卖盘
976,11:22:05,10.48,-0.01,56,58688,卖盘
977,11:21:45,10.49,--,26,27274,买盘
978,11:21:34,10.49,-0.01,42,44058,中性盘
979,11:21:30,10.5,0.01,25,26250,买盘
980,11:21:25,10.49,-0.01,1,1049,卖盘
981,11:21:19,10.5,0.01,37,38850,买盘
982,11:21:14,10.49,--,54,56646,卖盘
983,11:21:10,10.49,--,2,2098,卖盘
984,11:21:04,10.49,--,15,15735,卖盘
985,11:21:00,10.49,--,5,5245,卖盘
986,11:20:49,10.49,--,5,5245,卖盘
987,11:20:45,10.49,--,1,1049,卖盘
988,11:20:39,10.49,--,1,1049,卖盘
989,11:20:34,10.49,-0.01,1,1049,卖盘
990,11:20:29,10.5,0.01,21,22050,买盘
991,11:20:24,10.49,0.01,2,2098,卖盘
992,11:20:14,10.48,--,75,78600,卖盘
993,11:20:04,10.48,-0.01,62,64976,卖盘
994,11:19:59,10.49,--,57,59793,买盘
995,11:19:49,10.49,0.01,7,7343,卖盘
996,11:19:44,10.48,-0.01,20,20960,卖盘
997,11:19:34,10.49,--,157,164693,买盘
998,11:19:29,10.49,--,8,8392,买盘
999,11:19:24,10.49,--,20,20980,买盘
1000,11:19:04,10.49,0.01,42,44058,买盘
1001,11:18:59,10.48,-0.01,7,7336,卖盘
1002,11:18:49,10.49,0.01,329,345121,买盘
1003,11:18:44,10.48,--,5,5240,卖盘
1004,11:18:39,10.48,--,1,1048,卖盘
1005,11:18:34,10.48,-0.01,3,3144,卖盘
1006,11:18:24,10.49,--,9,9441,买盘
1007,11:18:19,10.49,0.01,2,2098,买盘
1008,11:18:14,10.48,-0.01,100,104800,卖盘
1009,11:18:04,10.49,--,40,41960,买盘
1010,11:17:59,10.49,0.01,22,23078,买盘
1011,11:17:49,10.48,-0.01,18,18864,卖盘
1012,11:17:44,10.49,0.01,3,3147,买盘
1013,11:17:34,10.48,-0.01,2,2096,卖盘
1014,11:17:29,10.49,--,20,20980,买盘
1015,11:17:19,10.49,--,1,1049,买盘
1016,11:17:14,10.49,--,21,22029,买盘
1017,11:17:09,10.49,--,242,253858,卖盘
1018,11:16:59,10.49,-0.01,2,2098,卖盘
1019,11:16:53,10.5,0.01,21,22050,买盘
1020,11:16:49,10.49,--,45,47205,卖盘
1021,11:16:44,10.49,-0.01,17,17833,卖盘
1022,11:16:39,10.5,0.01,143,150150,买盘
1023,11:16:34,10.49,--,2,2098,卖盘
1024,11:16:29,10.49,-0.01,4,4196,卖盘
1025,11:16:23,10.5,0.01,5,5250,买盘
1026,11:16:19,10.49,-0.01,137,143713,卖盘
1027,11:16:14,10.5,--,20,21000,买盘
1028,11:16:04,10.5,--,10,10500,买盘
1029,11:15:59,10.5,--,13,13650,买盘
1030,11:15:44,10.5,--,13,13650,买盘
1031,11:15:34,10.5,0.01,181,190050,买盘
1032,11:15:19,10.49,-0.01,2,2098,卖盘
1033,11:15:14,10.5,--,10,10500,买盘
1034,11:15:08,10.5,0.01,136,142800,买盘
1035,11:14:59,10.49,--,9,9441,卖盘
1036,11:14:53,10.49,-0.01,25,26225,卖盘
1037,11:14:49,10.5,--,20,21000,买盘
1038,11:14:44,10.5,--,36,37800,买盘
1039,11:14:38,10.5,--,5,5250,买盘
1040,11:14:29,10.5,0.01,64,67200,买盘
1041,11:14:17,10.49,--,37,38813,卖盘
1042,11:14:08,10.49,--,1,1049,卖盘
1043,11:13:58,10.49,--,24,25176,卖盘
1044,11:13:53,10.49,--,5,5245,卖盘
1045,11:13:47,10.49,-0.01,12,12588,卖盘
1046,11:13:43,10.5,0.01,94,98700,买盘
1047,11:13:38,10.49,--,2,2098,卖盘
1048,11:13:32,10.49,-0.01,2,2098,卖盘
1049,11:13:28,10.5,--,4,4200,买盘
1050,11:13:23,10.5,--,351,368550,买盘
1051,11:13:13,10.5,--,49,51450,买盘
1052,11:13:08,10.5,0.01,132,138600,买盘
1053,11:12:58,10.49,-0.01,10,10490,卖盘
1054,11:12:47,10.5,0.01,38,39900,买盘
1055,11:12:38,10.49,-0.01,1,1049,卖盘
1056,11:12:23,10.5,0.01,20,21000,买盘
1057,11:12:17,10.49,--,1,1049,卖盘
1058,11:12:13,10.49,--,13,13637,卖盘
1059,11:12:08,10.49,--,24,25176,卖盘
1060,11:12:02,10.49,-0.01,14,14686,卖盘
1061,11:11:58,10.5,0.01,20,21000,买盘
1062,11:11:38,10.49,--,1,1049,卖盘
1063,11:11:32,10.49,-0.01,10,10490,卖盘
1064,11:11:28,10.5,--,21,22050,买盘
1065,11:11:23,10.5,0.01,20,21000,买盘
1066,11:11:13,10.49,--,23,24127,卖盘
1067,11:11:08,10.49,-0.01,12,12588,卖盘
1068,11:10:43,10.5,0.01,4,4200,买盘
1069,11:10:38,10.49,--,33,34617,卖盘
1070,11:10:23,10.49,--,27,28323,卖盘
1071,11:10:13,10.49,--,112,117488,卖盘
1072,11:10:08,10.49,--,6,6294,卖盘
1073,11:09:58,10.49,--,17,17833,卖盘
1074,11:09:53,10.49,--,11,11539,卖盘
1075,11:09:43,10.49,--,3,3147,卖盘
1076,11:09:38,10.49,--,133,139517,卖盘
1077,11:09:28,10.49,--,94,98606,买盘
1078,11:09:23,10.49,--,22,23078,买盘
1079,11:09:17,10.49,--,4,4196,买盘
1080,11:09:13,10.49,0.01,47,49303,买盘
1081,11:09:08,10.48,--,26,27248,卖盘
1082,11:09:02,10.48,--,100,104800,卖盘
1083,11:08:58,10.48,--,56,58688,卖盘
1084,11:08:43,10.48,--,58,60784,卖盘
1085,11:08:38,10.48,-0.01,2,2096,卖盘
1086,11:08:32,10.49,0.01,9,9441,买盘
1087,11:08:23,10.48,-0.01,7,7336,卖盘
1088,11:08:13,10.49,--,8,8392,买盘
1089,11:08:02,10.49,-0.01,11,11539,买盘
1090,11:07:53,10.5,0.01,21,22050,买盘
1091,11:07:47,10.49,--,9,9441,卖盘
1092,11:07:38,10.49,--,3,3147,卖盘
1093,11:07:32,10.49,--,33,34617,卖盘
1094,11:07:22,10.49,--,20,20980,卖盘
1095,11:07:17,10.49,-0.01,43,45107,卖盘
1096,11:07:08,10.5,--,25,26250,买盘
1097,11:07:02,10.5,--,53,55650,买盘
1098,11:06:52,10.5,--,224,235200,卖盘
1099,11:06:47,10.5,--,177,185850,卖盘
1100,11:06:41,10.5,--,17,17850,卖盘
1101,11:06:37,10.5,--,11,11550,卖盘
1102,11:06:32,10.5,-0.01,74,77700,卖盘
1103,11:06:22,10.51,--,11,11561,买盘
1104,11:06:17,10.51,--,143,150293,买盘
1105,11:06:11,10.51,0.01,7,7357,买盘
1106,11:06:07,10.5,--,378,396900,卖盘
1107,11:06:02,10.5,--,88,92400,卖盘
1108,11:05:56,10.5,--,20,21000,卖盘
1109,11:05:52,10.5,--,147,154350,卖盘
1110,11:05:47,10.5,-0.01,2,2100,卖盘
1111,11:05:41,10.51,0.01,8,8408,买盘
1112,11:05:37,10.5,--,167,175350,卖盘
1113,11:05:32,10.5,-0.01,16,16800,卖盘
1114,11:05:26,10.51,-0.01,10,10510,买盘
1115,11:05:22,10.52,0.02,153,160956,买盘
1116,11:05:17,10.5,-0.01,50,52500,卖盘
1117,11:05:11,10.51,--,187,196537,卖盘
1118,11:05:07,10.51,0.01,333,349983,买盘
1119,11:05:01,10.5,-0.01,5,5250,卖盘
1120,11:04:56,10.51,0.01,6,6306,买盘
1121,11:04:52,10.5,--,36,37800,卖盘
1122,11:04:47,10.5,-0.01,28,29400,卖盘
1123,11:04:41,10.51,0.01,50,52550,买盘
1124,11:04:37,10.5,--,23,24150,卖盘
1125,11:04:31,10.5,-0.01,104,109200,卖盘
1126,11:04:22,10.51,--,5,5255,买盘
1127,11:04:11,10.51,--,38,39938,买盘
1128,11:04:07,10.51,-0.01,12,12612,中性盘
1129,11:04:01,10.52,0.01,1116,1174032,买盘
1130,11:03:56,10.51,--,116,121916,卖盘
1131,11:03:52,10.51,-0.01,30,31530,卖盘
1132,11:03:46,10.52,0.01,534,561768,买盘
1133,11:03:41,10.51,--,20,21020,卖盘
1134,11:03:37,10.51,--,24,25224,卖盘
1135,11:03:31,10.51,-0.01,126,132426,卖盘
1136,11:03:22,10.52,0.01,124,130448,买盘
1137,11:03:16,10.51,-0.01,16,16816,卖盘
1138,11:03:11,10.52,0.01,302,317704,买盘
1139,11:03:07,10.51,--,40,42040,卖盘
1140,11:03:01,10.51,-0.01,149,156599,卖盘
1141,11:02:56,10.52,--,3,3156,买盘
1142,11:02:52,10.52,--,70,73640,买盘
1143,11:02:41,10.52,0.01,10,10520,买盘
1144,11:02:37,10.51,-0.01,17,17867,卖盘
1145,11:02:31,10.52,--,110,115720,买盘
1146,11:02:26,10.52,0.01,37,38924,买盘
1147,11:02:22,10.51,--,134,140834,卖盘
1148,11:02:16,10.51,--,30,31530,卖盘
1149,11:02:11,10.51,--,9,9459,卖盘
1150,11:02:07,10.51,--,29,30479,卖盘
1151,11:02:01,10.51,--,600,630600,买盘
1152,11:01:56,10.51,--,111,116661,买盘
1153,11:01:52,10.51,0.01,436,458236,买盘
1154,11:01:41,10.5,--,10,10500,卖盘
1155,11:01:37,10.5,--,4,4200,卖盘
1156,11:01:31,10.5,--,1882,1977034,买盘
1157,11:01:26,10.5,--,30,31500,买盘
1158,11:01:22,10.5,0.01,171,179550,买盘
1159,11:01:16,10.49,--,55,57695,卖盘
1160,11:01:07,10.49,--,1,1049,卖盘
1161,11:01:01,10.49,--,118,123782,卖盘
1162,11:00:56,10.49,--,25,26225,买盘
1163,11:00:52,10.49,--,95,99655,买盘
1164,11:00:46,10.49,0.01,1000,1049000,买盘
1165,11:00:41,10.48,--,69,72312,卖盘
1166,11:00:35,10.48,--,147,154632,买盘
1167,11:00:31,10.48,--,13,13624,买盘
1168,11:00:26,10.48,--,93,97464,买盘
1169,11:00:20,10.48,--,36,37728,买盘
1170,11:00:16,10.48,--,51,53448,买盘
1171,11:00:11,10.48,--,55,57640,买盘
1172,11:00:05,10.48,0.01,6,6288,买盘
1173,10:59:56,10.47,--,35,36645,卖盘
1174,10:59:46,10.47,--,4,4188,卖盘
1175,10:59:41,10.47,--,115,120405,买盘
1176,10:59:35,10.47,--,30,31410,买盘
1177,10:59:31,10.47,--,6,6282,买盘
1178,10:59:16,10.47,0.01,21,21987,买盘
1179,10:59:11,10.46,-0.01,4,4184,卖盘
1180,10:59:05,10.47,--,4,4188,买盘
1181,10:59:01,10.47,0.01,100,104700,买盘
1182,10:58:56,10.46,-0.01,2,2092,卖盘
1183,10:58:50,10.47,--,3,3141,买盘
1184,10:58:41,10.47,0.01,7,7329,买盘
1185,10:58:35,10.46,--,2,2092,卖盘
1186,10:58:31,10.46,-0.01,14,14644,卖盘
1187,10:58:26,10.47,--,37,38739,买盘
1188,10:58:20,10.47,--,9,9423,买盘
1189,10:58:16,10.47,0.01,21,21987,买盘
1190,10:58:11,10.46,--,33,34518,卖盘
1191,10:58:01,10.46,-0.01,2,2092,卖盘
1192,10:57:56,10.47,0.01,13,13611,买盘
1193,10:57:50,10.46,-0.01,14,14644,卖盘
1194,10:57:46,10.47,--,31,32457,买盘
1195,10:57:40,10.47,--,1,1047,买盘
1196,10:57:35,10.47,--,21,21987,买盘
1197,10:57:25,10.47,--,10,10470,买盘
1198,10:57:16,10.47,0.01,32,33504,买盘
1199,10:57:10,10.46,-0.01,2,2092,卖盘
1200,10:57:05,10.47,--,6,6282,买盘
1201,10:57:01,10.47,0.01,23,24081,买盘
1202,10:56:55,10.46,-0.01,49,51254,卖盘
1203,10:56:50,10.47,--,8,8376,买盘
1204,10:56:40,10.47,0.01,33,34551,买盘
1205,10:56:35,10.46,-0.01,170,177820,卖盘
1206,10:56:31,10.47,--,150,157050,买盘
1207,10:56:20,10.47,--,23,24081,买盘
1208,10:56:16,10.47,0.01,141,147627,买盘
1209,10:56:10,10.46,-0.01,10,10460,卖盘
1210,10:56:01,10.47,0.01,58,60726,买盘
1211,10:55:55,10.46,-0.01,10,10460,卖盘
1212,10:55:46,10.47,--,83,86901,买盘
1213,10:55:40,10.47,0.01,8,8376,买盘
1214,10:55:30,10.46,-0.01,129,134934,卖盘
1215,10:55:16,10.47,0.01,8,8376,买盘
1216,10:55:10,10.46,-0.01,1,1046,卖盘
1217,10:55:01,10.47,0.01,12,12564,买盘
1218,10:54:55,10.46,--,7,7322,卖盘
1219,10:54:50,10.46,--,23,24058,卖盘
1220,10:54:45,10.46,--,274,286604,买盘
1221,10:54:40,10.46,0.01,1,1046,买盘
1222,10:54:35,10.45,--,1,1045,卖盘
1223,10:54:30,10.45,-0.01,2,2090,卖盘
1224,10:54:25,10.46,--,5,5230,买盘
1225,10:54:15,10.46,--,3,3138,买盘
1226,10:54:10,10.46,--,21,21966,买盘
1227,10:54:05,10.46,--,24,25104,卖盘
1228,10:54:00,10.46,--,130,135980,卖盘
1229,10:53:55,10.46,--,5,5230,卖盘
1230,10:53:50,10.46,--,10,10460,卖盘
1231,10:53:45,10.46,--,37,38702,买盘
1232,10:53:40,10.46,--,301,314846,买盘
1233,10:53:35,10.46,-0.01,42,43932,卖盘
1234,10:53:30,10.47,0.01,127,132969,买盘
1235,10:53:25,10.46,--,40,41840,买盘
1236,10:53:20,10.46,--,2,2092,买盘
1237,10:53:10,10.46,--,76,79496,卖盘
1238,10:53:05,10.46,--,22,23012,卖盘
1239,10:52:59,10.46,--,2,2092,卖盘
1240,10:52:55,10.46,--,37,38702,卖盘
1241,10:52:50,10.46,--,41,42886,卖盘
1242,10:52:40,10.46,--,91,95186,卖盘
1243,10:52:29,10.46,--,7,7322,卖盘
1244,10:52:25,10.46,--,16,16736,卖盘
1245,10:52:20,10.46,-0.01,81,84726,卖盘
1246,10:52:14,10.47,0.01,2,2094,买盘
1247,10:52:10,10.46,--,63,65898,卖盘
1248,10:52:05,10.46,--,20,20920,卖盘
1249,10:51:59,10.46,-0.01,2,2092,卖盘
1250,10:51:50,10.47,0.01,10,10470,买盘
1251,10:51:44,10.46,--,6,6276,卖盘
1252,10:51:40,10.46,-0.01,5,5230,卖盘
1253,10:51:35,10.47,0.01,65,68055,买盘
1254,10:51:29,10.46,--,100,104600,卖盘
1255,10:51:20,10.46,-0.01,10,10460,卖盘
1256,10:51:14,10.47,0.01,10,10470,买盘
1257,10:51:10,10.46,-0.01,9,9414,卖盘
1258,10:50:59,10.47,--,45,47115,买盘
1259,10:50:55,10.47,--,51,53397,买盘
1260,10:50:50,10.47,--,6,6282,买盘
1261,10:50:40,10.47,--,187,195789,卖盘
1262,10:50:35,10.47,0.01,380,397860,买盘
1263,10:50:25,10.46,--,50,52300,卖盘
1264,10:50:19,10.46,--,2,2092,卖盘
1265,10:50:14,10.46,--,454,474884,买盘
1266,10:50:10,10.46,0.01,34,35564,买盘
1267,10:50:04,10.45,--,182,190190,卖盘
1268,10:49:59,10.45,-0.01,20,20900,卖盘
1269,10:49:55,10.46,--,70,73220,买盘
1270,10:49:49,10.46,--,10,10460,买盘
1271,10:49:44,10.46,--,17,17782,买盘
1272,10:49:40,10.46,0.01,23,24058,买盘
1273,10:49:34,10.45,--,10,10450,卖盘
1274,10:49:29,10.45,-0.01,2,2090,卖盘
1275,10:49:25,10.46,0.01,252,263592,买盘
1276,10:49:19,10.45,-0.01,10,10450,卖盘
1277,10:49:10,10.46,--,14,14644,买盘
1278,10:49:04,10.46,--,114,119244,卖盘
1279,10:48:59,10.46,--,5,5230,卖盘
1280,10:48:55,10.46,--,130,135980,卖盘
1281,10:48:34,10.46,-0.01,16,16736,卖盘
1282,10:48:24,10.47,--,2,2094,买盘
1283,10:48:19,10.47,--,18,18846,买盘
1284,10:48:14,10.47,--,152,159144,卖盘
1285,10:48:09,10.47,--,18,18846,卖盘
1286,10:48:04,10.47,--,120,125640,卖盘
1287,10:47:59,10.47,--,55,57585,卖盘
1288,10:47:54,10.47,-0.01,65,68055,卖盘
1289,10:47:44,10.48,0.01,8,8384,买盘
1290,10:47:39,10.47,--,13,13611,卖盘
1291,10:47:34,10.47,--,21,21987,卖盘
1292,10:47:29,10.47,-0.01,20,20940,卖盘
1293,10:47:24,10.48,0.01,4,4192,买盘
1294,10:47:09,10.47,-0.01,23,24081,卖盘
1295,10:47:04,10.48,--,15,15720,买盘
1296,10:46:59,10.48,--,10,10480,买盘
1297,10:46:54,10.48,--,22,23056,买盘
1298,10:46:49,10.48,--,19,19912,买盘
1299,10:46:44,10.48,--,11,11528,卖盘
1300,10:46:39,10.48,--,516,540768,卖盘
1301,10:46:34,10.48,--,122,127856,卖盘
1302,10:46:29,10.48,--,10,10480,卖盘
1303,10:46:24,10.48,--,16,16768,卖盘
1304,10:46:19,10.48,0.01,279,292392,买盘
1305,10:46:14,10.47,-0.01,20,20940,卖盘
1306,10:46:09,10.48,0.01,86,90128,买盘
1307,10:46:04,10.47,-0.01,341,357027,卖盘
1308,10:45:59,10.48,0.01,92,96416,买盘
1309,10:45:49,10.47,0.01,498,521406,买盘
1310,10:45:38,10.46,--,9,9414,卖盘
1311,10:45:34,10.46,--,52,54392,卖盘
1312,10:45:29,10.46,--,70,73293,买盘
1313,10:45:19,10.46,--,252,263592,买盘
1314,10:45:14,10.46,--,102,106692,买盘
1315,10:45:08,10.46,--,61,63806,买盘
1316,10:45:04,10.46,0.01,3,3138,买盘
1317,10:44:59,10.45,-0.01,19,19855,卖盘
1318,10:44:53,10.46,--,0,0,买盘
1319,10:44:49,10.46,0.02,27,28242,买盘
1320,10:44:44,10.44,-0.01,88,91872,卖盘
1321,10:44:38,10.45,--,0,0,买盘
1322,10:44:34,10.45,0.01,512,535040,买盘
1323,10:44:29,10.44,--,42,43848,买盘
1324,10:44:19,10.44,0.01,84,87696,买盘
1325,10:44:04,10.43,--,165,172616,买盘
1326,10:43:59,10.43,--,65,67795,买盘
1327,10:43:53,10.43,--,22,22946,买盘
1328,10:43:49,10.43,--,43,44849,买盘
1329,10:43:44,10.43,0.01,5,5215,买盘
1330,10:43:34,10.42,-0.01,308,321457,卖盘
1331,10:43:29,10.43,-0.01,5,5215,卖盘
1332,10:43:23,10.44,0.01,40,41760,买盘
1333,10:43:19,10.43,-0.01,5,5215,卖盘
1334,10:43:14,10.44,0.01,5,5220,买盘
1335,10:43:08,10.43,--,1,1043,卖盘
1336,10:43:04,10.43,--,40,41720,卖盘
1337,10:42:34,10.43,-0.01,5,5215,卖盘
1338,10:42:28,10.44,--,5,5220,买盘
1339,10:42:13,10.44,--,3,3132,买盘
1340,10:42:03,10.44,--,34,35496,买盘
1341,10:41:53,10.44,0.01,45,46980,买盘
1342,10:41:48,10.43,--,14,14602,卖盘
1343,10:41:43,10.43,--,22,22946,卖盘
1344,10:41:38,10.43,--,9,9387,卖盘
1345,10:41:33,10.43,--,2,2086,卖盘
1346,10:41:28,10.43,-0.01,7,7301,卖盘
1347,10:41:18,10.44,0.01,1,1044,买盘
1348,10:41:13,10.43,--,29,30247,卖盘
1349,10:40:58,10.43,-0.01,54,56322,卖盘
1350,10:40:48,10.44,0.01,16,16704,买盘
1351,10:40:33,10.43,--,14,14602,卖盘
1352,10:40:28,10.43,--,11,11473,卖盘
1353,10:40:18,10.43,--,1,1043,卖盘
1354,10:40:13,10.43,--,1,1043,卖盘
1355,10:40:08,10.43,0.01,8,8865,买盘
1356,10:40:03,10.42,-0.01,2,2084,卖盘
1357,10:39:58,10.43,--,53,55279,买盘
1358,10:39:53,10.43,-0.01,570,595031,卖盘
1359,10:39:43,10.44,0.01,111,115884,买盘
1360,10:39:38,10.43,-0.01,10,10430,卖盘
1361,10:39:33,10.44,0.01,17,17748,买盘
1362,10:39:28,10.43,--,10,10430,卖盘
1363,10:39:18,10.43,--,17,17731,卖盘
1364,10:39:13,10.43,0.01,19,20338,买盘
1365,10:39:08,10.42,-0.01,4,4168,卖盘
1366,10:39:03,10.43,--,69,71967,买盘
1367,10:38:58,10.43,--,6,6258,买盘
1368,10:38:48,10.43,-0.01,105,109515,卖盘
1369,10:38:38,10.44,0.01,72,75168,买盘
1370,10:38:28,10.43,-0.01,17,17731,卖盘
1371,10:38:23,10.44,0.01,8,8352,买盘
1372,10:38:13,10.43,-0.01,75,78225,卖盘
1373,10:38:02,10.44,--,4,4176,买盘
1374,10:37:58,10.44,--,18,18792,买盘
1375,10:37:53,10.44,0.01,21,21924,买盘
1376,10:37:43,10.43,--,80,83440,卖盘
1377,10:37:38,10.43,--,40,41720,卖盘
1378,10:37:32,10.43,--,64,66752,买盘
1379,10:37:28,10.43,--,99,103257,买盘
1380,10:37:17,10.43,--,10,10430,买盘
1381,10:37:13,10.43,--,25,26075,买盘
1382,10:37:08,10.43,--,227,236761,卖盘
1383,10:36:58,10.43,--,10,10430,卖盘
1384,10:36:53,10.43,--,10,10430,卖盘
1385,10:36:43,10.43,--,5,5215,卖盘
1386,10:36:38,10.43,-0.01,45,46935,卖盘
1387,10:36:32,10.44,0.01,22,22968,买盘
1388,10:36:28,10.43,--,5,5215,卖盘
1389,10:36:23,10.43,--,20,20860,卖盘
1390,10:36:13,10.43,0.01,27,28161,中性盘
1391,10:36:08,10.42,--,28,29176,卖盘
1392,10:36:02,10.42,--,150,156300,卖盘
1393,10:35:57,10.42,-0.02,11,11462,卖盘
1394,10:35:52,10.44,0.02,100,104400,买盘
1395,10:35:37,10.42,--,7,7502,卖盘
1396,10:35:32,10.42,--,20,20840,卖盘
1397,10:35:28,10.42,-0.01,8,8336,卖盘
1398,10:35:22,10.43,--,14,14602,买盘
1399,10:35:12,10.43,0.01,33,34419,买盘
1400,10:35:07,10.42,-0.01,287,299054,卖盘
1401,10:34:57,10.43,-0.01,6,6258,卖盘
1402,10:34:52,10.44,-0.01,42,43848,买盘
1403,10:34:47,10.45,0.02,208,217359,买盘
1404,10:34:37,10.43,-0.01,13,13559,卖盘
1405,10:34:27,10.44,--,71,74124,卖盘
1406,10:34:22,10.44,--,10,10440,卖盘
1407,10:34:12,10.44,--,59,61596,卖盘
1408,10:34:07,10.44,-0.01,2,2088,卖盘
1409,10:33:57,10.45,--,64,66880,买盘
1410,10:33:52,10.45,--,4,4180,买盘
1411,10:33:47,10.45,--,52,55311,卖盘
1412,10:33:42,10.45,--,157,164138,买盘
1413,10:33:37,10.45,--,9,9405,买盘
1414,10:33:27,10.45,--,347,362615,买盘
1415,10:33:22,10.45,--,147,154586,卖盘
1416,10:33:17,10.45,--,9,9405,卖盘
1417,10:33:12,10.45,--,31,32394,卖盘
1418,10:33:02,10.45,--,30,31349,卖盘
1419,10:32:52,10.45,-0.01,49,51205,卖盘
1420,10:32:42,10.46,--,15,15690,买盘
1421,10:32:37,10.46,--,278,290788,卖盘
1422,10:32:27,10.46,-0.01,5,5230,卖盘
1423,10:32:22,10.47,0.01,35,36645,买盘
1424,10:32:12,10.46,-0.01,156,163176,卖盘
1425,10:32:07,10.47,--,160,167520,买盘
1426,10:32:02,10.47,0.01,35,36645,买盘
1427,10:31:57,10.46,--,151,157946,买盘
1428,10:31:52,10.46,--,675,706050,买盘
1429,10:31:47,10.46,0.01,10,10460,买盘
1430,10:31:42,10.45,0.01,426,445243,买盘
1431,10:31:37,10.44,-0.01,38,39672,卖盘
1432,10:31:32,10.45,0.01,50,52250,买盘
1433,10:31:27,10.44,-0.01,126,131544,卖盘
1434,10:31:22,10.45,0.01,108,112859,买盘
1435,10:31:17,10.44,-0.01,6,6264,卖盘
1436,10:31:11,10.45,--,40,41800,买盘
1437,10:31:07,10.45,0.01,57,59564,买盘
1438,10:31:02,10.44,--,12,12528,卖盘
1439,10:30:52,10.44,--,65,68643,买盘
1440,10:30:47,10.44,--,20,20880,买盘
1441,10:30:41,10.44,--,10,10440,买盘
1442,10:30:37,10.44,0.01,327,341388,买盘
1443,10:30:32,10.43,--,18,18774,卖盘
1444,10:30:26,10.43,-0.01,3,3129,卖盘
1445,10:30:22,10.44,--,133,138852,买盘
1446,10:30:17,10.44,--,29,30276,买盘
1447,10:30:11,10.44,--,113,117972,买盘
1448,10:30:07,10.44,0.01,11,11484,买盘
1449,10:29:51,10.43,--,91,94913,买盘
1450,10:29:47,10.43,0.01,20,20860,买盘
1451,10:29:41,10.42,-0.02,2,2084,卖盘
1452,10:29:36,10.44,0.01,91,95004,买盘
1453,10:29:31,10.43,--,19,19817,卖盘
1454,10:29:11,10.43,-0.01,1,1043,卖盘
1455,10:29:02,10.44,--,50,52200,买盘
1456,10:28:56,10.44,--,199,207756,买盘
1457,10:28:51,10.44,--,6,6264,买盘
1458,10:28:46,10.44,--,46,48024,买盘
1459,10:28:41,10.44,0.01,16,16704,买盘
1460,10:28:36,10.43,-0.01,59,61537,卖盘
1461,10:28:31,10.44,0.01,21,21924,买盘
1462,10:28:26,10.43,-0.01,10,10430,卖盘
1463,10:28:21,10.44,--,25,26100,买盘
1464,10:28:16,10.44,--,22,22968,买盘
1465,10:28:11,10.44,--,42,43848,卖盘
1466,10:28:06,10.44,--,6,6264,卖盘
1467,10:28:01,10.44,--,25,26100,卖盘
1468,10:27:56,10.44,0.01,27,28188,买盘
1469,10:27:51,10.43,--,32,33376,卖盘
1470,10:27:46,10.43,-0.01,4,4172,卖盘
1471,10:27:41,10.44,-0.01,6,6264,卖盘
1472,10:27:36,10.45,--,10,10450,买盘
1473,10:27:31,10.45,0.02,44,45980,买盘
1474,10:27:26,10.43,-0.02,49,51107,卖盘
1475,10:27:21,10.45,0.01,275,287375,买盘
1476,10:27:16,10.44,--,63,65772,卖盘
1477,10:27:11,10.44,--,45,46980,卖盘
1478,10:27:06,10.44,--,35,36540,卖盘
1479,10:27:01,10.44,0.01,15,15660,买盘
1480,10:26:56,10.43,-0.01,12,12516,卖盘
1481,10:26:46,10.44,--,10,10440,买盘
1482,10:26:36,10.44,--,7,7308,买盘
1483,10:26:31,10.44,--,236,246384,买盘
1484,10:26:21,10.44,-0.01,38,39672,卖盘
1485,10:26:16,10.45,0.01,100,104500,买盘
1486,10:26:10,10.44,--,1,1044,卖盘
1487,10:26:06,10.44,-0.01,9,9396,卖盘
1488,10:26:01,10.45,--,77,80465,买盘
1489,10:25:56,10.45,--,5,5225,买盘
1490,10:25:51,10.45,--,3,3135,买盘
1491,10:25:46,10.45,--,78,82481,卖盘
1492,10:25:40,10.45,--,21,21945,卖盘
1493,10:25:36,10.45,-0.01,58,60609,卖盘
1494,10:25:31,10.46,--,114,119244,买盘
1495,10:25:26,10.46,--,40,41840,买盘
1496,10:25:21,10.46,--,90,94140,买盘
1497,10:25:16,10.46,0.01,81,84726,买盘
1498,10:25:11,10.45,--,78,81510,卖盘
1499,10:25:06,10.45,-0.01,88,91960,卖盘
1500,10:25:01,10.46,--,74,77404,买盘
1501,10:24:56,10.46,--,12,12552,买盘
1502,10:24:51,10.46,--,35,36610,买盘
1503,10:24:46,10.46,--,551,576346,卖盘
1504,10:24:40,10.46,-0.01,55,57530,卖盘
1505,10:24:36,10.47,0.01,160,167520,买盘
1506,10:24:31,10.46,--,449,469654,卖盘
1507,10:24:25,10.46,--,346,361916,买盘
1508,10:24:21,10.46,--,83,86818,买盘
1509,10:24:16,10.46,--,63,65898,买盘
1510,10:24:10,10.46,0.01,11,11506,买盘
1511,10:24:06,10.45,--,58,60683,卖盘
1512,10:24:01,10.45,--,57,59564,买盘
1513,10:23:55,10.45,0.01,1165,1217425,买盘
1514,10:23:49,10.44,-0.01,115,120060,卖盘
1515,10:23:46,10.45,0.01,51,53295,买盘
1516,10:23:40,10.44,--,57,59508,卖盘
1517,10:23:34,10.44,--,39,40716,卖盘
1518,10:23:31,10.44,--,96,100224,买盘
1519,10:23:25,10.44,0.01,464,484416,买盘
1520,10:23:19,10.43,-0.01,24,25032,卖盘
1521,10:23:16,10.44,0.02,88,91872,买盘
1522,10:23:10,10.42,-0.01,26,27092,卖盘
1523,10:23:01,10.43,--,10,10430,买盘
1524,10:22:55,10.43,0.01,995,1037785,买盘
1525,10:22:49,10.42,--,22,22924,卖盘
1526,10:22:46,10.42,--,51,53142,买盘
1527,10:22:40,10.42,--,277,288634,买盘
1528,10:22:34,10.42,--,130,135460,买盘
1529,10:22:30,10.42,--,31,32302,买盘
1530,10:22:25,10.42,0.01,183,190686,买盘
1531,10:22:19,10.41,--,2,2082,卖盘
1532,10:22:15,10.41,--,20,20820,卖盘
1533,10:22:10,10.41,--,4,4164,卖盘
1534,10:22:00,10.41,0.01,1117,1162797,买盘
1535,10:21:55,10.4,--,13,13520,卖盘
1536,10:21:49,10.4,-0.01,14,14560,卖盘
1537,10:21:45,10.41,0.01,23,23943,买盘
1538,10:21:40,10.4,0.01,298,309920,买盘
1539,10:21:34,10.39,-0.01,27,28053,卖盘
1540,10:21:30,10.4,--,47,48880,买盘
1541,10:21:25,10.4,--,10,10400,买盘
1542,10:21:15,10.4,0.01,33,34320,买盘
1543,10:21:10,10.39,-0.01,27,28053,卖盘
1544,10:21:04,10.4,--,4,4160,买盘
1545,10:21:00,10.4,-0.01,572,594880,卖盘
1546,10:20:55,10.41,0.01,11,11451,买盘
1547,10:20:45,10.4,-0.01,32,33280,卖盘
1548,10:20:40,10.41,0.01,10,10410,买盘
1549,10:20:34,10.4,-0.01,3,3120,卖盘
1550,10:20:30,10.41,0.01,78,81198,买盘
1551,10:20:25,10.4,-0.01,25,26000,卖盘
1552,10:20:19,10.41,--,4,4164,买盘
1553,10:20:15,10.41,0.01,17,17697,买盘
1554,10:20:10,10.4,-0.01,2,2080,卖盘
1555,10:20:04,10.41,0.01,20,20820,买盘
1556,10:20:00,10.4,--,20,20800,卖盘
1557,10:19:49,10.4,--,20,20800,卖盘
1558,10:19:34,10.4,-0.01,1,1040,卖盘
1559,10:19:19,10.41,0.01,56,58296,买盘
1560,10:19:15,10.4,--,13,13520,卖盘
1561,10:19:10,10.4,-0.01,13,13520,卖盘
1562,10:19:00,10.41,0.01,28,29148,买盘
1563,10:18:55,10.4,-0.01,136,141440,卖盘
1564,10:18:49,10.41,--,44,45804,买盘
1565,10:18:45,10.41,--,31,32271,买盘
1566,10:18:40,10.41,--,5,5205,买盘
1567,10:18:34,10.41,--,8,8328,买盘
1568,10:18:25,10.41,--,35,36435,卖盘
1569,10:18:19,10.41,--,58,60378,卖盘
1570,10:18:15,10.41,-0.01,11,11451,卖盘
1571,10:18:10,10.42,0.01,56,58352,买盘
1572,10:18:04,10.41,-0.01,110,114510,卖盘
1573,10:18:00,10.42,--,14,14588,买盘
1574,10:17:55,10.42,--,218,227156,买盘
1575,10:17:45,10.42,0.01,126,131292,买盘
1576,10:17:40,10.41,--,6,6246,卖盘
1577,10:17:30,10.41,--,14,14574,卖盘
1578,10:17:25,10.41,--,5,5205,卖盘
1579,10:17:15,10.41,--,152,158232,买盘
1580,10:17:10,10.41,0.01,43,44763,买盘
1581,10:17:00,10.4,-0.01,53,55120,卖盘
1582,10:16:55,10.41,0.01,276,287316,买盘
1583,10:16:49,10.4,-0.01,28,29120,卖盘
1584,10:16:45,10.41,--,198,206118,买盘
1585,10:16:40,10.41,0.01,27,28107,买盘
1586,10:16:28,10.4,--,121,125840,买盘
1587,10:16:25,10.4,0.01,628,653120,买盘
1588,10:16:19,10.39,-0.01,13,13507,卖盘
1589,10:16:13,10.4,0.01,23,23920,买盘
1590,10:16:10,10.39,--,50,51950,卖盘
1591,10:16:04,10.39,-0.01,246,255594,卖盘
1592,10:15:58,10.4,--,15,15600,买盘
1593,10:15:54,10.4,0.01,176,183040,买盘
1594,10:15:49,10.39,--,470,488330,买盘
1595,10:15:43,10.39,--,288,299232,买盘
1596,10:15:40,10.39,--,137,142343,买盘
1597,10:15:34,10.39,0.01,231,240009,买盘
1598,10:15:28,10.38,-0.01,36,37368,卖盘
1599,10:15:25,10.39,--,306,317934,买盘
1600,10:15:19,10.39,--,268,278452,买盘
1601,10:15:13,10.39,--,321,333519,买盘
1602,10:15:09,10.39,--,142,147538,买盘
1603,10:15:04,10.39,--,143,148577,买盘
1604,10:14:58,10.39,--,18,18702,买盘
1605,10:14:54,10.39,0.01,15,15585,买盘
1606,10:14:49,10.38,--,246,255773,买盘
1607,10:14:39,10.38,--,75,77850,买盘
1608,10:14:34,10.38,--,16,16608,买盘
1609,10:14:28,10.38,--,6,6228,买盘
1610,10:14:24,10.38,--,87,90306,买盘
1611,10:14:19,10.38,0.01,39,40482,买盘
1612,10:14:09,10.37,--,58,60145,卖盘
1613,10:14:04,10.37,--,40,41480,卖盘
1614,10:13:58,10.37,--,35,36295,卖盘
1615,10:13:54,10.37,0.01,75,77775,买盘
1616,10:13:49,10.36,-0.01,5,5180,卖盘
1617,10:13:43,10.37,0.01,58,60145,买盘
1618,10:13:28,10.36,--,0,0,卖盘
1619,10:13:24,10.36,--,35,36260,卖盘
1620,10:13:19,10.36,--,2,2072,卖盘
1621,10:13:13,10.36,--,50,51800,卖盘
1622,10:13:09,10.36,-0.01,39,40404,卖盘
1623,10:12:58,10.37,--,29,30072,买盘
1624,10:12:49,10.37,0.01,35,36295,买盘
1625,10:12:43,10.36,-0.01,109,112924,卖盘
1626,10:12:39,10.37,--,59,61182,买盘
1627,10:12:34,10.37,--,72,74664,买盘
1628,10:12:24,10.37,0.01,38,39406,买盘
1629,10:12:09,10.36,--,10,10360,卖盘
1630,10:12:04,10.36,--,20,20720,卖盘
1631,10:11:54,10.36,-0.01,182,188552,卖盘
1632,10:11:39,10.37,0.01,30,31109,买盘
1633,10:11:34,10.36,--,250,259000,卖盘
1634,10:11:24,10.36,--,49,50764,卖盘
1635,10:11:19,10.36,-0.01,11,11396,卖盘
1636,10:10:58,10.37,-0.01,8,8296,卖盘
1637,10:10:54,10.38,0.01,108,112104,买盘
1638,10:10:49,10.37,--,37,38369,卖盘
1639,10:10:43,10.37,--,4,4148,卖盘
1640,10:10:39,10.37,--,67,69479,卖盘
1641,10:10:34,10.37,--,11,11407,卖盘
1642,10:10:28,10.37,--,1,1037,卖盘
1643,10:10:24,10.37,--,35,36295,卖盘
1644,10:10:19,10.37,--,29,30072,卖盘
1645,10:10:09,10.37,--,21,21777,卖盘
1646,10:10:03,10.37,-0.01,44,45628,卖盘
1647,10:09:58,10.38,--,9,9342,买盘
1648,10:09:54,10.38,--,38,39444,买盘
1649,10:09:33,10.38,--,56,58740,卖盘
1650,10:09:28,10.38,--,267,277146,卖盘
1651,10:09:24,10.38,--,33,34254,卖盘
1652,10:09:18,10.38,--,69,71622,卖盘
1653,10:09:13,10.38,--,159,165042,卖盘
1654,10:09:07,10.38,--,68,70584,卖盘
1655,10:09:03,10.38,--,10,10380,卖盘
1656,10:08:58,10.38,--,104,107952,卖盘
1657,10:08:52,10.38,--,30,31140,卖盘
1658,10:08:48,10.38,--,83,86154,卖盘
1659,10:08:43,10.38,--,25,25950,卖盘
1660,10:08:33,10.38,--,159,165042,卖盘
1661,10:08:28,10.38,-0.01,4,4152,卖盘
1662,10:08:18,10.39,0.01,46,47794,买盘
1663,10:08:13,10.38,-0.01,35,36330,卖盘
1664,10:08:07,10.39,0.01,102,105978,买盘
1665,10:08:03,10.38,--,20,20760,卖盘
1666,10:07:58,10.38,--,228,236664,卖盘
1667,10:07:52,10.38,--,29,30102,卖盘
1668,10:07:48,10.38,--,6,6228,卖盘
1669,10:07:43,10.38,-0.01,1,1038,卖盘
1670,10:07:33,10.39,--,12,12468,买盘
1671,10:07:28,10.39,--,85,88315,买盘
1672,10:07:22,10.39,--,4,4156,买盘
1673,10:07:18,10.39,0.01,14,14546,买盘
1674,10:07:13,10.38,-0.01,23,23874,卖盘
1675,10:07:07,10.39,--,20,20780,买盘
1676,10:07:03,10.39,--,36,37404,买盘
1677,10:06:58,10.39,0.01,50,51950,买盘
1678,10:06:52,10.38,--,14,14532,卖盘
1679,10:06:48,10.38,--,108,112104,卖盘
1680,10:06:43,10.38,--,383,397979,买盘
1681,10:06:33,10.38,--,3,3114,买盘
1682,10:06:28,10.38,0.01,21,21798,买盘
1683,10:06:22,10.37,-0.01,27,27998,卖盘
1684,10:06:18,10.38,--,6,6228,买盘
1685,10:06:13,10.38,0.02,159,165042,买盘
1686,10:06:07,10.36,-0.01,72,74592,卖盘
1687,10:06:03,10.37,0.01,510,528870,买盘
1688,10:05:58,10.36,-0.01,119,123284,卖盘
1689,10:05:52,10.37,--,37,38369,买盘
1690,10:05:48,10.37,--,178,184586,买盘
1691,10:05:43,10.37,--,255,264435,买盘
1692,10:05:37,10.37,--,6,6221,买盘
1693,10:05:33,10.37,--,517,536129,买盘
1694,10:05:28,10.37,0.01,51,52886,买盘
1695,10:05:22,10.36,-0.01,204,211344,卖盘
1696,10:05:18,10.37,0.01,204,211547,买盘
1697,10:05:13,10.36,-0.01,23,23828,卖盘
1698,10:05:07,10.37,--,240,248879,买盘
1699,10:04:58,10.37,--,100,103699,买盘
1700,10:04:52,10.37,0.01,50,51849,买盘
1701,10:04:48,10.36,-0.01,148,153328,卖盘
1702,10:04:43,10.37,0.01,137,142069,买盘
1703,10:04:37,10.36,--,85,88060,卖盘
1704,10:04:33,10.36,-0.01,49,50764,卖盘
1705,10:04:28,10.37,0.01,214,221917,买盘
1706,10:04:22,10.36,--,947,981092,卖盘
1707,10:04:18,10.36,-0.01,40,41440,卖盘
1708,10:04:13,10.37,--,7,7258,买盘
1709,10:04:07,10.37,0.01,50,51849,买盘
1710,10:04:02,10.36,--,15,15540,卖盘
1711,10:03:57,10.36,--,25,25900,卖盘
1712,10:03:52,10.36,--,3,3108,卖盘
1713,10:03:48,10.36,-0.01,5,5180,卖盘
1714,10:03:42,10.37,--,3,3110,买盘
1715,10:03:33,10.37,0.01,50,51849,买盘
1716,10:03:27,10.36,--,25,25900,卖盘
1717,10:03:17,10.36,--,50,51800,卖盘
1718,10:03:12,10.36,-0.01,1,1036,卖盘
1719,10:03:07,10.37,--,31,32146,买盘
1720,10:03:02,10.37,--,97,100588,买盘
1721,10:02:57,10.37,0.01,62,64293,买盘
1722,10:02:52,10.36,--,4,4144,卖盘
1723,10:02:42,10.36,--,304,314944,卖盘
1724,10:02:37,10.36,--,15,15540,卖盘
1725,10:02:32,10.36,--,52,53872,买盘
1726,10:02:27,10.36,--,55,56980,买盘
1727,10:02:22,10.36,--,50,51800,买盘
1728,10:02:17,10.36,--,17,17612,买盘
1729,10:02:12,10.36,--,59,61124,买盘
1730,10:02:07,10.36,--,69,71484,卖盘
1731,10:02:01,10.36,-0.01,2,2072,卖盘
1732,10:01:57,10.37,0.01,15,15554,买盘
1733,10:01:52,10.36,--,20,20720,卖盘
1734,10:01:46,10.36,--,12,12432,卖盘
1735,10:01:37,10.36,-0.01,10,10360,卖盘
1736,10:01:27,10.37,0.02,20,20740,买盘
1737,10:01:16,10.35,--,0,0,卖盘
1738,10:01:12,10.35,-0.02,2,2070,卖盘
1739,10:01:07,10.37,0.01,137,142069,买盘
1740,10:01:01,10.36,-0.01,120,124320,卖盘
1741,10:00:57,10.37,0.01,10,10370,买盘
1742,10:00:52,10.36,0.01,10,10360,买盘
1743,10:00:46,10.35,0.01,6,6210,买盘
1744,10:00:42,10.34,-0.01,131,135454,卖盘
1745,10:00:31,10.35,-0.02,43,44505,卖盘
1746,10:00:27,10.37,0.02,114,118217,买盘
1747,10:00:22,10.35,-0.02,186,192510,卖盘
1748,10:00:16,10.37,--,24,24887,买盘
1749,10:00:12,10.37,--,2,2074,买盘
1750,10:00:07,10.37,--,8,8296,买盘
1751,10:00:01,10.37,--,43,44591,买盘
1752,09:59:57,10.37,--,6,6221,买盘
1753,09:59:52,10.37,--,2,2074,买盘
1754,09:59:46,10.37,0.01,89,92293,买盘
1755,09:59:37,10.36,0.02,685,709660,买盘
1756,09:59:31,10.34,-0.01,5,5170,卖盘
1757,09:59:27,10.35,0.01,12,12420,买盘
1758,09:59:22,10.34,--,43,44462,卖盘
1759,09:59:16,10.34,0.01,94,97196,买盘
1760,09:59:12,10.33,-0.01,53,54749,卖盘
1761,09:59:07,10.34,--,9,9306,买盘
1762,09:58:57,10.34,0.01,110,113740,买盘
1763,09:58:52,10.33,--,11,11363,卖盘
1764,09:58:46,10.33,0.01,268,276844,买盘
1765,09:58:37,10.32,-0.01,23,23736,卖盘
1766,09:58:26,10.33,0.01,16,16528,买盘
1767,09:58:22,10.32,--,50,51600,卖盘
1768,09:58:16,10.32,-0.01,41,42312,卖盘
1769,09:58:11,10.33,0.01,38,39254,买盘
1770,09:58:07,10.32,--,16,16512,卖盘
1771,09:58:01,10.32,--,20,20640,卖盘
1772,09:57:56,10.32,--,14,14448,卖盘
1773,09:57:41,10.32,0.01,145,149640,买盘
1774,09:57:36,10.31,-0.01,1,1031,卖盘
1775,09:57:31,10.32,--,5,5160,买盘
1776,09:57:26,10.32,--,64,66048,买盘
1777,09:57:21,10.32,0.01,25,25800,买盘
1778,09:57:11,10.31,-0.01,26,26806,卖盘
1779,09:57:01,10.32,--,52,53664,卖盘
1780,09:56:56,10.32,--,2,2064,卖盘
1781,09:56:51,10.32,--,25,25800,卖盘
1782,09:56:46,10.32,0.01,167,172344,买盘
1783,09:56:41,10.31,--,52,53612,卖盘
1784,09:56:36,10.31,--,41,42271,卖盘
1785,09:56:31,10.31,-0.01,92,94852,卖盘
1786,09:56:26,10.32,--,6,6192,买盘
1787,09:56:21,10.32,--,20,20640,买盘
1788,09:56:16,10.32,--,99,102168,买盘
1789,09:56:11,10.32,--,6,6192,买盘
1790,09:56:06,10.32,0.01,104,107328,买盘
1791,09:56:01,10.31,-0.01,102,105162,卖盘
1792,09:55:51,10.32,--,30,30960,买盘
1793,09:55:46,10.32,--,10,10320,买盘
1794,09:55:41,10.32,--,5,5160,买盘
1795,09:55:36,10.32,--,146,150672,卖盘
1796,09:55:26,10.32,--,74,76368,卖盘
1797,09:55:21,10.32,--,81,83592,买盘
1798,09:55:11,10.32,--,17,17544,买盘
1799,09:55:06,10.32,--,12,12384,买盘
1800,09:55:01,10.32,--,16,16512,买盘
1801,09:54:56,10.32,--,200,206400,卖盘
1802,09:54:51,10.32,--,20,20640,卖盘
1803,09:54:46,10.32,--,152,156864,卖盘
1804,09:54:40,10.32,--,63,65016,买盘
1805,09:54:36,10.32,--,25,25800,买盘
1806,09:54:31,10.32,0.01,8,8256,买盘
1807,09:54:21,10.31,-0.01,12,12372,卖盘
1808,09:54:16,10.32,0.01,77,79464,买盘
1809,09:54:10,10.31,-0.01,20,20620,卖盘
1810,09:53:55,10.32,0.01,68,70176,买盘
1811,09:53:51,10.31,--,55,56705,卖盘
1812,09:53:36,10.31,--,11,11341,卖盘
1813,09:53:31,10.31,-0.01,9,9279,卖盘
1814,09:53:25,10.32,--,50,51600,买盘
1815,09:53:21,10.32,--,22,22704,买盘
1816,09:53:10,10.32,--,10,10320,买盘
1817,09:53:06,10.32,--,14,14448,买盘
1818,09:53:01,10.32,0.01,6,6192,买盘
1819,09:52:55,10.31,-0.01,17,17527,卖盘
1820,09:52:51,10.32,--,81,83592,买盘
1821,09:52:46,10.32,--,100,103200,买盘
1822,09:52:36,10.32,0.01,24,24768,买盘
1823,09:52:31,10.31,--,8,8248,卖盘
1824,09:52:25,10.31,--,154,158774,卖盘
1825,09:52:21,10.31,--,94,96914,卖盘
1826,09:52:16,10.31,--,1,1031,卖盘
1827,09:52:10,10.31,--,1,1031,卖盘
1828,09:52:06,10.31,--,47,48457,卖盘
1829,09:52:01,10.31,-0.01,2,2062,中性盘
1830,09:51:55,10.32,--,12,12384,买盘
1831,09:51:51,10.32,0.01,105,108360,买盘
1832,09:51:46,10.31,-0.01,32,32992,卖盘
1833,09:51:36,10.32,--,86,88752,卖盘
1834,09:51:31,10.32,--,89,91848,买盘
1835,09:51:25,10.32,--,10,10320,买盘
1836,09:51:21,10.32,0.01,7,7224,买盘
1837,09:51:06,10.31,-0.01,84,86604,卖盘
1838,09:51:01,10.32,0.01,23,23736,买盘
1839,09:50:55,10.31,--,52,53612,卖盘
1840,09:50:51,10.31,--,15,15465,卖盘
1841,09:50:45,10.31,--,47,48457,卖盘
1842,09:50:35,10.31,--,6,6186,卖盘
1843,09:50:30,10.31,--,11,11341,卖盘
1844,09:50:25,10.31,0.01,14,14434,买盘
1845,09:50:20,10.3,-0.01,12,12360,卖盘
1846,09:50:15,10.31,0.01,6,6186,买盘
1847,09:50:00,10.3,-0.01,2,2060,卖盘
1848,09:49:50,10.31,--,39,40209,卖盘
1849,09:49:45,10.31,--,19,19589,卖盘
1850,09:49:40,10.31,--,48,49488,卖盘
1851,09:49:35,10.31,-0.01,1,1031,卖盘
1852,09:49:15,10.32,--,0,0,卖盘
1853,09:49:05,10.32,-0.01,2,2064,卖盘
1854,09:49:00,10.33,--,10,10330,买盘
1855,09:48:55,10.33,--,28,28924,卖盘
1856,09:48:45,10.33,--,47,48551,卖盘
1857,09:48:35,10.33,0.02,425,439025,买盘
1858,09:48:30,10.31,-0.01,45,46395,卖盘
1859,09:48:20,10.32,0.01,17,17544,买盘
1860,09:48:15,10.31,--,20,20620,卖盘
1861,09:48:10,10.31,--,1,1031,卖盘
1862,09:48:00,10.31,--,10,10310,卖盘
1863,09:47:50,10.31,--,29,29899,卖盘
1864,09:47:45,10.31,--,17,17527,买盘
1865,09:47:35,10.31,0.01,5,5155,买盘
1866,09:47:20,10.3,-0.01,12,12360,卖盘
1867,09:47:15,10.31,0.02,34,35054,买盘
1868,09:47:10,10.29,-0.01,281,289149,卖盘
1869,09:47:05,10.3,--,50,51500,卖盘
1870,09:47:00,10.3,--,89,91670,买盘
1871,09:46:55,10.3,--,49,50470,买盘
1872,09:46:50,10.3,--,27,27810,买盘
1873,09:46:45,10.3,--,12,12360,买盘
1874,09:46:40,10.3,--,7,7210,买盘
1875,09:46:34,10.3,-0.01,140,144200,卖盘
1876,09:46:30,10.31,--,9,9279,买盘
1877,09:46:25,10.31,0.01,50,51550,买盘
1878,09:46:15,10.3,-0.01,27,27810,卖盘
1879,09:46:10,10.31,--,5,5155,买盘
1880,09:46:00,10.31,0.01,34,35054,买盘
1881,09:45:55,10.3,--,4,4120,卖盘
1882,09:45:49,10.3,--,6,6180,卖盘
1883,09:45:45,10.3,--,47,48410,卖盘
1884,09:45:34,10.3,--,209,215270,买盘
1885,09:45:30,10.3,--,1,1030,买盘
1886,09:45:25,10.3,--,76,78280,买盘
1887,09:45:19,10.3,--,16,16480,买盘
1888,09:45:15,10.3,0.01,36,37080,买盘
1889,09:45:04,10.29,-0.01,1,1029,卖盘
1890,09:45:00,10.3,--,40,41200,买盘
1891,09:44:55,10.3,--,63,64890,买盘
1892,09:44:49,10.3,--,19,19570,买盘
1893,09:44:45,10.3,0.01,2,2060,买盘
1894,09:44:40,10.29,--,91,93638,卖盘
1895,09:44:30,10.29,0.01,165,170062,买盘
1896,09:44:25,10.28,--,10,10280,卖盘
1897,09:44:19,10.28,--,20,20560,卖盘
1898,09:44:15,10.28,--,75,77100,卖盘
1899,09:44:10,10.28,--,105,107940,卖盘
1900,09:44:00,10.28,-0.01,50,51400,卖盘
1901,09:43:45,10.29,0.01,2,2058,买盘
1902,09:43:30,10.28,--,54,55512,卖盘
1903,09:43:14,10.28,--,29,29811,买盘
1904,09:43:09,10.28,--,12,12336,买盘
1905,09:43:04,10.28,--,57,58595,买盘
1906,09:43:00,10.28,--,67,68876,买盘
1907,09:42:54,10.28,--,12,12336,买盘
1908,09:42:44,10.28,0.01,80,82240,买盘
1909,09:42:39,10.27,-0.01,12,12324,卖盘
1910,09:42:34,10.28,--,6,6168,买盘
1911,09:42:29,10.28,--,64,65792,买盘
1912,09:42:24,10.28,0.01,7,7196,买盘
1913,09:42:19,10.27,--,14,14378,卖盘
1914,09:42:14,10.27,-0.02,69,70863,卖盘
1915,09:42:09,10.29,0.02,51,52478,买盘
1916,09:42:04,10.27,--,0,0,卖盘
1917,09:41:59,10.27,-0.01,331,339937,卖盘
1918,09:41:54,10.28,--,31,31867,买盘
1919,09:41:49,10.28,--,10,10280,买盘
1920,09:41:44,10.28,0.01,10,10280,买盘
1921,09:41:39,10.27,-0.01,29,29783,卖盘
1922,09:41:34,10.28,-0.01,40,41120,卖盘
1923,09:41:24,10.29,0.02,7,7202,买盘
1924,09:41:19,10.27,-0.01,257,263939,卖盘
1925,09:41:14,10.28,-0.01,15,15419,卖盘
1926,09:41:09,10.29,0.01,41,42189,买盘
1927,09:41:04,10.28,-0.01,29,29811,卖盘
1928,09:40:59,10.29,--,5,5145,买盘
1929,09:40:49,10.29,0.01,18,18522,买盘
1930,09:40:44,10.28,--,29,29811,卖盘
1931,09:40:39,10.28,--,31,31867,卖盘
1932,09:40:34,10.28,--,18,18504,卖盘
1933,09:40:29,10.28,--,36,37008,买盘
1934,09:40:24,10.28,--,16,16448,买盘
1935,09:40:19,10.28,--,94,96632,买盘
1936,09:40:14,10.28,0.01,50,51400,买盘
1937,09:40:09,10.27,-0.01,14,14378,卖盘
1938,09:40:04,10.28,0.01,58,59623,买盘
1939,09:39:59,10.27,-0.01,23,23621,卖盘
1940,09:39:54,10.28,--,99,101772,买盘
1941,09:39:49,10.28,--,12,12336,买盘
1942,09:39:44,10.28,--,59,60651,买盘
1943,09:39:39,10.28,-0.01,228,234383,卖盘
1944,09:39:29,10.29,0.01,49,50420,买盘
1945,09:39:24,10.28,--,14,14392,卖盘
1946,09:39:19,10.28,-0.01,110,113080,卖盘
1947,09:39:13,10.29,0.01,7,7202,中性盘
1948,09:39:09,10.28,-0.02,184,189152,卖盘
1949,09:39:04,10.3,0.02,364,374920,买盘
1950,09:38:58,10.28,--,29,29811,卖盘
1951,09:38:54,10.28,0.01,151,155834,买盘
1952,09:38:49,10.27,-0.01,94,96538,卖盘
1953,09:38:43,10.28,0.01,99,101772,买盘
1954,09:38:39,10.27,--,274,281398,卖盘
1955,09:38:34,10.27,-0.01,36,36972,中性盘
1956,09:38:28,10.28,0.01,36,37008,买盘
1957,09:38:24,10.27,--,22,22594,卖盘
1958,09:38:19,10.27,--,82,84214,卖盘
1959,09:38:13,10.27,--,236,242372,卖盘
1960,09:38:09,10.27,--,135,138645,卖盘
1961,09:38:04,10.27,-0.01,6,6162,卖盘
1962,09:37:58,10.28,--,31,31867,买盘
1963,09:37:54,10.28,--,310,318680,卖盘
1964,09:37:49,10.28,-0.01,62,63735,卖盘
1965,09:37:39,10.29,--,19,19551,卖盘
1966,09:37:34,10.29,-0.01,38,39102,卖盘
1967,09:37:23,10.3,0.01,10,10300,买盘
1968,09:37:19,10.29,-0.01,98,100841,卖盘
1969,09:37:08,10.3,--,150,154500,卖盘
1970,09:37:04,10.3,-0.01,10,10300,卖盘
1971,09:36:58,10.31,--,129,132999,卖盘
1972,09:36:53,10.31,--,50,51550,卖盘
1973,09:36:49,10.31,--,108,111348,卖盘
1974,09:36:38,10.31,--,12,12372,卖盘
1975,09:36:34,10.31,--,8,8248,卖盘
1976,09:36:28,10.31,--,99,102069,卖盘
1977,09:36:23,10.31,--,59,60829,卖盘
1978,09:36:19,10.31,-0.01,4,4124,卖盘
1979,09:36:13,10.32,--,12,12384,卖盘
1980,09:36:08,10.32,--,52,53664,卖盘
1981,09:36:04,10.32,--,140,144480,卖盘
1982,09:35:58,10.32,--,3,3096,卖盘
1983,09:35:53,10.32,-0.01,41,42312,卖盘
1984,09:35:48,10.33,--,17,17561,买盘
1985,09:35:43,10.33,--,64,66112,卖盘
1986,09:35:38,10.33,-0.01,158,163214,卖盘
1987,09:35:33,10.34,--,329,340186,买盘
1988,09:35:28,10.34,0.01,6,6204,买盘
1989,09:35:23,10.33,-0.01,1,1033,卖盘
1990,09:35:18,10.34,--,415,429110,卖盘
1991,09:35:13,10.34,--,8,8272,卖盘
1992,09:35:08,10.34,--,45,46530,卖盘
1993,09:34:58,10.34,--,119,123046,卖盘
1994,09:34:53,10.34,--,55,56870,卖盘
1995,09:34:48,10.34,--,28,28952,卖盘
1996,09:34:43,10.34,--,10,10340,卖盘
1997,09:34:38,10.34,-0.01,1,1034,卖盘
1998,09:34:28,10.35,0.01,3,3105,卖盘
1999,09:34:23,10.34,--,0,0,卖盘
2000,09:34:08,10.34,--,105,108570,买盘
2001,09:34:03,10.34,--,1698,1755732,卖盘
2002,09:33:53,10.34,0.01,463,478742,买盘
2003,09:33:48,10.33,-0.01,50,51650,卖盘
2004,09:33:43,10.34,0.01,7,7238,买盘
2005,09:33:38,10.33,-0.01,11,11363,卖盘
2006,09:33:33,10.34,--,90,93060,买盘
2007,09:33:28,10.34,0.01,5,5170,买盘
2008,09:33:23,10.33,-0.01,202,208666,卖盘
2009,09:33:18,10.34,--,61,63074,买盘
2010,09:33:13,10.34,0.01,50,51700,买盘
2011,09:33:08,10.33,-0.01,119,122927,卖盘
2012,09:32:58,10.34,--,40,41360,买盘
2013,09:32:48,10.34,0.01,100,103400,买盘
2014,09:32:38,10.33,-0.01,1,1033,卖盘
2015,09:32:33,10.34,--,100,103400,买盘
2016,09:32:28,10.34,--,10,10340,买盘
2017,09:32:23,10.34,--,38,39292,卖盘
2018,09:32:18,10.34,--,18,18612,卖盘
2019,09:32:13,10.34,--,112,115808,卖盘
2020,09:32:08,10.34,-0.01,2,2068,卖盘
2021,09:31:58,10.35,--,21,21735,买盘
2022,09:31:53,10.35,--,23,23805,买盘
2023,09:31:48,10.35,-0.01,62,64170,中性盘
2024,09:31:43,10.36,0.02,8,8288,买盘
2025,09:31:38,10.34,-0.02,1,1034,卖盘
2026,09:31:33,10.36,--,360,372960,买盘
2027,09:31:23,10.36,0.02,800,828800,买盘
2028,09:31:18,10.34,-0.02,297,307098,卖盘
2029,09:31:13,10.36,0.02,66,68376,买盘
2030,09:31:07,10.34,--,0,0,卖盘
2031,09:31:03,10.34,--,10,10340,卖盘
2032,09:30:43,10.34,0.01,1,1034,卖盘
2033,09:30:32,10.33,-0.01,5,5165,卖盘
2034,09:30:27,10.34,--,48,49632,买盘
2035,09:30:22,10.34,--,7,7238,买盘
2036,09:30:18,10.34,0.01,30,31020,买盘
2037,09:30:12,10.33,--,204,210732,卖盘
2038,09:30:07,10.33,--,206,212798,卖盘
2039,09:30:02,10.33,--,253,261349,买盘
2040,09:28:46,10.33,--,0,0,买盘
2041,09:25:05,10.33,10.33,653,674549,买盘
