,time,price,change,volume,amount,type
0,15:00:00,10.98,--,0,0,卖盘
1,15:00:00,10.98,-0.01,0,0,卖盘
2,15:00:00,10.99,0.01,105,115395,买盘
3,14:59:58,10.98,--,143,157014,卖盘
4,14:59:52,10.98,--,51,55998,卖盘
5,14:59:48,10.98,--,91,99918,卖盘
6,14:59:42,10.98,--,3,3294,卖盘
7,14:59:37,10.98,0.01,151,165798,买盘
8,14:59:33,10.97,-0.01,66,72402,卖盘
9,14:59:27,10.98,0.01,1025,1125450,买盘
10,14:59:22,10.97,--,115,126155,卖盘
11,14:59:18,10.97,--,220,241340,卖盘
12,14:59:12,10.97,-0.01,512,561664,卖盘
13,14:59:07,10.98,--,584,641232,买盘
14,14:59:03,10.98,0.01,135,148230,买盘
15,14:58:52,10.97,--,25,27425,卖盘
16,14:58:48,10.97,-0.01,113,123961,卖盘
17,14:58:42,10.98,0.01,10,10980,买盘
18,14:58:37,10.97,--,249,273153,买盘
19,14:58:33,10.97,0.01,107,117379,买盘
20,14:58:27,10.96,-0.01,20,21920,卖盘
21,14:58:22,10.97,--,5,5485,买盘
22,14:58:17,10.97,--,9,9873,买盘
23,14:58:12,10.97,--,46,50462,买盘
24,14:58:07,10.97,0.01,146,160162,买盘
25,14:58:02,10.96,-0.01,249,272904,卖盘
26,14:57:57,10.97,--,94,103118,买盘
27,14:57:47,10.97,0.01,113,123961,买盘
28,14:57:42,10.96,-0.02,53,59096,卖盘
29,14:57:37,10.98,0.01,150,164700,买盘
30,14:57:32,10.97,--,113,123961,卖盘
31,14:57:27,10.97,--,50,54850,卖盘
32,14:57:22,10.97,0.01,101,110797,买盘
33,14:57:17,10.96,-0.01,59,64664,卖盘
34,14:57:12,10.97,0.01,20,21940,买盘
35,14:57:07,10.96,-0.01,80,87680,卖盘
36,14:57:02,10.97,--,1,1097,买盘
37,14:56:57,10.97,0.01,200,219400,买盘
38,14:56:52,10.96,--,229,250984,卖盘
39,14:56:47,10.96,--,40,43840,卖盘
40,14:56:42,10.96,--,14,15344,卖盘
41,14:56:37,10.96,--,17,18632,卖盘
42,14:56:32,10.96,--,139,152344,卖盘
43,14:56:27,10.96,--,13,14248,卖盘
44,14:56:22,10.96,--,310,339760,卖盘
45,14:56:17,10.96,-0.01,210,230160,卖盘
46,14:56:12,10.97,0.01,14,15358,买盘
47,14:56:07,10.96,--,2,2192,卖盘
48,14:56:02,10.96,-0.01,255,279480,卖盘
49,14:55:57,10.97,0.02,31,34007,买盘
50,14:55:52,10.95,-0.01,121,133141,卖盘
51,14:55:47,10.96,--,20,21920,买盘
52,14:55:37,10.96,-0.01,10,11409,卖盘
53,14:55:32,10.97,--,21,23037,买盘
54,14:55:27,10.97,0.01,60,65820,买盘
55,14:55:22,10.96,--,60,65760,卖盘
56,14:55:17,10.96,--,145,158920,卖盘
57,14:55:12,10.96,-0.01,2,2192,卖盘
58,14:55:07,10.97,0.01,122,133834,买盘
59,14:55:02,10.96,--,8,8768,卖盘
60,14:54:57,10.96,--,20,21920,卖盘
61,14:54:52,10.96,--,38,42294,买盘
62,14:54:47,10.96,--,17,18632,买盘
63,14:54:42,10.96,--,1,1096,买盘
64,14:54:37,10.96,-0.01,889,974344,卖盘
65,14:54:32,10.97,--,4,4388,买盘
66,14:54:27,10.97,--,25,27425,买盘
67,14:54:22,10.97,0.01,20,21940,买盘
68,14:54:16,10.96,--,568,622528,卖盘
69,14:54:12,10.96,-0.01,33,36168,卖盘
70,14:54:07,10.97,0.01,5,5485,买盘
71,14:54:01,10.96,--,109,119464,卖盘
72,14:53:57,10.96,-0.01,66,72336,卖盘
73,14:53:52,10.97,0.01,13,14261,买盘
74,14:53:46,10.96,--,82,89872,卖盘
75,14:53:41,10.96,--,10,10960,卖盘
76,14:53:37,10.96,-0.01,77,84392,卖盘
77,14:53:31,10.97,0.01,166,182102,买盘
78,14:53:22,10.96,--,62,67952,卖盘
79,14:53:16,10.96,--,18,19728,卖盘
80,14:53:11,10.96,--,926,1014896,卖盘
81,14:53:07,10.96,--,273,299208,卖盘
82,14:53:01,10.96,0.01,526,576496,买盘
83,14:52:56,10.95,--,20,21900,卖盘
84,14:52:52,10.95,-0.01,25,27375,卖盘
85,14:52:46,10.96,--,239,261944,买盘
86,14:52:37,10.96,0.01,106,116176,买盘
87,14:52:31,10.95,--,17,18615,卖盘
88,14:52:26,10.95,--,46,50370,卖盘
89,14:52:22,10.95,-0.01,10,10950,卖盘
90,14:52:16,10.96,--,94,103024,买盘
91,14:52:11,10.96,--,90,98640,买盘
92,14:52:07,10.96,0.01,5,5480,买盘
93,14:52:01,10.95,--,55,60224,卖盘
94,14:51:56,10.95,-0.01,9,9855,卖盘
95,14:51:51,10.96,--,61,66856,买盘
96,14:51:46,10.96,0.01,29,31784,买盘
97,14:51:41,10.95,--,597,654437,买盘
98,14:51:36,10.95,--,215,235424,买盘
99,14:51:31,10.95,--,199,217905,买盘
100,14:51:26,10.95,--,113,123734,买盘
101,14:51:21,10.95,0.01,128,140160,买盘
102,14:51:16,10.94,-0.01,1,1094,卖盘
103,14:51:11,10.95,--,24,26280,买盘
104,14:51:06,10.95,0.01,33,36135,买盘
105,14:50:51,10.94,--,5,5470,卖盘
106,14:50:46,10.94,-0.01,21,22974,卖盘
107,14:50:41,10.95,0.01,11,12045,买盘
108,14:50:31,10.94,--,8,8752,卖盘
109,14:50:26,10.94,--,4,4376,卖盘
110,14:50:16,10.94,--,58,63452,卖盘
111,14:50:11,10.94,-0.01,7,7658,卖盘
112,14:50:06,10.95,0.01,10,10950,买盘
113,14:50:01,10.94,--,44,48136,卖盘
114,14:49:56,10.94,-0.01,7,7658,卖盘
115,14:49:46,10.95,0.01,52,56939,买盘
116,14:49:41,10.94,--,24,26256,卖盘
117,14:49:31,10.94,-0.01,10,10940,卖盘
118,14:49:21,10.95,--,10,10950,买盘
119,14:49:16,10.95,0.01,7,7664,买盘
120,14:49:11,10.94,-0.01,120,131280,卖盘
121,14:49:01,10.95,0.01,79,86505,买盘
122,14:48:56,10.94,-0.01,249,273379,卖盘
123,14:48:46,10.95,--,224,245279,买盘
124,14:48:41,10.95,--,13,14234,买盘
125,14:48:36,10.95,0.01,10,10950,买盘
126,14:48:31,10.94,-0.01,56,61264,卖盘
127,14:48:26,10.95,--,41,44895,买盘
128,14:48:21,10.95,--,30,32850,买盘
129,14:48:16,10.95,--,83,90885,买盘
130,14:48:11,10.95,--,5,5475,买盘
131,14:48:06,10.95,--,37,40515,买盘
132,14:48:01,10.95,--,35,38325,买盘
133,14:47:56,10.95,--,375,410625,买盘
134,14:47:51,10.95,--,30,32850,买盘
135,14:47:46,10.95,--,40,43800,买盘
136,14:47:41,10.95,--,50,54750,买盘
137,14:47:36,10.95,--,10,10950,买盘
138,14:47:31,10.95,0.01,51,55845,买盘
139,14:47:26,10.94,-0.01,132,144408,卖盘
140,14:47:21,10.95,--,12,13140,买盘
141,14:47:16,10.95,--,128,140160,买盘
142,14:47:11,10.95,--,46,50370,买盘
143,14:47:01,10.95,0.01,1059,1159605,买盘
144,14:46:41,10.94,--,20,21880,卖盘
145,14:46:36,10.94,-0.01,43,47042,卖盘
146,14:46:31,10.95,0.01,152,166440,买盘
147,14:46:25,10.94,--,11,12034,卖盘
148,14:46:20,10.94,--,10,10940,卖盘
149,14:46:16,10.94,-0.01,14,15316,卖盘
150,14:46:10,10.95,0.01,15,16425,买盘
151,14:46:06,10.94,-0.01,10,10940,卖盘
152,14:46:01,10.95,0.01,284,310980,买盘
153,14:45:55,10.94,--,36,39384,卖盘
154,14:45:50,10.94,--,166,181604,卖盘
155,14:45:46,10.94,-0.01,33,36102,卖盘
156,14:45:40,10.95,0.01,200,219000,买盘
157,14:45:35,10.94,--,20,21880,卖盘
158,14:45:25,10.94,--,92,100648,卖盘
159,14:45:20,10.94,--,138,150972,卖盘
160,14:45:10,10.94,--,396,433224,买盘
161,14:45:05,10.94,0.01,38,41572,买盘
162,14:45:01,10.93,-0.01,10,10930,卖盘
163,14:44:55,10.94,--,596,652024,买盘
164,14:44:50,10.94,0.01,9,9846,买盘
165,14:44:45,10.93,-0.01,2,2186,卖盘
166,14:44:40,10.94,0.01,70,76580,买盘
167,14:44:35,10.93,--,414,452502,卖盘
168,14:44:25,10.93,--,16,17488,卖盘
169,14:44:20,10.93,-0.01,125,136625,卖盘
170,14:44:15,10.94,0.01,18,19692,买盘
171,14:44:10,10.93,--,65,71045,卖盘
172,14:44:05,10.93,--,54,59371,买盘
173,14:43:55,10.93,--,17,18581,买盘
174,14:43:50,10.93,--,110,120230,买盘
175,14:43:45,10.93,0.01,300,327900,买盘
176,14:43:40,10.92,-0.01,32,34944,卖盘
177,14:43:35,10.93,0.01,10,10930,买盘
178,14:43:30,10.92,-0.01,55,60060,卖盘
179,14:43:25,10.93,--,206,225158,买盘
180,14:43:20,10.93,--,176,192368,买盘
181,14:43:15,10.93,0.01,26,28418,买盘
182,14:42:55,10.92,-0.01,105,114660,卖盘
183,14:42:50,10.93,--,110,120230,卖盘
184,14:42:45,10.93,--,10,10930,卖盘
185,14:42:40,10.93,--,23,25139,卖盘
186,14:42:35,10.93,--,105,114765,卖盘
187,14:42:30,10.93,--,10,10930,卖盘
188,14:42:25,10.93,--,22,24046,卖盘
189,14:42:20,10.93,-0.01,99,108207,卖盘
190,14:42:15,10.94,--,61,66734,买盘
191,14:42:10,10.94,0.01,2,2188,买盘
192,14:42:05,10.93,--,2,2186,卖盘
193,14:42:00,10.93,--,103,112579,卖盘
194,14:41:55,10.93,--,12,13116,卖盘
195,14:41:50,10.93,--,5,5465,卖盘
196,14:41:40,10.93,-0.01,2,2186,卖盘
197,14:41:35,10.94,--,153,167382,买盘
198,14:41:30,10.94,--,10,10940,买盘
199,14:41:25,10.94,--,31,33914,买盘
200,14:41:20,10.94,--,194,212761,买盘
201,14:41:15,10.94,--,2,2188,买盘
202,14:41:10,10.94,0.01,18,19692,买盘
203,14:41:05,10.93,-0.01,18,19674,卖盘
204,14:40:54,10.94,0.01,151,165194,买盘
205,14:40:50,10.93,--,35,38255,卖盘
206,14:40:40,10.93,-0.01,116,126788,卖盘
207,14:40:35,10.94,0.01,102,111588,买盘
208,14:40:30,10.93,--,50,54650,卖盘
209,14:40:20,10.93,--,92,100556,卖盘
210,14:40:10,10.93,--,10,10930,卖盘
211,14:40:05,10.93,--,10,10930,卖盘
212,14:40:00,10.93,--,11,12023,卖盘
213,14:39:50,10.93,-0.01,13,14209,卖盘
214,14:39:40,10.94,0.01,5,5470,买盘
215,14:39:35,10.93,-0.01,29,31697,卖盘
216,14:39:24,10.94,0.01,40,43760,买盘
217,14:39:20,10.93,--,105,114765,卖盘
218,14:39:15,10.93,--,248,271064,卖盘
219,14:39:04,10.93,--,5,5465,卖盘
220,14:39:00,10.93,--,7,7651,卖盘
221,14:38:54,10.93,--,1,1093,卖盘
222,14:38:45,10.93,-0.01,50,54650,中性盘
223,14:38:39,10.94,0.01,85,92990,买盘
224,14:38:34,10.93,-0.01,11,12023,卖盘
225,14:38:30,10.94,0.01,50,54700,买盘
226,14:38:24,10.93,--,10,10930,卖盘
227,14:38:19,10.93,--,6,6558,卖盘
228,14:38:14,10.93,-0.01,18,19674,买盘
229,14:38:09,10.94,0.01,18,19692,买盘
230,14:38:04,10.93,0.01,19,20767,买盘
231,14:37:59,10.92,-0.01,3,3276,卖盘
232,14:37:39,10.93,0.01,3,3279,买盘
233,14:37:34,10.92,--,10,10920,卖盘
234,14:37:29,10.92,-0.02,40,43680,卖盘
235,14:37:19,10.94,0.02,104,113776,买盘
236,14:37:14,10.92,-0.01,10,10920,卖盘
237,14:37:09,10.93,0.01,87,95091,买盘
238,14:37:04,10.92,-0.01,6,6552,卖盘
239,14:36:59,10.93,--,29,31697,买盘
240,14:36:39,10.93,0.01,18,19674,买盘
241,14:36:34,10.92,--,10,10920,卖盘
242,14:36:29,10.92,-0.01,6,6552,卖盘
243,14:36:14,10.93,--,61,66673,卖盘
244,14:36:09,10.93,--,32,34976,卖盘
245,14:36:04,10.93,--,25,27325,卖盘
246,14:35:49,10.93,-0.01,2,2186,卖盘
247,14:35:39,10.94,0.01,26,28444,买盘
248,14:35:34,10.93,-0.01,5,5465,卖盘
249,14:35:29,10.94,0.01,9,9846,买盘
250,14:35:24,10.93,-0.01,49,53557,卖盘
251,14:35:19,10.94,-0.01,236,258184,买盘
252,14:35:14,10.95,--,0,0,买盘
253,14:35:04,10.95,0.01,31,33945,买盘
254,14:34:59,10.94,--,23,25905,卖盘
255,14:34:54,10.94,--,8,8752,卖盘
256,14:34:49,10.94,--,297,325268,买盘
257,14:34:44,10.94,--,2,2188,买盘
258,14:34:34,10.94,--,81,89565,卖盘
259,14:34:29,10.94,--,70,76722,买盘
260,14:34:19,10.94,--,28,31583,卖盘
261,14:34:14,10.94,--,10,10940,卖盘
262,14:34:09,10.94,--,6,6706,买盘
263,14:34:04,10.94,--,20,21880,买盘
264,14:33:58,10.94,0.01,14,15316,买盘
265,14:33:54,10.93,-0.01,27,29511,卖盘
266,14:33:44,10.94,0.01,87,95178,买盘
267,14:33:39,10.93,--,3,3279,卖盘
268,14:33:34,10.93,-0.01,48,52464,卖盘
269,14:33:29,10.94,--,103,112682,买盘
270,14:33:24,10.94,--,10,10940,买盘
271,14:33:18,10.94,--,8,8752,买盘
272,14:33:14,10.94,--,7,8609,卖盘
273,14:33:03,10.94,--,44,48136,卖盘
274,14:32:59,10.94,0.01,1103,1206824,买盘
275,14:32:54,10.93,--,172,187996,卖盘
276,14:32:48,10.93,--,4,4372,卖盘
277,14:32:44,10.93,--,10,10930,卖盘
278,14:32:39,10.93,--,20,21860,卖盘
279,14:32:33,10.93,--,2,2186,卖盘
280,14:32:29,10.93,0.01,139,151927,买盘
281,14:32:24,10.92,-0.01,1,1092,卖盘
282,14:32:14,10.93,--,10,10930,中性盘
283,14:32:09,10.93,--,1,1093,卖盘
284,14:32:03,10.93,--,94,102742,买盘
285,14:31:58,10.93,--,19,20767,买盘
286,14:31:53,10.93,--,800,874400,买盘
287,14:31:48,10.93,0.01,9,9837,买盘
288,14:31:28,10.92,--,39,42588,卖盘
289,14:31:23,10.92,0.01,42,45864,买盘
290,14:31:13,10.91,-0.01,5,5455,卖盘
291,14:31:08,10.92,--,90,98280,买盘
292,14:30:58,10.92,0.01,27,29484,买盘
293,14:30:53,10.91,-0.01,30,32730,卖盘
294,14:30:48,10.92,0.01,1,1092,买盘
295,14:30:28,10.91,-0.01,108,117828,卖盘
296,14:30:23,10.92,0.01,30,32760,买盘
297,14:30:18,10.91,-0.01,55,60005,卖盘
298,14:30:13,10.92,--,18,19656,买盘
299,14:30:08,10.92,--,7,7644,买盘
300,14:29:58,10.92,--,5,5460,买盘
301,14:29:43,10.92,--,3,3276,卖盘
302,14:29:38,10.92,-0.01,105,114660,卖盘
303,14:29:33,10.93,--,0,0,买盘
304,14:29:28,10.93,0.02,112,122416,买盘
305,14:29:23,10.91,-0.01,3,3273,卖盘
306,14:29:13,10.92,--,2,2184,买盘
307,14:29:08,10.92,-0.01,18,19656,买盘
308,14:28:53,10.93,--,0,0,买盘
309,14:28:43,10.93,0.01,113,123509,买盘
310,14:28:38,10.92,--,39,42588,买盘
311,14:28:23,10.92,0.01,10,10920,买盘
312,14:28:13,10.91,--,1,1091,卖盘
313,14:28:08,10.91,--,11,12001,买盘
314,14:27:58,10.91,--,1,1091,买盘
315,14:27:53,10.91,--,7,7637,买盘
316,14:27:47,10.91,--,4,4364,卖盘
317,14:27:38,10.91,--,5,5455,买盘
318,14:27:32,10.91,-0.02,30,32730,卖盘
319,14:27:23,10.93,0.02,3,3279,买盘
320,14:27:17,10.91,-0.01,110,120010,卖盘
321,14:27:13,10.92,--,15,16380,卖盘
322,14:27:08,10.92,0.01,90,98280,中性盘
323,14:27:02,10.91,-0.02,3,3273,卖盘
324,14:26:58,10.93,0.02,420,459060,买盘
325,14:26:53,10.91,-0.01,5,5455,卖盘
326,14:26:38,10.92,--,1,1092,买盘
327,14:26:27,10.92,0.01,26,28392,买盘
328,14:26:23,10.91,--,35,38185,卖盘
329,14:26:17,10.91,--,6,6546,卖盘
330,14:26:12,10.91,-0.01,2,2182,卖盘
331,14:26:02,10.92,0.01,268,292656,买盘
332,14:25:57,10.91,-0.01,20,21820,卖盘
333,14:25:53,10.92,0.02,5,5460,买盘
334,14:25:47,10.9,-0.02,759,827310,卖盘
335,14:25:42,10.92,--,6,6552,买盘
336,14:25:38,10.92,--,271,295932,买盘
337,14:25:32,10.92,0.01,139,151788,买盘
338,14:25:22,10.91,-0.01,228,248748,卖盘
339,14:25:12,10.92,--,20,21840,买盘
340,14:25:07,10.92,--,151,164892,买盘
341,14:25:02,10.92,--,22,24024,买盘
342,14:24:47,10.92,--,5,5460,买盘
343,14:24:37,10.92,0.01,6,6552,买盘
344,14:24:32,10.91,--,12,13681,买盘
345,14:24:27,10.91,--,6,6546,买盘
346,14:24:22,10.91,--,21,22911,买盘
347,14:24:17,10.91,--,35,38185,买盘
348,14:24:12,10.91,--,6,6546,买盘
349,14:24:07,10.91,--,163,177833,买盘
350,14:23:52,10.91,--,126,137466,买盘
351,14:23:47,10.91,--,7,7637,买盘
352,14:23:32,10.91,--,6,6546,买盘
353,14:23:22,10.91,0.01,5,5455,买盘
354,14:23:17,10.9,-0.01,25,27250,卖盘
355,14:23:12,10.91,0.01,10,10910,买盘
356,14:23:07,10.9,--,54,58860,卖盘
357,14:23:02,10.9,--,10,10900,卖盘
358,14:22:57,10.9,-0.01,10,10900,卖盘
359,14:22:47,10.91,0.01,5,5455,买盘
360,14:22:42,10.9,--,20,21800,卖盘
361,14:22:37,10.9,--,15,16350,卖盘
362,14:22:26,10.9,--,48,52995,卖盘
363,14:22:22,10.9,--,3,3270,卖盘
364,14:22:17,10.9,--,94,102460,买盘
365,14:22:07,10.9,--,82,89380,买盘
366,14:22:02,10.9,--,5,5450,买盘
367,14:21:52,10.9,--,6,6540,买盘
368,14:21:47,10.9,--,7,7630,买盘
369,14:21:41,10.9,--,36,39240,买盘
370,14:21:32,10.9,--,5,5450,买盘
371,14:21:26,10.9,-0.01,111,121491,卖盘
372,14:21:22,10.91,--,6,6546,买盘
373,14:21:17,10.91,0.01,8,8728,买盘
374,14:21:11,10.9,-0.01,10,10900,卖盘
375,14:21:07,10.91,-0.01,148,161468,卖盘
376,14:20:56,10.92,--,5,5460,买盘
377,14:20:52,10.92,0.01,13,14196,买盘
378,14:20:46,10.91,0.01,11,12001,卖盘
379,14:20:41,10.9,-0.02,20,21800,卖盘
380,14:20:37,10.92,--,110,120120,买盘
381,14:20:31,10.92,0.01,4,4368,买盘
382,14:20:26,10.91,0.01,18,19638,中性盘
383,14:20:21,10.9,-0.01,45,49050,卖盘
384,14:20:16,10.91,-0.01,36,39276,卖盘
385,14:20:01,10.92,0.01,6,6552,买盘
386,14:19:56,10.91,--,32,34912,买盘
387,14:19:51,10.91,0.01,6,6546,买盘
388,14:19:46,10.9,-0.01,5,5450,卖盘
389,14:19:41,10.91,-0.01,5,5455,买盘
390,14:19:36,10.92,0.02,19,20748,买盘
391,14:19:31,10.9,-0.02,59,64310,卖盘
392,14:19:26,10.92,0.01,63,68796,买盘
393,14:19:21,10.91,--,331,361121,买盘
394,14:19:16,10.91,--,23,25093,买盘
395,14:19:11,10.91,--,29,31639,买盘
396,14:19:06,10.91,--,2,2182,买盘
397,14:19:01,10.91,--,52,56732,买盘
398,14:18:56,10.91,--,122,133102,买盘
399,14:18:46,10.91,0.01,85,92735,买盘
400,14:18:41,10.9,-0.01,5,5450,卖盘
401,14:18:31,10.91,--,7,7637,买盘
402,14:18:26,10.91,0.01,6,6546,买盘
403,14:18:21,10.9,-0.01,1,1090,卖盘
404,14:18:16,10.91,--,2,2182,买盘
405,14:18:11,10.91,--,7,7637,买盘
406,14:18:01,10.91,0.01,38,41458,买盘
407,14:17:56,10.9,-0.01,116,126440,卖盘
408,14:17:46,10.91,--,52,56732,买盘
409,14:17:41,10.91,--,12,13092,买盘
410,14:17:31,10.91,--,20,21820,买盘
411,14:17:26,10.91,0.01,34,37094,买盘
412,14:17:21,10.9,--,89,97010,卖盘
413,14:17:16,10.9,-0.01,246,268140,卖盘
414,14:17:11,10.91,0.01,5,5455,买盘
415,14:17:06,10.9,--,41,44690,卖盘
416,14:17:01,10.9,-0.01,32,34880,卖盘
417,14:16:56,10.91,0.01,8,8728,买盘
418,14:16:46,10.9,-0.01,8,8720,卖盘
419,14:16:41,10.91,--,10,10910,买盘
420,14:16:36,10.91,--,1,1091,买盘
421,14:16:26,10.91,--,49,53459,买盘
422,14:16:21,10.91,0.01,5,5455,买盘
423,14:16:16,10.9,--,3,3270,卖盘
424,14:16:11,10.9,-0.01,2,2180,卖盘
425,14:16:01,10.91,0.01,18,19638,买盘
426,14:15:56,10.9,--,10,10900,卖盘
427,14:15:51,10.9,-0.01,12,13080,卖盘
428,14:15:41,10.91,0.01,93,101463,买盘
429,14:15:30,10.9,--,6,6540,卖盘
430,14:15:26,10.9,--,11,11990,卖盘
431,14:15:06,10.9,--,10,10900,卖盘
432,14:15:01,10.9,--,5,5450,卖盘
433,14:14:56,10.9,-0.01,200,218000,卖盘
434,14:14:41,10.91,0.01,5,5455,买盘
435,14:14:36,10.9,-0.01,4,4360,卖盘
436,14:14:31,10.91,--,23,25093,买盘
437,14:14:26,10.91,0.01,5,5455,买盘
438,14:14:20,10.9,-0.01,20,21800,卖盘
439,14:14:16,10.91,--,10,10910,买盘
440,14:14:11,10.91,--,4,4364,买盘
441,14:14:05,10.91,--,87,94917,买盘
442,14:13:56,10.91,0.01,6,6546,买盘
443,14:13:50,10.9,-0.01,5,5450,卖盘
444,14:13:45,10.91,0.01,13,14183,买盘
445,14:13:41,10.9,-0.01,8,8720,卖盘
446,14:13:35,10.91,0.01,15,16474,买盘
447,14:13:30,10.9,--,2,2180,卖盘
448,14:13:26,10.9,--,200,218479,买盘
449,14:13:05,10.9,--,39,42510,买盘
450,14:13:00,10.9,--,20,21800,买盘
451,14:12:55,10.9,0.01,10,10900,买盘
452,14:12:50,10.89,-0.01,56,60984,卖盘
453,14:12:35,10.9,--,10,10900,买盘
454,14:12:30,10.9,--,107,116630,买盘
455,14:12:25,10.9,--,3,3270,买盘
456,14:12:20,10.9,--,55,59950,买盘
457,14:12:10,10.9,--,57,62130,买盘
458,14:12:05,10.9,0.01,4,4360,买盘
459,14:12:00,10.89,-0.01,25,27225,卖盘
460,14:11:55,10.9,--,5,5450,买盘
461,14:11:50,10.9,--,176,191840,买盘
462,14:11:45,10.9,--,5,5450,买盘
463,14:11:40,10.9,--,5,5450,买盘
464,14:11:35,10.9,--,50,54500,买盘
465,14:11:25,10.9,--,1299,1415910,买盘
466,14:11:20,10.9,--,28,30520,买盘
467,14:11:10,10.9,--,60,65400,买盘
468,14:11:00,10.9,--,1,1090,买盘
469,14:10:55,10.9,--,78,85020,买盘
470,14:10:50,10.9,--,15,16350,买盘
471,14:10:45,10.9,--,19,20710,买盘
472,14:10:40,10.9,--,84,91560,买盘
473,14:10:35,10.9,--,14,15260,买盘
474,14:10:20,10.9,0.01,16,17440,买盘
475,14:10:10,10.89,-0.01,16,17424,卖盘
476,14:10:00,10.9,0.01,55,59950,买盘
477,14:09:50,10.89,-0.01,43,46827,卖盘
478,14:09:40,10.9,--,32,34880,买盘
479,14:09:35,10.9,--,11,11990,买盘
480,14:09:25,10.9,0.01,5,5450,买盘
481,14:09:10,10.89,--,103,112167,卖盘
482,14:09:05,10.89,-0.01,4,4356,卖盘
483,14:09:00,10.9,0.01,19,20710,买盘
484,14:08:50,10.89,--,8,8712,卖盘
485,14:08:45,10.89,-0.01,1,1089,卖盘
486,14:08:40,10.9,0.01,65,70850,买盘
487,14:08:35,10.89,-0.01,35,38115,卖盘
488,14:08:30,10.9,0.01,13,14170,买盘
489,14:08:25,10.89,--,5,5445,卖盘
490,14:08:20,10.89,-0.01,19,20691,卖盘
491,14:08:10,10.9,--,49,53410,买盘
492,14:08:05,10.9,--,45,49050,买盘
493,14:07:55,10.9,0.01,35,38150,买盘
494,14:07:50,10.89,-0.01,11,11979,卖盘
495,14:07:40,10.9,--,13,14170,买盘
496,14:07:34,10.9,--,6,6540,买盘
497,14:07:25,10.9,0.01,92,100280,买盘
498,14:07:20,10.89,0.01,10,10890,卖盘
499,14:07:10,10.88,-0.02,12,13056,卖盘
500,14:07:04,10.9,0.02,6,6540,买盘
501,14:06:54,10.88,--,28,30485,买盘
502,14:06:50,10.88,--,6,6528,买盘
503,14:06:44,10.88,-0.02,137,150122,卖盘
504,14:06:39,10.9,--,25,27250,买盘
505,14:06:35,10.9,--,0,0,买盘
506,14:06:29,10.9,--,5,5450,买盘
507,14:06:14,10.9,--,8,8720,买盘
508,14:06:04,10.9,0.02,10,10900,买盘
509,14:05:54,10.88,--,90,97920,卖盘
510,14:05:49,10.88,--,6,6528,卖盘
511,14:05:44,10.88,--,43,46784,卖盘
512,14:05:34,10.88,--,12,13056,卖盘
513,14:05:29,10.88,-0.01,100,108800,卖盘
514,14:05:24,10.89,--,5,5445,买盘
515,14:05:19,10.89,0.01,1,1089,买盘
516,14:05:14,10.88,--,426,463488,卖盘
517,14:05:04,10.88,-0.01,10,10880,卖盘
518,14:04:59,10.89,--,31,33759,买盘
519,14:04:49,10.89,--,11,11979,买盘
520,14:04:34,10.89,-0.01,23,25047,卖盘
521,14:04:29,10.9,--,5,5450,买盘
522,14:04:24,10.9,--,6,6540,买盘
523,14:04:19,10.9,-0.01,5,5450,买盘
524,14:04:09,10.91,--,0,0,买盘
525,14:04:04,10.91,0.01,124,135840,买盘
526,14:03:59,10.9,--,12,13080,卖盘
527,14:03:54,10.9,--,94,102460,卖盘
528,14:03:49,10.9,--,5,5450,卖盘
529,14:03:44,10.9,--,10,10900,卖盘
530,14:03:39,10.9,--,4,4360,卖盘
531,14:03:34,10.9,--,27,29430,卖盘
532,14:03:24,10.9,-0.01,26,28340,卖盘
533,14:03:19,10.91,0.01,19,20729,买盘
534,14:03:14,10.9,--,28,30520,卖盘
535,14:03:09,10.9,-0.01,2,2180,卖盘
536,14:03:04,10.91,--,49,53459,买盘
537,14:02:44,10.91,--,6,6546,买盘
538,14:02:29,10.91,0.01,118,128738,买盘
539,14:02:24,10.9,--,15,16350,卖盘
540,14:02:19,10.9,--,32,34880,卖盘
541,14:02:14,10.9,--,22,23980,卖盘
542,14:02:09,10.9,--,31,33790,卖盘
543,14:01:49,10.9,--,38,41420,卖盘
544,14:01:44,10.9,--,110,119900,卖盘
545,14:01:39,10.9,--,1,1090,卖盘
546,14:01:34,10.9,--,35,38150,卖盘
547,14:01:28,10.9,-0.01,1,1090,卖盘
548,14:01:19,10.91,--,13,14183,买盘
549,14:01:13,10.91,0.01,93,101463,买盘
550,14:01:08,10.9,-0.01,5,5450,卖盘
551,14:01:04,10.91,0.01,6,6546,买盘
552,14:00:58,10.9,--,129,140610,卖盘
553,14:00:54,10.9,-0.01,90,98100,卖盘
554,14:00:49,10.91,0.01,25,27275,买盘
555,14:00:43,10.9,--,20,21800,卖盘
556,14:00:33,10.9,--,13,14170,卖盘
557,14:00:28,10.9,--,51,55590,卖盘
558,14:00:24,10.9,0.01,1143,1246404,买盘
559,14:00:19,10.89,--,59,64980,卖盘
560,14:00:13,10.89,-0.01,77,83853,卖盘
561,14:00:09,10.9,0.01,5,5450,买盘
562,13:59:58,10.89,--,97,105992,买盘
563,13:59:54,10.89,--,12,13797,卖盘
564,13:59:47,10.89,--,42,46097,买盘
565,13:59:43,10.89,--,20,21780,买盘
566,13:59:38,10.89,--,6,6534,买盘
567,13:59:28,10.89,--,19,20691,买盘
568,13:59:13,10.89,--,92,100188,买盘
569,13:59:08,10.89,0.01,3,3267,买盘
570,13:58:58,10.88,-0.01,6,6528,卖盘
571,13:58:53,10.89,--,216,235224,买盘
572,13:58:48,10.89,--,19,20691,买盘
573,13:58:43,10.89,0.01,5,5445,买盘
574,13:58:38,10.88,-0.01,12,13056,卖盘
575,13:58:28,10.89,0.01,5,5445,买盘
576,13:58:23,10.88,-0.01,5,5440,卖盘
577,13:58:18,10.89,--,26,28314,买盘
578,13:58:13,10.89,0.01,11,11979,买盘
579,13:58:08,10.88,-0.01,20,21760,卖盘
580,13:57:58,10.89,0.01,5,5445,买盘
581,13:57:53,10.88,--,45,48960,卖盘
582,13:57:48,10.88,-0.01,10,10880,卖盘
583,13:57:43,10.89,0.02,166,180795,买盘
584,13:57:38,10.87,--,109,118482,卖盘
585,13:57:28,10.87,-0.01,20,21740,卖盘
586,13:57:23,10.88,-0.01,12,14122,卖盘
587,13:57:13,10.89,0.01,124,135036,买盘
588,13:57:08,10.88,--,3,3264,卖盘
589,13:57:03,10.88,-0.01,25,27200,卖盘
590,13:56:53,10.89,--,2,2178,买盘
591,13:56:48,10.89,--,6,6534,买盘
592,13:56:38,10.89,--,6,6534,买盘
593,13:56:33,10.89,--,182,199221,卖盘
594,13:56:28,10.89,-0.01,20,21780,卖盘
595,13:56:23,10.9,0.01,51,55590,买盘
596,13:56:13,10.89,--,21,22869,卖盘
597,13:56:08,10.89,-0.01,46,50094,卖盘
598,13:56:03,10.9,0.01,57,62130,买盘
599,13:55:58,10.89,--,112,121968,卖盘
600,13:55:53,10.89,--,13,14157,卖盘
601,13:55:43,10.89,--,7,7623,卖盘
602,13:55:38,10.89,-0.01,626,681779,卖盘
603,13:55:28,10.9,0.01,30,32700,买盘
604,13:55:23,10.89,-0.01,60,65340,卖盘
605,13:55:08,10.9,-0.01,95,103550,卖盘
606,13:55:02,10.91,0.01,5,5455,买盘
607,13:54:58,10.9,--,15,16350,卖盘
608,13:54:53,10.9,--,15,16350,卖盘
609,13:54:48,10.9,--,112,122080,买盘
610,13:54:43,10.9,--,12,13080,卖盘
611,13:54:38,10.9,--,118,128620,卖盘
612,13:54:33,10.9,0.01,81,88290,买盘
613,13:54:28,10.89,-0.01,121,131769,卖盘
614,13:54:23,10.9,--,92,100280,买盘
615,13:54:17,10.9,--,6,6540,买盘
616,13:54:13,10.9,--,23,25070,买盘
617,13:54:02,10.9,--,6,6540,买盘
618,13:53:58,10.9,--,30,32700,买盘
619,13:53:52,10.9,--,6,6540,买盘
620,13:53:47,10.9,--,6,6540,买盘
621,13:53:37,10.9,--,12,13080,买盘
622,13:53:33,10.9,--,11,11990,买盘
623,13:53:26,10.9,--,63,68670,卖盘
624,13:53:22,10.9,--,117,127530,卖盘
625,13:53:18,10.9,-0.01,65,70850,卖盘
626,13:53:12,10.91,0.01,2,2182,买盘
627,13:53:07,10.9,-0.01,2,2180,卖盘
628,13:52:56,10.91,0.01,14,15274,买盘
629,13:52:52,10.9,-0.01,20,21800,卖盘
630,13:52:41,10.91,--,15,16365,买盘
631,13:52:37,10.91,0.01,272,296752,买盘
632,13:52:32,10.9,-0.01,2,2180,卖盘
633,13:52:26,10.91,0.01,38,41458,买盘
634,13:52:22,10.9,--,115,125350,卖盘
635,13:52:17,10.9,-0.01,10,10900,卖盘
636,13:52:11,10.91,0.01,6,6546,买盘
637,13:52:07,10.9,--,110,119900,卖盘
638,13:52:02,10.9,--,205,223450,卖盘
639,13:51:56,10.9,--,10,10900,卖盘
640,13:51:52,10.9,0.01,133,144970,买盘
641,13:51:47,10.89,0.01,5,5445,卖盘
642,13:51:42,10.88,--,0,0,卖盘
643,13:51:32,10.88,--,0,21,卖盘
644,13:51:22,10.88,--,18,19584,卖盘
645,13:51:17,10.88,--,0,0,卖盘
646,13:51:12,10.88,-0.03,121,131648,卖盘
647,13:51:07,10.91,0.01,87,94917,买盘
648,13:51:02,10.9,0.01,5,5450,中性盘
649,13:50:56,10.89,-0.02,28,30492,卖盘
650,13:50:47,10.91,0.02,5,5455,买盘
651,13:50:37,10.89,-0.02,39,42471,卖盘
652,13:50:32,10.91,0.01,55,60005,买盘
653,13:50:27,10.9,--,5,5450,买盘
654,13:50:22,10.9,--,128,139629,卖盘
655,13:50:17,10.9,--,157,172111,卖盘
656,13:50:07,10.9,-0.01,9,9810,卖盘
657,13:50:01,10.91,--,5,5455,买盘
658,13:49:52,10.91,0.01,258,281478,买盘
659,13:49:47,10.9,--,5,5450,买盘
660,13:49:41,10.9,--,17,18530,买盘
661,13:49:37,10.9,--,71,77390,买盘
662,13:49:32,10.9,--,15,16350,买盘
663,13:49:26,10.9,--,98,106820,买盘
664,13:49:22,10.9,--,18,19620,买盘
665,13:49:17,10.9,--,5,5450,买盘
666,13:49:11,10.9,--,6,6540,买盘
667,13:49:02,10.9,--,5,5450,买盘
668,13:48:56,10.9,--,1,1090,买盘
669,13:48:52,10.9,--,53,57770,买盘
670,13:48:47,10.9,-0.01,37,40330,卖盘
671,13:48:37,10.91,--,14,15274,买盘
672,13:48:32,10.91,0.01,26,28366,买盘
673,13:48:17,10.9,-0.01,39,42510,卖盘
674,13:48:11,10.91,--,5,5455,买盘
675,13:48:07,10.91,0.01,5,5455,买盘
676,13:48:02,10.9,-0.01,11,11990,买盘
677,13:47:56,10.91,0.01,107,116737,买盘
678,13:47:52,10.9,--,5,5450,买盘
679,13:47:47,10.9,--,66,71940,卖盘
680,13:47:26,10.9,-0.01,38,41420,卖盘
681,13:47:22,10.91,0.02,166,181106,买盘
682,13:47:17,10.89,-0.01,10,10890,卖盘
683,13:47:07,10.9,--,6,6540,买盘
684,13:47:01,10.9,0.01,11,11990,买盘
685,13:46:46,10.89,--,0,0,卖盘
686,13:46:41,10.89,-0.02,6,6534,卖盘
687,13:46:35,10.91,0.01,104,113464,买盘
688,13:46:32,10.9,-0.01,30,32700,买盘
689,13:46:16,10.91,--,5,5455,买盘
690,13:46:11,10.91,0.01,113,123283,买盘
691,13:46:01,10.9,-0.01,18,19620,卖盘
692,13:45:56,10.91,0.01,24,26184,买盘
693,13:45:46,10.9,--,221,240890,买盘
694,13:45:41,10.9,--,5,5450,买盘
695,13:45:35,10.9,--,6,6540,买盘
696,13:45:26,10.9,--,26,28340,买盘
697,13:45:11,10.9,0.01,5,5450,买盘
698,13:45:01,10.89,-0.01,35,38115,卖盘
699,13:44:56,10.9,--,6,6540,买盘
700,13:44:46,10.9,--,26,28340,买盘
701,13:44:41,10.9,--,8,8720,买盘
702,13:44:31,10.9,--,102,111180,买盘
703,13:44:26,10.9,--,5,5450,买盘
704,13:44:20,10.9,--,5,5450,买盘
705,13:44:16,10.9,--,6,6540,买盘
706,13:43:56,10.9,--,5,5450,买盘
707,13:43:41,10.9,--,5,5450,买盘
708,13:43:31,10.9,0.01,6,6540,买盘
709,13:43:26,10.89,-0.02,7,7623,卖盘
710,13:43:20,10.91,0.01,5,5455,买盘
711,13:43:16,10.9,0.01,10,10900,卖盘
712,13:43:11,10.89,-0.01,5,5445,卖盘
713,13:43:01,10.9,0.01,61,66490,买盘
714,13:42:56,10.89,--,89,96921,卖盘
715,13:42:50,10.89,-0.01,8,8712,卖盘
716,13:42:46,10.9,--,5,5450,买盘
717,13:42:35,10.9,--,1,1090,买盘
718,13:42:31,10.9,--,1,1090,买盘
719,13:42:26,10.9,--,5,5450,买盘
720,13:42:20,10.9,--,25,27250,买盘
721,13:42:16,10.9,0.01,5,5450,买盘
722,13:42:05,10.89,-0.01,50,54450,卖盘
723,13:42:01,10.9,--,105,114450,买盘
724,13:41:56,10.9,0.01,11,11990,买盘
725,13:41:46,10.89,-0.01,17,18513,卖盘
726,13:41:41,10.9,--,7,7630,买盘
727,13:41:31,10.9,--,18,19620,买盘
728,13:41:26,10.9,--,5,5450,买盘
729,13:41:16,10.9,0.01,91,99190,买盘
730,13:41:10,10.89,-0.01,6,6534,中性盘
731,13:41:01,10.9,0.02,42,45780,买盘
732,13:40:56,10.88,--,1,1088,卖盘
733,13:40:50,10.88,--,0,0,卖盘
734,13:40:46,10.88,--,25,27200,卖盘
735,13:40:41,10.88,-0.02,2,2176,卖盘
736,13:40:35,10.9,0.02,6,6540,买盘
737,13:40:26,10.88,--,1,1088,卖盘
738,13:40:16,10.88,-0.02,1,1088,卖盘
739,13:40:11,10.9,0.01,65,70850,买盘
740,13:40:05,10.89,-0.01,7,7623,卖盘
741,13:40:01,10.9,--,28,30520,买盘
742,13:39:56,10.9,--,90,98100,买盘
743,13:39:50,10.9,--,6,6540,买盘
744,13:39:41,10.9,--,86,93740,买盘
745,13:39:35,10.9,0.01,6,6540,买盘
746,13:39:30,10.89,--,5,5445,买盘
747,13:39:20,10.89,--,0,0,买盘
748,13:39:16,10.89,0.01,5,5445,买盘
749,13:39:05,10.88,--,7,7616,买盘
750,13:38:55,10.88,-0.02,2,2176,中性盘
751,13:38:50,10.9,0.02,94,102460,买盘
752,13:38:40,10.88,--,48,52865,卖盘
753,13:38:35,10.88,--,11,12414,买盘
754,13:38:29,10.88,--,6,6528,买盘
755,13:38:25,10.88,0.01,32,34816,买盘
756,13:38:20,10.87,--,20,21740,卖盘
757,13:38:10,10.87,0.01,23,25001,中性盘
758,13:38:05,10.86,-0.01,91,98826,卖盘
759,13:37:55,10.87,0.01,22,23914,卖盘
760,13:37:40,10.86,-0.02,138,150106,卖盘
761,13:37:35,10.88,0.01,107,116416,买盘
762,13:37:29,10.87,--,14,15217,买盘
763,13:37:25,10.87,--,5,5435,买盘
764,13:37:20,10.87,--,8,8696,买盘
765,13:37:10,10.87,--,86,94123,卖盘
766,13:37:05,10.87,--,44,47828,卖盘
767,13:36:59,10.87,-0.01,3,3260,卖盘
768,13:36:55,10.88,0.01,68,73984,买盘
769,13:36:50,10.87,--,15,16304,卖盘
770,13:36:44,10.87,-0.01,15,16304,卖盘
771,13:36:34,10.88,0.01,42,45696,买盘
772,13:36:29,10.87,--,200,217845,卖盘
773,13:36:25,10.87,--,94,102177,卖盘
774,13:36:20,10.87,--,115,125004,卖盘
775,13:36:10,10.87,--,2,2174,卖盘
776,13:36:04,10.87,-0.01,73,79351,卖盘
777,13:35:59,10.88,--,50,54400,买盘
778,13:35:55,10.88,0.01,1,1088,买盘
779,13:35:49,10.87,-0.01,13,14130,卖盘
780,13:35:44,10.88,--,22,23936,买盘
781,13:35:40,10.88,--,45,48960,买盘
782,13:35:34,10.88,0.01,42,45696,买盘
783,13:35:25,10.87,-0.01,22,23914,卖盘
784,13:35:19,10.88,--,10,10880,买盘
785,13:35:14,10.88,-0.01,95,103360,卖盘
786,13:35:04,10.89,--,5,5445,买盘
787,13:34:59,10.89,0.01,6,6534,买盘
788,13:34:55,10.88,-0.01,4,4352,卖盘
789,13:34:49,10.89,--,49,53361,买盘
790,13:34:40,10.89,0.01,91,99099,买盘
791,13:34:34,10.88,--,31,33728,卖盘
792,13:34:25,10.88,-0.02,4,4352,卖盘
793,13:34:19,10.9,0.01,5,5450,买盘
794,13:34:14,10.89,--,5,5445,买盘
795,13:34:10,10.89,-0.01,41,44649,卖盘
796,13:34:04,10.9,--,6,6540,买盘
797,13:33:55,10.9,--,6,6540,买盘
798,13:33:49,10.9,--,35,38967,卖盘
799,13:33:44,10.9,--,8,8720,卖盘
800,13:33:39,10.9,--,135,147150,卖盘
801,13:33:34,10.9,--,54,58860,卖盘
802,13:33:25,10.9,-0.01,22,23980,卖盘
803,13:33:19,10.91,0.01,96,104736,买盘
804,13:33:14,10.9,--,17,18530,卖盘
805,13:33:10,10.9,--,15,16350,卖盘
806,13:33:04,10.9,-0.01,94,102460,卖盘
807,13:32:59,10.91,--,2,2182,买盘
808,13:32:54,10.91,0.01,32,34912,买盘
809,13:32:49,10.9,--,68,74120,卖盘
810,13:32:44,10.9,--,90,98100,卖盘
811,13:32:39,10.9,--,2,2180,卖盘
812,13:32:34,10.9,--,137,149330,卖盘
813,13:32:29,10.9,--,18,19620,卖盘
814,13:32:25,10.9,--,5,5450,卖盘
815,13:32:19,10.9,-0.01,288,313920,卖盘
816,13:32:14,10.91,0.01,18,19638,买盘
817,13:32:09,10.9,--,19,20710,卖盘
818,13:32:04,10.9,-0.01,40,43600,卖盘
819,13:31:59,10.91,0.01,15,16365,买盘
820,13:31:49,10.9,-0.01,63,68670,卖盘
821,13:31:44,10.91,--,59,64369,买盘
822,13:31:34,10.91,0.01,5,5455,买盘
823,13:31:29,10.9,-0.01,21,22890,卖盘
824,13:31:24,10.91,--,84,91644,买盘
825,13:31:19,10.91,0.01,12,13092,买盘
826,13:31:14,10.9,--,3,3270,卖盘
827,13:31:09,10.9,-0.01,12,13080,卖盘
828,13:31:04,10.91,--,61,66551,买盘
829,13:30:59,10.91,--,35,38185,买盘
830,13:30:53,10.91,0.01,5,5455,买盘
831,13:30:49,10.9,--,1,1090,卖盘
832,13:30:44,10.9,-0.01,57,62130,卖盘
833,13:30:38,10.91,0.01,15,16365,买盘
834,13:30:34,10.9,--,66,72212,卖盘
835,13:30:29,10.9,--,17,18530,卖盘
836,13:30:23,10.9,-0.01,46,50140,卖盘
837,13:30:08,10.91,--,55,60005,买盘
838,13:29:59,10.91,--,56,61096,买盘
839,13:29:49,10.91,0.01,164,178924,买盘
840,13:29:44,10.9,-0.02,27,29430,卖盘
841,13:29:38,10.92,0.02,5,5460,买盘
842,13:29:34,10.9,-0.02,23,25070,卖盘
843,13:29:29,10.92,--,0,0,买盘
844,13:29:23,10.92,0.01,8,8736,买盘
845,13:29:19,10.91,0.01,2,2182,卖盘
846,13:29:14,10.9,-0.01,24,26160,卖盘
847,13:29:08,10.91,--,2,2182,买盘
848,13:29:04,10.91,--,5,5455,买盘
849,13:28:59,10.91,--,15,16365,买盘
850,13:28:49,10.91,-0.01,6,6546,中性盘
851,13:28:44,10.92,--,13,14196,买盘
852,13:28:34,10.92,--,14,15288,买盘
853,13:28:28,10.92,--,9,9828,买盘
854,13:28:19,10.92,0.02,5,5460,买盘
855,13:28:13,10.9,-0.02,92,100280,卖盘
856,13:28:04,10.92,--,70,76440,买盘
857,13:27:53,10.92,0.01,5,5460,买盘
858,13:27:49,10.91,-0.01,10,10910,卖盘
859,13:27:43,10.92,0.01,9,9828,买盘
860,13:27:38,10.91,-0.02,10,10910,卖盘
861,13:27:34,10.93,0.02,25,27325,买盘
862,13:27:28,10.91,-0.01,10,10910,卖盘
863,13:27:19,10.92,--,10,10920,买盘
864,13:27:13,10.92,0.01,33,36036,买盘
865,13:27:04,10.91,-0.01,8,8728,卖盘
866,13:26:58,10.92,-0.01,21,22932,买盘
867,13:26:48,10.93,0.01,110,120230,买盘
868,13:26:43,10.92,-0.01,38,41496,中性盘
869,13:26:38,10.93,0.01,17,18581,买盘
870,13:26:33,10.92,-0.01,153,167076,卖盘
871,13:26:28,10.93,0.01,105,114765,买盘
872,13:26:23,10.92,-0.01,1,1092,卖盘
873,13:26:13,10.93,0.02,61,66673,买盘
874,13:26:08,10.91,-0.01,9,9819,卖盘
875,13:26:03,10.92,--,27,29484,买盘
876,13:25:58,10.92,--,15,16380,买盘
877,13:25:53,10.92,--,1,1092,买盘
878,13:25:43,10.92,-0.01,408,445536,卖盘
879,13:25:38,10.93,--,26,28418,买盘
880,13:25:33,10.93,--,6,6558,买盘
881,13:25:23,10.93,0.01,7,7651,买盘
882,13:25:18,10.92,--,33,36036,买盘
883,13:25:13,10.92,0.01,11,12012,买盘
884,13:25:08,10.91,-0.01,5,5455,卖盘
885,13:24:58,10.92,0.01,28,30576,买盘
886,13:24:53,10.91,-0.01,3,3273,卖盘
887,13:24:48,10.92,--,98,107016,买盘
888,13:24:43,10.92,--,73,79716,买盘
889,13:24:38,10.92,--,5,5460,买盘
890,13:24:28,10.92,--,19,20748,买盘
891,13:24:23,10.92,--,16,17472,买盘
892,13:24:13,10.92,0.01,14,15288,买盘
893,13:24:03,10.91,--,8,8728,卖盘
894,13:23:58,10.91,--,19,20729,买盘
895,13:23:53,10.91,--,6,6546,买盘
896,13:23:43,10.91,--,10,10910,卖盘
897,13:23:38,10.91,--,353,385123,卖盘
898,13:23:33,10.91,--,10,10910,卖盘
899,13:23:28,10.91,--,5,5455,卖盘
900,13:23:23,10.91,--,120,130920,卖盘
901,13:23:17,10.91,-0.01,25,27275,卖盘
902,13:23:13,10.92,--,2,2184,买盘
903,13:23:08,10.92,--,142,155064,买盘
904,13:23:02,10.92,--,20,21840,买盘
905,13:22:58,10.92,--,5,5460,买盘
906,13:22:53,10.92,--,18,19656,买盘
907,13:22:47,10.92,--,7,7644,买盘
908,13:22:43,10.92,--,23,25116,买盘
909,13:22:38,10.92,0.02,7,7644,买盘
910,13:22:32,10.9,--,0,0,卖盘
911,13:22:28,10.9,-0.02,140,152600,卖盘
912,13:22:23,10.92,--,6,6552,买盘
913,13:22:13,10.92,0.01,101,110292,买盘
914,13:22:02,10.91,-0.01,45,49095,卖盘
915,13:21:58,10.92,--,10,10920,买盘
916,13:21:53,10.92,--,6,6552,买盘
917,13:21:43,10.92,--,8,8736,买盘
918,13:21:38,10.92,--,3,3276,买盘
919,13:21:28,10.92,--,110,120120,买盘
920,13:21:23,10.92,--,64,69888,买盘
921,13:21:17,10.92,--,5,5460,买盘
922,13:21:13,10.92,--,3,3276,买盘
923,13:21:08,10.92,0.01,10,10920,买盘
924,13:21:02,10.91,-0.01,8,8728,卖盘
925,13:20:58,10.92,0.01,6,6552,买盘
926,13:20:53,10.91,--,16,17456,买盘
927,13:20:43,10.91,--,11,12001,买盘
928,13:20:37,10.91,-0.01,38,41458,卖盘
929,13:20:32,10.92,0.01,5,5460,买盘
930,13:20:28,10.91,-0.01,10,10910,卖盘
931,13:20:22,10.92,--,5,5460,买盘
932,13:20:13,10.92,--,22,24024,买盘
933,13:20:07,10.92,--,9,9828,买盘
934,13:20:02,10.92,--,6,6552,买盘
935,13:19:58,10.92,0.01,2,2184,买盘
936,13:19:52,10.91,-0.01,95,103645,卖盘
937,13:19:43,10.92,0.01,73,79716,买盘
938,13:19:37,10.91,0.01,6,6546,买盘
939,13:19:32,10.9,-0.01,23,25070,卖盘
940,13:19:22,10.91,--,1,1091,买盘
941,13:19:17,10.91,--,6,6546,买盘
942,13:19:12,10.91,--,3,3273,买盘
943,13:19:07,10.91,--,76,82916,卖盘
944,13:18:57,10.91,--,15,16365,卖盘
945,13:18:52,10.91,-0.01,22,24002,卖盘
946,13:18:47,10.92,--,14,15288,买盘
947,13:18:37,10.92,0.01,6,6552,买盘
948,13:18:22,10.91,-0.01,69,75279,卖盘
949,13:18:17,10.92,--,23,25116,买盘
950,13:18:12,10.92,--,6,6552,买盘
951,13:18:07,10.92,--,88,96096,买盘
952,13:18:02,10.92,0.01,6,6552,买盘
953,13:17:52,10.91,-0.01,30,32730,中性盘
954,13:17:47,10.92,--,14,15288,买盘
955,13:17:42,10.92,--,3,3276,买盘
956,13:17:37,10.92,--,5,5460,买盘
957,13:17:32,10.92,--,6,6552,买盘
958,13:17:27,10.92,--,5,5460,买盘
959,13:17:17,10.92,--,11,12012,买盘
960,13:17:12,10.92,--,100,109200,买盘
961,13:17:07,10.92,--,10,10920,买盘
962,13:17:02,10.92,0.01,12,13104,买盘
963,13:16:52,10.91,--,44,48004,卖盘
964,13:16:47,10.91,-0.01,28,30548,卖盘
965,13:16:42,10.92,0.01,18,19656,买盘
966,13:16:37,10.91,--,38,41458,买盘
967,13:16:32,10.91,0.01,123,134193,买盘
968,13:16:27,10.9,-0.01,11,11990,卖盘
969,13:16:22,10.91,--,16,17456,买盘
970,13:16:17,10.91,--,4,4364,买盘
971,13:16:12,10.91,0.02,180,196380,买盘
972,13:16:07,10.89,--,20,21780,买盘
973,13:16:02,10.89,-0.01,77,83853,卖盘
974,13:15:57,10.9,0.01,12,13080,买盘
975,13:15:52,10.89,--,35,38115,卖盘
976,13:15:47,10.89,-0.01,6,6534,卖盘
977,13:15:37,10.9,--,5,5450,买盘
978,13:15:27,10.9,--,18,19620,买盘
979,13:15:22,10.9,--,100,109000,买盘
980,13:15:17,10.9,-0.01,108,117720,卖盘
981,13:15:11,10.91,--,3,3273,买盘
982,13:15:07,10.91,--,18,19638,买盘
983,13:15:02,10.91,-0.01,24,26184,卖盘
984,13:14:56,10.92,0.01,100,109200,买盘
985,13:14:52,10.91,--,167,182197,卖盘
986,13:14:47,10.91,-0.01,12,13092,卖盘
987,13:14:37,10.92,0.01,54,58968,买盘
988,13:14:32,10.91,--,25,27275,卖盘
989,13:14:22,10.91,-0.01,5,5455,卖盘
990,13:14:17,10.92,0.01,3,3276,买盘
991,13:14:11,10.91,-0.01,3,3273,买盘
992,13:14:07,10.92,--,0,0,买盘
993,13:14:02,10.92,--,200,218400,买盘
994,13:13:56,10.92,--,25,27300,买盘
995,13:13:47,10.92,0.01,8,8736,买盘
996,13:13:37,10.91,0.01,27,29457,中性盘
997,13:13:32,10.9,--,9,9810,卖盘
998,13:13:26,10.9,--,1,1090,卖盘
999,13:13:22,10.9,-0.02,20,21800,卖盘
1000,13:13:17,10.92,--,8,8736,买盘
1001,13:13:07,10.92,0.02,120,131040,买盘
1002,13:13:02,10.9,--,0,0,卖盘
1003,13:12:46,10.9,-0.02,10,10900,卖盘
1004,13:12:41,10.92,0.02,3,3276,买盘
1005,13:12:31,10.9,-0.02,2,2180,卖盘
1006,13:12:25,10.92,--,77,84084,卖盘
1007,13:12:16,10.92,-0.01,20,21840,卖盘
1008,13:12:11,10.93,0.01,43,46999,买盘
1009,13:12:06,10.92,--,7,7644,卖盘
1010,13:12:01,10.92,--,268,292656,卖盘
1011,13:11:56,10.92,--,27,29484,卖盘
1012,13:11:51,10.92,--,4,4368,卖盘
1013,13:11:46,10.92,--,8,8736,卖盘
1014,13:11:41,10.92,-0.01,110,120120,卖盘
1015,13:11:31,10.93,--,85,92905,买盘
1016,13:11:25,10.93,0.01,16,17488,买盘
1017,13:11:21,10.92,--,46,50232,卖盘
1018,13:11:16,10.92,-0.01,59,64428,卖盘
1019,13:11:11,10.93,0.01,3,3279,买盘
1020,13:11:06,10.92,--,10,10920,卖盘
1021,13:11:01,10.92,--,28,30576,卖盘
1022,13:10:56,10.92,--,20,21840,卖盘
1023,13:10:51,10.92,-0.01,10,10920,卖盘
1024,13:10:46,10.93,0.01,6,6558,买盘
1025,13:10:41,10.92,--,5,5460,卖盘
1026,13:10:36,10.92,-0.01,52,56784,卖盘
1027,13:10:31,10.93,0.01,26,28418,买盘
1028,13:10:26,10.92,-0.01,10,10920,卖盘
1029,13:10:21,10.93,0.01,30,32790,买盘
1030,13:10:16,10.92,-0.01,12,13104,卖盘
1031,13:10:11,10.93,--,44,48092,买盘
1032,13:09:56,10.93,--,103,112579,买盘
1033,13:09:51,10.93,0.01,18,19674,买盘
1034,13:09:46,10.92,--,2,2184,卖盘
1035,13:09:36,10.92,--,155,169260,卖盘
1036,13:09:31,10.92,--,155,169260,买盘
1037,13:09:16,10.92,--,4,4368,买盘
1038,13:09:01,10.92,0.02,19,20748,买盘
1039,13:08:56,10.9,--,44,47960,买盘
1040,13:08:46,10.9,--,8,8720,买盘
1041,13:08:41,10.9,--,10,10900,买盘
1042,13:08:36,10.9,--,1,1090,买盘
1043,13:08:31,10.9,--,10,10900,买盘
1044,13:08:26,10.9,--,20,21800,买盘
1045,13:08:21,10.9,0.01,88,95920,买盘
1046,13:08:10,10.89,--,3,3267,买盘
1047,13:07:56,10.89,--,3,3267,买盘
1048,13:07:46,10.89,--,3,3267,买盘
1049,13:07:41,10.89,--,7,7623,买盘
1050,13:07:31,10.89,--,5,5445,买盘
1051,13:07:26,10.89,--,18,19602,买盘
1052,13:07:16,10.89,-0.01,49,53361,卖盘
1053,13:07:11,10.9,0.01,16,17440,买盘
1054,13:06:55,10.89,--,10,10890,卖盘
1055,13:06:50,10.89,-0.01,20,21780,卖盘
1056,13:06:46,10.9,-0.02,5,5450,卖盘
1057,13:06:40,10.92,--,6,6552,买盘
1058,13:06:35,10.92,--,0,0,买盘
1059,13:06:31,10.92,0.02,153,167076,买盘
1060,13:06:26,10.9,--,14,15260,买盘
1061,13:06:16,10.9,--,28,30520,买盘
1062,13:06:11,10.9,--,6,6540,买盘
1063,13:05:55,10.9,-0.02,33,35970,卖盘
1064,13:05:46,10.92,--,29,31668,买盘
1065,13:05:34,10.92,0.02,21,22932,买盘
1066,13:05:26,10.9,-0.02,7,7630,中性盘
1067,13:05:10,10.92,0.02,29,31668,买盘
1068,13:05:05,10.9,-0.03,10,10900,卖盘
1069,13:04:55,10.93,--,0,0,买盘
1070,13:04:49,10.93,0.03,99,108207,买盘
1071,13:04:45,10.9,-0.02,12,13080,卖盘
1072,13:04:40,10.92,--,6,6552,买盘
1073,13:04:30,10.92,0.02,6,6552,买盘
1074,13:04:25,10.9,-0.02,68,74120,卖盘
1075,13:04:20,10.92,--,0,0,买盘
1076,13:04:15,10.92,--,8,8736,买盘
1077,13:04:04,10.92,0.02,5,5460,买盘
1078,13:04:00,10.9,--,1,1090,卖盘
1079,13:03:55,10.9,-0.02,55,59950,卖盘
1080,13:03:49,10.92,--,3,3276,买盘
1081,13:03:45,10.92,-0.01,155,169260,卖盘
1082,13:03:40,10.93,--,6,6558,买盘
1083,13:03:34,10.93,--,10,10930,买盘
1084,13:03:25,10.93,--,57,62301,买盘
1085,13:03:15,10.93,--,8,8744,买盘
1086,13:03:10,10.93,--,145,158485,买盘
1087,13:03:04,10.93,-0.01,10,10930,中性盘
1088,13:03:00,10.94,--,5,5470,买盘
1089,13:02:55,10.94,0.01,611,668434,买盘
1090,13:02:50,10.93,0.01,43,46999,买盘
1091,13:02:45,10.92,-0.01,55,60060,卖盘
1092,13:02:40,10.93,0.01,62,67766,买盘
1093,13:02:35,10.92,--,20,21840,卖盘
1094,13:02:30,10.92,-0.01,10,10920,卖盘
1095,13:02:25,10.93,0.01,6,6558,买盘
1096,13:02:19,10.92,-0.01,37,40404,卖盘
1097,13:02:15,10.93,0.01,5,5465,买盘
1098,13:02:10,10.92,--,151,164892,买盘
1099,13:02:05,10.92,--,11,12012,买盘
1100,13:02:00,10.92,--,1,1092,买盘
1101,13:01:55,10.92,--,6,6552,买盘
1102,13:01:45,10.92,--,25,27300,买盘
1103,13:01:40,10.92,--,38,41496,卖盘
1104,13:01:35,10.92,--,97,105924,卖盘
1105,13:01:30,10.92,--,1,1092,卖盘
1106,13:01:25,10.92,-0.01,3,3276,卖盘
1107,13:01:19,10.93,0.01,38,41534,买盘
1108,13:01:15,10.92,-0.01,2,2184,卖盘
1109,13:01:10,10.93,--,15,16395,买盘
1110,13:01:04,10.93,--,2,2186,买盘
1111,13:01:00,10.93,--,6,6558,买盘
1112,13:00:49,10.93,--,37,40441,买盘
1113,13:00:45,10.93,--,3,3279,买盘
1114,13:00:34,10.93,0.01,5,5465,买盘
1115,13:00:25,10.92,--,7,7644,卖盘
1116,13:00:20,10.92,-0.01,5,5460,卖盘
1117,13:00:15,10.93,0.01,10,10930,买盘
1118,13:00:10,10.92,--,42,45864,卖盘
1119,13:00:05,10.92,--,356,388752,买盘
1120,11:30:00,10.92,--,0,0,买盘
1121,11:29:59,10.92,--,0,0,买盘
1122,11:29:56,10.92,--,93,101556,买盘
1123,11:29:46,10.92,--,28,30576,买盘
1124,11:29:41,10.92,-0.01,16,17472,中性盘
1125,11:29:36,10.93,--,5,5465,买盘
1126,11:29:31,10.93,--,8,8744,买盘
1127,11:29:26,10.93,--,41,45381,买盘
1128,11:29:16,10.93,--,30,32790,买盘
1129,11:29:11,10.93,0.01,111,121323,买盘
1130,11:29:06,10.92,-0.01,11,12012,卖盘
1131,11:29:01,10.93,0.01,5,5465,买盘
1132,11:28:56,10.92,-0.01,90,98280,卖盘
1133,11:28:50,10.93,--,2,2186,买盘
1134,11:28:45,10.93,--,82,89626,买盘
1135,11:28:41,10.93,0.01,30,32790,买盘
1136,11:28:30,10.92,-0.01,23,25116,卖盘
1137,11:28:26,10.93,--,6,6558,买盘
1138,11:28:15,10.93,0.01,112,122416,买盘
1139,11:28:10,10.92,-0.01,1,1092,卖盘
1140,11:28:05,10.93,0.01,11,12023,买盘
1141,11:27:56,10.92,--,79,86792,卖盘
1142,11:27:50,10.92,-0.01,14,15288,卖盘
1143,11:27:41,10.93,0.01,114,124602,买盘
1144,11:27:35,10.92,-0.01,80,87360,卖盘
1145,11:27:30,10.93,--,31,33883,买盘
1146,11:27:25,10.93,--,38,41534,买盘
1147,11:27:20,10.93,0.01,17,18581,买盘
1148,11:27:10,10.92,--,9,9828,卖盘
1149,11:27:05,10.92,--,215,234780,卖盘
1150,11:27:00,10.92,-0.01,13,14196,卖盘
1151,11:26:55,10.93,0.01,13,14209,买盘
1152,11:26:50,10.92,--,24,26208,卖盘
1153,11:26:40,10.92,0.01,953,1040676,买盘
1154,11:26:35,10.91,0.01,123,134193,卖盘
1155,11:26:30,10.9,-0.01,10,10900,卖盘
1156,11:26:25,10.91,--,9,9819,卖盘
1157,11:26:20,10.91,--,3,3273,买盘
1158,11:26:15,10.91,--,6,6546,买盘
1159,11:26:10,10.91,--,17,18547,买盘
1160,11:26:05,10.91,0.01,34,37094,买盘
1161,11:25:55,10.9,-0.01,12,13080,卖盘
1162,11:25:50,10.91,--,166,181106,买盘
1163,11:25:45,10.91,--,20,21820,买盘
1164,11:25:40,10.91,0.01,23,25093,买盘
1165,11:25:35,10.9,-0.01,30,32700,卖盘
1166,11:25:30,10.91,0.01,14,15274,买盘
1167,11:25:25,10.9,--,18,19620,卖盘
1168,11:25:20,10.9,--,5,5450,卖盘
1169,11:25:15,10.9,-0.01,8,8720,卖盘
1170,11:25:10,10.91,--,2,2182,买盘
1171,11:25:05,10.91,--,63,68733,买盘
1172,11:24:55,10.91,0.01,92,100372,买盘
1173,11:24:50,10.9,-0.01,43,46870,卖盘
1174,11:24:40,10.91,0.01,44,48004,买盘
1175,11:24:35,10.9,--,65,70850,卖盘
1176,11:24:30,10.9,--,30,32700,卖盘
1177,11:24:25,10.9,--,8,8720,卖盘
1178,11:24:20,10.9,--,40,43600,卖盘
1179,11:24:15,10.9,--,5,5450,卖盘
1180,11:24:10,10.9,-0.01,41,44690,卖盘
1181,11:24:05,10.91,0.01,450,491582,买盘
1182,11:24:00,10.9,--,10,10900,买盘
1183,11:23:55,10.9,--,5,5450,买盘
1184,11:23:45,10.9,0.02,5,5450,买盘
1185,11:23:40,10.88,--,12,13056,卖盘
1186,11:23:35,10.88,-0.02,41,44608,卖盘
1187,11:23:24,10.9,--,511,556990,买盘
1188,11:23:20,10.9,0.02,16,17440,买盘
1189,11:23:15,10.88,-0.02,4,4352,中性盘
1190,11:23:10,10.9,0.02,92,100280,买盘
1191,11:23:05,10.88,-0.01,16,17408,卖盘
1192,11:22:55,10.89,0.01,6,6534,买盘
1193,11:22:50,10.88,-0.01,12,13056,买盘
1194,11:22:44,10.89,--,0,0,买盘
1195,11:22:40,10.89,0.01,7,7623,买盘
1196,11:22:34,10.88,-0.01,6,6528,卖盘
1197,11:22:30,10.89,--,8,8712,买盘
1198,11:22:25,10.89,--,70,76230,买盘
1199,11:22:19,10.89,--,26,28314,买盘
1200,11:22:15,10.89,0.01,5,5445,买盘
1201,11:22:04,10.88,--,278,302464,买盘
1202,11:21:54,10.88,--,18,19584,买盘
1203,11:21:49,10.88,--,20,21760,买盘
1204,11:21:45,10.88,0.01,43,46784,买盘
1205,11:21:39,10.87,-0.01,10,10870,卖盘
1206,11:21:34,10.88,0.01,118,128384,买盘
1207,11:21:30,10.87,--,145,157615,买盘
1208,11:21:19,10.87,0.01,6,6521,买盘
1209,11:21:09,10.86,-0.01,17,18462,卖盘
1210,11:21:04,10.87,--,12,13043,买盘
1211,11:20:59,10.87,--,5,5435,买盘
1212,11:20:54,10.87,0.01,1,1087,买盘
1213,11:20:49,10.86,-0.02,87,94492,卖盘
1214,11:20:44,10.88,--,9,9792,买盘
1215,11:20:39,10.88,0.01,5,5440,买盘
1216,11:20:34,10.87,-0.01,2,2174,买盘
1217,11:20:29,10.88,--,0,0,买盘
1218,11:20:23,10.88,0.01,25,27200,买盘
1219,11:20:19,10.87,-0.01,17,18479,卖盘
1220,11:20:14,10.88,0.01,8,8704,买盘
1221,11:20:04,10.87,-0.01,6,6521,卖盘
1222,11:19:59,10.88,--,114,124032,买盘
1223,11:19:53,10.88,--,25,27200,买盘
1224,11:19:49,10.88,--,5,5440,买盘
1225,11:19:44,10.88,--,170,184960,卖盘
1226,11:19:34,10.88,-0.01,30,32640,卖盘
1227,11:19:29,10.89,--,8,8712,买盘
1228,11:19:19,10.89,--,5,5445,买盘
1229,11:19:14,10.89,-0.01,28,30492,卖盘
1230,11:19:09,10.9,--,18,19620,买盘
1231,11:19:04,10.9,0.01,20,21800,买盘
1232,11:18:59,10.89,--,48,52272,卖盘
1233,11:18:53,10.89,--,21,22869,卖盘
1234,11:18:49,10.89,--,42,45738,卖盘
1235,11:18:44,10.89,--,25,27225,卖盘
1236,11:18:39,10.89,--,10,10890,卖盘
1237,11:18:34,10.89,-0.01,34,37026,卖盘
1238,11:18:29,10.9,0.01,8,8720,买盘
1239,11:18:23,10.89,-0.01,39,42471,卖盘
1240,11:18:19,10.9,0.01,237,258330,买盘
1241,11:18:14,10.89,--,11,11979,卖盘
1242,11:18:09,10.89,-0.01,40,43560,卖盘
1243,11:18:04,10.9,--,7,7630,买盘
1244,11:17:59,10.9,--,37,40330,买盘
1245,11:17:49,10.9,0.01,8,8720,买盘
1246,11:17:44,10.89,--,7,7623,买盘
1247,11:17:38,10.89,-0.01,51,55539,卖盘
1248,11:17:34,10.9,--,43,46870,买盘
1249,11:17:29,10.9,--,32,35337,卖盘
1250,11:17:24,10.9,--,63,68670,卖盘
1251,11:17:19,10.9,--,80,87200,卖盘
1252,11:17:14,10.9,-0.01,350,381500,卖盘
1253,11:17:04,10.91,0.01,5,5455,买盘
1254,11:16:59,10.9,--,31,33790,卖盘
1255,11:16:53,10.9,-0.01,2,2180,卖盘
1256,11:16:49,10.91,--,9,9819,买盘
1257,11:16:44,10.91,--,113,123283,买盘
1258,11:16:38,10.91,--,1,1091,买盘
1259,11:16:34,10.91,--,8,8728,买盘
1260,11:16:29,10.91,--,25,27275,买盘
1261,11:16:23,10.91,0.01,6,6546,买盘
1262,11:16:19,10.9,--,47,51230,卖盘
1263,11:16:14,10.9,-0.01,11,11990,卖盘
1264,11:16:04,10.91,--,17,18547,买盘
1265,11:15:53,10.91,--,50,54550,买盘
1266,11:15:49,10.91,0.01,82,89462,买盘
1267,11:15:44,10.9,--,71,77390,卖盘
1268,11:15:38,10.9,--,106,115540,卖盘
1269,11:15:33,10.9,--,157,171511,卖盘
1270,11:15:29,10.9,--,23,25070,卖盘
1271,11:15:18,10.9,0.02,1801,1963340,买盘
1272,11:15:08,10.88,-0.01,15,16320,卖盘
1273,11:15:02,10.89,-0.01,12,13068,中性盘
1274,11:14:58,10.9,0.01,97,105730,买盘
1275,11:14:53,10.89,--,6,6534,买盘
1276,11:14:47,10.89,--,54,58806,买盘
1277,11:14:43,10.89,--,27,29403,买盘
1278,11:14:38,10.89,--,113,123057,买盘
1279,11:14:32,10.89,--,20,21780,买盘
1280,11:14:28,10.89,--,30,32670,买盘
1281,11:14:23,10.89,--,394,429904,买盘
1282,11:14:17,10.89,0.01,51,55539,买盘
1283,11:14:13,10.88,-0.01,132,143616,卖盘
1284,11:14:08,10.89,--,118,128502,买盘
1285,11:14:02,10.89,--,6,6534,买盘
1286,11:13:58,10.89,0.01,206,224334,买盘
1287,11:13:53,10.88,-0.01,2,2176,卖盘
1288,11:13:47,10.89,0.01,5,5445,买盘
1289,11:13:43,10.88,--,46,50048,卖盘
1290,11:13:38,10.88,0.02,1445,1572410,买盘
1291,11:13:32,10.86,-0.01,30,32580,卖盘
1292,11:13:28,10.87,--,106,115221,买盘
1293,11:13:23,10.87,--,86,93482,买盘
1294,11:13:17,10.87,--,10,10870,买盘
1295,11:13:13,10.87,0.01,60,65219,买盘
1296,11:13:08,10.86,-0.01,18,19548,卖盘
1297,11:13:02,10.87,0.01,65,70655,买盘
1298,11:12:58,10.86,-0.01,74,80364,卖盘
1299,11:12:43,10.87,--,6,6521,买盘
1300,11:12:38,10.87,--,0,0,买盘
1301,11:12:32,10.87,0.01,23,25001,买盘
1302,11:12:28,10.86,--,26,28236,买盘
1303,11:12:23,10.86,0.01,14,15204,买盘
1304,11:12:13,10.85,-0.02,22,23870,卖盘
1305,11:12:07,10.87,0.02,61,66307,买盘
1306,11:12:02,10.85,-0.01,13,14105,卖盘
1307,11:11:58,10.86,0.01,7,7602,买盘
1308,11:11:53,10.85,-0.01,33,35805,卖盘
1309,11:11:47,10.86,--,6,6516,买盘
1310,11:11:43,10.86,--,88,95568,买盘
1311,11:11:38,10.86,--,82,89052,买盘
1312,11:11:28,10.86,--,13,14118,买盘
1313,11:11:17,10.86,--,6,6516,买盘
1314,11:11:13,10.86,-0.01,161,174846,卖盘
1315,11:11:08,10.87,--,15,16304,买盘
1316,11:11:02,10.87,--,130,141310,买盘
1317,11:10:58,10.87,--,18,19566,买盘
1318,11:10:53,10.87,--,105,114134,买盘
1319,11:10:43,10.87,--,71,77177,买盘
1320,11:10:38,10.87,0.01,77,83699,买盘
1321,11:10:32,10.86,-0.01,27,29322,卖盘
1322,11:10:28,10.87,--,8,8696,买盘
1323,11:10:23,10.87,0.01,35,38045,买盘
1324,11:10:17,10.86,--,10,10860,卖盘
1325,11:10:13,10.86,-0.01,7,7602,卖盘
1326,11:10:08,10.87,0.01,108,117395,买盘
1327,11:09:58,10.86,--,38,41268,买盘
1328,11:09:47,10.86,--,6,6516,买盘
1329,11:09:38,10.86,-0.01,36,39096,卖盘
1330,11:09:28,10.87,0.01,54,58697,买盘
1331,11:09:23,10.86,--,2,2172,卖盘
1332,11:09:17,10.86,0.01,5,5430,买盘
1333,11:09:13,10.85,--,63,68355,卖盘
1334,11:09:08,10.85,-0.01,81,87885,卖盘
1335,11:09:02,10.86,0.01,5,5430,买盘
1336,11:08:58,10.85,--,22,23870,卖盘
1337,11:08:53,10.85,-0.01,116,125860,卖盘
1338,11:08:42,10.86,-0.01,1,1086,买盘
1339,11:08:38,10.87,--,32,34784,买盘
1340,11:08:23,10.87,0.01,88,95656,买盘
1341,11:08:17,10.86,-0.01,9,9774,卖盘
1342,11:08:11,10.87,0.02,5,5435,买盘
1343,11:08:07,10.85,-0.02,43,46655,卖盘
1344,11:08:02,10.87,--,8,8696,买盘
1345,11:07:56,10.87,--,24,26087,买盘
1346,11:07:53,10.87,--,5,5435,买盘
1347,11:07:47,10.87,0.01,8,8696,买盘
1348,11:07:37,10.86,0.01,5,5430,买盘
1349,11:07:32,10.85,-0.02,82,88970,卖盘
1350,11:07:26,10.87,--,0,0,买盘
1351,11:07:22,10.87,0.02,153,166311,买盘
1352,11:07:17,10.85,-0.01,31,33635,卖盘
1353,11:07:02,10.86,--,5,5430,买盘
1354,11:06:52,10.86,--,8,8688,买盘
1355,11:06:47,10.86,--,68,73848,买盘
1356,11:06:41,10.86,--,7,7602,买盘
1357,11:06:37,10.86,--,154,167244,买盘
1358,11:06:32,10.86,--,48,52128,买盘
1359,11:06:26,10.86,--,1,1086,买盘
1360,11:06:22,10.86,--,144,156384,买盘
1361,11:06:17,10.86,--,32,34752,买盘
1362,11:06:11,10.86,--,21,22806,买盘
1363,11:06:07,10.86,--,11,11946,买盘
1364,11:06:02,10.86,--,9,9774,买盘
1365,11:05:56,10.86,0.01,5,5430,买盘
1366,11:05:52,10.85,-0.01,7,7595,卖盘
1367,11:05:47,10.86,--,757,822102,卖盘
1368,11:05:41,10.86,-0.01,218,236748,卖盘
1369,11:05:37,10.87,--,14,15217,卖盘
1370,11:05:31,10.87,--,86,93482,卖盘
1371,11:05:26,10.87,-0.01,4,4348,卖盘
1372,11:05:22,10.88,0.01,25,27200,买盘
1373,11:05:17,10.87,--,233,253270,卖盘
1374,11:05:11,10.87,-0.01,7,7608,卖盘
1375,11:05:07,10.88,--,45,48960,买盘
1376,11:05:01,10.88,--,181,196928,买盘
1377,11:04:52,10.88,0.01,23,25024,买盘
1378,11:04:46,10.87,--,35,38045,买盘
1379,11:04:41,10.87,--,10,10870,买盘
1380,11:04:37,10.87,--,34,36958,买盘
1381,11:04:26,10.87,--,40,43480,买盘
1382,11:04:22,10.87,--,26,28261,买盘
1383,11:04:16,10.87,--,58,63045,买盘
1384,11:04:11,10.87,--,0,0,买盘
1385,11:04:07,10.87,0.01,80,86960,买盘
1386,11:04:01,10.86,--,232,251952,买盘
1387,11:03:56,10.86,0.01,14,15204,买盘
1388,11:03:52,10.85,-0.01,20,21700,卖盘
1389,11:03:46,10.86,--,11,11946,买盘
1390,11:03:41,10.86,--,62,67332,买盘
1391,11:03:37,10.86,--,201,218286,买盘
1392,11:03:31,10.86,--,17,18462,买盘
1393,11:03:26,10.86,--,14,15204,买盘
1394,11:03:22,10.86,--,150,162900,买盘
1395,11:03:16,10.86,-0.01,266,288876,卖盘
1396,11:03:11,10.87,0.01,6,6521,买盘
1397,11:03:07,10.86,--,12,13032,卖盘
1398,11:03:01,10.86,-0.01,9,9774,卖盘
1399,11:02:52,10.87,--,36,39132,买盘
1400,11:02:46,10.87,--,44,47828,买盘
1401,11:02:41,10.87,--,6,6521,买盘
1402,11:02:37,10.87,--,129,140223,买盘
1403,11:02:31,10.87,--,6,6521,买盘
1404,11:02:26,10.87,--,25,27174,买盘
1405,11:02:22,10.87,--,69,75003,买盘
1406,11:02:16,10.87,--,83,90221,买盘
1407,11:02:11,10.87,--,6,6521,买盘
1408,11:02:01,10.87,--,13,14130,买盘
1409,11:01:56,10.87,--,87,94569,买盘
1410,11:01:51,10.87,--,18,19566,买盘
1411,11:01:46,10.87,--,95,103264,买盘
1412,11:01:41,10.87,--,47,51088,买盘
1413,11:01:36,10.87,--,3,3260,买盘
1414,11:01:31,10.87,--,69,75003,买盘
1415,11:01:26,10.87,--,25,27174,买盘
1416,11:01:16,10.87,--,43,46741,买盘
1417,11:01:11,10.87,--,29,31522,买盘
1418,11:01:05,10.87,--,9,9783,买盘
1419,11:01:01,10.87,--,33,35871,买盘
1420,11:00:56,10.87,--,32,34784,买盘
1421,11:00:50,10.87,--,10,10870,买盘
1422,11:00:46,10.87,-0.01,99,107612,卖盘
1423,11:00:41,10.88,0.01,9,9792,买盘
1424,11:00:35,10.87,-0.01,2,2174,卖盘
1425,11:00:31,10.88,--,24,26112,买盘
1426,11:00:26,10.88,0.01,20,21760,买盘
1427,11:00:20,10.87,-0.01,17,18479,中性盘
1428,11:00:16,10.88,0.01,38,41344,买盘
1429,11:00:11,10.87,0.01,101,109786,买盘
1430,11:00:05,10.86,-0.01,175,190050,卖盘
1431,11:00:01,10.87,--,17,18479,买盘
1432,10:59:46,10.87,--,5,5435,买盘
1433,10:59:41,10.87,0.01,33,35871,买盘
1434,10:59:35,10.86,-0.01,18,19548,卖盘
1435,10:59:31,10.87,0.01,13,14130,买盘
1436,10:59:26,10.86,--,171,185706,买盘
1437,10:59:16,10.86,--,13,14118,卖盘
1438,10:59:11,10.86,--,207,224802,买盘
1439,10:59:05,10.86,--,2,2172,买盘
1440,10:59:01,10.86,--,82,89052,买盘
1441,10:58:55,10.86,--,25,27150,买盘
1442,10:58:46,10.86,0.01,96,104256,买盘
1443,10:58:41,10.85,--,2,2170,卖盘
1444,10:58:35,10.85,-0.01,59,64015,卖盘
1445,10:58:31,10.86,--,33,35838,买盘
1446,10:58:25,10.86,--,84,91224,买盘
1447,10:58:20,10.86,--,7,7602,买盘
1448,10:58:16,10.86,--,18,19548,买盘
1449,10:58:10,10.86,--,20,21720,买盘
1450,10:58:05,10.86,0.01,21,22806,买盘
1451,10:58:01,10.85,-0.01,21,22785,卖盘
1452,10:57:55,10.86,--,46,49956,买盘
1453,10:57:50,10.86,--,6,6516,买盘
1454,10:57:46,10.86,--,30,32580,买盘
1455,10:57:40,10.86,-0.01,280,304080,卖盘
1456,10:57:35,10.87,--,21,22827,买盘
1457,10:57:31,10.87,--,15,16304,买盘
1458,10:57:25,10.87,--,52,56523,买盘
1459,10:57:16,10.87,-0.01,48,52175,中性盘
1460,10:57:10,10.88,0.01,50,55237,买盘
1461,10:57:05,10.87,--,1,1087,卖盘
1462,10:57:01,10.87,--,17,18479,卖盘
1463,10:56:55,10.87,--,65,70655,卖盘
1464,10:56:50,10.87,--,5,5435,卖盘
1465,10:56:46,10.87,--,166,180442,卖盘
1466,10:56:40,10.87,0.01,385,418745,买盘
1467,10:56:30,10.86,-0.01,10,10860,卖盘
1468,10:56:25,10.87,--,120,130439,买盘
1469,10:56:20,10.87,0.01,30,32609,买盘
1470,10:56:16,10.86,-0.01,108,117288,卖盘
1471,10:56:10,10.87,--,44,47828,买盘
1472,10:56:05,10.87,0.01,30,32609,买盘
1473,10:56:01,10.86,-0.01,1,1086,卖盘
1474,10:55:55,10.87,0.01,36,39132,买盘
1475,10:55:50,10.86,-0.01,203,220458,卖盘
1476,10:55:45,10.87,0.01,108,118232,买盘
1477,10:55:40,10.86,--,16,17625,买盘
1478,10:55:35,10.86,--,31,33666,买盘
1479,10:55:30,10.86,0.01,24,26064,买盘
1480,10:55:25,10.85,-0.01,196,212660,卖盘
1481,10:55:20,10.86,--,1,1086,买盘
1482,10:55:10,10.86,--,119,129234,买盘
1483,10:55:05,10.86,0.01,4,4344,买盘
1484,10:54:55,10.85,--,277,300545,卖盘
1485,10:54:50,10.85,-0.01,22,23870,卖盘
1486,10:54:45,10.86,0.01,14,15204,买盘
1487,10:54:40,10.85,--,65,70525,卖盘
1488,10:54:30,10.85,--,2,2170,卖盘
1489,10:54:25,10.85,--,12,13020,卖盘
1490,10:54:20,10.85,--,2,2170,卖盘
1491,10:54:10,10.85,--,15,16275,买盘
1492,10:54:05,10.85,0.01,26,28210,买盘
1493,10:54:00,10.84,-0.01,2,2168,卖盘
1494,10:53:55,10.85,0.01,58,62930,买盘
1495,10:53:50,10.84,-0.01,25,27100,卖盘
1496,10:53:40,10.85,--,108,117180,买盘
1497,10:53:35,10.85,--,84,91140,买盘
1498,10:53:29,10.85,0.01,1,1085,买盘
1499,10:53:20,10.84,--,16,17344,卖盘
1500,10:53:10,10.84,--,62,67208,卖盘
1501,10:53:05,10.84,--,10,10840,卖盘
1502,10:52:55,10.84,-0.01,1,1084,卖盘
1503,10:52:50,10.85,--,72,78120,买盘
1504,10:52:44,10.85,--,5,5425,买盘
1505,10:52:35,10.85,--,21,22785,买盘
1506,10:52:29,10.85,0.01,18,19530,买盘
1507,10:52:20,10.84,-0.01,12,13008,卖盘
1508,10:52:14,10.85,-0.01,13,14105,卖盘
1509,10:52:10,10.86,0.01,19,20634,买盘
1510,10:52:05,10.85,--,12,13020,卖盘
1511,10:51:59,10.85,-0.01,63,68355,卖盘
1512,10:51:55,10.86,0.01,90,97740,买盘
1513,10:51:50,10.85,--,10,10850,卖盘
1514,10:51:40,10.85,--,2,2170,卖盘
1515,10:51:34,10.85,0.01,39,43128,买盘
1516,10:51:29,10.84,-0.01,10,10840,卖盘
1517,10:51:25,10.85,--,181,196385,买盘
1518,10:51:14,10.85,--,1,1085,买盘
1519,10:51:10,10.85,-0.01,119,129386,卖盘
1520,10:51:04,10.86,--,63,68418,买盘
1521,10:50:55,10.86,--,48,52128,买盘
1522,10:50:49,10.86,0.01,122,132492,买盘
1523,10:50:44,10.85,-0.02,22,23870,卖盘
1524,10:50:34,10.87,0.02,95,103264,买盘
1525,10:50:29,10.85,--,0,0,卖盘
1526,10:50:25,10.85,-0.01,79,85715,卖盘
1527,10:50:19,10.86,--,130,141180,买盘
1528,10:50:14,10.86,--,9,9774,买盘
1529,10:50:10,10.86,--,111,120546,买盘
1530,10:50:04,10.86,--,89,96654,买盘
1531,10:49:59,10.86,--,9,9774,买盘
1532,10:49:55,10.86,--,11,11946,买盘
1533,10:49:49,10.86,0.01,109,118374,买盘
1534,10:49:44,10.85,-0.01,20,21700,卖盘
1535,10:49:39,10.86,0.01,9,9774,买盘
1536,10:49:34,10.85,-0.01,59,64015,卖盘
1537,10:49:29,10.86,--,30,32580,买盘
1538,10:49:24,10.86,--,2,2172,买盘
1539,10:49:19,10.86,--,55,59730,卖盘
1540,10:49:14,10.86,--,9,9774,卖盘
1541,10:49:04,10.86,0.01,43,47512,买盘
1542,10:48:59,10.85,-0.01,33,35805,卖盘
1543,10:48:54,10.86,0.01,20,21720,买盘
1544,10:48:49,10.85,-0.01,5,5425,卖盘
1545,10:48:44,10.86,--,214,232404,买盘
1546,10:48:39,10.86,--,2,2172,买盘
1547,10:48:34,10.86,--,111,120546,买盘
1548,10:48:29,10.86,0.01,15,16290,买盘
1549,10:48:24,10.85,--,81,87885,卖盘
1550,10:48:19,10.85,--,202,219170,卖盘
1551,10:48:14,10.85,-0.01,111,120435,卖盘
1552,10:48:09,10.86,--,81,87966,买盘
1553,10:48:04,10.86,0.01,10,10860,买盘
1554,10:47:59,10.85,-0.01,20,21700,卖盘
1555,10:47:54,10.86,0.01,53,57558,买盘
1556,10:47:49,10.85,-0.01,2,2170,卖盘
1557,10:47:44,10.86,--,71,77106,买盘
1558,10:47:34,10.86,--,17,18462,买盘
1559,10:47:29,10.86,0.01,45,48870,买盘
1560,10:47:24,10.85,--,35,37975,买盘
1561,10:47:19,10.85,0.01,50,54250,买盘
1562,10:47:14,10.84,-0.02,56,60704,卖盘
1563,10:47:04,10.86,--,69,74934,买盘
1564,10:46:59,10.86,0.02,102,110772,买盘
1565,10:46:54,10.84,--,24,26016,卖盘
1566,10:46:49,10.84,-0.01,12,13875,卖盘
1567,10:46:44,10.85,-0.01,7,7812,卖盘
1568,10:46:39,10.86,0.01,400,434400,买盘
1569,10:46:34,10.85,0.01,101,109585,买盘
1570,10:46:29,10.84,-0.01,10,10840,卖盘
1571,10:46:19,10.85,0.01,18,19530,买盘
1572,10:46:14,10.84,-0.01,11,11924,卖盘
1573,10:46:08,10.85,--,100,108500,买盘
1574,10:46:04,10.85,0.01,139,150815,买盘
1575,10:45:59,10.84,-0.01,2,2168,卖盘
1576,10:45:53,10.85,--,9,9765,买盘
1577,10:45:49,10.85,0.01,45,48825,买盘
1578,10:45:44,10.84,-0.01,21,22764,卖盘
1579,10:45:38,10.85,--,100,108500,买盘
1580,10:45:34,10.85,--,21,22785,买盘
1581,10:45:29,10.85,--,26,28210,买盘
1582,10:45:19,10.85,--,142,154070,买盘
1583,10:45:14,10.85,0.01,12,13020,买盘
1584,10:45:08,10.84,-0.01,16,17344,卖盘
1585,10:44:59,10.85,--,120,130200,买盘
1586,10:44:49,10.85,0.01,43,46655,买盘
1587,10:44:44,10.84,--,4,4336,买盘
1588,10:44:38,10.84,-0.01,11,11924,买盘
1589,10:44:34,10.85,--,0,0,买盘
1590,10:44:29,10.85,0.04,111,120435,买盘
1591,10:44:19,10.81,-0.03,12,12972,卖盘
1592,10:44:14,10.84,0.01,15,16260,买盘
1593,10:44:08,10.83,--,8,8664,买盘
1594,10:44:04,10.83,--,0,0,买盘
1595,10:43:59,10.83,-0.01,101,109383,中性盘
1596,10:43:53,10.84,0.01,6,6504,买盘
1597,10:43:49,10.83,-0.01,1,1083,卖盘
1598,10:43:43,10.84,0.01,18,19512,买盘
1599,10:43:38,10.83,0.01,91,98553,买盘
1600,10:43:34,10.82,--,55,59510,卖盘
1601,10:43:28,10.82,--,135,146070,卖盘
1602,10:43:23,10.82,--,17,18394,卖盘
1603,10:43:13,10.82,-0.01,14,15148,卖盘
1604,10:43:04,10.83,0.01,28,30324,买盘
1605,10:42:58,10.82,--,118,127676,卖盘
1606,10:42:43,10.82,-0.01,69,74658,卖盘
1607,10:42:38,10.83,--,2,2166,买盘
1608,10:42:23,10.83,-0.01,71,77380,卖盘
1609,10:42:13,10.84,--,15,16260,买盘
1610,10:42:08,10.84,0.01,6,6504,买盘
1611,10:42:03,10.83,--,64,69312,卖盘
1612,10:41:58,10.83,-0.01,96,103968,卖盘
1613,10:41:53,10.84,0.01,33,35772,买盘
1614,10:41:48,10.83,--,19,20577,卖盘
1615,10:41:43,10.83,-0.01,55,59565,卖盘
1616,10:41:38,10.84,0.01,21,22764,买盘
1617,10:41:28,10.83,--,33,35739,卖盘
1618,10:41:23,10.83,--,30,32490,卖盘
1619,10:41:18,10.83,--,52,56316,卖盘
1620,10:41:13,10.83,--,7,7581,卖盘
1621,10:41:08,10.83,--,27,29241,卖盘
1622,10:41:03,10.83,--,10,10830,卖盘
1623,10:40:58,10.83,-0.01,51,55233,卖盘
1624,10:40:53,10.84,0.01,1,1084,买盘
1625,10:40:48,10.83,-0.01,9,9747,卖盘
1626,10:40:43,10.84,--,24,26016,买盘
1627,10:40:38,10.84,0.01,36,39024,买盘
1628,10:40:28,10.83,--,6,6498,卖盘
1629,10:40:23,10.83,--,96,103968,卖盘
1630,10:40:18,10.83,--,15,16245,卖盘
1631,10:40:13,10.83,--,192,208531,买盘
1632,10:40:08,10.83,--,23,24909,买盘
1633,10:39:58,10.83,--,47,50901,买盘
1634,10:39:53,10.83,-0.01,562,608646,卖盘
1635,10:39:48,10.84,0.01,51,55284,买盘
1636,10:39:43,10.83,--,33,35739,卖盘
1637,10:39:38,10.83,--,168,181944,卖盘
1638,10:39:33,10.83,--,50,54150,买盘
1639,10:39:28,10.83,--,10,10830,买盘
1640,10:39:23,10.83,--,48,51984,买盘
1641,10:39:13,10.83,--,2,2166,买盘
1642,10:39:08,10.83,0.01,7,7581,买盘
1643,10:38:58,10.82,-0.01,20,21640,卖盘
1644,10:38:53,10.83,0.01,81,87723,中性盘
1645,10:38:47,10.82,-0.02,2,2164,卖盘
1646,10:38:43,10.84,0.02,5,5420,买盘
1647,10:38:32,10.82,0.01,10,10820,买盘
1648,10:38:28,10.81,-0.01,75,81075,卖盘
1649,10:38:23,10.82,-0.02,7,7574,中性盘
1650,10:38:17,10.84,0.03,619,670996,买盘
1651,10:38:13,10.81,-0.01,19,20539,卖盘
1652,10:38:08,10.82,--,47,50854,买盘
1653,10:38:02,10.82,--,9,9738,买盘
1654,10:37:58,10.82,0.02,27,29214,买盘
1655,10:37:53,10.8,-0.02,33,35640,卖盘
1656,10:37:38,10.82,0.03,106,114692,买盘
1657,10:37:23,10.79,-0.03,10,10790,卖盘
1658,10:37:17,10.82,0.02,645,697890,买盘
1659,10:37:12,10.8,0.01,24,25920,卖盘
1660,10:37:08,10.79,--,5,5395,卖盘
1661,10:37:02,10.79,-0.01,3,3236,卖盘
1662,10:36:58,10.8,0.01,3,3240,买盘
1663,10:36:53,10.79,--,4,4316,卖盘
1664,10:36:47,10.79,--,54,58265,卖盘
1665,10:36:27,10.79,--,13,14026,卖盘
1666,10:36:22,10.79,-0.02,14,15105,卖盘
1667,10:36:17,10.81,0.03,573,619413,买盘
1668,10:36:07,10.78,-0.01,5,5390,卖盘
1669,10:36:02,10.79,0.01,10,10790,买盘
1670,10:35:52,10.78,-0.01,1,1078,卖盘
1671,10:35:47,10.79,0.01,6,6473,买盘
1672,10:35:42,10.78,--,2,2156,卖盘
1673,10:35:37,10.78,-0.01,126,135828,卖盘
1674,10:35:32,10.79,0.01,41,44239,中性盘
1675,10:35:22,10.78,-0.02,26,28028,卖盘
1676,10:35:17,10.8,0.02,666,719280,买盘
1677,10:35:02,10.78,--,8,8624,卖盘
1678,10:34:57,10.78,--,50,53900,卖盘
1679,10:34:52,10.78,--,1,1078,卖盘
1680,10:34:47,10.78,--,74,79772,卖盘
1681,10:34:42,10.78,--,1,1078,卖盘
1682,10:34:32,10.78,-0.01,2,2156,卖盘
1683,10:34:27,10.79,--,5,5395,买盘
1684,10:34:22,10.79,-0.01,6,6473,买盘
1685,10:34:17,10.8,0.02,756,816480,买盘
1686,10:34:07,10.78,--,25,26950,卖盘
1687,10:34:02,10.78,-0.01,102,109956,卖盘
1688,10:33:47,10.79,--,61,65819,买盘
1689,10:33:32,10.79,--,269,290898,卖盘
1690,10:33:27,10.79,--,6,6473,卖盘
1691,10:33:22,10.79,--,5,5395,卖盘
1692,10:33:17,10.79,0.01,239,258312,买盘
1693,10:33:12,10.78,-0.01,9,9702,卖盘
1694,10:33:07,10.79,--,20,21580,买盘
1695,10:33:02,10.79,--,20,21580,买盘
1696,10:32:42,10.79,--,69,74451,买盘
1697,10:32:37,10.79,--,16,17264,买盘
1698,10:32:32,10.79,--,7,7552,买盘
1699,10:32:22,10.79,0.01,1,1079,买盘
1700,10:32:12,10.78,--,2,2156,卖盘
1701,10:32:07,10.78,-0.01,20,21560,卖盘
1702,10:32:02,10.79,--,6,6473,买盘
1703,10:31:56,10.79,0.01,10,10790,买盘
1704,10:31:47,10.78,--,53,57134,卖盘
1705,10:31:37,10.78,-0.01,17,18326,卖盘
1706,10:31:32,10.79,0.01,10,10790,买盘
1707,10:31:22,10.78,-0.01,3,3234,卖盘
1708,10:31:17,10.79,--,33,35607,买盘
1709,10:31:02,10.79,--,19,20501,卖盘
1710,10:30:51,10.79,--,7,7552,卖盘
1711,10:30:47,10.79,--,12,12947,卖盘
1712,10:30:36,10.79,0.01,16,17264,卖盘
1713,10:30:32,10.78,-0.01,518,558404,卖盘
1714,10:30:26,10.79,-0.01,2,2158,中性盘
1715,10:30:21,10.8,0.02,15,16200,买盘
1716,10:30:17,10.78,-0.01,70,75460,卖盘
1717,10:30:11,10.79,0.01,152,164008,买盘
1718,10:30:06,10.78,--,5,5390,卖盘
1719,10:30:02,10.78,--,40,43540,买盘
1720,10:29:56,10.78,--,17,18983,卖盘
1721,10:29:51,10.78,--,18,19404,卖盘
1722,10:29:46,10.78,--,14,15092,卖盘
1723,10:29:41,10.78,0.01,166,179368,买盘
1724,10:29:36,10.77,--,1,1077,买盘
1725,10:29:31,10.77,--,52,56004,卖盘
1726,10:29:26,10.77,-0.01,6,6462,卖盘
1727,10:29:21,10.78,0.01,710,765380,买盘
1728,10:29:16,10.77,-0.01,58,62466,卖盘
1729,10:29:10,10.78,--,81,87318,卖盘
1730,10:29:06,10.78,-0.01,2,2156,卖盘
1731,10:29:01,10.79,0.02,5,5395,买盘
1732,10:28:56,10.77,--,21,22617,卖盘
1733,10:28:46,10.77,-0.01,340,366180,卖盘
1734,10:28:40,10.78,--,36,38808,买盘
1735,10:28:31,10.78,--,113,121814,买盘
1736,10:28:26,10.78,-0.01,74,79772,卖盘
1737,10:28:16,10.79,0.01,35,37765,买盘
1738,10:28:11,10.78,-0.01,73,78694,卖盘
1739,10:28:06,10.79,--,5,5395,买盘
1740,10:28:01,10.79,--,10,10790,买盘
1741,10:27:56,10.79,-0.01,90,97109,卖盘
1742,10:27:46,10.8,0.01,66,71280,买盘
1743,10:27:41,10.79,--,44,47475,卖盘
1744,10:27:36,10.79,--,20,21580,卖盘
1745,10:27:31,10.79,-0.01,408,440231,卖盘
1746,10:27:21,10.8,--,81,87480,买盘
1747,10:27:16,10.8,--,11,11880,买盘
1748,10:27:10,10.8,--,81,87480,买盘
1749,10:27:06,10.8,--,60,64800,买盘
1750,10:27:01,10.8,--,157,169560,买盘
1751,10:26:56,10.8,0.01,47,50760,买盘
1752,10:26:46,10.79,-0.01,6,6473,卖盘
1753,10:26:40,10.8,--,7,8478,卖盘
1754,10:26:36,10.8,--,23,25002,买盘
1755,10:26:31,10.8,--,9,9720,买盘
1756,10:26:25,10.8,--,14,15120,买盘
1757,10:26:21,10.8,--,25,27918,卖盘
1758,10:26:16,10.8,--,15,16200,卖盘
1759,10:26:10,10.8,0.01,37,40122,买盘
1760,10:26:06,10.79,-0.01,2,2158,卖盘
1761,10:26:01,10.8,--,111,119880,买盘
1762,10:25:56,10.8,--,17,18360,买盘
1763,10:25:46,10.8,--,36,38880,买盘
1764,10:25:40,10.8,--,175,189000,买盘
1765,10:25:36,10.8,--,2,2160,买盘
1766,10:25:31,10.8,--,3,3240,买盘
1767,10:25:26,10.8,0.01,52,56160,买盘
1768,10:25:21,10.79,-0.01,3,3236,卖盘
1769,10:25:16,10.8,0.01,43,46440,买盘
1770,10:25:11,10.79,--,10,10790,卖盘
1771,10:25:06,10.79,--,5,5395,卖盘
1772,10:25:01,10.79,-0.01,16,17264,卖盘
1773,10:24:56,10.8,0.01,40,43200,买盘
1774,10:24:51,10.79,--,3,3236,卖盘
1775,10:24:46,10.79,0.01,47,50712,买盘
1776,10:24:34,10.78,-0.01,50,53900,卖盘
1777,10:24:31,10.79,0.01,5,5395,买盘
1778,10:24:25,10.78,--,3,3234,卖盘
1779,10:24:19,10.78,-0.01,10,10780,卖盘
1780,10:24:16,10.79,--,110,118689,买盘
1781,10:24:10,10.79,--,25,26974,买盘
1782,10:24:04,10.79,--,1,1079,买盘
1783,10:24:01,10.79,0.01,35,37765,买盘
1784,10:23:55,10.78,-0.01,45,48510,卖盘
1785,10:23:46,10.79,--,4,4316,买盘
1786,10:23:34,10.79,-0.01,10,10790,中性盘
1787,10:23:31,10.8,0.01,7,7560,买盘
1788,10:23:25,10.79,-0.01,71,76609,卖盘
1789,10:23:15,10.8,0.01,24,25920,买盘
1790,10:22:55,10.79,-0.01,17,18343,中性盘
1791,10:22:49,10.8,0.01,117,126360,买盘
1792,10:22:45,10.79,--,5,5395,买盘
1793,10:22:40,10.79,--,28,30211,买盘
1794,10:22:34,10.79,-0.01,93,101264,卖盘
1795,10:22:30,10.8,0.01,108,116640,买盘
1796,10:22:25,10.79,-0.01,37,39923,卖盘
1797,10:22:19,10.8,--,2,2160,买盘
1798,10:22:15,10.8,0.01,207,223722,买盘
1799,10:22:10,10.79,0.01,271,292409,买盘
1800,10:22:04,10.78,--,19,20482,卖盘
1801,10:22:00,10.78,-0.01,12,12936,卖盘
1802,10:21:55,10.79,0.01,45,48554,买盘
1803,10:21:49,10.78,--,30,32339,买盘
1804,10:21:45,10.78,--,18,19404,买盘
1805,10:21:40,10.78,-0.01,139,149842,卖盘
1806,10:21:34,10.79,--,35,37765,买盘
1807,10:21:30,10.79,0.01,3,3236,买盘
1808,10:21:19,10.78,0.01,16,17248,买盘
1809,10:21:10,10.77,-0.01,55,59235,卖盘
1810,10:21:04,10.78,0.01,29,31261,买盘
1811,10:21:00,10.77,-0.01,4,4308,卖盘
1812,10:20:55,10.78,-0.01,27,29106,买盘
1813,10:20:49,10.79,0.02,65,70135,买盘
1814,10:20:40,10.77,-0.01,4,4308,卖盘
1815,10:20:30,10.78,0.01,15,16169,买盘
1816,10:20:25,10.77,-0.01,40,43080,卖盘
1817,10:20:19,10.78,--,1,1078,买盘
1818,10:20:04,10.78,--,9,9702,卖盘
1819,10:20:00,10.78,--,25,26950,卖盘
1820,10:19:55,10.78,--,10,10780,卖盘
1821,10:19:49,10.78,--,173,186494,买盘
1822,10:19:40,10.78,--,4,4312,买盘
1823,10:19:34,10.78,--,84,90552,卖盘
1824,10:19:30,10.78,--,33,35574,卖盘
1825,10:19:25,10.78,--,20,21560,卖盘
1826,10:19:19,10.78,--,63,67914,卖盘
1827,10:19:15,10.78,--,50,53900,卖盘
1828,10:19:10,10.78,-0.01,145,156310,卖盘
1829,10:19:04,10.79,0.01,40,43160,买盘
1830,10:19:00,10.78,--,20,21560,卖盘
1831,10:18:55,10.78,--,37,39886,卖盘
1832,10:18:49,10.78,--,429,462462,买盘
1833,10:18:40,10.78,0.02,2,2156,买盘
1834,10:18:34,10.76,-0.02,4,4304,卖盘
1835,10:18:30,10.78,--,10,10780,买盘
1836,10:18:19,10.78,-0.01,216,232848,卖盘
1837,10:18:15,10.79,--,6,6473,买盘
1838,10:18:10,10.79,--,162,174798,买盘
1839,10:18:04,10.79,--,2,2158,买盘
1840,10:18:00,10.79,--,1,1079,买盘
1841,10:17:55,10.79,0.01,10,10790,买盘
1842,10:17:49,10.78,--,40,43120,卖盘
1843,10:17:45,10.78,-0.01,10,10780,卖盘
1844,10:17:40,10.79,0.02,325,350675,买盘
1845,10:17:34,10.77,0.01,11,11847,买盘
1846,10:17:25,10.76,--,14,15064,买盘
1847,10:17:19,10.76,--,65,69940,买盘
1848,10:17:10,10.76,--,92,98992,买盘
1849,10:17:04,10.76,--,30,32280,买盘
1850,10:16:55,10.76,0.01,35,37660,买盘
1851,10:16:49,10.75,--,25,26875,卖盘
1852,10:16:43,10.75,--,42,45150,买盘
1853,10:16:39,10.75,--,3,3225,买盘
1854,10:16:34,10.75,--,12,12900,卖盘
1855,10:16:28,10.75,--,17,18275,买盘
1856,10:16:24,10.75,0.01,7,7525,买盘
1857,10:16:19,10.74,-0.01,89,95586,卖盘
1858,10:16:13,10.75,--,159,170925,买盘
1859,10:16:10,10.75,--,22,23650,买盘
1860,10:16:04,10.75,--,24,25800,买盘
1861,10:15:58,10.75,0.01,238,255850,买盘
1862,10:15:54,10.74,--,3,3222,卖盘
1863,10:15:49,10.74,-0.01,3,3222,卖盘
1864,10:15:43,10.75,0.01,80,86000,买盘
1865,10:15:39,10.74,-0.01,2,2148,卖盘
1866,10:15:34,10.75,--,127,136525,买盘
1867,10:15:28,10.75,--,111,119325,买盘
1868,10:15:24,10.75,--,51,54825,买盘
1869,10:15:13,10.75,--,33,35475,买盘
1870,10:15:09,10.75,0.01,21,22575,买盘
1871,10:15:04,10.74,--,81,86994,买盘
1872,10:14:58,10.74,--,64,68736,买盘
1873,10:14:54,10.74,--,14,15036,买盘
1874,10:14:49,10.74,0.01,47,50478,买盘
1875,10:14:43,10.73,--,8,8584,买盘
1876,10:14:39,10.73,--,19,20387,买盘
1877,10:14:34,10.73,--,3,3219,买盘
1878,10:14:28,10.73,--,29,31117,买盘
1879,10:14:24,10.73,--,16,17168,买盘
1880,10:14:19,10.73,--,827,887371,买盘
1881,10:14:13,10.73,0.01,2,2146,买盘
1882,10:14:04,10.72,--,11,11792,买盘
1883,10:13:58,10.72,--,10,10720,买盘
1884,10:13:54,10.72,--,5,5360,买盘
1885,10:13:49,10.72,-0.01,54,57888,卖盘
1886,10:13:43,10.73,0.01,30,32190,买盘
1887,10:13:39,10.72,--,5,5360,买盘
1888,10:13:34,10.72,-0.01,24,25728,卖盘
1889,10:13:28,10.73,0.01,15,16095,买盘
1890,10:13:24,10.72,0.01,43,46096,买盘
1891,10:13:19,10.71,-0.02,2,2142,卖盘
1892,10:13:13,10.73,0.02,82,89016,买盘
1893,10:13:09,10.71,-0.01,8,8568,卖盘
1894,10:13:04,10.72,--,6,6432,买盘
1895,10:12:58,10.72,--,29,31088,买盘
1896,10:12:54,10.72,--,2,2144,买盘
1897,10:12:49,10.72,--,1,1072,买盘
1898,10:12:39,10.72,-0.01,183,196218,卖盘
1899,10:12:34,10.73,0.01,83,89059,买盘
1900,10:12:28,10.72,-0.01,3,3216,卖盘
1901,10:12:24,10.73,--,5,5365,买盘
1902,10:12:19,10.73,--,8,8584,买盘
1903,10:12:09,10.73,--,6,6438,买盘
1904,10:11:58,10.73,0.01,28,30044,买盘
1905,10:11:43,10.72,-0.01,20,21440,卖盘
1906,10:11:33,10.73,0.01,2,2146,买盘
1907,10:11:18,10.72,-0.01,7,7504,卖盘
1908,10:11:13,10.73,--,23,24679,买盘
1909,10:11:09,10.73,--,20,21460,买盘
1910,10:10:58,10.73,--,5,5365,买盘
1911,10:10:54,10.73,--,353,378769,卖盘
1912,10:10:43,10.73,-0.01,12,12876,卖盘
1913,10:10:39,10.74,--,1,1074,买盘
1914,10:10:33,10.74,--,10,10740,买盘
1915,10:10:28,10.74,--,27,28998,买盘
1916,10:10:23,10.74,--,61,65514,卖盘
1917,10:10:18,10.74,--,68,73032,卖盘
1918,10:10:13,10.74,--,68,73032,卖盘
1919,10:10:09,10.74,--,57,61218,卖盘
1920,10:10:03,10.74,-0.01,14,15036,卖盘
1921,10:09:58,10.75,0.01,72,77400,买盘
1922,10:09:52,10.74,--,25,26850,卖盘
1923,10:09:43,10.74,--,53,56922,卖盘
1924,10:09:37,10.74,--,25,26850,卖盘
1925,10:09:33,10.74,--,53,56922,卖盘
1926,10:09:28,10.74,--,21,22554,卖盘
1927,10:09:22,10.74,--,62,66588,卖盘
1928,10:09:13,10.74,--,93,99882,卖盘
1929,10:09:07,10.74,--,15,16110,卖盘
1930,10:09:03,10.74,--,54,57996,卖盘
1931,10:08:52,10.74,--,49,52626,卖盘
1932,10:08:48,10.74,--,1,1074,卖盘
1933,10:08:43,10.74,--,1,1074,卖盘
1934,10:08:33,10.74,--,10,10740,卖盘
1935,10:08:28,10.74,--,138,148212,卖盘
1936,10:08:22,10.74,--,68,73032,买盘
1937,10:08:18,10.74,--,41,44034,买盘
1938,10:08:13,10.74,--,20,21480,买盘
1939,10:08:07,10.74,--,177,190098,买盘
1940,10:08:03,10.74,--,2,2148,买盘
1941,10:07:58,10.74,--,32,34368,买盘
1942,10:07:52,10.74,0.01,38,40812,买盘
1943,10:07:43,10.73,-0.01,47,50431,卖盘
1944,10:07:37,10.74,--,31,33294,买盘
1945,10:07:33,10.74,--,10,10740,买盘
1946,10:07:28,10.74,--,98,105252,买盘
1947,10:07:22,10.74,--,9,9666,买盘
1948,10:07:18,10.74,--,10,10740,买盘
1949,10:07:13,10.74,--,2,2148,买盘
1950,10:07:07,10.74,--,30,32220,买盘
1951,10:07:03,10.74,--,10,10740,买盘
1952,10:06:58,10.74,0.01,1,1074,买盘
1953,10:06:52,10.73,-0.01,13,13949,卖盘
1954,10:06:48,10.74,0.01,15,16110,买盘
1955,10:06:43,10.73,--,68,72964,买盘
1956,10:06:37,10.73,-0.01,31,33263,卖盘
1957,10:06:33,10.74,--,18,19332,买盘
1958,10:06:28,10.74,--,7,7518,买盘
1959,10:06:22,10.74,0.01,42,45108,买盘
1960,10:06:18,10.73,--,23,24679,买盘
1961,10:06:13,10.73,--,81,86913,买盘
1962,10:06:07,10.73,--,10,10730,买盘
1963,10:06:03,10.73,0.01,6,6438,买盘
1964,10:05:58,10.72,--,22,23584,卖盘
1965,10:05:52,10.72,-0.01,10,10720,卖盘
1966,10:05:42,10.73,0.01,88,94424,买盘
1967,10:05:37,10.72,-0.01,10,10720,卖盘
1968,10:05:32,10.73,--,2,2146,买盘
1969,10:05:28,10.73,--,17,18241,买盘
1970,10:05:22,10.73,0.01,3,3219,买盘
1971,10:05:18,10.72,--,61,66421,买盘
1972,10:05:13,10.72,--,5,5360,买盘
1973,10:05:02,10.72,--,6,6432,买盘
1974,10:04:48,10.72,--,10,10720,买盘
1975,10:04:42,10.72,--,16,17194,卖盘
1976,10:04:37,10.72,--,2,2144,卖盘
1977,10:04:33,10.72,0.01,61,66421,买盘
1978,10:04:27,10.71,-0.01,2,2142,卖盘
1979,10:04:22,10.72,--,60,64320,买盘
1980,10:04:18,10.72,--,5,5360,买盘
1981,10:04:07,10.72,--,19,20368,买盘
1982,10:04:02,10.72,--,5,5360,买盘
1983,10:03:47,10.72,--,26,27872,卖盘
1984,10:03:42,10.72,-0.01,1,1072,卖盘
1985,10:03:37,10.73,0.01,8,8584,买盘
1986,10:03:33,10.72,-0.01,30,32160,卖盘
1987,10:03:27,10.73,--,6,6438,买盘
1988,10:03:22,10.73,0.01,14,15022,买盘
1989,10:03:17,10.72,--,5,5360,卖盘
1990,10:03:12,10.72,-0.01,6,6432,卖盘
1991,10:03:07,10.73,0.01,40,42920,买盘
1992,10:03:02,10.72,-0.01,1,1072,卖盘
1993,10:02:57,10.73,0.01,8,8584,买盘
1994,10:02:52,10.72,--,13,13936,卖盘
1995,10:02:42,10.72,-0.01,5,5360,卖盘
1996,10:02:37,10.73,0.02,15,16095,买盘
1997,10:02:31,10.71,-0.01,8,8568,卖盘
1998,10:02:22,10.72,-0.01,48,51456,中性盘
1999,10:02:12,10.73,0.02,11,11803,买盘
2000,10:02:07,10.71,-0.02,2,2142,卖盘
2001,10:02:01,10.73,0.01,110,118030,买盘
2002,10:01:57,10.72,-0.01,5,5360,中性盘
2003,10:01:52,10.73,--,167,179191,买盘
2004,10:01:46,10.73,0.03,1,1073,买盘
2005,10:01:37,10.7,-0.02,199,212930,卖盘
2006,10:01:22,10.72,--,30,32771,卖盘
2007,10:01:16,10.72,--,5,5360,买盘
2008,10:01:07,10.72,-0.01,5,5360,买盘
2009,10:01:01,10.73,--,0,0,买盘
2010,10:00:57,10.73,0.01,6,6438,买盘
2011,10:00:52,10.72,--,254,272288,买盘
2012,10:00:46,10.72,--,39,41808,买盘
2013,10:00:37,10.72,0.01,22,23584,买盘
2014,10:00:31,10.71,-0.01,2,2142,卖盘
2015,10:00:22,10.72,--,20,21440,买盘
2016,10:00:16,10.72,--,3,3216,买盘
2017,10:00:12,10.72,0.01,31,33232,买盘
2018,10:00:07,10.71,--,60,64260,买盘
2019,10:00:01,10.71,--,35,37485,买盘
2020,09:59:52,10.71,0.01,2,2142,买盘
2021,09:59:42,10.7,-0.01,33,35310,卖盘
2022,09:59:37,10.71,--,75,80325,买盘
2023,09:59:31,10.71,--,2,2142,买盘
2024,09:59:27,10.71,--,10,10710,买盘
2025,09:59:22,10.71,--,56,59976,买盘
2026,09:59:16,10.71,--,3,3213,买盘
2027,09:59:11,10.71,--,11,11781,买盘
2028,09:59:07,10.71,0.01,15,16065,买盘
2029,09:58:56,10.7,--,140,149800,买盘
2030,09:58:51,10.7,0.01,171,182970,买盘
2031,09:58:46,10.69,--,20,21380,卖盘
2032,09:58:41,10.69,-0.01,14,14966,卖盘
2033,09:58:36,10.7,--,100,107000,买盘
2034,09:58:31,10.7,--,2,2140,买盘
2035,09:58:26,10.7,0.01,1,1070,买盘
2036,09:58:16,10.69,-0.01,2,2138,卖盘
2037,09:58:11,10.7,0.01,36,38520,买盘
2038,09:58:06,10.69,-0.01,2,2138,卖盘
2039,09:58:01,10.7,--,11,11770,买盘
2040,09:57:56,10.7,--,1,1070,买盘
2041,09:57:51,10.7,0.01,9,9630,买盘
2042,09:57:41,10.69,-0.01,21,22449,卖盘
2043,09:57:31,10.7,--,1,1070,买盘
2044,09:57:26,10.7,0.01,3,3210,买盘
2045,09:57:21,10.69,--,7,7483,卖盘
2046,09:57:11,10.69,--,43,45967,卖盘
2047,09:56:41,10.69,--,82,87658,买盘
2048,09:56:36,10.69,0.01,8,8552,买盘
2049,09:56:31,10.68,--,25,26700,卖盘
2050,09:56:21,10.68,--,50,53400,卖盘
2051,09:56:11,10.68,-0.01,4,4272,卖盘
2052,09:56:01,10.69,--,23,24587,买盘
2053,09:55:36,10.69,--,1,1069,买盘
2054,09:55:25,10.69,--,7,7483,买盘
2055,09:55:21,10.69,--,30,32070,买盘
2056,09:55:16,10.69,--,41,43829,卖盘
2057,09:55:10,10.69,-0.01,61,65209,卖盘
2058,09:55:01,10.7,-0.01,147,157290,卖盘
2059,09:54:55,10.71,0.01,1,1071,买盘
2060,09:54:51,10.7,--,6,6420,卖盘
2061,09:54:46,10.7,-0.01,280,299600,卖盘
2062,09:54:40,10.71,0.01,10,10710,买盘
2063,09:54:36,10.7,-0.01,2,2140,卖盘
2064,09:54:31,10.71,--,79,84609,卖盘
2065,09:54:25,10.71,--,4,4284,卖盘
2066,09:54:16,10.71,-0.01,121,129591,卖盘
2067,09:54:10,10.72,--,23,24656,买盘
2068,09:54:06,10.72,--,10,10720,买盘
2069,09:54:01,10.72,--,13,13936,买盘
2070,09:53:55,10.72,--,100,107200,买盘
2071,09:53:40,10.72,--,7,7504,买盘
2072,09:53:31,10.72,--,10,10720,买盘
2073,09:53:25,10.72,--,9,9648,买盘
2074,09:53:16,10.72,--,15,16080,买盘
2075,09:53:06,10.72,--,6,6432,买盘
2076,09:52:46,10.72,--,6,6432,买盘
2077,09:52:40,10.72,0.01,42,45024,买盘
2078,09:52:36,10.71,--,17,18207,卖盘
2079,09:52:31,10.71,-0.01,27,28917,卖盘
2080,09:52:16,10.72,--,20,21440,买盘
2081,09:52:10,10.72,0.01,1,1072,买盘
2082,09:52:05,10.71,--,2,2142,卖盘
2083,09:51:55,10.71,--,111,118881,买盘
2084,09:51:50,10.71,--,7,7497,买盘
2085,09:51:45,10.71,0.01,5,5355,买盘
2086,09:51:30,10.7,--,10,10700,卖盘
2087,09:51:25,10.7,-0.01,2,2140,卖盘
2088,09:51:20,10.71,--,130,139230,买盘
2089,09:51:15,10.71,0.01,5,5355,买盘
2090,09:51:05,10.7,--,61,65269,买盘
2091,09:51:00,10.7,--,5,5350,买盘
2092,09:50:50,10.7,--,35,37450,卖盘
2093,09:50:40,10.7,--,6,6420,买盘
2094,09:50:35,10.7,--,32,34240,买盘
2095,09:50:30,10.7,--,1,1070,买盘
2096,09:50:25,10.7,--,40,42800,买盘
2097,09:50:15,10.7,--,6,6420,买盘
2098,09:50:00,10.7,-0.01,40,42800,卖盘
2099,09:49:55,10.71,--,6,6426,买盘
2100,09:49:50,10.71,0.01,16,17136,买盘
2101,09:49:40,10.7,--,63,67410,卖盘
2102,09:49:30,10.7,--,13,13909,卖盘
2103,09:49:25,10.7,--,20,21400,卖盘
2104,09:49:20,10.7,-0.01,5,5350,卖盘
2105,09:49:10,10.71,0.01,15,16065,买盘
2106,09:48:55,10.7,--,2,2140,卖盘
2107,09:48:50,10.7,--,31,33170,买盘
2108,09:48:40,10.7,--,26,27819,买盘
2109,09:48:15,10.7,--,5,5350,买盘
2110,09:48:10,10.7,--,29,31029,卖盘
2111,09:48:05,10.7,-0.01,2,2140,卖盘
2112,09:47:55,10.71,--,142,152082,卖盘
2113,09:47:50,10.71,--,22,23562,卖盘
2114,09:47:40,10.71,-0.01,18,19278,卖盘
2115,09:47:30,10.72,0.01,20,21440,买盘
2116,09:47:25,10.71,--,5,5355,卖盘
2117,09:47:19,10.71,--,4,4284,卖盘
2118,09:47:10,10.71,-0.01,50,53550,卖盘
2119,09:47:04,10.72,--,9,9648,卖盘
2120,09:46:55,10.72,--,23,24656,买盘
2121,09:46:45,10.72,--,7,7504,买盘
2122,09:46:40,10.72,--,11,11792,买盘
2123,09:46:34,10.72,0.01,10,10720,买盘
2124,09:46:19,10.71,--,22,23562,买盘
2125,09:46:04,10.71,0.01,55,58905,买盘
2126,09:45:55,10.7,--,66,70620,买盘
2127,09:45:49,10.7,-0.01,18,19260,卖盘
2128,09:45:40,10.71,0.01,50,53550,买盘
2129,09:45:30,10.7,0.01,249,266430,买盘
2130,09:45:25,10.69,--,4,4276,买盘
2131,09:45:19,10.69,0.01,20,21380,买盘
2132,09:45:10,10.68,-0.01,86,91848,卖盘
2133,09:45:04,10.69,--,56,59864,买盘
2134,09:45:00,10.69,0.01,5,5345,买盘
2135,09:44:49,10.68,-0.01,73,77964,卖盘
2136,09:44:40,10.69,0.01,75,80175,买盘
2137,09:44:34,10.68,0.01,9,9612,买盘
2138,09:44:30,10.67,--,41,43747,买盘
2139,09:44:24,10.67,--,2,2134,买盘
2140,09:44:19,10.67,0.01,49,52283,买盘
2141,09:44:14,10.66,-0.01,16,17056,卖盘
2142,09:44:09,10.67,0.01,10,10670,买盘
2143,09:44:04,10.66,--,30,31980,卖盘
2144,09:43:59,10.66,-0.01,9,9594,卖盘
2145,09:43:49,10.67,0.01,10,10670,买盘
2146,09:43:29,10.66,-0.01,11,11726,卖盘
2147,09:43:24,10.67,0.01,45,48015,买盘
2148,09:43:19,10.66,-0.01,3,3198,卖盘
2149,09:43:14,10.67,--,6,6402,买盘
2150,09:43:04,10.67,--,3,3201,买盘
2151,09:42:59,10.67,--,24,25608,买盘
2152,09:42:54,10.67,0.01,10,10670,买盘
2153,09:42:49,10.66,-0.01,2,2132,卖盘
2154,09:42:44,10.67,--,63,67221,买盘
2155,09:42:39,10.67,--,15,16005,买盘
2156,09:42:34,10.67,--,1,1067,买盘
2157,09:42:29,10.67,--,5,5335,买盘
2158,09:42:24,10.67,-0.01,16,17072,买盘
2159,09:42:19,10.68,0.01,6,6408,买盘
2160,09:42:14,10.67,-0.01,20,21340,卖盘
2161,09:42:04,10.68,0.02,57,60876,买盘
2162,09:41:59,10.66,-0.01,10,10660,卖盘
2163,09:41:49,10.67,--,20,21340,买盘
2164,09:41:44,10.67,0.01,5,5335,买盘
2165,09:41:34,10.66,--,12,12792,卖盘
2166,09:41:29,10.66,--,13,13858,买盘
2167,09:41:24,10.66,--,12,12792,买盘
2168,09:41:19,10.66,--,20,21320,买盘
2169,09:41:14,10.66,--,6,6396,买盘
2170,09:41:09,10.66,--,8,8528,买盘
2171,09:41:04,10.66,--,20,21320,买盘
2172,09:40:59,10.66,--,35,37310,买盘
2173,09:40:44,10.66,--,2,2132,买盘
2174,09:40:39,10.66,0.01,2,2132,买盘
2175,09:40:34,10.65,-0.01,20,21300,卖盘
2176,09:40:29,10.66,0.01,102,108732,买盘
2177,09:40:19,10.65,-0.01,33,35145,卖盘
2178,09:40:14,10.66,--,17,18122,买盘
2179,09:40:09,10.66,--,11,11726,买盘
2180,09:39:58,10.66,0.01,30,31980,中性盘
2181,09:39:54,10.65,-0.01,5,5325,卖盘
2182,09:39:49,10.66,--,46,49046,买盘
2183,09:39:43,10.66,0.02,20,21320,买盘
2184,09:39:39,10.64,--,0,0,卖盘
2185,09:39:34,10.64,-0.01,66,70224,卖盘
2186,09:39:28,10.65,0.01,26,27690,买盘
2187,09:39:24,10.64,-0.01,6,6384,卖盘
2188,09:39:13,10.65,--,8,8520,买盘
2189,09:39:09,10.65,--,11,11715,买盘
2190,09:39:04,10.65,--,1,1065,买盘
2191,09:38:58,10.65,-0.01,21,22365,卖盘
2192,09:38:54,10.66,--,0,0,买盘
2193,09:38:49,10.66,0.02,7,7462,买盘
2194,09:38:43,10.64,--,5,5320,买盘
2195,09:38:39,10.64,--,5,5320,买盘
2196,09:38:34,10.64,-0.01,20,21280,卖盘
2197,09:38:28,10.65,0.01,2,2130,买盘
2198,09:38:19,10.64,0.01,6,6384,卖盘
2199,09:38:13,10.63,-0.01,103,109489,卖盘
2200,09:38:08,10.64,--,3,3192,买盘
2201,09:37:58,10.64,--,30,31920,买盘
2202,09:37:53,10.64,-0.01,108,114912,卖盘
2203,09:37:43,10.65,--,18,19170,买盘
2204,09:37:38,10.65,--,11,11715,买盘
2205,09:37:34,10.65,--,1,1065,买盘
2206,09:37:28,10.65,0.01,47,50055,买盘
2207,09:37:23,10.64,--,27,28728,卖盘
2208,09:37:19,10.64,-0.01,26,27664,卖盘
2209,09:37:13,10.65,0.01,20,21300,买盘
2210,09:37:08,10.64,--,16,17024,卖盘
2211,09:37:04,10.64,--,5,5320,卖盘
2212,09:36:58,10.64,-0.01,6,6384,卖盘
2213,09:36:53,10.65,0.01,60,63900,买盘
2214,09:36:48,10.64,-0.01,61,64904,卖盘
2215,09:36:43,10.65,--,59,62835,买盘
2216,09:36:38,10.65,--,24,25560,买盘
2217,09:36:33,10.65,0.01,5,5325,买盘
2218,09:36:28,10.64,--,28,29792,卖盘
2219,09:36:23,10.64,0.01,107,113848,买盘
2220,09:36:13,10.63,--,82,87166,卖盘
2221,09:36:08,10.63,-0.01,25,26575,卖盘
2222,09:36:03,10.64,--,4,4256,卖盘
2223,09:35:58,10.64,-0.03,1,1064,卖盘
2224,09:35:53,10.67,0.03,13,13871,中性盘
2225,09:35:48,10.64,-0.04,12,12768,中性盘
2226,09:35:43,10.68,--,4,4272,买盘
2227,09:35:38,10.68,--,5,5340,买盘
2228,09:35:33,10.68,--,16,17088,买盘
2229,09:35:28,10.68,-0.01,189,201852,中性盘
2230,09:35:23,10.69,--,32,34208,卖盘
2231,09:35:18,10.69,--,38,40622,卖盘
2232,09:35:13,10.69,0.01,57,60933,中性盘
2233,09:35:08,10.68,--,180,192240,卖盘
2234,09:35:03,10.68,--,33,35244,卖盘
2235,09:34:58,10.68,--,78,83304,卖盘
2236,09:34:53,10.68,-0.01,5,5340,卖盘
2237,09:34:43,10.69,--,8,8552,买盘
2238,09:34:38,10.69,--,2,2138,买盘
2239,09:34:33,10.69,--,15,16035,买盘
2240,09:34:28,10.69,-0.01,155,165695,卖盘
2241,09:34:23,10.7,--,3,3210,买盘
2242,09:34:18,10.7,--,16,17120,买盘
2243,09:34:13,10.7,--,119,127329,买盘
2244,09:34:08,10.7,--,42,44940,买盘
2245,09:34:03,10.7,--,3,3210,买盘
2246,09:33:58,10.7,--,6,6420,买盘
2247,09:33:53,10.7,--,163,175469,卖盘
2248,09:33:43,10.7,--,64,68490,买盘
2249,09:33:38,10.7,0.01,35,37450,买盘
2250,09:33:33,10.69,-0.01,24,26714,卖盘
2251,09:33:23,10.7,--,208,222570,买盘
2252,09:33:13,10.7,0.01,2,2140,买盘
2253,09:33:08,10.69,-0.01,85,90865,卖盘
2254,09:33:03,10.7,0.01,28,29959,买盘
2255,09:32:58,10.69,-0.01,24,25656,卖盘
2256,09:32:53,10.7,--,28,29959,买盘
2257,09:32:48,10.7,--,10,10700,买盘
2258,09:32:43,10.7,-0.01,25,27809,卖盘
2259,09:32:38,10.71,0.01,293,313803,买盘
2260,09:32:28,10.7,-0.01,54,57779,卖盘
2261,09:32:18,10.71,--,10,10710,买盘
2262,09:32:13,10.71,--,15,16065,买盘
2263,09:32:08,10.71,-0.01,176,188496,卖盘
2264,09:32:03,10.72,-0.01,10,10720,买盘
2265,09:31:58,10.73,0.01,243,260739,买盘
2266,09:31:52,10.72,--,64,68608,卖盘
2267,09:31:48,10.72,-0.01,20,21440,卖盘
2268,09:31:43,10.73,--,28,30044,买盘
2269,09:31:37,10.73,--,45,48285,买盘
2270,09:31:33,10.73,0.01,30,32190,买盘
2271,09:31:27,10.72,--,1,1072,卖盘
2272,09:31:22,10.72,-0.01,1,1072,卖盘
2273,09:31:13,10.73,--,17,18241,买盘
2274,09:31:07,10.73,0.02,3,3219,买盘
2275,09:31:02,10.71,-0.01,21,22491,卖盘
2276,09:30:57,10.72,--,5,5360,买盘
2277,09:30:52,10.72,0.01,10,10720,买盘
2278,09:30:48,10.71,-0.01,46,49266,卖盘
2279,09:30:37,10.72,-0.02,12,12864,买盘
2280,09:30:32,10.74,0.02,22,23628,买盘
2281,09:30:22,10.72,-0.03,1,1072,中性盘
2282,09:30:17,10.75,--,0,0,买盘
2283,09:30:07,10.75,0.06,419,450425,买盘
2284,09:28:52,10.69,--,0,0,卖盘
2285,09:25:05,10.69,10.69,104,111186,买盘
