,time,price,change,volume,amount,type
0,15:00:00,5.44,--,0,0,买盘
1,15:00:00,5.44,--,0,0,买盘
2,14:59:58,5.44,--,458,249152,买盘
3,14:59:52,5.44,0.01,7,3808,买盘
4,14:59:48,5.43,-0.01,28,15204,卖盘
5,14:59:43,5.44,0.01,238,129472,买盘
6,14:59:37,5.43,-0.01,202,109686,卖盘
7,14:59:33,5.44,--,64,34816,买盘
8,14:59:28,5.44,--,193,104992,买盘
9,14:59:22,5.44,0.01,2062,1121728,买盘
10,14:59:18,5.43,-0.01,359,194937,卖盘
11,14:59:12,5.44,--,30,16320,买盘
12,14:59:07,5.44,--,370,201280,买盘
13,14:58:57,5.44,0.01,35,19040,买盘
14,14:58:52,5.43,--,317,172131,卖盘
15,14:58:42,5.43,-0.01,235,127605,卖盘
16,14:58:37,5.44,--,47,25568,买盘
17,14:58:33,5.44,--,130,70992,买盘
18,14:58:27,5.44,0.01,561,305640,买盘
19,14:58:22,5.43,--,335,181905,卖盘
20,14:58:17,5.43,--,20,10860,卖盘
21,14:58:12,5.43,-0.01,241,130863,卖盘
22,14:58:07,5.44,0.01,267,145248,买盘
23,14:58:02,5.43,-0.01,159,86337,卖盘
24,14:57:57,5.44,0.01,607,330208,买盘
25,14:57:52,5.43,-0.01,229,124347,卖盘
26,14:57:47,5.44,--,248,134912,买盘
27,14:57:42,5.44,0.01,1419,771936,买盘
28,14:57:37,5.43,-0.01,97,52671,卖盘
29,14:57:32,5.44,--,431,234464,买盘
30,14:57:27,5.44,0.01,432,235008,买盘
31,14:57:22,5.43,-0.01,72,39096,卖盘
32,14:57:17,5.44,--,574,312256,买盘
33,14:57:12,5.44,0.01,176,95744,买盘
34,14:57:02,5.43,--,6,3258,卖盘
35,14:56:57,5.43,--,16,8688,卖盘
36,14:56:52,5.43,-0.01,71,38553,卖盘
37,14:56:47,5.44,0.01,19,10336,买盘
38,14:56:42,5.43,-0.01,20,10860,卖盘
39,14:56:37,5.44,0.01,90,48960,买盘
40,14:56:27,5.43,--,260,141180,卖盘
41,14:56:22,5.43,--,25,13575,卖盘
42,14:56:17,5.43,-0.01,32,17376,卖盘
43,14:56:12,5.44,--,118,64192,买盘
44,14:56:07,5.44,--,50,27200,买盘
45,14:55:57,5.44,--,120,65280,买盘
46,14:55:52,5.44,0.01,50,27200,买盘
47,14:55:47,5.43,--,5,2715,卖盘
48,14:55:42,5.43,--,9,4887,卖盘
49,14:55:37,5.43,-0.01,32,17376,卖盘
50,14:55:32,5.44,--,67,36448,买盘
51,14:55:27,5.44,0.01,19,10336,买盘
52,14:55:22,5.43,--,283,153669,卖盘
53,14:55:17,5.43,--,1,543,卖盘
54,14:55:12,5.43,-0.01,580,314940,卖盘
55,14:55:07,5.44,--,10,5440,买盘
56,14:55:02,5.44,--,242,131648,买盘
57,14:54:57,5.44,--,114,62016,买盘
58,14:54:52,5.44,--,91,49504,买盘
59,14:54:42,5.44,--,360,195840,买盘
60,14:54:37,5.44,0.01,3000,1632000,买盘
61,14:54:32,5.43,-0.01,818,444174,卖盘
62,14:54:27,5.44,--,92,50048,买盘
63,14:54:22,5.44,--,258,140352,买盘
64,14:54:17,5.44,0.01,148,80512,买盘
65,14:54:12,5.43,--,325,176475,卖盘
66,14:54:07,5.43,--,30,16290,卖盘
67,14:53:57,5.43,-0.01,6,3258,卖盘
68,14:53:52,5.44,--,22,11968,买盘
69,14:53:42,5.44,0.01,111,60384,买盘
70,14:53:37,5.43,-0.01,70,38010,卖盘
71,14:53:31,5.44,--,27,14688,买盘
72,14:53:27,5.44,--,224,121856,买盘
73,14:53:22,5.44,0.01,185,100640,买盘
74,14:53:07,5.43,-0.01,340,184620,卖盘
75,14:53:01,5.44,0.01,504,274176,买盘
76,14:52:52,5.43,--,66,35838,卖盘
77,14:52:46,5.43,-0.01,13,7059,卖盘
78,14:52:41,5.44,--,631,343264,买盘
79,14:52:37,5.44,0.01,90,48960,买盘
80,14:52:31,5.43,-0.01,887,481641,卖盘
81,14:52:26,5.44,0.01,11,5984,买盘
82,14:52:22,5.43,-0.01,44,23892,卖盘
83,14:52:16,5.44,--,288,156672,买盘
84,14:52:07,5.44,0.01,4536,2467807,买盘
85,14:52:01,5.43,--,1222,663546,买盘
86,14:51:56,5.43,--,605,328515,买盘
87,14:51:52,5.43,--,147,79821,买盘
88,14:51:46,5.43,--,2803,1522029,买盘
89,14:51:41,5.43,--,582,316026,买盘
90,14:51:37,5.43,0.01,447,242721,买盘
91,14:51:31,5.42,--,7,3794,卖盘
92,14:51:26,5.42,-0.01,402,217884,卖盘
93,14:51:21,5.43,--,159,86337,买盘
94,14:51:16,5.43,--,139,75477,买盘
95,14:51:11,5.43,0.01,1684,914412,买盘
96,14:51:06,5.42,--,161,87262,卖盘
97,14:51:01,5.42,--,405,219510,卖盘
98,14:50:51,5.42,--,67,36314,卖盘
99,14:50:46,5.42,-0.01,1506,816252,卖盘
100,14:50:41,5.43,--,403,218829,买盘
101,14:50:36,5.43,--,231,125433,买盘
102,14:50:31,5.43,0.01,327,177561,买盘
103,14:50:26,5.42,-0.01,10,5420,卖盘
104,14:50:21,5.43,0.01,60,32580,买盘
105,14:50:16,5.42,-0.01,70,37940,卖盘
106,14:50:11,5.43,--,2,1086,买盘
107,14:50:06,5.43,0.01,21,11403,买盘
108,14:50:01,5.42,-0.01,44,23848,卖盘
109,14:49:56,5.43,--,55,29865,买盘
110,14:49:51,5.43,0.01,139,75477,买盘
111,14:49:46,5.42,-0.01,36,19512,卖盘
112,14:49:41,5.43,--,126,68418,买盘
113,14:49:36,5.43,--,402,218286,买盘
114,14:49:31,5.43,--,10,5430,买盘
115,14:49:26,5.43,0.01,233,126519,买盘
116,14:49:21,5.42,-0.01,111,60162,卖盘
117,14:49:16,5.43,--,836,453948,买盘
118,14:49:11,5.43,--,97,52671,买盘
119,14:49:06,5.43,0.01,198,107514,买盘
120,14:49:01,5.42,-0.01,27,14634,卖盘
121,14:48:56,5.43,--,73,39639,买盘
122,14:48:51,5.43,--,16,8688,买盘
123,14:48:46,5.43,--,20,10860,买盘
124,14:48:41,5.43,0.01,13,7059,买盘
125,14:48:36,5.42,-0.01,94,50948,卖盘
126,14:48:31,5.43,--,122,66246,买盘
127,14:48:21,5.43,--,3,1629,买盘
128,14:48:16,5.43,0.01,377,204711,买盘
129,14:48:11,5.42,-0.01,23,12466,卖盘
130,14:48:06,5.43,0.01,91,49413,买盘
131,14:48:01,5.42,--,74,40108,卖盘
132,14:47:51,5.42,--,1,542,卖盘
133,14:47:46,5.42,-0.01,656,355552,卖盘
134,14:47:41,5.43,--,54,29322,买盘
135,14:47:36,5.43,--,81,43983,买盘
136,14:47:31,5.43,--,276,149868,买盘
137,14:47:26,5.43,--,247,134121,买盘
138,14:47:21,5.43,0.01,85,46155,买盘
139,14:47:16,5.42,-0.01,46,24932,卖盘
140,14:47:11,5.43,0.01,3,1629,买盘
141,14:47:06,5.42,-0.01,266,144172,卖盘
142,14:47:01,5.43,0.01,300,162900,买盘
143,14:46:56,5.42,-0.01,112,60704,卖盘
144,14:46:51,5.43,--,72,39096,买盘
145,14:46:46,5.43,0.01,90,48870,买盘
146,14:46:41,5.42,-0.01,11,5962,卖盘
147,14:46:36,5.43,--,113,61359,买盘
148,14:46:31,5.43,0.01,444,241092,买盘
149,14:46:21,5.42,-0.01,171,92682,卖盘
150,14:46:16,5.43,--,782,424626,买盘
151,14:46:10,5.43,--,2,1086,买盘
152,14:46:06,5.43,--,286,155298,买盘
153,14:46:01,5.43,--,145,78735,买盘
154,14:45:50,5.43,--,1148,623364,买盘
155,14:45:46,5.43,--,671,364353,买盘
156,14:45:40,5.43,--,9,4887,买盘
157,14:45:35,5.43,0.01,60,32580,买盘
158,14:45:31,5.42,--,440,238480,卖盘
159,14:45:20,5.42,-0.01,54,29268,卖盘
160,14:45:16,5.43,--,2044,1109892,买盘
161,14:45:10,5.43,0.01,102,55386,买盘
162,14:45:05,5.42,-0.01,55,29810,卖盘
163,14:45:01,5.43,--,181,98283,买盘
164,14:44:55,5.43,0.01,118,64074,买盘
165,14:44:50,5.42,-0.01,50,27100,卖盘
166,14:44:45,5.43,0.01,1290,700470,买盘
167,14:44:40,5.42,--,400,216800,卖盘
168,14:44:30,5.42,-0.01,446,241732,卖盘
169,14:44:25,5.43,--,330,179190,买盘
170,14:44:20,5.43,--,60,32580,买盘
171,14:44:16,5.43,--,151,81993,买盘
172,14:44:10,5.43,0.01,4,2172,买盘
173,14:44:05,5.42,-0.01,1,542,卖盘
174,14:44:01,5.43,--,225,122175,买盘
175,14:43:55,5.43,--,99,53757,买盘
176,14:43:50,5.43,0.01,37,20091,买盘
177,14:43:45,5.42,-0.01,322,174524,卖盘
178,14:43:40,5.43,--,7,3801,买盘
179,14:43:30,5.43,--,12,6516,买盘
180,14:43:25,5.43,0.01,1,543,买盘
181,14:43:20,5.42,-0.01,100,54200,卖盘
182,14:43:15,5.43,--,169,91767,买盘
183,14:43:10,5.43,0.01,141,76563,买盘
184,14:43:05,5.42,-0.01,172,93224,卖盘
185,14:42:55,5.43,--,61,33123,买盘
186,14:42:50,5.43,0.01,10,5430,买盘
187,14:42:45,5.42,--,99,53658,卖盘
188,14:42:40,5.42,-0.01,77,41734,卖盘
189,14:42:35,5.43,--,72,39096,买盘
190,14:42:30,5.43,0.01,24,13032,买盘
191,14:42:25,5.42,-0.01,3,1626,卖盘
192,14:42:20,5.43,--,404,219372,买盘
193,14:42:15,5.43,--,169,91767,买盘
194,14:42:10,5.43,--,116,62988,买盘
195,14:42:05,5.43,--,73,39639,买盘
196,14:42:00,5.43,0.01,104,56472,买盘
197,14:41:55,5.42,--,56,30352,卖盘
198,14:41:45,5.42,--,85,46070,卖盘
199,14:41:40,5.42,--,99,53658,卖盘
200,14:41:35,5.42,-0.01,276,149592,卖盘
201,14:41:30,5.43,0.01,23,12489,买盘
202,14:41:25,5.42,-0.01,78,42547,卖盘
203,14:41:20,5.43,0.01,86,46698,买盘
204,14:41:15,5.42,--,322,174524,卖盘
205,14:41:10,5.42,--,140,75880,卖盘
206,14:41:05,5.42,--,55,29810,卖盘
207,14:41:00,5.42,--,3,1626,卖盘
208,14:40:55,5.42,-0.01,48,26016,卖盘
209,14:40:40,5.43,0.01,124,67332,买盘
210,14:40:35,5.42,--,67,36314,卖盘
211,14:40:30,5.42,--,28,15176,卖盘
212,14:40:25,5.42,-0.01,94,50948,卖盘
213,14:40:20,5.43,--,1,543,买盘
214,14:40:15,5.43,--,222,120546,买盘
215,14:40:10,5.43,--,241,130863,买盘
216,14:40:00,5.43,0.01,29,15747,买盘
217,14:39:55,5.42,--,9,4878,卖盘
218,14:39:50,5.42,-0.01,1,542,卖盘
219,14:39:40,5.43,0.01,95,51585,买盘
220,14:39:35,5.42,-0.01,369,199998,卖盘
221,14:39:30,5.43,0.01,131,71133,买盘
222,14:39:25,5.42,--,2,1084,卖盘
223,14:39:20,5.42,-0.01,12,6504,卖盘
224,14:39:15,5.43,--,212,115116,买盘
225,14:39:10,5.43,0.01,168,91224,买盘
226,14:39:05,5.42,--,55,29810,卖盘
227,14:39:00,5.42,--,121,65582,卖盘
228,14:38:54,5.42,-0.01,8,4336,卖盘
229,14:38:45,5.43,--,150,81450,买盘
230,14:38:40,5.43,--,259,140637,买盘
231,14:38:34,5.43,--,154,83622,买盘
232,14:38:30,5.43,--,12,6516,买盘
233,14:38:24,5.43,--,456,247608,买盘
234,14:38:19,5.43,0.01,308,167244,买盘
235,14:38:14,5.42,-0.01,59,31978,卖盘
236,14:38:09,5.43,0.01,75,40725,买盘
237,14:38:04,5.42,-0.01,42,22764,卖盘
238,14:37:59,5.43,--,13,7059,买盘
239,14:37:54,5.43,--,719,390417,买盘
240,14:37:44,5.43,0.01,73,39639,买盘
241,14:37:39,5.42,--,39,21138,卖盘
242,14:37:34,5.42,--,394,213548,卖盘
243,14:37:29,5.42,-0.01,172,93224,卖盘
244,14:37:24,5.43,0.01,3,1629,买盘
245,14:37:19,5.42,--,1677,908934,卖盘
246,14:37:09,5.42,--,117,63414,卖盘
247,14:37:04,5.42,-0.01,130,70460,卖盘
248,14:36:59,5.43,0.01,4,2172,买盘
249,14:36:49,5.42,-0.01,634,343628,卖盘
250,14:36:44,5.43,--,61,33123,买盘
251,14:36:39,5.43,0.01,305,165615,买盘
252,14:36:34,5.42,-0.01,302,163684,卖盘
253,14:36:29,5.43,--,2,1086,买盘
254,14:36:24,5.43,0.01,113,61359,买盘
255,14:36:19,5.42,-0.01,548,297016,卖盘
256,14:36:14,5.43,--,74,40182,买盘
257,14:36:09,5.43,0.01,286,155298,买盘
258,14:36:04,5.42,--,25,13821,卖盘
259,14:35:59,5.42,-0.01,11,5962,卖盘
260,14:35:54,5.43,0.01,1,543,买盘
261,14:35:49,5.42,-0.01,492,266664,卖盘
262,14:35:44,5.43,--,5,2715,买盘
263,14:35:39,5.43,--,22,11946,买盘
264,14:35:34,5.43,0.01,120,65160,买盘
265,14:35:29,5.42,-0.01,1267,686714,卖盘
266,14:35:24,5.43,--,1,543,买盘
267,14:35:19,5.43,0.01,623,338289,买盘
268,14:35:09,5.42,--,392,212464,卖盘
269,14:35:04,5.42,--,2520,1365840,卖盘
270,14:34:59,5.42,--,27,14634,卖盘
271,14:34:49,5.42,-0.01,365,197830,卖盘
272,14:34:44,5.43,--,1,543,买盘
273,14:34:39,5.43,--,213,115659,买盘
274,14:34:34,5.43,--,85,46155,买盘
275,14:34:29,5.43,--,17,9231,买盘
276,14:34:24,5.43,--,1324,718932,买盘
277,14:34:19,5.43,0.01,125,67875,买盘
278,14:34:09,5.42,-0.01,360,195120,卖盘
279,14:34:04,5.43,0.01,384,208512,买盘
280,14:33:59,5.42,-0.01,9,4878,卖盘
281,14:33:54,5.43,0.01,2,1086,买盘
282,14:33:49,5.42,-0.01,112,60704,卖盘
283,14:33:44,5.43,0.01,125,67875,买盘
284,14:33:39,5.42,-0.01,26,14092,卖盘
285,14:33:34,5.43,0.01,442,240006,买盘
286,14:33:29,5.42,-0.01,1153,624926,卖盘
287,14:33:24,5.43,0.01,1,543,买盘
288,14:33:19,5.42,--,81,43902,卖盘
289,14:33:14,5.42,-0.01,243,131706,卖盘
290,14:33:09,5.43,0.01,64,34752,买盘
291,14:33:04,5.42,--,10,5420,卖盘
292,14:32:59,5.42,--,336,182112,卖盘
293,14:32:54,5.42,--,51,27642,卖盘
294,14:32:49,5.42,-0.01,67,36314,卖盘
295,14:32:44,5.43,--,83,45069,买盘
296,14:32:39,5.43,--,152,82536,买盘
297,14:32:34,5.43,0.01,152,82536,买盘
298,14:32:29,5.42,--,100,54200,卖盘
299,14:32:24,5.42,-0.01,512,277504,卖盘
300,14:32:18,5.43,--,80,43440,买盘
301,14:32:09,5.43,--,63,34209,买盘
302,14:32:03,5.43,0.01,101,54843,买盘
303,14:31:53,5.42,--,82,44444,卖盘
304,14:31:48,5.42,-0.01,383,207586,卖盘
305,14:31:44,5.43,--,1278,693954,买盘
306,14:31:39,5.43,--,377,204711,买盘
307,14:31:33,5.43,--,328,178104,买盘
308,14:31:23,5.43,--,12,6516,买盘
309,14:31:18,5.43,0.01,816,443088,买盘
310,14:31:13,5.42,--,36,19512,卖盘
311,14:31:08,5.42,-0.01,129,69918,卖盘
312,14:30:58,5.43,0.01,7,3801,买盘
313,14:30:53,5.42,--,571,309482,卖盘
314,14:30:48,5.42,--,122,66124,卖盘
315,14:30:43,5.42,-0.01,546,295932,卖盘
316,14:30:38,5.43,0.01,131,71133,买盘
317,14:30:33,5.42,-0.01,22,11924,卖盘
318,14:30:28,5.43,--,156,84708,买盘
319,14:30:23,5.43,0.01,227,123261,买盘
320,14:30:18,5.42,-0.01,382,207044,卖盘
321,14:30:13,5.43,--,363,197109,买盘
322,14:30:08,5.43,--,29,15747,买盘
323,14:30:03,5.43,--,364,197652,买盘
324,14:29:58,5.43,--,290,157470,买盘
325,14:29:53,5.43,--,479,260097,买盘
326,14:29:48,5.43,0.01,920,499560,买盘
327,14:29:43,5.42,--,1914,1037388,卖盘
328,14:29:33,5.42,-0.01,368,199456,卖盘
329,14:29:28,5.43,--,283,153669,买盘
330,14:29:23,5.43,--,1,543,买盘
331,14:29:18,5.43,0.01,595,323085,买盘
332,14:29:13,5.42,--,3,1626,卖盘
333,14:29:08,5.42,-0.01,62,33604,卖盘
334,14:29:02,5.43,--,9910,5381130,买盘
335,14:28:58,5.43,--,387,210141,买盘
336,14:28:53,5.43,--,128,69504,买盘
337,14:28:48,5.43,--,28,15204,买盘
338,14:28:43,5.43,--,44,23892,买盘
339,14:28:38,5.43,0.01,372,201996,买盘
340,14:28:32,5.42,--,54,29268,卖盘
341,14:28:28,5.42,--,186,100812,卖盘
342,14:28:23,5.42,-0.01,151,81842,卖盘
343,14:28:17,5.43,--,271,147153,买盘
344,14:28:13,5.43,--,326,177018,买盘
345,14:28:08,5.43,--,5,2715,买盘
346,14:28:02,5.43,--,6,3258,买盘
347,14:27:53,5.43,--,215,116745,买盘
348,14:27:47,5.43,--,109,59187,买盘
349,14:27:43,5.43,--,2,1086,买盘
350,14:27:32,5.43,--,517,280731,买盘
351,14:27:28,5.43,0.01,575,312225,买盘
352,14:27:23,5.42,--,45,24390,卖盘
353,14:27:17,5.42,--,1237,670454,卖盘
354,14:27:13,5.42,--,178,96476,卖盘
355,14:27:08,5.42,--,184,99728,卖盘
356,14:26:58,5.42,-0.01,126,68292,卖盘
357,14:26:53,5.43,--,513,278559,买盘
358,14:26:47,5.43,--,132,71676,买盘
359,14:26:43,5.43,0.01,3,1629,买盘
360,14:26:38,5.42,--,20,10840,卖盘
361,14:26:32,5.42,--,44,23848,卖盘
362,14:26:27,5.42,-0.01,44,23848,卖盘
363,14:26:23,5.43,0.01,33,17919,买盘
364,14:26:17,5.42,-0.01,274,148508,卖盘
365,14:26:13,5.43,--,369,200367,买盘
366,14:26:08,5.43,0.01,72,39096,买盘
367,14:26:02,5.42,-0.01,325,176150,卖盘
368,14:25:57,5.43,--,288,156384,买盘
369,14:25:53,5.43,--,5,2715,买盘
370,14:25:47,5.43,--,143,77649,买盘
371,14:25:42,5.43,--,23,12489,买盘
372,14:25:32,5.43,0.01,347,188421,买盘
373,14:25:27,5.42,-0.01,216,117072,卖盘
374,14:25:23,5.43,--,250,135750,买盘
375,14:25:17,5.43,--,85,46155,买盘
376,14:25:12,5.43,0.01,2,1086,买盘
377,14:25:07,5.42,--,63,34146,卖盘
378,14:24:57,5.42,-0.01,271,146882,卖盘
379,14:24:53,5.43,--,1,543,买盘
380,14:24:47,5.43,--,767,416481,买盘
381,14:24:42,5.43,0.01,19,10317,买盘
382,14:24:32,5.42,-0.01,1,542,卖盘
383,14:24:22,5.43,--,2,1086,买盘
384,14:24:17,5.43,--,55,29865,买盘
385,14:24:12,5.43,0.01,331,179733,买盘
386,14:23:57,5.42,-0.01,76,41192,卖盘
387,14:23:52,5.43,0.01,121,65703,买盘
388,14:23:47,5.42,-0.01,768,416256,卖盘
389,14:23:42,5.43,--,707,383901,买盘
390,14:23:37,5.43,--,300,162900,买盘
391,14:23:32,5.43,--,16,8688,买盘
392,14:23:22,5.43,--,1020,553860,买盘
393,14:23:17,5.43,0.01,32,17376,买盘
394,14:23:12,5.42,--,3,1626,卖盘
395,14:23:07,5.42,-0.01,362,196204,卖盘
396,14:22:57,5.43,--,2,1086,买盘
397,14:22:52,5.43,0.01,229,124347,买盘
398,14:22:47,5.42,-0.01,81,43902,卖盘
399,14:22:42,5.43,--,3,1629,买盘
400,14:22:32,5.43,--,306,166158,买盘
401,14:22:27,5.43,--,596,323628,买盘
402,14:22:22,5.43,--,1,543,买盘
403,14:22:17,5.43,--,41,22263,买盘
404,14:22:11,5.43,--,2,1086,买盘
405,14:22:07,5.43,0.01,2921,1586103,买盘
406,14:22:02,5.42,-0.01,24,13008,卖盘
407,14:21:57,5.43,--,398,216114,买盘
408,14:21:52,5.43,0.01,209,113487,买盘
409,14:21:47,5.42,-0.01,8,4336,卖盘
410,14:21:42,5.43,0.01,111,60273,买盘
411,14:21:37,5.42,-0.01,259,140378,卖盘
412,14:21:26,5.43,--,305,165615,买盘
413,14:21:22,5.43,0.01,33,17919,买盘
414,14:21:17,5.42,-0.01,8,4336,卖盘
415,14:21:11,5.43,0.01,29,15747,买盘
416,14:21:07,5.42,-0.01,137,74254,卖盘
417,14:21:02,5.43,--,86,46698,买盘
418,14:20:56,5.43,0.01,35,19005,买盘
419,14:20:52,5.42,-0.01,533,288886,卖盘
420,14:20:41,5.43,0.01,3,1629,买盘
421,14:20:26,5.42,-0.01,330,178860,卖盘
422,14:20:22,5.43,--,325,176475,买盘
423,14:20:16,5.43,--,3,1629,买盘
424,14:20:11,5.43,--,2,1086,买盘
425,14:20:07,5.43,0.01,6,3258,买盘
426,14:20:01,5.42,-0.01,10,5420,卖盘
427,14:19:51,5.43,--,25,13575,买盘
428,14:19:46,5.43,0.01,279,151497,买盘
429,14:19:41,5.42,--,408,221136,卖盘
430,14:19:36,5.42,--,533,288886,卖盘
431,14:19:31,5.42,-0.01,1,542,卖盘
432,14:19:21,5.43,--,3,1629,买盘
433,14:19:16,5.43,--,485,263355,买盘
434,14:19:11,5.43,--,308,167244,买盘
435,14:19:01,5.43,--,21,11403,买盘
436,14:18:56,5.43,--,122,66246,买盘
437,14:18:51,5.43,--,63,34209,买盘
438,14:18:46,5.43,--,80,43440,买盘
439,14:18:41,5.43,0.01,257,139551,买盘
440,14:18:36,5.42,-0.01,1565,848230,卖盘
441,14:18:31,5.43,0.01,300,162900,买盘
442,14:18:26,5.42,--,6,3252,卖盘
443,14:18:21,5.42,-0.01,3,1626,卖盘
444,14:18:16,5.43,--,90,48870,买盘
445,14:18:11,5.43,--,16,8688,买盘
446,14:18:01,5.43,-0.01,19,10317,买盘
447,14:17:56,5.44,0.02,305,165920,买盘
448,14:17:51,5.42,-0.01,22,11924,卖盘
449,14:17:41,5.43,0.01,198,107514,买盘
450,14:17:36,5.42,-0.01,83,44986,卖盘
451,14:17:31,5.43,--,10,5430,买盘
452,14:17:21,5.43,--,402,218286,买盘
453,14:17:16,5.43,--,43,23349,买盘
454,14:17:11,5.43,--,12,6516,买盘
455,14:17:06,5.43,--,48,26064,买盘
456,14:16:46,5.43,-0.01,26,14118,卖盘
457,14:16:41,5.44,0.01,514,279616,买盘
458,14:16:36,5.43,--,20,10860,卖盘
459,14:16:31,5.43,--,24,13032,卖盘
460,14:16:26,5.43,-0.01,212,115116,卖盘
461,14:16:21,5.44,--,74,40256,买盘
462,14:16:16,5.44,0.01,32,17408,买盘
463,14:16:11,5.43,-0.01,54,29322,卖盘
464,14:16:06,5.44,0.01,386,209984,买盘
465,14:15:56,5.43,--,30,16290,卖盘
466,14:15:51,5.43,-0.01,14,7602,卖盘
467,14:15:46,5.44,--,208,113152,买盘
468,14:15:41,5.44,--,1503,817632,买盘
469,14:15:36,5.44,0.01,117,63648,买盘
470,14:15:31,5.43,-0.01,368,199824,卖盘
471,14:15:21,5.44,--,3032,1649408,买盘
472,14:15:11,5.44,--,2,1088,买盘
473,14:15:06,5.44,0.01,50,27200,买盘
474,14:15:01,5.43,--,309,167787,卖盘
475,14:14:56,5.43,-0.01,1500,814500,卖盘
476,14:14:46,5.44,--,450,244800,买盘
477,14:14:41,5.44,0.01,86,46784,买盘
478,14:14:36,5.43,-0.01,5,2715,卖盘
479,14:14:26,5.44,0.01,502,273088,买盘
480,14:14:20,5.43,-0.01,25,13575,卖盘
481,14:14:16,5.44,--,347,188768,买盘
482,14:14:11,5.44,--,2,1088,买盘
483,14:13:50,5.44,--,80,43520,买盘
484,14:13:45,5.44,--,10,5440,买盘
485,14:13:41,5.44,--,6,3264,买盘
486,14:13:35,5.44,--,662,360128,买盘
487,14:13:31,5.44,0.01,313,170272,买盘
488,14:13:20,5.43,-0.01,13,7059,卖盘
489,14:13:16,5.44,--,34,18496,买盘
490,14:13:10,5.44,0.01,4,2176,买盘
491,14:13:05,5.43,--,13,7059,卖盘
492,14:13:00,5.43,-0.01,25,13575,卖盘
493,14:12:56,5.44,--,1,544,买盘
494,14:12:50,5.44,0.01,79,42976,买盘
495,14:12:45,5.43,--,524,284532,卖盘
496,14:12:40,5.43,-0.01,4,2172,卖盘
497,14:12:35,5.44,--,123,66912,买盘
498,14:12:30,5.44,0.01,106,57664,买盘
499,14:12:25,5.43,-0.01,4,2172,卖盘
500,14:12:20,5.44,--,38,20672,买盘
501,14:12:15,5.44,0.01,39,21216,买盘
502,14:12:10,5.43,-0.01,1292,701556,卖盘
503,14:12:00,5.44,--,80,43520,买盘
504,14:11:55,5.44,0.01,523,284512,买盘
505,14:11:50,5.43,-0.01,50,27150,卖盘
506,14:11:40,5.44,--,7,3808,买盘
507,14:11:35,5.44,0.01,121,65824,买盘
508,14:11:30,5.43,--,124,67332,卖盘
509,14:11:25,5.43,--,211,114573,卖盘
510,14:11:20,5.43,-0.01,118,64074,卖盘
511,14:11:15,5.44,--,387,210528,买盘
512,14:11:10,5.44,--,3,1632,买盘
513,14:10:55,5.44,0.01,35,19040,买盘
514,14:10:50,5.43,-0.01,1,543,卖盘
515,14:10:45,5.44,--,125,68000,买盘
516,14:10:40,5.44,--,3,1632,买盘
517,14:10:35,5.44,0.01,1,544,买盘
518,14:10:30,5.43,--,512,278081,卖盘
519,14:10:25,5.43,--,281,152583,买盘
520,14:10:20,5.43,--,2,1086,买盘
521,14:10:15,5.43,-0.01,194,105819,卖盘
522,14:10:10,5.44,0.01,202,109888,买盘
523,14:10:00,5.43,-0.01,30,16290,卖盘
524,14:09:55,5.44,0.01,80,43520,买盘
525,14:09:45,5.43,-0.01,456,247608,卖盘
526,14:09:40,5.44,0.01,2,1088,买盘
527,14:09:35,5.43,-0.01,136,73848,卖盘
528,14:09:30,5.44,--,105,57120,买盘
529,14:09:15,5.44,--,177,96288,买盘
530,14:09:10,5.44,--,2,1088,买盘
531,14:09:00,5.44,--,563,306272,买盘
532,14:08:55,5.44,--,80,43520,买盘
533,14:08:45,5.44,0.01,127,69088,买盘
534,14:08:40,5.43,--,4,2172,卖盘
535,14:08:35,5.43,--,109,59187,卖盘
536,14:08:30,5.43,--,13,7124,卖盘
537,14:08:25,5.43,--,24,13032,卖盘
538,14:08:20,5.43,0.01,37,20091,卖盘
539,14:08:15,5.42,-0.01,288,156096,卖盘
540,14:08:10,5.43,0.01,10,5430,买盘
541,14:08:05,5.42,-0.01,49,26558,卖盘
542,14:08:00,5.43,--,82,44526,买盘
543,14:07:55,5.43,--,59,32037,买盘
544,14:07:50,5.43,--,60,32580,买盘
545,14:07:45,5.43,--,117,63531,买盘
546,14:07:40,5.43,--,3,1629,买盘
547,14:07:35,5.43,--,268,145524,买盘
548,14:07:30,5.43,--,30,16290,买盘
549,14:07:25,5.43,--,1,543,买盘
550,14:07:20,5.43,--,31,16833,买盘
551,14:07:15,5.43,--,200,108600,买盘
552,14:07:10,5.43,-0.01,389,211227,卖盘
553,14:07:04,5.44,--,80,43520,买盘
554,14:07:00,5.44,0.01,65,35360,买盘
555,14:06:55,5.43,--,280,152040,卖盘
556,14:06:50,5.43,-0.01,38,20634,卖盘
557,14:06:44,5.44,--,143,77792,买盘
558,14:06:40,5.44,--,3,1632,买盘
559,14:06:30,5.44,--,65,35360,买盘
560,14:06:25,5.44,--,235,127840,买盘
561,14:06:14,5.44,--,97,52768,买盘
562,14:06:09,5.44,0.01,475,258400,买盘
563,14:05:59,5.43,--,100,54300,卖盘
564,14:05:54,5.43,-0.01,79,42897,卖盘
565,14:05:49,5.44,0.01,157,85408,买盘
566,14:05:44,5.43,--,160,86880,卖盘
567,14:05:39,5.43,--,52,28236,卖盘
568,14:05:35,5.43,-0.01,22,11946,卖盘
569,14:05:29,5.44,0.01,70,38080,买盘
570,14:05:24,5.43,--,341,185163,卖盘
571,14:05:19,5.43,--,3,1629,卖盘
572,14:05:14,5.43,--,52,28236,买盘
573,14:05:09,5.43,--,67,36381,卖盘
574,14:05:04,5.43,-0.01,35,19005,卖盘
575,14:04:59,5.44,0.02,139,75616,买盘
576,14:04:54,5.42,-0.02,67,36314,卖盘
577,14:04:44,5.44,0.01,230,125120,买盘
578,14:04:39,5.43,-0.01,406,220458,卖盘
579,14:04:29,5.44,0.01,30,16320,买盘
580,14:04:19,5.43,--,43,23349,卖盘
581,14:04:14,5.43,--,2,1086,卖盘
582,14:04:09,5.43,--,43,23349,卖盘
583,14:04:04,5.43,-0.01,8,4344,中性盘
584,14:03:54,5.44,0.01,292,158848,买盘
585,14:03:44,5.43,--,163,88509,买盘
586,14:03:39,5.43,0.01,2,1086,买盘
587,14:03:29,5.42,-0.01,1,542,卖盘
588,14:03:24,5.43,0.01,31,16833,中性盘
589,14:03:19,5.42,-0.02,106,57452,卖盘
590,14:03:14,5.44,--,321,174624,买盘
591,14:03:09,5.44,0.02,110,59840,买盘
592,14:02:59,5.42,--,0,0,卖盘
593,14:02:54,5.42,-0.01,1280,693760,卖盘
594,14:02:44,5.43,--,147,79973,买盘
595,14:02:39,5.43,--,294,159642,买盘
596,14:02:34,5.43,--,30,16290,买盘
597,14:02:24,5.43,--,597,324643,卖盘
598,14:02:19,5.43,--,2,1086,卖盘
599,14:02:14,5.43,-0.01,123,66789,卖盘
600,14:02:09,5.44,--,3,1632,买盘
601,14:02:04,5.44,--,654,355776,买盘
602,14:01:54,5.44,--,511,278054,买盘
603,14:01:44,5.44,--,125,68000,买盘
604,14:01:39,5.44,--,2,1088,买盘
605,14:01:34,5.44,0.01,30,16320,买盘
606,14:01:29,5.43,--,20,10860,卖盘
607,14:01:23,5.43,-0.01,41,22263,卖盘
608,14:01:19,5.44,0.01,75,40800,买盘
609,14:01:13,5.43,-0.01,89,48327,卖盘
610,14:01:09,5.44,0.01,366,199104,买盘
611,14:01:04,5.43,--,10,5430,卖盘
612,14:00:59,5.43,-0.01,56,30408,卖盘
613,14:00:54,5.44,--,31,16864,买盘
614,14:00:43,5.44,--,73,39712,买盘
615,14:00:39,5.44,--,148,80512,买盘
616,14:00:34,5.44,0.01,355,193120,买盘
617,14:00:28,5.43,-0.01,30,16290,卖盘
618,14:00:24,5.44,0.01,1,544,买盘
619,14:00:19,5.43,-0.01,373,202539,卖盘
620,14:00:13,5.44,--,122,66368,买盘
621,14:00:09,5.44,0.01,129,70176,买盘
622,14:00:03,5.43,--,2,1086,卖盘
623,13:59:54,5.43,-0.01,242,131406,卖盘
624,13:59:48,5.44,--,310,168640,买盘
625,13:59:43,5.44,0.01,127,69088,买盘
626,13:59:39,5.43,--,52,28236,卖盘
627,13:59:33,5.43,--,31,16833,卖盘
628,13:59:24,5.43,--,50,27150,卖盘
629,13:59:18,5.43,-0.01,2,1086,卖盘
630,13:59:13,5.44,--,265,144160,买盘
631,13:59:08,5.44,0.01,32,17408,买盘
632,13:59:03,5.43,--,20,10860,卖盘
633,13:58:58,5.43,--,1,543,卖盘
634,13:58:53,5.43,--,149,80907,卖盘
635,13:58:48,5.43,-0.01,31,16833,卖盘
636,13:58:43,5.44,--,264,143616,买盘
637,13:58:38,5.44,--,330,179520,买盘
638,13:58:33,5.44,0.01,60,32640,买盘
639,13:58:23,5.43,--,250,135750,卖盘
640,13:58:18,5.43,-0.01,487,264441,卖盘
641,13:58:13,5.44,--,1077,585888,买盘
642,13:58:08,5.44,0.01,33,17952,买盘
643,13:58:03,5.43,-0.01,11,5973,卖盘
644,13:57:53,5.44,--,1475,802400,买盘
645,13:57:48,5.44,--,84,45696,买盘
646,13:57:43,5.44,--,265,144160,买盘
647,13:57:38,5.44,--,2937,1597728,买盘
648,13:57:33,5.44,--,348,189312,买盘
649,13:57:28,5.44,0.01,30,16320,买盘
650,13:57:18,5.43,-0.01,20,10860,卖盘
651,13:57:13,5.44,--,264,143616,买盘
652,13:57:08,5.44,0.01,37,20128,买盘
653,13:57:03,5.43,--,2,1086,卖盘
654,13:56:58,5.43,-0.01,9,4887,卖盘
655,13:56:48,5.44,--,367,199648,买盘
656,13:56:43,5.44,--,265,144160,买盘
657,13:56:38,5.44,--,3,1632,买盘
658,13:56:33,5.44,0.01,461,250784,买盘
659,13:56:28,5.43,-0.01,39,21177,卖盘
660,13:56:23,5.44,--,51,27744,买盘
661,13:56:13,5.44,0.01,265,144160,买盘
662,13:56:08,5.43,--,1463,794409,卖盘
663,13:56:03,5.43,--,8,4344,卖盘
664,13:55:53,5.43,-0.01,50,27150,卖盘
665,13:55:47,5.44,--,32,17408,买盘
666,13:55:43,5.44,--,314,170816,买盘
667,13:55:38,5.44,0.01,2,1088,买盘
668,13:55:32,5.43,--,1504,816672,卖盘
669,13:55:28,5.43,-0.01,31,16833,卖盘
670,13:55:23,5.44,0.01,602,327488,买盘
671,13:55:18,5.43,-0.01,474,257382,卖盘
672,13:55:13,5.44,0.01,262,142528,买盘
673,13:55:08,5.43,--,32,17376,买盘
674,13:55:02,5.43,--,1817,986631,买盘
675,13:54:53,5.43,--,249,135207,买盘
676,13:54:48,5.43,--,30,16290,买盘
677,13:54:43,5.43,--,450,244350,买盘
678,13:54:38,5.43,--,3,1629,买盘
679,13:54:28,5.43,--,1675,909525,买盘
680,13:54:23,5.43,0.01,295,160185,买盘
681,13:54:17,5.42,-0.01,50,27100,卖盘
682,13:54:07,5.43,0.01,311,168873,买盘
683,13:53:52,5.42,-0.01,6,3468,卖盘
684,13:53:47,5.43,--,40,21720,买盘
685,13:53:42,5.43,0.01,9,4887,买盘
686,13:53:38,5.42,-0.01,289,156638,卖盘
687,13:53:33,5.43,--,367,199281,买盘
688,13:53:22,5.43,0.01,608,330144,买盘
689,13:53:18,5.42,-0.01,251,136042,卖盘
690,13:53:12,5.43,--,262,142266,买盘
691,13:53:07,5.43,--,291,158013,买盘
692,13:53:03,5.43,0.01,178,96654,买盘
693,13:52:56,5.42,--,60,32520,卖盘
694,13:52:52,5.42,-0.01,211,114362,卖盘
695,13:52:47,5.43,0.01,133,72219,买盘
696,13:52:41,5.42,--,392,212464,卖盘
697,13:52:37,5.42,--,323,175066,卖盘
698,13:52:33,5.42,--,605,327910,卖盘
699,13:52:26,5.42,-0.01,1584,858528,卖盘
700,13:52:22,5.43,0.01,200,108600,买盘
701,13:52:17,5.42,--,3439,1863938,卖盘
702,13:52:11,5.42,-0.01,240,130080,卖盘
703,13:52:07,5.43,0.01,449,243807,买盘
704,13:52:03,5.42,--,755,409210,卖盘
705,13:51:56,5.42,-0.01,164,88888,卖盘
706,13:51:52,5.43,--,50,27150,买盘
707,13:51:47,5.43,--,155,84165,买盘
708,13:51:42,5.43,0.01,219,118917,买盘
709,13:51:37,5.42,-0.01,297,160974,卖盘
710,13:51:32,5.43,--,569,308967,买盘
711,13:51:26,5.43,-0.01,1467,796678,卖盘
712,13:51:22,5.44,--,301,163744,买盘
713,13:51:17,5.44,0.01,280,152320,买盘
714,13:51:12,5.43,-0.01,295,160185,卖盘
715,13:51:07,5.44,--,302,164288,买盘
716,13:51:02,5.44,0.01,510,277440,买盘
717,13:50:56,5.43,--,79,42897,卖盘
718,13:50:52,5.43,--,801,434943,卖盘
719,13:50:47,5.43,-0.01,126,68418,卖盘
720,13:50:41,5.44,0.01,2222,1208768,买盘
721,13:50:37,5.43,--,247,134121,卖盘
722,13:50:32,5.43,--,6221,3378003,卖盘
723,13:50:27,5.43,--,75,40725,卖盘
724,13:50:22,5.43,--,290,157470,卖盘
725,13:50:17,5.43,--,150,81450,卖盘
726,13:50:11,5.43,--,470,255210,卖盘
727,13:50:07,5.43,--,11,5973,卖盘
728,13:50:02,5.43,-0.01,224,121632,卖盘
729,13:49:56,5.44,0.01,30,16320,买盘
730,13:49:52,5.43,--,201,109143,卖盘
731,13:49:47,5.43,--,30,16290,卖盘
732,13:49:41,5.43,-0.01,271,147153,卖盘
733,13:49:32,5.44,--,413,224764,买盘
734,13:49:22,5.44,--,31,16864,买盘
735,13:49:17,5.44,--,237,128928,买盘
736,13:49:11,5.44,--,110,59840,买盘
737,13:49:02,5.44,0.01,30,16320,买盘
738,13:48:56,5.43,-0.01,168,91224,卖盘
739,13:48:52,5.44,0.01,1,544,买盘
740,13:48:47,5.43,-0.01,525,285075,卖盘
741,13:48:41,5.44,--,163,88672,买盘
742,13:48:37,5.44,--,135,73440,买盘
743,13:48:32,5.44,--,26,14144,买盘
744,13:48:26,5.44,--,182,99008,买盘
745,13:48:17,5.44,0.01,211,114784,买盘
746,13:48:11,5.43,-0.01,100,54300,卖盘
747,13:48:02,5.44,0.01,592,322048,买盘
748,13:47:52,5.43,-0.01,105,57015,卖盘
749,13:47:47,5.44,--,84,45696,买盘
750,13:47:41,5.44,--,273,148512,买盘
751,13:47:37,5.44,--,68,36992,买盘
752,13:47:32,5.44,--,189,102816,买盘
753,13:47:26,5.44,0.01,13,7072,买盘
754,13:47:22,5.43,-0.01,275,149325,卖盘
755,13:47:17,5.44,0.01,271,147424,买盘
756,13:47:11,5.43,-0.01,1366,741738,卖盘
757,13:47:01,5.44,--,5223,2841312,买盘
758,13:46:56,5.44,--,70,38080,买盘
759,13:46:50,5.44,0.01,13,7072,买盘
760,13:46:47,5.43,--,111,60273,卖盘
761,13:46:41,5.43,--,405,219915,卖盘
762,13:46:35,5.43,-0.01,1,543,卖盘
763,13:46:32,5.44,0.01,163,88672,买盘
764,13:46:26,5.43,-0.01,103,55929,卖盘
765,13:46:20,5.44,--,1,544,买盘
766,13:46:17,5.44,--,286,155584,买盘
767,13:46:11,5.44,0.01,14,7616,买盘
768,13:46:02,5.43,-0.01,261,141723,卖盘
769,13:45:56,5.44,--,388,211072,买盘
770,13:45:50,5.44,--,1,544,买盘
771,13:45:46,5.44,0.01,31,16864,买盘
772,13:45:41,5.43,-0.01,115,62445,卖盘
773,13:45:35,5.44,--,108,58752,买盘
774,13:45:31,5.44,0.01,89,48416,买盘
775,13:45:26,5.43,-0.01,106,57558,卖盘
776,13:45:20,5.44,0.01,126,68544,买盘
777,13:45:16,5.43,--,428,232404,卖盘
778,13:45:11,5.43,--,10,5430,卖盘
779,13:45:05,5.43,-0.01,340,184620,卖盘
780,13:44:56,5.44,0.01,137,74528,买盘
781,13:44:41,5.43,-0.01,177,96111,卖盘
782,13:44:35,5.44,--,731,397664,买盘
783,13:44:31,5.44,--,83,45152,买盘
784,13:44:20,5.44,--,257,139808,买盘
785,13:44:16,5.44,0.01,30,16320,买盘
786,13:44:11,5.43,--,100,54300,卖盘
787,13:44:05,5.43,-0.01,112,60816,卖盘
788,13:44:01,5.44,--,154,83776,买盘
789,13:43:56,5.44,--,215,116960,买盘
790,13:43:50,5.44,0.01,290,157760,买盘
791,13:43:41,5.43,--,16,8688,卖盘
792,13:43:35,5.43,--,164,89052,卖盘
793,13:43:31,5.43,-0.01,112,60816,卖盘
794,13:43:26,5.44,--,78,42432,买盘
795,13:43:20,5.44,--,185,100640,买盘
796,13:43:16,5.44,0.01,30,16320,买盘
797,13:43:11,5.43,-0.01,670,363810,卖盘
798,13:43:05,5.44,0.01,147,79968,买盘
799,13:42:56,5.43,--,220,119460,卖盘
800,13:42:46,5.43,-0.01,252,136836,卖盘
801,13:42:35,5.44,--,398,216512,买盘
802,13:42:31,5.44,0.01,49,26656,买盘
803,13:42:26,5.43,--,46,24978,卖盘
804,13:42:20,5.43,--,343,186249,卖盘
805,13:42:16,5.43,-0.01,1,543,卖盘
806,13:42:10,5.44,--,125,68000,买盘
807,13:42:05,5.44,--,150,81600,买盘
808,13:42:01,5.44,0.01,362,196928,买盘
809,13:41:56,5.43,-0.01,1,543,卖盘
810,13:41:50,5.44,0.01,202,109888,买盘
811,13:41:41,5.43,-0.01,99,53757,卖盘
812,13:41:35,5.44,0.01,147,79968,买盘
813,13:41:26,5.43,--,354,192222,卖盘
814,13:41:20,5.43,--,204,110772,卖盘
815,13:41:16,5.43,-0.01,95,51585,卖盘
816,13:41:10,5.44,0.01,30,16320,买盘
817,13:41:05,5.43,--,151,81993,卖盘
818,13:40:56,5.43,-0.01,134,72762,卖盘
819,13:40:50,5.44,--,346,188224,买盘
820,13:40:46,5.44,0.01,84,45696,买盘
821,13:40:41,5.43,--,231,125433,卖盘
822,13:40:35,5.43,--,42,22806,卖盘
823,13:40:26,5.43,--,30,16290,卖盘
824,13:40:20,5.43,--,214,116202,卖盘
825,13:40:16,5.43,-0.01,7,3801,卖盘
826,13:40:11,5.44,0.01,217,118048,买盘
827,13:40:05,5.43,--,1406,763458,卖盘
828,13:39:50,5.43,--,94,51042,卖盘
829,13:39:41,5.43,-0.01,15,8145,卖盘
830,13:39:35,5.44,--,27,14688,买盘
831,13:39:31,5.44,--,30,16320,买盘
832,13:39:25,5.44,0.01,435,236640,买盘
833,13:39:20,5.43,--,128,69504,卖盘
834,13:39:16,5.43,--,105,57015,卖盘
835,13:39:10,5.43,-0.01,39,21177,卖盘
836,13:39:05,5.44,--,5,2720,买盘
837,13:38:56,5.44,--,415,225760,买盘
838,13:38:50,5.44,0.01,30,16320,买盘
839,13:38:35,5.43,-0.01,367,199281,卖盘
840,13:38:29,5.44,0.01,30,16320,买盘
841,13:38:25,5.43,--,102,55738,卖盘
842,13:38:20,5.43,--,143,77649,卖盘
843,13:38:14,5.43,--,1,543,卖盘
844,13:38:10,5.43,0.01,419,227517,买盘
845,13:37:50,5.42,-0.01,31,16802,卖盘
846,13:37:44,5.43,--,20,10860,买盘
847,13:37:40,5.43,--,384,208512,买盘
848,13:37:25,5.43,--,1200,651600,卖盘
849,13:37:20,5.43,-0.01,3,1629,买盘
850,13:37:14,5.44,0.01,1210,658240,买盘
851,13:37:10,5.43,-0.01,209,113487,卖盘
852,13:37:05,5.44,0.01,30,16320,买盘
853,13:36:55,5.43,--,10,5430,卖盘
854,13:36:50,5.43,--,40,21720,卖盘
855,13:36:35,5.43,--,12,6516,卖盘
856,13:36:29,5.43,--,1337,725991,卖盘
857,13:36:20,5.43,--,1,543,卖盘
858,13:36:14,5.43,-0.01,47,25521,卖盘
859,13:36:10,5.44,0.01,127,69088,买盘
860,13:36:05,5.43,--,16,8688,中性盘
861,13:35:59,5.43,--,499,270957,买盘
862,13:35:50,5.43,--,80,43440,买盘
863,13:35:44,5.43,--,30,16290,买盘
864,13:35:40,5.43,--,108,58644,买盘
865,13:35:34,5.43,--,140,76020,买盘
866,13:35:29,5.43,--,405,219915,买盘
867,13:35:25,5.43,--,332,180276,买盘
868,13:35:19,5.43,--,29,15747,买盘
869,13:35:14,5.43,--,23,12489,买盘
870,13:35:10,5.43,--,10,5430,买盘
871,13:35:04,5.43,0.01,210,114030,买盘
872,13:34:59,5.42,-0.01,341,184822,卖盘
873,13:34:55,5.43,--,1307,709701,买盘
874,13:34:49,5.43,--,31,16833,买盘
875,13:34:44,5.43,--,36,19548,买盘
876,13:34:40,5.43,--,144,78192,买盘
877,13:34:34,5.43,--,30,16290,买盘
878,13:34:29,5.43,--,50,27150,买盘
879,13:34:25,5.43,--,30,16290,买盘
880,13:34:19,5.43,--,296,160728,买盘
881,13:34:14,5.43,--,49,26607,买盘
882,13:34:04,5.43,--,156,84708,买盘
883,13:33:59,5.43,--,5,2715,买盘
884,13:33:55,5.43,0.01,20,10860,买盘
885,13:33:49,5.42,-0.01,246,133332,卖盘
886,13:33:44,5.43,--,1137,617391,买盘
887,13:33:40,5.43,0.01,35,19005,买盘
888,13:33:34,5.42,--,13,7046,卖盘
889,13:33:29,5.42,-0.01,1,542,卖盘
890,13:33:25,5.43,--,50,27150,买盘
891,13:33:19,5.43,--,485,263355,买盘
892,13:33:14,5.43,--,10,5430,买盘
893,13:33:04,5.43,--,490,266070,买盘
894,13:32:59,5.43,--,57,30951,买盘
895,13:32:49,5.43,--,31,16833,买盘
896,13:32:44,5.43,--,194,105342,买盘
897,13:32:34,5.43,--,89,48327,买盘
898,13:32:29,5.43,-0.01,3119,1693617,卖盘
899,13:32:25,5.44,0.01,45,24480,买盘
900,13:32:19,5.43,-0.01,183,99369,卖盘
901,13:32:14,5.44,0.01,510,277440,买盘
902,13:32:10,5.43,-0.01,520,282360,卖盘
903,13:32:04,5.44,0.01,872,474368,买盘
904,13:31:59,5.43,-0.02,376,204168,卖盘
905,13:31:55,5.45,0.02,269,146605,买盘
906,13:31:49,5.43,-0.01,407,221001,卖盘
907,13:31:44,5.44,0.01,30,16320,买盘
908,13:31:39,5.43,--,772,419196,卖盘
909,13:31:34,5.43,--,1684,914412,卖盘
910,13:31:29,5.43,--,1217,660831,卖盘
911,13:31:24,5.43,--,1403,761829,卖盘
912,13:31:19,5.43,--,290,157470,卖盘
913,13:31:14,5.43,-0.01,217,117831,卖盘
914,13:31:09,5.44,--,159,86496,卖盘
915,13:31:04,5.44,--,835,454240,买盘
916,13:30:59,5.44,0.01,137,74528,买盘
917,13:30:53,5.43,--,111,60273,卖盘
918,13:30:49,5.43,--,188,102084,卖盘
919,13:30:44,5.43,--,694,376842,卖盘
920,13:30:39,5.43,--,194,105342,卖盘
921,13:30:29,5.43,--,527,286161,卖盘
922,13:30:23,5.43,-0.01,379,205797,卖盘
923,13:30:19,5.44,--,312,169728,买盘
924,13:30:14,5.44,0.01,1002,545088,中性盘
925,13:30:08,5.43,-0.01,650,352950,卖盘
926,13:30:04,5.44,--,705,383520,买盘
927,13:29:59,5.44,--,775,421600,买盘
928,13:29:53,5.44,--,200,108800,买盘
929,13:29:49,5.44,0.01,245,133280,买盘
930,13:29:44,5.43,-0.01,432,234576,卖盘
931,13:29:38,5.44,0.01,740,402560,买盘
932,13:29:34,5.43,-0.01,805,437115,卖盘
933,13:29:29,5.44,--,457,248608,卖盘
934,13:29:23,5.44,--,740,402560,卖盘
935,13:29:19,5.44,--,356,193664,卖盘
936,13:29:14,5.44,--,849,461856,卖盘
937,13:29:08,5.44,--,870,473280,卖盘
938,13:29:04,5.44,-0.01,584,317696,卖盘
939,13:28:59,5.45,0.01,1026,559170,买盘
940,13:28:53,5.44,--,833,453152,卖盘
941,13:28:49,5.44,--,358,194752,卖盘
942,13:28:44,5.44,--,702,381888,卖盘
943,13:28:38,5.44,-0.01,1348,733312,卖盘
944,13:28:34,5.45,0.01,1009,549905,买盘
945,13:28:29,5.44,-0.01,722,392768,卖盘
946,13:28:19,5.45,0.01,475,258875,买盘
947,13:28:14,5.44,--,55,29920,卖盘
948,13:28:08,5.44,--,259,140896,卖盘
949,13:28:04,5.44,--,234,127296,卖盘
950,13:27:59,5.44,--,515,280160,卖盘
951,13:27:53,5.44,--,165,89760,卖盘
952,13:27:49,5.44,--,83,45152,卖盘
953,13:27:43,5.44,--,399,217056,卖盘
954,13:27:38,5.44,--,236,128384,卖盘
955,13:27:34,5.44,--,1021,555424,卖盘
956,13:27:28,5.44,-0.01,294,159936,卖盘
957,13:27:23,5.45,0.01,21,11445,买盘
958,13:27:19,5.44,-0.01,392,213248,卖盘
959,13:27:13,5.45,0.01,126,68670,买盘
960,13:27:08,5.44,--,11,5984,卖盘
961,13:27:04,5.44,-0.01,205,111520,卖盘
962,13:26:58,5.45,0.01,133,72784,买盘
963,13:26:53,5.44,--,192,104448,卖盘
964,13:26:43,5.44,-0.01,378,205632,卖盘
965,13:26:38,5.45,0.01,284,154780,买盘
966,13:26:34,5.44,-0.01,627,341088,卖盘
967,13:26:28,5.45,0.01,1772,965740,买盘
968,13:26:23,5.44,--,81,44064,卖盘
969,13:26:19,5.44,-0.01,31,16864,卖盘
970,13:26:13,5.45,0.01,147,80115,买盘
971,13:26:04,5.44,--,211,114784,卖盘
972,13:25:58,5.44,-0.01,271,147424,卖盘
973,13:25:53,5.45,0.01,357,194565,买盘
974,13:25:48,5.44,-0.01,20,10880,卖盘
975,13:25:43,5.45,0.01,70,38150,买盘
976,13:25:38,5.44,--,60,32640,卖盘
977,13:25:33,5.44,--,125,68000,卖盘
978,13:25:28,5.44,-0.01,210,114240,卖盘
979,13:25:23,5.45,0.01,411,223995,买盘
980,13:25:18,5.44,-0.01,211,114784,卖盘
981,13:25:13,5.45,--,349,190205,买盘
982,13:25:08,5.45,0.01,316,172220,买盘
983,13:25:03,5.44,--,130,70720,卖盘
984,13:24:58,5.44,-0.01,428,232832,卖盘
985,13:24:53,5.45,0.01,630,343350,买盘
986,13:24:48,5.44,-0.01,78,42432,卖盘
987,13:24:43,5.45,0.01,31,16895,买盘
988,13:24:38,5.44,--,347,188768,卖盘
989,13:24:33,5.44,-0.01,17,9248,卖盘
990,13:24:28,5.45,0.01,327,178215,买盘
991,13:24:23,5.44,--,156,84864,卖盘
992,13:24:18,5.44,-0.01,11,5984,卖盘
993,13:24:13,5.45,0.01,165,89925,买盘
994,13:24:08,5.44,--,250,136000,卖盘
995,13:24:03,5.44,--,165,89760,卖盘
996,13:23:58,5.44,-0.01,398,216512,卖盘
997,13:23:53,5.45,--,301,164045,买盘
998,13:23:48,5.45,--,311,169495,买盘
999,13:23:43,5.45,0.01,346,188570,买盘
1000,13:23:38,5.44,--,198,107712,卖盘
1001,13:23:33,5.44,--,895,486880,卖盘
1002,13:23:28,5.44,--,66,35904,卖盘
1003,13:23:23,5.44,--,605,329120,卖盘
1004,13:23:18,5.44,--,101,54944,卖盘
1005,13:23:13,5.44,--,145,78880,卖盘
1006,13:23:08,5.44,--,454,246976,卖盘
1007,13:23:02,5.44,--,59,32096,卖盘
1008,13:22:58,5.44,-0.01,191,103904,卖盘
1009,13:22:53,5.45,0.01,166,90470,买盘
1010,13:22:47,5.44,-0.01,95,51680,卖盘
1011,13:22:43,5.45,0.01,120,65400,买盘
1012,13:22:38,5.44,-0.01,114,62016,卖盘
1013,13:22:32,5.45,0.01,93,50685,买盘
1014,13:22:28,5.44,--,387,210528,卖盘
1015,13:22:23,5.44,-0.01,378,205632,卖盘
1016,13:22:17,5.45,0.01,79,43055,买盘
1017,13:22:13,5.44,--,300,163200,卖盘
1018,13:22:08,5.44,--,240,130560,卖盘
1019,13:22:02,5.44,-0.01,117,63648,卖盘
1020,13:21:58,5.45,0.01,384,209280,买盘
1021,13:21:53,5.44,--,400,217600,卖盘
1022,13:21:47,5.44,--,38,20672,卖盘
1023,13:21:43,5.44,--,75,40800,卖盘
1024,13:21:38,5.44,--,30,16320,卖盘
1025,13:21:32,5.44,--,174,94656,卖盘
1026,13:21:28,5.44,--,411,223584,卖盘
1027,13:21:23,5.44,--,10,5440,卖盘
1028,13:21:17,5.44,--,149,81056,卖盘
1029,13:21:13,5.44,--,328,178432,卖盘
1030,13:21:08,5.44,--,21,11424,卖盘
1031,13:21:02,5.44,--,134,72896,卖盘
1032,13:20:58,5.44,-0.01,63,34272,卖盘
1033,13:20:53,5.45,0.01,180,98100,买盘
1034,13:20:47,5.44,--,227,123488,卖盘
1035,13:20:43,5.44,--,11,5984,卖盘
1036,13:20:38,5.44,--,469,255136,卖盘
1037,13:20:32,5.44,--,264,143616,卖盘
1038,13:20:28,5.44,--,34,18496,卖盘
1039,13:20:22,5.44,--,101,54944,卖盘
1040,13:20:17,5.44,-0.01,1,544,卖盘
1041,13:20:13,5.45,--,31,16895,买盘
1042,13:20:08,5.45,0.01,25,13625,买盘
1043,13:20:02,5.44,--,9,4896,卖盘
1044,13:19:58,5.44,-0.01,215,116960,卖盘
1045,13:19:52,5.45,--,409,222905,买盘
1046,13:19:47,5.45,0.01,2,1090,买盘
1047,13:19:43,5.44,-0.01,109,59296,卖盘
1048,13:19:37,5.45,--,64,34880,买盘
1049,13:19:32,5.45,0.01,83,45235,买盘
1050,13:19:28,5.44,--,1107,602208,卖盘
1051,13:19:22,5.44,-0.01,87,47328,卖盘
1052,13:19:17,5.45,--,89,48505,买盘
1053,13:19:13,5.45,--,2,1090,买盘
1054,13:19:07,5.45,0.01,668,364060,买盘
1055,13:19:02,5.44,-0.01,1,544,卖盘
1056,13:18:57,5.45,--,125,68125,买盘
1057,13:18:47,5.45,--,282,153690,买盘
1058,13:18:37,5.45,0.01,771,420195,买盘
1059,13:18:32,5.44,--,145,78880,卖盘
1060,13:18:22,5.44,--,405,220320,卖盘
1061,13:18:17,5.44,-0.01,52,28288,卖盘
1062,13:18:07,5.45,0.01,201,109545,买盘
1063,13:18:02,5.44,-0.01,571,310950,卖盘
1064,13:17:57,5.45,--,177,96465,买盘
1065,13:17:52,5.45,--,127,69215,买盘
1066,13:17:47,5.45,--,100,54500,买盘
1067,13:17:42,5.45,0.01,70,38150,买盘
1068,13:17:37,5.44,--,240,130560,卖盘
1069,13:17:32,5.44,--,19,10336,卖盘
1070,13:17:27,5.44,-0.01,180,97920,卖盘
1071,13:17:22,5.45,0.01,1,545,买盘
1072,13:17:17,5.44,--,3,1632,卖盘
1073,13:17:12,5.44,-0.01,500,272000,卖盘
1074,13:17:07,5.45,0.01,30,16350,买盘
1075,13:17:02,5.44,-0.01,162,88128,卖盘
1076,13:16:52,5.45,--,365,198925,买盘
1077,13:16:47,5.45,0.01,32,17440,买盘
1078,13:16:42,5.44,-0.01,10,5440,卖盘
1079,13:16:37,5.45,0.01,1,545,买盘
1080,13:16:32,5.44,-0.01,11,5984,卖盘
1081,13:16:27,5.45,--,30,16350,买盘
1082,13:16:22,5.45,0.01,1,545,买盘
1083,13:16:17,5.44,-0.01,92,50048,卖盘
1084,13:16:12,5.45,0.01,26,14170,买盘
1085,13:16:07,5.44,--,332,180608,卖盘
1086,13:16:02,5.44,-0.01,106,57664,卖盘
1087,13:15:52,5.45,0.01,133,72485,买盘
1088,13:15:47,5.44,-0.01,1238,673472,卖盘
1089,13:15:37,5.45,0.01,40,21800,买盘
1090,13:15:32,5.44,-0.01,510,277440,卖盘
1091,13:15:27,5.45,--,30,16350,买盘
1092,13:15:22,5.45,0.01,184,100280,买盘
1093,13:15:17,5.44,--,337,183328,卖盘
1094,13:15:11,5.44,-0.01,42,22848,卖盘
1095,13:15:07,5.45,--,55,29975,买盘
1096,13:15:02,5.45,0.01,33,17985,买盘
1097,13:14:56,5.44,--,142,77248,卖盘
1098,13:14:52,5.44,--,31,16864,卖盘
1099,13:14:47,5.44,--,32,17408,卖盘
1100,13:14:37,5.44,--,317,172448,卖盘
1101,13:14:32,5.44,-0.01,52,28288,卖盘
1102,13:14:22,5.45,--,2012,1096540,买盘
1103,13:14:17,5.45,--,2,1090,买盘
1104,13:14:11,5.45,--,23,12535,买盘
1105,13:14:07,5.45,0.01,1902,1036590,买盘
1106,13:14:02,5.44,--,651,354144,卖盘
1107,13:13:56,5.44,-0.01,102,55488,卖盘
1108,13:13:52,5.45,--,135,73575,买盘
1109,13:13:47,5.45,0.01,3410,1858450,买盘
1110,13:13:41,5.44,--,3726,2026944,卖盘
1111,13:13:37,5.44,-0.01,575,312800,卖盘
1112,13:13:26,5.45,0.01,40,21800,买盘
1113,13:13:22,5.44,--,20,10880,卖盘
1114,13:13:17,5.44,-0.01,292,158848,卖盘
1115,13:13:11,5.45,--,87,47415,买盘
1116,13:13:02,5.45,--,30,16350,买盘
1117,13:12:52,5.45,--,125,68125,买盘
1118,13:12:41,5.45,0.01,279,152055,买盘
1119,13:12:37,5.44,--,21,11424,卖盘
1120,13:12:25,5.44,-0.01,300,163200,卖盘
1121,13:12:22,5.45,0.01,1,545,买盘
1122,13:12:17,5.44,--,23,12512,卖盘
1123,13:12:11,5.44,-0.01,2,1088,卖盘
1124,13:12:06,5.45,--,83,45235,买盘
1125,13:12:01,5.45,0.01,60,32700,买盘
1126,13:11:56,5.44,--,18,9792,卖盘
1127,13:11:52,5.44,--,134,72896,卖盘
1128,13:11:47,5.44,-0.01,121,65824,卖盘
1129,13:11:41,5.45,--,365,198925,买盘
1130,13:11:37,5.45,0.01,1110,604950,买盘
1131,13:11:31,5.44,--,8,4352,卖盘
1132,13:11:25,5.44,-0.01,50,27200,卖盘
1133,13:11:22,5.45,0.01,237,129165,买盘
1134,13:11:16,5.44,-0.01,357,194208,卖盘
1135,13:11:11,5.45,--,34,18530,买盘
1136,13:11:01,5.45,0.01,30,16350,买盘
1137,13:10:56,5.44,-0.01,1,544,卖盘
1138,13:10:51,5.45,--,126,68670,买盘
1139,13:10:46,5.45,--,243,132435,买盘
1140,13:10:41,5.45,0.01,30,16350,买盘
1141,13:10:26,5.44,-0.01,197,107168,卖盘
1142,13:10:21,5.45,0.01,198,107910,买盘
1143,13:10:16,5.44,--,398,216512,卖盘
1144,13:10:11,5.44,-0.01,10,5440,卖盘
1145,13:10:06,5.45,0.01,117,63765,买盘
1146,13:10:01,5.44,-0.01,115,62560,卖盘
1147,13:09:56,5.45,--,155,84475,买盘
1148,13:09:51,5.45,0.01,170,92650,买盘
1149,13:09:46,5.44,--,101,54944,卖盘
1150,13:09:41,5.44,-0.01,52,28288,卖盘
1151,13:09:36,5.45,0.01,1,545,买盘
1152,13:09:31,5.44,-0.01,1,544,卖盘
1153,13:09:26,5.45,--,65,35425,买盘
1154,13:09:21,5.45,--,30,16350,买盘
1155,13:09:16,5.45,0.01,2,1090,买盘
1156,13:09:11,5.44,-0.01,41,22304,卖盘
1157,13:09:06,5.45,--,5,2725,买盘
1158,13:09:01,5.45,0.01,178,97010,买盘
1159,13:08:56,5.44,-0.01,397,215968,卖盘
1160,13:08:46,5.45,--,125,68125,买盘
1161,13:08:41,5.45,--,30,16350,买盘
1162,13:08:36,5.45,0.01,163,88835,买盘
1163,13:08:31,5.44,--,436,237184,卖盘
1164,13:08:26,5.44,-0.01,20,10880,卖盘
1165,13:08:21,5.45,--,340,185300,买盘
1166,13:08:16,5.45,--,37,20165,买盘
1167,13:08:11,5.45,0.01,133,72485,买盘
1168,13:08:01,5.44,--,47,25568,卖盘
1169,13:07:56,5.44,-0.01,264,143616,卖盘
1170,13:07:51,5.45,0.01,2256,1229683,买盘
1171,13:07:46,5.44,--,527,286688,买盘
1172,13:07:41,5.44,--,230,125120,买盘
1173,13:07:31,5.44,--,10,5440,买盘
1174,13:07:26,5.44,--,364,198016,买盘
1175,13:07:20,5.44,0.01,265,144160,买盘
1176,13:07:16,5.43,-0.01,256,139008,卖盘
1177,13:07:11,5.44,--,98,53312,买盘
1178,13:07:05,5.44,--,5,2720,买盘
1179,13:07:01,5.44,--,358,194752,买盘
1180,13:06:55,5.44,0.01,30,16320,买盘
1181,13:06:50,5.43,-0.01,2,1086,卖盘
1182,13:06:46,5.44,--,1487,808928,买盘
1183,13:06:40,5.44,--,2,1088,买盘
1184,13:06:35,5.44,--,30,16320,买盘
1185,13:06:20,5.44,--,11,5984,买盘
1186,13:06:16,5.44,0.01,43,23392,买盘
1187,13:06:11,5.43,--,1,543,卖盘
1188,13:06:05,5.43,-0.01,6,3258,卖盘
1189,13:05:55,5.44,--,35,19040,买盘
1190,13:05:49,5.44,--,91,49504,买盘
1191,13:05:46,5.44,0.01,136,73984,买盘
1192,13:05:41,5.43,--,78,42354,卖盘
1193,13:05:34,5.43,--,136,73848,卖盘
1194,13:05:30,5.43,--,1,543,卖盘
1195,13:05:26,5.43,-0.01,10,5430,卖盘
1196,13:05:19,5.44,--,43,23392,买盘
1197,13:05:15,5.44,--,30,16320,买盘
1198,13:05:11,5.44,--,1,544,买盘
1199,13:05:00,5.44,--,110,59840,买盘
1200,13:04:55,5.44,--,613,333472,买盘
1201,13:04:49,5.44,--,119,64736,买盘
1202,13:04:45,5.44,--,225,122400,买盘
1203,13:04:41,5.44,0.01,99,53856,买盘
1204,13:04:35,5.43,-0.01,36,19548,卖盘
1205,13:04:20,5.44,--,347,188768,买盘
1206,13:04:15,5.44,0.01,31,16864,买盘
1207,13:04:10,5.43,-0.01,1066,578881,卖盘
1208,13:04:04,5.44,--,57,31008,买盘
1209,13:04:00,5.44,0.01,3,1632,买盘
1210,13:03:55,5.43,-0.01,167,90681,卖盘
1211,13:03:49,5.44,--,324,176256,买盘
1212,13:03:45,5.44,0.01,99,53856,买盘
1213,13:03:40,5.43,--,356,193308,卖盘
1214,13:03:34,5.43,--,179,97197,卖盘
1215,13:03:30,5.43,-0.01,61,33123,卖盘
1216,13:03:25,5.44,--,742,403648,买盘
1217,13:03:20,5.44,0.01,144,78336,买盘
1218,13:03:15,5.43,-0.01,37,20091,卖盘
1219,13:03:10,5.44,--,152,82688,买盘
1220,13:03:05,5.44,--,57,31008,买盘
1221,13:03:00,5.44,--,59,32096,买盘
1222,13:02:55,5.44,--,234,127296,买盘
1223,13:02:50,5.44,--,547,297568,买盘
1224,13:02:40,5.44,--,170,92480,买盘
1225,13:02:35,5.44,0.01,684,372096,买盘
1226,13:02:25,5.43,-0.01,1,543,卖盘
1227,13:02:19,5.44,--,92,50048,买盘
1228,13:02:15,5.44,--,74,40256,买盘
1229,13:02:10,5.44,--,33,17952,买盘
1230,13:02:05,5.44,--,68,36992,买盘
1231,13:02:00,5.44,--,23,12512,买盘
1232,13:01:55,5.44,--,30,16320,买盘
1233,13:01:50,5.44,--,119,64736,买盘
1234,13:01:45,5.44,--,10,5440,买盘
1235,13:01:40,5.44,--,6,3264,买盘
1236,13:01:35,5.44,--,510,277440,买盘
1237,13:01:30,5.44,0.01,1,544,买盘
1238,13:01:25,5.43,-0.01,60,32580,卖盘
1239,13:01:19,5.44,--,3,1632,买盘
1240,13:01:10,5.44,--,501,272544,买盘
1241,13:01:04,5.44,--,84,45696,买盘
1242,13:01:00,5.44,--,40,21760,买盘
1243,13:00:55,5.44,--,88,47872,买盘
1244,13:00:50,5.44,--,1123,610912,买盘
1245,13:00:45,5.44,--,1,544,买盘
1246,13:00:40,5.44,--,4,2176,买盘
1247,13:00:34,5.44,--,272,147968,买盘
1248,13:00:30,5.44,--,376,204544,买盘
1249,13:00:25,5.44,--,186,101184,买盘
1250,13:00:15,5.44,--,249,135456,买盘
1251,13:00:10,5.44,--,329,178976,买盘
1252,13:00:05,5.44,--,4525,2461600,买盘
1253,11:30:00,5.44,--,0,0,买盘
1254,11:29:59,5.44,--,0,0,买盘
1255,11:29:59,5.44,--,38,20672,买盘
1256,11:29:56,5.44,--,7,3808,买盘
1257,11:29:51,5.44,0.01,387,210528,买盘
1258,11:29:46,5.43,-0.01,314,170502,卖盘
1259,11:29:36,5.44,--,154,83776,买盘
1260,11:29:31,5.44,--,19,10336,买盘
1261,11:29:26,5.44,--,318,172992,买盘
1262,11:29:21,5.44,--,20,10880,买盘
1263,11:29:16,5.44,--,380,206720,买盘
1264,11:29:11,5.44,--,30,16320,买盘
1265,11:29:06,5.44,--,430,233920,买盘
1266,11:29:01,5.44,0.01,300,163200,买盘
1267,11:28:56,5.43,-0.01,5,2715,卖盘
1268,11:28:51,5.44,--,30,16320,买盘
1269,11:28:46,5.44,--,192,104448,买盘
1270,11:28:41,5.44,--,59,32096,买盘
1271,11:28:36,5.44,--,228,124032,买盘
1272,11:28:31,5.44,--,112,60928,买盘
1273,11:28:21,5.44,--,9,4896,买盘
1274,11:28:16,5.44,0.01,234,127296,买盘
1275,11:28:11,5.43,-0.01,24,13032,卖盘
1276,11:28:05,5.44,--,30,16320,买盘
1277,11:28:00,5.44,--,47,25568,买盘
1278,11:27:56,5.44,0.01,326,177344,买盘
1279,11:27:50,5.43,-0.01,94,51042,卖盘
1280,11:27:45,5.44,--,84,45696,买盘
1281,11:27:41,5.44,0.01,57,31008,买盘
1282,11:27:36,5.43,-0.01,3,1629,卖盘
1283,11:27:30,5.44,--,30,16320,买盘
1284,11:27:25,5.44,0.01,82,44608,买盘
1285,11:27:20,5.43,-0.01,6,3258,卖盘
1286,11:27:10,5.44,--,230,125120,买盘
1287,11:27:05,5.44,--,128,69632,买盘
1288,11:27:00,5.44,--,2,1088,买盘
1289,11:26:50,5.44,--,207,112608,买盘
1290,11:26:45,5.44,--,57,31008,买盘
1291,11:26:40,5.44,0.01,124,67456,买盘
1292,11:26:35,5.43,-0.01,609,330687,卖盘
1293,11:26:30,5.44,--,51,27744,买盘
1294,11:26:25,5.44,--,268,145792,买盘
1295,11:26:20,5.44,--,65,35360,买盘
1296,11:26:15,5.44,--,152,82688,买盘
1297,11:26:10,5.44,--,206,112064,买盘
1298,11:26:05,5.44,0.01,30,16320,买盘
1299,11:26:00,5.43,-0.01,39,21177,卖盘
1300,11:25:55,5.44,--,187,101728,买盘
1301,11:25:50,5.44,--,983,534752,买盘
1302,11:25:45,5.44,0.01,580,315520,买盘
1303,11:25:40,5.43,--,40,21720,卖盘
1304,11:25:35,5.43,--,451,244893,卖盘
1305,11:25:30,5.43,-0.01,5,2715,卖盘
1306,11:25:25,5.44,0.01,80,43520,买盘
1307,11:25:15,5.43,--,61,33123,卖盘
1308,11:25:10,5.43,--,41,22263,卖盘
1309,11:25:05,5.43,-0.01,60,32580,卖盘
1310,11:25:00,5.44,--,27,14688,买盘
1311,11:24:50,5.44,--,283,153952,买盘
1312,11:24:45,5.44,--,118,64192,买盘
1313,11:24:40,5.44,--,10,5440,买盘
1314,11:24:35,5.44,--,275,149600,买盘
1315,11:24:30,5.44,0.01,1083,589152,买盘
1316,11:24:25,5.43,-0.01,32,17376,卖盘
1317,11:24:20,5.44,0.01,2,1088,买盘
1318,11:24:15,5.43,--,30,16290,卖盘
1319,11:24:10,5.43,-0.01,10,5430,卖盘
1320,11:24:05,5.44,--,30,16320,买盘
1321,11:24:00,5.44,0.01,253,137632,买盘
1322,11:23:55,5.43,-0.01,8,4344,卖盘
1323,11:23:50,5.44,0.01,130,70720,买盘
1324,11:23:45,5.43,-0.01,1235,670605,卖盘
1325,11:23:35,5.44,--,30,16320,买盘
1326,11:23:30,5.44,0.01,2167,1178848,买盘
1327,11:23:25,5.43,-0.01,66,35838,卖盘
1328,11:23:20,5.44,--,306,166464,买盘
1329,11:23:15,5.44,--,82,44608,买盘
1330,11:23:05,5.44,0.01,32,17408,买盘
1331,11:23:00,5.43,--,35,19005,卖盘
1332,11:22:50,5.43,-0.01,142,77106,卖盘
1333,11:22:45,5.44,--,304,165376,买盘
1334,11:22:30,5.44,--,60,32640,买盘
1335,11:22:20,5.44,0.01,42,22848,买盘
1336,11:22:15,5.43,--,1,543,卖盘
1337,11:22:10,5.43,-0.01,155,84165,卖盘
1338,11:22:05,5.44,--,232,126208,买盘
1339,11:22:00,5.44,--,118,64192,买盘
1340,11:21:49,5.44,0.01,179,97376,买盘
1341,11:21:45,5.43,--,35,19005,卖盘
1342,11:21:39,5.43,-0.01,209,113487,卖盘
1343,11:21:34,5.44,0.01,274,149056,买盘
1344,11:21:30,5.43,-0.01,10,5430,卖盘
1345,11:21:24,5.44,--,80,43520,买盘
1346,11:21:19,5.44,0.01,85,46240,买盘
1347,11:21:14,5.43,--,25,13575,卖盘
1348,11:21:09,5.43,-0.01,51,27693,卖盘
1349,11:21:04,5.44,--,1,544,买盘
1350,11:21:00,5.44,--,30,16320,买盘
1351,11:20:54,5.44,0.01,382,207808,买盘
1352,11:20:45,5.43,-0.01,10,5430,卖盘
1353,11:20:39,5.44,0.01,158,85952,买盘
1354,11:20:29,5.43,--,116,62988,卖盘
1355,11:20:24,5.43,-0.01,49,26607,卖盘
1356,11:20:19,5.44,0.01,281,152864,买盘
1357,11:20:14,5.43,-0.01,22,11946,卖盘
1358,11:20:09,5.44,--,1,544,买盘
1359,11:19:59,5.44,--,30,16320,买盘
1360,11:19:53,5.44,0.01,124,67456,买盘
1361,11:19:44,5.43,-0.01,8,4344,卖盘
1362,11:19:39,5.44,0.01,331,180064,买盘
1363,11:19:34,5.43,--,80,43440,卖盘
1364,11:19:29,5.43,--,3,1629,卖盘
1365,11:19:24,5.43,-0.01,32,17376,卖盘
1366,11:19:19,5.44,0.01,31,16864,买盘
1367,11:19:14,5.43,-0.01,2,1086,卖盘
1368,11:19:09,5.44,--,48,26112,买盘
1369,11:18:59,5.44,0.01,364,198016,买盘
1370,11:18:53,5.43,--,139,75477,卖盘
1371,11:18:49,5.43,-0.01,100,54300,卖盘
1372,11:18:44,5.44,--,20,10880,买盘
1373,11:18:39,5.44,--,36,19584,买盘
1374,11:18:34,5.44,0.01,8,4352,买盘
1375,11:18:29,5.43,-0.01,102,55386,卖盘
1376,11:18:24,5.44,--,246,133824,买盘
1377,11:18:19,5.44,0.01,252,137088,买盘
1378,11:18:14,5.43,--,309,167787,卖盘
1379,11:18:09,5.43,-0.01,1,543,卖盘
1380,11:17:59,5.44,--,30,16320,买盘
1381,11:17:54,5.44,--,103,56032,买盘
1382,11:17:44,5.44,--,437,237728,买盘
1383,11:17:39,5.44,--,30,16320,买盘
1384,11:17:24,5.44,--,21,11424,买盘
1385,11:17:19,5.44,--,33,17952,买盘
1386,11:17:14,5.44,--,61,33184,买盘
1387,11:17:09,5.44,--,1443,784992,卖盘
1388,11:16:59,5.44,--,404,219776,卖盘
1389,11:16:53,5.44,--,154,83776,卖盘
1390,11:16:49,5.44,-0.01,137,74528,卖盘
1391,11:16:44,5.45,--,194,105730,买盘
1392,11:16:39,5.45,0.01,30,16350,买盘
1393,11:16:29,5.44,--,30,16320,卖盘
1394,11:16:23,5.44,-0.01,16,8704,卖盘
1395,11:16:19,5.45,--,246,134070,买盘
1396,11:16:14,5.45,0.01,137,74665,买盘
1397,11:16:09,5.44,--,192,104448,卖盘
1398,11:15:59,5.44,-0.01,21,11424,卖盘
1399,11:15:53,5.45,0.01,32,17440,买盘
1400,11:15:49,5.44,--,110,59840,卖盘
1401,11:15:44,5.44,-0.01,325,176800,卖盘
1402,11:15:38,5.45,0.01,353,192385,买盘
1403,11:15:34,5.44,-0.01,364,198016,卖盘
1404,11:15:29,5.45,0.01,78,42510,买盘
1405,11:15:24,5.44,-0.01,173,94112,卖盘
1406,11:15:19,5.45,0.01,2,1090,买盘
1407,11:15:14,5.44,-0.01,36,19584,卖盘
1408,11:15:08,5.45,0.01,20,10900,买盘
1409,11:14:59,5.44,-0.01,361,196384,卖盘
1410,11:14:53,5.45,--,40,21800,买盘
1411,11:14:44,5.45,0.01,127,69215,买盘
1412,11:14:38,5.44,-0.01,200,108800,卖盘
1413,11:14:34,5.45,0.01,30,16350,买盘
1414,11:14:28,5.44,-0.01,11,5984,卖盘
1415,11:14:23,5.45,0.02,606,330270,买盘
1416,11:14:17,5.43,-0.01,1,543,卖盘
1417,11:14:13,5.44,--,68,36992,买盘
1418,11:14:08,5.44,0.01,401,218144,买盘
1419,11:14:02,5.43,-0.01,199,108057,卖盘
1420,11:13:53,5.44,--,31,16864,买盘
1421,11:13:47,5.44,--,284,154496,买盘
1422,11:13:43,5.44,--,61,33184,买盘
1423,11:13:38,5.44,--,122,66368,买盘
1424,11:13:32,5.44,--,31,16864,买盘
1425,11:13:23,5.44,--,743,404192,买盘
1426,11:13:17,5.44,--,300,163200,买盘
1427,11:13:13,5.44,0.01,306,166464,买盘
1428,11:13:08,5.43,-0.01,7,3801,卖盘
1429,11:13:02,5.44,0.01,105,57120,买盘
1430,11:12:53,5.43,--,291,158013,卖盘
1431,11:12:43,5.43,--,126,68418,卖盘
1432,11:12:38,5.43,-0.01,285,154755,卖盘
1433,11:12:32,5.44,--,30,16320,买盘
1434,11:12:23,5.44,0.01,89,48416,买盘
1435,11:12:17,5.43,-0.01,511,277473,卖盘
1436,11:12:13,5.44,--,30,16320,买盘
1437,11:12:02,5.44,0.01,416,226304,买盘
1438,11:11:58,5.43,-0.01,76,41268,卖盘
1439,11:11:53,5.44,--,51,27744,买盘
1440,11:11:43,5.44,--,127,69088,买盘
1441,11:11:32,5.44,--,299,162656,买盘
1442,11:11:23,5.44,--,30,16320,买盘
1443,11:11:17,5.44,--,56,30464,买盘
1444,11:11:13,5.44,--,439,238816,买盘
1445,11:11:08,5.44,--,80,43520,买盘
1446,11:11:02,5.44,--,252,137088,买盘
1447,11:10:58,5.44,--,40,21760,买盘
1448,11:10:53,5.44,--,32,17408,买盘
1449,11:10:47,5.44,--,1279,695873,卖盘
1450,11:10:43,5.44,-0.01,1,544,卖盘
1451,11:10:38,5.45,0.01,225,122625,买盘
1452,11:10:32,5.44,-0.01,70,38080,卖盘
1453,11:10:28,5.45,0.01,306,166770,买盘
1454,11:10:23,5.44,--,122,66368,卖盘
1455,11:10:17,5.44,--,234,127296,卖盘
1456,11:10:13,5.44,--,30,16320,卖盘
1457,11:10:08,5.44,-0.01,46,25024,卖盘
1458,11:10:02,5.45,0.01,31,16895,买盘
1459,11:09:58,5.44,--,12,6528,卖盘
1460,11:09:53,5.44,-0.01,553,300832,卖盘
1461,11:09:47,5.45,0.01,30,16350,买盘
1462,11:09:43,5.44,-0.01,714,388693,卖盘
1463,11:09:38,5.45,0.01,185,100825,买盘
1464,11:09:32,5.44,-0.01,190,103360,卖盘
1465,11:09:23,5.45,0.01,695,378775,买盘
1466,11:09:17,5.44,-0.01,728,396032,卖盘
1467,11:09:13,5.45,0.01,20,10900,买盘
1468,11:09:08,5.44,--,885,481608,卖盘
1469,11:08:58,5.44,--,685,372640,卖盘
1470,11:08:53,5.44,--,562,305728,卖盘
1471,11:08:47,5.44,--,439,238816,卖盘
1472,11:08:43,5.44,--,30,16320,卖盘
1473,11:08:38,5.44,-0.01,157,85408,卖盘
1474,11:08:32,5.45,--,20,10900,买盘
1475,11:08:23,5.45,0.01,136,74120,买盘
1476,11:08:17,5.44,--,1,544,卖盘
1477,11:08:11,5.44,--,382,207808,卖盘
1478,11:08:08,5.44,-0.01,100,54400,卖盘
1479,11:08:02,5.45,0.01,5,2725,买盘
1480,11:07:57,5.44,--,1,544,卖盘
1481,11:07:53,5.44,-0.01,104,56576,卖盘
1482,11:07:47,5.45,0.01,71,38695,买盘
1483,11:07:41,5.44,--,55,29920,卖盘
1484,11:07:37,5.44,--,507,275808,卖盘
1485,11:07:32,5.44,-0.01,22,11968,卖盘
1486,11:07:22,5.45,--,2,1090,买盘
1487,11:07:17,5.45,--,279,152055,买盘
1488,11:07:11,5.45,--,20,10900,买盘
1489,11:07:07,5.45,--,305,166225,买盘
1490,11:07:02,5.45,0.01,10,5450,买盘
1491,11:06:56,5.44,-0.01,18,9792,卖盘
1492,11:06:52,5.45,0.01,20,10900,买盘
1493,11:06:47,5.44,--,1,544,卖盘
1494,11:06:41,5.44,-0.01,8,4352,卖盘
1495,11:06:37,5.45,0.01,127,69215,买盘
1496,11:06:32,5.44,-0.01,292,158848,卖盘
1497,11:06:26,5.45,0.01,388,211460,买盘
1498,11:06:17,5.44,-0.01,44,23936,卖盘
1499,11:06:11,5.45,0.01,666,362970,买盘
1500,11:06:02,5.44,--,216,117504,卖盘
1501,11:05:56,5.44,--,1,544,卖盘
1502,11:05:52,5.44,-0.01,294,159936,卖盘
1503,11:05:47,5.45,0.01,73,39785,买盘
1504,11:05:41,5.44,--,56,30464,卖盘
1505,11:05:37,5.44,-0.01,55,29920,卖盘
1506,11:05:32,5.45,0.01,201,109545,买盘
1507,11:05:26,5.44,--,50,27200,卖盘
1508,11:05:22,5.44,--,30,16320,卖盘
1509,11:05:17,5.44,--,250,136000,卖盘
1510,11:05:11,5.44,--,1549,842656,卖盘
1511,11:05:01,5.44,--,88,47872,卖盘
1512,11:04:56,5.44,-0.01,96,52224,卖盘
1513,11:04:52,5.45,--,30,16350,买盘
1514,11:04:47,5.45,0.01,312,170040,买盘
1515,11:04:41,5.44,-0.01,58,31552,卖盘
1516,11:04:37,5.45,--,217,118265,买盘
1517,11:04:31,5.45,--,432,235440,买盘
1518,11:04:26,5.45,0.01,140,76300,买盘
1519,11:04:16,5.44,-0.01,559,304096,卖盘
1520,11:04:11,5.45,0.01,263,143335,买盘
1521,11:04:07,5.44,-0.01,1,544,卖盘
1522,11:04:01,5.45,0.01,18,9810,买盘
1523,11:03:56,5.44,-0.01,3702,2013888,卖盘
1524,11:03:52,5.45,--,85,46325,买盘
1525,11:03:46,5.45,0.01,502,273590,买盘
1526,11:03:41,5.44,--,293,159392,卖盘
1527,11:03:37,5.44,-0.01,100,54400,卖盘
1528,11:03:31,5.45,--,620,337900,买盘
1529,11:03:26,5.45,--,20,10900,买盘
1530,11:03:22,5.45,--,487,265415,买盘
1531,11:03:16,5.45,0.01,288,156960,买盘
1532,11:03:11,5.44,-0.01,133,72352,卖盘
1533,11:03:07,5.45,--,1291,703595,买盘
1534,11:03:01,5.45,0.01,64,34880,买盘
1535,11:02:56,5.44,-0.01,25,13600,卖盘
1536,11:02:46,5.45,--,445,242525,买盘
1537,11:02:41,5.45,--,3,1635,买盘
1538,11:02:31,5.45,--,165,89925,买盘
1539,11:02:26,5.45,0.01,668,364060,买盘
1540,11:02:16,5.44,--,32,17408,卖盘
1541,11:02:11,5.44,-0.01,1040,565760,卖盘
1542,11:02:07,5.45,0.01,20,10900,买盘
1543,11:02:01,5.44,--,10,5440,卖盘
1544,11:01:56,5.44,-0.01,83,45152,卖盘
1545,11:01:52,5.45,--,303,165135,买盘
1546,11:01:46,5.45,0.01,177,96465,买盘
1547,11:01:41,5.44,-0.01,73,39712,卖盘
1548,11:01:37,5.45,0.01,39,21255,买盘
1549,11:01:31,5.44,-0.01,126,68935,卖盘
1550,11:01:26,5.45,--,71,38695,买盘
1551,11:01:21,5.45,--,569,310105,买盘
1552,11:01:16,5.45,--,924,503580,买盘
1553,11:01:11,5.45,0.01,1311,714495,买盘
1554,11:01:06,5.44,-0.01,13,7072,卖盘
1555,11:01:01,5.45,0.01,289,157581,买盘
1556,11:00:56,5.44,0.01,4502,2449088,买盘
1557,11:00:52,5.43,-0.01,921,500103,卖盘
1558,11:00:46,5.44,--,2523,1372512,买盘
1559,11:00:41,5.44,--,8050,4379200,买盘
1560,11:00:35,5.44,--,628,341632,买盘
1561,11:00:31,5.44,--,1430,777920,买盘
1562,11:00:26,5.44,--,282,153408,买盘
1563,11:00:20,5.44,--,74,40256,买盘
1564,11:00:16,5.44,--,237,128928,买盘
1565,11:00:11,5.44,0.01,1216,661504,买盘
1566,11:00:05,5.43,-0.01,193,104799,卖盘
1567,11:00:01,5.44,--,59,32096,买盘
1568,10:59:50,5.44,--,14,7616,买盘
1569,10:59:46,5.44,--,20,10880,买盘
1570,10:59:41,5.44,--,477,259488,买盘
1571,10:59:35,5.44,--,298,162112,买盘
1572,10:59:31,5.44,--,249,135456,买盘
1573,10:59:26,5.44,0.01,20,10880,买盘
1574,10:59:20,5.43,--,1279,694497,卖盘
1575,10:59:16,5.43,-0.01,490,266070,卖盘
1576,10:59:11,5.44,--,1433,779552,买盘
1577,10:59:05,5.44,--,144,78336,买盘
1578,10:58:56,5.44,--,192,104448,买盘
1579,10:58:50,5.44,--,251,136544,买盘
1580,10:58:41,5.44,--,263,143072,买盘
1581,10:58:35,5.44,--,298,162112,买盘
1582,10:58:31,5.44,--,44,23936,买盘
1583,10:58:26,5.44,--,125,68000,买盘
1584,10:58:20,5.44,--,421,229024,买盘
1585,10:58:11,5.44,--,915,497760,买盘
1586,10:58:05,5.44,--,373,202912,买盘
1587,10:58:01,5.44,--,20,10880,买盘
1588,10:57:56,5.44,--,124,67456,买盘
1589,10:57:50,5.44,--,262,142528,买盘
1590,10:57:40,5.44,--,140,76160,买盘
1591,10:57:35,5.44,--,403,219232,买盘
1592,10:57:31,5.44,0.01,376,204544,买盘
1593,10:57:25,5.43,-0.01,150,81450,卖盘
1594,10:57:20,5.44,0.01,260,141440,买盘
1595,10:57:16,5.43,-0.01,58,31494,卖盘
1596,10:57:10,5.44,--,1,544,买盘
1597,10:57:05,5.44,--,45,24480,买盘
1598,10:57:01,5.44,0.01,173,94112,买盘
1599,10:56:55,5.43,-0.01,55,29865,卖盘
1600,10:56:50,5.44,0.01,265,144160,买盘
1601,10:56:40,5.43,-0.01,69,37467,卖盘
1602,10:56:35,5.44,0.01,160,87040,买盘
1603,10:56:31,5.43,-0.01,1,543,卖盘
1604,10:56:25,5.44,--,135,73440,买盘
1605,10:56:20,5.44,--,35,19040,买盘
1606,10:56:10,5.44,--,270,146880,买盘
1607,10:56:05,5.44,--,42,22848,买盘
1608,10:56:01,5.44,0.01,20,10880,买盘
1609,10:55:55,5.43,--,64,34752,卖盘
1610,10:55:50,5.43,--,12,6516,卖盘
1611,10:55:40,5.43,-0.01,55,29865,卖盘
1612,10:55:35,5.44,--,320,174080,买盘
1613,10:55:30,5.44,--,43,23392,买盘
1614,10:55:25,5.44,0.01,189,102816,买盘
1615,10:55:20,5.43,--,40,22154,卖盘
1616,10:55:10,5.43,-0.01,3,1629,卖盘
1617,10:55:01,5.44,0.01,21,11424,买盘
1618,10:54:55,5.43,-0.01,304,165072,卖盘
1619,10:54:50,5.44,--,192,104448,买盘
1620,10:54:40,5.44,0.01,20,10880,买盘
1621,10:54:35,5.43,--,63,34643,卖盘
1622,10:54:30,5.43,--,31,16833,卖盘
1623,10:54:25,5.43,--,141,76563,卖盘
1624,10:54:20,5.43,-0.01,48,26064,卖盘
1625,10:54:15,5.44,--,256,139264,买盘
1626,10:54:10,5.44,--,1078,586432,买盘
1627,10:54:05,5.44,--,501,272544,买盘
1628,10:53:55,5.44,0.01,203,110432,买盘
1629,10:53:50,5.43,--,1,543,卖盘
1630,10:53:45,5.43,-0.01,12,6516,卖盘
1631,10:53:40,5.44,--,58,31552,买盘
1632,10:53:35,5.44,--,255,138720,买盘
1633,10:53:25,5.44,--,40,21760,买盘
1634,10:53:20,5.44,--,297,161568,买盘
1635,10:53:14,5.44,--,6,3264,买盘
1636,10:53:10,5.44,0.01,29,15776,买盘
1637,10:53:05,5.43,--,143,77649,卖盘
1638,10:52:59,5.43,-0.01,25,13575,卖盘
1639,10:52:55,5.44,--,308,167552,买盘
1640,10:52:50,5.44,0.01,44,23936,买盘
1641,10:52:44,5.43,--,91,49413,卖盘
1642,10:52:40,5.43,-0.01,1040,564720,卖盘
1643,10:52:35,5.44,--,392,213248,买盘
1644,10:52:25,5.44,--,189,102816,买盘
1645,10:52:20,5.44,--,420,228480,买盘
1646,10:52:14,5.44,0.01,116,63104,买盘
1647,10:52:05,5.43,-0.01,13,7059,卖盘
1648,10:51:59,5.44,0.01,20,10880,买盘
1649,10:51:55,5.43,-0.01,34,18462,卖盘
1650,10:51:50,5.44,--,40,21760,买盘
1651,10:51:40,5.44,0.01,20,10880,买盘
1652,10:51:35,5.43,-0.01,312,169416,卖盘
1653,10:51:29,5.44,0.01,20,10880,买盘
1654,10:51:25,5.43,-0.01,140,76020,卖盘
1655,10:51:20,5.44,--,3,1632,买盘
1656,10:51:14,5.44,--,566,307904,买盘
1657,10:51:04,5.44,--,531,288864,买盘
1658,10:50:59,5.44,--,12,6528,买盘
1659,10:50:55,5.44,--,20,10880,买盘
1660,10:50:50,5.44,0.01,341,185504,买盘
1661,10:50:44,5.43,-0.01,137,74391,卖盘
1662,10:50:35,5.44,--,51,27744,买盘
1663,10:50:29,5.44,--,133,72352,买盘
1664,10:50:25,5.44,--,65,35360,买盘
1665,10:50:19,5.44,--,189,102816,买盘
1666,10:50:14,5.44,0.01,671,365024,买盘
1667,10:50:10,5.43,-0.01,71,38553,卖盘
1668,10:50:04,5.44,--,173,94112,买盘
1669,10:49:59,5.44,--,400,217600,买盘
1670,10:49:55,5.44,--,642,349248,买盘
1671,10:49:49,5.44,--,81,44064,买盘
1672,10:49:44,5.44,--,241,131104,买盘
1673,10:49:40,5.44,--,65,35360,买盘
1674,10:49:34,5.44,0.01,287,156128,买盘
1675,10:49:29,5.43,--,377,204711,卖盘
1676,10:49:24,5.43,--,176,95568,卖盘
1677,10:49:19,5.43,-0.01,233,126519,卖盘
1678,10:49:14,5.44,0.01,20,10880,买盘
1679,10:49:04,5.43,--,24,13032,卖盘
1680,10:48:59,5.43,--,30,16290,卖盘
1681,10:48:55,5.43,--,21,11403,卖盘
1682,10:48:49,5.43,-0.01,301,163443,卖盘
1683,10:48:44,5.44,--,66,35904,买盘
1684,10:48:39,5.44,0.01,20,10880,买盘
1685,10:48:34,5.43,--,40,21720,卖盘
1686,10:48:29,5.43,--,120,65160,卖盘
1687,10:48:24,5.43,-0.01,21,11403,卖盘
1688,10:48:19,5.44,--,162,88128,买盘
1689,10:48:14,5.44,0.01,325,176800,买盘
1690,10:48:09,5.43,-0.01,112,60816,卖盘
1691,10:47:54,5.44,--,67,36448,买盘
1692,10:47:49,5.44,0.01,151,82144,买盘
1693,10:47:44,5.43,--,42,23055,卖盘
1694,10:47:39,5.43,-0.01,8,4344,卖盘
1695,10:47:34,5.44,0.01,390,212160,买盘
1696,10:47:29,5.43,-0.01,333,180819,卖盘
1697,10:47:24,5.44,--,200,108800,买盘
1698,10:47:19,5.44,0.01,153,83232,买盘
1699,10:47:14,5.43,-0.01,101,54843,卖盘
1700,10:47:04,5.44,0.01,527,286688,买盘
1701,10:46:59,5.43,--,124,67332,卖盘
1702,10:46:54,5.43,--,100,54300,卖盘
1703,10:46:49,5.43,--,469,254667,卖盘
1704,10:46:44,5.43,-0.01,10,5430,卖盘
1705,10:46:29,5.44,0.01,30,16320,买盘
1706,10:46:24,5.43,-0.01,24,13032,卖盘
1707,10:46:19,5.44,0.01,3,1632,买盘
1708,10:46:14,5.43,--,39,21177,卖盘
1709,10:46:09,5.43,-0.01,293,159099,卖盘
1710,10:46:04,5.44,0.01,439,238816,买盘
1711,10:45:59,5.43,--,241,130863,卖盘
1712,10:45:53,5.43,-0.01,142,77106,卖盘
1713,10:45:49,5.44,--,245,133280,买盘
1714,10:45:44,5.44,0.01,590,320960,买盘
1715,10:45:38,5.43,--,1,543,卖盘
1716,10:45:34,5.43,-0.01,39,21177,卖盘
1717,10:45:29,5.44,0.01,220,119680,买盘
1718,10:45:23,5.43,-0.01,85,46155,卖盘
1719,10:45:19,5.44,0.01,479,260576,买盘
1720,10:45:14,5.43,-0.01,153,83079,卖盘
1721,10:45:08,5.44,--,296,161024,买盘
1722,10:45:04,5.44,--,770,418880,买盘
1723,10:44:59,5.44,--,669,363936,买盘
1724,10:44:53,5.44,0.01,1048,570112,买盘
1725,10:44:49,5.43,--,658,357294,卖盘
1726,10:44:44,5.43,-0.01,85,46155,卖盘
1727,10:44:38,5.44,--,522,283968,买盘
1728,10:44:34,5.44,--,350,190400,买盘
1729,10:44:29,5.44,--,190,103360,买盘
1730,10:44:23,5.44,--,505,274720,买盘
1731,10:44:19,5.44,0.01,24,13056,买盘
1732,10:44:14,5.43,--,222,120546,卖盘
1733,10:44:08,5.43,-0.01,727,394761,卖盘
1734,10:44:04,5.44,--,347,188768,买盘
1735,10:43:59,5.44,--,406,220864,买盘
1736,10:43:53,5.44,--,252,137088,买盘
1737,10:43:49,5.44,0.01,234,127296,买盘
1738,10:43:44,5.43,-0.01,107,58101,卖盘
1739,10:43:38,5.44,0.01,450,244800,买盘
1740,10:43:34,5.43,-0.01,77,41811,卖盘
1741,10:43:29,5.44,--,98,53312,买盘
1742,10:43:23,5.44,0.01,102,55488,买盘
1743,10:43:19,5.43,--,3,1629,卖盘
1744,10:43:13,5.43,--,487,264441,卖盘
1745,10:43:08,5.43,--,708,384444,卖盘
1746,10:43:04,5.43,-0.01,1,543,卖盘
1747,10:42:58,5.44,--,25,13600,买盘
1748,10:42:53,5.44,--,235,127840,买盘
1749,10:42:43,5.44,0.01,261,141984,买盘
1750,10:42:38,5.43,--,260,141180,卖盘
1751,10:42:34,5.43,-0.01,10,5430,卖盘
1752,10:42:28,5.44,0.01,124,67456,买盘
1753,10:42:23,5.43,-0.01,234,127062,卖盘
1754,10:42:18,5.44,--,176,95744,买盘
1755,10:42:13,5.44,--,204,110976,买盘
1756,10:42:08,5.44,0.01,539,293216,买盘
1757,10:42:03,5.43,-0.01,137,74391,卖盘
1758,10:41:58,5.44,0.01,59,32096,买盘
1759,10:41:53,5.43,-0.01,123,66789,中性盘
1760,10:41:48,5.44,0.01,160,87040,买盘
1761,10:41:43,5.43,0.01,225,122175,中性盘
1762,10:41:38,5.42,-0.01,748,405416,卖盘
1763,10:41:33,5.43,--,100,54300,买盘
1764,10:41:28,5.43,--,21,11403,买盘
1765,10:41:23,5.43,--,104,56472,买盘
1766,10:41:18,5.43,0.01,46,24978,买盘
1767,10:41:13,5.42,-0.01,640,346880,卖盘
1768,10:41:08,5.43,--,438,237834,买盘
1769,10:41:03,5.43,--,41,22263,买盘
1770,10:40:58,5.43,0.01,61,33123,买盘
1771,10:40:53,5.42,-0.01,10,5420,卖盘
1772,10:40:48,5.43,--,15,8145,买盘
1773,10:40:43,5.43,-0.01,771,418653,卖盘
1774,10:40:38,5.44,--,691,375904,买盘
1775,10:40:33,5.44,0.01,108,58752,买盘
1776,10:40:28,5.43,--,43,23349,卖盘
1777,10:40:23,5.43,--,63,34209,卖盘
1778,10:40:18,5.43,--,409,222087,买盘
1779,10:40:13,5.43,0.01,10,5430,买盘
1780,10:40:08,5.42,-0.01,453,245526,卖盘
1781,10:40:03,5.43,0.01,38,20634,买盘
1782,10:39:58,5.42,-0.01,355,192410,卖盘
1783,10:39:53,5.43,--,25,13575,买盘
1784,10:39:43,5.43,--,20,10860,买盘
1785,10:39:38,5.43,0.01,26,14118,买盘
1786,10:39:28,5.42,--,487,263954,卖盘
1787,10:39:23,5.42,-0.01,960,520320,卖盘
1788,10:39:17,5.43,-0.01,264,143352,卖盘
1789,10:39:13,5.44,--,315,171360,买盘
1790,10:39:08,5.44,0.01,132,71808,买盘
1791,10:39:03,5.43,--,322,174846,卖盘
1792,10:38:58,5.43,--,742,402906,卖盘
1793,10:38:53,5.43,--,1,543,卖盘
1794,10:38:48,5.43,-0.01,456,247608,卖盘
1795,10:38:43,5.44,--,150,81600,买盘
1796,10:38:38,5.44,--,1011,549984,买盘
1797,10:38:32,5.44,0.01,1259,684896,买盘
1798,10:38:28,5.43,-0.01,480,260640,卖盘
1799,10:38:23,5.44,--,298,162112,买盘
1800,10:38:17,5.44,0.01,2,1088,买盘
1801,10:38:13,5.43,--,282,153126,卖盘
1802,10:38:08,5.43,--,1431,777033,买盘
1803,10:38:02,5.43,--,254,137922,买盘
1804,10:37:58,5.43,--,80,43440,买盘
1805,10:37:53,5.43,--,719,390417,买盘
1806,10:37:47,5.43,--,236,128148,买盘
1807,10:37:43,5.43,--,702,381186,买盘
1808,10:37:38,5.43,--,1020,553860,买盘
1809,10:37:28,5.43,--,218,118374,买盘
1810,10:37:23,5.43,0.01,582,316026,买盘
1811,10:37:17,5.42,--,109,59078,卖盘
1812,10:37:13,5.42,--,100,54200,卖盘
1813,10:37:08,5.42,-0.01,141,76422,卖盘
1814,10:37:02,5.43,--,320,173760,买盘
1815,10:36:58,5.43,--,10,5430,买盘
1816,10:36:53,5.43,--,478,259554,买盘
1817,10:36:47,5.43,--,309,167787,买盘
1818,10:36:38,5.43,--,80,43440,买盘
1819,10:36:23,5.43,--,526,285618,买盘
1820,10:36:17,5.43,--,16,8688,买盘
1821,10:36:08,5.43,--,36,19548,买盘
1822,10:36:02,5.43,--,319,173217,买盘
1823,10:35:52,5.43,0.01,544,295392,买盘
1824,10:35:42,5.42,-0.01,8,4336,卖盘
1825,10:35:37,5.43,0.01,34,18462,买盘
1826,10:35:32,5.42,-0.01,42,22764,卖盘
1827,10:35:27,5.43,--,300,162900,买盘
1828,10:35:22,5.43,--,206,111858,买盘
1829,10:35:17,5.43,0.01,398,216114,买盘
1830,10:35:12,5.42,-0.01,40,21680,卖盘
1831,10:35:07,5.43,--,154,83622,买盘
1832,10:35:02,5.43,--,177,96111,买盘
1833,10:34:57,5.43,0.01,20,10860,买盘
1834,10:34:52,5.42,-0.01,205,111110,卖盘
1835,10:34:47,5.43,0.01,350,190050,买盘
1836,10:34:42,5.42,-0.01,118,63956,卖盘
1837,10:34:37,5.43,--,22,11946,买盘
1838,10:34:32,5.43,--,15,8145,卖盘
1839,10:34:27,5.43,--,415,225345,卖盘
1840,10:34:22,5.43,0.01,458,248694,卖盘
1841,10:34:17,5.42,-0.01,301,163142,卖盘
1842,10:34:12,5.43,--,315,171045,买盘
1843,10:34:02,5.43,--,126,68418,买盘
1844,10:33:57,5.43,--,20,10860,买盘
1845,10:33:52,5.43,--,907,492501,卖盘
1846,10:33:47,5.43,-0.01,605,328515,卖盘
1847,10:33:42,5.44,0.01,940,511360,买盘
1848,10:33:37,5.43,--,108,58644,卖盘
1849,10:33:32,5.43,--,50,27150,卖盘
1850,10:33:27,5.43,-0.01,1059,575037,卖盘
1851,10:33:22,5.44,0.01,206,112064,买盘
1852,10:33:17,5.43,-0.01,87,47241,卖盘
1853,10:33:12,5.44,0.01,300,163200,买盘
1854,10:33:07,5.43,--,1,543,卖盘
1855,10:33:02,5.43,-0.01,457,248151,卖盘
1856,10:32:57,5.44,--,20,10880,买盘
1857,10:32:52,5.44,0.01,342,186048,买盘
1858,10:32:47,5.43,-0.01,420,228060,卖盘
1859,10:32:42,5.44,0.01,305,165920,买盘
1860,10:32:37,5.43,-0.01,62,33666,卖盘
1861,10:32:27,5.44,--,30,16320,买盘
1862,10:32:22,5.44,--,232,126208,买盘
1863,10:32:17,5.44,--,164,89216,买盘
1864,10:32:12,5.44,0.01,364,198016,买盘
1865,10:32:07,5.43,-0.01,72,39096,卖盘
1866,10:32:02,5.44,--,460,250240,买盘
1867,10:31:52,5.44,0.01,660,359040,买盘
1868,10:31:47,5.43,-0.01,320,173760,卖盘
1869,10:31:42,5.44,0.01,300,163200,买盘
1870,10:31:37,5.43,--,235,127605,卖盘
1871,10:31:32,5.43,-0.01,113,61359,卖盘
1872,10:31:22,5.44,0.01,551,299744,买盘
1873,10:31:17,5.43,--,203,110229,卖盘
1874,10:31:11,5.43,-0.01,735,399105,卖盘
1875,10:31:07,5.44,0.01,599,325856,买盘
1876,10:31:02,5.43,-0.01,1014,550602,卖盘
1877,10:30:56,5.44,0.01,100,54400,买盘
1878,10:30:52,5.43,--,170,92310,卖盘
1879,10:30:47,5.43,--,214,116202,卖盘
1880,10:30:41,5.43,-0.01,450,244350,卖盘
1881,10:30:37,5.44,--,599,325856,买盘
1882,10:30:32,5.44,--,110,59840,买盘
1883,10:30:26,5.44,--,172,93568,买盘
1884,10:30:22,5.44,--,650,353600,买盘
1885,10:30:17,5.44,0.01,930,505920,买盘
1886,10:30:11,5.43,0.01,983,533769,买盘
1887,10:30:06,5.42,-0.01,202,109484,卖盘
1888,10:30:02,5.43,0.01,265,143895,买盘
1889,10:29:56,5.42,-0.01,27,14634,卖盘
1890,10:29:51,5.43,-0.01,287,155841,卖盘
1891,10:29:47,5.44,0.01,228,124032,买盘
1892,10:29:41,5.43,--,48,26064,卖盘
1893,10:29:36,5.43,-0.01,217,117831,卖盘
1894,10:29:31,5.44,--,130,70720,买盘
1895,10:29:26,5.44,--,40,21760,买盘
1896,10:29:21,5.44,--,0,0,买盘
1897,10:29:16,5.44,--,234,127296,买盘
1898,10:29:11,5.44,--,302,164288,买盘
1899,10:29:06,5.44,--,269,146336,买盘
1900,10:29:01,5.44,0.01,712,387328,买盘
1901,10:28:56,5.43,--,176,95568,买盘
1902,10:28:51,5.43,--,68,36924,买盘
1903,10:28:46,5.43,-0.01,20,10860,中性盘
1904,10:28:41,5.44,0.01,740,402560,买盘
1905,10:28:36,5.43,--,604,327972,买盘
1906,10:28:31,5.43,--,124,67332,买盘
1907,10:28:26,5.43,--,75,40725,买盘
1908,10:28:21,5.43,-0.01,56,30408,卖盘
1909,10:28:16,5.44,--,240,130560,买盘
1910,10:28:11,5.44,0.01,103,56032,买盘
1911,10:28:06,5.43,-0.01,2603,1413429,卖盘
1912,10:28:01,5.44,0.01,1205,655520,买盘
1913,10:27:56,5.43,--,428,232404,卖盘
1914,10:27:51,5.43,--,40,21720,卖盘
1915,10:27:46,5.43,-0.01,56,30408,卖盘
1916,10:27:41,5.44,--,75,40800,买盘
1917,10:27:36,5.44,0.01,264,143616,买盘
1918,10:27:31,5.43,--,77,41811,卖盘
1919,10:27:26,5.43,--,493,267699,卖盘
1920,10:27:21,5.43,--,170,92310,卖盘
1921,10:27:16,5.43,-0.01,2,1086,卖盘
1922,10:27:11,5.44,--,21,11424,买盘
1923,10:27:06,5.44,0.01,211,114784,买盘
1924,10:27:01,5.43,--,157,85251,卖盘
1925,10:26:56,5.43,-0.01,184,99912,卖盘
1926,10:26:51,5.44,--,26,14144,买盘
1927,10:26:46,5.44,--,293,159392,买盘
1928,10:26:40,5.44,--,164,89216,买盘
1929,10:26:36,5.44,--,20,10880,买盘
1930,10:26:31,5.44,0.01,288,156672,买盘
1931,10:26:26,5.43,-0.01,111,60273,卖盘
1932,10:26:21,5.44,--,56,30464,买盘
1933,10:26:16,5.44,0.01,50,27200,买盘
1934,10:26:10,5.43,-0.01,391,212313,卖盘
1935,10:26:01,5.44,0.01,601,326944,买盘
1936,10:25:56,5.43,-0.01,1005,545715,卖盘
1937,10:25:51,5.44,--,1,544,买盘
1938,10:25:46,5.44,--,74,40256,买盘
1939,10:25:40,5.44,--,11,5984,买盘
1940,10:25:31,5.44,0.01,1393,757792,买盘
1941,10:25:26,5.43,-0.01,261,141723,卖盘
1942,10:25:21,5.44,--,21,11424,买盘
1943,10:25:16,5.44,--,198,107712,买盘
1944,10:25:11,5.44,--,931,506464,买盘
1945,10:25:06,5.44,--,123,66912,买盘
1946,10:25:01,5.44,--,574,312256,买盘
1947,10:24:56,5.44,0.01,682,371008,买盘
1948,10:24:51,5.43,-0.01,3,1629,卖盘
1949,10:24:46,5.44,0.01,636,345984,买盘
1950,10:24:40,5.43,--,86,46698,卖盘
1951,10:24:36,5.43,--,769,417567,卖盘
1952,10:24:31,5.43,--,667,362181,卖盘
1953,10:24:25,5.43,-0.01,287,155841,卖盘
1954,10:24:21,5.44,--,281,152864,买盘
1955,10:24:16,5.44,0.01,216,117504,买盘
1956,10:24:10,5.43,--,126,68418,卖盘
1957,10:24:06,5.43,--,1,543,卖盘
1958,10:24:01,5.43,--,512,278016,卖盘
1959,10:23:55,5.43,-0.01,212,115116,卖盘
1960,10:23:49,5.44,--,466,253504,买盘
1961,10:23:46,5.44,--,441,239904,买盘
1962,10:23:40,5.44,--,363,197472,买盘
1963,10:23:34,5.44,0.01,94,51136,买盘
1964,10:23:31,5.43,--,779,422997,买盘
1965,10:23:25,5.43,--,185,100455,买盘
1966,10:23:19,5.43,--,229,124347,买盘
1967,10:23:16,5.43,--,842,457206,买盘
1968,10:23:10,5.43,--,190,103170,买盘
1969,10:23:05,5.43,--,454,246522,买盘
1970,10:23:01,5.43,--,148,80364,买盘
1971,10:22:55,5.43,--,148,80364,买盘
1972,10:22:49,5.43,--,40,21720,买盘
1973,10:22:45,5.43,0.01,245,133035,买盘
1974,10:22:40,5.42,-0.01,287,155554,卖盘
1975,10:22:34,5.43,--,63,34209,买盘
1976,10:22:30,5.43,--,309,167787,买盘
1977,10:22:25,5.43,--,68,36924,买盘
1978,10:22:19,5.43,--,116,62988,买盘
1979,10:22:15,5.43,0.01,360,195480,买盘
1980,10:22:10,5.42,-0.01,134,72628,卖盘
1981,10:22:04,5.43,0.01,483,262269,买盘
1982,10:21:55,5.42,-0.01,213,115446,卖盘
1983,10:21:49,5.43,--,280,152040,买盘
1984,10:21:45,5.43,--,349,189507,买盘
1985,10:21:40,5.43,0.01,442,240006,买盘
1986,10:21:34,5.42,-0.01,1495,810290,卖盘
1987,10:21:30,5.43,--,300,162900,买盘
1988,10:21:25,5.43,--,652,354036,买盘
1989,10:21:19,5.43,--,15,8145,买盘
1990,10:21:15,5.43,--,23,12489,买盘
1991,10:21:10,5.43,--,299,162357,买盘
1992,10:21:04,5.43,--,794,431142,买盘
1993,10:21:00,5.43,0.01,264,143352,买盘
1994,10:20:55,5.42,-0.01,335,181570,卖盘
1995,10:20:49,5.43,--,127,68961,买盘
1996,10:20:45,5.43,--,20,10860,买盘
1997,10:20:40,5.43,--,215,116745,买盘
1998,10:20:34,5.43,--,102,55386,买盘
1999,10:20:30,5.43,--,59,32037,买盘
2000,10:20:25,5.43,--,332,180276,买盘
2001,10:20:19,5.43,--,53,28779,买盘
2002,10:20:15,5.43,0.01,10,5430,买盘
2003,10:20:10,5.42,--,205,111110,卖盘
2004,10:20:04,5.42,--,261,141462,卖盘
2005,10:20:00,5.42,-0.01,2,1084,卖盘
2006,10:19:55,5.43,0.01,165,89595,买盘
2007,10:19:49,5.42,-0.01,480,260160,卖盘
2008,10:19:45,5.43,--,137,74391,卖盘
2009,10:19:40,5.43,0.01,721,391503,买盘
2010,10:19:34,5.42,-0.01,9466,5130572,卖盘
2011,10:19:30,5.43,--,134,72762,买盘
2012,10:19:25,5.43,--,20,10860,买盘
2013,10:19:19,5.43,0.01,308,167244,买盘
2014,10:19:10,5.42,--,499,270458,卖盘
2015,10:19:04,5.42,-0.01,91,49322,卖盘
2016,10:19:00,5.43,--,313,169959,买盘
2017,10:18:55,5.43,0.01,857,465351,买盘
2018,10:18:49,5.42,--,760,411920,卖盘
2019,10:18:45,5.42,--,585,317070,卖盘
2020,10:18:40,5.42,--,504,273168,卖盘
2021,10:18:34,5.42,--,78,42276,卖盘
2022,10:18:30,5.42,--,10,5420,卖盘
2023,10:18:19,5.42,-0.01,36,19512,卖盘
2024,10:18:15,5.43,--,298,161814,买盘
2025,10:18:10,5.43,--,16,8688,买盘
2026,10:18:04,5.43,--,358,194394,买盘
2027,10:18:00,5.43,--,136,73848,买盘
2028,10:17:55,5.43,0.01,515,279645,买盘
2029,10:17:49,5.42,-0.01,10,5420,卖盘
2030,10:17:45,5.43,--,302,163986,买盘
2031,10:17:40,5.43,0.01,80,43440,买盘
2032,10:17:30,5.42,-0.01,20,10840,卖盘
2033,10:17:25,5.43,--,460,249780,买盘
2034,10:17:19,5.43,--,753,408879,买盘
2035,10:17:10,5.43,--,309,167787,买盘
2036,10:17:04,5.43,0.01,138,74934,买盘
2037,10:17:00,5.42,--,508,275336,卖盘
2038,10:16:55,5.42,-0.01,90,48780,卖盘
2039,10:16:49,5.43,0.01,788,427884,买盘
2040,10:16:45,5.42,-0.01,203,110026,卖盘
2041,10:16:40,5.43,--,403,218829,买盘
2042,10:16:34,5.43,0.01,119,64617,买盘
2043,10:16:28,5.42,-0.01,30,16688,卖盘
2044,10:16:24,5.43,--,406,220458,买盘
2045,10:16:19,5.43,--,1594,865542,买盘
2046,10:16:13,5.43,--,232,125976,买盘
2047,10:16:10,5.43,--,524,284532,买盘
2048,10:16:04,5.43,--,18,9774,买盘
2049,10:15:58,5.43,--,888,482184,买盘
2050,10:15:54,5.43,--,27,14661,买盘
2051,10:15:49,5.43,0.01,553,300441,买盘
2052,10:15:43,5.42,-0.01,567,307314,卖盘
2053,10:15:39,5.43,--,1756,953508,买盘
2054,10:15:34,5.43,--,372,201996,买盘
2055,10:15:28,5.43,--,427,231861,买盘
2056,10:15:24,5.43,--,140,76020,买盘
2057,10:15:19,5.43,0.01,370,200910,买盘
2058,10:15:13,5.42,-0.01,1418,768556,中性盘
2059,10:15:09,5.43,0.01,2296,1246728,买盘
2060,10:15:04,5.42,--,1293,700806,买盘
2061,10:14:58,5.42,--,2714,1470988,买盘
2062,10:14:54,5.42,--,302,163684,买盘
2063,10:14:49,5.42,--,311,168562,买盘
2064,10:14:43,5.42,0.01,107,57994,买盘
2065,10:14:39,5.41,-0.01,228,123348,卖盘
2066,10:14:34,5.42,--,3453,1871526,买盘
2067,10:14:28,5.42,--,2196,1190232,买盘
2068,10:14:24,5.42,--,248,134416,买盘
2069,10:14:19,5.42,--,856,463952,买盘
2070,10:14:13,5.42,--,1603,868826,买盘
2071,10:14:09,5.42,--,2434,1319228,买盘
2072,10:14:04,5.42,--,624,338208,买盘
2073,10:13:58,5.42,--,11,5962,买盘
2074,10:13:54,5.42,0.01,26,14092,买盘
2075,10:13:49,5.41,-0.01,6,3246,卖盘
2076,10:13:43,5.42,--,701,379942,买盘
2077,10:13:39,5.42,--,5,2710,买盘
2078,10:13:34,5.42,0.01,675,365850,买盘
2079,10:13:24,5.41,-0.01,1,541,中性盘
2080,10:13:19,5.42,--,248,134416,买盘
2081,10:13:13,5.42,--,1042,564764,买盘
2082,10:13:09,5.42,0.01,27,14634,买盘
2083,10:13:04,5.41,--,4539,2455599,买盘
2084,10:12:58,5.41,--,316,170956,买盘
2085,10:12:54,5.41,--,15,8115,买盘
2086,10:12:49,5.41,--,13,7033,买盘
2087,10:12:43,5.41,0.01,117,63297,买盘
2088,10:12:39,5.4,--,20,10800,卖盘
2089,10:12:34,5.4,--,1083,584820,卖盘
2090,10:12:24,5.4,-0.01,1159,625860,卖盘
2091,10:12:19,5.41,--,217,117397,买盘
2092,10:12:13,5.41,--,247,133627,买盘
2093,10:12:09,5.41,--,78,42198,买盘
2094,10:12:04,5.41,--,241,130381,买盘
2095,10:11:58,5.41,0.01,352,190432,买盘
2096,10:11:54,5.4,-0.01,2,1080,卖盘
2097,10:11:49,5.41,0.01,104,56264,买盘
2098,10:11:43,5.4,-0.01,50,27000,卖盘
2099,10:11:34,5.41,0.01,229,123889,买盘
2100,10:11:28,5.4,--,1482,800280,卖盘
2101,10:11:19,5.4,-0.01,428,231120,卖盘
2102,10:11:13,5.41,--,61,33001,买盘
2103,10:11:04,5.41,--,5,2705,买盘
2104,10:10:58,5.41,--,603,326223,买盘
2105,10:10:48,5.41,--,247,133627,买盘
2106,10:10:43,5.41,--,46,24886,买盘
2107,10:10:34,5.41,--,107,57887,买盘
2108,10:10:28,5.41,--,249,134709,买盘
2109,10:10:24,5.41,--,459,248319,买盘
2110,10:10:19,5.41,--,234,126594,买盘
2111,10:10:13,5.41,0.01,38,20558,买盘
2112,10:10:09,5.4,--,21,11340,卖盘
2113,10:10:03,5.4,-0.01,162,87480,卖盘
2114,10:09:58,5.41,--,375,202875,买盘
2115,10:09:53,5.41,0.01,539,291599,买盘
2116,10:09:48,5.4,--,1411,761940,卖盘
2117,10:09:43,5.4,--,587,316980,卖盘
2118,10:09:33,5.4,-0.01,57,30780,卖盘
2119,10:09:28,5.41,--,205,110905,买盘
2120,10:09:24,5.41,--,863,466883,买盘
2121,10:09:18,5.41,0.01,534,289234,买盘
2122,10:09:13,5.4,-0.01,70,37800,卖盘
2123,10:09:07,5.41,--,144,77904,买盘
2124,10:09:03,5.41,0.01,10,5410,买盘
2125,10:08:58,5.4,-0.01,506,273240,卖盘
2126,10:08:52,5.41,--,321,173661,买盘
2127,10:08:48,5.41,--,145,78445,买盘
2128,10:08:37,5.41,--,20,10820,买盘
2129,10:08:33,5.41,--,248,134168,买盘
2130,10:08:28,5.41,--,30,16230,买盘
2131,10:08:22,5.41,--,326,176366,买盘
2132,10:08:18,5.41,--,344,186104,买盘
2133,10:08:13,5.41,--,1841,996197,买盘
2134,10:08:07,5.41,--,100,54100,买盘
2135,10:08:03,5.41,0.01,615,332715,买盘
2136,10:07:58,5.4,--,349,188460,卖盘
2137,10:07:52,5.4,-0.01,1739,939060,卖盘
2138,10:07:43,5.41,--,482,260762,买盘
2139,10:07:37,5.41,0.01,43,23263,买盘
2140,10:07:33,5.4,-0.01,73,39420,卖盘
2141,10:07:28,5.41,--,236,127676,买盘
2142,10:07:22,5.41,--,590,319190,买盘
2143,10:07:13,5.41,0.01,245,132545,买盘
2144,10:07:07,5.4,-0.01,223,120420,卖盘
2145,10:06:52,5.41,--,597,322977,买盘
2146,10:06:43,5.41,0.01,170,91970,买盘
2147,10:06:37,5.4,-0.01,110,59400,卖盘
2148,10:06:33,5.41,--,39,21099,买盘
2149,10:06:28,5.41,--,275,148775,买盘
2150,10:06:22,5.41,--,523,282943,买盘
2151,10:06:18,5.41,--,465,251565,买盘
2152,10:06:13,5.41,--,3075,1663575,买盘
2153,10:06:07,5.41,0.01,432,233712,买盘
2154,10:06:03,5.4,--,192,103680,卖盘
2155,10:05:58,5.4,--,39,21060,卖盘
2156,10:05:52,5.4,-0.01,278,150120,卖盘
2157,10:05:48,5.41,--,418,226138,买盘
2158,10:05:43,5.41,--,15,8115,买盘
2159,10:05:33,5.41,--,218,117938,买盘
2160,10:05:28,5.41,--,15,8115,买盘
2161,10:05:22,5.41,0.01,254,137414,买盘
2162,10:05:18,5.4,--,128,69120,卖盘
2163,10:05:13,5.4,-0.01,2,1080,卖盘
2164,10:05:07,5.41,--,365,197465,买盘
2165,10:05:03,5.41,0.01,16,8656,买盘
2166,10:04:58,5.4,-0.01,352,190080,卖盘
2167,10:04:52,5.41,0.01,241,130381,买盘
2168,10:04:42,5.4,--,16,8640,卖盘
2169,10:04:37,5.4,-0.01,480,259200,卖盘
2170,10:04:28,5.41,0.01,89,48149,买盘
2171,10:04:22,5.4,--,2207,1191834,买盘
2172,10:04:18,5.4,--,1259,679860,买盘
2173,10:04:13,5.4,--,596,321840,买盘
2174,10:04:07,5.4,--,1378,744120,买盘
2175,10:03:57,5.4,--,120,64800,买盘
2176,10:03:52,5.4,--,65,35100,买盘
2177,10:03:42,5.4,--,238,128520,买盘
2178,10:03:37,5.4,0.01,357,192780,买盘
2179,10:03:33,5.39,-0.01,619,333732,卖盘
2180,10:03:17,5.4,--,212,114480,买盘
2181,10:03:12,5.4,--,5010,2705400,买盘
2182,10:03:07,5.4,--,4,2160,买盘
2183,10:03:02,5.4,0.01,325,175500,买盘
2184,10:02:57,5.39,--,656,353584,卖盘
2185,10:02:52,5.39,--,58,31261,卖盘
2186,10:02:47,5.39,-0.01,50,26950,卖盘
2187,10:02:42,5.4,0.01,305,164700,买盘
2188,10:02:37,5.39,-0.01,30,16169,卖盘
2189,10:02:32,5.4,0.01,345,186300,买盘
2190,10:02:27,5.39,-0.01,1,539,卖盘
2191,10:02:22,5.4,--,756,408240,买盘
2192,10:02:12,5.4,0.01,249,134460,买盘
2193,10:02:07,5.39,--,240,129359,买盘
2194,10:02:01,5.39,--,454,244706,买盘
2195,10:01:57,5.39,-0.01,1785,962578,卖盘
2196,10:01:52,5.4,--,15,8100,买盘
2197,10:01:42,5.4,--,467,252180,买盘
2198,10:01:37,5.4,0.01,443,239220,买盘
2199,10:01:31,5.39,-0.01,500,269500,卖盘
2200,10:01:22,5.4,--,23,12420,买盘
2201,10:01:16,5.4,0.01,164,88560,买盘
2202,10:01:12,5.39,-0.01,96,51744,卖盘
2203,10:01:07,5.4,--,552,298080,买盘
2204,10:01:01,5.4,0.01,486,262440,买盘
2205,10:00:37,5.39,-0.01,2,1078,卖盘
2206,10:00:31,5.4,--,285,153900,买盘
2207,10:00:27,5.4,--,214,115560,买盘
2208,10:00:22,5.4,--,73,39420,买盘
2209,10:00:16,5.4,--,512,276480,买盘
2210,10:00:07,5.4,0.01,27,14580,买盘
2211,10:00:01,5.39,-0.01,8,4312,卖盘
2212,09:59:57,5.4,0.01,204,110160,买盘
2213,09:59:52,5.39,--,1003,540692,买盘
2214,09:59:46,5.39,--,30,16169,买盘
2215,09:59:42,5.39,--,678,365442,买盘
2216,09:59:37,5.39,--,1097,591283,买盘
2217,09:59:31,5.39,--,144,77616,买盘
2218,09:59:22,5.39,--,255,137445,买盘
2219,09:59:16,5.39,--,102,54978,买盘
2220,09:59:07,5.39,--,1431,771309,买盘
2221,09:59:01,5.39,--,70,37730,买盘
2222,09:58:52,5.39,--,5800,3126200,买盘
2223,09:58:46,5.39,--,6,3234,买盘
2224,09:58:37,5.39,--,126,67914,买盘
2225,09:58:31,5.39,0.01,683,368137,买盘
2226,09:58:26,5.38,-0.01,232,124816,卖盘
2227,09:58:22,5.39,--,205,110495,买盘
2228,09:58:16,5.39,--,291,156849,买盘
2229,09:58:07,5.39,--,406,218834,买盘
2230,09:58:01,5.39,0.01,405,218295,买盘
2231,09:57:56,5.38,-0.01,450,242100,卖盘
2232,09:57:51,5.39,0.01,277,149303,买盘
2233,09:57:46,5.38,-0.01,92,49496,卖盘
2234,09:57:31,5.39,--,383,206437,买盘
2235,09:57:26,5.39,0.01,2,1078,买盘
2236,09:57:16,5.38,--,219,117822,卖盘
2237,09:57:11,5.38,--,62,33356,卖盘
2238,09:57:06,5.38,--,44,23672,卖盘
2239,09:57:01,5.38,-0.01,18,9684,卖盘
2240,09:56:51,5.39,0.01,604,325556,买盘
2241,09:56:46,5.38,--,5313,2858394,卖盘
2242,09:56:41,5.38,--,94,50572,卖盘
2243,09:56:36,5.38,--,113,60794,卖盘
2244,09:56:21,5.38,-0.01,1309,704242,卖盘
2245,09:56:16,5.39,0.01,543,292677,买盘
2246,09:56:11,5.38,-0.01,87,46806,卖盘
2247,09:56:06,5.39,--,345,185955,买盘
2248,09:56:01,5.39,--,100,53900,买盘
2249,09:55:51,5.39,--,239,128820,买盘
2250,09:55:46,5.39,--,74,39886,买盘
2251,09:55:36,5.39,--,264,142296,买盘
2252,09:55:31,5.39,0.01,20,10780,买盘
2253,09:55:26,5.38,-0.01,50,26900,卖盘
2254,09:55:11,5.39,--,5,2695,买盘
2255,09:55:06,5.39,0.01,100,53900,买盘
2256,09:55:01,5.38,--,830,446540,卖盘
2257,09:54:56,5.38,--,674,362612,卖盘
2258,09:54:51,5.38,--,952,512176,卖盘
2259,09:54:36,5.38,-0.01,10,5380,卖盘
2260,09:54:31,5.39,--,238,128281,买盘
2261,09:54:25,5.39,0.01,167,90013,买盘
2262,09:54:21,5.38,--,7,3766,卖盘
2263,09:54:16,5.38,-0.01,442,237796,卖盘
2264,09:54:06,5.39,--,5,2695,买盘
2265,09:54:01,5.39,0.01,8,4312,买盘
2266,09:53:55,5.38,--,25,13450,卖盘
2267,09:53:51,5.38,--,28,15064,卖盘
2268,09:53:46,5.38,--,250,134500,卖盘
2269,09:53:40,5.38,-0.01,30,16140,卖盘
2270,09:53:36,5.39,0.01,101,54439,买盘
2271,09:53:25,5.38,-0.01,60,32280,卖盘
2272,09:53:21,5.39,--,7,3773,买盘
2273,09:53:16,5.39,0.01,5,2695,买盘
2274,09:53:10,5.38,--,446,239948,卖盘
2275,09:53:06,5.38,-0.01,1,538,卖盘
2276,09:53:01,5.39,--,15,8084,买盘
2277,09:52:55,5.39,0.01,31,16709,买盘
2278,09:52:46,5.38,-0.01,12,6456,卖盘
2279,09:52:40,5.39,0.01,10,5390,买盘
2280,09:52:36,5.38,--,5,2690,卖盘
2281,09:52:25,5.38,-0.01,129,69402,卖盘
2282,09:52:21,5.39,--,1,539,买盘
2283,09:52:16,5.39,0.01,206,111034,买盘
2284,09:52:10,5.38,--,25,13450,卖盘
2285,09:51:55,5.38,--,100,53800,卖盘
2286,09:51:51,5.38,-0.01,45,24210,卖盘
2287,09:51:46,5.39,0.01,224,120736,买盘
2288,09:51:25,5.38,--,263,141494,卖盘
2289,09:51:20,5.38,-0.01,9,4842,卖盘
2290,09:51:16,5.39,0.01,38,20482,买盘
2291,09:51:10,5.38,--,10,5380,卖盘
2292,09:51:05,5.38,--,1,538,卖盘
2293,09:51:01,5.38,--,5,2690,卖盘
2294,09:50:55,5.38,-0.01,258,138804,卖盘
2295,09:50:45,5.39,--,712,383768,买盘
2296,09:50:35,5.39,--,10,5390,买盘
2297,09:50:30,5.39,--,17,9163,买盘
2298,09:50:25,5.39,0.01,127,68453,买盘
2299,09:50:20,5.38,-0.01,1,538,卖盘
2300,09:50:15,5.39,--,87,46893,买盘
2301,09:50:10,5.39,--,100,53900,买盘
2302,09:50:05,5.39,--,336,181104,买盘
2303,09:50:00,5.39,0.01,146,78694,买盘
2304,09:49:55,5.38,-0.01,56,30128,卖盘
2305,09:49:50,5.39,--,60,32339,买盘
2306,09:49:40,5.39,--,207,111573,买盘
2307,09:49:30,5.39,--,64,34496,买盘
2308,09:49:20,5.39,0.01,2,1078,买盘
2309,09:49:15,5.38,-0.01,121,65098,卖盘
2310,09:49:10,5.39,0.01,234,126125,买盘
2311,09:49:00,5.38,-0.01,1,538,卖盘
2312,09:48:45,5.39,--,1393,750827,买盘
2313,09:48:40,5.39,0.01,5384,2901976,买盘
2314,09:48:35,5.38,--,218,117284,卖盘
2315,09:48:30,5.38,-0.01,10,5433,卖盘
2316,09:48:25,5.39,--,141,75999,买盘
2317,09:48:20,5.39,0.01,380,204820,买盘
2318,09:48:15,5.38,--,128,68864,卖盘
2319,09:48:10,5.38,--,404,217352,卖盘
2320,09:48:05,5.38,-0.01,1,538,卖盘
2321,09:48:00,5.39,--,1359,732501,买盘
2322,09:47:55,5.39,0.01,180,97020,买盘
2323,09:47:45,5.38,-0.01,2994,1610772,卖盘
2324,09:47:40,5.39,--,5,2695,买盘
2325,09:47:35,5.39,--,56,30184,买盘
2326,09:47:30,5.39,0.01,50,26950,买盘
2327,09:47:25,5.38,--,64,34432,卖盘
2328,09:47:15,5.38,-0.01,40,21520,卖盘
2329,09:47:10,5.39,--,10,5390,买盘
2330,09:47:05,5.39,--,96,51744,买盘
2331,09:46:55,5.39,--,1,539,买盘
2332,09:46:49,5.39,0.01,3,1617,买盘
2333,09:46:45,5.38,--,36,19368,卖盘
2334,09:46:40,5.38,-0.01,372,200136,卖盘
2335,09:46:34,5.39,0.01,5,2695,买盘
2336,09:46:30,5.38,--,452,243176,卖盘
2337,09:46:25,5.38,--,56,30128,卖盘
2338,09:46:19,5.38,-0.01,1,538,卖盘
2339,09:46:15,5.39,0.01,12,6468,买盘
2340,09:46:10,5.38,-0.01,133,71554,卖盘
2341,09:46:04,5.39,0.01,800,431200,买盘
2342,09:46:00,5.38,-0.01,101,54338,卖盘
2343,09:45:45,5.39,--,59,31800,买盘
2344,09:45:40,5.39,0.01,87,46893,买盘
2345,09:45:34,5.38,--,558,300204,卖盘
2346,09:45:30,5.38,-0.01,446,239948,卖盘
2347,09:45:19,5.39,--,2,1078,买盘
2348,09:45:15,5.39,--,3,1617,买盘
2349,09:45:10,5.39,--,441,237699,买盘
2350,09:45:04,5.39,0.01,20,10780,买盘
2351,09:45:00,5.38,-0.01,9,4842,卖盘
2352,09:44:49,5.39,--,10,5390,买盘
2353,09:44:45,5.39,0.01,334,180026,买盘
2354,09:44:30,5.38,-0.01,13,6994,卖盘
2355,09:44:25,5.39,--,5,2695,买盘
2356,09:44:10,5.39,0.01,26,14014,买盘
2357,09:44:04,5.38,--,12,6456,卖盘
2358,09:43:39,5.38,--,1,538,卖盘
2359,09:43:34,5.38,--,127,68326,卖盘
2360,09:43:29,5.38,--,85,45730,买盘
2361,09:43:24,5.38,--,3,1614,买盘
2362,09:43:19,5.38,--,1,538,买盘
2363,09:43:09,5.38,--,273,146874,买盘
2364,09:43:04,5.38,--,258,138804,买盘
2365,09:42:59,5.38,--,68,36584,买盘
2366,09:42:54,5.38,--,89,47882,买盘
2367,09:42:49,5.38,--,46,24748,买盘
2368,09:42:39,5.38,--,50,26900,买盘
2369,09:42:29,5.38,--,3,1614,买盘
2370,09:42:24,5.38,--,11,5918,买盘
2371,09:42:19,5.38,0.01,274,147412,买盘
2372,09:42:14,5.37,-0.01,149,80013,卖盘
2373,09:42:09,5.38,--,167,89846,买盘
2374,09:42:04,5.38,--,10,5783,卖盘
2375,09:41:59,5.38,--,51,27572,卖盘
2376,09:41:54,5.38,-0.01,110,59180,卖盘
2377,09:41:49,5.39,0.02,249,134211,买盘
2378,09:41:44,5.37,--,1,537,卖盘
2379,09:41:39,5.37,-0.02,80,42960,卖盘
2380,09:41:34,5.39,0.02,131,70609,买盘
2381,09:41:29,5.37,--,140,75180,卖盘
2382,09:41:24,5.37,--,418,224466,卖盘
2383,09:41:19,5.37,-0.01,73,39201,卖盘
2384,09:41:14,5.38,--,20,10760,卖盘
2385,09:41:09,5.38,0.01,33,17754,买盘
2386,09:41:04,5.37,-0.01,217,116529,卖盘
2387,09:40:59,5.38,0.01,10,5380,买盘
2388,09:40:54,5.37,-0.01,17,9129,卖盘
2389,09:40:49,5.38,--,95,51110,卖盘
2390,09:40:39,5.38,--,30,16140,买盘
2391,09:40:34,5.38,--,164,88232,买盘
2392,09:40:24,5.38,0.01,282,151716,买盘
2393,09:40:19,5.37,--,262,140694,卖盘
2394,09:40:14,5.37,--,663,356031,卖盘
2395,09:40:09,5.37,-0.01,713,382881,卖盘
2396,09:40:04,5.38,--,64,34432,买盘
2397,09:39:59,5.38,--,87,46806,买盘
2398,09:39:54,5.38,--,60,32280,卖盘
2399,09:39:49,5.38,--,69,37122,卖盘
2400,09:39:44,5.38,--,515,277070,卖盘
2401,09:39:39,5.38,--,29,15602,卖盘
2402,09:39:34,5.38,--,16,8608,买盘
2403,09:39:29,5.38,--,113,60794,卖盘
2404,09:39:24,5.38,--,42,22596,卖盘
2405,09:39:19,5.38,0.01,93,50034,买盘
2406,09:39:13,5.37,-0.01,93,49941,卖盘
2407,09:39:09,5.38,--,32,17216,买盘
2408,09:39:04,5.38,--,187,100606,买盘
2409,09:38:58,5.38,0.01,32,17216,中性盘
2410,09:38:54,5.37,-0.01,194,104355,卖盘
2411,09:38:49,5.38,--,20,10760,买盘
2412,09:38:39,5.38,--,5,2690,买盘
2413,09:38:34,5.38,--,453,243773,卖盘
2414,09:38:28,5.38,--,30,16140,卖盘
2415,09:38:24,5.38,--,17,9146,卖盘
2416,09:38:19,5.38,--,78,41964,卖盘
2417,09:38:13,5.38,--,1,538,卖盘
2418,09:38:09,5.38,--,3812,2050856,卖盘
2419,09:38:04,5.38,--,11,5918,卖盘
2420,09:37:58,5.38,--,81,43578,卖盘
2421,09:37:53,5.38,--,205,110290,卖盘
2422,09:37:49,5.38,--,245,131810,卖盘
2423,09:37:38,5.38,--,10,5380,卖盘
2424,09:37:34,5.38,--,230,123740,卖盘
2425,09:37:28,5.38,--,130,69940,卖盘
2426,09:37:23,5.38,--,5,2690,卖盘
2427,09:37:19,5.38,--,37,19906,卖盘
2428,09:37:13,5.38,-0.01,202,108676,卖盘
2429,09:37:08,5.39,--,100,53900,买盘
2430,09:37:04,5.39,0.01,315,169785,买盘
2431,09:36:58,5.38,-0.01,314,169254,卖盘
2432,09:36:53,5.39,0.01,43,23177,买盘
2433,09:36:49,5.38,-0.01,6,3228,卖盘
2434,09:36:43,5.39,0.01,26,14014,买盘
2435,09:36:34,5.38,--,1,538,卖盘
2436,09:36:28,5.38,-0.01,45,24210,卖盘
2437,09:36:23,5.39,0.01,1,539,买盘
2438,09:36:19,5.38,--,220,118360,卖盘
2439,09:36:13,5.38,--,871,468598,卖盘
2440,09:36:08,5.38,-0.01,450,242100,卖盘
2441,09:36:04,5.39,--,20,10780,买盘
2442,09:35:58,5.39,--,343,184877,买盘
2443,09:35:53,5.39,0.01,487,262493,买盘
2444,09:35:48,5.38,-0.01,1170,629460,卖盘
2445,09:35:43,5.39,0.01,31,16709,买盘
2446,09:35:38,5.38,-0.01,15,8070,卖盘
2447,09:35:33,5.39,0.01,294,158466,买盘
2448,09:35:28,5.38,-0.01,706,379828,卖盘
2449,09:35:23,5.39,0.01,28,15092,买盘
2450,09:35:18,5.38,--,521,280454,卖盘
2451,09:35:13,5.38,--,1437,773106,卖盘
2452,09:35:08,5.38,--,254,136652,卖盘
2453,09:35:03,5.38,--,82,44116,卖盘
2454,09:34:58,5.38,-0.01,559,300742,卖盘
2455,09:34:48,5.39,--,56,30184,买盘
2456,09:34:43,5.39,--,128,68992,卖盘
2457,09:34:33,5.39,--,22,11858,卖盘
2458,09:34:28,5.39,--,688,370832,买盘
2459,09:34:23,5.39,--,81,43659,买盘
2460,09:34:18,5.39,--,624,336336,卖盘
2461,09:34:13,5.39,--,1,539,卖盘
2462,09:34:08,5.39,--,100,53900,卖盘
2463,09:34:03,5.39,--,1,539,卖盘
2464,09:33:58,5.39,--,2,1078,卖盘
2465,09:33:48,5.39,-0.01,114,61445,卖盘
2466,09:33:43,5.4,0.01,4,2160,买盘
2467,09:33:33,5.39,--,65,35035,卖盘
2468,09:33:28,5.39,--,89,47971,卖盘
2469,09:33:23,5.39,--,201,108339,卖盘
2470,09:33:18,5.39,--,63,33957,卖盘
2471,09:33:13,5.39,0.01,2376,1280664,买盘
2472,09:33:03,5.38,--,16,8608,卖盘
2473,09:32:58,5.38,-0.01,201,108138,卖盘
2474,09:32:48,5.39,0.01,231,124508,买盘
2475,09:32:43,5.38,--,466,250708,卖盘
2476,09:32:38,5.38,--,10,5380,卖盘
2477,09:32:33,5.38,--,165,88770,卖盘
2478,09:32:28,5.38,-0.01,98,52724,卖盘
2479,09:32:23,5.39,--,1,539,买盘
2480,09:32:18,5.39,--,300,161700,买盘
2481,09:32:13,5.39,0.01,60,32339,买盘
2482,09:32:08,5.38,-0.01,24,12912,卖盘
2483,09:32:03,5.39,--,10,5390,买盘
2484,09:31:58,5.39,--,341,183799,卖盘
2485,09:31:52,5.39,-0.01,851,458689,卖盘
2486,09:31:48,5.4,0.01,100,54000,买盘
2487,09:31:43,5.39,--,500,269500,卖盘
2488,09:31:38,5.39,-0.01,26,14014,卖盘
2489,09:31:33,5.4,0.01,35,18900,买盘
2490,09:31:28,5.39,-0.01,1,539,卖盘
2491,09:31:22,5.4,0.01,60,32400,买盘
2492,09:31:18,5.39,-0.01,188,101332,卖盘
2493,09:31:13,5.4,0.01,55,29700,买盘
2494,09:31:07,5.39,-0.01,164,88396,卖盘
2495,09:31:03,5.4,0.01,342,184680,买盘
2496,09:30:58,5.39,--,280,150920,卖盘
2497,09:30:48,5.39,-0.01,57,30722,卖盘
2498,09:30:42,5.4,--,66,35640,买盘
2499,09:30:37,5.4,--,36,19440,买盘
2500,09:30:32,5.4,0.01,405,218700,买盘
2501,09:30:22,5.39,-0.01,100,53900,卖盘
2502,09:30:17,5.4,--,0,0,买盘
2503,09:30:12,5.4,0.01,80,43200,买盘
2504,09:30:07,5.39,--,1733,934087,卖盘
2505,09:28:52,5.39,--,0,0,卖盘
2506,09:25:05,5.39,5.39,1066,574574,买盘
