,time,price,change,volume,amount,type
0,15:00:00,17.7,--,0,0,卖盘
1,15:00:00,17.7,-0.03,5,8850,卖盘
2,14:59:58,17.73,--,40,71983,买盘
3,14:59:52,17.73,0.01,76,134748,买盘
4,14:59:48,17.72,--,9,15947,卖盘
5,14:59:43,17.72,--,7,12404,卖盘
6,14:59:37,17.72,--,84,149556,买盘
7,14:59:33,17.72,0.02,327,579444,买盘
8,14:59:28,17.7,--,33,58410,卖盘
9,14:59:22,17.7,--,13,23010,卖盘
10,14:59:18,17.7,--,20,35400,卖盘
11,14:59:12,17.7,-0.02,43,76110,中性盘
12,14:59:07,17.72,0.02,36,63791,买盘
13,14:59:03,17.7,--,0,0,买盘
14,14:58:57,17.7,--,2,3540,买盘
15,14:58:52,17.7,0.05,89,157530,买盘
16,14:58:48,17.65,--,33,58244,卖盘
17,14:58:42,17.65,-0.03,78,137670,卖盘
18,14:58:37,17.68,0.05,4,7072,买盘
19,14:58:33,17.63,-0.02,240,424177,卖盘
20,14:58:27,17.65,-0.02,138,243569,卖盘
21,14:58:22,17.67,-0.04,59,104253,卖盘
22,14:58:17,17.71,0.04,172,304612,买盘
23,14:58:12,17.67,0.02,46,81282,中性盘
24,14:58:07,17.65,-0.05,195,344175,卖盘
25,14:58:02,17.7,0.01,220,389400,买盘
26,14:57:57,17.69,--,24,42456,买盘
27,14:57:52,17.69,0.02,130,230447,买盘
28,14:57:47,17.67,0.02,427,754509,买盘
29,14:57:42,17.65,--,62,109429,买盘
30,14:57:37,17.65,--,419,739534,买盘
31,14:57:32,17.65,-0.01,95,167675,卖盘
32,14:57:27,17.66,0.02,35,61810,买盘
33,14:57:22,17.64,-0.02,589,1038996,卖盘
34,14:57:17,17.66,--,351,619866,买盘
35,14:57:12,17.66,--,257,453862,买盘
36,14:57:07,17.66,-0.03,180,317880,卖盘
37,14:57:02,17.69,0.03,532,941108,买盘
38,14:56:57,17.66,-0.01,8,14128,卖盘
39,14:56:52,17.67,--,18,31806,卖盘
40,14:56:47,17.67,--,22,38874,卖盘
41,14:56:37,17.67,-0.02,275,485925,卖盘
42,14:56:32,17.69,0.01,378,668682,买盘
43,14:56:27,17.68,--,45,79560,买盘
44,14:56:22,17.68,0.02,31,54808,买盘
45,14:56:17,17.66,-0.02,400,706400,卖盘
46,14:56:12,17.68,--,63,111384,买盘
47,14:56:07,17.68,-0.01,85,150280,卖盘
48,14:56:02,17.69,0.01,36,63684,买盘
49,14:55:57,17.68,--,36,63648,卖盘
50,14:55:52,17.68,-0.01,65,114920,卖盘
51,14:55:47,17.69,0.03,8,14152,买盘
52,14:55:42,17.66,-0.02,430,759380,卖盘
53,14:55:32,17.68,-0.02,92,162656,卖盘
54,14:55:27,17.7,0.02,3,5310,买盘
55,14:55:22,17.68,-0.01,200,353600,卖盘
56,14:55:17,17.69,--,0,0,卖盘
57,14:55:12,17.69,-0.02,10,17690,卖盘
58,14:55:07,17.71,0.02,1,1771,买盘
59,14:55:02,17.69,0.01,109,192821,卖盘
60,14:54:57,17.68,--,183,325276,买盘
61,14:54:52,17.68,--,300,530400,买盘
62,14:54:47,17.68,-0.03,71,125563,卖盘
63,14:54:42,17.71,0.03,35,61985,买盘
64,14:54:37,17.68,-0.03,283,500344,卖盘
65,14:54:32,17.71,0.02,249,440979,买盘
66,14:54:27,17.69,0.01,51,90219,卖盘
67,14:54:22,17.68,--,101,178568,卖盘
68,14:54:17,17.68,--,73,129064,卖盘
69,14:54:12,17.68,--,108,190944,卖盘
70,14:54:07,17.68,--,61,107848,卖盘
71,14:54:02,17.68,--,13,22984,卖盘
72,14:53:57,17.68,--,33,58344,卖盘
73,14:53:52,17.68,--,607,1074908,买盘
74,14:53:46,17.68,--,11,19448,买盘
75,14:53:42,17.68,--,75,134067,买盘
76,14:53:31,17.68,-0.03,32,56576,卖盘
77,14:53:27,17.71,--,30,53130,买盘
78,14:53:16,17.71,0.04,12,21252,买盘
79,14:53:07,17.67,--,82,144894,卖盘
80,14:53:01,17.67,-0.08,45,79515,卖盘
81,14:52:52,17.75,0.01,45,79875,买盘
82,14:52:46,17.74,--,37,65638,买盘
83,14:52:41,17.74,--,93,164982,买盘
84,14:52:37,17.74,-0.01,836,1483188,卖盘
85,14:52:31,17.75,0.08,2109,3745125,买盘
86,14:52:26,17.67,--,48,84816,买盘
87,14:52:22,17.67,-0.07,348,614916,卖盘
88,14:52:16,17.74,-0.01,323,573002,中性盘
89,14:52:07,17.75,0.08,309,549096,买盘
90,14:52:01,17.67,-0.08,909,1606432,卖盘
91,14:51:56,17.75,0.01,163,289325,买盘
92,14:51:52,17.74,0.07,283,502041,买盘
93,14:51:46,17.67,--,271,480394,买盘
94,14:51:41,17.67,--,935,1652145,买盘
95,14:51:37,17.67,--,253,447051,买盘
96,14:51:31,17.67,--,1161,2051487,买盘
97,14:51:26,17.67,--,68,120156,买盘
98,14:51:22,17.67,-0.01,2930,5177310,卖盘
99,14:51:16,17.68,--,91,160888,买盘
100,14:51:11,17.68,--,8,14144,买盘
101,14:51:06,17.68,--,253,447304,买盘
102,14:51:01,17.68,--,445,787590,卖盘
103,14:50:56,17.68,-0.02,330,583440,卖盘
104,14:50:51,17.7,0.03,947,1677128,买盘
105,14:50:46,17.67,--,1,1767,卖盘
106,14:50:41,17.67,-0.01,3,5301,卖盘
107,14:50:36,17.68,--,217,383656,买盘
108,14:50:31,17.68,--,70,124095,卖盘
109,14:50:26,17.68,-0.07,41,73920,卖盘
110,14:50:21,17.75,0.07,3500,6212500,买盘
111,14:50:16,17.68,--,60,106080,卖盘
112,14:50:11,17.68,--,5,8840,卖盘
113,14:50:06,17.68,-0.07,45,79560,卖盘
114,14:50:01,17.75,--,8,14200,买盘
115,14:49:56,17.75,--,8,14200,买盘
116,14:49:51,17.75,--,478,849941,卖盘
117,14:49:46,17.75,-0.01,1042,1849550,卖盘
118,14:49:41,17.76,0.01,411,729936,买盘
119,14:49:31,17.75,--,1750,3107084,卖盘
120,14:49:26,17.75,--,306,544605,卖盘
121,14:49:21,17.75,-0.01,78,138450,卖盘
122,14:49:16,17.76,0.01,43,76368,买盘
123,14:49:11,17.75,--,395,701125,卖盘
124,14:49:06,17.75,--,256,455766,卖盘
125,14:49:01,17.75,--,1730,3071264,卖盘
126,14:48:56,17.75,-0.01,290,514750,卖盘
127,14:48:51,17.76,0.01,12,21312,买盘
128,14:48:46,17.75,0.09,541,961712,买盘
129,14:48:41,17.66,0.02,40,70640,中性盘
130,14:48:36,17.64,-0.01,11,19845,卖盘
131,14:48:31,17.65,-0.01,3189,5629273,卖盘
132,14:48:26,17.66,-0.01,18,33518,中性盘
133,14:48:21,17.67,0.01,149,263671,买盘
134,14:48:16,17.66,-0.01,14,25448,卖盘
135,14:48:11,17.67,0.02,37,65379,买盘
136,14:48:06,17.65,-0.02,17,30004,卖盘
137,14:48:01,17.67,--,39,68913,买盘
138,14:47:56,17.67,-0.08,667,1179013,卖盘
139,14:47:51,17.75,-0.01,356,631900,卖盘
140,14:47:46,17.76,0.09,1953,3469877,买盘
141,14:47:41,17.67,0.01,2,3534,买盘
142,14:47:36,17.66,-0.01,3,5298,卖盘
143,14:47:31,17.67,--,65,115190,卖盘
144,14:47:26,17.67,0.02,43,77412,卖盘
145,14:47:16,17.65,-0.01,213,377003,卖盘
146,14:47:11,17.66,-0.09,199,352899,卖盘
147,14:47:06,17.75,0.11,1350,2397102,买盘
148,14:47:01,17.64,--,20,35950,卖盘
149,14:46:56,17.64,-0.01,41,73752,卖盘
150,14:46:46,17.65,0.02,4,7059,中性盘
151,14:46:41,17.63,-0.02,3644,6424742,卖盘
152,14:46:31,17.65,--,172,305150,卖盘
153,14:46:26,17.65,--,105,185324,卖盘
154,14:46:21,17.65,--,6,10784,卖盘
155,14:46:16,17.65,0.01,111,195914,卖盘
156,14:46:11,17.64,-0.01,3509,6190846,卖盘
157,14:46:01,17.65,0.01,45,80854,中性盘
158,14:45:56,17.64,-0.06,355,626220,卖盘
159,14:45:50,17.7,--,0,0,买盘
160,14:45:46,17.7,--,231,410215,卖盘
161,14:45:40,17.7,--,217,384090,卖盘
162,14:45:35,17.7,0.06,2061,3648394,买盘
163,14:45:31,17.64,--,24,42336,卖盘
164,14:45:25,17.64,--,21,38384,卖盘
165,14:45:20,17.64,--,54,95908,卖盘
166,14:45:16,17.64,--,262,463367,买盘
167,14:45:10,17.64,--,11,19404,买盘
168,14:45:05,17.64,0.01,3,5292,买盘
169,14:45:01,17.63,-0.02,58,103682,卖盘
170,14:44:55,17.65,-0.05,211,372414,卖盘
171,14:44:50,17.7,--,81,143440,卖盘
172,14:44:45,17.7,0.05,2425,4293949,买盘
173,14:44:40,17.65,0.02,19,33535,中性盘
174,14:44:35,17.63,-0.02,57,101919,卖盘
175,14:44:30,17.65,--,185,326525,买盘
176,14:44:25,17.65,0.03,223,394653,买盘
177,14:44:20,17.62,-0.03,111,195582,卖盘
178,14:44:16,17.65,--,44,79107,买盘
179,14:44:01,17.65,0.04,19,33535,买盘
180,14:43:55,17.61,--,30,52830,卖盘
181,14:43:50,17.61,--,317,558237,卖盘
182,14:43:45,17.61,-0.07,409,720918,卖盘
183,14:43:40,17.68,--,325,576032,卖盘
184,14:43:35,17.68,--,14,24752,卖盘
185,14:43:30,17.68,0.08,1571,2778960,买盘
186,14:43:25,17.6,-0.01,69,121440,卖盘
187,14:43:20,17.61,--,79,139207,卖盘
188,14:43:15,17.61,--,9,16976,卖盘
189,14:43:10,17.61,--,16,29250,卖盘
190,14:43:05,17.61,-0.01,4,8276,卖盘
191,14:43:00,17.62,0.02,6,10572,卖盘
192,14:42:55,17.6,-0.02,37,66704,卖盘
193,14:42:50,17.62,--,3,5286,卖盘
194,14:42:45,17.62,-0.06,161,284228,卖盘
195,14:42:40,17.68,--,253,447304,卖盘
196,14:42:35,17.68,--,152,270168,卖盘
197,14:42:30,17.68,0.06,2014,3562307,买盘
198,14:42:25,17.62,--,57,101491,买盘
199,14:42:20,17.62,0.02,45,79290,买盘
200,14:42:15,17.6,--,491,864160,卖盘
201,14:42:10,17.6,--,233,410432,卖盘
202,14:42:05,17.6,--,63,112305,卖盘
203,14:42:00,17.6,-0.03,40,70400,买盘
204,14:41:55,17.63,--,90,158670,买盘
205,14:41:50,17.63,0.06,17,29971,买盘
206,14:41:45,17.57,--,432,759024,卖盘
207,14:41:35,17.57,-0.06,153,269541,卖盘
208,14:41:30,17.63,--,795,1401585,卖盘
209,14:41:25,17.63,0.05,656,1156545,买盘
210,14:41:20,17.58,0.01,26,45707,买盘
211,14:41:15,17.57,--,13,22841,买盘
212,14:41:10,17.57,0.01,635,1115695,中性盘
213,14:41:05,17.56,-0.01,79,140146,卖盘
214,14:41:00,17.57,0.01,6,10542,卖盘
215,14:40:55,17.56,-0.01,43,76930,卖盘
216,14:40:50,17.57,--,56,98392,买盘
217,14:40:45,17.57,0.01,18,31626,买盘
218,14:40:40,17.56,-0.02,143,251107,卖盘
219,14:40:35,17.58,0.01,541,951077,买盘
220,14:40:30,17.57,--,52,92418,卖盘
221,14:40:25,17.57,--,44,77308,卖盘
222,14:40:20,17.57,--,37,65009,卖盘
223,14:40:15,17.57,--,8,14056,卖盘
224,14:40:10,17.57,--,125,220503,卖盘
225,14:40:05,17.57,--,51,91030,卖盘
226,14:40:00,17.57,--,106,186242,卖盘
227,14:39:55,17.57,-0.01,18,31626,中性盘
228,14:39:50,17.58,0.01,40,70320,买盘
229,14:39:45,17.57,0.01,12,21084,卖盘
230,14:39:40,17.56,-0.01,661,1161295,卖盘
231,14:39:35,17.57,-0.01,435,764295,卖盘
232,14:39:30,17.58,0.01,124,217991,买盘
233,14:39:25,17.57,--,58,102960,卖盘
234,14:39:20,17.57,-0.01,38,66766,卖盘
235,14:39:15,17.58,--,6,10547,买盘
236,14:39:10,17.58,--,231,406097,买盘
237,14:39:05,17.58,--,358,631069,卖盘
238,14:39:00,17.58,-0.01,10,17580,卖盘
239,14:38:54,17.59,0.01,123,216357,买盘
240,14:38:50,17.58,-0.01,10,17580,卖盘
241,14:38:45,17.59,--,19,33421,买盘
242,14:38:40,17.59,0.01,63,112259,买盘
243,14:38:35,17.58,-0.01,1050,1845899,卖盘
244,14:38:30,17.59,--,9,15831,买盘
245,14:38:24,17.59,0.01,84,148811,买盘
246,14:38:19,17.58,--,136,239087,卖盘
247,14:38:09,17.58,--,58,101963,卖盘
248,14:38:04,17.58,-0.01,519,912401,卖盘
249,14:37:54,17.59,--,16,28144,买盘
250,14:37:49,17.59,--,15,26385,买盘
251,14:37:39,17.59,-0.01,165,290235,卖盘
252,14:37:34,17.6,--,25,44545,买盘
253,14:37:29,17.6,--,298,525536,买盘
254,14:37:24,17.6,--,41,72160,买盘
255,14:37:19,17.6,--,15,26400,买盘
256,14:37:14,17.6,--,22,38720,买盘
257,14:37:09,17.6,--,279,492201,卖盘
258,14:37:04,17.6,-0.01,1573,2768937,卖盘
259,14:36:59,17.61,--,975,1716975,买盘
260,14:36:54,17.61,0.01,10,17610,买盘
261,14:36:49,17.6,--,325,572880,卖盘
262,14:36:44,17.6,--,4,7040,卖盘
263,14:36:39,17.6,-0.01,111,195360,卖盘
264,14:36:34,17.61,--,84,149368,买盘
265,14:36:29,17.61,0.01,20,35220,买盘
266,14:36:24,17.6,-0.01,163,286880,卖盘
267,14:36:19,17.61,0.01,32,56352,买盘
268,14:36:14,17.6,--,12,21120,卖盘
269,14:36:09,17.6,0.01,135,237600,中性盘
270,14:36:04,17.59,-0.02,1248,2195232,卖盘
271,14:35:59,17.61,0.01,7,12327,买盘
272,14:35:54,17.6,--,193,339680,卖盘
273,14:35:49,17.6,--,131,230560,卖盘
274,14:35:44,17.6,--,131,230560,卖盘
275,14:35:39,17.6,--,58,103136,卖盘
276,14:35:34,17.6,--,431,758560,卖盘
277,14:35:29,17.6,-0.01,422,742720,卖盘
278,14:35:24,17.61,0.01,882,1553378,买盘
279,14:35:19,17.6,--,23,40480,卖盘
280,14:35:14,17.6,-0.01,360,633600,卖盘
281,14:35:09,17.61,--,122,214842,买盘
282,14:35:04,17.61,0.01,142,250062,买盘
283,14:34:59,17.6,-0.01,1033,1818080,卖盘
284,14:34:54,17.61,--,9,15849,买盘
285,14:34:44,17.61,0.01,55,96855,买盘
286,14:34:39,17.6,-0.01,188,331161,卖盘
287,14:34:34,17.61,-0.01,911,1604271,卖盘
288,14:34:29,17.62,--,51,89862,买盘
289,14:34:24,17.62,--,10,17620,买盘
290,14:34:19,17.62,--,26,45812,卖盘
291,14:34:14,17.62,0.01,12,21144,卖盘
292,14:34:04,17.61,-0.01,387,682387,卖盘
293,14:33:59,17.62,-0.01,14,24668,卖盘
294,14:33:54,17.63,0.01,2,3526,买盘
295,14:33:49,17.62,--,15,27980,买盘
296,14:33:44,17.62,--,125,220426,卖盘
297,14:33:34,17.62,-0.01,55,96927,卖盘
298,14:33:29,17.63,-0.01,18,31734,卖盘
299,14:33:24,17.64,--,14,26442,买盘
300,14:33:19,17.64,-0.02,15,26460,卖盘
301,14:33:14,17.66,0.04,151,266666,买盘
302,14:33:09,17.62,-0.04,237,417594,卖盘
303,14:33:04,17.66,--,10,17660,买盘
304,14:32:59,17.66,0.03,40,70640,买盘
305,14:32:54,17.63,--,84,148092,卖盘
306,14:32:49,17.63,-0.03,38,66994,卖盘
307,14:32:44,17.66,0.03,18,31788,买盘
308,14:32:34,17.63,-0.05,1,1763,卖盘
309,14:32:29,17.68,0.05,20,35360,买盘
310,14:32:24,17.63,-0.05,24,42312,卖盘
311,14:32:18,17.68,-0.01,67,118456,中性盘
312,14:32:14,17.69,--,0,0,买盘
313,14:32:09,17.69,--,8,14152,买盘
314,14:32:03,17.69,--,15,26535,买盘
315,14:31:59,17.69,0.02,307,543083,买盘
316,14:31:53,17.67,0.04,30,53010,买盘
317,14:31:48,17.63,-0.06,101,179120,卖盘
318,14:31:44,17.69,0.01,223,394487,买盘
319,14:31:39,17.68,0.01,30,53040,买盘
320,14:31:33,17.67,--,135,238545,买盘
321,14:31:29,17.67,0.03,39,68913,买盘
322,14:31:23,17.64,-0.03,126,222264,中性盘
323,14:31:18,17.67,0.05,156,276182,买盘
324,14:31:13,17.62,-0.04,216,380592,卖盘
325,14:31:08,17.66,0.03,32,56512,买盘
326,14:31:03,17.63,-0.02,52,91676,卖盘
327,14:30:58,17.65,--,205,362707,买盘
328,14:30:53,17.65,--,93,164145,买盘
329,14:30:48,17.65,0.03,464,820018,买盘
330,14:30:43,17.62,-0.03,273,481026,卖盘
331,14:30:38,17.65,0.03,21,37065,买盘
332,14:30:33,17.62,-0.03,21,37002,卖盘
333,14:30:28,17.65,--,22,38830,买盘
334,14:30:23,17.65,0.02,14,24709,买盘
335,14:30:18,17.63,-0.02,104,183352,中性盘
336,14:30:13,17.65,--,79,139611,买盘
337,14:30:08,17.65,--,11,19415,买盘
338,14:30:03,17.65,--,52,91779,买盘
339,14:29:58,17.65,--,94,165910,买盘
340,14:29:53,17.65,--,28,49419,买盘
341,14:29:48,17.65,0.02,163,287695,买盘
342,14:29:43,17.63,-0.02,123,217906,卖盘
343,14:29:38,17.65,--,120,211799,买盘
344,14:29:33,17.65,0.02,25,44125,买盘
345,14:29:28,17.63,--,0,0,卖盘
346,14:29:23,17.63,--,124,219140,卖盘
347,14:29:18,17.63,-0.03,87,153381,卖盘
348,14:29:13,17.66,--,96,169536,买盘
349,14:29:03,17.66,--,6,10596,买盘
350,14:28:58,17.66,--,32,56512,买盘
351,14:28:53,17.66,--,0,0,买盘
352,14:28:48,17.66,-0.01,216,381456,买盘
353,14:28:43,17.67,0.03,224,395808,买盘
354,14:28:38,17.64,-0.03,23,40572,卖盘
355,14:28:28,17.67,0.05,117,206739,买盘
356,14:28:23,17.62,-0.05,129,227298,卖盘
357,14:28:17,17.67,0.05,149,263813,买盘
358,14:28:13,17.62,-0.03,396,697752,卖盘
359,14:27:58,17.65,0.01,14,24709,买盘
360,14:27:53,17.64,--,1,2363,卖盘
361,14:27:47,17.64,--,158,280070,卖盘
362,14:27:43,17.64,--,63,111132,卖盘
363,14:27:38,17.64,0.01,221,389985,买盘
364,14:27:32,17.63,--,131,231922,买盘
365,14:27:28,17.63,--,168,296571,买盘
366,14:27:23,17.63,--,21,37023,买盘
367,14:27:17,17.63,--,90,159463,卖盘
368,14:27:13,17.63,--,159,281286,卖盘
369,14:27:08,17.63,--,24,42312,卖盘
370,14:27:02,17.63,-0.01,12,21156,卖盘
371,14:26:58,17.64,--,62,110073,卖盘
372,14:26:53,17.64,-0.02,60,106898,卖盘
373,14:26:43,17.66,0.01,12,21192,买盘
374,14:26:38,17.65,-0.02,64,112959,卖盘
375,14:26:32,17.67,--,0,0,买盘
376,14:26:27,17.67,--,5,8835,买盘
377,14:26:23,17.67,--,10,17670,买盘
378,14:26:17,17.67,--,1,1767,买盘
379,14:26:13,17.67,-0.01,96,169632,卖盘
380,14:26:08,17.68,--,173,306571,卖盘
381,14:26:02,17.68,--,2,3536,卖盘
382,14:25:57,17.68,-0.01,10,17680,卖盘
383,14:25:53,17.69,0.01,1,1769,买盘
384,14:25:42,17.68,-0.01,129,229132,卖盘
385,14:25:38,17.69,0.01,34,60146,买盘
386,14:25:27,17.68,-0.02,11,19448,卖盘
387,14:25:23,17.7,0.03,375,664900,买盘
388,14:25:17,17.67,-0.01,1,1767,买盘
389,14:25:12,17.68,--,236,417248,买盘
390,14:25:07,17.68,--,46,81328,买盘
391,14:25:02,17.68,--,3,5304,买盘
392,14:24:57,17.68,0.06,5,8840,中性盘
393,14:24:53,17.62,-0.06,55,97967,卖盘
394,14:24:47,17.68,--,92,163540,买盘
395,14:24:42,17.68,0.05,23,40664,买盘
396,14:24:37,17.63,0.01,22,38786,卖盘
397,14:24:32,17.62,-0.06,19,33478,卖盘
398,14:24:27,17.68,0.07,724,1280032,买盘
399,14:24:22,17.61,--,42,74490,买盘
400,14:24:17,17.61,-0.01,28,49308,卖盘
401,14:24:12,17.62,--,28,49336,买盘
402,14:24:07,17.62,0.02,241,424642,买盘
403,14:24:02,17.6,-0.01,53,93280,卖盘
404,14:23:57,17.61,0.01,81,142641,买盘
405,14:23:52,17.6,-0.01,121,214262,卖盘
406,14:23:47,17.61,--,6,10566,买盘
407,14:23:42,17.61,--,70,123270,买盘
408,14:23:37,17.61,--,181,318741,买盘
409,14:23:32,17.61,0.01,144,253584,买盘
410,14:23:27,17.6,--,34,59840,卖盘
411,14:23:22,17.6,--,633,1115628,买盘
412,14:23:17,17.6,--,145,255200,买盘
413,14:23:12,17.6,0.01,212,373120,买盘
414,14:23:07,17.59,-0.01,155,272645,卖盘
415,14:23:02,17.6,--,307,540320,买盘
416,14:22:57,17.6,0.01,45,79200,买盘
417,14:22:52,17.59,--,26,45734,卖盘
418,14:22:47,17.59,--,116,205099,卖盘
419,14:22:42,17.59,--,43,75637,卖盘
420,14:22:37,17.59,--,111,195249,卖盘
421,14:22:27,17.59,--,140,246260,卖盘
422,14:22:22,17.59,--,163,287772,买盘
423,14:22:17,17.59,--,64,113103,买盘
424,14:22:12,17.59,--,26,45734,买盘
425,14:22:07,17.59,--,316,555844,买盘
426,14:22:02,17.59,--,7,12313,买盘
427,14:21:57,17.59,--,343,603337,买盘
428,14:21:52,17.59,--,75,131925,买盘
429,14:21:47,17.59,--,70,123130,买盘
430,14:21:42,17.59,--,134,236585,卖盘
431,14:21:37,17.59,-0.01,477,840450,卖盘
432,14:21:32,17.6,0.01,168,296278,买盘
433,14:21:26,17.59,-0.01,3,5277,卖盘
434,14:21:22,17.6,0.01,12,21120,买盘
435,14:21:17,17.59,-0.01,12,21108,卖盘
436,14:21:11,17.6,0.01,5,8800,买盘
437,14:21:07,17.59,-0.01,58,102022,卖盘
438,14:21:02,17.6,-0.01,1311,2308116,卖盘
439,14:20:56,17.61,-0.01,868,1529604,卖盘
440,14:20:52,17.62,--,33,58146,买盘
441,14:20:47,17.62,0.01,26,45812,买盘
442,14:20:41,17.61,--,24,42264,卖盘
443,14:20:37,17.61,--,3122,5497842,卖盘
444,14:20:32,17.61,-0.01,103,181383,卖盘
445,14:20:26,17.62,--,3,5286,买盘
446,14:20:22,17.62,0.01,26,45812,买盘
447,14:20:16,17.61,-0.01,92,162540,卖盘
448,14:20:11,17.62,0.01,19,33478,买盘
449,14:20:07,17.61,--,10,17610,卖盘
450,14:20:01,17.61,-0.01,582,1024902,卖盘
451,14:19:56,17.62,--,1,1762,买盘
452,14:19:51,17.62,--,520,916592,卖盘
453,14:19:46,17.62,--,761,1340882,卖盘
454,14:19:41,17.62,--,40,70480,卖盘
455,14:19:36,17.62,-0.01,395,697399,卖盘
456,14:19:31,17.63,0.01,1018,1794734,买盘
457,14:19:26,17.62,--,667,1175254,卖盘
458,14:19:21,17.62,--,101,177962,卖盘
459,14:19:16,17.62,--,12,21144,卖盘
460,14:19:11,17.62,-0.01,11,19382,卖盘
461,14:19:06,17.63,0.01,77,135751,买盘
462,14:19:01,17.62,-0.02,790,1391980,卖盘
463,14:18:56,17.64,0.01,2,3528,买盘
464,14:18:51,17.63,0.01,10,17630,卖盘
465,14:18:46,17.62,--,29,52155,卖盘
466,14:18:41,17.62,--,89,157699,卖盘
467,14:18:36,17.62,--,240,422880,卖盘
468,14:18:31,17.62,-0.01,1325,2334650,卖盘
469,14:18:26,17.63,--,1482,2612766,卖盘
470,14:18:21,17.63,-0.02,58,102782,卖盘
471,14:18:16,17.65,--,49,86485,卖盘
472,14:18:11,17.65,--,43,75895,卖盘
473,14:18:06,17.65,0.01,397,701181,买盘
474,14:18:01,17.64,--,329,580356,买盘
475,14:17:56,17.64,--,1147,2023537,卖盘
476,14:17:51,17.64,--,30,52920,卖盘
477,14:17:46,17.64,--,94,167209,卖盘
478,14:17:41,17.64,--,33,58212,卖盘
479,14:17:36,17.64,--,1,1764,卖盘
480,14:17:31,17.64,--,19,33516,卖盘
481,14:17:26,17.64,-0.01,104,183456,卖盘
482,14:17:21,17.65,0.01,233,411244,买盘
483,14:17:16,17.64,--,35,61740,卖盘
484,14:17:11,17.64,-0.01,16,28224,卖盘
485,14:17:06,17.65,--,1,1764,卖盘
486,14:17:01,17.65,--,5,8825,卖盘
487,14:16:56,17.65,-0.01,19,33535,卖盘
488,14:16:51,17.66,0.02,91,161235,买盘
489,14:16:46,17.64,-0.01,74,131947,卖盘
490,14:16:41,17.65,--,38,68305,卖盘
491,14:16:36,17.65,--,4,7059,卖盘
492,14:16:31,17.65,--,14,24709,卖盘
493,14:16:26,17.65,--,60,105899,卖盘
494,14:16:21,17.65,-0.01,17,30004,卖盘
495,14:16:16,17.66,0.01,57,101191,买盘
496,14:16:06,17.65,-0.01,36,63539,卖盘
497,14:16:01,17.66,--,11,19426,买盘
498,14:15:56,17.66,0.02,2,3532,买盘
499,14:15:51,17.64,--,10,17640,卖盘
500,14:15:46,17.64,--,59,105469,卖盘
501,14:15:41,17.64,-0.01,7,13441,卖盘
502,14:15:36,17.65,--,105,186878,买盘
503,14:15:26,17.65,0.01,1,1764,买盘
504,14:15:21,17.64,--,233,411012,卖盘
505,14:15:16,17.64,-0.02,258,455641,卖盘
506,14:15:11,17.66,--,15,26490,买盘
507,14:15:06,17.66,0.01,69,121854,买盘
508,14:15:01,17.65,--,51,90015,买盘
509,14:14:56,17.65,-0.01,12,21180,买盘
510,14:14:51,17.66,0.01,1015,1792490,买盘
511,14:14:46,17.65,--,2545,4493319,卖盘
512,14:14:36,17.65,-0.01,22,38830,卖盘
513,14:14:31,17.66,--,148,261368,买盘
514,14:14:26,17.66,--,19,33554,买盘
515,14:14:21,17.66,--,12,21192,买盘
516,14:14:16,17.66,--,324,572731,卖盘
517,14:14:06,17.66,--,1,1766,卖盘
518,14:14:01,17.66,--,17,30022,卖盘
519,14:13:56,17.66,-0.01,343,605738,卖盘
520,14:13:46,17.67,0.01,27,47709,买盘
521,14:13:41,17.66,--,13,22958,卖盘
522,14:13:35,17.66,--,17,30022,卖盘
523,14:13:31,17.66,-0.02,80,141280,卖盘
524,14:13:16,17.68,--,7,12376,卖盘
525,14:13:10,17.68,--,3,5304,卖盘
526,14:13:01,17.68,-0.01,2,3536,卖盘
527,14:12:56,17.69,0.04,94,167329,买盘
528,14:12:50,17.65,-0.01,200,353000,卖盘
529,14:12:45,17.66,--,36,63576,买盘
530,14:12:40,17.66,-0.01,119,210507,卖盘
531,14:12:35,17.67,0.01,3,5831,买盘
532,14:12:30,17.66,-0.01,132,233995,卖盘
533,14:12:25,17.67,-0.02,9,15903,买盘
534,14:12:15,17.69,0.04,20,35380,买盘
535,14:12:10,17.65,-0.03,2082,3674729,卖盘
536,14:12:00,17.68,0.03,84,149908,买盘
537,14:11:55,17.65,-0.01,79,139435,卖盘
538,14:11:50,17.66,-0.02,65,114790,卖盘
539,14:11:45,17.68,0.03,3,5304,买盘
540,14:11:40,17.65,--,2065,3644724,卖盘
541,14:11:35,17.65,-0.02,57,101328,卖盘
542,14:11:30,17.67,0.01,6,10602,买盘
543,14:11:25,17.66,-0.01,108,191769,卖盘
544,14:11:20,17.67,0.01,8,14136,买盘
545,14:11:15,17.66,--,47,83531,卖盘
546,14:11:10,17.66,--,216,381456,卖盘
547,14:11:05,17.66,0.01,80,141474,买盘
548,14:11:00,17.65,--,7,12354,卖盘
549,14:10:55,17.65,-0.01,373,659739,卖盘
550,14:10:50,17.66,0.01,3,5298,买盘
551,14:10:45,17.65,-0.01,12,21180,卖盘
552,14:10:40,17.66,0.01,68,120088,买盘
553,14:10:35,17.65,-0.01,3625,6398124,卖盘
554,14:10:30,17.66,--,26,45916,买盘
555,14:10:25,17.66,--,15,26490,买盘
556,14:10:20,17.66,--,105,185430,买盘
557,14:10:15,17.66,--,51,90066,买盘
558,14:10:10,17.66,--,45,79470,买盘
559,14:10:05,17.66,--,32,56512,买盘
560,14:10:00,17.66,-0.01,357,630462,卖盘
561,14:09:55,17.67,--,21,38078,买盘
562,14:09:50,17.67,--,335,591945,买盘
563,14:09:45,17.67,--,9,15903,买盘
564,14:09:40,17.67,--,35,61845,买盘
565,14:09:35,17.67,--,14,24738,买盘
566,14:09:30,17.67,--,402,711129,卖盘
567,14:09:25,17.67,-0.01,104,184651,卖盘
568,14:09:20,17.68,0.01,43,76024,买盘
569,14:09:15,17.67,-0.01,82,145424,卖盘
570,14:09:10,17.68,0.01,10,17680,买盘
571,14:09:05,17.67,-0.01,258,457211,买盘
572,14:09:00,17.68,0.01,2099,3711032,买盘
573,14:08:55,17.67,--,2,3534,卖盘
574,14:08:50,17.67,--,37,65538,买盘
575,14:08:45,17.67,--,21,37107,买盘
576,14:08:40,17.67,--,24,42408,买盘
577,14:08:35,17.67,--,57,100719,买盘
578,14:08:30,17.67,-0.01,1377,2434766,卖盘
579,14:08:25,17.68,--,7,12376,买盘
580,14:08:20,17.68,--,4,7072,买盘
581,14:08:15,17.68,--,221,391258,买盘
582,14:08:10,17.68,0.01,2,3536,买盘
583,14:08:05,17.67,-0.01,32,56544,卖盘
584,14:08:00,17.68,0.01,57,102172,买盘
585,14:07:55,17.67,-0.01,388,685596,卖盘
586,14:07:50,17.68,--,62,109616,卖盘
587,14:07:40,17.68,0.01,43,76024,买盘
588,14:07:35,17.67,--,4,7068,卖盘
589,14:07:30,17.67,-0.01,65,114855,卖盘
590,14:07:25,17.68,--,748,1323082,卖盘
591,14:07:15,17.68,--,6,10608,卖盘
592,14:07:10,17.68,-0.01,12,21216,卖盘
593,14:07:00,17.69,--,38,67222,买盘
594,14:06:55,17.69,-0.01,1018,1801726,卖盘
595,14:06:40,17.7,0.01,49,86730,买盘
596,14:06:35,17.69,-0.01,2,3538,卖盘
597,14:06:30,17.7,--,34,60180,买盘
598,14:06:25,17.7,0.01,103,183195,买盘
599,14:06:20,17.69,-0.01,104,185338,卖盘
600,14:06:04,17.7,--,28,49560,卖盘
601,14:05:59,17.7,--,44,79278,卖盘
602,14:05:54,17.7,--,765,1354421,卖盘
603,14:05:49,17.7,--,775,1371750,卖盘
604,14:05:44,17.7,--,20,35400,卖盘
605,14:05:35,17.7,--,1,1770,卖盘
606,14:05:29,17.7,--,2,3540,卖盘
607,14:05:19,17.7,--,14,24780,卖盘
608,14:05:14,17.7,-0.04,44,78411,卖盘
609,14:05:09,17.74,--,8,14191,买盘
610,14:05:04,17.74,0.03,54,97197,买盘
611,14:04:54,17.71,0.01,11,19481,卖盘
612,14:04:49,17.7,-0.01,2585,4575450,卖盘
613,14:04:39,17.71,0.01,141,250047,买盘
614,14:04:34,17.7,-0.01,1,1770,卖盘
615,14:04:29,17.71,0.01,8,14168,买盘
616,14:04:24,17.7,--,33,58410,卖盘
617,14:04:19,17.7,-0.01,4,7080,卖盘
618,14:04:09,17.71,--,2,3542,买盘
619,14:04:04,17.71,-0.04,11,21092,卖盘
620,14:03:54,17.75,0.05,103,182984,买盘
621,14:03:49,17.7,-0.01,1661,2939970,卖盘
622,14:03:39,17.71,--,9,15939,卖盘
623,14:03:34,17.71,-0.01,39,69069,卖盘
624,14:03:29,17.72,0.01,4,7088,买盘
625,14:03:24,17.71,--,8,15389,卖盘
626,14:03:19,17.71,--,92,164366,卖盘
627,14:03:04,17.71,-0.04,39,69069,卖盘
628,14:02:49,17.75,--,9,15975,买盘
629,14:02:44,17.75,--,644,1144484,卖盘
630,14:02:39,17.75,--,20,35500,卖盘
631,14:02:34,17.75,-0.01,1,1775,卖盘
632,14:02:24,17.76,--,20,35520,买盘
633,14:02:19,17.76,0.01,8,14208,买盘
634,14:02:14,17.75,--,16,28400,卖盘
635,14:02:09,17.75,--,91,161702,卖盘
636,14:01:59,17.75,0.03,248,440413,买盘
637,14:01:49,17.72,--,0,0,卖盘
638,14:01:44,17.72,0.01,2,3544,卖盘
639,14:01:39,17.71,--,0,0,卖盘
640,14:01:34,17.71,--,18,31878,卖盘
641,14:01:29,17.71,-0.04,5,8855,卖盘
642,14:01:23,17.75,0.04,9,15975,买盘
643,14:01:19,17.71,--,0,0,卖盘
644,14:01:09,17.71,-0.04,2213,3920958,卖盘
645,14:01:04,17.75,-0.01,26,46150,卖盘
646,14:00:54,17.76,0.01,8,14208,买盘
647,14:00:49,17.75,--,50,88750,卖盘
648,14:00:39,17.75,--,217,385175,卖盘
649,14:00:34,17.75,--,29,51475,卖盘
650,14:00:24,17.75,--,270,479250,卖盘
651,14:00:19,17.75,--,36,63900,卖盘
652,14:00:13,17.75,0.03,227,402960,买盘
653,14:00:09,17.72,--,2326,4121671,买盘
654,14:00:04,17.72,--,10,17720,买盘
655,13:59:49,17.72,--,11,19492,买盘
656,13:59:39,17.72,--,134,238458,卖盘
657,13:59:33,17.72,--,150,265800,卖盘
658,13:59:28,17.72,--,0,0,卖盘
659,13:59:24,17.72,-0.04,61,108092,卖盘
660,13:59:18,17.76,--,22,39072,卖盘
661,13:59:08,17.76,0.01,760,1350878,买盘
662,13:59:03,17.75,-0.01,5,8875,中性盘
663,13:58:58,17.76,0.04,1,1776,买盘
664,13:58:48,17.72,-0.02,107,189604,卖盘
665,13:58:43,17.74,--,53,95121,买盘
666,13:58:38,17.74,-0.01,362,642862,卖盘
667,13:58:33,17.75,-0.01,56,99932,卖盘
668,13:58:28,17.76,0.01,9,15984,买盘
669,13:58:23,17.75,-0.01,6,10650,卖盘
670,13:58:18,17.76,0.01,105,186480,买盘
671,13:58:13,17.75,--,9,15975,卖盘
672,13:58:08,17.75,--,128,227200,卖盘
673,13:58:03,17.75,-0.01,128,227200,卖盘
674,13:57:58,17.76,0.01,72,127872,买盘
675,13:57:53,17.75,0.02,1256,2229968,买盘
676,13:57:48,17.73,--,1,1773,买盘
677,13:57:38,17.73,-0.01,662,1174931,卖盘
678,13:57:33,17.74,--,30,53787,卖盘
679,13:57:28,17.74,--,28,49671,卖盘
680,13:57:18,17.74,--,129,228845,卖盘
681,13:57:13,17.74,--,3,5321,买盘
682,13:57:08,17.74,0.01,1,1773,买盘
683,13:57:03,17.73,--,4,7092,卖盘
684,13:56:58,17.73,-0.02,371,657783,卖盘
685,13:56:48,17.75,--,2,3550,买盘
686,13:56:43,17.75,--,14,24850,卖盘
687,13:56:38,17.75,--,912,1618800,卖盘
688,13:56:33,17.75,0.01,1083,1922325,买盘
689,13:56:28,17.74,--,2,3547,买盘
690,13:56:23,17.74,0.01,18,31931,买盘
691,13:56:18,17.73,-0.01,1,1773,卖盘
692,13:56:13,17.74,--,1,1773,买盘
693,13:56:08,17.74,0.01,1,1773,买盘
694,13:56:03,17.73,-0.03,138,244674,卖盘
695,13:55:58,17.76,0.01,238,422688,买盘
696,13:55:53,17.75,--,8,14200,买盘
697,13:55:47,17.75,--,111,197025,买盘
698,13:55:32,17.75,--,1627,2888688,卖盘
699,13:55:28,17.75,--,1155,2051136,买盘
700,13:55:23,17.75,0.01,8,14200,买盘
701,13:55:18,17.74,--,374,665161,买盘
702,13:55:13,17.74,--,1,1773,买盘
703,13:55:02,17.74,--,296,525104,卖盘
704,13:54:58,17.74,--,544,965055,卖盘
705,13:54:53,17.74,-0.01,500,886999,卖盘
706,13:54:48,17.75,--,1,1775,买盘
707,13:54:43,17.75,--,202,358550,买盘
708,13:54:38,17.75,-0.01,1,2538,卖盘
709,13:54:33,17.76,0.01,921,1635696,买盘
710,13:54:28,17.75,--,914,1622350,卖盘
711,13:54:23,17.75,-0.01,10,17750,卖盘
712,13:54:17,17.76,--,3,5328,买盘
713,13:54:13,17.76,0.01,10,17760,买盘
714,13:54:07,17.75,-0.01,80,142000,卖盘
715,13:54:02,17.76,--,8,14208,买盘
716,13:53:58,17.76,0.01,7,12432,买盘
717,13:53:52,17.75,--,10,17750,卖盘
718,13:53:47,17.75,--,1276,2265911,买盘
719,13:53:42,17.75,--,243,431325,买盘
720,13:53:38,17.75,--,18,31950,买盘
721,13:53:33,17.75,--,1,1775,买盘
722,13:53:27,17.75,--,1490,2644803,卖盘
723,13:53:18,17.75,-0.01,2,3550,卖盘
724,13:53:12,17.76,0.01,246,436896,买盘
725,13:53:07,17.75,--,273,486296,买盘
726,13:53:03,17.75,0.02,21,37275,买盘
727,13:52:56,17.73,-0.01,48,85104,卖盘
728,13:52:52,17.74,-0.01,1,1773,卖盘
729,13:52:47,17.75,--,1,1775,买盘
730,13:52:41,17.75,0.01,1,1775,买盘
731,13:52:33,17.74,-0.01,2,3547,卖盘
732,13:52:26,17.75,--,1200,2130053,卖盘
733,13:52:22,17.75,--,5,8875,卖盘
734,13:52:17,17.75,-0.01,79,140225,卖盘
735,13:52:11,17.76,--,1,1776,买盘
736,13:52:07,17.76,0.01,1,1776,买盘
737,13:52:03,17.75,-0.01,285,505875,卖盘
738,13:51:56,17.76,0.01,882,1568154,买盘
739,13:51:52,17.75,--,1,1775,买盘
740,13:51:47,17.75,--,100,177500,买盘
741,13:51:42,17.75,0.01,18,31950,买盘
742,13:51:32,17.74,-0.01,4,7095,卖盘
743,13:51:26,17.75,--,3,5325,买盘
744,13:51:22,17.75,--,1478,2625171,卖盘
745,13:51:17,17.75,-0.01,29,51475,卖盘
746,13:51:12,17.76,0.01,1,1776,买盘
747,13:51:07,17.75,--,6,10650,卖盘
748,13:51:02,17.75,--,0,1047,卖盘
749,13:50:56,17.75,--,6,10650,卖盘
750,13:50:52,17.75,--,302,536050,卖盘
751,13:50:47,17.75,-0.01,11,19525,卖盘
752,13:50:41,17.76,--,1,1776,买盘
753,13:50:37,17.76,0.01,4,7104,买盘
754,13:50:27,17.75,0.02,210,373531,买盘
755,13:50:22,17.73,-0.02,31,54963,卖盘
756,13:50:17,17.75,--,18,31950,买盘
757,13:50:11,17.75,--,6,10650,买盘
758,13:50:07,17.75,--,1,1775,买盘
759,13:50:02,17.75,--,35,62125,买盘
760,13:49:56,17.75,--,2,3550,买盘
761,13:49:52,17.75,-0.01,952,1690794,卖盘
762,13:49:41,17.76,--,1,1776,买盘
763,13:49:37,17.76,0.01,516,916416,买盘
764,13:49:22,17.75,--,271,481025,卖盘
765,13:49:17,17.75,0.01,315,559906,买盘
766,13:49:11,17.74,--,1,1773,买盘
767,13:49:07,17.74,--,19,33706,买盘
768,13:49:02,17.74,--,46,81604,买盘
769,13:48:56,17.74,0.02,2,3547,买盘
770,13:48:52,17.72,-0.03,313,555628,卖盘
771,13:48:47,17.75,-0.01,112,198800,卖盘
772,13:48:41,17.76,0.01,1,1776,买盘
773,13:48:37,17.75,-0.01,4,7100,卖盘
774,13:48:26,17.76,--,3,5328,买盘
775,13:48:22,17.76,--,160,284160,买盘
776,13:48:11,17.76,--,25,44400,买盘
777,13:48:07,17.76,--,7,12432,买盘
778,13:47:56,17.76,0.01,9,15984,买盘
779,13:47:52,17.75,-0.01,348,617700,卖盘
780,13:47:47,17.76,--,3,5328,买盘
781,13:47:41,17.76,--,7,12432,买盘
782,13:47:37,17.76,0.01,2,3552,买盘
783,13:47:32,17.75,-0.01,2,3550,卖盘
784,13:47:26,17.76,--,52,92352,买盘
785,13:47:22,17.76,0.01,10,17760,买盘
786,13:47:17,17.75,-0.01,1266,2247150,卖盘
787,13:47:11,17.76,0.01,56,100237,买盘
788,13:47:07,17.75,0.03,39,70645,买盘
789,13:47:01,17.72,--,22,38984,买盘
790,13:46:56,17.72,--,3,5316,买盘
791,13:46:51,17.72,--,13,23036,买盘
792,13:46:41,17.72,--,3,5316,买盘
793,13:46:36,17.72,--,131,232131,买盘
794,13:46:32,17.72,-0.03,336,595746,卖盘
795,13:46:26,17.75,-0.01,2,3550,卖盘
796,13:46:22,17.76,--,23,40848,买盘
797,13:46:17,17.76,0.04,15,26640,买盘
798,13:46:11,17.72,--,0,0,卖盘
799,13:46:05,17.72,-0.04,28,49616,卖盘
800,13:46:02,17.76,--,12,21312,买盘
801,13:45:56,17.76,--,0,0,买盘
802,13:45:50,17.76,--,9,15984,买盘
803,13:45:41,17.76,-0.01,271,481296,中性盘
804,13:45:35,17.77,0.02,15,26655,买盘
805,13:45:31,17.75,-0.02,58,102950,卖盘
806,13:45:26,17.77,--,1,1777,买盘
807,13:45:20,17.77,0.01,121,215017,买盘
808,13:45:11,17.76,-0.01,11,19536,卖盘
809,13:45:05,17.77,--,119,211463,买盘
810,13:44:56,17.77,0.01,4,7108,买盘
811,13:44:50,17.76,-0.01,100,177600,卖盘
812,13:44:41,17.77,--,28,49756,买盘
813,13:44:35,17.77,--,2,3554,买盘
814,13:44:26,17.77,0.01,11,19547,买盘
815,13:44:20,17.76,-0.01,3,5328,卖盘
816,13:44:11,17.77,--,269,478013,买盘
817,13:44:05,17.77,--,2,3554,买盘
818,13:44:01,17.77,--,127,225679,买盘
819,13:43:56,17.77,--,17,30209,买盘
820,13:43:46,17.77,--,1,1777,买盘
821,13:43:41,17.77,--,6,10662,买盘
822,13:43:35,17.77,0.01,994,1766338,买盘
823,13:43:31,17.76,-0.01,8,14208,卖盘
824,13:43:26,17.77,--,1,1777,买盘
825,13:43:20,17.77,--,18,31986,买盘
826,13:43:16,17.77,0.01,1,1777,买盘
827,13:43:11,17.76,-0.01,7,12432,卖盘
828,13:43:05,17.77,0.02,276,490452,买盘
829,13:43:01,17.75,-0.01,2,3550,卖盘
830,13:42:56,17.76,--,1,1776,买盘
831,13:42:50,17.76,--,8,14208,买盘
832,13:42:46,17.76,--,81,144388,卖盘
833,13:42:41,17.76,--,1,1776,卖盘
834,13:42:35,17.76,--,2,3552,卖盘
835,13:42:31,17.76,0.01,982,1745275,买盘
836,13:42:20,17.75,-0.01,284,504100,卖盘
837,13:42:16,17.76,0.01,1,1776,买盘
838,13:42:10,17.75,--,1,1775,卖盘
839,13:42:05,17.75,--,239,424225,卖盘
840,13:42:01,17.75,-0.01,17,30175,卖盘
841,13:41:56,17.76,0.01,1,1776,买盘
842,13:41:50,17.75,--,308,546700,卖盘
843,13:41:46,17.75,-0.01,120,213000,卖盘
844,13:41:35,17.76,--,11,19536,买盘
845,13:41:31,17.76,0.01,5,8880,买盘
846,13:41:26,17.75,--,285,505875,卖盘
847,13:41:20,17.75,-0.01,11,19525,卖盘
848,13:41:16,17.76,--,2,3552,买盘
849,13:41:05,17.76,--,2,3552,买盘
850,13:41:01,17.76,--,1097,1948272,买盘
851,13:40:56,17.76,0.01,1,1776,买盘
852,13:40:46,17.75,--,102,182203,卖盘
853,13:40:41,17.75,-0.01,104,184600,卖盘
854,13:40:35,17.76,0.01,16,28416,买盘
855,13:40:31,17.75,-0.01,284,504100,卖盘
856,13:40:26,17.76,--,1,1776,买盘
857,13:40:16,17.76,0.01,2,3552,买盘
858,13:40:11,17.75,-0.01,1,1775,卖盘
859,13:40:05,17.76,--,55,97680,买盘
860,13:40:01,17.76,0.01,9,15984,买盘
861,13:39:56,17.75,-0.01,20,35500,卖盘
862,13:39:50,17.76,--,1,1776,买盘
863,13:39:46,17.76,--,6,10656,买盘
864,13:39:41,17.76,--,130,230880,买盘
865,13:39:35,17.76,--,22,39072,买盘
866,13:39:31,17.76,0.01,1,1776,买盘
867,13:39:25,17.75,-0.01,284,504100,卖盘
868,13:39:20,17.76,--,46,81696,买盘
869,13:39:16,17.76,0.01,1,1776,买盘
870,13:39:10,17.75,-0.01,6,10650,卖盘
871,13:39:05,17.76,0.01,2,3552,买盘
872,13:39:01,17.75,-0.01,1,1775,卖盘
873,13:38:50,17.76,--,19,33744,买盘
874,13:38:45,17.76,0.01,15,27528,买盘
875,13:38:40,17.75,-0.01,1,1775,卖盘
876,13:38:35,17.76,0.01,1,1776,买盘
877,13:38:31,17.75,--,287,509425,卖盘
878,13:38:25,17.75,-0.01,15,26625,卖盘
879,13:38:20,17.76,--,1,1776,买盘
880,13:38:14,17.76,0.01,4,7104,买盘
881,13:38:10,17.75,-0.01,1,1775,卖盘
882,13:38:05,17.76,--,2,3552,买盘
883,13:37:50,17.76,--,1,1776,买盘
884,13:37:44,17.76,0.01,10,17760,买盘
885,13:37:40,17.75,--,63,112978,卖盘
886,13:37:35,17.75,-0.01,2,3550,卖盘
887,13:37:20,17.76,--,7,12432,买盘
888,13:37:14,17.76,--,3,5328,买盘
889,13:37:05,17.76,--,20,35520,买盘
890,13:36:59,17.76,0.01,1,1776,买盘
891,13:36:55,17.75,-0.01,7,12425,卖盘
892,13:36:50,17.76,--,9,15984,买盘
893,13:36:44,17.76,0.01,9,15984,买盘
894,13:36:35,17.75,0.03,933,1656075,买盘
895,13:36:29,17.72,0.01,23,40756,买盘
896,13:36:25,17.71,-0.01,2,3542,卖盘
897,13:36:20,17.72,--,31,54932,买盘
898,13:36:14,17.72,0.01,5,8860,中性盘
899,13:36:05,17.71,-0.02,13,23023,卖盘
900,13:35:59,17.73,0.01,55,97515,买盘
901,13:35:50,17.72,--,1,1772,买盘
902,13:35:44,17.72,--,1,1772,买盘
903,13:35:34,17.72,-0.04,246,436532,卖盘
904,13:35:29,17.76,--,110,195360,买盘
905,13:35:25,17.76,0.01,10,17760,买盘
906,13:35:19,17.75,--,37,65675,卖盘
907,13:35:14,17.75,--,3,5325,卖盘
908,13:35:10,17.75,-0.01,3,5325,卖盘
909,13:35:04,17.76,--,1,1776,买盘
910,13:34:55,17.76,0.01,55,97680,买盘
911,13:34:49,17.75,-0.01,1,1775,卖盘
912,13:34:44,17.76,0.01,12,21312,买盘
913,13:34:40,17.75,--,80,143153,卖盘
914,13:34:34,17.75,-0.01,3,5325,卖盘
915,13:34:29,17.76,0.01,7,12432,买盘
916,13:34:25,17.75,--,2012,3571300,卖盘
917,13:34:19,17.75,-0.01,6,10650,卖盘
918,13:34:14,17.76,--,1,1776,买盘
919,13:34:10,17.76,--,1,1776,买盘
920,13:34:04,17.76,--,3,5328,买盘
921,13:33:55,17.76,--,1,1776,买盘
922,13:33:44,17.76,--,9,15984,买盘
923,13:33:34,17.76,0.01,7,12432,买盘
924,13:33:29,17.75,-0.01,29,51475,卖盘
925,13:33:25,17.76,--,328,582528,买盘
926,13:33:14,17.76,--,2,3552,买盘
927,13:33:10,17.76,-0.01,152,269952,卖盘
928,13:33:04,17.77,--,1,1777,买盘
929,13:32:59,17.77,--,1,1777,买盘
930,13:32:54,17.77,0.01,1,1777,买盘
931,13:32:44,17.76,--,18,31968,买盘
932,13:32:39,17.76,0.01,22,39072,买盘
933,13:32:34,17.75,--,2,3550,卖盘
934,13:32:29,17.75,--,316,560900,卖盘
935,13:32:25,17.75,-0.01,2,3550,卖盘
936,13:32:14,17.76,--,60,106560,买盘
937,13:32:04,17.76,--,230,408480,买盘
938,13:31:59,17.76,--,7,12432,买盘
939,13:31:55,17.76,0.02,1,1776,买盘
940,13:31:44,17.74,--,35,62089,卖盘
941,13:31:39,17.74,0.03,210,372539,买盘
942,13:31:34,17.71,--,511,904981,卖盘
943,13:31:29,17.71,--,0,0,卖盘
944,13:31:24,17.71,-0.04,489,866019,卖盘
945,13:31:19,17.75,-0.01,1,1775,卖盘
946,13:31:14,17.76,0.01,10,17760,买盘
947,13:31:09,17.75,--,331,587525,卖盘
948,13:31:04,17.75,--,1001,1776775,卖盘
949,13:30:59,17.75,-0.01,20,35500,卖盘
950,13:30:54,17.76,--,4,7104,买盘
951,13:30:44,17.76,0.01,1,1776,买盘
952,13:30:34,17.75,-0.01,2,3550,中性盘
953,13:30:29,17.76,--,9,15984,买盘
954,13:30:24,17.76,0.01,15,26640,买盘
955,13:30:14,17.75,--,606,1075650,买盘
956,13:30:08,17.75,--,1,1775,买盘
957,13:30:04,17.75,0.02,27,47925,买盘
958,13:29:59,17.73,-0.02,278,492894,卖盘
959,13:29:53,17.75,--,17,30175,买盘
960,13:29:44,17.75,--,2,3550,买盘
961,13:29:38,17.75,-0.01,502,891050,卖盘
962,13:29:34,17.76,--,62,110112,买盘
963,13:29:29,17.76,--,8,14208,买盘
964,13:29:23,17.76,0.01,2,3552,买盘
965,13:29:14,17.75,--,6,10650,卖盘
966,13:29:08,17.75,--,42,74550,卖盘
967,13:28:59,17.75,0.03,659,1169725,买盘
968,13:28:53,17.72,-0.01,178,315416,卖盘
969,13:28:44,17.73,--,5,8865,买盘
970,13:28:38,17.73,--,54,95742,买盘
971,13:28:34,17.73,-0.01,634,1124277,卖盘
972,13:28:29,17.74,--,526,934081,买盘
973,13:28:23,17.74,0.01,1,1773,买盘
974,13:28:19,17.73,-0.01,1,1773,卖盘
975,13:28:14,17.74,--,2,3547,买盘
976,13:28:08,17.74,-0.01,64,113535,买盘
977,13:28:04,17.75,-0.01,7,12425,卖盘
978,13:27:59,17.76,--,127,226937,买盘
979,13:27:53,17.76,--,7,12432,买盘
980,13:27:43,17.76,0.01,15,26640,买盘
981,13:27:38,17.75,--,54,96240,卖盘
982,13:27:34,17.75,-0.01,694,1231850,卖盘
983,13:27:28,17.76,0.01,50,88800,买盘
984,13:27:23,17.75,--,4,7100,卖盘
985,13:27:19,17.75,-0.01,46,81650,卖盘
986,13:27:13,17.76,--,6,10656,买盘
987,13:27:08,17.76,--,35,62160,买盘
988,13:27:04,17.76,0.01,1,1776,买盘
989,13:26:53,17.75,-0.01,13,23075,卖盘
990,13:26:49,17.76,--,50,88800,买盘
991,13:26:43,17.76,--,40,71040,买盘
992,13:26:38,17.76,0.01,2,3552,买盘
993,13:26:34,17.75,-0.01,3,5325,卖盘
994,13:26:23,17.76,0.01,20,35520,买盘
995,13:26:19,17.75,-0.01,48,85200,卖盘
996,13:26:13,17.76,0.01,1,1776,买盘
997,13:26:08,17.75,-0.01,5,8875,卖盘
998,13:26:04,17.76,0.01,1,1776,买盘
999,13:25:58,17.75,-0.01,84,149100,卖盘
1000,13:25:53,17.76,--,1,1776,买盘
1001,13:25:48,17.76,--,24,42624,买盘
1002,13:25:43,17.76,0.01,8,14208,买盘
1003,13:25:38,17.75,--,125,221875,卖盘
1004,13:25:33,17.75,-0.01,536,951400,卖盘
1005,13:25:23,17.76,0.01,64,114818,买盘
1006,13:25:18,17.75,-0.01,4,7100,卖盘
1007,13:25:13,17.76,0.01,1,1776,买盘
1008,13:25:08,17.75,-0.01,2,3550,卖盘
1009,13:25:03,17.76,0.01,19,33744,买盘
1010,13:24:58,17.75,-0.01,100,177500,卖盘
1011,13:24:53,17.76,--,2,3552,买盘
1012,13:24:48,17.76,0.01,1,1776,买盘
1013,13:24:43,17.75,-0.01,151,268025,卖盘
1014,13:24:38,17.76,0.01,18,31968,买盘
1015,13:24:33,17.75,--,2,3550,卖盘
1016,13:24:18,17.75,-0.01,204,362100,卖盘
1017,13:24:13,17.76,--,18,31968,买盘
1018,13:24:03,17.76,0.01,4,7104,买盘
1019,13:23:58,17.75,-0.02,124,220100,卖盘
1020,13:23:53,17.77,0.01,75,133275,买盘
1021,13:23:48,17.76,-0.01,21,37296,卖盘
1022,13:23:38,17.77,0.02,25,44425,买盘
1023,13:23:33,17.75,--,283,502325,卖盘
1024,13:23:23,17.75,-0.01,100,177500,卖盘
1025,13:23:18,17.76,--,523,929078,买盘
1026,13:23:13,17.76,--,7,12432,买盘
1027,13:23:08,17.76,--,12,21312,买盘
1028,13:23:03,17.76,--,23,40848,买盘
1029,13:22:58,17.76,--,4,7104,买盘
1030,13:22:53,17.76,0.01,116,206016,买盘
1031,13:22:43,17.75,--,25,44375,卖盘
1032,13:22:38,17.75,-0.01,11,19525,卖盘
1033,13:22:32,17.76,--,4,7104,买盘
1034,13:22:23,17.76,0.01,154,273504,买盘
1035,13:22:17,17.75,--,93,166228,卖盘
1036,13:22:13,17.75,--,10,17750,卖盘
1037,13:22:08,17.75,-0.01,22,39050,卖盘
1038,13:22:02,17.76,0.01,10,17760,买盘
1039,13:21:47,17.75,-0.01,118,209450,卖盘
1040,13:21:43,17.76,--,411,730557,卖盘
1041,13:21:38,17.76,-0.01,2,3552,卖盘
1042,13:21:32,17.77,0.01,9,15993,买盘
1043,13:21:28,17.76,-0.01,196,348096,卖盘
1044,13:21:23,17.77,0.01,1,1777,买盘
1045,13:21:08,17.76,--,13,23088,卖盘
1046,13:21:02,17.76,-0.01,3,5328,卖盘
1047,13:20:47,17.77,0.01,1,1777,买盘
1048,13:20:43,17.76,--,2,3552,卖盘
1049,13:20:38,17.76,--,42,74592,卖盘
1050,13:20:32,17.76,-0.01,2,3552,卖盘
1051,13:20:23,17.77,0.01,1,1777,买盘
1052,13:20:17,17.76,-0.01,10,17760,卖盘
1053,13:20:13,17.77,0.01,1,1777,买盘
1054,13:20:08,17.76,-0.01,2,3552,卖盘
1055,13:19:52,17.77,--,1,1777,买盘
1056,13:19:37,17.77,0.01,1,1777,买盘
1057,13:19:32,17.76,-0.01,17,30192,卖盘
1058,13:19:28,17.77,0.01,20,35540,买盘
1059,13:19:22,17.76,--,3,7050,卖盘
1060,13:19:17,17.76,-0.02,60,107767,卖盘
1061,13:19:13,17.78,--,230,408940,买盘
1062,13:19:07,17.78,--,80,142240,买盘
1063,13:18:58,17.78,--,123,218694,卖盘
1064,13:18:52,17.78,--,1,1778,卖盘
1065,13:18:47,17.78,0.02,59,104902,买盘
1066,13:18:42,17.76,-0.02,9,15984,卖盘
1067,13:18:37,17.78,0.02,1,1778,买盘
1068,13:18:32,17.76,-0.03,1,1776,卖盘
1069,13:18:17,17.79,0.01,10,17790,买盘
1070,13:18:12,17.78,--,0,0,中性盘
1071,13:18:07,17.78,--,120,213360,卖盘
1072,13:18:02,17.78,0.01,186,330708,买盘
1073,13:17:57,17.77,--,68,120836,买盘
1074,13:17:47,17.77,--,0,0,买盘
1075,13:17:37,17.77,0.02,3,5331,买盘
1076,13:17:32,17.75,-0.02,1,1775,卖盘
1077,13:17:27,17.77,--,1,1777,买盘
1078,13:17:22,17.77,--,13,23101,买盘
1079,13:17:02,17.77,0.02,1,1777,买盘
1080,13:16:52,17.75,--,2,3550,卖盘
1081,13:16:47,17.75,-0.01,24,42600,卖盘
1082,13:16:42,17.76,--,15,26640,买盘
1083,13:16:37,17.76,0.01,30,53280,买盘
1084,13:16:32,17.75,-0.01,12,21300,卖盘
1085,13:16:27,17.76,--,2,3552,买盘
1086,13:16:17,17.76,--,67,120146,买盘
1087,13:16:12,17.76,--,92,163392,买盘
1088,13:16:07,17.76,--,23,40848,买盘
1089,13:16:02,17.76,--,1,1776,买盘
1090,13:15:57,17.76,--,33,58608,买盘
1091,13:15:52,17.76,0.01,35,62160,卖盘
1092,13:15:42,17.75,--,0,0,卖盘
1093,13:15:37,17.75,--,2,3550,卖盘
1094,13:15:32,17.75,-0.03,4,7100,卖盘
1095,13:15:27,17.78,--,2,3556,买盘
1096,13:15:22,17.78,--,13,23114,买盘
1097,13:15:17,17.78,--,18,32004,买盘
1098,13:15:12,17.78,--,39,69342,买盘
1099,13:15:07,17.78,0.01,18,32004,买盘
1100,13:15:02,17.77,-0.01,10,17770,卖盘
1101,13:14:56,17.78,--,0,0,买盘
1102,13:14:52,17.78,--,6,10668,买盘
1103,13:14:41,17.78,-0.01,57,101346,卖盘
1104,13:14:37,17.79,--,127,225933,买盘
1105,13:14:32,17.79,--,293,521247,买盘
1106,13:14:22,17.79,--,21,37359,买盘
1107,13:14:17,17.79,--,224,398496,买盘
1108,13:14:11,17.79,--,5,8895,买盘
1109,13:14:07,17.79,0.01,2,3558,买盘
1110,13:14:02,17.78,-0.01,21,37338,卖盘
1111,13:13:56,17.79,--,0,0,买盘
1112,13:13:52,17.79,0.01,13,23127,买盘
1113,13:13:47,17.78,0.03,492,874776,买盘
1114,13:13:37,17.75,--,0,0,卖盘
1115,13:13:32,17.75,-0.02,3,5325,卖盘
1116,13:13:26,17.77,0.02,1,1777,买盘
1117,13:13:11,17.75,-0.02,62,111203,卖盘
1118,13:13:07,17.77,-0.01,2,3554,卖盘
1119,13:13:02,17.78,--,3,6578,买盘
1120,13:12:47,17.78,0.01,10,17780,买盘
1121,13:12:37,17.77,--,7,12439,卖盘
1122,13:12:32,17.77,-0.01,2,3554,卖盘
1123,13:12:25,17.78,0.02,16,28448,买盘
1124,13:12:17,17.76,-0.02,12,21312,卖盘
1125,13:12:11,17.78,--,0,0,买盘
1126,13:12:07,17.78,0.01,9,16002,买盘
1127,13:12:02,17.77,--,1,1777,买盘
1128,13:11:56,17.77,--,200,355400,卖盘
1129,13:11:52,17.77,-0.01,12,21324,卖盘
1130,13:11:47,17.78,0.01,10,17780,买盘
1131,13:11:41,17.77,--,20,35540,买盘
1132,13:11:37,17.77,--,5,8885,买盘
1133,13:11:22,17.77,--,211,374947,卖盘
1134,13:11:16,17.77,0.02,71,126167,买盘
1135,13:11:06,17.75,-0.02,114,202350,卖盘
1136,13:10:56,17.77,--,1,1777,买盘
1137,13:10:36,17.77,--,9,15993,买盘
1138,13:10:26,17.77,--,50,88850,卖盘
1139,13:10:21,17.77,0.02,1,1777,买盘
1140,13:10:16,17.75,--,6,10650,卖盘
1141,13:10:11,17.75,--,27,49380,卖盘
1142,13:10:06,17.75,-0.02,67,120398,卖盘
1143,13:09:56,17.77,--,4,7108,卖盘
1144,13:09:41,17.77,0.01,5,8885,卖盘
1145,13:09:36,17.76,0.01,4,7104,卖盘
1146,13:09:31,17.75,-0.02,17,30175,卖盘
1147,13:09:21,17.77,--,74,131498,卖盘
1148,13:09:11,17.77,-0.01,18,31986,卖盘
1149,13:09:06,17.78,--,1,1778,买盘
1150,13:08:56,17.78,--,5,8890,买盘
1151,13:08:46,17.78,--,1,1778,买盘
1152,13:08:36,17.78,--,82,145796,卖盘
1153,13:08:31,17.78,0.01,126,224028,买盘
1154,13:08:26,17.77,--,1,1777,买盘
1155,13:08:21,17.77,0.02,10,17770,买盘
1156,13:08:11,17.75,-0.03,1,1775,卖盘
1157,13:08:06,17.78,0.01,6,10668,买盘
1158,13:08:01,17.77,--,538,956026,卖盘
1159,13:07:51,17.77,0.02,1,1777,卖盘
1160,13:07:46,17.75,--,0,0,卖盘
1161,13:07:36,17.75,--,26,46150,卖盘
1162,13:07:31,17.75,-0.02,34,60350,卖盘
1163,13:07:26,17.77,--,31,55087,卖盘
1164,13:07:20,17.77,--,154,273658,买盘
1165,13:07:16,17.77,0.02,1,1777,买盘
1166,13:07:11,17.75,--,10,19028,卖盘
1167,13:07:05,17.75,--,3,7064,卖盘
1168,13:07:01,17.75,-0.02,58,104139,卖盘
1169,13:06:55,17.77,0.02,1,1777,买盘
1170,13:06:46,17.75,--,3,5325,卖盘
1171,13:06:40,17.75,--,1,1775,卖盘
1172,13:06:35,17.75,--,1,1775,卖盘
1173,13:06:31,17.75,0.01,88,156200,买盘
1174,13:06:26,17.74,0.01,2,3547,买盘
1175,13:06:20,17.73,-0.02,1,1773,卖盘
1176,13:06:16,17.75,--,1,1775,买盘
1177,13:06:11,17.75,0.02,22,39050,卖盘
1178,13:06:05,17.73,--,0,0,卖盘
1179,13:06:01,17.73,--,2,3546,卖盘
1180,13:05:55,17.73,-0.05,215,382489,卖盘
1181,13:05:49,17.78,--,2,3556,卖盘
1182,13:05:46,17.78,0.05,29,51562,买盘
1183,13:05:41,17.73,-0.04,222,394811,卖盘
1184,13:05:34,17.77,--,65,115505,卖盘
1185,13:05:26,17.77,--,255,454343,买盘
1186,13:05:19,17.77,--,0,0,买盘
1187,13:05:15,17.77,0.02,11,19547,买盘
1188,13:05:11,17.75,--,1,1775,卖盘
1189,13:05:05,17.75,0.02,293,521388,买盘
1190,13:05:00,17.73,--,50,88650,卖盘
1191,13:04:55,17.73,-0.01,6,10638,卖盘
1192,13:04:49,17.74,--,12,21287,买盘
1193,13:04:45,17.74,0.01,1,1773,买盘
1194,13:04:35,17.73,--,61,108153,卖盘
1195,13:04:30,17.73,-0.01,5,8865,卖盘
1196,13:04:25,17.74,--,1,1773,买盘
1197,13:04:20,17.74,0.01,10,17740,买盘
1198,13:04:10,17.73,-0.02,212,376212,卖盘
1199,13:04:04,17.75,0.02,1,1775,买盘
1200,13:04:00,17.73,--,2,4202,卖盘
1201,13:03:55,17.73,-0.01,62,110422,卖盘
1202,13:03:49,17.74,-0.01,58,103246,卖盘
1203,13:03:45,17.75,-0.02,35,63296,卖盘
1204,13:03:40,17.77,0.02,10,17770,中性盘
1205,13:03:34,17.75,-0.02,36,65320,卖盘
1206,13:03:30,17.77,--,2,3554,买盘
1207,13:03:25,17.77,--,1,1777,买盘
1208,13:03:20,17.77,--,29,52350,买盘
1209,13:03:10,17.77,--,10,17770,买盘
1210,13:03:05,17.77,0.02,1,1777,买盘
1211,13:03:00,17.75,--,80,142000,卖盘
1212,13:02:55,17.75,--,0,0,卖盘
1213,13:02:50,17.75,--,0,0,卖盘
1214,13:02:40,17.75,-0.02,10,17750,卖盘
1215,13:02:35,17.77,--,3,5331,卖盘
1216,13:02:30,17.77,--,39,69303,买盘
1217,13:02:15,17.77,--,1,1777,买盘
1218,13:02:00,17.77,--,1,1777,中性盘
1219,13:01:55,17.77,0.02,1,1777,买盘
1220,13:01:50,17.75,--,0,0,卖盘
1221,13:01:45,17.75,-0.03,19,33725,卖盘
1222,13:01:40,17.78,0.01,10,17780,卖盘
1223,13:01:30,17.77,--,0,0,中性盘
1224,13:01:19,17.77,0.02,1,1777,卖盘
1225,13:01:15,17.75,-0.05,310,550250,卖盘
1226,13:01:10,17.8,--,0,0,买盘
1227,13:01:05,17.8,0.01,54,96120,买盘
1228,13:01:00,17.79,0.04,6,10674,中性盘
1229,13:00:50,17.75,-0.05,62,111203,卖盘
1230,13:00:45,17.8,0.01,123,218940,买盘
1231,13:00:40,17.79,--,1,1779,卖盘
1232,13:00:30,17.79,0.01,196,349448,买盘
1233,13:00:25,17.78,--,0,0,买盘
1234,13:00:15,17.78,--,18,32004,买盘
1235,13:00:10,17.78,0.03,63,112014,买盘
1236,13:00:05,17.75,-0.01,1464,2599665,中性盘
1237,11:30:00,17.76,--,0,0,中性盘
1238,11:29:59,17.76,--,0,0,中性盘
1239,11:29:59,17.76,--,226,401571,买盘
1240,11:29:56,17.76,0.02,200,355200,买盘
1241,11:29:51,17.74,--,5,8870,卖盘
1242,11:29:46,17.74,--,4,7095,卖盘
1243,11:29:31,17.74,--,1,1773,卖盘
1244,11:29:26,17.74,0.01,14,24835,卖盘
1245,11:29:21,17.73,-0.03,1,1773,卖盘
1246,11:29:16,17.76,--,0,0,买盘
1247,11:29:11,17.76,0.03,31,55056,买盘
1248,11:29:06,17.73,0.01,1,1773,买盘
1249,11:29:01,17.72,--,6,11500,卖盘
1250,11:28:56,17.72,-0.01,43,76196,卖盘
1251,11:28:51,17.73,--,45,79785,买盘
1252,11:28:46,17.73,--,1001,1774773,买盘
1253,11:28:36,17.73,--,33,58509,买盘
1254,11:28:31,17.73,--,182,324263,卖盘
1255,11:28:26,17.73,-0.02,1,1773,卖盘
1256,11:28:21,17.75,-0.01,0,905,卖盘
1257,11:28:16,17.76,--,24,42624,买盘
1258,11:27:50,17.76,0.03,3,5328,买盘
1259,11:27:45,17.73,-0.03,62,111078,卖盘
1260,11:27:41,17.76,--,6,10656,买盘
1261,11:27:36,17.76,--,10,17760,买盘
1262,11:27:30,17.76,--,424,753024,买盘
1263,11:27:25,17.76,--,30,53280,卖盘
1264,11:27:15,17.76,-0.01,83,147408,卖盘
1265,11:27:10,17.77,0.01,88,156376,买盘
1266,11:27:00,17.76,-0.01,6,10656,卖盘
1267,11:26:56,17.77,-0.01,9,15993,卖盘
1268,11:26:50,17.78,0.01,49,87122,买盘
1269,11:26:35,17.77,--,1,1777,卖盘
1270,11:26:30,17.77,0.01,7,12439,中性盘
1271,11:26:25,17.76,--,112,198912,卖盘
1272,11:26:15,17.76,-0.01,97,172272,卖盘
1273,11:26:10,17.77,-0.01,130,231010,中性盘
1274,11:26:05,17.78,0.01,1,1778,买盘
1275,11:26:00,17.77,-0.01,15,26655,卖盘
1276,11:25:55,17.78,--,107,190246,买盘
1277,11:25:50,17.78,--,81,144018,买盘
1278,11:25:45,17.78,0.02,300,533400,买盘
1279,11:25:40,17.76,-0.01,482,856032,卖盘
1280,11:25:25,17.77,0.01,1,1777,买盘
1281,11:25:15,17.76,--,11,19536,买盘
1282,11:25:10,17.76,--,0,0,中性盘
1283,11:25:00,17.76,0.03,4,7104,买盘
1284,11:24:45,17.73,-0.02,63,112851,卖盘
1285,11:24:40,17.75,--,0,0,中性盘
1286,11:24:25,17.75,-0.01,24,42600,卖盘
1287,11:24:15,17.76,--,10,17760,买盘
1288,11:24:00,17.76,--,37,65712,买盘
1289,11:23:55,17.76,--,14,24864,买盘
1290,11:23:35,17.76,0.01,1,1776,买盘
1291,11:23:30,17.75,--,7,12425,买盘
1292,11:23:25,17.75,0.01,2,3550,买盘
1293,11:23:20,17.74,-0.01,6,10643,卖盘
1294,11:23:15,17.75,0.01,1,1775,买盘
1295,11:23:10,17.74,-0.03,2,3547,卖盘
1296,11:23:05,17.77,--,20,35540,买盘
1297,11:23:00,17.77,--,13,23101,买盘
1298,11:22:55,17.77,0.02,1,1777,买盘
1299,11:22:45,17.75,--,0,0,卖盘
1300,11:22:40,17.75,0.01,43,76325,买盘
1301,11:22:35,17.74,-0.01,13,23061,卖盘
1302,11:22:20,17.75,--,0,0,买盘
1303,11:22:10,17.75,--,11,19525,买盘
1304,11:22:05,17.75,--,1,1775,买盘
1305,11:21:55,17.75,-0.02,1,1775,卖盘
1306,11:21:49,17.77,--,22,39094,买盘
1307,11:21:45,17.77,0.04,1,1777,买盘
1308,11:21:39,17.73,--,75,134127,卖盘
1309,11:21:34,17.73,-0.02,6,10638,卖盘
1310,11:21:30,17.75,--,0,0,卖盘
1311,11:21:24,17.75,-0.02,17,30175,中性盘
1312,11:21:19,17.77,0.04,10,17770,买盘
1313,11:21:14,17.73,-0.02,56,99288,卖盘
1314,11:21:10,17.75,-0.03,2,3550,卖盘
1315,11:21:04,17.78,0.01,11,19558,买盘
1316,11:21:00,17.77,-0.01,11,19547,买盘
1317,11:20:54,17.78,--,0,0,买盘
1318,11:20:49,17.78,0.01,9,16002,买盘
1319,11:20:45,17.77,0.02,3,5331,中性盘
1320,11:20:39,17.75,--,16,28400,卖盘
1321,11:20:34,17.75,-0.02,361,640775,卖盘
1322,11:20:29,17.77,--,55,97735,卖盘
1323,11:20:24,17.77,--,17,30209,卖盘
1324,11:20:14,17.77,-0.02,24,42648,卖盘
1325,11:20:09,17.79,--,8,14232,买盘
1326,11:19:59,17.79,0.01,79,140541,买盘
1327,11:19:53,17.78,--,610,1084580,买盘
1328,11:19:49,17.78,0.01,100,177800,买盘
1329,11:19:39,17.77,--,2,3554,卖盘
1330,11:19:34,17.77,--,19,33763,卖盘
1331,11:19:29,17.77,-0.01,19,33763,中性盘
1332,11:19:24,17.78,0.01,11,19558,买盘
1333,11:19:19,17.77,--,1,1777,买盘
1334,11:19:14,17.77,0.02,1,1777,买盘
1335,11:18:59,17.75,-0.02,2,3550,卖盘
1336,11:18:53,17.77,--,1,1777,买盘
1337,11:18:49,17.77,--,0,0,中性盘
1338,11:18:39,17.77,0.04,12,21324,中性盘
1339,11:18:34,17.73,--,75,134127,卖盘
1340,11:18:29,17.73,--,8,14184,卖盘
1341,11:18:24,17.73,-0.04,11,19503,卖盘
1342,11:18:19,17.77,0.04,1,1777,卖盘
1343,11:18:14,17.73,--,0,0,卖盘
1344,11:18:09,17.73,-0.05,10,17730,卖盘
1345,11:18:04,17.78,--,33,58674,买盘
1346,11:17:59,17.78,0.02,24,42672,买盘
1347,11:17:54,17.76,--,0,0,买盘
1348,11:17:39,17.76,--,2,3552,卖盘
1349,11:17:34,17.76,0.03,6,10656,卖盘
1350,11:17:24,17.73,--,0,0,卖盘
1351,11:17:19,17.73,-0.05,1,1773,中性盘
1352,11:17:14,17.78,-0.01,9,16002,买盘
1353,11:17:09,17.79,0.01,11,19569,买盘
1354,11:17:04,17.78,0.02,3,5334,卖盘
1355,11:16:59,17.76,--,0,0,中性盘
1356,11:16:53,17.76,--,0,0,卖盘
1357,11:16:49,17.76,0.05,22,39072,买盘
1358,11:16:44,17.71,-0.07,47,83237,卖盘
1359,11:16:39,17.78,0.02,637,1132586,买盘
1360,11:16:34,17.76,-0.02,2,3552,卖盘
1361,11:16:23,17.78,0.02,1,1778,买盘
1362,11:16:14,17.76,--,206,365856,卖盘
1363,11:16:09,17.76,-0.01,9,15984,卖盘
1364,11:16:04,17.77,0.01,3,5331,买盘
1365,11:15:44,17.76,--,6,10656,卖盘
1366,11:15:38,17.76,--,60,106560,买盘
1367,11:15:34,17.76,0.01,13,23088,买盘
1368,11:15:29,17.75,--,62,111203,卖盘
1369,11:15:24,17.75,-0.02,45,79875,卖盘
1370,11:15:14,17.77,0.01,1,1777,买盘
1371,11:15:04,17.76,--,12,21312,卖盘
1372,11:14:53,17.76,--,230,408480,买盘
1373,11:14:48,17.76,0.01,12,21312,买盘
1374,11:14:44,17.75,-0.01,1,1775,卖盘
1375,11:14:34,17.76,--,14,24864,买盘
1376,11:14:23,17.76,--,6,10656,买盘
1377,11:14:17,17.76,0.01,51,90576,买盘
1378,11:14:13,17.75,-0.01,189,335475,卖盘
1379,11:14:02,17.76,--,91,163232,买盘
1380,11:13:58,17.76,0.01,12,21312,买盘
1381,11:13:53,17.75,--,227,402925,卖盘
1382,11:13:47,17.75,-0.01,92,163300,卖盘
1383,11:13:43,17.76,0.01,223,396048,买盘
1384,11:13:38,17.75,-0.01,41,72775,卖盘
1385,11:13:32,17.76,0.01,401,712176,买盘
1386,11:13:28,17.75,-0.01,10,17750,卖盘
1387,11:13:17,17.76,0.01,520,923520,买盘
1388,11:13:13,17.75,-0.01,1,1775,卖盘
1389,11:13:08,17.76,--,35,62160,买盘
1390,11:13:02,17.76,--,12,21312,买盘
1391,11:12:53,17.76,--,71,126096,买盘
1392,11:12:47,17.76,--,6,10656,买盘
1393,11:12:43,17.76,0.01,223,396048,买盘
1394,11:12:38,17.75,--,1,1775,卖盘
1395,11:12:28,17.75,-0.01,527,935425,卖盘
1396,11:12:23,17.76,0.01,63,113042,买盘
1397,11:12:13,17.75,-0.01,121,214775,卖盘
1398,11:12:02,17.76,0.01,1,1776,买盘
1399,11:11:47,17.75,-0.01,10,17750,卖盘
1400,11:11:43,17.76,0.01,3,5328,买盘
1401,11:11:32,17.75,0.04,1447,2569578,买盘
1402,11:11:28,17.71,--,1,1771,买盘
1403,11:11:23,17.71,--,1,1771,中性盘
1404,11:11:17,17.71,0.01,19,33649,买盘
1405,11:11:13,17.7,-0.01,21,37701,卖盘
1406,11:11:08,17.71,-0.01,12,21252,卖盘
1407,11:11:02,17.72,--,1,1772,买盘
1408,11:10:58,17.72,0.01,59,105788,买盘
1409,11:10:47,17.71,-0.01,45,80226,卖盘
1410,11:10:43,17.72,--,30,53160,买盘
1411,11:10:38,17.72,0.01,1,1772,买盘
1412,11:10:32,17.71,--,8,14168,卖盘
1413,11:10:28,17.71,--,3,5313,卖盘
1414,11:10:23,17.71,-0.01,10,17710,卖盘
1415,11:10:17,17.72,--,24,42528,买盘
1416,11:10:13,17.72,--,1,1772,买盘
1417,11:10:08,17.72,--,21,37212,买盘
1418,11:09:53,17.72,--,1,1772,买盘
1419,11:09:47,17.72,0.01,12,21264,买盘
1420,11:09:43,17.71,--,68,121703,卖盘
1421,11:09:38,17.71,--,13,23023,卖盘
1422,11:09:32,17.71,--,10,17710,卖盘
1423,11:09:23,17.71,--,30,53130,卖盘
1424,11:09:17,17.71,-0.02,96,171167,卖盘
1425,11:09:13,17.73,0.02,2,3546,买盘
1426,11:09:08,17.71,--,196,347700,卖盘
1427,11:09:02,17.71,-0.01,60,106260,卖盘
1428,11:08:53,17.72,--,28,49616,卖盘
1429,11:08:32,17.72,-0.01,1,1772,卖盘
1430,11:08:28,17.73,-0.01,22,39006,卖盘
1431,11:08:23,17.74,0.01,6,10643,买盘
1432,11:08:17,17.73,--,83,147159,卖盘
1433,11:08:13,17.73,--,50,88650,卖盘
1434,11:08:02,17.73,--,114,202122,卖盘
1435,11:07:58,17.73,--,200,354600,卖盘
1436,11:07:53,17.73,--,1,1773,卖盘
1437,11:07:47,17.73,-0.02,4,7092,卖盘
1438,11:07:41,17.75,0.02,1,1775,买盘
1439,11:07:32,17.73,-0.02,13,23049,卖盘
1440,11:07:26,17.75,-0.01,53,94696,卖盘
1441,11:07:22,17.76,--,1,1776,买盘
1442,11:07:17,17.76,--,16,28416,买盘
1443,11:07:02,17.76,0.01,12,21312,买盘
1444,11:06:56,17.75,--,1003,1780325,卖盘
1445,11:06:52,17.75,-0.01,5,8875,卖盘
1446,11:06:47,17.76,0.01,50,88800,买盘
1447,11:06:41,17.75,--,6,10650,卖盘
1448,11:06:32,17.75,-0.01,2,3550,卖盘
1449,11:06:22,17.76,--,2,3552,买盘
1450,11:06:11,17.76,0.01,99,176978,买盘
1451,11:06:07,17.75,-0.01,2,3550,卖盘
1452,11:05:52,17.76,--,1,1776,买盘
1453,11:05:47,17.76,--,11,19536,买盘
1454,11:05:41,17.76,0.01,59,104784,买盘
1455,11:05:32,17.75,--,12,21300,卖盘
1456,11:05:17,17.75,-0.01,1,1775,卖盘
1457,11:05:11,17.76,-0.01,420,745920,卖盘
1458,11:04:52,17.77,0.01,1,1777,买盘
1459,11:04:41,17.76,-0.01,1,1776,卖盘
1460,11:04:37,17.77,--,133,237318,卖盘
1461,11:04:31,17.77,--,48,85296,卖盘
1462,11:04:26,17.77,-0.01,69,122613,卖盘
1463,11:04:11,17.78,0.01,10,17780,买盘
1464,11:04:07,17.77,-0.01,1,1777,卖盘
1465,11:04:01,17.78,--,2,3556,买盘
1466,11:03:56,17.78,0.01,20,35560,买盘
1467,11:03:52,17.77,-0.01,40,71080,卖盘
1468,11:03:46,17.78,0.01,9,16002,买盘
1469,11:03:41,17.77,--,1531,2720693,卖盘
1470,11:03:37,17.77,-0.02,1,1777,卖盘
1471,11:03:31,17.79,--,0,0,买盘
1472,11:03:26,17.79,0.01,209,371811,买盘
1473,11:03:22,17.78,--,1,1778,买盘
1474,11:03:16,17.78,--,24,42672,买盘
1475,11:03:11,17.78,--,271,481838,卖盘
1476,11:03:07,17.78,-0.01,2,3556,卖盘
1477,11:03:01,17.79,0.01,10,17790,买盘
1478,11:02:56,17.78,--,34,60452,卖盘
1479,11:02:46,17.78,--,58,103124,卖盘
1480,11:02:41,17.78,--,39,69342,卖盘
1481,11:02:37,17.78,-0.02,12,21336,卖盘
1482,11:02:31,17.8,0.01,31,55180,买盘
1483,11:02:26,17.79,-0.01,41,72939,卖盘
1484,11:02:22,17.8,--,4,7120,买盘
1485,11:02:11,17.8,0.01,52,92560,买盘
1486,11:02:07,17.79,--,24,42696,卖盘
1487,11:02:01,17.79,--,5,8895,卖盘
1488,11:01:56,17.79,-0.01,41,72939,卖盘
1489,11:01:52,17.8,0.01,96,170880,买盘
1490,11:01:46,17.79,--,11,19569,卖盘
1491,11:01:41,17.79,-0.01,31,55149,卖盘
1492,11:01:37,17.8,--,16,28480,买盘
1493,11:01:31,17.8,0.02,1,1780,买盘
1494,11:01:26,17.78,--,238,423164,卖盘
1495,11:01:21,17.78,-0.02,1,1778,卖盘
1496,11:01:16,17.8,0.01,31,55180,买盘
1497,11:01:11,17.79,--,35,62265,卖盘
1498,11:01:06,17.79,--,86,152994,卖盘
1499,11:01:01,17.79,--,114,202806,卖盘
1500,11:00:56,17.79,--,168,299405,卖盘
1501,11:00:52,17.79,--,292,519468,买盘
1502,11:00:46,17.79,0.01,326,579954,买盘
1503,11:00:41,17.78,0.01,151,268478,买盘
1504,11:00:35,17.77,-0.01,45,79965,卖盘
1505,11:00:31,17.78,0.01,3,5334,买盘
1506,11:00:26,17.77,--,182,324107,卖盘
1507,11:00:20,17.77,-0.01,69,122613,卖盘
1508,11:00:11,17.78,0.01,116,206248,买盘
1509,11:00:05,17.77,--,363,645051,买盘
1510,11:00:01,17.77,--,6,10662,买盘
1511,10:59:56,17.77,0.02,188,334076,买盘
1512,10:59:50,17.75,-0.02,628,1114700,卖盘
1513,10:59:46,17.77,--,18,31986,买盘
1514,10:59:41,17.77,0.01,223,396271,买盘
1515,10:59:35,17.76,--,823,1461648,买盘
1516,10:59:31,17.76,--,94,166944,买盘
1517,10:59:26,17.76,0.01,12,21312,买盘
1518,10:59:20,17.75,-0.01,105,186375,卖盘
1519,10:59:16,17.76,--,20,35520,买盘
1520,10:59:11,17.76,--,29,51504,买盘
1521,10:59:05,17.76,--,203,360528,买盘
1522,10:59:01,17.76,--,4,7104,买盘
1523,10:58:56,17.76,--,170,301920,买盘
1524,10:58:50,17.76,--,111,197136,买盘
1525,10:58:41,17.76,0.01,2,3552,买盘
1526,10:58:35,17.75,-0.02,84,149100,卖盘
1527,10:58:26,17.77,0.01,15,26655,买盘
1528,10:58:20,17.76,-0.01,36,63936,卖盘
1529,10:58:11,17.77,0.02,197,351241,买盘
1530,10:58:05,17.75,-0.01,10,17750,卖盘
1531,10:58:01,17.76,--,17,30192,买盘
1532,10:57:56,17.76,--,2,3552,买盘
1533,10:57:50,17.76,0.01,108,191808,买盘
1534,10:57:46,17.75,--,38,67450,买盘
1535,10:57:40,17.75,--,1,1775,买盘
1536,10:57:35,17.75,-0.01,925,1642088,卖盘
1537,10:57:31,17.76,0.01,3,5328,买盘
1538,10:57:25,17.75,--,137,243175,卖盘
1539,10:57:20,17.75,-0.01,89,157975,卖盘
1540,10:57:16,17.76,--,77,136752,买盘
1541,10:57:10,17.76,0.01,45,79920,买盘
1542,10:57:05,17.75,--,142,253203,卖盘
1543,10:57:01,17.75,-0.01,1031,1830025,卖盘
1544,10:56:55,17.76,--,554,983904,买盘
1545,10:56:50,17.76,0.01,17,30192,买盘
1546,10:56:46,17.75,-0.01,603,1070325,卖盘
1547,10:56:40,17.76,--,91,161616,买盘
1548,10:56:35,17.76,--,57,101232,买盘
1549,10:56:25,17.76,--,5,8880,买盘
1550,10:56:20,17.76,--,126,223776,买盘
1551,10:56:16,17.76,0.01,211,374736,买盘
1552,10:56:10,17.75,--,1,1775,卖盘
1553,10:56:01,17.75,--,21,37275,卖盘
1554,10:55:50,17.75,--,151,268025,卖盘
1555,10:55:46,17.75,--,226,401150,卖盘
1556,10:55:40,17.75,-0.01,153,271575,卖盘
1557,10:55:30,17.76,0.01,251,445776,买盘
1558,10:55:20,17.75,--,360,639000,卖盘
1559,10:55:16,17.75,0.05,2047,3633833,买盘
1560,10:55:10,17.7,--,21,37170,买盘
1561,10:55:05,17.7,0.01,125,221250,中性盘
1562,10:55:01,17.69,-0.05,19,33611,卖盘
1563,10:54:50,17.74,0.03,48,85151,买盘
1564,10:54:45,17.71,0.03,5,8855,买盘
1565,10:54:40,17.68,--,0,0,卖盘
1566,10:54:35,17.68,-0.03,27,47736,卖盘
1567,10:54:30,17.71,-0.03,113,200123,卖盘
1568,10:54:20,17.74,0.03,8,14191,买盘
1569,10:54:15,17.71,--,49,86779,卖盘
1570,10:54:10,17.71,-0.04,14,24794,卖盘
1571,10:54:05,17.75,--,0,0,买盘
1572,10:54:00,17.75,0.01,121,215928,买盘
1573,10:53:55,17.74,-0.01,2,3547,买盘
1574,10:53:50,17.75,--,0,0,买盘
1575,10:53:45,17.75,--,13,23075,买盘
1576,10:53:40,17.75,--,0,0,买盘
1577,10:53:35,17.75,0.05,15,26625,买盘
1578,10:53:30,17.7,0.01,616,1090320,中性盘
1579,10:53:25,17.69,--,32,56608,卖盘
1580,10:53:20,17.69,-0.01,15,26535,卖盘
1581,10:53:14,17.7,--,345,610650,买盘
1582,10:53:10,17.7,-0.05,5,8850,买盘
1583,10:52:59,17.75,0.05,1500,2662500,买盘
1584,10:52:55,17.7,--,24,42480,卖盘
1585,10:52:50,17.7,0.02,22,38940,卖盘
1586,10:52:35,17.68,-0.02,447,790296,卖盘
1587,10:52:29,17.7,0.02,38,67260,买盘
1588,10:52:20,17.68,--,234,413712,卖盘
1589,10:52:14,17.68,-0.06,51,90168,卖盘
1590,10:52:10,17.74,--,0,0,买盘
1591,10:52:05,17.74,0.06,263,466561,买盘
1592,10:51:55,17.68,--,71,125528,卖盘
1593,10:51:50,17.68,--,0,0,卖盘
1594,10:51:44,17.68,--,180,318240,卖盘
1595,10:51:35,17.68,0.01,61,107848,卖盘
1596,10:51:29,17.67,-0.08,179,316293,卖盘
1597,10:51:20,17.75,0.09,3002,5328550,买盘
1598,10:51:14,17.66,-0.02,240,423840,卖盘
1599,10:51:10,17.68,--,1,2563,买盘
1600,10:51:05,17.68,--,7,12376,买盘
1601,10:50:59,17.68,-0.01,28,50900,卖盘
1602,10:50:55,17.69,0.02,3,5678,中性盘
1603,10:50:50,17.67,-0.01,246,435459,卖盘
1604,10:50:44,17.68,0.01,40,70720,卖盘
1605,10:50:40,17.67,--,0,0,卖盘
1606,10:50:35,17.67,-0.01,379,669693,卖盘
1607,10:50:29,17.68,-0.02,142,251056,卖盘
1608,10:50:25,17.7,0.03,13,23010,买盘
1609,10:50:19,17.67,-0.01,99,174933,卖盘
1610,10:50:14,17.68,0.01,1313,2322710,买盘
1611,10:50:10,17.67,--,211,372837,买盘
1612,10:50:04,17.67,-0.01,857,1514760,卖盘
1613,10:49:59,17.68,-0.02,264,466752,卖盘
1614,10:49:55,17.7,--,308,545160,买盘
1615,10:49:44,17.7,0.01,111,196470,买盘
1616,10:49:40,17.69,0.02,218,385642,买盘
1617,10:49:34,17.67,-0.02,310,547770,卖盘
1618,10:49:29,17.69,--,45,79605,买盘
1619,10:49:24,17.69,0.01,62,109678,买盘
1620,10:49:14,17.68,-0.01,8,14144,卖盘
1621,10:49:10,17.69,--,11,19459,买盘
1622,10:49:04,17.69,--,134,237046,买盘
1623,10:48:59,17.69,0.02,17,30073,买盘
1624,10:48:55,17.67,-0.02,1144,2021448,卖盘
1625,10:48:44,17.69,--,12,21228,卖盘
1626,10:48:34,17.69,--,4,7076,卖盘
1627,10:48:29,17.69,--,55,97295,卖盘
1628,10:48:24,17.69,-0.01,30,53070,卖盘
1629,10:48:19,17.7,0.01,21,37170,买盘
1630,10:48:14,17.69,--,20,35380,卖盘
1631,10:48:09,17.69,--,82,145058,卖盘
1632,10:48:04,17.69,--,35,61915,卖盘
1633,10:47:59,17.69,0.01,63,111447,卖盘
1634,10:47:54,17.68,--,76,135517,卖盘
1635,10:47:49,17.68,-0.01,15,26520,卖盘
1636,10:47:44,17.69,--,80,141520,卖盘
1637,10:47:39,17.69,-0.01,356,629764,卖盘
1638,10:47:34,17.7,--,3,5310,买盘
1639,10:47:29,17.7,0.01,95,168150,买盘
1640,10:47:19,17.69,-0.01,27,47763,卖盘
1641,10:47:14,17.7,--,235,415950,买盘
1642,10:47:09,17.7,--,2,3540,买盘
1643,10:47:04,17.7,--,10,17700,买盘
1644,10:46:59,17.7,--,140,247800,卖盘
1645,10:46:54,17.7,-0.03,500,885000,卖盘
1646,10:46:49,17.73,-0.01,3,5319,中性盘
1647,10:46:44,17.74,0.02,80,141920,买盘
1648,10:46:39,17.72,--,5,8860,卖盘
1649,10:46:34,17.72,-0.02,1,1772,卖盘
1650,10:46:29,17.74,0.02,53,94021,买盘
1651,10:46:24,17.72,--,15,26580,卖盘
1652,10:46:19,17.72,--,50,88600,卖盘
1653,10:46:09,17.72,-0.01,3,5316,卖盘
1654,10:46:04,17.73,-0.01,2,3546,买盘
1655,10:45:59,17.74,0.02,60,106439,买盘
1656,10:45:53,17.72,-0.02,98,173656,卖盘
1657,10:45:49,17.74,0.01,33,58541,买盘
1658,10:45:44,17.73,-0.01,70,124110,卖盘
1659,10:45:38,17.74,--,54,95795,卖盘
1660,10:45:34,17.74,-0.01,102,180947,卖盘
1661,10:45:23,17.75,--,5,8875,买盘
1662,10:45:14,17.75,--,15,26625,买盘
1663,10:45:08,17.75,--,198,351450,买盘
1664,10:45:04,17.75,--,699,1240725,卖盘
1665,10:44:59,17.75,-0.01,36,63900,卖盘
1666,10:44:53,17.76,--,207,367632,买盘
1667,10:44:49,17.76,0.01,68,120768,买盘
1668,10:44:44,17.75,--,253,449075,卖盘
1669,10:44:38,17.75,-0.01,66,117150,卖盘
1670,10:44:34,17.76,--,84,149184,买盘
1671,10:44:29,17.76,0.07,224,397824,买盘
1672,10:44:23,17.69,--,0,0,卖盘
1673,10:44:19,17.69,--,0,0,卖盘
1674,10:44:14,17.69,0.01,161,284809,卖盘
1675,10:44:08,17.68,-0.07,850,1502800,卖盘
1676,10:43:59,17.75,0.06,2568,4558200,买盘
1677,10:43:53,17.69,-0.01,158,279502,卖盘
1678,10:43:49,17.7,--,72,127440,买盘
1679,10:43:44,17.7,0.01,103,182487,买盘
1680,10:43:38,17.69,--,4,7076,卖盘
1681,10:43:34,17.69,-0.01,1,1769,卖盘
1682,10:43:29,17.7,0.01,18,31860,买盘
1683,10:43:23,17.69,-0.01,13,22997,卖盘
1684,10:43:19,17.7,0.01,22,38940,买盘
1685,10:43:14,17.69,--,59,104371,卖盘
1686,10:43:08,17.69,0.01,58,102602,卖盘
1687,10:43:04,17.68,-0.02,24,42432,卖盘
1688,10:42:53,17.7,0.01,22,38940,买盘
1689,10:42:49,17.69,-0.01,54,95526,卖盘
1690,10:42:43,17.7,0.02,36,63720,买盘
1691,10:42:38,17.68,-0.02,169,298792,卖盘
1692,10:42:34,17.7,-0.04,54,95580,卖盘
1693,10:42:23,17.74,0.01,107,189817,买盘
1694,10:42:18,17.73,0.03,24,42552,买盘
1695,10:42:08,17.7,--,44,77880,卖盘
1696,10:42:03,17.7,--,48,84960,卖盘
1697,10:41:58,17.7,0.01,146,258420,买盘
1698,10:41:53,17.69,--,21,37149,卖盘
1699,10:41:48,17.69,--,64,113216,买盘
1700,10:41:43,17.69,0.02,21,37149,中性盘
1701,10:41:38,17.67,-0.03,127,224409,卖盘
1702,10:41:33,17.7,-0.02,224,396480,中性盘
1703,10:41:28,17.72,--,0,0,买盘
1704,10:41:23,17.72,0.06,371,657412,买盘
1705,10:41:18,17.66,-0.02,1102,1946132,卖盘
1706,10:41:08,17.68,-0.07,203,358904,卖盘
1707,10:41:03,17.75,--,589,1045475,卖盘
1708,10:40:58,17.75,0.08,1717,3047675,买盘
1709,10:40:53,17.67,-0.04,81,143127,卖盘
1710,10:40:48,17.71,--,21,37191,买盘
1711,10:40:38,17.71,-0.03,89,157619,中性盘
1712,10:40:33,17.74,0.02,163,289162,买盘
1713,10:40:28,17.72,0.03,8,14176,买盘
1714,10:40:23,17.69,--,15,26535,卖盘
1715,10:40:18,17.69,-0.03,84,148596,卖盘
1716,10:40:08,17.72,0.05,239,423508,买盘
1717,10:40:03,17.67,-0.01,113,199671,卖盘
1718,10:39:58,17.68,--,333,588744,卖盘
1719,10:39:53,17.68,-0.05,410,724880,卖盘
1720,10:39:48,17.73,0.04,1204,2134692,买盘
1721,10:39:38,17.69,--,8,14152,买盘
1722,10:39:33,17.69,--,41,72529,卖盘
1723,10:39:23,17.69,--,130,229970,卖盘
1724,10:39:18,17.69,-0.04,74,130906,卖盘
1725,10:39:13,17.73,--,41,72693,买盘
1726,10:39:08,17.73,--,226,400698,买盘
1727,10:39:03,17.73,--,17,30141,买盘
1728,10:38:48,17.73,--,0,0,买盘
1729,10:38:43,17.73,0.01,183,324459,买盘
1730,10:38:38,17.72,-0.01,45,79740,卖盘
1731,10:38:32,17.73,--,244,432612,买盘
1732,10:38:23,17.73,-0.01,6,10638,中性盘
1733,10:38:17,17.74,--,2,3547,买盘
1734,10:38:13,17.74,0.03,2,3547,买盘
1735,10:38:08,17.71,-0.04,196,347116,卖盘
1736,10:38:02,17.75,0.01,114,202350,买盘
1737,10:37:58,17.74,-0.01,112,200160,卖盘
1738,10:37:53,17.75,--,71,126326,买盘
1739,10:37:47,17.75,-0.01,12,21300,买盘
1740,10:37:43,17.76,0.03,146,259296,买盘
1741,10:37:38,17.73,-0.02,93,164889,中性盘
1742,10:37:32,17.75,--,25,44375,买盘
1743,10:37:23,17.75,0.03,62,110050,买盘
1744,10:37:17,17.72,-0.02,50,88600,卖盘
1745,10:37:13,17.74,--,24,43285,卖盘
1746,10:37:08,17.74,-0.01,30,54284,卖盘
1747,10:37:02,17.75,--,285,505875,买盘
1748,10:36:58,17.75,0.01,1,1775,买盘
1749,10:36:53,17.74,--,458,812491,卖盘
1750,10:36:38,17.74,0.03,141,250133,买盘
1751,10:36:32,17.71,-0.03,6,10626,卖盘
1752,10:36:28,17.74,--,0,0,买盘
1753,10:36:23,17.74,--,24,42575,买盘
1754,10:36:17,17.74,0.04,40,70960,买盘
1755,10:36:13,17.7,--,601,1063770,买盘
1756,10:36:08,17.7,--,180,318600,卖盘
1757,10:35:57,17.7,--,0,0,卖盘
1758,10:35:47,17.7,--,230,407100,买盘
1759,10:35:42,17.7,0.01,114,201780,买盘
1760,10:35:32,17.69,0.01,234,413946,中性盘
1761,10:35:27,17.68,-0.09,1009,1783912,卖盘
1762,10:35:22,17.77,-0.01,10,17770,中性盘
1763,10:35:17,17.78,0.06,108,192024,买盘
1764,10:35:12,17.72,--,1,1772,卖盘
1765,10:35:07,17.72,0.02,79,141423,买盘
1766,10:35:02,17.7,-0.09,925,1637586,卖盘
1767,10:34:57,17.79,--,45,80055,买盘
1768,10:34:52,17.79,--,0,0,买盘
1769,10:34:47,17.79,--,1012,1800348,买盘
1770,10:34:37,17.79,0.04,10,17790,买盘
1771,10:34:32,17.75,-0.04,4,7100,卖盘
1772,10:34:27,17.79,0.04,45,80055,中性盘
1773,10:34:17,17.75,-0.04,2000,3550000,卖盘
1774,10:34:12,17.79,-0.01,1,1779,卖盘
1775,10:34:02,17.8,-0.01,6,10680,中性盘
1776,10:33:57,17.81,0.01,38,67678,买盘
1777,10:33:52,17.8,--,8,14240,买盘
1778,10:33:47,17.8,--,72,128160,卖盘
1779,10:33:42,17.8,--,20,35600,卖盘
1780,10:33:37,17.8,-0.01,2,3560,卖盘
1781,10:33:27,17.81,0.01,28,49868,买盘
1782,10:33:17,17.8,--,11,19580,卖盘
1783,10:33:07,17.8,-0.01,86,153080,卖盘
1784,10:32:57,17.81,--,111,197691,卖盘
1785,10:32:52,17.81,-0.01,28,49868,卖盘
1786,10:32:47,17.82,0.01,11,19602,买盘
1787,10:32:42,17.81,--,27,48087,卖盘
1788,10:32:37,17.81,--,10,17810,卖盘
1789,10:32:32,17.81,--,501,892280,卖盘
1790,10:32:27,17.81,--,830,1478230,卖盘
1791,10:32:22,17.81,--,35,62334,买盘
1792,10:32:17,17.81,0.01,31,55210,买盘
1793,10:32:12,17.8,-0.01,2,3560,卖盘
1794,10:32:07,17.81,--,4,7123,买盘
1795,10:32:02,17.81,--,0,0,买盘
1796,10:31:47,17.81,0.01,24,42744,买盘
1797,10:31:42,17.8,-0.01,19,33820,卖盘
1798,10:31:37,17.81,0.01,11,19591,买盘
1799,10:31:32,17.8,-0.01,20,35600,卖盘
1800,10:31:26,17.81,0.01,58,103297,买盘
1801,10:31:22,17.8,--,10,17800,卖盘
1802,10:31:17,17.8,-0.01,24,43307,卖盘
1803,10:31:07,17.81,0.01,52,92612,买盘
1804,10:31:02,17.8,-0.01,36,64080,卖盘
1805,10:30:56,17.81,--,60,106859,买盘
1806,10:30:47,17.81,--,8,14247,买盘
1807,10:30:41,17.81,--,163,290303,买盘
1808,10:30:37,17.81,--,25,44525,买盘
1809,10:30:32,17.81,--,98,174538,买盘
1810,10:30:26,17.81,0.01,195,348185,买盘
1811,10:30:22,17.8,-0.01,38,67640,卖盘
1812,10:30:17,17.81,--,196,349076,买盘
1813,10:30:11,17.81,0.01,276,491555,买盘
1814,10:30:07,17.8,--,23,40940,买盘
1815,10:30:02,17.8,0.01,63,112140,买盘
1816,10:29:56,17.79,-0.01,1,1779,卖盘
1817,10:29:47,17.8,0.01,44,78320,买盘
1818,10:29:41,17.79,-0.01,11,19569,卖盘
1819,10:29:36,17.8,0.01,12,21360,买盘
1820,10:29:31,17.79,0.01,16,29780,卖盘
1821,10:29:16,17.78,--,0,0,卖盘
1822,10:29:11,17.78,-0.01,450,800100,卖盘
1823,10:29:01,17.79,--,5,8895,买盘
1824,10:28:56,17.79,--,72,128088,买盘
1825,10:28:51,17.79,-0.01,104,185016,卖盘
1826,10:28:46,17.8,--,24,42720,买盘
1827,10:28:41,17.8,--,68,121040,买盘
1828,10:28:36,17.8,0.01,79,140620,买盘
1829,10:28:31,17.79,--,11,19569,买盘
1830,10:28:26,17.79,-0.01,61,108519,中性盘
1831,10:28:21,17.8,--,59,105020,买盘
1832,10:28:16,17.8,0.01,12,21360,买盘
1833,10:28:11,17.79,0.01,25,45915,买盘
1834,10:28:06,17.78,--,19,33782,卖盘
1835,10:27:56,17.78,-0.02,95,168910,卖盘
1836,10:27:51,17.8,--,37,65860,买盘
1837,10:27:46,17.8,--,14,24920,卖盘
1838,10:27:41,17.8,0.01,1,1780,中性盘
1839,10:27:36,17.79,-0.01,59,104961,卖盘
1840,10:27:31,17.8,-0.01,3,5340,中性盘
1841,10:27:26,17.81,0.01,39,69459,买盘
1842,10:27:21,17.8,--,37,65860,卖盘
1843,10:27:16,17.8,--,2,3560,卖盘
1844,10:27:11,17.8,--,4,7120,卖盘
1845,10:26:46,17.8,-0.01,35,62300,卖盘
1846,10:26:40,17.81,--,2,3561,买盘
1847,10:26:36,17.81,0.01,70,124669,买盘
1848,10:26:26,17.8,0.01,39,69420,买盘
1849,10:26:21,17.79,-0.01,2,3558,卖盘
1850,10:26:16,17.8,--,23,40940,买盘
1851,10:26:10,17.8,-0.01,53,94340,买盘
1852,10:26:06,17.81,--,0,0,买盘
1853,10:26:01,17.81,--,72,128231,买盘
1854,10:25:56,17.81,0.01,40,71240,买盘
1855,10:25:51,17.8,-0.01,37,65860,卖盘
1856,10:25:46,17.81,--,11,19591,买盘
1857,10:25:40,17.81,0.01,26,46306,买盘
1858,10:25:36,17.8,-0.01,8,14240,卖盘
1859,10:25:26,17.81,0.01,20,35620,买盘
1860,10:25:21,17.8,-0.01,51,90780,卖盘
1861,10:25:16,17.81,-0.02,311,553891,卖盘
1862,10:25:11,17.83,0.01,80,142640,买盘
1863,10:25:06,17.82,--,71,126522,买盘
1864,10:25:01,17.82,--,129,229878,买盘
1865,10:24:56,17.82,--,35,62370,买盘
1866,10:24:51,17.82,0.01,9,16038,买盘
1867,10:24:46,17.81,--,32,56991,卖盘
1868,10:24:40,17.81,-0.01,46,81926,卖盘
1869,10:24:36,17.82,--,4,7128,买盘
1870,10:24:31,17.82,--,338,602316,买盘
1871,10:24:25,17.82,0.02,106,188892,买盘
1872,10:24:21,17.8,-0.01,4,7120,卖盘
1873,10:24:10,17.81,--,26,46306,买盘
1874,10:24:01,17.81,-0.01,85,151385,卖盘
1875,10:23:55,17.82,--,75,133650,买盘
1876,10:23:49,17.82,--,172,306504,买盘
1877,10:23:46,17.82,--,165,294742,买盘
1878,10:23:40,17.82,--,129,229878,买盘
1879,10:23:34,17.82,--,243,433026,买盘
1880,10:23:31,17.82,--,20,35640,买盘
1881,10:23:25,17.82,0.01,80,142560,买盘
1882,10:23:19,17.81,--,105,187005,买盘
1883,10:23:16,17.81,--,397,707057,买盘
1884,10:23:10,17.81,0.01,84,149604,买盘
1885,10:23:05,17.8,--,120,213600,卖盘
1886,10:23:01,17.8,--,162,288360,卖盘
1887,10:22:55,17.8,--,54,96814,买盘
1888,10:22:49,17.8,--,34,60520,买盘
1889,10:22:40,17.8,0.01,30,53400,买盘
1890,10:22:34,17.79,-0.01,1,1779,卖盘
1891,10:22:30,17.8,--,1,1780,买盘
1892,10:22:25,17.8,--,36,64080,买盘
1893,10:22:19,17.8,0.01,36,64080,买盘
1894,10:22:15,17.79,--,9,16011,卖盘
1895,10:22:10,17.79,-0.01,58,103182,卖盘
1896,10:22:04,17.8,--,106,188680,买盘
1897,10:22:00,17.8,--,64,113920,买盘
1898,10:21:55,17.8,--,48,85440,买盘
1899,10:21:49,17.8,--,70,124600,买盘
1900,10:21:45,17.8,0.01,245,436100,买盘
1901,10:21:40,17.79,0.01,125,222375,中性盘
1902,10:21:34,17.78,-0.02,197,350372,卖盘
1903,10:21:30,17.8,--,158,281240,买盘
1904,10:21:25,17.8,--,207,368460,买盘
1905,10:21:19,17.8,0.01,6,10680,买盘
1906,10:21:15,17.79,-0.01,5,8895,卖盘
1907,10:21:10,17.8,--,35,62300,买盘
1908,10:21:04,17.8,--,34,60520,买盘
1909,10:21:00,17.8,--,108,192240,买盘
1910,10:20:55,17.8,-0.01,36,64080,买盘
1911,10:20:49,17.81,--,0,0,买盘
1912,10:20:45,17.81,--,2,3561,买盘
1913,10:20:40,17.81,0.02,23,40963,买盘
1914,10:20:34,17.79,-0.02,1,1779,卖盘
1915,10:20:30,17.81,--,12,21372,买盘
1916,10:20:25,17.81,0.02,9,16028,买盘
1917,10:20:19,17.79,-0.02,59,105387,卖盘
1918,10:20:10,17.81,0.02,23,40963,买盘
1919,10:20:04,17.79,-0.01,40,71160,卖盘
1920,10:20:00,17.8,-0.01,2,3560,卖盘
1921,10:19:49,17.81,0.02,48,85488,买盘
1922,10:19:45,17.79,--,0,0,卖盘
1923,10:19:40,17.79,-0.02,5,8895,卖盘
1924,10:19:34,17.81,0.02,27,48087,买盘
1925,10:19:30,17.79,--,4,7116,卖盘
1926,10:19:25,17.79,-0.02,4,7116,卖盘
1927,10:19:19,17.81,0.01,17,31523,买盘
1928,10:19:15,17.8,--,31,55180,中性盘
1929,10:19:10,17.8,-0.02,1,1780,卖盘
1930,10:19:04,17.82,--,23,40986,买盘
1931,10:19:00,17.82,--,96,171072,买盘
1932,10:18:55,17.82,0.01,32,57024,买盘
1933,10:18:49,17.81,0.01,79,140699,买盘
1934,10:18:45,17.8,--,134,238520,买盘
1935,10:18:34,17.8,--,35,62300,买盘
1936,10:18:30,17.8,--,9,16020,买盘
1937,10:18:25,17.8,--,0,0,买盘
1938,10:18:19,17.8,--,2,3560,买盘
1939,10:18:15,17.8,0.01,52,92560,买盘
1940,10:18:10,17.79,--,4,7116,卖盘
1941,10:18:04,17.79,0.01,20,35580,买盘
1942,10:18:00,17.78,--,0,0,卖盘
1943,10:17:49,17.78,-0.02,2,3556,卖盘
1944,10:17:45,17.8,--,29,51620,买盘
1945,10:17:40,17.8,--,6,10680,买盘
1946,10:17:34,17.8,0.03,57,101460,买盘
1947,10:17:19,17.77,--,4,7108,买盘
1948,10:17:15,17.77,--,3,5331,买盘
1949,10:17:10,17.77,--,24,42648,买盘
1950,10:17:04,17.77,-0.05,238,422926,卖盘
1951,10:16:55,17.82,-0.01,130,231660,卖盘
1952,10:16:49,17.83,0.01,22,39225,买盘
1953,10:16:40,17.82,--,0,0,卖盘
1954,10:16:28,17.82,-0.01,240,427680,卖盘
1955,10:16:19,17.83,--,53,94498,买盘
1956,10:16:10,17.83,-0.01,58,103413,买盘
1957,10:16:04,17.84,--,10,17840,买盘
1958,10:15:58,17.84,-0.01,927,1653768,卖盘
1959,10:15:54,17.85,--,107,190995,买盘
1960,10:15:49,17.85,--,71,126735,买盘
1961,10:15:43,17.85,0.01,238,424830,买盘
1962,10:15:39,17.84,0.01,48,85632,买盘
1963,10:15:34,17.83,-0.01,123,219308,卖盘
1964,10:15:28,17.84,0.05,156,278304,买盘
1965,10:15:24,17.79,--,168,298872,买盘
1966,10:15:19,17.79,-0.03,180,320220,卖盘
1967,10:15:13,17.82,-0.02,314,559548,中性盘
1968,10:15:09,17.84,0.02,509,908056,买盘
1969,10:15:04,17.82,--,353,629046,买盘
1970,10:14:58,17.82,0.02,188,335016,买盘
1971,10:14:54,17.8,-0.02,40,71200,卖盘
1972,10:14:49,17.82,0.02,392,698544,买盘
1973,10:14:43,17.8,0.01,54,96422,买盘
1974,10:14:39,17.79,-0.01,76,135204,卖盘
1975,10:14:34,17.8,--,371,660380,买盘
1976,10:14:28,17.8,--,288,512640,买盘
1977,10:14:24,17.8,0.01,62,110360,买盘
1978,10:14:19,17.79,0.01,513,912627,买盘
1979,10:14:13,17.78,0.02,302,536956,买盘
1980,10:14:09,17.76,0.01,246,436896,买盘
1981,10:14:04,17.75,--,1004,1782100,卖盘
1982,10:13:58,17.75,0.06,128,227200,买盘
1983,10:13:54,17.69,--,37,65453,买盘
1984,10:13:49,17.69,-0.07,104,183976,卖盘
1985,10:13:43,17.76,--,105,186480,买盘
1986,10:13:39,17.76,0.02,90,159840,买盘
1987,10:13:34,17.74,--,0,0,买盘
1988,10:13:28,17.74,-0.02,11,19514,卖盘
1989,10:13:24,17.76,--,327,580752,买盘
1990,10:13:13,17.76,0.03,453,804528,买盘
1991,10:13:09,17.73,--,23,40779,买盘
1992,10:12:58,17.73,--,4,7092,买盘
1993,10:12:54,17.73,--,4,7092,买盘
1994,10:12:49,17.73,--,283,501759,买盘
1995,10:12:43,17.73,0.03,6,10638,买盘
1996,10:12:39,17.7,-0.03,2,3540,卖盘
1997,10:12:34,17.73,0.03,4,7092,买盘
1998,10:12:28,17.7,-0.02,38,67260,卖盘
1999,10:12:24,17.72,-0.02,3,5316,中性盘
2000,10:12:19,17.74,--,406,720243,买盘
2001,10:12:13,17.74,--,14,24835,买盘
2002,10:12:09,17.74,--,4,7095,买盘
2003,10:11:54,17.74,0.06,4,7095,买盘
2004,10:11:39,17.68,--,1,1768,卖盘
2005,10:11:34,17.68,-0.07,261,461448,卖盘
2006,10:11:28,17.75,0.03,17,30175,买盘
2007,10:11:24,17.72,--,15,26580,买盘
2008,10:11:13,17.72,-0.03,135,240105,卖盘
2009,10:11:09,17.75,--,16,29465,卖盘
2010,10:11:04,17.75,-0.01,11,20057,卖盘
2011,10:10:54,17.76,0.01,24,42624,买盘
2012,10:10:49,17.75,--,35,62125,卖盘
2013,10:10:43,17.75,0.07,806,1431715,买盘
2014,10:10:39,17.68,-0.02,141,249977,卖盘
2015,10:10:34,17.7,-0.01,28,49560,卖盘
2016,10:10:28,17.71,--,18,31878,买盘
2017,10:10:24,17.71,-0.02,36,63756,卖盘
2018,10:10:19,17.73,--,0,0,买盘
2019,10:10:13,17.73,0.05,2,3546,中性盘
2020,10:10:09,17.68,--,270,477360,卖盘
2021,10:10:03,17.68,--,610,1078480,卖盘
2022,10:09:58,17.68,-0.05,167,295256,卖盘
2023,10:09:43,17.73,0.04,14,24822,买盘
2024,10:09:39,17.69,0.01,1,1769,卖盘
2025,10:09:33,17.68,--,0,0,卖盘
2026,10:09:28,17.68,-0.06,238,420784,卖盘
2027,10:09:24,17.74,0.01,36,63863,买盘
2028,10:09:18,17.73,-0.01,76,135705,卖盘
2029,10:09:13,17.74,--,44,78056,买盘
2030,10:09:07,17.74,0.01,95,168529,买盘
2031,10:09:03,17.73,0.05,1460,2589395,买盘
2032,10:08:58,17.68,--,250,442000,卖盘
2033,10:08:52,17.68,-0.02,17,31134,卖盘
2034,10:08:37,17.7,0.02,11,19470,买盘
2035,10:08:33,17.68,--,0,0,卖盘
2036,10:08:28,17.68,-0.02,305,539240,卖盘
2037,10:08:22,17.7,--,282,499140,买盘
2038,10:08:13,17.7,--,46,81420,卖盘
2039,10:08:07,17.7,--,18,31860,买盘
2040,10:08:03,17.7,-0.01,2,3540,中性盘
2041,10:07:58,17.71,0.01,324,573804,买盘
2042,10:07:52,17.7,0.01,39,69030,买盘
2043,10:07:48,17.69,--,4,7076,卖盘
2044,10:07:37,17.69,--,3,5307,卖盘
2045,10:07:33,17.69,-0.02,20,35380,卖盘
2046,10:07:28,17.71,--,0,0,买盘
2047,10:07:22,17.71,--,237,419727,买盘
2048,10:07:13,17.71,--,4,7084,买盘
2049,10:07:07,17.71,0.03,12,21252,买盘
2050,10:06:58,17.68,0.02,10,17680,买盘
2051,10:06:52,17.66,-0.02,239,422074,卖盘
2052,10:06:48,17.68,--,0,0,买盘
2053,10:06:43,17.68,--,0,954,卖盘
2054,10:06:37,17.68,-0.02,25,44200,卖盘
2055,10:06:33,17.7,0.02,76,135334,买盘
2056,10:06:28,17.68,--,24,42432,买盘
2057,10:06:22,17.68,--,345,609960,买盘
2058,10:06:18,17.68,--,65,114920,买盘
2059,10:06:13,17.68,--,675,1193400,买盘
2060,10:06:07,17.68,0.02,105,185640,买盘
2061,10:06:03,17.66,-0.01,8,14128,卖盘
2062,10:05:58,17.67,-0.01,30,53010,买盘
2063,10:05:52,17.68,--,275,486200,买盘
2064,10:05:43,17.68,0.01,36,63648,买盘
2065,10:05:37,17.67,--,2,3534,卖盘
2066,10:05:33,17.67,-0.01,10,17670,中性盘
2067,10:05:28,17.68,--,0,0,买盘
2068,10:05:22,17.68,--,236,417248,买盘
2069,10:05:18,17.68,0.02,14,24752,买盘
2070,10:05:13,17.66,-0.02,12,21192,卖盘
2071,10:05:07,17.68,--,5,8840,买盘
2072,10:05:03,17.68,--,78,137904,买盘
2073,10:04:52,17.68,--,267,472056,买盘
2074,10:04:43,17.68,--,36,63648,买盘
2075,10:04:37,17.68,0.01,29,51395,买盘
2076,10:04:33,17.67,--,672,1187424,买盘
2077,10:04:28,17.67,--,5,8835,买盘
2078,10:04:22,17.67,--,37,65379,买盘
2079,10:04:18,17.67,--,345,609615,买盘
2080,10:04:13,17.67,--,810,1431270,买盘
2081,10:04:07,17.67,--,55,97185,买盘
2082,10:03:57,17.67,--,0,0,买盘
2083,10:03:52,17.67,--,22,38874,买盘
2084,10:03:48,17.67,0.02,24,42408,买盘
2085,10:03:42,17.65,--,0,0,卖盘
2086,10:03:37,17.65,-0.03,280,494199,卖盘
2087,10:03:33,17.68,0.01,613,1083784,卖盘
2088,10:03:27,17.67,--,0,0,卖盘
2089,10:03:22,17.67,-0.01,30,53010,卖盘
2090,10:03:17,17.68,--,1,1768,卖盘
2091,10:03:07,17.68,-0.05,263,464984,买盘
2092,10:03:02,17.73,0.06,15,26595,买盘
2093,10:02:57,17.67,--,120,212040,卖盘
2094,10:02:52,17.67,-0.01,24,42408,卖盘
2095,10:02:47,17.68,0.01,12,21216,中性盘
2096,10:02:37,17.67,0.01,38,67146,卖盘
2097,10:02:32,17.66,-0.01,231,407946,卖盘
2098,10:02:27,17.67,--,3,5301,卖盘
2099,10:02:22,17.67,--,714,1261638,卖盘
2100,10:02:17,17.67,--,0,0,卖盘
2101,10:02:12,17.67,0.02,8,14136,买盘
2102,10:02:07,17.65,--,0,0,卖盘
2103,10:02:01,17.65,-0.05,416,734239,卖盘
2104,10:01:52,17.7,0.04,3,5310,买盘
2105,10:01:42,17.66,--,5,8830,卖盘
2106,10:01:37,17.66,-0.04,1,1766,卖盘
2107,10:01:31,17.7,-0.03,57,101952,卖盘
2108,10:01:22,17.73,--,178,315594,卖盘
2109,10:01:16,17.73,--,8,14184,卖盘
2110,10:01:12,17.73,--,37,66310,卖盘
2111,10:01:07,17.73,--,661,1171953,卖盘
2112,10:01:01,17.73,--,451,799623,卖盘
2113,10:00:52,17.73,0.06,1641,2909493,买盘
2114,10:00:37,17.67,0.02,2,3534,中性盘
2115,10:00:22,17.65,-0.03,25,44831,卖盘
2116,10:00:16,17.68,0.03,258,456144,买盘
2117,10:00:12,17.65,--,41,72365,买盘
2118,10:00:07,17.65,--,19,33535,卖盘
2119,10:00:01,17.65,-0.06,9,15884,卖盘
2120,09:59:57,17.71,--,191,338261,卖盘
2121,09:59:52,17.71,--,189,334719,卖盘
2122,09:59:46,17.71,--,732,1296372,卖盘
2123,09:59:42,17.71,0.08,1888,3343648,买盘
2124,09:59:37,17.63,--,22,38786,卖盘
2125,09:59:31,17.63,0.01,10,17630,卖盘
2126,09:59:27,17.62,--,0,0,卖盘
2127,09:59:22,17.62,--,1000,1762000,卖盘
2128,09:59:16,17.62,-0.07,270,475740,卖盘
2129,09:59:12,17.69,0.07,465,822585,买盘
2130,09:59:07,17.62,-0.01,1002,1765524,卖盘
2131,09:59:01,17.63,-0.06,1000,1763000,卖盘
2132,09:58:56,17.69,0.06,4,7076,中性盘
2133,09:58:52,17.63,--,0,0,卖盘
2134,09:58:46,17.63,-0.08,295,520084,卖盘
2135,09:58:41,17.71,0.09,378,669438,买盘
2136,09:58:37,17.62,--,475,836950,卖盘
2137,09:58:31,17.62,--,0,0,卖盘
2138,09:58:26,17.62,-0.08,2407,4241134,卖盘
2139,09:58:16,17.7,0.05,772,1366440,买盘
2140,09:58:07,17.65,--,0,0,买盘
2141,09:58:01,17.65,--,4,7059,买盘
2142,09:57:56,17.65,-0.01,41,72365,卖盘
2143,09:57:46,17.66,--,6,10596,买盘
2144,09:57:41,17.66,0.01,120,211920,买盘
2145,09:57:31,17.65,-0.01,84,148260,卖盘
2146,09:57:26,17.66,0.01,32,56512,买盘
2147,09:57:21,17.65,-0.01,2,3529,卖盘
2148,09:57:16,17.66,0.01,11,19426,买盘
2149,09:57:11,17.65,0.02,27,47654,卖盘
2150,09:56:56,17.63,-0.02,201,354363,卖盘
2151,09:56:51,17.65,0.02,49,86485,买盘
2152,09:56:46,17.63,-0.01,169,297947,卖盘
2153,09:56:41,17.64,0.01,94,165816,中性盘
2154,09:56:36,17.63,-0.01,46,81098,卖盘
2155,09:56:31,17.64,--,5,8820,卖盘
2156,09:56:26,17.64,0.01,5,8820,卖盘
2157,09:56:21,17.63,--,0,0,卖盘
2158,09:56:16,17.63,-0.01,298,525374,卖盘
2159,09:56:11,17.64,0.01,558,984312,卖盘
2160,09:56:06,17.63,--,0,0,卖盘
2161,09:56:01,17.63,--,437,770431,卖盘
2162,09:55:56,17.63,-0.01,835,1472105,卖盘
2163,09:55:51,17.64,--,2,3528,买盘
2164,09:55:36,17.64,--,36,63504,买盘
2165,09:55:31,17.64,--,203,358092,买盘
2166,09:55:26,17.64,--,4,7056,买盘
2167,09:55:21,17.64,-0.01,45,79380,卖盘
2168,09:55:16,17.65,0.01,5,8825,买盘
2169,09:55:11,17.64,--,10,17640,中性盘
2170,09:55:06,17.64,-0.01,21,37044,卖盘
2171,09:54:51,17.65,--,5,8825,买盘
2172,09:54:46,17.65,--,114,201209,买盘
2173,09:54:40,17.65,0.02,252,444779,买盘
2174,09:54:31,17.63,-0.02,635,1119505,卖盘
2175,09:54:25,17.65,-0.04,355,626575,卖盘
2176,09:54:21,17.69,0.04,1252,2214788,买盘
2177,09:54:16,17.65,--,40,70600,卖盘
2178,09:54:10,17.65,--,10,17650,卖盘
2179,09:54:06,17.65,--,15,26474,卖盘
2180,09:54:01,17.65,--,3,5295,卖盘
2181,09:53:51,17.65,0.01,21,37065,买盘
2182,09:53:46,17.64,-0.01,3,5292,卖盘
2183,09:53:36,17.65,--,10,17650,买盘
2184,09:53:31,17.65,--,3,5295,买盘
2185,09:53:25,17.65,0.02,42,74130,买盘
2186,09:53:21,17.63,--,0,0,卖盘
2187,09:53:16,17.63,-0.02,112,197456,卖盘
2188,09:53:10,17.65,--,337,594805,买盘
2189,09:53:06,17.65,--,3,5295,买盘
2190,09:53:01,17.65,--,55,97074,买盘
2191,09:52:55,17.65,--,70,123549,买盘
2192,09:52:51,17.65,0.01,36,63539,买盘
2193,09:52:46,17.64,--,2,3528,卖盘
2194,09:52:40,17.64,--,37,65268,卖盘
2195,09:52:36,17.64,0.01,43,75852,买盘
2196,09:52:31,17.63,--,129,227427,卖盘
2197,09:52:25,17.63,-0.01,43,75809,卖盘
2198,09:52:21,17.64,0.01,5,8820,买盘
2199,09:52:16,17.63,-0.01,4,7052,卖盘
2200,09:52:10,17.64,0.02,50,88200,买盘
2201,09:52:01,17.62,--,71,125102,卖盘
2202,09:51:55,17.62,-0.01,52,91624,卖盘
2203,09:51:51,17.63,0.01,15,26445,中性盘
2204,09:51:46,17.62,--,181,318922,卖盘
2205,09:51:40,17.62,-0.01,200,352400,卖盘
2206,09:51:36,17.63,--,11,19393,卖盘
2207,09:51:31,17.63,0.01,9,15867,卖盘
2208,09:51:20,17.62,--,0,0,卖盘
2209,09:51:10,17.62,-0.04,135,237870,卖盘
2210,09:51:05,17.66,0.04,8,14128,买盘
2211,09:51:01,17.62,--,0,0,卖盘
2212,09:50:55,17.62,-0.02,331,583222,卖盘
2213,09:50:51,17.64,0.01,605,1067220,卖盘
2214,09:50:45,17.63,-0.01,277,488351,卖盘
2215,09:50:40,17.64,0.01,61,107992,买盘
2216,09:50:35,17.63,--,380,669940,卖盘
2217,09:50:30,17.63,--,29,51127,卖盘
2218,09:50:25,17.63,--,29,51127,卖盘
2219,09:50:20,17.63,--,55,96965,卖盘
2220,09:50:15,17.63,--,3,5289,卖盘
2221,09:50:10,17.63,-0.01,1,1763,中性盘
2222,09:50:05,17.64,0.01,108,190512,买盘
2223,09:50:00,17.63,0.01,20,35260,买盘
2224,09:49:55,17.62,-0.01,117,206154,卖盘
2225,09:49:50,17.63,--,65,114595,买盘
2226,09:49:45,17.63,--,147,260853,卖盘
2227,09:49:40,17.63,-0.01,127,223901,卖盘
2228,09:49:35,17.64,--,53,93492,买盘
2229,09:49:30,17.64,--,101,178164,买盘
2230,09:49:25,17.64,--,24,42406,买盘
2231,09:49:20,17.64,0.01,5,8820,买盘
2232,09:49:15,17.63,--,112,197456,卖盘
2233,09:49:10,17.63,-0.01,51,89913,卖盘
2234,09:49:05,17.64,--,37,65268,卖盘
2235,09:49:00,17.64,--,0,0,卖盘
2236,09:48:55,17.64,0.01,8,14112,卖盘
2237,09:48:50,17.63,-0.01,142,250346,卖盘
2238,09:48:40,17.64,--,1,1764,卖盘
2239,09:48:35,17.64,--,11,19774,买盘
2240,09:48:30,17.64,--,26,45864,买盘
2241,09:48:25,17.64,-0.02,232,410641,卖盘
2242,09:48:20,17.66,-0.02,499,881234,卖盘
2243,09:48:15,17.68,--,13,22984,买盘
2244,09:48:10,17.68,--,0,0,买盘
2245,09:48:05,17.68,-0.01,10,17680,买盘
2246,09:48:00,17.69,0.01,487,861503,买盘
2247,09:47:55,17.68,0.02,1,1768,卖盘
2248,09:47:50,17.66,-0.02,766,1352756,卖盘
2249,09:47:40,17.68,-0.01,21,37128,卖盘
2250,09:47:35,17.69,--,20,35380,买盘
2251,09:47:30,17.69,--,12,21228,买盘
2252,09:47:25,17.69,0.01,28,49532,买盘
2253,09:47:19,17.68,-0.01,28,49504,卖盘
2254,09:47:15,17.69,0.01,1,1769,买盘
2255,09:47:10,17.68,--,5,8840,卖盘
2256,09:47:05,17.68,--,9,15912,卖盘
2257,09:46:55,17.68,--,9,15912,卖盘
2258,09:46:49,17.68,-0.01,21,37128,卖盘
2259,09:46:45,17.69,0.01,1,1769,买盘
2260,09:46:40,17.68,--,3,5304,卖盘
2261,09:46:34,17.68,--,9,15912,卖盘
2262,09:46:25,17.68,--,3,5304,卖盘
2263,09:46:19,17.68,--,4,7072,卖盘
2264,09:46:15,17.68,--,1,1768,卖盘
2265,09:46:10,17.68,-0.01,4,7072,卖盘
2266,09:46:04,17.69,0.01,10,17690,买盘
2267,09:45:40,17.68,--,0,0,中性盘
2268,09:45:34,17.68,-0.02,1,1768,中性盘
2269,09:45:25,17.7,0.03,58,102660,买盘
2270,09:45:19,17.67,-0.01,20,35340,卖盘
2271,09:45:15,17.68,--,0,0,卖盘
2272,09:45:10,17.68,--,1,1768,买盘
2273,09:45:00,17.68,--,3,5304,买盘
2274,09:44:55,17.68,--,13,22984,买盘
2275,09:44:49,17.68,-0.01,179,318169,卖盘
2276,09:44:45,17.69,0.01,1,1769,买盘
2277,09:44:40,17.68,--,31,54808,卖盘
2278,09:44:34,17.68,-0.01,3,5304,卖盘
2279,09:44:30,17.69,0.01,2,3538,买盘
2280,09:44:10,17.68,--,7,12376,卖盘
2281,09:44:04,17.68,-0.01,23,40664,卖盘
2282,09:44:00,17.69,--,5,8845,买盘
2283,09:43:55,17.69,0.01,10,17690,买盘
2284,09:43:49,17.68,-0.01,2,3536,卖盘
2285,09:43:45,17.69,0.01,13,22997,买盘
2286,09:43:19,17.68,0.01,31,54878,买盘
2287,09:43:14,17.67,--,250,441750,卖盘
2288,09:43:09,17.67,--,4,7068,卖盘
2289,09:43:04,17.67,--,22,38874,卖盘
2290,09:42:54,17.67,--,60,106020,卖盘
2291,09:42:34,17.67,-0.01,41,72447,卖盘
2292,09:42:29,17.68,0.01,70,123760,买盘
2293,09:42:14,17.67,--,31,54777,卖盘
2294,09:42:09,17.67,-0.01,1,1767,卖盘
2295,09:42:04,17.68,--,2,3536,买盘
2296,09:41:59,17.68,--,15,28217,卖盘
2297,09:41:54,17.68,--,14,24752,卖盘
2298,09:41:49,17.68,--,9,15912,卖盘
2299,09:41:44,17.68,-0.01,1,1768,卖盘
2300,09:41:39,17.69,0.01,10,17690,买盘
2301,09:41:34,17.68,--,17,30056,卖盘
2302,09:41:29,17.68,-0.01,7,12376,卖盘
2303,09:41:24,17.69,0.01,50,88450,买盘
2304,09:41:14,17.68,-0.01,5,8840,卖盘
2305,09:41:04,17.69,0.01,6,10614,买盘
2306,09:40:59,17.68,--,5,8840,卖盘
2307,09:40:44,17.68,--,1,1838,卖盘
2308,09:40:34,17.68,-0.01,65,114920,卖盘
2309,09:40:29,17.69,--,34,60146,买盘
2310,09:40:24,17.69,0.02,15,26535,买盘
2311,09:40:19,17.67,0.01,92,162564,卖盘
2312,09:40:14,17.66,--,0,0,卖盘
2313,09:40:09,17.66,-0.02,86,151876,卖盘
2314,09:40:04,17.68,0.01,66,117059,买盘
2315,09:39:59,17.67,-0.02,380,672855,卖盘
2316,09:39:54,17.69,0.01,9,15921,买盘
2317,09:39:49,17.68,--,50,88400,卖盘
2318,09:39:34,17.68,--,5,8840,卖盘
2319,09:39:29,17.68,0.01,140,247891,买盘
2320,09:39:24,17.67,--,1,1767,买盘
2321,09:39:19,17.67,--,39,68913,买盘
2322,09:39:13,17.67,-0.01,6,11997,卖盘
2323,09:39:09,17.68,0.01,10,18051,买盘
2324,09:39:04,17.67,0.01,13,24366,卖盘
2325,09:38:58,17.66,-0.02,282,499371,卖盘
2326,09:38:54,17.68,0.02,5,8840,买盘
2327,09:38:34,17.66,-0.01,171,303169,卖盘
2328,09:38:28,17.67,0.01,123,219054,买盘
2329,09:38:19,17.66,-0.01,166,293156,卖盘
2330,09:38:13,17.67,0.01,6,10602,买盘
2331,09:38:09,17.66,-0.01,1,1766,卖盘
2332,09:38:04,17.67,--,52,91884,买盘
2333,09:37:53,17.67,--,1,1767,买盘
2334,09:37:49,17.67,--,1,1767,买盘
2335,09:37:38,17.67,--,39,68913,买盘
2336,09:37:34,17.67,-0.01,77,137472,卖盘
2337,09:37:28,17.68,0.01,15,26520,卖盘
2338,09:37:23,17.67,--,10,17670,卖盘
2339,09:37:19,17.67,--,114,201791,卖盘
2340,09:37:13,17.67,--,5,8835,卖盘
2341,09:37:08,17.67,--,1,1767,卖盘
2342,09:37:04,17.67,-0.01,91,160797,卖盘
2343,09:36:58,17.68,--,15,26520,买盘
2344,09:36:53,17.68,0.01,100,176800,买盘
2345,09:36:49,17.67,-0.01,63,111321,卖盘
2346,09:36:43,17.68,0.01,158,279344,买盘
2347,09:36:38,17.67,--,1,1767,卖盘
2348,09:36:34,17.67,--,37,65379,卖盘
2349,09:36:28,17.67,--,110,194370,中性盘
2350,09:36:23,17.67,0.01,1,1767,卖盘
2351,09:36:19,17.66,--,92,162472,卖盘
2352,09:36:13,17.66,-0.02,163,289270,卖盘
2353,09:36:08,17.68,0.01,156,277222,买盘
2354,09:36:04,17.67,--,49,87289,卖盘
2355,09:35:58,17.67,-0.01,74,131464,卖盘
2356,09:35:53,17.68,--,60,106080,卖盘
2357,09:35:48,17.68,--,35,61880,卖盘
2358,09:35:43,17.68,--,47,83096,卖盘
2359,09:35:38,17.68,--,16,28288,卖盘
2360,09:35:33,17.68,-0.01,43,76024,卖盘
2361,09:35:28,17.69,-0.02,88,155672,中性盘
2362,09:35:23,17.71,0.03,187,331177,买盘
2363,09:35:18,17.68,--,99,175032,卖盘
2364,09:35:13,17.68,-0.02,418,740438,卖盘
2365,09:35:08,17.7,-0.01,256,453828,卖盘
2366,09:35:03,17.71,--,6,10626,卖盘
2367,09:34:58,17.71,-0.02,9,15939,卖盘
2368,09:34:53,17.73,0.01,14,24822,买盘
2369,09:34:48,17.72,-0.01,10,17720,卖盘
2370,09:34:38,17.73,0.01,2,3546,卖盘
2371,09:34:28,17.72,-0.03,4,7088,卖盘
2372,09:34:23,17.75,--,102,181050,买盘
2373,09:34:18,17.75,-0.01,66,117150,卖盘
2374,09:34:13,17.76,--,1,1776,买盘
2375,09:34:08,17.76,--,34,60384,买盘
2376,09:34:03,17.76,0.03,65,115440,买盘
2377,09:33:58,17.73,0.02,1,1773,中性盘
2378,09:33:43,17.71,0.01,20,35420,卖盘
2379,09:33:38,17.7,--,0,0,卖盘
2380,09:33:33,17.7,-0.05,1,1770,卖盘
2381,09:33:28,17.75,0.05,36,63900,买盘
2382,09:33:23,17.7,0.01,1,1770,中性盘
2383,09:33:18,17.69,--,90,159210,卖盘
2384,09:33:13,17.69,-0.01,39,68991,卖盘
2385,09:33:08,17.7,0.02,236,417720,买盘
2386,09:33:03,17.68,--,151,266968,卖盘
2387,09:32:58,17.68,-0.02,211,373048,卖盘
2388,09:32:48,17.7,0.01,1,1770,买盘
2389,09:32:43,17.69,0.01,1,1769,买盘
2390,09:32:38,17.68,-0.01,10,17680,买盘
2391,09:32:33,17.69,0.03,10,17690,中性盘
2392,09:32:28,17.66,-0.03,98,173421,卖盘
2393,09:32:23,17.69,--,7,12383,买盘
2394,09:32:18,17.69,--,85,150365,卖盘
2395,09:32:13,17.69,--,2,3538,卖盘
2396,09:32:08,17.69,--,68,120292,买盘
2397,09:31:58,17.69,--,146,258274,买盘
2398,09:31:52,17.69,--,52,91988,买盘
2399,09:31:48,17.69,-0.01,123,219002,卖盘
2400,09:31:38,17.7,-0.03,55,97350,卖盘
2401,09:31:33,17.73,0.02,8,14184,买盘
2402,09:31:28,17.71,0.01,10,17710,卖盘
2403,09:31:22,17.7,-0.01,97,172398,卖盘
2404,09:31:18,17.71,-0.01,42,75090,卖盘
2405,09:31:13,17.72,0.01,24,42528,买盘
2406,09:31:07,17.71,--,4,7084,卖盘
2407,09:31:03,17.71,--,73,129283,卖盘
2408,09:30:58,17.71,-0.06,28,49588,卖盘
2409,09:30:52,17.77,0.06,50,88850,买盘
2410,09:30:48,17.71,-0.04,36,64464,卖盘
2411,09:30:43,17.75,--,2,3550,卖盘
2412,09:30:37,17.75,-0.02,21,37275,卖盘
2413,09:30:32,17.77,--,10,17770,买盘
2414,09:30:27,17.77,0.02,61,108397,买盘
2415,09:30:22,17.75,-0.02,13,23075,卖盘
2416,09:30:12,17.77,--,35,62195,买盘
2417,09:30:07,17.77,-0.02,290,515330,卖盘
2418,09:30:02,17.79,--,78,138762,买盘
2419,09:28:46,17.79,--,0,0,买盘
2420,09:25:05,17.79,17.79,575,1022925,买盘
