,time,price,change,volume,amount,type
0,15:00:00,3.69,--,0,0,卖盘
1,15:00:00,3.69,--,0,0,卖盘
2,14:59:57,3.69,--,322,118818,卖盘
3,14:59:51,3.69,--,8,3055,卖盘
4,14:59:47,3.69,--,110,40590,卖盘
5,14:59:42,3.69,--,87,32103,卖盘
6,14:59:37,3.69,-0.01,123,45387,卖盘
7,14:59:32,3.7,--,118,43660,买盘
8,14:59:27,3.7,--,83,30710,买盘
9,14:59:22,3.7,--,7,2590,买盘
10,14:59:17,3.7,--,60,22200,买盘
11,14:59:12,3.7,--,31,11470,买盘
12,14:59:02,3.7,0.01,74,27380,买盘
13,14:58:57,3.69,-0.01,310,114390,卖盘
14,14:58:52,3.7,--,113,41810,买盘
15,14:58:48,3.7,0.01,37,13690,买盘
16,14:58:42,3.69,-0.01,226,83394,卖盘
17,14:58:37,3.7,0.01,29,10730,买盘
18,14:58:32,3.69,-0.01,159,58671,卖盘
19,14:58:27,3.7,--,54,19980,买盘
20,14:58:22,3.7,0.01,180,66600,买盘
21,14:58:17,3.69,--,20,7380,卖盘
22,14:58:12,3.69,-0.01,1,369,卖盘
23,14:58:07,3.7,0.01,140,51800,买盘
24,14:58:02,3.69,-0.01,116,42804,卖盘
25,14:57:56,3.7,--,336,124320,买盘
26,14:57:52,3.7,--,177,65490,买盘
27,14:57:46,3.7,0.01,172,63640,买盘
28,14:57:42,3.69,-0.01,54,19926,卖盘
29,14:57:37,3.7,0.01,54,19980,买盘
30,14:57:32,3.69,--,1,369,卖盘
31,14:57:22,3.69,-0.01,17,6273,卖盘
32,14:57:16,3.7,--,302,111740,买盘
33,14:57:12,3.7,0.01,227,83990,买盘
34,14:56:57,3.69,--,223,82287,卖盘
35,14:56:51,3.69,-0.01,541,199629,卖盘
36,14:56:46,3.7,--,90,33300,买盘
37,14:56:37,3.7,0.01,64,23680,买盘
38,14:56:31,3.69,-0.01,54,19926,卖盘
39,14:56:27,3.7,0.01,128,47360,买盘
40,14:56:22,3.69,--,2376,876744,卖盘
41,14:56:12,3.69,--,51,18819,卖盘
42,14:56:02,3.69,--,10,3690,卖盘
43,14:55:57,3.69,-0.01,473,174537,卖盘
44,14:55:51,3.7,0.01,4,1480,买盘
45,14:55:47,3.69,--,70,25830,卖盘
46,14:55:37,3.69,--,15,5535,卖盘
47,14:55:26,3.69,-0.01,38,14022,卖盘
48,14:55:01,3.7,0.01,128,47360,买盘
49,14:54:57,3.69,-0.01,17,6273,卖盘
50,14:54:51,3.7,--,91,33670,买盘
51,14:54:42,3.7,--,108,39960,买盘
52,14:54:30,3.7,--,156,57720,买盘
53,14:54:26,3.7,--,245,90650,买盘
54,14:54:21,3.7,0.01,452,167240,买盘
55,14:54:15,3.69,-0.01,24,8856,卖盘
56,14:54:11,3.7,0.01,80,29600,买盘
57,14:54:07,3.69,--,99,36531,卖盘
58,14:53:56,3.69,--,140,51660,卖盘
59,14:53:51,3.69,--,13,4797,卖盘
60,14:53:41,3.69,--,145,53505,卖盘
61,14:53:36,3.69,-0.01,1,369,卖盘
62,14:53:31,3.7,--,18,6660,买盘
63,14:53:26,3.7,--,348,128760,买盘
64,14:53:22,3.7,0.01,107,39590,买盘
65,14:53:11,3.69,-0.01,94,34686,卖盘
66,14:53:06,3.7,--,524,193880,买盘
67,14:52:56,3.7,0.01,29,10730,买盘
68,14:52:52,3.69,--,33,12177,卖盘
69,14:52:45,3.69,-0.01,390,143910,卖盘
70,14:52:41,3.7,0.01,844,312280,买盘
71,14:52:36,3.69,--,446,164574,卖盘
72,14:52:26,3.69,0.01,127,46863,卖盘
73,14:52:20,3.68,-0.02,194,71392,卖盘
74,14:52:14,3.7,0.01,574,212380,买盘
75,14:52:11,3.69,--,3647,1345743,买盘
76,14:52:05,3.69,--,258,95202,买盘
77,14:52:00,3.69,--,613,226197,买盘
78,14:51:56,3.69,--,1216,448704,买盘
79,14:51:50,3.69,--,5,1845,买盘
80,14:51:45,3.69,--,86,31734,买盘
81,14:51:41,3.69,--,496,183024,买盘
82,14:51:35,3.69,--,412,152028,买盘
83,14:51:31,3.69,0.01,332,122508,买盘
84,14:51:26,3.68,-0.01,245,90160,卖盘
85,14:51:21,3.69,--,218,80523,买盘
86,14:51:15,3.69,0.01,86,31734,买盘
87,14:51:11,3.68,-0.01,287,105616,卖盘
88,14:51:06,3.69,--,591,218079,买盘
89,14:51:00,3.69,0.01,1,369,买盘
90,14:50:56,3.68,--,9,3312,卖盘
91,14:50:50,3.68,--,3,1104,卖盘
92,14:50:41,3.68,-0.01,762,280416,卖盘
93,14:50:35,3.69,--,34,12546,买盘
94,14:50:31,3.69,--,36,13284,买盘
95,14:50:25,3.69,--,100,36900,买盘
96,14:50:21,3.69,--,138,50922,买盘
97,14:50:15,3.69,--,83,30627,买盘
98,14:50:10,3.69,0.01,28,10332,买盘
99,14:50:00,3.68,-0.01,26,9568,卖盘
100,14:49:51,3.69,--,526,194094,买盘
101,14:49:41,3.69,--,89,32841,买盘
102,14:49:31,3.69,--,15,5535,买盘
103,14:49:20,3.69,--,170,62730,买盘
104,14:49:16,3.69,0.01,128,47232,买盘
105,14:49:10,3.68,--,163,59984,卖盘
106,14:49:05,3.68,-0.01,2507,922576,卖盘
107,14:48:59,3.69,--,77,28413,买盘
108,14:48:56,3.69,--,15,5535,买盘
109,14:48:50,3.69,0.01,32,11808,买盘
110,14:48:45,3.68,-0.01,9,3312,卖盘
111,14:48:40,3.69,0.01,3,1107,买盘
112,14:48:35,3.68,-0.01,263,96784,卖盘
113,14:48:30,3.69,0.01,111,40959,买盘
114,14:48:20,3.68,-0.01,440,162273,卖盘
115,14:48:16,3.69,--,53,19557,买盘
116,14:48:11,3.69,--,117,43173,买盘
117,14:48:05,3.69,--,112,41328,买盘
118,14:48:00,3.69,0.01,324,119556,买盘
119,14:47:50,3.68,--,247,90896,卖盘
120,14:47:45,3.68,-0.01,145,53360,卖盘
121,14:47:41,3.69,--,5,1845,买盘
122,14:47:36,3.69,--,320,118080,买盘
123,14:47:30,3.69,--,198,73062,买盘
124,14:47:20,3.69,--,32,11808,买盘
125,14:47:15,3.69,--,162,59778,买盘
126,14:47:10,3.69,--,129,47601,买盘
127,14:47:05,3.69,--,89,32841,买盘
128,14:46:59,3.69,--,206,76014,买盘
129,14:46:50,3.69,0.01,263,97047,买盘
130,14:46:45,3.68,-0.01,100,36800,卖盘
131,14:46:39,3.69,0.01,3,1107,买盘
132,14:46:35,3.68,-0.01,21,7728,卖盘
133,14:46:30,3.69,--,1,369,买盘
134,14:46:23,3.69,--,21,7749,买盘
135,14:46:15,3.69,0.01,48,17712,买盘
136,14:46:09,3.68,--,58,21344,卖盘
137,14:46:05,3.68,--,197,72496,卖盘
138,14:46:00,3.68,-0.01,31,11408,卖盘
139,14:45:50,3.69,0.01,394,145386,买盘
140,14:45:45,3.68,--,578,212704,卖盘
141,14:45:40,3.68,--,16,5888,卖盘
142,14:45:35,3.68,--,319,117392,卖盘
143,14:45:30,3.68,-0.01,189,69552,卖盘
144,14:45:24,3.69,0.01,70,25830,买盘
145,14:45:20,3.68,-0.01,79,29072,卖盘
146,14:45:15,3.69,0.01,375,138729,买盘
147,14:45:09,3.68,--,127,46736,卖盘
148,14:45:00,3.68,--,391,143888,卖盘
149,14:44:54,3.68,-0.01,112,41216,卖盘
150,14:44:50,3.69,--,331,122139,买盘
151,14:44:44,3.69,--,46,16974,买盘
152,14:44:38,3.69,--,268,98892,买盘
153,14:44:35,3.69,0.01,163,60147,买盘
154,14:44:29,3.68,-0.01,315,115920,卖盘
155,14:44:24,3.69,0.01,204,75276,买盘
156,14:44:20,3.68,-0.01,20,7360,卖盘
157,14:44:14,3.69,--,185,68265,买盘
158,14:44:09,3.69,0.01,849,313281,买盘
159,14:44:05,3.68,-0.01,488,179584,卖盘
160,14:43:59,3.69,0.01,279,102951,买盘
161,14:43:54,3.68,-0.01,11,4048,卖盘
162,14:43:50,3.69,0.01,156,57564,买盘
163,14:43:44,3.68,-0.01,36,13248,卖盘
164,14:43:39,3.69,0.01,1003,370107,买盘
165,14:43:35,3.68,-0.01,64,23552,卖盘
166,14:43:29,3.69,--,60,22140,买盘
167,14:43:20,3.69,--,86,31734,买盘
168,14:43:14,3.69,--,1,369,买盘
169,14:43:09,3.69,--,117,43173,买盘
170,14:43:05,3.69,--,492,181548,买盘
171,14:42:59,3.69,0.01,1145,422505,买盘
172,14:42:50,3.68,-0.01,81,29808,卖盘
173,14:42:38,3.69,0.01,110,40590,买盘
174,14:42:34,3.68,-0.01,70,25760,卖盘
175,14:42:29,3.69,0.01,431,159039,买盘
176,14:42:23,3.68,-0.01,30,11040,卖盘
177,14:42:14,3.69,0.01,379,139851,买盘
178,14:42:09,3.68,-0.01,437,161169,卖盘
179,14:42:03,3.69,--,71,26199,买盘
180,14:41:59,3.69,--,87,32103,买盘
181,14:41:54,3.69,0.01,78,28782,买盘
182,14:41:48,3.68,-0.01,25,9200,卖盘
183,14:41:38,3.69,0.01,3,1107,买盘
184,14:41:29,3.68,--,40,14720,卖盘
185,14:41:24,3.68,--,3,1104,卖盘
186,14:41:20,3.68,-0.01,21,7728,卖盘
187,14:41:14,3.69,0.01,484,178596,买盘
188,14:41:09,3.68,-0.01,7,2576,卖盘
189,14:40:59,3.69,--,77,28413,买盘
190,14:40:54,3.69,0.01,27,9963,买盘
191,14:40:50,3.68,-0.01,21,7728,卖盘
192,14:40:44,3.69,0.01,213,78597,买盘
193,14:40:39,3.68,--,18,6624,卖盘
194,14:40:35,3.68,-0.01,55,20240,卖盘
195,14:40:29,3.69,--,238,87822,买盘
196,14:40:24,3.69,0.01,87,32103,买盘
197,14:40:19,3.68,-0.01,306,112608,卖盘
198,14:40:14,3.69,--,489,180754,买盘
199,14:40:09,3.69,0.01,228,84132,买盘
200,14:39:59,3.68,-0.01,130,47840,卖盘
201,14:39:54,3.69,0.01,8,2952,买盘
202,14:39:50,3.68,--,20,7360,卖盘
203,14:39:44,3.68,-0.01,142,52256,卖盘
204,14:39:39,3.69,--,39,14391,买盘
205,14:39:33,3.69,0.01,3,1107,买盘
206,14:39:29,3.68,-0.01,193,71024,卖盘
207,14:39:24,3.69,--,3,1107,买盘
208,14:39:17,3.69,--,285,105165,买盘
209,14:39:15,3.69,--,479,176751,买盘
210,14:39:08,3.69,0.01,295,108855,买盘
211,14:38:59,3.68,-0.01,212,78016,卖盘
212,14:38:54,3.69,0.01,8,2952,买盘
213,14:38:44,3.68,-0.01,235,86480,卖盘
214,14:38:38,3.69,0.01,2,738,买盘
215,14:38:29,3.68,-0.01,135,49680,卖盘
216,14:38:18,3.69,--,312,115128,买盘
217,14:38:14,3.69,--,141,52029,买盘
218,14:38:09,3.69,0.01,13,4797,买盘
219,14:38:03,3.68,--,156,57408,卖盘
220,14:37:59,3.68,-0.01,141,51888,卖盘
221,14:37:53,3.69,0.01,9,3321,买盘
222,14:37:44,3.68,--,826,303968,卖盘
223,14:37:38,3.68,--,142,52256,卖盘
224,14:37:29,3.68,--,637,234416,卖盘
225,14:37:24,3.68,--,543,199824,卖盘
226,14:37:18,3.68,--,848,312064,卖盘
227,14:37:14,3.68,-0.01,630,231840,卖盘
228,14:37:09,3.69,0.01,134,49759,买盘
229,14:37:03,3.68,--,13,4784,卖盘
230,14:36:59,3.68,-0.01,171,62928,卖盘
231,14:36:53,3.69,0.01,85,31365,买盘
232,14:36:48,3.68,--,74,27232,卖盘
233,14:36:44,3.68,-0.01,296,108928,卖盘
234,14:36:38,3.69,0.01,2,738,买盘
235,14:36:32,3.68,--,24,8832,卖盘
236,14:36:29,3.68,-0.01,386,142048,卖盘
237,14:36:23,3.69,0.01,109,40221,买盘
238,14:36:18,3.68,-0.01,150,55200,卖盘
239,14:36:14,3.69,0.01,902,332838,买盘
240,14:36:08,3.68,--,514,189152,卖盘
241,14:36:03,3.68,-0.01,25,9200,卖盘
242,14:35:59,3.69,--,134,49446,买盘
243,14:35:53,3.69,0.01,45,16605,买盘
244,14:35:48,3.68,--,74,27232,卖盘
245,14:35:44,3.68,-0.01,135,49680,卖盘
246,14:35:38,3.69,--,148,54612,买盘
247,14:35:29,3.69,0.01,440,162360,买盘
248,14:35:23,3.68,-0.01,62,22816,卖盘
249,14:35:17,3.69,0.01,1674,617706,买盘
250,14:35:13,3.68,-0.01,223,82064,卖盘
251,14:35:08,3.69,0.01,391,144279,买盘
252,14:35:02,3.68,-0.01,454,167072,卖盘
253,14:34:53,3.69,0.01,110,40590,买盘
254,14:34:48,3.68,--,212,78016,卖盘
255,14:34:41,3.68,-0.01,23,8464,卖盘
256,14:34:39,3.69,--,265,97785,买盘
257,14:34:33,3.69,--,13,4797,卖盘
258,14:34:29,3.69,0.01,153,56457,卖盘
259,14:34:23,3.68,-0.02,1905,701139,卖盘
260,14:34:18,3.7,0.01,576,213120,买盘
261,14:34:12,3.69,--,33,12177,卖盘
262,14:34:08,3.69,-0.01,4,1774,卖盘
263,14:34:03,3.7,0.01,205,76164,买盘
264,14:33:58,3.69,--,130,47970,卖盘
265,14:33:53,3.69,-0.01,52,19188,卖盘
266,14:33:48,3.7,0.01,82,30340,买盘
267,14:33:41,3.69,--,397,146493,卖盘
268,14:33:38,3.69,-0.01,185,68265,卖盘
269,14:33:33,3.7,0.01,2476,916120,买盘
270,14:33:27,3.69,--,212,78228,卖盘
271,14:33:23,3.69,-0.01,112,41328,卖盘
272,14:33:18,3.7,0.01,386,142820,买盘
273,14:33:13,3.69,-0.01,7,2583,卖盘
274,14:33:08,3.7,0.01,6,2220,买盘
275,14:33:02,3.69,--,133,49077,卖盘
276,14:32:58,3.69,--,3,1107,卖盘
277,14:32:53,3.69,-0.01,288,106272,卖盘
278,14:32:48,3.7,0.01,1424,526880,买盘
279,14:32:42,3.69,--,24,8856,卖盘
280,14:32:38,3.69,--,666,245754,卖盘
281,14:32:27,3.69,-0.01,1441,531729,卖盘
282,14:32:23,3.7,0.01,548,202760,买盘
283,14:32:17,3.69,--,257,94833,卖盘
284,14:32:12,3.69,-0.01,169,62361,卖盘
285,14:32:08,3.7,0.01,64,23680,买盘
286,14:32:03,3.69,--,130,47970,卖盘
287,14:31:57,3.69,-0.01,30,11070,卖盘
288,14:31:53,3.7,--,2,740,买盘
289,14:31:48,3.7,0.01,1495,553150,买盘
290,14:31:42,3.69,-0.01,430,158670,卖盘
291,14:31:38,3.7,--,319,118030,买盘
292,14:31:32,3.7,0.01,743,274910,买盘
293,14:31:26,3.69,--,138,50922,卖盘
294,14:31:23,3.69,--,274,101106,卖盘
295,14:31:18,3.69,-0.01,468,172692,卖盘
296,14:31:12,3.7,--,182,67340,买盘
297,14:31:08,3.7,0.01,646,239020,买盘
298,14:31:02,3.69,--,1,369,卖盘
299,14:30:56,3.69,-0.01,264,97729,卖盘
300,14:30:53,3.7,--,1,370,买盘
301,14:30:47,3.7,0.01,268,99160,买盘
302,14:30:41,3.69,-0.01,230,84870,卖盘
303,14:30:38,3.7,0.01,112,41440,买盘
304,14:30:26,3.69,-0.01,142,52398,卖盘
305,14:30:18,3.7,0.01,5551,2053870,买盘
306,14:30:12,3.69,-0.01,225,83025,卖盘
307,14:30:08,3.7,--,607,224590,买盘
308,14:30:02,3.7,0.01,112,41440,买盘
309,14:29:57,3.69,-0.01,256,94464,卖盘
310,14:29:53,3.7,--,887,328190,买盘
311,14:29:47,3.7,0.01,2041,755170,买盘
312,14:29:42,3.69,-0.01,315,116235,卖盘
313,14:29:38,3.7,0.01,27,9990,买盘
314,14:29:32,3.69,--,21,7749,卖盘
315,14:29:27,3.69,-0.01,1649,608481,卖盘
316,14:29:23,3.7,0.01,1565,579050,买盘
317,14:29:17,3.69,--,120,44438,卖盘
318,14:29:12,3.69,--,378,139482,卖盘
319,14:29:08,3.69,--,336,123984,卖盘
320,14:28:57,3.69,-0.01,191,70479,卖盘
321,14:28:53,3.7,--,332,122840,买盘
322,14:28:47,3.7,0.01,17,6290,买盘
323,14:28:41,3.69,-0.01,130,47970,卖盘
324,14:28:38,3.7,--,479,177230,买盘
325,14:28:32,3.7,0.01,22,8140,买盘
326,14:28:27,3.69,--,498,183762,卖盘
327,14:28:23,3.69,-0.01,787,290580,卖盘
328,14:28:17,3.7,0.01,265,98050,买盘
329,14:28:12,3.69,-0.01,813,299997,卖盘
330,14:28:05,3.7,--,103,38110,买盘
331,14:28:02,3.7,0.01,432,159840,买盘
332,14:27:56,3.69,--,257,94833,卖盘
333,14:27:52,3.69,--,641,236529,卖盘
334,14:27:47,3.69,--,427,157876,卖盘
335,14:27:42,3.69,--,2957,1091413,买盘
336,14:27:36,3.69,0.01,684,252396,买盘
337,14:27:32,3.68,--,309,113712,卖盘
338,14:27:27,3.68,-0.01,775,285200,卖盘
339,14:27:22,3.69,0.01,551,203496,买盘
340,14:27:17,3.68,--,1795,660560,卖盘
341,14:27:12,3.68,--,148,54464,卖盘
342,14:27:07,3.68,-0.01,15,5520,卖盘
343,14:27:02,3.69,0.01,1452,535788,买盘
344,14:26:57,3.68,-0.01,216,79488,卖盘
345,14:26:53,3.69,--,718,264942,买盘
346,14:26:47,3.69,0.01,2197,810693,买盘
347,14:26:41,3.68,-0.01,691,254288,卖盘
348,14:26:37,3.69,--,1,369,买盘
349,14:26:32,3.69,--,3088,1139560,卖盘
350,14:26:27,3.69,-0.01,148,54612,卖盘
351,14:26:21,3.7,0.01,20,7400,买盘
352,14:26:17,3.69,--,345,127482,卖盘
353,14:26:11,3.69,--,363,133947,卖盘
354,14:26:07,3.69,--,225,83025,卖盘
355,14:26:02,3.69,--,121,44649,卖盘
356,14:25:57,3.69,-0.01,132,48708,卖盘
357,14:25:52,3.7,--,287,106190,买盘
358,14:25:47,3.7,0.01,68,25160,买盘
359,14:25:42,3.69,--,191,70479,卖盘
360,14:25:37,3.69,--,15,5535,卖盘
361,14:25:32,3.69,--,21,7749,卖盘
362,14:25:26,3.69,--,313,115497,卖盘
363,14:25:20,3.69,--,676,249444,卖盘
364,14:25:17,3.69,--,132,48885,卖盘
365,14:25:12,3.69,--,145,53505,卖盘
366,14:25:05,3.69,-0.01,225,83025,卖盘
367,14:25:02,3.7,0.01,189,69930,买盘
368,14:24:57,3.69,-0.01,147,54243,卖盘
369,14:24:50,3.7,0.01,310,114700,买盘
370,14:24:47,3.69,--,161,59722,卖盘
371,14:24:41,3.69,--,132,48708,卖盘
372,14:24:32,3.69,--,532,196308,卖盘
373,14:24:26,3.69,--,591,218079,卖盘
374,14:24:17,3.69,--,107,39660,卖盘
375,14:24:12,3.69,--,584,215496,卖盘
376,14:24:05,3.69,-0.01,300,110700,卖盘
377,14:24:02,3.7,0.01,107,39590,买盘
378,14:23:57,3.69,--,1571,579699,卖盘
379,14:23:51,3.69,-0.01,26,9594,卖盘
380,14:23:47,3.7,0.01,843,311910,买盘
381,14:23:41,3.69,-0.01,153,56457,卖盘
382,14:23:35,3.7,--,432,159840,买盘
383,14:23:32,3.7,0.01,23,8510,买盘
384,14:23:26,3.69,--,454,167526,卖盘
385,14:23:20,3.69,-0.01,124,45929,卖盘
386,14:23:17,3.7,--,21,7770,买盘
387,14:23:11,3.7,--,472,174640,买盘
388,14:23:05,3.7,--,107,39590,买盘
389,14:23:02,3.7,0.01,18,6660,买盘
390,14:22:56,3.69,-0.01,139,51291,卖盘
391,14:22:47,3.7,0.01,292,108040,买盘
392,14:22:41,3.69,--,212,78228,卖盘
393,14:22:36,3.69,--,5,1845,卖盘
394,14:22:26,3.69,--,238,87822,买盘
395,14:22:21,3.69,-0.01,2,738,买盘
396,14:22:17,3.7,0.01,542,200732,买盘
397,14:22:11,3.69,-0.01,141,52029,卖盘
398,14:22:05,3.7,0.01,288,106560,买盘
399,14:22:02,3.69,--,100,36900,卖盘
400,14:21:56,3.69,--,210,77490,卖盘
401,14:21:50,3.69,--,357,131910,买盘
402,14:21:47,3.69,0.01,317,116973,买盘
403,14:21:41,3.68,--,134,49624,卖盘
404,14:21:35,3.68,-0.01,531,195599,卖盘
405,14:21:32,3.69,0.01,194,71763,买盘
406,14:21:26,3.68,-0.01,137,50416,卖盘
407,14:21:21,3.69,0.01,152,56088,买盘
408,14:21:11,3.68,-0.02,46,16928,卖盘
409,14:21:06,3.7,0.01,170,63059,买盘
410,14:20:56,3.69,--,621,229149,卖盘
411,14:20:50,3.69,-0.01,143,52767,卖盘
412,14:20:46,3.7,0.01,286,105820,买盘
413,14:20:41,3.69,--,396,146124,卖盘
414,14:20:35,3.69,-0.01,25,9225,卖盘
415,14:20:26,3.7,0.01,385,142450,买盘
416,14:20:21,3.69,--,1026,378594,卖盘
417,14:20:14,3.69,--,106,39291,卖盘
418,14:20:11,3.69,--,165,60885,卖盘
419,14:20:05,3.69,--,27,9963,卖盘
420,14:19:56,3.69,--,129,47601,卖盘
421,14:19:50,3.69,-0.01,38,14022,卖盘
422,14:19:41,3.7,0.01,547,202390,买盘
423,14:19:36,3.69,--,530,195570,卖盘
424,14:19:26,3.69,-0.01,676,249444,卖盘
425,14:19:20,3.7,0.01,59,21830,买盘
426,14:19:16,3.69,--,105,38922,卖盘
427,14:19:11,3.69,--,152,56088,卖盘
428,14:19:01,3.69,--,28,10332,卖盘
429,14:18:56,3.69,-0.01,140,51660,卖盘
430,14:18:50,3.7,--,1,370,买盘
431,14:18:46,3.7,--,304,112480,买盘
432,14:18:40,3.7,0.01,1811,670140,买盘
433,14:18:35,3.69,--,820,302823,卖盘
434,14:18:26,3.69,--,145,53505,卖盘
435,14:18:20,3.69,--,168,62169,卖盘
436,14:18:11,3.69,-0.01,176,64944,卖盘
437,14:18:06,3.7,0.01,107,39590,买盘
438,14:18:00,3.69,--,100,36900,卖盘
439,14:17:56,3.69,--,438,161622,卖盘
440,14:17:51,3.69,--,80,29520,卖盘
441,14:17:41,3.69,-0.01,403,148707,卖盘
442,14:17:36,3.7,--,28,10360,买盘
443,14:17:28,3.7,0.01,1,370,买盘
444,14:17:26,3.69,--,151,55719,卖盘
445,14:17:21,3.69,--,218,80615,卖盘
446,14:17:10,3.69,--,163,60147,卖盘
447,14:17:06,3.69,-0.01,58,21402,卖盘
448,14:17:00,3.7,0.01,107,39590,买盘
449,14:16:56,3.69,-0.01,132,48708,卖盘
450,14:16:51,3.7,0.01,1,370,买盘
451,14:16:45,3.69,--,310,114390,卖盘
452,14:16:41,3.69,--,133,49077,卖盘
453,14:16:35,3.69,--,29,10701,卖盘
454,14:16:26,3.69,-0.01,144,53136,卖盘
455,14:16:20,3.7,0.01,458,169637,买盘
456,14:16:14,3.69,--,76,28044,卖盘
457,14:16:10,3.69,--,141,52029,卖盘
458,14:16:05,3.69,--,326,120294,卖盘
459,14:15:56,3.69,-0.01,242,89298,卖盘
460,14:15:51,3.7,--,288,106560,买盘
461,14:15:41,3.7,0.01,743,274910,买盘
462,14:15:35,3.69,--,646,238687,卖盘
463,14:15:26,3.69,-0.01,156,57564,卖盘
464,14:15:20,3.7,0.01,107,39767,买盘
465,14:15:11,3.69,--,138,50922,卖盘
466,14:15:05,3.69,-0.01,22,8118,卖盘
467,14:14:59,3.7,--,288,106560,买盘
468,14:14:56,3.7,--,142,52540,买盘
469,14:14:45,3.7,--,207,76590,买盘
470,14:14:41,3.7,--,781,288970,买盘
471,14:14:35,3.7,0.02,78,28860,买盘
472,14:14:29,3.68,--,0,0,卖盘
473,14:14:25,3.68,-0.02,179,65872,卖盘
474,14:14:20,3.7,--,123,45687,买盘
475,14:14:15,3.7,0.01,100,37000,买盘
476,14:14:11,3.69,-0.01,395,145755,中性盘
477,14:14:05,3.7,0.02,1036,383320,买盘
478,14:13:56,3.68,-0.01,185,68080,卖盘
479,14:13:50,3.69,--,107,39483,买盘
480,14:13:44,3.69,0.01,91,33579,买盘
481,14:13:41,3.68,--,427,157136,卖盘
482,14:13:34,3.68,-0.01,152,55936,卖盘
483,14:13:29,3.69,--,50,18450,买盘
484,14:13:26,3.69,-0.01,42,15498,卖盘
485,14:13:19,3.7,--,2,740,买盘
486,14:13:14,3.7,0.02,259,96007,买盘
487,14:13:09,3.68,-0.01,104,38272,卖盘
488,14:13:05,3.69,0.01,30,11070,买盘
489,14:12:59,3.68,-0.01,137,50416,卖盘
490,14:12:50,3.69,-0.01,21,7749,中性盘
491,14:12:44,3.7,--,1129,417730,买盘
492,14:12:40,3.7,--,0,0,买盘
493,14:12:35,3.7,0.01,412,152754,买盘
494,14:12:29,3.69,0.01,160,59040,买盘
495,14:12:20,3.68,--,130,47840,卖盘
496,14:12:14,3.68,-0.01,269,99168,卖盘
497,14:12:10,3.69,0.01,3,1107,买盘
498,14:12:05,3.68,-0.01,6,2208,卖盘
499,14:11:59,3.69,-0.01,119,43911,卖盘
500,14:11:50,3.7,--,0,0,买盘
501,14:11:45,3.7,0.01,1132,418840,买盘
502,14:11:40,3.69,0.01,302,111438,买盘
503,14:11:35,3.68,--,38,13984,卖盘
504,14:11:29,3.68,-0.01,244,89792,卖盘
505,14:11:20,3.69,0.01,3,1107,买盘
506,14:11:14,3.68,-0.01,150,55200,卖盘
507,14:11:09,3.69,0.01,662,244278,买盘
508,14:11:05,3.68,-0.01,1,368,卖盘
509,14:10:59,3.69,0.01,335,123615,买盘
510,14:10:54,3.68,--,0,0,卖盘
511,14:10:50,3.68,--,8,2944,卖盘
512,14:10:44,3.68,-0.02,129,47472,卖盘
513,14:10:40,3.7,--,75,27750,买盘
514,14:10:35,3.7,0.01,300,111000,买盘
515,14:10:29,3.69,0.01,106,39114,卖盘
516,14:10:20,3.68,-0.02,952,350336,卖盘
517,14:10:15,3.7,--,328,121533,买盘
518,14:10:09,3.7,--,0,0,买盘
519,14:10:05,3.7,0.01,1000,370000,买盘
520,14:09:59,3.69,-0.01,387,142803,买盘
521,14:09:49,3.7,--,0,0,买盘
522,14:09:44,3.7,--,233,86210,买盘
523,14:09:39,3.7,0.01,290,107300,买盘
524,14:09:35,3.69,0.01,52,19188,买盘
525,14:09:29,3.68,--,138,50956,卖盘
526,14:09:24,3.68,-0.01,130,47979,卖盘
527,14:09:19,3.69,--,2,738,买盘
528,14:09:14,3.69,--,205,75822,买盘
529,14:09:07,3.69,-0.01,13,4797,卖盘
530,14:09:04,3.7,--,0,0,买盘
531,14:08:59,3.7,--,237,87690,买盘
532,14:08:53,3.7,0.01,723,267510,买盘
533,14:08:50,3.69,0.01,64,23616,买盘
534,14:08:45,3.68,-0.02,354,130272,卖盘
535,14:08:38,3.7,--,3,1110,买盘
536,14:08:35,3.7,0.01,489,180981,买盘
537,14:08:29,3.69,-0.01,450,166050,卖盘
538,14:08:23,3.7,0.01,1023,378510,买盘
539,14:08:20,3.69,--,589,217341,卖盘
540,14:08:15,3.69,--,255,94272,卖盘
541,14:08:08,3.69,--,25,9225,卖盘
542,14:08:05,3.69,--,193,71217,卖盘
543,14:07:59,3.69,-0.01,344,126936,卖盘
544,14:07:49,3.7,0.01,1,370,买盘
545,14:07:44,3.69,-0.01,139,51291,卖盘
546,14:07:38,3.7,0.01,12,4440,买盘
547,14:07:34,3.69,-0.01,342,126198,卖盘
548,14:07:28,3.7,0.01,959,354830,买盘
549,14:07:24,3.69,--,30,11070,卖盘
550,14:07:19,3.69,--,66,24354,卖盘
551,14:07:14,3.69,--,367,135600,卖盘
552,14:07:08,3.69,--,73,26937,卖盘
553,14:07:04,3.69,--,91,33579,卖盘
554,14:06:58,3.69,-0.01,256,94464,卖盘
555,14:06:49,3.7,0.01,189,69930,买盘
556,14:06:43,3.69,-0.01,1135,418815,卖盘
557,14:06:39,3.7,0.01,88,32560,买盘
558,14:06:34,3.69,--,423,156087,卖盘
559,14:06:29,3.69,--,137,50600,卖盘
560,14:06:23,3.69,--,270,99895,卖盘
561,14:06:20,3.69,--,30,11070,卖盘
562,14:06:13,3.69,-0.01,302,111615,卖盘
563,14:06:08,3.7,0.01,3,1110,买盘
564,14:06:04,3.69,--,470,173430,卖盘
565,14:05:59,3.69,--,145,53505,卖盘
566,14:05:53,3.69,--,36,13284,卖盘
567,14:05:43,3.69,-0.01,204,75276,卖盘
568,14:05:38,3.7,--,2,740,买盘
569,14:05:34,3.7,0.01,313,115810,买盘
570,14:05:29,3.69,--,246,90774,卖盘
571,14:05:23,3.69,--,405,149445,卖盘
572,14:05:13,3.69,-0.01,255,94272,卖盘
573,14:05:09,3.7,0.01,86,31820,买盘
574,14:04:59,3.69,-0.01,131,48339,卖盘
575,14:04:53,3.7,0.01,1,370,买盘
576,14:04:49,3.69,--,101,37269,卖盘
577,14:04:43,3.69,-0.01,1142,421398,卖盘
578,14:04:38,3.7,0.01,103,38110,买盘
579,14:04:28,3.69,--,432,159408,卖盘
580,14:04:23,3.69,-0.01,23,8487,卖盘
581,14:04:18,3.7,0.01,1,370,买盘
582,14:04:13,3.69,--,399,147408,卖盘
583,14:04:08,3.69,--,6,2214,卖盘
584,14:04:02,3.69,--,59,21771,卖盘
585,14:03:58,3.69,--,142,52398,卖盘
586,14:03:53,3.69,--,32,11808,卖盘
587,14:03:49,3.69,--,5,1845,卖盘
588,14:03:44,3.69,-0.01,190,70110,卖盘
589,14:03:38,3.7,--,3,1110,买盘
590,14:03:28,3.7,--,451,166870,买盘
591,14:03:23,3.7,0.01,12,4806,买盘
592,14:03:17,3.69,--,123,45704,卖盘
593,14:03:13,3.69,-0.01,303,111980,卖盘
594,14:03:09,3.7,--,4,1480,买盘
595,14:03:03,3.7,0.01,360,133200,买盘
596,14:02:59,3.69,--,135,49815,卖盘
597,14:02:52,3.69,--,1908,704052,卖盘
598,14:02:47,3.69,--,59,21771,卖盘
599,14:02:43,3.69,-0.01,135,49815,卖盘
600,14:02:37,3.7,0.01,63,23310,买盘
601,14:02:28,3.69,-0.01,413,152397,卖盘
602,14:02:23,3.7,--,5,1850,买盘
603,14:02:17,3.7,0.01,106,39397,买盘
604,14:02:14,3.69,-0.01,179,66051,卖盘
605,14:02:08,3.7,0.01,37,13690,买盘
606,14:01:58,3.69,--,155,57195,卖盘
607,14:01:52,3.69,-0.01,158,58302,卖盘
608,14:01:48,3.7,0.01,4,1480,买盘
609,14:01:43,3.69,--,170,62730,卖盘
610,14:01:38,3.69,-0.01,100,36900,卖盘
611,14:01:31,3.7,0.01,290,107300,买盘
612,14:01:28,3.69,-0.01,187,69003,卖盘
613,14:01:23,3.7,0.01,23,8510,买盘
614,14:01:17,3.69,--,45,16605,卖盘
615,14:01:13,3.69,-0.01,255,94272,卖盘
616,14:01:08,3.7,0.01,151,55870,买盘
617,14:01:03,3.69,--,100,36900,卖盘
618,14:00:58,3.69,-0.01,131,48339,卖盘
619,14:00:53,3.7,0.01,26,9620,买盘
620,14:00:43,3.69,-0.01,141,52029,卖盘
621,14:00:39,3.7,--,67,24790,买盘
622,14:00:32,3.7,0.01,286,105820,买盘
623,14:00:28,3.69,-0.01,158,58302,卖盘
624,14:00:23,3.7,0.01,1,370,买盘
625,14:00:17,3.69,--,239,88312,卖盘
626,14:00:13,3.69,-0.01,467,172323,卖盘
627,14:00:07,3.7,0.01,3,1110,买盘
628,13:59:58,3.69,-0.01,307,113283,卖盘
629,13:59:52,3.7,0.01,2,740,买盘
630,13:59:47,3.69,--,25,9225,卖盘
631,13:59:43,3.69,--,139,51291,卖盘
632,13:59:37,3.69,-0.01,15,5535,卖盘
633,13:59:28,3.7,0.01,417,154290,买盘
634,13:59:22,3.69,--,8,2952,卖盘
635,13:59:17,3.69,-0.01,3,1107,卖盘
636,13:59:13,3.7,0.01,215,79550,买盘
637,13:59:07,3.69,-0.01,54,19926,卖盘
638,13:59:02,3.7,0.01,1,370,买盘
639,13:58:58,3.69,--,198,73062,卖盘
640,13:58:52,3.69,-0.01,51,18819,卖盘
641,13:58:46,3.7,0.01,107,39590,买盘
642,13:58:43,3.69,-0.01,134,49446,卖盘
643,13:58:37,3.7,0.01,336,124320,买盘
644,13:58:32,3.69,--,10,3690,卖盘
645,13:58:28,3.69,--,759,280071,卖盘
646,13:58:22,3.69,-0.01,1,369,卖盘
647,13:58:16,3.7,--,2,740,买盘
648,13:58:13,3.7,--,391,144670,买盘
649,13:58:07,3.7,0.01,281,103970,买盘
650,13:58:02,3.69,-0.01,367,135423,卖盘
651,13:57:58,3.7,0.01,464,171680,买盘
652,13:57:53,3.69,-0.01,148,54612,卖盘
653,13:57:46,3.7,0.01,94,34780,买盘
654,13:57:42,3.69,-0.01,233,85977,卖盘
655,13:57:37,3.7,--,178,65860,买盘
656,13:57:32,3.7,--,514,190180,买盘
657,13:57:27,3.7,0.01,243,89910,买盘
658,13:57:22,3.69,--,123,45387,卖盘
659,13:57:17,3.69,--,145,53505,卖盘
660,13:57:13,3.69,--,169,62361,卖盘
661,13:57:07,3.69,-0.01,360,132840,卖盘
662,13:57:01,3.7,0.01,108,39960,买盘
663,13:56:57,3.69,-0.01,130,47970,卖盘
664,13:56:52,3.7,--,131,48470,买盘
665,13:56:47,3.7,0.01,145,53650,买盘
666,13:56:43,3.69,--,237,87453,卖盘
667,13:56:37,3.69,--,135,49815,卖盘
668,13:56:32,3.69,-0.01,293,108117,卖盘
669,13:56:27,3.7,--,237,87690,买盘
670,13:56:22,3.7,--,295,109150,买盘
671,13:56:17,3.7,--,66,24420,买盘
672,13:56:13,3.7,0.01,225,83250,买盘
673,13:56:07,3.69,--,270,99630,卖盘
674,13:56:02,3.69,--,1125,415125,卖盘
675,13:55:58,3.69,-0.01,344,126936,卖盘
676,13:55:52,3.7,--,121,44770,买盘
677,13:55:46,3.7,--,88,32560,买盘
678,13:55:42,3.7,--,1168,432160,买盘
679,13:55:38,3.7,--,76,28120,买盘
680,13:55:32,3.7,--,371,137270,买盘
681,13:55:28,3.7,--,1085,401450,买盘
682,13:55:22,3.7,0.01,76,28120,买盘
683,13:55:17,3.69,--,349,128781,卖盘
684,13:55:11,3.69,-0.01,192,70848,卖盘
685,13:55:07,3.7,--,68,25160,买盘
686,13:55:02,3.7,--,64,23680,买盘
687,13:54:56,3.7,--,223,82510,买盘
688,13:54:52,3.7,--,71,26270,买盘
689,13:54:46,3.7,0.01,63,23310,买盘
690,13:54:40,3.69,--,235,86715,卖盘
691,13:54:37,3.69,-0.01,395,145755,卖盘
692,13:54:32,3.7,--,341,126170,买盘
693,13:54:25,3.7,0.01,156,57720,买盘
694,13:54:22,3.69,-0.01,23,8487,卖盘
695,13:54:16,3.7,0.01,103,38110,买盘
696,13:54:12,3.69,-0.01,258,95202,卖盘
697,13:54:07,3.7,--,423,156510,买盘
698,13:54:02,3.7,0.01,5,1850,买盘
699,13:53:57,3.69,-0.01,133,49077,卖盘
700,13:53:52,3.7,--,1,370,买盘
701,13:53:47,3.7,0.01,136,50320,买盘
702,13:53:40,3.69,-0.01,241,88929,卖盘
703,13:53:37,3.7,--,285,105450,买盘
704,13:53:31,3.7,0.01,1090,403300,买盘
705,13:53:25,3.69,--,142,52398,卖盘
706,13:53:22,3.69,--,22,8118,卖盘
707,13:53:12,3.69,-0.01,197,72693,卖盘
708,13:53:07,3.7,0.01,2,740,买盘
709,13:53:01,3.69,--,5,1845,卖盘
710,13:52:56,3.69,--,130,47970,卖盘
711,13:52:52,3.69,--,210,77490,卖盘
712,13:52:46,3.69,--,13,4797,卖盘
713,13:52:40,3.69,-0.01,770,284130,卖盘
714,13:52:37,3.7,--,535,197950,卖盘
715,13:52:31,3.7,--,674,249380,卖盘
716,13:52:25,3.7,--,131,48470,卖盘
717,13:52:22,3.7,--,1266,468420,卖盘
718,13:52:16,3.7,-0.01,54,19980,卖盘
719,13:52:10,3.71,--,664,246344,买盘
720,13:52:07,3.71,--,131,48601,买盘
721,13:52:01,3.71,--,90,33390,买盘
722,13:51:55,3.71,0.01,197,73087,买盘
723,13:51:52,3.7,-0.01,239,88430,卖盘
724,13:51:46,3.71,0.01,318,117978,买盘
725,13:51:40,3.7,-0.01,1130,418100,卖盘
726,13:51:37,3.71,--,359,133189,买盘
727,13:51:31,3.71,--,549,203679,买盘
728,13:51:26,3.71,--,206,76426,买盘
729,13:51:22,3.71,--,266,98686,买盘
730,13:51:16,3.71,0.01,47,17437,买盘
731,13:51:11,3.7,--,199,73630,卖盘
732,13:51:07,3.7,-0.01,170,62900,卖盘
733,13:51:01,3.71,0.01,1150,426650,买盘
734,13:50:55,3.7,-0.01,182,67340,卖盘
735,13:50:50,3.71,--,1,371,买盘
736,13:50:41,3.71,--,141,52311,买盘
737,13:50:37,3.71,--,306,113526,买盘
738,13:50:31,3.71,0.01,1404,520884,买盘
739,13:50:26,3.7,--,160,59200,卖盘
740,13:50:17,3.7,-0.01,3,1110,卖盘
741,13:50:10,3.71,--,142,52682,买盘
742,13:50:01,3.71,0.01,1208,448168,买盘
743,13:49:56,3.7,--,133,49210,卖盘
744,13:49:51,3.7,--,37,13690,卖盘
745,13:49:46,3.7,--,5,1850,卖盘
746,13:49:41,3.7,-0.01,130,48100,卖盘
747,13:49:36,3.71,--,290,107590,买盘
748,13:49:31,3.71,0.01,1105,409955,买盘
749,13:49:25,3.7,--,134,49580,卖盘
750,13:49:16,3.7,-0.01,43,15910,卖盘
751,13:49:10,3.71,0.01,140,51940,买盘
752,13:49:01,3.7,--,1130,418100,卖盘
753,13:48:55,3.7,-0.01,141,52170,卖盘
754,13:48:51,3.71,--,12,4452,买盘
755,13:48:41,3.71,--,271,100541,买盘
756,13:48:37,3.71,--,322,119462,买盘
757,13:48:31,3.71,0.01,1252,464492,买盘
758,13:48:25,3.7,--,242,89540,卖盘
759,13:48:16,3.7,--,109,40330,卖盘
760,13:48:11,3.7,0.01,579,214230,买盘
761,13:48:06,3.69,-0.01,1210,446490,卖盘
762,13:48:01,3.7,0.01,107,39590,买盘
763,13:47:55,3.69,-0.02,139,51291,卖盘
764,13:47:52,3.71,--,0,0,买盘
765,13:47:46,3.71,0.02,235,87185,买盘
766,13:47:41,3.69,-0.01,134,49446,卖盘
767,13:47:35,3.7,0.01,510,188700,买盘
768,13:47:31,3.69,-0.01,20,7380,卖盘
769,13:47:25,3.7,0.01,317,117290,买盘
770,13:47:20,3.69,-0.01,25,9225,卖盘
771,13:47:16,3.7,--,221,81770,买盘
772,13:47:10,3.7,--,2060,762200,买盘
773,13:47:01,3.7,0.01,2,740,买盘
774,13:46:55,3.69,-0.01,228,84132,卖盘
775,13:46:50,3.7,--,168,62160,买盘
776,13:46:46,3.7,--,717,265290,买盘
777,13:46:41,3.7,--,236,87320,买盘
778,13:46:34,3.7,-0.01,1514,560180,卖盘
779,13:46:31,3.71,0.01,325,120575,买盘
780,13:46:25,3.7,--,131,48470,卖盘
781,13:46:20,3.7,--,139,51430,卖盘
782,13:46:16,3.7,--,80,29600,卖盘
783,13:46:11,3.7,--,205,75850,卖盘
784,13:46:04,3.7,--,37,13690,卖盘
785,13:46:01,3.7,--,445,164650,卖盘
786,13:45:56,3.7,-0.01,182,67340,卖盘
787,13:45:50,3.71,--,52,19292,买盘
788,13:45:46,3.71,0.01,701,260071,买盘
789,13:45:41,3.7,--,146,54020,卖盘
790,13:45:34,3.7,-0.01,1000,370000,卖盘
791,13:45:31,3.71,--,378,140238,买盘
792,13:45:26,3.71,0.01,1216,451136,买盘
793,13:45:16,3.7,0.01,694,256780,买盘
794,13:45:11,3.69,-0.01,25,9225,卖盘
795,13:45:04,3.7,--,409,151330,卖盘
796,13:45:01,3.7,-0.01,1736,642320,卖盘
797,13:44:55,3.71,0.01,236,87556,买盘
798,13:44:49,3.7,-0.01,408,150960,卖盘
799,13:44:46,3.71,0.01,715,265265,买盘
800,13:44:40,3.7,--,5608,2074960,买盘
801,13:44:35,3.7,--,296,109520,买盘
802,13:44:31,3.7,0.01,285,105450,买盘
803,13:44:25,3.69,-0.01,695,256455,卖盘
804,13:44:20,3.7,--,1281,473970,买盘
805,13:44:16,3.7,0.01,114,42180,买盘
806,13:44:10,3.69,-0.01,134,49446,卖盘
807,13:44:04,3.7,--,1000,370000,买盘
808,13:44:01,3.7,0.01,127,46990,买盘
809,13:43:55,3.69,-0.01,132,48708,卖盘
810,13:43:50,3.7,--,117,43290,买盘
811,13:43:46,3.7,0.01,342,126540,买盘
812,13:43:40,3.69,--,593,218817,卖盘
813,13:43:31,3.69,--,350,129150,卖盘
814,13:43:25,3.69,-0.01,2121,782649,卖盘
815,13:43:20,3.7,--,371,137270,买盘
816,13:43:16,3.7,0.01,311,115070,买盘
817,13:43:10,3.69,-0.01,420,154980,卖盘
818,13:43:05,3.7,--,1013,374810,买盘
819,13:43:00,3.7,0.01,188,69560,买盘
820,13:42:55,3.69,-0.01,135,49815,卖盘
821,13:42:50,3.7,0.01,511,189070,买盘
822,13:42:44,3.69,-0.01,1193,440217,卖盘
823,13:42:40,3.7,0.01,152,56240,买盘
824,13:42:34,3.69,--,63,23247,卖盘
825,13:42:29,3.69,-0.01,342,126419,卖盘
826,13:42:25,3.7,--,169,62530,买盘
827,13:42:20,3.7,--,1138,421060,买盘
828,13:42:16,3.7,0.01,1,370,买盘
829,13:42:10,3.69,--,135,49815,卖盘
830,13:41:59,3.69,--,788,290772,卖盘
831,13:41:55,3.69,-0.01,139,51291,卖盘
832,13:41:49,3.7,--,116,42920,买盘
833,13:41:44,3.7,0.01,395,146150,买盘
834,13:41:40,3.69,-0.01,160,59040,卖盘
835,13:41:35,3.7,--,207,76590,买盘
836,13:41:28,3.7,0.01,285,105450,买盘
837,13:41:25,3.69,-0.01,140,51660,卖盘
838,13:41:19,3.7,0.01,1128,417360,买盘
839,13:41:10,3.69,--,1521,561249,卖盘
840,13:41:00,3.69,--,57,21033,卖盘
841,13:40:55,3.69,--,170,62730,卖盘
842,13:40:50,3.69,--,59,21793,卖盘
843,13:40:45,3.69,--,283,104515,卖盘
844,13:40:40,3.69,--,132,48708,卖盘
845,13:40:30,3.69,--,444,163836,卖盘
846,13:40:25,3.69,-0.01,555,204795,卖盘
847,13:40:20,3.7,0.01,6,2220,买盘
848,13:40:15,3.69,--,1416,522504,卖盘
849,13:40:10,3.69,-0.01,262,96678,卖盘
850,13:40:05,3.7,--,5626,2081620,买盘
851,13:39:55,3.7,--,592,219040,买盘
852,13:39:49,3.7,0.01,2,740,买盘
853,13:39:40,3.69,-0.01,539,198891,卖盘
854,13:39:34,3.7,0.01,43,15910,买盘
855,13:39:28,3.69,--,340,125460,卖盘
856,13:39:25,3.69,-0.01,139,51291,卖盘
857,13:39:19,3.7,0.01,406,150220,买盘
858,13:39:10,3.69,-0.01,131,48339,卖盘
859,13:39:05,3.7,--,1000,370000,买盘
860,13:38:55,3.7,0.01,832,307840,买盘
861,13:38:50,3.69,--,26,9594,卖盘
862,13:38:40,3.69,-0.01,143,52767,卖盘
863,13:38:28,3.7,--,558,206460,买盘
864,13:38:25,3.7,--,422,156140,买盘
865,13:38:20,3.7,0.01,11,4070,买盘
866,13:38:14,3.69,-0.01,1,369,卖盘
867,13:38:10,3.7,0.01,329,121730,买盘
868,13:38:05,3.69,--,600,221400,卖盘
869,13:37:55,3.69,-0.01,138,50922,卖盘
870,13:37:50,3.7,--,31,11470,买盘
871,13:37:43,3.7,0.01,466,172420,买盘
872,13:37:40,3.69,--,290,107120,卖盘
873,13:37:33,3.69,-0.01,150,55350,卖盘
874,13:37:25,3.7,0.01,450,166500,买盘
875,13:37:20,3.69,--,1398,515862,卖盘
876,13:37:14,3.69,--,10,3690,卖盘
877,13:37:09,3.69,--,141,52029,卖盘
878,13:36:55,3.69,--,134,49446,卖盘
879,13:36:49,3.69,--,10,3690,卖盘
880,13:36:43,3.69,--,24,8856,卖盘
881,13:36:40,3.69,--,162,59778,卖盘
882,13:36:34,3.69,-0.01,40,14760,中性盘
883,13:36:29,3.7,0.02,290,107300,买盘
884,13:36:25,3.68,-0.01,136,50048,卖盘
885,13:36:19,3.69,0.01,131,48339,买盘
886,13:36:14,3.68,--,4,1472,卖盘
887,13:36:10,3.68,-0.01,141,51888,卖盘
888,13:36:04,3.69,--,314,115866,买盘
889,13:35:59,3.69,--,86,31734,买盘
890,13:35:55,3.69,--,268,98892,买盘
891,13:35:49,3.69,--,1395,514755,买盘
892,13:35:44,3.69,0.01,2800,1033200,买盘
893,13:35:40,3.68,--,138,50784,卖盘
894,13:35:34,3.68,--,2,736,卖盘
895,13:35:29,3.68,-0.01,317,116656,卖盘
896,13:35:25,3.69,0.01,560,206640,买盘
897,13:35:19,3.68,--,4,1472,卖盘
898,13:35:10,3.68,-0.01,137,50416,卖盘
899,13:35:04,3.69,0.01,3,1107,买盘
900,13:34:59,3.68,--,327,120336,卖盘
901,13:34:53,3.68,-0.01,50,18400,卖盘
902,13:34:49,3.69,0.01,46,16974,买盘
903,13:34:44,3.68,--,138,50784,卖盘
904,13:34:38,3.68,--,180,66258,卖盘
905,13:34:34,3.68,-0.01,91,33580,卖盘
906,13:34:28,3.69,--,410,151290,买盘
907,13:34:19,3.69,--,7,2583,买盘
908,13:34:14,3.69,0.01,141,52029,买盘
909,13:33:58,3.68,--,19095,7026960,卖盘
910,13:33:54,3.68,-0.01,231,85008,卖盘
911,13:33:49,3.69,0.01,2,738,买盘
912,13:33:44,3.68,--,208,76544,卖盘
913,13:33:37,3.68,--,1,368,卖盘
914,13:33:34,3.68,--,66,24288,卖盘
915,13:33:29,3.68,--,418,153824,卖盘
916,13:33:19,3.68,-0.01,457,168176,卖盘
917,13:33:14,3.69,--,216,79704,买盘
918,13:33:04,3.69,--,104,38376,买盘
919,13:32:58,3.69,--,400,147600,买盘
920,13:32:54,3.69,--,90,33210,买盘
921,13:32:49,3.69,--,1087,401103,买盘
922,13:32:43,3.69,--,276,101844,买盘
923,13:32:39,3.69,--,204,75276,买盘
924,13:32:34,3.69,--,56,20664,买盘
925,13:32:28,3.69,--,501,184869,买盘
926,13:32:19,3.69,0.01,67,24723,买盘
927,13:32:13,3.68,-0.01,140,51520,卖盘
928,13:32:04,3.69,--,322,118818,买盘
929,13:31:59,3.69,--,1525,562725,买盘
930,13:31:53,3.69,0.01,120,44280,买盘
931,13:31:44,3.68,--,250,92000,卖盘
932,13:31:34,3.68,-0.01,2539,934642,卖盘
933,13:31:29,3.69,-0.01,3624,1337256,卖盘
934,13:31:22,3.7,0.01,2003,741110,买盘
935,13:31:18,3.69,--,4391,1620279,卖盘
936,13:31:13,3.69,--,780,287820,卖盘
937,13:31:08,3.69,-0.01,82,30258,卖盘
938,13:31:04,3.7,0.01,423,156510,买盘
939,13:30:58,3.69,-0.01,350,129150,卖盘
940,13:30:53,3.7,0.01,50,18500,买盘
941,13:30:49,3.69,--,593,218817,卖盘
942,13:30:44,3.69,--,315,116235,卖盘
943,13:30:37,3.69,--,1064,392616,卖盘
944,13:30:34,3.69,-0.01,652,240588,卖盘
945,13:30:28,3.7,--,503,186110,买盘
946,13:30:22,3.7,0.01,590,218300,买盘
947,13:30:18,3.69,--,49,18081,卖盘
948,13:30:13,3.69,-0.01,1334,492246,卖盘
949,13:30:04,3.7,0.01,357,132090,买盘
950,13:29:59,3.69,--,155,57195,卖盘
951,13:29:53,3.69,--,107,39483,卖盘
952,13:29:49,3.69,--,192,70848,卖盘
953,13:29:44,3.69,--,251,92619,卖盘
954,13:29:38,3.69,--,15,5535,卖盘
955,13:29:34,3.69,--,384,141696,卖盘
956,13:29:29,3.69,--,441,162729,卖盘
957,13:29:22,3.69,--,432,159408,卖盘
958,13:29:19,3.69,--,189,69741,卖盘
959,13:29:14,3.69,--,886,326934,卖盘
960,13:29:08,3.69,--,37,13653,卖盘
961,13:29:04,3.69,--,47,17343,卖盘
962,13:28:58,3.69,--,212,78228,卖盘
963,13:28:48,3.69,-0.01,463,170847,卖盘
964,13:28:43,3.7,0.01,620,229400,买盘
965,13:28:38,3.69,-0.01,108,39852,卖盘
966,13:28:34,3.7,0.01,378,140215,买盘
967,13:28:28,3.69,--,1472,543293,卖盘
968,13:28:22,3.69,--,76,28044,卖盘
969,13:28:19,3.69,--,52,19188,卖盘
970,13:28:13,3.69,--,280,103320,卖盘
971,13:28:07,3.69,--,8,2952,卖盘
972,13:28:04,3.69,--,87,32103,卖盘
973,13:27:58,3.69,--,183,67527,卖盘
974,13:27:52,3.69,--,174,64206,卖盘
975,13:27:49,3.69,-0.01,228,84132,卖盘
976,13:27:43,3.7,0.01,455,168350,买盘
977,13:27:38,3.69,--,335,123615,卖盘
978,13:27:34,3.69,--,968,357192,卖盘
979,13:27:28,3.69,--,455,167895,卖盘
980,13:27:23,3.69,-0.01,229,84501,卖盘
981,13:27:17,3.7,0.01,22,8140,买盘
982,13:27:08,3.69,--,233,85977,卖盘
983,13:27:02,3.69,--,124,45756,卖盘
984,13:26:57,3.69,--,289,106641,卖盘
985,13:26:52,3.69,--,290,107010,卖盘
986,13:26:43,3.69,--,200,73800,卖盘
987,13:26:37,3.69,-0.01,436,160884,卖盘
988,13:26:28,3.7,0.01,423,156510,买盘
989,13:26:22,3.69,--,146,53874,卖盘
990,13:26:18,3.69,-0.01,272,100368,卖盘
991,13:26:13,3.7,0.01,281,103970,买盘
992,13:26:07,3.69,--,527,194463,卖盘
993,13:26:03,3.69,--,345,127305,卖盘
994,13:25:58,3.69,--,300,110700,卖盘
995,13:25:52,3.69,-0.01,621,229149,卖盘
996,13:25:46,3.7,0.01,5,1850,买盘
997,13:25:42,3.69,--,328,121032,卖盘
998,13:25:38,3.69,--,1158,427302,卖盘
999,13:25:32,3.69,--,230,84870,卖盘
1000,13:25:28,3.69,--,333,122877,卖盘
1001,13:25:23,3.69,--,449,165791,卖盘
1002,13:25:18,3.69,-0.01,1,372,卖盘
1003,13:25:13,3.7,0.01,19,7030,买盘
1004,13:25:08,3.69,--,340,125460,卖盘
1005,13:25:02,3.69,--,87,32103,卖盘
1006,13:24:58,3.69,--,261,96309,卖盘
1007,13:24:52,3.69,--,629,232101,卖盘
1008,13:24:43,3.69,--,126,46494,卖盘
1009,13:24:38,3.69,-0.01,751,277119,卖盘
1010,13:24:33,3.7,0.01,6,2220,中性盘
1011,13:24:28,3.69,-0.01,1758,648702,卖盘
1012,13:24:23,3.7,--,585,216450,卖盘
1013,13:24:16,3.7,--,4,1480,卖盘
1014,13:24:13,3.7,0.01,521,192770,中性盘
1015,13:24:07,3.69,--,1623,598887,卖盘
1016,13:23:58,3.69,-0.01,205,75645,卖盘
1017,13:23:53,3.7,--,480,177600,买盘
1018,13:23:43,3.7,0.01,332,122840,买盘
1019,13:23:37,3.69,--,1032,380808,卖盘
1020,13:23:28,3.69,--,566,208854,卖盘
1021,13:23:22,3.69,--,711,262359,卖盘
1022,13:23:17,3.69,-0.01,684,252396,卖盘
1023,13:23:13,3.7,0.01,497,183890,买盘
1024,13:23:08,3.69,-0.01,554,204426,卖盘
1025,13:23:01,3.7,0.01,10,3700,买盘
1026,13:22:57,3.69,-0.01,160,59040,卖盘
1027,13:22:53,3.7,--,475,175750,卖盘
1028,13:22:47,3.7,--,517,191290,卖盘
1029,13:22:43,3.7,--,255,94350,卖盘
1030,13:22:38,3.7,--,614,227180,卖盘
1031,13:22:32,3.7,-0.01,261,96570,卖盘
1032,13:22:28,3.71,0.01,404,149884,买盘
1033,13:22:22,3.7,--,450,166611,卖盘
1034,13:22:17,3.7,--,247,91390,买盘
1035,13:22:12,3.7,0.01,273,101010,买盘
1036,13:22:08,3.69,--,241,88929,卖盘
1037,13:22:01,3.69,--,524,193356,卖盘
1038,13:21:57,3.69,-0.01,107,39483,卖盘
1039,13:21:52,3.7,--,489,180930,卖盘
1040,13:21:47,3.7,-0.01,253,93610,卖盘
1041,13:21:42,3.71,0.01,52,19292,买盘
1042,13:21:37,3.7,--,508,187960,卖盘
1043,13:21:31,3.7,-0.01,190,70300,卖盘
1044,13:21:28,3.71,0.01,1094,405874,买盘
1045,13:21:22,3.7,--,302,111740,卖盘
1046,13:21:16,3.7,--,1814,671409,买盘
1047,13:21:13,3.7,0.01,32,11840,买盘
1048,13:21:07,3.69,--,838,309222,卖盘
1049,13:21:02,3.69,--,1737,640953,卖盘
1050,13:20:57,3.69,--,251,92619,卖盘
1051,13:20:52,3.69,-0.01,500,184500,卖盘
1052,13:20:47,3.7,--,745,275650,买盘
1053,13:20:42,3.7,0.01,1494,552780,买盘
1054,13:20:37,3.69,-0.01,1900,701100,卖盘
1055,13:20:31,3.7,--,1135,419950,买盘
1056,13:20:27,3.7,0.01,1217,450290,买盘
1057,13:20:22,3.69,-0.01,288,106272,卖盘
1058,13:20:12,3.7,0.01,400,148000,买盘
1059,13:20:07,3.69,-0.01,151,55719,卖盘
1060,13:20:02,3.7,0.01,135,49950,买盘
1061,13:19:57,3.69,--,174,64206,卖盘
1062,13:19:51,3.69,--,719,265311,卖盘
1063,13:19:46,3.69,-0.01,5,1845,卖盘
1064,13:19:43,3.7,0.01,420,155400,买盘
1065,13:19:37,3.69,-0.01,139,51291,卖盘
1066,13:19:31,3.7,--,394,145780,买盘
1067,13:19:27,3.7,--,378,139860,买盘
1068,13:19:22,3.7,0.01,417,154486,买盘
1069,13:19:17,3.69,--,307,113567,卖盘
1070,13:19:10,3.69,--,5,1845,卖盘
1071,13:19:07,3.69,-0.01,441,162729,卖盘
1072,13:19:01,3.7,0.01,1057,391090,买盘
1073,13:18:57,3.69,--,8,2952,卖盘
1074,13:18:52,3.69,-0.01,1593,587817,卖盘
1075,13:18:47,3.7,--,153,56610,买盘
1076,13:18:42,3.7,0.01,2,740,买盘
1077,13:18:37,3.69,--,286,105534,卖盘
1078,13:18:32,3.69,-0.01,15,5535,卖盘
1079,13:18:25,3.7,0.01,751,277870,买盘
1080,13:18:22,3.69,--,755,278595,卖盘
1081,13:18:16,3.69,--,139,51291,卖盘
1082,13:18:07,3.69,-0.01,197,72693,卖盘
1083,13:18:02,3.7,--,400,148000,买盘
1084,13:17:56,3.7,0.01,30,11100,买盘
1085,13:17:52,3.69,-0.01,1266,467154,卖盘
1086,13:17:45,3.7,0.01,61,22570,买盘
1087,13:17:37,3.69,-0.01,528,194832,卖盘
1088,13:17:31,3.7,--,200,74000,买盘
1089,13:17:25,3.7,0.01,558,206460,买盘
1090,13:17:21,3.69,--,417,153873,卖盘
1091,13:17:16,3.69,--,1,369,卖盘
1092,13:17:11,3.69,--,13,4797,卖盘
1093,13:17:07,3.69,--,1134,418446,卖盘
1094,13:17:01,3.69,-0.01,358,132102,卖盘
1095,13:16:55,3.7,0.01,100,37000,买盘
1096,13:16:52,3.69,--,138,50922,卖盘
1097,13:16:45,3.69,--,10,3690,卖盘
1098,13:16:37,3.69,-0.01,305,112545,卖盘
1099,13:16:31,3.7,--,121,44770,买盘
1100,13:16:27,3.7,0.01,67,24790,买盘
1101,13:16:22,3.69,--,443,163467,卖盘
1102,13:16:16,3.69,--,133,49187,卖盘
1103,13:16:10,3.69,--,35,12915,卖盘
1104,13:16:06,3.69,--,532,196308,卖盘
1105,13:16:01,3.69,-0.01,56,20664,卖盘
1106,13:15:55,3.7,0.01,25,9250,买盘
1107,13:15:52,3.69,-0.01,143,52767,卖盘
1108,13:15:47,3.7,0.01,5135,1899950,买盘
1109,13:15:37,3.69,-0.01,1132,417708,卖盘
1110,13:15:31,3.7,0.01,186,68820,买盘
1111,13:15:22,3.69,--,439,161991,卖盘
1112,13:15:16,3.69,-0.01,16,5904,卖盘
1113,13:15:11,3.7,0.01,124,45880,买盘
1114,13:15:06,3.69,-0.01,153,56457,卖盘
1115,13:15:01,3.7,--,10,3700,买盘
1116,13:14:55,3.7,0.01,21,7770,买盘
1117,13:14:51,3.69,--,148,54612,卖盘
1118,13:14:37,3.69,-0.01,361,133209,卖盘
1119,13:14:31,3.7,0.01,157,58090,买盘
1120,13:14:21,3.69,--,441,162729,卖盘
1121,13:14:16,3.69,-0.01,26,9594,卖盘
1122,13:14:10,3.7,--,3,1110,买盘
1123,13:14:07,3.7,--,267,98790,买盘
1124,13:14:01,3.7,0.01,23,8510,买盘
1125,13:13:54,3.69,--,15,5535,卖盘
1126,13:13:51,3.69,-0.01,539,198891,卖盘
1127,13:13:45,3.7,0.01,20,7400,买盘
1128,13:13:36,3.69,-0.01,1012,373428,卖盘
1129,13:13:30,3.7,0.01,313,115810,买盘
1130,13:13:26,3.69,--,689,254241,卖盘
1131,13:13:21,3.69,--,3555,1311795,卖盘
1132,13:13:15,3.69,--,7,2586,卖盘
1133,13:13:09,3.69,--,86,31841,卖盘
1134,13:13:06,3.69,--,140,51660,卖盘
1135,13:12:55,3.69,--,79,29151,卖盘
1136,13:12:51,3.69,--,132,48708,卖盘
1137,13:12:46,3.69,--,24,8856,卖盘
1138,13:12:37,3.69,-0.01,149,54981,卖盘
1139,13:12:30,3.7,--,100,37000,买盘
1140,13:12:22,3.7,0.01,482,178340,买盘
1141,13:12:15,3.69,--,24,8856,卖盘
1142,13:12:06,3.69,-0.01,262,96678,卖盘
1143,13:11:56,3.7,0.01,2,740,买盘
1144,13:11:51,3.69,--,143,52767,卖盘
1145,13:11:45,3.69,--,24,8856,卖盘
1146,13:11:41,3.69,--,18,6642,卖盘
1147,13:11:36,3.69,-0.01,139,51291,卖盘
1148,13:11:30,3.7,0.01,100,37000,买盘
1149,13:11:25,3.69,-0.01,247,91143,卖盘
1150,13:11:19,3.7,0.01,339,125430,买盘
1151,13:11:15,3.69,-0.01,698,257562,卖盘
1152,13:11:10,3.7,0.01,1254,463980,买盘
1153,13:11:06,3.69,--,124,45756,卖盘
1154,13:11:01,3.69,--,59,21771,卖盘
1155,13:10:54,3.69,-0.01,227,83763,卖盘
1156,13:10:51,3.7,--,2,740,买盘
1157,13:10:45,3.7,0.01,280,103600,买盘
1158,13:10:40,3.69,--,1262,465678,卖盘
1159,13:10:30,3.69,--,532,196308,卖盘
1160,13:10:24,3.69,-0.01,448,165312,卖盘
1161,13:10:20,3.7,0.01,1057,391090,买盘
1162,13:10:09,3.69,-0.01,228,84242,卖盘
1163,13:10:04,3.7,0.01,10,3700,买盘
1164,13:10:00,3.69,--,643,237267,卖盘
1165,13:09:55,3.69,-0.01,537,198153,卖盘
1166,13:09:49,3.7,0.01,1321,488770,买盘
1167,13:09:46,3.69,--,24,8856,卖盘
1168,13:09:41,3.69,-0.01,146,53874,卖盘
1169,13:09:30,3.7,0.01,188,69560,买盘
1170,13:09:25,3.69,-0.01,128,47232,卖盘
1171,13:09:21,3.7,--,2,740,买盘
1172,13:09:16,3.7,--,364,134680,买盘
1173,13:09:10,3.7,--,574,212380,买盘
1174,13:09:00,3.7,--,10,3700,买盘
1175,13:08:54,3.7,--,1280,473600,买盘
1176,13:08:50,3.7,0.01,1021,377770,买盘
1177,13:08:40,3.69,-0.01,134,49446,卖盘
1178,13:08:35,3.7,--,29,10730,买盘
1179,13:08:30,3.7,--,128,47360,买盘
1180,13:08:25,3.7,--,148,54760,买盘
1181,13:08:18,3.7,0.01,330,122100,买盘
1182,13:08:15,3.69,--,4,1476,卖盘
1183,13:08:10,3.69,--,129,47601,卖盘
1184,13:08:03,3.69,-0.01,2,738,卖盘
1185,13:08:00,3.7,0.01,90,33300,买盘
1186,13:07:54,3.69,-0.01,141,52029,卖盘
1187,13:07:49,3.7,--,250,92500,买盘
1188,13:07:45,3.7,0.01,90,33300,买盘
1189,13:07:41,3.69,--,1534,566046,卖盘
1190,13:07:30,3.69,--,256,94464,卖盘
1191,13:07:26,3.69,-0.01,171,63099,卖盘
1192,13:07:19,3.7,--,220,81400,买盘
1193,13:07:15,3.7,0.01,351,129870,买盘
1194,13:07:11,3.69,-0.01,538,198522,卖盘
1195,13:07:04,3.7,0.01,280,103600,买盘
1196,13:07:00,3.69,--,137,50663,卖盘
1197,13:06:55,3.69,-0.01,234,86346,卖盘
1198,13:06:49,3.7,--,15,5550,买盘
1199,13:06:40,3.7,--,258,95460,买盘
1200,13:06:35,3.7,--,196,72520,买盘
1201,13:06:30,3.7,--,92,34040,买盘
1202,13:06:25,3.7,--,455,168350,买盘
1203,13:06:19,3.7,0.01,1687,624190,买盘
1204,13:06:15,3.69,--,556,205164,卖盘
1205,13:06:09,3.69,-0.01,129,47601,卖盘
1206,13:06:04,3.7,--,7,2590,买盘
1207,13:06:00,3.7,0.01,180,66600,买盘
1208,13:05:55,3.69,-0.01,140,51660,卖盘
1209,13:05:39,3.7,--,937,346690,买盘
1210,13:05:30,3.7,0.01,2327,860990,买盘
1211,13:05:25,3.69,-0.01,135,49815,卖盘
1212,13:05:19,3.7,--,2,740,买盘
1213,13:05:15,3.7,0.01,329,121730,买盘
1214,13:05:09,3.69,-0.01,141,52029,卖盘
1215,13:05:00,3.7,--,90,33300,买盘
1216,13:04:54,3.7,--,305,112850,买盘
1217,13:04:48,3.7,0.01,1395,516150,买盘
1218,13:04:45,3.69,--,236,87084,卖盘
1219,13:04:39,3.69,--,143,52767,卖盘
1220,13:04:24,3.69,--,134,49446,卖盘
1221,13:04:18,3.69,--,10,3690,卖盘
1222,13:04:15,3.69,--,293,108117,卖盘
1223,13:04:08,3.69,-0.01,235,86715,卖盘
1224,13:04:04,3.7,0.01,50,18500,买盘
1225,13:04:00,3.69,--,6,2542,卖盘
1226,13:03:54,3.69,-0.01,233,86128,卖盘
1227,13:03:48,3.7,0.01,1,370,买盘
1228,13:03:45,3.69,--,120,44280,卖盘
1229,13:03:39,3.69,--,756,278964,卖盘
1230,13:03:33,3.69,--,35,12915,卖盘
1231,13:03:30,3.69,-0.01,27,9963,卖盘
1232,13:03:24,3.7,--,425,157250,买盘
1233,13:03:15,3.7,--,280,103600,买盘
1234,13:03:10,3.7,--,189,69930,买盘
1235,13:03:03,3.7,--,6,2220,买盘
1236,13:02:59,3.7,--,90,33300,买盘
1237,13:02:54,3.7,--,220,81400,买盘
1238,13:02:50,3.7,--,1215,449550,买盘
1239,13:02:39,3.7,--,148,54760,买盘
1240,13:02:33,3.7,--,1,370,买盘
1241,13:02:29,3.7,0.01,21,7770,买盘
1242,13:02:24,3.69,-0.01,171,63099,卖盘
1243,13:02:19,3.7,0.01,3,1110,买盘
1244,13:02:14,3.69,--,377,139113,卖盘
1245,13:02:09,3.69,--,157,57933,卖盘
1246,13:02:05,3.69,--,56,20664,卖盘
1247,13:01:54,3.69,--,313,115497,卖盘
1248,13:01:49,3.69,--,20,7380,卖盘
1249,13:01:38,3.69,-0.01,533,196677,卖盘
1250,13:01:34,3.7,0.01,257,95090,买盘
1251,13:01:25,3.69,-0.01,155,57195,卖盘
1252,13:01:19,3.7,--,2,740,买盘
1253,13:01:15,3.7,0.01,229,84730,买盘
1254,13:01:09,3.69,--,225,83025,卖盘
1255,13:01:03,3.69,-0.01,102,37638,卖盘
1256,13:00:54,3.7,--,258,95571,买盘
1257,13:00:49,3.7,--,1,370,买盘
1258,13:00:45,3.7,--,90,33300,买盘
1259,13:00:40,3.7,--,166,61420,买盘
1260,13:00:29,3.7,--,282,104340,买盘
1261,13:00:24,3.7,--,455,168350,买盘
1262,13:00:18,3.7,0.01,2,740,买盘
1263,13:00:14,3.69,-0.01,1,369,卖盘
1264,13:00:09,3.7,--,482,178340,买盘
1265,13:00:04,3.7,0.01,4265,1578050,买盘
1266,11:30:00,3.69,--,0,0,卖盘
1267,11:29:59,3.69,--,0,0,卖盘
1268,11:29:56,3.69,-0.01,137,50553,卖盘
1269,11:29:51,3.7,0.01,389,143930,买盘
1270,11:29:40,3.69,-0.01,135,49815,卖盘
1271,11:29:25,3.7,0.01,423,156510,买盘
1272,11:29:21,3.69,-0.01,177,65313,卖盘
1273,11:29:11,3.7,0.01,373,138010,买盘
1274,11:28:56,3.69,--,307,113283,卖盘
1275,11:28:50,3.69,--,24,8856,卖盘
1276,11:28:45,3.69,-0.01,15,5535,卖盘
1277,11:28:41,3.7,0.01,389,143930,买盘
1278,11:28:26,3.69,-0.01,192,70848,卖盘
1279,11:28:20,3.7,0.01,281,103970,买盘
1280,11:28:15,3.69,--,320,118216,卖盘
1281,11:28:10,3.69,--,133,49077,卖盘
1282,11:27:56,3.69,-0.01,394,145386,卖盘
1283,11:27:49,3.7,0.01,11,4070,买盘
1284,11:27:44,3.69,--,92,34058,卖盘
1285,11:27:40,3.69,-0.01,141,52029,卖盘
1286,11:27:35,3.7,0.01,3,1110,买盘
1287,11:27:29,3.69,-0.01,103,38007,卖盘
1288,11:27:24,3.7,--,140,51800,买盘
1289,11:27:19,3.7,0.01,315,116550,买盘
1290,11:27:14,3.69,--,24,8856,卖盘
1291,11:27:09,3.69,--,136,50184,卖盘
1292,11:27:04,3.69,--,3,1107,卖盘
1293,11:26:59,3.69,--,172,63468,卖盘
1294,11:26:54,3.69,--,135,49815,卖盘
1295,11:26:50,3.69,-0.01,3782,1395558,卖盘
1296,11:26:43,3.7,--,1718,635660,买盘
1297,11:26:39,3.7,--,224,82880,买盘
1298,11:26:34,3.7,--,800,296000,买盘
1299,11:26:28,3.7,0.01,160,59200,买盘
1300,11:26:23,3.69,-0.01,136,50184,卖盘
1301,11:26:20,3.7,--,340,125800,买盘
1302,11:26:13,3.7,--,104,38480,买盘
1303,11:26:09,3.7,--,321,118770,买盘
1304,11:26:04,3.7,0.01,27,9990,买盘
1305,11:25:59,3.69,-0.01,366,135054,卖盘
1306,11:25:54,3.7,--,223,82510,买盘
1307,11:25:49,3.7,--,92,34040,买盘
1308,11:25:44,3.7,0.01,363,134310,买盘
1309,11:25:38,3.69,--,141,52029,卖盘
1310,11:25:34,3.69,--,20,7380,卖盘
1311,11:25:25,3.69,-0.01,139,51291,卖盘
1312,11:25:19,3.7,--,295,109150,买盘
1313,11:25:15,3.7,0.01,26,9620,买盘
1314,11:25:07,3.69,--,129,47601,卖盘
1315,11:25:05,3.69,-0.01,18,6642,卖盘
1316,11:24:58,3.7,0.01,5,1850,买盘
1317,11:24:54,3.69,-0.01,134,49446,卖盘
1318,11:24:49,3.7,0.01,31,11470,买盘
1319,11:24:43,3.69,--,95,35165,卖盘
1320,11:24:38,3.69,--,131,48339,卖盘
1321,11:24:29,3.69,--,44,16236,卖盘
1322,11:24:23,3.69,-0.01,135,49815,卖盘
1323,11:24:19,3.7,0.01,313,115810,买盘
1324,11:24:08,3.69,-0.01,133,49077,卖盘
1325,11:24:04,3.7,0.01,6,2220,买盘
1326,11:23:58,3.69,--,192,70848,卖盘
1327,11:23:53,3.69,-0.01,137,50553,卖盘
1328,11:23:49,3.7,0.01,27,9990,买盘
1329,11:23:44,3.69,--,1528,563832,卖盘
1330,11:23:37,3.69,--,625,230625,卖盘
1331,11:23:34,3.69,-0.01,1,369,卖盘
1332,11:23:23,3.7,--,139,51430,买盘
1333,11:23:19,3.7,0.01,291,107670,买盘
1334,11:23:08,3.69,--,139,51291,卖盘
1335,11:22:59,3.69,--,283,104427,卖盘
1336,11:22:54,3.69,-0.01,140,51660,卖盘
1337,11:22:49,3.7,0.01,1,370,买盘
1338,11:22:44,3.69,--,70,25830,卖盘
1339,11:22:37,3.69,--,437,161253,卖盘
1340,11:22:34,3.69,--,6,2214,卖盘
1341,11:22:29,3.69,--,2,738,卖盘
1342,11:22:23,3.69,--,237,87453,卖盘
1343,11:22:19,3.69,-0.01,327,120663,卖盘
1344,11:22:13,3.7,0.01,472,174640,买盘
1345,11:22:09,3.69,--,215,79335,卖盘
1346,11:22:04,3.69,--,172,63468,卖盘
1347,11:21:58,3.69,--,95,35055,卖盘
1348,11:21:53,3.69,--,166,61254,卖盘
1349,11:21:49,3.69,-0.01,500,184500,卖盘
1350,11:21:43,3.7,0.01,1193,441410,买盘
1351,11:21:37,3.69,--,234,86681,卖盘
1352,11:21:34,3.69,--,165,61028,卖盘
1353,11:21:29,3.69,--,67,24723,卖盘
1354,11:21:22,3.69,-0.01,142,52398,卖盘
1355,11:21:19,3.7,0.01,424,156880,买盘
1356,11:21:13,3.69,--,21,7749,卖盘
1357,11:21:08,3.69,--,136,50184,卖盘
1358,11:21:04,3.69,--,3337,1231353,卖盘
1359,11:20:53,3.69,-0.01,140,51660,卖盘
1360,11:20:49,3.7,--,134,49580,买盘
1361,11:20:43,3.7,0.01,258,95460,买盘
1362,11:20:37,3.69,--,165,60885,卖盘
1363,11:20:34,3.69,-0.01,69,25461,卖盘
1364,11:20:28,3.7,0.01,232,85840,买盘
1365,11:20:23,3.69,--,170,62730,卖盘
1366,11:20:19,3.69,--,415,153135,卖盘
1367,11:20:13,3.69,--,148,54612,卖盘
1368,11:20:08,3.69,--,183,67527,卖盘
1369,11:20:02,3.69,--,20,7380,卖盘
1370,11:19:58,3.69,--,56,20664,卖盘
1371,11:19:53,3.69,--,254,93726,卖盘
1372,11:19:43,3.69,--,71,26199,卖盘
1373,11:19:38,3.69,--,150,55350,卖盘
1374,11:19:28,3.69,--,24,8856,卖盘
1375,11:19:23,3.69,--,131,48339,卖盘
1376,11:19:18,3.69,-0.01,1,369,卖盘
1377,11:19:13,3.7,--,305,112850,买盘
1378,11:19:08,3.7,0.01,349,129130,买盘
1379,11:18:58,3.69,--,10,3690,卖盘
1380,11:18:53,3.69,--,136,50184,卖盘
1381,11:18:38,3.69,--,409,150921,卖盘
1382,11:18:28,3.69,--,121,44759,卖盘
1383,11:18:23,3.69,--,141,52029,卖盘
1384,11:18:19,3.69,-0.01,5,1845,卖盘
1385,11:18:13,3.7,0.01,285,105450,买盘
1386,11:18:08,3.69,--,204,75276,卖盘
1387,11:18:02,3.69,--,8,2952,卖盘
1388,11:17:58,3.69,--,86,31734,卖盘
1389,11:17:53,3.69,--,389,143541,卖盘
1390,11:17:43,3.69,--,175,64575,卖盘
1391,11:17:38,3.69,--,134,49446,卖盘
1392,11:17:33,3.69,--,5,1845,卖盘
1393,11:17:28,3.69,--,81,29889,卖盘
1394,11:17:23,3.69,-0.01,196,72324,卖盘
1395,11:17:19,3.7,--,1,370,买盘
1396,11:17:13,3.7,0.01,309,114330,买盘
1397,11:17:08,3.69,--,144,53136,卖盘
1398,11:16:58,3.69,-0.01,18,6642,卖盘
1399,11:16:53,3.7,--,201,74370,买盘
1400,11:16:43,3.7,0.01,150,55500,买盘
1401,11:16:38,3.69,--,160,59040,卖盘
1402,11:16:23,3.69,--,146,53874,卖盘
1403,11:16:16,3.69,--,287,105903,卖盘
1404,11:16:14,3.69,--,289,106641,卖盘
1405,11:16:07,3.69,-0.01,196,72324,卖盘
1406,11:16:02,3.7,0.01,30,11100,买盘
1407,11:15:58,3.69,--,31,11439,卖盘
1408,11:15:53,3.69,-0.01,146,53874,卖盘
1409,11:15:43,3.7,0.01,13,4810,买盘
1410,11:15:38,3.69,-0.01,140,51660,卖盘
1411,11:15:32,3.7,0.01,90,33300,买盘
1412,11:15:28,3.69,--,305,112655,卖盘
1413,11:15:24,3.69,-0.01,140,51660,卖盘
1414,11:15:17,3.7,--,287,106190,买盘
1415,11:15:13,3.7,0.01,173,64010,买盘
1416,11:15:07,3.69,--,192,70848,卖盘
1417,11:14:58,3.69,--,164,60516,卖盘
1418,11:14:53,3.69,--,164,60516,卖盘
1419,11:14:43,3.69,-0.01,18,6642,卖盘
1420,11:14:38,3.7,0.01,132,48840,买盘
1421,11:14:28,3.69,-0.01,71,26199,卖盘
1422,11:14:22,3.7,0.01,164,60680,买盘
1423,11:14:16,3.69,-0.01,27,9963,卖盘
1424,11:14:13,3.7,0.01,310,114700,买盘
1425,11:14:07,3.69,-0.01,131,48339,卖盘
1426,11:14:01,3.7,0.01,79,29230,买盘
1427,11:13:58,3.69,--,141,52029,卖盘
1428,11:13:53,3.69,-0.01,217,80073,卖盘
1429,11:13:46,3.7,--,18,6660,买盘
1430,11:13:43,3.7,0.01,102,37740,买盘
1431,11:13:37,3.69,--,223,82287,卖盘
1432,11:13:28,3.69,--,159,58671,卖盘
1433,11:13:22,3.69,-0.01,823,303687,卖盘
1434,11:13:16,3.7,0.01,602,222740,买盘
1435,11:13:13,3.69,-0.01,3352,1236888,卖盘
1436,11:13:06,3.7,--,243,89910,买盘
1437,11:13:02,3.7,--,48,17760,买盘
1438,11:12:56,3.7,--,108,39960,买盘
1439,11:12:52,3.7,0.01,230,85100,买盘
1440,11:12:47,3.69,--,244,90036,卖盘
1441,11:12:43,3.69,--,100,36900,卖盘
1442,11:12:37,3.69,--,530,195570,卖盘
1443,11:12:32,3.69,-0.01,50,18450,卖盘
1444,11:12:22,3.7,0.01,449,166241,买盘
1445,11:12:16,3.69,--,363,133947,卖盘
1446,11:12:10,3.69,--,577,212913,卖盘
1447,11:12:07,3.69,--,287,105903,卖盘
1448,11:11:57,3.69,--,54,19926,卖盘
1449,11:11:52,3.69,--,138,50922,卖盘
1450,11:11:47,3.69,--,64,23616,卖盘
1451,11:11:37,3.69,--,154,56826,卖盘
1452,11:11:32,3.69,--,118,43542,卖盘
1453,11:11:28,3.69,--,100,36900,卖盘
1454,11:11:22,3.69,-0.01,140,51660,卖盘
1455,11:11:16,3.7,0.01,511,189070,买盘
1456,11:11:12,3.69,--,556,205164,卖盘
1457,11:11:07,3.69,--,142,52398,卖盘
1458,11:11:02,3.69,--,30,11070,卖盘
1459,11:10:52,3.69,--,470,173430,卖盘
1460,11:10:46,3.69,--,186,68634,卖盘
1461,11:10:37,3.69,--,486,179334,卖盘
1462,11:10:22,3.69,-0.01,244,90036,卖盘
1463,11:10:16,3.7,0.01,293,108410,买盘
1464,11:10:11,3.69,-0.01,450,166050,卖盘
1465,11:10:08,3.7,--,212,78440,买盘
1466,11:09:57,3.7,0.01,1,370,买盘
1467,11:09:52,3.69,-0.01,228,84132,卖盘
1468,11:09:47,3.7,0.01,18,6660,买盘
1469,11:09:36,3.69,--,380,140220,卖盘
1470,11:09:31,3.69,-0.01,8,2952,卖盘
1471,11:09:27,3.7,0.01,98,36260,买盘
1472,11:09:22,3.69,--,264,97430,卖盘
1473,11:09:16,3.69,--,406,149909,卖盘
1474,11:09:07,3.69,--,145,53505,卖盘
1475,11:09:02,3.69,--,3,1107,卖盘
1476,11:08:56,3.69,--,389,143541,卖盘
1477,11:08:52,3.69,--,1525,562725,卖盘
1478,11:08:47,3.69,--,14,5166,卖盘
1479,11:08:37,3.69,--,136,50184,卖盘
1480,11:08:32,3.69,--,15,5535,卖盘
1481,11:08:26,3.69,-0.01,25,9225,卖盘
1482,11:08:22,3.7,0.01,172,63640,买盘
1483,11:08:17,3.69,--,381,140589,卖盘
1484,11:08:07,3.69,--,294,108486,卖盘
1485,11:08:01,3.69,--,2,738,卖盘
1486,11:07:56,3.69,-0.01,8,2952,卖盘
1487,11:07:52,3.7,--,159,58830,买盘
1488,11:07:46,3.7,0.01,20,7400,买盘
1489,11:07:37,3.69,-0.01,133,49077,卖盘
1490,11:07:32,3.7,0.01,345,127650,买盘
1491,11:07:22,3.69,-0.01,322,118818,卖盘
1492,11:07:17,3.7,0.01,325,120250,买盘
1493,11:07:07,3.69,--,197,72693,卖盘
1494,11:07:02,3.69,-0.01,217,80073,卖盘
1495,11:06:56,3.7,0.01,30,11100,买盘
1496,11:06:51,3.69,--,133,49077,卖盘
1497,11:06:47,3.69,--,15,5535,卖盘
1498,11:06:41,3.69,--,129,47601,卖盘
1499,11:06:37,3.69,-0.01,136,50184,卖盘
1500,11:06:31,3.7,--,8,2960,买盘
1501,11:06:25,3.7,0.01,2000,740000,买盘
1502,11:06:22,3.69,-0.01,529,195201,卖盘
1503,11:06:16,3.7,0.01,3616,1338031,买盘
1504,11:06:11,3.69,--,1,369,卖盘
1505,11:06:07,3.69,--,169,62361,卖盘
1506,11:06:01,3.69,-0.01,4,1476,卖盘
1507,11:05:56,3.7,0.01,104,38480,买盘
1508,11:05:52,3.69,--,339,125091,卖盘
1509,11:05:46,3.69,--,60,22140,卖盘
1510,11:05:41,3.69,-0.01,38,14022,卖盘
1511,11:05:37,3.7,--,346,128020,买盘
1512,11:05:31,3.7,0.01,155,57350,买盘
1513,11:05:22,3.69,--,299,110331,卖盘
1514,11:05:16,3.69,-0.01,486,179334,卖盘
1515,11:05:11,3.7,0.01,60,22200,买盘
1516,11:05:06,3.69,--,155,57195,卖盘
1517,11:05:01,3.69,--,109,40221,卖盘
1518,11:04:56,3.69,--,465,171585,卖盘
1519,11:04:51,3.69,-0.01,145,53505,卖盘
1520,11:04:46,3.7,0.01,108,39960,买盘
1521,11:04:41,3.69,--,218,80442,卖盘
1522,11:04:36,3.69,-0.01,129,47601,卖盘
1523,11:04:25,3.7,--,30,11100,买盘
1524,11:04:22,3.7,--,142,52540,买盘
1525,11:04:16,3.7,0.01,330,122100,买盘
1526,11:04:11,3.69,--,1,369,卖盘
1527,11:04:06,3.69,-0.01,150,55350,卖盘
1528,11:04:01,3.7,0.01,47,17390,买盘
1529,11:03:56,3.69,--,17,6273,卖盘
1530,11:03:51,3.69,-0.01,137,50553,卖盘
1531,11:03:45,3.7,0.01,144,53280,买盘
1532,11:03:41,3.69,--,286,105534,卖盘
1533,11:03:37,3.69,-0.01,170,62730,卖盘
1534,11:03:31,3.7,0.01,446,165020,买盘
1535,11:03:25,3.69,--,124,45756,卖盘
1536,11:03:20,3.69,--,661,243909,卖盘
1537,11:03:16,3.69,--,377,139172,卖盘
1538,11:03:10,3.69,--,267,98574,卖盘
1539,11:03:06,3.69,-0.01,142,52398,卖盘
1540,11:03:01,3.7,--,76,28120,买盘
1541,11:02:56,3.7,0.01,146,54020,买盘
1542,11:02:52,3.69,-0.01,395,145755,卖盘
1543,11:02:46,3.7,--,562,207940,买盘
1544,11:02:41,3.7,0.01,11,4070,买盘
1545,11:02:36,3.69,--,156,57564,卖盘
1546,11:02:31,3.69,-0.01,56,20664,卖盘
1547,11:02:26,3.7,--,173,64010,买盘
1548,11:02:20,3.7,--,164,60680,买盘
1549,11:02:16,3.7,0.01,492,182040,买盘
1550,11:02:11,3.69,--,142,52398,卖盘
1551,11:02:05,3.69,-0.01,130,47970,卖盘
1552,11:02:01,3.7,--,303,112110,买盘
1553,11:01:56,3.7,0.01,456,168720,买盘
1554,11:01:50,3.69,-0.01,191,70479,卖盘
1555,11:01:46,3.7,0.01,53,19610,买盘
1556,11:01:41,3.69,--,257,94833,卖盘
1557,11:01:34,3.69,-0.01,138,50922,卖盘
1558,11:01:31,3.7,--,1033,382210,买盘
1559,11:01:25,3.7,0.01,1,370,买盘
1560,11:01:20,3.69,-0.01,262,96678,卖盘
1561,11:01:15,3.7,--,297,109890,买盘
1562,11:01:10,3.7,--,196,72520,买盘
1563,11:01:05,3.7,--,4519,1672030,买盘
1564,11:01:00,3.7,--,226,83620,买盘
1565,11:00:56,3.7,--,1569,580530,买盘
1566,11:00:49,3.7,--,261,96570,买盘
1567,11:00:46,3.7,--,320,118400,买盘
1568,11:00:41,3.7,0.01,1028,380360,买盘
1569,11:00:35,3.69,-0.01,196,72324,卖盘
1570,11:00:31,3.7,--,248,91871,买盘
1571,11:00:26,3.7,0.01,726,268620,买盘
1572,11:00:20,3.69,-0.01,728,268632,卖盘
1573,11:00:16,3.7,--,450,166500,买盘
1574,11:00:11,3.7,--,905,334850,买盘
1575,11:00:05,3.7,0.01,473,175010,买盘
1576,11:00:01,3.69,-0.01,222,81918,卖盘
1577,10:59:56,3.7,--,10,3700,买盘
1578,10:59:50,3.7,0.01,154,56980,买盘
1579,10:59:45,3.69,-0.01,46,16974,卖盘
1580,10:59:41,3.7,0.01,142,52540,买盘
1581,10:59:35,3.69,--,131,48339,卖盘
1582,10:59:31,3.69,--,87,32103,卖盘
1583,10:59:20,3.69,--,138,50922,卖盘
1584,10:59:16,3.69,-0.01,625,230625,卖盘
1585,10:59:10,3.7,0.01,139,51430,买盘
1586,10:59:05,3.69,-0.01,151,55719,卖盘
1587,10:59:00,3.7,0.01,127,46990,买盘
1588,10:58:55,3.69,-0.01,404,149076,卖盘
1589,10:58:50,3.7,0.01,138,51060,买盘
1590,10:58:40,3.69,-0.01,234,86346,卖盘
1591,10:58:35,3.7,--,272,100640,买盘
1592,10:58:30,3.7,0.01,48,17760,买盘
1593,10:58:25,3.69,--,150,55350,卖盘
1594,10:58:19,3.69,--,429,158301,卖盘
1595,10:58:16,3.69,--,375,138375,卖盘
1596,10:58:10,3.69,--,444,163836,卖盘
1597,10:58:05,3.69,-0.01,210,77490,卖盘
1598,10:57:55,3.7,0.01,428,158360,买盘
1599,10:57:50,3.69,-0.01,607,223983,卖盘
1600,10:57:39,3.7,0.01,52,19240,买盘
1601,10:57:34,3.69,-0.01,217,80073,卖盘
1602,10:57:25,3.7,--,59,21830,买盘
1603,10:57:20,3.7,--,245,90650,买盘
1604,10:57:15,3.7,0.01,30,11100,买盘
1605,10:57:10,3.69,--,277,102213,卖盘
1606,10:57:05,3.69,--,254,93836,卖盘
1607,10:56:59,3.69,--,30,11070,卖盘
1608,10:56:50,3.69,-0.01,137,50553,卖盘
1609,10:56:40,3.7,0.01,59,21830,买盘
1610,10:56:35,3.69,--,325,119925,卖盘
1611,10:56:30,3.69,--,359,132471,卖盘
1612,10:56:25,3.69,-0.01,9,3321,卖盘
1613,10:56:19,3.7,--,170,62900,买盘
1614,10:56:10,3.7,0.01,386,142820,买盘
1615,10:56:04,3.69,--,200,73800,卖盘
1616,10:55:55,3.69,--,20,7380,卖盘
1617,10:55:50,3.69,--,135,49815,卖盘
1618,10:55:40,3.69,--,6,2214,卖盘
1619,10:55:34,3.69,-0.01,131,48339,卖盘
1620,10:55:30,3.7,0.01,57,21090,买盘
1621,10:55:25,3.69,-0.01,176,64944,卖盘
1622,10:55:20,3.7,--,324,119880,买盘
1623,10:55:14,3.7,--,8,2960,买盘
1624,10:55:10,3.7,0.01,456,168720,买盘
1625,10:55:05,3.69,--,141,52029,卖盘
1626,10:55:00,3.69,--,54,19926,卖盘
1627,10:54:55,3.69,--,20,7380,卖盘
1628,10:54:49,3.69,--,260,95940,卖盘
1629,10:54:44,3.69,--,8,2952,卖盘
1630,10:54:34,3.69,-0.01,156,57564,卖盘
1631,10:54:25,3.7,--,3,1110,买盘
1632,10:54:19,3.7,0.01,216,79920,买盘
1633,10:54:10,3.69,--,889,328041,卖盘
1634,10:54:04,3.69,-0.01,1619,597411,卖盘
1635,10:53:58,3.7,--,204,75561,买盘
1636,10:53:55,3.7,--,342,126569,买盘
1637,10:53:49,3.7,0.01,298,110260,买盘
1638,10:53:44,3.69,-0.01,79,29151,卖盘
1639,10:53:40,3.7,0.01,894,330780,买盘
1640,10:53:34,3.69,-0.01,191,70479,卖盘
1641,10:53:25,3.7,0.01,139,51430,买盘
1642,10:53:19,3.69,--,157,57933,卖盘
1643,10:53:13,3.69,-0.01,24,8856,卖盘
1644,10:53:10,3.7,0.01,401,148370,买盘
1645,10:53:05,3.69,--,189,69741,卖盘
1646,10:52:59,3.69,--,1,369,卖盘
1647,10:52:55,3.69,-0.01,442,163098,卖盘
1648,10:52:48,3.7,0.01,162,59940,买盘
1649,10:52:35,3.69,-0.01,141,52029,卖盘
1650,10:52:25,3.7,0.01,58,21460,买盘
1651,10:52:20,3.69,--,360,132840,卖盘
1652,10:52:14,3.69,-0.01,197,72693,卖盘
1653,10:52:09,3.7,--,422,156140,买盘
1654,10:52:04,3.7,0.01,534,197580,买盘
1655,10:51:55,3.69,-0.01,56,20664,卖盘
1656,10:51:49,3.7,0.01,269,99530,买盘
1657,10:51:44,3.69,-0.01,30,11070,卖盘
1658,10:51:40,3.7,0.01,179,66230,买盘
1659,10:51:33,3.69,-0.01,150,55350,卖盘
1660,10:51:29,3.7,0.01,11,4070,买盘
1661,10:51:19,3.69,-0.01,312,115128,卖盘
1662,10:51:10,3.7,0.01,286,105820,买盘
1663,10:51:03,3.69,--,212,78228,卖盘
1664,10:50:58,3.69,-0.01,159,58671,卖盘
1665,10:50:55,3.7,--,102,38028,买盘
1666,10:50:49,3.7,0.01,273,101202,买盘
1667,10:50:43,3.69,-0.01,142,52398,卖盘
1668,10:50:33,3.7,0.01,174,64380,买盘
1669,10:50:28,3.69,--,47,17343,卖盘
1670,10:50:19,3.69,--,219,80814,卖盘
1671,10:50:14,3.69,-0.01,635,234315,卖盘
1672,10:50:09,3.7,0.01,92,34040,买盘
1673,10:50:04,3.69,-0.01,213,78597,卖盘
1674,10:49:59,3.7,--,291,107670,买盘
1675,10:49:54,3.7,--,154,56980,买盘
1676,10:49:49,3.7,--,213,78810,买盘
1677,10:49:44,3.7,--,227,83990,买盘
1678,10:49:39,3.7,0.01,906,335220,买盘
1679,10:49:34,3.69,-0.01,137,50553,卖盘
1680,10:49:29,3.7,--,10,3700,买盘
1681,10:49:24,3.7,0.01,86,31820,买盘
1682,10:49:19,3.69,-0.01,143,52767,卖盘
1683,10:49:13,3.7,--,394,145780,买盘
1684,10:49:09,3.7,--,10,3700,买盘
1685,10:49:04,3.7,0.01,193,71410,买盘
1686,10:48:58,3.69,-0.01,60,22140,卖盘
1687,10:48:49,3.7,--,140,51800,买盘
1688,10:48:44,3.7,0.01,24,8880,买盘
1689,10:48:39,3.69,--,50,18450,卖盘
1690,10:48:33,3.69,--,239,88191,卖盘
1691,10:48:19,3.69,-0.01,206,76014,卖盘
1692,10:48:13,3.7,--,310,114700,买盘
1693,10:48:08,3.7,0.01,297,109890,买盘
1694,10:48:04,3.69,-0.01,141,52029,卖盘
1695,10:47:54,3.7,0.01,14,5180,买盘
1696,10:47:49,3.69,-0.01,275,101585,卖盘
1697,10:47:44,3.7,0.01,120,44400,买盘
1698,10:47:34,3.69,--,221,81549,卖盘
1699,10:47:22,3.69,--,35,12915,卖盘
1700,10:47:19,3.69,--,141,52029,卖盘
1701,10:47:13,3.69,-0.01,329,121401,卖盘
1702,10:47:08,3.7,--,1,370,买盘
1703,10:47:03,3.7,0.01,507,187590,买盘
1704,10:46:59,3.69,--,86,31734,卖盘
1705,10:46:49,3.69,--,154,56826,卖盘
1706,10:46:44,3.69,--,44,16236,卖盘
1707,10:46:33,3.69,--,140,51660,卖盘
1708,10:46:29,3.69,--,744,274536,卖盘
1709,10:46:22,3.69,--,40,14760,卖盘
1710,10:46:19,3.69,-0.01,148,54612,卖盘
1711,10:46:14,3.7,0.01,108,39960,买盘
1712,10:46:07,3.69,-0.01,219,80811,卖盘
1713,10:46:04,3.7,0.01,529,195730,买盘
1714,10:45:59,3.69,--,191,70479,买盘
1715,10:45:52,3.69,-0.01,46,16974,卖盘
1716,10:45:48,3.7,0.01,2418,894660,买盘
1717,10:45:44,3.69,--,637,235053,卖盘
1718,10:45:38,3.69,--,24,8856,卖盘
1719,10:45:33,3.69,-0.01,129,47601,卖盘
1720,10:45:28,3.7,--,89,32930,买盘
1721,10:45:23,3.7,0.01,100,37000,买盘
1722,10:45:18,3.69,--,134,49446,卖盘
1723,10:45:14,3.69,-0.01,229,84501,卖盘
1724,10:45:07,3.7,--,651,240870,买盘
1725,10:45:04,3.7,0.01,1400,518000,买盘
1726,10:44:59,3.69,-0.01,911,336159,卖盘
1727,10:44:52,3.7,0.01,298,110260,买盘
1728,10:44:49,3.69,--,913,336897,卖盘
1729,10:44:38,3.69,-0.01,123,45387,卖盘
1730,10:44:33,3.7,0.01,473,175010,买盘
1731,10:44:28,3.69,--,14,5166,卖盘
1732,10:44:22,3.69,0.01,166,61254,卖盘
1733,10:44:18,3.68,-0.01,716,263488,卖盘
1734,10:44:13,3.69,--,123,45387,买盘
1735,10:44:08,3.69,0.01,300,110700,买盘
1736,10:44:04,3.68,-0.01,1040,382720,卖盘
1737,10:43:58,3.69,--,705,260145,买盘
1738,10:43:52,3.69,0.01,54,19926,买盘
1739,10:43:49,3.68,-0.01,399,146832,卖盘
1740,10:43:37,3.69,0.01,52,19188,买盘
1741,10:43:34,3.68,-0.01,211,77648,卖盘
1742,10:43:28,3.69,0.01,372,137268,买盘
1743,10:43:22,3.68,-0.01,227,83536,卖盘
1744,10:43:18,3.69,--,144,53136,买盘
1745,10:43:13,3.69,0.01,54,19926,买盘
1746,10:43:08,3.68,-0.01,2065,759920,卖盘
1747,10:43:02,3.69,--,404,149076,买盘
1748,10:42:58,3.69,--,33,12177,买盘
1749,10:42:52,3.69,--,155,57195,买盘
1750,10:42:46,3.69,--,127,46863,买盘
1751,10:42:43,3.69,--,18,6642,买盘
1752,10:42:37,3.69,--,205,75645,买盘
1753,10:42:31,3.69,--,4,1476,买盘
1754,10:42:28,3.69,0.01,65,23985,买盘
1755,10:42:23,3.68,-0.01,343,126224,卖盘
1756,10:42:17,3.69,0.01,280,103320,买盘
1757,10:42:12,3.68,-0.01,253,93104,卖盘
1758,10:42:08,3.69,--,830,306270,买盘
1759,10:42:03,3.69,0.01,3,1107,买盘
1760,10:41:58,3.68,-0.01,275,101200,卖盘
1761,10:41:53,3.69,--,400,147600,买盘
1762,10:41:48,3.69,--,300,110700,买盘
1763,10:41:42,3.69,--,351,129519,买盘
1764,10:41:37,3.69,--,814,300366,买盘
1765,10:41:28,3.69,0.01,646,238374,买盘
1766,10:41:23,3.68,-0.01,283,104144,卖盘
1767,10:41:16,3.69,0.01,167,61623,买盘
1768,10:41:13,3.68,-0.01,267,98256,卖盘
1769,10:41:07,3.69,--,439,161991,买盘
1770,10:40:58,3.69,--,468,172692,买盘
1771,10:40:52,3.69,--,1255,463095,买盘
1772,10:40:48,3.69,0.01,18,6642,买盘
1773,10:40:43,3.68,--,587,216016,卖盘
1774,10:40:37,3.68,-0.01,1655,609040,卖盘
1775,10:40:33,3.69,0.01,44,16236,买盘
1776,10:40:28,3.68,--,44,16192,卖盘
1777,10:40:22,3.68,-0.01,146,53728,卖盘
1778,10:40:17,3.69,0.01,2,738,买盘
1779,10:40:12,3.68,-0.01,272,100096,卖盘
1780,10:40:08,3.69,--,681,251289,买盘
1781,10:40:00,3.69,--,14,5166,买盘
1782,10:39:58,3.69,--,181,66789,买盘
1783,10:39:52,3.69,0.01,284,104796,买盘
1784,10:39:43,3.68,-0.01,41,15088,卖盘
1785,10:39:37,3.69,-0.01,99,36531,买盘
1786,10:39:31,3.7,0.02,127,46990,买盘
1787,10:39:28,3.68,--,560,206080,卖盘
1788,10:39:22,3.68,--,1132,416576,卖盘
1789,10:39:16,3.68,--,833,306544,卖盘
1790,10:39:12,3.68,--,178,65504,卖盘
1791,10:39:07,3.68,-0.02,491,180688,卖盘
1792,10:39:00,3.7,0.01,162,59940,买盘
1793,10:38:58,3.69,--,63,23247,买盘
1794,10:38:53,3.69,-0.01,226,83394,卖盘
1795,10:38:42,3.7,0.01,195,72150,买盘
1796,10:38:37,3.69,--,1381,509589,卖盘
1797,10:38:30,3.69,--,39,14391,卖盘
1798,10:38:27,3.69,--,210,77490,买盘
1799,10:38:23,3.69,-0.01,206,76014,买盘
1800,10:38:16,3.7,--,0,0,买盘
1801,10:38:12,3.7,--,4485,1659450,买盘
1802,10:38:08,3.7,0.01,1097,406193,买盘
1803,10:38:01,3.69,-0.01,100,36900,卖盘
1804,10:37:58,3.7,0.01,554,205046,买盘
1805,10:37:53,3.69,--,704,259776,买盘
1806,10:37:46,3.69,--,193,71217,买盘
1807,10:37:42,3.69,--,1199,442733,卖盘
1808,10:37:36,3.69,--,904,333576,卖盘
1809,10:37:31,3.69,--,25,9225,卖盘
1810,10:37:27,3.69,--,196,72324,卖盘
1811,10:37:22,3.69,--,416,153504,卖盘
1812,10:37:16,3.69,--,490,180810,卖盘
1813,10:37:12,3.69,-0.01,918,338742,卖盘
1814,10:37:07,3.7,0.01,3521,1302836,买盘
1815,10:36:58,3.69,0.01,127,46863,买盘
1816,10:36:52,3.68,-0.01,2153,792304,卖盘
1817,10:36:46,3.69,--,255,94095,买盘
1818,10:36:43,3.69,--,5000,1845000,买盘
1819,10:36:37,3.69,0.01,25,9225,买盘
1820,10:36:27,3.68,-0.02,1311,482749,卖盘
1821,10:36:22,3.7,0.01,650,240500,买盘
1822,10:36:16,3.69,--,653,240957,卖盘
1823,10:36:12,3.69,-0.01,528,194832,卖盘
1824,10:36:07,3.7,0.01,929,343730,买盘
1825,10:36:01,3.69,-0.01,745,274905,卖盘
1826,10:35:55,3.7,0.01,2726,1008620,买盘
1827,10:35:52,3.69,--,662,244278,卖盘
1828,10:35:46,3.69,--,490,180810,卖盘
1829,10:35:42,3.69,--,251,92619,卖盘
1830,10:35:36,3.69,-0.01,517,190773,卖盘
1831,10:35:32,3.7,--,813,300810,买盘
1832,10:35:27,3.7,0.01,5332,1972840,买盘
1833,10:35:21,3.69,--,922,340218,卖盘
1834,10:35:16,3.69,--,421,155349,卖盘
1835,10:35:12,3.69,--,199,73431,卖盘
1836,10:35:07,3.69,-0.01,5872,2166768,卖盘
1837,10:35:01,3.7,0.01,438,162060,买盘
1838,10:34:55,3.69,-0.01,187,69003,卖盘
1839,10:34:51,3.7,0.01,822,304140,买盘
1840,10:34:46,3.69,--,279,102951,卖盘
1841,10:34:42,3.69,--,115,42435,卖盘
1842,10:34:37,3.69,--,508,187452,卖盘
1843,10:34:30,3.69,--,200,73800,卖盘
1844,10:34:27,3.69,--,178,65682,卖盘
1845,10:34:17,3.69,-0.01,51,18819,卖盘
1846,10:34:12,3.7,--,9,3330,买盘
1847,10:34:01,3.7,0.01,379,140230,买盘
1848,10:33:57,3.69,--,133,49077,卖盘
1849,10:33:52,3.69,-0.01,81,29889,卖盘
1850,10:33:46,3.7,0.01,1052,389240,买盘
1851,10:33:42,3.69,--,92,33948,卖盘
1852,10:33:36,3.69,-0.01,30,11070,卖盘
1853,10:33:31,3.7,0.01,50,18500,买盘
1854,10:33:26,3.69,-0.01,282,104058,卖盘
1855,10:33:22,3.7,--,121,44770,买盘
1856,10:33:16,3.7,--,59,21830,买盘
1857,10:33:06,3.7,--,223,82510,买盘
1858,10:33:01,3.7,0.01,424,156880,买盘
1859,10:32:56,3.69,--,145,53505,卖盘
1860,10:32:52,3.69,-0.01,106,39114,卖盘
1861,10:32:45,3.7,0.01,684,253080,买盘
1862,10:32:36,3.69,-0.01,35,12915,卖盘
1863,10:32:30,3.7,0.01,119,44030,买盘
1864,10:32:25,3.69,--,461,170109,卖盘
1865,10:32:22,3.69,-0.01,1,369,卖盘
1866,10:32:16,3.7,--,126,46620,买盘
1867,10:32:06,3.7,--,80,29600,买盘
1868,10:32:01,3.7,--,983,363710,买盘
1869,10:31:55,3.7,0.01,66,24420,买盘
1870,10:31:52,3.69,-0.01,1810,667890,卖盘
1871,10:31:46,3.7,0.01,463,171310,买盘
1872,10:31:40,3.69,-0.01,105,38745,卖盘
1873,10:31:36,3.7,0.01,181,66970,买盘
1874,10:31:31,3.69,--,2050,756450,卖盘
1875,10:31:25,3.69,--,131,48339,卖盘
1876,10:31:21,3.69,-0.01,40,14760,卖盘
1877,10:31:16,3.7,--,12,4440,买盘
1878,10:31:10,3.7,--,1231,455536,买盘
1879,10:31:06,3.7,--,403,149110,买盘
1880,10:31:01,3.7,0.01,970,358900,买盘
1881,10:30:51,3.69,--,821,302949,卖盘
1882,10:30:47,3.69,--,88,32472,卖盘
1883,10:30:41,3.69,-0.01,30,11070,卖盘
1884,10:30:36,3.7,--,440,162800,买盘
1885,10:30:31,3.7,--,653,241610,买盘
1886,10:30:25,3.7,--,218,80660,买盘
1887,10:30:21,3.7,--,445,164650,买盘
1888,10:30:17,3.7,--,3195,1182150,买盘
1889,10:30:11,3.7,--,266,98420,买盘
1890,10:30:06,3.7,0.01,705,260850,买盘
1891,10:30:00,3.69,--,550,202950,卖盘
1892,10:29:55,3.69,--,72,26568,卖盘
1893,10:29:51,3.69,-0.01,358,132102,卖盘
1894,10:29:45,3.7,--,84,31080,买盘
1895,10:29:36,3.7,0.01,586,216820,买盘
1896,10:29:30,3.69,--,205,75645,卖盘
1897,10:29:25,3.69,--,2127,784863,卖盘
1898,10:29:21,3.69,--,219,80811,卖盘
1899,10:29:15,3.69,--,96,35424,卖盘
1900,10:29:10,3.69,-0.01,1050,387450,卖盘
1901,10:29:06,3.7,--,443,163910,买盘
1902,10:29:00,3.7,--,876,324120,买盘
1903,10:28:55,3.7,--,174,64380,买盘
1904,10:28:51,3.7,--,1225,453250,买盘
1905,10:28:46,3.7,--,496,183520,买盘
1906,10:28:40,3.7,--,232,85840,买盘
1907,10:28:35,3.7,0.01,233,86210,买盘
1908,10:28:30,3.69,--,967,356823,卖盘
1909,10:28:26,3.69,--,317,116973,卖盘
1910,10:28:19,3.69,-0.01,570,210330,卖盘
1911,10:28:15,3.7,0.01,222,82140,买盘
1912,10:28:10,3.69,--,264,97416,卖盘
1913,10:28:06,3.69,-0.01,174,64206,卖盘
1914,10:28:00,3.7,0.01,649,240130,买盘
1915,10:27:55,3.69,-0.01,159,58671,卖盘
1916,10:27:49,3.7,0.01,1,370,买盘
1917,10:27:39,3.69,--,53,19557,卖盘
1918,10:27:34,3.69,--,181,66789,卖盘
1919,10:27:30,3.69,-0.01,82,30258,卖盘
1920,10:27:25,3.7,--,76,28120,买盘
1921,10:27:15,3.7,0.01,25,9250,买盘
1922,10:27:09,3.69,-0.01,48,17712,卖盘
1923,10:27:04,3.7,0.01,306,113220,买盘
1924,10:27:00,3.69,--,497,183393,卖盘
1925,10:26:55,3.69,-0.01,106,39114,卖盘
1926,10:26:49,3.7,--,158,58460,买盘
1927,10:26:45,3.7,0.01,436,161320,买盘
1928,10:26:40,3.69,-0.01,1506,555714,卖盘
1929,10:26:34,3.7,--,342,126540,买盘
1930,10:26:30,3.7,0.01,215,79550,买盘
1931,10:26:24,3.69,-0.01,264,97416,卖盘
1932,10:26:15,3.7,0.01,134,49580,买盘
1933,10:26:10,3.69,--,5081,1874889,卖盘
1934,10:26:06,3.69,-0.01,239,88191,卖盘
1935,10:26:00,3.7,0.01,610,225700,买盘
1936,10:25:54,3.69,--,202,74538,卖盘
1937,10:25:49,3.69,-0.01,100,36900,卖盘
1938,10:25:45,3.7,0.01,1652,611240,买盘
1939,10:25:40,3.69,-0.01,115,42435,卖盘
1940,10:25:35,3.7,0.01,385,142450,买盘
1941,10:25:30,3.69,--,212,78228,卖盘
1942,10:25:25,3.69,--,279,102951,卖盘
1943,10:25:19,3.69,-0.01,24,8856,卖盘
1944,10:25:15,3.7,--,245,90650,买盘
1945,10:25:10,3.7,0.01,87,32190,买盘
1946,10:25:04,3.69,--,4853,1790757,买盘
1947,10:25:00,3.69,--,596,219924,买盘
1948,10:24:55,3.69,0.01,10516,3880404,买盘
1949,10:24:49,3.68,--,64,23552,卖盘
1950,10:24:45,3.68,-0.01,1073,394864,卖盘
1951,10:24:40,3.69,0.01,105,38745,买盘
1952,10:24:34,3.68,-0.01,566,208288,卖盘
1953,10:24:30,3.69,0.01,1545,570105,买盘
1954,10:24:25,3.68,-0.01,3781,1391408,卖盘
1955,10:24:15,3.69,--,173,63837,买盘
1956,10:24:10,3.69,--,427,157563,买盘
1957,10:24:04,3.69,0.01,100,36900,买盘
1958,10:24:00,3.68,--,602,221536,卖盘
1959,10:23:55,3.68,--,254,93472,卖盘
1960,10:23:49,3.68,--,601,221168,卖盘
1961,10:23:45,3.68,--,566,208288,卖盘
1962,10:23:40,3.68,--,413,151984,卖盘
1963,10:23:34,3.68,-0.01,100,36800,卖盘
1964,10:23:30,3.69,--,363,133947,买盘
1965,10:23:25,3.69,0.01,208,76752,买盘
1966,10:23:19,3.68,--,23078,8493068,买盘
1967,10:23:15,3.68,--,296,108928,买盘
1968,10:23:10,3.68,--,220,80960,买盘
1969,10:23:04,3.68,--,443,163024,买盘
1970,10:23:00,3.68,0.01,176,64768,买盘
1971,10:22:55,3.67,-0.01,1604,588668,卖盘
1972,10:22:45,3.68,0.01,54,19872,买盘
1973,10:22:40,3.67,-0.01,101,37067,卖盘
1974,10:22:34,3.68,--,2366,870688,买盘
1975,10:22:30,3.68,0.01,255,93840,买盘
1976,10:22:24,3.67,-0.01,348,127716,卖盘
1977,10:22:19,3.68,--,1,368,买盘
1978,10:22:15,3.68,--,101,37168,买盘
1979,10:22:09,3.68,--,2600,956800,买盘
1980,10:22:04,3.68,--,79,29072,买盘
1981,10:22:00,3.68,0.01,554,203872,买盘
1982,10:21:54,3.67,-0.01,34,12478,卖盘
1983,10:21:49,3.68,--,218,80224,买盘
1984,10:21:45,3.68,--,343,126224,买盘
1985,10:21:39,3.68,--,260,95680,买盘
1986,10:21:34,3.68,--,1040,382720,买盘
1987,10:21:30,3.68,--,640,235520,买盘
1988,10:21:25,3.68,0.01,300,110400,买盘
1989,10:21:19,3.67,-0.01,215,78905,卖盘
1990,10:21:09,3.68,0.01,414,152352,买盘
1991,10:21:04,3.67,-0.01,670,245890,卖盘
1992,10:20:59,3.68,0.01,254,93472,买盘
1993,10:20:54,3.67,-0.01,99,36333,卖盘
1994,10:20:49,3.68,--,72,26496,买盘
1995,10:20:39,3.68,--,160,58880,买盘
1996,10:20:34,3.68,0.01,164,60352,买盘
1997,10:20:29,3.67,--,24,8808,卖盘
1998,10:20:24,3.67,-0.01,1,367,卖盘
1999,10:20:19,3.68,--,169,62192,买盘
2000,10:20:04,3.68,--,191,70288,买盘
2001,10:19:54,3.68,0.01,285,104880,买盘
2002,10:19:49,3.67,-0.01,28,10276,卖盘
2003,10:19:44,3.68,--,39,14352,买盘
2004,10:19:34,3.68,0.01,239,87952,买盘
2005,10:19:30,3.67,--,100,36700,卖盘
2006,10:19:24,3.67,-0.01,360,132120,卖盘
2007,10:19:19,3.68,0.01,2508,922944,买盘
2008,10:19:09,3.67,--,221,81107,卖盘
2009,10:19:04,3.67,-0.01,202,74134,卖盘
2010,10:18:59,3.68,0.01,421,154928,买盘
2011,10:18:54,3.67,-0.01,333,122211,卖盘
2012,10:18:49,3.68,--,207,76176,买盘
2013,10:18:45,3.68,--,53,19504,买盘
2014,10:18:39,3.68,0.01,269,98992,买盘
2015,10:18:33,3.67,--,250,91750,卖盘
2016,10:18:24,3.67,--,3919,1438273,卖盘
2017,10:18:09,3.67,-0.01,324,118908,卖盘
2018,10:18:04,3.68,--,274,100832,买盘
2019,10:17:59,3.68,--,328,120704,买盘
2020,10:17:54,3.68,0.01,278,102304,买盘
2021,10:17:43,3.67,-0.01,2,734,卖盘
2022,10:17:39,3.68,0.01,49,18032,买盘
2023,10:17:34,3.67,-0.01,116,42572,卖盘
2024,10:17:24,3.68,--,166,61088,买盘
2025,10:17:19,3.68,--,23,8464,买盘
2026,10:17:13,3.68,--,100,36800,买盘
2027,10:17:09,3.68,0.01,17,6256,买盘
2028,10:17:04,3.67,-0.01,146,53582,卖盘
2029,10:16:58,3.68,--,5,1840,买盘
2030,10:16:54,3.68,--,466,171488,买盘
2031,10:16:49,3.68,--,149,54832,买盘
2032,10:16:43,3.68,--,10,3680,买盘
2033,10:16:39,3.68,--,2,736,买盘
2034,10:16:34,3.68,--,273,100464,买盘
2035,10:16:28,3.68,--,23,8464,买盘
2036,10:16:24,3.68,--,647,238096,买盘
2037,10:16:19,3.68,--,249,91632,买盘
2038,10:16:13,3.68,--,90,33120,买盘
2039,10:16:09,3.68,--,239,87952,买盘
2040,10:16:04,3.68,--,200,73600,买盘
2041,10:15:57,3.68,--,109,40112,买盘
2042,10:15:54,3.68,--,215,79120,买盘
2043,10:15:49,3.68,--,239,87952,买盘
2044,10:15:39,3.68,--,133,48944,买盘
2045,10:15:34,3.68,0.01,1250,460000,买盘
2046,10:15:28,3.67,--,400,146800,买盘
2047,10:15:24,3.67,--,1761,646287,买盘
2048,10:15:19,3.67,0.01,533,195611,买盘
2049,10:15:13,3.66,-0.01,274,100284,卖盘
2050,10:15:09,3.67,--,14863,5454721,买盘
2051,10:15:03,3.67,--,2352,863184,买盘
2052,10:14:58,3.67,--,2219,814373,买盘
2053,10:14:54,3.67,--,379,139093,买盘
2054,10:14:48,3.67,--,193,70831,买盘
2055,10:14:39,3.67,--,513,188271,买盘
2056,10:14:33,3.67,--,235,86245,买盘
2057,10:14:28,3.67,--,1361,499487,买盘
2058,10:14:24,3.67,--,596,218732,买盘
2059,10:14:18,3.67,--,2438,894746,买盘
2060,10:14:12,3.67,--,462,169554,买盘
2061,10:14:09,3.67,--,828,303876,买盘
2062,10:14:03,3.67,0.01,123,45141,买盘
2063,10:13:57,3.66,-0.01,195,71370,卖盘
2064,10:13:52,3.67,0.01,68,24956,买盘
2065,10:13:48,3.66,-0.01,12,4392,卖盘
2066,10:13:43,3.67,--,162,59454,买盘
2067,10:13:38,3.67,--,53,19451,买盘
2068,10:13:33,3.67,--,128,46976,买盘
2069,10:13:28,3.67,--,455,166985,买盘
2070,10:13:23,3.67,0.01,106,38902,买盘
2071,10:13:18,3.66,--,6,2196,卖盘
2072,10:13:13,3.66,-0.01,369,135054,卖盘
2073,10:13:03,3.67,--,149,54683,买盘
2074,10:12:58,3.67,--,38,13946,买盘
2075,10:12:52,3.67,0.01,23,8441,买盘
2076,10:12:48,3.66,--,937,342942,卖盘
2077,10:12:42,3.66,-0.01,162,59292,卖盘
2078,10:12:36,3.67,--,33,12111,买盘
2079,10:12:33,3.67,--,163,59821,买盘
2080,10:12:27,3.67,--,700,256900,买盘
2081,10:12:23,3.67,--,2,734,买盘
2082,10:12:18,3.67,0.01,284,104228,买盘
2083,10:12:12,3.66,-0.01,8,2928,卖盘
2084,10:12:07,3.67,0.01,22,8074,买盘
2085,10:12:02,3.66,-0.01,274,100284,卖盘
2086,10:11:52,3.67,--,22,8074,买盘
2087,10:11:43,3.67,--,427,156709,买盘
2088,10:11:33,3.67,0.01,460,168820,买盘
2089,10:11:27,3.66,--,257,94062,卖盘
2090,10:11:22,3.66,-0.01,28,10248,卖盘
2091,10:11:18,3.67,0.01,54,19818,买盘
2092,10:11:07,3.66,--,63,23058,卖盘
2093,10:11:03,3.66,--,64,23424,卖盘
2094,10:10:58,3.66,-0.01,382,139812,卖盘
2095,10:10:48,3.67,0.01,5,1835,买盘
2096,10:10:43,3.66,--,177,64782,卖盘
2097,10:10:37,3.66,--,1,366,卖盘
2098,10:10:33,3.66,--,660,241560,卖盘
2099,10:10:28,3.66,--,269,98454,卖盘
2100,10:10:22,3.66,-0.01,86,31476,卖盘
2101,10:10:18,3.67,0.01,473,173591,买盘
2102,10:10:06,3.66,-0.01,1,366,卖盘
2103,10:10:03,3.67,--,87,31929,买盘
2104,10:09:57,3.67,0.01,292,107164,买盘
2105,10:09:52,3.66,-0.01,106,38796,卖盘
2106,10:09:48,3.67,0.01,1020,374340,买盘
2107,10:09:43,3.66,--,1384,506544,卖盘
2108,10:09:33,3.66,-0.01,25,9150,卖盘
2109,10:09:28,3.67,0.01,714,262038,买盘
2110,10:09:21,3.66,-0.01,236,86376,卖盘
2111,10:09:18,3.67,--,42,15414,买盘
2112,10:09:13,3.67,--,624,229008,买盘
2113,10:09:03,3.67,0.01,407,149369,买盘
2114,10:08:48,3.66,-0.01,167,61122,卖盘
2115,10:08:43,3.67,--,1,367,买盘
2116,10:08:28,3.67,--,550,201850,买盘
2117,10:08:22,3.67,--,6,2202,买盘
2118,10:08:18,3.67,--,13,4771,买盘
2119,10:08:03,3.67,--,50,18350,买盘
2120,10:07:52,3.67,--,123,45141,买盘
2121,10:07:47,3.67,--,418,153406,买盘
2122,10:07:42,3.67,--,55,20185,买盘
2123,10:07:27,3.67,--,23,8441,买盘
2124,10:07:22,3.67,0.01,210,77070,买盘
2125,10:07:17,3.66,-0.01,237,86742,卖盘
2126,10:07:12,3.67,--,407,149369,买盘
2127,10:07:03,3.67,0.01,47,17249,买盘
2128,10:06:57,3.66,--,10,3660,卖盘
2129,10:06:52,3.66,--,3359,1229394,买盘
2130,10:06:42,3.66,--,510,186660,买盘
2131,10:06:32,3.66,0.01,23,8418,买盘
2132,10:06:27,3.65,-0.01,310,113150,卖盘
2133,10:06:22,3.66,-0.01,713,260958,卖盘
2134,10:06:16,3.67,0.01,2575,945025,买盘
2135,10:06:12,3.66,0.01,2542,930372,买盘
2136,10:06:07,3.65,-0.01,863,314995,卖盘
2137,10:05:57,3.66,--,5005,1831830,买盘
2138,10:05:51,3.66,--,208,76128,买盘
2139,10:05:46,3.66,--,29,10614,买盘
2140,10:05:42,3.66,--,204,74664,买盘
2141,10:05:37,3.66,--,410,150060,买盘
2142,10:05:32,3.66,0.01,239,87474,买盘
2143,10:05:27,3.65,-0.01,24,8760,卖盘
2144,10:05:21,3.66,--,73,26718,买盘
2145,10:05:17,3.66,0.01,46,16836,买盘
2146,10:05:12,3.65,--,175,63875,卖盘
2147,10:05:06,3.65,-0.01,294,107310,卖盘
2148,10:05:01,3.66,0.01,101,36966,买盘
2149,10:04:57,3.65,--,467,170455,卖盘
2150,10:04:42,3.65,-0.01,118,43070,卖盘
2151,10:04:37,3.66,--,353,129198,买盘
2152,10:04:27,3.66,0.01,489,178974,买盘
2153,10:04:21,3.65,-0.01,10,3650,卖盘
2154,10:04:15,3.66,0.01,790,289140,买盘
2155,10:04:12,3.65,-0.01,24,8760,卖盘
2156,10:04:07,3.66,--,123,45018,买盘
2157,10:03:57,3.66,--,230,84180,买盘
2158,10:03:51,3.66,--,30,10980,买盘
2159,10:03:37,3.66,--,188,68808,买盘
2160,10:03:27,3.66,--,56,20496,买盘
2161,10:03:15,3.66,--,504,184464,买盘
2162,10:03:12,3.66,--,230,84180,买盘
2163,10:03:06,3.66,--,353,129198,买盘
2164,10:02:57,3.66,0.01,7,2562,买盘
2165,10:02:52,3.65,-0.01,41,14965,卖盘
2166,10:02:42,3.66,--,9,3294,买盘
2167,10:02:37,3.66,--,105,38430,买盘
2168,10:02:31,3.66,--,123,45018,买盘
2169,10:02:27,3.66,0.01,165,60390,买盘
2170,10:02:22,3.65,-0.01,1039,379235,卖盘
2171,10:02:15,3.66,--,143,52338,买盘
2172,10:02:12,3.66,0.01,38,13908,买盘
2173,10:02:07,3.65,-0.01,47,17155,卖盘
2174,10:02:01,3.66,0.01,1123,411018,买盘
2175,10:01:56,3.65,--,76,27740,卖盘
2176,10:01:52,3.65,--,177,64605,卖盘
2177,10:01:30,3.65,-0.01,293,106945,卖盘
2178,10:01:27,3.66,--,1,366,买盘
2179,10:01:22,3.66,0.01,1,366,买盘
2180,10:01:12,3.65,-0.01,86,31536,卖盘
2181,10:00:57,3.66,0.01,133,48678,买盘
2182,10:00:50,3.65,-0.01,69,25185,卖盘
2183,10:00:46,3.66,0.01,205,75030,买盘
2184,10:00:36,3.65,-0.01,615,224475,卖盘
2185,10:00:30,3.66,0.01,131,47946,买盘
2186,10:00:27,3.65,--,706,257690,卖盘
2187,10:00:21,3.65,--,435,158921,买盘
2188,10:00:16,3.65,--,3377,1232605,买盘
2189,10:00:12,3.65,--,841,306965,买盘
2190,10:00:06,3.65,--,5364,1957860,买盘
2191,10:00:01,3.65,--,4105,1498325,买盘
2192,09:59:55,3.65,--,623,227395,买盘
2193,09:59:51,3.65,--,1174,428510,买盘
2194,09:59:45,3.65,--,1,365,买盘
2195,09:59:41,3.65,--,54,19710,买盘
2196,09:59:35,3.65,--,28,10220,买盘
2197,09:59:31,3.65,--,704,256960,买盘
2198,09:59:24,3.65,0.01,123,44895,买盘
2199,09:59:21,3.64,-0.01,52,18928,卖盘
2200,09:59:16,3.65,--,54,19710,买盘
2201,09:59:06,3.65,--,936,341640,买盘
2202,09:59:01,3.65,--,645,235425,买盘
2203,09:58:56,3.65,--,127,46355,买盘
2204,09:58:51,3.65,0.01,450,164250,买盘
2205,09:58:46,3.64,-0.01,3662,1332968,卖盘
2206,09:58:41,3.65,0.01,164,59860,买盘
2207,09:58:34,3.64,--,150,54600,卖盘
2208,09:58:25,3.64,--,308,112112,卖盘
2209,09:58:21,3.64,-0.01,87,31668,卖盘
2210,09:58:14,3.65,--,540,197100,买盘
2211,09:58:11,3.65,--,280,102200,买盘
2212,09:58:06,3.65,0.01,445,162425,买盘
2213,09:58:01,3.64,-0.01,277,100828,卖盘
2214,09:57:56,3.65,--,54,19710,买盘
2215,09:57:51,3.65,0.01,303,110595,买盘
2216,09:57:46,3.64,-0.01,1,364,卖盘
2217,09:57:41,3.65,--,10,3650,买盘
2218,09:57:30,3.65,--,4,1460,买盘
2219,09:57:21,3.65,--,136,49640,买盘
2220,09:57:15,3.65,0.01,82,29930,买盘
2221,09:57:10,3.64,--,35,12740,卖盘
2222,09:57:06,3.64,-0.01,137,49868,卖盘
2223,09:57:00,3.65,--,189,68985,买盘
2224,09:56:51,3.65,0.01,230,83950,买盘
2225,09:56:46,3.64,--,272,99008,卖盘
2226,09:56:41,3.64,-0.01,236,85904,卖盘
2227,09:56:36,3.65,--,123,44895,买盘
2228,09:56:21,3.65,0.01,180,65700,买盘
2229,09:56:16,3.64,--,178,64792,卖盘
2230,09:56:09,3.64,-0.01,532,193648,卖盘
2231,09:56:05,3.65,--,55,20075,买盘
2232,09:56:00,3.65,--,485,177025,买盘
2233,09:55:54,3.65,--,200,73000,买盘
2234,09:55:51,3.65,--,125,45625,买盘
2235,09:55:45,3.65,0.01,10,3650,买盘
2236,09:55:39,3.64,-0.01,7,2548,卖盘
2237,09:55:36,3.65,--,1001,365365,买盘
2238,09:55:30,3.65,0.01,1,365,买盘
2239,09:55:21,3.64,-0.01,405,147420,卖盘
2240,09:55:15,3.65,--,1011,369015,买盘
2241,09:55:09,3.65,0.01,44,16060,买盘
2242,09:55:06,3.64,-0.01,32,11648,卖盘
2243,09:55:00,3.65,0.01,1891,690215,买盘
2244,09:54:55,3.64,--,880,320320,卖盘
2245,09:54:51,3.64,-0.01,771,280644,卖盘
2246,09:54:46,3.65,0.01,302,110230,买盘
2247,09:54:40,3.64,-0.01,14,5096,卖盘
2248,09:54:36,3.65,0.01,16,5840,买盘
2249,09:54:24,3.64,--,16,5824,卖盘
2250,09:54:21,3.64,--,213,77532,卖盘
2251,09:54:16,3.64,-0.01,289,105196,卖盘
2252,09:54:10,3.65,--,300,109500,买盘
2253,09:54:06,3.65,0.01,158,57670,买盘
2254,09:54:01,3.64,-0.01,244,88816,卖盘
2255,09:53:51,3.65,--,42,15330,买盘
2256,09:53:45,3.65,--,115,41975,买盘
2257,09:53:40,3.65,--,16,5840,买盘
2258,09:53:36,3.65,0.01,420,153300,买盘
2259,09:53:31,3.64,--,212,77168,卖盘
2260,09:53:24,3.64,--,109,39676,卖盘
2261,09:53:20,3.64,-0.01,171,62244,卖盘
2262,09:53:16,3.65,0.01,314,114610,买盘
2263,09:53:08,3.64,--,149,54236,卖盘
2264,09:53:00,3.64,-0.01,174,63336,卖盘
2265,09:52:50,3.65,--,29,10585,买盘
2266,09:52:44,3.65,--,166,60590,买盘
2267,09:52:39,3.65,--,210,76650,买盘
2268,09:52:36,3.65,0.01,124,45260,买盘
2269,09:52:30,3.64,--,121,44044,卖盘
2270,09:52:24,3.64,-0.01,32,11648,卖盘
2271,09:52:21,3.65,--,106,38690,买盘
2272,09:52:15,3.65,--,115,41975,买盘
2273,09:52:10,3.65,0.01,40,14600,买盘
2274,09:52:05,3.64,--,162,58968,卖盘
2275,09:52:00,3.64,--,144,52416,卖盘
2276,09:51:54,3.64,-0.01,34,12376,卖盘
2277,09:51:49,3.65,0.01,430,156950,买盘
2278,09:51:45,3.64,--,27,9828,卖盘
2279,09:51:39,3.64,-0.01,162,58968,卖盘
2280,09:51:34,3.65,--,124,45260,买盘
2281,09:51:30,3.65,0.01,899,328135,买盘
2282,09:51:25,3.64,-0.01,185,67340,卖盘
2283,09:51:20,3.65,0.01,5,1825,买盘
2284,09:51:15,3.64,--,150,54600,卖盘
2285,09:51:09,3.64,--,68,24752,卖盘
2286,09:51:05,3.64,--,164,59696,卖盘
2287,09:51:00,3.64,--,640,232960,卖盘
2288,09:50:54,3.64,--,66,24024,卖盘
2289,09:50:39,3.64,-0.01,1432,521248,卖盘
2290,09:50:35,3.65,0.01,1,365,买盘
2291,09:50:30,3.64,--,2,728,卖盘
2292,09:50:24,3.64,-0.01,27,9828,卖盘
2293,09:50:09,3.65,--,20,7300,买盘
2294,09:50:05,3.65,0.01,127,46355,买盘
2295,09:49:59,3.64,--,551,200564,卖盘
2296,09:49:54,3.64,-0.01,391,142324,卖盘
2297,09:49:49,3.65,--,133,48545,买盘
2298,09:49:45,3.65,0.01,793,289445,买盘
2299,09:49:39,3.64,-0.01,677,246428,卖盘
2300,09:49:35,3.65,--,123,44895,买盘
2301,09:49:30,3.65,--,86,31390,买盘
2302,09:49:25,3.65,--,2,730,买盘
2303,09:49:15,3.65,0.01,2,730,买盘
2304,09:49:10,3.64,-0.01,14,5096,卖盘
2305,09:49:05,3.65,0.01,123,44895,买盘
2306,09:48:59,3.64,-0.01,33,12012,卖盘
2307,09:48:55,3.65,0.01,400,146000,买盘
2308,09:48:50,3.64,-0.01,110,40040,卖盘
2309,09:48:44,3.65,0.01,101,36865,买盘
2310,09:48:40,3.64,-0.01,179,65156,卖盘
2311,09:48:33,3.65,--,164,59860,买盘
2312,09:48:30,3.65,0.01,89,32485,买盘
2313,09:48:24,3.64,--,182,66248,卖盘
2314,09:48:15,3.64,--,112,40768,卖盘
2315,09:48:10,3.64,--,171,62244,卖盘
2316,09:48:04,3.64,-0.01,535,194740,卖盘
2317,09:48:00,3.65,--,20,7300,买盘
2318,09:47:55,3.65,0.01,1,365,买盘
2319,09:47:48,3.64,--,2692,979888,卖盘
2320,09:47:45,3.64,-0.01,50,18200,卖盘
2321,09:47:33,3.65,--,148,54020,买盘
2322,09:47:29,3.65,0.01,131,47815,买盘
2323,09:47:24,3.64,-0.01,22,8008,卖盘
2324,09:47:15,3.65,--,51,18615,买盘
2325,09:47:03,3.65,0.01,368,134320,买盘
2326,09:46:59,3.64,-0.01,150,54600,卖盘
2327,09:46:54,3.65,0.01,50,18250,买盘
2328,09:46:48,3.64,-0.01,678,246792,卖盘
2329,09:46:45,3.65,0.01,214,78110,买盘
2330,09:46:39,3.64,-0.01,162,58968,卖盘
2331,09:46:29,3.65,0.01,83,30295,买盘
2332,09:46:25,3.64,--,170,61880,卖盘
2333,09:46:19,3.64,-0.01,238,86632,卖盘
2334,09:46:15,3.65,0.01,11,4015,买盘
2335,09:46:02,3.64,-0.01,37,13468,卖盘
2336,09:46:00,3.65,--,17,6205,买盘
2337,09:45:55,3.65,--,644,235060,买盘
2338,09:45:49,3.65,--,10,3650,买盘
2339,09:45:44,3.65,--,91,33215,买盘
2340,09:45:39,3.65,--,114,41610,买盘
2341,09:45:29,3.65,--,94,34310,买盘
2342,09:45:24,3.65,0.01,2,730,买盘
2343,09:45:15,3.64,--,21,7644,卖盘
2344,09:45:03,3.64,--,436,158704,卖盘
2345,09:45:00,3.64,-0.01,104,37856,卖盘
2346,09:44:54,3.65,--,164,59860,买盘
2347,09:44:49,3.65,0.01,631,230315,买盘
2348,09:44:45,3.64,-0.01,30,10920,卖盘
2349,09:44:39,3.65,--,257,93805,买盘
2350,09:44:34,3.65,--,1,365,买盘
2351,09:44:24,3.65,--,151,55115,买盘
2352,09:44:09,3.65,--,39,14235,买盘
2353,09:43:59,3.65,0.01,20,7300,买盘
2354,09:43:54,3.64,-0.01,3678,1338792,卖盘
2355,09:43:48,3.65,--,1378,502970,买盘
2356,09:43:23,3.65,--,10,3650,买盘
2357,09:43:18,3.65,0.01,24,8760,买盘
2358,09:43:14,3.64,-0.01,162,58968,卖盘
2359,09:43:02,3.65,0.01,10,3650,买盘
2360,09:42:54,3.64,-0.01,170,61880,卖盘
2361,09:42:48,3.65,--,100,36500,买盘
2362,09:42:38,3.65,--,1,365,买盘
2363,09:42:33,3.65,--,3,1095,买盘
2364,09:42:28,3.65,--,430,156950,买盘
2365,09:42:18,3.65,--,2,730,买盘
2366,09:42:14,3.65,--,21,7665,买盘
2367,09:42:04,3.65,0.01,53,19345,买盘
2368,09:41:59,3.64,-0.01,4,1456,卖盘
2369,09:41:53,3.65,0.01,3,1095,买盘
2370,09:41:44,3.64,-0.01,1,364,卖盘
2371,09:41:39,3.65,--,637,232505,买盘
2372,09:41:33,3.65,--,276,100740,买盘
2373,09:41:29,3.65,0.01,300,109500,买盘
2374,09:41:23,3.64,-0.01,170,61880,卖盘
2375,09:41:19,3.65,--,2,730,买盘
2376,09:41:09,3.65,0.01,423,154395,买盘
2377,09:41:03,3.64,-0.01,1,364,卖盘
2378,09:40:59,3.65,0.01,2,730,买盘
2379,09:40:53,3.64,-0.01,51,18564,卖盘
2380,09:40:33,3.65,--,235,85775,买盘
2381,09:40:27,3.65,0.01,464,169360,买盘
2382,09:40:24,3.64,--,38,13832,卖盘
2383,09:40:18,3.64,-0.01,105,38220,卖盘
2384,09:40:12,3.65,0.01,493,179945,买盘
2385,09:40:08,3.64,--,981,357084,卖盘
2386,09:40:04,3.64,-0.01,1224,445536,卖盘
2387,09:39:56,3.65,0.01,42,15330,买盘
2388,09:39:54,3.64,-0.01,191,69524,卖盘
2389,09:39:38,3.65,--,148,54020,买盘
2390,09:39:33,3.65,--,800,292000,买盘
2391,09:39:27,3.65,--,4,1460,买盘
2392,09:39:23,3.65,--,10,3650,买盘
2393,09:39:19,3.65,--,18,6570,买盘
2394,09:39:08,3.65,--,4,1460,买盘
2395,09:38:53,3.65,0.01,161,58765,买盘
2396,09:38:48,3.64,--,1,364,卖盘
2397,09:38:38,3.64,-0.01,472,171808,卖盘
2398,09:38:32,3.65,0.01,7,2555,买盘
2399,09:38:27,3.64,-0.01,162,58968,卖盘
2400,09:38:18,3.65,--,371,135415,买盘
2401,09:38:08,3.65,--,9,3285,买盘
2402,09:38:03,3.65,0.01,444,162060,买盘
2403,09:37:56,3.64,--,88,32032,卖盘
2404,09:37:53,3.64,--,10,3640,卖盘
2405,09:37:43,3.64,-0.01,5,1820,卖盘
2406,09:37:38,3.65,0.01,12,4380,买盘
2407,09:37:27,3.64,--,300,109200,卖盘
2408,09:37:17,3.64,--,21,7644,卖盘
2409,09:37:12,3.64,--,83,30212,卖盘
2410,09:37:08,3.64,--,27,9828,卖盘
2411,09:37:03,3.64,--,1280,465920,卖盘
2412,09:36:53,3.64,-0.01,629,229203,卖盘
2413,09:36:47,3.65,0.01,156,56940,买盘
2414,09:36:41,3.64,-0.01,200,72800,卖盘
2415,09:36:33,3.65,0.01,1,365,买盘
2416,09:36:27,3.64,--,16,5824,卖盘
2417,09:36:17,3.64,--,540,196560,卖盘
2418,09:36:12,3.64,-0.01,910,331312,卖盘
2419,09:36:08,3.65,0.01,224,81906,买盘
2420,09:36:02,3.64,--,112,41059,卖盘
2421,09:35:57,3.64,-0.01,424,154336,卖盘
2422,09:35:53,3.65,0.01,1,365,买盘
2423,09:35:47,3.64,-0.01,122,44408,卖盘
2424,09:35:42,3.65,--,100,36500,买盘
2425,09:35:32,3.65,--,83,30295,买盘
2426,09:35:27,3.65,0.01,64,23360,买盘
2427,09:35:22,3.64,-0.01,391,142385,卖盘
2428,09:35:17,3.65,0.01,164,59860,买盘
2429,09:35:12,3.64,-0.01,1421,517316,卖盘
2430,09:35:02,3.65,--,26,9490,买盘
2431,09:34:56,3.65,--,53,19345,买盘
2432,09:34:53,3.65,0.01,1,365,买盘
2433,09:34:41,3.64,-0.01,196,71344,卖盘
2434,09:34:32,3.65,--,18,6570,买盘
2435,09:34:23,3.65,0.01,2,730,买盘
2436,09:34:18,3.64,-0.01,104,37856,卖盘
2437,09:34:12,3.65,--,87,31755,买盘
2438,09:34:08,3.65,0.01,1,365,买盘
2439,09:34:02,3.64,--,653,237692,卖盘
2440,09:33:57,3.64,-0.01,171,62244,卖盘
2441,09:33:52,3.65,0.01,2,730,买盘
2442,09:33:47,3.64,-0.01,366,133224,卖盘
2443,09:33:42,3.65,--,56,20440,买盘
2444,09:33:37,3.65,--,10,3650,买盘
2445,09:33:27,3.65,--,32,11680,买盘
2446,09:33:22,3.65,--,32,11680,买盘
2447,09:33:12,3.65,--,147,53655,买盘
2448,09:33:02,3.65,0.01,320,116800,买盘
2449,09:32:57,3.64,-0.01,257,93548,卖盘
2450,09:32:51,3.65,--,383,139795,买盘
2451,09:32:47,3.65,--,130,47450,买盘
2452,09:32:43,3.65,0.01,65,23725,买盘
2453,09:32:33,3.64,-0.01,336,122304,卖盘
2454,09:32:27,3.65,--,467,170455,买盘
2455,09:32:21,3.65,--,113,41245,买盘
2456,09:32:16,3.65,--,104,37960,买盘
2457,09:32:12,3.65,--,177,64605,买盘
2458,09:32:06,3.65,--,116,42340,买盘
2459,09:32:02,3.65,--,618,225570,买盘
2460,09:31:57,3.65,--,257,93805,买盘
2461,09:31:51,3.65,0.01,147,53655,买盘
2462,09:31:48,3.64,-0.01,51,18564,卖盘
2463,09:31:42,3.65,0.01,801,292365,买盘
2464,09:31:36,3.64,-0.01,35,12740,卖盘
2465,09:31:32,3.65,--,160,58400,买盘
2466,09:31:27,3.65,--,156,57086,买盘
2467,09:31:21,3.65,--,733,267545,买盘
2468,09:31:17,3.65,--,256,93586,买盘
2469,09:31:12,3.65,--,611,223015,买盘
2470,09:30:57,3.65,--,1598,583489,卖盘
2471,09:30:47,3.65,-0.01,1146,418436,卖盘
2472,09:30:42,3.66,0.01,139,50874,买盘
2473,09:30:35,3.65,-0.01,274,100010,卖盘
2474,09:30:27,3.66,--,1867,683322,买盘
2475,09:30:17,3.66,--,8,2928,买盘
2476,09:30:12,3.66,--,94,34404,买盘
2477,09:30:05,3.66,--,3483,1274778,买盘
2478,09:30:02,3.66,0.01,894,327204,买盘
2479,09:28:46,3.65,--,0,0,卖盘
2480,09:25:02,3.65,3.65,796,290540,买盘
