,time,price,change,volume,amount,type
0,15:00:00,30.15,--,0,0,卖盘
1,15:00:00,30.15,--,0,0,卖盘
2,14:59:58,30.15,--,32,96480,买盘
3,14:59:52,30.15,0.01,81,244215,买盘
4,14:59:48,30.14,-0.01,24,72336,卖盘
5,14:59:43,30.15,--,127,382905,买盘
6,14:59:37,30.15,--,131,394965,买盘
7,14:59:33,30.15,--,53,159795,买盘
8,14:59:28,30.15,--,76,229140,买盘
9,14:59:22,30.15,0.01,25,75375,买盘
10,14:59:18,30.14,--,38,114532,卖盘
11,14:59:12,30.14,0.01,91,274274,买盘
12,14:59:07,30.13,--,41,123533,卖盘
13,14:59:03,30.13,--,121,364573,卖盘
14,14:58:57,30.13,--,3,9039,卖盘
15,14:58:52,30.13,--,32,96416,买盘
16,14:58:48,30.13,--,33,99429,买盘
17,14:58:42,30.13,--,8,24104,买盘
18,14:58:37,30.13,--,52,156676,买盘
19,14:58:33,30.13,--,21,63273,买盘
20,14:58:27,30.13,--,1,3013,买盘
21,14:58:22,30.13,--,208,626704,买盘
22,14:58:17,30.13,0.01,57,171741,买盘
23,14:58:12,30.12,--,15,45180,买盘
24,14:58:07,30.12,--,20,60240,买盘
25,14:58:02,30.12,0.01,63,189756,买盘
26,14:57:57,30.11,--,45,135495,卖盘
27,14:57:52,30.11,--,72,216792,卖盘
28,14:57:47,30.11,--,23,69253,买盘
29,14:57:42,30.11,--,8,24088,买盘
30,14:57:37,30.11,--,42,126462,买盘
31,14:57:32,30.11,--,72,216792,买盘
32,14:57:27,30.11,--,13,39143,买盘
33,14:57:22,30.11,-0.01,33,99363,卖盘
34,14:57:17,30.12,0.01,15,45180,买盘
35,14:57:12,30.11,-0.01,21,63231,卖盘
36,14:57:07,30.12,--,52,156624,买盘
37,14:57:02,30.12,0.01,75,225900,买盘
38,14:56:57,30.11,--,9,27099,买盘
39,14:56:52,30.11,-0.01,108,326241,卖盘
40,14:56:47,30.12,--,31,93372,买盘
41,14:56:42,30.12,--,9,27108,买盘
42,14:56:37,30.12,--,52,156624,买盘
43,14:56:32,30.12,0.01,22,66264,买盘
44,14:56:27,30.11,-0.02,21,63231,卖盘
45,14:56:22,30.13,0.02,76,228988,买盘
46,14:56:17,30.11,0.01,159,480706,买盘
47,14:56:12,30.1,-0.01,10,30100,卖盘
48,14:56:07,30.11,0.01,18,54198,买盘
49,14:56:02,30.1,-0.01,15,45932,卖盘
50,14:55:57,30.11,--,21,63231,买盘
51,14:55:52,30.11,--,5,15055,买盘
52,14:55:47,30.11,0.01,29,87319,买盘
53,14:55:42,30.1,-0.02,35,105350,卖盘
54,14:55:37,30.12,-0.01,37,111444,中性盘
55,14:55:32,30.13,0.02,18,54234,买盘
56,14:55:27,30.11,-0.02,5,15055,卖盘
57,14:55:22,30.13,--,48,144624,买盘
58,14:55:17,30.13,0.02,25,75325,买盘
59,14:55:07,30.11,-0.02,8,24088,卖盘
60,14:55:02,30.13,--,124,373612,买盘
61,14:54:57,30.13,--,0,0,买盘
62,14:54:52,30.13,0.05,153,460989,买盘
63,14:54:47,30.08,0.01,157,472256,中性盘
64,14:54:42,30.07,--,20,60140,卖盘
65,14:54:37,30.07,0.01,175,526225,买盘
66,14:54:32,30.06,--,43,129258,买盘
67,14:54:27,30.06,0.02,158,474948,买盘
68,14:54:22,30.04,-0.01,130,390520,卖盘
69,14:54:17,30.05,--,39,117195,买盘
70,14:54:12,30.05,0.01,19,57095,买盘
71,14:54:07,30.04,-0.01,20,60080,卖盘
72,14:54:02,30.05,--,10,32784,买盘
73,14:53:57,30.05,0.02,11,33055,买盘
74,14:53:52,30.03,-0.02,52,156156,卖盘
75,14:53:46,30.05,--,21,63105,买盘
76,14:53:42,30.05,0.01,16,48080,买盘
77,14:53:37,30.04,-0.01,92,276368,卖盘
78,14:53:31,30.05,--,31,93155,买盘
79,14:53:27,30.05,0.01,5,15025,买盘
80,14:53:22,30.04,-0.01,61,183244,卖盘
81,14:53:16,30.05,--,25,75125,买盘
82,14:53:11,30.05,0.01,2,6010,买盘
83,14:53:07,30.04,--,11,33044,卖盘
84,14:53:01,30.04,--,36,108144,卖盘
85,14:52:56,30.04,0.01,15,45060,买盘
86,14:52:52,30.03,-0.01,34,102102,卖盘
87,14:52:46,30.04,--,20,60080,买盘
88,14:52:41,30.04,--,15,45060,卖盘
89,14:52:37,30.04,--,9,27036,卖盘
90,14:52:31,30.04,-0.01,2,6008,卖盘
91,14:52:26,30.05,0.01,25,75125,买盘
92,14:52:22,30.04,0.01,54,162216,中性盘
93,14:52:16,30.03,--,36,108108,卖盘
94,14:52:11,30.03,-0.01,6,18018,卖盘
95,14:52:07,30.04,-0.01,95,285380,中性盘
96,14:52:01,30.05,0.01,21,63105,买盘
97,14:51:56,30.04,0.01,4,12016,买盘
98,14:51:52,30.03,-0.02,31,93093,卖盘
99,14:51:46,30.05,0.01,31,93155,买盘
100,14:51:41,30.04,-0.02,7,21028,卖盘
101,14:51:37,30.06,--,6,18036,买盘
102,14:51:31,30.06,0.01,82,246492,买盘
103,14:51:26,30.05,--,170,511030,卖盘
104,14:51:21,30.05,-0.01,5,15025,卖盘
105,14:51:16,30.06,0.01,18,54108,买盘
106,14:51:11,30.05,--,9,27045,卖盘
107,14:51:06,30.05,-0.01,4,12020,卖盘
108,14:51:01,30.06,0.01,4,12024,买盘
109,14:50:56,30.05,--,17,51085,卖盘
110,14:50:51,30.05,--,74,222370,卖盘
111,14:50:46,30.05,--,58,177114,买盘
112,14:50:41,30.05,--,3,9015,买盘
113,14:50:36,30.05,--,10,30050,买盘
114,14:50:31,30.05,0.01,86,258430,买盘
115,14:50:26,30.04,-0.01,6,18024,卖盘
116,14:50:21,30.05,-0.02,35,105355,卖盘
117,14:50:16,30.07,--,17,51119,买盘
118,14:50:11,30.07,0.02,186,559302,买盘
119,14:50:06,30.05,-0.01,8,24040,卖盘
120,14:50:01,30.06,0.01,11,33066,买盘
121,14:49:56,30.05,-0.01,14,42070,卖盘
122,14:49:51,30.06,--,18,54108,卖盘
123,14:49:46,30.06,-0.01,9,27054,买盘
124,14:49:41,30.07,0.02,12,36084,买盘
125,14:49:36,30.05,--,3,9015,卖盘
126,14:49:31,30.05,-0.01,89,267445,卖盘
127,14:49:26,30.06,0.01,98,297413,买盘
128,14:49:21,30.05,--,0,0,中性盘
129,14:49:16,30.05,--,15,45075,卖盘
130,14:49:11,30.05,0.01,3,9015,中性盘
131,14:49:06,30.04,--,5,15560,卖盘
132,14:49:01,30.04,--,22,66088,卖盘
133,14:48:56,30.04,--,43,129172,买盘
134,14:48:51,30.04,0.01,2,6008,买盘
135,14:48:46,30.03,-0.01,32,96096,卖盘
136,14:48:41,30.04,0.01,12,36048,买盘
137,14:48:36,30.03,-0.01,9,27027,卖盘
138,14:48:31,30.04,--,2,6008,买盘
139,14:48:26,30.04,0.01,30,90120,买盘
140,14:48:21,30.03,-0.01,2,6006,卖盘
141,14:48:16,30.04,--,14,42056,买盘
142,14:48:11,30.04,0.01,7,21028,买盘
143,14:48:06,30.03,-0.01,57,173993,卖盘
144,14:48:01,30.04,0.01,310,931240,中性盘
145,14:47:56,30.03,-0.01,37,111111,卖盘
146,14:47:51,30.04,0.01,10,30040,买盘
147,14:47:46,30.03,--,24,72072,卖盘
148,14:47:41,30.03,--,3,9009,卖盘
149,14:47:36,30.03,-0.01,28,84084,卖盘
150,14:47:31,30.04,--,14,42056,买盘
151,14:47:26,30.04,0.01,28,84112,买盘
152,14:47:21,30.03,--,3,9009,卖盘
153,14:47:16,30.03,-0.01,8,24024,卖盘
154,14:47:11,30.04,-0.01,2,6008,中性盘
155,14:47:06,30.05,--,20,60100,买盘
156,14:47:01,30.05,0.02,14,42070,买盘
157,14:46:56,30.03,-0.01,42,126306,卖盘
158,14:46:51,30.04,--,20,60080,卖盘
159,14:46:46,30.04,--,39,117156,买盘
160,14:46:41,30.04,0.01,9,27036,买盘
161,14:46:36,30.03,-0.01,4,12012,卖盘
162,14:46:26,30.04,0.01,6,18024,买盘
163,14:46:16,30.03,--,54,162162,卖盘
164,14:46:10,30.03,0.01,45,137777,买盘
165,14:46:06,30.02,-0.01,34,102068,卖盘
166,14:46:01,30.03,0.01,23,69069,买盘
167,14:45:56,30.02,-0.01,9,27018,卖盘
168,14:45:50,30.03,--,40,120120,买盘
169,14:45:46,30.03,0.01,24,72072,买盘
170,14:45:35,30.02,-0.01,7,21014,卖盘
171,14:45:31,30.03,0.01,32,96096,买盘
172,14:45:25,30.02,-0.01,14,42028,卖盘
173,14:45:20,30.03,--,0,0,买盘
174,14:45:16,30.03,0.01,19,57237,买盘
175,14:45:10,30.02,--,10,32841,卖盘
176,14:45:05,30.02,--,6,18012,卖盘
177,14:45:01,30.02,-0.01,4,12008,中性盘
178,14:44:55,30.03,0.01,39,117117,买盘
179,14:44:50,30.02,--,20,60040,买盘
180,14:44:45,30.02,--,6,18012,买盘
181,14:44:40,30.02,--,6,18012,买盘
182,14:44:35,30.02,--,88,266787,买盘
183,14:44:30,30.02,--,60,180120,买盘
184,14:44:25,30.02,0.01,74,222148,买盘
185,14:44:20,30.01,--,45,135045,卖盘
186,14:44:16,30.01,--,4,12004,卖盘
187,14:44:10,30.01,--,0,0,卖盘
188,14:44:05,30.01,-0.02,6,18006,卖盘
189,14:44:01,30.03,--,0,0,买盘
190,14:43:55,30.03,0.01,43,129129,买盘
191,14:43:50,30.02,--,70,210140,卖盘
192,14:43:45,30.02,--,4,12008,卖盘
193,14:43:40,30.02,0.01,17,51034,中性盘
194,14:43:35,30.01,-0.02,9,27009,卖盘
195,14:43:30,30.03,0.01,14,42042,买盘
196,14:43:25,30.02,-0.01,10,30020,卖盘
197,14:43:20,30.03,0.01,5,15015,买盘
198,14:43:15,30.02,-0.01,7,21014,卖盘
199,14:43:10,30.03,0.01,36,108108,买盘
200,14:43:05,30.02,-0.01,10,30020,卖盘
201,14:43:00,30.03,0.01,19,57057,买盘
202,14:42:55,30.02,--,28,84056,卖盘
203,14:42:50,30.02,--,21,63042,卖盘
204,14:42:45,30.02,-0.01,4,12008,卖盘
205,14:42:40,30.03,0.01,23,69069,买盘
206,14:42:35,30.02,--,8,24016,卖盘
207,14:42:30,30.02,0.01,12,36024,买盘
208,14:42:25,30.01,-0.01,41,125861,卖盘
209,14:42:20,30.02,--,16,48032,买盘
210,14:42:15,30.02,-0.01,12,36024,中性盘
211,14:42:10,30.03,0.01,20,60060,买盘
212,14:42:05,30.02,-0.01,10,30020,卖盘
213,14:42:00,30.03,0.01,5,15015,买盘
214,14:41:55,30.02,-0.01,24,72048,中性盘
215,14:41:50,30.03,0.02,42,126126,买盘
216,14:41:45,30.01,-0.02,10,30010,卖盘
217,14:41:40,30.03,--,3,9009,买盘
218,14:41:35,30.03,0.01,55,165165,买盘
219,14:41:25,30.02,-0.01,5,15010,中性盘
220,14:41:20,30.03,0.01,4,14834,买盘
221,14:41:15,30.02,-0.01,4,12008,卖盘
222,14:41:10,30.03,0.02,11,33033,买盘
223,14:41:05,30.01,-0.02,6,18006,卖盘
224,14:40:55,30.03,0.01,53,159159,买盘
225,14:40:50,30.02,0.01,31,93062,中性盘
226,14:40:45,30.01,--,4,12004,卖盘
227,14:40:40,30.01,--,4,12004,卖盘
228,14:40:35,30.01,-0.02,16,48016,卖盘
229,14:40:30,30.03,0.01,105,318137,买盘
230,14:40:25,30.02,--,29,87058,卖盘
231,14:40:20,30.02,0.01,2,6004,中性盘
232,14:40:15,30.01,-0.02,4,12004,卖盘
233,14:40:10,30.03,0.02,20,60060,买盘
234,14:40:05,30.01,--,7,21007,卖盘
235,14:40:00,30.01,-0.02,4,12004,卖盘
236,14:39:55,30.03,0.01,12,36216,买盘
237,14:39:50,30.02,-0.01,10,30020,卖盘
238,14:39:45,30.03,--,1,3003,卖盘
239,14:39:40,30.03,--,10,30030,卖盘
240,14:39:35,30.03,-0.02,14,42042,卖盘
241,14:39:30,30.05,--,13,39065,买盘
242,14:39:25,30.05,0.04,15,47899,买盘
243,14:39:20,30.01,--,20,60020,卖盘
244,14:39:15,30.01,-0.04,8,24008,卖盘
245,14:39:10,30.05,-0.01,22,66110,中性盘
246,14:39:05,30.06,0.04,16,48096,买盘
247,14:38:54,30.02,--,24,72048,卖盘
248,14:38:49,30.02,0.01,40,122691,买盘
249,14:38:45,30.01,--,4,12004,卖盘
250,14:38:40,30.01,--,36,108036,卖盘
251,14:38:34,30.01,--,13,39013,卖盘
252,14:38:30,30.01,--,15,45015,卖盘
253,14:38:24,30.01,--,11,35831,卖盘
254,14:38:19,30.01,--,10,30010,卖盘
255,14:38:14,30.01,0.01,60,182850,买盘
256,14:38:04,30.0,-0.01,11,33000,卖盘
257,14:37:59,30.01,0.01,23,69023,买盘
258,14:37:54,30.0,-0.01,9,27000,卖盘
259,14:37:49,30.01,--,110,330320,卖盘
260,14:37:44,30.01,-0.02,2,6002,卖盘
261,14:37:39,30.03,0.02,2,6006,买盘
262,14:37:34,30.01,-0.01,7,21007,卖盘
263,14:37:29,30.02,-0.01,5,17801,中性盘
264,14:37:24,30.03,-0.03,1,3003,卖盘
265,14:37:19,30.06,0.05,41,123246,买盘
266,14:37:14,30.01,-0.05,12,36012,卖盘
267,14:37:09,30.06,--,11,33066,买盘
268,14:37:04,30.06,--,21,63126,买盘
269,14:36:59,30.06,--,38,114228,卖盘
270,14:36:54,30.06,--,30,90180,卖盘
271,14:36:49,30.06,0.05,58,174348,卖盘
272,14:36:44,30.01,-0.05,23,69023,卖盘
273,14:36:39,30.06,--,1,3186,卖盘
274,14:36:34,30.06,--,16,50921,买盘
275,14:36:29,30.06,--,13,39078,买盘
276,14:36:24,30.06,--,19,57114,买盘
277,14:36:19,30.06,0.04,15,45090,买盘
278,14:36:14,30.02,--,19,57038,卖盘
279,14:36:09,30.02,--,9,27018,买盘
280,14:36:04,30.02,--,12,36024,卖盘
281,14:35:59,30.02,--,1,3002,买盘
282,14:35:54,30.02,-0.02,66,198132,卖盘
283,14:35:49,30.04,-0.02,76,228304,中性盘
284,14:35:44,30.06,0.04,21,63126,买盘
285,14:35:39,30.02,0.02,1,3002,中性盘
286,14:35:34,30.0,-0.02,47,141000,卖盘
287,14:35:29,30.02,0.02,23,71867,买盘
288,14:35:24,30.0,-0.02,6,18000,卖盘
289,14:35:19,30.02,0.02,17,51034,买盘
290,14:35:14,30.0,--,11,33000,卖盘
291,14:35:09,30.0,-0.01,8,24000,卖盘
292,14:35:04,30.01,0.01,7,21007,中性盘
293,14:34:59,30.0,-0.02,9,27000,卖盘
294,14:34:54,30.02,--,23,69046,买盘
295,14:34:49,30.02,--,64,192128,卖盘
296,14:34:44,30.02,--,12,36024,卖盘
297,14:34:34,30.02,-0.01,17,51034,卖盘
298,14:34:24,30.03,--,3,9219,卖盘
299,14:34:14,30.03,-0.03,10,30030,卖盘
300,14:34:09,30.06,--,0,0,买盘
301,14:34:04,30.06,0.02,13,39078,买盘
302,14:33:59,30.04,-0.02,19,57076,卖盘
303,14:33:54,30.06,-0.01,1,3006,买盘
304,14:33:49,30.07,-0.01,33,99621,卖盘
305,14:33:44,30.08,--,14,44728,买盘
306,14:33:34,30.08,0.03,14,44939,买盘
307,14:33:24,30.05,-0.03,16,48080,中性盘
308,14:33:19,30.08,0.04,48,144384,买盘
309,14:33:14,30.04,-0.01,6,18024,卖盘
310,14:33:04,30.05,-0.03,3,9015,卖盘
311,14:32:54,30.08,-0.01,19,57543,卖盘
312,14:32:49,30.09,0.01,54,162486,买盘
313,14:32:44,30.08,--,110,333707,卖盘
314,14:32:39,30.08,--,6,18048,卖盘
315,14:32:34,30.08,--,14,42112,卖盘
316,14:32:29,30.08,--,5,15040,卖盘
317,14:32:24,30.08,--,15,45120,卖盘
318,14:32:18,30.08,--,3,9024,卖盘
319,14:32:14,30.08,--,12,36096,卖盘
320,14:32:09,30.08,--,57,171456,卖盘
321,14:32:03,30.08,-0.01,7,21056,卖盘
322,14:31:59,30.09,0.01,20,60180,买盘
323,14:31:53,30.08,--,11,33088,卖盘
324,14:31:48,30.08,-0.01,48,144384,卖盘
325,14:31:44,30.09,--,7,21063,买盘
326,14:31:39,30.09,--,18,54162,卖盘
327,14:31:23,30.09,--,19,57171,卖盘
328,14:31:18,30.09,--,3,9027,卖盘
329,14:31:13,30.09,-0.01,9,27081,卖盘
330,14:31:08,30.1,-0.02,29,87290,卖盘
331,14:30:58,30.12,0.02,17,51204,买盘
332,14:30:53,30.1,-0.02,5,15050,卖盘
333,14:30:48,30.12,--,4,12048,买盘
334,14:30:43,30.12,--,5,16746,卖盘
335,14:30:38,30.12,0.01,13,41957,卖盘
336,14:30:33,30.11,--,0,0,卖盘
337,14:30:28,30.11,--,3,9033,卖盘
338,14:30:23,30.11,--,151,456196,卖盘
339,14:30:18,30.11,-0.01,4,12044,卖盘
340,14:30:13,30.12,-0.02,5,15060,卖盘
341,14:30:08,30.14,--,7,21098,买盘
342,14:30:03,30.14,0.01,17,51238,买盘
343,14:29:58,30.13,0.03,3,9039,中性盘
344,14:29:53,30.1,-0.01,52,156520,卖盘
345,14:29:48,30.11,-0.03,1,3191,卖盘
346,14:29:43,30.14,0.03,58,174812,买盘
347,14:29:38,30.11,-0.01,8,26918,卖盘
348,14:29:33,30.12,-0.01,6,18072,卖盘
349,14:29:28,30.13,0.01,41,123533,买盘
350,14:29:23,30.12,--,23,69276,卖盘
351,14:29:13,30.12,0.02,86,259032,买盘
352,14:29:08,30.1,-0.01,29,87290,卖盘
353,14:29:02,30.11,--,37,113243,买盘
354,14:28:58,30.11,0.01,7,21077,买盘
355,14:28:53,30.1,--,11,33110,卖盘
356,14:28:48,30.1,0.01,3,11859,中性盘
357,14:28:43,30.09,--,57,171513,卖盘
358,14:28:38,30.09,-0.01,63,189567,卖盘
359,14:28:32,30.1,0.01,2,6020,买盘
360,14:28:28,30.09,--,8,24072,卖盘
361,14:28:23,30.09,--,54,162486,卖盘
362,14:28:13,30.09,--,12,36108,卖盘
363,14:28:08,30.09,--,14,42126,卖盘
364,14:28:02,30.09,--,33,99297,买盘
365,14:27:58,30.09,0.01,95,285855,买盘
366,14:27:53,30.08,-0.01,63,189504,卖盘
367,14:27:47,30.09,--,24,72216,买盘
368,14:27:43,30.09,0.01,122,369926,买盘
369,14:27:38,30.08,-0.01,70,210560,卖盘
370,14:27:32,30.09,0.01,5,15045,买盘
371,14:27:28,30.08,--,16,48128,卖盘
372,14:27:23,30.08,--,36,108288,卖盘
373,14:27:17,30.08,--,2,6016,卖盘
374,14:27:13,30.08,0.05,261,788065,买盘
375,14:27:08,30.03,-0.01,32,96096,卖盘
376,14:27:02,30.04,0.01,67,201268,买盘
377,14:26:58,30.03,--,3,9009,卖盘
378,14:26:53,30.03,--,74,223723,卖盘
379,14:26:47,30.03,0.03,83,250900,买盘
380,14:26:43,30.0,--,9,29820,卖盘
381,14:26:38,30.0,--,54,162000,买盘
382,14:26:27,30.0,0.01,6,18000,买盘
383,14:26:23,29.99,0.01,6,17994,卖盘
384,14:26:17,29.98,--,0,0,卖盘
385,14:26:13,29.98,--,9,26982,卖盘
386,14:26:08,29.98,-0.04,6,17988,卖盘
387,14:26:02,30.02,0.04,250,750500,买盘
388,14:25:53,29.98,-0.01,26,77948,卖盘
389,14:25:47,29.99,--,8,23992,买盘
390,14:25:38,29.99,--,1,2999,卖盘
391,14:25:32,29.99,--,1,2999,卖盘
392,14:25:23,29.99,--,69,206931,卖盘
393,14:25:17,29.99,--,9,26991,卖盘
394,14:25:07,29.99,0.01,48,143952,买盘
395,14:25:02,29.98,--,3,8994,卖盘
396,14:24:57,29.98,--,5,14990,卖盘
397,14:24:53,29.98,-0.01,8,26802,卖盘
398,14:24:47,29.99,--,9,26991,买盘
399,14:24:37,29.99,--,6,17994,卖盘
400,14:24:32,29.99,--,13,38987,买盘
401,14:24:22,29.99,-0.01,23,68977,卖盘
402,14:24:17,30.0,--,13,39000,买盘
403,14:24:12,30.0,0.01,19,57000,买盘
404,14:24:07,29.99,-0.01,10,29990,卖盘
405,14:24:02,30.0,--,7,21000,买盘
406,14:23:57,30.0,0.02,46,138000,买盘
407,14:23:52,29.98,-0.01,36,110716,卖盘
408,14:23:47,29.99,--,25,74975,卖盘
409,14:23:37,29.99,--,12,35988,卖盘
410,14:23:32,29.99,--,2,8817,买盘
411,14:23:22,29.99,--,39,117140,卖盘
412,14:23:17,29.99,--,40,119960,卖盘
413,14:23:07,29.99,--,44,131956,卖盘
414,14:23:02,29.99,0.01,39,119780,买盘
415,14:22:57,29.98,--,30,92758,卖盘
416,14:22:52,29.98,-0.01,11,32978,卖盘
417,14:22:47,29.99,0.01,96,287904,买盘
418,14:22:37,29.98,-0.01,13,38974,卖盘
419,14:22:32,29.99,--,13,38987,买盘
420,14:22:27,29.99,0.01,19,56981,买盘
421,14:22:22,29.98,-0.01,34,101932,卖盘
422,14:22:17,29.99,0.01,27,80973,买盘
423,14:22:07,29.98,-0.01,22,65956,卖盘
424,14:21:57,29.99,--,13,38987,买盘
425,14:21:52,29.99,-0.01,8,23992,卖盘
426,14:21:47,30.0,0.01,5,15000,买盘
427,14:21:37,29.99,-0.01,15,44985,卖盘
428,14:21:26,30.0,--,65,196320,卖盘
429,14:21:22,30.0,--,76,228000,卖盘
430,14:21:17,30.0,--,107,321000,卖盘
431,14:21:11,30.0,--,2,6000,卖盘
432,14:21:07,30.0,--,18,54000,卖盘
433,14:21:02,30.0,--,13,39000,卖盘
434,14:20:56,30.0,--,40,120000,卖盘
435,14:20:52,30.0,--,44,134820,卖盘
436,14:20:47,30.0,--,7,21000,卖盘
437,14:20:37,30.0,-0.01,10,30000,卖盘
438,14:20:32,30.01,0.01,17,51017,买盘
439,14:20:22,30.0,--,44,133080,卖盘
440,14:20:16,30.0,--,9,27000,卖盘
441,14:20:07,30.0,-0.01,21,63000,卖盘
442,14:19:56,30.01,--,5,15005,买盘
443,14:19:51,30.01,--,10,30010,买盘
444,14:19:46,30.01,--,7,23857,卖盘
445,14:19:41,30.01,--,5,17075,卖盘
446,14:19:36,30.01,--,11,34091,买盘
447,14:19:31,30.01,0.01,13,39013,买盘
448,14:19:26,30.0,-0.01,65,195000,卖盘
449,14:19:21,30.01,0.01,35,105035,买盘
450,14:19:16,30.0,-0.01,10,31080,卖盘
451,14:19:11,30.01,0.01,29,87029,买盘
452,14:19:06,30.0,--,7,21000,卖盘
453,14:19:01,30.0,-0.01,1,3000,卖盘
454,14:18:56,30.01,0.01,16,48016,买盘
455,14:18:51,30.0,--,2,6000,卖盘
456,14:18:46,30.0,-0.01,83,250710,卖盘
457,14:18:41,30.01,0.01,20,62090,买盘
458,14:18:36,30.0,--,16,48000,卖盘
459,14:18:31,30.0,--,4,12000,卖盘
460,14:18:26,30.0,--,10,31080,卖盘
461,14:18:16,30.0,--,6,18000,卖盘
462,14:18:06,30.0,--,16,48000,卖盘
463,14:17:56,30.0,--,348,1044000,卖盘
464,14:17:51,30.0,--,76,228000,卖盘
465,14:17:46,30.0,--,31,93000,卖盘
466,14:17:41,30.0,--,9,29070,卖盘
467,14:17:36,30.0,-0.01,4,12000,卖盘
468,14:17:31,30.01,0.01,7,21007,买盘
469,14:17:26,30.0,-0.01,10,30000,卖盘
470,14:17:21,30.01,0.01,7,21007,买盘
471,14:17:16,30.0,-0.01,38,114000,卖盘
472,14:17:11,30.01,--,13,39013,卖盘
473,14:17:06,30.01,--,42,128262,买盘
474,14:17:01,30.01,--,5,15005,买盘
475,14:16:56,30.01,--,7,21007,买盘
476,14:16:51,30.01,--,2,6002,买盘
477,14:16:46,30.01,--,2,8882,卖盘
478,14:16:41,30.01,-0.01,268,804268,卖盘
479,14:16:36,30.02,0.01,13,39026,买盘
480,14:16:31,30.01,--,4,13054,卖盘
481,14:16:26,30.01,--,6,18006,卖盘
482,14:16:21,30.01,-0.01,32,96032,卖盘
483,14:16:16,30.02,0.01,20,60040,买盘
484,14:16:11,30.01,--,15,45015,卖盘
485,14:16:06,30.01,-0.01,5,15005,卖盘
486,14:16:01,30.02,--,16,48032,买盘
487,14:15:56,30.02,0.01,32,96064,买盘
488,14:15:51,30.01,-0.01,67,201067,卖盘
489,14:15:46,30.02,--,4,14079,中性盘
490,14:15:41,30.02,0.01,16,48032,买盘
491,14:15:36,30.01,--,4,12004,卖盘
492,14:15:31,30.01,--,43,129043,买盘
493,14:15:26,30.01,--,4,13084,买盘
494,14:15:21,30.01,--,132,396132,卖盘
495,14:15:16,30.01,0.01,12,36012,中性盘
496,14:15:11,30.0,--,46,138000,卖盘
497,14:15:06,30.0,-0.01,4,12000,卖盘
498,14:15:01,30.01,0.01,21,63021,买盘
499,14:14:56,30.0,-0.01,11,33000,卖盘
500,14:14:51,30.01,0.01,2,6002,买盘
501,14:14:46,30.0,-0.01,5,17070,卖盘
502,14:14:41,30.01,0.01,13,39013,买盘
503,14:14:36,30.0,-0.01,9,27000,卖盘
504,14:14:31,30.01,0.01,8,24008,买盘
505,14:14:26,30.0,-0.01,3,10080,卖盘
506,14:14:20,30.01,--,26,78026,卖盘
507,14:14:16,30.01,--,15,45015,卖盘
508,14:14:11,30.01,0.01,33,99033,买盘
509,14:14:05,30.0,-0.01,4,12000,卖盘
510,14:14:01,30.01,--,9,27009,买盘
511,14:13:56,30.01,--,19,57019,买盘
512,14:13:50,30.01,0.01,17,51017,买盘
513,14:13:45,30.0,--,4,14070,卖盘
514,14:13:41,30.0,--,0,0,卖盘
515,14:13:35,30.0,-0.02,4,12000,卖盘
516,14:13:31,30.02,0.03,105,317461,买盘
517,14:13:26,29.99,--,11,32989,买盘
518,14:13:20,29.99,--,8,23992,卖盘
519,14:13:16,29.99,--,4,11996,卖盘
520,14:13:10,29.99,-0.01,18,53982,卖盘
521,14:13:05,30.0,-0.02,41,124830,卖盘
522,14:12:56,30.02,0.01,43,131187,买盘
523,14:12:50,30.01,--,2,6002,卖盘
524,14:12:45,30.01,--,6,18006,卖盘
525,14:12:40,30.01,--,8,26768,卖盘
526,14:12:35,30.01,0.01,39,117039,买盘
527,14:12:30,30.0,--,8,25080,卖盘
528,14:12:20,30.0,-0.01,15,45000,卖盘
529,14:12:15,30.01,--,4,12004,卖盘
530,14:12:10,30.01,0.01,28,84028,买盘
531,14:12:05,30.0,--,52,156000,卖盘
532,14:12:00,30.0,-0.01,11,33000,卖盘
533,14:11:55,30.01,0.01,8,26078,买盘
534,14:11:50,30.0,--,42,126000,卖盘
535,14:11:45,30.0,--,4,12000,卖盘
536,14:11:40,30.0,-0.01,3,9000,卖盘
537,14:11:35,30.01,0.01,8,25088,买盘
538,14:11:25,30.0,--,19,57000,卖盘
539,14:11:20,30.0,--,2,6000,卖盘
540,14:11:15,30.0,-0.01,27,81000,卖盘
541,14:11:10,30.01,0.01,30,90030,买盘
542,14:11:05,30.0,-0.01,11,33000,卖盘
543,14:10:50,30.01,--,1,3001,卖盘
544,14:10:45,30.01,--,7,21007,卖盘
545,14:10:40,30.01,0.01,47,141047,买盘
546,14:10:35,30.0,--,17,52080,卖盘
547,14:10:25,30.0,--,17,51000,卖盘
548,14:10:20,30.0,0.02,3,9000,中性盘
549,14:10:15,29.98,-0.02,5,14990,卖盘
550,14:10:10,30.0,0.01,27,83400,买盘
551,14:10:05,29.99,-0.01,34,101966,卖盘
552,14:10:00,30.0,--,20,60000,买盘
553,14:09:55,30.0,0.01,73,219000,买盘
554,14:09:50,29.99,--,32,96927,卖盘
555,14:09:45,29.99,--,15,44985,卖盘
556,14:09:40,29.99,--,697,2090303,卖盘
557,14:09:35,29.99,--,30,89970,卖盘
558,14:09:25,29.99,--,45,134955,卖盘
559,14:09:20,29.99,--,35,107004,卖盘
560,14:09:15,29.99,--,4,11996,卖盘
561,14:09:10,29.99,0.01,35,104965,买盘
562,14:09:05,29.98,-0.01,15,44970,卖盘
563,14:08:55,29.99,0.01,30,89970,买盘
564,14:08:50,29.98,--,36,109996,卖盘
565,14:08:45,29.98,-0.01,6,17988,卖盘
566,14:08:40,29.99,--,4,11996,买盘
567,14:08:35,29.99,--,8,23992,买盘
568,14:08:25,29.99,--,11,32989,买盘
569,14:08:20,29.99,0.01,8,23992,买盘
570,14:08:15,29.98,-0.01,6,20026,卖盘
571,14:08:10,29.99,0.01,10,29990,买盘
572,14:08:05,29.98,--,12,35976,卖盘
573,14:08:00,29.98,--,10,32078,卖盘
574,14:07:55,29.98,-0.01,4,11992,卖盘
575,14:07:50,29.99,--,51,152949,买盘
576,14:07:45,29.99,0.01,7,20993,买盘
577,14:07:40,29.98,-0.01,10,29980,卖盘
578,14:07:35,29.99,--,7,20993,买盘
579,14:07:30,29.99,0.01,53,158947,买盘
580,14:07:25,29.98,--,11,32978,卖盘
581,14:07:20,29.98,--,34,103970,卖盘
582,14:07:15,29.98,--,4,11992,卖盘
583,14:07:10,29.98,--,5,14990,卖盘
584,14:07:04,29.98,--,4,11992,卖盘
585,14:07:00,29.98,--,20,59960,卖盘
586,14:06:55,29.98,--,8,26052,买盘
587,14:06:50,29.98,0.01,38,113924,买盘
588,14:06:44,29.97,--,4,11988,卖盘
589,14:06:40,29.97,--,66,197802,卖盘
590,14:06:35,29.97,--,11,32967,卖盘
591,14:06:30,29.97,--,2,5994,卖盘
592,14:06:24,29.97,--,4,11988,卖盘
593,14:06:20,29.97,--,38,113886,卖盘
594,14:06:14,29.97,0.01,82,247971,买盘
595,14:06:04,29.96,-0.01,5,14980,中性盘
596,14:05:59,29.97,0.02,72,215784,买盘
597,14:05:54,29.95,--,7,20965,卖盘
598,14:05:49,29.95,-0.01,56,167720,卖盘
599,14:05:44,29.96,--,17,52819,卖盘
600,14:05:39,29.96,--,6,17976,卖盘
601,14:05:35,29.96,--,7,20972,卖盘
602,14:05:29,29.96,-0.01,27,80892,卖盘
603,14:05:24,29.97,0.01,5,14985,买盘
604,14:05:19,29.96,-0.01,26,79933,卖盘
605,14:05:14,29.97,0.01,52,155844,买盘
606,14:05:09,29.96,--,5,14980,卖盘
607,14:05:04,29.96,--,4,11984,卖盘
608,14:04:59,29.96,--,0,2067,卖盘
609,14:04:54,29.96,--,6,17976,卖盘
610,14:04:49,29.96,--,5,14980,卖盘
611,14:04:44,29.96,0.01,65,194740,买盘
612,14:04:39,29.95,--,6,17970,卖盘
613,14:04:34,29.95,--,5,14975,卖盘
614,14:04:29,29.95,--,3,8985,卖盘
615,14:04:24,29.95,--,5,14975,卖盘
616,14:04:19,29.95,--,18,55946,卖盘
617,14:04:14,29.95,--,5,14975,卖盘
618,14:04:09,29.95,--,23,68885,卖盘
619,14:04:04,29.95,--,79,238701,卖盘
620,14:03:59,29.95,-0.01,13,38935,卖盘
621,14:03:54,29.96,0.01,8,23968,买盘
622,14:03:49,29.95,--,41,122795,卖盘
623,14:03:44,29.95,--,4,11980,卖盘
624,14:03:39,29.95,--,26,77870,卖盘
625,14:03:34,29.95,--,18,53910,卖盘
626,14:03:29,29.95,--,45,134775,卖盘
627,14:03:24,29.95,--,10,31986,卖盘
628,14:03:19,29.95,--,18,53910,卖盘
629,14:03:14,29.95,--,13,38935,卖盘
630,14:03:09,29.95,--,60,179700,卖盘
631,14:03:04,29.95,--,11,35011,卖盘
632,14:02:59,29.95,--,36,107820,卖盘
633,14:02:54,29.95,--,13,38935,卖盘
634,14:02:49,29.95,--,61,182695,卖盘
635,14:02:44,29.95,--,36,107820,卖盘
636,14:02:39,29.95,--,5,14975,卖盘
637,14:02:34,29.95,--,122,365390,卖盘
638,14:02:24,29.95,-0.01,8,25996,卖盘
639,14:02:19,29.96,0.01,36,107856,买盘
640,14:02:14,29.95,--,105,316511,卖盘
641,14:02:09,29.95,--,13,38935,卖盘
642,14:02:04,29.95,--,13,41001,卖盘
643,14:01:54,29.95,-0.01,8,23960,卖盘
644,14:01:49,29.96,0.01,55,164780,买盘
645,14:01:44,29.95,--,7,20965,卖盘
646,14:01:39,29.95,--,6,17970,卖盘
647,14:01:34,29.95,--,20,59900,卖盘
648,14:01:29,29.95,--,21,62895,卖盘
649,14:01:23,29.95,--,4,11980,卖盘
650,14:01:19,29.95,--,33,98835,卖盘
651,14:01:13,29.95,--,26,79906,卖盘
652,14:01:09,29.95,--,19,56905,卖盘
653,14:01:04,29.95,--,43,128785,卖盘
654,14:00:58,29.95,--,55,164725,卖盘
655,14:00:54,29.95,--,4,11980,卖盘
656,14:00:49,29.95,--,174,521130,卖盘
657,14:00:43,29.95,--,223,667885,卖盘
658,14:00:39,29.95,--,3,8985,卖盘
659,14:00:34,29.95,-0.01,15,45883,卖盘
660,14:00:24,29.96,--,4,11984,卖盘
661,14:00:19,29.96,0.01,13,40985,买盘
662,14:00:13,29.95,--,11,32945,卖盘
663,14:00:09,29.95,-0.01,118,353410,卖盘
664,14:00:03,29.96,--,77,230692,买盘
665,13:59:58,29.96,--,4,11984,买盘
666,13:59:54,29.96,-0.01,21,62916,卖盘
667,13:59:48,29.97,0.02,33,98901,买盘
668,13:59:43,29.95,-0.01,7,20965,卖盘
669,13:59:39,29.96,--,38,113848,买盘
670,13:59:28,29.96,--,21,62916,卖盘
671,13:59:24,29.96,--,13,38948,卖盘
672,13:59:18,29.96,--,3,8988,卖盘
673,13:59:13,29.96,-0.01,9,26964,卖盘
674,13:59:08,29.97,--,41,122877,买盘
675,13:58:58,29.97,0.02,12,35964,买盘
676,13:58:53,29.95,--,19,56905,卖盘
677,13:58:48,29.95,-0.01,32,95840,卖盘
678,13:58:43,29.96,--,14,41944,卖盘
679,13:58:38,29.96,--,154,461384,卖盘
680,13:58:28,29.96,--,4,11984,卖盘
681,13:58:23,29.96,--,90,269640,卖盘
682,13:58:13,29.96,--,32,95872,卖盘
683,13:58:08,29.96,-0.01,70,209720,卖盘
684,13:57:58,29.97,0.01,5,14985,买盘
685,13:57:53,29.96,--,4,11984,卖盘
686,13:57:48,29.96,-0.01,30,89880,卖盘
687,13:57:43,29.97,--,15,44955,卖盘
688,13:57:38,29.97,--,35,104895,卖盘
689,13:57:33,29.97,--,4,11988,卖盘
690,13:57:28,29.97,--,8,23976,卖盘
691,13:57:23,29.97,--,4,11988,卖盘
692,13:57:13,29.97,--,34,101898,卖盘
693,13:57:08,29.97,--,29,86913,卖盘
694,13:56:58,29.97,0.01,55,164835,买盘
695,13:56:53,29.96,-0.01,4,11984,卖盘
696,13:56:48,29.97,--,16,47952,卖盘
697,13:56:43,29.97,--,15,44955,卖盘
698,13:56:38,29.97,0.01,60,179820,买盘
699,13:56:28,29.96,--,10,29960,卖盘
700,13:56:23,29.96,--,6,17976,卖盘
701,13:56:13,29.96,--,40,119840,买盘
702,13:56:08,29.96,-0.01,1,2996,卖盘
703,13:56:03,29.97,--,0,0,买盘
704,13:55:58,29.97,0.01,13,38961,买盘
705,13:55:53,29.96,--,14,41944,卖盘
706,13:55:47,29.96,--,3,8988,卖盘
707,13:55:43,29.96,0.01,8,23968,中性盘
708,13:55:38,29.95,-0.01,56,167720,卖盘
709,13:55:32,29.96,0.01,4,11984,买盘
710,13:55:28,29.95,--,13,38935,卖盘
711,13:55:23,29.95,--,70,209650,卖盘
712,13:55:18,29.95,--,1,2995,卖盘
713,13:55:13,29.95,--,14,41930,卖盘
714,13:55:08,29.95,--,13,38935,卖盘
715,13:54:58,29.95,--,25,74875,卖盘
716,13:54:53,29.95,-0.01,11,32945,卖盘
717,13:54:48,29.96,0.01,31,92876,中性盘
718,13:54:43,29.95,--,28,85597,卖盘
719,13:54:38,29.95,--,86,257570,卖盘
720,13:54:28,29.95,-0.01,1,2995,卖盘
721,13:54:23,29.96,0.01,41,122836,买盘
722,13:54:13,29.95,-0.01,8,23960,卖盘
723,13:54:07,29.96,--,33,100126,卖盘
724,13:54:02,29.96,--,3,8988,卖盘
725,13:53:58,29.96,--,27,81131,卖盘
726,13:53:52,29.96,--,4,11984,卖盘
727,13:53:47,29.96,--,34,101864,卖盘
728,13:53:42,29.96,--,10,29960,卖盘
729,13:53:37,29.96,--,13,38948,卖盘
730,13:53:33,29.96,--,60,179760,卖盘
731,13:53:22,29.96,--,31,92876,卖盘
732,13:53:12,29.96,--,23,68908,卖盘
733,13:53:07,29.96,-0.01,89,266644,卖盘
734,13:53:03,29.97,--,22,65934,买盘
735,13:52:56,29.97,0.01,3,8991,买盘
736,13:52:52,29.96,--,37,110852,卖盘
737,13:52:47,29.96,--,54,161784,卖盘
738,13:52:41,29.96,--,8,23968,卖盘
739,13:52:37,29.96,-0.01,20,59920,卖盘
740,13:52:33,29.97,0.01,3,8991,买盘
741,13:52:26,29.96,--,3,8988,卖盘
742,13:52:22,29.96,-0.01,6,17976,卖盘
743,13:52:17,29.97,--,66,197802,卖盘
744,13:52:11,29.97,--,74,221778,卖盘
745,13:52:07,29.97,--,12,35964,卖盘
746,13:51:56,29.97,--,12,35964,卖盘
747,13:51:52,29.97,--,4,11988,卖盘
748,13:51:47,29.97,--,61,182817,卖盘
749,13:51:37,29.97,-0.01,85,254745,卖盘
750,13:51:26,29.98,0.01,2,5996,买盘
751,13:51:22,29.97,--,4,11988,卖盘
752,13:51:17,29.97,--,13,38961,卖盘
753,13:51:12,29.97,-0.01,3,8991,卖盘
754,13:51:07,29.98,--,7,20986,买盘
755,13:51:02,29.98,--,20,59960,买盘
756,13:50:52,29.98,0.01,12,35976,卖盘
757,13:50:47,29.97,-0.02,23,68931,卖盘
758,13:50:41,29.99,0.01,12,35988,买盘
759,13:50:37,29.98,--,10,29980,卖盘
760,13:50:32,29.98,--,12,35976,卖盘
761,13:50:27,29.98,--,11,32978,卖盘
762,13:50:22,29.98,--,13,38974,卖盘
763,13:50:17,29.98,--,77,230846,卖盘
764,13:50:11,29.98,--,36,107928,卖盘
765,13:50:07,29.98,-0.01,10,29980,卖盘
766,13:50:02,29.99,0.01,1,2999,买盘
767,13:49:52,29.98,--,7,20986,卖盘
768,13:49:47,29.98,--,59,176882,卖盘
769,13:49:37,29.98,--,11,32978,卖盘
770,13:49:32,29.98,-0.01,2,5996,卖盘
771,13:49:26,29.99,0.01,2,5998,买盘
772,13:49:22,29.98,--,6,17988,卖盘
773,13:49:17,29.98,--,0,0,卖盘
774,13:49:11,29.98,-0.01,7,20986,卖盘
775,13:49:07,29.99,--,66,197934,卖盘
776,13:49:02,29.99,0.01,39,116961,买盘
777,13:48:52,29.98,--,41,122918,卖盘
778,13:48:47,29.98,-0.01,15,44970,卖盘
779,13:48:41,29.99,--,2,5998,买盘
780,13:48:37,29.99,--,9,26991,买盘
781,13:48:32,29.99,0.01,6,17994,买盘
782,13:48:26,29.98,-0.01,4,11992,卖盘
783,13:48:22,29.99,--,22,65978,卖盘
784,13:48:17,29.99,--,14,41986,卖盘
785,13:48:07,29.99,--,11,32989,卖盘
786,13:48:02,29.99,--,13,38987,卖盘
787,13:47:52,29.99,--,36,107964,卖盘
788,13:47:47,29.99,--,10,29990,卖盘
789,13:47:41,29.99,--,50,149950,卖盘
790,13:47:37,29.99,--,9,26991,卖盘
791,13:47:32,29.99,--,35,104965,买盘
792,13:47:22,29.99,--,7,20993,卖盘
793,13:47:17,29.99,--,63,188937,买盘
794,13:47:07,29.99,--,17,50983,买盘
795,13:47:01,29.99,--,22,65978,买盘
796,13:46:56,29.99,0.01,5,14995,买盘
797,13:46:50,29.98,-0.01,30,89940,卖盘
798,13:46:46,29.99,--,108,323892,买盘
799,13:46:35,29.99,-0.01,44,131956,卖盘
800,13:46:32,30.0,0.01,8,24000,买盘
801,13:46:26,29.99,--,13,38987,卖盘
802,13:46:20,29.99,-0.01,33,98967,卖盘
803,13:46:17,30.0,--,24,72000,买盘
804,13:46:11,30.0,0.01,6,18000,买盘
805,13:46:05,29.99,--,4,11996,卖盘
806,13:46:01,29.99,--,3,8997,卖盘
807,13:45:56,29.99,--,9,26991,卖盘
808,13:45:50,29.99,-0.01,52,155948,卖盘
809,13:45:46,30.0,0.01,19,57000,买盘
810,13:45:41,29.99,--,10,29990,卖盘
811,13:45:35,29.99,-0.01,9,26991,卖盘
812,13:45:31,30.0,0.01,30,90000,买盘
813,13:45:26,29.99,--,5,14995,卖盘
814,13:45:20,29.99,--,33,98967,卖盘
815,13:45:16,29.99,--,5,14995,卖盘
816,13:45:11,29.99,--,5,14995,卖盘
817,13:45:05,29.99,--,4,11996,卖盘
818,13:45:01,29.99,-0.01,16,47984,卖盘
819,13:44:56,30.0,0.01,9,27000,买盘
820,13:44:46,29.99,-0.01,62,185938,卖盘
821,13:44:41,30.0,0.01,12,36000,买盘
822,13:44:35,29.99,-0.01,5,14995,卖盘
823,13:44:31,30.0,--,5,15000,买盘
824,13:44:26,30.0,0.01,15,45000,买盘
825,13:44:16,29.99,-0.01,27,80973,卖盘
826,13:44:05,30.0,--,16,48000,买盘
827,13:43:56,30.0,--,17,51000,卖盘
828,13:43:50,30.0,--,10,30000,卖盘
829,13:43:46,30.0,--,34,102000,卖盘
830,13:43:41,30.0,--,26,78000,卖盘
831,13:43:35,30.0,--,35,105000,买盘
832,13:43:31,30.0,--,6,18000,买盘
833,13:43:26,30.0,--,14,42000,买盘
834,13:43:16,30.0,--,17,51000,买盘
835,13:43:11,30.0,--,2,6000,买盘
836,13:43:05,30.0,--,25,75000,卖盘
837,13:43:01,30.0,0.01,5,15000,中性盘
838,13:42:56,29.99,-0.01,6,17994,卖盘
839,13:42:46,30.0,0.01,83,249000,买盘
840,13:42:35,29.99,--,9,26991,卖盘
841,13:42:31,29.99,-0.01,3,8997,卖盘
842,13:42:26,30.0,--,20,60000,卖盘
843,13:42:20,30.0,--,50,150000,卖盘
844,13:42:16,30.0,--,4,12000,卖盘
845,13:42:10,30.0,-0.01,10,30000,卖盘
846,13:42:01,30.01,--,15,45015,卖盘
847,13:41:56,30.01,--,4,12004,卖盘
848,13:41:50,30.01,--,3,9003,卖盘
849,13:41:46,30.01,--,41,123041,买盘
850,13:41:41,30.01,--,10,30010,买盘
851,13:41:31,30.01,--,2,6002,卖盘
852,13:41:26,30.01,--,4,12004,卖盘
853,13:41:16,30.01,0.01,10,30010,买盘
854,13:41:10,30.0,--,41,123000,卖盘
855,13:41:05,30.0,-0.01,19,57000,卖盘
856,13:41:01,30.01,--,28,84028,买盘
857,13:40:56,30.01,0.01,11,33011,买盘
858,13:40:46,30.0,--,14,42000,买盘
859,13:40:41,30.0,-0.01,18,54000,卖盘
860,13:40:35,30.01,0.01,30,90030,买盘
861,13:40:31,30.0,-0.01,2,6000,卖盘
862,13:40:26,30.01,0.01,24,72024,买盘
863,13:40:20,30.0,--,33,99000,卖盘
864,13:40:16,30.0,--,23,69000,卖盘
865,13:40:11,30.0,--,7,21000,卖盘
866,13:40:05,30.0,-0.02,5,15000,卖盘
867,13:39:50,30.02,--,0,0,买盘
868,13:39:46,30.02,0.01,10,30020,买盘
869,13:39:41,30.01,--,7,21007,卖盘
870,13:39:35,30.01,0.01,17,51017,买盘
871,13:39:31,30.0,--,408,1224000,卖盘
872,13:39:25,30.0,--,13,39000,卖盘
873,13:39:20,30.0,-0.01,42,126000,卖盘
874,13:39:16,30.01,0.01,18,54018,买盘
875,13:39:10,30.0,--,4,12000,卖盘
876,13:39:05,30.0,-0.01,25,75000,卖盘
877,13:39:01,30.01,--,2,6002,买盘
878,13:38:56,30.01,0.01,9,27009,买盘
879,13:38:50,30.0,--,37,111000,卖盘
880,13:38:44,30.0,--,6,18000,卖盘
881,13:38:40,30.0,--,6,18000,卖盘
882,13:38:35,30.0,--,10,30000,卖盘
883,13:38:25,30.0,-0.01,11,33000,卖盘
884,13:38:14,30.01,--,9,27009,买盘
885,13:38:10,30.01,--,12,36012,买盘
886,13:38:05,30.01,0.01,1,3001,中性盘
887,13:37:59,30.0,-0.02,11,33000,卖盘
888,13:37:55,30.02,0.01,37,111074,买盘
889,13:37:50,30.01,--,36,108036,卖盘
890,13:37:44,30.01,--,48,144048,卖盘
891,13:37:40,30.01,--,12,36012,卖盘
892,13:37:35,30.01,--,8,24008,卖盘
893,13:37:29,30.01,--,8,24008,卖盘
894,13:37:25,30.01,--,39,117039,卖盘
895,13:37:20,30.01,--,40,120040,卖盘
896,13:37:14,30.01,0.01,27,81027,买盘
897,13:37:10,30.0,--,25,75000,卖盘
898,13:37:05,30.0,--,66,198000,卖盘
899,13:36:59,30.0,--,13,39000,卖盘
900,13:36:55,30.0,-0.01,9,27000,卖盘
901,13:36:50,30.01,0.01,31,93031,买盘
902,13:36:44,30.0,-0.03,4,12000,卖盘
903,13:36:40,30.03,0.03,28,84084,买盘
904,13:36:35,30.0,-0.02,28,84000,卖盘
905,13:36:29,30.02,0.01,4,12008,买盘
906,13:36:25,30.01,-0.01,41,123041,买盘
907,13:36:20,30.02,0.01,2,6004,买盘
908,13:36:14,30.01,--,11,33011,卖盘
909,13:36:05,30.01,--,8,24008,卖盘
910,13:35:59,30.01,--,14,42014,买盘
911,13:35:55,30.01,0.01,91,273091,买盘
912,13:35:50,30.0,-0.01,43,129000,卖盘
913,13:35:44,30.01,-0.02,3,9003,卖盘
914,13:35:40,30.03,0.02,26,78078,买盘
915,13:35:34,30.01,-0.02,16,48016,卖盘
916,13:35:29,30.03,--,18,54054,买盘
917,13:35:25,30.03,--,3,9009,买盘
918,13:35:19,30.03,--,3,9009,卖盘
919,13:35:14,30.03,--,8,24024,卖盘
920,13:35:10,30.03,0.01,5,15015,卖盘
921,13:35:04,30.02,-0.01,30,90060,卖盘
922,13:34:55,30.03,-0.01,22,66066,卖盘
923,13:34:44,30.04,--,351,1055936,卖盘
924,13:34:40,30.04,--,4,12016,卖盘
925,13:34:34,30.04,--,101,303404,卖盘
926,13:34:29,30.04,--,1,3004,卖盘
927,13:34:25,30.04,0.04,225,677371,买盘
928,13:34:14,30.0,-0.03,4,12000,卖盘
929,13:34:10,30.03,0.01,133,399399,买盘
930,13:34:04,30.02,--,13,39026,卖盘
931,13:33:55,30.02,--,37,111074,卖盘
932,13:33:49,30.02,--,35,105070,卖盘
933,13:33:44,30.02,--,4,12008,卖盘
934,13:33:40,30.02,--,49,147098,卖盘
935,13:33:34,30.02,--,9,27018,卖盘
936,13:33:29,30.02,--,3,9006,卖盘
937,13:33:25,30.02,-0.01,10,30020,卖盘
938,13:33:19,30.03,0.01,80,240240,买盘
939,13:33:14,30.02,--,4,12008,卖盘
940,13:33:10,30.02,--,2,6004,卖盘
941,13:33:04,30.02,-0.01,5,15010,卖盘
942,13:32:59,30.03,0.01,7,21021,买盘
943,13:32:54,30.02,--,7,21014,卖盘
944,13:32:49,30.02,--,106,318212,卖盘
945,13:32:44,30.02,--,7,21014,卖盘
946,13:32:39,30.02,--,5,15010,卖盘
947,13:32:34,30.02,--,10,30020,买盘
948,13:32:29,30.02,0.01,52,156104,买盘
949,13:32:25,30.01,--,9,27009,卖盘
950,13:32:19,30.01,--,7,21007,卖盘
951,13:32:14,30.01,0.01,36,108036,买盘
952,13:32:10,30.0,--,14,42000,卖盘
953,13:32:04,30.0,--,16,48000,卖盘
954,13:31:55,30.0,--,14,42000,卖盘
955,13:31:49,30.0,--,30,90000,卖盘
956,13:31:44,30.0,--,24,72000,卖盘
957,13:31:39,30.0,--,0,0,卖盘
958,13:31:34,30.0,--,14,42000,卖盘
959,13:31:29,30.0,--,85,255000,卖盘
960,13:31:24,30.0,--,6,18000,卖盘
961,13:31:19,30.0,--,5,15000,卖盘
962,13:31:14,30.0,--,4,12000,卖盘
963,13:31:09,30.0,--,13,39000,卖盘
964,13:31:04,30.0,0.01,27,81000,买盘
965,13:30:53,29.99,--,32,95968,卖盘
966,13:30:49,29.99,--,48,143952,卖盘
967,13:30:44,29.99,--,36,107964,卖盘
968,13:30:39,29.99,--,6,17994,卖盘
969,13:30:34,29.99,--,12,35988,卖盘
970,13:30:29,29.99,--,2,5998,卖盘
971,13:30:23,29.99,--,31,92969,卖盘
972,13:30:19,29.99,--,35,104965,卖盘
973,13:30:14,29.99,-0.01,28,83972,买盘
974,13:30:08,30.0,0.02,3,9000,买盘
975,13:30:04,29.98,-0.02,7,20986,卖盘
976,13:29:59,30.0,--,5,15000,买盘
977,13:29:53,30.0,--,0,0,买盘
978,13:29:49,30.0,--,38,114000,买盘
979,13:29:44,30.0,0.01,116,348000,买盘
980,13:29:38,29.99,-0.01,25,74975,卖盘
981,13:29:34,30.0,--,10,30000,买盘
982,13:29:23,30.0,--,20,60000,买盘
983,13:29:19,30.0,-0.02,59,177480,卖盘
984,13:29:14,30.02,0.02,8,24016,买盘
985,13:29:08,30.0,-0.02,88,264000,卖盘
986,13:29:04,30.02,0.02,16,48032,买盘
987,13:28:59,30.0,-0.03,4,12000,卖盘
988,13:28:53,30.03,0.03,7,21021,买盘
989,13:28:49,30.0,--,30,90000,卖盘
990,13:28:44,30.0,--,4,12000,卖盘
991,13:28:38,30.0,--,3,9000,卖盘
992,13:28:34,30.0,--,10,30000,卖盘
993,13:28:29,30.0,-0.01,53,159000,卖盘
994,13:28:23,30.01,--,42,128562,买盘
995,13:28:19,30.01,0.01,4,12004,买盘
996,13:28:14,30.0,--,4,12000,卖盘
997,13:28:04,30.0,-0.01,4,12000,卖盘
998,13:27:59,30.01,--,3,9003,买盘
999,13:27:53,30.01,-0.05,3,9483,卖盘
1000,13:27:49,30.06,0.01,42,126252,买盘
1001,13:27:43,30.05,--,10,30050,卖盘
1002,13:27:34,30.05,--,7,21035,卖盘
1003,13:27:28,30.05,--,30,90150,卖盘
1004,13:27:23,30.05,-0.02,4,12020,卖盘
1005,13:27:19,30.07,0.02,8,24056,买盘
1006,13:27:13,30.05,-0.02,6,18030,卖盘
1007,13:27:08,30.07,0.02,13,39091,买盘
1008,13:27:04,30.05,-0.01,6,20554,卖盘
1009,13:26:58,30.06,--,1,3006,买盘
1010,13:26:53,30.06,--,5,15030,卖盘
1011,13:26:49,30.06,--,53,159318,卖盘
1012,13:26:43,30.06,0.01,77,231462,买盘
1013,13:26:38,30.05,-0.01,6,18030,卖盘
1014,13:26:34,30.06,0.01,37,111222,买盘
1015,13:26:28,30.05,--,18,54090,卖盘
1016,13:26:23,30.05,--,6,18030,卖盘
1017,13:26:19,30.05,--,50,150250,卖盘
1018,13:26:13,30.05,--,10,30050,卖盘
1019,13:26:08,30.05,--,5,15025,卖盘
1020,13:26:04,30.05,--,14,42070,卖盘
1021,13:25:58,30.05,--,4,12020,卖盘
1022,13:25:53,30.05,--,7,21035,卖盘
1023,13:25:43,30.05,--,6,18030,卖盘
1024,13:25:38,30.05,0.04,65,195325,买盘
1025,13:25:28,30.01,--,2,6002,卖盘
1026,13:25:23,30.01,--,4,12004,卖盘
1027,13:25:18,30.01,--,4,12004,卖盘
1028,13:25:13,30.01,--,4,12004,卖盘
1029,13:25:08,30.01,--,26,78026,卖盘
1030,13:25:03,30.01,-0.04,10,30010,卖盘
1031,13:24:58,30.05,0.04,67,201335,买盘
1032,13:24:53,30.01,0.01,45,135045,买盘
1033,13:24:48,30.0,--,45,135000,卖盘
1034,13:24:43,30.0,--,11,33000,卖盘
1035,13:24:38,30.0,--,11,33000,卖盘
1036,13:24:28,30.0,--,8,24000,卖盘
1037,13:24:23,30.0,-0.01,14,42000,卖盘
1038,13:24:18,30.01,0.01,4,12004,买盘
1039,13:24:13,30.0,-0.01,11,33000,卖盘
1040,13:24:08,30.01,0.01,31,93031,买盘
1041,13:24:03,30.0,-0.01,6,18000,卖盘
1042,13:23:58,30.01,0.01,4,12004,买盘
1043,13:23:53,30.0,--,15,45000,卖盘
1044,13:23:48,30.0,-0.01,22,66000,卖盘
1045,13:23:43,30.01,-0.02,2,6002,卖盘
1046,13:23:38,30.03,--,9,27027,买盘
1047,13:23:28,30.03,0.03,44,132132,买盘
1048,13:23:23,30.0,--,6,18000,卖盘
1049,13:23:13,30.0,--,19,57000,卖盘
1050,13:23:08,30.0,--,4,12000,卖盘
1051,13:23:02,30.0,--,2,6000,卖盘
1052,13:22:53,30.0,--,14,42000,卖盘
1053,13:22:43,30.0,--,9,27000,卖盘
1054,13:22:38,30.0,-0.03,184,552000,卖盘
1055,13:22:32,30.03,0.01,20,60060,买盘
1056,13:22:28,30.02,--,8,24016,卖盘
1057,13:22:23,30.02,--,11,33022,卖盘
1058,13:22:13,30.02,--,7,21014,卖盘
1059,13:22:08,30.02,0.02,4,12008,卖盘
1060,13:22:02,30.0,--,60,180000,卖盘
1061,13:21:58,30.0,--,12,36000,卖盘
1062,13:21:53,30.0,--,27,81000,卖盘
1063,13:21:47,30.0,-0.03,61,183000,卖盘
1064,13:21:43,30.03,-0.02,7,21021,卖盘
1065,13:21:38,30.05,0.02,18,54090,买盘
1066,13:21:32,30.03,--,1,3003,卖盘
1067,13:21:23,30.03,--,9,27027,卖盘
1068,13:21:13,30.03,--,4,12012,卖盘
1069,13:21:08,30.03,0.02,4,12012,中性盘
1070,13:21:02,30.01,--,2,6002,卖盘
1071,13:20:58,30.01,0.01,3,9003,中性盘
1072,13:20:53,30.0,--,5,15000,卖盘
1073,13:20:47,30.0,-0.02,29,87000,卖盘
1074,13:20:43,30.02,0.02,14,42028,买盘
1075,13:20:38,30.0,-0.01,23,69000,卖盘
1076,13:20:32,30.01,-0.05,2,6002,买盘
1077,13:20:28,30.06,0.05,2,6012,买盘
1078,13:20:22,30.01,--,13,39013,卖盘
1079,13:20:17,30.01,--,3,9003,卖盘
1080,13:20:13,30.01,0.01,4,12004,中性盘
1081,13:20:08,30.0,-0.07,29,87000,卖盘
1082,13:19:58,30.07,0.07,102,306714,买盘
1083,13:19:52,30.0,--,4,12000,卖盘
1084,13:19:47,30.0,0.01,32,96000,卖盘
1085,13:19:43,29.99,--,19,56981,买盘
1086,13:19:37,29.99,--,5,14995,买盘
1087,13:19:32,29.99,--,21,62979,卖盘
1088,13:19:22,29.99,--,4,11996,卖盘
1089,13:19:13,29.99,0.01,17,50983,买盘
1090,13:19:07,29.98,-0.01,4,11992,卖盘
1091,13:19:02,29.99,--,0,0,买盘
1092,13:18:57,29.99,0.01,50,149950,买盘
1093,13:18:52,29.98,0.01,5,14990,中性盘
1094,13:18:47,29.97,-0.02,9,26973,卖盘
1095,13:18:37,29.99,0.01,6,17994,买盘
1096,13:18:32,29.98,-0.01,3,8994,卖盘
1097,13:18:27,29.99,0.01,5,14995,买盘
1098,13:18:22,29.98,--,65,194870,卖盘
1099,13:18:17,29.98,--,12,35976,卖盘
1100,13:18:12,29.98,-0.01,7,20986,卖盘
1101,13:18:07,29.99,0.01,18,53982,买盘
1102,13:18:02,29.98,--,1,2998,买盘
1103,13:17:52,29.98,--,11,32978,卖盘
1104,13:17:47,29.98,-0.01,36,107928,卖盘
1105,13:17:37,29.99,0.01,23,68977,买盘
1106,13:17:32,29.98,--,5,14990,卖盘
1107,13:17:27,29.98,--,19,56962,卖盘
1108,13:17:22,29.98,-0.01,6,17988,卖盘
1109,13:17:17,29.99,0.01,6,17994,买盘
1110,13:17:07,29.98,-0.01,7,20986,卖盘
1111,13:17:02,29.99,0.01,5,14995,买盘
1112,13:16:52,29.98,0.01,49,146902,买盘
1113,13:16:47,29.97,-0.01,20,59940,卖盘
1114,13:16:42,29.98,--,1,2998,买盘
1115,13:16:37,29.98,--,13,38974,买盘
1116,13:16:32,29.98,0.01,18,53964,买盘
1117,13:16:27,29.97,--,5,14985,卖盘
1118,13:16:22,29.97,--,10,29970,卖盘
1119,13:16:17,29.97,--,6,17982,卖盘
1120,13:16:07,29.97,-0.01,12,35964,卖盘
1121,13:16:02,29.98,0.01,2,5996,买盘
1122,13:15:52,29.97,--,57,170829,卖盘
1123,13:15:47,29.97,-0.01,35,104895,卖盘
1124,13:15:42,29.98,--,12,35976,买盘
1125,13:15:37,29.98,--,100,302678,卖盘
1126,13:15:22,29.98,--,13,38974,卖盘
1127,13:15:17,29.98,--,13,38974,卖盘
1128,13:15:11,29.98,--,1,2998,卖盘
1129,13:15:07,29.98,--,4,11992,卖盘
1130,13:15:02,29.98,-0.01,83,248834,卖盘
1131,13:14:56,29.99,--,1,2999,买盘
1132,13:14:52,29.99,-0.01,26,77974,卖盘
1133,13:14:47,30.0,--,7,21000,买盘
1134,13:14:37,30.0,--,117,351000,卖盘
1135,13:14:32,30.0,--,15,45000,买盘
1136,13:14:26,30.0,0.01,45,135000,买盘
1137,13:14:22,29.99,-0.01,9,26991,卖盘
1138,13:14:17,30.0,--,13,39000,买盘
1139,13:14:07,30.0,0.02,14,42000,买盘
1140,13:14:02,29.98,-0.02,2,5996,卖盘
1141,13:13:52,30.0,--,11,33000,卖盘
1142,13:13:47,30.0,0.01,47,141000,买盘
1143,13:13:41,29.99,--,4,11996,卖盘
1144,13:13:37,29.99,--,17,50983,卖盘
1145,13:13:32,29.99,-0.01,5,14995,卖盘
1146,13:13:26,30.0,0.01,3,9000,买盘
1147,13:13:22,29.99,-0.02,4,11996,卖盘
1148,13:13:17,30.01,0.01,62,186062,买盘
1149,13:13:07,30.0,0.01,32,96000,买盘
1150,13:12:56,29.99,-0.01,3,8997,卖盘
1151,13:12:52,30.0,--,102,306000,卖盘
1152,13:12:47,30.0,-0.01,35,105000,卖盘
1153,13:12:41,30.01,0.01,7,21007,买盘
1154,13:12:37,30.0,-0.01,12,36000,卖盘
1155,13:12:32,30.01,0.01,2,6002,买盘
1156,13:12:25,30.0,-0.01,2,6000,卖盘
1157,13:12:22,30.01,--,31,93031,卖盘
1158,13:12:17,30.01,--,28,84028,卖盘
1159,13:12:06,30.01,--,19,57019,卖盘
1160,13:11:56,30.01,--,13,39013,卖盘
1161,13:11:47,30.01,--,10,30010,卖盘
1162,13:11:37,30.01,--,6,18006,卖盘
1163,13:11:31,30.01,-0.01,5,15005,卖盘
1164,13:11:25,30.02,--,8,24016,买盘
1165,13:11:22,30.02,0.01,27,81054,买盘
1166,13:11:16,30.01,--,11,33011,卖盘
1167,13:11:11,30.01,--,3,9003,卖盘
1168,13:11:06,30.01,--,5,15005,卖盘
1169,13:11:01,30.01,--,5,15005,卖盘
1170,13:10:56,30.01,-0.02,14,42014,卖盘
1171,13:10:51,30.03,0.02,30,90090,买盘
1172,13:10:46,30.01,--,40,120040,卖盘
1173,13:10:41,30.01,--,19,57019,卖盘
1174,13:10:36,30.01,-0.02,7,21007,卖盘
1175,13:10:31,30.03,0.02,13,39039,买盘
1176,13:10:26,30.01,-0.01,14,42014,卖盘
1177,13:10:16,30.02,--,4,12008,卖盘
1178,13:10:11,30.02,-0.01,7,21014,卖盘
1179,13:10:06,30.03,--,5,17627,卖盘
1180,13:10:01,30.03,--,5,15015,卖盘
1181,13:09:56,30.03,--,10,30030,卖盘
1182,13:09:51,30.03,--,2,6006,卖盘
1183,13:09:46,30.03,--,14,42042,卖盘
1184,13:09:36,30.03,-0.02,29,87087,卖盘
1185,13:09:31,30.05,-0.01,3,9015,中性盘
1186,13:09:26,30.06,0.01,19,57114,买盘
1187,13:09:16,30.05,-0.01,4,12020,卖盘
1188,13:09:11,30.06,--,11,33066,卖盘
1189,13:09:06,30.06,-0.01,4,12024,卖盘
1190,13:09:01,30.07,-0.01,7,21049,卖盘
1191,13:08:56,30.08,0.02,55,165440,买盘
1192,13:08:51,30.06,--,3,9018,卖盘
1193,13:08:46,30.06,0.01,53,159318,卖盘
1194,13:08:41,30.05,--,0,0,卖盘
1195,13:08:36,30.05,-0.03,16,48080,卖盘
1196,13:08:26,30.08,--,20,60160,卖盘
1197,13:08:21,30.08,--,1,3008,卖盘
1198,13:08:16,30.08,--,20,60160,卖盘
1199,13:08:11,30.08,0.03,51,153408,买盘
1200,13:08:06,30.05,--,6,18030,卖盘
1201,13:07:56,30.05,--,14,42070,卖盘
1202,13:07:46,30.05,--,41,123205,卖盘
1203,13:07:41,30.05,--,10,30050,卖盘
1204,13:07:36,30.05,-0.04,21,63105,卖盘
1205,13:07:31,30.09,0.04,30,90270,买盘
1206,13:07:26,30.05,-0.04,9,27045,卖盘
1207,13:07:20,30.09,-0.01,1,3009,中性盘
1208,13:07:16,30.1,0.01,89,267890,买盘
1209,13:07:11,30.09,--,2,6018,买盘
1210,13:07:01,30.09,-0.01,25,75225,卖盘
1211,13:06:55,30.1,--,131,394310,卖盘
1212,13:06:46,30.1,-0.01,10,30100,卖盘
1213,13:06:40,30.11,--,9,27099,买盘
1214,13:06:35,30.11,0.01,1,3011,中性盘
1215,13:06:31,30.1,-0.01,21,63210,卖盘
1216,13:06:26,30.11,-0.02,4,12044,卖盘
1217,13:06:20,30.13,-0.01,27,81351,卖盘
1218,13:06:16,30.14,0.02,15,45210,买盘
1219,13:06:11,30.12,--,12,36144,卖盘
1220,13:06:05,30.12,-0.01,10,30120,卖盘
1221,13:06:01,30.13,--,53,159689,买盘
1222,13:05:55,30.13,--,18,54234,买盘
1223,13:05:49,30.13,--,0,0,买盘
1224,13:05:46,30.13,0.03,36,108468,买盘
1225,13:05:41,30.1,-0.02,13,39130,卖盘
1226,13:05:34,30.12,--,8,24096,卖盘
1227,13:05:30,30.12,--,22,66264,买盘
1228,13:05:26,30.12,--,28,84336,买盘
1229,13:05:19,30.12,0.02,15,45180,买盘
1230,13:05:15,30.1,--,9,27090,卖盘
1231,13:05:11,30.1,--,52,156821,卖盘
1232,13:05:05,30.1,-0.02,4,12040,卖盘
1233,13:05:00,30.12,0.03,17,51204,买盘
1234,13:04:55,30.09,-0.01,41,123369,中性盘
1235,13:04:49,30.1,0.01,1,3010,买盘
1236,13:04:45,30.09,-0.01,4,12036,中性盘
1237,13:04:41,30.1,0.01,85,255850,买盘
1238,13:04:35,30.09,-0.01,28,84252,卖盘
1239,13:04:30,30.1,0.01,5,15050,买盘
1240,13:04:25,30.09,0.01,91,273819,买盘
1241,13:04:20,30.08,0.02,3,9024,买盘
1242,13:04:15,30.06,-0.02,4,12024,卖盘
1243,13:04:10,30.08,0.03,12,36096,买盘
1244,13:04:04,30.05,--,43,129215,买盘
1245,13:03:55,30.05,0.01,16,48080,买盘
1246,13:03:45,30.04,--,15,45060,卖盘
1247,13:03:40,30.04,0.01,14,42446,买盘
1248,13:03:34,30.03,0.01,71,213213,卖盘
1249,13:03:25,30.02,--,4,12008,卖盘
1250,13:03:20,30.02,-0.02,3,9006,卖盘
1251,13:03:15,30.04,0.02,16,48064,买盘
1252,13:03:10,30.02,--,30,90060,买盘
1253,13:03:05,30.02,0.01,20,60040,买盘
1254,13:03:00,30.01,--,41,123041,卖盘
1255,13:02:55,30.01,--,7,21007,卖盘
1256,13:02:50,30.01,--,8,24008,卖盘
1257,13:02:45,30.01,--,5,15005,卖盘
1258,13:02:40,30.01,--,4,12004,卖盘
1259,13:02:35,30.01,--,8,24008,卖盘
1260,13:02:30,30.01,0.01,53,159053,买盘
1261,13:02:25,30.0,-0.01,6,18000,卖盘
1262,13:02:19,30.01,--,35,105035,买盘
1263,13:02:15,30.01,-0.01,17,51017,卖盘
1264,13:02:10,30.02,0.01,17,51034,买盘
1265,13:02:05,30.01,-0.01,6,18006,卖盘
1266,13:01:55,30.02,0.02,11,33022,买盘
1267,13:01:50,30.0,--,40,120000,卖盘
1268,13:01:45,30.0,-0.02,4,12000,卖盘
1269,13:01:40,30.02,0.02,25,75050,买盘
1270,13:01:35,30.0,--,24,72000,卖盘
1271,13:01:30,30.0,--,2,6000,卖盘
1272,13:01:25,30.0,--,6,18000,卖盘
1273,13:01:19,30.0,--,5,15000,卖盘
1274,13:01:15,30.0,--,5,15000,卖盘
1275,13:01:10,30.0,--,3,9000,卖盘
1276,13:01:04,30.0,--,20,60000,买盘
1277,13:01:00,30.0,--,18,54000,买盘
1278,13:00:55,30.0,0.01,63,189000,买盘
1279,13:00:50,29.99,-0.01,38,113962,卖盘
1280,13:00:45,30.0,-0.02,20,60000,卖盘
1281,13:00:40,30.02,0.02,66,198132,中性盘
1282,13:00:34,30.0,0.01,6,18000,卖盘
1283,13:00:30,29.99,--,0,0,卖盘
1284,13:00:25,29.99,-0.01,7,20993,卖盘
1285,13:00:20,30.0,0.01,1,3000,买盘
1286,13:00:15,29.99,--,4,11996,卖盘
1287,13:00:10,29.99,-0.01,9,26991,卖盘
1288,13:00:05,30.0,0.04,171,513120,买盘
1289,11:30:00,29.96,--,0,0,卖盘
1290,11:29:59,29.96,--,4,11984,卖盘
1291,11:29:56,29.96,--,66,197736,卖盘
1292,11:29:46,29.96,-0.03,46,137816,卖盘
1293,11:29:41,29.99,--,10,29990,卖盘
1294,11:29:31,29.99,--,4,11996,卖盘
1295,11:29:26,29.99,--,29,86971,卖盘
1296,11:29:16,29.99,--,0,0,中性盘
1297,11:29:11,29.99,--,37,110963,卖盘
1298,11:29:06,29.99,--,3,8997,卖盘
1299,11:29:01,29.99,-0.01,4,11996,卖盘
1300,11:28:56,30.0,0.04,5,15000,买盘
1301,11:28:51,29.96,-0.02,93,278628,卖盘
1302,11:28:46,29.98,--,18,53964,卖盘
1303,11:28:41,29.98,-0.01,43,128914,卖盘
1304,11:28:36,29.99,0.01,6,17994,买盘
1305,11:28:31,29.98,-0.01,17,50966,卖盘
1306,11:28:26,29.99,--,12,35988,买盘
1307,11:28:21,29.99,--,4,11996,买盘
1308,11:28:16,29.99,0.01,11,32989,买盘
1309,11:28:11,29.98,--,10,29980,卖盘
1310,11:28:05,29.98,--,7,20986,卖盘
1311,11:27:56,29.98,--,4,11992,卖盘
1312,11:27:50,29.98,--,30,89940,卖盘
1313,11:27:45,29.98,0.01,32,95936,买盘
1314,11:27:41,29.97,--,23,68931,卖盘
1315,11:27:35,29.97,--,4,11988,卖盘
1316,11:27:25,29.97,--,4,11988,卖盘
1317,11:27:20,29.97,0.01,7,20979,买盘
1318,11:27:10,29.96,-0.01,15,44940,卖盘
1319,11:27:05,29.97,-0.02,3,8991,卖盘
1320,11:27:00,29.99,--,0,0,买盘
1321,11:26:56,29.99,--,50,149950,买盘
1322,11:26:50,29.99,0.01,47,140953,买盘
1323,11:26:45,29.98,--,3,8994,买盘
1324,11:26:40,29.98,-0.01,17,50966,卖盘
1325,11:26:35,29.99,--,10,29990,买盘
1326,11:26:25,29.99,0.03,21,62979,买盘
1327,11:26:20,29.96,--,11,32956,卖盘
1328,11:26:15,29.96,-0.03,3,8988,卖盘
1329,11:26:10,29.99,0.03,4,11996,中性盘
1330,11:26:05,29.96,-0.03,5,14980,卖盘
1331,11:26:00,29.99,--,4,11996,买盘
1332,11:25:55,29.99,0.03,5,14995,中性盘
1333,11:25:50,29.96,-0.03,54,161784,卖盘
1334,11:25:45,29.99,0.03,1,2999,买盘
1335,11:25:40,29.96,--,16,47936,卖盘
1336,11:25:35,29.96,--,8,23968,卖盘
1337,11:25:30,29.96,--,10,29960,卖盘
1338,11:25:25,29.96,--,4,11984,卖盘
1339,11:25:20,29.96,--,8,23968,卖盘
1340,11:25:10,29.96,--,36,107856,卖盘
1341,11:25:05,29.96,--,9,26964,卖盘
1342,11:25:00,29.96,--,2,5992,卖盘
1343,11:24:55,29.96,0.01,32,97370,卖盘
1344,11:24:50,29.95,--,3,8985,卖盘
1345,11:24:45,29.95,--,171,513402,卖盘
1346,11:24:40,29.95,-0.01,19,56905,卖盘
1347,11:24:35,29.96,--,24,73641,卖盘
1348,11:24:30,29.96,--,0,0,卖盘
1349,11:24:25,29.96,-0.03,27,80892,卖盘
1350,11:24:20,29.99,0.03,126,377874,中性盘
1351,11:24:10,29.96,--,21,62916,卖盘
1352,11:24:05,29.96,-0.03,11,32956,卖盘
1353,11:24:00,29.99,--,2,5998,买盘
1354,11:23:55,29.99,0.02,154,461846,买盘
1355,11:23:50,29.97,0.01,19,56943,买盘
1356,11:23:45,29.96,--,3,8988,卖盘
1357,11:23:40,29.96,--,4,11984,卖盘
1358,11:23:35,29.96,--,14,41944,卖盘
1359,11:23:25,29.96,-0.01,31,92876,卖盘
1360,11:23:20,29.97,0.01,12,35964,买盘
1361,11:23:15,29.96,--,5,14980,卖盘
1362,11:23:10,29.96,-0.02,7,20972,卖盘
1363,11:23:05,29.98,0.01,42,125916,买盘
1364,11:23:00,29.97,--,6,17982,卖盘
1365,11:22:55,29.97,-0.01,21,62937,卖盘
1366,11:22:50,29.98,0.01,14,41972,买盘
1367,11:22:45,29.97,--,17,50949,卖盘
1368,11:22:40,29.97,--,40,119880,卖盘
1369,11:22:35,29.97,-0.02,5,14985,卖盘
1370,11:22:25,29.99,0.01,13,40246,买盘
1371,11:22:19,29.98,--,56,169626,卖盘
1372,11:22:15,29.98,--,0,0,卖盘
1373,11:22:10,29.98,-0.03,202,605596,卖盘
1374,11:22:05,30.01,-0.01,58,174058,卖盘
1375,11:22:00,30.02,0.01,3,9006,卖盘
1376,11:21:55,30.01,--,67,201067,买盘
1377,11:21:45,30.01,0.01,57,171057,买盘
1378,11:21:39,30.0,-0.01,16,48000,卖盘
1379,11:21:34,30.01,0.01,7,21007,买盘
1380,11:21:30,30.0,-0.01,2,6000,卖盘
1381,11:21:24,30.01,0.01,12,36012,买盘
1382,11:21:19,30.0,-0.02,23,69000,卖盘
1383,11:21:14,30.02,0.01,19,57038,买盘
1384,11:21:09,30.01,--,40,120040,卖盘
1385,11:21:04,30.01,0.01,29,87029,买盘
1386,11:21:00,30.0,--,17,51000,卖盘
1387,11:20:54,30.0,--,11,33000,卖盘
1388,11:20:49,30.0,--,50,150000,卖盘
1389,11:20:45,30.0,--,17,51000,卖盘
1390,11:20:39,30.0,--,5,15000,卖盘
1391,11:20:34,30.0,0.02,27,81000,买盘
1392,11:20:29,29.98,--,1,2998,卖盘
1393,11:20:24,29.98,--,12,35976,卖盘
1394,11:20:19,29.98,-0.02,51,152898,卖盘
1395,11:20:14,30.0,0.02,19,57000,买盘
1396,11:20:09,29.98,-0.01,11,32978,卖盘
1397,11:20:04,29.99,--,6,17994,卖盘
1398,11:19:53,29.99,--,4,11996,卖盘
1399,11:19:49,29.99,0.01,17,50983,买盘
1400,11:19:44,29.98,--,19,56962,卖盘
1401,11:19:34,29.98,--,9,26982,卖盘
1402,11:19:29,29.98,--,3,8994,卖盘
1403,11:19:24,29.98,0.01,138,414983,买盘
1404,11:19:19,29.97,--,30,89910,卖盘
1405,11:19:14,29.97,--,4,11988,卖盘
1406,11:19:09,29.97,--,7,20979,卖盘
1407,11:19:04,29.97,--,15,44955,卖盘
1408,11:18:59,29.97,0.01,60,179820,买盘
1409,11:18:49,29.96,-0.01,63,188748,卖盘
1410,11:18:44,29.97,--,9,26973,卖盘
1411,11:18:39,29.97,--,6,17982,卖盘
1412,11:18:34,29.97,-0.01,26,77922,卖盘
1413,11:18:29,29.98,--,60,179880,买盘
1414,11:18:24,29.98,--,3,8994,买盘
1415,11:18:19,29.98,-0.03,290,871158,卖盘
1416,11:18:14,30.01,-0.01,6,18006,卖盘
1417,11:18:04,30.02,-0.01,46,138092,卖盘
1418,11:17:59,30.03,0.01,32,96096,买盘
1419,11:17:54,30.02,-0.01,6,18012,买盘
1420,11:17:49,30.03,0.02,19,57057,买盘
1421,11:17:44,30.01,-0.03,7,21007,卖盘
1422,11:17:39,30.04,0.03,3,9012,买盘
1423,11:17:34,30.01,-0.03,105,315105,卖盘
1424,11:17:29,30.04,0.01,38,114152,买盘
1425,11:17:24,30.03,0.02,9,27027,买盘
1426,11:17:19,30.01,-0.03,7,21007,卖盘
1427,11:17:14,30.04,-0.01,60,180240,卖盘
1428,11:17:09,30.05,0.01,12,36060,买盘
1429,11:17:04,30.04,--,5,15020,卖盘
1430,11:16:59,30.04,0.01,10,30040,卖盘
1431,11:16:53,30.03,0.02,4,12012,中性盘
1432,11:16:49,30.01,-0.03,23,69023,卖盘
1433,11:16:44,30.04,0.03,28,84112,买盘
1434,11:16:39,30.01,0.01,3,9003,中性盘
1435,11:16:34,30.0,-0.02,17,51000,卖盘
1436,11:16:29,30.02,0.02,6,18012,中性盘
1437,11:16:23,30.0,-0.02,25,75000,卖盘
1438,11:16:19,30.02,-0.02,2,6004,卖盘
1439,11:16:14,30.04,0.02,36,108144,买盘
1440,11:16:09,30.02,0.02,272,817804,买盘
1441,11:16:04,30.0,--,31,93000,买盘
1442,11:15:59,30.0,--,20,60000,买盘
1443,11:15:53,30.0,--,10,30000,买盘
1444,11:15:49,30.0,--,52,156000,卖盘
1445,11:15:44,30.0,--,19,57000,卖盘
1446,11:15:38,30.0,--,5,15000,卖盘
1447,11:15:34,30.0,-0.01,8,24000,卖盘
1448,11:15:29,30.01,--,3,9003,买盘
1449,11:15:24,30.01,0.01,10,30010,买盘
1450,11:15:19,30.0,-0.02,25,75000,卖盘
1451,11:15:14,30.02,0.02,24,72048,买盘
1452,11:15:08,30.0,--,14,42000,买盘
1453,11:15:04,30.0,-0.01,64,192000,卖盘
1454,11:14:59,30.01,--,2,6002,买盘
1455,11:14:53,30.01,0.01,26,78026,中性盘
1456,11:14:47,30.0,-0.01,28,84000,卖盘
1457,11:14:44,30.01,--,32,96032,买盘
1458,11:14:34,30.01,0.01,13,39013,买盘
1459,11:14:28,30.0,--,40,120000,卖盘
1460,11:14:23,30.0,--,6,18000,卖盘
1461,11:14:17,30.0,--,1,3000,中性盘
1462,11:14:13,30.0,0.01,19,57000,买盘
1463,11:14:08,29.99,-0.01,3,8997,卖盘
1464,11:14:02,30.0,0.01,2,6000,中性盘
1465,11:13:58,29.99,-0.01,26,77974,卖盘
1466,11:13:53,30.0,--,15,45000,卖盘
1467,11:13:47,30.0,--,43,129000,买盘
1468,11:13:43,30.0,--,46,138000,买盘
1469,11:13:38,30.0,--,13,39000,卖盘
1470,11:13:32,30.0,--,15,45000,买盘
1471,11:13:28,30.0,--,13,39000,买盘
1472,11:13:23,30.0,-0.01,20,60000,卖盘
1473,11:13:17,30.01,--,4,12004,买盘
1474,11:13:13,30.01,0.02,36,108036,买盘
1475,11:13:08,29.99,-0.01,43,128957,卖盘
1476,11:13:02,30.0,--,4,12000,卖盘
1477,11:12:58,30.0,--,155,465000,卖盘
1478,11:12:53,30.0,0.02,101,303000,买盘
1479,11:12:47,29.98,-0.02,28,83944,卖盘
1480,11:12:43,30.0,-0.01,17,51000,买盘
1481,11:12:38,30.01,0.01,163,489163,买盘
1482,11:12:32,30.0,--,608,1824000,卖盘
1483,11:12:28,30.0,--,620,1860000,卖盘
1484,11:12:23,30.0,-0.01,663,1989000,卖盘
1485,11:12:17,30.01,--,8,24008,买盘
1486,11:12:13,30.01,--,90,271830,卖盘
1487,11:12:08,30.01,-0.01,219,657219,卖盘
1488,11:12:02,30.02,-0.01,12,36024,买盘
1489,11:11:58,30.03,-0.01,97,291291,买盘
1490,11:11:53,30.04,0.02,10,30040,买盘
1491,11:11:47,30.02,-0.02,30,90060,卖盘
1492,11:11:43,30.04,--,16,48064,卖盘
1493,11:11:38,30.04,--,3,9012,卖盘
1494,11:11:32,30.04,-0.02,4,12016,卖盘
1495,11:11:23,30.06,--,107,321642,卖盘
1496,11:11:17,30.06,-0.01,92,276552,卖盘
1497,11:11:13,30.07,--,60,180420,买盘
1498,11:11:08,30.07,-0.01,1,3007,卖盘
1499,11:11:02,30.08,-0.02,30,90240,卖盘
1500,11:10:58,30.1,0.01,122,367220,买盘
1501,11:10:53,30.09,--,25,75225,卖盘
1502,11:10:47,30.09,-0.02,43,129387,卖盘
1503,11:10:43,30.11,0.01,253,761783,买盘
1504,11:10:38,30.1,--,22,66220,卖盘
1505,11:10:32,30.1,-0.02,52,156520,卖盘
1506,11:10:28,30.12,--,2,6024,买盘
1507,11:10:23,30.12,--,54,162648,卖盘
1508,11:10:17,30.12,--,2,6024,卖盘
1509,11:10:13,30.12,--,10,30120,卖盘
1510,11:10:08,30.12,--,15,45180,卖盘
1511,11:10:02,30.12,-0.02,6,18072,卖盘
1512,11:09:58,30.14,0.01,16,48224,买盘
1513,11:09:53,30.13,--,34,102442,卖盘
1514,11:09:47,30.13,-0.01,7,21091,卖盘
1515,11:09:43,30.14,-0.02,452,1363624,卖盘
1516,11:09:38,30.16,0.01,37,111592,买盘
1517,11:09:32,30.15,--,6,18090,卖盘
1518,11:09:28,30.15,--,21,63315,卖盘
1519,11:09:23,30.15,--,5,15075,卖盘
1520,11:09:17,30.15,--,6,18090,卖盘
1521,11:09:13,30.15,--,31,93465,卖盘
1522,11:09:08,30.15,--,32,98198,买盘
1523,11:09:02,30.15,--,16,48240,卖盘
1524,11:08:58,30.15,0.01,7,21105,买盘
1525,11:08:53,30.14,-0.01,6,18084,卖盘
1526,11:08:47,30.15,--,4,12060,卖盘
1527,11:08:43,30.15,-0.01,4,12060,卖盘
1528,11:08:38,30.16,0.02,10,30160,中性盘
1529,11:08:32,30.14,--,45,135630,卖盘
1530,11:08:28,30.14,--,3,9042,卖盘
1531,11:08:23,30.14,-0.03,4,12056,卖盘
1532,11:08:17,30.17,0.03,4,12068,买盘
1533,11:08:11,30.14,-0.06,6,18084,卖盘
1534,11:08:08,30.2,0.03,62,187240,买盘
1535,11:08:02,30.17,-0.02,1,3017,卖盘
1536,11:07:57,30.19,--,1,3019,买盘
1537,11:07:53,30.19,--,32,96608,卖盘
1538,11:07:47,30.19,--,19,57361,卖盘
1539,11:07:41,30.19,--,12,36228,卖盘
1540,11:07:37,30.19,--,1,3019,卖盘
1541,11:07:32,30.19,--,9,27171,卖盘
1542,11:07:26,30.19,-0.01,4,12076,买盘
1543,11:07:22,30.2,0.07,1028,3107459,买盘
1544,11:07:17,30.13,-0.05,55,165715,卖盘
1545,11:07:11,30.18,0.04,150,452820,买盘
1546,11:07:07,30.14,0.01,13,39182,中性盘
1547,11:07:02,30.13,0.01,7,21091,中性盘
1548,11:06:56,30.12,-0.02,47,141564,卖盘
1549,11:06:52,30.14,--,0,0,卖盘
1550,11:06:47,30.14,-0.01,46,138644,卖盘
1551,11:06:41,30.15,-0.01,17,51255,卖盘
1552,11:06:37,30.16,--,35,105560,卖盘
1553,11:06:32,30.16,-0.01,13,39208,卖盘
1554,11:06:26,30.17,0.01,1,3017,买盘
1555,11:06:22,30.16,-0.01,8,24128,卖盘
1556,11:06:17,30.17,0.02,60,181020,买盘
1557,11:06:11,30.15,-0.02,22,66330,卖盘
1558,11:06:07,30.17,0.01,11,33187,买盘
1559,11:06:02,30.16,--,74,223184,卖盘
1560,11:05:56,30.16,-0.01,31,93496,卖盘
1561,11:05:52,30.17,0.02,10,30170,中性盘
1562,11:05:47,30.15,-0.01,41,123615,卖盘
1563,11:05:41,30.16,0.01,1,3016,卖盘
1564,11:05:37,30.15,-0.01,32,96480,卖盘
1565,11:05:32,30.16,-0.01,26,78416,买盘
1566,11:05:26,30.17,--,30,90510,买盘
1567,11:05:22,30.17,-0.01,19,57323,买盘
1568,11:05:17,30.18,--,0,0,买盘
1569,11:05:11,30.18,--,5,15090,卖盘
1570,11:05:07,30.18,-0.01,40,120720,卖盘
1571,11:05:01,30.19,--,12,36228,买盘
1572,11:04:52,30.19,--,24,72456,卖盘
1573,11:04:47,30.19,--,46,138874,卖盘
1574,11:04:41,30.19,-0.03,5,15095,卖盘
1575,11:04:37,30.22,--,211,637642,买盘
1576,11:04:31,30.22,-0.01,19,57418,卖盘
1577,11:04:26,30.23,0.01,4,12092,买盘
1578,11:04:22,30.22,--,5,15110,卖盘
1579,11:04:16,30.22,--,19,57418,卖盘
1580,11:04:11,30.22,-0.01,9,27198,卖盘
1581,11:04:07,30.23,-0.02,5,15115,中性盘
1582,11:04:01,30.25,--,110,332750,卖盘
1583,11:03:56,30.25,-0.01,53,160325,卖盘
1584,11:03:52,30.26,-0.01,19,57494,中性盘
1585,11:03:46,30.27,--,3,9081,买盘
1586,11:03:41,30.27,--,3,9081,买盘
1587,11:03:37,30.27,-0.02,158,478266,卖盘
1588,11:03:31,30.29,--,48,145392,买盘
1589,11:03:26,30.29,--,4,12116,买盘
1590,11:03:22,30.29,--,24,72696,买盘
1591,11:03:16,30.29,-0.01,154,466496,卖盘
1592,11:03:11,30.3,0.02,66,202979,买盘
1593,11:03:07,30.28,--,41,124148,卖盘
1594,11:03:01,30.28,--,40,121120,卖盘
1595,11:02:56,30.28,--,3,9084,卖盘
1596,11:02:52,30.28,0.06,119,360332,中性盘
1597,11:02:46,30.22,-0.03,55,166210,卖盘
1598,11:02:41,30.25,-0.03,182,550550,卖盘
1599,11:02:37,30.28,0.01,86,260408,买盘
1600,11:02:31,30.27,-0.01,28,84756,卖盘
1601,11:02:26,30.28,--,22,66616,买盘
1602,11:02:22,30.28,0.01,72,218016,买盘
1603,11:02:16,30.27,0.01,12,36324,买盘
1604,11:02:11,30.26,0.01,12,36312,买盘
1605,11:02:07,30.25,0.04,1,3025,买盘
1606,11:02:01,30.21,--,126,380646,卖盘
1607,11:01:56,30.21,--,34,102714,买盘
1608,11:01:52,30.21,--,82,247722,买盘
1609,11:01:46,30.21,0.01,18,54378,买盘
1610,11:01:41,30.2,--,18,54360,卖盘
1611,11:01:37,30.2,0.03,535,1615700,买盘
1612,11:01:31,30.17,--,165,497805,卖盘
1613,11:01:26,30.17,0.01,36,108612,买盘
1614,11:01:21,30.16,-0.01,29,87464,中性盘
1615,11:01:16,30.17,0.01,28,84476,买盘
1616,11:01:11,30.16,0.01,13,39208,中性盘
1617,11:01:01,30.15,--,54,162810,买盘
1618,11:00:56,30.15,--,40,120600,买盘
1619,11:00:51,30.15,--,2,6030,买盘
1620,11:00:46,30.15,0.02,14,42210,买盘
1621,11:00:41,30.13,--,226,680938,卖盘
1622,11:00:35,30.13,0.01,8,24104,卖盘
1623,11:00:31,30.12,-0.01,106,319272,卖盘
1624,11:00:26,30.13,--,11,33143,买盘
1625,11:00:20,30.13,-0.01,3,9039,卖盘
1626,11:00:16,30.14,--,81,244134,买盘
1627,11:00:11,30.14,--,57,171798,买盘
1628,11:00:05,30.14,-0.01,90,271260,卖盘
1629,11:00:01,30.15,--,43,129645,买盘
1630,10:59:56,30.15,0.01,108,325620,买盘
1631,10:59:50,30.14,--,31,93434,卖盘
1632,10:59:46,30.14,--,55,165770,买盘
1633,10:59:41,30.14,--,50,150700,买盘
1634,10:59:35,30.14,0.01,13,39182,买盘
1635,10:59:31,30.13,-0.01,13,39169,中性盘
1636,10:59:26,30.14,0.02,104,313456,买盘
1637,10:59:20,30.12,--,18,54216,买盘
1638,10:59:16,30.12,0.02,66,198792,买盘
1639,10:59:11,30.1,0.01,119,358190,买盘
1640,10:59:05,30.09,0.02,79,239546,买盘
1641,10:59:01,30.07,--,71,213497,买盘
1642,10:58:56,30.07,0.01,17,51119,买盘
1643,10:58:50,30.06,--,186,559116,买盘
1644,10:58:46,30.06,--,13,39078,买盘
1645,10:58:41,30.06,0.02,14,42084,买盘
1646,10:58:31,30.04,-0.01,11,33044,中性盘
1647,10:58:26,30.05,0.02,1064,3197320,买盘
1648,10:58:20,30.03,--,33,99099,卖盘
1649,10:58:16,30.03,0.01,64,194113,买盘
1650,10:58:11,30.02,--,23,69046,卖盘
1651,10:58:05,30.02,-0.01,41,123082,卖盘
1652,10:58:01,30.03,--,67,201201,买盘
1653,10:57:56,30.03,0.01,101,303303,买盘
1654,10:57:50,30.02,--,31,93062,卖盘
1655,10:57:46,30.02,--,7,21014,卖盘
1656,10:57:40,30.02,--,134,402268,买盘
1657,10:57:35,30.02,0.01,17,51034,买盘
1658,10:57:31,30.01,--,44,132044,卖盘
1659,10:57:25,30.01,--,10,30010,卖盘
1660,10:57:20,30.01,-0.01,45,135045,卖盘
1661,10:57:16,30.02,0.01,16,48032,买盘
1662,10:57:10,30.01,--,63,189063,卖盘
1663,10:57:05,30.01,--,9,27009,卖盘
1664,10:57:01,30.01,--,24,72024,卖盘
1665,10:56:55,30.01,--,18,54018,卖盘
1666,10:56:50,30.01,--,31,93031,卖盘
1667,10:56:46,30.01,0.01,189,568449,买盘
1668,10:56:40,30.0,-0.01,26,78000,卖盘
1669,10:56:35,30.01,0.01,37,111037,买盘
1670,10:56:31,30.0,-0.01,23,69000,卖盘
1671,10:56:25,30.01,--,114,342114,买盘
1672,10:56:16,30.01,0.01,47,141047,买盘
1673,10:56:10,30.0,-0.01,25,75000,卖盘
1674,10:56:05,30.01,0.01,13,39013,买盘
1675,10:56:01,30.0,-0.01,19,57000,卖盘
1676,10:55:55,30.01,--,15,45015,买盘
1677,10:55:45,30.01,--,29,87029,买盘
1678,10:55:40,30.01,-0.01,176,530516,卖盘
1679,10:55:35,30.02,--,23,69046,买盘
1680,10:55:30,30.02,0.01,18,54036,买盘
1681,10:55:25,30.01,--,8,24008,卖盘
1682,10:55:20,30.01,--,46,138046,卖盘
1683,10:55:10,30.01,--,39,117039,卖盘
1684,10:55:05,30.01,--,103,309763,买盘
1685,10:55:01,30.01,0.01,8,24008,买盘
1686,10:54:55,30.0,-0.01,12,36000,卖盘
1687,10:54:50,30.01,0.01,28,84028,买盘
1688,10:54:45,30.0,-0.01,339,1017000,卖盘
1689,10:54:40,30.01,--,31,93031,买盘
1690,10:54:35,30.01,0.01,35,105035,买盘
1691,10:54:30,30.0,-0.01,2,6000,卖盘
1692,10:54:25,30.01,--,14,42014,买盘
1693,10:54:20,30.01,0.01,27,81027,买盘
1694,10:54:15,30.0,--,4,12000,卖盘
1695,10:54:10,30.0,--,14,42000,卖盘
1696,10:54:05,30.0,--,20,60000,卖盘
1697,10:54:00,30.0,0.01,105,315000,买盘
1698,10:53:55,29.99,--,6,17994,卖盘
1699,10:53:50,29.99,--,75,224925,卖盘
1700,10:53:44,29.99,--,2,5998,卖盘
1701,10:53:40,29.99,--,30,89970,卖盘
1702,10:53:35,29.99,-0.01,15,44985,卖盘
1703,10:53:30,30.0,--,56,168000,买盘
1704,10:53:25,30.0,0.01,57,171000,买盘
1705,10:53:20,29.99,-0.01,85,254915,卖盘
1706,10:53:14,30.0,--,20,60000,买盘
1707,10:53:10,30.0,-0.02,865,2595000,卖盘
1708,10:53:05,30.02,-0.01,22,66044,中性盘
1709,10:52:55,30.03,0.02,29,87087,买盘
1710,10:52:50,30.01,--,312,936312,卖盘
1711,10:52:40,30.01,--,12,36012,卖盘
1712,10:52:35,30.01,0.01,9,27009,卖盘
1713,10:52:29,30.0,--,53,159000,卖盘
1714,10:52:25,30.0,--,33,99000,卖盘
1715,10:52:20,30.0,--,0,0,卖盘
1716,10:52:14,30.0,--,69,207000,卖盘
1717,10:52:10,30.0,--,6,18000,卖盘
1718,10:52:05,30.0,--,34,102000,卖盘
1719,10:51:59,30.0,0.01,1,3000,中性盘
1720,10:51:55,29.99,--,40,119960,买盘
1721,10:51:50,29.99,--,46,137954,买盘
1722,10:51:40,29.99,--,0,0,卖盘
1723,10:51:35,29.99,--,14,41986,卖盘
1724,10:51:29,29.99,-0.03,3,8997,卖盘
1725,10:51:25,30.02,0.04,20,60040,买盘
1726,10:51:20,29.98,--,56,167888,卖盘
1727,10:51:14,29.98,--,8,23984,卖盘
1728,10:51:10,29.98,-0.02,47,140906,卖盘
1729,10:51:04,30.0,--,13,39000,卖盘
1730,10:50:55,30.0,-0.02,57,171000,中性盘
1731,10:50:50,30.02,--,736,2209502,卖盘
1732,10:50:44,30.02,--,1,3002,卖盘
1733,10:50:40,30.02,--,23,69046,卖盘
1734,10:50:35,30.02,-0.01,11,33022,卖盘
1735,10:50:29,30.03,--,5,15015,买盘
1736,10:50:25,30.03,--,7,21021,买盘
1737,10:50:19,30.03,--,23,69069,卖盘
1738,10:50:14,30.03,0.02,9,27027,中性盘
1739,10:50:10,30.01,-0.02,22,68992,卖盘
1740,10:50:04,30.03,--,32,96096,买盘
1741,10:49:59,30.03,--,6,18018,买盘
1742,10:49:55,30.03,0.01,70,210210,买盘
1743,10:49:49,30.02,-0.01,42,126084,卖盘
1744,10:49:44,30.03,--,8,24024,买盘
1745,10:49:40,30.03,--,24,72072,买盘
1746,10:49:34,30.03,0.01,79,237237,买盘
1747,10:49:24,30.02,-0.01,4,12008,卖盘
1748,10:49:19,30.03,--,58,174174,买盘
1749,10:49:14,30.03,--,14,42042,买盘
1750,10:49:10,30.03,--,48,144174,卖盘
1751,10:49:04,30.03,-0.01,171,516485,卖盘
1752,10:48:59,30.04,--,8,24032,买盘
1753,10:48:55,30.04,0.01,33,99132,买盘
1754,10:48:49,30.03,-0.01,53,159159,卖盘
1755,10:48:44,30.04,0.01,43,129172,买盘
1756,10:48:39,30.03,--,11,33033,卖盘
1757,10:48:34,30.03,-0.01,30,90090,卖盘
1758,10:48:29,30.04,0.01,5,15020,中性盘
1759,10:48:24,30.03,--,11,33033,卖盘
1760,10:48:19,30.03,0.01,268,804804,买盘
1761,10:48:14,30.02,--,47,141094,卖盘
1762,10:48:09,30.02,-0.01,37,111074,卖盘
1763,10:48:04,30.03,--,208,624624,买盘
1764,10:47:59,30.03,-0.01,145,435435,卖盘
1765,10:47:54,30.04,0.01,9,27036,买盘
1766,10:47:49,30.03,-0.02,21,63063,卖盘
1767,10:47:44,30.05,0.01,22,66110,买盘
1768,10:47:34,30.04,-0.01,171,513714,卖盘
1769,10:47:29,30.05,0.02,192,579934,买盘
1770,10:47:24,30.03,0.02,59,177177,买盘
1771,10:47:19,30.01,-0.03,78,234078,卖盘
1772,10:47:14,30.04,0.03,444,1333776,买盘
1773,10:47:09,30.01,--,12,36012,卖盘
1774,10:47:04,30.01,-0.01,29,87029,卖盘
1775,10:46:59,30.02,0.01,42,126084,买盘
1776,10:46:54,30.01,--,11,33011,卖盘
1777,10:46:49,30.01,-0.01,94,282094,卖盘
1778,10:46:44,30.02,0.01,49,147098,买盘
1779,10:46:39,30.01,-0.01,7,21007,卖盘
1780,10:46:34,30.02,--,118,354236,买盘
1781,10:46:29,30.02,0.01,90,270180,买盘
1782,10:46:24,30.01,-0.01,15,45015,卖盘
1783,10:46:19,30.02,0.01,48,144096,中性盘
1784,10:46:14,30.01,--,6,18006,卖盘
1785,10:46:09,30.01,-0.01,82,246082,卖盘
1786,10:46:04,30.02,0.01,208,624416,买盘
1787,10:45:59,30.01,--,72,216072,买盘
1788,10:45:53,30.01,0.02,202,606202,买盘
1789,10:45:49,29.99,-0.01,36,107964,卖盘
1790,10:45:44,30.0,0.01,71,213000,买盘
1791,10:45:38,29.99,0.03,6,17994,卖盘
1792,10:45:34,29.96,-0.04,31,92876,卖盘
1793,10:45:29,30.0,0.02,131,393000,买盘
1794,10:45:23,29.98,0.01,16,47968,买盘
1795,10:45:19,29.97,-0.02,27,80919,中性盘
1796,10:45:14,29.99,0.01,17,50983,买盘
1797,10:45:08,29.98,0.02,9,26982,买盘
1798,10:45:04,29.96,0.04,98,293608,买盘
1799,10:44:59,29.92,-0.01,5,14960,卖盘
1800,10:44:53,29.93,-0.02,4,11972,中性盘
1801,10:44:49,29.95,--,31,92845,买盘
1802,10:44:44,29.95,-0.02,9,26955,中性盘
1803,10:44:38,29.97,0.02,25,74925,买盘
1804,10:44:34,29.95,--,46,137770,买盘
1805,10:44:29,29.95,-0.01,98,293749,卖盘
1806,10:44:23,29.96,--,4,11984,卖盘
1807,10:44:19,29.96,--,39,116844,买盘
1808,10:44:14,29.96,0.01,59,176764,买盘
1809,10:44:08,29.95,--,8,23960,卖盘
1810,10:44:04,29.95,-0.01,324,970380,卖盘
1811,10:43:59,29.96,0.01,35,107616,买盘
1812,10:43:53,29.95,--,44,131780,买盘
1813,10:43:49,29.95,--,90,269550,买盘
1814,10:43:44,29.95,0.01,23,68885,买盘
1815,10:43:38,29.94,--,6,17964,卖盘
1816,10:43:34,29.94,--,6,17964,卖盘
1817,10:43:28,29.94,0.01,61,182634,买盘
1818,10:43:23,29.93,--,9,26937,买盘
1819,10:43:19,29.93,--,7,20951,买盘
1820,10:43:13,29.93,0.01,9,26937,买盘
1821,10:43:08,29.92,-0.02,4,11968,卖盘
1822,10:43:04,29.94,0.02,26,77844,买盘
1823,10:42:58,29.92,--,102,305184,卖盘
1824,10:42:53,29.92,--,7,20944,卖盘
1825,10:42:43,29.92,--,35,104720,卖盘
1826,10:42:38,29.92,--,27,80784,买盘
1827,10:42:34,29.92,--,11,32912,买盘
1828,10:42:28,29.92,0.01,23,68816,买盘
1829,10:42:23,29.91,-0.01,24,71784,卖盘
1830,10:42:18,29.92,-0.01,1,2992,买盘
1831,10:42:13,29.93,--,5,14965,卖盘
1832,10:42:08,29.93,0.01,16,47888,买盘
1833,10:42:03,29.92,0.02,74,224100,买盘
1834,10:41:58,29.9,-0.01,4,11960,卖盘
1835,10:41:53,29.91,--,58,173478,买盘
1836,10:41:48,29.91,--,142,424722,买盘
1837,10:41:43,29.91,0.01,74,221334,买盘
1838,10:41:38,29.9,-0.01,18,53820,卖盘
1839,10:41:33,29.91,--,2,5982,买盘
1840,10:41:28,29.91,--,173,517443,卖盘
1841,10:41:23,29.91,--,4,11964,卖盘
1842,10:41:18,29.91,--,2,5982,卖盘
1843,10:41:13,29.91,-0.01,31,92721,卖盘
1844,10:41:08,29.92,--,8,23936,卖盘
1845,10:41:03,29.92,-0.03,5,14960,卖盘
1846,10:40:58,29.95,0.03,71,212645,买盘
1847,10:40:53,29.92,--,40,119680,卖盘
1848,10:40:48,29.92,--,40,119680,卖盘
1849,10:40:43,29.92,-0.01,45,134640,卖盘
1850,10:40:38,29.93,-0.01,28,83804,卖盘
1851,10:40:33,29.94,--,19,56886,买盘
1852,10:40:28,29.94,0.01,6,17964,买盘
1853,10:40:23,29.93,--,13,38909,卖盘
1854,10:40:13,29.93,--,22,65846,卖盘
1855,10:40:08,29.93,--,2,5986,卖盘
1856,10:40:03,29.93,-0.02,6,17958,卖盘
1857,10:39:58,29.95,--,46,137770,买盘
1858,10:39:53,29.95,--,33,98835,卖盘
1859,10:39:48,29.95,0.01,27,80865,买盘
1860,10:39:43,29.94,--,67,200598,卖盘
1861,10:39:38,29.94,--,52,155688,卖盘
1862,10:39:33,29.94,-0.01,4,11976,卖盘
1863,10:39:28,29.95,--,48,143760,买盘
1864,10:39:23,29.95,--,23,69933,卖盘
1865,10:39:17,29.95,--,43,130731,买盘
1866,10:39:13,29.95,--,33,98835,卖盘
1867,10:39:08,29.95,-0.01,9,26955,卖盘
1868,10:39:03,29.96,-0.01,157,470372,卖盘
1869,10:38:58,29.97,0.01,12,35964,买盘
1870,10:38:53,29.96,0.02,47,140812,卖盘
1871,10:38:47,29.94,-0.01,16,47904,卖盘
1872,10:38:43,29.95,-0.01,185,554075,卖盘
1873,10:38:38,29.96,--,38,113848,买盘
1874,10:38:32,29.96,0.01,14,41944,买盘
1875,10:38:28,29.95,--,9,26955,卖盘
1876,10:38:23,29.95,0.01,81,242595,买盘
1877,10:38:17,29.94,--,14,41916,卖盘
1878,10:38:13,29.94,-0.01,33,98802,买盘
1879,10:38:08,29.95,0.03,24,71880,买盘
1880,10:38:02,29.92,--,7,20944,卖盘
1881,10:37:58,29.92,-0.01,48,143616,卖盘
1882,10:37:53,29.93,-0.01,129,386097,卖盘
1883,10:37:47,29.94,--,7,20958,卖盘
1884,10:37:43,29.94,0.01,43,128742,买盘
1885,10:37:38,29.93,0.01,21,62853,中性盘
1886,10:37:32,29.92,-0.02,12,35904,卖盘
1887,10:37:28,29.94,0.03,23,68862,买盘
1888,10:37:23,29.91,--,85,254235,卖盘
1889,10:37:17,29.91,--,34,101694,买盘
1890,10:37:13,29.91,--,108,323028,卖盘
1891,10:37:08,29.91,-0.01,97,290127,卖盘
1892,10:36:58,29.92,0.01,26,77792,买盘
1893,10:36:53,29.91,-0.01,32,95712,卖盘
1894,10:36:47,29.92,-0.01,18,53856,卖盘
1895,10:36:43,29.93,-0.02,106,317258,中性盘
1896,10:36:38,29.95,0.03,371,1111145,买盘
1897,10:36:28,29.92,-0.03,5,14960,卖盘
1898,10:36:23,29.95,--,21,62895,卖盘
1899,10:36:17,29.95,0.03,5,14975,中性盘
1900,10:36:13,29.92,-0.05,161,481712,卖盘
1901,10:36:08,29.97,-0.01,11,32967,卖盘
1902,10:36:02,29.98,--,12,35976,买盘
1903,10:35:57,29.98,-0.02,75,224850,卖盘
1904,10:35:52,30.0,-0.02,292,877020,卖盘
1905,10:35:47,30.02,0.02,209,627418,买盘
1906,10:35:42,30.0,--,622,1866000,卖盘
1907,10:35:37,30.0,--,180,540000,卖盘
1908,10:35:32,30.0,-0.01,355,1065000,卖盘
1909,10:35:27,30.01,--,18,54018,买盘
1910,10:35:22,30.01,-0.01,45,135045,卖盘
1911,10:35:17,30.02,0.01,224,672448,买盘
1912,10:35:12,30.01,--,5,15005,卖盘
1913,10:35:07,30.01,--,141,423141,卖盘
1914,10:35:02,30.01,-0.01,103,309103,卖盘
1915,10:34:57,30.02,--,89,267178,买盘
1916,10:34:52,30.02,0.01,181,543362,买盘
1917,10:34:47,30.01,-0.02,51,153051,卖盘
1918,10:34:42,30.03,--,39,117117,卖盘
1919,10:34:37,30.03,0.02,232,696696,买盘
1920,10:34:32,30.01,-0.02,25,75025,卖盘
1921,10:34:27,30.03,0.01,11,33033,买盘
1922,10:34:22,30.02,-0.02,43,129086,卖盘
1923,10:34:17,30.04,--,21,63084,卖盘
1924,10:34:12,30.04,--,48,144192,卖盘
1925,10:34:07,30.04,--,349,1048396,买盘
1926,10:34:02,30.04,--,22,66088,买盘
1927,10:33:57,30.04,--,35,105140,买盘
1928,10:33:52,30.04,0.01,164,492656,买盘
1929,10:33:47,30.03,--,109,327327,买盘
1930,10:33:42,30.03,--,7,21021,买盘
1931,10:33:37,30.03,-0.01,82,246246,卖盘
1932,10:33:32,30.04,-0.01,185,555740,卖盘
1933,10:33:27,30.05,--,325,976625,卖盘
1934,10:33:22,30.05,--,151,453755,卖盘
1935,10:33:17,30.05,-0.01,116,348580,卖盘
1936,10:33:12,30.06,0.04,722,2170332,买盘
1937,10:33:07,30.02,--,105,315210,卖盘
1938,10:33:02,30.02,--,65,195130,卖盘
1939,10:32:57,30.02,-0.01,47,141094,卖盘
1940,10:32:52,30.03,--,450,1351350,卖盘
1941,10:32:47,30.03,0.01,263,789789,买盘
1942,10:32:42,30.02,--,26,78052,买盘
1943,10:32:37,30.02,-0.01,67,201134,卖盘
1944,10:32:32,30.03,0.01,314,942942,买盘
1945,10:32:27,30.02,--,17,51034,买盘
1946,10:32:22,30.02,-0.01,168,504336,卖盘
1947,10:32:17,30.03,--,264,792792,买盘
1948,10:32:12,30.03,0.01,100,300300,买盘
1949,10:32:07,30.02,-0.02,396,1188792,卖盘
1950,10:32:02,30.04,0.02,369,1108476,买盘
1951,10:31:57,30.02,-0.01,60,180120,卖盘
1952,10:31:52,30.03,0.01,89,267267,买盘
1953,10:31:47,30.02,0.01,196,588392,买盘
1954,10:31:42,30.01,-0.01,197,591197,卖盘
1955,10:31:37,30.02,--,418,1254836,买盘
1956,10:31:32,30.02,--,68,204136,买盘
1957,10:31:26,30.02,--,48,144096,卖盘
1958,10:31:22,30.02,-0.01,14,42028,卖盘
1959,10:31:17,30.03,0.02,95,285285,买盘
1960,10:31:11,30.01,--,66,198066,卖盘
1961,10:31:07,30.01,0.03,1061,3186041,买盘
1962,10:31:02,29.98,--,32,95936,买盘
1963,10:30:56,29.98,0.01,11,32978,买盘
1964,10:30:52,29.97,--,49,146853,卖盘
1965,10:30:47,29.97,0.04,327,980019,买盘
1966,10:30:41,29.93,-0.03,104,311272,卖盘
1967,10:30:37,29.96,-0.01,60,179760,卖盘
1968,10:30:32,29.97,--,86,257742,买盘
1969,10:30:26,29.97,--,47,140859,买盘
1970,10:30:22,29.97,--,131,392607,买盘
1971,10:30:17,29.97,-0.01,126,377622,卖盘
1972,10:30:11,29.98,--,59,176882,买盘
1973,10:30:06,29.98,--,10,29980,买盘
1974,10:30:02,29.98,--,30,89940,买盘
1975,10:29:56,29.98,0.01,55,164890,买盘
1976,10:29:51,29.97,--,203,608391,买盘
1977,10:29:47,29.97,0.01,52,155844,买盘
1978,10:29:41,29.96,--,73,218708,卖盘
1979,10:29:36,29.96,--,38,113848,卖盘
1980,10:29:31,29.96,--,113,338548,卖盘
1981,10:29:26,29.96,--,114,341544,卖盘
1982,10:29:21,29.96,0.04,7,20972,买盘
1983,10:29:16,29.92,-0.03,344,1029248,卖盘
1984,10:29:11,29.95,--,237,710833,卖盘
1985,10:29:06,29.95,--,55,164725,卖盘
1986,10:29:01,29.95,--,94,281530,卖盘
1987,10:28:56,29.95,--,187,560065,卖盘
1988,10:28:51,29.95,--,280,838600,卖盘
1989,10:28:46,29.95,-0.01,127,380365,卖盘
1990,10:28:41,29.96,--,194,581224,卖盘
1991,10:28:36,29.96,-0.02,26,77896,卖盘
1992,10:28:31,29.98,--,213,638574,买盘
1993,10:28:26,29.98,0.02,32,95936,买盘
1994,10:28:21,29.96,-0.04,68,203728,卖盘
1995,10:28:16,30.0,--,32,96000,卖盘
1996,10:28:11,30.0,--,179,537000,卖盘
1997,10:28:06,30.0,0.03,901,2703000,买盘
1998,10:28:01,29.97,-0.02,686,2055942,卖盘
1999,10:27:56,29.99,0.02,148,443852,买盘
2000,10:27:51,29.97,--,99,296703,卖盘
2001,10:27:46,29.97,--,17,50949,卖盘
2002,10:27:41,29.97,-0.02,88,265714,中性盘
2003,10:27:36,29.99,0.02,313,938687,买盘
2004,10:27:31,29.97,--,101,302697,买盘
2005,10:27:26,29.97,-0.03,110,329670,中性盘
2006,10:27:21,30.0,--,309,927000,买盘
2007,10:27:16,30.0,--,58,174000,买盘
2008,10:27:11,30.0,--,168,504000,买盘
2009,10:27:06,30.0,-0.01,274,822000,卖盘
2010,10:27:01,30.01,0.01,30,90030,买盘
2011,10:26:56,30.0,--,87,261000,卖盘
2012,10:26:51,30.0,--,53,159000,买盘
2013,10:26:46,30.0,0.01,250,750000,买盘
2014,10:26:40,29.99,--,66,197934,卖盘
2015,10:26:36,29.99,0.02,94,281906,买盘
2016,10:26:31,29.97,0.01,130,389610,买盘
2017,10:26:26,29.96,-0.02,364,1090544,卖盘
2018,10:26:21,29.98,0.01,97,290806,买盘
2019,10:26:16,29.97,0.01,220,659340,买盘
2020,10:26:10,29.96,-0.02,26,77896,卖盘
2021,10:26:06,29.98,0.03,25,74950,买盘
2022,10:26:01,29.95,--,62,185690,卖盘
2023,10:25:56,29.95,0.05,348,1042260,买盘
2024,10:25:51,29.9,-0.05,52,155480,卖盘
2025,10:25:46,29.95,0.04,148,443260,买盘
2026,10:25:40,29.91,-0.05,140,418740,卖盘
2027,10:25:36,29.96,-0.04,24,71904,卖盘
2028,10:25:31,30.0,0.1,731,2193000,买盘
2029,10:25:26,29.9,-0.07,154,460460,卖盘
2030,10:25:21,29.97,0.01,169,506493,买盘
2031,10:25:16,29.96,--,153,458388,买盘
2032,10:25:11,29.96,--,138,413448,卖盘
2033,10:25:06,29.96,-0.01,72,215712,卖盘
2034,10:25:01,29.97,0.03,223,668331,买盘
2035,10:24:56,29.94,-0.02,201,601794,卖盘
2036,10:24:51,29.96,-0.02,251,751996,卖盘
2037,10:24:46,29.98,--,325,974350,买盘
2038,10:24:40,29.98,-0.01,93,280313,卖盘
2039,10:24:35,29.99,--,110,331389,买盘
2040,10:24:31,29.99,0.01,108,323892,买盘
2041,10:24:25,29.98,--,505,1513990,卖盘
2042,10:24:21,29.98,0.02,277,830446,买盘
2043,10:24:16,29.96,0.04,112,335552,买盘
2044,10:24:10,29.92,-0.06,556,1663552,卖盘
2045,10:24:06,29.98,0.07,160,479680,买盘
2046,10:24:01,29.91,--,262,783642,买盘
2047,10:23:55,29.91,--,202,604182,买盘
2048,10:23:49,29.91,0.01,155,463605,买盘
2049,10:23:46,29.9,0.05,673,2012270,买盘
2050,10:23:40,29.85,--,55,164175,卖盘
2051,10:23:34,29.85,0.05,244,730160,买盘
2052,10:23:31,29.8,-0.04,369,1099620,卖盘
2053,10:23:25,29.84,--,141,420744,买盘
2054,10:23:19,29.84,0.03,11,32824,买盘
2055,10:23:16,29.81,0.01,100,298100,买盘
2056,10:23:10,29.8,0.07,834,2485320,买盘
2057,10:23:05,29.73,0.01,112,332976,买盘
2058,10:23:00,29.72,-0.01,35,104020,卖盘
2059,10:22:55,29.73,--,135,401355,买盘
2060,10:22:49,29.73,0.01,84,249732,买盘
2061,10:22:45,29.72,--,45,133740,买盘
2062,10:22:40,29.72,-0.01,53,157516,中性盘
2063,10:22:34,29.73,-0.02,132,392436,卖盘
2064,10:22:30,29.75,0.01,132,392700,买盘
2065,10:22:25,29.74,0.03,67,199258,中性盘
2066,10:22:19,29.71,-0.01,203,603113,卖盘
2067,10:22:15,29.72,-0.01,35,104020,卖盘
2068,10:22:10,29.73,0.02,540,1606906,买盘
2069,10:22:04,29.71,-0.01,109,325324,卖盘
2070,10:22:00,29.72,0.01,84,249648,买盘
2071,10:21:55,29.71,-0.01,62,184202,卖盘
2072,10:21:49,29.72,0.02,126,374472,买盘
2073,10:21:45,29.7,0.07,1024,3042765,买盘
2074,10:21:40,29.63,--,71,210373,卖盘
2075,10:21:34,29.63,-0.02,44,130372,卖盘
2076,10:21:30,29.65,0.01,220,652300,买盘
2077,10:21:25,29.64,--,56,165984,买盘
2078,10:21:19,29.64,0.01,22,65208,买盘
2079,10:21:15,29.63,--,72,213336,卖盘
2080,10:21:10,29.63,--,197,583711,卖盘
2081,10:21:04,29.63,--,4,11852,卖盘
2082,10:21:00,29.63,--,47,139261,卖盘
2083,10:20:55,29.63,-0.01,26,77038,卖盘
2084,10:20:49,29.64,0.01,28,82992,买盘
2085,10:20:45,29.63,-0.01,30,88890,卖盘
2086,10:20:40,29.64,--,39,115596,卖盘
2087,10:20:34,29.64,-0.01,57,168948,卖盘
2088,10:20:30,29.65,--,16,47440,买盘
2089,10:20:25,29.65,--,48,142320,买盘
2090,10:20:19,29.65,0.01,89,263885,买盘
2091,10:20:15,29.64,-0.01,7,20748,卖盘
2092,10:20:10,29.65,0.02,14,41510,买盘
2093,10:20:04,29.63,-0.01,45,133335,卖盘
2094,10:20:00,29.64,0.01,5,14820,买盘
2095,10:19:55,29.63,--,20,59260,卖盘
2096,10:19:49,29.63,-0.01,160,474080,卖盘
2097,10:19:45,29.64,-0.01,9,26676,卖盘
2098,10:19:40,29.65,-0.01,112,332080,买盘
2099,10:19:34,29.66,--,23,68218,买盘
2100,10:19:30,29.66,--,16,47456,买盘
2101,10:19:25,29.66,-0.02,108,320328,中性盘
2102,10:19:19,29.68,--,208,617344,买盘
2103,10:19:10,29.68,0.02,31,92008,买盘
2104,10:19:04,29.66,-0.02,57,169062,卖盘
2105,10:19:00,29.68,0.03,375,1113000,买盘
2106,10:18:55,29.65,-0.01,195,578175,卖盘
2107,10:18:49,29.66,0.01,69,204654,买盘
2108,10:18:45,29.65,0.01,611,1811615,买盘
2109,10:18:40,29.64,0.01,22,65208,买盘
2110,10:18:34,29.63,-0.01,5,14815,中性盘
2111,10:18:30,29.64,0.01,34,100776,买盘
2112,10:18:25,29.63,0.01,33,97779,中性盘
2113,10:18:19,29.62,--,43,127366,卖盘
2114,10:18:15,29.62,-0.02,4,11848,卖盘
2115,10:18:10,29.64,0.02,15,44460,买盘
2116,10:18:04,29.62,-0.02,6,17772,卖盘
2117,10:18:00,29.64,--,21,62244,卖盘
2118,10:17:55,29.64,--,98,290472,买盘
2119,10:17:49,29.64,--,133,394212,买盘
2120,10:17:45,29.64,0.01,175,518700,买盘
2121,10:17:40,29.63,-0.01,38,112594,卖盘
2122,10:17:34,29.64,-0.01,34,100776,卖盘
2123,10:17:30,29.65,0.01,11,32615,买盘
2124,10:17:25,29.64,--,51,151164,卖盘
2125,10:17:19,29.64,-0.01,27,80028,卖盘
2126,10:17:15,29.65,0.03,197,584846,买盘
2127,10:17:10,29.62,-0.01,44,130328,中性盘
2128,10:17:04,29.63,0.01,22,65186,买盘
2129,10:17:00,29.62,-0.02,65,192530,卖盘
2130,10:16:55,29.64,-0.01,36,108927,卖盘
2131,10:16:49,29.65,0.01,188,557420,买盘
2132,10:16:40,29.64,-0.01,54,160056,中性盘
2133,10:16:34,29.65,0.01,470,1393550,买盘
2134,10:16:28,29.64,0.02,98,291213,买盘
2135,10:16:24,29.62,-0.01,21,62202,卖盘
2136,10:16:19,29.63,0.02,78,231114,买盘
2137,10:16:13,29.61,-0.01,58,171738,卖盘
2138,10:16:10,29.62,-0.01,30,88860,卖盘
2139,10:16:04,29.63,--,44,130372,买盘
2140,10:15:58,29.63,0.02,137,405931,买盘
2141,10:15:54,29.61,0.01,33,97713,中性盘
2142,10:15:49,29.6,--,65,192400,卖盘
2143,10:15:43,29.6,--,81,239760,买盘
2144,10:15:39,29.6,--,8,23680,买盘
2145,10:15:34,29.6,0.01,37,109520,买盘
2146,10:15:28,29.59,--,36,106524,买盘
2147,10:15:24,29.59,0.03,1,2959,中性盘
2148,10:15:19,29.56,-0.02,18,53208,卖盘
2149,10:15:13,29.58,--,52,153816,买盘
2150,10:15:09,29.58,--,17,50286,买盘
2151,10:15:04,29.58,--,148,437784,卖盘
2152,10:14:58,29.58,-0.01,43,127193,卖盘
2153,10:14:54,29.59,-0.01,12,35508,中性盘
2154,10:14:49,29.6,0.02,20,59200,买盘
2155,10:14:43,29.58,-0.02,20,59160,卖盘
2156,10:14:39,29.6,0.02,2,5920,买盘
2157,10:14:34,29.58,-0.02,67,198186,卖盘
2158,10:14:28,29.6,-0.01,25,74000,卖盘
2159,10:14:24,29.61,-0.01,5,14805,买盘
2160,10:14:19,29.62,0.01,43,127366,买盘
2161,10:14:13,29.61,--,28,82908,卖盘
2162,10:14:09,29.61,--,20,59220,卖盘
2163,10:14:04,29.61,-0.01,2,5922,卖盘
2164,10:13:58,29.62,--,5,14810,卖盘
2165,10:13:54,29.62,--,10,29620,卖盘
2166,10:13:49,29.62,--,29,85898,卖盘
2167,10:13:43,29.62,--,52,154024,卖盘
2168,10:13:39,29.62,0.02,66,195492,买盘
2169,10:13:34,29.6,--,89,263440,卖盘
2170,10:13:28,29.6,--,2,5920,卖盘
2171,10:13:24,29.6,--,6,17760,卖盘
2172,10:13:19,29.6,--,15,44400,买盘
2173,10:13:13,29.6,--,13,38480,买盘
2174,10:13:09,29.6,--,5,14800,买盘
2175,10:13:04,29.6,-0.03,41,121360,卖盘
2176,10:12:58,29.63,--,31,91853,卖盘
2177,10:12:54,29.63,--,29,85927,卖盘
2178,10:12:49,29.63,0.07,67,198521,买盘
2179,10:12:43,29.56,-0.02,13,38428,卖盘
2180,10:12:39,29.58,0.02,53,156774,买盘
2181,10:12:34,29.56,-0.07,8,23648,卖盘
2182,10:12:28,29.63,--,68,201484,买盘
2183,10:12:24,29.63,0.03,70,207410,买盘
2184,10:12:19,29.6,0.01,1,2960,卖盘
2185,10:12:13,29.59,--,10,29590,卖盘
2186,10:12:09,29.59,0.04,1,2959,卖盘
2187,10:12:04,29.55,-0.04,36,106380,卖盘
2188,10:11:58,29.59,-0.05,10,29590,买盘
2189,10:11:54,29.64,--,0,0,买盘
2190,10:11:49,29.64,-0.01,64,189696,中性盘
2191,10:11:43,29.65,-0.02,39,115635,卖盘
2192,10:11:39,29.67,--,117,347139,卖盘
2193,10:11:34,29.67,0.09,253,750651,买盘
2194,10:11:28,29.58,-0.01,131,387498,卖盘
2195,10:11:24,29.59,-0.07,1,2959,卖盘
2196,10:11:19,29.66,0.07,50,148300,买盘
2197,10:11:13,29.59,-0.07,21,62139,卖盘
2198,10:11:09,29.66,-0.01,74,219484,卖盘
2199,10:11:04,29.67,0.01,209,620103,买盘
2200,10:10:58,29.66,--,15,44490,卖盘
2201,10:10:54,29.66,0.11,653,1936798,买盘
2202,10:10:48,29.55,--,204,602820,卖盘
2203,10:10:43,29.55,-0.03,69,203895,卖盘
2204,10:10:39,29.58,-0.01,130,384540,卖盘
2205,10:10:34,29.59,--,32,94688,卖盘
2206,10:10:28,29.59,--,62,183458,买盘
2207,10:10:24,29.59,0.03,63,186417,买盘
2208,10:10:19,29.56,-0.03,16,47296,中性盘
2209,10:10:13,29.59,--,6,17754,买盘
2210,10:10:09,29.59,--,24,71016,中性盘
2211,10:10:03,29.59,-0.01,7,20713,卖盘
2212,10:09:58,29.6,-0.01,17,50320,买盘
2213,10:09:52,29.61,0.01,89,263529,买盘
2214,10:09:48,29.6,--,0,0,中性盘
2215,10:09:43,29.6,--,12,35520,卖盘
2216,10:09:39,29.6,--,35,103600,买盘
2217,10:09:33,29.6,-0.01,96,284160,卖盘
2218,10:09:28,29.61,0.01,39,115479,买盘
2219,10:09:24,29.6,--,22,65120,卖盘
2220,10:09:13,29.6,--,26,76960,卖盘
2221,10:09:07,29.6,--,165,488400,买盘
2222,10:09:03,29.6,0.01,2,5920,买盘
2223,10:08:58,29.59,--,16,47344,卖盘
2224,10:08:52,29.59,--,19,56221,卖盘
2225,10:08:48,29.59,-0.01,11,32549,卖盘
2226,10:08:43,29.6,--,101,298960,卖盘
2227,10:08:37,29.6,--,15,44400,卖盘
2228,10:08:33,29.6,-0.02,2,5920,中性盘
2229,10:08:28,29.62,0.02,40,118480,买盘
2230,10:08:22,29.6,-0.03,118,349280,卖盘
2231,10:08:18,29.63,--,33,97779,买盘
2232,10:08:13,29.63,0.01,11,32593,买盘
2233,10:08:07,29.62,-0.01,26,77012,中性盘
2234,10:08:03,29.63,0.01,17,50371,买盘
2235,10:07:58,29.62,--,50,148100,卖盘
2236,10:07:52,29.62,-0.01,25,74050,卖盘
2237,10:07:48,29.63,0.02,38,112594,买盘
2238,10:07:43,29.61,--,24,71064,卖盘
2239,10:07:37,29.61,--,70,207270,卖盘
2240,10:07:33,29.61,--,31,91791,卖盘
2241,10:07:28,29.61,--,145,429345,卖盘
2242,10:07:22,29.61,--,54,159894,卖盘
2243,10:07:18,29.61,-0.02,21,62181,卖盘
2244,10:07:13,29.63,--,8,23704,买盘
2245,10:07:07,29.63,-0.03,42,124446,卖盘
2246,10:07:03,29.66,--,0,0,买盘
2247,10:06:58,29.66,0.01,145,430070,买盘
2248,10:06:52,29.65,-0.03,25,74125,卖盘
2249,10:06:48,29.68,0.03,36,106848,买盘
2250,10:06:43,29.65,--,40,118600,卖盘
2251,10:06:37,29.65,-0.03,55,163075,卖盘
2252,10:06:33,29.68,0.04,12,35616,买盘
2253,10:06:28,29.64,-0.03,45,133380,卖盘
2254,10:06:22,29.67,0.02,15,44505,买盘
2255,10:06:18,29.65,-0.02,12,35580,卖盘
2256,10:06:13,29.67,-0.02,2,5934,中性盘
2257,10:06:07,29.69,--,17,50473,买盘
2258,10:06:03,29.69,0.06,75,222675,买盘
2259,10:05:58,29.63,-0.06,39,115557,卖盘
2260,10:05:52,29.69,0.01,62,184078,买盘
2261,10:05:48,29.68,-0.03,73,216664,卖盘
2262,10:05:43,29.71,0.01,181,537751,买盘
2263,10:05:37,29.7,-0.01,24,71280,卖盘
2264,10:05:33,29.71,0.01,53,157463,买盘
2265,10:05:28,29.7,--,37,109890,卖盘
2266,10:05:22,29.7,0.08,735,2182950,买盘
2267,10:05:18,29.62,0.01,9,26658,中性盘
2268,10:05:13,29.61,--,73,216153,卖盘
2269,10:05:07,29.61,0.01,57,168777,买盘
2270,10:05:03,29.6,--,32,94720,卖盘
2271,10:04:58,29.6,--,23,68080,卖盘
2272,10:04:52,29.6,0.06,148,438080,买盘
2273,10:04:42,29.54,-0.05,40,118160,卖盘
2274,10:04:37,29.59,-0.01,67,198253,中性盘
2275,10:04:33,29.6,--,36,106560,买盘
2276,10:04:28,29.6,-0.01,18,53280,买盘
2277,10:04:22,29.61,0.01,45,133245,买盘
2278,10:04:18,29.6,--,20,59200,买盘
2279,10:04:13,29.6,-0.02,105,310800,卖盘
2280,10:04:07,29.62,0.02,89,263618,买盘
2281,10:04:02,29.6,0.07,40,118400,中性盘
2282,10:03:57,29.53,-0.07,55,162415,卖盘
2283,10:03:52,29.6,0.08,269,798045,买盘
2284,10:03:48,29.52,0.01,23,67896,中性盘
2285,10:03:42,29.51,0.01,46,135746,买盘
2286,10:03:37,29.5,--,127,374650,卖盘
2287,10:03:33,29.5,--,20,59000,卖盘
2288,10:03:27,29.5,--,20,59000,卖盘
2289,10:03:22,29.5,--,59,174050,卖盘
2290,10:03:17,29.5,0.09,381,1126870,买盘
2291,10:03:12,29.41,0.01,68,202193,买盘
2292,10:03:07,29.4,--,39,114660,买盘
2293,10:03:02,29.4,--,19,56595,卖盘
2294,10:02:57,29.4,--,11,32340,卖盘
2295,10:02:52,29.4,--,12,35280,卖盘
2296,10:02:47,29.4,-0.01,64,190365,卖盘
2297,10:02:37,29.41,--,17,49997,买盘
2298,10:02:32,29.41,-0.05,143,421298,卖盘
2299,10:02:27,29.46,--,8,23568,买盘
2300,10:02:22,29.46,0.05,82,241572,中性盘
2301,10:02:17,29.41,-0.06,90,264690,卖盘
2302,10:02:12,29.47,--,37,109039,买盘
2303,10:02:07,29.47,0.01,85,250495,买盘
2304,10:02:01,29.46,--,24,70704,卖盘
2305,10:01:57,29.46,--,44,129624,卖盘
2306,10:01:52,29.46,0.01,94,279133,买盘
2307,10:01:46,29.45,-0.01,18,53010,卖盘
2308,10:01:42,29.46,--,4,11784,买盘
2309,10:01:37,29.46,0.01,18,53028,买盘
2310,10:01:31,29.45,-0.02,7,20615,卖盘
2311,10:01:22,29.47,0.01,48,141456,买盘
2312,10:01:16,29.46,0.01,80,235680,卖盘
2313,10:01:12,29.45,-0.01,17,50065,买盘
2314,10:01:07,29.46,0.04,26,76596,买盘
2315,10:01:01,29.42,-0.04,14,41188,卖盘
2316,10:00:57,29.46,0.05,5,14730,买盘
2317,10:00:52,29.41,0.01,8,23528,卖盘
2318,10:00:46,29.4,--,59,173460,买盘
2319,10:00:42,29.4,--,26,76440,买盘
2320,10:00:37,29.4,0.04,11,32340,买盘
2321,10:00:31,29.36,-0.04,8,23488,卖盘
2322,10:00:27,29.4,0.02,63,185220,买盘
2323,10:00:22,29.38,0.02,41,120458,买盘
2324,10:00:16,29.36,0.01,87,255432,买盘
2325,10:00:12,29.35,-0.01,23,67505,卖盘
2326,10:00:07,29.36,0.01,23,67528,买盘
2327,09:59:57,29.35,-0.01,4,11740,卖盘
2328,09:59:52,29.36,0.03,69,202584,买盘
2329,09:59:46,29.33,-0.02,4,11732,卖盘
2330,09:59:42,29.35,0.02,40,117400,买盘
2331,09:59:37,29.33,--,10,29330,买盘
2332,09:59:31,29.33,0.01,106,310898,买盘
2333,09:59:27,29.32,-0.01,1,2932,卖盘
2334,09:59:22,29.33,0.01,27,79191,买盘
2335,09:59:16,29.32,--,14,41048,卖盘
2336,09:59:12,29.32,0.01,42,124932,买盘
2337,09:59:07,29.31,--,75,219825,买盘
2338,09:59:01,29.31,0.01,44,128964,买盘
2339,09:58:56,29.3,-0.01,1,2930,卖盘
2340,09:58:52,29.31,0.01,19,55689,买盘
2341,09:58:46,29.3,0.02,18,52740,卖盘
2342,09:58:41,29.28,0.01,67,196176,买盘
2343,09:58:37,29.27,-0.01,333,974691,卖盘
2344,09:58:31,29.28,0.01,31,90768,买盘
2345,09:58:26,29.27,-0.01,4,11708,卖盘
2346,09:58:22,29.28,--,8,23424,卖盘
2347,09:58:16,29.28,-0.01,10,29280,卖盘
2348,09:58:11,29.29,0.01,33,96657,买盘
2349,09:58:07,29.28,0.01,25,73200,买盘
2350,09:58:01,29.27,--,10,29270,卖盘
2351,09:57:51,29.27,0.06,96,280992,买盘
2352,09:57:46,29.21,-0.04,8,23368,中性盘
2353,09:57:41,29.25,--,30,87750,买盘
2354,09:57:36,29.25,--,6,17550,买盘
2355,09:57:31,29.25,-0.02,10,29250,卖盘
2356,09:57:26,29.27,--,0,0,买盘
2357,09:57:21,29.27,0.02,17,49759,买盘
2358,09:57:16,29.25,--,7,20475,卖盘
2359,09:57:11,29.25,-0.02,31,90675,卖盘
2360,09:57:06,29.27,0.02,6,17562,买盘
2361,09:57:01,29.25,-0.01,31,90675,卖盘
2362,09:56:56,29.26,0.06,43,125818,买盘
2363,09:56:51,29.2,--,7,20440,卖盘
2364,09:56:46,29.2,-0.05,6,17520,卖盘
2365,09:56:41,29.25,0.02,15,43875,买盘
2366,09:56:36,29.23,-0.02,1,2923,卖盘
2367,09:56:31,29.25,0.03,5,14625,买盘
2368,09:56:26,29.22,-0.01,3,8766,卖盘
2369,09:56:21,29.23,-0.02,24,70152,中性盘
2370,09:56:16,29.25,0.03,10,29250,买盘
2371,09:56:11,29.22,--,24,70128,卖盘
2372,09:56:01,29.22,--,2,5844,买盘
2373,09:55:56,29.22,0.02,15,43830,买盘
2374,09:55:51,29.2,0.01,1,2920,卖盘
2375,09:55:46,29.19,--,22,64218,卖盘
2376,09:55:41,29.19,--,33,96327,买盘
2377,09:55:36,29.19,--,1,2919,买盘
2378,09:55:31,29.19,0.01,15,43785,卖盘
2379,09:55:26,29.18,-0.02,16,46688,卖盘
2380,09:55:21,29.2,0.02,40,116800,买盘
2381,09:55:16,29.18,--,20,58360,卖盘
2382,09:55:10,29.18,--,1,2918,卖盘
2383,09:55:06,29.18,--,3,8754,卖盘
2384,09:55:01,29.18,0.07,47,137146,买盘
2385,09:54:56,29.11,0.01,100,291100,买盘
2386,09:54:51,29.1,--,0,0,买盘
2387,09:54:46,29.1,--,3,8730,买盘
2388,09:54:40,29.1,--,7,20370,买盘
2389,09:54:25,29.1,0.03,3,8730,买盘
2390,09:54:21,29.07,--,5,14535,卖盘
2391,09:54:16,29.07,--,2,5814,卖盘
2392,09:53:51,29.07,--,3,8721,卖盘
2393,09:53:46,29.07,-0.02,2,5814,卖盘
2394,09:53:40,29.09,0.02,13,37817,买盘
2395,09:53:36,29.07,-0.02,2,5814,卖盘
2396,09:53:16,29.09,--,5,14545,买盘
2397,09:53:10,29.09,0.02,2,5818,买盘
2398,09:53:06,29.07,0.01,2,5814,买盘
2399,09:53:01,29.06,--,0,0,卖盘
2400,09:52:55,29.06,-0.01,11,31966,卖盘
2401,09:52:51,29.07,-0.01,53,154071,卖盘
2402,09:52:46,29.08,-0.01,1,2908,卖盘
2403,09:52:40,29.09,0.01,1,2909,中性盘
2404,09:52:36,29.08,-0.02,4,11632,卖盘
2405,09:52:31,29.1,--,87,253170,卖盘
2406,09:52:25,29.1,--,35,101850,卖盘
2407,09:52:21,29.1,-0.01,4,11640,卖盘
2408,09:52:16,29.11,0.01,27,78597,买盘
2409,09:52:10,29.1,-0.01,69,200790,卖盘
2410,09:51:55,29.11,0.01,5,14555,买盘
2411,09:51:46,29.1,--,5,14550,卖盘
2412,09:51:40,29.1,0.03,71,206610,买盘
2413,09:51:36,29.07,--,4,11628,卖盘
2414,09:51:31,29.07,0.01,1,2907,中性盘
2415,09:51:25,29.06,--,4,11624,卖盘
2416,09:51:16,29.06,--,0,0,卖盘
2417,09:51:10,29.06,--,0,0,卖盘
2418,09:51:05,29.06,--,1,2906,卖盘
2419,09:51:01,29.06,--,14,40684,卖盘
2420,09:50:55,29.06,--,49,142394,卖盘
2421,09:50:51,29.06,--,17,49402,卖盘
2422,09:50:40,29.06,0.02,103,299318,买盘
2423,09:50:35,29.04,-0.01,3,8712,卖盘
2424,09:50:30,29.05,-0.01,35,101675,卖盘
2425,09:50:25,29.06,0.01,179,520174,买盘
2426,09:50:20,29.05,--,24,69720,卖盘
2427,09:50:15,29.05,--,2,5810,卖盘
2428,09:50:10,29.05,--,5,14525,卖盘
2429,09:50:05,29.05,--,26,75530,买盘
2430,09:50:00,29.05,--,3,8715,买盘
2431,09:49:50,29.05,-0.05,13,37765,卖盘
2432,09:49:45,29.1,0.04,84,244440,买盘
2433,09:49:40,29.06,0.01,15,43590,中性盘
2434,09:49:35,29.05,-0.01,2,5810,卖盘
2435,09:49:30,29.06,--,6,17436,买盘
2436,09:49:25,29.06,0.01,2,5812,买盘
2437,09:49:20,29.05,-0.01,14,40670,卖盘
2438,09:49:15,29.06,-0.01,22,63932,卖盘
2439,09:49:10,29.07,0.01,10,29070,买盘
2440,09:49:05,29.06,--,2,5812,卖盘
2441,09:49:00,29.06,--,12,34872,卖盘
2442,09:48:55,29.06,--,19,55214,卖盘
2443,09:48:50,29.06,-0.01,21,61026,卖盘
2444,09:48:45,29.07,--,13,37791,买盘
2445,09:48:40,29.07,--,7,20349,卖盘
2446,09:48:35,29.07,0.01,1,2907,卖盘
2447,09:48:25,29.06,--,0,0,卖盘
2448,09:48:20,29.06,--,4,11624,卖盘
2449,09:48:15,29.06,--,4,11624,卖盘
2450,09:48:10,29.06,--,7,20342,卖盘
2451,09:48:05,29.06,-0.04,1,2906,中性盘
2452,09:48:00,29.1,--,3,8730,买盘
2453,09:47:55,29.1,0.04,15,43650,买盘
2454,09:47:50,29.06,--,12,34872,卖盘
2455,09:47:40,29.06,0.01,10,29060,买盘
2456,09:47:35,29.05,0.01,15,43575,中性盘
2457,09:47:25,29.04,--,45,130680,卖盘
2458,09:47:19,29.04,0.02,186,540144,买盘
2459,09:47:15,29.02,-0.02,31,89962,卖盘
2460,09:47:10,29.04,--,345,1001880,买盘
2461,09:47:05,29.04,0.01,5,14520,买盘
2462,09:47:00,29.03,-0.01,12,34836,卖盘
2463,09:46:55,29.04,--,30,87120,买盘
2464,09:46:49,29.04,--,42,121968,买盘
2465,09:46:45,29.04,-0.06,316,917664,卖盘
2466,09:46:34,29.1,--,7,20370,卖盘
2467,09:46:25,29.1,0.04,165,480150,买盘
2468,09:46:19,29.06,--,2,5812,卖盘
2469,09:46:10,29.06,0.01,4,11624,买盘
2470,09:46:04,29.05,--,15,43575,卖盘
2471,09:46:00,29.05,--,11,31955,买盘
2472,09:45:49,29.05,0.02,2,5810,买盘
2473,09:45:34,29.03,0.01,182,528346,买盘
2474,09:45:25,29.02,0.01,20,58040,买盘
2475,09:45:19,29.01,--,5,14505,卖盘
2476,09:45:04,29.01,--,5,14505,中性盘
2477,09:45:00,29.01,0.01,9,26109,买盘
2478,09:44:55,29.0,--,38,110200,卖盘
2479,09:44:49,29.0,--,24,69600,卖盘
2480,09:44:40,29.0,0.07,4,11600,中性盘
2481,09:44:34,28.93,--,0,0,卖盘
2482,09:44:30,28.93,--,0,0,卖盘
2483,09:44:25,28.93,--,45,130185,买盘
2484,09:44:19,28.93,-0.02,32,92576,卖盘
2485,09:44:15,28.95,-0.06,35,101325,买盘
2486,09:44:10,29.01,0.06,212,615012,买盘
2487,09:44:04,28.95,-0.01,15,43425,卖盘
2488,09:44:00,28.96,-0.04,97,280912,卖盘
2489,09:43:55,29.0,--,6,17400,卖盘
2490,09:43:49,29.0,0.05,97,281300,买盘
2491,09:43:45,28.95,--,11,31845,卖盘
2492,09:43:34,28.95,0.12,3,8685,买盘
2493,09:43:29,28.83,-0.1,6,17298,卖盘
2494,09:43:24,28.93,--,4,11572,买盘
2495,09:43:09,28.93,0.12,2,5786,买盘
2496,09:42:59,28.81,-0.07,14,40334,卖盘
2497,09:42:54,28.88,--,4,11552,卖盘
2498,09:42:49,28.88,0.07,69,199272,买盘
2499,09:42:44,28.81,-0.07,1,2881,卖盘
2500,09:42:39,28.88,0.04,12,34656,买盘
2501,09:42:34,28.84,-0.04,41,118244,卖盘
2502,09:42:29,28.88,--,14,40432,买盘
2503,09:42:24,28.88,-0.02,32,92416,卖盘
2504,09:42:19,28.9,--,16,46240,买盘
2505,09:42:14,28.9,0.02,1,2890,买盘
2506,09:42:09,28.88,--,2,5776,买盘
2507,09:42:04,28.88,0.01,6,17328,买盘
2508,09:41:49,28.87,0.02,2,5774,买盘
2509,09:41:44,28.85,--,3,8655,卖盘
2510,09:41:34,28.85,-0.02,7,20195,卖盘
2511,09:41:29,28.87,0.02,5,14435,买盘
2512,09:41:24,28.85,--,3,8655,卖盘
2513,09:41:14,28.85,--,5,14425,买盘
2514,09:41:04,28.85,0.01,24,69240,买盘
2515,09:40:59,28.84,--,3,8652,卖盘
2516,09:40:54,28.84,--,4,11536,买盘
2517,09:40:49,28.84,0.03,1,2884,买盘
2518,09:40:39,28.81,--,1,2881,卖盘
2519,09:40:34,28.81,0.01,48,138288,中性盘
2520,09:40:29,28.8,--,36,103680,卖盘
2521,09:40:24,28.8,--,8,23040,卖盘
2522,09:40:19,28.8,--,34,97920,买盘
2523,09:40:14,28.8,0.01,15,43200,买盘
2524,09:40:09,28.79,--,1,2879,卖盘
2525,09:40:04,28.79,--,11,31669,卖盘
2526,09:39:59,28.79,--,2,5758,卖盘
2527,09:39:54,28.79,--,2,5758,卖盘
2528,09:39:49,28.79,-0.01,13,37427,中性盘
2529,09:39:44,28.8,--,31,89280,买盘
2530,09:39:39,28.8,0.01,20,57600,买盘
2531,09:39:34,28.79,-0.01,25,71975,卖盘
2532,09:39:29,28.8,--,19,54720,买盘
2533,09:39:24,28.8,0.01,2,5760,买盘
2534,09:39:19,28.79,-0.01,26,74854,卖盘
2535,09:39:13,28.8,-0.03,44,126720,卖盘
2536,09:39:09,28.83,--,4,11532,买盘
2537,09:39:04,28.83,-0.02,7,20181,卖盘
2538,09:38:58,28.85,--,5,14425,卖盘
2539,09:38:54,28.85,--,22,63470,买盘
2540,09:38:49,28.85,0.05,7,20195,中性盘
2541,09:38:43,28.8,-0.07,350,1008000,卖盘
2542,09:38:34,28.87,0.01,32,92384,买盘
2543,09:38:28,28.86,0.01,5,14430,买盘
2544,09:38:23,28.85,--,19,54815,卖盘
2545,09:37:58,28.85,-0.02,5,14425,卖盘
2546,09:37:53,28.87,0.02,8,23096,买盘
2547,09:37:49,28.85,0.04,1,2885,卖盘
2548,09:37:43,28.81,-0.04,1,2881,买盘
2549,09:37:38,28.85,--,0,0,中性盘
2550,09:37:34,28.85,0.01,34,98090,买盘
2551,09:37:28,28.84,0.03,31,89404,买盘
2552,09:37:23,28.81,-0.01,6,17286,卖盘
2553,09:37:19,28.82,--,17,48994,卖盘
2554,09:37:13,28.82,-0.03,6,17292,卖盘
2555,09:37:08,28.85,0.05,10,28850,买盘
2556,09:36:58,28.8,--,5,14400,卖盘
2557,09:36:49,28.8,-0.05,5,14400,卖盘
2558,09:36:28,28.85,--,3,8655,卖盘
2559,09:36:23,28.85,-0.03,3,8655,卖盘
2560,09:36:19,28.88,0.08,4,11552,中性盘
2561,09:36:13,28.8,--,11,31680,卖盘
2562,09:36:08,28.8,-0.05,1,2880,卖盘
2563,09:36:04,28.85,--,1,2885,买盘
2564,09:35:58,28.85,0.05,15,43275,买盘
2565,09:35:53,28.8,--,5,14400,卖盘
2566,09:35:48,28.8,--,2,5760,卖盘
2567,09:35:43,28.8,--,2,5760,卖盘
2568,09:35:38,28.8,--,7,20160,卖盘
2569,09:35:33,28.8,--,1,2880,卖盘
2570,09:35:28,28.8,0.01,45,129600,买盘
2571,09:35:23,28.79,--,27,79345,买盘
2572,09:35:18,28.79,--,18,51822,买盘
2573,09:35:13,28.79,0.01,49,141071,买盘
2574,09:35:08,28.78,-0.01,16,46048,卖盘
2575,09:35:03,28.79,0.01,13,37427,买盘
2576,09:34:58,28.78,-0.02,95,273410,卖盘
2577,09:34:53,28.8,--,7,20160,卖盘
2578,09:34:48,28.8,0.02,1,2880,买盘
2579,09:34:43,28.78,0.03,74,212972,买盘
2580,09:34:38,28.75,-0.03,68,195500,卖盘
2581,09:34:33,28.78,--,9,25902,买盘
2582,09:34:28,28.78,0.01,62,178436,买盘
2583,09:34:23,28.77,-0.01,36,103572,卖盘
2584,09:34:18,28.78,0.01,15,43170,买盘
2585,09:34:13,28.77,-0.01,24,69048,中性盘
2586,09:34:08,28.78,-0.03,2,5756,买盘
2587,09:34:03,28.81,0.05,5,14405,卖盘
2588,09:33:58,28.76,-0.04,27,77652,卖盘
2589,09:33:53,28.8,--,112,322560,卖盘
2590,09:33:48,28.8,-0.01,3,8640,卖盘
2591,09:33:43,28.81,--,28,80668,卖盘
2592,09:33:38,28.81,-0.01,7,20167,卖盘
2593,09:33:33,28.82,-0.06,15,43230,卖盘
2594,09:33:28,28.88,--,0,0,买盘
2595,09:33:18,28.88,-0.02,49,141512,卖盘
2596,09:33:13,28.9,0.01,21,60690,买盘
2597,09:33:08,28.89,-0.01,23,66447,卖盘
2598,09:33:03,28.9,--,0,0,卖盘
2599,09:32:58,28.9,-0.05,15,43350,卖盘
2600,09:32:53,28.95,0.01,6,17370,买盘
2601,09:32:48,28.94,--,4,11576,买盘
2602,09:32:43,28.94,-0.04,36,104184,卖盘
2603,09:32:38,28.98,-0.02,10,28980,卖盘
2604,09:32:33,29.0,0.02,50,145000,买盘
2605,09:32:28,28.98,-0.02,9,26082,卖盘
2606,09:32:23,29.0,-0.02,196,568400,卖盘
2607,09:32:18,29.02,0.01,12,34824,买盘
2608,09:32:13,29.01,--,22,63822,卖盘
2609,09:32:08,29.01,-0.01,2,5802,卖盘
2610,09:31:58,29.02,-0.03,76,220552,卖盘
2611,09:31:52,29.05,0.02,60,174300,买盘
2612,09:31:48,29.03,-0.01,1,2903,中性盘
2613,09:31:43,29.04,0.01,34,98736,买盘
2614,09:31:38,29.03,-0.03,11,31933,卖盘
2615,09:31:33,29.06,0.02,21,61026,买盘
2616,09:31:28,29.04,-0.01,6,17424,卖盘
2617,09:31:18,29.05,-0.05,13,37765,中性盘
2618,09:31:13,29.1,0.04,11,32010,买盘
2619,09:31:07,29.06,-0.04,12,34872,卖盘
2620,09:31:03,29.1,--,4,11640,买盘
2621,09:30:58,29.1,0.05,6,17460,中性盘
2622,09:30:42,29.05,--,0,0,中性盘
2623,09:30:37,29.05,0.04,9,26145,买盘
2624,09:30:27,29.01,-0.01,7,20307,卖盘
2625,09:30:22,29.02,--,12,34824,买盘
2626,09:30:17,29.02,--,1,2902,买盘
2627,09:30:12,29.02,0.02,1,2902,买盘
2628,09:30:07,29.0,-0.02,78,226200,卖盘
2629,09:30:02,29.02,-0.02,4,11608,卖盘
2630,09:28:52,29.04,--,0,0,买盘
2631,09:25:05,29.04,29.04,211,612744,买盘
