,time,price,change,volume,amount,type
0,15:00:00,20.02,--,0,0,卖盘
1,15:00:00,20.02,--,0,0,卖盘
2,14:59:58,20.02,--,4,8008,卖盘
3,14:59:27,20.02,--,5,10010,卖盘
4,14:59:18,20.02,--,40,80080,卖盘
5,14:59:03,20.02,--,2,4004,卖盘
6,14:58:52,20.02,--,2,4004,卖盘
7,14:58:17,20.02,--,2,4004,卖盘
8,14:58:12,20.02,--,2,4004,卖盘
9,14:57:57,20.02,--,3,6006,卖盘
10,14:57:47,20.02,--,7,14014,卖盘
11,14:57:37,20.02,--,22,44044,卖盘
12,14:57:32,20.02,--,8,16016,卖盘
13,14:57:27,20.02,--,10,20020,卖盘
14,14:57:17,20.02,--,10,20020,卖盘
15,14:57:07,20.02,--,16,32032,卖盘
16,14:57:02,20.02,--,6,12012,卖盘
17,14:56:52,20.02,--,2,4004,卖盘
18,14:56:47,20.02,--,4,8008,卖盘
19,14:56:42,20.02,--,2,4004,卖盘
20,14:56:12,20.02,--,23,46046,卖盘
21,14:56:02,20.02,--,10,20020,卖盘
22,14:55:57,20.02,--,6,12012,卖盘
23,14:55:47,20.02,--,4,8008,卖盘
24,14:55:32,20.02,--,8,16016,卖盘
25,14:55:12,20.02,--,22,44044,卖盘
26,14:55:07,20.02,--,24,48048,卖盘
27,14:55:02,20.02,--,2,4004,卖盘
28,14:54:57,20.02,--,20,40040,卖盘
29,14:54:42,20.02,--,35,70070,卖盘
30,14:54:27,20.02,--,6,12012,卖盘
31,14:54:22,20.02,--,12,24024,卖盘
32,14:53:41,20.02,--,10,20020,卖盘
33,14:53:37,20.02,--,952,1905964,卖盘
34,14:53:22,20.02,--,1,2002,卖盘
35,14:52:37,20.02,--,1,2002,卖盘
36,14:52:31,20.02,--,6,12012,卖盘
37,14:52:16,20.02,--,2,4004,卖盘
38,14:52:01,20.02,--,10,20020,卖盘
39,14:51:51,20.02,--,5,10010,卖盘
40,14:51:41,20.02,--,1,2002,卖盘
41,14:51:21,20.02,--,10,20020,卖盘
42,14:50:31,20.02,--,4,8008,卖盘
43,14:50:21,20.02,--,4,8008,卖盘
44,14:50:11,20.02,--,1,2002,卖盘
45,14:48:56,20.02,--,42,84084,卖盘
46,14:48:41,20.02,--,4,8008,卖盘
47,14:48:11,20.02,--,15,30030,卖盘
48,14:48:06,20.02,--,2,4004,卖盘
49,14:47:51,20.02,--,20,40040,卖盘
50,14:47:11,20.02,--,18,36036,卖盘
51,14:46:56,20.02,--,6,12012,卖盘
52,14:46:51,20.02,--,40,80080,卖盘
53,14:46:41,20.02,--,6,12012,卖盘
54,14:46:31,20.02,--,10,20020,卖盘
55,14:46:06,20.02,--,25,50050,卖盘
56,14:45:50,20.02,--,6,12012,卖盘
57,14:45:31,20.02,--,5,10010,卖盘
58,14:45:16,20.02,--,1,2002,卖盘
59,14:44:50,20.02,--,50,100100,卖盘
60,14:44:16,20.02,--,10,20020,卖盘
61,14:44:10,20.02,--,5,10010,卖盘
62,14:44:05,20.02,--,36,72072,卖盘
63,14:43:55,20.02,--,2,4004,卖盘
64,14:43:45,20.02,--,27,54054,卖盘
65,14:42:50,20.02,--,458,916916,卖盘
66,14:42:45,20.02,--,6,12012,卖盘
67,14:42:30,20.02,--,1,2002,卖盘
68,14:42:25,20.02,--,5,10010,卖盘
69,14:42:20,20.02,--,6,12012,卖盘
70,14:42:15,20.02,--,9,18018,卖盘
71,14:42:10,20.02,--,6,12012,卖盘
72,14:42:05,20.02,--,50,100100,卖盘
73,14:42:00,20.02,--,17,34034,卖盘
74,14:41:45,20.02,--,5,10010,卖盘
75,14:41:35,20.02,--,60,120120,卖盘
76,14:41:15,20.02,--,371,742742,卖盘
77,14:41:05,20.02,--,140,280280,卖盘
78,14:40:50,20.02,--,5,10010,卖盘
79,14:40:30,20.02,--,1,2002,卖盘
80,14:40:20,20.02,--,6,12012,卖盘
81,14:40:15,20.02,--,14,28028,卖盘
82,14:39:55,20.02,--,4,8008,卖盘
83,14:39:50,20.02,--,3,6006,卖盘
84,14:39:20,20.02,--,1,2002,卖盘
85,14:39:15,20.02,--,1,2002,卖盘
86,14:39:00,20.02,--,1,2002,卖盘
87,14:38:45,20.02,--,10,20020,卖盘
88,14:38:30,20.02,--,1,2002,卖盘
89,14:38:24,20.02,--,1,2002,卖盘
90,14:38:19,20.02,--,9,18018,卖盘
91,14:38:14,20.02,--,1,2002,卖盘
92,14:37:39,20.02,--,3,6006,卖盘
93,14:37:24,20.02,--,1,2002,卖盘
94,14:37:14,20.02,--,12,24024,卖盘
95,14:37:09,20.02,--,2,4004,卖盘
96,14:36:59,20.02,--,1,2002,卖盘
97,14:36:49,20.02,--,1,2002,卖盘
98,14:36:24,20.02,--,11,22022,卖盘
99,14:36:14,20.02,--,2,4004,卖盘
100,14:35:44,20.02,--,1,2002,卖盘
101,14:35:29,20.02,--,8,16016,卖盘
102,14:35:24,20.02,--,1,2002,卖盘
103,14:35:14,20.02,--,3,6006,卖盘
104,14:34:59,20.02,--,6,12012,卖盘
105,14:34:44,20.02,--,1,2002,卖盘
106,14:34:24,20.02,--,2,4004,卖盘
107,14:34:14,20.02,--,1,2002,卖盘
108,14:33:59,20.02,--,5,10010,卖盘
109,14:33:44,20.02,--,1,2002,卖盘
110,14:33:24,20.02,--,1,2002,卖盘
111,14:33:14,20.02,--,7,14014,卖盘
112,14:32:44,20.02,--,121,242242,卖盘
113,14:32:33,20.02,--,6,12012,卖盘
114,14:32:24,20.02,--,1,2002,卖盘
115,14:32:14,20.02,--,2,4004,卖盘
116,14:31:59,20.02,--,40,80080,卖盘
117,14:31:48,20.02,--,1,2002,卖盘
118,14:31:39,20.02,--,30,60060,卖盘
119,14:31:23,20.02,--,1,2002,卖盘
120,14:31:18,20.02,--,1,2002,卖盘
121,14:31:13,20.02,--,1,2002,卖盘
122,14:31:03,20.02,--,5,10010,卖盘
123,14:30:48,20.02,--,2,4004,卖盘
124,14:30:23,20.02,--,4,8008,卖盘
125,14:30:18,20.02,--,10,20020,卖盘
126,14:30:13,20.02,--,1,2002,卖盘
127,14:29:48,20.02,--,20,40040,卖盘
128,14:29:33,20.02,--,6,12012,卖盘
129,14:29:23,20.02,--,2,4004,卖盘
130,14:29:13,20.02,--,1,2002,卖盘
131,14:29:08,20.02,--,30,60060,卖盘
132,14:28:48,20.02,--,10,20020,卖盘
133,14:28:38,20.02,--,14,28028,卖盘
134,14:28:17,20.02,--,1,2002,卖盘
135,14:27:47,20.02,--,1,2002,卖盘
136,14:27:17,20.02,--,2,4004,卖盘
137,14:27:02,20.02,--,10,20020,卖盘
138,14:26:17,20.02,--,2,4004,卖盘
139,14:26:07,20.02,--,4,8008,卖盘
140,14:26:02,20.02,--,1,2002,卖盘
141,14:25:32,20.02,--,2,4004,卖盘
142,14:25:17,20.02,--,2,4004,卖盘
143,14:24:57,20.02,--,3,6006,卖盘
144,14:24:17,20.02,--,2,4004,卖盘
145,14:24:12,20.02,--,2,4004,卖盘
146,14:24:02,20.02,--,1,2002,卖盘
147,14:22:57,20.02,--,3,6006,卖盘
148,14:22:26,20.02,--,4,8008,卖盘
149,14:22:11,20.02,--,160,320320,卖盘
150,14:21:26,20.02,--,5,10010,卖盘
151,14:21:22,20.02,--,12,24024,卖盘
152,14:20:56,20.02,--,4,8008,卖盘
153,14:19:31,20.02,--,30,60060,卖盘
154,14:19:21,20.02,--,3,6006,卖盘
155,14:19:16,20.02,--,100,200200,卖盘
156,14:19:11,20.02,--,0,1001,卖盘
157,14:19:06,20.02,--,1,2002,卖盘
158,14:18:56,20.02,--,2,4004,卖盘
159,14:18:51,20.02,--,6,12012,卖盘
160,14:18:41,20.02,--,2,4004,卖盘
161,14:18:36,20.02,--,89,178178,卖盘
162,14:18:26,20.02,--,2,4004,卖盘
163,14:18:16,20.02,--,2,4004,卖盘
164,14:18:01,20.02,--,5,10010,卖盘
165,14:16:56,20.02,--,8,16016,卖盘
166,14:16:11,20.02,--,5,10010,卖盘
167,14:16:06,20.02,--,50,100100,卖盘
168,14:16:01,20.02,--,2,4004,卖盘
169,14:15:21,20.02,--,20,40040,卖盘
170,14:15:11,20.02,--,10,20020,卖盘
171,14:14:41,20.02,--,13,26026,卖盘
172,14:14:31,20.02,--,10,20020,卖盘
173,14:14:26,20.02,--,4,8008,卖盘
174,14:14:20,20.02,--,50,100100,卖盘
175,14:14:16,20.02,--,6,12012,卖盘
176,14:14:01,20.02,--,10,20020,卖盘
177,14:13:35,20.02,--,8,16016,卖盘
178,14:13:00,20.02,--,0,1001,卖盘
179,14:12:40,20.02,--,3,6006,卖盘
180,14:12:20,20.02,--,2,4004,卖盘
181,14:11:55,20.02,--,1,2002,卖盘
182,14:11:25,20.02,--,70,140140,卖盘
183,14:11:05,20.02,--,20,40040,卖盘
184,14:10:55,20.02,--,5,10010,卖盘
185,14:10:50,20.02,--,100,200200,卖盘
186,14:10:40,20.02,--,1,2002,卖盘
187,14:10:10,20.02,--,6,12012,卖盘
188,14:09:30,20.02,--,1,2002,卖盘
189,14:08:55,20.02,--,20,40040,卖盘
190,14:08:10,20.02,--,1,2682,卖盘
191,14:08:00,20.02,--,1,2002,卖盘
192,14:07:45,20.02,--,5,10010,卖盘
193,14:07:25,20.02,--,5,10010,卖盘
194,14:07:15,20.02,--,2,4004,卖盘
195,14:07:04,20.02,--,1,2002,卖盘
196,14:07:00,20.02,--,5,10010,卖盘
197,14:06:35,20.02,--,4,8008,卖盘
198,14:06:20,20.02,--,40,80080,卖盘
199,14:05:29,20.02,--,100,200200,卖盘
200,14:05:19,20.02,--,5,10010,卖盘
201,14:05:14,20.02,--,2,4004,卖盘
202,14:05:04,20.02,--,4,8008,卖盘
203,14:04:59,20.02,--,1,2002,卖盘
204,14:04:54,20.02,--,80,160160,卖盘
205,14:04:44,20.02,--,2,4004,卖盘
206,14:04:39,20.02,--,3,6006,卖盘
207,14:04:34,20.02,--,18,36036,卖盘
208,14:04:24,20.02,--,13,26026,卖盘
209,14:03:44,20.02,--,5,10010,卖盘
210,14:03:39,20.02,--,8,16016,卖盘
211,14:03:34,20.02,--,1,2002,卖盘
212,14:03:19,20.02,--,10,20020,卖盘
213,14:03:04,20.02,--,1,2002,卖盘
214,14:02:49,20.02,--,3,6006,卖盘
215,14:02:34,20.02,--,10,20020,卖盘
216,14:02:19,20.02,--,10,20020,卖盘
217,14:01:49,20.02,--,2,4004,卖盘
218,14:01:39,20.02,--,1,2002,卖盘
219,14:01:34,20.02,--,2,4004,卖盘
220,14:01:28,20.02,--,3,6006,卖盘
221,14:01:13,20.02,--,2,4004,卖盘
222,14:00:58,20.02,--,1,2002,卖盘
223,13:59:58,20.02,--,4,8008,卖盘
224,13:59:43,20.02,--,6,12012,卖盘
225,13:59:08,20.02,--,16,32032,卖盘
226,13:59:03,20.02,--,10,20020,卖盘
227,13:58:23,20.02,--,6,12012,卖盘
228,13:58:18,20.02,--,20,40040,卖盘
229,13:58:13,20.02,--,54,108108,卖盘
230,13:58:08,20.02,--,30,60060,卖盘
231,13:57:48,20.02,--,1,2002,卖盘
232,13:57:43,20.02,--,12,24024,卖盘
233,13:57:08,20.02,--,1,2002,卖盘
234,13:56:53,20.02,--,3,6006,卖盘
235,13:56:33,20.02,--,10,20020,卖盘
236,13:56:23,20.02,--,70,140140,卖盘
237,13:56:13,20.02,--,2,4004,卖盘
238,13:55:53,20.02,--,100,200200,卖盘
239,13:55:43,20.02,--,5,10010,卖盘
240,13:55:38,20.02,--,2,4004,卖盘
241,13:55:32,20.02,--,110,220220,卖盘
242,13:55:13,20.02,--,10,20020,卖盘
243,13:55:08,20.02,--,259,518518,卖盘
244,13:54:58,20.02,--,5,10010,卖盘
245,13:54:53,20.02,--,2,4004,卖盘
246,13:54:38,20.02,--,2,4004,卖盘
247,13:54:17,20.02,--,2,4004,卖盘
248,13:54:13,20.02,--,20,40040,卖盘
249,13:53:47,20.02,--,3,6006,卖盘
250,13:53:37,20.02,--,70,140140,卖盘
251,13:53:33,20.02,--,180,360360,卖盘
252,13:53:26,20.02,--,10,20020,卖盘
253,13:52:47,20.02,--,3,6006,卖盘
254,13:52:37,20.02,--,6,12012,卖盘
255,13:52:32,20.02,--,10,20020,卖盘
256,13:52:22,20.02,--,3,6006,卖盘
257,13:52:07,20.02,--,10,20020,卖盘
258,13:51:52,20.02,--,1,2002,卖盘
259,13:51:47,20.02,--,1,2002,卖盘
260,13:51:22,20.02,--,2,4004,卖盘
261,13:49:52,20.02,--,10,20020,卖盘
262,13:49:22,20.02,--,5,10010,卖盘
263,13:49:17,20.02,--,10,20020,卖盘
264,13:49:07,20.02,--,10,20020,卖盘
265,13:48:41,20.02,--,1,2002,卖盘
266,13:47:47,20.02,--,10,20020,卖盘
267,13:47:37,20.02,--,10,20020,卖盘
268,13:46:32,20.02,--,1,2002,卖盘
269,13:46:16,20.02,--,2,4004,卖盘
270,13:45:50,20.02,--,42,84084,卖盘
271,13:45:41,20.02,--,8,16016,卖盘
272,13:45:35,20.02,--,7,14014,卖盘
273,13:45:26,20.02,--,20,40040,卖盘
274,13:44:46,20.02,--,11,22022,卖盘
275,13:44:41,20.02,--,1,2002,卖盘
276,13:44:26,20.02,--,15,30030,卖盘
277,13:44:16,20.02,--,3,6006,卖盘
278,13:43:41,20.02,--,10,20020,卖盘
279,13:43:16,20.02,--,4,8008,卖盘
280,13:42:31,20.02,--,1,2002,卖盘
281,13:42:16,20.02,--,7,14014,卖盘
282,13:42:05,20.02,--,1,2002,卖盘
283,13:41:56,20.02,--,132,264264,卖盘
284,13:41:26,20.02,--,5,10010,卖盘
285,13:40:46,20.02,--,2,4004,卖盘
286,13:40:41,20.02,--,2,4004,卖盘
287,13:40:35,20.02,--,6,12012,卖盘
288,13:40:26,20.02,--,30,60060,卖盘
289,13:40:05,20.02,--,10,20020,卖盘
290,13:40:01,20.02,--,2,4004,卖盘
291,13:39:50,20.02,--,6,12012,卖盘
292,13:39:46,20.02,--,9,18018,卖盘
293,13:39:35,20.02,--,9,18018,卖盘
294,13:39:16,20.02,--,45,90090,卖盘
295,13:39:10,20.02,--,10,20020,卖盘
296,13:38:25,20.02,--,7,14014,卖盘
297,13:38:20,20.02,--,10,20020,卖盘
298,13:38:14,20.02,--,10,20020,卖盘
299,13:38:10,20.02,--,35,70070,卖盘
300,13:38:05,20.02,--,10,20020,卖盘
301,13:37:59,20.02,--,2,4004,卖盘
302,13:37:44,20.02,--,2,4004,卖盘
303,13:37:20,20.02,--,10,20020,卖盘
304,13:36:59,20.02,--,1,2002,卖盘
305,13:36:55,20.02,--,123,246246,卖盘
306,13:36:50,20.02,--,40,80080,卖盘
307,13:36:34,20.02,--,20,40040,卖盘
308,13:36:25,20.02,--,10,20020,卖盘
309,13:36:20,20.02,--,20,40040,卖盘
310,13:36:10,20.02,--,110,220220,卖盘
311,13:36:04,20.02,--,5,10010,卖盘
312,13:35:59,20.02,--,4,8008,卖盘
313,13:35:49,20.02,--,20,40040,卖盘
314,13:35:29,20.02,--,10,20020,卖盘
315,13:35:25,20.02,--,2,4004,卖盘
316,13:35:14,20.02,--,10,20020,卖盘
317,13:35:04,20.02,--,13,26026,卖盘
318,13:34:49,20.02,--,40,80080,卖盘
319,13:34:40,20.02,--,17,34034,卖盘
320,13:34:34,20.02,--,1,2002,卖盘
321,13:34:29,20.02,--,5,10010,卖盘
322,13:34:19,20.02,--,54,108108,卖盘
323,13:34:04,20.02,--,2,4004,卖盘
324,13:33:44,20.02,--,10,20020,卖盘
325,13:33:40,20.02,--,10,20020,卖盘
326,13:33:34,20.02,--,8,16016,卖盘
327,13:33:25,20.02,--,331,662662,卖盘
328,13:33:10,20.02,--,100,200200,卖盘
329,13:32:59,20.02,--,10,20020,卖盘
330,13:32:54,20.02,--,5,10010,卖盘
331,13:32:44,20.02,--,4,8008,卖盘
332,13:32:39,20.02,--,50,100100,卖盘
333,13:32:34,20.02,--,10,20020,卖盘
334,13:32:29,20.02,--,30,60060,卖盘
335,13:32:19,20.02,--,13,26026,卖盘
336,13:32:04,20.02,--,161,322322,卖盘
337,13:31:54,20.02,--,9,18018,卖盘
338,13:31:49,20.02,--,24,48048,卖盘
339,13:31:39,20.02,--,528,1058016,卖盘
340,13:31:19,20.02,--,5,10010,卖盘
341,13:31:04,20.02,--,5,10010,卖盘
342,13:30:44,20.02,--,180,360360,卖盘
343,13:30:38,20.02,--,108,216216,卖盘
344,13:30:19,20.02,--,20,40040,卖盘
345,13:30:14,20.02,--,92,184184,卖盘
346,13:30:04,20.02,--,20,40040,卖盘
347,13:29:49,20.02,--,155,310310,卖盘
348,13:29:44,20.02,--,30,60060,卖盘
349,13:29:34,20.02,--,15,30030,卖盘
350,13:28:49,20.02,--,25,50050,卖盘
351,13:28:44,20.02,--,9,18018,卖盘
352,13:28:28,20.02,--,10,20020,卖盘
353,13:28:19,20.02,--,3,6006,卖盘
354,13:28:04,20.02,--,16,32032,卖盘
355,13:27:38,20.02,--,1,2002,卖盘
356,13:27:34,20.02,--,17,34034,卖盘
357,13:27:28,20.02,--,30,60060,卖盘
358,13:27:19,20.02,--,1,2002,卖盘
359,13:27:04,20.02,--,3,6006,卖盘
360,13:26:53,20.02,--,10,20020,卖盘
361,13:26:48,20.02,--,4,8008,卖盘
362,13:26:23,20.02,--,5,10010,卖盘
363,13:26:18,20.02,--,3,6006,卖盘
364,13:26:13,20.02,--,2,4004,卖盘
365,13:25:33,20.02,--,109,218218,卖盘
366,13:25:28,20.02,--,109,218218,卖盘
367,13:24:58,20.02,--,163,326326,卖盘
368,13:24:53,20.02,--,34,68068,卖盘
369,13:24:43,20.02,--,50,100100,卖盘
370,13:24:28,20.02,--,150,300300,卖盘
371,13:24:23,20.02,--,109,218218,卖盘
372,13:24:13,20.02,--,100,200200,卖盘
373,13:24:03,20.02,--,2,4004,卖盘
374,13:23:43,20.02,--,219,438438,卖盘
375,13:23:28,20.02,--,6,12012,卖盘
376,13:22:58,20.02,--,1,2002,卖盘
377,13:22:53,20.02,--,2,4004,卖盘
378,13:22:47,20.02,--,1,2002,卖盘
379,13:22:43,20.02,--,1,2002,卖盘
380,13:22:38,20.02,--,300,600600,卖盘
381,13:22:28,20.02,--,1,2002,卖盘
382,13:22:23,20.02,--,15,30030,卖盘
383,13:21:58,20.02,--,2,4004,卖盘
384,13:20:58,20.02,--,5,10010,卖盘
385,13:20:43,20.02,--,80,160160,卖盘
386,13:20:32,20.02,--,105,210210,卖盘
387,13:20:28,20.02,--,4,8008,卖盘
388,13:20:22,20.02,--,3,6006,卖盘
389,13:19:58,20.02,--,154,308308,卖盘
390,13:19:47,20.02,--,5,10010,卖盘
391,13:19:37,20.02,--,99,198198,卖盘
392,13:19:27,20.02,--,50,100100,卖盘
393,13:19:07,20.02,--,10,20020,卖盘
394,13:18:52,20.02,--,8,16016,卖盘
395,13:18:37,20.02,--,9,18018,卖盘
396,13:18:27,20.02,--,5,10010,卖盘
397,13:18:12,20.02,--,1,2002,卖盘
398,13:18:02,20.02,--,2,4004,卖盘
399,13:17:57,20.02,--,2,4004,卖盘
400,13:17:47,20.02,--,6,12012,卖盘
401,13:17:42,20.02,--,100,200200,卖盘
402,13:17:37,20.02,--,5,10010,卖盘
403,13:17:32,20.02,--,5,10010,卖盘
404,13:17:22,20.02,--,4,8008,卖盘
405,13:16:42,20.02,--,54,108108,卖盘
406,13:16:27,20.02,--,1,2002,卖盘
407,13:16:17,20.02,--,1,2002,卖盘
408,13:16:07,20.02,--,99,198198,卖盘
409,13:15:52,20.02,--,15,30030,卖盘
410,13:15:37,20.02,--,10,20020,卖盘
411,13:15:22,20.02,--,10,20020,卖盘
412,13:15:17,20.02,--,1,2002,卖盘
413,13:15:07,20.02,--,150,300300,卖盘
414,13:14:47,20.02,--,33,66066,卖盘
415,13:14:37,20.02,--,54,108108,卖盘
416,13:14:17,20.02,--,3,6006,卖盘
417,13:13:47,20.02,--,3,6006,卖盘
418,13:13:32,20.02,--,2,4004,卖盘
419,13:13:11,20.02,--,1,2002,卖盘
420,13:12:52,20.02,--,5,10010,卖盘
421,13:12:37,20.02,--,2,4004,卖盘
422,13:12:25,20.02,--,10,20020,卖盘
423,13:12:22,20.02,--,3,6006,卖盘
424,13:12:16,20.02,--,15,30030,卖盘
425,13:11:31,20.02,--,1,2002,卖盘
426,13:11:21,20.02,--,15,30030,卖盘
427,13:11:16,20.02,--,6,12012,卖盘
428,13:11:06,20.02,--,1,2002,卖盘
429,13:10:36,20.02,--,3,6006,卖盘
430,13:10:21,20.02,--,2,4004,卖盘
431,13:10:06,20.02,--,1,2002,卖盘
432,13:09:56,20.02,--,14,28028,卖盘
433,13:09:51,20.02,--,3,6006,卖盘
434,13:09:41,20.02,--,12,24024,卖盘
435,13:09:36,20.02,--,50,100100,卖盘
436,13:09:31,20.02,--,10,20020,卖盘
437,13:09:06,20.02,--,2,4004,卖盘
438,13:08:56,20.02,--,3,6006,卖盘
439,13:08:46,20.02,--,2,4004,卖盘
440,13:08:36,20.02,--,3,6006,卖盘
441,13:08:26,20.02,--,1,2002,卖盘
442,13:08:21,20.02,--,16,32032,卖盘
443,13:08:16,20.02,--,20,40040,卖盘
444,13:08:06,20.02,--,2,4004,卖盘
445,13:07:56,20.02,--,2,4004,卖盘
446,13:07:46,20.02,--,5,10010,卖盘
447,13:07:36,20.02,--,20,40040,卖盘
448,13:07:26,20.02,--,2,4004,卖盘
449,13:07:20,20.02,--,30,60060,卖盘
450,13:07:16,20.02,--,6,12012,卖盘
451,13:07:11,20.02,--,22,44044,卖盘
452,13:06:50,20.02,--,10,20020,卖盘
453,13:06:20,20.02,--,2,4004,卖盘
454,13:06:16,20.02,--,20,40040,卖盘
455,13:06:11,20.02,--,3,6006,卖盘
456,13:06:01,20.02,--,3,6006,卖盘
457,13:05:46,20.02,--,2,4004,卖盘
458,13:05:41,20.02,--,5,10010,卖盘
459,13:05:26,20.02,--,1,2002,卖盘
460,13:05:19,20.02,--,7,14014,卖盘
461,13:05:15,20.02,--,52,104104,卖盘
462,13:04:45,20.02,--,10,20020,卖盘
463,13:04:30,20.02,--,5,10010,卖盘
464,13:04:15,20.02,--,2,4004,卖盘
465,13:04:00,20.02,--,1,2002,卖盘
466,13:03:00,20.02,--,20,40040,卖盘
467,13:02:40,20.02,--,4,8008,卖盘
468,13:02:30,20.02,--,23,46046,卖盘
469,13:02:15,20.02,--,40,80080,卖盘
470,13:02:10,20.02,--,10,20020,卖盘
471,13:01:45,20.02,--,10,20020,卖盘
472,13:01:40,20.02,--,20,40040,卖盘
473,13:01:30,20.02,--,20,40040,卖盘
474,13:01:25,20.02,--,10,20020,卖盘
475,13:01:15,20.02,--,300,600600,卖盘
476,13:01:10,20.02,--,14,28028,卖盘
477,13:01:04,20.02,--,20,40040,卖盘
478,13:01:00,20.02,--,1,2002,卖盘
479,13:00:55,20.02,--,30,60060,卖盘
480,13:00:45,20.02,--,10,20020,卖盘
481,13:00:30,20.02,--,5,10010,卖盘
482,13:00:15,20.02,--,4,8008,卖盘
483,13:00:10,20.02,--,443,886886,卖盘
484,13:00:05,20.02,--,622,1245384,卖盘
485,11:30:00,20.02,--,0,0,卖盘
486,11:29:59,20.02,--,0,0,卖盘
487,11:29:56,20.02,--,1,2002,卖盘
488,11:29:11,20.02,--,1,2002,卖盘
489,11:28:56,20.02,--,10,20020,卖盘
490,11:28:41,20.02,--,11,22022,卖盘
491,11:28:30,20.02,--,1,2002,卖盘
492,11:28:15,20.02,--,30,60060,卖盘
493,11:27:56,20.02,--,6,12012,卖盘
494,11:27:45,20.02,--,20,40040,卖盘
495,11:27:15,20.02,--,1,2002,卖盘
496,11:27:10,20.02,--,2,4004,卖盘
497,11:27:05,20.02,--,65,130130,卖盘
498,11:26:55,20.02,--,44,88088,卖盘
499,11:26:40,20.02,--,50,100100,卖盘
500,11:26:10,20.02,--,20,40040,卖盘
501,11:25:55,20.02,--,3,6006,卖盘
502,11:25:45,20.02,--,35,70070,卖盘
503,11:25:25,20.02,--,7,14014,卖盘
504,11:24:50,20.02,--,8,16016,卖盘
505,11:24:30,20.02,--,28,56056,卖盘
506,11:24:25,20.02,--,18,36036,卖盘
507,11:24:00,20.02,--,1,2002,卖盘
508,11:23:55,20.02,--,100,200200,卖盘
509,11:23:45,20.02,--,5,10010,卖盘
510,11:23:35,20.02,--,50,100100,卖盘
511,11:23:30,20.02,--,1,2002,卖盘
512,11:23:05,20.02,--,10,20020,卖盘
513,11:22:50,20.02,--,3,6006,卖盘
514,11:22:44,20.02,--,10,20020,卖盘
515,11:22:40,20.02,--,7,14014,卖盘
516,11:22:30,20.02,--,30,60060,卖盘
517,11:22:15,20.02,--,3,6006,卖盘
518,11:22:04,20.02,--,84,168168,卖盘
519,11:21:49,20.02,--,1,2002,卖盘
520,11:21:45,20.02,--,50,100100,卖盘
521,11:21:30,20.02,--,5,10010,卖盘
522,11:21:24,20.02,--,4,8008,卖盘
523,11:21:19,20.02,--,2,4004,卖盘
524,11:21:14,20.02,--,5,10010,卖盘
525,11:21:04,20.02,--,99,198198,卖盘
526,11:20:59,20.02,--,5,10010,卖盘
527,11:20:54,20.02,--,1,2002,卖盘
528,11:20:44,20.02,--,2,4004,卖盘
529,11:20:29,20.02,--,2,4004,卖盘
530,11:20:23,20.02,--,50,100100,卖盘
531,11:20:19,20.02,--,11,22022,卖盘
532,11:20:14,20.02,--,24,48048,卖盘
533,11:20:09,20.02,--,9,18018,卖盘
534,11:20:04,20.02,--,2,4004,卖盘
535,11:19:49,20.02,--,2,4004,卖盘
536,11:19:44,20.02,--,16,32032,卖盘
537,11:19:04,20.02,--,19,38038,卖盘
538,11:18:59,20.02,--,15,30030,卖盘
539,11:18:53,20.02,--,3,6006,卖盘
540,11:18:49,20.02,--,5,10010,卖盘
541,11:18:19,20.02,--,21,42042,卖盘
542,11:17:53,20.02,--,3,6006,卖盘
543,11:17:49,20.02,--,35,70070,卖盘
544,11:17:24,20.02,--,2,4004,卖盘
545,11:17:14,20.02,--,2,4004,卖盘
546,11:16:59,20.02,--,7,14014,卖盘
547,11:16:44,20.02,--,18,36036,卖盘
548,11:16:34,20.02,--,10,20020,卖盘
549,11:16:19,20.02,--,48,96096,卖盘
550,11:16:14,20.02,--,40,80080,卖盘
551,11:16:04,20.02,--,8,16016,卖盘
552,11:15:53,20.02,--,235,470470,卖盘
553,11:15:49,20.02,--,1,2002,卖盘
554,11:15:44,20.02,--,1,2002,卖盘
555,11:15:38,20.02,--,1,2002,卖盘
556,11:15:19,20.02,--,1,2002,卖盘
557,11:15:03,20.02,--,1,2002,卖盘
558,11:14:53,20.02,--,3,6006,卖盘
559,11:14:17,20.02,--,46,92092,卖盘
560,11:14:13,20.02,--,21,42042,卖盘
561,11:13:58,20.02,--,96,194113,卖盘
562,11:13:53,20.02,--,1,2002,卖盘
563,11:13:47,20.02,--,2,4004,卖盘
564,11:13:43,20.02,--,4,8008,卖盘
565,11:13:38,20.02,--,1,2002,卖盘
566,11:13:28,20.02,--,4,8008,卖盘
567,11:13:13,20.02,--,1,2002,卖盘
568,11:13:08,20.02,--,6,12012,卖盘
569,11:12:58,20.02,--,2,4004,卖盘
570,11:12:47,20.02,--,24,48048,卖盘
571,11:12:43,20.02,--,60,120320,卖盘
572,11:12:38,20.02,--,2,4004,卖盘
573,11:12:28,20.02,--,100,200200,卖盘
574,11:12:23,20.02,--,5,10010,卖盘
575,11:11:58,20.02,--,2,4004,卖盘
576,11:11:47,20.02,--,10,20020,卖盘
577,11:11:38,20.02,--,4,8008,卖盘
578,11:11:23,20.02,--,20,40040,卖盘
579,11:11:17,20.02,--,2,4004,卖盘
580,11:10:43,20.02,--,20,40040,卖盘
581,11:10:38,20.02,--,1,2002,卖盘
582,11:10:28,20.02,--,2,4004,卖盘
583,11:10:23,20.02,--,20,40040,卖盘
584,11:10:13,20.02,--,8,16016,卖盘
585,11:09:58,20.02,--,26,52052,卖盘
586,11:09:43,20.02,--,10,20020,卖盘
587,11:09:28,20.02,--,60,120120,卖盘
588,11:09:23,20.02,--,25,50050,卖盘
589,11:09:08,20.02,--,2,4004,卖盘
590,11:08:53,20.02,--,4,8008,卖盘
591,11:08:32,20.02,--,22,44044,卖盘
592,11:08:17,20.02,--,1,2002,卖盘
593,11:08:08,20.02,--,10,20020,卖盘
594,11:07:53,20.02,--,10,20020,卖盘
595,11:07:47,20.02,--,8,16016,卖盘
596,11:07:32,20.02,--,8,16016,卖盘
597,11:07:26,20.02,--,28,56056,卖盘
598,11:07:17,20.02,--,3,6006,卖盘
599,11:07:11,20.02,--,1,2002,卖盘
600,11:07:02,20.02,--,2,4004,卖盘
601,11:06:37,20.02,--,1,2002,卖盘
602,11:06:32,20.02,--,5,10010,卖盘
603,11:06:26,20.02,--,9,18018,卖盘
604,11:06:07,20.02,--,15,30030,卖盘
605,11:06:02,20.02,--,2,4004,卖盘
606,11:05:37,20.02,--,1,2002,卖盘
607,11:05:26,20.02,--,1,2002,卖盘
608,11:05:22,20.02,--,5,10010,卖盘
609,11:05:07,20.02,--,12,24024,卖盘
610,11:05:01,20.02,--,3,6006,卖盘
611,11:04:52,20.02,--,5,10010,卖盘
612,11:04:26,20.02,--,15,30030,卖盘
613,11:04:16,20.02,--,3,6006,卖盘
614,11:04:11,20.02,--,6,12012,卖盘
615,11:03:56,20.02,--,5,10010,卖盘
616,11:03:52,20.02,--,34,68068,卖盘
617,11:03:46,20.02,--,3,6006,卖盘
618,11:03:41,20.02,--,55,110110,卖盘
619,11:03:37,20.02,--,1,2002,卖盘
620,11:03:26,20.02,--,5,10010,卖盘
621,11:03:11,20.02,--,12,24024,卖盘
622,11:03:07,20.02,--,1,2002,卖盘
623,11:03:01,20.02,--,12,24024,卖盘
624,11:02:52,20.02,--,6,12012,卖盘
625,11:02:46,20.02,--,45,90090,卖盘
626,11:02:37,20.02,--,2,4004,卖盘
627,11:02:22,20.02,--,5,10010,卖盘
628,11:02:07,20.02,--,2,4004,卖盘
629,11:02:01,20.02,--,17,34034,卖盘
630,11:01:41,20.02,--,2,4004,卖盘
631,11:01:31,20.02,--,34,68068,卖盘
632,11:00:56,20.02,--,23,46046,卖盘
633,11:00:46,20.02,--,1,2002,卖盘
634,11:00:41,20.02,--,3,6006,卖盘
635,11:00:26,20.02,--,5,10010,卖盘
636,11:00:11,20.02,--,58,116116,卖盘
637,11:00:05,20.02,--,5,10010,卖盘
638,11:00:01,20.02,--,5,10010,卖盘
639,10:59:56,20.02,--,13,26026,卖盘
640,10:59:50,20.02,--,1,2002,卖盘
641,10:59:46,20.02,--,2,4004,卖盘
642,10:59:31,20.02,--,14,28028,卖盘
643,10:59:26,20.02,--,20,40040,卖盘
644,10:59:16,20.02,--,11,22022,卖盘
645,10:59:11,20.02,--,5,10010,卖盘
646,10:59:01,20.02,--,3,6986,卖盘
647,10:58:55,20.02,--,20,40040,卖盘
648,10:58:31,20.02,--,35,70070,卖盘
649,10:58:25,20.02,--,20,40040,卖盘
650,10:58:16,20.02,--,55,110110,卖盘
651,10:58:10,20.02,--,28,56056,卖盘
652,10:58:01,20.02,--,3,6006,卖盘
653,10:57:55,20.02,--,5,10010,卖盘
654,10:57:46,20.02,--,5,10010,卖盘
655,10:57:31,20.02,--,30,60060,卖盘
656,10:57:25,20.02,--,21,42042,卖盘
657,10:57:16,20.02,--,15,30030,卖盘
658,10:57:10,20.02,--,6,12012,卖盘
659,10:57:01,20.02,--,1,2002,卖盘
660,10:56:46,20.02,--,2,4004,卖盘
661,10:56:30,20.02,--,1,2002,卖盘
662,10:56:10,20.02,--,9,18018,卖盘
663,10:56:05,20.02,--,3,6006,卖盘
664,10:56:01,20.02,--,14,28028,卖盘
665,10:55:55,20.02,--,7,14014,卖盘
666,10:55:45,20.02,--,157,314314,卖盘
667,10:55:40,20.02,--,2,4004,卖盘
668,10:55:35,20.02,--,100,200200,卖盘
669,10:55:30,20.02,--,6,12012,卖盘
670,10:55:25,20.02,--,11,22022,卖盘
671,10:55:15,20.02,--,15,30030,卖盘
672,10:54:55,20.02,--,20,40040,卖盘
673,10:54:50,20.02,--,4,8008,卖盘
674,10:54:30,20.02,--,10,20020,卖盘
675,10:54:15,20.02,--,1,2002,卖盘
676,10:54:05,20.02,--,74,148148,卖盘
677,10:54:00,20.02,--,95,190190,卖盘
678,10:53:55,20.02,--,8,16016,卖盘
679,10:53:44,20.02,--,3,6006,卖盘
680,10:53:29,20.02,--,1,2002,卖盘
681,10:53:20,20.02,--,6,12012,卖盘
682,10:53:14,20.02,--,10,20020,卖盘
683,10:53:10,20.02,--,4,8008,卖盘
684,10:52:59,20.02,--,5,10010,卖盘
685,10:52:50,20.02,--,150,300300,卖盘
686,10:52:40,20.02,--,20,40040,卖盘
687,10:52:35,20.02,--,16,32032,卖盘
688,10:52:29,20.02,--,10,20020,卖盘
689,10:52:25,20.02,--,2,4004,卖盘
690,10:52:20,20.02,--,1000,2002000,卖盘
691,10:52:14,20.02,--,6,12012,卖盘
692,10:52:10,20.02,--,8,16016,卖盘
693,10:51:55,20.02,--,11,22022,卖盘
694,10:51:50,20.02,--,0,1501,卖盘
695,10:51:20,20.02,--,17,34034,卖盘
696,10:51:04,20.02,--,7,14014,卖盘
697,10:50:55,20.02,--,50,100100,卖盘
698,10:50:49,20.02,--,10,20020,卖盘
699,10:50:44,20.02,--,7,14014,卖盘
700,10:50:40,20.02,--,13,26026,卖盘
701,10:50:34,20.02,--,13,26026,卖盘
702,10:50:29,20.02,--,6,12012,卖盘
703,10:50:25,20.02,--,2,4004,卖盘
704,10:50:19,20.02,--,8,16016,卖盘
705,10:50:14,20.02,--,50,100100,卖盘
706,10:49:55,20.02,--,69,138138,卖盘
707,10:49:49,20.02,--,10,20020,卖盘
708,10:49:39,20.02,--,40,80080,卖盘
709,10:49:34,20.02,--,19,38038,卖盘
710,10:49:29,20.02,--,34,68068,卖盘
711,10:49:19,20.02,--,330,660660,卖盘
712,10:49:09,20.02,--,7,14014,卖盘
713,10:48:59,20.02,--,5,10010,卖盘
714,10:48:44,20.02,--,1,2002,卖盘
715,10:48:24,20.02,--,128,256256,卖盘
716,10:48:19,20.02,--,20,40040,卖盘
717,10:48:14,20.02,--,1,2002,卖盘
718,10:48:04,20.02,--,1,2002,卖盘
719,10:47:49,20.02,--,100,200200,卖盘
720,10:47:44,20.02,--,3,6006,卖盘
721,10:47:39,20.02,--,2,4004,卖盘
722,10:47:34,20.02,--,27,54054,卖盘
723,10:47:24,20.02,--,16,32032,卖盘
724,10:47:14,20.02,--,23,46046,卖盘
725,10:46:54,20.02,--,1,2002,卖盘
726,10:46:49,20.02,--,238,476476,卖盘
727,10:46:44,20.02,--,1,2002,卖盘
728,10:46:23,20.02,--,1,2002,卖盘
729,10:46:19,20.02,--,1,2002,卖盘
730,10:46:14,20.02,--,1,2002,卖盘
731,10:46:08,20.02,--,1,2002,卖盘
732,10:45:53,20.02,--,1,2002,卖盘
733,10:45:49,20.02,--,73,146146,卖盘
734,10:45:29,20.02,--,10,20020,卖盘
735,10:45:14,20.02,--,1,2002,卖盘
736,10:45:08,20.02,--,5,10010,卖盘
737,10:45:04,20.02,--,5,10010,卖盘
738,10:44:59,20.02,--,85,170170,卖盘
739,10:44:53,20.02,--,100,200200,卖盘
740,10:44:49,20.02,--,31,62062,卖盘
741,10:44:44,20.02,--,12,24024,卖盘
742,10:44:19,20.02,--,1,2002,卖盘
743,10:44:04,20.02,--,7,14014,卖盘
744,10:43:49,20.02,--,20,40040,卖盘
745,10:43:43,20.02,--,1,2002,卖盘
746,10:43:38,20.02,--,10,20020,卖盘
747,10:43:34,20.02,--,126,252252,卖盘
748,10:43:28,20.02,--,30,60060,卖盘
749,10:43:19,20.02,--,34,68068,卖盘
750,10:42:58,20.02,--,55,110110,卖盘
751,10:42:53,20.02,--,4,8008,卖盘
752,10:42:43,20.02,--,11,22022,卖盘
753,10:42:28,20.02,--,1,2002,卖盘
754,10:42:23,20.02,--,15,30030,卖盘
755,10:42:18,20.02,--,7,14014,卖盘
756,10:42:13,20.02,--,306,612612,卖盘
757,10:42:08,20.02,--,23,46046,卖盘
758,10:42:03,20.02,--,138,276276,卖盘
759,10:41:58,20.02,--,1,2002,卖盘
760,10:41:53,20.02,--,40,80080,卖盘
761,10:41:43,20.02,--,15,30030,卖盘
762,10:41:28,20.02,--,34,68068,卖盘
763,10:41:23,20.02,--,105,210210,卖盘
764,10:41:18,20.02,--,10,20020,卖盘
765,10:41:13,20.02,--,74,148148,卖盘
766,10:41:08,20.02,--,2,4004,卖盘
767,10:41:03,20.02,--,9,18018,卖盘
768,10:40:58,20.02,--,40,80080,卖盘
769,10:40:53,20.02,--,1,2002,卖盘
770,10:40:48,20.02,--,9,18018,卖盘
771,10:40:43,20.02,--,2,4004,卖盘
772,10:40:38,20.02,--,6,12012,卖盘
773,10:40:28,20.02,--,122,244244,卖盘
774,10:40:23,20.02,--,215,430430,卖盘
775,10:40:18,20.02,--,102,204204,卖盘
776,10:40:08,20.02,--,3,6006,卖盘
777,10:40:03,20.02,--,40,80080,卖盘
778,10:39:58,20.02,--,40,80080,卖盘
779,10:39:53,20.02,--,15,30030,卖盘
780,10:39:48,20.02,--,1,2002,卖盘
781,10:39:43,20.02,--,20,40040,卖盘
782,10:39:38,20.02,--,7,14014,卖盘
783,10:39:33,20.02,--,8,16016,卖盘
784,10:39:28,20.02,--,5,10010,卖盘
785,10:39:23,20.02,--,14,28028,卖盘
786,10:39:17,20.02,--,146,292292,卖盘
787,10:39:08,20.02,--,28,56056,卖盘
788,10:39:02,20.02,--,58,116116,卖盘
789,10:38:58,20.02,--,17,34034,卖盘
790,10:38:53,20.02,--,15,30030,卖盘
791,10:38:43,20.02,--,1021,2044042,卖盘
792,10:38:28,20.02,--,34,68068,卖盘
793,10:38:23,20.02,--,8,16016,卖盘
794,10:38:17,20.02,--,32,64064,卖盘
795,10:38:13,20.02,--,127,254254,卖盘
796,10:38:08,20.02,--,148,296296,卖盘
797,10:38:02,20.02,--,20,40040,卖盘
798,10:37:58,20.02,--,1,2002,卖盘
799,10:37:53,20.02,--,7,14014,卖盘
800,10:37:47,20.02,--,24,48048,卖盘
801,10:37:43,20.02,--,41,82082,卖盘
802,10:37:38,20.02,--,31,62062,卖盘
803,10:37:32,20.02,--,11,22022,卖盘
804,10:37:28,20.02,--,10,20020,卖盘
805,10:37:23,20.02,--,3,6006,卖盘
806,10:37:17,20.02,--,1,2002,卖盘
807,10:37:12,20.02,--,16,32032,卖盘
808,10:37:08,20.02,--,63,126126,卖盘
809,10:37:02,20.02,--,13,26026,卖盘
810,10:36:58,20.02,--,19,38038,卖盘
811,10:36:53,20.02,--,196,392392,卖盘
812,10:36:47,20.02,--,4,8008,卖盘
813,10:36:43,20.02,--,5,10010,卖盘
814,10:36:37,20.02,--,57,114114,卖盘
815,10:36:32,20.02,--,20,40040,卖盘
816,10:36:27,20.02,--,3,6006,卖盘
817,10:36:22,20.02,--,6,12012,卖盘
818,10:36:17,20.02,--,50,100100,卖盘
819,10:36:13,20.02,--,28,56056,卖盘
820,10:36:07,20.02,--,544,1089088,卖盘
821,10:36:02,20.02,--,23,46046,卖盘
822,10:35:57,20.02,--,4,8008,卖盘
823,10:35:52,20.02,--,37,74074,卖盘
824,10:35:47,20.02,--,37,74074,卖盘
825,10:35:42,20.02,--,114,228228,卖盘
826,10:35:37,20.02,--,163,326326,卖盘
827,10:35:32,20.02,--,1,2002,卖盘
828,10:35:27,20.02,--,80,160160,卖盘
829,10:35:22,20.02,--,16,32032,卖盘
830,10:35:17,20.02,--,10,20020,卖盘
831,10:35:12,20.02,--,1,2002,卖盘
832,10:35:07,20.02,--,66,132132,卖盘
833,10:35:02,20.02,--,28,56056,卖盘
834,10:34:57,20.02,--,161,322322,卖盘
835,10:34:52,20.02,--,579,1159158,卖盘
836,10:34:47,20.02,--,40,80080,卖盘
837,10:34:42,20.02,--,28,56056,卖盘
838,10:34:37,20.02,--,245,490490,卖盘
839,10:34:32,20.02,--,31,62062,卖盘
840,10:34:27,20.02,--,2,4004,卖盘
841,10:34:22,20.02,--,111,222222,卖盘
842,10:34:17,20.02,--,10,20020,卖盘
843,10:34:12,20.02,--,648,1297296,卖盘
844,10:34:07,20.02,--,11,22022,卖盘
845,10:34:02,20.02,--,92,184184,卖盘
846,10:33:57,20.02,--,25,50050,卖盘
847,10:33:52,20.02,--,65,130130,卖盘
848,10:33:47,20.02,--,15,30030,卖盘
849,10:33:42,20.02,--,134,268268,卖盘
850,10:33:37,20.02,--,30,60060,卖盘
851,10:33:27,20.02,--,890,1781780,卖盘
852,10:33:22,20.02,--,264,528528,卖盘
853,10:33:17,20.02,--,63,126126,卖盘
854,10:33:07,20.02,--,8,16016,卖盘
855,10:33:02,20.02,--,17,34034,卖盘
856,10:32:57,20.02,--,165,330330,卖盘
857,10:32:52,20.02,--,10,20020,卖盘
858,10:32:42,20.02,--,10,20020,卖盘
859,10:32:37,20.02,--,11,22022,卖盘
860,10:32:32,20.02,--,11,22022,卖盘
861,10:32:27,20.02,--,1,2002,卖盘
862,10:32:22,20.02,--,371,743002,卖盘
863,10:32:17,20.02,--,200,400400,卖盘
864,10:32:12,20.02,--,5,10010,卖盘
865,10:32:07,20.02,--,13,26026,卖盘
866,10:32:02,20.02,--,45,90090,卖盘
867,10:31:56,20.02,--,72,144144,卖盘
868,10:31:52,20.02,--,111,222222,卖盘
869,10:31:47,20.02,--,135,270270,卖盘
870,10:31:37,20.02,--,41,82082,卖盘
871,10:31:32,20.02,--,2,4004,卖盘
872,10:31:26,20.02,--,56,112112,卖盘
873,10:31:22,20.02,--,63,126866,卖盘
874,10:31:17,20.02,--,30,60060,卖盘
875,10:31:11,20.02,--,36,72072,卖盘
876,10:31:07,20.02,--,1,2002,卖盘
877,10:31:02,20.02,--,3,6006,卖盘
878,10:30:52,20.02,--,5,10010,卖盘
879,10:30:47,20.02,--,111,222222,卖盘
880,10:30:41,20.02,--,11,22022,卖盘
881,10:30:36,20.02,--,10,20020,卖盘
882,10:30:32,20.02,--,44,88088,卖盘
883,10:30:26,20.02,--,51,102102,卖盘
884,10:30:22,20.02,--,40,80080,卖盘
885,10:30:17,20.02,--,5,10010,卖盘
886,10:30:11,20.02,--,86,172172,卖盘
887,10:30:06,20.02,--,2,4004,卖盘
888,10:30:02,20.02,--,93,186186,卖盘
889,10:29:56,20.02,--,4,8008,卖盘
890,10:29:51,20.02,--,4,8008,卖盘
891,10:29:46,20.02,--,39,78078,卖盘
892,10:29:41,20.02,--,50,100100,卖盘
893,10:29:36,20.02,--,5,10010,卖盘
894,10:29:31,20.02,--,61,122122,卖盘
895,10:29:26,20.02,--,30,60060,卖盘
896,10:29:21,20.02,--,547,1095094,卖盘
897,10:29:16,20.02,--,17,34034,卖盘
898,10:29:10,20.02,--,186,372372,卖盘
899,10:29:06,20.02,--,490,980980,卖盘
900,10:29:01,20.02,--,116,232232,卖盘
901,10:28:51,20.02,--,31,62062,卖盘
902,10:28:46,20.02,--,67,134134,卖盘
903,10:28:40,20.02,--,195,390390,卖盘
904,10:28:36,20.02,--,163,326326,卖盘
905,10:28:31,20.02,--,215,430430,卖盘
906,10:28:26,20.02,--,204,408408,卖盘
907,10:28:21,20.02,--,136,272272,卖盘
908,10:28:16,20.02,--,120,240240,卖盘
909,10:28:11,20.02,--,115,230230,卖盘
910,10:28:06,20.02,--,89,178178,卖盘
911,10:28:01,20.02,--,516,1034033,卖盘
912,10:27:56,20.02,--,55,110110,卖盘
913,10:27:51,20.02,--,63,128107,卖盘
914,10:27:46,20.02,--,340,681200,卖盘
915,10:27:41,20.02,--,4305,8618710,卖盘
916,10:27:36,20.02,--,10,20020,卖盘
917,10:27:31,20.02,--,60,120120,卖盘
918,10:27:26,20.02,--,33,66066,卖盘
919,10:27:21,20.02,--,195,390390,卖盘
920,10:27:16,20.02,--,79,158158,卖盘
921,10:27:10,20.02,--,1,2002,卖盘
922,10:27:06,20.02,--,75,150150,卖盘
923,10:27:01,20.02,--,81,162162,卖盘
924,10:26:56,20.02,--,2023,4050046,卖盘
925,10:26:51,20.02,--,72,144144,卖盘
926,10:26:46,20.02,--,127,256235,卖盘
927,10:26:40,20.02,--,16,32032,卖盘
928,10:26:36,20.02,--,51,102102,卖盘
929,10:26:31,20.02,--,287,574574,卖盘
930,10:26:21,20.02,--,88,176176,卖盘
931,10:26:16,20.02,--,25,50050,卖盘
932,10:26:10,20.02,--,31,62062,卖盘
933,10:26:06,20.02,--,25,50050,卖盘
934,10:26:01,20.02,--,95,190190,卖盘
935,10:25:51,20.02,--,34,68068,卖盘
936,10:25:46,20.02,--,14,28028,卖盘
937,10:25:40,20.02,--,17,34034,卖盘
938,10:25:36,20.02,--,484,968968,卖盘
939,10:25:31,20.02,--,40,80080,卖盘
940,10:25:26,20.02,--,1006,2014012,卖盘
941,10:25:21,20.02,--,21,42042,卖盘
942,10:25:16,20.02,--,301,602602,卖盘
943,10:25:11,20.02,--,51,102102,卖盘
944,10:25:06,20.02,--,158,316316,卖盘
945,10:25:01,20.02,--,34,68068,卖盘
946,10:24:56,20.02,--,29,58058,卖盘
947,10:24:51,20.02,--,1503,3010007,卖盘
948,10:24:46,20.02,--,21,42042,卖盘
949,10:24:40,20.02,--,2725,5457151,卖盘
950,10:24:34,20.02,--,12,24024,卖盘
951,10:24:31,20.02,--,38,76076,卖盘
952,10:24:25,20.02,--,94,188188,卖盘
953,10:24:16,20.02,--,27,54054,卖盘
954,10:24:10,20.02,--,190,380380,卖盘
955,10:24:04,20.02,--,141,282282,卖盘
956,10:24:01,20.02,--,50,100100,卖盘
957,10:23:55,20.02,--,624,1249248,卖盘
958,10:23:49,20.02,--,13,26026,卖盘
959,10:23:46,20.02,--,71,142142,卖盘
960,10:23:40,20.02,--,57,114114,卖盘
961,10:23:34,20.02,--,33,66066,卖盘
962,10:23:31,20.02,--,626,1253252,卖盘
963,10:23:25,20.02,--,75,150150,卖盘
964,10:23:19,20.02,--,425,850850,卖盘
965,10:23:15,20.02,--,51,102102,卖盘
966,10:23:10,20.02,--,53,106106,卖盘
967,10:23:05,20.02,--,29,58058,卖盘
968,10:23:00,20.02,--,4096,8200192,卖盘
969,10:22:55,20.02,--,173,346346,卖盘
970,10:22:49,20.02,--,105,210210,卖盘
971,10:22:45,20.02,--,230,460460,卖盘
972,10:22:40,20.02,--,161,322322,卖盘
973,10:22:34,20.02,--,133,266266,卖盘
974,10:22:30,20.02,--,73,146146,卖盘
975,10:22:25,20.02,--,331,662662,卖盘
976,10:22:19,20.02,--,385,770770,卖盘
977,10:22:15,20.02,--,457,914914,卖盘
978,10:22:10,20.02,--,317,634634,卖盘
979,10:22:04,20.02,0.02,1145,2293070,卖盘
980,10:22:00,20.0,-0.01,722,1444000,卖盘
981,10:21:55,20.01,0.01,3869,7741869,中性盘
982,10:21:49,20.0,-0.01,271,542000,卖盘
983,10:21:45,20.01,-0.01,346,692346,卖盘
984,10:21:40,20.02,--,653,1307306,买盘
985,10:21:34,20.02,--,165,330330,买盘
986,10:21:30,20.02,0.02,2285,4574770,买盘
987,10:21:25,20.0,--,178,357440,卖盘
988,10:21:19,20.0,--,1419,2838000,买盘
989,10:21:15,20.0,--,123,246000,卖盘
990,10:21:10,20.0,--,288,576000,买盘
991,10:21:04,20.0,0.01,52,104000,买盘
992,10:21:00,19.99,-0.01,1039,2076960,卖盘
993,10:20:55,20.0,--,290,580000,买盘
994,10:20:49,20.0,0.01,410,820000,买盘
995,10:20:45,19.99,-0.01,2643,5283357,卖盘
996,10:20:40,20.0,0.01,2015,4030000,买盘
997,10:20:34,19.99,--,30,59969,卖盘
998,10:20:30,19.99,0.2,3863,7722496,买盘
999,10:20:25,19.79,0.02,108,213732,买盘
1000,10:20:19,19.77,0.08,146,288642,买盘
1001,10:20:15,19.69,-0.06,439,864587,卖盘
1002,10:20:10,19.75,0.05,82,161950,买盘
1003,10:20:04,19.7,--,335,659950,卖盘
1004,10:20:00,19.7,-0.03,74,145780,卖盘
1005,10:19:55,19.73,0.06,222,438006,买盘
1006,10:19:49,19.67,-0.02,390,767130,卖盘
1007,10:19:45,19.69,0.02,97,190993,买盘
1008,10:19:40,19.67,-0.01,555,1091685,中性盘
1009,10:19:34,19.68,--,106,208608,买盘
1010,10:19:30,19.68,0.01,161,316848,买盘
1011,10:19:25,19.67,0.02,118,232106,买盘
1012,10:19:19,19.65,-0.01,67,131655,中性盘
1013,10:19:15,19.66,0.03,30,58980,买盘
1014,10:19:10,19.63,-0.01,63,123669,卖盘
1015,10:19:04,19.64,--,2,3928,买盘
1016,10:19:00,19.64,0.09,65,127660,买盘
1017,10:18:55,19.55,-0.03,388,758540,卖盘
1018,10:18:49,19.58,--,0,0,买盘
1019,10:18:45,19.58,0.03,66,129227,买盘
1020,10:18:40,19.55,0.04,117,228735,买盘
1021,10:18:34,19.51,0.01,73,142423,买盘
1022,10:18:30,19.5,--,20,39000,卖盘
1023,10:18:25,19.5,0.07,1484,2895633,买盘
1024,10:18:19,19.43,--,0,0,卖盘
1025,10:18:15,19.43,0.03,496,963728,买盘
1026,10:18:10,19.4,--,26,50439,卖盘
1027,10:18:04,19.4,--,3,5820,卖盘
1028,10:18:00,19.4,0.03,258,500519,买盘
1029,10:17:55,19.37,--,43,83291,卖盘
1030,10:17:49,19.37,--,5,9685,卖盘
1031,10:17:45,19.37,--,32,61984,卖盘
1032,10:17:40,19.37,0.03,319,617903,买盘
1033,10:17:34,19.34,0.01,183,353922,买盘
1034,10:17:30,19.33,--,52,100515,卖盘
1035,10:17:25,19.33,--,9,17397,卖盘
1036,10:17:19,19.33,--,2,3865,卖盘
1037,10:17:15,19.33,--,25,48324,卖盘
1038,10:17:10,19.33,0.01,25,48324,买盘
1039,10:17:04,19.32,0.01,11,21252,中性盘
1040,10:16:58,19.31,-0.02,40,77240,卖盘
1041,10:16:55,19.33,0.01,99,192410,买盘
1042,10:16:49,19.32,0.02,105,202860,买盘
1043,10:16:43,19.3,-0.01,6,11580,卖盘
1044,10:16:39,19.31,--,26,50206,买盘
1045,10:16:34,19.31,0.01,27,52137,中性盘
1046,10:16:28,19.3,-0.02,6,11580,卖盘
1047,10:16:24,19.32,0.02,6,11592,买盘
1048,10:16:19,19.3,0.01,15,28950,买盘
1049,10:16:13,19.29,--,0,0,卖盘
1050,10:16:10,19.29,0.01,42,81018,买盘
1051,10:16:04,19.28,-0.01,3,5784,卖盘
1052,10:15:58,19.29,--,3,5787,卖盘
1053,10:15:54,19.29,0.01,9,17361,中性盘
1054,10:15:49,19.28,-0.04,40,77120,中性盘
1055,10:15:43,19.32,0.05,114,220248,买盘
1056,10:15:39,19.27,-0.03,368,709136,卖盘
1057,10:15:34,19.3,--,246,474780,买盘
1058,10:15:28,19.3,--,47,90710,买盘
1059,10:15:24,19.3,--,137,264410,买盘
1060,10:15:19,19.3,--,290,559700,买盘
1061,10:15:13,19.3,-0.01,57,110010,买盘
1062,10:15:09,19.31,-0.01,193,372683,中性盘
1063,10:15:04,19.32,--,236,455952,买盘
1064,10:14:58,19.32,--,10,19320,买盘
1065,10:14:54,19.32,0.04,71,137172,买盘
1066,10:14:49,19.28,0.03,115,221720,买盘
1067,10:14:43,19.25,0.02,6,11550,买盘
1068,10:14:39,19.23,0.03,68,132360,买盘
1069,10:14:34,19.2,-0.03,72,138566,卖盘
1070,10:14:28,19.23,0.03,85,163455,买盘
1071,10:14:24,19.2,-0.01,35,67200,卖盘
1072,10:14:19,19.21,-0.02,139,268613,卖盘
1073,10:14:13,19.23,0.01,2,3846,买盘
1074,10:14:09,19.22,-0.01,10,19220,卖盘
1075,10:14:04,19.23,--,104,199992,卖盘
1076,10:13:58,19.23,-0.04,9,17307,卖盘
1077,10:13:54,19.27,0.04,2,3854,买盘
1078,10:13:49,19.23,-0.02,47,90381,卖盘
1079,10:13:43,19.25,-0.03,4,7700,卖盘
1080,10:13:39,19.28,--,81,156168,卖盘
1081,10:13:34,19.28,--,41,79048,卖盘
1082,10:13:24,19.28,-0.02,142,273776,卖盘
1083,10:13:19,19.3,--,6,11580,买盘
1084,10:13:13,19.3,--,101,194930,买盘
1085,10:13:09,19.3,-0.02,1186,2289867,卖盘
1086,10:13:04,19.32,--,8,15456,卖盘
1087,10:12:58,19.32,-0.03,5,9660,卖盘
1088,10:12:54,19.35,0.03,89,172215,买盘
1089,10:12:49,19.32,--,11,21252,卖盘
1090,10:12:43,19.32,--,0,0,卖盘
1091,10:12:39,19.32,--,180,347760,卖盘
1092,10:12:34,19.32,0.01,120,231840,买盘
1093,10:12:28,19.31,-0.01,2,3861,卖盘
1094,10:12:24,19.32,0.01,9,17388,买盘
1095,10:12:19,19.31,-0.01,4,8689,卖盘
1096,10:12:09,19.32,-0.04,23,44436,卖盘
1097,10:12:04,19.36,0.01,69,133584,买盘
1098,10:11:58,19.35,0.03,12,23220,买盘
1099,10:11:54,19.32,-0.03,126,243432,卖盘
1100,10:11:49,19.35,0.03,5,9675,买盘
1101,10:11:43,19.32,--,33,63756,买盘
1102,10:11:39,19.32,--,109,210588,卖盘
1103,10:11:33,19.32,--,4,7728,卖盘
1104,10:11:28,19.32,--,6,11592,卖盘
1105,10:11:24,19.32,--,25,48357,买盘
1106,10:11:19,19.32,0.01,32,61824,买盘
1107,10:11:09,19.31,-0.01,6,11586,卖盘
1108,10:11:04,19.32,--,7,13524,卖盘
1109,10:10:58,19.32,--,14,27048,卖盘
1110,10:10:54,19.32,-0.04,10,19320,卖盘
1111,10:10:48,19.36,0.05,19,36784,买盘
1112,10:10:39,19.31,--,6,11586,卖盘
1113,10:10:33,19.31,--,12,23172,卖盘
1114,10:10:28,19.31,--,6,11586,买盘
1115,10:10:23,19.31,--,48,92688,买盘
1116,10:10:18,19.31,-0.08,50,96550,卖盘
1117,10:10:13,19.39,0.09,2,3878,中性盘
1118,10:10:09,19.3,-0.1,365,704469,卖盘
1119,10:10:03,19.4,--,83,161020,买盘
1120,10:09:58,19.4,0.1,108,209519,买盘
1121,10:09:48,19.3,--,0,0,卖盘
1122,10:09:43,19.3,-0.1,60,115800,卖盘
1123,10:09:37,19.4,-0.05,6,11640,中性盘
1124,10:09:33,19.45,--,103,200335,卖盘
1125,10:09:28,19.45,0.05,415,807175,买盘
1126,10:09:22,19.4,-0.05,1,1939,卖盘
1127,10:09:18,19.45,0.01,43,83635,买盘
1128,10:09:13,19.44,--,117,227448,卖盘
1129,10:09:07,19.44,-0.01,1,1944,卖盘
1130,10:09:03,19.45,--,8,15560,买盘
1131,10:08:58,19.45,-0.01,294,572938,卖盘
1132,10:08:52,19.46,-0.02,467,908782,卖盘
1133,10:08:48,19.48,0.01,316,615568,买盘
1134,10:08:43,19.47,0.02,35,68145,买盘
1135,10:08:37,19.45,--,4,7780,卖盘
1136,10:08:33,19.45,-0.02,62,120590,卖盘
1137,10:08:28,19.47,0.02,140,272580,买盘
1138,10:08:22,19.45,--,3,5835,卖盘
1139,10:08:18,19.45,--,554,1077530,卖盘
1140,10:08:13,19.45,0.05,217,422901,买盘
1141,10:08:07,19.4,-0.05,127,246379,卖盘
1142,10:08:03,19.45,--,593,1154493,买盘
1143,10:07:58,19.45,0.01,43,83635,买盘
1144,10:07:52,19.44,0.02,91,177739,买盘
1145,10:07:48,19.42,0.03,207,401994,买盘
1146,10:07:43,19.39,-0.01,10,19390,中性盘
1147,10:07:37,19.4,--,0,0,买盘
1148,10:07:33,19.4,0.11,927,1798379,买盘
1149,10:07:28,19.29,--,79,152391,买盘
1150,10:07:22,19.29,-0.01,644,1242276,卖盘
1151,10:07:18,19.3,-0.03,365,704450,卖盘
1152,10:07:13,19.33,--,42,81186,买盘
1153,10:07:07,19.33,0.03,13,25128,买盘
1154,10:07:03,19.3,0.02,156,301080,买盘
1155,10:06:58,19.28,0.02,8,15424,买盘
1156,10:06:48,19.26,0.01,149,286974,买盘
1157,10:06:43,19.25,0.02,168,325248,买盘
1158,10:06:37,19.23,0.03,12,23076,买盘
1159,10:06:33,19.2,-0.03,10,19200,买盘
1160,10:06:28,19.23,0.03,274,526902,买盘
1161,10:06:22,19.2,--,104,199680,买盘
1162,10:06:18,19.2,-0.03,139,266956,卖盘
1163,10:06:13,19.23,0.03,31,59613,买盘
1164,10:06:07,19.2,-0.03,74,142080,卖盘
1165,10:06:03,19.23,0.02,6,11538,中性盘
1166,10:05:58,19.21,-0.02,122,234362,卖盘
1167,10:05:52,19.23,--,8,15384,卖盘
1168,10:05:48,19.23,--,61,117303,卖盘
1169,10:05:42,19.23,-0.05,49,94227,卖盘
1170,10:05:37,19.28,0.07,194,374032,买盘
1171,10:05:32,19.21,-0.02,77,149761,卖盘
1172,10:05:28,19.23,-0.05,64,123072,卖盘
1173,10:05:22,19.28,--,1,1928,买盘
1174,10:05:18,19.28,-0.02,27,52056,中性盘
1175,10:05:13,19.3,0.09,50,96500,买盘
1176,10:05:07,19.21,-0.09,31,59551,卖盘
1177,10:05:02,19.3,0.02,40,77200,买盘
1178,10:04:58,19.28,--,35,67480,卖盘
1179,10:04:52,19.28,-0.02,8,15424,卖盘
1180,10:04:48,19.3,--,357,689010,买盘
1181,10:04:42,19.3,-0.05,178,344003,卖盘
1182,10:04:37,19.35,-0.02,121,234135,买盘
1183,10:04:33,19.37,0.03,283,548171,买盘
1184,10:04:27,19.34,--,52,100568,卖盘
1185,10:04:22,19.34,0.01,36,69624,中性盘
1186,10:04:18,19.33,0.03,157,303481,买盘
1187,10:04:12,19.3,-0.04,379,731470,卖盘
1188,10:04:07,19.34,--,9,17406,买盘
1189,10:04:02,19.34,0.01,740,1431160,买盘
1190,10:03:57,19.33,-0.02,550,1063150,卖盘
1191,10:03:52,19.35,--,39,75465,卖盘
1192,10:03:47,19.35,0.01,847,1638945,买盘
1193,10:03:42,19.34,--,435,841290,卖盘
1194,10:03:37,19.34,-0.01,49,94766,卖盘
1195,10:03:33,19.35,--,28,54180,买盘
1196,10:03:27,19.35,-0.03,54,104490,卖盘
1197,10:03:22,19.38,--,40,77520,买盘
1198,10:03:17,19.38,-0.02,218,422484,卖盘
1199,10:03:12,19.4,0.01,23,44620,买盘
1200,10:03:07,19.39,-0.02,264,511896,卖盘
1201,10:03:02,19.41,-0.06,64,124224,中性盘
1202,10:02:57,19.47,-0.01,75,146025,买盘
1203,10:02:52,19.48,0.06,226,440248,买盘
1204,10:02:46,19.42,-0.06,105,203910,卖盘
1205,10:02:42,19.48,--,320,623360,买盘
1206,10:02:37,19.48,--,251,488948,买盘
1207,10:02:31,19.48,--,147,286356,买盘
1208,10:02:27,19.48,0.06,388,755824,买盘
1209,10:02:22,19.42,-0.06,193,374806,卖盘
1210,10:02:16,19.48,0.02,10,19480,买盘
1211,10:02:12,19.46,0.04,185,360010,买盘
1212,10:02:07,19.42,--,206,400052,卖盘
1213,10:02:01,19.42,--,2,3884,卖盘
1214,10:01:57,19.42,--,11,21362,卖盘
1215,10:01:52,19.42,0.07,58,112636,买盘
1216,10:01:46,19.35,--,27,52245,中性盘
1217,10:01:42,19.35,--,535,1035225,买盘
1218,10:01:37,19.35,0.02,293,566955,买盘
1219,10:01:31,19.33,--,53,102448,卖盘
1220,10:01:27,19.33,0.06,243,471188,买盘
1221,10:01:22,19.27,--,536,1033334,卖盘
1222,10:01:16,19.27,--,32,61664,卖盘
1223,10:01:12,19.27,--,181,350251,卖盘
1224,10:01:07,19.27,0.04,319,614713,买盘
1225,10:01:01,19.23,-0.01,78,149994,卖盘
1226,10:00:57,19.24,0.05,254,488695,买盘
1227,10:00:52,19.19,-0.08,994,1907486,卖盘
1228,10:00:46,19.27,0.07,38,73226,买盘
1229,10:00:42,19.2,-0.08,591,1134720,卖盘
1230,10:00:37,19.28,0.05,106,204368,买盘
1231,10:00:31,19.23,-0.06,51,98073,卖盘
1232,10:00:27,19.29,0.04,159,306711,买盘
1233,10:00:22,19.25,0.06,33,63525,买盘
1234,10:00:16,19.19,--,181,347339,卖盘
1235,10:00:12,19.19,--,314,602566,买盘
1236,10:00:07,19.19,0.09,155,297445,买盘
1237,10:00:01,19.1,--,278,530980,卖盘
1238,09:59:57,19.1,0.04,797,1522270,买盘
1239,09:59:52,19.06,-0.04,827,1576262,卖盘
1240,09:59:46,19.1,0.03,75,143250,买盘
1241,09:59:42,19.07,--,151,287957,买盘
1242,09:59:37,19.07,0.07,890,1697230,买盘
1243,09:59:31,19.0,-0.07,21,39900,卖盘
1244,09:59:27,19.07,0.08,160,305120,买盘
1245,09:59:22,18.99,--,512,972287,卖盘
1246,09:59:16,18.99,--,203,385496,卖盘
1247,09:59:11,18.99,-0.01,20,37980,卖盘
1248,09:59:07,19.0,0.07,704,1337600,买盘
1249,09:59:01,18.93,0.01,55,104115,买盘
1250,09:58:56,18.92,-0.01,120,227040,中性盘
1251,09:58:51,18.93,--,38,71934,买盘
1252,09:58:46,18.93,0.05,166,314238,买盘
1253,09:58:41,18.88,--,210,396480,卖盘
1254,09:58:36,18.88,--,71,134048,买盘
1255,09:58:31,18.88,0.03,71,134048,买盘
1256,09:58:26,18.85,0.01,72,135720,买盘
1257,09:58:21,18.84,0.04,133,250572,买盘
1258,09:58:16,18.8,--,4,7520,卖盘
1259,09:58:11,18.8,0.02,424,797120,买盘
1260,09:58:06,18.78,-0.02,70,131460,卖盘
1261,09:58:01,18.8,0.02,26,48880,买盘
1262,09:57:56,18.78,0.02,518,972804,买盘
1263,09:57:51,18.76,-0.02,7,13132,卖盘
1264,09:57:41,18.78,0.02,150,281700,买盘
1265,09:57:36,18.76,0.01,11,20636,买盘
1266,09:57:31,18.75,0.01,140,262500,中性盘
1267,09:57:26,18.74,-0.01,74,138676,卖盘
1268,09:57:21,18.75,0.01,120,225000,买盘
1269,09:57:16,18.74,-0.01,2,3747,卖盘
1270,09:57:11,18.75,0.01,14,26250,买盘
1271,09:57:06,18.74,-0.01,42,78708,卖盘
1272,09:57:01,18.75,--,2,3750,买盘
1273,09:56:56,18.75,0.01,51,95625,买盘
1274,09:56:51,18.74,--,32,59967,买盘
1275,09:56:46,18.74,-0.02,7,13117,买盘
1276,09:56:41,18.76,0.02,60,112560,买盘
1277,09:56:36,18.74,-0.01,16,29983,卖盘
1278,09:56:31,18.75,0.02,3,5625,买盘
1279,09:56:26,18.73,-0.03,223,417679,卖盘
1280,09:56:21,18.76,0.02,28,52528,买盘
1281,09:56:16,18.74,-0.01,21,39354,卖盘
1282,09:56:11,18.75,--,94,176250,买盘
1283,09:56:06,18.75,--,99,185625,买盘
1284,09:56:01,18.75,0.01,1,1875,买盘
1285,09:55:56,18.74,-0.01,7,13117,卖盘
1286,09:55:51,18.75,0.01,90,168750,买盘
1287,09:55:46,18.74,-0.01,51,95573,卖盘
1288,09:55:41,18.75,--,2,3750,买盘
1289,09:55:36,18.75,--,10,18750,买盘
1290,09:55:31,18.75,-0.01,26,48750,卖盘
1291,09:55:25,18.76,--,3,5628,买盘
1292,09:55:21,18.76,0.01,503,943628,买盘
1293,09:55:16,18.75,-0.02,95,178125,卖盘
1294,09:55:10,18.77,-0.01,14,26278,卖盘
1295,09:55:06,18.78,0.02,83,155874,买盘
1296,09:55:01,18.76,-0.01,58,108808,卖盘
1297,09:54:55,18.77,--,6,11262,买盘
1298,09:54:51,18.77,0.01,40,75080,买盘
1299,09:54:46,18.76,0.01,36,67536,中性盘
1300,09:54:40,18.75,--,29,54375,卖盘
1301,09:54:36,18.75,--,68,127500,卖盘
1302,09:54:31,18.75,-0.03,76,142500,卖盘
1303,09:54:25,18.78,0.03,20,37560,买盘
1304,09:54:21,18.75,--,68,127500,买盘
1305,09:54:16,18.75,--,24,45000,买盘
1306,09:54:10,18.75,--,182,341250,买盘
1307,09:54:06,18.75,--,52,97500,买盘
1308,09:54:01,18.75,--,70,131250,买盘
1309,09:53:55,18.75,-0.04,191,358125,卖盘
1310,09:53:51,18.79,0.04,201,377679,买盘
1311,09:53:46,18.75,-0.04,22,41250,卖盘
1312,09:53:40,18.79,0.04,9,16911,买盘
1313,09:53:36,18.75,-0.04,6,11250,卖盘
1314,09:53:31,18.79,0.05,71,133409,买盘
1315,09:53:25,18.74,0.01,59,110565,买盘
1316,09:53:21,18.73,-0.01,51,95523,卖盘
1317,09:53:16,18.74,-0.06,20,37480,卖盘
1318,09:53:10,18.8,0.07,92,172960,买盘
1319,09:53:06,18.73,--,0,1854,卖盘
1320,09:53:01,18.73,--,10,18730,买盘
1321,09:52:55,18.73,0.01,63,117999,买盘
1322,09:52:51,18.72,-0.03,365,683280,卖盘
1323,09:52:46,18.75,0.02,423,793125,买盘
1324,09:52:40,18.73,-0.02,18,33714,卖盘
1325,09:52:36,18.75,--,123,230625,买盘
1326,09:52:31,18.75,-0.04,1328,2490000,卖盘
1327,09:52:25,18.79,--,28,52612,买盘
1328,09:52:21,18.79,--,102,191658,卖盘
1329,09:52:16,18.79,0.03,157,295003,买盘
1330,09:52:10,18.76,-0.03,170,318920,卖盘
1331,09:52:05,18.79,--,142,266818,买盘
1332,09:52:00,18.79,0.04,2870,5392730,买盘
1333,09:51:55,18.75,-0.01,204,382500,卖盘
1334,09:51:51,18.76,0.01,24,45024,买盘
1335,09:51:46,18.75,0.05,616,1155000,买盘
1336,09:51:40,18.7,0.03,413,772310,买盘
1337,09:51:35,18.67,-0.01,103,192301,卖盘
1338,09:51:30,18.68,0.02,103,192404,买盘
1339,09:51:25,18.66,0.02,32,59712,买盘
1340,09:51:20,18.64,0.01,129,240456,买盘
1341,09:51:15,18.63,--,6,11178,卖盘
1342,09:51:10,18.63,-0.01,106,197478,卖盘
1343,09:51:05,18.64,0.07,883,1645912,买盘
1344,09:51:00,18.57,--,17,31569,卖盘
1345,09:50:55,18.57,--,1,1857,卖盘
1346,09:50:50,18.57,0.01,68,126276,买盘
1347,09:50:45,18.56,0.02,250,464835,买盘
1348,09:50:40,18.54,--,5,9270,卖盘
1349,09:50:35,18.54,--,32,59328,卖盘
1350,09:50:30,18.54,0.04,848,1573081,买盘
1351,09:50:25,18.5,--,50,92500,卖盘
1352,09:50:20,18.5,--,52,96200,买盘
1353,09:50:15,18.5,--,3,5550,买盘
1354,09:50:10,18.5,0.03,5,9250,买盘
1355,09:50:00,18.47,-0.03,13,24011,卖盘
1356,09:49:55,18.5,--,19,35150,买盘
1357,09:49:50,18.5,--,15,27750,买盘
1358,09:49:45,18.5,--,0,0,买盘
1359,09:49:40,18.5,--,0,0,买盘
1360,09:49:35,18.5,0.05,650,1202500,买盘
1361,09:49:30,18.45,-0.03,195,359775,卖盘
1362,09:49:25,18.48,0.03,3,5544,中性盘
1363,09:49:20,18.45,--,337,621765,卖盘
1364,09:49:15,18.45,-0.03,40,73800,卖盘
1365,09:49:10,18.48,0.02,34,62832,买盘
1366,09:49:05,18.46,-0.02,78,143988,卖盘
1367,09:49:00,18.48,--,59,109032,买盘
1368,09:48:50,18.48,--,18,33264,买盘
1369,09:48:45,18.48,-0.02,360,665280,卖盘
1370,09:48:40,18.5,--,5,9250,卖盘
1371,09:48:35,18.5,0.02,20,37000,买盘
1372,09:48:30,18.48,0.07,132,243936,买盘
1373,09:48:25,18.41,-0.07,38,69958,卖盘
1374,09:48:20,18.48,0.07,10,18480,买盘
1375,09:48:15,18.41,-0.07,69,127029,卖盘
1376,09:48:10,18.48,0.05,143,265206,买盘
1377,09:48:05,18.43,--,366,674538,买盘
1378,09:48:00,18.43,--,11,20273,买盘
1379,09:47:55,18.43,--,25,46075,买盘
1380,09:47:50,18.43,-0.04,1119,2063220,卖盘
1381,09:47:45,18.47,-0.01,192,354624,卖盘
1382,09:47:40,18.48,--,9,16632,卖盘
1383,09:47:34,18.48,0.01,11,20328,买盘
1384,09:47:30,18.47,--,51,94197,卖盘
1385,09:47:25,18.47,--,207,382329,卖盘
1386,09:47:15,18.47,0.01,2,3694,卖盘
1387,09:47:10,18.46,-0.02,67,123682,卖盘
1388,09:47:04,18.48,0.01,111,206070,买盘
1389,09:47:00,18.47,--,5,9235,买盘
1390,09:46:55,18.47,--,211,389717,买盘
1391,09:46:49,18.47,--,66,121901,买盘
1392,09:46:45,18.47,-0.03,78,144971,卖盘
1393,09:46:40,18.5,0.03,9,16650,卖盘
1394,09:46:34,18.47,-0.03,183,338001,卖盘
1395,09:46:30,18.5,0.02,6,11100,买盘
1396,09:46:25,18.48,-0.02,12,22176,卖盘
1397,09:46:19,18.5,--,10,18500,买盘
1398,09:46:15,18.5,--,63,116550,买盘
1399,09:46:10,18.5,-0.01,21,38850,买盘
1400,09:46:04,18.51,--,0,0,买盘
1401,09:46:00,18.51,-0.02,6,11106,买盘
1402,09:45:55,18.53,0.03,11,20383,买盘
1403,09:45:49,18.5,--,160,296000,买盘
1404,09:45:45,18.5,-0.01,333,616050,卖盘
1405,09:45:40,18.51,--,19,35169,买盘
1406,09:45:30,18.51,-0.01,12,22212,卖盘
1407,09:45:25,18.52,0.02,1,1852,买盘
1408,09:45:15,18.5,0.01,258,477300,买盘
1409,09:45:10,18.49,-0.01,1,1848,卖盘
1410,09:45:00,18.5,--,21,38850,买盘
1411,09:44:55,18.5,--,1,1850,买盘
1412,09:44:45,18.5,-0.03,379,701150,卖盘
1413,09:44:40,18.53,0.01,34,63002,中性盘
1414,09:44:34,18.52,-0.01,101,187052,卖盘
1415,09:44:30,18.53,--,55,101915,买盘
1416,09:44:24,18.53,--,20,37060,买盘
1417,09:44:19,18.53,-0.02,161,298333,卖盘
1418,09:44:14,18.55,--,12,22260,买盘
1419,09:44:09,18.55,--,12,22260,买盘
1420,09:44:00,18.55,-0.01,145,268975,卖盘
1421,09:43:54,18.56,0.01,81,150336,中性盘
1422,09:43:49,18.55,--,506,938630,买盘
1423,09:43:44,18.55,--,181,335755,买盘
1424,09:43:39,18.55,--,87,161385,买盘
1425,09:43:34,18.55,--,10,18550,买盘
1426,09:43:29,18.55,--,278,515690,买盘
1427,09:43:24,18.55,-0.03,113,209615,卖盘
1428,09:43:19,18.58,--,14,26011,买盘
1429,09:43:14,18.58,0.06,50,92899,买盘
1430,09:43:09,18.52,-0.03,505,935260,卖盘
1431,09:43:04,18.55,0.03,57,105735,买盘
1432,09:42:59,18.52,--,40,74080,卖盘
1433,09:42:54,18.52,--,47,87044,卖盘
1434,09:42:49,18.52,--,32,59264,卖盘
1435,09:42:44,18.52,--,27,50004,买盘
1436,09:42:39,18.52,0.05,126,233352,买盘
1437,09:42:34,18.47,-0.03,150,277050,卖盘
1438,09:42:24,18.5,0.04,1075,1989693,买盘
1439,09:42:19,18.46,-0.01,20,36920,中性盘
1440,09:42:14,18.47,--,90,166230,买盘
1441,09:42:09,18.47,0.01,75,138525,买盘
1442,09:42:04,18.46,-0.01,7,12922,卖盘
1443,09:41:59,18.47,--,20,36940,买盘
1444,09:41:54,18.47,0.02,54,99738,买盘
1445,09:41:49,18.45,-0.01,27,49815,卖盘
1446,09:41:44,18.46,0.01,21,38766,买盘
1447,09:41:39,18.45,--,2,3690,卖盘
1448,09:41:34,18.45,-0.01,5,9225,卖盘
1449,09:41:29,18.46,0.03,189,348894,买盘
1450,09:41:24,18.43,--,5,9215,买盘
1451,09:41:19,18.43,--,7,12901,买盘
1452,09:41:14,18.43,-0.02,416,766688,卖盘
1453,09:41:09,18.45,--,22,40590,买盘
1454,09:41:04,18.45,--,109,201105,买盘
1455,09:40:59,18.45,--,14,25830,买盘
1456,09:40:54,18.45,-0.01,427,787815,卖盘
1457,09:40:49,18.46,0.01,238,439348,买盘
1458,09:40:44,18.45,--,4,7380,买盘
1459,09:40:39,18.45,0.01,66,121770,买盘
1460,09:40:34,18.44,-0.01,9,16596,中性盘
1461,09:40:29,18.45,--,93,171585,买盘
1462,09:40:24,18.45,0.01,44,81180,买盘
1463,09:40:19,18.44,-0.01,3,5532,卖盘
1464,09:40:14,18.45,--,128,236160,卖盘
1465,09:40:09,18.45,--,51,94095,卖盘
1466,09:40:04,18.45,0.01,344,634680,买盘
1467,09:39:59,18.44,-0.01,6,11064,中性盘
1468,09:39:54,18.45,--,251,463095,卖盘
1469,09:39:49,18.45,0.04,277,511065,买盘
1470,09:39:43,18.41,--,0,0,卖盘
1471,09:39:39,18.41,0.01,23,42343,中性盘
1472,09:39:34,18.4,-0.01,25,46000,卖盘
1473,09:39:28,18.41,-0.04,2,3682,卖盘
1474,09:39:24,18.45,--,14,25830,买盘
1475,09:39:19,18.45,--,220,405900,买盘
1476,09:39:13,18.45,-0.02,525,968625,卖盘
1477,09:39:09,18.47,--,14,25858,卖盘
1478,09:39:04,18.47,0.05,58,107126,买盘
1479,09:38:58,18.42,--,0,0,卖盘
1480,09:38:54,18.42,-0.03,61,112362,卖盘
1481,09:38:49,18.45,0.04,27,49815,中性盘
1482,09:38:43,18.41,-0.04,135,248535,卖盘
1483,09:38:39,18.45,--,31,57195,买盘
1484,09:38:34,18.45,--,22,40590,买盘
1485,09:38:28,18.45,--,19,35055,买盘
1486,09:38:23,18.45,--,302,557190,买盘
1487,09:38:19,18.45,0.01,39,71955,买盘
1488,09:38:08,18.44,--,67,123548,卖盘
1489,09:38:04,18.44,0.03,109,200996,买盘
1490,09:37:58,18.41,--,5,9205,买盘
1491,09:37:53,18.41,0.01,19,34979,中性盘
1492,09:37:49,18.4,-0.01,14,25759,卖盘
1493,09:37:43,18.41,0.01,44,81004,买盘
1494,09:37:38,18.4,--,65,119599,卖盘
1495,09:37:34,18.4,--,15,27599,卖盘
1496,09:37:28,18.4,--,15,27599,卖盘
1497,09:37:23,18.4,--,2,3679,卖盘
1498,09:37:19,18.4,-0.04,8,14719,卖盘
1499,09:37:13,18.44,0.05,87,160428,买盘
1500,09:37:08,18.39,0.03,35,64365,卖盘
1501,09:37:04,18.36,-0.04,713,1309068,卖盘
1502,09:36:58,18.4,0.01,10,18400,买盘
1503,09:36:53,18.39,0.03,136,250104,买盘
1504,09:36:48,18.36,-0.03,46,86273,卖盘
1505,09:36:43,18.39,0.04,35,64365,买盘
1506,09:36:38,18.35,-0.04,4,7340,卖盘
1507,09:36:33,18.39,0.03,210,386190,买盘
1508,09:36:23,18.36,--,7,12852,卖盘
1509,09:36:18,18.36,-0.07,116,212976,卖盘
1510,09:36:13,18.43,0.04,54,99522,买盘
1511,09:36:08,18.39,-0.03,150,275850,卖盘
1512,09:36:03,18.42,--,10,18420,买盘
1513,09:35:58,18.42,-0.01,52,95784,卖盘
1514,09:35:53,18.43,0.01,34,62662,买盘
1515,09:35:48,18.42,--,90,165780,卖盘
1516,09:35:43,18.42,--,7,12894,卖盘
1517,09:35:38,18.42,0.03,71,130782,买盘
1518,09:35:33,18.39,--,24,44136,卖盘
1519,09:35:28,18.39,--,35,64365,卖盘
1520,09:35:23,18.39,0.04,282,518598,买盘
1521,09:35:18,18.35,-0.03,45,82575,卖盘
1522,09:35:13,18.38,--,63,115794,卖盘
1523,09:35:08,18.38,--,98,180124,卖盘
1524,09:35:03,18.38,0.05,111,204018,买盘
1525,09:34:58,18.33,-0.02,5,9165,卖盘
1526,09:34:53,18.35,--,7,12845,买盘
1527,09:34:48,18.35,-0.03,4,7340,中性盘
1528,09:34:43,18.38,0.06,5,9190,买盘
1529,09:34:38,18.32,--,4,7328,卖盘
1530,09:34:33,18.32,0.01,21,38472,中性盘
1531,09:34:28,18.31,-0.04,31,56760,卖盘
1532,09:34:23,18.35,0.04,5,9175,中性盘
1533,09:34:18,18.31,0.01,55,100705,卖盘
1534,09:34:03,18.3,-0.03,67,123470,卖盘
1535,09:33:58,18.33,0.03,206,377597,买盘
1536,09:33:53,18.3,--,9,16470,卖盘
1537,09:33:48,18.3,0.05,100,183000,买盘
1538,09:33:43,18.25,--,0,0,卖盘
1539,09:33:38,18.25,-0.04,6,10950,卖盘
1540,09:33:33,18.29,0.04,111,203019,买盘
1541,09:33:28,18.25,0.01,1,1825,卖盘
1542,09:33:23,18.24,-0.04,33,60191,卖盘
1543,09:33:18,18.28,0.04,1,1828,买盘
1544,09:33:08,18.24,0.01,10,18240,买盘
1545,09:33:03,18.23,-0.01,9,16407,卖盘
1546,09:32:58,18.24,0.02,18,32832,买盘
1547,09:32:53,18.22,--,71,129361,卖盘
1548,09:32:48,18.22,-0.01,195,355290,卖盘
1549,09:32:43,18.23,--,0,0,卖盘
1550,09:32:38,18.23,0.01,32,58336,中性盘
1551,09:32:33,18.22,--,89,162158,卖盘
1552,09:32:28,18.22,--,443,807146,买盘
1553,09:32:23,18.22,--,15,27330,买盘
1554,09:32:18,18.22,--,7,12754,买盘
1555,09:32:13,18.22,-0.01,132,240503,卖盘
1556,09:32:08,18.23,--,6,10938,买盘
1557,09:32:03,18.23,-0.02,26,47398,卖盘
1558,09:31:58,18.25,0.03,126,229950,买盘
1559,09:31:52,18.22,--,17,30973,卖盘
1560,09:31:48,18.22,-0.01,7,12754,卖盘
1561,09:31:43,18.23,-0.02,46,83858,中性盘
1562,09:31:37,18.25,0.03,30,54750,买盘
1563,09:31:33,18.22,-0.01,16,29152,卖盘
1564,09:31:28,18.23,-0.02,15,27345,卖盘
1565,09:31:22,18.25,--,5,9125,买盘
1566,09:31:18,18.25,--,6,10950,买盘
1567,09:31:13,18.25,-0.04,11,20075,中性盘
1568,09:31:07,18.29,0.04,10,18290,买盘
1569,09:31:03,18.25,-0.05,55,100375,卖盘
1570,09:30:57,18.3,--,112,204960,买盘
1571,09:30:48,18.3,--,0,0,买盘
1572,09:30:42,18.3,--,45,82350,买盘
1573,09:30:37,18.3,--,10,18300,买盘
1574,09:30:32,18.3,--,116,212280,卖盘
1575,09:30:27,18.3,--,60,109800,卖盘
1576,09:30:17,18.3,-0.02,80,146400,卖盘
1577,09:30:12,18.32,0.02,168,307776,买盘
1578,09:30:07,18.3,--,90,164700,买盘
1579,09:30:02,18.3,--,487,891210,卖盘
1580,09:28:46,18.3,--,0,0,卖盘
1581,09:25:05,18.3,18.3,501,916830,买盘
