,time,price,change,volume,amount,type
0,15:00:00,260.0,--,0,0,买盘
1,14:59:59,260.0,--,4,104000,买盘
2,14:59:57,260.0,0.01,26,676000,买盘
3,14:59:52,259.99,--,5,129995,买盘
4,14:59:48,259.99,0.11,1,25999,中性盘
5,14:59:42,259.88,-0.11,51,1325388,卖盘
6,14:59:37,259.99,-0.01,4,103996,卖盘
7,14:59:33,260.0,--,32,832000,买盘
8,14:59:27,260.0,--,35,910000,买盘
9,14:59:22,260.0,--,35,910000,买盘
10,14:59:17,260.0,--,46,1196000,买盘
11,14:59:12,260.0,--,21,546000,买盘
12,14:59:07,260.0,-0.35,49,1274000,卖盘
13,14:59:03,260.35,0.35,10,260350,买盘
14,14:58:57,260.0,--,10,260000,买盘
15,14:58:52,260.0,--,2,52000,买盘
16,14:58:48,260.0,--,5,130000,买盘
17,14:58:42,260.0,-0.4,89,2322580,卖盘
18,14:58:37,260.4,0.05,5,130199,买盘
19,14:58:32,260.35,-0.07,45,1171575,卖盘
20,14:58:27,260.42,0.01,7,182294,中性盘
21,14:58:22,260.41,-0.09,5,130205,卖盘
22,14:58:17,260.5,0.1,7,182350,买盘
23,14:58:12,260.4,-0.18,26,677039,卖盘
24,14:58:07,260.58,0.08,66,1722433,买盘
25,14:58:02,260.5,--,29,755450,买盘
26,14:57:57,260.5,0.08,14,364700,买盘
27,14:57:52,260.42,-0.04,1,26042,卖盘
28,14:57:47,260.46,0.06,23,599058,买盘
29,14:57:42,260.4,--,6,179675,卖盘
30,14:57:37,260.4,--,44,1148364,买盘
31,14:57:32,260.4,--,42,1093680,买盘
32,14:57:27,260.4,--,6,164052,买盘
33,14:57:22,260.4,--,3,78120,买盘
34,14:57:17,260.4,-0.02,29,778595,卖盘
35,14:57:12,260.42,-0.03,3,78126,卖盘
36,14:57:07,260.45,0.03,10,260450,卖盘
37,14:57:02,260.42,0.1,10,263024,买盘
38,14:56:57,260.32,-0.08,100,2603200,卖盘
39,14:56:52,260.4,--,1,26039,卖盘
40,14:56:47,260.4,0.04,11,286440,买盘
41,14:56:42,260.36,-0.04,3,78108,卖盘
42,14:56:37,260.4,--,1,26039,买盘
43,14:56:32,260.4,-0.11,8,208319,卖盘
44,14:56:27,260.51,0.01,78,2031978,买盘
45,14:56:22,260.5,--,3,78150,买盘
46,14:56:17,260.5,--,2,52100,买盘
47,14:56:12,260.5,-0.03,37,963850,卖盘
48,14:56:02,260.53,0.03,2,52105,买盘
49,14:55:57,260.5,0.07,9,234450,买盘
50,14:55:52,260.43,-0.07,1,26043,中性盘
51,14:55:47,260.5,-0.3,103,2683150,卖盘
52,14:55:42,260.8,--,0,0,买盘
53,14:55:37,260.8,--,1,26080,买盘
54,14:55:32,260.8,--,24,625920,买盘
55,14:55:27,260.8,-0.08,7,182560,卖盘
56,14:55:17,260.88,--,2,52176,买盘
57,14:55:12,260.88,-0.02,11,286968,卖盘
58,14:55:07,260.9,-0.06,7,182629,中性盘
59,14:55:01,260.96,0.06,4,104383,买盘
60,14:54:57,260.9,--,8,208719,买盘
61,14:54:52,260.9,-0.01,11,286990,卖盘
62,14:54:46,260.91,--,1,26091,买盘
63,14:54:42,260.91,-0.09,20,521820,卖盘
64,14:54:37,261.0,--,15,391500,卖盘
65,14:54:31,261.0,-0.05,2,52200,卖盘
66,14:54:26,261.05,-0.15,3,78315,卖盘
67,14:54:22,261.2,0.24,97,2540170,买盘
68,14:54:16,260.96,-0.03,7,182672,卖盘
69,14:54:11,260.99,-0.05,9,234891,卖盘
70,14:54:07,261.04,--,17,463346,卖盘
71,14:53:56,261.04,0.04,7,189254,买盘
72,14:53:52,261.0,--,4,104400,买盘
73,14:53:46,261.0,-0.04,6,156600,卖盘
74,14:53:41,261.04,--,9,234936,买盘
75,14:53:37,261.04,0.05,11,287144,买盘
76,14:53:31,260.99,-0.04,6,156594,卖盘
77,14:53:26,261.03,-0.01,7,183504,卖盘
78,14:53:22,261.04,0.04,11,312464,买盘
79,14:53:16,261.0,--,1,26100,买盘
80,14:53:11,261.0,-0.03,75,1958283,卖盘
81,14:53:07,261.03,-0.04,37,968943,卖盘
82,14:53:01,261.07,0.03,6,156642,中性盘
83,14:52:56,261.04,--,12,313248,中性盘
84,14:52:52,261.04,--,40,1044160,卖盘
85,14:52:46,261.04,-0.34,54,1409616,卖盘
86,14:52:41,261.38,0.34,11,287518,买盘
87,14:52:37,261.04,-0.36,27,716032,卖盘
88,14:52:31,261.4,0.36,50,1307000,买盘
89,14:52:26,261.04,-0.36,50,1305200,卖盘
90,14:52:21,261.4,--,28,731919,买盘
91,14:52:16,261.4,0.36,5,130699,买盘
92,14:52:11,261.04,--,33,861432,卖盘
93,14:52:06,261.04,0.01,4,104416,中性盘
94,14:52:01,261.03,--,11,287132,卖盘
95,14:51:56,261.03,-0.37,14,377971,卖盘
96,14:51:51,261.4,0.03,55,1451292,买盘
97,14:51:46,261.37,0.02,78,2038686,买盘
98,14:51:41,261.35,-0.04,42,1097670,中性盘
99,14:51:36,261.39,0.01,44,1161094,买盘
100,14:51:26,261.38,0.38,32,836416,买盘
101,14:51:21,261.0,--,12,313200,买盘
102,14:51:16,261.0,--,10,261000,买盘
103,14:51:11,261.0,--,22,578637,卖盘
104,14:51:06,261.0,-0.03,38,1009548,卖盘
105,14:51:01,261.03,-0.37,2,52205,卖盘
106,14:50:56,261.4,--,21,548940,买盘
107,14:50:51,261.4,0.4,33,862619,买盘
108,14:50:46,261.0,-0.37,52,1357200,卖盘
109,14:50:41,261.37,-0.03,142,3711454,中性盘
110,14:50:36,261.4,0.01,66,1725239,买盘
111,14:50:31,261.39,0.39,31,810309,买盘
112,14:50:26,261.0,-0.05,47,1226700,卖盘
113,14:50:21,261.05,-0.11,4,104420,卖盘
114,14:50:16,261.16,--,2,52232,买盘
115,14:50:11,261.16,--,11,287276,买盘
116,14:50:06,261.16,-0.23,10,273695,卖盘
117,14:49:56,261.39,--,10,261390,买盘
118,14:49:51,261.39,0.23,6,156834,买盘
119,14:49:46,261.16,0.08,1,28727,卖盘
120,14:49:41,261.08,-0.08,1,26108,卖盘
121,14:49:36,261.16,0.13,56,1473464,买盘
122,14:49:31,261.03,-0.43,36,939707,卖盘
123,14:49:26,261.46,0.43,3,78438,中性盘
124,14:49:21,261.03,-0.43,90,2349269,卖盘
125,14:49:16,261.46,0.11,32,836671,买盘
126,14:49:11,261.35,-0.1,17,454749,卖盘
127,14:49:06,261.45,0.05,37,978345,买盘
128,14:49:01,261.4,0.05,17,452221,买盘
129,14:48:56,261.35,0.33,42,1097670,买盘
130,14:48:51,261.02,--,1,26102,卖盘
131,14:48:41,261.02,--,4,115631,买盘
132,14:48:36,261.02,-0.43,26,678652,卖盘
133,14:48:31,261.45,0.05,1,26145,买盘
134,14:48:26,261.4,--,22,575080,买盘
135,14:48:21,261.4,--,2,52279,买盘
136,14:48:16,261.4,0.02,30,784199,买盘
137,14:48:11,261.38,0.37,10,261380,中性盘
138,14:48:06,261.01,--,33,872295,卖盘
139,14:47:56,261.01,-0.39,3,83523,卖盘
140,14:47:46,261.4,--,2,52279,买盘
141,14:47:41,261.4,--,6,156840,买盘
142,14:47:36,261.4,--,20,522799,买盘
143,14:47:31,261.4,--,5,130699,买盘
144,14:47:26,261.4,--,34,903921,卖盘
145,14:47:21,261.4,--,7,182979,卖盘
146,14:47:16,261.4,--,27,716758,买盘
147,14:47:06,261.4,-0.06,8,209119,卖盘
148,14:47:01,261.46,0.06,8,209167,买盘
149,14:46:55,261.4,-0.06,4,104559,卖盘
150,14:46:51,261.46,--,58,1516467,卖盘
151,14:46:46,261.46,-0.03,1,26145,卖盘
152,14:46:40,261.49,0.09,60,1568940,买盘
153,14:46:35,261.4,-0.06,35,914899,卖盘
154,14:46:31,261.46,--,70,1830219,卖盘
155,14:46:25,261.46,--,101,2640746,卖盘
156,14:46:20,261.46,--,3,78438,卖盘
157,14:46:16,261.46,--,12,313752,卖盘
158,14:46:10,261.46,--,0,0,卖盘
159,14:46:05,261.46,--,54,1419204,买盘
160,14:45:55,261.46,-0.03,45,1195395,卖盘
161,14:45:46,261.49,0.03,6,156894,买盘
162,14:45:40,261.46,-0.03,2,52291,卖盘
163,14:45:35,261.49,0.02,46,1213836,买盘
164,14:45:31,261.47,-0.03,41,1072027,卖盘
165,14:45:25,261.5,--,0,0,买盘
166,14:45:20,261.5,0.01,14,379175,买盘
167,14:45:16,261.49,0.03,9,248415,买盘
168,14:45:10,261.46,-0.03,12,313752,卖盘
169,14:45:05,261.49,0.03,6,156894,买盘
170,14:45:01,261.46,0.06,93,2454063,买盘
171,14:44:55,261.4,--,9,235259,卖盘
172,14:44:50,261.4,--,27,705779,卖盘
173,14:44:45,261.4,--,3,78420,卖盘
174,14:44:40,261.4,--,18,470519,买盘
175,14:44:35,261.4,--,2,52279,买盘
176,14:44:30,261.4,0.12,13,339819,买盘
177,14:44:25,261.28,-0.12,13,339663,中性盘
178,14:44:20,261.4,0.1,8,209119,买盘
179,14:44:14,261.3,-0.1,4,104520,卖盘
180,14:44:10,261.4,--,1,26139,买盘
181,14:44:05,261.4,0.1,112,2927679,买盘
182,14:44:00,261.3,0.02,2,52260,中性盘
183,14:43:55,261.28,-0.02,35,914479,卖盘
184,14:43:50,261.3,-0.16,10,261300,卖盘
185,14:43:45,261.46,0.16,36,941255,买盘
186,14:43:35,261.3,-0.05,66,1724580,中性盘
187,14:43:30,261.35,--,2,52270,卖盘
188,14:43:24,261.35,0.07,1,26135,中性盘
189,14:43:20,261.28,-0.07,7,182895,卖盘
190,14:43:14,261.35,0.05,15,392025,买盘
191,14:43:10,261.3,-0.05,3,78390,中性盘
192,14:43:05,261.35,-0.03,10,261350,买盘
193,14:43:00,261.38,--,0,0,买盘
194,14:42:55,261.38,0.18,3,78414,买盘
195,14:42:50,261.2,-0.08,89,2324680,卖盘
196,14:42:45,261.28,-0.07,53,1384783,卖盘
197,14:42:40,261.35,-0.03,5,133288,卖盘
198,14:42:35,261.38,0.13,28,755388,买盘
199,14:42:29,261.25,--,0,0,中性盘
200,14:42:25,261.25,0.05,3,78375,中性盘
201,14:42:20,261.2,-0.05,3,78360,卖盘
202,14:42:15,261.25,0.06,2,52250,买盘
203,14:42:10,261.19,0.09,5,130595,买盘
204,14:42:05,261.1,0.09,22,574420,买盘
205,14:41:59,261.01,-0.04,2,52202,卖盘
206,14:41:55,261.05,0.04,12,313260,买盘
207,14:41:50,261.01,-0.01,54,1409454,中性盘
208,14:41:45,261.02,0.02,4,104408,买盘
209,14:41:35,261.0,-0.01,20,522000,卖盘
210,14:41:30,261.01,-0.01,7,182707,买盘
211,14:41:25,261.02,0.02,3,78306,买盘
212,14:41:20,261.0,-0.19,47,1226700,卖盘
213,14:41:14,261.19,0.15,29,757451,买盘
214,14:41:10,261.04,-0.15,1,26104,卖盘
215,14:41:05,261.19,0.18,144,3761136,买盘
216,14:41:00,261.01,-0.01,52,1357252,卖盘
217,14:40:54,261.02,-0.17,13,339326,卖盘
218,14:40:50,261.19,-0.06,3,78357,买盘
219,14:40:45,261.25,--,3,78375,买盘
220,14:40:35,261.25,-0.03,22,598523,买盘
221,14:40:30,261.28,--,19,496431,买盘
222,14:40:20,261.28,--,54,1410911,买盘
223,14:40:15,261.28,-0.1,48,1259369,卖盘
224,14:40:10,261.38,-0.02,1,26138,买盘
225,14:40:05,261.4,0.02,42,1103108,买盘
226,14:40:00,261.38,--,6,156828,买盘
227,14:39:50,261.38,0.1,1,26138,买盘
228,14:39:45,261.28,--,7,182895,卖盘
229,14:39:40,261.28,-0.1,35,930156,卖盘
230,14:39:33,261.38,0.1,9,235242,买盘
231,14:39:30,261.28,-0.1,1,26127,卖盘
232,14:39:24,261.38,0.1,31,831449,买盘
233,14:39:15,261.28,--,22,574815,卖盘
234,14:39:09,261.28,-0.12,26,679327,卖盘
235,14:39:04,261.4,-0.06,4,104559,中性盘
236,14:38:59,261.46,--,0,0,买盘
237,14:38:54,261.46,--,1,26145,买盘
238,14:38:49,261.46,--,43,1124278,买盘
239,14:38:44,261.46,--,21,549066,卖盘
240,14:38:39,261.46,-0.04,42,1098132,卖盘
241,14:38:34,261.5,0.04,2,52300,买盘
242,14:38:29,261.46,--,20,522919,卖盘
243,14:38:24,261.46,-0.14,4,104583,卖盘
244,14:38:19,261.6,--,0,0,中性盘
245,14:38:14,261.6,0.14,3,78480,买盘
246,14:38:09,261.46,--,21,549066,卖盘
247,14:37:59,261.46,-0.2,5,130729,中性盘
248,14:37:44,261.66,--,6,156996,买盘
249,14:37:39,261.66,--,78,2040948,卖盘
250,14:37:29,261.66,--,30,784980,卖盘
251,14:37:24,261.66,--,9,235494,卖盘
252,14:37:19,261.66,-0.04,9,235494,卖盘
253,14:37:14,261.7,--,5,130850,买盘
254,14:37:09,261.7,--,5,130850,买盘
255,14:37:04,261.7,--,28,732760,卖盘
256,14:36:59,261.7,--,5,130850,卖盘
257,14:36:54,261.7,--,19,497230,卖盘
258,14:36:49,261.7,-0.09,32,837440,卖盘
259,14:36:44,261.79,--,21,549759,买盘
260,14:36:39,261.79,--,0,0,中性盘
261,14:36:34,261.79,--,4,104716,买盘
262,14:36:23,261.79,-0.2,6,157074,卖盘
263,14:36:19,261.99,--,1,26199,买盘
264,14:36:14,261.99,--,7,183393,买盘
265,14:36:08,261.99,--,3,78597,买盘
266,14:36:04,261.99,-0.06,6,157194,卖盘
267,14:35:59,262.05,--,7,183435,卖盘
268,14:35:54,262.05,0.05,40,1048200,买盘
269,14:35:49,262.0,-0.1,3,78600,卖盘
270,14:35:44,262.1,--,4,104840,买盘
271,14:35:39,262.1,-0.05,6,157260,卖盘
272,14:35:34,262.15,--,3,78645,买盘
273,14:35:29,262.15,-0.1,5,141561,卖盘
274,14:35:24,262.25,0.07,42,1101450,买盘
275,14:35:18,262.18,0.03,8,209744,中性盘
276,14:35:14,262.15,-0.03,24,629160,卖盘
277,14:35:09,262.18,--,12,314616,买盘
278,14:35:04,262.18,0.03,4,104872,中性盘
279,14:34:59,262.15,-0.1,59,1554549,卖盘
280,14:34:54,262.25,0.07,38,996550,买盘
281,14:34:49,262.18,--,3,78654,卖盘
282,14:34:44,262.18,-0.1,43,1127374,卖盘
283,14:34:39,262.28,0.1,48,1266812,买盘
284,14:34:34,262.18,-0.07,6,157308,卖盘
285,14:34:29,262.25,0.1,4,104900,买盘
286,14:34:23,262.15,0.02,23,602945,卖盘
287,14:34:19,262.13,--,6,157278,卖盘
288,14:34:14,262.13,--,7,183491,卖盘
289,14:34:09,262.13,0.03,22,576686,买盘
290,14:34:04,262.1,--,7,183470,买盘
291,14:33:58,262.1,--,10,262100,买盘
292,14:33:53,262.1,0.06,10,262100,中性盘
293,14:33:44,262.04,-0.09,39,1021956,中性盘
294,14:33:38,262.13,0.03,35,917455,买盘
295,14:33:34,262.1,--,13,340730,卖盘
296,14:33:29,262.1,0.09,17,445570,买盘
297,14:33:23,262.01,0.01,17,453277,买盘
298,14:33:18,262.0,0.17,162,4259858,买盘
299,14:33:14,261.83,-0.03,98,2565934,卖盘
300,14:33:08,261.86,0.03,16,418976,中性盘
301,14:33:03,261.83,--,10,261829,中性盘
302,14:32:58,261.83,-0.03,178,4660574,卖盘
303,14:32:53,261.86,0.03,20,523720,买盘
304,14:32:48,261.83,0.04,14,366562,买盘
305,14:32:43,261.79,-0.01,4,104716,中性盘
306,14:32:39,261.8,0.17,54,1413720,买盘
307,14:32:33,261.63,--,8,209304,卖盘
308,14:32:28,261.63,-0.07,15,392445,卖盘
309,14:32:23,261.7,0.07,63,1651327,买盘
310,14:32:18,261.63,0.01,20,523260,买盘
311,14:32:13,261.62,-0.03,7,183134,买盘
312,14:32:09,261.65,--,4,104659,买盘
313,14:32:03,261.65,0.03,12,313980,买盘
314,14:31:58,261.62,--,2,52324,卖盘
315,14:31:53,261.62,0.19,59,1554022,买盘
316,14:31:48,261.43,-0.16,9,235287,卖盘
317,14:31:43,261.59,--,3,78476,买盘
318,14:31:38,261.59,0.16,49,1281790,买盘
319,14:31:33,261.43,-0.07,9,235287,卖盘
320,14:31:28,261.5,0.07,13,339950,中性盘
321,14:31:23,261.43,-0.07,47,1228721,卖盘
322,14:31:18,261.5,--,65,1723023,买盘
323,14:31:13,261.5,--,6,156900,买盘
324,14:31:08,261.5,--,10,261500,买盘
325,14:31:03,261.5,0.07,39,1019850,买盘
326,14:30:58,261.43,--,28,732004,卖盘
327,14:30:53,261.43,-0.07,36,941148,卖盘
328,14:30:48,261.5,0.14,47,1229050,买盘
329,14:30:43,261.36,--,0,0,卖盘
330,14:30:38,261.36,-0.04,36,940896,卖盘
331,14:30:33,261.4,0.08,30,784199,买盘
332,14:30:28,261.32,-0.01,14,365848,卖盘
333,14:30:23,261.33,0.13,61,1595158,买盘
334,14:30:18,261.2,-0.09,11,287320,卖盘
335,14:30:13,261.29,-0.01,10,261290,中性盘
336,14:30:08,261.3,0.01,24,627120,买盘
337,14:30:02,261.29,0.1,4,104516,中性盘
338,14:29:58,261.19,-0.1,6,156714,卖盘
339,14:29:53,261.29,--,18,470322,买盘
340,14:29:47,261.29,--,48,1254192,买盘
341,14:29:43,261.29,0.04,14,373122,买盘
342,14:29:38,261.25,--,1,26125,买盘
343,14:29:33,261.25,--,3,78375,买盘
344,14:29:27,261.25,--,2,52250,买盘
345,14:29:23,261.25,-0.03,22,574750,卖盘
346,14:29:17,261.28,0.03,3,78383,中性盘
347,14:29:13,261.25,--,1,26125,卖盘
348,14:29:08,261.25,-0.03,68,1776500,卖盘
349,14:29:02,261.28,0.03,6,156767,买盘
350,14:28:58,261.25,--,0,0,卖盘
351,14:28:53,261.25,-0.03,42,1115276,卖盘
352,14:28:47,261.28,-0.01,43,1123503,卖盘
353,14:28:42,261.29,0.01,15,400034,买盘
354,14:28:38,261.28,-0.02,7,182895,卖盘
355,14:28:32,261.3,0.02,7,182910,买盘
356,14:28:23,261.28,--,5,148929,卖盘
357,14:28:17,261.28,0.05,24,645884,买盘
358,14:28:07,261.23,0.03,15,391845,买盘
359,14:28:02,261.2,0.15,3,78360,买盘
360,14:27:58,261.05,-0.15,26,678730,卖盘
361,14:27:52,261.2,-0.05,8,208960,买盘
362,14:27:47,261.25,-0.05,2,59565,卖盘
363,14:27:43,261.3,-0.02,3,78390,中性盘
364,14:27:38,261.32,0.02,21,548772,买盘
365,14:27:32,261.3,0.05,2,52260,买盘
366,14:27:27,261.25,--,23,619685,买盘
367,14:27:22,261.25,--,4,104500,买盘
368,14:27:17,261.25,-0.05,8,216315,卖盘
369,14:27:12,261.3,0.05,0,5226,中性盘
370,14:27:07,261.25,-0.05,62,1619750,卖盘
371,14:27:02,261.3,-0.02,7,195975,中性盘
372,14:26:57,261.32,0.03,32,836224,买盘
373,14:26:53,261.29,-0.01,8,224709,卖盘
374,14:26:47,261.3,--,17,444210,卖盘
375,14:26:42,261.3,0.01,20,533574,买盘
376,14:26:38,261.29,-0.01,15,391935,买盘
377,14:26:32,261.3,--,64,1672320,买盘
378,14:26:27,261.3,0.05,27,705510,买盘
379,14:26:22,261.25,--,20,522500,卖盘
380,14:26:17,261.25,--,8,209000,卖盘
381,14:26:12,261.25,0.03,7,182875,卖盘
382,14:26:07,261.22,--,0,0,卖盘
383,14:26:02,261.22,0.02,64,1671808,中性盘
384,14:25:57,261.2,-0.04,1,26120,卖盘
385,14:25:52,261.24,0.09,41,1071084,买盘
386,14:25:47,261.15,-0.03,41,1070715,卖盘
387,14:25:42,261.18,--,35,914130,卖盘
388,14:25:37,261.18,0.07,5,130590,买盘
389,14:25:27,261.11,0.03,4,104444,买盘
390,14:25:17,261.08,0.09,10,264212,买盘
391,14:25:12,260.99,-0.01,9,234891,中性盘
392,14:25:07,261.0,0.02,161,4202100,买盘
393,14:25:02,260.98,-0.02,6,159197,卖盘
394,14:24:57,261.0,0.1,30,783000,买盘
395,14:24:52,260.9,--,0,0,卖盘
396,14:24:47,260.9,0.07,21,547890,买盘
397,14:24:42,260.83,0.03,15,412372,买盘
398,14:24:37,260.8,--,15,391200,买盘
399,14:24:32,260.8,0.05,101,2634080,买盘
400,14:24:22,260.75,0.08,102,2659650,中性盘
401,14:24:17,260.67,--,2,52134,卖盘
402,14:24:12,260.67,-0.1,2,52134,卖盘
403,14:24:07,260.77,0.11,50,1303850,买盘
404,14:23:52,260.66,-0.11,3,78198,卖盘
405,14:23:47,260.77,0.1,47,1225619,买盘
406,14:23:42,260.67,0.01,12,312804,买盘
407,14:23:36,260.66,-0.04,1,26066,卖盘
408,14:23:32,260.7,--,0,0,买盘
409,14:23:27,260.7,0.04,13,338910,买盘
410,14:23:21,260.66,--,0,0,中性盘
411,14:23:17,260.66,0.01,37,964442,卖盘
412,14:23:12,260.65,--,18,469169,卖盘
413,14:23:07,260.65,-0.01,15,390974,卖盘
414,14:23:02,260.66,0.01,17,443122,买盘
415,14:22:56,260.65,--,1,26064,卖盘
416,14:22:47,260.65,-0.01,2,52129,卖盘
417,14:22:41,260.66,--,6,156396,买盘
418,14:22:32,260.66,--,3,78198,买盘
419,14:22:26,260.66,0.03,3,78198,买盘
420,14:22:22,260.63,--,0,0,中性盘
421,14:22:17,260.63,-0.03,5,130315,卖盘
422,14:22:11,260.66,--,7,182462,卖盘
423,14:22:07,260.66,0.08,13,338858,买盘
424,14:22:02,260.58,-0.05,13,338754,卖盘
425,14:21:56,260.63,-0.02,3,78189,买盘
426,14:21:47,260.65,--,0,0,中性盘
427,14:21:41,260.65,--,5,130324,买盘
428,14:21:37,260.65,0.02,4,104259,买盘
429,14:21:32,260.63,--,5,130315,卖盘
430,14:21:26,260.63,0.09,2,52126,买盘
431,14:21:22,260.54,-0.09,10,260540,卖盘
432,14:21:11,260.63,0.01,12,312756,买盘
433,14:21:07,260.62,0.11,4,104248,买盘
434,14:21:01,260.51,--,0,0,卖盘
435,14:20:56,260.51,-0.09,8,208408,买盘
436,14:20:46,260.6,--,4,104240,卖盘
437,14:20:41,260.6,-0.02,2,52120,卖盘
438,14:20:36,260.62,--,2,52124,买盘
439,14:20:31,260.62,0.02,12,312744,买盘
440,14:20:26,260.6,--,1,26060,买盘
441,14:20:16,260.6,0.09,1,26060,中性盘
442,14:20:11,260.51,--,2,52102,买盘
443,14:20:06,260.51,-0.16,1,26051,卖盘
444,14:20:01,260.67,-0.01,6,156402,中性盘
445,14:19:56,260.68,0.01,9,234612,买盘
446,14:19:51,260.67,0.07,29,755943,买盘
447,14:19:46,260.6,-0.06,3,78180,卖盘
448,14:19:41,260.66,0.06,15,390990,买盘
449,14:19:36,260.6,--,1,26060,买盘
450,14:19:31,260.6,-0.06,22,573320,卖盘
451,14:19:26,260.66,0.01,3,78198,买盘
452,14:19:21,260.65,-0.01,6,156390,买盘
453,14:19:16,260.66,--,1,26066,买盘
454,14:19:11,260.66,--,9,234594,买盘
455,14:19:01,260.66,0.06,8,208528,买盘
456,14:18:56,260.6,0.01,1,26060,中性盘
457,14:18:46,260.59,-0.07,2,52117,卖盘
458,14:18:41,260.66,0.07,1,26066,买盘
459,14:18:31,260.59,--,10,260589,卖盘
460,14:18:26,260.59,-0.01,2,52117,卖盘
461,14:18:21,260.6,0.1,18,482110,买盘
462,14:18:16,260.5,-0.09,1,26050,卖盘
463,14:18:11,260.59,-0.01,4,104235,中性盘
464,14:18:06,260.6,0.1,1,26060,买盘
465,14:18:01,260.5,--,2,52100,卖盘
466,14:17:56,260.5,-0.1,5,130250,卖盘
467,14:17:46,260.6,--,4,104240,买盘
468,14:17:36,260.6,0.1,6,156360,买盘
469,14:17:26,260.5,-0.1,8,208400,卖盘
470,14:17:21,260.6,0.01,9,234540,买盘
471,14:17:16,260.59,0.07,1,26058,买盘
472,14:17:10,260.52,-0.07,3,78156,卖盘
473,14:17:06,260.59,--,1,26058,买盘
474,14:17:01,260.59,0.09,2,52117,买盘
475,14:16:56,260.5,--,5,130250,卖盘
476,14:16:51,260.5,-0.1,1,26050,卖盘
477,14:16:46,260.6,0.1,27,703620,买盘
478,14:16:41,260.5,-0.09,6,156300,卖盘
479,14:16:36,260.59,--,2,52117,中性盘
480,14:16:31,260.59,--,1,26058,卖盘
481,14:16:26,260.59,--,2,52117,买盘
482,14:16:21,260.59,-0.01,7,182412,卖盘
483,14:16:16,260.6,--,1,26060,买盘
484,14:16:06,260.6,0.01,2,52120,买盘
485,14:16:01,260.59,--,4,104235,卖盘
486,14:15:56,260.59,-0.01,8,208471,卖盘
487,14:15:51,260.6,--,4,104240,买盘
488,14:15:41,260.6,0.01,1,26060,买盘
489,14:15:36,260.59,--,3,78176,买盘
490,14:15:26,260.59,0.01,4,104235,中性盘
491,14:15:20,260.58,-0.02,8,208464,卖盘
492,14:15:16,260.6,--,0,0,买盘
493,14:15:11,260.6,0.01,17,443020,买盘
494,14:15:05,260.59,0.01,6,156353,买盘
495,14:14:56,260.58,0.07,6,156348,中性盘
496,14:14:50,260.51,-0.07,3,78153,买盘
497,14:14:46,260.58,--,5,130289,卖盘
498,14:14:41,260.58,-0.01,1,26058,卖盘
499,14:14:35,260.59,0.01,16,416943,买盘
500,14:14:31,260.58,--,4,104232,卖盘
501,14:14:25,260.58,0.07,20,521159,买盘
502,14:14:20,260.51,-0.07,2,52102,卖盘
503,14:14:16,260.58,0.07,1,26058,买盘
504,14:14:11,260.51,--,1,26051,卖盘
505,14:14:01,260.51,--,7,182357,卖盘
506,14:13:56,260.51,0.02,6,156306,买盘
507,14:13:50,260.49,--,6,156294,卖盘
508,14:13:45,260.49,--,1,26049,卖盘
509,14:13:41,260.49,-0.02,10,260490,卖盘
510,14:13:35,260.51,0.02,2,52102,买盘
511,14:13:26,260.49,-0.01,6,156294,卖盘
512,14:13:20,260.5,0.01,6,163073,买盘
513,14:13:15,260.49,-0.01,3,78147,中性盘
514,14:13:10,260.5,0.01,10,260500,买盘
515,14:13:05,260.49,0.06,5,130245,卖盘
516,14:12:59,260.43,--,0,0,卖盘
517,14:12:50,260.43,--,3,78129,卖盘
518,14:12:45,260.43,-0.06,4,104172,卖盘
519,14:12:40,260.49,--,7,182343,买盘
520,14:12:35,260.49,--,1,26049,买盘
521,14:12:30,260.49,0.01,1,26049,买盘
522,14:12:25,260.48,0.05,2,52096,买盘
523,14:12:20,260.43,--,15,390645,卖盘
524,14:12:10,260.43,--,19,494817,卖盘
525,14:12:05,260.43,-0.06,36,937548,卖盘
526,14:11:55,260.49,0.06,13,338637,买盘
527,14:11:50,260.43,-0.01,24,625032,卖盘
528,14:11:45,260.44,-0.05,1,26044,卖盘
529,14:11:40,260.49,0.07,29,755421,买盘
530,14:11:35,260.42,-0.01,52,1354184,卖盘
531,14:11:25,260.43,0.01,4,104172,买盘
532,14:11:20,260.42,-0.01,14,364588,卖盘
533,14:11:15,260.43,--,3,78129,买盘
534,14:11:05,260.43,--,9,234387,买盘
535,14:11:00,260.43,-0.01,6,156258,卖盘
536,14:10:55,260.44,-0.06,1,26044,中性盘
537,14:10:50,260.5,0.07,4,104200,买盘
538,14:10:45,260.43,--,7,182301,卖盘
539,14:10:40,260.43,-0.07,1,26043,卖盘
540,14:10:35,260.5,--,3,78150,买盘
541,14:10:30,260.5,--,1,26050,买盘
542,14:10:25,260.5,--,14,364700,买盘
543,14:10:20,260.5,--,22,588730,卖盘
544,14:10:10,260.5,--,1,26050,卖盘
545,14:10:05,260.5,--,2,62520,买盘
546,14:09:55,260.5,0.01,13,338650,买盘
547,14:09:50,260.49,0.07,1,26049,卖盘
548,14:09:39,260.42,0.02,2,52084,买盘
549,14:09:35,260.4,-0.09,16,416639,卖盘
550,14:09:30,260.49,--,2,52098,买盘
551,14:09:25,260.49,0.06,2,52098,买盘
552,14:09:19,260.43,-0.06,4,104172,中性盘
553,14:09:15,260.49,0.19,21,547029,买盘
554,14:09:10,260.3,-0.1,49,1275470,卖盘
555,14:09:04,260.4,0.09,11,286440,中性盘
556,14:09:00,260.31,-0.11,31,822579,卖盘
557,14:08:55,260.42,0.04,2,52084,买盘
558,14:08:50,260.38,0.07,7,182266,买盘
559,14:08:45,260.31,--,3,78093,卖盘
560,14:08:35,260.31,-0.07,6,156186,卖盘
561,14:08:30,260.38,-0.02,8,208304,卖盘
562,14:08:25,260.4,--,0,0,中性盘
563,14:08:20,260.4,0.02,33,859319,买盘
564,14:08:15,260.38,0.07,22,572836,卖盘
565,14:08:10,260.31,--,0,0,卖盘
566,14:08:05,260.31,--,11,286341,卖盘
567,14:07:59,260.31,--,39,1015209,卖盘
568,14:07:54,260.31,-0.05,23,598713,卖盘
569,14:07:50,260.36,--,0,0,买盘
570,14:07:45,260.36,--,3,78108,买盘
571,14:07:34,260.36,--,6,156216,买盘
572,14:07:29,260.36,--,0,0,买盘
573,14:07:24,260.36,--,15,390540,卖盘
574,14:07:14,260.36,--,14,364504,卖盘
575,14:07:04,260.36,--,0,0,中性盘
576,14:06:59,260.36,--,2,52072,卖盘
577,14:06:54,260.36,--,1,26036,中性盘
578,14:06:49,260.36,--,0,0,中性盘
579,14:06:44,260.36,-0.03,7,182252,中性盘
580,14:06:39,260.39,-0.01,5,130195,卖盘
581,14:06:34,260.4,0.01,10,260399,买盘
582,14:06:29,260.39,-0.01,7,182273,卖盘
583,14:06:24,260.4,0.01,4,104159,买盘
584,14:06:20,260.39,-0.01,17,442663,卖盘
585,14:06:14,260.4,0.01,67,1744679,买盘
586,14:06:04,260.39,--,1,26039,卖盘
587,14:05:59,260.39,--,3,78117,买盘
588,14:05:49,260.39,0.02,2,52078,买盘
589,14:05:44,260.37,--,4,104148,卖盘
590,14:05:34,260.37,0.01,6,156222,中性盘
591,14:05:29,260.36,-0.01,1,26036,卖盘
592,14:05:24,260.37,0.01,1,26037,卖盘
593,14:05:19,260.36,--,4,104144,卖盘
594,14:05:14,260.36,-0.04,1,26036,卖盘
595,14:05:09,260.4,0.09,8,208319,买盘
596,14:05:04,260.31,--,1,26031,卖盘
597,14:04:59,260.31,-0.05,52,1353612,卖盘
598,14:04:53,260.36,--,0,0,卖盘
599,14:04:49,260.36,0.01,9,234324,买盘
600,14:04:44,260.35,0.04,2,52070,中性盘
601,14:04:38,260.31,-0.05,15,390465,卖盘
602,14:04:34,260.36,--,6,156216,买盘
603,14:04:29,260.36,--,3,78108,卖盘
604,14:04:24,260.36,--,4,104144,卖盘
605,14:04:19,260.36,--,2,52072,卖盘
606,14:04:13,260.36,--,3,78108,买盘
607,14:04:09,260.36,--,0,0,中性盘
608,14:04:04,260.36,--,1,26036,卖盘
609,14:03:59,260.36,0.01,1,26036,卖盘
610,14:03:54,260.35,0.04,1,26035,买盘
611,14:03:49,260.31,-0.05,15,390465,买盘
612,14:03:44,260.36,--,0,0,买盘
613,14:03:34,260.36,-0.04,1,26036,中性盘
614,14:03:29,260.4,--,0,0,买盘
615,14:03:24,260.4,--,8,208319,买盘
616,14:03:19,260.4,-0.02,11,286440,卖盘
617,14:03:14,260.42,-0.01,51,1328142,中性盘
618,14:03:09,260.43,0.03,10,260430,买盘
619,14:03:04,260.4,-0.02,64,1666559,卖盘
620,14:02:59,260.42,--,51,1328142,买盘
621,14:02:54,260.42,0.02,3,78126,买盘
622,14:02:48,260.4,--,7,182279,卖盘
623,14:02:44,260.4,--,15,390599,卖盘
624,14:02:38,260.4,0.04,45,1174404,买盘
625,14:02:34,260.36,--,1,26036,卖盘
626,14:02:29,260.36,--,8,208288,卖盘
627,14:02:24,260.36,-0.04,4,104144,卖盘
628,14:02:19,260.4,--,2,52079,买盘
629,14:02:14,260.4,-0.02,8,208319,中性盘
630,14:02:09,260.42,-0.01,42,1093764,卖盘
631,14:02:04,260.43,--,3,78129,买盘
632,14:01:58,260.43,-0.01,13,338559,卖盘
633,14:01:53,260.44,--,2,52088,卖盘
634,14:01:49,260.44,--,2,52088,卖盘
635,14:01:43,260.44,0.01,5,130220,中性盘
636,14:01:38,260.43,-0.07,3,78129,卖盘
637,14:01:34,260.5,--,5,130250,买盘
638,14:01:23,260.5,--,3,78150,中性盘
639,14:01:19,260.5,--,1,26050,买盘
640,14:01:13,260.5,-0.01,21,547050,卖盘
641,14:01:08,260.51,--,1,26051,卖盘
642,14:01:03,260.51,--,2,52102,买盘
643,14:00:58,260.51,--,3,78153,卖盘
644,14:00:54,260.51,--,7,182357,卖盘
645,14:00:43,260.51,-0.01,5,130255,卖盘
646,14:00:39,260.52,--,4,104208,卖盘
647,14:00:32,260.52,-0.08,44,1146288,卖盘
648,14:00:24,260.6,--,3,78180,买盘
649,14:00:13,260.6,--,4,104240,买盘
650,14:00:07,260.6,--,27,703620,卖盘
651,14:00:02,260.6,--,2,52120,卖盘
652,13:59:58,260.6,--,1,26060,卖盘
653,13:59:53,260.6,--,8,208480,卖盘
654,13:59:47,260.6,--,1,26060,卖盘
655,13:59:43,260.6,-0.08,10,260600,卖盘
656,13:59:13,260.68,-0.02,31,811757,卖盘
657,13:59:08,260.7,0.02,1,26070,买盘
658,13:59:03,260.68,--,1,26068,卖盘
659,13:58:58,260.68,--,1,26068,卖盘
660,13:58:48,260.68,--,1,31281,卖盘
661,13:58:43,260.68,--,4,104272,卖盘
662,13:58:33,260.68,--,1,26068,卖盘
663,13:58:28,260.68,--,13,338884,卖盘
664,13:58:23,260.68,-0.02,5,130340,卖盘
665,13:58:13,260.7,0.02,7,199696,买盘
666,13:58:03,260.68,-0.02,3,78204,中性盘
667,13:57:53,260.7,-0.1,11,286770,卖盘
668,13:57:43,260.8,--,4,104320,买盘
669,13:57:38,260.8,-0.01,13,339040,卖盘
670,13:57:33,260.81,0.01,3,78243,买盘
671,13:57:28,260.8,-0.01,1,26080,卖盘
672,13:57:23,260.81,-0.06,10,260810,卖盘
673,13:57:13,260.87,0.07,8,208696,买盘
674,13:57:08,260.8,-0.07,11,286880,卖盘
675,13:57:03,260.87,0.07,5,130435,买盘
676,13:56:58,260.8,-0.07,5,130400,卖盘
677,13:56:53,260.87,0.01,3,78261,买盘
678,13:56:48,260.86,0.06,3,78258,买盘
679,13:56:43,260.8,-0.07,4,104320,卖盘
680,13:56:32,260.87,0.01,3,78261,买盘
681,13:56:28,260.86,-0.02,5,130430,卖盘
682,13:56:23,260.88,0.03,2,52176,买盘
683,13:56:17,260.85,--,36,939060,买盘
684,13:56:13,260.85,-0.1,14,365190,卖盘
685,13:56:08,260.95,--,7,182665,卖盘
686,13:56:03,260.95,0.09,17,443615,买盘
687,13:55:58,260.86,-0.02,12,313032,卖盘
688,13:55:53,260.88,0.03,7,182616,买盘
689,13:55:47,260.85,-0.01,6,156510,卖盘
690,13:55:43,260.86,0.01,11,286946,买盘
691,13:55:38,260.85,--,0,0,卖盘
692,13:55:32,260.85,-0.01,2,52170,卖盘
693,13:55:28,260.86,0.04,4,104344,中性盘
694,13:55:23,260.82,-0.04,1,26082,卖盘
695,13:55:17,260.86,0.01,1,26086,买盘
696,13:55:13,260.85,0.04,1,26085,中性盘
697,13:55:08,260.81,--,0,0,卖盘
698,13:55:02,260.81,--,5,130405,卖盘
699,13:54:58,260.81,--,7,182567,卖盘
700,13:54:53,260.81,--,3,78243,卖盘
701,13:54:48,260.81,--,2,52162,卖盘
702,13:54:37,260.81,0.11,1,26081,卖盘
703,13:54:32,260.7,-0.11,4,104280,卖盘
704,13:54:22,260.81,0.21,4,104324,买盘
705,13:54:17,260.6,-0.11,1,26060,卖盘
706,13:54:12,260.71,0.11,1,26070,中性盘
707,13:54:07,260.6,0.04,8,219164,买盘
708,13:54:02,260.56,-0.05,6,171709,卖盘
709,13:53:57,260.61,0.01,8,219173,买盘
710,13:53:52,260.6,--,18,469080,买盘
711,13:53:47,260.6,--,19,510515,卖盘
712,13:53:37,260.6,--,1,26060,卖盘
713,13:53:32,260.6,--,5,130300,卖盘
714,13:53:26,260.6,--,53,1381180,卖盘
715,13:53:22,260.6,-0.26,33,859980,卖盘
716,13:53:17,260.86,0.26,10,260860,买盘
717,13:53:07,260.6,--,0,0,卖盘
718,13:53:02,260.6,-0.26,68,1772080,卖盘
719,13:52:52,260.86,--,1,26086,卖盘
720,13:52:47,260.86,-0.01,4,104344,卖盘
721,13:52:41,260.87,0.01,1,26087,买盘
722,13:52:37,260.86,--,8,208688,卖盘
723,13:52:32,260.86,--,1,26086,卖盘
724,13:52:26,260.86,--,2,52172,卖盘
725,13:52:22,260.86,--,2,52172,卖盘
726,13:52:17,260.86,--,1,26086,中性盘
727,13:52:07,260.86,-0.13,3,78258,中性盘
728,13:51:56,260.99,0.17,1,26099,买盘
729,13:51:52,260.82,--,0,0,卖盘
730,13:51:47,260.82,-0.18,6,156492,卖盘
731,13:51:42,261.0,0.01,1,26100,买盘
732,13:51:32,260.99,--,1,26099,卖盘
733,13:51:26,260.99,--,3,78297,卖盘
734,13:51:22,260.99,--,10,278476,买盘
735,13:51:17,260.99,--,3,78297,买盘
736,13:51:12,260.99,--,2,67596,卖盘
737,13:51:07,260.99,--,5,130495,卖盘
738,13:50:56,260.99,--,1,26099,卖盘
739,13:50:47,260.99,-0.01,26,678574,卖盘
740,13:50:37,261.0,0.01,9,234900,买盘
741,13:50:31,260.99,--,2,62898,买盘
742,13:50:22,260.99,0.18,1,26099,买盘
743,13:50:17,260.81,-0.09,10,260810,卖盘
744,13:50:07,260.9,0.09,1,26089,买盘
745,13:50:01,260.81,-0.09,5,130405,卖盘
746,13:49:56,260.9,--,2,52179,买盘
747,13:49:52,260.9,--,10,260899,买盘
748,13:49:46,260.9,--,9,234809,卖盘
749,13:49:37,260.9,--,0,0,卖盘
750,13:49:26,260.9,-0.1,28,730519,卖盘
751,13:49:22,261.0,0.1,14,365400,买盘
752,13:49:16,260.9,-0.08,22,573980,卖盘
753,13:49:11,260.98,0.08,1,26098,买盘
754,13:49:02,260.9,--,5,130449,卖盘
755,13:48:56,260.9,--,8,208719,卖盘
756,13:48:47,260.9,-0.08,6,156540,卖盘
757,13:48:41,260.98,--,0,0,买盘
758,13:48:31,260.98,0.17,3,78294,买盘
759,13:48:26,260.81,--,1,26081,卖盘
760,13:48:22,260.81,--,0,0,中性盘
761,13:48:17,260.81,-0.26,4,104324,中性盘
762,13:48:11,261.07,0.07,17,443819,买盘
763,13:48:07,261.0,0.2,101,2636100,买盘
764,13:48:01,260.8,--,0,0,卖盘
765,13:47:56,260.8,-0.2,8,208640,卖盘
766,13:47:52,261.0,--,33,861300,买盘
767,13:47:47,261.0,0.2,3,78300,买盘
768,13:47:41,260.8,-0.2,3,78240,卖盘
769,13:47:35,261.0,--,1,26100,买盘
770,13:47:31,261.0,--,4,104400,买盘
771,13:47:26,261.0,0.15,3,78300,买盘
772,13:47:20,260.85,-0.15,4,104340,卖盘
773,13:47:16,261.0,--,4,104400,买盘
774,13:47:11,261.0,--,1,26100,买盘
775,13:47:01,261.0,--,23,600300,买盘
776,13:46:56,261.0,--,3,78300,买盘
777,13:46:50,261.0,-0.09,21,548100,卖盘
778,13:46:46,261.09,--,0,0,中性盘
779,13:46:41,261.09,-0.1,10,261089,卖盘
780,13:46:31,261.19,--,5,130595,中性盘
781,13:46:26,261.19,0.18,8,208952,买盘
782,13:46:16,261.01,0.16,4,104404,买盘
783,13:46:11,260.85,--,10,260850,卖盘
784,13:46:05,260.85,-0.15,1,26085,卖盘
785,13:46:01,261.0,--,5,130500,买盘
786,13:45:56,261.0,--,11,287100,买盘
787,13:45:50,261.0,--,1,26100,买盘
788,13:45:46,261.0,--,5,130500,买盘
789,13:45:41,261.0,--,22,574200,买盘
790,13:45:35,261.0,--,0,0,买盘
791,13:45:31,261.0,0.1,100,2610000,买盘
792,13:45:26,260.9,-0.1,16,417439,卖盘
793,13:45:16,261.0,--,3,78300,买盘
794,13:45:05,261.0,--,4,104400,买盘
795,13:44:56,261.0,-0.2,69,1803510,卖盘
796,13:44:46,261.2,--,1,26120,中性盘
797,13:44:41,261.2,0.2,15,412696,中性盘
798,13:44:35,261.0,-0.25,6,156600,卖盘
799,13:44:31,261.25,0.05,2,52250,买盘
800,13:44:26,261.2,--,14,365680,卖盘
801,13:44:20,261.2,--,0,0,卖盘
802,13:44:16,261.2,0.2,3,78360,买盘
803,13:44:11,261.0,--,4,104400,卖盘
804,13:44:05,261.0,-0.01,5,130500,卖盘
805,13:44:01,261.01,-0.05,5,130505,卖盘
806,13:43:56,261.06,0.06,23,603048,买盘
807,13:43:50,261.0,--,31,809100,买盘
808,13:43:46,261.0,--,4,104400,买盘
809,13:43:41,261.0,0.01,4,104400,买盘
810,13:43:35,260.99,--,53,1383247,卖盘
811,13:43:31,260.99,--,14,365386,卖盘
812,13:43:26,260.99,-0.01,53,1383247,卖盘
813,13:43:20,261.0,0.01,1,26100,买盘
814,13:43:16,260.99,--,1,26099,卖盘
815,13:43:10,260.99,--,3,78297,中性盘
816,13:43:01,260.99,0.09,5,130495,买盘
817,13:42:50,260.9,--,3,78270,卖盘
818,13:42:46,260.9,--,5,130449,买盘
819,13:42:31,260.9,-0.09,9,234809,中性盘
820,13:42:25,260.99,--,4,104396,买盘
821,13:42:20,260.99,-0.01,4,104396,卖盘
822,13:42:16,261.0,0.01,15,391500,买盘
823,13:42:10,260.99,-0.01,26,678574,卖盘
824,13:42:05,261.0,0.01,18,469800,买盘
825,13:42:01,260.99,-0.01,3,78297,卖盘
826,13:41:55,261.0,0.01,42,1096200,买盘
827,13:41:50,260.99,-0.01,6,156594,中性盘
828,13:41:46,261.0,0.01,72,1879200,买盘
829,13:41:40,260.99,0.19,3,78297,买盘
830,13:41:31,260.8,-0.19,41,1069280,卖盘
831,13:41:25,260.99,-0.01,1,26099,中性盘
832,13:41:20,261.0,0.01,63,1644300,买盘
833,13:41:16,260.99,-0.01,10,260990,买盘
834,13:41:10,261.0,--,13,339300,买盘
835,13:41:05,261.0,--,0,0,买盘
836,13:41:01,261.0,--,9,234900,买盘
837,13:40:55,261.0,0.19,9,234900,买盘
838,13:40:50,260.81,-0.19,5,130405,卖盘
839,13:40:46,261.0,-0.3,4,104400,卖盘
840,13:40:41,261.3,--,0,0,中性盘
841,13:40:35,261.3,0.5,3,78390,卖盘
842,13:40:31,260.8,-0.5,19,495520,卖盘
843,13:40:26,261.3,0.5,4,104520,买盘
844,13:40:20,260.8,-0.5,13,339040,卖盘
845,13:40:16,261.3,-0.08,4,104520,中性盘
846,13:40:11,261.38,0.08,9,235242,买盘
847,13:40:05,261.3,0.42,2,52260,卖盘
848,13:40:00,260.88,-0.42,1,26088,卖盘
849,13:39:56,261.3,--,0,0,中性盘
850,13:39:50,261.3,0.5,56,1476345,买盘
851,13:39:45,260.8,--,122,3181760,买盘
852,13:39:35,260.8,--,17,443360,买盘
853,13:39:25,260.8,--,3,78240,买盘
854,13:39:20,260.8,-0.45,58,1530896,卖盘
855,13:39:14,261.25,--,9,235125,卖盘
856,13:39:05,261.25,0.15,21,548625,买盘
857,13:38:59,261.1,-0.15,1,26110,卖盘
858,13:38:55,261.25,0.06,4,104500,买盘
859,13:38:50,261.19,0.19,14,365666,买盘
860,13:38:44,261.0,--,3,78300,卖盘
861,13:38:40,261.0,0.12,77,2017530,买盘
862,13:38:35,260.88,--,9,234792,中性盘
863,13:38:29,260.88,--,1,26088,中性盘
864,13:38:25,260.88,0.07,4,104352,买盘
865,13:38:14,260.81,-0.05,5,130405,卖盘
866,13:38:05,260.86,0.05,10,260860,买盘
867,13:37:59,260.81,--,3,78243,卖盘
868,13:37:55,260.81,0.01,11,286891,买盘
869,13:37:44,260.8,--,3,78240,买盘
870,13:37:40,260.8,-0.01,1,26080,买盘
871,13:37:35,260.81,0.01,4,104324,买盘
872,13:37:29,260.8,--,3,78240,卖盘
873,13:37:25,260.8,--,10,260800,卖盘
874,13:37:20,260.8,0.29,2,52160,中性盘
875,13:37:14,260.51,-0.29,14,364714,卖盘
876,13:37:10,260.8,--,3,78240,卖盘
877,13:37:05,260.8,--,12,312960,买盘
878,13:36:59,260.8,--,1,26080,买盘
879,13:36:55,260.8,--,6,156480,买盘
880,13:36:49,260.8,--,6,156480,卖盘
881,13:36:44,260.8,-0.01,2,52160,卖盘
882,13:36:40,260.81,0.01,4,104324,买盘
883,13:36:34,260.8,-0.01,2,52160,中性盘
884,13:36:29,260.81,0.01,13,339053,买盘
885,13:36:25,260.8,0.3,5,130400,卖盘
886,13:36:19,260.5,-0.3,4,104200,卖盘
887,13:36:14,260.8,--,2,52160,买盘
888,13:36:10,260.8,--,5,130400,卖盘
889,13:36:04,260.8,0.3,4,104320,买盘
890,13:35:59,260.5,-0.3,5,130250,中性盘
891,13:35:55,260.8,--,3,78240,买盘
892,13:35:49,260.8,--,10,260800,买盘
893,13:35:44,260.8,0.01,3,78240,买盘
894,13:35:40,260.79,-0.01,1,26079,买盘
895,13:35:34,260.8,--,0,0,买盘
896,13:35:29,260.8,--,6,156480,买盘
897,13:35:25,260.8,0.01,19,495520,买盘
898,13:35:19,260.79,--,4,104316,中性盘
899,13:35:14,260.79,--,5,130395,卖盘
900,13:35:10,260.79,--,2,52158,卖盘
901,13:35:04,260.79,--,6,156474,卖盘
902,13:34:59,260.79,-0.01,4,104316,卖盘
903,13:34:55,260.8,0.01,13,339040,买盘
904,13:34:49,260.79,--,3,78237,卖盘
905,13:34:39,260.79,--,5,130395,卖盘
906,13:34:25,260.79,--,2,52158,中性盘
907,13:34:19,260.79,--,9,234711,买盘
908,13:34:14,260.79,-0.02,3,78237,卖盘
909,13:34:09,260.81,0.32,1,26081,买盘
910,13:34:04,260.49,-0.31,4,104196,中性盘
911,13:33:59,260.8,--,12,312960,买盘
912,13:33:54,260.8,0.31,3,78240,买盘
913,13:33:49,260.49,-0.31,3,78147,卖盘
914,13:33:44,260.8,0.31,9,234720,买盘
915,13:33:39,260.49,-0.31,5,130245,卖盘
916,13:33:34,260.8,0.16,4,104320,买盘
917,13:33:29,260.64,--,4,104256,卖盘
918,13:33:25,260.64,--,4,104256,卖盘
919,13:33:19,260.64,0.15,6,156384,买盘
920,13:33:04,260.49,0.14,11,286539,买盘
921,13:32:59,260.35,--,38,989330,卖盘
922,13:32:54,260.35,--,17,442595,卖盘
923,13:32:43,260.35,-0.14,8,208280,卖盘
924,13:32:39,260.49,0.14,5,130245,买盘
925,13:32:34,260.35,--,4,104140,卖盘
926,13:32:29,260.35,--,2,52070,卖盘
927,13:32:24,260.35,-0.15,19,494665,卖盘
928,13:32:19,260.5,--,0,0,买盘
929,13:32:14,260.5,0.15,31,807550,买盘
930,13:32:04,260.35,0.03,4,104140,买盘
931,13:31:54,260.32,-0.03,5,130160,卖盘
932,13:31:44,260.35,0.03,2,52070,中性盘
933,13:31:34,260.32,-0.18,28,728896,卖盘
934,13:31:29,260.5,0.15,9,234450,中性盘
935,13:31:23,260.35,-0.47,29,755015,卖盘
936,13:31:19,260.82,-0.01,0,20865,卖盘
937,13:31:14,260.83,0.01,9,234747,买盘
938,13:31:08,260.82,0.03,3,78246,中性盘
939,13:31:04,260.79,0.29,5,130395,买盘
940,13:30:59,260.5,-0.32,48,1250400,卖盘
941,13:30:53,260.82,--,3,78246,买盘
942,13:30:49,260.82,-0.01,9,242562,买盘
943,13:30:44,260.83,--,4,122329,买盘
944,13:30:34,260.83,0.33,7,182581,买盘
945,13:30:29,260.5,-0.32,18,468900,卖盘
946,13:30:23,260.82,--,3,78246,卖盘
947,13:30:19,260.82,0.32,2,52164,买盘
948,13:30:14,260.5,0.15,38,989900,卖盘
949,13:29:59,260.35,-0.05,6,156210,卖盘
950,13:29:53,260.4,-0.43,18,468719,卖盘
951,13:29:49,260.83,--,6,156498,卖盘
952,13:29:44,260.83,--,5,130414,买盘
953,13:29:34,260.83,0.48,6,156498,买盘
954,13:29:29,260.35,--,0,0,卖盘
955,13:29:23,260.35,0.04,5,130175,中性盘
956,13:29:19,260.31,0.01,2,52062,卖盘
957,13:29:14,260.3,--,0,0,卖盘
958,13:29:04,260.3,--,1,26030,卖盘
959,13:28:58,260.3,-0.54,3,78090,卖盘
960,13:28:53,260.84,--,3,78251,卖盘
961,13:28:49,260.84,-0.06,3,78251,卖盘
962,13:28:43,260.9,0.06,9,234809,买盘
963,13:28:38,260.84,--,1,26083,卖盘
964,13:28:34,260.84,--,27,704267,买盘
965,13:28:28,260.84,--,2,52167,买盘
966,13:28:23,260.84,0.49,3,78251,中性盘
967,13:28:19,260.35,-0.49,10,260350,卖盘
968,13:28:13,260.84,--,0,0,卖盘
969,13:28:04,260.84,-0.07,4,104335,买盘
970,13:27:58,260.91,--,0,0,买盘
971,13:27:53,260.91,--,3,78273,买盘
972,13:27:49,260.91,--,1,26091,卖盘
973,13:27:43,260.91,--,2,52182,买盘
974,13:27:38,260.91,0.61,3,78273,卖盘
975,13:27:34,260.3,-0.61,19,509146,卖盘
976,13:27:28,260.91,--,4,104364,买盘
977,13:27:23,260.91,-0.08,3,78273,买盘
978,13:27:19,260.99,--,0,0,买盘
979,13:27:13,260.99,0.08,5,130495,买盘
980,13:27:08,260.91,-0.08,1,26091,卖盘
981,13:27:03,260.99,-0.01,3,78297,买盘
982,13:26:58,261.0,--,1,26100,买盘
983,13:26:53,261.0,--,5,130500,买盘
984,13:26:43,261.0,0.09,6,156600,买盘
985,13:26:33,260.91,-0.09,17,443547,卖盘
986,13:26:23,261.0,0.01,9,258390,买盘
987,13:26:18,260.99,-0.01,10,260990,卖盘
988,13:26:13,261.0,0.01,10,261000,买盘
989,13:25:53,260.99,--,2,52198,卖盘
990,13:25:48,260.99,-0.01,6,156594,卖盘
991,13:25:43,261.0,0.01,10,261000,买盘
992,13:25:38,260.99,--,2,52198,卖盘
993,13:25:33,260.99,--,18,472391,买盘
994,13:25:23,260.99,0.08,5,130495,买盘
995,13:25:18,260.91,-0.08,2,52182,卖盘
996,13:25:13,260.99,0.08,10,260990,买盘
997,13:25:03,260.91,--,1,26091,买盘
998,13:24:53,260.91,-0.08,3,78273,买盘
999,13:24:48,260.99,--,0,0,买盘
1000,13:24:43,260.99,--,21,548079,中性盘
1001,13:24:38,260.99,--,2,52198,卖盘
1002,13:24:33,260.99,-0.01,5,130495,卖盘
1003,13:24:28,261.0,--,42,1096200,买盘
1004,13:24:23,261.0,--,40,1044000,买盘
1005,13:24:18,261.0,--,10,261000,买盘
1006,13:24:13,261.0,--,3,78300,买盘
1007,13:24:08,261.0,--,27,704700,卖盘
1008,13:24:02,261.0,--,1,26100,卖盘
1009,13:23:58,261.0,--,15,391500,卖盘
1010,13:23:53,261.0,--,6,156600,卖盘
1011,13:23:47,261.0,--,0,0,卖盘
1012,13:23:43,261.0,0.04,97,2531700,买盘
1013,13:23:38,260.96,-0.04,25,652400,卖盘
1014,13:23:32,261.0,-0.23,93,2427300,卖盘
1015,13:23:28,261.23,0.03,9,235107,卖盘
1016,13:23:23,261.2,--,6,156720,卖盘
1017,13:23:17,261.2,0.04,2,52240,买盘
1018,13:23:13,261.16,0.13,7,182812,买盘
1019,13:23:08,261.03,0.03,4,104411,买盘
1020,13:23:02,261.0,--,0,0,卖盘
1021,13:22:58,261.0,--,11,287100,卖盘
1022,13:22:53,261.0,--,7,182700,买盘
1023,13:22:43,261.0,--,21,548100,买盘
1024,13:22:38,261.0,--,18,469800,买盘
1025,13:22:32,261.0,--,3,78300,买盘
1026,13:22:28,261.0,--,1,26100,买盘
1027,13:22:23,261.0,--,23,600300,买盘
1028,13:22:13,261.0,--,9,234900,买盘
1029,13:22:08,261.0,--,113,2949300,买盘
1030,13:22:02,261.0,--,1,26100,买盘
1031,13:21:58,261.0,--,18,469800,买盘
1032,13:21:52,261.0,-0.07,40,1044000,卖盘
1033,13:21:47,261.07,-0.03,6,156642,卖盘
1034,13:21:43,261.1,0.03,18,469980,买盘
1035,13:21:38,261.07,--,31,809317,买盘
1036,13:21:32,261.07,0.06,24,626568,买盘
1037,13:21:28,261.01,-0.49,9,234909,卖盘
1038,13:21:23,261.5,0.49,205,5360750,买盘
1039,13:21:17,261.01,--,1,26101,卖盘
1040,13:21:13,261.01,--,2,52202,卖盘
1041,13:21:07,261.01,-0.07,2,52202,中性盘
1042,13:21:02,261.08,0.07,18,469944,买盘
1043,13:20:58,261.01,0.01,3,78303,买盘
1044,13:20:52,261.0,--,4,104400,卖盘
1045,13:20:47,261.0,-0.01,46,1200600,卖盘
1046,13:20:43,261.01,--,15,391515,买盘
1047,13:20:37,261.01,--,9,234909,买盘
1048,13:20:32,261.01,0.01,3,78303,买盘
1049,13:20:28,261.0,--,24,626400,卖盘
1050,13:20:17,261.0,--,0,0,卖盘
1051,13:20:13,261.0,--,14,365400,卖盘
1052,13:20:07,261.0,--,29,756900,卖盘
1053,13:20:02,261.0,--,0,0,卖盘
1054,13:19:58,261.0,--,1,26100,卖盘
1055,13:19:52,261.0,--,11,287100,卖盘
1056,13:19:47,261.0,-0.1,20,522000,卖盘
1057,13:19:43,261.1,--,7,182770,买盘
1058,13:19:37,261.1,0.1,7,182770,卖盘
1059,13:19:32,261.0,-0.1,24,626400,卖盘
1060,13:19:27,261.1,--,36,939960,买盘
1061,13:19:22,261.1,--,9,234990,买盘
1062,13:19:17,261.1,0.1,15,391650,买盘
1063,13:19:12,261.0,--,6,156600,卖盘
1064,13:19:07,261.0,--,3,78300,卖盘
1065,13:19:01,261.0,0.03,1,26100,买盘
1066,13:18:57,260.97,-0.03,20,521940,卖盘
1067,13:18:52,261.0,--,4,104400,买盘
1068,13:18:47,261.0,0.01,7,182700,买盘
1069,13:18:42,260.99,-0.01,7,182693,中性盘
1070,13:18:37,261.0,0.03,4,104400,买盘
1071,13:18:27,260.97,-0.03,2,52194,卖盘
1072,13:18:22,261.0,--,3,78300,买盘
1073,13:18:12,261.0,--,18,469800,卖盘
1074,13:18:07,261.0,-0.1,22,574200,卖盘
1075,13:18:02,261.1,-0.08,4,104440,卖盘
1076,13:17:57,261.18,0.18,14,365652,买盘
1077,13:17:52,261.0,--,13,339300,卖盘
1078,13:17:47,261.0,--,0,0,卖盘
1079,13:17:42,261.0,--,44,1148400,卖盘
1080,13:17:37,261.0,--,5,130500,卖盘
1081,13:17:32,261.0,--,1,26100,卖盘
1082,13:17:27,261.0,-0.1,13,339300,卖盘
1083,13:17:22,261.1,0.14,10,261100,买盘
1084,13:17:17,260.96,0.01,1,26095,中性盘
1085,13:17:12,260.95,-0.05,13,339235,卖盘
1086,13:17:07,261.0,-0.1,8,208800,买盘
1087,13:16:57,261.1,0.1,7,182770,买盘
1088,13:16:52,261.0,--,17,443700,卖盘
1089,13:16:47,261.0,0.02,2,52200,中性盘
1090,13:16:42,260.98,-0.02,29,756842,卖盘
1091,13:16:37,261.0,-0.09,1,26100,卖盘
1092,13:16:32,261.09,0.09,20,522179,买盘
1093,13:16:27,261.0,0.02,198,5191290,买盘
1094,13:16:22,260.98,--,6,156588,买盘
1095,13:16:17,260.98,--,4,104392,买盘
1096,13:16:12,260.98,0.03,13,339274,中性盘
1097,13:16:07,260.95,-0.03,59,1539605,卖盘
1098,13:16:02,260.98,--,11,287078,卖盘
1099,13:15:52,260.98,--,6,156588,卖盘
1100,13:15:47,260.98,-0.01,4,104392,卖盘
1101,13:15:41,260.99,--,0,0,中性盘
1102,13:15:37,260.99,0.01,8,215577,买盘
1103,13:15:32,260.98,--,5,130490,买盘
1104,13:15:26,260.98,--,17,443666,买盘
1105,13:15:22,260.98,--,25,671762,卖盘
1106,13:15:17,260.98,-0.02,52,1363881,卖盘
1107,13:15:11,261.0,--,23,600300,买盘
1108,13:15:07,261.0,0.02,26,678600,买盘
1109,13:15:02,260.98,-0.02,2,52196,卖盘
1110,13:14:56,261.0,--,18,469800,买盘
1111,13:14:51,261.0,0.02,16,417600,买盘
1112,13:14:47,260.98,-0.02,2,52196,卖盘
1113,13:14:41,261.0,0.05,11,287100,买盘
1114,13:14:37,260.95,-0.03,9,234855,卖盘
1115,13:14:32,260.98,0.06,26,678548,买盘
1116,13:14:25,260.92,--,0,0,卖盘
1117,13:14:22,260.92,0.02,2,52184,卖盘
1118,13:14:17,260.9,--,11,286990,卖盘
1119,13:14:11,260.9,--,1,26089,卖盘
1120,13:14:07,260.9,--,7,182629,买盘
1121,13:14:02,260.9,0.03,1,26089,买盘
1122,13:13:55,260.87,-0.03,10,260870,卖盘
1123,13:13:52,260.9,--,5,130449,买盘
1124,13:13:47,260.9,--,19,495709,买盘
1125,13:13:37,260.9,--,10,260899,买盘
1126,13:13:31,260.9,0.05,20,521799,买盘
1127,13:13:22,260.85,0.05,10,260850,买盘
1128,13:13:16,260.8,-0.04,2,52160,卖盘
1129,13:13:11,260.84,0.05,1,26083,买盘
1130,13:13:01,260.79,--,0,0,卖盘
1131,13:12:56,260.79,-0.01,10,260790,卖盘
1132,13:12:52,260.8,--,1,26080,卖盘
1133,13:12:46,260.8,0.01,54,1416144,买盘
1134,13:12:41,260.79,--,1,26079,卖盘
1135,13:12:37,260.79,0.01,2,52158,中性盘
1136,13:12:31,260.78,--,10,260779,卖盘
1137,13:12:25,260.78,-0.01,40,1043119,卖盘
1138,13:12:22,260.79,0.01,1,26079,中性盘
1139,13:12:16,260.78,--,19,509042,买盘
1140,13:12:06,260.78,--,3,78233,买盘
1141,13:12:01,260.78,--,8,208623,买盘
1142,13:11:51,260.78,--,6,156467,买盘
1143,13:11:46,260.78,--,3,78233,买盘
1144,13:11:41,260.78,--,27,704105,买盘
1145,13:11:36,260.78,-0.01,31,820935,卖盘
1146,13:11:31,260.79,-0.01,1,26079,中性盘
1147,13:11:21,260.8,0.02,28,730240,买盘
1148,13:11:16,260.78,--,34,900212,卖盘
1149,13:11:06,260.78,--,18,469403,卖盘
1150,13:11:01,260.78,--,1,26077,卖盘
1151,13:10:56,260.78,--,4,104311,卖盘
1152,13:10:46,260.78,--,5,130389,卖盘
1153,13:10:40,260.78,-0.07,2,52155,卖盘
1154,13:10:36,260.85,0.07,10,260850,买盘
1155,13:10:21,260.78,-0.12,3,78233,中性盘
1156,13:10:16,260.9,0.05,11,286990,买盘
1157,13:10:11,260.85,--,18,469530,卖盘
1158,13:10:06,260.85,-0.05,23,599955,卖盘
1159,13:10:01,260.9,--,12,313080,买盘
1160,13:09:56,260.9,--,29,756609,买盘
1161,13:09:51,260.9,--,4,104359,买盘
1162,13:09:46,260.9,-0.05,4,104359,中性盘
1163,13:09:41,260.95,-0.03,18,469710,卖盘
1164,13:09:36,260.98,-0.02,20,521960,卖盘
1165,13:09:31,261.0,0.02,55,1435500,买盘
1166,13:09:21,260.98,--,4,104392,买盘
1167,13:09:16,260.98,0.03,13,339274,买盘
1168,13:09:10,260.95,-0.03,29,756755,卖盘
1169,13:09:06,260.98,--,3,78294,买盘
1170,13:08:55,260.98,-0.01,1,26098,买盘
1171,13:08:51,260.99,0.04,6,156594,买盘
1172,13:08:46,260.95,--,13,339235,卖盘
1173,13:08:41,260.95,-0.05,28,730660,卖盘
1174,13:08:36,261.0,--,2,52200,买盘
1175,13:08:31,261.0,--,130,3393000,买盘
1176,13:08:21,261.0,--,3,78300,买盘
1177,13:08:16,261.0,0.06,19,495900,买盘
1178,13:08:10,260.94,--,36,939384,卖盘
1179,13:08:04,260.94,-0.01,2,52188,卖盘
1180,13:08:01,260.95,0.01,10,260950,买盘
1181,13:07:56,260.94,--,1,26094,中性盘
1182,13:07:46,260.94,0.06,3,78282,买盘
1183,13:07:41,260.88,--,12,313056,卖盘
1184,13:07:31,260.88,--,2,52176,卖盘
1185,13:07:26,260.88,--,5,130440,卖盘
1186,13:07:20,260.88,--,7,182616,买盘
1187,13:07:15,260.88,0.03,4,104352,买盘
1188,13:07:01,260.85,--,7,182595,卖盘
1189,13:06:55,260.85,-0.03,15,391275,卖盘
1190,13:06:50,260.88,0.08,14,365232,买盘
1191,13:06:46,260.8,0.03,4,104320,卖盘
1192,13:06:40,260.77,-0.08,49,1277773,卖盘
1193,13:06:35,260.85,0.08,3,78255,买盘
1194,13:06:31,260.77,--,17,443308,卖盘
1195,13:06:26,260.77,0.01,8,208616,卖盘
1196,13:06:15,260.76,--,3,78228,中性盘
1197,13:06:10,260.76,--,17,443292,卖盘
1198,13:06:05,260.76,0.01,2,52152,卖盘
1199,13:05:55,260.75,--,0,0,卖盘
1200,13:05:45,260.75,-0.01,3,78225,卖盘
1201,13:05:41,260.76,0.01,5,130380,买盘
1202,13:05:34,260.75,--,3,78225,卖盘
1203,13:05:30,260.75,--,1,26075,卖盘
1204,13:05:26,260.75,--,2,52150,买盘
1205,13:05:19,260.75,0.25,1,26075,买盘
1206,13:05:15,260.5,--,4,104200,卖盘
1207,13:05:10,260.5,-0.25,22,573100,卖盘
1208,13:05:05,260.75,-0.01,3,78225,买盘
1209,13:05:00,260.76,0.01,13,338988,买盘
1210,13:04:55,260.75,0.05,2,52150,买盘
1211,13:04:49,260.7,--,1,26070,卖盘
1212,13:04:45,260.7,0.2,4,104280,中性盘
1213,13:04:40,260.5,-0.2,2,52100,卖盘
1214,13:04:35,260.7,-0.06,3,78210,买盘
1215,13:04:30,260.76,--,0,0,买盘
1216,13:04:25,260.76,--,6,156456,卖盘
1217,13:04:20,260.76,--,11,286836,卖盘
1218,13:04:15,260.76,--,10,260760,卖盘
1219,13:04:10,260.76,--,11,286836,卖盘
1220,13:04:04,260.76,-0.12,8,208608,卖盘
1221,13:04:00,260.88,0.12,1,26088,买盘
1222,13:03:55,260.76,-0.12,2,52152,卖盘
1223,13:03:49,260.88,0.12,1,26088,买盘
1224,13:03:45,260.76,--,0,0,卖盘
1225,13:03:40,260.76,--,35,912660,卖盘
1226,13:03:34,260.76,-0.14,18,469368,卖盘
1227,13:03:30,260.9,-0.04,7,182629,买盘
1228,13:03:25,260.94,0.18,19,495786,买盘
1229,13:03:15,260.76,--,5,130380,卖盘
1230,13:03:10,260.76,-0.18,14,365064,卖盘
1231,13:03:04,260.94,-0.01,18,469692,中性盘
1232,13:03:00,260.95,-0.04,2,52190,买盘
1233,13:02:55,260.99,--,0,0,买盘
1234,13:02:45,260.99,0.23,29,756871,买盘
1235,13:02:40,260.76,-0.22,9,234684,卖盘
1236,13:02:34,260.98,0.22,7,182686,买盘
1237,13:02:25,260.76,--,2,52152,卖盘
1238,13:02:19,260.76,-0.24,1,26076,卖盘
1239,13:02:15,261.0,--,2,52200,买盘
1240,13:02:10,261.0,--,20,522000,买盘
1241,13:02:05,261.0,-0.07,46,1200600,卖盘
1242,13:02:00,261.07,-0.01,18,469926,卖盘
1243,13:01:55,261.08,0.01,33,861564,买盘
1244,13:01:50,261.07,-0.01,1,26107,卖盘
1245,13:01:45,261.08,--,33,861564,买盘
1246,13:01:40,261.08,0.08,29,757132,买盘
1247,13:01:34,261.0,-0.08,31,809100,卖盘
1248,13:01:29,261.08,0.08,37,965995,买盘
1249,13:01:25,261.0,-0.08,12,313200,卖盘
1250,13:01:19,261.08,--,0,0,买盘
1251,13:01:15,261.08,--,21,548268,买盘
1252,13:01:10,261.08,0.08,137,3576796,买盘
1253,13:01:04,261.0,0.2,205,5350500,买盘
1254,13:01:00,260.8,0.06,22,573760,买盘
1255,13:00:54,260.74,0.08,2,52148,买盘
1256,13:00:49,260.66,0.03,0,2606,买盘
1257,13:00:45,260.63,0.13,24,625512,买盘
1258,13:00:40,260.5,0.1,91,2378365,买盘
1259,13:00:34,260.4,0.05,26,679643,买盘
1260,13:00:30,260.35,0.04,52,1353820,买盘
1261,13:00:25,260.31,0.06,48,1260941,买盘
1262,13:00:20,260.25,--,0,0,卖盘
1263,13:00:15,260.25,--,47,1243995,买盘
1264,13:00:09,260.25,0.09,99,2576475,买盘
1265,13:00:05,260.16,0.06,132,3436973,买盘
1266,11:30:00,260.1,--,0,0,卖盘
1267,11:29:59,260.1,-0.06,11,286110,卖盘
1268,11:29:56,260.16,0.06,6,158697,买盘
1269,11:29:51,260.1,-0.04,22,572220,卖盘
1270,11:29:46,260.14,0.04,2,52028,买盘
1271,11:29:41,260.1,--,9,234090,卖盘
1272,11:29:35,260.1,--,27,702270,卖盘
1273,11:29:25,260.1,0.03,14,364140,买盘
1274,11:29:21,260.07,--,42,1092294,买盘
1275,11:29:11,260.07,0.07,5,130035,买盘
1276,11:29:05,260.0,--,3,83200,卖盘
1277,11:29:00,260.0,--,8,227240,卖盘
1278,11:28:56,260.0,--,26,676520,卖盘
1279,11:28:50,260.0,-0.08,80,2100280,卖盘
1280,11:28:45,260.08,--,2,52016,买盘
1281,11:28:41,260.08,--,3,78024,买盘
1282,11:28:35,260.08,--,14,364112,买盘
1283,11:28:26,260.08,0.07,4,104032,中性盘
1284,11:28:20,260.01,-0.09,45,1177845,卖盘
1285,11:28:15,260.1,--,0,0,买盘
1286,11:28:10,260.1,0.07,1,26010,买盘
1287,11:28:05,260.03,-0.05,33,858098,卖盘
1288,11:28:00,260.08,0.05,5,130039,买盘
1289,11:27:50,260.03,-0.06,19,494056,卖盘
1290,11:27:45,260.09,0.08,6,156053,买盘
1291,11:27:41,260.01,--,2,52002,卖盘
1292,11:27:35,260.01,-0.04,10,260010,卖盘
1293,11:27:25,260.05,-0.05,7,182035,中性盘
1294,11:27:20,260.1,0.04,25,650250,买盘
1295,11:27:15,260.06,0.06,2,52012,卖盘
1296,11:27:10,260.0,--,23,598000,卖盘
1297,11:27:05,260.0,--,44,1145300,卖盘
1298,11:27:00,260.0,-0.06,38,988000,卖盘
1299,11:26:55,260.06,0.01,14,372145,买盘
1300,11:26:50,260.05,--,8,208040,买盘
1301,11:26:45,260.05,0.05,17,442085,买盘
1302,11:26:40,260.0,0.1,104,2704000,买盘
1303,11:26:35,259.9,-0.1,53,1377469,卖盘
1304,11:26:30,260.0,--,23,598000,卖盘
1305,11:26:25,260.0,--,55,1430000,买盘
1306,11:26:20,260.0,--,19,494000,买盘
1307,11:26:15,260.0,--,3,78000,买盘
1308,11:26:10,260.0,-0.08,6,156000,中性盘
1309,11:26:05,260.08,0.18,5,130039,买盘
1310,11:26:00,259.9,-0.1,64,1667518,中性盘
1311,11:25:55,260.0,--,64,1670760,卖盘
1312,11:25:50,260.0,0.18,70,1839240,买盘
1313,11:25:45,259.82,--,31,805442,卖盘
1314,11:25:35,259.82,--,5,129910,卖盘
1315,11:25:30,259.82,--,8,207856,卖盘
1316,11:25:25,259.82,-0.18,56,1454992,卖盘
1317,11:25:20,260.0,0.18,10,260000,买盘
1318,11:25:15,259.82,-0.18,8,207856,卖盘
1319,11:25:10,260.0,--,3,78000,买盘
1320,11:25:05,260.0,--,3,78000,买盘
1321,11:24:55,260.0,--,4,104000,买盘
1322,11:24:50,260.0,-0.12,50,1300000,卖盘
1323,11:24:44,260.12,--,0,0,买盘
1324,11:24:40,260.12,0.04,3,78036,买盘
1325,11:24:35,260.08,--,4,104032,买盘
1326,11:24:30,260.08,--,3,78024,卖盘
1327,11:24:25,260.08,0.05,6,156048,买盘
1328,11:24:20,260.03,--,4,104011,卖盘
1329,11:24:15,260.03,-0.03,8,208023,卖盘
1330,11:24:10,260.06,0.03,3,78018,买盘
1331,11:24:05,260.03,--,0,0,卖盘
1332,11:24:00,260.03,--,2,52005,卖盘
1333,11:23:55,260.03,0.02,1,26002,卖盘
1334,11:23:50,260.01,0.11,25,650025,买盘
1335,11:23:45,259.9,--,20,519799,卖盘
1336,11:23:40,259.9,--,0,0,卖盘
1337,11:23:35,259.9,-0.1,4,103959,卖盘
1338,11:23:30,260.0,-0.02,7,182000,卖盘
1339,11:23:20,260.02,0.02,7,182014,买盘
1340,11:23:15,260.0,-0.01,50,1300000,卖盘
1341,11:23:09,260.01,--,8,208008,卖盘
1342,11:23:04,260.01,--,4,104004,卖盘
1343,11:23:00,260.01,--,5,130005,卖盘
1344,11:22:55,260.01,--,6,156006,卖盘
1345,11:22:49,260.01,--,19,494019,卖盘
1346,11:22:44,260.01,--,3,78003,卖盘
1347,11:22:40,260.01,--,1,26001,卖盘
1348,11:22:34,260.01,0.1,2,52002,买盘
1349,11:22:30,259.91,-0.1,10,259910,卖盘
1350,11:22:25,260.01,-0.13,1,26001,中性盘
1351,11:22:19,260.14,0.23,9,234126,买盘
1352,11:22:15,259.91,-0.23,16,415856,卖盘
1353,11:22:09,260.14,--,3,78042,买盘
1354,11:22:04,260.14,--,6,156084,买盘
1355,11:22:00,260.14,-0.02,10,260140,买盘
1356,11:21:54,260.16,--,3,78048,买盘
1357,11:21:49,260.16,--,24,624384,卖盘
1358,11:21:44,260.16,-0.09,4,104064,卖盘
1359,11:21:39,260.25,--,1,26025,买盘
1360,11:21:34,260.25,--,2,52050,买盘
1361,11:21:23,260.25,--,23,598575,买盘
1362,11:21:19,260.25,-0.05,27,718290,卖盘
1363,11:21:14,260.3,0.01,20,520600,买盘
1364,11:21:08,260.29,0.04,18,468522,中性盘
1365,11:21:04,260.25,-0.04,46,1197150,卖盘
1366,11:20:59,260.29,--,3,78087,卖盘
1367,11:20:54,260.29,--,10,260290,卖盘
1368,11:20:49,260.29,--,4,104116,卖盘
1369,11:20:44,260.29,--,3,78087,中性盘
1370,11:20:38,260.29,--,7,182203,卖盘
1371,11:20:34,260.29,0.06,20,530991,买盘
1372,11:20:29,260.23,-0.02,7,182161,卖盘
1373,11:20:23,260.25,0.02,9,234225,买盘
1374,11:20:19,260.23,-0.02,2,52046,中性盘
1375,11:20:13,260.25,--,22,572550,买盘
1376,11:20:09,260.25,0.08,11,286275,买盘
1377,11:20:04,260.17,-0.08,20,520340,卖盘
1378,11:19:59,260.25,0.07,16,416400,买盘
1379,11:19:49,260.18,0.01,8,208144,买盘
1380,11:19:43,260.17,--,16,416272,卖盘
1381,11:19:34,260.17,--,7,182119,卖盘
1382,11:19:29,260.17,-0.08,9,234153,卖盘
1383,11:19:24,260.25,0.07,4,104100,买盘
1384,11:19:19,260.18,--,6,156108,买盘
1385,11:19:14,260.18,0.01,3,78054,中性盘
1386,11:19:04,260.17,-0.01,1,26017,中性盘
1387,11:18:59,260.18,0.01,10,260180,买盘
1388,11:18:53,260.17,--,0,0,买盘
1389,11:18:49,260.17,0.01,7,182119,买盘
1390,11:18:44,260.16,0.08,3,78048,买盘
1391,11:18:38,260.08,--,12,317297,卖盘
1392,11:18:34,260.08,--,16,416128,卖盘
1393,11:18:29,260.08,-0.09,9,234072,卖盘
1394,11:18:23,260.17,--,1,26017,买盘
1395,11:18:19,260.17,0.09,19,494323,买盘
1396,11:18:14,260.08,--,4,104032,卖盘
1397,11:18:08,260.08,0.03,14,364112,卖盘
1398,11:17:59,260.05,0.05,12,312060,买盘
1399,11:17:53,260.0,--,1,26000,卖盘
1400,11:17:49,260.0,--,18,468000,卖盘
1401,11:17:38,260.0,--,12,312000,卖盘
1402,11:17:34,260.0,-0.05,2,52000,卖盘
1403,11:17:29,260.05,0.05,15,390075,买盘
1404,11:17:19,260.0,0.09,35,923520,买盘
1405,11:17:08,259.91,--,6,155946,卖盘
1406,11:17:04,259.91,-0.09,4,103964,卖盘
1407,11:16:53,260.0,--,7,182000,买盘
1408,11:16:49,260.0,-0.18,92,2392000,卖盘
1409,11:16:44,260.18,0.13,13,338234,买盘
1410,11:16:38,260.05,-0.13,2,52010,卖盘
1411,11:16:33,260.18,0.13,3,78054,买盘
1412,11:16:23,260.05,0.05,14,364070,卖盘
1413,11:16:14,260.0,-0.05,65,1690000,卖盘
1414,11:16:08,260.05,--,1,26005,买盘
1415,11:16:04,260.05,-0.05,10,260050,买盘
1416,11:15:59,260.1,0.1,32,832320,买盘
1417,11:15:53,260.0,--,35,910000,卖盘
1418,11:15:49,260.0,--,4,104000,卖盘
1419,11:15:44,260.0,--,7,182000,卖盘
1420,11:15:38,260.0,0.04,140,3647280,买盘
1421,11:15:32,259.96,--,3,77988,买盘
1422,11:15:29,259.96,--,14,363944,卖盘
1423,11:15:24,259.96,-0.04,13,337948,卖盘
1424,11:15:17,260.0,0.09,10,260000,买盘
1425,11:15:13,259.91,0.01,6,155946,中性盘
1426,11:15:08,259.9,-0.06,27,701729,卖盘
1427,11:15:02,259.96,0.05,3,77988,买盘
1428,11:14:58,259.91,--,34,883694,卖盘
1429,11:14:53,259.91,-0.05,15,389865,卖盘
1430,11:14:43,259.96,0.05,14,363944,买盘
1431,11:14:38,259.91,-0.05,29,753739,卖盘
1432,11:14:28,259.96,0.05,7,181972,买盘
1433,11:14:23,259.91,--,34,883694,卖盘
1434,11:14:17,259.91,--,2,51982,卖盘
1435,11:14:13,259.91,--,3,77973,卖盘
1436,11:14:08,259.91,--,9,233919,卖盘
1437,11:14:02,259.91,--,4,103964,卖盘
1438,11:13:58,259.91,--,1,25991,卖盘
1439,11:13:53,259.91,--,20,519820,卖盘
1440,11:13:43,259.91,--,14,363874,卖盘
1441,11:13:38,259.91,--,4,103964,卖盘
1442,11:13:28,259.91,0.02,13,337883,买盘
1443,11:13:22,259.89,-0.02,12,311868,卖盘
1444,11:13:17,259.91,0.1,3,87589,买盘
1445,11:13:13,259.81,--,13,358277,买盘
1446,11:13:08,259.81,--,7,181867,买盘
1447,11:13:02,259.81,--,5,129905,买盘
1448,11:12:58,259.81,-0.09,32,831392,卖盘
1449,11:12:53,259.9,--,13,337869,买盘
1450,11:12:47,259.9,--,3,77970,买盘
1451,11:12:43,259.9,--,27,701729,买盘
1452,11:12:37,259.9,-0.01,15,406223,卖盘
1453,11:12:32,259.91,--,0,0,卖盘
1454,11:12:28,259.91,-0.09,23,610788,卖盘
1455,11:12:22,260.0,0.04,8,208000,买盘
1456,11:12:17,259.96,--,11,285956,买盘
1457,11:12:13,259.96,--,12,311952,买盘
1458,11:12:07,259.96,-0.02,7,181972,卖盘
1459,11:12:02,259.98,-0.01,1,25998,中性盘
1460,11:11:58,259.99,0.01,23,597977,买盘
1461,11:11:53,259.98,-0.01,19,493962,卖盘
1462,11:11:47,259.99,--,1,25999,买盘
1463,11:11:43,259.99,-0.01,12,311988,买盘
1464,11:11:38,260.0,--,7,182000,买盘
1465,11:11:32,260.0,--,2,52000,买盘
1466,11:11:28,260.0,--,17,442000,买盘
1467,11:11:22,260.0,-0.01,36,936000,卖盘
1468,11:11:13,260.01,0.01,24,624024,买盘
1469,11:11:07,260.0,--,19,494000,卖盘
1470,11:11:02,260.0,--,3,78000,卖盘
1471,11:10:58,260.0,-0.01,8,208000,卖盘
1472,11:10:52,260.01,0.01,9,247009,买盘
1473,11:10:47,260.0,0.02,2,65000,卖盘
1474,11:10:43,259.98,--,9,246981,买盘
1475,11:10:38,259.98,-0.02,2,64995,中性盘
1476,11:10:32,260.0,0.04,8,208000,买盘
1477,11:10:28,259.96,-0.05,0,12997,卖盘
1478,11:10:23,260.01,--,0,0,买盘
1479,11:10:17,260.01,--,7,182007,买盘
1480,11:10:13,260.01,0.01,24,624024,买盘
1481,11:10:08,260.0,-0.18,102,2662660,卖盘
1482,11:10:02,260.18,0.17,33,858594,买盘
1483,11:09:58,260.01,-0.17,1,26001,卖盘
1484,11:09:53,260.18,-0.07,3,78054,买盘
1485,11:09:47,260.25,--,0,0,买盘
1486,11:09:43,260.25,--,104,2721954,买盘
1487,11:09:37,260.25,--,0,0,买盘
1488,11:09:32,260.25,-0.02,3,78075,买盘
1489,11:09:28,260.27,-0.01,14,364378,中性盘
1490,11:09:23,260.28,-0.02,3,78083,中性盘
1491,11:09:17,260.3,--,1,26030,买盘
1492,11:09:13,260.3,--,44,1155992,卖盘
1493,11:09:08,260.3,--,7,197567,卖盘
1494,11:09:02,260.3,--,38,989140,卖盘
1495,11:08:56,260.3,-0.05,11,286330,卖盘
1496,11:08:52,260.35,0.04,19,494665,买盘
1497,11:08:47,260.31,-0.04,16,416496,卖盘
1498,11:08:41,260.35,--,32,833120,买盘
1499,11:08:37,260.35,-0.05,14,364490,中性盘
1500,11:08:32,260.4,0.1,10,260399,中性盘
1501,11:08:22,260.3,0.09,12,312360,卖盘
1502,11:08:17,260.21,-0.29,15,390314,卖盘
1503,11:08:11,260.5,0.29,3,78150,买盘
1504,11:08:07,260.21,0.15,38,999206,买盘
1505,11:08:02,260.06,-0.09,66,1716396,卖盘
1506,11:07:52,260.15,0.09,19,515357,买盘
1507,11:07:47,260.06,0.06,3,78018,买盘
1508,11:07:41,260.0,--,98,2549040,买盘
1509,11:07:37,260.0,--,101,2626000,买盘
1510,11:07:32,260.0,0.02,57,1482000,买盘
1511,11:07:26,259.98,--,2,60575,卖盘
1512,11:07:22,259.98,--,16,423767,卖盘
1513,11:07:17,259.98,-0.02,10,259980,卖盘
1514,11:07:11,260.0,0.02,3,78000,买盘
1515,11:07:07,259.98,--,23,597954,卖盘
1516,11:07:02,259.98,0.02,4,103992,中性盘
1517,11:06:56,259.96,-0.04,2,51991,买盘
1518,11:06:52,260.0,0.1,200,5200000,买盘
1519,11:06:47,259.9,-0.06,13,337869,卖盘
1520,11:06:41,259.96,--,8,207967,卖盘
1521,11:06:37,259.96,-0.01,15,389939,卖盘
1522,11:06:32,259.97,0.01,9,233973,中性盘
1523,11:06:26,259.96,--,13,337948,卖盘
1524,11:06:22,259.96,--,5,129979,卖盘
1525,11:06:16,259.96,--,5,129979,卖盘
1526,11:06:11,259.96,-0.01,3,77988,卖盘
1527,11:06:07,259.97,0.01,3,82150,买盘
1528,11:06:02,259.96,--,35,931696,卖盘
1529,11:05:56,259.96,-0.02,6,155976,卖盘
1530,11:05:52,259.98,--,21,545958,买盘
1531,11:05:47,259.98,0.02,33,857934,买盘
1532,11:05:41,259.96,-0.02,7,181972,卖盘
1533,11:05:37,259.98,0.02,1,25998,买盘
1534,11:05:31,259.96,-0.02,8,207967,卖盘
1535,11:05:22,259.98,--,16,415968,买盘
1536,11:05:16,259.98,--,51,1325898,卖盘
1537,11:05:11,259.98,-0.01,18,467964,卖盘
1538,11:05:07,259.99,0.01,24,631775,买盘
1539,11:05:01,259.98,-0.01,1,25998,卖盘
1540,11:04:52,259.99,--,25,649975,买盘
1541,11:04:41,259.99,0.03,17,441983,买盘
1542,11:04:37,259.96,-0.02,47,1225971,卖盘
1543,11:04:31,259.98,--,19,493962,买盘
1544,11:04:26,259.98,--,0,0,买盘
1545,11:04:22,259.98,0.02,8,207984,买盘
1546,11:04:16,259.96,-0.02,1,25995,卖盘
1547,11:04:11,259.98,--,15,414668,买盘
1548,11:04:07,259.98,0.05,23,599253,买盘
1549,11:04:01,259.93,0.03,24,640987,买盘
1550,11:03:56,259.9,-0.03,6,161397,买盘
1551,11:03:52,259.93,0.04,7,181951,买盘
1552,11:03:46,259.89,-0.04,17,448830,卖盘
1553,11:03:41,259.93,0.07,10,259930,买盘
1554,11:03:37,259.86,-0.03,117,3040362,卖盘
1555,11:03:31,259.89,0.03,6,155934,买盘
1556,11:03:26,259.86,--,0,3118,买盘
1557,11:03:22,259.86,--,7,181902,买盘
1558,11:03:07,259.86,0.01,24,623664,买盘
1559,11:03:01,259.85,-0.01,14,363790,卖盘
1560,11:02:52,259.86,--,19,515562,卖盘
1561,11:02:46,259.86,-0.04,3,82115,卖盘
1562,11:02:41,259.9,--,59,1533409,买盘
1563,11:02:37,259.9,--,15,389849,买盘
1564,11:02:31,259.9,0.05,12,311880,买盘
1565,11:02:26,259.85,--,4,103940,卖盘
1566,11:02:21,259.85,--,22,579465,卖盘
1567,11:02:16,259.85,--,117,3040245,卖盘
1568,11:02:11,259.85,--,1,25985,卖盘
1569,11:02:05,259.85,--,2,51970,卖盘
1570,11:02:01,259.85,0.02,39,1021990,买盘
1571,11:01:56,259.83,--,11,291529,卖盘
1572,11:01:50,259.83,--,22,595790,卖盘
1573,11:01:46,259.83,--,5,130434,卖盘
1574,11:01:41,259.83,-0.02,3,77949,卖盘
1575,11:01:35,259.85,0.02,1,25985,买盘
1576,11:01:31,259.83,0.07,26,681793,买盘
1577,11:01:26,259.76,--,1,25976,卖盘
1578,11:01:16,259.76,-0.04,6,155856,卖盘
1579,11:01:11,259.8,0.04,11,289677,买盘
1580,11:01:01,259.76,--,16,415616,卖盘
1581,11:00:56,259.76,-0.03,26,688364,卖盘
1582,11:00:50,259.79,0.03,5,129895,买盘
1583,11:00:46,259.76,-0.04,24,645503,卖盘
1584,11:00:41,259.8,--,14,380866,买盘
1585,11:00:35,259.8,0.01,2,51960,买盘
1586,11:00:31,259.79,--,26,675454,买盘
1587,11:00:26,259.79,0.04,17,441643,买盘
1588,11:00:20,259.75,-0.04,20,519500,卖盘
1589,11:00:16,259.79,0.03,8,207832,买盘
1590,11:00:11,259.76,--,7,181832,买盘
1591,11:00:05,259.76,0.01,53,1376728,买盘
1592,11:00:01,259.75,0.04,9,247541,买盘
1593,10:59:56,259.71,0.01,1,25970,买盘
1594,10:59:50,259.7,--,0,0,卖盘
1595,10:59:46,259.7,-0.01,41,1075417,卖盘
1596,10:59:41,259.71,0.02,27,705372,买盘
1597,10:59:35,259.69,--,25,649225,卖盘
1598,10:59:31,259.69,--,15,389535,卖盘
1599,10:59:26,259.69,-0.01,14,363566,中性盘
1600,10:59:20,259.7,0.01,5,129850,买盘
1601,10:59:16,259.69,--,2,51938,买盘
1602,10:59:10,259.69,0.01,5,129845,买盘
1603,10:59:05,259.68,0.07,1,25968,买盘
1604,10:59:01,259.61,--,9,233649,卖盘
1605,10:58:55,259.61,--,3,77883,卖盘
1606,10:58:50,259.61,--,1,40239,买盘
1607,10:58:46,259.61,--,8,217033,卖盘
1608,10:58:40,259.61,-0.09,30,794146,卖盘
1609,10:58:31,259.7,--,42,1090740,买盘
1610,10:58:25,259.7,-0.01,152,3958866,卖盘
1611,10:58:20,259.71,-0.07,5,129854,卖盘
1612,10:58:16,259.78,0.07,3,77933,买盘
1613,10:58:10,259.71,--,3,77913,卖盘
1614,10:58:05,259.71,0.01,0,14543,买盘
1615,10:58:01,259.7,--,6,155820,买盘
1616,10:57:55,259.7,-0.01,40,1051785,卖盘
1617,10:57:50,259.71,--,3,77913,买盘
1618,10:57:46,259.71,-0.02,13,342297,卖盘
1619,10:57:40,259.73,--,19,500239,买盘
1620,10:57:31,259.73,0.02,3,77919,买盘
1621,10:57:25,259.71,--,7,181797,中性盘
1622,10:57:20,259.71,0.01,4,103883,中性盘
1623,10:57:16,259.7,-0.01,26,675220,卖盘
1624,10:57:10,259.71,--,1,25970,卖盘
1625,10:57:00,259.71,-0.02,6,168811,买盘
1626,10:56:55,259.73,--,4,103892,买盘
1627,10:56:46,259.73,--,19,508811,卖盘
1628,10:56:40,259.73,-0.06,19,498421,卖盘
1629,10:56:35,259.79,--,4,109631,买盘
1630,10:56:30,259.79,-0.01,8,207832,中性盘
1631,10:56:25,259.8,-0.05,22,574158,卖盘
1632,10:56:20,259.85,--,7,181895,买盘
1633,10:56:16,259.85,--,52,1351220,卖盘
1634,10:56:10,259.85,--,41,1065385,卖盘
1635,10:56:01,259.85,--,14,363790,卖盘
1636,10:55:55,259.85,--,6,155910,卖盘
1637,10:55:50,259.85,--,2,51970,卖盘
1638,10:55:45,259.85,0.05,2,51970,卖盘
1639,10:55:40,259.8,-0.05,13,363200,卖盘
1640,10:55:35,259.85,--,17,455257,卖盘
1641,10:55:30,259.85,--,13,337805,卖盘
1642,10:55:25,259.85,-0.03,30,779550,卖盘
1643,10:55:20,259.88,--,6,155928,买盘
1644,10:55:15,259.88,-0.06,16,415808,卖盘
1645,10:55:10,259.94,-0.01,12,311928,中性盘
1646,10:55:01,259.95,0.07,44,1146379,中性盘
1647,10:54:55,259.88,--,26,675688,卖盘
1648,10:54:50,259.88,--,30,779640,卖盘
1649,10:54:45,259.88,--,10,259880,卖盘
1650,10:54:40,259.88,--,2,51976,卖盘
1651,10:54:35,259.88,--,25,662694,卖盘
1652,10:54:29,259.88,--,0,0,卖盘
1653,10:54:25,259.88,-0.1,21,556143,卖盘
1654,10:54:20,259.98,--,2,51996,买盘
1655,10:54:14,259.98,0.02,1,25998,买盘
1656,10:54:10,259.96,0.08,10,259959,买盘
1657,10:54:05,259.88,-0.1,66,1715208,卖盘
1658,10:53:59,259.98,--,26,691806,买盘
1659,10:53:55,259.98,--,5,129990,买盘
1660,10:53:50,259.98,--,4,103992,买盘
1661,10:53:44,259.98,--,4,103992,买盘
1662,10:53:40,259.98,-0.01,17,441966,中性盘
1663,10:53:35,259.99,0.01,39,1027220,买盘
1664,10:53:29,259.98,--,4,124790,买盘
1665,10:53:25,259.98,--,26,681147,卖盘
1666,10:53:20,259.98,--,32,831936,卖盘
1667,10:53:14,259.98,--,13,337974,卖盘
1668,10:53:10,259.98,-0.01,1,25998,卖盘
1669,10:53:05,259.99,0.01,3,77997,买盘
1670,10:52:59,259.98,--,1,25998,卖盘
1671,10:52:55,259.98,0.04,9,233982,卖盘
1672,10:52:50,259.94,--,4,124771,买盘
1673,10:52:44,259.94,-0.04,5,135168,卖盘
1674,10:52:40,259.98,0.08,32,852734,买盘
1675,10:52:35,259.9,-0.08,46,1213733,卖盘
1676,10:52:29,259.98,--,0,0,买盘
1677,10:52:25,259.98,0.05,23,597954,买盘
1678,10:52:20,259.93,0.01,83,2182892,买盘
1679,10:52:14,259.92,-0.01,30,779760,买盘
1680,10:52:10,259.93,--,174,4522782,买盘
1681,10:52:05,259.93,0.01,21,545853,买盘
1682,10:51:59,259.92,0.07,33,857736,买盘
1683,10:51:55,259.85,-0.05,40,1039400,卖盘
1684,10:51:49,259.9,--,7,181929,买盘
1685,10:51:44,259.9,0.02,5,129949,买盘
1686,10:51:40,259.88,-0.02,8,207904,卖盘
1687,10:51:34,259.9,0.05,19,493809,买盘
1688,10:51:29,259.85,--,28,740572,卖盘
1689,10:51:25,259.85,-0.03,65,1712411,卖盘
1690,10:51:19,259.88,0.08,11,285868,买盘
1691,10:51:14,259.8,-0.05,11,285780,卖盘
1692,10:51:10,259.85,--,45,1169325,买盘
1693,10:51:04,259.85,-0.03,2,51970,中性盘
1694,10:50:59,259.88,0.08,19,493772,买盘
1695,10:50:55,259.8,-0.05,40,1039200,卖盘
1696,10:50:49,259.85,0.05,27,701595,买盘
1697,10:50:44,259.8,0.04,26,675480,买盘
1698,10:50:40,259.76,--,9,233784,卖盘
1699,10:50:34,259.76,--,43,1130475,卖盘
1700,10:50:29,259.76,--,7,207288,卖盘
1701,10:50:25,259.76,0.01,7,181832,卖盘
1702,10:50:19,259.75,-0.01,28,727300,卖盘
1703,10:50:14,259.76,--,1,25976,卖盘
1704,10:50:10,259.76,--,16,415616,买盘
1705,10:50:04,259.76,--,11,285736,买盘
1706,10:49:59,259.76,--,9,233784,买盘
1707,10:49:54,259.76,-0.03,50,1298800,卖盘
1708,10:49:49,259.79,--,21,545559,买盘
1709,10:49:44,259.79,0.03,6,155874,买盘
1710,10:49:39,259.76,-0.03,31,805256,卖盘
1711,10:49:34,259.79,0.03,3,77937,买盘
1712,10:49:29,259.76,-0.03,32,831232,卖盘
1713,10:49:24,259.79,--,7,192504,卖盘
1714,10:49:14,259.79,0.03,1,25979,买盘
1715,10:49:09,259.76,-0.03,16,415616,卖盘
1716,10:49:04,259.79,0.03,4,103916,买盘
1717,10:48:59,259.76,-0.04,1,25976,中性盘
1718,10:48:54,259.8,--,50,1299000,买盘
1719,10:48:49,259.8,0.05,8,207840,买盘
1720,10:48:44,259.75,--,0,0,卖盘
1721,10:48:39,259.75,-0.1,17,441575,卖盘
1722,10:48:34,259.85,0.1,17,441745,买盘
1723,10:48:29,259.75,0.14,59,1534603,买盘
1724,10:48:24,259.61,-0.15,59,1542602,卖盘
1725,10:48:19,259.76,0.01,40,1039040,买盘
1726,10:48:14,259.75,--,3,77925,买盘
1727,10:48:09,259.75,--,5,129875,买盘
1728,10:48:04,259.75,--,37,961075,买盘
1729,10:47:59,259.75,-0.09,26,675350,买盘
1730,10:47:54,259.84,--,44,1143296,买盘
1731,10:47:49,259.84,0.09,2,51967,中性盘
1732,10:47:44,259.75,-0.01,37,961075,卖盘
1733,10:47:39,259.76,-0.14,12,311712,卖盘
1734,10:47:34,259.9,0.14,24,623760,买盘
1735,10:47:24,259.76,0.03,41,1078004,中性盘
1736,10:47:19,259.73,--,0,0,卖盘
1737,10:47:14,259.73,-0.17,15,389595,卖盘
1738,10:47:08,259.9,0.17,12,311880,买盘
1739,10:47:04,259.73,--,5,129865,卖盘
1740,10:46:59,259.73,0.1,23,597379,中性盘
1741,10:46:53,259.63,0.02,11,285593,中性盘
1742,10:46:49,259.61,-0.29,6,155766,卖盘
1743,10:46:44,259.9,0.3,5,129949,买盘
1744,10:46:38,259.6,-0.3,14,363440,卖盘
1745,10:46:34,259.9,--,36,935639,买盘
1746,10:46:29,259.9,--,122,3187413,卖盘
1747,10:46:23,259.9,-0.02,21,568141,卖盘
1748,10:46:19,259.92,-0.08,1,25992,买盘
1749,10:46:14,260.0,0.1,233,6058000,买盘
1750,10:46:08,259.9,-0.1,41,1065590,卖盘
1751,10:46:04,260.0,0.01,11,286000,买盘
1752,10:45:59,259.99,0.07,14,363986,买盘
1753,10:45:53,259.92,0.37,6,155952,买盘
1754,10:45:49,259.55,-0.38,214,5574614,卖盘
1755,10:45:44,259.93,--,23,601997,买盘
1756,10:45:38,259.93,0.01,32,844772,买盘
1757,10:45:34,259.92,--,7,202477,卖盘
1758,10:45:29,259.92,-0.01,18,474873,买盘
1759,10:45:23,259.93,--,3,77979,买盘
1760,10:45:19,259.93,--,35,909755,买盘
1761,10:45:14,259.93,--,57,1481601,卖盘
1762,10:45:08,259.93,-0.07,5,129965,卖盘
1763,10:45:04,260.0,--,128,3328000,买盘
1764,10:44:59,260.0,--,125,3250000,买盘
1765,10:44:53,260.0,--,54,1404000,买盘
1766,10:44:49,260.0,0.2,216,5629000,买盘
1767,10:44:44,259.8,0.25,10,259800,买盘
1768,10:44:38,259.55,-0.34,4,103820,卖盘
1769,10:44:34,259.89,0.34,27,701703,买盘
1770,10:44:28,259.55,0.03,12,311460,中性盘
1771,10:44:23,259.52,-0.28,15,389280,卖盘
1772,10:44:19,259.8,--,28,727440,卖盘
1773,10:44:13,259.8,-0.08,9,233820,卖盘
1774,10:44:04,259.88,0.07,7,181916,中性盘
1775,10:43:58,259.81,0.31,9,233829,中性盘
1776,10:43:53,259.5,-0.38,45,1167750,卖盘
1777,10:43:49,259.88,-0.11,14,363832,卖盘
1778,10:43:43,259.99,0.11,13,337987,买盘
1779,10:43:38,259.88,-0.11,12,311856,卖盘
1780,10:43:34,259.99,--,3,77997,中性盘
1781,10:43:28,259.99,-0.01,30,782049,中性盘
1782,10:43:23,260.0,0.01,21,552500,买盘
1783,10:43:18,259.99,0.12,203,5277797,买盘
1784,10:43:13,259.87,-0.01,120,3118440,卖盘
1785,10:43:08,259.88,0.01,3,77964,卖盘
1786,10:43:03,259.87,-0.12,1,25987,卖盘
1787,10:42:58,259.99,0.18,11,285989,买盘
1788,10:42:52,259.81,-0.04,8,207848,卖盘
1789,10:42:48,259.85,0.04,10,259850,卖盘
1790,10:42:43,259.81,-0.19,12,311772,卖盘
1791,10:42:38,260.0,0.15,14,364000,买盘
1792,10:42:33,259.85,-0.15,26,678728,卖盘
1793,10:42:28,260.0,0.2,18,481780,买盘
1794,10:42:23,259.8,-0.2,9,248888,卖盘
1795,10:42:18,260.0,--,19,498680,买盘
1796,10:42:13,260.0,0.2,24,624000,买盘
1797,10:42:08,259.8,-0.2,31,805380,卖盘
1798,10:42:03,260.0,0.32,5,130000,买盘
1799,10:41:58,259.68,0.13,16,415488,卖盘
1800,10:41:53,259.55,-0.25,97,2517635,卖盘
1801,10:41:48,259.8,0.3,61,1584780,买盘
1802,10:41:43,259.5,--,109,2831145,卖盘
1803,10:41:38,259.5,--,2,51900,卖盘
1804,10:41:33,259.5,0.1,10,272994,买盘
1805,10:41:28,259.4,--,71,1843555,卖盘
1806,10:41:23,259.4,0.1,31,816072,买盘
1807,10:41:18,259.3,-0.11,15,400618,卖盘
1808,10:41:13,259.41,--,17,440997,卖盘
1809,10:41:08,259.41,-0.39,10,259410,卖盘
1810,10:41:03,259.8,--,42,1091160,买盘
1811,10:40:58,259.8,--,88,2286240,卖盘
1812,10:40:53,259.8,--,3,77940,卖盘
1813,10:40:48,259.8,-0.2,18,467640,卖盘
1814,10:40:43,260.0,--,11,286000,买盘
1815,10:40:38,260.0,--,9,234000,买盘
1816,10:40:33,260.0,-0.01,145,3770000,卖盘
1817,10:40:28,260.01,-0.2,17,459697,卖盘
1818,10:40:22,260.21,-0.27,35,916980,买盘
1819,10:40:18,260.48,0.27,18,478241,买盘
1820,10:40:13,260.21,-0.28,7,182147,卖盘
1821,10:40:08,260.49,0.29,19,494931,买盘
1822,10:40:03,260.2,-0.29,5,130100,卖盘
1823,10:39:58,260.49,--,7,182343,买盘
1824,10:39:53,260.49,0.49,23,599127,买盘
1825,10:39:47,260.0,-0.48,38,988000,卖盘
1826,10:39:43,260.48,--,31,829368,卖盘
1827,10:39:38,260.48,-0.4,30,781440,卖盘
1828,10:39:32,260.88,0.39,51,1330488,买盘
1829,10:39:28,260.49,-0.06,41,1073218,卖盘
1830,10:39:23,260.55,0.05,23,603433,买盘
1831,10:39:17,260.5,--,12,316507,卖盘
1832,10:39:13,260.5,-0.05,14,369649,卖盘
1833,10:39:08,260.55,-0.38,84,2188620,卖盘
1834,10:39:02,260.93,0.38,3,78279,买盘
1835,10:38:58,260.55,-0.38,48,1250640,卖盘
1836,10:38:53,260.93,0.03,67,1748231,买盘
1837,10:38:47,260.9,--,21,547890,买盘
1838,10:38:43,260.9,0.19,55,1434949,买盘
1839,10:38:38,260.71,-0.19,29,756058,卖盘
1840,10:38:32,260.9,0.19,2,52179,卖盘
1841,10:38:28,260.71,-0.24,13,338923,中性盘
1842,10:38:23,260.95,--,105,2739975,买盘
1843,10:38:17,260.95,--,1,26095,买盘
1844,10:38:13,260.95,0.05,31,808945,买盘
1845,10:38:08,260.9,-0.09,33,860969,卖盘
1846,10:38:02,260.99,0.02,3,78297,买盘
1847,10:37:58,260.97,--,13,339261,卖盘
1848,10:37:53,260.97,--,31,809007,中性盘
1849,10:37:47,260.97,-0.03,145,3794503,中性盘
1850,10:37:43,261.0,0.03,58,1513800,买盘
1851,10:37:38,260.97,-0.03,12,313164,卖盘
1852,10:37:32,261.0,--,0,0,买盘
1853,10:37:28,261.0,0.03,11,287100,买盘
1854,10:37:23,260.97,-0.03,18,469746,中性盘
1855,10:37:17,261.0,-0.1,11,287100,卖盘
1856,10:37:12,261.1,0.1,27,704970,买盘
1857,10:37:07,261.0,--,15,391500,买盘
1858,10:37:01,261.0,-0.1,44,1172934,卖盘
1859,10:36:58,261.1,0.1,143,3733730,卖盘
1860,10:36:52,261.0,-0.1,42,1114731,卖盘
1861,10:36:47,261.1,--,22,574420,买盘
1862,10:36:43,261.1,-0.05,9,234990,中性盘
1863,10:36:37,261.15,0.15,17,443954,买盘
1864,10:36:32,261.0,-0.1,53,1383300,卖盘
1865,10:36:27,261.1,-0.13,15,394261,卖盘
1866,10:36:22,261.23,0.13,26,679198,买盘
1867,10:36:17,261.1,--,10,261100,卖盘
1868,10:36:13,261.1,-0.1,18,469980,卖盘
1869,10:36:07,261.2,--,32,844982,买盘
1870,10:36:02,261.2,-0.05,4,104480,买盘
1871,10:35:57,261.25,0.05,76,1985500,买盘
1872,10:35:52,261.2,-0.05,29,757480,卖盘
1873,10:35:42,261.25,--,52,1358500,买盘
1874,10:35:37,261.25,-0.11,113,2952125,卖盘
1875,10:35:32,261.36,--,31,810216,买盘
1876,10:35:27,261.36,0.06,20,522720,卖盘
1877,10:35:22,261.3,-0.2,50,1306500,卖盘
1878,10:35:17,261.5,--,0,0,买盘
1879,10:35:12,261.5,0.2,36,941400,买盘
1880,10:35:07,261.3,-0.26,84,2194920,卖盘
1881,10:35:02,261.56,0.06,12,313872,买盘
1882,10:34:57,261.5,-0.09,16,418400,卖盘
1883,10:34:52,261.59,0.23,59,1543380,买盘
1884,10:34:47,261.36,-0.01,29,757944,卖盘
1885,10:34:42,261.37,-0.23,77,2020390,卖盘
1886,10:34:37,261.6,--,55,1438800,买盘
1887,10:34:32,261.6,--,11,287760,买盘
1888,10:34:27,261.6,0.01,15,392400,中性盘
1889,10:34:22,261.59,-0.11,45,1177155,卖盘
1890,10:34:17,261.7,0.11,8,209360,买盘
1891,10:34:12,261.59,-0.11,29,781369,卖盘
1892,10:34:07,261.7,0.11,43,1125310,买盘
1893,10:34:02,261.59,-0.11,27,706292,卖盘
1894,10:33:57,261.7,0.11,70,1831900,买盘
1895,10:33:52,261.59,--,77,2014242,卖盘
1896,10:33:47,261.59,-0.01,53,1386426,卖盘
1897,10:33:42,261.6,0.24,27,706320,买盘
1898,10:33:37,261.36,-0.14,62,1623045,卖盘
1899,10:33:31,261.5,0.14,65,1710210,买盘
1900,10:33:27,261.36,0.06,10,261360,买盘
1901,10:33:22,261.3,0.02,23,600990,卖盘
1902,10:33:17,261.28,--,40,1045119,卖盘
1903,10:33:12,261.28,--,38,992863,卖盘
1904,10:33:07,261.28,--,73,1907343,卖盘
1905,10:33:02,261.28,0.04,5,130639,买盘
1906,10:32:56,261.24,--,13,339612,卖盘
1907,10:32:52,261.24,0.02,59,1565872,买盘
1908,10:32:47,261.22,-0.02,7,182854,卖盘
1909,10:32:41,261.24,0.02,9,235116,买盘
1910,10:32:37,261.22,-0.01,91,2377102,中性盘
1911,10:32:32,261.23,0.03,17,444091,买盘
1912,10:32:26,261.2,--,30,783600,买盘
1913,10:32:22,261.2,0.2,11,287320,买盘
1914,10:32:17,261.0,-0.1,124,3236400,卖盘
1915,10:32:11,261.1,0.1,22,574420,买盘
1916,10:32:07,261.0,-0.07,26,678600,卖盘
1917,10:32:02,261.07,0.07,30,793652,买盘
1918,10:31:56,261.0,--,61,1592100,卖盘
1919,10:31:52,261.0,0.41,137,3578310,买盘
1920,10:31:47,260.59,--,19,508150,卖盘
1921,10:31:41,260.59,--,0,0,卖盘
1922,10:31:37,260.59,-0.01,109,2840430,卖盘
1923,10:31:32,260.6,0.09,19,495140,买盘
1924,10:31:26,260.51,-0.07,14,364714,卖盘
1925,10:31:22,260.58,0.08,3,79737,买盘
1926,10:31:16,260.5,-0.08,2,52100,卖盘
1927,10:31:11,260.58,0.09,21,547218,买盘
1928,10:31:07,260.49,--,33,866910,买盘
1929,10:31:02,260.49,0.09,145,3797944,买盘
1930,10:30:56,260.4,-0.03,23,598920,卖盘
1931,10:30:51,260.43,--,6,156258,买盘
1932,10:30:47,260.43,0.02,9,234387,中性盘
1933,10:30:41,260.41,-0.09,4,104164,卖盘
1934,10:30:36,260.5,0.07,28,729400,买盘
1935,10:30:32,260.43,0.43,30,781290,买盘
1936,10:30:26,260.0,-0.4,11,286000,卖盘
1937,10:30:21,260.4,0.4,57,1484279,买盘
1938,10:30:17,260.0,0.2,383,9983740,买盘
1939,10:30:11,259.8,0.29,9,233820,买盘
1940,10:30:06,259.51,-0.29,69,1790619,卖盘
1941,10:30:01,259.8,-0.2,17,441660,卖盘
1942,10:29:56,260.0,--,24,624000,买盘
1943,10:29:51,260.0,--,0,0,买盘
1944,10:29:46,260.0,--,30,780000,买盘
1945,10:29:36,260.0,--,29,754000,买盘
1946,10:29:31,260.0,-0.31,170,4420000,卖盘
1947,10:29:21,260.31,--,18,468558,买盘
1948,10:29:16,260.31,-0.1,31,806961,卖盘
1949,10:29:10,260.41,0.1,4,104164,买盘
1950,10:29:06,260.31,-0.1,17,442527,卖盘
1951,10:29:01,260.41,--,26,677066,买盘
1952,10:28:56,260.41,-0.09,2,52082,卖盘
1953,10:28:51,260.5,--,13,338650,买盘
1954,10:28:46,260.5,--,27,703350,买盘
1955,10:28:40,260.5,-0.5,38,989900,卖盘
1956,10:28:36,261.0,0.4,38,991800,买盘
1957,10:28:31,260.6,-0.2,66,1719960,中性盘
1958,10:28:26,260.8,--,2,52160,买盘
1959,10:28:21,260.8,-0.19,162,4224960,卖盘
1960,10:28:16,260.99,-0.01,10,279259,卖盘
1961,10:28:11,261.0,0.1,5,138330,买盘
1962,10:28:06,260.9,-0.1,57,1487129,中性盘
1963,10:28:01,261.0,--,22,592470,买盘
1964,10:27:56,261.0,-0.05,64,1670400,卖盘
1965,10:27:51,261.05,0.05,119,3106495,中性盘
1966,10:27:46,261.0,-0.05,114,2975400,卖盘
1967,10:27:41,261.05,--,18,469890,买盘
1968,10:27:36,261.05,-0.07,171,4469176,卖盘
1969,10:27:31,261.12,0.07,136,3561676,买盘
1970,10:27:26,261.05,-0.06,4,104420,卖盘
1971,10:27:21,261.11,0.04,69,1801659,买盘
1972,10:27:16,261.07,0.02,18,475147,买盘
1973,10:27:10,261.05,-0.02,24,626520,卖盘
1974,10:27:06,261.07,0.06,16,422933,买盘
1975,10:27:01,261.01,--,124,3236524,买盘
1976,10:26:56,261.01,0.01,47,1226747,中性盘
1977,10:26:51,261.0,-0.05,91,2375100,卖盘
1978,10:26:46,261.05,0.05,53,1383565,买盘
1979,10:26:40,261.0,0.01,27,704700,卖盘
1980,10:26:36,260.99,-0.01,35,913465,卖盘
1981,10:26:31,261.0,--,73,1905300,买盘
1982,10:26:25,261.0,0.01,14,365400,买盘
1983,10:26:21,260.99,0.29,52,1364977,买盘
1984,10:26:15,260.7,-0.35,7,182490,卖盘
1985,10:26:10,261.05,0.06,51,1331355,买盘
1986,10:26:06,260.99,0.29,51,1331049,买盘
1987,10:26:01,260.7,--,59,1538130,买盘
1988,10:25:56,260.7,-0.25,11,286770,卖盘
1989,10:25:51,260.95,-0.04,47,1226465,中性盘
1990,10:25:46,260.99,--,346,9052960,中性盘
1991,10:25:40,260.99,-0.01,154,4019246,卖盘
1992,10:25:36,261.0,0.12,117,3053700,买盘
1993,10:25:31,260.88,-0.07,113,2947944,卖盘
1994,10:25:25,260.95,-0.05,40,1043800,卖盘
1995,10:25:19,261.0,--,13,339300,买盘
1996,10:25:16,261.0,0.05,22,574200,买盘
1997,10:25:11,260.95,0.95,59,1552652,买盘
1998,10:25:04,260.0,-1,157,4095000,卖盘
1999,10:25:01,261.0,0.31,401,10479150,买盘
2000,10:24:56,260.69,0.69,15,391035,买盘
2001,10:24:50,260.0,-0.2,5,135200,卖盘
2002,10:24:46,260.2,0.11,30,780600,买盘
2003,10:24:40,260.09,0.55,271,7064824,买盘
2004,10:24:34,259.54,0.03,24,622896,中性盘
2005,10:24:31,259.51,0.01,14,363314,卖盘
2006,10:24:25,259.5,--,233,6046350,卖盘
2007,10:24:19,259.5,--,2,51900,卖盘
2008,10:24:15,259.5,0.08,51,1323450,买盘
2009,10:24:10,259.42,0.15,235,6096370,买盘
2010,10:24:04,259.27,0.07,17,447759,买盘
2011,10:24:00,259.2,-0.07,9,233280,卖盘
2012,10:23:55,259.27,0.27,4,103708,买盘
2013,10:23:49,259.0,--,60,1554000,买盘
2014,10:23:45,259.0,-0.42,263,6835787,卖盘
2015,10:23:40,259.42,0.25,226,5862892,买盘
2016,10:23:34,259.17,0.04,3,77751,中性盘
2017,10:23:30,259.13,-0.04,27,699651,卖盘
2018,10:23:25,259.17,--,111,2901408,买盘
2019,10:23:19,259.17,0.17,2,51834,买盘
2020,10:23:15,259.0,-0.1,321,8313900,卖盘
2021,10:23:10,259.1,0.02,47,1217770,买盘
2022,10:23:05,259.08,0.08,61,1580388,中性盘
2023,10:23:00,259.0,-0.1,123,3185700,卖盘
2024,10:22:55,259.1,--,113,2927830,买盘
2025,10:22:49,259.1,0.1,18,466380,中性盘
2026,10:22:45,259.0,-0.05,125,3237500,卖盘
2027,10:22:40,259.05,0.02,26,673530,中性盘
2028,10:22:34,259.03,0.03,22,569865,买盘
2029,10:22:30,259.0,0.02,77,1997408,买盘
2030,10:22:25,258.98,-0.01,236,6111928,卖盘
2031,10:22:19,258.99,--,2,51798,卖盘
2032,10:22:15,258.99,0.01,32,828768,买盘
2033,10:22:10,258.98,0.08,51,1320798,买盘
2034,10:22:04,258.9,--,5,129449,买盘
2035,10:22:00,258.9,0.1,18,466019,买盘
2036,10:21:55,258.8,0.1,423,10947240,中性盘
2037,10:21:49,258.7,-0.1,20,517400,卖盘
2038,10:21:45,258.8,0.01,120,3105600,买盘
2039,10:21:40,258.79,0.29,12,310548,买盘
2040,10:21:34,258.5,--,34,878900,卖盘
2041,10:21:30,258.5,--,127,3307507,买盘
2042,10:21:25,258.5,--,50,1292500,买盘
2043,10:21:19,258.5,--,3,77550,买盘
2044,10:21:15,258.5,0.01,133,3438050,买盘
2045,10:21:10,258.49,0.29,76,1964524,买盘
2046,10:21:04,258.2,-0.28,4,103280,卖盘
2047,10:21:00,258.48,0.28,52,1344096,买盘
2048,10:20:55,258.2,0.1,14,370000,买盘
2049,10:20:49,258.1,0.1,16,431801,买盘
2050,10:20:45,258.0,0.05,117,3040530,买盘
2051,10:20:40,257.95,-0.03,189,4875255,卖盘
2052,10:20:34,257.98,0.03,18,464364,中性盘
2053,10:20:30,257.95,-0.04,24,619080,卖盘
2054,10:20:25,257.99,0.04,156,4024644,买盘
2055,10:20:19,257.95,--,17,438515,卖盘
2056,10:20:15,257.95,0.01,2,51590,卖盘
2057,10:20:10,257.94,-0.01,16,415283,卖盘
2058,10:20:04,257.95,--,102,2631090,卖盘
2059,10:20:00,257.95,0.01,3,77385,中性盘
2060,10:19:55,257.94,--,79,2037726,卖盘
2061,10:19:49,257.94,-0.01,1,25794,卖盘
2062,10:19:45,257.95,0.02,7,180565,中性盘
2063,10:19:40,257.93,0.03,28,722204,卖盘
2064,10:19:34,257.9,--,0,0,卖盘
2065,10:19:30,257.9,-0.03,183,4719570,卖盘
2066,10:19:25,257.93,-0.02,5,128965,中性盘
2067,10:19:19,257.95,0.02,5,128975,买盘
2068,10:19:15,257.93,--,7,180551,卖盘
2069,10:19:10,257.93,0.03,41,1057513,买盘
2070,10:19:04,257.9,--,15,386849,卖盘
2071,10:19:00,257.9,-0.03,27,717219,卖盘
2072,10:18:55,257.93,0.03,9,232137,买盘
2073,10:18:49,257.9,--,6,157576,买盘
2074,10:18:45,257.9,--,20,515799,买盘
2075,10:18:40,257.9,--,17,438429,买盘
2076,10:18:34,257.9,--,9,232109,买盘
2077,10:18:30,257.9,--,11,283690,买盘
2078,10:18:25,257.9,--,6,154740,买盘
2079,10:18:19,257.9,-0.09,263,6805723,卖盘
2080,10:18:15,257.99,-0.01,6,154794,卖盘
2081,10:18:10,258.0,0.05,95,2451000,买盘
2082,10:18:04,257.95,0.04,14,361130,买盘
2083,10:17:59,257.91,-0.01,17,449021,中性盘
2084,10:17:55,257.92,0.02,43,1109056,中性盘
2085,10:17:49,257.9,--,121,3120589,卖盘
2086,10:17:39,257.9,0.05,122,3164432,买盘
2087,10:17:34,257.85,-0.02,11,283635,卖盘
2088,10:17:28,257.87,0.02,3,85097,中性盘
2089,10:17:24,257.85,-0.03,20,533749,卖盘
2090,10:17:13,257.88,0.03,26,670488,中性盘
2091,10:17:10,257.85,-0.03,27,696195,卖盘
2092,10:17:04,257.88,--,7,180516,卖盘
2093,10:16:58,257.88,--,2,51576,卖盘
2094,10:16:54,257.88,--,25,644700,卖盘
2095,10:16:49,257.88,0.03,19,489972,买盘
2096,10:16:43,257.85,0.11,5,128925,中性盘
2097,10:16:39,257.74,--,16,412384,卖盘
2098,10:16:34,257.74,-0.18,9,231966,卖盘
2099,10:16:28,257.92,0.16,22,567424,买盘
2100,10:16:24,257.76,0.02,17,438192,中性盘
2101,10:16:19,257.74,--,8,206192,卖盘
2102,10:16:13,257.74,--,48,1237152,卖盘
2103,10:16:09,257.74,-0.19,21,541254,卖盘
2104,10:16:04,257.93,--,8,206344,买盘
2105,10:15:58,257.93,0.19,13,343046,买盘
2106,10:15:54,257.74,0.04,19,489706,中性盘
2107,10:15:49,257.7,--,10,282181,卖盘
2108,10:15:43,257.7,-0.06,1,25770,卖盘
2109,10:15:39,257.76,0.76,42,1082592,买盘
2110,10:15:34,257.0,-0.76,122,3136685,卖盘
2111,10:15:28,257.76,--,14,360864,买盘
2112,10:15:24,257.76,--,39,1005264,买盘
2113,10:15:19,257.76,-0.24,20,515520,卖盘
2114,10:15:13,258.0,--,198,5108400,买盘
2115,10:15:09,258.0,0.12,67,1728600,买盘
2116,10:15:04,257.88,0.28,34,876792,买盘
2117,10:14:58,257.6,0.02,11,283360,买盘
2118,10:14:54,257.58,0.01,36,927288,买盘
2119,10:14:49,257.57,0.27,23,616880,买盘
2120,10:14:43,257.3,-0.08,7,180110,中性盘
2121,10:14:39,257.38,0.31,11,284404,买盘
2122,10:14:34,257.07,-0.04,15,385605,卖盘
2123,10:14:28,257.11,0.11,7,179977,买盘
2124,10:14:24,257.0,--,211,5448143,买盘
2125,10:14:19,257.0,--,66,1696200,买盘
2126,10:14:13,257.0,0.01,5,128500,买盘
2127,10:14:09,256.99,0.11,122,3135278,买盘
2128,10:14:04,256.88,--,22,565136,买盘
2129,10:13:58,256.88,0.22,15,385320,买盘
2130,10:13:54,256.66,--,15,384990,买盘
2131,10:13:49,256.66,--,9,230994,买盘
2132,10:13:43,256.66,0.06,6,153996,买盘
2133,10:13:39,256.6,--,2,51320,买盘
2134,10:13:34,256.6,0.03,26,667416,买盘
2135,10:13:28,256.57,0.01,3,76971,卖盘
2136,10:13:24,256.56,0.07,151,3885601,买盘
2137,10:13:19,256.49,0.1,15,407819,买盘
2138,10:13:13,256.39,-0.09,7,179473,买盘
2139,10:13:09,256.48,--,76,1949248,买盘
2140,10:13:04,256.48,0.02,208,5334784,买盘
2141,10:12:58,256.46,-0.01,6,153876,卖盘
2142,10:12:54,256.47,0.01,16,410352,买盘
2143,10:12:49,256.46,-0.02,35,897609,卖盘
2144,10:12:43,256.48,0.01,2,51296,买盘
2145,10:12:39,256.47,0.01,16,410352,买盘
2146,10:12:34,256.46,0.46,148,3807405,买盘
2147,10:12:28,256.0,--,8,204800,买盘
2148,10:12:24,256.0,--,33,844800,买盘
2149,10:12:19,256.0,-0.38,154,3955968,卖盘
2150,10:12:09,256.38,--,18,461484,买盘
2151,10:12:04,256.38,0.02,3,76914,买盘
2152,10:11:58,256.36,0.07,9,230724,买盘
2153,10:11:54,256.29,0.06,24,615096,中性盘
2154,10:11:49,256.23,-0.02,41,1050799,卖盘
2155,10:11:43,256.25,0.02,19,497381,买盘
2156,10:11:39,256.23,0.02,4,103773,买盘
2157,10:11:33,256.21,--,7,179347,卖盘
2158,10:11:28,256.21,-0.08,5,128104,卖盘
2159,10:11:24,256.29,0.09,11,281919,买盘
2160,10:11:18,256.2,-0.03,5,128100,卖盘
2161,10:11:13,256.23,0.1,29,743067,中性盘
2162,10:11:09,256.13,-0.01,16,409808,卖盘
2163,10:11:03,256.14,-0.15,13,332982,卖盘
2164,10:10:58,256.29,0.15,18,461322,买盘
2165,10:10:54,256.14,0.01,3,76842,中性盘
2166,10:10:48,256.13,0.13,90,2312853,买盘
2167,10:10:43,256.0,--,80,2048000,卖盘
2168,10:10:37,256.0,-0.13,1,25600,中性盘
2169,10:10:33,256.13,0.07,189,4840857,买盘
2170,10:10:28,256.06,0.06,35,896210,买盘
2171,10:10:22,256.0,--,7,179200,卖盘
2172,10:10:18,256.0,-0.06,13,332800,卖盘
2173,10:10:13,256.06,-0.07,9,230454,卖盘
2174,10:10:07,256.13,--,21,537873,买盘
2175,10:10:03,256.13,--,16,409808,买盘
2176,10:09:58,256.13,--,10,256130,买盘
2177,10:09:52,256.13,--,1,25613,买盘
2178,10:09:48,256.13,0.01,14,358582,卖盘
2179,10:09:43,256.12,-0.18,80,2048960,卖盘
2180,10:09:37,256.3,0.01,15,384450,买盘
2181,10:09:33,256.29,--,15,384435,买盘
2182,10:09:28,256.29,0.09,24,615096,买盘
2183,10:09:22,256.2,0.08,12,307440,中性盘
2184,10:09:18,256.12,-0.08,27,691524,卖盘
2185,10:09:13,256.2,0.08,15,384300,买盘
2186,10:09:07,256.12,-0.08,5,128060,卖盘
2187,10:09:03,256.2,--,9,230580,买盘
2188,10:08:58,256.2,--,17,435540,买盘
2189,10:08:52,256.2,--,12,307440,卖盘
2190,10:08:48,256.2,0.14,62,1588440,买盘
2191,10:08:43,256.06,--,12,307272,买盘
2192,10:08:37,256.06,--,10,256060,卖盘
2193,10:08:33,256.06,--,0,0,卖盘
2194,10:08:28,256.06,0.07,7,179242,中性盘
2195,10:08:22,255.99,-0.01,51,1305549,卖盘
2196,10:08:18,256.0,--,119,3048960,买盘
2197,10:08:13,256.0,--,39,998400,买盘
2198,10:08:07,256.0,--,5,128000,买盘
2199,10:08:03,256.0,--,11,281600,买盘
2200,10:07:58,256.0,0.01,25,640000,买盘
2201,10:07:52,255.99,--,5,127995,买盘
2202,10:07:48,255.99,-0.01,14,358386,中性盘
2203,10:07:43,256.0,--,5,128000,买盘
2204,10:07:37,256.0,--,4,102400,买盘
2205,10:07:33,256.0,--,47,1203200,买盘
2206,10:07:28,256.0,-0.43,183,4707840,卖盘
2207,10:07:22,256.43,0.05,15,384645,中性盘
2208,10:07:18,256.38,0.03,121,3102198,买盘
2209,10:07:13,256.35,--,3,76905,买盘
2210,10:07:07,256.35,0.02,13,333255,买盘
2211,10:07:03,256.33,0.11,57,1461081,买盘
2212,10:06:57,256.22,-0.08,2,51244,卖盘
2213,10:06:52,256.3,0.1,4,102520,买盘
2214,10:06:47,256.2,-0.02,14,358680,卖盘
2215,10:06:43,256.22,0.12,28,717416,买盘
2216,10:06:37,256.1,-0.1,59,1510990,卖盘
2217,10:06:32,256.2,--,1,25620,中性盘
2218,10:06:28,256.2,0.2,18,461160,买盘
2219,10:06:22,256.0,-0.02,2,53760,卖盘
2220,10:06:18,256.02,0.02,98,2508996,买盘
2221,10:06:13,256.0,--,37,947200,买盘
2222,10:06:07,256.0,0.02,73,1868800,买盘
2223,10:06:03,255.98,-0.01,16,409568,卖盘
2224,10:05:58,255.99,0.02,21,537579,买盘
2225,10:05:52,255.97,-0.02,10,255970,卖盘
2226,10:05:47,255.99,0.19,3,76797,买盘
2227,10:05:42,255.8,0.14,102,2609160,卖盘
2228,10:05:37,255.66,-0.02,1,25566,卖盘
2229,10:05:32,255.68,0.02,15,389912,买盘
2230,10:05:28,255.66,--,8,204528,买盘
2231,10:05:22,255.66,--,3,76698,买盘
2232,10:05:17,255.66,--,27,690282,买盘
2233,10:05:13,255.66,-0.29,58,1482828,卖盘
2234,10:05:07,255.95,-0.05,7,179165,中性盘
2235,10:05:02,256.0,0.12,5,128000,买盘
2236,10:04:57,255.88,-0.12,66,1688808,卖盘
2237,10:04:52,256.0,--,6,153600,买盘
2238,10:04:48,256.0,--,46,1177600,买盘
2239,10:04:42,256.0,-0.2,75,1920000,卖盘
2240,10:04:37,256.2,0.1,1,25620,卖盘
2241,10:04:33,256.1,-0.12,3,76830,卖盘
2242,10:04:27,256.22,0.2,9,230598,买盘
2243,10:04:22,256.02,-0.08,2,51204,卖盘
2244,10:04:18,256.1,0.1,22,564700,买盘
2245,10:04:12,256.0,0.01,101,2585600,买盘
2246,10:04:07,255.99,--,23,588777,卖盘
2247,10:04:02,255.99,--,8,209911,买盘
2248,10:03:57,255.99,--,5,127995,买盘
2249,10:03:52,255.99,0.09,18,460782,买盘
2250,10:03:47,255.9,-0.1,21,537390,卖盘
2251,10:03:42,256.0,0.12,149,3814400,买盘
2252,10:03:37,255.88,0.2,11,281468,中性盘
2253,10:03:31,255.68,-0.31,10,255680,卖盘
2254,10:03:27,255.99,0.11,29,742371,买盘
2255,10:03:22,255.88,-0.11,10,255880,中性盘
2256,10:03:16,255.99,--,0,0,买盘
2257,10:03:12,255.99,0.39,24,614376,买盘
2258,10:03:07,255.6,0.04,108,2760480,中性盘
2259,10:03:01,255.56,-0.02,1,25556,卖盘
2260,10:02:57,255.58,0.08,16,408928,买盘
2261,10:02:52,255.5,-0.02,16,408800,中性盘
2262,10:02:46,255.52,-0.03,3,76656,中性盘
2263,10:02:42,255.55,0.05,16,408880,买盘
2264,10:02:37,255.5,--,118,3014900,卖盘
2265,10:02:31,255.5,--,7,178850,卖盘
2266,10:02:27,255.5,0.03,46,1175300,买盘
2267,10:02:22,255.47,--,12,306564,买盘
2268,10:02:16,255.47,0.02,53,1353991,买盘
2269,10:02:12,255.45,0.07,18,459810,买盘
2270,10:02:07,255.38,0.27,32,817216,买盘
2271,10:02:01,255.11,-0.27,25,637775,中性盘
2272,10:01:57,255.38,0.36,15,383070,买盘
2273,10:01:52,255.02,0.02,84,2142168,中性盘
2274,10:01:46,255.0,--,1,25500,卖盘
2275,10:01:42,255.0,0.1,157,4011150,买盘
2276,10:01:37,254.9,0.1,3,76470,买盘
2277,10:01:31,254.8,--,8,203840,卖盘
2278,10:01:27,254.8,0.1,12,305760,卖盘
2279,10:01:22,254.7,-0.1,77,1961190,买盘
2280,10:01:16,254.8,0.28,4,101920,卖盘
2281,10:01:12,254.52,-0.28,3,76356,卖盘
2282,10:01:07,254.8,0.24,103,2624440,买盘
2283,10:00:57,254.56,0.21,78,1985568,买盘
2284,10:00:52,254.35,-0.05,10,254350,卖盘
2285,10:00:46,254.4,-0.1,1,25440,中性盘
2286,10:00:42,254.5,0.15,26,661700,买盘
2287,10:00:37,254.35,-0.03,12,305220,卖盘
2288,10:00:31,254.38,--,3,76314,买盘
2289,10:00:27,254.38,0.05,2,50876,买盘
2290,10:00:22,254.33,--,3,76299,卖盘
2291,10:00:16,254.33,-0.02,3,76299,卖盘
2292,10:00:12,254.35,--,11,279785,中性盘
2293,10:00:07,254.35,0.15,2,50870,买盘
2294,10:00:01,254.2,-0.1,5,127100,卖盘
2295,09:59:57,254.3,--,23,584890,买盘
2296,09:59:52,254.3,0.1,25,635750,买盘
2297,09:59:46,254.2,-0.1,3,76260,卖盘
2298,09:59:41,254.3,0.1,4,101720,卖盘
2299,09:59:37,254.2,--,81,2059020,卖盘
2300,09:59:31,254.2,0.01,54,1372680,买盘
2301,09:59:26,254.19,0.02,30,762570,卖盘
2302,09:59:22,254.17,-0.02,44,1118348,卖盘
2303,09:59:16,254.19,--,8,203352,买盘
2304,09:59:11,254.19,--,47,1194693,买盘
2305,09:59:07,254.19,--,66,1677654,卖盘
2306,09:59:01,254.19,--,55,1398045,卖盘
2307,09:58:56,254.19,0.1,5,127095,买盘
2308,09:58:51,254.09,0.09,36,933526,买盘
2309,09:58:46,254.0,0.01,12,304800,买盘
2310,09:58:41,253.99,0.39,134,3420991,买盘
2311,09:58:36,253.6,--,98,2485280,买盘
2312,09:58:31,253.6,0.02,3,76080,买盘
2313,09:58:26,253.58,0.08,37,938246,买盘
2314,09:58:21,253.5,--,24,608400,买盘
2315,09:58:16,253.5,--,33,836550,买盘
2316,09:58:11,253.5,0.03,19,481650,买盘
2317,09:58:06,253.47,0.07,49,1242003,买盘
2318,09:57:56,253.4,--,12,304080,卖盘
2319,09:57:51,253.4,0.2,3,76020,买盘
2320,09:57:46,253.2,-0.1,3,75960,卖盘
2321,09:57:41,253.3,-0.1,10,253300,中性盘
2322,09:57:36,253.4,--,9,228060,买盘
2323,09:57:26,253.4,--,23,582820,卖盘
2324,09:57:21,253.4,--,4,101360,卖盘
2325,09:57:16,253.4,-0.05,23,582820,卖盘
2326,09:57:11,253.45,--,0,0,卖盘
2327,09:57:06,253.45,--,20,506900,买盘
2328,09:57:01,253.45,--,1,25345,买盘
2329,09:56:56,253.45,-0.05,26,658970,卖盘
2330,09:56:51,253.5,--,10,253500,买盘
2331,09:56:46,253.5,-0.05,3,76050,卖盘
2332,09:56:41,253.55,--,21,532455,买盘
2333,09:56:36,253.55,--,46,1166330,卖盘
2334,09:56:31,253.55,--,2,50710,卖盘
2335,09:56:25,253.55,-0.04,11,278905,卖盘
2336,09:56:21,253.59,0.04,12,304308,买盘
2337,09:56:16,253.55,0.05,12,304260,卖盘
2338,09:56:10,253.5,-0.05,2,50700,卖盘
2339,09:56:06,253.55,0.05,31,786005,买盘
2340,09:56:01,253.5,-0.05,11,278850,卖盘
2341,09:55:55,253.55,0.15,7,177485,买盘
2342,09:55:51,253.4,--,3,76020,卖盘
2343,09:55:46,253.4,-0.2,13,329420,卖盘
2344,09:55:36,253.6,0.2,21,532560,买盘
2345,09:55:31,253.4,0.1,27,684180,卖盘
2346,09:55:25,253.3,--,0,0,卖盘
2347,09:55:21,253.3,-0.1,42,1063860,中性盘
2348,09:55:16,253.4,--,3,76020,买盘
2349,09:55:06,253.4,--,40,1013600,买盘
2350,09:55:01,253.4,-0.2,50,1267000,卖盘
2351,09:54:55,253.6,-0.03,19,481840,卖盘
2352,09:54:51,253.63,0.03,11,278993,买盘
2353,09:54:46,253.6,--,26,659360,卖盘
2354,09:54:36,253.6,-0.03,4,101440,中性盘
2355,09:54:31,253.63,0.2,18,456534,买盘
2356,09:54:25,253.43,0.03,2,50686,卖盘
2357,09:54:21,253.4,--,10,253400,买盘
2358,09:54:16,253.4,0.3,14,354760,买盘
2359,09:54:10,253.1,-0.3,5,126550,卖盘
2360,09:54:06,253.4,0.3,20,506800,买盘
2361,09:54:01,253.1,--,1,25310,卖盘
2362,09:53:55,253.1,-0.3,29,733990,卖盘
2363,09:53:51,253.4,-0.29,37,937580,卖盘
2364,09:53:46,253.69,0.06,25,634225,中性盘
2365,09:53:40,253.63,-0.07,1,25363,卖盘
2366,09:53:36,253.7,--,23,583510,卖盘
2367,09:53:31,253.7,-0.01,20,507400,卖盘
2368,09:53:25,253.71,0.01,3,76113,买盘
2369,09:53:21,253.7,-0.01,12,304440,中性盘
2370,09:53:16,253.71,0.08,8,202968,买盘
2371,09:53:10,253.63,--,0,0,中性盘
2372,09:53:06,253.63,-0.08,20,507260,卖盘
2373,09:53:01,253.71,-0.08,44,1116324,卖盘
2374,09:52:55,253.79,0.08,11,279169,买盘
2375,09:52:51,253.71,--,12,304452,卖盘
2376,09:52:46,253.71,-0.09,19,482049,卖盘
2377,09:52:40,253.8,-0.09,21,535264,卖盘
2378,09:52:36,253.89,0.09,45,1165608,买盘
2379,09:52:31,253.8,-0.09,29,736020,卖盘
2380,09:52:25,253.89,--,9,228501,买盘
2381,09:52:21,253.89,-0.05,103,2615067,卖盘
2382,09:52:16,253.94,-0.06,18,457092,卖盘
2383,09:52:10,254.0,0.05,39,990600,买盘
2384,09:52:05,253.95,--,2,50790,买盘
2385,09:52:00,253.95,0.04,57,1447515,买盘
2386,09:51:55,253.91,0.01,7,177737,中性盘
2387,09:51:50,253.9,-0.05,103,2615170,卖盘
2388,09:51:45,253.95,0.16,14,355530,买盘
2389,09:51:40,253.79,--,0,0,卖盘
2390,09:51:35,253.79,-0.1,20,507580,卖盘
2391,09:51:30,253.89,0.1,10,253890,买盘
2392,09:51:25,253.79,-0.07,6,152274,卖盘
2393,09:51:20,253.86,-0.02,1,25386,中性盘
2394,09:51:15,253.88,0.09,25,634700,买盘
2395,09:51:10,253.79,-0.01,1,25379,卖盘
2396,09:51:05,253.8,0.01,5,126900,中性盘
2397,09:51:00,253.79,0.08,21,532959,买盘
2398,09:50:55,253.71,0.01,3,76113,买盘
2399,09:50:50,253.7,--,3,76110,卖盘
2400,09:50:45,253.7,0.05,11,279070,买盘
2401,09:50:40,253.65,0.03,2,50730,买盘
2402,09:50:35,253.62,0.02,2,50724,卖盘
2403,09:50:30,253.6,0.1,11,278960,买盘
2404,09:50:25,253.5,--,2,50700,卖盘
2405,09:50:20,253.5,--,18,456300,卖盘
2406,09:50:10,253.5,0.2,41,1060137,买盘
2407,09:50:05,253.3,0.09,20,506600,买盘
2408,09:50:00,253.21,0.03,13,329173,中性盘
2409,09:49:54,253.18,0.18,3,75954,买盘
2410,09:49:50,253.0,-0.04,14,354200,卖盘
2411,09:49:45,253.04,-0.03,4,101216,买盘
2412,09:49:40,253.07,--,11,278377,卖盘
2413,09:49:35,253.07,--,10,253070,卖盘
2414,09:49:30,253.07,0.03,27,683289,买盘
2415,09:49:25,253.04,0.04,1,25304,中性盘
2416,09:49:20,253.0,-0.04,13,328900,卖盘
2417,09:49:15,253.04,0.09,9,244436,买盘
2418,09:49:10,252.95,--,1,25295,卖盘
2419,09:49:05,252.95,--,14,354130,卖盘
2420,09:49:00,252.95,0.05,24,607080,买盘
2421,09:48:55,252.9,--,1,25290,卖盘
2422,09:48:50,252.9,--,1,25290,卖盘
2423,09:48:45,252.9,0.05,6,151740,买盘
2424,09:48:35,252.85,--,9,227565,买盘
2425,09:48:30,252.85,--,3,75855,卖盘
2426,09:48:25,252.85,--,6,151710,中性盘
2427,09:48:19,252.85,--,1,25285,卖盘
2428,09:48:15,252.85,-0.05,9,227565,卖盘
2429,09:48:10,252.9,-0.1,4,101160,卖盘
2430,09:48:04,253.0,0.1,5,126500,买盘
2431,09:48:00,252.9,--,0,0,卖盘
2432,09:47:55,252.9,-0.1,26,657540,卖盘
2433,09:47:49,253.0,--,1,25300,买盘
2434,09:47:45,253.0,--,11,278300,买盘
2435,09:47:40,253.0,-0.07,6,172040,卖盘
2436,09:47:34,253.07,0.07,3,75921,买盘
2437,09:47:30,253.0,-0.07,83,2099900,卖盘
2438,09:47:25,253.07,0.07,12,303684,买盘
2439,09:47:19,253.0,--,2,50600,卖盘
2440,09:47:15,253.0,0.1,34,865260,买盘
2441,09:47:10,252.9,0.3,12,303480,买盘
2442,09:47:04,252.6,--,63,1591380,卖盘
2443,09:47:00,252.6,-0.29,7,176820,中性盘
2444,09:46:55,252.89,-0.01,8,202312,中性盘
2445,09:46:49,252.9,-0.07,1,25290,买盘
2446,09:46:45,252.97,0.07,7,177079,买盘
2447,09:46:40,252.9,-0.09,36,910440,卖盘
2448,09:46:34,252.99,-0.01,7,177093,买盘
2449,09:46:29,253.0,--,49,1239700,买盘
2450,09:46:25,253.0,0.03,14,354200,买盘
2451,09:46:19,252.97,-0.02,7,177079,卖盘
2452,09:46:15,252.99,-0.01,15,379485,卖盘
2453,09:46:10,253.0,--,20,526240,卖盘
2454,09:46:04,253.0,--,4,106260,买盘
2455,09:46:00,253.0,--,20,506000,买盘
2456,09:45:55,253.0,0.5,15,379500,买盘
2457,09:45:49,252.5,--,3,75750,买盘
2458,09:45:45,252.5,-0.47,64,1616000,卖盘
2459,09:45:40,252.97,--,21,531237,买盘
2460,09:45:34,252.97,0.47,54,1366038,买盘
2461,09:45:30,252.5,--,36,909000,卖盘
2462,09:45:19,252.5,--,0,0,卖盘
2463,09:45:15,252.5,-0.5,12,308050,中性盘
2464,09:45:09,253.0,0.89,176,4452800,买盘
2465,09:45:04,252.11,-0.39,2,50422,卖盘
2466,09:45:00,252.5,--,12,303000,买盘
2467,09:44:54,252.5,--,21,530250,买盘
2468,09:44:49,252.5,-0.16,19,479750,卖盘
2469,09:44:45,252.66,0.11,13,328458,买盘
2470,09:44:39,252.55,--,2,50510,买盘
2471,09:44:34,252.55,0.05,6,151530,买盘
2472,09:44:30,252.5,0.5,21,530250,买盘
2473,09:44:24,252.0,--,33,831600,卖盘
2474,09:44:14,252.0,--,6,151200,卖盘
2475,09:44:09,252.0,0.02,23,579600,买盘
2476,09:44:04,251.98,0.05,4,100792,买盘
2477,09:43:59,251.93,0.02,10,251930,中性盘
2478,09:43:54,251.91,-0.07,11,277101,卖盘
2479,09:43:49,251.98,--,0,0,买盘
2480,09:43:44,251.98,0.19,11,277178,买盘
2481,09:43:39,251.79,-0.11,11,279486,卖盘
2482,09:43:34,251.9,0.3,10,251900,买盘
2483,09:43:29,251.6,-0.3,11,276760,卖盘
2484,09:43:24,251.9,0.31,53,1335070,买盘
2485,09:43:14,251.59,0.1,9,226431,中性盘
2486,09:43:09,251.49,-0.01,20,502980,卖盘
2487,09:43:04,251.5,--,1,25150,卖盘
2488,09:42:59,251.5,0.02,11,276650,卖盘
2489,09:42:54,251.48,0.01,17,427516,卖盘
2490,09:42:49,251.47,-0.02,1,25147,卖盘
2491,09:42:44,251.49,0.09,8,201192,买盘
2492,09:42:39,251.4,--,27,678780,卖盘
2493,09:42:34,251.4,-0.05,29,729060,卖盘
2494,09:42:29,251.45,0.05,6,150870,买盘
2495,09:42:24,251.4,0.01,5,125700,买盘
2496,09:42:19,251.39,-0.01,1,25139,卖盘
2497,09:42:14,251.4,0.01,3,75420,买盘
2498,09:42:09,251.39,0.08,2,50278,买盘
2499,09:41:59,251.31,--,2,50262,卖盘
2500,09:41:54,251.31,0.01,7,175917,买盘
2501,09:41:49,251.3,0.2,35,879550,买盘
2502,09:41:44,251.1,-0.1,73,1833030,卖盘
2503,09:41:39,251.2,--,0,0,买盘
2504,09:41:29,251.2,--,9,226080,买盘
2505,09:41:24,251.2,0.01,10,251200,买盘
2506,09:41:14,251.19,0.16,3,75357,买盘
2507,09:41:09,251.03,--,4,100412,卖盘
2508,09:41:04,251.03,--,4,100412,卖盘
2509,09:40:59,251.03,0.02,3,75309,中性盘
2510,09:40:54,251.01,--,5,128768,买盘
2511,09:40:44,251.01,0.01,4,100404,买盘
2512,09:40:39,251.0,--,0,0,买盘
2513,09:40:34,251.0,0.35,2,50200,买盘
2514,09:40:24,250.65,-0.03,18,451170,卖盘
2515,09:40:19,250.68,0.03,6,150408,中性盘
2516,09:40:13,250.65,--,3,75195,卖盘
2517,09:40:09,250.65,--,13,325845,卖盘
2518,09:40:04,250.65,--,12,300780,卖盘
2519,09:39:58,250.65,--,4,100260,卖盘
2520,09:39:54,250.65,-0.15,27,698561,卖盘
2521,09:39:49,250.8,0.15,25,628003,买盘
2522,09:39:43,250.65,-0.07,9,225585,买盘
2523,09:39:39,250.72,0.08,26,651872,买盘
2524,09:39:34,250.64,-0.08,31,776984,卖盘
2525,09:39:24,250.72,--,5,125360,买盘
2526,09:39:19,250.72,-0.28,35,901589,卖盘
2527,09:39:13,251.0,0.2,1,25100,买盘
2528,09:39:08,250.8,--,1,25080,卖盘
2529,09:39:04,250.8,-0.01,6,150480,卖盘
2530,09:38:58,250.81,0.01,1,25081,买盘
2531,09:38:53,250.8,0.01,11,276883,买盘
2532,09:38:49,250.79,--,3,75237,卖盘
2533,09:38:43,250.79,0.01,2,50158,中性盘
2534,09:38:38,250.78,-0.01,19,476482,卖盘
2535,09:38:34,250.79,-0.23,7,175553,卖盘
2536,09:38:28,251.02,0.22,1,25102,买盘
2537,09:38:23,250.8,-0.22,17,426360,中性盘
2538,09:38:18,251.02,--,6,150612,买盘
2539,09:38:08,251.02,--,3,75306,买盘
2540,09:38:04,251.02,--,6,150612,卖盘
2541,09:37:58,251.02,--,6,150612,卖盘
2542,09:37:53,251.02,0.02,4,100408,卖盘
2543,09:37:49,251.0,-0.02,4,100400,卖盘
2544,09:37:43,251.02,-0.01,21,527142,卖盘
2545,09:37:38,251.03,0.01,1,25103,卖盘
2546,09:37:33,251.02,--,2,50204,卖盘
2547,09:37:28,251.02,0.02,2,50204,卖盘
2548,09:37:23,251.0,-0.34,18,451800,卖盘
2549,09:37:18,251.34,0.61,1,25134,买盘
2550,09:37:13,250.73,--,0,0,中性盘
2551,09:37:08,250.73,-0.27,14,351022,卖盘
2552,09:37:03,251.0,--,0,0,卖盘
2553,09:36:53,251.0,--,6,150600,卖盘
2554,09:36:48,251.0,-0.4,10,251000,卖盘
2555,09:36:38,251.4,--,2,50280,卖盘
2556,09:36:33,251.4,--,5,125700,买盘
2557,09:36:28,251.4,--,3,75420,买盘
2558,09:36:23,251.4,0.59,7,175980,买盘
2559,09:36:18,250.81,-0.59,2,50162,中性盘
2560,09:36:13,251.4,0.76,7,175980,买盘
2561,09:36:08,250.64,-0.76,20,501280,卖盘
2562,09:36:03,251.4,--,9,226260,卖盘
2563,09:35:58,251.4,-0.1,6,150840,卖盘
2564,09:35:53,251.5,0.1,3,82743,买盘
2565,09:35:48,251.4,--,11,299417,卖盘
2566,09:35:43,251.4,--,2,52542,买盘
2567,09:35:38,251.4,--,52,1330157,卖盘
2568,09:35:33,251.4,--,3,77682,卖盘
2569,09:35:28,251.4,-0.05,3,75420,卖盘
2570,09:35:23,251.45,-0.05,11,276595,中性盘
2571,09:35:18,251.5,--,15,377250,买盘
2572,09:35:13,251.5,0.08,38,955700,买盘
2573,09:35:08,251.42,-0.08,26,653692,卖盘
2574,09:35:03,251.5,0.05,21,528150,买盘
2575,09:34:58,251.45,--,1,25145,中性盘
2576,09:34:53,251.45,0.03,2,50290,买盘
2577,09:34:48,251.42,0.02,4,100568,中性盘
2578,09:34:43,251.4,-0.02,23,578220,卖盘
2579,09:34:38,251.42,0.02,1,25142,买盘
2580,09:34:33,251.4,--,9,226260,卖盘
2581,09:34:23,251.4,--,18,452520,卖盘
2582,09:34:18,251.4,0.15,7,175980,买盘
2583,09:34:13,251.25,--,0,0,卖盘
2584,09:34:08,251.25,-0.14,11,276375,卖盘
2585,09:34:03,251.39,0.14,27,678753,买盘
2586,09:33:58,251.25,--,0,0,买盘
2587,09:33:53,251.25,0.05,8,201000,卖盘
2588,09:33:48,251.2,-0.05,7,175840,卖盘
2589,09:33:43,251.25,-0.14,1,25125,中性盘
2590,09:33:38,251.39,0.09,24,603336,买盘
2591,09:33:33,251.3,--,30,753900,卖盘
2592,09:33:23,251.3,-0.08,16,402080,卖盘
2593,09:33:18,251.38,-0.01,9,226242,卖盘
2594,09:33:13,251.39,--,3,75417,卖盘
2595,09:33:08,251.39,--,0,0,中性盘
2596,09:33:03,251.39,0.09,15,377085,买盘
2597,09:32:58,251.3,-0.09,10,251300,卖盘
2598,09:32:53,251.39,0.02,6,150834,买盘
2599,09:32:48,251.37,--,2,50274,买盘
2600,09:32:43,251.37,0.07,4,100548,买盘
2601,09:32:37,251.3,0.05,3,75390,中性盘
2602,09:32:28,251.25,--,1,25125,卖盘
2603,09:32:22,251.25,--,3,75375,卖盘
2604,09:32:18,251.25,0.03,9,226125,买盘
2605,09:32:13,251.22,0.22,2,50244,买盘
2606,09:32:02,251.0,-0.2,19,479410,卖盘
2607,09:31:58,251.2,--,6,150720,买盘
2608,09:31:48,251.2,--,2,72848,买盘
2609,09:31:42,251.2,0.01,3,75360,买盘
2610,09:31:33,251.19,0.19,8,203463,买盘
2611,09:31:27,251.0,-0.19,7,175700,卖盘
2612,09:31:21,251.19,0.19,1,25119,买盘
2613,09:31:17,251.0,-0.19,3,75300,卖盘
2614,09:31:12,251.19,--,8,200952,买盘
2615,09:31:07,251.19,--,2,50238,买盘
2616,09:31:02,251.19,0.19,7,175833,买盘
2617,09:30:57,251.0,--,28,702800,卖盘
2618,09:30:52,251.0,-0.2,14,373990,卖盘
2619,09:30:47,251.2,-0.05,14,351680,卖盘
2620,09:30:42,251.25,--,1,27637,买盘
2621,09:30:37,251.25,--,0,0,买盘
2622,09:30:32,251.25,0.25,13,326625,买盘
2623,09:30:27,251.0,--,2,50200,卖盘
2624,09:30:12,251.0,--,20,502000,买盘
2625,09:30:07,251.0,--,22,552200,卖盘
2626,09:30:02,251.0,0.45,8,200800,买盘
2627,09:28:46,250.55,--,0,0,卖盘
2628,09:25:01,250.55,250.55,36,901980,买盘
