,time,price,change,volume,amount,type
0,15:00:00,3.14,--,0,0,卖盘
1,15:00:00,3.14,--,337,105818,卖盘
2,14:59:58,3.14,--,1096,344144,卖盘
3,14:59:52,3.14,--,30,9420,卖盘
4,14:59:48,3.14,-0.01,143,44902,卖盘
5,14:59:43,3.15,0.01,150,47250,买盘
6,14:59:37,3.14,--,131,41134,卖盘
7,14:59:33,3.14,--,201,63114,卖盘
8,14:59:28,3.14,--,91,28574,卖盘
9,14:59:22,3.14,--,500,157000,卖盘
10,14:59:18,3.14,--,46,14444,卖盘
11,14:59:12,3.14,--,543,170502,卖盘
12,14:59:07,3.14,-0.01,132,41448,卖盘
13,14:59:03,3.15,0.01,26,8190,买盘
14,14:58:57,3.14,--,208,65418,卖盘
15,14:58:52,3.14,--,50,15700,卖盘
16,14:58:48,3.14,--,357,112098,卖盘
17,14:58:43,3.14,--,221,69394,卖盘
18,14:58:37,3.14,-0.01,32,10048,卖盘
19,14:58:33,3.15,--,130,40950,买盘
20,14:58:28,3.15,--,579,182479,买盘
21,14:58:22,3.15,--,201,63315,买盘
22,14:58:17,3.15,0.01,621,195615,买盘
23,14:58:12,3.14,-0.01,135,42390,卖盘
24,14:58:07,3.15,0.01,247,77805,买盘
25,14:58:02,3.14,-0.01,702,220428,卖盘
26,14:57:57,3.15,--,531,167265,买盘
27,14:57:47,3.15,--,656,206640,买盘
28,14:57:42,3.15,0.01,195,61425,买盘
29,14:57:37,3.14,--,204,64056,卖盘
30,14:57:32,3.14,--,576,180864,卖盘
31,14:57:27,3.14,-0.01,292,91845,卖盘
32,14:57:17,3.15,--,747,235305,买盘
33,14:57:12,3.15,--,378,119070,买盘
34,14:57:02,3.15,0.01,272,85680,买盘
35,14:56:57,3.14,--,11,3454,卖盘
36,14:56:52,3.14,--,100,31400,卖盘
37,14:56:47,3.14,-0.01,50,15700,卖盘
38,14:56:42,3.15,0.01,11,3465,买盘
39,14:56:37,3.14,-0.01,42,13188,卖盘
40,14:56:32,3.15,--,283,89145,买盘
41,14:56:27,3.15,0.01,285,89775,买盘
42,14:56:17,3.14,-0.01,342,107388,卖盘
43,14:56:02,3.15,--,117,36855,买盘
44,14:55:57,3.15,--,151,47565,买盘
45,14:55:52,3.15,0.01,2,630,买盘
46,14:55:47,3.14,-0.01,12,3768,卖盘
47,14:55:42,3.15,0.01,14,4410,买盘
48,14:55:37,3.14,--,600,188400,卖盘
49,14:55:32,3.14,--,46,14444,卖盘
50,14:55:27,3.14,--,12,3768,卖盘
51,14:55:17,3.14,--,56,17584,卖盘
52,14:55:12,3.14,--,1,314,卖盘
53,14:55:07,3.14,--,27,8478,卖盘
54,14:55:02,3.14,--,302,94828,卖盘
55,14:54:57,3.14,0.01,441,138474,买盘
56,14:54:52,3.13,--,11,3443,卖盘
57,14:54:47,3.13,-0.01,140,43820,卖盘
58,14:54:42,3.14,--,479,150406,买盘
59,14:54:37,3.14,--,115,36110,买盘
60,14:54:32,3.14,--,128,40192,买盘
61,14:54:27,3.14,--,351,110214,买盘
62,14:54:22,3.14,--,230,72220,买盘
63,14:54:17,3.14,--,414,129996,买盘
64,14:54:12,3.14,--,1,314,买盘
65,14:54:07,3.14,--,50,15700,买盘
66,14:54:02,3.14,--,1606,504284,卖盘
67,14:53:57,3.14,--,430,135020,卖盘
68,14:53:52,3.14,--,862,270668,卖盘
69,14:53:47,3.14,--,61,19154,卖盘
70,14:53:42,3.14,-0.01,3,942,卖盘
71,14:53:37,3.15,0.01,304,95760,买盘
72,14:53:32,3.14,--,105,32970,卖盘
73,14:53:27,3.14,--,101,31714,卖盘
74,14:53:22,3.14,--,22,6908,卖盘
75,14:53:17,3.14,--,238,74732,卖盘
76,14:53:12,3.14,--,1,314,卖盘
77,14:53:01,3.14,-0.01,215,67510,卖盘
78,14:52:57,3.15,--,13,4095,买盘
79,14:52:52,3.15,--,1038,326970,买盘
80,14:52:46,3.15,--,228,71820,买盘
81,14:52:42,3.15,--,1689,532035,买盘
82,14:52:37,3.15,0.01,827,260505,买盘
83,14:52:31,3.14,--,784,246176,卖盘
84,14:52:27,3.14,--,916,287624,买盘
85,14:52:22,3.14,--,354,111156,买盘
86,14:52:16,3.14,--,1228,385592,买盘
87,14:52:11,3.14,--,739,232046,买盘
88,14:52:07,3.14,--,2063,647782,买盘
89,14:52:01,3.14,--,687,215718,买盘
90,14:51:56,3.14,0.01,1052,330328,买盘
91,14:51:52,3.13,-0.01,73,22849,卖盘
92,14:51:46,3.14,--,201,63114,买盘
93,14:51:41,3.14,--,2922,917508,买盘
94,14:51:37,3.14,0.01,996,312744,买盘
95,14:51:31,3.13,--,11,3443,卖盘
96,14:51:26,3.13,-0.01,120,37560,卖盘
97,14:51:22,3.14,--,83,26062,买盘
98,14:51:16,3.14,--,479,150406,买盘
99,14:51:11,3.14,--,3158,991612,买盘
100,14:51:07,3.14,0.01,14,4396,买盘
101,14:50:56,3.13,-0.01,128,40064,卖盘
102,14:50:51,3.14,--,1233,387162,买盘
103,14:50:46,3.14,--,7742,2430988,买盘
104,14:50:41,3.14,--,89,27946,买盘
105,14:50:36,3.14,--,5,1570,买盘
106,14:50:31,3.14,--,241,75674,买盘
107,14:50:16,3.14,--,35,10990,买盘
108,14:50:11,3.14,--,103,32342,买盘
109,14:50:06,3.14,--,100,31400,买盘
110,14:50:01,3.14,0.01,215,67510,买盘
111,14:49:56,3.13,--,77,24166,卖盘
112,14:49:51,3.13,--,102,31926,卖盘
113,14:49:46,3.13,--,200,62600,卖盘
114,14:49:41,3.13,-0.01,674,210962,卖盘
115,14:49:36,3.14,--,854,268156,买盘
116,14:49:31,3.14,0.01,1452,455928,买盘
117,14:49:26,3.13,-0.01,907,284153,卖盘
118,14:49:21,3.14,0.01,11,3454,买盘
119,14:49:11,3.13,--,134,42204,卖盘
120,14:49:06,3.13,-0.01,36,11268,卖盘
121,14:49:01,3.14,0.01,1498,470372,买盘
122,14:48:56,3.13,-0.01,22,6886,卖盘
123,14:48:51,3.14,0.01,14,4396,买盘
124,14:48:41,3.13,-0.01,109,34117,卖盘
125,14:48:36,3.14,--,116,36424,买盘
126,14:48:31,3.14,0.01,4,1256,买盘
127,14:48:26,3.13,--,41,13095,卖盘
128,14:48:21,3.13,-0.01,1757,550219,卖盘
129,14:48:16,3.14,--,380,119320,买盘
130,14:48:11,3.14,--,445,139990,买盘
131,14:47:56,3.14,0.01,803,252142,买盘
132,14:47:51,3.13,--,131,41003,卖盘
133,14:47:46,3.13,--,129,40377,卖盘
134,14:47:41,3.13,--,92,28796,卖盘
135,14:47:36,3.13,-0.01,325,101987,卖盘
136,14:47:26,3.14,0.01,549,172386,买盘
137,14:47:21,3.13,--,53,16720,卖盘
138,14:47:16,3.13,-0.01,1,313,卖盘
139,14:47:11,3.14,0.01,665,208847,买盘
140,14:47:06,3.13,-0.01,512,160456,卖盘
141,14:47:01,3.14,0.01,46,14444,买盘
142,14:46:56,3.13,--,47,14973,卖盘
143,14:46:51,3.13,--,19,5947,卖盘
144,14:46:46,3.13,--,118,36934,卖盘
145,14:46:41,3.13,--,209,65417,卖盘
146,14:46:36,3.13,--,265,83207,卖盘
147,14:46:26,3.13,-0.01,11,3443,卖盘
148,14:46:21,3.14,0.01,65,20441,买盘
149,14:46:16,3.13,--,41,12964,卖盘
150,14:46:11,3.13,--,1621,507495,卖盘
151,14:46:06,3.13,--,95,29994,卖盘
152,14:46:01,3.13,--,97,30361,卖盘
153,14:45:56,3.13,--,36,11268,卖盘
154,14:45:51,3.13,--,1388,434444,卖盘
155,14:45:41,3.13,--,349,109237,卖盘
156,14:45:36,3.13,--,834,261304,卖盘
157,14:45:31,3.13,--,65,20345,卖盘
158,14:45:26,3.13,--,1,532,卖盘
159,14:45:21,3.13,-0.01,616,192808,卖盘
160,14:45:16,3.14,--,2794,877316,买盘
161,14:45:11,3.14,0.01,1063,334045,买盘
162,14:45:01,3.13,--,91,28558,卖盘
163,14:44:55,3.13,-0.01,95,29735,卖盘
164,14:44:51,3.14,--,32,10048,买盘
165,14:44:46,3.14,--,2107,661685,买盘
166,14:44:40,3.14,0.01,286,89804,买盘
167,14:44:36,3.13,-0.01,595,186497,卖盘
168,14:44:30,3.14,--,932,292648,买盘
169,14:44:25,3.14,--,295,92630,买盘
170,14:44:20,3.14,0.01,558,175212,买盘
171,14:44:16,3.13,-0.01,98,30805,卖盘
172,14:44:10,3.14,0.01,90,28260,买盘
173,14:44:05,3.13,--,46,14657,卖盘
174,14:44:01,3.13,--,439,137407,卖盘
175,14:43:50,3.13,-0.01,563,176219,卖盘
176,14:43:45,3.14,--,283,89125,买盘
177,14:43:40,3.14,0.01,239,75046,买盘
178,14:43:35,3.13,-0.01,35,10955,卖盘
179,14:43:20,3.14,0.01,63,19913,买盘
180,14:43:16,3.13,--,211,66287,卖盘
181,14:43:10,3.13,--,289,90457,卖盘
182,14:43:05,3.13,-0.01,556,174294,卖盘
183,14:43:00,3.14,0.01,138,43595,买盘
184,14:42:55,3.13,--,287,89831,卖盘
185,14:42:50,3.13,--,219,68547,卖盘
186,14:42:45,3.13,-0.01,129,40389,卖盘
187,14:42:40,3.14,--,90,28260,买盘
188,14:42:35,3.14,0.01,89,27946,买盘
189,14:42:30,3.13,--,41,13095,卖盘
190,14:42:25,3.13,-0.01,21,6573,卖盘
191,14:42:20,3.14,0.01,57,18029,买盘
192,14:42:15,3.13,-0.01,816,255408,卖盘
193,14:42:10,3.14,0.01,89,27946,买盘
194,14:42:05,3.13,-0.01,118,37193,卖盘
195,14:42:00,3.14,0.01,325,102050,买盘
196,14:41:55,3.13,-0.01,1,313,卖盘
197,14:41:50,3.14,--,305,95770,买盘
198,14:41:45,3.14,0.01,55,17270,买盘
199,14:41:40,3.13,--,390,122070,卖盘
200,14:41:35,3.13,--,66,20861,卖盘
201,14:41:30,3.13,--,680,212971,卖盘
202,14:41:25,3.13,--,4,1252,卖盘
203,14:41:20,3.13,--,85,26605,卖盘
204,14:41:15,3.13,--,417,130521,卖盘
205,14:41:10,3.13,--,154,48202,卖盘
206,14:41:05,3.13,-0.01,35,11217,卖盘
207,14:41:00,3.14,0.01,302,94828,买盘
208,14:40:55,3.13,-0.01,9,2817,卖盘
209,14:40:50,3.14,0.01,13,4082,买盘
210,14:40:45,3.13,-0.01,15,4695,卖盘
211,14:40:40,3.14,0.01,965,303010,买盘
212,14:40:35,3.13,--,247,77573,卖盘
213,14:40:30,3.13,-0.01,93,29240,卖盘
214,14:40:20,3.14,0.01,22,6908,买盘
215,14:40:15,3.13,--,417,130521,卖盘
216,14:40:10,3.13,--,95,29735,卖盘
217,14:40:05,3.13,--,254,79761,卖盘
218,14:40:00,3.13,--,10,3130,卖盘
219,14:39:55,3.13,-0.01,9,2817,卖盘
220,14:39:50,3.14,0.01,19,5966,买盘
221,14:39:45,3.13,--,667,208771,卖盘
222,14:39:40,3.13,--,90,28170,卖盘
223,14:39:35,3.13,-0.01,165,51907,卖盘
224,14:39:25,3.14,--,72,22739,买盘
225,14:39:20,3.14,0.01,8,2512,买盘
226,14:39:15,3.13,-0.01,872,272936,卖盘
227,14:39:10,3.14,--,125,39513,买盘
228,14:39:05,3.14,0.01,415,130310,买盘
229,14:39:00,3.13,-0.01,944,295472,卖盘
230,14:38:50,3.14,0.01,88,27632,买盘
231,14:38:45,3.13,-0.01,663,207781,卖盘
232,14:38:40,3.14,0.01,89,27946,买盘
233,14:38:35,3.13,--,9,2817,卖盘
234,14:38:30,3.13,-0.01,41,12964,卖盘
235,14:38:20,3.14,--,6,1884,买盘
236,14:38:15,3.14,--,265,83470,买盘
237,14:38:09,3.14,0.01,339,106446,买盘
238,14:38:04,3.13,--,149,46637,卖盘
239,14:38:00,3.13,-0.01,2,626,卖盘
240,14:37:49,3.14,0.01,78,24492,买盘
241,14:37:45,3.13,--,634,198704,卖盘
242,14:37:39,3.13,--,172,53836,卖盘
243,14:37:34,3.13,--,120,37635,卖盘
244,14:37:30,3.13,--,7,2191,卖盘
245,14:37:24,3.13,-0.01,2240,701251,卖盘
246,14:37:19,3.14,--,215,67510,买盘
247,14:37:14,3.14,--,555,174270,买盘
248,14:37:09,3.14,--,569,178666,买盘
249,14:37:04,3.14,--,2,628,买盘
250,14:36:54,3.14,0.01,53,16642,买盘
251,14:36:49,3.13,--,719,225181,卖盘
252,14:36:44,3.13,--,87,27231,卖盘
253,14:36:39,3.13,--,152,47707,卖盘
254,14:36:34,3.13,-0.01,13,4069,卖盘
255,14:36:29,3.14,--,13,4082,买盘
256,14:36:24,3.14,0.01,6,1884,买盘
257,14:36:19,3.13,--,414,129582,卖盘
258,14:36:14,3.13,-0.01,538,168394,卖盘
259,14:36:09,3.14,0.01,546,171444,买盘
260,14:36:04,3.13,-0.01,12,3756,卖盘
261,14:35:54,3.14,0.01,2,628,买盘
262,14:35:49,3.13,--,669,209397,卖盘
263,14:35:44,3.13,--,1,313,卖盘
264,14:35:39,3.13,--,641,200633,卖盘
265,14:35:29,3.13,-0.01,95,29979,卖盘
266,14:35:24,3.14,0.01,213,66985,买盘
267,14:35:19,3.13,--,16,5008,卖盘
268,14:35:14,3.13,-0.01,2277,712701,卖盘
269,14:35:09,3.14,0.01,503,157942,买盘
270,14:35:04,3.13,--,21,6573,卖盘
271,14:34:59,3.13,-0.01,54,16902,卖盘
272,14:34:54,3.14,--,176,55264,买盘
273,14:34:49,3.14,--,43,13502,买盘
274,14:34:44,3.14,0.01,314,98596,买盘
275,14:34:39,3.13,-0.01,751,235063,卖盘
276,14:34:34,3.14,0.01,20,6280,买盘
277,14:34:29,3.13,--,738,231125,卖盘
278,14:34:24,3.13,-0.01,303,94839,卖盘
279,14:34:19,3.14,--,6,1884,买盘
280,14:34:14,3.14,--,208,65312,买盘
281,14:34:09,3.14,0.01,302,94828,买盘
282,14:34:04,3.13,--,100,31300,卖盘
283,14:33:59,3.13,--,672,210336,卖盘
284,14:33:54,3.13,-0.01,13,4069,卖盘
285,14:33:49,3.14,--,7,2198,买盘
286,14:33:39,3.14,--,329,103437,买盘
287,14:33:34,3.14,0.01,1,314,买盘
288,14:33:29,3.13,-0.01,2198,687974,卖盘
289,14:33:24,3.14,--,207,64998,买盘
290,14:33:19,3.14,0.01,15,4710,买盘
291,14:33:14,3.13,-0.01,225,70425,卖盘
292,14:33:09,3.14,0.01,302,94828,买盘
293,14:33:04,3.13,-0.01,669,209397,卖盘
294,14:32:59,3.14,--,1000,314000,买盘
295,14:32:54,3.14,--,277,86978,买盘
296,14:32:49,3.14,0.01,73,22922,买盘
297,14:32:44,3.13,--,12,3756,卖盘
298,14:32:39,3.13,-0.01,130,40821,卖盘
299,14:32:29,3.14,--,9138,2869332,买盘
300,14:32:24,3.14,--,263,82582,买盘
301,14:32:19,3.14,0.01,6,1884,买盘
302,14:32:14,3.13,-0.01,10344,3237672,卖盘
303,14:32:09,3.14,--,99,31086,买盘
304,14:32:03,3.14,0.01,27,8478,买盘
305,14:31:59,3.13,--,66,20658,卖盘
306,14:31:53,3.13,-0.01,46,14398,卖盘
307,14:31:49,3.14,0.01,74,23236,买盘
308,14:31:44,3.13,-0.01,542,169777,卖盘
309,14:31:39,3.14,--,303,95142,买盘
310,14:31:33,3.14,0.01,509,159826,买盘
311,14:31:29,3.13,--,1993,623809,卖盘
312,14:31:24,3.13,--,212,66356,卖盘
313,14:31:18,3.13,--,25,7825,卖盘
314,14:31:14,3.13,-0.01,727,227551,卖盘
315,14:31:08,3.14,0.01,403,126542,买盘
316,14:30:58,3.13,-0.01,50,15650,卖盘
317,14:30:54,3.14,--,6,1884,买盘
318,14:30:48,3.14,0.01,458,143812,买盘
319,14:30:43,3.13,-0.01,90,28170,卖盘
320,14:30:38,3.14,--,1067,335169,买盘
321,14:30:33,3.14,--,99,31086,买盘
322,14:30:28,3.14,--,848,266272,买盘
323,14:30:23,3.14,0.01,476,149464,买盘
324,14:30:18,3.13,-0.01,1332,416916,卖盘
325,14:30:13,3.14,--,161,50554,买盘
326,14:30:08,3.14,--,1000,314000,买盘
327,14:30:03,3.14,0.01,1188,373032,买盘
328,14:29:58,3.13,-0.01,687,215031,卖盘
329,14:29:53,3.14,--,2369,743866,买盘
330,14:29:48,3.14,0.01,2974,933836,买盘
331,14:29:43,3.13,-0.01,251,78694,卖盘
332,14:29:38,3.14,0.01,427,134078,买盘
333,14:29:33,3.13,--,160,50080,卖盘
334,14:29:28,3.13,-0.01,36,11268,卖盘
335,14:29:23,3.14,0.01,679,213419,买盘
336,14:29:18,3.13,--,221,69173,卖盘
337,14:29:13,3.13,--,446,139598,卖盘
338,14:29:08,3.13,--,432,135216,卖盘
339,14:29:03,3.13,--,72,22536,卖盘
340,14:28:58,3.13,-0.01,146,45698,卖盘
341,14:28:53,3.14,--,135,42390,买盘
342,14:28:48,3.14,0.01,78,24492,买盘
343,14:28:43,3.13,-0.01,222,69486,卖盘
344,14:28:38,3.14,--,838,263260,买盘
345,14:28:33,3.14,0.01,10,3140,买盘
346,14:28:28,3.13,-0.01,468,146484,卖盘
347,14:28:23,3.14,--,154,48356,买盘
348,14:28:17,3.14,0.01,839,263738,买盘
349,14:28:13,3.13,-0.01,303,94839,卖盘
350,14:28:08,3.14,0.01,180,56520,买盘
351,14:28:03,3.13,--,16,5008,卖盘
352,14:27:53,3.13,--,36,11268,卖盘
353,14:27:47,3.13,--,367,114871,卖盘
354,14:27:43,3.13,-0.01,49,15337,卖盘
355,14:27:38,3.14,0.01,806,253215,买盘
356,14:27:32,3.13,--,394,123322,卖盘
357,14:27:28,3.13,-0.01,931,291403,卖盘
358,14:27:23,3.14,0.01,1447,454358,买盘
359,14:27:17,3.13,--,2668,835378,卖盘
360,14:27:13,3.13,--,281,87953,卖盘
361,14:27:08,3.13,--,207,65006,卖盘
362,14:27:02,3.13,--,5,1565,卖盘
363,14:26:58,3.13,--,125,39125,卖盘
364,14:26:53,3.13,-0.01,270,84510,卖盘
365,14:26:47,3.14,0.01,89,27946,买盘
366,14:26:43,3.13,-0.01,183,57410,卖盘
367,14:26:38,3.14,0.01,422,132508,买盘
368,14:26:32,3.13,-0.01,332,103916,卖盘
369,14:26:23,3.14,--,726,228256,买盘
370,14:26:17,3.14,0.01,219,68766,买盘
371,14:26:13,3.13,-0.01,586,183418,卖盘
372,14:26:08,3.14,0.01,295,92630,买盘
373,14:26:02,3.13,--,473,148049,卖盘
374,14:25:53,3.13,--,117,36621,卖盘
375,14:25:47,3.13,--,282,88397,卖盘
376,14:25:42,3.13,-0.01,35,10955,卖盘
377,14:25:38,3.14,0.01,211,66254,买盘
378,14:25:32,3.13,--,97,30361,卖盘
379,14:25:27,3.13,--,780,244140,卖盘
380,14:25:23,3.13,--,1053,329589,卖盘
381,14:25:17,3.13,--,691,216577,卖盘
382,14:25:08,3.13,--,133,41629,卖盘
383,14:25:02,3.13,--,122,38186,卖盘
384,14:24:57,3.13,-0.01,116,36308,卖盘
385,14:24:53,3.14,0.01,383,120262,买盘
386,14:24:47,3.13,--,336,105299,卖盘
387,14:24:42,3.13,-0.01,159,49767,卖盘
388,14:24:38,3.14,0.01,189,59346,买盘
389,14:24:32,3.13,--,9,2817,卖盘
390,14:24:27,3.13,--,215,67295,卖盘
391,14:24:22,3.13,--,137,42881,卖盘
392,14:24:17,3.13,--,651,204057,卖盘
393,14:24:12,3.13,--,45,14085,卖盘
394,14:24:08,3.13,--,92,28796,卖盘
395,14:24:02,3.13,--,134,41942,卖盘
396,14:23:57,3.13,--,87,27231,卖盘
397,14:23:52,3.13,--,438,137094,卖盘
398,14:23:47,3.13,-0.01,409,128148,卖盘
399,14:23:37,3.14,--,311,97654,买盘
400,14:23:32,3.14,0.01,126,39564,买盘
401,14:23:27,3.13,--,1216,380608,卖盘
402,14:23:22,3.13,--,1142,357446,卖盘
403,14:23:17,3.13,-0.01,494,154913,卖盘
404,14:23:12,3.14,0.01,89,27946,买盘
405,14:23:07,3.13,-0.01,23,7199,卖盘
406,14:23:02,3.14,0.01,3,942,买盘
407,14:22:57,3.13,--,164,51463,卖盘
408,14:22:52,3.13,--,230,71990,卖盘
409,14:22:47,3.13,--,26,8138,卖盘
410,14:22:42,3.13,-0.01,132,41316,卖盘
411,14:22:37,3.14,0.01,71,22294,买盘
412,14:22:27,3.13,-0.01,226,70738,卖盘
413,14:22:22,3.14,0.01,6,1884,买盘
414,14:22:17,3.13,-0.01,520,163054,卖盘
415,14:22:12,3.14,0.01,536,168304,买盘
416,14:22:02,3.13,--,137,42881,卖盘
417,14:21:57,3.13,--,1251,391563,卖盘
418,14:21:52,3.13,--,256,80259,卖盘
419,14:21:47,3.13,--,2909,910517,卖盘
420,14:21:42,3.13,--,9563,2993219,卖盘
421,14:21:37,3.13,--,931,291403,卖盘
422,14:21:26,3.13,--,262,82006,卖盘
423,14:21:22,3.13,-0.01,175,54775,卖盘
424,14:21:17,3.14,0.01,406,127776,买盘
425,14:21:11,3.13,--,273,85449,卖盘
426,14:21:07,3.13,--,315,98595,卖盘
427,14:21:02,3.13,--,41,12964,卖盘
428,14:20:57,3.13,-0.01,210,65730,卖盘
429,14:20:52,3.14,--,5,1570,买盘
430,14:20:47,3.14,0.01,216,67824,买盘
431,14:20:41,3.13,--,281,87953,卖盘
432,14:20:37,3.13,--,42,13146,卖盘
433,14:20:32,3.13,--,343,107359,卖盘
434,14:20:26,3.13,-0.01,237,74181,卖盘
435,14:20:22,3.14,--,405,127465,买盘
436,14:20:17,3.14,--,10,3140,买盘
437,14:20:11,3.14,0.01,91,28574,买盘
438,14:20:07,3.13,--,12,3756,卖盘
439,14:19:56,3.13,--,111,34743,卖盘
440,14:19:52,3.13,--,289,90457,卖盘
441,14:19:41,3.13,--,639,200266,卖盘
442,14:19:37,3.13,--,951,297663,卖盘
443,14:19:31,3.13,--,91,28483,卖盘
444,14:19:26,3.13,--,187,58531,卖盘
445,14:19:21,3.13,--,11,3443,卖盘
446,14:19:16,3.13,--,478,149905,卖盘
447,14:19:11,3.13,-0.01,125,39125,卖盘
448,14:19:07,3.14,0.01,2,628,买盘
449,14:19:01,3.13,--,32,10016,卖盘
450,14:18:56,3.13,-0.01,281,87953,卖盘
451,14:18:51,3.14,--,207,64998,买盘
452,14:18:46,3.14,0.01,292,91688,买盘
453,14:18:41,3.13,--,213,66722,卖盘
454,14:18:36,3.13,--,54,17158,卖盘
455,14:18:31,3.13,--,1,313,卖盘
456,14:18:26,3.13,-0.01,224,70112,卖盘
457,14:18:21,3.14,0.01,33,10362,买盘
458,14:18:16,3.13,-0.01,460,144274,卖盘
459,14:18:11,3.14,0.01,104,32656,买盘
460,14:18:06,3.13,--,1,313,卖盘
461,14:17:56,3.13,--,148,46324,卖盘
462,14:17:51,3.13,-0.01,70,21910,卖盘
463,14:17:46,3.14,--,283,88862,买盘
464,14:17:41,3.14,0.01,129,40763,买盘
465,14:17:31,3.13,--,80,25040,卖盘
466,14:17:26,3.13,--,292,91396,卖盘
467,14:17:16,3.13,-0.01,562,176197,卖盘
468,14:17:11,3.14,0.01,566,177724,买盘
469,14:16:56,3.13,-0.01,144,45072,卖盘
470,14:16:51,3.14,--,6,1884,买盘
471,14:16:46,3.14,0.01,306,96084,买盘
472,14:16:41,3.13,--,149,46893,卖盘
473,14:16:31,3.13,--,34,10642,卖盘
474,14:16:26,3.13,--,87,27231,卖盘
475,14:16:21,3.13,--,214,66982,卖盘
476,14:16:16,3.13,--,452,141770,卖盘
477,14:16:11,3.13,-0.01,158,49454,卖盘
478,14:16:06,3.14,0.01,2,628,买盘
479,14:16:01,3.13,--,105,32865,卖盘
480,14:15:56,3.13,--,64,20032,卖盘
481,14:15:51,3.13,--,136,42568,卖盘
482,14:15:46,3.13,--,313,98225,卖盘
483,14:15:41,3.13,--,109,34117,卖盘
484,14:15:36,3.13,--,21,6573,卖盘
485,14:15:26,3.13,-0.01,227,71051,卖盘
486,14:15:21,3.14,0.01,435,136882,买盘
487,14:15:16,3.13,--,1,313,卖盘
488,14:15:11,3.13,--,136,42568,卖盘
489,14:15:06,3.13,-0.01,160,50080,卖盘
490,14:15:01,3.14,0.01,2,628,买盘
491,14:14:56,3.13,--,240,75120,卖盘
492,14:14:51,3.13,--,137,42881,卖盘
493,14:14:41,3.13,--,894,280081,卖盘
494,14:14:36,3.13,--,58,18154,卖盘
495,14:14:31,3.13,--,50,15650,卖盘
496,14:14:26,3.13,-0.01,300,93900,卖盘
497,14:14:21,3.14,0.01,24,7536,买盘
498,14:14:16,3.13,--,406,127372,卖盘
499,14:14:11,3.13,--,201,62913,卖盘
500,14:14:06,3.13,-0.01,165,51645,卖盘
501,14:13:56,3.14,0.01,85,26690,买盘
502,14:13:50,3.13,-0.01,178,55714,卖盘
503,14:13:46,3.14,0.01,109,34483,买盘
504,14:13:41,3.13,--,426,133338,卖盘
505,14:13:35,3.13,--,224,70112,卖盘
506,14:13:31,3.13,--,340,106420,卖盘
507,14:13:26,3.13,--,148,46324,卖盘
508,14:13:20,3.13,--,239,74807,卖盘
509,14:13:16,3.13,-0.01,400,125491,卖盘
510,14:13:10,3.14,0.01,89,27946,买盘
511,14:12:56,3.13,--,94,29422,卖盘
512,14:12:50,3.13,-0.01,314,98538,卖盘
513,14:12:46,3.14,--,5,1570,买盘
514,14:12:41,3.14,--,357,112098,买盘
515,14:12:35,3.14,0.01,100,31400,买盘
516,14:12:26,3.13,--,80,25040,卖盘
517,14:12:20,3.13,-0.01,366,114558,卖盘
518,14:12:15,3.14,0.01,11,3454,买盘
519,14:12:11,3.13,--,523,163993,卖盘
520,14:12:05,3.13,--,73,22849,卖盘
521,14:11:56,3.13,-0.01,171,53779,卖盘
522,14:11:50,3.14,--,126,39564,买盘
523,14:11:45,3.14,--,15,4710,买盘
524,14:11:40,3.14,0.01,356,111784,买盘
525,14:11:35,3.13,--,147,46011,卖盘
526,14:11:25,3.13,--,424,132712,卖盘
527,14:11:20,3.13,--,703,220330,卖盘
528,14:11:15,3.13,-0.01,1,313,卖盘
529,14:11:10,3.14,0.01,108,33912,买盘
530,14:11:05,3.13,--,1,313,卖盘
531,14:10:55,3.13,--,124,38812,卖盘
532,14:10:50,3.13,-0.01,288,90403,卖盘
533,14:10:40,3.14,--,348,109272,买盘
534,14:10:35,3.14,0.01,81,25434,买盘
535,14:10:25,3.13,--,832,260416,卖盘
536,14:10:20,3.13,-0.01,1687,528325,卖盘
537,14:10:10,3.14,0.01,90,28260,买盘
538,14:10:05,3.13,--,387,121131,卖盘
539,14:09:55,3.13,--,747,233811,卖盘
540,14:09:50,3.13,-0.01,2298,719530,卖盘
541,14:09:40,3.14,0.01,301,94517,买盘
542,14:09:35,3.13,--,37,11581,卖盘
543,14:09:25,3.13,-0.01,257,80441,卖盘
544,14:09:20,3.14,0.01,34,10676,买盘
545,14:09:15,3.13,--,500,156791,卖盘
546,14:09:10,3.13,-0.01,124,38812,卖盘
547,14:09:05,3.14,0.01,56,17584,买盘
548,14:08:55,3.13,--,282,88266,卖盘
549,14:08:50,3.13,-0.01,670,209966,卖盘
550,14:08:45,3.14,--,319,100166,买盘
551,14:08:40,3.14,--,89,27946,买盘
552,14:08:35,3.14,--,43,13502,买盘
553,14:08:30,3.14,0.01,2,628,买盘
554,14:08:25,3.13,--,375,117375,卖盘
555,14:08:20,3.13,--,41,12833,卖盘
556,14:08:10,3.13,--,900,281994,卖盘
557,14:08:05,3.13,--,468,146740,卖盘
558,14:08:00,3.13,-0.01,106,33178,卖盘
559,14:07:55,3.14,0.01,153,48042,买盘
560,14:07:50,3.13,--,341,106733,卖盘
561,14:07:45,3.13,-0.01,616,192808,卖盘
562,14:07:40,3.14,0.01,90,28260,买盘
563,14:07:35,3.13,-0.01,23,7199,卖盘
564,14:07:25,3.14,0.01,4,1256,买盘
565,14:07:20,3.13,--,241,75433,卖盘
566,14:07:15,3.13,--,432,135507,卖盘
567,14:07:10,3.13,--,96,30048,卖盘
568,14:07:04,3.13,-0.01,317,99477,卖盘
569,14:07:00,3.14,0.01,486,152604,买盘
570,14:06:50,3.13,-0.01,226,70738,卖盘
571,14:06:45,3.14,--,577,181178,买盘
572,14:06:40,3.14,0.01,146,45844,买盘
573,14:06:35,3.13,-0.01,664,207832,卖盘
574,14:06:30,3.14,0.01,226,70964,买盘
575,14:06:20,3.13,--,544,170272,卖盘
576,14:06:14,3.13,-0.01,498,156168,卖盘
577,14:06:10,3.14,0.01,90,28260,买盘
578,14:06:05,3.13,--,190,59729,卖盘
579,14:05:59,3.13,--,50,15650,卖盘
580,14:05:54,3.13,-0.01,33,10526,卖盘
581,14:05:49,3.14,--,139,43646,买盘
582,14:05:44,3.14,--,215,67510,买盘
583,14:05:39,3.14,0.01,89,27946,买盘
584,14:05:35,3.13,--,24,7512,卖盘
585,14:05:24,3.13,--,1,313,卖盘
586,14:05:19,3.13,--,243,76059,卖盘
587,14:05:14,3.13,-0.01,431,135194,卖盘
588,14:05:09,3.14,0.01,102,32028,买盘
589,14:05:04,3.13,--,83,25979,卖盘
590,14:04:59,3.13,--,39,12463,卖盘
591,14:04:54,3.13,--,49,15337,卖盘
592,14:04:49,3.13,-0.01,153,47889,卖盘
593,14:04:44,3.14,--,217,68138,买盘
594,14:04:39,3.14,0.01,129,40506,买盘
595,14:04:34,3.13,--,41,12833,卖盘
596,14:04:29,3.13,--,7,2191,卖盘
597,14:04:24,3.13,--,12,3756,卖盘
598,14:04:19,3.13,--,247,77311,卖盘
599,14:04:14,3.13,-0.01,411,128937,卖盘
600,14:04:09,3.14,0.01,90,28260,买盘
601,14:04:04,3.13,-0.01,71,22479,卖盘
602,14:03:59,3.14,0.01,22,6908,买盘
603,14:03:54,3.13,--,13,4069,卖盘
604,14:03:49,3.13,--,141,44133,卖盘
605,14:03:44,3.13,-0.01,225,70425,卖盘
606,14:03:39,3.14,0.01,89,27946,买盘
607,14:03:34,3.13,--,232,72616,卖盘
608,14:03:19,3.13,--,628,196564,卖盘
609,14:03:14,3.13,-0.01,401,125804,卖盘
610,14:03:09,3.14,0.01,89,27946,买盘
611,14:03:04,3.13,--,69,21853,卖盘
612,14:02:59,3.13,-0.01,135,42255,卖盘
613,14:02:54,3.14,0.01,31,9734,买盘
614,14:02:49,3.13,--,283,88579,卖盘
615,14:02:44,3.13,-0.01,476,148988,卖盘
616,14:02:39,3.14,--,90,28260,买盘
617,14:02:34,3.14,--,592,185888,买盘
618,14:02:24,3.14,0.01,110,34540,买盘
619,14:02:19,3.13,--,292,91396,卖盘
620,14:02:14,3.13,-0.01,411,128937,卖盘
621,14:02:09,3.14,0.01,128,40452,买盘
622,14:02:04,3.13,--,99,30987,卖盘
623,14:01:59,3.13,-0.01,289,90457,卖盘
624,14:01:49,3.14,0.01,347,108958,买盘
625,14:01:44,3.13,-0.01,498,155874,卖盘
626,14:01:39,3.14,--,120,37680,买盘
627,14:01:34,3.14,--,279,87606,买盘
628,14:01:29,3.14,0.01,1,314,买盘
629,14:01:19,3.13,--,258,80754,卖盘
630,14:01:14,3.13,-0.01,400,125491,卖盘
631,14:01:09,3.14,0.01,89,27946,买盘
632,14:01:04,3.13,--,51,16219,卖盘
633,14:00:59,3.13,-0.01,13,4069,卖盘
634,14:00:49,3.14,0.01,19,5966,买盘
635,14:00:44,3.13,-0.01,160,50080,卖盘
636,14:00:39,3.14,--,320,100480,买盘
637,14:00:34,3.14,0.01,219,68766,买盘
638,14:00:28,3.13,--,473,148049,卖盘
639,14:00:24,3.13,-0.01,157,49141,卖盘
640,14:00:19,3.14,0.01,405,127465,买盘
641,14:00:14,3.13,-0.01,159,49767,卖盘
642,14:00:09,3.14,0.01,129,40763,买盘
643,14:00:04,3.13,--,18,5634,卖盘
644,13:59:58,3.13,--,17,5427,卖盘
645,13:59:54,3.13,-0.01,51,15963,卖盘
646,13:59:49,3.14,--,59,18526,买盘
647,13:59:43,3.14,--,20,6280,买盘
648,13:59:39,3.14,--,210,65940,买盘
649,13:59:28,3.14,--,245,76930,买盘
650,13:59:24,3.14,--,23,7222,买盘
651,13:59:18,3.14,0.01,69,21666,买盘
652,13:59:13,3.13,--,91,28483,卖盘
653,13:59:09,3.13,--,158,49454,卖盘
654,13:59:03,3.13,--,21,6573,卖盘
655,13:58:58,3.13,-0.01,235,73555,卖盘
656,13:58:54,3.14,0.01,8,2512,买盘
657,13:58:48,3.13,--,474,148362,卖盘
658,13:58:43,3.13,-0.01,1,313,卖盘
659,13:58:38,3.14,0.01,779,244606,买盘
660,13:58:33,3.13,-0.01,40,12520,卖盘
661,13:58:28,3.14,0.01,816,256224,买盘
662,13:58:23,3.13,--,100,31300,卖盘
663,13:58:18,3.13,-0.01,140,43820,卖盘
664,13:58:13,3.14,--,2,628,买盘
665,13:58:08,3.14,--,283,88862,买盘
666,13:57:58,3.14,--,174,54636,买盘
667,13:57:53,3.14,--,73,22922,买盘
668,13:57:48,3.14,0.01,5,1570,买盘
669,13:57:43,3.13,-0.01,351,109863,卖盘
670,13:57:38,3.14,--,130,40820,买盘
671,13:57:33,3.14,--,730,229220,买盘
672,13:57:28,3.14,0.01,411,129054,买盘
673,13:57:23,3.13,--,10,3130,卖盘
674,13:57:18,3.13,--,720,225360,卖盘
675,13:57:13,3.13,-0.01,2,626,卖盘
676,13:57:08,3.14,0.01,89,27946,买盘
677,13:56:58,3.13,-0.01,253,79189,卖盘
678,13:56:53,3.14,--,476,149464,买盘
679,13:56:48,3.14,0.01,2,628,买盘
680,13:56:43,3.13,-0.01,1148,359324,卖盘
681,13:56:38,3.14,0.01,202,63428,买盘
682,13:56:33,3.13,-0.01,336,105168,卖盘
683,13:56:28,3.14,0.01,220,69080,买盘
684,13:56:23,3.13,--,998,312374,卖盘
685,13:56:18,3.13,--,118,36934,卖盘
686,13:56:08,3.13,--,302,94526,卖盘
687,13:55:58,3.13,--,170,53210,卖盘
688,13:55:53,3.13,--,173,54149,卖盘
689,13:55:47,3.13,--,352,110176,卖盘
690,13:55:43,3.13,-0.01,349,109237,卖盘
691,13:55:38,3.14,--,295,92630,买盘
692,13:55:32,3.14,--,10,3140,买盘
693,13:55:28,3.14,--,575,180550,买盘
694,13:55:23,3.14,--,477,149778,买盘
695,13:55:18,3.14,--,12,3768,买盘
696,13:55:13,3.14,--,159,49926,买盘
697,13:55:08,3.14,0.01,1210,379940,买盘
698,13:55:02,3.13,-0.01,265,82945,卖盘
699,13:54:58,3.14,0.01,98,30772,买盘
700,13:54:53,3.13,--,776,242888,卖盘
701,13:54:43,3.13,-0.01,107,33491,卖盘
702,13:54:38,3.14,0.01,350,109900,买盘
703,13:54:33,3.13,--,1,313,卖盘
704,13:54:28,3.13,-0.01,332,103916,卖盘
705,13:54:23,3.14,--,142,44588,买盘
706,13:54:17,3.14,--,229,71906,买盘
707,13:54:13,3.14,--,62,19468,买盘
708,13:54:08,3.14,0.01,125,39250,买盘
709,13:54:03,3.13,--,100,31300,卖盘
710,13:53:53,3.13,-0.01,197,61661,卖盘
711,13:53:38,3.14,--,599,188086,买盘
712,13:53:33,3.14,0.01,25,7850,买盘
713,13:53:28,3.13,-0.01,167,52271,卖盘
714,13:53:23,3.14,--,627,196878,卖盘
715,13:53:18,3.14,--,160,50240,卖盘
716,13:53:12,3.14,-0.01,88,27632,买盘
717,13:53:08,3.15,0.02,520,163800,买盘
718,13:53:03,3.13,-0.01,954,298602,卖盘
719,13:52:56,3.14,--,14,4396,卖盘
720,13:52:52,3.14,--,289,90746,卖盘
721,13:52:48,3.14,--,231,72534,卖盘
722,13:52:41,3.14,--,113,35482,卖盘
723,13:52:37,3.14,--,372,116808,卖盘
724,13:52:33,3.14,0.01,603,189342,中性盘
725,13:52:26,3.13,--,78,24414,卖盘
726,13:52:22,3.13,-0.01,1202,376226,卖盘
727,13:52:17,3.14,--,153,48042,卖盘
728,13:52:11,3.14,--,880,276320,卖盘
729,13:52:07,3.14,--,236,74104,卖盘
730,13:52:03,3.14,-0.01,475,149150,卖盘
731,13:51:57,3.15,--,52,16380,买盘
732,13:51:52,3.15,0.01,865,272475,买盘
733,13:51:47,3.14,--,109,34226,卖盘
734,13:51:42,3.14,--,30,9420,卖盘
735,13:51:37,3.14,--,346,108644,卖盘
736,13:51:33,3.14,--,49,15386,卖盘
737,13:51:26,3.14,--,306,96084,卖盘
738,13:51:22,3.14,--,95,29830,卖盘
739,13:51:17,3.14,--,909,285426,卖盘
740,13:51:12,3.14,-0.01,253,79442,卖盘
741,13:51:07,3.15,0.01,159,50085,买盘
742,13:51:02,3.14,0.01,170,53380,卖盘
743,13:50:56,3.13,-0.02,220,68860,卖盘
744,13:50:52,3.15,0.02,103,32445,买盘
745,13:50:47,3.13,--,567,177471,卖盘
746,13:50:37,3.13,-0.01,1395,436635,卖盘
747,13:50:32,3.14,-0.01,1,314,卖盘
748,13:50:27,3.15,0.01,466,146790,买盘
749,13:50:22,3.14,--,10,3140,卖盘
750,13:50:17,3.14,0.01,476,149464,中性盘
751,13:50:11,3.13,--,18,5634,卖盘
752,13:50:07,3.13,-0.01,872,272936,卖盘
753,13:50:02,3.14,-0.01,52,16328,卖盘
754,13:49:56,3.15,0.01,51,16065,买盘
755,13:49:52,3.14,--,59,18526,卖盘
756,13:49:47,3.14,--,123,38622,卖盘
757,13:49:41,3.14,-0.01,50,15700,卖盘
758,13:49:37,3.15,0.01,366,115290,买盘
759,13:49:32,3.14,--,118,37052,卖盘
760,13:49:22,3.14,-0.01,16,5024,卖盘
761,13:49:17,3.15,0.01,766,241290,买盘
762,13:49:11,3.14,--,85,26690,卖盘
763,13:49:07,3.14,--,3731,1171534,卖盘
764,13:49:02,3.14,--,66,20724,卖盘
765,13:48:52,3.14,-0.01,895,281030,卖盘
766,13:48:47,3.15,0.01,83,26145,买盘
767,13:48:41,3.14,-0.01,11,3454,卖盘
768,13:48:37,3.15,--,261,82215,买盘
769,13:48:32,3.15,0.01,3,945,买盘
770,13:48:22,3.14,-0.01,958,300812,卖盘
771,13:48:17,3.15,0.01,20,6300,买盘
772,13:48:11,3.14,-0.01,12,3768,卖盘
773,13:48:07,3.15,--,295,92925,买盘
774,13:48:02,3.15,--,156,49140,买盘
775,13:47:56,3.15,0.01,3,945,买盘
776,13:47:52,3.14,--,278,87292,卖盘
777,13:47:47,3.14,-0.01,47,14758,卖盘
778,13:47:41,3.15,--,33,10395,买盘
779,13:47:37,3.15,--,220,69300,买盘
780,13:47:32,3.15,0.01,241,75915,买盘
781,13:47:26,3.14,-0.01,1005,315570,卖盘
782,13:47:22,3.15,0.01,422,132930,买盘
783,13:47:17,3.14,-0.01,161,50554,卖盘
784,13:47:11,3.15,--,1161,365715,买盘
785,13:46:56,3.15,--,84,26460,买盘
786,13:46:52,3.15,0.01,7,2205,买盘
787,13:46:41,3.14,-0.01,2,628,卖盘
788,13:46:37,3.15,0.01,215,67725,买盘
789,13:46:32,3.14,-0.01,680,213520,卖盘
790,13:46:26,3.15,0.01,10,3150,买盘
791,13:46:22,3.14,--,12,3768,卖盘
792,13:46:17,3.14,--,94,29516,卖盘
793,13:46:11,3.14,--,6,1884,卖盘
794,13:46:07,3.14,-0.01,116,36424,卖盘
795,13:45:56,3.15,0.01,3,945,买盘
796,13:45:52,3.14,--,15,4710,卖盘
797,13:45:46,3.14,--,22,6908,卖盘
798,13:45:41,3.14,-0.01,23,7222,卖盘
799,13:45:37,3.15,--,11,3465,买盘
800,13:45:31,3.15,--,686,216090,买盘
801,13:45:26,3.15,0.01,54,17010,买盘
802,13:45:20,3.14,--,61,19154,卖盘
803,13:45:16,3.14,--,20,6280,卖盘
804,13:45:11,3.14,-0.01,20,6280,卖盘
805,13:45:05,3.15,0.01,569,179235,买盘
806,13:44:56,3.14,-0.01,15,4710,卖盘
807,13:44:46,3.15,0.01,417,131355,买盘
808,13:44:41,3.14,-0.01,780,244920,卖盘
809,13:44:35,3.15,--,888,279720,买盘
810,13:44:31,3.15,--,215,67725,买盘
811,13:44:26,3.15,0.01,27,8505,买盘
812,13:44:16,3.14,--,90,28260,卖盘
813,13:44:05,3.14,-0.01,819,257166,卖盘
814,13:44:01,3.15,0.01,323,101745,买盘
815,13:43:56,3.14,--,20,6280,卖盘
816,13:43:41,3.14,--,66,20724,卖盘
817,13:43:35,3.14,-0.01,10,3140,卖盘
818,13:43:31,3.15,0.01,307,96705,买盘
819,13:43:26,3.14,--,657,206298,卖盘
820,13:43:16,3.14,--,2303,723142,卖盘
821,13:43:11,3.14,--,671,210694,卖盘
822,13:43:01,3.14,--,4,1256,卖盘
823,13:42:56,3.14,--,63,19782,卖盘
824,13:42:50,3.14,--,834,261876,卖盘
825,13:42:46,3.14,--,1205,378370,买盘
826,13:42:41,3.14,--,3,942,买盘
827,13:42:31,3.14,--,1038,325932,买盘
828,13:42:20,3.14,--,10,3140,买盘
829,13:42:16,3.14,--,25,7850,买盘
830,13:42:10,3.14,0.01,263,82582,买盘
831,13:42:01,3.13,-0.01,337,105481,卖盘
832,13:41:56,3.14,--,40,12560,买盘
833,13:41:46,3.14,--,103,32342,买盘
834,13:41:41,3.14,--,98,30772,买盘
835,13:41:31,3.14,--,499,156686,买盘
836,13:41:26,3.14,--,54,16956,买盘
837,13:41:20,3.14,--,7,2198,买盘
838,13:41:16,3.14,--,7,2198,买盘
839,13:41:05,3.14,--,4879,1532006,买盘
840,13:41:01,3.14,--,109,34226,买盘
841,13:40:56,3.14,0.01,50,15700,买盘
842,13:40:50,3.13,--,0,0,卖盘
843,13:40:46,3.13,-0.01,673,210649,卖盘
844,13:40:41,3.14,0.01,62,19468,卖盘
845,13:40:31,3.13,--,528,165264,卖盘
846,13:40:26,3.13,-0.01,690,215970,卖盘
847,13:40:20,3.14,--,2,628,卖盘
848,13:40:16,3.14,--,62,19468,卖盘
849,13:40:11,3.14,-0.01,248,77872,中性盘
850,13:40:01,3.15,0.01,6429,2025135,买盘
851,13:39:56,3.14,--,50,15700,买盘
852,13:39:50,3.14,--,9,2826,买盘
853,13:39:41,3.14,--,488,153232,买盘
854,13:39:35,3.14,--,55,17270,买盘
855,13:39:31,3.14,--,42,13188,买盘
856,13:39:25,3.14,--,815,255910,买盘
857,13:39:20,3.14,--,32,10048,买盘
858,13:39:16,3.14,--,42,13188,买盘
859,13:39:05,3.14,--,127,39878,买盘
860,13:38:56,3.14,0.01,3,942,买盘
861,13:38:50,3.13,-0.01,18,5634,卖盘
862,13:38:40,3.14,--,2,628,买盘
863,13:38:31,3.14,0.01,219,68766,买盘
864,13:38:26,3.13,-0.01,698,218480,卖盘
865,13:38:20,3.14,--,9396,2950651,买盘
866,13:38:15,3.14,--,8,2512,买盘
867,13:38:05,3.14,--,1,314,买盘
868,13:37:56,3.14,--,69,21666,买盘
869,13:37:50,3.14,0.01,5,1570,买盘
870,13:37:45,3.13,--,12,3756,卖盘
871,13:37:40,3.13,-0.01,683,213779,卖盘
872,13:37:25,3.14,0.01,3744,1175616,买盘
873,13:37:20,3.13,--,74,23162,卖盘
874,13:37:14,3.13,--,1,313,卖盘
875,13:37:10,3.13,--,82,25666,卖盘
876,13:36:55,3.13,-0.01,1061,332093,卖盘
877,13:36:50,3.14,0.01,85,26690,买盘
878,13:36:44,3.13,--,12,3756,卖盘
879,13:36:40,3.13,--,12,3756,卖盘
880,13:36:35,3.13,--,83,25979,卖盘
881,13:36:29,3.13,--,220,68860,卖盘
882,13:36:25,3.13,-0.01,728,227864,卖盘
883,13:36:20,3.14,--,13,4082,买盘
884,13:36:14,3.14,0.01,2,628,买盘
885,13:36:10,3.13,--,122,38186,卖盘
886,13:36:05,3.13,--,396,123948,卖盘
887,13:35:59,3.13,--,202,63226,卖盘
888,13:35:50,3.13,--,83,25979,卖盘
889,13:35:44,3.13,--,332,103916,卖盘
890,13:35:40,3.13,-0.01,768,240384,卖盘
891,13:35:29,3.14,--,480,150720,买盘
892,13:35:25,3.14,--,231,72534,买盘
893,13:35:19,3.14,--,86,27004,买盘
894,13:35:14,3.14,0.01,18,5652,买盘
895,13:35:10,3.13,-0.01,73,22849,卖盘
896,13:35:04,3.14,--,28,8792,买盘
897,13:34:55,3.14,0.01,1153,362042,买盘
898,13:34:44,3.13,-0.01,75,23475,卖盘
899,13:34:40,3.14,--,43,13502,买盘
900,13:34:34,3.14,0.01,20,6280,买盘
901,13:34:29,3.13,-0.01,85,26605,卖盘
902,13:34:25,3.14,--,212,66568,买盘
903,13:34:19,3.14,0.01,14,4396,买盘
904,13:34:14,3.13,-0.01,88,27544,卖盘
905,13:34:10,3.14,0.01,844,265016,买盘
906,13:33:55,3.13,--,75,23475,卖盘
907,13:33:44,3.13,--,78,24414,卖盘
908,13:33:40,3.13,--,1,313,卖盘
909,13:33:34,3.13,-0.01,1049,328337,卖盘
910,13:33:25,3.14,--,292,91688,买盘
911,13:33:19,3.14,0.01,995,312430,买盘
912,13:33:14,3.13,--,1,313,卖盘
913,13:33:10,3.13,--,181,56653,卖盘
914,13:33:04,3.13,--,12,3756,卖盘
915,13:32:59,3.13,--,94,29422,卖盘
916,13:32:54,3.13,--,883,276379,卖盘
917,13:32:49,3.13,-0.01,96,30048,卖盘
918,13:32:40,3.14,--,508,159512,买盘
919,13:32:34,3.14,0.01,185,58090,买盘
920,13:32:29,3.13,-0.01,191,59783,卖盘
921,13:32:25,3.14,0.01,293,92002,买盘
922,13:32:19,3.13,--,88,27544,卖盘
923,13:32:10,3.13,-0.01,742,232246,卖盘
924,13:32:04,3.14,0.01,748,234872,买盘
925,13:31:59,3.13,--,1000,313000,卖盘
926,13:31:55,3.13,-0.01,178,55714,卖盘
927,13:31:49,3.14,0.01,105,32970,买盘
928,13:31:39,3.13,--,742,232246,卖盘
929,13:31:34,3.13,-0.01,1573,492349,卖盘
930,13:31:29,3.14,--,96,30144,买盘
931,13:31:24,3.14,--,1690,530660,买盘
932,13:31:19,3.14,0.01,4989,1566546,买盘
933,13:31:14,3.13,--,231,72303,卖盘
934,13:31:09,3.13,-0.01,75,23475,卖盘
935,13:31:04,3.14,--,972,305208,买盘
936,13:30:59,3.14,0.01,186,58404,买盘
937,13:30:54,3.13,--,1173,367149,卖盘
938,13:30:49,3.13,-0.01,398,124574,卖盘
939,13:30:44,3.14,0.01,1062,333468,买盘
940,13:30:39,3.13,-0.01,81,25353,卖盘
941,13:30:34,3.14,--,3,942,买盘
942,13:30:24,3.14,--,319,100166,买盘
943,13:30:19,3.14,0.01,18,5652,买盘
944,13:30:14,3.13,--,1086,339918,卖盘
945,13:30:09,3.13,-0.01,1176,368088,卖盘
946,13:30:04,3.14,--,323,101422,买盘
947,13:29:54,3.14,--,189,59346,买盘
948,13:29:49,3.14,0.01,16,5024,买盘
949,13:29:39,3.13,--,107,33491,卖盘
950,13:29:34,3.13,--,962,301106,卖盘
951,13:29:29,3.13,-0.01,290,90770,卖盘
952,13:29:23,3.14,0.01,6,1884,买盘
953,13:29:19,3.13,--,76,23788,卖盘
954,13:29:14,3.13,--,1,313,卖盘
955,13:29:04,3.13,--,1742,545246,卖盘
956,13:28:59,3.13,-0.01,133,41629,卖盘
957,13:28:53,3.14,0.01,5,1570,买盘
958,13:28:49,3.13,-0.01,291,91083,卖盘
959,13:28:44,3.14,0.01,3,942,买盘
960,13:28:34,3.13,-0.01,1324,414412,卖盘
961,13:28:29,3.14,--,1312,411968,买盘
962,13:28:19,3.14,0.01,8,2512,买盘
963,13:28:04,3.13,-0.01,1008,315504,卖盘
964,13:27:59,3.14,0.01,946,297044,买盘
965,13:27:53,3.13,-0.01,315,98595,卖盘
966,13:27:49,3.14,--,692,217344,卖盘
967,13:27:43,3.14,--,81,25434,卖盘
968,13:27:38,3.14,--,264,82896,卖盘
969,13:27:34,3.14,--,1040,326560,卖盘
970,13:27:28,3.14,--,11026,3462164,卖盘
971,13:27:19,3.14,--,36,11304,卖盘
972,13:27:13,3.14,-0.01,131,41134,卖盘
973,13:27:08,3.15,0.01,18,5670,买盘
974,13:27:04,3.14,--,100,31400,卖盘
975,13:26:58,3.14,-0.01,100,31400,卖盘
976,13:26:53,3.15,--,543,171045,买盘
977,13:26:49,3.15,0.01,6,1890,买盘
978,13:26:43,3.14,-0.01,15,4710,卖盘
979,13:26:38,3.15,--,10,3150,买盘
980,13:26:34,3.15,--,3,945,买盘
981,13:26:28,3.15,0.01,212,66780,买盘
982,13:26:23,3.14,--,116,36424,卖盘
983,13:26:19,3.14,-0.01,2,628,卖盘
984,13:26:13,3.15,0.01,3,945,买盘
985,13:26:08,3.14,--,20,6280,卖盘
986,13:25:58,3.14,--,211,66254,卖盘
987,13:25:53,3.14,-0.01,100,31400,卖盘
988,13:25:48,3.15,--,18,5670,买盘
989,13:25:38,3.15,--,102,32130,买盘
990,13:25:28,3.15,0.01,1177,370755,买盘
991,13:25:23,3.14,-0.01,131,41134,卖盘
992,13:25:18,3.15,0.01,239,75285,买盘
993,13:25:13,3.14,-0.01,1,314,卖盘
994,13:25:08,3.15,0.01,37,11655,买盘
995,13:25:03,3.14,--,3,942,卖盘
996,13:24:58,3.14,--,100,31400,卖盘
997,13:24:53,3.14,--,100,31400,卖盘
998,13:24:48,3.14,-0.01,25,7850,卖盘
999,13:24:38,3.15,0.01,141,44415,买盘
1000,13:24:33,3.14,-0.01,4,1256,卖盘
1001,13:24:28,3.15,0.01,215,67725,买盘
1002,13:24:23,3.14,-0.01,100,31400,卖盘
1003,13:24:18,3.15,0.01,29,9135,买盘
1004,13:24:13,3.14,-0.01,100,31400,卖盘
1005,13:24:08,3.15,0.01,39,12285,买盘
1006,13:24:03,3.14,--,165,51810,卖盘
1007,13:23:58,3.14,--,180,56520,卖盘
1008,13:23:53,3.14,--,101,31714,卖盘
1009,13:23:48,3.14,-0.01,4,1256,卖盘
1010,13:23:38,3.15,0.01,90,28350,买盘
1011,13:23:33,3.14,-0.01,1000,314000,卖盘
1012,13:23:28,3.15,0.01,216,68040,买盘
1013,13:23:23,3.14,-0.01,150,47100,卖盘
1014,13:23:18,3.15,0.01,193,60795,买盘
1015,13:23:13,3.14,-0.01,113,35482,卖盘
1016,13:23:08,3.15,0.01,39,12285,买盘
1017,13:23:03,3.14,--,12,3768,卖盘
1018,13:22:53,3.14,--,100,31400,卖盘
1019,13:22:48,3.14,--,200,62800,卖盘
1020,13:22:33,3.14,-0.01,2013,632082,卖盘
1021,13:22:28,3.15,--,215,67725,买盘
1022,13:22:23,3.15,--,6,1890,买盘
1023,13:22:18,3.15,0.01,308,97020,买盘
1024,13:22:13,3.14,--,41,12874,卖盘
1025,13:22:03,3.14,-0.01,12,3768,卖盘
1026,13:21:58,3.15,--,11,3465,买盘
1027,13:21:53,3.15,--,1,315,买盘
1028,13:21:48,3.15,0.01,106,33390,买盘
1029,13:21:43,3.14,--,117,36738,卖盘
1030,13:21:32,3.14,-0.01,5914,1856996,卖盘
1031,13:21:28,3.15,0.01,219,68985,买盘
1032,13:21:23,3.14,--,21,6594,卖盘
1033,13:21:17,3.14,--,8,2512,卖盘
1034,13:21:13,3.14,--,403,126542,卖盘
1035,13:21:08,3.14,-0.01,25,7850,卖盘
1036,13:20:53,3.15,0.01,9,2835,买盘
1037,13:20:43,3.14,--,50,15700,卖盘
1038,13:20:38,3.14,--,3,942,卖盘
1039,13:20:28,3.14,--,228,71592,卖盘
1040,13:20:23,3.14,--,29,9106,卖盘
1041,13:20:17,3.14,--,7,2198,卖盘
1042,13:20:13,3.14,--,26,8164,卖盘
1043,13:20:02,3.14,--,89,27946,卖盘
1044,13:19:58,3.14,-0.01,39,12246,卖盘
1045,13:19:53,3.15,0.01,647,203805,买盘
1046,13:19:37,3.14,-0.01,2001,628314,卖盘
1047,13:19:28,3.15,0.01,212,66780,买盘
1048,13:19:22,3.14,--,3,942,卖盘
1049,13:19:17,3.14,--,12,3768,卖盘
1050,13:19:13,3.14,-0.01,2,628,卖盘
1051,13:19:07,3.15,0.01,670,211050,买盘
1052,13:18:52,3.14,-0.01,218,68452,卖盘
1053,13:18:47,3.15,--,390,122850,买盘
1054,13:18:37,3.15,--,182,57330,买盘
1055,13:18:32,3.15,--,32,10080,买盘
1056,13:18:27,3.15,0.01,219,68985,买盘
1057,13:18:22,3.14,-0.01,180,56520,卖盘
1058,13:18:17,3.15,--,30,9450,买盘
1059,13:18:02,3.15,--,39,12285,买盘
1060,13:17:57,3.15,--,1000,315000,买盘
1061,13:17:52,3.15,0.01,2,630,买盘
1062,13:17:47,3.14,--,101,31714,卖盘
1063,13:17:42,3.14,--,141,44274,卖盘
1064,13:17:37,3.14,--,5,1570,卖盘
1065,13:17:27,3.14,--,246,77244,卖盘
1066,13:17:22,3.14,--,1356,425784,卖盘
1067,13:17:17,3.14,--,7,2198,卖盘
1068,13:17:12,3.14,--,1,314,卖盘
1069,13:17:07,3.14,--,100,31400,卖盘
1070,13:17:02,3.14,-0.01,39,12246,卖盘
1071,13:16:57,3.15,0.01,52,16380,买盘
1072,13:16:52,3.14,--,25,7850,卖盘
1073,13:16:42,3.14,-0.01,100,31400,卖盘
1074,13:16:27,3.15,0.01,272,85680,买盘
1075,13:16:22,3.14,--,626,196564,卖盘
1076,13:16:17,3.14,--,130,40820,卖盘
1077,13:16:07,3.14,-0.01,80,25120,卖盘
1078,13:16:02,3.15,--,30,9450,买盘
1079,13:15:57,3.15,0.01,27,8505,买盘
1080,13:15:52,3.14,--,4,1256,卖盘
1081,13:15:47,3.14,-0.01,191,59974,卖盘
1082,13:15:42,3.15,--,112,35280,买盘
1083,13:15:32,3.15,--,1,315,买盘
1084,13:15:27,3.15,--,29,9135,买盘
1085,13:15:22,3.15,--,898,282870,买盘
1086,13:15:17,3.15,0.01,6,1890,买盘
1087,13:15:12,3.14,-0.01,85,26690,卖盘
1088,13:15:07,3.15,0.01,61,19215,买盘
1089,13:15:02,3.14,-0.01,5,1570,卖盘
1090,13:14:57,3.15,--,67,21105,买盘
1091,13:14:52,3.15,0.01,176,55440,买盘
1092,13:14:47,3.14,--,1000,314000,卖盘
1093,13:14:42,3.14,--,10,3140,卖盘
1094,13:14:37,3.14,--,553,173642,卖盘
1095,13:14:32,3.14,--,120,37680,卖盘
1096,13:14:26,3.14,-0.01,64,20096,卖盘
1097,13:14:22,3.15,0.01,284,89460,买盘
1098,13:14:17,3.14,--,56,17584,卖盘
1099,13:14:12,3.14,-0.01,208,65312,卖盘
1100,13:14:07,3.15,--,121,38115,买盘
1101,13:13:57,3.15,--,343,108045,买盘
1102,13:13:52,3.15,0.01,3524,1110060,买盘
1103,13:13:47,3.14,-0.01,8020,2518280,卖盘
1104,13:13:37,3.15,0.01,1904,599760,买盘
1105,13:13:32,3.14,--,55,17270,卖盘
1106,13:13:26,3.14,--,217,68138,卖盘
1107,13:13:22,3.14,--,30,9420,卖盘
1108,13:13:17,3.14,-0.01,19,5966,卖盘
1109,13:12:52,3.15,0.01,47,14805,买盘
1110,13:12:47,3.14,--,39,12246,卖盘
1111,13:12:37,3.14,--,5,1570,卖盘
1112,13:12:32,3.14,-0.01,20,6280,卖盘
1113,13:12:25,3.15,--,216,68040,买盘
1114,13:12:22,3.15,0.01,60,18900,买盘
1115,13:12:17,3.14,--,48,15072,卖盘
1116,13:12:11,3.14,--,2,628,卖盘
1117,13:12:07,3.14,--,49,15386,卖盘
1118,13:12:02,3.14,--,40,12560,卖盘
1119,13:11:52,3.14,--,10,3140,卖盘
1120,13:11:47,3.14,--,12,3768,卖盘
1121,13:11:37,3.14,--,30,9420,卖盘
1122,13:11:31,3.14,--,39,12246,卖盘
1123,13:11:26,3.14,-0.01,92,28888,卖盘
1124,13:11:22,3.15,0.01,226,71190,买盘
1125,13:11:16,3.14,--,742,232988,卖盘
1126,13:11:11,3.14,--,210,65940,卖盘
1127,13:11:06,3.14,-0.01,18,5652,卖盘
1128,13:10:46,3.15,--,1,315,买盘
1129,13:10:41,3.15,0.01,1,315,买盘
1130,13:10:36,3.14,--,12,3768,卖盘
1131,13:10:31,3.14,--,31,9734,卖盘
1132,13:10:26,3.14,-0.01,1,314,卖盘
1133,13:10:21,3.15,0.01,235,74025,买盘
1134,13:10:16,3.14,--,7,2198,卖盘
1135,13:10:06,3.14,--,5105,1602970,卖盘
1136,13:10:01,3.14,--,5065,1590410,卖盘
1137,13:09:56,3.14,-0.01,1,314,卖盘
1138,13:09:46,3.15,--,128,40320,买盘
1139,13:09:36,3.15,--,132,41580,买盘
1140,13:09:31,3.15,--,5,1575,买盘
1141,13:09:26,3.15,--,315,99225,买盘
1142,13:09:21,3.15,0.01,222,69930,买盘
1143,13:09:16,3.14,-0.01,13,4082,卖盘
1144,13:09:11,3.15,--,100,31500,买盘
1145,13:09:06,3.15,--,534,168210,买盘
1146,13:09:01,3.15,--,3,945,买盘
1147,13:08:51,3.15,--,101,31815,买盘
1148,13:08:46,3.15,0.01,2,630,买盘
1149,13:08:36,3.14,--,54,16956,卖盘
1150,13:08:31,3.14,-0.01,54,16956,卖盘
1151,13:08:21,3.15,0.01,250,78750,买盘
1152,13:08:16,3.14,--,7,2198,卖盘
1153,13:08:01,3.14,--,9,2826,卖盘
1154,13:07:56,3.14,--,21,6594,卖盘
1155,13:07:51,3.14,--,16,5024,卖盘
1156,13:07:46,3.14,-0.01,8,2512,卖盘
1157,13:07:41,3.15,--,55,17325,买盘
1158,13:07:31,3.15,--,1,315,买盘
1159,13:07:21,3.15,--,652,205380,买盘
1160,13:07:16,3.15,0.01,437,137655,买盘
1161,13:07:11,3.14,-0.01,1,314,卖盘
1162,13:06:56,3.15,0.01,27,8505,买盘
1163,13:06:51,3.14,-0.01,12,3768,卖盘
1164,13:06:40,3.15,--,11,3465,买盘
1165,13:06:35,3.15,--,6,1890,买盘
1166,13:06:26,3.15,--,2,630,买盘
1167,13:06:20,3.15,0.01,219,68985,买盘
1168,13:06:16,3.14,--,402,126228,卖盘
1169,13:06:11,3.14,-0.01,6,1884,卖盘
1170,13:06:05,3.15,0.01,118,37170,买盘
1171,13:06:01,3.14,-0.01,145,45530,卖盘
1172,13:05:49,3.15,0.01,6,1890,买盘
1173,13:05:46,3.14,--,49,15386,卖盘
1174,13:05:41,3.14,--,258,81012,卖盘
1175,13:05:34,3.14,--,44,13816,卖盘
1176,13:05:31,3.14,--,15,4710,卖盘
1177,13:05:26,3.14,--,43,13502,卖盘
1178,13:05:16,3.14,--,306,96084,卖盘
1179,13:05:11,3.14,--,55,17270,卖盘
1180,13:05:00,3.14,--,43,13502,卖盘
1181,13:04:55,3.14,--,55,17270,卖盘
1182,13:04:49,3.14,--,4,1256,卖盘
1183,13:04:45,3.14,-0.01,43,13502,卖盘
1184,13:04:41,3.15,0.01,12,3780,买盘
1185,13:04:35,3.14,--,68,21352,卖盘
1186,13:04:25,3.14,-0.01,49,15386,卖盘
1187,13:04:20,3.15,0.01,215,67725,买盘
1188,13:04:15,3.14,--,1251,393121,卖盘
1189,13:04:10,3.14,--,109,34226,卖盘
1190,13:04:00,3.14,--,10001,3140314,卖盘
1191,13:03:55,3.14,--,75,23550,卖盘
1192,13:03:45,3.14,-0.01,13,4082,卖盘
1193,13:03:40,3.15,0.01,61,19215,买盘
1194,13:03:35,3.14,--,58,18212,卖盘
1195,13:03:30,3.14,--,25,7850,卖盘
1196,13:03:25,3.14,--,762,239268,卖盘
1197,13:03:20,3.14,-0.01,101,31714,卖盘
1198,13:03:15,3.15,0.01,238,74970,买盘
1199,13:03:10,3.14,--,52,16328,卖盘
1200,13:02:55,3.14,--,1,314,卖盘
1201,13:02:45,3.14,-0.01,86,27004,卖盘
1202,13:02:40,3.15,--,13,4095,买盘
1203,13:02:30,3.15,--,45,14175,买盘
1204,13:02:25,3.15,0.01,24,7560,买盘
1205,13:02:19,3.14,-0.01,43,13502,卖盘
1206,13:02:15,3.15,--,1769,557235,买盘
1207,13:02:10,3.15,--,1,315,买盘
1208,13:01:50,3.15,--,38,11970,买盘
1209,13:01:40,3.15,0.01,8,2520,买盘
1210,13:01:35,3.14,-0.01,44,13816,卖盘
1211,13:01:30,3.15,--,520,163800,买盘
1212,13:01:25,3.15,--,6,1890,买盘
1213,13:01:15,3.15,0.01,215,67725,买盘
1214,13:01:10,3.14,-0.01,403,126542,卖盘
1215,13:01:00,3.15,0.01,27,8505,买盘
1216,13:00:55,3.14,--,217,68138,卖盘
1217,13:00:50,3.14,--,43,13502,卖盘
1218,13:00:45,3.14,-0.01,319,100166,卖盘
1219,13:00:40,3.15,--,6,1890,买盘
1220,13:00:30,3.15,--,1312,413280,买盘
1221,13:00:15,3.15,0.01,97,30555,买盘
1222,13:00:10,3.14,-0.01,1084,340376,卖盘
1223,13:00:05,3.15,0.01,2667,840105,买盘
1224,11:30:00,3.14,--,0,0,卖盘
1225,11:29:59,3.14,--,0,0,卖盘
1226,11:29:51,3.14,-0.01,602,189028,卖盘
1227,11:29:36,3.15,0.01,107,33705,买盘
1228,11:29:31,3.14,-0.01,11,3454,卖盘
1229,11:29:26,3.15,--,613,193095,买盘
1230,11:29:21,3.15,--,18,5670,买盘
1231,11:29:11,3.15,--,601,189315,买盘
1232,11:29:06,3.15,0.01,140,44100,买盘
1233,11:28:56,3.14,--,205,64649,卖盘
1234,11:28:51,3.14,--,18,5652,卖盘
1235,11:28:41,3.14,-0.01,31,9734,卖盘
1236,11:28:36,3.15,--,116,36540,买盘
1237,11:28:26,3.15,--,210,66150,买盘
1238,11:28:21,3.15,0.01,26,8404,买盘
1239,11:28:16,3.14,--,1,314,卖盘
1240,11:28:05,3.14,--,205,64370,卖盘
1241,11:28:01,3.14,--,37,11618,卖盘
1242,11:27:56,3.14,-0.01,14,4396,卖盘
1243,11:27:45,3.15,0.01,15,4725,买盘
1244,11:27:41,3.14,--,203,63742,卖盘
1245,11:27:36,3.14,--,316,99224,卖盘
1246,11:27:26,3.14,-0.01,10,3140,卖盘
1247,11:27:20,3.15,0.01,152,47880,买盘
1248,11:27:15,3.14,--,3,942,卖盘
1249,11:27:10,3.14,--,13,4082,卖盘
1250,11:27:00,3.14,--,4,1256,卖盘
1251,11:26:56,3.14,-0.01,6,1884,卖盘
1252,11:26:50,3.15,--,6,1890,买盘
1253,11:26:45,3.15,--,115,36225,买盘
1254,11:26:41,3.15,--,6,1890,买盘
1255,11:26:35,3.15,0.01,1453,457695,买盘
1256,11:26:30,3.14,-0.01,1,314,卖盘
1257,11:26:25,3.15,--,44,13860,买盘
1258,11:26:20,3.15,--,142,44730,买盘
1259,11:26:15,3.15,--,130,40950,买盘
1260,11:26:10,3.15,0.01,402,126630,买盘
1261,11:26:00,3.14,-0.01,201,63114,卖盘
1262,11:25:55,3.15,--,338,106470,买盘
1263,11:25:50,3.15,--,137,43155,买盘
1264,11:25:45,3.15,0.01,934,294210,买盘
1265,11:25:40,3.14,-0.01,1,314,卖盘
1266,11:25:35,3.15,0.01,216,68040,买盘
1267,11:25:25,3.14,--,40,12560,卖盘
1268,11:25:20,3.14,--,8,2512,卖盘
1269,11:25:15,3.14,--,27,8478,卖盘
1270,11:25:10,3.14,-0.01,1,314,卖盘
1271,11:25:05,3.15,0.01,9,2835,买盘
1272,11:25:00,3.14,-0.01,1,314,卖盘
1273,11:24:50,3.15,0.01,5330,1678950,买盘
1274,11:24:35,3.14,--,238,74732,卖盘
1275,11:24:25,3.14,--,200,62800,卖盘
1276,11:24:20,3.14,--,1,314,卖盘
1277,11:24:10,3.14,--,9,2826,卖盘
1278,11:24:05,3.14,--,12,3768,卖盘
1279,11:23:55,3.14,--,180,56520,卖盘
1280,11:23:50,3.14,--,20,6280,卖盘
1281,11:23:45,3.14,-0.01,33,10362,卖盘
1282,11:23:40,3.15,--,78,24570,买盘
1283,11:23:35,3.15,0.01,237,74655,买盘
1284,11:23:25,3.14,-0.01,97,30458,卖盘
1285,11:23:20,3.15,0.01,90,28350,买盘
1286,11:23:10,3.14,-0.01,717,225138,卖盘
1287,11:23:05,3.15,0.01,85,26775,买盘
1288,11:23:00,3.14,--,3,942,卖盘
1289,11:22:55,3.14,--,13,4082,卖盘
1290,11:22:50,3.14,-0.01,3,942,卖盘
1291,11:22:40,3.15,0.01,8,2520,买盘
1292,11:22:35,3.14,-0.01,2,628,卖盘
1293,11:22:25,3.15,0.01,250,78750,买盘
1294,11:22:20,3.14,--,13,4082,卖盘
1295,11:22:10,3.14,--,11,3454,卖盘
1296,11:21:55,3.14,--,100,31400,卖盘
1297,11:21:50,3.14,--,122,38308,卖盘
1298,11:21:45,3.14,-0.01,39,12246,卖盘
1299,11:21:40,3.15,0.01,68,21420,买盘
1300,11:21:30,3.14,--,213,66882,卖盘
1301,11:21:25,3.14,-0.01,13,4082,卖盘
1302,11:21:19,3.15,0.01,26,8190,买盘
1303,11:21:14,3.14,--,10,3140,卖盘
1304,11:21:04,3.14,--,151,47414,卖盘
1305,11:21:00,3.14,--,101,31714,卖盘
1306,11:20:49,3.14,--,18,5652,卖盘
1307,11:20:45,3.14,-0.01,115,36110,卖盘
1308,11:20:39,3.15,0.01,55,17325,买盘
1309,11:20:34,3.14,--,55,17270,卖盘
1310,11:20:29,3.14,--,274,86036,卖盘
1311,11:20:24,3.14,--,56,17584,卖盘
1312,11:20:19,3.14,--,209,65626,卖盘
1313,11:20:14,3.14,--,101,31714,卖盘
1314,11:20:09,3.14,--,12,3768,卖盘
1315,11:20:04,3.14,--,1004,315256,卖盘
1316,11:19:59,3.14,--,4,1256,卖盘
1317,11:19:53,3.14,-0.01,1,314,卖盘
1318,11:19:49,3.15,0.01,7,2205,买盘
1319,11:19:44,3.14,--,80,25120,卖盘
1320,11:19:34,3.14,--,32,10048,卖盘
1321,11:19:29,3.14,--,232,72848,卖盘
1322,11:19:24,3.14,--,25,7850,卖盘
1323,11:19:19,3.14,-0.01,1007,316198,卖盘
1324,11:19:14,3.15,--,18,5670,买盘
1325,11:19:09,3.15,0.01,88,27720,买盘
1326,11:18:59,3.14,--,208,65312,卖盘
1327,11:18:53,3.14,-0.01,1,314,卖盘
1328,11:18:49,3.15,--,6,1890,买盘
1329,11:18:44,3.15,0.01,1,315,买盘
1330,11:18:39,3.14,--,112,35168,卖盘
1331,11:18:34,3.14,--,3,942,卖盘
1332,11:18:29,3.14,--,264,82896,卖盘
1333,11:18:24,3.14,-0.01,80,25120,卖盘
1334,11:18:19,3.15,0.01,95,29925,买盘
1335,11:18:14,3.14,--,9,2826,卖盘
1336,11:18:09,3.14,--,10,3140,卖盘
1337,11:17:59,3.14,--,9443,2965102,卖盘
1338,11:17:54,3.14,-0.01,416,130624,卖盘
1339,11:17:49,3.15,--,32,10080,买盘
1340,11:17:44,3.15,0.01,120,37800,买盘
1341,11:17:39,3.14,--,78,24492,卖盘
1342,11:17:34,3.14,-0.01,11,3454,卖盘
1343,11:17:29,3.15,--,241,75915,买盘
1344,11:17:19,3.15,0.01,1001,315315,买盘
1345,11:17:14,3.14,--,14,4396,卖盘
1346,11:17:09,3.14,--,17,5338,卖盘
1347,11:16:59,3.14,-0.01,12,3768,卖盘
1348,11:16:53,3.15,--,87,27405,买盘
1349,11:16:49,3.15,0.01,56,17640,买盘
1350,11:16:44,3.14,--,108,33912,卖盘
1351,11:16:34,3.14,--,108,33912,卖盘
1352,11:16:29,3.14,-0.01,229,71906,卖盘
1353,11:16:19,3.15,0.01,1045,329175,买盘
1354,11:16:14,3.14,--,95,29830,卖盘
1355,11:16:09,3.14,--,12,3768,卖盘
1356,11:16:04,3.14,-0.01,10,3140,卖盘
1357,11:15:49,3.15,0.01,118,37170,买盘
1358,11:15:44,3.14,--,34,10676,卖盘
1359,11:15:38,3.14,--,3,942,卖盘
1360,11:15:34,3.14,--,1051,330014,卖盘
1361,11:15:29,3.14,--,225,70650,卖盘
1362,11:15:24,3.14,-0.01,1,314,卖盘
1363,11:15:19,3.15,--,59,18585,买盘
1364,11:15:14,3.15,0.01,132,41580,买盘
1365,11:15:04,3.14,--,101,31714,卖盘
1366,11:14:59,3.14,-0.01,22,6908,卖盘
1367,11:14:53,3.15,0.01,1,315,买盘
1368,11:14:49,3.14,--,80,25120,卖盘
1369,11:14:44,3.14,--,1538,482932,卖盘
1370,11:14:38,3.14,-0.01,320,100480,卖盘
1371,11:14:34,3.15,--,1051,331065,买盘
1372,11:14:29,3.15,--,1860,585900,买盘
1373,11:14:23,3.15,0.01,6,1890,买盘
1374,11:14:17,3.14,--,19,5966,卖盘
1375,11:14:14,3.14,-0.01,6,1884,卖盘
1376,11:13:58,3.15,0.01,74,23310,买盘
1377,11:13:53,3.14,-0.01,147,46158,卖盘
1378,11:13:47,3.15,--,43,13545,买盘
1379,11:13:43,3.15,--,130,40950,买盘
1380,11:13:38,3.15,--,14,4410,买盘
1381,11:13:32,3.15,--,146,45990,买盘
1382,11:13:29,3.15,--,216,68040,买盘
1383,11:13:23,3.15,--,992,312480,买盘
1384,11:13:17,3.15,--,9,2835,买盘
1385,11:13:13,3.15,--,148,46620,买盘
1386,11:13:08,3.15,--,68,21420,买盘
1387,11:13:02,3.15,0.01,57,17955,买盘
1388,11:12:58,3.14,-0.01,106,33284,卖盘
1389,11:12:53,3.15,--,707,222705,买盘
1390,11:12:47,3.15,0.01,10,3150,买盘
1391,11:12:28,3.14,-0.01,224,70336,卖盘
1392,11:12:23,3.15,--,93,29295,买盘
1393,11:12:17,3.15,0.01,38,11970,买盘
1394,11:12:13,3.14,-0.01,13,4082,卖盘
1395,11:12:08,3.15,0.01,111,34965,买盘
1396,11:12:02,3.14,--,200,62800,卖盘
1397,11:11:53,3.14,--,16,5024,卖盘
1398,11:11:47,3.14,-0.01,12,3768,卖盘
1399,11:11:43,3.15,0.01,1,315,买盘
1400,11:11:38,3.14,-0.01,9,2826,卖盘
1401,11:11:28,3.15,--,429,135135,买盘
1402,11:11:23,3.15,--,66,20790,买盘
1403,11:11:17,3.15,0.01,23,7245,买盘
1404,11:11:13,3.14,--,679,213206,卖盘
1405,11:11:08,3.14,--,56,17584,卖盘
1406,11:10:58,3.14,--,3,942,卖盘
1407,11:10:53,3.14,-0.01,10,3140,卖盘
1408,11:10:47,3.15,--,66,20790,买盘
1409,11:10:38,3.15,--,82,25830,买盘
1410,11:10:32,3.15,--,3,945,买盘
1411,11:10:28,3.15,--,219,68985,买盘
1412,11:10:23,3.15,0.01,50,15750,买盘
1413,11:10:17,3.14,--,1,314,卖盘
1414,11:10:13,3.14,--,61,19154,卖盘
1415,11:10:08,3.14,-0.01,427,134078,卖盘
1416,11:10:02,3.15,0.01,23,7245,买盘
1417,11:09:58,3.14,--,25,7850,卖盘
1418,11:09:53,3.14,--,28,8792,卖盘
1419,11:09:43,3.14,--,523,164466,卖盘
1420,11:09:38,3.14,--,149,46786,卖盘
1421,11:09:32,3.14,--,118,37052,卖盘
1422,11:09:28,3.14,-0.01,148,46472,卖盘
1423,11:09:23,3.15,--,221,69615,买盘
1424,11:09:17,3.15,0.01,7,2205,买盘
1425,11:09:13,3.14,--,10,3140,卖盘
1426,11:09:08,3.14,--,4460,1400446,卖盘
1427,11:08:58,3.14,-0.01,25,7850,卖盘
1428,11:08:53,3.15,0.01,68,21420,买盘
1429,11:08:47,3.14,-0.01,60,18840,卖盘
1430,11:08:38,3.15,0.01,117,36855,买盘
1431,11:08:32,3.14,--,540,169560,卖盘
1432,11:08:28,3.14,--,227,71278,卖盘
1433,11:08:23,3.14,-0.01,306,96084,卖盘
1434,11:08:17,3.15,0.01,7,2205,买盘
1435,11:08:13,3.14,--,23,7222,卖盘
1436,11:08:02,3.14,--,31,9734,卖盘
1437,11:07:58,3.14,--,25,7850,卖盘
1438,11:07:53,3.14,--,81,25434,卖盘
1439,11:07:42,3.14,--,7,2198,卖盘
1440,11:07:38,3.14,--,60,18840,卖盘
1441,11:07:32,3.14,--,10,3140,卖盘
1442,11:07:27,3.14,-0.01,220,69080,卖盘
1443,11:07:23,3.15,--,117,36855,买盘
1444,11:07:17,3.15,0.01,296,93240,买盘
1445,11:07:11,3.14,--,1,314,卖盘
1446,11:07:08,3.14,--,51,16014,卖盘
1447,11:06:56,3.14,-0.01,2,628,卖盘
1448,11:06:52,3.15,0.01,2,630,买盘
1449,11:06:41,3.14,--,159,49926,卖盘
1450,11:06:37,3.14,--,1,314,卖盘
1451,11:06:32,3.14,--,40,12560,卖盘
1452,11:06:26,3.14,-0.01,500,157000,卖盘
1453,11:06:22,3.15,0.01,390,122850,买盘
1454,11:06:17,3.14,--,13,4082,卖盘
1455,11:06:11,3.14,--,3913,1228682,卖盘
1456,11:06:07,3.14,--,21,6594,卖盘
1457,11:06:02,3.14,-0.01,420,131880,卖盘
1458,11:05:52,3.15,0.01,7,2205,买盘
1459,11:05:37,3.14,-0.01,69,21666,卖盘
1460,11:05:32,3.15,--,131,41265,买盘
1461,11:05:26,3.15,--,219,68985,买盘
1462,11:05:22,3.15,0.01,200,63000,买盘
1463,11:05:17,3.14,-0.01,207,64998,卖盘
1464,11:05:11,3.15,0.01,7,2205,买盘
1465,11:05:07,3.14,--,268,84299,卖盘
1466,11:05:01,3.14,--,40,12560,卖盘
1467,11:04:56,3.14,--,25,7850,卖盘
1468,11:04:52,3.14,-0.01,7,2198,卖盘
1469,11:04:47,3.15,--,35,11025,买盘
1470,11:04:41,3.15,0.01,2200,693000,买盘
1471,11:04:37,3.14,--,27,8478,卖盘
1472,11:04:31,3.14,--,140,43960,卖盘
1473,11:04:26,3.14,--,254,79756,卖盘
1474,11:04:22,3.14,-0.01,30,9420,卖盘
1475,11:04:17,3.15,0.01,8,2520,买盘
1476,11:04:07,3.14,--,25,7850,卖盘
1477,11:04:01,3.14,--,21,6594,卖盘
1478,11:03:56,3.14,-0.01,5,1570,卖盘
1479,11:03:52,3.15,--,43,13545,买盘
1480,11:03:46,3.15,0.01,115,36225,买盘
1481,11:03:41,3.14,-0.01,25,7850,卖盘
1482,11:03:31,3.15,--,874,275310,买盘
1483,11:03:22,3.15,0.01,238,74970,买盘
1484,11:03:16,3.14,--,1,314,卖盘
1485,11:03:11,3.14,--,26,8164,卖盘
1486,11:03:01,3.14,--,109,34226,卖盘
1487,11:02:56,3.14,-0.01,1,314,卖盘
1488,11:02:52,3.15,--,220,69300,买盘
1489,11:02:46,3.15,0.01,418,131670,买盘
1490,11:02:37,3.14,--,27,8478,卖盘
1491,11:02:31,3.14,-0.01,125,39250,卖盘
1492,11:02:26,3.15,--,225,70875,买盘
1493,11:02:22,3.15,0.01,40,12600,买盘
1494,11:02:16,3.14,--,224,70336,卖盘
1495,11:02:11,3.14,--,62,19468,卖盘
1496,11:02:07,3.14,--,2770,869780,卖盘
1497,11:02:01,3.14,--,545,171130,卖盘
1498,11:01:56,3.14,-0.01,1,314,卖盘
1499,11:01:52,3.15,0.01,508,160020,买盘
1500,11:01:46,3.14,-0.01,81,25434,卖盘
1501,11:01:41,3.15,--,7,2205,买盘
1502,11:01:37,3.15,--,367,115605,买盘
1503,11:01:31,3.15,--,782,246330,买盘
1504,11:01:22,3.15,--,989,311535,买盘
1505,11:01:16,3.15,--,247,77805,买盘
1506,11:01:11,3.15,0.01,57,17955,买盘
1507,11:01:07,3.14,-0.01,28,8792,卖盘
1508,11:01:01,3.15,--,1350,425250,买盘
1509,11:00:56,3.15,--,447,140805,买盘
1510,11:00:52,3.15,--,799,251685,买盘
1511,11:00:46,3.15,--,852,268380,买盘
1512,11:00:41,3.15,--,233,73395,买盘
1513,11:00:37,3.15,0.01,1309,412335,买盘
1514,11:00:31,3.14,-0.01,1,314,卖盘
1515,11:00:26,3.15,--,390,122850,买盘
1516,11:00:21,3.15,0.01,1232,388080,买盘
1517,11:00:16,3.14,-0.01,553,173642,卖盘
1518,11:00:11,3.15,--,1274,401310,买盘
1519,11:00:06,3.15,--,393,123795,买盘
1520,10:59:56,3.15,--,14,4410,买盘
1521,10:59:50,3.15,--,23,7245,买盘
1522,10:59:46,3.15,0.01,180,56700,买盘
1523,10:59:41,3.14,-0.01,664,208496,卖盘
1524,10:59:35,3.15,0.01,12,3780,买盘
1525,10:59:31,3.14,--,203,63742,卖盘
1526,10:59:26,3.14,-0.01,226,70964,卖盘
1527,10:59:20,3.15,--,563,177345,买盘
1528,10:59:16,3.15,0.01,81,25515,买盘
1529,10:59:11,3.14,-0.01,338,106132,卖盘
1530,10:59:05,3.15,0.01,200,63000,买盘
1531,10:59:01,3.14,--,159,49926,卖盘
1532,10:58:56,3.14,-0.01,10,3140,卖盘
1533,10:58:50,3.15,0.01,407,128205,买盘
1534,10:58:46,3.14,--,1,314,卖盘
1535,10:58:31,3.14,--,50,15700,卖盘
1536,10:58:26,3.14,--,23,7222,卖盘
1537,10:58:20,3.14,-0.01,47,14758,卖盘
1538,10:58:16,3.15,--,77,24255,买盘
1539,10:58:11,3.15,--,606,190890,买盘
1540,10:58:01,3.15,0.01,32,10080,买盘
1541,10:57:56,3.14,-0.01,221,69394,卖盘
1542,10:57:50,3.15,--,327,103005,买盘
1543,10:57:46,3.15,--,290,91350,买盘
1544,10:57:35,3.15,0.01,201,63315,买盘
1545,10:57:31,3.14,--,2,628,卖盘
1546,10:57:25,3.14,-0.01,135,42390,卖盘
1547,10:57:20,3.15,0.01,201,63315,买盘
1548,10:57:16,3.14,--,43,13502,卖盘
1549,10:57:10,3.14,--,356,111784,卖盘
1550,10:57:05,3.14,-0.01,1,314,卖盘
1551,10:57:01,3.15,--,69,21735,买盘
1552,10:56:50,3.15,--,6,1890,买盘
1553,10:56:40,3.15,--,119,37485,买盘
1554,10:56:35,3.15,0.01,211,66465,买盘
1555,10:56:31,3.14,--,54,16956,卖盘
1556,10:56:25,3.14,-0.01,10,3140,卖盘
1557,10:56:20,3.15,--,68,21420,买盘
1558,10:56:16,3.15,0.01,258,81270,买盘
1559,10:56:10,3.14,--,150,47100,卖盘
1560,10:56:05,3.14,-0.01,20,6280,卖盘
1561,10:55:55,3.15,--,109,34335,买盘
1562,10:55:50,3.15,--,5,1575,买盘
1563,10:55:46,3.15,0.01,131,41265,买盘
1564,10:55:40,3.14,-0.01,10,3140,卖盘
1565,10:55:35,3.15,0.01,2,630,买盘
1566,10:55:30,3.14,--,576,180864,卖盘
1567,10:55:25,3.14,-0.01,26,8164,卖盘
1568,10:55:20,3.15,--,6,1890,买盘
1569,10:55:16,3.15,--,8,2520,买盘
1570,10:55:10,3.15,0.01,338,106470,买盘
1571,10:55:05,3.14,-0.01,1,314,卖盘
1572,10:54:45,3.15,--,4,1260,买盘
1573,10:54:40,3.15,--,5,1575,买盘
1574,10:54:35,3.15,0.01,179,56385,买盘
1575,10:54:30,3.14,--,61,19154,卖盘
1576,10:54:25,3.14,-0.01,10,3140,卖盘
1577,10:54:20,3.15,--,7,2205,买盘
1578,10:54:15,3.15,--,9,2835,买盘
1579,10:54:10,3.15,--,584,183960,买盘
1580,10:54:05,3.15,--,32,10080,买盘
1581,10:54:00,3.15,0.01,35,11025,买盘
1582,10:53:55,3.14,-0.01,23,7222,卖盘
1583,10:53:45,3.15,--,104,32760,买盘
1584,10:53:40,3.15,0.01,11,3465,买盘
1585,10:53:30,3.14,--,29,9106,卖盘
1586,10:53:25,3.14,-0.01,199,62486,卖盘
1587,10:53:15,3.15,0.01,121,38115,买盘
1588,10:53:10,3.14,-0.01,241,75674,卖盘
1589,10:53:05,3.15,0.01,68,21420,买盘
1590,10:53:00,3.14,--,173,54322,卖盘
1591,10:52:50,3.14,--,2,628,卖盘
1592,10:52:44,3.14,-0.01,124,38936,卖盘
1593,10:52:35,3.15,0.01,16,5040,买盘
1594,10:52:29,3.14,-0.01,10,3140,卖盘
1595,10:52:25,3.15,--,73,22995,买盘
1596,10:52:20,3.15,0.01,223,70245,买盘
1597,10:52:10,3.14,-0.01,355,111470,卖盘
1598,10:52:05,3.15,0.01,2,630,买盘
1599,10:51:59,3.14,-0.01,1,314,卖盘
1600,10:51:50,3.15,--,79,24885,买盘
1601,10:51:40,3.15,--,3,945,买盘
1602,10:51:35,3.15,--,145,45675,买盘
1603,10:51:29,3.15,0.01,20,6300,买盘
1604,10:51:20,3.14,--,188,59032,卖盘
1605,10:51:14,3.14,--,1,314,卖盘
1606,10:51:10,3.14,-0.01,551,173014,卖盘
1607,10:51:05,3.15,0.01,101,31815,买盘
1608,10:50:59,3.14,-0.01,63,19782,卖盘
1609,10:50:55,3.15,--,33,10395,买盘
1610,10:50:50,3.15,--,6,1890,买盘
1611,10:50:44,3.15,0.01,19,5985,买盘
1612,10:50:40,3.14,-0.01,442,138788,卖盘
1613,10:50:35,3.15,--,547,172305,买盘
1614,10:50:29,3.15,--,141,44415,买盘
1615,10:50:25,3.15,--,147,46305,买盘
1616,10:50:19,3.15,0.01,111,34965,买盘
1617,10:50:14,3.14,-0.01,75,23550,卖盘
1618,10:50:10,3.15,--,484,152460,买盘
1619,10:50:04,3.15,0.01,324,102060,买盘
1620,10:49:59,3.14,-0.01,183,57462,卖盘
1621,10:49:55,3.15,--,889,280035,买盘
1622,10:49:49,3.15,--,214,67410,买盘
1623,10:49:44,3.15,0.01,436,137340,买盘
1624,10:49:40,3.14,--,221,69394,卖盘
1625,10:49:34,3.14,--,40,12560,卖盘
1626,10:49:29,3.14,--,47,14758,卖盘
1627,10:49:25,3.14,--,245,76930,卖盘
1628,10:49:19,3.14,--,484,151976,卖盘
1629,10:49:10,3.14,--,360,113040,卖盘
1630,10:49:04,3.14,-0.01,124,38936,卖盘
1631,10:48:59,3.15,--,564,177660,买盘
1632,10:48:55,3.15,--,4,1260,买盘
1633,10:48:49,3.15,0.01,6,1890,买盘
1634,10:48:44,3.14,-0.01,101,31714,卖盘
1635,10:48:25,3.15,0.01,6,1890,买盘
1636,10:48:19,3.14,--,376,118064,卖盘
1637,10:48:09,3.14,--,501,157314,卖盘
1638,10:47:59,3.14,--,1,314,卖盘
1639,10:47:54,3.14,-0.01,169,53066,卖盘
1640,10:47:49,3.15,0.01,329,103635,买盘
1641,10:47:39,3.14,--,25,7850,卖盘
1642,10:47:34,3.14,--,261,81954,卖盘
1643,10:47:29,3.14,-0.01,35,10990,卖盘
1644,10:47:24,3.15,--,100,31500,买盘
1645,10:47:19,3.15,0.01,91,28665,买盘
1646,10:47:14,3.14,--,5,1570,卖盘
1647,10:47:09,3.14,-0.01,39,12246,卖盘
1648,10:47:04,3.15,--,281,88515,买盘
1649,10:46:59,3.15,--,203,63945,买盘
1650,10:46:54,3.15,--,3,945,买盘
1651,10:46:49,3.15,0.01,132,41580,买盘
1652,10:46:44,3.14,--,22,6908,卖盘
1653,10:46:39,3.14,--,1,314,卖盘
1654,10:46:34,3.14,-0.01,110,34540,卖盘
1655,10:46:29,3.15,--,602,189630,买盘
1656,10:46:24,3.15,0.01,1,315,买盘
1657,10:46:19,3.14,-0.01,183,57462,卖盘
1658,10:46:09,3.15,0.01,337,106155,买盘
1659,10:46:04,3.14,-0.01,109,34226,卖盘
1660,10:45:59,3.15,0.01,201,63315,买盘
1661,10:45:54,3.14,--,364,114296,卖盘
1662,10:45:49,3.14,-0.01,181,56834,卖盘
1663,10:45:44,3.15,0.01,985,310275,买盘
1664,10:45:39,3.14,--,13,4082,卖盘
1665,10:45:34,3.14,0.01,792,248688,买盘
1666,10:45:24,3.13,-0.01,77,24101,卖盘
1667,10:45:19,3.14,--,2222,697708,卖盘
1668,10:45:14,3.14,-0.01,453,142242,中性盘
1669,10:45:08,3.15,--,536,168840,买盘
1670,10:45:04,3.15,0.01,1587,499905,买盘
1671,10:44:59,3.14,--,1734,544476,卖盘
1672,10:44:53,3.14,0.01,112,35168,中性盘
1673,10:44:49,3.13,--,1287,402831,卖盘
1674,10:44:44,3.13,-0.01,1043,326459,卖盘
1675,10:44:38,3.14,0.01,916,287624,买盘
1676,10:44:34,3.13,-0.01,1857,581241,卖盘
1677,10:44:29,3.14,--,94,29516,卖盘
1678,10:44:23,3.14,--,17,5338,卖盘
1679,10:44:19,3.14,--,104,32656,卖盘
1680,10:44:14,3.14,--,306,96084,卖盘
1681,10:44:08,3.14,--,236,74104,卖盘
1682,10:44:04,3.14,--,488,153232,卖盘
1683,10:43:59,3.14,-0.01,446,140044,卖盘
1684,10:43:53,3.15,--,206,64890,买盘
1685,10:43:49,3.15,0.01,554,174510,买盘
1686,10:43:44,3.14,-0.01,269,84466,卖盘
1687,10:43:38,3.15,0.01,128,40320,买盘
1688,10:43:34,3.14,-0.01,63,19782,卖盘
1689,10:43:29,3.15,0.01,215,67725,买盘
1690,10:43:23,3.14,--,12,3768,卖盘
1691,10:43:19,3.14,--,525,164850,卖盘
1692,10:43:14,3.14,-0.01,1282,402548,卖盘
1693,10:43:08,3.15,0.01,216,68040,买盘
1694,10:43:04,3.14,--,230,72515,买盘
1695,10:42:58,3.14,--,392,123088,买盘
1696,10:42:53,3.14,0.01,152,47728,买盘
1697,10:42:49,3.13,-0.01,1216,380608,卖盘
1698,10:42:43,3.14,0.01,469,147266,买盘
1699,10:42:34,3.13,--,80,25040,卖盘
1700,10:42:28,3.13,-0.01,427,133651,卖盘
1701,10:42:19,3.14,0.01,748,234872,买盘
1702,10:42:13,3.13,--,622,194686,卖盘
1703,10:42:08,3.13,-0.01,243,76059,卖盘
1704,10:42:04,3.14,--,254,79756,买盘
1705,10:41:58,3.14,0.01,142,44588,买盘
1706,10:41:53,3.13,--,1,313,卖盘
1707,10:41:48,3.13,--,432,135216,卖盘
1708,10:41:43,3.13,--,905,283265,卖盘
1709,10:41:33,3.13,-0.01,69,21597,卖盘
1710,10:41:28,3.14,--,639,200646,买盘
1711,10:41:23,3.14,0.01,6,1884,买盘
1712,10:41:18,3.13,-0.01,1444,451972,卖盘
1713,10:41:13,3.14,--,472,148208,买盘
1714,10:41:03,3.14,0.01,333,104562,买盘
1715,10:40:58,3.13,-0.01,329,102977,卖盘
1716,10:40:53,3.14,0.01,6,1884,买盘
1717,10:40:48,3.13,--,322,100786,卖盘
1718,10:40:43,3.13,-0.01,368,115184,卖盘
1719,10:40:38,3.14,--,88,27632,买盘
1720,10:40:33,3.14,0.01,267,83838,买盘
1721,10:40:28,3.13,--,119,37247,卖盘
1722,10:40:18,3.13,--,203,63539,卖盘
1723,10:40:13,3.13,-0.01,480,150240,卖盘
1724,10:40:08,3.14,--,99,31086,买盘
1725,10:40:03,3.14,0.01,219,68766,买盘
1726,10:39:58,3.13,-0.01,21,6573,卖盘
1727,10:39:53,3.14,0.01,6,1884,买盘
1728,10:39:48,3.13,--,224,70112,卖盘
1729,10:39:43,3.13,-0.01,495,154935,卖盘
1730,10:39:38,3.14,0.01,20,6280,买盘
1731,10:39:33,3.13,--,214,66982,卖盘
1732,10:39:28,3.13,-0.01,691,216283,卖盘
1733,10:39:23,3.14,--,24,7536,买盘
1734,10:39:18,3.14,--,314,98596,买盘
1735,10:39:13,3.14,0.01,272,85408,买盘
1736,10:39:08,3.13,-0.01,338,105794,卖盘
1737,10:39:03,3.14,--,1010,317140,买盘
1738,10:38:58,3.14,--,2,628,买盘
1739,10:38:53,3.14,--,6,1884,买盘
1740,10:38:48,3.14,--,869,272866,买盘
1741,10:38:43,3.14,--,585,183690,买盘
1742,10:38:38,3.14,--,985,309290,买盘
1743,10:38:33,3.14,0.01,88,27632,买盘
1744,10:38:18,3.13,--,3,939,卖盘
1745,10:38:13,3.13,-0.01,5509,1724317,卖盘
1746,10:38:08,3.14,--,301,94514,买盘
1747,10:38:03,3.14,--,341,107074,买盘
1748,10:37:58,3.14,--,361,113354,买盘
1749,10:37:53,3.14,--,906,284484,买盘
1750,10:37:47,3.14,--,323,101422,买盘
1751,10:37:43,3.14,--,784,246176,买盘
1752,10:37:38,3.14,--,1183,371462,买盘
1753,10:37:28,3.14,--,1,314,买盘
1754,10:37:23,3.14,--,194,60916,买盘
1755,10:37:17,3.14,--,281,88234,买盘
1756,10:37:13,3.14,0.01,176,55264,买盘
1757,10:37:08,3.13,--,1241,388433,卖盘
1758,10:37:02,3.13,-0.01,1,313,卖盘
1759,10:36:58,3.14,--,100,31400,买盘
1760,10:36:53,3.14,0.01,2,628,买盘
1761,10:36:43,3.13,--,2,626,卖盘
1762,10:36:32,3.13,--,293,91709,卖盘
1763,10:36:28,3.13,--,21,6573,卖盘
1764,10:36:23,3.13,-0.01,25,7825,卖盘
1765,10:36:17,3.14,--,8,2512,买盘
1766,10:36:08,3.14,--,358,112412,买盘
1767,10:35:57,3.14,--,273,85722,买盘
1768,10:35:52,3.14,0.01,20,6280,买盘
1769,10:35:43,3.13,-0.01,1,313,卖盘
1770,10:35:32,3.14,--,545,171130,买盘
1771,10:35:28,3.14,--,1,314,买盘
1772,10:35:22,3.14,--,6,1884,买盘
1773,10:35:17,3.14,0.01,7,2198,买盘
1774,10:35:07,3.13,-0.01,863,270119,卖盘
1775,10:35:02,3.14,--,8,2512,买盘
1776,10:34:57,3.14,--,483,151662,买盘
1777,10:34:52,3.14,--,294,92316,买盘
1778,10:34:47,3.14,--,228,71592,买盘
1779,10:34:42,3.14,--,702,220428,买盘
1780,10:34:37,3.14,0.01,325,102050,买盘
1781,10:34:32,3.13,-0.01,7,2191,卖盘
1782,10:34:27,3.14,0.01,452,141928,买盘
1783,10:34:22,3.13,-0.01,33,10329,卖盘
1784,10:34:17,3.14,--,7,2198,买盘
1785,10:34:12,3.14,--,2091,656574,卖盘
1786,10:34:07,3.14,--,262,82268,卖盘
1787,10:33:57,3.14,--,441,138474,卖盘
1788,10:33:52,3.14,--,507,159198,卖盘
1789,10:33:47,3.14,--,944,296416,卖盘
1790,10:33:42,3.14,--,220,69080,卖盘
1791,10:33:37,3.14,--,134,42076,卖盘
1792,10:33:32,3.14,--,101,31714,卖盘
1793,10:33:27,3.14,--,304,95456,卖盘
1794,10:33:22,3.14,-0.01,155,48670,卖盘
1795,10:33:17,3.15,0.01,19,5985,买盘
1796,10:33:12,3.14,--,170,53380,卖盘
1797,10:33:07,3.14,--,338,106132,卖盘
1798,10:33:02,3.14,--,9,2826,卖盘
1799,10:32:57,3.14,--,315,98910,卖盘
1800,10:32:52,3.14,--,26,8164,卖盘
1801,10:32:47,3.14,--,276,86664,卖盘
1802,10:32:42,3.14,-0.01,28,8792,卖盘
1803,10:32:37,3.15,0.01,87,27405,买盘
1804,10:32:27,3.14,--,1602,503028,卖盘
1805,10:32:22,3.14,-0.01,435,136590,卖盘
1806,10:32:17,3.15,0.01,30,9450,买盘
1807,10:32:12,3.14,--,354,111156,卖盘
1808,10:32:07,3.14,--,620,194680,卖盘
1809,10:31:57,3.14,--,350,109900,卖盘
1810,10:31:52,3.14,--,1192,374288,卖盘
1811,10:31:47,3.14,--,142,44588,卖盘
1812,10:31:42,3.14,--,25,7850,卖盘
1813,10:31:37,3.14,--,170,53380,卖盘
1814,10:31:32,3.14,--,12,3768,卖盘
1815,10:31:27,3.14,--,5452,1712223,买盘
1816,10:31:22,3.14,--,20007,6282198,买盘
1817,10:31:17,3.14,--,10999,3453686,买盘
1818,10:31:12,3.14,0.01,521,163594,买盘
1819,10:31:07,3.13,-0.01,567,177471,卖盘
1820,10:31:02,3.14,--,1045,328130,买盘
1821,10:30:57,3.14,--,481,151034,买盘
1822,10:30:52,3.14,--,63,19782,买盘
1823,10:30:47,3.14,--,401,125914,买盘
1824,10:30:41,3.14,--,277,86978,买盘
1825,10:30:37,3.14,0.01,1055,331270,买盘
1826,10:30:32,3.13,-0.01,71,22223,卖盘
1827,10:30:26,3.14,--,964,302696,买盘
1828,10:30:22,3.14,--,1325,416050,买盘
1829,10:30:17,3.14,--,1419,445566,买盘
1830,10:30:11,3.14,--,722,226708,买盘
1831,10:30:07,3.14,--,487,152918,买盘
1832,10:30:02,3.14,--,218,68452,买盘
1833,10:29:56,3.14,--,390,122460,买盘
1834,10:29:51,3.14,--,24,7536,买盘
1835,10:29:47,3.14,0.01,196,61544,买盘
1836,10:29:37,3.13,-0.01,212,66356,卖盘
1837,10:29:31,3.14,--,1,314,买盘
1838,10:29:26,3.14,--,324,101736,买盘
1839,10:29:21,3.14,--,391,122774,买盘
1840,10:29:17,3.14,--,734,230476,买盘
1841,10:29:11,3.14,--,4,1256,买盘
1842,10:29:06,3.14,--,4643,1457902,买盘
1843,10:29:02,3.14,0.01,1077,338178,买盘
1844,10:28:56,3.13,-0.01,293,91709,卖盘
1845,10:28:51,3.14,0.01,153,48042,买盘
1846,10:28:47,3.13,--,238,74494,卖盘
1847,10:28:41,3.13,-0.01,136,42568,卖盘
1848,10:28:36,3.14,0.01,419,131566,买盘
1849,10:28:31,3.13,-0.01,4199,1314287,卖盘
1850,10:28:26,3.14,--,282,88548,买盘
1851,10:28:21,3.14,--,6,1884,买盘
1852,10:28:17,3.14,--,1282,402548,买盘
1853,10:28:06,3.14,--,518,162652,买盘
1854,10:28:01,3.14,0.01,58,18212,买盘
1855,10:27:56,3.13,-0.01,596,186548,卖盘
1856,10:27:51,3.14,0.01,1,314,买盘
1857,10:27:46,3.13,--,30,9390,卖盘
1858,10:27:36,3.13,-0.01,119,37247,卖盘
1859,10:27:31,3.14,--,26,8164,买盘
1860,10:27:26,3.14,--,330,103620,买盘
1861,10:27:21,3.14,--,398,124972,买盘
1862,10:27:16,3.14,0.01,6,1884,买盘
1863,10:27:11,3.13,--,9,2817,卖盘
1864,10:27:06,3.13,--,216,67608,卖盘
1865,10:27:01,3.13,-0.01,152,47576,卖盘
1866,10:26:56,3.14,0.01,291,91374,买盘
1867,10:26:51,3.13,-0.01,1006,314878,卖盘
1868,10:26:46,3.14,--,249,78186,买盘
1869,10:26:40,3.14,--,10,3140,买盘
1870,10:26:36,3.14,0.01,464,145696,买盘
1871,10:26:31,3.13,-0.01,25,7825,卖盘
1872,10:26:26,3.14,--,130,40820,买盘
1873,10:26:21,3.14,--,465,146010,买盘
1874,10:26:16,3.14,--,339,106446,买盘
1875,10:26:10,3.14,--,46,14444,买盘
1876,10:26:06,3.14,0.01,455,142870,买盘
1877,10:26:01,3.13,-0.01,1,313,卖盘
1878,10:25:56,3.14,--,5242,1646044,买盘
1879,10:25:51,3.14,0.01,455,142870,买盘
1880,10:25:46,3.13,--,120,37560,卖盘
1881,10:25:26,3.13,--,212,66356,卖盘
1882,10:25:21,3.13,-0.01,92,28796,卖盘
1883,10:25:16,3.14,--,1043,327502,买盘
1884,10:25:11,3.14,0.01,640,200960,买盘
1885,10:25:06,3.13,-0.01,1936,605968,卖盘
1886,10:25:01,3.14,--,235,73790,买盘
1887,10:24:56,3.14,0.01,224,70336,买盘
1888,10:24:51,3.13,-0.01,331,103603,卖盘
1889,10:24:46,3.14,--,481,151034,买盘
1890,10:24:36,3.14,--,1605,503970,买盘
1891,10:24:31,3.14,0.01,212,66568,买盘
1892,10:24:21,3.13,-0.01,91,28483,卖盘
1893,10:24:16,3.14,0.01,115,36110,买盘
1894,10:24:10,3.13,-0.01,563,176219,卖盘
1895,10:24:06,3.14,--,106,33284,买盘
1896,10:24:01,3.14,--,950,298300,买盘
1897,10:23:55,3.14,--,395,124030,买盘
1898,10:23:51,3.14,--,483,151662,买盘
1899,10:23:46,3.14,--,453,142242,买盘
1900,10:23:40,3.14,--,181,56834,买盘
1901,10:23:36,3.14,--,902,283228,买盘
1902,10:23:31,3.14,0.01,1107,347598,买盘
1903,10:23:25,3.13,-0.01,123,38499,卖盘
1904,10:23:19,3.14,--,277,86978,买盘
1905,10:23:16,3.14,--,473,148522,买盘
1906,10:23:10,3.14,--,304,95456,买盘
1907,10:23:05,3.14,0.01,591,185574,买盘
1908,10:23:01,3.13,-0.01,1,313,卖盘
1909,10:22:55,3.14,0.01,677,212578,买盘
1910,10:22:40,3.13,-0.01,209,65417,卖盘
1911,10:22:34,3.14,0.01,382,119948,买盘
1912,10:22:30,3.13,-0.01,7,2191,卖盘
1913,10:22:25,3.14,--,394,123716,买盘
1914,10:22:19,3.14,--,52,16328,买盘
1915,10:22:15,3.14,--,6,1884,买盘
1916,10:22:10,3.14,--,51,16014,买盘
1917,10:22:04,3.14,--,91,28574,买盘
1918,10:22:00,3.14,0.01,821,257794,买盘
1919,10:21:55,3.13,-0.01,230,71990,卖盘
1920,10:21:49,3.14,--,61,19154,买盘
1921,10:21:45,3.14,--,640,200960,买盘
1922,10:21:40,3.14,--,496,155744,买盘
1923,10:21:34,3.14,--,2015,632710,买盘
1924,10:21:30,3.14,--,826,259364,买盘
1925,10:21:25,3.14,--,490,153860,买盘
1926,10:21:15,3.14,0.01,26,8164,买盘
1927,10:21:10,3.13,--,260,81380,卖盘
1928,10:21:04,3.13,-0.01,1085,339605,卖盘
1929,10:21:00,3.14,--,463,145382,买盘
1930,10:20:55,3.14,0.01,200,62800,买盘
1931,10:20:49,3.13,--,133,41629,卖盘
1932,10:20:40,3.13,-0.01,50,15650,卖盘
1933,10:20:34,3.14,--,2,628,买盘
1934,10:20:30,3.14,0.01,447,140358,买盘
1935,10:20:25,3.13,-0.01,212,66356,卖盘
1936,10:20:19,3.14,--,203,63742,买盘
1937,10:20:15,3.14,--,12,3768,买盘
1938,10:20:00,3.14,0.01,310,97340,买盘
1939,10:19:55,3.13,--,321,100473,卖盘
1940,10:19:49,3.13,-0.01,31,9703,卖盘
1941,10:19:45,3.14,--,136,42704,买盘
1942,10:19:34,3.14,--,26,8164,买盘
1943,10:19:30,3.14,--,91,28574,买盘
1944,10:19:25,3.14,0.01,377,118378,买盘
1945,10:19:19,3.13,-0.01,13,4069,卖盘
1946,10:19:15,3.14,--,12,3768,买盘
1947,10:19:10,3.14,0.01,3183,999462,买盘
1948,10:19:04,3.13,-0.01,23,7199,卖盘
1949,10:19:00,3.14,--,672,211008,买盘
1950,10:18:55,3.14,--,388,121832,买盘
1951,10:18:49,3.14,--,143,44902,买盘
1952,10:18:45,3.14,--,340,106760,买盘
1953,10:18:40,3.14,--,123,38622,买盘
1954,10:18:34,3.14,--,10,3140,买盘
1955,10:18:30,3.14,0.01,591,185574,买盘
1956,10:18:25,3.13,-0.01,284,88892,卖盘
1957,10:18:15,3.14,--,6,1884,买盘
1958,10:18:00,3.14,0.01,308,96712,买盘
1959,10:17:55,3.13,--,1492,467086,买盘
1960,10:17:49,3.13,--,441,138033,买盘
1961,10:17:45,3.13,--,4184,1309592,买盘
1962,10:17:40,3.13,--,10533,3296829,买盘
1963,10:17:34,3.13,--,357,111741,买盘
1964,10:17:30,3.13,--,102,31926,买盘
1965,10:17:25,3.13,--,874,273562,买盘
1966,10:17:19,3.13,--,168,52584,买盘
1967,10:17:15,3.13,--,204,63852,买盘
1968,10:17:10,3.13,--,3942,1233846,买盘
1969,10:17:04,3.13,--,1640,513320,买盘
1970,10:17:00,3.13,--,2207,690791,买盘
1971,10:16:55,3.13,--,2974,930862,买盘
1972,10:16:49,3.13,--,40,12520,买盘
1973,10:16:45,3.13,--,563,176219,买盘
1974,10:16:40,3.13,--,1104,345552,买盘
1975,10:16:34,3.13,--,9402,2942826,买盘
1976,10:16:30,3.13,--,1542,482646,买盘
1977,10:16:25,3.13,--,4122,1290186,买盘
1978,10:16:19,3.13,--,15,4695,买盘
1979,10:16:15,3.13,--,10867,3401371,买盘
1980,10:16:10,3.13,--,170,53210,买盘
1981,10:16:04,3.13,--,10,3130,买盘
1982,10:15:58,3.13,--,146,45698,买盘
1983,10:15:54,3.13,--,262,82006,买盘
1984,10:15:49,3.13,--,928,290464,买盘
1985,10:15:43,3.13,--,116,36308,买盘
1986,10:15:40,3.13,--,2619,819747,买盘
1987,10:15:34,3.13,--,967,302671,买盘
1988,10:15:28,3.13,--,376,117688,买盘
1989,10:15:25,3.13,--,6181,1934653,买盘
1990,10:15:19,3.13,--,697,218161,买盘
1991,10:15:13,3.13,--,550,172150,买盘
1992,10:15:09,3.13,--,5879,1840127,买盘
1993,10:15:04,3.13,--,2588,810044,买盘
1994,10:14:58,3.13,--,748,234124,买盘
1995,10:14:54,3.13,--,2377,744001,买盘
1996,10:14:49,3.13,--,2726,853238,买盘
1997,10:14:43,3.13,--,25,7825,买盘
1998,10:14:39,3.13,0.01,1143,357759,买盘
1999,10:14:34,3.12,-0.01,325,101400,卖盘
2000,10:14:28,3.13,--,799,250087,买盘
2001,10:14:24,3.13,--,3305,1034465,买盘
2002,10:14:19,3.13,--,16776,5250888,买盘
2003,10:14:13,3.13,--,5173,1619149,买盘
2004,10:14:09,3.13,--,5284,1653892,买盘
2005,10:14:04,3.13,--,429,134277,买盘
2006,10:13:54,3.13,--,200,62600,买盘
2007,10:13:49,3.13,--,37,11581,买盘
2008,10:13:43,3.13,--,390,122070,买盘
2009,10:13:39,3.13,0.01,364,113932,买盘
2010,10:13:34,3.12,--,4140,1291680,卖盘
2011,10:13:24,3.12,-0.01,205,63960,卖盘
2012,10:13:19,3.13,--,46,14398,买盘
2013,10:13:13,3.13,--,403,126139,买盘
2014,10:13:09,3.13,--,543,169959,买盘
2015,10:13:04,3.13,--,306,95778,买盘
2016,10:12:54,3.13,--,376,117688,买盘
2017,10:12:49,3.13,0.01,83,25979,买盘
2018,10:12:39,3.12,-0.01,345,107640,卖盘
2019,10:12:34,3.13,--,659,206267,买盘
2020,10:12:28,3.13,--,188,58844,买盘
2021,10:12:24,3.13,--,626,195938,买盘
2022,10:12:19,3.13,--,407,127391,买盘
2023,10:12:09,3.13,0.01,176,55088,买盘
2024,10:12:04,3.12,-0.01,328,102336,卖盘
2025,10:11:58,3.13,--,10,3130,买盘
2026,10:11:54,3.13,--,7,2191,买盘
2027,10:11:49,3.13,0.01,176,55088,买盘
2028,10:11:39,3.12,-0.01,91,28392,卖盘
2029,10:11:34,3.13,--,17,5321,买盘
2030,10:11:28,3.13,--,264,82632,买盘
2031,10:11:24,3.13,--,281,87953,买盘
2032,10:11:19,3.13,--,201,62913,买盘
2033,10:11:13,3.13,0.01,900,281700,买盘
2034,10:11:09,3.12,--,1,312,卖盘
2035,10:11:04,3.12,-0.01,33,10296,卖盘
2036,10:10:54,3.13,0.01,1627,509251,买盘
2037,10:10:49,3.12,--,5,1560,卖盘
2038,10:10:43,3.12,-0.01,58,18096,卖盘
2039,10:10:39,3.13,0.01,65,20345,买盘
2040,10:10:34,3.12,-0.01,75,23400,卖盘
2041,10:10:28,3.13,--,200,62600,买盘
2042,10:10:24,3.13,0.01,592,185296,买盘
2043,10:10:19,3.12,--,521,162552,卖盘
2044,10:10:13,3.12,--,110,34320,卖盘
2045,10:10:03,3.12,-0.01,158,49296,卖盘
2046,10:09:58,3.13,--,323,101099,买盘
2047,10:09:54,3.13,--,296,92648,买盘
2048,10:09:49,3.13,--,624,195312,买盘
2049,10:09:43,3.13,--,86,26918,买盘
2050,10:09:39,3.13,--,23,7199,买盘
2051,10:09:33,3.13,--,31,9703,买盘
2052,10:09:28,3.13,0.01,20,6260,买盘
2053,10:09:24,3.12,-0.01,333,103896,卖盘
2054,10:09:18,3.13,--,1079,337773,买盘
2055,10:09:13,3.13,0.01,89,27857,买盘
2056,10:09:09,3.12,-0.01,237,74193,卖盘
2057,10:09:03,3.13,0.01,100,31300,买盘
2058,10:08:58,3.12,-0.01,120,37440,卖盘
2059,10:08:53,3.13,--,324,101412,买盘
2060,10:08:48,3.13,0.01,2,626,买盘
2061,10:08:43,3.12,-0.01,182,56784,卖盘
2062,10:08:33,3.13,--,14,4382,买盘
2063,10:08:28,3.13,--,130,40690,买盘
2064,10:08:22,3.13,--,404,126452,买盘
2065,10:08:18,3.13,--,16,5008,买盘
2066,10:08:13,3.13,--,3146,985007,买盘
2067,10:08:03,3.13,0.01,210,65730,买盘
2068,10:07:58,3.12,-0.01,50,15600,卖盘
2069,10:07:52,3.13,0.01,287,89831,买盘
2070,10:07:48,3.12,--,19,5928,卖盘
2071,10:07:43,3.12,-0.01,562,175344,卖盘
2072,10:07:33,3.13,0.01,679,212527,买盘
2073,10:07:28,3.12,-0.01,498,155376,卖盘
2074,10:07:22,3.13,--,287,89831,买盘
2075,10:07:18,3.13,--,210,65730,买盘
2076,10:07:13,3.13,0.01,10,3130,买盘
2077,10:07:07,3.12,-0.01,1,312,卖盘
2078,10:07:03,3.13,0.01,358,112054,买盘
2079,10:06:58,3.12,-0.01,4,1248,卖盘
2080,10:06:52,3.13,0.01,297,92961,买盘
2081,10:06:48,3.12,-0.01,270,84240,卖盘
2082,10:06:43,3.13,0.01,4776,1495097,买盘
2083,10:06:37,3.12,-0.01,117,36504,卖盘
2084,10:06:33,3.13,--,372,116436,买盘
2085,10:06:28,3.13,--,864,270432,买盘
2086,10:06:22,3.13,--,287,89831,买盘
2087,10:06:18,3.13,--,396,123948,买盘
2088,10:06:13,3.13,0.01,1631,510503,买盘
2089,10:06:07,3.12,-0.01,87,27144,卖盘
2090,10:06:03,3.13,0.01,1,313,买盘
2091,10:05:52,3.12,-0.01,451,140712,卖盘
2092,10:05:48,3.13,--,1,313,买盘
2093,10:05:43,3.13,--,342,107046,买盘
2094,10:05:33,3.13,--,130,40690,买盘
2095,10:05:28,3.13,--,501,156813,买盘
2096,10:05:22,3.13,--,6,1878,买盘
2097,10:05:18,3.13,0.01,829,259477,买盘
2098,10:05:07,3.12,-0.01,1,312,卖盘
2099,10:05:03,3.13,--,200,62600,买盘
2100,10:04:58,3.13,--,30,9390,买盘
2101,10:04:52,3.13,--,6,1878,买盘
2102,10:04:48,3.13,--,328,102664,买盘
2103,10:04:43,3.13,--,365,114245,买盘
2104,10:04:37,3.13,--,3902,1221326,买盘
2105,10:04:28,3.13,--,273,85449,买盘
2106,10:04:18,3.13,--,408,127704,买盘
2107,10:04:13,3.13,--,330,103290,买盘
2108,10:04:02,3.13,--,15,4695,买盘
2109,10:03:48,3.13,--,7,2191,买盘
2110,10:03:42,3.13,0.01,313,97969,买盘
2111,10:03:33,3.12,--,1082,337839,卖盘
2112,10:03:22,3.12,-0.01,221,68952,卖盘
2113,10:03:17,3.13,--,82,25666,买盘
2114,10:03:12,3.13,0.01,319,99847,买盘
2115,10:03:07,3.12,-0.01,1,312,卖盘
2116,10:03:02,3.13,--,37,11581,买盘
2117,10:02:57,3.13,--,1270,397510,买盘
2118,10:02:52,3.13,0.01,44,13772,买盘
2119,10:02:47,3.12,-0.01,255,79560,卖盘
2120,10:02:42,3.13,0.01,282,88266,买盘
2121,10:02:37,3.12,-0.01,11,3432,卖盘
2122,10:02:32,3.13,0.01,306,95778,买盘
2123,10:02:27,3.12,-0.01,596,185952,卖盘
2124,10:02:22,3.13,0.01,1,313,买盘
2125,10:02:17,3.12,-0.01,1025,319800,卖盘
2126,10:02:12,3.13,--,517,161821,买盘
2127,10:02:02,3.13,0.01,282,88266,买盘
2128,10:01:57,3.12,-0.01,66,20592,卖盘
2129,10:01:52,3.13,0.02,220,68860,买盘
2130,10:01:47,3.11,-0.01,1064,330904,卖盘
2131,10:01:42,3.12,--,35,10920,卖盘
2132,10:01:37,3.12,-0.01,353,110136,卖盘
2133,10:01:31,3.13,0.01,151,47263,买盘
2134,10:01:27,3.12,--,2,624,卖盘
2135,10:01:22,3.12,0.01,80,24960,买盘
2136,10:01:16,3.11,-0.01,860,267460,卖盘
2137,10:01:12,3.12,--,135,42182,卖盘
2138,10:01:07,3.12,-0.01,303,94536,卖盘
2139,10:01:01,3.13,0.01,14,4382,买盘
2140,10:00:57,3.12,--,332,103584,卖盘
2141,10:00:52,3.12,-0.01,2,624,中性盘
2142,10:00:46,3.13,0.01,3837,1200981,买盘
2143,10:00:42,3.12,--,101,31512,买盘
2144,10:00:37,3.12,--,416,129792,买盘
2145,10:00:31,3.12,--,39,12168,买盘
2146,10:00:27,3.12,--,280,87360,买盘
2147,10:00:22,3.12,--,286,89232,买盘
2148,10:00:16,3.12,--,11,3432,买盘
2149,10:00:12,3.12,--,32,9984,买盘
2150,10:00:07,3.12,--,64,19968,买盘
2151,10:00:01,3.12,--,291,90792,买盘
2152,09:59:57,3.12,--,144,44928,买盘
2153,09:59:52,3.12,--,448,139776,买盘
2154,09:59:46,3.12,--,100,31200,买盘
2155,09:59:42,3.12,--,100,31200,买盘
2156,09:59:37,3.12,--,284,88608,买盘
2157,09:59:31,3.12,0.01,343,107016,买盘
2158,09:59:27,3.11,-0.01,67,20837,卖盘
2159,09:59:22,3.12,0.01,139,43368,买盘
2160,09:59:12,3.11,--,53,16483,卖盘
2161,09:59:07,3.11,--,2755,856805,卖盘
2162,09:59:01,3.11,-0.01,1,311,卖盘
2163,09:58:57,3.12,0.01,632,197184,买盘
2164,09:58:52,3.11,-0.01,50,15550,卖盘
2165,09:58:46,3.12,--,10,3120,买盘
2166,09:58:42,3.12,--,29,9048,买盘
2167,09:58:37,3.12,--,91,28392,买盘
2168,09:58:31,3.12,--,10,3120,买盘
2169,09:58:26,3.12,--,360,112320,买盘
2170,09:58:22,3.12,--,1061,331032,买盘
2171,09:58:16,3.12,--,140,43680,买盘
2172,09:58:11,3.12,0.01,100,31200,买盘
2173,09:58:07,3.11,--,228,70908,卖盘
2174,09:58:01,3.11,-0.01,248,77128,卖盘
2175,09:57:56,3.12,--,504,157248,买盘
2176,09:57:52,3.12,--,542,169104,买盘
2177,09:57:41,3.12,0.01,170,53040,买盘
2178,09:57:36,3.11,--,1,311,卖盘
2179,09:57:31,3.11,--,257,79927,卖盘
2180,09:57:26,3.11,--,9,2799,卖盘
2181,09:57:21,3.11,-0.01,315,97965,卖盘
2182,09:57:16,3.12,--,18,5616,买盘
2183,09:57:11,3.12,0.01,154,48048,买盘
2184,09:57:06,3.11,--,75,23325,卖盘
2185,09:57:01,3.11,--,12,3732,卖盘
2186,09:56:56,3.11,--,48,14928,卖盘
2187,09:56:51,3.11,--,801,249111,卖盘
2188,09:56:46,3.11,--,546,169806,卖盘
2189,09:56:41,3.11,--,872,271192,卖盘
2190,09:56:36,3.11,--,733,227963,卖盘
2191,09:56:31,3.11,--,78,24258,卖盘
2192,09:56:26,3.11,--,101,31411,卖盘
2193,09:56:21,3.11,-0.01,394,122534,卖盘
2194,09:56:11,3.12,--,134,41808,买盘
2195,09:56:06,3.12,0.01,149,46488,买盘
2196,09:55:56,3.11,-0.01,2,622,卖盘
2197,09:55:51,3.12,--,365,113880,买盘
2198,09:55:46,3.12,0.01,7,2184,买盘
2199,09:55:41,3.11,-0.01,10,3110,卖盘
2200,09:55:36,3.12,--,371,115752,买盘
2201,09:55:31,3.12,--,26,8112,买盘
2202,09:55:26,3.12,--,230,71760,买盘
2203,09:55:21,3.12,--,515,160680,买盘
2204,09:55:16,3.12,--,55,17160,买盘
2205,09:55:11,3.12,0.01,51,15912,买盘
2206,09:55:06,3.11,-0.01,7,2177,卖盘
2207,09:55:01,3.12,--,89,27768,买盘
2208,09:54:56,3.12,--,98,30576,买盘
2209,09:54:51,3.12,--,173,53976,买盘
2210,09:54:46,3.12,--,315,98280,买盘
2211,09:54:41,3.12,--,66,20592,买盘
2212,09:54:36,3.12,--,40,12480,买盘
2213,09:54:31,3.12,--,3,936,买盘
2214,09:54:26,3.12,--,142,44304,买盘
2215,09:54:21,3.12,0.01,56,17472,买盘
2216,09:54:16,3.11,-0.01,37,11507,卖盘
2217,09:54:11,3.12,--,366,114192,买盘
2218,09:54:06,3.12,--,196,61152,买盘
2219,09:53:56,3.12,--,163,50856,买盘
2220,09:53:51,3.12,--,36,11232,买盘
2221,09:53:46,3.12,0.01,13,4056,买盘
2222,09:53:40,3.11,-0.01,13,4043,卖盘
2223,09:53:36,3.12,--,306,95472,买盘
2224,09:53:31,3.12,--,110,34320,买盘
2225,09:53:25,3.12,0.01,15,4680,买盘
2226,09:53:21,3.11,-0.01,222,69042,卖盘
2227,09:53:16,3.12,--,70,21840,买盘
2228,09:53:10,3.12,--,1055,329160,买盘
2229,09:53:06,3.12,--,318,99216,买盘
2230,09:53:01,3.12,--,1010,315120,买盘
2231,09:52:55,3.12,0.01,84,26208,买盘
2232,09:52:51,3.11,--,41,12751,卖盘
2233,09:52:46,3.11,--,169,52559,卖盘
2234,09:52:40,3.11,--,26,8086,卖盘
2235,09:52:36,3.11,-0.01,385,119735,卖盘
2236,09:52:31,3.12,0.01,9,2808,买盘
2237,09:52:25,3.11,-0.01,77,23947,卖盘
2238,09:52:21,3.12,--,131,40872,买盘
2239,09:52:16,3.12,0.01,14,4368,买盘
2240,09:52:10,3.11,--,10,3110,卖盘
2241,09:52:06,3.11,-0.01,1345,418295,卖盘
2242,09:52:01,3.12,0.01,239,74568,买盘
2243,09:51:55,3.11,--,77,23947,卖盘
2244,09:51:51,3.11,-0.01,1534,477074,卖盘
2245,09:51:46,3.12,--,233,72696,买盘
2246,09:51:40,3.12,--,9,2808,买盘
2247,09:51:36,3.12,--,302,94224,买盘
2248,09:51:25,3.12,--,82,25584,买盘
2249,09:51:21,3.12,--,9,2808,买盘
2250,09:51:16,3.12,--,149,46488,买盘
2251,09:51:10,3.12,--,150,46800,买盘
2252,09:51:06,3.12,--,460,143520,买盘
2253,09:51:01,3.12,--,746,232752,买盘
2254,09:50:55,3.12,0.01,154,48048,买盘
2255,09:50:51,3.11,-0.01,111,34521,卖盘
2256,09:50:45,3.12,--,353,110136,买盘
2257,09:50:40,3.12,--,17,5304,买盘
2258,09:50:35,3.12,--,329,102648,买盘
2259,09:50:30,3.12,--,108,33696,买盘
2260,09:50:25,3.12,0.01,273,85176,买盘
2261,09:50:21,3.11,-0.01,16,4976,卖盘
2262,09:50:15,3.12,--,27,8424,买盘
2263,09:50:05,3.12,--,41,12792,买盘
2264,09:50:00,3.12,--,773,241176,买盘
2265,09:49:55,3.12,--,20,6240,买盘
2266,09:49:50,3.12,--,728,227136,买盘
2267,09:49:40,3.12,0.01,712,222144,买盘
2268,09:49:35,3.11,-0.01,10,3110,卖盘
2269,09:49:30,3.12,--,25,7800,买盘
2270,09:49:25,3.12,--,284,88608,买盘
2271,09:49:20,3.12,0.01,36,11232,买盘
2272,09:49:15,3.11,-0.01,30,9330,卖盘
2273,09:49:10,3.12,0.01,573,178776,买盘
2274,09:49:05,3.11,-0.01,1,311,卖盘
2275,09:49:00,3.12,--,426,132912,买盘
2276,09:48:55,3.12,--,338,105456,买盘
2277,09:48:50,3.12,0.01,711,221832,买盘
2278,09:48:45,3.11,-0.01,29,9019,卖盘
2279,09:48:35,3.12,--,94,29328,买盘
2280,09:48:30,3.12,--,245,76440,买盘
2281,09:48:25,3.12,--,20,6240,买盘
2282,09:48:20,3.12,--,327,102024,买盘
2283,09:48:15,3.12,--,151,47112,买盘
2284,09:48:10,3.12,--,23,7176,买盘
2285,09:48:05,3.12,0.01,2,624,买盘
2286,09:48:00,3.11,-0.01,12,3732,卖盘
2287,09:47:50,3.12,--,6259,1952808,买盘
2288,09:47:45,3.12,--,629,196248,买盘
2289,09:47:40,3.12,--,50,15600,买盘
2290,09:47:35,3.12,--,271,84552,买盘
2291,09:47:30,3.12,--,360,112320,买盘
2292,09:47:25,3.12,--,906,282672,买盘
2293,09:47:20,3.12,--,67,20904,买盘
2294,09:47:15,3.12,0.01,330,102960,买盘
2295,09:47:10,3.11,--,10,3110,卖盘
2296,09:47:05,3.11,-0.01,618,192198,卖盘
2297,09:47:00,3.12,--,62,19344,买盘
2298,09:46:55,3.12,0.01,100,31200,买盘
2299,09:46:50,3.11,-0.01,785,244135,卖盘
2300,09:46:45,3.12,--,440,137280,买盘
2301,09:46:35,3.12,--,1554,484848,买盘
2302,09:46:30,3.12,--,46,14352,买盘
2303,09:46:25,3.12,--,19,5928,买盘
2304,09:46:20,3.12,--,121,37752,买盘
2305,09:46:15,3.12,--,132,41184,买盘
2306,09:46:10,3.12,--,1,312,买盘
2307,09:46:04,3.12,0.01,46,14352,买盘
2308,09:46:00,3.11,--,321,99831,卖盘
2309,09:45:55,3.11,-0.01,173,53803,卖盘
2310,09:45:49,3.12,0.01,9499,2963688,买盘
2311,09:45:45,3.11,-0.01,127,39497,卖盘
2312,09:45:40,3.12,--,10035,3130920,买盘
2313,09:45:34,3.12,--,10118,3156816,买盘
2314,09:45:30,3.12,0.01,10000,3120000,买盘
2315,09:45:25,3.11,-0.01,50,15550,卖盘
2316,09:45:19,3.12,--,8505,2653560,买盘
2317,09:45:15,3.12,--,10,3120,买盘
2318,09:45:10,3.12,0.01,242,75504,买盘
2319,09:45:04,3.11,-0.01,3001,933311,卖盘
2320,09:45:00,3.12,0.01,112,34944,买盘
2321,09:44:55,3.11,--,47,14617,卖盘
2322,09:44:45,3.11,--,354,110094,卖盘
2323,09:44:40,3.11,--,116,36076,卖盘
2324,09:44:34,3.11,--,15,4665,卖盘
2325,09:44:25,3.11,-0.01,7,2177,卖盘
2326,09:44:19,3.12,--,6,1872,买盘
2327,09:44:15,3.12,--,1,312,买盘
2328,09:44:10,3.12,0.01,26,8112,买盘
2329,09:44:04,3.11,--,37,11507,卖盘
2330,09:44:00,3.11,--,28,8708,卖盘
2331,09:43:39,3.11,--,45,13995,卖盘
2332,09:43:34,3.11,--,26,8086,卖盘
2333,09:43:30,3.11,-0.01,451,140261,卖盘
2334,09:43:24,3.12,--,7,2184,买盘
2335,09:43:19,3.12,--,140,43680,买盘
2336,09:43:15,3.12,0.01,12,3744,买盘
2337,09:43:04,3.11,-0.01,84,26124,卖盘
2338,09:42:54,3.12,--,6,1872,买盘
2339,09:42:44,3.12,0.01,1,312,买盘
2340,09:42:39,3.11,--,40,12440,卖盘
2341,09:42:29,3.11,--,529,164519,卖盘
2342,09:42:24,3.11,--,404,125644,卖盘
2343,09:42:19,3.11,-0.01,142,44162,卖盘
2344,09:42:09,3.12,0.01,1,312,买盘
2345,09:41:59,3.11,--,5009,1557799,卖盘
2346,09:41:49,3.11,--,191,59401,卖盘
2347,09:41:39,3.11,--,1,311,卖盘
2348,09:41:34,3.11,--,49,15239,卖盘
2349,09:41:19,3.11,-0.01,552,171672,卖盘
2350,09:41:14,3.12,0.01,403,125736,买盘
2351,09:41:04,3.11,--,6,1866,卖盘
2352,09:40:59,3.11,--,68,21148,卖盘
2353,09:40:54,3.11,--,4,1244,卖盘
2354,09:40:44,3.11,--,10000,3110000,卖盘
2355,09:40:39,3.11,-0.01,5410,1682510,卖盘
2356,09:40:34,3.12,--,2064,643968,买盘
2357,09:40:29,3.12,0.01,12,3744,买盘
2358,09:40:24,3.11,-0.01,140,43540,卖盘
2359,09:40:19,3.12,0.01,281,87672,买盘
2360,09:40:14,3.11,--,155,48205,卖盘
2361,09:40:09,3.11,-0.01,315,97965,卖盘
2362,09:40:04,3.12,0.01,57,17784,买盘
2363,09:39:59,3.11,--,407,126577,卖盘
2364,09:39:54,3.11,--,230,71530,卖盘
2365,09:39:39,3.11,-0.01,20,6220,卖盘
2366,09:39:34,3.12,--,4,1248,买盘
2367,09:39:24,3.12,0.01,6,1872,买盘
2368,09:39:09,3.11,--,64,19904,卖盘
2369,09:39:04,3.11,-0.01,1,311,卖盘
2370,09:38:59,3.12,--,11,3432,买盘
2371,09:38:54,3.12,--,193,60216,买盘
2372,09:38:49,3.12,0.01,25,7800,买盘
2373,09:38:44,3.11,-0.01,14,4354,卖盘
2374,09:38:39,3.12,0.01,82,25584,买盘
2375,09:38:34,3.11,-0.01,68,21148,卖盘
2376,09:38:24,3.12,--,24,7488,买盘
2377,09:38:19,3.12,--,36,11232,买盘
2378,09:38:13,3.12,--,8,2496,买盘
2379,09:38:09,3.12,--,3,936,买盘
2380,09:38:04,3.12,--,11,3432,买盘
2381,09:37:58,3.12,0.01,1,312,买盘
2382,09:37:54,3.11,--,370,115070,卖盘
2383,09:37:49,3.11,--,300,93300,卖盘
2384,09:37:43,3.11,-0.01,20,6220,卖盘
2385,09:37:34,3.12,0.01,2,624,买盘
2386,09:37:28,3.11,--,5,1555,卖盘
2387,09:37:24,3.11,-0.01,56,17416,卖盘
2388,09:37:19,3.12,0.01,36,11232,买盘
2389,09:37:13,3.11,--,3,933,卖盘
2390,09:37:09,3.11,--,10,3110,卖盘
2391,09:37:04,3.11,--,221,68731,卖盘
2392,09:36:58,3.11,--,77,23947,卖盘
2393,09:36:54,3.11,--,21,6531,卖盘
2394,09:36:49,3.11,--,194,60334,卖盘
2395,09:36:43,3.11,-0.01,1,311,卖盘
2396,09:36:34,3.12,0.01,54,16848,买盘
2397,09:36:28,3.11,-0.01,718,223298,卖盘
2398,09:36:23,3.12,--,224,69888,买盘
2399,09:36:19,3.12,--,346,107952,买盘
2400,09:36:13,3.12,0.01,1556,485596,买盘
2401,09:36:08,3.11,--,677,210733,卖盘
2402,09:36:04,3.11,--,135,42047,卖盘
2403,09:35:58,3.11,-0.01,9,2799,卖盘
2404,09:35:53,3.12,0.01,598,186576,买盘
2405,09:35:48,3.11,-0.01,310,96410,卖盘
2406,09:35:43,3.12,0.01,541,168792,买盘
2407,09:35:38,3.11,-0.01,26,8086,卖盘
2408,09:35:33,3.12,0.01,208,64896,买盘
2409,09:35:28,3.11,-0.01,130,40430,卖盘
2410,09:35:23,3.12,--,480,149853,买盘
2411,09:35:18,3.12,0.01,546,170352,买盘
2412,09:35:13,3.11,--,3108,966712,卖盘
2413,09:35:08,3.11,-0.01,1941,603713,卖盘
2414,09:35:03,3.12,0.01,16,4992,买盘
2415,09:34:53,3.11,--,67,20837,卖盘
2416,09:34:48,3.11,-0.01,60,18660,卖盘
2417,09:34:43,3.12,0.01,20,6240,买盘
2418,09:34:38,3.11,--,1,311,卖盘
2419,09:34:33,3.11,--,269,83659,卖盘
2420,09:34:28,3.11,-0.01,10,3110,卖盘
2421,09:34:23,3.12,0.01,16,4992,买盘
2422,09:34:18,3.11,-0.01,6,1866,卖盘
2423,09:34:13,3.12,0.01,22,6864,买盘
2424,09:34:03,3.11,--,450,139950,卖盘
2425,09:33:58,3.11,-0.01,5,1555,卖盘
2426,09:33:53,3.12,0.01,56,17472,买盘
2427,09:33:48,3.11,-0.01,47,14617,卖盘
2428,09:33:38,3.12,0.01,97,30264,买盘
2429,09:33:33,3.11,-0.01,2194,682334,卖盘
2430,09:33:28,3.12,--,64,19968,买盘
2431,09:33:23,3.12,0.01,74,23088,买盘
2432,09:33:18,3.11,-0.01,64,19904,卖盘
2433,09:33:13,3.12,--,3,936,买盘
2434,09:33:08,3.12,0.01,14,4368,买盘
2435,09:33:03,3.11,-0.01,1,311,卖盘
2436,09:32:58,3.12,--,19,5928,买盘
2437,09:32:53,3.12,--,55,17160,买盘
2438,09:32:38,3.12,--,158,49296,买盘
2439,09:32:33,3.12,--,6,1872,买盘
2440,09:32:28,3.12,--,325,101400,买盘
2441,09:32:23,3.12,0.01,26,8112,买盘
2442,09:32:13,3.11,-0.01,59,18349,卖盘
2443,09:32:08,3.12,0.01,56,17472,买盘
2444,09:31:53,3.11,-0.01,384,119424,卖盘
2445,09:31:48,3.12,--,1580,492960,买盘
2446,09:31:43,3.12,--,298,92976,买盘
2447,09:31:38,3.12,0.01,101,31512,买盘
2448,09:31:33,3.11,-0.01,47,14617,卖盘
2449,09:31:23,3.12,0.01,309,96470,买盘
2450,09:31:18,3.11,-0.01,135,42047,卖盘
2451,09:31:08,3.12,--,996,310752,买盘
2452,09:31:03,3.12,--,11,3432,买盘
2453,09:30:58,3.12,0.01,78,24336,买盘
2454,09:30:52,3.11,-0.01,203,63133,卖盘
2455,09:30:48,3.12,0.01,1001,312374,买盘
2456,09:30:43,3.11,-0.01,101,31411,卖盘
2457,09:30:38,3.12,--,209,65208,买盘
2458,09:30:33,3.12,0.01,1112,346944,买盘
2459,09:30:27,3.11,-0.01,661,205571,卖盘
2460,09:30:18,3.12,--,100,31200,买盘
2461,09:30:12,3.12,0.01,141,43992,买盘
2462,09:30:07,3.11,-0.01,2280,709080,卖盘
2463,09:30:02,3.12,--,211,65832,买盘
2464,09:28:46,3.12,--,0,0,买盘
2465,09:25:05,3.12,3.12,6357,1983384,买盘
