,time,price,change,volume,amount,type
0,15:00:22,42.97,--,421,1809037,卖盘
1,14:58:16,42.97,--,0,0,卖盘
2,14:56:58,42.97,0.01,17,73049,买盘
3,14:56:55,42.96,-0.01,4,17184,中性盘
4,14:56:52,42.97,--,21,90237,买盘
5,14:56:49,42.97,--,4,17188,买盘
6,14:56:46,42.97,--,5,21485,买盘
7,14:56:40,42.97,-0.01,15,64455,卖盘
8,14:56:37,42.98,-0.01,18,77364,卖盘
9,14:56:34,42.99,0.01,67,288033,买盘
10,14:56:31,42.98,0.01,17,73066,中性盘
11,14:56:25,42.97,-0.01,6,25782,卖盘
12,14:56:22,42.98,--,4,17192,卖盘
13,14:56:19,42.98,-0.01,29,124641,卖盘
14,14:56:16,42.99,0.03,10,42990,买盘
15,14:56:13,42.96,-0.03,26,111696,卖盘
16,14:56:07,42.99,0.04,11,47289,买盘
17,14:56:01,42.95,--,10,42950,卖盘
18,14:55:58,42.95,--,27,115965,卖盘
19,14:55:52,42.95,-0.03,11,47245,卖盘
20,14:55:49,42.98,--,8,34384,买盘
21,14:55:46,42.98,--,9,38682,买盘
22,14:55:40,42.98,0.03,1,4298,买盘
23,14:55:37,42.95,--,3,12885,卖盘
24,14:55:34,42.95,-0.03,5,21475,卖盘
25,14:55:25,42.98,0.05,6,25787,买盘
26,14:55:19,42.93,--,22,94446,卖盘
27,14:55:13,42.93,-0.05,2,8586,卖盘
28,14:55:10,42.98,0.06,5,21490,买盘
29,14:55:07,42.92,--,9,38628,卖盘
30,14:54:58,42.92,--,5,21460,卖盘
31,14:54:52,42.92,--,2,8584,卖盘
32,14:54:49,42.92,-0.01,2,8584,卖盘
33,14:54:46,42.93,0.01,1,4293,买盘
34,14:54:43,42.92,0.02,2,8584,中性盘
35,14:54:37,42.9,-0.02,6,25740,卖盘
36,14:54:34,42.92,--,2,8584,买盘
37,14:54:31,42.92,--,1,4292,买盘
38,14:54:28,42.92,--,1,4292,买盘
39,14:54:22,42.92,-0.07,7,30044,中性盘
40,14:54:16,42.99,0.07,38,163362,买盘
41,14:54:07,42.92,0.03,1,4292,买盘
42,14:54:04,42.89,-0.03,2,8578,卖盘
43,14:53:58,42.92,0.04,7,30044,买盘
44,14:53:49,42.88,-0.01,11,47168,卖盘
45,14:53:43,42.89,--,1,4289,买盘
46,14:53:40,42.89,0.01,1,4289,买盘
47,14:53:37,42.88,--,2,8576,卖盘
48,14:53:31,42.88,--,4,17152,买盘
49,14:53:28,42.88,0.04,1,4288,买盘
50,14:53:19,42.84,--,16,68544,卖盘
51,14:53:07,42.84,--,5,21420,卖盘
52,14:53:01,42.84,--,96,413920,买盘
53,14:52:58,42.84,0.04,309,1323756,买盘
54,14:52:55,42.8,0.01,73,312440,买盘
55,14:52:52,42.79,-0.01,16,68464,卖盘
56,14:52:49,42.8,0.01,66,282480,买盘
57,14:52:46,42.79,-0.01,11,47069,卖盘
58,14:52:43,42.8,0.01,308,1318240,买盘
59,14:52:37,42.79,-0.01,1,4279,买盘
60,14:52:31,42.8,--,20,85600,买盘
61,14:52:25,42.8,0.03,1,4280,买盘
62,14:52:22,42.77,-0.03,1,4277,卖盘
63,14:52:16,42.8,--,13,55639,买盘
64,14:52:10,42.8,0.03,5,21400,买盘
65,14:52:07,42.77,--,2,8554,卖盘
66,14:52:04,42.77,--,8,34216,卖盘
67,14:52:01,42.77,-0.03,46,196742,卖盘
68,14:51:58,42.8,0.03,2,8560,买盘
69,14:51:49,42.77,--,16,68432,买盘
70,14:51:46,42.77,--,16,68432,买盘
71,14:51:43,42.77,0.05,13,55601,买盘
72,14:51:37,42.72,-0.05,1,4272,卖盘
73,14:51:34,42.77,0.06,6,25662,买盘
74,14:51:28,42.71,-0.06,16,68336,卖盘
75,14:51:25,42.77,--,5,21385,买盘
76,14:51:22,42.77,0.06,1,4277,买盘
77,14:51:19,42.71,-0.06,34,145214,卖盘
78,14:51:13,42.77,-0.03,5,21385,中性盘
79,14:51:10,42.8,--,2,8560,买盘
80,14:51:07,42.8,-0.01,40,171200,卖盘
81,14:51:04,42.81,-0.03,63,269703,中性盘
82,14:50:58,42.84,0.04,1,4284,买盘
83,14:50:55,42.8,-0.04,90,385200,卖盘
84,14:50:49,42.84,--,12,51408,买盘
85,14:50:43,42.84,-0.04,224,960858,卖盘
86,14:50:34,42.88,-0.12,57,244416,卖盘
87,14:50:31,43.0,0.12,50,215000,买盘
88,14:50:25,42.88,-0.02,46,197248,卖盘
89,14:50:16,42.9,-0.1,6,25740,卖盘
90,14:50:13,43.0,0.1,28,120400,买盘
91,14:50:07,42.9,-0.1,50,214500,卖盘
92,14:50:01,43.0,--,19,81700,买盘
93,14:49:55,43.0,0.01,6,28853,买盘
94,14:49:52,42.99,0.09,24,104422,买盘
95,14:49:46,42.9,-0.09,20,85800,卖盘
96,14:49:37,42.99,0.09,1,4299,中性盘
97,14:49:31,42.9,-0.09,187,802230,卖盘
98,14:49:28,42.99,--,9,38691,买盘
99,14:49:25,42.99,0.08,1,4299,买盘
100,14:49:22,42.91,-0.02,17,72947,卖盘
101,14:49:13,42.93,-0.05,10,42930,卖盘
102,14:49:07,42.98,-0.02,72,309456,卖盘
103,14:48:58,43.0,--,30,129000,买盘
104,14:48:55,43.0,--,1,4300,买盘
105,14:48:52,43.0,--,75,322500,买盘
106,14:48:49,43.0,--,92,395600,买盘
107,14:48:43,43.0,--,13,55900,买盘
108,14:48:40,43.0,0.01,93,399900,买盘
109,14:48:25,42.99,-0.01,55,236445,卖盘
110,14:48:22,43.0,--,5,21500,买盘
111,14:48:19,43.0,--,5,21500,买盘
112,14:48:16,43.0,--,5,21500,买盘
113,14:48:10,43.0,--,1,4300,买盘
114,14:48:07,43.0,0.01,166,713800,买盘
115,14:48:04,42.99,-0.01,21,90279,卖盘
116,14:48:01,43.0,0.01,10,43000,买盘
117,14:47:57,42.99,-0.01,44,189156,卖盘
118,14:47:51,43.0,--,14,60200,买盘
119,14:47:48,43.0,--,42,180600,买盘
120,14:47:45,43.0,--,19,81700,买盘
121,14:47:42,43.0,0.01,3,12900,买盘
122,14:47:36,42.99,-0.01,2,8598,卖盘
123,14:47:33,43.0,--,5,21500,买盘
124,14:47:30,43.0,--,4,17200,买盘
125,14:47:27,43.0,--,11,47300,买盘
126,14:47:24,43.0,0.01,2,8600,买盘
127,14:47:15,42.99,-0.01,5,21495,卖盘
128,14:47:12,43.0,0.01,8,34400,买盘
129,14:47:06,42.99,0.01,13,55887,买盘
130,14:47:03,42.98,-0.01,4,17192,卖盘
131,14:46:57,42.99,0.01,1,4299,买盘
132,14:46:54,42.98,0.05,3,12893,卖盘
133,14:46:33,42.93,-0.05,30,128790,卖盘
134,14:46:27,42.98,--,68,295315,买盘
135,14:46:18,42.98,--,54,232091,买盘
136,14:46:15,42.98,0.02,11,47278,买盘
137,14:46:06,42.96,0.01,1,4296,买盘
138,14:46:00,42.95,--,30,128850,卖盘
139,14:45:57,42.95,--,5,21475,卖盘
140,14:45:54,42.95,0.04,33,141735,买盘
141,14:45:48,42.91,--,12,51491,买盘
142,14:45:45,42.91,--,1,4291,买盘
143,14:45:39,42.91,--,3,12872,买盘
144,14:45:36,42.91,0.01,1,4291,买盘
145,14:45:33,42.9,--,3,12870,卖盘
146,14:45:30,42.9,-0.01,69,296010,中性盘
147,14:45:18,42.91,0.06,102,437681,买盘
148,14:44:57,42.85,-0.01,21,89985,卖盘
149,14:44:54,42.86,--,3,12858,买盘
150,14:44:51,42.86,--,10,42860,买盘
151,14:44:48,42.86,--,1,4286,买盘
152,14:44:36,42.86,0.02,8,34288,买盘
153,14:44:30,42.84,-0.01,20,85680,卖盘
154,14:44:27,42.85,-0.01,1,4285,中性盘
155,14:44:18,42.86,--,1,4286,买盘
156,14:44:15,42.86,0.02,1,4286,买盘
157,14:44:12,42.84,-0.01,7,29988,卖盘
158,14:44:09,42.85,--,42,179970,买盘
159,14:44:06,42.85,0.01,2,8570,买盘
160,14:44:00,42.84,-0.01,4,17136,卖盘
161,14:43:51,42.85,--,1,4285,买盘
162,14:43:45,42.85,0.01,5,21425,买盘
163,14:43:24,42.84,--,35,149940,买盘
164,14:43:18,42.84,0.01,4,17136,买盘
165,14:43:15,42.83,--,5,21415,卖盘
166,14:43:12,42.83,-0.01,18,77094,卖盘
167,14:43:03,42.84,--,2,8568,买盘
168,14:43:00,42.84,--,3,12852,买盘
169,14:42:54,42.84,--,3,12852,买盘
170,14:42:51,42.84,--,3,12852,买盘
171,14:42:48,42.84,0.01,3,12852,买盘
172,14:42:39,42.83,--,4,17132,卖盘
173,14:42:36,42.83,--,1,4283,卖盘
174,14:42:27,42.83,-0.01,2,8566,卖盘
175,14:42:06,42.84,-0.01,1,4284,中性盘
176,14:41:57,42.85,0.01,22,94270,买盘
177,14:41:51,42.84,-0.02,4,17136,卖盘
178,14:41:30,42.86,0.02,2,8572,买盘
179,14:41:15,42.84,-0.02,4,17136,卖盘
180,14:41:09,42.86,0.01,9,38574,买盘
181,14:41:03,42.85,0.01,2,8570,中性盘
182,14:40:45,42.84,-0.02,4,17136,卖盘
183,14:40:42,42.86,0.01,30,128580,买盘
184,14:40:18,42.85,0.01,10,42850,买盘
185,14:40:15,42.84,--,5,21420,卖盘
186,14:40:09,42.84,-0.01,4,17136,卖盘
187,14:39:57,42.85,0.01,20,85700,买盘
188,14:39:42,42.84,-0.01,3,12852,卖盘
189,14:39:30,42.85,--,5,21425,买盘
190,14:39:12,42.85,0.01,1,4285,买盘
191,14:39:09,42.84,-0.01,4,17136,卖盘
192,14:38:57,42.85,0.01,1,4285,买盘
193,14:38:51,42.84,-0.01,6,25704,卖盘
194,14:38:36,42.85,0.02,1,4285,买盘
195,14:38:24,42.83,-0.03,23,98509,卖盘
196,14:38:03,42.86,0.01,183,784338,买盘
197,14:37:57,42.85,0.02,3,12855,买盘
198,14:37:54,42.83,--,5,21415,卖盘
199,14:37:45,42.83,-0.03,14,59962,卖盘
200,14:37:18,42.86,0.01,22,94292,买盘
201,14:37:12,42.85,--,5,21425,卖盘
202,14:37:09,42.85,--,7,29995,卖盘
203,14:37:00,42.85,-0.01,10,42850,卖盘
204,14:36:57,42.86,--,1,4286,买盘
205,14:36:54,42.86,--,4,17144,买盘
206,14:36:51,42.86,-0.01,2,8572,卖盘
207,14:36:48,42.87,0.01,4,17148,买盘
208,14:36:42,42.86,--,1,4286,卖盘
209,14:36:36,42.86,--,9,38574,卖盘
210,14:36:21,42.86,-0.01,2,8572,卖盘
211,14:36:18,42.87,0.01,1,4287,买盘
212,14:36:09,42.86,--,25,107150,卖盘
213,14:35:51,42.86,--,19,81434,卖盘
214,14:35:48,42.86,--,16,68576,中性盘
215,14:35:09,42.86,-0.01,6,25716,卖盘
216,14:35:06,42.87,0.01,1,4287,买盘
217,14:35:00,42.86,--,15,64290,卖盘
218,14:34:51,42.86,-0.01,1,4286,卖盘
219,14:34:30,42.87,--,3,12861,买盘
220,14:34:09,42.87,0.01,2,8574,中性盘
221,14:34:03,42.86,-0.04,21,90006,卖盘
222,14:33:57,42.9,0.03,6,25740,买盘
223,14:33:33,42.87,-0.01,15,64304,卖盘
224,14:33:30,42.88,--,1,4288,买盘
225,14:33:27,42.88,0.01,2,8576,买盘
226,14:33:18,42.87,-0.01,2,8574,卖盘
227,14:33:12,42.88,--,3,12864,买盘
228,14:33:09,42.88,--,0,3216,卖盘
229,14:33:00,42.88,-0.02,16,68608,卖盘
230,14:32:48,42.9,0.02,4,18232,买盘
231,14:32:33,42.88,--,1,4288,卖盘
232,14:32:30,42.88,-0.02,15,64320,卖盘
233,14:32:21,42.9,--,5,21450,买盘
234,14:32:18,42.9,--,1,4290,买盘
235,14:32:06,42.9,0.02,1,4290,买盘
236,14:32:00,42.88,-0.02,12,51456,卖盘
237,14:31:57,42.9,0.02,2,8580,买盘
238,14:31:54,42.88,-0.02,2,8576,卖盘
239,14:31:51,42.9,--,8,34320,买盘
240,14:31:33,42.9,0.03,26,111540,买盘
241,14:31:30,42.87,--,17,72879,卖盘
242,14:31:15,42.87,-0.03,2,8574,卖盘
243,14:31:03,42.9,--,0,3217,卖盘
244,14:30:57,42.9,--,13,56842,买盘
245,14:30:54,42.9,--,5,21450,买盘
246,14:30:30,42.9,0.02,20,85800,买盘
247,14:30:27,42.88,-0.02,3,12864,卖盘
248,14:30:24,42.9,0.02,22,94380,买盘
249,14:30:18,42.88,-0.02,1,4288,卖盘
250,14:30:15,42.9,--,35,150150,买盘
251,14:30:09,42.9,--,3,12870,买盘
252,14:30:06,42.9,--,20,85800,买盘
253,14:29:54,42.9,--,21,90090,买盘
254,14:29:51,42.9,--,1,4290,买盘
255,14:29:48,42.9,--,75,324281,卖盘
256,14:29:36,42.9,-0.04,14,60060,卖盘
257,14:29:30,42.94,0.03,1,4294,买盘
258,14:29:27,42.91,-0.03,3,12872,卖盘
259,14:29:24,42.94,--,1,4294,买盘
260,14:29:21,42.94,--,2,8588,买盘
261,14:29:18,42.94,-0.01,1,4294,买盘
262,14:29:12,42.95,--,1,4295,买盘
263,14:29:09,42.95,--,8,34360,买盘
264,14:29:00,42.95,--,15,64425,买盘
265,14:28:57,42.95,0.05,9,38655,买盘
266,14:28:51,42.9,--,2,8580,卖盘
267,14:28:42,42.9,--,220,945558,买盘
268,14:28:39,42.9,0.02,9,38610,买盘
269,14:28:36,42.88,-0.02,11,47168,卖盘
270,14:28:30,42.9,--,1,4290,买盘
271,14:28:21,42.9,--,10,42900,买盘
272,14:28:12,42.9,--,5,23981,卖盘
273,14:28:09,42.9,--,3,14628,买盘
274,14:28:03,42.9,--,50,214500,买盘
275,14:27:51,42.9,0.02,1,4290,买盘
276,14:27:48,42.88,-0.02,145,621760,卖盘
277,14:27:33,42.9,--,8,34320,买盘
278,14:27:30,42.9,--,15,64350,买盘
279,14:27:27,42.9,0.03,1,4290,买盘
280,14:27:18,42.87,0.01,51,218637,买盘
281,14:27:12,42.86,-0.01,28,120008,卖盘
282,14:27:09,42.87,--,1,4287,买盘
283,14:27:06,42.87,--,1,4287,买盘
284,14:27:03,42.87,0.01,4,17148,买盘
285,14:26:56,42.86,-0.01,2,8572,卖盘
286,14:26:53,42.87,0.01,1,4287,买盘
287,14:26:50,42.86,0.01,9,38574,买盘
288,14:26:47,42.85,-0.01,2,8570,中性盘
289,14:26:35,42.86,--,2,8572,买盘
290,14:26:26,42.86,0.01,1,4286,买盘
291,14:26:17,42.85,0.07,9,38565,买盘
292,14:26:14,42.78,--,1,4278,卖盘
293,14:26:11,42.78,--,15,64170,卖盘
294,14:26:08,42.78,--,13,55614,买盘
295,14:26:05,42.78,0.01,3,12834,买盘
296,14:26:02,42.77,--,6,25662,卖盘
297,14:25:41,42.77,-0.03,5,21385,卖盘
298,14:25:26,42.8,0.03,3,12840,买盘
299,14:25:14,42.77,--,6,25662,卖盘
300,14:25:02,42.77,--,3,12831,卖盘
301,14:24:59,42.77,0.06,32,136864,买盘
302,14:24:53,42.71,0.01,19,81149,卖盘
303,14:24:50,42.7,--,1,4270,卖盘
304,14:24:47,42.7,--,6,25620,卖盘
305,14:24:20,42.7,-0.06,10,42700,卖盘
306,14:24:14,42.76,0.06,8,34208,买盘
307,14:24:11,42.7,--,11,46970,卖盘
308,14:24:02,42.7,--,23,98210,买盘
309,14:23:50,42.7,0.05,1,4270,买盘
310,14:23:41,42.65,--,77,328405,卖盘
311,14:23:11,42.65,-0.01,77,328405,卖盘
312,14:23:02,42.66,--,5,21330,买盘
313,14:22:44,42.66,--,5,21330,中性盘
314,14:22:38,42.66,-0.04,77,328482,卖盘
315,14:22:35,42.7,0.04,8,34160,买盘
316,14:22:23,42.66,--,27,115181,买盘
317,14:22:20,42.66,--,1,4266,买盘
318,14:22:17,42.66,0.01,1,4266,买盘
319,14:22:11,42.65,--,2,8530,卖盘
320,14:22:05,42.65,-0.01,148,631220,卖盘
321,14:21:59,42.66,0.01,1,4266,买盘
322,14:21:50,42.65,-0.01,2,8530,卖盘
323,14:21:47,42.66,0.01,1,4266,买盘
324,14:21:35,42.65,--,140,597100,卖盘
325,14:21:23,42.65,-0.03,1,4265,卖盘
326,14:21:20,42.68,0.03,1,4268,买盘
327,14:21:14,42.65,--,16,68240,卖盘
328,14:21:05,42.65,--,140,597100,卖盘
329,14:20:32,42.65,--,10,42650,中性盘
330,14:20:02,42.65,--,10,42650,卖盘
331,14:19:47,42.65,-0.05,21,89565,买盘
332,14:19:29,42.7,0.08,8,34160,买盘
333,14:19:17,42.62,-0.08,16,68192,卖盘
334,14:19:14,42.7,0.05,1,4270,买盘
335,14:19:11,42.65,--,30,127950,卖盘
336,14:18:59,42.65,-0.01,1,4265,卖盘
337,14:18:26,42.66,-0.05,1,4266,卖盘
338,14:18:08,42.71,0.06,6,25626,买盘
339,14:17:59,42.65,-0.1,4,17060,卖盘
340,14:17:53,42.75,0.04,1,4275,买盘
341,14:17:50,42.71,-0.04,2,8542,卖盘
342,14:17:47,42.75,--,9,38475,买盘
343,14:17:29,42.75,0.04,8,34200,买盘
344,14:17:26,42.71,0.01,25,106775,买盘
345,14:17:17,42.7,-0.01,1,4270,中性盘
346,14:17:08,42.71,--,8,34168,买盘
347,14:17:02,42.71,--,2,8542,买盘
348,14:16:59,42.71,0.06,1,4271,买盘
349,14:16:56,42.65,-0.02,2,8530,卖盘
350,14:16:47,42.67,0.02,7,29869,买盘
351,14:16:32,42.65,0.02,5,21325,买盘
352,14:16:23,42.63,--,2,8526,卖盘
353,14:16:20,42.63,-0.02,15,63945,卖盘
354,14:16:14,42.65,0.02,2,8530,中性盘
355,14:15:56,42.63,--,2,8526,卖盘
356,14:15:47,42.63,-0.04,1,4263,卖盘
357,14:15:44,42.67,--,1,4267,买盘
358,14:15:38,42.67,0.05,5,21335,买盘
359,14:15:32,42.62,0.01,4,17048,卖盘
360,14:15:14,42.61,-0.01,1,4261,卖盘
361,14:15:08,42.62,0.01,1,4262,中性盘
362,14:14:53,42.61,-0.09,15,63915,卖盘
363,14:14:47,42.7,--,3,12810,卖盘
364,14:14:41,42.7,-0.01,1,4270,卖盘
365,14:14:29,42.71,-0.01,2,8542,卖盘
366,14:14:17,42.72,--,1,4272,买盘
367,14:14:02,42.72,--,1,4272,买盘
368,14:13:56,42.72,-0.03,6,25632,卖盘
369,14:13:50,42.75,--,1,4275,卖盘
370,14:13:41,42.75,--,1,4275,卖盘
371,14:13:38,42.75,-0.02,30,128250,卖盘
372,14:13:35,42.77,--,65,278005,买盘
373,14:13:29,42.77,--,93,397761,买盘
374,14:13:11,42.77,0.02,16,68432,买盘
375,14:13:05,42.75,-0.02,15,64125,卖盘
376,14:13:02,42.77,--,5,21385,卖盘
377,14:12:50,42.77,-0.03,1,4277,卖盘
378,14:12:29,42.8,--,5,21400,买盘
379,14:12:14,42.8,--,4,17120,买盘
380,14:12:05,42.8,--,5,21400,买盘
381,14:11:47,42.8,-0.07,32,136960,卖盘
382,14:11:44,42.87,--,2,8574,买盘
383,14:11:32,42.87,0.07,5,21435,买盘
384,14:11:17,42.8,-0.03,52,222559,卖盘
385,14:10:59,42.83,0.01,1,4283,买盘
386,14:10:47,42.82,--,20,85640,卖盘
387,14:10:44,42.82,--,24,102768,买盘
388,14:10:32,42.82,0.01,1,4282,买盘
389,14:10:29,42.81,--,1,4281,中性盘
390,14:10:14,42.81,0.01,1,4281,买盘
391,14:10:08,42.8,-0.01,8,34240,卖盘
392,14:10:05,42.81,0.01,3,12843,买盘
393,14:09:59,42.8,-0.01,15,64199,卖盘
394,14:09:53,42.81,0.01,5,21405,买盘
395,14:09:35,42.8,-0.03,1,4280,卖盘
396,14:09:17,42.83,0.03,8,34264,买盘
397,14:09:14,42.8,-0.01,56,239679,卖盘
398,14:08:44,42.81,-0.09,56,239736,卖盘
399,14:08:41,42.9,--,1,4290,买盘
400,14:08:26,42.9,--,7,30030,买盘
401,14:08:20,42.9,0.09,101,433290,买盘
402,14:08:14,42.81,-0.09,88,376728,卖盘
403,14:08:02,42.9,0.01,31,132990,买盘
404,14:07:53,42.89,-0.01,4,17156,卖盘
405,14:07:44,42.9,0.01,131,561990,买盘
406,14:07:35,42.89,--,1,4289,买盘
407,14:07:29,42.89,--,1,4289,买盘
408,14:07:23,42.89,0.09,6,25734,买盘
409,14:07:10,42.8,--,3,12840,卖盘
410,14:07:04,42.8,--,2,8560,卖盘
411,14:07:01,42.8,0.03,9,38520,买盘
412,14:06:40,42.77,--,5,21385,卖盘
413,14:06:34,42.77,0.02,38,162526,卖盘
414,14:06:13,42.75,-0.01,3,12825,卖盘
415,14:06:10,42.76,--,2,8552,卖盘
416,14:06:01,42.76,0.01,18,76968,卖盘
417,14:05:40,42.75,-0.15,8,34200,卖盘
418,14:05:31,42.9,0.15,4,17160,买盘
419,14:05:25,42.75,--,1,4275,卖盘
420,14:05:10,42.75,-0.15,8,34200,卖盘
421,14:05:07,42.9,--,6,25740,买盘
422,14:04:58,42.9,--,12,51480,买盘
423,14:04:49,42.9,--,3,12870,买盘
424,14:04:46,42.9,--,2,8580,买盘
425,14:04:43,42.9,--,39,167310,买盘
426,14:04:37,42.9,--,14,60060,买盘
427,14:04:31,42.9,0.01,21,90090,买盘
428,14:04:22,42.89,--,3,12867,卖盘
429,14:04:16,42.89,0.19,19,81491,买盘
430,14:04:13,42.7,--,24,102480,买盘
431,14:04:07,42.7,--,8,34160,买盘
432,14:03:58,42.7,0.04,3,12810,买盘
433,14:03:37,42.66,--,23,98117,卖盘
434,14:03:34,42.66,0.01,182,776539,买盘
435,14:03:28,42.65,0.04,3,12795,买盘
436,14:03:16,42.61,--,5,21305,卖盘
437,14:03:07,42.61,--,15,63915,卖盘
438,14:03:04,42.61,0.01,18,76698,买盘
439,14:02:49,42.6,-0.01,15,63900,卖盘
440,14:02:43,42.61,--,2,8522,买盘
441,14:02:34,42.61,-0.01,3,12783,卖盘
442,14:02:25,42.62,0.02,4,17048,买盘
443,14:02:22,42.6,--,3,12780,卖盘
444,14:02:19,42.6,-0.01,5,21300,卖盘
445,14:02:16,42.61,--,3,12783,买盘
446,14:02:10,42.61,0.01,2,8522,中性盘
447,14:01:43,42.6,-0.05,9,38340,卖盘
448,14:01:16,42.65,0.01,8,34120,买盘
449,14:01:13,42.64,--,3,12792,卖盘
450,14:01:10,42.64,0.04,8,34112,买盘
451,14:01:04,42.6,-0.01,35,149100,卖盘
452,14:01:01,42.61,0.01,3,12783,买盘
453,14:00:52,42.6,--,4,17040,卖盘
454,14:00:49,42.6,-0.03,2,8520,卖盘
455,14:00:40,42.63,--,9,38367,卖盘
456,14:00:37,42.63,0.03,6,25578,买盘
457,14:00:34,42.6,-0.01,6,25560,卖盘
458,14:00:31,42.61,-0.04,2,8522,卖盘
459,14:00:10,42.65,--,10,42650,买盘
460,14:00:04,42.65,0.02,1,4265,买盘
461,14:00:01,42.63,-0.02,6,25578,卖盘
462,13:59:46,42.65,0.02,30,127950,买盘
463,13:59:40,42.63,0.03,3,12789,买盘
464,13:59:34,42.6,-0.04,6,25560,卖盘
465,13:59:28,42.64,0.01,1,4264,买盘
466,13:59:04,42.63,0.02,20,85260,买盘
467,13:59:01,42.61,--,6,25566,卖盘
468,13:58:55,42.61,-0.02,7,29827,中性盘
469,13:58:40,42.63,0.02,4,17052,买盘
470,13:58:37,42.61,0.01,1,4261,中性盘
471,13:58:28,42.6,--,16,68160,卖盘
472,13:58:25,42.6,--,2,8520,卖盘
473,13:58:19,42.6,--,3,12780,卖盘
474,13:58:16,42.6,-0.02,1,4260,卖盘
475,13:58:10,42.62,0.02,16,68192,买盘
476,13:57:58,42.6,-0.01,6,25560,卖盘
477,13:57:49,42.61,0.01,5,21305,中性盘
478,13:57:43,42.6,--,33,140580,卖盘
479,13:57:37,42.6,--,1,4260,卖盘
480,13:57:34,42.6,--,34,144840,买盘
481,13:57:28,42.6,0.01,8,34080,买盘
482,13:57:25,42.59,-0.01,5,21295,卖盘
483,13:57:22,42.6,--,10,42600,买盘
484,13:57:10,42.6,0.01,17,72420,买盘
485,13:57:07,42.59,-0.01,23,97957,卖盘
486,13:57:01,42.6,--,17,72420,买盘
487,13:56:40,42.6,--,53,225780,卖盘
488,13:56:28,42.6,-0.02,16,68160,卖盘
489,13:56:16,42.62,-0.01,14,59668,卖盘
490,13:56:10,42.63,--,17,72471,买盘
491,13:56:01,42.63,0.01,10,42630,买盘
492,13:55:58,42.62,--,20,85240,卖盘
493,13:55:52,42.62,--,41,174742,卖盘
494,13:55:40,42.62,--,4,17048,买盘
495,13:55:37,42.62,-0.01,10,42620,买盘
496,13:55:28,42.63,0.01,3,12789,买盘
497,13:55:25,42.62,--,5,21310,买盘
498,13:55:22,42.62,-0.01,9,38358,中性盘
499,13:55:16,42.63,0.03,2,8526,买盘
500,13:55:13,42.6,-0.03,15,63900,卖盘
501,13:55:10,42.63,0.01,8,34104,买盘
502,13:55:07,42.62,-0.01,3,12786,卖盘
503,13:54:58,42.63,--,9,38367,卖盘
504,13:54:40,42.63,0.01,7,29841,买盘
505,13:54:34,42.62,--,14,59668,卖盘
506,13:54:28,42.62,-0.01,15,63929,卖盘
507,13:54:25,42.63,-0.01,21,89523,卖盘
508,13:54:10,42.64,--,9,38376,买盘
509,13:53:58,42.64,--,45,191880,买盘
510,13:53:40,42.64,0.01,8,34112,买盘
511,13:53:34,42.63,--,3,12789,卖盘
512,13:53:25,42.63,-0.01,2,8526,卖盘
513,13:53:19,42.64,0.01,8,34112,买盘
514,13:53:16,42.63,-0.02,2,8526,卖盘
515,13:53:07,42.65,--,20,85300,买盘
516,13:52:55,42.65,0.01,5,21325,买盘
517,13:52:52,42.64,--,15,63960,卖盘
518,13:52:46,42.64,--,1,4264,卖盘
519,13:52:40,42.64,--,3,12792,卖盘
520,13:52:37,42.64,--,12,51168,卖盘
521,13:52:34,42.64,-0.01,15,63960,卖盘
522,13:52:31,42.65,0.01,2,8530,买盘
523,13:52:16,42.64,-0.01,15,63960,卖盘
524,13:52:13,42.65,--,2,8530,买盘
525,13:52:10,42.65,--,1,4265,买盘
526,13:52:07,42.65,0.01,1,4265,中性盘
527,13:51:58,42.64,-0.02,4,17056,卖盘
528,13:51:52,42.66,0.01,10,42660,买盘
529,13:51:49,42.65,-0.01,9,42522,卖盘
530,13:51:34,42.66,0.01,1,4266,买盘
531,13:51:25,42.65,--,1,4265,卖盘
532,13:51:22,42.65,--,73,311345,卖盘
533,13:51:19,42.65,--,12,51180,卖盘
534,13:51:13,42.65,-0.01,32,136480,卖盘
535,13:51:07,42.66,0.01,9,38521,买盘
536,13:51:04,42.65,--,36,153540,买盘
537,13:50:58,42.65,0.01,2,8530,买盘
538,13:50:52,42.64,-0.01,5,21320,卖盘
539,13:50:46,42.65,-0.01,41,174865,卖盘
540,13:50:43,42.66,0.01,30,127979,买盘
541,13:50:34,42.65,-0.01,5,21325,卖盘
542,13:50:28,42.66,0.01,4,17064,买盘
543,13:50:22,42.65,--,15,63975,卖盘
544,13:50:13,42.65,-0.01,52,221780,卖盘
545,13:50:04,42.66,0.01,3,12797,买盘
546,13:49:43,42.65,-0.01,52,221780,卖盘
547,13:49:37,42.66,--,3,12797,买盘
548,13:49:19,42.66,0.01,5,21330,买盘
549,13:49:13,42.65,-0.01,7,29855,卖盘
550,13:49:01,42.66,--,2,8532,买盘
551,13:48:55,42.66,0.01,8,34128,买盘
552,13:48:43,42.65,--,5,21325,卖盘
553,13:48:40,42.65,--,9,38385,卖盘
554,13:48:15,42.65,0.01,17,72505,买盘
555,13:48:09,42.64,-0.01,7,29848,卖盘
556,13:48:00,42.65,--,2,8530,买盘
557,13:47:57,42.65,--,10,42650,买盘
558,13:47:51,42.65,--,8,34120,买盘
559,13:47:36,42.65,--,3,12795,买盘
560,13:47:27,42.65,0.01,1,4265,买盘
561,13:47:24,42.64,-0.01,5,21320,卖盘
562,13:47:06,42.65,-0.01,1,4265,中性盘
563,13:47:03,42.66,--,10,42660,买盘
564,13:46:57,42.66,0.02,4,17064,买盘
565,13:46:48,42.64,-0.02,15,63960,卖盘
566,13:46:39,42.66,--,22,93851,买盘
567,13:46:27,42.66,0.01,3,12797,买盘
568,13:46:24,42.65,-0.01,15,63975,卖盘
569,13:46:18,42.66,--,2,8532,买盘
570,13:45:54,42.66,--,16,68256,买盘
571,13:45:48,42.66,--,5,21330,卖盘
572,13:45:36,42.66,--,1,4266,卖盘
573,13:45:27,42.66,--,9,38394,买盘
574,13:45:21,42.66,--,3,12797,买盘
575,13:45:12,42.66,--,14,59723,买盘
576,13:44:36,42.66,0.01,2,8532,买盘
577,13:44:24,42.65,--,1,4265,卖盘
578,13:44:18,42.65,-0.02,15,63975,卖盘
579,13:43:42,42.67,--,1,4267,买盘
580,13:43:36,42.67,--,7,29869,卖盘
581,13:43:18,42.67,--,15,64005,卖盘
582,13:43:00,42.67,--,10,42670,卖盘
583,13:42:54,42.67,--,32,136544,卖盘
584,13:42:33,42.67,--,1,4267,卖盘
585,13:42:09,42.67,--,15,64005,卖盘
586,13:42:03,42.67,-0.03,1,4267,中性盘
587,13:41:51,42.7,--,1,4270,买盘
588,13:41:42,42.7,--,13,55510,买盘
589,13:41:39,42.7,0.04,10,42700,买盘
590,13:41:30,42.66,0.01,1,4266,卖盘
591,13:41:27,42.65,-0.05,1,4265,卖盘
592,13:41:24,42.7,--,14,59780,买盘
593,13:41:03,42.7,--,15,64050,买盘
594,13:40:57,42.7,--,2,8540,买盘
595,13:40:39,42.7,0.08,15,64050,买盘
596,13:40:30,42.62,-0.06,11,46882,卖盘
597,13:40:24,42.68,--,1,4268,买盘
598,13:40:21,42.68,0.05,14,59752,买盘
599,13:40:12,42.63,-0.05,3,12789,卖盘
600,13:40:06,42.68,0.05,4,17072,中性盘
601,13:40:03,42.63,-0.07,11,46893,卖盘
602,13:40:00,42.7,--,13,55510,买盘
603,13:39:54,42.7,0.07,5,21350,买盘
604,13:39:51,42.63,-0.07,1,4263,卖盘
605,13:39:48,42.7,-0.2,3,12810,中性盘
606,13:39:42,42.9,0.28,14,60060,买盘
607,13:39:30,42.62,-0.28,11,46882,中性盘
608,13:39:21,42.9,0.2,14,60060,买盘
609,13:39:06,42.7,0.03,30,128100,买盘
610,13:39:03,42.67,0.07,14,59738,买盘
611,13:39:00,42.6,-0.07,5,21300,卖盘
612,13:38:42,42.67,0.06,14,59738,买盘
613,13:38:36,42.61,0.01,1,4261,买盘
614,13:38:33,42.6,-0.01,5,21300,卖盘
615,13:38:03,42.61,0.01,1,4261,买盘
616,13:38:00,42.6,-0.01,5,21300,卖盘
617,13:37:57,42.61,--,3,12783,买盘
618,13:37:54,42.61,--,3,12783,买盘
619,13:37:36,42.61,0.01,13,55393,买盘
620,13:37:30,42.6,-0.01,1,4260,卖盘
621,13:37:27,42.61,--,2,8522,买盘
622,13:37:15,42.61,0.01,1,4261,买盘
623,13:37:06,42.6,-0.01,5,21300,卖盘
624,13:37:00,42.61,0.01,2,8522,买盘
625,13:36:48,42.6,--,57,242820,买盘
626,13:36:33,42.6,--,30,127800,买盘
627,13:36:30,42.6,-0.01,12,51120,卖盘
628,13:36:18,42.61,0.01,1,4261,中性盘
629,13:35:57,42.6,-0.08,20,85200,卖盘
630,13:35:54,42.68,0.07,13,55484,买盘
631,13:35:48,42.61,-0.01,1,4261,卖盘
632,13:35:42,42.62,-0.08,13,55406,卖盘
633,13:35:33,42.7,--,15,64050,买盘
634,13:35:18,42.7,--,1,4270,买盘
635,13:35:15,42.7,0.05,19,81130,买盘
636,13:35:09,42.65,-0.05,9,38385,卖盘
637,13:35:00,42.7,-0.03,3,12810,卖盘
638,13:34:54,42.73,--,14,59821,买盘
639,13:34:36,42.73,0.03,14,59821,买盘
640,13:34:33,42.7,--,6,25620,买盘
641,13:34:24,42.7,--,81,345870,卖盘
642,13:34:21,42.7,-0.19,120,512400,卖盘
643,13:34:12,42.89,0.16,29,124381,买盘
644,13:34:06,42.73,--,17,72641,买盘
645,13:33:57,42.73,-0.15,1,4273,卖盘
646,13:33:51,42.88,0.18,13,55744,买盘
647,13:33:48,42.7,-0.18,108,461160,卖盘
648,13:33:45,42.88,--,1,4288,买盘
649,13:33:33,42.88,0.15,18,77184,买盘
650,13:33:27,42.73,--,22,94006,买盘
651,13:33:24,42.73,-0.17,11,47003,卖盘
652,13:33:15,42.9,--,14,60060,买盘
653,13:33:09,42.9,--,4,17160,买盘
654,13:33:06,42.9,0.17,10,42900,买盘
655,13:33:03,42.73,-0.17,1,4273,卖盘
656,13:32:57,42.9,0.17,19,81510,买盘
657,13:32:39,42.73,-0.17,1,4273,卖盘
658,13:32:33,42.9,--,1,4290,买盘
659,13:32:15,42.9,--,27,115830,买盘
660,13:32:12,42.9,-0.05,13,55770,中性盘
661,13:31:51,42.95,0.25,14,60130,买盘
662,13:31:39,42.7,-0.3,1,4270,中性盘
663,13:31:30,43.0,--,15,64500,买盘
664,13:31:27,43.0,0.3,59,253700,买盘
665,13:31:24,42.7,-0.3,1,4270,卖盘
666,13:31:12,43.0,0.01,13,55900,买盘
667,13:31:06,42.99,-0.01,10,42990,卖盘
668,13:31:03,43.0,--,50,215000,买盘
669,13:30:57,43.0,0.01,2,8600,买盘
670,13:30:54,42.99,-0.01,1,4299,卖盘
671,13:30:51,43.0,--,27,116100,买盘
672,13:30:42,43.0,--,5,21500,买盘
673,13:30:33,43.0,0.01,17,73100,买盘
674,13:30:21,42.99,-0.07,13,55887,卖盘
675,13:30:18,43.06,--,7,30142,买盘
676,13:30:15,43.06,--,6,25836,买盘
677,13:30:09,43.06,0.06,19,81814,买盘
678,13:29:57,43.0,-0.06,1,4300,卖盘
679,13:29:51,43.06,0.06,16,68896,买盘
680,13:29:45,43.0,--,1,4300,卖盘
681,13:29:42,43.0,--,16,68800,卖盘
682,13:29:39,43.0,0.01,61,262300,买盘
683,13:29:30,42.99,0.04,14,60186,买盘
684,13:29:24,42.95,0.35,1,4295,中性盘
685,13:29:21,42.6,-0.39,10,42600,卖盘
686,13:29:09,42.99,0.21,14,60186,买盘
687,13:29:06,42.78,--,3,12834,卖盘
688,13:28:54,42.78,0.18,2,8556,中性盘
689,13:28:51,42.6,-0.23,1,4260,卖盘
690,13:28:48,42.83,0.05,72,308376,买盘
691,13:28:42,42.78,--,3,12834,买盘
692,13:28:33,42.78,0.18,14,59892,买盘
693,13:28:24,42.6,0.06,612,2607120,买盘
694,13:28:21,42.54,-0.04,4,17016,卖盘
695,13:28:06,42.58,--,14,59612,买盘
696,13:27:54,42.58,0.07,3,12774,买盘
697,13:27:51,42.51,-0.07,1,4251,卖盘
698,13:27:48,42.58,0.07,13,55354,买盘
699,13:27:42,42.51,--,3,12753,卖盘
700,13:27:39,42.51,0.01,2,8502,中性盘
701,13:27:36,42.5,-0.08,9,38250,卖盘
702,13:27:30,42.58,0.08,14,59612,买盘
703,13:27:23,42.5,-0.01,3,12750,买盘
704,13:27:17,42.51,0.04,5,21255,买盘
705,13:27:11,42.47,-0.03,21,89187,卖盘
706,13:26:59,42.5,0.05,11,46750,中性盘
707,13:26:47,42.45,--,23,97635,卖盘
708,13:26:41,42.45,-0.12,10,42450,卖盘
709,13:26:29,42.57,0.03,23,97911,买盘
710,13:26:20,42.54,0.08,11,46794,中性盘
711,13:26:17,42.46,0.01,1,4246,中性盘
712,13:26:11,42.45,-0.12,9,38205,卖盘
713,13:26:08,42.57,0.1,16,68112,买盘
714,13:25:59,42.47,-0.03,8,33976,卖盘
715,13:25:50,42.5,--,1,4250,卖盘
716,13:25:47,42.5,-0.04,9,38250,卖盘
717,13:25:44,42.54,0.04,15,63810,买盘
718,13:25:38,42.5,-0.04,10,42500,卖盘
719,13:25:35,42.54,0.04,3,12762,买盘
720,13:25:29,42.5,-0.04,11,46750,卖盘
721,13:25:20,42.54,--,32,136128,买盘
722,13:25:17,42.54,0.04,13,55302,买盘
723,13:25:14,42.5,--,9,38250,卖盘
724,13:25:02,42.5,--,29,123250,卖盘
725,13:24:59,42.5,--,15,63750,卖盘
726,13:24:56,42.5,--,2,8500,卖盘
727,13:24:50,42.5,-0.04,11,46750,卖盘
728,13:24:38,42.54,0.01,28,119112,买盘
729,13:24:29,42.53,-0.01,29,125463,卖盘
730,13:24:26,42.54,--,1,4254,卖盘
731,13:24:20,42.54,--,1,4254,卖盘
732,13:24:17,42.54,--,24,102096,卖盘
733,13:24:08,42.54,-0.04,11,46794,卖盘
734,13:24:05,42.58,--,6,25548,买盘
735,13:23:59,42.58,--,26,110708,买盘
736,13:23:50,42.58,0.01,1,4258,买盘
737,13:23:47,42.57,-0.01,15,63855,卖盘
738,13:23:44,42.58,-0.02,1,4258,卖盘
739,13:23:41,42.6,0.01,14,59640,买盘
740,13:23:38,42.59,-0.01,4,17036,卖盘
741,13:23:17,42.6,0.03,20,85200,买盘
742,13:23:05,42.57,-0.03,0,2128,卖盘
743,13:23:02,42.6,--,14,59640,买盘
744,13:22:53,42.6,0.03,1,4260,买盘
745,13:22:50,42.57,-0.01,15,63855,卖盘
746,13:22:47,42.58,-0.01,15,63870,卖盘
747,13:22:44,42.59,-0.01,1,4259,卖盘
748,13:22:41,42.6,--,21,89460,买盘
749,13:22:32,42.6,--,7,29820,买盘
750,13:22:29,42.6,-0.05,103,438780,卖盘
751,13:22:17,42.65,-0.12,42,179130,卖盘
752,13:22:05,42.77,0.12,4,17108,买盘
753,13:21:47,42.65,-0.12,43,183395,卖盘
754,13:21:35,42.77,--,1,4277,买盘
755,13:21:32,42.77,--,14,59878,买盘
756,13:21:08,42.77,0.02,19,81263,买盘
757,13:20:59,42.75,--,2,8550,中性盘
758,13:20:50,42.75,0.06,17,72675,买盘
759,13:20:44,42.69,-0.02,3,12807,买盘
760,13:20:41,42.71,0.06,1,4271,买盘
761,13:20:38,42.65,-0.13,15,63975,卖盘
762,13:20:32,42.78,0.03,14,59892,买盘
763,13:20:23,42.75,--,4,17100,买盘
764,13:20:20,42.75,-0.03,1,4275,中性盘
765,13:20:11,42.78,--,14,59892,买盘
766,13:19:59,42.78,--,50,213900,买盘
767,13:19:53,42.78,--,1,4278,买盘
768,13:19:50,42.78,-0.02,14,59892,中性盘
769,13:19:29,42.8,0.19,13,55639,买盘
770,13:19:20,42.61,-0.19,14,59654,卖盘
771,13:19:11,42.8,--,14,59919,买盘
772,13:19:08,42.8,--,2,8560,买盘
773,13:19:02,42.8,0.1,1,4280,买盘
774,13:18:50,42.7,-0.1,17,72590,卖盘
775,13:18:41,42.8,--,11,47080,买盘
776,13:18:38,42.8,--,20,85600,买盘
777,13:18:20,42.8,0.02,16,68480,买盘
778,13:18:05,42.78,-0.02,2,8556,卖盘
779,13:18:02,42.8,--,2,8560,买盘
780,13:17:56,42.8,--,14,59919,买盘
781,13:17:41,42.8,-0.03,4,17120,卖盘
782,13:17:38,42.83,0.03,24,102792,买盘
783,13:17:35,42.8,--,15,64199,卖盘
784,13:17:32,42.8,--,13,55639,卖盘
785,13:17:20,42.8,-0.03,1,4280,卖盘
786,13:17:17,42.83,--,4,17132,买盘
787,13:17:14,42.83,0.03,43,184169,买盘
788,13:17:08,42.8,--,29,124119,买盘
789,13:16:56,42.8,--,14,59919,买盘
790,13:16:32,42.8,--,15,64199,买盘
791,13:16:20,42.8,--,13,55639,卖盘
792,13:16:17,42.8,-0.03,13,55639,卖盘
793,13:16:14,42.83,--,86,368338,买盘
794,13:16:08,42.83,0.03,1,4283,买盘
795,13:16:02,42.8,--,1,4280,卖盘
796,13:15:59,42.8,-0.03,4,17120,卖盘
797,13:15:53,42.83,0.03,13,55679,买盘
798,13:15:44,42.8,-0.03,72,308160,卖盘
799,13:15:38,42.83,0.03,14,59962,买盘
800,13:15:29,42.8,-0.03,2,8560,卖盘
801,13:15:14,42.83,0.03,14,59962,买盘
802,13:15:11,42.8,-0.03,75,321000,卖盘
803,13:15:02,42.83,0.03,13,55679,买盘
804,13:14:59,42.8,-0.03,2,8560,卖盘
805,13:14:53,42.83,--,1,4283,买盘
806,13:14:44,42.83,--,14,59962,买盘
807,13:14:35,42.83,--,10,42830,买盘
808,13:14:26,42.83,--,14,59962,买盘
809,13:14:17,42.83,-0.17,5,21415,中性盘
810,13:14:08,43.0,0.2,4,17200,买盘
811,13:14:05,42.8,-0.2,3,12840,卖盘
812,13:14:02,43.0,--,14,60200,买盘
813,13:13:59,43.0,--,20,86000,买盘
814,13:13:56,43.0,--,111,477300,买盘
815,13:13:53,43.0,--,40,172000,买盘
816,13:13:47,43.0,0.17,112,481600,买盘
817,13:13:44,42.83,-0.17,20,85660,中性盘
818,13:13:41,43.0,--,45,193500,买盘
819,13:13:35,43.0,-0.06,9,38700,卖盘
820,13:13:23,43.06,0.06,14,60284,买盘
821,13:13:20,43.0,--,401,1724300,买盘
822,13:13:11,43.0,--,76,326800,买盘
823,13:13:02,43.0,--,13,55900,买盘
824,13:12:50,43.0,--,10,43000,买盘
825,13:12:41,43.0,0.16,87,374100,买盘
826,13:12:38,42.84,--,20,85680,卖盘
827,13:12:32,42.84,-0.16,9,38556,卖盘
828,13:12:23,43.0,0.16,14,60200,买盘
829,13:12:20,42.84,0.01,11,47124,中性盘
830,13:12:14,42.83,--,73,312659,卖盘
831,13:12:11,42.83,-0.15,9,38547,卖盘
832,13:12:02,42.98,0.15,14,60171,买盘
833,13:11:56,42.83,-0.01,10,42830,卖盘
834,13:11:53,42.84,0.01,5,21420,买盘
835,13:11:50,42.83,--,1,4283,卖盘
836,13:11:47,42.83,-0.01,13,55679,卖盘
837,13:11:44,42.84,--,3,12852,买盘
838,13:11:41,42.84,--,75,321300,买盘
839,13:11:38,42.84,-0.04,5,21420,卖盘
840,13:11:35,42.88,--,5,21440,卖盘
841,13:11:29,42.88,--,9,38592,卖盘
842,13:11:23,42.88,-0.07,14,60032,卖盘
843,13:11:20,42.95,0.07,2,8590,买盘
844,13:11:17,42.88,--,10,42880,卖盘
845,13:11:11,42.88,--,16,68608,卖盘
846,13:10:59,42.88,-0.11,10,42880,中性盘
847,13:10:50,42.99,0.19,18,77382,买盘
848,13:10:47,42.8,--,11,47080,卖盘
849,13:10:38,42.8,--,10,42800,卖盘
850,13:10:29,42.8,-0.08,9,38520,卖盘
851,13:10:23,42.88,0.08,14,60032,买盘
852,13:10:20,42.8,-0.08,10,42800,卖盘
853,13:10:11,42.88,0.08,16,68608,中性盘
854,13:09:59,42.8,--,11,47080,卖盘
855,13:09:56,42.8,-0.1,5,21400,卖盘
856,13:09:53,42.9,0.1,13,55770,买盘
857,13:09:50,42.8,-0.05,9,38520,卖盘
858,13:09:41,42.85,-0.03,1,4285,卖盘
859,13:09:38,42.88,-0.04,3,12864,卖盘
860,13:09:35,42.92,0.02,1,4292,卖盘
861,13:09:26,42.9,-0.1,1,4290,卖盘
862,13:09:23,43.0,0.12,14,60200,买盘
863,13:09:11,42.88,-0.05,1,4288,卖盘
864,13:09:02,42.93,-0.07,9,38637,卖盘
865,13:08:53,43.0,0.05,14,60200,买盘
866,13:08:50,42.95,--,12,51540,卖盘
867,13:08:38,42.95,-0.05,2,8590,卖盘
868,13:08:23,43.0,--,15,64500,中性盘
869,13:08:14,43.0,--,2,8600,卖盘
870,13:08:08,43.0,--,2,8600,卖盘
871,13:08:02,43.0,-0.06,1,4300,卖盘
872,13:07:53,43.06,0.06,14,60284,买盘
873,13:07:41,43.0,-0.06,33,141900,卖盘
874,13:07:26,43.06,-0.04,4,17224,卖盘
875,13:07:23,43.1,0.04,13,56030,买盘
876,13:07:17,43.06,--,1,4306,买盘
877,13:07:02,43.06,--,2,8612,卖盘
878,13:06:56,43.06,-0.04,3,12918,卖盘
879,13:06:53,43.1,0.04,14,60340,买盘
880,13:06:28,43.06,-0.04,13,55978,买盘
881,13:06:19,43.1,0.1,9,38790,买盘
882,13:06:07,43.0,--,1,4300,卖盘
883,13:06:01,43.0,-0.08,5,21500,卖盘
884,13:05:58,43.08,0.08,2,8616,中性盘
885,13:05:49,43.0,--,18,77400,卖盘
886,13:05:46,43.0,-0.09,5,21500,卖盘
887,13:05:37,43.09,0.03,1,4309,中性盘
888,13:05:31,43.06,--,4,17224,买盘
889,13:05:25,43.06,-0.04,1,4306,卖盘
890,13:05:22,43.1,0.1,11,47410,买盘
891,13:05:19,43.0,-0.1,5,21500,卖盘
892,13:05:07,43.1,0.04,50,215500,买盘
893,13:05:04,43.06,--,1,4306,买盘
894,13:05:01,43.06,-0.02,1,4306,中性盘
895,13:04:49,43.08,0.02,9,38772,买盘
896,13:04:46,43.06,--,7,30142,卖盘
897,13:04:37,43.06,-0.03,1,4306,卖盘
898,13:04:22,43.09,0.01,9,38781,买盘
899,13:04:16,43.08,--,1,4308,卖盘
900,13:04:07,43.08,0.02,3,12924,买盘
901,13:04:01,43.06,--,7,30142,买盘
902,13:03:49,43.06,--,10,43060,买盘
903,13:03:43,43.06,--,3,12918,卖盘
904,13:03:37,43.06,--,2,8612,卖盘
905,13:03:34,43.06,0.06,17,73202,买盘
906,13:03:25,43.0,-0.06,2,8600,卖盘
907,13:03:22,43.06,0.06,10,43060,买盘
908,13:03:07,43.0,--,1,4300,卖盘
909,13:03:04,43.0,-0.08,2,8600,卖盘
910,13:03:01,43.08,--,2,8616,买盘
911,13:02:49,43.08,0.08,9,38772,买盘
912,13:02:46,43.0,--,27,116100,买盘
913,13:02:37,43.0,0.06,64,275200,买盘
914,13:02:34,42.94,-0.01,1,4294,中性盘
915,13:02:22,42.95,0.05,10,42950,买盘
916,13:02:19,42.9,--,1,4290,卖盘
917,13:02:16,42.9,0.02,13,55770,卖盘
918,13:02:13,42.88,0.03,29,124352,买盘
919,13:02:10,42.85,--,3,12855,买盘
920,13:01:58,42.85,0.29,3,12855,买盘
921,13:01:55,42.56,-0.29,2,8512,卖盘
922,13:01:52,42.85,0.29,9,38565,中性盘
923,13:01:34,42.56,-0.32,45,191520,卖盘
924,13:01:16,42.88,--,2,8576,买盘
925,13:01:10,42.88,--,2,8576,买盘
926,13:01:07,42.88,--,73,313024,卖盘
927,13:01:04,42.88,-0.05,45,192960,卖盘
928,13:01:01,42.93,0.01,4,17172,买盘
929,13:00:58,42.92,-0.01,1,4292,中性盘
930,13:00:43,42.93,0.05,1,4293,买盘
931,13:00:31,42.88,-0.05,48,205824,卖盘
932,13:00:22,42.93,0.05,4,17172,买盘
933,13:00:10,42.88,--,13,55744,卖盘
934,13:00:07,42.88,--,8,34304,卖盘
935,13:00:04,42.88,0.34,228,977664,买盘
936,11:29:59,42.54,--,17,72318,卖盘
937,11:29:53,42.54,--,5,21270,卖盘
938,11:29:35,42.54,-0.01,4,17016,卖盘
939,11:29:32,42.55,--,2,8510,买盘
940,11:29:29,42.55,--,2,8510,买盘
941,11:29:26,42.55,--,1,4255,买盘
942,11:29:08,42.55,--,6,25530,买盘
943,11:28:59,42.55,--,15,63824,买盘
944,11:28:53,42.55,0.01,4,17020,买盘
945,11:28:50,42.54,-0.01,4,17016,卖盘
946,11:28:47,42.55,--,2,8510,买盘
947,11:28:38,42.55,--,15,63824,买盘
948,11:28:35,42.55,--,24,102120,卖盘
949,11:28:29,42.55,-0.01,2,8510,卖盘
950,11:28:20,42.56,0.01,1,4256,买盘
951,11:28:17,42.55,-0.01,1,4255,卖盘
952,11:28:14,42.56,--,7,29792,买盘
953,11:28:08,42.56,0.01,13,55328,买盘
954,11:27:59,42.55,--,1,4255,卖盘
955,11:27:47,42.55,-0.01,1,4255,卖盘
956,11:27:38,42.56,0.01,2,8512,买盘
957,11:27:32,42.55,-0.01,21,89355,卖盘
958,11:27:26,42.56,--,1,4256,买盘
959,11:27:14,42.56,0.01,34,144704,买盘
960,11:26:59,42.55,0.02,1,4255,中性盘
961,11:26:56,42.53,-0.01,11,46783,卖盘
962,11:26:38,42.54,--,2,8508,买盘
963,11:26:32,42.54,--,2,8508,买盘
964,11:26:29,42.54,-0.01,8,34032,买盘
965,11:26:26,42.55,0.01,24,102120,买盘
966,11:26:23,42.54,-0.01,6,25524,卖盘
967,11:26:20,42.55,--,2,8510,买盘
968,11:26:11,42.55,--,1,4255,买盘
969,11:26:08,42.55,--,2,8510,买盘
970,11:26:02,42.55,0.01,1,4255,买盘
971,11:25:59,42.54,-0.01,2,8508,卖盘
972,11:25:56,42.55,--,1,4255,买盘
973,11:25:32,42.55,0.01,5,21275,买盘
974,11:25:29,42.54,--,1,4254,买盘
975,11:25:26,42.54,--,1,4254,中性盘
976,11:25:20,42.54,--,1,4254,买盘
977,11:25:17,42.54,--,3,12762,买盘
978,11:25:14,42.54,0.01,5,21270,买盘
979,11:25:11,42.53,-0.01,4,17012,卖盘
980,11:25:08,42.54,--,2,8508,买盘
981,11:25:02,42.54,--,2,8508,买盘
982,11:24:56,42.54,0.01,2,8508,买盘
983,11:24:50,42.53,--,28,119084,卖盘
984,11:24:44,42.53,--,1,4253,卖盘
985,11:24:29,42.53,-0.01,10,42530,卖盘
986,11:24:26,42.54,-0.01,9,38286,卖盘
987,11:24:14,42.55,--,5,21275,买盘
988,11:24:05,42.55,0.01,3,12765,买盘
989,11:23:59,42.54,-0.01,10,42540,卖盘
990,11:23:53,42.55,0.02,15,63824,买盘
991,11:23:41,42.53,--,25,106325,卖盘
992,11:23:38,42.53,--,7,29771,卖盘
993,11:23:29,42.53,-0.02,10,42530,卖盘
994,11:23:23,42.55,--,11,46805,卖盘
995,11:23:17,42.55,0.02,9,38295,买盘
996,11:23:14,42.53,-0.02,2,8506,卖盘
997,11:23:11,42.55,--,10,42550,买盘
998,11:23:02,42.55,0.01,1,4255,买盘
999,11:22:56,42.54,-0.01,3,12762,卖盘
1000,11:22:47,42.55,0.02,2,8510,中性盘
1001,11:22:44,42.53,-0.02,59,250927,卖盘
1002,11:22:29,42.55,-0.01,3,12765,卖盘
1003,11:22:23,42.56,--,8,34048,买盘
1004,11:22:20,42.56,--,20,85120,卖盘
1005,11:22:14,42.56,-0.14,1,4256,卖盘
1006,11:22:11,42.7,0.14,12,51240,买盘
1007,11:22:08,42.56,--,1,4256,买盘
1008,11:21:59,42.56,0.03,1,4256,买盘
1009,11:21:56,42.53,-0.03,1,4253,卖盘
1010,11:21:53,42.56,--,2,8512,买盘
1011,11:21:50,42.56,-0.04,1,4256,买盘
1012,11:21:47,42.6,-0.1,9,38340,卖盘
1013,11:21:44,42.7,0.14,14,59780,买盘
1014,11:21:41,42.56,--,16,68096,买盘
1015,11:21:32,42.56,0.06,6,25536,买盘
1016,11:21:20,42.5,-0.2,14,59500,卖盘
1017,11:21:16,42.7,0.2,13,55510,买盘
1018,11:21:13,42.5,--,8,34000,卖盘
1019,11:21:01,42.5,-0.06,4,17000,卖盘
1020,11:20:58,42.56,0.06,9,38304,买盘
1021,11:20:52,42.5,-0.06,20,85000,卖盘
1022,11:20:46,42.56,--,3,12768,买盘
1023,11:20:43,42.56,--,12,51072,买盘
1024,11:20:40,42.56,-0.15,45,191520,卖盘
1025,11:20:34,42.71,-0.24,3,12813,卖盘
1026,11:20:31,42.95,0.24,11,47245,买盘
1027,11:20:25,42.71,--,1,4271,卖盘
1028,11:20:22,42.71,-0.24,2,8542,中性盘
1029,11:20:01,42.95,-0.04,2,8590,卖盘
1030,11:19:37,42.99,-0.04,1,4299,卖盘
1031,11:19:28,43.03,0.03,13,55939,买盘
1032,11:19:25,43.0,--,3,12900,卖盘
1033,11:19:16,43.0,-0.03,6,25800,卖盘
1034,11:19:04,43.03,-0.02,3,12909,卖盘
1035,11:18:40,43.05,-0.01,1,4305,中性盘
1036,11:18:25,43.06,0.01,21,90426,买盘
1037,11:18:16,43.05,--,61,262605,卖盘
1038,11:18:13,43.05,-0.01,11,47355,卖盘
1039,11:18:10,43.06,0.01,1,4306,买盘
1040,11:18:04,43.05,-0.01,25,107625,卖盘
1041,11:17:52,43.06,-0.02,50,215300,卖盘
1042,11:17:43,43.08,0.02,12,51696,买盘
1043,11:17:37,43.06,--,2,8612,卖盘
1044,11:17:34,43.06,-0.02,1,4306,卖盘
1045,11:17:25,43.08,0.02,3,12924,买盘
1046,11:17:22,43.06,0.01,14,60284,买盘
1047,11:17:19,43.05,--,4,17220,卖盘
1048,11:17:10,43.05,-0.03,26,111929,卖盘
1049,11:17:07,43.08,0.02,13,56004,买盘
1050,11:16:55,43.06,-0.02,2,8612,卖盘
1051,11:16:40,43.08,0.02,4,17232,中性盘
1052,11:16:34,43.06,--,1,4306,卖盘
1053,11:16:25,43.06,0.01,13,55978,买盘
1054,11:16:22,43.05,--,53,228164,卖盘
1055,11:16:16,43.05,-0.04,13,55964,卖盘
1056,11:16:07,43.09,--,12,51708,买盘
1057,11:15:58,43.09,--,2,8618,卖盘
1058,11:15:55,43.09,--,2,8618,卖盘
1059,11:15:52,43.09,--,72,310248,卖盘
1060,11:15:46,43.09,--,4,17236,卖盘
1061,11:15:43,43.09,--,9,38781,卖盘
1062,11:15:37,43.09,--,1,4309,卖盘
1063,11:15:28,43.09,0.04,4,17236,买盘
1064,11:15:25,43.05,-0.04,72,309960,卖盘
1065,11:15:16,43.09,--,3,12927,买盘
1066,11:15:13,43.09,-0.01,5,21545,中性盘
1067,11:15:04,43.1,-0.01,1,4310,卖盘
1068,11:14:52,43.11,-0.06,72,310392,卖盘
1069,11:14:49,43.17,0.06,5,21585,买盘
1070,11:14:43,43.11,--,25,107775,卖盘
1071,11:14:34,43.11,--,3,12933,卖盘
1072,11:14:25,43.11,0.06,9,38799,中性盘
1073,11:14:10,43.05,-0.06,7,30134,卖盘
1074,11:14:01,43.11,--,15,64665,买盘
1075,11:13:58,43.11,--,3,12933,卖盘
1076,11:13:52,43.11,--,198,853578,买盘
1077,11:13:49,43.11,--,3,12933,买盘
1078,11:13:46,43.11,--,6,25866,卖盘
1079,11:13:40,43.11,--,5,21555,卖盘
1080,11:13:37,43.11,-0.04,1,4311,卖盘
1081,11:13:34,43.15,0.04,4,17260,买盘
1082,11:13:25,43.11,0.06,54,232794,买盘
1083,11:13:19,43.05,--,19,81795,卖盘
1084,11:13:10,43.05,0.02,19,81795,中性盘
1085,11:12:55,43.03,--,19,81757,卖盘
1086,11:12:46,43.03,-0.08,19,81757,卖盘
1087,11:12:37,43.11,--,19,81909,卖盘
1088,11:12:28,43.11,--,9,38799,卖盘
1089,11:12:25,43.11,0.08,72,310392,买盘
1090,11:12:22,43.03,-0.02,5,21515,卖盘
1091,11:12:19,43.05,-0.13,5,21525,卖盘
1092,11:12:13,43.18,--,70,302260,卖盘
1093,11:12:10,43.18,--,2,8636,卖盘
1094,11:12:07,43.18,--,23,99314,卖盘
1095,11:12:01,43.18,--,5,21590,卖盘
1096,11:11:58,43.18,0.08,12,51816,买盘
1097,11:11:55,43.1,-0.08,44,189640,卖盘
1098,11:11:49,43.18,0.08,1,4318,买盘
1099,11:11:46,43.1,-0.09,19,81890,卖盘
1100,11:11:37,43.19,0.09,5,21595,买盘
1101,11:11:34,43.1,-0.09,100,431000,卖盘
1102,11:11:31,43.19,0.05,3,12957,买盘
1103,11:11:28,43.14,--,20,86280,卖盘
1104,11:11:25,43.14,0.04,18,77652,买盘
1105,11:11:22,43.1,-0.01,1,4310,卖盘
1106,11:11:19,43.11,0.01,1,4311,中性盘
1107,11:11:07,43.1,-0.08,4,17240,卖盘
1108,11:10:52,43.18,--,1,4318,卖盘
1109,11:10:49,43.18,--,15,64770,卖盘
1110,11:10:43,43.18,--,6,25908,卖盘
1111,11:10:40,43.18,--,4,17272,卖盘
1112,11:10:31,43.18,--,3,12954,卖盘
1113,11:10:25,43.18,--,6,25908,卖盘
1114,11:10:22,43.18,0.08,41,177038,买盘
1115,11:10:10,43.1,-0.1,9,38790,卖盘
1116,11:10:07,43.2,0.02,12,51840,买盘
1117,11:09:58,43.18,--,5,21590,买盘
1118,11:09:52,43.18,-0.02,11,47498,中性盘
1119,11:09:43,43.2,--,37,159840,买盘
1120,11:09:34,43.2,--,5,21600,买盘
1121,11:09:31,43.2,--,10,43200,买盘
1122,11:09:28,43.2,--,2,8640,买盘
1123,11:09:25,43.2,--,73,315360,卖盘
1124,11:09:22,43.2,0.02,47,203040,买盘
1125,11:09:19,43.18,-0.02,10,43180,中性盘
1126,11:09:01,43.2,--,2,8640,买盘
1127,11:08:55,43.2,--,10,43200,买盘
1128,11:08:52,43.2,0.02,121,522720,买盘
1129,11:08:49,43.18,--,47,202946,卖盘
1130,11:08:46,43.18,-0.02,16,69088,卖盘
1131,11:08:43,43.2,0.02,1,4320,买盘
1132,11:08:40,43.18,--,22,94996,卖盘
1133,11:08:34,43.18,--,5,21590,卖盘
1134,11:08:28,43.18,--,12,51816,卖盘
1135,11:08:22,43.18,0.08,14,60452,买盘
1136,11:08:16,43.1,-0.1,3,12930,卖盘
1137,11:08:01,43.2,--,12,51840,买盘
1138,11:07:55,43.2,0.02,11,47520,买盘
1139,11:07:49,43.18,--,8,34544,卖盘
1140,11:07:46,43.18,-0.01,12,51816,卖盘
1141,11:07:43,43.19,0.01,2,8638,买盘
1142,11:07:40,43.18,-0.02,4,17272,卖盘
1143,11:07:34,43.2,0.01,100,432000,买盘
1144,11:07:31,43.19,--,4,17276,买盘
1145,11:07:28,43.19,0.01,25,107975,买盘
1146,11:07:25,43.18,--,32,138176,买盘
1147,11:07:22,43.18,0.07,22,94996,买盘
1148,11:07:07,43.11,--,3,12933,卖盘
1149,11:07:01,43.11,-0.07,7,30177,卖盘
1150,11:06:55,43.18,--,2,8636,卖盘
1151,11:06:49,43.18,--,48,207264,卖盘
1152,11:06:43,43.18,--,9,38862,卖盘
1153,11:06:40,43.18,-0.01,4,17272,卖盘
1154,11:06:37,43.19,0.01,3,12957,买盘
1155,11:06:28,43.18,--,7,30226,卖盘
1156,11:06:25,43.18,--,2,8636,卖盘
1157,11:06:22,43.18,--,4,17272,买盘
1158,11:06:13,43.18,--,12,51816,买盘
1159,11:06:07,43.18,0.07,3,12954,买盘
1160,11:05:58,43.11,--,4,17244,卖盘
1161,11:05:55,43.11,-0.11,2,8622,中性盘
1162,11:05:46,43.22,0.02,1,4322,买盘
1163,11:05:43,43.2,--,9,38880,买盘
1164,11:05:40,43.2,0.1,39,168480,买盘
1165,11:05:31,43.1,--,1,4310,卖盘
1166,11:05:22,43.1,0.07,1,4310,买盘
1167,11:05:19,43.03,--,1,4303,卖盘
1168,11:05:07,43.03,--,8,34424,卖盘
1169,11:05:04,43.03,-0.17,2,8606,卖盘
1170,11:04:58,43.2,--,1,4320,买盘
1171,11:04:52,43.2,--,2,8640,卖盘
1172,11:04:49,43.2,--,6,25920,卖盘
1173,11:04:46,43.2,--,17,73440,卖盘
1174,11:04:43,43.2,--,10,43200,卖盘
1175,11:04:37,43.2,--,13,56160,卖盘
1176,11:04:31,43.2,--,1,4320,卖盘
1177,11:04:28,43.2,-0.02,1,4320,卖盘
1178,11:04:25,43.22,0.02,12,51864,买盘
1179,11:04:22,43.2,--,6,25920,买盘
1180,11:04:19,43.2,--,2,8640,买盘
1181,11:04:10,43.2,-0.06,13,56160,卖盘
1182,11:04:04,43.26,0.04,3,12978,买盘
1183,11:04:01,43.22,0.02,1,4322,买盘
1184,11:03:58,43.2,--,1,4320,卖盘
1185,11:03:55,43.2,-0.06,6,25920,卖盘
1186,11:03:49,43.26,0.06,5,21630,买盘
1187,11:03:46,43.2,-0.06,5,21600,卖盘
1188,11:03:43,43.26,0.06,19,82194,买盘
1189,11:03:40,43.2,--,5,21600,卖盘
1190,11:03:34,43.2,--,35,151200,卖盘
1191,11:03:22,43.2,0.2,15,64800,买盘
1192,11:03:19,43.0,-0.02,24,103200,卖盘
1193,11:03:10,43.02,--,13,55926,卖盘
1194,11:03:07,43.02,--,4,17208,买盘
1195,11:03:04,43.02,0.02,38,163476,买盘
1196,11:02:58,43.0,--,1,4300,卖盘
1197,11:02:55,43.0,--,3,12900,中性盘
1198,11:02:52,43.0,--,48,206400,卖盘
1199,11:02:40,43.0,-0.01,13,55900,卖盘
1200,11:02:37,43.01,--,196,845146,买盘
1201,11:02:31,43.01,0.01,25,107525,买盘
1202,11:02:28,43.0,--,3,12900,卖盘
1203,11:02:25,43.0,--,14,60200,卖盘
1204,11:02:19,43.0,0.05,21,90300,买盘
1205,11:02:16,42.95,-0.05,11,47245,卖盘
1206,11:02:13,43.0,--,7,30100,买盘
1207,11:02:10,43.0,--,13,55900,买盘
1208,11:02:07,43.0,0.01,3,12900,买盘
1209,11:01:58,42.99,-0.01,3,12897,卖盘
1210,11:01:55,43.0,--,1,4300,买盘
1211,11:01:52,43.0,0.01,2,8600,买盘
1212,11:01:48,42.99,--,76,326724,卖盘
1213,11:01:45,42.99,0.04,24,103176,买盘
1214,11:01:42,42.95,0.02,10,42950,买盘
1215,11:01:27,42.93,-0.02,38,163134,卖盘
1216,11:01:18,42.95,0.15,12,51540,买盘
1217,11:01:15,42.8,-0.15,35,149800,卖盘
1218,11:01:12,42.95,0.02,3,12885,买盘
1219,11:01:09,42.93,0.06,3,12879,买盘
1220,11:01:06,42.87,-0.06,13,55731,卖盘
1221,11:01:00,42.93,0.01,1,4293,买盘
1222,11:00:57,42.92,0.02,11,47212,买盘
1223,11:00:54,42.9,0.01,1,4290,买盘
1224,11:00:51,42.89,0.02,13,55757,买盘
1225,11:00:48,42.87,-0.01,13,55731,卖盘
1226,11:00:45,42.88,0.01,37,158656,买盘
1227,11:00:42,42.87,-0.01,2,8574,卖盘
1228,11:00:39,42.88,0.01,1,4288,买盘
1229,11:00:36,42.87,--,25,107175,买盘
1230,11:00:33,42.87,0.07,1,4287,买盘
1231,11:00:27,42.8,--,9,38520,卖盘
1232,11:00:18,42.8,--,24,102720,买盘
1233,11:00:15,42.8,--,26,111279,买盘
1234,11:00:12,42.8,--,1,4280,买盘
1235,11:00:06,42.8,-0.08,4,17120,卖盘
1236,11:00:03,42.88,0.08,6,25728,买盘
1237,10:59:57,42.8,-0.01,12,51360,卖盘
1238,10:59:54,42.81,0.01,6,25686,中性盘
1239,10:59:48,42.8,-0.07,9,38520,卖盘
1240,10:59:45,42.87,--,7,30009,买盘
1241,10:59:42,42.87,--,13,55731,买盘
1242,10:59:39,42.87,0.07,1,4287,买盘
1243,10:59:36,42.8,--,10,42800,卖盘
1244,10:59:27,42.8,0.25,9,38520,中性盘
1245,10:59:18,42.55,-0.17,10,42550,卖盘
1246,10:59:12,42.72,-0.16,6,25632,卖盘
1247,10:59:09,42.88,0.08,13,55744,买盘
1248,10:59:06,42.8,0.11,1,4280,买盘
1249,10:59:03,42.69,0.16,21,89649,买盘
1250,10:58:54,42.53,--,11,46783,卖盘
1251,10:58:45,42.53,-0.27,9,38277,卖盘
1252,10:58:39,42.8,--,2,8560,买盘
1253,10:58:36,42.8,--,16,68522,买盘
1254,10:58:33,42.8,--,25,107000,买盘
1255,10:58:30,42.8,0.14,4,17120,买盘
1256,10:58:24,42.66,-0.14,10,42660,中性盘
1257,10:58:21,42.8,0.27,121,517879,买盘
1258,10:58:18,42.53,-0.15,10,42530,卖盘
1259,10:58:15,42.68,0.03,1,4268,中性盘
1260,10:58:12,42.65,--,1,4265,卖盘
1261,10:58:09,42.65,-0.03,38,162070,卖盘
1262,10:57:54,42.68,-0.02,9,38412,卖盘
1263,10:57:51,42.7,--,7,29890,买盘
1264,10:57:48,42.7,0.01,15,64050,买盘
1265,10:57:45,42.69,-0.01,10,42690,卖盘
1266,10:57:39,42.7,--,1,4270,买盘
1267,10:57:36,42.7,--,18,76860,买盘
1268,10:57:33,42.7,--,1,4270,买盘
1269,10:57:30,42.7,0.01,2,8540,买盘
1270,10:57:24,42.69,-0.01,1,4269,中性盘
1271,10:57:21,42.7,0.02,6,25620,买盘
1272,10:57:18,42.68,--,3,12804,买盘
1273,10:57:15,42.68,--,2,8536,买盘
1274,10:57:12,42.68,--,1,4268,买盘
1275,10:57:09,42.68,-0.02,1,4268,买盘
1276,10:57:03,42.7,--,5,21350,买盘
1277,10:57:00,42.7,--,3,12810,买盘
1278,10:56:54,42.7,0.01,5,21350,买盘
1279,10:56:48,42.69,0.01,2,8538,买盘
1280,10:56:45,42.68,--,2,8536,卖盘
1281,10:56:42,42.68,-0.01,2,8536,卖盘
1282,10:56:39,42.69,0.01,1,4269,中性盘
1283,10:56:36,42.68,-0.02,1,4268,卖盘
1284,10:56:33,42.7,0.02,6,25620,买盘
1285,10:56:30,42.68,--,19,81092,卖盘
1286,10:56:27,42.68,--,10,42680,卖盘
1287,10:56:21,42.68,0.03,63,268884,买盘
1288,10:56:15,42.65,-0.01,2,8530,卖盘
1289,10:56:12,42.66,-0.02,30,127979,卖盘
1290,10:56:06,42.68,--,5,21340,买盘
1291,10:56:03,42.68,--,6,25608,买盘
1292,10:56:00,42.68,--,14,59752,买盘
1293,10:55:57,42.68,0.02,1,4268,买盘
1294,10:55:54,42.66,--,7,29861,卖盘
1295,10:55:51,42.66,0.01,5,21330,卖盘
1296,10:55:45,42.65,0.01,11,46915,买盘
1297,10:55:42,42.64,-0.01,3,12792,卖盘
1298,10:55:39,42.65,--,1,4265,买盘
1299,10:55:33,42.65,0.01,22,93830,买盘
1300,10:55:27,42.64,--,5,21320,卖盘
1301,10:55:24,42.64,--,6,25584,卖盘
1302,10:55:18,42.64,0.12,41,179045,买盘
1303,10:55:12,42.52,--,1,4252,卖盘
1304,10:55:03,42.52,-0.04,6,25512,卖盘
1305,10:55:00,42.56,--,13,55328,买盘
1306,10:54:57,42.56,--,12,51072,买盘
1307,10:54:48,42.56,--,8,34048,卖盘
1308,10:54:45,42.56,-0.08,1,4256,卖盘
1309,10:54:42,42.64,0.12,1,4264,买盘
1310,10:54:21,42.52,-0.04,15,63780,卖盘
1311,10:54:18,42.56,-0.08,11,46816,中性盘
1312,10:54:09,42.64,0.13,13,55432,买盘
1313,10:54:06,42.51,--,14,59514,买盘
1314,10:54:03,42.51,--,3,12753,买盘
1315,10:54:00,42.51,-0.13,42,178584,卖盘
1316,10:53:54,42.64,--,1,4264,买盘
1317,10:53:51,42.64,-0.01,2,8528,卖盘
1318,10:53:48,42.65,0.01,3,12795,买盘
1319,10:53:45,42.64,--,8,34112,卖盘
1320,10:53:42,42.64,--,13,55432,卖盘
1321,10:53:36,42.64,--,3,12792,卖盘
1322,10:53:27,42.64,--,1,4264,卖盘
1323,10:53:18,42.64,0.13,2,8528,卖盘
1324,10:53:12,42.51,-0.13,47,199797,卖盘
1325,10:53:09,42.64,--,16,72445,买盘
1326,10:53:03,42.64,--,4,17056,买盘
1327,10:52:54,42.64,--,1,4264,买盘
1328,10:52:51,42.64,--,3,12792,买盘
1329,10:52:45,42.64,--,43,183352,买盘
1330,10:52:39,42.64,--,12,51168,买盘
1331,10:52:36,42.64,--,1,4264,买盘
1332,10:52:27,42.64,0.09,8,34112,买盘
1333,10:52:21,42.55,0.04,27,114884,买盘
1334,10:52:12,42.51,-0.04,21,89271,卖盘
1335,10:52:09,42.55,0.04,13,55314,买盘
1336,10:51:48,42.51,--,85,361335,卖盘
1337,10:51:42,42.51,-0.01,13,55263,卖盘
1338,10:51:36,42.52,0.01,4,17008,买盘
1339,10:51:27,42.51,--,10,42510,卖盘
1340,10:51:21,42.51,0.01,6,25506,中性盘
1341,10:51:18,42.5,-0.01,9,38250,卖盘
1342,10:51:15,42.51,0.01,13,55263,买盘
1343,10:51:06,42.5,--,2,8500,卖盘
1344,10:50:57,42.5,0.01,102,434095,买盘
1345,10:50:54,42.49,--,0,679,卖盘
1346,10:50:51,42.49,-0.01,1,4249,卖盘
1347,10:50:39,42.5,0.01,13,55250,买盘
1348,10:50:36,42.49,-0.01,1,4249,卖盘
1349,10:50:33,42.5,--,12,51000,买盘
1350,10:50:30,42.5,--,1,4250,买盘
1351,10:50:24,42.5,--,11,46750,买盘
1352,10:50:21,42.5,--,8,34000,买盘
1353,10:50:15,42.5,-0.06,111,471750,卖盘
1354,10:50:12,42.56,-0.09,5,21280,卖盘
1355,10:50:00,42.65,--,3,12795,买盘
1356,10:49:57,42.65,--,1,4265,买盘
1357,10:49:51,42.65,0.01,1,4265,买盘
1358,10:49:48,42.64,-0.01,1,4264,中性盘
1359,10:49:42,42.65,0.15,77,328405,买盘
1360,10:49:36,42.5,--,17,72250,中性盘
1361,10:49:33,42.5,0.01,2,8500,中性盘
1362,10:49:27,42.49,-0.01,15,63735,卖盘
1363,10:49:24,42.5,--,9,38250,买盘
1364,10:49:18,42.5,--,10,42500,买盘
1365,10:49:12,42.5,--,7,29750,买盘
1366,10:49:06,42.5,0.01,5,21250,买盘
1367,10:49:03,42.49,-0.01,5,21245,卖盘
1368,10:48:51,42.5,--,13,55250,买盘
1369,10:48:39,42.5,--,9,38250,买盘
1370,10:48:33,42.5,--,4,17000,买盘
1371,10:48:30,42.5,0.01,1,4250,买盘
1372,10:48:27,42.49,0.01,17,72233,买盘
1373,10:48:24,42.48,--,3,12743,卖盘
1374,10:48:21,42.48,-0.01,12,50975,卖盘
1375,10:48:18,42.49,--,12,50988,买盘
1376,10:48:12,42.49,--,3,12747,买盘
1377,10:48:06,42.49,--,1,4249,买盘
1378,10:48:03,42.49,--,29,123221,买盘
1379,10:48:00,42.49,--,8,33992,买盘
1380,10:47:45,42.49,0.11,31,131719,买盘
1381,10:47:42,42.38,-0.1,17,72046,卖盘
1382,10:47:39,42.48,--,14,59471,买盘
1383,10:47:36,42.48,--,12,50975,买盘
1384,10:47:27,42.48,0.12,5,21240,中性盘
1385,10:47:09,42.36,--,11,46596,卖盘
1386,10:47:06,42.36,-0.13,15,63540,卖盘
1387,10:47:00,42.49,0.13,13,55237,买盘
1388,10:46:57,42.36,0.06,7,29652,买盘
1389,10:46:54,42.3,--,1,4230,卖盘
1390,10:46:51,42.3,-0.04,11,46530,卖盘
1391,10:46:48,42.34,--,5,21170,卖盘
1392,10:46:45,42.34,--,10,42340,卖盘
1393,10:46:36,42.34,--,10,42340,卖盘
1394,10:46:33,42.34,--,2,8468,卖盘
1395,10:46:30,42.34,0.05,36,152424,买盘
1396,10:46:27,42.29,0.01,28,118412,买盘
1397,10:46:09,42.28,0.08,15,65280,买盘
1398,10:46:06,42.2,-0.09,189,799943,卖盘
1399,10:46:00,42.29,--,16,67664,买盘
1400,10:45:57,42.29,0.07,1,4229,买盘
1401,10:45:54,42.22,-0.01,9,37998,卖盘
1402,10:45:51,42.23,-0.07,9,38007,中性盘
1403,10:45:48,42.3,0.01,5,21150,买盘
1404,10:45:42,42.29,--,2,8458,买盘
1405,10:45:39,42.29,--,2,8458,买盘
1406,10:45:36,42.29,0.07,11,46519,中性盘
1407,10:45:33,42.22,-0.08,10,42220,卖盘
1408,10:45:27,42.3,-0.06,3,12690,买盘
1409,10:45:21,42.36,0.02,23,97428,买盘
1410,10:45:18,42.34,0.05,3,12702,买盘
1411,10:45:15,42.29,-0.01,44,186076,卖盘
1412,10:45:12,42.3,-0.04,11,46530,卖盘
1413,10:45:09,42.34,--,38,160892,买盘
1414,10:45:06,42.34,--,1,4234,买盘
1415,10:45:03,42.34,--,6,25404,买盘
1416,10:45:00,42.34,0.04,29,122786,中性盘
1417,10:44:56,42.3,-0.05,30,128761,卖盘
1418,10:44:53,42.35,--,5,21175,卖盘
1419,10:44:50,42.35,--,1,4235,卖盘
1420,10:44:47,42.35,-0.01,40,169400,卖盘
1421,10:44:44,42.36,0.01,4,16944,买盘
1422,10:44:38,42.35,-0.01,24,101640,卖盘
1423,10:44:35,42.36,--,22,93192,卖盘
1424,10:44:32,42.36,--,5,21180,卖盘
1425,10:44:29,42.36,--,23,97428,卖盘
1426,10:44:17,42.36,-0.04,24,101664,卖盘
1427,10:44:14,42.4,-0.05,292,1239182,卖盘
1428,10:44:08,42.45,-0.03,28,118860,卖盘
1429,10:44:02,42.48,0.01,16,67968,买盘
1430,10:43:56,42.47,--,3,12741,买盘
1431,10:43:53,42.47,-0.02,16,67952,卖盘
1432,10:43:50,42.49,-0.01,23,97727,卖盘
1433,10:43:44,42.5,0.01,13,55250,买盘
1434,10:43:38,42.49,--,33,140217,卖盘
1435,10:43:35,42.49,-0.01,30,127470,卖盘
1436,10:43:32,42.5,--,1,4250,买盘
1437,10:43:29,42.5,--,18,76500,买盘
1438,10:43:23,42.5,--,12,51000,买盘
1439,10:43:17,42.5,--,3,12750,买盘
1440,10:43:08,42.5,0.01,2,8500,买盘
1441,10:43:05,42.49,-0.01,2,8498,卖盘
1442,10:43:02,42.5,--,1,4250,买盘
1443,10:42:59,42.5,--,1,4250,买盘
1444,10:42:56,42.5,0.01,34,144500,买盘
1445,10:42:50,42.49,-0.01,4,16996,卖盘
1446,10:42:47,42.5,--,8,34000,买盘
1447,10:42:44,42.5,--,8,34000,买盘
1448,10:42:38,42.5,--,9,38250,买盘
1449,10:42:35,42.5,0.01,2,8500,买盘
1450,10:42:32,42.49,--,10,42490,卖盘
1451,10:42:29,42.49,-0.01,7,29743,卖盘
1452,10:42:26,42.5,--,1,4250,买盘
1453,10:42:20,42.5,--,65,276250,买盘
1454,10:42:17,42.5,0.01,10,42500,买盘
1455,10:42:14,42.49,-0.01,6,25494,卖盘
1456,10:42:08,42.5,0.01,6,25500,买盘
1457,10:42:05,42.49,-0.01,7,29743,卖盘
1458,10:41:59,42.5,--,5,21250,买盘
1459,10:41:56,42.5,--,13,55250,买盘
1460,10:41:50,42.5,--,266,1130500,买盘
1461,10:41:47,42.5,--,22,93500,买盘
1462,10:41:41,42.5,--,25,106250,买盘
1463,10:41:38,42.5,0.08,12,51000,买盘
1464,10:41:35,42.42,-0.08,24,101808,卖盘
1465,10:41:29,42.5,--,12,51000,买盘
1466,10:41:23,42.5,--,7,29750,买盘
1467,10:41:20,42.5,0.01,17,72250,买盘
1468,10:41:17,42.49,--,6,25494,买盘
1469,10:41:14,42.49,--,2,8498,买盘
1470,10:41:11,42.49,--,25,106225,买盘
1471,10:41:08,42.49,-0.01,21,89229,卖盘
1472,10:41:05,42.5,--,12,51000,买盘
1473,10:41:02,42.5,--,5,21250,买盘
1474,10:40:59,42.5,--,57,242250,买盘
1475,10:40:56,42.5,0.09,5,21250,买盘
1476,10:40:50,42.41,-0.08,39,165399,卖盘
1477,10:40:47,42.49,0.09,2,11642,买盘
1478,10:40:44,42.4,--,9,38160,卖盘
1479,10:40:41,42.4,-0.09,3,12720,卖盘
1480,10:40:38,42.49,0.09,4,16996,买盘
1481,10:40:35,42.4,-0.09,4,16960,中性盘
1482,10:40:32,42.49,0.09,21,89229,买盘
1483,10:40:29,42.4,0.01,11,46640,买盘
1484,10:40:20,42.39,--,1,4239,卖盘
1485,10:40:17,42.39,-0.01,5,21195,卖盘
1486,10:40:14,42.4,0.02,13,55120,买盘
1487,10:40:11,42.38,0.02,8,33904,买盘
1488,10:40:08,42.36,0.01,17,72012,买盘
1489,10:40:05,42.35,-0.01,30,127050,卖盘
1490,10:39:59,42.36,-0.14,15,63540,中性盘
1491,10:39:56,42.5,0.15,10,42500,买盘
1492,10:39:53,42.35,-0.15,17,71995,卖盘
1493,10:39:50,42.5,0.1,654,2779500,买盘
1494,10:39:47,42.4,--,5,21200,卖盘
1495,10:39:41,42.4,-0.1,6,25440,中性盘
1496,10:39:38,42.5,--,8,34000,买盘
1497,10:39:35,42.5,--,26,110500,买盘
1498,10:39:32,42.5,--,22,93500,买盘
1499,10:39:29,42.5,-0.15,159,676515,卖盘
1500,10:39:26,42.65,--,10,42650,买盘
1501,10:39:20,42.65,0.01,19,83508,买盘
1502,10:39:17,42.64,0.01,20,85280,买盘
1503,10:39:14,42.63,0.08,1,4263,买盘
1504,10:39:11,42.55,-0.09,7,29784,卖盘
1505,10:39:08,42.64,--,5,21320,买盘
1506,10:39:02,42.64,0.13,19,81016,买盘
1507,10:38:59,42.51,--,15,63765,卖盘
1508,10:38:56,42.51,-0.12,23,98793,卖盘
1509,10:38:50,42.63,0.12,29,123627,买盘
1510,10:38:47,42.51,-0.1,31,131781,卖盘
1511,10:38:41,42.61,0.03,14,59654,卖盘
1512,10:38:35,42.58,-0.07,5,21290,卖盘
1513,10:38:32,42.65,0.05,2,8530,买盘
1514,10:38:29,42.6,-0.03,19,80940,卖盘
1515,10:38:26,42.63,--,6,25578,买盘
1516,10:38:23,42.63,--,7,29841,买盘
1517,10:38:20,42.63,-0.02,8,34104,卖盘
1518,10:38:17,42.65,-0.15,4,17060,卖盘
1519,10:38:14,42.8,-0.1,1,4280,买盘
1520,10:38:11,42.9,0.24,22,94380,买盘
1521,10:38:08,42.66,-0.24,5,21330,卖盘
1522,10:38:05,42.9,--,2,8580,买盘
1523,10:38:02,42.9,--,23,98670,买盘
1524,10:37:56,42.9,--,1,4290,买盘
1525,10:37:53,42.9,--,4,17160,买盘
1526,10:37:50,42.9,--,29,124410,卖盘
1527,10:37:47,42.9,-0.01,7,30030,卖盘
1528,10:37:44,42.91,0.01,3,12872,买盘
1529,10:37:41,42.9,--,21,90090,卖盘
1530,10:37:38,42.9,-0.1,2,8580,卖盘
1531,10:37:35,43.0,0.1,2,8600,买盘
1532,10:37:32,42.9,-0.01,7,30030,卖盘
1533,10:37:26,42.91,--,21,90111,卖盘
1534,10:37:20,42.91,--,117,502046,卖盘
1535,10:37:11,42.91,-0.09,19,81529,卖盘
1536,10:37:08,43.0,0.09,1,4300,买盘
1537,10:37:05,42.91,-0.1,2,8582,卖盘
1538,10:37:02,43.01,0.01,20,86020,买盘
1539,10:36:59,43.0,-0.01,4,17200,卖盘
1540,10:36:53,43.01,--,16,68816,买盘
1541,10:36:50,43.01,--,3,12903,买盘
1542,10:36:47,43.01,--,51,219351,买盘
1543,10:36:44,43.01,-0.01,29,126879,卖盘
1544,10:36:41,43.02,0.01,1,4302,中性盘
1545,10:36:38,43.01,-0.18,23,98923,卖盘
1546,10:36:35,43.19,0.09,33,142527,买盘
1547,10:36:29,43.1,0.09,24,103440,买盘
1548,10:36:23,43.01,-0.09,0,2150,卖盘
1549,10:36:17,43.1,0.09,125,538750,买盘
1550,10:36:14,43.01,-0.09,30,129030,卖盘
1551,10:36:05,43.1,0.09,17,73270,中性盘
1552,10:36:02,43.01,-0.09,17,73117,卖盘
1553,10:35:59,43.1,-0.01,6,25860,卖盘
1554,10:35:56,43.11,--,20,86220,买盘
1555,10:35:50,43.11,0.1,24,103464,买盘
1556,10:35:44,43.01,-0.1,11,47311,卖盘
1557,10:35:41,43.11,0.1,17,73287,买盘
1558,10:35:38,43.01,--,36,154836,卖盘
1559,10:35:35,43.01,--,14,60214,卖盘
1560,10:35:29,43.01,-0.1,6,25806,卖盘
1561,10:35:26,43.11,0.1,8,34488,买盘
1562,10:35:23,43.01,0.01,6,25806,中性盘
1563,10:35:20,43.0,-0.01,69,298291,卖盘
1564,10:35:14,43.01,--,4,17204,卖盘
1565,10:35:08,43.01,--,31,133331,卖盘
1566,10:35:05,43.01,-0.1,5,21505,卖盘
1567,10:35:02,43.11,0.01,25,107775,买盘
1568,10:34:56,43.1,0.09,1,4310,中性盘
1569,10:34:53,43.01,--,8,34408,卖盘
1570,10:34:50,43.01,-0.1,42,183351,卖盘
1571,10:34:47,43.11,0.01,8,34488,中性盘
1572,10:34:41,43.1,-0.11,18,77580,卖盘
1573,10:34:35,43.21,-0.03,5,21605,买盘
1574,10:34:32,43.24,-0.01,14,60536,卖盘
1575,10:34:29,43.25,0.02,16,69200,买盘
1576,10:34:20,43.23,-0.01,2,8646,中性盘
1577,10:34:17,43.24,0.04,25,108100,买盘
1578,10:34:14,43.2,--,2,8640,买盘
1579,10:34:11,43.2,-0.04,6,25920,卖盘
1580,10:34:05,43.24,0.01,5,21620,买盘
1581,10:33:59,43.23,-0.01,3,12968,卖盘
1582,10:33:50,43.24,--,218,942632,卖盘
1583,10:33:47,43.24,--,42,181608,卖盘
1584,10:33:44,43.24,--,33,142692,卖盘
1585,10:33:41,43.24,--,11,47564,卖盘
1586,10:33:38,43.24,-0.01,59,255116,卖盘
1587,10:33:35,43.25,0.01,11,47575,买盘
1588,10:33:32,43.24,--,50,216200,卖盘
1589,10:33:29,43.24,-0.01,1,4324,卖盘
1590,10:33:23,43.25,--,10,43250,卖盘
1591,10:33:20,43.25,--,179,774175,卖盘
1592,10:33:17,43.25,--,10,43250,卖盘
1593,10:33:14,43.25,--,4,17300,卖盘
1594,10:33:11,43.25,--,2,8650,卖盘
1595,10:33:08,43.25,--,3,12975,卖盘
1596,10:33:05,43.25,--,28,121100,卖盘
1597,10:32:59,43.25,-0.05,3,12975,卖盘
1598,10:32:56,43.3,--,1,4330,买盘
1599,10:32:50,43.3,--,39,168870,买盘
1600,10:32:47,43.3,-0.01,132,571560,卖盘
1601,10:32:44,43.31,--,83,359473,买盘
1602,10:32:41,43.31,0.01,13,56303,买盘
1603,10:32:38,43.3,-0.01,8,34640,卖盘
1604,10:32:35,43.31,--,7,30317,买盘
1605,10:32:32,43.31,0.01,1,4331,买盘
1606,10:32:29,43.3,-0.02,3,12990,卖盘
1607,10:32:20,43.32,--,115,500346,买盘
1608,10:32:17,43.32,--,1,4332,买盘
1609,10:32:14,43.32,0.01,6,25992,买盘
1610,10:32:08,43.31,-0.01,1,6496,卖盘
1611,10:32:02,43.32,--,1,4332,卖盘
1612,10:31:56,43.32,-0.01,20,86640,卖盘
1613,10:31:53,43.33,--,12,51996,买盘
1614,10:31:50,43.33,0.01,112,485296,买盘
1615,10:31:44,43.32,-0.01,3,12996,卖盘
1616,10:31:38,43.33,--,26,115951,卖盘
1617,10:31:35,43.33,--,148,641284,卖盘
1618,10:31:32,43.33,-0.01,256,1109248,卖盘
1619,10:31:29,43.34,0.01,24,104016,买盘
1620,10:31:23,43.33,-0.01,3,12999,卖盘
1621,10:31:17,43.34,--,45,197457,卖盘
1622,10:31:11,43.34,--,132,572088,卖盘
1623,10:31:08,43.34,--,9,39006,卖盘
1624,10:31:05,43.34,--,6,26004,卖盘
1625,10:31:02,43.34,--,567,2457378,卖盘
1626,10:30:56,43.34,--,2,8668,卖盘
1627,10:30:53,43.34,--,74,320716,卖盘
1628,10:30:50,43.34,--,8,34672,卖盘
1629,10:30:47,43.34,--,202,875468,卖盘
1630,10:30:41,43.34,--,144,626002,卖盘
1631,10:30:38,43.34,--,27,117018,卖盘
1632,10:30:32,43.34,--,2,8668,卖盘
1633,10:30:29,43.34,--,302,1308868,卖盘
1634,10:30:23,43.34,--,38,164692,卖盘
1635,10:30:17,43.34,--,3,13002,卖盘
1636,10:30:14,43.34,--,21,91014,卖盘
1637,10:30:11,43.34,--,4,17336,卖盘
1638,10:30:05,43.34,--,6,26004,卖盘
1639,10:30:02,43.34,--,220,953480,卖盘
1640,10:29:59,43.34,--,518,2245012,卖盘
1641,10:29:56,43.34,--,47,203698,买盘
1642,10:29:53,43.34,0.01,4,17336,买盘
1643,10:29:50,43.33,--,16,69328,卖盘
1644,10:29:47,43.33,-0.01,12,51996,卖盘
1645,10:29:44,43.34,--,2,8668,买盘
1646,10:29:41,43.34,--,40,173360,买盘
1647,10:29:38,43.34,0.01,31,134354,买盘
1648,10:29:35,43.33,-0.01,2,8666,卖盘
1649,10:29:32,43.34,--,190,823460,买盘
1650,10:29:29,43.34,--,163,707482,买盘
1651,10:29:23,43.34,--,40,173360,买盘
1652,10:29:20,43.34,0.01,14,60676,买盘
1653,10:29:17,43.33,-0.01,35,151655,卖盘
1654,10:29:14,43.34,0.01,46,199364,买盘
1655,10:29:11,43.33,-0.01,2,8666,卖盘
1656,10:29:08,43.34,0.01,13,56342,买盘
1657,10:29:02,43.33,-0.01,111,480963,卖盘
1658,10:28:59,43.34,0.01,12,52008,买盘
1659,10:28:56,43.33,-0.01,6,25998,卖盘
1660,10:28:53,43.34,--,4,17336,买盘
1661,10:28:47,43.34,--,60,260040,买盘
1662,10:28:44,43.34,--,58,251372,买盘
1663,10:28:41,43.34,--,56,242704,买盘
1664,10:28:38,43.34,--,5,21670,买盘
1665,10:28:35,43.34,--,12,52008,卖盘
1666,10:28:32,43.34,--,53,229702,卖盘
1667,10:28:29,43.34,--,38,164692,卖盘
1668,10:28:26,43.34,0.01,17,73678,卖盘
1669,10:28:23,43.33,-0.01,18,77994,卖盘
1670,10:28:20,43.34,0.01,130,563420,买盘
1671,10:28:14,43.33,-0.01,3,12999,卖盘
1672,10:28:11,43.34,0.01,3,13002,买盘
1673,10:28:08,43.33,--,10,43330,卖盘
1674,10:28:02,43.33,-0.01,59,255647,卖盘
1675,10:27:56,43.34,--,15,65010,卖盘
1676,10:27:53,43.34,--,20,86680,卖盘
1677,10:27:47,43.34,--,27,117018,卖盘
1678,10:27:44,43.34,--,50,216700,卖盘
1679,10:27:41,43.34,--,131,567754,卖盘
1680,10:27:38,43.34,--,64,277376,卖盘
1681,10:27:35,43.34,0.01,647,2804141,卖盘
1682,10:27:32,43.33,--,104,450632,卖盘
1683,10:27:26,43.33,--,164,710612,卖盘
1684,10:27:23,43.33,--,6,25998,卖盘
1685,10:27:20,43.33,--,11,47663,卖盘
1686,10:27:17,43.33,-0.01,2,8666,卖盘
1687,10:27:14,43.34,--,44,190696,买盘
1688,10:27:02,43.34,--,92,403018,卖盘
1689,10:26:59,43.34,--,70,303380,卖盘
1690,10:26:56,43.34,--,83,359722,卖盘
1691,10:26:53,43.34,--,3,13002,卖盘
1692,10:26:50,43.34,--,12,52008,卖盘
1693,10:26:47,43.34,--,8,34672,卖盘
1694,10:26:44,43.34,--,22,99378,卖盘
1695,10:26:41,43.34,--,13,56342,卖盘
1696,10:26:38,43.34,--,16,69344,卖盘
1697,10:26:35,43.34,--,111,481074,卖盘
1698,10:26:32,43.34,--,4,17336,卖盘
1699,10:26:29,43.34,--,26,112684,卖盘
1700,10:26:26,43.34,--,15,65010,卖盘
1701,10:26:23,43.34,--,10,43340,卖盘
1702,10:26:20,43.34,--,8,34672,卖盘
1703,10:26:17,43.34,--,41,177694,卖盘
1704,10:26:14,43.34,--,35,151690,卖盘
1705,10:26:11,43.34,--,122,528748,卖盘
1706,10:26:08,43.34,--,29,128676,卖盘
1707,10:26:05,43.34,0.01,374,1622606,卖盘
1708,10:25:59,43.33,--,63,272979,卖盘
1709,10:25:56,43.33,--,98,424634,卖盘
1710,10:25:53,43.33,-0.01,215,931595,卖盘
1711,10:25:50,43.34,0.01,19,82346,买盘
1712,10:25:47,43.33,-0.01,7,30331,卖盘
1713,10:25:44,43.34,--,15,65010,买盘
1714,10:25:41,43.34,--,29,125686,买盘
1715,10:25:38,43.34,--,1,4334,买盘
1716,10:25:35,43.34,--,56,242704,买盘
1717,10:25:32,43.34,--,89,385726,买盘
1718,10:25:26,43.34,--,51,221034,买盘
1719,10:25:23,43.34,0.01,52,225368,买盘
1720,10:25:19,43.33,--,123,532959,卖盘
1721,10:25:16,43.33,--,193,836269,卖盘
1722,10:25:13,43.33,--,17,73661,卖盘
1723,10:25:10,43.33,-0.01,31,134323,卖盘
1724,10:25:07,43.34,0.01,27,117018,买盘
1725,10:25:04,43.33,-0.01,76,329308,卖盘
1726,10:25:01,43.34,0.01,156,676104,买盘
1727,10:24:58,43.33,--,30,129990,卖盘
1728,10:24:55,43.33,-0.01,67,290311,卖盘
1729,10:24:49,43.34,--,21,91014,买盘
1730,10:24:46,43.34,0.01,30,130020,买盘
1731,10:24:43,43.33,-0.01,22,95326,卖盘
1732,10:24:40,43.34,0.03,34,147356,买盘
1733,10:24:37,43.31,-0.03,22,95282,卖盘
1734,10:24:34,43.34,--,1,4334,买盘
1735,10:24:31,43.34,0.01,344,1490896,买盘
1736,10:24:28,43.33,--,42,181986,买盘
1737,10:24:25,43.33,0.01,22,95326,买盘
1738,10:24:22,43.32,-0.02,9,38988,买盘
1739,10:24:19,43.34,0.03,6,26004,买盘
1740,10:24:16,43.31,-0.03,48,207888,卖盘
1741,10:24:13,43.34,0.03,10,43340,买盘
1742,10:24:10,43.31,-0.03,58,251198,卖盘
1743,10:24:07,43.34,--,274,1187516,买盘
1744,10:24:04,43.34,0.04,16,69344,买盘
1745,10:24:01,43.3,--,241,1043529,卖盘
1746,10:23:58,43.3,--,140,606200,买盘
1747,10:23:55,43.3,-0.01,131,567230,卖盘
1748,10:23:52,43.31,--,25,108275,买盘
1749,10:23:49,43.31,0.01,9,38979,买盘
1750,10:23:46,43.3,--,22,95260,卖盘
1751,10:23:43,43.3,0.07,84,363720,买盘
1752,10:23:40,43.23,-0.07,33,142659,卖盘
1753,10:23:34,43.3,--,44,190520,买盘
1754,10:23:31,43.3,--,17,73610,买盘
1755,10:23:28,43.3,0.07,64,277120,买盘
1756,10:23:25,43.23,0.02,57,246410,买盘
1757,10:23:22,43.21,0.01,7,30247,买盘
1758,10:23:19,43.2,0.01,53,228960,买盘
1759,10:23:16,43.19,0.01,20,86380,买盘
1760,10:23:10,43.18,-0.01,10,43180,卖盘
1761,10:23:07,43.19,0.03,52,224588,买盘
1762,10:23:04,43.16,0.06,3,12947,买盘
1763,10:23:01,43.1,--,10,43100,卖盘
1764,10:22:58,43.1,--,17,73270,买盘
1765,10:22:55,43.1,-0.03,50,215500,卖盘
1766,10:22:52,43.13,0.13,79,340727,买盘
1767,10:22:49,43.0,--,58,249400,卖盘
1768,10:22:46,43.0,--,116,498800,卖盘
1769,10:22:40,43.0,0.12,247,1064379,买盘
1770,10:22:31,42.88,--,10,42880,买盘
1771,10:22:28,42.88,0.03,11,47168,买盘
1772,10:22:25,42.85,-0.03,5,21425,卖盘
1773,10:22:19,42.88,--,3,12864,买盘
1774,10:22:16,42.88,0.3,14,60032,买盘
1775,10:22:13,42.58,--,47,200126,卖盘
1776,10:22:07,42.58,--,9,38322,买盘
1777,10:22:01,42.58,0.08,22,93676,买盘
1778,10:21:58,42.5,-0.05,1,4250,卖盘
1779,10:21:52,42.55,--,6,25530,买盘
1780,10:21:49,42.55,0.06,71,302105,买盘
1781,10:21:46,42.49,0.29,4,16996,买盘
1782,10:21:43,42.2,--,5,21100,买盘
1783,10:21:40,42.2,--,30,126600,买盘
1784,10:21:37,42.2,--,136,573920,买盘
1785,10:21:34,42.2,--,25,105500,买盘
1786,10:21:31,42.2,-0.3,5,21100,卖盘
1787,10:21:25,42.5,0.22,302,1283500,买盘
1788,10:21:22,42.28,--,9,38052,买盘
1789,10:21:19,42.28,0.1,69,291732,买盘
1790,10:21:10,42.18,-0.02,25,105450,中性盘
1791,10:21:04,42.2,0.07,144,607680,买盘
1792,10:21:01,42.13,--,19,80047,买盘
1793,10:20:58,42.13,0.01,31,130603,买盘
1794,10:20:52,42.12,-0.01,1,4212,卖盘
1795,10:20:49,42.13,0.03,14,58982,买盘
1796,10:20:43,42.1,0.04,153,644130,买盘
1797,10:20:37,42.06,-0.01,56,235536,卖盘
1798,10:20:34,42.07,--,29,122003,买盘
1799,10:20:31,42.07,--,9,37863,买盘
1800,10:20:25,42.07,--,1,4207,买盘
1801,10:20:22,42.07,--,20,84140,买盘
1802,10:20:16,42.07,0.07,60,252420,买盘
1803,10:20:13,42.0,--,91,382200,买盘
1804,10:20:07,42.0,0.01,18,75600,买盘
1805,10:20:04,41.99,--,44,184756,卖盘
1806,10:20:01,41.99,--,9,40688,买盘
1807,10:19:58,41.99,--,26,109174,买盘
1808,10:19:55,41.99,0.02,40,167960,买盘
1809,10:19:52,41.97,--,3,12591,卖盘
1810,10:19:49,41.97,0.07,26,109122,买盘
1811,10:19:43,41.9,0.02,6,25140,买盘
1812,10:19:40,41.88,0.03,13,56538,买盘
1813,10:19:37,41.85,0.13,1,4185,卖盘
1814,10:19:34,41.72,--,13,54236,买盘
1815,10:19:31,41.72,-0.08,19,79268,卖盘
1816,10:19:28,41.8,0.1,49,204820,买盘
1817,10:19:22,41.7,-0.01,81,337770,卖盘
1818,10:19:19,41.71,0.01,4,16684,买盘
1819,10:19:16,41.7,--,1,4170,卖盘
1820,10:19:13,41.7,--,1,4170,卖盘
1821,10:19:07,41.7,--,37,154290,卖盘
1822,10:19:04,41.7,0.07,249,1038330,买盘
1823,10:18:52,41.63,0.02,5,20815,买盘
1824,10:18:46,41.61,-0.02,74,307914,卖盘
1825,10:18:43,41.63,-0.03,2,8326,中性盘
1826,10:18:37,41.66,--,4,16664,买盘
1827,10:18:31,41.66,-0.04,43,179137,中性盘
1828,10:18:22,41.7,0.09,2,8340,买盘
1829,10:18:16,41.61,--,208,865488,卖盘
1830,10:18:13,41.61,-0.02,46,191406,卖盘
1831,10:18:10,41.63,--,1,4163,买盘
1832,10:18:07,41.63,--,56,233128,买盘
1833,10:18:04,41.63,--,39,162357,买盘
1834,10:18:01,41.63,--,5,20815,买盘
1835,10:17:58,41.63,-0.07,22,91586,卖盘
1836,10:17:55,41.7,0.01,60,250200,买盘
1837,10:17:49,41.69,--,7,29183,卖盘
1838,10:17:43,41.69,--,10,41690,卖盘
1839,10:17:40,41.69,--,52,216788,卖盘
1840,10:17:37,41.69,0.03,171,712899,买盘
1841,10:17:34,41.66,--,7,29161,买盘
1842,10:17:31,41.66,--,26,108315,买盘
1843,10:17:28,41.66,--,16,66656,买盘
1844,10:17:22,41.66,-0.02,81,337446,卖盘
1845,10:17:19,41.68,--,15,62520,买盘
1846,10:17:16,41.68,--,46,191728,买盘
1847,10:17:13,41.68,-0.01,2,8336,卖盘
1848,10:17:10,41.69,-0.01,9,37521,卖盘
1849,10:17:07,41.7,0.01,60,250200,买盘
1850,10:17:04,41.69,--,19,79211,买盘
1851,10:17:01,41.69,0.02,213,887997,买盘
1852,10:16:58,41.67,-0.01,73,304191,卖盘
1853,10:16:55,41.68,--,6,25008,卖盘
1854,10:16:52,41.68,--,7,29176,卖盘
1855,10:16:49,41.68,--,20,83360,卖盘
1856,10:16:46,41.68,--,2,8336,卖盘
1857,10:16:40,41.68,0.01,4,16672,买盘
1858,10:16:37,41.67,-0.01,87,362529,卖盘
1859,10:16:31,41.68,0.01,210,875280,买盘
1860,10:16:28,41.67,--,5,20835,买盘
1861,10:16:25,41.67,--,4,16668,买盘
1862,10:16:22,41.67,--,32,133344,买盘
1863,10:16:19,41.67,-0.01,10,41670,买盘
1864,10:16:16,41.68,--,8,33344,买盘
1865,10:16:13,41.68,0.02,13,54184,买盘
1866,10:16:10,41.66,-0.02,45,187469,卖盘
1867,10:16:07,41.68,--,15,62520,买盘
1868,10:16:04,41.68,0.01,23,95864,买盘
1869,10:16:01,41.67,0.01,10,41670,买盘
1870,10:15:58,41.66,--,75,312450,买盘
1871,10:15:55,41.66,--,8,33328,买盘
1872,10:15:52,41.66,0.03,113,470757,买盘
1873,10:15:46,41.63,0.03,18,74934,买盘
1874,10:15:43,41.6,0.01,146,608400,买盘
1875,10:15:40,41.59,--,7,29113,买盘
1876,10:15:37,41.59,0.09,101,420059,买盘
1877,10:15:31,41.5,--,23,95450,买盘
1878,10:15:28,41.5,0.05,12,50713,买盘
1879,10:15:25,41.45,0.05,23,95335,买盘
1880,10:15:22,41.4,-0.05,31,128340,卖盘
1881,10:15:16,41.45,0.1,13,53885,买盘
1882,10:15:13,41.35,--,85,353129,买盘
1883,10:15:10,41.35,-0.05,134,556571,卖盘
1884,10:15:07,41.4,0.05,8,33120,买盘
1885,10:15:04,41.35,-0.05,38,157130,卖盘
1886,10:15:01,41.4,--,23,95220,买盘
1887,10:14:58,41.4,--,5,20700,买盘
1888,10:14:55,41.4,0.05,1,4140,买盘
1889,10:14:52,41.35,--,56,233214,买盘
1890,10:14:49,41.35,0.02,4,16540,买盘
1891,10:14:43,41.33,--,9,37197,卖盘
1892,10:14:40,41.33,-0.02,1,4133,卖盘
1893,10:14:37,41.35,--,2,8270,买盘
1894,10:14:34,41.35,0.03,39,161265,买盘
1895,10:14:28,41.32,-0.02,201,830532,卖盘
1896,10:14:22,41.34,--,4,16536,买盘
1897,10:14:19,41.34,--,1,4134,买盘
1898,10:14:16,41.34,-0.01,3,12402,卖盘
1899,10:14:13,41.35,0.02,50,206750,买盘
1900,10:14:07,41.33,-0.02,13,53729,卖盘
1901,10:14:04,41.35,0.01,22,90970,买盘
1902,10:13:58,41.34,--,3,12402,买盘
1903,10:13:55,41.34,0.01,1,4134,买盘
1904,10:13:49,41.33,-0.01,11,45463,卖盘
1905,10:13:46,41.34,0.01,7,28938,卖盘
1906,10:13:43,41.33,-0.02,28,115724,卖盘
1907,10:13:40,41.35,0.01,3,12405,买盘
1908,10:13:37,41.34,0.01,7,28938,中性盘
1909,10:13:34,41.33,-0.02,7,28931,卖盘
1910,10:13:31,41.35,0.02,24,99240,买盘
1911,10:13:25,41.33,--,7,28931,卖盘
1912,10:13:16,41.33,--,3,12399,卖盘
1913,10:13:13,41.33,0.03,2,8266,买盘
1914,10:13:10,41.3,-0.02,5,20650,卖盘
1915,10:13:07,41.32,--,8,33056,卖盘
1916,10:13:01,41.32,-0.03,27,111564,卖盘
1917,10:12:58,41.35,--,10,41350,买盘
1918,10:12:55,41.35,0.03,2,8270,买盘
1919,10:12:52,41.32,-0.03,60,247920,卖盘
1920,10:12:49,41.35,--,8,33080,买盘
1921,10:12:46,41.35,--,2,8270,买盘
1922,10:12:43,41.35,--,147,610326,卖盘
1923,10:12:40,41.35,-0.05,90,372150,卖盘
1924,10:12:37,41.4,0.01,12,49680,买盘
1925,10:12:33,41.39,--,1,4139,卖盘
1926,10:12:30,41.39,0.04,6,24834,买盘
1927,10:12:27,41.35,-0.03,2,8270,卖盘
1928,10:12:24,41.38,0.03,3,12414,买盘
1929,10:12:18,41.35,--,10,41350,卖盘
1930,10:12:12,41.35,-0.05,16,66160,卖盘
1931,10:12:03,41.4,--,5,20700,买盘
1932,10:12:00,41.4,0.05,25,103500,买盘
1933,10:11:57,41.35,-0.05,31,128185,卖盘
1934,10:11:54,41.4,0.05,2,8280,买盘
1935,10:11:51,41.35,-0.03,92,382074,卖盘
1936,10:11:48,41.38,0.03,11,45518,中性盘
1937,10:11:45,41.35,--,10,41350,卖盘
1938,10:11:42,41.35,--,40,165400,卖盘
1939,10:11:39,41.35,--,1,4135,卖盘
1940,10:11:36,41.35,--,15,62025,卖盘
1941,10:11:33,41.35,-0.05,1,4135,卖盘
1942,10:11:30,41.4,0.05,19,78660,买盘
1943,10:11:27,41.35,--,4,16540,卖盘
1944,10:11:24,41.35,-0.03,34,140590,卖盘
1945,10:11:21,41.38,--,3,12414,卖盘
1946,10:11:18,41.38,0.03,4,16552,中性盘
1947,10:11:15,41.35,--,16,66160,卖盘
1948,10:11:12,41.35,--,8,33080,卖盘
1949,10:11:09,41.35,--,3,12405,卖盘
1950,10:11:06,41.35,--,10,41350,卖盘
1951,10:11:03,41.35,-0.05,6,24810,卖盘
1952,10:10:57,41.4,0.04,79,327060,买盘
1953,10:10:54,41.36,0.01,6,24816,中性盘
1954,10:10:51,41.35,--,1,4135,卖盘
1955,10:10:39,41.35,-0.07,4,16540,卖盘
1956,10:10:36,41.42,0.02,1,4142,中性盘
1957,10:10:30,41.4,-0.02,23,95220,卖盘
1958,10:10:24,41.42,-0.03,5,20710,卖盘
1959,10:10:15,41.45,-0.05,14,61263,卖盘
1960,10:10:12,41.5,0.05,60,249000,买盘
1961,10:10:09,41.45,--,24,99480,卖盘
1962,10:10:06,41.45,--,11,45595,卖盘
1963,10:10:03,41.45,--,5,20725,卖盘
1964,10:10:00,41.45,--,3,12435,卖盘
1965,10:09:54,41.45,0.05,129,535616,买盘
1966,10:09:45,41.4,-0.05,38,157320,中性盘
1967,10:09:36,41.45,--,30,124350,买盘
1968,10:09:33,41.45,0.05,90,373050,买盘
1969,10:09:27,41.4,--,13,53820,卖盘
1970,10:09:24,41.4,-0.05,2,8280,卖盘
1971,10:09:18,41.45,--,11,45595,买盘
1972,10:09:15,41.45,--,8,33160,买盘
1973,10:09:09,41.45,-0.05,80,334833,卖盘
1974,10:09:06,41.5,-0.01,5,20750,中性盘
1975,10:09:03,41.51,0.06,33,137896,买盘
1976,10:09:00,41.45,--,16,66320,买盘
1977,10:08:57,41.45,0.02,13,53885,买盘
1978,10:08:54,41.43,-0.07,79,330528,卖盘
1979,10:08:51,41.5,--,1,4150,卖盘
1980,10:08:48,41.5,0.05,165,685663,买盘
1981,10:08:45,41.45,0.05,4,16580,买盘
1982,10:08:39,41.4,-0.09,30,124200,卖盘
1983,10:08:36,41.49,0.04,83,344367,买盘
1984,10:08:33,41.45,--,14,58030,买盘
1985,10:08:30,41.45,--,42,174090,买盘
1986,10:08:27,41.45,0.05,26,107770,买盘
1987,10:08:24,41.4,-0.03,31,128340,卖盘
1988,10:08:21,41.43,-0.02,9,37287,卖盘
1989,10:08:18,41.45,0.02,5,20725,买盘
1990,10:08:15,41.43,0.03,6,24858,卖盘
1991,10:08:12,41.4,0.09,47,194580,卖盘
1992,10:08:09,41.31,-0.01,1,4131,中性盘
1993,10:08:03,41.32,-0.11,32,132224,卖盘
1994,10:08:00,41.43,0.11,31,128433,买盘
1995,10:07:57,41.32,--,23,95036,卖盘
1996,10:07:54,41.32,-0.08,2,8264,卖盘
1997,10:07:51,41.4,--,15,62100,卖盘
1998,10:07:48,41.4,-0.09,14,57960,卖盘
1999,10:07:45,41.49,0.17,31,128619,买盘
2000,10:07:42,41.32,-0.07,235,971020,卖盘
2001,10:07:39,41.39,-0.1,11,45529,卖盘
2002,10:07:36,41.49,--,7,29043,买盘
2003,10:07:30,41.49,0.04,77,319473,买盘
2004,10:07:27,41.45,-0.04,55,227975,中性盘
2005,10:07:21,41.49,0.09,528,2190672,买盘
2006,10:07:18,41.4,-0.1,103,426420,中性盘
2007,10:07:09,41.5,--,20,83000,买盘
2008,10:07:06,41.5,0.09,104,431600,买盘
2009,10:07:03,41.41,-0.09,10,41410,买盘
2010,10:07:00,41.5,--,16,66400,买盘
2011,10:06:57,41.5,0.09,92,381800,买盘
2012,10:06:54,41.41,--,106,438945,卖盘
2013,10:06:51,41.41,-0.09,23,95242,卖盘
2014,10:06:48,41.5,--,7,29050,买盘
2015,10:06:45,41.5,--,42,177537,卖盘
2016,10:06:39,41.5,-0.1,135,560250,卖盘
2017,10:06:36,41.6,--,48,199680,买盘
2018,10:06:33,41.6,--,47,195520,买盘
2019,10:06:30,41.6,--,59,245440,买盘
2020,10:06:24,41.6,-0.05,64,266240,卖盘
2021,10:06:21,41.65,-0.03,117,490428,卖盘
2022,10:06:18,41.68,0.02,19,80234,中性盘
2023,10:06:15,41.66,--,24,99983,卖盘
2024,10:06:12,41.66,--,201,837365,卖盘
2025,10:06:09,41.66,0.06,68,283288,买盘
2026,10:06:06,41.6,--,4,16640,卖盘
2027,10:06:03,41.6,--,7,29120,买盘
2028,10:06:00,41.6,-0.06,23,95680,中性盘
2029,10:05:57,41.66,0.11,209,870693,买盘
2030,10:05:54,41.55,-0.05,119,494444,卖盘
2031,10:05:51,41.6,0.11,75,312915,买盘
2032,10:05:45,41.49,0.15,101,419049,买盘
2033,10:05:42,41.34,-0.16,2,8268,中性盘
2034,10:05:36,41.5,0.09,108,448200,买盘
2035,10:05:33,41.41,0.21,13,53832,中性盘
2036,10:05:30,41.2,-0.1,125,515000,卖盘
2037,10:05:27,41.3,-0.01,85,354271,卖盘
2038,10:05:24,41.31,-0.1,9,38087,卖盘
2039,10:05:21,41.41,0.31,57,236036,买盘
2040,10:05:15,41.1,-0.24,25,102750,卖盘
2041,10:05:09,41.34,0.14,103,425802,买盘
2042,10:05:06,41.2,0.02,15,61800,买盘
2043,10:05:03,41.18,0.08,59,242962,买盘
2044,10:05:00,41.1,-0.08,10,41100,卖盘
2045,10:04:57,41.18,0.04,49,201782,买盘
2046,10:04:54,41.14,0.04,17,69938,中性盘
2047,10:04:51,41.1,-0.08,60,246600,卖盘
2048,10:04:45,41.18,0.03,512,2108416,买盘
2049,10:04:42,41.15,--,32,131680,买盘
2050,10:04:39,41.15,0.05,38,156370,买盘
2051,10:04:36,41.1,-0.05,10,41100,卖盘
2052,10:04:33,41.15,-0.03,14,57610,中性盘
2053,10:04:30,41.18,--,51,210018,买盘
2054,10:04:27,41.18,--,89,366502,买盘
2055,10:04:21,41.18,-0.02,104,428272,卖盘
2056,10:04:15,41.2,--,1,4120,买盘
2057,10:04:12,41.2,0.05,19,78280,买盘
2058,10:04:06,41.15,0.01,12,49380,卖盘
2059,10:04:03,41.14,0.04,56,230384,买盘
2060,10:04:00,41.1,--,7,28770,买盘
2061,10:03:57,41.1,0.09,149,612390,买盘
2062,10:03:54,41.01,--,24,98424,买盘
2063,10:03:51,41.01,-0.22,258,1058058,卖盘
2064,10:03:48,41.23,0.03,2,8246,买盘
2065,10:03:45,41.2,0.03,155,638600,买盘
2066,10:03:42,41.17,--,16,65872,买盘
2067,10:03:39,41.17,--,41,168797,买盘
2068,10:03:36,41.17,--,12,49404,买盘
2069,10:03:33,41.17,0.16,12,49404,中性盘
2070,10:03:27,41.01,-0.17,10,41010,卖盘
2071,10:03:24,41.18,0.18,17,70006,买盘
2072,10:03:21,41.0,-0.01,27,110700,卖盘
2073,10:03:18,41.01,0.01,26,106626,买盘
2074,10:03:15,41.0,-0.01,12,49200,卖盘
2075,10:03:12,41.01,0.01,10,41010,买盘
2076,10:03:09,41.0,-0.01,3,12300,卖盘
2077,10:03:06,41.01,0.01,3,12303,买盘
2078,10:03:03,41.0,0.02,182,748250,买盘
2079,10:02:57,40.98,0.01,29,118841,买盘
2080,10:02:54,40.97,--,7,28679,买盘
2081,10:02:51,40.97,0.02,7,28679,买盘
2082,10:02:45,40.95,-0.01,5,20475,卖盘
2083,10:02:42,40.96,0.03,64,262144,买盘
2084,10:02:36,40.93,0.01,25,102325,买盘
2085,10:02:33,40.92,--,3,12276,卖盘
2086,10:02:30,40.92,-0.01,12,49104,中性盘
2087,10:02:27,40.93,--,47,192371,买盘
2088,10:02:21,40.93,--,19,77767,买盘
2089,10:02:18,40.93,0.04,8,32744,买盘
2090,10:02:15,40.89,--,51,208539,卖盘
2091,10:02:12,40.89,--,5,20445,卖盘
2092,10:02:09,40.89,0.01,13,53157,买盘
2093,10:02:00,40.88,--,2,8176,卖盘
2094,10:01:57,40.88,0.1,41,167608,买盘
2095,10:01:48,40.78,-0.02,7,28546,卖盘
2096,10:01:42,40.8,0.07,47,191760,买盘
2097,10:01:30,40.73,--,61,249797,买盘
2098,10:01:27,40.73,--,48,195503,买盘
2099,10:01:24,40.73,--,60,244379,买盘
2100,10:01:21,40.73,--,4,16291,买盘
2101,10:01:18,40.73,0.03,34,138482,买盘
2102,10:01:15,40.7,0.01,154,626780,卖盘
2103,10:01:09,40.69,-0.04,2,8138,卖盘
2104,10:01:06,40.73,0.03,3,12218,买盘
2105,10:01:03,40.7,0.05,16,65120,买盘
2106,10:01:00,40.65,-0.04,35,142275,卖盘
2107,10:00:57,40.69,0.04,48,195312,买盘
2108,10:00:54,40.65,0.03,76,308940,买盘
2109,10:00:51,40.62,0.02,1,4061,买盘
2110,10:00:48,40.6,0.02,308,1250480,买盘
2111,10:00:45,40.58,-0.01,21,85218,卖盘
2112,10:00:39,40.59,--,52,211068,买盘
2113,10:00:33,40.59,--,47,190773,买盘
2114,10:00:30,40.59,--,34,138006,买盘
2115,10:00:27,40.59,--,34,138006,买盘
2116,10:00:24,40.59,0.01,25,101475,买盘
2117,10:00:21,40.58,-0.01,2,8116,卖盘
2118,10:00:18,40.59,0.01,5,20295,买盘
2119,10:00:15,40.58,0.03,22,89276,买盘
2120,10:00:12,40.55,-0.03,17,68935,卖盘
2121,10:00:09,40.58,0.03,16,64928,买盘
2122,10:00:06,40.55,--,61,247354,卖盘
2123,10:00:00,40.55,0.03,885,3588674,买盘
2124,09:59:57,40.52,0.02,84,340368,买盘
2125,09:59:51,40.5,-0.02,43,174150,卖盘
2126,09:59:45,40.52,0.02,45,182340,买盘
2127,09:59:42,40.5,0.01,111,449550,买盘
2128,09:59:39,40.49,0.01,67,271283,买盘
2129,09:59:30,40.48,-0.02,13,52623,中性盘
2130,09:59:27,40.5,0.1,18,72900,买盘
2131,09:59:24,40.4,-0.08,5,20200,中性盘
2132,09:59:21,40.48,0.09,22,89056,买盘
2133,09:59:18,40.39,-0.06,2,8078,中性盘
2134,09:59:15,40.45,0.05,36,145620,买盘
2135,09:59:12,40.4,0.02,114,462580,买盘
2136,09:59:06,40.38,0.22,80,324655,买盘
2137,09:59:03,40.16,-0.2,1,4015,卖盘
2138,09:58:57,40.36,--,19,76684,买盘
2139,09:58:54,40.36,--,3,12108,买盘
2140,09:58:51,40.36,0.01,10,40360,买盘
2141,09:58:48,40.35,-0.01,1,4035,中性盘
2142,09:58:45,40.36,0.25,20,80720,买盘
2143,09:58:36,40.11,-0.25,25,100275,卖盘
2144,09:58:30,40.36,0.25,6,26234,买盘
2145,09:58:24,40.11,-0.25,52,208572,卖盘
2146,09:58:21,40.36,0.26,17,68612,买盘
2147,09:58:18,40.1,-0.26,34,136340,卖盘
2148,09:58:12,40.36,0.26,1,4036,买盘
2149,09:58:09,40.1,--,2,8020,卖盘
2150,09:58:06,40.1,-0.27,1,4010,卖盘
2151,09:57:57,40.37,-0.01,39,157443,中性盘
2152,09:57:48,40.38,0.3,57,230166,买盘
2153,09:57:33,40.08,-0.17,20,80160,卖盘
2154,09:57:30,40.25,-0.14,1,4025,中性盘
2155,09:57:27,40.39,0.14,46,185794,买盘
2156,09:57:12,40.25,--,2,8050,卖盘
2157,09:57:06,40.25,0.15,3,12075,中性盘
2158,09:57:03,40.1,-0.29,3,12030,卖盘
2159,09:57:00,40.39,0.19,22,88858,买盘
2160,09:56:54,40.2,--,1,4020,买盘
2161,09:56:48,40.2,--,16,64320,买盘
2162,09:56:33,40.2,--,16,64320,买盘
2163,09:56:30,40.2,--,5,20100,卖盘
2164,09:56:27,40.2,-0.09,202,812040,卖盘
2165,09:56:24,40.29,0.09,10,40290,买盘
2166,09:56:21,40.2,--,5,20100,卖盘
2167,09:56:18,40.2,--,10,40200,买盘
2168,09:56:06,40.2,0.11,26,104520,中性盘
2169,09:56:00,40.09,--,3,12027,卖盘
2170,09:55:57,40.09,-0.27,30,120270,卖盘
2171,09:55:51,40.36,0.28,1,4036,买盘
2172,09:55:45,40.08,-0.37,5,20040,卖盘
2173,09:55:36,40.45,0.25,32,129440,买盘
2174,09:55:30,40.2,-0.01,20,80400,买盘
2175,09:55:27,40.21,0.2,21,84441,买盘
2176,09:55:24,40.01,-0.2,63,252063,卖盘
2177,09:55:18,40.21,-0.19,128,514688,卖盘
2178,09:55:15,40.4,0.19,20,80800,买盘
2179,09:55:12,40.21,--,19,76399,卖盘
2180,09:55:09,40.21,--,15,60315,卖盘
2181,09:55:06,40.21,0.08,19,76399,买盘
2182,09:54:57,40.13,--,5,20065,卖盘
2183,09:54:54,40.13,0.05,15,60195,买盘
2184,09:54:48,40.08,0.02,12,48096,买盘
2185,09:54:45,40.06,-0.01,49,196294,卖盘
2186,09:54:39,40.07,--,8,32056,买盘
2187,09:54:36,40.07,--,9,36063,买盘
2188,09:54:33,40.07,-0.06,8,32056,卖盘
2189,09:54:30,40.13,-0.07,1,4013,卖盘
2190,09:54:27,40.2,0.06,26,104520,买盘
2191,09:54:24,40.14,0.06,5,20070,中性盘
2192,09:54:18,40.08,-0.12,32,128256,卖盘
2193,09:54:12,40.2,--,8,32160,买盘
2194,09:54:09,40.2,0.12,18,72360,买盘
2195,09:54:06,40.08,-0.12,100,400800,卖盘
2196,09:54:03,40.2,--,41,164820,买盘
2197,09:54:00,40.2,--,21,84420,买盘
2198,09:53:57,40.2,--,19,76380,买盘
2199,09:53:54,40.2,0.07,2,8040,买盘
2200,09:53:48,40.13,-0.07,218,874834,卖盘
2201,09:53:45,40.2,--,65,261300,卖盘
2202,09:53:42,40.2,--,8,32160,卖盘
2203,09:53:39,40.2,--,40,160800,买盘
2204,09:53:33,40.2,0.09,3,12060,买盘
2205,09:53:27,40.11,-0.09,109,437199,卖盘
2206,09:53:24,40.2,0.1,24,96480,买盘
2207,09:53:18,40.1,-0.01,15,60150,卖盘
2208,09:53:12,40.11,-0.09,3,12033,中性盘
2209,09:53:09,40.2,0.07,6,24120,买盘
2210,09:53:00,40.13,-0.07,1,4013,卖盘
2211,09:52:57,40.2,--,21,84420,买盘
2212,09:52:54,40.2,--,13,52260,买盘
2213,09:52:51,40.2,--,66,265320,卖盘
2214,09:52:48,40.2,--,68,273360,卖盘
2215,09:52:45,40.2,-0.15,4,16080,卖盘
2216,09:52:27,40.35,-0.05,25,100875,卖盘
2217,09:52:23,40.4,0.05,24,96960,买盘
2218,09:52:17,40.35,-0.05,1,4035,卖盘
2219,09:52:11,40.4,-0.09,16,64640,卖盘
2220,09:52:08,40.49,--,28,113372,买盘
2221,09:51:59,40.49,0.06,18,72882,买盘
2222,09:51:56,40.43,-0.06,29,119672,卖盘
2223,09:51:53,40.49,-0.03,8,32392,中性盘
2224,09:51:47,40.52,--,18,72936,买盘
2225,09:51:44,40.52,--,15,60780,买盘
2226,09:51:38,40.52,--,16,64832,卖盘
2227,09:51:35,40.52,-0.02,3,12156,卖盘
2228,09:51:29,40.54,0.02,27,109458,中性盘
2229,09:51:26,40.52,-0.02,8,32416,卖盘
2230,09:51:23,40.54,0.02,29,117566,中性盘
2231,09:51:17,40.52,0.09,20,81040,卖盘
2232,09:51:11,40.43,-0.07,127,513461,卖盘
2233,09:51:08,40.5,--,19,76950,卖盘
2234,09:51:05,40.5,--,10,40500,卖盘
2235,09:50:59,40.5,--,14,58725,卖盘
2236,09:50:56,40.5,0.06,76,311445,买盘
2237,09:50:53,40.44,0.01,205,829020,买盘
2238,09:50:47,40.43,0.01,5,20215,买盘
2239,09:50:44,40.42,0.02,68,274856,买盘
2240,09:50:41,40.4,0.08,134,541360,买盘
2241,09:50:38,40.32,-0.06,2,8064,卖盘
2242,09:50:35,40.38,0.06,4,16152,买盘
2243,09:50:32,40.32,-0.06,4,16128,卖盘
2244,09:50:26,40.38,0.06,21,84798,买盘
2245,09:50:20,40.32,-0.06,11,44352,卖盘
2246,09:50:17,40.38,0.03,3,12114,卖盘
2247,09:50:14,40.35,--,4,16140,买盘
2248,09:50:11,40.35,0.25,59,238065,买盘
2249,09:50:05,40.1,-0.2,13,52130,卖盘
2250,09:50:02,40.3,0.1,5,20150,买盘
2251,09:49:56,40.2,-0.2,2,8040,卖盘
2252,09:49:53,40.4,0.15,28,113120,买盘
2253,09:49:47,40.25,-0.13,22,88550,卖盘
2254,09:49:41,40.38,0.08,9,36342,买盘
2255,09:49:38,40.3,--,5,20150,买盘
2256,09:49:32,40.3,-0.05,30,120899,卖盘
2257,09:49:26,40.35,-0.08,26,104910,中性盘
2258,09:49:20,40.43,0.03,9,36387,买盘
2259,09:49:14,40.4,--,117,472680,卖盘
2260,09:49:11,40.4,--,1,4040,卖盘
2261,09:49:08,40.4,--,5,20200,卖盘
2262,09:49:05,40.4,0.13,279,1127160,买盘
2263,09:49:02,40.27,0.22,4,16108,中性盘
2264,09:48:56,40.05,-0.28,24,96120,卖盘
2265,09:48:53,40.33,0.03,16,64528,买盘
2266,09:48:50,40.3,0.2,7,28209,买盘
2267,09:48:47,40.1,--,133,533330,卖盘
2268,09:48:38,40.1,-0.02,7,28070,卖盘
2269,09:48:35,40.12,-0.23,10,40120,卖盘
2270,09:48:29,40.35,--,5,20175,卖盘
2271,09:48:26,40.35,0.34,19,76665,买盘
2272,09:48:23,40.01,-0.34,75,300075,卖盘
2273,09:48:20,40.35,0.02,299,1206465,买盘
2274,09:48:17,40.33,0.33,20,80660,买盘
2275,09:48:14,40.0,--,53,212000,卖盘
2276,09:48:11,40.0,-0.3,5,20000,卖盘
2277,09:48:05,40.3,0.3,61,245829,买盘
2278,09:47:59,40.0,--,64,256000,卖盘
2279,09:47:56,40.0,-0.3,300,1200000,卖盘
2280,09:47:53,40.3,0.3,17,68510,买盘
2281,09:47:50,40.0,--,54,216000,买盘
2282,09:47:47,40.0,--,18,72000,买盘
2283,09:47:44,40.0,--,79,316000,买盘
2284,09:47:41,40.0,--,12,48000,买盘
2285,09:47:38,40.0,--,54,216000,买盘
2286,09:47:35,40.0,--,44,176000,卖盘
2287,09:47:32,40.0,--,5,20000,卖盘
2288,09:47:23,40.0,0.01,82,328000,买盘
2289,09:47:17,39.99,-0.01,23,91977,卖盘
2290,09:47:14,40.0,0.02,12,48000,买盘
2291,09:47:11,39.98,-0.02,11,43978,卖盘
2292,09:47:08,40.0,-0.38,52,208000,买盘
2293,09:47:05,40.38,-0.01,31,125178,买盘
2294,09:47:02,40.39,0.39,3,12117,买盘
2295,09:46:56,40.0,-0.4,1,4000,卖盘
2296,09:46:53,40.4,0.41,144,581760,买盘
2297,09:46:50,39.99,--,6,23994,买盘
2298,09:46:47,39.99,--,7,27993,中性盘
2299,09:46:44,39.99,-0.41,9,35991,卖盘
2300,09:46:41,40.4,--,4,16160,买盘
2301,09:46:38,40.4,0.4,1,4040,买盘
2302,09:46:32,40.0,-0.43,64,256000,卖盘
2303,09:46:26,40.43,--,21,84903,买盘
2304,09:46:23,40.43,--,22,88946,买盘
2305,09:46:20,40.43,--,4,16172,买盘
2306,09:46:17,40.43,--,1,4043,买盘
2307,09:46:14,40.43,-0.07,53,214279,卖盘
2308,09:46:11,40.5,--,7,28350,买盘
2309,09:46:08,40.5,0.07,2,8100,买盘
2310,09:46:05,40.43,-0.02,35,141505,卖盘
2311,09:46:02,40.45,-0.04,3,12135,卖盘
2312,09:45:59,40.49,-0.06,33,133617,卖盘
2313,09:45:53,40.55,0.05,26,105429,买盘
2314,09:45:47,40.5,--,6,24300,买盘
2315,09:45:44,40.5,-0.02,122,494100,卖盘
2316,09:45:41,40.52,0.02,1,4052,中性盘
2317,09:45:38,40.5,-0.03,68,275400,卖盘
2318,09:45:32,40.53,0.03,48,194544,买盘
2319,09:45:29,40.5,--,23,93150,卖盘
2320,09:45:23,40.5,-0.1,63,255150,卖盘
2321,09:45:20,40.6,--,8,32480,买盘
2322,09:45:17,40.6,0.1,15,60900,买盘
2323,09:45:14,40.5,--,25,101250,卖盘
2324,09:45:11,40.5,--,81,328050,买盘
2325,09:45:08,40.5,0.1,16,64800,买盘
2326,09:45:05,40.4,--,4,16160,卖盘
2327,09:44:59,40.4,0.15,118,476720,中性盘
2328,09:44:56,40.25,-0.18,20,80500,卖盘
2329,09:44:53,40.43,0.08,31,125333,买盘
2330,09:44:50,40.35,--,21,84735,买盘
2331,09:44:47,40.35,-0.1,12,48420,卖盘
2332,09:44:38,40.45,--,40,161800,买盘
2333,09:44:35,40.45,--,1,4045,买盘
2334,09:44:32,40.45,--,8,32360,买盘
2335,09:44:29,40.45,--,19,76855,买盘
2336,09:44:26,40.45,--,35,141575,买盘
2337,09:44:23,40.45,--,24,97080,买盘
2338,09:44:20,40.45,-0.04,64,258880,卖盘
2339,09:44:17,40.49,0.04,45,182205,买盘
2340,09:44:14,40.45,0.15,7,28315,中性盘
2341,09:44:11,40.3,-0.15,69,278070,卖盘
2342,09:44:08,40.45,0.17,34,137530,买盘
2343,09:43:59,40.28,--,11,44308,卖盘
2344,09:43:56,40.28,0.03,10,40280,买盘
2345,09:43:50,40.25,--,21,84525,卖盘
2346,09:43:47,40.25,--,21,84525,卖盘
2347,09:43:44,40.25,--,15,60375,卖盘
2348,09:43:41,40.25,0.05,42,169050,买盘
2349,09:43:38,40.2,0.01,12,48240,买盘
2350,09:43:32,40.19,0.01,3,12057,卖盘
2351,09:43:26,40.18,0.05,38,152684,买盘
2352,09:43:23,40.13,-0.01,20,80260,买盘
2353,09:43:20,40.14,0.09,2,8028,卖盘
2354,09:43:17,40.05,-0.13,2,8009,卖盘
2355,09:43:14,40.18,0.13,44,176792,买盘
2356,09:43:11,40.05,-0.03,15,60074,卖盘
2357,09:43:08,40.08,0.03,50,200400,买盘
2358,09:43:05,40.05,--,5,20025,买盘
2359,09:43:02,40.05,0.06,10,40050,买盘
2360,09:42:59,39.99,-0.03,9,35991,卖盘
2361,09:42:56,40.02,-0.01,10,40020,卖盘
2362,09:42:53,40.03,0.04,19,76057,买盘
2363,09:42:50,39.99,-0.01,6,23994,卖盘
2364,09:42:44,40.0,0.03,114,456000,买盘
2365,09:42:41,39.97,0.07,1,3997,卖盘
2366,09:42:38,39.9,-0.07,4,15960,中性盘
2367,09:42:32,39.97,0.05,25,99925,买盘
2368,09:42:20,39.92,0.07,7,27944,买盘
2369,09:42:17,39.85,--,10,43715,卖盘
2370,09:42:11,39.85,--,2,7970,卖盘
2371,09:42:08,39.85,0.02,64,255040,买盘
2372,09:42:05,39.83,--,13,51779,买盘
2373,09:41:59,39.83,--,1,3983,中性盘
2374,09:41:53,39.83,0.18,33,131439,买盘
2375,09:41:50,39.65,-0.08,52,206180,卖盘
2376,09:41:47,39.73,-0.1,5,19865,卖盘
2377,09:41:41,39.83,--,2,7966,买盘
2378,09:41:35,39.83,0.03,24,95592,买盘
2379,09:41:32,39.8,-0.03,8,31839,卖盘
2380,09:41:29,39.83,-0.06,35,139405,卖盘
2381,09:41:26,39.89,0.04,144,574416,买盘
2382,09:41:14,39.85,-0.04,8,31880,卖盘
2383,09:41:11,39.89,--,3,11967,卖盘
2384,09:41:08,39.89,-0.01,2,7978,卖盘
2385,09:41:05,39.9,--,1,3990,买盘
2386,09:41:02,39.9,--,16,63840,买盘
2387,09:40:59,39.9,-0.05,12,47880,卖盘
2388,09:40:56,39.95,-0.01,23,91885,卖盘
2389,09:40:53,39.96,--,9,35964,卖盘
2390,09:40:50,39.96,0.06,59,235764,买盘
2391,09:40:47,39.9,-0.05,96,383040,卖盘
2392,09:40:44,39.95,--,10,39950,买盘
2393,09:40:41,39.95,--,8,31960,买盘
2394,09:40:38,39.95,-0.01,18,71910,中性盘
2395,09:40:35,39.96,--,2,7992,买盘
2396,09:40:32,39.96,--,15,59940,买盘
2397,09:40:29,39.96,-0.01,16,63936,中性盘
2398,09:40:26,39.97,0.01,12,47964,买盘
2399,09:40:23,39.96,--,24,95904,卖盘
2400,09:40:20,39.96,--,1,3996,卖盘
2401,09:40:17,39.96,0.07,16,63936,买盘
2402,09:40:14,39.89,--,23,91747,买盘
2403,09:40:11,39.89,0.06,20,79780,买盘
2404,09:40:05,39.83,0.03,1,3983,中性盘
2405,09:40:02,39.8,-0.16,8,31839,卖盘
2406,09:39:59,39.96,0.16,18,71928,买盘
2407,09:39:53,39.8,--,4,15919,卖盘
2408,09:39:50,39.8,--,13,51739,买盘
2409,09:39:47,39.8,0.08,13,51739,买盘
2410,09:39:44,39.72,-0.01,8,31776,卖盘
2411,09:39:41,39.73,0.07,14,55621,买盘
2412,09:39:38,39.66,--,2,7931,卖盘
2413,09:39:35,39.66,0.01,6,23795,中性盘
2414,09:39:26,39.65,0.15,43,170495,买盘
2415,09:39:23,39.5,--,47,187111,卖盘
2416,09:39:14,39.5,0.02,11,43450,卖盘
2417,09:39:11,39.48,-0.02,10,39480,卖盘
2418,09:39:05,39.5,--,3,11850,买盘
2419,09:38:53,39.5,0.03,2,7900,买盘
2420,09:38:50,39.47,0.02,5,19735,买盘
2421,09:38:44,39.45,--,5,19725,买盘
2422,09:38:41,39.45,0.06,3,12663,买盘
2423,09:38:35,39.39,-0.06,4,15756,卖盘
2424,09:38:32,39.45,--,3,11835,买盘
2425,09:38:29,39.45,0.06,4,15780,买盘
2426,09:38:23,39.39,0.07,6,23634,买盘
2427,09:38:20,39.32,0.02,2,7864,买盘
2428,09:38:14,39.3,-0.02,2,10139,中性盘
2429,09:38:11,39.32,0.02,15,58980,买盘
2430,09:38:08,39.3,0.02,2,7859,买盘
2431,09:37:59,39.28,0.02,5,19640,买盘
2432,09:37:56,39.26,--,12,47112,卖盘
2433,09:37:50,39.26,0.03,5,20297,买盘
2434,09:37:47,39.23,--,3,11768,买盘
2435,09:37:44,39.23,--,6,23537,买盘
2436,09:37:35,39.23,0.11,5,19615,买盘
2437,09:37:32,39.12,-0.08,17,66504,卖盘
2438,09:37:26,39.2,--,5,19600,买盘
2439,09:37:20,39.2,--,18,70560,卖盘
2440,09:37:14,39.2,-0.06,1,3920,卖盘
2441,09:37:11,39.26,0.06,6,23556,买盘
2442,09:37:08,39.2,--,5,19600,卖盘
2443,09:37:05,39.2,0.08,17,66640,买盘
2444,09:36:53,39.12,-0.06,2,7823,卖盘
2445,09:36:50,39.18,-0.02,6,23508,卖盘
2446,09:36:41,39.2,0.08,10,39200,买盘
2447,09:36:32,39.12,-0.01,87,340344,卖盘
2448,09:36:26,39.13,-0.05,6,23478,卖盘
2449,09:36:23,39.18,-0.02,14,54852,中性盘
2450,09:36:14,39.2,0.08,29,113680,买盘
2451,09:36:11,39.12,--,2,7823,卖盘
2452,09:36:05,39.12,--,19,74328,卖盘
2453,09:36:02,39.12,-0.04,2,7823,卖盘
2454,09:35:59,39.16,0.04,31,121395,买盘
2455,09:35:56,39.12,--,6,23472,卖盘
2456,09:35:53,39.12,--,5,19560,卖盘
2457,09:35:47,39.12,--,32,125183,买盘
2458,09:35:44,39.12,0.02,22,86064,买盘
2459,09:35:41,39.1,-0.04,2,7820,卖盘
2460,09:35:35,39.14,-0.06,9,35226,卖盘
2461,09:35:32,39.2,--,6,23520,买盘
2462,09:35:29,39.2,0.1,12,47040,买盘
2463,09:35:26,39.1,-0.02,21,82110,卖盘
2464,09:35:20,39.12,--,2,7823,卖盘
2465,09:35:17,39.12,0.02,1,3911,卖盘
2466,09:35:14,39.1,-0.1,11,43010,卖盘
2467,09:35:11,39.2,--,30,117600,买盘
2468,09:35:05,39.2,0.1,22,86240,买盘
2469,09:34:59,39.1,--,2,7820,卖盘
2470,09:34:53,39.1,0.05,1,3910,买盘
2471,09:34:50,39.05,--,11,42955,卖盘
2472,09:34:38,39.05,0.09,4,15619,中性盘
2473,09:34:35,38.96,--,7,27272,卖盘
2474,09:34:25,38.96,--,7,27272,卖盘
2475,09:34:22,38.96,--,9,35064,卖盘
2476,09:34:16,38.96,--,17,66232,卖盘
2477,09:34:13,38.96,0.03,69,268824,买盘
2478,09:34:10,38.93,-0.02,11,42823,卖盘
2479,09:34:07,38.95,--,3,11685,卖盘
2480,09:34:04,38.95,--,30,116850,买盘
2481,09:34:01,38.95,0.02,8,31160,买盘
2482,09:33:58,38.93,0.01,14,54502,中性盘
2483,09:33:52,38.92,-0.03,4,15568,卖盘
2484,09:33:46,38.95,--,10,38950,买盘
2485,09:33:43,38.95,-0.01,5,19475,卖盘
2486,09:33:40,38.96,0.01,3,11688,买盘
2487,09:33:37,38.95,--,4,15580,卖盘
2488,09:33:34,38.95,--,3,11685,卖盘
2489,09:33:31,38.95,-0.01,26,101270,卖盘
2490,09:33:16,38.96,--,21,81816,买盘
2491,09:33:10,38.96,--,157,611672,卖盘
2492,09:33:04,38.96,--,19,74024,卖盘
2493,09:33:01,38.96,--,7,27272,卖盘
2494,09:32:58,38.96,--,18,70128,卖盘
2495,09:32:55,38.96,--,8,31168,卖盘
2496,09:32:52,38.96,--,2,7792,卖盘
2497,09:32:49,38.96,0.05,28,109088,买盘
2498,09:32:43,38.91,-0.01,40,155640,卖盘
2499,09:32:37,38.92,--,1,3892,买盘
2500,09:32:34,38.92,-0.04,33,128436,卖盘
2501,09:32:28,38.96,--,1,3896,买盘
2502,09:32:25,38.96,0.03,62,241552,买盘
2503,09:32:22,38.93,-0.03,10,38930,卖盘
2504,09:32:19,38.96,--,106,412976,买盘
2505,09:32:13,38.96,-0.09,22,85712,卖盘
2506,09:32:07,39.05,0.09,1,3904,买盘
2507,09:31:55,38.96,-0.12,8,31168,中性盘
2508,09:31:43,39.08,0.12,34,132872,买盘
2509,09:31:40,38.96,--,4,15584,买盘
2510,09:31:34,38.96,-0.13,4,15584,买盘
2511,09:31:28,39.09,0.13,3,11727,买盘
2512,09:31:25,38.96,-0.04,15,58440,卖盘
2513,09:31:22,39.0,--,18,70200,卖盘
2514,09:31:16,39.0,0.09,7,27300,卖盘
2515,09:31:13,38.91,-0.02,8,31127,买盘
2516,09:31:07,38.93,--,1,3893,卖盘
2517,09:31:04,38.93,-0.22,16,62288,中性盘
2518,09:30:58,39.15,0.25,12,46980,买盘
2519,09:30:55,38.9,--,7,27230,买盘
2520,09:30:52,38.9,0.02,21,81690,买盘
2521,09:30:49,38.88,-0.02,21,81648,卖盘
2522,09:30:43,38.9,-0.25,1,3890,卖盘
2523,09:30:40,39.15,-0.04,22,86130,中性盘
2524,09:30:37,39.19,0.29,25,97975,买盘
2525,09:30:34,38.9,-0.1,17,66130,卖盘
2526,09:30:31,39.0,-0.2,21,81900,卖盘
2527,09:30:22,39.2,--,1,3920,买盘
2528,09:30:19,39.2,--,2,7840,买盘
2529,09:30:13,39.2,0.2,7,27440,买盘
2530,09:30:07,39.0,--,20,78000,卖盘
2531,09:30:04,39.0,0.18,178,694200,买盘
2532,09:26:10,38.82,--,0,0,卖盘
2533,09:25:01,38.82,38.82,106,411492,买盘
