,time,price,change,volume,amount,type
0,15:00:22,10.68,0.01,2654,2834472,买盘
1,14:58:16,10.67,--,0,0,卖盘
2,14:57:01,10.67,-0.02,74,78958,卖盘
3,14:56:58,10.69,0.01,130,139996,买盘
4,14:56:55,10.68,--,1031,1101150,卖盘
5,14:56:49,10.68,--,212,227441,卖盘
6,14:56:46,10.68,--,2032,2170176,买盘
7,14:56:40,10.68,--,40,42720,买盘
8,14:56:37,10.68,--,19,20334,买盘
9,14:56:34,10.68,--,50,53400,买盘
10,14:56:28,10.68,--,90,97145,买盘
11,14:56:25,10.68,0.01,94,100392,买盘
12,14:56:22,10.67,--,211,225179,卖盘
13,14:56:19,10.67,-0.01,8,9560,卖盘
14,14:56:16,10.68,0.01,22,23496,买盘
15,14:56:13,10.67,-0.01,498,531366,卖盘
16,14:56:07,10.68,--,125,133542,买盘
17,14:56:01,10.68,0.01,174,185832,买盘
18,14:55:58,10.67,-0.01,204,218692,卖盘
19,14:55:52,10.68,--,12,12816,买盘
20,14:55:46,10.68,0.01,74,79032,买盘
21,14:55:40,10.67,-0.01,24,25608,卖盘
22,14:55:37,10.68,0.01,19,20334,买盘
23,14:55:34,10.67,-0.01,94,100298,卖盘
24,14:55:28,10.68,--,132,140976,买盘
25,14:55:16,10.68,0.01,60,64080,买盘
26,14:55:13,10.67,-0.01,52,56508,卖盘
27,14:55:10,10.68,--,90,96120,买盘
28,14:55:07,10.68,0.01,97,103638,买盘
29,14:54:58,10.67,--,14,15962,卖盘
30,14:54:52,10.67,--,74,79640,卖盘
31,14:54:49,10.67,0.01,31,33077,卖盘
32,14:54:46,10.66,-0.02,143,152438,卖盘
33,14:54:43,10.68,--,48,51264,买盘
34,14:54:40,10.68,--,60,64080,买盘
35,14:54:37,10.68,0.01,341,364188,买盘
36,14:54:34,10.67,--,13,13871,买盘
37,14:54:31,10.67,--,3,3201,买盘
38,14:54:28,10.67,-0.01,977,1042459,中性盘
39,14:54:19,10.68,--,105,112140,买盘
40,14:54:13,10.68,--,238,254184,买盘
41,14:54:07,10.68,0.01,434,463512,买盘
42,14:54:04,10.67,-0.01,1070,1141690,卖盘
43,14:53:55,10.68,--,329,351372,买盘
44,14:53:49,10.68,0.01,13,13884,买盘
45,14:53:46,10.67,0.01,95,101365,中性盘
46,14:53:43,10.66,-0.01,81,86346,卖盘
47,14:53:40,10.67,0.01,40,42680,买盘
48,14:53:37,10.66,-0.01,355,378430,卖盘
49,14:53:34,10.67,--,22,23474,卖盘
50,14:53:31,10.67,--,23,24541,卖盘
51,14:53:28,10.67,-0.01,112,119504,卖盘
52,14:53:25,10.68,--,119,127092,买盘
53,14:53:19,10.68,--,201,214668,买盘
54,14:53:13,10.68,0.02,33,35244,买盘
55,14:53:10,10.66,-0.01,1086,1157676,卖盘
56,14:53:04,10.67,-0.01,475,506825,卖盘
57,14:53:01,10.68,0.01,10,10680,买盘
58,14:52:58,10.67,--,205,218735,买盘
59,14:52:55,10.67,0.01,127,135509,中性盘
60,14:52:52,10.66,-0.01,509,543020,卖盘
61,14:52:49,10.67,--,1,1109,卖盘
62,14:52:46,10.67,--,224,240032,卖盘
63,14:52:43,10.67,--,67,71531,卖盘
64,14:52:37,10.67,--,98,104566,买盘
65,14:52:34,10.67,-0.01,294,314722,中性盘
66,14:52:31,10.68,0.01,541,577830,买盘
67,14:52:28,10.67,0.01,152,163208,买盘
68,14:52:22,10.66,-0.01,23,24560,卖盘
69,14:52:19,10.67,0.01,960,1025344,买盘
70,14:52:16,10.66,--,200,213200,卖盘
71,14:52:13,10.66,--,2,2132,卖盘
72,14:52:10,10.66,-0.01,5,5372,卖盘
73,14:52:07,10.67,0.01,150,161074,买盘
74,14:52:04,10.66,--,20,21320,卖盘
75,14:52:01,10.66,--,155,165272,卖盘
76,14:51:55,10.66,--,398,424268,卖盘
77,14:51:52,10.66,--,120,127920,卖盘
78,14:51:49,10.66,--,6,6396,卖盘
79,14:51:46,10.66,-0.01,150,160923,卖盘
80,14:51:43,10.67,0.01,100,106700,买盘
81,14:51:40,10.66,--,99,105576,卖盘
82,14:51:37,10.66,-0.01,138,148131,卖盘
83,14:51:34,10.67,0.01,13,13913,买盘
84,14:51:31,10.66,-0.01,4,5287,卖盘
85,14:51:28,10.67,0.01,139,148355,买盘
86,14:51:25,10.66,-0.01,40,42640,卖盘
87,14:51:22,10.67,0.01,30,33034,买盘
88,14:51:19,10.66,--,166,177169,卖盘
89,14:51:16,10.66,--,95,101270,卖盘
90,14:51:13,10.66,-0.01,10,10660,卖盘
91,14:51:10,10.67,0.01,129,137643,买盘
92,14:51:07,10.66,-0.01,674,718484,卖盘
93,14:51:04,10.67,0.01,106,113102,买盘
94,14:51:01,10.66,--,43,45838,卖盘
95,14:50:58,10.66,--,96,102336,卖盘
96,14:50:55,10.66,--,13,13858,卖盘
97,14:50:49,10.66,-0.01,45,47970,卖盘
98,14:50:46,10.67,--,148,157916,买盘
99,14:50:40,10.67,0.01,541,577247,买盘
100,14:50:34,10.66,-0.01,1014,1081393,卖盘
101,14:50:31,10.67,0.01,111,118437,买盘
102,14:50:25,10.66,--,95,101270,卖盘
103,14:50:19,10.66,--,5,5330,卖盘
104,14:50:16,10.66,--,95,101270,卖盘
105,14:50:13,10.66,--,88,93808,卖盘
106,14:50:07,10.66,--,119,126854,卖盘
107,14:50:01,10.66,--,52,55432,卖盘
108,14:49:55,10.66,--,96,102336,卖盘
109,14:49:52,10.66,--,50,53300,卖盘
110,14:49:49,10.66,--,100,106600,卖盘
111,14:49:46,10.66,--,361,385209,买盘
112,14:49:40,10.66,0.01,22,23452,买盘
113,14:49:37,10.65,-0.02,95,101175,卖盘
114,14:49:34,10.67,0.01,5,5335,买盘
115,14:49:31,10.66,--,179,190814,卖盘
116,14:49:25,10.66,--,97,103402,卖盘
117,14:49:19,10.66,--,332,353912,卖盘
118,14:49:16,10.66,--,95,101270,卖盘
119,14:49:13,10.66,--,20,21320,卖盘
120,14:49:10,10.66,0.01,20,21320,卖盘
121,14:49:07,10.65,-0.01,97,103305,卖盘
122,14:48:58,10.66,-0.01,96,102336,卖盘
123,14:48:52,10.67,0.02,36,38412,买盘
124,14:48:49,10.65,-0.01,135,143775,卖盘
125,14:48:43,10.66,--,2,2132,卖盘
126,14:48:40,10.66,-0.01,163,173758,卖盘
127,14:48:31,10.67,0.01,83,88561,买盘
128,14:48:28,10.66,0.01,25,26650,买盘
129,14:48:25,10.65,-0.01,108,115020,卖盘
130,14:48:22,10.66,0.01,29,31255,买盘
131,14:48:19,10.65,--,46,49543,卖盘
132,14:48:16,10.65,-0.02,523,557761,卖盘
133,14:48:10,10.67,0.01,14,14938,买盘
134,14:48:07,10.66,-0.01,98,104468,卖盘
135,14:48:04,10.67,--,2,2134,买盘
136,14:47:57,10.67,0.01,105,112035,买盘
137,14:47:54,10.66,--,124,132184,卖盘
138,14:47:48,10.66,--,91,97006,卖盘
139,14:47:45,10.66,-0.01,160,170560,卖盘
140,14:47:42,10.67,0.01,308,328636,买盘
141,14:47:39,10.66,--,11,12024,卖盘
142,14:47:36,10.66,-0.01,105,111930,卖盘
143,14:47:33,10.67,--,23,24541,买盘
144,14:47:30,10.67,0.01,50,53350,买盘
145,14:47:27,10.66,--,95,101270,卖盘
146,14:47:18,10.66,--,100,106600,卖盘
147,14:47:15,10.66,--,166,176956,卖盘
148,14:47:12,10.66,-0.01,14,14924,卖盘
149,14:47:09,10.67,--,81,86427,买盘
150,14:47:06,10.67,--,114,121638,买盘
151,14:47:03,10.67,--,141,150447,买盘
152,14:47:00,10.67,0.01,70,74690,买盘
153,14:46:57,10.66,-0.01,115,122590,卖盘
154,14:46:54,10.67,--,36,38412,买盘
155,14:46:48,10.67,0.01,319,340373,买盘
156,14:46:45,10.66,-0.01,128,136448,卖盘
157,14:46:39,10.67,--,4,4268,买盘
158,14:46:36,10.67,0.01,184,196328,买盘
159,14:46:33,10.66,--,42,44772,卖盘
160,14:46:27,10.66,-0.01,164,174824,卖盘
161,14:46:18,10.67,0.01,121,129107,买盘
162,14:46:12,10.66,--,27,28782,卖盘
163,14:46:06,10.66,--,96,102336,卖盘
164,14:46:03,10.66,--,49,52234,卖盘
165,14:46:00,10.66,-0.01,115,122590,卖盘
166,14:45:57,10.67,--,103,109901,买盘
167,14:45:54,10.67,--,128,136576,买盘
168,14:45:51,10.67,0.02,8,8536,买盘
169,14:45:45,10.65,-0.01,96,102240,卖盘
170,14:45:42,10.66,--,2,2132,卖盘
171,14:45:39,10.66,0.01,100,106600,中性盘
172,14:45:36,10.65,-0.01,134,142710,卖盘
173,14:45:33,10.66,0.01,28,29848,中性盘
174,14:45:27,10.65,-0.01,97,103305,卖盘
175,14:45:21,10.66,0.01,37,39442,中性盘
176,14:45:18,10.65,--,111,118811,卖盘
177,14:45:15,10.65,-0.02,193,206269,卖盘
178,14:45:12,10.67,--,47,50149,买盘
179,14:45:06,10.67,0.01,217,231539,买盘
180,14:45:03,10.66,--,20,21320,买盘
181,14:45:00,10.66,--,7,7462,买盘
182,14:44:57,10.66,0.01,40,42640,买盘
183,14:44:54,10.65,-0.01,300,319500,卖盘
184,14:44:48,10.66,0.01,36,38376,买盘
185,14:44:45,10.65,-0.01,174,185310,卖盘
186,14:44:36,10.66,--,262,279292,买盘
187,14:44:30,10.66,--,152,162032,买盘
188,14:44:27,10.66,0.01,283,301678,买盘
189,14:44:24,10.65,-0.01,143,152295,卖盘
190,14:44:21,10.66,--,3,3198,买盘
191,14:44:18,10.66,-0.01,102,108732,卖盘
192,14:44:15,10.67,0.02,36,38412,买盘
193,14:44:12,10.65,--,5,5325,卖盘
194,14:44:06,10.65,-0.02,108,115020,卖盘
195,14:44:00,10.67,--,2,2134,买盘
196,14:43:54,10.67,0.02,132,140844,买盘
197,14:43:51,10.65,--,114,121410,卖盘
198,14:43:45,10.65,--,139,148035,卖盘
199,14:43:42,10.65,-0.02,82,87372,卖盘
200,14:43:36,10.67,0.01,735,784245,买盘
201,14:43:33,10.66,--,2,2132,买盘
202,14:43:27,10.66,--,3499,3729934,买盘
203,14:43:24,10.66,0.01,26,27716,买盘
204,14:43:18,10.65,--,126,134190,卖盘
205,14:43:15,10.65,-0.02,83,88395,卖盘
206,14:43:09,10.67,0.02,37,39479,买盘
207,14:43:06,10.65,--,95,101175,卖盘
208,14:43:03,10.65,-0.02,31,33015,卖盘
209,14:43:00,10.67,0.01,661,705287,买盘
210,14:42:54,10.66,0.01,30,31980,买盘
211,14:42:48,10.65,--,1433,1526145,卖盘
212,14:42:42,10.65,--,2,2130,卖盘
213,14:42:39,10.65,--,8,8520,卖盘
214,14:42:36,10.65,--,146,155490,卖盘
215,14:42:30,10.65,--,90,95850,卖盘
216,14:42:27,10.65,--,122,129930,卖盘
217,14:42:21,10.65,-0.02,44,46860,卖盘
218,14:42:18,10.67,0.02,223,237941,买盘
219,14:42:15,10.65,--,161,172402,卖盘
220,14:42:09,10.65,-0.01,181,193148,卖盘
221,14:42:06,10.66,0.01,1032,1100112,买盘
222,14:42:03,10.65,--,25,26625,卖盘
223,14:41:57,10.65,-0.01,109,116085,卖盘
224,14:41:51,10.66,0.01,4,4264,买盘
225,14:41:48,10.65,-0.01,129,137385,卖盘
226,14:41:45,10.66,0.01,103,109798,买盘
227,14:41:39,10.65,--,233,249124,买盘
228,14:41:36,10.65,0.01,258,274770,买盘
229,14:41:33,10.64,-0.01,1,1106,卖盘
230,14:41:30,10.65,--,2,2130,买盘
231,14:41:27,10.65,--,798,850892,买盘
232,14:41:21,10.65,--,22,23430,买盘
233,14:41:18,10.65,--,74,78810,买盘
234,14:41:15,10.65,--,133,141687,买盘
235,14:41:12,10.65,0.01,340,363122,买盘
236,14:41:06,10.64,-0.01,1096,1166229,卖盘
237,14:41:03,10.65,-0.01,51,54315,卖盘
238,14:41:00,10.66,0.01,7,7462,买盘
239,14:40:57,10.65,-0.01,148,157620,卖盘
240,14:40:51,10.66,--,4,4264,买盘
241,14:40:48,10.66,--,162,172692,买盘
242,14:40:45,10.66,--,5,5330,买盘
243,14:40:42,10.66,0.01,122,130052,买盘
244,14:40:39,10.65,--,100,106500,卖盘
245,14:40:36,10.65,--,15,15975,卖盘
246,14:40:30,10.65,--,15,15975,卖盘
247,14:40:24,10.65,--,139,148035,卖盘
248,14:40:21,10.65,-0.01,56,59640,卖盘
249,14:40:18,10.66,0.01,57,60762,买盘
250,14:40:15,10.65,--,100,106500,卖盘
251,14:40:09,10.65,-0.01,117,125286,卖盘
252,14:40:06,10.66,--,116,123656,买盘
253,14:40:00,10.66,0.01,47,50102,买盘
254,14:39:57,10.65,-0.01,106,112890,卖盘
255,14:39:54,10.66,0.01,86,91676,买盘
256,14:39:51,10.65,--,10,10650,卖盘
257,14:39:48,10.65,-0.01,164,174660,卖盘
258,14:39:45,10.66,0.01,180,191880,买盘
259,14:39:42,10.65,--,5,5325,卖盘
260,14:39:39,10.65,--,34,36210,卖盘
261,14:39:36,10.65,-0.01,237,252405,卖盘
262,14:39:33,10.66,0.01,10,10660,买盘
263,14:39:30,10.65,--,137,145905,卖盘
264,14:39:21,10.65,-0.02,3671,3909615,卖盘
265,14:39:15,10.67,0.01,24,25608,买盘
266,14:39:12,10.66,-0.01,57,60762,卖盘
267,14:39:09,10.67,--,12,12804,买盘
268,14:39:06,10.67,0.01,50,53350,买盘
269,14:39:03,10.66,--,461,491426,卖盘
270,14:39:00,10.66,-0.01,8,8528,卖盘
271,14:38:57,10.67,--,40,42680,买盘
272,14:38:51,10.67,--,25,26675,买盘
273,14:38:48,10.67,0.01,36,38412,买盘
274,14:38:45,10.66,--,27,28782,卖盘
275,14:38:42,10.66,-0.01,31,33046,卖盘
276,14:38:39,10.67,--,2,2134,买盘
277,14:38:33,10.67,0.01,268,285956,买盘
278,14:38:27,10.66,-0.01,505,538330,卖盘
279,14:38:24,10.67,--,8,8536,买盘
280,14:38:21,10.67,0.01,200,213400,买盘
281,14:38:18,10.66,--,23,24518,卖盘
282,14:38:12,10.66,--,25,26650,卖盘
283,14:38:09,10.66,-0.01,74,78884,卖盘
284,14:38:06,10.67,--,13,13871,买盘
285,14:38:03,10.67,0.01,2,2134,买盘
286,14:38:00,10.66,--,25,26650,卖盘
287,14:37:57,10.66,--,20,21320,卖盘
288,14:37:54,10.66,-0.01,56,59696,卖盘
289,14:37:48,10.67,--,4,4268,买盘
290,14:37:45,10.67,--,30,32010,买盘
291,14:37:42,10.67,--,213,227271,买盘
292,14:37:39,10.67,0.01,33,35211,买盘
293,14:37:36,10.66,-0.01,5,5330,卖盘
294,14:37:33,10.67,--,20,21340,买盘
295,14:37:30,10.67,--,3,3201,买盘
296,14:37:27,10.67,--,175,186725,买盘
297,14:37:24,10.67,--,10,10670,买盘
298,14:37:21,10.67,--,29,30943,买盘
299,14:37:12,10.67,--,42,44814,买盘
300,14:37:09,10.67,--,219,233673,买盘
301,14:37:03,10.67,--,191,204479,买盘
302,14:37:00,10.67,--,2,2134,买盘
303,14:36:54,10.67,--,68,73452,卖盘
304,14:36:51,10.67,--,267,284931,卖盘
305,14:36:48,10.67,-0.01,428,457700,卖盘
306,14:36:45,10.68,0.01,136,145248,买盘
307,14:36:42,10.67,--,98,104566,卖盘
308,14:36:36,10.67,--,8,8536,卖盘
309,14:36:33,10.67,--,47,50191,卖盘
310,14:36:24,10.67,--,10,10670,卖盘
311,14:36:21,10.67,-0.01,50,53350,卖盘
312,14:36:18,10.68,0.01,104,111072,买盘
313,14:36:15,10.67,--,24,26632,卖盘
314,14:36:12,10.67,--,256,273152,卖盘
315,14:36:09,10.67,--,70,74690,卖盘
316,14:36:03,10.67,-0.01,88,93896,卖盘
317,14:35:57,10.68,--,74,79032,买盘
318,14:35:48,10.68,0.01,4,4272,买盘
319,14:35:45,10.67,-0.01,200,213400,卖盘
320,14:35:42,10.68,0.01,10,10680,买盘
321,14:35:39,10.67,--,27,28851,卖盘
322,14:35:36,10.67,--,8,8536,卖盘
323,14:35:33,10.67,--,40,43704,卖盘
324,14:35:30,10.67,--,540,576180,卖盘
325,14:35:27,10.67,--,7,7511,卖盘
326,14:35:24,10.67,--,10,10670,卖盘
327,14:35:18,10.67,--,14,15962,卖盘
328,14:35:15,10.67,--,128,136576,卖盘
329,14:35:09,10.67,--,27,28851,卖盘
330,14:35:03,10.67,--,66,70422,卖盘
331,14:35:00,10.67,--,28,29876,卖盘
332,14:34:57,10.67,--,1,1195,卖盘
333,14:34:54,10.67,-0.01,41,43747,中性盘
334,14:34:51,10.68,0.01,164,175152,买盘
335,14:34:45,10.67,0.01,36,38412,买盘
336,14:34:42,10.66,-0.01,5,5330,卖盘
337,14:34:39,10.67,--,99,105633,买盘
338,14:34:36,10.67,--,335,358213,卖盘
339,14:34:33,10.67,--,27,28809,卖盘
340,14:34:30,10.67,-0.01,100,106700,卖盘
341,14:34:27,10.68,--,210,224280,买盘
342,14:34:24,10.68,--,3,3204,买盘
343,14:34:21,10.68,0.01,158,168744,买盘
344,14:34:12,10.67,--,139,148313,卖盘
345,14:34:06,10.67,--,51,54417,卖盘
346,14:34:03,10.67,--,36,38796,卖盘
347,14:34:00,10.67,--,684,730126,卖盘
348,14:33:57,10.67,--,6,6402,卖盘
349,14:33:54,10.67,-0.01,242,258214,卖盘
350,14:33:51,10.68,--,4,4272,买盘
351,14:33:48,10.68,0.01,74,79032,买盘
352,14:33:39,10.67,--,29,30943,卖盘
353,14:33:36,10.67,--,40,42680,卖盘
354,14:33:33,10.67,-0.01,408,435336,卖盘
355,14:33:30,10.68,--,3,3204,买盘
356,14:33:27,10.68,--,158,168744,买盘
357,14:33:18,10.68,--,4,4272,买盘
358,14:33:15,10.68,0.01,10,10680,买盘
359,14:33:12,10.67,-0.01,31,33077,卖盘
360,14:33:09,10.68,--,114,121752,买盘
361,14:33:06,10.68,0.01,154,164472,买盘
362,14:33:03,10.67,-0.01,4,4268,卖盘
363,14:32:51,10.68,--,4,4272,买盘
364,14:32:48,10.68,--,21,22428,买盘
365,14:32:45,10.68,--,626,668568,卖盘
366,14:32:39,10.68,--,70,74760,买盘
367,14:32:36,10.68,--,80,85440,买盘
368,14:32:27,10.68,--,8,8544,买盘
369,14:32:24,10.68,--,408,435744,买盘
370,14:32:18,10.68,--,7,7476,买盘
371,14:32:15,10.68,0.01,60,64080,买盘
372,14:32:12,10.67,--,1041,1110747,卖盘
373,14:32:06,10.67,--,10,10670,卖盘
374,14:32:03,10.67,-0.01,59,62953,卖盘
375,14:32:00,10.68,0.01,108,115344,买盘
376,14:31:54,10.67,-0.01,15,16005,卖盘
377,14:31:51,10.68,0.01,614,655752,买盘
378,14:31:42,10.67,--,30,32010,卖盘
379,14:31:39,10.67,--,9,9603,卖盘
380,14:31:36,10.67,--,232,247544,卖盘
381,14:31:27,10.67,--,2,2134,卖盘
382,14:31:18,10.67,--,75,80025,卖盘
383,14:31:12,10.67,--,55,58685,卖盘
384,14:31:09,10.67,--,100,106700,卖盘
385,14:31:06,10.67,--,22,23474,卖盘
386,14:31:03,10.67,--,108,115236,卖盘
387,14:30:57,10.67,-0.01,72,76824,卖盘
388,14:30:54,10.68,0.01,181,193308,买盘
389,14:30:51,10.67,-0.01,157,168201,卖盘
390,14:30:48,10.68,--,27,28836,买盘
391,14:30:39,10.68,--,75,80100,买盘
392,14:30:36,10.68,--,342,365256,买盘
393,14:30:30,10.68,--,74,79032,买盘
394,14:30:24,10.68,--,26,27768,买盘
395,14:30:18,10.68,0.01,169,180492,买盘
396,14:30:15,10.67,--,117,124839,卖盘
397,14:30:09,10.67,-0.01,31,33077,卖盘
398,14:30:06,10.68,--,12,12816,买盘
399,14:30:03,10.68,0.01,4,4272,买盘
400,14:30:00,10.67,--,46,49082,卖盘
401,14:29:54,10.67,-0.01,188,200596,卖盘
402,14:29:51,10.68,--,10,10680,买盘
403,14:29:48,10.68,--,80,85440,买盘
404,14:29:45,10.68,0.01,520,555360,买盘
405,14:29:36,10.67,--,60,64020,卖盘
406,14:29:30,10.67,-0.01,113,120571,卖盘
407,14:29:27,10.68,--,14,14952,买盘
408,14:29:24,10.68,0.01,103,110004,买盘
409,14:29:21,10.67,--,7,7469,买盘
410,14:29:18,10.67,--,50,53350,买盘
411,14:29:12,10.67,-0.01,44,46948,卖盘
412,14:29:09,10.68,--,5,5340,买盘
413,14:29:03,10.68,--,17,18156,买盘
414,14:28:57,10.68,--,65,69420,买盘
415,14:28:51,10.68,--,123,131364,买盘
416,14:28:48,10.68,--,4,4272,买盘
417,14:28:45,10.68,-0.01,294,313992,卖盘
418,14:28:39,10.69,--,17,18173,买盘
419,14:28:36,10.69,0.01,503,537707,买盘
420,14:28:33,10.68,--,20,21360,卖盘
421,14:28:30,10.68,--,13,14268,卖盘
422,14:28:27,10.68,--,26,27768,卖盘
423,14:28:24,10.68,-0.01,36,38448,卖盘
424,14:28:21,10.69,--,401,428669,买盘
425,14:28:18,10.69,0.01,99,105831,买盘
426,14:28:12,10.68,--,156,166608,卖盘
427,14:28:09,10.68,--,23,24564,卖盘
428,14:28:03,10.68,0.01,2619,2797775,买盘
429,14:27:54,10.67,0.01,508,542036,买盘
430,14:27:51,10.66,-0.01,31,33046,卖盘
431,14:27:48,10.67,--,103,109901,买盘
432,14:27:45,10.67,--,169,181005,买盘
433,14:27:39,10.67,--,30,32010,买盘
434,14:27:33,10.67,--,10,10670,买盘
435,14:27:30,10.67,0.01,468,499356,买盘
436,14:27:21,10.66,-0.01,12,12792,卖盘
437,14:27:18,10.67,0.01,397,423641,买盘
438,14:27:15,10.66,-0.01,10,10660,卖盘
439,14:27:12,10.67,--,12,12804,买盘
440,14:27:03,10.67,--,354,378742,买盘
441,14:26:56,10.67,--,10,10670,买盘
442,14:26:53,10.67,0.01,3,3243,买盘
443,14:26:50,10.66,-0.01,20,21320,中性盘
444,14:26:44,10.67,0.02,114,121638,买盘
445,14:26:41,10.65,--,4,4260,卖盘
446,14:26:38,10.65,-0.02,34,37232,卖盘
447,14:26:32,10.67,0.02,72,77549,买盘
448,14:26:26,10.65,--,345,367425,买盘
449,14:26:23,10.65,--,11,11715,买盘
450,14:26:20,10.65,--,26,27690,买盘
451,14:26:17,10.65,--,517,550605,买盘
452,14:26:14,10.65,--,20,21300,买盘
453,14:26:11,10.65,--,178,189570,买盘
454,14:26:08,10.65,-0.02,917,976988,卖盘
455,14:26:05,10.67,0.02,24,26632,买盘
456,14:26:02,10.65,--,58,61770,卖盘
457,14:25:53,10.65,--,26,27690,卖盘
458,14:25:47,10.65,--,218,232894,买盘
459,14:25:44,10.65,--,182,193830,买盘
460,14:25:41,10.65,--,46,48990,买盘
461,14:25:35,10.65,--,288,306720,买盘
462,14:25:32,10.65,0.01,270,287550,买盘
463,14:25:29,10.64,-0.01,830,883120,卖盘
464,14:25:26,10.65,--,36,38340,买盘
465,14:25:20,10.65,--,444,472860,买盘
466,14:25:17,10.65,--,225,239625,买盘
467,14:25:14,10.65,--,20,21300,买盘
468,14:25:08,10.65,--,10,10650,买盘
469,14:25:05,10.65,--,135,143775,买盘
470,14:25:02,10.65,--,1404,1495643,卖盘
471,14:24:59,10.65,-0.02,10,10650,卖盘
472,14:24:56,10.67,0.02,10,10670,买盘
473,14:24:53,10.65,-0.02,2,3152,卖盘
474,14:24:50,10.67,0.01,238,254671,买盘
475,14:24:47,10.66,0.01,68,72488,买盘
476,14:24:41,10.65,--,511,544215,买盘
477,14:24:35,10.65,--,585,623025,买盘
478,14:24:32,10.65,--,319,339735,买盘
479,14:24:26,10.65,--,10,10650,买盘
480,14:24:23,10.65,--,41,43665,买盘
481,14:24:14,10.65,--,496,528240,买盘
482,14:24:11,10.65,--,66,70290,买盘
483,14:24:08,10.65,--,1,1065,买盘
484,14:23:59,10.65,--,10,10650,买盘
485,14:23:56,10.65,--,42,44730,买盘
486,14:23:53,10.65,0.01,190,202350,买盘
487,14:23:50,10.64,-0.01,31,32984,卖盘
488,14:23:47,10.65,--,56,59640,买盘
489,14:23:44,10.65,--,22,23430,买盘
490,14:23:41,10.65,--,5,5325,买盘
491,14:23:38,10.65,0.01,121,128865,买盘
492,14:23:35,10.64,-0.03,1,1064,卖盘
493,14:23:32,10.67,0.03,111,118437,买盘
494,14:23:29,10.64,-0.01,50,53200,卖盘
495,14:23:26,10.65,0.01,197,210486,买盘
496,14:23:23,10.64,--,210,223440,卖盘
497,14:23:17,10.64,--,427,454328,卖盘
498,14:23:14,10.64,-0.01,20,21280,卖盘
499,14:23:11,10.65,--,45,47925,买盘
500,14:23:05,10.65,--,5,5325,买盘
501,14:23:02,10.65,--,115,122475,买盘
502,14:22:59,10.65,--,16,17040,买盘
503,14:22:53,10.65,0.01,3,3195,买盘
504,14:22:50,10.64,-0.01,42,44688,卖盘
505,14:22:47,10.65,--,5,5325,买盘
506,14:22:44,10.65,--,4,4260,买盘
507,14:22:38,10.65,--,10,10650,买盘
508,14:22:32,10.65,-0.02,1422,1514813,卖盘
509,14:22:26,10.67,0.01,160,170720,买盘
510,14:22:23,10.66,-0.01,32,34112,卖盘
511,14:22:20,10.67,0.01,397,423599,买盘
512,14:22:11,10.66,-0.01,14,14924,卖盘
513,14:22:08,10.67,0.01,71,75757,买盘
514,14:22:05,10.66,--,77,82082,卖盘
515,14:21:59,10.66,--,15,15990,卖盘
516,14:21:53,10.66,0.01,204,217464,买盘
517,14:21:50,10.65,--,47,50055,卖盘
518,14:21:47,10.65,--,40,42600,卖盘
519,14:21:41,10.65,--,41,43665,卖盘
520,14:21:38,10.65,--,117,125286,卖盘
521,14:21:35,10.65,--,21,22365,卖盘
522,14:21:32,10.65,-0.02,86,91590,卖盘
523,14:21:26,10.67,0.02,104,110968,买盘
524,14:21:20,10.65,-0.01,410,436650,卖盘
525,14:21:17,10.66,0.01,21,22386,买盘
526,14:21:11,10.65,-0.01,32,34080,卖盘
527,14:21:02,10.66,0.01,11,11726,买盘
528,14:20:56,10.65,-0.01,24,25560,卖盘
529,14:20:53,10.66,0.01,30,31980,买盘
530,14:20:47,10.65,--,120,127800,卖盘
531,14:20:41,10.65,-0.01,555,591075,卖盘
532,14:20:38,10.66,0.01,44,46904,买盘
533,14:20:35,10.65,--,31,33015,卖盘
534,14:20:32,10.65,--,401,427065,卖盘
535,14:20:29,10.65,-0.01,157,167205,卖盘
536,14:20:26,10.66,0.01,7,7462,买盘
537,14:20:23,10.65,-0.02,204,217260,卖盘
538,14:20:17,10.67,0.02,751,801317,买盘
539,14:20:14,10.65,-0.01,32,34080,卖盘
540,14:20:05,10.66,0.01,81,86346,买盘
541,14:20:02,10.65,-0.01,70,74550,卖盘
542,14:19:50,10.66,--,318,339755,卖盘
543,14:19:47,10.66,--,10,10660,卖盘
544,14:19:44,10.66,-0.01,8,8528,卖盘
545,14:19:41,10.67,0.01,10,11694,买盘
546,14:19:35,10.66,-0.01,41,43748,卖盘
547,14:19:32,10.67,0.01,4,5292,买盘
548,14:19:29,10.66,--,32,34112,卖盘
549,14:19:23,10.66,-0.01,122,130052,卖盘
550,14:19:20,10.67,0.01,110,117370,买盘
551,14:19:14,10.66,--,242,258313,买盘
552,14:19:05,10.66,0.01,6,6396,买盘
553,14:19:02,10.65,-0.01,8,8520,卖盘
554,14:18:56,10.66,--,0,767,卖盘
555,14:18:53,10.66,--,32,34112,卖盘
556,14:18:50,10.66,--,10,10660,卖盘
557,14:18:44,10.66,--,40,43663,卖盘
558,14:18:41,10.66,--,3,3581,卖盘
559,14:18:38,10.66,--,116,123997,卖盘
560,14:18:35,10.66,--,32,34112,卖盘
561,14:18:32,10.66,-0.01,37,39442,卖盘
562,14:18:29,10.67,0.01,16,17072,买盘
563,14:18:23,10.66,-0.01,118,125788,卖盘
564,14:18:17,10.67,--,10,10670,买盘
565,14:18:14,10.67,--,510,544170,买盘
566,14:18:08,10.67,--,5,5335,买盘
567,14:18:02,10.67,--,57,60819,买盘
568,14:17:56,10.67,--,235,250745,卖盘
569,14:17:53,10.67,--,13,13871,卖盘
570,14:17:50,10.67,--,32,34144,卖盘
571,14:17:47,10.67,--,11,11737,卖盘
572,14:17:41,10.67,-0.01,55,58685,卖盘
573,14:17:35,10.68,0.01,3,3204,买盘
574,14:17:32,10.67,--,24,25608,卖盘
575,14:17:29,10.67,--,1,1067,卖盘
576,14:17:26,10.67,-0.01,30,32010,卖盘
577,14:17:23,10.68,0.01,12,12816,买盘
578,14:17:20,10.67,--,104,110968,卖盘
579,14:17:14,10.67,--,72,76824,卖盘
580,14:17:11,10.67,--,263,281303,买盘
581,14:17:08,10.67,0.01,1,1067,买盘
582,14:17:05,10.66,--,11,11726,卖盘
583,14:17:02,10.66,--,8,8528,卖盘
584,14:16:56,10.66,--,58,61828,卖盘
585,14:16:53,10.66,-0.01,38,40508,卖盘
586,14:16:47,10.67,0.01,243,259281,买盘
587,14:16:44,10.66,-0.01,40,42640,卖盘
588,14:16:41,10.67,--,10,10670,买盘
589,14:16:38,10.67,0.01,10,10670,买盘
590,14:16:23,10.66,--,32,34112,卖盘
591,14:16:20,10.66,-0.01,2,2132,卖盘
592,14:16:17,10.67,0.01,22,23474,买盘
593,14:16:14,10.66,--,78,83148,卖盘
594,14:16:11,10.66,-0.01,9,9594,卖盘
595,14:16:08,10.67,0.02,237,252879,买盘
596,14:16:02,10.65,--,13,13845,卖盘
597,14:15:50,10.65,-0.01,30,31950,卖盘
598,14:15:44,10.66,-0.01,1,1449,卖盘
599,14:15:41,10.67,0.01,3,3201,买盘
600,14:15:38,10.66,-0.01,117,125404,卖盘
601,14:15:35,10.67,--,22,23474,卖盘
602,14:15:29,10.67,--,6,6402,卖盘
603,14:15:26,10.67,--,48,51216,卖盘
604,14:15:23,10.67,0.01,59,62953,买盘
605,14:15:17,10.66,--,4,4264,卖盘
606,14:15:14,10.66,-0.01,1,1066,卖盘
607,14:15:11,10.67,0.01,408,435336,买盘
608,14:15:08,10.66,--,78,83148,卖盘
609,14:15:02,10.66,-0.01,31,33046,卖盘
610,14:14:59,10.67,0.01,109,116303,买盘
611,14:14:53,10.66,-0.01,27,28782,卖盘
612,14:14:44,10.67,--,132,140844,卖盘
613,14:14:35,10.67,--,39,41613,卖盘
614,14:14:26,10.67,--,46,49082,卖盘
615,14:14:23,10.67,--,31,33077,卖盘
616,14:14:20,10.67,--,3,3201,卖盘
617,14:14:17,10.67,0.02,230,245410,买盘
618,14:14:08,10.65,-0.02,180,191700,卖盘
619,14:14:05,10.67,0.01,12,12804,买盘
620,14:14:02,10.66,-0.01,391,416806,卖盘
621,14:13:59,10.67,--,10,10670,买盘
622,14:13:53,10.67,0.01,126,134442,买盘
623,14:13:50,10.66,--,10,10660,卖盘
624,14:13:47,10.66,-0.01,9,9594,卖盘
625,14:13:44,10.67,0.01,3,3201,买盘
626,14:13:41,10.66,-0.01,36,38376,卖盘
627,14:13:35,10.67,0.01,126,134442,买盘
628,14:13:32,10.66,0.01,57,60762,中性盘
629,14:13:26,10.65,-0.01,79,84135,卖盘
630,14:13:23,10.66,--,13,13858,卖盘
631,14:13:17,10.66,--,363,387640,买盘
632,14:13:11,10.66,--,12,12792,买盘
633,14:13:05,10.66,0.01,19,20254,买盘
634,14:12:56,10.65,--,47,50055,卖盘
635,14:12:50,10.65,-0.02,236,251723,卖盘
636,14:12:44,10.67,--,375,400125,买盘
637,14:12:38,10.67,0.01,51,54417,买盘
638,14:12:35,10.66,--,52,55432,卖盘
639,14:12:29,10.66,--,207,221344,卖盘
640,14:12:20,10.66,--,137,146042,卖盘
641,14:12:17,10.66,-0.01,1,1066,卖盘
642,14:12:14,10.67,0.01,497,530299,买盘
643,14:12:08,10.66,-0.01,30,31980,卖盘
644,14:11:59,10.67,0.01,10,10670,买盘
645,14:11:50,10.66,--,3,3198,卖盘
646,14:11:47,10.66,-0.01,3,3198,卖盘
647,14:11:44,10.67,--,358,381986,买盘
648,14:11:41,10.67,--,172,183524,买盘
649,14:11:38,10.67,--,8,8536,买盘
650,14:11:14,10.67,0.01,1,1067,买盘
651,14:11:11,10.66,-0.01,8,8528,中性盘
652,14:10:59,10.67,--,5,5335,买盘
653,14:10:56,10.67,0.02,91,97097,买盘
654,14:10:53,10.65,-0.01,1004,1069260,卖盘
655,14:10:50,10.66,-0.01,54,57564,卖盘
656,14:10:35,10.67,--,10,10670,买盘
657,14:10:29,10.67,0.02,421,449207,买盘
658,14:10:23,10.65,-0.02,1020,1086300,卖盘
659,14:10:14,10.67,0.01,168,179938,买盘
660,14:10:08,10.66,--,20,21320,买盘
661,14:10:05,10.66,0.01,355,378472,买盘
662,14:10:02,10.65,-0.01,0,1022,卖盘
663,14:09:56,10.66,--,3,3240,买盘
664,14:09:53,10.66,0.01,4,4264,买盘
665,14:09:44,10.65,--,4,4260,卖盘
666,14:09:41,10.65,-0.01,66,70290,卖盘
667,14:09:35,10.66,--,1423,1517259,买盘
668,14:09:29,10.66,0.01,113,120458,买盘
669,14:09:26,10.65,--,30,31950,卖盘
670,14:09:23,10.65,0.01,117,125329,中性盘
671,14:09:17,10.64,-0.01,42,44688,卖盘
672,14:09:14,10.65,--,592,631502,买盘
673,14:09:11,10.65,--,2,2130,买盘
674,14:09:08,10.65,--,22,23430,买盘
675,14:09:05,10.65,--,18,19170,买盘
676,14:09:02,10.65,--,16,17040,买盘
677,14:08:59,10.65,--,500,532500,买盘
678,14:08:56,10.65,--,58,61770,买盘
679,14:08:53,10.65,--,119,126777,买盘
680,14:08:47,10.65,0.01,10,10650,买盘
681,14:08:44,10.64,-0.01,106,112784,卖盘
682,14:08:41,10.65,--,102,109652,买盘
683,14:08:35,10.65,--,93,99087,买盘
684,14:08:32,10.65,--,12,13802,买盘
685,14:08:26,10.65,--,104,110760,买盘
686,14:08:23,10.65,0.01,569,606027,买盘
687,14:08:20,10.64,-0.01,8,9533,卖盘
688,14:08:14,10.65,--,973,1036287,买盘
689,14:08:05,10.65,--,100,106500,买盘
690,14:08:02,10.65,--,234,249210,买盘
691,14:07:56,10.65,--,8,9542,买盘
692,14:07:38,10.65,--,4,4260,买盘
693,14:07:29,10.65,--,284,302460,买盘
694,14:07:23,10.65,--,123,131037,买盘
695,14:07:16,10.65,0.01,406,432390,买盘
696,14:07:10,10.64,-0.01,56,59584,卖盘
697,14:07:04,10.65,0.01,118,126692,买盘
698,14:07:01,10.64,--,54,58307,买盘
699,14:06:58,10.64,--,26,27664,买盘
700,14:06:55,10.64,--,57,60690,买盘
701,14:06:52,10.64,--,120,128701,买盘
702,14:06:49,10.64,--,20,21280,买盘
703,14:06:46,10.64,--,4,4256,买盘
704,14:06:40,10.64,-0.01,872,928063,卖盘
705,14:06:34,10.65,0.01,2,3152,买盘
706,14:06:31,10.64,--,10,10640,卖盘
707,14:06:25,10.64,-0.01,967,1029611,卖盘
708,14:06:19,10.65,--,108,115020,买盘
709,14:06:13,10.65,--,11,11715,买盘
710,14:06:07,10.65,--,396,421740,买盘
711,14:06:04,10.65,--,137,145905,买盘
712,14:06:01,10.65,--,30,31950,买盘
713,14:05:58,10.65,--,54,57510,买盘
714,14:05:52,10.65,0.01,46,48990,买盘
715,14:05:43,10.64,--,2,2128,卖盘
716,14:05:40,10.64,-0.01,98,104272,卖盘
717,14:05:37,10.65,0.01,105,111825,买盘
718,14:05:34,10.64,-0.01,800,851200,卖盘
719,14:05:31,10.65,--,14,14910,买盘
720,14:05:25,10.65,0.01,1,1065,买盘
721,14:05:19,10.64,--,1,1064,卖盘
722,14:05:16,10.64,-0.01,2,2128,卖盘
723,14:05:13,10.65,--,104,110760,买盘
724,14:05:10,10.65,0.01,486,517590,买盘
725,14:05:07,10.64,-0.01,151,160664,卖盘
726,14:05:04,10.65,0.01,2,2130,买盘
727,14:04:52,10.64,-0.01,1,1064,卖盘
728,14:04:49,10.65,--,44,46860,买盘
729,14:04:46,10.65,0.01,20,21300,买盘
730,14:04:43,10.64,-0.01,4,4256,卖盘
731,14:04:37,10.65,--,16,17040,买盘
732,14:04:28,10.65,0.01,20,21300,买盘
733,14:04:22,10.64,-0.01,31,32984,卖盘
734,14:04:16,10.65,0.01,1,1065,中性盘
735,14:04:13,10.64,-0.01,587,624695,卖盘
736,14:04:07,10.65,--,9,9585,买盘
737,14:04:04,10.65,--,78,83070,买盘
738,14:04:01,10.65,0.01,121,128865,买盘
739,14:03:55,10.64,-0.01,31,32984,卖盘
740,14:03:49,10.65,0.01,10,10650,买盘
741,14:03:43,10.64,--,33,35112,卖盘
742,14:03:31,10.64,--,100,106400,卖盘
743,14:03:28,10.64,--,5,5320,卖盘
744,14:03:22,10.64,--,160,170623,卖盘
745,14:03:19,10.64,--,4,4936,卖盘
746,14:03:16,10.64,-0.01,191,203224,卖盘
747,14:03:13,10.65,--,543,578337,买盘
748,14:03:07,10.65,0.01,110,118172,买盘
749,14:03:01,10.64,--,10,10640,卖盘
750,14:02:49,10.64,-0.01,42,44688,卖盘
751,14:02:40,10.65,--,12,12780,买盘
752,14:02:34,10.65,0.01,3,3237,买盘
753,14:02:25,10.64,-0.01,74,79757,卖盘
754,14:02:22,10.65,--,50,53250,买盘
755,14:02:16,10.65,--,11,11757,买盘
756,14:02:13,10.65,0.01,434,463232,买盘
757,14:02:10,10.64,-0.01,12,12768,卖盘
758,14:02:07,10.65,--,37,39447,买盘
759,14:02:04,10.65,--,2,3152,买盘
760,14:02:01,10.65,--,767,816897,买盘
761,14:01:55,10.65,--,34,36210,买盘
762,14:01:49,10.65,--,54,58532,买盘
763,14:01:37,10.65,--,35,37317,买盘
764,14:01:28,10.65,0.01,0,1022,买盘
765,14:01:25,10.64,--,50,53200,卖盘
766,14:01:19,10.64,-0.02,32,34048,卖盘
767,14:01:13,10.66,0.02,314,334724,买盘
768,14:01:10,10.64,--,23,24514,买盘
769,14:01:07,10.64,--,402,428749,买盘
770,14:01:04,10.64,--,1335,1420482,买盘
771,14:01:01,10.64,--,90,95760,买盘
772,14:00:55,10.64,--,156,165984,买盘
773,14:00:52,10.64,--,228,243613,买盘
774,14:00:49,10.64,--,46,48944,卖盘
775,14:00:40,10.64,-0.02,390,414960,卖盘
776,14:00:34,10.66,0.02,141,150348,买盘
777,14:00:31,10.64,--,12,12768,买盘
778,14:00:28,10.64,--,1538,1636432,卖盘
779,14:00:16,10.64,0.01,1287,1370048,买盘
780,14:00:10,10.63,-0.01,518,550634,卖盘
781,14:00:07,10.64,--,182,193648,买盘
782,14:00:04,10.64,--,273,290472,买盘
783,14:00:01,10.64,0.01,2,2128,买盘
784,13:59:58,10.63,-0.01,115,122245,卖盘
785,13:59:55,10.64,--,70,74480,买盘
786,13:59:52,10.64,0.01,236,251104,买盘
787,13:59:49,10.63,-0.01,36,38268,卖盘
788,13:59:46,10.64,0.01,30,31920,买盘
789,13:59:40,10.63,--,41,43583,卖盘
790,13:59:34,10.63,-0.01,196,208348,卖盘
791,13:59:28,10.64,--,260,276640,买盘
792,13:59:25,10.64,--,29,30856,买盘
793,13:59:19,10.64,--,267,284088,买盘
794,13:59:13,10.64,0.01,420,446880,买盘
795,13:59:07,10.63,-0.01,126,133938,卖盘
796,13:59:04,10.64,0.01,174,185136,卖盘
797,13:59:01,10.63,--,212,225356,卖盘
798,13:58:55,10.63,--,343,364609,卖盘
799,13:58:52,10.63,--,183,194529,卖盘
800,13:58:49,10.63,-0.01,664,705832,卖盘
801,13:58:43,10.64,--,769,818216,卖盘
802,13:58:40,10.64,-0.01,57,60648,卖盘
803,13:58:37,10.65,--,634,675210,买盘
804,13:58:31,10.65,0.01,84,89460,买盘
805,13:58:28,10.64,--,102,108528,卖盘
806,13:58:25,10.64,--,49,52136,卖盘
807,13:58:22,10.64,--,349,371336,卖盘
808,13:58:16,10.64,--,57,60648,卖盘
809,13:58:13,10.64,--,541,575624,买盘
810,13:58:10,10.64,--,21,22344,买盘
811,13:58:04,10.64,--,231,245784,买盘
812,13:58:01,10.64,0.01,10,10640,中性盘
813,13:57:58,10.63,-0.01,160,170080,卖盘
814,13:57:52,10.64,--,175,186200,卖盘
815,13:57:49,10.64,0.01,254,270256,中性盘
816,13:57:43,10.63,-0.01,229,243427,卖盘
817,13:57:40,10.64,--,412,438368,买盘
818,13:57:37,10.64,--,77,81928,买盘
819,13:57:34,10.64,--,563,599032,卖盘
820,13:57:31,10.64,--,69,73416,卖盘
821,13:57:28,10.64,-0.01,236,251104,卖盘
822,13:57:25,10.65,0.01,106,112890,买盘
823,13:57:22,10.64,--,189,201096,卖盘
824,13:57:19,10.64,--,399,424536,卖盘
825,13:57:13,10.64,-0.01,217,230888,卖盘
826,13:57:10,10.65,0.01,103,109695,买盘
827,13:57:07,10.64,--,242,257488,卖盘
828,13:57:01,10.64,-0.01,414,440496,卖盘
829,13:56:55,10.65,0.01,169,179985,买盘
830,13:56:52,10.64,-0.01,1041,1107624,卖盘
831,13:56:49,10.65,0.01,40,42600,买盘
832,13:56:46,10.64,--,603,641592,卖盘
833,13:56:43,10.64,--,51,54264,卖盘
834,13:56:40,10.64,-0.01,1642,1747088,卖盘
835,13:56:37,10.65,-0.01,307,326955,卖盘
836,13:56:34,10.66,0.01,1228,1309048,买盘
837,13:56:28,10.65,-0.01,131,139515,卖盘
838,13:56:25,10.66,0.01,149,158834,买盘
839,13:56:22,10.65,--,112,119280,卖盘
840,13:56:19,10.65,--,327,348255,卖盘
841,13:56:16,10.65,--,43,45795,卖盘
842,13:56:13,10.65,--,475,505875,卖盘
843,13:56:10,10.65,--,70,74550,卖盘
844,13:56:07,10.65,--,74,78810,卖盘
845,13:56:04,10.65,--,92,97980,卖盘
846,13:56:01,10.65,--,50,53250,卖盘
847,13:55:58,10.65,--,32,34080,卖盘
848,13:55:55,10.65,--,130,138450,卖盘
849,13:55:52,10.65,--,121,128865,卖盘
850,13:55:46,10.65,-0.01,152,161880,卖盘
851,13:55:43,10.66,0.01,113,120458,买盘
852,13:55:40,10.65,--,107,113955,卖盘
853,13:55:37,10.65,--,140,149100,卖盘
854,13:55:34,10.65,--,274,291810,卖盘
855,13:55:28,10.65,--,141,150165,卖盘
856,13:55:25,10.65,--,68,72420,卖盘
857,13:55:22,10.65,--,97,103305,卖盘
858,13:55:19,10.65,--,155,165075,卖盘
859,13:55:16,10.65,--,139,148035,卖盘
860,13:55:13,10.65,--,240,255600,卖盘
861,13:55:10,10.65,--,127,135255,卖盘
862,13:55:07,10.65,-0.01,335,356775,卖盘
863,13:55:04,10.66,0.01,189,201474,买盘
864,13:55:01,10.65,--,445,473925,卖盘
865,13:54:58,10.65,--,619,659235,卖盘
866,13:54:52,10.65,--,301,320565,卖盘
867,13:54:49,10.65,--,345,367425,卖盘
868,13:54:46,10.65,--,563,599595,卖盘
869,13:54:43,10.65,-0.01,983,1046895,卖盘
870,13:54:37,10.66,--,31,33046,卖盘
871,13:54:34,10.66,--,2815,3000790,卖盘
872,13:54:28,10.66,--,4889,5211674,卖盘
873,13:54:25,10.66,--,107,114062,卖盘
874,13:54:19,10.66,--,91,97006,卖盘
875,13:54:16,10.66,--,87,92742,卖盘
876,13:54:13,10.66,--,97,103402,卖盘
877,13:54:10,10.66,--,189,201474,卖盘
878,13:54:07,10.66,--,187,199342,卖盘
879,13:54:04,10.66,--,335,357110,卖盘
880,13:54:01,10.66,--,57,60762,卖盘
881,13:53:58,10.66,--,665,708890,卖盘
882,13:53:52,10.66,--,550,586300,卖盘
883,13:53:49,10.66,--,163,173758,卖盘
884,13:53:46,10.66,--,5,5330,卖盘
885,13:53:43,10.66,--,328,349648,卖盘
886,13:53:37,10.66,-0.01,139,148174,卖盘
887,13:53:34,10.67,0.01,472,503624,买盘
888,13:53:28,10.66,--,148,157768,卖盘
889,13:53:25,10.66,--,305,325130,卖盘
890,13:53:19,10.66,--,161,171626,卖盘
891,13:53:16,10.66,--,125,133250,卖盘
892,13:53:13,10.66,--,298,317668,卖盘
893,13:53:10,10.66,--,176,187616,卖盘
894,13:53:07,10.66,-0.01,192,204672,卖盘
895,13:53:04,10.67,-0.01,460,490820,卖盘
896,13:53:01,10.68,0.01,552,589536,买盘
897,13:52:58,10.67,--,224,239008,卖盘
898,13:52:55,10.67,--,1646,1756282,卖盘
899,13:52:52,10.67,--,32,34144,卖盘
900,13:52:49,10.67,--,52,55484,卖盘
901,13:52:43,10.67,--,103,109901,卖盘
902,13:52:40,10.67,--,12,12804,卖盘
903,13:52:37,10.67,--,72,76824,卖盘
904,13:52:34,10.67,-0.01,50,53350,卖盘
905,13:52:31,10.68,0.01,103,110004,买盘
906,13:52:28,10.67,--,62,66154,卖盘
907,13:52:25,10.67,-0.01,64,68288,卖盘
908,13:52:19,10.68,0.01,121,129228,买盘
909,13:52:16,10.67,-0.01,34,36278,卖盘
910,13:52:13,10.68,0.01,1,1068,买盘
911,13:52:10,10.67,--,51,54417,卖盘
912,13:52:07,10.67,--,27,28809,卖盘
913,13:52:01,10.67,--,14,14938,卖盘
914,13:51:58,10.67,--,24,25608,卖盘
915,13:51:55,10.67,--,52,55484,卖盘
916,13:51:52,10.67,--,99,105633,卖盘
917,13:51:49,10.67,--,102,108834,卖盘
918,13:51:46,10.67,--,200,213400,卖盘
919,13:51:43,10.67,-0.01,303,323301,卖盘
920,13:51:40,10.68,0.01,593,633324,买盘
921,13:51:37,10.67,-0.02,902,962434,卖盘
922,13:51:34,10.69,0.01,194,207386,买盘
923,13:51:28,10.68,--,549,586332,卖盘
924,13:51:25,10.68,-0.01,51,54468,卖盘
925,13:51:22,10.69,0.01,1190,1272110,买盘
926,13:51:19,10.68,--,15,16020,卖盘
927,13:51:16,10.68,--,153,163404,卖盘
928,13:51:10,10.68,-0.01,45,48060,卖盘
929,13:51:07,10.69,0.01,181,193489,买盘
930,13:51:04,10.68,-0.01,25,26700,卖盘
931,13:51:01,10.69,0.01,148,158212,买盘
932,13:50:58,10.68,-0.01,72,76896,卖盘
933,13:50:52,10.69,--,188,200972,买盘
934,13:50:46,10.69,--,12,12828,买盘
935,13:50:43,10.69,0.01,18,19242,买盘
936,13:50:37,10.68,--,23,24564,卖盘
937,13:50:31,10.68,-0.01,70,74760,卖盘
938,13:50:25,10.69,--,159,169971,买盘
939,13:50:22,10.69,0.01,1,1069,中性盘
940,13:49:55,10.68,-0.01,21,22428,卖盘
941,13:49:49,10.69,0.01,63,67347,买盘
942,13:49:40,10.68,--,33,35244,卖盘
943,13:49:37,10.68,-0.01,13,13884,卖盘
944,13:49:34,10.69,0.01,100,106900,买盘
945,13:49:31,10.68,--,32,34176,卖盘
946,13:49:28,10.68,-0.01,5,5340,卖盘
947,13:49:22,10.69,0.01,17,18173,卖盘
948,13:49:19,10.68,-0.02,275,293700,卖盘
949,13:49:13,10.7,--,122,130539,买盘
950,13:49:10,10.7,0.02,123,131610,买盘
951,13:49:04,10.68,--,270,288360,卖盘
952,13:49:01,10.68,--,31,33108,卖盘
953,13:48:46,10.68,-0.01,255,272340,卖盘
954,13:48:43,10.69,-0.01,2,2138,卖盘
955,13:48:40,10.7,--,3,3210,买盘
956,13:48:28,10.7,--,71,75970,买盘
957,13:48:25,10.7,0.02,30,32099,买盘
958,13:48:18,10.68,--,101,107868,卖盘
959,13:48:12,10.68,-0.02,32,34176,卖盘
960,13:48:06,10.7,0.01,5,5350,买盘
961,13:48:00,10.69,-0.01,8,8552,卖盘
962,13:47:57,10.7,0.02,24,25680,买盘
963,13:47:51,10.68,--,222,237096,卖盘
964,13:47:45,10.68,-0.01,5,5340,卖盘
965,13:47:42,10.69,--,4,4276,买盘
966,13:47:36,10.69,--,1,1069,买盘
967,13:47:30,10.69,--,11,11759,买盘
968,13:47:27,10.69,0.01,38,40622,买盘
969,13:47:24,10.68,--,130,138840,卖盘
970,13:47:18,10.68,-0.02,31,33108,卖盘
971,13:47:15,10.7,0.02,298,318860,买盘
972,13:47:09,10.68,--,12,12816,卖盘
973,13:47:03,10.68,-0.02,1,1068,卖盘
974,13:47:00,10.7,--,510,545700,买盘
975,13:46:57,10.7,--,6,6420,买盘
976,13:46:48,10.7,--,130,139100,买盘
977,13:46:45,10.7,--,3,3210,买盘
978,13:46:18,10.7,0.02,149,159430,买盘
979,13:46:12,10.68,0.01,21,22428,买盘
980,13:46:03,10.67,-0.01,13,13871,卖盘
981,13:46:00,10.68,--,500,534000,买盘
982,13:45:54,10.68,-0.02,1455,1554281,卖盘
983,13:45:48,10.7,0.01,150,160500,买盘
984,13:45:45,10.69,--,10,10690,卖盘
985,13:45:42,10.69,--,5,5345,卖盘
986,13:45:33,10.69,-0.01,10,10690,卖盘
987,13:45:27,10.7,--,105,112349,买盘
988,13:45:24,10.7,0.01,343,367010,买盘
989,13:45:15,10.69,--,1,1069,买盘
990,13:45:12,10.69,--,42,44898,卖盘
991,13:45:09,10.69,--,5,5345,卖盘
992,13:45:06,10.69,-0.01,8,8552,卖盘
993,13:45:03,10.7,0.01,55,58849,买盘
994,13:45:00,10.69,--,100,106900,卖盘
995,13:44:57,10.69,-0.01,300,320700,卖盘
996,13:44:42,10.7,--,5,5350,买盘
997,13:44:39,10.7,--,36,38520,买盘
998,13:44:36,10.7,--,7,7489,买盘
999,13:44:30,10.7,--,107,114489,买盘
1000,13:44:24,10.7,--,10,10700,买盘
1001,13:44:12,10.7,0.01,9,9630,买盘
1002,13:44:06,10.69,-0.01,100,106900,卖盘
1003,13:44:03,10.7,0.01,457,488989,买盘
1004,13:43:57,10.69,--,6,6414,卖盘
1005,13:43:54,10.69,--,69,73761,卖盘
1006,13:43:48,10.69,-0.01,9,9621,卖盘
1007,13:43:42,10.7,0.01,2,2140,买盘
1008,13:43:36,10.69,--,5,5345,卖盘
1009,13:43:30,10.69,-0.01,1,1069,卖盘
1010,13:43:24,10.7,0.01,708,757560,买盘
1011,13:43:21,10.69,--,10,10690,卖盘
1012,13:43:18,10.69,-0.01,32,34208,中性盘
1013,13:43:06,10.7,--,129,138030,买盘
1014,13:43:03,10.7,0.02,438,468659,买盘
1015,13:43:00,10.68,--,544,580992,卖盘
1016,13:42:48,10.68,--,16,17088,卖盘
1017,13:42:45,10.68,-0.02,91,97188,卖盘
1018,13:42:42,10.7,0.02,1131,1210170,买盘
1019,13:42:30,10.68,--,46,50110,卖盘
1020,13:42:27,10.68,-0.02,533,569244,卖盘
1021,13:42:24,10.7,0.01,112,119839,买盘
1022,13:42:21,10.69,0.01,275,293975,买盘
1023,13:42:18,10.68,--,10,10680,卖盘
1024,13:42:06,10.68,--,20,21360,卖盘
1025,13:41:57,10.68,--,191,203988,卖盘
1026,13:41:51,10.68,--,7,7518,卖盘
1027,13:41:45,10.68,--,2,2136,卖盘
1028,13:41:36,10.68,--,10,10680,卖盘
1029,13:41:30,10.68,--,31,33108,卖盘
1030,13:41:18,10.68,-0.01,100,106800,卖盘
1031,13:41:15,10.69,--,370,395530,买盘
1032,13:41:12,10.69,--,41,43829,买盘
1033,13:41:09,10.69,--,10,10690,买盘
1034,13:41:03,10.69,0.01,103,110107,买盘
1035,13:41:00,10.68,--,157,167676,卖盘
1036,13:40:57,10.68,--,31,33108,卖盘
1037,13:40:45,10.68,--,16,17088,卖盘
1038,13:40:42,10.68,-0.01,82,87960,卖盘
1039,13:40:27,10.69,--,166,177454,买盘
1040,13:40:21,10.69,--,57,60933,买盘
1041,13:40:12,10.69,0.01,382,408358,买盘
1042,13:40:06,10.68,-0.01,40,42720,卖盘
1043,13:40:03,10.69,0.01,1,1069,买盘
1044,13:39:57,10.68,0.01,31,33492,买盘
1045,13:39:54,10.67,--,28,29876,卖盘
1046,13:39:42,10.67,-0.01,27,28809,卖盘
1047,13:39:39,10.68,--,11,11748,买盘
1048,13:39:33,10.68,--,37,39516,买盘
1049,13:39:27,10.68,--,10,10680,买盘
1050,13:39:24,10.68,--,100,106800,买盘
1051,13:39:21,10.68,--,110,117480,买盘
1052,13:39:18,10.68,--,26,27768,买盘
1053,13:39:15,10.68,--,53,56604,买盘
1054,13:39:12,10.68,--,122,130296,买盘
1055,13:39:09,10.68,0.01,390,416520,买盘
1056,13:39:06,10.67,--,2,2134,卖盘
1057,13:39:03,10.67,-0.01,6,6402,卖盘
1058,13:39:00,10.68,0.01,10,10680,买盘
1059,13:38:57,10.67,--,605,646303,买盘
1060,13:38:54,10.67,0.01,1105,1179035,买盘
1061,13:38:51,10.66,-0.01,149,158834,卖盘
1062,13:38:45,10.67,--,84,89628,买盘
1063,13:38:42,10.67,--,12,12804,买盘
1064,13:38:36,10.67,--,10,10670,买盘
1065,13:38:33,10.67,--,2336,2492810,卖盘
1066,13:38:30,10.67,-0.01,250,266750,卖盘
1067,13:38:27,10.68,--,136,145248,买盘
1068,13:38:24,10.68,0.01,107,114276,买盘
1069,13:38:21,10.67,--,67,71489,卖盘
1070,13:38:15,10.67,--,31,33077,卖盘
1071,13:38:12,10.67,-0.01,369,393723,卖盘
1072,13:38:06,10.68,0.01,108,115344,买盘
1073,13:38:03,10.67,--,20,21340,卖盘
1074,13:38:00,10.67,-0.01,83,88561,卖盘
1075,13:37:54,10.68,0.01,69,73692,买盘
1076,13:37:51,10.67,--,400,426800,卖盘
1077,13:37:48,10.67,--,8,8536,卖盘
1078,13:37:45,10.67,--,47,50149,卖盘
1079,13:37:39,10.67,--,173,184591,卖盘
1080,13:37:36,10.67,--,82,87878,卖盘
1081,13:37:27,10.67,-0.01,84,89628,卖盘
1082,13:37:24,10.68,0.01,81,86508,买盘
1083,13:37:15,10.67,-0.01,334,356378,卖盘
1084,13:37:06,10.68,--,82,87576,买盘
1085,13:37:03,10.68,--,713,762167,卖盘
1086,13:37:00,10.68,--,150,160200,卖盘
1087,13:36:57,10.68,--,65,69420,卖盘
1088,13:36:45,10.68,-0.01,295,315060,卖盘
1089,13:36:42,10.69,0.01,1017,1087173,买盘
1090,13:36:33,10.68,--,58,61944,卖盘
1091,13:36:27,10.68,--,20,21360,卖盘
1092,13:36:24,10.68,-0.01,63,67284,卖盘
1093,13:36:15,10.69,--,9,9621,买盘
1094,13:36:12,10.69,0.01,32,34208,买盘
1095,13:36:09,10.68,--,62,66216,卖盘
1096,13:36:03,10.68,--,58,61944,卖盘
1097,13:36:00,10.68,-0.01,97,103596,卖盘
1098,13:35:57,10.69,--,7,7483,买盘
1099,13:35:54,10.69,--,103,110107,买盘
1100,13:35:51,10.69,0.01,265,283285,买盘
1101,13:35:48,10.68,--,67,71556,卖盘
1102,13:35:39,10.68,--,67,71556,卖盘
1103,13:35:30,10.68,--,104,111072,卖盘
1104,13:35:24,10.68,--,31,33108,卖盘
1105,13:35:18,10.68,-0.01,531,567492,卖盘
1106,13:35:09,10.69,-0.01,28,30616,卖盘
1107,13:35:03,10.7,0.01,79,84530,买盘
1108,13:35:00,10.69,--,1,1069,卖盘
1109,13:34:54,10.69,-0.01,68,72692,卖盘
1110,13:34:51,10.7,0.01,103,110209,买盘
1111,13:34:48,10.69,--,100,106900,卖盘
1112,13:34:45,10.69,--,20,21380,卖盘
1113,13:34:42,10.69,--,212,226628,卖盘
1114,13:34:39,10.69,--,2,2822,卖盘
1115,13:34:36,10.69,--,25,26725,卖盘
1116,13:34:33,10.69,--,79,85220,卖盘
1117,13:34:27,10.69,-0.01,10,10690,卖盘
1118,13:34:24,10.7,--,530,567100,买盘
1119,13:34:21,10.7,0.01,8,8560,买盘
1120,13:34:15,10.69,--,5,5345,卖盘
1121,13:34:06,10.69,0.01,685,732265,买盘
1122,13:34:00,10.68,--,130,138840,卖盘
1123,13:33:57,10.68,--,9,9612,卖盘
1124,13:33:54,10.68,-0.01,59,63012,卖盘
1125,13:33:51,10.69,--,20,21380,买盘
1126,13:33:48,10.69,0.01,101,107969,买盘
1127,13:33:42,10.68,--,24,25632,卖盘
1128,13:33:39,10.68,--,5,5340,卖盘
1129,13:33:36,10.68,-0.01,18,19224,卖盘
1130,13:33:15,10.69,--,35,37415,买盘
1131,13:33:09,10.69,0.01,50,53450,买盘
1132,13:33:03,10.68,--,36,38448,卖盘
1133,13:32:51,10.68,-0.01,100,106800,卖盘
1134,13:32:48,10.69,--,103,110107,买盘
1135,13:32:45,10.69,--,10,10690,买盘
1136,13:32:42,10.69,--,20,21380,买盘
1137,13:32:39,10.69,--,23,24587,买盘
1138,13:32:33,10.69,--,10,10690,买盘
1139,13:32:30,10.69,--,175,187075,买盘
1140,13:32:12,10.69,-0.01,2,2138,中性盘
1141,13:32:03,10.7,--,19,20330,买盘
1142,13:32:00,10.7,--,355,379850,买盘
1143,13:31:54,10.7,--,85,90950,买盘
1144,13:31:42,10.7,--,108,115559,买盘
1145,13:31:39,10.7,0.03,56,59919,买盘
1146,13:31:33,10.67,-0.03,313,333971,卖盘
1147,13:31:30,10.7,--,508,543945,买盘
1148,13:31:27,10.7,--,56,59919,买盘
1149,13:31:24,10.7,0.01,320,342400,买盘
1150,13:31:21,10.69,--,557,595433,买盘
1151,13:31:18,10.69,--,5,5345,买盘
1152,13:31:12,10.69,0.01,2195,2346455,买盘
1153,13:31:06,10.68,-0.01,2,2136,卖盘
1154,13:31:03,10.69,--,500,534500,买盘
1155,13:30:54,10.69,--,150,160350,买盘
1156,13:30:51,10.69,--,7,7483,买盘
1157,13:30:48,10.69,--,2,2138,买盘
1158,13:30:45,10.69,--,70,74830,买盘
1159,13:30:39,10.69,0.01,365,390185,买盘
1160,13:30:33,10.68,-0.01,45,48060,卖盘
1161,13:30:30,10.69,0.01,53,56657,买盘
1162,13:30:21,10.68,--,200,213600,卖盘
1163,13:30:18,10.68,--,130,138840,卖盘
1164,13:30:15,10.68,--,419,447492,卖盘
1165,13:30:12,10.68,--,40,42720,卖盘
1166,13:30:09,10.68,-0.01,31,33108,卖盘
1167,13:30:03,10.69,--,280,299320,买盘
1168,13:29:57,10.69,--,530,566570,买盘
1169,13:29:48,10.69,--,826,882994,卖盘
1170,13:29:42,10.69,-0.01,45,48105,卖盘
1171,13:29:39,10.7,0.01,101,108070,买盘
1172,13:29:36,10.69,--,17,18173,卖盘
1173,13:29:30,10.69,--,31,33139,卖盘
1174,13:29:24,10.69,--,7,7483,卖盘
1175,13:29:18,10.69,-0.01,22,23518,卖盘
1176,13:29:06,10.7,--,1709,1828993,卖盘
1177,13:29:00,10.7,--,5,5350,卖盘
1178,13:28:57,10.7,-0.01,178,190460,卖盘
1179,13:28:54,10.71,0.01,3,3213,买盘
1180,13:28:51,10.7,--,77,82390,卖盘
1181,13:28:45,10.7,-0.01,10,10700,卖盘
1182,13:28:42,10.71,--,67,71757,买盘
1183,13:28:36,10.71,0.01,117,125307,买盘
1184,13:28:33,10.7,--,379,405637,卖盘
1185,13:28:27,10.7,--,74,79458,卖盘
1186,13:28:24,10.7,--,240,256799,卖盘
1187,13:28:18,10.7,--,35,37450,卖盘
1188,13:28:15,10.7,--,115,124098,卖盘
1189,13:28:12,10.7,-0.01,610,652700,卖盘
1190,13:28:06,10.71,0.01,9,9639,买盘
1191,13:28:03,10.7,--,38,40660,卖盘
1192,13:28:00,10.7,--,50,53500,卖盘
1193,13:27:54,10.7,--,50,53500,卖盘
1194,13:27:51,10.7,--,39,41730,卖盘
1195,13:27:45,10.7,--,2,2140,卖盘
1196,13:27:39,10.7,-0.01,97,103790,卖盘
1197,13:27:36,10.71,0.01,202,216342,买盘
1198,13:27:33,10.7,--,366,391620,卖盘
1199,13:27:30,10.7,-0.01,7,7489,卖盘
1200,13:27:27,10.71,--,10,10710,买盘
1201,13:27:08,10.71,--,10,10710,买盘
1202,13:27:05,10.71,--,69,73899,买盘
1203,13:26:59,10.71,--,184,197064,卖盘
1204,13:26:56,10.71,--,373,399483,卖盘
1205,13:26:53,10.71,-0.01,5,5355,卖盘
1206,13:26:50,10.72,0.01,1,1072,买盘
1207,13:26:47,10.71,--,103,110313,卖盘
1208,13:26:44,10.71,--,132,141372,卖盘
1209,13:26:41,10.71,-0.01,44,47809,卖盘
1210,13:26:32,10.72,0.01,15,16080,买盘
1211,13:26:29,10.71,--,203,217413,卖盘
1212,13:26:26,10.71,-0.01,8,8568,卖盘
1213,13:26:23,10.72,0.01,505,541360,买盘
1214,13:26:17,10.71,-0.01,51,54621,卖盘
1215,13:26:14,10.72,--,123,131856,买盘
1216,13:26:11,10.72,0.01,14,15008,买盘
1217,13:26:08,10.71,--,94,100674,卖盘
1218,13:26:05,10.71,-0.01,234,250614,卖盘
1219,13:25:59,10.72,--,1,1072,买盘
1220,13:25:53,10.72,0.01,62,66464,买盘
1221,13:25:50,10.71,--,38,40698,卖盘
1222,13:25:44,10.71,--,15,16065,卖盘
1223,13:25:41,10.71,--,10,10710,卖盘
1224,13:25:38,10.71,--,7,7882,买盘
1225,13:25:35,10.71,0.01,461,493731,买盘
1226,13:25:26,10.7,-0.01,1,1070,卖盘
1227,13:25:23,10.71,0.01,505,541390,买盘
1228,13:25:20,10.7,-0.01,78,84380,卖盘
1229,13:25:17,10.71,--,15,16065,买盘
1230,13:25:14,10.71,--,103,110313,买盘
1231,13:25:08,10.71,--,21,22491,买盘
1232,13:25:05,10.71,--,1,1071,买盘
1233,13:25:02,10.71,0.01,30,32130,买盘
1234,13:24:56,10.7,-0.01,83,88810,卖盘
1235,13:24:50,10.71,--,470,503541,卖盘
1236,13:24:47,10.71,--,46,49266,卖盘
1237,13:24:44,10.71,-0.01,3,3213,卖盘
1238,13:24:35,10.72,0.01,22,23584,买盘
1239,13:24:29,10.71,--,200,214200,卖盘
1240,13:24:26,10.71,-0.01,285,305235,卖盘
1241,13:24:23,10.72,0.01,2,2144,买盘
1242,13:24:17,10.71,--,56,59976,卖盘
1243,13:24:11,10.71,-0.01,54,57834,卖盘
1244,13:24:08,10.72,--,126,135072,买盘
1245,13:24:05,10.72,0.01,281,301232,买盘
1246,13:23:59,10.71,--,65,70514,买盘
1247,13:23:56,10.71,--,143,153838,卖盘
1248,13:23:53,10.71,-0.01,44,47124,卖盘
1249,13:23:50,10.72,--,31,33232,买盘
1250,13:23:41,10.72,0.01,200,214400,买盘
1251,13:23:35,10.71,--,31,33201,卖盘
1252,13:23:32,10.71,--,170,182070,卖盘
1253,13:23:26,10.71,--,202,216342,卖盘
1254,13:23:23,10.71,--,1,1071,卖盘
1255,13:23:20,10.71,-0.01,15,16065,卖盘
1256,13:23:17,10.72,0.01,45,48240,买盘
1257,13:23:14,10.71,--,85,91035,卖盘
1258,13:23:08,10.71,--,16,17136,卖盘
1259,13:23:05,10.71,-0.01,192,205632,卖盘
1260,13:23:02,10.72,0.01,34,36448,买盘
1261,13:22:50,10.71,-0.01,18,19278,卖盘
1262,13:22:47,10.72,0.01,70,75040,买盘
1263,13:22:41,10.71,--,39,41769,卖盘
1264,13:22:38,10.71,--,289,309904,买盘
1265,13:22:32,10.71,--,75,80325,买盘
1266,13:22:29,10.71,--,200,214200,买盘
1267,13:22:26,10.71,0.01,52,55692,买盘
1268,13:22:20,10.7,--,6,6933,卖盘
1269,13:22:17,10.7,--,75,81191,卖盘
1270,13:22:11,10.7,-0.01,44,47080,卖盘
1271,13:22:05,10.71,--,495,530145,买盘
1272,13:21:59,10.71,--,53,56763,买盘
1273,13:21:56,10.71,0.01,22,23562,买盘
1274,13:21:50,10.7,-0.01,21,22470,卖盘
1275,13:21:41,10.71,0.01,50,53550,买盘
1276,13:21:32,10.7,-0.01,32,34240,卖盘
1277,13:21:23,10.71,--,20,21420,买盘
1278,13:21:17,10.71,--,15,16065,买盘
1279,13:21:08,10.71,--,2,2142,买盘
1280,13:21:05,10.71,-0.01,5,6040,卖盘
1281,13:21:02,10.72,0.01,22,23969,买盘
1282,13:20:59,10.71,--,339,363754,卖盘
1283,13:20:56,10.71,--,20,21420,卖盘
1284,13:20:53,10.71,-0.01,26,27846,卖盘
1285,13:20:50,10.72,0.01,4,4288,买盘
1286,13:20:47,10.71,--,103,110313,卖盘
1287,13:20:44,10.71,-0.01,100,107100,卖盘
1288,13:20:41,10.72,0.01,208,222976,买盘
1289,13:20:38,10.71,--,5,5355,卖盘
1290,13:20:32,10.71,--,20,21420,卖盘
1291,13:20:29,10.71,--,84,89964,卖盘
1292,13:20:17,10.71,--,40,42840,卖盘
1293,13:20:14,10.71,--,1041,1115296,买盘
1294,13:20:08,10.71,0.01,403,431613,买盘
1295,13:20:05,10.7,-0.01,508,543560,卖盘
1296,13:19:59,10.71,0.01,104,111384,买盘
1297,13:19:56,10.7,-0.01,13,13909,卖盘
1298,13:19:53,10.71,--,79,84609,买盘
1299,13:19:50,10.71,--,106,113526,买盘
1300,13:19:47,10.71,--,10,10710,买盘
1301,13:19:44,10.71,--,101,108171,买盘
1302,13:19:41,10.71,--,13,13923,买盘
1303,13:19:35,10.71,--,4,4284,买盘
1304,13:19:32,10.71,--,1,1071,买盘
1305,13:19:29,10.71,--,262,281287,卖盘
1306,13:19:26,10.71,--,94,101059,买盘
1307,13:19:23,10.71,--,5,6040,卖盘
1308,13:19:20,10.71,--,10,10710,卖盘
1309,13:19:17,10.71,-0.01,152,163177,卖盘
1310,13:19:14,10.72,0.01,1,1072,买盘
1311,13:19:08,10.71,-0.01,44,47124,卖盘
1312,13:19:05,10.72,0.01,35,37520,买盘
1313,13:19:02,10.71,--,401,429471,买盘
1314,13:18:59,10.71,-0.01,119,127449,买盘
1315,13:18:50,10.72,0.01,265,284080,买盘
1316,13:18:47,10.71,--,89,95319,买盘
1317,13:18:44,10.71,--,158,169218,买盘
1318,13:18:41,10.71,--,2,2142,买盘
1319,13:18:38,10.71,--,15,16065,买盘
1320,13:18:35,10.71,--,423,453033,卖盘
1321,13:18:32,10.71,--,281,300951,卖盘
1322,13:18:26,10.71,--,2,2142,卖盘
1323,13:18:23,10.71,-0.01,30,32130,卖盘
1324,13:18:20,10.72,0.02,119,127568,买盘
1325,13:18:14,10.7,--,101,108070,卖盘
1326,13:18:11,10.7,-0.01,46,49220,卖盘
1327,13:18:08,10.71,0.01,10,10710,中性盘
1328,13:18:02,10.7,-0.01,340,363800,卖盘
1329,13:17:56,10.71,--,201,215271,中性盘
1330,13:17:53,10.71,-0.01,138,147798,中性盘
1331,13:17:50,10.72,0.02,1440,1543680,买盘
1332,13:17:47,10.7,--,2,2140,卖盘
1333,13:17:38,10.7,--,810,866700,卖盘
1334,13:17:35,10.7,-0.01,20,21400,卖盘
1335,13:17:32,10.71,--,38,40698,买盘
1336,13:17:26,10.71,0.01,614,657594,买盘
1337,13:17:23,10.7,-0.01,13,13909,卖盘
1338,13:17:20,10.71,--,3,3213,买盘
1339,13:17:14,10.71,--,500,535500,买盘
1340,13:17:08,10.71,0.01,270,289170,买盘
1341,13:17:02,10.7,-0.01,31,33170,卖盘
1342,13:16:56,10.71,0.01,1,1071,买盘
1343,13:16:47,10.7,-0.01,195,208650,卖盘
1344,13:16:44,10.71,0.01,90,96390,买盘
1345,13:16:41,10.7,--,50,53500,卖盘
1346,13:16:35,10.7,-0.01,100,107000,卖盘
1347,13:16:32,10.71,--,27,28917,买盘
1348,13:16:29,10.71,0.01,10,10710,买盘
1349,13:16:26,10.7,--,29,31029,卖盘
1350,13:16:23,10.7,--,383,410452,卖盘
1351,13:16:17,10.7,0.01,1279,1368530,买盘
1352,13:16:14,10.69,-0.01,82,88042,卖盘
1353,13:16:08,10.7,--,11,11770,买盘
1354,13:16:05,10.7,--,247,264290,卖盘
1355,13:16:02,10.7,--,150,160500,卖盘
1356,13:15:59,10.7,--,10,10700,卖盘
1357,13:15:50,10.7,-0.01,250,267500,卖盘
1358,13:15:47,10.71,0.03,209,223839,买盘
1359,13:15:41,10.68,-0.01,1774,1894632,卖盘
1360,13:15:38,10.69,-0.02,228,243732,卖盘
1361,13:15:35,10.71,0.01,272,291312,买盘
1362,13:15:32,10.7,--,28,29959,卖盘
1363,13:15:29,10.7,--,27,28889,卖盘
1364,13:15:26,10.7,--,972,1040039,买盘
1365,13:15:23,10.7,--,1,1070,买盘
1366,13:15:20,10.7,--,7,7489,买盘
1367,13:15:17,10.7,--,6,6420,买盘
1368,13:15:11,10.7,--,29,31029,卖盘
1369,13:15:05,10.7,--,105,112349,买盘
1370,13:14:59,10.7,0.01,31,33170,买盘
1371,13:14:53,10.69,-0.01,46,49174,卖盘
1372,13:14:44,10.7,--,116,124119,买盘
1373,13:14:38,10.7,0.01,122,130539,中性盘
1374,13:14:32,10.69,-0.01,87,93003,卖盘
1375,13:14:26,10.7,--,18,19260,卖盘
1376,13:14:23,10.7,-0.01,134,143380,卖盘
1377,13:14:20,10.71,0.01,28,29988,买盘
1378,13:14:17,10.7,--,376,402320,买盘
1379,13:14:11,10.7,--,23,24610,买盘
1380,13:14:08,10.7,--,19,20330,买盘
1381,13:14:05,10.7,--,548,586360,买盘
1382,13:14:02,10.7,--,9,9630,买盘
1383,13:13:59,10.7,0.01,11,11919,买盘
1384,13:13:50,10.69,-0.01,30,32070,卖盘
1385,13:13:47,10.7,--,3,3210,买盘
1386,13:13:38,10.7,--,110,117699,买盘
1387,13:13:35,10.7,--,113,120909,买盘
1388,13:13:32,10.7,-0.01,27,28889,中性盘
1389,13:13:20,10.71,0.01,1337,1431927,买盘
1390,13:13:11,10.7,--,10,10700,卖盘
1391,13:13:08,10.7,--,102,109525,卖盘
1392,13:13:02,10.7,--,141,150870,卖盘
1393,13:12:59,10.7,--,130,139100,卖盘
1394,13:12:53,10.7,--,47,50290,卖盘
1395,13:12:50,10.7,--,70,74900,卖盘
1396,13:12:47,10.7,-0.01,32,34240,卖盘
1397,13:12:44,10.71,0.01,2,2142,买盘
1398,13:12:41,10.7,--,25,26750,卖盘
1399,13:12:38,10.7,--,29,31029,卖盘
1400,13:12:35,10.7,-0.01,10,10700,卖盘
1401,13:12:32,10.71,0.01,174,186354,买盘
1402,13:12:26,10.7,--,1057,1131161,买盘
1403,13:12:23,10.7,--,10,10700,买盘
1404,13:12:20,10.7,--,5,5350,买盘
1405,13:12:14,10.7,--,2,2140,买盘
1406,13:12:11,10.7,--,72,77040,买盘
1407,13:12:05,10.7,--,934,999379,买盘
1408,13:12:02,10.7,--,33,35310,买盘
1409,13:11:59,10.7,--,115,123049,买盘
1410,13:11:56,10.7,-0.01,315,337948,卖盘
1411,13:11:53,10.71,0.01,585,626535,买盘
1412,13:11:50,10.7,-0.01,30,32099,卖盘
1413,13:11:47,10.71,--,1232,1319472,买盘
1414,13:11:44,10.71,0.01,47,50337,买盘
1415,13:11:41,10.7,-0.01,48,51360,卖盘
1416,13:11:32,10.71,--,69,73899,买盘
1417,13:11:29,10.71,0.01,113,121023,买盘
1418,13:11:23,10.7,-0.01,65,69550,卖盘
1419,13:11:20,10.71,0.01,6,6426,买盘
1420,13:11:17,10.7,--,858,918231,买盘
1421,13:11:14,10.7,--,209,223629,买盘
1422,13:11:08,10.7,--,567,607524,买盘
1423,13:11:05,10.7,--,12,12840,买盘
1424,13:11:02,10.7,--,32,34240,买盘
1425,13:10:59,10.7,--,161,172270,买盘
1426,13:10:56,10.7,0.01,100,107000,买盘
1427,13:10:47,10.69,--,21,22449,卖盘
1428,13:10:41,10.69,-0.01,77,82313,卖盘
1429,13:10:38,10.7,--,95,101650,买盘
1430,13:10:35,10.7,--,367,392690,买盘
1431,13:10:32,10.7,--,64,68480,买盘
1432,13:10:29,10.7,--,246,263220,买盘
1433,13:10:26,10.7,--,103,110209,买盘
1434,13:10:23,10.7,0.01,1,1070,买盘
1435,13:10:20,10.69,-0.01,72,76968,卖盘
1436,13:10:11,10.7,--,18,20116,买盘
1437,13:10:05,10.7,0.01,84,90479,买盘
1438,13:09:59,10.69,-0.01,32,34208,卖盘
1439,13:09:53,10.7,--,490,524300,买盘
1440,13:09:50,10.7,--,37,39590,买盘
1441,13:09:44,10.7,0.01,25,26750,买盘
1442,13:09:38,10.69,-0.01,5,5345,卖盘
1443,13:09:35,10.7,--,2,2140,买盘
1444,13:09:32,10.7,--,36,38520,买盘
1445,13:09:29,10.7,--,3,3210,买盘
1446,13:09:23,10.7,--,120,128399,买盘
1447,13:09:20,10.7,0.01,355,379850,买盘
1448,13:09:17,10.69,-0.01,10,10690,卖盘
1449,13:09:02,10.7,--,11,11770,买盘
1450,13:08:59,10.7,--,20,21400,买盘
1451,13:08:50,10.7,0.01,1095,1171650,买盘
1452,13:08:44,10.69,--,1,1453,买盘
1453,13:08:35,10.69,0.01,42,44898,买盘
1454,13:08:32,10.68,--,34,36312,卖盘
1455,13:08:29,10.68,-0.01,448,479147,卖盘
1456,13:08:26,10.69,--,40,42760,卖盘
1457,13:08:23,10.69,--,13,13897,卖盘
1458,13:08:20,10.69,-0.01,210,224490,卖盘
1459,13:08:14,10.7,0.01,143,153010,买盘
1460,13:08:08,10.69,--,99,105831,卖盘
1461,13:08:02,10.69,--,317,339257,买盘
1462,13:07:50,10.69,--,85,91549,卖盘
1463,13:07:41,10.69,--,30,32070,卖盘
1464,13:07:38,10.69,--,315,336735,卖盘
1465,13:07:32,10.69,--,152,162488,卖盘
1466,13:07:26,10.69,--,30,32070,卖盘
1467,13:07:23,10.69,--,113,120797,卖盘
1468,13:07:20,10.69,-0.01,144,153936,卖盘
1469,13:07:17,10.7,0.01,3,3210,买盘
1470,13:07:14,10.69,-0.01,20,21380,卖盘
1471,13:07:11,10.7,--,122,130539,买盘
1472,13:07:08,10.7,--,6,6420,买盘
1473,13:07:05,10.7,--,55,58849,买盘
1474,13:07:02,10.7,0.01,247,264675,买盘
1475,13:06:59,10.69,--,10,10690,卖盘
1476,13:06:50,10.69,--,11,11759,卖盘
1477,13:06:44,10.69,--,12,12828,卖盘
1478,13:06:41,10.69,-0.01,50,53450,卖盘
1479,13:06:31,10.7,--,3,3210,买盘
1480,13:06:28,10.7,--,1,1070,买盘
1481,13:06:19,10.7,0.01,111,118769,买盘
1482,13:06:16,10.69,-0.01,284,303596,卖盘
1483,13:06:13,10.7,0.01,110,117699,买盘
1484,13:06:10,10.69,--,566,605054,买盘
1485,13:06:07,10.69,--,108,115452,买盘
1486,13:06:01,10.69,--,221,236249,买盘
1487,13:05:40,10.69,-0.01,9,9621,买盘
1488,13:05:37,10.7,--,109,116629,买盘
1489,13:05:34,10.7,--,129,138030,买盘
1490,13:05:31,10.7,--,125,133750,买盘
1491,13:05:28,10.7,--,340,363800,买盘
1492,13:05:22,10.7,0.01,265,283550,买盘
1493,13:05:13,10.69,--,31,33139,卖盘
1494,13:05:10,10.69,-0.01,26,27794,卖盘
1495,13:05:07,10.7,0.01,1,1070,买盘
1496,13:05:04,10.69,-0.01,120,128280,卖盘
1497,13:05:01,10.7,--,103,110209,买盘
1498,13:04:58,10.7,0.01,1,1070,买盘
1499,13:04:52,10.69,0.01,20,21380,卖盘
1500,13:04:49,10.68,-0.01,56,59808,卖盘
1501,13:04:46,10.69,--,449,479981,卖盘
1502,13:04:40,10.69,--,50,53450,卖盘
1503,13:04:34,10.69,--,74,79106,卖盘
1504,13:04:31,10.69,--,9,9621,卖盘
1505,13:04:28,10.69,--,2,2138,卖盘
1506,13:04:22,10.69,--,54,57726,卖盘
1507,13:04:19,10.69,-0.01,8,8552,卖盘
1508,13:04:13,10.7,0.01,1,1070,买盘
1509,13:04:10,10.69,-0.01,86,91934,卖盘
1510,13:04:07,10.7,0.01,13,13909,买盘
1511,13:04:04,10.69,--,69,73761,买盘
1512,13:04:01,10.69,-0.01,8,8552,买盘
1513,13:03:58,10.7,0.01,110,118598,买盘
1514,13:03:55,10.69,--,178,190837,买盘
1515,13:03:52,10.69,--,10,10690,买盘
1516,13:03:46,10.69,0.01,10,10690,买盘
1517,13:03:37,10.68,--,7,7476,卖盘
1518,13:03:34,10.68,--,40,42720,卖盘
1519,13:03:31,10.68,-0.01,32,34176,卖盘
1520,13:03:25,10.69,--,128,136832,买盘
1521,13:03:22,10.69,0.01,221,236249,买盘
1522,13:03:19,10.68,--,55,58740,卖盘
1523,13:03:16,10.68,-0.01,5,5340,卖盘
1524,13:03:10,10.69,--,220,235180,买盘
1525,13:03:04,10.69,0.01,1,1069,买盘
1526,13:02:52,10.68,--,613,654684,卖盘
1527,13:02:49,10.68,-0.01,3,3204,卖盘
1528,13:02:46,10.69,0.01,7,7483,买盘
1529,13:02:37,10.68,--,296,316128,卖盘
1530,13:02:34,10.68,--,32,34176,卖盘
1531,13:02:31,10.68,-0.01,9,9612,卖盘
1532,13:02:28,10.69,--,1,1069,买盘
1533,13:02:25,10.69,0.01,2,2138,买盘
1534,13:02:22,10.68,-0.01,3,3204,卖盘
1535,13:02:19,10.69,0.01,378,404082,买盘
1536,13:02:16,10.68,-0.01,1,1068,卖盘
1537,13:02:07,10.69,0.01,50,53450,买盘
1538,13:01:58,10.68,-0.01,50,53400,卖盘
1539,13:01:55,10.69,--,151,161419,买盘
1540,13:01:49,10.69,--,89,95141,买盘
1541,13:01:46,10.69,--,14,14966,买盘
1542,13:01:43,10.69,0.01,102,109038,买盘
1543,13:01:37,10.68,-0.01,10,10680,卖盘
1544,13:01:34,10.69,0.01,80,85520,买盘
1545,13:01:31,10.68,-0.01,10,10680,卖盘
1546,13:01:22,10.69,--,1,1069,买盘
1547,13:01:16,10.69,--,101,107969,买盘
1548,13:01:07,10.69,0.01,106,113314,买盘
1549,13:01:04,10.68,-0.01,22,23496,卖盘
1550,13:01:01,10.69,--,13,13897,买盘
1551,13:00:55,10.69,0.01,16,17852,买盘
1552,13:00:49,10.68,-0.01,75,80804,卖盘
1553,13:00:46,10.69,--,13,13897,买盘
1554,13:00:43,10.69,--,10,10690,买盘
1555,13:00:40,10.69,--,149,159281,买盘
1556,13:00:37,10.69,--,53,56657,买盘
1557,13:00:31,10.69,--,8,8552,买盘
1558,13:00:28,10.69,--,1177,1258213,买盘
1559,13:00:19,10.69,--,10,10690,买盘
1560,13:00:16,10.69,0.01,1098,1173762,买盘
1561,13:00:10,10.68,--,4,4272,卖盘
1562,13:00:07,10.68,--,115,122820,卖盘
1563,13:00:04,10.68,--,2114,2258179,买盘
1564,11:30:05,10.68,--,200,213600,买盘
1565,11:29:59,10.68,--,190,202920,买盘
1566,11:29:56,10.68,--,3,3204,买盘
1567,11:29:50,10.68,--,107,114276,买盘
1568,11:29:47,10.68,0.01,110,117480,买盘
1569,11:29:44,10.67,-0.01,106,113102,卖盘
1570,11:29:41,10.68,--,5,5340,买盘
1571,11:29:29,10.68,--,5,5340,买盘
1572,11:29:23,10.68,--,3,3204,买盘
1573,11:29:20,10.68,--,156,166608,买盘
1574,11:29:14,10.68,--,244,260592,买盘
1575,11:29:08,10.68,--,4,4272,买盘
1576,11:29:05,10.68,--,20,21360,买盘
1577,11:28:53,10.68,0.01,1,1068,买盘
1578,11:28:50,10.67,-0.01,31,33077,卖盘
1579,11:28:47,10.68,--,1,1068,买盘
1580,11:28:41,10.68,0.01,1,1068,买盘
1581,11:28:38,10.67,-0.01,23,24541,卖盘
1582,11:28:35,10.68,0.01,107,114276,买盘
1583,11:28:26,10.67,--,18,19206,卖盘
1584,11:28:23,10.67,--,40,42680,卖盘
1585,11:28:17,10.67,-0.01,53,56551,卖盘
1586,11:28:11,10.68,--,7,7476,买盘
1587,11:28:08,10.68,--,1,1068,买盘
1588,11:28:02,10.68,--,5,5340,买盘
1589,11:27:59,10.68,0.01,110,117480,买盘
1590,11:27:56,10.67,-0.01,500,533500,卖盘
1591,11:27:53,10.68,0.01,8,8544,买盘
1592,11:27:47,10.67,--,41,44707,卖盘
1593,11:27:44,10.67,-0.01,80,85850,卖盘
1594,11:27:41,10.68,--,906,967608,买盘
1595,11:27:38,10.68,--,58,61944,买盘
1596,11:27:32,10.68,--,206,220008,买盘
1597,11:27:20,10.68,0.01,11,11748,买盘
1598,11:27:08,10.67,--,56,59752,卖盘
1599,11:26:53,10.67,-0.01,122,130174,卖盘
1600,11:26:50,10.68,--,6,6408,买盘
1601,11:26:47,10.68,0.01,2,2136,买盘
1602,11:26:41,10.67,--,41,43747,卖盘
1603,11:26:29,10.67,-0.01,200,213400,卖盘
1604,11:26:26,10.68,--,107,114276,买盘
1605,11:26:23,10.68,0.01,22,23496,买盘
1606,11:26:20,10.67,-0.01,24,25608,卖盘
1607,11:26:14,10.68,--,58,61944,买盘
1608,11:26:08,10.68,0.01,76,81168,买盘
1609,11:26:05,10.67,--,10,10670,卖盘
1610,11:26:02,10.67,-0.01,52,55484,卖盘
1611,11:25:56,10.68,--,73,77964,买盘
1612,11:25:53,10.68,--,9,9612,买盘
1613,11:25:50,10.68,--,102,108936,买盘
1614,11:25:47,10.68,0.01,31,33108,买盘
1615,11:25:44,10.67,--,69,74348,买盘
1616,11:25:38,10.67,--,81,86427,买盘
1617,11:25:35,10.67,0.01,44,46948,买盘
1618,11:25:29,10.66,--,593,632138,卖盘
1619,11:25:26,10.66,-0.01,20,21320,卖盘
1620,11:25:23,10.67,--,77,82159,买盘
1621,11:25:20,10.67,0.01,200,213400,买盘
1622,11:25:17,10.66,-0.01,46,49036,卖盘
1623,11:25:14,10.67,0.01,30,32010,买盘
1624,11:25:11,10.66,-0.01,107,114062,卖盘
1625,11:25:05,10.67,0.01,52,55484,买盘
1626,11:24:56,10.66,-0.01,52,55432,卖盘
1627,11:24:47,10.67,--,112,119504,买盘
1628,11:24:44,10.67,--,708,755777,卖盘
1629,11:24:41,10.67,--,82,87878,卖盘
1630,11:24:35,10.67,-0.01,17,18139,卖盘
1631,11:24:20,10.68,0.01,10,10680,买盘
1632,11:24:08,10.67,--,10,10670,卖盘
1633,11:24:02,10.67,-0.01,14,14938,卖盘
1634,11:23:56,10.68,--,1,1068,买盘
1635,11:23:50,10.68,0.01,545,582401,买盘
1636,11:23:47,10.67,--,14,14938,卖盘
1637,11:23:44,10.67,-0.01,20,21340,卖盘
1638,11:23:41,10.68,--,103,110004,买盘
1639,11:23:35,10.68,--,20,21360,买盘
1640,11:23:29,10.68,0.01,19,20292,买盘
1641,11:23:26,10.67,-0.01,4,4268,卖盘
1642,11:23:23,10.68,0.01,107,114276,买盘
1643,11:23:20,10.67,-0.01,8,8536,卖盘
1644,11:23:17,10.68,0.01,54,57672,买盘
1645,11:23:14,10.67,--,15,16005,卖盘
1646,11:22:59,10.67,0.01,204,217668,买盘
1647,11:22:53,10.66,-0.01,1,1066,卖盘
1648,11:22:50,10.67,--,22,23474,卖盘
1649,11:22:47,10.67,--,510,544170,卖盘
1650,11:22:44,10.67,-0.01,3,3201,卖盘
1651,11:22:35,10.68,0.01,119,127092,买盘
1652,11:22:32,10.67,--,503,536701,卖盘
1653,11:22:29,10.67,--,5,5335,卖盘
1654,11:22:17,10.67,--,1,1067,卖盘
1655,11:22:14,10.67,-0.01,46,49082,卖盘
1656,11:22:11,10.68,--,1,1068,买盘
1657,11:22:05,10.68,0.01,50,53400,买盘
1658,11:22:02,10.67,--,3,3201,卖盘
1659,11:21:59,10.67,--,76,81092,买盘
1660,11:21:53,10.67,--,11,11737,买盘
1661,11:21:50,10.67,--,17,18779,卖盘
1662,11:21:47,10.67,-0.01,536,571912,卖盘
1663,11:21:44,10.68,--,40,42720,买盘
1664,11:21:41,10.68,0.01,317,339303,买盘
1665,11:21:38,10.67,--,129,138347,卖盘
1666,11:21:32,10.67,-0.01,68,72556,卖盘
1667,11:21:29,10.68,0.01,103,110004,买盘
1668,11:21:26,10.67,--,50,53350,卖盘
1669,11:21:20,10.67,--,2,2134,卖盘
1670,11:21:16,10.67,--,45,48015,卖盘
1671,11:21:13,10.67,--,68,72556,卖盘
1672,11:21:07,10.67,--,100,106700,卖盘
1673,11:21:01,10.67,--,501,534567,卖盘
1674,11:20:52,10.67,--,9,9603,卖盘
1675,11:20:49,10.67,--,134,142978,卖盘
1676,11:20:46,10.67,-0.01,10,10670,卖盘
1677,11:20:43,10.68,0.01,20,21360,买盘
1678,11:20:40,10.67,--,7,7469,卖盘
1679,11:20:37,10.67,--,47,50405,卖盘
1680,11:20:31,10.67,--,15,16005,卖盘
1681,11:20:28,10.67,--,110,117370,卖盘
1682,11:20:22,10.67,--,78,83226,卖盘
1683,11:20:16,10.67,--,2,2134,卖盘
1684,11:20:13,10.67,-0.01,7,7469,卖盘
1685,11:20:10,10.68,0.01,21,22428,买盘
1686,11:20:07,10.67,--,32,34144,卖盘
1687,11:20:01,10.67,-0.01,13,13871,卖盘
1688,11:19:58,10.68,--,8,8544,买盘
1689,11:19:55,10.68,--,12,12816,买盘
1690,11:19:49,10.68,--,100,106800,买盘
1691,11:19:46,10.68,--,174,185832,买盘
1692,11:19:43,10.68,--,50,53400,买盘
1693,11:19:40,10.68,0.01,21,22428,买盘
1694,11:19:34,10.67,--,16,17072,卖盘
1695,11:19:28,10.67,-0.01,31,33077,卖盘
1696,11:19:25,10.68,0.01,116,123888,买盘
1697,11:19:19,10.67,-0.01,10,10670,卖盘
1698,11:19:07,10.68,0.01,25,26700,买盘
1699,11:18:58,10.67,-0.01,5,5335,卖盘
1700,11:18:55,10.68,0.01,50,53400,买盘
1701,11:18:49,10.67,--,10,10670,卖盘
1702,11:18:46,10.67,--,42,44814,卖盘
1703,11:18:40,10.67,-0.01,20,21340,卖盘
1704,11:18:37,10.68,0.01,45,48060,买盘
1705,11:18:34,10.67,-0.01,196,209516,卖盘
1706,11:18:28,10.68,--,15,16020,买盘
1707,11:18:19,10.68,--,20,21360,买盘
1708,11:18:16,10.68,0.01,105,112140,买盘
1709,11:18:10,10.67,-0.01,10,10670,卖盘
1710,11:18:01,10.68,--,100,106800,买盘
1711,11:17:55,10.68,0.01,33,35244,买盘
1712,11:17:49,10.67,--,10,10670,卖盘
1713,11:17:46,10.67,-0.01,30,32010,卖盘
1714,11:17:43,10.68,--,42,44856,买盘
1715,11:17:40,10.68,--,21,22428,买盘
1716,11:17:31,10.68,--,5,5340,买盘
1717,11:17:28,10.68,--,20,21360,买盘
1718,11:17:25,10.68,--,2,2136,买盘
1719,11:17:19,10.68,--,98,104664,买盘
1720,11:17:13,10.68,0.01,106,113208,买盘
1721,11:17:10,10.67,-0.01,31,33077,卖盘
1722,11:17:07,10.68,0.01,154,164472,买盘
1723,11:17:01,10.67,-0.01,23,24541,卖盘
1724,11:16:55,10.68,0.01,2,2136,买盘
1725,11:16:46,10.67,-0.01,166,177122,卖盘
1726,11:16:40,10.68,--,36,38448,买盘
1727,11:16:37,10.68,0.01,5,5340,买盘
1728,11:16:31,10.67,-0.01,70,74690,卖盘
1729,11:16:25,10.68,--,2,2136,买盘
1730,11:16:22,10.68,--,310,331080,买盘
1731,11:16:16,10.68,--,2,2136,买盘
1732,11:16:10,10.68,--,21,22428,买盘
1733,11:16:07,10.68,--,166,177288,买盘
1734,11:16:04,10.68,--,25,26700,买盘
1735,11:16:01,10.68,--,3,3204,买盘
1736,11:15:46,10.68,--,48,51264,买盘
1737,11:15:40,10.68,--,20,21360,买盘
1738,11:15:37,10.68,--,10,10680,买盘
1739,11:15:34,10.68,--,20,21360,买盘
1740,11:15:31,10.68,--,11,11748,买盘
1741,11:15:25,10.68,0.01,151,161652,买盘
1742,11:15:22,10.67,-0.01,10,10670,卖盘
1743,11:15:19,10.68,--,111,118548,买盘
1744,11:15:16,10.68,--,64,68352,买盘
1745,11:15:10,10.68,0.01,24,25632,买盘
1746,11:15:07,10.67,-0.01,50,53350,卖盘
1747,11:15:04,10.68,0.01,95,101460,买盘
1748,11:14:58,10.67,-0.01,202,215534,卖盘
1749,11:14:55,10.68,0.01,387,413316,买盘
1750,11:14:49,10.67,-0.01,73,77891,卖盘
1751,11:14:43,10.68,--,22,23496,买盘
1752,11:14:37,10.68,--,18,19224,买盘
1753,11:14:34,10.68,--,106,113208,买盘
1754,11:14:31,10.68,--,17,18156,买盘
1755,11:14:28,10.68,--,120,128160,买盘
1756,11:14:25,10.68,--,1,1068,买盘
1757,11:14:22,10.68,--,15,16020,买盘
1758,11:14:19,10.68,--,10,10680,买盘
1759,11:14:16,10.68,--,41,43788,买盘
1760,11:14:07,10.68,--,20,21360,买盘
1761,11:14:04,10.68,--,13,13884,买盘
1762,11:14:01,10.68,--,54,57672,买盘
1763,11:13:58,10.68,0.01,20,21360,买盘
1764,11:13:55,10.67,--,9,9603,卖盘
1765,11:13:52,10.67,-0.01,361,385187,卖盘
1766,11:13:46,10.68,--,8,8544,买盘
1767,11:13:43,10.68,--,1,1068,买盘
1768,11:13:40,10.68,--,2,2136,买盘
1769,11:13:37,10.68,0.01,150,160200,买盘
1770,11:13:34,10.67,-0.01,100,106700,卖盘
1771,11:13:28,10.68,--,368,393024,买盘
1772,11:13:16,10.68,--,37,39516,买盘
1773,11:13:13,10.68,--,5,5340,买盘
1774,11:13:10,10.68,--,70,74760,买盘
1775,11:13:04,10.68,--,222,237096,买盘
1776,11:13:01,10.68,--,26,27768,买盘
1777,11:12:58,10.68,0.01,140,149520,买盘
1778,11:12:55,10.67,-0.01,10,10670,卖盘
1779,11:12:52,10.68,--,7,7476,买盘
1780,11:12:49,10.68,0.01,439,468852,买盘
1781,11:12:46,10.67,-0.01,0,768,卖盘
1782,11:12:43,10.68,--,1,1068,买盘
1783,11:12:37,10.68,0.01,7,7476,买盘
1784,11:12:34,10.67,-0.01,50,53350,卖盘
1785,11:12:31,10.68,0.01,60,64080,买盘
1786,11:12:25,10.67,--,101,107767,卖盘
1787,11:12:19,10.67,--,92,98548,卖盘
1788,11:12:10,10.67,-0.01,10,10670,卖盘
1789,11:12:07,10.68,0.01,8,8544,买盘
1790,11:12:01,10.67,--,25,26675,卖盘
1791,11:11:55,10.67,-0.01,186,198462,卖盘
1792,11:11:49,10.68,0.01,6,6408,买盘
1793,11:11:46,10.67,--,59,62953,卖盘
1794,11:11:43,10.67,--,200,213400,卖盘
1795,11:11:40,10.67,--,50,53350,卖盘
1796,11:11:37,10.67,--,3,3201,卖盘
1797,11:11:34,10.67,--,13,13871,卖盘
1798,11:11:31,10.67,-0.01,76,81092,卖盘
1799,11:11:22,10.68,0.01,1,1068,买盘
1800,11:11:19,10.67,-0.01,33,35211,卖盘
1801,11:11:16,10.68,--,3,3204,买盘
1802,11:11:10,10.68,0.01,149,159132,买盘
1803,11:11:04,10.67,--,12,12804,卖盘
1804,11:11:01,10.67,-0.01,4,4268,卖盘
1805,11:10:58,10.68,--,60,64080,买盘
1806,11:10:49,10.68,0.01,41,43788,买盘
1807,11:10:43,10.67,--,107,114169,卖盘
1808,11:10:40,10.67,-0.01,29,30943,卖盘
1809,11:10:34,10.68,0.01,26,27768,买盘
1810,11:10:16,10.67,-0.01,20,21340,卖盘
1811,11:10:13,10.68,--,20,21360,买盘
1812,11:10:07,10.68,--,39,41652,买盘
1813,11:10:01,10.68,--,19,20292,买盘
1814,11:09:58,10.68,--,7,7476,买盘
1815,11:09:55,10.68,--,502,536819,卖盘
1816,11:09:52,10.68,0.01,169,180876,买盘
1817,11:09:49,10.67,-0.01,139,148313,卖盘
1818,11:09:43,10.68,--,30,32040,买盘
1819,11:09:40,10.68,--,187,199716,买盘
1820,11:09:37,10.68,--,51,54468,买盘
1821,11:09:34,10.68,--,107,114959,卖盘
1822,11:09:31,10.68,--,43,46308,买盘
1823,11:09:28,10.68,--,2,2136,买盘
1824,11:09:22,10.68,--,6,7091,卖盘
1825,11:09:19,10.68,-0.01,4,5233,卖盘
1826,11:09:16,10.69,0.01,169,181152,买盘
1827,11:09:13,10.68,-0.01,10,10680,卖盘
1828,11:09:07,10.69,--,183,195627,买盘
1829,11:09:01,10.69,--,200,213800,买盘
1830,11:08:58,10.69,0.01,37,39553,买盘
1831,11:08:52,10.68,--,39,41652,卖盘
1832,11:08:49,10.68,-0.01,4,4272,卖盘
1833,11:08:46,10.69,--,2,2138,买盘
1834,11:08:43,10.69,0.01,3,3207,买盘
1835,11:08:40,10.68,-0.01,152,162336,卖盘
1836,11:08:37,10.69,0.01,5,5345,买盘
1837,11:08:34,10.68,--,7,7476,卖盘
1838,11:08:31,10.68,-0.01,22,23496,卖盘
1839,11:08:28,10.69,0.01,93,99417,买盘
1840,11:08:19,10.68,--,1,1068,卖盘
1841,11:08:16,10.68,--,35,37380,卖盘
1842,11:08:04,10.68,--,1339,1430052,卖盘
1843,11:08:01,10.68,-0.01,106,113208,卖盘
1844,11:07:55,10.69,0.01,110,117590,买盘
1845,11:07:46,10.68,-0.01,6,6408,卖盘
1846,11:07:43,10.69,--,10,10690,买盘
1847,11:07:40,10.69,--,70,74830,卖盘
1848,11:07:37,10.69,-0.01,52,55588,中性盘
1849,11:07:34,10.7,0.01,105,112349,买盘
1850,11:07:31,10.69,--,10,10690,买盘
1851,11:07:22,10.69,--,256,273664,卖盘
1852,11:07:19,10.69,-0.01,2,2138,卖盘
1853,11:07:16,10.7,0.01,137,146590,买盘
1854,11:07:07,10.69,-0.01,2,2138,卖盘
1855,11:07:01,10.7,0.01,11,11770,买盘
1856,11:06:49,10.69,0.01,45,48105,中性盘
1857,11:06:37,10.68,-0.01,60,64080,卖盘
1858,11:06:34,10.69,--,110,117590,买盘
1859,11:06:28,10.69,-0.01,3,3827,卖盘
1860,11:06:25,10.7,0.01,1279,1368530,买盘
1861,11:06:22,10.69,--,12,12828,卖盘
1862,11:06:19,10.69,--,1,1069,卖盘
1863,11:06:13,10.69,--,4,4489,卖盘
1864,11:06:10,10.69,-0.01,84,89967,卖盘
1865,11:06:07,10.7,--,82,87740,买盘
1866,11:06:01,10.7,--,62,66639,卖盘
1867,11:05:58,10.7,--,185,197950,卖盘
1868,11:05:55,10.7,--,182,194740,卖盘
1869,11:05:52,10.7,--,14,14979,卖盘
1870,11:05:49,10.7,-0.01,10,10700,卖盘
1871,11:05:46,10.71,--,699,748629,买盘
1872,11:05:43,10.71,0.01,24,25704,买盘
1873,11:05:40,10.7,--,28,29959,卖盘
1874,11:05:37,10.7,--,51,54570,卖盘
1875,11:05:34,10.7,--,137,146590,卖盘
1876,11:05:28,10.7,--,16,17120,卖盘
1877,11:05:22,10.7,--,394,421580,卖盘
1878,11:05:19,10.7,--,41,43870,卖盘
1879,11:05:16,10.7,--,34,36380,卖盘
1880,11:05:13,10.7,--,197,210790,卖盘
1881,11:05:10,10.7,--,80,85600,卖盘
1882,11:05:07,10.7,--,47,50290,卖盘
1883,11:05:04,10.7,-0.01,1,1070,卖盘
1884,11:05:01,10.71,--,3,3213,买盘
1885,11:04:55,10.71,--,273,292383,买盘
1886,11:04:52,10.71,0.01,20,21420,买盘
1887,11:04:46,10.7,-0.01,3,3210,卖盘
1888,11:04:43,10.71,0.01,11,11781,买盘
1889,11:04:40,10.7,--,132,141240,卖盘
1890,11:04:37,10.7,--,10,10700,卖盘
1891,11:04:34,10.7,-0.01,10,10700,卖盘
1892,11:04:31,10.71,--,115,123165,买盘
1893,11:04:28,10.71,--,1,1071,买盘
1894,11:04:25,10.71,--,11,11781,买盘
1895,11:04:16,10.71,--,100,107100,买盘
1896,11:04:13,10.71,--,2,2142,买盘
1897,11:04:10,10.71,--,10,10710,买盘
1898,11:04:07,10.71,--,135,145270,卖盘
1899,11:04:04,10.71,--,70,74970,卖盘
1900,11:04:01,10.71,--,40,42840,卖盘
1901,11:03:58,10.71,--,119,127449,卖盘
1902,11:03:55,10.71,--,23,24633,卖盘
1903,11:03:52,10.71,--,4,4284,卖盘
1904,11:03:49,10.71,--,87,93177,卖盘
1905,11:03:46,10.71,--,112,119952,卖盘
1906,11:03:43,10.71,--,193,206703,卖盘
1907,11:03:40,10.71,-0.01,21,22491,卖盘
1908,11:03:37,10.72,0.01,10,10720,买盘
1909,11:03:31,10.71,-0.01,336,359856,卖盘
1910,11:03:28,10.72,0.01,129,138288,买盘
1911,11:03:25,10.71,--,110,117810,卖盘
1912,11:03:22,10.71,-0.01,95,101745,卖盘
1913,11:03:19,10.72,--,111,118992,买盘
1914,11:03:16,10.72,--,273,292656,买盘
1915,11:03:10,10.72,0.01,187,200849,买盘
1916,11:03:07,10.71,--,38,40698,卖盘
1917,11:03:04,10.71,--,20,21420,卖盘
1918,11:02:58,10.71,--,172,184212,卖盘
1919,11:02:55,10.71,--,178,190638,买盘
1920,11:02:52,10.71,0.01,1343,1438353,买盘
1921,11:02:46,10.7,--,3,3210,卖盘
1922,11:02:43,10.7,-0.01,74,79180,卖盘
1923,11:02:37,10.71,0.01,117,125307,买盘
1924,11:02:25,10.7,-0.01,21,22470,卖盘
1925,11:02:22,10.71,0.02,6113,6547794,买盘
1926,11:02:16,10.69,--,10,10690,卖盘
1927,11:02:13,10.69,--,32,34208,卖盘
1928,11:02:04,10.69,--,909,971785,买盘
1929,11:02:01,10.69,0.01,24,25656,买盘
1930,11:01:58,10.68,-0.01,371,396228,卖盘
1931,11:01:55,10.69,--,100,106900,买盘
1932,11:01:52,10.69,--,227,242663,买盘
1933,11:01:48,10.69,--,66,70554,买盘
1934,11:01:42,10.69,--,153,163557,买盘
1935,11:01:36,10.69,0.01,108,115452,买盘
1936,11:01:30,10.68,-0.01,5,5340,卖盘
1937,11:01:24,10.69,--,69,73761,买盘
1938,11:01:21,10.69,--,10,10690,买盘
1939,11:01:18,10.69,0.01,126,134694,买盘
1940,11:01:15,10.68,--,103,110004,卖盘
1941,11:01:12,10.68,--,5,5340,卖盘
1942,11:01:06,10.68,--,50,53400,卖盘
1943,11:01:03,10.68,-0.01,23,24564,卖盘
1944,11:01:00,10.69,0.01,39,41691,买盘
1945,11:00:57,10.68,-0.01,31,33108,买盘
1946,11:00:51,10.69,0.01,65,69485,买盘
1947,11:00:48,10.68,--,156,166608,买盘
1948,11:00:45,10.68,-0.01,855,913759,卖盘
1949,11:00:42,10.69,--,54,57726,买盘
1950,11:00:36,10.69,0.01,101,107969,买盘
1951,11:00:33,10.68,-0.01,22,23944,卖盘
1952,11:00:30,10.69,--,40,42760,买盘
1953,11:00:27,10.69,--,90,96210,买盘
1954,11:00:24,10.69,--,53,56657,买盘
1955,11:00:21,10.69,--,41,43829,买盘
1956,11:00:18,10.69,--,129,138905,买盘
1957,11:00:15,10.69,--,112,119728,买盘
1958,11:00:12,10.69,--,179,191351,买盘
1959,11:00:09,10.69,--,1027,1097863,买盘
1960,11:00:06,10.69,--,295,315355,买盘
1961,11:00:03,10.69,--,66,70554,买盘
1962,11:00:00,10.69,--,84,89796,买盘
1963,10:59:54,10.69,--,61,65209,买盘
1964,10:59:51,10.69,--,207,221283,买盘
1965,10:59:48,10.69,--,80,85520,买盘
1966,10:59:42,10.69,--,12,12828,买盘
1967,10:59:39,10.69,0.01,8,8552,买盘
1968,10:59:36,10.68,-0.01,32,34176,卖盘
1969,10:59:30,10.69,0.01,15,16035,买盘
1970,10:59:27,10.68,--,3,3204,买盘
1971,10:59:24,10.68,-0.01,1,1068,卖盘
1972,10:59:21,10.69,--,130,138970,买盘
1973,10:59:18,10.69,--,21,22449,买盘
1974,10:59:12,10.69,--,178,190282,买盘
1975,10:59:09,10.69,--,104,111176,买盘
1976,10:59:03,10.69,0.01,66,70554,买盘
1977,10:59:00,10.68,-0.01,31,33108,卖盘
1978,10:58:57,10.69,0.01,77,82313,买盘
1979,10:58:54,10.68,--,1,1068,卖盘
1980,10:58:51,10.68,--,62,66216,卖盘
1981,10:58:48,10.68,--,21,22428,卖盘
1982,10:58:45,10.68,--,79,84372,卖盘
1983,10:58:39,10.68,--,40,42720,卖盘
1984,10:58:33,10.68,--,51,54468,卖盘
1985,10:58:30,10.68,--,10,10680,卖盘
1986,10:58:27,10.68,-0.01,30,32040,卖盘
1987,10:58:24,10.69,0.01,27,28863,买盘
1988,10:58:21,10.68,--,3,3204,卖盘
1989,10:58:18,10.68,--,13,13884,卖盘
1990,10:58:15,10.68,--,3,3204,卖盘
1991,10:58:12,10.68,-0.01,50,53400,卖盘
1992,10:58:09,10.69,0.01,49,52381,买盘
1993,10:58:06,10.68,--,116,123888,买盘
1994,10:58:00,10.68,--,620,662160,买盘
1995,10:57:57,10.68,--,23,24564,买盘
1996,10:57:54,10.68,--,49,52332,买盘
1997,10:57:51,10.68,--,205,218940,买盘
1998,10:57:48,10.68,--,200,213600,买盘
1999,10:57:42,10.68,--,195,208260,买盘
2000,10:57:39,10.68,--,23,24564,买盘
2001,10:57:33,10.68,--,10,10680,买盘
2002,10:57:21,10.68,--,520,555360,买盘
2003,10:57:15,10.68,--,7,7476,买盘
2004,10:57:06,10.68,0.01,153,163404,买盘
2005,10:57:03,10.67,--,0,917,卖盘
2006,10:57:00,10.67,--,81,86960,卖盘
2007,10:56:54,10.67,-0.01,96,102432,卖盘
2008,10:56:51,10.68,0.01,200,213600,买盘
2009,10:56:45,10.67,-0.01,4,4268,卖盘
2010,10:56:42,10.68,--,600,640800,买盘
2011,10:56:39,10.68,--,20,21360,买盘
2012,10:56:36,10.68,--,20,21360,买盘
2013,10:56:27,10.68,--,11,11748,买盘
2014,10:56:24,10.68,0.01,5,5340,买盘
2015,10:56:21,10.67,-0.01,2,2134,卖盘
2016,10:56:15,10.68,0.01,5,5340,买盘
2017,10:56:03,10.67,--,202,215534,卖盘
2018,10:56:00,10.67,--,30,32010,卖盘
2019,10:55:57,10.67,-0.01,2,2134,卖盘
2020,10:55:48,10.68,0.01,49,52332,买盘
2021,10:55:45,10.67,-0.01,2,2134,卖盘
2022,10:55:42,10.68,0.01,56,59808,买盘
2023,10:55:39,10.67,--,110,117370,卖盘
2024,10:55:33,10.67,-0.01,56,59752,卖盘
2025,10:55:30,10.68,0.01,53,56604,买盘
2026,10:55:27,10.67,-0.01,78,83226,卖盘
2027,10:55:24,10.68,0.01,83,88644,买盘
2028,10:55:18,10.67,-0.01,1790,1909930,卖盘
2029,10:55:15,10.68,--,10,10680,买盘
2030,10:55:12,10.68,--,5,5340,买盘
2031,10:55:03,10.68,--,9,9612,买盘
2032,10:55:00,10.68,--,5,5340,卖盘
2033,10:54:57,10.68,--,110,117480,卖盘
2034,10:54:54,10.68,--,10,10680,卖盘
2035,10:54:51,10.68,-0.01,10,10680,中性盘
2036,10:54:48,10.69,0.01,25,26725,买盘
2037,10:54:45,10.68,--,1,1068,卖盘
2038,10:54:42,10.68,--,410,437880,买盘
2039,10:54:36,10.68,--,10,10680,买盘
2040,10:54:27,10.68,0.01,14,14952,买盘
2041,10:54:24,10.67,--,2,2134,卖盘
2042,10:54:21,10.67,--,1,1067,卖盘
2043,10:54:18,10.67,--,118,125970,买盘
2044,10:54:15,10.67,--,74,79960,卖盘
2045,10:54:12,10.67,--,20,21340,卖盘
2046,10:54:09,10.67,--,419,447137,买盘
2047,10:54:06,10.67,0.01,50,53350,买盘
2048,10:54:03,10.66,-0.01,77,82082,卖盘
2049,10:54:00,10.67,--,19,20273,买盘
2050,10:53:54,10.67,--,111,118821,买盘
2051,10:53:51,10.67,0.01,104,110968,买盘
2052,10:53:48,10.66,--,42,44772,卖盘
2053,10:53:42,10.66,-0.01,46,49036,卖盘
2054,10:53:36,10.67,--,979,1045595,卖盘
2055,10:53:30,10.67,--,95,101365,卖盘
2056,10:53:30,10.67,-0.01,1,1067,卖盘
2057,10:53:24,10.68,--,20,21360,买盘
2058,10:53:21,10.68,--,16,17088,买盘
2059,10:53:18,10.68,0.01,21,22428,买盘
2060,10:53:15,10.67,-0.01,184,196328,卖盘
2061,10:53:09,10.68,--,4,4272,买盘
2062,10:53:06,10.68,-0.01,199,212532,卖盘
2063,10:53:03,10.69,--,62,66278,买盘
2064,10:53:00,10.69,--,129,137901,买盘
2065,10:52:48,10.69,0.01,177,189213,买盘
2066,10:52:45,10.68,--,42,44856,卖盘
2067,10:52:36,10.68,0.01,72,76896,买盘
2068,10:52:30,10.67,-0.01,14,14938,卖盘
2069,10:52:21,10.68,0.01,34,36312,中性盘
2070,10:52:09,10.67,-0.02,926,988767,卖盘
2071,10:52:06,10.69,0.02,22,23518,买盘
2072,10:52:03,10.67,-0.02,958,1022186,卖盘
2073,10:51:54,10.69,--,650,694850,买盘
2074,10:51:54,10.69,--,390,416910,买盘
2075,10:51:48,10.69,--,107,114383,买盘
2076,10:51:42,10.69,--,61,65209,买盘
2077,10:51:36,10.69,0.01,149,159281,买盘
2078,10:51:33,10.68,--,28,29904,卖盘
2079,10:51:24,10.68,--,1,1068,卖盘
2080,10:51:18,10.68,--,7,7476,卖盘
2081,10:51:15,10.68,--,23,24564,中性盘
2082,10:51:09,10.68,0.01,120,128160,买盘
2083,10:51:06,10.67,-0.02,1057,1127819,卖盘
2084,10:50:57,10.69,0.01,87,93195,买盘
2085,10:50:54,10.68,--,214,228744,卖盘
2086,10:50:51,10.68,-0.01,23,24564,卖盘
2087,10:50:45,10.69,0.01,248,265112,买盘
2088,10:50:42,10.68,-0.01,201,214668,卖盘
2089,10:50:39,10.69,--,27,28863,买盘
2090,10:50:33,10.69,--,1,1069,买盘
2091,10:50:30,10.69,0.01,157,167833,买盘
2092,10:50:27,10.68,--,10,10680,卖盘
2093,10:50:24,10.68,--,100,106800,卖盘
2094,10:50:21,10.68,--,18,19224,卖盘
2095,10:50:15,10.68,--,10,10680,卖盘
2096,10:50:12,10.68,--,477,509436,买盘
2097,10:50:06,10.68,--,20,21360,买盘
2098,10:50:03,10.68,0.01,111,118548,买盘
2099,10:50:00,10.67,-0.01,135,144045,卖盘
2100,10:49:54,10.68,0.01,84,89712,买盘
2101,10:49:48,10.67,-0.01,327,348909,卖盘
2102,10:49:42,10.68,-0.01,45,48060,中性盘
2103,10:49:39,10.69,0.01,121,129349,买盘
2104,10:49:36,10.68,--,10,10680,买盘
2105,10:49:33,10.68,--,230,246601,卖盘
2106,10:49:24,10.68,-0.01,50,53400,卖盘
2107,10:49:21,10.69,0.01,17,18173,买盘
2108,10:49:18,10.68,-0.01,55,58740,卖盘
2109,10:49:15,10.69,--,213,227697,买盘
2110,10:49:12,10.69,0.01,5,5345,买盘
2111,10:49:09,10.68,--,100,106800,卖盘
2112,10:49:03,10.68,-0.01,36,38448,卖盘
2113,10:49:00,10.69,0.01,10,10690,买盘
2114,10:48:57,10.68,-0.01,59,63012,卖盘
2115,10:48:51,10.69,--,140,149660,买盘
2116,10:48:45,10.69,0.01,20,21380,买盘
2117,10:48:42,10.68,-0.01,126,134568,卖盘
2118,10:48:39,10.69,--,108,115452,买盘
2119,10:48:36,10.69,0.01,33,35277,买盘
2120,10:48:33,10.68,--,39,41652,卖盘
2121,10:48:30,10.68,-0.01,415,443220,卖盘
2122,10:48:27,10.69,0.01,128,136832,买盘
2123,10:48:21,10.68,--,3,3204,卖盘
2124,10:48:15,10.68,-0.01,68,72624,卖盘
2125,10:48:12,10.69,0.01,1005,1074345,买盘
2126,10:48:09,10.68,--,12,12816,卖盘
2127,10:48:06,10.68,-0.01,10,10680,卖盘
2128,10:48:03,10.69,--,100,106900,买盘
2129,10:48:00,10.69,--,161,172109,买盘
2130,10:47:57,10.69,0.01,38,40622,买盘
2131,10:47:54,10.68,--,112,119616,卖盘
2132,10:47:51,10.68,-0.01,140,149904,卖盘
2133,10:47:45,10.69,0.01,448,478912,买盘
2134,10:47:42,10.68,--,282,301966,买盘
2135,10:47:39,10.68,--,200,213600,买盘
2136,10:47:36,10.68,--,104,111072,买盘
2137,10:47:30,10.68,0.01,535,571380,买盘
2138,10:47:27,10.67,--,100,106700,卖盘
2139,10:47:24,10.67,--,20,21340,卖盘
2140,10:47:21,10.67,--,0,10,卖盘
2141,10:47:18,10.67,--,576,614592,卖盘
2142,10:47:12,10.67,-0.01,302,322234,买盘
2143,10:47:06,10.68,0.01,2000,2136000,买盘
2144,10:47:03,10.67,--,162,172854,买盘
2145,10:47:00,10.67,--,111,119247,卖盘
2146,10:46:57,10.67,--,6,6402,卖盘
2147,10:46:54,10.67,--,257,274219,卖盘
2148,10:46:51,10.67,--,200,213400,卖盘
2149,10:46:48,10.67,--,3,3201,卖盘
2150,10:46:45,10.67,--,20,21340,卖盘
2151,10:46:42,10.67,-0.01,31,33077,卖盘
2152,10:46:39,10.68,0.01,1,1068,买盘
2153,10:46:36,10.67,--,121,129363,买盘
2154,10:46:33,10.67,--,134,142978,买盘
2155,10:46:27,10.67,--,20,21340,买盘
2156,10:46:15,10.67,--,20,21340,买盘
2157,10:46:12,10.67,--,88,93896,买盘
2158,10:46:09,10.67,--,13,13871,买盘
2159,10:46:06,10.67,--,83,88561,买盘
2160,10:46:00,10.67,0.01,2,2134,买盘
2161,10:45:54,10.66,-0.01,1,1066,卖盘
2162,10:45:51,10.67,--,12,12804,买盘
2163,10:45:45,10.67,0.01,3000,3201000,买盘
2164,10:45:42,10.66,0.01,47,50102,买盘
2165,10:45:39,10.65,--,37,39405,卖盘
2166,10:45:36,10.65,-0.01,54,57510,卖盘
2167,10:45:33,10.66,--,56,59696,买盘
2168,10:45:30,10.66,--,297,316602,买盘
2169,10:45:27,10.66,--,20,21320,买盘
2170,10:45:24,10.66,--,42,44772,买盘
2171,10:45:21,10.66,0.01,105,111930,买盘
2172,10:45:18,10.65,-0.01,37,39405,卖盘
2173,10:45:15,10.66,--,328,349648,买盘
2174,10:45:09,10.66,0.01,40,42640,买盘
2175,10:45:06,10.65,-0.01,68,72420,卖盘
2176,10:45:03,10.66,--,200,213200,买盘
2177,10:45:00,10.66,--,19,20254,买盘
2178,10:44:50,10.66,--,69,73554,买盘
2179,10:44:44,10.66,0.01,198,211068,买盘
2180,10:44:38,10.65,-0.01,39,41535,卖盘
2181,10:44:35,10.66,0.01,33,35178,买盘
2182,10:44:32,10.65,--,110,117150,卖盘
2183,10:44:29,10.65,--,526,560190,买盘
2184,10:44:26,10.65,0.01,147,156555,买盘
2185,10:44:20,10.64,-0.01,5,5320,卖盘
2186,10:44:17,10.65,--,109,116085,买盘
2187,10:44:14,10.65,--,162,172530,买盘
2188,10:44:05,10.65,--,22,23430,买盘
2189,10:44:02,10.65,--,43,45795,买盘
2190,10:43:56,10.65,--,57,60705,买盘
2191,10:43:53,10.65,0.01,19,20235,买盘
2192,10:43:50,10.64,--,60,63840,卖盘
2193,10:43:41,10.64,-0.01,59,62776,卖盘
2194,10:43:35,10.65,--,31,33015,买盘
2195,10:43:32,10.65,0.01,83,88395,买盘
2196,10:43:29,10.64,-0.01,76,80864,卖盘
2197,10:43:26,10.65,0.01,25,26625,买盘
2198,10:43:20,10.64,-0.01,61,64904,卖盘
2199,10:43:17,10.65,0.01,84,89460,买盘
2200,10:43:14,10.64,-0.01,10,10640,卖盘
2201,10:43:11,10.65,--,103,109695,买盘
2202,10:43:08,10.65,0.01,320,340800,买盘
2203,10:43:05,10.64,--,146,155344,卖盘
2204,10:43:02,10.64,-0.01,152,161728,卖盘
2205,10:42:59,10.65,--,26,27690,买盘
2206,10:42:56,10.65,0.01,17,18105,买盘
2207,10:42:44,10.64,-0.01,116,123424,卖盘
2208,10:42:41,10.65,--,47,50055,买盘
2209,10:42:38,10.65,0.01,20,21300,买盘
2210,10:42:29,10.64,-0.01,81,86184,卖盘
2211,10:42:26,10.65,--,209,222585,买盘
2212,10:42:23,10.65,--,111,118215,买盘
2213,10:42:17,10.65,0.01,90,95850,买盘
2214,10:42:14,10.64,-0.01,47,50008,卖盘
2215,10:42:11,10.65,-0.01,560,596400,卖盘
2216,10:42:08,10.66,0.01,123,131118,买盘
2217,10:42:02,10.65,--,205,218325,买盘
2218,10:41:59,10.65,--,135,143775,买盘
2219,10:41:56,10.65,--,407,433455,买盘
2220,10:41:50,10.65,--,301,320565,买盘
2221,10:41:47,10.65,0.01,2,2130,买盘
2222,10:41:44,10.64,--,32,34048,卖盘
2223,10:41:41,10.64,-0.01,2,2128,卖盘
2224,10:41:38,10.65,--,8,8520,买盘
2225,10:41:35,10.65,--,7,7455,买盘
2226,10:41:29,10.65,-0.01,447,476055,卖盘
2227,10:41:20,10.66,0.02,85,90610,买盘
2228,10:41:17,10.64,--,162,172368,卖盘
2229,10:41:14,10.64,--,545,579880,卖盘
2230,10:41:05,10.64,-0.02,113,120232,卖盘
2231,10:40:59,10.66,0.02,7,7462,买盘
2232,10:40:53,10.64,-0.02,330,351120,卖盘
2233,10:40:44,10.66,0.01,123,131118,买盘
2234,10:40:41,10.65,--,20,21300,买盘
2235,10:40:38,10.65,--,41,43665,买盘
2236,10:40:35,10.65,--,394,419610,卖盘
2237,10:40:32,10.65,--,47,50055,卖盘
2238,10:40:29,10.65,--,170,181050,卖盘
2239,10:40:17,10.65,--,30,31950,中性盘
2240,10:40:05,10.65,-0.01,10,10650,中性盘
2241,10:40:02,10.66,0.01,147,156702,买盘
2242,10:39:59,10.65,--,926,986626,卖盘
2243,10:39:56,10.65,--,82,87330,卖盘
2244,10:39:53,10.65,--,50,53250,卖盘
2245,10:39:47,10.65,--,61,64965,卖盘
2246,10:39:41,10.65,--,4,4260,卖盘
2247,10:39:38,10.65,-0.01,1,1065,卖盘
2248,10:39:35,10.66,--,140,149240,买盘
2249,10:39:32,10.66,--,2,2132,买盘
2250,10:39:29,10.66,-0.01,9,9594,中性盘
2251,10:39:26,10.67,--,43,45881,买盘
2252,10:39:20,10.67,0.02,117,124839,买盘
2253,10:39:14,10.65,-0.01,32,34080,卖盘
2254,10:39:05,10.66,0.01,1,1066,中性盘
2255,10:39:02,10.65,-0.02,2,2130,卖盘
2256,10:38:59,10.67,0.01,102,108855,买盘
2257,10:38:56,10.66,--,7,7462,买盘
2258,10:38:50,10.66,0.01,45,47970,买盘
2259,10:38:47,10.65,-0.01,35,37275,卖盘
2260,10:38:44,10.66,--,100,106600,买盘
2261,10:38:38,10.66,--,14,14924,买盘
2262,10:38:35,10.66,--,10,10660,买盘
2263,10:38:20,10.66,--,48,51168,买盘
2264,10:38:17,10.66,0.01,28,29848,卖盘
2265,10:38:11,10.65,-0.02,41,43665,卖盘
2266,10:38:05,10.67,--,536,571912,买盘
2267,10:38:02,10.67,0.01,107,114169,买盘
2268,10:37:56,10.66,--,69,73554,买盘
2269,10:37:53,10.66,--,20,21320,买盘
2270,10:37:50,10.66,--,65,69290,买盘
2271,10:37:47,10.66,--,17,18122,买盘
2272,10:37:44,10.66,0.01,138,147108,买盘
2273,10:37:41,10.65,--,70,74550,卖盘
2274,10:37:38,10.65,-0.01,1,1065,卖盘
2275,10:37:35,10.66,0.01,65,69290,买盘
2276,10:37:29,10.65,--,71,76222,买盘
2277,10:37:20,10.65,--,115,122932,卖盘
2278,10:37:17,10.65,--,1,1065,卖盘
2279,10:37:14,10.65,--,45,47925,卖盘
2280,10:37:11,10.65,--,5,5325,卖盘
2281,10:37:08,10.65,-0.01,4,4260,卖盘
2282,10:37:05,10.66,0.01,43,45838,中性盘
2283,10:37:02,10.65,-0.02,730,777450,卖盘
2284,10:36:59,10.67,0.01,449,479243,买盘
2285,10:36:50,10.66,--,1534,1636150,买盘
2286,10:36:38,10.66,--,55,58630,买盘
2287,10:36:29,10.66,0.01,20,21320,买盘
2288,10:36:23,10.65,--,56,59640,卖盘
2289,10:36:17,10.65,--,146,155490,卖盘
2290,10:36:14,10.65,--,119,126735,卖盘
2291,10:36:08,10.65,-0.01,16,17040,卖盘
2292,10:35:59,10.66,--,78,83148,买盘
2293,10:35:56,10.66,--,115,122590,买盘
2294,10:35:50,10.66,0.01,2,2132,买盘
2295,10:35:47,10.65,-0.01,17,18105,卖盘
2296,10:35:41,10.66,--,1,1066,买盘
2297,10:35:38,10.66,--,1,1066,买盘
2298,10:35:35,10.66,--,316,337015,卖盘
2299,10:35:32,10.66,-0.01,50,53300,卖盘
2300,10:35:29,10.67,0.01,48,51216,买盘
2301,10:35:26,10.66,--,28,29848,卖盘
2302,10:35:23,10.66,--,311,331526,卖盘
2303,10:35:20,10.66,-0.01,68,72488,卖盘
2304,10:35:14,10.67,0.01,19,20273,买盘
2305,10:35:11,10.66,-0.01,10,10660,卖盘
2306,10:35:08,10.67,0.01,58,61886,买盘
2307,10:35:05,10.66,--,350,373100,卖盘
2308,10:35:02,10.66,-0.01,5,5330,卖盘
2309,10:34:59,10.67,0.01,120,128040,买盘
2310,10:34:56,10.66,--,380,405080,卖盘
2311,10:34:53,10.66,--,1,1066,卖盘
2312,10:34:50,10.66,-0.01,30,31980,卖盘
2313,10:34:47,10.67,0.01,158,168586,买盘
2314,10:34:44,10.66,--,699,746040,买盘
2315,10:34:41,10.66,--,10,10660,买盘
2316,10:34:38,10.66,0.01,109,116194,买盘
2317,10:34:32,10.65,-0.01,346,368490,卖盘
2318,10:34:29,10.66,0.01,78,83148,买盘
2319,10:34:20,10.65,--,12,12780,卖盘
2320,10:34:17,10.65,-0.01,60,63900,卖盘
2321,10:34:02,10.66,0.01,221,235586,买盘
2322,10:33:59,10.65,--,33,35145,卖盘
2323,10:33:53,10.65,--,2,2130,卖盘
2324,10:33:50,10.65,-0.01,14,14910,卖盘
2325,10:33:47,10.66,--,10,10660,买盘
2326,10:33:44,10.66,--,419,446654,买盘
2327,10:33:38,10.66,--,607,647062,买盘
2328,10:33:32,10.66,--,10,10660,买盘
2329,10:33:29,10.66,--,5,5330,买盘
2330,10:33:20,10.66,0.01,126,134923,买盘
2331,10:33:17,10.65,-0.01,520,553800,卖盘
2332,10:33:14,10.66,--,139,148174,买盘
2333,10:33:11,10.66,--,39,41574,买盘
2334,10:33:08,10.66,--,50,53300,买盘
2335,10:33:05,10.66,0.01,61,65026,买盘
2336,10:33:02,10.65,-0.01,3,3195,卖盘
2337,10:32:59,10.66,0.01,300,319800,买盘
2338,10:32:53,10.65,-0.01,181,192765,卖盘
2339,10:32:47,10.66,--,21,22386,买盘
2340,10:32:44,10.66,--,20,21320,买盘
2341,10:32:41,10.66,--,303,322998,买盘
2342,10:32:38,10.66,--,158,168428,买盘
2343,10:32:35,10.66,--,412,439192,买盘
2344,10:32:32,10.66,--,20,21320,买盘
2345,10:32:29,10.66,--,30,31980,买盘
2346,10:32:23,10.66,0.01,1,1066,买盘
2347,10:32:17,10.65,-0.01,7,7455,卖盘
2348,10:32:14,10.66,--,416,443456,买盘
2349,10:32:11,10.66,--,57,60762,买盘
2350,10:32:08,10.66,--,71,75995,卖盘
2351,10:32:05,10.66,--,17,18122,卖盘
2352,10:32:02,10.66,--,59,62894,卖盘
2353,10:31:59,10.66,--,2,2132,卖盘
2354,10:31:56,10.66,--,29,31670,买盘
2355,10:31:53,10.66,-0.01,32,34421,卖盘
2356,10:31:47,10.67,0.01,10,10670,买盘
2357,10:31:44,10.66,--,628,669458,卖盘
2358,10:31:38,10.66,-0.01,8,8528,卖盘
2359,10:31:35,10.67,0.01,137,146179,买盘
2360,10:31:32,10.66,--,56,59696,卖盘
2361,10:31:29,10.66,--,69,73554,卖盘
2362,10:31:20,10.66,--,140,149240,卖盘
2363,10:31:17,10.66,--,90,95940,卖盘
2364,10:31:08,10.66,--,308,329074,买盘
2365,10:31:05,10.66,0.01,78,83148,买盘
2366,10:31:02,10.65,-0.01,112,119280,卖盘
2367,10:30:56,10.66,--,61,65026,买盘
2368,10:30:53,10.66,--,6,6396,买盘
2369,10:30:50,10.66,--,81,86346,买盘
2370,10:30:47,10.66,--,187,199342,买盘
2371,10:30:41,10.66,0.01,20,21320,买盘
2372,10:30:38,10.65,-0.01,20,21300,卖盘
2373,10:30:35,10.66,--,270,287820,买盘
2374,10:30:32,10.66,--,119,126854,买盘
2375,10:30:29,10.66,--,16,17056,买盘
2376,10:30:26,10.66,--,128,136448,买盘
2377,10:30:23,10.66,--,121,128986,买盘
2378,10:30:17,10.66,--,166,176956,买盘
2379,10:30:14,10.66,--,7,7462,买盘
2380,10:30:11,10.66,0.01,57,60762,买盘
2381,10:30:05,10.65,-0.01,113,120345,卖盘
2382,10:29:59,10.66,--,32,34112,买盘
2383,10:29:56,10.66,--,42,44772,买盘
2384,10:29:53,10.66,--,1,1066,买盘
2385,10:29:50,10.66,-0.01,17,18122,买盘
2386,10:29:44,10.67,--,29,30943,买盘
2387,10:29:41,10.67,0.01,46,49082,买盘
2388,10:29:38,10.66,--,91,97048,卖盘
2389,10:29:35,10.66,--,319,340054,卖盘
2390,10:29:32,10.66,--,113,120458,卖盘
2391,10:29:29,10.66,--,100,106600,卖盘
2392,10:29:26,10.66,--,50,53300,卖盘
2393,10:29:20,10.66,--,13,13858,卖盘
2394,10:29:17,10.66,-0.01,524,558584,卖盘
2395,10:29:14,10.67,0.01,68,72556,买盘
2396,10:29:08,10.66,-0.01,32,34112,卖盘
2397,10:29:05,10.67,0.01,82,87494,买盘
2398,10:29:02,10.66,--,328,349648,卖盘
2399,10:28:59,10.66,0.01,214,229147,买盘
2400,10:28:56,10.65,-0.02,59,62877,卖盘
2401,10:28:53,10.67,0.01,443,472681,买盘
2402,10:28:47,10.66,--,92,98072,卖盘
2403,10:28:44,10.66,-0.01,500,533000,卖盘
2404,10:28:41,10.67,--,51,54417,买盘
2405,10:28:38,10.67,0.01,95,101365,买盘
2406,10:28:35,10.66,-0.01,65,69290,卖盘
2407,10:28:32,10.67,0.01,148,157916,买盘
2408,10:28:29,10.66,--,249,265434,卖盘
2409,10:28:26,10.66,--,19,20254,卖盘
2410,10:28:23,10.66,--,10,10660,卖盘
2411,10:28:17,10.66,--,48,51168,卖盘
2412,10:28:14,10.66,-0.01,23,24518,卖盘
2413,10:28:11,10.67,--,3,3201,买盘
2414,10:28:08,10.67,--,10,10670,买盘
2415,10:28:05,10.67,0.01,8,8536,买盘
2416,10:28:02,10.66,-0.01,24,25584,卖盘
2417,10:27:56,10.67,0.01,715,762905,买盘
2418,10:27:50,10.66,-0.01,16,17056,卖盘
2419,10:27:47,10.67,0.01,27,28809,买盘
2420,10:27:38,10.66,--,17,18122,卖盘
2421,10:27:35,10.66,-0.01,22,23452,卖盘
2422,10:27:32,10.67,0.01,261,278487,买盘
2423,10:27:26,10.66,--,225,239850,卖盘
2424,10:27:23,10.66,--,31,33046,卖盘
2425,10:27:20,10.66,-0.01,100,106600,卖盘
2426,10:27:17,10.67,0.01,220,234740,买盘
2427,10:27:14,10.66,--,82,87412,卖盘
2428,10:27:11,10.66,-0.01,67,71422,卖盘
2429,10:27:08,10.67,--,34,36278,买盘
2430,10:27:02,10.67,0.01,10,10670,买盘
2431,10:26:59,10.66,-0.01,55,58630,卖盘
2432,10:26:56,10.67,0.01,1480,1579160,买盘
2433,10:26:53,10.66,--,10,10660,卖盘
2434,10:26:50,10.66,-0.01,5,5330,卖盘
2435,10:26:44,10.67,0.01,30,32010,买盘
2436,10:26:41,10.66,-0.01,10,10660,卖盘
2437,10:26:35,10.67,0.01,251,267817,买盘
2438,10:26:29,10.66,--,69,73554,卖盘
2439,10:26:23,10.66,-0.01,142,151372,卖盘
2440,10:26:20,10.67,--,108,115236,卖盘
2441,10:26:17,10.67,-0.01,194,206998,卖盘
2442,10:26:14,10.68,--,99,105732,买盘
2443,10:26:11,10.68,0.01,50,53400,买盘
2444,10:26:08,10.67,--,57,60819,卖盘
2445,10:26:05,10.67,-0.01,109,116303,卖盘
2446,10:26:02,10.68,--,562,600216,买盘
2447,10:25:59,10.68,--,26,27768,买盘
2448,10:25:56,10.68,0.01,116,123888,买盘
2449,10:25:53,10.67,--,72,76824,卖盘
2450,10:25:50,10.67,-0.01,346,369182,卖盘
2451,10:25:47,10.68,0.01,68,72624,买盘
2452,10:25:44,10.67,-0.01,87,92829,卖盘
2453,10:25:41,10.68,0.01,277,295836,买盘
2454,10:25:38,10.67,-0.01,60,64020,卖盘
2455,10:25:35,10.68,--,122,130296,买盘
2456,10:25:32,10.68,0.01,507,541476,买盘
2457,10:25:26,10.67,--,874,932558,卖盘
2458,10:25:23,10.67,-0.01,149,158983,卖盘
2459,10:25:19,10.68,0.01,168,179424,买盘
2460,10:25:16,10.67,--,65,69355,卖盘
2461,10:25:13,10.67,--,42,44814,卖盘
2462,10:25:10,10.67,--,148,157916,买盘
2463,10:25:07,10.67,0.01,31,33077,买盘
2464,10:25:04,10.66,-0.02,172,183352,卖盘
2465,10:25:01,10.68,0.01,32,34176,买盘
2466,10:24:58,10.67,0.01,23,24541,买盘
2467,10:24:55,10.66,--,200,214223,买盘
2468,10:24:49,10.66,--,311,331526,买盘
2469,10:24:46,10.66,--,446,475436,买盘
2470,10:24:43,10.66,-0.01,2499,2663976,卖盘
2471,10:24:40,10.67,0.01,1469,1567423,买盘
2472,10:24:37,10.66,--,517,552145,买盘
2473,10:24:34,10.66,--,728,776048,买盘
2474,10:24:31,10.66,--,123,131118,买盘
2475,10:24:28,10.66,--,64,68224,买盘
2476,10:24:25,10.66,--,166,176956,买盘
2477,10:24:19,10.66,0.01,244,260104,买盘
2478,10:24:13,10.65,-0.01,110,117150,卖盘
2479,10:24:10,10.66,0.01,46,49036,买盘
2480,10:24:07,10.65,--,24,25560,卖盘
2481,10:24:04,10.65,--,521,555205,买盘
2482,10:24:01,10.65,--,239,254535,买盘
2483,10:23:58,10.65,--,1375,1464375,买盘
2484,10:23:55,10.65,--,80,85200,买盘
2485,10:23:52,10.65,--,176,187440,买盘
2486,10:23:49,10.65,--,648,690120,买盘
2487,10:23:46,10.65,--,115,122475,买盘
2488,10:23:43,10.65,--,84,89460,买盘
2489,10:23:40,10.65,--,1127,1200255,买盘
2490,10:23:37,10.65,--,155,165075,买盘
2491,10:23:34,10.65,--,20,21300,买盘
2492,10:23:31,10.65,--,833,887145,买盘
2493,10:23:28,10.65,--,86,91590,买盘
2494,10:23:25,10.65,--,39,41535,买盘
2495,10:23:22,10.65,--,33,35145,买盘
2496,10:23:19,10.65,--,56,59640,买盘
2497,10:23:16,10.65,--,44,46860,买盘
2498,10:23:13,10.65,--,280,298200,买盘
2499,10:23:10,10.65,0.01,30,31950,买盘
2500,10:23:07,10.64,-0.01,40,42560,中性盘
2501,10:23:01,10.65,0.01,151,160815,买盘
2502,10:22:58,10.64,--,20,21280,买盘
2503,10:22:55,10.64,0.01,30,31920,买盘
2504,10:22:52,10.63,--,134,143016,买盘
2505,10:22:49,10.63,--,15,15945,买盘
2506,10:22:46,10.63,--,94,99922,买盘
2507,10:22:43,10.63,-0.01,507,539004,卖盘
2508,10:22:40,10.64,--,500,532000,买盘
2509,10:22:34,10.64,0.01,17,18088,买盘
2510,10:22:28,10.63,-0.01,68,72284,卖盘
2511,10:22:25,10.64,0.01,113,120232,买盘
2512,10:22:19,10.63,-0.01,7,7441,卖盘
2513,10:22:16,10.64,--,809,860776,买盘
2514,10:22:10,10.64,--,102,108528,买盘
2515,10:22:07,10.64,0.02,84,90376,买盘
2516,10:22:01,10.62,-0.02,234,248571,卖盘
2517,10:21:55,10.64,--,399,424536,买盘
2518,10:21:52,10.64,--,49,52136,买盘
2519,10:21:49,10.64,--,38,40432,买盘
2520,10:21:46,10.64,0.01,26,27664,买盘
2521,10:21:43,10.63,--,297,316710,买盘
2522,10:21:40,10.63,--,90,95670,买盘
2523,10:21:37,10.63,0.01,49,52087,买盘
2524,10:21:34,10.62,-0.01,65,69030,卖盘
2525,10:21:31,10.63,--,111,117993,买盘
2526,10:21:28,10.63,--,231,245553,买盘
2527,10:21:25,10.63,--,585,621855,买盘
2528,10:21:22,10.63,--,297,315711,买盘
2529,10:21:19,10.63,--,46,48898,买盘
2530,10:21:16,10.63,--,19,20197,买盘
2531,10:21:13,10.63,--,19,20197,买盘
2532,10:21:10,10.63,0.01,100,106300,买盘
2533,10:21:04,10.62,-0.01,34,36108,卖盘
2534,10:21:01,10.63,--,24,25512,买盘
2535,10:20:58,10.63,--,79,83977,买盘
2536,10:20:52,10.63,--,43,45709,买盘
2537,10:20:46,10.63,--,20,21260,买盘
2538,10:20:43,10.63,0.01,79,83977,买盘
2539,10:20:37,10.62,-0.01,1,1062,卖盘
2540,10:20:34,10.63,--,234,248742,买盘
2541,10:20:31,10.63,0.01,107,113741,买盘
2542,10:20:25,10.62,--,250,265500,卖盘
2543,10:20:16,10.62,-0.01,122,129563,卖盘
2544,10:20:13,10.63,0.01,4,4252,中性盘
2545,10:20:10,10.62,-0.02,3,3185,卖盘
2546,10:20:07,10.64,--,102,108528,买盘
2547,10:20:04,10.64,0.01,40,42560,买盘
2548,10:20:01,10.63,--,40,42520,买盘
2549,10:19:58,10.63,--,20,21260,买盘
2550,10:19:55,10.63,--,34,36142,买盘
2551,10:19:52,10.63,--,273,290199,买盘
2552,10:19:49,10.63,--,5,5315,买盘
2553,10:19:43,10.63,--,54,57402,买盘
2554,10:19:37,10.63,0.01,10,10630,买盘
2555,10:19:34,10.62,-0.01,22,23364,卖盘
2556,10:19:28,10.63,--,79,83977,买盘
2557,10:19:25,10.63,--,6,6378,买盘
2558,10:19:22,10.63,--,24,25512,买盘
2559,10:19:19,10.63,0.01,18,19134,买盘
2560,10:19:16,10.62,--,32,33984,卖盘
2561,10:19:13,10.62,-0.01,65,69030,卖盘
2562,10:19:10,10.63,--,9,9567,买盘
2563,10:19:07,10.63,-0.01,281,299425,卖盘
2564,10:19:04,10.64,--,100,106400,买盘
2565,10:18:58,10.64,0.01,162,172368,买盘
2566,10:18:55,10.63,-0.01,270,287010,卖盘
2567,10:18:52,10.64,--,148,157472,买盘
2568,10:18:46,10.64,0.01,136,144704,买盘
2569,10:18:43,10.63,-0.01,10,10630,卖盘
2570,10:18:40,10.64,0.01,55,58520,买盘
2571,10:18:37,10.63,--,9,9567,卖盘
2572,10:18:34,10.63,-0.01,5,5315,卖盘
2573,10:18:31,10.64,0.01,3,3192,买盘
2574,10:18:25,10.63,--,81,86103,卖盘
2575,10:18:22,10.63,--,77,82903,卖盘
2576,10:18:19,10.63,-0.01,20,21260,卖盘
2577,10:18:16,10.64,--,43,45752,买盘
2578,10:18:13,10.64,0.01,5,5320,买盘
2579,10:18:10,10.63,--,1,1063,卖盘
2580,10:18:07,10.63,-0.01,1409,1498489,卖盘
2581,10:18:04,10.64,--,104,110656,买盘
2582,10:17:58,10.64,0.01,30,31920,买盘
2583,10:17:55,10.63,-0.01,20,21260,卖盘
2584,10:17:52,10.64,0.01,15,15960,买盘
2585,10:17:46,10.63,-0.01,2,2126,卖盘
2586,10:17:43,10.64,--,50,53200,买盘
2587,10:17:40,10.64,--,48,51072,买盘
2588,10:17:37,10.64,--,66,70224,买盘
2589,10:17:34,10.64,--,6,6384,买盘
2590,10:17:28,10.64,0.01,36,38304,买盘
2591,10:17:22,10.63,-0.01,10,10630,卖盘
2592,10:17:19,10.64,0.01,9,9576,买盘
2593,10:17:16,10.63,--,100,106300,卖盘
2594,10:17:13,10.63,-0.01,260,276380,卖盘
2595,10:17:10,10.64,--,6,6384,买盘
2596,10:17:07,10.64,--,649,690536,买盘
2597,10:17:04,10.64,0.01,114,121296,买盘
2598,10:17:01,10.63,-0.01,346,367798,卖盘
2599,10:16:55,10.64,0.01,35,37240,买盘
2600,10:16:52,10.63,-0.01,2,2126,卖盘
2601,10:16:49,10.64,--,63,67032,买盘
2602,10:16:46,10.64,--,294,312816,买盘
2603,10:16:43,10.64,0.01,75,79800,买盘
2604,10:16:40,10.63,-0.01,52,55276,卖盘
2605,10:16:37,10.64,--,144,153216,买盘
2606,10:16:31,10.64,0.01,10,10640,买盘
2607,10:16:28,10.63,-0.01,613,652309,卖盘
2608,10:16:22,10.64,0.02,2043,2173752,买盘
2609,10:16:19,10.62,-0.02,346,367452,卖盘
2610,10:16:13,10.64,0.01,276,293674,买盘
2611,10:16:10,10.63,--,37,39331,买盘
2612,10:16:04,10.63,0.01,140,148820,买盘
2613,10:16:01,10.62,-0.01,24,25487,卖盘
2614,10:15:58,10.63,--,497,528311,买盘
2615,10:15:55,10.63,--,139,147757,买盘
2616,10:15:52,10.63,--,226,240238,买盘
2617,10:15:46,10.63,--,233,247679,买盘
2618,10:15:43,10.63,--,308,327404,买盘
2619,10:15:40,10.63,--,29,30827,买盘
2620,10:15:37,10.63,--,102,108426,买盘
2621,10:15:31,10.63,--,55,58465,买盘
2622,10:15:28,10.63,--,454,482602,买盘
2623,10:15:25,10.63,--,347,368861,买盘
2624,10:15:22,10.63,--,127,135001,买盘
2625,10:15:16,10.63,--,376,399688,买盘
2626,10:15:13,10.63,--,78,82914,买盘
2627,10:15:10,10.63,0.01,286,304018,买盘
2628,10:15:04,10.62,--,218,231515,买盘
2629,10:15:01,10.62,-0.01,176,186912,卖盘
2630,10:14:58,10.63,0.01,340,361420,买盘
2631,10:14:55,10.62,--,54,57347,买盘
2632,10:14:52,10.62,--,502,533124,买盘
2633,10:14:49,10.62,--,1049,1114038,买盘
2634,10:14:43,10.62,--,60,63719,买盘
2635,10:14:40,10.62,--,6,6371,买盘
2636,10:14:37,10.62,--,152,161424,买盘
2637,10:14:34,10.62,--,131,139122,买盘
2638,10:14:31,10.62,--,121,128501,买盘
2639,10:14:28,10.62,--,59,62657,买盘
2640,10:14:25,10.62,--,45,47790,买盘
2641,10:14:22,10.62,--,73,77526,买盘
2642,10:14:19,10.62,--,8,8496,买盘
2643,10:14:16,10.62,--,119,126377,买盘
2644,10:14:13,10.62,--,157,166734,买盘
2645,10:14:10,10.62,--,129,136998,买盘
2646,10:14:07,10.62,0.01,124,131688,买盘
2647,10:14:04,10.61,--,55,59023,卖盘
2648,10:13:55,10.61,-0.01,100,106100,卖盘
2649,10:13:52,10.62,--,59,62657,买盘
2650,10:13:49,10.62,0.01,57,60533,买盘
2651,10:13:40,10.61,-0.01,22,23342,卖盘
2652,10:13:37,10.62,0.01,38,40356,买盘
2653,10:13:31,10.61,--,91,96551,卖盘
2654,10:13:22,10.61,--,40,42440,卖盘
2655,10:13:13,10.61,--,155,164847,买盘
2656,10:13:10,10.61,0.01,88,93368,买盘
2657,10:13:07,10.6,-0.01,912,966720,卖盘
2658,10:12:58,10.61,--,8,8488,买盘
2659,10:12:55,10.61,--,59,62599,买盘
2660,10:12:49,10.61,--,51,54111,买盘
2661,10:12:46,10.61,--,10,10610,买盘
2662,10:12:43,10.61,--,45,47745,买盘
2663,10:12:37,10.61,--,58,61538,买盘
2664,10:12:33,10.61,0.01,99,105039,买盘
2665,10:12:30,10.6,-0.01,93,98580,卖盘
2666,10:12:27,10.61,0.01,49,51989,买盘
2667,10:12:24,10.6,-0.01,48,50880,卖盘
2668,10:12:21,10.61,0.01,4,4244,买盘
2669,10:12:18,10.6,-0.01,11,11660,卖盘
2670,10:12:15,10.61,--,122,129442,卖盘
2671,10:12:09,10.61,--,4,4244,买盘
2672,10:12:06,10.61,--,28,29708,中性盘
2673,10:11:57,10.61,--,145,153845,中性盘
2674,10:11:51,10.61,--,100,106100,卖盘
2675,10:11:48,10.61,-0.01,62,65782,卖盘
2676,10:11:45,10.62,--,50,53099,买盘
2677,10:11:39,10.62,0.01,42,44604,买盘
2678,10:11:33,10.61,--,67,71087,卖盘
2679,10:11:30,10.61,-0.01,1,1061,卖盘
2680,10:11:27,10.62,--,34,36108,买盘
2681,10:11:21,10.62,0.01,3,3185,买盘
2682,10:11:18,10.61,--,58,61538,买盘
2683,10:11:12,10.61,--,123,130503,买盘
2684,10:11:09,10.61,--,2,2122,买盘
2685,10:11:06,10.61,--,116,123076,买盘
2686,10:11:03,10.61,--,59,62599,买盘
2687,10:10:57,10.61,--,6,6366,买盘
2688,10:10:48,10.61,--,826,876386,卖盘
2689,10:10:45,10.61,--,20,21220,卖盘
2690,10:10:36,10.61,-0.01,1,1061,卖盘
2691,10:10:30,10.62,--,617,655254,买盘
2692,10:10:27,10.62,--,69,73278,买盘
2693,10:10:21,10.62,--,40,42480,买盘
2694,10:10:18,10.62,0.01,59,62657,买盘
2695,10:10:15,10.61,-0.01,150,159150,卖盘
2696,10:10:09,10.62,--,530,562860,卖盘
2697,10:10:06,10.62,--,60,63719,卖盘
2698,10:10:03,10.62,--,85,90270,卖盘
2699,10:10:00,10.62,0.01,710,754020,买盘
2700,10:09:54,10.61,--,13,13793,卖盘
2701,10:09:51,10.61,-0.01,375,397875,卖盘
2702,10:09:45,10.62,--,928,985535,卖盘
2703,10:09:39,10.62,--,46,48852,卖盘
2704,10:09:36,10.62,--,48,50975,卖盘
2705,10:09:33,10.62,--,1,1062,卖盘
2706,10:09:27,10.62,--,3,3185,卖盘
2707,10:09:21,10.62,--,44,46728,卖盘
2708,10:09:18,10.62,--,266,282492,卖盘
2709,10:09:15,10.62,--,2877,3055374,买盘
2710,10:09:09,10.62,--,42,44604,买盘
2711,10:09:06,10.62,0.01,274,290988,买盘
2712,10:09:03,10.61,--,25,26525,卖盘
2713,10:09:00,10.61,-0.01,7,7427,卖盘
2714,10:08:54,10.62,0.01,15,15929,买盘
2715,10:08:48,10.61,--,45,47745,卖盘
2716,10:08:42,10.61,--,30,31830,卖盘
2717,10:08:39,10.61,--,105,111405,卖盘
2718,10:08:36,10.61,--,10,10610,卖盘
2719,10:08:33,10.61,--,51,54111,卖盘
2720,10:08:30,10.61,--,50,53050,卖盘
2721,10:08:27,10.61,--,367,389387,买盘
2722,10:08:24,10.61,0.01,11,11671,买盘
2723,10:08:21,10.6,--,10,10600,卖盘
2724,10:08:15,10.6,-0.01,578,612680,卖盘
2725,10:08:12,10.61,--,21,22281,卖盘
2726,10:08:09,10.61,--,453,480633,买盘
2727,10:08:06,10.61,0.01,31,32891,买盘
2728,10:08:03,10.6,-0.01,92,97520,卖盘
2729,10:08:00,10.61,--,17,18037,买盘
2730,10:07:57,10.61,--,44,46684,买盘
2731,10:07:51,10.61,--,10,10610,买盘
2732,10:07:42,10.61,--,23,24403,买盘
2733,10:07:33,10.61,0.01,60,63660,买盘
2734,10:07:30,10.6,-0.01,70,74200,卖盘
2735,10:07:27,10.61,--,75,79575,买盘
2736,10:07:21,10.61,0.01,9,9549,买盘
2737,10:07:18,10.6,-0.01,57,60420,卖盘
2738,10:07:15,10.61,0.01,59,62599,买盘
2739,10:07:12,10.6,-0.01,14,14840,卖盘
2740,10:07:03,10.61,--,107,113527,买盘
2741,10:07:00,10.61,--,84,89124,买盘
2742,10:06:57,10.61,--,101,107161,买盘
2743,10:06:54,10.61,0.01,100,106100,买盘
2744,10:06:45,10.6,0.01,108,114935,中性盘
2745,10:06:39,10.59,-0.02,115,121785,卖盘
2746,10:06:36,10.61,--,41,43501,买盘
2747,10:06:33,10.61,0.01,375,397875,买盘
2748,10:06:30,10.6,--,58,61480,买盘
2749,10:06:27,10.6,-0.01,97,102820,卖盘
2750,10:06:24,10.61,--,12,12732,买盘
2751,10:06:21,10.61,0.01,53,56233,买盘
2752,10:06:18,10.6,--,126,133560,买盘
2753,10:06:15,10.6,-0.01,62,65720,卖盘
2754,10:06:12,10.61,0.01,102,108222,买盘
2755,10:06:09,10.6,--,406,430360,买盘
2756,10:06:06,10.6,--,13,13780,买盘
2757,10:06:03,10.6,--,11,11660,买盘
2758,10:05:57,10.6,--,183,193980,买盘
2759,10:05:54,10.6,--,22,23320,买盘
2760,10:05:51,10.6,--,30,31800,买盘
2761,10:05:42,10.6,--,59,62540,买盘
2762,10:05:39,10.6,0.01,10,10600,买盘
2763,10:05:33,10.59,--,66,69894,卖盘
2764,10:05:30,10.59,-0.01,56,59304,卖盘
2765,10:05:27,10.6,--,59,62540,买盘
