,time,price,change,volume,amount,type
0,15:00:22,16.1,--,5102,8214767,卖盘
1,14:58:16,16.1,--,0,0,买盘
2,14:57:01,16.1,0.01,25,40250,卖盘
3,14:56:58,16.09,--,56,90104,卖盘
4,14:56:55,16.09,--,37,59533,卖盘
5,14:56:52,16.09,--,238,382942,卖盘
6,14:56:49,16.09,-0.01,133,213997,卖盘
7,14:56:46,16.1,0.01,221,355810,买盘
8,14:56:40,16.09,-0.01,56,90104,卖盘
9,14:56:34,16.1,--,227,365470,买盘
10,14:56:31,16.1,0.01,50,80500,买盘
11,14:56:28,16.09,--,46,74014,卖盘
12,14:56:22,16.09,--,217,349153,卖盘
13,14:56:19,16.09,-0.01,105,168945,卖盘
14,14:56:16,16.1,--,110,177100,买盘
15,14:56:13,16.1,0.01,234,376740,买盘
16,14:56:07,16.09,-0.01,148,238132,卖盘
17,14:56:01,16.1,--,134,215740,买盘
18,14:55:58,16.1,--,78,125580,买盘
19,14:55:52,16.1,0.01,102,164220,买盘
20,14:55:49,16.09,-0.01,36,57924,卖盘
21,14:55:46,16.1,--,66,106260,买盘
22,14:55:40,16.1,--,86,138460,买盘
23,14:55:37,16.1,0.01,453,729330,买盘
24,14:55:34,16.09,--,120,193080,卖盘
25,14:55:28,16.09,-0.01,1337,2151233,卖盘
26,14:55:25,16.1,--,6,9660,买盘
27,14:55:22,16.1,0.01,24,38640,买盘
28,14:55:19,16.09,-0.01,42,67578,卖盘
29,14:55:16,16.1,0.01,14,22540,买盘
30,14:55:13,16.09,-0.01,12,19308,卖盘
31,14:55:10,16.1,0.01,81,130410,买盘
32,14:55:07,16.09,-0.01,163,262267,卖盘
33,14:55:01,16.1,--,68,109480,买盘
34,14:54:58,16.1,--,20,32200,买盘
35,14:54:55,16.1,--,33,53130,买盘
36,14:54:52,16.1,--,267,429870,买盘
37,14:54:49,16.1,0.01,225,362250,买盘
38,14:54:46,16.09,--,54,86886,卖盘
39,14:54:43,16.09,-0.01,41,65969,卖盘
40,14:54:40,16.1,--,81,130410,买盘
41,14:54:37,16.1,--,31,49910,买盘
42,14:54:34,16.1,--,7,11270,买盘
43,14:54:31,16.1,0.01,77,123970,买盘
44,14:54:28,16.09,--,63,101367,卖盘
45,14:54:25,16.09,-0.01,1,1609,卖盘
46,14:54:22,16.1,--,41,66010,买盘
47,14:54:16,16.1,0.01,46,74060,买盘
48,14:54:13,16.09,--,131,210779,卖盘
49,14:54:10,16.09,--,17,27353,卖盘
50,14:54:07,16.09,--,46,74014,卖盘
51,14:54:04,16.09,--,240,386160,买盘
52,14:53:55,16.09,--,140,225260,卖盘
53,14:53:49,16.09,--,122,196298,卖盘
54,14:53:46,16.09,--,57,91713,卖盘
55,14:53:43,16.09,0.01,23,37007,中性盘
56,14:53:40,16.08,-0.01,69,110951,卖盘
57,14:53:37,16.09,-0.01,30,48270,中性盘
58,14:53:34,16.1,0.02,124,199640,买盘
59,14:53:31,16.08,--,106,170930,卖盘
60,14:53:28,16.08,-0.01,1113,1789703,卖盘
61,14:53:25,16.09,0.01,4,6436,买盘
62,14:53:22,16.08,--,106,170447,卖盘
63,14:53:19,16.08,--,162,261171,买盘
64,14:53:13,16.08,--,52,83615,买盘
65,14:53:10,16.08,--,47,75575,买盘
66,14:53:07,16.08,--,82,131856,买盘
67,14:53:04,16.08,--,81,130247,卖盘
68,14:53:01,16.08,--,121,194567,卖盘
69,14:52:58,16.08,-0.01,99,159191,卖盘
70,14:52:55,16.09,--,37,59533,买盘
71,14:52:52,16.09,0.01,72,115848,买盘
72,14:52:46,16.08,0.01,275,442199,买盘
73,14:52:43,16.07,-0.01,66,106062,卖盘
74,14:52:37,16.08,--,298,479183,买盘
75,14:52:34,16.08,0.01,65,104519,买盘
76,14:52:31,16.07,-0.01,135,217619,卖盘
77,14:52:25,16.08,0.01,50,80399,买盘
78,14:52:22,16.07,--,226,363182,卖盘
79,14:52:19,16.07,-0.01,34,54638,卖盘
80,14:52:16,16.08,--,214,344111,买盘
81,14:52:13,16.08,--,92,147935,买盘
82,14:52:10,16.08,0.01,71,114167,买盘
83,14:52:07,16.07,-0.01,20,32140,卖盘
84,14:52:04,16.08,0.01,69,110951,买盘
85,14:52:01,16.07,-0.01,188,302823,卖盘
86,14:51:58,16.08,0.01,130,209039,买盘
87,14:51:55,16.07,--,46,73922,卖盘
88,14:51:52,16.07,--,28,44996,卖盘
89,14:51:46,16.07,-0.01,64,102848,卖盘
90,14:51:37,16.08,--,49,78791,买盘
91,14:51:34,16.08,0.01,7,11255,买盘
92,14:51:31,16.07,-0.01,119,191907,卖盘
93,14:51:28,16.08,--,77,123815,买盘
94,14:51:25,16.08,0.01,24,38591,买盘
95,14:51:22,16.07,--,33,53031,卖盘
96,14:51:19,16.07,--,43,69101,卖盘
97,14:51:16,16.07,-0.01,39,62673,卖盘
98,14:51:13,16.08,0.01,132,212255,买盘
99,14:51:10,16.07,--,24,38568,卖盘
100,14:51:07,16.07,-0.01,96,154272,卖盘
101,14:51:04,16.08,--,187,301371,买盘
102,14:51:01,16.08,0.01,16,25727,买盘
103,14:50:58,16.07,--,49,78743,卖盘
104,14:50:55,16.07,-0.01,11,17677,卖盘
105,14:50:52,16.08,0.01,10,16079,买盘
106,14:50:49,16.07,--,3,4821,卖盘
107,14:50:46,16.07,--,4,6428,卖盘
108,14:50:43,16.07,--,30,48210,卖盘
109,14:50:40,16.07,--,101,162307,卖盘
110,14:50:34,16.07,--,177,285146,卖盘
111,14:50:31,16.07,--,10,16070,卖盘
112,14:50:25,16.07,-0.01,260,417820,卖盘
113,14:50:19,16.08,0.01,200,321599,买盘
114,14:50:13,16.07,-0.01,62,99634,卖盘
115,14:50:07,16.08,--,186,299087,买盘
116,14:50:01,16.08,0.01,136,219395,买盘
117,14:49:55,16.07,--,36,57852,卖盘
118,14:49:52,16.07,-0.01,37,59459,卖盘
119,14:49:49,16.08,--,102,164015,买盘
120,14:49:46,16.08,--,90,144719,买盘
121,14:49:40,16.08,--,7,11255,买盘
122,14:49:34,16.08,--,147,237051,买盘
123,14:49:31,16.08,--,47,75575,买盘
124,14:49:28,16.08,0.01,100,160799,买盘
125,14:49:25,16.07,-0.01,9,14463,卖盘
126,14:49:16,16.08,--,34,54671,买盘
127,14:49:13,16.08,0.01,44,70751,买盘
128,14:49:07,16.07,--,348,559910,卖盘
129,14:48:58,16.07,-0.01,213,342291,卖盘
130,14:48:55,16.08,--,12,19295,买盘
131,14:48:52,16.08,--,82,131856,买盘
132,14:48:49,16.08,0.01,18,28943,买盘
133,14:48:46,16.07,-0.01,86,138202,卖盘
134,14:48:43,16.08,--,5,8039,买盘
135,14:48:40,16.08,0.01,60,96479,买盘
136,14:48:34,16.07,-0.01,167,269076,卖盘
137,14:48:31,16.08,--,44,70751,买盘
138,14:48:28,16.08,--,7,11255,买盘
139,14:48:25,16.08,--,37,59495,买盘
140,14:48:22,16.08,--,9,14471,买盘
141,14:48:19,16.08,--,46,73967,买盘
142,14:48:16,16.08,--,41,65928,买盘
143,14:48:07,16.08,--,108,173663,买盘
144,14:48:04,16.08,0.01,120,192959,买盘
145,14:48:01,16.07,-0.01,119,191940,卖盘
146,14:47:57,16.08,0.01,36,57887,买盘
147,14:47:54,16.07,-0.01,21,33747,卖盘
148,14:47:51,16.08,0.01,28,45023,买盘
149,14:47:48,16.07,--,43,69101,卖盘
150,14:47:45,16.07,--,144,231408,卖盘
151,14:47:42,16.07,--,20,32140,卖盘
152,14:47:36,16.07,--,27,44063,买盘
153,14:47:33,16.07,-0.01,104,167128,卖盘
154,14:47:30,16.08,0.01,5,8039,买盘
155,14:47:27,16.07,--,38,61066,卖盘
156,14:47:24,16.07,--,287,461209,买盘
157,14:47:21,16.07,--,47,75529,买盘
158,14:47:18,16.07,--,56,89992,买盘
159,14:47:15,16.07,--,510,819570,买盘
160,14:47:12,16.07,0.01,10,16070,买盘
161,14:47:09,16.06,-0.01,22,35332,卖盘
162,14:47:06,16.07,0.01,5,8035,买盘
163,14:46:57,16.06,-0.01,222,357206,卖盘
164,14:46:54,16.07,--,30,48210,买盘
165,14:46:48,16.07,0.01,5,8035,买盘
166,14:46:39,16.06,-0.01,21,33726,卖盘
167,14:46:36,16.07,0.01,8,12856,买盘
168,14:46:33,16.06,-0.01,225,362056,卖盘
169,14:46:27,16.07,0.01,15,24105,买盘
170,14:46:24,16.06,-0.01,19,30513,卖盘
171,14:46:18,16.07,--,3,4821,买盘
172,14:46:15,16.07,0.01,15,24105,买盘
173,14:46:12,16.06,--,152,244111,卖盘
174,14:46:06,16.06,-0.01,13,20878,卖盘
175,14:46:00,16.07,0.01,132,212831,买盘
176,14:45:54,16.06,--,10,16059,卖盘
177,14:45:51,16.06,--,6,9636,卖盘
178,14:45:39,16.06,--,25,40150,卖盘
179,14:45:36,16.06,-0.01,1,1605,卖盘
180,14:45:33,16.07,0.01,20,32140,买盘
181,14:45:30,16.06,--,127,204636,卖盘
182,14:45:27,16.06,--,132,211991,买盘
183,14:45:24,16.06,--,1,1605,买盘
184,14:45:18,16.06,--,61,97965,买盘
185,14:45:15,16.06,--,40,64239,买盘
186,14:45:12,16.06,-0.01,136,218415,卖盘
187,14:45:09,16.07,0.01,8,12856,买盘
188,14:45:06,16.06,-0.01,173,277838,卖盘
189,14:45:03,16.07,0.01,35,56245,买盘
190,14:45:00,16.06,-0.01,1,1605,卖盘
191,14:44:57,16.07,0.01,60,96420,中性盘
192,14:44:54,16.06,--,56,89936,卖盘
193,14:44:51,16.06,-0.02,44,70664,卖盘
194,14:44:42,16.08,0.01,63,101303,买盘
195,14:44:39,16.07,0.01,15,24105,买盘
196,14:44:36,16.06,--,23,36938,卖盘
197,14:44:30,16.06,-0.02,96,154176,卖盘
198,14:44:27,16.08,--,41,65928,买盘
199,14:44:24,16.08,--,4,6431,买盘
200,14:44:21,16.08,0.02,240,385919,买盘
201,14:44:18,16.06,-0.01,44,70664,卖盘
202,14:44:15,16.07,-0.01,16,25712,卖盘
203,14:44:12,16.08,0.01,17,27335,买盘
204,14:44:09,16.07,0.01,121,194447,买盘
205,14:44:06,16.06,--,40,64239,卖盘
206,14:44:00,16.06,-0.01,66,105995,卖盘
207,14:43:54,16.07,0.01,43,69101,买盘
208,14:43:48,16.06,--,53,85118,卖盘
209,14:43:45,16.06,--,5,8029,卖盘
210,14:43:27,16.06,--,70,112419,买盘
211,14:43:24,16.06,--,94,150964,买盘
212,14:43:18,16.06,-0.01,95,152570,卖盘
213,14:43:15,16.07,--,52,83564,买盘
214,14:43:12,16.07,0.01,10,16070,买盘
215,14:43:06,16.06,-0.01,13,20878,卖盘
216,14:43:03,16.07,-0.01,54,86778,买盘
217,14:43:00,16.08,0.01,165,265320,买盘
218,14:42:54,16.07,0.01,75,120525,买盘
219,14:42:51,16.06,--,99,158994,卖盘
220,14:42:48,16.06,-0.01,62,99571,卖盘
221,14:42:42,16.07,--,2,3214,买盘
222,14:42:39,16.07,0.01,5,8035,买盘
223,14:42:36,16.06,-0.01,51,81906,卖盘
224,14:42:27,16.07,--,16,25712,买盘
225,14:42:24,16.07,0.01,2,3214,买盘
226,14:42:21,16.06,-0.01,5,8029,卖盘
227,14:42:15,16.07,0.01,23,36961,买盘
228,14:42:12,16.06,--,39,62633,卖盘
229,14:42:09,16.06,--,235,377409,卖盘
230,14:42:06,16.06,--,42,68897,买盘
231,14:42:03,16.06,--,2,3372,卖盘
232,14:42:00,16.06,--,41,65846,卖盘
233,14:41:57,16.06,--,4,6456,卖盘
234,14:41:48,16.06,--,4,6423,卖盘
235,14:41:45,16.06,--,34,56017,买盘
236,14:41:42,16.06,0.01,1,1605,买盘
237,14:41:39,16.05,-0.01,34,54762,卖盘
238,14:41:36,16.06,0.01,445,716083,买盘
239,14:41:33,16.05,-0.01,21,33705,卖盘
240,14:41:30,16.06,--,44,70664,买盘
241,14:41:27,16.06,--,66,105995,买盘
242,14:41:18,16.06,0.01,10,16059,买盘
243,14:41:15,16.05,--,1,1605,卖盘
244,14:41:12,16.05,-0.01,1,2375,卖盘
245,14:41:09,16.06,0.02,39,62633,买盘
246,14:41:06,16.04,-0.01,26,41704,卖盘
247,14:41:03,16.05,0.01,77,123585,买盘
248,14:41:00,16.04,--,54,86616,卖盘
249,14:40:57,16.04,--,7,11228,卖盘
250,14:40:48,16.04,-0.02,1,1604,卖盘
251,14:40:45,16.06,0.02,19,30513,买盘
252,14:40:42,16.04,--,203,325612,卖盘
253,14:40:36,16.04,-0.02,67,107468,卖盘
254,14:40:33,16.06,0.01,12,19272,买盘
255,14:40:30,16.05,0.01,9,14445,中性盘
256,14:40:24,16.04,--,13,20852,卖盘
257,14:40:21,16.04,-0.01,11,17644,卖盘
258,14:40:18,16.05,0.01,11,17655,中性盘
259,14:40:15,16.04,-0.02,3,4812,卖盘
260,14:40:06,16.06,0.02,21,33726,买盘
261,14:40:03,16.04,-0.02,18,28872,中性盘
262,14:39:57,16.06,0.02,500,802999,买盘
263,14:39:51,16.04,0.01,35,56140,买盘
264,14:39:48,16.03,-0.01,6,9618,卖盘
265,14:39:45,16.04,-0.01,192,307968,卖盘
266,14:39:33,16.05,0.01,1,1605,买盘
267,14:39:30,16.04,-0.01,17,27268,卖盘
268,14:39:27,16.05,-0.01,2,3210,卖盘
269,14:39:24,16.06,0.01,53,85118,买盘
270,14:39:21,16.05,--,21,33705,卖盘
271,14:39:15,16.05,-0.01,5,8025,卖盘
272,14:39:12,16.06,0.01,13,20878,买盘
273,14:39:09,16.05,--,69,110745,卖盘
274,14:39:06,16.05,--,5,8025,卖盘
275,14:39:00,16.05,--,196,314580,卖盘
276,14:38:57,16.05,--,82,131610,卖盘
277,14:38:51,16.05,--,33,52965,买盘
278,14:38:48,16.05,-0.01,87,139635,卖盘
279,14:38:45,16.06,0.01,5,8029,买盘
280,14:38:42,16.05,--,12,19260,卖盘
281,14:38:39,16.05,--,41,65805,卖盘
282,14:38:36,16.05,--,63,101115,买盘
283,14:38:33,16.05,--,205,329025,卖盘
284,14:38:27,16.05,--,1,1605,卖盘
285,14:38:24,16.05,--,16,25680,卖盘
286,14:38:21,16.05,--,7,11235,卖盘
287,14:38:18,16.05,0.01,36,57780,中性盘
288,14:38:12,16.04,-0.01,700,1122800,卖盘
289,14:38:09,16.05,--,2,3210,卖盘
290,14:38:06,16.05,--,8,12840,卖盘
291,14:38:03,16.05,0.01,12,19260,中性盘
292,14:38:00,16.04,-0.01,195,312780,卖盘
293,14:37:57,16.05,0.01,78,125190,买盘
294,14:37:51,16.04,-0.01,288,461952,卖盘
295,14:37:48,16.05,--,41,65805,买盘
296,14:37:42,16.05,--,15,24075,买盘
297,14:37:39,16.05,--,11,17655,买盘
298,14:37:33,16.05,--,36,57780,买盘
299,14:37:30,16.05,0.01,9,14445,买盘
300,14:37:27,16.04,-0.01,85,136340,卖盘
301,14:37:24,16.05,0.01,4,6420,买盘
302,14:37:21,16.04,--,8,12832,卖盘
303,14:37:15,16.04,--,74,118696,卖盘
304,14:37:12,16.04,-0.01,6,9624,卖盘
305,14:37:09,16.05,0.01,1,1605,买盘
306,14:37:06,16.04,--,63,101052,卖盘
307,14:37:03,16.04,-0.01,13,20852,卖盘
308,14:37:00,16.05,0.01,4,6420,买盘
309,14:36:57,16.04,--,78,125112,卖盘
310,14:36:54,16.04,--,152,243808,卖盘
311,14:36:51,16.04,-0.01,41,65764,卖盘
312,14:36:45,16.05,0.01,10,16050,买盘
313,14:36:39,16.04,--,11,17644,卖盘
314,14:36:36,16.04,-0.01,12,19248,卖盘
315,14:36:33,16.05,0.01,5,8025,买盘
316,14:36:30,16.04,0.01,2,3208,中性盘
317,14:36:24,16.03,-0.01,77,123431,卖盘
318,14:36:21,16.04,--,38,60952,买盘
319,14:36:18,16.04,--,1,1604,买盘
320,14:36:15,16.04,0.01,16,25664,买盘
321,14:36:12,16.03,-0.01,600,961800,卖盘
322,14:36:09,16.04,--,10,16040,卖盘
323,14:36:03,16.04,--,13,20852,买盘
324,14:36:00,16.04,-0.01,76,121904,卖盘
325,14:35:57,16.05,0.01,20,32100,买盘
326,14:35:51,16.04,-0.01,21,33684,卖盘
327,14:35:48,16.05,0.01,92,148269,买盘
328,14:35:42,16.04,--,238,382746,卖盘
329,14:35:39,16.04,--,1,1604,卖盘
330,14:35:36,16.04,-0.01,81,129924,卖盘
331,14:35:30,16.05,0.01,10,16050,买盘
332,14:35:27,16.04,--,6,9624,卖盘
333,14:35:24,16.04,--,2,3208,卖盘
334,14:35:21,16.04,--,5,8020,卖盘
335,14:35:18,16.04,-0.01,73,117092,卖盘
336,14:35:15,16.05,--,7,11235,买盘
337,14:35:09,16.05,0.01,9,14445,买盘
338,14:35:06,16.04,--,8,12832,卖盘
339,14:35:03,16.04,--,19,30476,卖盘
340,14:35:00,16.04,--,174,279705,买盘
341,14:34:57,16.04,--,10,16040,买盘
342,14:34:54,16.04,0.01,13,20852,买盘
343,14:34:51,16.03,--,174,278922,卖盘
344,14:34:45,16.03,-0.01,82,131446,卖盘
345,14:34:42,16.04,-0.01,297,477382,卖盘
346,14:34:39,16.05,--,1,1605,买盘
347,14:34:36,16.05,--,10,16050,买盘
348,14:34:33,16.05,0.01,4,6420,买盘
349,14:34:30,16.04,--,3,4812,卖盘
350,14:34:27,16.04,-0.01,5,8020,卖盘
351,14:34:18,16.05,--,1,1605,买盘
352,14:34:09,16.05,--,30,48150,买盘
353,14:34:06,16.05,--,7,11235,买盘
354,14:34:00,16.05,--,85,136425,买盘
355,14:33:57,16.05,--,5,8025,卖盘
356,14:33:51,16.05,--,109,174945,卖盘
357,14:33:48,16.05,-0.01,5,8025,卖盘
358,14:33:45,16.06,0.01,70,112419,买盘
359,14:33:39,16.05,-0.01,6,9630,卖盘
360,14:33:36,16.06,0.01,65,104389,买盘
361,14:33:33,16.05,-0.01,2,3210,卖盘
362,14:33:30,16.06,--,3,4818,买盘
363,14:33:27,16.06,0.02,22,35332,卖盘
364,14:33:21,16.04,-0.02,248,397792,卖盘
365,14:33:18,16.06,--,2,3211,卖盘
366,14:33:12,16.06,--,39,62633,卖盘
367,14:33:09,16.06,-0.01,20,32119,卖盘
368,14:33:06,16.07,0.01,48,77136,买盘
369,14:33:03,16.06,--,39,62633,卖盘
370,14:33:00,16.06,-0.01,30,48179,卖盘
371,14:32:54,16.07,--,20,32140,买盘
372,14:32:51,16.07,0.03,35,56245,买盘
373,14:32:48,16.04,-0.02,417,668868,卖盘
374,14:32:45,16.06,-0.01,18,28907,卖盘
375,14:32:36,16.07,--,57,91599,买盘
376,14:32:33,16.07,0.01,3,4821,买盘
377,14:32:30,16.06,--,18,28907,买盘
378,14:32:27,16.06,--,14,22484,卖盘
379,14:32:24,16.06,--,44,70664,买盘
380,14:32:21,16.06,--,1,1605,中性盘
381,14:32:18,16.06,--,270,433619,卖盘
382,14:32:15,16.06,--,6,9636,卖盘
383,14:32:12,16.06,--,9,14453,卖盘
384,14:32:00,16.06,--,33,52997,买盘
385,14:31:57,16.06,--,15,24089,买盘
386,14:31:54,16.06,--,119,191113,买盘
387,14:31:51,16.06,-0.01,33,52997,卖盘
388,14:31:45,16.07,0.01,19,30533,买盘
389,14:31:42,16.06,--,30,48179,卖盘
390,14:31:36,16.06,-0.01,52,83512,卖盘
391,14:31:33,16.07,0.01,1,1607,买盘
392,14:31:30,16.06,-0.01,13,20878,中性盘
393,14:31:27,16.07,0.01,20,32140,买盘
394,14:31:24,16.06,--,31,49785,卖盘
395,14:31:21,16.06,-0.01,10,16059,卖盘
396,14:31:15,16.07,--,22,35354,买盘
397,14:31:12,16.07,0.01,85,136595,买盘
398,14:31:09,16.06,--,5,8029,卖盘
399,14:31:06,16.06,-0.01,1,1605,卖盘
400,14:31:03,16.07,-0.01,34,54638,卖盘
401,14:30:54,16.08,0.01,21,33768,买盘
402,14:30:51,16.07,-0.01,7,11249,中性盘
403,14:30:45,16.08,0.02,19,30551,买盘
404,14:30:42,16.06,-0.01,305,489829,卖盘
405,14:30:39,16.07,0.01,5,8035,中性盘
406,14:30:36,16.06,-0.01,51,81906,卖盘
407,14:30:27,16.07,--,53,85171,买盘
408,14:30:15,16.07,--,2,3214,买盘
409,14:30:15,16.07,--,40,64280,中性盘
410,14:30:00,16.07,--,5,8035,卖盘
411,14:29:57,16.07,-0.01,1,1607,卖盘
412,14:29:51,16.08,0.01,20,32159,买盘
413,14:29:45,16.07,0.01,3,4821,中性盘
414,14:29:42,16.06,-0.02,36,57815,卖盘
415,14:29:39,16.08,--,11,17687,买盘
416,14:29:36,16.08,-0.01,20,32159,中性盘
417,14:29:30,16.09,0.01,23,37007,买盘
418,14:29:27,16.08,--,21,33768,卖盘
419,14:29:21,16.08,-0.01,26,41807,卖盘
420,14:29:18,16.09,0.01,5,8045,买盘
421,14:29:15,16.08,--,23,36983,卖盘
422,14:29:12,16.08,--,35,56279,卖盘
423,14:29:09,16.08,--,52,83615,买盘
424,14:29:06,16.08,--,9,14471,卖盘
425,14:29:03,16.08,-0.01,16,25727,卖盘
426,14:28:57,16.09,0.01,3,4827,买盘
427,14:28:54,16.08,0.01,123,197783,买盘
428,14:28:51,16.07,-0.02,7,11249,卖盘
429,14:28:48,16.09,0.02,212,341108,买盘
430,14:28:45,16.07,-0.02,20,32140,卖盘
431,14:28:42,16.09,0.01,48,77232,买盘
432,14:28:36,16.08,--,61,98087,买盘
433,14:28:33,16.08,--,11,17687,买盘
434,14:28:30,16.08,--,30,48239,买盘
435,14:28:21,16.08,--,2,3215,买盘
436,14:28:18,16.08,--,75,120599,卖盘
437,14:28:15,16.08,--,37,59495,卖盘
438,14:28:12,16.08,--,10,16079,卖盘
439,14:28:09,16.08,--,112,180095,买盘
440,14:28:03,16.08,--,5,8039,买盘
441,14:28:00,16.08,--,36,57887,买盘
442,14:27:54,16.08,--,58,93263,买盘
443,14:27:51,16.08,-0.01,39,62711,卖盘
444,14:27:45,16.09,0.01,56,90104,买盘
445,14:27:39,16.08,--,35,56279,卖盘
446,14:27:36,16.08,-0.01,86,138287,卖盘
447,14:27:33,16.09,0.01,54,86886,买盘
448,14:27:27,16.08,-0.01,17,27335,卖盘
449,14:27:21,16.09,0.01,14,22526,买盘
450,14:27:18,16.08,--,51,82007,卖盘
451,14:27:15,16.08,--,12,19295,卖盘
452,14:27:12,16.08,--,12,19295,卖盘
453,14:27:09,16.08,--,10,16079,卖盘
454,14:27:06,16.08,--,106,170447,卖盘
455,14:27:03,16.08,--,87,139895,买盘
456,14:26:53,16.08,--,200,321599,买盘
457,14:26:47,16.08,0.01,14,22511,买盘
458,14:26:44,16.07,--,69,110883,卖盘
459,14:26:38,16.07,0.01,153,245871,买盘
460,14:26:35,16.06,-0.01,22,35332,卖盘
461,14:26:29,16.07,--,58,93206,买盘
462,14:26:23,16.07,0.01,7,11249,买盘
463,14:26:17,16.06,--,2,3211,卖盘
464,14:26:11,16.06,-0.01,9,14453,卖盘
465,14:26:08,16.07,--,31,49817,买盘
466,14:26:05,16.07,0.01,7,11249,买盘
467,14:26:02,16.06,--,9,14453,卖盘
468,14:25:59,16.06,--,8,12847,卖盘
469,14:25:56,16.06,-0.01,5,8029,卖盘
470,14:25:44,16.07,0.01,1,1607,买盘
471,14:25:41,16.06,--,7,11242,买盘
472,14:25:32,16.06,0.01,359,576554,买盘
473,14:25:29,16.05,-0.01,3,4815,卖盘
474,14:25:26,16.06,--,71,114025,买盘
475,14:25:17,16.06,-0.01,28,44968,卖盘
476,14:25:14,16.07,0.03,12,19284,买盘
477,14:24:59,16.04,-0.03,358,574248,卖盘
478,14:24:53,16.07,--,10,16070,买盘
479,14:24:47,16.07,--,31,49817,买盘
480,14:24:35,16.07,0.02,5,8035,买盘
481,14:24:29,16.05,-0.02,357,572985,卖盘
482,14:24:26,16.07,0.01,12,19284,买盘
483,14:24:23,16.06,--,1,1605,卖盘
484,14:24:17,16.06,--,10,16059,卖盘
485,14:24:14,16.06,0.01,38,61027,买盘
486,14:24:11,16.05,-0.01,30,48150,卖盘
487,14:24:08,16.06,--,65,104389,买盘
488,14:23:59,16.06,--,100,160600,买盘
489,14:23:53,16.06,0.01,21,33726,买盘
490,14:23:50,16.05,--,1,1605,卖盘
491,14:23:47,16.05,--,114,183563,买盘
492,14:23:41,16.05,--,51,81855,买盘
493,14:23:38,16.05,0.01,23,36915,买盘
494,14:23:32,16.04,--,36,57744,卖盘
495,14:23:26,16.04,--,115,184460,卖盘
496,14:23:17,16.04,--,3,4812,中性盘
497,14:23:14,16.04,--,10,16040,买盘
498,14:23:11,16.04,--,371,595084,买盘
499,14:23:02,16.04,0.01,17,27268,买盘
500,14:22:59,16.03,-0.01,146,234038,卖盘
501,14:22:50,16.04,--,69,110676,买盘
502,14:22:47,16.04,--,13,20852,买盘
503,14:22:44,16.04,--,2,3208,买盘
504,14:22:41,16.04,0.01,21,33684,买盘
505,14:22:26,16.03,-0.02,349,559447,卖盘
506,14:22:23,16.05,0.01,7,11235,买盘
507,14:22:20,16.04,-0.01,10,16040,卖盘
508,14:22:17,16.05,0.01,3,4815,买盘
509,14:22:08,16.04,-0.01,31,49724,卖盘
510,14:22:05,16.05,--,19,30495,买盘
511,14:21:56,16.05,0.01,372,597060,买盘
512,14:21:53,16.04,--,15,24060,买盘
513,14:21:50,16.04,--,33,52932,卖盘
514,14:21:47,16.04,-0.01,130,208520,卖盘
515,14:21:41,16.05,--,16,25680,买盘
516,14:21:38,16.05,0.01,21,33705,买盘
517,14:21:32,16.04,-0.01,3,4812,卖盘
518,14:21:29,16.05,0.02,20,32100,买盘
519,14:21:23,16.03,-0.02,348,557844,卖盘
520,14:21:20,16.05,0.01,1,1605,买盘
521,14:21:17,16.04,--,13,20852,卖盘
522,14:21:11,16.04,--,50,80200,卖盘
523,14:21:08,16.04,-0.01,1,1604,卖盘
524,14:20:59,16.05,--,1,1605,买盘
525,14:20:56,16.05,0.02,23,36915,买盘
526,14:20:53,16.03,-0.02,314,503342,卖盘
527,14:20:44,16.05,0.01,2,3210,买盘
528,14:20:41,16.04,0.01,23,36892,买盘
529,14:20:38,16.03,--,136,219290,卖盘
530,14:20:23,16.03,-0.01,275,440825,卖盘
531,14:20:20,16.04,--,200,320800,卖盘
532,14:20:14,16.04,--,2,3208,卖盘
533,14:20:11,16.04,--,1,1604,买盘
534,14:20:08,16.04,0.01,5,8020,买盘
535,14:20:05,16.03,--,12,19236,卖盘
536,14:20:02,16.03,-0.01,7,11221,卖盘
537,14:19:56,16.04,0.01,32,51328,买盘
538,14:19:53,16.03,-0.01,285,456855,卖盘
539,14:19:50,16.04,--,5,8020,买盘
540,14:19:47,16.04,--,7,11228,买盘
541,14:19:44,16.04,--,302,484408,买盘
542,14:19:38,16.04,--,12,19248,买盘
543,14:19:32,16.04,--,20,32080,买盘
544,14:19:29,16.04,-0.01,117,187668,卖盘
545,14:19:26,16.05,0.01,26,41730,买盘
546,14:19:20,16.04,-0.01,243,389772,卖盘
547,14:19:17,16.05,0.01,1,1605,买盘
548,14:19:14,16.04,-0.01,2,3208,卖盘
549,14:19:11,16.05,--,38,60990,买盘
550,14:19:02,16.05,--,20,32100,买盘
551,14:18:59,16.05,--,10,16050,买盘
552,14:18:56,16.05,--,3,4815,买盘
553,14:18:53,16.05,0.01,285,457425,买盘
554,14:18:50,16.04,-0.01,139,222956,卖盘
555,14:18:47,16.05,--,15,24075,买盘
556,14:18:41,16.05,--,20,32100,买盘
557,14:18:38,16.05,0.01,30,48150,买盘
558,14:18:35,16.04,--,14,22456,卖盘
559,14:18:29,16.04,-0.01,9,14436,卖盘
560,14:18:26,16.05,0.01,2,3210,买盘
561,14:18:23,16.04,--,10,16040,卖盘
562,14:18:20,16.04,--,139,222956,卖盘
563,14:18:14,16.04,0.01,38,60952,买盘
564,14:18:11,16.03,-0.01,283,453649,卖盘
565,14:18:05,16.04,--,8,12832,买盘
566,14:18:02,16.04,--,35,56140,买盘
567,14:17:59,16.04,0.01,41,65764,买盘
568,14:17:50,16.03,-0.01,2,3206,卖盘
569,14:17:47,16.04,-0.01,26,41704,中性盘
570,14:17:41,16.05,0.01,7,11235,买盘
571,14:17:38,16.04,--,24,38496,买盘
572,14:17:35,16.04,--,130,208520,买盘
573,14:17:32,16.04,-0.03,810,1299560,卖盘
574,14:17:29,16.07,0.01,20,32140,买盘
575,14:17:26,16.06,-0.01,1,1605,买盘
576,14:17:23,16.07,--,5,8035,买盘
577,14:17:20,16.07,0.01,249,400143,买盘
578,14:17:11,16.06,--,3,4818,卖盘
579,14:17:02,16.06,--,10,16059,卖盘
580,14:16:56,16.06,-0.01,8,12847,卖盘
581,14:16:53,16.07,0.01,3,4821,买盘
582,14:16:50,16.06,--,119,192398,买盘
583,14:16:47,16.06,0.01,54,86724,买盘
584,14:16:44,16.05,-0.01,1,1605,卖盘
585,14:16:41,16.06,0.01,101,162206,买盘
586,14:16:38,16.05,-0.01,50,80250,卖盘
587,14:16:23,16.06,0.01,12,19272,买盘
588,14:16:20,16.05,--,10,16050,卖盘
589,14:16:14,16.05,--,32,51360,卖盘
590,14:16:08,16.05,--,51,81855,卖盘
591,14:16:05,16.05,-0.01,3,4815,卖盘
592,14:16:02,16.06,--,2,3211,买盘
593,14:15:47,16.06,0.01,1,1605,买盘
594,14:15:41,16.05,-0.01,39,62595,卖盘
595,14:15:38,16.06,--,13,20878,买盘
596,14:15:32,16.06,--,76,122055,买盘
597,14:15:29,16.06,0.01,10,16059,买盘
598,14:15:26,16.05,-0.01,10,16050,卖盘
599,14:15:23,16.06,0.01,3,4818,买盘
600,14:15:17,16.05,--,61,97905,卖盘
601,14:15:14,16.05,-0.01,153,245565,卖盘
602,14:15:08,16.06,-0.01,3,4818,中性盘
603,14:14:53,16.07,--,3,4821,买盘
604,14:14:47,16.07,-0.01,1,1607,中性盘
605,14:14:41,16.08,--,183,294263,买盘
606,14:14:38,16.08,--,20,32159,买盘
607,14:14:23,16.08,0.02,44,70751,买盘
608,14:14:11,16.06,--,682,1095292,买盘
609,14:14:08,16.06,0.01,5,8029,买盘
610,14:14:05,16.05,--,6,9630,卖盘
611,14:14:02,16.05,-0.01,19,30495,卖盘
612,14:13:56,16.06,0.01,1,1605,买盘
613,14:13:53,16.05,--,7,11235,卖盘
614,14:13:50,16.05,--,7,11235,卖盘
615,14:13:47,16.05,-0.01,215,345075,卖盘
616,14:13:38,16.06,0.01,81,130085,买盘
617,14:13:32,16.05,--,1,1605,卖盘
618,14:13:29,16.05,-0.01,10,16050,卖盘
619,14:13:26,16.06,0.01,42,67452,买盘
620,14:13:23,16.05,-0.01,3,4815,卖盘
621,14:13:20,16.06,0.01,10,16059,买盘
622,14:13:17,16.05,-0.01,6,9630,卖盘
623,14:13:11,16.06,0.01,5,8029,买盘
624,14:13:05,16.05,-0.03,9,14445,卖盘
625,14:13:02,16.08,0.03,32,51455,买盘
626,14:12:53,16.05,-0.03,42,67410,卖盘
627,14:12:50,16.08,-0.01,1,1607,中性盘
628,14:12:44,16.09,0.01,4,6436,买盘
629,14:12:41,16.08,0.02,258,414863,买盘
630,14:12:38,16.06,--,236,379015,卖盘
631,14:12:35,16.06,-0.03,22,35332,卖盘
632,14:12:29,16.09,0.03,29,46661,买盘
633,14:12:26,16.06,--,55,88330,卖盘
634,14:12:23,16.06,-0.02,22,35332,卖盘
635,14:12:20,16.08,--,76,122400,卖盘
636,14:12:17,16.08,--,7,11255,卖盘
637,14:12:14,16.08,-0.01,114,183311,卖盘
638,14:12:11,16.09,0.01,8,12872,买盘
639,14:12:08,16.08,-0.01,520,836159,卖盘
640,14:12:05,16.09,0.01,26,41834,买盘
641,14:12:02,16.08,-0.01,137,220295,卖盘
642,14:11:59,16.09,--,5,8045,买盘
643,14:11:56,16.09,--,4,6436,买盘
644,14:11:50,16.09,--,15,24135,买盘
645,14:11:47,16.09,--,55,88495,买盘
646,14:11:41,16.09,--,110,176990,买盘
647,14:11:38,16.09,--,5,8045,买盘
648,14:11:35,16.09,0.01,40,64360,买盘
649,14:11:32,16.08,-0.01,411,660887,卖盘
650,14:11:29,16.09,--,5,8045,买盘
651,14:11:26,16.09,--,5,8045,买盘
652,14:11:23,16.09,--,2,3218,买盘
653,14:11:17,16.09,--,2,3218,买盘
654,14:11:14,16.09,--,26,41834,买盘
655,14:11:11,16.09,--,1,1609,买盘
656,14:11:08,16.09,--,2,3218,买盘
657,14:11:02,16.09,0.01,158,254222,买盘
658,14:10:59,16.08,-0.01,151,242807,卖盘
659,14:10:56,16.09,0.01,6,9654,买盘
660,14:10:47,16.08,--,32,51455,卖盘
661,14:10:41,16.08,--,1,1607,卖盘
662,14:10:38,16.08,--,10,16079,卖盘
663,14:10:32,16.08,0.03,1133,1823279,买盘
664,14:10:29,16.05,--,38,60990,卖盘
665,14:10:26,16.05,--,70,112350,卖盘
666,14:10:23,16.05,--,1,1605,卖盘
667,14:10:20,16.05,0.01,39,62595,买盘
668,14:10:17,16.04,-0.01,229,367316,卖盘
669,14:10:08,16.05,0.01,20,32100,买盘
670,14:10:02,16.04,-0.01,3,4812,卖盘
671,14:09:56,16.05,--,95,152475,买盘
672,14:09:53,16.05,0.01,4,6420,买盘
673,14:09:50,16.04,--,21,33684,卖盘
674,14:09:44,16.04,--,3,4812,卖盘
675,14:09:35,16.04,-0.01,7,11228,卖盘
676,14:09:29,16.05,0.01,1,1605,买盘
677,14:09:26,16.04,--,50,80200,卖盘
678,14:09:23,16.04,--,5,8020,卖盘
679,14:09:20,16.04,--,55,88220,买盘
680,14:09:17,16.04,0.01,8,12832,买盘
681,14:09:11,16.03,-0.01,22,35266,卖盘
682,14:09:08,16.04,--,11,17644,卖盘
683,14:09:05,16.04,--,12,19248,买盘
684,14:08:59,16.04,--,18,28872,买盘
685,14:08:56,16.04,0.01,4,6416,买盘
686,14:08:53,16.03,-0.01,353,565859,卖盘
687,14:08:47,16.04,0.01,1,1604,买盘
688,14:08:44,16.03,--,1,1603,卖盘
689,14:08:41,16.03,-0.01,17,27251,卖盘
690,14:08:35,16.04,0.01,10,16040,买盘
691,14:08:32,16.03,--,8,12824,卖盘
692,14:08:26,16.03,--,1,1603,卖盘
693,14:08:23,16.03,-0.01,347,556241,卖盘
694,14:08:20,16.04,--,13,20852,买盘
695,14:08:14,16.04,0.01,5,8020,中性盘
696,14:08:05,16.03,-0.01,24,38472,卖盘
697,14:07:56,16.04,0.02,1,1604,买盘
698,14:07:50,16.02,--,486,778572,卖盘
699,14:07:44,16.02,--,11,17622,卖盘
700,14:07:41,16.02,-0.01,41,65682,卖盘
701,14:07:38,16.03,0.01,54,86562,买盘
702,14:07:32,16.02,-0.01,39,62478,卖盘
703,14:07:29,16.03,0.01,33,52899,买盘
704,14:07:26,16.02,-0.01,130,208260,卖盘
705,14:07:23,16.03,0.01,23,36869,买盘
706,14:07:16,16.02,--,305,488610,卖盘
707,14:07:13,16.02,-0.01,132,211464,卖盘
708,14:07:10,16.03,0.01,1,1603,买盘
709,14:06:58,16.02,--,16,25632,卖盘
710,14:06:55,16.02,--,14,22428,卖盘
711,14:06:52,16.02,-0.01,157,251514,卖盘
712,14:06:49,16.03,--,110,176330,买盘
713,14:06:46,16.03,0.01,310,496930,买盘
714,14:06:40,16.02,--,25,40050,卖盘
715,14:06:34,16.02,--,18,28836,卖盘
716,14:06:31,16.02,--,12,19224,卖盘
717,14:06:28,16.02,-0.01,25,40050,卖盘
718,14:06:25,16.03,0.01,7,11221,买盘
719,14:06:22,16.02,--,52,83304,卖盘
720,14:06:19,16.02,--,54,86508,卖盘
721,14:06:16,16.02,-0.01,323,517446,卖盘
722,14:06:13,16.03,--,45,72135,买盘
723,14:06:10,16.03,0.01,8,12824,买盘
724,14:06:04,16.02,-0.01,4,6408,卖盘
725,14:05:58,16.03,--,86,137858,买盘
726,14:05:52,16.03,--,5,8015,买盘
727,14:05:46,16.03,--,606,971418,卖盘
728,14:05:43,16.03,-0.01,16,25648,卖盘
729,14:05:37,16.04,0.01,1,1604,买盘
730,14:05:31,16.03,-0.01,25,40075,卖盘
731,14:05:28,16.04,--,3,4812,卖盘
732,14:05:22,16.04,--,52,83408,买盘
733,14:05:13,16.04,--,217,348068,买盘
734,14:05:10,16.04,0.01,13,20852,买盘
735,14:05:07,16.03,--,10,16030,卖盘
736,14:05:01,16.03,-0.02,161,258083,卖盘
737,14:04:58,16.05,--,6,9630,买盘
738,14:04:52,16.05,0.02,91,146055,买盘
739,14:04:49,16.03,-0.02,10,16030,卖盘
740,14:04:46,16.05,0.02,55,88275,买盘
741,14:04:43,16.03,-0.02,200,320600,卖盘
742,14:04:40,16.05,-0.02,1,1605,卖盘
743,14:04:37,16.07,0.01,28,44996,买盘
744,14:04:28,16.06,0.02,5,8029,买盘
745,14:04:22,16.04,--,1,1604,卖盘
746,14:04:19,16.04,-0.03,28,44912,卖盘
747,14:04:13,16.07,0.03,153,245871,买盘
748,14:04:07,16.04,--,1,1604,卖盘
749,14:04:04,16.04,-0.03,12,19248,卖盘
750,14:04:01,16.07,0.03,28,44996,买盘
751,14:03:58,16.04,--,6,9624,卖盘
752,14:03:55,16.04,--,1,1604,卖盘
753,14:03:52,16.04,--,20,32080,卖盘
754,14:03:49,16.04,--,200,320800,卖盘
755,14:03:46,16.04,-0.01,2,3208,卖盘
756,14:03:43,16.05,0.01,10,16050,中性盘
757,14:03:37,16.04,-0.03,100,160400,卖盘
758,14:03:31,16.07,0.03,169,271583,买盘
759,14:03:28,16.04,-0.02,6,9624,卖盘
760,14:03:25,16.06,0.01,53,85118,买盘
761,14:03:22,16.05,--,6,9630,买盘
762,14:03:19,16.05,-0.01,42,67410,中性盘
763,14:03:13,16.06,--,21,33726,买盘
764,14:03:10,16.06,0.02,45,72270,买盘
765,14:03:07,16.04,-0.02,86,137944,卖盘
766,14:03:01,16.06,--,13,20878,买盘
767,14:02:58,16.06,--,3,4818,买盘
768,14:02:52,16.06,--,40,64239,买盘
769,14:02:49,16.06,--,3,4818,卖盘
770,14:02:46,16.06,--,35,56209,买盘
771,14:02:43,16.06,0.01,21,33726,买盘
772,14:02:40,16.05,--,49,78645,卖盘
773,14:02:34,16.05,--,33,52965,卖盘
774,14:02:31,16.05,--,56,89896,卖盘
775,14:02:28,16.05,--,9,14445,卖盘
776,14:02:22,16.05,--,82,131610,卖盘
777,14:02:19,16.05,--,50,80250,卖盘
778,14:02:16,16.05,--,278,446190,卖盘
779,14:02:13,16.05,--,1,1605,卖盘
780,14:02:10,16.05,--,11,17655,卖盘
781,14:02:01,16.05,--,15,24075,卖盘
782,14:01:52,16.05,-0.01,7,11235,卖盘
783,14:01:49,16.06,0.01,1,1605,买盘
784,14:01:46,16.05,--,12,19260,卖盘
785,14:01:43,16.05,--,3,4815,卖盘
786,14:01:40,16.05,-0.01,1,1605,卖盘
787,14:01:37,16.06,--,6,9636,买盘
788,14:01:34,16.06,0.01,130,208779,买盘
789,14:01:28,16.05,--,1,1605,卖盘
790,14:01:22,16.05,--,11,17655,卖盘
791,14:01:19,16.05,-0.01,5,8025,卖盘
792,14:01:16,16.06,--,25,40150,买盘
793,14:01:13,16.06,0.01,1,1605,买盘
794,14:01:07,16.05,-0.01,28,44940,卖盘
795,14:01:04,16.06,--,1,1605,卖盘
796,14:01:01,16.06,--,3,4818,卖盘
797,14:00:55,16.06,0.01,5,8029,买盘
798,14:00:52,16.05,-0.01,106,170130,卖盘
799,14:00:49,16.06,--,23,36938,卖盘
800,14:00:46,16.06,--,1,1605,卖盘
801,14:00:40,16.06,--,2,3211,卖盘
802,14:00:37,16.06,0.01,32,51391,买盘
803,14:00:34,16.05,-0.01,7,11235,卖盘
804,14:00:31,16.06,--,2,3211,卖盘
805,14:00:28,16.06,--,43,69058,买盘
806,14:00:25,16.06,--,45,72270,买盘
807,14:00:22,16.06,--,7,11242,买盘
808,14:00:19,16.06,--,1,1605,买盘
809,14:00:16,16.06,--,21,33726,买盘
810,14:00:10,16.06,--,64,102783,卖盘
811,14:00:04,16.06,--,18,28907,卖盘
812,14:00:01,16.06,--,15,24089,卖盘
813,13:59:58,16.06,--,18,28907,卖盘
814,13:59:49,16.06,-0.01,6,9636,卖盘
815,13:59:40,16.07,--,63,101241,买盘
816,13:59:34,16.07,--,256,411392,卖盘
817,13:59:28,16.07,--,10,16070,卖盘
818,13:59:25,16.07,--,2,3214,卖盘
819,13:59:19,16.07,--,3,4821,卖盘
820,13:59:16,16.07,--,10,16070,卖盘
821,13:59:13,16.07,--,1,1607,卖盘
822,13:59:07,16.07,--,13,20891,卖盘
823,13:59:04,16.07,--,1,1607,卖盘
824,13:59:01,16.07,0.01,254,408178,买盘
825,13:58:55,16.06,--,24,38544,买盘
826,13:58:40,16.06,--,11,17666,卖盘
827,13:58:37,16.06,-0.01,1,1605,卖盘
828,13:58:31,16.07,0.01,31,49817,买盘
829,13:58:28,16.06,--,9,14453,卖盘
830,13:58:25,16.06,--,1,1605,卖盘
831,13:58:19,16.06,--,8,12847,卖盘
832,13:58:16,16.06,--,17,27301,买盘
833,13:58:10,16.06,--,18,28907,卖盘
834,13:58:07,16.06,0.01,12,19272,买盘
835,13:58:04,16.05,-0.01,239,383595,卖盘
836,13:58:01,16.06,--,1,1605,卖盘
837,13:57:58,16.06,--,215,345290,卖盘
838,13:57:49,16.06,--,39,62633,卖盘
839,13:57:49,16.06,0.01,57,91541,买盘
840,13:57:43,16.05,--,115,184575,卖盘
841,13:57:40,16.05,--,125,200625,卖盘
842,13:57:34,16.05,--,3,4815,卖盘
843,13:57:31,16.05,--,252,404460,卖盘
844,13:57:22,16.05,-0.01,52,83460,卖盘
845,13:57:19,16.06,--,189,303534,卖盘
846,13:57:13,16.06,--,24,38544,买盘
847,13:57:10,16.06,--,34,54603,买盘
848,13:57:07,16.06,0.01,38,61027,卖盘
849,13:57:01,16.05,-0.01,20,32100,卖盘
850,13:56:58,16.06,0.01,14,22484,买盘
851,13:56:55,16.05,-0.01,220,353100,卖盘
852,13:56:52,16.06,--,3,4818,买盘
853,13:56:49,16.06,--,4,6423,买盘
854,13:56:46,16.06,--,16,25695,卖盘
855,13:56:43,16.06,--,227,364562,买盘
856,13:56:40,16.06,0.01,122,195931,买盘
857,13:56:37,16.05,-0.01,47,75435,卖盘
858,13:56:28,16.06,--,256,411135,买盘
859,13:56:22,16.06,--,272,436831,卖盘
860,13:56:10,16.06,--,4,6423,卖盘
861,13:56:04,16.06,-0.02,9,14453,卖盘
862,13:56:01,16.08,0.02,47,75575,买盘
863,13:55:58,16.06,-0.01,254,407923,卖盘
864,13:55:55,16.07,--,41,65887,卖盘
865,13:55:49,16.07,-0.01,2,3214,卖盘
866,13:55:46,16.08,0.01,183,294263,买盘
867,13:55:43,16.07,0.01,54,86778,买盘
868,13:55:34,16.06,--,53,85118,卖盘
869,13:55:28,16.06,-0.01,1,1605,卖盘
870,13:55:25,16.07,--,64,102848,买盘
871,13:55:19,16.07,--,4,6428,买盘
872,13:55:16,16.07,-0.01,25,40175,买盘
873,13:55:07,16.08,0.02,1501,2413607,买盘
874,13:55:04,16.06,-0.01,122,195931,卖盘
875,13:55:01,16.07,-0.01,25,40175,卖盘
876,13:54:58,16.08,0.01,10,16079,买盘
877,13:54:52,16.07,-0.01,39,62673,卖盘
878,13:54:49,16.08,0.01,13,20903,买盘
879,13:54:43,16.07,--,7,11249,卖盘
880,13:54:40,16.07,--,83,133381,卖盘
881,13:54:37,16.07,--,117,188019,卖盘
882,13:54:34,16.07,--,285,457995,卖盘
883,13:54:31,16.07,--,3,4821,卖盘
884,13:54:25,16.07,--,51,81957,卖盘
885,13:54:19,16.07,--,2,3214,卖盘
886,13:54:16,16.07,--,6,9642,卖盘
887,13:54:13,16.07,--,7,11249,卖盘
888,13:54:10,16.07,-0.01,11,17677,卖盘
889,13:54:07,16.08,--,4,6431,买盘
890,13:53:58,16.08,--,16,25727,买盘
891,13:53:52,16.08,--,126,202607,卖盘
892,13:53:49,16.08,-0.01,11,17687,卖盘
893,13:53:43,16.09,0.01,20,32180,买盘
894,13:53:40,16.08,--,15,24119,卖盘
895,13:53:37,16.08,--,17,27335,卖盘
896,13:53:34,16.08,-0.02,1,1607,卖盘
897,13:53:31,16.1,0.02,32,51520,买盘
898,13:53:28,16.08,-0.01,163,262103,卖盘
899,13:53:25,16.09,0.01,83,133547,买盘
900,13:53:19,16.08,--,12,19295,买盘
901,13:53:16,16.08,--,30,48239,买盘
902,13:53:13,16.08,--,8,12863,买盘
903,13:53:07,16.08,--,20,32159,买盘
904,13:53:04,16.08,--,56,90047,买盘
905,13:53:01,16.08,--,35,56279,买盘
906,13:52:58,16.08,--,30,48239,卖盘
907,13:52:52,16.08,--,2,3215,卖盘
908,13:52:46,16.08,--,14,22511,卖盘
909,13:52:43,16.08,-0.01,10,16079,卖盘
910,13:52:40,16.09,0.02,77,123893,买盘
911,13:52:37,16.07,-0.01,64,102848,卖盘
912,13:52:34,16.08,-0.01,7,11255,卖盘
913,13:52:31,16.09,0.01,7,11263,买盘
914,13:52:28,16.08,-0.01,34,54671,中性盘
915,13:52:19,16.09,0.02,10,16090,买盘
916,13:52:16,16.07,-0.03,135,216945,卖盘
917,13:52:13,16.1,0.01,43,69230,买盘
918,13:52:10,16.09,-0.01,3,4827,卖盘
919,13:52:07,16.1,0.01,53,85330,买盘
920,13:52:01,16.09,--,20,32180,卖盘
921,13:51:58,16.09,-0.01,10,16090,卖盘
922,13:51:55,16.1,0.01,12,19320,买盘
923,13:51:52,16.09,-0.01,10,16090,中性盘
924,13:51:43,16.1,0.01,270,434700,买盘
925,13:51:37,16.09,-0.01,19,30571,卖盘
926,13:51:28,16.1,--,311,501144,卖盘
927,13:51:25,16.1,--,4,6440,卖盘
928,13:51:22,16.1,--,38,62355,买盘
929,13:51:19,16.1,--,23,37030,买盘
930,13:51:16,16.1,0.02,33,53130,买盘
931,13:51:13,16.08,-0.02,98,157583,卖盘
932,13:51:10,16.1,--,94,151340,买盘
933,13:51:07,16.1,--,110,177100,买盘
934,13:51:04,16.1,--,107,172270,买盘
935,13:51:01,16.1,0.02,85,136850,买盘
936,13:50:58,16.08,-0.02,25,40199,卖盘
937,13:50:55,16.1,0.01,100,161000,买盘
938,13:50:52,16.09,0.01,18,28962,中性盘
939,13:50:49,16.08,-0.01,3,4823,卖盘
940,13:50:46,16.09,--,28,45052,卖盘
941,13:50:43,16.09,0.01,101,162509,中性盘
942,13:50:34,16.08,--,2895,4655159,卖盘
943,13:50:28,16.08,--,10,16079,卖盘
944,13:50:22,16.08,--,10,16079,卖盘
945,13:50:16,16.08,--,30,48239,卖盘
946,13:50:13,16.08,--,2,3215,卖盘
947,13:50:10,16.08,-0.01,16,25727,卖盘
948,13:50:04,16.09,0.01,1,1609,买盘
949,13:50:01,16.08,0.02,44,70751,买盘
950,13:49:58,16.06,-0.02,10,16059,卖盘
951,13:49:52,16.08,--,24,38591,买盘
952,13:49:49,16.08,0.02,118,189743,买盘
953,13:49:43,16.06,--,16,25695,卖盘
954,13:49:40,16.06,--,18,28907,卖盘
955,13:49:37,16.06,--,12,19272,卖盘
956,13:49:34,16.06,-0.02,1,1605,卖盘
957,13:49:28,16.08,0.02,48,77183,买盘
958,13:49:10,16.06,-0.01,140,224839,卖盘
959,13:49:04,16.07,--,2,3214,卖盘
960,13:48:58,16.07,--,1,1607,卖盘
961,13:48:55,16.07,-0.01,2,3214,卖盘
962,13:48:52,16.08,0.01,19,30551,买盘
963,13:48:49,16.07,-0.01,200,321400,卖盘
964,13:48:43,16.08,0.01,104,167231,买盘
965,13:48:40,16.07,--,212,340684,买盘
966,13:48:34,16.07,--,24,38568,买盘
967,13:48:31,16.07,--,14,22498,买盘
968,13:48:25,16.07,0.01,5,8035,中性盘
969,13:48:09,16.06,--,1,1605,卖盘
970,13:48:06,16.06,-0.01,156,250535,卖盘
971,13:48:00,16.07,--,1,1607,卖盘
972,13:47:57,16.07,--,5,8035,卖盘
973,13:47:45,16.07,0.01,12,19284,买盘
974,13:47:36,16.06,--,50,80300,卖盘
975,13:47:24,16.06,--,30,48179,卖盘
976,13:47:18,16.06,--,56,89936,买盘
977,13:47:15,16.06,--,5,8029,买盘
978,13:47:15,16.06,-0.01,38,61027,买盘
979,13:46:57,16.07,--,210,337470,买盘
980,13:46:51,16.07,0.01,53,85171,买盘
981,13:46:48,16.06,-0.01,23,36938,卖盘
982,13:46:39,16.07,0.01,50,80350,买盘
983,13:46:33,16.06,--,34,54603,卖盘
984,13:46:30,16.06,-0.01,34,54603,卖盘
985,13:46:27,16.07,0.01,25,40175,买盘
986,13:46:24,16.06,--,53,85118,卖盘
987,13:46:21,16.06,-0.01,24,38544,卖盘
988,13:46:12,16.07,--,10,16070,买盘
989,13:46:06,16.07,0.01,1,1607,买盘
990,13:46:03,16.06,-0.01,39,62633,卖盘
991,13:46:00,16.07,--,5,8035,卖盘
992,13:45:48,16.07,0.01,19,30533,买盘
993,13:45:45,16.06,--,1,1605,卖盘
994,13:45:42,16.06,-0.01,6,9636,卖盘
995,13:45:39,16.07,--,10,16070,买盘
996,13:45:33,16.07,-0.01,10,16070,卖盘
997,13:45:30,16.08,--,31,49847,买盘
998,13:45:27,16.08,--,11,17687,买盘
999,13:45:24,16.08,--,3,4823,买盘
1000,13:45:21,16.08,0.01,7,11255,买盘
1001,13:45:12,16.07,-0.02,46,73922,卖盘
1002,13:45:09,16.09,--,2,3218,买盘
1003,13:45:06,16.09,0.01,3,4827,买盘
1004,13:45:03,16.08,--,20,32159,卖盘
1005,13:45:00,16.08,--,40,64319,卖盘
1006,13:44:57,16.08,--,1,1607,卖盘
1007,13:44:51,16.08,--,339,545112,买盘
1008,13:44:48,16.08,0.02,26,41807,买盘
1009,13:44:39,16.06,-0.02,5,8029,卖盘
1010,13:44:36,16.08,--,60,96479,买盘
1011,13:44:33,16.08,0.02,65,104519,买盘
1012,13:44:30,16.06,--,5,8029,卖盘
1013,13:44:24,16.06,-0.02,5,8029,卖盘
1014,13:44:21,16.08,0.02,17,27335,买盘
1015,13:44:18,16.06,-0.02,10,16059,中性盘
1016,13:44:03,16.08,0.03,51,82007,中性盘
1017,13:44:00,16.05,-0.03,333,534465,卖盘
1018,13:43:57,16.08,--,6,9647,卖盘
1019,13:43:54,16.08,-0.01,35,56279,卖盘
1020,13:43:51,16.09,0.01,31,49879,买盘
1021,13:43:48,16.08,--,11,17687,卖盘
1022,13:43:45,16.08,-0.01,11,17687,卖盘
1023,13:43:42,16.09,--,5,8045,买盘
1024,13:43:36,16.09,--,311,500399,买盘
1025,13:43:27,16.09,--,295,474655,买盘
1026,13:43:24,16.09,--,40,64360,买盘
1027,13:43:18,16.09,0.01,103,165727,买盘
1028,13:43:12,16.08,--,10,16079,卖盘
1029,13:43:09,16.08,0.01,166,267908,买盘
1030,13:43:06,16.07,-0.01,10,16070,卖盘
1031,13:43:03,16.08,--,586,942287,买盘
1032,13:43:00,16.08,0.01,271,435767,买盘
1033,13:42:57,16.07,-0.01,26,41782,卖盘
1034,13:42:54,16.08,--,220,353759,买盘
1035,13:42:51,16.08,--,10,16079,买盘
1036,13:42:48,16.08,--,86,138287,买盘
1037,13:42:45,16.08,--,225,361799,买盘
1038,13:42:42,16.08,--,200,321599,买盘
1039,13:42:33,16.08,--,206,331247,买盘
1040,13:42:27,16.08,0.01,47,75575,买盘
1041,13:42:24,16.07,--,18,28926,卖盘
1042,13:42:21,16.07,--,20,32140,卖盘
1043,13:42:18,16.07,0.01,57,91599,买盘
1044,13:42:15,16.06,--,253,406317,卖盘
1045,13:42:09,16.06,--,2,3211,卖盘
1046,13:42:06,16.06,0.01,227,364658,买盘
1047,13:42:03,16.05,--,301,483105,买盘
1048,13:42:00,16.05,0.01,201,322605,买盘
1049,13:41:57,16.04,-0.01,46,73784,卖盘
1050,13:41:54,16.05,--,200,321000,买盘
1051,13:41:42,16.05,0.01,24,38520,买盘
1052,13:41:39,16.04,-0.01,17,27268,卖盘
1053,13:41:36,16.05,0.01,70,112350,买盘
1054,13:41:33,16.04,--,24,38496,卖盘
1055,13:41:30,16.04,-0.01,11,17644,卖盘
1056,13:41:18,16.05,0.01,107,171735,买盘
1057,13:41:15,16.04,-0.01,37,59348,卖盘
1058,13:41:06,16.05,--,10,16050,买盘
1059,13:41:03,16.05,--,11,17655,买盘
1060,13:41:00,16.05,0.01,1,1605,买盘
1061,13:40:57,16.04,-0.01,6,9624,卖盘
1062,13:40:54,16.05,--,11,17655,买盘
1063,13:40:48,16.05,--,11,17655,买盘
1064,13:40:45,16.05,--,42,67410,买盘
1065,13:40:42,16.05,--,17,27285,买盘
1066,13:40:36,16.05,--,2,3210,买盘
1067,13:40:33,16.05,--,2,3210,买盘
1068,13:40:30,16.05,0.01,123,197415,买盘
1069,13:40:24,16.04,-0.01,10,16040,卖盘
1070,13:40:18,16.05,0.01,27,43335,买盘
1071,13:40:15,16.04,--,1,1604,卖盘
1072,13:40:09,16.04,--,6,9624,卖盘
1073,13:40:06,16.04,-0.01,3,4812,中性盘
1074,13:39:57,16.05,0.01,18,28890,买盘
1075,13:39:54,16.04,0.01,35,56140,买盘
1076,13:39:48,16.03,--,5,8015,中性盘
1077,13:39:45,16.03,-0.01,5,8015,中性盘
1078,13:39:42,16.04,0.01,91,145964,买盘
1079,13:39:39,16.03,-0.01,500,801500,卖盘
1080,13:39:36,16.04,0.01,103,165212,买盘
1081,13:39:33,16.03,--,51,81753,卖盘
1082,13:39:30,16.03,--,32,51296,卖盘
1083,13:39:24,16.03,--,53,84959,卖盘
1084,13:39:21,16.03,--,53,84959,卖盘
1085,13:39:18,16.03,-0.01,21,33663,卖盘
1086,13:39:15,16.04,0.01,330,529320,买盘
1087,13:39:12,16.03,-0.01,31,49693,卖盘
1088,13:39:09,16.04,0.01,445,713780,买盘
1089,13:39:06,16.03,--,5,8015,卖盘
1090,13:39:03,16.03,--,15,24045,卖盘
1091,13:38:57,16.03,--,82,131446,卖盘
1092,13:38:54,16.03,--,10,16030,卖盘
1093,13:38:51,16.03,-0.01,5,8015,卖盘
1094,13:38:48,16.04,--,61,97844,买盘
1095,13:38:45,16.04,0.01,52,83408,买盘
1096,13:38:42,16.03,--,11,17633,卖盘
1097,13:38:39,16.03,-0.01,20,32060,卖盘
1098,13:38:33,16.04,--,78,125112,买盘
1099,13:38:30,16.04,--,309,497143,卖盘
1100,13:38:24,16.04,--,100,160400,卖盘
1101,13:38:21,16.04,--,3,4812,卖盘
1102,13:38:18,16.04,--,60,96240,卖盘
1103,13:38:15,16.04,-0.01,1,1604,卖盘
1104,13:38:12,16.05,0.01,5,8025,买盘
1105,13:38:09,16.04,-0.01,33,52932,卖盘
1106,13:38:06,16.05,0.01,11,17655,买盘
1107,13:38:03,16.04,--,1,1604,卖盘
1108,13:38:00,16.04,-0.01,3,4812,卖盘
1109,13:37:57,16.05,0.01,5,8025,买盘
1110,13:37:54,16.04,--,15,24060,卖盘
1111,13:37:48,16.04,--,7,11228,卖盘
1112,13:37:45,16.04,--,12,19248,卖盘
1113,13:37:42,16.04,-0.01,6,9624,卖盘
1114,13:37:36,16.05,0.01,80,128400,买盘
1115,13:37:27,16.04,--,40,64160,卖盘
1116,13:37:21,16.04,--,11,17644,卖盘
1117,13:37:18,16.04,--,1,1604,卖盘
1118,13:37:15,16.04,--,37,59348,卖盘
1119,13:37:09,16.04,--,5,8020,卖盘
1120,13:37:06,16.04,--,25,40100,卖盘
1121,13:37:03,16.04,--,3,4812,卖盘
1122,13:37:00,16.04,-0.01,13,20852,卖盘
1123,13:36:57,16.05,0.01,80,128400,买盘
1124,13:36:51,16.04,--,1,1604,卖盘
1125,13:36:45,16.04,--,25,40100,卖盘
1126,13:36:39,16.04,--,5,8020,卖盘
1127,13:36:36,16.04,-0.01,11,17644,卖盘
1128,13:36:33,16.05,0.01,8,12840,买盘
1129,13:36:21,16.04,--,12,19248,卖盘
1130,13:36:18,16.04,-0.01,6,9624,卖盘
1131,13:36:15,16.05,0.01,20,32100,买盘
1132,13:36:12,16.04,-0.01,602,965608,卖盘
1133,13:36:09,16.05,0.01,70,112446,买盘
1134,13:36:06,16.04,--,2,3208,卖盘
1135,13:36:03,16.04,--,17,27268,卖盘
1136,13:35:45,16.04,--,57,91428,卖盘
1137,13:35:42,16.04,-0.01,6,9624,卖盘
1138,13:35:30,16.05,--,17,27285,买盘
1139,13:35:27,16.05,--,10,16050,买盘
1140,13:35:24,16.05,--,91,146055,买盘
1141,13:35:21,16.05,--,18,28890,卖盘
1142,13:35:18,16.05,--,122,195810,卖盘
1143,13:35:15,16.05,--,41,65805,买盘
1144,13:35:12,16.05,--,39,62595,卖盘
1145,13:35:09,16.05,-0.01,2,3210,卖盘
1146,13:35:03,16.06,0.01,6,9636,买盘
1147,13:35:00,16.05,-0.01,49,78645,卖盘
1148,13:34:57,16.06,0.01,14,22484,买盘
1149,13:34:54,16.05,--,12,19260,卖盘
1150,13:34:51,16.05,-0.01,42,67410,卖盘
1151,13:34:45,16.06,-0.01,1,1605,中性盘
1152,13:34:39,16.07,0.01,12,19284,买盘
1153,13:34:36,16.06,--,69,110813,卖盘
1154,13:34:30,16.06,0.01,252,404711,买盘
1155,13:34:21,16.05,--,1,1605,卖盘
1156,13:34:15,16.05,-0.01,200,321000,卖盘
1157,13:34:12,16.06,0.01,2,3211,买盘
1158,13:34:06,16.05,--,59,94695,卖盘
1159,13:34:00,16.05,--,24,38520,卖盘
1160,13:33:57,16.05,--,5,8025,卖盘
1161,13:33:54,16.05,--,5,8025,卖盘
1162,13:33:51,16.05,-0.01,9,14445,卖盘
1163,13:33:48,16.06,0.01,3,4818,买盘
1164,13:33:45,16.05,-0.01,35,56175,卖盘
1165,13:33:42,16.06,0.01,1,1605,买盘
1166,13:33:33,16.05,-0.01,24,38520,卖盘
1167,13:33:27,16.06,--,50,80300,买盘
1168,13:33:18,16.06,0.01,119,191113,买盘
1169,13:33:15,16.05,-0.01,25,40125,卖盘
1170,13:33:03,16.06,--,125,200749,卖盘
1171,13:32:51,16.06,--,31,49785,卖盘
1172,13:32:48,16.06,0.01,107,171842,买盘
1173,13:32:45,16.05,--,10,16050,卖盘
1174,13:32:42,16.05,-0.01,29,46545,卖盘
1175,13:32:39,16.06,--,44,70664,买盘
1176,13:32:33,16.06,--,50,80300,买盘
1177,13:32:30,16.06,--,26,41756,买盘
1178,13:32:24,16.06,--,28,44968,买盘
1179,13:32:12,16.06,0.01,93,149358,买盘
1180,13:32:06,16.05,--,9,14445,卖盘
1181,13:32:00,16.05,-0.01,16,25680,卖盘
1182,13:31:57,16.06,--,10,16059,买盘
1183,13:31:54,16.06,0.01,16,25695,买盘
1184,13:31:51,16.05,-0.01,6,9630,卖盘
1185,13:31:42,16.06,--,4,6423,买盘
1186,13:31:39,16.06,-0.01,63,101177,卖盘
1187,13:31:36,16.07,0.02,1,1607,买盘
1188,13:31:33,16.05,-0.01,104,166920,卖盘
1189,13:31:30,16.06,0.01,3,4818,买盘
1190,13:31:27,16.05,-0.01,10,16050,卖盘
1191,13:31:24,16.06,0.01,3,4818,卖盘
1192,13:31:21,16.05,-0.02,20,32100,卖盘
1193,13:31:18,16.07,0.02,300,482100,买盘
1194,13:31:15,16.05,-0.01,17,27285,卖盘
1195,13:31:12,16.06,--,58,93147,买盘
1196,13:31:06,16.06,0.01,17,27301,买盘
1197,13:30:57,16.05,--,106,170130,卖盘
1198,13:30:54,16.05,-0.01,24,38520,卖盘
1199,13:30:51,16.06,--,90,144540,买盘
1200,13:30:48,16.06,0.01,2,3211,买盘
1201,13:30:42,16.05,-0.01,18,28890,卖盘
1202,13:30:39,16.06,0.01,21,33726,买盘
1203,13:30:36,16.05,--,6,9630,卖盘
1204,13:30:33,16.05,--,10,16050,卖盘
1205,13:30:24,16.05,--,18,28890,卖盘
1206,13:30:21,16.05,--,41,65805,卖盘
1207,13:30:15,16.05,--,91,146055,卖盘
1208,13:30:12,16.05,--,2,3210,卖盘
1209,13:30:09,16.05,--,2,3210,卖盘
1210,13:30:03,16.05,--,21,33705,卖盘
1211,13:29:57,16.05,--,111,178155,买盘
1212,13:29:48,16.05,--,10,16050,买盘
1213,13:29:45,16.05,--,13,20865,买盘
1214,13:29:39,16.05,0.01,51,81855,买盘
1215,13:29:36,16.04,-0.01,24,38496,卖盘
1216,13:29:30,16.05,0.01,78,125190,买盘
1217,13:29:24,16.04,-0.01,3,4812,卖盘
1218,13:29:21,16.05,--,33,52965,买盘
1219,13:29:12,16.05,0.01,65,104325,买盘
1220,13:29:09,16.04,-0.01,10,16040,卖盘
1221,13:29:06,16.05,--,5,8025,买盘
1222,13:29:03,16.05,0.01,9,14445,买盘
1223,13:29:00,16.04,-0.01,1,1604,卖盘
1224,13:28:57,16.05,0.01,5,8025,中性盘
1225,13:28:51,16.04,-0.02,514,824456,卖盘
1226,13:28:42,16.06,--,5,8029,买盘
1227,13:28:36,16.06,-0.01,205,329230,卖盘
1228,13:28:33,16.07,-0.01,96,154272,中性盘
1229,13:28:27,16.08,0.01,29,47259,买盘
1230,13:28:24,16.07,--,38,61066,卖盘
1231,13:28:21,16.07,--,5,8035,卖盘
1232,13:28:18,16.07,--,69,110883,卖盘
1233,13:28:15,16.07,--,10,16070,卖盘
1234,13:28:12,16.07,-0.01,4,6428,卖盘
1235,13:28:09,16.08,0.01,17,27335,买盘
1236,13:28:00,16.07,-0.01,22,35354,卖盘
1237,13:27:54,16.08,--,10,16079,卖盘
1238,13:27:51,16.08,0.01,40,64319,买盘
1239,13:27:48,16.07,--,28,44996,卖盘
1240,13:27:45,16.07,--,73,117311,卖盘
1241,13:27:42,16.07,-0.01,53,85171,卖盘
1242,13:27:39,16.08,--,43,69143,卖盘
1243,13:27:36,16.08,--,88,141503,卖盘
1244,13:27:30,16.08,--,41,65928,卖盘
1245,13:27:23,16.08,-0.01,12,19295,卖盘
1246,13:27:17,16.09,--,114,183426,买盘
1247,13:27:11,16.09,0.01,31,49879,买盘
1248,13:27:08,16.08,--,15,24119,卖盘
1249,13:27:05,16.08,--,36,58579,卖盘
1250,13:26:59,16.08,--,31,49847,卖盘
1251,13:26:56,16.08,-0.01,21,33768,卖盘
1252,13:26:53,16.09,0.01,19,30571,买盘
1253,13:26:50,16.08,-0.01,4,6431,卖盘
1254,13:26:47,16.09,0.01,8,12872,买盘
1255,13:26:44,16.08,--,11,17687,卖盘
1256,13:26:41,16.08,-0.01,2,3215,卖盘
1257,13:26:32,16.09,0.01,20,32180,买盘
1258,13:26:29,16.08,-0.01,12,19295,卖盘
1259,13:26:17,16.09,0.01,53,85277,买盘
1260,13:26:08,16.08,--,104,167231,卖盘
1261,13:26:05,16.08,--,31,49847,卖盘
1262,13:25:59,16.08,--,27,43415,卖盘
1263,13:25:56,16.08,-0.01,30,48239,卖盘
1264,13:25:53,16.09,0.01,30,48270,买盘
1265,13:25:50,16.08,--,10,16079,卖盘
1266,13:25:47,16.08,-0.01,44,70751,卖盘
1267,13:25:44,16.09,0.01,5,8045,买盘
1268,13:25:41,16.08,--,71,114167,卖盘
1269,13:25:38,16.08,-0.01,10,16079,卖盘
1270,13:25:35,16.09,0.01,38,61142,买盘
1271,13:25:32,16.08,--,135,217079,卖盘
1272,13:25:29,16.08,-0.01,15,24119,卖盘
1273,13:25:26,16.09,--,64,102976,买盘
1274,13:25:23,16.09,--,25,40225,买盘
1275,13:25:20,16.09,--,30,48270,买盘
1276,13:25:17,16.09,0.01,30,48270,买盘
1277,13:25:08,16.08,-0.01,10,16079,卖盘
1278,13:25:02,16.09,--,50,80450,买盘
1279,13:24:59,16.09,0.01,31,49879,买盘
1280,13:24:53,16.08,--,23,36983,卖盘
1281,13:24:50,16.08,-0.01,114,183311,卖盘
1282,13:24:47,16.09,0.01,2,3218,买盘
1283,13:24:44,16.08,-0.01,30,48239,卖盘
1284,13:24:41,16.09,0.01,100,160900,买盘
1285,13:24:38,16.08,-0.01,7,11255,卖盘
1286,13:24:23,16.09,--,3,4827,买盘
1287,13:24:20,16.09,0.01,31,49879,卖盘
1288,13:24:17,16.08,-0.01,30,48239,卖盘
1289,13:24:14,16.09,0.01,11,17699,买盘
1290,13:24:11,16.08,-0.01,300,482432,卖盘
1291,13:24:08,16.09,--,6,9654,卖盘
1292,13:23:59,16.09,--,193,310537,卖盘
1293,13:23:53,16.09,--,200,321800,卖盘
1294,13:23:50,16.09,--,44,70796,卖盘
1295,13:23:47,16.09,--,3,4827,卖盘
1296,13:23:44,16.09,--,10,16090,卖盘
1297,13:23:41,16.09,-0.01,10,16090,卖盘
1298,13:23:38,16.1,0.01,6,9660,买盘
1299,13:23:32,16.09,-0.01,93,149637,卖盘
1300,13:23:29,16.1,--,4,6440,买盘
1301,13:23:26,16.1,--,30,48300,买盘
1302,13:23:20,16.1,0.01,20,32200,买盘
1303,13:23:14,16.09,--,1,1609,卖盘
1304,13:23:08,16.09,-0.01,12,19308,卖盘
1305,13:23:05,16.1,0.01,75,120750,买盘
1306,13:23:02,16.09,-0.01,9,14481,卖盘
1307,13:22:53,16.1,--,7,11270,买盘
1308,13:22:50,16.1,--,10,16100,买盘
1309,13:22:47,16.1,--,7,11270,买盘
1310,13:22:44,16.1,--,506,814660,买盘
1311,13:22:41,16.1,--,2,3220,买盘
1312,13:22:38,16.1,0.01,14,22540,买盘
1313,13:22:35,16.09,--,92,148028,卖盘
1314,13:22:32,16.09,--,19,30571,卖盘
1315,13:22:26,16.09,-0.01,53,85277,卖盘
1316,13:22:23,16.1,0.01,10,16100,买盘
1317,13:22:20,16.09,-0.01,54,86886,卖盘
1318,13:22:17,16.1,--,23,37030,买盘
1319,13:22:14,16.1,0.01,38,61180,买盘
1320,13:22:11,16.09,--,139,223651,卖盘
1321,13:22:05,16.09,-0.01,7,11263,卖盘
1322,13:21:59,16.1,--,194,312340,买盘
1323,13:21:56,16.1,--,30,48300,买盘
1324,13:21:53,16.1,0.01,5,8050,买盘
1325,13:21:35,16.09,--,37,59533,卖盘
1326,13:21:32,16.09,--,1,1609,卖盘
1327,13:21:29,16.09,0.01,45,72694,买盘
1328,13:21:26,16.08,-0.01,10,16079,卖盘
1329,13:21:23,16.09,0.01,102,164118,买盘
1330,13:21:20,16.08,-0.01,8,12863,卖盘
1331,13:21:17,16.09,--,3,4827,买盘
1332,13:21:11,16.09,0.01,16,25744,买盘
1333,13:21:08,16.08,--,10,16079,卖盘
1334,13:20:59,16.08,-0.01,49,78791,卖盘
1335,13:20:50,16.09,-0.01,52,84987,卖盘
1336,13:20:47,16.1,0.01,1,1610,买盘
1337,13:20:44,16.09,--,50,80450,卖盘
1338,13:20:41,16.09,--,2,3218,卖盘
1339,13:20:35,16.09,--,10,16090,卖盘
1340,13:20:32,16.09,--,12,19308,卖盘
1341,13:20:29,16.09,--,9,14481,卖盘
1342,13:20:26,16.09,--,5,8334,买盘
1343,13:20:20,16.09,--,0,1319,卖盘
1344,13:20:17,16.09,0.01,32,51777,买盘
1345,13:20:14,16.08,-0.01,52,83615,卖盘
1346,13:20:11,16.09,--,1,1609,买盘
1347,13:20:08,16.09,--,4,6436,买盘
1348,13:20:05,16.09,--,39,62751,买盘
1349,13:19:59,16.09,--,39,62751,买盘
1350,13:19:56,16.09,--,6,9654,买盘
1351,13:19:53,16.09,--,12,20627,卖盘
1352,13:19:50,16.09,-0.01,5,8045,卖盘
1353,13:19:47,16.1,0.01,46,74060,买盘
1354,13:19:41,16.09,--,35,56315,卖盘
1355,13:19:38,16.09,--,21,33789,卖盘
1356,13:19:32,16.09,--,851,1369548,买盘
1357,13:19:26,16.09,0.01,60,96540,买盘
1358,13:19:20,16.08,--,1,1607,卖盘
1359,13:19:14,16.08,--,72,115775,卖盘
1360,13:19:11,16.08,--,10,16079,卖盘
1361,13:19:08,16.08,0.01,10,16079,中性盘
1362,13:19:02,16.07,-0.01,103,165521,卖盘
1363,13:18:59,16.08,--,10,16079,卖盘
1364,13:18:53,16.08,--,5,8039,卖盘
1365,13:18:50,16.08,--,2,3215,卖盘
1366,13:18:47,16.08,--,43,70719,买盘
1367,13:18:41,16.08,--,40,64319,买盘
1368,13:18:32,16.08,--,125,200999,买盘
1369,13:18:23,16.08,0.01,6,9647,买盘
1370,13:18:20,16.07,--,30,48210,卖盘
1371,13:18:08,16.07,-0.01,20,32140,卖盘
1372,13:18:05,16.08,0.01,5,8039,买盘
1373,13:17:53,16.07,--,10,16070,卖盘
1374,13:17:50,16.07,--,241,387287,买盘
1375,13:17:47,16.07,0.01,3,4821,买盘
1376,13:17:41,16.06,--,3,4818,卖盘
1377,13:17:38,16.06,--,35,56209,卖盘
1378,13:17:32,16.06,--,24,38544,卖盘
1379,13:17:29,16.06,--,10,16059,卖盘
1380,13:17:26,16.06,-0.01,37,59421,卖盘
1381,13:17:23,16.07,0.01,2,3214,买盘
1382,13:17:08,16.06,--,304,488223,买盘
1383,13:16:59,16.06,0.01,8,12847,买盘
1384,13:16:56,16.05,--,15,24075,卖盘
1385,13:16:50,16.05,--,43,69015,卖盘
1386,13:16:44,16.05,-0.01,6,9630,卖盘
1387,13:16:38,16.06,0.01,10,16059,买盘
1388,13:16:35,16.05,-0.01,5,8025,卖盘
1389,13:16:32,16.06,-0.01,141,226445,卖盘
1390,13:16:29,16.07,0.01,4,6428,买盘
1391,13:16:26,16.06,--,2,3211,卖盘
1392,13:16:20,16.06,--,9,14453,卖盘
1393,13:16:17,16.06,--,4,6423,卖盘
1394,13:16:14,16.06,-0.01,38,61027,卖盘
1395,13:16:08,16.07,0.01,4,6428,买盘
1396,13:16:05,16.06,--,20,32119,卖盘
1397,13:15:59,16.06,0.01,98,157388,买盘
1398,13:15:53,16.05,-0.01,32,51360,卖盘
1399,13:15:44,16.06,0.01,90,144540,买盘
1400,13:15:41,16.05,-0.01,20,32100,卖盘
1401,13:15:26,16.06,0.01,6,9636,买盘
1402,13:15:20,16.05,-0.01,30,48150,卖盘
1403,13:15:11,16.06,0.01,21,33726,买盘
1404,13:15:02,16.05,--,2,3210,卖盘
1405,13:14:56,16.05,-0.01,5,8025,卖盘
1406,13:14:47,16.06,--,5,8029,买盘
1407,13:14:41,16.06,--,65,104389,买盘
1408,13:14:38,16.06,0.01,19,30513,买盘
1409,13:14:35,16.05,--,5,8025,卖盘
1410,13:14:32,16.05,--,2,3210,卖盘
1411,13:14:26,16.05,--,3,4815,卖盘
1412,13:14:23,16.05,-0.01,6,9630,卖盘
1413,13:14:20,16.06,--,100,160600,买盘
1414,13:14:17,16.06,--,19,30513,买盘
1415,13:14:14,16.06,0.01,45,72270,买盘
1416,13:14:11,16.05,--,15,24075,卖盘
1417,13:14:08,16.05,--,143,229515,卖盘
1418,13:14:05,16.05,--,79,126795,卖盘
1419,13:14:02,16.05,--,101,162105,卖盘
1420,13:13:59,16.05,--,276,442980,卖盘
1421,13:13:56,16.05,--,3,4815,卖盘
1422,13:13:50,16.05,--,50,80250,卖盘
1423,13:13:41,16.05,--,1,1605,卖盘
1424,13:13:38,16.05,--,10,16050,卖盘
1425,13:13:29,16.05,--,52,83460,卖盘
1426,13:13:20,16.05,-0.01,100,160500,卖盘
1427,13:13:20,16.06,--,90,144540,买盘
1428,13:13:14,16.06,--,33,52997,买盘
1429,13:13:11,16.06,-0.01,123,197537,卖盘
1430,13:13:08,16.07,0.01,19,30533,买盘
1431,13:13:05,16.06,--,46,73876,卖盘
1432,13:13:02,16.06,--,39,62633,卖盘
1433,13:12:59,16.06,-0.01,25,40150,卖盘
1434,13:12:56,16.07,0.01,158,253906,买盘
1435,13:12:53,16.06,--,65,104389,卖盘
1436,13:12:50,16.06,--,22,35332,卖盘
1437,13:12:47,16.06,--,28,44968,卖盘
1438,13:12:38,16.06,-0.01,1,1605,卖盘
1439,13:12:32,16.07,--,338,543166,卖盘
1440,13:12:29,16.07,--,26,41782,卖盘
1441,13:12:20,16.07,--,1,1607,卖盘
1442,13:12:17,16.07,-0.01,57,91599,卖盘
1443,13:12:14,16.08,0.01,26,41807,买盘
1444,13:12:11,16.07,-0.01,1,1607,卖盘
1445,13:12:05,16.08,--,4,6431,买盘
1446,13:11:59,16.08,0.01,11,17687,买盘
1447,13:11:56,16.07,-0.01,15,24105,卖盘
1448,13:11:53,16.08,--,101,162407,买盘
1449,13:11:47,16.08,0.01,8,12863,买盘
1450,13:11:44,16.07,-0.01,1,1607,卖盘
1451,13:11:41,16.08,--,2,3215,买盘
1452,13:11:38,16.08,--,131,210680,卖盘
1453,13:11:35,16.08,--,10,16079,卖盘
1454,13:11:23,16.08,--,5,8039,卖盘
1455,13:11:20,16.08,--,26,41807,卖盘
1456,13:11:14,16.08,--,17,27335,卖盘
1457,13:11:11,16.08,--,4,6431,卖盘
1458,13:11:08,16.08,--,31,51423,买盘
1459,13:11:02,16.08,--,31,49847,买盘
1460,13:10:59,16.08,--,1,1607,买盘
1461,13:10:53,16.08,--,2,3215,买盘
1462,13:10:47,16.08,--,157,252488,卖盘
1463,13:10:38,16.08,--,20,32159,卖盘
1464,13:10:35,16.08,--,23,36983,卖盘
1465,13:10:32,16.08,--,80,128639,卖盘
1466,13:10:29,16.08,--,4,6431,卖盘
1467,13:10:26,16.08,--,84,135184,卖盘
1468,13:10:23,16.08,--,16,25727,卖盘
1469,13:10:17,16.08,-0.01,9,14471,卖盘
1470,13:10:11,16.09,0.01,30,48270,买盘
1471,13:10:05,16.08,--,47,75575,卖盘
1472,13:10:02,16.08,--,1,1607,卖盘
1473,13:09:59,16.08,-0.01,1,1607,卖盘
1474,13:09:56,16.09,0.01,81,130329,买盘
1475,13:09:53,16.08,--,142,228335,卖盘
1476,13:09:50,16.08,--,10,16079,卖盘
1477,13:09:44,16.08,--,20,32159,卖盘
1478,13:09:41,16.08,--,21,33768,卖盘
1479,13:09:32,16.08,--,21,33768,卖盘
1480,13:09:26,16.08,--,40,64319,卖盘
1481,13:09:23,16.08,-0.01,49,78791,卖盘
1482,13:09:17,16.09,0.01,5,8045,买盘
1483,13:09:05,16.08,--,3,4823,卖盘
1484,13:09:02,16.08,-0.01,1,1607,卖盘
1485,13:08:59,16.09,--,2,3218,买盘
1486,13:08:56,16.09,0.01,7,11263,买盘
1487,13:08:50,16.08,--,49,78791,卖盘
1488,13:08:44,16.08,--,9,14471,卖盘
1489,13:08:41,16.08,-0.01,10,16079,卖盘
1490,13:08:38,16.09,0.01,276,444084,买盘
1491,13:08:29,16.08,--,1,1607,卖盘
1492,13:08:26,16.08,-0.01,14,22511,卖盘
1493,13:08:17,16.09,--,60,96540,买盘
1494,13:08:14,16.09,--,9,14481,买盘
1495,13:08:08,16.09,0.01,10,16090,买盘
1496,13:08:05,16.08,--,10,16079,卖盘
1497,13:08:02,16.08,--,2,3215,卖盘
1498,13:07:56,16.08,-0.01,6,9647,卖盘
1499,13:07:53,16.09,--,2,3218,买盘
1500,13:07:50,16.09,--,25,40225,买盘
1501,13:07:38,16.09,--,105,169749,买盘
1502,13:07:32,16.09,0.01,15,24135,买盘
1503,13:07:23,16.08,--,5,8039,卖盘
1504,13:07:20,16.08,-0.01,10,16079,卖盘
1505,13:07:14,16.09,0.01,7,11263,买盘
1506,13:07:11,16.08,--,10,16079,卖盘
1507,13:07:08,16.08,-0.01,3,4823,卖盘
1508,13:07:05,16.09,0.01,2,3218,买盘
1509,13:07:02,16.08,--,18,28943,卖盘
1510,13:06:59,16.08,--,102,164015,卖盘
1511,13:06:56,16.08,--,2,3215,卖盘
1512,13:06:50,16.08,--,244,392351,卖盘
1513,13:06:44,16.08,--,50,80399,卖盘
1514,13:06:41,16.08,--,20,32159,卖盘
1515,13:06:35,16.08,--,37,60155,买盘
1516,13:06:31,16.08,0.01,2,3215,买盘
1517,13:06:28,16.07,--,3,4821,卖盘
1518,13:06:25,16.07,--,102,163914,卖盘
1519,13:06:19,16.07,--,6,9642,卖盘
1520,13:06:16,16.07,-0.01,9,14463,卖盘
1521,13:06:13,16.08,0.01,20,32159,买盘
1522,13:06:10,16.07,--,18,28926,卖盘
1523,13:06:01,16.07,-0.01,4,6428,卖盘
1524,13:05:58,16.08,--,50,80399,买盘
1525,13:05:55,16.08,--,20,32159,买盘
1526,13:05:49,16.08,--,44,70751,买盘
1527,13:05:46,16.08,0.01,50,80399,买盘
1528,13:05:31,16.07,-0.01,11,17677,卖盘
1529,13:05:28,16.08,0.01,51,82007,买盘
1530,13:05:25,16.07,-0.01,10,16070,卖盘
1531,13:05:19,16.08,0.01,20,32159,买盘
1532,13:05:16,16.07,--,7,11249,卖盘
1533,13:05:13,16.07,-0.01,1,1607,卖盘
1534,13:05:07,16.08,--,14,22511,买盘
1535,13:05:04,16.08,--,20,32159,买盘
1536,13:04:58,16.08,0.01,125,200999,买盘
1537,13:04:52,16.07,-0.02,1,1607,卖盘
1538,13:04:28,16.09,0.01,100,160900,买盘
1539,13:04:25,16.08,--,244,393718,卖盘
1540,13:04:22,16.08,-0.01,26,41807,卖盘
1541,13:04:19,16.09,0.01,34,54706,买盘
1542,13:04:16,16.08,--,28,45023,卖盘
1543,13:04:13,16.08,-0.01,23,36983,卖盘
1544,13:04:10,16.09,--,31,49879,买盘
1545,13:04:07,16.09,0.01,31,49879,买盘
1546,13:04:04,16.08,-0.01,10,16079,卖盘
1547,13:04:01,16.09,0.01,2,3218,买盘
1548,13:03:58,16.08,-0.01,156,250847,卖盘
1549,13:03:55,16.09,0.01,23,37007,买盘
1550,13:03:52,16.08,--,24,38591,卖盘
1551,13:03:43,16.08,-0.01,1,1607,卖盘
1552,13:03:40,16.09,--,122,196298,买盘
1553,13:03:37,16.09,--,7,11263,买盘
1554,13:03:34,16.09,0.01,12,19308,买盘
1555,13:03:31,16.08,-0.01,6,9647,卖盘
1556,13:03:28,16.09,0.01,1,1609,买盘
1557,13:03:25,16.08,-0.01,20,32159,卖盘
1558,13:03:16,16.09,0.01,4,6436,买盘
1559,13:03:13,16.08,-0.01,11,17687,卖盘
1560,13:03:10,16.09,0.01,38,61142,买盘
1561,13:03:07,16.08,--,25,40199,卖盘
1562,13:03:04,16.08,-0.01,6,9647,卖盘
1563,13:03:01,16.09,0.01,11,17699,买盘
1564,13:02:58,16.08,-0.01,10,16079,卖盘
1565,13:02:49,16.09,0.01,1,1609,买盘
1566,13:02:43,16.08,--,193,310585,买盘
1567,13:02:40,16.08,--,500,803999,买盘
1568,13:02:37,16.08,0.01,1,1607,买盘
1569,13:02:31,16.07,-0.01,6,9642,卖盘
1570,13:02:28,16.08,--,23,36983,买盘
1571,13:02:25,16.08,0.01,123,197783,买盘
1572,13:02:19,16.07,--,5,8035,卖盘
1573,13:02:07,16.07,--,21,33747,卖盘
1574,13:02:04,16.07,--,31,49817,买盘
1575,13:02:01,16.07,0.01,5,8035,买盘
1576,13:01:58,16.06,--,53,85118,卖盘
1577,13:01:55,16.06,--,4,6423,卖盘
1578,13:01:52,16.06,-0.01,1,1605,卖盘
1579,13:01:43,16.07,--,1,1607,买盘
1580,13:01:40,16.07,--,10,16070,买盘
1581,13:01:34,16.07,0.01,16,25712,买盘
1582,13:01:28,16.06,--,21,33726,卖盘
1583,13:01:22,16.06,-0.01,22,35332,卖盘
1584,13:01:16,16.07,--,22,35354,买盘
1585,13:01:10,16.07,--,6,9642,买盘
1586,13:01:07,16.07,--,20,32140,买盘
1587,13:00:58,16.07,--,10,16070,买盘
1588,13:00:55,16.07,-0.01,15,24105,卖盘
1589,13:00:52,16.08,--,1,1607,买盘
1590,13:00:46,16.08,0.01,51,82007,买盘
1591,13:00:43,16.07,--,4,6428,买盘
1592,13:00:40,16.07,--,115,184805,买盘
1593,13:00:37,16.07,0.01,16,25712,买盘
1594,13:00:28,16.06,-0.01,7,11242,卖盘
1595,13:00:22,16.07,0.01,6,9642,买盘
1596,13:00:16,16.06,0.01,14,22484,买盘
1597,13:00:10,16.05,-0.01,82,131610,卖盘
1598,13:00:07,16.06,0.01,389,624734,买盘
1599,13:00:04,16.05,--,266,426930,卖盘
1600,11:29:56,16.05,--,6,9630,买盘
1601,11:29:53,16.05,--,6,9630,买盘
1602,11:29:50,16.05,-0.01,52,83460,中性盘
1603,11:29:41,16.06,0.01,338,542828,买盘
1604,11:29:32,16.05,--,4,6420,买盘
1605,11:29:29,16.05,0.01,10,16050,买盘
1606,11:29:26,16.04,-0.01,9,14436,卖盘
1607,11:29:20,16.05,--,47,75435,买盘
1608,11:29:14,16.05,0.01,8,12840,买盘
1609,11:29:08,16.04,-0.01,1,1604,卖盘
1610,11:29:02,16.05,0.01,2,3210,买盘
1611,11:28:59,16.04,--,84,134736,卖盘
1612,11:28:53,16.04,--,53,85012,卖盘
1613,11:28:50,16.04,--,7,11228,卖盘
1614,11:28:47,16.04,--,81,129924,卖盘
1615,11:28:41,16.04,-0.01,27,44110,卖盘
1616,11:28:38,16.05,--,35,56175,买盘
1617,11:28:35,16.05,0.01,108,173340,买盘
1618,11:28:29,16.04,-0.01,20,32080,卖盘
1619,11:28:23,16.05,--,611,980655,买盘
1620,11:28:17,16.05,--,149,239145,买盘
1621,11:28:11,16.05,0.01,8,12840,买盘
1622,11:28:02,16.04,--,2,3208,卖盘
1623,11:27:50,16.04,-0.01,1,1604,卖盘
1624,11:27:41,16.05,0.01,26,41730,买盘
1625,11:27:38,16.04,--,2,3208,卖盘
1626,11:27:35,16.04,--,6,9624,卖盘
1627,11:27:32,16.04,--,4,7218,卖盘
1628,11:27:26,16.04,--,12,19248,卖盘
1629,11:27:20,16.04,--,8,12832,卖盘
1630,11:27:14,16.04,0.01,25,40100,买盘
1631,11:27:11,16.03,-0.02,82,131446,卖盘
1632,11:26:53,16.05,0.01,5,8025,买盘
1633,11:26:50,16.04,--,31,49724,买盘
1634,11:26:44,16.04,--,12,19248,买盘
1635,11:26:41,16.04,-0.01,7,11228,卖盘
1636,11:26:38,16.05,--,5,8025,买盘
1637,11:26:35,16.05,0.01,68,109140,买盘
1638,11:26:32,16.04,--,32,51328,卖盘
1639,11:26:29,16.04,--,47,75388,卖盘
1640,11:26:26,16.04,-0.01,1,1604,卖盘
1641,11:26:20,16.05,--,102,163710,买盘
1642,11:26:14,16.05,--,5,8025,买盘
1643,11:26:11,16.05,--,64,102720,买盘
1644,11:26:08,16.05,0.02,42,67410,买盘
1645,11:26:05,16.03,-0.01,30,48090,卖盘
1646,11:26:02,16.04,--,39,62556,买盘
1647,11:25:59,16.04,--,3,4812,买盘
1648,11:25:56,16.04,--,43,68972,买盘
1649,11:25:53,16.04,--,24,38496,买盘
1650,11:25:47,16.04,0.01,52,83408,买盘
1651,11:25:44,16.03,--,88,141945,买盘
1652,11:25:41,16.03,--,50,80150,买盘
1653,11:25:38,16.03,--,15,24045,买盘
1654,11:25:32,16.03,--,10,16030,买盘
1655,11:25:26,16.03,-0.01,64,103313,卖盘
1656,11:25:20,16.04,0.01,99,158796,买盘
1657,11:25:17,16.03,--,12,19236,卖盘
1658,11:25:14,16.03,--,9,14427,卖盘
1659,11:25:08,16.03,--,60,96180,卖盘
1660,11:25:05,16.03,--,0,160,卖盘
1661,11:25:02,16.03,--,1,1603,卖盘
1662,11:24:56,16.03,--,4,6412,卖盘
1663,11:24:47,16.03,--,45,72856,买盘
1664,11:24:44,16.03,0.01,2,3206,买盘
1665,11:24:41,16.02,-0.01,20,32040,卖盘
1666,11:24:35,16.03,--,32,51296,买盘
1667,11:24:29,16.03,0.01,5,8015,买盘
1668,11:24:26,16.02,-0.01,11,17622,卖盘
1669,11:24:23,16.03,0.01,34,54502,买盘
1670,11:24:20,16.02,--,12,19224,卖盘
1671,11:24:14,16.02,--,1,1602,卖盘
1672,11:24:11,16.02,--,10,16020,卖盘
1673,11:24:08,16.02,-0.01,24,38448,卖盘
1674,11:24:05,16.03,--,21,33663,买盘
1675,11:24:02,16.03,--,21,33663,买盘
1676,11:23:59,16.03,0.01,21,33663,买盘
1677,11:23:56,16.02,--,11,17622,买盘
1678,11:23:53,16.02,--,53,84906,买盘
1679,11:23:50,16.02,-0.01,27,43254,卖盘
1680,11:23:47,16.03,0.01,10,16030,买盘
1681,11:23:44,16.02,--,2,3204,卖盘
1682,11:23:41,16.02,--,20,32040,卖盘
1683,11:23:38,16.02,--,42,67284,卖盘
1684,11:23:32,16.02,--,76,121752,卖盘
1685,11:23:23,16.02,-0.01,17,27234,卖盘
1686,11:23:17,16.03,0.01,31,49693,买盘
1687,11:23:11,16.02,--,8,12816,卖盘
1688,11:23:08,16.02,-0.01,36,57672,卖盘
1689,11:23:05,16.03,0.01,21,33663,买盘
1690,11:23:02,16.02,--,119,190638,买盘
1691,11:22:59,16.02,0.01,57,91314,买盘
1692,11:22:56,16.01,--,37,59237,卖盘
1693,11:22:50,16.01,-0.01,8,12808,卖盘
1694,11:22:44,16.02,--,26,41652,买盘
1695,11:22:35,16.02,0.01,3,4806,中性盘
1696,11:22:29,16.01,-0.01,64,102464,卖盘
1697,11:22:23,16.02,--,50,80100,卖盘
1698,11:22:14,16.02,--,15,24030,卖盘
1699,11:22:11,16.02,--,54,86508,买盘
1700,11:22:08,16.02,0.01,6,9612,买盘
1701,11:22:05,16.01,--,15,24015,卖盘
1702,11:22:02,16.01,-0.02,2,3202,卖盘
1703,11:21:53,16.03,0.02,60,96180,买盘
1704,11:21:47,16.01,-0.02,500,800500,卖盘
1705,11:21:44,16.03,0.01,20,32060,买盘
1706,11:21:41,16.02,--,10,16020,卖盘
1707,11:21:38,16.02,--,2,3204,卖盘
1708,11:21:35,16.02,--,20,32040,卖盘
1709,11:21:32,16.02,--,5,8010,卖盘
1710,11:21:26,16.02,--,9,14418,卖盘
1711,11:21:23,16.02,-0.01,10,16020,卖盘
1712,11:21:20,16.03,0.01,89,142667,买盘
1713,11:21:16,16.02,0.01,1,1602,买盘
1714,11:21:13,16.01,-0.01,83,132883,卖盘
1715,11:21:07,16.02,--,13,20826,买盘
1716,11:21:01,16.02,0.01,2,3204,买盘
1717,11:20:58,16.01,-0.01,31,49631,卖盘
1718,11:20:52,16.02,--,36,57672,买盘
1719,11:20:49,16.02,-0.01,156,249912,卖盘
1720,11:20:46,16.03,--,2,3206,买盘
1721,11:20:43,16.03,0.01,12,19236,买盘
1722,11:20:40,16.02,-0.01,1,1602,卖盘
1723,11:20:34,16.03,--,85,136976,卖盘
1724,11:20:28,16.03,--,46,73738,卖盘
1725,11:20:22,16.03,-0.01,5,8015,卖盘
1726,11:20:16,16.04,--,42,67368,卖盘
1727,11:20:13,16.04,0.01,14,22456,买盘
1728,11:20:10,16.03,--,2,3206,卖盘
1729,11:20:07,16.03,-0.01,63,100989,卖盘
1730,11:20:04,16.04,--,3,4812,卖盘
1731,11:19:58,16.04,0.01,9,14436,买盘
1732,11:19:55,16.03,-0.01,45,72135,卖盘
1733,11:19:49,16.04,0.01,6,9624,买盘
1734,11:19:46,16.03,-0.01,25,40075,卖盘
1735,11:19:43,16.04,0.01,1,1604,买盘
1736,11:19:40,16.03,--,50,80150,卖盘
1737,11:19:37,16.03,-0.01,37,59311,卖盘
1738,11:19:34,16.04,0.01,17,27268,买盘
1739,11:19:31,16.03,--,8,12824,卖盘
1740,11:19:28,16.03,-0.02,1,1603,卖盘
1741,11:19:25,16.05,0.01,18,28890,买盘
1742,11:19:22,16.04,0.01,13,20852,中性盘
1743,11:19:19,16.03,-0.01,62,99386,卖盘
1744,11:19:16,16.04,0.01,21,33684,买盘
1745,11:19:07,16.03,-0.01,1,1603,卖盘
1746,11:19:04,16.04,--,29,46516,卖盘
1747,11:18:58,16.04,-0.01,22,35288,卖盘
1748,11:18:55,16.05,0.01,11,17655,买盘
1749,11:18:49,16.04,--,27,43308,买盘
1750,11:18:46,16.04,-0.01,12,19248,中性盘
1751,11:18:43,16.05,0.02,26,41730,买盘
1752,11:18:40,16.03,-0.01,14,22442,卖盘
1753,11:18:34,16.04,-0.01,7,12591,卖盘
1754,11:18:28,16.05,--,18,28890,买盘
1755,11:18:25,16.05,--,8,12840,买盘
1756,11:18:19,16.05,--,3,4815,买盘
1757,11:18:13,16.05,--,20,32100,买盘
1758,11:18:01,16.05,-0.01,1611,2585879,卖盘
1759,11:17:58,16.06,0.01,14,22484,买盘
1760,11:17:55,16.05,--,1,1605,卖盘
1761,11:17:52,16.05,--,57,91485,卖盘
1762,11:17:49,16.05,--,10,16050,卖盘
1763,11:17:46,16.05,--,20,32100,卖盘
1764,11:17:40,16.05,--,14,22470,卖盘
1765,11:17:34,16.05,--,50,80250,卖盘
1766,11:17:31,16.05,--,66,105930,买盘
1767,11:17:28,16.05,--,36,57780,买盘
1768,11:17:25,16.05,--,22,35310,买盘
1769,11:17:22,16.05,-0.01,23,36915,卖盘
1770,11:17:19,16.06,--,36,57815,买盘
1771,11:17:13,16.06,--,20,32119,卖盘
1772,11:17:10,16.06,--,13,20878,卖盘
1773,11:17:07,16.06,--,17,27301,买盘
1774,11:16:58,16.06,0.01,50,80300,买盘
1775,11:16:55,16.05,--,6,9630,卖盘
1776,11:16:52,16.05,-0.01,63,101115,卖盘
1777,11:16:49,16.06,0.01,1,1605,买盘
1778,11:16:46,16.05,--,3,4815,卖盘
1779,11:16:40,16.05,--,16,25680,卖盘
1780,11:16:31,16.05,0.01,47,75435,买盘
1781,11:16:22,16.04,--,187,299964,买盘
1782,11:16:16,16.04,0.01,19,30476,买盘
1783,11:16:13,16.03,--,4,6412,卖盘
1784,11:16:10,16.03,--,22,35266,卖盘
1785,11:16:07,16.03,--,1,1603,卖盘
1786,11:16:04,16.03,-0.01,46,73738,卖盘
1787,11:16:01,16.04,--,8,12832,买盘
1788,11:15:58,16.04,0.01,5,8020,买盘
1789,11:15:55,16.03,-0.01,32,51296,卖盘
1790,11:15:52,16.04,--,10,16040,买盘
1791,11:15:49,16.04,--,20,32080,买盘
1792,11:15:46,16.04,0.01,4,6416,买盘
1793,11:15:43,16.03,-0.01,10,16030,卖盘
1794,11:15:37,16.04,--,645,1034580,买盘
1795,11:15:34,16.04,--,4,6416,买盘
1796,11:15:31,16.04,0.01,11,17644,买盘
1797,11:15:28,16.03,-0.01,65,104195,卖盘
1798,11:15:22,16.04,--,22,35288,买盘
1799,11:15:19,16.04,--,20,32080,买盘
1800,11:15:16,16.04,--,72,115488,买盘
1801,11:15:13,16.04,--,33,52932,买盘
1802,11:15:10,16.04,--,36,57744,买盘
1803,11:15:04,16.04,--,4,6416,买盘
1804,11:14:58,16.04,0.01,2,3208,买盘
1805,11:14:55,16.03,-0.01,2,3206,卖盘
1806,11:14:52,16.04,-0.03,568,912659,卖盘
1807,11:14:49,16.07,0.02,305,490151,买盘
1808,11:14:43,16.05,--,1,1605,卖盘
1809,11:14:37,16.05,--,3,4815,卖盘
1810,11:14:34,16.05,-0.01,5,8025,卖盘
1811,11:14:31,16.06,0.02,16,25695,买盘
1812,11:14:25,16.04,--,24,38496,卖盘
1813,11:14:19,16.04,-0.01,1,1604,卖盘
1814,11:14:04,16.05,--,3,4815,卖盘
1815,11:14:01,16.05,--,5,8025,卖盘
1816,11:13:55,16.05,-0.02,1,1605,卖盘
1817,11:13:52,16.07,--,20,32140,买盘
1818,11:13:46,16.07,0.01,72,115704,买盘
1819,11:13:43,16.06,-0.01,3,4818,中性盘
1820,11:13:40,16.07,0.01,31,49817,买盘
1821,11:13:34,16.06,--,2,3211,买盘
1822,11:13:28,16.06,--,5,8029,卖盘
1823,11:13:22,16.06,-0.01,1,1605,中性盘
1824,11:13:19,16.07,0.04,20,32140,买盘
1825,11:13:13,16.03,-0.02,710,1138130,卖盘
1826,11:13:10,16.05,--,30,48150,卖盘
1827,11:13:04,16.05,-0.02,20,32100,卖盘
1828,11:13:01,16.07,0.01,42,67494,买盘
1829,11:12:55,16.06,--,42,67452,买盘
1830,11:12:52,16.06,--,42,67452,买盘
1831,11:12:49,16.06,--,33,52997,买盘
1832,11:12:46,16.06,--,53,85118,买盘
1833,11:12:43,16.06,--,21,33726,买盘
1834,11:12:40,16.06,0.01,24,38544,买盘
1835,11:12:37,16.05,-0.01,22,35310,卖盘
1836,11:12:34,16.06,--,22,35332,卖盘
1837,11:12:31,16.06,--,10,16059,卖盘
1838,11:12:28,16.06,--,10,16059,卖盘
1839,11:12:25,16.06,-0.01,20,32119,中性盘
1840,11:12:22,16.07,0.01,47,75529,买盘
1841,11:12:19,16.06,0.01,60,96359,买盘
1842,11:12:07,16.05,-0.01,17,27285,卖盘
1843,11:12:01,16.06,--,4,6423,卖盘
1844,11:11:55,16.06,0.01,72,115631,买盘
1845,11:11:40,16.05,-0.02,15,24075,卖盘
1846,11:11:28,16.07,0.02,53,85171,买盘
1847,11:11:25,16.05,-0.01,1,1605,卖盘
1848,11:11:22,16.06,0.01,24,38544,买盘
1849,11:11:16,16.05,-0.01,13,20865,卖盘
1850,11:11:10,16.06,-0.02,11,17666,卖盘
1851,11:11:07,16.08,0.01,10,16079,买盘
1852,11:11:04,16.07,-0.01,36,57852,买盘
1853,11:11:01,16.08,--,8,12863,买盘
1854,11:10:55,16.08,0.03,35,56279,买盘
1855,11:10:52,16.05,-0.02,30,48150,卖盘
1856,11:10:49,16.07,--,92,147844,卖盘
1857,11:10:43,16.07,--,11,17677,卖盘
1858,11:10:40,16.07,--,10,16070,卖盘
1859,11:10:28,16.07,0.02,112,180867,买盘
1860,11:10:22,16.05,--,20,32100,卖盘
1861,11:10:19,16.05,--,9,14445,卖盘
1862,11:10:16,16.05,-0.01,16,25680,卖盘
1863,11:10:10,16.06,0.01,3,4818,买盘
1864,11:10:04,16.05,-0.02,60,96300,卖盘
1865,11:10:01,16.07,0.02,50,80350,买盘
1866,11:09:55,16.05,--,1,1605,卖盘
1867,11:09:52,16.05,--,5,8025,卖盘
1868,11:09:49,16.05,--,40,64200,买盘
1869,11:09:43,16.05,0.01,31,49755,买盘
1870,11:09:37,16.04,--,21,33684,卖盘
1871,11:09:34,16.04,--,4,6416,卖盘
1872,11:09:31,16.04,--,44,70576,卖盘
1873,11:09:28,16.04,--,32,51328,卖盘
1874,11:09:22,16.04,-0.01,102,163608,卖盘
1875,11:09:19,16.05,--,89,142845,买盘
1876,11:09:13,16.05,--,25,40125,买盘
1877,11:09:10,16.05,0.01,11,17655,买盘
1878,11:09:07,16.04,--,10,16040,卖盘
1879,11:09:04,16.04,-0.01,22,35288,卖盘
1880,11:09:01,16.05,0.01,35,56175,买盘
1881,11:08:58,16.04,--,8,12832,卖盘
1882,11:08:55,16.04,--,23,36892,卖盘
1883,11:08:52,16.04,--,5,8020,卖盘
1884,11:08:46,16.04,--,14,22456,卖盘
1885,11:08:43,16.04,--,23,36892,卖盘
1886,11:08:40,16.04,--,3,4812,卖盘
1887,11:08:37,16.04,--,4,6416,卖盘
1888,11:08:34,16.04,0.01,64,102656,买盘
1889,11:08:28,16.03,-0.01,42,67326,卖盘
1890,11:08:22,16.04,0.01,15,24060,买盘
1891,11:08:10,16.03,-0.01,21,33663,卖盘
1892,11:08:07,16.04,0.01,10,16040,买盘
1893,11:08:01,16.03,--,40,64120,卖盘
1894,11:07:55,16.03,-0.01,10,16030,卖盘
1895,11:07:52,16.04,0.01,5,8020,买盘
1896,11:07:49,16.03,-0.01,12,19236,卖盘
1897,11:07:46,16.04,--,99,158796,卖盘
1898,11:07:43,16.04,-0.01,16,25664,卖盘
1899,11:07:40,16.05,--,9,14445,买盘
1900,11:07:37,16.05,0.01,155,248775,买盘
1901,11:07:34,16.04,--,14,22456,卖盘
1902,11:07:28,16.04,--,69,110676,卖盘
1903,11:07:22,16.04,--,35,56140,卖盘
1904,11:07:19,16.04,-0.01,35,56140,卖盘
1905,11:07:13,16.05,0.01,25,40125,买盘
1906,11:07:04,16.04,--,1,1604,卖盘
1907,11:07:01,16.04,-0.01,56,89824,卖盘
1908,11:06:55,16.05,--,46,73830,买盘
1909,11:06:49,16.05,--,19,30495,买盘
1910,11:06:43,16.05,-0.01,217,348285,卖盘
1911,11:06:40,16.06,0.01,24,38544,买盘
1912,11:06:37,16.05,-0.01,46,73830,卖盘
1913,11:06:34,16.06,--,1,1605,买盘
1914,11:06:31,16.06,0.01,10,16059,买盘
1915,11:06:28,16.05,--,1,1605,卖盘
1916,11:06:25,16.05,-0.01,152,243960,卖盘
1917,11:06:22,16.06,0.01,71,114025,买盘
1918,11:06:19,16.05,--,5,8025,卖盘
1919,11:06:13,16.05,-0.01,9,14445,卖盘
1920,11:06:10,16.06,0.01,18,28907,买盘
1921,11:06:07,16.05,--,41,65805,卖盘
1922,11:06:04,16.05,-0.01,1,1605,卖盘
1923,11:06:01,16.06,0.01,76,122055,买盘
1924,11:05:58,16.05,--,86,138030,买盘
1925,11:05:55,16.05,--,5,8025,买盘
1926,11:05:52,16.05,-0.01,115,184575,卖盘
1927,11:05:49,16.06,--,72,115631,买盘
1928,11:05:46,16.06,0.01,3,4818,买盘
1929,11:05:43,16.05,-0.01,21,33705,卖盘
1930,11:05:37,16.06,--,19,30513,买盘
1931,11:05:25,16.06,--,40,64239,卖盘
1932,11:05:22,16.06,--,1,1605,卖盘
1933,11:05:19,16.06,--,6,9636,卖盘
1934,11:05:16,16.06,--,73,117237,买盘
1935,11:05:13,16.06,--,33,52997,买盘
1936,11:05:01,16.06,0.01,35,56209,买盘
1937,11:04:55,16.05,-0.01,1,1605,卖盘
1938,11:04:52,16.06,--,18,28907,卖盘
1939,11:04:49,16.06,-0.01,76,122055,卖盘
1940,11:04:46,16.07,--,3,4821,买盘
1941,11:04:37,16.07,0.01,54,86778,买盘
1942,11:04:34,16.06,--,11,17666,卖盘
1943,11:04:31,16.06,--,7,11242,卖盘
1944,11:04:28,16.06,--,64,102783,卖盘
1945,11:04:25,16.06,-0.01,88,141328,卖盘
1946,11:04:22,16.07,--,10,16070,买盘
1947,11:04:19,16.07,--,6,9642,买盘
1948,11:04:16,16.07,0.01,21,33747,买盘
1949,11:04:13,16.06,-0.01,21,33726,卖盘
1950,11:04:10,16.07,--,9,14463,买盘
1951,11:04:07,16.07,--,56,90715,卖盘
1952,11:04:04,16.07,--,6,9642,卖盘
1953,11:03:58,16.07,-0.01,1,1607,卖盘
1954,11:03:55,16.08,--,7,11255,买盘
1955,11:03:52,16.08,0.01,36,57887,买盘
1956,11:03:49,16.07,--,71,114900,卖盘
1957,11:03:46,16.07,-0.01,5,8035,卖盘
1958,11:03:43,16.08,--,12,19295,买盘
1959,11:03:40,16.08,--,1,1607,买盘
1960,11:03:37,16.08,--,3,5627,卖盘
1961,11:03:34,16.08,-0.01,3,5627,中性盘
1962,11:03:31,16.09,0.01,160,257440,买盘
1963,11:03:28,16.08,--,30,48239,卖盘
1964,11:03:25,16.08,--,59,94871,买盘
1965,11:03:22,16.08,--,71,114167,卖盘
1966,11:03:19,16.08,--,54,86831,买盘
1967,11:03:16,16.08,--,80,128639,买盘
1968,11:03:13,16.08,0.01,349,561191,买盘
1969,11:03:07,16.07,-0.01,32,51424,卖盘
1970,11:03:04,16.08,0.01,28,45023,买盘
1971,11:02:58,16.07,-0.01,66,106062,卖盘
1972,11:02:55,16.08,--,4,6431,买盘
1973,11:02:46,16.08,-0.01,371,596567,卖盘
1974,11:02:43,16.09,--,39,62751,买盘
1975,11:02:40,16.09,--,12,19308,买盘
1976,11:02:37,16.09,0.01,61,98149,买盘
1977,11:02:28,16.08,-0.01,20,32159,卖盘
1978,11:02:25,16.09,--,27,43443,买盘
1979,11:02:22,16.09,--,78,125502,买盘
1980,11:02:19,16.09,--,24,38616,买盘
1981,11:02:16,16.09,--,20,32180,买盘
1982,11:02:13,16.09,0.01,73,117457,买盘
1983,11:02:10,16.08,-0.01,60,96479,卖盘
1984,11:02:07,16.09,0.01,266,427994,买盘
1985,11:02:01,16.08,-0.01,101,162407,卖盘
1986,11:01:58,16.09,--,82,131938,买盘
1987,11:01:55,16.09,--,30,48270,买盘
1988,11:01:52,16.09,--,2,3218,买盘
1989,11:01:45,16.09,0.01,5,8045,买盘
1990,11:01:42,16.08,-0.01,1,1607,卖盘
1991,11:01:36,16.09,0.01,97,156073,买盘
1992,11:01:33,16.08,--,29,46631,卖盘
1993,11:01:30,16.08,--,1,1607,卖盘
1994,11:01:27,16.08,-0.01,112,180095,卖盘
1995,11:01:24,16.09,--,8,12872,买盘
1996,11:01:21,16.09,0.02,551,886559,买盘
1997,11:01:18,16.07,-0.02,41,65887,卖盘
1998,11:01:15,16.09,0.02,305,490745,买盘
1999,11:01:09,16.07,-0.01,19,30613,卖盘
2000,11:01:06,16.08,0.01,11,17687,买盘
2001,11:01:03,16.07,-0.01,5,8035,卖盘
2002,11:01:00,16.08,0.01,13,20903,买盘
2003,11:00:57,16.07,--,36,57852,买盘
2004,11:00:54,16.07,--,32,51424,买盘
2005,11:00:51,16.07,0.01,186,298902,买盘
2006,11:00:48,16.06,-0.01,35,56209,卖盘
2007,11:00:45,16.07,--,33,53031,买盘
2008,11:00:42,16.07,--,50,80350,买盘
2009,11:00:39,16.07,-0.01,30,48210,卖盘
2010,11:00:36,16.08,0.02,57,91655,买盘
2011,11:00:33,16.06,--,462,741971,卖盘
2012,11:00:30,16.06,--,54,86724,卖盘
2013,11:00:24,16.06,--,17,27301,卖盘
2014,11:00:21,16.06,-0.01,10,16059,卖盘
2015,11:00:18,16.07,0.01,240,385680,买盘
2016,11:00:15,16.06,0.01,17,27301,买盘
2017,11:00:12,16.05,-0.01,25,40125,卖盘
2018,11:00:06,16.06,--,25,40150,买盘
2019,11:00:03,16.06,0.01,74,118843,买盘
2020,11:00:00,16.05,--,54,86670,买盘
2021,10:59:57,16.05,--,1,1605,买盘
2022,10:59:54,16.05,--,24,38520,卖盘
2023,10:59:51,16.05,--,17,27285,卖盘
2024,10:59:48,16.05,-0.01,10,16050,卖盘
2025,10:59:42,16.06,0.02,25,40150,买盘
2026,10:59:39,16.04,-0.01,39,62556,卖盘
2027,10:59:36,16.05,--,8,12840,卖盘
2028,10:59:30,16.05,-0.01,23,36915,卖盘
2029,10:59:27,16.06,0.01,20,32119,买盘
2030,10:59:24,16.05,--,112,179760,买盘
2031,10:59:21,16.05,--,114,182970,买盘
2032,10:59:15,16.05,0.01,2,3210,买盘
2033,10:59:09,16.04,-0.01,30,48120,卖盘
2034,10:59:06,16.05,-0.01,7,11235,卖盘
2035,10:59:03,16.06,--,3,4818,买盘
2036,10:59:00,16.06,--,17,27301,买盘
2037,10:58:57,16.06,0.02,2,3211,买盘
2038,10:58:54,16.04,-0.02,30,48120,卖盘
2039,10:58:48,16.06,0.01,54,86724,买盘
2040,10:58:45,16.05,--,5,8025,中性盘
2041,10:58:39,16.05,--,16,25680,买盘
2042,10:58:33,16.05,0.01,60,96300,买盘
2043,10:58:30,16.04,--,97,155588,卖盘
2044,10:58:27,16.04,--,29,46516,买盘
2045,10:58:24,16.04,0.01,8,12832,中性盘
2046,10:58:18,16.03,-0.02,101,161903,卖盘
2047,10:58:15,16.05,--,30,48150,买盘
2048,10:58:12,16.05,--,18,28890,买盘
2049,10:58:06,16.05,-0.01,84,134820,卖盘
2050,10:58:03,16.06,--,9,14453,买盘
2051,10:58:00,16.06,--,4,6423,买盘
2052,10:57:57,16.06,-0.01,2,3211,买盘
2053,10:57:54,16.07,0.01,21,33747,买盘
2054,10:57:45,16.06,--,11,17666,买盘
2055,10:57:42,16.06,0.01,73,117237,买盘
2056,10:57:39,16.05,0.01,1,1605,买盘
2057,10:57:36,16.04,-0.02,1,1604,卖盘
2058,10:57:33,16.06,0.01,21,33726,买盘
2059,10:57:30,16.05,0.01,25,40125,买盘
2060,10:57:27,16.04,-0.01,50,80200,卖盘
2061,10:57:21,16.05,-0.02,38,60990,卖盘
2062,10:57:18,16.07,0.03,71,114097,买盘
2063,10:57:15,16.04,-0.01,57,91428,卖盘
2064,10:57:12,16.05,--,10,16050,卖盘
2065,10:57:09,16.05,-0.02,10,16050,卖盘
2066,10:57:06,16.07,0.03,42,67494,买盘
2067,10:57:00,16.04,-0.01,48,76992,卖盘
2068,10:56:54,16.05,--,18,28890,卖盘
2069,10:56:51,16.05,-0.01,40,64200,买盘
2070,10:56:48,16.06,0.02,851,1366706,买盘
2071,10:56:42,16.04,--,60,96240,买盘
2072,10:56:39,16.04,--,10,16040,买盘
2073,10:56:36,16.04,-0.01,15,24060,卖盘
2074,10:56:33,16.05,--,22,35310,买盘
2075,10:56:30,16.05,--,38,60990,买盘
2076,10:56:27,16.05,0.01,37,59385,买盘
2077,10:56:21,16.04,--,3,4812,卖盘
2078,10:56:18,16.04,-0.01,5,8020,卖盘
2079,10:56:15,16.05,--,9,14445,买盘
2080,10:56:03,16.05,0.01,21,33705,买盘
2081,10:56:00,16.04,--,30,48296,买盘
2082,10:55:57,16.04,0.01,3,4812,买盘
2083,10:55:51,16.03,--,8,12824,卖盘
2084,10:55:48,16.03,--,5,8015,卖盘
2085,10:55:45,16.03,--,1,1603,卖盘
2086,10:55:42,16.03,--,74,118622,卖盘
2087,10:55:39,16.03,--,4,6412,卖盘
2088,10:55:33,16.03,--,9,14427,卖盘
2089,10:55:30,16.03,--,56,89768,卖盘
2090,10:55:27,16.03,-0.01,130,208390,卖盘
2091,10:55:24,16.04,--,12,19248,买盘
2092,10:55:18,16.04,0.01,1,1604,买盘
2093,10:55:15,16.03,-0.02,12,19236,卖盘
2094,10:55:09,16.05,0.02,59,94695,买盘
2095,10:55:06,16.03,--,102,163506,卖盘
2096,10:55:03,16.03,--,7,11221,卖盘
2097,10:54:57,16.03,--,16,25648,卖盘
2098,10:54:54,16.03,--,17,27251,卖盘
2099,10:54:51,16.03,--,2,3206,卖盘
2100,10:54:48,16.03,--,6,9618,卖盘
2101,10:54:42,16.03,0.01,74,118622,买盘
2102,10:54:39,16.02,-0.01,4,6408,卖盘
2103,10:54:36,16.03,0.01,3,4809,买盘
2104,10:54:30,16.02,-0.01,1,1602,卖盘
2105,10:54:21,16.03,0.01,20,32060,买盘
2106,10:54:09,16.02,-0.02,15,24030,中性盘
2107,10:54:03,16.04,0.01,10,16040,买盘
2108,10:54:00,16.03,--,198,317394,卖盘
2109,10:53:54,16.03,--,40,64120,卖盘
2110,10:53:51,16.03,-0.01,20,32060,卖盘
2111,10:53:48,16.04,0.01,26,41704,买盘
2112,10:53:45,16.03,-0.01,4,6412,卖盘
2113,10:53:42,16.04,--,3,4812,买盘
2114,10:53:39,16.04,--,25,40100,卖盘
2115,10:53:30,16.04,-0.01,2,3208,卖盘
2116,10:53:27,16.05,--,103,165315,买盘
2117,10:53:24,16.05,--,2,3210,买盘
2118,10:53:21,16.05,--,13,20865,买盘
2119,10:53:15,16.05,--,6,9630,买盘
2120,10:53:09,16.05,0.01,105,168525,买盘
2121,10:53:06,16.04,-0.01,290,465160,卖盘
2122,10:53:00,16.05,0.01,8,12840,买盘
2123,10:52:54,16.04,--,10,16040,卖盘
2124,10:52:51,16.04,-0.01,16,25664,卖盘
2125,10:52:48,16.05,0.01,35,56175,买盘
2126,10:52:45,16.04,--,43,68972,卖盘
2127,10:52:39,16.04,--,15,24060,卖盘
2128,10:52:36,16.04,-0.01,22,35288,卖盘
2129,10:52:30,16.05,0.01,23,36915,买盘
2130,10:52:24,16.04,-0.01,20,32080,卖盘
2131,10:52:21,16.05,0.01,70,112350,买盘
2132,10:52:15,16.04,--,31,49724,卖盘
2133,10:52:12,16.04,-0.01,7,11228,卖盘
2134,10:52:09,16.05,--,36,57780,买盘
2135,10:52:06,16.05,--,13,20865,买盘
2136,10:52:03,16.05,-0.01,39,62595,买盘
2137,10:52:00,16.06,0.02,65,104389,买盘
2138,10:51:57,16.04,-0.01,21,33684,卖盘
2139,10:51:54,16.05,--,25,40125,卖盘
2140,10:51:48,16.05,-0.01,21,33705,卖盘
2141,10:51:45,16.06,0.01,31,49785,买盘
2142,10:51:39,16.05,-0.01,39,62595,卖盘
2143,10:51:33,16.06,0.01,505,811029,买盘
2144,10:51:30,16.05,--,31,49755,买盘
2145,10:51:27,16.05,-0.01,249,399645,卖盘
2146,10:51:21,16.06,0.01,316,507495,买盘
2147,10:51:15,16.05,0.01,57,91485,买盘
2148,10:51:09,16.04,-0.01,20,32080,卖盘
2149,10:51:03,16.05,--,4,6420,买盘
2150,10:51:00,16.05,--,17,27285,卖盘
2151,10:50:57,16.05,-0.01,4,6420,中性盘
2152,10:50:54,16.06,0.01,58,93147,买盘
2153,10:50:51,16.05,--,106,170130,买盘
2154,10:50:48,16.05,--,31,49755,买盘
2155,10:50:45,16.05,--,8,12840,买盘
2156,10:50:42,16.05,0.01,30,48150,买盘
2157,10:50:39,16.04,-0.02,22,35288,卖盘
2158,10:50:33,16.06,--,148,237848,买盘
2159,10:50:30,16.06,--,79,126873,买盘
2160,10:50:27,16.06,--,5,8029,买盘
2161,10:50:24,16.06,0.01,34,54603,买盘
2162,10:50:18,16.05,-0.01,111,178155,卖盘
2163,10:50:15,16.06,--,128,205567,买盘
2164,10:50:12,16.06,0.01,17,27301,买盘
2165,10:50:06,16.05,--,2,3210,卖盘
2166,10:50:03,16.05,-0.01,36,57780,卖盘
2167,10:50:00,16.06,--,323,518737,买盘
2168,10:49:57,16.06,0.01,256,412581,买盘
2169,10:49:54,16.05,0.01,32,51360,买盘
2170,10:49:51,16.04,--,200,320800,卖盘
2171,10:49:48,16.04,--,104,166816,卖盘
2172,10:49:42,16.04,--,43,68972,买盘
2173,10:49:39,16.04,--,78,125112,买盘
2174,10:49:36,16.04,0.01,44,70576,买盘
2175,10:49:33,16.03,--,41,65723,卖盘
2176,10:49:21,16.03,-0.01,164,262892,卖盘
2177,10:49:18,16.04,--,9,14436,买盘
2178,10:49:15,16.04,0.01,2,3208,买盘
2179,10:49:12,16.03,-0.02,1,1603,卖盘
2180,10:49:09,16.05,0.01,28,44940,买盘
2181,10:49:06,16.04,--,4,6416,卖盘
2182,10:48:57,16.04,0.01,3,4812,中性盘
2183,10:48:51,16.03,-0.02,1,1603,卖盘
2184,10:48:48,16.05,--,5,8185,卖盘
2185,10:48:45,16.05,--,76,121980,卖盘
2186,10:48:42,16.05,--,25,40125,卖盘
2187,10:48:39,16.05,--,117,187785,卖盘
2188,10:48:36,16.05,--,20,32100,卖盘
2189,10:48:33,16.05,0.01,522,839254,买盘
2190,10:48:30,16.04,0.02,13,20852,中性盘
2191,10:48:27,16.02,-0.02,10,16020,卖盘
2192,10:48:24,16.04,0.01,162,260970,买盘
2193,10:48:21,16.03,--,49,78547,买盘
2194,10:48:18,16.03,--,57,91371,卖盘
2195,10:48:15,16.03,-0.01,83,133049,卖盘
2196,10:48:12,16.04,--,20,32080,买盘
2197,10:48:09,16.04,--,14,22456,买盘
2198,10:48:06,16.04,--,1,1604,买盘
2199,10:48:03,16.04,--,92,147568,买盘
2200,10:48:00,16.04,-0.01,69,111157,卖盘
2201,10:47:57,16.05,0.01,151,242355,买盘
2202,10:47:51,16.04,-0.01,140,224560,卖盘
2203,10:47:45,16.05,--,24,38520,买盘
2204,10:47:39,16.05,--,454,728670,买盘
2205,10:47:36,16.05,--,22,35310,买盘
2206,10:47:33,16.05,0.01,19,30495,买盘
2207,10:47:30,16.04,-0.01,109,174836,卖盘
2208,10:47:27,16.05,0.01,103,165315,买盘
2209,10:47:24,16.04,--,95,152380,卖盘
2210,10:47:21,16.04,-0.01,28,44912,卖盘
2211,10:47:18,16.05,0.01,117,188908,买盘
2212,10:47:09,16.04,0.01,151,242204,买盘
2213,10:47:06,16.03,--,25,40075,卖盘
2214,10:47:03,16.03,--,1,1603,卖盘
2215,10:47:00,16.03,--,4,6412,卖盘
2216,10:46:57,16.03,--,100,160300,卖盘
2217,10:46:54,16.03,--,133,213199,买盘
2218,10:46:48,16.03,0.01,22,35266,买盘
2219,10:46:42,16.02,--,27,43254,卖盘
2220,10:46:39,16.02,--,10,16020,卖盘
2221,10:46:36,16.02,-0.01,9,14418,卖盘
2222,10:46:33,16.03,0.01,251,402353,买盘
2223,10:46:30,16.02,--,60,96120,买盘
2224,10:46:27,16.02,0.01,115,184230,买盘
2225,10:46:21,16.01,--,21,33621,卖盘
2226,10:46:18,16.01,-0.01,11,17611,卖盘
2227,10:46:15,16.02,0.02,47,75294,买盘
2228,10:46:12,16.0,-0.01,31,49600,卖盘
2229,10:46:09,16.01,--,19,30419,买盘
2230,10:46:06,16.01,--,10,16010,买盘
2231,10:45:57,16.01,--,10,16010,买盘
2232,10:45:54,16.01,--,54,86454,买盘
2233,10:45:51,16.01,--,68,108868,卖盘
2234,10:45:48,16.01,--,79,126479,卖盘
2235,10:45:45,16.01,--,2,3202,卖盘
2236,10:45:42,16.01,--,32,51232,卖盘
2237,10:45:39,16.01,--,10,16010,卖盘
2238,10:45:33,16.01,--,85,136085,买盘
2239,10:45:30,16.01,0.01,86,137686,买盘
2240,10:45:27,16.0,--,22,35200,卖盘
2241,10:45:24,16.0,-0.01,3,4800,卖盘
2242,10:45:18,16.01,0.01,134,214534,买盘
2243,10:45:15,16.0,-0.01,10,16000,卖盘
2244,10:45:12,16.01,0.01,233,373033,买盘
2245,10:45:09,16.0,--,2,3200,买盘
2246,10:45:06,16.0,--,3,4800,买盘
2247,10:45:03,16.0,--,224,358400,买盘
2248,10:45:00,16.0,--,5,8000,买盘
2249,10:44:53,16.0,0.01,10,16000,买盘
2250,10:44:50,15.99,-0.01,23,36777,卖盘
2251,10:44:47,16.0,--,29,46400,买盘
2252,10:44:44,16.0,0.01,7,11200,买盘
2253,10:44:41,15.99,-0.01,36,57564,卖盘
2254,10:44:38,16.0,--,21,33600,买盘
2255,10:44:35,16.0,--,11,17600,买盘
2256,10:44:23,16.0,0.01,2,3200,买盘
2257,10:44:17,15.99,--,4,6396,卖盘
2258,10:44:14,15.99,-0.01,98,156702,卖盘
2259,10:44:08,16.0,--,11,17600,买盘
2260,10:44:02,16.0,0.01,7,11200,买盘
2261,10:43:56,15.99,-0.01,21,33579,卖盘
2262,10:43:53,16.0,--,15,24000,买盘
2263,10:43:50,16.0,--,97,155200,买盘
2264,10:43:44,16.0,0.01,42,67200,买盘
2265,10:43:41,15.99,-0.01,5,7995,卖盘
2266,10:43:38,16.0,0.01,196,313600,买盘
2267,10:43:35,15.99,--,7,11193,卖盘
2268,10:43:32,15.99,--,10,15990,卖盘
2269,10:43:29,15.99,--,5,7995,卖盘
2270,10:43:26,15.99,-0.01,8,12792,卖盘
2271,10:43:23,16.0,0.01,21,33600,买盘
2272,10:43:20,15.99,-0.01,9,14391,卖盘
2273,10:43:14,16.0,--,34,54400,买盘
2274,10:43:11,16.0,--,30,48000,买盘
2275,10:43:05,16.0,--,7,11200,买盘
2276,10:42:59,16.0,--,99,158400,买盘
2277,10:42:56,16.0,0.01,9,14400,买盘
2278,10:42:50,15.99,0.01,6,9594,中性盘
2279,10:42:41,15.98,-0.01,56,89488,卖盘
2280,10:42:38,15.99,0.01,45,71955,买盘
2281,10:42:35,15.98,--,50,79900,卖盘
2282,10:42:32,15.98,--,75,119850,卖盘
2283,10:42:29,15.98,--,2,3196,卖盘
2284,10:42:23,15.98,--,12,19176,卖盘
2285,10:42:17,15.98,-0.01,22,35156,中性盘
2286,10:42:14,15.99,0.01,12,19188,买盘
2287,10:42:08,15.98,0.01,5,7990,买盘
2288,10:41:59,15.97,--,4,6388,卖盘
2289,10:41:56,15.97,--,129,206013,买盘
2290,10:41:50,15.97,--,18,28746,买盘
2291,10:41:47,15.97,--,39,62283,买盘
2292,10:41:41,15.97,0.01,15,23955,买盘
2293,10:41:38,15.96,-0.02,8,12768,中性盘
2294,10:41:35,15.98,0.03,66,105468,买盘
2295,10:41:29,15.95,--,262,417905,卖盘
2296,10:41:23,15.95,-0.01,32,51040,卖盘
2297,10:41:20,15.96,0.01,7,11172,买盘
2298,10:41:17,15.95,--,1,1595,卖盘
2299,10:41:14,15.95,-0.01,13,20735,卖盘
2300,10:41:11,15.96,-0.01,21,35096,卖盘
2301,10:41:08,15.97,--,44,70268,卖盘
2302,10:41:05,15.97,0.01,24,38343,买盘
2303,10:40:56,15.96,-0.01,4,6384,卖盘
2304,10:40:53,15.97,0.01,68,108596,买盘
2305,10:40:50,15.96,--,3,4788,卖盘
2306,10:40:47,15.96,-0.01,1,1596,买盘
2307,10:40:44,15.97,--,77,122969,买盘
2308,10:40:38,15.97,0.02,14,22358,买盘
2309,10:40:32,15.95,--,48,76560,卖盘
2310,10:40:29,15.95,-0.02,44,71759,卖盘
2311,10:40:20,15.97,-0.02,28,44716,卖盘
2312,10:40:14,15.99,0.02,2,3198,买盘
2313,10:40:11,15.97,0.01,0,15,中性盘
2314,10:40:02,15.96,-0.03,26,41496,卖盘
2315,10:39:59,15.99,--,15,23985,卖盘
2316,10:39:50,15.99,--,1,1599,卖盘
2317,10:39:47,15.99,--,1,1599,卖盘
2318,10:39:44,15.99,0.01,7,11193,买盘
2319,10:39:41,15.98,-0.01,1,1598,卖盘
2320,10:39:38,15.99,-0.01,23,36777,中性盘
2321,10:39:32,16.0,0.01,19,30400,买盘
2322,10:39:26,15.99,-0.01,783,1252017,卖盘
2323,10:39:11,16.0,0.01,39,62400,中性盘
2324,10:39:08,15.99,--,34,54366,卖盘
2325,10:39:02,15.99,--,17,27183,卖盘
2326,10:38:59,15.99,--,48,76752,卖盘
2327,10:38:56,15.99,--,2,3198,卖盘
2328,10:38:53,15.99,--,367,586833,卖盘
2329,10:38:47,15.99,--,9,14391,卖盘
2330,10:38:41,15.99,--,5,7995,卖盘
2331,10:38:38,15.99,-0.01,4,6396,中性盘
2332,10:38:26,16.0,0.02,15,24000,买盘
2333,10:38:23,15.98,-0.02,25,39950,卖盘
2334,10:38:20,16.0,--,3,4800,买盘
2335,10:38:17,16.0,--,24,38400,买盘
2336,10:38:14,16.0,--,9,14400,买盘
2337,10:38:11,16.0,--,52,83200,买盘
2338,10:38:08,16.0,--,63,100800,买盘
2339,10:38:05,16.0,--,26,41600,买盘
2340,10:38:02,16.0,0.02,126,201600,买盘
2341,10:37:56,15.98,-0.02,28,44744,卖盘
2342,10:37:53,16.0,-0.01,38,60800,卖盘
2343,10:37:47,16.01,--,37,59237,买盘
2344,10:37:44,16.01,0.03,56,89656,买盘
2345,10:37:41,15.98,-0.03,2,3196,卖盘
2346,10:37:38,16.01,0.03,124,198524,买盘
2347,10:37:32,15.98,-0.02,19,30362,卖盘
2348,10:37:29,16.0,0.02,44,70400,买盘
2349,10:37:26,15.98,-0.01,302,482596,卖盘
2350,10:37:20,15.99,--,84,134316,买盘
2351,10:37:17,15.99,--,6,9594,买盘
2352,10:37:14,15.99,--,1,1599,买盘
2353,10:37:08,15.99,--,30,47970,卖盘
2354,10:37:05,15.99,-0.01,397,634803,卖盘
2355,10:37:02,16.0,--,32,51200,买盘
2356,10:36:59,16.0,--,54,86400,买盘
2357,10:36:53,16.0,--,19,30400,买盘
2358,10:36:50,16.0,--,21,33600,买盘
2359,10:36:47,16.0,--,156,249600,卖盘
2360,10:36:44,16.0,-0.01,42,67200,卖盘
2361,10:36:41,16.01,0.01,19,30419,买盘
2362,10:36:38,16.0,--,8,12800,卖盘
2363,10:36:35,16.0,--,78,124800,卖盘
2364,10:36:29,16.0,-0.01,3,4800,卖盘
2365,10:36:23,16.01,0.01,75,120075,买盘
2366,10:36:20,16.0,-0.01,31,49600,卖盘
2367,10:36:17,16.01,--,29,46429,卖盘
2368,10:36:11,16.01,--,17,27217,卖盘
2369,10:36:08,16.01,--,8,12808,卖盘
2370,10:36:05,16.01,--,88,140888,卖盘
2371,10:36:02,16.01,0.01,16,25616,买盘
2372,10:35:59,16.0,-0.01,8,12800,卖盘
2373,10:35:56,16.01,--,21,33621,卖盘
2374,10:35:50,16.01,--,26,41626,买盘
2375,10:35:44,16.01,-0.01,26,41626,卖盘
2376,10:35:41,16.02,--,11,17622,买盘
2377,10:35:38,16.02,0.01,84,134568,买盘
2378,10:35:35,16.01,--,7,11207,卖盘
2379,10:35:32,16.01,0.01,138,220938,买盘
2380,10:35:29,16.0,-0.01,11,17600,卖盘
2381,10:35:26,16.01,--,51,81651,买盘
2382,10:35:20,16.01,0.01,117,187317,买盘
2383,10:35:14,16.0,-0.01,977,1563200,卖盘
2384,10:35:11,16.01,--,65,104065,买盘
2385,10:35:08,16.01,0.01,6,9606,买盘
2386,10:35:05,16.0,-0.02,10,16000,卖盘
2387,10:35:02,16.02,0.02,51,81702,买盘
2388,10:34:59,16.0,-0.01,13,20800,卖盘
2389,10:34:56,16.01,--,16,25616,买盘
2390,10:34:53,16.01,--,12,19212,买盘
2391,10:34:50,16.01,--,92,147292,卖盘
2392,10:34:47,16.01,-0.01,6,9606,卖盘
2393,10:34:44,16.02,0.01,24,38448,买盘
2394,10:34:41,16.01,--,24,38424,卖盘
2395,10:34:35,16.01,--,32,51232,卖盘
2396,10:34:29,16.01,-0.01,10,16010,卖盘
2397,10:34:29,16.02,--,181,289962,买盘
2398,10:34:20,16.02,0.02,20,32040,买盘
2399,10:34:17,16.0,-0.01,76,121600,卖盘
2400,10:34:14,16.01,0.01,21,33621,买盘
2401,10:34:11,16.0,--,10,16000,卖盘
2402,10:34:05,16.0,--,242,387200,卖盘
2403,10:34:02,16.0,-0.02,15,24000,卖盘
2404,10:33:59,16.02,0.01,150,240300,买盘
2405,10:33:53,16.01,--,21,33621,买盘
2406,10:33:50,16.01,--,6,11014,卖盘
2407,10:33:47,16.01,--,17,27217,卖盘
2408,10:33:44,16.01,--,20,32020,卖盘
2409,10:33:41,16.01,--,2,3202,卖盘
2410,10:33:38,16.01,-0.01,55,88055,卖盘
2411,10:33:35,16.02,-0.01,5,8010,中性盘
2412,10:33:32,16.03,--,8,12824,买盘
2413,10:33:29,16.03,--,21,33663,买盘
2414,10:33:26,16.03,0.02,41,65723,买盘
2415,10:33:23,16.01,-0.02,51,81651,卖盘
2416,10:33:20,16.03,--,15,24045,卖盘
2417,10:33:17,16.03,--,20,32060,卖盘
2418,10:33:14,16.03,-0.01,167,267701,卖盘
2419,10:33:11,16.04,0.01,23,36892,买盘
2420,10:33:08,16.03,-0.01,12,19236,卖盘
2421,10:33:05,16.04,-0.01,50,80200,卖盘
2422,10:33:02,16.05,--,27,43335,卖盘
2423,10:32:56,16.05,--,34,54570,买盘
2424,10:32:53,16.05,0.01,269,431745,买盘
2425,10:32:50,16.04,-0.01,7,11228,卖盘
2426,10:32:47,16.05,0.01,179,287295,买盘
2427,10:32:44,16.04,--,109,174836,卖盘
2428,10:32:41,16.04,--,51,81804,卖盘
2429,10:32:38,16.04,-0.01,72,115488,卖盘
2430,10:32:35,16.05,--,43,69015,买盘
2431,10:32:32,16.05,--,83,133215,买盘
2432,10:32:29,16.05,0.01,48,77040,买盘
2433,10:32:26,16.04,-0.01,24,38496,卖盘
2434,10:32:23,16.05,0.01,32,51360,买盘
2435,10:32:20,16.04,--,106,170024,卖盘
2436,10:32:17,16.04,-0.01,39,62556,卖盘
2437,10:32:14,16.05,0.01,308,494340,买盘
2438,10:32:11,16.04,-0.01,62,99448,卖盘
2439,10:32:08,16.05,0.01,145,232725,买盘
2440,10:32:05,16.04,--,5,8020,卖盘
2441,10:32:02,16.04,--,70,112280,买盘
2442,10:31:59,16.04,--,82,131528,买盘
2443,10:31:56,16.04,0.01,26,41704,买盘
2444,10:31:53,16.03,-0.01,45,72135,卖盘
2445,10:31:44,16.04,0.01,42,67368,买盘
2446,10:31:38,16.03,--,5,8015,卖盘
2447,10:31:32,16.03,0.01,158,253274,买盘
2448,10:31:29,16.02,--,66,105732,卖盘
2449,10:31:23,16.02,-0.01,16,25632,卖盘
2450,10:31:17,16.03,0.01,66,105798,买盘
2451,10:31:11,16.02,--,8,12816,买盘
2452,10:31:08,16.02,--,53,84906,买盘
2453,10:31:05,16.02,0.01,142,227484,买盘
2454,10:31:02,16.01,--,21,33621,卖盘
2455,10:30:56,16.01,--,2,3202,卖盘
2456,10:30:53,16.01,--,27,43419,买盘
2457,10:30:50,16.01,--,4,6404,买盘
2458,10:30:47,16.01,0.01,35,56035,买盘
2459,10:30:38,16.0,-0.01,43,68800,卖盘
2460,10:30:32,16.01,0.01,114,182514,买盘
2461,10:30:29,16.0,--,3,4800,买盘
2462,10:30:26,16.0,--,12,19200,买盘
2463,10:30:23,16.0,--,200,320000,卖盘
2464,10:30:17,16.0,-0.01,53,84800,中性盘
2465,10:30:14,16.01,0.01,123,196923,买盘
2466,10:30:11,16.0,--,194,310400,买盘
2467,10:30:05,16.0,--,13,20800,买盘
2468,10:30:02,16.0,--,22,35200,买盘
2469,10:29:59,16.0,0.01,33,52800,买盘
2470,10:29:56,15.99,--,36,57564,买盘
2471,10:29:53,15.99,-0.01,74,118326,中性盘
2472,10:29:50,16.0,--,195,312000,买盘
2473,10:29:47,16.0,--,6,9600,买盘
2474,10:29:44,16.0,--,69,110400,买盘
2475,10:29:41,16.0,0.03,40,64000,买盘
2476,10:29:38,15.97,-0.03,38,60686,卖盘
2477,10:29:35,16.0,--,21,33600,买盘
2478,10:29:29,16.0,0.02,19,30400,买盘
2479,10:29:26,15.98,-0.02,14,23778,卖盘
2480,10:29:23,16.0,--,12,19200,卖盘
2481,10:29:20,16.0,--,25,40000,卖盘
2482,10:29:17,16.0,--,7,11200,卖盘
2483,10:29:14,16.0,--,74,118592,卖盘
2484,10:29:11,16.0,0.04,1087,1739200,买盘
2485,10:29:08,15.96,-0.01,13,20748,卖盘
2486,10:29:05,15.97,--,1,1597,卖盘
2487,10:29:02,15.97,--,8,12776,卖盘
2488,10:28:59,15.97,0.01,7,11179,卖盘
2489,10:28:56,15.96,-0.01,43,68628,卖盘
2490,10:28:53,15.97,-0.02,5,7985,买盘
2491,10:28:47,15.99,0.02,48,76752,买盘
2492,10:28:44,15.97,-0.01,11,17567,卖盘
2493,10:28:41,15.98,--,11,17578,买盘
2494,10:28:38,15.98,--,5,7990,买盘
2495,10:28:35,15.98,0.02,59,94282,买盘
2496,10:28:32,15.96,--,164,261744,卖盘
2497,10:28:29,15.96,--,4,6384,卖盘
2498,10:28:26,15.96,--,62,98952,卖盘
2499,10:28:23,15.96,0.01,27,43092,买盘
2500,10:28:17,15.95,-0.01,37,59015,卖盘
2501,10:28:14,15.96,--,76,121296,买盘
2502,10:28:11,15.96,--,59,94164,买盘
2503,10:28:05,15.96,--,60,95760,买盘
2504,10:28:02,15.96,0.01,151,241474,买盘
2505,10:27:56,15.95,0.01,5,7975,买盘
2506,10:27:53,15.94,-0.01,72,114768,卖盘
2507,10:27:50,15.95,-0.01,257,409915,卖盘
2508,10:27:47,15.96,-0.01,15,23940,中性盘
2509,10:27:44,15.97,0.01,119,190043,买盘
2510,10:27:41,15.96,--,55,87780,买盘
2511,10:27:38,15.96,0.01,345,550620,买盘
2512,10:27:35,15.95,-0.01,100,159500,卖盘
2513,10:27:32,15.96,--,235,375060,买盘
2514,10:27:26,15.96,-0.01,15,23940,中性盘
2515,10:27:23,15.97,--,88,140536,买盘
2516,10:27:20,15.97,0.01,18,28746,买盘
2517,10:27:17,15.96,--,71,113316,买盘
2518,10:27:14,15.96,-0.01,236,376656,卖盘
2519,10:27:08,15.97,0.01,54,86238,买盘
2520,10:27:05,15.96,-0.01,28,44688,卖盘
2521,10:27:02,15.97,-0.01,54,86238,买盘
2522,10:26:59,15.98,0.02,77,123046,买盘
2523,10:26:56,15.96,--,6,9576,卖盘
2524,10:26:53,15.96,-0.01,91,146353,卖盘
2525,10:26:50,15.97,-0.01,10,15970,卖盘
2526,10:26:47,15.98,--,6,9588,买盘
2527,10:26:44,15.98,--,16,25568,买盘
2528,10:26:41,15.98,-0.01,5,7990,中性盘
2529,10:26:38,15.99,0.02,69,110331,买盘
2530,10:26:35,15.97,-0.02,162,258714,卖盘
2531,10:26:32,15.99,--,20,31980,买盘
2532,10:26:29,15.99,0.01,320,511680,买盘
2533,10:26:26,15.98,--,15,23970,买盘
2534,10:26:23,15.98,--,11,17578,卖盘
2535,10:26:20,15.98,-0.01,29,46342,卖盘
2536,10:26:17,15.99,0.02,33,52767,买盘
2537,10:26:14,15.97,-0.02,46,73462,卖盘
2538,10:26:11,15.99,-0.01,116,185484,卖盘
2539,10:26:08,16.0,0.01,41,65600,买盘
2540,10:26:05,15.99,--,157,251043,买盘
2541,10:25:59,15.99,--,8,12792,买盘
2542,10:25:56,15.99,--,28,44772,买盘
2543,10:25:50,15.99,-0.01,47,75153,中性盘
2544,10:25:47,16.0,0.01,328,524800,买盘
2545,10:25:44,15.99,0.01,101,161499,买盘
2546,10:25:41,15.98,-0.02,70,111860,卖盘
2547,10:25:38,16.0,0.01,219,350400,买盘
2548,10:25:32,15.99,--,159,254241,卖盘
2549,10:25:32,15.99,0.01,92,147108,买盘
2550,10:25:26,15.98,-0.01,147,234906,卖盘
2551,10:25:23,15.99,--,50,79950,卖盘
2552,10:25:19,15.99,0.01,416,665184,买盘
2553,10:25:16,15.98,-0.01,52,83096,卖盘
2554,10:25:13,15.99,0.01,9,14391,买盘
2555,10:25:10,15.98,--,8,13263,卖盘
2556,10:25:07,15.98,-0.01,35,55930,卖盘
2557,10:25:04,15.99,--,65,103935,买盘
2558,10:25:01,15.99,--,122,195078,买盘
2559,10:24:58,15.99,--,160,255840,买盘
2560,10:24:55,15.99,0.01,57,91143,买盘
2561,10:24:49,15.98,-0.01,65,103870,卖盘
2562,10:24:46,15.99,0.01,51,81549,买盘
2563,10:24:43,15.98,-0.01,1,1598,卖盘
2564,10:24:40,15.99,0.01,251,401349,买盘
2565,10:24:37,15.98,--,168,268464,买盘
2566,10:24:34,15.98,--,55,87890,买盘
2567,10:24:31,15.98,0.01,10,15980,买盘
2568,10:24:28,15.97,-0.01,79,126163,卖盘
2569,10:24:25,15.98,0.01,129,206142,卖盘
2570,10:24:22,15.97,-0.01,132,210804,卖盘
2571,10:24:19,15.98,--,29,46342,买盘
2572,10:24:16,15.98,0.01,38,60724,买盘
2573,10:24:13,15.97,-0.01,18,28746,卖盘
2574,10:24:10,15.98,--,59,94282,买盘
2575,10:24:07,15.98,0.01,9,14382,买盘
2576,10:24:04,15.97,--,19,30343,卖盘
2577,10:24:01,15.97,-0.01,17,27149,卖盘
2578,10:23:58,15.98,0.01,1,1598,买盘
2579,10:23:55,15.97,-0.01,11,17567,卖盘
2580,10:23:52,15.98,0.01,1067,1705066,买盘
2581,10:23:49,15.97,0.01,48,76656,买盘
2582,10:23:46,15.96,--,28,44688,卖盘
2583,10:23:43,15.96,--,364,580944,卖盘
2584,10:23:40,15.96,--,32,51072,买盘
2585,10:23:37,15.96,--,58,92568,买盘
2586,10:23:31,15.96,--,63,100548,买盘
2587,10:23:28,15.96,0.01,62,98952,买盘
2588,10:23:25,15.95,-0.01,51,81345,卖盘
2589,10:23:22,15.96,0.01,91,145236,买盘
2590,10:23:19,15.95,--,49,78155,卖盘
2591,10:23:16,15.95,--,11,17545,卖盘
2592,10:23:13,15.95,--,118,188210,买盘
2593,10:23:10,15.95,0.01,288,459360,买盘
2594,10:23:04,15.94,-0.01,3,4782,卖盘
2595,10:23:01,15.95,0.01,59,94105,买盘
2596,10:22:52,15.94,--,74,118274,买盘
2597,10:22:49,15.94,--,31,49414,买盘
2598,10:22:46,15.94,0.02,13,20722,买盘
2599,10:22:40,15.92,-0.01,110,175120,卖盘
2600,10:22:40,15.93,--,6,9558,卖盘
2601,10:22:34,15.93,-0.01,75,119475,卖盘
2602,10:22:31,15.94,0.01,12,19128,买盘
2603,10:22:25,15.93,--,60,95580,买盘
2604,10:22:19,15.93,--,36,57348,买盘
2605,10:22:16,15.93,--,5,7965,卖盘
2606,10:22:13,15.93,--,73,117866,买盘
2607,10:22:10,15.93,0.01,12,19116,买盘
2608,10:22:07,15.92,-0.01,49,78008,中性盘
2609,10:22:01,15.93,0.02,72,114696,买盘
2610,10:21:58,15.91,0.01,9,14319,中性盘
2611,10:21:52,15.9,--,116,184440,卖盘
2612,10:21:49,15.9,-0.02,3,4770,卖盘
2613,10:21:46,15.92,--,38,60496,买盘
2614,10:21:40,15.92,--,98,156016,买盘
2615,10:21:37,15.92,0.01,68,108256,买盘
2616,10:21:34,15.91,--,102,162282,买盘
2617,10:21:31,15.91,0.01,46,73186,买盘
2618,10:21:28,15.9,--,45,71550,买盘
2619,10:21:25,15.9,--,548,871971,买盘
2620,10:21:22,15.9,--,47,74730,买盘
2621,10:21:16,15.9,--,6,9540,买盘
2622,10:21:10,15.9,-0.01,356,566040,卖盘
2623,10:21:04,15.91,--,30,47730,买盘
2624,10:21:01,15.91,--,66,105006,买盘
2625,10:20:58,15.91,-0.01,354,563611,卖盘
2626,10:20:52,15.92,0.01,4,6368,买盘
2627,10:20:46,15.91,-0.02,2,3182,卖盘
2628,10:20:43,15.93,0.02,38,60534,买盘
2629,10:20:34,15.91,-0.01,626,995966,卖盘
2630,10:20:31,15.92,--,37,58904,卖盘
2631,10:20:25,15.92,--,161,257506,买盘
2632,10:20:22,15.92,0.01,24,38208,买盘
2633,10:20:16,15.91,-0.01,200,318200,卖盘
2634,10:20:13,15.92,-0.01,10,16318,卖盘
2635,10:20:10,15.93,--,92,146556,买盘
2636,10:20:07,15.93,0.01,1,1593,买盘
2637,10:20:01,15.92,-0.01,40,63680,卖盘
2638,10:19:58,15.93,0.01,460,733592,买盘
2639,10:19:55,15.92,--,15,23880,买盘
2640,10:19:52,15.92,--,47,75206,买盘
2641,10:19:49,15.92,--,545,867640,买盘
2642,10:19:43,15.92,-0.01,122,195465,卖盘
2643,10:19:34,15.93,--,89,142716,卖盘
2644,10:19:31,15.93,-0.01,38,60534,卖盘
2645,10:19:28,15.94,--,3,4782,买盘
2646,10:19:25,15.94,--,30,47820,买盘
2647,10:19:22,15.94,0.01,30,47820,买盘
2648,10:19:19,15.93,-0.01,11,17523,卖盘
2649,10:19:16,15.94,--,24,39531,卖盘
2650,10:19:13,15.94,-0.01,513,817722,卖盘
2651,10:19:10,15.95,--,170,271150,买盘
2652,10:19:07,15.95,0.01,79,126005,买盘
2653,10:19:04,15.94,--,64,102016,卖盘
2654,10:19:01,15.94,-0.01,53,84482,卖盘
2655,10:18:58,15.95,--,13,20735,买盘
2656,10:18:52,15.95,--,84,134299,买盘
2657,10:18:46,15.95,--,95,151525,买盘
2658,10:18:43,15.95,--,16,25520,买盘
2659,10:18:40,15.95,0.01,63,100485,买盘
2660,10:18:37,15.94,--,31,49414,卖盘
2661,10:18:34,15.94,-0.01,22,35068,卖盘
2662,10:18:31,15.95,0.01,266,424270,买盘
2663,10:18:22,15.94,0.01,137,219031,中性盘
2664,10:18:19,15.93,--,33,52569,卖盘
2665,10:18:16,15.93,--,15,23895,卖盘
2666,10:18:13,15.93,-0.01,53,84429,卖盘
2667,10:18:10,15.94,0.02,8,12752,买盘
2668,10:18:07,15.92,-0.02,61,97112,卖盘
2669,10:18:04,15.94,0.01,50,79700,中性盘
2670,10:18:01,15.93,--,30,47790,卖盘
2671,10:17:58,15.93,0.01,247,393471,买盘
2672,10:17:55,15.92,-0.01,32,51294,卖盘
2673,10:17:52,15.93,--,21,33453,卖盘
2674,10:17:49,15.93,0.01,571,909603,买盘
2675,10:17:43,15.92,--,40,63680,卖盘
2676,10:17:40,15.92,--,56,89152,卖盘
2677,10:17:37,15.92,-0.01,26,41392,卖盘
2678,10:17:34,15.93,0.01,104,165672,买盘
2679,10:17:31,15.92,--,21,33432,买盘
2680,10:17:28,15.92,0.01,10,15920,买盘
2681,10:17:25,15.91,-0.01,4,6364,卖盘
2682,10:17:22,15.92,--,10,15920,买盘
2683,10:17:19,15.92,0.01,100,159200,买盘
2684,10:17:16,15.91,--,134,213194,买盘
2685,10:17:13,15.91,--,16,25456,买盘
2686,10:17:10,15.91,-0.01,21,33411,卖盘
2687,10:17:07,15.92,--,12,19104,买盘
2688,10:17:04,15.92,0.02,79,125768,买盘
2689,10:17:01,15.9,--,55,88610,卖盘
2690,10:16:58,15.9,--,33,52470,卖盘
2691,10:16:55,15.9,--,32,51309,卖盘
2692,10:16:52,15.9,--,17,27030,卖盘
2693,10:16:49,15.9,-0.01,44,69960,卖盘
2694,10:16:46,15.91,0.01,296,471063,买盘
2695,10:16:43,15.9,0.01,22,34980,买盘
2696,10:16:40,15.89,-0.01,434,689626,卖盘
2697,10:16:37,15.9,--,84,133560,买盘
2698,10:16:31,15.9,0.01,132,209880,买盘
2699,10:16:28,15.89,-0.01,173,274897,卖盘
2700,10:16:22,15.9,0.01,11,17490,买盘
2701,10:16:13,15.89,--,37,58793,卖盘
2702,10:16:10,15.89,--,141,224049,买盘
2703,10:16:07,15.89,--,55,87395,买盘
2704,10:16:01,15.89,0.01,16,25424,买盘
2705,10:15:55,15.88,--,2,3176,卖盘
2706,10:15:52,15.88,--,379,601852,买盘
2707,10:15:46,15.88,--,20,31760,买盘
2708,10:15:43,15.88,0.01,50,79400,买盘
2709,10:15:40,15.87,--,1,1587,卖盘
2710,10:15:37,15.87,--,25,39675,卖盘
2711,10:15:31,15.87,-0.01,1,1587,卖盘
2712,10:15:25,15.88,--,14,22232,买盘
2713,10:15:22,15.88,0.01,37,58756,买盘
2714,10:15:16,15.87,0.01,35,55545,中性盘
2715,10:15:13,15.86,-0.01,52,82472,卖盘
2716,10:15:10,15.87,--,47,74589,买盘
2717,10:15:07,15.87,-0.01,49,78556,卖盘
2718,10:15:04,15.88,--,55,87340,买盘
2719,10:15:01,15.88,--,27,42876,买盘
2720,10:14:55,15.88,0.01,714,1134626,买盘
2721,10:14:52,15.87,0.01,23,36501,买盘
2722,10:14:49,15.86,--,51,80886,卖盘
2723,10:14:43,15.86,-0.01,26,41236,卖盘
2724,10:14:40,15.87,0.01,8,12696,买盘
2725,10:14:37,15.86,--,34,53924,卖盘
2726,10:14:34,15.86,-0.01,15,23790,卖盘
2727,10:14:31,15.87,--,43,68241,买盘
2728,10:14:28,15.87,--,28,44436,买盘
2729,10:14:25,15.87,0.01,59,93633,买盘
2730,10:14:22,15.86,--,62,98332,卖盘
2731,10:14:16,15.86,--,95,150670,买盘
2732,10:14:10,15.86,--,13,20618,买盘
2733,10:14:07,15.86,--,21,33306,买盘
2734,10:14:04,15.86,--,11,17446,买盘
2735,10:13:55,15.86,--,19,30134,买盘
2736,10:13:52,15.86,0.01,7,11102,买盘
2737,10:13:49,15.85,--,28,44380,卖盘
2738,10:13:46,15.85,-0.01,36,57060,卖盘
2739,10:13:43,15.86,0.01,53,84058,买盘
2740,10:13:40,15.85,--,126,199710,卖盘
2741,10:13:37,15.85,--,23,36455,卖盘
2742,10:13:34,15.85,-0.01,1,1585,卖盘
2743,10:13:31,15.86,0.01,80,126880,买盘
2744,10:13:22,15.85,0.01,4,6340,买盘
2745,10:13:19,15.84,-0.01,1,1584,卖盘
2746,10:13:16,15.85,--,15,23775,买盘
2747,10:13:13,15.85,--,7,11095,买盘
2748,10:13:07,15.85,0.01,5,7925,买盘
2749,10:12:58,15.84,0.01,135,215043,买盘
2750,10:12:55,15.83,-0.01,12,18996,卖盘
2751,10:12:52,15.84,--,19,30096,买盘
2752,10:12:49,15.84,0.01,20,31680,买盘
2753,10:12:46,15.83,--,10,16653,卖盘
2754,10:12:43,15.83,--,62,98146,卖盘
2755,10:12:40,15.83,--,8,12664,卖盘
2756,10:12:37,15.83,-0.01,18,28494,卖盘
2757,10:12:27,15.84,--,7,11088,买盘
2758,10:12:24,15.84,--,30,47520,买盘
2759,10:12:21,15.84,--,23,36812,卖盘
2760,10:12:15,15.84,--,17,26928,卖盘
2761,10:12:12,15.84,--,2,3168,卖盘
2762,10:12:09,15.84,--,11,17424,卖盘
2763,10:12:06,15.84,--,1,1584,卖盘
2764,10:11:57,15.84,--,1,1584,卖盘
2765,10:11:54,15.84,--,3,4752,卖盘
2766,10:11:51,15.84,--,1,1584,卖盘
2767,10:11:48,15.84,--,1,1584,卖盘
2768,10:11:45,15.84,--,25,40803,卖盘
2769,10:11:36,15.84,--,38,60192,买盘
2770,10:11:33,15.84,-0.01,2,3168,卖盘
2771,10:11:30,15.85,--,2,3170,买盘
2772,10:11:27,15.85,0.01,62,98270,买盘
2773,10:11:24,15.84,-0.01,5,7920,卖盘
2774,10:11:18,15.85,--,521,827005,卖盘
2775,10:11:15,15.85,-0.01,1,1585,卖盘
2776,10:11:12,15.86,0.01,28,44408,买盘
2777,10:11:09,15.85,--,21,33285,卖盘
2778,10:11:06,15.85,--,58,91930,卖盘
2779,10:11:03,15.85,--,20,31700,卖盘
2780,10:11:00,15.85,--,86,136310,卖盘
2781,10:10:54,15.85,--,28,44380,卖盘
2782,10:10:45,15.85,--,145,229825,卖盘
2783,10:10:39,15.85,-0.01,102,161670,卖盘
2784,10:10:36,15.86,--,10,15860,买盘
2785,10:10:33,15.86,0.01,42,66612,买盘
2786,10:10:30,15.85,--,8,12680,卖盘
2787,10:10:27,15.85,-0.01,115,182275,卖盘
2788,10:10:24,15.86,0.01,30,47580,买盘
2789,10:10:21,15.85,-0.01,84,133742,卖盘
2790,10:10:18,15.86,0.01,46,72956,买盘
2791,10:10:15,15.85,-0.01,10,15850,卖盘
2792,10:10:12,15.86,0.01,50,79300,买盘
2793,10:10:09,15.85,-0.01,86,136310,卖盘
2794,10:10:06,15.86,0.01,125,198250,买盘
2795,10:10:03,15.85,--,6,9510,卖盘
