,time,price,change,volume,amount,type
0,15:00:22,5.52,-0.02,11026,6086351,卖盘
1,14:58:16,5.54,--,0,0,买盘
2,14:57:01,5.54,--,313,173402,卖盘
3,14:56:58,5.54,--,442,244868,买盘
4,14:56:55,5.54,--,341,188914,买盘
5,14:56:52,5.54,0.01,6,3324,买盘
6,14:56:49,5.53,-0.01,16,8848,卖盘
7,14:56:46,5.54,0.01,390,216060,买盘
8,14:56:40,5.53,-0.01,502,277606,卖盘
9,14:56:37,5.54,--,55,30470,买盘
10,14:56:34,5.54,--,113,62602,买盘
11,14:56:31,5.54,--,140,77560,买盘
12,14:56:28,5.54,--,702,388908,买盘
13,14:56:25,5.54,0.01,270,149580,买盘
14,14:56:22,5.53,--,24,13272,卖盘
15,14:56:19,5.53,-0.01,10,5530,卖盘
16,14:56:16,5.54,0.01,260,144040,买盘
17,14:56:13,5.53,-0.01,215,118895,卖盘
18,14:56:07,5.54,0.01,151,83654,买盘
19,14:56:01,5.53,--,135,74655,卖盘
20,14:55:58,5.53,-0.01,314,173642,卖盘
21,14:55:52,5.54,--,225,124650,买盘
22,14:55:49,5.54,--,2799,1550646,买盘
23,14:55:46,5.54,--,440,243760,买盘
24,14:55:40,5.54,0.01,43,23822,买盘
25,14:55:37,5.53,--,210,116130,卖盘
26,14:55:34,5.53,--,499,275947,卖盘
27,14:55:28,5.53,--,527,291431,卖盘
28,14:55:25,5.53,--,51,28203,卖盘
29,14:55:22,5.53,--,70,38710,卖盘
30,14:55:19,5.53,--,10,5530,卖盘
31,14:55:16,5.53,--,1831,1012543,买盘
32,14:55:13,5.53,--,175,96775,买盘
33,14:55:10,5.53,--,1617,894201,买盘
34,14:55:07,5.53,--,78,43134,买盘
35,14:55:01,5.53,--,1869,1033557,买盘
36,14:54:58,5.53,--,175,96775,买盘
37,14:54:52,5.53,--,218,120554,买盘
38,14:54:49,5.53,--,186,102858,买盘
39,14:54:46,5.53,0.01,288,159264,买盘
40,14:54:43,5.52,--,20,11040,卖盘
41,14:54:40,5.52,-0.01,2,1104,卖盘
42,14:54:34,5.53,0.01,56,30968,买盘
43,14:54:31,5.52,-0.01,235,129719,卖盘
44,14:54:28,5.53,0.01,31,17143,买盘
45,14:54:25,5.52,--,575,317400,卖盘
46,14:54:22,5.52,--,6,3311,卖盘
47,14:54:19,5.52,-0.01,18,9936,卖盘
48,14:54:16,5.53,--,68,37604,买盘
49,14:54:13,5.53,--,80,44240,买盘
50,14:54:10,5.53,0.01,129,71337,买盘
51,14:54:07,5.52,-0.01,533,294216,卖盘
52,14:54:04,5.53,--,61,33733,买盘
53,14:53:55,5.53,--,205,113365,买盘
54,14:53:49,5.53,0.01,180,99540,买盘
55,14:53:46,5.52,--,10,5520,卖盘
56,14:53:43,5.52,--,258,142416,卖盘
57,14:53:40,5.52,--,782,431663,买盘
58,14:53:37,5.52,0.01,30,16560,买盘
59,14:53:34,5.51,-0.01,567,312417,卖盘
60,14:53:31,5.52,--,312,172224,买盘
61,14:53:28,5.52,--,54,29807,买盘
62,14:53:25,5.52,--,565,311880,买盘
63,14:53:22,5.52,--,3,1655,买盘
64,14:53:19,5.52,--,318,175536,买盘
65,14:53:13,5.52,0.01,624,344448,买盘
66,14:53:10,5.51,-0.01,38,20938,卖盘
67,14:53:07,5.52,0.01,57,31463,买盘
68,14:53:04,5.51,-0.01,76,41876,卖盘
69,14:53:01,5.52,--,304,167808,买盘
70,14:52:58,5.52,--,13,7175,买盘
71,14:52:52,5.52,0.01,190,104879,买盘
72,14:52:46,5.51,-0.01,227,125077,卖盘
73,14:52:43,5.52,--,394,217487,买盘
74,14:52:34,5.52,0.01,26,14351,买盘
75,14:52:31,5.51,--,77,42427,卖盘
76,14:52:28,5.51,-0.01,82,45182,卖盘
77,14:52:25,5.52,--,1035,571320,买盘
78,14:52:22,5.52,--,83,45816,买盘
79,14:52:19,5.52,--,10,5520,买盘
80,14:52:16,5.52,--,17,9384,买盘
81,14:52:13,5.52,0.01,393,216935,买盘
82,14:52:10,5.51,--,213,117363,卖盘
83,14:52:07,5.51,-0.01,4,2204,卖盘
84,14:52:04,5.52,0.01,30,16560,买盘
85,14:52:01,5.51,-0.01,77,42427,卖盘
86,14:51:58,5.52,0.01,8,4416,买盘
87,14:51:55,5.51,--,280,154280,卖盘
88,14:51:52,5.51,-0.01,21,11571,卖盘
89,14:51:49,5.52,0.01,10,5520,买盘
90,14:51:46,5.51,-0.01,19,10469,卖盘
91,14:51:43,5.52,--,64,35328,买盘
92,14:51:37,5.52,0.01,500,276000,买盘
93,14:51:34,5.51,-0.01,13,7163,卖盘
94,14:51:31,5.52,0.01,42,23184,买盘
95,14:51:28,5.51,-0.01,32,17632,卖盘
96,14:51:25,5.52,0.01,50,27599,买盘
97,14:51:16,5.51,--,46,25346,卖盘
98,14:51:13,5.51,--,682,375980,买盘
99,14:51:10,5.51,--,45,24795,买盘
100,14:51:07,5.51,--,45,24795,买盘
101,14:51:04,5.51,--,275,151525,买盘
102,14:51:01,5.51,--,193,106343,买盘
103,14:50:58,5.51,--,374,206074,买盘
104,14:50:55,5.51,--,165,90915,买盘
105,14:50:52,5.51,--,155,85405,买盘
106,14:50:49,5.51,--,390,214890,买盘
107,14:50:46,5.51,--,28,15428,买盘
108,14:50:43,5.51,--,131,72181,买盘
109,14:50:40,5.51,--,463,255113,买盘
110,14:50:34,5.51,--,40,22040,买盘
111,14:50:31,5.51,--,25,13775,买盘
112,14:50:25,5.51,--,340,187340,买盘
113,14:50:19,5.51,--,119,65569,买盘
114,14:50:16,5.51,0.01,41,22591,买盘
115,14:50:13,5.5,-0.01,702,386452,卖盘
116,14:50:07,5.51,--,378,208278,卖盘
117,14:50:01,5.51,--,339,186987,买盘
118,14:49:55,5.51,0.01,1186,653486,买盘
119,14:49:52,5.5,-0.01,43,23650,卖盘
120,14:49:49,5.51,--,78,42978,买盘
121,14:49:46,5.51,--,390,214890,买盘
122,14:49:40,5.51,--,90,49590,买盘
123,14:49:37,5.51,0.01,1819,1002269,买盘
124,14:49:34,5.5,--,111,61050,卖盘
125,14:49:31,5.5,--,15,8250,卖盘
126,14:49:28,5.5,-0.01,5,2750,卖盘
127,14:49:25,5.51,--,942,519042,买盘
128,14:49:19,5.51,0.01,150,82650,买盘
129,14:49:16,5.5,--,25,13750,卖盘
130,14:49:13,5.5,--,20,11000,卖盘
131,14:49:10,5.5,--,137,75350,卖盘
132,14:49:07,5.5,-0.01,53,29150,卖盘
133,14:48:58,5.51,--,25,13775,买盘
134,14:48:55,5.51,--,22,12122,买盘
135,14:48:52,5.51,0.01,20,11020,买盘
136,14:48:49,5.5,-0.01,2,1100,卖盘
137,14:48:46,5.51,--,6,3306,买盘
138,14:48:43,5.51,0.01,2,1102,买盘
139,14:48:40,5.5,-0.01,380,209000,卖盘
140,14:48:34,5.51,0.01,75,41325,买盘
141,14:48:31,5.5,-0.01,95,52250,卖盘
142,14:48:28,5.51,--,2,1102,买盘
143,14:48:19,5.51,--,20,11020,买盘
144,14:48:10,5.51,--,108,59508,买盘
145,14:48:07,5.51,--,1,551,买盘
146,14:48:04,5.51,--,19,10469,买盘
147,14:48:01,5.51,--,10,5510,买盘
148,14:47:54,5.51,--,193,106343,买盘
149,14:47:48,5.51,0.01,40,22040,买盘
150,14:47:45,5.5,--,5,2750,卖盘
151,14:47:42,5.5,-0.01,14,7700,卖盘
152,14:47:39,5.51,--,200,110200,买盘
153,14:47:36,5.51,--,154,84854,买盘
154,14:47:33,5.51,0.01,224,123424,买盘
155,14:47:30,5.5,--,374,205700,卖盘
156,14:47:27,5.5,--,18,9900,卖盘
157,14:47:24,5.5,-0.01,48,26400,卖盘
158,14:47:21,5.51,--,3,1653,买盘
159,14:47:18,5.51,0.01,69,38019,买盘
160,14:47:15,5.5,-0.01,22,12100,卖盘
161,14:47:09,5.51,0.01,100,55100,买盘
162,14:47:03,5.5,--,64,35200,卖盘
163,14:46:57,5.5,-0.01,491,270050,卖盘
164,14:46:54,5.51,--,111,61161,买盘
165,14:46:48,5.51,--,3,1653,买盘
166,14:46:45,5.51,0.01,115,63365,买盘
167,14:46:39,5.5,-0.01,28,15400,卖盘
168,14:46:33,5.51,0.01,36,19836,买盘
169,14:46:27,5.5,-0.01,21,11550,卖盘
170,14:46:24,5.51,0.01,74,40774,买盘
171,14:46:21,5.5,--,18,9900,卖盘
172,14:46:18,5.5,--,17,9350,卖盘
173,14:46:15,5.5,--,101,55550,卖盘
174,14:46:09,5.5,--,18,9900,卖盘
175,14:46:06,5.5,-0.01,2,1100,卖盘
176,14:46:03,5.51,0.01,40,22040,买盘
177,14:45:51,5.5,-0.01,6,3300,卖盘
178,14:45:48,5.51,0.01,200,110200,买盘
179,14:45:45,5.5,--,228,125400,卖盘
180,14:45:42,5.5,-0.01,2,1100,卖盘
181,14:45:39,5.51,0.01,24,13224,买盘
182,14:45:36,5.5,--,29,15950,卖盘
183,14:45:30,5.5,--,388,213400,卖盘
184,14:45:27,5.5,-0.01,2,1100,卖盘
185,14:45:21,5.51,0.01,10,5510,买盘
186,14:45:18,5.5,-0.01,6,3300,卖盘
187,14:45:12,5.51,--,565,311315,买盘
188,14:45:09,5.51,0.01,122,67222,买盘
189,14:45:06,5.5,--,35,19250,卖盘
190,14:45:03,5.5,--,37,20350,卖盘
191,14:45:00,5.5,--,103,56650,卖盘
192,14:44:51,5.5,-0.01,115,63250,卖盘
193,14:44:42,5.51,--,101,55651,买盘
194,14:44:36,5.51,--,40,22040,买盘
195,14:44:30,5.51,--,56,30856,买盘
196,14:44:27,5.51,0.01,49,26999,买盘
197,14:44:24,5.5,--,90,49500,卖盘
198,14:44:21,5.5,--,50,27500,卖盘
199,14:44:18,5.5,-0.01,273,150150,卖盘
200,14:44:15,5.51,0.01,18,9918,买盘
201,14:44:12,5.5,-0.01,127,69850,卖盘
202,14:44:09,5.51,0.01,2,1102,买盘
203,14:44:06,5.5,--,188,103400,卖盘
204,14:44:00,5.5,-0.01,206,113300,卖盘
205,14:43:54,5.51,--,210,115710,买盘
206,14:43:48,5.51,0.01,70,38570,买盘
207,14:43:45,5.5,--,20,11000,卖盘
208,14:43:42,5.5,--,10,5500,卖盘
209,14:43:36,5.5,--,123,67650,买盘
210,14:43:30,5.5,--,102,56100,卖盘
211,14:43:27,5.5,--,2,1100,卖盘
212,14:43:24,5.5,-0.01,8,4400,卖盘
213,14:43:18,5.51,0.01,246,135546,买盘
214,14:43:15,5.5,--,434,238700,卖盘
215,14:43:12,5.5,--,302,166100,卖盘
216,14:43:09,5.5,-0.01,32,17600,卖盘
217,14:43:06,5.51,--,191,105241,买盘
218,14:43:00,5.51,0.01,466,256766,买盘
219,14:42:54,5.5,--,15,8250,卖盘
220,14:42:51,5.5,--,605,332750,卖盘
221,14:42:48,5.5,--,281,154550,卖盘
222,14:42:42,5.5,--,40,22000,卖盘
223,14:42:39,5.5,--,30,16500,卖盘
224,14:42:36,5.5,--,28,15400,卖盘
225,14:42:27,5.5,-0.01,871,479050,卖盘
226,14:42:24,5.51,--,38,20938,买盘
227,14:42:15,5.51,0.01,135,74385,买盘
228,14:42:09,5.5,--,53,29150,卖盘
229,14:42:03,5.5,-0.01,319,175450,卖盘
230,14:42:00,5.51,0.01,38,20938,买盘
231,14:41:57,5.5,--,228,125400,卖盘
232,14:41:51,5.5,--,78,42900,卖盘
233,14:41:42,5.5,--,9,4950,卖盘
234,14:41:39,5.5,-0.01,5,2750,卖盘
235,14:41:36,5.51,0.01,152,83752,买盘
236,14:41:33,5.5,--,3,1650,卖盘
237,14:41:30,5.5,--,3,1650,卖盘
238,14:41:27,5.5,-0.01,65,35750,卖盘
239,14:41:18,5.51,--,2,1102,买盘
240,14:41:12,5.51,0.01,16,8816,买盘
241,14:41:09,5.5,--,456,250800,卖盘
242,14:41:06,5.5,--,50,27500,卖盘
243,14:41:03,5.5,-0.01,208,114400,卖盘
244,14:41:00,5.51,0.01,150,82650,买盘
245,14:40:51,5.5,--,240,132000,卖盘
246,14:40:48,5.5,--,18,9900,卖盘
247,14:40:45,5.5,-0.01,11,6050,卖盘
248,14:40:42,5.51,--,400,220400,买盘
249,14:40:39,5.51,0.01,25,13775,买盘
250,14:40:36,5.5,--,50,27500,卖盘
251,14:40:33,5.5,-0.01,11,6050,卖盘
252,14:40:30,5.51,0.01,80,44080,买盘
253,14:40:27,5.5,--,9,4950,卖盘
254,14:40:21,5.5,--,10,5500,卖盘
255,14:40:15,5.5,-0.01,15,8250,卖盘
256,14:40:09,5.51,--,160,88160,买盘
257,14:40:03,5.51,0.01,100,55100,买盘
258,14:39:57,5.5,-0.01,26,14300,卖盘
259,14:39:54,5.51,0.01,32,17632,买盘
260,14:39:51,5.5,--,1,550,卖盘
261,14:39:45,5.5,--,1,550,卖盘
262,14:39:42,5.5,-0.01,100,55000,卖盘
263,14:39:39,5.51,0.01,8,4408,买盘
264,14:39:36,5.5,--,219,120450,卖盘
265,14:39:33,5.5,-0.01,90,49500,卖盘
266,14:39:30,5.51,0.01,230,126730,买盘
267,14:39:24,5.5,-0.01,12,6600,卖盘
268,14:39:21,5.51,--,367,202217,买盘
269,14:39:15,5.51,--,115,63365,买盘
270,14:39:12,5.51,--,5,2755,买盘
271,14:39:09,5.51,0.01,327,180177,买盘
272,14:39:03,5.5,-0.01,84,46200,卖盘
273,14:38:57,5.51,0.01,128,70528,买盘
274,14:38:51,5.5,-0.01,3,1650,卖盘
275,14:38:48,5.51,--,14,7714,买盘
276,14:38:45,5.51,0.01,138,76038,买盘
277,14:38:36,5.5,--,4,2200,卖盘
278,14:38:33,5.5,-0.01,21,11550,卖盘
279,14:38:27,5.51,0.01,171,94221,买盘
280,14:38:21,5.5,--,35,19250,卖盘
281,14:38:18,5.5,-0.01,45,24750,卖盘
282,14:38:12,5.51,--,5,2755,买盘
283,14:38:09,5.51,0.01,21,11571,买盘
284,14:38:06,5.5,-0.01,66,36300,卖盘
285,14:38:03,5.51,--,40,22040,买盘
286,14:38:00,5.51,--,1,551,买盘
287,14:37:54,5.51,0.01,20,11020,买盘
288,14:37:45,5.5,-0.02,33,18150,卖盘
289,14:37:42,5.52,0.01,105,57959,买盘
290,14:37:36,5.51,0.01,43,23693,买盘
291,14:37:33,5.5,-0.01,225,123750,卖盘
292,14:37:30,5.51,--,74,40774,卖盘
293,14:37:27,5.51,--,4,2204,卖盘
294,14:37:24,5.51,--,18,9918,卖盘
295,14:37:21,5.51,-0.01,237,130587,卖盘
296,14:37:18,5.52,0.01,13,7175,买盘
297,14:37:15,5.51,--,57,31407,卖盘
298,14:37:12,5.51,--,200,110200,卖盘
299,14:37:06,5.51,--,128,70528,卖盘
300,14:37:03,5.51,--,15,8265,卖盘
301,14:37:00,5.51,-0.01,63,34713,卖盘
302,14:36:57,5.52,0.01,10,5520,买盘
303,14:36:54,5.51,--,10,5510,卖盘
304,14:36:51,5.51,-0.01,43,23693,卖盘
305,14:36:39,5.52,0.01,3,1655,买盘
306,14:36:24,5.51,--,4,2204,卖盘
307,14:36:21,5.51,--,57,31407,买盘
308,14:36:18,5.51,--,2,1102,买盘
309,14:36:15,5.51,--,403,222053,买盘
310,14:36:12,5.51,--,5,2755,买盘
311,14:36:00,5.51,--,14,7714,买盘
312,14:35:57,5.51,--,490,269990,卖盘
313,14:35:51,5.51,--,302,166402,卖盘
314,14:35:48,5.51,-0.01,126,69426,卖盘
315,14:35:42,5.52,--,2,1104,买盘
316,14:35:36,5.52,--,349,192647,买盘
317,14:35:33,5.52,0.01,37,20424,买盘
318,14:35:30,5.51,--,579,319029,卖盘
319,14:35:24,5.51,-0.01,267,147117,卖盘
320,14:35:18,5.52,0.01,2,1104,买盘
321,14:35:09,5.51,-0.01,5,2755,卖盘
322,14:35:06,5.52,--,15,8280,买盘
323,14:35:00,5.52,0.01,1,552,买盘
324,14:34:57,5.51,-0.01,2,1102,卖盘
325,14:34:54,5.52,--,33,18216,卖盘
326,14:34:51,5.52,0.01,37,20424,中性盘
327,14:34:45,5.51,-0.01,13,7163,卖盘
328,14:34:42,5.52,--,20,11040,买盘
329,14:34:39,5.52,--,9,4968,买盘
330,14:34:27,5.52,--,20,11040,买盘
331,14:34:18,5.52,--,1,552,买盘
332,14:34:12,5.52,--,92,50783,卖盘
333,14:34:09,5.52,--,18,9936,卖盘
334,14:34:06,5.52,-0.01,71,39192,卖盘
335,14:34:03,5.53,0.01,2,1106,买盘
336,14:34:00,5.52,--,47,25943,卖盘
337,14:33:57,5.52,--,39,21528,卖盘
338,14:33:54,5.52,--,86,47471,卖盘
339,14:33:45,5.52,-0.01,35,19320,卖盘
340,14:33:36,5.53,0.01,6,3318,买盘
341,14:33:33,5.52,--,18,9936,卖盘
342,14:33:30,5.52,--,68,37536,卖盘
343,14:33:27,5.52,--,4,2208,卖盘
344,14:33:18,5.52,--,20,11040,卖盘
345,14:33:15,5.52,-0.01,23,12695,卖盘
346,14:33:09,5.53,0.01,494,273182,买盘
347,14:33:06,5.52,-0.01,1878,1036655,卖盘
348,14:33:03,5.53,0.01,52,28756,买盘
349,14:33:00,5.52,-0.01,3,1655,卖盘
350,14:32:54,5.53,0.01,2,1106,买盘
351,14:32:51,5.52,-0.01,16,8832,卖盘
352,14:32:48,5.53,0.01,49,27097,买盘
353,14:32:45,5.52,-0.01,11,6071,卖盘
354,14:32:39,5.53,--,1,553,买盘
355,14:32:36,5.53,--,20,11060,买盘
356,14:32:33,5.53,0.01,51,28203,买盘
357,14:32:24,5.52,--,16,8832,卖盘
358,14:32:18,5.52,-0.01,1,552,卖盘
359,14:32:06,5.53,0.01,157,86821,买盘
360,14:32:00,5.52,-0.01,24,13247,卖盘
361,14:31:57,5.53,--,10,5530,买盘
362,14:31:54,5.53,--,1,553,买盘
363,14:31:51,5.53,--,30,16590,买盘
364,14:31:45,5.53,0.01,3,1659,买盘
365,14:31:36,5.52,-0.01,10,5520,卖盘
366,14:31:33,5.53,--,127,70231,买盘
367,14:31:30,5.53,--,21,11613,买盘
368,14:31:24,5.53,0.01,81,44793,买盘
369,14:31:21,5.52,-0.01,5,2760,卖盘
370,14:31:15,5.53,--,49,27097,买盘
371,14:31:03,5.53,--,56,30968,买盘
372,14:30:51,5.53,--,3,1659,买盘
373,14:30:48,5.53,--,81,44793,卖盘
374,14:30:45,5.53,--,153,84609,卖盘
375,14:30:42,5.53,--,318,175854,卖盘
376,14:30:36,5.53,--,20,11060,卖盘
377,14:30:27,5.53,--,310,171430,卖盘
378,14:30:24,5.53,-0.01,115,63595,卖盘
379,14:30:15,5.54,0.01,38,21052,买盘
380,14:30:09,5.53,--,2,1106,卖盘
381,14:30:06,5.53,-0.01,1,553,卖盘
382,14:30:03,5.54,0.01,342,189468,买盘
383,14:30:00,5.53,--,21,11613,卖盘
384,14:29:54,5.53,--,60,33180,卖盘
385,14:29:51,5.53,--,43,23779,卖盘
386,14:29:48,5.53,--,133,73549,卖盘
387,14:29:45,5.53,--,44,24332,卖盘
388,14:29:42,5.53,--,14,7742,买盘
389,14:29:39,5.53,--,116,64148,买盘
390,14:29:36,5.53,--,72,39816,买盘
391,14:29:27,5.53,--,152,84056,买盘
392,14:29:24,5.53,--,136,75208,买盘
393,14:29:21,5.53,--,38,21014,买盘
394,14:29:18,5.53,0.01,25,13825,买盘
395,14:29:15,5.52,-0.01,76,41952,卖盘
396,14:29:09,5.53,--,69,38157,买盘
397,14:29:06,5.53,--,45,24885,买盘
398,14:29:03,5.53,-0.01,1443,797979,卖盘
399,14:29:00,5.54,--,80,44320,买盘
400,14:28:54,5.54,--,97,53738,买盘
401,14:28:45,5.54,--,37,20498,买盘
402,14:28:42,5.54,--,379,209966,买盘
403,14:28:39,5.54,--,93,51522,买盘
404,14:28:36,5.54,--,92,50968,买盘
405,14:28:33,5.54,--,99,54846,买盘
406,14:28:30,5.54,0.01,42,23268,买盘
407,14:28:27,5.53,--,335,185255,卖盘
408,14:28:21,5.53,-0.01,111,61383,卖盘
409,14:28:15,5.54,0.01,20,11080,买盘
410,14:28:12,5.53,--,103,56959,卖盘
411,14:28:09,5.53,--,2079,1149687,买盘
412,14:28:03,5.53,--,11,6083,买盘
413,14:28:00,5.53,0.01,359,198527,买盘
414,14:27:54,5.52,-0.01,2,1104,卖盘
415,14:27:51,5.53,--,312,172536,买盘
416,14:27:48,5.53,--,417,230601,买盘
417,14:27:45,5.53,--,687,379911,买盘
418,14:27:36,5.53,--,111,61383,买盘
419,14:27:33,5.53,0.01,71,39263,买盘
420,14:27:27,5.52,-0.01,1122,619344,卖盘
421,14:27:21,5.53,--,8,4424,买盘
422,14:27:18,5.53,--,100,55300,买盘
423,14:27:15,5.53,--,346,191338,买盘
424,14:27:12,5.53,0.01,18,9954,买盘
425,14:27:09,5.52,-0.01,703,388055,卖盘
426,14:27:06,5.53,--,63,34839,买盘
427,14:27:03,5.53,0.01,20,11060,买盘
428,14:26:59,5.52,--,265,146280,卖盘
429,14:26:56,5.52,--,81,44712,卖盘
430,14:26:47,5.52,--,1,552,卖盘
431,14:26:38,5.52,--,135,74520,卖盘
432,14:26:35,5.52,0.01,1860,1026719,买盘
433,14:26:32,5.51,-0.01,52,28652,卖盘
434,14:26:26,5.52,--,682,376464,买盘
435,14:26:20,5.52,0.01,13,7175,买盘
436,14:26:11,5.51,-0.01,94,51794,卖盘
437,14:26:08,5.52,--,9,4968,买盘
438,14:26:02,5.52,0.01,97,53543,买盘
439,14:25:59,5.51,-0.01,130,71630,卖盘
440,14:25:56,5.52,0.01,36,19872,买盘
441,14:25:53,5.51,-0.01,11,6061,卖盘
442,14:25:47,5.52,0.01,136,75072,买盘
443,14:25:44,5.51,-0.01,52,28652,卖盘
444,14:25:41,5.52,0.01,30,16560,买盘
445,14:25:35,5.51,-0.01,11,6061,卖盘
446,14:25:32,5.52,--,35,19320,买盘
447,14:25:26,5.52,--,40,22080,买盘
448,14:25:11,5.52,0.01,316,174432,买盘
449,14:25:08,5.51,--,103,56753,卖盘
450,14:25:05,5.51,-0.01,5,2755,卖盘
451,14:25:02,5.52,--,110,60719,买盘
452,14:24:56,5.52,--,30,16560,买盘
453,14:24:53,5.52,--,764,421727,买盘
454,14:24:47,5.52,0.01,141,77832,买盘
455,14:24:41,5.51,--,50,27550,卖盘
456,14:24:29,5.51,--,49,26999,买盘
457,14:24:23,5.51,--,45,24795,卖盘
458,14:24:20,5.51,--,67,36917,买盘
459,14:24:17,5.51,--,90,49590,买盘
460,14:24:14,5.51,0.01,90,49590,买盘
461,14:24:08,5.5,-0.01,1,550,卖盘
462,14:24:02,5.51,0.01,1642,904742,买盘
463,14:23:56,5.5,-0.01,18,9900,卖盘
464,14:23:53,5.51,0.01,212,116812,买盘
465,14:23:44,5.5,-0.01,1,550,卖盘
466,14:23:41,5.51,--,4,2204,买盘
467,14:23:35,5.51,--,75,41325,买盘
468,14:23:32,5.51,--,20,11020,买盘
469,14:23:26,5.51,0.01,1040,573040,买盘
470,14:23:20,5.5,--,60,33000,卖盘
471,14:23:17,5.5,-0.01,2,1100,卖盘
472,14:23:14,5.51,0.01,70,38570,买盘
473,14:23:11,5.5,--,321,176550,卖盘
474,14:23:05,5.5,--,10,5500,卖盘
475,14:22:53,5.5,-0.01,4,2200,卖盘
476,14:22:50,5.51,--,51,28101,买盘
477,14:22:47,5.51,--,1,551,买盘
478,14:22:44,5.51,--,88,48488,买盘
479,14:22:41,5.51,--,5,2755,买盘
480,14:22:32,5.51,--,1,551,买盘
481,14:22:23,5.51,--,20,11020,买盘
482,14:22:14,5.51,--,50,27550,买盘
483,14:22:08,5.51,--,180,99180,买盘
484,14:21:56,5.51,--,32,17632,买盘
485,14:21:47,5.51,0.01,132,72732,买盘
486,14:21:41,5.5,-0.01,1,550,卖盘
487,14:21:38,5.51,--,88,48488,买盘
488,14:21:29,5.51,0.01,7,3857,买盘
489,14:21:17,5.5,--,5,2750,卖盘
490,14:21:11,5.5,--,1,550,卖盘
491,14:21:05,5.5,--,2,1100,卖盘
492,14:21:02,5.5,--,25,13750,卖盘
493,14:20:59,5.5,-0.01,104,57200,卖盘
494,14:20:53,5.51,0.01,71,39121,买盘
495,14:20:50,5.5,--,20,11000,卖盘
496,14:20:38,5.5,--,2,1100,卖盘
497,14:20:35,5.5,--,11,6050,卖盘
498,14:20:23,5.5,--,10,5500,卖盘
499,14:20:17,5.5,--,5,2750,卖盘
500,14:20:14,5.5,-0.01,22,12100,卖盘
501,14:20:08,5.51,--,5,2755,买盘
502,14:20:05,5.51,0.01,50,27550,买盘
503,14:20:02,5.5,--,5,2750,卖盘
504,14:19:56,5.5,--,25,13750,卖盘
505,14:19:29,5.5,-0.01,2,1100,卖盘
506,14:19:20,5.51,--,10,5510,买盘
507,14:19:11,5.51,0.01,350,192850,买盘
508,14:19:05,5.5,-0.01,1866,1026300,卖盘
509,14:18:56,5.51,--,74,40774,买盘
510,14:18:53,5.51,--,93,51243,买盘
511,14:18:47,5.51,--,3,1653,买盘
512,14:18:41,5.51,0.01,87,47937,买盘
513,14:18:32,5.5,--,7,3850,卖盘
514,14:18:20,5.5,-0.01,18,9900,卖盘
515,14:18:02,5.51,--,17,9367,买盘
516,14:17:59,5.51,0.01,50,27550,买盘
517,14:17:47,5.5,-0.01,7,3850,卖盘
518,14:17:38,5.51,0.01,24,13224,买盘
519,14:17:32,5.5,--,18,9900,卖盘
520,14:17:29,5.5,--,18,9900,卖盘
521,14:17:23,5.5,--,8,4400,卖盘
522,14:17:17,5.5,--,450,247500,卖盘
523,14:17:14,5.5,-0.01,22,12100,卖盘
524,14:17:11,5.51,0.01,78,42978,买盘
525,14:17:08,5.5,-0.01,2,1100,卖盘
526,14:17:02,5.51,--,10,5510,买盘
527,14:16:53,5.51,--,20,11020,买盘
528,14:16:50,5.51,--,94,51794,卖盘
529,14:16:47,5.51,--,7,3857,卖盘
530,14:16:44,5.51,--,205,112955,卖盘
531,14:16:41,5.51,--,6,3306,卖盘
532,14:16:38,5.51,--,25,13775,卖盘
533,14:16:32,5.51,--,40,22040,卖盘
534,14:16:26,5.51,--,4,2204,卖盘
535,14:16:20,5.51,--,12,6612,卖盘
536,14:16:14,5.51,--,25,13775,卖盘
537,14:16:05,5.51,--,264,145464,卖盘
538,14:16:02,5.51,-0.01,102,56202,卖盘
539,14:15:50,5.52,0.01,43,23735,买盘
540,14:15:47,5.51,--,5,2755,卖盘
541,14:15:44,5.51,--,50,27550,卖盘
542,14:15:38,5.51,--,37,20387,买盘
543,14:15:35,5.51,0.01,30,16530,买盘
544,14:15:23,5.5,-0.01,5,2750,卖盘
545,14:15:17,5.51,--,5,2755,买盘
546,14:15:11,5.51,--,260,143260,买盘
547,14:15:05,5.51,--,505,278255,买盘
548,14:14:59,5.51,0.01,1,551,买盘
549,14:14:56,5.5,-0.01,14,7700,卖盘
550,14:14:53,5.51,--,10,5510,买盘
551,14:14:47,5.51,--,20,11020,买盘
552,14:14:44,5.51,0.01,110,60610,买盘
553,14:14:41,5.5,-0.01,2,1100,卖盘
554,14:14:38,5.51,--,136,74936,买盘
555,14:14:29,5.51,--,50,27550,买盘
556,14:14:23,5.51,--,49,26999,卖盘
557,14:14:14,5.51,--,20,11020,卖盘
558,14:14:08,5.51,0.01,161,88711,买盘
559,14:14:02,5.5,-0.01,7,3850,卖盘
560,14:13:59,5.51,0.01,202,111302,买盘
561,14:13:56,5.5,-0.01,19,10450,卖盘
562,14:13:44,5.51,--,26,14326,买盘
563,14:13:35,5.51,--,9,4959,买盘
564,14:13:32,5.51,0.01,50,27550,买盘
565,14:13:29,5.5,--,550,302500,卖盘
566,14:13:23,5.5,--,14,7700,卖盘
567,14:13:20,5.5,-0.01,226,124300,卖盘
568,14:13:17,5.51,--,130,71630,卖盘
569,14:13:11,5.51,--,65,35815,卖盘
570,14:13:05,5.51,0.01,745,410495,买盘
571,14:13:02,5.5,--,5,2750,卖盘
572,14:12:59,5.5,--,12,6600,卖盘
573,14:12:56,5.5,-0.01,1,550,卖盘
574,14:12:53,5.51,0.01,28,15428,买盘
575,14:12:50,5.5,-0.01,133,73150,卖盘
576,14:12:41,5.51,--,85,46835,买盘
577,14:12:38,5.51,--,100,55100,买盘
578,14:12:35,5.51,--,561,309111,买盘
579,14:12:29,5.51,0.01,12,6612,买盘
580,14:12:26,5.5,-0.01,14,7700,卖盘
581,14:12:23,5.51,--,29,15979,买盘
582,14:12:05,5.51,--,11,6061,买盘
583,14:11:59,5.51,0.01,34,18734,买盘
584,14:11:56,5.5,-0.01,128,70400,卖盘
585,14:11:50,5.51,--,80,44080,买盘
586,14:11:44,5.51,--,137,75487,买盘
587,14:11:23,5.51,--,40,22040,买盘
588,14:11:17,5.51,--,15,8265,买盘
589,14:11:08,5.51,--,20,11020,买盘
590,14:11:05,5.51,--,36,19836,买盘
591,14:10:50,5.51,0.01,1,551,买盘
592,14:10:44,5.5,--,18,9900,卖盘
593,14:10:41,5.5,--,5,2750,卖盘
594,14:10:38,5.5,--,3,1650,卖盘
595,14:10:35,5.5,-0.01,1,550,卖盘
596,14:10:29,5.51,0.01,7,3857,买盘
597,14:10:17,5.5,--,47,25850,卖盘
598,14:10:08,5.5,--,100,55000,卖盘
599,14:09:53,5.5,--,10,5500,卖盘
600,14:09:44,5.5,--,144,79200,卖盘
601,14:09:35,5.5,-0.01,29,15950,卖盘
602,14:09:26,5.51,0.01,5,2755,买盘
603,14:09:23,5.5,--,1,550,卖盘
604,14:09:17,5.5,--,2,1100,卖盘
605,14:09:08,5.5,-0.01,1,550,卖盘
606,14:09:05,5.51,0.01,220,121220,买盘
607,14:09:02,5.5,-0.01,10,5500,卖盘
608,14:08:59,5.51,--,30,16530,买盘
609,14:08:53,5.51,0.01,8,4408,买盘
610,14:08:47,5.5,--,18,9900,卖盘
611,14:08:44,5.5,-0.01,10,5500,卖盘
612,14:08:41,5.51,0.01,130,71630,买盘
613,14:08:29,5.5,--,30,16500,卖盘
614,14:08:26,5.5,--,137,75350,卖盘
615,14:08:20,5.5,--,42,23100,卖盘
616,14:08:08,5.5,--,588,323400,买盘
617,14:08:05,5.5,--,214,117700,买盘
618,14:08:02,5.5,--,412,226600,买盘
619,14:07:56,5.5,--,2,1100,买盘
620,14:07:50,5.5,0.01,58,31900,买盘
621,14:07:44,5.49,-0.01,21,11529,卖盘
622,14:07:41,5.5,--,9,4950,买盘
623,14:07:38,5.5,--,5,2750,买盘
624,14:07:35,5.5,0.01,204,112200,买盘
625,14:07:26,5.49,-0.01,2,1098,卖盘
626,14:07:23,5.5,0.01,804,442200,买盘
627,14:07:16,5.49,-0.01,5,2745,卖盘
628,14:07:10,5.5,--,504,277200,买盘
629,14:06:58,5.5,0.01,90,49500,买盘
630,14:06:52,5.49,-0.01,64,35136,卖盘
631,14:06:49,5.5,0.01,988,543400,买盘
632,14:06:43,5.49,-0.01,361,198189,卖盘
633,14:06:40,5.5,0.01,500,275000,买盘
634,14:06:28,5.49,--,10,5490,卖盘
635,14:06:25,5.49,--,3,1647,卖盘
636,14:06:22,5.49,--,6,3294,卖盘
637,14:06:16,5.49,--,15,8235,卖盘
638,14:06:13,5.49,-0.01,401,220149,卖盘
639,14:06:10,5.5,0.01,1,550,买盘
640,14:06:07,5.49,--,8,4392,卖盘
641,14:06:04,5.49,--,20,10980,卖盘
642,14:06:01,5.49,--,4,2196,卖盘
643,14:05:58,5.49,--,5,2745,卖盘
644,14:05:46,5.49,--,47,25803,卖盘
645,14:05:43,5.49,--,20,10980,卖盘
646,14:05:40,5.49,--,8,4392,卖盘
647,14:05:37,5.49,--,100,54900,卖盘
648,14:05:31,5.49,--,20,10980,卖盘
649,14:05:28,5.49,-0.01,18,9882,卖盘
650,14:05:25,5.5,0.01,1,550,买盘
651,14:05:22,5.49,-0.01,5,2745,卖盘
652,14:05:19,5.5,0.01,29,15950,买盘
653,14:05:13,5.49,--,16,8784,卖盘
654,14:05:10,5.49,--,1,549,卖盘
655,14:05:07,5.49,-0.01,176,96624,卖盘
656,14:05:04,5.5,--,7,3850,买盘
657,14:05:01,5.5,0.01,1,550,买盘
658,14:04:58,5.49,--,4,2196,卖盘
659,14:04:49,5.49,--,20,10980,卖盘
660,14:04:43,5.49,--,30,16470,卖盘
661,14:04:40,5.49,--,73,40077,卖盘
662,14:04:37,5.49,--,266,146088,买盘
663,14:04:25,5.49,--,8,4392,买盘
664,14:04:22,5.49,--,108,59786,卖盘
665,14:04:19,5.49,--,81,44469,卖盘
666,14:04:16,5.49,--,50,27450,卖盘
667,14:04:13,5.49,--,10,5490,卖盘
668,14:04:01,5.49,-0.01,844,463356,卖盘
669,14:03:43,5.5,0.01,18,9900,买盘
670,14:03:40,5.49,--,818,449082,卖盘
671,14:03:34,5.49,-0.01,176,96624,卖盘
672,14:03:19,5.5,0.01,231,127050,买盘
673,14:03:16,5.49,--,30,16470,卖盘
674,14:03:10,5.49,-0.01,550,301950,卖盘
675,14:03:07,5.5,--,8,4400,买盘
676,14:03:04,5.5,0.01,2,1100,买盘
677,14:03:01,5.49,--,21,11529,卖盘
678,14:02:52,5.49,-0.01,22,12078,卖盘
679,14:02:49,5.5,0.01,50,27500,买盘
680,14:02:46,5.49,--,150,82350,卖盘
681,14:02:43,5.49,--,4,2196,卖盘
682,14:02:40,5.49,-0.01,20,10980,卖盘
683,14:02:34,5.5,--,6,3300,买盘
684,14:02:31,5.5,0.01,11,6050,买盘
685,14:02:22,5.49,--,25,13725,卖盘
686,14:02:13,5.49,--,11,6039,卖盘
687,14:02:10,5.49,-0.01,10,5490,卖盘
688,14:02:07,5.5,--,163,89650,买盘
689,14:02:01,5.5,0.01,60,33000,买盘
690,14:01:55,5.49,--,30,16470,卖盘
691,14:01:52,5.49,-0.01,74,40680,卖盘
692,14:01:49,5.5,0.01,8,4400,买盘
693,14:01:43,5.49,-0.01,20,10980,卖盘
694,14:01:40,5.5,--,220,121000,买盘
695,14:01:34,5.5,--,23,12650,买盘
696,14:01:28,5.5,--,21,11550,买盘
697,14:01:16,5.5,0.01,3,1650,买盘
698,14:01:01,5.49,-0.01,5,2745,卖盘
699,14:00:58,5.5,--,5,2750,买盘
700,14:00:55,5.5,--,2,1100,买盘
701,14:00:52,5.5,--,36,19800,买盘
702,14:00:49,5.5,0.01,1,550,买盘
703,14:00:46,5.49,--,4,2196,卖盘
704,14:00:40,5.49,-0.01,18,9882,卖盘
705,14:00:22,5.5,--,219,120450,卖盘
706,14:00:16,5.5,0.01,152,83600,中性盘
707,14:00:04,5.49,-0.01,1136,623664,卖盘
708,13:59:58,5.5,--,18,9900,买盘
709,13:59:55,5.5,--,11,6050,买盘
710,13:59:52,5.5,--,289,158950,买盘
711,13:59:43,5.5,--,193,106150,卖盘
712,13:59:40,5.5,--,201,110550,卖盘
713,13:59:34,5.5,--,10,5500,卖盘
714,13:59:28,5.5,0.01,107,58850,买盘
715,13:59:25,5.49,--,10,5490,卖盘
716,13:59:22,5.49,-0.01,33,18117,卖盘
717,13:59:19,5.5,0.01,1594,876700,买盘
718,13:59:16,5.49,-0.01,21,11529,卖盘
719,13:59:13,5.5,--,7,3850,买盘
720,13:59:07,5.5,--,20,11000,买盘
721,13:58:55,5.5,--,528,290400,买盘
722,13:58:49,5.5,0.01,9,4950,买盘
723,13:58:43,5.49,--,21,11529,卖盘
724,13:58:37,5.49,--,48,26352,卖盘
725,13:58:28,5.49,-0.01,20,10980,卖盘
726,13:58:19,5.5,--,10,5500,买盘
727,13:58:13,5.5,--,50,27500,买盘
728,13:58:04,5.5,--,2,1100,买盘
729,13:58:01,5.5,0.01,33,18150,买盘
730,13:57:58,5.49,-0.01,28,15372,卖盘
731,13:57:49,5.5,--,50,27500,买盘
732,13:57:22,5.5,0.01,803,441650,买盘
733,13:57:19,5.49,--,33,18117,卖盘
734,13:57:13,5.49,-0.01,148,81252,卖盘
735,13:57:10,5.5,0.01,10,5500,买盘
736,13:57:07,5.49,-0.01,20,10980,卖盘
737,13:56:58,5.5,0.01,297,163350,买盘
738,13:56:55,5.49,--,71,38979,卖盘
739,13:56:52,5.49,--,4,2196,卖盘
740,13:56:49,5.49,--,78,42822,卖盘
741,13:56:40,5.49,--,3,1647,卖盘
742,13:56:34,5.49,--,25,13725,卖盘
743,13:56:28,5.49,--,20,10980,卖盘
744,13:56:25,5.49,--,75,41175,卖盘
745,13:56:19,5.49,-0.01,15,8235,卖盘
746,13:56:16,5.5,--,552,303600,买盘
747,13:56:13,5.5,0.01,69,37950,买盘
748,13:56:10,5.49,--,30,16470,卖盘
749,13:56:07,5.49,-0.01,15,8235,卖盘
750,13:56:01,5.5,--,1,550,买盘
751,13:55:58,5.5,--,731,402050,卖盘
752,13:55:55,5.5,--,60,33000,卖盘
753,13:55:52,5.5,-0.01,25,13750,卖盘
754,13:55:49,5.51,0.01,20,11020,买盘
755,13:55:46,5.5,--,10,5500,卖盘
756,13:55:43,5.5,--,173,95150,卖盘
757,13:55:40,5.5,--,124,68200,卖盘
758,13:55:37,5.5,--,25,13750,卖盘
759,13:55:34,5.5,--,10,5500,卖盘
760,13:55:22,5.5,--,303,166650,卖盘
761,13:55:19,5.5,--,49,26950,卖盘
762,13:55:16,5.5,-0.01,5,2750,卖盘
763,13:55:13,5.51,--,180,99180,买盘
764,13:55:10,5.51,0.01,304,167504,买盘
765,13:55:07,5.5,-0.01,125,68750,卖盘
766,13:54:49,5.51,0.01,8,4408,买盘
767,13:54:43,5.5,--,1,550,卖盘
768,13:54:40,5.5,-0.01,10,5500,卖盘
769,13:54:37,5.51,0.01,60,33060,买盘
770,13:54:07,5.5,--,41,22550,卖盘
771,13:53:58,5.5,--,3,1650,卖盘
772,13:53:49,5.5,--,1221,671550,卖盘
773,13:53:46,5.5,-0.01,2,1100,卖盘
774,13:53:43,5.51,--,10,5510,买盘
775,13:53:37,5.51,--,12,6612,买盘
776,13:53:34,5.51,0.01,177,97527,买盘
777,13:53:31,5.5,-0.01,2,1100,卖盘
778,13:53:25,5.51,0.01,102,56202,买盘
779,13:53:07,5.5,-0.01,112,61600,卖盘
780,13:52:58,5.51,--,460,253460,卖盘
781,13:52:52,5.51,--,650,358150,卖盘
782,13:52:49,5.51,--,56,30856,卖盘
783,13:52:46,5.51,--,3,1653,卖盘
784,13:52:40,5.51,--,225,123975,卖盘
785,13:52:37,5.51,-0.01,571,314621,卖盘
786,13:52:34,5.52,0.01,167,92184,买盘
787,13:52:28,5.51,--,13,7163,卖盘
788,13:52:25,5.51,--,6,3306,卖盘
789,13:52:19,5.51,--,30,16530,卖盘
790,13:52:16,5.51,--,4,2204,卖盘
791,13:52:07,5.51,--,8,4408,卖盘
792,13:52:01,5.51,--,15,8265,卖盘
793,13:51:58,5.51,--,4,2204,卖盘
794,13:51:55,5.51,-0.01,1,551,卖盘
795,13:51:52,5.52,--,44,24287,买盘
796,13:51:49,5.52,--,218,120335,买盘
797,13:51:46,5.52,--,10,5520,买盘
798,13:51:43,5.52,0.01,43,23735,买盘
799,13:51:40,5.51,--,11,6061,卖盘
800,13:51:37,5.51,-0.01,110,60610,卖盘
801,13:51:34,5.52,--,604,333408,买盘
802,13:51:28,5.52,0.01,46,25391,买盘
803,13:51:19,5.51,-0.01,7,3857,卖盘
804,13:51:16,5.52,--,100,55199,买盘
805,13:51:10,5.52,--,1088,600576,买盘
806,13:51:07,5.52,0.01,20,11040,买盘
807,13:51:04,5.51,-0.01,1,551,卖盘
808,13:50:52,5.52,--,30,16560,买盘
809,13:50:49,5.52,0.01,17,9384,买盘
810,13:50:46,5.51,-0.01,332,182932,卖盘
811,13:50:34,5.52,0.01,3,1655,买盘
812,13:50:28,5.51,-0.01,46,25346,卖盘
813,13:50:25,5.52,--,93,51335,买盘
814,13:50:22,5.52,--,9,4968,买盘
815,13:50:16,5.52,--,10,5520,买盘
816,13:50:10,5.52,--,10,5520,买盘
817,13:50:07,5.52,--,5,2760,买盘
818,13:50:04,5.52,0.01,51,28151,买盘
819,13:49:55,5.51,-0.01,21,11571,卖盘
820,13:49:49,5.52,--,1,552,买盘
821,13:49:43,5.52,0.01,139,76728,买盘
822,13:49:40,5.51,-0.01,15,8265,卖盘
823,13:49:37,5.52,0.01,75,41400,买盘
824,13:49:34,5.51,-0.01,10,5510,卖盘
825,13:49:31,5.52,--,19,10488,买盘
826,13:49:25,5.52,--,44,24287,买盘
827,13:49:22,5.52,0.01,5,2760,买盘
828,13:49:19,5.51,--,32,17632,卖盘
829,13:49:16,5.51,--,4,2204,卖盘
830,13:49:10,5.51,--,9,4959,卖盘
831,13:49:04,5.51,--,231,127556,买盘
832,13:49:01,5.51,--,8,4408,买盘
833,13:48:55,5.51,0.01,50,27550,买盘
834,13:48:49,5.5,-0.01,30,16500,卖盘
835,13:48:40,5.51,0.01,329,181279,买盘
836,13:48:34,5.5,--,530,291500,卖盘
837,13:48:28,5.5,-0.01,124,68200,卖盘
838,13:48:25,5.51,--,6,3306,买盘
839,13:48:18,5.51,--,11,6061,买盘
840,13:48:15,5.51,0.01,3,1653,买盘
841,13:48:09,5.5,--,710,390500,卖盘
842,13:48:06,5.5,-0.01,1,550,卖盘
843,13:47:57,5.51,--,20,11020,买盘
844,13:47:48,5.51,0.01,10,5510,买盘
845,13:47:45,5.5,-0.01,302,166100,卖盘
846,13:47:42,5.51,--,10,5510,买盘
847,13:47:39,5.51,0.01,35,19285,买盘
848,13:47:30,5.5,-0.01,18,9900,卖盘
849,13:47:27,5.51,--,30,16530,买盘
850,13:47:21,5.51,--,50,27550,买盘
851,13:47:18,5.51,--,45,24795,买盘
852,13:47:15,5.51,--,60,33335,卖盘
853,13:47:09,5.51,--,245,135270,买盘
854,13:47:06,5.51,--,410,225910,买盘
855,13:46:57,5.51,0.01,2,1102,买盘
856,13:46:51,5.5,--,118,64900,卖盘
857,13:46:48,5.5,-0.01,2,1100,卖盘
858,13:46:39,5.51,0.01,108,59508,买盘
859,13:46:27,5.5,--,185,101750,卖盘
860,13:46:18,5.5,--,550,302500,卖盘
861,13:46:12,5.5,-0.01,176,96800,卖盘
862,13:46:03,5.51,--,12,6612,买盘
863,13:46:00,5.51,--,71,39121,买盘
864,13:45:51,5.51,0.01,14,7714,买盘
865,13:45:48,5.5,-0.01,5,2750,卖盘
866,13:45:45,5.51,0.01,11,6061,买盘
867,13:45:36,5.5,-0.01,1,550,卖盘
868,13:45:27,5.51,0.01,4,2204,买盘
869,13:45:21,5.5,-0.01,18,9900,卖盘
870,13:45:18,5.51,0.01,3,1653,买盘
871,13:45:09,5.5,-0.01,14,7700,卖盘
872,13:44:57,5.51,--,335,184585,买盘
873,13:44:48,5.51,--,46,25346,买盘
874,13:44:42,5.51,--,157,86507,买盘
875,13:44:39,5.51,--,53,29203,买盘
876,13:44:36,5.51,0.01,63,34713,买盘
877,13:44:30,5.5,-0.01,18,9900,卖盘
878,13:44:24,5.51,--,8,4408,买盘
879,13:44:21,5.51,0.01,76,41876,买盘
880,13:44:18,5.5,-0.01,110,60500,卖盘
881,13:44:03,5.51,--,1,551,买盘
882,13:43:57,5.51,0.01,246,135546,买盘
883,13:43:54,5.5,-0.01,41,22550,卖盘
884,13:43:51,5.51,0.01,5,2755,买盘
885,13:43:42,5.5,-0.01,8,4400,卖盘
886,13:43:36,5.51,--,132,72732,买盘
887,13:43:30,5.51,0.01,59,32509,买盘
888,13:43:21,5.5,-0.01,169,92950,卖盘
889,13:43:18,5.51,0.01,36,19836,买盘
890,13:43:03,5.5,-0.01,28,15400,卖盘
891,13:43:00,5.51,0.01,3,1653,买盘
892,13:42:42,5.5,-0.01,40,22000,卖盘
893,13:42:33,5.51,--,40,22040,买盘
894,13:42:30,5.51,0.01,84,46284,买盘
895,13:42:27,5.5,-0.01,150,82500,卖盘
896,13:42:24,5.51,--,32,17632,买盘
897,13:42:18,5.51,--,5,2755,买盘
898,13:42:15,5.51,--,55,30305,买盘
899,13:42:06,5.51,--,100,55100,买盘
900,13:42:03,5.51,0.01,120,66120,买盘
901,13:42:00,5.5,--,101,55550,卖盘
902,13:41:54,5.5,-0.01,87,47850,卖盘
903,13:41:51,5.51,--,39,21489,买盘
904,13:41:45,5.51,0.01,300,165300,买盘
905,13:41:42,5.5,-0.01,10,5500,卖盘
906,13:41:39,5.51,0.01,20,11020,买盘
907,13:41:36,5.5,-0.01,35,19250,卖盘
908,13:41:30,5.51,0.01,1,551,买盘
909,13:41:27,5.5,-0.01,28,15400,卖盘
910,13:41:21,5.51,0.01,134,73834,买盘
911,13:41:18,5.5,--,500,275000,卖盘
912,13:41:12,5.5,--,7,3850,卖盘
913,13:41:09,5.5,--,5,2750,卖盘
914,13:40:51,5.5,--,40,22000,卖盘
915,13:40:45,5.5,--,5,2750,卖盘
916,13:40:33,5.5,-0.01,1,550,卖盘
917,13:40:21,5.51,0.01,4,2204,买盘
918,13:40:18,5.5,--,44,24200,卖盘
919,13:40:15,5.5,-0.01,10,5500,卖盘
920,13:40:12,5.51,--,542,298642,买盘
921,13:40:06,5.51,0.01,255,140505,买盘
922,13:40:03,5.5,-0.01,5,2750,卖盘
923,13:40:00,5.51,0.01,28,15428,买盘
924,13:39:57,5.5,--,85,46750,卖盘
925,13:39:54,5.5,--,118,64900,卖盘
926,13:39:48,5.5,--,10,5500,卖盘
927,13:39:45,5.5,--,1,550,卖盘
928,13:39:39,5.5,0.01,570,313500,买盘
929,13:39:36,5.49,-0.01,350,192150,卖盘
930,13:39:33,5.5,--,19,10450,买盘
931,13:39:27,5.5,--,11,6050,买盘
932,13:39:24,5.5,--,44,24200,买盘
933,13:39:18,5.5,--,1,550,买盘
934,13:39:12,5.5,--,67,36850,买盘
935,13:39:09,5.5,--,100,55000,买盘
936,13:39:06,5.5,-0.01,85,46750,中性盘
937,13:38:54,5.51,0.01,325,179075,买盘
938,13:38:51,5.5,--,16,8800,买盘
939,13:38:45,5.5,--,30,16500,买盘
940,13:38:33,5.5,--,4,2200,买盘
941,13:38:30,5.5,--,37,20350,买盘
942,13:38:24,5.5,--,50,27500,买盘
943,13:38:12,5.5,--,114,62700,买盘
944,13:38:09,5.5,--,20,11000,买盘
945,13:38:00,5.5,--,4,2200,买盘
946,13:37:57,5.5,--,72,39600,卖盘
947,13:37:54,5.5,--,22,12100,卖盘
948,13:37:48,5.5,--,60,33000,买盘
949,13:37:45,5.5,--,21,11550,买盘
950,13:37:42,5.5,--,79,43450,卖盘
951,13:37:39,5.5,--,20,11000,卖盘
952,13:37:30,5.5,--,8,4400,卖盘
953,13:37:27,5.5,--,10,5500,买盘
954,13:37:21,5.5,-0.01,5,2750,卖盘
955,13:37:18,5.51,0.01,9,4959,买盘
956,13:37:15,5.5,--,58,31900,卖盘
957,13:37:09,5.5,--,10,5500,卖盘
958,13:37:06,5.5,-0.01,50,27500,卖盘
959,13:37:03,5.51,0.01,7,3857,买盘
960,13:37:00,5.5,--,15,8250,卖盘
961,13:36:51,5.5,0.01,15,8250,中性盘
962,13:36:45,5.49,-0.01,25,13725,卖盘
963,13:36:42,5.5,--,50,27500,卖盘
964,13:36:36,5.5,0.01,808,444400,买盘
965,13:36:33,5.49,-0.01,4,2196,卖盘
966,13:36:27,5.5,--,75,41250,买盘
967,13:36:24,5.5,0.01,15,8250,买盘
968,13:36:18,5.49,-0.01,15,8235,卖盘
969,13:36:15,5.5,--,876,481800,买盘
970,13:36:09,5.5,0.01,1,550,买盘
971,13:35:48,5.49,--,20,10980,卖盘
972,13:35:39,5.49,-0.01,12,6588,卖盘
973,13:35:27,5.5,--,1,550,买盘
974,13:35:24,5.5,0.01,463,254650,买盘
975,13:35:21,5.49,--,4,2217,卖盘
976,13:35:09,5.49,--,2,1098,卖盘
977,13:34:51,5.49,-0.01,12,6588,卖盘
978,13:34:42,5.5,0.01,333,183150,买盘
979,13:34:33,5.49,--,4,2196,卖盘
980,13:34:27,5.49,-0.01,352,193467,卖盘
981,13:34:24,5.5,--,635,349250,买盘
982,13:34:21,5.5,--,10,5500,买盘
983,13:34:18,5.5,--,3,1650,买盘
984,13:34:12,5.5,0.01,15,8250,买盘
985,13:34:06,5.49,--,3,1647,卖盘
986,13:33:57,5.49,--,121,66429,卖盘
987,13:33:39,5.49,--,34,18666,卖盘
988,13:33:36,5.49,--,7,3843,卖盘
989,13:33:33,5.49,--,71,39451,卖盘
990,13:33:27,5.49,--,1,549,卖盘
991,13:33:18,5.49,-0.01,22,12078,卖盘
992,13:33:15,5.5,0.01,9,4950,买盘
993,13:33:09,5.49,--,10,5490,卖盘
994,13:33:03,5.49,-0.01,59,32391,卖盘
995,13:32:57,5.5,0.01,2,1100,买盘
996,13:32:51,5.49,--,43,23607,卖盘
997,13:32:45,5.49,--,30,16470,卖盘
998,13:32:27,5.49,-0.01,3,1647,卖盘
999,13:32:24,5.5,0.01,550,302500,买盘
1000,13:32:21,5.49,-0.01,3,1647,卖盘
1001,13:32:15,5.5,0.01,81,45023,买盘
1002,13:32:12,5.49,--,45,24705,卖盘
1003,13:32:00,5.49,-0.01,287,157563,卖盘
1004,13:31:51,5.5,--,8,4400,买盘
1005,13:31:42,5.5,--,60,33000,买盘
1006,13:31:36,5.5,--,10,5500,买盘
1007,13:31:33,5.5,--,47,25850,卖盘
1008,13:31:27,5.5,--,1,550,卖盘
1009,13:31:24,5.5,-0.01,32,17600,卖盘
1010,13:31:21,5.51,0.01,157,86507,买盘
1011,13:31:15,5.5,-0.01,195,107734,卖盘
1012,13:31:12,5.51,0.01,41,22591,买盘
1013,13:31:06,5.5,--,10,5500,卖盘
1014,13:31:03,5.5,--,66,36300,卖盘
1015,13:31:00,5.5,-0.01,10,5500,卖盘
1016,13:30:57,5.51,0.01,11,6061,买盘
1017,13:30:54,5.5,--,16,8800,卖盘
1018,13:30:51,5.5,--,21,11550,卖盘
1019,13:30:45,5.5,--,97,53350,卖盘
1020,13:30:42,5.5,--,86,47300,卖盘
1021,13:30:39,5.5,0.01,2637,1450680,买盘
1022,13:30:36,5.49,--,10,5490,卖盘
1023,13:30:33,5.49,--,41,22509,卖盘
1024,13:30:18,5.49,--,32,17568,卖盘
1025,13:30:12,5.49,--,61,33972,卖盘
1026,13:30:09,5.49,--,35,19215,卖盘
1027,13:30:00,5.49,-0.01,1,549,卖盘
1028,13:29:57,5.5,--,10,5500,买盘
1029,13:29:51,5.5,0.01,80,44000,买盘
1030,13:29:42,5.49,-0.01,8,4392,卖盘
1031,13:29:39,5.5,--,18,9900,买盘
1032,13:29:36,5.5,0.01,6,3300,买盘
1033,13:29:27,5.49,--,8,4392,卖盘
1034,13:29:24,5.49,--,3,1647,卖盘
1035,13:29:21,5.49,-0.01,36,19764,卖盘
1036,13:29:18,5.5,--,400,220000,买盘
1037,13:29:09,5.5,--,30,16500,买盘
1038,13:29:00,5.5,--,20,11000,买盘
1039,13:28:54,5.5,0.01,200,110000,买盘
1040,13:28:51,5.49,-0.01,20,10980,卖盘
1041,13:28:48,5.5,0.01,100,55000,买盘
1042,13:28:45,5.49,--,67,37266,卖盘
1043,13:28:42,5.49,-0.01,15,8235,卖盘
1044,13:28:33,5.5,0.01,146,80300,买盘
1045,13:28:24,5.49,-0.01,5,2745,卖盘
1046,13:28:21,5.5,0.01,200,110000,买盘
1047,13:28:18,5.49,-0.01,5,2745,卖盘
1048,13:28:15,5.5,--,1,550,买盘
1049,13:28:09,5.5,--,5,2750,买盘
1050,13:28:03,5.5,0.01,6,3300,买盘
1051,13:27:57,5.49,-0.01,61,33961,卖盘
1052,13:27:54,5.5,0.01,3,1650,买盘
1053,13:27:48,5.49,--,4,2196,卖盘
1054,13:27:45,5.49,-0.01,2,1098,卖盘
1055,13:27:42,5.5,--,300,165000,买盘
1056,13:27:39,5.5,0.01,105,57750,买盘
1057,13:27:36,5.49,-0.01,36,19764,卖盘
1058,13:27:33,5.5,--,10,5500,买盘
1059,13:27:27,5.5,0.01,6,3300,买盘
1060,13:27:23,5.49,--,101,55449,卖盘
1061,13:27:20,5.49,-0.01,69,37881,卖盘
1062,13:27:17,5.5,0.01,23,12650,买盘
1063,13:27:14,5.49,--,79,43371,卖盘
1064,13:27:08,5.49,-0.01,18,9882,卖盘
1065,13:27:05,5.5,0.01,193,106150,买盘
1066,13:26:53,5.49,-0.01,310,170190,卖盘
1067,13:26:44,5.5,--,110,60500,买盘
1068,13:26:41,5.5,--,43,23650,买盘
1069,13:26:29,5.5,--,153,84150,买盘
1070,13:26:23,5.5,0.01,1,550,买盘
1071,13:26:20,5.49,-0.01,10,5490,卖盘
1072,13:26:17,5.5,--,6,3300,买盘
1073,13:26:14,5.5,--,50,27500,买盘
1074,13:26:08,5.5,--,59,32450,买盘
1075,13:26:05,5.5,--,15,8250,买盘
1076,13:26:02,5.5,--,20,11000,买盘
1077,13:25:59,5.5,--,100,55000,买盘
1078,13:25:56,5.5,-0.01,460,253209,卖盘
1079,13:25:53,5.51,0.01,30,16530,买盘
1080,13:25:50,5.5,--,20,11000,卖盘
1081,13:25:44,5.5,--,65,35750,卖盘
1082,13:25:41,5.5,--,3,1650,卖盘
1083,13:25:38,5.5,--,17,9350,卖盘
1084,13:25:32,5.5,--,206,113641,买盘
1085,13:25:29,5.5,--,45,24750,买盘
1086,13:25:26,5.5,--,19,10450,买盘
1087,13:25:23,5.5,--,6,3300,买盘
1088,13:25:20,5.5,--,2,1100,买盘
1089,13:25:14,5.5,--,10,5500,买盘
1090,13:25:08,5.5,0.01,20,11000,买盘
1091,13:25:05,5.49,-0.01,86,47214,卖盘
1092,13:25:02,5.5,--,64,35409,卖盘
1093,13:24:59,5.5,--,17,9691,买盘
1094,13:24:56,5.5,--,852,468600,买盘
1095,13:24:47,5.5,--,1,550,买盘
1096,13:24:41,5.5,--,10,5500,买盘
1097,13:24:29,5.5,-0.01,870,478709,卖盘
1098,13:24:26,5.51,--,19,10469,买盘
1099,13:24:23,5.51,0.01,131,72181,买盘
1100,13:24:17,5.5,--,58,31900,卖盘
1101,13:24:14,5.5,--,80,44000,卖盘
1102,13:24:11,5.5,--,61,34034,卖盘
1103,13:24:05,5.5,-0.01,11,6050,卖盘
1104,13:23:59,5.51,0.01,80,44080,买盘
1105,13:23:56,5.5,-0.01,33,18150,卖盘
1106,13:23:44,5.51,--,57,31407,买盘
1107,13:23:41,5.51,--,4,2204,买盘
1108,13:23:38,5.51,0.01,109,60059,买盘
1109,13:23:35,5.5,-0.01,203,111650,卖盘
1110,13:23:32,5.51,--,5,2755,买盘
1111,13:23:26,5.51,0.01,30,16530,买盘
1112,13:23:23,5.5,--,742,408100,卖盘
1113,13:23:17,5.5,--,18,9900,卖盘
1114,13:23:14,5.5,--,537,295834,卖盘
1115,13:23:08,5.5,-0.01,88,48400,卖盘
1116,13:23:02,5.51,--,59,32509,买盘
1117,13:22:56,5.51,--,43,23693,买盘
1118,13:22:53,5.51,0.01,55,30305,买盘
1119,13:22:44,5.5,--,20,11000,卖盘
1120,13:22:41,5.5,-0.01,150,82500,卖盘
1121,13:22:35,5.51,0.01,10,5510,买盘
1122,13:22:32,5.5,--,15,8250,卖盘
1123,13:22:29,5.5,--,23,12650,卖盘
1124,13:22:23,5.5,--,550,302500,卖盘
1125,13:22:14,5.5,--,30,16500,卖盘
1126,13:22:11,5.5,--,97,53823,卖盘
1127,13:22:05,5.5,--,113,62150,卖盘
1128,13:21:53,5.5,--,1,550,卖盘
1129,13:21:44,5.5,--,16,8800,卖盘
1130,13:21:41,5.5,--,29,15950,卖盘
1131,13:21:35,5.5,--,20,11000,卖盘
1132,13:21:29,5.5,--,20,11000,卖盘
1133,13:21:26,5.5,--,228,125400,卖盘
1134,13:21:23,5.5,--,30,16500,卖盘
1135,13:21:17,5.5,--,100,55000,买盘
1136,13:21:08,5.5,--,145,79750,买盘
1137,13:21:02,5.5,--,114,62700,买盘
1138,13:20:59,5.5,0.01,10,5500,买盘
1139,13:20:50,5.49,-0.01,178,98194,卖盘
1140,13:20:47,5.5,--,33,18150,买盘
1141,13:20:41,5.5,--,382,210100,买盘
1142,13:20:38,5.5,--,19,10450,买盘
1143,13:20:35,5.5,0.01,123,67650,买盘
1144,13:20:32,5.49,-0.01,341,187209,卖盘
1145,13:20:29,5.5,0.01,75,41250,买盘
1146,13:20:26,5.49,-0.01,18,9882,卖盘
1147,13:20:23,5.5,0.01,80,44000,买盘
1148,13:20:20,5.49,--,11,6039,卖盘
1149,13:20:08,5.49,-0.01,2,1098,卖盘
1150,13:20:05,5.5,--,930,511500,买盘
1151,13:19:59,5.5,--,2,1100,买盘
1152,13:19:50,5.5,0.01,1,550,买盘
1153,13:19:47,5.49,-0.01,18,9882,卖盘
1154,13:19:44,5.5,0.01,10,5500,买盘
1155,13:19:41,5.49,--,50,27450,卖盘
1156,13:19:38,5.49,--,3,1647,卖盘
1157,13:19:35,5.49,-0.01,4,2196,卖盘
1158,13:19:32,5.5,0.01,200,110000,买盘
1159,13:19:20,5.49,--,7,3843,卖盘
1160,13:19:17,5.49,-0.01,291,159759,卖盘
1161,13:19:14,5.5,0.01,5,2750,买盘
1162,13:19:11,5.49,--,38,20862,卖盘
1163,13:19:08,5.49,--,50,27450,卖盘
1164,13:19:05,5.49,--,62,34521,卖盘
1165,13:18:59,5.49,--,7,3843,卖盘
1166,13:18:53,5.49,-0.01,100,54900,卖盘
1167,13:18:47,5.5,0.01,107,58850,买盘
1168,13:18:44,5.49,-0.01,8,4392,卖盘
1169,13:18:41,5.5,0.01,50,27500,买盘
1170,13:18:35,5.49,--,163,89487,卖盘
1171,13:18:32,5.49,--,40,21960,卖盘
1172,13:18:23,5.49,-0.01,81,44469,卖盘
1173,13:18:20,5.5,0.01,619,340450,买盘
1174,13:18:11,5.49,--,47,25803,卖盘
1175,13:18:08,5.49,-0.01,12,6588,卖盘
1176,13:18:02,5.5,--,100,55000,买盘
1177,13:17:53,5.5,0.01,19,10450,买盘
1178,13:17:50,5.49,--,101,55932,卖盘
1179,13:17:44,5.49,--,121,66956,卖盘
1180,13:17:41,5.49,--,26,14274,卖盘
1181,13:17:35,5.49,--,54,29646,卖盘
1182,13:17:32,5.49,--,240,131760,卖盘
1183,13:17:29,5.49,-0.01,46,25254,卖盘
1184,13:17:14,5.5,0.01,19,10450,买盘
1185,13:17:02,5.49,--,10,5490,卖盘
1186,13:16:59,5.49,--,3,1647,卖盘
1187,13:16:56,5.49,--,35,19215,卖盘
1188,13:16:50,5.49,-0.01,1,549,卖盘
1189,13:16:44,5.5,0.01,1,550,买盘
1190,13:16:41,5.49,-0.01,24,13176,卖盘
1191,13:16:35,5.5,--,200,110000,买盘
1192,13:16:32,5.5,0.01,1,550,买盘
1193,13:16:29,5.49,-0.01,61,33972,卖盘
1194,13:16:26,5.5,0.01,16,8800,买盘
1195,13:16:23,5.49,--,162,88938,卖盘
1196,13:16:20,5.49,--,550,301950,卖盘
1197,13:16:17,5.49,-0.01,12,6588,卖盘
1198,13:16:11,5.5,--,80,44000,买盘
1199,13:16:08,5.5,0.01,20,11000,买盘
1200,13:16:05,5.49,--,80,43920,卖盘
1201,13:15:59,5.49,--,365,200385,卖盘
1202,13:15:53,5.49,-0.01,18,9882,卖盘
1203,13:15:41,5.5,0.01,10,5500,买盘
1204,13:15:38,5.49,-0.01,1,549,卖盘
1205,13:15:32,5.5,--,17,9350,买盘
1206,13:15:23,5.5,--,20,11000,买盘
1207,13:15:20,5.5,--,20,11000,买盘
1208,13:15:14,5.5,--,1,550,买盘
1209,13:15:11,5.5,--,189,104434,买盘
1210,13:14:59,5.5,0.01,48,26400,买盘
1211,13:14:56,5.49,--,1,549,卖盘
1212,13:14:53,5.49,--,162,88938,卖盘
1213,13:14:47,5.49,-0.01,58,31842,卖盘
1214,13:14:44,5.5,--,17,9350,买盘
1215,13:14:38,5.5,--,23,12650,买盘
1216,13:14:35,5.5,--,18,9900,买盘
1217,13:14:32,5.5,0.01,669,367950,买盘
1218,13:14:26,5.49,-0.01,46,25254,卖盘
1219,13:14:23,5.5,--,24,13200,买盘
1220,13:14:14,5.5,0.01,37,20350,买盘
1221,13:14:05,5.49,--,7,3843,卖盘
1222,13:13:59,5.49,--,1500,823500,卖盘
1223,13:13:56,5.49,-0.01,67,36783,卖盘
1224,13:13:53,5.5,0.01,134,73700,买盘
1225,13:13:47,5.49,--,23,12627,卖盘
1226,13:13:41,5.49,--,61,33961,卖盘
1227,13:13:35,5.49,-0.01,18,9882,卖盘
1228,13:13:32,5.5,0.01,33,18150,买盘
1229,13:13:26,5.49,-0.01,7,3843,卖盘
1230,13:13:23,5.5,--,2,1100,买盘
1231,13:13:20,5.5,0.01,7,3850,买盘
1232,13:13:08,5.49,-0.01,3,1647,卖盘
1233,13:13:05,5.5,--,20,11000,买盘
1234,13:13:02,5.5,--,20,11000,买盘
1235,13:12:59,5.5,--,9,4950,买盘
1236,13:12:53,5.5,0.01,64,35200,买盘
1237,13:12:50,5.49,--,1,549,卖盘
1238,13:12:47,5.49,-0.01,8,4392,卖盘
1239,13:12:41,5.5,--,57,31350,买盘
1240,13:12:38,5.5,--,56,30800,买盘
1241,13:12:35,5.5,0.01,6,3300,买盘
1242,13:12:29,5.49,-0.01,311,170739,卖盘
1243,13:12:23,5.5,0.01,48,26400,中性盘
1244,13:12:17,5.49,-0.01,61,33961,卖盘
1245,13:12:14,5.5,--,86,47641,买盘
1246,13:12:08,5.5,0.01,1,550,买盘
1247,13:12:05,5.49,-0.01,387,212671,卖盘
1248,13:11:56,5.5,--,482,265100,卖盘
1249,13:11:53,5.5,--,10,5500,卖盘
1250,13:11:47,5.5,--,5,2750,卖盘
1251,13:11:44,5.5,--,4,2200,卖盘
1252,13:11:38,5.5,--,100,55000,卖盘
1253,13:11:32,5.5,--,90,49500,卖盘
1254,13:11:26,5.5,--,40,22000,卖盘
1255,13:11:23,5.5,--,14,7700,卖盘
1256,13:11:20,5.5,--,16,8800,卖盘
1257,13:11:14,5.5,--,1,550,卖盘
1258,13:11:11,5.5,--,150,82500,卖盘
1259,13:11:08,5.5,-0.01,151,83050,卖盘
1260,13:11:05,5.51,0.01,5,2755,买盘
1261,13:10:59,5.5,-0.01,42,23100,卖盘
1262,13:10:53,5.51,0.01,99,55033,买盘
1263,13:10:47,5.5,-0.01,87,47850,卖盘
1264,13:10:32,5.51,0.01,20,11020,买盘
1265,13:10:29,5.5,--,632,347600,卖盘
1266,13:10:26,5.5,--,134,73700,卖盘
1267,13:10:23,5.5,-0.01,28,15400,卖盘
1268,13:10:20,5.51,--,10,5510,买盘
1269,13:10:17,5.51,0.01,23,12673,买盘
1270,13:10:02,5.5,--,18,9900,卖盘
1271,13:09:59,5.5,-0.01,30,16500,卖盘
1272,13:09:53,5.51,0.01,56,30856,买盘
1273,13:09:50,5.5,-0.01,18,9900,卖盘
1274,13:09:41,5.51,--,91,50625,买盘
1275,13:09:29,5.51,--,110,60610,买盘
1276,13:09:20,5.51,--,32,17632,买盘
1277,13:09:17,5.51,--,40,22040,买盘
1278,13:09:11,5.51,0.01,226,124526,买盘
1279,13:09:05,5.5,-0.01,20,11000,卖盘
1280,13:08:53,5.51,--,442,243542,买盘
1281,13:08:50,5.51,0.01,10,5510,买盘
1282,13:08:44,5.5,-0.01,13,7150,卖盘
1283,13:08:32,5.51,0.01,10,5510,买盘
1284,13:08:29,5.5,--,2,1100,卖盘
1285,13:08:26,5.5,--,10,5500,卖盘
1286,13:08:23,5.5,--,2,1100,卖盘
1287,13:08:20,5.5,--,16,8800,卖盘
1288,13:08:14,5.5,--,81,45023,卖盘
1289,13:08:08,5.5,--,18,9900,卖盘
1290,13:08:05,5.5,--,41,22550,卖盘
1291,13:08:02,5.5,--,314,172700,买盘
1292,13:07:56,5.5,--,5,2750,买盘
1293,13:07:53,5.5,--,10,5500,买盘
1294,13:07:50,5.5,--,113,62150,买盘
1295,13:07:44,5.5,--,34,18700,买盘
1296,13:07:41,5.5,--,30,16500,买盘
1297,13:07:38,5.5,-0.01,34,18700,卖盘
1298,13:07:32,5.51,--,5,2755,买盘
1299,13:07:26,5.51,0.01,1,551,买盘
1300,13:07:23,5.5,-0.01,165,90750,卖盘
1301,13:07:11,5.51,0.01,4,2204,买盘
1302,13:06:59,5.5,--,20,11000,卖盘
1303,13:06:56,5.5,--,9,4950,卖盘
1304,13:06:53,5.5,--,5,2750,卖盘
1305,13:06:50,5.5,0.01,8,4400,中性盘
1306,13:06:44,5.49,-0.01,1387,761463,卖盘
1307,13:06:41,5.5,--,20,11000,卖盘
1308,13:06:31,5.5,--,8,4400,卖盘
1309,13:06:16,5.5,--,63,34650,买盘
1310,13:06:07,5.5,-0.01,152,83600,卖盘
1311,13:06:04,5.51,0.01,57,31407,买盘
1312,13:06:01,5.5,--,6,3300,卖盘
1313,13:05:58,5.5,--,35,19250,卖盘
1314,13:05:55,5.5,--,5,2750,卖盘
1315,13:05:52,5.5,--,47,25850,买盘
1316,13:05:49,5.5,--,10,5500,买盘
1317,13:05:43,5.5,--,38,20900,卖盘
1318,13:05:40,5.5,-0.01,893,491150,卖盘
1319,13:05:37,5.51,0.01,1,551,买盘
1320,13:05:31,5.5,--,235,129250,卖盘
1321,13:05:28,5.5,-0.01,37,20350,卖盘
1322,13:05:25,5.51,0.01,16,8816,买盘
1323,13:05:22,5.5,-0.01,58,31900,卖盘
1324,13:05:19,5.51,--,18,9918,买盘
1325,13:05:07,5.51,--,10,5510,买盘
1326,13:05:04,5.51,0.01,13,7163,买盘
1327,13:04:52,5.5,--,20,11055,卖盘
1328,13:04:49,5.5,--,50,27500,卖盘
1329,13:04:46,5.5,--,4,2200,卖盘
1330,13:04:40,5.5,--,460,253000,卖盘
1331,13:04:37,5.5,--,1,550,卖盘
1332,13:04:31,5.5,--,2,1100,卖盘
1333,13:04:25,5.5,--,25,13750,卖盘
1334,13:04:22,5.5,--,280,154000,卖盘
1335,13:04:16,5.5,--,614,337700,卖盘
1336,13:04:13,5.5,-0.01,6,3300,卖盘
1337,13:04:10,5.51,0.01,1,551,买盘
1338,13:03:58,5.5,--,553,304150,卖盘
1339,13:03:55,5.5,-0.01,73,40150,卖盘
1340,13:03:52,5.51,--,19,10469,买盘
1341,13:03:49,5.51,--,100,55100,买盘
1342,13:03:43,5.51,--,10,5510,买盘
1343,13:03:40,5.51,0.01,197,108547,买盘
1344,13:03:34,5.5,-0.01,18,9900,卖盘
1345,13:03:25,5.51,--,9,4959,买盘
1346,13:03:22,5.51,0.01,336,185136,买盘
1347,13:03:19,5.5,-0.01,17,9350,卖盘
1348,13:03:16,5.51,--,1,551,买盘
1349,13:03:13,5.51,0.01,66,36366,买盘
1350,13:03:10,5.5,--,16,8800,卖盘
1351,13:03:04,5.5,--,90,49500,卖盘
1352,13:03:01,5.5,--,35,19250,卖盘
1353,13:02:55,5.5,-0.01,1,550,卖盘
1354,13:02:49,5.51,0.01,9,4959,买盘
1355,13:02:34,5.5,-0.01,28,15400,卖盘
1356,13:02:31,5.51,--,100,55100,买盘
1357,13:02:28,5.51,--,19,10469,买盘
1358,13:02:22,5.51,0.01,29,15979,买盘
1359,13:02:19,5.5,--,223,122650,卖盘
1360,13:02:10,5.5,-0.01,11,6050,卖盘
1361,13:02:07,5.51,--,30,16530,买盘
1362,13:02:01,5.51,--,10,5510,买盘
1363,13:01:49,5.51,-0.01,546,300846,卖盘
1364,13:01:43,5.52,--,299,165048,买盘
1365,13:01:34,5.52,0.01,39,21528,买盘
1366,13:01:28,5.51,-0.01,38,20938,卖盘
1367,13:01:25,5.52,0.01,18,9936,买盘
1368,13:01:22,5.51,--,550,303050,卖盘
1369,13:01:19,5.51,-0.01,40,22040,卖盘
1370,13:01:16,5.52,--,20,11040,买盘
1371,13:01:10,5.52,--,17,9384,买盘
1372,13:01:07,5.52,--,112,61823,买盘
1373,13:01:04,5.52,--,5,2760,买盘
1374,13:01:01,5.52,0.01,34,18768,买盘
1375,13:00:58,5.51,-0.01,20,11020,卖盘
1376,13:00:55,5.52,--,113,62375,买盘
1377,13:00:52,5.52,--,100,55199,买盘
1378,13:00:49,5.52,--,35,19320,买盘
1379,13:00:46,5.52,--,67,36984,买盘
1380,13:00:40,5.52,--,62,34224,买盘
1381,13:00:28,5.52,0.01,18,9936,买盘
1382,13:00:16,5.51,--,1,551,卖盘
1383,13:00:10,5.51,--,25,13775,卖盘
1384,13:00:07,5.51,--,464,255664,卖盘
1385,13:00:04,5.51,0.02,4411,2430461,买盘
1386,11:29:56,5.49,-0.01,28,15372,卖盘
1387,11:29:53,5.5,0.01,60,33000,买盘
1388,11:29:50,5.49,-0.01,30,16470,卖盘
1389,11:29:47,5.5,0.01,8,4400,买盘
1390,11:29:44,5.49,--,10,5490,卖盘
1391,11:29:38,5.49,--,42,23058,卖盘
1392,11:29:35,5.49,-0.01,2,1098,卖盘
1393,11:29:32,5.5,0.01,65,35750,买盘
1394,11:29:29,5.49,-0.01,42,23058,卖盘
1395,11:29:23,5.5,--,63,34650,买盘
1396,11:29:20,5.5,--,993,546150,买盘
1397,11:29:14,5.5,0.01,24,13200,买盘
1398,11:29:05,5.49,--,1,549,卖盘
1399,11:28:53,5.49,-0.01,100,54900,卖盘
1400,11:28:50,5.5,--,5,2750,买盘
1401,11:28:47,5.5,0.01,60,33000,买盘
1402,11:28:38,5.49,-0.01,22,12078,卖盘
1403,11:28:29,5.5,0.01,23,12650,买盘
1404,11:28:23,5.49,-0.01,1,549,卖盘
1405,11:28:20,5.5,0.01,2,1100,买盘
1406,11:28:14,5.49,-0.01,138,75762,卖盘
1407,11:28:08,5.5,--,136,74800,买盘
1408,11:28:02,5.5,--,1,550,买盘
1409,11:27:59,5.5,0.01,10,5500,买盘
1410,11:27:56,5.49,--,2,1098,卖盘
1411,11:27:53,5.49,-0.01,61,33972,卖盘
1412,11:27:47,5.5,0.01,6,3300,买盘
1413,11:27:44,5.49,--,40,21960,卖盘
1414,11:27:32,5.49,--,20,10980,卖盘
1415,11:27:20,5.49,--,1,549,卖盘
1416,11:27:14,5.49,--,49,26901,卖盘
1417,11:27:11,5.49,-0.01,1,549,卖盘
1418,11:26:59,5.5,--,70,38500,买盘
1419,11:26:53,5.5,0.01,35,19250,买盘
1420,11:26:38,5.49,-0.01,61,33961,卖盘
1421,11:26:32,5.5,--,20,11000,买盘
1422,11:26:29,5.5,0.01,2,1100,买盘
1423,11:26:11,5.49,-0.01,33,18117,卖盘
1424,11:26:08,5.5,--,3,1650,买盘
1425,11:25:53,5.5,--,35,19250,买盘
1426,11:25:50,5.5,--,100,55000,买盘
1427,11:25:44,5.5,0.01,4,2200,买盘
1428,11:25:35,5.49,--,550,301950,卖盘
1429,11:25:32,5.49,--,62,34510,卖盘
1430,11:25:29,5.49,--,31,17019,卖盘
1431,11:25:20,5.49,--,5,2745,卖盘
1432,11:25:17,5.49,--,10,5490,卖盘
1433,11:25:11,5.49,--,104,57096,卖盘
1434,11:25:05,5.49,--,24,13176,卖盘
1435,11:24:56,5.49,--,15,8235,卖盘
1436,11:24:38,5.49,--,1,549,卖盘
1437,11:24:32,5.49,--,60,32940,卖盘
1438,11:24:29,5.49,--,15,8235,卖盘
1439,11:24:08,5.49,--,3,1647,卖盘
1440,11:24:05,5.49,--,90,49893,卖盘
1441,11:24:02,5.49,--,20,10980,卖盘
1442,11:23:59,5.49,--,10,5490,卖盘
1443,11:23:56,5.49,--,215,118035,买盘
1444,11:23:53,5.49,--,69,37881,卖盘
1445,11:23:47,5.49,--,10,5490,卖盘
1446,11:23:44,5.49,--,30,16470,卖盘
1447,11:23:38,5.49,--,4,2196,卖盘
1448,11:23:35,5.49,0.01,188,103212,买盘
1449,11:23:29,5.48,-0.01,22,12056,卖盘
1450,11:23:26,5.49,--,21,11529,卖盘
1451,11:23:23,5.49,--,13,7137,买盘
1452,11:23:20,5.49,0.01,140,76860,买盘
1453,11:23:17,5.48,-0.01,20,10960,卖盘
1454,11:23:14,5.49,--,9,4941,买盘
1455,11:23:11,5.49,--,10,5490,买盘
1456,11:23:05,5.49,--,1,549,买盘
1457,11:22:59,5.49,0.01,10,5490,买盘
1458,11:22:56,5.48,-0.01,16,8768,卖盘
1459,11:22:47,5.49,0.01,2,1098,中性盘
1460,11:22:29,5.48,-0.01,15,8220,卖盘
1461,11:22:20,5.49,--,141,77409,卖盘
1462,11:22:17,5.49,--,105,58051,买盘
1463,11:22:14,5.49,0.01,1,549,买盘
1464,11:22:11,5.48,-0.01,11,6028,卖盘
1465,11:22:05,5.49,--,20,10980,买盘
1466,11:21:59,5.49,--,10,5490,买盘
1467,11:21:56,5.49,--,38,20938,卖盘
1468,11:21:53,5.49,--,30,16470,卖盘
1469,11:21:50,5.49,--,28,15372,卖盘
1470,11:21:47,5.49,--,150,82350,卖盘
1471,11:21:41,5.49,--,85,47137,买盘
1472,11:21:38,5.49,--,24,13176,买盘
1473,11:21:35,5.49,--,125,68625,买盘
1474,11:21:32,5.49,--,1612,885064,卖盘
1475,11:21:29,5.49,--,15,8235,卖盘
1476,11:21:26,5.49,--,2,1098,卖盘
1477,11:21:13,5.49,--,35,19215,卖盘
1478,11:21:04,5.49,-0.01,1276,700524,卖盘
1479,11:21:01,5.5,--,5,2750,买盘
1480,11:20:58,5.5,0.01,3,1650,买盘
1481,11:20:52,5.49,--,37,20313,卖盘
1482,11:20:31,5.49,--,1,549,卖盘
1483,11:20:25,5.49,--,66,36706,卖盘
1484,11:20:22,5.49,--,6,3294,卖盘
1485,11:20:10,5.49,--,60,32940,卖盘
1486,11:20:07,5.49,-0.01,5,2745,卖盘
1487,11:20:04,5.5,--,7,3850,买盘
1488,11:20:01,5.5,0.01,20,11000,买盘
1489,11:19:58,5.49,--,48,26352,卖盘
1490,11:19:55,5.49,--,11,6039,卖盘
1491,11:19:43,5.49,-0.01,2,1098,卖盘
1492,11:19:40,5.5,--,62,34100,买盘
1493,11:19:37,5.5,--,15,8250,买盘
1494,11:19:31,5.5,--,186,102300,买盘
1495,11:19:19,5.5,--,10,5500,买盘
1496,11:19:16,5.5,0.01,1,550,买盘
1497,11:19:10,5.49,-0.01,27,14823,卖盘
1498,11:18:55,5.5,--,134,73700,卖盘
1499,11:18:52,5.5,--,24,13200,卖盘
1500,11:18:46,5.5,--,79,43450,卖盘
1501,11:18:40,5.5,--,125,68750,卖盘
1502,11:18:37,5.5,--,107,58850,卖盘
1503,11:18:34,5.5,--,301,165550,卖盘
1504,11:18:28,5.5,--,10,5500,卖盘
1505,11:18:25,5.5,--,161,88550,卖盘
1506,11:18:22,5.5,--,176,96800,卖盘
1507,11:18:19,5.5,--,37,20350,卖盘
1508,11:18:16,5.5,--,200,110000,卖盘
1509,11:18:13,5.5,--,36,19800,卖盘
1510,11:18:10,5.5,--,25,13750,卖盘
1511,11:18:07,5.5,--,129,70950,卖盘
1512,11:18:04,5.5,--,35,19250,卖盘
1513,11:17:58,5.5,-0.01,245,134750,卖盘
1514,11:17:52,5.51,0.01,8,4408,买盘
1515,11:17:46,5.5,--,62,34100,卖盘
1516,11:17:43,5.5,-0.01,88,48400,卖盘
1517,11:17:37,5.51,0.01,3,1653,买盘
1518,11:17:34,5.5,--,15,8250,卖盘
1519,11:17:31,5.5,-0.01,10,5500,卖盘
1520,11:17:28,5.51,0.01,5,2755,买盘
1521,11:17:25,5.5,-0.01,13,7150,卖盘
1522,11:17:22,5.51,--,44,24244,买盘
1523,11:17:19,5.51,0.01,26,14326,买盘
1524,11:17:07,5.5,--,7,3850,卖盘
1525,11:16:58,5.5,--,766,421300,卖盘
1526,11:16:55,5.5,--,1,550,卖盘
1527,11:16:52,5.5,--,300,165000,卖盘
1528,11:16:49,5.5,--,30,16500,卖盘
1529,11:16:43,5.5,--,10,5500,卖盘
1530,11:16:37,5.5,--,7,3850,卖盘
1531,11:16:34,5.5,-0.01,10,5500,卖盘
1532,11:16:31,5.51,0.01,200,110200,买盘
1533,11:16:25,5.5,--,200,110000,卖盘
1534,11:16:22,5.5,-0.01,50,27500,卖盘
1535,11:16:07,5.51,0.01,84,46284,买盘
1536,11:16:04,5.5,-0.01,71,39050,卖盘
1537,11:16:01,5.51,--,94,51794,买盘
1538,11:15:46,5.51,0.01,50,27550,买盘
1539,11:15:43,5.5,--,20,11000,卖盘
1540,11:15:31,5.5,-0.01,98,53900,卖盘
1541,11:15:28,5.51,0.01,4,2204,买盘
1542,11:15:25,5.5,--,1,550,卖盘
1543,11:15:22,5.5,-0.01,91,50050,卖盘
1544,11:15:19,5.51,0.01,10,5510,买盘
1545,11:15:16,5.5,--,20,11000,卖盘
1546,11:15:13,5.5,--,17,9350,卖盘
1547,11:15:10,5.5,--,394,216700,买盘
1548,11:15:07,5.5,--,65,35750,买盘
1549,11:15:04,5.5,--,623,342650,买盘
1550,11:14:58,5.5,0.01,108,59400,买盘
1551,11:14:55,5.49,-0.01,2,1098,卖盘
1552,11:14:52,5.5,--,1045,574750,买盘
1553,11:14:49,5.5,0.01,17,9350,买盘
1554,11:14:43,5.49,--,9,4941,卖盘
1555,11:14:37,5.49,-0.01,18,9882,卖盘
1556,11:14:34,5.5,0.01,500,275000,买盘
1557,11:14:25,5.49,-0.01,34,18666,卖盘
1558,11:14:19,5.5,--,100,55000,买盘
1559,11:14:16,5.5,0.01,100,55000,买盘
1560,11:14:07,5.49,-0.01,7,3843,卖盘
1561,11:13:58,5.5,--,569,312950,卖盘
1562,11:13:55,5.5,--,8,4400,卖盘
1563,11:13:52,5.5,--,37,20350,卖盘
1564,11:13:49,5.5,--,10,5500,卖盘
1565,11:13:46,5.5,--,10,5500,卖盘
1566,11:13:43,5.5,--,2,1100,卖盘
1567,11:13:40,5.5,--,1,550,卖盘
1568,11:13:37,5.5,--,25,13750,卖盘
1569,11:13:31,5.5,0.01,356,195800,买盘
1570,11:13:25,5.49,-0.01,1,549,卖盘
1571,11:13:19,5.5,--,301,165550,买盘
1572,11:13:13,5.5,--,10,5500,买盘
1573,11:13:10,5.5,--,10,5500,买盘
1574,11:12:55,5.5,-0.01,502,276100,卖盘
1575,11:12:52,5.51,0.01,50,27550,买盘
1576,11:12:46,5.5,--,1358,746900,卖盘
1577,11:12:40,5.5,--,1,550,卖盘
1578,11:12:37,5.5,--,1,550,卖盘
1579,11:12:34,5.5,--,10,5500,卖盘
1580,11:12:28,5.5,--,550,302500,卖盘
1581,11:12:25,5.5,--,247,135850,卖盘
1582,11:12:22,5.5,-0.01,15,8250,卖盘
1583,11:12:19,5.51,0.01,80,44080,买盘
1584,11:12:07,5.5,--,31,17050,卖盘
1585,11:11:58,5.5,--,3,1650,卖盘
1586,11:11:55,5.5,--,100,55000,卖盘
1587,11:11:49,5.5,--,52,28600,卖盘
1588,11:11:43,5.5,--,14,7700,卖盘
1589,11:11:28,5.5,--,13,7150,卖盘
1590,11:11:22,5.5,--,2,1100,卖盘
1591,11:11:16,5.5,--,2,1100,卖盘
1592,11:11:13,5.5,-0.01,100,55000,卖盘
1593,11:11:10,5.51,0.01,4,2204,买盘
1594,11:10:49,5.5,--,20,11000,卖盘
1595,11:10:43,5.5,-0.01,5,2750,卖盘
1596,11:10:34,5.51,0.01,128,70528,买盘
1597,11:10:31,5.5,-0.01,146,80300,卖盘
1598,11:10:22,5.51,0.01,19,10469,买盘
1599,11:10:19,5.5,-0.01,54,29700,卖盘
1600,11:10:10,5.51,0.01,49,26999,买盘
1601,11:10:07,5.5,-0.01,24,13200,卖盘
1602,11:10:04,5.51,0.01,2,1102,买盘
1603,11:09:58,5.5,-0.01,11,6050,卖盘
1604,11:09:55,5.51,0.01,24,13224,买盘
1605,11:09:43,5.5,--,151,83050,卖盘
1606,11:09:34,5.5,--,19,10450,卖盘
1607,11:09:28,5.5,-0.01,4,2200,卖盘
1608,11:09:25,5.51,0.01,20,11020,买盘
1609,11:09:22,5.5,-0.01,9,4950,卖盘
1610,11:09:19,5.51,0.01,10,5510,买盘
1611,11:09:13,5.5,--,4,2200,卖盘
1612,11:09:10,5.5,--,115,63250,卖盘
1613,11:09:01,5.5,--,31,17050,卖盘
1614,11:08:58,5.5,--,17,9350,卖盘
1615,11:08:55,5.5,--,106,58300,卖盘
1616,11:08:52,5.5,--,960,528000,卖盘
1617,11:08:49,5.5,--,6,3300,卖盘
1618,11:08:43,5.5,--,72,39600,卖盘
1619,11:08:40,5.5,--,10,5500,卖盘
1620,11:08:37,5.5,--,247,135850,卖盘
1621,11:08:34,5.5,--,15,8250,卖盘
1622,11:08:31,5.5,-0.01,9,4950,卖盘
1623,11:08:28,5.51,0.01,91,50141,买盘
1624,11:08:19,5.5,--,1,550,卖盘
1625,11:08:16,5.5,--,264,145200,卖盘
1626,11:08:04,5.5,-0.01,6,3300,卖盘
1627,11:07:49,5.51,--,200,110200,买盘
1628,11:07:43,5.51,--,144,79344,买盘
1629,11:07:40,5.51,0.01,17,9367,买盘
1630,11:07:34,5.5,-0.01,60,33000,卖盘
1631,11:07:31,5.51,--,5,2755,买盘
1632,11:07:28,5.51,--,90,49590,买盘
1633,11:07:22,5.51,--,4,2204,买盘
1634,11:07:16,5.51,--,2,1102,买盘
1635,11:07:07,5.51,--,54,29754,买盘
1636,11:07:04,5.51,--,7,3857,买盘
1637,11:07:01,5.51,--,2472,1362072,卖盘
1638,11:06:52,5.51,--,29,15979,卖盘
1639,11:06:49,5.51,--,70,38570,卖盘
1640,11:06:43,5.51,--,5,2755,卖盘
1641,11:06:40,5.51,-0.01,23,12673,卖盘
1642,11:06:34,5.52,0.01,31,17112,买盘
1643,11:06:22,5.51,--,100,55100,卖盘
1644,11:06:19,5.51,--,20,11020,卖盘
1645,11:06:16,5.51,--,26,14326,卖盘
1646,11:06:07,5.51,-0.01,10,5510,卖盘
1647,11:05:58,5.52,--,139,76728,买盘
1648,11:05:55,5.52,0.01,20,11040,买盘
1649,11:05:49,5.51,-0.01,4,2204,卖盘
1650,11:05:46,5.52,0.01,134,73968,买盘
1651,11:05:43,5.51,-0.01,237,130587,卖盘
1652,11:05:40,5.52,--,6,3311,买盘
1653,11:05:37,5.52,--,37,20424,买盘
1654,11:05:34,5.52,0.01,6,3311,买盘
1655,11:05:31,5.51,-0.01,45,24795,卖盘
1656,11:05:25,5.52,0.01,172,94943,买盘
1657,11:05:22,5.51,-0.01,1,551,卖盘
1658,11:05:16,5.52,0.01,10,5520,买盘
1659,11:05:13,5.51,--,550,303050,卖盘
1660,11:05:10,5.51,-0.01,62,34162,卖盘
1661,11:05:07,5.52,0.01,166,91632,买盘
1662,11:05:04,5.51,--,17,9367,卖盘
1663,11:05:01,5.51,-0.01,230,126730,卖盘
1664,11:04:58,5.52,--,30,16560,买盘
1665,11:04:55,5.52,--,12,6623,买盘
1666,11:04:52,5.52,--,45,24839,买盘
1667,11:04:46,5.52,--,5,2760,买盘
1668,11:04:43,5.52,0.01,272,150144,买盘
1669,11:04:40,5.51,-0.01,110,60610,卖盘
1670,11:04:37,5.52,0.01,53,29255,买盘
1671,11:04:34,5.51,-0.01,30,16530,卖盘
1672,11:04:28,5.52,0.01,161,88872,买盘
1673,11:04:25,5.51,-0.01,16,8816,中性盘
1674,11:04:19,5.52,0.01,269,148488,买盘
1675,11:04:16,5.51,--,507,279357,卖盘
1676,11:04:13,5.51,-0.01,270,148770,卖盘
1677,11:04:07,5.52,--,35,19320,买盘
1678,11:04:04,5.52,0.01,5,2760,买盘
1679,11:04:01,5.51,-0.01,328,180728,卖盘
1680,11:03:58,5.52,0.01,28,15455,买盘
1681,11:03:55,5.51,--,50,27550,卖盘
1682,11:03:52,5.51,-0.01,202,111302,卖盘
1683,11:03:49,5.52,0.01,56,30911,买盘
1684,11:03:46,5.51,-0.01,60,33060,卖盘
1685,11:03:43,5.52,--,44,24287,买盘
1686,11:03:40,5.52,--,66,36432,买盘
1687,11:03:37,5.52,-0.01,1248,688896,卖盘
1688,11:03:34,5.53,0.01,19,10507,买盘
1689,11:03:31,5.52,-0.01,126,69552,卖盘
1690,11:03:28,5.53,--,42,23226,买盘
1691,11:03:25,5.53,--,1032,570696,卖盘
1692,11:03:22,5.53,--,84,46452,卖盘
1693,11:03:19,5.53,--,31,17143,卖盘
1694,11:03:16,5.53,-0.01,400,221200,卖盘
1695,11:03:13,5.54,--,26,14404,买盘
1696,11:03:10,5.54,--,27,14958,买盘
1697,11:03:07,5.54,0.01,38,21052,买盘
1698,11:03:04,5.53,--,33,18249,卖盘
1699,11:02:58,5.53,-0.01,328,181384,卖盘
1700,11:02:55,5.54,--,42,23268,买盘
1701,11:02:52,5.54,0.01,140,77560,买盘
1702,11:02:46,5.53,0.01,772,426916,买盘
1703,11:02:43,5.52,--,261,144072,卖盘
1704,11:02:40,5.52,--,40,22080,卖盘
1705,11:02:37,5.52,-0.01,130,71760,卖盘
1706,11:02:31,5.53,0.01,46,25438,买盘
1707,11:02:28,5.52,--,310,171120,买盘
1708,11:02:25,5.52,--,5,2760,买盘
1709,11:02:22,5.52,--,20,11040,买盘
1710,11:02:19,5.52,0.01,1100,607200,买盘
1711,11:02:13,5.51,--,5,2755,卖盘
1712,11:02:07,5.51,--,13,7163,卖盘
1713,11:02:04,5.51,0.01,1957,1078307,买盘
1714,11:02:01,5.5,-0.01,1,550,卖盘
1715,11:01:58,5.51,0.01,116,63916,买盘
1716,11:01:52,5.5,-0.01,230,126500,卖盘
1717,11:01:48,5.51,--,5,2755,买盘
1718,11:01:45,5.51,0.01,57,31407,买盘
1719,11:01:42,5.5,--,23,12650,卖盘
1720,11:01:36,5.5,--,28,15400,卖盘
1721,11:01:33,5.5,--,72,39600,卖盘
1722,11:01:30,5.5,--,37,20350,买盘
1723,11:01:27,5.5,--,27,14850,买盘
1724,11:01:21,5.5,--,10,5500,买盘
1725,11:01:18,5.5,--,16,8800,卖盘
1726,11:01:15,5.5,--,35,19250,卖盘
1727,11:01:12,5.5,--,30,16500,卖盘
1728,11:01:09,5.5,--,1204,662200,买盘
1729,11:01:06,5.5,--,149,81950,买盘
1730,11:01:03,5.5,--,16,8800,买盘
1731,11:01:00,5.5,0.01,632,347600,买盘
1732,11:00:57,5.49,--,46,25254,卖盘
1733,11:00:54,5.49,-0.01,33,18117,卖盘
1734,11:00:48,5.5,0.01,3,1650,买盘
1735,11:00:45,5.49,-0.01,10,5490,卖盘
1736,11:00:33,5.5,--,410,225500,买盘
1737,11:00:30,5.5,--,3,1650,买盘
1738,11:00:27,5.5,0.01,8,4400,买盘
1739,11:00:24,5.49,-0.01,91,49959,卖盘
1740,11:00:21,5.5,0.01,400,220000,买盘
1741,11:00:18,5.49,--,4,2196,卖盘
1742,11:00:15,5.49,-0.01,20,10980,卖盘
1743,11:00:12,5.5,0.01,50,27500,买盘
1744,11:00:09,5.49,-0.01,1,549,卖盘
1745,11:00:06,5.5,0.01,3,1650,买盘
1746,10:59:57,5.49,--,60,32940,卖盘
1747,10:59:54,5.49,--,1,549,卖盘
1748,10:59:51,5.49,--,18,9882,卖盘
1749,10:59:48,5.49,--,613,336537,卖盘
1750,10:59:36,5.49,-0.01,123,67527,卖盘
1751,10:59:27,5.5,0.01,7,3850,买盘
1752,10:59:24,5.49,--,18,9882,卖盘
1753,10:59:21,5.49,-0.01,62,34038,卖盘
1754,10:59:15,5.5,0.01,10,5500,买盘
1755,10:59:12,5.49,-0.01,21,11529,卖盘
1756,10:59:09,5.5,0.01,11,6050,买盘
1757,10:59:06,5.49,--,2,1098,卖盘
1758,10:59:03,5.49,--,53,29097,卖盘
1759,10:59:00,5.49,--,6,3294,卖盘
1760,10:58:57,5.49,--,72,39528,卖盘
1761,10:58:54,5.49,--,3,1647,卖盘
1762,10:58:51,5.49,-0.01,5,2745,卖盘
1763,10:58:48,5.5,--,116,63800,买盘
1764,10:58:39,5.5,0.01,10,5500,买盘
1765,10:58:33,5.49,-0.01,43,23607,卖盘
1766,10:58:30,5.5,--,210,115500,买盘
1767,10:58:18,5.5,--,50,27500,买盘
1768,10:58:12,5.5,0.01,24,13200,买盘
1769,10:58:09,5.49,--,2,1098,卖盘
1770,10:58:03,5.49,-0.01,42,23058,卖盘
1771,10:57:54,5.5,--,1,550,买盘
1772,10:57:48,5.5,0.01,20,11000,买盘
1773,10:57:42,5.49,--,501,275049,卖盘
1774,10:57:36,5.49,--,25,13725,卖盘
1775,10:57:33,5.49,-0.01,23,12627,卖盘
1776,10:57:30,5.5,--,53,29150,买盘
1777,10:57:27,5.5,--,112,61600,买盘
1778,10:57:18,5.5,0.01,14,7700,买盘
1779,10:57:12,5.49,--,10,5490,卖盘
1780,10:57:09,5.49,--,2,1098,卖盘
1781,10:57:06,5.49,-0.01,70,38430,卖盘
1782,10:57:03,5.5,0.01,11,6050,买盘
1783,10:56:54,5.49,--,14,7686,卖盘
1784,10:56:45,5.49,--,1,549,卖盘
1785,10:56:42,5.49,-0.01,15,8235,卖盘
1786,10:56:39,5.5,--,118,64900,买盘
1787,10:56:36,5.5,--,39,21450,买盘
1788,10:56:33,5.5,--,40,22000,买盘
1789,10:56:30,5.5,--,20,11000,买盘
1790,10:56:18,5.5,0.01,85,46750,买盘
1791,10:56:12,5.49,-0.01,21,11529,卖盘
1792,10:56:03,5.5,0.01,6,3300,买盘
1793,10:55:54,5.49,--,65,35685,卖盘
1794,10:55:51,5.49,--,186,102114,卖盘
1795,10:55:48,5.49,-0.01,111,60939,卖盘
1796,10:55:45,5.5,0.01,604,332200,买盘
1797,10:55:42,5.49,--,3,1647,卖盘
1798,10:55:39,5.49,--,2,1098,卖盘
1799,10:55:24,5.49,--,4,2196,卖盘
1800,10:55:18,5.49,-0.01,85,46665,卖盘
1801,10:55:15,5.5,0.01,2,1100,买盘
1802,10:55:12,5.49,--,26,14274,卖盘
1803,10:55:09,5.49,-0.01,40,21960,卖盘
1804,10:55:06,5.5,--,56,30800,买盘
1805,10:55:00,5.5,--,88,48400,买盘
1806,10:54:51,5.5,0.01,49,26950,买盘
1807,10:54:45,5.49,-0.01,18,9882,卖盘
1808,10:54:39,5.5,--,91,50050,买盘
1809,10:54:36,5.5,0.01,30,16500,买盘
1810,10:54:33,5.49,-0.01,11,6039,卖盘
1811,10:54:30,5.5,--,95,52250,买盘
1812,10:54:24,5.5,--,288,158400,买盘
1813,10:54:21,5.5,--,21,11550,买盘
1814,10:54:18,5.5,--,8,4400,买盘
1815,10:54:12,5.5,--,7,3850,买盘
1816,10:54:09,5.5,0.01,41,22550,买盘
1817,10:54:06,5.49,-0.01,12,6588,卖盘
1818,10:54:03,5.5,--,200,110000,买盘
1819,10:53:51,5.5,0.01,18,9900,买盘
1820,10:53:45,5.49,--,12,6588,卖盘
1821,10:53:42,5.49,--,33,18117,卖盘
1822,10:53:39,5.49,-0.01,546,299754,卖盘
1823,10:53:36,5.5,--,7,3850,买盘
1824,10:53:30,5.5,--,10,5500,买盘
1825,10:53:27,5.5,--,4,2200,买盘
1826,10:53:24,5.5,0.01,84,46200,买盘
1827,10:53:18,5.49,-0.01,107,58743,卖盘
1828,10:53:15,5.5,0.01,2,1100,买盘
1829,10:53:12,5.49,-0.01,9,4941,卖盘
1830,10:53:09,5.5,0.01,1152,633600,买盘
1831,10:53:06,5.49,-0.01,102,55998,卖盘
1832,10:53:03,5.5,0.01,102,56100,买盘
1833,10:52:45,5.49,--,102,55998,卖盘
1834,10:52:39,5.49,-0.01,133,73017,卖盘
1835,10:52:36,5.5,--,231,127050,买盘
1836,10:52:30,5.5,--,43,23650,买盘
1837,10:52:27,5.5,--,460,253000,买盘
1838,10:52:24,5.5,0.01,91,50050,买盘
1839,10:52:21,5.49,-0.01,53,29097,卖盘
1840,10:52:15,5.5,--,117,64350,买盘
1841,10:52:12,5.5,0.01,3,1650,买盘
1842,10:52:09,5.49,-0.01,2004,1100196,卖盘
1843,10:52:06,5.5,--,4,2200,卖盘
1844,10:52:03,5.5,0.01,1766,971300,买盘
1845,10:52:00,5.49,-0.01,550,301950,卖盘
1846,10:51:54,5.5,--,54,29700,买盘
1847,10:51:45,5.5,--,300,165000,买盘
1848,10:51:42,5.5,--,63,34650,买盘
1849,10:51:39,5.5,--,50,27500,买盘
1850,10:51:36,5.5,--,22,12100,买盘
1851,10:51:30,5.5,--,58,31900,买盘
1852,10:51:27,5.5,--,1,550,买盘
1853,10:51:24,5.5,--,5,2750,买盘
1854,10:51:21,5.5,--,71,39050,买盘
1855,10:51:18,5.5,-0.01,536,294800,卖盘
1856,10:51:15,5.51,0.01,100,55100,买盘
1857,10:51:12,5.5,--,40,22000,卖盘
1858,10:51:09,5.5,0.01,618,339900,买盘
1859,10:51:06,5.49,-0.01,33,18117,卖盘
1860,10:51:03,5.5,0.01,14,7700,买盘
1861,10:51:00,5.49,-0.01,46,25254,卖盘
1862,10:50:57,5.5,0.01,64,35200,买盘
1863,10:50:54,5.49,-0.01,1000,549000,卖盘
1864,10:50:51,5.5,--,250,137500,买盘
1865,10:50:48,5.5,0.01,35,19250,买盘
1866,10:50:45,5.49,--,110,60390,卖盘
1867,10:50:42,5.49,-0.01,13,7137,卖盘
1868,10:50:39,5.5,0.01,20,11000,买盘
1869,10:50:36,5.49,--,75,41175,卖盘
1870,10:50:27,5.49,--,20,10980,卖盘
1871,10:50:18,5.49,--,56,30744,买盘
1872,10:50:12,5.49,--,165,90585,买盘
1873,10:50:03,5.49,--,2,1098,买盘
1874,10:50:00,5.49,0.01,10,5490,买盘
1875,10:49:57,5.48,-0.01,13,7124,卖盘
1876,10:49:54,5.49,0.01,20,10980,买盘
1877,10:49:51,5.48,-0.01,8,4384,卖盘
1878,10:49:48,5.49,0.01,516,283284,买盘
1879,10:49:42,5.48,-0.01,298,163304,卖盘
1880,10:49:36,5.49,--,280,153720,买盘
1881,10:49:33,5.49,0.01,102,55998,买盘
1882,10:49:27,5.48,--,9,4932,卖盘
1883,10:49:24,5.48,-0.01,155,84940,卖盘
1884,10:49:21,5.49,0.01,42,23058,买盘
1885,10:49:18,5.48,--,100,54800,卖盘
1886,10:49:12,5.48,--,1,548,卖盘
1887,10:48:54,5.48,-0.01,1,548,卖盘
1888,10:48:51,5.49,--,50,27450,买盘
1889,10:48:48,5.49,0.01,102,55998,买盘
1890,10:48:45,5.48,-0.01,4,2192,卖盘
1891,10:48:39,5.49,0.01,40,21960,买盘
1892,10:48:36,5.48,-0.01,6,3288,卖盘
1893,10:48:30,5.49,--,30,16470,买盘
1894,10:48:27,5.49,0.01,72,39528,买盘
1895,10:48:24,5.48,-0.01,10,5480,卖盘
1896,10:48:21,5.49,--,16,8784,买盘
1897,10:48:18,5.49,0.01,110,60390,买盘
1898,10:48:15,5.48,-0.01,88,48224,卖盘
1899,10:48:12,5.49,--,21,11529,买盘
1900,10:48:03,5.49,-0.01,146,80154,卖盘
1901,10:48:00,5.5,0.01,219,120450,买盘
1902,10:47:57,5.49,-0.01,450,247050,卖盘
1903,10:47:45,5.5,--,72,39600,买盘
1904,10:47:42,5.5,--,73,40150,买盘
1905,10:47:39,5.5,0.01,53,29150,买盘
1906,10:47:36,5.49,-0.01,93,51057,卖盘
1907,10:47:33,5.5,--,100,55000,买盘
1908,10:47:30,5.5,--,29,15950,买盘
1909,10:47:27,5.5,--,112,61600,买盘
1910,10:47:24,5.5,--,10,5500,买盘
1911,10:47:21,5.5,--,50,27500,买盘
1912,10:47:18,5.5,--,11,6050,买盘
1913,10:47:12,5.5,--,20,11000,买盘
1914,10:47:06,5.5,--,1541,847550,买盘
1915,10:47:03,5.5,--,98,53900,买盘
1916,10:47:00,5.5,--,22,12100,买盘
1917,10:46:54,5.5,--,40,22000,买盘
1918,10:46:48,5.5,--,120,66000,买盘
1919,10:46:42,5.5,--,53,29150,买盘
1920,10:46:33,5.5,--,100,55000,买盘
1921,10:46:30,5.5,--,8,4400,买盘
1922,10:46:27,5.5,--,159,87450,买盘
1923,10:46:21,5.5,0.01,2,1100,买盘
1924,10:46:15,5.49,-0.01,1026,563274,卖盘
1925,10:46:12,5.5,0.02,20,11000,买盘
1926,10:46:06,5.48,-0.02,2006,1099288,卖盘
1927,10:46:03,5.5,0.01,100,55000,买盘
1928,10:45:57,5.49,--,553,303597,买盘
1929,10:45:54,5.49,--,50,27450,买盘
1930,10:45:51,5.49,0.01,25,13725,买盘
1931,10:45:45,5.48,-0.01,100,54800,卖盘
1932,10:45:36,5.49,0.01,800,439639,买盘
1933,10:45:33,5.48,--,165,90420,买盘
1934,10:45:27,5.48,--,212,116176,买盘
1935,10:45:24,5.48,--,110,60280,买盘
1936,10:45:21,5.48,--,95,52060,买盘
1937,10:45:18,5.48,--,1394,763912,买盘
1938,10:45:15,5.48,--,5,2740,买盘
1939,10:45:12,5.48,--,30,16440,买盘
1940,10:45:06,5.48,--,151,82748,买盘
1941,10:44:56,5.48,0.01,182,99736,买盘
1942,10:44:53,5.47,--,21,11487,卖盘
1943,10:44:50,5.47,--,331,181057,卖盘
1944,10:44:44,5.47,--,63,34461,卖盘
1945,10:44:38,5.47,-0.01,1,547,卖盘
1946,10:44:35,5.48,0.01,100,54800,买盘
1947,10:44:32,5.47,--,40,21880,卖盘
1948,10:44:29,5.47,-0.01,49,26803,卖盘
1949,10:44:26,5.48,0.01,100,54800,买盘
1950,10:44:23,5.47,-0.01,4,2188,卖盘
1951,10:44:20,5.48,0.01,29,15892,买盘
1952,10:44:14,5.47,--,20,10940,卖盘
1953,10:44:08,5.47,--,358,195990,买盘
1954,10:44:05,5.47,--,51,27897,买盘
1955,10:44:02,5.47,--,10,5470,买盘
1956,10:43:56,5.47,--,206,112682,买盘
1957,10:43:50,5.47,--,1,547,买盘
1958,10:43:41,5.47,-0.01,665,364137,卖盘
1959,10:43:29,5.48,0.01,110,60280,买盘
1960,10:43:20,5.47,--,150,82050,卖盘
1961,10:43:17,5.47,-0.01,25,13675,卖盘
1962,10:43:14,5.48,0.01,10,5480,买盘
1963,10:43:11,5.47,--,10,5470,卖盘
1964,10:43:08,5.47,--,13,7111,卖盘
1965,10:43:05,5.47,--,248,135656,卖盘
1966,10:43:02,5.47,--,56,30632,卖盘
1967,10:42:56,5.47,-0.01,258,141126,卖盘
1968,10:42:47,5.48,--,8,4384,买盘
1969,10:42:44,5.48,--,1,548,买盘
1970,10:42:41,5.48,0.01,136,74528,买盘
1971,10:42:38,5.47,--,26,14222,卖盘
1972,10:42:32,5.47,-0.01,554,303038,卖盘
1973,10:42:29,5.48,--,10,5480,买盘
1974,10:42:26,5.48,0.01,12,6576,买盘
1975,10:42:20,5.47,--,11,6017,卖盘
1976,10:42:17,5.47,--,919,502693,卖盘
1977,10:42:11,5.47,--,316,172852,卖盘
1978,10:42:05,5.47,--,86,47042,卖盘
1979,10:42:02,5.47,--,46,25162,卖盘
1980,10:41:56,5.47,--,122,66734,卖盘
1981,10:41:47,5.47,--,54,29538,卖盘
1982,10:41:44,5.47,-0.01,19,10393,卖盘
1983,10:41:41,5.48,0.01,21,11508,买盘
1984,10:41:38,5.47,--,30,16410,卖盘
1985,10:41:35,5.47,--,40,21880,卖盘
1986,10:41:23,5.47,--,12,6564,卖盘
1987,10:41:20,5.47,-0.01,4,2188,卖盘
1988,10:41:17,5.48,0.01,3,1644,买盘
1989,10:41:11,5.47,-0.01,72,39384,卖盘
1990,10:41:08,5.48,0.01,514,281672,买盘
1991,10:41:05,5.47,--,100,54700,卖盘
1992,10:41:02,5.47,--,212,115964,卖盘
1993,10:40:59,5.47,--,119,65093,卖盘
1994,10:40:56,5.47,--,147,80409,卖盘
1995,10:40:53,5.47,--,34,18598,卖盘
1996,10:40:50,5.47,--,20,10940,卖盘
1997,10:40:44,5.47,-0.01,13,7111,卖盘
1998,10:40:41,5.48,--,73,40004,买盘
1999,10:40:35,5.48,--,4,2192,买盘
2000,10:40:32,5.48,0.01,503,275644,买盘
2001,10:40:29,5.47,--,1889,1033283,卖盘
2002,10:40:17,5.47,--,144,78768,卖盘
2003,10:40:11,5.47,--,24,13128,卖盘
2004,10:40:08,5.47,--,18,9846,卖盘
2005,10:40:02,5.47,--,191,104477,卖盘
2006,10:39:59,5.47,-0.01,5,2735,卖盘
2007,10:39:56,5.48,0.01,25,13700,买盘
2008,10:39:53,5.47,--,71,38837,卖盘
2009,10:39:41,5.47,-0.01,9,4923,卖盘
2010,10:39:35,5.48,--,71,38908,买盘
2011,10:39:29,5.48,0.01,5,2740,买盘
2012,10:39:26,5.47,--,7,3829,卖盘
2013,10:39:20,5.47,-0.01,31,16957,卖盘
2014,10:39:17,5.48,0.01,7,3836,买盘
2015,10:39:14,5.47,--,5,2735,卖盘
2016,10:39:11,5.47,-0.01,107,58529,卖盘
2017,10:39:08,5.48,0.01,152,83296,买盘
2018,10:39:05,5.47,-0.01,41,22427,卖盘
2019,10:38:53,5.48,0.01,10,5480,买盘
2020,10:38:50,5.47,-0.01,1000,547000,卖盘
2021,10:38:47,5.48,0.01,155,84940,买盘
2022,10:38:44,5.47,--,1,547,卖盘
2023,10:38:23,5.47,--,21,11487,卖盘
2024,10:38:14,5.47,--,50,27350,卖盘
2025,10:38:08,5.47,--,57,31179,卖盘
2026,10:38:05,5.47,-0.01,85,46495,卖盘
2027,10:38:02,5.48,0.01,545,298660,买盘
2028,10:37:56,5.47,--,98,53606,卖盘
2029,10:37:53,5.47,-0.01,1,547,卖盘
2030,10:37:50,5.48,0.01,20,10960,买盘
2031,10:37:44,5.47,--,80,43760,卖盘
2032,10:37:38,5.47,-0.01,6,3282,卖盘
2033,10:37:35,5.48,--,160,87680,买盘
2034,10:37:32,5.48,0.01,28,15344,买盘
2035,10:37:29,5.47,--,1,547,卖盘
2036,10:37:26,5.47,--,2,1094,卖盘
2037,10:37:17,5.47,--,140,76580,卖盘
2038,10:37:14,5.47,--,154,84238,卖盘
2039,10:37:08,5.47,--,70,38448,卖盘
2040,10:37:05,5.47,--,71,38837,卖盘
2041,10:36:59,5.47,-0.01,43,23521,卖盘
2042,10:36:53,5.48,0.01,10,5480,买盘
2043,10:36:50,5.47,-0.01,28,15316,卖盘
2044,10:36:44,5.48,--,5,2740,买盘
2045,10:36:41,5.48,--,8,4384,买盘
2046,10:36:35,5.48,--,57,31236,买盘
2047,10:36:23,5.48,--,226,123848,买盘
2048,10:36:20,5.48,--,39,21372,买盘
2049,10:36:17,5.48,--,4,2192,买盘
2050,10:36:14,5.48,--,72,39456,买盘
2051,10:36:11,5.48,--,2,1096,买盘
2052,10:36:05,5.48,--,29,16001,卖盘
2053,10:36:02,5.48,--,510,279480,卖盘
2054,10:35:59,5.48,--,22,12056,卖盘
2055,10:35:56,5.48,-0.01,86,47128,卖盘
2056,10:35:50,5.49,--,64,35136,买盘
2057,10:35:44,5.49,0.01,1928,1058472,买盘
2058,10:35:35,5.48,--,98,53704,卖盘
2059,10:35:29,5.48,-0.01,1,548,卖盘
2060,10:35:23,5.49,0.01,8,4392,买盘
2061,10:35:20,5.48,--,35,19618,卖盘
2062,10:35:14,5.48,--,6,3288,卖盘
2063,10:35:11,5.48,--,1262,691576,买盘
2064,10:35:08,5.48,--,5,2740,买盘
2065,10:35:05,5.48,--,7,3836,买盘
2066,10:35:02,5.48,0.01,5,2740,买盘
2067,10:34:59,5.47,-0.01,7,3829,卖盘
2068,10:34:56,5.48,--,50,27400,买盘
2069,10:34:53,5.48,--,1,548,买盘
2070,10:34:47,5.48,--,611,334828,买盘
2071,10:34:41,5.48,0.01,27,14796,买盘
2072,10:34:38,5.47,-0.01,10,5470,卖盘
2073,10:34:35,5.48,--,930,509640,卖盘
2074,10:34:29,5.48,--,661,362228,卖盘
2075,10:34:20,5.48,--,141,77268,买盘
2076,10:34:17,5.48,--,10,5480,买盘
2077,10:34:11,5.48,--,211,115628,卖盘
2078,10:34:08,5.48,--,696,381408,买盘
2079,10:34:05,5.48,0.01,3,1644,买盘
2080,10:34:02,5.47,-0.01,44,24068,卖盘
2081,10:33:59,5.48,--,1481,811588,卖盘
2082,10:33:53,5.48,--,2,1096,卖盘
2083,10:33:50,5.48,--,56,30688,卖盘
2084,10:33:47,5.48,--,18,9864,卖盘
2085,10:33:41,5.48,--,20,10960,卖盘
2086,10:33:38,5.48,--,56,30688,卖盘
2087,10:33:35,5.48,--,24,13152,卖盘
2088,10:33:32,5.48,--,391,214268,卖盘
2089,10:33:29,5.48,--,63,34524,卖盘
2090,10:33:26,5.48,-0.01,5,2740,卖盘
2091,10:33:23,5.49,0.01,3,1647,买盘
2092,10:33:17,5.48,-0.01,330,180840,卖盘
2093,10:33:11,5.49,0.01,300,164700,买盘
2094,10:33:08,5.48,--,4,2192,卖盘
2095,10:33:05,5.48,--,65,35620,卖盘
2096,10:33:02,5.48,-0.01,5,2740,卖盘
2097,10:32:59,5.49,0.01,105,57645,买盘
2098,10:32:53,5.48,--,560,306880,卖盘
2099,10:32:50,5.48,--,110,60280,卖盘
2100,10:32:47,5.48,--,9,4932,卖盘
2101,10:32:44,5.48,-0.01,2,1096,卖盘
2102,10:32:41,5.49,--,10,5490,买盘
2103,10:32:38,5.49,--,54,29646,买盘
2104,10:32:35,5.49,0.01,259,142191,买盘
2105,10:32:32,5.48,--,17,9316,卖盘
2106,10:32:29,5.48,-0.01,10,5480,卖盘
2107,10:32:26,5.49,--,46,25254,买盘
2108,10:32:23,5.49,--,331,181719,买盘
2109,10:32:20,5.49,--,20,10980,买盘
2110,10:32:17,5.49,--,245,134505,买盘
2111,10:32:14,5.49,--,85,46665,买盘
2112,10:32:11,5.49,0.01,45,24705,买盘
2113,10:32:02,5.48,--,49,26852,买盘
2114,10:31:59,5.48,-0.01,963,527724,卖盘
2115,10:31:56,5.49,--,5,2745,买盘
2116,10:31:53,5.49,--,47,25803,买盘
2117,10:31:50,5.49,--,45,24705,买盘
2118,10:31:47,5.49,0.01,57,31293,买盘
2119,10:31:44,5.48,-0.01,29,15892,卖盘
2120,10:31:29,5.49,0.01,10,5490,买盘
2121,10:31:23,5.48,-0.01,5,2740,卖盘
2122,10:31:20,5.49,--,15,8235,买盘
2123,10:31:17,5.49,--,752,412848,买盘
2124,10:31:08,5.49,--,47,25803,买盘
2125,10:31:05,5.49,--,149,81801,买盘
2126,10:31:02,5.49,0.01,90,49410,买盘
2127,10:30:47,5.48,-0.01,29,15892,卖盘
2128,10:30:38,5.49,0.01,18,9882,买盘
2129,10:30:35,5.48,--,100,54800,卖盘
2130,10:30:32,5.48,--,15,8220,卖盘
2131,10:30:29,5.48,--,40,21920,卖盘
2132,10:30:26,5.48,0.01,122,66856,买盘
2133,10:30:23,5.47,-0.01,139,76033,卖盘
2134,10:30:17,5.48,0.01,58,31784,买盘
2135,10:30:14,5.47,-0.01,20,10940,卖盘
2136,10:30:11,5.48,--,161,88228,买盘
2137,10:30:05,5.48,0.01,545,298660,买盘
2138,10:29:59,5.47,--,55,30085,卖盘
2139,10:29:56,5.47,--,24,13128,卖盘
2140,10:29:53,5.47,--,100,54700,卖盘
2141,10:29:41,5.47,-0.01,10,5470,卖盘
2142,10:29:38,5.48,0.01,97,53156,买盘
2143,10:29:35,5.47,-0.01,67,36649,卖盘
2144,10:29:32,5.48,0.01,2,1096,买盘
2145,10:29:29,5.47,--,2,1094,卖盘
2146,10:29:26,5.47,-0.01,7,3829,卖盘
2147,10:29:23,5.48,0.01,211,115628,买盘
2148,10:29:20,5.47,-0.01,110,60170,卖盘
2149,10:29:14,5.48,0.01,10,5480,买盘
2150,10:29:08,5.47,--,203,111041,卖盘
2151,10:29:05,5.47,-0.01,1,547,卖盘
2152,10:29:02,5.48,0.01,13,7124,买盘
2153,10:28:56,5.47,--,290,158630,卖盘
2154,10:28:44,5.47,--,88,48136,卖盘
2155,10:28:38,5.47,--,381,208407,卖盘
2156,10:28:35,5.47,-0.01,74,40478,卖盘
2157,10:28:32,5.48,0.01,3,1644,买盘
2158,10:28:29,5.47,--,144,78768,卖盘
2159,10:28:26,5.47,-0.01,172,94084,卖盘
2160,10:28:23,5.48,0.01,40,21920,买盘
2161,10:28:20,5.47,--,106,57982,卖盘
2162,10:28:14,5.47,--,187,102289,卖盘
2163,10:28:11,5.47,-0.01,8,4376,卖盘
2164,10:28:05,5.48,--,35,19180,买盘
2165,10:28:02,5.48,0.01,69,37812,买盘
2166,10:27:56,5.47,-0.01,34,18598,卖盘
2167,10:27:53,5.48,0.01,20,10960,买盘
2168,10:27:50,5.47,--,319,174493,卖盘
2169,10:27:47,5.47,--,145,79315,卖盘
2170,10:27:44,5.47,-0.01,1,547,卖盘
2171,10:27:41,5.48,--,1,548,买盘
2172,10:27:38,5.48,--,4,2192,买盘
2173,10:27:35,5.48,0.01,45,24660,买盘
2174,10:27:32,5.47,-0.01,166,90802,卖盘
2175,10:27:26,5.48,--,9,4932,卖盘
2176,10:27:23,5.48,--,1050,575400,买盘
2177,10:27:20,5.48,--,59,32332,卖盘
2178,10:27:17,5.48,--,61,33428,卖盘
2179,10:27:11,5.48,--,40,21920,卖盘
2180,10:27:08,5.48,--,220,120560,卖盘
2181,10:27:02,5.48,--,5,2740,卖盘
2182,10:26:59,5.48,--,20,10960,卖盘
2183,10:26:53,5.48,--,508,278384,买盘
2184,10:26:50,5.48,--,11,6028,买盘
2185,10:26:44,5.48,--,309,169332,买盘
2186,10:26:41,5.48,--,194,106312,买盘
2187,10:26:38,5.48,--,2,1096,买盘
2188,10:26:35,5.48,--,40,21920,买盘
2189,10:26:32,5.48,0.01,180,98640,买盘
2190,10:26:29,5.47,-0.01,44,24068,卖盘
2191,10:26:26,5.48,--,52,28496,买盘
2192,10:26:20,5.48,0.01,107,58636,买盘
2193,10:26:14,5.47,-0.01,20,10940,卖盘
2194,10:26:11,5.48,--,74,40552,买盘
2195,10:26:08,5.48,--,3,1644,买盘
2196,10:26:05,5.48,0.01,32,17536,买盘
2197,10:26:02,5.47,-0.01,326,178322,卖盘
2198,10:25:56,5.48,--,4,2192,买盘
2199,10:25:50,5.48,--,374,204952,卖盘
2200,10:25:47,5.48,-0.01,305,167140,卖盘
2201,10:25:44,5.49,0.01,4,2196,买盘
2202,10:25:38,5.48,--,28,15344,卖盘
2203,10:25:35,5.48,--,62,33976,卖盘
2204,10:25:32,5.48,--,212,116176,卖盘
2205,10:25:26,5.48,--,141,77268,卖盘
2206,10:25:23,5.48,--,396,217008,卖盘
2207,10:25:10,5.48,-0.01,106,58088,卖盘
2208,10:25:07,5.49,--,282,154818,买盘
2209,10:25:01,5.49,--,41,22509,买盘
2210,10:24:58,5.49,0.01,7,3843,买盘
2211,10:24:55,5.48,-0.01,261,143028,买盘
2212,10:24:49,5.49,0.01,44,24156,买盘
2213,10:24:46,5.48,--,173,94804,卖盘
2214,10:24:43,5.48,--,50,27400,卖盘
2215,10:24:40,5.48,--,30,16440,卖盘
2216,10:24:37,5.48,0.01,150,82200,卖盘
2217,10:24:34,5.47,-0.01,1600,875200,卖盘
2218,10:24:31,5.48,--,37,20276,卖盘
2219,10:24:28,5.48,--,63,34524,卖盘
2220,10:24:25,5.48,--,9,4932,卖盘
2221,10:24:19,5.48,--,112,61376,卖盘
2222,10:24:16,5.48,--,1711,937628,买盘
2223,10:24:10,5.48,0.01,1,548,买盘
2224,10:24:07,5.47,-0.01,20,10940,卖盘
2225,10:24:04,5.48,--,15,8220,买盘
2226,10:24:01,5.48,--,35,19180,买盘
2227,10:23:55,5.48,--,98,53704,买盘
2228,10:23:52,5.48,--,3,1644,买盘
2229,10:23:49,5.48,--,325,178100,买盘
2230,10:23:46,5.48,0.01,19,10412,买盘
2231,10:23:40,5.47,--,1,547,卖盘
2232,10:23:37,5.47,-0.01,13,7111,卖盘
2233,10:23:31,5.48,0.01,16,8768,买盘
2234,10:23:25,5.47,-0.01,18,9846,卖盘
2235,10:23:22,5.48,0.01,7,3836,买盘
2236,10:23:19,5.47,--,1,547,卖盘
2237,10:23:16,5.47,--,12,6564,卖盘
2238,10:23:13,5.47,-0.01,474,259278,卖盘
2239,10:23:10,5.48,--,1,548,买盘
2240,10:23:07,5.48,--,9,4932,买盘
2241,10:23:04,5.48,--,30,16440,买盘
2242,10:23:01,5.48,--,5,2740,买盘
2243,10:22:58,5.48,--,62,33976,买盘
2244,10:22:55,5.48,--,1,548,买盘
2245,10:22:52,5.48,--,124,67952,买盘
2246,10:22:46,5.48,0.01,184,100832,买盘
2247,10:22:40,5.47,-0.01,105,57435,卖盘
2248,10:22:34,5.48,0.01,12,6576,买盘
2249,10:22:31,5.47,-0.01,300,164100,卖盘
2250,10:22:28,5.48,0.01,26,14248,买盘
2251,10:22:25,5.47,--,23,12581,卖盘
2252,10:22:19,5.47,--,88,48136,卖盘
2253,10:22:16,5.47,--,466,254902,买盘
2254,10:22:07,5.47,--,117,63999,卖盘
2255,10:21:58,5.47,-0.01,17,9299,卖盘
2256,10:21:52,5.48,0.01,49,26852,买盘
2257,10:21:49,5.47,-0.01,40,21880,卖盘
2258,10:21:46,5.48,--,3,1644,买盘
2259,10:21:40,5.48,0.01,20,10960,买盘
2260,10:21:34,5.47,--,392,214424,卖盘
2261,10:21:31,5.47,-0.01,15,8205,卖盘
2262,10:21:28,5.48,--,10,5480,买盘
2263,10:21:22,5.48,0.01,2,1096,买盘
2264,10:21:16,5.47,--,31,16957,卖盘
2265,10:21:13,5.47,-0.01,10,5470,卖盘
2266,10:21:10,5.48,0.01,29,15892,买盘
2267,10:21:04,5.47,--,31,16957,卖盘
2268,10:21:01,5.47,-0.01,414,226458,卖盘
2269,10:20:58,5.48,0.01,63,34524,买盘
2270,10:20:49,5.47,-0.01,103,56341,卖盘
2271,10:20:46,5.48,--,2,1096,买盘
2272,10:20:43,5.48,--,243,133164,买盘
2273,10:20:37,5.48,--,96,52608,买盘
2274,10:20:31,5.48,--,43,23564,买盘
2275,10:20:25,5.48,--,68,37264,买盘
2276,10:20:22,5.48,--,30,16440,买盘
2277,10:20:16,5.48,--,16,8768,买盘
2278,10:20:13,5.48,--,213,116724,卖盘
2279,10:20:10,5.48,--,20,10960,卖盘
2280,10:20:07,5.48,--,48,26304,卖盘
2281,10:20:04,5.48,--,141,77268,卖盘
2282,10:20:01,5.48,--,627,343596,买盘
2283,10:19:58,5.48,0.01,129,70692,买盘
2284,10:19:55,5.47,-0.01,20,10940,卖盘
2285,10:19:52,5.48,0.01,115,63020,买盘
2286,10:19:49,5.47,--,110,60170,卖盘
2287,10:19:43,5.47,-0.01,9,4923,卖盘
2288,10:19:40,5.48,--,48,26304,买盘
2289,10:19:37,5.48,--,1010,553480,买盘
2290,10:19:34,5.48,--,16,8768,买盘
2291,10:19:31,5.48,--,142,77816,买盘
2292,10:19:28,5.48,--,19,10412,买盘
2293,10:19:19,5.48,--,8,4384,买盘
2294,10:19:16,5.48,--,3,1644,买盘
2295,10:19:13,5.48,--,319,174812,卖盘
2296,10:19:10,5.48,-0.01,2,1096,卖盘
2297,10:19:07,5.49,--,10,5490,买盘
2298,10:19:04,5.49,0.01,52,28548,买盘
2299,10:19:01,5.48,--,109,59732,卖盘
2300,10:18:58,5.48,--,78,42744,卖盘
2301,10:18:55,5.48,-0.01,14,7672,卖盘
2302,10:18:52,5.49,--,1,549,买盘
2303,10:18:43,5.49,--,47,25803,卖盘
2304,10:18:40,5.49,--,3,1647,买盘
2305,10:18:37,5.49,--,110,60390,买盘
2306,10:18:34,5.49,--,153,83997,买盘
2307,10:18:31,5.49,--,419,230031,买盘
2308,10:18:25,5.49,--,5,2745,买盘
2309,10:18:22,5.49,0.01,148,81252,买盘
2310,10:18:19,5.48,-0.01,1,548,卖盘
2311,10:18:13,5.49,0.01,1003,550647,买盘
2312,10:18:10,5.48,-0.01,964,528272,中性盘
2313,10:18:04,5.49,0.02,26,14274,买盘
2314,10:18:01,5.47,--,9,4923,卖盘
2315,10:17:58,5.47,--,5,2735,卖盘
2316,10:17:55,5.47,--,28,15316,卖盘
2317,10:17:52,5.47,--,21,11487,卖盘
2318,10:17:49,5.47,--,3017,1650299,买盘
2319,10:17:46,5.47,--,3,1641,买盘
2320,10:17:43,5.47,--,22,12034,买盘
2321,10:17:40,5.47,-0.01,552,301944,卖盘
2322,10:17:37,5.48,0.01,100,54800,买盘
2323,10:17:34,5.47,-0.01,140,76580,卖盘
2324,10:17:31,5.48,0.01,56,30688,买盘
2325,10:17:28,5.47,-0.01,10,5470,卖盘
2326,10:17:25,5.48,0.01,10,5480,买盘
2327,10:17:22,5.47,-0.01,3,1641,卖盘
2328,10:17:19,5.48,--,96,52608,买盘
2329,10:17:16,5.48,--,6,3288,买盘
2330,10:17:13,5.48,--,7,3836,买盘
2331,10:17:10,5.48,--,13,7124,买盘
2332,10:17:04,5.48,--,1000,548000,买盘
2333,10:16:58,5.48,--,157,86036,买盘
2334,10:16:55,5.48,0.01,9,4932,买盘
2335,10:16:52,5.47,--,86,47042,卖盘
2336,10:16:49,5.47,-0.01,2,1094,卖盘
2337,10:16:46,5.48,0.01,67,36716,买盘
2338,10:16:43,5.47,--,123,67281,买盘
2339,10:16:40,5.47,-0.01,200,109400,卖盘
2340,10:16:37,5.48,--,643,352364,买盘
2341,10:16:31,5.48,--,34,18632,买盘
2342,10:16:25,5.48,0.01,4,2192,买盘
2343,10:16:22,5.47,--,10,5470,卖盘
2344,10:16:19,5.47,--,281,153707,卖盘
2345,10:16:13,5.47,--,20,10940,卖盘
2346,10:16:10,5.47,--,843,461121,卖盘
2347,10:16:07,5.47,--,71,38837,买盘
2348,10:16:04,5.47,--,84,45948,买盘
2349,10:15:58,5.47,0.01,164,89708,买盘
2350,10:15:55,5.46,-0.01,240,131040,卖盘
2351,10:15:52,5.47,--,148,80956,买盘
2352,10:15:46,5.47,--,327,178869,买盘
2353,10:15:43,5.47,--,104,56888,买盘
2354,10:15:37,5.47,--,501,274047,买盘
2355,10:15:31,5.47,0.01,18,9846,买盘
2356,10:15:28,5.46,-0.01,94,51324,卖盘
2357,10:15:25,5.47,--,358,195826,买盘
2358,10:15:22,5.47,--,13,7111,买盘
2359,10:15:16,5.47,--,112,61264,买盘
2360,10:15:13,5.47,--,101,55247,买盘
2361,10:15:10,5.47,0.01,26,14222,买盘
2362,10:15:07,5.46,-0.01,87,47502,卖盘
2363,10:15:04,5.47,--,201,109947,买盘
2364,10:15:01,5.47,--,5,2735,买盘
2365,10:14:58,5.47,--,936,511992,买盘
2366,10:14:49,5.47,--,84,45948,买盘
2367,10:14:43,5.47,--,163,89161,买盘
2368,10:14:34,5.47,--,17,9299,买盘
2369,10:14:31,5.47,--,14,7658,买盘
2370,10:14:28,5.47,--,300,164100,买盘
2371,10:14:25,5.47,0.01,33,18051,买盘
2372,10:14:13,5.46,--,9,4914,卖盘
2373,10:14:10,5.46,-0.01,15,8190,卖盘
2374,10:14:07,5.47,0.01,7,3829,买盘
2375,10:14:04,5.46,-0.01,18,9828,卖盘
2376,10:13:58,5.47,0.01,10,5470,买盘
2377,10:13:55,5.46,--,3,1638,卖盘
2378,10:13:52,5.46,-0.01,1,546,卖盘
2379,10:13:49,5.47,0.01,221,120887,买盘
2380,10:13:46,5.46,--,64,34944,卖盘
2381,10:13:37,5.46,--,303,165438,卖盘
2382,10:13:34,5.46,-0.01,24,13104,卖盘
2383,10:13:31,5.47,--,1,547,买盘
2384,10:13:25,5.47,--,2,1094,买盘
2385,10:13:07,5.47,0.01,49,26803,买盘
2386,10:13:01,5.46,--,72,39312,卖盘
2387,10:12:58,5.46,0.01,644,351624,买盘
2388,10:12:49,5.45,-0.01,14,7630,卖盘
2389,10:12:46,5.46,--,6,3276,买盘
2390,10:12:43,5.46,0.01,300,163800,买盘
2391,10:12:40,5.45,-0.01,113,61585,卖盘
2392,10:12:37,5.46,--,30,16380,买盘
2393,10:12:30,5.46,0.01,4,2184,买盘
2394,10:12:27,5.45,--,1,545,卖盘
2395,10:12:24,5.45,--,2,1090,卖盘
2396,10:12:21,5.45,-0.01,354,192930,卖盘
2397,10:12:18,5.46,--,83,45318,买盘
2398,10:12:15,5.46,--,20,10920,买盘
2399,10:12:09,5.46,0.01,139,75894,买盘
2400,10:12:03,5.45,--,38,20710,卖盘
2401,10:12:00,5.45,-0.01,638,347710,卖盘
2402,10:11:57,5.46,0.01,2,1092,买盘
2403,10:11:54,5.45,--,4,2180,卖盘
2404,10:11:51,5.45,--,3,1635,卖盘
2405,10:11:48,5.45,-0.01,1,545,卖盘
2406,10:11:45,5.46,0.01,10,5460,买盘
2407,10:11:42,5.45,-0.01,179,97555,卖盘
2408,10:11:39,5.46,--,3,1638,买盘
2409,10:11:36,5.46,0.01,36,19656,买盘
2410,10:11:30,5.45,-0.01,64,34880,卖盘
2411,10:11:27,5.46,0.01,88,48048,买盘
2412,10:11:21,5.45,--,1,545,卖盘
2413,10:11:18,5.45,--,1206,657270,卖盘
2414,10:11:12,5.45,-0.01,214,116630,卖盘
2415,10:11:03,5.46,--,33,18018,买盘
2416,10:11:00,5.46,--,41,22386,买盘
2417,10:10:57,5.46,--,20,10920,买盘
2418,10:10:54,5.46,--,132,72072,买盘
2419,10:10:51,5.46,--,22,12012,买盘
2420,10:10:48,5.46,--,3,1638,买盘
2421,10:10:45,5.46,--,205,111930,买盘
2422,10:10:39,5.46,0.01,23,12558,买盘
2423,10:10:36,5.45,--,94,51230,卖盘
2424,10:10:33,5.45,-0.01,8,4360,卖盘
2425,10:10:27,5.46,--,6,3276,买盘
2426,10:10:24,5.46,0.01,12,6552,买盘
2427,10:10:21,5.45,-0.01,2,1090,卖盘
2428,10:10:18,5.46,--,43,23478,买盘
2429,10:10:12,5.46,0.01,44,24024,买盘
2430,10:10:09,5.45,-0.01,104,56680,卖盘
2431,10:10:06,5.46,0.01,465,253890,买盘
2432,10:10:03,5.45,--,22,11990,卖盘
2433,10:10:00,5.45,--,20,10900,卖盘
2434,10:09:54,5.45,-0.01,194,105730,卖盘
2435,10:09:51,5.46,--,3,1638,买盘
2436,10:09:45,5.46,--,1613,880698,卖盘
2437,10:09:39,5.46,-0.01,11,6006,卖盘
2438,10:09:33,5.47,0.01,42,22974,买盘
2439,10:09:24,5.46,--,56,30576,卖盘
2440,10:09:21,5.46,-0.01,596,325416,卖盘
2441,10:09:18,5.47,--,35,19145,买盘
2442,10:09:15,5.47,--,605,330935,买盘
2443,10:09:06,5.47,0.01,17,9299,买盘
2444,10:09:00,5.46,-0.01,347,189462,卖盘
2445,10:08:57,5.47,0.01,60,32820,买盘
2446,10:08:54,5.46,-0.01,52,28392,卖盘
2447,10:08:51,5.47,--,79,43213,买盘
2448,10:08:45,5.47,--,102,55794,买盘
2449,10:08:42,5.47,0.01,10,5470,买盘
2450,10:08:39,5.46,-0.01,2,1092,卖盘
2451,10:08:33,5.47,0.01,151,82597,买盘
2452,10:08:30,5.46,-0.01,20,10920,卖盘
2453,10:08:27,5.47,--,41,22427,买盘
2454,10:08:24,5.47,--,604,330388,买盘
2455,10:08:21,5.47,--,144,78768,买盘
2456,10:08:18,5.47,--,41,22427,买盘
2457,10:08:15,5.47,-0.01,111,60717,买盘
2458,10:08:12,5.48,0.01,615,337020,买盘
2459,10:08:09,5.47,--,724,396028,卖盘
2460,10:08:06,5.47,-0.01,1,547,卖盘
2461,10:08:03,5.48,--,154,84392,买盘
2462,10:07:57,5.48,--,7,3836,买盘
2463,10:07:48,5.48,0.01,471,258108,买盘
2464,10:07:45,5.47,-0.01,184,100648,卖盘
2465,10:07:42,5.48,--,72,39456,买盘
2466,10:07:36,5.48,0.01,32,17536,买盘
2467,10:07:33,5.47,--,1553,849491,买盘
2468,10:07:30,5.47,--,227,124169,买盘
2469,10:07:27,5.47,--,64,35008,买盘
2470,10:07:21,5.47,--,1029,562863,买盘
2471,10:07:18,5.47,--,2,1094,买盘
2472,10:07:15,5.47,--,35,19145,买盘
2473,10:07:12,5.47,0.01,13,7111,买盘
2474,10:07:03,5.46,--,6,3276,卖盘
2475,10:07:00,5.46,0.01,4417,2411682,买盘
2476,10:06:57,5.45,0.01,490,267050,买盘
2477,10:06:54,5.44,-0.01,3,1632,卖盘
2478,10:06:48,5.45,--,10,5450,买盘
2479,10:06:45,5.45,--,2385,1299825,卖盘
2480,10:06:39,5.45,-0.01,25,13625,卖盘
2481,10:06:36,5.46,--,24,13104,买盘
2482,10:06:30,5.46,--,10,5460,买盘
2483,10:06:27,5.46,--,1,546,买盘
2484,10:06:24,5.46,--,107,58422,买盘
2485,10:06:21,5.46,0.01,17,9282,买盘
2486,10:06:18,5.45,-0.01,8,4360,卖盘
2487,10:06:12,5.46,--,150,81900,买盘
2488,10:06:09,5.46,0.01,121,66066,买盘
2489,10:06:06,5.45,-0.01,1032,562440,卖盘
2490,10:06:03,5.46,--,21,11466,买盘
2491,10:06:00,5.46,0.01,83,45318,买盘
2492,10:05:51,5.45,-0.01,1034,563530,卖盘
2493,10:05:45,5.46,--,3,1638,买盘
2494,10:05:39,5.46,--,15,8190,买盘
2495,10:05:36,5.46,--,50,27300,买盘
2496,10:05:33,5.46,--,50,27300,买盘
2497,10:05:30,5.46,--,32,17472,买盘
2498,10:05:27,5.46,0.01,20,10920,买盘
2499,10:05:21,5.45,-0.01,8,4360,卖盘
2500,10:05:15,5.46,0.01,47,25662,买盘
2501,10:05:09,5.45,-0.01,15,8175,卖盘
2502,10:05:03,5.46,--,529,288834,买盘
2503,10:04:57,5.46,0.01,10,5460,买盘
2504,10:04:51,5.45,--,20,10900,卖盘
2505,10:04:42,5.45,--,20,10900,卖盘
2506,10:04:39,5.45,-0.01,2,1090,卖盘
2507,10:04:36,5.46,0.01,57,31122,买盘
2508,10:04:30,5.45,--,69,37605,卖盘
2509,10:04:27,5.45,--,471,256695,卖盘
2510,10:04:21,5.45,--,72,39240,卖盘
2511,10:04:15,5.45,-0.01,18,9810,卖盘
2512,10:04:12,5.46,--,19,10374,买盘
2513,10:04:03,5.46,--,31,16926,买盘
2514,10:04:00,5.46,--,1015,554190,买盘
2515,10:03:57,5.46,0.01,60,32760,买盘
2516,10:03:51,5.45,-0.01,6,3270,卖盘
2517,10:03:45,5.46,--,59,32214,买盘
2518,10:03:42,5.46,--,37,20202,买盘
2519,10:03:39,5.46,--,8,4368,买盘
2520,10:03:36,5.46,--,19,10374,买盘
2521,10:03:30,5.46,--,39,21294,买盘
2522,10:03:24,5.46,--,61,33306,买盘
2523,10:03:18,5.46,0.01,53,28938,买盘
2524,10:03:15,5.45,-0.01,40,21800,卖盘
2525,10:03:12,5.46,--,544,297024,买盘
2526,10:03:09,5.46,0.01,3,1638,买盘
2527,10:03:06,5.45,-0.01,2,1090,卖盘
2528,10:03:03,5.46,0.01,10,5460,买盘
2529,10:02:57,5.45,--,79,43055,卖盘
2530,10:02:54,5.45,-0.01,5,2725,卖盘
2531,10:02:51,5.46,0.01,342,186732,买盘
2532,10:02:48,5.45,--,97,52865,买盘
2533,10:02:45,5.45,--,111,60495,卖盘
2534,10:02:42,5.45,--,75,40875,卖盘
2535,10:02:36,5.45,--,364,198380,买盘
2536,10:02:33,5.45,--,93,50685,买盘
2537,10:02:30,5.45,--,449,244705,买盘
2538,10:02:24,5.45,--,44,23980,买盘
2539,10:02:21,5.45,--,935,509575,买盘
2540,10:02:12,5.45,0.01,5,2725,买盘
2541,10:02:09,5.44,-0.01,20,10880,卖盘
2542,10:02:03,5.45,--,23,12535,买盘
2543,10:02:00,5.45,0.01,45,24525,买盘
2544,10:01:57,5.44,--,125,68000,卖盘
2545,10:01:51,5.44,--,364,198016,卖盘
2546,10:01:48,5.44,0.01,1111,604384,买盘
2547,10:01:45,5.43,-0.01,440,238920,卖盘
2548,10:01:42,5.44,--,519,282336,买盘
2549,10:01:33,5.44,--,229,124576,买盘
2550,10:01:30,5.44,0.01,17,9248,买盘
2551,10:01:27,5.43,-0.01,1,543,卖盘
2552,10:01:24,5.44,0.01,27,14688,买盘
2553,10:01:18,5.43,-0.01,23,12489,卖盘
2554,10:01:15,5.44,--,49,26656,买盘
2555,10:01:06,5.44,0.01,65,35360,买盘
2556,10:01:03,5.43,-0.01,1,543,卖盘
2557,10:01:00,5.44,--,3,1632,买盘
2558,10:00:57,5.44,--,110,59840,买盘
2559,10:00:54,5.44,--,248,134912,买盘
2560,10:00:51,5.44,0.01,72,39168,买盘
2561,10:00:48,5.43,-0.01,115,62445,卖盘
2562,10:00:42,5.44,0.01,50,27200,买盘
2563,10:00:39,5.43,--,59,32037,卖盘
2564,10:00:33,5.43,--,650,352950,买盘
2565,10:00:30,5.43,--,130,70590,买盘
2566,10:00:27,5.43,0.01,126,68418,买盘
2567,10:00:24,5.42,--,125,67750,卖盘
2568,10:00:21,5.42,-0.01,11,5962,卖盘
2569,10:00:18,5.43,--,601,326343,买盘
2570,10:00:15,5.43,0.01,10,5430,买盘
2571,10:00:12,5.42,--,3,1626,卖盘
2572,10:00:09,5.42,--,41,22222,卖盘
2573,10:00:06,5.42,-0.01,81,43902,卖盘
2574,09:59:57,5.43,0.01,115,62445,买盘
2575,09:59:54,5.42,--,26,14092,卖盘
2576,09:59:48,5.42,--,35,18970,卖盘
2577,09:59:45,5.42,--,204,110568,卖盘
2578,09:59:39,5.42,-0.01,176,95392,卖盘
2579,09:59:33,5.43,0.01,82,44526,买盘
2580,09:59:27,5.42,--,10,5420,卖盘
2581,09:59:24,5.42,-0.01,26,14092,卖盘
2582,09:59:21,5.43,0.01,5,2715,买盘
2583,09:59:18,5.42,--,20,10840,卖盘
2584,09:59:15,5.42,--,215,116530,卖盘
2585,09:59:12,5.42,--,1,542,卖盘
2586,09:59:06,5.42,--,3,1626,卖盘
2587,09:59:03,5.42,--,23,12466,卖盘
2588,09:58:57,5.42,--,24,13008,卖盘
2589,09:58:54,5.42,--,1,542,卖盘
2590,09:58:48,5.42,--,48,26016,卖盘
2591,09:58:39,5.42,--,2,1084,卖盘
2592,09:58:36,5.42,--,19,10298,卖盘
2593,09:58:33,5.42,--,2,1084,卖盘
2594,09:58:27,5.42,--,15,8130,卖盘
2595,09:58:24,5.42,-0.01,42,22764,卖盘
2596,09:58:18,5.43,0.01,30,16290,买盘
2597,09:58:12,5.42,--,3,1626,卖盘
2598,09:58:09,5.42,--,25,13550,卖盘
2599,09:58:06,5.42,--,10,5420,卖盘
2600,09:58:03,5.42,-0.01,1,542,卖盘
2601,09:57:57,5.43,--,2,1086,买盘
2602,09:57:54,5.43,--,9,4887,买盘
2603,09:57:48,5.43,0.01,8,4344,买盘
2604,09:57:45,5.42,--,50,27100,卖盘
2605,09:57:39,5.42,-0.01,6,3252,卖盘
2606,09:57:36,5.43,0.01,342,185706,买盘
2607,09:57:33,5.42,--,77,41734,卖盘
2608,09:57:30,5.42,-0.01,116,62872,中性盘
2609,09:57:15,5.43,0.01,60,32580,买盘
2610,09:57:12,5.42,-0.01,50,27100,卖盘
2611,09:57:09,5.43,0.01,17,9231,买盘
2612,09:57:06,5.42,--,10,5420,卖盘
2613,09:57:00,5.42,-0.01,342,185364,卖盘
2614,09:56:54,5.43,0.01,16,8688,买盘
2615,09:56:51,5.42,--,409,221678,卖盘
2616,09:56:48,5.42,--,114,61788,卖盘
2617,09:56:42,5.42,--,20,10840,卖盘
2618,09:56:39,5.42,--,384,208128,买盘
2619,09:56:33,5.42,0.01,10,5420,买盘
2620,09:56:30,5.41,--,8,4328,卖盘
2621,09:56:27,5.41,-0.01,23,12443,卖盘
2622,09:56:24,5.42,--,881,477502,买盘
2623,09:56:21,5.42,--,250,135500,买盘
2624,09:56:15,5.42,0.01,58,31436,买盘
2625,09:56:12,5.41,-0.01,74,40034,卖盘
2626,09:56:03,5.42,0.01,4,2168,买盘
2627,09:55:57,5.41,-0.01,54,29214,卖盘
2628,09:55:51,5.42,0.01,7,3794,买盘
2629,09:55:48,5.41,--,6,3246,卖盘
2630,09:55:45,5.41,--,20,10820,卖盘
2631,09:55:42,5.41,--,91,49231,卖盘
2632,09:55:39,5.41,--,20,10820,卖盘
2633,09:55:33,5.41,--,15,8115,卖盘
2634,09:55:30,5.41,-0.01,17,9197,卖盘
2635,09:55:24,5.42,--,6,3252,买盘
2636,09:55:21,5.42,--,5,2710,买盘
2637,09:55:18,5.42,--,4,2168,买盘
2638,09:55:12,5.42,--,5,2710,买盘
2639,09:55:09,5.42,0.01,1,542,买盘
2640,09:55:03,5.41,-0.01,21,11361,卖盘
2641,09:55:00,5.42,--,169,91598,卖盘
2642,09:54:57,5.42,--,84,45528,卖盘
2643,09:54:54,5.42,--,327,177234,卖盘
2644,09:54:51,5.42,--,323,175066,卖盘
2645,09:54:45,5.42,--,44,23848,卖盘
2646,09:54:42,5.42,--,110,59620,卖盘
2647,09:54:39,5.42,-0.01,45,24390,卖盘
2648,09:54:36,5.43,--,205,111315,买盘
2649,09:54:33,5.43,--,5,2715,买盘
2650,09:54:30,5.43,--,12,6516,买盘
2651,09:54:24,5.43,--,20,10860,买盘
2652,09:54:21,5.43,--,49,26607,卖盘
2653,09:54:15,5.43,--,581,315483,卖盘
2654,09:54:09,5.43,-0.01,165,89595,卖盘
2655,09:54:06,5.44,0.01,42,22848,买盘
2656,09:54:03,5.43,--,5,2715,卖盘
2657,09:54:00,5.43,--,225,122175,卖盘
2658,09:53:57,5.43,-0.01,394,213942,卖盘
2659,09:53:54,5.44,0.01,1,544,买盘
2660,09:53:51,5.43,--,62,33666,卖盘
2661,09:53:48,5.43,-0.01,70,38010,卖盘
2662,09:53:45,5.44,0.01,3,1632,买盘
2663,09:53:39,5.43,--,144,78192,卖盘
2664,09:53:33,5.43,--,30,16290,卖盘
2665,09:53:30,5.43,--,79,42897,卖盘
2666,09:53:27,5.43,-0.01,12,6516,卖盘
2667,09:53:24,5.44,0.01,97,52768,买盘
2668,09:53:21,5.43,--,1,543,卖盘
2669,09:53:18,5.43,--,25,13575,卖盘
2670,09:53:15,5.43,-0.01,26,14118,卖盘
2671,09:53:03,5.44,--,56,30464,买盘
2672,09:52:57,5.44,--,10,5440,买盘
2673,09:52:54,5.44,0.01,7,3808,买盘
2674,09:52:48,5.43,-0.01,29,15747,卖盘
2675,09:52:42,5.44,--,5,2720,买盘
2676,09:52:39,5.44,--,5,2720,买盘
2677,09:52:33,5.44,--,25,13600,买盘
2678,09:52:30,5.44,--,51,27744,买盘
2679,09:52:27,5.44,--,22,11968,买盘
2680,09:52:20,5.44,0.01,17,9248,买盘
2681,09:52:17,5.43,-0.01,25,13575,卖盘
2682,09:52:14,5.44,--,47,25568,买盘
2683,09:52:08,5.44,--,10,5440,买盘
2684,09:52:05,5.44,--,183,99552,买盘
2685,09:52:02,5.44,--,50,27200,买盘
2686,09:51:53,5.44,--,11,5984,买盘
2687,09:51:50,5.44,--,287,156128,卖盘
2688,09:51:44,5.44,--,20,10880,卖盘
2689,09:51:38,5.44,-0.01,1,544,卖盘
2690,09:51:35,5.45,0.01,75,40875,买盘
2691,09:51:29,5.44,--,12,6528,卖盘
2692,09:51:26,5.44,--,75,40800,卖盘
2693,09:51:23,5.44,--,800,435200,买盘
2694,09:51:20,5.44,--,20,10880,买盘
2695,09:51:17,5.44,0.01,8,4352,买盘
2696,09:51:14,5.43,--,6,3258,卖盘
2697,09:51:11,5.43,--,100,54300,卖盘
2698,09:51:08,5.43,--,3,1629,卖盘
2699,09:51:05,5.43,--,97,52671,卖盘
2700,09:51:02,5.43,--,31,16833,卖盘
2701,09:50:59,5.43,--,6,3258,卖盘
2702,09:50:44,5.43,--,171,92853,买盘
2703,09:50:41,5.43,--,6,3258,买盘
2704,09:50:38,5.43,--,7,3801,买盘
2705,09:50:32,5.43,--,84,45612,买盘
2706,09:50:14,5.43,--,46,24978,买盘
2707,09:50:11,5.43,--,15,8145,卖盘
2708,09:50:05,5.43,--,12,6516,卖盘
2709,09:49:59,5.43,--,134,72762,买盘
2710,09:49:56,5.43,--,31,16833,买盘
2711,09:49:53,5.43,--,3,1629,买盘
2712,09:49:50,5.43,--,5,2715,卖盘
2713,09:49:47,5.43,--,19,10317,买盘
2714,09:49:38,5.43,--,42,22806,买盘
2715,09:49:35,5.43,--,7,3801,买盘
2716,09:49:32,5.43,--,93,50499,买盘
2717,09:49:23,5.43,-0.01,39,21177,卖盘
2718,09:49:20,5.44,--,230,125120,买盘
2719,09:49:08,5.44,0.02,35,19040,买盘
2720,09:49:05,5.42,-0.01,59,31978,卖盘
2721,09:49:02,5.43,--,116,62988,卖盘
2722,09:48:56,5.43,--,57,30951,卖盘
2723,09:48:53,5.43,0.01,3,1629,中性盘
2724,09:48:47,5.42,0.01,5,2710,买盘
2725,09:48:44,5.41,-0.02,2053,1110721,卖盘
2726,09:48:41,5.43,--,7,3801,买盘
2727,09:48:38,5.43,--,2,1086,买盘
2728,09:48:35,5.43,0.02,21,11403,买盘
2729,09:48:20,5.41,--,646,349486,卖盘
2730,09:48:17,5.41,-0.01,18,9738,卖盘
2731,09:48:14,5.42,--,67,36314,买盘
2732,09:48:11,5.42,-0.01,288,156096,卖盘
2733,09:48:08,5.43,0.01,2,1086,买盘
2734,09:48:05,5.42,--,767,415714,买盘
2735,09:48:02,5.42,--,3,1626,买盘
2736,09:47:59,5.42,-0.01,411,222762,卖盘
2737,09:47:56,5.43,0.01,187,101541,买盘
2738,09:47:53,5.42,0.01,33,17886,卖盘
2739,09:47:47,5.41,--,2,1082,卖盘
2740,09:47:44,5.41,-0.01,57,30837,卖盘
2741,09:47:41,5.42,--,519,281298,卖盘
2742,09:47:38,5.42,-0.01,11,5962,卖盘
2743,09:47:32,5.43,--,3,1629,买盘
2744,09:47:29,5.43,--,4,2172,买盘
2745,09:47:23,5.43,-0.01,847,459921,卖盘
2746,09:47:17,5.44,--,92,50048,买盘
2747,09:47:14,5.44,0.01,5,2720,买盘
2748,09:47:11,5.43,-0.01,163,88509,卖盘
2749,09:47:08,5.44,--,231,125664,卖盘
2750,09:47:05,5.44,--,16,8704,卖盘
2751,09:47:02,5.44,--,81,44064,卖盘
2752,09:46:59,5.44,--,142,77248,卖盘
2753,09:46:56,5.44,-0.01,4,2176,卖盘
2754,09:46:47,5.45,0.01,25,13625,买盘
2755,09:46:44,5.44,--,4,2176,卖盘
2756,09:46:41,5.44,--,1,544,卖盘
2757,09:46:38,5.44,--,39,21216,买盘
2758,09:46:32,5.44,--,222,120768,买盘
2759,09:46:26,5.44,0.01,243,132192,买盘
2760,09:46:20,5.43,--,6,3258,卖盘
2761,09:46:11,5.43,-0.01,20,10860,卖盘
2762,09:46:05,5.44,0.01,24,13056,买盘
2763,09:46:02,5.43,--,25,13575,买盘
2764,09:45:59,5.43,--,29,15747,卖盘
2765,09:45:53,5.43,--,74,40182,卖盘
2766,09:45:50,5.43,-0.01,32,17376,卖盘
2767,09:45:47,5.44,--,7,3808,买盘
2768,09:45:44,5.44,--,4,2176,买盘
2769,09:45:41,5.44,0.02,16,8704,买盘
2770,09:45:32,5.42,-0.01,102,55284,卖盘
2771,09:45:29,5.43,--,1,543,卖盘
2772,09:45:23,5.43,--,1,543,卖盘
2773,09:45:20,5.43,0.01,171,92853,买盘
2774,09:45:11,5.42,--,8,4336,买盘
2775,09:45:05,5.42,--,108,58536,卖盘
2776,09:45:02,5.42,0.02,22,11924,买盘
2777,09:44:59,5.4,-0.02,27,14580,卖盘
2778,09:44:56,5.42,--,757,410294,买盘
2779,09:44:53,5.42,0.02,1000,542000,买盘
2780,09:44:50,5.4,--,11,5940,卖盘
2781,09:44:47,5.4,-0.01,2519,1360260,卖盘
2782,09:44:44,5.41,-0.01,11,5951,卖盘
2783,09:44:41,5.42,0.01,200,108400,买盘
2784,09:44:38,5.41,--,71,38411,卖盘
2785,09:44:35,5.41,-0.01,2,1082,卖盘
2786,09:44:32,5.42,0.01,101,54742,买盘
2787,09:44:29,5.41,--,55,29755,买盘
2788,09:44:26,5.41,0.01,16,8656,买盘
2789,09:44:23,5.4,-0.01,706,381240,卖盘
2790,09:44:20,5.41,--,186,100626,买盘
2791,09:44:17,5.41,--,149,80609,买盘
2792,09:44:14,5.41,--,97,52477,卖盘
2793,09:44:11,5.41,--,31,16771,买盘
2794,09:44:08,5.41,--,49,26509,卖盘
2795,09:43:59,5.41,--,11,5951,卖盘
2796,09:43:56,5.41,-0.01,50,27050,中性盘
2797,09:43:50,5.42,0.02,1167,632514,买盘
2798,09:43:47,5.4,--,94,50760,卖盘
2799,09:43:44,5.4,--,96,51840,卖盘
2800,09:43:41,5.4,-0.01,22,11880,卖盘
2801,09:43:38,5.41,--,165,89265,买盘
2802,09:43:35,5.41,--,575,311075,买盘
2803,09:43:32,5.41,0.01,104,56264,买盘
2804,09:43:26,5.4,--,98,52920,卖盘
2805,09:43:20,5.4,-0.01,12,6480,卖盘
2806,09:43:17,5.41,--,262,141742,买盘
2807,09:43:14,5.41,--,101,54641,买盘
2808,09:43:11,5.41,--,90,48690,买盘
2809,09:43:08,5.41,--,30,16230,买盘
2810,09:43:05,5.41,--,16,8656,买盘
2811,09:43:02,5.41,0.01,88,47608,中性盘
2812,09:42:59,5.4,-0.01,2000,1080000,卖盘
2813,09:42:56,5.41,-0.01,151,81691,卖盘
2814,09:42:50,5.42,--,50,27100,买盘
2815,09:42:41,5.42,--,135,73170,卖盘
2816,09:42:38,5.42,-0.01,184,99728,卖盘
2817,09:42:35,5.43,0.02,15,8145,买盘
2818,09:42:32,5.41,--,37,20017,卖盘
2819,09:42:29,5.41,-0.01,26,14066,卖盘
2820,09:42:26,5.42,0.01,106,57452,买盘
2821,09:42:20,5.41,--,24,12984,卖盘
2822,09:42:17,5.41,-0.01,17,9197,卖盘
2823,09:42:11,5.42,0.01,235,127370,买盘
2824,09:42:08,5.41,-0.01,20,10820,卖盘
2825,09:42:05,5.42,0.01,3,1626,买盘
2826,09:42:02,5.41,-0.01,27,14607,卖盘
2827,09:41:59,5.42,--,223,120866,买盘
2828,09:41:53,5.42,0.01,11,5962,买盘
2829,09:41:47,5.41,-0.01,112,60592,卖盘
2830,09:41:41,5.42,--,40,21680,买盘
2831,09:41:38,5.42,0.01,138,74796,买盘
2832,09:41:32,5.41,-0.01,277,149857,卖盘
2833,09:41:26,5.42,--,57,30894,买盘
2834,09:41:17,5.42,--,80,43360,买盘
2835,09:41:14,5.42,--,8,4336,买盘
2836,09:41:11,5.42,--,118,63956,买盘
2837,09:41:08,5.42,--,12,6504,买盘
2838,09:41:05,5.42,-0.01,53,28726,卖盘
2839,09:41:02,5.43,--,60,32580,买盘
2840,09:40:59,5.43,0.01,18,9774,买盘
2841,09:40:56,5.42,--,68,36856,卖盘
2842,09:40:53,5.42,--,25,13550,卖盘
2843,09:40:47,5.42,-0.01,183,99186,卖盘
2844,09:40:41,5.43,--,43,23349,买盘
2845,09:40:32,5.43,--,77,41811,买盘
2846,09:40:29,5.43,0.01,83,45069,买盘
2847,09:40:26,5.42,-0.01,10,5420,卖盘
2848,09:40:23,5.43,0.01,39,21177,买盘
2849,09:40:20,5.42,--,18,9756,卖盘
2850,09:40:17,5.42,--,247,133874,卖盘
2851,09:40:14,5.42,-0.01,106,57452,卖盘
2852,09:40:11,5.43,--,629,341547,买盘
2853,09:40:05,5.43,--,58,31494,买盘
2854,09:40:02,5.43,0.01,6,3258,买盘
2855,09:39:59,5.42,--,786,426012,卖盘
2856,09:39:53,5.42,0.01,37,20054,卖盘
2857,09:39:50,5.41,-0.01,1105,597805,卖盘
2858,09:39:47,5.42,-0.01,37,20054,卖盘
2859,09:39:44,5.43,--,2,1086,买盘
2860,09:39:41,5.43,--,15,8145,买盘
2861,09:39:38,5.43,0.01,100,54300,买盘
2862,09:39:35,5.42,--,30,16260,卖盘
2863,09:39:32,5.42,--,889,481838,卖盘
2864,09:39:23,5.42,--,23,12466,卖盘
2865,09:39:17,5.42,-0.01,33,17886,卖盘
2866,09:39:14,5.43,0.01,54,29322,买盘
2867,09:39:11,5.42,--,178,96476,卖盘
2868,09:39:08,5.42,-0.01,5,2710,卖盘
2869,09:39:05,5.43,0.01,20,10860,买盘
2870,09:38:59,5.42,-0.01,137,74254,卖盘
2871,09:38:56,5.43,0.01,210,114030,买盘
2872,09:38:53,5.42,--,1265,685630,卖盘
2873,09:38:50,5.42,--,168,91056,买盘
2874,09:38:47,5.42,--,133,72086,买盘
2875,09:38:44,5.42,--,41,22222,买盘
2876,09:38:41,5.42,--,110,59620,买盘
2877,09:38:38,5.42,--,150,81300,买盘
2878,09:38:35,5.42,--,614,332788,卖盘
2879,09:38:32,5.42,-0.01,216,117072,卖盘
2880,09:38:29,5.43,0.01,21,11403,买盘
2881,09:38:26,5.42,--,381,206502,卖盘
2882,09:38:23,5.42,--,5,2710,卖盘
2883,09:38:20,5.42,--,74,40108,卖盘
2884,09:38:14,5.42,--,151,81842,买盘
2885,09:38:11,5.42,--,181,98102,卖盘
2886,09:38:08,5.42,--,71,38482,卖盘
2887,09:38:05,5.42,--,69,37398,卖盘
2888,09:38:02,5.42,--,23,12466,卖盘
2889,09:37:59,5.42,0.01,45,24390,卖盘
2890,09:37:56,5.41,-0.01,176,95216,卖盘
2891,09:37:53,5.42,0.01,141,76422,买盘
2892,09:37:50,5.41,--,319,172579,卖盘
2893,09:37:47,5.41,--,3,1623,卖盘
2894,09:37:44,5.41,-0.01,247,133627,卖盘
2895,09:37:38,5.42,--,182,98644,买盘
2896,09:37:35,5.42,--,27,14634,买盘
2897,09:37:32,5.42,0.01,166,89972,买盘
2898,09:37:29,5.41,-0.01,2,1082,卖盘
2899,09:37:26,5.42,--,18,9756,卖盘
2900,09:37:23,5.42,0.01,15,8130,中性盘
2901,09:37:20,5.41,--,158,85478,卖盘
2902,09:37:17,5.41,--,268,144988,卖盘
2903,09:37:14,5.41,-0.01,1070,578870,卖盘
2904,09:37:08,5.42,0.01,428,231976,买盘
2905,09:37:05,5.41,--,57,30837,卖盘
2906,09:36:59,5.41,--,86,46526,卖盘
2907,09:36:56,5.41,--,39,21099,卖盘
2908,09:36:53,5.41,--,27,14607,卖盘
2909,09:36:47,5.41,--,985,532885,卖盘
2910,09:36:44,5.41,-0.01,175,94675,卖盘
2911,09:36:41,5.42,--,690,373980,买盘
2912,09:36:38,5.42,--,428,231976,买盘
