,time,price,change,volume,amount,type
0,15:00:22,31.0,0.08,12632,39159944,买盘
1,14:58:16,30.92,--,0,0,买盘
2,14:57:01,30.92,--,33,104880,卖盘
3,14:56:58,30.92,--,246,760879,卖盘
4,14:56:55,30.92,-0.01,26,83360,买盘
5,14:56:52,30.93,0.01,282,875195,买盘
6,14:56:49,30.92,0.01,126,389839,买盘
7,14:56:46,30.91,0.01,142,441889,中性盘
8,14:56:40,30.9,--,32,98880,卖盘
9,14:56:37,30.9,--,770,2379300,卖盘
10,14:56:34,30.9,0.04,2488,7689897,买盘
11,14:56:31,30.86,--,29,92333,卖盘
12,14:56:28,30.86,-0.01,59,182197,买盘
13,14:56:25,30.87,0.01,166,512442,买盘
14,14:56:22,30.86,-0.01,70,218982,卖盘
15,14:56:19,30.87,-0.01,346,1068348,卖盘
16,14:56:16,30.88,--,50,157364,买盘
17,14:56:13,30.88,0.02,29,89675,买盘
18,14:56:07,30.86,-0.02,285,882349,卖盘
19,14:56:01,30.88,--,141,435531,买盘
20,14:55:58,30.88,--,1037,3203120,卖盘
21,14:55:52,30.88,-0.02,300,929364,卖盘
22,14:55:49,30.9,0.02,22,67980,中性盘
23,14:55:46,30.88,--,1614,4986255,买盘
24,14:55:40,30.88,0.02,104,321152,买盘
25,14:55:37,30.86,--,327,1009245,卖盘
26,14:55:34,30.86,-0.02,55,169853,卖盘
27,14:55:28,30.88,--,276,855252,买盘
28,14:55:25,30.88,-0.02,96,299412,买盘
29,14:55:22,30.9,-0.05,770,2379547,卖盘
30,14:55:19,30.95,0.02,436,1352391,中性盘
31,14:55:16,30.93,0.05,1294,4002342,买盘
32,14:55:13,30.88,-0.1,2970,9171854,卖盘
33,14:55:10,30.98,0.05,1279,3964944,买盘
34,14:55:07,30.93,-0.02,180,559709,中性盘
35,14:55:01,30.95,0.01,946,2929355,买盘
36,14:54:58,30.94,-0.01,1436,4445211,中性盘
37,14:54:55,30.95,0.02,82,253790,买盘
38,14:54:52,30.93,0.01,2304,7128004,买盘
39,14:54:49,30.92,--,25,77423,买盘
40,14:54:46,30.92,-0.03,198,612216,卖盘
41,14:54:43,30.95,0.05,252,782911,买盘
42,14:54:40,30.9,-0.08,921,2848238,卖盘
43,14:54:37,30.98,0.03,103,319217,买盘
44,14:54:34,30.95,--,902,2793918,卖盘
45,14:54:31,30.95,-0.04,90,278550,中性盘
46,14:54:28,30.99,0.04,72,223128,买盘
47,14:54:25,30.95,-0.04,23,71308,卖盘
48,14:54:22,30.99,0.06,50,154950,买盘
49,14:54:19,30.93,-0.02,230,711390,卖盘
50,14:54:16,30.95,-0.04,80,247600,中性盘
51,14:54:13,30.99,--,78,241722,买盘
52,14:54:10,30.99,0.07,225,698638,买盘
53,14:54:07,30.92,-0.01,58,182304,卖盘
54,14:54:04,30.93,--,106,330827,买盘
55,14:53:55,30.93,-0.06,79,244470,卖盘
56,14:53:49,30.99,-0.01,238,739049,卖盘
57,14:53:46,31.0,0.01,76,235600,买盘
58,14:53:43,30.99,--,30,92970,买盘
59,14:53:40,30.99,--,97,301470,买盘
60,14:53:37,30.99,--,32,99168,买盘
61,14:53:34,30.99,--,28,86772,买盘
62,14:53:31,30.99,--,121,375102,买盘
63,14:53:28,30.99,-0.01,508,1574292,卖盘
64,14:53:25,31.0,-0.01,96,297600,卖盘
65,14:53:22,31.01,0.01,110,344086,中性盘
66,14:53:19,31.0,--,485,1503624,买盘
67,14:53:13,31.0,-0.01,156,483600,卖盘
68,14:53:10,31.01,0.01,310,964286,买盘
69,14:53:07,31.0,0.01,133,412424,买盘
70,14:53:04,30.99,--,64,201311,卖盘
71,14:53:01,30.99,-0.01,190,588810,卖盘
72,14:52:58,31.0,--,227,706056,买盘
73,14:52:55,31.0,0.1,651,2019712,买盘
74,14:52:52,30.9,-0.1,285,881020,卖盘
75,14:52:46,31.0,--,3131,9706224,买盘
76,14:52:43,31.0,0.03,1300,4032976,买盘
77,14:52:37,30.97,--,992,3072224,卖盘
78,14:52:34,30.97,0.02,99,306726,买盘
79,14:52:31,30.95,-0.05,178,550910,中性盘
80,14:52:28,31.0,0.04,10090,31279000,买盘
81,14:52:25,30.96,0.01,272,845084,买盘
82,14:52:22,30.95,-0.01,136,420920,买盘
83,14:52:19,30.96,0.01,1065,3297363,买盘
84,14:52:16,30.95,0.01,120,374371,卖盘
85,14:52:13,30.94,-0.01,315,975228,卖盘
86,14:52:10,30.95,--,133,414482,买盘
87,14:52:07,30.95,0.04,337,1043138,买盘
88,14:52:04,30.91,-0.04,538,1665925,卖盘
89,14:52:01,30.95,0.03,79,244628,买盘
90,14:51:58,30.92,--,136,423480,卖盘
91,14:51:55,30.92,-0.02,5,15583,卖盘
92,14:51:52,30.94,0.02,390,1209630,买盘
93,14:51:49,30.92,--,36,111312,卖盘
94,14:51:46,30.92,--,8,24736,卖盘
95,14:51:43,30.92,0.04,360,1113120,买盘
96,14:51:37,30.88,--,678,2093911,买盘
97,14:51:34,30.88,-0.03,200,617600,卖盘
98,14:51:31,30.91,0.01,193,599406,买盘
99,14:51:28,30.9,0.02,324,1001160,买盘
100,14:51:25,30.88,-0.02,892,2756472,卖盘
101,14:51:22,30.9,-0.01,150,466466,卖盘
102,14:51:19,30.91,0.01,151,466864,买盘
103,14:51:16,30.9,0.01,260,804883,买盘
104,14:51:13,30.89,--,1194,3691231,买盘
105,14:51:10,30.89,0.01,120,373151,买盘
106,14:51:07,30.88,--,187,577579,卖盘
107,14:51:04,30.88,--,12,40020,卖盘
108,14:51:01,30.88,0.05,6288,19417838,买盘
109,14:50:58,30.83,--,47,145024,卖盘
110,14:50:55,30.83,0.03,30,95449,中性盘
111,14:50:52,30.8,--,68,210672,卖盘
112,14:50:49,30.8,--,67,206483,卖盘
113,14:50:46,30.8,--,222,686716,买盘
114,14:50:43,30.8,0.04,139,428243,买盘
115,14:50:40,30.76,-0.04,628,1934680,中性盘
116,14:50:31,30.8,0.05,2104,6480320,买盘
117,14:50:25,30.75,--,624,1920768,买盘
118,14:50:19,30.75,--,104,322752,买盘
119,14:50:16,30.75,--,59,181548,买盘
120,14:50:13,30.75,--,732,2250900,买盘
121,14:50:07,30.75,0.01,366,1128402,买盘
122,14:50:01,30.74,0.01,891,2740778,买盘
123,14:49:55,30.73,--,142,436366,卖盘
124,14:49:52,30.73,0.01,22,70556,买盘
125,14:49:49,30.72,--,83,255098,卖盘
126,14:49:46,30.72,-0.01,106,325632,卖盘
127,14:49:40,30.73,--,413,1270992,卖盘
128,14:49:37,30.73,0.02,363,1116605,买盘
129,14:49:34,30.71,0.01,241,740233,卖盘
130,14:49:31,30.7,-0.02,460,1412200,卖盘
131,14:49:28,30.72,--,1398,4297605,买盘
132,14:49:22,30.72,0.01,408,1253376,买盘
133,14:49:19,30.71,0.01,610,1875029,买盘
134,14:49:16,30.7,-0.01,145,445272,卖盘
135,14:49:13,30.71,--,12,36852,买盘
136,14:49:10,30.71,0.01,52,162640,买盘
137,14:49:07,30.7,0.03,525,1612609,买盘
138,14:48:58,30.67,-0.01,243,746875,卖盘
139,14:48:55,30.68,-0.02,10,30680,中性盘
140,14:48:52,30.7,0.02,3034,9314380,买盘
141,14:48:49,30.68,--,10,30680,买盘
142,14:48:46,30.68,0.01,12,36816,买盘
143,14:48:43,30.67,0.01,156,478452,买盘
144,14:48:40,30.66,--,62,190092,卖盘
145,14:48:34,30.66,--,100,306600,卖盘
146,14:48:31,30.66,-0.02,95,293109,卖盘
147,14:48:28,30.68,--,72,220896,买盘
148,14:48:25,30.68,0.03,416,1276288,买盘
149,14:48:22,30.65,-0.01,64,199102,卖盘
150,14:48:19,30.66,-0.02,30,91980,买盘
151,14:48:16,30.68,0.02,473,1451286,买盘
152,14:48:10,30.66,--,106,326467,卖盘
153,14:48:07,30.66,--,26,82659,卖盘
154,14:48:04,30.66,--,115,353939,卖盘
155,14:48:01,30.66,-0.01,68,208488,卖盘
156,14:47:57,30.67,0.01,6,21346,买盘
157,14:47:54,30.66,0.01,149,457201,买盘
158,14:47:51,30.65,0.01,57,174827,买盘
159,14:47:48,30.64,-0.02,55,169868,卖盘
160,14:47:45,30.66,0.01,132,407655,买盘
161,14:47:42,30.65,--,74,226810,卖盘
162,14:47:39,30.65,-0.02,1,3187,卖盘
163,14:47:36,30.67,--,72,223768,买盘
164,14:47:33,30.67,--,88,271613,买盘
165,14:47:30,30.67,0.04,82,251494,买盘
166,14:47:27,30.63,-0.03,191,585155,卖盘
167,14:47:24,30.66,0.01,502,1540358,买盘
168,14:47:21,30.65,0.01,110,337150,买盘
169,14:47:18,30.64,0.01,10,30640,买盘
170,14:47:15,30.63,-0.02,30,91890,卖盘
171,14:47:12,30.65,--,64,196160,买盘
172,14:47:09,30.65,--,112,343280,买盘
173,14:47:03,30.65,-0.01,132,404580,卖盘
174,14:46:57,30.66,--,203,625218,买盘
175,14:46:54,30.66,--,140,432183,买盘
176,14:46:48,30.66,0.02,534,1637244,买盘
177,14:46:45,30.64,--,72,220853,卖盘
178,14:46:39,30.64,-0.01,4,12256,卖盘
179,14:46:36,30.65,--,132,406051,卖盘
180,14:46:33,30.65,--,173,530367,买盘
181,14:46:27,30.65,--,36,113282,买盘
182,14:46:24,30.65,--,1,3187,买盘
183,14:46:21,30.65,--,192,589951,买盘
184,14:46:18,30.65,0.02,10,30650,买盘
185,14:46:15,30.63,-0.03,98,300174,卖盘
186,14:46:12,30.66,0.01,65,199412,买盘
187,14:46:09,30.65,--,24,76502,卖盘
188,14:46:06,30.65,--,68,209646,卖盘
189,14:46:00,30.65,-0.01,136,417085,买盘
190,14:45:54,30.66,0.01,22,67452,买盘
191,14:45:51,30.65,-0.01,93,285167,卖盘
192,14:45:48,30.66,--,130,398580,买盘
193,14:45:45,30.66,--,10,33603,买盘
194,14:45:42,30.66,0.01,209,640916,买盘
195,14:45:39,30.65,-0.01,88,269720,卖盘
196,14:45:36,30.66,0.01,34,107187,买盘
197,14:45:33,30.65,-0.01,2,6130,中性盘
198,14:45:30,30.66,0.02,45,138092,买盘
199,14:45:27,30.64,-0.01,50,156141,中性盘
200,14:45:24,30.65,0.01,173,532574,买盘
201,14:45:21,30.64,-0.01,129,395378,卖盘
202,14:45:15,30.65,--,34,104210,买盘
203,14:45:12,30.65,0.02,141,434739,买盘
204,14:45:09,30.63,--,63,193091,卖盘
205,14:45:06,30.63,0.03,76,233033,中性盘
206,14:45:03,30.6,-0.04,22,69523,买盘
207,14:45:00,30.64,--,124,382877,买盘
208,14:44:57,30.64,0.07,49,150258,买盘
209,14:44:54,30.57,-0.03,98,302520,卖盘
210,14:44:51,30.6,0.03,22,67320,买盘
211,14:44:45,30.57,-0.01,7,21521,卖盘
212,14:44:42,30.58,0.02,136,418334,买盘
213,14:44:39,30.56,--,47,145221,卖盘
214,14:44:36,30.56,-0.01,221,675498,卖盘
215,14:44:30,30.57,--,174,531918,买盘
216,14:44:27,30.57,0.01,146,449256,买盘
217,14:44:24,30.56,-0.01,16,50118,卖盘
218,14:44:21,30.57,--,134,409638,买盘
219,14:44:18,30.57,--,11,33749,买盘
220,14:44:15,30.57,-0.08,347,1060901,卖盘
221,14:44:12,30.65,0.05,293,899638,买盘
222,14:44:09,30.6,-0.02,130,399268,卖盘
223,14:44:06,30.62,--,275,843642,卖盘
224,14:44:00,30.62,-0.02,60,186659,中性盘
225,14:43:54,30.64,0.02,82,251493,买盘
226,14:43:51,30.62,-0.01,169,520295,卖盘
227,14:43:48,30.63,0.01,18,55379,中性盘
228,14:43:45,30.62,-0.03,50,156039,卖盘
229,14:43:42,30.65,0.01,25,76747,买盘
230,14:43:36,30.64,0.02,6,21325,买盘
231,14:43:33,30.62,0.07,21,65649,买盘
232,14:43:30,30.55,-0.07,542,1656298,卖盘
233,14:43:27,30.62,0.02,61,189599,买盘
234,14:43:24,30.6,-0.05,645,1975536,卖盘
235,14:43:15,30.65,--,119,364857,买盘
236,14:43:12,30.65,-0.01,447,1370177,卖盘
237,14:43:09,30.66,-0.01,60,183960,卖盘
238,14:43:06,30.67,--,12,39748,买盘
239,14:43:03,30.67,0.01,128,392576,买盘
240,14:43:00,30.66,-0.01,48,148884,卖盘
241,14:42:54,30.67,--,59,181075,买盘
242,14:42:51,30.67,-0.01,73,226467,卖盘
243,14:42:48,30.68,0.01,51,156590,买盘
244,14:42:42,30.67,--,170,521635,卖盘
245,14:42:39,30.67,--,12,36804,卖盘
246,14:42:36,30.67,-0.01,114,351355,卖盘
247,14:42:27,30.68,--,24,73632,买盘
248,14:42:24,30.68,0.02,22,67496,买盘
249,14:42:21,30.66,--,138,424334,卖盘
250,14:42:18,30.66,-0.02,21,64508,卖盘
251,14:42:15,30.68,0.02,24,76577,买盘
252,14:42:12,30.66,-0.02,69,211676,卖盘
253,14:42:09,30.68,--,32,98176,买盘
254,14:42:03,30.68,--,98,303609,买盘
255,14:42:00,30.68,0.02,93,285446,买盘
256,14:41:57,30.66,-0.03,291,892328,卖盘
257,14:41:51,30.69,--,316,969804,买盘
258,14:41:48,30.69,0.01,10,30690,买盘
259,14:41:45,30.68,-0.01,115,352942,卖盘
260,14:41:42,30.69,0.01,68,211638,买盘
261,14:41:39,30.68,-0.01,761,2334870,卖盘
262,14:41:36,30.69,-0.01,34,107292,中性盘
263,14:41:33,30.7,0.02,94,288580,买盘
264,14:41:30,30.68,-0.02,90,276120,卖盘
265,14:41:27,30.7,--,209,641752,买盘
266,14:41:21,30.7,0.01,110,337700,买盘
267,14:41:18,30.69,--,26,81021,买盘
268,14:41:15,30.69,0.01,2,9084,买盘
269,14:41:12,30.68,--,147,451118,卖盘
270,14:41:09,30.68,-0.01,206,632008,卖盘
271,14:41:06,30.69,0.01,8,27498,中性盘
272,14:41:03,30.68,-0.02,52,161254,卖盘
273,14:41:00,30.7,--,58,178060,买盘
274,14:40:57,30.7,--,267,819812,买盘
275,14:40:51,30.7,--,64,199427,买盘
276,14:40:48,30.7,0.01,2,6140,买盘
277,14:40:45,30.69,--,216,662904,卖盘
278,14:40:42,30.69,0.01,52,159588,中性盘
279,14:40:39,30.68,--,22,67496,卖盘
280,14:40:36,30.68,-0.01,169,518614,卖盘
281,14:40:33,30.69,0.01,54,167444,买盘
282,14:40:30,30.68,--,51,157572,卖盘
283,14:40:27,30.68,-0.02,75,230222,卖盘
284,14:40:24,30.7,0.02,300,921000,买盘
285,14:40:21,30.68,-0.01,76,236113,买盘
286,14:40:18,30.69,--,16,49104,买盘
287,14:40:12,30.69,0.01,130,398970,买盘
288,14:40:09,30.68,0.01,30,92040,买盘
289,14:40:06,30.67,-0.01,7,23309,卖盘
290,14:40:03,30.68,-0.01,42,131801,中性盘
291,14:40:00,30.69,0.01,136,417384,买盘
292,14:39:57,30.68,0.01,102,312936,买盘
293,14:39:54,30.67,-0.01,218,671059,卖盘
294,14:39:51,30.68,--,44,134992,卖盘
295,14:39:48,30.68,-0.01,30,92040,卖盘
296,14:39:45,30.69,--,15,46157,买盘
297,14:39:39,30.69,0.01,72,223914,买盘
298,14:39:36,30.68,--,11,35588,买盘
299,14:39:33,30.68,0.01,32,101121,买盘
300,14:39:30,30.67,-0.01,53,162673,卖盘
301,14:39:27,30.68,--,100,309008,卖盘
302,14:39:24,30.68,--,16,50315,卖盘
303,14:39:21,30.68,--,19,58414,卖盘
304,14:39:15,30.68,--,102,315881,卖盘
305,14:39:12,30.68,0.01,155,478117,买盘
306,14:39:09,30.67,-0.01,7,23309,卖盘
307,14:39:03,30.68,--,80,245440,买盘
308,14:39:00,30.68,--,24,76577,买盘
309,14:38:57,30.68,0.01,9,27734,买盘
310,14:38:51,30.67,-0.01,24,73608,卖盘
311,14:38:48,30.68,--,11,34607,卖盘
312,14:38:45,30.68,--,138,423384,卖盘
313,14:38:42,30.68,--,4,12272,卖盘
314,14:38:39,30.68,0.01,169,520578,买盘
315,14:38:36,30.67,--,42,130531,卖盘
316,14:38:33,30.67,--,71,219106,卖盘
317,14:38:27,30.67,0.02,26,79742,买盘
318,14:38:24,30.65,-0.02,6,21332,卖盘
319,14:38:21,30.67,0.02,7,21591,中性盘
320,14:38:18,30.65,-0.01,114,352352,卖盘
321,14:38:12,30.66,--,14,44640,买盘
322,14:38:09,30.66,0.01,17,52244,买盘
323,14:38:06,30.65,-0.01,8,24520,卖盘
324,14:38:03,30.66,--,30,94923,买盘
325,14:38:00,30.66,--,8,24528,买盘
326,14:37:54,30.66,--,112,343392,买盘
327,14:37:51,30.66,-0.01,122,375768,卖盘
328,14:37:48,30.67,-0.01,16,49072,卖盘
329,14:37:42,30.68,0.02,11,33870,买盘
330,14:37:39,30.66,-0.03,110,338976,卖盘
331,14:37:36,30.69,0.02,208,638352,买盘
332,14:37:33,30.67,0.01,8,25762,买盘
333,14:37:30,30.66,--,24,73584,卖盘
334,14:37:27,30.66,-0.02,5,15452,卖盘
335,14:37:24,30.68,--,82,254521,买盘
336,14:37:21,30.68,0.01,50,156345,买盘
337,14:37:18,30.67,--,11,34105,买盘
338,14:37:15,30.67,-0.01,7,24290,卖盘
339,14:37:12,30.68,--,140,432465,买盘
340,14:37:09,30.68,--,35,107502,买盘
341,14:37:06,30.68,--,80,248385,买盘
342,14:37:03,30.68,--,136,417248,卖盘
343,14:37:00,30.68,--,32,98176,卖盘
344,14:36:57,30.68,-0.01,83,254766,卖盘
345,14:36:54,30.69,0.01,75,230297,买盘
346,14:36:51,30.68,-0.01,24,73632,卖盘
347,14:36:45,30.69,0.01,21,67026,买盘
348,14:36:42,30.68,-0.01,2,6136,卖盘
349,14:36:39,30.69,0.01,8,27498,买盘
350,14:36:36,30.68,--,47,144318,卖盘
351,14:36:33,30.68,-0.01,30,92040,卖盘
352,14:36:30,30.69,0.01,62,190278,买盘
353,14:36:24,30.68,--,18,56451,卖盘
354,14:36:21,30.68,0.01,148,454064,买盘
355,14:36:18,30.67,--,20,61340,卖盘
356,14:36:15,30.67,-0.01,0,2944,卖盘
357,14:36:09,30.68,0.01,26,79768,买盘
358,14:36:03,30.67,--,16,49072,卖盘
359,14:36:00,30.67,-0.01,19,58395,卖盘
360,14:35:57,30.68,-0.01,120,368160,卖盘
361,14:35:51,30.69,--,24,76602,卖盘
362,14:35:45,30.69,-0.01,50,153450,卖盘
363,14:35:42,30.7,0.01,20,61400,买盘
364,14:35:36,30.69,-0.01,18,55242,卖盘
365,14:35:33,30.7,--,102,313140,买盘
366,14:35:30,30.7,0.01,115,353172,买盘
367,14:35:27,30.69,--,6,21360,卖盘
368,14:35:24,30.69,-0.01,20,63344,卖盘
369,14:35:21,30.7,--,6,18420,卖盘
370,14:35:18,30.7,--,174,534180,卖盘
371,14:35:15,30.7,--,236,727467,卖盘
372,14:35:12,30.7,--,16,49120,卖盘
373,14:35:09,30.7,--,57,175112,卖盘
374,14:35:06,30.7,--,20,61400,卖盘
375,14:35:03,30.7,-0.01,110,340647,卖盘
376,14:35:00,30.71,--,34,104414,买盘
377,14:34:57,30.71,--,346,1062566,买盘
378,14:34:54,30.71,0.01,179,549831,买盘
379,14:34:51,30.7,--,238,733607,卖盘
380,14:34:45,30.7,-0.01,33,101432,卖盘
381,14:34:42,30.71,0.01,156,479076,买盘
382,14:34:39,30.7,--,256,788867,卖盘
383,14:34:36,30.7,--,20,61400,卖盘
384,14:34:30,30.7,--,45,139500,卖盘
385,14:34:27,30.7,--,174,534180,卖盘
386,14:34:24,30.7,--,12,36840,卖盘
387,14:34:21,30.7,--,10,30700,卖盘
388,14:34:18,30.7,0.01,344,1059027,买盘
389,14:34:12,30.69,-0.01,121,371471,卖盘
390,14:34:09,30.7,0.01,2,9087,买盘
391,14:34:06,30.69,-0.01,54,165726,卖盘
392,14:34:03,30.7,0.01,260,798200,买盘
393,14:34:00,30.69,-0.01,67,205745,卖盘
394,14:33:57,30.7,0.01,162,497340,买盘
395,14:33:54,30.69,-0.01,20,61380,卖盘
396,14:33:51,30.7,--,6,21367,买盘
397,14:33:48,30.7,--,86,264020,买盘
398,14:33:45,30.7,--,86,264020,买盘
399,14:33:39,30.7,--,21,64592,买盘
400,14:33:36,30.7,--,110,337700,卖盘
401,14:33:33,30.7,--,33,102415,卖盘
402,14:33:30,30.7,--,25,76872,卖盘
403,14:33:27,30.7,--,218,669260,买盘
404,14:33:21,30.7,--,8,27507,买盘
405,14:33:18,30.7,-0.01,67,208514,卖盘
406,14:33:15,30.71,--,376,1154696,买盘
407,14:33:12,30.71,-0.01,10,30710,中性盘
408,14:33:09,30.72,--,25,76922,买盘
409,14:33:06,30.72,0.02,76,236421,买盘
410,14:33:03,30.7,-0.02,24,73680,卖盘
411,14:33:00,30.72,0.02,36,110592,买盘
412,14:32:51,30.7,-0.02,48,147360,卖盘
413,14:32:48,30.72,0.01,112,344064,买盘
414,14:32:45,30.71,0.01,66,202686,买盘
415,14:32:39,30.7,--,5,15472,卖盘
416,14:32:36,30.7,-0.02,40,125747,卖盘
417,14:32:33,30.72,--,35,108625,买盘
418,14:32:30,30.72,0.01,7,21626,买盘
419,14:32:27,30.71,0.01,127,392105,买盘
420,14:32:24,30.7,--,5,15472,买盘
421,14:32:21,30.7,0.01,2,9087,买盘
422,14:32:18,30.69,-0.01,8,24552,卖盘
423,14:32:12,30.7,--,217,667049,卖盘
424,14:32:06,30.7,--,4,12280,卖盘
425,14:32:03,30.7,--,141,432992,卖盘
426,14:32:00,30.7,--,74,227180,卖盘
427,14:31:57,30.7,-0.01,88,270160,卖盘
428,14:31:54,30.71,0.01,63,193595,买盘
429,14:31:51,30.7,--,709,2178717,买盘
430,14:31:45,30.7,--,24,76627,买盘
431,14:31:42,30.7,--,10,30700,买盘
432,14:31:39,30.7,--,35,108800,买盘
433,14:31:36,30.7,0.02,4,15227,买盘
434,14:31:33,30.68,--,11,33870,卖盘
435,14:31:30,30.68,-0.02,32,98176,卖盘
436,14:31:24,30.7,0.02,26,82767,买盘
437,14:31:21,30.68,--,43,132046,卖盘
438,14:31:18,30.68,-0.02,98,300664,中性盘
439,14:31:15,30.7,0.02,26,79820,买盘
440,14:31:12,30.68,--,40,125665,卖盘
441,14:31:09,30.68,-0.02,9,27734,中性盘
442,14:31:03,30.7,--,156,481867,买盘
443,14:30:57,30.7,0.03,14,42980,买盘
444,14:30:54,30.67,-0.02,109,334425,卖盘
445,14:30:51,30.69,0.01,26,82740,买盘
446,14:30:48,30.68,-0.01,2,6136,中性盘
447,14:30:45,30.69,0.02,7,21605,买盘
448,14:30:39,30.67,-0.01,131,402881,卖盘
449,14:30:36,30.68,0.01,3,9326,中性盘
450,14:30:30,30.67,-0.02,24,76552,卖盘
451,14:30:24,30.69,0.01,17,52295,买盘
452,14:30:18,30.68,0.01,6,18408,中性盘
453,14:30:15,30.67,-0.02,34,107222,卖盘
454,14:30:09,30.69,--,4,12276,卖盘
455,14:30:06,30.69,-0.01,66,202554,中性盘
456,14:30:03,30.7,--,124,381662,买盘
457,14:30:00,30.7,0.01,157,482112,买盘
458,14:29:54,30.69,-0.01,5,18168,卖盘
459,14:29:51,30.7,--,1,3192,买盘
460,14:29:48,30.7,--,65,199672,买盘
461,14:29:45,30.7,0.02,0,2947,买盘
462,14:29:42,30.68,-0.02,7,22580,卖盘
463,14:29:39,30.7,0.02,29,89152,买盘
464,14:29:36,30.68,-0.04,171,526223,卖盘
465,14:29:30,30.72,0.04,119,365690,买盘
466,14:29:27,30.68,-0.02,112,345334,卖盘
467,14:29:24,30.7,--,6,18420,买盘
468,14:29:21,30.7,0.01,170,522391,买盘
469,14:29:18,30.69,--,1,3191,买盘
470,14:29:15,30.69,-0.01,108,334398,卖盘
471,14:29:12,30.7,-0.02,57,176832,买盘
472,14:29:09,30.72,0.01,10,33669,买盘
473,14:29:06,30.71,0.01,21,64613,买盘
474,14:29:03,30.7,--,38,117396,卖盘
475,14:29:00,30.7,--,21,66803,买盘
476,14:28:57,30.7,--,150,463447,买盘
477,14:28:54,30.7,0.01,21,64592,买盘
478,14:28:51,30.69,-0.01,16,50331,卖盘
479,14:28:42,30.7,--,18,58207,买盘
480,14:28:39,30.7,0.01,6,18420,买盘
481,14:28:33,30.69,--,66,202554,卖盘
482,14:28:30,30.69,-0.01,22,67518,卖盘
483,14:28:27,30.7,-0.02,65,200409,卖盘
484,14:28:24,30.72,-0.01,2,6144,中性盘
485,14:28:21,30.73,0.03,146,451362,买盘
486,14:28:18,30.7,-0.02,23,70732,卖盘
487,14:28:15,30.72,0.01,268,823296,买盘
488,14:28:12,30.71,--,2,6142,卖盘
489,14:28:09,30.71,0.01,94,291622,买盘
490,14:28:03,30.7,-0.02,21,64592,卖盘
491,14:28:00,30.72,--,172,530104,买盘
492,14:27:54,30.72,--,38,116736,买盘
493,14:27:51,30.72,0.01,144,442368,买盘
494,14:27:48,30.71,--,5,15477,卖盘
495,14:27:45,30.71,--,126,386946,卖盘
496,14:27:39,30.71,-0.01,18,56506,卖盘
497,14:27:36,30.72,--,38,116736,买盘
498,14:27:33,30.72,0.01,2,9093,买盘
499,14:27:30,30.71,-0.01,75,230447,卖盘
500,14:27:27,30.72,--,146,451461,买盘
501,14:27:21,30.72,--,40,122880,买盘
502,14:27:18,30.72,--,83,255098,卖盘
503,14:27:15,30.72,-0.02,4,12288,卖盘
504,14:27:12,30.74,--,38,116812,买盘
505,14:27:09,30.74,--,8,24592,买盘
506,14:27:06,30.74,0.03,6,18444,买盘
507,14:27:03,30.71,-0.01,98,300958,卖盘
508,14:26:59,30.72,-0.02,24,76677,卖盘
509,14:26:56,30.74,--,11,35658,卖盘
510,14:26:53,30.74,--,11,35166,买盘
511,14:26:50,30.74,--,2,9099,买盘
512,14:26:47,30.74,-0.02,3,9344,中性盘
513,14:26:44,30.76,0.01,86,264536,买盘
514,14:26:41,30.75,0.01,102,316602,买盘
515,14:26:38,30.74,-0.01,18,55332,卖盘
516,14:26:35,30.75,0.04,12,36900,买盘
517,14:26:29,30.71,-0.03,95,291867,卖盘
518,14:26:23,30.74,0.02,4,12296,中性盘
519,14:26:20,30.72,-0.03,4,15237,中性盘
520,14:26:17,30.75,0.01,49,150798,买盘
521,14:26:14,30.74,0.03,80,245920,买盘
522,14:26:11,30.71,--,33,103185,卖盘
523,14:26:08,30.71,-0.01,14,42994,卖盘
524,14:26:05,30.72,-0.01,2,6144,买盘
525,14:26:02,30.73,--,10,30730,买盘
526,14:25:59,30.73,-0.01,22,70556,中性盘
527,14:25:53,30.74,0.04,39,121238,买盘
528,14:25:50,30.7,-0.03,210,644700,卖盘
529,14:25:47,30.73,0.02,42,132016,买盘
530,14:25:44,30.71,-0.01,15,46187,卖盘
531,14:25:41,30.72,--,14,43008,卖盘
532,14:25:35,30.72,-0.03,76,235683,卖盘
533,14:25:32,30.75,--,78,240588,买盘
534,14:25:29,30.75,0.04,216,664200,买盘
535,14:25:26,30.71,--,3,9335,卖盘
536,14:25:17,30.71,-0.01,4,15232,卖盘
537,14:25:14,30.72,-0.02,137,420986,卖盘
538,14:25:11,30.74,--,2,6148,买盘
539,14:25:08,30.74,0.01,32,98368,买盘
540,14:25:05,30.73,0.03,4,12292,买盘
541,14:25:02,30.7,--,2,6140,卖盘
542,14:24:59,30.7,-0.03,298,914860,卖盘
543,14:24:53,30.73,0.03,22,70556,买盘
544,14:24:50,30.7,--,120,371101,买盘
545,14:24:47,30.7,-0.03,108,333279,卖盘
546,14:24:41,30.73,0.03,134,414732,中性盘
547,14:24:35,30.7,-0.05,96,296439,卖盘
548,14:24:32,30.75,0.05,40,123000,买盘
549,14:24:26,30.7,--,27,83012,卖盘
550,14:24:23,30.7,-0.04,2,9087,卖盘
551,14:24:20,30.74,0.04,73,227230,买盘
552,14:24:17,30.7,--,1521,4672294,卖盘
553,14:24:11,30.7,--,111,340892,卖盘
554,14:24:08,30.7,--,30,92100,卖盘
555,14:24:02,30.7,--,36,110520,卖盘
556,14:23:59,30.7,--,94,291527,卖盘
557,14:23:56,30.7,--,241,739992,买盘
558,14:23:53,30.7,--,320,982400,买盘
559,14:23:50,30.7,0.01,114,351208,买盘
560,14:23:47,30.69,-0.01,8,24552,卖盘
561,14:23:44,30.7,0.01,14,42980,买盘
562,14:23:41,30.69,-0.04,14,42966,卖盘
563,14:23:35,30.73,0.04,58,181184,买盘
564,14:23:32,30.69,-0.03,30,92315,卖盘
565,14:23:29,30.72,0.02,102,316293,买盘
566,14:23:26,30.7,--,25,76872,买盘
567,14:23:23,30.7,--,41,128694,买盘
568,14:23:17,30.7,-0.03,190,585756,卖盘
569,14:23:14,30.73,0.02,94,291812,买盘
570,14:23:11,30.71,-0.02,66,202686,中性盘
571,14:23:02,30.73,0.03,193,593211,买盘
572,14:22:59,30.7,--,238,733607,卖盘
573,14:22:53,30.7,-0.01,51,157920,卖盘
574,14:22:50,30.71,0.01,2,9090,买盘
575,14:22:47,30.7,--,81,248792,卖盘
576,14:22:44,30.7,-0.01,148,457307,卖盘
577,14:22:41,30.71,0.01,43,132175,买盘
578,14:22:38,30.7,--,12,39787,卖盘
579,14:22:35,30.7,--,51,156692,卖盘
580,14:22:32,30.7,--,178,546460,卖盘
581,14:22:26,30.7,-0.01,30,92100,卖盘
582,14:22:23,30.71,0.01,2,9090,买盘
583,14:22:20,30.7,--,52,162341,卖盘
584,14:22:17,30.7,0.01,144,442080,中性盘
585,14:22:14,30.69,-0.01,104,319176,卖盘
586,14:22:11,30.7,--,272,836022,买盘
587,14:22:08,30.7,0.01,16,49120,买盘
588,14:22:05,30.69,-0.01,85,260987,卖盘
589,14:21:59,30.7,--,13,40032,买盘
590,14:21:53,30.7,0.01,20,64347,买盘
591,14:21:50,30.69,-0.01,21,65799,卖盘
592,14:21:47,30.7,0.01,8,24560,买盘
593,14:21:41,30.69,-0.01,5,18168,卖盘
594,14:21:38,30.7,--,18,55505,买盘
595,14:21:35,30.7,--,104,322227,买盘
596,14:21:32,30.7,--,184,566844,卖盘
597,14:21:29,30.7,-0.01,22,67540,卖盘
598,14:21:26,30.71,0.01,76,233396,中性盘
599,14:21:23,30.7,-0.01,18,55260,卖盘
600,14:21:20,30.71,--,46,141266,买盘
601,14:21:17,30.71,0.01,38,119400,买盘
602,14:21:11,30.7,--,36,110520,卖盘
603,14:21:08,30.7,--,4,15227,卖盘
604,14:21:02,30.7,-0.04,20,61400,卖盘
605,14:20:59,30.74,--,72,221328,卖盘
606,14:20:56,30.74,0.03,109,335188,买盘
607,14:20:53,30.71,--,52,162640,中性盘
608,14:20:50,30.71,-0.03,10,30710,卖盘
609,14:20:44,30.74,0.03,89,273708,买盘
610,14:20:41,30.71,-0.04,58,178118,中性盘
611,14:20:35,30.75,0.01,132,405900,买盘
612,14:20:32,30.74,0.02,4,12296,买盘
613,14:20:29,30.72,-0.01,196,602112,卖盘
614,14:20:26,30.73,0.02,2,9096,买盘
615,14:20:23,30.71,-0.02,5,15477,卖盘
616,14:20:20,30.73,--,2,6146,买盘
617,14:20:17,30.73,0.02,20,61460,买盘
618,14:20:14,30.71,-0.02,72,224060,卖盘
619,14:20:11,30.73,-0.01,106,325738,中性盘
620,14:20:08,30.74,0.01,61,187636,买盘
621,14:20:05,30.73,0.03,20,61460,买盘
622,14:20:02,30.7,-0.03,34,107327,卖盘
623,14:19:56,30.73,0.03,86,264278,买盘
624,14:19:53,30.7,--,55,168972,卖盘
625,14:19:50,30.7,--,273,839460,买盘
626,14:19:47,30.7,0.01,1,3192,买盘
627,14:19:44,30.69,-0.01,210,647436,卖盘
628,14:19:41,30.7,--,8,24560,买盘
629,14:19:35,30.7,--,549,1685798,买盘
630,14:19:32,30.7,0.01,110,340647,买盘
631,14:19:29,30.69,--,19,58433,卖盘
632,14:19:26,30.69,-0.01,34,104346,卖盘
633,14:19:23,30.7,0.01,86,266967,买盘
634,14:19:17,30.69,--,47,146820,卖盘
635,14:19:14,30.69,--,34,104346,卖盘
636,14:19:11,30.69,--,39,119813,卖盘
637,14:19:05,30.69,--,10,33636,卖盘
638,14:19:02,30.69,--,341,1046651,买盘
639,14:18:59,30.69,--,86,263934,买盘
640,14:18:56,30.69,--,24,73656,买盘
641,14:18:53,30.69,--,110,340536,买盘
642,14:18:50,30.69,--,34,104346,买盘
643,14:18:47,30.69,0.01,37,113675,买盘
644,14:18:44,30.68,-0.01,4,15217,卖盘
645,14:18:41,30.69,0.01,32,98208,买盘
646,14:18:38,30.68,-0.01,26,80013,卖盘
647,14:18:35,30.69,0.01,54,166708,买盘
648,14:18:29,30.68,--,46,143091,卖盘
649,14:18:26,30.68,-0.01,23,70686,卖盘
650,14:18:23,30.69,0.01,80,245520,买盘
651,14:18:20,30.68,--,4,15217,卖盘
652,14:18:17,30.68,-0.01,31,97930,卖盘
653,14:18:14,30.69,0.01,48,147312,买盘
654,14:18:11,30.68,0.02,108,332816,买盘
655,14:18:05,30.66,-0.02,200,613200,卖盘
656,14:18:02,30.68,0.01,106,328153,买盘
657,14:17:59,30.67,0.01,39,119735,买盘
658,14:17:56,30.66,-0.01,0,2943,中性盘
659,14:17:53,30.67,0.02,102,312834,买盘
660,14:17:50,30.65,-0.01,19,58357,卖盘
661,14:17:47,30.66,0.01,14,45867,买盘
662,14:17:41,30.65,-0.02,15,46097,卖盘
663,14:17:38,30.67,0.01,6,21346,买盘
664,14:17:35,30.66,0.01,78,239148,买盘
665,14:17:32,30.65,-0.01,35,107397,卖盘
666,14:17:29,30.66,0.01,102,312732,买盘
667,14:17:26,30.65,--,14,42910,卖盘
668,14:17:20,30.65,-0.01,204,625260,卖盘
669,14:17:17,30.66,0.02,82,254110,买盘
670,14:17:14,30.64,-0.02,22,67408,卖盘
671,14:17:11,30.66,0.01,120,367920,买盘
672,14:17:08,30.65,--,16,51982,买盘
673,14:17:02,30.65,-0.01,193,591667,中性盘
674,14:16:59,30.66,0.01,46,143979,买盘
675,14:16:56,30.65,0.02,18,55170,中性盘
676,14:16:53,30.63,--,35,109777,卖盘
677,14:16:50,30.63,-0.02,5,15437,卖盘
678,14:16:47,30.65,--,12,36780,买盘
679,14:16:44,30.65,0.02,20,64242,买盘
680,14:16:41,30.63,--,104,318797,卖盘
681,14:16:38,30.63,-0.02,66,205098,卖盘
682,14:16:32,30.65,0.02,39,119657,买盘
683,14:16:29,30.63,-0.01,2,9066,卖盘
684,14:16:26,30.64,-0.01,21,64466,中性盘
685,14:16:23,30.65,--,26,82632,买盘
686,14:16:20,30.65,0.02,4,12260,买盘
687,14:16:17,30.63,-0.02,158,486649,卖盘
688,14:16:11,30.65,--,10,30650,买盘
689,14:16:08,30.65,--,22,70372,买盘
690,14:16:05,30.65,0.01,188,576220,买盘
691,14:16:02,30.64,--,33,101234,买盘
692,14:15:59,30.64,--,26,79664,买盘
693,14:15:56,30.64,0.01,470,1442286,买盘
694,14:15:53,30.63,--,23,70571,买盘
695,14:15:50,30.63,0.01,106,324678,买盘
696,14:15:47,30.62,--,6,18372,卖盘
697,14:15:44,30.62,0.01,24,76427,卖盘
698,14:15:41,30.61,--,6,18610,卖盘
699,14:15:38,30.61,-0.02,8,24488,卖盘
700,14:15:35,30.63,0.01,51,156335,买盘
701,14:15:32,30.62,--,44,134728,买盘
702,14:15:29,30.62,--,38,116356,卖盘
703,14:15:26,30.62,-0.01,10,30620,卖盘
704,14:15:23,30.63,0.01,18,58074,买盘
705,14:15:17,30.62,--,20,61240,卖盘
706,14:15:14,30.62,0.01,44,137422,买盘
707,14:15:11,30.61,-0.01,88,269368,卖盘
708,14:15:08,30.62,--,4,12248,买盘
709,14:15:02,30.62,0.01,16,48992,买盘
710,14:14:59,30.61,-0.02,58,180476,卖盘
711,14:14:56,30.63,0.03,132,404316,买盘
712,14:14:53,30.6,--,109,333662,卖盘
713,14:14:50,30.6,--,10,30844,卖盘
714,14:14:47,30.6,-0.01,9,30355,卖盘
715,14:14:44,30.61,0.01,32,97952,买盘
716,14:14:41,30.6,-0.01,14,43084,卖盘
717,14:14:38,30.61,0.01,4,12244,买盘
718,14:14:35,30.6,-0.01,161,495475,卖盘
719,14:14:26,30.61,--,5,15427,买盘
720,14:14:23,30.61,--,26,79586,买盘
721,14:14:20,30.61,--,36,110196,买盘
722,14:14:17,30.61,--,10,30610,买盘
723,14:14:14,30.61,-0.01,44,134684,卖盘
724,14:14:08,30.62,--,168,514416,买盘
725,14:14:05,30.62,0.03,22,67364,买盘
726,14:14:02,30.59,-0.03,23,70479,卖盘
727,14:13:59,30.62,--,1,5879,买盘
728,14:13:53,30.62,0.02,103,315508,买盘
729,14:13:50,30.6,-0.01,6,18360,卖盘
730,14:13:47,30.61,0.01,4,12244,买盘
731,14:13:44,30.6,-0.01,15,46022,卖盘
732,14:13:41,30.61,--,78,238758,买盘
733,14:13:38,30.61,0.01,4,12244,买盘
734,14:13:35,30.6,-0.01,2,6120,卖盘
735,14:13:32,30.61,0.01,78,241696,买盘
736,14:13:29,30.6,--,23,70502,卖盘
737,14:13:26,30.6,--,12,36720,卖盘
738,14:13:23,30.6,--,18,55080,卖盘
739,14:13:17,30.6,--,251,770385,买盘
740,14:13:11,30.6,--,33,101102,买盘
741,14:13:05,30.6,0.01,140,431337,买盘
742,14:13:02,30.59,-0.01,107,327435,卖盘
743,14:12:59,30.6,--,204,627177,买盘
744,14:12:56,30.6,--,133,407102,买盘
745,14:12:53,30.6,--,24,76377,买盘
746,14:12:50,30.6,--,45,137822,买盘
747,14:12:41,30.6,--,23,70502,买盘
748,14:12:38,30.6,-0.03,122,373320,卖盘
749,14:12:35,30.63,0.02,50,156090,买盘
750,14:12:29,30.61,-0.01,26,79586,卖盘
751,14:12:26,30.62,--,10,30620,买盘
752,14:12:23,30.62,--,26,79612,买盘
753,14:12:17,30.62,--,23,70548,卖盘
754,14:12:14,30.62,-0.01,42,128604,卖盘
755,14:12:11,30.63,0.01,16,49008,买盘
756,14:12:08,30.62,--,144,443867,卖盘
757,14:12:05,30.62,-0.01,23,70548,卖盘
758,14:12:02,30.63,0.01,22,70326,买盘
759,14:11:59,30.62,--,2,6124,买盘
760,14:11:56,30.62,-0.01,94,287828,卖盘
761,14:11:53,30.63,--,21,64445,买盘
762,14:11:50,30.63,--,16,51948,买盘
763,14:11:47,30.63,-0.02,57,174713,卖盘
764,14:11:44,30.65,--,62,190030,买盘
765,14:11:38,30.65,0.02,2,9072,买盘
766,14:11:35,30.63,-0.01,12,36756,卖盘
767,14:11:32,30.64,0.01,50,153200,中性盘
768,14:11:29,30.63,-0.02,19,58319,卖盘
769,14:11:26,30.65,0.01,68,211362,买盘
770,14:11:23,30.64,0.01,23,70594,买盘
771,14:11:20,30.63,-0.01,14,42882,卖盘
772,14:11:17,30.64,-0.01,8,24512,买盘
773,14:11:14,30.65,0.06,86,263590,买盘
774,14:11:11,30.59,-0.05,202,620854,卖盘
775,14:11:02,30.64,0.04,47,144130,买盘
776,14:10:59,30.6,-0.03,6,21297,卖盘
777,14:10:56,30.63,-0.01,26,79638,卖盘
778,14:10:53,30.64,0.02,95,291202,买盘
779,14:10:50,30.62,0.02,38,119295,卖盘
780,14:10:47,30.6,-0.02,20,61200,卖盘
781,14:10:44,30.62,-0.01,11,33804,中性盘
782,14:10:41,30.63,0.01,116,355308,买盘
783,14:10:38,30.62,--,6,21311,买盘
784,14:10:35,30.62,0.03,55,168532,买盘
785,14:10:29,30.59,--,50,152950,卖盘
786,14:10:26,30.59,-0.01,18,55062,卖盘
787,14:10:23,30.6,--,32,100857,买盘
788,14:10:20,30.6,0.01,392,1199520,买盘
789,14:10:17,30.59,--,177,541565,卖盘
790,14:10:14,30.59,--,62,192105,卖盘
791,14:10:08,30.59,--,34,104250,卖盘
792,14:10:05,30.59,-0.01,344,1052296,卖盘
793,14:10:02,30.6,0.04,108,333417,买盘
794,14:09:59,30.56,--,12,36672,卖盘
795,14:09:56,30.56,-0.03,64,195584,卖盘
796,14:09:53,30.59,0.03,15,46007,中性盘
797,14:09:50,30.56,-0.04,94,287264,卖盘
798,14:09:44,30.6,0.04,20,61200,买盘
799,14:09:41,30.56,0.01,13,39850,中性盘
800,14:09:38,30.55,-0.03,68,210672,卖盘
801,14:09:35,30.58,0.03,51,156080,买盘
802,14:09:29,30.55,-0.01,22,70142,卖盘
803,14:09:26,30.56,0.01,5,15402,买盘
804,14:09:20,30.55,-0.03,30,91650,中性盘
805,14:09:17,30.58,0.03,272,831776,买盘
806,14:09:14,30.55,--,10,33482,买盘
807,14:09:11,30.55,-0.01,396,1212712,卖盘
808,14:09:08,30.56,--,7,21514,卖盘
809,14:09:05,30.56,-0.04,2,6112,卖盘
810,14:09:02,30.6,0.04,68,208080,买盘
811,14:08:59,30.56,-0.04,24,73344,卖盘
812,14:08:56,30.6,0.04,8,24480,买盘
813,14:08:53,30.56,--,40,122240,买盘
814,14:08:47,30.56,--,77,235434,买盘
815,14:08:44,30.56,--,30,94613,买盘
816,14:08:41,30.56,0.01,18,55008,中性盘
817,14:08:35,30.55,--,115,351447,卖盘
818,14:08:32,30.55,-0.05,20,61100,卖盘
819,14:08:26,30.6,--,16,48960,买盘
820,14:08:23,30.6,-0.02,36,113097,中性盘
821,14:08:20,30.62,0.07,1062,3251844,买盘
822,14:08:14,30.55,-0.06,61,188921,卖盘
823,14:08:08,30.61,0.06,179,548041,买盘
824,14:08:05,30.55,-0.05,18,54990,卖盘
825,14:08:02,30.6,0.05,192,590212,买盘
826,14:07:56,30.55,--,56,171324,买盘
827,14:07:53,30.55,--,86,262730,买盘
828,14:07:50,30.55,--,116,357068,卖盘
829,14:07:44,30.55,--,16,51812,卖盘
830,14:07:38,30.55,--,121,370021,卖盘
831,14:07:35,30.55,-0.06,172,525460,卖盘
832,14:07:32,30.61,0.06,100,306344,买盘
833,14:07:29,30.55,0.01,24,73320,买盘
834,14:07:26,30.54,-0.01,384,1175667,卖盘
835,14:07:23,30.55,-0.09,536,1637480,卖盘
836,14:07:16,30.64,0.02,88,269632,买盘
837,14:07:13,30.62,--,30,94309,卖盘
838,14:07:10,30.62,-0.02,237,725816,中性盘
839,14:07:01,30.64,--,268,824093,买盘
840,14:06:58,30.64,0.03,61,187026,买盘
841,14:06:55,30.61,--,4,15182,卖盘
842,14:06:52,30.61,--,1,3183,卖盘
843,14:06:49,30.61,0.01,156,479475,买盘
844,14:06:46,30.6,-0.01,136,419097,卖盘
845,14:06:43,30.61,--,1,3183,买盘
846,14:06:40,30.61,--,45,138846,卖盘
847,14:06:34,30.61,-0.05,104,321282,卖盘
848,14:06:31,30.66,0.02,55,168752,买盘
849,14:06:28,30.64,0.01,106,324784,买盘
850,14:06:25,30.63,0.02,14,45822,买盘
851,14:06:22,30.61,-0.01,8,24488,卖盘
852,14:06:19,30.62,--,3,9308,买盘
853,14:06:16,30.62,--,2,9063,买盘
854,14:06:13,30.62,-0.01,32,100678,中性盘
855,14:06:10,30.63,0.02,27,82823,买盘
856,14:06:07,30.61,--,91,280877,卖盘
857,14:06:04,30.61,--,4,15182,卖盘
858,14:06:01,30.61,0.01,84,257368,买盘
859,14:05:58,30.6,-0.04,20,64137,卖盘
860,14:05:49,30.64,0.04,11,33826,买盘
861,14:05:46,30.6,-0.01,8,27417,卖盘
862,14:05:43,30.61,-0.03,3,9305,中性盘
863,14:05:37,30.64,0.03,38,116432,买盘
864,14:05:34,30.61,--,32,100890,卖盘
865,14:05:31,30.61,-0.02,130,397930,卖盘
866,14:05:28,30.63,--,25,76697,买盘
867,14:05:25,30.63,0.02,24,73512,买盘
868,14:05:22,30.61,0.03,6,18366,中性盘
869,14:05:19,30.58,-0.03,242,740036,卖盘
870,14:05:16,30.61,-0.03,38,118766,卖盘
871,14:05:10,30.64,--,2,6128,买盘
872,14:05:04,30.64,0.04,112,343168,买盘
873,14:05:01,30.6,-0.04,960,2938579,卖盘
874,14:04:58,30.64,-0.01,6,21325,卖盘
875,14:04:55,30.65,0.01,10,30895,买盘
876,14:04:52,30.64,-0.04,100,306400,卖盘
877,14:04:49,30.68,0.04,26,81731,买盘
878,14:04:43,30.64,--,20,61280,卖盘
879,14:04:40,30.64,0.01,5,15442,买盘
880,14:04:37,30.63,--,134,410442,卖盘
881,14:04:31,30.63,0.05,2,6126,中性盘
882,14:04:28,30.58,-0.06,182,559491,卖盘
883,14:04:25,30.64,--,8,24512,卖盘
884,14:04:22,30.64,-0.01,3,9314,卖盘
885,14:04:19,30.65,0.02,0,2942,买盘
886,14:04:16,30.63,--,33,101201,卖盘
887,14:04:13,30.63,0.02,211,648865,买盘
888,14:04:07,30.61,-0.01,160,492453,卖盘
889,14:04:04,30.62,--,12,36744,卖盘
890,14:04:01,30.62,--,21,64424,卖盘
891,14:03:58,30.62,0.01,9,27925,中性盘
892,14:03:55,30.61,--,124,382502,卖盘
893,14:03:52,30.61,--,8,24488,卖盘
894,14:03:49,30.61,-0.01,159,486821,卖盘
895,14:03:46,30.62,0.01,88,272395,买盘
896,14:03:43,30.61,0.06,289,884751,买盘
897,14:03:37,30.55,-0.03,24,76252,卖盘
898,14:03:34,30.58,-0.02,22,67276,中性盘
899,14:03:28,30.6,--,40,122400,卖盘
900,14:03:25,30.6,--,24,73440,卖盘
901,14:03:22,30.6,0.02,288,883728,买盘
902,14:03:19,30.58,-0.01,6,18348,卖盘
903,14:03:16,30.59,--,18,55062,买盘
904,14:03:13,30.59,-0.01,52,162004,中性盘
905,14:03:10,30.6,0.01,164,501840,买盘
906,14:03:07,30.59,--,111,339671,卖盘
907,14:03:01,30.59,-0.01,180,553556,卖盘
908,14:02:58,30.6,0.01,246,753004,买盘
909,14:02:55,30.59,-0.01,8,24472,卖盘
910,14:02:52,30.6,--,62,192657,买盘
911,14:02:49,30.6,0.01,18,55080,买盘
912,14:02:46,30.59,--,196,599564,买盘
913,14:02:43,30.59,--,0,2936,买盘
914,14:02:40,30.59,--,21,64361,买盘
915,14:02:34,30.59,-0.03,226,694270,卖盘
916,14:02:28,30.62,-0.02,29,88920,中性盘
917,14:02:25,30.64,0.03,8,24512,买盘
918,14:02:22,30.61,-0.02,13,39915,卖盘
919,14:02:19,30.63,0.01,25,79392,中性盘
920,14:02:13,30.62,-0.02,4,12248,中性盘
921,14:02:10,30.64,0.03,101,309586,买盘
922,14:02:01,30.61,-0.03,200,612200,卖盘
923,14:02:01,30.64,-0.01,54,166436,卖盘
924,14:01:55,30.65,0.01,17,52227,买盘
925,14:01:52,30.64,-0.01,10,30640,卖盘
926,14:01:49,30.65,0.01,45,139764,买盘
927,14:01:46,30.64,-0.01,95,291202,卖盘
928,14:01:40,30.65,0.01,23,70617,买盘
929,14:01:37,30.64,-0.02,8,27453,卖盘
930,14:01:34,30.66,0.01,116,355901,买盘
931,14:01:28,30.65,--,13,39967,卖盘
932,14:01:25,30.65,--,10,30650,卖盘
933,14:01:19,30.65,-0.01,12,39722,卖盘
934,14:01:16,30.66,0.01,17,52244,买盘
935,14:01:13,30.65,-0.01,30,94647,卖盘
936,14:01:10,30.66,--,4,12264,买盘
937,14:01:07,30.66,--,1,5886,买盘
938,14:01:04,30.66,--,49,150356,卖盘
939,14:01:01,30.66,-0.02,136,416976,卖盘
940,14:00:58,30.68,--,10,30680,买盘
941,14:00:55,30.68,--,12,39761,买盘
942,14:00:52,30.68,0.02,112,343616,中性盘
943,14:00:49,30.66,-0.02,1006,3084641,卖盘
944,14:00:46,30.68,-0.01,92,282256,卖盘
945,14:00:43,30.69,--,1,5892,买盘
946,14:00:40,30.69,0.01,7,21605,买盘
947,14:00:34,30.68,--,27,82958,买盘
948,14:00:31,30.68,-0.01,30,94985,卖盘
949,14:00:28,30.69,-0.01,24,73656,卖盘
950,14:00:25,30.7,0.02,106,328367,买盘
951,14:00:22,30.68,-0.02,245,751782,卖盘
952,14:00:19,30.7,--,86,264020,买盘
953,14:00:16,30.7,0.01,16,52067,买盘
954,14:00:10,30.69,--,44,137982,卖盘
955,14:00:04,30.69,-0.01,10,30935,卖盘
956,14:00:01,30.7,0.01,96,294720,买盘
957,13:59:58,30.69,--,23,70709,卖盘
958,13:59:55,30.69,-0.01,341,1049352,卖盘
959,13:59:52,30.7,--,4,12280,卖盘
960,13:59:49,30.7,--,101,310192,卖盘
961,13:59:46,30.7,--,33,101432,卖盘
962,13:59:43,30.7,--,18,58207,卖盘
963,13:59:40,30.7,0.01,442,1359887,买盘
964,13:59:34,30.69,-0.01,413,1267619,卖盘
965,13:59:28,30.7,--,201,617192,买盘
966,13:59:25,30.7,--,62,193287,买盘
967,13:59:22,30.7,--,10,33647,买盘
968,13:59:19,30.7,-0.03,383,1175932,卖盘
969,13:59:16,30.73,0.01,27,83093,买盘
970,13:59:13,30.72,--,57,177930,卖盘
971,13:59:07,30.72,--,69,212090,买盘
972,13:59:01,30.72,0.02,138,423936,买盘
973,13:58:55,30.7,--,16,52067,卖盘
974,13:58:52,30.7,--,126,387065,卖盘
975,13:58:49,30.7,--,17,55014,卖盘
976,13:58:43,30.7,0.02,37,113712,买盘
977,13:58:40,30.68,--,38,116584,卖盘
978,13:58:37,30.68,--,832,2554048,卖盘
979,13:58:31,30.68,--,120,371105,卖盘
980,13:58:28,30.68,-0.02,25,76822,卖盘
981,13:58:25,30.7,0.02,4,15227,买盘
982,13:58:22,30.68,--,115,352942,卖盘
983,13:58:19,30.68,0.01,28,88849,买盘
984,13:58:16,30.67,--,10,30670,卖盘
985,13:58:13,30.67,-0.04,51,156539,卖盘
986,13:58:10,30.71,0.03,72,221112,买盘
987,13:58:07,30.68,-0.02,34,107257,买盘
988,13:58:04,30.7,0.03,3,9332,买盘
989,13:58:01,30.67,--,38,119490,卖盘
990,13:57:58,30.67,0.01,20,61340,中性盘
991,13:57:49,30.66,--,106,324996,卖盘
992,13:57:43,30.66,-0.05,14,42924,卖盘
993,13:57:40,30.71,--,106,327491,卖盘
994,13:57:37,30.71,--,232,712472,卖盘
995,13:57:34,30.71,--,20,61420,卖盘
996,13:57:31,30.71,--,139,426991,卖盘
997,13:57:28,30.71,0.03,623,1914338,买盘
998,13:57:25,30.68,0.02,2,9081,买盘
999,13:57:22,30.66,-0.01,111,340448,卖盘
1000,13:57:19,30.67,-0.03,274,843302,卖盘
1001,13:57:13,30.7,--,5,15472,买盘
1002,13:57:10,30.7,--,806,2477367,买盘
1003,13:57:07,30.7,0.02,22,67540,买盘
1004,13:57:01,30.68,-0.07,852,2616635,卖盘
1005,13:56:58,30.75,0.03,398,1223850,买盘
1006,13:56:55,30.72,0.01,51,156794,买盘
1007,13:56:52,30.71,0.01,74,230202,卖盘
1008,13:56:49,30.7,-0.04,185,569546,卖盘
1009,13:56:43,30.74,0.03,41,126156,买盘
1010,13:56:40,30.71,--,64,196544,买盘
1011,13:56:37,30.71,0.03,52,161411,买盘
1012,13:56:34,30.68,-0.02,61,187270,卖盘
1013,13:56:28,30.7,-0.03,0,2947,买盘
1014,13:56:25,30.73,--,86,264278,买盘
1015,13:56:22,30.73,0.03,503,1545841,买盘
1016,13:56:19,30.7,-0.01,1090,3349001,卖盘
1017,13:56:16,30.71,-0.01,15,46187,中性盘
1018,13:56:13,30.72,--,160,491520,买盘
1019,13:56:10,30.72,0.01,50,156549,买盘
1020,13:56:07,30.71,--,60,184260,卖盘
1021,13:56:04,30.71,-0.01,23,70755,卖盘
1022,13:56:01,30.72,-0.01,22,70533,卖盘
1023,13:55:58,30.73,0.01,144,442512,买盘
1024,13:55:55,30.72,-0.01,92,282624,卖盘
1025,13:55:52,30.73,--,4,12292,买盘
1026,13:55:49,30.73,--,33,101531,买盘
1027,13:55:46,30.73,--,32,101286,买盘
1028,13:55:43,30.73,--,50,153650,买盘
1029,13:55:40,30.73,--,90,278045,卖盘
1030,13:55:37,30.73,-0.04,2,6146,卖盘
1031,13:55:34,30.77,0.04,4,12308,买盘
1032,13:55:28,30.73,-0.05,22,67606,卖盘
1033,13:55:25,30.78,--,10,30780,买盘
1034,13:55:22,30.78,0.05,90,277020,买盘
1035,13:55:19,30.73,-0.05,104,319592,卖盘
1036,13:55:16,30.78,0.03,55,170890,买盘
1037,13:55:13,30.75,0.03,3,9348,买盘
1038,13:55:10,30.72,-0.06,78,239616,卖盘
1039,13:55:07,30.78,0.05,10,30780,买盘
1040,13:55:04,30.73,--,18,58264,卖盘
1041,13:55:01,30.73,--,22,67606,卖盘
1042,13:54:58,30.73,0.01,19,58509,中性盘
1043,13:54:52,30.72,-0.07,34,107397,卖盘
1044,13:54:46,30.79,0.07,39,120204,买盘
1045,13:54:43,30.72,-0.06,4,15237,卖盘
1046,13:54:40,30.78,0.02,1017,3130449,买盘
1047,13:54:37,30.76,0.03,60,187512,买盘
1048,13:54:34,30.73,0.02,6,18438,买盘
1049,13:54:31,30.71,-0.04,27,83039,卖盘
1050,13:54:25,30.75,0.03,26,82902,买盘
1051,13:54:16,30.72,-0.07,121,371834,卖盘
1052,13:54:13,30.79,0.06,82,255433,买盘
1053,13:54:07,30.73,--,25,76947,卖盘
1054,13:54:04,30.73,-0.04,12,36876,卖盘
1055,13:54:01,30.77,0.04,24,73848,买盘
1056,13:53:58,30.73,-0.04,80,245840,中性盘
1057,13:53:52,30.77,0.04,50,153850,买盘
1058,13:53:49,30.73,--,8,24584,买盘
1059,13:53:43,30.73,-0.06,78,242644,中性盘
1060,13:53:37,30.79,--,8,24632,买盘
1061,13:53:34,30.79,0.02,61,187942,买盘
1062,13:53:31,30.77,--,48,150649,卖盘
1063,13:53:25,30.77,0.04,216,664632,买盘
1064,13:53:16,30.73,-0.04,8,24584,卖盘
1065,13:53:10,30.77,0.04,101,310900,买盘
1066,13:53:07,30.73,--,0,2950,卖盘
1067,13:53:04,30.73,--,4,12292,卖盘
1068,13:53:01,30.73,-0.04,23,70801,卖盘
1069,13:52:58,30.77,0.04,4,15261,买盘
1070,13:52:55,30.73,0.01,13,40071,买盘
1071,13:52:52,30.72,-0.05,18,58245,卖盘
1072,13:52:49,30.77,--,1,3200,买盘
1073,13:52:46,30.77,0.01,38,119879,买盘
1074,13:52:43,30.76,0.04,14,43064,买盘
1075,13:52:40,30.72,0.01,7,21626,卖盘
1076,13:52:34,30.71,-0.06,10,30710,卖盘
1077,13:52:31,30.77,-0.03,122,375394,买盘
1078,13:52:28,30.8,0.08,10,33756,买盘
1079,13:52:25,30.72,-0.01,11,33914,卖盘
1080,13:52:22,30.73,0.02,308,949434,中性盘
1081,13:52:19,30.71,-0.06,303,930635,卖盘
1082,13:52:16,30.77,-0.02,16,52185,卖盘
1083,13:52:13,30.79,--,204,628116,买盘
1084,13:52:07,30.79,0.02,176,541904,买盘
1085,13:52:01,30.77,0.06,252,775404,买盘
1086,13:51:58,30.71,--,4,12284,卖盘
1087,13:51:55,30.71,--,21,64613,卖盘
1088,13:51:52,30.71,--,20,61420,卖盘
1089,13:51:49,30.71,--,2,6387,买盘
1090,13:51:46,30.71,0.01,10,33658,买盘
1091,13:51:43,30.7,-0.01,5,15472,卖盘
1092,13:51:40,30.71,--,46,144214,买盘
1093,13:51:37,30.71,-0.04,58,178118,卖盘
1094,13:51:34,30.75,0.05,25,76998,买盘
1095,13:51:28,30.7,--,0,2947,卖盘
1096,13:51:25,30.7,-0.07,9,27752,卖盘
1097,13:51:22,30.77,-0.01,36,113725,卖盘
1098,13:51:19,30.78,0.08,37,114009,买盘
1099,13:51:16,30.7,-0.05,134,414327,卖盘
1100,13:51:13,30.75,0.04,45,138498,买盘
1101,13:51:10,30.71,-0.01,16,52084,中性盘
1102,13:51:07,30.72,0.02,86,264192,买盘
1103,13:51:04,30.7,--,235,721572,卖盘
1104,13:50:58,30.7,-0.01,124,383627,卖盘
1105,13:50:55,30.71,--,2,6142,买盘
1106,13:50:52,30.71,0.01,4,12284,买盘
1107,13:50:49,30.7,-0.02,123,377732,卖盘
1108,13:50:46,30.72,--,124,383877,买盘
1109,13:50:43,30.72,--,146,448512,买盘
1110,13:50:37,30.72,--,111,341114,买盘
1111,13:50:31,30.72,-0.04,204,626688,卖盘
1112,13:50:28,30.76,0.04,32,98432,买盘
1113,13:50:25,30.72,--,14,45957,卖盘
1114,13:50:22,30.72,--,54,165888,卖盘
1115,13:50:16,30.72,--,26,79872,卖盘
1116,13:50:13,30.72,--,4,12288,卖盘
1117,13:50:10,30.72,--,5,15482,卖盘
1118,13:50:07,30.72,--,10,30720,卖盘
1119,13:50:04,30.72,--,132,405504,卖盘
1120,13:50:01,30.72,-0.01,24,76677,卖盘
1121,13:49:58,30.73,-0.02,11,33925,买盘
1122,13:49:55,30.75,--,0,2952,买盘
1123,13:49:49,30.75,0.03,41,126198,中性盘
1124,13:49:40,30.72,--,14,43008,买盘
1125,13:49:37,30.72,--,34,104448,买盘
1126,13:49:34,30.72,-0.07,8,27525,中性盘
1127,13:49:31,30.79,0.08,73,224890,买盘
1128,13:49:25,30.71,--,16,49136,卖盘
1129,13:49:22,30.71,-0.01,114,353042,卖盘
1130,13:49:19,30.72,--,2,6144,卖盘
1131,13:49:16,30.72,-0.07,9,27770,中性盘
1132,13:49:13,30.79,-0.01,22,70693,中性盘
1133,13:49:10,30.8,--,75,231123,买盘
1134,13:49:04,30.8,0.07,48,147840,买盘
1135,13:49:01,30.73,-0.07,22,70556,中性盘
1136,13:48:58,30.8,0.1,86,264880,买盘
1137,13:48:55,30.7,-0.1,201,617192,卖盘
1138,13:48:52,30.8,--,14,43120,买盘
1139,13:48:49,30.8,--,8,24640,买盘
1140,13:48:46,30.8,-0.02,8,27596,卖盘
1141,13:48:40,30.82,0.11,42,129444,买盘
1142,13:48:37,30.71,--,5,15477,卖盘
1143,13:48:34,30.71,0.01,150,463598,卖盘
1144,13:48:31,30.7,-0.01,66,202620,卖盘
1145,13:48:28,30.71,--,36,110556,买盘
1146,13:48:25,30.71,-0.11,6,18426,中性盘
1147,13:48:18,30.82,0.11,38,117116,买盘
1148,13:48:15,30.71,-0.09,17,52329,卖盘
1149,13:48:12,30.8,--,14,46076,买盘
1150,13:48:09,30.8,--,71,218803,买盘
1151,13:48:06,30.8,0.13,46,141680,中性盘
1152,13:48:00,30.67,-0.15,32,98144,卖盘
1153,13:47:57,30.82,0.02,106,329650,买盘
1154,13:47:51,30.8,-0.05,217,668483,卖盘
1155,13:47:48,30.85,--,24,74040,卖盘
1156,13:47:45,30.85,--,124,385501,卖盘
1157,13:47:42,30.85,--,45,138948,卖盘
1158,13:47:39,30.85,-0.03,30,95511,卖盘
1159,13:47:36,30.88,0.03,2007,6197739,买盘
1160,13:47:30,30.85,0.19,20,61700,买盘
1161,13:47:27,30.66,-0.19,506,1551396,卖盘
1162,13:47:24,30.85,-0.01,114,351690,卖盘
1163,13:47:21,30.86,--,63,194541,卖盘
1164,13:47:18,30.86,0.01,182,564614,买盘
1165,13:47:15,30.85,--,194,598490,卖盘
1166,13:47:09,30.85,--,127,391918,卖盘
1167,13:47:06,30.85,-0.03,34,107851,卖盘
1168,13:47:03,30.88,0.03,5,15563,买盘
1169,13:47:00,30.85,-0.03,42,132531,卖盘
1170,13:46:57,30.88,0.03,99,305835,买盘
1171,13:46:51,30.85,--,122,379331,卖盘
1172,13:46:48,30.85,--,58,178930,卖盘
1173,13:46:45,30.85,--,2119,6537238,卖盘
1174,13:46:39,30.85,-0.03,90,277650,卖盘
1175,13:46:33,30.88,0.03,108,333504,买盘
1176,13:46:30,30.85,--,106,329971,卖盘
1177,13:46:27,30.85,-0.03,75,231498,卖盘
1178,13:46:21,30.88,--,32,98816,买盘
1179,13:46:18,30.88,--,136,422932,买盘
1180,13:46:15,30.88,--,10,30880,买盘
1181,13:46:12,30.88,--,33,102027,买盘
1182,13:46:09,30.88,--,54,169716,买盘
1183,13:46:06,30.88,--,190,586720,买盘
1184,13:46:03,30.88,-0.03,1394,4306895,卖盘
1185,13:46:00,30.91,--,60,185460,卖盘
1186,13:45:57,30.91,--,54,166914,卖盘
1187,13:45:54,30.91,0.08,1509,4665184,买盘
1188,13:45:51,30.83,-0.05,8022,24731826,卖盘
1189,13:45:48,30.88,0.09,86,265568,买盘
1190,13:45:45,30.79,-0.09,239,737482,卖盘
1191,13:45:42,30.88,0.06,94,293236,买盘
1192,13:45:39,30.82,-0.02,915,2820153,卖盘
1193,13:45:36,30.84,--,200,616800,卖盘
1194,13:45:33,30.84,0.02,141,436447,买盘
1195,13:45:30,30.82,--,114,354306,卖盘
1196,13:45:27,30.82,--,59,181961,卖盘
1197,13:45:24,30.82,--,48,147936,卖盘
1198,13:45:21,30.82,--,36,113910,卖盘
1199,13:45:18,30.82,--,19,58681,卖盘
1200,13:45:12,30.82,--,34,107746,卖盘
1201,13:45:09,30.82,--,17,52517,卖盘
1202,13:45:06,30.82,0.02,290,893780,买盘
1203,13:45:03,30.8,0.07,70,215600,买盘
1204,13:45:00,30.73,-0.04,20,61460,卖盘
1205,13:44:51,30.77,-0.06,10,30770,中性盘
1206,13:44:48,30.83,0.08,602,1858925,买盘
1207,13:44:42,30.75,-0.04,93,287574,卖盘
1208,13:44:39,30.79,--,8,24632,卖盘
1209,13:44:36,30.79,--,523,1611918,买盘
1210,13:44:33,30.79,0.04,1024,3155851,买盘
1211,13:44:30,30.75,-0.05,1191,3662448,卖盘
1212,13:44:27,30.8,0.01,272,840716,买盘
1213,13:44:21,30.79,0.02,6,18474,中性盘
1214,13:44:18,30.77,-0.03,290,892330,卖盘
1215,13:44:12,30.8,0.01,91,280403,买盘
1216,13:44:06,30.79,--,24,76851,卖盘
1217,13:44:03,30.79,-0.01,25,77098,卖盘
1218,13:44:00,30.8,0.01,30,92400,买盘
1219,13:43:57,30.79,--,10,30790,买盘
1220,13:43:54,30.79,--,28,86212,买盘
1221,13:43:51,30.79,--,26,80054,买盘
1222,13:43:48,30.79,--,28,89167,买盘
1223,13:43:45,30.79,--,89,274154,买盘
1224,13:43:42,30.79,--,26,80054,买盘
1225,13:43:39,30.79,-0.02,24,76851,卖盘
1226,13:43:36,30.81,0.01,69,212712,买盘
1227,13:43:30,30.8,--,24,76876,卖盘
1228,13:43:27,30.8,--,2,6160,卖盘
1229,13:43:24,30.8,--,153,471363,卖盘
1230,13:43:21,30.8,0.02,536,1650880,买盘
1231,13:43:18,30.78,--,40,126074,买盘
1232,13:43:12,30.78,-0.01,24,73872,中性盘
1233,13:43:09,30.79,0.01,16,49264,买盘
1234,13:43:06,30.78,--,50,153900,卖盘
1235,13:43:03,30.78,--,38,116964,卖盘
1236,13:42:57,30.78,--,740,2277720,卖盘
1237,13:42:54,30.78,--,27,83229,卖盘
1238,13:42:51,30.78,--,58,181478,卖盘
1239,13:42:48,30.78,--,429,1320585,买盘
1240,13:42:45,30.78,--,136,418608,买盘
1241,13:42:42,30.78,-0.01,216,664848,中性盘
1242,13:42:36,30.79,0.01,114,351006,买盘
1243,13:42:33,30.78,0.03,70,218414,买盘
1244,13:42:27,30.75,-0.02,30,92250,卖盘
1245,13:42:24,30.77,0.02,13,40124,买盘
1246,13:42:21,30.75,-0.02,272,839352,卖盘
1247,13:42:15,30.77,--,145,446288,卖盘
1248,13:42:09,30.77,0.01,2,9107,卖盘
1249,13:42:06,30.76,-0.03,20,61520,卖盘
1250,13:42:03,30.79,0.04,67,206416,买盘
1251,13:42:00,30.75,--,18,58302,卖盘
1252,13:41:57,30.75,-0.05,252,774900,卖盘
1253,13:41:54,30.8,0.03,87,268083,买盘
1254,13:41:51,30.77,-0.03,16,52185,卖盘
1255,13:41:45,30.8,--,92,283360,买盘
1256,13:41:42,30.8,--,9,27843,买盘
1257,13:41:39,30.8,--,112,347916,买盘
1258,13:41:36,30.8,--,22,67760,买盘
1259,13:41:33,30.8,--,11,34003,买盘
1260,13:41:30,30.8,--,120,369600,买盘
1261,13:41:27,30.8,-0.02,122,375760,卖盘
1262,13:41:24,30.82,--,92,286502,买盘
1263,13:41:21,30.82,0.02,25,77173,买盘
1264,13:41:18,30.8,-0.02,28,89196,卖盘
1265,13:41:15,30.82,--,39,120321,买盘
1266,13:41:12,30.82,0.07,14,46106,买盘
1267,13:41:09,30.75,-0.08,59,181548,卖盘
1268,13:41:06,30.83,0.01,150,465409,买盘
1269,13:41:03,30.82,--,43,132649,卖盘
1270,13:41:00,30.82,0.02,80,249518,买盘
1271,13:40:57,30.8,--,330,1016400,卖盘
1272,13:40:54,30.8,--,12,36960,卖盘
1273,13:40:51,30.8,0.05,1782,5488560,买盘
1274,13:40:48,30.75,--,134,412050,卖盘
1275,13:40:45,30.75,--,75,230748,卖盘
1276,13:40:39,30.75,0.04,176,543660,买盘
1277,13:40:36,30.71,-0.04,63,194087,卖盘
1278,13:40:33,30.75,0.04,69,214512,买盘
1279,13:40:30,30.71,--,45,138317,卖盘
1280,13:40:27,30.71,-0.03,100,310048,卖盘
1281,13:40:24,30.74,0.02,34,104516,买盘
1282,13:40:21,30.72,0.01,138,423936,买盘
1283,13:40:18,30.71,--,80,245680,卖盘
1284,13:40:15,30.71,--,53,162885,卖盘
1285,13:40:12,30.71,--,18,58226,卖盘
1286,13:40:09,30.71,0.01,234,719351,买盘
1287,13:40:06,30.7,--,76,233320,买盘
1288,13:40:03,30.7,0.01,61,187392,买盘
1289,13:40:00,30.69,--,52,159588,卖盘
1290,13:39:57,30.69,--,6,18414,卖盘
1291,13:39:54,30.69,--,130,401916,卖盘
1292,13:39:51,30.69,-0.01,250,767250,卖盘
1293,13:39:48,30.7,0.03,88,270160,买盘
1294,13:39:45,30.67,-0.02,7,21591,卖盘
1295,13:39:42,30.69,0.04,24,73656,买盘
1296,13:39:39,30.65,-0.05,50,153250,卖盘
1297,13:39:36,30.7,0.05,530,1627100,买盘
1298,13:39:30,30.65,-0.02,194,597552,卖盘
1299,13:39:27,30.67,--,6,18402,卖盘
1300,13:39:24,30.67,-0.01,6,18402,中性盘
1301,13:39:21,30.68,0.03,159,487934,买盘
1302,13:39:18,30.65,--,16,51982,买盘
1303,13:39:15,30.65,0.02,8,24520,买盘
1304,13:39:12,30.63,-0.05,9,27689,中性盘
1305,13:39:09,30.68,0.05,432,1325376,买盘
1306,13:39:06,30.63,--,12,39696,买盘
1307,13:39:00,30.63,-0.05,45,137957,卖盘
1308,13:38:57,30.68,0.02,88,272929,买盘
1309,13:38:54,30.66,-0.01,6,18396,买盘
1310,13:38:51,30.67,0.06,99,303755,买盘
1311,13:38:45,30.61,-0.05,8,24488,卖盘
1312,13:38:42,30.66,0.05,62,190092,买盘
1313,13:38:39,30.61,-0.06,34,107012,卖盘
1314,13:38:36,30.67,0.02,42,128814,买盘
1315,13:38:33,30.65,-0.02,46,140990,卖盘
1316,13:38:30,30.67,0.01,44,134948,买盘
1317,13:38:27,30.66,-0.01,26,79716,买盘
1318,13:38:21,30.67,0.02,80,245360,买盘
1319,13:38:18,30.65,--,28,85820,卖盘
1320,13:38:15,30.65,0.03,106,324890,买盘
1321,13:38:12,30.62,-0.03,225,689072,卖盘
1322,13:38:09,30.65,--,4,15202,买盘
1323,13:38:06,30.65,-0.03,148,453620,中性盘
1324,13:38:03,30.68,0.05,74,227032,买盘
1325,13:38:00,30.63,-0.02,28,85764,中性盘
1326,13:37:57,30.65,--,34,104210,买盘
1327,13:37:54,30.65,0.03,5,15447,中性盘
1328,13:37:51,30.62,-0.07,8,24496,卖盘
1329,13:37:48,30.69,--,14,42966,买盘
1330,13:37:45,30.69,0.07,88,270072,买盘
1331,13:37:42,30.62,--,24,73488,卖盘
1332,13:37:39,30.62,-0.03,38,119295,卖盘
1333,13:37:36,30.65,0.02,110,337150,中性盘
1334,13:37:30,30.63,-0.06,45,137957,卖盘
1335,13:37:27,30.69,-0.01,2,6138,卖盘
1336,13:37:24,30.7,--,2,9087,买盘
1337,13:37:21,30.7,--,8,24560,买盘
1338,13:37:18,30.7,0.09,96,294720,买盘
1339,13:37:15,30.61,-0.04,91,278673,卖盘
1340,13:37:09,30.65,0.04,71,217737,买盘
1341,13:37:06,30.61,-0.1,220,676358,卖盘
1342,13:37:03,30.71,0.01,267,820079,买盘
1343,13:37:00,30.7,--,244,749080,买盘
1344,13:36:57,30.7,--,42,128940,买盘
1345,13:36:51,30.7,0.07,206,635367,买盘
1346,13:36:48,30.63,-0.07,15,46067,卖盘
1347,13:36:45,30.7,--,12,36840,买盘
1348,13:36:42,30.7,-0.02,196,601720,卖盘
1349,13:36:39,30.72,0.01,94,288768,买盘
1350,13:36:36,30.71,--,32,101220,中性盘
1351,13:36:33,30.71,-0.01,26,79846,中性盘
1352,13:36:30,30.72,0.01,114,350208,买盘
1353,13:36:27,30.71,0.03,47,144459,中性盘
1354,13:36:24,30.68,-0.03,42,128856,卖盘
1355,13:36:21,30.71,0.01,1018,3126278,买盘
1356,13:36:15,30.7,--,277,853214,买盘
1357,13:36:12,30.7,0.07,36,110520,买盘
1358,13:36:09,30.63,--,1,3185,卖盘
1359,13:36:03,30.63,0.02,1030,3157830,买盘
1360,13:36:00,30.61,--,138,422418,卖盘
1361,13:35:57,30.61,--,33,101135,卖盘
1362,13:35:54,30.61,0.05,1627,4982328,买盘
1363,13:35:51,30.56,--,130,400213,卖盘
1364,13:35:48,30.56,0.01,6,18336,买盘
1365,13:35:42,30.55,--,19,58167,卖盘
1366,13:35:39,30.55,-0.01,110,338982,卖盘
1367,13:35:36,30.56,0.01,48,148154,买盘
1368,13:35:33,30.55,--,229,699717,买盘
1369,13:35:30,30.55,0.04,134,409370,买盘
1370,13:35:27,30.51,--,14,45642,卖盘
1371,13:35:24,30.51,-0.04,7,21479,卖盘
1372,13:35:21,30.55,0.04,2,9042,买盘
1373,13:35:18,30.51,--,1,3173,卖盘
1374,13:35:15,30.51,--,34,103734,卖盘
1375,13:35:12,30.51,0.01,36,109836,中性盘
1376,13:35:09,30.5,-0.01,2038,6218828,卖盘
1377,13:35:03,30.51,0.01,87,265559,买盘
1378,13:35:00,30.5,-0.01,16,48800,卖盘
1379,13:34:54,30.51,0.01,70,213570,买盘
1380,13:34:51,30.5,--,78,237900,买盘
1381,13:34:48,30.5,0.01,94,286700,买盘
1382,13:34:45,30.49,--,20,63907,买盘
1383,13:34:42,30.49,-0.01,21,64150,中性盘
1384,13:34:39,30.5,--,10,33428,买盘
1385,13:34:36,30.5,--,10,30500,买盘
1386,13:34:33,30.5,--,59,180072,买盘
1387,13:34:30,30.5,--,24,73200,买盘
1388,13:34:27,30.5,0.02,50,155428,买盘
1389,13:34:24,30.48,--,300,914400,卖盘
1390,13:34:21,30.48,-0.03,16,48768,卖盘
1391,13:34:18,30.51,0.01,52,158652,买盘
1392,13:34:15,30.5,0.02,53,161772,买盘
1393,13:34:09,30.48,-0.02,50,155326,卖盘
1394,13:34:06,30.5,--,84,256200,买盘
1395,13:34:00,30.5,0.02,9,27572,买盘
1396,13:33:57,30.48,-0.02,8,27310,卖盘
1397,13:33:54,30.5,0.02,58,176900,买盘
1398,13:33:51,30.48,-0.02,135,411601,卖盘
1399,13:33:45,30.5,0.02,86,265228,买盘
1400,13:33:42,30.48,-0.02,8,24384,卖盘
1401,13:33:39,30.5,0.02,14,42700,买盘
1402,13:33:36,30.48,0.03,243,740785,买盘
1403,13:33:33,30.45,-0.03,46,140070,卖盘
1404,13:33:30,30.48,--,46,140208,买盘
1405,13:33:24,30.48,-0.02,2,9022,中性盘
1406,13:33:21,30.5,0.01,501,1528172,买盘
1407,13:33:18,30.49,0.09,52,158548,买盘
1408,13:33:15,30.4,-0.08,98,300838,卖盘
1409,13:33:09,30.48,0.09,3,9265,买盘
1410,13:33:03,30.39,-0.01,30,94087,卖盘
1411,13:32:57,30.4,--,62,188480,卖盘
1412,13:32:51,30.4,-0.1,5,15321,卖盘
1413,13:32:48,30.5,0.02,92,280600,买盘
1414,13:32:45,30.48,0.08,2,9022,买盘
1415,13:32:42,30.4,--,1,4377,买盘
1416,13:32:39,30.4,--,0,2918,买盘
1417,13:32:33,30.4,0.02,16,48640,买盘
1418,13:32:30,30.38,-0.02,20,60760,卖盘
1419,13:32:27,30.4,--,8,24320,买盘
1420,13:32:24,30.4,--,66,200640,买盘
1421,13:32:21,30.4,-0.12,409,1245184,卖盘
1422,13:32:18,30.52,-0.01,45,137462,中性盘
1423,13:32:15,30.53,0.01,30,94520,买盘
1424,13:32:12,30.52,--,43,131358,买盘
1425,13:32:06,30.52,--,16,51761,卖盘
1426,13:32:03,30.52,--,10,30520,卖盘
1427,13:32:00,30.52,--,73,222918,卖盘
1428,13:31:57,30.52,--,122,372344,卖盘
1429,13:31:54,30.52,0.03,104,317408,买盘
1430,13:31:51,30.49,-0.01,136,417591,中性盘
1431,13:31:48,30.5,--,17,51972,买盘
1432,13:31:45,30.5,--,40,124928,买盘
1433,13:31:42,30.5,--,15,45872,买盘
1434,13:31:39,30.5,-0.02,8,27328,中性盘
1435,13:31:36,30.52,0.02,105,320582,买盘
1436,13:31:33,30.5,-0.02,168,515328,卖盘
1437,13:31:27,30.52,--,25,76422,买盘
1438,13:31:24,30.52,--,20,63969,买盘
1439,13:31:21,30.52,-0.02,164,500528,中性盘
1440,13:31:18,30.54,--,38,116052,买盘
1441,13:31:15,30.54,-0.02,27,82580,买盘
1442,13:31:12,30.56,0.01,104,317824,买盘
1443,13:31:06,30.55,0.02,12,39592,买盘
1444,13:31:03,30.53,0.08,2,6106,买盘
1445,13:31:00,30.45,-0.04,49,149326,卖盘
1446,13:30:57,30.49,-0.07,14,45613,卖盘
1447,13:30:54,30.56,0.02,37,113194,中性盘
1448,13:30:51,30.54,--,24,73296,卖盘
1449,13:30:48,30.54,-0.04,86,262644,中性盘
1450,13:30:45,30.58,0.02,48,146784,买盘
1451,13:30:42,30.56,0.03,252,770112,买盘
1452,13:30:39,30.53,0.01,64,197345,买盘
1453,13:30:36,30.52,--,160,489540,买盘
1454,13:30:33,30.52,0.04,196,598192,买盘
1455,13:30:30,30.48,0.03,24,73152,中性盘
1456,13:30:24,30.45,0.01,352,1074763,买盘
1457,13:30:21,30.44,-0.01,21,64045,卖盘
1458,13:30:18,30.45,0.01,194,590730,买盘
1459,13:30:15,30.44,--,2006,6106264,卖盘
1460,13:30:12,30.44,-0.01,90,273960,卖盘
1461,13:30:09,30.45,--,108,331783,买盘
1462,13:30:03,30.45,--,8,24360,买盘
1463,13:30:00,30.45,--,232,706440,买盘
1464,13:29:57,30.45,0.02,50,152493,买盘
1465,13:29:51,30.43,--,25,78874,卖盘
1466,13:29:48,30.43,--,122,371489,买盘
1467,13:29:45,30.43,--,17,54530,买盘
1468,13:29:42,30.43,0.03,3,9250,买盘
1469,13:29:39,30.4,-0.03,379,1152281,卖盘
1470,13:29:36,30.43,--,2,9007,卖盘
1471,13:29:33,30.43,--,50,155071,卖盘
1472,13:29:30,30.43,--,183,556990,卖盘
1473,13:29:27,30.43,--,8,24344,卖盘
1474,13:29:24,30.43,--,108,328644,买盘
1475,13:29:21,30.43,0.03,2,6086,买盘
1476,13:29:18,30.4,-0.03,102,310080,卖盘
1477,13:29:12,30.43,-0.02,3,9250,中性盘
1478,13:29:09,30.45,--,240,733723,买盘
1479,13:29:06,30.45,0.02,131,399016,买盘
1480,13:29:00,30.43,--,52,158236,卖盘
1481,13:28:57,30.43,-0.01,198,605435,卖盘
1482,13:28:54,30.44,0.01,28,85232,中性盘
1483,13:28:51,30.43,--,80,243440,卖盘
1484,13:28:48,30.43,-0.02,6,18258,卖盘
1485,13:28:45,30.45,0.02,112,343963,买盘
1486,13:28:42,30.43,--,567,1725502,买盘
1487,13:28:36,30.43,-0.02,7,21422,买盘
1488,13:28:33,30.45,0.02,724,2204580,买盘
1489,13:28:27,30.43,--,30,94211,买盘
1490,13:28:24,30.43,0.01,8,24344,买盘
1491,13:28:21,30.42,--,2,9004,买盘
1492,13:28:18,30.42,--,117,356035,买盘
1493,13:28:15,30.42,0.02,1,3163,买盘
1494,13:28:12,30.4,-0.02,2,8998,卖盘
1495,13:28:09,30.42,-0.01,230,702580,中性盘
1496,13:28:03,30.43,--,23,70110,卖盘
1497,13:28:00,30.43,0.03,28,85204,买盘
1498,13:27:54,30.4,-0.03,72,218880,卖盘
1499,13:27:51,30.43,0.03,118,359074,买盘
1500,13:27:48,30.4,--,50,152000,买盘
1501,13:27:45,30.4,0.02,11,33561,买盘
1502,13:27:42,30.38,-0.02,96,294564,卖盘
1503,13:27:39,30.4,--,3,9241,买盘
1504,13:27:36,30.4,0.02,112,340480,买盘
1505,13:27:33,30.38,-0.05,84,258108,卖盘
1506,13:27:30,30.43,0.03,148,450364,买盘
1507,13:27:27,30.4,--,92,279680,买盘
1508,13:27:23,30.4,--,31,94361,卖盘
1509,13:27:17,30.4,-0.02,56,170240,卖盘
1510,13:27:14,30.42,--,29,91016,卖盘
1511,13:27:11,30.42,-0.03,28,85176,卖盘
1512,13:27:08,30.45,0.07,171,520816,买盘
1513,13:27:05,30.38,-0.03,34,103292,卖盘
1514,13:26:59,30.41,--,82,252281,卖盘
1515,13:26:53,30.41,--,11,33572,卖盘
1516,13:26:50,30.41,--,56,173215,买盘
1517,13:26:47,30.41,0.03,59,179540,买盘
1518,13:26:44,30.38,-0.03,400,1215200,卖盘
1519,13:26:41,30.41,0.01,210,638610,买盘
1520,13:26:35,30.4,-0.05,60,182400,卖盘
1521,13:26:32,30.45,0.05,141,429466,买盘
1522,13:26:29,30.4,-0.04,64,197478,卖盘
1523,13:26:26,30.44,0.03,58,176552,买盘
1524,13:26:23,30.41,-0.03,22,69821,卖盘
1525,13:26:20,30.44,--,33,100573,买盘
1526,13:26:17,30.44,--,106,325586,卖盘
1527,13:26:14,30.44,0.03,75,228421,买盘
1528,13:26:11,30.41,-0.01,160,486560,买盘
1529,13:26:08,30.42,-0.03,110,334620,卖盘
1530,13:26:05,30.45,0.04,230,700350,买盘
1531,13:26:02,30.41,-0.03,20,60820,卖盘
1532,13:25:59,30.44,-0.01,3,9253,卖盘
1533,13:25:56,30.45,-0.02,104,316680,买盘
1534,13:25:53,30.47,0.03,2,9019,买盘
1535,13:25:50,30.44,--,69,210157,卖盘
1536,13:25:44,30.44,-0.02,214,654338,卖盘
1537,13:25:41,30.46,--,4,12184,卖盘
1538,13:25:38,30.46,--,34,106488,卖盘
1539,13:25:35,30.46,0.01,386,1177949,买盘
1540,13:25:32,30.45,--,3,9256,买盘
1541,13:25:29,30.45,0.01,118,362233,买盘
1542,13:25:26,30.44,--,5,15341,卖盘
1543,13:25:23,30.44,--,20,63802,卖盘
1544,13:25:20,30.44,-0.01,56,170464,卖盘
1545,13:25:17,30.45,0.01,16,48720,买盘
1546,13:25:14,30.44,--,105,319741,卖盘
1547,13:25:08,30.44,--,126,383544,卖盘
1548,13:25:05,30.44,--,70,213080,卖盘
1549,13:25:02,30.44,--,72,222090,买盘
1550,13:24:59,30.44,0.01,32,97408,买盘
1551,13:24:56,30.43,-0.01,18,54774,中性盘
1552,13:24:53,30.44,--,56,170464,买盘
1553,13:24:50,30.44,0.03,141,429325,买盘
1554,13:24:47,30.41,-0.03,16,48656,卖盘
1555,13:24:44,30.44,0.04,4,12176,中性盘
1556,13:24:41,30.4,-0.05,66,200640,卖盘
1557,13:24:35,30.45,0.02,22,66990,买盘
1558,13:24:32,30.43,0.03,94,286042,买盘
1559,13:24:29,30.4,-0.01,26,79040,卖盘
1560,13:24:26,30.41,0.01,4,15083,买盘
1561,13:24:23,30.4,--,7,21401,中性盘
1562,13:24:20,30.4,-0.04,112,343398,中性盘
1563,13:24:17,30.44,0.05,31,94485,买盘
1564,13:24:14,30.39,--,32,100165,卖盘
1565,13:24:11,30.39,-0.01,16,48624,卖盘
1566,13:24:08,30.4,-0.05,99,301081,卖盘
1567,13:24:05,30.45,0.05,64,197803,买盘
1568,13:23:59,30.4,-0.05,189,574681,卖盘
1569,13:23:56,30.45,-0.01,54,167353,中性盘
1570,13:23:53,30.46,0.01,19,57995,买盘
1571,13:23:50,30.45,0.01,2,9013,买盘
1572,13:23:47,30.44,0.04,6,18264,买盘
1573,13:23:44,30.4,-0.07,227,690201,卖盘
1574,13:23:41,30.47,0.06,30,91410,买盘
1575,13:23:38,30.41,-0.03,4,15083,卖盘
1576,13:23:35,30.44,0.03,6,18264,买盘
1577,13:23:32,30.41,-0.05,81,248145,卖盘
1578,13:23:26,30.46,0.01,131,400366,买盘
1579,13:23:23,30.45,0.02,456,1391443,买盘
1580,13:23:20,30.43,-0.01,84,255612,卖盘
1581,13:23:17,30.44,0.01,19,57957,买盘
1582,13:23:14,30.43,-0.01,54,167243,卖盘
1583,13:23:08,30.44,0.02,123,374533,买盘
1584,13:23:05,30.42,-0.01,16,51592,卖盘
1585,13:23:02,30.43,0.02,85,258776,买盘
1586,13:22:56,30.41,0.01,8,24328,卖盘
1587,13:22:53,30.4,--,266,811558,买盘
1588,13:22:50,30.4,-0.01,35,106521,卖盘
1589,13:22:47,30.41,0.01,76,231116,中性盘
1590,13:22:44,30.4,-0.03,28,85120,卖盘
1591,13:22:38,30.43,0.02,22,69867,买盘
1592,13:22:35,30.41,-0.01,4,12164,买盘
1593,13:22:32,30.42,0.02,113,343867,买盘
1594,13:22:29,30.4,-0.02,46,142758,卖盘
1595,13:22:26,30.42,0.01,28,85176,买盘
1596,13:22:23,30.41,0.01,10,30410,买盘
1597,13:22:17,30.4,--,35,106521,买盘
1598,13:22:14,30.4,0.02,22,66880,买盘
1599,13:22:11,30.38,-0.02,80,245956,卖盘
1600,13:22:05,30.4,0.02,23,70041,中性盘
1601,13:21:59,30.38,-0.02,40,121520,卖盘
1602,13:21:56,30.4,-0.02,14,45478,卖盘
1603,13:21:53,30.42,0.01,51,155263,买盘
1604,13:21:50,30.41,--,18,57657,买盘
1605,13:21:47,30.41,0.03,1,3162,中性盘
1606,13:21:44,30.38,-0.04,84,258108,卖盘
1607,13:21:41,30.42,0.02,10,30420,买盘
1608,13:21:38,30.4,0.01,10,30400,买盘
1609,13:21:35,30.39,--,56,170184,卖盘
1610,13:21:32,30.39,--,45,136876,卖盘
1611,13:21:29,30.39,--,12,36468,卖盘
1612,13:21:26,30.39,-0.03,8,24312,卖盘
1613,13:21:23,30.42,0.02,154,468468,买盘
1614,13:21:20,30.4,--,10,30400,卖盘
1615,13:21:17,30.4,--,14,42560,卖盘
1616,13:21:08,30.4,0.02,206,626240,买盘
1617,13:21:05,30.38,0.01,42,127596,中性盘
1618,13:21:02,30.37,-0.02,36,109332,卖盘
1619,13:20:59,30.39,--,82,252115,买盘
1620,13:20:56,30.39,-0.01,18,54702,卖盘
1621,13:20:53,30.4,--,245,744921,买盘
1622,13:20:50,30.4,--,88,267520,买盘
1623,13:20:47,30.4,0.01,12,39398,买盘
1624,13:20:44,30.39,--,12,36468,卖盘
1625,13:20:41,30.39,--,52,158028,买盘
1626,13:20:38,30.39,--,8,24312,买盘
1627,13:20:35,30.39,--,1,3160,买盘
1628,13:20:32,30.39,--,28,88009,买盘
1629,13:20:29,30.39,0.02,23,70018,买盘
1630,13:20:26,30.37,--,16,51507,卖盘
1631,13:20:23,30.37,-0.02,59,179304,中性盘
1632,13:20:20,30.39,0.02,94,288583,买盘
1633,13:20:17,30.37,0.01,53,161082,买盘
1634,13:20:14,30.36,0.01,2,6072,买盘
1635,13:20:11,30.35,-0.01,0,2913,卖盘
1636,13:20:08,30.36,0.01,82,248952,买盘
1637,13:20:05,30.35,--,106,321710,买盘
1638,13:19:59,30.35,--,118,358130,买盘
1639,13:19:56,30.35,--,22,66770,买盘
1640,13:19:53,30.35,--,11,33506,买盘
1641,13:19:50,30.35,--,24,72840,买盘
1642,13:19:47,30.35,--,118,361043,买盘
1643,13:19:44,30.35,-0.01,74,224590,卖盘
1644,13:19:41,30.36,--,3,9229,买盘
1645,13:19:38,30.36,0.03,22,66792,中性盘
1646,13:19:32,30.33,--,10,30330,卖盘
1647,13:19:29,30.33,-0.03,328,997735,卖盘
1648,13:19:26,30.36,0.05,15,45661,卖盘
1649,13:19:23,30.31,-0.01,752,2279312,卖盘
1650,13:19:20,30.32,0.01,0,2910,中性盘
1651,13:19:17,30.31,--,1,3152,卖盘
1652,13:19:14,30.31,-0.01,92,281761,卖盘
1653,13:19:11,30.32,0.01,144,436608,买盘
1654,13:19:08,30.31,0.01,41,124392,买盘
1655,13:19:05,30.3,--,54,163620,卖盘
1656,13:19:02,30.3,--,44,136228,卖盘
1657,13:18:59,30.3,-0.01,9,27391,卖盘
1658,13:18:53,30.31,0.01,10,33219,买盘
1659,13:18:50,30.3,--,36,109080,卖盘
1660,13:18:47,30.3,0.01,72,220826,买盘
1661,13:18:44,30.29,-0.01,35,106136,卖盘
1662,13:18:41,30.3,--,52,157560,买盘
1663,13:18:38,30.3,--,570,1727100,买盘
1664,13:18:32,30.3,0.01,282,854460,买盘
1665,13:18:26,30.29,-0.01,18,57429,卖盘
1666,13:18:23,30.3,0.01,11,33451,买盘
1667,13:18:20,30.29,-0.01,6,21081,中性盘
1668,13:18:14,30.3,0.04,39,118291,买盘
1669,13:18:11,30.26,-0.03,14,42364,卖盘
1670,13:18:08,30.29,--,28,87719,买盘
1671,13:18:05,30.29,0.04,3,9208,买盘
1672,13:18:02,30.25,-0.04,26,78650,卖盘
1673,13:17:56,30.29,0.03,32,99835,买盘
1674,13:17:53,30.26,0.01,13,39459,中性盘
1675,13:17:50,30.25,--,18,57354,卖盘
1676,13:17:44,30.25,-0.04,34,102850,卖盘
1677,13:17:41,30.29,0.03,80,242320,买盘
1678,13:17:38,30.26,0.01,77,233123,买盘
1679,13:17:35,30.25,--,90,272250,买盘
1680,13:17:32,30.25,0.01,78,235950,买盘
1681,13:17:29,30.24,-0.05,22,69431,卖盘
1682,13:17:26,30.29,--,10,30290,买盘
1683,13:17:23,30.29,0.03,260,787540,买盘
1684,13:17:20,30.26,-0.01,1,3147,卖盘
1685,13:17:17,30.27,0.01,2,6054,买盘
1686,13:17:14,30.26,0.01,72,217872,买盘
1687,13:17:11,30.25,-0.02,90,274186,卖盘
1688,13:17:08,30.27,--,95,290107,买盘
1689,13:17:02,30.27,--,22,66594,买盘
1690,13:16:59,30.27,0.02,68,205836,买盘
1691,13:16:56,30.25,--,53,160446,卖盘
1692,13:16:50,30.25,--,30,90750,卖盘
1693,13:16:47,30.25,--,8,24200,卖盘
1694,13:16:44,30.25,0.03,339,1026806,买盘
1695,13:16:38,30.22,--,9,27318,卖盘
1696,13:16:35,30.22,-0.01,36,111693,卖盘
1697,13:16:32,30.23,0.01,127,384041,买盘
1698,13:16:29,30.22,--,60,184221,卖盘
1699,13:16:26,30.22,-0.01,15,45450,卖盘
1700,13:16:23,30.23,--,28,87546,买盘
1701,13:16:20,30.23,0.01,6,18138,买盘
1702,13:16:17,30.22,-0.01,7,21274,卖盘
1703,13:16:14,30.23,0.01,38,117776,买盘
1704,13:16:11,30.22,0.01,20,60440,买盘
1705,13:16:08,30.21,--,1,3141,卖盘
1706,13:16:05,30.21,-0.01,12,39152,卖盘
1707,13:16:02,30.22,--,31,93802,买盘
1708,13:15:59,30.22,0.01,224,679829,买盘
1709,13:15:53,30.21,0.01,10,30210,买盘
1710,13:15:50,30.2,-0.01,39,117900,卖盘
1711,13:15:47,30.21,0.03,200,604200,买盘
1712,13:15:44,30.18,-0.01,98,298661,卖盘
1713,13:15:41,30.19,-0.01,22,66418,卖盘
1714,13:15:38,30.2,--,29,87700,买盘
1715,13:15:35,30.2,0.05,54,163080,买盘
1716,13:15:29,30.15,-0.03,28,84420,卖盘
1717,13:15:26,30.18,--,8,27041,卖盘
1718,13:15:20,30.18,--,103,310974,卖盘
1719,13:15:17,30.18,--,38,114684,卖盘
1720,13:15:14,30.18,0.03,446,1348925,买盘
1721,13:15:11,30.15,0.01,15,45345,买盘
1722,13:15:05,30.14,-0.03,24,75229,卖盘
1723,13:15:02,30.17,0.02,42,126714,买盘
1724,13:14:59,30.15,-0.02,125,376995,中性盘
1725,13:14:56,30.17,--,8,27032,买盘
1726,13:14:53,30.17,--,11,33307,买盘
1727,13:14:44,30.17,--,112,337904,买盘
1728,13:14:41,30.17,--,36,108612,买盘
1729,13:14:38,30.17,0.06,6,18102,买盘
1730,13:14:35,30.11,-0.07,218,659288,卖盘
1731,13:14:32,30.18,0.01,142,428556,买盘
1732,13:14:26,30.17,-0.01,42,126714,卖盘
1733,13:14:20,30.18,0.01,23,69534,买盘
1734,13:14:17,30.17,--,29,90268,买盘
1735,13:14:14,30.17,0.01,310,935270,买盘
1736,13:14:11,30.16,--,30,90480,买盘
1737,13:14:08,30.16,0.01,54,162864,买盘
1738,13:14:05,30.15,-0.02,19,57405,卖盘
1739,13:14:02,30.17,0.01,818,2467906,买盘
1740,13:13:59,30.16,-0.01,20,60320,卖盘
1741,13:13:56,30.17,-0.01,20,60340,中性盘
1742,13:13:53,30.18,0.02,151,455838,买盘
1743,13:13:50,30.16,-0.01,56,171791,卖盘
1744,13:13:47,30.17,-0.01,9,27273,卖盘
1745,13:13:44,30.18,--,34,102612,买盘
1746,13:13:41,30.18,0.01,18,54324,买盘
1747,13:13:38,30.17,-0.01,4,12068,卖盘
1748,13:13:35,30.18,-0.03,224,678929,卖盘
1749,13:13:32,30.21,0.01,76,229596,买盘
1750,13:13:29,30.2,--,105,317220,卖盘
1751,13:13:26,30.2,--,310,936200,买盘
1752,13:13:20,30.2,--,12,36240,买盘
1753,13:13:20,30.2,--,2,8939,买盘
1754,13:13:11,30.2,--,74,223480,买盘
1755,13:13:08,30.2,0.02,8,24160,买盘
1756,13:13:05,30.18,-0.01,7,21246,卖盘
1757,13:13:02,30.19,0.01,38,114722,买盘
1758,13:12:59,30.18,--,26,78468,卖盘
1759,13:12:56,30.18,-0.01,50,150900,卖盘
1760,13:12:53,30.19,0.01,98,295862,买盘
1761,13:12:50,30.18,--,20,60360,卖盘
1762,13:12:47,30.18,--,82,247476,买盘
1763,13:12:44,30.18,--,72,217296,买盘
1764,13:12:41,30.18,--,4,14969,买盘
1765,13:12:35,30.18,-0.01,41,123858,中性盘
1766,13:12:32,30.19,0.02,22,69316,买盘
1767,13:12:29,30.17,-0.02,98,295666,卖盘
1768,13:12:26,30.19,--,14,42266,买盘
1769,13:12:23,30.19,--,54,163026,买盘
1770,13:12:20,30.19,--,3,9177,买盘
1771,13:12:14,30.19,-0.01,16,48304,卖盘
1772,13:12:11,30.2,--,8,27059,买盘
1773,13:12:08,30.2,0.01,21,63540,买盘
1774,13:12:02,30.19,--,42,129696,卖盘
1775,13:11:59,30.19,--,19,57481,卖盘
1776,13:11:56,30.19,--,102,310836,卖盘
1777,13:11:53,30.19,0.01,9,27291,中性盘
1778,13:11:50,30.18,-0.01,94,283692,卖盘
1779,13:11:47,30.19,0.01,66,199254,买盘
1780,13:11:44,30.18,-0.01,18,57221,卖盘
1781,13:11:41,30.19,--,16,48304,买盘
1782,13:11:38,30.19,--,22,66418,买盘
1783,13:11:35,30.19,-0.01,120,362280,卖盘
1784,13:11:32,30.2,--,446,1346920,买盘
1785,13:11:29,30.2,--,6,18120,买盘
1786,13:11:23,30.2,--,52,157040,买盘
1787,13:11:20,30.2,-0.01,436,1316720,卖盘
1788,13:11:17,30.21,--,70,211470,买盘
1789,13:11:14,30.21,--,15,45435,买盘
1790,13:11:11,30.21,--,6,21026,买盘
1791,13:11:08,30.21,-0.01,17,51477,卖盘
1792,13:11:05,30.22,0.02,50,151100,买盘
1793,13:11:02,30.2,-0.02,28,84560,中性盘
1794,13:10:59,30.22,0.01,186,562092,买盘
1795,13:10:53,30.21,-0.01,2,8942,中性盘
1796,13:10:50,30.22,0.02,84,253848,买盘
1797,13:10:47,30.2,--,261,788340,买盘
1798,13:10:41,30.2,--,6,18120,买盘
1799,13:10:35,30.2,--,18,54360,买盘
1800,13:10:32,30.2,-0.02,104,316979,卖盘
1801,13:10:29,30.22,--,48,145056,买盘
1802,13:10:26,30.22,--,44,132968,买盘
1803,13:10:23,30.22,--,37,111934,买盘
1804,13:10:20,30.22,0.01,0,2901,买盘
1805,13:10:17,30.21,-0.01,176,531696,卖盘
1806,13:10:14,30.22,--,25,75670,买盘
1807,13:10:11,30.22,0.01,12,36264,买盘
1808,13:10:05,30.21,--,264,800444,卖盘
1809,13:10:02,30.21,-0.01,60,181260,中性盘
1810,13:09:59,30.22,0.01,183,553146,买盘
1811,13:09:56,30.21,--,498,1507358,买盘
1812,13:09:53,30.21,--,20,60420,买盘
1813,13:09:44,30.21,0.03,555,1676775,买盘
1814,13:09:41,30.18,--,4,12072,买盘
1815,13:09:38,30.18,--,2,8933,买盘
1816,13:09:35,30.18,-0.02,106,319908,卖盘
1817,13:09:32,30.2,0.02,29,87700,买盘
1818,13:09:29,30.18,--,202,612533,卖盘
1819,13:09:26,30.18,-0.01,12,36216,卖盘
1820,13:09:23,30.19,0.01,62,187178,买盘
1821,13:09:20,30.18,0.01,22,66396,买盘
1822,13:09:17,30.17,-0.01,71,214327,卖盘
1823,13:09:08,30.18,0.02,22,69293,买盘
1824,13:09:05,30.16,-0.02,39,117744,卖盘
1825,13:09:02,30.18,--,34,105509,买盘
1826,13:08:59,30.18,-0.02,21,63498,中性盘
1827,13:08:56,30.2,--,96,289920,买盘
1828,13:08:53,30.2,--,50,153899,买盘
1829,13:08:50,30.2,--,147,444060,买盘
1830,13:08:44,30.2,--,22,69339,买盘
1831,13:08:41,30.2,0.01,39,117900,买盘
1832,13:08:35,30.19,-0.01,84,256494,卖盘
1833,13:08:32,30.2,0.01,40,120800,买盘
1834,13:08:29,30.19,--,33,99747,卖盘
1835,13:08:26,30.19,--,10,30190,卖盘
1836,13:08:23,30.19,--,24,75354,卖盘
1837,13:08:20,30.19,0.01,206,622034,买盘
1838,13:08:17,30.18,--,36,108648,卖盘
1839,13:08:14,30.18,-0.01,29,87522,卖盘
1840,13:08:08,30.19,0.01,3,9057,买盘
1841,13:08:05,30.18,--,54,162972,卖盘
1842,13:08:02,30.18,-0.01,40,120720,卖盘
1843,13:07:56,30.19,--,53,160007,买盘
1844,13:07:53,30.19,--,147,443793,卖盘
1845,13:07:50,30.19,-0.01,53,160007,卖盘
1846,13:07:44,30.2,0.01,15,45300,买盘
1847,13:07:41,30.19,-0.01,38,114722,卖盘
1848,13:07:38,30.2,0.03,40,120800,买盘
1849,13:07:32,30.17,-0.01,70,211190,卖盘
1850,13:07:26,30.18,-0.02,8,24144,卖盘
1851,13:07:23,30.2,--,49,147980,买盘
1852,13:07:20,30.2,0.01,35,105700,买盘
1853,13:07:17,30.19,-0.01,37,111703,卖盘
1854,13:07:14,30.2,0.01,33,99660,买盘
1855,13:07:11,30.19,--,516,1557804,卖盘
1856,13:07:08,30.19,0.01,12,36228,中性盘
1857,13:07:05,30.18,-0.01,528,1593504,卖盘
1858,13:07:02,30.19,0.03,22,66418,买盘
1859,13:06:59,30.16,-0.03,250,754000,卖盘
1860,13:06:56,30.19,--,22,66418,买盘
1861,13:06:53,30.19,--,28,84532,买盘
1862,13:06:50,30.19,0.01,105,316995,买盘
1863,13:06:44,30.18,-0.01,13,39234,买盘
1864,13:06:38,30.19,0.01,11,33209,买盘
1865,13:06:35,30.18,-0.02,19,57342,卖盘
1866,13:06:31,30.2,0.01,33,99660,买盘
1867,13:06:28,30.19,0.04,318,962698,买盘
1868,13:06:25,30.15,-0.04,31,93465,卖盘
1869,13:06:19,30.19,0.04,15,45285,买盘
1870,13:06:16,30.15,-0.04,38,114570,卖盘
1871,13:06:13,30.19,0.03,533,1609127,买盘
1872,13:06:10,30.16,--,5,15080,买盘
1873,13:06:07,30.16,-0.03,157,473512,卖盘
1874,13:06:04,30.19,--,8,24152,买盘
1875,13:06:01,30.19,0.03,29,87551,买盘
1876,13:05:58,30.16,-0.03,52,156832,卖盘
1877,13:05:55,30.19,--,203,612857,买盘
1878,13:05:52,30.19,0.03,51,153969,买盘
1879,13:05:49,30.16,--,70,211120,买盘
1880,13:05:46,30.16,--,112,337792,买盘
1881,13:05:43,30.16,--,64,193024,买盘
1882,13:05:40,30.16,0.05,3,9048,买盘
1883,13:05:37,30.11,-0.04,56,168616,卖盘
1884,13:05:34,30.15,0.05,10,30150,中性盘
1885,13:05:31,30.1,-0.06,23,69230,卖盘
1886,13:05:28,30.16,--,23,69368,买盘
1887,13:05:25,30.16,--,83,250328,买盘
1888,13:05:22,30.16,0.01,445,1342120,买盘
1889,13:05:19,30.15,-0.01,90,271350,卖盘
1890,13:05:16,30.16,--,77,232232,买盘
1891,13:05:10,30.16,0.01,421,1269736,中性盘
1892,13:05:07,30.15,-0.05,5,15075,卖盘
1893,13:05:04,30.2,0.04,387,1168740,买盘
1894,13:05:01,30.16,0.02,66,199056,中性盘
1895,13:04:58,30.14,-0.06,303,913242,卖盘
1896,13:04:52,30.2,0.05,80,241600,买盘
1897,13:04:49,30.15,-0.05,1592,4800121,卖盘
1898,13:04:46,30.2,--,599,1808980,买盘
1899,13:04:40,30.2,-0.01,76,229520,中性盘
1900,13:04:37,30.21,0.01,266,803586,买盘
1901,13:04:34,30.2,--,438,1322760,买盘
1902,13:04:31,30.2,-0.01,623,1881460,卖盘
1903,13:04:28,30.21,0.01,1182,3570822,买盘
1904,13:04:25,30.2,-0.01,133,401660,卖盘
1905,13:04:22,30.21,--,442,1335282,买盘
1906,13:04:19,30.21,0.01,146,441066,买盘
1907,13:04:16,30.2,--,154,465080,卖盘
1908,13:04:13,30.2,--,102,308040,卖盘
1909,13:04:10,30.2,--,938,2832760,买盘
1910,13:04:07,30.2,0.05,878,2651560,买盘
1911,13:04:01,30.15,--,193,581895,卖盘
1912,13:03:58,30.15,--,66,198990,卖盘
1913,13:03:55,30.15,--,25,75375,卖盘
1914,13:03:52,30.15,0.04,269,813808,买盘
1915,13:03:49,30.11,-0.03,1523,4585753,卖盘
1916,13:03:46,30.14,--,55,165770,卖盘
1917,13:03:43,30.14,-0.01,72,217008,中性盘
1918,13:03:37,30.15,0.05,1053,3174795,买盘
1919,13:03:34,30.1,--,391,1176910,买盘
1920,13:03:31,30.1,-0.04,91,273910,卖盘
1921,13:03:28,30.14,0.03,1502,4527028,买盘
1922,13:03:25,30.11,--,660,1987260,买盘
1923,13:03:22,30.11,0.01,20,60220,买盘
1924,13:03:19,30.1,--,141,424410,卖盘
1925,13:03:13,30.1,--,5,15050,卖盘
1926,13:03:10,30.1,--,65,195650,卖盘
1927,13:03:07,30.1,0.01,176,529760,买盘
1928,13:03:04,30.09,--,184,553656,卖盘
1929,13:03:01,30.09,--,46,138414,卖盘
1930,13:02:58,30.09,0.02,122,367098,卖盘
1931,13:02:52,30.07,-0.03,143,430001,卖盘
1932,13:02:49,30.1,--,67,201670,买盘
1933,13:02:46,30.1,--,152,457520,买盘
1934,13:02:43,30.1,--,24,72240,买盘
1935,13:02:40,30.1,0.02,13,39130,卖盘
1936,13:02:37,30.08,-0.02,47,141376,卖盘
1937,13:02:34,30.1,0.01,260,782600,买盘
1938,13:02:31,30.09,-0.01,66,198594,卖盘
1939,13:02:28,30.1,--,101,304010,买盘
1940,13:02:25,30.1,--,11,33110,买盘
1941,13:02:22,30.1,--,161,484610,买盘
1942,13:02:19,30.1,0.01,186,559860,买盘
1943,13:02:16,30.09,-0.04,41,123369,卖盘
1944,13:02:13,30.13,0.03,521,1569773,买盘
1945,13:02:10,30.1,--,30,90300,买盘
1946,13:02:07,30.1,-0.04,175,526750,卖盘
1947,13:02:04,30.14,--,115,346610,买盘
1948,13:02:01,30.14,0.05,23,69322,买盘
1949,13:01:58,30.09,-0.01,117,352053,卖盘
1950,13:01:55,30.1,-0.03,69,207690,卖盘
1951,13:01:52,30.13,0.03,175,527275,买盘
1952,13:01:49,30.1,-0.04,34,102340,卖盘
1953,13:01:43,30.14,0.04,114,343596,买盘
1954,13:01:40,30.1,-0.03,132,397320,卖盘
1955,13:01:37,30.13,--,59,177767,买盘
1956,13:01:34,30.13,--,32,96416,买盘
1957,13:01:31,30.13,0.02,30,90390,中性盘
1958,13:01:28,30.11,-0.03,73,219803,卖盘
1959,13:01:25,30.14,0.04,69,207966,买盘
1960,13:01:22,30.1,-0.04,77,231770,卖盘
1961,13:01:19,30.14,0.02,120,361680,买盘
1962,13:01:16,30.12,0.02,236,710832,中性盘
1963,13:01:10,30.1,-0.04,419,1261190,卖盘
1964,13:01:07,30.14,0.02,6,18084,买盘
1965,13:01:04,30.12,-0.01,48,144576,中性盘
1966,13:01:01,30.13,0.04,65,195845,买盘
1967,13:00:58,30.09,-0.06,811,2440299,卖盘
1968,13:00:55,30.15,--,119,358785,买盘
1969,13:00:52,30.15,--,114,343710,买盘
1970,13:00:49,30.15,0.05,23,69345,买盘
1971,13:00:46,30.1,--,228,686280,买盘
1972,13:00:43,30.1,--,1784,5369840,买盘
1973,13:00:40,30.1,--,1,3010,买盘
1974,13:00:37,30.1,--,21,63210,买盘
1975,13:00:31,30.1,--,1381,4156810,卖盘
1976,13:00:28,30.1,-0.01,195,586950,卖盘
1977,13:00:22,30.11,0.01,339,1020729,买盘
1978,13:00:19,30.1,0.02,254,764540,买盘
1979,13:00:16,30.08,--,853,2565824,卖盘
1980,13:00:10,30.08,--,2,6016,卖盘
1981,13:00:07,30.08,--,109,327872,卖盘
1982,13:00:04,30.08,0.05,1246,3747968,买盘
1983,11:30:05,30.03,-0.03,23,69069,卖盘
1984,11:29:59,30.06,-0.02,40,120240,中性盘
1985,11:29:53,30.08,0.01,23,69184,买盘
1986,11:29:50,30.07,0.04,3,9021,买盘
1987,11:29:47,30.03,0.01,7,21021,中性盘
1988,11:29:44,30.02,-0.01,204,612408,卖盘
1989,11:29:41,30.03,--,41,123123,买盘
1990,11:29:38,30.03,-0.05,55,165165,卖盘
1991,11:29:35,30.08,0.06,20,60160,买盘
1992,11:29:32,30.02,-0.03,942,2827884,卖盘
1993,11:29:29,30.05,-0.03,27,81135,卖盘
1994,11:29:26,30.08,0.06,48,144384,买盘
1995,11:29:23,30.02,-0.06,23,69046,卖盘
1996,11:29:20,30.08,-0.01,12,36096,卖盘
1997,11:29:14,30.09,--,62,186558,买盘
1998,11:29:08,30.09,0.08,2,6018,买盘
1999,11:29:05,30.01,-0.08,86,258086,卖盘
2000,11:29:02,30.09,0.01,53,159477,买盘
2001,11:28:59,30.08,-0.01,53,159424,中性盘
2002,11:28:53,30.09,0.09,58,174522,买盘
2003,11:28:50,30.0,-0.09,172,516000,卖盘
2004,11:28:47,30.09,-0.01,119,358071,中性盘
2005,11:28:41,30.1,--,18,54180,买盘
2006,11:28:38,30.1,0.1,59,177590,买盘
2007,11:28:35,30.0,-0.06,6,18000,卖盘
2008,11:28:29,30.06,0.07,450,1352700,买盘
2009,11:28:26,29.99,0.01,24,71976,买盘
2010,11:28:23,29.98,-0.02,94,281812,卖盘
2011,11:28:20,30.0,--,133,399000,买盘
2012,11:28:17,30.0,0.01,7,21000,卖盘
2013,11:28:14,29.99,--,22,65978,买盘
2014,11:28:08,29.99,--,15,44985,买盘
2015,11:28:05,29.99,-0.01,1526,4576474,卖盘
2016,11:28:02,30.0,--,41,123000,买盘
2017,11:27:59,30.0,--,54,162000,买盘
2018,11:27:56,30.0,--,273,819000,买盘
2019,11:27:53,30.0,--,104,312000,买盘
2020,11:27:50,30.0,--,296,888000,买盘
2021,11:27:47,30.0,-0.1,2334,7002000,卖盘
2022,11:27:44,30.1,0.08,12,36120,买盘
2023,11:27:41,30.02,-0.07,75,225150,卖盘
2024,11:27:38,30.09,--,67,201603,买盘
2025,11:27:35,30.09,--,9,27081,买盘
2026,11:27:32,30.09,-0.01,413,1242717,中性盘
2027,11:27:26,30.1,0.09,7,21070,买盘
2028,11:27:23,30.01,-0.09,71,213071,卖盘
2029,11:27:20,30.1,0.09,1266,3810660,中性盘
2030,11:27:14,30.01,-0.12,318,954318,卖盘
2031,11:27:11,30.13,--,22,66286,买盘
2032,11:27:08,30.13,0.13,396,1193148,买盘
2033,11:26:59,30.0,-0.13,111,333000,卖盘
2034,11:26:56,30.13,0.13,1758,5296854,买盘
2035,11:26:53,30.0,--,76,228000,买盘
2036,11:26:50,30.0,--,640,1920000,买盘
2037,11:26:47,30.0,--,82,246000,买盘
2038,11:26:44,30.0,-0.12,3004,9012000,卖盘
2039,11:26:41,30.12,--,3,9036,中性盘
2040,11:26:38,30.12,-0.01,55,165660,卖盘
2041,11:26:35,30.13,--,2055,6191715,买盘
2042,11:26:32,30.13,0.01,161,485093,买盘
2043,11:26:29,30.12,--,27,81324,卖盘
2044,11:26:26,30.12,0.01,67,201804,买盘
2045,11:26:23,30.11,0.01,415,1249565,买盘
2046,11:26:20,30.1,-0.01,160,481600,卖盘
2047,11:26:14,30.11,--,15,45165,买盘
2048,11:26:11,30.11,0.01,79,237869,买盘
2049,11:26:08,30.1,--,9,27090,买盘
2050,11:26:05,30.1,0.04,13,39130,买盘
2051,11:26:02,30.06,-0.04,1,3006,中性盘
2052,11:25:59,30.1,0.06,40,120400,买盘
2053,11:25:50,30.04,--,44,132176,卖盘
2054,11:25:47,30.04,-0.06,8,24032,卖盘
2055,11:25:41,30.1,0.06,5,15050,买盘
2056,11:25:38,30.04,-0.09,208,624832,卖盘
2057,11:25:35,30.13,0.01,95,286235,买盘
2058,11:25:32,30.12,0.01,229,689748,买盘
2059,11:25:29,30.11,--,11,33121,买盘
2060,11:25:26,30.11,--,5,15055,买盘
2061,11:25:23,30.11,-0.01,305,918355,卖盘
2062,11:25:20,30.12,0.01,40,120480,买盘
2063,11:25:17,30.11,--,49,147539,买盘
2064,11:25:14,30.11,--,10,30110,买盘
2065,11:25:11,30.11,--,52,156572,买盘
2066,11:25:08,30.11,--,15,45165,买盘
2067,11:25:05,30.11,--,89,267979,买盘
2068,11:25:02,30.11,--,5,15055,买盘
2069,11:24:59,30.11,0.01,7,21077,买盘
2070,11:24:56,30.1,-0.03,210,632100,卖盘
2071,11:24:50,30.13,--,21,63273,买盘
2072,11:24:44,30.13,0.01,253,762289,买盘
2073,11:24:38,30.12,0.04,80,240960,买盘
2074,11:24:35,30.08,-0.02,43,129343,卖盘
2075,11:24:32,30.1,0.01,224,674240,买盘
2076,11:24:29,30.09,-0.01,14,42126,卖盘
2077,11:24:26,30.1,--,22,66220,买盘
2078,11:24:23,30.1,-0.02,51,153510,卖盘
2079,11:24:20,30.12,0.01,76,228912,买盘
2080,11:24:17,30.11,0.01,25,75275,中性盘
2081,11:24:14,30.1,-0.02,39,117390,卖盘
2082,11:24:08,30.12,0.02,22,66264,买盘
2083,11:24:05,30.1,-0.02,14,42140,卖盘
2084,11:24:02,30.12,--,24,72288,买盘
2085,11:23:59,30.12,0.02,2113,6364356,买盘
2086,11:23:56,30.1,--,20,60200,卖盘
2087,11:23:53,30.1,--,37,111370,卖盘
2088,11:23:50,30.1,--,24,72240,中性盘
2089,11:23:47,30.1,--,31,93310,买盘
2090,11:23:44,30.1,0.01,29,87290,卖盘
2091,11:23:41,30.09,-0.01,53,159477,卖盘
2092,11:23:38,30.1,--,96,288960,卖盘
2093,11:23:35,30.1,--,23,69230,买盘
2094,11:23:29,30.1,--,58,174580,卖盘
2095,11:23:26,30.1,-0.04,26,78260,卖盘
2096,11:23:23,30.14,0.03,70,210980,买盘
2097,11:23:20,30.11,0.01,4,12044,卖盘
2098,11:23:17,30.1,--,154,463540,卖盘
2099,11:23:14,30.1,0.01,61,183610,买盘
2100,11:23:11,30.09,--,16,48144,卖盘
2101,11:23:08,30.09,-0.01,10,30090,卖盘
2102,11:23:05,30.1,0.02,44,133042,买盘
2103,11:23:02,30.08,-0.01,235,706880,卖盘
2104,11:22:59,30.09,-0.01,73,219657,卖盘
2105,11:22:56,30.1,-0.01,67,201670,卖盘
2106,11:22:53,30.11,-0.01,39,117429,卖盘
2107,11:22:50,30.12,0.02,69,207828,买盘
2108,11:22:47,30.1,--,357,1074570,买盘
2109,11:22:44,30.1,0.01,128,385280,卖盘
2110,11:22:38,30.09,-0.04,302,908718,卖盘
2111,11:22:35,30.13,0.02,35,105455,买盘
2112,11:22:32,30.11,0.02,9,27099,买盘
2113,11:22:29,30.09,-0.01,68,204612,卖盘
2114,11:22:20,30.1,0.01,5,15050,买盘
2115,11:22:17,30.09,--,295,887655,买盘
2116,11:22:14,30.09,--,40,120360,买盘
2117,11:22:11,30.09,-0.04,671,2019039,买盘
2118,11:22:08,30.13,0.13,680,2048840,买盘
2119,11:22:05,30.0,-0.1,18,54000,卖盘
2120,11:22:02,30.1,--,24,72240,买盘
2121,11:21:59,30.1,--,2056,6188560,买盘
2122,11:21:56,30.1,-0.01,199,601759,卖盘
2123,11:21:53,30.11,0.01,118,358188,买盘
2124,11:21:50,30.1,-0.01,19,57310,卖盘
2125,11:21:47,30.11,0.01,90,273880,买盘
2126,11:21:44,30.1,-0.01,1236,3720721,卖盘
2127,11:21:41,30.11,--,117,352287,买盘
2128,11:21:38,30.11,--,169,508859,买盘
2129,11:21:35,30.11,0.01,118,355298,买盘
2130,11:21:32,30.1,-0.01,146,439460,卖盘
2131,11:21:29,30.11,--,329,990619,卖盘
2132,11:21:26,30.11,0.01,38,114418,中性盘
2133,11:21:23,30.1,-0.02,405,1219050,卖盘
2134,11:21:20,30.12,--,101,304212,买盘
2135,11:21:16,30.12,--,38,114456,买盘
2136,11:21:13,30.12,--,125,376500,买盘
2137,11:21:07,30.12,0.02,30,90360,买盘
2138,11:21:04,30.1,-0.02,2074,6242740,卖盘
2139,11:21:01,30.12,0.01,22,66264,买盘
2140,11:20:58,30.11,-0.01,120,361320,卖盘
2141,11:20:52,30.12,--,283,852396,买盘
2142,11:20:49,30.12,--,113,340356,买盘
2143,11:20:46,30.12,-0.02,121,364452,卖盘
2144,11:20:43,30.14,--,52,156728,买盘
2145,11:20:40,30.14,--,276,831984,买盘
2146,11:20:37,30.14,-0.01,78,235092,卖盘
2147,11:20:34,30.15,0.01,20,60300,买盘
2148,11:20:31,30.14,-0.01,5,15070,卖盘
2149,11:20:28,30.15,--,39,117585,买盘
2150,11:20:25,30.15,-0.01,51,153765,中性盘
2151,11:20:22,30.16,--,122,367952,买盘
2152,11:20:16,30.16,--,84,253344,买盘
2153,11:20:13,30.16,-0.01,521,1571336,卖盘
2154,11:20:10,30.17,--,16,48272,买盘
2155,11:20:07,30.17,--,146,440482,买盘
2156,11:20:01,30.17,--,26,78442,买盘
2157,11:19:58,30.17,0.01,53,159901,买盘
2158,11:19:55,30.16,-0.01,220,663520,卖盘
2159,11:19:49,30.17,--,74,223258,买盘
2160,11:19:46,30.17,-0.01,96,289632,卖盘
2161,11:19:43,30.18,0.01,36,108648,买盘
2162,11:19:40,30.17,--,92,277564,卖盘
2163,11:19:37,30.17,-0.01,141,425397,卖盘
2164,11:19:34,30.18,--,20,60360,买盘
2165,11:19:31,30.18,0.01,127,383286,买盘
2166,11:19:28,30.17,--,23,69391,卖盘
2167,11:19:25,30.17,--,27,81459,卖盘
2168,11:19:22,30.17,-0.02,205,618485,卖盘
2169,11:19:19,30.19,0.01,70,211330,买盘
2170,11:19:16,30.18,-0.01,49,147882,卖盘
2171,11:19:07,30.19,-0.01,66,199254,卖盘
2172,11:19:04,30.2,--,58,175160,买盘
2173,11:18:58,30.2,--,249,751980,卖盘
2174,11:18:52,30.2,--,34,102680,卖盘
2175,11:18:49,30.2,--,11,33220,卖盘
2176,11:18:46,30.2,-0.01,98,295960,卖盘
2177,11:18:43,30.21,--,8,24168,买盘
2178,11:18:40,30.21,-0.01,92,277932,买盘
2179,11:18:37,30.22,--,3,9066,买盘
2180,11:18:34,30.22,0.01,1068,3227496,买盘
2181,11:18:28,30.21,--,70,211470,卖盘
2182,11:18:25,30.21,--,51,154071,卖盘
2183,11:18:22,30.21,-0.01,105,317205,卖盘
2184,11:18:19,30.22,0.01,80,241760,中性盘
2185,11:18:16,30.21,--,120,362520,买盘
2186,11:18:13,30.21,0.01,133,401793,买盘
2187,11:18:10,30.2,-0.03,15,45300,卖盘
2188,11:18:07,30.23,0.01,58,175334,买盘
2189,11:18:04,30.22,0.01,59,178298,买盘
2190,11:18:01,30.21,-0.01,18,54378,卖盘
2191,11:17:58,30.22,0.02,89,268958,中性盘
2192,11:17:55,30.2,-0.03,114,344280,卖盘
2193,11:17:52,30.23,0.02,50,151150,买盘
2194,11:17:49,30.21,-0.03,54,163134,卖盘
2195,11:17:43,30.24,0.04,200,604800,买盘
2196,11:17:40,30.2,-0.01,81,244620,卖盘
2197,11:17:37,30.21,-0.02,344,1039224,中性盘
2198,11:17:34,30.23,0.01,222,671106,买盘
2199,11:17:31,30.22,0.02,19,57418,买盘
2200,11:17:28,30.2,--,38,114760,卖盘
2201,11:17:25,30.2,-0.03,24,72480,卖盘
2202,11:17:22,30.23,--,156,471588,买盘
2203,11:17:19,30.23,-0.01,38,114874,卖盘
2204,11:17:13,30.24,0.01,27,81648,买盘
2205,11:17:10,30.23,-0.01,16,48368,卖盘
2206,11:17:07,30.24,--,362,1095171,卖盘
2207,11:17:01,30.24,-0.01,36,111767,卖盘
2208,11:16:58,30.25,--,33,99946,卖盘
2209,11:16:55,30.25,0.01,22,66550,中性盘
2210,11:16:52,30.24,-0.03,216,653184,卖盘
2211,11:16:49,30.27,0.02,100,305605,买盘
2212,11:16:46,30.25,-0.01,51,154396,卖盘
2213,11:16:43,30.26,--,22,66572,买盘
2214,11:16:40,30.26,-0.02,68,208672,卖盘
2215,11:16:34,30.28,0.03,10,30280,买盘
2216,11:16:31,30.25,-0.02,108,326700,卖盘
2217,11:16:25,30.27,-0.01,82,248214,卖盘
2218,11:16:22,30.28,--,57,172717,买盘
2219,11:16:16,30.28,-0.01,46,142194,卖盘
2220,11:16:13,30.29,--,40,121160,卖盘
2221,11:16:10,30.29,0.01,187,566544,买盘
2222,11:16:07,30.28,-0.01,126,384434,卖盘
2223,11:16:04,30.29,--,28,84812,买盘
2224,11:16:01,30.29,--,19,57672,买盘
2225,11:15:58,30.29,--,118,360329,买盘
2226,11:15:55,30.29,0.01,3,9208,买盘
2227,11:15:52,30.28,-0.01,248,753850,卖盘
2228,11:15:49,30.29,0.01,45,136426,买盘
2229,11:15:46,30.28,-0.01,30,90840,卖盘
2230,11:15:43,30.29,-0.01,102,308958,卖盘
2231,11:15:40,30.3,--,104,315120,买盘
2232,11:15:37,30.3,--,2,8968,买盘
2233,11:15:34,30.3,--,175,530371,买盘
2234,11:15:31,30.3,--,78,236340,买盘
2235,11:15:25,30.3,-0.01,134,406020,卖盘
2236,11:15:22,30.31,--,102,309162,买盘
2237,11:15:19,30.31,--,504,1527624,买盘
2238,11:15:16,30.31,0.01,114,345534,买盘
2239,11:15:13,30.3,--,50,151500,卖盘
2240,11:15:10,30.3,0.02,80,245308,卖盘
2241,11:15:07,30.28,-0.03,380,1150640,卖盘
2242,11:15:04,30.31,0.01,75,227446,买盘
2243,11:14:58,30.3,0.01,364,1105828,买盘
2244,11:14:55,30.29,-0.01,5,15266,卖盘
2245,11:14:52,30.3,--,700,2121000,买盘
2246,11:14:49,30.3,--,262,793860,买盘
2247,11:14:43,30.3,-0.01,1146,3475288,卖盘
2248,11:14:37,30.31,-0.03,111,336562,卖盘
2249,11:14:34,30.34,0.01,14,45388,中性盘
2250,11:14:31,30.33,0.01,22,66726,买盘
2251,11:14:28,30.32,-0.03,102,309264,卖盘
2252,11:14:25,30.35,0.03,221,670856,买盘
2253,11:14:22,30.32,0.01,12,39294,卖盘
2254,11:14:16,30.31,-0.02,36,109116,卖盘
2255,11:14:13,30.33,-0.02,1,3154,卖盘
2256,11:14:10,30.35,0.04,38,115330,买盘
2257,11:14:07,30.31,--,120,366629,卖盘
2258,11:14:04,30.31,-0.02,35,106206,卖盘
2259,11:14:01,30.33,--,38,118165,买盘
2260,11:13:58,30.33,0.02,75,227596,买盘
2261,11:13:55,30.31,--,94,287823,卖盘
2262,11:13:52,30.31,--,23,69834,卖盘
2263,11:13:49,30.31,--,14,42434,卖盘
2264,11:13:46,30.31,--,88,266728,卖盘
2265,11:13:43,30.31,--,354,1075883,买盘
2266,11:13:40,30.31,--,62,187922,买盘
2267,11:13:37,30.31,--,107,324438,买盘
2268,11:13:34,30.31,-0.02,16,51405,买盘
2269,11:13:31,30.33,0.02,58,175914,买盘
2270,11:13:28,30.31,-0.02,63,191074,卖盘
2271,11:13:25,30.33,-0.01,30,90990,中性盘
2272,11:13:22,30.34,0.03,66,203156,买盘
2273,11:13:19,30.31,-0.02,116,351596,卖盘
2274,11:13:16,30.33,0.02,80,242640,买盘
2275,11:13:13,30.31,-0.01,16,48496,中性盘
2276,11:13:10,30.32,0.01,220,669101,中性盘
2277,11:13:04,30.31,-0.02,75,227325,卖盘
2278,11:13:01,30.33,0.02,18,54594,买盘
2279,11:12:58,30.31,-0.01,70,212170,卖盘
2280,11:12:55,30.32,--,10,30320,卖盘
2281,11:12:52,30.32,-0.02,22,66704,卖盘
2282,11:12:49,30.34,0.03,125,379250,买盘
2283,11:12:46,30.31,--,88,266728,卖盘
2284,11:12:43,30.31,--,110,334501,卖盘
2285,11:12:40,30.31,-0.01,30,93839,卖盘
2286,11:12:37,30.32,--,112,339584,买盘
2287,11:12:34,30.32,0.01,10,30320,买盘
2288,11:12:31,30.31,0.01,173,524484,卖盘
2289,11:12:28,30.3,-0.02,24,72720,卖盘
2290,11:12:25,30.32,0.02,4,12128,买盘
2291,11:12:22,30.3,--,42,130168,卖盘
2292,11:12:19,30.3,0.03,529,1602991,买盘
2293,11:12:13,30.27,--,32,99769,买盘
2294,11:12:10,30.27,0.01,86,260322,买盘
2295,11:12:07,30.26,--,147,444943,卖盘
2296,11:12:04,30.26,-0.01,14,42364,卖盘
2297,11:11:58,30.27,0.03,498,1510351,买盘
2298,11:11:55,30.24,--,698,2113413,卖盘
2299,11:11:49,30.24,--,110,332640,卖盘
2300,11:11:46,30.24,--,263,795312,买盘
2301,11:11:43,30.24,--,11,33264,买盘
2302,11:11:40,30.24,--,2,6048,买盘
2303,11:11:37,30.24,-0.01,412,1245888,卖盘
2304,11:11:34,30.25,--,65,196625,卖盘
2305,11:11:31,30.25,-0.01,157,474925,卖盘
2306,11:11:28,30.26,0.04,974,2947324,买盘
2307,11:11:25,30.22,--,565,1707430,卖盘
2308,11:11:22,30.22,-0.03,223,673906,卖盘
2309,11:11:19,30.25,0.01,124,375100,买盘
2310,11:11:16,30.24,-0.01,13,39312,卖盘
2311,11:11:13,30.25,-0.03,114,344850,卖盘
2312,11:11:10,30.28,--,1,3028,买盘
2313,11:11:07,30.28,0.01,39,118092,买盘
2314,11:11:04,30.27,--,54,163458,卖盘
2315,11:11:01,30.27,--,41,124107,卖盘
2316,11:10:58,30.27,-0.01,51,154377,卖盘
2317,11:10:55,30.28,0.01,67,202876,中性盘
2318,11:10:49,30.27,-0.02,100,302700,卖盘
2319,11:10:43,30.29,--,3,9087,买盘
2320,11:10:40,30.29,-0.01,132,399828,卖盘
2321,11:10:34,30.3,0.02,813,2463390,买盘
2322,11:10:31,30.28,--,6,18168,买盘
2323,11:10:28,30.28,--,3,9084,买盘
2324,11:10:25,30.28,--,174,527840,卖盘
2325,11:10:22,30.28,--,84,254352,卖盘
2326,11:10:19,30.28,-0.02,583,1765324,卖盘
2327,11:10:16,30.3,-0.02,156,474740,买盘
2328,11:10:13,30.32,--,97,294104,买盘
2329,11:10:10,30.32,0.04,66,200112,买盘
2330,11:10:07,30.28,--,25,75700,卖盘
2331,11:10:04,30.28,-0.02,248,750944,卖盘
2332,11:10:01,30.3,--,52,157560,卖盘
2333,11:09:58,30.3,--,45,136350,卖盘
2334,11:09:55,30.3,0.02,63,190890,买盘
2335,11:09:52,30.28,--,107,323996,卖盘
2336,11:09:49,30.28,--,62,187736,卖盘
2337,11:09:46,30.28,--,41,124148,卖盘
2338,11:09:40,30.28,-0.01,91,275548,卖盘
2339,11:09:37,30.29,-0.01,40,121160,中性盘
2340,11:09:34,30.3,--,7,21210,买盘
2341,11:09:31,30.3,--,74,224220,卖盘
2342,11:09:28,30.3,--,46,139380,买盘
2343,11:09:25,30.3,-0.01,120,363600,买盘
2344,11:09:22,30.31,0.01,125,378875,买盘
2345,11:09:19,30.3,--,198,599940,卖盘
2346,11:09:16,30.3,--,80,242400,卖盘
2347,11:09:13,30.3,-0.02,10,30300,卖盘
2348,11:09:10,30.32,--,5,15160,买盘
2349,11:09:07,30.32,0.01,26,78832,买盘
2350,11:09:04,30.31,0.01,70,212170,卖盘
2351,11:09:01,30.3,-0.01,40,121200,卖盘
2352,11:08:58,30.31,--,95,287945,买盘
2353,11:08:55,30.31,0.01,37,112147,买盘
2354,11:08:52,30.3,-0.01,142,430260,卖盘
2355,11:08:49,30.31,--,53,160643,买盘
2356,11:08:46,30.31,--,50,151550,买盘
2357,11:08:43,30.31,--,79,239449,买盘
2358,11:08:40,30.31,-0.03,400,1212400,卖盘
2359,11:08:37,30.34,0.02,110,333740,买盘
2360,11:08:31,30.32,-0.02,21,63672,卖盘
2361,11:08:28,30.34,0.03,38,115292,中性盘
2362,11:08:22,30.31,-0.01,38,115178,卖盘
2363,11:08:19,30.32,-0.05,195,591240,卖盘
2364,11:08:16,30.37,0.01,311,944507,买盘
2365,11:08:10,30.36,0.05,496,1505856,买盘
2366,11:08:07,30.31,-0.02,25,75775,卖盘
2367,11:08:04,30.33,0.02,8,24264,买盘
2368,11:08:01,30.31,-0.02,173,524363,卖盘
2369,11:07:52,30.33,0.01,85,257805,买盘
2370,11:07:49,30.32,-0.03,356,1079392,卖盘
2371,11:07:46,30.35,-0.02,123,373305,卖盘
2372,11:07:43,30.37,0.02,10,30370,买盘
2373,11:07:40,30.35,-0.02,312,946920,卖盘
2374,11:07:37,30.37,-0.01,41,124517,卖盘
2375,11:07:34,30.38,--,3,9114,买盘
2376,11:07:31,30.38,--,3,9114,买盘
2377,11:07:28,30.38,-0.02,296,899248,卖盘
2378,11:07:22,30.4,--,50,152000,买盘
2379,11:07:19,30.4,--,199,604960,买盘
2380,11:07:16,30.4,-0.02,1221,3712204,卖盘
2381,11:07:13,30.42,0.01,114,349708,买盘
2382,11:07:10,30.41,--,97,295098,卖盘
2383,11:07:07,30.41,--,50,152050,卖盘
2384,11:07:04,30.41,-0.02,78,237198,卖盘
2385,11:07:01,30.43,0.02,742,2257906,买盘
2386,11:06:52,30.41,-0.02,80,243280,卖盘
2387,11:06:49,30.43,0.02,30,91290,买盘
2388,11:06:43,30.41,-0.03,202,614282,卖盘
2389,11:06:40,30.44,0.03,106,322664,买盘
2390,11:06:37,30.41,--,40,124559,买盘
2391,11:06:34,30.41,-0.03,114,346674,卖盘
2392,11:06:31,30.44,0.02,82,249608,买盘
2393,11:06:28,30.42,0.01,172,523224,买盘
2394,11:06:25,30.41,--,68,206788,卖盘
2395,11:06:22,30.41,-0.01,12,36492,卖盘
2396,11:06:16,30.42,--,1,3163,买盘
2397,11:06:13,30.42,--,44,133848,卖盘
2398,11:06:10,30.42,-0.01,86,264532,卖盘
2399,11:06:07,30.43,--,20,60860,买盘
2400,11:06:04,30.43,-0.01,1,3164,买盘
2401,11:06:01,30.44,0.01,204,620976,买盘
2402,11:05:58,30.43,--,6,18258,卖盘
2403,11:05:52,30.43,--,42,127806,卖盘
2404,11:05:49,30.43,-0.01,44,133892,卖盘
2405,11:05:46,30.44,--,4,15098,买盘
2406,11:05:43,30.44,0.01,8,24352,买盘
2407,11:05:40,30.43,0.01,81,246604,买盘
2408,11:05:37,30.42,-0.01,12,36504,卖盘
2409,11:05:34,30.43,--,120,365160,买盘
2410,11:05:31,30.43,--,4,12172,买盘
2411,11:05:25,30.43,-0.02,542,1649306,卖盘
2412,11:05:22,30.45,--,2,6090,卖盘
2413,11:05:19,30.45,--,456,1389981,买盘
2414,11:05:16,30.45,0.02,26,79170,买盘
2415,11:05:13,30.43,-0.01,41,124763,卖盘
2416,11:05:07,30.44,-0.01,18,54792,买盘
2417,11:05:04,30.45,--,46,140070,买盘
2418,11:05:01,30.45,0.02,371,1129695,买盘
2419,11:04:58,30.43,-0.01,7,21301,卖盘
2420,11:04:55,30.44,--,63,191772,买盘
2421,11:04:52,30.44,0.02,82,249608,买盘
2422,11:04:49,30.42,-0.03,60,182520,中性盘
2423,11:04:46,30.45,0.02,140,426300,买盘
2424,11:04:43,30.43,0.03,95,290302,买盘
2425,11:04:40,30.4,-0.01,54,164160,卖盘
2426,11:04:37,30.41,-0.02,51,155091,卖盘
2427,11:04:34,30.43,0.03,35,106505,买盘
2428,11:04:31,30.4,--,236,717440,卖盘
2429,11:04:28,30.4,--,69,209760,卖盘
2430,11:04:25,30.4,--,71,215840,卖盘
2431,11:04:22,30.4,--,449,1364960,买盘
2432,11:04:19,30.4,0.01,129,392160,买盘
2433,11:04:16,30.39,--,119,361641,卖盘
2434,11:04:13,30.39,-0.01,153,464967,卖盘
2435,11:04:10,30.4,0.01,500,1520000,买盘
2436,11:04:07,30.39,0.01,6,18234,中性盘
2437,11:04:04,30.38,--,1069,3247622,卖盘
2438,11:03:58,30.38,-0.02,5,15190,卖盘
2439,11:03:55,30.4,--,145,440800,买盘
2440,11:03:52,30.4,--,65,197600,买盘
2441,11:03:49,30.4,--,31,94240,买盘
2442,11:03:46,30.4,--,27,82080,买盘
2443,11:03:43,30.4,--,10,30400,买盘
2444,11:03:40,30.4,--,376,1143040,卖盘
2445,11:03:37,30.4,-0.05,20,60800,卖盘
2446,11:03:34,30.45,0.01,625,1903125,买盘
2447,11:03:31,30.44,--,158,480952,买盘
2448,11:03:28,30.44,0.02,273,831012,买盘
2449,11:03:25,30.42,0.01,26,79092,买盘
2450,11:03:22,30.41,-0.01,25,76025,卖盘
2451,11:03:19,30.42,--,272,827424,卖盘
2452,11:03:16,30.42,--,1,3042,卖盘
2453,11:03:13,30.42,--,83,252486,卖盘
2454,11:03:10,30.42,--,13,39546,卖盘
2455,11:03:07,30.42,0.01,173,526266,买盘
2456,11:03:04,30.41,-0.01,637,1937117,卖盘
2457,11:02:58,30.42,0.01,11,33462,买盘
2458,11:02:55,30.41,-0.01,93,282813,卖盘
2459,11:02:52,30.42,0.01,202,614484,买盘
2460,11:02:46,30.41,-0.01,6,18246,中性盘
2461,11:02:43,30.42,0.01,86,261612,买盘
2462,11:02:40,30.41,--,65,197665,买盘
2463,11:02:37,30.41,-0.03,541,1645181,卖盘
2464,11:02:31,30.44,0.02,27,82188,买盘
2465,11:02:28,30.42,--,107,325494,卖盘
2466,11:02:25,30.42,--,50,152100,卖盘
2467,11:02:22,30.42,0.01,88,267696,买盘
2468,11:02:19,30.41,--,56,170296,买盘
2469,11:02:16,30.41,0.01,11,33451,买盘
2470,11:02:13,30.4,-0.01,69,209760,卖盘
2471,11:02:10,30.41,-0.04,20,60820,中性盘
2472,11:02:07,30.45,0.03,68,207060,买盘
2473,11:02:04,30.42,0.02,12,36504,买盘
2474,11:02:01,30.4,--,196,595840,卖盘
2475,11:01:58,30.4,--,104,316160,卖盘
2476,11:01:55,30.4,-0.02,20,60800,卖盘
2477,11:01:52,30.42,0.02,34,103428,买盘
2478,11:01:48,30.4,-0.01,53,161120,卖盘
2479,11:01:42,30.41,--,117,355797,买盘
2480,11:01:36,30.41,0.01,78,237198,买盘
2481,11:01:33,30.4,0.02,96,291840,买盘
2482,11:01:30,30.38,-0.02,27,82026,卖盘
2483,11:01:27,30.4,-0.01,28,85120,卖盘
2484,11:01:24,30.41,0.01,404,1228564,买盘
2485,11:01:21,30.4,--,42,127680,买盘
2486,11:01:18,30.4,--,1058,3216320,买盘
2487,11:01:15,30.4,-0.02,627,1906080,卖盘
2488,11:01:12,30.42,0.02,131,398502,买盘
2489,11:01:09,30.4,-0.02,15,45600,卖盘
2490,11:01:06,30.42,--,135,410670,买盘
2491,11:01:03,30.42,--,28,85176,买盘
2492,11:01:00,30.42,--,61,185562,买盘
2493,11:00:57,30.42,--,40,121680,买盘
2494,11:00:54,30.42,0.01,77,234234,卖盘
2495,11:00:51,30.41,-0.01,80,243280,卖盘
2496,11:00:48,30.42,--,138,419796,买盘
2497,11:00:45,30.42,--,8,24336,买盘
2498,11:00:42,30.42,0.03,114,346788,买盘
2499,11:00:39,30.39,-0.01,63,191457,卖盘
2500,11:00:36,30.4,--,177,538080,买盘
2501,11:00:33,30.4,--,41,124640,买盘
2502,11:00:27,30.4,--,28,85120,买盘
2503,11:00:24,30.4,0.03,251,763040,买盘
2504,11:00:21,30.37,-0.03,28,85036,中性盘
2505,11:00:18,30.4,0.04,243,738720,买盘
2506,11:00:15,30.36,-0.01,72,218592,卖盘
2507,11:00:12,30.37,--,60,182220,买盘
2508,11:00:06,30.37,0.01,170,516290,买盘
2509,11:00:03,30.36,--,15,45540,卖盘
2510,11:00:00,30.36,0.01,319,971277,买盘
2511,10:59:57,30.35,-0.01,331,1004585,卖盘
2512,10:59:54,30.36,0.01,255,774180,买盘
2513,10:59:51,30.35,0.01,34,103190,买盘
2514,10:59:48,30.34,-0.01,47,142598,卖盘
2515,10:59:42,30.35,--,25,75875,买盘
2516,10:59:39,30.35,0.01,46,139610,买盘
2517,10:59:36,30.34,--,148,449032,卖盘
2518,10:59:33,30.34,0.01,226,685684,买盘
2519,10:59:30,30.33,--,24,72792,买盘
2520,10:59:27,30.33,--,35,106155,买盘
2521,10:59:24,30.33,0.01,135,409455,买盘
2522,10:59:18,30.32,-0.01,2,6064,中性盘
2523,10:59:15,30.33,0.02,194,588402,买盘
2524,10:59:12,30.31,--,92,278852,买盘
2525,10:59:09,30.31,-0.01,26,78806,买盘
2526,10:59:06,30.32,0.01,47,142504,买盘
2527,10:59:03,30.31,0.01,4,12124,卖盘
2528,10:59:00,30.3,--,153,463590,卖盘
2529,10:58:57,30.3,-0.01,73,221190,卖盘
2530,10:58:54,30.31,0.01,14,42434,买盘
2531,10:58:51,30.3,--,33,99990,卖盘
2532,10:58:48,30.3,-0.01,39,118170,卖盘
2533,10:58:45,30.31,0.01,25,75775,买盘
2534,10:58:39,30.3,-0.02,30,90900,中性盘
2535,10:58:36,30.32,0.02,134,406288,买盘
2536,10:58:33,30.3,--,64,193920,买盘
2537,10:58:30,30.3,-0.01,10,30300,中性盘
2538,10:58:27,30.31,0.01,26,78806,买盘
2539,10:58:24,30.3,-0.05,20,60600,卖盘
2540,10:58:21,30.35,0.1,30,91050,买盘
2541,10:58:18,30.25,-0.05,539,1630475,卖盘
2542,10:58:15,30.3,--,35,106050,卖盘
2543,10:58:09,30.3,-0.03,36,109080,卖盘
2544,10:58:06,30.33,0.07,503,1525599,买盘
2545,10:58:03,30.26,--,40,121040,买盘
2546,10:58:00,30.26,-0.07,546,1652196,卖盘
2547,10:57:57,30.33,--,38,115254,买盘
2548,10:57:54,30.33,0.03,91,276003,买盘
2549,10:57:51,30.3,--,28,84840,卖盘
2550,10:57:48,30.3,-0.03,178,539340,卖盘
2551,10:57:42,30.33,0.06,838,2543959,买盘
2552,10:57:39,30.27,-0.01,6,18162,卖盘
2553,10:57:36,30.28,--,111,336108,买盘
2554,10:57:33,30.28,0.02,136,411808,买盘
2555,10:57:30,30.26,-0.01,79,239054,中性盘
2556,10:57:27,30.27,--,17,51459,买盘
2557,10:57:24,30.27,--,51,154377,买盘
2558,10:57:21,30.27,-0.01,49,148323,卖盘
2559,10:57:18,30.28,--,117,354276,买盘
2560,10:57:15,30.28,0.01,128,387584,买盘
2561,10:57:12,30.27,-0.01,25,75675,卖盘
2562,10:57:09,30.28,--,27,81756,买盘
2563,10:57:06,30.28,--,52,157456,买盘
2564,10:57:00,30.28,0.04,86,260408,买盘
2565,10:56:54,30.24,0.01,6,18144,中性盘
2566,10:56:51,30.23,-0.02,228,689244,卖盘
2567,10:56:48,30.25,0.02,162,490050,买盘
2568,10:56:45,30.23,0.01,13,39299,买盘
2569,10:56:42,30.22,--,7,21154,卖盘
2570,10:56:39,30.22,-0.01,5,15110,卖盘
2571,10:56:36,30.23,0.02,86,259978,买盘
2572,10:56:33,30.21,-0.01,11,33231,卖盘
2573,10:56:30,30.22,0.02,134,405915,买盘
2574,10:56:27,30.2,0.02,103,311060,买盘
2575,10:56:24,30.18,--,1337,4035307,卖盘
2576,10:56:21,30.18,-0.01,27,81486,卖盘
2577,10:56:18,30.19,0.01,260,787717,买盘
2578,10:56:15,30.18,--,133,401394,卖盘
2579,10:56:12,30.18,--,87,262566,卖盘
2580,10:56:09,30.18,0.05,16,48288,中性盘
2581,10:56:06,30.13,-0.04,325,981514,卖盘
2582,10:56:03,30.17,--,142,428414,卖盘
2583,10:56:00,30.17,0.02,371,1120272,买盘
2584,10:55:57,30.15,-0.01,315,950086,卖盘
2585,10:55:51,30.16,--,94,283504,卖盘
2586,10:55:48,30.16,-0.01,451,1361663,卖盘
2587,10:55:45,30.17,0.01,9,27153,买盘
2588,10:55:42,30.16,--,134,404988,买盘
2589,10:55:39,30.16,-0.03,568,1713088,卖盘
2590,10:55:33,30.19,0.02,111,335109,买盘
2591,10:55:30,30.17,--,42,126714,买盘
2592,10:55:27,30.17,--,25,75425,买盘
2593,10:55:24,30.17,-0.02,174,524958,卖盘
2594,10:55:18,30.19,0.02,133,401527,买盘
2595,10:55:15,30.17,-0.01,41,123697,卖盘
2596,10:55:12,30.18,-0.02,71,214278,卖盘
2597,10:55:09,30.2,--,20,60400,买盘
2598,10:55:06,30.2,--,81,244620,买盘
2599,10:55:03,30.2,--,64,193280,卖盘
2600,10:55:00,30.2,-0.03,134,404680,卖盘
2601,10:54:57,30.23,0.01,29,87667,买盘
2602,10:54:54,30.22,0.01,40,120880,中性盘
2603,10:54:51,30.21,-0.01,64,193344,买盘
2604,10:54:48,30.22,--,229,692038,买盘
2605,10:54:42,30.22,0.01,10,30220,买盘
2606,10:54:39,30.21,-0.02,100,302100,卖盘
2607,10:54:36,30.23,--,12,36276,买盘
2608,10:54:33,30.23,--,69,208587,卖盘
2609,10:54:30,30.23,--,34,102782,卖盘
2610,10:54:27,30.23,--,101,305323,卖盘
2611,10:54:24,30.23,-0.02,219,662037,中性盘
2612,10:54:21,30.25,0.02,58,175450,中性盘
2613,10:54:18,30.23,-0.02,100,302300,卖盘
2614,10:54:15,30.25,--,242,732050,买盘
2615,10:54:12,30.25,-0.01,49,148225,中性盘
2616,10:54:09,30.26,--,21,63546,买盘
2617,10:54:06,30.26,0.01,13,39338,买盘
2618,10:54:03,30.25,0.03,99,299475,中性盘
2619,10:54:00,30.22,-0.04,58,175276,卖盘
2620,10:53:54,30.26,--,62,187612,买盘
2621,10:53:51,30.26,-0.03,36,108936,中性盘
2622,10:53:48,30.29,0.05,472,1429688,买盘
2623,10:53:45,30.24,-0.04,190,574560,卖盘
2624,10:53:42,30.28,--,18,54504,买盘
2625,10:53:39,30.28,0.02,35,105980,买盘
2626,10:53:30,30.26,-0.02,109,332012,卖盘
2627,10:53:30,30.28,-0.01,370,1122419,卖盘
2628,10:53:27,30.29,-0.01,3,9087,中性盘
2629,10:53:24,30.3,--,349,1057470,买盘
2630,10:53:21,30.3,0.01,126,381780,买盘
2631,10:53:18,30.29,-0.01,167,505843,卖盘
2632,10:53:15,30.3,--,18,54540,买盘
2633,10:53:12,30.3,--,97,294273,卖盘
2634,10:53:09,30.3,--,291,884396,卖盘
2635,10:53:06,30.3,-0.05,327,990810,卖盘
2636,10:53:03,30.35,--,15,45525,买盘
2637,10:53:00,30.35,--,43,130505,买盘
2638,10:52:54,30.35,-0.02,70,212935,卖盘
2639,10:52:51,30.37,-0.01,372,1129764,中性盘
2640,10:52:48,30.38,0.02,204,622668,买盘
2641,10:52:45,30.36,-0.02,270,822391,卖盘
2642,10:52:39,30.38,0.01,110,334180,买盘
2643,10:52:36,30.37,-0.01,295,895915,卖盘
2644,10:52:24,30.38,0.01,307,933638,买盘
2645,10:52:21,30.37,-0.01,298,905026,卖盘
2646,10:52:15,30.38,0.01,6,18228,买盘
2647,10:52:12,30.37,-0.01,7,21259,卖盘
2648,10:52:09,30.38,--,148,449624,卖盘
2649,10:52:06,30.38,-0.01,35,106330,卖盘
2650,10:52:03,30.39,--,14,42546,卖盘
2651,10:52:00,30.39,0.01,64,194496,买盘
2652,10:51:57,30.38,--,14,42532,卖盘
2653,10:51:54,30.38,0.01,113,343294,卖盘
2654,10:51:48,30.37,-0.02,143,434291,卖盘
2655,10:51:45,30.39,0.01,40,121560,买盘
2656,10:51:42,30.38,0.01,22,66836,卖盘
2657,10:51:39,30.37,--,1,3037,卖盘
2658,10:51:36,30.37,--,59,179183,卖盘
2659,10:51:30,30.37,-0.03,127,385699,卖盘
2660,10:51:27,30.4,0.03,16,48640,买盘
2661,10:51:24,30.37,-0.04,167,507179,卖盘
2662,10:51:18,30.41,0.03,296,902203,买盘
2663,10:51:15,30.38,--,10,30380,买盘
2664,10:51:12,30.38,-0.02,84,255192,卖盘
2665,10:51:09,30.4,--,211,641440,买盘
2666,10:51:06,30.4,--,42,127680,买盘
2667,10:51:03,30.4,0.03,2,6080,买盘
2668,10:51:00,30.37,-0.03,123,373551,卖盘
2669,10:50:57,30.4,--,29,88160,买盘
2670,10:50:54,30.4,--,139,422560,卖盘
2671,10:50:51,30.4,--,36,109440,卖盘
2672,10:50:48,30.4,--,110,334400,卖盘
2673,10:50:45,30.4,--,21,63840,买盘
2674,10:50:42,30.4,--,5,15200,买盘
2675,10:50:39,30.4,--,4,12160,买盘
2676,10:50:36,30.4,-0.03,14,42560,卖盘
2677,10:50:33,30.43,0.03,128,389504,买盘
2678,10:50:30,30.4,-0.03,8,24320,卖盘
2679,10:50:27,30.43,--,9,27387,买盘
2680,10:50:24,30.43,--,68,206924,买盘
2681,10:50:21,30.43,--,11,33473,买盘
2682,10:50:18,30.43,--,51,155193,买盘
2683,10:50:15,30.43,--,161,489923,买盘
2684,10:50:12,30.43,--,29,88247,买盘
2685,10:50:06,30.43,--,24,73032,买盘
2686,10:50:03,30.43,0.03,104,316472,买盘
2687,10:50:00,30.4,--,69,209760,买盘
2688,10:49:57,30.4,-0.03,68,206720,卖盘
2689,10:49:54,30.43,--,71,216053,中性盘
2690,10:49:51,30.43,-0.02,172,523396,中性盘
2691,10:49:48,30.45,0.02,431,1313491,买盘
2692,10:49:42,30.43,--,10,30430,卖盘
2693,10:49:39,30.43,0.03,210,640977,买盘
2694,10:49:36,30.4,--,29,88160,买盘
2695,10:49:33,30.4,-0.01,145,442745,卖盘
2696,10:49:27,30.41,0.01,35,106435,买盘
2697,10:49:24,30.4,-0.01,67,203680,卖盘
2698,10:49:21,30.41,-0.04,9,27369,卖盘
2699,10:49:18,30.45,0.04,62,188790,买盘
2700,10:49:15,30.41,--,5,15205,买盘
2701,10:49:12,30.41,-0.03,357,1085637,卖盘
2702,10:49:09,30.44,--,11,33484,买盘
2703,10:49:06,30.44,0.03,27,82188,买盘
2704,10:49:03,30.41,-0.04,122,371002,卖盘
2705,10:48:57,30.45,0.01,199,605955,买盘
2706,10:48:54,30.44,-0.02,100,304400,卖盘
2707,10:48:51,30.46,0.01,66,201036,买盘
2708,10:48:48,30.45,-0.01,39,118755,中性盘
2709,10:48:45,30.46,0.05,108,328968,买盘
2710,10:48:39,30.41,0.01,51,155091,中性盘
