,time,price,change,volume,amount,type
0,15:00:22,23.85,--,1789,4266765,买盘
1,14:58:16,23.85,--,0,0,买盘
2,14:57:01,23.85,0.01,26,62010,卖盘
3,14:56:58,23.84,--,89,212176,卖盘
4,14:56:52,23.84,--,4,9536,卖盘
5,14:56:49,23.84,--,34,81056,卖盘
6,14:56:46,23.84,--,308,734319,卖盘
7,14:56:40,23.84,--,54,130428,买盘
8,14:56:37,23.84,--,8,19072,买盘
9,14:56:34,23.84,0.01,4,9536,买盘
10,14:56:31,23.83,-0.01,8,19064,卖盘
11,14:56:28,23.84,0.01,29,69136,买盘
12,14:56:25,23.83,-0.01,41,97703,卖盘
13,14:56:22,23.84,--,56,134195,卖盘
14,14:56:19,23.84,--,59,140656,卖盘
15,14:56:16,23.84,--,10,23840,卖盘
16,14:56:13,23.84,--,66,157344,卖盘
17,14:56:07,23.84,--,65,154960,卖盘
18,14:56:01,23.84,--,25,59600,卖盘
19,14:55:58,23.84,--,122,290848,卖盘
20,14:55:52,23.84,-0.01,81,193104,卖盘
21,14:55:49,23.85,0.01,7,16695,买盘
22,14:55:46,23.84,-0.01,40,95360,卖盘
23,14:55:40,23.85,--,90,214650,买盘
24,14:55:37,23.85,--,101,240885,买盘
25,14:55:34,23.85,0.01,298,712423,买盘
26,14:55:28,23.84,--,27,64368,卖盘
27,14:55:25,23.84,--,10,23840,卖盘
28,14:55:22,23.84,--,45,107280,卖盘
29,14:55:19,23.84,-0.01,76,181184,卖盘
30,14:55:16,23.85,0.01,41,97785,买盘
31,14:55:13,23.84,-0.01,130,309920,卖盘
32,14:55:10,23.85,0.01,44,104940,买盘
33,14:55:07,23.84,-0.01,27,64368,卖盘
34,14:54:58,23.85,--,250,596250,买盘
35,14:54:55,23.85,0.01,156,372060,买盘
36,14:54:52,23.84,-0.01,5,11920,卖盘
37,14:54:49,23.85,--,34,81090,买盘
38,14:54:46,23.85,0.01,143,343416,买盘
39,14:54:43,23.84,-0.01,16,38144,卖盘
40,14:54:40,23.85,0.01,27,64395,买盘
41,14:54:37,23.84,--,34,81056,卖盘
42,14:54:31,23.84,0.01,471,1122887,买盘
43,14:54:28,23.83,--,28,66724,买盘
44,14:54:25,23.83,0.01,40,95320,买盘
45,14:54:22,23.82,--,58,138156,卖盘
46,14:54:19,23.82,-0.01,226,538332,卖盘
47,14:54:16,23.83,--,24,57191,买盘
48,14:54:13,23.83,--,112,266896,买盘
49,14:54:10,23.83,--,20,47660,买盘
50,14:54:07,23.83,0.01,26,61957,买盘
51,14:54:04,23.82,-0.01,11,26202,卖盘
52,14:53:58,23.83,--,43,102468,买盘
53,14:53:49,23.83,0.01,46,109617,中性盘
54,14:53:46,23.82,-0.01,114,271548,卖盘
55,14:53:43,23.83,-0.01,5,11915,卖盘
56,14:53:40,23.84,0.02,2,4768,买盘
57,14:53:37,23.82,--,315,750330,卖盘
58,14:53:34,23.82,--,13,30966,卖盘
59,14:53:31,23.82,--,13,30966,卖盘
60,14:53:28,23.82,--,4,9528,卖盘
61,14:53:25,23.82,0.01,1,2382,买盘
62,14:53:22,23.81,--,59,140479,卖盘
63,14:53:19,23.81,-0.01,183,435723,卖盘
64,14:53:13,23.82,0.01,99,235818,买盘
65,14:53:10,23.81,-0.01,18,42858,卖盘
66,14:53:07,23.82,--,183,435906,买盘
67,14:53:04,23.82,0.01,9,21438,买盘
68,14:53:01,23.81,--,52,123812,卖盘
69,14:52:58,23.81,--,10,23810,卖盘
70,14:52:55,23.81,--,80,190480,买盘
71,14:52:52,23.81,0.01,205,488105,买盘
72,14:52:49,23.8,--,13,30940,卖盘
73,14:52:43,23.8,0.02,464,1104915,买盘
74,14:52:37,23.78,-0.02,6,14268,中性盘
75,14:52:34,23.8,0.02,2015,4795700,买盘
76,14:52:31,23.78,--,99,235422,买盘
77,14:52:28,23.78,--,50,118900,买盘
78,14:52:25,23.78,0.01,93,221154,买盘
79,14:52:22,23.77,-0.01,16,38032,卖盘
80,14:52:19,23.78,--,55,130790,买盘
81,14:52:16,23.78,--,97,230666,买盘
82,14:52:13,23.78,0.01,258,613524,买盘
83,14:52:10,23.77,-0.01,27,64179,卖盘
84,14:52:07,23.78,--,38,90364,买盘
85,14:52:04,23.78,0.01,175,416150,买盘
86,14:52:01,23.77,-0.01,20,47540,卖盘
87,14:51:58,23.78,0.01,190,451820,买盘
88,14:51:55,23.77,--,10,23770,卖盘
89,14:51:52,23.77,-0.01,4,9508,中性盘
90,14:51:49,23.78,--,91,216398,买盘
91,14:51:46,23.78,0.01,6,14268,买盘
92,14:51:43,23.77,--,10,23770,卖盘
93,14:51:37,23.77,-0.01,10,23770,卖盘
94,14:51:34,23.78,0.01,28,66584,买盘
95,14:51:28,23.77,0.01,11,26147,中性盘
96,14:51:25,23.76,-0.02,4,9504,卖盘
97,14:51:22,23.78,0.01,344,818032,买盘
98,14:51:19,23.77,--,9,21393,买盘
99,14:51:16,23.77,--,84,199668,买盘
100,14:51:10,23.77,-0.01,46,109342,卖盘
101,14:51:07,23.78,0.01,52,123656,买盘
102,14:51:04,23.77,--,17,40409,中性盘
103,14:50:58,23.77,--,26,61802,卖盘
104,14:50:55,23.77,--,36,85572,卖盘
105,14:50:52,23.77,0.01,157,373189,买盘
106,14:50:49,23.76,-0.01,68,162756,卖盘
107,14:50:46,23.77,0.01,20,47540,买盘
108,14:50:43,23.76,--,8,19008,卖盘
109,14:50:40,23.76,-0.01,32,76032,卖盘
110,14:50:34,23.77,0.01,10,23770,买盘
111,14:50:31,23.76,--,1,2376,卖盘
112,14:50:25,23.76,--,10,23760,卖盘
113,14:50:19,23.76,-0.01,11,26136,卖盘
114,14:50:16,23.77,0.01,10,23770,买盘
115,14:50:13,23.76,--,36,85536,卖盘
116,14:50:01,23.76,--,12,28512,卖盘
117,14:49:55,23.76,-0.01,4,9504,卖盘
118,14:49:52,23.77,0.01,3,7131,买盘
119,14:49:49,23.76,--,4,9504,卖盘
120,14:49:46,23.76,-0.01,80,190080,卖盘
121,14:49:40,23.77,--,102,242454,买盘
122,14:49:37,23.77,0.01,50,118850,买盘
123,14:49:34,23.76,--,98,232848,卖盘
124,14:49:31,23.76,--,1,2376,卖盘
125,14:49:28,23.76,--,6,14256,卖盘
126,14:49:25,23.76,--,1,2376,卖盘
127,14:49:16,23.76,--,23,54648,卖盘
128,14:49:13,23.76,--,24,57024,买盘
129,14:49:10,23.76,--,21,49896,买盘
130,14:49:07,23.76,--,105,249480,中性盘
131,14:48:52,23.76,--,34,80784,买盘
132,14:48:46,23.76,--,1,2376,买盘
133,14:48:40,23.76,--,38,90288,卖盘
134,14:48:34,23.76,--,27,64152,买盘
135,14:48:28,23.76,--,3,7128,买盘
136,14:48:25,23.76,--,66,156816,卖盘
137,14:48:22,23.76,--,15,35640,卖盘
138,14:48:19,23.76,--,6,14256,卖盘
139,14:48:16,23.76,--,45,106920,买盘
140,14:48:04,23.76,--,5,11880,买盘
141,14:48:01,23.76,--,2,4752,买盘
142,14:47:57,23.76,-0.01,54,128304,卖盘
143,14:47:54,23.77,0.01,104,247208,买盘
144,14:47:51,23.76,-0.01,8,19008,卖盘
145,14:47:42,23.77,0.01,30,71310,买盘
146,14:47:39,23.76,--,1,2376,卖盘
147,14:47:36,23.76,--,19,45144,卖盘
148,14:47:33,23.76,--,34,80784,卖盘
149,14:47:30,23.76,--,10,23760,卖盘
150,14:47:27,23.76,--,5,11880,卖盘
151,14:47:24,23.76,--,14,33264,卖盘
152,14:47:18,23.76,--,5,11880,卖盘
153,14:47:15,23.76,--,18,42768,买盘
154,14:47:12,23.76,--,16,38016,买盘
155,14:47:09,23.76,--,10,23760,买盘
156,14:47:03,23.76,--,4,9504,买盘
157,14:46:57,23.76,0.01,5,11880,买盘
158,14:46:54,23.75,-0.01,2,4750,卖盘
159,14:46:45,23.76,-0.01,5,11880,买盘
160,14:46:39,23.77,0.02,5,11885,买盘
161,14:46:36,23.75,-0.01,26,61750,卖盘
162,14:46:33,23.76,--,19,45144,卖盘
163,14:46:27,23.76,--,2,4752,卖盘
164,14:46:24,23.76,--,13,30888,买盘
165,14:46:18,23.76,--,6,14256,买盘
166,14:46:15,23.76,0.01,1,2376,买盘
167,14:46:12,23.75,-0.01,44,104500,卖盘
168,14:46:06,23.76,-0.02,19,45144,卖盘
169,14:46:03,23.78,--,5,11890,买盘
170,14:46:00,23.78,--,64,152192,买盘
171,14:45:54,23.78,0.02,35,83230,买盘
172,14:45:51,23.76,--,10,23760,卖盘
173,14:45:48,23.76,-0.02,13,30888,卖盘
174,14:45:45,23.78,0.02,5,11890,买盘
175,14:45:42,23.76,-0.02,13,30888,卖盘
176,14:45:39,23.78,0.02,72,171216,买盘
177,14:45:36,23.76,-0.02,10,23760,卖盘
178,14:45:33,23.78,--,17,40426,买盘
179,14:45:24,23.78,0.03,22,52316,买盘
180,14:45:21,23.75,-0.03,26,61750,卖盘
181,14:45:18,23.78,--,53,126034,买盘
182,14:45:12,23.78,--,119,282982,买盘
183,14:45:03,23.78,0.02,100,237800,买盘
184,14:44:54,23.76,0.01,29,68904,买盘
185,14:44:48,23.75,-0.01,13,30875,买盘
186,14:44:45,23.76,0.01,255,605880,买盘
187,14:44:42,23.75,0.02,10,23750,买盘
188,14:44:39,23.73,--,2,4746,卖盘
189,14:44:36,23.73,--,66,156618,卖盘
190,14:44:30,23.73,--,6,14238,买盘
191,14:44:24,23.73,--,5,11865,买盘
192,14:44:21,23.73,-0.02,22,52206,卖盘
193,14:44:15,23.75,0.02,10,23750,买盘
194,14:44:12,23.73,-0.02,59,140007,卖盘
195,14:44:09,23.75,0.02,15,35625,买盘
196,14:44:06,23.73,-0.02,5,11865,卖盘
197,14:44:00,23.75,0.02,17,40375,买盘
198,14:43:39,23.73,0.01,2,4746,中性盘
199,14:43:30,23.72,-0.03,7,16604,卖盘
200,14:43:27,23.75,0.03,101,239875,买盘
201,14:43:24,23.72,--,3,7116,卖盘
202,14:43:15,23.72,0.01,110,260920,买盘
203,14:43:12,23.71,-0.01,4,9484,卖盘
204,14:43:09,23.72,0.01,64,151808,买盘
205,14:43:06,23.71,--,72,170712,卖盘
206,14:43:03,23.71,--,6,14226,卖盘
207,14:43:00,23.71,-0.01,34,80614,买盘
208,14:42:51,23.72,0.02,100,237200,买盘
209,14:42:48,23.7,-0.01,69,163530,卖盘
210,14:42:39,23.71,0.01,41,97211,买盘
211,14:42:27,23.7,-0.01,5,11850,卖盘
212,14:42:24,23.71,0.01,2,4742,买盘
213,14:42:18,23.7,--,3,7110,卖盘
214,14:42:09,23.7,--,10,23700,卖盘
215,14:42:03,23.7,--,10,23700,卖盘
216,14:42:00,23.7,--,6,14220,卖盘
217,14:41:51,23.7,--,4,9480,卖盘
218,14:41:48,23.7,--,30,71100,卖盘
219,14:41:39,23.7,-0.01,9,21330,卖盘
220,14:41:33,23.71,--,130,308230,卖盘
221,14:41:27,23.71,--,10,23710,卖盘
222,14:41:21,23.71,--,31,73501,卖盘
223,14:41:15,23.71,--,1,2371,卖盘
224,14:41:09,23.71,-0.01,6,14226,卖盘
225,14:41:03,23.72,0.01,45,106740,买盘
226,14:41:00,23.71,--,25,59275,卖盘
227,14:40:51,23.71,--,10,23710,买盘
228,14:40:48,23.71,--,9,21339,卖盘
229,14:40:36,23.71,--,10,23710,卖盘
230,14:40:33,23.71,--,1,2371,卖盘
231,14:40:30,23.71,--,20,47420,卖盘
232,14:40:27,23.71,--,5,11855,卖盘
233,14:40:24,23.71,--,47,111437,卖盘
234,14:40:21,23.71,0.01,7,16597,买盘
235,14:40:15,23.7,--,1,2370,卖盘
236,14:40:09,23.7,-0.01,1,2370,卖盘
237,14:40:06,23.71,0.01,61,144631,买盘
238,14:39:57,23.7,--,1,2370,卖盘
239,14:39:51,23.7,-0.02,10,23700,卖盘
240,14:39:39,23.72,0.01,38,90136,买盘
241,14:39:36,23.71,0.01,48,113808,买盘
242,14:39:27,23.7,--,3,7110,卖盘
243,14:39:21,23.7,--,11,26070,买盘
244,14:39:15,23.7,--,2,4740,买盘
245,14:39:06,23.7,-0.01,12,28440,卖盘
246,14:39:03,23.71,0.01,50,118550,买盘
247,14:39:00,23.7,0.01,10,23700,卖盘
248,14:38:57,23.69,-0.01,10,23690,卖盘
249,14:38:51,23.7,0.01,3,7110,买盘
250,14:38:45,23.69,--,4,9476,卖盘
251,14:38:42,23.69,--,21,49749,卖盘
252,14:38:36,23.69,-0.01,2,4738,卖盘
253,14:38:33,23.7,0.01,17,40290,中性盘
254,14:38:12,23.69,-0.01,20,47380,卖盘
255,14:38:06,23.7,0.01,37,87690,买盘
256,14:38:00,23.69,--,45,106605,卖盘
257,14:37:51,23.69,-0.01,11,26059,卖盘
258,14:37:48,23.7,--,7,16590,卖盘
259,14:37:45,23.7,--,5,11850,卖盘
260,14:37:42,23.7,--,3,7110,买盘
261,14:37:33,23.7,--,1,2370,买盘
262,14:37:27,23.7,-0.01,141,334170,卖盘
263,14:37:24,23.71,-0.01,1,2371,卖盘
264,14:37:21,23.72,0.01,16,37952,买盘
265,14:37:15,23.71,--,1,2371,卖盘
266,14:37:12,23.71,-0.01,3,7113,卖盘
267,14:37:03,23.72,-0.01,4,9488,卖盘
268,14:36:51,23.73,0.01,2,4746,买盘
269,14:36:48,23.72,--,3,7116,卖盘
270,14:36:36,23.72,-0.01,16,37952,卖盘
271,14:36:33,23.73,--,17,40341,卖盘
272,14:36:30,23.73,-0.01,6,14238,卖盘
273,14:36:15,23.74,--,7,16618,买盘
274,14:36:09,23.74,-0.01,3,7121,卖盘
275,14:36:00,23.75,0.01,3,7125,买盘
276,14:35:57,23.74,-0.01,13,30861,卖盘
277,14:35:51,23.75,0.01,12,28500,买盘
278,14:35:36,23.74,--,25,59349,卖盘
279,14:35:33,23.74,--,4,9496,卖盘
280,14:35:30,23.74,--,7,16618,卖盘
281,14:35:27,23.74,--,54,128195,卖盘
282,14:35:21,23.74,--,53,125821,卖盘
283,14:35:15,23.74,--,54,128195,卖盘
284,14:35:09,23.74,-0.01,50,118699,卖盘
285,14:35:00,23.75,--,10,23750,卖盘
286,14:34:57,23.75,--,11,26125,卖盘
287,14:34:54,23.75,0.01,8,19000,买盘
288,14:34:51,23.74,--,1,2374,卖盘
289,14:34:39,23.74,-0.02,10,23740,卖盘
290,14:34:33,23.76,0.02,85,201960,买盘
291,14:34:30,23.74,-0.01,7,16618,卖盘
292,14:34:24,23.75,--,2,4750,买盘
293,14:34:21,23.75,0.01,9,21375,买盘
294,14:34:18,23.74,-0.01,2,4748,卖盘
295,14:34:15,23.75,-0.01,23,54625,中性盘
296,14:34:03,23.76,0.01,67,159192,买盘
297,14:33:57,23.75,--,5,11875,买盘
298,14:33:54,23.75,-0.01,2,4750,中性盘
299,14:33:45,23.76,--,30,71280,买盘
300,14:33:39,23.76,0.01,15,35640,买盘
301,14:33:33,23.75,-0.01,48,114000,卖盘
302,14:33:27,23.76,0.01,1,2376,买盘
303,14:33:24,23.75,--,42,99750,卖盘
304,14:33:21,23.75,--,8,19000,卖盘
305,14:33:18,23.75,--,3,7125,卖盘
306,14:33:15,23.75,--,22,52250,卖盘
307,14:33:12,23.75,-0.01,4,9500,卖盘
308,14:33:09,23.76,0.01,43,102168,买盘
309,14:33:06,23.75,--,4,9500,卖盘
310,14:33:00,23.75,--,44,104500,卖盘
311,14:32:54,23.75,--,42,99750,卖盘
312,14:32:51,23.75,--,168,399000,买盘
313,14:32:45,23.75,0.01,18,42750,买盘
314,14:32:39,23.74,--,1,2374,卖盘
315,14:32:33,23.74,--,1,2374,卖盘
316,14:32:27,23.74,--,21,49854,卖盘
317,14:32:15,23.74,--,50,118699,卖盘
318,14:32:06,23.74,-0.01,10,23740,卖盘
319,14:32:00,23.75,0.01,5,11875,买盘
320,14:31:57,23.74,-0.01,93,220782,卖盘
321,14:31:51,23.75,--,80,190000,卖盘
322,14:31:45,23.75,-0.01,22,52250,卖盘
323,14:31:42,23.76,--,12,28512,买盘
324,14:31:39,23.76,--,10,23760,买盘
325,14:31:27,23.76,--,2,4752,买盘
326,14:31:18,23.76,--,4,9504,卖盘
327,14:31:09,23.76,--,16,38016,买盘
328,14:31:03,23.76,0.01,2,4752,买盘
329,14:30:54,23.75,--,2,4750,卖盘
330,14:30:51,23.75,0.01,40,95000,买盘
331,14:30:48,23.74,--,12,28487,卖盘
332,14:30:45,23.74,-0.01,2,4748,卖盘
333,14:30:42,23.75,--,5,11875,买盘
334,14:30:39,23.75,0.01,27,64125,买盘
335,14:30:36,23.74,--,30,71220,卖盘
336,14:30:27,23.74,-0.01,9,21366,卖盘
337,14:30:24,23.75,0.01,2,4750,买盘
338,14:30:18,23.74,-0.01,3,7121,卖盘
339,14:30:15,23.75,--,89,211375,买盘
340,14:30:09,23.75,--,68,161500,卖盘
341,14:30:06,23.75,-0.01,5,11875,卖盘
342,14:30:00,23.76,--,10,23760,卖盘
343,14:29:57,23.76,--,2,4752,买盘
344,14:29:48,23.76,0.01,8,19008,中性盘
345,14:29:42,23.75,-0.02,90,213750,卖盘
346,14:29:39,23.77,--,3,7131,卖盘
347,14:29:36,23.77,0.01,7,16639,买盘
348,14:29:30,23.76,-0.01,3,7128,卖盘
349,14:29:27,23.77,0.01,10,23770,买盘
350,14:29:18,23.76,-0.01,1,2376,卖盘
351,14:29:09,23.77,0.01,10,23770,买盘
352,14:29:06,23.76,-0.01,2,4752,卖盘
353,14:29:03,23.77,--,3,7131,买盘
354,14:29:00,23.77,--,10,23770,买盘
355,14:28:48,23.77,0.01,23,54671,中性盘
356,14:28:39,23.76,--,74,175824,卖盘
357,14:28:36,23.76,-0.04,13,30888,卖盘
358,14:28:33,23.8,0.02,211,502180,买盘
359,14:28:24,23.78,0.01,66,156948,买盘
360,14:28:21,23.77,--,9,21393,中性盘
361,14:28:18,23.77,-0.01,10,23770,中性盘
362,14:28:09,23.78,0.01,47,111766,买盘
363,14:28:03,23.77,0.01,6,14262,中性盘
364,14:27:54,23.76,-0.02,5,11880,卖盘
365,14:27:45,23.78,--,10,23780,卖盘
366,14:27:39,23.78,--,13,30914,卖盘
367,14:27:36,23.78,--,3,7134,卖盘
368,14:27:33,23.78,--,15,35670,卖盘
369,14:27:27,23.78,--,22,52316,卖盘
370,14:27:21,23.78,-0.02,5,11890,卖盘
371,14:27:09,23.8,0.02,3,7140,买盘
372,14:26:59,23.78,-0.02,2,4756,卖盘
373,14:26:56,23.8,--,7,16660,买盘
374,14:26:50,23.8,-0.01,2,4760,卖盘
375,14:26:47,23.81,0.03,10,23810,买盘
376,14:26:41,23.78,--,1,2378,卖盘
377,14:26:35,23.78,-0.02,211,501758,卖盘
378,14:26:32,23.8,0.02,221,525980,买盘
379,14:26:29,23.78,--,14,33292,卖盘
380,14:26:26,23.78,--,228,542184,卖盘
381,14:26:23,23.78,-0.01,44,104632,卖盘
382,14:26:20,23.79,0.01,27,64233,中性盘
383,14:26:17,23.78,--,174,413772,卖盘
384,14:26:11,23.78,--,24,57072,卖盘
385,14:26:08,23.78,--,29,68962,卖盘
386,14:26:05,23.78,0.03,7,16646,买盘
387,14:26:02,23.75,-0.02,40,95000,卖盘
388,14:25:59,23.77,-0.01,7,16639,中性盘
389,14:25:56,23.78,--,64,152192,买盘
390,14:25:47,23.78,0.05,4,9512,买盘
391,14:25:41,23.73,-0.05,55,130515,卖盘
392,14:25:32,23.78,0.05,125,297250,买盘
393,14:25:26,23.73,-0.03,1,2373,卖盘
394,14:25:17,23.76,0.01,52,123552,买盘
395,14:25:08,23.75,0.05,284,675687,买盘
396,14:25:05,23.7,-0.01,25,60435,卖盘
397,14:25:02,23.71,0.01,4,9484,买盘
398,14:24:53,23.7,--,35,84135,买盘
399,14:24:50,23.7,--,10,23700,买盘
400,14:24:47,23.7,0.01,93,220410,买盘
401,14:24:41,23.69,-0.01,2,4738,卖盘
402,14:24:35,23.7,--,22,52140,买盘
403,14:24:32,23.7,0.01,53,125610,买盘
404,14:24:29,23.69,--,17,40273,卖盘
405,14:24:14,23.69,0.01,142,338293,买盘
406,14:24:11,23.68,-0.01,33,78144,卖盘
407,14:24:08,23.69,0.01,10,23690,买盘
408,14:23:53,23.68,0.01,2,4736,卖盘
409,14:23:50,23.67,-0.01,5,11835,卖盘
410,14:23:44,23.68,0.01,130,307840,买盘
411,14:23:35,23.67,--,2,4734,卖盘
412,14:23:29,23.67,--,10,25776,买盘
413,14:23:26,23.67,0.01,41,97047,买盘
414,14:23:23,23.66,--,2,4732,卖盘
415,14:23:20,23.66,--,7,16562,买盘
416,14:23:11,23.66,--,4,9464,买盘
417,14:23:02,23.66,0.01,6,14196,买盘
418,14:22:59,23.65,--,7,16555,卖盘
419,14:22:44,23.65,0.01,2,6976,买盘
420,14:22:26,23.64,-0.01,2,4728,卖盘
421,14:22:14,23.65,--,2,4730,买盘
422,14:22:11,23.65,-0.02,7,16673,卖盘
423,14:21:47,23.67,--,32,75744,买盘
424,14:21:41,23.67,0.02,1,2367,买盘
425,14:21:23,23.65,-0.02,5,11825,卖盘
426,14:21:20,23.67,0.02,1,2367,买盘
427,14:21:11,23.65,-0.02,6,14190,卖盘
428,14:21:05,23.67,--,10,23670,买盘
429,14:21:02,23.67,--,47,111249,买盘
430,14:20:38,23.67,--,10,23670,买盘
431,14:20:32,23.67,--,16,38132,卖盘
432,14:20:26,23.67,--,1,2367,卖盘
433,14:20:23,23.67,--,5,11835,卖盘
434,14:20:20,23.67,--,5,11835,卖盘
435,14:20:14,23.67,0.02,22,54180,买盘
436,14:20:08,23.65,-0.02,6,14190,卖盘
437,14:20:02,23.67,0.02,3,7101,买盘
438,14:19:59,23.65,--,31,73315,卖盘
439,14:19:44,23.65,-0.02,10,23650,卖盘
440,14:19:20,23.67,0.01,21,49707,买盘
441,14:19:17,23.66,--,1,2366,卖盘
442,14:19:11,23.66,-0.01,1,2366,中性盘
443,14:18:59,23.67,0.01,105,248535,买盘
444,14:18:56,23.66,--,20,47320,买盘
445,14:18:44,23.66,--,21,49686,卖盘
446,14:18:32,23.66,--,2,4732,卖盘
447,14:18:26,23.66,--,3,7098,卖盘
448,14:18:17,23.66,--,5,11830,卖盘
449,14:17:59,23.66,--,2,4732,买盘
450,14:17:56,23.66,0.01,8,18928,买盘
451,14:17:50,23.65,-0.02,6,14190,卖盘
452,14:17:41,23.67,--,7,16569,买盘
453,14:17:17,23.67,--,1,2367,买盘
454,14:16:47,23.67,--,7,16569,买盘
455,14:16:38,23.67,--,15,35505,卖盘
456,14:16:32,23.67,-0.01,10,23670,卖盘
457,14:16:17,23.68,--,5,11840,买盘
458,14:15:50,23.68,--,3,7104,买盘
459,14:15:38,23.68,-0.01,1,2368,卖盘
460,14:15:35,23.69,0.01,20,47380,买盘
461,14:15:29,23.68,--,11,26048,卖盘
462,14:15:17,23.68,0.01,2,4736,买盘
463,14:15:08,23.67,--,2,4734,卖盘
464,14:14:53,23.67,--,2,4734,买盘
465,14:14:50,23.67,-0.01,303,717201,卖盘
466,14:14:44,23.68,0.01,7,16576,买盘
467,14:14:41,23.67,-0.01,4,9468,卖盘
468,14:14:35,23.68,0.01,8,18944,买盘
469,14:14:29,23.67,-0.01,2,4734,卖盘
470,14:14:23,23.68,0.01,129,305472,买盘
471,14:14:14,23.67,-0.01,15,35505,卖盘
472,14:14:11,23.68,--,3,7104,买盘
473,14:13:56,23.68,0.01,3,7104,买盘
474,14:13:53,23.67,--,9,21303,卖盘
475,14:13:50,23.67,--,3,7101,卖盘
476,14:13:41,23.67,-0.01,17,40239,卖盘
477,14:13:32,23.68,0.01,8,18944,买盘
478,14:13:23,23.67,--,52,123084,卖盘
479,14:13:20,23.67,--,10,23670,卖盘
480,14:13:17,23.67,--,5,11835,卖盘
481,14:13:05,23.67,-0.01,3,7101,卖盘
482,14:13:02,23.68,0.01,6,14208,买盘
483,14:12:50,23.67,-0.01,5,11835,卖盘
484,14:12:44,23.68,0.01,5,11840,买盘
485,14:12:41,23.67,--,5,11835,卖盘
486,14:12:35,23.67,--,2,4734,卖盘
487,14:12:29,23.67,--,20,47340,卖盘
488,14:12:26,23.67,--,2,4734,卖盘
489,14:12:14,23.67,0.02,2,4734,卖盘
490,14:12:02,23.65,-0.02,3,7095,卖盘
491,14:11:53,23.67,--,4,9468,卖盘
492,14:11:50,23.67,0.02,2,4734,买盘
493,14:11:32,23.65,-0.02,66,156090,卖盘
494,14:11:29,23.67,0.02,42,99414,买盘
495,14:11:17,23.65,-0.02,2,4730,卖盘
496,14:11:08,23.67,0.02,23,54441,买盘
497,14:11:05,23.65,-0.01,51,120615,卖盘
498,14:11:02,23.66,-0.01,6,14196,卖盘
499,14:10:53,23.67,0.01,28,66276,买盘
500,14:10:44,23.66,-0.01,10,23660,卖盘
501,14:10:41,23.67,0.01,5,11835,买盘
502,14:10:35,23.66,-0.01,2,4732,卖盘
503,14:10:32,23.67,0.01,1,2367,买盘
504,14:10:23,23.66,0.01,13,30758,买盘
505,14:10:20,23.65,-0.01,5,11825,卖盘
506,14:10:05,23.66,--,1,2366,买盘
507,14:09:59,23.66,--,10,23660,买盘
508,14:09:56,23.66,--,76,179816,卖盘
509,14:09:50,23.66,-0.01,10,23660,卖盘
510,14:09:38,23.67,0.02,10,23670,买盘
511,14:09:29,23.65,-0.02,10,23650,卖盘
512,14:09:23,23.67,0.01,201,475767,买盘
513,14:09:20,23.66,--,2,4732,买盘
514,14:09:17,23.66,--,29,68614,买盘
515,14:09:14,23.66,0.01,2,4732,买盘
516,14:08:53,23.65,--,12,28380,卖盘
517,14:08:47,23.65,--,172,409026,买盘
518,14:08:44,23.65,0.01,9,21285,买盘
519,14:08:41,23.64,--,2,4728,卖盘
520,14:08:32,23.64,--,10,23640,买盘
521,14:08:26,23.64,0.01,5,11820,买盘
522,14:08:20,23.63,-0.01,13,30719,卖盘
523,14:08:14,23.64,0.01,26,61464,买盘
524,14:08:08,23.63,-0.01,10,23630,卖盘
525,14:08:05,23.64,--,1,2364,买盘
526,14:08:02,23.64,0.02,22,52008,买盘
527,14:07:53,23.62,-0.01,13,30706,卖盘
528,14:07:50,23.63,0.01,18,42534,买盘
529,14:07:44,23.62,-0.01,20,47240,卖盘
530,14:07:41,23.63,0.01,40,94520,买盘
531,14:07:38,23.62,--,53,125186,买盘
532,14:07:35,23.62,0.01,4,9448,买盘
533,14:07:32,23.61,-0.01,9,21249,卖盘
534,14:07:29,23.62,--,2,4724,买盘
535,14:07:23,23.62,--,20,47240,买盘
536,14:07:16,23.62,--,3,7086,买盘
537,14:07:10,23.62,--,2,4724,卖盘
538,14:07:04,23.62,--,5,11810,卖盘
539,14:07:01,23.62,--,30,70860,卖盘
540,14:06:58,23.62,--,1,2362,卖盘
541,14:06:55,23.62,--,1,2362,卖盘
542,14:06:40,23.62,0.01,34,80308,买盘
543,14:06:34,23.61,-0.01,9,21249,卖盘
544,14:06:31,23.62,0.01,34,80308,买盘
545,14:06:28,23.61,-0.01,5,11805,卖盘
546,14:06:19,23.62,--,8,18896,买盘
547,14:06:07,23.62,--,2,4724,买盘
548,14:05:55,23.62,0.01,30,70860,买盘
549,14:05:52,23.61,--,1,2361,卖盘
550,14:05:49,23.61,-0.01,112,264432,卖盘
551,14:05:46,23.62,--,13,30706,买盘
552,14:05:43,23.62,0.01,10,23620,买盘
553,14:05:37,23.61,-0.01,3,7083,卖盘
554,14:05:34,23.62,-0.01,77,181874,卖盘
555,14:05:28,23.63,0.01,6,14178,中性盘
556,14:05:19,23.62,-0.01,20,47240,卖盘
557,14:05:16,23.63,--,2,4726,卖盘
558,14:05:10,23.63,--,5,11815,买盘
559,14:05:07,23.63,--,12,28356,买盘
560,14:05:01,23.63,--,32,75616,卖盘
561,14:04:52,23.63,0.01,9,21267,买盘
562,14:04:49,23.62,--,6,14172,卖盘
563,14:04:40,23.62,--,1,2362,卖盘
564,14:04:37,23.62,0.01,15,35430,买盘
565,14:04:19,23.61,-0.02,10,23610,卖盘
566,14:04:16,23.63,0.02,7,16541,买盘
567,14:04:13,23.61,--,44,103884,卖盘
568,14:04:04,23.61,--,10,23610,卖盘
569,14:03:52,23.61,-0.03,10,23610,中性盘
570,14:03:40,23.64,--,9,21276,买盘
571,14:03:37,23.64,0.04,1,2364,买盘
572,14:03:31,23.6,-0.02,193,455480,卖盘
573,14:03:25,23.62,--,10,23620,卖盘
574,14:03:22,23.62,--,10,23620,卖盘
575,14:03:07,23.62,-0.02,25,59050,卖盘
576,14:03:01,23.64,--,3,7092,买盘
577,14:02:58,23.64,-0.01,33,78012,卖盘
578,14:02:55,23.65,--,109,257903,卖盘
579,14:02:43,23.65,-0.01,1,2365,卖盘
580,14:02:34,23.66,0.01,1,2366,买盘
581,14:02:28,23.65,-0.01,4,9460,卖盘
582,14:02:25,23.66,--,55,130130,买盘
583,14:02:16,23.66,--,5,11830,买盘
584,14:02:10,23.66,--,11,26026,卖盘
585,14:02:01,23.66,--,46,108836,买盘
586,14:01:52,23.66,0.01,13,30758,买盘
587,14:01:49,23.65,-0.01,218,515569,卖盘
588,14:01:46,23.66,--,5,11830,买盘
589,14:01:43,23.66,--,5,11830,买盘
590,14:01:40,23.66,--,10,23660,买盘
591,14:01:37,23.66,--,3,7098,买盘
592,14:01:25,23.66,--,3,7098,买盘
593,14:01:22,23.66,--,12,28392,卖盘
594,14:01:13,23.66,--,6,14196,卖盘
595,14:01:07,23.66,--,30,70980,卖盘
596,14:01:04,23.66,--,6,14196,卖盘
597,14:01:01,23.66,--,2,4732,卖盘
598,14:00:55,23.66,--,5,11830,卖盘
599,14:00:52,23.66,--,10,23660,卖盘
600,14:00:43,23.66,--,53,125398,卖盘
601,14:00:40,23.66,--,8,18928,卖盘
602,14:00:37,23.66,-0.01,21,49686,卖盘
603,14:00:34,23.67,--,122,288774,买盘
604,14:00:31,23.67,0.01,2,4734,买盘
605,14:00:28,23.66,--,1,2366,卖盘
606,14:00:22,23.66,-0.01,5,11830,卖盘
607,14:00:19,23.67,--,10,23670,买盘
608,14:00:16,23.67,--,100,236700,买盘
609,14:00:10,23.67,--,5,11835,买盘
610,14:00:07,23.67,--,40,94680,买盘
611,14:00:01,23.67,--,10,23670,买盘
612,13:59:52,23.67,--,8,18936,买盘
613,13:59:49,23.67,--,2,4734,买盘
614,13:59:46,23.67,--,5,11835,买盘
615,13:59:43,23.67,--,2,4734,买盘
616,13:59:40,23.67,-0.02,73,172791,卖盘
617,13:59:34,23.69,0.01,194,459586,买盘
618,13:59:28,23.68,--,9,21312,买盘
619,13:59:25,23.68,--,1,2368,买盘
620,13:59:22,23.68,--,5,11840,买盘
621,13:59:13,23.68,0.01,5,11840,买盘
622,13:59:04,23.67,--,10,23670,卖盘
623,13:58:43,23.67,-0.01,4,9468,卖盘
624,13:58:40,23.68,--,3,7104,卖盘
625,13:58:37,23.68,0.01,21,49728,买盘
626,13:58:13,23.67,--,1,2367,卖盘
627,13:58:04,23.67,--,1,2367,卖盘
628,13:58:01,23.67,0.01,2,4734,中性盘
629,13:57:58,23.66,--,10,23660,卖盘
630,13:57:52,23.66,-0.01,41,97006,卖盘
631,13:57:43,23.67,0.01,1,2367,买盘
632,13:57:40,23.66,-0.01,7,16562,卖盘
633,13:57:34,23.67,--,3,7101,卖盘
634,13:57:25,23.67,--,3,7101,买盘
635,13:57:19,23.67,0.02,23,54441,买盘
636,13:57:13,23.65,-0.01,40,94600,卖盘
637,13:57:07,23.66,--,1,2366,卖盘
638,13:56:55,23.66,-0.01,1,2366,卖盘
639,13:56:52,23.67,0.01,2,4734,买盘
640,13:56:49,23.66,--,5,11830,卖盘
641,13:56:46,23.66,--,1,2366,卖盘
642,13:56:43,23.66,--,16,37856,卖盘
643,13:56:40,23.66,-0.01,50,118300,卖盘
644,13:56:37,23.67,0.01,8,18936,买盘
645,13:56:34,23.66,--,6,14196,卖盘
646,13:56:25,23.66,--,18,42588,卖盘
647,13:56:19,23.66,-0.01,21,49686,卖盘
648,13:56:16,23.67,--,6,14202,卖盘
649,13:56:04,23.67,-0.01,6,14202,卖盘
650,13:55:58,23.68,--,39,92352,卖盘
651,13:55:55,23.68,-0.01,22,52096,卖盘
652,13:55:40,23.69,--,10,23690,卖盘
653,13:55:37,23.69,--,10,23690,卖盘
654,13:55:34,23.69,--,15,35535,卖盘
655,13:55:19,23.69,-0.01,10,23690,卖盘
656,13:55:13,23.7,0.01,40,94800,买盘
657,13:55:10,23.69,-0.01,4,9476,卖盘
658,13:55:07,23.7,--,52,123240,买盘
659,13:54:58,23.7,--,24,58065,卖盘
660,13:54:49,23.7,-0.01,5,11850,卖盘
661,13:54:46,23.71,0.01,34,80614,买盘
662,13:54:37,23.7,--,20,47400,卖盘
663,13:54:34,23.7,--,57,135090,卖盘
664,13:54:25,23.7,-0.01,20,47400,卖盘
665,13:54:19,23.71,--,3,7113,买盘
666,13:54:13,23.71,--,5,11855,卖盘
667,13:53:58,23.71,0.01,6,14226,买盘
668,13:53:52,23.7,--,5,11850,卖盘
669,13:53:49,23.7,--,8,18960,卖盘
670,13:53:46,23.7,--,28,66360,卖盘
671,13:53:28,23.7,--,10,23700,卖盘
672,13:53:19,23.7,--,10,23700,卖盘
673,13:53:16,23.7,--,20,47400,卖盘
674,13:53:04,23.7,--,95,225150,卖盘
675,13:53:01,23.7,--,2,4740,卖盘
676,13:52:58,23.7,--,20,47400,卖盘
677,13:52:52,23.7,--,1,2370,卖盘
678,13:52:46,23.7,-0.01,4,10665,卖盘
679,13:52:37,23.71,0.01,5,11855,中性盘
680,13:52:22,23.7,--,88,208560,卖盘
681,13:52:16,23.7,--,5,11850,买盘
682,13:52:13,23.7,--,2,4740,买盘
683,13:52:07,23.7,--,6,14220,买盘
684,13:51:58,23.7,--,18,42660,买盘
685,13:51:55,23.7,--,50,118500,卖盘
686,13:51:52,23.7,--,10,23700,卖盘
687,13:51:49,23.7,--,2,4740,卖盘
688,13:51:43,23.7,-0.02,5,11850,卖盘
689,13:51:40,23.72,0.02,7,16604,买盘
690,13:51:37,23.7,--,3,7110,卖盘
691,13:51:34,23.7,-0.01,3,7110,卖盘
692,13:51:28,23.71,0.01,3,7113,中性盘
693,13:51:22,23.7,--,2,4740,卖盘
694,13:51:10,23.7,-0.03,57,135090,卖盘
695,13:51:04,23.73,--,10,23730,卖盘
696,13:51:01,23.73,--,23,54579,卖盘
697,13:50:49,23.73,--,5,11865,卖盘
698,13:50:46,23.73,--,15,35595,卖盘
699,13:50:43,23.73,-0.01,1,2373,卖盘
700,13:50:37,23.74,-0.01,5,11870,中性盘
701,13:50:31,23.75,0.01,4,9500,买盘
702,13:50:22,23.74,-0.01,10,23740,中性盘
703,13:49:52,23.75,0.02,2,4750,买盘
704,13:49:49,23.73,--,21,49833,卖盘
705,13:49:40,23.73,--,10,23730,卖盘
706,13:49:37,23.73,--,50,118650,卖盘
707,13:49:31,23.73,--,15,35595,卖盘
708,13:49:22,23.73,--,3,7119,卖盘
709,13:49:10,23.73,--,43,102039,卖盘
710,13:48:49,23.73,--,85,201705,买盘
711,13:48:40,23.73,-0.01,25,59325,卖盘
712,13:48:37,23.74,-0.01,4,9496,中性盘
713,13:48:25,23.75,0.02,5,11875,买盘
714,13:48:18,23.73,--,6,14238,卖盘
715,13:48:12,23.73,-0.01,8,18984,卖盘
716,13:48:09,23.74,-0.01,3,7121,卖盘
717,13:48:06,23.75,--,20,47500,买盘
718,13:47:57,23.75,--,20,47500,买盘
719,13:47:42,23.75,--,10,23750,买盘
720,13:47:30,23.75,0.02,200,475000,买盘
721,13:47:18,23.73,--,1,2373,卖盘
722,13:47:15,23.73,-0.01,5,11865,卖盘
723,13:47:09,23.74,--,26,61723,买盘
724,13:47:06,23.74,0.01,4,9496,买盘
725,13:46:51,23.73,-0.01,2,4746,卖盘
726,13:46:48,23.74,--,28,66472,买盘
727,13:46:45,23.74,--,3,7121,买盘
728,13:46:33,23.74,--,2,4748,买盘
729,13:46:27,23.74,-0.01,10,23740,中性盘
730,13:46:18,23.75,0.02,2,4750,买盘
731,13:46:06,23.73,--,2,4746,卖盘
732,13:46:03,23.73,0.01,2,4746,买盘
733,13:45:51,23.72,0.02,5,11860,买盘
734,13:45:48,23.7,--,2,4740,卖盘
735,13:45:36,23.7,--,31,73470,买盘
736,13:45:18,23.7,-0.02,9,21330,卖盘
737,13:45:06,23.72,0.02,2,4744,买盘
738,13:45:00,23.7,--,4,9480,卖盘
739,13:44:48,23.7,0.01,5,11850,中性盘
740,13:43:51,23.69,0.01,20,47380,卖盘
741,13:43:39,23.68,-0.01,403,954304,卖盘
742,13:43:27,23.69,--,31,73439,买盘
743,13:43:18,23.69,--,14,33166,买盘
744,13:43:12,23.69,--,3,7107,买盘
745,13:43:09,23.69,--,17,40273,买盘
746,13:43:03,23.69,--,3,7107,买盘
747,13:43:00,23.69,--,2,4738,买盘
748,13:42:45,23.69,--,2,4738,买盘
749,13:42:36,23.69,--,8,18952,买盘
750,13:42:33,23.69,--,10,23690,买盘
751,13:42:21,23.69,0.02,5,11845,买盘
752,13:42:18,23.67,--,10,23670,卖盘
753,13:42:06,23.67,--,3,7101,卖盘
754,13:41:54,23.67,0.01,29,68643,买盘
755,13:41:51,23.66,-0.01,15,35490,卖盘
756,13:41:45,23.67,--,30,71010,买盘
757,13:41:42,23.67,--,1,2367,买盘
758,13:41:39,23.67,--,11,26037,买盘
759,13:41:36,23.67,-0.01,241,570447,卖盘
760,13:41:33,23.68,--,21,49728,买盘
761,13:41:30,23.68,--,10,23680,买盘
762,13:41:24,23.68,--,3,7104,买盘
763,13:41:21,23.68,--,31,73408,买盘
764,13:41:15,23.68,0.01,5,11840,买盘
765,13:41:06,23.67,--,20,47340,买盘
766,13:41:03,23.67,--,13,30771,买盘
767,13:40:57,23.67,--,5,11835,买盘
768,13:40:54,23.67,0.01,30,71010,买盘
769,13:40:51,23.66,--,65,153790,卖盘
770,13:40:45,23.66,-0.01,21,49686,卖盘
771,13:40:42,23.67,--,23,54441,买盘
772,13:40:39,23.67,--,60,142020,买盘
773,13:40:30,23.67,--,56,132552,买盘
774,13:40:27,23.67,--,67,158589,买盘
775,13:40:21,23.67,0.01,8,18936,买盘
776,13:40:15,23.66,-0.01,3,7098,卖盘
777,13:40:12,23.67,0.01,15,35505,买盘
778,13:40:09,23.66,--,20,47320,卖盘
779,13:40:03,23.66,-0.01,6,14196,卖盘
780,13:39:57,23.67,--,4,9468,买盘
781,13:39:54,23.67,0.01,10,23670,买盘
782,13:39:45,23.66,--,10,23660,卖盘
783,13:39:42,23.66,--,5,11830,卖盘
784,13:39:33,23.66,-0.01,3,7098,卖盘
785,13:39:21,23.67,0.01,10,23670,买盘
786,13:39:18,23.66,--,2,4732,卖盘
787,13:39:15,23.66,--,2,4732,买盘
788,13:39:12,23.66,0.01,38,89908,买盘
789,13:39:09,23.65,--,14,33110,卖盘
790,13:39:03,23.65,-0.01,2,4730,卖盘
791,13:39:00,23.66,--,17,40222,买盘
792,13:38:57,23.66,0.01,10,23660,买盘
793,13:38:54,23.65,-0.01,9,21285,卖盘
794,13:38:51,23.66,0.01,5,11830,买盘
795,13:38:45,23.65,--,13,30744,卖盘
796,13:38:39,23.65,--,6,14190,卖盘
797,13:38:30,23.65,-0.01,278,657470,卖盘
798,13:38:21,23.66,-0.01,10,23660,卖盘
799,13:38:18,23.67,-0.01,87,205929,卖盘
800,13:38:15,23.68,0.01,3,7104,买盘
801,13:38:12,23.67,-0.01,45,106515,卖盘
802,13:38:06,23.68,--,20,47360,买盘
803,13:38:00,23.68,--,1,2368,买盘
804,13:37:57,23.68,--,5,11840,买盘
805,13:37:48,23.68,--,4,9472,买盘
806,13:37:42,23.68,-0.01,10,23680,卖盘
807,13:37:39,23.69,0.01,10,23690,买盘
808,13:37:36,23.68,-0.02,72,170496,卖盘
809,13:37:27,23.7,--,9,21330,买盘
810,13:37:24,23.7,0.01,8,18960,买盘
811,13:37:15,23.69,-0.01,5,11845,卖盘
812,13:37:09,23.7,0.01,20,47400,买盘
813,13:37:06,23.69,--,8,18952,卖盘
814,13:37:03,23.69,--,10,23690,卖盘
815,13:36:57,23.69,-0.01,1,2369,卖盘
816,13:36:51,23.7,--,3,7110,买盘
817,13:36:48,23.7,0.01,1,2370,买盘
818,13:36:45,23.69,--,5,11845,卖盘
819,13:36:39,23.69,--,5,11845,卖盘
820,13:36:36,23.69,--,4,9476,买盘
821,13:36:18,23.69,--,3,7107,买盘
822,13:36:06,23.69,0.01,1,2369,中性盘
823,13:35:51,23.68,-0.01,10,23680,卖盘
824,13:35:45,23.69,0.01,2,4738,买盘
825,13:35:42,23.68,-0.01,7,16576,卖盘
826,13:35:36,23.69,--,2,4738,买盘
827,13:35:33,23.69,0.01,21,49749,买盘
828,13:35:24,23.68,-0.02,67,158656,卖盘
829,13:35:15,23.7,0.01,3,7110,买盘
830,13:35:12,23.69,-0.01,5,11845,卖盘
831,13:35:03,23.7,--,8,18960,买盘
832,13:34:54,23.7,0.01,29,68730,买盘
833,13:34:48,23.69,-0.01,11,26059,卖盘
834,13:34:33,23.7,--,5,11850,买盘
835,13:34:30,23.7,--,2,4740,买盘
836,13:34:27,23.7,--,100,237000,买盘
837,13:34:15,23.7,--,5,11850,买盘
838,13:34:12,23.7,--,2,4740,买盘
839,13:34:06,23.7,0.01,4,9480,买盘
840,13:33:57,23.69,--,10,23690,卖盘
841,13:33:48,23.69,--,50,118450,卖盘
842,13:33:39,23.69,--,12,28428,卖盘
843,13:33:36,23.69,-0.01,1,2369,卖盘
844,13:33:33,23.7,0.01,10,23700,买盘
845,13:33:21,23.69,--,39,92391,买盘
846,13:33:18,23.69,--,11,26059,卖盘
847,13:33:15,23.69,--,33,78177,买盘
848,13:33:06,23.69,0.01,2,4738,买盘
849,13:32:57,23.68,--,42,99456,卖盘
850,13:32:51,23.68,0.01,42,99456,买盘
851,13:32:45,23.67,-0.01,8,18936,卖盘
852,13:32:42,23.68,0.01,2,4736,中性盘
853,13:32:33,23.67,-0.01,37,87579,卖盘
854,13:32:27,23.68,--,26,61568,买盘
855,13:32:24,23.68,--,24,56832,买盘
856,13:32:21,23.68,0.01,2,4736,买盘
857,13:32:15,23.67,-0.01,7,16569,卖盘
858,13:32:12,23.68,--,98,232064,买盘
859,13:32:00,23.68,--,36,85248,卖盘
860,13:31:54,23.68,--,2,4736,卖盘
861,13:31:51,23.68,--,41,97088,卖盘
862,13:31:48,23.68,--,1,2368,卖盘
863,13:31:45,23.68,--,4,9472,卖盘
864,13:31:39,23.68,-0.01,20,47360,卖盘
865,13:31:36,23.69,--,40,94760,卖盘
866,13:31:33,23.69,0.01,19,45011,买盘
867,13:31:24,23.68,-0.01,36,85248,卖盘
868,13:31:21,23.69,--,20,47380,卖盘
869,13:31:18,23.69,--,44,104236,买盘
870,13:31:12,23.69,-0.01,20,47380,卖盘
871,13:31:06,23.7,--,5,11850,买盘
872,13:30:54,23.7,--,50,118500,卖盘
873,13:30:51,23.7,--,11,26070,卖盘
874,13:30:39,23.7,-0.01,25,59250,卖盘
875,13:30:33,23.71,--,61,144631,买盘
876,13:30:30,23.71,0.01,40,94840,买盘
877,13:30:24,23.7,--,36,85320,卖盘
878,13:30:12,23.7,-0.02,216,511920,卖盘
879,13:30:09,23.72,--,8,18976,买盘
880,13:30:00,23.72,--,2,4744,买盘
881,13:29:57,23.72,--,3,7116,买盘
882,13:29:51,23.72,--,74,175528,卖盘
883,13:29:48,23.72,-0.01,4,9488,卖盘
884,13:29:42,23.73,0.01,5,11865,买盘
885,13:29:36,23.72,-0.01,4,9488,卖盘
886,13:29:24,23.73,-0.02,12,28476,卖盘
887,13:29:21,23.75,--,12,28500,买盘
888,13:29:18,23.75,--,1,2375,买盘
889,13:29:12,23.75,--,10,23750,卖盘
890,13:29:06,23.75,-0.03,26,61750,卖盘
891,13:29:03,23.78,0.03,21,49938,买盘
892,13:29:00,23.75,--,8,19000,卖盘
893,13:28:57,23.75,-0.01,2,4750,卖盘
894,13:28:54,23.76,--,3,7128,买盘
895,13:28:48,23.76,0.01,2,4752,买盘
896,13:28:45,23.75,--,10,23750,卖盘
897,13:28:24,23.75,--,4,9500,卖盘
898,13:28:21,23.75,--,2,4750,卖盘
899,13:28:15,23.75,--,3,7125,卖盘
900,13:28:06,23.75,0.03,1,2375,中性盘
901,13:27:48,23.72,-0.07,500,1186000,卖盘
902,13:27:42,23.79,--,7,16653,卖盘
903,13:27:39,23.79,0.02,201,478179,买盘
904,13:27:27,23.77,0.01,6,14262,中性盘
905,13:27:17,23.76,--,10,23760,卖盘
906,13:27:11,23.76,--,9,21384,卖盘
907,13:27:05,23.76,-0.02,8,19008,卖盘
908,13:26:56,23.78,--,17,40426,买盘
909,13:26:53,23.78,-0.01,5,11890,买盘
910,13:26:44,23.79,--,4,9516,卖盘
911,13:26:41,23.79,--,6,14274,买盘
912,13:26:35,23.79,--,16,38064,买盘
913,13:26:32,23.79,0.01,23,54717,买盘
914,13:26:26,23.78,--,16,38048,卖盘
915,13:26:20,23.78,--,2,4756,卖盘
916,13:26:17,23.78,--,4,9512,卖盘
917,13:25:59,23.78,--,302,718156,卖盘
918,13:25:47,23.78,0.01,2,4756,买盘
919,13:25:44,23.77,-0.01,1,2377,卖盘
920,13:25:38,23.78,0.02,4,9512,买盘
921,13:25:26,23.76,--,4,9504,买盘
922,13:25:23,23.76,-0.01,16,38016,卖盘
923,13:25:20,23.77,--,13,30901,买盘
924,13:25:17,23.77,--,7,16639,买盘
925,13:25:14,23.77,--,17,40409,买盘
926,13:25:08,23.77,--,3,7131,买盘
927,13:24:59,23.77,--,3,7131,卖盘
928,13:24:53,23.77,--,3,7131,卖盘
929,13:24:44,23.77,0.01,20,47540,卖盘
930,13:24:38,23.76,0.01,10,23760,中性盘
931,13:24:32,23.75,-0.01,200,475000,卖盘
932,13:24:29,23.76,-0.03,10,23760,卖盘
933,13:24:26,23.79,--,17,40443,买盘
934,13:24:23,23.79,0.01,27,64233,买盘
935,13:24:11,23.78,0.02,2,4756,买盘
936,13:24:08,23.76,-0.03,5,11880,卖盘
937,13:24:05,23.79,--,1,2379,买盘
938,13:23:53,23.79,--,52,123708,买盘
939,13:23:50,23.79,--,8,19032,买盘
940,13:23:44,23.79,--,2,4758,买盘
941,13:23:41,23.79,-0.02,51,121329,卖盘
942,13:23:38,23.81,0.01,2,4762,买盘
943,13:23:35,23.8,-0.01,5,11900,卖盘
944,13:23:32,23.81,0.01,10,23810,买盘
945,13:23:29,23.8,-0.01,1,2380,卖盘
946,13:23:23,23.81,--,2,4762,买盘
947,13:23:14,23.81,-0.01,43,102383,卖盘
948,13:23:08,23.82,0.01,21,50022,买盘
949,13:23:05,23.81,--,5,11905,卖盘
950,13:23:02,23.81,--,7,16667,卖盘
951,13:22:53,23.81,-0.01,1,2381,卖盘
952,13:22:41,23.82,-0.01,13,30966,卖盘
953,13:22:38,23.83,--,5,11915,买盘
954,13:22:35,23.83,--,26,61957,买盘
955,13:22:32,23.83,-0.01,340,810220,卖盘
956,13:22:29,23.84,0.01,7,16688,买盘
957,13:22:26,23.83,--,4,9532,卖盘
958,13:22:20,23.83,--,17,40511,卖盘
959,13:22:17,23.83,--,6,14297,卖盘
960,13:22:14,23.83,--,1,2383,卖盘
961,13:22:11,23.83,--,108,257363,卖盘
962,13:22:05,23.83,0.01,170,405110,买盘
963,13:21:59,23.82,-0.01,1,2382,卖盘
964,13:21:56,23.83,0.01,21,50043,买盘
965,13:21:53,23.82,-0.01,8,19056,卖盘
966,13:21:50,23.83,--,43,102468,买盘
967,13:21:47,23.83,--,40,95320,买盘
968,13:21:32,23.83,--,5,11915,买盘
969,13:21:29,23.83,0.01,6,14297,买盘
970,13:21:20,23.82,--,12,28584,卖盘
971,13:21:17,23.82,--,49,116718,卖盘
972,13:21:11,23.82,--,20,47640,卖盘
973,13:21:08,23.82,--,92,219144,买盘
974,13:21:02,23.82,--,10,23820,买盘
975,13:20:59,23.82,0.01,7,16674,中性盘
976,13:20:53,23.81,-0.01,26,61906,卖盘
977,13:20:50,23.82,--,10,23820,中性盘
978,13:20:47,23.82,--,51,121482,卖盘
979,13:20:44,23.82,--,30,71460,买盘
980,13:20:41,23.82,--,8,19056,买盘
981,13:20:38,23.82,0.01,26,61932,买盘
982,13:20:29,23.81,-0.01,11,26191,中性盘
983,13:20:20,23.82,0.01,101,240582,买盘
984,13:20:17,23.81,--,5,11905,买盘
985,13:20:14,23.81,0.01,3,7143,买盘
986,13:20:08,23.8,0.01,327,778450,买盘
987,13:20:05,23.79,-0.01,78,185562,卖盘
988,13:19:59,23.8,--,13,30940,买盘
989,13:19:56,23.8,--,10,23800,买盘
990,13:19:53,23.8,--,105,249900,买盘
991,13:19:50,23.8,0.01,11,26180,买盘
992,13:19:47,23.79,-0.01,2,4758,卖盘
993,13:19:44,23.8,--,301,716380,买盘
994,13:19:41,23.8,--,40,95200,买盘
995,13:19:38,23.8,0.01,1,2380,买盘
996,13:19:35,23.79,--,64,152256,买盘
997,13:19:32,23.79,0.01,32,76128,买盘
998,13:19:29,23.78,--,2,4756,卖盘
999,13:19:23,23.78,-0.01,32,76096,卖盘
1000,13:19:20,23.79,--,3,7137,卖盘
1001,13:19:17,23.79,0.03,1,2379,买盘
1002,13:19:14,23.76,-0.03,20,47520,卖盘
1003,13:19:11,23.79,--,4,9516,买盘
1004,13:19:08,23.79,0.04,40,95160,买盘
1005,13:18:53,23.75,--,1,2375,卖盘
1006,13:18:50,23.75,-0.04,5,11875,卖盘
1007,13:18:44,23.79,0.04,300,713700,买盘
1008,13:18:38,23.75,--,40,95000,卖盘
1009,13:18:32,23.75,--,30,71250,卖盘
1010,13:18:26,23.75,--,5,11875,卖盘
1011,13:18:23,23.75,--,1,2375,卖盘
1012,13:18:11,23.75,--,6,14250,买盘
1013,13:18:08,23.75,0.01,70,166250,买盘
1014,13:18:05,23.74,--,3,7121,卖盘
1015,13:18:02,23.74,-0.01,7,16618,卖盘
1016,13:17:56,23.75,0.01,75,178125,买盘
1017,13:17:53,23.74,-0.01,3,7121,卖盘
1018,13:17:38,23.75,--,8,19000,买盘
1019,13:17:35,23.75,--,9,21375,买盘
1020,13:17:32,23.75,0.01,4,9500,买盘
1021,13:17:29,23.74,--,100,237399,卖盘
1022,13:17:20,23.74,-0.01,1,2374,卖盘
1023,13:17:17,23.75,--,18,42750,买盘
1024,13:16:59,23.75,0.01,6,14250,买盘
1025,13:16:56,23.74,--,2,4748,卖盘
1026,13:16:50,23.74,-0.01,1,2374,卖盘
1027,13:16:41,23.75,--,46,109250,买盘
1028,13:16:38,23.75,--,5,11875,买盘
1029,13:16:29,23.75,--,10,23750,买盘
1030,13:16:26,23.75,0.01,35,83125,买盘
1031,13:16:23,23.74,-0.01,10,23740,卖盘
1032,13:16:17,23.75,0.01,14,33250,买盘
1033,13:16:14,23.74,--,5,11870,卖盘
1034,13:16:08,23.74,--,31,73594,买盘
1035,13:16:05,23.74,0.01,6,14243,买盘
1036,13:15:59,23.73,-0.01,7,16611,卖盘
1037,13:15:47,23.74,0.01,1,2374,买盘
1038,13:15:32,23.73,-0.01,34,80682,卖盘
1039,13:15:29,23.74,--,11,26114,买盘
1040,13:15:17,23.74,0.01,5,11870,买盘
1041,13:14:59,23.73,--,1,2373,卖盘
1042,13:14:47,23.73,0.01,8,18984,买盘
1043,13:14:44,23.72,-0.01,2,4744,卖盘
1044,13:14:35,23.73,--,1,2373,卖盘
1045,13:14:32,23.73,--,11,26103,卖盘
1046,13:14:14,23.73,--,7,16611,买盘
1047,13:14:08,23.73,0.01,3,7119,买盘
1048,13:14:05,23.72,--,5,11860,卖盘
1049,13:14:02,23.72,-0.01,12,28464,卖盘
1050,13:13:50,23.73,0.01,10,23730,买盘
1051,13:13:44,23.72,--,25,59300,卖盘
1052,13:13:38,23.72,--,2,4744,卖盘
1053,13:13:35,23.72,--,10,23720,卖盘
1054,13:13:23,23.72,--,1,2372,卖盘
1055,13:13:20,23.72,0.01,5,11860,买盘
1056,13:13:11,23.71,-0.01,12,28452,卖盘
1057,13:13:05,23.72,0.01,4,9488,买盘
1058,13:12:56,23.71,-0.01,2,4742,卖盘
1059,13:12:53,23.72,-0.01,26,61672,卖盘
1060,13:12:50,23.73,--,7,16611,买盘
1061,13:12:17,23.73,--,2,4746,买盘
1062,13:12:14,23.73,--,3,7119,买盘
1063,13:12:05,23.73,--,2,4746,买盘
1064,13:11:59,23.73,-0.01,9,21357,卖盘
1065,13:11:56,23.74,0.01,6,14243,买盘
1066,13:11:44,23.73,-0.02,1,2373,卖盘
1067,13:11:32,23.75,0.01,11,26125,买盘
1068,13:11:26,23.74,--,4,9496,买盘
1069,13:11:23,23.74,-0.02,5,11870,卖盘
1070,13:11:20,23.76,0.02,10,23760,买盘
1071,13:11:17,23.74,--,10,23740,卖盘
1072,13:11:14,23.74,--,5,11870,卖盘
1073,13:11:05,23.74,--,20,47480,卖盘
1074,13:10:59,23.74,-0.02,1,2374,卖盘
1075,13:10:38,23.76,0.02,3,7128,买盘
1076,13:10:35,23.74,--,2,4748,卖盘
1077,13:10:14,23.74,-0.05,11,26114,卖盘
1078,13:10:11,23.79,0.03,127,302133,买盘
1079,13:10:05,23.76,0.02,1,2376,中性盘
1080,13:09:59,23.74,-0.03,200,474799,卖盘
1081,13:09:56,23.77,0.01,2,4754,买盘
1082,13:09:53,23.76,-0.01,2,4752,卖盘
1083,13:09:50,23.77,0.01,5,11885,买盘
1084,13:09:44,23.76,0.01,9,21384,买盘
1085,13:09:41,23.75,-0.04,5,11875,卖盘
1086,13:09:35,23.79,0.02,200,475800,买盘
1087,13:09:32,23.77,--,5,11885,买盘
1088,13:09:26,23.77,--,10,23770,买盘
1089,13:09:17,23.77,-0.01,1,2377,卖盘
1090,13:09:11,23.78,--,3,7134,买盘
1091,13:09:08,23.78,--,10,23780,买盘
1092,13:09:02,23.78,0.01,11,26158,买盘
1093,13:08:59,23.77,--,10,23770,卖盘
1094,13:08:56,23.77,--,4,9508,卖盘
1095,13:08:50,23.77,--,2,4754,卖盘
1096,13:08:41,23.77,--,3,7131,卖盘
1097,13:08:32,23.77,-0.01,4,9508,卖盘
1098,13:08:29,23.78,0.01,2,4756,买盘
1099,13:08:14,23.77,--,3,7131,卖盘
1100,13:08:02,23.77,0.01,24,57048,买盘
1101,13:07:53,23.76,-0.02,7,16632,卖盘
1102,13:07:50,23.78,0.01,10,23780,买盘
1103,13:07:44,23.77,0.01,6,14262,买盘
1104,13:07:38,23.76,-0.02,5,11880,卖盘
1105,13:07:23,23.78,--,3,7134,买盘
1106,13:07:05,23.78,--,2,4756,买盘
1107,13:07:02,23.78,0.02,22,52316,买盘
1108,13:06:53,23.76,-0.02,1,2376,卖盘
1109,13:06:50,23.78,0.03,17,40426,买盘
1110,13:06:44,23.75,-0.01,7,16625,卖盘
1111,13:06:41,23.76,--,5,11880,卖盘
1112,13:06:31,23.76,--,10,23760,卖盘
1113,13:06:25,23.76,--,2,4752,卖盘
1114,13:06:19,23.76,--,7,16632,卖盘
1115,13:06:13,23.76,--,1,2376,买盘
1116,13:06:10,23.76,0.01,16,38016,买盘
1117,13:06:07,23.75,--,3,7125,卖盘
1118,13:06:01,23.75,-0.01,206,489250,卖盘
1119,13:05:40,23.76,--,14,33264,卖盘
1120,13:05:28,23.76,--,8,19008,卖盘
1121,13:05:25,23.76,--,1,2376,卖盘
1122,13:05:22,23.76,--,4,9504,卖盘
1123,13:05:19,23.76,--,5,11880,卖盘
1124,13:05:16,23.76,--,16,38016,卖盘
1125,13:05:13,23.76,0.01,4,9504,中性盘
1126,13:05:04,23.75,--,5,11875,卖盘
1127,13:05:01,23.75,-0.01,5,11875,卖盘
1128,13:04:58,23.76,0.01,18,42768,买盘
1129,13:04:52,23.75,--,3,7125,卖盘
1130,13:04:49,23.75,-0.01,5,11875,卖盘
1131,13:04:46,23.76,0.01,15,35640,买盘
1132,13:04:31,23.75,--,30,71250,卖盘
1133,13:04:28,23.75,-0.01,1,2375,卖盘
1134,13:04:16,23.76,--,4,9504,买盘
1135,13:04:10,23.76,-0.02,2,4752,中性盘
1136,13:03:28,23.78,0.04,5,11890,买盘
1137,13:03:13,23.74,-0.04,100,237399,卖盘
1138,13:03:10,23.78,--,5,11890,卖盘
1139,13:03:07,23.78,--,15,35670,买盘
1140,13:03:04,23.78,--,38,90364,卖盘
1141,13:03:01,23.78,--,2,4756,卖盘
1142,13:02:58,23.78,--,15,35670,卖盘
1143,13:02:55,23.78,--,33,78474,卖盘
1144,13:02:52,23.78,--,3,7134,卖盘
1145,13:02:49,23.78,--,5,11890,卖盘
1146,13:02:46,23.78,--,22,52316,卖盘
1147,13:02:40,23.78,--,26,61828,卖盘
1148,13:02:34,23.78,--,1,2378,卖盘
1149,13:02:31,23.78,-0.01,36,85608,卖盘
1150,13:02:28,23.79,0.01,17,40443,买盘
1151,13:02:25,23.78,-0.01,10,23780,卖盘
1152,13:02:16,23.79,--,10,23790,买盘
1153,13:02:04,23.79,--,20,47580,买盘
1154,13:02:01,23.79,--,20,47580,买盘
1155,13:01:58,23.79,--,10,23790,买盘
1156,13:01:49,23.79,--,29,68991,买盘
1157,13:01:37,23.79,--,18,42822,买盘
1158,13:01:34,23.79,--,78,185562,买盘
1159,13:01:25,23.79,--,5,11895,买盘
1160,13:01:19,23.79,--,50,118950,买盘
1161,13:01:16,23.79,0.01,1,2379,买盘
1162,13:01:10,23.78,--,2,4756,买盘
1163,13:01:07,23.78,-0.01,14,33292,卖盘
1164,13:01:04,23.79,0.01,9,21411,买盘
1165,13:00:55,23.78,--,21,49938,卖盘
1166,13:00:52,23.78,-0.01,2,4756,卖盘
1167,13:00:49,23.79,--,8,19032,买盘
1168,13:00:43,23.79,0.01,40,95160,买盘
1169,13:00:28,23.78,--,124,294872,买盘
1170,13:00:19,23.78,--,47,111766,买盘
1171,13:00:10,23.78,0.03,18,42804,买盘
1172,13:00:04,23.75,0.01,720,1710000,买盘
1173,11:29:59,23.74,0.01,10,23740,买盘
1174,11:29:53,23.73,--,10,23730,卖盘
1175,11:29:50,23.73,0.02,17,40341,买盘
1176,11:29:38,23.71,--,1,2371,卖盘
1177,11:29:35,23.71,--,1,2371,卖盘
1178,11:29:32,23.71,0.01,11,26081,买盘
1179,11:29:29,23.7,-0.01,20,47400,卖盘
1180,11:29:26,23.71,0.01,1,2371,买盘
1181,11:29:14,23.7,-0.01,123,291510,卖盘
1182,11:29:05,23.71,-0.01,7,16597,卖盘
1183,11:28:59,23.72,-0.01,7,16604,买盘
1184,11:28:53,23.73,0.01,5,11865,买盘
1185,11:28:47,23.72,-0.02,41,97252,卖盘
1186,11:28:41,23.74,0.02,6,14243,买盘
1187,11:28:38,23.72,--,33,78276,卖盘
1188,11:28:35,23.72,--,3,7116,卖盘
1189,11:28:20,23.72,--,5,11860,卖盘
1190,11:28:14,23.72,--,6,14232,卖盘
1191,11:28:08,23.72,--,10,23720,卖盘
1192,11:28:05,23.72,-0.02,1,2372,卖盘
1193,11:27:50,23.74,-0.01,1,2374,中性盘
1194,11:27:47,23.75,0.01,13,30875,买盘
1195,11:27:44,23.74,0.01,3,7121,买盘
1196,11:27:41,23.73,-0.01,9,21357,卖盘
1197,11:27:35,23.74,--,10,23740,卖盘
1198,11:27:32,23.74,0.01,303,719322,买盘
1199,11:27:26,23.73,--,66,156618,卖盘
1200,11:27:20,23.73,0.01,43,102039,买盘
1201,11:27:14,23.72,-0.01,10,23720,卖盘
1202,11:27:08,23.73,0.01,10,23730,买盘
1203,11:27:02,23.72,--,1,2372,卖盘
1204,11:26:53,23.72,--,4,9488,卖盘
1205,11:26:50,23.72,--,12,28464,买盘
1206,11:26:41,23.72,0.01,7,16604,买盘
1207,11:26:38,23.71,-0.01,1,2371,卖盘
1208,11:26:35,23.72,0.01,17,40324,买盘
1209,11:26:32,23.71,-0.01,3,7113,卖盘
1210,11:26:26,23.72,--,10,23720,买盘
1211,11:26:23,23.72,--,267,633324,买盘
1212,11:26:20,23.72,--,30,71160,买盘
1213,11:26:11,23.72,0.01,2,4744,买盘
1214,11:26:08,23.71,-0.01,5,11855,卖盘
1215,11:26:05,23.72,0.01,12,28464,买盘
1216,11:26:02,23.71,--,10,23710,卖盘
1217,11:25:59,23.71,0.01,19,45049,买盘
1218,11:25:56,23.7,--,3,7110,卖盘
1219,11:25:50,23.7,--,53,125610,卖盘
1220,11:25:47,23.7,--,129,305730,买盘
1221,11:25:38,23.7,0.01,30,71100,买盘
1222,11:25:32,23.69,--,1,2369,卖盘
1223,11:25:29,23.69,--,120,284280,卖盘
1224,11:25:26,23.69,--,12,28428,卖盘
1225,11:25:14,23.69,0.02,21,50507,买盘
1226,11:25:11,23.67,-0.02,1,2367,卖盘
1227,11:25:08,23.69,0.02,113,267697,买盘
1228,11:25:05,23.67,-0.01,8,18936,卖盘
1229,11:24:41,23.68,--,5,11840,买盘
1230,11:24:35,23.68,--,6,14208,买盘
1231,11:24:20,23.68,--,3,7104,卖盘
1232,11:24:17,23.68,-0.01,20,47360,卖盘
1233,11:24:08,23.69,--,1,2369,买盘
1234,11:24:05,23.69,--,20,48990,卖盘
1235,11:23:59,23.69,-0.01,248,587512,卖盘
1236,11:23:53,23.7,0.01,73,173010,买盘
1237,11:23:50,23.69,--,100,236900,卖盘
1238,11:23:41,23.69,--,3,7107,卖盘
1239,11:23:35,23.69,--,10,24448,卖盘
1240,11:23:32,23.69,--,6,14214,卖盘
1241,11:23:29,23.69,--,15,35535,卖盘
1242,11:23:14,23.69,--,5,11845,卖盘
1243,11:23:02,23.69,--,1,2369,卖盘
1244,11:22:56,23.69,--,4,9476,卖盘
1245,11:22:53,23.69,-0.01,40,94760,卖盘
1246,11:22:47,23.7,--,42,99540,买盘
1247,11:22:44,23.7,--,2,4740,买盘
1248,11:22:38,23.7,0.01,6,14220,买盘
1249,11:22:35,23.69,-0.01,13,30797,卖盘
1250,11:22:32,23.7,0.01,5,11850,买盘
1251,11:22:29,23.69,--,14,33166,卖盘
1252,11:22:23,23.69,-0.01,5,11845,卖盘
1253,11:22:20,23.7,--,49,116130,买盘
1254,11:22:17,23.7,0.01,2,4740,买盘
1255,11:21:56,23.69,-0.01,3,7107,卖盘
1256,11:21:50,23.7,0.01,1,2370,买盘
1257,11:21:44,23.69,--,2,4738,卖盘
1258,11:21:41,23.69,--,160,379040,卖盘
1259,11:21:35,23.69,-0.01,25,59225,卖盘
1260,11:21:23,23.7,--,3,7110,买盘
1261,11:21:13,23.7,0.01,65,154050,买盘
1262,11:21:04,23.69,--,5,11845,卖盘
1263,11:21:01,23.69,--,12,28428,卖盘
1264,11:20:52,23.69,--,6,14214,卖盘
1265,11:20:37,23.69,-0.01,1,2369,卖盘
1266,11:20:31,23.7,--,2,4740,卖盘
1267,11:20:28,23.7,--,3,7110,买盘
1268,11:20:22,23.7,--,7,16590,卖盘
1269,11:20:16,23.7,--,10,23700,卖盘
1270,11:20:13,23.7,--,5,11850,买盘
1271,11:20:07,23.7,--,1,2370,买盘
1272,11:20:01,23.7,--,3,7110,卖盘
1273,11:19:58,23.7,--,1,2370,卖盘
1274,11:19:55,23.7,--,5,11850,卖盘
1275,11:19:49,23.7,--,5,11850,卖盘
1276,11:19:43,23.7,-0.01,23,54510,卖盘
1277,11:19:40,23.71,--,3,7113,卖盘
1278,11:19:37,23.71,0.01,45,106695,买盘
1279,11:19:34,23.7,--,5,11850,卖盘
1280,11:19:31,23.7,--,12,28440,卖盘
1281,11:19:28,23.7,--,3,7110,卖盘
1282,11:19:25,23.7,--,8,18960,卖盘
1283,11:19:16,23.7,-0.02,1,2370,卖盘
1284,11:19:07,23.72,--,5,11860,买盘
1285,11:19:04,23.72,0.02,36,85392,买盘
1286,11:18:52,23.7,--,10,23700,卖盘
1287,11:18:46,23.7,-0.03,3,7110,卖盘
1288,11:18:40,23.73,0.01,4,9492,买盘
1289,11:18:37,23.72,--,1,2372,卖盘
1290,11:18:34,23.72,0.02,46,109112,买盘
1291,11:18:28,23.7,-0.02,18,42660,卖盘
1292,11:18:19,23.72,--,3,7116,买盘
1293,11:18:16,23.72,--,28,66416,卖盘
1294,11:18:13,23.72,--,2,4744,卖盘
1295,11:18:07,23.72,-0.01,3,7116,卖盘
1296,11:17:52,23.73,0.01,5,11865,买盘
1297,11:17:49,23.72,--,25,59300,卖盘
1298,11:17:43,23.72,--,6,14232,卖盘
1299,11:17:40,23.72,--,11,26092,卖盘
1300,11:17:37,23.72,-0.01,62,147064,卖盘
1301,11:17:31,23.73,0.01,376,892248,买盘
1302,11:17:28,23.72,--,9,21348,卖盘
1303,11:17:25,23.72,--,3,7116,卖盘
1304,11:17:22,23.72,-0.01,2,4744,卖盘
1305,11:17:19,23.73,--,22,52206,买盘
1306,11:17:10,23.73,0.01,15,35595,买盘
1307,11:17:01,23.72,--,5,11860,卖盘
1308,11:16:52,23.72,--,1,2372,卖盘
1309,11:16:46,23.72,-0.01,57,135204,卖盘
1310,11:16:43,23.73,0.01,28,66444,买盘
1311,11:16:37,23.72,--,1,2372,卖盘
1312,11:16:31,23.72,--,11,26092,卖盘
1313,11:16:07,23.72,0.02,25,59300,买盘
1314,11:16:04,23.7,-0.03,17,40290,卖盘
1315,11:15:52,23.73,0.01,14,33222,买盘
1316,11:15:49,23.72,0.02,3,7116,中性盘
1317,11:15:37,23.7,-0.02,27,63990,卖盘
1318,11:15:34,23.72,--,7,16604,卖盘
1319,11:15:31,23.72,--,84,199248,买盘
1320,11:15:07,23.72,--,1,2372,买盘
1321,11:14:55,23.72,0.02,146,346312,买盘
1322,11:14:49,23.7,--,2,4740,买盘
1323,11:14:43,23.7,-0.01,12,28440,卖盘
1324,11:14:37,23.71,--,183,433893,买盘
1325,11:14:34,23.71,0.01,3,7113,买盘
1326,11:14:22,23.7,0.01,3,7110,中性盘
1327,11:14:16,23.69,-0.01,47,111343,卖盘
1328,11:14:10,23.7,--,3,7110,卖盘
1329,11:14:04,23.7,-0.01,13,30810,卖盘
1330,11:14:01,23.71,0.01,6,14226,买盘
1331,11:13:58,23.7,--,5,11850,卖盘
1332,11:13:52,23.7,--,3,7110,卖盘
1333,11:13:49,23.7,0.01,21,49770,买盘
1334,11:13:40,23.69,-0.01,12,28428,卖盘
1335,11:13:37,23.7,--,60,142200,买盘
1336,11:13:34,23.7,0.01,4,9480,买盘
1337,11:13:31,23.69,--,7,16583,卖盘
1338,11:13:28,23.69,--,1,2369,中性盘
1339,11:13:25,23.69,-0.01,3,7107,卖盘
1340,11:13:22,23.7,0.02,13,30810,买盘
1341,11:13:16,23.68,-0.02,1,2368,卖盘
1342,11:13:13,23.7,0.01,36,85320,买盘
1343,11:13:10,23.69,--,8,18952,卖盘
1344,11:13:04,23.69,--,3,7107,卖盘
1345,11:12:55,23.69,--,4,9476,卖盘
1346,11:12:49,23.69,-0.01,1,2369,中性盘
1347,11:12:40,23.7,0.02,16,37920,买盘
1348,11:12:37,23.68,-0.01,1,2368,卖盘
1349,11:12:31,23.69,--,6,14214,买盘
1350,11:12:22,23.69,--,4,9476,买盘
1351,11:12:07,23.69,-0.02,16,37904,卖盘
1352,11:12:04,23.71,0.01,66,156486,买盘
1353,11:12:01,23.7,--,9,21330,卖盘
1354,11:11:58,23.7,--,52,123240,卖盘
1355,11:11:55,23.7,--,4,9480,卖盘
1356,11:11:46,23.7,--,6,14220,卖盘
1357,11:11:43,23.7,--,25,59250,卖盘
1358,11:11:40,23.7,--,5,11850,卖盘
1359,11:11:37,23.7,--,32,75840,卖盘
1360,11:11:31,23.7,--,3,7110,卖盘
1361,11:11:28,23.7,--,10,23700,卖盘
1362,11:11:19,23.7,--,22,52140,卖盘
1363,11:11:16,23.7,--,1,2370,卖盘
1364,11:11:13,23.7,--,17,40290,卖盘
1365,11:11:01,23.7,-0.01,64,151680,卖盘
1366,11:10:58,23.71,--,1,2371,卖盘
1367,11:10:55,23.71,--,8,18968,卖盘
1368,11:10:52,23.71,--,3,7113,卖盘
1369,11:10:49,23.71,--,28,66388,买盘
1370,11:10:40,23.71,--,19,45049,卖盘
1371,11:10:34,23.71,--,15,35565,卖盘
1372,11:10:28,23.71,-0.01,11,26081,卖盘
1373,11:10:25,23.72,0.01,15,35580,买盘
1374,11:10:22,23.71,-0.01,10,23710,卖盘
1375,11:10:10,23.72,--,13,30836,卖盘
1376,11:10:07,23.72,--,22,52184,卖盘
1377,11:10:01,23.72,--,50,118600,卖盘
1378,11:09:58,23.72,--,6,14232,卖盘
1379,11:09:52,23.72,-0.01,2,4744,卖盘
1380,11:09:49,23.73,0.01,5,11865,买盘
1381,11:09:46,23.72,--,32,75904,卖盘
1382,11:09:43,23.72,--,19,45068,卖盘
1383,11:09:40,23.72,--,48,113856,卖盘
1384,11:09:37,23.72,--,1,2372,卖盘
1385,11:09:25,23.72,-0.01,1,2372,卖盘
1386,11:09:22,23.73,--,76,180585,卖盘
1387,11:09:16,23.73,--,6,14238,卖盘
1388,11:09:13,23.73,--,1,2373,卖盘
1389,11:09:07,23.73,-0.01,33,78309,卖盘
1390,11:09:04,23.74,0.01,6,16380,买盘
1391,11:09:01,23.73,--,2,4746,卖盘
1392,11:08:58,23.73,--,10,23730,卖盘
1393,11:08:49,23.73,--,8,18984,卖盘
1394,11:08:46,23.73,-0.01,62,147126,卖盘
1395,11:08:43,23.74,--,1,2374,买盘
1396,11:08:40,23.74,--,2,4748,买盘
1397,11:08:37,23.74,0.01,2,4748,买盘
1398,11:08:34,23.73,--,4,9492,卖盘
1399,11:08:28,23.73,-0.01,32,75936,卖盘
1400,11:08:19,23.74,0.01,1,2374,买盘
1401,11:08:16,23.73,-0.01,91,215943,卖盘
1402,11:08:07,23.74,--,43,102082,卖盘
1403,11:08:04,23.74,--,10,23740,卖盘
1404,11:07:55,23.74,--,1,2374,卖盘
1405,11:07:52,23.74,-0.01,32,75968,卖盘
1406,11:07:46,23.75,0.01,91,216125,买盘
1407,11:07:43,23.74,--,2,4748,卖盘
1408,11:07:37,23.74,-0.01,5,11870,卖盘
1409,11:07:31,23.75,0.01,1,2375,中性盘
1410,11:07:28,23.74,-0.02,1,2374,卖盘
1411,11:07:25,23.76,0.03,65,154440,买盘
1412,11:07:19,23.73,-0.03,7,16611,卖盘
1413,11:07:10,23.76,--,31,73656,买盘
1414,11:07:07,23.76,0.03,27,64152,买盘
1415,11:07:01,23.73,--,3,7119,卖盘
1416,11:06:49,23.73,--,6,14238,卖盘
1417,11:06:43,23.73,--,6,14238,卖盘
1418,11:06:40,23.73,--,1,2373,卖盘
1419,11:06:37,23.73,0.01,31,73563,买盘
1420,11:06:34,23.72,--,5,11860,卖盘
1421,11:06:31,23.72,-0.01,9,21348,卖盘
1422,11:06:25,23.73,0.01,55,130515,买盘
1423,11:06:22,23.72,-0.01,139,329708,卖盘
1424,11:06:16,23.73,0.01,49,116277,买盘
1425,11:06:13,23.72,--,3,7116,卖盘
1426,11:06:10,23.72,--,30,71160,卖盘
1427,11:06:04,23.72,--,11,26092,卖盘
1428,11:06:01,23.72,--,12,28464,卖盘
1429,11:05:55,23.72,--,4,9488,卖盘
1430,11:05:52,23.72,-0.01,16,37952,卖盘
1431,11:05:46,23.73,--,4,9492,买盘
1432,11:05:43,23.73,0.01,1,2373,买盘
1433,11:05:40,23.72,-0.05,570,1352040,卖盘
1434,11:05:34,23.77,--,8,19016,卖盘
1435,11:05:31,23.77,-0.01,12,28524,卖盘
1436,11:05:28,23.78,0.01,14,33292,买盘
1437,11:05:25,23.77,-0.01,3,7131,卖盘
1438,11:05:19,23.78,--,5,11890,买盘
1439,11:05:13,23.78,0.01,13,30914,买盘
1440,11:05:10,23.77,-0.01,11,26147,卖盘
1441,11:05:07,23.78,--,1,2378,买盘
1442,11:05:04,23.78,-0.01,52,123656,卖盘
1443,11:04:58,23.79,0.01,23,54717,买盘
1444,11:04:52,23.78,--,47,111766,卖盘
1445,11:04:49,23.78,0.01,19,45182,买盘
1446,11:04:43,23.77,--,1,2377,卖盘
1447,11:04:40,23.77,--,7,16639,卖盘
1448,11:04:37,23.77,--,47,111719,卖盘
1449,11:04:31,23.77,-0.01,22,52294,卖盘
1450,11:04:28,23.78,--,5,11890,买盘
1451,11:04:22,23.78,0.01,30,71340,买盘
1452,11:04:16,23.77,--,15,35655,卖盘
1453,11:04:13,23.77,--,2,4754,卖盘
1454,11:04:10,23.77,-0.01,13,30901,卖盘
1455,11:04:07,23.78,0.01,18,42804,买盘
1456,11:04:04,23.77,-0.01,10,23770,卖盘
1457,11:04:01,23.78,0.01,1,2378,买盘
1458,11:03:49,23.77,-0.02,2,4754,中性盘
1459,11:03:46,23.79,0.02,200,475800,买盘
1460,11:03:43,23.77,--,5,11885,买盘
1461,11:03:40,23.77,--,55,130735,买盘
1462,11:03:34,23.77,--,27,64179,卖盘
1463,11:03:31,23.77,--,5,11885,卖盘
1464,11:03:28,23.77,--,38,90326,卖盘
1465,11:03:25,23.77,--,120,285240,卖盘
1466,11:03:22,23.77,--,25,59425,卖盘
1467,11:03:19,23.77,--,15,35655,卖盘
1468,11:03:16,23.77,--,10,23770,卖盘
1469,11:03:13,23.77,--,76,180652,买盘
1470,11:03:07,23.77,-0.01,12,28524,卖盘
1471,11:03:04,23.78,0.01,15,35670,买盘
1472,11:02:58,23.77,--,101,240077,卖盘
1473,11:02:55,23.77,--,5,11885,卖盘
1474,11:02:52,23.77,--,24,57048,买盘
1475,11:02:40,23.77,-0.01,4,9508,买盘
1476,11:02:37,23.78,--,90,214020,买盘
1477,11:02:31,23.78,0.01,40,95120,买盘
1478,11:02:28,23.77,-0.02,56,133112,卖盘
1479,11:02:19,23.79,0.03,200,475800,买盘
1480,11:02:16,23.76,--,18,42768,卖盘
1481,11:02:10,23.76,-0.01,7,16632,卖盘
1482,11:02:07,23.77,--,6,14262,卖盘
1483,11:02:04,23.77,--,25,59425,买盘
1484,11:02:01,23.77,--,15,35655,买盘
1485,11:01:55,23.77,--,6,14262,买盘
1486,11:01:52,23.77,0.01,100,237700,买盘
1487,11:01:45,23.76,0.01,101,239976,买盘
1488,11:01:42,23.75,0.02,13,30875,买盘
1489,11:01:30,23.73,--,14,33222,买盘
1490,11:01:27,23.73,--,9,21357,买盘
1491,11:01:24,23.73,--,8,18984,买盘
1492,11:01:21,23.73,0.01,39,92547,买盘
1493,11:01:15,23.72,--,18,42696,买盘
1494,11:01:12,23.72,--,21,49812,买盘
1495,11:01:06,23.72,--,3,7116,买盘
1496,11:01:03,23.72,0.01,35,83020,买盘
1497,11:01:00,23.71,--,4,9484,买盘
1498,11:00:57,23.71,--,3,7113,买盘
1499,11:00:54,23.71,0.01,8,19940,买盘
1500,11:00:51,23.7,--,304,720480,买盘
1501,11:00:48,23.7,--,3,7110,买盘
1502,11:00:45,23.7,0.01,273,647010,买盘
1503,11:00:42,23.69,--,81,191889,买盘
1504,11:00:39,23.69,--,42,99498,买盘
1505,11:00:36,23.69,0.01,107,253483,买盘
1506,11:00:33,23.68,-0.01,6,14208,卖盘
1507,11:00:30,23.69,--,165,390885,买盘
1508,11:00:27,23.69,0.01,29,68701,买盘
1509,11:00:21,23.68,-0.01,3,7104,卖盘
1510,11:00:18,23.69,--,7,16583,买盘
1511,11:00:15,23.69,0.01,46,108974,买盘
1512,11:00:12,23.68,--,4,9472,卖盘
1513,11:00:06,23.68,0.01,176,417478,买盘
1514,11:00:03,23.67,-0.01,6,14202,卖盘
1515,10:59:57,23.68,0.02,1,2368,买盘
1516,10:59:54,23.66,-0.02,12,28392,卖盘
1517,10:59:48,23.68,0.02,26,61568,买盘
1518,10:59:42,23.66,--,1,2366,卖盘
1519,10:59:39,23.66,--,87,208089,买盘
1520,10:59:36,23.66,--,27,63882,买盘
1521,10:59:27,23.66,--,3,7098,买盘
1522,10:59:12,23.66,--,6,14196,买盘
1523,10:59:06,23.66,--,4,9464,买盘
1524,10:58:57,23.66,0.03,27,63882,买盘
1525,10:58:54,23.63,--,2,4726,买盘
1526,10:58:51,23.63,-0.03,87,205581,卖盘
1527,10:58:48,23.66,--,55,130248,卖盘
1528,10:58:45,23.66,--,17,40222,卖盘
1529,10:58:33,23.66,--,4,9464,卖盘
1530,10:58:30,23.66,--,12,28392,卖盘
1531,10:58:27,23.66,0.01,123,293265,买盘
1532,10:58:24,23.65,--,6,14190,卖盘
1533,10:58:21,23.65,-0.01,6,14190,卖盘
1534,10:58:18,23.66,--,3,7098,买盘
1535,10:58:15,23.66,--,2,4732,买盘
1536,10:58:12,23.66,--,19,44954,买盘
1537,10:58:09,23.66,--,2,4732,买盘
1538,10:57:54,23.66,-0.02,7,16680,卖盘
1539,10:57:51,23.68,0.02,2,4736,买盘
1540,10:57:42,23.66,--,1,2366,卖盘
1541,10:57:39,23.66,-0.02,52,123032,卖盘
1542,10:57:36,23.68,0.01,5,11840,买盘
1543,10:57:33,23.67,--,5,11835,买盘
1544,10:57:27,23.67,-0.01,15,37161,卖盘
1545,10:57:24,23.68,--,3,7104,买盘
1546,10:57:21,23.68,0.01,22,52096,买盘
1547,10:57:18,23.67,--,2,4734,卖盘
1548,10:57:15,23.67,--,58,137286,卖盘
1549,10:57:12,23.67,--,4,9468,卖盘
1550,10:57:09,23.67,-0.01,113,267471,卖盘
1551,10:57:06,23.68,0.01,5,11840,买盘
1552,10:57:03,23.67,--,40,96597,卖盘
1553,10:57:00,23.67,--,6,14202,卖盘
1554,10:56:51,23.67,-0.01,10,23670,卖盘
1555,10:56:48,23.68,--,20,47360,买盘
1556,10:56:45,23.68,--,1,2368,买盘
1557,10:56:42,23.68,--,55,130240,买盘
1558,10:56:39,23.68,0.01,15,35520,买盘
1559,10:56:36,23.67,--,21,49707,卖盘
1560,10:56:33,23.67,--,5,11835,卖盘
1561,10:56:30,23.67,--,5,11835,卖盘
1562,10:56:27,23.67,--,1,2367,卖盘
1563,10:56:24,23.67,--,1,2367,卖盘
1564,10:56:21,23.67,--,4,9468,卖盘
1565,10:56:15,23.67,--,1,2367,卖盘
1566,10:56:12,23.67,--,8,18936,卖盘
1567,10:56:09,23.67,--,4,9468,卖盘
1568,10:56:06,23.67,--,15,36664,卖盘
1569,10:56:00,23.67,-0.01,13,30771,卖盘
1570,10:55:57,23.68,0.01,5,11840,买盘
1571,10:55:51,23.67,--,8,18936,卖盘
1572,10:55:45,23.67,--,2,4734,卖盘
1573,10:55:42,23.67,--,1,2367,卖盘
1574,10:55:39,23.67,0.01,34,80478,中性盘
1575,10:55:30,23.66,-0.01,24,56784,卖盘
1576,10:55:27,23.67,--,7,16569,卖盘
1577,10:55:24,23.67,0.01,33,78111,买盘
1578,10:55:18,23.66,--,31,73346,卖盘
1579,10:55:15,23.66,--,12,28392,卖盘
1580,10:55:09,23.66,--,1,2366,卖盘
1581,10:55:03,23.66,-0.01,20,47320,卖盘
1582,10:55:00,23.67,--,7,16569,买盘
1583,10:54:57,23.67,0.01,24,56808,买盘
1584,10:54:51,23.66,-0.01,6,14196,卖盘
1585,10:54:48,23.67,0.01,13,30771,买盘
1586,10:54:45,23.66,--,2,4732,卖盘
1587,10:54:39,23.66,-0.01,28,66248,卖盘
1588,10:54:33,23.67,--,11,26037,卖盘
1589,10:54:30,23.67,--,6,14202,中性盘
1590,10:54:27,23.67,--,2,4734,卖盘
1591,10:54:24,23.67,--,3,7101,中性盘
1592,10:54:15,23.67,0.01,27,63909,买盘
1593,10:54:12,23.66,-0.01,4,9464,卖盘
1594,10:54:09,23.67,0.01,29,68643,买盘
1595,10:54:03,23.66,--,7,16562,卖盘
1596,10:53:51,23.66,-0.01,66,156156,卖盘
1597,10:53:48,23.67,--,4,9468,卖盘
1598,10:53:45,23.67,--,1,2367,卖盘
1599,10:53:39,23.67,-0.01,5,11835,卖盘
1600,10:53:36,23.68,0.01,5,11840,买盘
1601,10:53:30,23.67,--,38,92194,买盘
1602,10:53:24,23.67,--,84,198946,卖盘
1603,10:53:21,23.67,--,16,37872,卖盘
1604,10:53:15,23.67,--,12,28404,卖盘
1605,10:53:09,23.67,--,6,14202,卖盘
1606,10:53:06,23.67,--,30,71010,卖盘
1607,10:53:00,23.67,--,12,28404,卖盘
1608,10:52:54,23.67,--,10,23670,卖盘
1609,10:52:45,23.67,-0.01,3,7101,卖盘
1610,10:52:39,23.68,--,68,161024,卖盘
1611,10:52:36,23.68,-0.01,106,251008,卖盘
1612,10:52:30,23.69,0.01,74,175306,买盘
1613,10:52:27,23.68,--,2,4736,卖盘
1614,10:52:21,23.68,-0.01,7,16576,卖盘
1615,10:52:15,23.69,--,11,26059,买盘
1616,10:52:09,23.69,--,9,21321,卖盘
1617,10:52:06,23.69,--,5,11845,卖盘
1618,10:52:03,23.69,-0.01,10,23690,卖盘
1619,10:51:57,23.7,0.01,2,4740,买盘
1620,10:51:54,23.69,--,14,33166,卖盘
1621,10:51:48,23.69,--,41,97129,卖盘
1622,10:51:45,23.69,--,33,78177,卖盘
1623,10:51:33,23.69,-0.01,2,4738,卖盘
1624,10:51:30,23.7,--,35,82950,买盘
1625,10:51:27,23.7,--,9,21330,买盘
1626,10:51:24,23.7,0.01,6,14220,买盘
1627,10:51:15,23.69,--,19,45011,卖盘
1628,10:51:09,23.69,-0.01,11,26059,卖盘
1629,10:51:06,23.7,--,36,85320,买盘
1630,10:51:03,23.7,0.01,29,68730,买盘
1631,10:50:57,23.69,-0.01,50,118450,中性盘
1632,10:50:54,23.7,0.01,2,4740,买盘
1633,10:50:51,23.69,--,22,53515,卖盘
1634,10:50:48,23.69,--,5,11845,卖盘
1635,10:50:45,23.69,0.01,159,377642,买盘
1636,10:50:42,23.68,-0.01,13,30784,卖盘
1637,10:50:39,23.69,0.01,3,7107,买盘
1638,10:50:36,23.68,--,6,14208,买盘
1639,10:50:33,23.68,--,10,23680,买盘
1640,10:50:30,23.68,-0.01,13,30784,中性盘
1641,10:50:18,23.69,0.02,50,118450,买盘
1642,10:50:15,23.67,-0.02,45,106515,卖盘
1643,10:50:12,23.69,0.01,48,113712,买盘
1644,10:50:06,23.68,--,13,30784,买盘
1645,10:50:03,23.68,--,5,11840,买盘
1646,10:50:00,23.68,--,58,137344,买盘
1647,10:49:57,23.68,-0.01,54,127872,卖盘
1648,10:49:54,23.69,0.01,3,7107,买盘
1649,10:49:48,23.68,0.01,104,246272,买盘
1650,10:49:42,23.67,-0.01,15,37753,卖盘
1651,10:49:39,23.68,0.01,94,222592,买盘
1652,10:49:36,23.67,--,5,11835,卖盘
1653,10:49:33,23.67,--,157,371619,买盘
1654,10:49:27,23.67,0.01,4,9468,卖盘
1655,10:49:24,23.66,-0.02,17,40222,卖盘
1656,10:49:21,23.68,0.02,94,222592,买盘
1657,10:49:18,23.66,--,14,33124,卖盘
1658,10:49:12,23.66,--,3,7098,卖盘
1659,10:49:06,23.66,-0.01,65,153790,卖盘
1660,10:49:03,23.67,0.01,21,49707,买盘
1661,10:48:57,23.66,--,1,2366,卖盘
1662,10:48:54,23.66,-0.01,135,320829,卖盘
1663,10:48:51,23.67,--,18,42606,卖盘
1664,10:48:45,23.67,0.01,1,2367,中性盘
1665,10:48:39,23.66,--,48,113568,卖盘
1666,10:48:36,23.66,-0.02,11,26026,卖盘
1667,10:48:24,23.68,0.02,2,4736,买盘
1668,10:48:15,23.66,-0.02,26,61516,卖盘
1669,10:48:12,23.68,--,23,55648,卖盘
1670,10:48:09,23.68,--,15,35520,卖盘
1671,10:48:06,23.68,-0.01,64,151552,卖盘
1672,10:48:03,23.69,--,2,4738,买盘
1673,10:48:00,23.69,0.01,11,26059,买盘
1674,10:47:54,23.68,0.01,3,8288,买盘
1675,10:47:51,23.67,--,14,33138,买盘
1676,10:47:45,23.67,--,9,21303,卖盘
1677,10:47:42,23.67,-0.01,11,26037,卖盘
1678,10:47:39,23.68,--,20,47360,买盘
1679,10:47:36,23.68,0.01,20,47360,买盘
1680,10:47:27,23.67,--,13,30771,卖盘
1681,10:47:24,23.67,-0.01,55,130185,卖盘
1682,10:47:21,23.68,--,28,66304,买盘
1683,10:47:18,23.68,--,17,40256,买盘
1684,10:47:12,23.68,0.01,57,134976,买盘
1685,10:47:09,23.67,-0.01,15,35505,卖盘
1686,10:47:06,23.68,0.01,31,73408,买盘
1687,10:47:03,23.67,0.01,42,99414,买盘
1688,10:47:00,23.66,--,2,4732,卖盘
1689,10:46:57,23.66,--,12,28392,卖盘
1690,10:46:51,23.66,-0.01,25,59150,卖盘
1691,10:46:48,23.67,0.01,6,14202,中性盘
1692,10:46:42,23.66,-0.02,1,2366,卖盘
1693,10:46:39,23.68,0.01,115,272320,买盘
1694,10:46:36,23.67,0.01,33,78111,买盘
1695,10:46:33,23.66,--,9,21294,卖盘
1696,10:46:27,23.66,-0.01,9,21294,卖盘
1697,10:46:21,23.67,0.01,2,4734,买盘
1698,10:46:18,23.66,-0.02,3,7098,卖盘
1699,10:46:15,23.68,--,3,7104,买盘
1700,10:46:09,23.68,0.02,100,236800,买盘
1701,10:46:06,23.66,0.01,3,7098,买盘
1702,10:46:03,23.65,--,22,52030,卖盘
1703,10:45:57,23.65,-0.01,110,260149,卖盘
1704,10:45:54,23.66,0.01,8,18928,买盘
1705,10:45:51,23.65,--,44,104060,卖盘
1706,10:45:48,23.65,--,51,120615,卖盘
1707,10:45:42,23.65,--,45,106425,买盘
1708,10:45:39,23.65,0.01,16,37840,买盘
1709,10:45:27,23.64,-0.01,30,70920,卖盘
1710,10:45:24,23.65,-0.01,10,23650,买盘
1711,10:45:21,23.66,--,74,175084,买盘
1712,10:45:18,23.66,0.01,44,104104,买盘
1713,10:45:15,23.65,0.03,2,4730,买盘
1714,10:45:12,23.62,--,13,30706,卖盘
1715,10:45:09,23.62,-0.02,100,236200,卖盘
1716,10:45:06,23.64,--,2,4728,卖盘
1717,10:45:03,23.64,0.02,227,537100,买盘
1718,10:45:00,23.62,-0.01,3,7086,卖盘
1719,10:44:56,23.63,--,6,14178,买盘
1720,10:44:53,23.63,--,179,422977,买盘
1721,10:44:50,23.63,0.01,7,16541,买盘
1722,10:44:47,23.62,0.01,11,25982,卖盘
1723,10:44:44,23.61,--,3,7083,卖盘
1724,10:44:41,23.61,-0.02,101,238461,卖盘
1725,10:44:38,23.63,0.03,46,108698,买盘
1726,10:44:32,23.6,--,13,30680,卖盘
1727,10:44:23,23.6,--,104,245440,买盘
1728,10:44:20,23.6,--,49,115640,买盘
1729,10:44:17,23.6,--,55,129800,买盘
1730,10:44:14,23.6,0.01,98,231280,买盘
1731,10:44:08,23.59,--,14,33026,卖盘
1732,10:44:05,23.59,--,17,40103,买盘
1733,10:44:02,23.59,-0.01,4,9436,中性盘
1734,10:43:50,23.6,0.02,121,285560,买盘
1735,10:43:44,23.58,-0.01,18,42444,卖盘
1736,10:43:41,23.59,0.01,3,7077,买盘
1737,10:43:38,23.58,-0.01,4,9432,中性盘
1738,10:43:23,23.59,0.01,100,235900,买盘
1739,10:43:08,23.58,--,12,28295,买盘
1740,10:43:05,23.58,--,8,18864,卖盘
1741,10:42:56,23.58,-0.01,3,7073,卖盘
1742,10:42:47,23.59,0.01,20,47180,买盘
1743,10:42:23,23.58,-0.01,4,9432,中性盘
1744,10:42:05,23.59,0.01,3,7077,买盘
1745,10:42:02,23.58,0.01,5,11790,买盘
1746,10:41:59,23.57,-0.01,3,7071,卖盘
1747,10:41:56,23.58,0.01,3,7073,买盘
1748,10:41:50,23.57,-0.01,1,2357,卖盘
1749,10:41:29,23.58,0.01,41,96678,买盘
1750,10:41:23,23.57,--,13,30641,卖盘
1751,10:41:20,23.57,--,15,35355,卖盘
1752,10:41:17,23.57,--,4,9428,卖盘
1753,10:40:59,23.57,--,3,7071,卖盘
1754,10:40:50,23.57,--,4,9428,卖盘
1755,10:40:44,23.57,-0.01,5,11785,卖盘
1756,10:40:29,23.58,--,8,18864,卖盘
1757,10:40:20,23.58,--,6,14147,卖盘
1758,10:40:11,23.58,--,10,23580,卖盘
1759,10:40:02,23.58,-0.01,39,91962,卖盘
1760,10:39:59,23.59,0.01,21,49539,中性盘
1761,10:39:47,23.58,-0.02,1,2358,卖盘
1762,10:39:44,23.6,--,20,47200,买盘
1763,10:39:32,23.6,--,4,9440,买盘
1764,10:39:26,23.6,--,11,25960,买盘
1765,10:39:11,23.6,--,3,7080,买盘
1766,10:39:08,23.6,0.01,6,14160,买盘
1767,10:39:05,23.59,0.01,33,77847,买盘
1768,10:39:02,23.58,--,1,2358,卖盘
1769,10:38:59,23.58,--,3,7073,卖盘
1770,10:38:56,23.58,--,3,7073,买盘
1771,10:38:53,23.58,0.01,112,264096,买盘
1772,10:38:50,23.57,-0.01,16,37712,卖盘
1773,10:38:35,23.58,0.01,4,9432,买盘
1774,10:38:32,23.57,--,3,7071,卖盘
1775,10:38:29,23.57,--,151,356331,买盘
1776,10:38:17,23.57,0.02,12,28284,买盘
1777,10:38:11,23.55,--,15,35325,买盘
1778,10:38:08,23.55,0.01,8,18840,买盘
1779,10:38:05,23.54,-0.01,7,16478,卖盘
1780,10:38:02,23.55,0.02,8,18840,买盘
1781,10:37:53,23.53,--,12,28236,卖盘
1782,10:37:50,23.53,--,3,7059,卖盘
1783,10:37:47,23.53,--,1,2353,卖盘
1784,10:37:44,23.53,--,86,202687,买盘
1785,10:37:41,23.53,--,10,23530,买盘
1786,10:37:35,23.53,--,2,4706,买盘
1787,10:37:32,23.53,0.01,2,4706,买盘
1788,10:37:29,23.52,-0.01,20,47040,卖盘
1789,10:37:26,23.53,--,7,16471,买盘
1790,10:37:17,23.53,--,12,28236,买盘
1791,10:37:14,23.53,--,2,4706,买盘
1792,10:37:08,23.53,--,6,14118,买盘
1793,10:37:05,23.53,0.01,6,14118,买盘
1794,10:36:59,23.52,--,10,23520,卖盘
1795,10:36:53,23.52,--,1,2352,卖盘
1796,10:36:50,23.52,--,2,4704,卖盘
1797,10:36:47,23.52,--,23,54096,买盘
1798,10:36:41,23.52,0.01,4,9408,买盘
1799,10:36:38,23.51,--,5,11755,卖盘
1800,10:36:35,23.51,-0.01,2,4702,卖盘
1801,10:36:23,23.52,--,23,54096,买盘
1802,10:36:20,23.52,-0.01,2,4704,中性盘
1803,10:36:08,23.53,0.01,15,35295,买盘
1804,10:36:05,23.52,-0.01,8,20838,卖盘
1805,10:36:02,23.53,0.01,10,23530,买盘
1806,10:35:59,23.52,--,4,9408,卖盘
1807,10:35:56,23.52,-0.01,1,2352,卖盘
1808,10:35:50,23.53,0.01,46,108238,买盘
1809,10:35:47,23.52,-0.01,119,281863,卖盘
1810,10:35:44,23.53,0.01,30,70590,买盘
1811,10:35:41,23.52,-0.01,5,11760,卖盘
1812,10:35:38,23.53,--,3,7059,买盘
1813,10:35:35,23.53,--,4,9412,买盘
1814,10:35:32,23.53,-0.01,14,32942,卖盘
1815,10:35:26,23.54,-0.01,14,32956,卖盘
1816,10:35:20,23.55,-0.02,5,11775,卖盘
1817,10:35:11,23.57,-0.01,124,294200,卖盘
1818,10:35:08,23.58,-0.01,125,294750,卖盘
1819,10:35:05,23.59,0.01,69,162771,买盘
1820,10:35:02,23.58,-0.01,42,99036,卖盘
1821,10:34:53,23.59,--,8,18872,买盘
1822,10:34:47,23.59,-0.01,8,18872,卖盘
1823,10:34:41,23.6,--,109,258632,卖盘
1824,10:34:38,23.6,--,280,661767,卖盘
1825,10:34:35,23.6,--,107,252520,卖盘
1826,10:34:32,23.6,--,88,207680,卖盘
1827,10:34:29,23.6,--,100,236000,卖盘
1828,10:34:20,23.6,-0.01,545,1286200,卖盘
1829,10:34:17,23.61,-0.01,4,9444,卖盘
1830,10:34:11,23.62,0.01,30,70860,买盘
1831,10:34:08,23.61,--,50,118050,卖盘
1832,10:34:05,23.61,-0.01,16,37776,卖盘
1833,10:34:02,23.62,--,2,4724,买盘
1834,10:33:59,23.62,--,212,500744,卖盘
1835,10:33:53,23.62,--,15,35430,卖盘
1836,10:33:50,23.62,-0.01,1,2362,卖盘
1837,10:33:47,23.63,0.01,15,35445,买盘
1838,10:33:44,23.62,-0.01,28,66136,卖盘
1839,10:33:41,23.63,0.01,8,18904,中性盘
1840,10:33:38,23.62,--,10,23620,卖盘
1841,10:33:35,23.62,--,157,370834,买盘
1842,10:33:32,23.62,-0.01,62,146444,卖盘
1843,10:33:29,23.63,0.01,4,9452,买盘
1844,10:33:26,23.62,-0.02,7,16534,中性盘
1845,10:33:23,23.64,0.01,42,99288,买盘
1846,10:33:17,23.63,-0.01,22,51986,买盘
1847,10:33:14,23.64,0.01,17,40188,买盘
1848,10:33:11,23.63,--,12,30246,卖盘
1849,10:33:08,23.63,--,15,35445,卖盘
1850,10:33:02,23.63,--,81,191875,卖盘
1851,10:32:59,23.63,--,10,23630,卖盘
1852,10:32:56,23.63,-0.01,15,35445,中性盘
1853,10:32:53,23.64,0.02,80,189120,买盘
1854,10:32:50,23.62,--,1,2362,卖盘
1855,10:32:47,23.62,--,2,4724,卖盘
1856,10:32:44,23.62,--,50,118100,卖盘
1857,10:32:41,23.62,--,10,23620,卖盘
1858,10:32:38,23.62,-0.01,20,47240,卖盘
1859,10:32:35,23.63,0.02,14,33082,买盘
1860,10:32:32,23.61,--,5,11805,卖盘
1861,10:32:29,23.61,--,72,169992,卖盘
1862,10:32:26,23.61,-0.01,34,80274,卖盘
1863,10:32:20,23.62,0.01,21,49602,买盘
1864,10:32:17,23.61,--,10,23610,卖盘
1865,10:32:14,23.61,-0.01,9,21249,卖盘
1866,10:32:08,23.62,--,17,40154,买盘
1867,10:32:05,23.62,0.01,74,174788,买盘
1868,10:32:02,23.61,0.01,2,4722,买盘
1869,10:31:53,23.6,--,10,23600,卖盘
1870,10:31:50,23.6,--,3,7080,卖盘
1871,10:31:47,23.6,--,7,16520,卖盘
1872,10:31:44,23.6,--,7,16520,卖盘
1873,10:31:35,23.6,0.03,480,1132800,买盘
1874,10:31:29,23.57,-0.01,17,40069,卖盘
1875,10:31:23,23.58,--,6,14147,卖盘
1876,10:31:20,23.58,--,29,68382,买盘
1877,10:31:17,23.58,--,29,68382,买盘
1878,10:31:08,23.58,-0.01,11,25937,买盘
1879,10:31:02,23.59,0.02,34,80206,买盘
1880,10:30:56,23.57,-0.02,2,4714,卖盘
1881,10:30:53,23.59,--,27,63693,买盘
1882,10:30:47,23.59,0.02,2,4718,买盘
1883,10:30:35,23.57,--,2,4714,卖盘
1884,10:30:32,23.57,--,1,2357,卖盘
1885,10:30:26,23.57,--,4,9852,买盘
1886,10:30:23,23.57,-0.02,35,84427,卖盘
1887,10:30:17,23.59,-0.01,9,21231,卖盘
1888,10:30:14,23.6,--,5,11800,买盘
1889,10:30:11,23.6,--,16,37760,买盘
1890,10:30:05,23.6,0.05,241,569184,买盘
1891,10:30:02,23.55,--,27,63585,卖盘
1892,10:29:59,23.55,0.01,10,23550,中性盘
1893,10:29:53,23.54,--,5,11770,卖盘
1894,10:29:50,23.54,-0.03,1,2354,卖盘
1895,10:29:44,23.57,0.03,2,4714,买盘
1896,10:29:38,23.54,--,3,7062,卖盘
1897,10:29:32,23.54,-0.04,10,23540,卖盘
1898,10:29:26,23.58,0.05,280,660240,买盘
1899,10:29:17,23.53,-0.01,10,23530,卖盘
1900,10:29:14,23.54,-0.01,4,9416,中性盘
1901,10:29:08,23.55,0.01,70,164850,买盘
1902,10:29:02,23.54,--,5,11770,买盘
1903,10:28:59,23.54,0.01,51,120054,中性盘
1904,10:28:56,23.53,-0.01,21,49413,卖盘
1905,10:28:53,23.54,0.01,9,21186,中性盘
1906,10:28:47,23.53,--,1,2353,卖盘
1907,10:28:44,23.53,-0.01,334,785902,卖盘
1908,10:28:41,23.54,0.01,51,120054,买盘
1909,10:28:29,23.53,--,7,16471,卖盘
1910,10:28:26,23.53,--,11,25883,卖盘
1911,10:28:23,23.53,-0.01,40,94120,卖盘
1912,10:28:17,23.54,0.01,22,51788,买盘
1913,10:28:14,23.53,-0.01,193,454129,卖盘
1914,10:28:11,23.54,0.01,4,9416,买盘
1915,10:28:05,23.53,--,2,4706,卖盘
1916,10:28:02,23.53,--,5,11765,卖盘
1917,10:27:56,23.53,--,2,4706,卖盘
1918,10:27:53,23.53,--,1,2353,卖盘
1919,10:27:50,23.53,-0.01,1,2353,卖盘
1920,10:27:47,23.54,0.01,4,9416,买盘
1921,10:27:41,23.53,-0.01,10,23530,卖盘
1922,10:27:35,23.54,--,2,4708,买盘
1923,10:27:32,23.54,-0.01,9,21186,卖盘
1924,10:27:23,23.55,--,1,2355,买盘
1925,10:27:20,23.55,-0.01,14,32970,卖盘
1926,10:27:17,23.56,0.01,12,28272,买盘
1927,10:27:14,23.55,--,32,75360,卖盘
1928,10:27:11,23.55,-0.01,30,70650,卖盘
1929,10:27:08,23.56,--,30,70680,买盘
1930,10:27:05,23.56,--,4,9424,买盘
1931,10:27:02,23.56,--,68,160208,卖盘
1932,10:26:59,23.56,--,55,129580,卖盘
1933,10:26:56,23.56,-0.01,9,21204,卖盘
1934,10:26:50,23.57,0.01,10,23570,买盘
1935,10:26:44,23.56,-0.02,27,63612,卖盘
1936,10:26:41,23.58,--,12,28295,买盘
1937,10:26:38,23.58,0.01,9,21222,买盘
1938,10:26:35,23.57,--,13,30641,卖盘
1939,10:26:32,23.57,-0.01,9,21213,卖盘
1940,10:26:29,23.58,--,10,23580,买盘
1941,10:26:26,23.58,--,189,445661,卖盘
1942,10:26:20,23.58,-0.01,18,42444,卖盘
1943,10:26:14,23.59,--,9,21231,买盘
1944,10:26:11,23.59,--,24,56616,买盘
1945,10:26:08,23.59,-0.01,14,33026,中性盘
1946,10:26:05,23.6,0.01,6,14160,买盘
1947,10:26:02,23.59,0.01,12,28308,中性盘
1948,10:25:53,23.58,-0.02,7,16506,卖盘
1949,10:25:50,23.6,0.02,97,228920,买盘
1950,10:25:47,23.58,-0.01,9,21222,中性盘
1951,10:25:44,23.59,0.03,100,235900,买盘
1952,10:25:38,23.56,-0.01,8,18848,卖盘
1953,10:25:35,23.57,--,141,332337,买盘
1954,10:25:32,23.57,0.01,61,143777,买盘
1955,10:25:23,23.56,--,2,4712,卖盘
1956,10:25:19,23.56,-0.01,5,11780,卖盘
1957,10:25:16,23.57,0.02,50,117850,买盘
1958,10:25:13,23.55,--,15,35325,卖盘
1959,10:25:04,23.55,-0.01,17,40035,卖盘
1960,10:25:01,23.56,0.01,30,70680,买盘
1961,10:24:58,23.55,--,147,346185,买盘
1962,10:24:55,23.55,--,144,339120,买盘
1963,10:24:49,23.55,--,7,16485,买盘
1964,10:24:46,23.55,--,80,188400,买盘
1965,10:24:40,23.55,--,139,327345,买盘
1966,10:24:37,23.55,--,10,23550,买盘
1967,10:24:34,23.55,0.01,17,40035,买盘
1968,10:24:28,23.54,--,24,56496,卖盘
1969,10:24:25,23.54,0.01,100,235400,中性盘
1970,10:24:22,23.53,--,428,1007084,卖盘
1971,10:24:19,23.53,--,1,2353,卖盘
1972,10:24:13,23.53,-0.01,1,2353,卖盘
1973,10:24:10,23.54,0.01,6,14124,买盘
1974,10:24:07,23.53,--,74,174122,买盘
1975,10:24:04,23.53,--,3,7059,买盘
1976,10:24:01,23.53,--,4,9412,买盘
1977,10:23:58,23.53,0.01,9,21177,买盘
1978,10:23:52,23.52,-0.02,14,32928,卖盘
1979,10:23:49,23.54,0.02,74,174196,买盘
1980,10:23:43,23.52,-0.01,30,70560,卖盘
1981,10:23:40,23.53,--,5,11765,买盘
1982,10:23:37,23.53,--,105,247065,买盘
1983,10:23:34,23.53,0.01,6,14118,买盘
1984,10:23:22,23.52,--,33,78321,买盘
1985,10:23:19,23.52,-0.01,71,166992,买盘
1986,10:23:16,23.53,0.02,5,11765,买盘
1987,10:23:10,23.51,-0.01,1,2351,卖盘
1988,10:23:07,23.52,--,7,16464,卖盘
1989,10:23:04,23.52,--,5,11760,买盘
1990,10:22:58,23.52,0.02,2,4704,买盘
1991,10:22:52,23.5,-0.02,1,2350,卖盘
1992,10:22:49,23.52,--,8,18816,买盘
1993,10:22:46,23.52,0.02,14,32928,买盘
1994,10:22:40,23.5,-0.02,4,9400,卖盘
1995,10:22:34,23.52,--,9,21168,卖盘
1996,10:22:28,23.52,0.03,288,678763,买盘
1997,10:22:25,23.49,-0.01,9,21141,卖盘
1998,10:22:19,23.5,--,8,18800,买盘
1999,10:22:16,23.5,0.01,13,30550,买盘
2000,10:22:13,23.49,-0.01,41,96309,卖盘
2001,10:22:10,23.5,--,3,7050,买盘
2002,10:22:01,23.5,--,10,23500,买盘
2003,10:21:58,23.5,--,44,103400,买盘
2004,10:21:52,23.5,--,12,28200,买盘
2005,10:21:46,23.5,--,11,25850,买盘
2006,10:21:43,23.5,--,34,79900,买盘
2007,10:21:40,23.5,--,10,23500,买盘
2008,10:21:31,23.5,--,39,91650,买盘
2009,10:21:25,23.5,--,1,2350,买盘
2010,10:21:22,23.5,--,29,68150,买盘
2011,10:21:19,23.5,--,30,70500,买盘
2012,10:21:16,23.5,0.01,20,47000,买盘
2013,10:21:13,23.49,--,58,136242,买盘
2014,10:21:10,23.49,--,59,138591,卖盘
2015,10:21:01,23.49,--,5,11745,卖盘
2016,10:20:58,23.49,-0.01,31,72819,卖盘
2017,10:20:52,23.5,--,8,18800,卖盘
2018,10:20:46,23.5,--,10,23500,卖盘
2019,10:20:43,23.5,--,2,4700,卖盘
2020,10:20:37,23.5,--,7,16450,卖盘
2021,10:20:34,23.5,-0.01,10,23500,卖盘
2022,10:20:31,23.51,--,3,7053,买盘
2023,10:20:25,23.51,--,1,2351,买盘
2024,10:20:22,23.51,-0.01,11,25861,卖盘
2025,10:20:16,23.52,0.01,5,11760,买盘
2026,10:20:10,23.51,--,10,23510,卖盘
2027,10:20:07,23.51,--,50,117550,卖盘
2028,10:20:04,23.51,--,40,94040,卖盘
2029,10:20:01,23.51,--,8,18808,卖盘
2030,10:19:58,23.51,0.01,61,143411,买盘
2031,10:19:52,23.5,-0.01,5,11750,卖盘
2032,10:19:43,23.51,0.01,7,16457,买盘
2033,10:19:40,23.5,--,5,11750,卖盘
2034,10:19:37,23.5,--,27,63450,卖盘
2035,10:19:28,23.5,--,27,63450,卖盘
2036,10:19:25,23.5,-0.01,100,235000,卖盘
2037,10:19:22,23.51,0.01,27,63477,买盘
2038,10:19:16,23.5,--,20,47000,卖盘
2039,10:19:10,23.5,--,1,2350,卖盘
2040,10:19:07,23.5,-0.01,11,25850,卖盘
2041,10:18:58,23.51,--,11,25861,卖盘
2042,10:18:55,23.51,--,14,32914,卖盘
2043,10:18:52,23.51,--,42,98742,卖盘
2044,10:18:43,23.51,--,1,2351,卖盘
2045,10:18:40,23.51,--,3,7053,卖盘
2046,10:18:37,23.51,--,5,11755,卖盘
2047,10:18:34,23.51,--,15,35265,卖盘
2048,10:18:31,23.51,-0.01,17,39967,卖盘
2049,10:18:25,23.52,--,7,16464,买盘
2050,10:18:22,23.52,--,11,25872,买盘
2051,10:18:19,23.52,0.01,20,47040,买盘
2052,10:18:16,23.51,-0.01,8,18808,卖盘
2053,10:18:10,23.52,--,9,21168,买盘
2054,10:18:07,23.52,--,10,23520,买盘
2055,10:18:04,23.52,--,26,61152,卖盘
2056,10:18:01,23.52,--,1,2352,卖盘
2057,10:17:58,23.52,--,12,28224,卖盘
2058,10:17:55,23.52,--,26,61152,卖盘
2059,10:17:52,23.52,--,52,122304,买盘
2060,10:17:49,23.52,--,2,4704,买盘
2061,10:17:46,23.52,--,28,65856,买盘
2062,10:17:40,23.52,--,2,4704,买盘
2063,10:17:37,23.52,0.01,4,9408,买盘
2064,10:17:34,23.51,-0.01,20,47020,卖盘
2065,10:17:31,23.52,0.01,14,32928,买盘
2066,10:17:25,23.51,-0.01,13,30563,卖盘
2067,10:17:22,23.52,0.01,10,23520,买盘
2068,10:17:19,23.51,--,17,39967,卖盘
2069,10:17:16,23.51,-0.01,31,72881,卖盘
2070,10:17:13,23.52,--,5,11760,买盘
2071,10:17:01,23.52,0.02,22,51744,买盘
2072,10:16:52,23.5,-0.01,13,30550,卖盘
2073,10:16:49,23.51,-0.01,20,47020,卖盘
2074,10:16:46,23.52,0.02,108,254016,买盘
2075,10:16:40,23.5,0.01,3,7050,卖盘
2076,10:16:37,23.49,-0.01,163,383756,卖盘
2077,10:16:31,23.5,--,6,14100,买盘
2078,10:16:25,23.5,0.01,15,35250,买盘
2079,10:16:22,23.49,-0.01,4,9396,卖盘
2080,10:16:19,23.5,0.01,148,347800,买盘
2081,10:16:16,23.49,-0.01,4,9396,卖盘
2082,10:16:13,23.5,--,10,23500,买盘
2083,10:16:07,23.5,--,5,11750,买盘
2084,10:16:04,23.5,--,3,7050,买盘
2085,10:16:01,23.5,--,31,72850,买盘
2086,10:15:52,23.5,--,9,21150,买盘
2087,10:15:46,23.5,--,54,126900,买盘
2088,10:15:43,23.5,--,8,18800,买盘
2089,10:15:40,23.5,--,21,49350,买盘
2090,10:15:37,23.5,--,11,25850,买盘
2091,10:15:31,23.5,--,111,260850,买盘
2092,10:15:28,23.5,--,7,16450,买盘
2093,10:15:25,23.5,--,68,159800,买盘
2094,10:15:22,23.5,--,21,49350,买盘
2095,10:15:16,23.5,--,1,2350,买盘
2096,10:15:13,23.5,0.01,9,21150,买盘
2097,10:15:10,23.49,0.01,118,277182,买盘
2098,10:15:07,23.48,--,9,21132,买盘
2099,10:15:04,23.48,--,8,18784,买盘
2100,10:15:01,23.48,0.01,16,37568,买盘
2101,10:14:58,23.47,--,15,35205,买盘
2102,10:14:55,23.47,0.02,3,7041,买盘
2103,10:14:52,23.45,--,20,46900,买盘
2104,10:14:49,23.45,--,5,11725,买盘
2105,10:14:43,23.45,--,2,4690,买盘
2106,10:14:40,23.45,--,2,4690,买盘
2107,10:14:37,23.45,0.02,47,110215,买盘
2108,10:14:34,23.43,-0.02,143,335049,卖盘
2109,10:14:31,23.45,0.01,1,2345,买盘
2110,10:14:28,23.44,--,175,410528,买盘
2111,10:14:25,23.44,0.01,3,7032,买盘
2112,10:14:22,23.43,-0.01,69,161667,卖盘
2113,10:14:19,23.44,--,11,25784,买盘
2114,10:14:16,23.44,0.01,1,2344,买盘
2115,10:14:13,23.43,--,1,2343,卖盘
2116,10:14:10,23.43,--,1,2343,卖盘
2117,10:14:07,23.43,-0.01,1,2343,卖盘
2118,10:14:04,23.44,0.01,6,14064,买盘
2119,10:13:58,23.43,--,1,2343,卖盘
2120,10:13:52,23.43,-0.01,12,28116,卖盘
2121,10:13:46,23.44,0.01,15,35160,买盘
2122,10:13:43,23.43,-0.01,3,7029,卖盘
2123,10:13:37,23.44,0.01,9,21096,买盘
2124,10:13:34,23.43,-0.01,3,7029,卖盘
2125,10:13:31,23.44,--,3,7032,买盘
2126,10:13:25,23.44,-0.01,30,70320,卖盘
2127,10:13:22,23.45,--,11,25795,买盘
2128,10:13:19,23.45,0.01,5,11725,买盘
2129,10:13:16,23.44,--,32,75008,卖盘
2130,10:13:13,23.44,--,3,7032,卖盘
2131,10:13:10,23.44,-0.01,3,7032,卖盘
2132,10:13:07,23.45,0.01,11,25795,买盘
2133,10:12:58,23.44,0.01,1,2344,买盘
2134,10:12:55,23.43,-0.01,1,2343,卖盘
2135,10:12:49,23.44,--,1,2344,买盘
2136,10:12:46,23.44,--,30,70320,买盘
2137,10:12:43,23.44,0.01,25,58600,买盘
2138,10:12:37,23.43,--,1,2343,卖盘
2139,10:12:21,23.43,-0.01,6,14058,卖盘
2140,10:12:18,23.44,--,5,11720,买盘
2141,10:12:09,23.44,--,1,2344,买盘
2142,10:12:06,23.44,--,5,11720,买盘
2143,10:12:03,23.44,--,21,49224,买盘
2144,10:11:57,23.44,--,31,72664,卖盘
2145,10:11:51,23.44,--,10,23440,卖盘
2146,10:11:42,23.44,-0.01,16,37504,卖盘
2147,10:11:39,23.45,0.01,1,2345,买盘
2148,10:11:30,23.44,0.01,55,128920,买盘
2149,10:11:21,23.43,--,1,2343,卖盘
2150,10:11:18,23.43,-0.02,1,2343,卖盘
2151,10:11:15,23.45,--,6,14070,买盘
2152,10:11:12,23.45,0.02,33,77385,买盘
2153,10:11:09,23.43,--,203,475629,卖盘
2154,10:11:03,23.43,--,13,30459,卖盘
2155,10:10:57,23.43,-0.02,1,2343,卖盘
2156,10:10:54,23.45,--,1,2345,买盘
2157,10:10:51,23.45,--,27,63315,卖盘
2158,10:10:48,23.45,-0.01,25,58625,卖盘
2159,10:10:36,23.46,0.01,11,25806,中性盘
2160,10:10:33,23.45,-0.01,25,58625,卖盘
2161,10:10:30,23.46,-0.01,50,117300,卖盘
2162,10:10:27,23.47,--,10,23470,买盘
2163,10:10:24,23.47,--,5,11735,买盘
2164,10:10:21,23.47,--,6,14082,卖盘
2165,10:10:18,23.47,--,30,70410,卖盘
2166,10:10:12,23.47,-0.01,10,23470,卖盘
2167,10:10:09,23.48,--,6,14088,买盘
2168,10:10:06,23.48,--,17,39916,买盘
2169,10:10:03,23.48,0.01,4,9392,买盘
2170,10:10:00,23.47,-0.02,37,86839,卖盘
2171,10:09:51,23.49,0.01,19,44631,买盘
2172,10:09:45,23.48,-0.01,3,7044,卖盘
2173,10:09:39,23.49,--,1,2349,卖盘
2174,10:09:36,23.49,-0.01,100,234899,卖盘
2175,10:09:33,23.5,0.01,17,39950,买盘
2176,10:09:27,23.49,-0.01,14,32886,卖盘
2177,10:09:18,23.5,--,5,11750,买盘
2178,10:09:15,23.5,0.02,172,404200,买盘
2179,10:09:09,23.48,--,5,11740,卖盘
2180,10:09:03,23.48,-0.01,8,18784,卖盘
2181,10:09:00,23.49,--,9,21141,买盘
2182,10:08:57,23.49,--,4,9396,买盘
2183,10:08:54,23.49,-0.01,2,4698,买盘
2184,10:08:51,23.5,0.02,10,23500,买盘
2185,10:08:48,23.48,-0.02,10,23480,卖盘
2186,10:08:39,23.5,0.01,22,51700,买盘
2187,10:08:36,23.49,--,109,256040,卖盘
2188,10:08:27,23.49,0.01,26,61073,买盘
2189,10:08:24,23.48,--,23,54004,买盘
2190,10:08:21,23.48,--,20,46960,买盘
2191,10:08:15,23.48,-0.02,13,30524,卖盘
2192,10:08:12,23.5,0.01,105,246750,买盘
2193,10:08:09,23.49,--,25,58724,买盘
2194,10:08:03,23.49,0.01,57,133893,买盘
2195,10:07:57,23.48,--,1,2348,卖盘
2196,10:07:54,23.48,-0.01,8,18784,卖盘
2197,10:07:48,23.49,--,10,23490,买盘
2198,10:07:45,23.49,--,14,32886,买盘
2199,10:07:39,23.49,--,5,11745,买盘
2200,10:07:33,23.49,--,43,101007,买盘
2201,10:07:30,23.49,--,3,7046,买盘
2202,10:07:27,23.49,--,18,42282,买盘
2203,10:07:18,23.49,0.01,9,21141,买盘
2204,10:07:15,23.48,--,2,4696,卖盘
2205,10:07:12,23.48,--,1,2348,卖盘
2206,10:07:09,23.48,--,3,7044,卖盘
2207,10:07:06,23.48,0.01,197,462556,买盘
2208,10:07:00,23.47,--,4,9388,中性盘
2209,10:06:54,23.47,0.01,50,117350,买盘
2210,10:06:48,23.46,--,2,4692,卖盘
2211,10:06:45,23.46,-0.01,9,21114,卖盘
2212,10:06:39,23.47,0.01,1,2347,买盘
2213,10:06:30,23.46,-0.01,10,23460,卖盘
2214,10:06:24,23.47,--,2,4694,买盘
2215,10:06:18,23.47,--,6,14082,买盘
2216,10:06:15,23.47,--,11,25817,买盘
2217,10:06:12,23.47,--,19,44593,买盘
2218,10:06:09,23.47,--,16,37552,买盘
2219,10:06:03,23.47,--,13,30511,买盘
2220,10:05:57,23.47,--,2,4694,买盘
2221,10:05:54,23.47,--,2,4694,买盘
2222,10:05:51,23.47,--,48,112656,卖盘
2223,10:05:45,23.47,--,4,9388,卖盘
2224,10:05:39,23.47,--,1,2347,卖盘
2225,10:05:36,23.47,-0.01,30,70410,卖盘
2226,10:05:33,23.48,--,4,9392,买盘
2227,10:05:30,23.48,--,5,11740,买盘
2228,10:05:27,23.48,--,5,11740,买盘
2229,10:05:24,23.48,--,25,58700,买盘
2230,10:05:21,23.48,0.01,15,35220,买盘
2231,10:05:18,23.47,-0.01,8,18776,卖盘
2232,10:05:15,23.48,0.01,30,70440,买盘
2233,10:05:06,23.47,0.02,87,204189,买盘
2234,10:05:03,23.45,-0.01,10,23450,卖盘
2235,10:05:00,23.46,-0.01,6,14076,买盘
2236,10:04:54,23.47,0.01,10,23470,买盘
2237,10:04:51,23.46,-0.01,4,9384,卖盘
2238,10:04:39,23.47,0.01,31,72757,买盘
2239,10:04:30,23.46,--,3,7038,卖盘
2240,10:04:27,23.46,-0.01,16,37536,卖盘
2241,10:04:21,23.47,0.01,16,37552,买盘
2242,10:04:15,23.46,--,6,14076,卖盘
2243,10:04:12,23.46,--,11,25806,买盘
2244,10:04:09,23.46,0.01,3,7038,买盘
2245,10:04:06,23.45,-0.01,1,2345,卖盘
2246,10:04:03,23.46,--,9,21114,买盘
2247,10:04:00,23.46,--,4,9384,买盘
2248,10:03:57,23.46,0.01,2,4692,买盘
2249,10:03:54,23.45,--,2,4690,卖盘
2250,10:03:48,23.45,-0.01,5,11725,卖盘
2251,10:03:45,23.46,--,5,11730,买盘
2252,10:03:42,23.46,0.01,1,2346,买盘
2253,10:03:39,23.45,--,11,25795,卖盘
2254,10:03:36,23.45,--,98,229810,买盘
2255,10:03:24,23.45,--,6,14070,买盘
2256,10:03:21,23.45,0.02,1,2345,买盘
2257,10:03:18,23.43,-0.01,15,35145,卖盘
2258,10:03:15,23.44,--,20,46880,卖盘
2259,10:03:12,23.44,-0.01,5,11720,中性盘
2260,10:03:06,23.45,0.01,10,23450,买盘
2261,10:03:03,23.44,--,19,44536,卖盘
2262,10:03:00,23.44,-0.01,4,9376,卖盘
2263,10:02:57,23.45,--,12,28140,买盘
2264,10:02:42,23.45,--,1,2345,买盘
2265,10:02:36,23.45,--,27,63315,卖盘
2266,10:02:33,23.45,-0.01,3,7035,卖盘
2267,10:02:30,23.46,--,5,11730,买盘
2268,10:02:24,23.46,-0.01,1,2346,卖盘
2269,10:02:21,23.47,-0.01,19,44593,卖盘
2270,10:02:15,23.48,-0.01,9,21132,卖盘
2271,10:02:12,23.49,-0.01,20,46980,买盘
2272,10:02:09,23.5,--,11,25850,买盘
2273,10:02:06,23.5,--,1,2350,买盘
2274,10:02:03,23.5,0.02,26,61100,买盘
2275,10:02:00,23.48,-0.02,11,25828,卖盘
2276,10:01:57,23.5,0.01,47,110450,买盘
2277,10:01:51,23.49,-0.01,2,6177,卖盘
2278,10:01:48,23.5,0.01,15,35250,买盘
2279,10:01:45,23.49,-0.01,12,28187,卖盘
2280,10:01:42,23.5,0.01,36,84600,中性盘
2281,10:01:33,23.49,--,69,162081,卖盘
2282,10:01:30,23.49,-0.01,30,70470,卖盘
2283,10:01:27,23.5,-0.01,36,84600,卖盘
2284,10:01:24,23.51,0.02,95,223345,买盘
2285,10:01:21,23.49,-0.01,50,117449,卖盘
2286,10:01:18,23.5,--,17,39950,中性盘
2287,10:01:09,23.5,--,23,54050,买盘
2288,10:01:06,23.5,--,11,25850,卖盘
2289,10:01:03,23.5,--,7,16450,卖盘
2290,10:01:00,23.5,--,2,4700,卖盘
2291,10:00:57,23.5,--,10,23500,中性盘
2292,10:00:54,23.5,--,14,32900,买盘
2293,10:00:51,23.5,--,40,94000,买盘
2294,10:00:45,23.5,--,99,232650,买盘
2295,10:00:42,23.5,-0.02,18,42300,卖盘
2296,10:00:39,23.52,--,86,202272,买盘
2297,10:00:33,23.52,0.02,50,117600,买盘
2298,10:00:30,23.5,-0.02,154,361900,卖盘
2299,10:00:27,23.52,0.02,8,18816,买盘
2300,10:00:24,23.5,-0.02,46,108100,卖盘
2301,10:00:21,23.52,0.02,2,4704,买盘
2302,10:00:18,23.5,-0.02,76,178600,卖盘
2303,10:00:15,23.52,0.02,14,32928,买盘
2304,10:00:12,23.5,-0.02,65,152750,卖盘
2305,10:00:09,23.52,--,34,79968,买盘
2306,10:00:06,23.52,-0.01,11,25872,买盘
2307,10:00:00,23.53,0.01,30,70590,买盘
2308,09:59:57,23.52,--,31,72912,卖盘
2309,09:59:54,23.52,--,15,35280,卖盘
2310,09:59:51,23.52,0.02,93,218736,买盘
2311,09:59:48,23.5,--,22,51700,买盘
2312,09:59:45,23.5,--,19,44650,买盘
2313,09:59:42,23.5,--,88,206800,买盘
2314,09:59:39,23.5,0.06,282,662700,买盘
2315,09:59:33,23.44,-0.04,30,70320,卖盘
2316,09:59:30,23.48,0.03,76,178448,买盘
2317,09:59:27,23.45,--,11,25795,买盘
2318,09:59:24,23.45,--,13,30485,买盘
2319,09:59:21,23.45,0.01,3,7035,买盘
2320,09:59:18,23.44,0.01,170,399347,买盘
2321,09:59:15,23.43,0.01,10,23430,买盘
2322,09:59:12,23.42,0.01,129,302118,买盘
2323,09:59:06,23.41,--,1,2341,买盘
2324,09:59:03,23.41,0.01,1,2341,买盘
2325,09:58:57,23.4,-0.01,9,21060,卖盘
2326,09:58:54,23.41,0.01,2,4682,买盘
2327,09:58:51,23.4,--,88,205920,买盘
2328,09:58:48,23.4,0.01,10,23400,买盘
2329,09:58:42,23.39,-0.01,6,14034,卖盘
2330,09:58:39,23.4,--,10,23400,买盘
2331,09:58:36,23.4,--,1,2340,买盘
2332,09:58:33,23.4,--,3,7020,买盘
2333,09:58:30,23.4,--,6,14040,买盘
2334,09:58:21,23.4,0.03,7,16379,买盘
2335,09:58:18,23.37,-0.03,5,11685,卖盘
2336,09:58:12,23.4,0.02,103,241019,买盘
2337,09:58:09,23.38,--,15,35070,买盘
2338,09:58:06,23.38,0.01,3,7014,买盘
2339,09:58:03,23.37,--,5,11685,卖盘
2340,09:58:00,23.37,0.02,25,58425,买盘
2341,09:57:57,23.35,-0.02,1,2335,卖盘
2342,09:57:45,23.37,--,13,30381,买盘
2343,09:57:42,23.37,--,32,74784,买盘
2344,09:57:39,23.37,0.02,1,2337,买盘
2345,09:57:33,23.35,-0.02,15,35025,卖盘
2346,09:57:27,23.37,0.02,13,30381,买盘
2347,09:57:24,23.35,--,12,28020,卖盘
2348,09:57:21,23.35,--,9,21015,卖盘
2349,09:57:12,23.35,-0.03,7,16345,卖盘
2350,09:57:09,23.38,0.03,5,11690,买盘
2351,09:57:06,23.35,--,11,25685,卖盘
2352,09:57:00,23.35,-0.03,2,4670,中性盘
2353,09:56:54,23.38,0.03,42,98196,买盘
2354,09:56:48,23.35,--,22,51370,买盘
2355,09:56:39,23.35,--,1,2335,买盘
2356,09:56:33,23.35,--,1,2335,买盘
2357,09:56:30,23.35,-0.05,13,30355,卖盘
2358,09:56:27,23.4,--,2,4680,买盘
2359,09:56:24,23.4,0.04,5,11700,买盘
2360,09:56:15,23.36,-0.04,5,11680,卖盘
2361,09:56:12,23.4,--,16,37440,买盘
2362,09:56:09,23.4,--,10,23400,买盘
2363,09:56:06,23.4,-0.02,30,70200,卖盘
2364,09:56:03,23.42,0.01,16,37472,中性盘
2365,09:56:00,23.41,-0.01,18,42138,卖盘
2366,09:55:57,23.42,0.01,83,194386,买盘
2367,09:55:51,23.41,0.01,10,23410,买盘
2368,09:55:48,23.4,-0.01,12,28080,卖盘
2369,09:55:45,23.41,0.01,5,11705,中性盘
2370,09:55:42,23.4,-0.03,10,23400,卖盘
2371,09:55:39,23.43,--,11,25773,卖盘
2372,09:55:36,23.43,0.08,20,46860,买盘
2373,09:55:30,23.35,-0.07,22,51370,卖盘
2374,09:55:27,23.42,--,15,35130,买盘
2375,09:55:24,23.42,--,11,27003,卖盘
2376,09:55:21,23.42,--,0,1100,卖盘
2377,09:55:18,23.42,0.07,10,23420,买盘
2378,09:55:15,23.35,--,10,23350,卖盘
2379,09:55:12,23.35,--,5,11675,卖盘
2380,09:55:09,23.35,--,10,23350,卖盘
2381,09:55:06,23.35,0.01,4,9340,卖盘
2382,09:55:03,23.34,--,12,28008,买盘
2383,09:55:00,23.34,-0.01,363,847242,卖盘
2384,09:54:57,23.35,0.01,23,53705,买盘
2385,09:54:54,23.34,--,10,23340,卖盘
2386,09:54:48,23.34,-0.01,20,46680,卖盘
2387,09:54:42,23.35,0.01,10,23350,买盘
2388,09:54:39,23.34,--,7,16338,卖盘
2389,09:54:36,23.34,0.05,336,784224,买盘
2390,09:54:21,23.29,0.04,90,209610,买盘
2391,09:54:15,23.25,-0.01,57,132525,卖盘
2392,09:54:09,23.26,-0.02,9,20934,卖盘
2393,09:54:06,23.28,--,6,13968,买盘
2394,09:54:03,23.28,-0.01,3,6984,买盘
2395,09:53:54,23.29,0.01,13,30277,买盘
2396,09:53:48,23.28,-0.01,208,484224,卖盘
2397,09:53:45,23.29,--,1,2329,买盘
2398,09:53:39,23.29,--,23,53567,买盘
2399,09:53:33,23.29,--,80,186320,买盘
2400,09:53:30,23.29,--,14,32606,买盘
2401,09:53:27,23.29,--,5,11645,买盘
2402,09:53:24,23.29,--,37,86173,买盘
2403,09:53:21,23.29,0.01,70,163030,买盘
2404,09:53:15,23.28,-0.01,1,2328,卖盘
2405,09:53:12,23.29,0.01,1,2329,买盘
2406,09:53:06,23.28,-0.01,20,46560,卖盘
2407,09:53:03,23.29,--,6,13974,买盘
2408,09:52:57,23.29,0.01,6,13974,买盘
2409,09:52:51,23.28,--,20,46560,卖盘
2410,09:52:42,23.28,--,5,11640,卖盘
2411,09:52:39,23.28,--,54,125712,买盘
2412,09:52:33,23.28,--,4,9312,买盘
2413,09:52:30,23.28,0.03,5,11640,卖盘
2414,09:52:17,23.25,-0.03,30,69750,卖盘
2415,09:52:14,23.28,--,15,34920,卖盘
2416,09:52:11,23.28,0.03,2,6192,买盘
2417,09:52:02,23.25,--,1,2325,卖盘
2418,09:51:59,23.25,-0.03,10,23250,卖盘
2419,09:51:56,23.28,--,11,25608,买盘
2420,09:51:44,23.28,0.03,64,148992,买盘
2421,09:51:23,23.25,0.01,5,11625,买盘
2422,09:51:17,23.24,--,5,11620,卖盘
2423,09:51:11,23.24,0.01,4,9296,买盘
2424,09:51:05,23.23,-0.01,1,2323,卖盘
2425,09:50:56,23.24,-0.04,4,9296,卖盘
2426,09:50:53,23.28,0.03,213,495864,买盘
2427,09:50:41,23.25,--,1,2325,买盘
2428,09:50:35,23.25,0.01,5,11625,买盘
2429,09:50:32,23.24,-0.01,9,20916,卖盘
2430,09:50:11,23.25,0.01,1,2325,买盘
2431,09:50:08,23.24,--,2,4648,卖盘
2432,09:50:02,23.24,--,11,25564,卖盘
2433,09:49:56,23.24,0.01,40,92960,卖盘
2434,09:49:53,23.23,-0.01,30,69690,卖盘
2435,09:49:47,23.24,--,2,4648,买盘
2436,09:49:23,23.24,-0.01,4,9296,卖盘
2437,09:49:20,23.25,--,37,86025,卖盘
2438,09:49:14,23.25,--,4,9300,卖盘
2439,09:49:11,23.25,0.01,63,146475,买盘
2440,09:49:02,23.24,--,1,2324,卖盘
2441,09:48:56,23.24,-0.01,10,23240,卖盘
2442,09:48:53,23.25,0.01,2,4650,买盘
2443,09:48:47,23.24,-0.01,3,6971,卖盘
2444,09:48:38,23.25,-0.01,3,6975,卖盘
2445,09:48:35,23.26,--,16,37216,买盘
2446,09:48:29,23.26,--,38,88388,买盘
2447,09:48:23,23.26,--,3,6978,买盘
2448,09:48:20,23.26,0.02,1,2326,买盘
2449,09:48:11,23.24,-0.02,1,2324,卖盘
2450,09:48:08,23.26,0.01,4,9304,买盘
2451,09:48:05,23.25,--,5,11625,卖盘
2452,09:47:53,23.25,-0.01,25,58125,卖盘
2453,09:47:47,23.26,-0.01,3,6978,卖盘
2454,09:47:44,23.27,0.02,1,2327,买盘
2455,09:47:41,23.25,-0.01,10,23250,卖盘
2456,09:47:38,23.26,--,50,116300,卖盘
2457,09:47:23,23.26,-0.01,73,169798,卖盘
2458,09:47:17,23.27,--,5,11635,买盘
2459,09:47:14,23.27,0.01,6,13962,买盘
2460,09:47:11,23.26,--,6,13956,卖盘
2461,09:47:08,23.26,-0.01,15,34890,卖盘
2462,09:47:05,23.27,0.01,5,11635,买盘
2463,09:47:02,23.26,--,7,16282,卖盘
2464,09:46:50,23.26,-0.01,7,16282,买盘
2465,09:46:44,23.27,0.01,16,37232,买盘
2466,09:46:41,23.26,-0.01,4,10094,卖盘
2467,09:46:38,23.27,--,6,13962,买盘
2468,09:46:32,23.27,0.01,6,13962,买盘
2469,09:46:23,23.26,-0.01,10,23260,卖盘
2470,09:46:14,23.27,0.01,24,55848,中性盘
2471,09:46:05,23.26,-0.01,10,23260,卖盘
2472,09:46:02,23.27,-0.01,4,9308,中性盘
2473,09:45:59,23.28,0.02,20,46560,买盘
2474,09:45:53,23.26,-0.01,5,11630,卖盘
2475,09:45:50,23.27,0.01,12,27924,买盘
2476,09:45:47,23.26,0.01,0,1535,买盘
2477,09:45:44,23.25,--,59,137175,卖盘
2478,09:45:38,23.25,--,35,81375,卖盘
2479,09:45:29,23.25,--,2,4650,卖盘
2480,09:45:26,23.25,--,2,4650,卖盘
2481,09:45:17,23.25,--,38,88350,买盘
2482,09:45:14,23.25,0.01,6,13950,买盘
2483,09:45:11,23.24,-0.01,10,23240,卖盘
2484,09:45:08,23.25,0.01,12,27900,买盘
2485,09:45:05,23.24,--,26,60423,卖盘
2486,09:45:02,23.24,-0.01,4,9296,卖盘
2487,09:44:59,23.25,0.01,23,53475,买盘
2488,09:44:56,23.24,--,39,90636,卖盘
2489,09:44:53,23.24,--,1,2324,卖盘
2490,09:44:50,23.24,--,57,132468,买盘
2491,09:44:38,23.24,0.04,103,240045,买盘
2492,09:44:35,23.2,--,1,2320,买盘
2493,09:44:32,23.2,-0.01,3,8607,卖盘
2494,09:44:29,23.21,--,13,30173,买盘
2495,09:44:26,23.21,0.01,8,18568,买盘
2496,09:44:20,23.2,--,0,672,卖盘
2497,09:44:14,23.2,-0.01,1,2320,卖盘
2498,09:44:02,23.21,--,2,4642,买盘
2499,09:43:59,23.21,--,13,30173,买盘
2500,09:43:56,23.21,--,5,11605,买盘
2501,09:43:50,23.21,-0.01,6,13926,卖盘
2502,09:43:44,23.22,--,3,6966,买盘
2503,09:43:41,23.22,--,9,20898,买盘
2504,09:43:32,23.22,0.02,3,6966,买盘
2505,09:43:23,23.2,-0.01,3,6960,卖盘
2506,09:43:20,23.21,0.01,16,37136,买盘
2507,09:43:05,23.2,0.01,6,13920,买盘
2508,09:42:44,23.19,--,29,67251,卖盘
2509,09:42:41,23.19,--,98,227262,买盘
2510,09:42:38,23.19,--,4,9276,买盘
2511,09:42:35,23.19,0.02,5,11595,买盘
2512,09:42:32,23.17,--,5,11585,卖盘
2513,09:42:29,23.17,-0.02,10,23170,卖盘
2514,09:42:26,23.19,0.01,29,67251,买盘
2515,09:42:20,23.18,0.02,30,69540,买盘
2516,09:42:17,23.16,--,2,4632,卖盘
2517,09:42:11,23.16,-0.02,2,4632,卖盘
2518,09:42:08,23.18,-0.01,4,9272,中性盘
2519,09:42:02,23.19,0.04,1,2319,买盘
2520,09:41:59,23.15,-0.04,32,74080,卖盘
2521,09:41:47,23.19,-0.01,2,4638,买盘
2522,09:41:44,23.2,--,10,23200,卖盘
2523,09:41:38,23.2,-0.01,7,16240,买盘
2524,09:41:32,23.21,0.01,3,6963,买盘
2525,09:41:29,23.2,-0.02,3,6960,买盘
2526,09:41:20,23.22,--,30,69660,买盘
2527,09:41:17,23.22,--,14,32508,买盘
2528,09:41:14,23.22,--,20,46440,买盘
2529,09:41:11,23.22,--,41,95202,卖盘
2530,09:41:08,23.22,--,111,257742,卖盘
2531,09:41:05,23.22,--,20,46440,卖盘
2532,09:41:02,23.22,--,16,37152,卖盘
2533,09:40:59,23.22,--,4,9288,卖盘
2534,09:40:56,23.22,--,3,6966,卖盘
2535,09:40:53,23.22,--,40,92880,卖盘
2536,09:40:50,23.22,--,5,11610,卖盘
2537,09:40:41,23.22,0.01,81,188082,买盘
2538,09:40:35,23.21,0.05,5,11605,买盘
2539,09:40:32,23.16,-0.06,29,67164,卖盘
2540,09:40:29,23.22,--,8,18576,买盘
2541,09:40:26,23.22,--,10,23220,买盘
2542,09:40:23,23.22,0.02,15,34830,买盘
2543,09:40:20,23.2,--,3,6960,卖盘
2544,09:40:17,23.2,--,5,11600,卖盘
2545,09:40:11,23.2,0.04,71,164720,买盘
2546,09:40:08,23.16,0.01,2,4632,买盘
2547,09:39:50,23.15,0.01,143,331045,买盘
2548,09:39:47,23.14,0.01,28,64792,买盘
2549,09:39:44,23.13,0.03,23,53199,买盘
2550,09:39:32,23.1,-0.03,3,6930,卖盘
2551,09:39:29,23.13,0.02,22,50886,买盘
2552,09:39:23,23.11,-0.03,4,9244,中性盘
2553,09:39:11,23.14,0.02,150,347100,买盘
2554,09:39:08,23.12,-0.02,10,23120,中性盘
2555,09:39:05,23.14,0.01,30,69420,买盘
2556,09:39:02,23.13,-0.01,1,2313,中性盘
2557,09:38:50,23.14,0.05,1,2314,买盘
2558,09:38:47,23.09,--,3,6927,卖盘
2559,09:38:41,23.09,0.01,27,62343,买盘
2560,09:38:38,23.08,-0.01,40,92320,卖盘
2561,09:38:29,23.09,-0.02,26,60034,中性盘
2562,09:38:26,23.11,0.01,103,238033,买盘
2563,09:38:20,23.1,0.02,18,41580,买盘
2564,09:38:14,23.08,-0.01,26,60007,卖盘
2565,09:38:11,23.09,-0.01,39,90905,卖盘
2566,09:38:08,23.1,--,3,6930,买盘
2567,09:38:05,23.1,--,411,949410,买盘
2568,09:38:02,23.1,--,8,18480,买盘
2569,09:37:56,23.1,--,19,43890,卖盘
2570,09:37:50,23.1,-0.01,27,62370,卖盘
2571,09:37:47,23.11,--,5,11555,买盘
2572,09:37:44,23.11,--,33,76263,卖盘
2573,09:37:32,23.11,--,16,36976,卖盘
2574,09:37:29,23.11,--,1,2311,卖盘
2575,09:37:26,23.11,--,10,23110,卖盘
2576,09:37:20,23.11,--,2,4622,卖盘
2577,09:37:17,23.11,--,2,4622,卖盘
2578,09:37:14,23.11,-0.05,22,50842,卖盘
2579,09:37:08,23.16,0.05,5,11580,买盘
2580,09:37:05,23.11,-0.01,2,4622,卖盘
2581,09:36:56,23.12,--,2,4624,卖盘
2582,09:36:53,23.12,-0.02,10,23120,卖盘
2583,09:36:50,23.14,-0.02,6,13884,卖盘
2584,09:36:47,23.16,--,3,6948,买盘
2585,09:36:38,23.16,--,96,222984,卖盘
2586,09:36:35,23.16,--,6,13896,卖盘
2587,09:36:32,23.16,--,21,48636,卖盘
2588,09:36:29,23.16,--,7,16212,卖盘
2589,09:36:23,23.16,0.06,77,179999,买盘
2590,09:36:17,23.1,--,32,73920,卖盘
2591,09:36:11,23.1,--,16,36960,卖盘
2592,09:36:08,23.1,--,10,23100,卖盘
2593,09:36:05,23.1,--,13,30030,卖盘
2594,09:36:02,23.1,0.02,8,19611,买盘
2595,09:35:59,23.08,--,130,300040,买盘
2596,09:35:56,23.08,--,35,81957,卖盘
2597,09:35:50,23.08,-0.02,4,9232,卖盘
2598,09:35:47,23.1,0.02,47,109701,买盘
2599,09:35:41,23.08,-0.02,1,2308,卖盘
2600,09:35:38,23.1,--,5,11550,买盘
2601,09:35:35,23.1,-0.03,17,40448,卖盘
2602,09:35:32,23.13,0.03,32,74016,买盘
2603,09:35:29,23.1,--,17,40401,卖盘
2604,09:35:26,23.1,-0.03,6,13860,卖盘
2605,09:35:20,23.13,-0.01,51,117963,卖盘
2606,09:35:17,23.14,--,24,55536,卖盘
2607,09:35:14,23.14,0.01,42,97188,中性盘
2608,09:35:11,23.13,--,51,117963,卖盘
2609,09:35:05,23.13,-0.01,26,60138,卖盘
2610,09:35:02,23.14,0.01,11,25454,买盘
2611,09:34:56,23.13,--,15,34695,卖盘
2612,09:34:53,23.13,-0.03,35,80955,卖盘
2613,09:34:50,23.16,0.02,100,231600,买盘
2614,09:34:47,23.14,-0.02,150,347100,卖盘
2615,09:34:44,23.16,--,5,11580,买盘
2616,09:34:41,23.16,--,19,44004,买盘
2617,09:34:38,23.16,--,57,132660,卖盘
2618,09:34:35,23.16,--,29,67164,卖盘
2619,09:34:28,23.16,--,2,4632,卖盘
2620,09:34:25,23.16,--,7,17879,卖盘
2621,09:34:19,23.16,--,1,2316,买盘
2622,09:34:16,23.16,--,3,6948,买盘
2623,09:34:13,23.16,--,5,11580,买盘
2624,09:34:07,23.16,--,5,11580,买盘
2625,09:34:04,23.16,-0.03,26,60216,卖盘
2626,09:34:01,23.19,--,15,34785,买盘
2627,09:33:52,23.19,0.03,2,4638,买盘
2628,09:33:49,23.16,--,3,6948,卖盘
2629,09:33:43,23.16,-0.03,10,23160,卖盘
2630,09:33:40,23.19,0.03,22,51018,买盘
2631,09:33:34,23.16,--,113,261708,买盘
2632,09:33:31,23.16,--,2,4632,买盘
2633,09:33:28,23.16,--,10,23160,卖盘
2634,09:33:25,23.16,-0.03,118,273288,卖盘
2635,09:33:22,23.19,--,20,46380,买盘
2636,09:33:19,23.19,--,13,30147,买盘
2637,09:33:16,23.19,-0.01,2,4638,中性盘
2638,09:33:10,23.2,--,11,25520,买盘
2639,09:33:01,23.2,--,2,4640,买盘
2640,09:32:55,23.2,-0.03,35,81200,卖盘
2641,09:32:43,23.23,-0.02,1,2323,卖盘
2642,09:32:34,23.25,-0.01,16,37200,卖盘
2643,09:32:28,23.26,0.01,1,2326,买盘
2644,09:32:25,23.25,0.02,4,9300,买盘
2645,09:32:22,23.23,-0.03,5,11615,中性盘
2646,09:32:19,23.26,0.01,14,32564,买盘
2647,09:32:16,23.25,--,1,2325,买盘
2648,09:32:13,23.25,-0.04,1,2325,买盘
2649,09:32:10,23.29,0.1,23,53567,买盘
2650,09:32:07,23.19,-0.09,13,30170,卖盘
2651,09:32:04,23.28,-0.02,2,4656,中性盘
2652,09:31:58,23.3,--,122,284260,买盘
2653,09:31:52,23.3,--,3,6990,买盘
2654,09:31:49,23.3,0.01,2,4660,买盘
2655,09:31:46,23.29,0.11,196,456484,买盘
2656,09:31:40,23.18,--,30,69540,卖盘
2657,09:31:37,23.18,--,20,46360,卖盘
2658,09:31:34,23.18,--,6,13908,卖盘
2659,09:31:31,23.18,0.01,2,4636,买盘
2660,09:31:22,23.17,--,26,60242,买盘
2661,09:31:16,23.17,--,4,9268,买盘
2662,09:31:10,23.17,--,1,2317,买盘
2663,09:31:07,23.17,0.01,2,4634,买盘
2664,09:31:04,23.16,--,9,20844,卖盘
2665,09:31:01,23.16,0.02,41,94956,买盘
2666,09:30:58,23.14,--,1,2314,买盘
2667,09:30:55,23.14,-0.01,5,11570,买盘
2668,09:30:52,23.15,-0.01,13,30094,卖盘
2669,09:30:49,23.16,--,4,9264,买盘
2670,09:30:46,23.16,--,26,60216,买盘
2671,09:30:43,23.16,--,10,23160,买盘
2672,09:30:40,23.16,-0.01,35,81060,卖盘
2673,09:30:31,23.17,0.01,8,18536,买盘
2674,09:30:28,23.16,0.03,5,11580,中性盘
2675,09:30:16,23.13,-0.04,2,4626,卖盘
2676,09:30:13,23.17,0.04,1,2317,买盘
2677,09:30:04,23.13,0.1,51,117963,买盘
2678,09:26:10,23.03,--,0,0,卖盘
2679,09:25:07,23.03,23.03,111,255633,买盘
