,time,price,change,volume,amount,type
0,15:00:22,5.15,0.01,2319,1194635,卖盘
1,14:58:16,5.14,--,0,0,买盘
2,14:57:01,5.14,-0.01,30,15419,卖盘
3,14:56:58,5.15,--,20,10300,买盘
4,14:56:55,5.15,--,38,19570,买盘
5,14:56:52,5.15,0.01,28,14420,买盘
6,14:56:49,5.14,-0.01,100,51400,卖盘
7,14:56:46,5.15,--,114,58710,买盘
8,14:56:40,5.15,--,10,5150,买盘
9,14:56:37,5.15,--,6,3090,买盘
10,14:56:34,5.15,0.01,18,9270,买盘
11,14:56:31,5.14,-0.01,97,49858,卖盘
12,14:56:16,5.15,--,10,5150,买盘
13,14:56:13,5.15,--,107,55105,买盘
14,14:56:07,5.15,--,536,276204,卖盘
15,14:56:01,5.15,0.01,226,116740,买盘
16,14:55:58,5.14,-0.01,10,5140,卖盘
17,14:55:52,5.15,--,100,51500,买盘
18,14:55:49,5.15,--,30,15450,买盘
19,14:55:46,5.15,--,240,123600,买盘
20,14:55:34,5.15,--,131,67465,买盘
21,14:55:28,5.15,--,8,4284,卖盘
22,14:55:25,5.15,--,95,48925,卖盘
23,14:55:22,5.15,--,8,4120,卖盘
24,14:55:19,5.15,--,101,52015,卖盘
25,14:55:16,5.15,0.01,89,46185,买盘
26,14:55:13,5.14,-0.01,1015,521709,卖盘
27,14:55:10,5.15,--,74,38110,买盘
28,14:55:07,5.15,--,100,51500,买盘
29,14:55:01,5.15,--,2,1030,买盘
30,14:54:58,5.15,--,91,46865,买盘
31,14:54:55,5.15,--,5,2575,买盘
32,14:54:49,5.15,--,95,48925,买盘
33,14:54:46,5.15,--,190,97850,买盘
34,14:54:43,5.15,0.01,8,4120,买盘
35,14:54:37,5.14,-0.01,17,8738,卖盘
36,14:54:34,5.15,--,70,36050,买盘
37,14:54:31,5.15,--,60,30900,买盘
38,14:54:28,5.15,--,92,47380,买盘
39,14:54:25,5.15,--,134,69010,买盘
40,14:54:16,5.15,--,80,41200,买盘
41,14:54:13,5.15,--,70,36050,买盘
42,14:54:10,5.15,--,10,5150,买盘
43,14:53:49,5.15,--,200,103000,买盘
44,14:53:46,5.15,--,60,30900,买盘
45,14:53:43,5.15,--,150,77250,买盘
46,14:53:40,5.15,--,207,106769,卖盘
47,14:53:34,5.15,--,62,31930,卖盘
48,14:53:25,5.15,--,12,6180,卖盘
49,14:53:22,5.15,--,260,133900,卖盘
50,14:53:19,5.15,--,48,25070,买盘
51,14:53:13,5.15,--,4,2060,买盘
52,14:53:10,5.15,--,80,41200,买盘
53,14:53:07,5.15,--,67,34669,卖盘
54,14:53:04,5.15,-0.01,30,15450,卖盘
55,14:53:01,5.16,0.01,63,32858,买盘
56,14:52:58,5.15,--,3,1709,卖盘
57,14:52:55,5.15,--,129,66435,卖盘
58,14:52:46,5.15,--,48,24720,卖盘
59,14:52:43,5.15,--,85,44125,卖盘
60,14:52:34,5.15,--,10,5150,卖盘
61,14:52:31,5.15,--,12,6180,卖盘
62,14:52:28,5.15,-0.01,37,19055,卖盘
63,14:52:25,5.16,0.01,89,45924,买盘
64,14:52:22,5.15,-0.01,6,3090,卖盘
65,14:52:19,5.16,0.01,263,135708,买盘
66,14:52:16,5.15,--,100,51500,买盘
67,14:52:13,5.15,-0.01,1993,1026601,卖盘
68,14:52:10,5.16,0.01,150,77400,买盘
69,14:52:04,5.15,--,55,28325,卖盘
70,14:51:58,5.15,--,19,9785,卖盘
71,14:51:46,5.15,-0.01,960,494400,卖盘
72,14:51:43,5.16,0.01,63,32508,买盘
73,14:51:37,5.15,--,20,10300,卖盘
74,14:51:34,5.15,-0.01,5,2575,卖盘
75,14:51:25,5.16,0.01,25,12900,买盘
76,14:51:22,5.15,--,58,29870,卖盘
77,14:51:19,5.15,--,1,515,卖盘
78,14:51:16,5.15,-0.01,112,57680,卖盘
79,14:51:13,5.16,0.01,40,20640,买盘
80,14:51:10,5.15,--,40,20600,卖盘
81,14:50:58,5.15,-0.01,282,145230,卖盘
82,14:50:55,5.16,0.01,15,7740,买盘
83,14:50:49,5.15,-0.01,17,8755,卖盘
84,14:50:46,5.16,0.01,20,10320,买盘
85,14:50:43,5.15,-0.01,13,6756,卖盘
86,14:50:25,5.16,--,10,5160,买盘
87,14:50:16,5.16,--,10,5160,买盘
88,14:50:13,5.16,--,50,25800,买盘
89,14:49:55,5.16,0.01,80,41280,买盘
90,14:49:46,5.15,--,100,51500,卖盘
91,14:49:40,5.15,-0.01,7,3605,卖盘
92,14:49:37,5.16,--,44,22704,买盘
93,14:49:34,5.16,0.01,5,2580,买盘
94,14:49:28,5.15,-0.01,2,1030,卖盘
95,14:49:22,5.16,0.01,5,2580,买盘
96,14:49:19,5.15,-0.01,6,3090,卖盘
97,14:49:16,5.16,0.01,63,32508,买盘
98,14:49:07,5.15,--,200,103000,卖盘
99,14:48:58,5.15,--,100,51500,卖盘
100,14:48:55,5.15,-0.01,72,37080,卖盘
101,14:48:52,5.16,0.01,166,85656,买盘
102,14:48:49,5.15,--,22,11577,卖盘
103,14:48:34,5.15,--,4,2060,卖盘
104,14:48:31,5.15,--,2,1030,卖盘
105,14:48:28,5.15,--,34,17510,卖盘
106,14:48:25,5.15,--,5,2575,卖盘
107,14:48:22,5.15,--,13,6695,卖盘
108,14:48:19,5.15,--,10,5150,卖盘
109,14:48:16,5.15,--,13,6695,卖盘
110,14:48:10,5.15,--,14,7210,卖盘
111,14:48:07,5.15,-0.01,27,13905,卖盘
112,14:48:01,5.16,0.01,67,34572,买盘
113,14:47:51,5.15,--,10,5150,卖盘
114,14:47:45,5.15,-0.01,20,10300,卖盘
115,14:47:42,5.16,0.01,50,25800,买盘
116,14:47:39,5.15,--,28,14420,卖盘
117,14:47:36,5.15,--,20,10300,卖盘
118,14:47:27,5.15,--,5,2575,卖盘
119,14:47:24,5.15,-0.01,3,1545,卖盘
120,14:47:15,5.16,0.01,2,1032,买盘
121,14:47:12,5.15,--,73,37595,卖盘
122,14:47:03,5.15,--,210,108150,卖盘
123,14:46:57,5.15,--,5,2575,卖盘
124,14:46:54,5.15,-0.01,161,82915,卖盘
125,14:46:45,5.16,0.01,13,6708,买盘
126,14:46:27,5.15,--,30,15450,卖盘
127,14:46:24,5.15,-0.01,18,9270,卖盘
128,14:46:21,5.16,0.01,14,7224,买盘
129,14:46:18,5.15,--,6,3090,卖盘
130,14:46:15,5.15,--,10,5150,卖盘
131,14:46:12,5.15,--,69,35535,卖盘
132,14:46:09,5.15,--,30,15450,卖盘
133,14:46:06,5.15,--,70,36050,卖盘
134,14:46:00,5.15,--,27,13905,卖盘
135,14:45:54,5.15,--,1,515,卖盘
136,14:45:51,5.15,-0.01,4,2060,卖盘
137,14:45:48,5.16,0.01,63,32508,买盘
138,14:45:42,5.15,--,171,88065,买盘
139,14:45:39,5.15,0.01,10,5150,买盘
140,14:45:36,5.14,-0.01,14,7196,卖盘
141,14:45:33,5.15,--,268,138020,买盘
142,14:45:30,5.15,--,30,15450,买盘
143,14:45:27,5.15,--,1,515,买盘
144,14:45:21,5.15,--,3,1545,买盘
145,14:45:15,5.15,--,4,2060,买盘
146,14:45:12,5.15,--,63,32445,买盘
147,14:45:06,5.15,--,15,7725,买盘
148,14:45:03,5.15,--,1,515,买盘
149,14:44:51,5.15,0.01,200,103000,买盘
150,14:44:45,5.14,-0.01,180,92520,卖盘
151,14:44:39,5.15,--,500,257500,买盘
152,14:44:36,5.15,0.01,69,35535,买盘
153,14:44:27,5.14,-0.01,69,35466,卖盘
154,14:44:18,5.15,--,10,5150,买盘
155,14:44:15,5.15,--,20,10300,买盘
156,14:44:12,5.15,--,32,16480,买盘
157,14:44:09,5.15,0.01,200,103000,买盘
158,14:44:00,5.14,-0.01,120,61679,卖盘
159,14:43:54,5.15,--,226,116390,买盘
160,14:43:42,5.15,0.01,109,56135,买盘
161,14:43:36,5.14,-0.01,20,10280,卖盘
162,14:43:33,5.15,--,68,35020,买盘
163,14:43:27,5.15,0.01,100,51500,买盘
164,14:43:24,5.14,-0.01,5,2570,卖盘
165,14:43:12,5.15,--,5,2575,买盘
166,14:43:09,5.15,0.01,77,39655,买盘
167,14:43:06,5.14,-0.01,100,51400,卖盘
168,14:43:03,5.15,--,140,72100,买盘
169,14:42:51,5.15,--,166,85490,买盘
170,14:42:42,5.15,0.01,80,41200,买盘
171,14:42:39,5.14,-0.01,133,68362,卖盘
172,14:42:36,5.15,--,169,87035,买盘
173,14:42:27,5.15,--,22,11330,买盘
174,14:42:21,5.15,--,23,11845,买盘
175,14:42:15,5.15,--,429,220935,卖盘
176,14:42:12,5.15,--,163,83945,卖盘
177,14:42:09,5.15,--,33,16995,卖盘
178,14:42:06,5.15,-0.01,5,2575,卖盘
179,14:42:03,5.16,0.01,3,1548,买盘
180,14:41:57,5.15,-0.01,38,19570,卖盘
181,14:41:51,5.16,0.01,13,6708,买盘
182,14:41:48,5.15,--,11,5665,卖盘
183,14:41:45,5.15,-0.01,432,222480,卖盘
184,14:41:42,5.16,0.01,9,4644,买盘
185,14:41:39,5.15,--,20,10300,卖盘
186,14:41:36,5.15,--,15,7725,卖盘
187,14:41:33,5.15,-0.01,10,5150,卖盘
188,14:41:30,5.16,0.01,109,56244,买盘
189,14:41:27,5.15,--,30,15450,卖盘
190,14:41:18,5.15,--,50,25750,卖盘
191,14:41:15,5.15,-0.01,120,61800,卖盘
192,14:41:12,5.16,0.01,10,5160,买盘
193,14:41:09,5.15,--,151,77765,卖盘
194,14:41:06,5.15,--,270,139050,卖盘
195,14:41:03,5.15,-0.01,30,15450,卖盘
196,14:41:00,5.16,0.01,173,89268,买盘
197,14:40:57,5.15,-0.01,46,23690,卖盘
198,14:40:51,5.16,--,23,11868,买盘
199,14:40:48,5.16,0.01,160,82560,买盘
200,14:40:45,5.15,--,143,73645,卖盘
201,14:40:42,5.15,--,5,2575,卖盘
202,14:40:36,5.15,--,50,25750,卖盘
203,14:40:33,5.15,--,1,515,卖盘
204,14:40:30,5.15,--,79,40685,买盘
205,14:40:24,5.15,--,54,27810,买盘
206,14:40:21,5.15,--,100,51500,买盘
207,14:40:12,5.15,--,113,58195,买盘
208,14:40:00,5.15,0.01,41,21115,买盘
209,14:39:57,5.14,-0.01,130,66820,卖盘
210,14:39:54,5.15,--,2,1030,买盘
211,14:39:51,5.15,--,213,109695,买盘
212,14:39:48,5.15,0.01,331,170465,买盘
213,14:39:45,5.14,--,136,69904,卖盘
214,14:39:42,5.14,-0.01,5,2570,卖盘
215,14:39:39,5.15,--,100,51500,买盘
216,14:39:33,5.15,--,1300,669500,买盘
217,14:39:30,5.15,--,200,103000,买盘
218,14:39:21,5.15,--,823,423845,买盘
219,14:39:15,5.15,0.01,546,281190,买盘
220,14:39:12,5.14,-0.01,35,17990,卖盘
221,14:39:09,5.15,0.01,105,54080,买盘
222,14:39:03,5.14,-0.01,82,42148,卖盘
223,14:38:57,5.15,--,432,222480,买盘
224,14:38:51,5.15,--,20,10300,买盘
225,14:38:48,5.15,--,173,89095,买盘
226,14:38:39,5.15,--,60,30900,买盘
227,14:38:27,5.15,0.01,50,25750,买盘
228,14:38:24,5.14,-0.01,17,8738,卖盘
229,14:38:12,5.15,--,54,27810,买盘
230,14:38:06,5.15,0.01,100,51500,买盘
231,14:38:00,5.14,--,60,30839,卖盘
232,14:37:54,5.14,--,24,12336,卖盘
233,14:37:51,5.14,-0.01,305,156770,卖盘
234,14:37:48,5.15,0.01,13,6695,买盘
235,14:37:42,5.14,--,10,5140,卖盘
236,14:37:39,5.14,--,10,5140,卖盘
237,14:37:36,5.14,--,73,37522,卖盘
238,14:37:30,5.14,--,20,10280,卖盘
239,14:37:27,5.14,--,99,51040,买盘
240,14:37:21,5.14,--,294,151116,买盘
241,14:37:18,5.14,--,200,102800,买盘
242,14:37:15,5.14,--,461,236953,买盘
243,14:37:09,5.14,--,2,1028,买盘
244,14:37:06,5.14,--,56,28784,买盘
245,14:37:03,5.14,--,65,33410,买盘
246,14:37:00,5.14,--,989,508705,卖盘
247,14:36:51,5.14,-0.01,23,11822,卖盘
248,14:36:45,5.15,0.01,322,165830,买盘
249,14:36:39,5.14,--,110,56694,买盘
250,14:36:36,5.14,0.01,188,96632,买盘
251,14:36:33,5.13,-0.01,5,2565,卖盘
252,14:36:30,5.14,--,281,144434,买盘
253,14:36:24,5.14,--,21,10794,买盘
254,14:36:21,5.14,--,34,17476,买盘
255,14:36:18,5.14,--,63,32381,买盘
256,14:36:15,5.14,--,100,51400,买盘
257,14:36:12,5.14,--,557,286298,买盘
258,14:36:09,5.14,--,20,10280,买盘
259,14:36:03,5.14,--,59,30325,买盘
260,14:36:00,5.14,--,224,115136,买盘
261,14:35:57,5.14,--,15,7709,买盘
262,14:35:51,5.14,--,478,245691,买盘
263,14:35:48,5.14,--,50,25700,买盘
264,14:35:45,5.14,--,678,348492,买盘
265,14:35:42,5.14,--,50,25700,买盘
266,14:35:30,5.14,--,405,208170,买盘
267,14:35:24,5.14,--,100,51400,买盘
268,14:35:21,5.14,0.01,213,109482,买盘
269,14:35:18,5.13,-0.01,580,297540,卖盘
270,14:35:15,5.14,--,277,142378,买盘
271,14:35:12,5.14,0.01,503,258541,买盘
272,14:35:09,5.13,--,175,89775,卖盘
273,14:35:06,5.13,--,510,261932,买盘
274,14:35:03,5.13,--,84,43092,买盘
275,14:35:00,5.13,--,239,122607,买盘
276,14:34:57,5.13,--,297,152361,买盘
277,14:34:54,5.13,--,54,27702,买盘
278,14:34:51,5.13,--,173,88749,买盘
279,14:34:42,5.13,0.01,15,7695,买盘
280,14:34:36,5.12,-0.01,15,7680,卖盘
281,14:34:27,5.13,0.01,58,29754,买盘
282,14:34:15,5.12,-0.01,86,44032,卖盘
283,14:34:12,5.13,0.01,100,51300,买盘
284,14:34:09,5.12,-0.01,80,40960,卖盘
285,14:34:06,5.13,--,120,61560,买盘
286,14:33:51,5.13,--,14,7182,买盘
287,14:33:48,5.13,--,54,27702,买盘
288,14:33:45,5.13,--,1,513,买盘
289,14:33:36,5.13,0.01,63,32319,买盘
290,14:33:33,5.12,-0.01,4,2048,卖盘
291,14:33:27,5.13,0.01,9,4617,买盘
292,14:33:18,5.12,-0.01,13,6656,卖盘
293,14:33:09,5.13,0.01,30,15390,买盘
294,14:33:03,5.12,-0.01,2,1024,卖盘
295,14:33:00,5.13,--,62,31806,买盘
296,14:32:54,5.13,--,33,16929,买盘
297,14:32:48,5.13,--,13,6669,买盘
298,14:32:45,5.13,0.01,207,106191,买盘
299,14:32:33,5.12,-0.01,13,6656,卖盘
300,14:32:27,5.13,--,5,2565,买盘
301,14:32:24,5.13,--,100,51300,买盘
302,14:32:21,5.13,--,93,47709,买盘
303,14:32:06,5.13,--,18,9234,买盘
304,14:31:51,5.13,--,25,12825,买盘
305,14:31:42,5.13,--,30,15390,买盘
306,14:31:39,5.13,--,1,513,买盘
307,14:31:36,5.13,--,72,36936,买盘
308,14:31:33,5.13,--,502,257736,卖盘
309,14:31:27,5.13,--,13,6669,卖盘
310,14:31:21,5.13,--,12,6156,卖盘
311,14:31:09,5.13,--,82,42368,买盘
312,14:31:03,5.13,--,131,67203,买盘
313,14:30:54,5.13,--,13,6669,买盘
314,14:30:51,5.13,--,23,11799,买盘
315,14:30:48,5.13,--,28,14364,买盘
316,14:30:42,5.13,--,883,453189,卖盘
317,14:30:36,5.13,-0.01,73,37449,卖盘
318,14:30:24,5.14,0.01,62,32171,买盘
319,14:30:18,5.13,--,134,68742,买盘
320,14:30:15,5.13,-0.01,2597,1332471,卖盘
321,14:30:00,5.14,--,50,25700,买盘
322,14:29:48,5.14,--,13,6682,买盘
323,14:29:42,5.14,--,63,32381,买盘
324,14:29:39,5.14,--,7,3598,买盘
325,14:29:36,5.14,0.01,11,5654,买盘
326,14:29:30,5.13,--,7,3591,卖盘
327,14:29:27,5.13,-0.01,26,13338,卖盘
328,14:29:24,5.14,--,47,24158,买盘
329,14:28:51,5.14,--,13,6682,买盘
330,14:28:45,5.14,--,5,2570,买盘
331,14:28:21,5.14,--,27,13878,买盘
332,14:28:18,5.14,0.01,38,19532,买盘
333,14:28:15,5.13,-0.01,1,513,卖盘
334,14:28:09,5.14,--,15,7709,买盘
335,14:28:00,5.14,--,15,7709,买盘
336,14:27:48,5.14,--,13,6682,买盘
337,14:27:45,5.14,--,63,32381,买盘
338,14:27:39,5.14,0.01,19,9766,买盘
339,14:27:33,5.13,-0.01,7,3591,卖盘
340,14:27:15,5.14,0.01,37,19018,买盘
341,14:26:59,5.13,--,3,1539,卖盘
342,14:26:56,5.13,-0.01,105,53865,卖盘
343,14:26:47,5.14,0.01,18,9252,买盘
344,14:26:41,5.13,-0.01,30,15390,卖盘
345,14:26:38,5.14,0.01,180,92520,买盘
346,14:26:14,5.13,--,216,111110,买盘
347,14:26:11,5.13,--,50,25650,买盘
348,14:26:08,5.13,--,27,13851,买盘
349,14:26:02,5.13,--,125,64125,买盘
350,14:25:59,5.13,--,3,1539,买盘
351,14:25:56,5.13,0.01,30,15390,买盘
352,14:25:53,5.12,--,7,3584,卖盘
353,14:25:50,5.12,-0.01,0,256,卖盘
354,14:25:47,5.13,--,13,6669,买盘
355,14:25:41,5.13,--,18,9234,买盘
356,14:25:35,5.13,--,14,7182,买盘
357,14:25:32,5.13,--,50,25650,买盘
358,14:25:29,5.13,-0.01,1534,787152,卖盘
359,14:25:02,5.14,0.01,90,46260,买盘
360,14:24:50,5.13,-0.01,18,9234,卖盘
361,14:24:47,5.14,--,18,9252,买盘
362,14:24:29,5.14,--,20,10280,买盘
363,14:24:20,5.14,0.01,20,10280,买盘
364,14:24:08,5.13,--,63,32319,卖盘
365,14:24:02,5.13,-0.01,72,36936,卖盘
366,14:23:56,5.14,0.01,90,46260,买盘
367,14:23:53,5.13,-0.01,15,7695,卖盘
368,14:23:44,5.14,0.01,13,6682,买盘
369,14:23:11,5.13,-0.01,6,3078,卖盘
370,14:23:02,5.14,--,63,32381,买盘
371,14:22:59,5.14,--,304,156256,买盘
372,14:22:50,5.14,--,27,13878,买盘
373,14:22:47,5.14,--,4,2056,买盘
374,14:22:44,5.14,0.01,13,6682,买盘
375,14:22:38,5.13,--,100,51300,卖盘
376,14:22:26,5.13,--,499,256289,买盘
377,14:22:05,5.13,0.01,90,46170,买盘
378,14:21:59,5.12,-0.01,6,3072,卖盘
379,14:21:53,5.13,0.01,100,51300,买盘
380,14:21:47,5.12,--,90,46080,卖盘
381,14:21:35,5.12,-0.01,22,11264,卖盘
382,14:21:32,5.13,--,1,513,买盘
383,14:21:29,5.13,0.01,107,54891,买盘
384,14:21:20,5.12,--,33,16896,卖盘
385,14:20:53,5.12,-0.01,10,5120,卖盘
386,14:20:41,5.13,--,27,13851,买盘
387,14:20:29,5.13,--,13,6669,买盘
388,14:20:26,5.13,0.01,20,10260,买盘
389,14:20:14,5.12,-0.01,16,8192,卖盘
390,14:19:59,5.13,0.01,163,83619,买盘
391,14:19:53,5.12,--,4,2048,卖盘
392,14:19:50,5.12,--,60,30720,卖盘
393,14:19:47,5.12,-0.01,200,102400,卖盘
394,14:19:41,5.13,--,3,1539,买盘
395,14:19:35,5.13,--,27,13851,买盘
396,14:19:26,5.13,--,20,10260,买盘
397,14:19:17,5.13,0.01,378,193914,买盘
398,14:19:02,5.12,-0.01,28,14336,卖盘
399,14:18:59,5.13,--,5,2565,买盘
400,14:18:29,5.13,0.01,27,13851,买盘
401,14:18:26,5.12,-0.01,60,30720,卖盘
402,14:18:23,5.13,0.01,20,10260,买盘
403,14:18:08,5.12,-0.01,2,1024,卖盘
404,14:18:02,5.13,--,63,32319,买盘
405,14:17:26,5.13,0.01,27,13851,买盘
406,14:17:14,5.12,-0.01,181,92672,卖盘
407,14:17:02,5.13,--,9,4617,买盘
408,14:16:59,5.13,--,21,10773,买盘
409,14:16:56,5.13,--,64,32832,买盘
410,14:16:20,5.13,--,27,13851,买盘
411,14:16:11,5.13,--,11,5643,买盘
412,14:16:08,5.13,0.01,28,14364,买盘
413,14:16:02,5.12,-0.01,113,57856,卖盘
414,14:15:53,5.13,--,63,32319,买盘
415,14:15:29,5.13,--,7,3591,买盘
416,14:15:17,5.13,--,27,13851,买盘
417,14:15:14,5.13,--,30,15390,买盘
418,14:14:44,5.13,--,22,11286,买盘
419,14:14:41,5.13,0.01,49,25137,买盘
420,14:14:35,5.12,-0.01,49,25088,卖盘
421,14:14:17,5.13,--,16,8208,买盘
422,14:14:11,5.13,--,27,13851,买盘
423,14:14:05,5.13,--,20,10260,买盘
424,14:13:59,5.13,--,30,15390,买盘
425,14:13:38,5.13,--,17,8721,买盘
426,14:13:32,5.13,--,52,26676,买盘
427,14:13:23,5.13,--,30,15390,买盘
428,14:13:20,5.13,--,3,1539,买盘
429,14:13:17,5.13,--,107,54891,买盘
430,14:13:05,5.13,--,95,48945,卖盘
431,14:13:02,5.13,-0.01,30,15390,卖盘
432,14:12:56,5.14,0.01,63,32381,买盘
433,14:12:53,5.13,--,20,10260,卖盘
434,14:12:41,5.13,--,500,256500,卖盘
435,14:12:38,5.13,--,23,11799,卖盘
436,14:12:23,5.13,--,20,10260,卖盘
437,14:12:14,5.13,--,0,51,卖盘
438,14:12:08,5.13,--,50,25650,卖盘
439,14:11:56,5.13,--,3,1539,卖盘
440,14:11:47,5.13,-0.01,9,4617,卖盘
441,14:11:38,5.14,0.01,6,3084,买盘
442,14:11:35,5.13,-0.01,120,61560,卖盘
443,14:11:23,5.14,0.01,63,32381,买盘
444,14:11:20,5.13,--,1,513,卖盘
445,14:11:17,5.13,--,574,294462,卖盘
446,14:11:11,5.13,--,500,256500,卖盘
447,14:10:59,5.13,--,10,5130,卖盘
448,14:10:53,5.13,--,8,4104,卖盘
449,14:10:50,5.13,--,20,10260,卖盘
450,14:10:23,5.13,--,1,513,卖盘
451,14:10:08,5.13,--,12,6156,卖盘
452,14:09:56,5.13,--,3,1539,卖盘
453,14:09:50,5.13,--,42,21546,卖盘
454,14:09:41,5.13,--,38,19494,卖盘
455,14:09:26,5.13,--,55,28466,买盘
456,14:09:20,5.13,--,7,3591,买盘
457,14:08:53,5.13,--,53,27450,卖盘
458,14:08:41,5.13,--,843,432710,卖盘
459,14:08:32,5.13,--,535,274455,卖盘
460,14:08:23,5.13,-0.01,5,2565,卖盘
461,14:08:20,5.14,0.01,16,8224,买盘
462,14:08:08,5.13,--,15,7695,卖盘
463,14:08:02,5.13,--,10,5130,卖盘
464,14:07:50,5.13,--,100,51300,卖盘
465,14:07:38,5.13,--,10,5130,卖盘
466,14:07:35,5.13,--,53,27189,卖盘
467,14:07:32,5.13,--,70,35910,卖盘
468,14:07:26,5.13,--,50,25650,卖盘
469,14:07:23,5.13,--,31,15903,卖盘
470,14:07:13,5.13,--,156,80028,卖盘
471,14:07:10,5.13,--,40,20520,卖盘
472,14:06:55,5.13,-0.01,10,5130,卖盘
473,14:06:52,5.14,0.01,60,30839,买盘
474,14:06:46,5.13,0.01,381,195453,买盘
475,14:06:31,5.12,-0.01,5,2560,卖盘
476,14:06:25,5.13,--,10,5130,买盘
477,14:06:16,5.13,--,6,3078,卖盘
478,14:06:13,5.13,--,100,51300,卖盘
479,14:06:04,5.13,--,30,15390,卖盘
480,14:05:58,5.13,--,64,32832,买盘
481,14:05:52,5.13,--,57,29241,卖盘
482,14:05:49,5.13,--,10,5130,卖盘
483,14:05:43,5.13,--,28,14364,卖盘
484,14:05:37,5.13,--,2,1026,卖盘
485,14:05:31,5.13,--,19,9747,卖盘
486,14:05:22,5.13,--,520,266760,卖盘
487,14:05:10,5.13,--,4,2052,卖盘
488,14:05:07,5.13,--,172,88236,买盘
489,14:05:01,5.13,-0.01,38,19494,卖盘
490,14:04:55,5.14,0.01,5,2570,买盘
491,14:04:52,5.13,-0.01,1,513,卖盘
492,14:04:37,5.14,--,63,32381,买盘
493,14:04:22,5.14,0.01,35,17990,买盘
494,14:04:07,5.13,--,25,12825,卖盘
495,14:04:04,5.13,--,1,513,卖盘
496,14:03:58,5.13,--,943,483759,买盘
497,14:03:49,5.13,--,14,7182,买盘
498,14:03:19,5.13,--,5,2565,买盘
499,14:03:10,5.13,--,101,51813,买盘
500,14:03:04,5.13,--,348,178524,卖盘
501,14:03:01,5.13,--,146,74898,卖盘
502,14:02:58,5.13,--,235,120555,卖盘
503,14:02:46,5.13,--,14,7182,卖盘
504,14:02:28,5.13,--,83,42579,卖盘
505,14:02:25,5.13,--,3,1539,卖盘
506,14:02:13,5.13,--,2,1026,卖盘
507,14:02:10,5.13,0.01,266,136458,买盘
508,14:02:07,5.12,-0.01,122,62464,卖盘
509,14:02:01,5.13,0.01,200,102600,买盘
510,14:01:55,5.12,--,63,32256,卖盘
511,14:01:49,5.12,-0.01,29,14848,卖盘
512,14:01:46,5.13,0.01,1000,513000,买盘
513,14:01:34,5.12,--,1,512,卖盘
514,14:01:10,5.12,--,150,76800,卖盘
515,14:01:04,5.12,--,620,317440,卖盘
516,14:00:49,5.12,--,10,5120,卖盘
517,14:00:46,5.12,--,2,1024,卖盘
518,14:00:43,5.12,--,22,11264,卖盘
519,14:00:40,5.12,--,30,15360,卖盘
520,14:00:37,5.12,--,4,2048,卖盘
521,14:00:31,5.12,-0.01,4,2048,卖盘
522,14:00:28,5.13,0.01,20,10260,买盘
523,14:00:16,5.12,--,4,2048,卖盘
524,14:00:10,5.12,--,180,92160,卖盘
525,13:59:58,5.12,--,10,5120,卖盘
526,13:59:49,5.12,--,10,5120,卖盘
527,13:59:43,5.12,--,1,512,卖盘
528,13:59:34,5.12,--,20,10240,卖盘
529,13:59:25,5.12,--,2,1024,卖盘
530,13:59:19,5.12,--,5,2560,卖盘
531,13:59:16,5.12,--,3,1536,卖盘
532,13:59:13,5.12,--,20,10240,卖盘
533,13:59:01,5.12,--,20,10240,卖盘
534,13:58:52,5.12,--,300,153600,卖盘
535,13:58:49,5.12,--,149,76288,卖盘
536,13:58:16,5.12,--,10,5120,卖盘
537,13:58:13,5.12,-0.01,5,2560,卖盘
538,13:58:07,5.13,0.01,33,16929,买盘
539,13:58:04,5.12,--,200,102400,卖盘
540,13:57:58,5.12,--,40,20480,卖盘
541,13:57:49,5.12,--,5,2560,卖盘
542,13:57:43,5.12,-0.01,4,2048,卖盘
543,13:57:40,5.13,0.01,1,513,买盘
544,13:57:19,5.12,-0.01,128,65536,卖盘
545,13:57:10,5.13,0.01,1,513,买盘
546,13:57:07,5.12,--,20,10240,卖盘
547,13:56:37,5.12,--,5,2560,卖盘
548,13:56:34,5.12,--,93,47616,卖盘
549,13:56:25,5.12,--,212,108544,卖盘
550,13:56:22,5.12,--,100,51200,卖盘
551,13:56:04,5.12,-0.01,3,1536,卖盘
552,13:55:37,5.13,0.01,19,9747,买盘
553,13:55:25,5.12,--,5,2560,卖盘
554,13:55:22,5.12,-0.01,3,1536,卖盘
555,13:55:10,5.13,0.01,3,1539,买盘
556,13:55:07,5.12,-0.01,78,39936,卖盘
557,13:54:43,5.13,0.01,8,4104,买盘
558,13:54:40,5.12,--,30,15360,卖盘
559,13:54:31,5.12,--,4,2048,卖盘
560,13:54:25,5.12,--,35,17920,卖盘
561,13:54:07,5.12,-0.01,9,4608,卖盘
562,13:53:58,5.13,--,5,2565,买盘
563,13:53:52,5.13,--,5,2565,买盘
564,13:53:34,5.13,--,22,11286,买盘
565,13:53:07,5.13,--,35,17955,买盘
566,13:52:46,5.13,0.01,20,10260,买盘
567,13:52:34,5.12,-0.01,16,8192,卖盘
568,13:52:25,5.13,0.01,10,5130,中性盘
569,13:52:07,5.12,-0.01,10,5120,卖盘
570,13:52:01,5.13,--,100,51300,卖盘
571,13:51:58,5.13,--,50,25650,卖盘
572,13:51:52,5.13,--,15,7695,卖盘
573,13:51:49,5.13,-0.01,194,99522,卖盘
574,13:51:40,5.14,0.01,1,514,买盘
575,13:51:37,5.13,--,10,5130,卖盘
576,13:51:34,5.13,--,30,15390,卖盘
577,13:51:28,5.13,--,255,131281,买盘
578,13:51:19,5.13,--,12,6156,买盘
579,13:51:16,5.13,--,336,172368,买盘
580,13:51:13,5.13,--,160,82080,买盘
581,13:51:04,5.13,--,134,68742,买盘
582,13:50:58,5.13,--,56,28728,买盘
583,13:50:55,5.13,0.01,10,5130,买盘
584,13:50:46,5.12,-0.01,150,76800,卖盘
585,13:50:43,5.13,--,96,49248,买盘
586,13:50:25,5.13,0.01,500,256500,买盘
587,13:50:10,5.12,-0.01,35,17920,卖盘
588,13:50:04,5.13,--,3,1539,买盘
589,13:49:43,5.13,--,20,10260,买盘
590,13:49:31,5.13,--,65,33345,买盘
591,13:49:28,5.13,--,92,47196,买盘
592,13:49:22,5.13,--,45,23085,买盘
593,13:49:19,5.13,--,17,8721,买盘
594,13:49:16,5.13,0.01,67,34371,买盘
595,13:49:13,5.12,-0.01,10,5120,卖盘
596,13:49:10,5.13,--,1,513,买盘
597,13:49:01,5.13,--,432,221616,买盘
598,13:48:37,5.13,--,1,513,买盘
599,13:48:28,5.13,--,25,12825,买盘
600,13:48:25,5.13,--,12,6156,买盘
601,13:48:18,5.13,--,64,32832,买盘
602,13:48:12,5.13,--,20,10260,买盘
603,13:48:06,5.13,--,58,29754,买盘
604,13:48:00,5.13,0.01,63,32319,买盘
605,13:47:57,5.12,-0.01,32,16384,卖盘
606,13:47:51,5.13,--,43,22059,买盘
607,13:47:27,5.13,0.01,43,22059,买盘
608,13:47:15,5.12,-0.01,109,55808,卖盘
609,13:46:45,5.13,0.01,76,38988,买盘
610,13:46:39,5.12,-0.01,1,512,卖盘
611,13:46:27,5.13,--,100,51300,买盘
612,13:46:18,5.13,0.01,5,2565,买盘
613,13:46:15,5.12,-0.01,150,76800,卖盘
614,13:46:00,5.13,--,11,5643,买盘
615,13:45:54,5.13,--,10,5130,买盘
616,13:45:51,5.13,--,33,16929,买盘
617,13:45:45,5.13,0.01,226,115938,买盘
618,13:45:33,5.12,-0.01,10,5120,卖盘
619,13:45:30,5.13,--,4,2052,买盘
620,13:45:24,5.13,--,100,51300,买盘
621,13:45:12,5.13,--,5,2565,买盘
622,13:45:09,5.13,--,110,56430,买盘
623,13:45:06,5.13,--,5,2565,买盘
624,13:44:57,5.13,0.01,63,32319,买盘
625,13:44:51,5.12,-0.01,10,5120,卖盘
626,13:44:27,5.13,--,5,2565,买盘
627,13:44:06,5.13,0.01,60,30780,买盘
628,13:43:54,5.12,-0.01,15,7680,卖盘
629,13:43:09,5.13,0.01,9,4617,买盘
630,13:43:06,5.12,-0.01,9,4608,卖盘
631,13:42:42,5.13,--,152,77976,买盘
632,13:42:27,5.13,0.01,100,51300,买盘
633,13:42:24,5.12,-0.01,60,30720,卖盘
634,13:42:15,5.13,--,6,3078,买盘
635,13:42:00,5.13,--,25,12825,买盘
636,13:41:57,5.13,--,65,33345,买盘
637,13:41:42,5.13,0.01,23,11799,买盘
638,13:41:33,5.12,-0.01,20,10240,卖盘
639,13:41:27,5.13,0.01,63,32319,买盘
640,13:41:09,5.12,--,5,2560,卖盘
641,13:41:03,5.12,-0.01,30,15360,卖盘
642,13:40:57,5.13,0.01,10,5130,买盘
643,13:40:39,5.12,--,8,4096,卖盘
644,13:40:21,5.12,--,40,20531,买盘
645,13:40:18,5.12,--,50,25600,买盘
646,13:40:15,5.12,--,10,5120,买盘
647,13:40:09,5.12,--,335,171520,买盘
648,13:40:06,5.12,--,1,512,买盘
649,13:39:57,5.12,--,30,15360,买盘
650,13:39:54,5.12,--,160,81920,买盘
651,13:39:48,5.12,--,62,31744,卖盘
652,13:39:45,5.12,0.01,29,14848,中性盘
653,13:39:36,5.11,-0.01,117,59787,卖盘
654,13:39:30,5.12,--,10,5120,卖盘
655,13:39:27,5.12,-0.01,72,36864,卖盘
656,13:39:15,5.13,0.01,63,32319,买盘
657,13:39:12,5.12,-0.01,14,7168,中性盘
658,13:39:06,5.13,0.01,43,22059,买盘
659,13:39:03,5.12,--,11,5632,买盘
660,13:39:00,5.12,--,21,10752,卖盘
661,13:38:57,5.12,-0.01,3698,1893376,卖盘
662,13:38:39,5.13,0.01,10,5130,买盘
663,13:38:18,5.12,--,9,4608,卖盘
664,13:38:06,5.12,-0.01,53,27136,卖盘
665,13:38:00,5.13,0.01,7,3591,买盘
666,13:37:54,5.12,--,5,2560,卖盘
667,13:37:48,5.12,-0.01,6,3072,卖盘
668,13:37:42,5.13,--,70,35910,买盘
669,13:37:30,5.13,--,50,25650,买盘
670,13:37:27,5.13,--,3,1539,买盘
671,13:37:21,5.13,--,140,71820,买盘
672,13:37:15,5.13,--,14,7182,买盘
673,13:37:03,5.13,--,10,5130,买盘
674,13:36:57,5.13,--,3,1539,买盘
675,13:36:36,5.13,0.01,1,513,买盘
676,13:36:33,5.12,-0.01,1,512,卖盘
677,13:36:27,5.13,0.01,30,15390,买盘
678,13:36:21,5.12,-0.01,15,7680,卖盘
679,13:36:18,5.13,--,13,6669,买盘
680,13:36:15,5.13,0.01,1,513,买盘
681,13:36:00,5.12,--,10,5120,卖盘
682,13:35:57,5.12,-0.01,8,4096,卖盘
683,13:35:51,5.13,0.01,56,28728,买盘
684,13:35:48,5.12,-0.01,100,51200,卖盘
685,13:35:45,5.13,0.01,9,4617,买盘
686,13:35:39,5.12,-0.01,6,3072,卖盘
687,13:35:36,5.13,0.01,8,4104,买盘
688,13:35:27,5.12,--,66,33792,卖盘
689,13:35:21,5.12,-0.01,129,66048,卖盘
690,13:35:09,5.13,0.01,1,513,买盘
691,13:34:51,5.12,--,3,1536,卖盘
692,13:34:48,5.12,--,51,26112,卖盘
693,13:34:30,5.12,--,4,2048,卖盘
694,13:34:27,5.12,-0.01,16,8192,卖盘
695,13:34:21,5.13,0.01,1,513,买盘
696,13:34:15,5.12,--,52,26624,卖盘
697,13:34:09,5.12,--,20,10240,卖盘
698,13:33:54,5.12,--,7,3584,卖盘
699,13:33:45,5.12,--,24,12288,卖盘
700,13:33:42,5.12,-0.01,70,35840,卖盘
701,13:33:39,5.13,--,20,10260,买盘
702,13:33:21,5.13,--,20,10260,买盘
703,13:33:06,5.13,0.01,18,9234,买盘
704,13:32:51,5.12,--,2,1024,卖盘
705,13:32:45,5.12,-0.01,90,46080,卖盘
706,13:32:42,5.13,0.01,1,513,买盘
707,13:32:30,5.12,--,3,1536,卖盘
708,13:32:27,5.12,-0.01,12,6144,卖盘
709,13:32:24,5.13,0.01,80,41040,买盘
710,13:32:18,5.12,-0.01,3,1536,卖盘
711,13:32:15,5.13,0.01,3,1539,买盘
712,13:32:12,5.12,-0.01,100,51200,卖盘
713,13:31:48,5.13,--,7,3591,买盘
714,13:31:45,5.13,--,21,10773,买盘
715,13:31:42,5.13,0.01,40,20520,买盘
716,13:31:39,5.12,-0.01,311,159232,卖盘
717,13:31:33,5.13,--,173,88749,买盘
718,13:31:21,5.13,--,10,5130,买盘
719,13:31:15,5.13,--,63,32319,买盘
720,13:31:12,5.13,0.01,119,61047,买盘
721,13:31:06,5.12,--,60,30720,卖盘
722,13:31:03,5.12,-0.01,7,3584,卖盘
723,13:30:45,5.13,--,2,1026,买盘
724,13:30:36,5.13,--,10,5130,买盘
725,13:30:21,5.13,--,2638,1353340,卖盘
726,13:30:09,5.13,--,81,41553,卖盘
727,13:29:57,5.13,-0.01,412,211356,卖盘
728,13:29:48,5.14,0.01,64,32896,买盘
729,13:29:45,5.13,--,20,10260,卖盘
730,13:29:36,5.13,--,10,5130,卖盘
731,13:29:33,5.13,--,5,2565,卖盘
732,13:29:18,5.13,--,2,1026,卖盘
733,13:28:45,5.13,-0.01,5,2565,卖盘
734,13:28:42,5.14,--,20,10280,买盘
735,13:28:36,5.14,0.01,21,10794,买盘
736,13:28:24,5.13,-0.01,30,15390,卖盘
737,13:28:21,5.14,0.01,60,30839,买盘
738,13:28:12,5.13,-0.01,13,6669,卖盘
739,13:28:09,5.14,--,17,8738,买盘
740,13:28:03,5.14,--,50,25700,买盘
741,13:27:51,5.14,--,6,3084,买盘
742,13:27:42,5.14,--,3,1542,买盘
743,13:27:39,5.14,--,14,7196,买盘
744,13:27:30,5.14,-0.01,1450,745659,卖盘
745,13:27:17,5.15,0.01,10,5150,买盘
746,13:27:11,5.14,-0.01,5,2570,卖盘
747,13:27:08,5.15,--,200,103000,买盘
748,13:27:05,5.15,--,2,1030,买盘
749,13:26:53,5.15,--,45,23175,买盘
750,13:26:50,5.15,--,1,515,买盘
751,13:26:41,5.15,--,5,2575,买盘
752,13:26:32,5.15,--,30,15450,买盘
753,13:26:29,5.15,0.01,100,51500,买盘
754,13:26:23,5.14,-0.01,1,514,卖盘
755,13:26:17,5.15,0.01,153,78795,买盘
756,13:26:14,5.14,-0.01,10,5140,卖盘
757,13:26:08,5.15,--,100,51500,买盘
758,13:26:02,5.15,--,80,41200,买盘
759,13:25:59,5.15,0.01,8,4120,买盘
760,13:25:56,5.14,-0.01,1,514,卖盘
761,13:25:53,5.15,--,100,51500,买盘
762,13:25:44,5.15,0.01,160,82400,买盘
763,13:25:38,5.14,-0.01,1,514,卖盘
764,13:25:29,5.15,0.01,45,23175,买盘
765,13:25:23,5.14,-0.01,7,3598,卖盘
766,13:25:20,5.15,--,546,281190,买盘
767,13:25:17,5.15,0.01,60,30900,买盘
768,13:25:14,5.14,--,30,15419,卖盘
769,13:25:02,5.14,--,50,25700,卖盘
770,13:24:56,5.14,--,107,55152,买盘
771,13:24:53,5.14,--,2,1028,买盘
772,13:24:50,5.14,--,72,37008,买盘
773,13:24:47,5.14,--,2,1028,买盘
774,13:24:26,5.14,--,10,5140,买盘
775,13:24:20,5.14,--,20,10280,买盘
776,13:23:59,5.14,--,17,8738,买盘
777,13:23:50,5.14,--,100,51400,买盘
778,13:23:47,5.14,--,6,3084,买盘
779,13:23:44,5.14,--,50,25700,买盘
780,13:23:41,5.14,--,749,385345,卖盘
781,13:23:38,5.14,-0.01,200,102800,卖盘
782,13:23:35,5.15,0.01,39,20085,买盘
783,13:23:32,5.14,--,5,2570,卖盘
784,13:23:20,5.14,-0.01,13,6682,卖盘
785,13:23:14,5.15,0.01,100,51500,买盘
786,13:23:08,5.14,-0.01,169,86866,卖盘
787,13:23:02,5.15,0.01,20,10300,买盘
788,13:22:47,5.14,--,240,123514,买盘
789,13:22:41,5.14,--,50,25700,买盘
790,13:22:38,5.14,--,50,25700,买盘
791,13:22:35,5.14,--,50,25700,买盘
792,13:22:32,5.14,--,100,51400,买盘
793,13:22:29,5.14,--,53,27242,买盘
794,13:22:23,5.14,--,40,20560,买盘
795,13:22:17,5.14,--,22,11308,买盘
796,13:22:11,5.14,--,200,102800,买盘
797,13:22:05,5.14,--,50,25700,买盘
798,13:21:56,5.14,--,10,5140,买盘
799,13:21:47,5.14,--,11,5654,买盘
800,13:21:44,5.14,0.01,1000,513999,买盘
801,13:21:38,5.13,-0.01,20,10260,卖盘
802,13:21:32,5.14,--,489,251345,买盘
803,13:21:23,5.14,--,63,32381,买盘
804,13:21:20,5.14,0.01,217,111538,买盘
805,13:21:05,5.13,-0.01,31,15903,卖盘
806,13:20:56,5.14,0.01,10,5140,买盘
807,13:20:50,5.13,-0.01,2,1026,卖盘
808,13:20:35,5.14,0.01,20,10280,买盘
809,13:20:32,5.13,--,1110,569430,卖盘
810,13:20:23,5.13,-0.01,7,3591,卖盘
811,13:20:05,5.14,--,20,10280,买盘
812,13:19:41,5.14,0.01,100,51400,买盘
813,13:19:38,5.13,-0.01,5,2565,卖盘
814,13:19:29,5.14,0.01,19,9766,买盘
815,13:19:23,5.13,-0.01,10,5130,卖盘
816,13:19:05,5.14,0.01,6,3084,买盘
817,13:19:02,5.13,--,10,5130,卖盘
818,13:18:50,5.13,-0.01,9,4617,卖盘
819,13:18:32,5.14,0.01,43,22102,买盘
820,13:18:20,5.13,-0.01,200,102600,卖盘
821,13:18:08,5.14,0.01,10,5140,买盘
822,13:17:50,5.13,-0.01,100,51300,卖盘
823,13:16:17,5.14,0.01,3,1542,买盘
824,13:15:59,5.13,-0.01,40,20520,卖盘
825,13:15:53,5.14,0.01,112,57568,买盘
826,13:15:50,5.13,-0.01,26,13338,卖盘
827,13:15:35,5.14,0.01,420,215880,买盘
828,13:15:29,5.13,--,7,3591,卖盘
829,13:15:26,5.13,-0.01,30,15390,卖盘
830,13:15:11,5.14,--,30,15419,买盘
831,13:14:56,5.14,0.01,9,4626,买盘
832,13:14:14,5.13,--,10,5130,卖盘
833,13:14:02,5.13,-0.01,5,2565,卖盘
834,13:13:53,5.14,--,9,4626,买盘
835,13:13:35,5.14,--,3,1542,买盘
836,13:13:32,5.14,--,8,4112,买盘
837,13:13:20,5.14,0.01,12,6168,买盘
838,13:12:59,5.13,--,1,513,卖盘
839,13:12:53,5.13,--,7,3591,卖盘
840,13:12:50,5.13,--,31,15903,卖盘
841,13:12:44,5.13,-0.01,30,15390,卖盘
842,13:12:41,5.14,--,52,26728,买盘
843,13:12:38,5.14,0.01,10,5140,买盘
844,13:12:23,5.13,--,4,2052,卖盘
845,13:12:17,5.13,--,2,1026,卖盘
846,13:11:56,5.13,-0.01,792,406296,卖盘
847,13:11:38,5.14,--,4,2056,买盘
848,13:11:17,5.14,--,7,3598,买盘
849,13:10:50,5.14,--,13,6682,买盘
850,13:10:41,5.14,--,20,10280,买盘
851,13:10:11,5.14,--,19,9766,买盘
852,13:10:05,5.14,0.01,5,2570,买盘
853,13:09:44,5.13,-0.01,1,513,卖盘
854,13:09:41,5.14,0.01,56,28784,买盘
855,13:09:35,5.13,-0.01,30,15390,卖盘
856,13:09:32,5.14,0.01,76,39064,买盘
857,13:09:23,5.13,-0.01,83,42579,卖盘
858,13:09:20,5.14,--,20,10280,买盘
859,13:09:17,5.14,--,1,514,买盘
860,13:09:08,5.14,--,7,3598,买盘
861,13:09:02,5.14,--,10,5140,买盘
862,13:08:56,5.14,--,908,467071,卖盘
863,13:08:53,5.14,-0.01,7,3598,卖盘
864,13:08:35,5.15,0.01,38,19570,买盘
865,13:08:26,5.14,--,4,2056,卖盘
866,13:08:23,5.14,--,1,514,卖盘
867,13:08:20,5.14,--,4,2056,卖盘
868,13:07:50,5.14,-0.01,7,3598,卖盘
869,13:07:41,5.15,0.01,20,10300,买盘
870,13:07:38,5.14,--,55,28270,卖盘
871,13:07:20,5.14,--,200,102800,卖盘
872,13:07:08,5.14,--,136,69904,卖盘
873,13:06:59,5.14,--,25,12850,卖盘
874,13:06:53,5.14,--,449,230940,买盘
875,13:06:50,5.14,--,8,4112,买盘
876,13:06:38,5.14,--,200,102800,买盘
877,13:06:31,5.14,--,4,2056,买盘
878,13:06:16,5.14,--,8,4112,买盘
879,13:06:13,5.14,0.01,200,102800,买盘
880,13:06:10,5.13,-0.01,100,51300,卖盘
881,13:05:52,5.14,--,40,20560,买盘
882,13:05:46,5.14,0.01,100,51400,买盘
883,13:05:43,5.13,-0.01,10,5130,卖盘
884,13:05:34,5.14,--,200,102800,买盘
885,13:05:28,5.14,--,6,3084,买盘
886,13:04:58,5.14,--,3,1542,买盘
887,13:04:52,5.14,0.01,60,30839,买盘
888,13:04:46,5.13,-0.01,60,30780,卖盘
889,13:04:37,5.14,--,4,2056,买盘
890,13:04:34,5.14,--,30,15419,买盘
891,13:04:28,5.14,--,71,36494,买盘
892,13:04:22,5.14,--,203,104342,买盘
893,13:04:01,5.14,--,7,3598,买盘
894,13:03:52,5.14,--,305,157129,卖盘
895,13:03:49,5.14,--,20,10280,卖盘
896,13:03:46,5.14,0.01,2106,1082638,买盘
897,13:03:43,5.13,-0.01,5,2565,卖盘
898,13:03:37,5.14,0.01,100,51400,买盘
899,13:03:28,5.13,-0.01,2,1026,卖盘
900,13:03:22,5.14,--,1,514,买盘
901,13:03:16,5.14,--,30,15419,买盘
902,13:03:10,5.14,0.01,40,20560,买盘
903,13:03:04,5.13,-0.01,100,51300,卖盘
904,13:02:43,5.14,--,2,1028,买盘
905,13:02:31,5.14,0.01,5,2570,买盘
906,13:02:28,5.13,-0.01,11,5643,卖盘
907,13:02:22,5.14,--,100,51400,买盘
908,13:02:07,5.14,0.01,83,42662,买盘
909,13:02:04,5.13,-0.01,6,3078,卖盘
910,13:02:01,5.14,--,30,15419,买盘
911,13:01:58,5.14,--,70,35980,买盘
912,13:01:55,5.14,--,56,28784,买盘
913,13:01:43,5.14,--,256,131584,买盘
914,13:01:37,5.14,--,60,30839,买盘
915,13:01:31,5.14,--,56,28784,买盘
916,13:01:25,5.14,--,71,36494,买盘
917,13:01:19,5.14,--,143,73502,买盘
918,13:01:16,5.14,--,71,36494,买盘
919,13:01:07,5.14,--,56,28784,买盘
920,13:00:58,5.14,--,62,31867,买盘
921,13:00:55,5.14,--,62,31867,买盘
922,13:00:40,5.14,--,60,30839,买盘
923,13:00:28,5.14,--,62,31867,买盘
924,13:00:16,5.14,--,9,4626,买盘
925,13:00:10,5.14,0.01,1,514,买盘
926,13:00:07,5.13,--,51,26599,卖盘
927,13:00:04,5.13,--,772,396036,卖盘
928,11:29:56,5.13,-0.01,61,31462,卖盘
929,11:29:53,5.14,--,37,19018,买盘
930,11:29:50,5.14,0.01,139,71446,买盘
931,11:29:05,5.13,--,5,2565,卖盘
932,11:28:59,5.13,--,28,14364,卖盘
933,11:28:05,5.13,-0.01,50,25650,卖盘
934,11:27:56,5.14,--,77,39578,买盘
935,11:27:53,5.14,--,15,7709,买盘
936,11:27:32,5.14,--,3,1542,买盘
937,11:27:11,5.14,--,1,514,买盘
938,11:27:08,5.14,0.01,161,82754,买盘
939,11:26:50,5.13,--,10,5130,卖盘
940,11:26:23,5.13,--,40,20520,卖盘
941,11:25:32,5.13,--,100,51300,卖盘
942,11:25:29,5.13,--,3,1539,卖盘
943,11:25:23,5.13,--,4,2052,卖盘
944,11:25:08,5.13,--,3,1539,卖盘
945,11:25:02,5.13,--,33,16929,卖盘
946,11:24:59,5.13,--,2,1026,卖盘
947,11:24:35,5.13,-0.01,44,22572,卖盘
948,11:24:32,5.14,0.01,190,97660,买盘
949,11:24:14,5.13,--,2,1400,买盘
950,11:23:59,5.13,--,105,54003,卖盘
951,11:23:53,5.13,0.01,172,88610,买盘
952,11:23:44,5.12,-0.01,9,4608,卖盘
953,11:23:20,5.13,--,24,12450,卖盘
954,11:23:14,5.13,--,29,14877,卖盘
955,11:23:08,5.13,--,69,35397,卖盘
956,11:23:05,5.13,--,23,11799,卖盘
957,11:23:02,5.13,--,60,30780,卖盘
958,11:22:59,5.13,--,100,51300,卖盘
959,11:22:44,5.13,--,178,91314,卖盘
960,11:22:38,5.13,--,5,2565,卖盘
961,11:22:32,5.13,--,105,53865,卖盘
962,11:22:20,5.13,-0.01,100,51300,卖盘
963,11:22:17,5.14,0.01,7,3598,买盘
964,11:22:14,5.13,--,43,22059,卖盘
965,11:22:05,5.13,--,168,86558,卖盘
966,11:21:53,5.13,--,14,7182,卖盘
967,11:21:44,5.13,--,55,28215,卖盘
968,11:21:41,5.13,--,5,2565,卖盘
969,11:21:29,5.13,--,30,15390,卖盘
970,11:21:26,5.13,-0.01,1000,513000,卖盘
971,11:21:23,5.14,0.01,10,5140,买盘
972,11:21:20,5.13,--,6,3078,卖盘
973,11:21:04,5.13,-0.01,20,10260,卖盘
974,11:20:58,5.14,--,5,2570,买盘
975,11:20:52,5.14,0.01,158,81212,买盘
976,11:20:49,5.13,--,93,47709,卖盘
977,11:20:43,5.13,-0.01,4,2052,卖盘
978,11:20:37,5.14,0.01,1,514,买盘
979,11:20:34,5.13,--,30,15390,卖盘
980,11:20:13,5.13,-0.01,23,11799,卖盘
981,11:20:07,5.14,--,2,1028,买盘
982,11:20:01,5.14,0.01,23,11822,买盘
983,11:19:40,5.13,--,1,513,卖盘
984,11:19:37,5.13,--,26,13338,卖盘
985,11:19:31,5.13,-0.01,10,5130,卖盘
986,11:19:19,5.14,0.01,55,28270,买盘
987,11:19:16,5.13,--,2,1026,卖盘
988,11:19:04,5.13,--,40,20520,卖盘
989,11:18:34,5.13,--,9,4617,卖盘
990,11:18:16,5.13,--,145,74385,卖盘
991,11:18:10,5.13,-0.01,1,513,卖盘
992,11:17:52,5.14,--,50,25700,买盘
993,11:17:37,5.14,--,42,21588,买盘
994,11:17:28,5.14,--,100,51400,买盘
995,11:17:25,5.14,--,1,514,买盘
996,11:17:13,5.14,--,10,5140,买盘
997,11:17:07,5.14,--,90,46260,买盘
998,11:16:58,5.14,0.01,1,514,买盘
999,11:16:49,5.13,-0.01,63,32319,卖盘
1000,11:16:31,5.14,--,57,29297,买盘
1001,11:16:22,5.14,--,40,20560,买盘
1002,11:16:16,5.14,--,9,4626,买盘
1003,11:16:13,5.14,--,58,29811,买盘
1004,11:16:04,5.14,0.01,100,51400,买盘
1005,11:15:58,5.13,-0.01,19,9747,卖盘
1006,11:15:55,5.14,0.01,100,51400,买盘
1007,11:15:52,5.13,-0.01,2,1026,卖盘
1008,11:15:46,5.14,0.01,66,33924,买盘
1009,11:15:40,5.13,-0.01,10,5130,卖盘
1010,11:15:37,5.14,0.01,110,56540,买盘
1011,11:15:31,5.13,--,5,2565,卖盘
1012,11:15:22,5.13,-0.01,4,2052,卖盘
1013,11:15:13,5.14,0.01,9,4626,买盘
1014,11:15:10,5.13,-0.01,282,144666,卖盘
1015,11:15:04,5.14,--,190,97660,买盘
1016,11:14:55,5.14,0.01,365,187610,买盘
1017,11:14:52,5.13,-0.01,66,33858,卖盘
1018,11:14:49,5.14,0.01,704,361856,买盘
1019,11:14:43,5.13,--,73,37449,买盘
1020,11:14:34,5.13,--,194,99522,买盘
1021,11:14:31,5.13,--,20,10260,买盘
1022,11:14:25,5.13,--,36,18468,买盘
1023,11:14:22,5.13,--,200,102600,买盘
1024,11:14:16,5.13,--,5,2565,买盘
1025,11:14:10,5.13,--,500,256500,买盘
1026,11:14:04,5.13,--,59,30267,买盘
1027,11:14:01,5.13,--,8,4104,买盘
1028,11:13:55,5.13,0.01,20,10260,买盘
1029,11:13:52,5.12,-0.01,50,25600,卖盘
1030,11:13:49,5.13,--,5,2565,买盘
1031,11:13:40,5.13,--,15,7695,买盘
1032,11:13:37,5.13,--,57,29241,买盘
1033,11:13:04,5.13,--,200,102600,买盘
1034,11:13:01,5.13,--,57,29241,买盘
1035,11:12:37,5.13,--,9,4617,买盘
1036,11:12:31,5.13,0.01,7,3591,买盘
1037,11:12:22,5.12,-0.01,71,36352,卖盘
1038,11:12:19,5.13,0.01,100,51300,买盘
1039,11:12:13,5.12,-0.01,50,25600,卖盘
1040,11:12:04,5.13,--,9,4617,买盘
1041,11:11:58,5.13,--,8,4104,买盘
1042,11:11:55,5.13,0.01,7,3591,买盘
1043,11:11:49,5.12,-0.01,3,1536,卖盘
1044,11:11:46,5.13,--,50,25650,买盘
1045,11:11:37,5.13,--,9,4617,买盘
1046,11:11:34,5.13,--,7,3591,买盘
1047,11:11:19,5.13,--,35,17955,买盘
1048,11:11:13,5.13,--,55,28215,买盘
1049,11:11:10,5.13,--,2,1026,买盘
1050,11:11:07,5.13,--,20,10260,买盘
1051,11:11:04,5.13,--,17,8721,买盘
1052,11:10:58,5.13,0.01,117,60021,买盘
1053,11:10:55,5.12,-0.01,10,5120,卖盘
1054,11:10:49,5.13,--,167,85671,买盘
1055,11:10:43,5.13,--,50,25650,买盘
1056,11:10:34,5.13,--,9,4617,买盘
1057,11:10:31,5.13,--,7,3591,买盘
1058,11:10:22,5.13,0.01,123,63099,买盘
1059,11:10:10,5.12,-0.01,44,22528,卖盘
1060,11:10:07,5.13,--,89,45657,买盘
1061,11:10:04,5.13,--,79,40527,买盘
1062,11:10:01,5.13,0.01,16,8208,买盘
1063,11:09:55,5.12,-0.01,265,135680,卖盘
1064,11:09:34,5.13,--,69,35397,买盘
1065,11:09:31,5.13,--,69,35397,买盘
1066,11:09:28,5.13,0.01,63,32319,买盘
1067,11:09:19,5.12,-0.01,15,7680,卖盘
1068,11:09:04,5.13,--,9,4617,买盘
1069,11:09:01,5.13,--,7,3591,买盘
1070,11:08:58,5.13,--,62,31806,买盘
1071,11:08:49,5.13,0.01,5,2565,买盘
1072,11:08:43,5.12,-0.01,22,11264,卖盘
1073,11:08:40,5.13,--,27,13851,买盘
1074,11:08:37,5.13,--,68,34884,买盘
1075,11:08:31,5.13,0.01,62,31806,买盘
1076,11:08:22,5.12,-0.01,7,3584,卖盘
1077,11:08:16,5.13,0.01,63,32319,买盘
1078,11:08:10,5.12,--,60,30720,卖盘
1079,11:08:07,5.12,-0.01,15,7680,卖盘
1080,11:08:04,5.13,--,63,32319,买盘
1081,11:08:01,5.13,0.01,62,31806,买盘
1082,11:07:52,5.12,-0.01,70,35840,卖盘
1083,11:07:37,5.13,--,125,64125,买盘
1084,11:07:34,5.13,0.01,1,513,买盘
1085,11:07:31,5.12,--,20,10240,卖盘
1086,11:07:19,5.12,-0.01,180,92160,卖盘
1087,11:07:13,5.13,--,172,88236,买盘
1088,11:07:07,5.13,--,963,494019,卖盘
1089,11:07:01,5.13,--,666,341658,卖盘
1090,11:06:49,5.13,--,10,5130,卖盘
1091,11:06:34,5.13,--,64,32832,卖盘
1092,11:06:13,5.13,-0.01,10,5130,卖盘
1093,11:06:07,5.14,0.01,13,6682,买盘
1094,11:06:01,5.13,-0.01,143,73359,卖盘
1095,11:05:58,5.14,--,35,17990,买盘
1096,11:05:46,5.14,--,24,12336,买盘
1097,11:05:37,5.14,--,210,107940,买盘
1098,11:05:34,5.14,0.01,5,2570,买盘
1099,11:05:31,5.13,-0.01,16,8208,卖盘
1100,11:04:46,5.14,--,20,10280,买盘
1101,11:04:31,5.14,--,10,5140,买盘
1102,11:04:25,5.14,0.01,1,514,买盘
1103,11:04:22,5.13,--,20,10260,卖盘
1104,11:04:16,5.13,-0.01,3,1539,卖盘
1105,11:04:13,5.14,0.01,10,5140,买盘
1106,11:03:58,5.13,-0.01,3,1539,卖盘
1107,11:03:55,5.14,--,22,11308,买盘
1108,11:03:49,5.14,0.01,134,68876,买盘
1109,11:03:43,5.13,-0.01,80,41040,卖盘
1110,11:03:40,5.14,--,1,514,买盘
1111,11:03:25,5.14,0.01,2,1028,买盘
1112,11:03:19,5.13,-0.01,30,15390,卖盘
1113,11:03:07,5.14,0.01,10,5140,买盘
1114,11:03:04,5.13,-0.01,20,10260,卖盘
1115,11:02:58,5.14,--,97,49858,买盘
1116,11:02:55,5.14,0.01,20,10280,买盘
1117,11:02:52,5.13,--,24,12312,卖盘
1118,11:02:46,5.13,-0.01,13,6669,卖盘
1119,11:02:43,5.14,--,16,8224,买盘
1120,11:02:40,5.14,--,1,514,买盘
1121,11:02:37,5.14,--,110,56540,买盘
1122,11:02:22,5.14,0.01,2,1028,买盘
1123,11:02:19,5.13,-0.01,52,26676,卖盘
1124,11:02:10,5.14,--,57,29297,买盘
1125,11:01:58,5.14,--,31,15933,买盘
1126,11:01:55,5.14,0.01,28,14392,买盘
1127,11:01:52,5.13,--,14,7182,卖盘
1128,11:01:30,5.13,-0.01,53,27189,卖盘
1129,11:01:18,5.14,--,2,1028,买盘
1130,11:01:15,5.14,--,21,10794,买盘
1131,11:01:12,5.14,--,6,3084,买盘
1132,11:01:03,5.14,--,52,26728,买盘
1133,11:01:00,5.14,--,1,514,买盘
1134,11:00:57,5.14,--,10,5140,买盘
1135,11:00:51,5.14,--,60,30839,买盘
1136,11:00:48,5.14,--,11,5654,买盘
1137,11:00:45,5.14,--,10,5140,买盘
1138,11:00:42,5.14,--,20,10280,买盘
1139,11:00:36,5.14,--,23,11822,买盘
1140,11:00:33,5.14,0.01,51,26214,买盘
1141,11:00:27,5.13,-0.01,10,5130,卖盘
1142,11:00:24,5.14,--,11,5654,买盘
1143,11:00:21,5.14,--,20,10280,买盘
1144,11:00:18,5.14,--,96,49344,买盘
1145,11:00:15,5.14,--,60,30839,买盘
1146,11:00:12,5.14,--,30,15419,买盘
1147,11:00:03,5.14,--,12,6168,买盘
1148,11:00:00,5.14,--,10,5140,买盘
1149,10:59:57,5.14,--,10,5140,买盘
1150,10:59:51,5.14,0.01,103,52942,买盘
1151,10:59:48,5.13,-0.01,20,10260,卖盘
1152,10:59:45,5.14,--,5,2570,买盘
1153,10:59:36,5.14,0.01,56,28784,买盘
1154,10:59:33,5.13,-0.01,2,1026,卖盘
1155,10:59:24,5.14,0.01,69,35466,买盘
1156,10:59:06,5.13,--,2,1026,卖盘
1157,10:59:03,5.13,-0.01,10,5130,卖盘
1158,10:59:00,5.14,--,12,6168,买盘
1159,10:58:57,5.14,0.01,23,11822,买盘
1160,10:58:48,5.13,--,28,14364,卖盘
1161,10:58:39,5.13,-0.01,10,5130,卖盘
1162,10:58:36,5.14,0.01,5,2570,买盘
1163,10:58:27,5.13,-0.01,62,31806,卖盘
1164,10:58:21,5.14,0.01,7,3598,买盘
1165,10:57:45,5.13,-0.01,500,256500,卖盘
1166,10:57:42,5.14,--,60,30839,买盘
1167,10:57:33,5.14,--,3,1542,买盘
1168,10:57:30,5.14,--,17,8738,买盘
1169,10:57:27,5.14,--,120,61679,买盘
1170,10:57:18,5.14,--,24,12336,买盘
1171,10:57:00,5.14,0.01,47,24158,买盘
1172,10:56:54,5.13,--,12,6156,卖盘
1173,10:56:42,5.13,-0.01,100,51300,卖盘
1174,10:56:36,5.14,--,5,2570,买盘
1175,10:56:33,5.14,--,19,9766,买盘
1176,10:56:24,5.14,0.01,10,5140,买盘
1177,10:56:21,5.13,--,70,35910,卖盘
1178,10:56:15,5.13,-0.01,3,1539,卖盘
1179,10:56:12,5.14,0.01,22,11308,买盘
1180,10:56:06,5.13,--,10,5130,卖盘
1181,10:55:45,5.13,--,30,15390,卖盘
1182,10:55:42,5.13,-0.01,20,10260,卖盘
1183,10:55:39,5.14,0.01,20,10280,买盘
1184,10:55:33,5.13,-0.01,12,6156,卖盘
1185,10:55:30,5.14,0.01,10,5140,买盘
1186,10:55:27,5.13,--,20,10260,卖盘
1187,10:55:24,5.13,--,52,26676,卖盘
1188,10:55:15,5.13,-0.01,1,513,卖盘
1189,10:55:06,5.14,0.01,20,10280,买盘
1190,10:55:03,5.13,-0.01,2,1026,卖盘
1191,10:54:39,5.14,0.01,1000,513999,买盘
1192,10:54:33,5.13,-0.01,2,1026,卖盘
1193,10:54:27,5.14,--,45,23130,买盘
1194,10:54:24,5.14,--,20,10280,买盘
1195,10:54:15,5.14,--,130,66820,买盘
1196,10:54:12,5.14,--,178,91492,买盘
1197,10:54:03,5.14,--,17,8738,买盘
1198,10:54:00,5.14,0.01,10,5140,买盘
1199,10:53:54,5.13,--,15,7756,卖盘
1200,10:53:48,5.13,--,50,25650,卖盘
1201,10:53:39,5.13,--,10,5130,卖盘
1202,10:53:21,5.13,--,41,21033,卖盘
1203,10:53:18,5.13,--,10,5130,卖盘
1204,10:53:06,5.13,--,6,3078,卖盘
1205,10:53:00,5.13,-0.01,29,14877,卖盘
1206,10:52:54,5.14,0.01,2,1028,买盘
1207,10:52:51,5.13,--,8,4104,买盘
1208,10:52:45,5.13,--,257,131841,卖盘
1209,10:52:36,5.13,-0.01,117,60021,卖盘
1210,10:52:27,5.14,0.01,21,10794,买盘
1211,10:52:21,5.13,--,24,12312,卖盘
1212,10:52:15,5.13,--,45,23085,卖盘
1213,10:52:12,5.13,-0.01,59,30267,卖盘
1214,10:52:09,5.14,0.01,11,5654,买盘
1215,10:52:03,5.13,-0.01,471,241623,卖盘
1216,10:51:54,5.14,0.01,90,46260,买盘
1217,10:51:54,5.13,--,550,282150,卖盘
1218,10:51:48,5.13,--,30,15390,卖盘
1219,10:51:42,5.13,--,487,249831,卖盘
1220,10:51:33,5.13,--,200,102600,卖盘
1221,10:51:15,5.13,--,562,288306,卖盘
1222,10:51:12,5.13,--,261,133893,卖盘
1223,10:51:06,5.13,--,2,1026,卖盘
1224,10:51:00,5.13,-0.01,84,43092,卖盘
1225,10:50:54,5.14,--,2,1028,买盘
1226,10:50:45,5.14,--,37,19018,买盘
1227,10:50:36,5.14,--,2,1028,买盘
1228,10:50:18,5.14,--,5,2570,买盘
1229,10:50:12,5.14,--,30,15419,买盘
1230,10:50:06,5.14,--,115,59109,买盘
1231,10:49:57,5.14,0.01,138,70932,买盘
1232,10:49:54,5.13,-0.01,50,25650,卖盘
1233,10:49:42,5.14,--,10,5140,买盘
1234,10:49:39,5.14,--,156,80184,买盘
1235,10:49:33,5.14,--,10,5140,买盘
1236,10:49:24,5.14,--,200,102800,买盘
1237,10:49:21,5.14,0.01,22,11308,买盘
1238,10:49:09,5.13,-0.01,114,58482,卖盘
1239,10:49:06,5.14,--,2,1028,买盘
1240,10:49:00,5.14,--,5,2570,买盘
1241,10:48:57,5.14,--,13,6682,买盘
1242,10:48:51,5.14,--,10,5140,买盘
1243,10:48:48,5.14,--,96,49344,买盘
1244,10:48:39,5.14,--,10,5140,买盘
1245,10:48:30,5.14,0.01,43,22102,买盘
1246,10:48:27,5.13,-0.01,50,25650,卖盘
1247,10:48:24,5.14,--,376,193264,买盘
1248,10:48:21,5.14,--,7,3598,买盘
1249,10:48:12,5.14,0.01,84,43176,买盘
1250,10:48:06,5.13,-0.01,20,10260,卖盘
1251,10:48:03,5.14,--,1340,688760,买盘
1252,10:47:45,5.14,0.01,22,11308,买盘
1253,10:47:39,5.13,-0.01,20,10260,卖盘
1254,10:47:36,5.14,--,10,5140,买盘
1255,10:47:24,5.14,--,30,15419,买盘
1256,10:47:21,5.14,--,56,28784,买盘
1257,10:47:12,5.14,--,14,7196,买盘
1258,10:47:06,5.14,--,50,25700,买盘
1259,10:46:57,5.14,0.01,2,1028,买盘
1260,10:46:51,5.13,-0.01,18,9234,卖盘
1261,10:46:45,5.14,0.01,10,5140,买盘
1262,10:46:39,5.13,--,20,10260,卖盘
1263,10:46:33,5.13,--,99,50787,买盘
1264,10:46:27,5.13,--,4,2052,买盘
1265,10:46:21,5.13,--,24,12312,买盘
1266,10:46:18,5.13,--,30,15390,买盘
1267,10:46:15,5.13,--,577,296001,买盘
1268,10:46:09,5.13,--,8,4104,买盘
1269,10:46:06,5.13,0.01,600,307800,买盘
1270,10:46:00,5.12,--,33,16896,卖盘
1271,10:45:57,5.12,--,406,207872,卖盘
1272,10:45:54,5.12,-0.01,16,8192,卖盘
1273,10:45:48,5.13,0.01,600,307800,买盘
1274,10:45:36,5.12,--,3,1536,卖盘
1275,10:45:21,5.12,--,36,18432,卖盘
1276,10:45:15,5.12,--,61,31232,卖盘
1277,10:45:03,5.12,-0.01,4,2048,卖盘
1278,10:44:56,5.13,0.01,1,513,买盘
1279,10:44:50,5.12,-0.01,10,5120,卖盘
1280,10:44:47,5.13,0.01,434,222642,买盘
1281,10:44:38,5.12,-0.01,1,512,卖盘
1282,10:44:35,5.13,0.01,180,92340,买盘
1283,10:44:32,5.12,-0.01,10,5120,卖盘
1284,10:44:14,5.13,--,1,513,买盘
1285,10:43:50,5.13,0.01,4,2052,买盘
1286,10:43:32,5.12,--,43,22016,买盘
1287,10:43:17,5.12,--,19,9728,买盘
1288,10:43:11,5.12,--,57,29184,卖盘
1289,10:43:05,5.12,--,51,26112,卖盘
1290,10:43:02,5.12,--,20,10240,卖盘
1291,10:42:59,5.12,--,77,39424,买盘
1292,10:42:56,5.12,--,20,10240,买盘
1293,10:42:50,5.12,--,29,14848,买盘
1294,10:42:44,5.12,--,180,92160,买盘
1295,10:42:38,5.12,--,13,6656,买盘
1296,10:42:32,5.12,0.01,4,2048,买盘
1297,10:42:26,5.11,-0.01,1,511,卖盘
1298,10:42:17,5.12,--,10,5120,买盘
1299,10:41:56,5.12,--,59,30208,买盘
1300,10:41:44,5.12,--,76,38912,卖盘
1301,10:41:41,5.12,--,2,1024,卖盘
1302,10:41:38,5.12,--,1,512,卖盘
1303,10:41:35,5.12,--,5,2560,买盘
1304,10:41:29,5.12,--,5,2560,买盘
1305,10:41:23,5.12,--,14,7168,卖盘
1306,10:41:14,5.12,0.01,36,18432,中性盘
1307,10:40:59,5.11,-0.01,100,51100,卖盘
1308,10:40:47,5.12,--,26,13440,买盘
1309,10:40:29,5.12,--,17,9088,卖盘
1310,10:40:20,5.12,--,329,168448,卖盘
1311,10:40:17,5.12,--,5,2560,卖盘
1312,10:40:14,5.12,--,10,5120,卖盘
1313,10:40:05,5.12,--,50,25600,卖盘
1314,10:40:02,5.12,--,20,10240,卖盘
1315,10:39:59,5.12,--,10,5120,卖盘
1316,10:39:56,5.12,--,30,15360,卖盘
1317,10:39:50,5.12,--,35,17920,卖盘
1318,10:39:47,5.12,--,5,2560,卖盘
1319,10:39:41,5.12,--,10,5120,卖盘
1320,10:39:38,5.12,--,50,25600,卖盘
1321,10:39:35,5.12,--,10,5120,卖盘
1322,10:39:26,5.12,--,231,118272,卖盘
1323,10:39:20,5.12,-0.01,19,9728,卖盘
1324,10:39:17,5.13,0.01,8,4104,买盘
1325,10:39:14,5.12,-0.01,15,7680,卖盘
1326,10:39:11,5.13,--,1,513,买盘
1327,10:38:41,5.13,0.01,24,12312,买盘
1328,10:38:38,5.12,--,10,5120,卖盘
1329,10:38:35,5.12,--,10,5120,卖盘
1330,10:38:32,5.12,--,12,6144,卖盘
1331,10:38:26,5.12,--,7,3584,卖盘
1332,10:38:23,5.12,--,152,77824,卖盘
1333,10:38:17,5.12,--,16,8192,卖盘
1334,10:38:08,5.12,--,213,109056,卖盘
1335,10:38:05,5.12,--,18,9216,卖盘
1336,10:38:02,5.12,--,98,50176,卖盘
1337,10:37:53,5.12,--,73,37376,卖盘
1338,10:37:44,5.12,0.01,618,316544,买盘
1339,10:37:41,5.11,--,100,51100,卖盘
1340,10:37:35,5.11,-0.01,247,126217,卖盘
1341,10:37:32,5.12,--,10,5120,买盘
1342,10:37:26,5.12,0.01,340,174080,买盘
1343,10:37:11,5.11,--,301,153811,卖盘
1344,10:37:08,5.11,--,5,2555,卖盘
1345,10:36:59,5.11,-0.01,4,2044,卖盘
1346,10:36:38,5.12,--,400,204800,买盘
1347,10:36:14,5.12,0.01,16,8192,买盘
1348,10:36:11,5.11,--,1,511,卖盘
1349,10:36:08,5.11,--,5,2555,卖盘
1350,10:36:02,5.11,-0.01,50,25550,卖盘
1351,10:35:56,5.12,--,10,5120,买盘
1352,10:35:44,5.12,--,3,1536,买盘
1353,10:35:41,5.12,--,178,91136,卖盘
1354,10:35:38,5.12,--,269,137728,卖盘
1355,10:35:32,5.12,--,50,25600,卖盘
1356,10:35:29,5.12,--,653,334336,卖盘
1357,10:35:26,5.12,--,20,10240,卖盘
1358,10:35:23,5.12,--,268,137216,卖盘
1359,10:35:20,5.12,--,50,25600,卖盘
1360,10:35:14,5.12,--,5,2560,卖盘
1361,10:35:11,5.12,--,106,54272,卖盘
1362,10:35:08,5.12,-0.01,38,19456,卖盘
1363,10:35:05,5.13,0.01,152,77976,买盘
1364,10:34:59,5.12,--,200,102400,卖盘
1365,10:34:56,5.12,--,30,15360,卖盘
1366,10:34:50,5.12,--,9,4608,卖盘
1367,10:34:44,5.12,--,27,13824,卖盘
1368,10:34:41,5.12,--,107,54784,卖盘
1369,10:34:38,5.12,--,20,10240,卖盘
1370,10:34:29,5.12,-0.01,1000,512000,卖盘
1371,10:34:14,5.13,--,200,102600,买盘
1372,10:34:08,5.13,0.01,3,1539,买盘
1373,10:34:02,5.12,--,10,5120,卖盘
1374,10:33:50,5.12,--,10,5120,卖盘
1375,10:33:41,5.12,-0.01,4,2048,卖盘
1376,10:33:38,5.13,--,201,103113,买盘
1377,10:33:23,5.13,0.01,10,5130,买盘
1378,10:33:14,5.12,--,39,19968,卖盘
1379,10:33:11,5.12,--,7,3584,卖盘
1380,10:32:59,5.12,-0.01,10,5120,卖盘
1381,10:32:56,5.13,--,19,9747,买盘
1382,10:32:50,5.13,--,3,1539,买盘
1383,10:32:38,5.13,0.01,24,12312,买盘
1384,10:32:35,5.12,--,56,28672,卖盘
1385,10:32:32,5.12,-0.01,5,2560,卖盘
1386,10:32:26,5.13,--,16,8208,买盘
1387,10:32:23,5.13,0.01,28,14364,买盘
1388,10:32:11,5.12,--,35,17920,卖盘
1389,10:32:05,5.12,-0.01,10,5120,卖盘
1390,10:31:59,5.13,--,96,49248,买盘
1391,10:31:50,5.13,0.01,303,155439,买盘
1392,10:31:44,5.12,-0.01,53,27136,卖盘
1393,10:31:38,5.13,0.01,100,51300,买盘
1394,10:31:29,5.12,-0.01,27,13824,卖盘
1395,10:31:20,5.13,--,2,1026,买盘
1396,10:31:17,5.13,0.01,30,15390,买盘
1397,10:31:11,5.12,-0.01,10,5120,卖盘
1398,10:31:08,5.13,--,220,112860,买盘
1399,10:31:05,5.13,0.01,263,134919,买盘
1400,10:31:02,5.12,-0.01,50,25600,卖盘
1401,10:30:56,5.13,0.01,52,26676,买盘
1402,10:30:53,5.12,--,206,105472,买盘
1403,10:30:50,5.12,0.01,39,19968,买盘
1404,10:30:29,5.11,-0.01,5,2555,卖盘
1405,10:30:26,5.12,0.01,400,204800,买盘
1406,10:30:23,5.11,--,3,1533,卖盘
1407,10:30:14,5.11,-0.01,3,1533,卖盘
1408,10:29:53,5.12,--,8,4096,买盘
1409,10:29:50,5.12,0.01,300,153600,买盘
1410,10:29:47,5.11,-0.01,32,16352,卖盘
1411,10:29:41,5.12,0.01,50,25600,买盘
1412,10:29:29,5.11,--,2,1022,卖盘
1413,10:29:26,5.11,-0.01,55,28105,卖盘
1414,10:29:20,5.12,--,50,25600,买盘
1415,10:29:17,5.12,--,401,205312,买盘
1416,10:29:14,5.12,0.01,6,3072,买盘
1417,10:28:53,5.11,--,12,6132,卖盘
1418,10:28:44,5.11,-0.01,10,5110,卖盘
1419,10:28:41,5.12,--,350,179200,买盘
1420,10:28:35,5.12,--,20,10240,买盘
1421,10:28:29,5.12,--,50,25600,买盘
1422,10:28:23,5.12,0.01,27,13824,买盘
1423,10:28:14,5.11,-0.01,50,25550,卖盘
1424,10:28:11,5.12,--,300,153600,买盘
1425,10:27:50,5.12,--,20,10240,买盘
1426,10:27:47,5.12,--,800,409600,买盘
1427,10:27:38,5.12,--,205,104960,买盘
1428,10:27:32,5.12,--,20,10240,买盘
1429,10:27:26,5.12,--,54,27648,卖盘
1430,10:27:17,5.12,--,54,27648,买盘
1431,10:27:11,5.12,--,20,10240,买盘
1432,10:27:08,5.12,--,33,16896,卖盘
1433,10:27:05,5.12,--,10,5120,卖盘
1434,10:27:02,5.12,--,11,5632,卖盘
1435,10:26:59,5.12,--,30,15360,卖盘
1436,10:26:56,5.12,--,10,5120,卖盘
1437,10:26:53,5.12,--,10,5120,卖盘
1438,10:26:47,5.12,0.01,241,123392,买盘
1439,10:26:35,5.11,-0.01,42,21462,卖盘
1440,10:26:29,5.12,--,10,5120,买盘
1441,10:26:26,5.12,--,13,6656,买盘
1442,10:26:23,5.12,--,29,14848,买盘
1443,10:26:20,5.12,--,710,363520,买盘
1444,10:26:17,5.12,0.01,132,67584,买盘
1445,10:26:14,5.11,-0.01,1,511,卖盘
1446,10:26:08,5.12,--,12,6144,买盘
1447,10:26:02,5.12,--,227,116224,卖盘
1448,10:25:59,5.12,--,7,3584,卖盘
1449,10:25:56,5.12,-0.01,12,6144,卖盘
1450,10:25:53,5.13,0.01,27,13851,买盘
1451,10:25:41,5.12,--,50,25600,卖盘
1452,10:25:35,5.12,-0.01,10,5120,卖盘
1453,10:25:32,5.13,0.01,42,21546,买盘
1454,10:25:19,5.12,--,6,3072,买盘
1455,10:25:16,5.12,--,37,18944,买盘
1456,10:25:13,5.12,--,900,460800,买盘
1457,10:25:10,5.12,--,33,16896,买盘
1458,10:25:07,5.12,--,20,10240,买盘
1459,10:24:55,5.12,--,654,334848,卖盘
1460,10:24:46,5.12,--,5,2560,卖盘
1461,10:24:40,5.12,--,10,5120,卖盘
1462,10:24:37,5.12,--,50,25600,卖盘
1463,10:24:34,5.12,--,10,5120,卖盘
1464,10:24:31,5.12,--,10,5120,卖盘
1465,10:24:28,5.12,--,50,25600,卖盘
1466,10:24:25,5.12,--,2,1024,卖盘
1467,10:24:22,5.12,--,20,10240,卖盘
1468,10:24:19,5.12,--,190,97280,买盘
1469,10:24:13,5.12,--,2,1024,买盘
1470,10:24:07,5.12,--,501,256512,买盘
1471,10:24:01,5.12,--,1,512,买盘
1472,10:23:58,5.12,--,40,20480,买盘
1473,10:23:55,5.12,--,1000,512000,买盘
1474,10:23:46,5.12,--,297,152064,买盘
1475,10:23:43,5.12,0.01,100,51200,买盘
1476,10:23:40,5.11,--,5,2555,卖盘
1477,10:23:34,5.11,-0.01,8,4088,卖盘
1478,10:23:31,5.12,--,962,492544,买盘
1479,10:23:28,5.12,--,12,6144,买盘
1480,10:23:25,5.12,--,130,66560,买盘
1481,10:23:22,5.12,--,10,5120,买盘
1482,10:23:19,5.12,--,45,23040,买盘
1483,10:23:16,5.12,--,60,30720,买盘
1484,10:23:10,5.12,--,14,7168,买盘
1485,10:23:07,5.12,--,14,7168,买盘
1486,10:23:04,5.12,--,3,1536,买盘
1487,10:22:58,5.12,--,100,51200,买盘
1488,10:22:55,5.12,--,30,15360,买盘
1489,10:22:52,5.12,--,27,13824,买盘
1490,10:22:49,5.12,--,70,35840,买盘
1491,10:22:46,5.12,0.01,20,10240,买盘
1492,10:22:43,5.11,-0.01,20,10220,卖盘
1493,10:22:34,5.12,--,2,1024,买盘
1494,10:22:25,5.12,--,309,158208,买盘
1495,10:22:19,5.12,--,1,512,买盘
1496,10:22:10,5.12,--,3,1536,买盘
1497,10:22:07,5.12,0.01,260,133120,买盘
1498,10:21:58,5.11,--,64,32704,卖盘
1499,10:21:52,5.11,--,16,8176,卖盘
1500,10:21:40,5.11,--,30,15330,卖盘
1501,10:21:28,5.11,--,30,15330,卖盘
1502,10:21:04,5.11,--,100,51100,卖盘
1503,10:21:01,5.11,-0.01,7,3577,卖盘
1504,10:20:58,5.12,0.01,4,2048,买盘
1505,10:20:52,5.11,--,201,102711,卖盘
1506,10:20:37,5.11,--,10,5110,卖盘
1507,10:20:31,5.11,--,10,5110,卖盘
1508,10:20:22,5.11,-0.01,5,2555,卖盘
1509,10:20:16,5.12,--,69,35328,买盘
1510,10:20:10,5.12,--,21,10752,买盘
1511,10:20:07,5.12,0.01,4,2048,买盘
1512,10:20:04,5.11,--,10,5110,卖盘
1513,10:20:01,5.11,--,2,1022,卖盘
1514,10:19:58,5.11,--,8,4088,卖盘
1515,10:19:55,5.11,-0.01,26,13286,卖盘
1516,10:19:52,5.12,--,82,41984,买盘
1517,10:19:43,5.12,0.01,40,20480,买盘
1518,10:19:37,5.11,-0.01,20,10220,卖盘
1519,10:19:31,5.12,--,120,61440,买盘
1520,10:19:25,5.12,--,5,2560,买盘
1521,10:19:10,5.12,--,9,4608,买盘
1522,10:19:07,5.12,--,4,2048,买盘
1523,10:19:04,5.12,0.01,3,1536,买盘
1524,10:19:01,5.11,--,5,2555,卖盘
1525,10:18:58,5.11,-0.01,6,3066,卖盘
1526,10:18:55,5.12,--,10,5120,买盘
1527,10:18:52,5.12,--,58,29696,买盘
1528,10:18:46,5.12,--,32,16384,买盘
1529,10:18:34,5.12,--,50,25600,买盘
1530,10:18:31,5.12,--,124,63488,买盘
1531,10:18:22,5.12,0.01,46,23552,买盘
1532,10:18:16,5.11,-0.01,5,2555,卖盘
1533,10:18:10,5.12,--,20,10240,买盘
1534,10:18:01,5.12,--,130,66560,买盘
1535,10:17:58,5.12,--,60,30720,买盘
1536,10:17:55,5.12,--,59,30208,买盘
1537,10:17:49,5.12,0.01,63,32256,买盘
1538,10:17:46,5.11,-0.01,22,11242,卖盘
1539,10:17:43,5.12,0.01,76,38912,买盘
1540,10:17:34,5.11,--,53,27083,卖盘
1541,10:17:28,5.11,--,659,336749,卖盘
1542,10:17:22,5.11,--,20,10220,卖盘
1543,10:17:19,5.11,--,45,22995,买盘
1544,10:17:16,5.11,--,110,56210,买盘
1545,10:17:13,5.11,0.01,11,5621,买盘
1546,10:17:07,5.1,-0.01,30,15299,卖盘
1547,10:17:01,5.11,--,610,311710,买盘
1548,10:16:52,5.11,--,76,38836,买盘
1549,10:16:46,5.11,--,158,80738,买盘
1550,10:16:43,5.11,--,65,33215,买盘
1551,10:16:40,5.11,--,207,105777,买盘
1552,10:16:25,5.11,--,10,5110,买盘
1553,10:16:10,5.11,--,10,5110,买盘
1554,10:16:01,5.11,--,5,2555,买盘
1555,10:15:55,5.11,0.01,4,2044,买盘
1556,10:15:52,5.1,-0.01,1829,932789,卖盘
1557,10:15:43,5.11,--,1,511,买盘
1558,10:15:37,5.11,--,29,14819,买盘
1559,10:15:28,5.11,0.01,30,15330,买盘
1560,10:15:16,5.1,--,11,5610,买盘
1561,10:15:13,5.1,--,30,15299,买盘
1562,10:15:10,5.1,--,40,20400,买盘
1563,10:15:04,5.1,--,199,101490,买盘
1564,10:15:01,5.1,--,11,5610,买盘
1565,10:14:55,5.1,--,217,110669,买盘
1566,10:14:52,5.1,--,93,47430,买盘
1567,10:14:49,5.1,--,101,51510,买盘
1568,10:14:43,5.1,--,5,2550,买盘
1569,10:14:34,5.1,--,20,10200,买盘
1570,10:14:31,5.1,0.01,261,133110,买盘
1571,10:14:19,5.09,-0.01,17,8653,卖盘
1572,10:14:16,5.1,--,25,12750,买盘
1573,10:14:13,5.1,--,67,34170,买盘
1574,10:14:07,5.1,--,96,48960,买盘
1575,10:13:58,5.1,--,16,8159,买盘
1576,10:13:55,5.1,0.01,6,3060,买盘
1577,10:13:52,5.09,-0.01,10,5090,卖盘
1578,10:13:43,5.1,--,30,15299,买盘
1579,10:13:40,5.1,--,12,6120,买盘
1580,10:13:31,5.1,--,16,8159,买盘
1581,10:13:22,5.1,--,7,3569,买盘
1582,10:13:19,5.1,--,101,51510,买盘
1583,10:13:10,5.1,--,5,2550,买盘
1584,10:13:07,5.1,--,5,2550,买盘
1585,10:13:01,5.1,--,47,23970,买盘
1586,10:12:58,5.1,--,10,5100,买盘
1587,10:12:55,5.1,--,26,13259,买盘
1588,10:12:52,5.1,--,66,33660,买盘
1589,10:12:49,5.1,--,105,53549,买盘
1590,10:12:40,5.1,--,50,25500,买盘
1591,10:12:30,5.1,--,1,509,买盘
1592,10:12:21,5.1,--,65,33150,买盘
1593,10:12:18,5.1,--,30,15299,买盘
1594,10:12:15,5.1,--,201,102510,买盘
1595,10:12:03,5.1,--,1,509,买盘
1596,10:12:00,5.1,--,9,4590,买盘
1597,10:11:57,5.1,--,20,10200,买盘
1598,10:11:51,5.1,--,63,32129,买盘
1599,10:11:45,5.1,--,298,151980,买盘
1600,10:11:42,5.1,--,311,158610,买盘
1601,10:11:39,5.1,0.01,24,12240,买盘
1602,10:11:36,5.09,-0.01,148,75332,卖盘
1603,10:11:33,5.1,--,1,509,卖盘
1604,10:11:21,5.1,--,35,17850,卖盘
1605,10:11:18,5.1,--,356,181560,买盘
1606,10:11:06,5.1,--,4,2039,卖盘
1607,10:11:03,5.1,--,107,54569,卖盘
1608,10:11:00,5.1,--,18,9180,卖盘
1609,10:10:57,5.1,--,55,28049,卖盘
1610,10:10:54,5.1,--,22,11220,卖盘
1611,10:10:51,5.1,--,15,7649,卖盘
1612,10:10:48,5.1,-0.01,96,48960,卖盘
1613,10:10:45,5.11,0.01,289,147679,买盘
1614,10:10:36,5.1,--,1,509,买盘
1615,10:10:33,5.1,--,72,36720,卖盘
1616,10:10:30,5.1,--,771,393210,买盘
1617,10:10:24,5.1,--,44,22440,买盘
1618,10:10:18,5.1,--,40,20400,买盘
1619,10:10:12,5.1,--,196,99960,买盘
1620,10:10:09,5.1,--,684,348840,买盘
1621,10:10:03,5.1,--,1,509,买盘
1622,10:09:54,5.1,--,67,34170,卖盘
1623,10:09:51,5.1,--,60,30599,卖盘
1624,10:09:45,5.1,--,349,177990,买盘
1625,10:09:36,5.1,--,150,76500,买盘
1626,10:09:33,5.1,--,20,10200,买盘
1627,10:09:27,5.1,--,33,16830,卖盘
1628,10:09:24,5.1,--,258,131580,买盘
1629,10:09:21,5.1,--,34,17340,买盘
1630,10:09:15,5.1,--,6,3060,买盘
1631,10:09:09,5.1,--,79,40290,卖盘
1632,10:09:06,5.1,--,26,13259,卖盘
1633,10:09:03,5.1,--,519,264690,卖盘
1634,10:08:48,5.1,--,31,15809,卖盘
1635,10:08:45,5.1,--,20,10200,卖盘
1636,10:08:42,5.1,--,1561,796110,买盘
1637,10:08:39,5.1,--,14,7139,买盘
1638,10:08:36,5.1,--,10,5100,买盘
1639,10:08:33,5.1,--,14,7139,买盘
1640,10:08:24,5.1,--,62,31619,买盘
1641,10:08:21,5.1,--,40,20400,买盘
1642,10:08:15,5.1,--,111,56609,买盘
1643,10:08:09,5.1,--,31,15809,买盘
1644,10:08:06,5.1,--,60,30599,买盘
1645,10:08:03,5.1,--,9,4590,买盘
1646,10:08:00,5.1,--,32,16319,买盘
1647,10:07:54,5.1,--,61,31109,买盘
1648,10:07:48,5.1,--,80,40800,买盘
1649,10:07:45,5.1,--,4,2039,买盘
1650,10:07:42,5.1,0.01,40,20400,买盘
1651,10:07:39,5.09,-0.01,11,5599,卖盘
1652,10:07:36,5.1,--,3,1530,买盘
1653,10:07:30,5.1,--,15,7649,买盘
1654,10:07:27,5.1,--,1000,509999,买盘
1655,10:07:21,5.1,--,13,6629,买盘
1656,10:07:18,5.1,--,57,29069,买盘
1657,10:07:15,5.1,--,54,27539,买盘
1658,10:07:12,5.1,--,7,3569,买盘
1659,10:07:06,5.1,0.01,4,2039,买盘
1660,10:07:03,5.09,--,21,10689,卖盘
1661,10:06:33,5.09,--,100,50900,卖盘
1662,10:06:24,5.09,--,7,3563,卖盘
1663,10:06:15,5.09,--,66,33594,卖盘
1664,10:06:09,5.09,--,15,7635,卖盘
1665,10:06:00,5.09,--,30,15270,卖盘
1666,10:05:45,5.09,--,207,105566,买盘
1667,10:05:42,5.09,--,107,54463,买盘
1668,10:05:39,5.09,--,525,267225,买盘
1669,10:05:33,5.09,--,235,119615,买盘
1670,10:05:30,5.09,--,200,101800,买盘
1671,10:05:27,5.09,0.01,1,509,买盘
1672,10:05:24,5.08,-0.01,11,5588,卖盘
1673,10:05:21,5.09,--,4,2036,买盘
1674,10:05:18,5.09,--,10,5090,买盘
1675,10:05:15,5.09,--,302,153718,买盘
1676,10:05:09,5.09,--,4,2036,买盘
1677,10:05:06,5.09,--,9,4581,买盘
1678,10:04:57,5.09,0.01,27,13743,买盘
1679,10:04:51,5.08,-0.01,1,508,卖盘
1680,10:04:42,5.09,--,102,51918,买盘
1681,10:04:39,5.09,--,3,1527,买盘
1682,10:04:21,5.09,--,158,80422,买盘
1683,10:04:12,5.09,--,10,5090,买盘
1684,10:04:09,5.09,--,10,5090,买盘
1685,10:03:54,5.09,--,102,51918,买盘
1686,10:03:48,5.09,--,8,4072,买盘
1687,10:03:42,5.09,--,199,101291,买盘
1688,10:03:39,5.09,--,5,2545,买盘
1689,10:03:33,5.09,--,50,25450,买盘
1690,10:03:30,5.09,0.01,2,1018,买盘
1691,10:03:12,5.08,-0.01,93,47244,卖盘
1692,10:03:09,5.09,0.01,10,5090,买盘
1693,10:02:57,5.08,--,56,28448,卖盘
1694,10:02:51,5.08,--,23,11684,卖盘
1695,10:02:48,5.08,--,157,79756,卖盘
1696,10:02:42,5.08,-0.01,57,28956,卖盘
1697,10:02:30,5.09,--,395,201055,买盘
1698,10:02:21,5.09,--,45,22905,买盘
1699,10:02:18,5.09,--,30,15270,买盘
1700,10:02:00,5.09,--,8,4072,买盘
1701,10:01:42,5.09,--,81,41534,卖盘
1702,10:01:33,5.09,--,67,34103,卖盘
1703,10:01:30,5.09,--,115,58535,卖盘
1704,10:01:15,5.09,--,175,89278,买盘
1705,10:01:00,5.09,--,6,3054,买盘
1706,10:00:54,5.09,0.01,538,273842,买盘
1707,10:00:48,5.08,--,2,1016,卖盘
1708,10:00:42,5.08,--,1,508,卖盘
1709,10:00:39,5.08,-0.01,527,267716,卖盘
1710,10:00:30,5.09,0.01,50,25450,买盘
1711,10:00:27,5.08,-0.01,50,25400,卖盘
1712,10:00:24,5.09,--,65,33085,买盘
1713,10:00:21,5.09,--,400,203600,买盘
1714,10:00:15,5.09,--,99,50391,买盘
1715,09:59:57,5.09,--,20,10180,买盘
1716,09:59:51,5.09,--,78,39702,买盘
1717,09:59:45,5.09,0.01,8,4072,买盘
1718,09:59:39,5.08,-0.01,100,50800,卖盘
1719,09:59:30,5.09,0.01,35,17815,买盘
1720,09:59:27,5.08,-0.01,568,288544,卖盘
1721,09:59:24,5.09,--,64,32576,买盘
1722,09:59:21,5.09,0.01,25,12725,买盘
1723,09:59:18,5.08,-0.01,1,508,卖盘
1724,09:59:15,5.09,0.01,186,94674,买盘
1725,09:59:12,5.08,-0.01,1,508,卖盘
1726,09:59:03,5.09,0.01,49,24941,买盘
1727,09:59:00,5.08,-0.01,140,71120,卖盘
1728,09:58:57,5.09,0.01,9,4581,买盘
1729,09:58:42,5.08,0.01,573,291338,买盘
1730,09:58:39,5.07,--,44,22308,卖盘
1731,09:58:36,5.07,--,1,507,卖盘
1732,09:58:30,5.07,-0.01,15,7605,卖盘
1733,09:58:27,5.08,--,3,1524,买盘
1734,09:58:21,5.08,--,2,1016,买盘
1735,09:58:06,5.08,0.01,3,1524,买盘
1736,09:58:00,5.07,-0.01,180,91260,卖盘
1737,09:57:57,5.08,--,98,49784,买盘
1738,09:57:54,5.08,--,88,44704,买盘
1739,09:57:51,5.08,0.01,13,6604,买盘
1740,09:57:48,5.07,-0.01,150,76050,卖盘
1741,09:57:33,5.08,0.01,21,10668,买盘
1742,09:57:27,5.07,-0.01,1,760,卖盘
1743,09:57:24,5.08,0.01,350,177800,买盘
1744,09:57:18,5.07,-0.01,60,30420,卖盘
1745,09:57:12,5.08,--,236,119888,买盘
1746,09:57:03,5.08,--,2,1016,买盘
1747,09:57:00,5.08,--,357,181356,买盘
1748,09:56:24,5.08,--,50,25400,买盘
1749,09:56:12,5.08,0.01,10,5080,买盘
1750,09:56:06,5.07,-0.01,33,16731,卖盘
1751,09:56:00,5.08,--,32,16256,买盘
1752,09:55:51,5.08,--,102,51816,买盘
1753,09:55:36,5.08,--,20,10160,买盘
1754,09:55:24,5.08,0.01,2,1016,买盘
1755,09:55:18,5.07,-0.01,10,5070,卖盘
1756,09:55:15,5.08,--,10,5080,买盘
1757,09:55:06,5.08,--,67,34036,卖盘
1758,09:55:00,5.08,--,25,12700,卖盘
1759,09:54:57,5.08,--,30,15240,卖盘
1760,09:54:54,5.08,--,20,10160,卖盘
1761,09:54:39,5.08,--,247,125476,买盘
1762,09:54:30,5.08,--,47,23876,买盘
1763,09:54:27,5.08,--,80,40640,买盘
1764,09:54:21,5.08,--,4,2032,买盘
1765,09:54:15,5.08,--,250,127000,买盘
1766,09:54:09,5.08,--,23,11684,买盘
1767,09:54:03,5.08,--,10,5080,买盘
1768,09:53:57,5.08,--,100,50800,买盘
1769,09:53:51,5.08,--,3,1524,买盘
1770,09:53:39,5.08,--,407,206756,买盘
1771,09:53:27,5.08,--,250,127000,买盘
1772,09:53:21,5.08,--,10,5080,买盘
1773,09:53:12,5.08,--,410,208280,买盘
1774,09:53:06,5.08,--,9,4572,买盘
1775,09:53:00,5.08,--,1,508,买盘
1776,09:52:57,5.08,--,1,508,买盘
1777,09:52:54,5.08,--,100,50800,买盘
1778,09:52:45,5.08,--,24,12192,买盘
1779,09:52:42,5.08,--,4,2032,买盘
1780,09:52:39,5.08,--,776,394208,卖盘
1781,09:52:33,5.08,--,70,35560,卖盘
1782,09:52:30,5.08,--,358,181864,买盘
1783,09:52:27,5.08,--,5,2540,买盘
1784,09:52:17,5.08,--,39,19812,买盘
1785,09:52:11,5.08,0.01,198,100584,买盘
1786,09:52:08,5.07,-0.01,204,103823,卖盘
1787,09:52:02,5.08,--,50,25400,买盘
1788,09:51:56,5.08,--,106,53848,买盘
1789,09:51:53,5.08,--,50,25400,买盘
1790,09:51:50,5.08,--,6,3048,买盘
1791,09:51:47,5.08,--,10,5080,买盘
1792,09:51:44,5.08,--,40,20320,买盘
1793,09:51:38,5.08,--,31,15748,买盘
1794,09:51:35,5.08,--,10,5080,买盘
1795,09:51:26,5.08,--,6,3048,买盘
1796,09:51:23,5.08,--,50,25400,买盘
1797,09:51:20,5.08,--,101,51308,买盘
1798,09:51:14,5.08,0.01,1000,508000,买盘
1799,09:51:08,5.07,-0.01,35,17745,卖盘
1800,09:50:41,5.08,0.01,90,45720,买盘
1801,09:50:26,5.07,--,260,131820,买盘
1802,09:50:23,5.07,0.01,22,11154,买盘
1803,09:50:20,5.06,-0.01,118,59707,卖盘
1804,09:50:17,5.07,--,51,25857,买盘
1805,09:50:14,5.07,--,10,5070,买盘
1806,09:50:11,5.07,--,10,5070,买盘
1807,09:50:05,5.07,--,80,40560,买盘
1808,09:50:02,5.07,--,31,15717,买盘
1809,09:49:56,5.07,--,100,50700,买盘
1810,09:49:53,5.07,0.01,819,415233,买盘
1811,09:49:47,5.06,-0.01,1,505,卖盘
1812,09:49:38,5.07,--,127,64389,买盘
1813,09:49:32,5.07,--,30,15210,买盘
1814,09:49:20,5.07,--,42,21294,买盘
1815,09:49:14,5.07,--,20,10140,买盘
1816,09:49:05,5.07,0.01,9,4563,买盘
1817,09:49:02,5.06,-0.01,20,10120,卖盘
1818,09:48:56,5.07,--,20,10140,买盘
1819,09:48:47,5.07,0.01,74,37518,买盘
1820,09:48:35,5.06,-0.01,18,9108,卖盘
1821,09:48:14,5.07,--,39,19773,买盘
1822,09:48:08,5.07,--,30,15210,买盘
1823,09:48:02,5.07,0.01,10,5070,买盘
1824,09:47:59,5.06,--,10,5060,卖盘
1825,09:47:56,5.06,-0.01,102,51611,卖盘
1826,09:47:47,5.07,0.01,26,13182,买盘
1827,09:47:38,5.06,--,133,67298,卖盘
1828,09:47:26,5.06,-0.01,4,2023,卖盘
1829,09:47:17,5.07,--,12,6084,买盘
1830,09:47:11,5.07,--,300,152100,买盘
1831,09:47:08,5.07,0.01,55,27885,买盘
1832,09:46:53,5.06,--,90,45540,卖盘
1833,09:46:50,5.06,--,168,85008,卖盘
1834,09:46:38,5.06,-0.01,2,1011,卖盘
1835,09:46:32,5.07,--,263,133341,买盘
1836,09:46:26,5.07,--,21,10647,买盘
1837,09:46:20,5.07,--,60,30420,买盘
1838,09:46:14,5.07,--,2,1014,买盘
1839,09:46:11,5.07,0.01,100,50700,买盘
1840,09:46:08,5.06,-0.01,4,2023,卖盘
1841,09:46:02,5.07,0.01,200,101400,买盘
1842,09:45:59,5.06,-0.01,3,1517,卖盘
1843,09:45:50,5.07,--,10,5070,买盘
1844,09:45:44,5.07,0.01,210,106470,买盘
1845,09:45:32,5.06,--,10,5060,卖盘
1846,09:45:26,5.06,--,2,1011,卖盘
1847,09:45:20,5.06,-0.01,58,29347,卖盘
1848,09:45:14,5.07,0.01,1,507,买盘
1849,09:45:08,5.06,--,40,20240,卖盘
1850,09:44:56,5.06,--,48,24287,卖盘
1851,09:44:47,5.06,--,10,5060,卖盘
1852,09:44:44,5.06,-0.01,34,17204,卖盘
1853,09:44:41,5.07,0.01,1,507,买盘
1854,09:44:38,5.06,--,1,505,卖盘
1855,09:44:26,5.06,-0.01,6,3035,卖盘
1856,09:44:23,5.07,0.01,3,1521,买盘
1857,09:44:20,5.06,--,1,505,卖盘
1858,09:44:02,5.06,0.01,5,2530,买盘
1859,09:43:56,5.05,-0.01,64,32320,卖盘
1860,09:43:50,5.06,0.01,60,30359,买盘
1861,09:43:47,5.05,-0.01,190,95950,卖盘
1862,09:43:35,5.06,--,5,2530,买盘
1863,09:43:32,5.06,--,6,3035,买盘
1864,09:43:14,5.06,--,2,1011,买盘
1865,09:43:11,5.06,--,30,15179,买盘
1866,09:42:53,5.06,--,32,16191,买盘
1867,09:42:50,5.06,--,15,7589,买盘
1868,09:42:44,5.06,--,125,63249,买盘
1869,09:42:38,5.06,--,2,1011,买盘
1870,09:42:35,5.06,--,3,1517,买盘
1871,09:42:32,5.06,--,76,38456,买盘
1872,09:42:29,5.06,--,149,75394,卖盘
1873,09:42:08,5.06,-0.01,33,16698,卖盘
1874,09:41:59,5.07,--,2,1014,买盘
1875,09:41:53,5.07,0.01,60,30420,买盘
1876,09:41:47,5.06,--,79,39974,卖盘
1877,09:41:38,5.06,--,2,1011,卖盘
1878,09:41:32,5.06,--,30,15179,卖盘
1879,09:41:20,5.06,--,50,25299,卖盘
1880,09:41:11,5.06,--,83,41998,卖盘
1881,09:41:08,5.06,-0.01,80,40480,卖盘
1882,09:41:05,5.07,0.01,15,7605,买盘
1883,09:41:02,5.06,-0.01,10,5060,卖盘
1884,09:40:59,5.07,--,50,25350,买盘
1885,09:40:56,5.07,0.01,10,5070,买盘
1886,09:40:53,5.06,--,10,5060,卖盘
1887,09:40:50,5.06,--,100,50599,卖盘
1888,09:40:47,5.06,--,100,50599,卖盘
1889,09:40:41,5.06,--,2,1011,卖盘
1890,09:40:38,5.06,--,60,30359,卖盘
1891,09:40:35,5.06,-0.01,41,20746,卖盘
1892,09:40:29,5.07,0.01,2,1014,买盘
1893,09:40:20,5.06,--,89,45034,买盘
1894,09:40:14,5.06,--,38,19228,买盘
1895,09:40:11,5.06,--,601,304106,买盘
1896,09:40:08,5.06,0.01,16,8095,买盘
1897,09:40:02,5.05,-0.01,12,6060,卖盘
1898,09:39:59,5.06,0.01,100,50599,买盘
1899,09:39:53,5.05,-0.01,2,1010,卖盘
1900,09:39:50,5.06,0.01,60,30359,买盘
1901,09:39:44,5.05,--,49,24745,卖盘
1902,09:39:41,5.05,--,50,25250,卖盘
1903,09:39:38,5.05,--,90,45450,买盘
1904,09:39:32,5.05,--,37,18685,买盘
1905,09:39:23,5.05,--,43,21715,买盘
1906,09:39:14,5.05,--,390,196950,卖盘
1907,09:39:11,5.05,-0.01,47,23735,卖盘
1908,09:39:05,5.06,0.01,400,202399,买盘
1909,09:39:02,5.05,-0.01,20,10100,卖盘
1910,09:38:56,5.06,--,10,5060,买盘
1911,09:38:53,5.06,0.01,84,42504,买盘
1912,09:38:50,5.05,-0.01,100,50500,卖盘
1913,09:38:41,5.06,0.01,309,156354,买盘
1914,09:38:38,5.05,0.01,85,42925,买盘
1915,09:38:32,5.04,--,100,50400,卖盘
1916,09:38:23,5.04,-0.01,44,22176,卖盘
1917,09:38:20,5.05,--,1016,513080,买盘
1918,09:38:05,5.05,--,40,20200,买盘
1919,09:38:02,5.05,--,92,46460,买盘
1920,09:37:59,5.05,0.01,30,15150,买盘
1921,09:37:50,5.04,-0.01,10,5040,卖盘
1922,09:37:47,5.05,--,10,5050,买盘
1923,09:37:44,5.05,0.01,80,40400,买盘
1924,09:37:38,5.04,--,1,504,卖盘
1925,09:37:35,5.04,--,22,11088,卖盘
1926,09:37:26,5.04,--,4,2016,卖盘
1927,09:37:11,5.04,-0.01,20,10080,卖盘
1928,09:37:08,5.05,-0.01,39,19695,中性盘
1929,09:37:05,5.06,0.01,13,6577,买盘
1930,09:36:59,5.05,--,74,37370,卖盘
1931,09:36:56,5.05,--,27,13635,卖盘
1932,09:36:53,5.05,--,20,10100,卖盘
1933,09:36:50,5.05,--,37,18685,卖盘
1934,09:36:47,5.05,0.01,716,361580,买盘
1935,09:36:44,5.04,--,2,1008,卖盘
1936,09:36:35,5.04,-0.01,40,20160,卖盘
1937,09:36:32,5.05,--,10,5050,买盘
1938,09:36:23,5.05,--,382,192910,卖盘
1939,09:36:14,5.05,--,10,5050,卖盘
1940,09:36:08,5.05,-0.01,813,410565,卖盘
1941,09:36:02,5.06,0.01,5,2530,买盘
1942,09:35:59,5.05,-0.01,1,505,卖盘
1943,09:35:56,5.06,--,5,2530,卖盘
1944,09:35:53,5.06,--,697,352682,买盘
1945,09:35:50,5.06,--,6,3035,买盘
1946,09:35:47,5.06,0.01,2,1011,买盘
1947,09:35:44,5.05,--,7,3535,卖盘
1948,09:35:41,5.05,-0.01,82,41410,卖盘
1949,09:35:32,5.06,0.01,390,197339,买盘
1950,09:35:29,5.05,-0.01,19,9595,卖盘
1951,09:35:26,5.06,--,206,104235,买盘
1952,09:35:17,5.06,0.01,20,10120,买盘
1953,09:35:14,5.05,-0.01,10,5050,卖盘
1954,09:35:11,5.06,--,36,18216,买盘
1955,09:35:02,5.06,0.01,35,17710,买盘
1956,09:34:56,5.05,-0.01,30,15150,卖盘
1957,09:34:50,5.06,--,49,24793,买盘
1958,09:34:44,5.06,0.01,1,505,买盘
1959,09:34:41,5.05,-0.01,1,505,卖盘
1960,09:34:38,5.06,--,30,15179,买盘
1961,09:34:28,5.06,0.01,7,3541,买盘
1962,09:34:25,5.05,--,15,7575,卖盘
1963,09:34:19,5.05,-0.01,34,17170,卖盘
1964,09:34:16,5.06,--,150,75900,买盘
1965,09:34:07,5.06,0.01,60,30359,买盘
1966,09:34:04,5.05,-0.01,6,3030,卖盘
1967,09:34:01,5.06,--,10,5060,买盘
1968,09:33:58,5.06,0.01,10,5060,买盘
1969,09:33:52,5.05,--,50,25250,卖盘
1970,09:33:43,5.05,-0.01,24,12120,卖盘
1971,09:33:37,5.06,--,70,35420,买盘
1972,09:33:25,5.06,0.01,80,40480,买盘
1973,09:33:16,5.05,-0.01,11,5555,卖盘
1974,09:33:01,5.06,--,27,13661,买盘
1975,09:32:58,5.06,--,22,11132,卖盘
1976,09:32:52,5.06,--,7,3541,卖盘
1977,09:32:43,5.06,--,121,61225,卖盘
1978,09:32:40,5.06,--,42,21252,卖盘
1979,09:32:37,5.06,-0.01,256,129535,卖盘
1980,09:32:34,5.07,0.01,2,1014,买盘
1981,09:32:28,5.06,-0.01,100,50599,卖盘
1982,09:32:19,5.07,--,5,2535,买盘
1983,09:32:13,5.07,--,10,5070,买盘
1984,09:32:10,5.07,--,12,6084,买盘
1985,09:32:04,5.07,0.01,15,7605,买盘
1986,09:32:01,5.06,-0.01,20,10120,卖盘
1987,09:31:58,5.07,--,90,45630,买盘
1988,09:31:52,5.07,--,1,507,买盘
1989,09:31:49,5.07,--,24,12168,买盘
1990,09:31:46,5.07,0.01,80,40560,买盘
1991,09:31:43,5.06,-0.01,13,6577,卖盘
1992,09:31:37,5.07,0.01,50,25350,买盘
1993,09:31:34,5.06,-0.01,133,67298,卖盘
1994,09:31:28,5.07,--,50,25350,买盘
1995,09:31:25,5.07,--,50,25350,买盘
1996,09:31:22,5.07,-0.01,93,47151,卖盘
1997,09:31:13,5.08,--,100,50800,买盘
1998,09:31:07,5.08,0.01,589,299212,买盘
1999,09:31:04,5.07,--,250,126750,卖盘
2000,09:31:01,5.07,-0.01,64,32448,卖盘
2001,09:30:58,5.08,0.01,54,27432,买盘
2002,09:30:55,5.07,-0.01,10,5070,卖盘
2003,09:30:52,5.08,0.01,250,127000,买盘
2004,09:30:49,5.07,--,21,10647,卖盘
2005,09:30:46,5.07,--,43,21801,卖盘
2006,09:30:40,5.07,--,26,13182,卖盘
2007,09:30:28,5.07,--,30,15210,卖盘
2008,09:30:19,5.07,-0.01,95,48165,卖盘
2009,09:30:16,5.08,0.01,10,5080,买盘
2010,09:30:13,5.07,--,20,10140,卖盘
2011,09:30:07,5.07,-0.01,20,10140,卖盘
2012,09:30:04,5.08,0.01,1263,641604,买盘
2013,09:26:10,5.07,--,0,0,买盘
2014,09:25:07,5.07,5.07,389,197223,买盘
