,time,price,change,volume,amount,type
0,15:00:22,8.38,-0.01,2746,2301148,卖盘
1,14:58:16,8.39,--,0,0,买盘
2,14:57:01,8.39,0.01,120,100680,卖盘
3,14:56:58,8.38,--,51,42738,卖盘
4,14:56:55,8.38,-0.01,93,77934,卖盘
5,14:56:52,8.39,0.01,40,33560,买盘
6,14:56:49,8.38,--,285,238830,卖盘
7,14:56:46,8.38,-0.01,40,33520,卖盘
8,14:56:37,8.39,--,40,33560,买盘
9,14:56:34,8.39,0.01,50,41950,买盘
10,14:56:31,8.38,--,4,3352,卖盘
11,14:56:28,8.38,--,51,42738,卖盘
12,14:56:25,8.38,--,54,45252,卖盘
13,14:56:22,8.38,--,10,8380,卖盘
14,14:56:07,8.38,--,490,410620,买盘
15,14:56:01,8.38,0.01,82,68716,买盘
16,14:55:58,8.37,--,56,46871,卖盘
17,14:55:49,8.37,-0.01,1010,845369,卖盘
18,14:55:46,8.38,--,19,15922,买盘
19,14:55:40,8.38,0.01,20,16760,买盘
20,14:55:37,8.37,-0.01,22,18414,卖盘
21,14:55:28,8.38,0.01,51,42738,买盘
22,14:55:22,8.37,--,13,10880,卖盘
23,14:55:16,8.37,-0.01,13,10880,卖盘
24,14:55:13,8.38,0.01,112,93856,买盘
25,14:55:10,8.37,--,2,1673,卖盘
26,14:55:07,8.37,-0.01,12,10043,卖盘
27,14:55:01,8.38,0.01,77,64526,买盘
28,14:54:58,8.37,-0.01,38,31805,卖盘
29,14:54:52,8.38,0.01,53,44414,买盘
30,14:54:49,8.37,--,81,67797,卖盘
31,14:54:43,8.37,-0.01,55,46034,卖盘
32,14:54:40,8.38,--,45,37710,买盘
33,14:54:34,8.38,--,74,62012,买盘
34,14:54:25,8.38,--,156,130728,买盘
35,14:54:22,8.38,--,40,33520,买盘
36,14:54:19,8.38,0.01,70,58660,买盘
37,14:54:16,8.37,-0.01,6,5021,卖盘
38,14:54:13,8.38,--,10,8380,买盘
39,14:54:07,8.38,--,427,357826,卖盘
40,14:54:04,8.38,--,31,25978,卖盘
41,14:53:58,8.38,--,20,16760,卖盘
42,14:53:55,8.38,0.01,12,10056,卖盘
43,14:53:49,8.37,-0.01,450,376649,卖盘
44,14:53:43,8.38,--,15,12570,卖盘
45,14:53:40,8.38,--,141,118158,卖盘
46,14:53:37,8.38,--,50,41900,买盘
47,14:53:34,8.38,--,567,475146,买盘
48,14:53:31,8.38,0.01,30,25140,买盘
49,14:53:25,8.37,--,21,17577,卖盘
50,14:53:19,8.37,--,30,25109,卖盘
51,14:53:07,8.37,--,85,71145,卖盘
52,14:53:04,8.37,-0.01,66,55241,中性盘
53,14:52:55,8.38,0.01,1484,1243592,买盘
54,14:52:52,8.37,--,488,408455,卖盘
55,14:52:49,8.37,-0.01,24,20087,卖盘
56,14:52:46,8.38,0.01,2,1676,买盘
57,14:52:43,8.37,--,23,19251,卖盘
58,14:52:34,8.37,--,300,251099,卖盘
59,14:52:31,8.37,--,511,427706,买盘
60,14:52:28,8.37,--,20,16740,买盘
61,14:52:22,8.37,--,23,19251,买盘
62,14:52:16,8.37,0.01,38,31805,买盘
63,14:52:13,8.36,--,300,250799,卖盘
64,14:52:10,8.36,--,2,1672,卖盘
65,14:52:04,8.36,--,11,9196,卖盘
66,14:52:01,8.36,--,273,228227,买盘
67,14:51:58,8.36,--,281,234915,买盘
68,14:51:55,8.36,--,72,60191,买盘
69,14:51:52,8.36,--,35,29259,买盘
70,14:51:49,8.36,--,2,1672,买盘
71,14:51:40,8.36,0.01,66,55175,买盘
72,14:51:31,8.35,-0.01,20,16700,卖盘
73,14:51:22,8.36,0.01,30,25080,买盘
74,14:51:13,8.35,-0.01,30,25050,卖盘
75,14:51:10,8.36,--,111,92796,买盘
76,14:51:07,8.36,--,23,19228,买盘
77,14:51:04,8.36,0.01,2,1672,买盘
78,14:50:52,8.35,-0.01,132,110220,卖盘
79,14:50:49,8.36,0.01,74,61863,买盘
80,14:50:46,8.35,--,2,1670,卖盘
81,14:50:40,8.35,-0.01,50,41750,卖盘
82,14:50:34,8.36,--,10,8360,买盘
83,14:50:31,8.36,--,50,41800,买盘
84,14:50:13,8.36,--,60,50160,买盘
85,14:50:01,8.36,--,2,1672,买盘
86,14:49:55,8.36,--,10,8360,买盘
87,14:49:52,8.36,--,10,8360,买盘
88,14:49:46,8.36,--,86,71896,卖盘
89,14:49:34,8.36,-0.01,530,443079,卖盘
90,14:49:31,8.37,--,3,2510,买盘
91,14:49:22,8.37,0.01,180,150660,买盘
92,14:49:19,8.36,-0.01,17,14211,卖盘
93,14:49:16,8.37,--,9,7532,买盘
94,14:49:07,8.37,0.01,25,20924,买盘
95,14:48:58,8.36,-0.01,70,58519,卖盘
96,14:48:43,8.37,--,15,12554,买盘
97,14:48:40,8.37,--,116,97091,买盘
98,14:48:28,8.37,0.01,20,16740,买盘
99,14:48:25,8.36,-0.01,16,13376,卖盘
100,14:48:22,8.37,--,10,8370,买盘
101,14:48:19,8.37,--,39,32642,买盘
102,14:48:10,8.37,--,151,126386,买盘
103,14:48:07,8.37,--,10,8370,买盘
104,14:47:57,8.37,--,50,41849,买盘
105,14:47:54,8.37,--,46,38502,买盘
106,14:47:51,8.37,--,39,32642,买盘
107,14:47:45,8.37,0.01,140,117179,买盘
108,14:47:42,8.36,-0.01,13,10868,卖盘
109,14:47:36,8.37,0.01,1265,1058805,买盘
110,14:47:30,8.36,--,2,1672,卖盘
111,14:47:27,8.36,--,9,7523,买盘
112,14:47:24,8.36,--,132,110351,买盘
113,14:47:12,8.36,0.01,26,21736,买盘
114,14:47:09,8.35,-0.01,55,45925,卖盘
115,14:47:03,8.36,--,169,141284,买盘
116,14:47:00,8.36,--,50,41800,买盘
117,14:46:57,8.36,--,195,163020,卖盘
118,14:46:48,8.36,--,421,351956,买盘
119,14:46:45,8.36,--,16,13376,买盘
120,14:46:36,8.36,--,35,29259,买盘
121,14:46:33,8.36,--,357,298452,买盘
122,14:46:27,8.36,0.01,17,14211,买盘
123,14:46:18,8.35,--,20,16700,卖盘
124,14:46:15,8.35,--,121,101035,卖盘
125,14:46:06,8.35,--,100,83500,卖盘
126,14:46:03,8.35,-0.01,18,15030,卖盘
127,14:46:00,8.36,0.01,193,161348,买盘
128,14:45:57,8.35,--,947,790745,买盘
129,14:45:54,8.35,--,250,208750,买盘
130,14:45:45,8.35,--,1000,835000,买盘
131,14:45:18,8.35,--,6,5010,买盘
132,14:45:15,8.35,--,241,201235,买盘
133,14:45:12,8.35,0.01,6,5010,买盘
134,14:44:51,8.34,-0.01,215,179310,卖盘
135,14:44:48,8.35,0.01,15,12525,买盘
136,14:44:45,8.34,-0.01,16,13344,卖盘
137,14:44:36,8.35,0.01,103,86005,买盘
138,14:44:27,8.34,--,10,8340,卖盘
139,14:44:12,8.34,--,200,166800,卖盘
140,14:44:06,8.34,--,45,37530,卖盘
141,14:44:00,8.34,-0.01,60,50040,卖盘
142,14:43:51,8.35,--,11,9185,买盘
143,14:43:48,8.35,--,52,43420,买盘
144,14:43:45,8.35,0.01,21,17535,买盘
145,14:43:36,8.34,-0.01,5,4170,卖盘
146,14:43:24,8.35,0.01,19,15865,买盘
147,14:43:15,8.34,--,56,46704,卖盘
148,14:43:12,8.34,-0.01,200,166800,卖盘
149,14:43:06,8.35,0.01,10,8350,买盘
150,14:43:00,8.34,--,42,35028,卖盘
151,14:42:48,8.34,--,244,203496,卖盘
152,14:42:42,8.34,--,113,94242,卖盘
153,14:42:36,8.34,--,14,11676,卖盘
154,14:42:24,8.34,--,10,8340,卖盘
155,14:42:09,8.34,-0.01,35,29190,卖盘
156,14:42:03,8.35,0.01,47,39245,买盘
157,14:42:00,8.34,--,5,4170,卖盘
158,14:41:57,8.34,--,228,190152,卖盘
159,14:41:45,8.34,--,10,8340,卖盘
160,14:41:30,8.34,--,136,113424,卖盘
161,14:41:27,8.34,--,50,41700,卖盘
162,14:41:03,8.34,--,24,20016,卖盘
163,14:40:57,8.34,--,11,9174,卖盘
164,14:40:51,8.34,-0.01,60,50040,卖盘
165,14:40:45,8.35,0.01,27,22545,买盘
166,14:40:39,8.34,--,109,91648,买盘
167,14:40:36,8.34,--,12,10008,买盘
168,14:40:33,8.34,--,15,12510,买盘
169,14:40:27,8.34,--,10,8340,买盘
170,14:40:24,8.34,--,176,146875,卖盘
171,14:40:21,8.34,-0.01,10,8340,卖盘
172,14:40:09,8.35,0.01,1133,946055,买盘
173,14:40:03,8.34,--,60,50040,卖盘
174,14:39:45,8.34,-0.01,1,834,卖盘
175,14:39:42,8.35,0.01,30,25050,买盘
176,14:39:36,8.34,--,2,1668,卖盘
177,14:39:33,8.34,--,136,113424,卖盘
178,14:39:30,8.34,-0.01,10,8340,卖盘
179,14:39:27,8.35,--,10,8350,买盘
180,14:39:21,8.35,0.01,30,25050,买盘
181,14:39:06,8.34,-0.01,43,35862,卖盘
182,14:39:03,8.35,--,15,12525,买盘
183,14:38:57,8.35,0.01,18,15030,买盘
184,14:38:45,8.34,--,50,41700,卖盘
185,14:38:39,8.34,-0.01,5,4170,卖盘
186,14:38:33,8.35,--,31,25885,买盘
187,14:38:24,8.35,0.01,100,83500,买盘
188,14:38:18,8.34,-0.01,139,115926,卖盘
189,14:38:06,8.35,0.01,4,3340,买盘
190,14:37:45,8.34,-0.01,50,41700,卖盘
191,14:37:30,8.35,0.01,5,4175,买盘
192,14:37:21,8.34,--,25,20850,卖盘
193,14:37:18,8.34,--,100,83400,卖盘
194,14:37:12,8.34,-0.01,37,30858,卖盘
195,14:37:09,8.35,0.01,20,16700,买盘
196,14:37:06,8.34,-0.01,26,21684,卖盘
197,14:37:03,8.35,--,10,8350,买盘
198,14:36:57,8.35,0.01,14,11690,买盘
199,14:36:54,8.34,--,10,8340,卖盘
200,14:36:51,8.34,--,1,834,卖盘
201,14:36:36,8.34,--,500,417000,卖盘
202,14:36:30,8.34,-0.01,18,15012,卖盘
203,14:36:21,8.35,0.01,100,83500,买盘
204,14:36:15,8.34,--,12,10008,卖盘
205,14:36:09,8.34,--,150,125100,卖盘
206,14:36:00,8.34,-0.01,67,55878,卖盘
207,14:35:51,8.35,0.01,3,2505,买盘
208,14:35:48,8.34,--,25,20850,卖盘
209,14:35:39,8.34,-0.01,681,567954,卖盘
210,14:35:36,8.35,--,273,227955,买盘
211,14:35:33,8.35,0.01,5,4175,买盘
212,14:35:24,8.34,-0.01,3,2502,卖盘
213,14:35:12,8.35,--,20,16700,买盘
214,14:35:09,8.35,--,1101,919335,卖盘
215,14:35:06,8.35,--,11,9185,卖盘
216,14:35:03,8.35,--,577,481795,卖盘
217,14:35:00,8.35,--,10,8350,卖盘
218,14:34:54,8.35,--,50,41750,卖盘
219,14:34:51,8.35,--,132,110220,卖盘
220,14:34:45,8.35,--,10,8350,卖盘
221,14:34:42,8.35,--,21,17535,卖盘
222,14:34:36,8.35,--,279,232965,买盘
223,14:34:33,8.35,--,14,11690,买盘
224,14:34:27,8.35,--,41,34235,卖盘
225,14:34:24,8.35,--,100,83500,卖盘
226,14:34:21,8.35,-0.01,23,19205,卖盘
227,14:34:18,8.36,0.01,530,443079,买盘
228,14:34:15,8.35,--,200,167000,卖盘
229,14:34:00,8.35,--,30,25050,卖盘
230,14:33:51,8.35,--,1,835,卖盘
231,14:33:39,8.35,--,102,85170,卖盘
232,14:33:15,8.35,-0.01,5,4175,卖盘
233,14:33:06,8.36,0.01,4,3344,买盘
234,14:33:00,8.35,-0.01,50,41750,卖盘
235,14:32:54,8.36,0.01,250,209000,买盘
236,14:32:39,8.35,--,50,41750,卖盘
237,14:32:30,8.35,--,10,8350,卖盘
238,14:32:24,8.35,--,3,2505,卖盘
239,14:32:21,8.35,--,51,42585,卖盘
240,14:32:06,8.35,--,54,45090,卖盘
241,14:32:00,8.35,-0.01,3,2505,卖盘
242,14:31:57,8.36,0.01,7,5852,买盘
243,14:31:42,8.35,--,45,37575,卖盘
244,14:31:30,8.35,-0.01,1,835,卖盘
245,14:31:15,8.36,--,206,172216,买盘
246,14:31:06,8.36,0.01,32,26752,买盘
247,14:30:57,8.35,--,50,41750,卖盘
248,14:30:54,8.35,--,130,108550,卖盘
249,14:30:48,8.35,--,10,8350,卖盘
250,14:30:45,8.35,--,24,20040,卖盘
251,14:30:36,8.35,--,234,195390,买盘
252,14:30:30,8.35,--,177,147795,买盘
253,14:30:27,8.35,0.01,195,162825,买盘
254,14:30:15,8.34,-0.01,55,45870,卖盘
255,14:30:00,8.35,0.01,3,2505,买盘
256,14:29:57,8.34,-0.01,51,42534,卖盘
257,14:29:54,8.35,--,13,10855,买盘
258,14:29:48,8.35,--,21,17535,卖盘
259,14:29:45,8.35,--,110,91850,卖盘
260,14:29:36,8.35,--,800,668000,卖盘
261,14:29:27,8.35,--,10,8350,卖盘
262,14:29:24,8.35,-0.01,403,336505,卖盘
263,14:29:15,8.36,--,30,25080,买盘
264,14:29:12,8.36,--,20,16720,买盘
265,14:29:06,8.36,0.01,78,65207,买盘
266,14:29:03,8.35,--,5,4175,卖盘
267,14:28:54,8.35,-0.01,150,125250,卖盘
268,14:28:42,8.36,0.01,12,10032,买盘
269,14:28:36,8.35,-0.01,10,8350,卖盘
270,14:28:33,8.36,--,68,56847,买盘
271,14:28:30,8.36,0.01,258,215687,买盘
272,14:28:21,8.35,-0.01,5,4175,卖盘
273,14:28:18,8.36,0.01,30,25080,买盘
274,14:28:12,8.35,--,17,14195,卖盘
275,14:28:09,8.35,--,156,130260,卖盘
276,14:28:03,8.35,--,100,83500,卖盘
277,14:28:00,8.35,--,325,271375,买盘
278,14:27:54,8.35,--,45,37575,买盘
279,14:27:48,8.35,--,59,49265,买盘
280,14:27:45,8.35,--,110,91850,买盘
281,14:27:36,8.35,--,115,96025,买盘
282,14:27:33,8.35,--,20,16700,买盘
283,14:27:27,8.35,--,30,25050,买盘
284,14:27:21,8.35,--,10,8350,买盘
285,14:27:18,8.35,--,29,24215,买盘
286,14:27:06,8.35,--,222,185370,买盘
287,14:26:59,8.35,--,20,16700,买盘
288,14:26:56,8.35,--,1121,936035,买盘
289,14:26:53,8.35,0.01,50,41750,买盘
290,14:26:47,8.34,-0.01,40,33360,卖盘
291,14:26:38,8.35,0.01,3,2505,买盘
292,14:26:35,8.34,--,10,8340,卖盘
293,14:26:29,8.34,-0.01,10,8340,卖盘
294,14:26:26,8.35,--,6,5010,买盘
295,14:26:23,8.35,--,4,3340,买盘
296,14:26:20,8.35,--,56,46760,买盘
297,14:26:14,8.35,--,11,9185,买盘
298,14:25:53,8.35,--,10,8350,买盘
299,14:25:47,8.35,--,101,84335,买盘
300,14:25:41,8.35,--,121,101035,买盘
301,14:25:29,8.35,0.01,1,835,买盘
302,14:25:26,8.34,--,876,731326,买盘
303,14:25:20,8.34,--,101,84234,买盘
304,14:25:08,8.34,--,137,114258,买盘
305,14:25:05,8.34,--,38,31692,买盘
306,14:24:59,8.34,--,1,834,买盘
307,14:24:53,8.34,--,48,40032,买盘
308,14:24:50,8.34,--,120,100080,买盘
309,14:24:47,8.34,--,51,42534,买盘
310,14:24:41,8.34,--,122,101748,买盘
311,14:24:35,8.34,0.01,1,834,买盘
312,14:24:29,8.33,--,30,24990,卖盘
313,14:24:26,8.33,--,20,16660,卖盘
314,14:24:23,8.33,--,20,16660,卖盘
315,14:24:17,8.33,-0.01,13,10829,卖盘
316,14:24:14,8.34,0.01,1,834,买盘
317,14:24:11,8.33,--,34,28322,卖盘
318,14:23:53,8.33,--,5,4165,卖盘
319,14:23:50,8.33,--,444,370143,买盘
320,14:23:38,8.33,--,58,48314,买盘
321,14:23:35,8.33,--,60,49980,买盘
322,14:23:32,8.33,--,177,147441,买盘
323,14:23:29,8.33,--,1,833,买盘
324,14:23:26,8.33,--,88,73304,买盘
325,14:23:17,8.33,--,16,13328,买盘
326,14:23:11,8.33,0.01,1,833,买盘
327,14:23:05,8.32,-0.01,2,1664,卖盘
328,14:23:02,8.33,--,10,8330,买盘
329,14:22:59,8.33,--,10,8330,买盘
330,14:22:50,8.33,0.01,40,33320,买盘
331,14:22:44,8.32,-0.01,20,16640,卖盘
332,14:22:35,8.33,--,1,833,买盘
333,14:22:23,8.33,0.01,1,833,买盘
334,14:22:20,8.32,-0.01,100,83200,卖盘
335,14:22:14,8.33,--,1,833,买盘
336,14:22:05,8.33,--,1,833,买盘
337,14:21:50,8.33,--,1,833,买盘
338,14:21:41,8.33,0.01,1,833,买盘
339,14:21:38,8.32,-0.01,7,5824,卖盘
340,14:21:35,8.33,--,47,39151,买盘
341,14:21:32,8.33,--,46,38318,买盘
342,14:21:20,8.33,0.01,7,5831,买盘
343,14:21:17,8.32,-0.01,10,8320,卖盘
344,14:21:08,8.33,--,1,833,买盘
345,14:21:05,8.33,--,4,3332,买盘
346,14:21:02,8.33,--,127,105791,买盘
347,14:20:59,8.33,--,173,144109,买盘
348,14:20:56,8.33,--,1,833,买盘
349,14:20:50,8.33,--,10,8330,买盘
350,14:20:47,8.33,--,12,9996,买盘
351,14:20:41,8.33,--,16,13328,买盘
352,14:20:38,8.33,--,20,16660,买盘
353,14:20:35,8.33,--,6,4998,买盘
354,14:20:26,8.33,--,61,50813,买盘
355,14:20:11,8.33,--,71,59143,买盘
356,14:19:50,8.33,--,1,833,买盘
357,14:19:38,8.33,0.01,1,833,买盘
358,14:19:35,8.32,--,10,8320,卖盘
359,14:19:32,8.32,-0.01,200,166400,卖盘
360,14:19:29,8.33,0.01,1,833,买盘
361,14:19:26,8.32,-0.01,60,49920,卖盘
362,14:19:17,8.33,0.01,1,833,买盘
363,14:19:14,8.32,-0.01,687,571584,卖盘
364,14:19:05,8.33,--,61,50813,买盘
365,14:18:53,8.33,--,1,833,买盘
366,14:18:44,8.33,--,1,833,买盘
367,14:18:41,8.33,--,10,8330,买盘
368,14:18:32,8.33,--,1,833,买盘
369,14:18:29,8.33,--,41,34153,买盘
370,14:18:14,8.33,0.01,1,833,买盘
371,14:18:11,8.32,-0.01,1,832,卖盘
372,14:18:08,8.33,--,5,4165,买盘
373,14:17:59,8.33,--,1,833,买盘
374,14:17:50,8.33,0.01,6,4998,买盘
375,14:17:47,8.32,-0.01,4,3328,卖盘
376,14:17:38,8.33,--,1,833,买盘
377,14:17:26,8.33,0.01,1,833,买盘
378,14:17:23,8.32,-0.01,200,166400,卖盘
379,14:17:17,8.33,0.01,1,833,买盘
380,14:17:11,8.32,-0.01,229,190528,卖盘
381,14:17:02,8.33,--,8,6664,买盘
382,14:16:59,8.33,--,1,833,买盘
383,14:16:44,8.33,--,46,38318,买盘
384,14:16:32,8.33,0.01,1,833,买盘
385,14:16:26,8.32,--,20,16640,卖盘
386,14:16:23,8.32,--,17,14144,卖盘
387,14:16:17,8.32,-0.01,20,16640,卖盘
388,14:16:14,8.33,--,11,9163,买盘
389,14:15:59,8.33,--,13,10829,买盘
390,14:15:47,8.33,0.01,1,833,买盘
391,14:15:38,8.32,-0.01,54,44928,卖盘
392,14:15:29,8.33,--,1,833,买盘
393,14:15:26,8.33,0.01,6,4998,买盘
394,14:15:23,8.32,--,80,66560,卖盘
395,14:15:17,8.32,-0.01,20,16640,卖盘
396,14:15:02,8.33,--,25,20825,买盘
397,14:14:56,8.33,--,147,122451,买盘
398,14:14:41,8.33,--,1,833,买盘
399,14:14:17,8.33,--,31,25823,买盘
400,14:14:14,8.33,0.01,12,9996,买盘
401,14:14:11,8.32,-0.01,5,4160,卖盘
402,14:14:05,8.33,--,106,88298,买盘
403,14:13:53,8.33,--,1,833,买盘
404,14:13:44,8.33,--,1,833,买盘
405,14:13:38,8.33,--,31,25823,买盘
406,14:13:17,8.33,--,41,34153,卖盘
407,14:13:05,8.33,--,219,182427,买盘
408,14:13:02,8.33,0.01,19,15827,买盘
409,14:12:53,8.32,-0.01,100,83200,卖盘
410,14:12:50,8.33,--,222,184926,买盘
411,14:12:44,8.33,0.01,10,8330,买盘
412,14:12:35,8.32,-0.01,25,20800,卖盘
413,14:12:29,8.33,--,181,150773,买盘
414,14:12:17,8.33,--,1,833,买盘
415,14:12:14,8.33,--,297,247401,买盘
416,14:12:08,8.33,0.01,110,91630,买盘
417,14:11:47,8.32,-0.01,15,12480,卖盘
418,14:11:41,8.33,--,1,833,买盘
419,14:11:35,8.33,0.01,1,833,买盘
420,14:11:32,8.32,--,20,16640,卖盘
421,14:11:20,8.32,-0.01,75,62400,卖盘
422,14:11:05,8.33,0.01,21,17493,买盘
423,14:11:02,8.32,--,112,93184,卖盘
424,14:10:44,8.32,--,202,168064,买盘
425,14:10:41,8.32,--,30,24960,买盘
426,14:10:38,8.32,--,315,262080,买盘
427,14:10:35,8.32,--,55,45760,买盘
428,14:10:32,8.32,--,5,4160,买盘
429,14:10:29,8.32,--,24,19968,买盘
430,14:10:23,8.32,--,50,41600,买盘
431,14:10:20,8.32,--,80,66560,买盘
432,14:10:17,8.32,--,22,18304,买盘
433,14:10:14,8.32,--,10,8320,买盘
434,14:10:08,8.32,--,16,13312,买盘
435,14:10:05,8.32,--,99,82368,买盘
436,14:09:59,8.32,--,1,832,买盘
437,14:09:56,8.32,--,1,832,买盘
438,14:09:50,8.32,--,1,832,买盘
439,14:09:38,8.32,0.01,20,16640,买盘
440,14:09:29,8.31,-0.01,1,831,卖盘
441,14:09:26,8.32,0.01,1,832,买盘
442,14:09:23,8.31,-0.01,75,62325,卖盘
443,14:09:17,8.32,--,1,832,买盘
444,14:09:14,8.32,--,1,832,买盘
445,14:09:05,8.32,--,30,24960,买盘
446,14:09:02,8.32,--,1,832,买盘
447,14:08:59,8.32,--,26,21632,买盘
448,14:08:53,8.32,--,2,1664,买盘
449,14:08:47,8.32,--,1,832,买盘
450,14:08:41,8.32,0.01,21,17472,买盘
451,14:08:29,8.31,-0.01,60,49860,卖盘
452,14:08:26,8.32,--,23,19136,买盘
453,14:08:20,8.32,--,1,832,买盘
454,14:08:08,8.32,0.01,20,16640,买盘
455,14:08:05,8.31,--,2,1662,卖盘
456,14:08:02,8.31,-0.01,5,4155,卖盘
457,14:07:56,8.32,--,1,832,买盘
458,14:07:50,8.32,0.01,1,832,买盘
459,14:07:38,8.31,--,346,287526,卖盘
460,14:07:35,8.31,-0.01,10,8310,卖盘
461,14:07:32,8.32,0.01,21,17472,买盘
462,14:07:29,8.31,--,9,7479,卖盘
463,14:07:26,8.31,-0.01,20,16620,卖盘
464,14:07:23,8.32,0.01,1,832,买盘
465,14:07:16,8.31,--,20,16620,卖盘
466,14:07:10,8.31,-0.01,64,53184,卖盘
467,14:07:04,8.32,0.01,6,4992,买盘
468,14:07:01,8.31,-0.01,20,16620,卖盘
469,14:06:58,8.32,0.01,10,8320,买盘
470,14:06:52,8.31,--,20,16620,卖盘
471,14:06:49,8.31,-0.01,131,108861,卖盘
472,14:06:46,8.32,--,1,832,买盘
473,14:06:43,8.32,0.01,6,4992,买盘
474,14:06:40,8.31,--,112,93072,卖盘
475,14:06:31,8.31,--,3,2493,卖盘
476,14:06:28,8.31,-0.01,618,513558,卖盘
477,14:06:22,8.32,--,544,452608,买盘
478,14:06:16,8.32,-0.01,63,52416,卖盘
479,14:06:13,8.33,0.01,1,833,买盘
480,14:06:10,8.32,-0.01,3,2496,卖盘
481,14:06:04,8.33,0.01,1,833,买盘
482,14:05:58,8.32,--,763,634816,卖盘
483,14:05:55,8.32,--,20,16640,卖盘
484,14:05:52,8.32,--,1,832,卖盘
485,14:05:49,8.32,--,100,83200,卖盘
486,14:05:28,8.32,-0.01,12,9984,卖盘
487,14:05:22,8.33,0.01,6,4998,买盘
488,14:05:19,8.32,-0.01,1,832,卖盘
489,14:05:16,8.33,--,11,9163,买盘
490,14:05:10,8.33,0.01,1,833,买盘
491,14:05:01,8.32,-0.01,7,5824,卖盘
492,14:04:58,8.33,--,1,833,买盘
493,14:04:46,8.33,--,1,833,买盘
494,14:04:37,8.33,0.01,11,9163,买盘
495,14:04:28,8.32,-0.01,24,19968,卖盘
496,14:04:25,8.33,0.01,1,833,买盘
497,14:04:22,8.32,-0.01,10,8320,卖盘
498,14:04:13,8.33,0.01,23,19159,买盘
499,14:04:04,8.32,-0.01,113,94016,卖盘
500,14:04:01,8.33,--,1,833,买盘
501,14:03:52,8.33,--,1,833,买盘
502,14:03:46,8.33,--,6,4998,买盘
503,14:03:43,8.33,--,1,833,买盘
504,14:03:37,8.33,0.01,147,122451,买盘
505,14:03:34,8.32,-0.01,1,832,卖盘
506,14:03:31,8.33,0.01,20,16660,买盘
507,14:03:16,8.32,-0.01,5,4160,卖盘
508,14:03:10,8.33,0.01,30,24990,买盘
509,14:02:58,8.32,--,5,4160,卖盘
510,14:02:49,8.32,-0.01,13,10816,卖盘
511,14:02:46,8.33,0.01,1,833,买盘
512,14:02:43,8.32,--,40,33280,卖盘
513,14:02:28,8.32,--,10,8320,卖盘
514,14:02:16,8.32,-0.01,10,8320,卖盘
515,14:02:13,8.33,--,17,14161,买盘
516,14:02:04,8.33,--,178,148274,卖盘
517,14:02:01,8.33,-0.01,550,458150,卖盘
518,14:01:49,8.34,0.01,2,1668,买盘
519,14:01:46,8.33,-0.01,550,458150,卖盘
520,14:01:43,8.34,0.01,17,14178,买盘
521,14:01:37,8.33,-0.01,1,833,卖盘
522,14:01:28,8.34,0.01,1,834,买盘
523,14:01:22,8.33,-0.01,10,8330,卖盘
524,14:01:10,8.34,--,8,6672,买盘
525,14:01:01,8.34,0.01,30,25020,买盘
526,14:00:58,8.33,--,1,833,卖盘
527,14:00:43,8.33,-0.01,11,9163,卖盘
528,14:00:40,8.34,--,1,834,买盘
529,14:00:34,8.34,--,5,4170,买盘
530,14:00:31,8.34,--,10,8340,买盘
531,14:00:28,8.34,--,50,41700,买盘
532,14:00:25,8.34,--,14,11676,买盘
533,14:00:16,8.34,--,2,1668,买盘
534,14:00:01,8.34,--,1,834,买盘
535,13:59:49,8.34,0.01,1,834,买盘
536,13:59:40,8.33,--,70,58310,卖盘
537,13:59:34,8.33,-0.01,142,118286,卖盘
538,13:59:25,8.34,--,80,66720,买盘
539,13:59:19,8.34,0.01,182,151788,买盘
540,13:59:16,8.33,-0.01,10,8330,卖盘
541,13:59:13,8.34,0.01,1,834,买盘
542,13:59:07,8.33,--,426,354858,买盘
543,13:59:04,8.33,--,1,833,买盘
544,13:59:01,8.33,--,110,91630,买盘
545,13:58:49,8.33,--,32,26656,买盘
546,13:58:43,8.33,--,1,833,买盘
547,13:58:40,8.33,--,22,18326,买盘
548,13:58:37,8.33,--,1,833,买盘
549,13:58:19,8.33,0.01,25,20825,买盘
550,13:58:10,8.32,-0.01,6,4992,卖盘
551,13:58:07,8.33,0.01,10,8330,买盘
552,13:57:58,8.32,-0.01,41,34112,卖盘
553,13:57:52,8.33,0.01,30,24990,买盘
554,13:57:49,8.32,--,34,28288,卖盘
555,13:57:40,8.32,-0.01,1,832,卖盘
556,13:57:31,8.33,0.01,1,833,买盘
557,13:57:28,8.32,-0.01,66,54912,卖盘
558,13:57:19,8.33,0.01,1,833,买盘
559,13:57:10,8.32,-0.01,3,2496,卖盘
560,13:57:07,8.33,0.01,13,10829,买盘
561,13:57:01,8.32,-0.01,57,47424,卖盘
562,13:56:58,8.33,--,1,833,买盘
563,13:56:55,8.33,0.01,2,1666,买盘
564,13:56:52,8.32,-0.01,1,832,卖盘
565,13:56:49,8.33,0.01,40,33320,买盘
566,13:56:46,8.32,-0.01,1,832,卖盘
567,13:56:40,8.33,0.01,1,833,买盘
568,13:56:37,8.32,-0.01,30,24960,卖盘
569,13:56:34,8.33,--,2,1666,买盘
570,13:56:22,8.33,0.01,10,8330,买盘
571,13:56:19,8.32,-0.01,70,58240,卖盘
572,13:56:10,8.33,--,146,121618,买盘
573,13:56:04,8.33,--,50,41650,买盘
574,13:56:01,8.33,--,11,9163,买盘
575,13:55:52,8.33,0.01,20,16660,买盘
576,13:55:49,8.32,-0.01,4,3328,卖盘
577,13:55:46,8.33,--,2,1666,买盘
578,13:55:37,8.33,0.01,4,3332,买盘
579,13:55:34,8.32,--,9,7488,卖盘
580,13:55:25,8.32,--,150,124800,卖盘
581,13:55:22,8.32,-0.01,70,58240,卖盘
582,13:55:19,8.33,--,2,1666,买盘
583,13:55:13,8.33,--,1,833,买盘
584,13:54:58,8.33,--,28,23324,买盘
585,13:54:49,8.33,-0.01,126,104958,卖盘
586,13:54:46,8.34,--,4,3336,买盘
587,13:54:43,8.34,--,5,4170,买盘
588,13:54:37,8.34,--,1,834,买盘
589,13:54:34,8.34,--,24,20107,卖盘
590,13:54:28,8.34,-0.01,560,467040,卖盘
591,13:54:25,8.35,--,1,835,买盘
592,13:54:19,8.35,--,46,38410,买盘
593,13:54:16,8.35,0.01,1,835,买盘
594,13:54:10,8.34,-0.01,45,37530,卖盘
595,13:54:07,8.35,0.01,10,8350,买盘
596,13:53:58,8.34,--,51,42534,卖盘
597,13:53:52,8.34,--,10,8340,卖盘
598,13:53:49,8.34,--,207,172638,卖盘
599,13:53:46,8.34,--,700,583800,卖盘
600,13:53:43,8.34,--,63,52542,卖盘
601,13:53:40,8.34,-0.01,50,41700,卖盘
602,13:53:37,8.35,--,4,3340,买盘
603,13:53:34,8.35,--,1,835,买盘
604,13:53:28,8.35,0.01,20,16700,买盘
605,13:53:25,8.34,--,64,53376,卖盘
606,13:53:10,8.34,--,20,16680,卖盘
607,13:53:07,8.34,-0.01,456,380304,卖盘
608,13:53:04,8.35,0.02,1296,1082903,买盘
609,13:52:43,8.33,--,2,1666,买盘
610,13:52:37,8.33,--,1,833,买盘
611,13:52:34,8.33,--,3,2499,买盘
612,13:52:19,8.33,--,1,833,买盘
613,13:52:10,8.33,--,1,833,买盘
614,13:52:07,8.33,--,182,151606,卖盘
615,13:51:55,8.33,--,4,3332,卖盘
616,13:51:52,8.33,--,530,441490,卖盘
617,13:51:43,8.33,-0.01,224,186592,卖盘
618,13:51:34,8.34,0.01,2,1668,买盘
619,13:51:28,8.33,--,418,348194,买盘
620,13:51:22,8.33,--,3,2499,买盘
621,13:51:16,8.33,--,1,833,买盘
622,13:51:10,8.33,-0.01,101,84133,卖盘
623,13:51:07,8.34,--,2,1668,买盘
624,13:51:04,8.34,--,12,10008,买盘
625,13:51:01,8.34,--,10,8340,买盘
626,13:50:58,8.34,0.01,51,42534,买盘
627,13:50:55,8.33,-0.01,400,333200,卖盘
628,13:50:46,8.34,--,2,1668,买盘
629,13:50:43,8.34,--,44,36696,买盘
630,13:50:28,8.34,--,11,9174,买盘
631,13:50:16,8.34,--,30,25020,买盘
632,13:50:13,8.34,--,10,8340,买盘
633,13:50:10,8.34,--,6,5004,买盘
634,13:50:07,8.34,--,30,25020,买盘
635,13:50:01,8.34,--,9,7506,买盘
636,13:49:52,8.34,--,120,100080,买盘
637,13:49:49,8.34,--,11,9174,买盘
638,13:49:37,8.34,--,73,60882,买盘
639,13:49:31,8.34,--,250,208500,买盘
640,13:49:25,8.34,--,3,2502,买盘
641,13:49:19,8.34,--,35,29190,买盘
642,13:49:13,8.34,--,20,16680,买盘
643,13:49:01,8.34,--,72,60048,买盘
644,13:48:55,8.34,--,80,66720,买盘
645,13:48:52,8.34,--,11,9174,买盘
646,13:48:49,8.34,--,123,102582,买盘
647,13:48:46,8.34,--,6,5004,买盘
648,13:48:43,8.34,--,1,834,买盘
649,13:48:31,8.34,--,275,229350,买盘
650,13:48:18,8.34,--,1,834,买盘
651,13:48:06,8.34,--,3,2502,买盘
652,13:47:57,8.34,--,164,136776,买盘
653,13:47:42,8.34,--,29,24186,买盘
654,13:47:39,8.34,--,2,1668,买盘
655,13:47:36,8.34,0.01,2,1668,买盘
656,13:47:30,8.33,--,1,833,卖盘
657,13:47:21,8.33,--,200,166600,卖盘
658,13:47:15,8.33,--,50,41650,中性盘
659,13:47:09,8.33,--,17,14161,买盘
660,13:47:00,8.33,--,30,24990,买盘
661,13:46:57,8.33,--,33,27489,买盘
662,13:46:51,8.33,--,13,10829,买盘
663,13:46:39,8.33,--,1,833,买盘
664,13:46:33,8.33,--,15,12495,买盘
665,13:46:27,8.33,--,10,8330,买盘
666,13:46:24,8.33,0.01,10,8330,买盘
667,13:46:21,8.32,-0.01,50,41600,卖盘
668,13:46:18,8.33,--,2,1666,买盘
669,13:46:15,8.33,--,3,2499,买盘
670,13:46:12,8.33,--,5,4165,买盘
671,13:46:09,8.33,0.01,10,8330,买盘
672,13:46:03,8.32,--,100,83200,卖盘
673,13:45:54,8.32,--,10,8320,卖盘
674,13:45:42,8.32,-0.01,36,29952,卖盘
675,13:45:39,8.33,--,10,8330,买盘
676,13:45:36,8.33,--,47,39151,买盘
677,13:45:33,8.33,0.01,4,3332,买盘
678,13:45:30,8.32,-0.01,45,37440,卖盘
679,13:45:27,8.33,0.01,5,4165,买盘
680,13:45:24,8.32,-0.01,2,1664,卖盘
681,13:45:21,8.33,0.01,52,43316,买盘
682,13:45:09,8.32,-0.01,38,31616,卖盘
683,13:45:06,8.33,0.01,1,833,买盘
684,13:45:00,8.32,-0.01,42,34944,卖盘
685,13:44:57,8.33,--,1,833,买盘
686,13:44:51,8.33,0.01,1,833,买盘
687,13:44:48,8.32,-0.01,129,107328,卖盘
688,13:44:42,8.33,0.01,31,25823,买盘
689,13:44:36,8.32,-0.01,41,34112,卖盘
690,13:44:33,8.33,--,15,12495,买盘
691,13:44:30,8.33,0.01,50,41650,中性盘
692,13:44:24,8.32,-0.01,44,36608,卖盘
693,13:44:18,8.33,-0.01,36,29988,卖盘
694,13:44:12,8.34,--,5,4170,买盘
695,13:44:06,8.34,0.01,1,834,买盘
696,13:44:03,8.33,--,42,34986,卖盘
697,13:44:00,8.33,--,99,82467,买盘
698,13:43:57,8.33,--,111,92463,买盘
699,13:43:54,8.33,--,1,833,买盘
700,13:43:51,8.33,--,45,37485,买盘
701,13:43:39,8.33,--,6,4998,买盘
702,13:43:36,8.33,-0.01,88,73304,卖盘
703,13:43:30,8.34,0.01,1,834,买盘
704,13:43:18,8.33,--,141,117453,买盘
705,13:43:12,8.33,-0.01,10,8330,中性盘
706,13:43:06,8.34,0.01,263,219342,买盘
707,13:43:03,8.33,0.01,5,4165,买盘
708,13:43:00,8.32,-0.01,15,12480,卖盘
709,13:42:54,8.33,--,1,833,买盘
710,13:42:51,8.33,--,168,139944,卖盘
711,13:42:45,8.33,-0.01,3,2499,卖盘
712,13:42:42,8.34,0.01,51,42534,买盘
713,13:42:15,8.33,--,315,262395,买盘
714,13:42:09,8.33,--,3,2499,买盘
715,13:42:06,8.33,--,115,95795,买盘
716,13:42:03,8.33,--,1,833,买盘
717,13:41:54,8.33,0.01,1,833,买盘
718,13:41:45,8.32,-0.01,39,32448,卖盘
719,13:41:42,8.33,--,45,37485,买盘
720,13:41:36,8.33,--,121,100793,买盘
721,13:41:27,8.33,0.01,1,833,买盘
722,13:41:21,8.32,-0.01,13,10816,卖盘
723,13:41:06,8.33,--,1,833,买盘
724,13:41:00,8.33,--,1,833,买盘
725,13:40:54,8.33,0.01,1,833,买盘
726,13:40:45,8.32,-0.01,7,5824,中性盘
727,13:40:42,8.33,0.01,2,1666,买盘
728,13:40:39,8.32,--,122,101504,买盘
729,13:40:36,8.32,--,12,9984,买盘
730,13:40:33,8.32,--,238,198016,买盘
731,13:40:30,8.32,--,20,16640,买盘
732,13:40:21,8.32,--,200,166400,买盘
733,13:40:12,8.32,0.01,329,273728,买盘
734,13:40:06,8.31,--,1,831,卖盘
735,13:39:54,8.31,-0.01,6,4986,卖盘
736,13:39:51,8.32,0.01,5,4160,买盘
737,13:39:48,8.31,--,5,4155,卖盘
738,13:39:45,8.31,-0.01,22,18282,卖盘
739,13:39:36,8.32,--,1,832,买盘
740,13:39:30,8.32,--,10,8320,买盘
741,13:39:27,8.32,--,4,3328,买盘
742,13:39:21,8.32,--,3,2496,买盘
743,13:39:06,8.32,--,130,108160,买盘
744,13:38:57,8.32,--,19,15808,买盘
745,13:38:51,8.32,0.01,1,832,买盘
746,13:38:45,8.31,-0.01,50,41550,卖盘
747,13:38:36,8.32,--,1,832,买盘
748,13:38:27,8.32,--,1,832,买盘
749,13:38:15,8.32,--,1,832,买盘
750,13:38:12,8.32,--,7,5824,卖盘
751,13:38:09,8.32,--,43,35776,买盘
752,13:38:06,8.32,--,22,18304,买盘
753,13:38:03,8.32,--,70,58240,买盘
754,13:37:57,8.32,--,9,7488,买盘
755,13:37:45,8.32,-0.01,65,54080,卖盘
756,13:37:36,8.33,0.01,1,833,买盘
757,13:37:24,8.32,0.01,718,597376,买盘
758,13:37:18,8.31,-0.01,190,157890,卖盘
759,13:37:03,8.32,--,5,4160,买盘
760,13:36:57,8.32,--,34,28288,买盘
761,13:36:45,8.32,--,39,32448,卖盘
762,13:36:30,8.32,-0.01,75,62400,卖盘
763,13:36:27,8.33,0.01,6,4998,买盘
764,13:36:12,8.32,--,11,9152,买盘
765,13:36:06,8.32,--,106,88192,买盘
766,13:36:03,8.32,--,133,110656,买盘
767,13:36:00,8.32,--,39,32448,买盘
768,13:35:57,8.32,--,105,87360,买盘
769,13:35:48,8.32,--,9,7488,买盘
770,13:35:42,8.32,0.01,30,24960,买盘
771,13:35:27,8.31,--,100,83100,买盘
772,13:35:24,8.31,--,15,12465,买盘
773,13:35:18,8.31,--,20,16620,买盘
774,13:35:15,8.31,0.01,32,26592,买盘
775,13:35:12,8.3,-0.01,97,80510,卖盘
776,13:35:09,8.31,--,13,10803,买盘
777,13:35:00,8.31,0.01,6,4986,买盘
778,13:34:57,8.3,-0.01,104,86320,卖盘
779,13:34:54,8.31,--,10,8310,买盘
780,13:34:51,8.31,--,1,831,买盘
781,13:34:48,8.31,--,20,16620,买盘
782,13:34:39,8.31,--,11,9141,买盘
783,13:34:36,8.31,--,1,831,买盘
784,13:34:33,8.31,--,60,49860,买盘
785,13:34:30,8.31,0.01,38,31578,买盘
786,13:34:27,8.3,-0.01,225,186750,卖盘
787,13:34:18,8.31,0.01,267,221877,买盘
788,13:34:12,8.3,-0.01,13,10790,卖盘
789,13:34:09,8.31,--,47,39057,买盘
790,13:34:06,8.31,--,20,16620,买盘
791,13:34:00,8.31,--,812,674772,卖盘
792,13:33:54,8.31,-0.01,14,11634,卖盘
793,13:33:45,8.32,--,10,8320,买盘
794,13:33:42,8.32,--,5,4160,买盘
795,13:33:36,8.32,--,51,42432,买盘
796,13:33:33,8.32,--,1,832,买盘
797,13:33:30,8.32,0.01,20,16640,买盘
798,13:33:27,8.31,--,51,42381,卖盘
799,13:33:24,8.31,-0.01,7,5817,卖盘
800,13:33:21,8.32,--,8,6656,卖盘
801,13:33:18,8.32,0.01,2,1664,买盘
802,13:33:15,8.31,-0.01,10,8310,卖盘
803,13:33:09,8.32,--,93,77376,买盘
804,13:33:06,8.32,--,1,832,买盘
805,13:33:03,8.32,--,68,56576,买盘
806,13:32:57,8.32,--,10,8320,买盘
807,13:32:54,8.32,--,35,29120,买盘
808,13:32:42,8.32,--,11,9152,买盘
809,13:32:39,8.32,-0.01,300,249600,卖盘
810,13:32:30,8.33,0.01,6,4998,买盘
811,13:32:27,8.32,--,56,46592,卖盘
812,13:32:21,8.32,-0.01,50,41600,卖盘
813,13:32:18,8.33,0.01,76,63308,买盘
814,13:32:15,8.32,--,4,3328,卖盘
815,13:32:12,8.32,--,90,74880,卖盘
816,13:32:00,8.32,--,50,41600,卖盘
817,13:31:57,8.32,-0.01,8,6656,卖盘
818,13:31:51,8.33,--,1,833,买盘
819,13:31:39,8.33,--,5,4165,买盘
820,13:31:33,8.33,--,1,833,买盘
821,13:31:24,8.33,--,1,833,买盘
822,13:31:21,8.33,--,175,145775,卖盘
823,13:31:15,8.33,-0.01,5,4165,卖盘
824,13:31:03,8.34,--,320,266880,买盘
825,13:30:54,8.34,--,1,834,买盘
826,13:30:51,8.34,0.01,85,70890,买盘
827,13:30:48,8.33,--,3,2499,买盘
828,13:30:45,8.33,0.01,3,2499,卖盘
829,13:30:42,8.32,-0.02,20,16640,卖盘
830,13:30:39,8.34,0.01,64,53376,买盘
831,13:30:33,8.33,--,1,833,买盘
832,13:30:30,8.33,-0.01,262,218246,卖盘
833,13:30:21,8.34,0.01,14,11676,买盘
834,13:30:18,8.33,-0.01,6,4998,卖盘
835,13:30:12,8.34,--,36,30024,买盘
836,13:30:09,8.34,0.01,1,834,买盘
837,13:30:03,8.33,-0.01,10,8330,卖盘
838,13:30:00,8.34,--,11,9174,买盘
839,13:29:57,8.34,0.01,22,18348,买盘
840,13:29:51,8.33,--,10,8330,卖盘
841,13:29:42,8.33,--,11,9163,卖盘
842,13:29:36,8.33,--,11,9163,卖盘
843,13:29:33,8.33,--,211,175763,卖盘
844,13:29:24,8.33,-0.01,10,8330,卖盘
845,13:29:21,8.34,0.01,50,41700,买盘
846,13:29:18,8.33,--,7,5831,卖盘
847,13:29:12,8.33,--,29,24157,卖盘
848,13:29:00,8.33,-0.01,11,9163,卖盘
849,13:28:57,8.34,0.01,41,34194,买盘
850,13:28:54,8.33,-0.02,169,140777,卖盘
851,13:28:51,8.35,0.01,1,835,买盘
852,13:28:45,8.34,--,42,35028,卖盘
853,13:28:42,8.34,--,9,7506,卖盘
854,13:28:36,8.34,-0.01,21,17514,卖盘
855,13:28:33,8.35,0.01,1,835,买盘
856,13:28:27,8.34,--,10,8340,卖盘
857,13:28:18,8.34,-0.01,189,157626,卖盘
858,13:28:15,8.35,--,1,835,买盘
859,13:28:06,8.35,--,1,835,买盘
860,13:28:00,8.35,--,10,8350,买盘
861,13:27:57,8.35,--,71,59285,卖盘
862,13:27:54,8.35,-0.01,53,44255,卖盘
863,13:27:51,8.36,0.01,19,15883,买盘
864,13:27:48,8.35,--,23,19205,卖盘
865,13:27:42,8.35,--,9,7515,卖盘
866,13:27:39,8.35,-0.01,253,211255,卖盘
867,13:27:27,8.36,--,25,20900,买盘
868,13:27:20,8.36,0.01,1,836,买盘
869,13:27:14,8.35,--,3,2505,卖盘
870,13:27:11,8.35,--,2,1670,卖盘
871,13:27:05,8.35,-0.01,5,4175,卖盘
872,13:26:56,8.36,0.01,46,38456,买盘
873,13:26:47,8.35,--,80,66800,卖盘
874,13:26:44,8.35,-0.01,28,23380,卖盘
875,13:26:41,8.36,--,31,25916,买盘
876,13:26:29,8.36,0.01,3,2508,买盘
877,13:26:14,8.35,-0.01,41,34235,卖盘
878,13:26:11,8.36,0.01,5,4180,买盘
879,13:26:08,8.35,--,4,3340,卖盘
880,13:26:05,8.35,--,11,9185,卖盘
881,13:25:50,8.35,--,7,5845,卖盘
882,13:25:44,8.35,-0.01,3,2505,卖盘
883,13:25:41,8.36,--,20,16720,买盘
884,13:25:29,8.36,--,1,836,买盘
885,13:25:20,8.36,0.01,174,145464,买盘
886,13:25:17,8.35,-0.01,10,8350,卖盘
887,13:25:14,8.36,--,66,55175,买盘
888,13:25:08,8.36,--,20,16720,买盘
889,13:24:59,8.36,0.01,1,836,买盘
890,13:24:47,8.35,-0.01,32,26720,卖盘
891,13:24:44,8.36,0.01,1,836,买盘
892,13:24:38,8.35,-0.01,253,211255,卖盘
893,13:24:26,8.36,0.01,1,836,买盘
894,13:24:23,8.35,--,1,835,卖盘
895,13:24:14,8.35,--,4,3340,卖盘
896,13:24:08,8.35,-0.01,10,8350,卖盘
897,13:23:59,8.36,--,1,836,买盘
898,13:23:50,8.36,0.01,1,836,买盘
899,13:23:44,8.35,--,3,2505,卖盘
900,13:23:41,8.35,-0.01,423,353205,卖盘
901,13:23:38,8.36,--,2,1672,买盘
902,13:23:20,8.36,0.01,11,9196,买盘
903,13:23:14,8.35,-0.01,3,2505,卖盘
904,13:23:08,8.36,--,1,836,买盘
905,13:23:02,8.36,0.01,16,13376,买盘
906,13:22:56,8.35,-0.01,203,169505,卖盘
907,13:22:50,8.36,--,100,83600,买盘
908,13:22:44,8.36,--,54,45144,买盘
909,13:22:32,8.36,--,6,5016,买盘
910,13:22:23,8.36,0.01,1,836,买盘
911,13:22:14,8.35,-0.01,3,2505,卖盘
912,13:22:11,8.36,0.01,40,33440,买盘
913,13:22:05,8.35,--,21,17535,卖盘
914,13:21:56,8.35,--,24,20449,买盘
915,13:21:50,8.35,0.01,2,1670,买盘
916,13:21:47,8.34,-0.01,3,2502,卖盘
917,13:21:38,8.35,--,1,835,买盘
918,13:21:35,8.35,--,112,93520,买盘
919,13:21:32,8.35,0.01,10,8350,买盘
920,13:21:29,8.34,-0.01,10,8340,卖盘
921,13:21:26,8.35,--,1,835,买盘
922,13:21:23,8.35,--,20,16700,买盘
923,13:21:17,8.35,--,9,7515,买盘
924,13:21:11,8.35,--,2,2095,卖盘
925,13:21:05,8.35,0.01,5,4584,买盘
926,13:21:02,8.34,-0.01,10,8340,卖盘
927,13:20:56,8.35,--,1,835,买盘
928,13:20:53,8.35,--,12,10020,买盘
929,13:20:50,8.35,0.01,6,5010,买盘
930,13:20:47,8.34,-0.01,3,2502,卖盘
931,13:20:44,8.35,--,17,14195,买盘
932,13:20:41,8.35,--,2,1670,买盘
933,13:20:38,8.35,--,47,39245,买盘
934,13:20:32,8.35,0.01,1,835,买盘
935,13:20:26,8.34,-0.01,11,9174,卖盘
936,13:20:23,8.35,--,4,3340,买盘
937,13:20:20,8.35,--,10,8350,买盘
938,13:20:14,8.35,--,29,24215,买盘
939,13:20:11,8.35,--,1,835,买盘
940,13:20:05,8.35,--,20,16700,买盘
941,13:19:53,8.35,--,2,1670,买盘
942,13:19:50,8.35,0.01,8,6680,买盘
943,13:19:47,8.34,--,3,2502,卖盘
944,13:19:38,8.34,-0.01,11,9174,卖盘
945,13:19:29,8.35,--,1,835,买盘
946,13:19:17,8.35,0.01,1,835,买盘
947,13:19:14,8.34,-0.01,3,2502,卖盘
948,13:19:05,8.35,--,1,835,买盘
949,13:18:50,8.35,--,27,22970,卖盘
950,13:18:47,8.35,-0.01,6,5010,卖盘
951,13:18:44,8.36,--,1,836,买盘
952,13:18:35,8.36,--,1,836,买盘
953,13:18:23,8.36,0.01,1,836,买盘
954,13:18:14,8.35,--,43,35905,卖盘
955,13:18:11,8.35,-0.01,29,24215,卖盘
956,13:18:08,8.36,--,1,836,买盘
957,13:18:02,8.36,0.01,1,836,买盘
958,13:17:50,8.35,0.02,216,180769,买盘
959,13:17:44,8.33,-0.02,3,2499,卖盘
960,13:17:41,8.35,0.02,10,8350,买盘
961,13:17:35,8.33,-0.02,128,106624,卖盘
962,13:17:29,8.35,--,1,835,买盘
963,13:17:26,8.35,0.02,1,835,买盘
964,13:17:20,8.33,-0.02,3,2499,卖盘
965,13:17:17,8.35,0.01,1,835,买盘
966,13:17:11,8.34,-0.01,30,25020,卖盘
967,13:17:02,8.35,0.01,21,17535,买盘
968,13:16:59,8.34,--,30,25020,买盘
969,13:16:56,8.34,--,1,834,买盘
970,13:16:41,8.34,--,4,3336,买盘
971,13:16:29,8.34,-0.01,74,61716,卖盘
972,13:16:20,8.35,0.01,1,835,买盘
973,13:16:17,8.34,--,3,2502,卖盘
974,13:16:14,8.34,-0.01,20,16680,卖盘
975,13:16:08,8.35,--,3,2505,买盘
976,13:16:02,8.35,--,1,835,买盘
977,13:15:59,8.35,--,10,8350,买盘
978,13:15:53,8.35,--,21,17535,买盘
979,13:15:44,8.35,--,4,3340,买盘
980,13:15:41,8.35,--,21,17535,买盘
981,13:15:38,8.35,0.01,1,835,买盘
982,13:15:29,8.34,--,15,12510,买盘
983,13:15:26,8.34,--,20,16680,买盘
984,13:15:23,8.34,--,1,834,买盘
985,13:15:17,8.34,--,2,1668,买盘
986,13:15:14,8.34,-0.01,71,59214,卖盘
987,13:15:11,8.35,0.01,21,17535,买盘
988,13:15:02,8.34,-0.01,50,41700,卖盘
989,13:14:56,8.35,0.01,10,8350,买盘
990,13:14:44,8.34,--,53,44202,卖盘
991,13:14:32,8.34,--,50,41700,卖盘
992,13:14:26,8.34,-0.01,31,25854,卖盘
993,13:14:17,8.35,0.01,60,50100,买盘
994,13:14:14,8.34,-0.01,2,1668,卖盘
995,13:13:56,8.35,0.01,44,36740,买盘
996,13:13:53,8.34,-0.01,210,175140,卖盘
997,13:13:50,8.35,0.01,24,20040,买盘
998,13:13:47,8.34,--,3,2502,卖盘
999,13:13:44,8.34,-0.01,12,10008,卖盘
1000,13:13:35,8.35,0.01,3,2505,买盘
1001,13:13:29,8.34,--,3,2502,卖盘
1002,13:13:26,8.34,--,10,8340,卖盘
1003,13:13:23,8.34,-0.01,12,10008,卖盘
1004,13:13:20,8.35,0.01,21,17535,买盘
1005,13:13:14,8.34,--,13,10842,卖盘
1006,13:13:11,8.34,--,13,10842,卖盘
1007,13:13:08,8.34,--,71,59214,买盘
1008,13:13:05,8.34,0.01,26,21684,买盘
1009,13:13:02,8.33,--,122,101626,卖盘
1010,13:12:56,8.33,--,50,41650,卖盘
1011,13:12:47,8.33,--,22,18326,卖盘
1012,13:12:44,8.33,-0.01,3,2499,卖盘
1013,13:12:38,8.34,0.01,10,8340,买盘
1014,13:12:29,8.33,-0.01,20,16660,卖盘
1015,13:12:23,8.34,--,109,90906,买盘
1016,13:12:17,8.34,--,2,1668,买盘
1017,13:11:56,8.34,--,39,32526,卖盘
1018,13:11:47,8.34,--,3,2502,卖盘
1019,13:11:41,8.34,--,8,6672,买盘
1020,13:11:35,8.34,-0.01,55,45870,卖盘
1021,13:11:26,8.35,--,20,16700,买盘
1022,13:11:17,8.35,0.02,128,106880,买盘
1023,13:11:14,8.33,-0.01,43,35819,卖盘
1024,13:11:11,8.34,-0.01,3,2502,中性盘
1025,13:10:59,8.35,0.01,81,67635,买盘
1026,13:10:56,8.34,--,59,49631,卖盘
1027,13:10:53,8.34,--,30,25020,卖盘
1028,13:10:47,8.34,-0.01,3,2502,卖盘
1029,13:10:41,8.35,0.01,1,835,买盘
1030,13:10:38,8.34,-0.01,84,70056,卖盘
1031,13:10:32,8.35,--,120,100200,买盘
1032,13:10:29,8.35,0.01,63,52605,买盘
1033,13:10:20,8.34,--,318,265620,卖盘
1034,13:10:17,8.34,--,3,2502,卖盘
1035,13:09:44,8.34,--,3,2502,卖盘
1036,13:09:41,8.34,--,2,1668,卖盘
1037,13:09:38,8.34,--,3,2502,卖盘
1038,13:09:17,8.34,-0.01,3,2502,卖盘
1039,13:08:59,8.35,0.01,45,37575,买盘
1040,13:08:53,8.34,--,50,41700,卖盘
1041,13:08:50,8.34,-0.01,7,5838,卖盘
1042,13:08:20,8.35,--,3,2505,卖盘
1043,13:08:14,8.35,--,51,42585,买盘
1044,13:08:02,8.35,-0.01,26,21710,卖盘
1045,13:07:50,8.36,--,4,3344,买盘
1046,13:07:41,8.36,0.01,1,836,买盘
1047,13:07:38,8.35,--,2,1670,卖盘
1048,13:07:23,8.35,--,4,3340,买盘
1049,13:07:20,8.35,--,1,835,买盘
1050,13:07:17,8.35,0.01,10,8350,买盘
1051,13:07:14,8.34,-0.01,3,2502,卖盘
1052,13:07:11,8.35,0.01,80,66800,买盘
1053,13:07:05,8.34,--,20,16680,卖盘
1054,13:07:02,8.34,-0.01,20,16680,卖盘
1055,13:06:50,8.35,0.01,50,41750,买盘
1056,13:06:41,8.34,-0.01,3,2502,卖盘
1057,13:06:38,8.35,0.01,1,835,买盘
1058,13:06:35,8.34,--,46,38364,卖盘
1059,13:06:31,8.34,-0.01,1,834,卖盘
1060,13:06:28,8.35,--,1,835,买盘
1061,13:06:16,8.35,--,4,3340,买盘
1062,13:06:13,8.35,--,5,4175,买盘
1063,13:06:07,8.35,--,31,25885,买盘
1064,13:06:04,8.35,--,50,41750,买盘
1065,13:05:58,8.35,-0.01,65,54275,卖盘
1066,13:05:55,8.36,0.01,1,836,买盘
1067,13:05:46,8.35,-0.01,3,2505,卖盘
1068,13:05:31,8.36,0.01,101,84436,买盘
1069,13:05:28,8.35,--,2,1670,买盘
1070,13:05:22,8.35,--,1,835,买盘
1071,13:05:19,8.35,-0.01,27,22545,卖盘
1072,13:05:16,8.36,0.01,20,16720,买盘
1073,13:05:13,8.35,-0.01,4,3340,卖盘
1074,13:05:07,8.36,0.01,100,83600,买盘
1075,13:05:04,8.35,--,3,2505,买盘
1076,13:05:01,8.35,0.01,1,835,买盘
1077,13:04:58,8.34,-0.01,10,8340,卖盘
1078,13:04:49,8.35,--,1,835,买盘
1079,13:04:46,8.35,--,5,4175,买盘
1080,13:04:40,8.35,-0.01,16,13360,卖盘
1081,13:04:25,8.36,0.01,1,836,买盘
1082,13:04:19,8.35,-0.01,2,1670,卖盘
1083,13:04:16,8.36,0.01,35,29259,买盘
1084,13:04:13,8.35,--,4,3340,卖盘
1085,13:04:10,8.35,-0.01,10,8350,卖盘
1086,13:04:04,8.36,0.01,1,836,买盘
1087,13:03:58,8.35,--,34,28390,买盘
1088,13:03:52,8.35,--,1,835,买盘
1089,13:03:46,8.35,--,100,83500,买盘
1090,13:03:43,8.35,--,23,19205,卖盘
1091,13:03:31,8.35,-0.01,64,53440,卖盘
1092,13:03:22,8.36,0.01,1,836,买盘
1093,13:03:16,8.35,--,20,16700,卖盘
1094,13:03:13,8.35,--,3,2505,卖盘
1095,13:03:10,8.35,-0.01,6,5010,卖盘
1096,13:03:07,8.36,0.01,1,836,买盘
1097,13:02:58,8.35,--,120,100200,买盘
1098,13:02:55,8.35,--,54,45090,买盘
1099,13:02:49,8.35,--,10,8350,买盘
1100,13:02:46,8.35,0.01,2,1670,买盘
1101,13:02:43,8.34,-0.01,3,2502,卖盘
1102,13:02:40,8.35,--,43,35905,买盘
1103,13:02:28,8.35,--,1,835,买盘
1104,13:02:22,8.35,0.01,139,116065,买盘
1105,13:02:16,8.34,-0.01,7,5838,卖盘
1106,13:02:04,8.35,--,4,3340,买盘
1107,13:01:52,8.35,0.01,1,835,买盘
1108,13:01:43,8.34,-0.01,3,2502,卖盘
1109,13:01:40,8.35,--,1,835,买盘
1110,13:01:34,8.35,--,5,4175,买盘
1111,13:01:31,8.35,--,51,42585,买盘
1112,13:01:16,8.35,--,3,2505,买盘
1113,13:01:10,8.35,-0.01,14,11690,卖盘
1114,13:01:07,8.36,--,2,1672,买盘
1115,13:00:55,8.36,0.02,5,4180,买盘
1116,13:00:46,8.34,-0.02,3,2502,卖盘
1117,13:00:43,8.36,--,3,2508,买盘
1118,13:00:37,8.36,0.01,100,83600,买盘
1119,13:00:28,8.35,--,1,835,买盘
1120,13:00:19,8.35,--,22,18370,买盘
1121,13:00:16,8.35,--,131,109385,买盘
1122,13:00:10,8.35,--,69,57615,买盘
1123,13:00:07,8.35,--,81,67635,买盘
1124,13:00:04,8.35,--,180,150300,买盘
1125,11:29:56,8.35,--,100,83500,买盘
1126,11:29:53,8.35,0.02,1,835,买盘
1127,11:29:50,8.33,-0.02,6,4998,卖盘
1128,11:29:41,8.35,--,200,167000,买盘
1129,11:29:29,8.35,--,1,835,买盘
1130,11:29:26,8.35,0.01,300,250500,买盘
1131,11:29:20,8.34,--,1,834,买盘
1132,11:29:14,8.34,--,49,40866,卖盘
1133,11:29:08,8.34,-0.01,2,1668,中性盘
1134,11:28:47,8.35,--,3,2505,买盘
1135,11:28:41,8.35,--,100,83500,买盘
1136,11:28:38,8.35,--,10,8350,买盘
1137,11:28:29,8.35,0.01,34,28390,买盘
1138,11:28:23,8.34,--,2,1668,买盘
1139,11:28:20,8.34,-0.01,155,129270,卖盘
1140,11:28:14,8.35,0.01,1,835,买盘
1141,11:28:11,8.34,--,5,4170,卖盘
1142,11:28:08,8.34,-0.01,38,31692,卖盘
1143,11:28:02,8.35,--,7,5845,买盘
1144,11:27:59,8.35,--,18,15030,买盘
1145,11:27:50,8.35,0.01,1,835,买盘
1146,11:27:47,8.34,-0.01,31,25854,卖盘
1147,11:27:41,8.35,--,1,835,买盘
1148,11:27:26,8.35,--,1,835,买盘
1149,11:27:23,8.35,0.01,21,17535,买盘
1150,11:27:20,8.34,--,3,2502,买盘
1151,11:27:08,8.34,--,1,834,买盘
1152,11:26:59,8.34,-0.01,296,246864,卖盘
1153,11:26:44,8.35,--,1,835,买盘
1154,11:26:35,8.35,--,1,835,买盘
1155,11:26:26,8.35,0.01,1,835,买盘
1156,11:26:14,8.34,--,6,5004,买盘
1157,11:26:11,8.34,--,1,834,买盘
1158,11:26:08,8.34,--,2,1668,买盘
1159,11:26:05,8.34,--,2,1668,买盘
1160,11:25:59,8.34,--,5,4170,买盘
1161,11:25:56,8.34,--,21,17514,买盘
1162,11:25:53,8.34,0.01,2,1668,买盘
1163,11:25:41,8.33,-0.01,420,349860,卖盘
1164,11:25:38,8.34,--,1,834,买盘
1165,11:25:35,8.34,--,1,834,买盘
1166,11:25:29,8.34,0.01,2,1668,买盘
1167,11:25:23,8.33,--,16,13328,卖盘
1168,11:25:17,8.33,-0.01,47,39151,卖盘
1169,11:25:14,8.34,--,5,4170,卖盘
1170,11:25:02,8.34,--,23,19182,买盘
1171,11:24:59,8.34,--,1,834,买盘
1172,11:24:50,8.34,-0.01,1,834,中性盘
1173,11:24:38,8.35,0.01,1,835,买盘
1174,11:24:29,8.34,0.01,1,834,买盘
1175,11:24:26,8.33,--,100,83300,卖盘
1176,11:24:23,8.33,-0.01,10,8330,卖盘
1177,11:24:08,8.34,--,12,10008,买盘
1178,11:24:05,8.34,--,1,834,买盘
1179,11:23:56,8.34,-0.01,6,5004,卖盘
1180,11:23:50,8.35,0.01,1,835,买盘
1181,11:23:47,8.34,-0.01,200,166800,卖盘
1182,11:23:41,8.35,0.01,1,835,买盘
1183,11:23:32,8.34,--,2,1668,卖盘
1184,11:23:29,8.34,--,44,36696,卖盘
1185,11:23:26,8.34,0.01,218,181812,买盘
1186,11:23:20,8.33,--,8,6664,卖盘
1187,11:23:17,8.33,--,15,12495,卖盘
1188,11:23:11,8.33,--,3,2499,卖盘
1189,11:23:08,8.33,--,40,33320,卖盘
1190,11:23:05,8.33,--,50,41650,买盘
1191,11:22:59,8.33,--,4,3332,买盘
1192,11:22:56,8.33,--,3,2499,买盘
1193,11:22:50,8.33,-0.01,343,285719,卖盘
1194,11:22:44,8.34,--,13,10842,买盘
1195,11:22:38,8.34,--,1,834,买盘
1196,11:22:29,8.34,--,1,834,买盘
1197,11:22:17,8.34,--,2,1668,买盘
1198,11:22:14,8.34,0.01,1,834,买盘
1199,11:22:11,8.33,--,31,25823,买盘
1200,11:22:08,8.33,--,17,14161,买盘
1201,11:22:05,8.33,--,20,16660,买盘
1202,11:22:02,8.33,--,1,833,买盘
1203,11:21:50,8.33,-0.01,531,442323,卖盘
1204,11:21:41,8.34,--,1,834,买盘
1205,11:21:35,8.34,--,335,279390,卖盘
1206,11:21:32,8.34,-0.01,10,8340,卖盘
1207,11:21:29,8.35,0.01,1,835,买盘
1208,11:21:16,8.34,--,9,7506,卖盘
1209,11:21:13,8.34,-0.01,18,15012,卖盘
1210,11:21:07,8.35,--,1,835,买盘
1211,11:21:01,8.35,--,1,835,买盘
1212,11:20:58,8.35,--,1,835,买盘
1213,11:20:52,8.35,--,60,50100,中性盘
1214,11:20:46,8.35,--,2,1670,买盘
1215,11:20:43,8.35,-0.01,67,55945,卖盘
1216,11:20:37,8.36,--,3,2508,买盘
1217,11:20:31,8.36,--,1,836,买盘
1218,11:20:28,8.36,0.01,22,18392,买盘
1219,11:20:25,8.35,--,30,25050,卖盘
1220,11:20:22,8.35,-0.01,7,5845,卖盘
1221,11:20:13,8.36,--,1,836,买盘
1222,11:20:04,8.36,--,50,41800,卖盘
1223,11:20:01,8.36,--,10,8360,卖盘
1224,11:19:58,8.36,-0.01,2,1672,卖盘
1225,11:19:49,8.37,0.01,1,836,买盘
1226,11:19:46,8.36,--,38,31767,买盘
1227,11:19:40,8.36,--,51,42636,买盘
1228,11:19:37,8.36,0.01,126,105336,买盘
1229,11:19:34,8.35,-0.01,5,4175,中性盘
1230,11:19:16,8.36,--,1,836,买盘
1231,11:19:10,8.36,0.01,324,270864,买盘
1232,11:19:07,8.35,-0.01,1,835,买盘
1233,11:19:04,8.36,0.01,273,228227,买盘
1234,11:18:58,8.35,-0.01,489,408315,卖盘
1235,11:18:55,8.36,--,2,1672,买盘
1236,11:18:49,8.36,--,1,836,买盘
1237,11:18:46,8.36,--,1,836,买盘
1238,11:18:43,8.36,--,2,1672,买盘
1239,11:18:40,8.36,--,1,836,买盘
1240,11:18:37,8.36,--,1,836,买盘
1241,11:18:28,8.36,--,98,81928,买盘
1242,11:18:22,8.36,0.01,1,836,买盘
1243,11:18:13,8.35,--,20,16700,卖盘
1244,11:18:10,8.35,--,5,4175,卖盘
1245,11:17:58,8.35,--,5,4175,卖盘
1246,11:17:55,8.35,--,162,135270,买盘
1247,11:17:49,8.35,0.01,1,835,买盘
1248,11:17:46,8.34,--,10,8340,卖盘
1249,11:17:43,8.34,-0.01,3,2502,卖盘
1250,11:17:40,8.35,0.01,1,835,买盘
1251,11:17:37,8.34,--,10,8340,卖盘
1252,11:17:34,8.34,-0.01,18,15012,卖盘
1253,11:17:28,8.35,0.01,1,835,买盘
1254,11:17:25,8.34,-0.01,14,11676,卖盘
1255,11:17:19,8.35,0.01,1,835,买盘
1256,11:17:01,8.34,-0.01,10,8340,卖盘
1257,11:16:55,8.35,--,1,835,买盘
1258,11:16:52,8.35,--,49,40915,买盘
1259,11:16:43,8.35,--,1,835,买盘
1260,11:16:37,8.35,-0.01,21,17535,卖盘
1261,11:16:34,8.36,0.01,1,836,买盘
1262,11:16:31,8.35,--,58,48430,买盘
1263,11:16:22,8.35,0.01,45,37575,买盘
1264,11:16:10,8.34,-0.01,11,9174,卖盘
1265,11:15:49,8.35,--,169,141115,卖盘
1266,11:15:46,8.35,--,6,5010,卖盘
1267,11:15:43,8.35,-0.01,30,25050,卖盘
1268,11:15:37,8.36,--,1,836,买盘
1269,11:15:34,8.36,0.01,8,6688,买盘
1270,11:15:28,8.35,--,21,17535,卖盘
1271,11:15:22,8.35,--,10,8350,卖盘
1272,11:15:19,8.35,-0.01,1,835,卖盘
1273,11:15:16,8.36,0.01,1,836,买盘
1274,11:15:10,8.35,-0.01,112,93520,卖盘
1275,11:15:04,8.36,--,1,836,买盘
1276,11:14:58,8.36,--,40,33440,买盘
1277,11:14:55,8.36,0.01,1,836,买盘
1278,11:14:43,8.35,--,48,40080,卖盘
1279,11:14:37,8.35,-0.01,5,4175,卖盘
1280,11:14:34,8.36,--,24,20064,买盘
1281,11:14:31,8.36,0.01,1,836,买盘
1282,11:14:28,8.35,--,26,21710,买盘
1283,11:14:25,8.35,0.01,41,34235,买盘
1284,11:14:22,8.34,-0.01,10,8340,卖盘
1285,11:14:19,8.35,--,18,15030,卖盘
1286,11:14:13,8.35,--,78,65130,买盘
1287,11:14:10,8.35,--,1,835,买盘
1288,11:14:04,8.35,--,15,12525,买盘
1289,11:14:01,8.35,--,5,4175,买盘
1290,11:13:58,8.35,--,65,54275,卖盘
1291,11:13:52,8.35,-0.01,60,50100,卖盘
1292,11:13:49,8.36,0.01,1,836,买盘
1293,11:13:37,8.35,-0.01,30,25050,卖盘
1294,11:13:34,8.36,0.01,1,836,买盘
1295,11:13:28,8.35,-0.01,31,25885,买盘
1296,11:13:25,8.36,0.02,26,21736,买盘
1297,11:13:22,8.34,-0.01,10,8340,卖盘
1298,11:13:19,8.35,0.01,184,153640,买盘
1299,11:13:16,8.34,-0.01,40,33360,卖盘
1300,11:13:13,8.35,--,1,835,买盘
1301,11:13:10,8.35,--,26,21710,买盘
1302,11:13:01,8.35,-0.01,1,835,买盘
1303,11:12:58,8.36,0.02,59,49324,买盘
1304,11:12:52,8.34,-0.02,4,3336,卖盘
1305,11:12:49,8.36,0.02,10,8360,买盘
1306,11:12:46,8.34,-0.02,111,92574,卖盘
1307,11:12:43,8.36,0.01,1,836,买盘
1308,11:12:40,8.35,--,24,20040,买盘
1309,11:12:34,8.35,0.01,1,835,买盘
1310,11:12:25,8.34,--,2,1668,买盘
1311,11:12:22,8.34,--,8,6672,买盘
1312,11:12:10,8.34,--,23,19182,卖盘
1313,11:12:07,8.34,-0.01,64,53376,卖盘
1314,11:12:01,8.35,--,1035,864225,买盘
1315,11:11:58,8.35,0.01,1,835,买盘
1316,11:11:55,8.34,--,10,8340,卖盘
1317,11:11:49,8.34,-0.01,5,4170,卖盘
1318,11:11:46,8.35,--,50,41750,买盘
1319,11:11:37,8.35,--,1,835,买盘
1320,11:11:34,8.35,0.01,36,30060,买盘
1321,11:11:31,8.34,-0.01,100,83400,卖盘
1322,11:11:25,8.35,--,1,835,买盘
1323,11:11:13,8.35,0.01,1,835,买盘
1324,11:11:10,8.34,--,15,12510,卖盘
1325,11:11:07,8.34,--,49,40866,卖盘
1326,11:11:01,8.34,--,10,8340,卖盘
1327,11:10:58,8.34,-0.01,30,25020,卖盘
1328,11:10:52,8.35,--,51,42585,买盘
1329,11:10:43,8.35,--,1,835,买盘
1330,11:10:40,8.35,-0.01,94,78490,卖盘
1331,11:10:31,8.36,--,6,5016,买盘
1332,11:10:28,8.36,0.02,50,41800,买盘
1333,11:10:22,8.34,--,63,52542,卖盘
1334,11:10:19,8.34,--,50,41700,卖盘
1335,11:10:16,8.34,-0.02,20,16680,卖盘
1336,11:10:07,8.36,0.02,45,37620,买盘
1337,11:10:04,8.34,-0.01,7,5838,卖盘
1338,11:09:46,8.35,--,1,835,买盘
1339,11:09:43,8.35,-0.01,10,8350,买盘
1340,11:09:40,8.36,--,285,238259,买盘
1341,11:09:34,8.36,--,1,836,买盘
1342,11:09:31,8.36,--,3,2508,买盘
1343,11:09:22,8.36,--,1,836,买盘
1344,11:09:13,8.36,0.01,1,836,买盘
1345,11:09:10,8.35,-0.01,10,8350,卖盘
1346,11:09:07,8.36,--,19,15883,买盘
1347,11:09:01,8.36,0.01,1,836,买盘
1348,11:08:58,8.35,--,60,50100,卖盘
1349,11:08:49,8.35,-0.01,10,8350,卖盘
1350,11:08:43,8.36,--,10,8360,买盘
1351,11:08:37,8.36,0.01,8,6688,买盘
1352,11:08:34,8.35,-0.01,7,5845,卖盘
1353,11:08:28,8.36,--,28,23408,买盘
1354,11:08:22,8.36,--,1,836,买盘
1355,11:08:19,8.36,--,1,836,买盘
1356,11:08:16,8.36,--,32,26752,买盘
1357,11:08:10,8.36,--,1,836,买盘
1358,11:08:07,8.36,--,49,40964,买盘
1359,11:07:55,8.36,--,131,109515,买盘
1360,11:07:40,8.36,--,1,836,买盘
1361,11:07:34,8.36,--,2,1672,买盘
1362,11:07:31,8.36,--,61,50996,买盘
1363,11:07:28,8.36,--,30,25080,买盘
1364,11:07:22,8.36,--,186,155496,买盘
1365,11:07:19,8.36,--,1,836,买盘
1366,11:07:07,8.36,--,107,89452,买盘
1367,11:07:04,8.36,--,1,836,买盘
1368,11:06:49,8.36,0.01,1,836,买盘
1369,11:06:43,8.35,--,101,84335,买盘
1370,11:06:37,8.35,--,63,52605,买盘
1371,11:06:34,8.35,--,88,73480,买盘
1372,11:06:31,8.35,--,1,835,买盘
1373,11:06:25,8.35,--,312,260520,卖盘
1374,11:06:22,8.35,-0.01,43,35905,卖盘
1375,11:06:13,8.36,0.01,1,836,买盘
1376,11:06:07,8.35,--,10,8350,卖盘
1377,11:06:01,8.35,--,10,8350,卖盘
1378,11:05:55,8.35,-0.01,57,47595,卖盘
1379,11:05:52,8.36,0.01,1,836,买盘
1380,11:05:43,8.35,-0.01,21,17535,卖盘
1381,11:05:28,8.36,--,5,4180,买盘
1382,11:05:22,8.36,--,43,35948,买盘
1383,11:05:19,8.36,--,1,836,买盘
1384,11:05:16,8.36,--,18,15047,买盘
1385,11:05:13,8.36,0.01,1,836,中性盘
1386,11:05:10,8.35,-0.02,142,118570,卖盘
1387,11:05:01,8.37,0.01,116,97091,买盘
1388,11:04:58,8.36,--,144,120383,买盘
1389,11:04:55,8.36,--,64,53504,买盘
1390,11:04:52,8.36,--,54,45144,买盘
1391,11:04:49,8.36,--,2,1672,买盘
1392,11:04:46,8.36,--,3,2508,卖盘
1393,11:04:40,8.36,-0.01,300,250799,卖盘
1394,11:04:37,8.37,--,83,69471,买盘
1395,11:04:34,8.37,--,1,836,买盘
1396,11:04:31,8.37,0.01,66,55241,买盘
1397,11:04:22,8.36,-0.01,43,35948,卖盘
1398,11:04:16,8.37,--,47,39338,买盘
1399,11:04:10,8.37,--,90,75330,买盘
1400,11:04:04,8.37,0.01,85,71145,买盘
1401,11:03:58,8.36,-0.01,30,25080,卖盘
1402,11:03:52,8.37,--,94,78677,买盘
1403,11:03:49,8.37,--,11,9207,买盘
1404,11:03:46,8.37,--,50,41849,买盘
1405,11:03:43,8.37,--,63,52730,买盘
1406,11:03:37,8.37,--,1,836,买盘
1407,11:03:31,8.37,--,1,836,买盘
1408,11:03:28,8.37,--,2,1673,买盘
1409,11:03:22,8.37,--,1,836,买盘
1410,11:03:16,8.37,0.01,61,51056,买盘
1411,11:03:10,8.36,--,18,15047,买盘
1412,11:03:07,8.36,-0.01,86,71896,中性盘
1413,11:03:04,8.37,0.01,1481,1239597,买盘
1414,11:02:58,8.36,--,20,16720,买盘
1415,11:02:55,8.36,--,1,836,买盘
1416,11:02:46,8.36,--,41,34276,买盘
1417,11:02:43,8.36,--,21,17556,买盘
1418,11:02:37,8.36,0.01,30,25080,买盘
1419,11:02:25,8.35,-0.01,3,2505,卖盘
1420,11:02:19,8.36,0.01,51,42636,买盘
1421,11:02:16,8.35,--,18,15030,买盘
1422,11:02:07,8.35,--,201,167835,买盘
1423,11:02:01,8.35,--,312,260520,买盘
1424,11:01:58,8.35,--,13,10855,买盘
1425,11:01:52,8.35,--,395,329825,买盘
1426,11:01:48,8.35,--,743,620405,买盘
1427,11:01:45,8.35,--,5,4175,买盘
1428,11:01:36,8.35,0.02,295,246325,买盘
1429,11:01:33,8.33,-0.01,6,4998,卖盘
1430,11:01:27,8.34,--,101,84234,买盘
1431,11:01:15,8.34,--,61,50874,买盘
1432,11:01:12,8.34,--,2,1668,买盘
1433,11:01:09,8.34,--,20,16680,买盘
1434,11:01:06,8.34,--,63,52542,买盘
1435,11:01:03,8.34,0.01,35,29190,买盘
1436,11:01:00,8.33,-0.01,90,74970,卖盘
1437,11:00:54,8.34,--,7,5838,买盘
1438,11:00:51,8.34,--,4,3336,买盘
1439,11:00:48,8.34,0.01,342,285228,买盘
1440,11:00:45,8.33,-0.01,12,9996,卖盘
1441,11:00:42,8.34,--,3,2502,买盘
1442,11:00:39,8.34,--,1,834,买盘
1443,11:00:36,8.34,0.01,2,1668,买盘
1444,11:00:33,8.33,-0.01,12,9996,中性盘
1445,11:00:30,8.34,--,16,13344,买盘
1446,11:00:27,8.34,--,1,834,买盘
1447,11:00:24,8.34,0.01,30,25020,买盘
1448,11:00:18,8.33,--,3,2499,买盘
1449,11:00:15,8.33,--,3,2499,买盘
1450,11:00:09,8.33,--,1,833,买盘
1451,11:00:03,8.33,--,9,7497,卖盘
1452,10:59:57,8.33,--,2,1666,卖盘
1453,10:59:54,8.33,--,10,8330,卖盘
1454,10:59:51,8.33,--,20,16660,卖盘
1455,10:59:45,8.33,--,51,42483,买盘
1456,10:59:42,8.33,--,50,41650,买盘
1457,10:59:36,8.33,--,1,833,买盘
1458,10:59:30,8.33,--,2,1666,买盘
1459,10:59:27,8.33,--,16,13328,卖盘
1460,10:59:24,8.33,--,9,7497,买盘
1461,10:59:21,8.33,--,70,58310,买盘
1462,10:59:15,8.33,--,201,167433,买盘
1463,10:59:09,8.33,--,2,1666,买盘
1464,10:59:06,8.33,--,2,1666,买盘
1465,10:59:03,8.33,0.01,82,68306,买盘
1466,10:59:00,8.32,-0.01,46,38272,卖盘
1467,10:58:54,8.33,--,2,1666,买盘
1468,10:58:48,8.33,0.01,105,87465,买盘
1469,10:58:30,8.32,--,52,43264,买盘
1470,10:58:27,8.32,--,23,19136,买盘
1471,10:58:24,8.32,--,32,26624,买盘
1472,10:58:21,8.32,--,20,16640,买盘
1473,10:58:15,8.32,--,1,832,卖盘
1474,10:58:12,8.32,--,41,34112,买盘
1475,10:58:09,8.32,0.01,7,5824,买盘
1476,10:58:06,8.31,-0.01,30,24930,卖盘
1477,10:58:03,8.32,--,40,33280,买盘
1478,10:57:54,8.32,--,4,3328,买盘
1479,10:57:51,8.32,--,20,16640,卖盘
1480,10:57:48,8.32,--,8,6656,买盘
1481,10:57:42,8.32,-0.01,5,4160,中性盘
1482,10:57:39,8.33,0.01,168,139944,买盘
1483,10:57:36,8.32,-0.01,21,17472,卖盘
1484,10:57:33,8.33,0.01,6,4998,买盘
1485,10:57:27,8.32,--,30,24960,卖盘
1486,10:57:24,8.32,--,50,41600,卖盘
1487,10:57:21,8.32,-0.01,10,8320,卖盘
1488,10:57:18,8.33,--,55,45815,买盘
1489,10:57:15,8.33,--,202,168266,买盘
1490,10:57:12,8.33,--,52,43316,买盘
1491,10:57:09,8.33,--,2,1666,买盘
1492,10:57:03,8.33,0.01,79,65807,买盘
1493,10:56:54,8.32,--,20,16640,卖盘
1494,10:56:45,8.32,--,123,102336,买盘
1495,10:56:42,8.32,--,2,1664,买盘
1496,10:56:39,8.32,--,65,54080,买盘
1497,10:56:36,8.32,--,146,121472,买盘
1498,10:56:12,8.32,0.01,37,30784,买盘
1499,10:56:03,8.31,--,50,41550,卖盘
1500,10:56:00,8.31,-0.01,5,4155,卖盘
1501,10:55:57,8.32,--,2,1664,买盘
1502,10:55:48,8.32,--,1,832,买盘
1503,10:55:42,8.32,--,2,1664,卖盘
1504,10:55:39,8.32,--,24,19968,卖盘
1505,10:55:33,8.32,--,1,832,卖盘
1506,10:55:27,8.32,--,45,37440,卖盘
1507,10:55:24,8.32,--,213,177216,卖盘
1508,10:55:09,8.32,--,15,12480,卖盘
1509,10:55:06,8.32,--,20,16640,卖盘
1510,10:55:00,8.32,--,9,7488,卖盘
1511,10:54:57,8.32,-0.01,60,49920,卖盘
1512,10:54:51,8.33,0.01,1,833,买盘
1513,10:54:30,8.32,--,200,166400,卖盘
1514,10:54:18,8.32,--,5,4160,卖盘
1515,10:54:15,8.32,--,100,83200,卖盘
1516,10:54:12,8.32,--,137,113984,卖盘
1517,10:53:54,8.32,-0.01,19,15808,卖盘
1518,10:53:51,8.33,--,11,9163,买盘
1519,10:53:39,8.33,--,2,1666,卖盘
1520,10:53:27,8.33,--,36,29988,卖盘
1521,10:53:18,8.33,--,20,16660,卖盘
1522,10:53:15,8.33,-0.01,10,8330,卖盘
1523,10:53:09,8.34,0.01,2,1668,买盘
1524,10:53:06,8.33,--,17,14161,买盘
1525,10:53:00,8.33,--,25,20825,买盘
1526,10:52:45,8.33,--,136,113288,买盘
1527,10:52:39,8.33,--,5,4165,买盘
1528,10:52:36,8.33,--,20,16660,买盘
1529,10:52:27,8.33,--,38,31654,卖盘
1530,10:52:24,8.33,--,20,16660,卖盘
1531,10:52:21,8.33,0.01,203,169099,买盘
1532,10:52:15,8.32,--,1,832,卖盘
1533,10:52:09,8.32,--,5,4160,卖盘
1534,10:51:54,8.32,--,18,14976,卖盘
1535,10:51:48,8.32,-0.01,20,16640,卖盘
1536,10:51:42,8.33,--,48,39984,买盘
1537,10:51:39,8.33,0.01,2,1666,买盘
1538,10:51:36,8.32,--,20,16640,卖盘
1539,10:51:33,8.32,--,10,8320,卖盘
1540,10:51:30,8.32,-0.01,30,24960,卖盘
1541,10:51:24,8.33,0.01,199,165767,买盘
1542,10:51:15,8.32,--,94,78208,卖盘
1543,10:51:09,8.32,-0.01,6,4992,卖盘
1544,10:51:06,8.33,--,27,22491,买盘
1545,10:51:03,8.33,--,31,25823,买盘
1546,10:51:00,8.33,0.01,39,32487,买盘
1547,10:50:57,8.32,-0.01,48,39936,卖盘
1548,10:50:54,8.33,--,33,27489,买盘
1549,10:50:48,8.33,--,645,537285,买盘
1550,10:50:45,8.33,--,10,8330,买盘
1551,10:50:42,8.33,--,42,34986,买盘
1552,10:50:33,8.33,--,3,2499,买盘
1553,10:50:30,8.33,--,35,29155,买盘
1554,10:50:27,8.33,--,52,43316,买盘
1555,10:50:24,8.33,--,30,24990,买盘
1556,10:50:21,8.33,--,20,16660,买盘
1557,10:50:15,8.33,--,102,84966,买盘
1558,10:50:12,8.33,--,31,25823,买盘
1559,10:50:06,8.33,--,28,23324,买盘
1560,10:50:03,8.33,--,42,34986,买盘
1561,10:50:00,8.33,0.01,6,4998,买盘
1562,10:49:57,8.32,--,22,18304,卖盘
1563,10:49:54,8.32,-0.01,152,126464,中性盘
1564,10:49:48,8.33,0.01,602,501466,买盘
1565,10:49:42,8.32,--,2,1664,买盘
1566,10:49:36,8.32,--,2,1664,买盘
1567,10:49:33,8.32,--,3,2496,买盘
1568,10:49:24,8.32,--,50,41600,买盘
1569,10:49:21,8.32,--,10,8320,买盘
1570,10:49:15,8.32,--,340,282880,卖盘
1571,10:49:06,8.32,--,150,124800,卖盘
1572,10:49:03,8.32,--,10,8320,卖盘
1573,10:49:00,8.32,--,16,13312,卖盘
1574,10:48:57,8.32,--,6,4992,卖盘
1575,10:48:51,8.32,--,55,45760,卖盘
1576,10:48:45,8.32,0.01,10,8320,中性盘
1577,10:48:39,8.31,-0.02,64,53184,卖盘
1578,10:48:24,8.33,0.01,50,41650,买盘
1579,10:48:12,8.32,--,20,16640,卖盘
1580,10:48:09,8.32,-0.01,30,24960,中性盘
1581,10:48:03,8.33,--,220,183260,买盘
1582,10:48:00,8.33,--,95,79135,买盘
1583,10:47:30,8.33,0.04,100,83300,买盘
1584,10:47:24,8.29,--,4,3315,买盘
1585,10:47:21,8.29,--,362,300097,买盘
1586,10:47:18,8.29,--,8,6631,买盘
1587,10:47:12,8.29,--,20,16580,买盘
1588,10:47:09,8.29,--,232,192327,买盘
1589,10:47:03,8.29,-0.04,355,294294,卖盘
1590,10:47:00,8.33,--,195,162435,买盘
1591,10:46:51,8.33,0.01,7,5831,买盘
1592,10:46:48,8.32,--,5,4160,卖盘
1593,10:46:45,8.32,--,100,83200,卖盘
1594,10:46:42,8.32,0.01,63,52416,买盘
1595,10:46:39,8.31,-0.01,5,4155,卖盘
1596,10:46:30,8.32,--,100,83200,买盘
1597,10:46:27,8.32,--,110,91520,买盘
1598,10:46:21,8.32,0.01,20,16640,买盘
1599,10:46:18,8.31,0.03,19,15789,中性盘
1600,10:46:06,8.28,-0.03,1009,835451,卖盘
1601,10:46:03,8.31,-0.01,10,8310,卖盘
1602,10:46:00,8.32,0.01,150,125598,买盘
1603,10:45:51,8.31,--,7,5817,买盘
1604,10:45:42,8.31,-0.01,52,43245,卖盘
1605,10:45:27,8.32,--,200,166400,买盘
1606,10:45:24,8.32,--,4,3328,买盘
1607,10:45:21,8.32,--,2,1664,买盘
1608,10:45:18,8.32,0.01,7,5824,买盘
1609,10:45:12,8.31,-0.01,12,9972,卖盘
1610,10:45:06,8.32,0.02,65,54878,买盘
1611,10:45:03,8.3,-0.01,13,10790,卖盘
1612,10:44:53,8.31,--,110,91410,买盘
1613,10:44:44,8.31,0.01,23,19113,买盘
1614,10:44:41,8.3,--,102,84660,买盘
1615,10:44:38,8.3,--,10,8300,买盘
1616,10:44:35,8.3,--,80,66400,买盘
1617,10:44:32,8.3,--,25,20750,买盘
1618,10:44:26,8.3,0.01,15,12450,买盘
1619,10:44:23,8.29,-0.01,109,90360,卖盘
1620,10:44:20,8.3,0.01,3,2490,买盘
1621,10:44:17,8.29,--,10,8290,卖盘
1622,10:44:08,8.29,--,35,29014,买盘
1623,10:44:05,8.29,--,45,37304,买盘
1624,10:44:02,8.29,--,21,17409,买盘
1625,10:43:53,8.29,--,100,82899,买盘
1626,10:43:44,8.29,0.01,1,828,中性盘
1627,10:43:41,8.28,-0.01,10,8280,卖盘
1628,10:43:32,8.29,--,13,10776,买盘
1629,10:43:29,8.29,--,5,4145,买盘
1630,10:43:20,8.29,0.01,100,82899,买盘
1631,10:43:08,8.28,--,5,4140,卖盘
1632,10:43:05,8.28,--,46,38096,卖盘
1633,10:43:02,8.28,--,20,16560,卖盘
1634,10:42:44,8.28,--,40,33120,卖盘
1635,10:42:32,8.28,--,15,12419,买盘
1636,10:42:17,8.28,--,68,56303,买盘
1637,10:42:14,8.28,--,4,3311,买盘
1638,10:42:05,8.28,--,34,28151,买盘
1639,10:41:56,8.28,--,220,182160,卖盘
1640,10:41:47,8.28,-0.01,11,9108,卖盘
1641,10:41:44,8.29,0.01,19,15750,买盘
1642,10:41:38,8.28,-0.01,100,82800,卖盘
1643,10:41:29,8.29,--,3,2486,买盘
1644,10:41:17,8.29,0.01,50,41449,买盘
1645,10:40:44,8.28,--,10,8280,卖盘
1646,10:40:41,8.28,-0.01,138,114263,卖盘
1647,10:40:29,8.29,0.01,166,137614,买盘
1648,10:40:02,8.28,-0.01,10,8280,卖盘
1649,10:39:56,8.29,--,100,82899,买盘
1650,10:39:53,8.29,0.01,1,828,买盘
1651,10:39:50,8.28,--,5,4140,买盘
1652,10:39:47,8.28,-0.01,95,78660,中性盘
1653,10:39:14,8.29,--,80,66320,买盘
1654,10:39:11,8.29,-0.01,20,16580,中性盘
1655,10:38:59,8.3,--,5,4150,买盘
1656,10:38:56,8.3,--,1510,1253300,买盘
1657,10:38:47,8.3,0.01,30,24900,买盘
1658,10:38:44,8.29,-0.01,50,41449,卖盘
1659,10:38:38,8.3,--,69,57270,买盘
1660,10:38:35,8.3,--,615,510450,买盘
1661,10:38:29,8.3,0.01,3,2490,买盘
1662,10:38:20,8.29,-0.01,5,4145,卖盘
1663,10:38:17,8.3,--,2,1660,买盘
1664,10:38:05,8.3,0.02,444,368520,买盘
1665,10:38:02,8.28,--,49,40572,买盘
1666,10:37:50,8.28,--,4,3311,买盘
1667,10:37:47,8.28,--,5,4140,买盘
1668,10:37:44,8.28,--,10,8280,买盘
1669,10:37:41,8.28,--,32,26495,买盘
1670,10:37:38,8.28,--,2,1655,买盘
1671,10:37:35,8.28,--,6,4968,买盘
1672,10:37:32,8.28,0.01,2,1655,买盘
1673,10:37:17,8.27,-0.01,9,7443,卖盘
1674,10:37:14,8.28,--,60,49679,买盘
1675,10:37:08,8.28,--,2,1655,买盘
1676,10:36:53,8.28,0.01,630,521639,买盘
1677,10:36:50,8.27,--,2,1654,卖盘
1678,10:36:47,8.27,--,100,82700,卖盘
1679,10:36:41,8.27,-0.01,75,62025,卖盘
1680,10:36:38,8.28,--,53,43884,买盘
1681,10:36:29,8.28,--,30,24839,买盘
1682,10:36:17,8.28,--,21,17388,买盘
1683,10:36:08,8.28,-0.01,235,194579,卖盘
1684,10:36:02,8.29,0.01,93,77096,买盘
1685,10:35:56,8.28,-0.01,1,827,卖盘
1686,10:35:50,8.29,--,58,48081,买盘
1687,10:35:47,8.29,0.01,2,1657,买盘
1688,10:35:41,8.28,-0.01,155,128339,卖盘
1689,10:35:32,8.29,--,4,3315,买盘
1690,10:35:29,8.29,--,100,82899,买盘
1691,10:34:47,8.29,--,69,57200,买盘
1692,10:34:44,8.29,--,14,11605,卖盘
1693,10:34:41,8.29,--,14,11605,卖盘
1694,10:34:38,8.29,--,5,4145,卖盘
1695,10:34:32,8.29,--,150,124349,卖盘
1696,10:34:29,8.29,--,9,7460,卖盘
1697,10:34:17,8.29,--,20,16580,卖盘
1698,10:34:14,8.29,--,77,63832,买盘
1699,10:34:11,8.29,--,100,82899,买盘
1700,10:34:08,8.29,--,3,2486,买盘
1701,10:33:50,8.29,--,125,103624,买盘
1702,10:33:44,8.29,-0.01,158,130981,卖盘
1703,10:33:41,8.3,0.01,2,1660,买盘
1704,10:33:35,8.29,-0.01,1,828,卖盘
1705,10:33:32,8.3,0.01,9,7470,买盘
1706,10:33:26,8.29,-0.01,2,1657,卖盘
1707,10:33:11,8.3,--,39,32370,买盘
1708,10:33:08,8.3,--,33,27390,卖盘
1709,10:33:05,8.3,--,5,4150,卖盘
1710,10:33:02,8.3,--,16,13280,卖盘
1711,10:32:59,8.3,--,37,30710,卖盘
1712,10:32:53,8.3,--,200,166000,卖盘
1713,10:32:50,8.3,--,10,8300,卖盘
1714,10:32:35,8.3,--,5,4150,卖盘
1715,10:32:32,8.3,--,233,193390,买盘
1716,10:32:26,8.3,--,10,8300,买盘
1717,10:32:20,8.3,0.01,15,12450,买盘
1718,10:32:14,8.29,-0.01,13,10776,卖盘
1719,10:32:11,8.3,--,50,41500,买盘
1720,10:32:05,8.3,--,3,2490,买盘
1721,10:32:02,8.3,--,150,124500,买盘
1722,10:31:59,8.3,0.01,2,1660,买盘
1723,10:31:56,8.29,--,19,15750,卖盘
1724,10:31:53,8.29,--,50,41449,买盘
1725,10:31:50,8.29,--,10,8290,买盘
1726,10:31:47,8.29,0.01,1,828,买盘
1727,10:31:35,8.28,--,5,4140,卖盘
1728,10:31:29,8.28,-0.01,30,24839,卖盘
1729,10:31:23,8.29,0.01,7,5802,买盘
1730,10:31:17,8.28,--,505,418139,卖盘
1731,10:31:11,8.28,--,100,82800,卖盘
1732,10:30:47,8.28,--,2,1655,买盘
1733,10:30:41,8.28,--,118,97703,买盘
1734,10:30:38,8.28,0.01,15,12419,买盘
1735,10:30:29,8.27,-0.01,24,19848,卖盘
1736,10:30:26,8.28,--,125,103499,买盘
1737,10:30:23,8.28,--,67,55475,买盘
1738,10:30:17,8.28,--,25,20700,买盘
1739,10:30:14,8.28,--,60,49679,买盘
1740,10:30:11,8.28,--,36,29807,买盘
1741,10:30:05,8.28,--,2,1655,买盘
1742,10:30:02,8.28,0.01,169,139932,买盘
1743,10:29:59,8.27,-0.01,10,8270,卖盘
1744,10:29:44,8.28,--,19,15731,买盘
1745,10:29:41,8.28,0.01,2,1655,买盘
1746,10:29:29,8.27,-0.01,40,33080,卖盘
1747,10:29:20,8.28,0.01,51,42228,买盘
1748,10:29:14,8.27,-0.01,14,11578,卖盘
1749,10:29:08,8.28,--,76,62927,买盘
1750,10:29:05,8.28,--,403,333684,卖盘
1751,10:28:56,8.28,--,252,208655,卖盘
1752,10:28:44,8.28,-0.01,10,8280,卖盘
1753,10:28:35,8.29,--,10,8290,买盘
1754,10:28:26,8.29,0.01,60,49739,买盘
1755,10:28:17,8.28,-0.01,5,4140,卖盘
1756,10:28:11,8.29,--,120,99479,买盘
1757,10:28:08,8.29,--,48,39791,买盘
1758,10:28:02,8.29,--,32,26527,买盘
1759,10:27:56,8.29,-0.01,63,52226,卖盘
1760,10:27:53,8.3,0.01,66,54780,买盘
1761,10:27:50,8.29,--,120,99479,卖盘
1762,10:27:47,8.29,--,10,8290,卖盘
1763,10:27:44,8.29,--,36,29843,卖盘
1764,10:27:32,8.29,--,10,8290,卖盘
1765,10:27:23,8.29,-0.01,14,11605,卖盘
1766,10:27:17,8.3,0.01,10,8300,买盘
1767,10:27:11,8.29,--,20,16580,卖盘
1768,10:27:08,8.29,--,75,62174,卖盘
1769,10:27:05,8.29,--,10,8290,卖盘
1770,10:27:02,8.29,--,9,7460,卖盘
1771,10:26:59,8.29,-0.01,2,1657,卖盘
1772,10:26:56,8.3,0.01,10,8300,买盘
1773,10:26:29,8.29,-0.01,5,4145,卖盘
1774,10:26:23,8.3,0.01,21,17430,买盘
1775,10:26:11,8.29,--,10,8290,卖盘
1776,10:26:02,8.29,--,10,8290,卖盘
1777,10:25:56,8.29,--,20,16580,卖盘
1778,10:25:50,8.29,--,2,1657,卖盘
1779,10:25:44,8.29,-0.01,183,151706,卖盘
1780,10:25:41,8.3,0.01,52,43160,买盘
1781,10:25:38,8.29,-0.01,4,3315,卖盘
1782,10:25:19,8.3,--,8,6640,买盘
1783,10:25:13,8.3,--,98,81340,卖盘
1784,10:25:10,8.3,--,112,92960,卖盘
1785,10:25:04,8.3,--,10,8300,卖盘
1786,10:25:01,8.3,-0.01,160,132800,卖盘
1787,10:24:58,8.31,0.01,100,83100,买盘
1788,10:24:55,8.3,-0.01,10,8300,卖盘
1789,10:24:46,8.31,--,10,8310,买盘
1790,10:24:37,8.31,--,89,73959,卖盘
1791,10:24:34,8.31,-0.01,12,9972,卖盘
1792,10:24:28,8.32,0.01,42,34944,买盘
1793,10:24:25,8.31,--,25,20775,卖盘
1794,10:24:22,8.31,-0.01,14,11634,卖盘
1795,10:24:16,8.32,--,25,20800,买盘
1796,10:24:07,8.32,0.01,10,8320,买盘
1797,10:23:58,8.31,-0.01,139,115509,卖盘
1798,10:23:55,8.32,--,11,9152,买盘
1799,10:23:52,8.32,0.01,24,19968,买盘
1800,10:23:49,8.31,--,50,41550,卖盘
1801,10:23:46,8.31,-0.01,3,2493,卖盘
1802,10:23:40,8.32,--,100,83200,买盘
1803,10:23:37,8.32,--,10,8320,买盘
1804,10:23:34,8.32,--,132,109824,买盘
1805,10:23:31,8.32,--,17,14144,买盘
1806,10:23:25,8.32,0.01,23,19136,买盘
1807,10:23:22,8.31,--,67,55677,卖盘
1808,10:23:19,8.31,-0.01,55,45705,卖盘
1809,10:23:13,8.32,--,21,17472,买盘
1810,10:23:10,8.32,0.01,13,10816,买盘
1811,10:23:01,8.31,--,32,26592,卖盘
1812,10:22:52,8.31,--,55,45705,卖盘
1813,10:22:46,8.31,--,393,326583,买盘
1814,10:22:43,8.31,0.01,127,105537,买盘
1815,10:22:40,8.3,--,204,169320,卖盘
1816,10:22:34,8.3,--,41,34030,买盘
1817,10:22:28,8.3,--,10,8300,买盘
1818,10:22:25,8.3,--,10,8300,买盘
1819,10:22:19,8.3,--,8,6640,买盘
1820,10:22:16,8.3,--,30,24900,买盘
1821,10:22:13,8.3,--,54,44820,买盘
1822,10:22:10,8.3,--,60,49800,买盘
1823,10:22:07,8.3,--,60,49800,买盘
1824,10:22:01,8.3,--,20,16600,买盘
1825,10:21:58,8.3,--,20,16600,买盘
1826,10:21:52,8.3,--,50,41500,买盘
1827,10:21:49,8.3,--,13,10790,买盘
1828,10:21:46,8.3,--,9,7470,买盘
1829,10:21:43,8.3,--,109,90470,买盘
1830,10:21:37,8.3,--,22,18260,卖盘
1831,10:21:31,8.3,--,11,9130,买盘
1832,10:21:28,8.3,-0.01,9,7470,卖盘
1833,10:21:25,8.31,0.03,33,27423,买盘
1834,10:21:10,8.28,-0.02,91,75348,卖盘
1835,10:21:04,8.3,0.02,1076,893080,买盘
1836,10:21:01,8.28,--,30,24839,卖盘
1837,10:20:58,8.28,--,20,16560,卖盘
1838,10:20:52,8.28,--,14,11592,卖盘
1839,10:20:49,8.28,0.01,35,28979,卖盘
1840,10:20:46,8.27,-0.01,76,62852,卖盘
1841,10:20:43,8.28,--,143,118403,买盘
1842,10:20:37,8.28,0.01,100,82800,买盘
1843,10:20:31,8.27,-0.01,102,84354,卖盘
1844,10:20:25,8.28,--,92,76176,买盘
1845,10:20:10,8.28,--,40,33120,买盘
1846,10:20:01,8.28,0.01,112,92736,买盘
1847,10:19:58,8.27,--,190,157130,卖盘
1848,10:19:55,8.27,--,1,827,卖盘
1849,10:19:49,8.27,--,132,109164,卖盘
1850,10:19:40,8.27,--,2,1654,卖盘
1851,10:19:37,8.27,--,16,13232,买盘
1852,10:19:34,8.27,--,50,41350,买盘
1853,10:19:31,8.27,0.01,68,56236,中性盘
1854,10:18:58,8.26,-0.01,317,261842,卖盘
1855,10:18:52,8.27,--,215,177805,买盘
1856,10:18:46,8.27,--,21,17367,买盘
1857,10:18:40,8.27,--,3,2481,买盘
1858,10:18:37,8.27,--,57,47139,买盘
1859,10:18:34,8.27,--,44,36388,买盘
1860,10:18:31,8.27,--,1,827,买盘
1861,10:18:25,8.27,--,1,827,买盘
1862,10:18:22,8.27,--,15,12405,买盘
1863,10:18:19,8.27,--,3,2481,买盘
1864,10:18:10,8.27,--,15,12405,买盘
1865,10:18:04,8.27,-0.01,44,36388,卖盘
1866,10:18:01,8.28,--,5,4140,买盘
1867,10:17:55,8.28,0.01,126,104327,买盘
1868,10:17:49,8.27,-0.01,131,108337,卖盘
1869,10:17:40,8.28,--,1,827,买盘
1870,10:17:28,8.28,0.01,22,18216,买盘
1871,10:17:25,8.27,--,85,70295,卖盘
1872,10:17:19,8.27,--,1,827,卖盘
1873,10:17:13,8.27,--,51,42177,卖盘
1874,10:17:01,8.27,--,5,4135,买盘
1875,10:16:58,8.27,--,1,827,买盘
1876,10:16:49,8.27,--,8,6616,买盘
1877,10:16:46,8.27,--,425,351475,卖盘
1878,10:16:43,8.27,-0.02,40,33080,卖盘
1879,10:16:40,8.29,--,10,8290,买盘
1880,10:16:37,8.29,0.01,224,185695,买盘
1881,10:16:31,8.28,--,49,40572,卖盘
1882,10:16:25,8.28,--,3,2484,卖盘
1883,10:16:19,8.28,--,10,8280,买盘
1884,10:16:16,8.28,--,104,86112,买盘
1885,10:16:13,8.28,--,12,9936,买盘
1886,10:16:10,8.28,--,5,4140,买盘
1887,10:16:07,8.28,--,19,15731,买盘
1888,10:16:04,8.28,--,110,91080,买盘
1889,10:16:01,8.28,--,21,17388,买盘
1890,10:15:58,8.28,0.01,20,16560,买盘
1891,10:15:52,8.27,-0.01,10,8270,卖盘
1892,10:15:46,8.28,0.01,5,4140,买盘
1893,10:15:40,8.27,--,7,5789,买盘
1894,10:15:37,8.27,0.01,54,44658,买盘
1895,10:15:31,8.26,-0.01,33,27258,卖盘
1896,10:15:28,8.27,--,66,54582,买盘
1897,10:15:25,8.27,0.01,7,5789,买盘
1898,10:15:22,8.26,--,52,42952,买盘
1899,10:15:16,8.26,0.01,3,2478,买盘
1900,10:15:13,8.25,-0.01,186,153450,卖盘
1901,10:15:10,8.26,--,6,4956,买盘
1902,10:15:07,8.26,--,137,113162,买盘
1903,10:15:04,8.26,--,22,18172,买盘
1904,10:15:01,8.26,--,73,60298,买盘
1905,10:14:58,8.26,--,620,512120,买盘
1906,10:14:55,8.26,--,3,2478,买盘
1907,10:14:52,8.26,--,41,33866,买盘
1908,10:14:49,8.26,--,108,89208,买盘
1909,10:14:43,8.26,--,3,2478,买盘
1910,10:14:34,8.26,--,384,317184,买盘
1911,10:14:31,8.26,0.01,51,42126,买盘
1912,10:14:28,8.25,--,257,212025,买盘
1913,10:14:22,8.25,--,211,174075,买盘
1914,10:14:19,8.25,0.01,31,25575,买盘
1915,10:14:16,8.24,-0.01,4,3296,卖盘
1916,10:14:07,8.25,--,4,3300,买盘
1917,10:14:04,8.25,--,2,1650,买盘
1918,10:13:58,8.25,--,9,7425,买盘
1919,10:13:46,8.25,0.01,4,3300,买盘
1920,10:13:40,8.24,-0.01,20,16480,卖盘
1921,10:13:34,8.25,0.01,20,16500,买盘
1922,10:13:31,8.24,-0.01,34,28016,卖盘
1923,10:13:25,8.25,0.01,34,28050,买盘
1924,10:13:19,8.24,-0.01,35,28840,卖盘
1925,10:13:16,8.25,--,3,2475,买盘
1926,10:13:13,8.25,--,1,825,买盘
1927,10:13:10,8.25,--,5,4125,买盘
1928,10:13:07,8.25,--,55,45375,买盘
1929,10:13:01,8.25,--,5,4125,买盘
1930,10:12:58,8.25,--,1,825,买盘
1931,10:12:52,8.25,--,10,8250,买盘
1932,10:12:49,8.25,--,107,88275,买盘
1933,10:12:43,8.25,--,112,92400,买盘
1934,10:12:40,8.25,0.01,1,825,买盘
1935,10:12:37,8.24,-0.01,55,45320,卖盘
1936,10:12:30,8.25,0.01,50,41250,买盘
1937,10:12:21,8.24,-0.01,20,16480,卖盘
1938,10:12:18,8.25,0.01,7,5775,买盘
1939,10:12:12,8.24,--,99,81576,卖盘
1940,10:12:09,8.24,-0.01,11,9064,卖盘
1941,10:12:03,8.25,0.01,14,11550,买盘
1942,10:11:54,8.24,-0.01,50,41200,卖盘
1943,10:11:42,8.25,0.01,5,4125,买盘
1944,10:11:39,8.24,-0.01,10,8240,卖盘
1945,10:11:36,8.25,--,10,8250,买盘
1946,10:11:27,8.25,--,64,52800,买盘
1947,10:11:12,8.25,--,3,2475,买盘
1948,10:11:03,8.25,--,3,2475,买盘
1949,10:10:51,8.25,--,10,8250,买盘
1950,10:10:39,8.25,0.01,7,5775,买盘
1951,10:10:33,8.24,--,19,15656,卖盘
1952,10:10:24,8.24,-0.01,150,123600,卖盘
1953,10:10:18,8.25,--,45,37125,买盘
1954,10:10:15,8.25,0.01,15,12375,买盘
1955,10:10:12,8.24,-0.01,10,8240,卖盘
1956,10:10:06,8.25,--,35,28875,买盘
1957,10:09:51,8.25,--,15,12375,卖盘
1958,10:09:45,8.25,-0.01,210,173250,卖盘
1959,10:09:21,8.26,--,232,191632,买盘
1960,10:09:18,8.26,0.01,20,16520,买盘
1961,10:09:15,8.25,--,32,26400,卖盘
1962,10:09:03,8.25,--,70,57750,买盘
1963,10:08:57,8.25,--,75,61875,买盘
1964,10:08:51,8.25,--,2,1650,买盘
1965,10:08:45,8.25,--,291,240075,卖盘
1966,10:08:39,8.25,--,310,255750,卖盘
1967,10:08:36,8.25,--,165,136125,卖盘
1968,10:08:33,8.25,-0.01,10,8250,卖盘
1969,10:08:24,8.26,0.01,15,12390,买盘
1970,10:08:06,8.25,--,50,41250,卖盘
1971,10:07:57,8.25,--,370,305250,买盘
1972,10:07:45,8.25,--,50,41250,买盘
1973,10:07:39,8.25,--,4,3300,买盘
1974,10:07:36,8.25,--,103,84975,买盘
1975,10:07:33,8.25,--,80,66000,买盘
1976,10:07:30,8.25,--,296,244200,买盘
1977,10:07:21,8.25,--,8,6600,买盘
1978,10:07:18,8.25,--,45,37125,卖盘
1979,10:07:09,8.25,--,5,4125,卖盘
1980,10:07:03,8.25,--,3,2475,卖盘
1981,10:07:00,8.25,--,112,92400,买盘
1982,10:06:54,8.25,--,2,1650,买盘
1983,10:06:51,8.25,--,4,3300,买盘
1984,10:06:45,8.25,--,602,496650,买盘
1985,10:06:39,8.25,--,1,825,买盘
1986,10:06:36,8.25,0.01,206,169950,买盘
1987,10:06:27,8.24,-0.01,41,33784,卖盘
1988,10:06:24,8.25,--,2,1650,买盘
1989,10:06:21,8.25,--,15,12375,买盘
1990,10:06:18,8.25,--,1,825,买盘
1991,10:06:15,8.25,--,11,9075,买盘
1992,10:06:12,8.25,0.01,142,117150,买盘
1993,10:06:09,8.24,--,6,4944,买盘
1994,10:06:00,8.24,--,50,41200,买盘
1995,10:05:57,8.24,--,10,8240,买盘
1996,10:05:45,8.24,--,3,2472,买盘
1997,10:05:42,8.24,0.01,10,8240,买盘
1998,10:05:39,8.23,-0.01,1,1069,卖盘
1999,10:05:27,8.24,0.01,10,8240,买盘
2000,10:05:24,8.23,-0.01,58,47734,卖盘
2001,10:05:21,8.24,--,21,17304,买盘
2002,10:05:18,8.24,--,6,4944,买盘
2003,10:05:15,8.24,--,5,4120,买盘
2004,10:05:03,8.24,--,20,16480,买盘
2005,10:05:00,8.24,--,24,19776,买盘
2006,10:04:57,8.24,--,80,65920,买盘
2007,10:04:54,8.24,--,21,17304,买盘
2008,10:04:51,8.24,--,10,8240,买盘
2009,10:04:45,8.24,--,27,22248,买盘
2010,10:04:27,8.24,0.01,10,8240,买盘
2011,10:04:15,8.23,-0.01,51,41973,卖盘
2012,10:04:12,8.24,--,1,824,买盘
2013,10:04:09,8.24,--,48,39552,买盘
2014,10:03:57,8.24,0.01,310,255440,买盘
2015,10:03:48,8.23,-0.01,50,41150,卖盘
2016,10:03:45,8.24,0.01,300,247200,买盘
2017,10:03:42,8.23,-0.01,20,16460,卖盘
2018,10:03:39,8.24,0.01,4,3296,买盘
2019,10:03:36,8.23,-0.01,20,16460,卖盘
2020,10:03:30,8.24,0.01,300,247200,买盘
2021,10:03:27,8.23,-0.01,126,103698,卖盘
2022,10:03:24,8.24,0.01,1,824,买盘
2023,10:03:12,8.23,--,50,41150,卖盘
2024,10:03:06,8.23,--,30,24690,卖盘
2025,10:02:54,8.23,--,2,1646,卖盘
2026,10:02:48,8.23,--,3,2469,卖盘
2027,10:02:42,8.23,--,8,6584,卖盘
2028,10:02:33,8.23,-0.01,23,18929,卖盘
2029,10:02:30,8.24,--,30,24720,买盘
2030,10:02:21,8.24,0.01,5,4120,买盘
2031,10:02:18,8.23,--,15,12345,卖盘
2032,10:02:09,8.23,-0.01,16,13168,卖盘
2033,10:02:03,8.24,0.01,45,37080,买盘
2034,10:01:57,8.23,--,58,47734,卖盘
2035,10:01:42,8.23,--,110,90530,买盘
2036,10:01:27,8.23,--,14,11522,买盘
2037,10:01:24,8.23,--,16,13168,买盘
2038,10:01:21,8.23,--,234,192582,买盘
2039,10:01:18,8.23,--,11,9053,买盘
2040,10:01:06,8.23,--,11,9053,买盘
2041,10:01:03,8.23,-0.01,141,116043,卖盘
2042,10:00:54,8.24,0.01,2,1648,买盘
2043,10:00:42,8.23,--,2,1646,卖盘
2044,10:00:39,8.23,--,109,89707,买盘
2045,10:00:33,8.23,--,90,74070,买盘
2046,10:00:24,8.23,--,56,46096,买盘
2047,10:00:21,8.23,--,115,94645,买盘
2048,10:00:18,8.23,--,12,9876,买盘
2049,10:00:15,8.23,--,40,32920,买盘
2050,10:00:12,8.23,--,225,185175,买盘
2051,10:00:09,8.23,--,16,13168,买盘
2052,10:00:06,8.23,--,20,16460,买盘
2053,09:59:57,8.23,--,2,1646,买盘
2054,09:59:39,8.23,--,262,215626,买盘
2055,09:59:27,8.23,--,1,823,买盘
2056,09:59:24,8.23,0.01,4,3292,买盘
2057,09:59:15,8.22,-0.01,38,31236,卖盘
2058,09:59:12,8.23,0.01,90,74070,买盘
2059,09:59:06,8.22,--,2,1644,买盘
2060,09:59:03,8.22,0.01,9,7398,买盘
2061,09:59:00,8.21,--,5,4105,买盘
2062,09:58:54,8.21,--,54,44334,买盘
2063,09:58:51,8.21,--,20,16420,买盘
2064,09:58:42,8.21,--,20,16420,买盘
2065,09:58:33,8.21,0.01,105,86205,买盘
2066,09:58:30,8.2,-0.01,106,86919,卖盘
2067,09:58:12,8.21,--,112,91952,买盘
2068,09:58:09,8.21,--,48,39408,买盘
2069,09:58:06,8.21,--,400,328400,卖盘
2070,09:57:54,8.21,--,24,19704,卖盘
2071,09:57:42,8.21,--,5,4105,卖盘
2072,09:57:18,8.21,--,1,821,卖盘
2073,09:57:15,8.21,--,52,42692,卖盘
2074,09:56:54,8.21,--,10,8210,卖盘
2075,09:56:39,8.21,--,8,6568,卖盘
2076,09:56:18,8.21,-0.01,119,97699,卖盘
2077,09:56:15,8.22,-0.01,5,4110,卖盘
2078,09:56:06,8.23,0.01,41,33743,买盘
2079,09:55:57,8.22,--,26,21372,卖盘
2080,09:55:45,8.22,--,61,50142,卖盘
2081,09:55:39,8.22,--,100,82200,卖盘
2082,09:55:33,8.22,-0.01,10,8220,卖盘
2083,09:55:27,8.23,0.01,25,20575,买盘
2084,09:55:15,8.22,--,36,29592,卖盘
2085,09:55:09,8.22,--,7,5754,卖盘
2086,09:55:00,8.22,--,5,4110,卖盘
2087,09:54:57,8.22,-0.01,10,8220,卖盘
2088,09:54:51,8.23,--,200,164600,买盘
2089,09:54:48,8.23,0.01,18,14814,买盘
2090,09:54:45,8.22,--,6,4932,卖盘
2091,09:54:36,8.22,-0.01,73,60006,卖盘
2092,09:54:30,8.23,0.01,6,4938,买盘
2093,09:54:27,8.22,-0.01,29,23838,卖盘
2094,09:54:24,8.23,0.01,5,4115,买盘
2095,09:54:21,8.22,-0.01,12,9864,卖盘
2096,09:54:18,8.23,--,200,164600,买盘
2097,09:54:06,8.23,--,30,24690,买盘
2098,09:53:54,8.23,--,44,36212,卖盘
2099,09:53:51,8.23,--,6,4938,卖盘
2100,09:53:48,8.23,--,70,57610,买盘
2101,09:53:45,8.23,--,5,4115,买盘
2102,09:53:39,8.23,--,26,21398,买盘
2103,09:53:33,8.23,0.01,16,13168,买盘
2104,09:53:27,8.22,--,3,2466,卖盘
2105,09:53:21,8.22,-0.01,10,8220,卖盘
2106,09:53:12,8.23,--,5,4115,买盘
2107,09:53:03,8.23,--,2,1646,买盘
2108,09:52:48,8.23,--,71,58433,买盘
2109,09:52:45,8.23,0.01,100,82300,买盘
2110,09:52:42,8.22,--,2,1644,卖盘
2111,09:52:33,8.22,-0.01,91,74802,卖盘
2112,09:52:27,8.23,0.01,50,41150,买盘
2113,09:52:14,8.22,--,108,88776,买盘
2114,09:52:02,8.22,--,6,4932,买盘
2115,09:51:59,8.22,0.01,19,15618,买盘
2116,09:51:47,8.21,--,60,49260,卖盘
2117,09:51:38,8.21,--,20,16420,卖盘
2118,09:51:35,8.21,--,39,32019,买盘
2119,09:51:32,8.21,--,2,1642,买盘
2120,09:51:26,8.21,--,87,71427,买盘
2121,09:51:23,8.21,--,50,41050,买盘
2122,09:51:20,8.21,0.01,10,8210,买盘
2123,09:51:14,8.2,-0.01,22,18040,卖盘
2124,09:51:11,8.21,--,50,41050,买盘
2125,09:51:08,8.21,0.01,10,8210,买盘
2126,09:50:59,8.2,--,3,2460,卖盘
2127,09:50:56,8.2,-0.01,1,819,卖盘
2128,09:50:50,8.21,--,10,8210,买盘
2129,09:50:32,8.21,--,84,68964,卖盘
2130,09:50:26,8.21,--,84,68964,卖盘
2131,09:50:08,8.21,--,2,1642,卖盘
2132,09:49:56,8.21,--,79,64859,买盘
2133,09:49:50,8.21,0.01,89,73069,买盘
2134,09:49:47,8.2,-0.01,25,20500,卖盘
2135,09:49:35,8.21,--,10,8210,买盘
2136,09:49:32,8.21,--,6,4926,买盘
2137,09:49:14,8.21,--,30,24630,买盘
2138,09:48:56,8.21,--,58,47618,买盘
2139,09:48:53,8.21,--,2,1642,买盘
2140,09:48:32,8.21,0.01,68,55828,买盘
2141,09:48:26,8.2,--,5,4100,卖盘
2142,09:47:56,8.2,-0.01,51,41820,卖盘
2143,09:47:53,8.21,--,53,43513,买盘
2144,09:47:47,8.21,0.01,1,821,买盘
2145,09:47:38,8.2,-0.01,6,4920,卖盘
2146,09:47:35,8.21,--,102,83742,买盘
2147,09:47:17,8.21,0.01,1,821,买盘
2148,09:47:14,8.2,--,2,1639,卖盘
2149,09:47:11,8.2,--,400,328000,卖盘
2150,09:47:02,8.2,--,1,819,卖盘
2151,09:46:59,8.2,-0.01,271,222219,卖盘
2152,09:46:53,8.21,--,16,13136,买盘
2153,09:46:44,8.21,--,7,5747,买盘
2154,09:46:08,8.21,0.01,30,24630,买盘
2155,09:46:02,8.2,--,59,48379,卖盘
2156,09:45:50,8.2,0.01,206,168919,买盘
2157,09:45:47,8.19,-0.01,51,41769,卖盘
2158,09:45:32,8.2,0.01,23,18860,买盘
2159,09:45:29,8.19,-0.01,54,44226,卖盘
2160,09:45:23,8.2,--,60,49199,买盘
2161,09:45:20,8.2,--,145,118899,买盘
2162,09:45:17,8.2,0.01,320,262400,买盘
2163,09:44:44,8.19,--,1,819,卖盘
2164,09:44:38,8.19,--,5,4094,卖盘
2165,09:44:32,8.19,--,294,240785,卖盘
2166,09:44:26,8.19,--,17,13923,卖盘
2167,09:44:14,8.19,--,211,172809,卖盘
2168,09:44:02,8.19,--,1,819,卖盘
2169,09:43:56,8.19,--,12,9828,卖盘
2170,09:43:47,8.19,--,67,54873,卖盘
2171,09:43:32,8.19,--,37,30302,买盘
2172,09:43:17,8.19,--,86,70434,卖盘
2173,09:42:53,8.19,-0.01,11,9009,卖盘
2174,09:42:50,8.2,0.01,233,191059,买盘
2175,09:42:44,8.19,-0.01,110,90090,卖盘
2176,09:42:32,8.2,0.01,1,819,买盘
2177,09:42:26,8.19,--,10,8189,卖盘
2178,09:42:08,8.19,-0.01,2,1638,卖盘
2179,09:42:02,8.2,--,100,82000,买盘
2180,09:41:59,8.2,--,8,6559,买盘
2181,09:41:29,8.2,-0.01,52,42639,卖盘
2182,09:41:26,8.21,0.01,190,155990,买盘
2183,09:41:02,8.2,0.01,22,18040,买盘
2184,09:40:41,8.19,--,11,9009,买盘
2185,09:40:29,8.19,0.01,20,16379,买盘
2186,09:40:26,8.18,--,62,50716,卖盘
2187,09:40:20,8.18,--,13,10634,卖盘
2188,09:40:17,8.18,-0.01,44,35992,卖盘
2189,09:40:14,8.19,--,98,80262,买盘
2190,09:40:11,8.19,0.01,42,34398,买盘
2191,09:40:02,8.18,--,45,36810,卖盘
2192,09:39:59,8.18,-0.01,21,17178,卖盘
2193,09:39:50,8.19,0.01,50,40950,买盘
2194,09:39:41,8.18,-0.01,14,11452,卖盘
2195,09:39:35,8.19,0.01,10,8189,买盘
2196,09:39:26,8.18,-0.01,2,1636,卖盘
2197,09:39:23,8.19,0.01,43,35217,买盘
2198,09:39:02,8.18,0.01,84,68712,买盘
2199,09:38:56,8.17,-0.01,35,28595,卖盘
2200,09:38:53,8.18,--,78,63804,买盘
2201,09:38:50,8.18,--,34,27812,卖盘
2202,09:38:47,8.18,0.01,15,12270,买盘
2203,09:38:35,8.17,-0.01,19,15523,卖盘
2204,09:38:29,8.18,--,700,572600,买盘
2205,09:38:26,8.18,0.01,15,12270,买盘
2206,09:38:11,8.17,--,5,4085,卖盘
2207,09:38:02,8.17,-0.01,20,16340,卖盘
2208,09:37:56,8.18,0.01,8,6544,买盘
2209,09:37:47,8.17,--,2,1634,卖盘
2210,09:37:44,8.17,-0.01,49,40033,卖盘
2211,09:37:35,8.18,--,27,22086,买盘
2212,09:37:32,8.18,--,30,24540,买盘
2213,09:37:29,8.18,--,15,12270,买盘
2214,09:37:23,8.18,0.01,15,12270,买盘
2215,09:37:20,8.17,-0.01,31,25327,卖盘
2216,09:37:17,8.18,0.01,17,13906,买盘
2217,09:37:08,8.17,--,2,1634,卖盘
2218,09:37:05,8.17,--,136,111112,卖盘
2219,09:36:59,8.17,--,20,16340,卖盘
2220,09:36:56,8.17,--,2,1634,卖盘
2221,09:36:53,8.17,--,2,1634,卖盘
2222,09:36:50,8.17,--,52,42484,卖盘
2223,09:36:47,8.17,--,2,1634,卖盘
2224,09:36:41,8.17,--,19,15523,卖盘
2225,09:36:38,8.17,--,10,8170,卖盘
2226,09:36:29,8.17,-0.01,160,130720,卖盘
2227,09:36:26,8.18,--,10,8180,卖盘
2228,09:36:23,8.18,--,14,11452,卖盘
2229,09:36:17,8.18,--,87,71166,卖盘
2230,09:36:11,8.18,--,4,3272,卖盘
2231,09:36:08,8.18,--,4,3272,卖盘
2232,09:36:05,8.18,-0.01,1,818,卖盘
2233,09:36:02,8.19,--,111,90909,卖盘
2234,09:35:59,8.19,--,25,20475,卖盘
2235,09:35:56,8.19,--,40,32759,卖盘
2236,09:35:50,8.19,--,5,4094,卖盘
2237,09:35:44,8.19,--,132,108108,卖盘
2238,09:35:32,8.19,--,1,819,卖盘
2239,09:35:29,8.19,-0.01,83,67977,卖盘
2240,09:35:26,8.2,--,49,40180,卖盘
2241,09:35:20,8.2,--,10,8200,卖盘
2242,09:35:17,8.2,--,2,1639,卖盘
2243,09:35:14,8.2,--,34,27879,卖盘
2244,09:35:11,8.2,--,96,78720,卖盘
2245,09:35:05,8.2,-0.01,2,1639,卖盘
2246,09:34:53,8.21,0.01,1,821,买盘
2247,09:34:50,8.2,-0.01,14,11479,卖盘
2248,09:34:47,8.21,--,1,821,买盘
2249,09:34:22,8.21,--,20,16420,买盘
2250,09:34:19,8.21,--,54,44334,卖盘
2251,09:34:16,8.21,--,80,65680,卖盘
2252,09:34:13,8.21,--,30,24630,卖盘
2253,09:33:55,8.21,--,136,111656,买盘
2254,09:33:37,8.21,0.01,5,4105,买盘
2255,09:33:31,8.2,-0.01,12,9840,卖盘
2256,09:33:19,8.21,0.01,20,16420,买盘
2257,09:33:10,8.2,-0.01,8,6559,中性盘
2258,09:32:55,8.21,0.02,10,8210,买盘
2259,09:32:49,8.19,-0.01,30,24570,卖盘
2260,09:32:43,8.2,--,6,4920,卖盘
2261,09:32:40,8.2,-0.01,9,7379,卖盘
2262,09:32:37,8.21,--,30,24630,买盘
2263,09:32:34,8.21,--,13,10673,卖盘
2264,09:32:28,8.21,--,58,47618,卖盘
2265,09:32:10,8.21,0.01,112,91952,买盘
2266,09:32:01,8.2,-0.01,9,7379,卖盘
2267,09:31:52,8.21,--,38,31198,买盘
2268,09:31:49,8.21,--,11,9031,买盘
2269,09:31:37,8.21,0.01,38,31198,买盘
2270,09:31:34,8.2,--,2,1639,买盘
2271,09:31:31,8.2,--,18,14759,卖盘
2272,09:31:25,8.2,--,8,6559,买盘
2273,09:31:22,8.2,--,50,41000,买盘
2274,09:31:16,8.2,--,9,7379,买盘
2275,09:31:13,8.2,--,3,2460,买盘
2276,09:31:10,8.2,--,1,819,买盘
2277,09:31:07,8.2,0.01,7,5739,买盘
2278,09:31:01,8.19,--,29,23751,买盘
2279,09:30:46,8.19,--,1,819,买盘
2280,09:30:40,8.19,--,5,4094,买盘
2281,09:30:37,8.19,--,30,24570,买盘
2282,09:30:31,8.19,--,15,12285,买盘
2283,09:30:07,8.19,--,5,4094,买盘
2284,09:30:04,8.19,-0.01,17,13923,中性盘
2285,09:26:10,8.2,--,0,0,买盘
2286,09:25:01,8.2,8.2,344,282080,买盘
