,time,price,change,volume,amount,type
0,15:00:00,10.62,-0.01,0,0,中性盘
1,15:00:00,10.63,--,891,947398,卖盘
2,14:59:57,10.63,--,32,34016,卖盘
3,14:59:53,10.63,-0.01,36,38268,卖盘
4,14:59:47,10.64,0.01,101,107464,买盘
5,14:59:42,10.63,--,41,43583,卖盘
6,14:59:38,10.63,--,237,251931,买盘
7,14:59:32,10.63,--,295,313585,买盘
8,14:59:27,10.63,--,20,21260,中性盘
9,14:59:23,10.63,--,92,97796,买盘
10,14:59:17,10.63,--,226,240238,卖盘
11,14:59:12,10.63,--,12,12756,卖盘
12,14:59:08,10.63,-0.01,419,445397,卖盘
13,14:59:02,10.64,0.01,89,94696,买盘
14,14:58:57,10.63,--,133,141379,卖盘
15,14:58:53,10.63,-0.01,29,30827,卖盘
16,14:58:47,10.64,0.01,227,241528,买盘
17,14:58:42,10.63,-0.01,72,76536,卖盘
18,14:58:38,10.64,--,75,79800,买盘
19,14:58:32,10.64,0.01,45,47880,买盘
20,14:58:27,10.63,-0.01,30,31890,卖盘
21,14:58:23,10.64,--,54,57456,买盘
22,14:58:17,10.64,--,39,41496,买盘
23,14:58:12,10.64,--,97,103208,买盘
24,14:58:07,10.64,--,169,179816,卖盘
25,14:58:02,10.64,-0.01,101,107464,卖盘
26,14:57:57,10.65,--,43,45795,买盘
27,14:57:52,10.65,--,76,80940,买盘
28,14:57:47,10.65,-0.01,485,516525,卖盘
29,14:57:42,10.66,0.01,63,67158,买盘
30,14:57:38,10.65,-0.01,31,33015,卖盘
31,14:57:31,10.66,0.01,79,84214,买盘
32,14:57:27,10.65,-0.02,78,83070,卖盘
33,14:57:22,10.67,--,0,0,买盘
34,14:57:17,10.67,0.01,37,39479,买盘
35,14:57:12,10.66,--,104,110864,买盘
36,14:57:07,10.66,0.01,18,19188,买盘
37,14:57:02,10.65,-0.01,98,104370,卖盘
38,14:56:57,10.66,--,164,174824,卖盘
39,14:56:52,10.66,--,44,46904,卖盘
40,14:56:47,10.66,--,115,122590,卖盘
41,14:56:42,10.66,--,7,7462,卖盘
42,14:56:37,10.66,--,52,55432,卖盘
43,14:56:32,10.66,0.01,84,89544,买盘
44,14:56:27,10.65,-0.01,5,5325,卖盘
45,14:56:22,10.66,0.01,37,39442,买盘
46,14:56:17,10.65,-0.01,40,42600,卖盘
47,14:56:12,10.66,0.02,125,133250,买盘
48,14:56:07,10.64,-0.01,70,74480,卖盘
49,14:56:02,10.65,--,111,118215,买盘
50,14:55:57,10.65,--,23,24495,买盘
51,14:55:52,10.65,--,54,57510,买盘
52,14:55:47,10.65,-0.01,49,52185,卖盘
53,14:55:42,10.66,-0.01,29,30914,卖盘
54,14:55:32,10.67,0.02,97,103499,买盘
55,14:55:27,10.65,--,742,790230,卖盘
56,14:55:22,10.65,-0.01,62,66030,卖盘
57,14:55:17,10.66,--,94,100204,买盘
58,14:55:12,10.66,--,59,62894,买盘
59,14:55:07,10.66,--,30,31980,买盘
60,14:55:02,10.66,-0.01,179,190814,卖盘
61,14:54:57,10.67,0.01,49,52283,买盘
62,14:54:52,10.66,-0.01,36,38376,卖盘
63,14:54:47,10.67,-0.01,210,224070,卖盘
64,14:54:42,10.68,--,33,35244,买盘
65,14:54:37,10.68,--,2,2136,买盘
66,14:54:32,10.68,--,34,36312,买盘
67,14:54:27,10.68,-0.01,79,84372,卖盘
68,14:54:22,10.69,0.01,3,3207,买盘
69,14:54:17,10.68,--,27,28836,卖盘
70,14:54:12,10.68,0.01,8,8544,卖盘
71,14:54:07,10.67,-0.01,43,45881,卖盘
72,14:54:02,10.68,-0.01,22,23496,买盘
73,14:53:57,10.69,0.02,61,65209,买盘
74,14:53:52,10.67,-0.01,132,140844,卖盘
75,14:53:47,10.68,0.01,88,93984,买盘
76,14:53:42,10.67,-0.01,18,19206,卖盘
77,14:53:32,10.68,0.02,21,22428,买盘
78,14:53:27,10.66,--,167,178022,卖盘
79,14:53:22,10.66,-0.01,14,14924,卖盘
80,14:53:17,10.67,--,27,28809,买盘
81,14:53:12,10.67,--,168,179256,买盘
82,14:53:07,10.67,--,172,183524,买盘
83,14:53:02,10.67,--,123,131241,买盘
84,14:52:57,10.67,--,37,39479,买盘
85,14:52:52,10.67,0.01,17,18139,买盘
86,14:52:47,10.66,-0.01,40,42640,卖盘
87,14:52:42,10.67,0.01,1,1067,买盘
88,14:52:27,10.66,--,92,98072,买盘
89,14:52:22,10.66,--,6,6396,买盘
90,14:52:17,10.66,--,174,185484,买盘
91,14:52:11,10.66,--,12,12792,买盘
92,14:52:07,10.66,0.01,53,56498,买盘
93,14:52:02,10.65,--,14,14910,卖盘
94,14:51:56,10.65,--,7,7455,买盘
95,14:51:51,10.65,--,67,71355,买盘
96,14:51:47,10.65,--,36,38340,买盘
97,14:51:41,10.65,--,47,50055,买盘
98,14:51:36,10.65,0.01,90,95850,买盘
99,14:51:31,10.64,-0.01,222,236208,卖盘
100,14:51:26,10.65,0.01,75,79875,买盘
101,14:51:21,10.64,-0.01,27,28728,卖盘
102,14:51:17,10.65,0.01,77,82005,买盘
103,14:51:11,10.64,0.01,44,46816,中性盘
104,14:51:06,10.63,--,444,471972,卖盘
105,14:51:01,10.63,-0.01,100,106300,卖盘
106,14:50:56,10.64,0.01,49,52136,买盘
107,14:50:51,10.63,0.01,301,319963,买盘
108,14:50:46,10.62,-0.01,71,75402,卖盘
109,14:50:41,10.63,-0.01,358,380554,卖盘
110,14:50:36,10.64,0.01,12,12768,买盘
111,14:50:26,10.63,--,20,21260,卖盘
112,14:50:21,10.63,--,24,25512,买盘
113,14:50:16,10.63,--,1,1063,买盘
114,14:50:11,10.63,0.01,36,38268,买盘
115,14:50:06,10.62,-0.01,14,14867,卖盘
116,14:50:01,10.63,0.01,69,73347,买盘
117,14:49:56,10.62,0.01,48,50975,中性盘
118,14:49:51,10.61,--,180,190980,卖盘
119,14:49:46,10.61,--,71,75331,卖盘
120,14:49:41,10.61,-0.01,174,184614,卖盘
121,14:49:36,10.62,--,135,143370,买盘
122,14:49:31,10.62,0.01,23,24426,买盘
123,14:49:26,10.61,--,346,367106,卖盘
124,14:49:21,10.61,-0.01,51,54111,卖盘
125,14:49:16,10.62,--,26,27611,买盘
126,14:49:11,10.62,--,61,64781,买盘
127,14:49:06,10.62,--,41,43542,买盘
128,14:49:01,10.62,--,9,9558,买盘
129,14:48:56,10.62,-0.01,145,153990,卖盘
130,14:48:51,10.63,0.01,151,160513,买盘
131,14:48:46,10.62,-0.01,32,33984,卖盘
132,14:48:41,10.63,--,54,57402,买盘
133,14:48:36,10.63,--,45,47835,买盘
134,14:48:31,10.63,0.01,154,163702,买盘
135,14:48:25,10.62,-0.01,59,62657,卖盘
136,14:48:21,10.63,--,171,181773,买盘
137,14:48:16,10.63,0.01,25,26575,买盘
138,14:48:11,10.62,--,27,28673,卖盘
139,14:48:06,10.62,-0.01,48,50975,卖盘
140,14:48:01,10.63,0.01,45,47835,买盘
141,14:47:56,10.62,-0.01,396,420551,卖盘
142,14:47:51,10.63,--,52,55276,买盘
143,14:47:46,10.63,--,105,111615,买盘
144,14:47:41,10.63,--,136,144568,买盘
145,14:47:36,10.63,--,48,51024,买盘
146,14:47:31,10.63,0.01,1,1063,买盘
147,14:47:26,10.62,-0.01,274,290988,卖盘
148,14:47:21,10.63,0.01,63,66969,中性盘
149,14:47:16,10.62,-0.01,17,18054,卖盘
150,14:47:11,10.63,0.01,45,47835,买盘
151,14:47:06,10.62,-0.01,285,302670,卖盘
152,14:47:01,10.63,0.01,5,5315,中性盘
153,14:46:56,10.62,-0.01,789,837917,卖盘
154,14:46:51,10.63,--,122,129686,买盘
155,14:46:46,10.63,0.01,21,22323,卖盘
156,14:46:41,10.62,-0.02,247,262314,卖盘
157,14:46:36,10.64,--,94,100016,买盘
158,14:46:31,10.64,--,11,11704,买盘
159,14:46:26,10.64,--,65,69160,买盘
160,14:46:21,10.64,--,93,98952,买盘
161,14:46:16,10.64,--,22,23408,买盘
162,14:46:11,10.64,--,64,68096,买盘
163,14:46:06,10.64,-0.01,107,113848,卖盘
164,14:46:01,10.65,--,47,50055,买盘
165,14:45:56,10.65,--,35,37275,买盘
166,14:45:51,10.65,-0.01,958,1020270,卖盘
167,14:45:46,10.66,-0.01,41,43706,卖盘
168,14:45:41,10.67,-0.01,685,730895,卖盘
169,14:45:36,10.68,--,26,27768,买盘
170,14:45:31,10.68,0.01,90,96120,买盘
171,14:45:26,10.67,-0.02,130,138880,卖盘
172,14:45:21,10.69,0.01,237,253353,买盘
173,14:45:16,10.68,-0.01,2,2136,卖盘
174,14:45:11,10.69,0.01,145,155005,中性盘
175,14:45:06,10.68,--,110,117480,卖盘
176,14:45:01,10.68,-0.01,70,74760,卖盘
177,14:44:55,10.69,--,25,26725,买盘
178,14:44:51,10.69,--,35,37415,买盘
179,14:44:45,10.69,--,10,10690,中性盘
180,14:44:40,10.69,-0.01,21,22449,中性盘
181,14:44:35,10.7,--,115,123049,买盘
182,14:44:30,10.7,--,431,461169,买盘
183,14:44:26,10.7,--,217,232425,卖盘
184,14:44:20,10.7,--,18,19260,卖盘
185,14:44:15,10.7,--,10,10700,卖盘
186,14:44:10,10.7,--,18,19260,卖盘
187,14:44:05,10.7,-0.01,513,549744,卖盘
188,14:44:00,10.71,0.01,100,107100,卖盘
189,14:43:55,10.7,--,10,10700,卖盘
190,14:43:50,10.7,-0.01,100,107000,卖盘
191,14:43:45,10.71,0.01,110,117810,买盘
192,14:43:40,10.7,-0.01,35,37450,卖盘
193,14:43:35,10.71,--,48,51408,买盘
194,14:43:30,10.71,-0.01,2,2142,卖盘
195,14:43:25,10.72,0.02,30,32160,买盘
196,14:43:20,10.7,-0.03,14,14979,卖盘
197,14:43:15,10.73,0.01,6,6438,买盘
198,14:43:10,10.72,--,46,49312,买盘
199,14:43:05,10.72,0.02,29,31088,中性盘
200,14:43:00,10.7,-0.03,426,455819,卖盘
201,14:42:55,10.73,--,58,62234,买盘
202,14:42:50,10.73,-0.02,10,10730,买盘
203,14:42:45,10.75,0.01,26,27950,买盘
204,14:42:35,10.74,0.01,224,240576,买盘
205,14:42:25,10.73,--,18,19314,买盘
206,14:42:20,10.73,--,29,31117,买盘
207,14:42:15,10.73,--,34,36482,买盘
208,14:42:10,10.73,0.02,12,12876,买盘
209,14:41:50,10.71,-0.01,204,218484,卖盘
210,14:41:45,10.72,--,8,8576,卖盘
211,14:41:39,10.72,0.01,12,12864,买盘
212,14:41:35,10.71,--,54,57834,卖盘
213,14:41:25,10.71,-0.01,50,53550,卖盘
214,14:41:20,10.72,--,23,24656,买盘
215,14:41:15,10.72,0.01,33,35376,买盘
216,14:41:05,10.71,--,12,12852,卖盘
217,14:41:00,10.71,--,0,0,买盘
218,14:40:55,10.71,0.01,3,3213,买盘
219,14:40:50,10.7,-0.01,40,42800,卖盘
220,14:40:45,10.71,0.01,15,16065,买盘
221,14:40:35,10.7,--,38,40660,买盘
222,14:40:30,10.7,--,49,52430,买盘
223,14:40:24,10.7,--,53,56709,买盘
224,14:40:19,10.7,--,13,13909,买盘
225,14:40:15,10.7,--,32,34240,买盘
226,14:40:10,10.7,--,13,13909,买盘
227,14:40:05,10.7,0.01,335,358450,买盘
228,14:40:00,10.69,--,29,31001,卖盘
229,14:39:54,10.69,-0.01,2,2138,卖盘
230,14:39:50,10.7,0.02,15,16049,买盘
231,14:39:45,10.68,-0.01,158,168744,卖盘
232,14:39:39,10.69,0.01,44,47036,买盘
233,14:39:35,10.68,--,133,142044,卖盘
234,14:39:30,10.68,-0.01,99,105732,卖盘
235,14:39:24,10.69,--,20,21380,买盘
236,14:39:19,10.69,--,204,218076,买盘
237,14:39:15,10.69,0.01,73,78037,买盘
238,14:39:04,10.68,-0.01,195,208260,卖盘
239,14:39:00,10.69,0.01,25,26725,买盘
240,14:38:55,10.68,--,13,13884,卖盘
241,14:38:50,10.68,--,85,90780,卖盘
242,14:38:44,10.68,--,111,119445,买盘
243,14:38:39,10.68,--,36,38618,卖盘
244,14:38:34,10.68,--,271,289428,卖盘
245,14:38:30,10.68,-0.01,84,89712,卖盘
246,14:38:24,10.69,0.01,1,1069,买盘
247,14:38:19,10.68,-0.01,231,246708,卖盘
248,14:38:14,10.69,--,33,35277,买盘
249,14:38:09,10.69,--,102,109038,买盘
250,14:38:03,10.69,-0.01,284,304493,卖盘
251,14:37:59,10.7,--,62,66340,买盘
252,14:37:54,10.7,--,43,46010,买盘
253,14:37:48,10.7,--,137,146590,卖盘
254,14:37:44,10.7,-0.01,1893,2025509,卖盘
255,14:37:40,10.71,0.01,65,69615,买盘
256,14:37:29,10.7,-0.02,845,904149,卖盘
257,14:37:24,10.72,--,120,128640,买盘
258,14:37:18,10.72,--,105,112560,买盘
259,14:37:14,10.72,--,129,138288,买盘
260,14:37:09,10.72,--,533,571376,买盘
261,14:37:03,10.72,--,2,2144,买盘
262,14:36:59,10.72,-0.02,648,694656,卖盘
263,14:36:54,10.74,0.01,46,49404,买盘
264,14:36:48,10.73,-0.01,72,77256,卖盘
265,14:36:44,10.74,--,597,641178,买盘
266,14:36:33,10.74,0.01,3,3222,买盘
267,14:36:29,10.73,-0.02,178,190994,卖盘
268,14:36:24,10.75,--,87,93525,买盘
269,14:36:18,10.75,--,4,4300,买盘
270,14:36:14,10.75,--,20,21500,买盘
271,14:36:09,10.75,0.01,5,5375,买盘
272,14:36:03,10.74,-0.01,15,16110,卖盘
273,14:35:59,10.75,--,35,37625,买盘
274,14:35:54,10.75,0.01,20,21500,买盘
275,14:35:48,10.74,-0.01,20,21480,卖盘
276,14:35:44,10.75,0.01,8,8600,买盘
277,14:35:39,10.74,-0.01,3,3222,卖盘
278,14:35:28,10.75,-0.02,858,922350,卖盘
279,14:35:24,10.77,--,23,24771,买盘
280,14:35:18,10.77,--,147,158319,卖盘
281,14:35:14,10.77,-0.01,16,17232,卖盘
282,14:35:09,10.78,--,1,1078,买盘
283,14:35:03,10.78,--,57,61445,买盘
284,14:34:44,10.78,0.01,23,24794,买盘
285,14:34:39,10.77,-0.01,27,29079,卖盘
286,14:34:33,10.78,0.01,34,36652,买盘
287,14:34:29,10.77,-0.01,12,12924,卖盘
288,14:34:24,10.78,--,116,125047,买盘
289,14:34:14,10.78,--,14,15092,买盘
290,14:34:09,10.78,--,1,1078,买盘
291,14:33:58,10.78,--,22,23716,买盘
292,14:33:54,10.78,--,10,10780,买盘
293,14:33:48,10.78,0.01,18,19404,买盘
294,14:33:44,10.77,-0.01,52,56004,卖盘
295,14:33:39,10.78,--,47,50666,买盘
296,14:33:33,10.78,--,15,16169,买盘
297,14:33:29,10.78,--,50,53900,买盘
298,14:33:24,10.78,-0.01,733,790174,卖盘
299,14:33:14,10.79,-0.01,10,10790,卖盘
300,14:33:09,10.8,--,12,12960,买盘
301,14:32:59,10.8,0.01,10,10800,买盘
302,14:32:54,10.79,-0.01,49,52870,卖盘
303,14:32:48,10.8,--,33,35640,买盘
304,14:32:39,10.8,0.01,10,10800,买盘
305,14:32:33,10.79,--,7,7552,卖盘
306,14:32:29,10.79,-0.01,229,247090,中性盘
307,14:32:24,10.8,0.01,57,61560,买盘
308,14:32:18,10.79,0.01,15,16184,中性盘
309,14:32:13,10.78,-0.02,335,361130,卖盘
310,14:32:09,10.8,--,77,83160,买盘
311,14:32:03,10.8,--,5,5400,买盘
312,14:31:59,10.8,--,220,237600,买盘
313,14:31:53,10.8,--,7,7560,买盘
314,14:31:48,10.8,--,58,62640,买盘
315,14:31:43,10.8,0.01,15,16200,买盘
316,14:31:33,10.79,-0.01,201,216878,卖盘
317,14:31:27,10.8,--,20,21600,卖盘
318,14:31:23,10.8,0.01,46,49680,买盘
319,14:31:18,10.79,-0.01,295,318305,卖盘
320,14:31:08,10.8,--,12,12960,买盘
321,14:31:03,10.8,-0.01,434,468720,卖盘
322,14:30:53,10.81,-0.01,95,102695,卖盘
323,14:30:42,10.82,0.01,5,5410,买盘
324,14:30:38,10.81,-0.01,24,25944,卖盘
325,14:30:33,10.82,0.02,103,111446,买盘
326,14:30:22,10.8,-0.02,44,47520,卖盘
327,14:30:18,10.82,--,15,16230,买盘
328,14:30:12,10.82,--,14,15148,买盘
329,14:30:03,10.82,-0.01,13,14066,卖盘
330,14:29:57,10.83,0.03,42,45486,买盘
331,14:29:52,10.8,-0.03,508,548640,卖盘
332,14:29:48,10.83,--,75,81225,买盘
333,14:29:42,10.83,--,12,12996,买盘
334,14:29:38,10.83,--,101,109383,买盘
335,14:29:33,10.83,--,3,3249,买盘
336,14:29:27,10.83,--,10,10830,买盘
337,14:29:23,10.83,--,106,114798,买盘
338,14:29:18,10.83,--,108,116964,买盘
339,14:29:12,10.83,--,10,10830,买盘
340,14:29:07,10.83,-0.01,419,453777,卖盘
341,14:28:57,10.84,--,26,28184,买盘
342,14:28:53,10.84,--,1011,1095924,买盘
343,14:28:48,10.84,--,17,18428,买盘
344,14:28:42,10.84,--,3,3252,买盘
345,14:28:38,10.84,--,202,218968,买盘
346,14:28:33,10.84,0.01,32,34688,买盘
347,14:28:23,10.83,0.01,85,92055,买盘
348,14:28:18,10.82,--,24,25968,卖盘
349,14:28:12,10.82,--,145,156890,买盘
350,14:28:07,10.82,0.02,22,23804,买盘
351,14:28:03,10.8,--,61,65880,买盘
352,14:27:57,10.8,--,313,338040,买盘
353,14:27:52,10.8,--,99,106920,买盘
354,14:27:48,10.8,--,36,38880,买盘
355,14:27:42,10.8,--,11,11880,买盘
356,14:27:38,10.8,--,37,39960,买盘
357,14:27:33,10.8,0.01,73,78840,买盘
358,14:27:27,10.79,-0.01,3,3236,卖盘
359,14:27:23,10.8,--,28,30240,买盘
360,14:27:18,10.8,--,355,383400,卖盘
361,14:27:03,10.8,--,0,0,卖盘
362,14:26:57,10.8,-0.02,10,10800,卖盘
363,14:26:52,10.82,0.02,20,21640,买盘
364,14:26:42,10.8,--,2,2160,卖盘
365,14:26:38,10.8,--,4,4320,卖盘
366,14:26:33,10.8,--,84,90720,买盘
367,14:26:27,10.8,--,12,12960,买盘
368,14:26:22,10.8,--,10,10800,买盘
369,14:26:18,10.8,--,22,23760,买盘
370,14:26:12,10.8,--,319,344520,买盘
371,14:26:07,10.8,--,31,33480,买盘
372,14:26:03,10.8,--,4,4320,买盘
373,14:25:57,10.8,0.01,20,21600,买盘
374,14:25:52,10.79,-0.01,1038,1120002,卖盘
375,14:25:47,10.8,-0.01,32,34560,中性盘
376,14:25:42,10.81,0.01,12,12972,买盘
377,14:25:37,10.8,--,1236,1334880,买盘
378,14:25:27,10.8,-0.02,74,79920,卖盘
379,14:25:17,10.82,0.02,3,3246,买盘
380,14:25:02,10.8,-0.01,127,137160,卖盘
381,14:24:57,10.81,0.01,3,3243,买盘
382,14:24:51,10.8,-0.02,44,47520,卖盘
383,14:24:42,10.82,--,0,0,买盘
384,14:24:27,10.82,--,73,78986,买盘
385,14:24:17,10.82,--,0,0,买盘
386,14:24:06,10.82,0.02,2,2164,买盘
387,14:24:02,10.8,-0.01,6,6480,卖盘
388,14:23:57,10.81,0.01,2,2162,买盘
389,14:23:51,10.8,--,0,0,卖盘
390,14:23:47,10.8,-0.02,205,221400,卖盘
391,14:23:32,10.82,--,85,91970,买盘
392,14:23:27,10.82,0.01,127,137414,买盘
393,14:23:21,10.81,-0.01,9,9729,卖盘
394,14:23:17,10.82,--,200,216400,买盘
395,14:23:12,10.82,--,12,12984,买盘
396,14:23:06,10.82,--,10,10820,买盘
397,14:23:02,10.82,-0.01,127,137414,卖盘
398,14:22:57,10.83,--,59,63897,买盘
399,14:22:47,10.83,--,3,3249,买盘
400,14:22:42,10.83,--,54,58482,买盘
401,14:22:36,10.83,--,1,1083,买盘
402,14:22:31,10.83,--,114,123462,卖盘
403,14:22:21,10.83,--,27,29241,卖盘
404,14:22:17,10.83,-0.01,35,37905,卖盘
405,14:22:12,10.84,0.01,23,24932,买盘
406,14:22:02,10.83,-0.01,6,6498,卖盘
407,14:21:57,10.84,--,4,4336,买盘
408,14:21:51,10.84,--,5,5420,买盘
409,14:21:42,10.84,--,5,5420,买盘
410,14:21:36,10.84,--,10,10840,买盘
411,14:21:27,10.84,0.01,10,10840,买盘
412,14:21:21,10.83,--,49,53067,卖盘
413,14:21:12,10.83,--,38,41154,卖盘
414,14:21:06,10.83,-0.01,2,2166,卖盘
415,14:20:57,10.84,0.01,19,20596,买盘
416,14:20:47,10.83,--,30,32490,卖盘
417,14:20:32,10.83,-0.01,29,31407,卖盘
418,14:20:16,10.84,0.01,8,8672,买盘
419,14:20:02,10.83,0.01,10,10830,买盘
420,14:19:57,10.82,-0.02,22,23804,卖盘
421,14:19:26,10.84,0.01,3,3252,买盘
422,14:19:21,10.83,-0.01,24,25992,卖盘
423,14:19:11,10.84,0.02,1,1084,买盘
424,14:18:57,10.82,-0.02,6,6492,卖盘
425,14:18:36,10.84,--,1,1084,买盘
426,14:18:21,10.84,0.02,50,54200,买盘
427,14:18:15,10.82,--,50,54100,卖盘
428,14:17:51,10.82,--,6,6492,卖盘
429,14:17:45,10.82,--,5,5410,卖盘
430,14:17:41,10.82,-0.02,44,47608,卖盘
431,14:17:36,10.84,0.02,12,13008,买盘
432,14:17:30,10.82,--,10,10820,卖盘
433,14:17:26,10.82,-0.02,10,10820,卖盘
434,14:17:21,10.84,--,15,16260,买盘
435,14:17:15,10.84,0.01,1,1084,卖盘
436,14:17:11,10.83,-0.01,29,31407,卖盘
437,14:17:06,10.84,--,0,0,买盘
438,14:16:56,10.84,-0.01,21,22764,卖盘
439,14:16:51,10.85,--,46,49910,卖盘
440,14:16:45,10.85,--,33,35805,卖盘
441,14:16:36,10.85,--,5,5425,卖盘
442,14:16:30,10.85,-0.01,10,10850,卖盘
443,14:16:26,10.86,--,7,7602,买盘
444,14:16:21,10.86,0.01,1,1086,买盘
445,14:16:00,10.85,-0.02,18,19530,卖盘
446,14:15:56,10.87,--,20,21740,买盘
447,14:15:51,10.87,--,25,27174,买盘
448,14:15:41,10.87,--,7,7608,买盘
449,14:15:36,10.87,0.01,102,110873,买盘
450,14:15:30,10.86,-0.01,5,5430,卖盘
451,14:15:26,10.87,0.01,2,2174,买盘
452,14:15:20,10.86,--,8,8688,卖盘
453,14:15:11,10.86,--,23,24978,买盘
454,14:15:05,10.86,-0.02,3,3258,买盘
455,14:14:50,10.88,--,0,0,买盘
456,14:14:45,10.88,--,0,0,买盘
457,14:14:40,10.88,--,0,0,买盘
458,14:14:35,10.88,0.03,1033,1123904,买盘
459,14:14:30,10.85,--,5,5425,买盘
460,14:14:26,10.85,--,114,124590,卖盘
461,14:14:15,10.85,-0.01,7,7595,卖盘
462,14:14:10,10.86,0.01,92,100096,买盘
463,14:14:06,10.85,0.01,6,6510,买盘
464,14:14:00,10.84,-0.01,231,250404,卖盘
465,14:13:56,10.85,--,42,45570,买盘
466,14:13:50,10.85,--,146,158410,买盘
467,14:13:45,10.85,--,20,21700,买盘
468,14:13:41,10.85,--,144,156240,买盘
469,14:13:35,10.85,--,30,32550,买盘
470,14:13:26,10.85,--,12,13020,买盘
471,14:13:20,10.85,0.01,40,43400,买盘
472,14:13:15,10.84,--,2,2168,卖盘
473,14:13:05,10.84,0.01,1,1084,中性盘
474,14:13:00,10.83,--,18,19494,卖盘
475,14:12:56,10.83,0.01,384,415872,买盘
476,14:12:40,10.82,--,36,38952,买盘
477,14:12:35,10.82,--,24,25968,买盘
478,14:12:30,10.82,--,6,6492,买盘
479,14:12:25,10.82,--,34,36788,买盘
480,14:12:20,10.82,0.01,81,87642,买盘
481,14:12:15,10.81,--,64,69184,买盘
482,14:12:09,10.81,--,10,10810,买盘
483,14:12:00,10.81,--,4,4324,买盘
484,14:11:45,10.81,0.01,14,15134,买盘
485,14:11:39,10.8,--,18,19440,卖盘
486,14:11:35,10.8,-0.01,5,5400,卖盘
487,14:11:30,10.81,0.01,20,21620,买盘
488,14:11:15,10.8,0.01,15,16200,买盘
489,14:11:05,10.79,-0.01,33,35607,卖盘
490,14:10:54,10.8,-0.01,8,8640,卖盘
491,14:10:50,10.81,0.02,1,1081,买盘
492,14:10:45,10.79,-0.01,60,64739,卖盘
493,14:10:39,10.8,--,26,28080,买盘
494,14:10:35,10.8,--,6,6480,买盘
495,14:10:30,10.8,--,68,73440,卖盘
496,14:10:20,10.8,--,73,78840,买盘
497,14:10:15,10.8,0.01,27,29160,买盘
498,14:10:09,10.79,-0.01,8,8632,卖盘
499,14:10:00,10.8,--,2,2160,买盘
500,14:09:54,10.8,--,12,12960,买盘
501,14:09:50,10.8,0.01,10,10800,买盘
502,14:09:45,10.79,--,11,11868,卖盘
503,14:09:30,10.79,-0.01,2,2158,卖盘
504,14:09:24,10.8,--,50,54000,买盘
505,14:09:15,10.8,--,27,29160,买盘
506,14:09:05,10.8,0.01,23,24840,买盘
507,14:09:00,10.79,-0.01,9,9711,卖盘
508,14:08:50,10.8,--,4,4320,买盘
509,14:08:45,10.8,--,5,5400,买盘
510,14:08:24,10.8,--,1,1080,买盘
511,14:08:20,10.8,--,36,38880,买盘
512,14:08:15,10.8,--,10,10800,买盘
513,14:08:09,10.8,0.01,86,92880,买盘
514,14:08:04,10.79,-0.01,1,1079,卖盘
515,14:07:59,10.8,--,9,9720,买盘
516,14:07:44,10.8,--,20,21600,卖盘
517,14:07:39,10.8,--,58,62640,卖盘
518,14:07:34,10.8,--,30,32400,卖盘
519,14:07:20,10.8,--,25,27000,卖盘
520,14:07:14,10.8,-0.01,33,35640,卖盘
521,14:07:09,10.81,0.01,10,10810,买盘
522,14:06:59,10.8,-0.01,224,241920,卖盘
523,14:06:50,10.81,--,2,2162,买盘
524,14:06:35,10.81,--,29,32224,卖盘
525,14:06:24,10.81,-0.01,3,3243,卖盘
526,14:06:18,10.82,0.01,12,12984,买盘
527,14:06:14,10.81,--,100,108100,卖盘
528,14:06:09,10.81,--,1,1081,卖盘
529,14:06:05,10.81,--,7,7567,卖盘
530,14:05:59,10.81,-0.01,8,8648,卖盘
531,14:05:49,10.82,0.01,10,10820,买盘
532,14:05:44,10.81,-0.01,2,2162,卖盘
533,14:05:39,10.82,0.01,1,1082,买盘
534,14:05:29,10.81,--,77,83442,卖盘
535,14:05:14,10.81,--,40,43240,卖盘
536,14:05:09,10.81,--,149,161069,买盘
537,14:05:03,10.81,0.01,4,4324,买盘
538,14:04:59,10.8,--,54,58320,卖盘
539,14:04:44,10.8,-0.01,10,10800,卖盘
540,14:04:39,10.81,0.01,10,10810,买盘
541,14:04:29,10.8,--,9,9720,卖盘
542,14:04:24,10.8,-0.01,20,21600,卖盘
543,14:04:14,10.81,--,2,2162,买盘
544,14:04:09,10.81,0.01,3,3243,买盘
545,14:04:03,10.8,-0.01,18,19440,卖盘
546,14:03:54,10.81,0.01,10,10810,买盘
547,14:03:48,10.8,-0.01,20,21600,卖盘
548,14:03:44,10.81,0.01,47,50807,买盘
549,14:03:39,10.8,--,10,10800,买盘
550,14:03:33,10.8,--,5,5400,买盘
551,14:03:29,10.8,--,10,10800,买盘
552,14:03:23,10.8,--,5,5400,买盘
553,14:03:18,10.8,--,72,77760,卖盘
554,14:03:14,10.8,--,33,35640,卖盘
555,14:03:09,10.8,--,8,8640,卖盘
556,14:03:03,10.8,--,3,3240,卖盘
557,14:02:59,10.8,-0.01,10,10800,中性盘
558,14:02:54,10.81,--,3,3243,买盘
559,14:02:24,10.81,--,0,0,买盘
560,14:02:14,10.81,0.01,25,27025,买盘
561,14:02:09,10.8,--,61,65880,卖盘
562,14:02:03,10.8,-0.01,3,3240,卖盘
563,14:01:59,10.81,--,13,14053,买盘
564,14:01:54,10.81,0.01,97,104857,买盘
565,14:01:39,10.8,-0.01,11,11880,卖盘
566,14:01:28,10.81,--,133,143773,卖盘
567,14:01:24,10.81,--,44,47564,卖盘
568,14:01:18,10.81,-0.01,4,4324,卖盘
569,14:01:13,10.82,-0.01,77,83314,卖盘
570,14:01:09,10.83,0.01,15,16245,买盘
571,14:00:53,10.82,-0.02,20,21640,卖盘
572,14:00:39,10.84,0.02,117,126828,买盘
573,14:00:28,10.82,--,53,57346,买盘
574,14:00:23,10.82,--,3,3246,买盘
575,14:00:18,10.82,--,1,1082,买盘
576,14:00:13,10.82,--,10,10820,卖盘
577,14:00:08,10.82,--,15,16230,买盘
578,13:59:58,10.82,0.01,34,36788,买盘
579,13:59:53,10.81,0.01,2,2162,买盘
580,13:59:33,10.8,--,51,55080,买盘
581,13:59:27,10.8,--,2,2160,买盘
582,13:59:23,10.8,0.01,5,5400,买盘
583,13:59:18,10.79,--,7,7552,卖盘
584,13:59:08,10.79,-0.01,50,53949,卖盘
585,13:59:03,10.8,0.02,10,10800,买盘
586,13:58:53,10.78,--,9,9702,卖盘
587,13:58:48,10.78,--,2,2156,买盘
588,13:58:42,10.78,--,4,4312,买盘
589,13:58:38,10.78,0.02,12,12936,买盘
590,13:58:33,10.76,--,1,1076,卖盘
591,13:58:23,10.76,--,12,12912,卖盘
592,13:58:18,10.76,--,3,3228,卖盘
593,13:58:12,10.76,0.03,25,26900,买盘
594,13:58:08,10.73,--,0,0,卖盘
595,13:58:03,10.73,-0.01,132,141636,卖盘
596,13:57:57,10.74,-0.01,8,8592,卖盘
597,13:57:53,10.75,0.01,53,56975,买盘
598,13:57:48,10.74,--,131,140694,买盘
599,13:57:33,10.74,0.01,66,70884,买盘
600,13:57:23,10.73,--,11,11803,买盘
601,13:57:18,10.73,--,81,86913,买盘
602,13:57:12,10.73,--,2,2146,买盘
603,13:57:08,10.73,--,50,53650,买盘
604,13:56:57,10.73,--,74,79402,买盘
605,13:56:53,10.73,-0.01,180,193140,卖盘
606,13:56:48,10.74,--,2,2148,买盘
607,13:56:42,10.74,0.01,4,4296,买盘
608,13:56:38,10.73,--,24,25752,卖盘
609,13:56:33,10.73,-0.01,31,33263,卖盘
610,13:56:23,10.74,0.01,14,15036,买盘
611,13:56:12,10.73,--,14,15022,卖盘
612,13:56:08,10.73,--,51,54723,卖盘
613,13:56:03,10.73,--,20,21460,卖盘
614,13:55:57,10.73,--,46,49358,卖盘
615,13:55:53,10.73,--,15,16095,卖盘
616,13:55:48,10.73,-0.01,109,116957,卖盘
617,13:55:42,10.74,--,1,1074,买盘
618,13:55:38,10.74,--,20,21480,买盘
619,13:55:33,10.74,--,45,48330,买盘
620,13:55:27,10.74,--,2,2148,买盘
621,13:55:18,10.74,--,34,36516,卖盘
622,13:55:08,10.74,--,1,1074,卖盘
623,13:55:03,10.74,--,56,60144,卖盘
624,13:54:53,10.74,0.01,55,59070,买盘
625,13:54:48,10.73,-0.01,13,13949,卖盘
626,13:54:38,10.74,--,47,50478,买盘
627,13:54:33,10.74,--,16,17184,买盘
628,13:54:23,10.74,--,4,4296,买盘
629,13:54:18,10.74,--,9,9666,买盘
630,13:54:08,10.74,-0.01,66,70884,卖盘
631,13:54:02,10.75,0.01,85,91375,买盘
632,13:53:57,10.74,0.01,45,48330,卖盘
633,13:53:53,10.73,-0.01,56,60088,卖盘
634,13:53:47,10.74,--,89,95586,卖盘
635,13:53:42,10.74,--,159,170766,买盘
636,13:53:32,10.74,0.01,5,5370,买盘
637,13:53:27,10.73,-0.01,42,45066,卖盘
638,13:53:22,10.74,--,11,11814,买盘
639,13:53:17,10.74,--,48,51552,卖盘
640,13:53:07,10.74,--,16,17184,买盘
641,13:53:02,10.74,--,43,46182,买盘
642,13:52:57,10.74,--,86,92364,买盘
643,13:52:50,10.74,0.01,56,60144,买盘
644,13:52:47,10.73,--,37,39701,卖盘
645,13:52:41,10.73,--,25,26825,卖盘
646,13:52:36,10.73,--,1,1073,卖盘
647,13:52:32,10.73,-0.01,68,72964,卖盘
648,13:52:27,10.74,0.01,2,2148,买盘
649,13:52:17,10.73,--,49,52577,卖盘
650,13:52:02,10.73,-0.01,50,53650,卖盘
651,13:51:57,10.74,0.01,26,27924,买盘
652,13:51:47,10.73,-0.01,526,564398,卖盘
653,13:51:42,10.74,0.01,61,65514,买盘
654,13:51:36,10.73,-0.01,9,9657,卖盘
655,13:51:32,10.74,--,6,6444,买盘
656,13:51:27,10.74,--,1,1074,买盘
657,13:51:21,10.74,--,10,10740,买盘
658,13:51:17,10.74,--,338,363012,卖盘
659,13:51:12,10.74,--,25,26850,卖盘
660,13:51:02,10.74,-0.01,117,125658,卖盘
661,13:50:56,10.75,--,20,21500,买盘
662,13:50:51,10.75,--,9,9675,买盘
663,13:50:47,10.75,--,19,20425,买盘
664,13:50:41,10.75,--,50,53750,买盘
665,13:50:36,10.75,--,5,5375,买盘
666,13:50:32,10.75,--,3,3225,买盘
667,13:50:27,10.75,--,177,190275,卖盘
668,13:50:17,10.75,--,14,15050,卖盘
669,13:50:06,10.75,--,174,187050,卖盘
670,13:50:02,10.75,-0.01,128,137600,卖盘
671,13:49:57,10.76,--,131,141074,卖盘
672,13:49:51,10.76,-0.01,245,264577,卖盘
673,13:49:47,10.77,0.01,1,1077,买盘
674,13:49:41,10.76,-0.01,27,29052,卖盘
675,13:49:36,10.77,--,1,1077,买盘
676,13:49:27,10.77,0.01,57,61389,中性盘
677,13:49:21,10.76,-0.01,5,5380,卖盘
678,13:49:17,10.77,0.01,12,12924,卖盘
679,13:49:12,10.76,-0.02,9,9684,卖盘
680,13:49:06,10.78,0.01,61,65758,买盘
681,13:49:02,10.77,--,15,16155,买盘
682,13:48:57,10.77,-0.01,5,5385,卖盘
683,13:48:51,10.78,--,6,6468,买盘
684,13:48:41,10.78,--,80,86240,买盘
685,13:48:36,10.78,0.02,10,10780,买盘
686,13:48:32,10.76,-0.01,115,123740,卖盘
687,13:48:27,10.77,--,7,7539,买盘
688,13:48:17,10.77,-0.01,15,16155,卖盘
689,13:48:06,10.78,0.01,10,10780,买盘
690,13:48:02,10.77,-0.01,15,16155,卖盘
691,13:47:57,10.78,--,10,10780,买盘
692,13:47:50,10.78,--,151,162778,卖盘
693,13:47:27,10.78,--,1,1078,卖盘
694,13:47:17,10.78,--,3,3234,卖盘
695,13:47:05,10.78,--,12,12936,买盘
696,13:47:01,10.78,0.02,2,2156,买盘
697,13:46:57,10.76,--,13,13988,卖盘
698,13:46:51,10.76,-0.02,4,4304,卖盘
699,13:46:41,10.78,--,1,1078,买盘
700,13:46:35,10.78,0.02,59,63601,买盘
701,13:46:31,10.76,0.01,30,32280,买盘
702,13:46:26,10.75,-0.01,33,35475,卖盘
703,13:46:20,10.76,--,12,12912,买盘
704,13:46:05,10.76,0.01,1,1076,买盘
705,13:45:59,10.75,--,5,5375,卖盘
706,13:45:56,10.75,--,99,106425,卖盘
707,13:45:51,10.75,0.01,9,9675,中性盘
708,13:45:44,10.74,-0.01,13,13962,卖盘
709,13:45:41,10.75,--,0,0,中性盘
710,13:45:35,10.75,0.01,20,21500,卖盘
711,13:45:26,10.74,-0.01,33,35442,卖盘
712,13:45:20,10.75,--,134,144050,买盘
713,13:45:14,10.75,--,5,5375,买盘
714,13:45:11,10.75,--,12,12900,买盘
715,13:45:05,10.75,--,8,8600,买盘
716,13:44:59,10.75,-0.01,31,33325,中性盘
717,13:44:56,10.76,--,59,63484,买盘
718,13:44:50,10.76,0.01,1,1076,买盘
719,13:44:44,10.75,0.01,11,11825,卖盘
720,13:44:41,10.74,--,0,0,卖盘
721,13:44:35,10.74,-0.02,16,17184,卖盘
722,13:44:29,10.76,--,5,5380,买盘
723,13:44:26,10.76,-0.03,105,112980,买盘
724,13:44:20,10.79,-0.01,1259,1358461,中性盘
725,13:44:11,10.8,0.01,1206,1302480,买盘
726,13:44:05,10.79,--,6,6473,买盘
727,13:43:59,10.79,0.01,20,21580,买盘
728,13:43:56,10.78,-0.02,88,94864,卖盘
729,13:43:50,10.8,--,364,393238,卖盘
730,13:43:41,10.8,-0.01,249,269881,卖盘
731,13:43:35,10.81,--,2,2162,买盘
732,13:43:29,10.81,-0.01,41,44321,卖盘
733,13:43:26,10.82,--,76,82232,买盘
734,13:43:20,10.82,0.01,7,7574,卖盘
735,13:43:05,10.81,-0.02,25,27025,卖盘
736,13:42:59,10.83,--,152,164616,卖盘
737,13:42:56,10.83,--,93,100719,卖盘
738,13:42:50,10.83,--,69,74727,卖盘
739,13:42:44,10.83,--,4,4332,卖盘
740,13:42:41,10.83,0.02,307,332481,买盘
741,13:42:35,10.81,--,3,3243,卖盘
742,13:42:29,10.81,-0.01,17,18377,卖盘
743,13:42:26,10.82,-0.01,49,53018,卖盘
744,13:42:20,10.83,--,10,10830,买盘
745,13:42:11,10.83,--,27,29241,买盘
746,13:42:05,10.83,--,13,14079,买盘
747,13:41:56,10.83,0.01,3,3249,买盘
748,13:41:50,10.82,-0.01,14,15148,卖盘
749,13:41:41,10.83,0.01,8,8664,买盘
750,13:41:35,10.82,--,10,10820,买盘
751,13:41:26,10.82,-0.01,30,32460,卖盘
752,13:41:20,10.83,--,10,10830,买盘
753,13:41:14,10.83,--,2,2166,买盘
754,13:41:05,10.83,0.01,10,10830,买盘
755,13:40:59,10.82,-0.01,21,22722,卖盘
756,13:40:56,10.83,0.01,4,4332,买盘
757,13:40:50,10.82,-0.01,12,12984,卖盘
758,13:40:40,10.83,0.01,10,10830,买盘
759,13:40:35,10.82,--,8,8656,卖盘
760,13:40:25,10.82,-0.01,10,10820,卖盘
761,13:40:20,10.83,--,5,5415,买盘
762,13:40:05,10.83,--,5,5415,买盘
763,13:39:50,10.83,--,51,55233,买盘
764,13:39:44,10.83,--,1,1083,买盘
765,13:39:29,10.83,--,20,21660,买盘
766,13:39:25,10.83,--,2,2166,买盘
767,13:39:20,10.83,--,1,1083,买盘
768,13:39:05,10.83,--,10,10830,买盘
769,13:38:59,10.83,--,40,43320,买盘
770,13:38:53,10.83,--,1,1083,卖盘
771,13:38:50,10.83,--,10,10830,卖盘
772,13:38:44,10.83,--,9,9747,卖盘
773,13:38:38,10.83,--,4,4332,买盘
774,13:38:35,10.83,--,32,34656,买盘
775,13:38:29,10.83,--,1,1083,买盘
776,13:38:23,10.83,--,16,17328,买盘
777,13:38:20,10.83,-0.01,221,240220,卖盘
778,13:38:08,10.84,0.01,6,6504,买盘
779,13:38:05,10.83,--,10,10830,卖盘
780,13:37:59,10.83,-0.01,89,96387,卖盘
781,13:37:53,10.84,-0.01,11,11924,卖盘
782,13:37:50,10.85,0.01,29,31465,买盘
783,13:37:35,10.84,--,7,8151,买盘
784,13:37:29,10.84,--,8,8672,买盘
785,13:37:23,10.84,--,3,3252,买盘
786,13:37:20,10.84,--,49,53116,买盘
787,13:37:14,10.84,--,16,17344,买盘
788,13:37:08,10.84,--,1,1084,买盘
789,13:37:05,10.84,--,20,21680,买盘
790,13:36:53,10.84,0.01,20,21680,买盘
791,13:36:44,10.83,--,20,21660,卖盘
792,13:36:35,10.83,--,10,10830,卖盘
793,13:36:29,10.83,-0.01,21,22743,卖盘
794,13:36:23,10.84,0.01,17,18633,买盘
795,13:36:14,10.83,--,2,2166,买盘
796,13:36:05,10.83,0.01,52,56316,买盘
797,13:35:50,10.82,--,9,9738,买盘
798,13:35:44,10.82,0.01,1,1082,买盘
799,13:35:38,10.81,--,2,2162,卖盘
800,13:35:35,10.81,--,30,32430,卖盘
801,13:35:23,10.81,--,0,0,中性盘
802,13:35:20,10.81,--,10,10810,买盘
803,13:35:14,10.81,--,10,10810,买盘
804,13:35:08,10.81,--,15,16215,买盘
805,13:35:05,10.81,0.01,66,71346,买盘
806,13:34:50,10.8,-0.01,5,5400,卖盘
807,13:34:44,10.81,--,20,21620,买盘
808,13:34:35,10.81,--,1,1081,买盘
809,13:34:29,10.81,--,20,21620,买盘
810,13:34:20,10.81,0.01,1,1081,买盘
811,13:34:14,10.8,--,1,1080,卖盘
812,13:34:05,10.8,--,37,39960,买盘
813,13:33:59,10.8,0.01,31,33480,买盘
814,13:33:53,10.79,-0.01,24,25895,卖盘
815,13:33:49,10.8,--,29,31320,买盘
816,13:33:44,10.8,--,57,61560,买盘
817,13:33:34,10.8,--,111,119880,买盘
818,13:33:14,10.8,-0.01,290,313200,卖盘
819,13:33:08,10.81,--,1,1081,买盘
820,13:33:04,10.81,--,1,1081,买盘
821,13:32:59,10.81,--,30,32430,买盘
822,13:32:53,10.81,--,7,7567,买盘
823,13:32:44,10.81,--,27,29187,买盘
824,13:32:38,10.81,--,15,16215,买盘
825,13:32:34,10.81,--,11,11891,买盘
826,13:32:29,10.81,-0.01,118,127558,卖盘
827,13:32:23,10.82,0.01,44,47608,买盘
828,13:32:19,10.81,--,2,2162,卖盘
829,13:31:53,10.81,0.01,104,112424,买盘
830,13:31:44,10.8,--,30,32400,卖盘
831,13:31:38,10.8,--,50,54000,买盘
832,13:31:29,10.8,0.01,73,78840,买盘
833,13:31:14,10.79,--,28,30211,卖盘
834,13:31:08,10.79,-0.01,27,29132,卖盘
835,13:30:59,10.8,--,60,64800,买盘
836,13:30:47,10.8,--,11,11880,买盘
837,13:30:44,10.8,--,13,14040,买盘
838,13:30:29,10.8,--,297,321634,买盘
839,13:30:14,10.8,0.02,35,37800,买盘
840,13:30:08,10.78,-0.01,50,53900,卖盘
841,13:29:59,10.79,0.02,17,18343,买盘
842,13:29:53,10.77,-0.01,100,107700,卖盘
843,13:29:47,10.78,--,55,59290,买盘
844,13:29:44,10.78,--,21,23651,买盘
845,13:29:38,10.78,--,64,68992,买盘
846,13:29:29,10.78,--,8,8624,买盘
847,13:29:23,10.78,0.01,4,4312,买盘
848,13:29:17,10.77,-0.01,1,1077,卖盘
849,13:29:14,10.78,--,4,4312,买盘
850,13:29:08,10.78,-0.01,154,166012,卖盘
851,13:29:02,10.79,--,0,0,买盘
852,13:28:59,10.79,--,22,23737,买盘
853,13:28:53,10.79,--,2,2158,买盘
854,13:28:47,10.79,0.01,56,60423,买盘
855,13:28:44,10.78,-0.01,40,43120,卖盘
856,13:28:38,10.79,0.01,1,1079,买盘
857,13:28:32,10.78,-0.01,25,26950,卖盘
858,13:28:23,10.79,--,2,2158,买盘
859,13:28:17,10.79,0.01,82,88564,买盘
860,13:28:02,10.78,--,5,5390,买盘
861,13:27:59,10.78,0.01,17,18326,买盘
862,13:27:53,10.77,-0.02,9,10683,卖盘
863,13:27:47,10.79,--,0,0,买盘
864,13:27:38,10.79,--,24,25895,买盘
865,13:27:32,10.79,0.01,23,24816,买盘
866,13:27:23,10.78,-0.01,139,149960,卖盘
867,13:27:13,10.79,--,5,5395,卖盘
868,13:27:02,10.79,-0.01,543,586630,卖盘
869,13:26:58,10.8,0.01,7,7560,中性盘
870,13:26:53,10.79,--,31,33449,卖盘
871,13:26:47,10.79,--,10,10790,卖盘
872,13:26:43,10.79,--,37,39923,卖盘
873,13:26:32,10.79,--,10,10790,卖盘
874,13:26:23,10.79,--,197,212789,买盘
875,13:26:17,10.79,0.01,71,76609,买盘
876,13:26:13,10.78,-0.01,3,3234,卖盘
877,13:26:08,10.79,0.01,10,10790,买盘
878,13:26:02,10.78,-0.01,10,10780,卖盘
879,13:25:53,10.79,-0.02,838,905054,卖盘
880,13:25:47,10.81,--,20,21620,卖盘
881,13:25:43,10.81,0.01,95,102695,买盘
882,13:25:38,10.8,-0.01,10,10800,卖盘
883,13:25:32,10.81,--,33,35673,买盘
884,13:25:23,10.81,--,7,7567,买盘
885,13:25:17,10.81,--,16,17296,买盘
886,13:25:08,10.81,--,26,28106,卖盘
887,13:25:02,10.81,--,23,24863,卖盘
888,13:24:58,10.81,--,8,8648,卖盘
889,13:24:47,10.81,--,5,5405,卖盘
890,13:24:32,10.81,-0.01,14,15134,卖盘
891,13:24:23,10.82,0.01,19,20558,买盘
892,13:24:17,10.81,-0.01,50,54050,卖盘
893,13:24:02,10.82,--,0,0,买盘
894,13:23:57,10.82,0.01,19,20558,买盘
895,13:23:53,10.81,--,102,110262,买盘
896,13:23:47,10.81,--,1,1081,买盘
897,13:23:43,10.81,-0.02,165,178365,卖盘
898,13:23:38,10.83,--,0,0,买盘
899,13:23:26,10.83,--,11,11913,买盘
900,13:23:08,10.83,0.01,5,5415,买盘
901,13:23:02,10.82,-0.01,3,3246,卖盘
902,13:22:47,10.83,--,1,1083,买盘
903,13:22:41,10.83,--,5,5415,买盘
904,13:22:38,10.83,--,0,0,买盘
905,13:22:32,10.83,0.03,5,5415,买盘
906,13:22:22,10.8,--,0,0,卖盘
907,13:22:17,10.8,--,99,106920,卖盘
908,13:22:07,10.8,--,5,5400,卖盘
909,13:22:02,10.8,-0.03,310,334800,卖盘
910,13:21:56,10.83,--,0,0,买盘
911,13:21:41,10.83,0.01,160,173280,买盘
912,13:21:32,10.82,-0.01,1,1082,卖盘
913,13:21:23,10.83,--,5,5415,买盘
914,13:21:07,10.83,0.01,60,64980,买盘
915,13:21:02,10.82,-0.01,21,23771,卖盘
916,13:20:56,10.83,0.01,2,2166,买盘
917,13:20:47,10.82,--,6,6492,卖盘
918,13:20:37,10.82,-0.01,33,35706,卖盘
919,13:20:32,10.83,--,1,1083,买盘
920,13:20:22,10.83,--,18,19494,买盘
921,13:20:07,10.83,--,12,12996,卖盘
922,13:20:02,10.83,--,50,54150,卖盘
923,13:19:56,10.83,--,3,3249,卖盘
924,13:19:47,10.83,--,14,15162,卖盘
925,13:19:41,10.83,--,3,3249,卖盘
926,13:19:32,10.83,0.01,11,11913,买盘
927,13:19:26,10.82,--,4,4328,卖盘
928,13:19:22,10.82,--,9,9738,卖盘
929,13:19:02,10.82,--,31,33542,卖盘
930,13:18:56,10.82,-0.02,34,37837,卖盘
931,13:18:47,10.84,--,21,22764,买盘
932,13:18:32,10.84,--,101,109484,买盘
933,13:18:22,10.84,--,8,8672,买盘
934,13:18:11,10.84,0.02,3,3252,买盘
935,13:18:02,10.82,-0.02,10,10820,卖盘
936,13:17:56,10.84,0.01,65,70460,买盘
937,13:17:52,10.83,--,98,106134,卖盘
938,13:17:47,10.83,--,5,5415,卖盘
939,13:17:32,10.83,0.01,13,14079,卖盘
940,13:17:22,10.82,--,0,0,卖盘
941,13:17:17,10.82,-0.02,10,10820,卖盘
942,13:17:11,10.84,0.01,10,10840,买盘
943,13:17:02,10.83,-0.01,34,36822,卖盘
944,13:16:56,10.84,0.01,1,1084,买盘
945,13:16:51,10.83,0.01,28,30324,卖盘
946,13:16:26,10.82,-0.02,6,6492,卖盘
947,13:16:17,10.84,0.02,48,52032,买盘
948,13:16:02,10.82,-0.01,15,16230,卖盘
949,13:15:56,10.83,--,7,7581,买盘
950,13:15:50,10.83,--,4,4332,买盘
951,13:15:47,10.83,-0.01,27,29241,卖盘
952,13:15:41,10.84,--,224,242816,买盘
953,13:15:35,10.84,0.01,6,6504,买盘
954,13:15:32,10.83,-0.01,32,34656,卖盘
955,13:15:17,10.84,--,5,5420,买盘
956,13:15:11,10.84,--,5,5420,买盘
957,13:15:05,10.84,--,25,27100,买盘
958,13:14:50,10.84,-0.01,68,73712,卖盘
959,13:14:47,10.85,0.01,12,13020,中性盘
960,13:14:32,10.84,-0.01,21,22764,卖盘
961,13:14:26,10.85,--,169,183365,买盘
962,13:14:20,10.85,--,15,16275,买盘
963,13:14:11,10.85,0.01,5,5425,买盘
964,13:14:05,10.84,-0.01,44,47696,卖盘
965,13:14:01,10.85,--,103,111755,买盘
966,13:13:56,10.85,--,10,10850,买盘
967,13:13:50,10.85,-0.01,132,143220,卖盘
968,13:13:46,10.86,--,4,4344,买盘
969,13:13:41,10.86,--,10,10860,买盘
970,13:13:35,10.86,--,12,13032,买盘
971,13:13:26,10.86,--,20,21720,买盘
972,13:13:20,10.86,0.01,126,136836,买盘
973,13:13:16,10.85,--,7,7595,卖盘
974,13:13:11,10.85,-0.01,18,19530,卖盘
975,13:13:05,10.86,--,10,10860,买盘
976,13:13:01,10.86,--,20,21720,买盘
977,13:12:56,10.86,0.01,6,6516,买盘
978,13:12:50,10.85,-0.01,6,6510,卖盘
979,13:12:46,10.86,0.01,3,3258,买盘
980,13:12:35,10.85,--,37,40145,卖盘
981,13:12:31,10.85,--,136,147560,买盘
982,13:12:26,10.85,--,3,3255,买盘
983,13:12:20,10.85,0.01,5,5425,买盘
984,13:12:16,10.84,--,6,6504,卖盘
985,13:12:11,10.84,-0.01,150,162600,卖盘
986,13:12:05,10.85,0.03,60,65100,买盘
987,13:11:56,10.82,-0.03,1,1082,卖盘
988,13:11:50,10.85,--,51,55335,买盘
989,13:11:46,10.85,--,10,10850,买盘
990,13:11:41,10.85,0.03,15,16275,买盘
991,13:11:35,10.82,-0.02,31,34591,卖盘
992,13:11:31,10.84,0.01,88,95392,买盘
993,13:11:26,10.83,-0.02,11,11913,卖盘
994,13:11:20,10.85,0.01,56,60760,买盘
995,13:11:16,10.84,--,8,8672,买盘
996,13:11:11,10.84,--,10,10840,买盘
997,13:11:05,10.84,--,102,110568,卖盘
998,13:11:01,10.84,--,20,21680,卖盘
999,13:10:56,10.84,--,54,58536,买盘
1000,13:10:50,10.84,0.02,26,28184,买盘
1001,13:10:41,10.82,--,3,3246,卖盘
1002,13:10:31,10.82,--,24,25968,卖盘
1003,13:10:26,10.82,0.02,52,56264,卖盘
1004,13:10:20,10.8,--,0,0,卖盘
1005,13:10:11,10.8,--,0,0,卖盘
1006,13:10:01,10.8,0.01,247,266760,买盘
1007,13:09:56,10.79,--,1,1079,卖盘
1008,13:09:50,10.79,--,4,4316,卖盘
1009,13:09:44,10.79,--,13,14026,卖盘
1010,13:09:35,10.79,--,103,111460,买盘
1011,13:09:26,10.79,-0.01,73,79522,卖盘
1012,13:09:20,10.8,0.01,179,193644,买盘
1013,13:09:16,10.79,-0.01,20,21580,卖盘
1014,13:09:11,10.8,--,41,44280,买盘
1015,13:08:59,10.8,0.01,14,15120,买盘
1016,13:08:50,10.79,-0.01,51,55028,卖盘
1017,13:08:44,10.8,--,24,25920,买盘
1018,13:08:41,10.8,0.01,16,17280,买盘
1019,13:08:35,10.79,--,68,73372,卖盘
1020,13:08:29,10.79,--,1,1079,卖盘
1021,13:08:25,10.79,--,53,57186,买盘
1022,13:08:20,10.79,--,17,18343,买盘
1023,13:08:10,10.79,0.01,35,37765,买盘
1024,13:07:55,10.78,0.02,516,556420,买盘
1025,13:07:50,10.76,--,38,40888,卖盘
1026,13:07:35,10.76,0.01,196,210896,买盘
1027,13:07:29,10.75,--,50,53750,卖盘
1028,13:07:25,10.75,--,55,60081,买盘
1029,13:07:20,10.75,--,41,44075,买盘
1030,13:07:14,10.75,--,23,24725,买盘
1031,13:07:10,10.75,--,20,21500,买盘
1032,13:07:05,10.75,--,70,75250,买盘
1033,13:06:59,10.75,--,47,50525,买盘
1034,13:06:55,10.75,--,33,35475,买盘
1035,13:06:50,10.75,--,149,160175,买盘
1036,13:06:44,10.75,--,54,58050,买盘
1037,13:06:40,10.75,--,2,2150,买盘
1038,13:06:35,10.75,--,319,342925,买盘
1039,13:06:29,10.75,0.01,15,16125,买盘
1040,13:06:25,10.74,-0.01,33,35442,卖盘
1041,13:06:20,10.75,0.01,309,332175,买盘
1042,13:06:14,10.74,--,95,102030,买盘
1043,13:06:10,10.74,--,86,92364,买盘
1044,13:06:05,10.74,--,94,100956,买盘
1045,13:05:59,10.74,-0.01,200,214800,卖盘
1046,13:05:55,10.75,--,50,53750,买盘
1047,13:05:50,10.75,--,154,165550,买盘
1048,13:05:44,10.75,0.01,112,120400,中性盘
1049,13:05:40,10.74,-0.02,169,181506,卖盘
1050,13:05:35,10.76,--,123,132348,卖盘
1051,13:05:29,10.76,--,393,422868,卖盘
1052,13:05:25,10.76,0.01,92,98992,买盘
1053,13:05:20,10.75,--,236,253700,卖盘
1054,13:05:14,10.75,--,118,126850,卖盘
1055,13:05:05,10.75,-0.03,141,151575,卖盘
1056,13:04:59,10.78,-0.01,346,372988,卖盘
1057,13:04:55,10.79,0.01,6,6473,买盘
1058,13:04:50,10.78,-0.02,385,415935,卖盘
1059,13:04:44,10.8,-0.03,412,444960,卖盘
1060,13:04:40,10.83,0.01,28,30324,买盘
1061,13:04:35,10.82,--,43,46526,卖盘
1062,13:04:29,10.82,--,4,4328,卖盘
1063,13:04:25,10.82,-0.02,38,41116,卖盘
1064,13:04:20,10.84,0.02,28,30352,买盘
1065,13:04:14,10.82,-0.01,54,58428,卖盘
1066,13:04:10,10.83,-0.01,63,68229,卖盘
1067,13:03:59,10.84,0.01,16,17344,买盘
1068,13:03:55,10.83,-0.01,2,2166,卖盘
1069,13:03:44,10.84,0.01,8,8672,买盘
1070,13:03:40,10.83,--,2,2166,买盘
1071,13:03:35,10.83,0.01,10,10830,买盘
1072,13:03:29,10.82,--,2,2164,卖盘
1073,13:03:25,10.82,0.01,6,6492,卖盘
1074,13:03:20,10.81,0.01,10,10810,卖盘
1075,13:03:14,10.8,-0.01,53,57240,卖盘
1076,13:03:05,10.81,--,27,29187,买盘
1077,13:02:59,10.81,0.01,28,30268,买盘
1078,13:02:50,10.8,--,41,44280,卖盘
1079,13:02:44,10.8,--,17,18532,买盘
1080,13:02:40,10.8,0.02,16,17280,买盘
1081,13:02:35,10.78,-0.02,80,86240,卖盘
1082,13:02:29,10.8,0.01,21,22680,买盘
1083,13:02:20,10.79,0.04,1,1079,买盘
1084,13:02:14,10.75,-0.02,500,537500,卖盘
1085,13:02:05,10.77,-0.01,65,70005,卖盘
1086,13:01:59,10.78,--,25,26950,卖盘
1087,13:01:55,10.78,0.01,20,21560,卖盘
1088,13:01:49,10.77,--,0,0,卖盘
1089,13:01:44,10.77,-0.01,71,76467,卖盘
1090,13:01:34,10.78,--,10,10780,买盘
1091,13:01:29,10.78,-0.02,198,213444,卖盘
1092,13:01:23,10.8,--,28,31147,卖盘
1093,13:01:19,10.8,--,45,48600,卖盘
1094,13:01:14,10.8,--,21,22680,卖盘
1095,13:01:08,10.8,--,73,78840,卖盘
1096,13:01:04,10.8,--,33,35640,卖盘
1097,13:00:59,10.8,--,44,47520,卖盘
1098,13:00:53,10.8,--,46,49680,卖盘
1099,13:00:49,10.8,--,200,216000,卖盘
1100,13:00:44,10.8,--,41,44280,卖盘
1101,13:00:38,10.8,--,20,21600,卖盘
1102,13:00:34,10.8,--,21,22680,卖盘
1103,13:00:29,10.8,-0.01,12,12960,卖盘
1104,13:00:23,10.81,--,32,34592,买盘
1105,13:00:19,10.81,-0.01,188,203228,卖盘
1106,13:00:14,10.82,0.01,78,84396,中性盘
1107,13:00:08,10.81,--,2005,2167405,卖盘
1108,13:00:04,10.81,--,3,3243,卖盘
1109,11:30:00,10.81,--,0,0,卖盘
1110,11:30:00,10.81,--,0,0,卖盘
1111,11:29:59,10.81,-0.01,24,25944,卖盘
1112,11:29:50,10.82,0.01,3,3246,中性盘
1113,11:29:45,10.81,--,35,37835,买盘
1114,11:29:39,10.81,--,14,15134,买盘
1115,11:29:35,10.81,--,38,41078,卖盘
1116,11:29:30,10.81,-0.02,18,19458,卖盘
1117,11:29:24,10.83,0.02,21,22743,买盘
1118,11:29:20,10.81,-0.01,48,51888,卖盘
1119,11:29:15,10.82,0.01,11,11902,买盘
1120,11:29:09,10.81,0.01,10,10810,卖盘
1121,11:29:05,10.8,-0.01,214,231120,卖盘
1122,11:29:00,10.81,-0.01,16,17296,卖盘
1123,11:28:50,10.82,-0.01,82,88724,卖盘
1124,11:28:39,10.83,--,1,1083,买盘
1125,11:28:35,10.83,0.01,36,38988,买盘
1126,11:28:30,10.82,--,32,34624,卖盘
1127,11:28:24,10.82,0.01,10,10820,中性盘
1128,11:28:20,10.81,-0.01,212,229172,卖盘
1129,11:28:15,10.82,--,10,10820,买盘
1130,11:28:09,10.82,--,111,120102,买盘
1131,11:28:05,10.82,--,63,68166,买盘
1132,11:28:00,10.82,-0.01,139,150398,卖盘
1133,11:27:54,10.83,0.01,33,35739,买盘
1134,11:27:50,10.82,-0.01,96,103872,卖盘
1135,11:27:45,10.83,0.01,98,106307,中性盘
1136,11:27:39,10.82,-0.01,32,34624,卖盘
1137,11:27:35,10.83,--,1,1083,卖盘
1138,11:27:30,10.83,0.01,70,75810,买盘
1139,11:27:24,10.82,--,10,10820,卖盘
1140,11:27:20,10.82,--,82,88724,卖盘
1141,11:27:15,10.82,--,77,83314,买盘
1142,11:27:09,10.82,0.01,375,405750,买盘
1143,11:27:05,10.81,-0.01,101,109181,卖盘
1144,11:27:00,10.82,-0.01,127,137414,卖盘
1145,11:26:50,10.83,--,24,25992,买盘
1146,11:26:45,10.83,-0.02,130,140790,卖盘
1147,11:26:39,10.85,0.01,41,44485,买盘
1148,11:26:35,10.84,-0.01,13,14092,卖盘
1149,11:26:30,10.85,0.01,23,24955,买盘
1150,11:26:24,10.84,--,28,30352,卖盘
1151,11:26:20,10.84,-0.01,98,106232,卖盘
1152,11:26:15,10.85,--,126,136710,卖盘
1153,11:26:09,10.85,-0.01,10,10850,卖盘
1154,11:26:05,10.86,0.01,244,264984,买盘
1155,11:26:00,10.85,--,28,30380,卖盘
1156,11:25:54,10.85,-0.01,3,3255,卖盘
1157,11:25:49,10.86,0.01,232,251952,买盘
1158,11:25:35,10.85,-0.01,172,186620,卖盘
1159,11:25:29,10.86,--,2,2172,卖盘
1160,11:25:20,10.86,--,12,13032,卖盘
1161,11:25:14,10.86,--,28,30408,卖盘
1162,11:25:09,10.86,--,28,30408,卖盘
1163,11:25:05,10.86,-0.02,440,477840,卖盘
1164,11:24:59,10.88,--,84,91392,买盘
1165,11:24:49,10.88,--,8,8704,买盘
1166,11:24:44,10.88,--,5,5440,买盘
1167,11:24:39,10.88,-0.01,290,316227,卖盘
1168,11:24:34,10.89,0.01,137,149193,买盘
1169,11:24:29,10.88,--,30,32640,卖盘
1170,11:24:19,10.88,--,10,10880,卖盘
1171,11:24:14,10.88,--,60,65280,卖盘
1172,11:24:09,10.88,--,21,22848,卖盘
1173,11:24:03,10.88,--,26,28288,卖盘
1174,11:23:59,10.88,-0.01,15,16320,卖盘
1175,11:23:54,10.89,0.01,20,21780,买盘
1176,11:23:44,10.88,-0.01,11,11968,卖盘
1177,11:23:39,10.89,0.01,6,6534,买盘
1178,11:23:33,10.88,-0.01,1,1088,卖盘
1179,11:23:29,10.89,--,50,54450,买盘
1180,11:23:24,10.89,--,11,11979,买盘
1181,11:23:14,10.89,--,12,13068,卖盘
1182,11:23:09,10.89,--,206,224334,卖盘
1183,11:23:03,10.89,--,7,7623,卖盘
1184,11:22:59,10.89,0.01,182,198568,买盘
1185,11:22:54,10.88,--,70,76160,卖盘
1186,11:22:48,10.88,-0.01,100,108800,卖盘
1187,11:22:44,10.89,0.01,40,43560,买盘
1188,11:22:39,10.88,-0.01,59,64192,卖盘
1189,11:22:33,10.89,0.01,23,25047,买盘
1190,11:22:24,10.88,-0.01,61,66368,卖盘
1191,11:22:18,10.89,--,3,3267,买盘
1192,11:22:14,10.89,0.01,22,23958,买盘
1193,11:22:09,10.88,--,2,2176,卖盘
1194,11:22:02,10.88,-0.01,1,1088,卖盘
1195,11:21:59,10.89,--,22,23958,买盘
1196,11:21:54,10.89,--,51,56257,卖盘
1197,11:21:44,10.89,-0.01,19,21061,卖盘
1198,11:21:39,10.9,0.01,20,21800,买盘
1199,11:21:33,10.89,-0.01,10,10890,卖盘
1200,11:21:29,10.9,0.01,24,26160,买盘
1201,11:21:24,10.89,-0.01,11,11979,卖盘
1202,11:21:18,10.9,--,7,7630,买盘
1203,11:21:14,10.9,--,3,3270,买盘
1204,11:21:09,10.9,-0.01,18,20339,卖盘
1205,11:21:03,10.91,--,34,37094,买盘
1206,11:20:59,10.91,--,105,114555,买盘
1207,11:20:54,10.91,--,18,19638,买盘
1208,11:20:48,10.91,0.01,24,26554,买盘
1209,11:20:44,10.9,-0.01,27,29430,卖盘
1210,11:20:39,10.91,0.01,7,7637,买盘
1211,11:20:33,10.9,-0.01,2,2180,卖盘
1212,11:20:29,10.91,--,3,3273,买盘
1213,11:20:24,10.91,--,3,3273,买盘
1214,11:20:14,10.91,0.01,32,34912,买盘
1215,11:20:09,10.9,--,16,17440,卖盘
1216,11:20:03,10.9,--,11,11990,卖盘
1217,11:19:59,10.9,--,56,61040,卖盘
1218,11:19:48,10.9,-0.01,14,15260,卖盘
1219,11:19:44,10.91,0.01,13,14183,买盘
1220,11:19:39,10.9,--,6,6540,卖盘
1221,11:19:32,10.9,--,53,57770,卖盘
1222,11:19:29,10.9,--,35,38150,卖盘
1223,11:19:24,10.9,--,5,5450,卖盘
1224,11:19:14,10.9,--,67,73030,买盘
1225,11:19:09,10.9,0.01,32,34880,买盘
1226,11:19:03,10.89,-0.01,25,27225,卖盘
1227,11:18:54,10.9,0.01,32,34880,买盘
1228,11:18:43,10.89,0.01,58,63162,买盘
1229,11:18:39,10.88,--,99,107712,卖盘
1230,11:18:33,10.88,--,1,1088,卖盘
1231,11:18:29,10.88,--,1,1088,卖盘
1232,11:18:23,10.88,-0.01,21,22848,卖盘
1233,11:18:13,10.89,0.01,50,54450,买盘
1234,11:18:09,10.88,--,189,205632,买盘
1235,11:18:02,10.88,--,38,41344,买盘
1236,11:17:58,10.88,0.01,10,10880,买盘
1237,11:17:53,10.87,-0.02,500,543500,卖盘
1238,11:17:48,10.89,--,12,13068,买盘
1239,11:17:44,10.89,--,93,101277,买盘
1240,11:17:38,10.89,--,218,237402,买盘
1241,11:17:33,10.89,0.01,30,32670,买盘
1242,11:17:27,10.88,-0.01,37,40256,卖盘
1243,11:17:23,10.89,--,18,19602,买盘
1244,11:17:18,10.89,--,14,15246,买盘
1245,11:17:12,10.89,--,201,218889,卖盘
1246,11:17:08,10.89,--,20,21780,卖盘
1247,11:17:02,10.89,-0.01,5,5445,卖盘
1248,11:16:57,10.9,--,148,161320,卖盘
1249,11:16:53,10.9,-0.01,89,97010,卖盘
1250,11:16:48,10.91,--,8,8728,买盘
1251,11:16:42,10.91,--,5,5455,买盘
1252,11:16:38,10.91,0.01,11,12001,买盘
1253,11:16:33,10.9,-0.02,172,187480,卖盘
1254,11:16:27,10.92,--,131,143052,买盘
1255,11:16:23,10.92,--,20,21840,买盘
1256,11:16:18,10.92,--,6,6552,买盘
1257,11:16:08,10.92,--,31,33852,卖盘
1258,11:16:03,10.92,--,71,77532,卖盘
1259,11:15:57,10.92,--,1,1092,卖盘
1260,11:15:53,10.92,-0.01,4,4368,卖盘
1261,11:15:48,10.93,0.01,18,19674,买盘
1262,11:15:42,10.92,--,1,1092,卖盘
1263,11:15:38,10.92,--,121,132132,卖盘
1264,11:15:33,10.92,-0.01,12,13104,卖盘
1265,11:15:23,10.93,0.01,3,3279,买盘
1266,11:15:18,10.92,-0.01,100,109200,卖盘
1267,11:15:08,10.93,0.01,16,17488,买盘
1268,11:15:03,10.92,--,2,2184,卖盘
1269,11:14:57,10.92,-0.01,7,7644,买盘
1270,11:14:53,10.93,0.01,100,109300,买盘
1271,11:14:48,10.92,-0.01,71,77532,卖盘
1272,11:14:38,10.93,0.01,6,6558,买盘
1273,11:14:33,10.92,--,578,631176,卖盘
1274,11:14:23,10.92,--,156,170352,卖盘
1275,11:14:18,10.92,--,155,169260,卖盘
1276,11:14:12,10.92,0.01,83,90636,买盘
1277,11:14:08,10.91,--,128,139648,卖盘
1278,11:14:03,10.91,--,2,2182,卖盘
1279,11:13:56,10.91,--,18,19638,卖盘
1280,11:13:53,10.91,--,4,4364,卖盘
1281,11:13:47,10.91,--,29,31639,买盘
1282,11:13:42,10.91,--,11,12001,买盘
1283,11:13:38,10.91,0.01,51,55641,买盘
1284,11:13:32,10.9,--,11,11990,卖盘
1285,11:13:26,10.9,-0.01,27,29430,卖盘
1286,11:13:23,10.91,0.01,170,185470,买盘
1287,11:13:18,10.9,0.01,75,81750,买盘
1288,11:13:11,10.89,-0.01,5,5445,卖盘
1289,11:13:08,10.9,0.01,50,54500,买盘
1290,11:13:03,10.89,--,14,15246,买盘
1291,11:12:57,10.89,--,14,15246,买盘
1292,11:12:53,10.89,--,106,115434,买盘
1293,11:12:48,10.89,0.01,12,13068,买盘
1294,11:12:41,10.88,-0.01,7,7616,卖盘
1295,11:12:38,10.89,--,138,150282,买盘
1296,11:12:32,10.89,0.02,19,20691,买盘
1297,11:12:26,10.87,--,0,0,卖盘
1298,11:12:23,10.87,-0.01,242,263064,卖盘
1299,11:12:18,10.88,0.02,26,28288,买盘
1300,11:12:11,10.86,-0.01,111,120546,卖盘
1301,11:12:07,10.87,0.01,125,135875,买盘
1302,11:12:02,10.86,--,105,114030,买盘
1303,11:11:56,10.86,--,27,29322,买盘
1304,11:11:53,10.86,--,26,28236,买盘
1305,11:11:47,10.86,--,51,55386,买盘
1306,11:11:41,10.86,--,16,17376,买盘
1307,11:11:38,10.86,--,52,56472,卖盘
1308,11:11:32,10.86,0.02,93,100998,卖盘
1309,11:11:26,10.84,-0.03,416,450944,卖盘
1310,11:11:23,10.87,-0.01,262,284794,中性盘
1311,11:11:17,10.88,--,730,794240,买盘
1312,11:11:11,10.88,--,40,43520,买盘
1313,11:11:08,10.88,0.01,69,75072,买盘
1314,11:11:02,10.87,-0.01,75,81525,卖盘
1315,11:10:56,10.88,--,5,5440,买盘
1316,11:10:50,10.88,--,18,19584,买盘
1317,11:10:47,10.88,-0.01,882,959616,卖盘
1318,11:10:41,10.89,0.01,222,241758,买盘
1319,11:10:35,10.88,--,129,140352,卖盘
1320,11:10:32,10.88,-0.01,228,248064,卖盘
1321,11:10:26,10.89,--,55,59895,买盘
1322,11:10:20,10.89,--,11,11979,买盘
1323,11:10:17,10.89,--,7,7623,买盘
1324,11:10:11,10.89,--,121,131769,卖盘
1325,11:10:05,10.89,--,27,29403,卖盘
1326,11:10:02,10.89,--,36,39204,卖盘
1327,11:09:56,10.89,-0.01,151,164439,卖盘
1328,11:09:50,10.9,0.01,66,71940,买盘
1329,11:09:47,10.89,--,26,28314,卖盘
1330,11:09:41,10.89,-0.01,63,68607,卖盘
1331,11:09:35,10.9,--,16,17440,买盘
1332,11:09:32,10.9,--,226,246340,卖盘
1333,11:09:26,10.9,-0.01,18,19620,卖盘
1334,11:09:20,10.91,--,5,5455,买盘
1335,11:09:17,10.91,0.01,95,103645,买盘
1336,11:09:11,10.9,-0.01,440,479600,卖盘
1337,11:09:05,10.91,0.01,21,22911,买盘
1338,11:09:02,10.9,-0.01,24,26160,卖盘
1339,11:08:56,10.91,--,160,174560,卖盘
1340,11:08:47,10.91,--,36,39276,卖盘
1341,11:08:41,10.91,0.01,37,40367,中性盘
1342,11:08:35,10.9,-0.01,75,81750,卖盘
1343,11:08:32,10.91,--,30,32730,卖盘
1344,11:08:26,10.91,--,42,45822,卖盘
1345,11:08:20,10.91,0.01,21,22911,中性盘
1346,11:08:17,10.9,--,41,44690,卖盘
1347,11:08:11,10.9,--,16,17440,卖盘
1348,11:08:05,10.9,--,0,0,卖盘
1349,11:08:02,10.9,-0.02,97,105730,卖盘
1350,11:07:56,10.92,-0.02,9,9828,中性盘
1351,11:07:50,10.94,-0.01,0,1006,卖盘
1352,11:07:47,10.95,0.01,1626,1780557,买盘
1353,11:07:41,10.94,-0.01,68,75398,卖盘
1354,11:07:35,10.95,0.01,102,111690,买盘
1355,11:07:32,10.94,--,17,18598,卖盘
1356,11:07:26,10.94,-0.01,13,14222,卖盘
1357,11:07:20,10.95,--,10,10950,卖盘
1358,11:07:17,10.95,--,148,162060,卖盘
1359,11:07:11,10.95,-0.01,112,122639,卖盘
1360,11:07:05,10.96,--,25,27400,卖盘
1361,11:07:02,10.96,--,61,66856,卖盘
1362,11:06:56,10.96,--,151,165496,卖盘
1363,11:06:50,10.96,-0.01,88,96448,卖盘
1364,11:06:47,10.97,0.01,12,13164,买盘
1365,11:06:41,10.96,-0.01,128,140288,卖盘
1366,11:06:35,10.97,0.01,77,84469,买盘
1367,11:06:32,10.96,--,41,44936,卖盘
1368,11:06:26,10.96,--,94,103024,卖盘
1369,11:06:20,10.96,-0.01,108,118368,卖盘
1370,11:06:17,10.97,-0.01,276,302859,卖盘
1371,11:06:11,10.98,0.01,139,152622,买盘
1372,11:06:02,10.97,-0.01,555,608835,卖盘
1373,11:05:56,10.98,--,118,129564,买盘
1374,11:05:50,10.98,--,9,9882,买盘
1375,11:05:47,10.98,0.01,60,65880,买盘
1376,11:05:41,10.97,--,38,41686,卖盘
1377,11:05:35,10.97,--,53,58141,卖盘
1378,11:05:32,10.97,--,125,137125,卖盘
1379,11:05:26,10.97,--,44,48268,卖盘
1380,11:05:20,10.97,--,63,69111,卖盘
1381,11:05:17,10.97,--,29,31813,卖盘
1382,11:05:11,10.97,-0.01,70,76790,卖盘
1383,11:05:05,10.98,0.01,34,37332,买盘
1384,11:05:01,10.97,--,82,89954,卖盘
1385,11:04:56,10.97,--,69,75693,卖盘
1386,11:04:50,10.97,--,13,14261,卖盘
1387,11:04:46,10.97,--,121,132737,卖盘
1388,11:04:41,10.97,--,5,5485,卖盘
1389,11:04:35,10.97,0.02,208,229185,买盘
1390,11:04:31,10.95,--,65,71175,卖盘
1391,11:04:26,10.95,--,7,7664,卖盘
1392,11:04:20,10.95,--,3,3285,卖盘
1393,11:04:16,10.95,-0.01,1,1095,卖盘
1394,11:04:11,10.96,0.01,44,48224,买盘
1395,11:04:05,10.95,0.01,47,51465,买盘
1396,11:04:01,10.94,--,2,2188,卖盘
1397,11:03:56,10.94,--,135,147777,买盘
1398,11:03:50,10.94,0.01,18,19692,买盘
1399,11:03:46,10.93,--,3,3279,卖盘
1400,11:03:41,10.93,--,224,244832,买盘
1401,11:03:35,10.93,0.01,26,28418,买盘
1402,11:03:31,10.92,-0.01,3,3276,卖盘
1403,11:03:26,10.93,--,149,162857,买盘
1404,11:03:20,10.93,0.01,185,202205,买盘
1405,11:03:14,10.92,--,11,12012,卖盘
1406,11:03:11,10.92,0.01,168,183456,买盘
1407,11:03:05,10.91,--,211,230201,卖盘
1408,11:02:56,10.91,0.01,4,4364,买盘
1409,11:02:50,10.9,-0.02,19,20710,卖盘
1410,11:02:44,10.92,-0.01,41,44772,卖盘
1411,11:02:41,10.93,0.03,167,182531,买盘
1412,11:02:35,10.9,-0.04,785,855650,卖盘
1413,11:02:29,10.94,--,118,129092,买盘
1414,11:02:26,10.94,--,187,204578,买盘
1415,11:02:20,10.94,0.01,55,60170,买盘
1416,11:02:14,10.93,-0.01,40,43720,买盘
1417,11:02:11,10.94,--,69,76492,买盘
1418,11:02:05,10.94,--,248,271399,买盘
1419,11:01:59,10.94,--,2,2188,买盘
1420,11:01:56,10.94,--,120,131280,买盘
1421,11:01:50,10.94,--,45,49230,买盘
1422,11:01:44,10.94,-0.01,28,30632,卖盘
1423,11:01:41,10.95,0.01,101,110595,买盘
1424,11:01:35,10.94,-0.01,103,112682,卖盘
1425,11:01:29,10.95,--,25,27375,卖盘
1426,11:01:26,10.95,--,138,151110,买盘
1427,11:01:20,10.95,-0.01,36,39420,卖盘
1428,11:01:14,10.96,--,24,26304,买盘
1429,11:01:11,10.96,0.01,80,87680,买盘
1430,11:01:05,10.95,-0.01,510,558450,卖盘
1431,11:00:59,10.96,-0.01,9,9864,卖盘
1432,11:00:56,10.97,0.01,59,64723,中性盘
1433,11:00:50,10.96,--,123,134808,卖盘
1434,11:00:41,10.96,--,67,73432,卖盘
1435,11:00:35,10.96,-0.01,221,242216,卖盘
1436,11:00:26,10.97,--,123,134931,卖盘
1437,11:00:20,10.97,--,13,14261,卖盘
1438,11:00:14,10.97,--,78,85566,卖盘
1439,11:00:11,10.97,-0.01,308,337876,卖盘
1440,11:00:05,10.98,-0.01,69,75762,卖盘
1441,10:59:59,10.99,--,27,29673,卖盘
1442,10:59:56,10.99,-0.01,35,38465,卖盘
1443,10:59:50,11.0,--,10,11000,卖盘
1444,10:59:44,11.0,--,60,66000,卖盘
1445,10:59:41,11.0,--,124,136400,卖盘
1446,10:59:35,11.0,--,77,84700,卖盘
1447,10:59:29,11.0,--,115,126500,卖盘
1448,10:59:26,11.0,--,331,364100,卖盘
1449,10:59:20,11.0,--,33,36300,卖盘
1450,10:59:14,11.0,--,20,22000,卖盘
1451,10:59:11,11.0,--,4,4400,卖盘
1452,10:59:05,11.0,--,53,58300,卖盘
1453,10:58:59,11.0,--,97,106700,卖盘
1454,10:58:56,11.0,-0.01,89,97900,卖盘
1455,10:58:44,11.01,--,28,30828,买盘
1456,10:58:41,11.01,--,9,9909,买盘
1457,10:58:35,11.01,0.01,165,181665,买盘
1458,10:58:29,11.0,-0.01,13,14300,卖盘
1459,10:58:26,11.01,0.01,38,41838,买盘
1460,10:58:20,11.0,--,199,218900,卖盘
1461,10:58:14,11.0,-0.01,50,55000,卖盘
1462,10:58:10,11.01,0.01,16,17616,买盘
1463,10:58:05,11.0,-0.01,149,163900,卖盘
1464,10:57:59,11.01,0.01,8,8808,卖盘
1465,10:57:56,11.0,-0.01,135,148500,卖盘
1466,10:57:50,11.01,0.01,48,52848,中性盘
1467,10:57:44,11.0,-0.02,21,23100,卖盘
1468,10:57:40,11.02,0.02,112,123424,买盘
1469,10:57:35,11.0,-0.01,53,58300,卖盘
1470,10:57:29,11.01,--,25,27525,卖盘
1471,10:57:20,11.01,-0.01,116,127716,卖盘
1472,10:57:10,11.02,0.01,8,8816,买盘
1473,10:57:05,11.01,--,265,291765,卖盘
1474,10:56:59,11.01,-0.01,6,6606,卖盘
1475,10:56:55,11.02,--,3,3306,买盘
1476,10:56:50,11.02,--,32,35264,买盘
1477,10:56:44,11.02,--,160,176320,买盘
1478,10:56:40,11.02,0.01,90,99180,买盘
1479,10:56:35,11.01,-0.01,271,298371,卖盘
1480,10:56:29,11.02,--,1,1102,买盘
1481,10:56:25,11.02,--,1,1102,买盘
1482,10:56:20,11.02,0.01,13,14326,买盘
1483,10:56:14,11.01,--,1,1101,卖盘
1484,10:56:10,11.01,-0.01,22,24222,卖盘
1485,10:56:05,11.02,--,104,114608,卖盘
1486,10:55:59,11.02,--,15,16530,卖盘
1487,10:55:50,11.02,--,10,11020,卖盘
1488,10:55:44,11.02,--,109,120118,卖盘
1489,10:55:35,11.02,-0.01,50,55100,卖盘
1490,10:55:29,11.03,--,241,265823,买盘
1491,10:55:23,11.03,0.01,20,22060,买盘
1492,10:55:20,11.02,--,132,145464,卖盘
1493,10:55:14,11.02,-0.01,56,61712,卖盘
1494,10:55:08,11.03,0.01,21,23163,买盘
1495,10:55:05,11.02,-0.01,6,6612,卖盘
1496,10:54:59,11.03,0.01,54,59562,买盘
1497,10:54:53,11.02,-0.01,10,11295,卖盘
1498,10:54:50,11.03,--,56,61768,卖盘
1499,10:54:44,11.03,-0.01,100,110300,卖盘
1500,10:54:38,11.04,0.01,25,27599,买盘
1501,10:54:35,11.03,--,6,6618,卖盘
1502,10:54:29,11.03,-0.01,8,8824,卖盘
1503,10:54:20,11.04,0.01,237,261647,买盘
1504,10:54:14,11.03,-0.01,565,623195,卖盘
1505,10:54:08,11.04,--,100,110399,买盘
1506,10:54:05,11.04,--,15,16560,买盘
1507,10:53:59,11.04,--,225,248399,卖盘
1508,10:53:50,11.04,-0.01,5,5520,卖盘
1509,10:53:44,11.05,--,38,41990,买盘
1510,10:53:38,11.05,--,11,12155,买盘
1511,10:53:35,11.05,0.01,26,28730,买盘
1512,10:53:29,11.04,-0.01,18,19872,卖盘
1513,10:53:23,11.05,--,0,0,买盘
1514,10:53:20,11.05,--,3,3315,买盘
1515,10:53:14,11.05,--,97,107185,买盘
1516,10:53:08,11.05,--,92,101660,买盘
1517,10:53:05,11.05,--,44,48620,买盘
1518,10:52:59,11.05,0.02,26,28730,买盘
1519,10:52:53,11.03,--,20,22060,卖盘
1520,10:52:50,11.03,-0.02,156,172068,卖盘
1521,10:52:44,11.05,--,3,3315,买盘
1522,10:52:35,11.05,0.02,6,6630,买盘
1523,10:52:20,11.03,--,10,11030,卖盘
1524,10:52:14,11.03,--,11,12960,买盘
1525,10:52:08,11.03,--,27,29781,买盘
1526,10:52:05,11.03,--,32,35296,买盘
1527,10:51:59,11.03,--,56,61768,买盘
1528,10:51:53,11.03,0.01,30,33090,买盘
1529,10:51:50,11.02,--,14,15428,卖盘
1530,10:51:44,11.02,--,3,3306,卖盘
1531,10:51:38,11.02,--,5,5510,买盘
1532,10:51:34,11.02,0.01,33,36366,买盘
1533,10:51:29,11.01,--,78,85878,卖盘
1534,10:51:23,11.01,-0.01,68,74868,卖盘
1535,10:51:19,11.02,--,43,47386,买盘
1536,10:51:14,11.02,--,94,103588,买盘
1537,10:51:08,11.02,--,8,8816,买盘
1538,10:51:04,11.02,--,3,3306,买盘
1539,10:50:59,11.02,-0.01,31,34162,卖盘
1540,10:50:53,11.03,0.03,23,25369,买盘
1541,10:50:49,11.0,--,0,0,卖盘
1542,10:50:44,11.0,-0.03,439,482900,卖盘
1543,10:50:38,11.03,--,25,27575,买盘
1544,10:50:34,11.03,0.01,18,19854,买盘
1545,10:50:29,11.02,-0.01,150,165300,卖盘
1546,10:50:23,11.03,--,32,35296,买盘
1547,10:50:14,11.03,0.01,70,77210,买盘
1548,10:50:08,11.02,--,36,39672,买盘
1549,10:50:04,11.02,--,13,14326,卖盘
1550,10:49:59,11.02,-0.01,717,790134,卖盘
1551,10:49:53,11.03,--,31,34193,买盘
1552,10:49:49,11.03,0.03,133,146699,买盘
1553,10:49:44,11.0,-0.01,485,533500,卖盘
1554,10:49:38,11.01,--,72,79272,买盘
1555,10:49:34,11.01,--,9,9909,买盘
1556,10:49:29,11.01,0.01,123,135423,买盘
1557,10:49:23,11.0,-0.01,86,94600,卖盘
1558,10:49:19,11.01,0.01,92,101292,买盘
1559,10:49:14,11.0,--,26,28600,卖盘
1560,10:49:08,11.0,-0.01,55,60500,卖盘
1561,10:49:04,11.01,--,3,3303,买盘
1562,10:48:59,11.01,--,139,153039,卖盘
1563,10:48:53,11.01,--,155,170655,卖盘
1564,10:48:49,11.01,--,58,63858,卖盘
1565,10:48:44,11.01,-0.03,51,56151,卖盘
1566,10:48:38,11.04,0.01,375,413999,买盘
1567,10:48:34,11.03,--,10,11030,买盘
1568,10:48:29,11.03,--,63,69489,卖盘
1569,10:48:23,11.03,-0.01,22,24266,卖盘
1570,10:48:19,11.04,--,7,7727,买盘
1571,10:48:14,11.04,--,80,88320,买盘
1572,10:48:08,11.04,--,3019,3333174,卖盘
1573,10:48:02,11.04,-0.01,9,9936,卖盘
1574,10:47:59,11.05,0.01,4,4420,买盘
1575,10:47:53,11.04,-0.01,201,221903,卖盘
1576,10:47:47,11.05,--,35,38675,卖盘
1577,10:47:44,11.05,--,27,29835,卖盘
1578,10:47:38,11.05,0.01,169,186745,买盘
1579,10:47:32,11.04,-0.01,104,114815,卖盘
1580,10:47:29,11.05,--,58,64090,买盘
1581,10:47:23,11.05,--,29,32045,买盘
1582,10:47:17,11.05,-0.01,10,11050,中性盘
1583,10:47:14,11.06,0.01,9,9954,买盘
1584,10:47:08,11.05,--,22,24310,卖盘
1585,10:47:02,11.05,-0.01,12,13260,卖盘
1586,10:46:59,11.06,--,35,38710,买盘
1587,10:46:53,11.06,-0.01,2083,2303798,卖盘
1588,10:46:47,11.07,--,110,121770,买盘
1589,10:46:44,11.07,--,26,28782,买盘
1590,10:46:38,11.07,0.01,58,64206,买盘
1591,10:46:32,11.06,-0.01,1,1106,卖盘
1592,10:46:29,11.07,0.01,19,21033,中性盘
1593,10:46:23,11.06,-0.02,221,244426,卖盘
1594,10:46:17,11.08,0.01,57,63156,买盘
1595,10:46:14,11.07,-0.01,110,121770,卖盘
1596,10:46:08,11.08,--,157,173956,买盘
1597,10:45:59,11.08,-0.01,110,121880,卖盘
1598,10:45:53,11.09,0.01,31,34379,买盘
1599,10:45:47,11.08,-0.01,268,296944,卖盘
1600,10:45:43,11.09,--,30,33270,买盘
1601,10:45:38,11.09,--,51,56559,买盘
1602,10:45:32,11.09,-0.01,5,5545,中性盘
1603,10:45:29,11.1,0.02,85,94350,买盘
1604,10:45:23,11.08,-0.01,5,5540,卖盘
1605,10:45:13,11.09,0.01,81,89829,买盘
1606,10:45:08,11.08,--,137,151796,卖盘
1607,10:45:02,11.08,--,10,11080,卖盘
1608,10:44:58,11.08,--,46,50968,卖盘
1609,10:44:38,11.08,0.01,5,5540,买盘
1610,10:44:32,11.07,-0.01,21,23247,卖盘
1611,10:44:28,11.08,--,92,101936,买盘
1612,10:44:23,11.08,--,51,56508,买盘
1613,10:44:17,11.08,--,10,11080,买盘
1614,10:44:13,11.08,0.01,16,17728,买盘
1615,10:44:08,11.07,--,33,36531,卖盘
1616,10:44:02,11.07,--,37,40959,卖盘
1617,10:43:58,11.07,-0.01,82,90774,卖盘
1618,10:43:53,11.08,--,40,44320,买盘
1619,10:43:47,11.08,0.01,20,22160,买盘
1620,10:43:38,11.07,--,117,129519,卖盘
1621,10:43:32,11.07,--,50,55350,卖盘
1622,10:43:28,11.07,-0.01,18,19926,卖盘
1623,10:43:23,11.08,--,46,50968,买盘
1624,10:43:17,11.08,0.01,30,33240,买盘
1625,10:43:13,11.07,-0.01,1,1107,卖盘
1626,10:43:08,11.08,--,4,4432,买盘
1627,10:43:02,11.08,--,78,86424,买盘
1628,10:42:58,11.08,--,25,27700,买盘
1629,10:42:53,11.08,0.01,263,291404,中性盘
1630,10:42:47,11.07,-0.01,68,75276,卖盘
1631,10:42:43,11.08,--,4,4432,卖盘
1632,10:42:38,11.08,0.01,42,46536,买盘
1633,10:42:32,11.07,-0.01,1,1107,卖盘
1634,10:42:28,11.08,--,101,111908,卖盘
1635,10:42:23,11.08,-0.01,15,16620,卖盘
1636,10:42:17,11.09,--,3,3327,卖盘
1637,10:42:13,11.09,--,28,31052,卖盘
1638,10:42:08,11.09,--,119,131971,卖盘
1639,10:42:02,11.09,-0.01,5,5545,卖盘
1640,10:41:53,11.1,--,280,310800,卖盘
1641,10:41:47,11.1,--,39,43290,卖盘
1642,10:41:43,11.1,--,12,13320,卖盘
1643,10:41:38,11.1,--,70,77700,卖盘
1644,10:41:32,11.1,--,49,54390,卖盘
1645,10:41:28,11.1,--,40,44400,卖盘
1646,10:41:23,11.1,--,5,5550,卖盘
1647,10:41:17,11.1,--,15,16650,卖盘
1648,10:41:13,11.1,-0.01,11,12210,卖盘
1649,10:41:08,11.11,--,126,139986,卖盘
1650,10:41:02,11.11,--,60,66660,卖盘
1651,10:40:58,11.11,--,8,8888,卖盘
1652,10:40:53,11.11,--,66,73326,卖盘
1653,10:40:47,11.11,-0.01,19,21109,卖盘
1654,10:40:43,11.12,--,11,12232,买盘
1655,10:40:38,11.12,--,21,23352,卖盘
1656,10:40:32,11.12,--,17,18904,卖盘
1657,10:40:28,11.12,--,16,17792,卖盘
1658,10:40:23,11.12,--,10,11120,卖盘
1659,10:40:17,11.12,--,44,48928,卖盘
1660,10:40:11,11.12,--,23,25576,卖盘
1661,10:40:08,11.12,--,27,30023,卖盘
1662,10:40:02,11.12,--,35,38920,卖盘
1663,10:39:53,11.12,--,21,23352,卖盘
1664,10:39:47,11.12,-0.02,241,267992,卖盘
1665,10:39:41,11.14,-0.01,144,160416,卖盘
1666,10:39:38,11.15,-0.01,1,1115,卖盘
1667,10:39:32,11.16,--,81,90396,买盘
1668,10:39:26,11.16,0.01,6,6696,买盘
1669,10:39:22,11.15,-0.01,87,97005,卖盘
1670,10:39:17,11.16,0.01,155,172980,买盘
1671,10:39:11,11.15,--,12,13380,卖盘
1672,10:39:08,11.15,-0.01,23,25645,卖盘
1673,10:39:02,11.16,--,111,123876,卖盘
1674,10:38:56,11.16,--,63,70308,卖盘
1675,10:38:53,11.16,--,31,34596,卖盘
1676,10:38:47,11.16,--,3,3348,卖盘
1677,10:38:41,11.16,-0.01,35,39060,卖盘
1678,10:38:37,11.17,0.01,8,8936,买盘
1679,10:38:32,11.16,-0.01,10,11160,卖盘
1680,10:38:22,11.17,0.01,3,3351,买盘
1681,10:38:02,11.16,--,4,4464,卖盘
1682,10:37:53,11.16,--,55,61380,卖盘
1683,10:37:47,11.16,--,19,21204,卖盘
1684,10:37:41,11.16,--,10,11160,卖盘
1685,10:37:32,11.16,-0.01,240,267840,卖盘
1686,10:37:17,11.17,0.01,2,2234,买盘
1687,10:37:11,11.16,-0.01,2,2232,卖盘
1688,10:37:07,11.17,--,15,16755,卖盘
1689,10:37:02,11.17,--,15,16755,卖盘
1690,10:36:56,11.17,--,120,134040,卖盘
1691,10:36:52,11.17,--,12,13404,买盘
1692,10:36:41,11.17,-0.01,104,116168,卖盘
1693,10:36:37,11.18,0.01,7,7826,买盘
1694,10:36:32,11.17,--,32,35744,卖盘
1695,10:36:26,11.17,-0.01,135,150795,卖盘
1696,10:36:22,11.18,--,5,5590,买盘
1697,10:36:17,11.18,--,33,36894,买盘
1698,10:36:11,11.18,0.01,89,99502,中性盘
1699,10:36:07,11.17,-0.01,9,10053,卖盘
1700,10:36:02,11.18,-0.01,32,35776,中性盘
1701,10:35:56,11.19,0.01,105,117495,买盘
1702,10:35:52,11.18,--,64,71552,买盘
1703,10:35:47,11.18,0.01,74,82732,买盘
1704,10:35:41,11.17,-0.01,60,67020,卖盘
1705,10:35:37,11.18,0.01,50,55900,买盘
1706,10:35:32,11.17,--,12,13404,卖盘
1707,10:35:26,11.17,-0.01,44,49148,卖盘
1708,10:35:22,11.18,0.01,141,157638,买盘
1709,10:35:17,11.17,--,261,291537,买盘
1710,10:35:11,11.17,--,17,18989,买盘
1711,10:35:07,11.17,0.01,56,62552,买盘
1712,10:35:02,11.16,-0.01,32,35712,卖盘
1713,10:34:56,11.17,0.01,70,78190,买盘
1714,10:34:47,11.16,--,4,4464,卖盘
1715,10:34:41,11.16,0.01,56,63388,买盘
1716,10:34:37,11.15,--,6,6690,卖盘
1717,10:34:32,11.15,0.01,198,220770,买盘
1718,10:34:26,11.14,-0.01,4,4456,卖盘
1719,10:34:21,11.15,--,5,5575,买盘
1720,10:34:11,11.15,0.01,365,406975,买盘
1721,10:34:02,11.14,--,1,1114,卖盘
1722,10:33:56,11.14,-0.01,10,11140,卖盘
1723,10:33:52,11.15,--,110,122650,买盘
1724,10:33:47,11.15,--,1,1115,买盘
1725,10:33:37,11.15,--,11,12265,买盘
1726,10:33:31,11.15,0.01,11,12265,买盘
1727,10:33:26,11.14,-0.01,1,1114,卖盘
1728,10:33:22,11.15,--,14,15610,买盘
1729,10:33:11,11.15,0.01,1,1115,买盘
1730,10:33:07,11.14,--,10,11140,卖盘
1731,10:33:02,11.14,--,17,18938,卖盘
1732,10:32:56,11.14,--,27,30078,卖盘
1733,10:32:52,11.14,--,9,10026,卖盘
1734,10:32:32,11.14,-0.01,23,25622,卖盘
1735,10:32:26,11.15,0.01,5,5575,买盘
1736,10:32:20,11.14,-0.01,6,6684,卖盘
1737,10:32:17,11.15,0.01,10,11150,买盘
1738,10:32:02,11.14,-0.01,3,3342,卖盘
1739,10:31:56,11.15,0.01,100,111500,买盘
1740,10:31:47,11.14,-0.01,30,33420,卖盘
1741,10:31:41,11.15,--,100,111500,买盘
1742,10:31:35,11.15,0.02,122,136030,买盘
1743,10:31:32,11.13,-0.01,7,7791,卖盘
1744,10:31:26,11.14,0.01,23,25622,买盘
1745,10:31:20,11.13,-0.02,10,11130,卖盘
1746,10:31:11,11.15,0.01,15,16725,买盘
1747,10:31:05,11.14,--,0,0,中性盘
1748,10:31:01,11.14,0.01,1,1114,中性盘
1749,10:30:56,11.13,-0.01,11,12243,卖盘
1750,10:30:46,11.14,--,50,55700,买盘
1751,10:30:41,11.14,--,4,4456,买盘
1752,10:30:35,11.14,0.01,84,93576,卖盘
1753,10:30:25,11.13,-0.01,94,104622,卖盘
1754,10:30:05,11.14,--,36,40104,买盘
1755,10:29:56,11.14,0.01,14,15596,买盘
1756,10:29:50,11.13,--,42,46746,卖盘
1757,10:29:46,11.13,0.02,193,214942,买盘
1758,10:29:41,11.11,-0.02,81,90968,卖盘
1759,10:29:35,11.13,0.02,437,486381,买盘
1760,10:29:26,11.11,--,6,6666,卖盘
1761,10:29:20,11.11,--,37,41240,买盘
1762,10:29:16,11.11,-0.02,16,18753,卖盘
1763,10:29:11,11.13,0.02,6,6678,买盘
1764,10:29:05,11.11,--,1,1111,卖盘
1765,10:28:56,11.11,--,117,130120,卖盘
1766,10:28:46,11.11,-0.01,6,6666,卖盘
1767,10:28:40,11.12,0.01,3,3335,买盘
1768,10:28:35,11.11,--,444,493284,卖盘
1769,10:28:31,11.11,0.01,10,11110,卖盘
1770,10:28:26,11.1,-0.01,50,55500,卖盘
1771,10:28:20,11.11,0.01,12,13332,买盘
1772,10:28:16,11.1,--,1,1110,卖盘
1773,10:28:11,11.1,--,50,55500,卖盘
1774,10:28:05,11.1,--,51,56610,卖盘
1775,10:27:50,11.1,--,14,15540,卖盘
1776,10:27:35,11.1,--,2,2220,卖盘
1777,10:27:16,11.1,-0.01,45,49950,卖盘
1778,10:27:11,11.11,0.01,11,12221,买盘
1779,10:27:05,11.1,--,1,1110,卖盘
1780,10:27:01,11.1,--,7,7770,卖盘
1781,10:26:56,11.1,--,102,113486,买盘
1782,10:26:50,11.1,--,25,27750,买盘
1783,10:26:41,11.1,--,30,34143,卖盘
1784,10:26:35,11.1,--,6,6660,卖盘
1785,10:26:31,11.1,--,301,334110,卖盘
1786,10:26:26,11.1,--,5,5550,卖盘
1787,10:26:20,11.1,--,10,11100,卖盘
1788,10:26:16,11.1,--,3,3330,卖盘
1789,10:26:11,11.1,--,7,7770,卖盘
1790,10:26:05,11.1,--,6,6660,卖盘
1791,10:26:01,11.1,--,15,16650,卖盘
1792,10:25:56,11.1,--,12,13320,卖盘
1793,10:25:50,11.1,-0.01,9,9990,卖盘
1794,10:25:41,11.11,0.01,6,6666,买盘
1795,10:25:34,11.1,--,21,23310,卖盘
1796,10:25:25,11.1,--,3,3330,卖盘
1797,10:25:19,11.1,--,1,1110,卖盘
1798,10:25:11,11.1,--,13,14430,卖盘
1799,10:25:05,11.1,--,226,250860,卖盘
1800,10:25:00,11.1,--,1,1110,卖盘
1801,10:24:56,11.1,--,30,33566,买盘
1802,10:24:50,11.1,--,39,44133,卖盘
1803,10:24:43,11.1,--,1,1110,卖盘
1804,10:24:35,11.1,--,2,2220,卖盘
1805,10:24:30,11.1,--,10,11100,卖盘
1806,10:24:26,11.1,--,2,2220,卖盘
1807,10:24:05,11.1,--,122,135420,卖盘
1808,10:23:59,11.1,--,357,396536,买盘
1809,10:23:55,11.1,--,10,11100,买盘
1810,10:23:49,11.1,--,9,9990,买盘
1811,10:23:44,11.1,--,45,50793,卖盘
1812,10:23:40,11.1,--,7,7770,卖盘
1813,10:23:35,11.1,--,2,2220,卖盘
1814,10:23:29,11.1,--,161,178710,卖盘
1815,10:23:25,11.1,--,26,29415,卖盘
1816,10:23:19,11.1,--,6,6660,卖盘
1817,10:23:14,11.1,-0.01,10,11100,卖盘
1818,10:23:10,11.11,0.01,111,123321,买盘
1819,10:23:05,11.1,--,64,71040,卖盘
1820,10:22:58,11.1,--,19,21090,卖盘
1821,10:22:44,11.1,--,13,14430,卖盘
1822,10:22:35,11.1,--,43,48551,买盘
1823,10:22:14,11.1,--,222,246708,卖盘
1824,10:22:05,11.1,--,10,11100,卖盘
1825,10:21:59,11.1,-0.01,50,55500,卖盘
1826,10:21:50,11.11,--,11,12221,卖盘
1827,10:21:44,11.11,--,58,64438,卖盘
1828,10:21:40,11.11,--,14,15554,卖盘
1829,10:21:34,11.11,0.01,4,4444,卖盘
1830,10:21:25,11.1,--,0,0,卖盘
1831,10:21:20,11.1,-0.01,77,85470,卖盘
1832,10:21:14,11.11,--,2,2222,买盘
1833,10:21:04,11.11,-0.01,8,8888,卖盘
1834,10:20:58,11.12,--,1,1112,买盘
1835,10:20:50,11.12,0.02,50,55599,买盘
1836,10:20:40,11.1,--,7,7770,卖盘
1837,10:20:35,11.1,--,11,12210,卖盘
1838,10:20:19,11.1,-0.01,54,59940,卖盘
1839,10:20:10,11.11,--,5,5555,买盘
1840,10:20:04,11.11,0.01,357,396627,买盘
1841,10:19:59,11.1,-0.01,20,22200,卖盘
1842,10:19:55,11.11,0.01,17,18887,买盘
1843,10:19:49,11.1,--,10,11100,卖盘
1844,10:19:34,11.1,--,2,2220,卖盘
1845,10:19:28,11.1,--,10,11100,卖盘
1846,10:19:13,11.1,--,19,21090,卖盘
1847,10:19:05,11.1,-0.01,6,6660,卖盘
1848,10:18:58,11.11,--,5,5555,买盘
1849,10:18:49,11.11,0.01,11,12221,买盘
1850,10:18:44,11.1,-0.01,50,55500,卖盘
1851,10:18:40,11.11,0.01,1,1111,买盘
1852,10:18:35,11.1,--,37,41070,卖盘
1853,10:18:29,11.1,-0.01,363,402930,卖盘
1854,10:18:25,11.11,0.01,14,15554,买盘
1855,10:18:20,11.1,--,5,5550,卖盘
1856,10:18:13,11.1,--,61,68531,卖盘
1857,10:18:04,11.1,--,480,532800,买盘
1858,10:17:49,11.1,--,303,336330,卖盘
1859,10:17:34,11.1,-0.01,6,6660,卖盘
1860,10:17:29,11.11,0.01,5,5555,买盘
1861,10:17:23,11.1,-0.01,107,118770,卖盘
1862,10:17:19,11.11,--,56,62216,卖盘
1863,10:17:13,11.11,--,51,56661,卖盘
1864,10:17:09,11.11,0.01,30,33330,买盘
1865,10:17:04,11.1,-0.01,52,57720,卖盘
1866,10:16:59,11.11,--,27,29997,买盘
1867,10:16:53,11.11,-0.01,9,9999,卖盘
1868,10:16:49,11.12,0.01,2,2224,买盘
1869,10:16:44,11.11,--,150,166650,卖盘
1870,10:16:37,11.11,--,169,187759,卖盘
1871,10:16:34,11.11,0.01,78,86658,买盘
1872,10:16:29,11.1,--,41,45510,卖盘
1873,10:16:19,11.1,-0.01,100,111000,卖盘
1874,10:16:14,11.11,0.01,16,17776,买盘
1875,10:16:08,11.1,--,95,105450,卖盘
1876,10:15:59,11.1,-0.01,237,263070,卖盘
1877,10:15:52,11.11,--,16,17776,卖盘
1878,10:15:49,11.11,--,209,232199,买盘
1879,10:15:44,11.11,--,19,21109,买盘
1880,10:15:38,11.11,0.01,13,14443,中性盘
1881,10:15:34,11.1,--,3,3330,卖盘
1882,10:15:23,11.1,-0.01,59,65490,卖盘
1883,10:15:13,11.11,0.01,270,299970,买盘
1884,10:15:07,11.1,--,9,9990,卖盘
1885,10:15:04,11.1,--,10,11100,卖盘
1886,10:14:58,11.1,-0.02,13,14430,卖盘
1887,10:14:49,11.12,--,20,22240,买盘
1888,10:14:44,11.12,0.02,58,64495,买盘
1889,10:14:38,11.1,-0.02,9,9990,卖盘
1890,10:14:34,11.12,--,38,42256,卖盘
1891,10:14:28,11.12,0.02,71,78952,买盘
1892,10:14:23,11.1,--,9,9990,卖盘
1893,10:14:19,11.1,-0.02,7,7770,卖盘
1894,10:14:07,11.12,0.02,3,3335,买盘
1895,10:14:04,11.1,-0.01,1,1110,卖盘
1896,10:13:58,11.11,0.01,18,19998,中性盘
1897,10:13:53,11.1,--,10,11100,卖盘
1898,10:13:49,11.1,-0.01,98,108780,卖盘
1899,10:13:44,11.11,0.01,19,21109,买盘
1900,10:13:38,11.1,--,15,16650,卖盘
1901,10:13:34,11.1,-0.01,116,128760,卖盘
1902,10:13:29,11.11,0.01,33,36663,买盘
1903,10:13:23,11.1,--,9,9990,卖盘
1904,10:13:18,11.1,--,71,78810,卖盘
1905,10:13:13,11.1,-0.01,20,22200,卖盘
1906,10:13:08,11.11,0.01,7,7777,买盘
1907,10:13:04,11.1,--,1,1110,卖盘
1908,10:12:59,11.1,--,10,11100,卖盘
1909,10:12:52,11.1,--,23,25530,卖盘
1910,10:12:44,11.1,0.03,51,56643,买盘
1911,10:12:34,11.07,-0.03,1,1107,卖盘
1912,10:12:22,11.1,-0.01,90,100976,卖盘
1913,10:12:07,11.11,0.01,3,3333,买盘
1914,10:12:04,11.1,--,2,2220,卖盘
1915,10:11:59,11.1,--,2,2220,卖盘
1916,10:11:49,11.1,0.03,789,875823,买盘
1917,10:11:37,11.07,--,31,34317,买盘
1918,10:11:33,11.07,--,181,200367,卖盘
1919,10:11:29,11.07,-0.02,51,56457,卖盘
1920,10:11:23,11.09,0.02,21,23289,买盘
1921,10:11:18,11.07,--,9,9963,卖盘
1922,10:11:13,11.07,--,44,48708,卖盘
1923,10:11:08,11.07,-0.01,29,32103,卖盘
1924,10:11:03,11.08,-0.01,1,1108,卖盘
1925,10:10:58,11.09,0.01,13,14417,买盘
1926,10:10:53,11.08,--,19,21052,卖盘
1927,10:10:48,11.08,0.01,12,13296,中性盘
1928,10:10:44,11.07,-0.01,22,24354,卖盘
1929,10:10:38,11.08,0.01,2,2216,买盘
1930,10:10:33,11.07,--,14,15498,卖盘
1931,10:10:28,11.07,--,0,0,卖盘
1932,10:10:22,11.07,-0.01,23,25461,卖盘
1933,10:10:18,11.08,--,10,11080,卖盘
1934,10:10:13,11.08,--,6,6648,卖盘
1935,10:10:08,11.08,0.01,15,16620,买盘
1936,10:10:03,11.07,--,1,1107,卖盘
1937,10:09:58,11.07,-0.01,138,152766,卖盘
1938,10:09:53,11.08,--,2,2216,买盘
1939,10:09:48,11.08,-0.02,9,9972,中性盘
1940,10:09:37,11.1,0.02,10,11100,买盘
1941,10:09:33,11.08,--,14,15512,买盘
1942,10:09:28,11.08,--,40,44874,卖盘
1943,10:09:23,11.08,-0.01,215,238220,卖盘
1944,10:09:16,11.09,0.01,30,33270,买盘
1945,10:09:01,11.08,--,2,2216,卖盘
1946,10:08:58,11.08,--,10,11080,卖盘
1947,10:08:52,11.08,--,10,11080,卖盘
1948,10:08:46,11.08,0.01,140,155674,买盘
1949,10:08:37,11.07,--,6,6642,卖盘
1950,10:08:31,11.07,-0.01,33,36531,卖盘
1951,10:08:28,11.08,0.01,5,5540,买盘
1952,10:08:23,11.07,-0.01,57,63099,卖盘
1953,10:08:16,11.08,0.01,6,6648,买盘
1954,10:08:07,11.07,-0.01,7,7749,卖盘
1955,10:08:01,11.08,0.01,82,90856,买盘
1956,10:07:52,11.07,--,33,36531,买盘
1957,10:07:47,11.07,--,30,33210,买盘
1958,10:07:43,11.07,--,11,12177,卖盘
1959,10:07:37,11.07,--,19,21033,卖盘
1960,10:07:32,11.07,--,11,12177,卖盘
1961,10:07:22,11.07,0.01,55,60885,买盘
1962,10:07:17,11.06,--,2,2212,卖盘
1963,10:07:13,11.06,--,4,4424,卖盘
1964,10:07:07,11.06,--,11,12166,卖盘
1965,10:07:02,11.06,--,41,45346,卖盘
1966,10:06:52,11.06,--,24,26544,卖盘
1967,10:06:46,11.06,--,31,34286,卖盘
1968,10:06:38,11.06,--,50,55300,卖盘
1969,10:06:31,11.06,-0.01,2,2212,卖盘
1970,10:06:28,11.07,0.01,10,11070,买盘
1971,10:06:23,11.06,--,52,57512,卖盘
1972,10:06:17,11.06,--,100,110600,卖盘
1973,10:06:02,11.06,--,29,32074,卖盘
1974,10:05:58,11.06,-0.01,28,30968,卖盘
1975,10:05:46,11.07,--,2,2214,买盘
1976,10:05:27,11.07,--,82,90774,卖盘
1977,10:05:22,11.07,--,12,13284,卖盘
1978,10:05:17,11.07,--,66,73062,卖盘
1979,10:05:13,11.07,--,2,2214,卖盘
1980,10:05:07,11.07,--,49,54243,卖盘
1981,10:05:01,11.07,--,43,47601,卖盘
1982,10:04:57,11.07,--,7,7749,卖盘
1983,10:04:42,11.07,-0.01,11,12177,卖盘
1984,10:04:37,11.08,0.01,53,58724,买盘
1985,10:04:31,11.07,-0.01,274,303318,卖盘
1986,10:04:27,11.08,0.01,51,56508,买盘
1987,10:04:22,11.07,-0.01,8,8856,卖盘
1988,10:04:17,11.08,--,9,9972,买盘
1989,10:04:08,11.08,--,25,27700,买盘
1990,10:04:01,11.08,-0.01,135,149580,卖盘
1991,10:03:57,11.09,--,37,41033,买盘
1992,10:03:46,11.09,0.01,10,11090,买盘
1993,10:03:42,11.08,-0.01,86,95288,卖盘
1994,10:03:31,11.09,0.01,139,154151,买盘
1995,10:03:27,11.08,--,6,6648,卖盘
1996,10:03:17,11.08,--,1,1108,卖盘
1997,10:03:12,11.08,--,2,2216,卖盘
1998,10:03:02,11.08,0.01,59,65372,买盘
1999,10:02:46,11.07,--,16,17712,卖盘
2000,10:02:42,11.07,--,75,83025,买盘
2001,10:02:37,11.07,--,114,126198,买盘
2002,10:02:31,11.07,0.02,24,26568,买盘
2003,10:02:27,11.05,-0.01,206,227630,卖盘
2004,10:02:22,11.06,--,15,16590,卖盘
2005,10:02:17,11.06,--,1,1106,卖盘
2006,10:02:12,11.06,0.01,34,37604,买盘
2007,10:02:02,11.05,--,27,29835,卖盘
2008,10:01:57,11.05,-0.01,12,13260,卖盘
2009,10:01:47,11.06,--,49,54194,卖盘
2010,10:01:41,11.06,0.01,10,11060,卖盘
2011,10:01:37,11.05,--,0,0,卖盘
2012,10:01:32,11.05,-0.01,198,218790,卖盘
2013,10:01:25,11.06,0.01,83,91798,买盘
2014,10:01:22,11.05,--,20,22100,卖盘
2015,10:01:17,11.05,--,22,24310,卖盘
2016,10:01:11,11.05,--,127,140721,卖盘
2017,10:01:07,11.05,--,25,27625,卖盘
2018,10:01:01,11.05,-0.01,277,306085,卖盘
2019,10:00:55,11.06,0.01,280,309680,买盘
2020,10:00:52,11.05,--,26,28730,卖盘
2021,10:00:47,11.05,--,145,160225,卖盘
2022,10:00:41,11.05,--,43,47515,卖盘
2023,10:00:37,11.05,--,100,110500,卖盘
2024,10:00:32,11.05,--,3,3315,卖盘
2025,10:00:25,11.05,--,10,11050,卖盘
2026,10:00:22,11.05,--,6,6630,卖盘
2027,10:00:16,11.05,--,430,475150,卖盘
2028,10:00:11,11.05,--,60,66300,卖盘
2029,10:00:07,11.05,--,1,1105,卖盘
2030,10:00:02,11.05,-0.01,56,61880,卖盘
2031,09:59:56,11.06,0.01,29,32074,买盘
2032,09:59:52,11.05,-0.01,42,46410,卖盘
2033,09:59:47,11.06,0.01,32,35392,买盘
2034,09:59:41,11.05,--,199,219895,卖盘
2035,09:59:31,11.05,-0.01,25,27625,卖盘
2036,09:59:25,11.06,--,110,121660,买盘
2037,09:59:17,11.06,0.01,56,61936,买盘
2038,09:59:11,11.05,--,109,120445,卖盘
2039,09:59:07,11.05,-0.01,11,12155,卖盘
2040,09:59:02,11.06,--,22,24332,买盘
2041,09:58:56,11.06,--,22,24332,买盘
2042,09:58:52,11.06,0.01,16,17696,买盘
2043,09:58:46,11.05,-0.01,25,27625,卖盘
2044,09:58:37,11.06,--,2,2212,买盘
2045,09:58:31,11.06,0.01,17,18802,卖盘
2046,09:58:26,11.05,-0.01,590,651950,卖盘
2047,09:58:21,11.06,--,1,1106,卖盘
2048,09:58:16,11.06,--,123,136038,卖盘
2049,09:58:10,11.06,-0.01,5,5530,卖盘
2050,09:58:01,11.07,0.01,20,22140,买盘
2051,09:57:56,11.06,-0.01,7,8626,卖盘
2052,09:57:51,11.07,--,9,9963,卖盘
2053,09:57:46,11.07,--,13,14391,卖盘
2054,09:57:40,11.07,--,17,18819,卖盘
2055,09:57:36,11.07,0.01,83,91881,买盘
2056,09:57:31,11.06,--,313,347007,卖盘
2057,09:57:26,11.06,--,56,61936,卖盘
2058,09:57:21,11.06,--,24,26544,卖盘
2059,09:57:16,11.06,--,25,27650,卖盘
2060,09:57:11,11.06,-0.01,87,96222,卖盘
2061,09:57:06,11.07,--,112,123984,买盘
2062,09:57:01,11.07,0.01,2,2214,买盘
2063,09:56:56,11.06,--,161,178066,卖盘
2064,09:56:51,11.06,-0.01,27,29862,卖盘
2065,09:56:46,11.07,--,2,2214,买盘
2066,09:56:41,11.07,--,576,637853,卖盘
2067,09:56:36,11.07,--,314,347598,卖盘
2068,09:56:31,11.07,--,6,6642,卖盘
2069,09:56:26,11.07,--,36,39852,卖盘
2070,09:56:21,11.07,-0.01,126,139482,卖盘
2071,09:56:11,11.08,0.01,15,16620,买盘
2072,09:56:06,11.07,-0.01,335,370845,卖盘
2073,09:56:01,11.08,--,22,24376,卖盘
2074,09:55:56,11.08,--,18,19944,卖盘
2075,09:55:51,11.08,-0.01,2,2216,卖盘
2076,09:55:40,11.09,0.01,14,15526,买盘
2077,09:55:36,11.08,-0.01,10,11080,卖盘
2078,09:55:31,11.09,0.01,38,42142,买盘
2079,09:55:26,11.08,--,2,2216,卖盘
2080,09:55:21,11.08,-0.01,30,33240,卖盘
2081,09:55:16,11.09,0.01,57,63213,买盘
2082,09:55:06,11.08,-0.01,85,94180,卖盘
2083,09:55:01,11.09,--,6,6654,买盘
2084,09:54:56,11.09,0.01,30,33270,买盘
2085,09:54:51,11.08,--,16,17728,卖盘
2086,09:54:46,11.08,-0.01,8,8864,卖盘
2087,09:54:40,11.09,0.01,13,14417,买盘
2088,09:54:35,11.08,--,23,25484,卖盘
2089,09:54:31,11.08,0.01,101,111908,买盘
2090,09:54:26,11.07,-0.01,48,53136,卖盘
2091,09:54:20,11.08,0.01,10,11080,买盘
2092,09:54:16,11.07,--,32,35424,卖盘
2093,09:54:11,11.07,-0.01,62,68634,卖盘
2094,09:54:04,11.08,--,172,190576,买盘
2095,09:54:01,11.08,--,2,2216,买盘
2096,09:53:50,11.08,-0.01,93,103044,卖盘
2097,09:53:40,11.09,0.02,68,75412,买盘
2098,09:53:35,11.07,-0.01,144,159408,卖盘
2099,09:53:25,11.08,--,122,136062,买盘
2100,09:53:20,11.08,0.01,32,35456,买盘
2101,09:53:16,11.07,--,63,69741,卖盘
2102,09:53:11,11.07,--,26,28782,卖盘
2103,09:53:05,11.07,--,33,36531,卖盘
2104,09:53:01,11.07,-0.01,6,6642,卖盘
2105,09:52:56,11.08,0.01,159,176172,买盘
2106,09:52:45,11.07,--,41,45387,卖盘
2107,09:52:41,11.07,--,16,17712,卖盘
2108,09:52:34,11.07,--,127,140589,卖盘
2109,09:52:30,11.07,-0.01,10,11070,卖盘
2110,09:52:26,11.08,0.01,158,175064,买盘
2111,09:52:20,11.07,-0.01,40,44280,卖盘
2112,09:52:15,11.08,0.02,140,155120,买盘
2113,09:52:11,11.06,-0.01,13,14378,卖盘
2114,09:52:05,11.07,0.01,103,114021,买盘
2115,09:52:00,11.06,-0.01,119,131614,卖盘
2116,09:51:55,11.07,0.01,59,65313,卖盘
2117,09:51:50,11.06,-0.01,201,222306,卖盘
2118,09:51:45,11.07,--,5,5535,买盘
2119,09:51:40,11.07,-0.01,2,2214,买盘
2120,09:51:35,11.08,0.01,105,116340,买盘
2121,09:51:30,11.07,--,334,369738,卖盘
2122,09:51:25,11.07,--,15,16605,卖盘
2123,09:51:20,11.07,--,141,156087,卖盘
2124,09:51:15,11.07,-0.01,22,24354,卖盘
2125,09:51:04,11.08,--,30,33240,买盘
2126,09:51:00,11.08,--,379,420242,卖盘
2127,09:50:55,11.08,--,28,31024,卖盘
2128,09:50:50,11.08,--,5,5540,卖盘
2129,09:50:45,11.08,-0.01,128,141824,卖盘
2130,09:50:40,11.09,0.01,12,13308,买盘
2131,09:50:35,11.08,--,116,128528,卖盘
2132,09:50:30,11.08,--,412,456496,卖盘
2133,09:50:25,11.08,--,153,169524,卖盘
2134,09:50:19,11.08,--,1,1108,卖盘
2135,09:50:15,11.08,-0.01,30,33240,卖盘
2136,09:50:10,11.09,--,38,42142,买盘
2137,09:50:04,11.09,--,55,60995,买盘
2138,09:50:00,11.09,--,6,6654,买盘
2139,09:49:55,11.09,--,2,2218,买盘
2140,09:49:50,11.09,--,21,23289,买盘
2141,09:49:45,11.09,0.01,94,104246,买盘
2142,09:49:40,11.08,--,15,16620,卖盘
2143,09:49:34,11.08,--,5,5540,卖盘
2144,09:49:30,11.08,-0.01,22,24376,卖盘
2145,09:49:25,11.09,--,3,3327,买盘
2146,09:49:19,11.09,--,90,99810,卖盘
2147,09:49:15,11.09,--,123,136407,卖盘
2148,09:49:10,11.09,--,10,11090,卖盘
2149,09:49:05,11.09,--,44,48796,卖盘
2150,09:49:00,11.09,0.01,14,15526,买盘
2151,09:48:49,11.08,-0.01,91,100828,卖盘
2152,09:48:45,11.09,0.01,11,12199,中性盘
2153,09:48:40,11.08,-0.01,63,69804,卖盘
2154,09:48:35,11.09,--,290,321610,卖盘
2155,09:48:30,11.09,--,18,19962,卖盘
2156,09:48:25,11.09,--,13,14417,卖盘
2157,09:48:20,11.09,--,98,108682,卖盘
2158,09:48:15,11.09,-0.01,92,102028,卖盘
2159,09:48:10,11.1,0.01,41,45510,中性盘
2160,09:48:04,11.09,-0.02,75,83175,卖盘
2161,09:48:00,11.11,0.01,108,119988,中性盘
2162,09:47:55,11.1,-0.01,32,35520,卖盘
2163,09:47:50,11.11,--,42,46662,卖盘
2164,09:47:45,11.11,0.01,56,62216,买盘
2165,09:47:40,11.1,--,146,162060,买盘
2166,09:47:35,11.1,-0.01,121,134310,卖盘
2167,09:47:30,11.11,--,4,4444,买盘
2168,09:47:25,11.11,0.01,2,2222,买盘
2169,09:47:19,11.1,--,22,24420,卖盘
2170,09:47:10,11.1,-0.01,108,119880,卖盘
2171,09:47:05,11.11,0.01,56,62216,买盘
2172,09:46:59,11.1,--,21,23310,卖盘
2173,09:46:50,11.1,--,75,83250,卖盘
2174,09:46:44,11.1,0.01,1,1110,中性盘
2175,09:46:39,11.09,-0.01,77,85393,卖盘
2176,09:46:35,11.1,--,93,103230,卖盘
2177,09:46:29,11.1,--,133,148429,买盘
2178,09:46:24,11.1,--,20,22200,买盘
2179,09:46:20,11.1,0.01,66,73260,买盘
2180,09:46:14,11.09,--,26,28834,卖盘
2181,09:46:09,11.09,--,8,8872,卖盘
2182,09:46:05,11.09,0.01,103,114227,买盘
2183,09:45:59,11.08,-0.01,38,42104,卖盘
2184,09:45:54,11.09,--,6,6654,买盘
2185,09:45:50,11.09,--,493,546737,卖盘
2186,09:45:44,11.09,-0.01,145,160805,卖盘
2187,09:45:39,11.1,--,40,44400,买盘
2188,09:45:34,11.1,--,75,83250,买盘
2189,09:45:29,11.1,--,103,114330,买盘
2190,09:45:24,11.1,0.01,30,33300,买盘
2191,09:45:20,11.09,-0.01,10,11090,卖盘
2192,09:45:13,11.1,0.01,11,12210,买盘
2193,09:45:09,11.09,-0.01,97,107573,卖盘
2194,09:45:04,11.1,--,198,220002,卖盘
2195,09:44:59,11.1,-0.01,3,3330,卖盘
2196,09:44:54,11.11,0.01,12,13332,买盘
2197,09:44:43,11.1,-0.01,14,15540,卖盘
2198,09:44:39,11.11,0.01,17,18887,买盘
2199,09:44:34,11.1,-0.01,6,7548,卖盘
2200,09:44:29,11.11,0.02,109,121099,买盘
2201,09:44:24,11.09,-0.01,47,52123,卖盘
2202,09:44:19,11.1,--,2,2220,卖盘
2203,09:44:14,11.1,--,55,61050,买盘
2204,09:44:09,11.1,0.01,33,36630,卖盘
2205,09:44:04,11.09,--,157,174113,卖盘
2206,09:43:59,11.09,--,1,1109,卖盘
2207,09:43:54,11.09,--,62,68758,卖盘
2208,09:43:49,11.09,--,11,12199,卖盘
2209,09:43:44,11.09,0.01,11,12199,买盘
2210,09:43:39,11.08,-0.01,114,126312,卖盘
2211,09:43:34,11.09,--,20,22180,买盘
2212,09:43:28,11.09,--,36,39924,卖盘
2213,09:43:24,11.09,--,40,44360,卖盘
2214,09:43:14,11.09,0.01,64,70976,买盘
2215,09:43:09,11.08,-0.03,482,534056,卖盘
2216,09:43:04,11.11,0.02,12,13332,中性盘
2217,09:42:59,11.09,-0.02,744,825096,卖盘
2218,09:42:54,11.11,0.01,133,147763,买盘
2219,09:42:49,11.1,-0.01,53,58830,卖盘
2220,09:42:44,11.11,0.01,17,18887,买盘
2221,09:42:39,11.1,-0.01,225,249750,卖盘
2222,09:42:34,11.11,-0.01,3,3333,卖盘
2223,09:42:29,11.12,--,18,20016,买盘
2224,09:42:24,11.12,--,936,1040831,买盘
2225,09:42:19,11.12,--,38,42256,买盘
2226,09:42:13,11.12,-0.01,34,37808,卖盘
2227,09:42:09,11.13,--,129,143577,买盘
2228,09:41:59,11.13,--,12,13356,卖盘
2229,09:41:54,11.13,--,49,54537,卖盘
2230,09:41:49,11.13,-0.01,9,10017,卖盘
2231,09:41:44,11.14,0.01,23,25622,买盘
2232,09:41:39,11.13,-0.01,10,11130,卖盘
2233,09:41:34,11.14,--,11,12254,买盘
2234,09:41:28,11.14,0.01,4,4456,买盘
2235,09:41:24,11.13,-0.01,15,16695,卖盘
2236,09:41:19,11.14,--,20,22280,买盘
2237,09:41:14,11.14,--,163,181582,卖盘
2238,09:41:09,11.14,--,8,8912,卖盘
2239,09:41:04,11.14,-0.01,2,2228,卖盘
2240,09:40:59,11.15,0.01,10,11150,中性盘
2241,09:40:54,11.14,-0.01,20,22280,卖盘
2242,09:40:49,11.15,--,1,1115,卖盘
2243,09:40:44,11.15,0.01,9,10035,中性盘
2244,09:40:39,11.14,-0.01,100,111400,卖盘
2245,09:40:34,11.15,--,2,2230,卖盘
2246,09:40:24,11.15,0.01,5,5575,中性盘
2247,09:40:19,11.14,-0.01,10,11140,卖盘
2248,09:40:13,11.15,-0.01,41,45715,卖盘
2249,09:40:08,11.16,0.01,213,237708,买盘
2250,09:40:03,11.15,--,52,57980,买盘
2251,09:39:58,11.15,--,49,54635,卖盘
2252,09:39:53,11.15,--,13,14495,卖盘
2253,09:39:48,11.15,--,26,28990,卖盘
2254,09:39:44,11.15,--,7,7805,卖盘
2255,09:39:38,11.15,--,80,89200,卖盘
2256,09:39:34,11.15,-0.01,53,59095,卖盘
2257,09:39:28,11.16,0.01,66,73656,买盘
2258,09:39:18,11.15,--,10,11150,卖盘
2259,09:39:13,11.15,--,38,42370,卖盘
2260,09:39:08,11.15,--,15,16725,买盘
2261,09:39:03,11.15,--,18,20070,卖盘
2262,09:38:58,11.15,--,265,295475,卖盘
2263,09:38:53,11.15,-0.02,20,22300,卖盘
2264,09:38:48,11.17,--,0,0,买盘
2265,09:38:43,11.17,0.02,106,118402,买盘
2266,09:38:33,11.15,-0.01,81,90315,卖盘
2267,09:38:28,11.16,0.01,5,5580,买盘
2268,09:38:23,11.15,--,21,23415,卖盘
2269,09:38:13,11.15,0.01,9,10035,卖盘
2270,09:38:07,11.14,-0.02,45,50130,卖盘
2271,09:38:03,11.16,0.03,2,2232,买盘
2272,09:37:58,11.13,-0.03,100,111300,卖盘
2273,09:37:53,11.16,--,5,5580,卖盘
2274,09:37:48,11.16,0.02,306,341496,买盘
2275,09:37:43,11.14,-0.01,27,30078,买盘
2276,09:37:38,11.15,--,28,31220,卖盘
2277,09:37:33,11.15,0.03,2,2230,中性盘
2278,09:37:18,11.12,--,0,0,卖盘
2279,09:37:08,11.12,--,79,87848,卖盘
2280,09:37:03,11.12,--,258,286896,卖盘
2281,09:36:58,11.12,--,28,31135,卖盘
2282,09:36:53,11.12,--,93,103416,买盘
2283,09:36:48,11.12,--,19,21128,买盘
2284,09:36:37,11.12,0.01,15,16680,买盘
2285,09:36:33,11.11,--,32,35552,卖盘
2286,09:36:28,11.11,--,0,0,卖盘
2287,09:36:22,11.11,-0.01,66,73326,卖盘
2288,09:36:18,11.12,-0.01,8,8896,中性盘
2289,09:36:13,11.13,0.02,10,11130,买盘
2290,09:36:07,11.11,--,12,13332,卖盘
2291,09:36:03,11.11,-0.02,29,32219,卖盘
2292,09:35:58,11.13,0.03,24,26712,买盘
2293,09:35:53,11.1,--,0,0,卖盘
2294,09:35:48,11.1,-0.05,825,915750,卖盘
2295,09:35:43,11.15,0.02,12,13380,买盘
2296,09:35:38,11.13,0.01,107,119091,买盘
2297,09:35:33,11.12,0.01,7,7783,中性盘
2298,09:35:22,11.11,-0.02,30,33330,卖盘
2299,09:35:18,11.13,0.02,9,10017,买盘
2300,09:35:08,11.11,--,18,19998,卖盘
2301,09:35:03,11.11,-0.02,4,4444,卖盘
2302,09:34:58,11.13,0.01,14,15582,买盘
2303,09:34:53,11.12,0.02,90,100080,买盘
2304,09:34:48,11.1,--,62,68820,卖盘
2305,09:34:43,11.1,--,95,105450,买盘
2306,09:34:37,11.1,0.01,5,5550,买盘
2307,09:34:33,11.09,--,32,35488,卖盘
2308,09:34:27,11.09,--,31,34379,卖盘
2309,09:34:22,11.09,--,33,36597,买盘
2310,09:34:18,11.09,--,116,128644,买盘
2311,09:34:13,11.09,0.01,5,5545,买盘
2312,09:34:08,11.08,--,106,117448,卖盘
2313,09:34:03,11.08,-0.01,390,432120,卖盘
2314,09:33:58,11.09,-0.01,49,54341,卖盘
2315,09:33:52,11.1,0.01,181,200910,买盘
2316,09:33:48,11.09,-0.01,105,116445,卖盘
2317,09:33:43,11.1,-0.01,191,212010,卖盘
2318,09:33:33,11.11,--,11,12221,卖盘
2319,09:33:28,11.11,--,50,55550,卖盘
2320,09:33:23,11.11,--,32,35552,卖盘
2321,09:33:18,11.11,--,101,112211,卖盘
2322,09:33:12,11.11,-0.01,14,15554,卖盘
2323,09:33:07,11.12,--,25,27799,买盘
2324,09:33:02,11.12,-0.01,81,90072,卖盘
2325,09:32:53,11.13,0.01,31,34503,买盘
2326,09:32:47,11.12,-0.01,21,23352,卖盘
2327,09:32:38,11.13,--,65,72345,买盘
2328,09:32:31,11.13,--,29,32277,卖盘
2329,09:32:28,11.13,--,1,1113,卖盘
2330,09:32:22,11.13,--,22,24486,卖盘
2331,09:32:17,11.13,-0.02,12,13356,卖盘
2332,09:32:07,11.15,0.01,20,22300,中性盘
2333,09:32:01,11.14,-0.02,109,121426,卖盘
2334,09:31:52,11.16,--,25,27900,买盘
2335,09:31:46,11.16,--,181,201996,卖盘
2336,09:31:42,11.16,-0.01,207,231012,卖盘
2337,09:31:37,11.17,0.01,9,10053,买盘
2338,09:31:32,11.16,--,32,35712,卖盘
2339,09:31:27,11.16,--,20,22320,卖盘
2340,09:31:22,11.16,--,5,5580,卖盘
2341,09:31:17,11.16,--,3,3348,卖盘
2342,09:31:12,11.16,0.01,11,12276,买盘
2343,09:31:01,11.15,-0.01,9,10035,卖盘
2344,09:30:57,11.16,0.01,10,11160,买盘
2345,09:30:47,11.15,--,12,13380,卖盘
2346,09:30:42,11.15,0.03,45,50175,买盘
2347,09:30:36,11.12,--,3,3335,卖盘
2348,09:30:31,11.12,0.01,211,234631,买盘
2349,09:30:27,11.11,-0.02,228,253308,卖盘
2350,09:30:21,11.13,--,15,16695,买盘
2351,09:30:17,11.13,--,12,13356,买盘
2352,09:30:12,11.13,--,5,5565,买盘
2353,09:30:07,11.13,0.05,735,818055,中性盘
2354,09:30:02,11.08,-0.08,220,243760,卖盘
2355,09:28:46,11.16,--,0,0,买盘
2356,09:25:06,11.16,11.16,151,168516,买盘
