,time,price,change,volume,amount,type
0,15:00:00,20.57,--,0,0,买盘
1,15:00:00,20.57,0.02,0,0,买盘
2,15:00:00,20.55,-0.02,219,450045,卖盘
3,14:59:57,20.57,--,63,129591,卖盘
4,14:59:53,20.57,--,368,758004,买盘
5,14:59:47,20.57,--,232,477224,买盘
6,14:59:42,20.57,0.02,176,362032,买盘
7,14:59:38,20.55,-0.02,162,332910,中性盘
8,14:59:32,20.57,--,10,20570,买盘
9,14:59:27,20.57,--,262,538934,买盘
10,14:59:23,20.57,0.06,108,222156,买盘
11,14:59:17,20.51,-0.06,10,20510,卖盘
12,14:59:12,20.57,--,561,1153977,买盘
13,14:59:08,20.57,--,26,53482,买盘
14,14:59:02,20.57,-0.09,838,1724794,卖盘
15,14:58:57,20.66,0.01,50,103300,买盘
16,14:58:53,20.65,-0.01,89,183785,卖盘
17,14:58:47,20.66,0.01,4,8264,中性盘
18,14:58:42,20.65,-0.01,111,229214,卖盘
19,14:58:38,20.66,-0.01,56,115696,卖盘
20,14:58:32,20.67,-0.01,1,2067,买盘
21,14:58:27,20.68,-0.02,58,120978,卖盘
22,14:58:23,20.7,0.02,21,43470,买盘
23,14:58:17,20.68,--,20,41360,买盘
24,14:58:12,20.68,--,21,43428,买盘
25,14:58:07,20.68,-0.02,16,33088,卖盘
26,14:57:57,20.7,-0.14,583,1208010,卖盘
27,14:57:52,20.84,--,13,27092,卖盘
28,14:57:47,20.84,--,9,18756,卖盘
29,14:57:42,20.84,--,4,8336,卖盘
30,14:57:38,20.84,0.02,114,239493,买盘
31,14:57:31,20.82,-0.02,106,220692,卖盘
32,14:57:27,20.84,0.02,166,345944,买盘
33,14:57:22,20.82,--,16,33312,卖盘
34,14:57:17,20.82,--,33,68706,卖盘
35,14:57:12,20.82,--,126,262332,卖盘
36,14:57:07,20.82,-0.01,18,37476,卖盘
37,14:57:02,20.83,0.01,15,31244,买盘
38,14:56:57,20.82,--,100,208200,卖盘
39,14:56:52,20.82,-0.03,11,22902,卖盘
40,14:56:47,20.85,0.05,59,123015,买盘
41,14:56:42,20.8,--,146,303680,卖盘
42,14:56:37,20.8,--,34,70720,卖盘
43,14:56:32,20.8,--,0,0,卖盘
44,14:56:27,20.8,-0.04,115,239200,卖盘
45,14:56:22,20.84,--,17,35428,卖盘
46,14:56:17,20.84,0.04,161,335524,买盘
47,14:56:12,20.8,--,38,79040,卖盘
48,14:56:07,20.8,--,53,110240,卖盘
49,14:56:02,20.8,0.01,117,243360,买盘
50,14:55:57,20.79,--,35,72765,买盘
51,14:55:52,20.79,0.03,40,83160,买盘
52,14:55:47,20.76,0.06,16,33216,买盘
53,14:55:42,20.7,-0.04,246,509220,卖盘
54,14:55:37,20.74,-0.02,13,26961,卖盘
55,14:55:32,20.76,-0.04,21,43596,卖盘
56,14:55:27,20.8,0.04,157,326560,买盘
57,14:55:22,20.76,--,6,12456,卖盘
58,14:55:17,20.76,0.02,15,31140,买盘
59,14:55:07,20.74,--,16,33184,卖盘
60,14:55:02,20.74,0.04,19,39406,买盘
61,14:54:57,20.7,--,6,12420,卖盘
62,14:54:52,20.7,-0.04,48,99360,卖盘
63,14:54:47,20.74,--,23,47702,买盘
64,14:54:42,20.74,0.03,29,61182,买盘
65,14:54:32,20.71,--,1,2071,卖盘
66,14:54:27,20.71,--,21,43491,卖盘
67,14:54:22,20.71,0.01,30,62130,中性盘
68,14:54:17,20.7,--,10,20700,卖盘
69,14:54:12,20.7,--,112,231840,卖盘
70,14:54:07,20.7,-0.04,71,148005,卖盘
71,14:53:57,20.74,--,0,0,买盘
72,14:53:52,20.74,0.03,46,95404,买盘
73,14:53:47,20.71,-0.02,80,165680,卖盘
74,14:53:42,20.73,-0.07,54,111942,卖盘
75,14:53:37,20.8,0.04,51,106080,买盘
76,14:53:32,20.76,--,28,58128,卖盘
77,14:53:27,20.76,--,69,143244,卖盘
78,14:53:22,20.76,-0.03,1,2076,卖盘
79,14:53:17,20.79,0.02,8,16632,买盘
80,14:53:12,20.77,--,18,37386,买盘
81,14:53:07,20.77,-0.01,6,12462,买盘
82,14:53:02,20.78,-0.01,7,14546,卖盘
83,14:52:57,20.79,0.01,5,10395,买盘
84,14:52:52,20.78,-0.02,34,70652,中性盘
85,14:52:47,20.8,0.03,49,101920,买盘
86,14:52:42,20.77,--,24,49848,卖盘
87,14:52:37,20.77,--,7,14539,买盘
88,14:52:32,20.77,-0.01,10,20770,买盘
89,14:52:27,20.78,0.01,10,20780,买盘
90,14:52:22,20.77,--,1,2077,卖盘
91,14:52:17,20.77,--,1,2077,卖盘
92,14:52:07,20.77,0.01,26,54002,卖盘
93,14:52:02,20.76,0.01,9,18684,买盘
94,14:51:51,20.75,0.03,1,2075,中性盘
95,14:51:47,20.72,-0.04,142,294224,卖盘
96,14:51:36,20.76,-0.04,46,95496,买盘
97,14:51:31,20.8,0.09,5,10400,中性盘
98,14:51:26,20.71,-0.09,510,1056210,卖盘
99,14:51:21,20.8,-0.02,64,133120,卖盘
100,14:51:17,20.82,0.02,13,27066,买盘
101,14:51:11,20.8,-0.02,24,49920,卖盘
102,14:51:06,20.82,0.04,94,195708,买盘
103,14:51:01,20.78,-0.02,126,262867,中性盘
104,14:50:51,20.8,0.03,274,569920,买盘
105,14:50:46,20.77,0.01,80,166160,中性盘
106,14:50:41,20.76,-0.03,62,128712,卖盘
107,14:50:36,20.79,0.03,37,76923,买盘
108,14:50:31,20.76,--,5,10380,卖盘
109,14:50:26,20.76,--,8,16608,卖盘
110,14:50:21,20.76,0.01,29,60204,买盘
111,14:50:16,20.75,0.01,16,33200,买盘
112,14:50:11,20.74,-0.01,35,72590,卖盘
113,14:50:06,20.75,--,277,574775,卖盘
114,14:50:01,20.75,-0.01,10,20750,卖盘
115,14:49:56,20.76,0.01,16,33216,买盘
116,14:49:51,20.75,-0.03,31,64325,卖盘
117,14:49:46,20.78,--,0,0,买盘
118,14:49:41,20.78,0.03,21,43638,买盘
119,14:49:36,20.75,-0.03,55,114125,中性盘
120,14:49:31,20.78,0.02,25,51950,买盘
121,14:49:26,20.76,0.02,12,24912,中性盘
122,14:49:21,20.74,-0.01,296,613904,卖盘
123,14:49:16,20.75,--,31,64325,卖盘
124,14:49:11,20.75,-0.03,150,311250,卖盘
125,14:49:06,20.78,-0.01,87,180786,卖盘
126,14:49:01,20.79,-0.01,14,29106,中性盘
127,14:48:51,20.8,0.02,119,247520,买盘
128,14:48:46,20.78,-0.01,18,37404,卖盘
129,14:48:41,20.79,--,12,24948,买盘
130,14:48:36,20.79,0.01,15,31185,买盘
131,14:48:31,20.78,-0.02,124,257672,卖盘
132,14:48:25,20.8,0.01,1,2080,买盘
133,14:48:21,20.79,--,182,378378,卖盘
134,14:48:16,20.79,0.01,94,195426,中性盘
135,14:48:11,20.78,--,373,775094,卖盘
136,14:48:06,20.78,0.01,25,51950,中性盘
137,14:48:01,20.77,--,201,417477,卖盘
138,14:47:56,20.77,--,140,290780,卖盘
139,14:47:51,20.77,0.02,25,51925,买盘
140,14:47:46,20.75,--,0,0,卖盘
141,14:47:41,20.75,--,12,24900,卖盘
142,14:47:36,20.75,--,0,0,卖盘
143,14:47:31,20.75,-0.03,45,93375,卖盘
144,14:47:26,20.78,0.01,3,6234,买盘
145,14:47:21,20.77,--,14,29078,卖盘
146,14:47:16,20.77,0.01,28,58156,中性盘
147,14:47:11,20.76,0.01,19,39444,中性盘
148,14:47:06,20.75,--,31,64325,卖盘
149,14:47:01,20.75,-0.01,26,53950,卖盘
150,14:46:46,20.76,-0.04,111,230436,卖盘
151,14:46:41,20.8,--,291,606320,卖盘
152,14:46:36,20.8,--,43,89440,卖盘
153,14:46:31,20.8,--,47,97760,卖盘
154,14:46:26,20.8,-0.01,205,426400,卖盘
155,14:46:21,20.81,0.01,57,118616,买盘
156,14:46:16,20.8,-0.01,49,101920,卖盘
157,14:46:11,20.81,0.01,76,158156,买盘
158,14:46:06,20.8,-0.01,20,41600,卖盘
159,14:45:56,20.81,--,143,298623,卖盘
160,14:45:51,20.81,--,1,2081,卖盘
161,14:45:41,20.81,-0.01,20,41620,卖盘
162,14:45:36,20.82,0.01,13,27066,中性盘
163,14:45:31,20.81,--,15,31214,卖盘
164,14:45:26,20.81,--,38,79078,卖盘
165,14:45:21,20.81,-0.02,3,6243,卖盘
166,14:45:16,20.83,0.02,28,58323,买盘
167,14:45:11,20.81,--,0,0,卖盘
168,14:45:06,20.81,-0.01,6,12486,卖盘
169,14:45:01,20.82,-0.01,90,187380,卖盘
170,14:44:55,20.83,0.01,10,20830,中性盘
171,14:44:45,20.82,--,157,327915,卖盘
172,14:44:35,20.82,--,5,10410,卖盘
173,14:44:30,20.82,--,3,6246,卖盘
174,14:44:26,20.82,-0.03,14,29148,卖盘
175,14:44:20,20.85,0.01,54,112590,买盘
176,14:44:15,20.84,0.02,4,8336,中性盘
177,14:44:10,20.82,--,42,87444,卖盘
178,14:43:55,20.82,--,52,108264,卖盘
179,14:43:40,20.82,0.01,13,27066,买盘
180,14:43:35,20.81,-0.01,2,4162,卖盘
181,14:43:30,20.82,--,31,64542,买盘
182,14:43:25,20.82,-0.03,79,164478,卖盘
183,14:43:15,20.85,--,5,10425,买盘
184,14:43:10,20.85,0.03,4,8340,买盘
185,14:43:05,20.82,-0.08,3,6246,卖盘
186,14:43:00,20.9,0.05,54,112859,买盘
187,14:42:55,20.85,--,5,10425,买盘
188,14:42:50,20.85,--,14,29190,买盘
189,14:42:45,20.85,0.03,40,83400,买盘
190,14:42:40,20.82,-0.08,66,137412,卖盘
191,14:42:35,20.9,--,0,0,买盘
192,14:42:30,20.9,0.05,302,631180,买盘
193,14:42:25,20.85,-0.03,14,29190,卖盘
194,14:42:20,20.88,--,10,20880,买盘
195,14:42:15,20.88,0.05,413,862344,买盘
196,14:42:10,20.83,--,0,0,卖盘
197,14:42:00,20.83,--,20,41660,卖盘
198,14:41:55,20.83,0.01,41,85403,买盘
199,14:41:50,20.82,--,22,45804,中性盘
200,14:41:45,20.82,-0.03,50,104100,卖盘
201,14:41:39,20.85,0.04,39,81315,买盘
202,14:41:30,20.81,--,70,145670,卖盘
203,14:41:25,20.81,-0.04,1,2081,卖盘
204,14:41:15,20.85,0.04,32,66720,卖盘
205,14:41:10,20.81,--,113,235153,卖盘
206,14:41:00,20.81,-0.04,1,2081,卖盘
207,14:40:55,20.85,0.04,2,4170,买盘
208,14:40:50,20.81,--,3,6243,卖盘
209,14:40:45,20.81,-0.05,80,166480,卖盘
210,14:40:40,20.86,0.06,61,127246,买盘
211,14:40:35,20.8,--,20,41600,卖盘
212,14:40:30,20.8,--,4,8320,卖盘
213,14:40:24,20.8,0.07,282,587600,买盘
214,14:40:15,20.73,--,20,41460,卖盘
215,14:40:10,20.73,-0.05,24,49752,买盘
216,14:40:00,20.78,--,0,0,买盘
217,14:39:54,20.78,0.06,40,83120,买盘
218,14:39:50,20.72,-0.01,1,2072,买盘
219,14:39:45,20.73,--,40,83956,卖盘
220,14:39:39,20.73,--,5,10365,卖盘
221,14:39:25,20.73,-0.02,200,414600,卖盘
222,14:39:19,20.75,0.03,410,851787,买盘
223,14:39:15,20.72,--,64,132608,卖盘
224,14:39:10,20.72,--,21,43512,卖盘
225,14:39:04,20.72,--,6,12432,卖盘
226,14:38:55,20.72,0.02,41,84952,买盘
227,14:38:50,20.7,-0.01,8,16560,卖盘
228,14:38:44,20.71,0.01,12,24852,买盘
229,14:38:39,20.7,0.02,7,14490,卖盘
230,14:38:35,20.68,--,0,0,卖盘
231,14:38:30,20.68,0.01,96,198528,买盘
232,14:38:24,20.67,--,85,175695,卖盘
233,14:38:19,20.67,0.02,63,130221,买盘
234,14:38:14,20.65,--,130,268450,卖盘
235,14:38:09,20.65,--,7,14454,卖盘
236,14:38:03,20.65,--,60,123899,卖盘
237,14:37:59,20.65,-0.02,1,2065,卖盘
238,14:37:54,20.67,-0.01,6,12402,买盘
239,14:37:44,20.68,--,0,0,买盘
240,14:37:40,20.68,-0.01,74,153032,卖盘
241,14:37:33,20.69,0.01,149,308281,买盘
242,14:37:29,20.68,-0.01,1,2068,卖盘
243,14:37:24,20.69,0.01,1,2069,买盘
244,14:37:18,20.68,-0.02,25,51700,卖盘
245,14:37:14,20.7,-0.02,58,120060,卖盘
246,14:37:09,20.72,0.01,2,4144,中性盘
247,14:37:03,20.71,0.01,3,6213,中性盘
248,14:36:59,20.7,-0.03,10,20700,卖盘
249,14:36:54,20.73,--,0,0,卖盘
250,14:36:48,20.73,-0.02,2,4146,卖盘
251,14:36:44,20.75,--,10,20750,买盘
252,14:36:39,20.75,--,80,166000,卖盘
253,14:36:33,20.75,--,131,271825,卖盘
254,14:36:24,20.75,-0.02,229,475175,卖盘
255,14:36:18,20.77,-0.01,35,72695,卖盘
256,14:36:09,20.78,--,1,2078,买盘
257,14:36:03,20.78,-0.01,51,105978,卖盘
258,14:35:54,20.79,-0.01,30,62370,卖盘
259,14:35:48,20.8,-0.01,142,295360,卖盘
260,14:35:44,20.81,--,1,2081,买盘
261,14:35:39,20.81,--,20,41620,买盘
262,14:35:33,20.81,--,13,27053,卖盘
263,14:35:28,20.81,0.01,29,60348,卖盘
264,14:35:24,20.8,--,14,29120,中性盘
265,14:35:18,20.8,-0.01,2,4160,中性盘
266,14:35:14,20.81,--,0,0,中性盘
267,14:35:09,20.81,-0.06,1,2081,中性盘
268,14:35:03,20.87,0.07,1007,2101609,买盘
269,14:34:59,20.8,--,4,8320,买盘
270,14:34:54,20.8,-0.01,153,318240,卖盘
271,14:34:48,20.81,--,25,52025,卖盘
272,14:34:44,20.81,--,5,10405,卖盘
273,14:34:39,20.81,--,41,85321,卖盘
274,14:34:29,20.81,--,20,41620,卖盘
275,14:34:24,20.81,--,0,0,卖盘
276,14:34:18,20.81,--,52,108212,卖盘
277,14:33:58,20.81,-0.04,36,74916,卖盘
278,14:33:54,20.85,--,4,8340,买盘
279,14:33:48,20.85,0.02,1,2085,买盘
280,14:33:29,20.83,--,150,312450,卖盘
281,14:33:24,20.83,0.02,63,131229,买盘
282,14:33:18,20.81,--,25,52025,买盘
283,14:33:03,20.81,-0.06,15,31214,卖盘
284,14:32:59,20.87,0.06,800,1669600,买盘
285,14:32:48,20.81,--,2,4162,卖盘
286,14:32:39,20.81,--,10,20810,卖盘
287,14:32:24,20.81,--,4,8324,买盘
288,14:32:18,20.81,--,15,31214,买盘
289,14:32:13,20.81,--,2,4162,买盘
290,14:32:09,20.81,--,6,12486,买盘
291,14:31:59,20.81,-0.04,1010,2101810,卖盘
292,14:31:53,20.85,0.04,13,27105,买盘
293,14:31:48,20.81,--,0,0,卖盘
294,14:31:43,20.81,--,1,2081,卖盘
295,14:31:33,20.81,0.01,403,838643,买盘
296,14:31:27,20.8,--,169,351520,卖盘
297,14:31:23,20.8,-0.03,20,41600,卖盘
298,14:31:18,20.83,0.02,2,4166,买盘
299,14:31:12,20.81,-0.02,50,104050,卖盘
300,14:31:08,20.83,--,14,29161,卖盘
301,14:31:03,20.83,-0.01,115,239544,卖盘
302,14:30:57,20.84,-0.01,21,43764,卖盘
303,14:30:53,20.85,--,23,47955,买盘
304,14:30:42,20.85,-0.02,94,195990,卖盘
305,14:30:38,20.87,--,261,544707,卖盘
306,14:30:33,20.87,-0.01,190,396530,卖盘
307,14:30:27,20.88,0.01,105,219240,买盘
308,14:30:22,20.87,--,40,83480,买盘
309,14:30:18,20.87,0.01,7,14609,买盘
310,14:30:12,20.86,-0.01,27,56322,卖盘
311,14:30:07,20.87,0.01,126,262962,买盘
312,14:30:03,20.86,--,0,0,卖盘
313,14:29:57,20.86,-0.02,36,75096,卖盘
314,14:29:52,20.88,0.02,11,22968,买盘
315,14:29:48,20.86,0.01,102,212772,买盘
316,14:29:42,20.85,--,6,12510,卖盘
317,14:29:38,20.85,--,135,281475,卖盘
318,14:29:33,20.85,-0.01,18,37530,卖盘
319,14:29:27,20.86,--,3,6258,买盘
320,14:29:23,20.86,0.01,71,148106,买盘
321,14:29:18,20.85,0.01,132,275220,中性盘
322,14:29:12,20.84,-0.01,36,75024,卖盘
323,14:29:07,20.85,0.01,40,83400,买盘
324,14:28:57,20.84,--,12,25008,卖盘
325,14:28:53,20.84,0.01,11,22924,买盘
326,14:28:33,20.83,--,8,16664,卖盘
327,14:28:27,20.83,0.01,47,97900,买盘
328,14:28:18,20.82,--,10,20820,买盘
329,14:28:12,20.82,0.01,31,64542,买盘
330,14:27:57,20.81,-0.01,10,20810,卖盘
331,14:27:52,20.82,0.02,40,83280,买盘
332,14:27:48,20.8,-0.01,18,37440,卖盘
333,14:27:42,20.81,0.01,30,62429,买盘
334,14:27:33,20.8,0.02,79,164320,买盘
335,14:27:27,20.78,--,6,12468,卖盘
336,14:27:23,20.78,-0.02,10,20780,卖盘
337,14:27:18,20.8,0.01,102,212160,买盘
338,14:27:08,20.79,-0.01,30,62370,卖盘
339,14:26:57,20.8,0.02,13,27040,买盘
340,14:26:33,20.78,-0.02,10,20780,卖盘
341,14:26:18,20.8,0.02,4,8320,买盘
342,14:26:07,20.78,-0.02,5,10390,卖盘
343,14:25:57,20.8,--,0,0,买盘
344,14:25:47,20.8,0.04,13,27040,买盘
345,14:25:42,20.76,-0.01,57,118332,卖盘
346,14:25:12,20.77,0.01,30,62310,卖盘
347,14:24:57,20.76,-0.02,7,14532,卖盘
348,14:24:51,20.78,--,13,27014,买盘
349,14:24:47,20.78,--,1,2078,买盘
350,14:24:42,20.78,-0.02,8,16624,卖盘
351,14:24:36,20.8,--,0,0,买盘
352,14:24:27,20.8,--,5,10400,买盘
353,14:24:12,20.8,--,68,141440,卖盘
354,14:24:02,20.8,-0.01,3,6240,卖盘
355,14:23:51,20.81,0.02,32,66592,买盘
356,14:23:47,20.79,-0.01,11,22869,卖盘
357,14:23:42,20.8,0.01,6,12480,买盘
358,14:23:36,20.79,--,5,10395,卖盘
359,14:23:32,20.79,--,4,8316,卖盘
360,14:23:27,20.79,--,6,12474,卖盘
361,14:23:21,20.79,-0.01,7,14553,卖盘
362,14:23:12,20.8,0.01,1,2080,买盘
363,14:23:02,20.79,-0.01,1,2079,卖盘
364,14:22:57,20.8,--,2,4160,买盘
365,14:22:51,20.8,0.01,20,41600,买盘
366,14:22:47,20.79,--,6,12474,卖盘
367,14:22:42,20.79,-0.01,20,41580,卖盘
368,14:22:36,20.8,--,4,8320,买盘
369,14:22:27,20.8,--,8,16640,买盘
370,14:22:17,20.8,--,3,6240,买盘
371,14:22:12,20.8,--,27,56160,卖盘
372,14:22:06,20.8,--,20,41600,卖盘
373,14:21:57,20.8,--,10,20800,卖盘
374,14:21:47,20.8,0.01,7,14560,买盘
375,14:21:42,20.79,-0.01,20,41580,中性盘
376,14:21:36,20.8,--,30,62400,买盘
377,14:21:27,20.8,0.02,115,239200,买盘
378,14:21:21,20.78,--,1,2078,卖盘
379,14:21:17,20.78,--,50,103900,卖盘
380,14:21:12,20.78,--,16,33248,卖盘
381,14:21:06,20.78,0.02,127,263906,买盘
382,14:20:57,20.76,0.01,35,72660,买盘
383,14:20:51,20.75,-0.01,310,643250,卖盘
384,14:20:27,20.76,--,17,35292,买盘
385,14:20:21,20.76,--,11,22836,买盘
386,14:19:57,20.76,--,23,47748,买盘
387,14:19:51,20.76,0.01,1,2076,买盘
388,14:19:47,20.75,--,1,2075,卖盘
389,14:19:42,20.75,-0.01,55,114125,卖盘
390,14:19:36,20.76,--,0,0,中性盘
391,14:19:32,20.76,--,6,12456,卖盘
392,14:19:26,20.76,--,18,37368,卖盘
393,14:19:21,20.76,-0.02,15,31140,卖盘
394,14:19:12,20.78,--,0,0,中性盘
395,14:19:06,20.78,--,0,0,中性盘
396,14:18:57,20.78,--,6,12468,卖盘
397,14:18:51,20.78,0.03,15,31170,买盘
398,14:18:41,20.75,--,51,105825,卖盘
399,14:18:36,20.75,0.01,224,464800,买盘
400,14:18:26,20.74,-0.01,13,26961,卖盘
401,14:18:11,20.75,-0.05,27,56025,卖盘
402,14:18:06,20.8,--,3,6240,买盘
403,14:18:00,20.8,0.06,1,2080,买盘
404,14:17:56,20.74,-0.06,1,2074,中性盘
405,14:17:51,20.8,--,16,33280,买盘
406,14:17:41,20.8,--,0,0,买盘
407,14:17:36,20.8,--,17,35360,卖盘
408,14:17:26,20.8,--,70,145600,卖盘
409,14:17:21,20.8,--,3,6240,卖盘
410,14:17:15,20.8,--,22,45760,卖盘
411,14:17:11,20.8,--,12,24960,卖盘
412,14:17:00,20.8,--,3,6240,卖盘
413,14:16:56,20.8,-0.01,10,20800,卖盘
414,14:16:51,20.81,--,181,376661,买盘
415,14:16:45,20.81,0.01,11,22891,买盘
416,14:16:36,20.8,-0.01,56,116480,卖盘
417,14:16:30,20.81,--,2,4162,买盘
418,14:16:21,20.81,--,27,56187,卖盘
419,14:16:15,20.81,-0.01,3,6243,卖盘
420,14:16:11,20.82,--,2,4164,买盘
421,14:16:06,20.82,--,6,12492,买盘
422,14:16:00,20.82,-0.01,5,10410,卖盘
423,14:15:56,20.83,-0.01,10,20830,买盘
424,14:15:51,20.84,--,0,0,买盘
425,14:15:45,20.84,0.01,100,208400,买盘
426,14:15:41,20.83,--,1,2083,卖盘
427,14:15:36,20.83,-0.01,5,10415,卖盘
428,14:15:20,20.84,-0.01,29,60436,卖盘
429,14:15:11,20.85,--,4,8340,买盘
430,14:15:05,20.85,--,29,60465,买盘
431,14:15:00,20.85,-0.01,15,31275,卖盘
432,14:14:56,20.86,0.01,40,83440,买盘
433,14:14:50,20.85,--,60,125100,卖盘
434,14:14:45,20.85,--,18,37530,卖盘
435,14:14:35,20.85,-0.01,45,93825,卖盘
436,14:14:30,20.86,-0.01,23,47978,卖盘
437,14:14:20,20.87,--,5,10435,买盘
438,14:14:15,20.87,0.03,40,83480,买盘
439,14:14:06,20.84,-0.01,1,2084,卖盘
440,14:14:00,20.85,0.02,13,27105,买盘
441,14:13:56,20.83,--,13,27078,卖盘
442,14:13:50,20.83,-0.01,31,64572,中性盘
443,14:13:45,20.84,0.02,19,39596,买盘
444,14:13:35,20.82,0.02,1,2082,买盘
445,14:13:15,20.8,0.07,356,740480,买盘
446,14:13:05,20.73,--,55,114015,卖盘
447,14:12:56,20.73,--,5,10365,卖盘
448,14:12:50,20.73,--,11,22803,买盘
449,14:12:45,20.73,--,1,2073,买盘
450,14:12:35,20.73,--,8,16584,买盘
451,14:12:30,20.73,0.04,4,8292,买盘
452,14:12:25,20.69,-0.04,6,12414,卖盘
453,14:12:20,20.73,0.03,25,51825,买盘
454,14:12:15,20.7,0.01,7,14490,买盘
455,14:12:09,20.69,--,5,10345,卖盘
456,14:11:50,20.69,--,0,0,中性盘
457,14:11:45,20.69,--,36,74484,买盘
458,14:11:30,20.69,-0.06,6,12414,卖盘
459,14:11:20,20.75,-0.01,73,151475,卖盘
460,14:11:15,20.76,0.01,12,24912,买盘
461,14:11:09,20.75,--,79,163925,卖盘
462,14:11:05,20.75,--,0,0,卖盘
463,14:11:00,20.75,--,60,124500,买盘
464,14:10:54,20.75,--,17,35275,买盘
465,14:10:50,20.75,--,29,60175,卖盘
466,14:10:45,20.75,-0.02,35,72625,卖盘
467,14:10:35,20.77,--,21,43617,买盘
468,14:10:24,20.77,0.02,6,12462,买盘
469,14:10:20,20.75,--,87,180525,卖盘
470,14:10:09,20.75,0.06,244,506300,买盘
471,14:10:05,20.69,0.03,10,20690,买盘
472,14:10:00,20.66,0.01,6,12396,卖盘
473,14:09:54,20.65,--,0,0,卖盘
474,14:09:50,20.65,--,0,0,卖盘
475,14:09:45,20.65,-0.01,528,1090320,卖盘
476,14:09:39,20.66,0.01,3,6198,买盘
477,14:09:35,20.65,-0.01,100,206500,卖盘
478,14:09:24,20.66,--,24,49584,买盘
479,14:09:20,20.66,--,32,66112,卖盘
480,14:09:15,20.66,--,13,26858,卖盘
481,14:09:09,20.66,-0.04,18,37188,卖盘
482,14:09:00,20.7,--,1,2070,买盘
483,14:08:54,20.7,0.04,43,89010,买盘
484,14:08:50,20.66,--,0,0,卖盘
485,14:08:45,20.66,--,5,10330,买盘
486,14:08:39,20.66,0.01,9,18594,买盘
487,14:08:35,20.65,--,0,0,卖盘
488,14:08:30,20.65,-0.01,9,18585,卖盘
489,14:08:24,20.66,0.01,21,43386,中性盘
490,14:08:20,20.65,-0.01,9,20608,卖盘
491,14:08:04,20.66,0.01,2,4132,中性盘
492,14:07:59,20.65,-0.01,27,55754,卖盘
493,14:07:54,20.66,0.01,9,18594,买盘
494,14:07:50,20.65,--,2,4130,卖盘
495,14:07:44,20.65,0.07,161,332939,买盘
496,14:07:39,20.58,-0.02,7,14405,买盘
497,14:07:29,20.6,--,0,0,买盘
498,14:07:24,20.6,0.04,2,4120,买盘
499,14:07:14,20.56,--,9,18504,卖盘
500,14:07:09,20.56,-0.03,182,374192,卖盘
501,14:07:05,20.59,--,0,0,买盘
502,14:06:54,20.59,0.04,13,26767,买盘
503,14:06:44,20.55,-0.04,3,6165,卖盘
504,14:06:39,20.59,0.01,45,92655,买盘
505,14:06:24,20.58,--,1,2058,卖盘
506,14:06:18,20.58,-0.02,11,22637,卖盘
507,14:05:59,20.6,-0.01,6,12360,卖盘
508,14:05:54,20.61,-0.01,32,65952,卖盘
509,14:05:49,20.62,-0.03,1,2062,卖盘
510,14:05:44,20.65,--,21,43365,买盘
511,14:05:39,20.65,-0.01,22,45430,卖盘
512,14:05:24,20.66,-0.01,10,20660,买盘
513,14:05:18,20.67,--,6,12402,卖盘
514,14:05:14,20.67,-0.03,3,6201,卖盘
515,14:05:09,20.7,0.05,22,45540,买盘
516,14:04:59,20.65,-0.01,34,70210,卖盘
517,14:04:54,20.66,0.01,10,20660,买盘
518,14:04:39,20.65,0.02,64,132160,买盘
519,14:04:14,20.63,--,26,53638,卖盘
520,14:03:59,20.63,0.01,91,187733,买盘
521,14:03:54,20.62,--,31,63922,卖盘
522,14:03:39,20.62,--,34,70108,卖盘
523,14:03:33,20.62,--,57,118936,买盘
524,14:03:29,20.62,0.07,50,103100,买盘
525,14:03:14,20.55,-0.01,42,86310,卖盘
526,14:03:09,20.56,-0.02,15,30839,卖盘
527,14:03:03,20.58,--,4,8232,买盘
528,14:02:59,20.58,--,3,6173,买盘
529,14:02:54,20.58,-0.01,29,59681,卖盘
530,14:02:44,20.59,--,29,59711,买盘
531,14:02:39,20.59,--,6,12354,卖盘
532,14:02:33,20.59,--,4,8236,卖盘
533,14:02:29,20.59,0.04,47,96773,买盘
534,14:02:24,20.55,-0.04,23,47265,卖盘
535,14:02:18,20.59,0.04,2,4118,买盘
536,14:02:14,20.55,-0.05,102,209610,卖盘
537,14:02:09,20.6,--,0,0,买盘
538,14:02:03,20.6,--,3,6180,买盘
539,14:01:54,20.6,0.08,24,49440,中性盘
540,14:01:48,20.52,-0.09,12,24624,卖盘
541,14:01:44,20.61,--,2,4122,买盘
542,14:01:39,20.61,0.1,57,117477,买盘
543,14:01:33,20.51,0.01,24,49224,中性盘
544,14:01:29,20.5,-0.02,28,57400,卖盘
545,14:01:24,20.52,-0.08,5,10260,卖盘
546,14:01:18,20.6,0.11,33,67980,买盘
547,14:01:09,20.49,-0.01,19,38931,卖盘
548,14:01:03,20.5,--,0,0,卖盘
549,14:00:59,20.5,-0.11,17,34850,卖盘
550,14:00:54,20.61,0.01,18,37098,买盘
551,14:00:48,20.6,-0.02,19,39140,卖盘
552,14:00:39,20.62,-0.03,94,194487,卖盘
553,14:00:33,20.65,--,5,10325,买盘
554,14:00:28,20.65,0.02,139,287035,买盘
555,14:00:23,20.63,0.01,11,22693,卖盘
556,14:00:03,20.62,--,47,96914,卖盘
557,13:59:58,20.62,--,4,8248,卖盘
558,13:59:53,20.62,-0.04,122,251564,卖盘
559,13:59:48,20.66,0.01,55,113630,买盘
560,13:59:43,20.65,--,29,59884,卖盘
561,13:59:38,20.65,--,0,0,中性盘
562,13:59:33,20.65,-0.02,26,53689,买盘
563,13:59:23,20.67,--,0,0,买盘
564,13:59:18,20.67,0.02,12,24804,买盘
565,13:59:12,20.65,-0.01,10,20650,中性盘
566,13:59:08,20.66,0.04,20,41320,买盘
567,13:59:03,20.62,--,4,8248,卖盘
568,13:58:57,20.62,0.16,290,599382,买盘
569,13:58:53,20.46,-0.1,254,520338,卖盘
570,13:58:48,20.56,0.04,20,41120,中性盘
571,13:58:38,20.52,0.06,103,212382,买盘
572,13:58:33,20.46,-0.04,40,82208,卖盘
573,13:58:27,20.5,--,0,0,买盘
574,13:58:23,20.5,0.1,42,86100,买盘
575,13:58:18,20.4,-0.05,41,83640,卖盘
576,13:58:12,20.45,--,10,20450,卖盘
577,13:58:08,20.45,0.06,41,83845,买盘
578,13:58:03,20.39,0.01,0,1366,中性盘
579,13:57:57,20.38,-0.02,82,167116,卖盘
580,13:57:53,20.4,--,12,24480,卖盘
581,13:57:48,20.4,0.02,215,440129,买盘
582,13:57:38,20.38,0.01,43,87634,买盘
583,13:57:33,20.37,-0.01,22,45486,卖盘
584,13:57:27,20.38,--,11,22418,买盘
585,13:57:23,20.38,0.01,11,22418,中性盘
586,13:57:18,20.37,-0.01,90,183330,卖盘
587,13:57:08,20.38,--,17,34646,卖盘
588,13:57:03,20.38,--,14,28532,卖盘
589,13:56:57,20.38,--,10,20380,卖盘
590,13:56:53,20.38,--,41,83558,买盘
591,13:56:48,20.38,--,9,18342,买盘
592,13:56:38,20.38,-0.02,7,14266,中性盘
593,13:56:33,20.4,--,13,26519,买盘
594,13:56:27,20.4,--,41,83640,买盘
595,13:56:23,20.4,-0.02,112,228479,卖盘
596,13:56:18,20.42,--,213,434946,卖盘
597,13:56:12,20.42,--,23,46966,卖盘
598,13:56:08,20.42,-0.02,162,330804,卖盘
599,13:56:03,20.44,0.01,81,165564,买盘
600,13:55:57,20.43,--,5,10215,买盘
601,13:55:53,20.43,--,130,265590,卖盘
602,13:55:48,20.43,--,12,24516,卖盘
603,13:55:42,20.43,--,4,8172,卖盘
604,13:55:33,20.43,-0.01,165,337095,卖盘
605,13:55:27,20.44,-0.03,108,222652,卖盘
606,13:55:23,20.47,--,59,120773,卖盘
607,13:55:12,20.47,--,12,24564,卖盘
608,13:55:08,20.47,-0.02,1,2047,买盘
609,13:55:03,20.49,0.05,10,20490,中性盘
610,13:54:57,20.44,-0.03,39,79736,卖盘
611,13:54:53,20.47,-0.01,107,219151,卖盘
612,13:54:48,20.48,0.05,11,22528,买盘
613,13:54:42,20.43,--,15,30645,卖盘
614,13:54:33,20.43,0.01,38,77634,卖盘
615,13:54:27,20.42,-0.01,139,283838,卖盘
616,13:54:18,20.43,-0.06,4,8172,卖盘
617,13:54:12,20.49,0.07,3,6146,买盘
618,13:54:08,20.42,--,300,612600,卖盘
619,13:54:03,20.42,--,19,38798,卖盘
620,13:53:57,20.42,--,328,669776,卖盘
621,13:53:53,20.42,0.02,59,120478,中性盘
622,13:53:47,20.4,-0.02,186,379440,卖盘
623,13:53:42,20.42,0.02,109,222578,买盘
624,13:53:37,20.4,--,6,12240,卖盘
625,13:53:33,20.4,0.01,102,208080,卖盘
626,13:53:27,20.39,-0.03,113,230407,卖盘
627,13:53:23,20.42,--,0,0,买盘
628,13:53:17,20.42,0.02,317,647314,买盘
629,13:53:11,20.4,--,11,22440,买盘
630,13:53:07,20.4,--,107,218279,买盘
631,13:53:02,20.4,--,5,10200,买盘
632,13:52:57,20.4,--,10,20400,买盘
633,13:52:51,20.4,-0.02,691,1409640,卖盘
634,13:52:47,20.42,-0.01,35,71470,卖盘
635,13:52:32,20.43,0.01,10,20430,买盘
636,13:52:27,20.42,-0.05,910,1858220,卖盘
637,13:52:17,20.47,0.04,48,98256,买盘
638,13:52:12,20.43,-0.07,191,390213,卖盘
639,13:52:06,20.5,0.03,70,143500,买盘
640,13:52:02,20.47,--,103,210841,卖盘
641,13:51:57,20.47,--,47,96209,卖盘
642,13:51:51,20.47,--,71,145337,买盘
643,13:51:47,20.47,0.01,167,341849,买盘
644,13:51:42,20.46,-0.03,7,14322,卖盘
645,13:51:36,20.49,--,0,0,买盘
646,13:51:32,20.49,0.02,19,38931,卖盘
647,13:51:27,20.47,--,1,2047,买盘
648,13:51:21,20.47,-0.02,49,100303,卖盘
649,13:51:17,20.49,--,88,180312,买盘
650,13:51:12,20.49,--,2,4098,买盘
651,13:51:06,20.49,-0.02,1,2049,中性盘
652,13:51:02,20.51,--,252,516852,买盘
653,13:50:57,20.51,--,20,41020,买盘
654,13:50:51,20.51,--,51,104601,买盘
655,13:50:47,20.51,--,8,16408,卖盘
656,13:50:41,20.51,-0.01,140,287140,卖盘
657,13:50:36,20.52,--,19,38988,买盘
658,13:50:32,20.52,--,41,84132,卖盘
659,13:50:17,20.52,-0.01,16,32832,卖盘
660,13:50:11,20.53,0.01,1,2053,买盘
661,13:50:02,20.52,-0.04,180,369360,卖盘
662,13:49:57,20.56,--,0,0,买盘
663,13:49:51,20.56,0.02,24,49344,买盘
664,13:49:47,20.54,--,2,4108,买盘
665,13:49:41,20.54,-0.02,22,45188,卖盘
666,13:49:36,20.56,--,152,312512,买盘
667,13:49:32,20.56,--,29,59623,卖盘
668,13:49:27,20.56,--,50,102800,卖盘
669,13:49:21,20.56,0.03,38,78128,买盘
670,13:49:17,20.53,-0.03,139,285367,卖盘
671,13:49:12,20.56,--,15,30839,买盘
672,13:49:06,20.56,--,13,26728,买盘
673,13:49:02,20.56,--,23,47288,买盘
674,13:48:51,20.56,--,63,129527,买盘
675,13:48:47,20.56,-0.01,59,121303,卖盘
676,13:48:41,20.57,0.01,12,24684,买盘
677,13:48:32,20.56,-0.01,6,12336,卖盘
678,13:48:27,20.57,0.01,49,100793,买盘
679,13:48:20,20.56,-0.01,7,14392,卖盘
680,13:48:11,20.57,--,13,26741,买盘
681,13:48:06,20.57,-0.03,35,71995,卖盘
682,13:47:50,20.6,0.02,5,10300,买盘
683,13:47:41,20.58,--,50,102899,卖盘
684,13:47:36,20.58,-0.03,70,144060,卖盘
685,13:47:31,20.61,--,0,0,买盘
686,13:47:27,20.61,0.03,2,4122,买盘
687,13:47:17,20.58,-0.02,10,20580,卖盘
688,13:47:11,20.6,0.02,56,115360,买盘
689,13:47:05,20.58,0.02,88,181103,买盘
690,13:47:01,20.56,-0.02,33,67848,卖盘
691,13:46:51,20.58,0.02,129,265482,买盘
692,13:46:41,20.56,--,53,108968,卖盘
693,13:46:35,20.56,-0.01,41,84296,买盘
694,13:46:31,20.57,0.03,93,191301,买盘
695,13:46:26,20.54,-0.01,4,8216,卖盘
696,13:46:20,20.55,-0.02,13,26715,卖盘
697,13:46:11,20.57,--,22,45254,买盘
698,13:46:05,20.57,0.03,1,2057,买盘
699,13:45:59,20.54,-0.03,4,8216,卖盘
700,13:45:56,20.57,--,0,0,买盘
701,13:45:51,20.57,0.06,16,32912,买盘
702,13:45:44,20.51,--,135,276885,卖盘
703,13:45:41,20.51,--,11,22561,卖盘
704,13:45:35,20.51,--,2,4102,卖盘
705,13:45:20,20.51,--,42,86142,买盘
706,13:45:14,20.51,--,262,537362,买盘
707,13:45:11,20.51,0.01,43,88193,中性盘
708,13:45:05,20.5,-0.06,218,446900,卖盘
709,13:44:56,20.56,--,1522,3129232,买盘
710,13:44:50,20.56,--,25,51400,买盘
711,13:44:41,20.56,--,110,226160,买盘
712,13:44:35,20.56,-0.08,998,2052134,卖盘
713,13:44:26,20.64,0.02,5,10320,买盘
714,13:44:20,20.62,-0.01,124,257502,卖盘
715,13:44:14,20.63,--,2,4126,卖盘
716,13:44:11,20.63,0.01,11,22693,卖盘
717,13:44:05,20.62,--,0,0,卖盘
718,13:43:59,20.62,--,34,70108,卖盘
719,13:43:56,20.62,-0.04,21,43302,卖盘
720,13:43:50,20.66,0.03,13,26858,买盘
721,13:43:44,20.63,--,10,20630,卖盘
722,13:43:41,20.63,--,108,222804,卖盘
723,13:43:35,20.63,--,19,39197,卖盘
724,13:43:26,20.63,-0.03,13,26819,卖盘
725,13:43:20,20.66,0.03,9,18594,买盘
726,13:43:14,20.63,-0.02,33,68079,卖盘
727,13:43:11,20.65,--,19,39235,卖盘
728,13:43:05,20.65,-0.02,61,125964,卖盘
729,13:42:59,20.67,--,1,2067,买盘
730,13:42:56,20.67,0.01,75,155025,买盘
731,13:42:50,20.66,-0.01,36,74376,卖盘
732,13:42:44,20.67,--,14,28938,买盘
733,13:42:41,20.67,0.01,7,14469,买盘
734,13:42:35,20.66,-0.03,21,43386,卖盘
735,13:42:29,20.69,0.02,1,2069,买盘
736,13:42:26,20.67,-0.02,17,35139,卖盘
737,13:42:20,20.69,0.01,10,20690,买盘
738,13:42:14,20.68,-0.01,121,250228,卖盘
739,13:42:11,20.69,--,13,26897,买盘
740,13:42:05,20.69,-0.02,40,82925,卖盘
741,13:41:59,20.71,-0.04,2,4142,卖盘
742,13:41:56,20.75,--,111,230325,买盘
743,13:41:50,20.75,--,13,26975,买盘
744,13:41:29,20.75,0.03,8,16600,买盘
745,13:41:26,20.72,0.01,122,252784,买盘
746,13:41:20,20.71,--,9,18639,卖盘
747,13:41:10,20.71,--,0,0,卖盘
748,13:40:56,20.71,-0.04,100,207100,卖盘
749,13:40:50,20.75,0.04,13,26975,中性盘
750,13:40:40,20.71,--,0,0,卖盘
751,13:40:20,20.71,-0.01,104,215384,卖盘
752,13:40:10,20.72,-0.05,3,6216,卖盘
753,13:39:50,20.77,--,18,37386,买盘
754,13:39:44,20.77,0.06,10,20770,买盘
755,13:39:40,20.71,--,0,0,卖盘
756,13:39:35,20.71,-0.06,18,37278,卖盘
757,13:39:20,20.77,-0.01,2,4154,卖盘
758,13:39:10,20.78,--,0,0,买盘
759,13:39:05,20.78,--,0,0,买盘
760,13:38:59,20.78,0.01,7,14546,买盘
761,13:38:50,20.77,0.07,42,87234,中性盘
762,13:38:44,20.7,--,19,41234,买盘
763,13:38:38,20.7,--,131,271170,买盘
764,13:38:35,20.7,--,6,12420,买盘
765,13:38:29,20.7,--,6,12420,买盘
766,13:38:20,20.7,-0.08,96,198720,卖盘
767,13:38:14,20.78,--,0,0,买盘
768,13:37:59,20.78,--,0,0,买盘
769,13:37:53,20.78,0.09,18,37404,买盘
770,13:37:50,20.69,--,73,151037,卖盘
771,13:37:44,20.69,-0.01,129,266901,卖盘
772,13:37:38,20.7,-0.08,9,18630,卖盘
773,13:37:35,20.78,0.09,84,174552,买盘
774,13:37:29,20.69,--,29,60001,买盘
775,13:37:23,20.69,0.01,2,4138,买盘
776,13:37:20,20.68,-0.01,59,122012,卖盘
777,13:37:14,20.69,--,6,12414,买盘
778,13:37:05,20.69,--,2,4138,买盘
779,13:36:59,20.69,0.01,3,6207,买盘
780,13:36:53,20.68,-0.01,15,31020,卖盘
781,13:36:50,20.69,--,23,47587,卖盘
782,13:36:35,20.69,-0.09,9,18621,卖盘
783,13:36:29,20.78,0.1,27,56106,买盘
784,13:36:20,20.68,--,28,57904,卖盘
785,13:36:14,20.68,-0.01,10,20680,卖盘
786,13:36:08,20.69,--,90,186210,买盘
787,13:36:05,20.69,--,41,84829,卖盘
788,13:35:59,20.69,--,13,26897,买盘
789,13:35:53,20.69,0.01,18,37242,买盘
790,13:35:50,20.68,-0.01,4,8272,卖盘
791,13:35:44,20.69,--,50,103450,买盘
792,13:35:35,20.69,--,2,4138,买盘
793,13:35:14,20.69,-0.01,17,35173,卖盘
794,13:34:59,20.7,--,21,43470,买盘
795,13:34:53,20.7,-0.02,55,113850,卖盘
796,13:34:50,20.72,--,13,26936,买盘
797,13:34:44,20.72,0.02,5,10360,买盘
798,13:34:35,20.7,-0.04,250,517500,卖盘
799,13:34:29,20.74,--,3,6221,买盘
800,13:34:23,20.74,-0.03,5,10370,买盘
801,13:34:20,20.77,-0.01,37,76849,卖盘
802,13:34:14,20.78,-0.01,33,68574,买盘
803,13:34:05,20.79,--,0,0,买盘
804,13:33:49,20.79,0.02,13,27027,买盘
805,13:33:44,20.77,--,1,2077,卖盘
806,13:33:34,20.77,--,4,8308,卖盘
807,13:33:29,20.77,--,2,4154,卖盘
808,13:33:19,20.77,--,50,103850,卖盘
809,13:33:14,20.77,0.05,63,130851,买盘
810,13:33:04,20.72,--,10,20720,买盘
811,13:32:59,20.72,-0.03,14,29008,卖盘
812,13:32:53,20.75,0.03,13,26975,买盘
813,13:32:49,20.72,--,27,55944,买盘
814,13:32:44,20.72,-0.02,100,207200,卖盘
815,13:32:38,20.74,0.04,40,82960,买盘
816,13:32:29,20.7,--,3,6210,卖盘
817,13:32:19,20.7,-0.02,1,2070,卖盘
818,13:32:14,20.72,--,17,35224,买盘
819,13:32:08,20.72,-0.02,3,6216,买盘
820,13:32:04,20.74,-0.03,88,182512,卖盘
821,13:31:59,20.77,--,10,20770,买盘
822,13:31:53,20.77,--,13,27001,买盘
823,13:31:49,20.77,--,10,20770,买盘
824,13:31:44,20.77,--,77,159929,卖盘
825,13:31:38,20.77,--,3,6231,卖盘
826,13:31:29,20.77,--,12,24924,卖盘
827,13:31:23,20.77,--,41,85157,买盘
828,13:31:19,20.77,--,0,0,买盘
829,13:31:14,20.77,--,10,20770,买盘
830,13:31:08,20.77,--,0,0,买盘
831,13:30:59,20.77,--,4,8308,买盘
832,13:30:53,20.77,--,71,147467,卖盘
833,13:30:47,20.77,--,1,2077,卖盘
834,13:30:44,20.77,0.02,57,118389,买盘
835,13:30:38,20.75,--,37,76775,卖盘
836,13:30:29,20.75,--,29,60175,买盘
837,13:30:23,20.75,--,23,47725,买盘
838,13:30:14,20.75,0.05,36,74700,买盘
839,13:30:08,20.7,--,2,4140,买盘
840,13:30:02,20.7,--,55,113850,买盘
841,13:29:59,20.7,--,24,49680,中性盘
842,13:29:53,20.7,0.01,68,140760,买盘
843,13:29:47,20.69,-0.01,5,10345,卖盘
844,13:29:44,20.7,-0.01,1,2070,买盘
845,13:29:32,20.71,--,0,0,中性盘
846,13:29:29,20.71,0.01,105,217455,买盘
847,13:29:23,20.7,--,1,2070,买盘
848,13:29:17,20.7,--,10,20700,买盘
849,13:29:14,20.7,--,189,391230,卖盘
850,13:29:08,20.7,--,10,20700,卖盘
851,13:28:59,20.7,--,5,10350,卖盘
852,13:28:47,20.7,--,150,310500,卖盘
853,13:28:44,20.7,--,99,204930,买盘
854,13:28:29,20.7,--,25,51750,买盘
855,13:28:23,20.7,0.04,10,20700,买盘
856,13:28:17,20.66,--,0,0,卖盘
857,13:28:14,20.66,-0.03,10,20660,卖盘
858,13:28:08,20.69,--,11,22759,卖盘
859,13:28:02,20.69,--,5,10345,买盘
860,13:27:59,20.69,0.04,7,14483,买盘
861,13:27:53,20.65,--,20,41300,卖盘
862,13:27:38,20.65,--,85,175525,买盘
863,13:27:32,20.65,0.03,5,10325,买盘
864,13:27:29,20.62,0.01,68,140216,卖盘
865,13:27:17,20.61,--,36,74196,卖盘
866,13:27:08,20.61,--,5,10305,卖盘
867,13:26:58,20.61,--,43,88623,买盘
868,13:26:53,20.61,0.01,214,441054,买盘
869,13:26:47,20.6,-0.01,82,168920,卖盘
870,13:26:43,20.61,--,7,14427,卖盘
871,13:26:38,20.61,--,114,234954,买盘
872,13:26:32,20.61,--,51,105111,买盘
873,13:26:28,20.61,--,100,206100,卖盘
874,13:26:13,20.61,--,20,41220,卖盘
875,13:26:08,20.61,-0.1,100,206100,卖盘
876,13:25:58,20.71,0.07,60,124260,买盘
877,13:25:53,20.64,0.01,15,30960,卖盘
878,13:25:47,20.63,--,17,35071,买盘
879,13:25:43,20.63,-0.07,134,276442,中性盘
880,13:25:38,20.7,0.07,105,217350,买盘
881,13:25:32,20.63,-0.01,2,4126,买盘
882,13:25:28,20.64,-0.02,86,177504,卖盘
883,13:25:23,20.66,--,1,2066,卖盘
884,13:25:17,20.66,-0.02,2,4132,中性盘
885,13:25:08,20.68,0.03,5,10340,中性盘
886,13:25:02,20.65,-0.05,251,518314,卖盘
887,13:24:58,20.7,--,0,0,买盘
888,13:24:53,20.7,0.04,123,254610,买盘
889,13:24:47,20.66,-0.04,41,84706,卖盘
890,13:24:38,20.7,0.03,66,136620,买盘
891,13:24:32,20.67,-0.03,23,47541,卖盘
892,13:24:28,20.7,--,1,2070,买盘
893,13:24:17,20.7,--,15,31050,买盘
894,13:24:08,20.7,--,61,126270,买盘
895,13:24:02,20.7,-0.01,23,47610,卖盘
896,13:23:58,20.71,-0.05,129,267159,卖盘
897,13:23:53,20.76,--,13,26988,买盘
898,13:23:47,20.76,0.03,101,209676,买盘
899,13:23:38,20.73,--,2,4146,卖盘
900,13:23:26,20.73,-0.03,1,2073,卖盘
901,13:23:11,20.76,--,52,107952,买盘
902,13:23:08,20.76,-0.04,58,120408,卖盘
903,13:23:02,20.8,--,6,12480,买盘
904,13:22:53,20.8,--,20,41600,买盘
905,13:22:47,20.8,--,7,14560,卖盘
906,13:22:38,20.8,0.07,8,16640,买盘
907,13:22:32,20.73,-0.07,110,228030,卖盘
908,13:21:56,20.8,--,0,0,买盘
909,13:21:52,20.8,0.04,13,27040,买盘
910,13:21:47,20.76,-0.04,40,83040,卖盘
911,13:21:38,20.8,--,8,16640,买盘
912,13:21:32,20.8,--,0,0,买盘
913,13:21:26,20.8,0.04,10,20800,买盘
914,13:21:23,20.76,-0.02,17,35292,卖盘
915,13:21:17,20.78,--,7,14546,卖盘
916,13:21:07,20.78,--,132,274296,买盘
917,13:21:02,20.78,--,69,143382,买盘
918,13:20:52,20.78,0.02,13,27014,买盘
919,13:20:47,20.76,--,1,2076,卖盘
920,13:20:41,20.76,--,55,114180,卖盘
921,13:20:37,20.76,--,1,2076,卖盘
922,13:20:32,20.76,--,11,22836,卖盘
923,13:20:22,20.76,--,8,16608,卖盘
924,13:20:17,20.76,--,5,10380,卖盘
925,13:20:02,20.76,--,120,249120,卖盘
926,13:19:52,20.76,0.01,20,41520,买盘
927,13:19:47,20.75,--,10,20750,卖盘
928,13:19:37,20.75,-0.01,5,10375,卖盘
929,13:19:32,20.76,-0.01,10,20760,买盘
930,13:19:26,20.77,0.02,10,20770,买盘
931,13:19:22,20.75,-0.02,25,51875,卖盘
932,13:19:17,20.77,--,0,0,买盘
933,13:19:07,20.77,0.01,161,334397,买盘
934,13:19:02,20.76,-0.01,20,41520,卖盘
935,13:18:52,20.77,--,25,51925,买盘
936,13:18:37,20.77,-0.03,26,54002,卖盘
937,13:18:32,20.8,--,1,2080,卖盘
938,13:18:22,20.8,--,2,4160,卖盘
939,13:18:17,20.8,--,36,74880,卖盘
940,13:18:07,20.8,--,6,12480,卖盘
941,13:18:02,20.8,--,22,45760,卖盘
942,13:17:56,20.8,--,41,85280,卖盘
943,13:17:52,20.8,--,22,45760,卖盘
944,13:17:47,20.8,--,114,237120,卖盘
945,13:17:41,20.8,--,166,345280,卖盘
946,13:17:37,20.8,--,100,208000,卖盘
947,13:17:32,20.8,--,109,226720,买盘
948,13:17:11,20.8,--,96,199680,卖盘
949,13:17:07,20.8,--,70,145600,卖盘
950,13:16:56,20.8,-0.02,129,268320,卖盘
951,13:16:52,20.82,--,1,2082,买盘
952,13:16:47,20.82,0.01,255,530910,买盘
953,13:16:41,20.81,--,12,24972,卖盘
954,13:16:32,20.81,-0.01,34,70754,卖盘
955,13:16:26,20.82,--,4,8328,买盘
956,13:16:21,20.82,--,9,18738,买盘
957,13:16:17,20.82,-0.01,32,66624,卖盘
958,13:16:11,20.83,0.01,15,31244,买盘
959,13:16:02,20.82,-0.01,1,2082,卖盘
960,13:15:56,20.83,-0.01,21,43743,卖盘
961,13:15:50,20.84,--,14,29176,买盘
962,13:15:47,20.84,--,12,25008,买盘
963,13:15:41,20.84,--,21,43764,买盘
964,13:15:32,20.84,--,4,8336,买盘
965,13:15:26,20.84,--,4,8336,买盘
966,13:15:20,20.84,0.03,7,14588,买盘
967,13:15:17,20.81,-0.03,60,124859,卖盘
968,13:15:11,20.84,0.03,47,97948,买盘
969,13:15:02,20.81,-0.03,2,4162,卖盘
970,13:14:56,20.84,--,12,26070,卖盘
971,13:14:50,20.84,--,0,1021,买盘
972,13:14:47,20.84,--,0,0,买盘
973,13:14:41,20.84,0.04,58,120872,买盘
974,13:14:32,20.8,0.02,298,619840,买盘
975,13:14:26,20.78,0.02,77,160006,买盘
976,13:14:16,20.76,0.01,10,20760,中性盘
977,13:14:11,20.75,-0.01,211,437825,卖盘
978,13:14:05,20.76,0.01,3,6228,买盘
979,13:13:50,20.75,--,2,4150,卖盘
980,13:13:46,20.75,0.02,118,244850,买盘
981,13:13:41,20.73,0.01,51,105723,买盘
982,13:13:31,20.72,0.01,13,26936,买盘
983,13:13:26,20.71,-0.04,36,74556,卖盘
984,13:13:16,20.75,--,29,60175,卖盘
985,13:13:11,20.75,0.04,114,236550,买盘
986,13:13:05,20.71,-0.01,42,86982,卖盘
987,13:13:01,20.72,-0.02,24,49728,卖盘
988,13:12:50,20.74,--,7,14517,买盘
989,13:12:46,20.74,--,4,8296,买盘
990,13:12:41,20.74,-0.01,8,16592,卖盘
991,13:12:35,20.75,0.01,2,4150,买盘
992,13:12:26,20.74,-0.01,11,22814,卖盘
993,13:12:20,20.75,-0.01,35,72625,买盘
994,13:12:16,20.76,0.01,93,193068,买盘
995,13:12:11,20.75,--,6,12450,买盘
996,13:12:05,20.75,-0.01,5,10375,中性盘
997,13:11:50,20.76,0.02,13,26988,买盘
998,13:11:41,20.74,-0.02,60,124439,卖盘
999,13:11:35,20.76,--,51,105876,买盘
1000,13:11:31,20.76,-0.01,1,2076,卖盘
1001,13:11:26,20.77,0.01,1,2077,买盘
1002,13:11:16,20.76,-0.02,11,22836,卖盘
1003,13:11:11,20.78,--,60,124680,买盘
1004,13:11:01,20.78,0.02,2,4156,买盘
1005,13:10:56,20.76,--,5,10380,卖盘
1006,13:10:46,20.76,0.01,1,2076,买盘
1007,13:10:41,20.75,0.01,1,2075,买盘
1008,13:10:35,20.74,0.03,113,234361,买盘
1009,13:10:31,20.71,-0.02,123,254733,卖盘
1010,13:10:26,20.73,0.03,60,124380,买盘
1011,13:10:20,20.7,--,10,20700,卖盘
1012,13:10:16,20.7,--,2,4140,卖盘
1013,13:10:11,20.7,--,107,221490,买盘
1014,13:09:56,20.7,0.03,90,186300,买盘
1015,13:09:50,20.67,0.02,94,194298,买盘
1016,13:09:45,20.65,-0.02,12,24780,卖盘
1017,13:09:41,20.67,0.02,20,41340,中性盘
1018,13:09:35,20.65,--,43,88795,卖盘
1019,13:09:26,20.65,-0.04,12,24780,卖盘
1020,13:09:20,20.69,0.04,107,221383,买盘
1021,13:09:11,20.65,-0.05,50,103250,卖盘
1022,13:09:05,20.7,--,131,271170,卖盘
1023,13:08:59,20.7,--,0,0,卖盘
1024,13:08:56,20.7,-0.03,84,173880,卖盘
1025,13:08:50,20.73,0.03,32,66336,买盘
1026,13:08:44,20.7,--,0,0,卖盘
1027,13:08:35,20.7,-0.03,130,269100,卖盘
1028,13:08:25,20.73,--,26,53898,卖盘
1029,13:08:20,20.73,--,20,41460,卖盘
1030,13:08:14,20.73,--,1,2073,卖盘
1031,13:08:11,20.73,--,18,37314,卖盘
1032,13:07:59,20.73,--,1,2073,卖盘
1033,13:07:55,20.73,-0.01,43,89139,卖盘
1034,13:07:50,20.74,--,13,26961,买盘
1035,13:07:44,20.74,--,145,300730,卖盘
1036,13:07:40,20.74,-0.01,2,4148,卖盘
1037,13:07:35,20.75,--,10,20750,买盘
1038,13:07:25,20.75,--,37,76775,买盘
1039,13:07:20,20.75,--,4,8300,买盘
1040,13:07:14,20.75,--,28,58100,卖盘
1041,13:07:05,20.75,-0.01,1,2075,卖盘
1042,13:06:59,20.76,--,1,2076,买盘
1043,13:06:55,20.76,--,1,2076,买盘
1044,13:06:50,20.76,-0.02,14,29064,卖盘
1045,13:06:44,20.78,--,27,56106,买盘
1046,13:06:40,20.78,0.02,4,8312,买盘
1047,13:06:35,20.76,-0.02,9,18684,卖盘
1048,13:06:29,20.78,0.03,6,12468,买盘
1049,13:06:20,20.75,--,0,0,卖盘
1050,13:06:14,20.75,--,14,29050,卖盘
1051,13:06:10,20.75,--,14,29050,卖盘
1052,13:06:05,20.75,0.01,150,311250,买盘
1053,13:05:55,20.74,-0.01,62,128587,卖盘
1054,13:05:44,20.75,0.01,45,93375,买盘
1055,13:05:40,20.74,--,10,20740,买盘
1056,13:05:35,20.74,0.01,5,10370,中性盘
1057,13:05:25,20.73,-0.02,10,20730,卖盘
1058,13:05:20,20.75,0.02,24,49800,买盘
1059,13:05:14,20.73,0.03,384,796032,买盘
1060,13:05:10,20.7,-0.02,18,37260,卖盘
1061,13:05:05,20.72,-0.01,3,6216,卖盘
1062,13:04:59,20.73,-0.02,43,89139,卖盘
1063,13:04:55,20.75,--,6,12450,买盘
1064,13:04:50,20.75,0.02,15,31125,买盘
1065,13:04:44,20.73,--,2,4146,卖盘
1066,13:04:40,20.73,-0.01,14,29022,卖盘
1067,13:04:35,20.74,--,29,60145,中性盘
1068,13:04:25,20.74,-0.01,10,20740,卖盘
1069,13:04:20,20.75,--,9,18675,买盘
1070,13:04:14,20.75,-0.03,12,24900,中性盘
1071,13:04:10,20.78,0.03,151,313778,买盘
1072,13:04:05,20.75,0.02,11,22825,买盘
1073,13:03:59,20.73,-0.02,5,10365,卖盘
1074,13:03:55,20.75,-0.03,97,202333,卖盘
1075,13:03:50,20.78,0.03,46,95588,中性盘
1076,13:03:44,20.75,-0.04,62,129666,卖盘
1077,13:03:40,20.79,0.04,52,108108,买盘
1078,13:03:35,20.75,--,2,4150,卖盘
1079,13:03:29,20.75,--,7,14525,卖盘
1080,13:03:20,20.75,--,452,937900,买盘
1081,13:03:14,20.75,-0.04,139,288425,卖盘
1082,13:03:10,20.79,0.02,100,207900,买盘
1083,13:03:05,20.77,0.02,2,4154,买盘
1084,13:02:59,20.75,--,88,182600,卖盘
1085,13:02:55,20.75,-0.03,76,157700,卖盘
1086,13:02:50,20.78,0.11,13,27014,买盘
1087,13:02:44,20.67,--,0,0,卖盘
1088,13:02:40,20.67,-0.04,98,202566,卖盘
1089,13:02:35,20.71,-0.01,43,89053,卖盘
1090,13:02:29,20.72,0.01,7,14504,买盘
1091,13:02:25,20.71,-0.01,11,22781,卖盘
1092,13:02:20,20.72,0.01,2,4144,买盘
1093,13:02:09,20.71,0.01,14,28994,卖盘
1094,13:02:05,20.7,0.04,54,111780,买盘
1095,13:01:59,20.66,0.01,136,280976,买盘
1096,13:01:55,20.65,0.01,23,47495,卖盘
1097,13:01:50,20.64,-0.02,8,16512,卖盘
1098,13:01:44,20.66,0.03,72,148752,买盘
1099,13:01:38,20.63,--,14,28882,卖盘
1100,13:01:34,20.63,0.01,238,490994,买盘
1101,13:01:29,20.62,--,14,28868,卖盘
1102,13:01:23,20.62,--,8,16496,卖盘
1103,13:01:19,20.62,0.04,586,1208332,买盘
1104,13:01:14,20.58,--,12,24695,卖盘
1105,13:01:08,20.58,-0.01,1,2058,卖盘
1106,13:01:04,20.59,0.01,26,53534,买盘
1107,13:00:59,20.58,-0.01,21,43218,卖盘
1108,13:00:53,20.59,-0.01,2,4118,卖盘
1109,13:00:49,20.6,-0.02,149,306940,卖盘
1110,13:00:44,20.62,-0.01,7,14434,买盘
1111,13:00:34,20.63,0.01,113,233119,买盘
1112,13:00:19,20.62,--,20,41240,卖盘
1113,13:00:14,20.62,-0.03,66,136092,卖盘
1114,13:00:08,20.65,-0.01,235,485274,卖盘
1115,13:00:04,20.66,--,601,1241666,卖盘
1116,11:30:00,20.66,--,0,0,卖盘
1117,11:30:00,20.66,--,0,0,卖盘
1118,11:29:59,20.66,-0.03,103,212798,卖盘
1119,11:29:54,20.69,--,3,6207,卖盘
1120,11:29:50,20.69,0.02,3,6207,买盘
1121,11:29:45,20.67,-0.02,12,24804,卖盘
1122,11:29:39,20.69,--,9,18621,买盘
1123,11:29:35,20.69,--,0,0,买盘
1124,11:29:30,20.69,0.03,15,31035,买盘
1125,11:29:24,20.66,--,0,0,卖盘
1126,11:29:20,20.66,-0.02,117,241722,卖盘
1127,11:29:15,20.68,0.02,78,161304,买盘
1128,11:29:09,20.66,--,8,16528,卖盘
1129,11:29:05,20.66,0.01,9,18594,卖盘
1130,11:28:50,20.65,-0.03,19,39235,卖盘
1131,11:28:45,20.68,0.02,70,145794,买盘
1132,11:28:39,20.66,--,13,26858,买盘
1133,11:28:35,20.66,-0.01,137,284075,卖盘
1134,11:28:30,20.67,--,160,331753,买盘
1135,11:28:20,20.67,0.01,200,413400,买盘
1136,11:28:15,20.66,0.01,23,47518,中性盘
1137,11:28:05,20.65,--,1,2065,卖盘
1138,11:28:00,20.65,--,66,136290,卖盘
1139,11:27:54,20.65,--,0,0,卖盘
1140,11:27:50,20.65,--,6,12390,卖盘
1141,11:27:45,20.65,0.02,70,145520,买盘
1142,11:27:35,20.63,--,5,11408,卖盘
1143,11:27:30,20.63,0.01,203,419758,买盘
1144,11:27:24,20.62,-0.01,4,8248,卖盘
1145,11:27:20,20.63,--,31,63953,买盘
1146,11:27:15,20.63,--,121,249623,买盘
1147,11:27:09,20.63,--,3,6189,买盘
1148,11:27:00,20.63,0.01,180,371340,买盘
1149,11:26:54,20.62,0.01,126,259812,买盘
1150,11:26:50,20.61,-0.01,5,10305,卖盘
1151,11:26:45,20.62,--,40,82480,买盘
1152,11:26:39,20.62,--,19,39178,中性盘
1153,11:26:35,20.62,0.01,107,220634,买盘
1154,11:26:30,20.61,-0.01,162,333882,卖盘
1155,11:26:24,20.62,--,32,65984,卖盘
1156,11:26:20,20.62,--,4,8248,卖盘
1157,11:26:15,20.62,-0.01,12,24744,卖盘
1158,11:26:09,20.63,-0.02,32,66016,买盘
1159,11:26:05,20.65,--,12,24780,买盘
1160,11:26:00,20.65,0.04,10,20650,买盘
1161,11:25:54,20.61,-0.04,618,1273698,卖盘
1162,11:25:50,20.65,-0.01,59,121834,卖盘
1163,11:25:45,20.66,0.01,19,39254,买盘
1164,11:25:39,20.65,-0.02,10,20650,卖盘
1165,11:25:35,20.67,--,22,45474,买盘
1166,11:25:30,20.67,--,187,386529,买盘
1167,11:25:20,20.67,--,0,0,中性盘
1168,11:25:14,20.67,--,82,169494,卖盘
1169,11:25:09,20.67,--,24,49608,卖盘
1170,11:25:05,20.67,--,5,10335,卖盘
1171,11:24:59,20.67,-0.01,41,84747,卖盘
1172,11:24:54,20.68,--,20,41360,买盘
1173,11:24:49,20.68,-0.01,101,208868,卖盘
1174,11:24:44,20.69,-0.01,9,18621,买盘
1175,11:24:39,20.7,--,20,41400,卖盘
1176,11:24:34,20.7,--,165,341550,买盘
1177,11:24:29,20.7,--,24,49680,买盘
1178,11:24:14,20.7,-0.03,186,385020,卖盘
1179,11:24:09,20.73,-0.07,7,14511,卖盘
1180,11:24:03,20.8,--,0,0,买盘
1181,11:23:59,20.8,--,1,2080,买盘
1182,11:23:54,20.8,--,22,45760,买盘
1183,11:23:48,20.8,-0.01,178,371342,卖盘
1184,11:23:44,20.81,0.01,111,230991,买盘
1185,11:23:39,20.8,--,107,222560,卖盘
1186,11:23:29,20.8,-0.01,26,54080,卖盘
1187,11:23:24,20.81,--,10,20810,买盘
1188,11:23:18,20.81,0.01,2,4162,买盘
1189,11:23:14,20.8,-0.01,66,138340,卖盘
1190,11:23:09,20.81,--,63,132122,买盘
1191,11:22:59,20.81,0.01,18,37458,买盘
1192,11:22:54,20.8,-0.01,82,170560,卖盘
1193,11:22:48,20.81,0.01,1,2081,买盘
1194,11:22:44,20.8,-0.01,37,76960,卖盘
1195,11:22:39,20.81,-0.02,1,3142,卖盘
1196,11:22:33,20.83,--,6,12497,买盘
1197,11:22:29,20.83,--,26,54157,买盘
1198,11:22:24,20.83,0.02,27,56240,买盘
1199,11:22:14,20.81,--,1,2081,卖盘
1200,11:22:09,20.81,--,10,20810,卖盘
1201,11:22:03,20.81,0.01,35,73854,买盘
1202,11:21:54,20.8,--,2,4160,卖盘
1203,11:21:48,20.8,0.1,117,244337,买盘
1204,11:21:44,20.7,-0.02,38,78660,卖盘
1205,11:21:39,20.72,0.01,101,209272,买盘
1206,11:21:33,20.71,0.02,2,4142,买盘
1207,11:21:29,20.69,-0.03,4,8276,卖盘
1208,11:21:24,20.72,-0.03,72,149184,中性盘
1209,11:21:18,20.75,0.03,96,199200,买盘
1210,11:21:09,20.72,--,5,10360,买盘
1211,11:21:03,20.72,0.03,51,105672,买盘
1212,11:20:59,20.69,-0.01,99,204831,卖盘
1213,11:20:54,20.7,--,20,41400,卖盘
1214,11:20:44,20.7,--,2,4140,卖盘
1215,11:20:39,20.7,-0.02,60,124200,卖盘
1216,11:20:33,20.72,0.02,5,10360,买盘
1217,11:20:29,20.7,--,42,86940,买盘
1218,11:20:24,20.7,0.01,9,18630,卖盘
1219,11:20:14,20.69,-0.03,15,31035,卖盘
1220,11:20:09,20.72,--,10,20720,卖盘
1221,11:20:03,20.72,0.02,83,171976,买盘
1222,11:19:59,20.7,-0.01,156,322920,卖盘
1223,11:19:48,20.71,--,17,35207,买盘
1224,11:19:44,20.71,--,17,35207,买盘
1225,11:19:39,20.71,0.01,21,43491,买盘
1226,11:19:32,20.7,-0.01,131,271170,卖盘
1227,11:19:24,20.71,--,48,99408,买盘
1228,11:19:18,20.71,--,21,43491,买盘
1229,11:19:14,20.71,--,6,12426,买盘
1230,11:19:09,20.71,-0.01,74,153254,卖盘
1231,11:19:03,20.72,--,3,6216,买盘
1232,11:18:54,20.72,--,27,55944,买盘
1233,11:18:48,20.72,-0.04,56,116032,卖盘
1234,11:18:44,20.76,--,13,26988,买盘
1235,11:18:39,20.76,0.04,2,4152,买盘
1236,11:18:33,20.72,-0.04,23,47656,卖盘
1237,11:18:29,20.76,0.05,50,103800,买盘
1238,11:18:23,20.71,-0.05,171,354141,卖盘
1239,11:18:13,20.76,--,10,20760,买盘
1240,11:18:09,20.76,-0.01,115,238740,卖盘
1241,11:17:59,20.77,0.01,3,6231,买盘
1242,11:17:53,20.76,--,14,29064,卖盘
1243,11:17:44,20.76,-0.01,37,76812,买盘
1244,11:17:38,20.77,0.01,509,1057193,买盘
1245,11:17:33,20.76,-0.01,8,16608,卖盘
1246,11:17:27,20.77,--,3,6231,买盘
1247,11:17:23,20.77,--,51,105927,买盘
1248,11:17:18,20.77,--,87,180699,买盘
1249,11:17:08,20.77,--,45,93465,买盘
1250,11:17:02,20.77,-0.01,10,20770,卖盘
1251,11:16:53,20.78,--,14,29092,买盘
1252,11:16:42,20.78,--,301,625478,买盘
1253,11:16:38,20.78,0.02,57,118446,买盘
1254,11:16:33,20.76,--,7,14532,买盘
1255,11:16:27,20.76,-0.02,2,4152,买盘
1256,11:16:23,20.78,--,207,430146,买盘
1257,11:16:18,20.78,--,3,6234,买盘
1258,11:16:12,20.78,0.01,10,20780,买盘
1259,11:16:08,20.77,--,15,31155,买盘
1260,11:16:03,20.77,-0.02,58,120466,卖盘
1261,11:15:57,20.79,0.03,190,395010,买盘
1262,11:15:53,20.76,-0.03,1,2076,卖盘
1263,11:15:48,20.79,0.03,56,116424,买盘
1264,11:15:38,20.76,--,7,14532,卖盘
1265,11:15:33,20.76,0.01,1,2076,卖盘
1266,11:15:26,20.75,--,49,101675,卖盘
1267,11:15:23,20.75,--,302,626650,卖盘
1268,11:15:18,20.75,0.01,103,213725,买盘
1269,11:15:12,20.74,-0.01,60,124439,卖盘
1270,11:15:08,20.75,0.01,4,8300,买盘
1271,11:15:03,20.74,--,2,4148,卖盘
1272,11:14:57,20.74,--,1,2074,卖盘
1273,11:14:53,20.74,0.04,844,1750455,买盘
1274,11:14:48,20.7,--,10,20700,买盘
1275,11:14:38,20.7,-0.02,76,157320,卖盘
1276,11:14:33,20.72,-0.01,11,22792,中性盘
1277,11:14:27,20.73,0.01,2,4146,买盘
1278,11:14:23,20.72,-0.01,64,132608,中性盘
1279,11:14:18,20.73,-0.01,448,928704,卖盘
1280,11:14:12,20.74,--,7,14517,买盘
1281,11:14:08,20.74,-0.01,155,321470,卖盘
1282,11:14:03,20.75,-0.05,212,439900,卖盘
1283,11:13:56,20.8,--,0,0,买盘
1284,11:13:53,20.8,0.02,24,49920,买盘
1285,11:13:47,20.78,--,16,33248,买盘
1286,11:13:42,20.78,--,1,2078,买盘
1287,11:13:38,20.78,0.03,318,660804,买盘
1288,11:13:32,20.75,--,154,319550,买盘
1289,11:13:26,20.75,0.01,7,14525,买盘
1290,11:13:23,20.74,--,14,29035,卖盘
1291,11:13:18,20.74,0.01,46,95404,买盘
1292,11:13:08,20.73,0.03,81,167913,买盘
1293,11:13:03,20.7,-0.01,53,109710,卖盘
1294,11:12:57,20.71,--,1,2071,买盘
1295,11:12:53,20.71,0.01,59,122189,中性盘
1296,11:12:48,20.7,--,20,41400,卖盘
1297,11:12:41,20.7,--,61,126270,卖盘
1298,11:12:38,20.7,-0.02,130,269100,卖盘
1299,11:12:32,20.72,--,44,91168,卖盘
1300,11:12:26,20.72,--,87,180264,买盘
1301,11:12:23,20.72,0.03,11,22792,买盘
1302,11:12:18,20.69,-0.01,261,540009,卖盘
1303,11:12:11,20.7,--,38,78660,卖盘
1304,11:12:07,20.7,0.03,260,538241,买盘
1305,11:12:02,20.67,--,36,74412,买盘
1306,11:11:56,20.67,-0.02,145,299715,卖盘
1307,11:11:53,20.69,0.01,13,26897,买盘
1308,11:11:47,20.68,-0.02,167,345356,卖盘
1309,11:11:41,20.7,-0.02,13,26910,中性盘
1310,11:11:38,20.72,0.03,388,803936,买盘
1311,11:11:32,20.69,0.01,16,33104,中性盘
1312,11:11:26,20.68,-0.02,100,206800,卖盘
1313,11:11:23,20.7,0.01,11,22770,买盘
1314,11:11:17,20.69,-0.01,49,101381,卖盘
1315,11:11:11,20.7,--,22,45540,买盘
1316,11:11:08,20.7,-0.01,576,1192320,卖盘
1317,11:11:02,20.71,-0.01,79,163609,卖盘
1318,11:10:56,20.72,-0.05,61,126392,卖盘
1319,11:10:50,20.77,0.06,114,236778,买盘
1320,11:10:47,20.71,-0.04,102,211242,卖盘
1321,11:10:41,20.75,--,11,22825,卖盘
1322,11:10:35,20.75,0.03,265,549875,买盘
1323,11:10:32,20.72,-0.02,55,113960,卖盘
1324,11:10:26,20.74,--,1,2074,卖盘
1325,11:10:20,20.74,0.01,5,10370,中性盘
1326,11:10:17,20.73,-0.04,34,70482,卖盘
1327,11:10:11,20.77,0.04,47,97619,买盘
1328,11:10:05,20.73,-0.03,80,165840,卖盘
1329,11:10:02,20.76,-0.02,109,226284,卖盘
1330,11:09:56,20.78,-0.02,10,20780,卖盘
1331,11:09:50,20.8,--,13,27040,买盘
1332,11:09:47,20.8,--,30,62400,卖盘
1333,11:09:41,20.8,--,10,20800,卖盘
1334,11:09:35,20.8,--,2,4160,卖盘
1335,11:09:32,20.8,-0.01,13,27040,卖盘
1336,11:09:26,20.81,--,11,22891,买盘
1337,11:09:20,20.81,--,33,69734,卖盘
1338,11:09:17,20.81,--,30,62429,卖盘
1339,11:09:11,20.81,--,43,89483,卖盘
1340,11:09:05,20.81,--,0,0,卖盘
1341,11:09:02,20.81,--,25,52025,卖盘
1342,11:08:56,20.81,-0.02,87,181047,卖盘
1343,11:08:50,20.83,0.01,26,54157,买盘
1344,11:08:47,20.82,0.01,127,264414,买盘
1345,11:08:41,20.81,--,24,49944,卖盘
1346,11:08:35,20.81,--,9,18729,卖盘
1347,11:08:32,20.81,-0.02,6,12486,卖盘
1348,11:08:26,20.83,0.02,143,297869,买盘
1349,11:08:20,20.81,-0.02,10,20810,卖盘
1350,11:08:17,20.83,--,117,243710,卖盘
1351,11:08:11,20.83,-0.03,2,4166,卖盘
1352,11:08:02,20.86,--,14,29204,买盘
1353,11:07:56,20.86,0.01,139,289954,卖盘
1354,11:07:50,20.85,--,0,0,卖盘
1355,11:07:47,20.85,--,24,50040,卖盘
1356,11:07:41,20.85,--,80,166800,卖盘
1357,11:07:35,20.85,-0.01,102,212670,卖盘
1358,11:07:32,20.86,--,37,77182,卖盘
1359,11:07:26,20.86,--,76,158536,卖盘
1360,11:07:17,20.86,--,71,148106,卖盘
1361,11:07:02,20.86,--,65,135590,卖盘
1362,11:06:56,20.86,-0.03,16,33376,卖盘
1363,11:06:50,20.89,0.01,22,45958,买盘
1364,11:06:47,20.88,--,23,48024,卖盘
1365,11:06:41,20.88,--,23,48024,卖盘
1366,11:06:35,20.88,--,70,146160,买盘
1367,11:06:32,20.88,--,29,60552,买盘
1368,11:06:26,20.88,--,5,10440,买盘
1369,11:06:20,20.88,0.02,10,20880,买盘
1370,11:06:17,20.86,--,29,60494,卖盘
1371,11:06:11,20.86,--,49,102214,卖盘
1372,11:06:02,20.86,0.01,2,4172,中性盘
1373,11:05:56,20.85,-0.01,43,89655,卖盘
1374,11:05:47,20.86,0.01,15,31290,买盘
1375,11:05:41,20.85,-0.01,116,241860,卖盘
1376,11:05:35,20.86,--,5,10430,买盘
1377,11:05:32,20.86,--,22,45892,卖盘
1378,11:05:26,20.86,0.01,30,62580,买盘
1379,11:05:20,20.85,-0.01,3,6255,卖盘
1380,11:05:17,20.86,0.01,24,50064,买盘
1381,11:05:11,20.85,--,107,223095,卖盘
1382,11:05:05,20.85,-0.01,15,31275,卖盘
1383,11:05:01,20.86,--,24,50064,卖盘
1384,11:04:56,20.86,--,35,73010,卖盘
1385,11:04:50,20.86,--,14,29204,卖盘
1386,11:04:46,20.86,-0.01,1,2086,卖盘
1387,11:04:41,20.87,-0.01,31,64697,卖盘
1388,11:04:35,20.88,--,61,127368,卖盘
1389,11:04:31,20.88,--,1,2088,买盘
1390,11:04:26,20.88,--,34,70992,卖盘
1391,11:04:20,20.88,-0.02,2,4176,卖盘
1392,11:04:16,20.9,-0.01,79,165110,卖盘
1393,11:04:11,20.91,--,29,60639,买盘
1394,11:04:05,20.91,0.01,46,96186,买盘
1395,11:03:50,20.9,0.02,34,71060,买盘
1396,11:03:46,20.88,--,5,10440,卖盘
1397,11:03:41,20.88,--,103,215064,卖盘
1398,11:03:35,20.88,0.03,106,221328,买盘
1399,11:03:31,20.85,-0.01,26,54210,卖盘
1400,11:03:26,20.86,0.01,82,171052,中性盘
1401,11:03:20,20.85,-0.03,97,203266,卖盘
1402,11:03:14,20.88,0.03,8,16704,买盘
1403,11:03:11,20.85,--,33,68805,卖盘
1404,11:03:05,20.85,0.02,71,148035,买盘
1405,11:02:59,20.83,--,111,231212,卖盘
1406,11:02:56,20.83,0.03,139,289537,买盘
1407,11:02:50,20.8,--,94,195520,卖盘
1408,11:02:44,20.8,--,45,93600,卖盘
1409,11:02:41,20.8,0.04,199,413920,买盘
1410,11:02:35,20.76,-0.02,100,207600,中性盘
1411,11:02:29,20.78,0.01,222,461316,买盘
1412,11:02:26,20.77,-0.03,102,211854,卖盘
1413,11:02:20,20.8,--,7,14560,买盘
1414,11:02:14,20.8,--,0,0,买盘
1415,11:02:11,20.8,--,6,12480,买盘
1416,11:02:05,20.8,0.01,26,54080,买盘
1417,11:01:59,20.79,-0.02,167,347193,卖盘
1418,11:01:56,20.81,0.01,12,24972,买盘
1419,11:01:50,20.8,-0.01,53,110240,卖盘
1420,11:01:44,20.81,0.01,8,16648,买盘
1421,11:01:41,20.8,-0.01,154,320320,卖盘
1422,11:01:35,20.81,--,64,133184,卖盘
1423,11:01:29,20.81,--,44,91564,买盘
1424,11:01:26,20.81,0.01,128,266368,中性盘
1425,11:01:20,20.8,-0.01,112,232960,卖盘
1426,11:01:14,20.81,--,2,4162,卖盘
1427,11:01:11,20.81,--,98,203938,卖盘
1428,11:01:05,20.81,--,9,18729,卖盘
1429,11:00:59,20.81,-0.07,790,1643990,卖盘
1430,11:00:56,20.88,0.03,8,16704,买盘
1431,11:00:50,20.85,-0.01,149,310665,卖盘
1432,11:00:44,20.86,--,12,25032,卖盘
1433,11:00:41,20.86,--,10,20860,卖盘
1434,11:00:35,20.86,--,6,12516,卖盘
1435,11:00:29,20.86,--,3,6258,卖盘
1436,11:00:26,20.86,-0.02,48,100128,卖盘
1437,11:00:20,20.88,--,2,4176,卖盘
1438,11:00:14,20.88,-0.02,14,29232,卖盘
1439,11:00:11,20.9,--,16,33440,卖盘
1440,11:00:05,20.9,--,38,79420,卖盘
1441,10:59:59,20.9,-0.04,6,12540,卖盘
1442,10:59:56,20.94,--,122,255468,买盘
1443,10:59:50,20.94,0.03,19,39786,买盘
1444,10:59:44,20.91,--,8,16728,卖盘
1445,10:59:41,20.91,-0.01,32,66912,卖盘
1446,10:59:35,20.92,0.02,27,56484,中性盘
1447,10:59:29,20.9,--,11,22990,卖盘
1448,10:59:26,20.9,-0.02,118,246619,卖盘
1449,10:59:20,20.92,--,1,2092,卖盘
1450,10:59:14,20.92,--,0,0,卖盘
1451,10:59:11,20.92,--,4,8368,卖盘
1452,10:59:05,20.92,--,4,8368,卖盘
1453,10:58:59,20.92,-0.02,861,1801212,卖盘
1454,10:58:56,20.94,-0.01,4,8376,卖盘
1455,10:58:50,20.95,0.01,35,73325,买盘
1456,10:58:44,20.94,-0.01,2,4188,卖盘
1457,10:58:41,20.95,--,4,8380,卖盘
1458,10:58:35,20.95,--,23,48185,买盘
1459,10:58:29,20.95,--,5,10475,买盘
1460,10:58:14,20.95,--,86,180170,卖盘
1461,10:58:10,20.95,-0.03,3,6285,卖盘
1462,10:58:05,20.98,0.03,29,60842,买盘
1463,10:57:56,20.95,-0.03,28,58660,卖盘
1464,10:57:50,20.98,0.03,15,31470,买盘
1465,10:57:44,20.95,0.02,2,4190,中性盘
1466,10:57:40,20.93,-0.06,8,16744,卖盘
1467,10:57:35,20.99,0.05,232,486967,买盘
1468,10:57:29,20.94,-0.05,21,43974,卖盘
1469,10:57:25,20.99,0.04,572,1200628,买盘
1470,10:57:14,20.95,0.01,59,123605,卖盘
1471,10:57:10,20.94,--,0,0,卖盘
1472,10:57:05,20.94,-0.01,135,282690,卖盘
1473,10:56:59,20.95,-0.01,5,10475,卖盘
1474,10:56:55,20.96,--,3,6288,买盘
1475,10:56:50,20.96,0.01,13,27248,买盘
1476,10:56:44,20.95,-0.01,52,108940,卖盘
1477,10:56:40,20.96,0.01,55,115280,买盘
1478,10:56:35,20.95,-0.01,2,4190,卖盘
1479,10:56:29,20.96,0.01,3,6288,买盘
1480,10:56:25,20.95,-0.05,1,2095,卖盘
1481,10:56:20,21.0,--,0,0,买盘
1482,10:56:14,21.0,0.05,110,231000,买盘
1483,10:56:05,20.95,-0.05,114,238830,卖盘
1484,10:55:59,21.0,0.04,24,50400,买盘
1485,10:55:55,20.96,-0.04,2,4192,卖盘
1486,10:55:50,21.0,--,13,27300,买盘
1487,10:55:44,21.0,0.04,7,14700,买盘
1488,10:55:35,20.96,-0.04,2,4192,卖盘
1489,10:55:20,21.0,0.04,40,84000,买盘
1490,10:55:14,20.96,-0.04,34,71264,中性盘
1491,10:55:08,21.0,0.03,29,60900,买盘
1492,10:55:05,20.97,-0.03,23,48231,中性盘
1493,10:54:59,21.0,--,21,44100,买盘
1494,10:54:53,21.0,--,76,159600,买盘
1495,10:54:50,21.0,--,121,254100,买盘
1496,10:54:44,21.0,--,10,21000,买盘
1497,10:54:35,21.0,--,27,56700,买盘
1498,10:54:29,21.0,--,7,14700,买盘
1499,10:54:14,21.0,0.01,121,254100,买盘
1500,10:54:08,20.99,--,12,25187,卖盘
1501,10:54:05,20.99,0.03,2,4198,卖盘
1502,10:53:59,20.96,-0.02,1,2096,卖盘
1503,10:53:53,20.98,-0.01,2,4196,买盘
1504,10:53:50,20.99,--,13,27286,买盘
1505,10:53:44,20.99,--,39,81861,买盘
1506,10:53:29,20.99,-0.01,74,155326,中性盘
1507,10:53:23,21.0,0.04,55,115500,买盘
1508,10:53:20,20.96,-0.03,2,4192,卖盘
1509,10:53:08,20.99,0.03,1,2099,买盘
1510,10:53:05,20.96,-0.03,15,31440,卖盘
1511,10:52:59,20.99,--,29,60870,买盘
1512,10:52:50,20.99,--,13,27286,买盘
1513,10:52:44,20.99,-0.01,26,54573,买盘
1514,10:52:35,21.0,--,0,0,买盘
1515,10:52:29,21.0,0.01,5,10500,买盘
1516,10:52:23,20.99,--,52,109147,买盘
1517,10:52:20,20.99,-0.03,64,134797,卖盘
1518,10:52:14,21.02,-0.05,150,315300,卖盘
1519,10:52:08,21.07,0.05,1,2107,买盘
1520,10:51:59,21.02,-0.05,30,63060,卖盘
1521,10:51:53,21.07,--,1,2107,买盘
1522,10:51:50,21.07,--,418,880726,买盘
1523,10:51:44,21.07,0.03,10,21070,买盘
1524,10:51:38,21.04,0.01,3,6312,中性盘
1525,10:51:29,21.03,-0.01,5,10515,卖盘
1526,10:51:19,21.04,--,5,10520,买盘
1527,10:51:14,21.04,-0.03,120,252480,买盘
1528,10:51:08,21.07,--,0,0,买盘
1529,10:51:04,21.07,0.05,9,18963,中性盘
1530,10:50:59,21.02,-0.07,41,86182,卖盘
1531,10:50:53,21.09,0.01,257,542013,买盘
1532,10:50:49,21.08,--,17,35836,买盘
1533,10:50:44,21.08,0.08,56,118047,中性盘
1534,10:50:38,21.0,-0.02,209,438900,卖盘
1535,10:50:34,21.02,-0.02,98,205996,卖盘
1536,10:50:29,21.04,0.04,30,63120,买盘
1537,10:50:19,21.0,--,10,21000,卖盘
1538,10:50:14,21.0,0.12,809,1700538,买盘
1539,10:50:04,20.88,-0.02,189,394632,卖盘
1540,10:49:59,20.9,-0.03,1,2090,中性盘
1541,10:49:53,20.93,0.03,9,18837,买盘
1542,10:49:49,20.9,--,25,52250,买盘
1543,10:49:44,20.9,-0.07,582,1216839,卖盘
1544,10:49:38,20.97,0.04,6,12582,买盘
1545,10:49:34,20.93,--,20,41860,卖盘
1546,10:49:29,20.93,0.01,219,458367,买盘
1547,10:49:23,20.92,--,30,62760,买盘
1548,10:49:19,20.92,0.01,5,10460,买盘
1549,10:49:14,20.91,--,40,83640,卖盘
1550,10:49:08,20.91,-0.02,5,10455,卖盘
1551,10:49:04,20.93,0.02,26,54418,买盘
1552,10:48:59,20.91,0.01,10,20910,中性盘
1553,10:48:53,20.9,-0.02,6,12540,卖盘
1554,10:48:49,20.92,0.02,8,16736,买盘
1555,10:48:44,20.9,-0.01,59,123309,卖盘
1556,10:48:38,20.91,0.01,133,279169,买盘
1557,10:48:34,20.9,0.03,218,456184,买盘
1558,10:48:29,20.87,-0.01,82,171134,卖盘
1559,10:48:23,20.88,--,6,12528,买盘
1560,10:48:14,20.88,--,106,221328,卖盘
1561,10:48:08,20.88,-0.02,2,4176,卖盘
1562,10:48:02,20.9,0.02,19,39710,买盘
1563,10:47:59,20.88,-0.02,297,621660,卖盘
1564,10:47:53,20.9,--,0,0,买盘
1565,10:47:47,20.9,--,23,48070,买盘
1566,10:47:44,20.9,--,68,142120,卖盘
1567,10:47:38,20.9,--,51,106590,卖盘
1568,10:47:32,20.9,0.01,2,4180,买盘
1569,10:47:29,20.89,-0.01,2,4178,卖盘
1570,10:47:23,20.9,--,3,6270,卖盘
1571,10:47:17,20.9,0.01,14,29259,中性盘
1572,10:47:14,20.89,--,36,75204,卖盘
1573,10:47:08,20.89,-0.01,207,432987,卖盘
1574,10:47:02,20.9,0.01,61,127489,买盘
1575,10:46:59,20.89,-0.01,20,41780,卖盘
1576,10:46:53,20.9,--,124,259159,买盘
1577,10:46:47,20.9,0.02,3,6270,买盘
1578,10:46:44,20.88,--,529,1104552,卖盘
1579,10:46:38,20.88,--,34,70992,卖盘
1580,10:46:32,20.88,-0.01,1,2088,卖盘
1581,10:46:29,20.89,0.01,31,64759,买盘
1582,10:46:23,20.88,--,47,98136,卖盘
1583,10:46:17,20.88,0.01,38,79344,中性盘
1584,10:46:14,20.87,--,34,70958,卖盘
1585,10:46:08,20.87,-0.01,62,129394,卖盘
1586,10:46:02,20.88,-0.01,16,33408,卖盘
1587,10:45:59,20.89,-0.01,141,294549,中性盘
1588,10:45:53,20.9,--,10,20900,买盘
1589,10:45:47,20.9,--,14,29259,买盘
1590,10:45:43,20.9,--,121,252889,买盘
1591,10:45:38,20.9,--,56,117039,买盘
1592,10:45:32,20.9,0.02,35,73150,买盘
1593,10:45:29,20.88,-0.02,15,31320,卖盘
1594,10:45:23,20.9,--,2,4180,买盘
1595,10:45:17,20.9,-0.01,46,96140,卖盘
1596,10:45:13,20.91,--,16,33456,买盘
1597,10:45:08,20.91,--,68,142188,买盘
1598,10:45:02,20.91,0.01,78,163098,买盘
1599,10:44:58,20.9,-0.01,27,56429,卖盘
1600,10:44:53,20.91,--,88,184008,买盘
1601,10:44:43,20.91,--,84,175644,买盘
1602,10:44:38,20.91,0.01,14,29274,买盘
1603,10:44:32,20.9,-0.01,8,16720,卖盘
1604,10:44:28,20.91,0.01,68,142188,买盘
1605,10:44:23,20.9,--,9,18810,卖盘
1606,10:44:17,20.9,0.03,116,242439,买盘
1607,10:44:13,20.87,-0.04,7,14609,买盘
1608,10:44:08,20.91,0.06,12,25092,买盘
1609,10:44:02,20.85,-0.03,24,50040,卖盘
1610,10:43:58,20.88,-0.02,33,68904,卖盘
1611,10:43:53,20.9,0.06,8,16720,卖盘
1612,10:43:43,20.84,-0.04,226,470984,卖盘
1613,10:43:38,20.88,0.04,384,801792,买盘
1614,10:43:32,20.84,-0.01,1,2084,买盘
1615,10:43:28,20.85,0.01,299,624019,买盘
1616,10:43:23,20.84,-0.01,20,41680,卖盘
1617,10:43:17,20.85,0.01,82,170970,买盘
1618,10:43:13,20.84,-0.01,62,129208,卖盘
1619,10:43:08,20.85,-0.01,29,60465,卖盘
1620,10:43:02,20.86,0.01,5,10430,买盘
1621,10:42:58,20.85,-0.02,27,56295,卖盘
1622,10:42:53,20.87,0.02,41,85567,买盘
1623,10:42:47,20.85,--,23,47955,卖盘
1624,10:42:43,20.85,--,138,287730,买盘
1625,10:42:38,20.85,--,19,39615,卖盘
1626,10:42:32,20.85,--,63,131355,卖盘
1627,10:42:28,20.85,-0.04,63,131355,卖盘
1628,10:42:23,20.89,0.01,104,217256,买盘
1629,10:42:13,20.88,-0.01,9,18792,卖盘
1630,10:42:08,20.89,-0.01,82,171298,卖盘
1631,10:42:02,20.9,-0.01,604,1263425,卖盘
1632,10:41:58,20.91,0.01,10,20910,买盘
1633,10:41:53,20.9,-0.02,242,505779,卖盘
1634,10:41:47,20.92,-0.01,61,127612,中性盘
1635,10:41:43,20.93,0.02,22,46046,买盘
1636,10:41:38,20.91,-0.02,126,263466,卖盘
1637,10:41:32,20.93,--,25,52325,卖盘
1638,10:41:28,20.93,--,10,20930,卖盘
1639,10:41:23,20.93,-0.01,20,41860,卖盘
1640,10:41:17,20.94,-0.01,102,213588,卖盘
1641,10:41:13,20.95,--,8,16760,卖盘
1642,10:41:08,20.95,-0.02,45,94275,卖盘
1643,10:41:02,20.97,-0.01,3,6291,卖盘
1644,10:40:53,20.98,-0.02,321,673458,卖盘
1645,10:40:47,21.0,0.02,69,144900,买盘
1646,10:40:43,20.98,-0.02,49,102802,卖盘
1647,10:40:38,21.0,--,153,321300,卖盘
1648,10:40:32,21.0,--,57,119700,卖盘
1649,10:40:28,21.0,--,3,6300,卖盘
1650,10:40:17,21.0,--,16,33600,卖盘
1651,10:40:11,21.0,--,1,2100,卖盘
1652,10:40:08,21.0,-0.02,73,153300,卖盘
1653,10:40:02,21.02,-0.03,156,327912,卖盘
1654,10:39:56,21.05,--,3,6315,卖盘
1655,10:39:53,21.05,0.02,104,218920,买盘
1656,10:39:47,21.03,-0.01,35,73605,卖盘
1657,10:39:38,21.04,-0.01,37,77848,卖盘
1658,10:39:32,21.05,--,5,10525,买盘
1659,10:39:26,21.05,--,268,564140,卖盘
1660,10:39:22,21.05,--,5,10525,卖盘
1661,10:39:17,21.05,--,129,271545,卖盘
1662,10:39:11,21.05,--,6,12630,卖盘
1663,10:39:08,21.05,-0.02,1,2105,卖盘
1664,10:39:02,21.07,--,111,233877,卖盘
1665,10:38:53,21.07,--,7,14749,卖盘
1666,10:38:47,21.07,0.03,84,176988,买盘
1667,10:38:41,21.04,--,7,14728,买盘
1668,10:38:37,21.04,--,52,109408,卖盘
1669,10:38:32,21.04,-0.04,3,6312,卖盘
1670,10:38:26,21.08,--,8,16864,买盘
1671,10:38:22,21.08,--,107,225555,卖盘
1672,10:38:17,21.08,0.01,5,10540,买盘
1673,10:38:07,21.07,0.01,130,273910,中性盘
1674,10:38:02,21.06,-0.01,85,179010,卖盘
1675,10:37:56,21.07,0.01,228,480396,买盘
1676,10:37:53,21.06,0.01,90,189540,买盘
1677,10:37:47,21.05,-0.01,1,2105,中性盘
1678,10:37:37,21.06,0.04,10,21060,买盘
1679,10:37:32,21.02,-0.03,162,340524,卖盘
1680,10:37:22,21.05,0.03,187,393635,买盘
1681,10:37:11,21.02,--,58,121916,卖盘
1682,10:37:07,21.02,--,4,8408,卖盘
1683,10:37:02,21.02,--,16,33632,卖盘
1684,10:36:56,21.02,--,4,8408,买盘
1685,10:36:52,21.02,--,2,4204,买盘
1686,10:36:47,21.02,0.01,14,29428,买盘
1687,10:36:37,21.01,--,4,8404,卖盘
1688,10:36:32,21.01,0.01,123,258423,卖盘
1689,10:36:26,21.0,--,0,0,卖盘
1690,10:36:22,21.0,0.05,151,317100,卖盘
1691,10:36:17,20.95,-0.07,108,226260,卖盘
1692,10:36:11,21.02,0.05,56,117712,买盘
1693,10:36:07,20.97,-0.03,1,2097,卖盘
1694,10:36:02,21.0,--,23,48300,卖盘
1695,10:35:56,21.0,--,5,10500,卖盘
1696,10:35:47,21.0,--,6,12600,买盘
1697,10:35:37,21.0,--,22,46200,卖盘
1698,10:35:32,21.0,--,1,2100,卖盘
1699,10:35:22,21.0,--,5,10500,卖盘
1700,10:35:17,21.0,0.01,76,159600,买盘
1701,10:35:11,20.99,0.02,3,6296,买盘
1702,10:35:07,20.97,0.02,1,2097,卖盘
1703,10:35:02,20.95,-0.02,167,349865,卖盘
1704,10:34:56,20.97,-0.02,4,8388,卖盘
1705,10:34:47,20.99,0.02,263,552037,买盘
1706,10:34:32,20.97,-0.02,18,37746,卖盘
1707,10:34:26,20.99,--,0,0,买盘
1708,10:34:21,20.99,0.02,77,161623,买盘
1709,10:34:17,20.97,--,9,18873,买盘
1710,10:34:02,20.97,-0.03,28,58716,卖盘
1711,10:33:52,21.0,0.01,48,100800,买盘
1712,10:33:47,20.99,--,52,109147,卖盘
1713,10:33:41,20.99,0.03,2,4198,中性盘
1714,10:33:37,20.96,--,3,6288,卖盘
1715,10:33:31,20.96,--,34,71264,卖盘
1716,10:33:26,20.96,-0.03,44,92224,卖盘
1717,10:33:17,20.99,0.03,3,6296,买盘
1718,10:33:11,20.96,--,27,56592,买盘
1719,10:33:02,20.96,--,22,46112,买盘
1720,10:32:56,20.96,--,30,62880,买盘
1721,10:32:47,20.96,--,34,71264,买盘
1722,10:32:41,20.96,-0.04,31,64976,卖盘
1723,10:32:32,21.0,0.02,68,142800,中性盘
1724,10:32:26,20.98,-0.03,43,90214,卖盘
1725,10:32:20,21.01,0.01,4,8404,买盘
1726,10:32:17,21.0,--,2,4200,买盘
1727,10:32:02,21.0,--,0,0,买盘
1728,10:31:56,21.0,-0.02,1,2100,买盘
1729,10:31:47,21.02,--,5,10510,卖盘
1730,10:31:41,21.02,0.06,71,149242,买盘
1731,10:31:35,20.96,-0.06,10,20960,卖盘
1732,10:31:32,21.02,0.02,18,37836,买盘
1733,10:31:26,21.0,-0.02,35,73500,卖盘
1734,10:31:17,21.02,0.02,11,23122,买盘
1735,10:31:11,21.0,--,21,44100,卖盘
1736,10:31:05,21.0,--,76,159600,买盘
1737,10:31:02,21.0,--,2,4200,买盘
1738,10:30:46,21.0,--,0,0,买盘
1739,10:30:41,21.0,0.07,16,33600,买盘
1740,10:30:31,20.93,-0.07,157,328601,卖盘
1741,10:30:25,21.0,--,0,0,买盘
1742,10:30:16,21.0,0.05,10,21000,买盘
1743,10:30:11,20.95,--,3,6285,卖盘
1744,10:30:01,20.95,-0.05,2,4190,卖盘
1745,10:29:56,21.0,0.06,2,4200,买盘
1746,10:29:46,20.94,-0.01,206,431364,卖盘
1747,10:29:41,20.95,0.01,3,6285,买盘
1748,10:29:35,20.94,--,104,217776,卖盘
1749,10:29:31,20.94,-0.01,167,349698,卖盘
1750,10:29:26,20.95,--,2,4190,买盘
1751,10:29:20,20.95,0.01,10,20950,买盘
1752,10:29:16,20.94,-0.01,5,10470,卖盘
1753,10:29:05,20.95,--,1,2095,买盘
1754,10:29:01,20.95,0.01,24,50280,买盘
1755,10:28:56,20.94,-0.01,3,6282,卖盘
1756,10:28:50,20.95,--,0,0,买盘
1757,10:28:46,20.95,--,15,31425,买盘
1758,10:28:40,20.95,0.01,63,131985,买盘
1759,10:28:31,20.94,0.01,2,4188,买盘
1760,10:28:26,20.93,-0.02,4,8372,卖盘
1761,10:28:20,20.95,--,3,6285,买盘
1762,10:28:16,20.95,--,4,8380,买盘
1763,10:28:11,20.95,--,171,358245,买盘
1764,10:27:56,20.95,--,19,39805,卖盘
1765,10:27:46,20.95,--,5,10475,买盘
1766,10:27:41,20.95,--,1,2095,买盘
1767,10:27:35,20.95,--,1,2095,卖盘
1768,10:27:31,20.95,-0.05,1,2095,卖盘
1769,10:27:26,21.0,--,100,210000,买盘
1770,10:27:16,21.0,--,3,6300,买盘
1771,10:26:50,21.0,0.1,10,21000,买盘
1772,10:26:46,20.9,-0.08,106,221539,卖盘
1773,10:26:41,20.98,0.07,168,352464,中性盘
1774,10:26:35,20.91,--,23,48093,卖盘
1775,10:26:31,20.91,--,142,296922,卖盘
1776,10:26:26,20.91,-0.06,448,936768,卖盘
1777,10:26:16,20.97,--,11,23067,买盘
1778,10:26:11,20.97,--,894,1875766,卖盘
1779,10:26:05,20.97,-0.01,25,52425,卖盘
1780,10:26:01,20.98,--,1,2098,买盘
1781,10:25:56,20.98,0.01,10,20980,买盘
1782,10:25:50,20.97,--,0,0,卖盘
1783,10:25:46,20.97,-0.02,105,220185,卖盘
1784,10:25:41,20.99,0.01,47,98652,买盘
1785,10:25:34,20.98,-0.01,4,8392,卖盘
1786,10:25:31,20.99,0.01,5,10495,买盘
1787,10:25:19,20.98,--,11,23078,卖盘
1788,10:25:05,20.98,0.01,78,163644,买盘
1789,10:24:56,20.97,--,1,2097,卖盘
1790,10:24:50,20.97,--,4,8388,卖盘
1791,10:24:35,20.97,--,6,12582,卖盘
1792,10:24:26,20.97,0.01,3,6291,买盘
1793,10:24:19,20.96,-0.01,10,20960,卖盘
1794,10:24:14,20.97,0.01,1,2097,买盘
1795,10:24:11,20.96,-0.01,4,8384,卖盘
1796,10:23:55,20.97,-0.01,9,18873,卖盘
1797,10:23:49,20.98,-0.02,7,14686,中性盘
1798,10:23:44,21.0,0.04,10,21000,买盘
1799,10:23:35,20.96,-0.01,4,8384,卖盘
1800,10:23:19,20.97,-0.02,20,41940,卖盘
1801,10:23:10,20.99,--,4,8396,卖盘
1802,10:23:05,20.99,--,20,41980,卖盘
1803,10:22:50,20.99,0.01,3,6296,买盘
1804,10:22:40,20.98,0.02,5,10490,卖盘
1805,10:22:35,20.96,--,10,20960,卖盘
1806,10:22:29,20.96,--,40,83840,卖盘
1807,10:22:25,20.96,-0.03,3,6288,卖盘
1808,10:22:19,20.99,0.03,1,2099,买盘
1809,10:22:14,20.96,--,5,10480,卖盘
1810,10:22:05,20.96,-0.04,3,6288,卖盘
1811,10:21:55,21.0,0.03,33,69300,买盘
1812,10:21:50,20.97,-0.03,12,25164,卖盘
1813,10:21:40,21.0,--,10,21000,买盘
1814,10:21:34,21.0,--,20,42000,买盘
1815,10:21:29,21.0,--,1,2100,买盘
1816,10:21:25,21.0,-0.01,17,35700,卖盘
1817,10:21:10,21.01,--,42,88242,卖盘
1818,10:21:04,21.01,--,22,46222,卖盘
1819,10:20:58,21.01,0.05,33,69333,买盘
1820,10:20:55,20.96,--,10,20960,买盘
1821,10:20:50,20.96,-0.01,4,8384,卖盘
1822,10:20:43,20.97,0.01,1,2097,买盘
1823,10:20:40,20.96,-0.01,10,20960,卖盘
1824,10:20:29,20.97,-0.01,3,6291,买盘
1825,10:20:19,20.98,--,6,12588,卖盘
1826,10:20:14,20.98,-0.02,7,14686,卖盘
1827,10:20:10,21.0,--,15,31500,买盘
1828,10:20:04,21.0,0.01,56,117600,买盘
1829,10:19:59,20.99,-0.01,17,35683,卖盘
1830,10:19:55,21.0,--,82,172200,买盘
1831,10:19:49,21.0,--,51,107100,买盘
1832,10:19:43,21.0,--,6,12600,买盘
1833,10:19:40,21.0,--,3,6300,买盘
1834,10:19:28,21.0,--,7,14700,买盘
1835,10:19:25,21.0,--,70,147000,买盘
1836,10:19:09,21.0,0.01,5,10500,买盘
1837,10:19:05,20.99,0.01,39,81861,买盘
1838,10:18:55,20.98,0.02,43,90214,买盘
1839,10:18:49,20.96,0.01,17,35632,中性盘
1840,10:18:44,20.95,-0.01,36,75420,卖盘
1841,10:18:35,20.96,0.01,2,4192,买盘
1842,10:18:29,20.95,--,28,58660,卖盘
1843,10:18:20,20.95,--,5,10475,卖盘
1844,10:18:13,20.95,0.01,98,205310,买盘
1845,10:18:10,20.94,--,1,2094,卖盘
1846,10:18:04,20.94,--,25,52350,卖盘
1847,10:17:59,20.94,--,14,29316,卖盘
1848,10:17:54,20.94,--,7,14658,卖盘
1849,10:17:49,20.94,--,1,2094,卖盘
1850,10:17:43,20.94,--,12,25128,卖盘
1851,10:17:34,20.94,0.01,3,6282,中性盘
1852,10:17:29,20.93,-0.01,18,37674,卖盘
1853,10:17:24,20.94,0.01,15,31410,买盘
1854,10:17:19,20.93,--,10,20930,卖盘
1855,10:17:13,20.93,-0.01,32,66976,卖盘
1856,10:17:04,20.94,0.01,65,136110,中性盘
1857,10:16:59,20.93,-0.01,107,223951,卖盘
1858,10:16:54,20.94,--,1,2094,卖盘
1859,10:16:49,20.94,0.01,58,121452,买盘
1860,10:16:44,20.93,--,29,60697,卖盘
1861,10:16:34,20.93,--,51,106743,卖盘
1862,10:16:29,20.93,-0.01,1,2093,卖盘
1863,10:16:22,20.94,--,5,10470,买盘
1864,10:16:19,20.94,0.01,66,138392,买盘
1865,10:16:14,20.93,--,1,2093,卖盘
1866,10:16:08,20.93,-0.01,3,6279,卖盘
1867,10:16:04,20.94,--,6,12564,买盘
1868,10:15:59,20.94,-0.01,117,244998,卖盘
1869,10:15:52,20.95,0.01,14,29330,买盘
1870,10:15:49,20.94,--,4,8376,卖盘
1871,10:15:44,20.94,--,20,41880,卖盘
1872,10:15:34,20.94,--,4,8376,卖盘
1873,10:15:29,20.94,-0.01,29,60726,卖盘
1874,10:15:23,20.95,0.01,15,31425,买盘
1875,10:15:19,20.94,-0.01,6,12564,卖盘
1876,10:15:13,20.95,0.01,8,16760,买盘
1877,10:15:04,20.94,--,12,25128,卖盘
1878,10:14:58,20.94,--,2,4188,卖盘
1879,10:14:53,20.94,-0.01,7,14658,卖盘
1880,10:14:44,20.95,--,1,2095,买盘
1881,10:14:38,20.95,0.02,4,8380,买盘
1882,10:14:34,20.93,-0.02,521,1090453,卖盘
1883,10:14:28,20.95,--,3,6285,卖盘
1884,10:14:23,20.95,--,21,43995,卖盘
1885,10:14:19,20.95,0.01,3,6285,中性盘
1886,10:14:13,20.94,--,20,41880,卖盘
1887,10:14:04,20.94,--,25,52350,卖盘
1888,10:13:58,20.94,-0.01,45,94230,卖盘
1889,10:13:53,20.95,-0.01,128,268160,卖盘
1890,10:13:49,20.96,0.01,41,85936,买盘
1891,10:13:44,20.95,-0.01,46,96370,卖盘
1892,10:13:38,20.96,--,1,2096,买盘
1893,10:13:34,20.96,-0.02,5,10480,中性盘
1894,10:13:29,20.98,0.02,77,161546,买盘
1895,10:13:13,20.96,-0.01,175,366800,卖盘
1896,10:13:08,20.97,--,5,10485,卖盘
1897,10:13:04,20.97,--,5,10485,卖盘
1898,10:12:59,20.97,-0.01,10,20970,卖盘
1899,10:12:49,20.98,--,5,10490,买盘
1900,10:12:44,20.98,0.01,44,92312,中性盘
1901,10:12:37,20.97,-0.01,14,29358,卖盘
1902,10:12:34,20.98,0.01,3,6294,买盘
1903,10:12:19,20.97,-0.01,10,20970,卖盘
1904,10:12:14,20.98,--,5,10490,买盘
1905,10:12:07,20.98,0.01,8,16784,买盘
1906,10:12:04,20.97,--,0,0,卖盘
1907,10:11:59,20.97,--,11,23067,卖盘
1908,10:11:53,20.97,--,17,35649,卖盘
1909,10:11:49,20.97,-0.01,37,77589,卖盘
1910,10:11:44,20.98,0.01,7,14686,卖盘
1911,10:11:38,20.97,--,30,62910,卖盘
1912,10:11:34,20.97,-0.03,24,50328,卖盘
1913,10:11:29,21.0,0.03,29,60900,买盘
1914,10:11:18,20.97,-0.03,12,25164,卖盘
1915,10:11:13,21.0,0.02,79,165900,买盘
1916,10:11:08,20.98,--,11,23078,卖盘
1917,10:10:58,20.98,--,26,54548,买盘
1918,10:10:53,20.98,0.01,11,23078,买盘
1919,10:10:48,20.97,--,3,6291,卖盘
1920,10:10:38,20.97,--,4,8388,卖盘
1921,10:10:33,20.97,-0.02,74,155178,卖盘
1922,10:10:28,20.99,--,1,2099,买盘
1923,10:10:22,20.99,0.01,3,6296,买盘
1924,10:10:18,20.98,--,5,10490,卖盘
1925,10:10:13,20.98,--,35,73430,卖盘
1926,10:10:08,20.98,-0.01,2,4196,卖盘
1927,10:10:03,20.99,-0.01,84,176316,卖盘
1928,10:09:58,21.0,--,16,33600,买盘
1929,10:09:48,21.0,0.01,5,10500,买盘
1930,10:09:43,20.99,-0.08,7,14692,卖盘
1931,10:09:37,21.07,0.07,47,99029,买盘
1932,10:09:28,21.0,-0.07,86,180600,卖盘
1933,10:09:23,21.07,0.07,2,4214,买盘
1934,10:09:16,21.0,--,9,18900,卖盘
1935,10:09:13,21.0,--,17,35700,卖盘
1936,10:09:07,21.0,--,11,23100,卖盘
1937,10:08:52,21.0,-0.01,22,46200,卖盘
1938,10:08:43,21.01,0.01,15,31515,中性盘
1939,10:08:31,21.0,--,75,157500,买盘
1940,10:08:28,21.0,0.01,20,42000,买盘
1941,10:08:23,20.99,-0.01,90,188910,中性盘
1942,10:08:16,21.0,--,359,753900,买盘
1943,10:08:01,21.0,-0.02,126,264600,卖盘
1944,10:07:58,21.02,-0.02,1,2102,中性盘
1945,10:07:52,21.04,0.02,49,103096,买盘
1946,10:07:47,21.02,-0.02,11,23122,卖盘
1947,10:07:43,21.04,-0.03,2,4208,卖盘
1948,10:07:38,21.07,--,24,50568,买盘
1949,10:07:32,21.07,0.05,1,2107,买盘
1950,10:07:28,21.02,-0.06,2,4204,卖盘
1951,10:07:22,21.08,--,2,4216,买盘
1952,10:07:17,21.08,-0.01,10,21080,买盘
1953,10:07:13,21.09,0.01,259,546231,买盘
1954,10:07:07,21.08,-0.01,2,4216,卖盘
1955,10:07:02,21.09,0.01,1,2109,买盘
1956,10:06:58,21.08,-0.01,30,63239,卖盘
1957,10:06:53,21.09,-0.01,62,130758,卖盘
1958,10:06:46,21.1,--,5,10550,买盘
1959,10:06:43,21.1,0.01,208,438880,买盘
1960,10:06:38,21.09,--,50,105450,卖盘
1961,10:06:28,21.09,0.01,55,115995,买盘
1962,10:06:13,21.08,--,9,18972,卖盘
1963,10:06:07,21.08,0.08,6,12647,买盘
1964,10:06:02,21.0,--,33,69300,卖盘
1965,10:05:58,21.0,--,10,21000,卖盘
1966,10:05:52,21.0,-0.08,77,161700,卖盘
1967,10:05:46,21.08,0.11,190,400519,买盘
1968,10:05:42,20.97,--,211,442467,卖盘
1969,10:05:38,20.97,--,6,12582,卖盘
1970,10:05:31,20.97,-0.02,34,71298,卖盘
1971,10:05:27,20.99,0.02,31,65068,买盘
1972,10:05:17,20.97,--,130,272610,卖盘
1973,10:05:13,20.97,--,23,48231,卖盘
1974,10:05:08,20.97,--,21,44037,卖盘
1975,10:04:57,20.97,-0.03,2,4194,卖盘
1976,10:04:53,21.0,--,7,14700,买盘
1977,10:04:46,21.0,0.03,73,153300,买盘
1978,10:04:42,20.97,-0.03,320,671040,卖盘
1979,10:04:37,21.0,--,15,31500,卖盘
1980,10:04:31,21.0,0.04,180,378000,买盘
1981,10:04:27,20.96,-0.04,52,108992,卖盘
1982,10:04:22,21.0,0.04,109,228900,买盘
1983,10:04:17,20.96,--,37,77552,卖盘
1984,10:04:12,20.96,--,9,18864,卖盘
1985,10:04:08,20.96,--,5,10480,卖盘
1986,10:04:01,20.96,--,1,2096,卖盘
1987,10:03:57,20.96,--,4,8384,卖盘
1988,10:03:52,20.96,--,29,60784,卖盘
1989,10:03:46,20.96,-0.04,299,626704,中性盘
1990,10:03:42,21.0,0.05,10,21000,买盘
1991,10:03:37,20.95,-0.01,4,8380,卖盘
1992,10:03:31,20.96,0.01,60,125760,买盘
1993,10:03:27,20.95,-0.01,2,4190,卖盘
1994,10:03:17,20.96,-0.04,6,12576,卖盘
1995,10:03:02,21.0,--,0,0,买盘
1996,10:02:57,21.0,0.07,5,10500,买盘
1997,10:02:52,20.93,--,0,0,卖盘
1998,10:02:46,20.93,--,0,0,卖盘
1999,10:02:42,20.93,-0.03,40,83720,买盘
2000,10:02:37,20.96,-0.04,216,452736,卖盘
2001,10:02:31,21.0,--,92,193200,卖盘
2002,10:02:27,21.0,0.06,507,1066590,买盘
2003,10:02:22,20.94,--,14,29316,卖盘
2004,10:02:17,20.94,--,0,0,卖盘
2005,10:02:07,20.94,-0.01,9,18846,卖盘
2006,10:02:02,20.95,--,1,2095,买盘
2007,10:01:57,20.95,0.03,5,10475,买盘
2008,10:01:52,20.92,-0.03,586,1225912,卖盘
2009,10:01:47,20.95,0.01,15,31425,买盘
2010,10:01:41,20.94,0.01,10,20940,买盘
2011,10:01:37,20.93,--,8,16744,卖盘
2012,10:01:32,20.93,-0.02,75,156975,卖盘
2013,10:01:25,20.95,--,7,14665,卖盘
2014,10:01:22,20.95,0.02,168,351960,买盘
2015,10:01:17,20.93,-0.01,5,10465,卖盘
2016,10:01:11,20.94,0.01,13,27222,中性盘
2017,10:01:07,20.93,--,11,23023,卖盘
2018,10:01:01,20.93,--,44,92092,卖盘
2019,10:00:56,20.93,-0.01,52,108836,卖盘
2020,10:00:52,20.94,0.01,174,364356,买盘
2021,10:00:47,20.93,-0.01,79,165347,卖盘
2022,10:00:41,20.94,--,11,23034,买盘
2023,10:00:37,20.94,0.01,33,69102,买盘
2024,10:00:32,20.93,-0.01,159,332787,卖盘
2025,10:00:25,20.94,0.01,15,31410,买盘
2026,10:00:22,20.93,--,20,41860,卖盘
2027,10:00:16,20.93,--,9,18837,卖盘
2028,10:00:11,20.93,--,17,35581,卖盘
2029,10:00:07,20.93,-0.01,293,613249,卖盘
2030,10:00:02,20.94,--,8,16752,卖盘
2031,09:59:56,20.94,--,0,0,卖盘
2032,09:59:52,20.94,-0.01,5,10470,卖盘
2033,09:59:47,20.95,0.01,101,211595,中性盘
2034,09:59:41,20.94,-0.03,1,2094,卖盘
2035,09:59:37,20.97,0.02,71,148887,买盘
2036,09:59:31,20.95,-0.01,368,771169,卖盘
2037,09:59:22,20.96,--,72,150912,买盘
2038,09:59:17,20.96,0.01,46,96416,买盘
2039,09:59:11,20.95,--,105,219975,卖盘
2040,09:59:07,20.95,--,24,50280,卖盘
2041,09:59:02,20.95,-0.01,10,20950,卖盘
2042,09:58:52,20.96,0.01,2,4192,买盘
2043,09:58:46,20.95,-0.01,12,25140,卖盘
2044,09:58:37,20.96,--,2,4192,卖盘
2045,09:58:32,20.96,-0.02,37,79438,卖盘
2046,09:58:26,20.98,0.01,2,4196,中性盘
2047,09:58:21,20.97,--,6,12582,买盘
2048,09:58:16,20.97,-0.01,179,375572,卖盘
2049,09:58:10,20.98,0.01,48,100704,买盘
2050,09:58:06,20.97,--,69,144693,卖盘
2051,09:58:01,20.97,--,10,20970,卖盘
2052,09:57:56,20.97,--,147,308259,卖盘
2053,09:57:51,20.97,-0.01,20,41940,卖盘
2054,09:57:46,20.98,-0.01,20,41960,卖盘
2055,09:57:40,20.99,0.01,11,23089,买盘
2056,09:57:31,20.98,--,14,29372,卖盘
2057,09:57:26,20.98,-0.02,90,188820,卖盘
2058,09:57:21,21.0,0.01,1,2100,买盘
2059,09:57:16,20.99,0.01,4,8396,卖盘
2060,09:57:11,20.98,--,0,0,卖盘
2061,09:57:06,20.98,--,17,35666,卖盘
2062,09:57:01,20.98,--,2,4196,卖盘
2063,09:56:51,20.98,-0.02,49,102802,卖盘
2064,09:56:46,21.0,0.02,39,81900,买盘
2065,09:56:41,20.98,--,100,209800,卖盘
2066,09:56:36,20.98,-0.02,88,184624,卖盘
2067,09:56:31,21.0,--,74,157290,买盘
2068,09:56:21,21.0,-0.02,181,380310,卖盘
2069,09:56:16,21.02,-0.02,117,245934,卖盘
2070,09:56:11,21.04,0.01,80,168320,买盘
2071,09:56:06,21.03,--,3,6309,卖盘
2072,09:56:01,21.03,-0.01,3,6309,卖盘
2073,09:55:56,21.04,--,6,12624,卖盘
2074,09:55:46,21.04,-0.02,11,23144,卖盘
2075,09:55:40,21.06,--,19,40014,买盘
2076,09:55:36,21.06,0.02,10,21060,买盘
2077,09:55:31,21.04,-0.04,83,174632,卖盘
2078,09:55:26,21.08,--,38,80104,买盘
2079,09:55:16,21.08,-0.02,1,2108,中性盘
2080,09:55:10,21.1,0.04,14,29540,买盘
2081,09:55:01,21.06,--,24,50544,卖盘
2082,09:54:56,21.06,--,9,18954,卖盘
2083,09:54:51,21.06,0.03,99,208494,买盘
2084,09:54:40,21.03,-0.01,0,210,中性盘
2085,09:54:35,21.04,--,0,0,买盘
2086,09:54:31,21.04,0.03,151,317704,买盘
2087,09:54:26,21.01,--,20,42020,卖盘
2088,09:54:16,21.01,--,88,186568,买盘
2089,09:54:11,21.01,0.01,27,56727,买盘
2090,09:54:01,21.0,--,1,3780,卖盘
2091,09:53:55,21.0,0.02,23,48300,买盘
2092,09:53:45,20.98,--,8,16784,卖盘
2093,09:53:40,20.98,-0.02,7,14686,卖盘
2094,09:53:30,21.0,0.02,99,207900,买盘
2095,09:53:25,20.98,--,98,205604,买盘
2096,09:53:20,20.98,--,6,12588,买盘
2097,09:53:16,20.98,--,1,2098,买盘
2098,09:53:11,20.98,-0.02,8,16784,卖盘
2099,09:53:05,21.0,--,5,10500,买盘
2100,09:53:01,21.0,0.03,37,77700,买盘
2101,09:52:56,20.97,-0.03,130,272610,卖盘
2102,09:52:50,21.0,--,53,111300,卖盘
2103,09:52:45,21.0,--,3,6300,卖盘
2104,09:52:41,21.0,0.02,14,29400,买盘
2105,09:52:34,20.98,-0.02,27,56646,卖盘
2106,09:52:30,21.0,0.03,23,48300,买盘
2107,09:52:26,20.97,-0.01,43,90171,卖盘
2108,09:52:15,20.98,--,4,8392,卖盘
2109,09:52:11,20.98,0.01,6,12588,买盘
2110,09:52:05,20.97,--,0,0,卖盘
2111,09:52:00,20.97,-0.01,29,60813,卖盘
2112,09:51:55,20.98,--,19,39862,卖盘
2113,09:51:50,20.98,--,15,31470,卖盘
2114,09:51:41,20.98,--,13,27274,买盘
2115,09:51:35,20.98,--,5,10490,买盘
2116,09:51:30,20.98,--,50,104900,卖盘
2117,09:51:25,20.98,--,112,234976,卖盘
2118,09:51:20,20.98,-0.01,25,52450,卖盘
2119,09:51:15,20.99,--,22,46178,卖盘
2120,09:51:10,20.99,0.01,1,2099,中性盘
2121,09:51:04,20.98,0.01,22,46156,中性盘
2122,09:51:00,20.97,--,87,182439,卖盘
2123,09:50:50,20.97,--,21,44037,卖盘
2124,09:50:45,20.97,-0.01,62,130014,卖盘
2125,09:50:40,20.98,--,2,4196,卖盘
2126,09:50:35,20.98,--,39,81822,买盘
2127,09:50:30,20.98,--,91,190918,卖盘
2128,09:50:25,20.98,0.01,49,102802,买盘
2129,09:50:19,20.97,-0.01,19,39843,卖盘
2130,09:50:15,20.98,0.01,1,2098,买盘
2131,09:50:10,20.97,-0.01,81,169857,卖盘
2132,09:50:04,20.98,--,12,25176,买盘
2133,09:50:00,20.98,--,127,266446,买盘
2134,09:49:55,20.98,--,1,2098,买盘
2135,09:49:45,20.98,-0.01,18,37764,卖盘
2136,09:49:40,20.99,0.02,45,94455,买盘
2137,09:49:34,20.97,-0.01,28,58716,卖盘
2138,09:49:30,20.98,-0.01,1,2098,卖盘
2139,09:49:25,20.99,0.01,123,258176,买盘
2140,09:49:19,20.98,--,25,52450,卖盘
2141,09:49:15,20.98,-0.01,11,23078,卖盘
2142,09:49:10,20.99,--,10,20990,买盘
2143,09:49:00,20.99,--,9,18891,卖盘
2144,09:48:55,20.99,0.01,2,4198,买盘
2145,09:48:49,20.98,--,12,25176,卖盘
2146,09:48:45,20.98,-0.02,56,117488,卖盘
2147,09:48:40,21.0,--,189,396900,买盘
2148,09:48:35,21.0,0.03,21,44100,买盘
2149,09:48:30,20.97,-0.02,282,591354,卖盘
2150,09:48:25,20.99,0.01,25,52474,买盘
2151,09:48:20,20.98,--,36,75528,卖盘
2152,09:48:15,20.98,--,8,16784,卖盘
2153,09:48:10,20.98,--,26,54548,卖盘
2154,09:48:04,20.98,--,2,4196,卖盘
2155,09:48:00,20.98,--,38,79724,卖盘
2156,09:47:55,20.98,0.02,91,190918,买盘
2157,09:47:50,20.96,-0.02,58,121568,卖盘
2158,09:47:45,20.98,0.02,2,4196,买盘
2159,09:47:40,20.96,-0.04,40,83840,卖盘
2160,09:47:35,21.0,-0.01,44,92400,卖盘
2161,09:47:30,21.01,0.01,6,12606,买盘
2162,09:47:25,21.0,--,7,14700,卖盘
2163,09:47:19,21.0,--,35,73500,卖盘
2164,09:47:13,21.0,--,2,4200,卖盘
2165,09:47:10,21.0,--,137,287700,买盘
2166,09:47:05,21.0,--,89,186900,买盘
2167,09:46:59,21.0,--,1,2100,买盘
2168,09:46:55,21.0,--,20,42000,买盘
2169,09:46:50,21.0,-0.01,6,12600,买盘
2170,09:46:44,21.01,--,0,0,买盘
2171,09:46:39,21.01,0.01,125,262625,买盘
2172,09:46:35,21.0,0.04,117,245784,买盘
2173,09:46:29,20.96,-0.04,33,69168,卖盘
2174,09:46:24,21.0,-0.01,223,470316,卖盘
2175,09:46:20,21.01,0.01,62,130262,买盘
2176,09:46:14,21.0,--,10,21000,卖盘
2177,09:46:09,21.0,--,207,434700,卖盘
2178,09:46:05,21.0,0.02,151,317100,买盘
2179,09:45:59,20.98,--,22,46156,卖盘
2180,09:45:54,20.98,0.03,49,102885,买盘
2181,09:45:50,20.95,-0.01,112,234640,卖盘
2182,09:45:44,20.96,--,22,46112,卖盘
2183,09:45:39,20.96,0.02,132,276672,买盘
2184,09:45:35,20.94,--,14,29316,卖盘
2185,09:45:29,20.94,0.01,3,6282,卖盘
2186,09:45:24,20.93,--,158,330694,卖盘
2187,09:45:20,20.93,-0.01,131,274183,卖盘
2188,09:45:13,20.94,0.01,47,98418,买盘
2189,09:45:09,20.93,--,99,207207,卖盘
2190,09:45:04,20.93,--,216,452088,卖盘
2191,09:44:59,20.93,--,103,215579,卖盘
2192,09:44:54,20.93,-0.01,75,156975,卖盘
2193,09:44:49,20.94,--,85,177990,卖盘
2194,09:44:43,20.94,--,27,56538,买盘
2195,09:44:39,20.94,-0.01,40,83760,卖盘
2196,09:44:34,20.95,--,72,150840,买盘
2197,09:44:29,20.95,0.01,2,4190,买盘
2198,09:44:24,20.94,-0.01,12,25128,卖盘
2199,09:44:19,20.95,-0.01,161,337295,卖盘
2200,09:44:14,20.96,0.01,23,48208,买盘
2201,09:44:09,20.95,--,188,393860,卖盘
2202,09:44:04,20.95,--,87,182265,卖盘
2203,09:43:59,20.95,-0.01,70,146650,卖盘
2204,09:43:54,20.96,0.01,20,41920,买盘
2205,09:43:49,20.95,-0.01,184,385480,卖盘
2206,09:43:44,20.96,--,33,69168,卖盘
2207,09:43:39,20.96,--,43,90128,卖盘
2208,09:43:34,20.96,-0.01,7,14672,卖盘
2209,09:43:28,20.97,--,24,50328,卖盘
2210,09:43:19,20.97,-0.02,67,142512,卖盘
2211,09:43:14,20.99,--,30,62969,买盘
2212,09:43:09,20.99,--,3,6296,买盘
2213,09:43:04,20.99,-0.01,134,281266,卖盘
2214,09:42:59,21.0,--,65,136500,买盘
2215,09:42:54,21.0,-0.01,515,1082592,卖盘
2216,09:42:44,21.01,0.01,51,107151,中性盘
2217,09:42:39,21.0,-0.01,890,1870008,卖盘
2218,09:42:34,21.01,--,19,39919,卖盘
2219,09:42:29,21.01,--,30,63030,卖盘
2220,09:42:24,21.01,-0.01,12,25212,卖盘
2221,09:42:19,21.02,--,25,52550,买盘
2222,09:42:13,21.02,--,53,111406,卖盘
2223,09:42:09,21.02,--,46,96692,卖盘
2224,09:42:04,21.02,--,42,88284,卖盘
2225,09:41:59,21.02,--,4,8408,卖盘
2226,09:41:54,21.02,-0.01,14,29428,卖盘
2227,09:41:49,21.03,0.01,8,16824,中性盘
2228,09:41:44,21.02,-0.02,19,39938,卖盘
2229,09:41:39,21.04,-0.05,11,23144,卖盘
2230,09:41:34,21.09,0.02,74,156066,买盘
2231,09:41:28,21.07,0.04,75,158025,买盘
2232,09:41:24,21.03,--,20,42060,卖盘
2233,09:41:19,21.03,0.01,64,134592,卖盘
2234,09:41:14,21.02,-0.06,34,71468,卖盘
2235,09:41:09,21.08,0.05,68,143344,买盘
2236,09:41:04,21.03,-0.01,110,231330,卖盘
2237,09:40:59,21.04,-0.01,64,134656,卖盘
2238,09:40:54,21.05,--,10,21050,中性盘
2239,09:40:49,21.05,0.01,249,524145,买盘
2240,09:40:44,21.04,-0.01,10,21040,中性盘
2241,09:40:39,21.05,0.02,25,52625,买盘
2242,09:40:34,21.03,-0.03,22,46266,卖盘
2243,09:40:28,21.06,0.02,52,109512,买盘
2244,09:40:24,21.04,-0.02,1,2104,卖盘
2245,09:40:19,21.06,--,78,164268,卖盘
2246,09:40:13,21.06,--,35,73710,卖盘
2247,09:40:09,21.06,--,23,48438,卖盘
2248,09:40:04,21.06,0.03,28,58968,卖盘
2249,09:39:58,21.03,--,25,52575,卖盘
2250,09:39:53,21.03,--,0,0,卖盘
2251,09:39:49,21.03,--,101,212403,卖盘
2252,09:39:44,21.03,--,21,44163,卖盘
2253,09:39:34,21.03,0.01,62,130386,买盘
2254,09:39:28,21.02,-0.01,76,159752,卖盘
2255,09:39:23,21.03,-0.01,27,56781,买盘
2256,09:39:18,21.04,--,54,113616,买盘
2257,09:39:13,21.04,0.01,32,67328,中性盘
2258,09:39:08,21.03,-0.03,67,140901,卖盘
2259,09:39:03,21.06,0.01,13,27378,买盘
2260,09:38:58,21.05,--,194,408370,买盘
2261,09:38:53,21.05,0.02,21,44205,买盘
2262,09:38:48,21.03,-0.02,53,111459,卖盘
2263,09:38:43,21.05,--,21,44205,买盘
2264,09:38:38,21.05,0.02,8,16840,买盘
2265,09:38:33,21.03,-0.02,208,437424,卖盘
2266,09:38:28,21.05,-0.01,26,54730,卖盘
2267,09:38:23,21.06,--,24,50544,买盘
2268,09:38:18,21.06,-0.04,22,46332,卖盘
2269,09:38:13,21.1,0.05,1,2110,买盘
2270,09:38:07,21.05,-0.05,86,181030,卖盘
2271,09:38:03,21.1,0.05,52,109720,买盘
2272,09:37:58,21.05,-0.05,106,223130,卖盘
2273,09:37:53,21.1,--,125,263750,买盘
2274,09:37:48,21.1,0.05,12,25341,买盘
2275,09:37:43,21.05,-0.01,39,84178,卖盘
2276,09:37:38,21.06,--,7,14742,卖盘
2277,09:37:33,21.06,-0.05,43,90579,卖盘
2278,09:37:28,21.11,0.06,236,498196,买盘
2279,09:37:23,21.05,--,1,2105,卖盘
2280,09:37:18,21.05,--,6,12630,卖盘
2281,09:37:13,21.05,--,90,189450,买盘
2282,09:37:08,21.05,--,26,54730,买盘
2283,09:37:03,21.05,--,38,79990,买盘
2284,09:36:58,21.05,--,50,105250,买盘
2285,09:36:53,21.05,0.01,5,10525,买盘
2286,09:36:48,21.04,--,1,2104,卖盘
2287,09:36:43,21.04,-0.02,102,214608,卖盘
2288,09:36:37,21.06,-0.06,100,210600,卖盘
2289,09:36:33,21.12,--,28,59136,买盘
2290,09:36:28,21.12,-0.01,1,2112,买盘
2291,09:36:18,21.13,0.03,55,116215,买盘
2292,09:36:13,21.1,0.08,55,116050,中性盘
2293,09:36:07,21.02,-0.08,75,157650,卖盘
2294,09:36:03,21.1,-0.02,66,139260,中性盘
2295,09:35:58,21.12,0.12,28,59136,买盘
2296,09:35:48,21.0,-0.03,180,378000,卖盘
2297,09:35:43,21.03,0.03,29,60987,买盘
2298,09:35:38,21.0,--,75,157500,买盘
2299,09:35:33,21.0,--,261,548100,买盘
2300,09:35:28,21.0,--,24,50400,买盘
2301,09:35:22,21.0,0.01,22,46200,买盘
2302,09:35:18,20.99,-0.01,58,121741,卖盘
2303,09:35:13,21.0,--,716,1503684,买盘
2304,09:35:08,21.0,--,24,50400,买盘
2305,09:35:03,21.0,0.02,65,136500,买盘
2306,09:34:58,20.98,-0.02,11,23078,卖盘
2307,09:34:53,21.0,--,104,218400,买盘
2308,09:34:48,21.0,--,64,134400,买盘
2309,09:34:43,21.0,--,77,161700,买盘
2310,09:34:38,21.0,--,162,340347,卖盘
2311,09:34:33,21.0,--,119,250047,卖盘
2312,09:34:27,21.0,-0.01,42,88200,卖盘
2313,09:34:22,21.01,0.01,89,186989,买盘
2314,09:34:18,21.0,-0.01,68,142800,卖盘
2315,09:34:13,21.01,--,59,123959,卖盘
2316,09:34:08,21.01,-0.02,51,107151,卖盘
2317,09:34:03,21.03,0.03,4,8412,买盘
2318,09:33:58,21.0,--,51,107100,卖盘
2319,09:33:52,21.0,-0.02,474,995400,卖盘
2320,09:33:48,21.02,-0.01,20,42040,卖盘
2321,09:33:43,21.03,--,56,117768,卖盘
2322,09:33:38,21.03,0.02,36,75708,买盘
2323,09:33:33,21.01,--,24,50424,买盘
2324,09:33:28,21.01,--,440,924440,卖盘
2325,09:33:23,21.01,-0.02,100,210100,卖盘
2326,09:33:18,21.03,0.02,39,82017,中性盘
2327,09:33:12,21.01,-0.05,137,287837,卖盘
2328,09:33:07,21.06,0.03,11,23166,买盘
2329,09:33:03,21.03,0.02,10,21030,买盘
2330,09:32:58,21.01,-0.03,24,50424,卖盘
2331,09:32:53,21.04,0.01,43,90472,买盘
2332,09:32:48,21.03,--,210,441630,买盘
2333,09:32:42,21.03,-0.03,125,262875,卖盘
2334,09:32:38,21.06,--,33,69498,卖盘
2335,09:32:33,21.06,--,1,2106,卖盘
2336,09:32:28,21.06,-0.03,407,857142,卖盘
2337,09:32:22,21.09,0.03,231,487179,买盘
2338,09:32:17,21.06,-0.04,244,513863,卖盘
2339,09:32:12,21.1,--,38,80180,买盘
2340,09:32:07,21.1,--,33,69630,买盘
2341,09:32:01,21.1,-0.02,51,109487,卖盘
2342,09:31:57,21.12,0.02,4,8448,买盘
2343,09:31:52,21.1,0.04,38,80412,买盘
2344,09:31:47,21.06,-0.04,30,63179,卖盘
2345,09:31:42,21.1,0.01,362,763820,买盘
2346,09:31:37,21.09,-0.01,130,274170,中性盘
2347,09:31:32,21.1,--,28,59080,买盘
2348,09:31:27,21.1,--,22,46420,买盘
2349,09:31:22,21.1,--,47,99170,买盘
2350,09:31:17,21.1,-0.08,610,1288977,卖盘
2351,09:31:12,21.18,0.08,93,196974,买盘
2352,09:31:07,21.1,--,65,137150,卖盘
2353,09:30:57,21.1,--,31,65410,卖盘
2354,09:30:51,21.1,--,248,523512,买盘
2355,09:30:47,21.1,--,20,42200,买盘
2356,09:30:42,21.1,--,132,278520,买盘
2357,09:30:36,21.1,0.05,555,1171050,买盘
2358,09:30:31,21.05,-0.05,56,117880,卖盘
2359,09:30:27,21.1,--,464,979040,买盘
2360,09:30:21,21.1,0.07,60,126600,买盘
2361,09:30:12,21.03,-0.02,39,82017,卖盘
2362,09:30:07,21.05,0.05,1329,2797545,中性盘
2363,09:30:02,21.0,--,0,0,卖盘
2364,09:28:46,21.0,--,0,0,卖盘
2365,09:25:06,21.0,21,1377,2893506,买盘
