,time,price,change,volume,amount,type
0,15:00:00,252.22,--,0,0,中性盘
1,15:00:00,252.22,-0.22,0,0,中性盘
2,15:00:00,252.44,0.04,12,302928,买盘
3,14:59:57,252.4,--,54,1362960,买盘
4,14:59:53,252.4,0.3,5,126200,买盘
5,14:59:47,252.1,-0.3,8,201680,卖盘
6,14:59:42,252.4,0.12,2,50480,买盘
7,14:59:38,252.28,-0.03,11,277508,卖盘
8,14:59:32,252.31,-0.13,10,252310,中性盘
9,14:59:27,252.44,0.16,10,252440,买盘
10,14:59:23,252.28,--,5,126140,买盘
11,14:59:17,252.28,-0.03,5,126140,中性盘
12,14:59:12,252.31,--,5,126155,买盘
13,14:59:08,252.31,0.02,26,656006,买盘
14,14:59:02,252.29,-0.02,42,1059618,卖盘
15,14:58:57,252.31,--,20,504620,卖盘
16,14:58:53,252.31,--,52,1336990,卖盘
17,14:58:42,252.31,--,39,984009,卖盘
18,14:58:38,252.31,-0.13,9,227079,卖盘
19,14:58:32,252.44,0.16,7,176708,买盘
20,14:58:27,252.28,-0.02,24,605472,卖盘
21,14:58:23,252.3,--,0,0,卖盘
22,14:58:17,252.3,--,12,302760,卖盘
23,14:58:12,252.3,-0.1,4,100920,卖盘
24,14:58:07,252.4,0.07,2,50480,买盘
25,14:58:02,252.33,--,0,0,中性盘
26,14:57:57,252.33,-0.11,5,126165,卖盘
27,14:57:52,252.44,-0.03,9,227196,卖盘
28,14:57:47,252.47,0.19,20,504940,买盘
29,14:57:42,252.28,0.06,6,151368,买盘
30,14:57:37,252.22,0.02,9,226998,卖盘
31,14:57:31,252.2,-0.2,1,25220,买盘
32,14:57:27,252.4,0.11,19,479560,买盘
33,14:57:22,252.29,0.29,5,126145,买盘
34,14:57:17,252.0,--,0,0,卖盘
35,14:57:12,252.0,--,5,126000,卖盘
36,14:57:07,252.0,--,42,1067472,卖盘
37,14:57:02,252.0,-0.3,3,75600,卖盘
38,14:56:57,252.3,0.3,4,100920,买盘
39,14:56:52,252.0,--,3,76104,卖盘
40,14:56:47,252.0,-0.33,1,27720,卖盘
41,14:56:42,252.33,0.01,25,630825,买盘
42,14:56:37,252.32,0.32,1,25232,买盘
43,14:56:32,252.0,-0.39,1,25200,卖盘
44,14:56:27,252.39,0.33,24,605736,买盘
45,14:56:22,252.06,--,1,25206,买盘
46,14:56:17,252.06,--,0,0,中性盘
47,14:56:12,252.06,-0.34,1,25206,卖盘
48,14:56:07,252.4,0.04,21,530040,买盘
49,14:56:02,252.36,--,13,328068,买盘
50,14:55:57,252.36,0.36,20,504720,买盘
51,14:55:52,252.0,-0.28,1,25200,卖盘
52,14:55:47,252.28,-0.15,1,25228,中性盘
53,14:55:42,252.43,0.57,27,681561,买盘
54,14:55:37,251.86,0.01,10,251860,卖盘
55,14:55:32,251.85,--,0,0,卖盘
56,14:55:27,251.85,--,5,125925,卖盘
57,14:55:22,251.85,-0.15,11,277035,卖盘
58,14:55:17,252.0,--,3,75600,买盘
59,14:55:12,252.0,0.17,7,176400,买盘
60,14:55:07,251.83,--,9,226647,卖盘
61,14:55:02,251.83,--,0,0,卖盘
62,14:54:57,251.83,-0.17,30,755490,卖盘
63,14:54:52,252.0,0.19,22,554400,买盘
64,14:54:47,251.81,-0.66,6,151086,卖盘
65,14:54:42,252.47,0.03,3,75741,买盘
66,14:54:37,252.44,0.44,2,50488,买盘
67,14:54:32,252.0,-0.48,2,50400,卖盘
68,14:54:27,252.48,0.66,2,50496,买盘
69,14:54:22,251.82,-0.67,1,25182,卖盘
70,14:54:12,252.49,0.68,14,353486,买盘
71,14:54:07,251.81,--,1,25181,买盘
72,14:53:57,251.81,-0.19,28,705068,卖盘
73,14:53:52,252.0,--,19,478800,卖盘
74,14:53:46,252.0,0.2,2,50400,卖盘
75,14:53:42,251.8,0.07,4,100720,买盘
76,14:53:37,251.73,--,0,0,中性盘
77,14:53:31,251.73,0.02,2,50346,买盘
78,14:53:27,251.71,--,5,125855,卖盘
79,14:53:22,251.71,--,4,100684,卖盘
80,14:53:17,251.71,0.07,8,201368,买盘
81,14:53:12,251.64,0.01,39,981396,卖盘
82,14:53:07,251.63,0.03,1,25163,中性盘
83,14:53:01,251.6,-0.11,50,1258000,卖盘
84,14:52:55,251.71,0.02,3,75513,买盘
85,14:52:52,251.69,0.06,26,654394,买盘
86,14:52:47,251.63,--,41,1031683,卖盘
87,14:52:41,251.63,-0.01,80,2013040,卖盘
88,14:52:36,251.64,-0.07,31,780084,卖盘
89,14:52:32,251.71,-0.09,78,1963338,卖盘
90,14:52:26,251.8,-0.05,5,125900,卖盘
91,14:52:21,251.85,-0.74,16,402960,中性盘
92,14:52:17,252.59,0.74,38,959842,买盘
93,14:52:11,251.85,0.04,1,25185,买盘
94,14:52:06,251.81,-0.09,5,125905,卖盘
95,14:52:02,251.9,-0.38,1,25190,买盘
96,14:51:55,252.28,-0.41,2,50456,卖盘
97,14:51:51,252.69,0.04,1,25269,买盘
98,14:51:47,252.65,1.02,7,176855,买盘
99,14:51:36,251.63,-1.02,58,1459454,卖盘
100,14:51:31,252.65,0.9,16,404240,买盘
101,14:51:26,251.75,--,1,25175,买盘
102,14:51:21,251.75,-0.17,37,931475,卖盘
103,14:51:16,251.92,0.28,34,856528,买盘
104,14:51:11,251.64,--,20,503280,卖盘
105,14:51:06,251.64,0.01,1,25164,中性盘
106,14:51:01,251.63,--,19,478097,卖盘
107,14:50:56,251.63,-0.12,2,50326,卖盘
108,14:50:51,251.75,0.12,18,453150,买盘
109,14:50:46,251.63,--,12,301956,买盘
110,14:50:36,251.63,--,24,603912,买盘
111,14:50:31,251.63,--,13,327119,买盘
112,14:50:26,251.63,--,3,75489,买盘
113,14:50:21,251.63,-0.07,9,226467,中性盘
114,14:50:16,251.7,--,22,553740,买盘
115,14:50:11,251.7,--,1,25170,买盘
116,14:50:06,251.7,-0.01,4,100680,卖盘
117,14:50:01,251.71,-0.05,24,604104,卖盘
118,14:49:56,251.76,--,2,50352,买盘
119,14:49:51,251.76,--,2,50352,买盘
120,14:49:46,251.76,--,35,881160,卖盘
121,14:49:36,251.76,--,6,151056,卖盘
122,14:49:31,251.76,-0.04,3,75528,卖盘
123,14:49:21,251.8,0.05,7,176260,买盘
124,14:49:16,251.75,-0.05,18,453150,卖盘
125,14:49:06,251.8,-0.03,10,251800,买盘
126,14:49:01,251.83,-0.04,2,75045,卖盘
127,14:48:56,251.87,--,1,25187,卖盘
128,14:48:51,251.87,--,29,730926,买盘
129,14:48:46,251.87,0.07,3,75561,买盘
130,14:48:41,251.8,--,0,0,卖盘
131,14:48:36,251.8,-0.03,53,1334540,卖盘
132,14:48:31,251.83,0.01,30,755490,买盘
133,14:48:25,251.82,-0.01,19,478458,卖盘
134,14:48:21,251.83,--,6,151098,卖盘
135,14:48:16,251.83,-0.04,1,25183,卖盘
136,14:48:11,251.87,0.05,3,75561,买盘
137,14:48:06,251.82,-0.05,2,50364,卖盘
138,14:48:01,251.87,-0.01,1,25187,卖盘
139,14:47:51,251.88,--,4,100752,卖盘
140,14:47:46,251.88,-0.13,13,327444,卖盘
141,14:47:40,252.01,0.09,20,504020,买盘
142,14:47:36,251.92,-0.08,3,75576,卖盘
143,14:47:31,252.0,--,82,2066400,买盘
144,14:47:26,252.0,--,117,2973348,卖盘
145,14:47:21,252.0,--,49,1234800,卖盘
146,14:47:16,252.0,-0.01,47,1184400,卖盘
147,14:47:11,252.01,-0.01,47,1184447,卖盘
148,14:47:06,252.02,--,37,932726,买盘
149,14:47:01,252.02,-0.32,5,150959,卖盘
150,14:46:56,252.34,0.19,27,681318,买盘
151,14:46:51,252.15,-0.18,4,123553,卖盘
152,14:46:46,252.33,--,1,25233,卖盘
153,14:46:41,252.33,--,0,2523,卖盘
154,14:46:36,252.33,-0.01,20,504660,卖盘
155,14:46:31,252.34,-0.33,19,497109,卖盘
156,14:46:25,252.67,0.33,4,108648,买盘
157,14:46:21,252.34,--,0,0,卖盘
158,14:46:11,252.34,-0.33,1,25234,卖盘
159,14:46:06,252.67,0.32,2,50534,买盘
160,14:46:00,252.35,0.32,6,151410,买盘
161,14:45:56,252.03,--,3,75609,卖盘
162,14:45:50,252.03,-0.03,25,630075,卖盘
163,14:45:41,252.06,--,3,75618,卖盘
164,14:45:36,252.06,--,6,151488,卖盘
165,14:45:31,252.06,--,0,0,卖盘
166,14:45:25,252.06,0.01,1,25206,卖盘
167,14:45:15,252.05,--,0,0,卖盘
168,14:45:11,252.05,0.03,5,126025,中性盘
169,14:45:05,252.02,0.02,3,75606,卖盘
170,14:45:00,252.0,-0.05,11,277200,卖盘
171,14:44:55,252.05,--,101,2545705,买盘
172,14:44:50,252.05,--,1,25205,买盘
173,14:44:45,252.05,0.04,79,1991195,买盘
174,14:44:39,252.01,-0.05,20,504020,卖盘
175,14:44:35,252.06,--,0,0,买盘
176,14:44:30,252.06,--,1,25206,买盘
177,14:44:25,252.06,0.05,2,50412,中性盘
178,14:44:20,252.01,-0.03,100,2520100,卖盘
179,14:44:15,252.04,-0.06,56,1411424,卖盘
180,14:44:09,252.1,--,0,0,买盘
181,14:44:05,252.1,0.04,3,75630,买盘
182,14:44:00,252.06,-0.25,32,806592,卖盘
183,14:43:55,252.31,--,0,0,卖盘
184,14:43:50,252.31,-0.04,12,302772,卖盘
185,14:43:39,252.35,0.03,8,201880,买盘
186,14:43:34,252.32,-0.03,1,25232,买盘
187,14:43:30,252.35,0.01,30,757050,买盘
188,14:43:24,252.34,-0.01,2,50468,卖盘
189,14:43:20,252.35,-0.05,24,605640,卖盘
190,14:43:15,252.4,0.01,6,151440,买盘
191,14:43:10,252.39,--,27,681453,买盘
192,14:43:05,252.39,0.04,10,252390,买盘
193,14:43:00,252.35,--,2,50470,卖盘
194,14:42:55,252.35,0.03,10,252350,卖盘
195,14:42:50,252.32,--,0,0,卖盘
196,14:42:40,252.32,0.28,5,126160,买盘
197,14:42:30,252.04,-0.27,51,1285404,卖盘
198,14:42:24,252.31,--,5,126155,买盘
199,14:42:19,252.31,0.01,3,75693,买盘
200,14:42:15,252.3,--,2,50460,卖盘
201,14:42:10,252.3,0.01,2,50460,买盘
202,14:42:00,252.29,0.04,2,50458,买盘
203,14:41:55,252.25,-0.01,6,151350,卖盘
204,14:41:45,252.26,0.01,1,25226,买盘
205,14:41:39,252.25,--,1,25225,卖盘
206,14:41:25,252.25,0.22,35,882875,买盘
207,14:41:20,252.03,-0.22,51,1285353,卖盘
208,14:41:15,252.25,0.15,6,151350,买盘
209,14:41:10,252.1,-0.15,3,75630,卖盘
210,14:41:05,252.25,--,1,25225,买盘
211,14:41:00,252.25,0.07,10,252250,中性盘
212,14:40:55,252.18,-0.07,2,50436,卖盘
213,14:40:50,252.25,--,0,0,中性盘
214,14:40:45,252.25,0.15,1,25225,买盘
215,14:40:40,252.1,--,3,75630,买盘
216,14:40:34,252.1,--,0,0,买盘
217,14:40:30,252.1,-0.15,23,579830,买盘
218,14:40:24,252.25,-0.01,24,605400,卖盘
219,14:40:19,252.26,-0.05,1,25226,卖盘
220,14:40:15,252.31,-0.12,1,25231,买盘
221,14:40:10,252.43,0.41,3,75729,买盘
222,14:40:05,252.02,--,0,0,卖盘
223,14:40:00,252.02,-0.24,112,2822624,卖盘
224,14:39:54,252.26,0.01,1,25226,买盘
225,14:39:45,252.25,0.15,36,908100,买盘
226,14:39:39,252.1,-0.15,1,25210,中性盘
227,14:39:35,252.25,0.23,15,378375,买盘
228,14:39:29,252.02,-0.08,41,1033282,卖盘
229,14:39:24,252.1,-0.15,9,226890,中性盘
230,14:39:19,252.25,0.15,1,25225,买盘
231,14:39:14,252.1,--,1,25210,卖盘
232,14:39:09,252.1,-0.1,13,327730,卖盘
233,14:39:04,252.2,--,4,100880,卖盘
234,14:38:54,252.2,--,2,50440,买盘
235,14:38:44,252.2,-0.03,21,529620,买盘
236,14:38:39,252.23,--,0,0,买盘
237,14:38:34,252.23,--,0,0,中性盘
238,14:38:30,252.23,-0.02,28,706244,卖盘
239,14:38:18,252.25,0.15,7,176575,中性盘
240,14:38:14,252.1,-0.13,30,756300,卖盘
241,14:38:09,252.23,--,0,0,卖盘
242,14:38:03,252.23,--,1,25223,卖盘
243,14:37:59,252.23,--,0,0,卖盘
244,14:37:48,252.23,0.13,39,983697,买盘
245,14:37:44,252.1,-0.13,3,75630,卖盘
246,14:37:33,252.23,--,0,0,买盘
247,14:37:29,252.23,0.13,2,50446,买盘
248,14:37:24,252.1,-0.13,11,277310,卖盘
249,14:37:09,252.23,--,13,327899,卖盘
250,14:37:03,252.23,-0.01,50,1261150,卖盘
251,14:36:59,252.24,-0.04,15,378360,卖盘
252,14:36:54,252.28,--,9,227052,买盘
253,14:36:48,252.28,-0.01,7,176596,卖盘
254,14:36:44,252.29,0.06,18,454122,卖盘
255,14:36:39,252.23,--,0,0,卖盘
256,14:36:24,252.23,-0.32,41,1034143,卖盘
257,14:36:18,252.55,--,0,0,卖盘
258,14:36:14,252.55,--,7,176785,卖盘
259,14:36:03,252.55,0.06,52,1313260,买盘
260,14:35:59,252.49,--,3,75747,买盘
261,14:35:54,252.49,-0.01,1,25249,卖盘
262,14:35:48,252.5,-0.05,1,25250,中性盘
263,14:35:39,252.55,0.05,9,227295,买盘
264,14:35:33,252.5,-0.09,10,252500,卖盘
265,14:35:28,252.59,--,1,25259,买盘
266,14:35:24,252.59,-0.08,62,1566058,卖盘
267,14:35:18,252.67,0.07,6,151602,买盘
268,14:35:13,252.6,-0.07,8,202080,卖盘
269,14:35:09,252.67,-0.01,2,50534,卖盘
270,14:35:03,252.68,-0.02,3,75804,卖盘
271,14:34:59,252.7,-0.01,30,758100,卖盘
272,14:34:54,252.71,-0.09,20,505420,卖盘
273,14:34:48,252.8,-0.45,1,25280,卖盘
274,14:34:39,253.25,--,14,354550,买盘
275,14:34:33,253.25,--,0,0,买盘
276,14:34:28,253.25,-0.25,87,2203275,卖盘
277,14:34:24,253.5,--,6,152100,卖盘
278,14:34:18,253.5,--,0,0,卖盘
279,14:34:13,253.5,-0.1,50,1267500,卖盘
280,14:34:09,253.6,0.05,1,25360,中性盘
281,14:34:03,253.55,-0.15,33,836715,卖盘
282,14:33:58,253.7,--,0,0,中性盘
283,14:33:54,253.7,--,0,0,卖盘
284,14:33:48,253.7,0.1,24,608880,买盘
285,14:33:38,253.6,--,21,532560,中性盘
286,14:33:33,253.6,--,15,380400,卖盘
287,14:33:28,253.6,0.02,40,1014400,买盘
288,14:33:23,253.58,--,2,50716,买盘
289,14:33:18,253.58,--,2,50716,卖盘
290,14:33:09,253.58,-0.08,1,25358,卖盘
291,14:32:59,253.66,--,2,50732,买盘
292,14:32:54,253.66,0.06,10,253660,买盘
293,14:32:48,253.6,-0.06,1,25360,卖盘
294,14:32:39,253.66,0.06,11,279026,买盘
295,14:32:29,253.6,0.02,5,126800,买盘
296,14:32:23,253.58,--,2,50716,买盘
297,14:32:12,253.58,0.03,1,25358,买盘
298,14:32:08,253.55,--,28,709940,买盘
299,14:32:03,253.55,0.05,1,25355,买盘
300,14:31:53,253.5,0.22,20,507000,买盘
301,14:31:48,253.28,--,38,962464,买盘
302,14:31:38,253.28,--,1,25328,买盘
303,14:31:33,253.28,-0.21,1,25328,中性盘
304,14:31:27,253.49,--,0,0,买盘
305,14:31:23,253.49,--,2,50698,卖盘
306,14:31:18,253.49,--,2,50698,卖盘
307,14:31:12,253.49,0.23,16,405584,买盘
308,14:31:03,253.26,0.56,8,202608,买盘
309,14:30:53,252.7,-0.07,11,277970,卖盘
310,14:30:48,252.77,--,4,101108,买盘
311,14:30:42,252.77,0.07,5,126385,买盘
312,14:30:33,252.7,-0.55,13,328510,卖盘
313,14:30:27,253.25,0.57,2,50650,买盘
314,14:30:12,252.68,0.03,7,176876,中性盘
315,14:30:07,252.65,--,0,0,卖盘
316,14:30:03,252.65,-0.01,7,176855,卖盘
317,14:29:57,252.66,-0.66,11,277926,卖盘
318,14:29:52,253.32,0.66,10,253320,中性盘
319,14:29:48,252.66,-0.59,59,1490694,卖盘
320,14:29:42,253.25,0.6,11,278575,中性盘
321,14:29:38,252.65,--,0,0,卖盘
322,14:29:33,252.65,-0.61,12,303180,卖盘
323,14:29:27,253.26,-0.01,2,50652,买盘
324,14:29:12,253.27,0.74,1,25327,买盘
325,14:29:07,252.53,--,1,25253,卖盘
326,14:29:03,252.53,-0.76,2,55556,卖盘
327,14:28:57,253.29,0.01,10,253290,买盘
328,14:28:52,253.28,--,0,0,买盘
329,14:28:48,253.28,0.77,3,75984,买盘
330,14:28:42,252.51,0.01,1,25251,卖盘
331,14:28:33,252.5,0.05,0,2525,卖盘
332,14:28:27,252.45,--,0,0,卖盘
333,14:28:22,252.45,--,0,0,卖盘
334,14:28:18,252.45,-0.05,67,1691415,卖盘
335,14:28:12,252.5,--,4,101000,买盘
336,14:28:07,252.5,--,1,25250,买盘
337,14:28:03,252.5,0.01,58,1464500,买盘
338,14:27:57,252.49,--,5,126245,中性盘
339,14:27:52,252.49,--,36,908964,买盘
340,14:27:48,252.49,-0.01,3,75747,中性盘
341,14:27:42,252.5,--,117,2954250,卖盘
342,14:27:38,252.5,--,200,5050000,卖盘
343,14:27:33,252.5,--,0,0,卖盘
344,14:27:27,252.5,--,37,934250,买盘
345,14:27:23,252.5,--,14,353500,买盘
346,14:27:18,252.5,--,10,252500,卖盘
347,14:27:12,252.5,--,13,328250,买盘
348,14:27:08,252.5,--,8,202000,买盘
349,14:27:03,252.5,-1,9,227250,卖盘
350,14:26:52,253.5,--,20,521703,卖盘
351,14:26:48,253.5,0.7,30,771147,买盘
352,14:26:38,252.8,--,0,0,中性盘
353,14:26:27,252.8,-0.7,40,1011200,卖盘
354,14:26:22,253.5,--,1,25350,买盘
355,14:26:17,253.5,0.07,30,777738,买盘
356,14:26:12,253.43,-0.07,2,50686,卖盘
357,14:26:02,253.5,0.07,2,50700,买盘
358,14:25:51,253.43,--,3,76029,卖盘
359,14:25:47,253.43,0.48,98,2491723,买盘
360,14:25:27,252.95,0.07,5,126475,买盘
361,14:25:17,252.88,0.03,2,50576,买盘
362,14:25:12,252.85,--,1,25285,卖盘
363,14:25:06,252.85,-0.05,10,252850,卖盘
364,14:25:02,252.9,0.04,2,50580,买盘
365,14:24:57,252.86,-0.04,6,151716,卖盘
366,14:24:46,252.9,0.03,41,1036890,买盘
367,14:24:42,252.87,-0.01,1,25287,卖盘
368,14:24:21,252.88,-0.02,15,379320,卖盘
369,14:24:17,252.9,--,5,126450,买盘
370,14:24:12,252.9,--,1,25290,买盘
371,14:24:02,252.9,--,6,151740,卖盘
372,14:23:57,252.9,-0.1,20,505800,卖盘
373,14:23:51,253.0,0.02,11,278300,买盘
374,14:23:47,252.98,-0.02,2,50596,卖盘
375,14:23:42,253.0,--,3,75900,买盘
376,14:23:27,253.0,0.02,4,101200,买盘
377,14:23:11,252.98,0.08,3,75894,买盘
378,14:23:06,252.9,--,0,0,卖盘
379,14:22:57,252.9,-0.09,1,25290,卖盘
380,14:22:31,252.99,--,10,252990,买盘
381,14:22:27,252.99,--,0,0,买盘
382,14:22:21,252.99,0.09,31,784269,买盘
383,14:22:12,252.9,-0.09,3,75870,卖盘
384,14:22:02,252.99,--,1,25299,买盘
385,14:21:56,252.99,0.01,6,151794,买盘
386,14:21:51,252.98,0.04,1,25298,卖盘
387,14:21:47,252.94,--,0,0,卖盘
388,14:21:42,252.94,-0.05,13,328822,卖盘
389,14:21:27,252.99,--,0,0,买盘
390,14:21:21,252.99,--,7,192272,卖盘
391,14:21:12,252.99,--,3,75897,卖盘
392,14:20:57,252.99,-0.01,12,303588,卖盘
393,14:20:42,253.0,0.01,3,75900,买盘
394,14:20:27,252.99,--,1,25299,卖盘
395,14:20:21,252.99,--,23,591996,买盘
396,14:20:12,252.99,--,0,0,买盘
397,14:20:06,252.99,0.02,24,607176,买盘
398,14:19:57,252.97,--,3,75891,卖盘
399,14:19:51,252.97,--,1,25297,卖盘
400,14:19:42,252.97,--,0,0,中性盘
401,14:19:32,252.97,0.05,3,75891,买盘
402,14:19:26,252.92,-0.05,9,227628,卖盘
403,14:19:11,252.97,0.05,1,25297,买盘
404,14:19:06,252.92,--,0,0,卖盘
405,14:18:51,252.92,--,1,25292,卖盘
406,14:18:36,252.92,--,7,177044,卖盘
407,14:18:26,252.92,--,0,0,中性盘
408,14:18:21,252.92,--,0,0,买盘
409,14:18:15,252.92,0.02,40,1011680,买盘
410,14:18:06,252.9,--,2,50580,卖盘
411,14:18:00,252.9,--,2,50580,卖盘
412,14:17:56,252.9,--,11,278190,卖盘
413,14:17:45,252.9,--,2,50580,卖盘
414,14:17:26,252.9,-0.06,1,25290,卖盘
415,14:17:21,252.96,--,9,227664,买盘
416,14:17:11,252.96,-0.04,5,126480,卖盘
417,14:17:06,253.0,--,1,25300,买盘
418,14:17:00,253.0,--,21,548504,卖盘
419,14:16:51,253.0,-0.02,8,202400,卖盘
420,14:16:41,253.02,--,8,202416,买盘
421,14:16:36,253.02,0.02,1,25302,买盘
422,14:16:26,253.0,-0.35,4,126247,卖盘
423,14:16:15,253.35,--,0,0,买盘
424,14:16:06,253.35,0.25,60,1520100,买盘
425,14:16:00,253.1,0.08,40,1012400,买盘
426,14:15:56,253.02,-0.08,1,25302,卖盘
427,14:15:50,253.1,0.1,1,25310,买盘
428,14:15:45,253.0,-0.01,10,253000,卖盘
429,14:15:35,253.01,0.01,1,25301,卖盘
430,14:15:30,253.0,--,0,0,卖盘
431,14:15:26,253.0,--,1,25300,卖盘
432,14:15:05,253.0,--,1,33649,买盘
433,14:15:00,253.0,--,0,0,买盘
434,14:14:56,253.0,--,2,50600,买盘
435,14:14:50,253.0,--,1,25300,买盘
436,14:14:45,253.0,--,2,50600,买盘
437,14:14:40,253.0,0.1,1,25300,买盘
438,14:14:35,252.9,-0.1,4,101160,卖盘
439,14:14:30,253.0,--,64,1619200,买盘
440,14:14:20,253.0,--,4,101200,买盘
441,14:14:15,253.0,-0.01,11,295251,卖盘
442,14:14:06,253.01,--,51,1290351,买盘
443,14:14:00,253.01,0.01,3,75903,买盘
444,14:13:55,253.0,--,4,109549,买盘
445,14:13:50,253.0,0.03,6,151800,买盘
446,14:13:35,252.97,-0.03,2,50594,卖盘
447,14:13:30,253.0,--,55,1391500,买盘
448,14:13:15,253.0,-0.01,3,92851,卖盘
449,14:13:11,253.01,--,2,50602,买盘
450,14:13:05,253.01,--,12,303612,买盘
451,14:13:00,253.01,0.01,2,50602,买盘
452,14:12:50,253.0,--,5,126500,卖盘
453,14:12:45,253.0,--,3,75900,卖盘
454,14:12:39,253.0,--,5,134849,买盘
455,14:12:35,253.0,--,5,126500,买盘
456,14:12:30,253.0,-0.15,12,320551,卖盘
457,14:12:24,253.15,--,0,0,买盘
458,14:12:20,253.15,--,6,151890,买盘
459,14:12:15,253.15,--,3,75945,买盘
460,14:12:09,253.15,--,1,25315,买盘
461,14:12:05,253.15,-0.2,8,202520,买盘
462,14:12:00,253.35,--,0,0,买盘
463,14:11:45,253.35,0.19,16,405360,买盘
464,14:11:39,253.16,-0.04,1,25316,卖盘
465,14:11:35,253.2,-0.15,7,177240,卖盘
466,14:11:30,253.35,0.01,10,253350,买盘
467,14:11:20,253.34,0.14,2,50668,中性盘
468,14:11:15,253.2,--,3,75960,卖盘
469,14:11:05,253.2,--,0,0,卖盘
470,14:11:00,253.2,0.04,2,50640,卖盘
471,14:10:54,253.16,--,0,0,卖盘
472,14:10:50,253.16,0.16,21,531636,中性盘
473,14:10:45,253.0,--,0,8349,买盘
474,14:10:35,253.0,-0.16,18,472351,卖盘
475,14:10:30,253.16,0.1,6,151896,买盘
476,14:10:24,253.06,-0.1,3,75918,卖盘
477,14:10:20,253.16,0.1,4,101264,买盘
478,14:10:15,253.06,--,2,50612,中性盘
479,14:10:09,253.06,--,1,25306,买盘
480,14:10:05,253.06,--,9,227754,买盘
481,14:10:00,253.06,0.06,2,58962,买盘
482,14:09:50,253.0,0.01,48,1214400,买盘
483,14:09:45,252.99,--,4,101196,卖盘
484,14:09:35,252.99,0.02,10,252990,买盘
485,14:09:30,252.97,-0.02,5,126485,买盘
486,14:09:24,252.99,--,0,0,买盘
487,14:09:20,252.99,--,5,126495,买盘
488,14:09:15,252.99,--,0,0,买盘
489,14:09:05,252.99,0.02,53,1340847,买盘
490,14:09:00,252.97,0.11,3,75891,买盘
491,14:08:53,252.86,--,0,0,卖盘
492,14:08:50,252.86,-0.14,1,25286,卖盘
493,14:08:45,253.0,0.15,23,581900,买盘
494,14:08:39,252.85,--,2,50570,卖盘
495,14:08:34,252.85,--,1,25285,卖盘
496,14:08:24,252.85,--,8,210876,买盘
497,14:08:20,252.85,0.06,4,101140,买盘
498,14:08:09,252.79,-0.01,17,429743,卖盘
499,14:07:59,252.8,0.01,60,1516800,买盘
500,14:07:53,252.79,-0.01,9,227511,买盘
501,14:07:50,252.8,--,10,252800,买盘
502,14:07:44,252.8,-0.06,10,252800,买盘
503,14:07:29,252.86,--,0,0,买盘
504,14:07:24,252.86,0.28,20,505720,买盘
505,14:07:14,252.58,0.1,2,50516,买盘
506,14:07:09,252.48,0.02,3,75744,买盘
507,14:06:59,252.46,--,6,151476,卖盘
508,14:06:54,252.46,--,1,25246,卖盘
509,14:06:44,252.46,--,10,252460,卖盘
510,14:06:35,252.46,0.01,11,277706,买盘
511,14:06:23,252.45,--,1,25245,买盘
512,14:06:14,252.45,0.04,1,25245,买盘
513,14:06:09,252.41,0.03,1,25241,买盘
514,14:05:59,252.38,0.04,32,807616,买盘
515,14:05:54,252.34,-0.04,2,50468,卖盘
516,14:05:44,252.38,0.04,1,25238,买盘
517,14:05:39,252.34,--,10,262181,卖盘
518,14:05:33,252.34,--,2,50468,卖盘
519,14:05:29,252.34,0.05,6,151404,买盘
520,14:05:24,252.29,-0.01,1,25229,卖盘
521,14:05:18,252.3,--,0,0,买盘
522,14:05:14,252.3,0.06,10,252300,买盘
523,14:05:03,252.24,-0.05,1,25224,中性盘
524,14:04:59,252.29,0.06,1,25229,买盘
525,14:04:54,252.23,--,50,1261150,卖盘
526,14:04:39,252.23,--,1,25223,卖盘
527,14:04:33,252.23,0.01,5,126115,买盘
528,14:04:23,252.22,-0.07,5,126110,卖盘
529,14:04:18,252.29,-0.01,5,126145,卖盘
530,14:04:14,252.3,0.01,12,302760,买盘
531,14:04:09,252.29,-0.01,1,25229,买盘
532,14:04:03,252.3,--,0,0,买盘
533,14:03:54,252.3,--,1,25230,买盘
534,14:03:44,252.3,0.07,56,1412880,买盘
535,14:03:39,252.23,--,1,25223,卖盘
536,14:03:29,252.23,--,3,75669,买盘
537,14:03:23,252.23,0.15,46,1160258,买盘
538,14:03:18,252.08,-0.14,2,50416,卖盘
539,14:03:14,252.22,--,3,75666,买盘
540,14:03:03,252.22,0.17,2,50444,买盘
541,14:02:59,252.05,-0.18,9,226845,卖盘
542,14:02:54,252.23,--,2,50446,买盘
543,14:02:48,252.23,--,1,25223,买盘
544,14:02:44,252.23,--,6,151338,买盘
545,14:02:38,252.23,--,2,50446,买盘
546,14:02:33,252.23,--,2,50446,买盘
547,14:02:29,252.23,--,2,50446,买盘
548,14:02:24,252.23,0.18,5,126115,买盘
549,14:02:13,252.05,0.05,24,604920,卖盘
550,14:02:09,252.0,--,0,0,卖盘
551,14:01:59,252.0,--,0,0,卖盘
552,14:01:54,252.0,0.06,6,151200,买盘
553,14:01:44,251.94,0.13,51,1284894,买盘
554,14:01:39,251.81,--,81,2039661,卖盘
555,14:01:33,251.81,--,2,50362,买盘
556,14:01:28,251.81,0.03,14,352534,买盘
557,14:01:17,251.78,0.01,4,100712,买盘
558,14:01:13,251.77,0.07,1,25177,买盘
559,14:01:08,251.7,-0.07,7,176190,卖盘
560,14:01:03,251.77,0.07,13,327301,买盘
561,14:00:48,251.7,0.08,77,1938090,买盘
562,14:00:43,251.62,0.01,1,25162,买盘
563,14:00:38,251.61,--,13,349737,卖盘
564,14:00:33,251.61,--,21,528381,买盘
565,14:00:28,251.61,0.01,2,50322,买盘
566,14:00:18,251.6,0.02,1,25160,中性盘
567,14:00:13,251.58,--,0,0,中性盘
568,14:00:08,251.58,--,14,352212,买盘
569,14:00:03,251.58,0.08,1,25158,买盘
570,13:59:53,251.5,0.06,2,50300,买盘
571,13:59:48,251.44,--,4,100576,买盘
572,13:59:42,251.44,--,0,0,买盘
573,13:59:38,251.44,--,13,326872,买盘
574,13:59:33,251.44,-0.01,51,1282344,买盘
575,13:59:27,251.45,0.15,68,1709860,买盘
576,13:59:23,251.3,0.05,5,125650,买盘
577,13:59:17,251.25,--,0,0,卖盘
578,13:59:11,251.25,0.05,4,100500,买盘
579,13:59:08,251.2,0.01,37,929440,买盘
580,13:59:02,251.19,-0.01,39,979641,中性盘
581,13:58:57,251.2,0.02,28,703360,买盘
582,13:58:53,251.18,-0.01,65,1632670,中性盘
583,13:58:48,251.19,0.02,11,276309,买盘
584,13:58:42,251.17,-0.01,18,452106,卖盘
585,13:58:38,251.18,-0.02,18,452124,卖盘
586,13:58:33,251.2,--,3,75360,买盘
587,13:58:23,251.2,0.03,18,452160,买盘
588,13:58:18,251.17,0.01,16,401872,买盘
589,13:58:12,251.16,-0.01,5,125580,中性盘
590,13:58:08,251.17,0.01,39,979563,买盘
591,13:58:03,251.16,0.02,69,1733004,中性盘
592,13:57:57,251.14,-0.01,4,100456,卖盘
593,13:57:53,251.15,-0.01,19,477185,中性盘
594,13:57:48,251.16,-0.01,47,1180452,中性盘
595,13:57:42,251.17,0.01,27,678159,买盘
596,13:57:38,251.16,0.03,4,100464,买盘
597,13:57:33,251.13,-0.04,5,125565,卖盘
598,13:57:27,251.17,--,0,0,买盘
599,13:57:23,251.17,-0.03,12,301404,卖盘
600,13:57:12,251.2,--,10,251200,买盘
601,13:57:08,251.2,-0.08,63,1582560,卖盘
602,13:57:03,251.28,-0.02,16,402048,中性盘
603,13:56:57,251.3,--,0,0,买盘
604,13:56:53,251.3,--,3,75390,卖盘
605,13:56:48,251.3,-0.03,8,201040,卖盘
606,13:56:42,251.33,--,5,125665,买盘
607,13:56:38,251.33,--,34,854522,卖盘
608,13:56:33,251.33,-0.05,5,125665,卖盘
609,13:56:27,251.38,--,0,0,买盘
610,13:56:23,251.38,--,3,75414,卖盘
611,13:56:18,251.38,-0.02,2,50276,卖盘
612,13:56:12,251.4,--,0,0,中性盘
613,13:56:08,251.4,-0.04,6,150840,卖盘
614,13:56:03,251.44,-0.06,12,301728,卖盘
615,13:55:57,251.5,--,0,0,买盘
616,13:55:53,251.5,--,0,0,买盘
617,13:55:48,251.5,-0.02,19,477850,卖盘
618,13:55:41,251.52,0.01,4,100608,中性盘
619,13:55:38,251.51,-0.04,8,201208,卖盘
620,13:55:33,251.55,-0.06,3,75465,卖盘
621,13:55:27,251.61,0.03,1,25161,买盘
622,13:55:23,251.58,-0.03,5,125790,卖盘
623,13:55:18,251.61,--,0,0,中性盘
624,13:55:12,251.61,-0.06,2,50322,卖盘
625,13:55:08,251.67,-0.02,43,1082181,卖盘
626,13:55:03,251.69,-0.01,3,75507,买盘
627,13:54:57,251.7,--,0,0,买盘
628,13:54:53,251.7,--,8,201360,卖盘
629,13:54:48,251.7,-0.01,6,151020,卖盘
630,13:54:42,251.71,-0.06,4,100684,卖盘
631,13:54:32,251.77,-0.03,3,75531,卖盘
632,13:54:23,251.8,--,2,50360,买盘
633,13:54:18,251.8,--,1,25180,买盘
634,13:54:12,251.8,--,2,50360,卖盘
635,13:54:08,251.8,-0.01,5,125900,卖盘
636,13:54:02,251.81,-0.04,11,276991,卖盘
637,13:53:57,251.85,--,0,0,买盘
638,13:53:52,251.85,-0.02,1,25185,买盘
639,13:53:47,251.87,0.02,1,25187,中性盘
640,13:53:42,251.85,-0.03,19,478515,卖盘
641,13:53:36,251.88,--,0,0,买盘
642,13:53:32,251.88,-0.02,3,75564,卖盘
643,13:53:27,251.9,0.02,1,25190,买盘
644,13:53:17,251.88,-0.03,41,1032708,卖盘
645,13:53:11,251.91,--,20,503820,买盘
646,13:53:06,251.91,0.01,3,75573,买盘
647,13:53:02,251.9,--,3,75570,卖盘
648,13:52:57,251.9,-0.02,8,201520,卖盘
649,13:52:47,251.92,--,11,277112,卖盘
650,13:52:41,251.92,-0.01,6,151152,卖盘
651,13:52:32,251.93,--,1,25193,卖盘
652,13:52:27,251.93,-0.06,12,302316,卖盘
653,13:52:21,251.99,--,0,0,买盘
654,13:52:17,251.99,0.06,2,50398,买盘
655,13:52:12,251.93,-0.06,1,25193,卖盘
656,13:52:02,251.99,0.07,1,27718,买盘
657,13:51:57,251.92,-0.07,8,201536,卖盘
658,13:51:51,251.99,0.06,3,75597,买盘
659,13:51:41,251.93,0.01,3,75579,卖盘
660,13:51:36,251.92,--,0,0,卖盘
661,13:51:32,251.92,-0.01,3,75576,卖盘
662,13:51:27,251.93,--,29,730597,卖盘
663,13:51:20,251.93,-0.01,8,201544,卖盘
664,13:51:17,251.94,-0.01,2,50388,卖盘
665,13:51:12,251.95,--,5,125975,买盘
666,13:51:05,251.95,0.01,2,50390,买盘
667,13:51:02,251.94,--,2,50388,买盘
668,13:50:56,251.94,-0.01,6,153683,卖盘
669,13:50:50,251.95,--,14,352730,买盘
670,13:50:47,251.95,--,2,50390,买盘
671,13:50:41,251.95,0.01,3,75585,买盘
672,13:50:32,251.94,-0.01,1,25194,卖盘
673,13:50:27,251.95,--,1,25195,卖盘
674,13:50:20,251.95,--,7,176365,卖盘
675,13:50:17,251.95,0.01,12,304859,中性盘
676,13:50:11,251.94,-0.02,1,25194,卖盘
677,13:50:05,251.96,-0.02,3,75588,中性盘
678,13:50:02,251.98,0.04,7,176386,买盘
679,13:49:57,251.94,--,2,50388,卖盘
680,13:49:51,251.94,--,4,123450,卖盘
681,13:49:47,251.94,0.01,7,176358,买盘
682,13:49:41,251.93,-0.01,1,25193,买盘
683,13:49:35,251.94,--,0,0,中性盘
684,13:49:32,251.94,-0.02,3,75582,卖盘
685,13:49:27,251.96,0.03,5,125980,买盘
686,13:49:20,251.93,-0.01,11,277123,卖盘
687,13:49:12,251.94,0.01,2,50388,中性盘
688,13:49:05,251.93,-0.03,1,25193,卖盘
689,13:49:02,251.96,-0.01,5,125980,中性盘
690,13:48:57,251.97,-0.01,1,25197,买盘
691,13:48:47,251.98,0.08,1,25198,买盘
692,13:48:41,251.9,--,4,100760,卖盘
693,13:48:35,251.9,-0.02,47,1183930,卖盘
694,13:48:32,251.92,-0.03,2,50384,卖盘
695,13:48:27,251.95,-0.02,52,1310140,中性盘
696,13:48:20,251.97,0.05,25,629925,买盘
697,13:48:17,251.92,-0.05,11,277112,卖盘
698,13:48:11,251.97,--,41,1033077,买盘
699,13:47:57,251.97,-0.01,5,125985,卖盘
700,13:47:50,251.98,--,20,503960,买盘
701,13:47:47,251.98,-0.02,6,151188,卖盘
702,13:47:41,252.0,--,29,739620,卖盘
703,13:47:36,252.0,-0.02,32,806400,卖盘
704,13:47:31,252.02,--,0,0,买盘
705,13:47:27,252.02,-0.01,25,630050,卖盘
706,13:47:17,252.03,-0.01,21,529263,卖盘
707,13:47:11,252.04,0.02,2,50408,卖盘
708,13:47:05,252.02,-0.04,8,201616,卖盘
709,13:46:59,252.06,--,0,0,买盘
710,13:46:57,252.06,--,28,705768,买盘
711,13:46:50,252.06,--,5,126030,买盘
712,13:46:41,252.06,0.01,1,25206,买盘
713,13:46:35,252.05,-0.01,17,428485,卖盘
714,13:46:26,252.06,--,3,75618,中性盘
715,13:46:20,252.06,-0.04,2,50412,卖盘
716,13:46:14,252.1,0.01,74,1865540,买盘
717,13:46:11,252.09,0.03,2,50418,买盘
718,13:46:05,252.06,-0.03,7,176442,卖盘
719,13:45:56,252.09,-0.04,27,680643,卖盘
720,13:45:51,252.13,0.03,15,378195,买盘
721,13:45:41,252.1,--,0,0,卖盘
722,13:45:35,252.1,-0.06,2,50420,卖盘
723,13:45:29,252.16,--,0,0,买盘
724,13:45:26,252.16,-0.01,3,75648,买盘
725,13:45:20,252.17,--,2,50434,买盘
726,13:45:14,252.17,--,19,479123,卖盘
727,13:45:11,252.17,--,2,50434,卖盘
728,13:45:05,252.17,--,8,201736,卖盘
729,13:44:56,252.17,--,0,0,卖盘
730,13:44:50,252.17,-0.04,15,378255,卖盘
731,13:44:41,252.21,-0.01,11,277431,卖盘
732,13:44:35,252.22,--,1,25222,买盘
733,13:44:29,252.22,-0.01,1,25222,卖盘
734,13:44:26,252.23,-0.06,2,50446,卖盘
735,13:44:20,252.29,--,6,151374,买盘
736,13:44:14,252.29,--,1,25229,卖盘
737,13:44:11,252.29,-0.01,2,50458,卖盘
738,13:44:05,252.3,-0.01,1,25230,卖盘
739,13:43:59,252.31,-0.01,1,25231,中性盘
740,13:43:56,252.32,--,3,75696,买盘
741,13:43:50,252.32,--,16,403712,卖盘
742,13:43:44,252.32,-0.04,1,25232,卖盘
743,13:43:41,252.36,0.03,12,302832,买盘
744,13:43:35,252.33,-0.04,12,302796,卖盘
745,13:43:29,252.37,--,0,0,中性盘
746,13:43:26,252.37,-0.01,4,100948,买盘
747,13:43:20,252.38,--,91,2296658,卖盘
748,13:43:14,252.38,--,26,656188,卖盘
749,13:43:11,252.38,-0.02,23,580474,卖盘
750,13:43:05,252.4,--,5,126200,卖盘
751,13:42:59,252.4,-0.02,7,176680,卖盘
752,13:42:56,252.42,--,7,176694,卖盘
753,13:42:50,252.42,-0.02,8,201936,卖盘
754,13:42:44,252.44,--,8,201952,卖盘
755,13:42:41,252.44,-0.04,9,227196,卖盘
756,13:42:35,252.48,-0.02,1,25248,卖盘
757,13:42:29,252.5,--,23,580750,卖盘
758,13:42:26,252.5,-0.03,16,404000,卖盘
759,13:42:20,252.53,-0.02,7,176771,卖盘
760,13:42:14,252.55,-0.13,9,227295,卖盘
761,13:42:05,252.68,0.08,20,505360,买盘
762,13:41:59,252.6,-0.05,1,25260,买盘
763,13:41:56,252.65,-0.04,8,202120,卖盘
764,13:41:50,252.69,0.04,3,75807,买盘
765,13:41:41,252.65,--,0,0,卖盘
766,13:41:35,252.65,-0.05,20,505300,卖盘
767,13:41:29,252.7,--,1,25270,买盘
768,13:41:25,252.7,--,7,176890,买盘
769,13:41:20,252.7,--,1,25270,买盘
770,13:41:14,252.7,--,8,202160,买盘
771,13:41:10,252.7,--,0,0,买盘
772,13:40:56,252.7,-0.07,8,202160,卖盘
773,13:40:50,252.77,--,7,176939,买盘
774,13:40:35,252.77,-0.01,12,303324,卖盘
775,13:40:29,252.78,--,8,202224,卖盘
776,13:40:20,252.78,-0.03,2,50556,卖盘
777,13:40:10,252.81,-0.01,2,50562,中性盘
778,13:40:05,252.82,--,2,50564,买盘
779,13:39:55,252.82,--,3,75846,买盘
780,13:39:50,252.82,--,1,25282,买盘
781,13:39:44,252.82,--,2,50564,买盘
782,13:39:35,252.82,--,0,0,买盘
783,13:39:29,252.82,--,3,75846,买盘
784,13:39:14,252.82,0.17,2,50564,买盘
785,13:39:05,252.65,--,0,0,卖盘
786,13:38:50,252.65,--,0,0,卖盘
787,13:38:38,252.65,0.01,3,75795,买盘
788,13:38:35,252.64,--,5,126320,买盘
789,13:38:29,252.64,-0.01,2,50528,中性盘
790,13:38:20,252.65,0.12,4,101060,买盘
791,13:38:05,252.53,--,0,0,中性盘
792,13:37:59,252.53,--,3,75759,买盘
793,13:37:50,252.53,--,0,0,买盘
794,13:37:44,252.53,--,3,75759,买盘
795,13:37:38,252.53,0.11,1,25253,买盘
796,13:37:23,252.42,0.04,10,252420,买盘
797,13:37:20,252.38,--,0,0,卖盘
798,13:37:14,252.38,--,38,959044,买盘
799,13:37:08,252.38,--,10,252380,买盘
800,13:37:05,252.38,0.08,3,75714,买盘
801,13:36:59,252.3,-0.03,5,126150,卖盘
802,13:36:44,252.33,0.03,10,252330,买盘
803,13:36:38,252.3,--,10,252300,买盘
804,13:36:35,252.3,0.09,69,1740870,买盘
805,13:36:29,252.21,-0.01,8,201768,买盘
806,13:36:23,252.22,0.01,2,50444,买盘
807,13:36:20,252.21,--,1,25221,买盘
808,13:36:14,252.21,-0.02,34,857514,中性盘
809,13:36:05,252.23,--,0,0,买盘
810,13:35:59,252.23,0.14,2,50446,买盘
811,13:35:44,252.09,0.04,7,176463,买盘
812,13:35:35,252.05,--,14,352870,卖盘
813,13:35:29,252.05,--,23,579715,买盘
814,13:35:23,252.05,--,0,0,买盘
815,13:35:20,252.05,0.01,1,25205,买盘
816,13:35:14,252.04,0.02,1,25204,买盘
817,13:35:08,252.02,-0.03,1,25202,卖盘
818,13:35:05,252.05,-0.01,33,831765,卖盘
819,13:34:59,252.06,-0.03,27,680562,卖盘
820,13:34:53,252.09,0.01,10,252090,买盘
821,13:34:50,252.08,-0.01,9,226872,卖盘
822,13:34:44,252.09,-0.01,2,50418,卖盘
823,13:34:38,252.1,--,0,0,买盘
824,13:34:35,252.1,--,18,453780,买盘
825,13:34:29,252.1,-0.04,34,857140,卖盘
826,13:34:23,252.14,0.04,1,25214,买盘
827,13:34:20,252.1,-0.05,1,25210,卖盘
828,13:34:14,252.15,--,4,100860,卖盘
829,13:34:08,252.15,-0.01,1,25215,买盘
830,13:33:59,252.16,0.01,3,75648,买盘
831,13:33:53,252.15,-0.01,4,100860,中性盘
832,13:33:49,252.16,0.01,17,428672,买盘
833,13:33:44,252.15,-0.02,7,176505,中性盘
834,13:33:34,252.17,-0.01,11,277387,买盘
835,13:33:29,252.18,0.18,6,151308,买盘
836,13:33:18,252.0,-0.18,46,1159200,卖盘
837,13:33:14,252.18,--,41,1033938,买盘
838,13:33:08,252.18,-0.04,30,756540,买盘
839,13:33:04,252.22,--,240,6053280,买盘
840,13:32:59,252.22,0.03,46,1160212,买盘
841,13:32:53,252.19,-0.01,2,50438,卖盘
842,13:32:49,252.2,-0.02,15,378300,卖盘
843,13:32:44,252.22,-0.01,6,151332,卖盘
844,13:32:38,252.23,-0.01,17,428791,卖盘
845,13:32:34,252.24,0.01,1,25224,买盘
846,13:32:29,252.23,--,0,0,卖盘
847,13:32:23,252.23,-0.02,4,100892,卖盘
848,13:32:19,252.25,-0.04,8,201800,中性盘
849,13:32:14,252.29,-0.01,6,151374,中性盘
850,13:32:04,252.3,--,3,75690,买盘
851,13:31:59,252.3,-0.07,39,983970,卖盘
852,13:31:53,252.37,-0.01,22,555214,买盘
853,13:31:44,252.38,--,0,0,买盘
854,13:31:38,252.38,-0.01,2,50476,买盘
855,13:31:29,252.39,0.01,1,25239,买盘
856,13:31:23,252.38,-0.02,5,126190,卖盘
857,13:31:17,252.4,-0.01,19,479560,卖盘
858,13:31:13,252.41,--,0,0,卖盘
859,13:31:08,252.41,0.01,3,75723,卖盘
860,13:31:02,252.4,--,0,0,卖盘
861,13:30:59,252.4,-0.08,7,176680,卖盘
862,13:30:53,252.48,-0.01,2,50496,买盘
863,13:30:47,252.49,0.08,1,25249,买盘
864,13:30:44,252.41,-0.11,10,252410,卖盘
865,13:30:38,252.52,0.08,2,50504,买盘
866,13:30:32,252.44,--,0,0,中性盘
867,13:30:29,252.44,-0.08,16,403904,卖盘
868,13:30:17,252.52,-0.01,7,176764,卖盘
869,13:30:14,252.53,-0.01,55,1388915,中性盘
870,13:30:08,252.54,-0.01,18,454572,卖盘
871,13:30:02,252.55,-0.01,7,176785,中性盘
872,13:29:59,252.56,0.02,10,252560,买盘
873,13:29:53,252.54,-0.02,4,101016,卖盘
874,13:29:44,252.56,--,3,75768,买盘
875,13:29:38,252.56,-0.01,1,25256,卖盘
876,13:29:29,252.57,--,16,404112,买盘
877,13:29:23,252.57,0.02,3,75771,买盘
878,13:29:17,252.55,--,3,75765,卖盘
879,13:29:14,252.55,-0.02,5,126275,卖盘
880,13:29:08,252.57,-0.07,36,909252,卖盘
881,13:29:02,252.64,0.04,3,75792,买盘
882,13:28:59,252.6,-0.01,23,580980,卖盘
883,13:28:53,252.61,--,1,25261,买盘
884,13:28:47,252.61,-0.01,6,151566,卖盘
885,13:28:44,252.62,-0.01,8,202096,卖盘
886,13:28:38,252.63,-0.05,1,25263,卖盘
887,13:28:29,252.68,--,0,0,买盘
888,13:28:17,252.68,--,1,25268,买盘
889,13:28:14,252.68,-0.04,10,252680,卖盘
890,13:27:59,252.72,--,13,328536,卖盘
891,13:27:53,252.72,0.07,19,480168,卖盘
892,13:27:43,252.65,--,0,0,卖盘
893,13:27:38,252.65,-0.01,2,50530,卖盘
894,13:27:32,252.66,0.01,1,25266,中性盘
895,13:27:28,252.65,--,47,1187455,卖盘
896,13:27:23,252.65,--,2,50530,卖盘
897,13:27:17,252.65,--,1,25265,卖盘
898,13:27:13,252.65,--,0,0,卖盘
899,13:27:02,252.65,--,4,101060,卖盘
900,13:26:58,252.65,-0.15,3,75795,卖盘
901,13:26:43,252.8,0.15,3,75840,买盘
902,13:26:38,252.65,-0.15,41,1035865,卖盘
903,13:26:32,252.8,-0.07,9,227520,卖盘
904,13:26:28,252.87,0.07,7,177009,中性盘
905,13:26:13,252.8,-0.09,25,632000,卖盘
906,13:26:08,252.89,--,1,25289,买盘
907,13:26:02,252.89,-0.04,12,303468,卖盘
908,13:25:57,252.93,-0.02,15,379395,卖盘
909,13:25:43,252.95,--,11,278245,买盘
910,13:25:38,252.95,0.07,81,2048895,买盘
911,13:25:32,252.88,-0.05,4,101152,卖盘
912,13:25:28,252.93,0.04,18,455274,买盘
913,13:25:08,252.89,-0.04,1,25289,卖盘
914,13:25:02,252.93,--,1,25293,买盘
915,13:24:43,252.93,0.05,1,25293,买盘
916,13:24:32,252.88,--,0,0,买盘
917,13:24:23,252.88,0.03,12,303456,买盘
918,13:24:08,252.85,0.16,3,75855,买盘
919,13:24:02,252.69,--,5,126345,卖盘
920,13:23:56,252.69,--,0,0,卖盘
921,13:23:32,252.69,--,1,25269,卖盘
922,13:23:11,252.69,--,36,909684,买盘
923,13:23:07,252.69,0.02,1,25269,买盘
924,13:23:02,252.67,--,0,0,中性盘
925,13:22:56,252.67,--,0,0,卖盘
926,13:22:53,252.67,-0.02,14,353738,卖盘
927,13:22:47,252.69,0.01,4,101076,买盘
928,13:22:38,252.68,-0.01,1,27794,买盘
929,13:22:32,252.69,0.01,1,25269,买盘
930,13:22:22,252.68,--,2,50536,卖盘
931,13:22:17,252.68,--,11,277948,买盘
932,13:22:11,252.68,--,12,303216,买盘
933,13:22:07,252.68,--,4,101072,买盘
934,13:22:02,252.68,--,0,0,买盘
935,13:21:52,252.68,--,11,277948,买盘
936,13:21:47,252.68,--,17,429556,买盘
937,13:21:41,252.68,--,14,353752,买盘
938,13:21:37,252.68,--,43,1086524,买盘
939,13:21:26,252.68,0.05,20,505360,买盘
940,13:21:17,252.63,-0.01,7,176841,卖盘
941,13:21:11,252.64,--,13,328432,卖盘
942,13:21:07,252.64,0.04,3,75792,卖盘
943,13:21:02,252.6,--,0,0,卖盘
944,13:20:52,252.6,-0.04,4,101040,卖盘
945,13:20:47,252.64,--,5,126320,买盘
946,13:20:37,252.64,--,1,25264,中性盘
947,13:20:32,252.64,0.04,2,50528,买盘
948,13:20:26,252.6,-0.04,7,176820,卖盘
949,13:20:22,252.64,--,1,25264,买盘
950,13:20:17,252.64,0.04,2,50528,买盘
951,13:20:07,252.6,--,3,75780,卖盘
952,13:20:02,252.6,-0.04,2,50520,卖盘
953,13:19:52,252.64,0.04,2,50528,买盘
954,13:19:47,252.6,--,2,50520,卖盘
955,13:19:37,252.6,-0.09,8,202080,卖盘
956,13:19:32,252.69,0.09,3,75807,买盘
957,13:19:22,252.6,-0.09,14,353640,卖盘
958,13:19:07,252.69,-0.15,1,25269,卖盘
959,13:19:02,252.84,--,3,75852,买盘
960,13:18:56,252.84,--,1,25284,买盘
961,13:18:52,252.84,0.15,4,101136,买盘
962,13:18:47,252.69,-0.15,1,25269,卖盘
963,13:18:41,252.84,--,0,0,买盘
964,13:18:37,252.84,0.3,12,303408,买盘
965,13:18:32,252.54,--,3,75762,卖盘
966,13:18:22,252.54,--,0,0,卖盘
967,13:18:17,252.54,-0.16,25,631350,卖盘
968,13:18:07,252.7,-0.16,2,50540,卖盘
969,13:17:51,252.86,--,2,50572,卖盘
970,13:17:47,252.86,0.16,50,1264300,买盘
971,13:17:41,252.7,-0.16,21,530670,卖盘
972,13:17:37,252.86,--,0,0,买盘
973,13:17:32,252.86,-0.04,16,404576,卖盘
974,13:17:26,252.9,0.04,8,202320,买盘
975,13:17:17,252.86,0.15,9,227574,买盘
976,13:17:11,252.71,-0.12,5,126355,卖盘
977,13:17:07,252.83,-0.07,3,75849,卖盘
978,13:17:02,252.9,0.03,2,50580,买盘
979,13:16:56,252.87,--,3,75861,卖盘
980,13:16:47,252.87,-0.03,4,101148,卖盘
981,13:16:41,252.9,0.03,2,50580,买盘
982,13:16:35,252.87,-0.03,3,75861,卖盘
983,13:16:26,252.9,--,4,101160,买盘
984,13:16:20,252.9,--,5,126450,买盘
985,13:16:17,252.9,0.03,12,303480,买盘
986,13:16:05,252.87,-0.03,3,75861,卖盘
987,13:16:02,252.9,-0.08,4,101160,卖盘
988,13:15:56,252.98,--,64,1619072,买盘
989,13:15:46,252.98,-0.01,5,126490,卖盘
990,13:15:41,252.99,-0.01,6,151794,卖盘
991,13:15:35,253.0,-0.4,7,177100,卖盘
992,13:15:32,253.4,0.35,1,25340,买盘
993,13:15:26,253.05,-0.35,7,177135,卖盘
994,13:15:17,253.4,0.4,1,25340,买盘
995,13:15:11,253.0,-0.4,50,1265000,卖盘
996,13:15:05,253.4,0.4,3,76020,买盘
997,13:15:02,253.0,-0.3,60,1518000,卖盘
998,13:14:56,253.3,-0.1,5,126650,卖盘
999,13:14:50,253.4,--,0,0,买盘
1000,13:14:47,253.4,0.38,2,50680,买盘
1001,13:14:41,253.02,-0.38,22,556644,卖盘
1002,13:14:35,253.4,--,6,152040,买盘
1003,13:14:31,253.4,--,18,456120,买盘
1004,13:14:26,253.4,--,86,2179240,卖盘
1005,13:14:20,253.4,--,12,304080,卖盘
1006,13:14:16,253.4,-0.09,5,126700,卖盘
1007,13:14:11,253.49,--,1,25349,买盘
1008,13:14:05,253.49,-0.01,2,50698,买盘
1009,13:14:01,253.5,--,16,405600,买盘
1010,13:13:56,253.5,0.06,13,329550,买盘
1011,13:13:46,253.44,0.04,21,532224,买盘
1012,13:13:41,253.4,-0.1,15,380100,中性盘
1013,13:13:31,253.5,0.1,96,2433600,买盘
1014,13:13:20,253.4,-0.1,15,380100,卖盘
1015,13:13:16,253.5,0.01,10,253500,买盘
1016,13:13:11,253.49,--,0,0,买盘
1017,13:13:05,253.49,--,0,0,买盘
1018,13:13:01,253.49,0.09,4,101396,买盘
1019,13:12:41,253.4,--,0,0,卖盘
1020,13:12:35,253.4,0.32,3,76020,买盘
1021,13:12:31,253.08,-0.31,16,404928,卖盘
1022,13:12:26,253.39,--,1,25339,中性盘
1023,13:12:16,253.39,0.39,1,25339,买盘
1024,13:12:11,253.0,--,0,0,卖盘
1025,13:12:01,253.0,--,47,1189100,买盘
1026,13:11:56,253.0,--,1,25300,买盘
1027,13:11:50,253.0,--,22,556600,买盘
1028,13:11:46,253.0,--,3,75900,买盘
1029,13:11:41,253.0,--,26,657800,买盘
1030,13:11:35,253.0,--,8,202400,买盘
1031,13:11:31,253.0,--,3,75900,买盘
1032,13:11:26,253.0,0.01,2,50600,买盘
1033,13:11:20,252.99,--,4,101196,卖盘
1034,13:11:16,252.99,-0.01,21,531279,卖盘
1035,13:11:11,253.0,--,24,607200,买盘
1036,13:11:05,253.0,--,34,860200,买盘
1037,13:11:01,253.0,--,20,506000,买盘
1038,13:10:56,253.0,--,27,683100,买盘
1039,13:10:50,253.0,--,11,278300,买盘
1040,13:10:46,253.0,--,53,1340900,买盘
1041,13:10:41,253.0,--,199,5034700,买盘
1042,13:10:35,253.0,--,2,50600,买盘
1043,13:10:30,253.0,0.01,1,25300,买盘
1044,13:10:26,252.99,-0.01,5,126495,卖盘
1045,13:10:20,253.0,0.01,10,253000,买盘
1046,13:10:16,252.99,--,2,50598,卖盘
1047,13:10:11,252.99,--,15,379485,买盘
1048,13:10:00,252.99,--,9,227691,买盘
1049,13:09:56,252.99,--,7,177093,买盘
1050,13:09:50,252.99,--,10,252990,买盘
1051,13:09:44,252.99,--,2,50598,买盘
1052,13:09:41,252.99,-0.01,1,25299,买盘
1053,13:09:35,253.0,--,0,0,买盘
1054,13:09:26,253.0,--,13,328900,买盘
1055,13:09:14,253.0,0.04,2,50600,买盘
1056,13:09:10,252.96,--,5,126480,买盘
1057,13:09:05,252.96,0.01,50,1264800,买盘
1058,13:08:56,252.95,--,2,50590,买盘
1059,13:08:50,252.95,--,1,25295,买盘
1060,13:08:40,252.95,0.01,1,25295,买盘
1061,13:08:35,252.94,-0.01,1,25294,卖盘
1062,13:08:25,252.95,0.01,6,151770,买盘
1063,13:08:20,252.94,--,0,0,中性盘
1064,13:08:14,252.94,--,0,0,中性盘
1065,13:08:10,252.94,--,0,0,卖盘
1066,13:08:05,252.94,-0.01,8,202352,卖盘
1067,13:07:59,252.95,-0.05,1,25295,卖盘
1068,13:07:55,253.0,0.05,20,506000,买盘
1069,13:07:50,252.95,-0.05,11,278245,卖盘
1070,13:07:44,253.0,--,5,126500,买盘
1071,13:07:40,253.0,-0.28,55,1391500,卖盘
1072,13:07:35,253.28,-0.01,2,50656,买盘
1073,13:07:29,253.29,0.01,21,531909,卖盘
1074,13:07:25,253.28,-0.12,31,785168,卖盘
1075,13:07:20,253.4,-0.06,7,177380,买盘
1076,13:07:10,253.46,--,0,0,买盘
1077,13:07:05,253.46,-0.01,1,25346,中性盘
1078,13:06:55,253.47,-0.06,1,25347,买盘
1079,13:06:50,253.53,--,0,0,买盘
1080,13:06:40,253.53,--,16,405648,买盘
1081,13:06:35,253.53,-0.16,2,50706,买盘
1082,13:06:25,253.69,-0.01,35,887915,卖盘
1083,13:06:20,253.7,--,14,355180,买盘
1084,13:06:14,253.7,--,0,0,买盘
1085,13:06:10,253.7,0.01,36,913320,买盘
1086,13:06:05,253.69,-0.07,23,583487,中性盘
1087,13:05:59,253.76,--,0,0,买盘
1088,13:05:55,253.76,-0.01,2,50752,买盘
1089,13:05:50,253.77,-0.15,45,1141965,卖盘
1090,13:05:44,253.92,--,3,76176,买盘
1091,13:05:40,253.92,-0.01,2,50784,买盘
1092,13:05:35,253.93,0.77,7,177751,买盘
1093,13:05:29,253.16,--,0,0,卖盘
1094,13:05:25,253.16,-0.82,61,1544276,卖盘
1095,13:05:20,253.98,0.04,6,152388,买盘
1096,13:05:14,253.94,--,0,0,中性盘
1097,13:05:10,253.94,-0.06,1,25394,中性盘
1098,13:05:05,254.0,0.23,22,558800,买盘
1099,13:04:59,253.77,0.27,1,25377,买盘
1100,13:04:50,253.5,0.02,10,253500,中性盘
1101,13:04:44,253.48,--,2,50696,卖盘
1102,13:04:40,253.48,0.13,21,532308,买盘
1103,13:04:35,253.35,--,0,0,中性盘
1104,13:04:29,253.35,0.35,4,101846,买盘
1105,13:04:25,253.0,--,100,2530000,买盘
1106,13:04:20,253.0,--,0,0,买盘
1107,13:04:14,253.0,--,0,0,买盘
1108,13:04:09,253.0,0.4,100,2530000,买盘
1109,13:04:05,252.6,--,1,25260,卖盘
1110,13:03:55,252.6,-0.38,2,50520,卖盘
1111,13:03:50,252.98,0.47,4,101192,中性盘
1112,13:03:39,252.51,-0.48,19,479769,卖盘
1113,13:03:35,252.99,--,12,303588,买盘
1114,13:03:29,252.99,--,1,25299,买盘
1115,13:03:25,252.99,--,6,151794,买盘
1116,13:03:20,252.99,--,1,25299,买盘
1117,13:03:10,252.99,--,10,252990,买盘
1118,13:03:05,252.99,0.01,4,101196,买盘
1119,13:02:54,252.98,0.48,2,50596,买盘
1120,13:02:50,252.5,-0.49,2,50500,卖盘
1121,13:02:44,252.99,0.01,2,50598,买盘
1122,13:02:40,252.98,0.48,1,25298,中性盘
1123,13:02:35,252.5,-0.49,2,50500,卖盘
1124,13:02:29,252.99,0.59,3,75897,买盘
1125,13:02:14,252.4,-0.6,9,227160,卖盘
1126,13:02:04,253.0,--,0,0,买盘
1127,13:01:53,253.0,--,1,25300,买盘
1128,13:01:49,253.0,--,37,953810,卖盘
1129,13:01:34,253.0,--,1,25300,卖盘
1130,13:01:29,253.0,-0.33,1,25300,卖盘
1131,13:01:19,253.33,--,0,0,中性盘
1132,13:01:14,253.33,0.13,8,202664,买盘
1133,13:01:08,253.2,--,3,75960,卖盘
1134,13:01:04,253.2,0.2,3,75960,买盘
1135,13:00:58,253.0,--,17,430100,卖盘
1136,13:00:53,253.0,-0.24,4,101200,卖盘
1137,13:00:49,253.24,0.05,4,101296,买盘
1138,13:00:44,253.19,0.01,18,455742,买盘
1139,13:00:38,253.18,0.18,46,1164628,买盘
1140,13:00:34,253.0,0.5,90,2284590,买盘
1141,13:00:19,252.5,--,13,328250,买盘
1142,13:00:14,252.5,-0.21,329,8311037,卖盘
1143,13:00:08,252.71,-0.07,20,505420,中性盘
1144,13:00:04,252.78,0.22,82,2072796,买盘
1145,11:30:00,252.56,--,0,0,卖盘
1146,11:30:00,252.56,--,0,0,卖盘
1147,11:29:59,252.56,--,16,404096,买盘
1148,11:29:54,252.56,--,4,101024,买盘
1149,11:29:50,252.56,--,10,252560,买盘
1150,11:29:45,252.56,0.01,3,75768,买盘
1151,11:29:39,252.55,-0.01,1,25255,卖盘
1152,11:29:35,252.56,--,24,606144,买盘
1153,11:29:30,252.56,--,79,1995224,买盘
1154,11:29:20,252.56,-0.22,36,909216,卖盘
1155,11:29:15,252.78,-0.02,4,101112,买盘
1156,11:29:09,252.8,-0.08,2,50560,卖盘
1157,11:29:00,252.88,0.18,5,126440,买盘
1158,11:28:50,252.7,-0.1,16,404320,卖盘
1159,11:28:45,252.8,0.1,1,25280,买盘
1160,11:28:39,252.7,--,3,75810,买盘
1161,11:28:35,252.7,--,0,0,买盘
1162,11:28:30,252.7,--,24,606480,买盘
1163,11:28:24,252.7,0.15,3,75810,买盘
1164,11:28:20,252.55,-0.15,4,101020,买盘
1165,11:28:15,252.7,0.3,5,138985,买盘
1166,11:28:09,252.4,--,56,1413440,买盘
1167,11:28:05,252.4,-0.3,43,1085320,卖盘
1168,11:28:00,252.7,0.17,22,555940,买盘
1169,11:27:54,252.53,0.04,336,8485008,买盘
1170,11:27:50,252.49,0.01,28,706972,买盘
1171,11:27:45,252.48,0.18,16,403968,买盘
1172,11:27:39,252.3,0.1,4,100920,买盘
1173,11:27:35,252.2,-0.1,12,302640,卖盘
1174,11:27:30,252.3,-0.01,55,1387650,买盘
1175,11:27:24,252.31,0.01,2,50462,卖盘
1176,11:27:20,252.3,-0.03,2,50460,卖盘
1177,11:27:15,252.33,-0.01,25,630825,中性盘
1178,11:27:09,252.34,0.03,16,403744,买盘
1179,11:27:05,252.31,-0.02,67,1690477,卖盘
1180,11:27:00,252.33,--,6,151398,卖盘
1181,11:26:54,252.33,-0.01,2,50466,卖盘
1182,11:26:50,252.34,0.02,3,75702,买盘
1183,11:26:45,252.32,-0.02,20,504640,卖盘
1184,11:26:39,252.34,0.02,14,353276,卖盘
1185,11:26:35,252.32,--,11,277552,卖盘
1186,11:26:30,252.32,-0.03,6,151392,卖盘
1187,11:26:24,252.35,-0.05,2,50470,卖盘
1188,11:26:19,252.4,-0.09,9,227160,买盘
1189,11:26:15,252.49,0.04,9,227241,买盘
1190,11:26:09,252.45,-0.05,8,201960,卖盘
1191,11:26:05,252.5,-0.1,18,454500,卖盘
1192,11:25:59,252.6,--,9,227340,卖盘
1193,11:25:54,252.6,-0.02,9,227340,卖盘
1194,11:25:49,252.62,-0.01,11,277882,中性盘
1195,11:25:44,252.63,0.02,38,959994,买盘
1196,11:25:39,252.61,-0.01,23,581003,卖盘
1197,11:25:35,252.62,--,2,50524,卖盘
1198,11:25:29,252.62,-0.03,7,176834,卖盘
1199,11:25:24,252.65,-0.05,3,75795,中性盘
1200,11:25:20,252.7,--,2,50540,买盘
1201,11:25:14,252.7,-0.01,23,581210,卖盘
1202,11:25:09,252.71,-0.09,18,454878,中性盘
1203,11:24:59,252.8,-0.08,2,50560,卖盘
1204,11:24:53,252.88,-0.12,7,177016,卖盘
1205,11:24:49,253.0,--,13,328900,买盘
1206,11:24:44,253.0,-0.07,28,708400,卖盘
1207,11:24:39,253.07,0.07,19,480833,买盘
1208,11:24:33,253.0,-0.07,17,430100,卖盘
1209,11:24:29,253.07,0.07,15,379605,买盘
1210,11:24:24,253.0,-0.02,39,986700,卖盘
1211,11:24:18,253.02,0.02,14,354228,买盘
1212,11:24:14,253.0,-0.02,34,860200,卖盘
1213,11:24:09,253.02,--,9,227718,卖盘
1214,11:24:03,253.02,-0.05,10,253020,卖盘
1215,11:23:59,253.07,--,1,25307,卖盘
1216,11:23:54,253.07,--,2,50614,卖盘
1217,11:23:48,253.07,-0.09,5,126535,卖盘
1218,11:23:44,253.16,0.05,8,224806,买盘
1219,11:23:39,253.11,-0.08,19,483946,卖盘
1220,11:23:29,253.19,-0.09,8,202552,卖盘
1221,11:23:24,253.28,0.08,10,253280,中性盘
1222,11:23:18,253.2,-0.09,8,202560,卖盘
1223,11:23:14,253.29,-0.02,3,75987,买盘
1224,11:23:09,253.31,--,12,303972,卖盘
1225,11:23:03,253.31,--,9,227979,卖盘
1226,11:22:59,253.31,0.01,3,75993,中性盘
1227,11:22:54,253.3,-0.1,20,506600,卖盘
1228,11:22:47,253.4,-0.03,8,202720,卖盘
1229,11:22:44,253.43,-0.08,51,1292493,卖盘
1230,11:22:39,253.51,0.01,21,532371,买盘
1231,11:22:33,253.5,--,18,456300,卖盘
1232,11:22:24,253.5,-0.01,10,253500,卖盘
1233,11:22:17,253.51,0.01,1,25351,买盘
1234,11:22:14,253.5,-0.02,44,1115400,卖盘
1235,11:22:09,253.52,-0.02,14,354928,卖盘
1236,11:22:02,253.54,0.03,1,25354,买盘
1237,11:21:59,253.51,--,3,76053,卖盘
1238,11:21:54,253.51,--,21,532371,卖盘
1239,11:21:48,253.51,-0.04,4,101404,卖盘
1240,11:21:44,253.55,-0.01,3,76065,卖盘
1241,11:21:39,253.56,-0.02,6,152136,卖盘
1242,11:21:29,253.58,-0.01,18,456444,卖盘
1243,11:21:24,253.59,-0.06,9,228231,卖盘
1244,11:21:18,253.65,0.05,2,50730,买盘
1245,11:21:14,253.6,--,11,278960,卖盘
1246,11:21:09,253.6,--,6,152160,卖盘
1247,11:21:03,253.6,-0.01,14,355040,卖盘
1248,11:20:59,253.61,-0.01,13,329693,卖盘
1249,11:20:53,253.62,0.01,3,76086,中性盘
1250,11:20:44,253.61,--,5,126805,卖盘
1251,11:20:39,253.61,-0.15,5,126805,卖盘
1252,11:20:29,253.76,0.14,8,203008,买盘
1253,11:20:24,253.62,--,1,25362,卖盘
1254,11:20:14,253.62,--,10,253620,卖盘
1255,11:20:09,253.62,-0.15,11,278982,中性盘
1256,11:20:03,253.77,0.16,8,203016,买盘
1257,11:19:59,253.61,-0.16,9,228249,卖盘
1258,11:19:54,253.77,--,1,25377,买盘
1259,11:19:48,253.77,-0.01,4,101508,卖盘
1260,11:19:44,253.78,-0.03,7,177646,卖盘
1261,11:19:38,253.81,--,4,101524,买盘
1262,11:19:32,253.81,0.01,1,25381,买盘
1263,11:19:29,253.8,-0.01,11,279180,卖盘
1264,11:19:24,253.81,-0.09,3,76143,卖盘
1265,11:19:14,253.9,--,2,50780,买盘
1266,11:19:08,253.9,--,0,0,买盘
1267,11:19:03,253.9,-0.04,6,152340,卖盘
1268,11:18:58,253.94,-0.01,1,25394,卖盘
1269,11:18:54,253.95,--,24,609480,买盘
1270,11:18:48,253.95,0.05,1,25395,买盘
1271,11:18:43,253.9,-0.09,1,25390,卖盘
1272,11:18:38,253.99,--,1,25399,买盘
1273,11:18:33,253.99,--,10,253990,买盘
1274,11:18:23,253.99,--,3,76197,卖盘
1275,11:18:18,253.99,-0.01,8,203192,卖盘
1276,11:18:13,254.0,--,15,381000,卖盘
1277,11:18:08,254.0,--,6,152400,卖盘
1278,11:18:02,254.0,-0.01,14,355600,卖盘
1279,11:17:56,254.01,0.01,6,152406,买盘
1280,11:17:53,254.0,-0.01,3,76200,卖盘
1281,11:17:48,254.01,0.01,20,508020,中性盘
1282,11:17:42,254.0,-0.02,20,508000,卖盘
1283,11:17:38,254.02,--,10,254020,买盘
1284,11:17:33,254.02,--,14,355628,买盘
1285,11:17:23,254.02,-0.01,2,50804,买盘
1286,11:17:12,254.03,-0.01,1,25403,卖盘
1287,11:17:08,254.04,--,2,50808,买盘
1288,11:17:02,254.04,--,25,635100,卖盘
1289,11:16:53,254.04,-0.01,21,533484,卖盘
1290,11:16:48,254.05,--,1,25405,中性盘
1291,11:16:38,254.05,-0.49,12,304860,卖盘
1292,11:16:33,254.54,0.49,1,25454,买盘
1293,11:16:26,254.05,--,1,25405,卖盘
1294,11:16:23,254.05,-0.5,10,254050,卖盘
1295,11:16:18,254.55,--,1,25455,买盘
1296,11:16:03,254.55,-0.05,6,152730,买盘
1297,11:15:57,254.6,--,8,203680,卖盘
1298,11:15:53,254.6,-0.04,12,305520,卖盘
1299,11:15:48,254.64,--,3,76392,买盘
1300,11:15:42,254.64,--,10,254640,买盘
1301,11:15:38,254.64,--,10,277048,卖盘
1302,11:15:33,254.64,-0.03,15,381960,卖盘
1303,11:15:26,254.67,--,0,0,买盘
1304,11:15:23,254.67,0.03,23,585741,买盘
1305,11:15:18,254.64,-0.03,15,385015,卖盘
1306,11:15:11,254.67,--,0,0,中性盘
1307,11:15:08,254.67,0.07,2,50934,中性盘
1308,11:15:03,254.6,--,1,25460,卖盘
1309,11:14:57,254.6,--,1,25460,卖盘
1310,11:14:53,254.6,--,32,814720,卖盘
1311,11:14:48,254.6,-0.12,1,25460,中性盘
1312,11:14:42,254.72,0.72,4,101888,买盘
1313,11:14:38,254.0,-0.64,112,2844800,卖盘
1314,11:14:32,254.64,--,2,72827,买盘
1315,11:14:26,254.64,--,0,0,买盘
1316,11:14:23,254.64,0.47,3,76392,买盘
1317,11:14:17,254.17,-0.43,6,152502,卖盘
1318,11:14:08,254.6,0.43,33,864876,买盘
1319,11:14:02,254.17,0.01,4,101668,买盘
1320,11:13:53,254.16,0.06,3,76248,买盘
1321,11:13:47,254.1,0.07,3,76230,买盘
1322,11:13:38,254.03,--,14,355642,卖盘
1323,11:13:32,254.03,0.03,6,152418,买盘
1324,11:13:26,254.0,--,9,228600,卖盘
1325,11:13:23,254.0,--,13,330200,卖盘
1326,11:13:18,254.0,0.1,18,461264,买盘
1327,11:13:11,253.9,0.1,23,583970,买盘
1328,11:13:08,253.8,--,2,50760,买盘
1329,11:13:03,253.8,0.01,1,25380,买盘
1330,11:12:56,253.79,0.01,9,228411,卖盘
1331,11:12:53,253.78,0.18,18,456804,卖盘
1332,11:12:48,253.6,-0.18,8,202880,中性盘
1333,11:12:41,253.78,--,21,532938,买盘
1334,11:12:38,253.78,--,3,76134,买盘
1335,11:12:32,253.78,0.23,1,25378,中性盘
1336,11:12:26,253.55,--,16,405680,卖盘
1337,11:12:23,253.55,--,8,210446,卖盘
1338,11:12:18,253.55,0.05,58,1470590,买盘
1339,11:12:11,253.5,0.07,13,329550,买盘
1340,11:12:07,253.43,-0.07,2,50686,中性盘
1341,11:12:02,253.5,-0.01,23,583050,卖盘
1342,11:11:56,253.51,0.01,7,177457,卖盘
1343,11:11:53,253.5,--,9,232713,买盘
1344,11:11:47,253.5,--,5,126750,买盘
1345,11:11:41,253.5,--,1,25350,买盘
1346,11:11:38,253.5,-0.1,90,2302287,卖盘
1347,11:11:32,253.6,0.05,11,278960,买盘
1348,11:11:26,253.55,-0.05,26,659230,中性盘
1349,11:11:20,253.6,0.09,14,355040,买盘
1350,11:11:17,253.51,0.01,6,152106,中性盘
1351,11:11:11,253.5,--,22,562263,卖盘
1352,11:11:02,253.5,-0.04,61,1546350,卖盘
1353,11:10:56,253.54,--,14,354956,买盘
1354,11:10:50,253.54,0.04,4,101416,买盘
1355,11:10:47,253.5,-0.04,14,354900,卖盘
1356,11:10:41,253.54,-0.01,9,228186,中性盘
1357,11:10:35,253.55,-0.04,69,1749495,中性盘
1358,11:10:32,253.59,--,0,0,买盘
1359,11:10:26,253.59,-0.01,11,278949,中性盘
1360,11:10:20,253.6,--,12,304320,买盘
1361,11:10:17,253.6,-0.2,65,1648400,卖盘
1362,11:10:11,253.8,-0.1,3,76140,买盘
1363,11:10:05,253.9,0.1,6,152340,买盘
1364,11:10:02,253.8,-0.1,18,468768,卖盘
1365,11:09:56,253.9,-0.08,29,736310,卖盘
1366,11:09:50,253.98,0.08,1,25398,买盘
1367,11:09:47,253.9,-0.09,13,343526,卖盘
1368,11:09:41,253.99,0.09,1,25399,买盘
1369,11:09:32,253.9,-0.13,61,1571641,卖盘
1370,11:09:26,254.03,--,4,101612,卖盘
1371,11:09:17,254.03,-0.07,36,914508,卖盘
1372,11:09:11,254.1,-0.05,24,609840,卖盘
1373,11:09:05,254.15,0.04,1,25415,买盘
1374,11:09:02,254.11,-0.06,47,1194317,卖盘
1375,11:08:56,254.17,--,1,26179,卖盘
1376,11:08:47,254.17,--,4,101668,卖盘
1377,11:08:41,254.17,-0.01,29,749801,卖盘
1378,11:08:32,254.18,--,41,1042138,卖盘
1379,11:08:26,254.18,-0.02,6,152508,卖盘
1380,11:08:20,254.2,-0.01,15,381300,卖盘
1381,11:08:17,254.21,0.01,1,25421,买盘
1382,11:08:11,254.2,--,9,228780,买盘
1383,11:08:02,254.2,-0.01,35,902410,卖盘
1384,11:07:56,254.21,-0.15,12,305052,卖盘
1385,11:07:50,254.36,0.15,28,712208,买盘
1386,11:07:47,254.21,-0.14,8,203368,卖盘
1387,11:07:41,254.35,0.07,5,139892,中性盘
1388,11:07:35,254.28,--,2,50856,卖盘
1389,11:07:32,254.28,--,23,584844,卖盘
1390,11:07:26,254.28,0.08,7,177996,买盘
1391,11:07:20,254.2,-0.16,14,355880,卖盘
1392,11:07:17,254.36,0.05,112,2861550,买盘
1393,11:07:11,254.31,0.08,15,394180,买盘
1394,11:07:05,254.23,-0.12,8,203384,卖盘
1395,11:07:02,254.35,--,0,0,买盘
1396,11:06:56,254.35,--,0,0,买盘
1397,11:06:47,254.35,0.04,7,178045,买盘
1398,11:06:41,254.31,0.01,14,356034,中性盘
1399,11:06:32,254.3,-0.06,2,50860,卖盘
1400,11:06:26,254.36,--,7,178052,卖盘
1401,11:06:20,254.36,--,2,50872,卖盘
1402,11:06:16,254.36,--,4,101744,卖盘
1403,11:06:11,254.36,-0.11,23,585028,卖盘
1404,11:06:02,254.47,--,0,0,买盘
1405,11:05:56,254.47,--,0,0,买盘
1406,11:05:50,254.47,--,10,254470,买盘
1407,11:05:46,254.47,--,0,0,买盘
1408,11:05:41,254.47,--,0,0,买盘
1409,11:05:35,254.47,--,0,0,买盘
1410,11:05:32,254.47,0.14,17,432599,买盘
1411,11:05:26,254.33,-0.16,7,178031,卖盘
1412,11:05:20,254.49,--,1,25449,买盘
1413,11:05:16,254.49,0.16,10,254490,买盘
1414,11:05:11,254.33,-0.16,12,305196,卖盘
1415,11:05:05,254.49,0.19,6,152694,买盘
1416,11:05:01,254.3,-0.19,19,483170,卖盘
1417,11:04:56,254.49,0.18,20,508980,买盘
1418,11:04:50,254.31,-0.18,1,25431,卖盘
1419,11:04:46,254.49,--,1,25449,买盘
1420,11:04:41,254.49,0.18,5,130298,买盘
1421,11:04:35,254.31,-0.18,1,25431,卖盘
1422,11:04:31,254.49,0.18,1,25449,买盘
1423,11:04:26,254.31,--,4,101724,卖盘
1424,11:04:20,254.31,--,15,381465,卖盘
1425,11:04:16,254.31,-0.18,49,1246119,卖盘
1426,11:04:11,254.49,0.18,41,1043409,买盘
1427,11:04:05,254.31,-0.18,8,203448,卖盘
1428,11:03:56,254.49,--,1,25449,买盘
1429,11:03:50,254.49,--,3,76347,中性盘
1430,11:03:44,254.49,--,4,101796,买盘
1431,11:03:41,254.49,0.19,5,127245,买盘
1432,11:03:35,254.3,-0.06,3,76290,卖盘
1433,11:03:29,254.36,0.01,3,76308,买盘
1434,11:03:26,254.35,0.18,7,178045,买盘
1435,11:03:20,254.17,-0.11,25,647370,卖盘
1436,11:03:14,254.28,0.11,6,152568,买盘
1437,11:03:11,254.17,0.02,31,787927,买盘
1438,11:03:05,254.15,--,32,813280,买盘
1439,11:02:59,254.15,--,1,25415,买盘
1440,11:02:56,254.15,-0.02,8,203320,买盘
1441,11:02:50,254.17,0.14,12,305004,中性盘
1442,11:02:44,254.03,-0.16,21,533463,卖盘
1443,11:02:41,254.19,0.02,38,965922,卖盘
1444,11:02:35,254.17,--,108,2747577,买盘
1445,11:02:29,254.17,--,4,101668,买盘
1446,11:02:26,254.17,0.03,27,686259,买盘
1447,11:02:20,254.14,0.04,23,584522,买盘
1448,11:02:14,254.1,-0.04,36,914760,卖盘
1449,11:02:11,254.14,-0.09,13,330382,卖盘
1450,11:02:05,254.23,0.03,12,305076,中性盘
1451,11:01:59,254.2,0.06,1,25420,中性盘
1452,11:01:56,254.14,-0.06,14,355796,卖盘
1453,11:01:50,254.2,--,6,152520,卖盘
1454,11:01:41,254.2,-0.1,13,330460,卖盘
1455,11:01:35,254.3,0.02,5,127150,买盘
1456,11:01:29,254.28,-0.08,5,127140,卖盘
1457,11:01:26,254.36,--,2,50872,中性盘
1458,11:01:20,254.36,-0.02,6,152616,卖盘
1459,11:01:11,254.38,--,0,0,中性盘
1460,11:01:05,254.38,-0.39,31,788578,卖盘
1461,11:00:50,254.77,--,0,0,买盘
1462,11:00:44,254.77,-0.03,1,25477,卖盘
1463,11:00:41,254.8,--,6,152880,中性盘
1464,11:00:35,254.8,--,8,203840,卖盘
1465,11:00:29,254.8,-0.12,2,50960,卖盘
1466,11:00:26,254.92,--,11,280412,卖盘
1467,11:00:20,254.92,--,3,89222,卖盘
1468,11:00:14,254.92,0.12,4,101968,卖盘
1469,11:00:11,254.8,-0.2,19,484120,卖盘
1470,11:00:05,255.0,--,84,2142000,卖盘
1471,10:59:59,255.0,-0.01,41,1045500,卖盘
1472,10:59:56,255.01,--,11,280511,卖盘
1473,10:59:50,255.01,-0.04,30,765030,卖盘
1474,10:59:44,255.05,--,0,0,中性盘
1475,10:59:41,255.05,-0.06,9,229545,卖盘
1476,10:59:35,255.11,--,5,127555,卖盘
1477,10:59:26,255.11,-0.07,5,127555,卖盘
1478,10:59:20,255.18,-0.02,17,433806,卖盘
1479,10:59:14,255.2,--,1,25520,卖盘
1480,10:59:11,255.2,-0.02,13,331760,卖盘
1481,10:59:05,255.22,0.02,4,102088,中性盘
1482,10:58:59,255.2,--,7,178640,卖盘
1483,10:58:56,255.2,-0.01,51,1301520,卖盘
1484,10:58:50,255.21,-0.02,11,280731,卖盘
1485,10:58:44,255.23,-0.01,18,459414,卖盘
1486,10:58:41,255.24,-0.06,30,765720,卖盘
1487,10:58:35,255.3,--,5,127650,卖盘
1488,10:58:29,255.3,--,3,76590,卖盘
1489,10:58:25,255.3,-0.01,20,510600,卖盘
1490,10:58:20,255.31,0.01,2,51062,买盘
1491,10:58:14,255.3,--,13,331890,卖盘
1492,10:58:10,255.3,--,7,178710,卖盘
1493,10:58:05,255.3,--,3,76590,卖盘
1494,10:57:59,255.3,--,3,76590,卖盘
1495,10:57:55,255.3,-0.01,5,127650,卖盘
1496,10:57:50,255.31,-0.04,3,76593,卖盘
1497,10:57:40,255.35,0.03,3,76605,中性盘
1498,10:57:35,255.32,-0.04,15,382980,卖盘
1499,10:57:29,255.36,-0.01,9,229824,卖盘
1500,10:57:25,255.37,--,15,383055,卖盘
1501,10:57:20,255.37,-0.01,1,25537,卖盘
1502,10:57:14,255.38,0.01,5,127690,买盘
1503,10:57:05,255.37,0.01,1,25537,卖盘
1504,10:56:59,255.36,0.06,1,25536,卖盘
1505,10:56:54,255.3,--,0,0,卖盘
1506,10:56:40,255.3,--,0,0,卖盘
1507,10:56:35,255.3,-0.05,47,1199910,卖盘
1508,10:56:29,255.35,--,1,25535,卖盘
1509,10:56:14,255.35,-0.05,3,76605,卖盘
1510,10:56:08,255.4,--,0,0,中性盘
1511,10:56:05,255.4,--,1,25540,买盘
1512,10:55:59,255.4,--,6,153240,买盘
1513,10:55:50,255.4,--,7,178780,卖盘
1514,10:55:44,255.4,-0.16,22,561880,卖盘
1515,10:55:38,255.56,0.16,20,511120,买盘
1516,10:55:34,255.4,-0.09,4,102160,卖盘
1517,10:55:29,255.49,-0.01,4,102196,买盘
1518,10:55:23,255.5,--,4,102200,卖盘
1519,10:55:20,255.5,-0.01,2,51100,卖盘
1520,10:55:14,255.51,--,17,434367,卖盘
1521,10:55:08,255.51,--,1,25551,卖盘
1522,10:55:05,255.51,0.01,8,204408,买盘
1523,10:54:59,255.5,--,2,51100,卖盘
1524,10:54:50,255.5,0.09,10,255500,卖盘
1525,10:54:44,255.41,0.01,3,76623,买盘
1526,10:54:34,255.4,0.01,13,332020,买盘
1527,10:54:29,255.39,-0.01,7,178773,卖盘
1528,10:54:23,255.4,0.01,1,25540,买盘
1529,10:54:20,255.39,-0.01,8,204312,卖盘
1530,10:54:14,255.4,-0.1,11,280940,买盘
1531,10:54:08,255.5,0.1,10,255500,买盘
1532,10:54:05,255.4,-0.01,21,536340,卖盘
1533,10:53:59,255.41,-0.01,2,51082,卖盘
1534,10:53:53,255.42,0.02,1,25542,中性盘
1535,10:53:50,255.4,--,22,561880,卖盘
1536,10:53:44,255.4,--,2,51080,卖盘
1537,10:53:38,255.4,--,10,255400,卖盘
1538,10:53:35,255.4,-0.11,8,204320,卖盘
1539,10:53:29,255.51,0.11,10,255510,买盘
1540,10:53:14,255.4,--,2,51080,买盘
1541,10:53:05,255.4,0.01,2,51080,买盘
1542,10:52:59,255.39,--,0,0,中性盘
1543,10:52:53,255.39,--,0,0,买盘
1544,10:52:50,255.39,0.07,12,306468,买盘
1545,10:52:44,255.32,-0.08,2,51064,卖盘
1546,10:52:38,255.4,0.08,3,76620,买盘
1547,10:52:35,255.32,0.02,1,25787,买盘
1548,10:52:29,255.3,--,3,76590,买盘
1549,10:52:23,255.3,--,1,25530,买盘
1550,10:52:20,255.3,0.01,8,204240,买盘
1551,10:52:14,255.29,--,2,51058,买盘
1552,10:52:08,255.29,0.05,2,51058,买盘
1553,10:52:05,255.24,-0.02,2,51048,卖盘
1554,10:51:59,255.26,0.02,1,25526,中性盘
1555,10:51:53,255.24,--,3,76572,卖盘
1556,10:51:49,255.24,--,14,357336,买盘
1557,10:51:44,255.24,--,35,893340,买盘
1558,10:51:38,255.24,--,8,204192,买盘
1559,10:51:34,255.24,--,8,204192,买盘
1560,10:51:29,255.24,--,2,51048,买盘
1561,10:51:23,255.24,--,10,255240,买盘
1562,10:51:19,255.24,0.01,14,357336,买盘
1563,10:51:14,255.23,--,17,433891,买盘
1564,10:51:04,255.23,0.01,21,535983,买盘
1565,10:50:59,255.22,-0.01,1,25522,卖盘
1566,10:50:53,255.23,-0.01,2,51046,卖盘
1567,10:50:49,255.24,--,2,51048,买盘
1568,10:50:44,255.24,0.02,11,280764,买盘
1569,10:50:38,255.22,-0.01,10,255220,卖盘
1570,10:50:34,255.23,0.01,10,255230,买盘
1571,10:50:29,255.22,-0.02,1,25522,卖盘
1572,10:50:23,255.24,0.01,1,25524,买盘
1573,10:50:19,255.23,-0.01,1,25523,中性盘
1574,10:50:14,255.24,0.01,2,51048,买盘
1575,10:50:08,255.23,--,10,255230,买盘
1576,10:50:04,255.23,-0.01,1,25523,中性盘
1577,10:49:59,255.24,--,14,357336,买盘
1578,10:49:53,255.24,--,2,51048,买盘
1579,10:49:44,255.24,-0.05,2,51048,卖盘
1580,10:49:38,255.29,0.05,1,25529,买盘
1581,10:49:34,255.24,-0.06,11,280764,卖盘
1582,10:49:29,255.3,0.05,1,25530,买盘
1583,10:49:23,255.25,-0.05,1,25525,卖盘
1584,10:49:19,255.3,--,4,102120,卖盘
1585,10:49:14,255.3,--,8,204240,卖盘
1586,10:49:08,255.3,-0.01,8,204240,卖盘
1587,10:48:59,255.31,--,24,612744,卖盘
1588,10:48:53,255.31,--,1,25531,卖盘
1589,10:48:44,255.31,-0.04,8,204248,卖盘
1590,10:48:38,255.35,--,5,127675,卖盘
1591,10:48:29,255.35,--,0,0,卖盘
1592,10:48:23,255.35,-0.16,19,485165,卖盘
1593,10:48:17,255.51,--,1,25551,卖盘
1594,10:48:13,255.51,-0.06,3,76653,卖盘
1595,10:48:08,255.57,0.06,8,204456,买盘
1596,10:48:02,255.51,--,0,0,卖盘
1597,10:47:59,255.51,-0.06,38,970938,卖盘
1598,10:47:53,255.57,0.05,1,25557,买盘
1599,10:47:47,255.52,-0.05,4,102208,卖盘
1600,10:47:43,255.57,--,4,102228,买盘
1601,10:47:38,255.57,--,31,792267,买盘
1602,10:47:32,255.57,0.05,1,25557,卖盘
1603,10:47:29,255.52,--,13,332176,卖盘
1604,10:47:17,255.52,--,4,102208,卖盘
1605,10:47:14,255.52,--,15,383280,卖盘
1606,10:47:02,255.52,--,0,0,卖盘
1607,10:46:59,255.52,-0.02,20,511040,卖盘
1608,10:46:38,255.54,--,15,383310,中性盘
1609,10:46:32,255.54,--,0,0,卖盘
1610,10:46:29,255.54,--,7,178878,卖盘
1611,10:46:23,255.54,--,1,25554,卖盘
1612,10:46:17,255.54,--,5,127770,卖盘
1613,10:46:13,255.54,--,3,76662,中性盘
1614,10:46:08,255.54,--,11,281094,卖盘
1615,10:46:02,255.54,-0.06,3,76662,卖盘
1616,10:45:53,255.6,-0.12,4,102240,卖盘
1617,10:45:43,255.72,--,30,767160,买盘
1618,10:45:29,255.72,--,14,358008,买盘
1619,10:45:23,255.72,--,9,230148,卖盘
1620,10:45:17,255.72,--,2,51144,卖盘
1621,10:45:13,255.72,--,8,204576,卖盘
1622,10:45:08,255.72,-0.08,10,255720,中性盘
1623,10:45:02,255.8,--,8,204640,买盘
1624,10:44:58,255.8,--,0,0,买盘
1625,10:44:43,255.8,--,2,51160,买盘
1626,10:44:38,255.8,--,7,179060,卖盘
1627,10:44:32,255.8,--,4,102320,卖盘
1628,10:44:23,255.8,--,10,255800,卖盘
1629,10:44:13,255.8,--,54,1391552,买盘
1630,10:44:08,255.8,0.06,5,127900,买盘
1631,10:44:02,255.74,--,0,0,中性盘
1632,10:43:58,255.74,0.02,6,153444,卖盘
1633,10:43:53,255.72,0.01,8,204576,买盘
1634,10:43:47,255.71,--,25,639275,买盘
1635,10:43:43,255.71,0.17,10,255710,买盘
1636,10:43:38,255.54,-0.17,13,332202,卖盘
1637,10:43:32,255.71,-0.01,5,127855,中性盘
1638,10:43:28,255.72,0.19,52,1329744,买盘
1639,10:43:23,255.53,--,0,0,卖盘
1640,10:43:13,255.53,--,2,51106,卖盘
1641,10:43:08,255.53,0.03,9,229977,买盘
1642,10:42:58,255.5,--,2,51100,卖盘
1643,10:42:53,255.5,0.26,6,153300,买盘
1644,10:42:47,255.24,-0.06,8,204192,卖盘
1645,10:42:43,255.3,-0.21,38,970140,卖盘
1646,10:42:38,255.51,0.03,10,255510,买盘
1647,10:42:32,255.48,-0.02,1,25548,卖盘
1648,10:42:28,255.5,0.2,26,664300,买盘
1649,10:42:23,255.3,-0.2,62,1582860,卖盘
1650,10:42:17,255.5,--,1,25550,买盘
1651,10:42:13,255.5,--,56,1430800,卖盘
1652,10:42:08,255.5,--,1,25550,卖盘
1653,10:42:02,255.5,-0.19,22,562100,卖盘
1654,10:41:58,255.69,--,35,894915,买盘
1655,10:41:53,255.69,0.29,30,767070,买盘
1656,10:41:43,255.4,-0.1,40,1021600,买盘
1657,10:41:38,255.5,-0.17,34,868700,卖盘
1658,10:41:32,255.67,0.17,81,2070927,买盘
1659,10:41:28,255.5,--,17,434350,买盘
1660,10:41:23,255.5,--,31,792050,买盘
1661,10:41:17,255.5,-0.2,79,2018450,卖盘
1662,10:41:13,255.7,0.04,38,992116,中性盘
1663,10:41:08,255.66,-0.06,49,1252734,卖盘
1664,10:41:02,255.72,--,2,51144,买盘
1665,10:40:56,255.72,0.02,31,792732,买盘
1666,10:40:53,255.7,-0.02,44,1125080,卖盘
1667,10:40:47,255.72,-0.01,10,255720,买盘
1668,10:40:41,255.73,0.01,1,25573,买盘
1669,10:40:38,255.72,-0.01,25,639300,卖盘
1670,10:40:32,255.73,-0.02,11,281303,卖盘
1671,10:40:26,255.75,0.01,15,383625,买盘
1672,10:40:22,255.74,-0.05,5,127870,卖盘
1673,10:40:17,255.79,--,24,613896,买盘
1674,10:40:11,255.79,--,14,358106,买盘
1675,10:40:08,255.79,--,34,869686,买盘
1676,10:40:02,255.79,0.01,1,25579,中性盘
1677,10:39:56,255.78,--,7,179046,卖盘
1678,10:39:53,255.78,-0.02,38,971964,卖盘
1679,10:39:47,255.8,-0.01,24,613920,卖盘
1680,10:39:41,255.81,-0.05,12,306972,卖盘
1681,10:39:37,255.86,-0.01,14,358204,卖盘
1682,10:39:32,255.87,-0.01,19,486153,中性盘
1683,10:39:26,255.88,0.02,1,25588,买盘
1684,10:39:22,255.86,-0.02,10,255860,卖盘
1685,10:39:17,255.88,0.02,23,588524,买盘
1686,10:39:11,255.86,-0.02,3,76758,卖盘
1687,10:39:07,255.88,--,16,409408,卖盘
1688,10:39:02,255.88,-0.01,20,511760,卖盘
1689,10:38:56,255.89,--,4,102356,卖盘
1690,10:38:52,255.89,--,3,76767,卖盘
1691,10:38:47,255.89,-0.11,3,76767,卖盘
1692,10:38:37,256.0,0.03,15,384000,买盘
1693,10:38:32,255.97,--,30,767910,买盘
1694,10:38:22,255.97,0.09,30,767910,买盘
1695,10:38:17,255.88,0.02,7,179116,卖盘
1696,10:38:02,255.86,--,55,1426931,买盘
1697,10:37:56,255.86,0.01,1,25586,买盘
1698,10:37:52,255.85,-0.02,12,307020,卖盘
1699,10:37:47,255.87,-0.01,17,434979,卖盘
1700,10:37:37,255.88,-0.12,107,2737916,卖盘
1701,10:37:32,256.0,0.01,276,7065600,买盘
1702,10:37:22,255.99,0.02,17,435183,中性盘
1703,10:37:17,255.97,--,18,460746,卖盘
1704,10:37:07,255.97,--,6,153582,买盘
1705,10:37:02,255.97,--,0,0,买盘
1706,10:36:52,255.97,--,0,0,买盘
1707,10:36:47,255.97,--,1,25597,买盘
1708,10:36:32,255.97,--,3,76791,买盘
1709,10:36:17,255.97,--,0,0,买盘
1710,10:36:07,255.97,--,6,159469,买盘
1711,10:36:01,255.97,0.11,2,51194,买盘
1712,10:35:52,255.86,-0.02,10,255860,卖盘
1713,10:35:47,255.88,--,3,76764,买盘
1714,10:35:41,255.88,0.01,4,102352,买盘
1715,10:35:31,255.87,--,1,25587,卖盘
1716,10:35:22,255.87,--,6,153522,卖盘
1717,10:35:17,255.87,-0.01,3,76761,卖盘
1718,10:35:11,255.88,0.01,1,25588,卖盘
1719,10:35:07,255.87,--,4,102348,买盘
1720,10:35:02,255.87,--,10,255870,卖盘
1721,10:34:52,255.87,--,7,179109,卖盘
1722,10:34:47,255.87,--,2,51174,卖盘
1723,10:34:41,255.87,-0.13,1,25587,卖盘
1724,10:34:37,256.0,--,3,76800,买盘
1725,10:34:26,256.0,--,18,460800,买盘
1726,10:34:21,256.0,-0.2,81,2073600,卖盘
1727,10:34:02,256.2,0.01,7,179340,买盘
1728,10:33:55,256.19,0.01,1,25619,买盘
1729,10:33:51,256.18,--,2,51236,卖盘
1730,10:33:47,256.18,--,2,51236,卖盘
1731,10:33:40,256.18,--,0,0,中性盘
1732,10:33:37,256.18,--,6,153708,买盘
1733,10:33:31,256.18,--,1,25618,买盘
1734,10:33:22,256.18,--,1,25618,买盘
1735,10:33:11,256.18,--,1,25618,买盘
1736,10:33:07,256.18,0.08,1,25618,买盘
1737,10:33:01,256.1,--,1,25610,卖盘
1738,10:32:56,256.1,-0.09,2,51220,卖盘
1739,10:32:47,256.19,0.13,1,25619,买盘
1740,10:32:32,256.06,--,0,0,卖盘
1741,10:32:05,256.06,--,0,0,卖盘
1742,10:32:01,256.06,-0.13,2,51212,卖盘
1743,10:31:50,256.19,--,1,25619,买盘
1744,10:31:47,256.19,0.14,1,25619,买盘
1745,10:31:41,256.05,-0.15,2,51210,卖盘
1746,10:31:26,256.2,--,1,25620,买盘
1747,10:31:10,256.2,0.15,13,333060,买盘
1748,10:31:01,256.05,0.05,1,25605,卖盘
1749,10:30:56,256.0,--,0,0,卖盘
1750,10:30:41,256.0,--,1,25600,卖盘
1751,10:30:25,256.0,-0.19,9,230400,卖盘
1752,10:30:19,256.19,--,0,0,买盘
1753,10:30:16,256.19,0.18,1,25619,买盘
1754,10:30:11,256.01,0.01,0,12800,中性盘
1755,10:29:55,256.0,--,2,51200,买盘
1756,10:29:46,256.0,--,1,25600,买盘
1757,10:29:26,256.0,--,1,25600,买盘
1758,10:29:20,256.0,--,10,256000,买盘
1759,10:29:11,256.0,--,1,25600,买盘
1760,10:28:55,256.0,0.18,6,153600,买盘
1761,10:28:40,255.82,--,0,0,中性盘
1762,10:28:34,255.82,0.01,5,127910,买盘
1763,10:28:31,255.81,--,3,76743,买盘
1764,10:28:25,255.81,0.02,37,946497,买盘
1765,10:28:16,255.79,--,1,25579,卖盘
1766,10:28:10,255.79,0.04,12,306948,买盘
1767,10:28:01,255.75,--,6,153450,买盘
1768,10:27:56,255.75,--,7,179025,买盘
1769,10:27:50,255.75,--,1,25575,买盘
1770,10:27:46,255.75,0.02,4,102300,买盘
1771,10:27:41,255.73,--,3,76719,卖盘
1772,10:27:26,255.73,0.01,7,179011,买盘
1773,10:27:19,255.72,-0.01,2,51144,卖盘
1774,10:27:16,255.73,--,1,25573,买盘
1775,10:27:11,255.73,-0.04,4,102292,卖盘
1776,10:27:01,255.77,--,1,25577,买盘
1777,10:26:56,255.77,0.05,3,76731,卖盘
1778,10:26:45,255.72,--,0,0,卖盘
1779,10:26:41,255.72,-0.05,2,51144,卖盘
1780,10:26:31,255.77,--,2,51154,买盘
1781,10:26:26,255.77,--,3,76731,买盘
1782,10:26:20,255.77,-0.01,1,25577,买盘
1783,10:26:16,255.78,0.06,15,383670,买盘
1784,10:26:11,255.72,-0.06,3,76716,卖盘
1785,10:26:01,255.78,-0.01,24,633822,卖盘
1786,10:25:41,255.79,-0.01,15,383685,卖盘
1787,10:25:30,255.8,-0.01,18,460440,卖盘
1788,10:25:25,255.81,--,14,358134,卖盘
1789,10:25:19,255.81,--,0,0,卖盘
1790,10:25:10,255.81,--,24,613944,卖盘
1791,10:25:05,255.81,-0.19,2,53720,卖盘
1792,10:24:55,256.0,--,0,0,中性盘
1793,10:24:43,256.0,-0.02,1,25600,卖盘
1794,10:24:41,256.02,--,1,25602,买盘
1795,10:24:29,256.02,--,3,76806,卖盘
1796,10:24:25,256.02,--,3,76806,卖盘
1797,10:24:19,256.02,--,0,0,卖盘
1798,10:24:10,256.02,-0.21,30,768060,卖盘
1799,10:24:05,256.23,--,0,0,买盘
1800,10:23:59,256.23,0.21,1,25623,买盘
1801,10:23:55,256.02,--,0,0,卖盘
1802,10:23:49,256.02,--,3,76806,卖盘
1803,10:23:43,256.02,0.01,15,384030,卖盘
1804,10:23:34,256.01,0.21,10,256010,卖盘
1805,10:23:28,255.8,--,0,0,卖盘
1806,10:23:25,255.8,-0.01,6,153480,卖盘
1807,10:23:19,255.81,-0.2,101,2583681,卖盘
1808,10:23:14,256.01,-0.01,2,51202,卖盘
1809,10:23:10,256.02,-0.21,4,102408,卖盘
1810,10:23:05,256.23,-0.01,47,1204281,买盘
1811,10:22:40,256.24,--,0,0,买盘
1812,10:22:28,256.24,--,1,25624,买盘
1813,10:22:25,256.24,--,9,230616,卖盘
1814,10:22:19,256.24,--,17,435608,卖盘
1815,10:22:13,256.24,-0.01,1,25624,卖盘
1816,10:22:04,256.25,0.01,1,25625,中性盘
1817,10:21:59,256.24,--,1,25624,卖盘
1818,10:21:55,256.24,--,8,204992,卖盘
1819,10:21:49,256.24,--,7,179368,卖盘
1820,10:21:44,256.24,0.24,13,333112,买盘
1821,10:21:40,256.0,--,8,204800,卖盘
1822,10:21:34,256.0,-0.24,8,210688,卖盘
1823,10:21:19,256.24,-0.02,23,589352,卖盘
1824,10:21:14,256.26,--,0,0,买盘
1825,10:21:10,256.26,0.01,4,102504,买盘
1826,10:20:55,256.25,-0.01,5,128125,中性盘
1827,10:20:50,256.26,0.02,1,25626,买盘
1828,10:20:35,256.24,--,1,25624,卖盘
1829,10:20:25,256.24,0.27,3,76872,买盘
1830,10:20:19,255.97,-0.27,1,25597,卖盘
1831,10:20:13,256.24,0.27,2,51248,买盘
1832,10:20:10,255.97,0.02,2,51194,中性盘
1833,10:20:04,255.95,-0.31,11,281545,卖盘
1834,10:19:55,256.26,0.31,1,25626,中性盘
1835,10:19:49,255.95,--,8,204760,卖盘
1836,10:19:40,255.95,--,1,25595,卖盘
1837,10:19:34,255.95,--,2,51190,卖盘
1838,10:19:28,255.95,0.01,2,56820,买盘
1839,10:19:25,255.94,--,2,51188,买盘
1840,10:19:19,255.94,--,0,0,买盘
1841,10:19:13,255.94,--,2,51188,买盘
1842,10:19:09,255.94,--,7,179158,买盘
1843,10:19:04,255.94,--,3,76782,买盘
1844,10:18:58,255.94,--,1,25594,买盘
1845,10:18:54,255.94,0.23,4,102376,买盘
1846,10:18:49,255.71,--,0,0,卖盘
1847,10:18:39,255.71,0.04,1,31196,买盘
1848,10:18:34,255.67,--,11,286350,卖盘
1849,10:18:29,255.67,--,5,127835,买盘
1850,10:18:24,255.67,--,18,460206,买盘
1851,10:18:19,255.67,-0.01,45,1150515,卖盘
1852,10:18:13,255.68,0.02,2,51136,买盘
1853,10:18:09,255.66,-0.02,1,25566,卖盘
1854,10:18:04,255.68,-0.02,2,51136,买盘
1855,10:17:54,255.7,0.02,3,76710,买盘
1856,10:17:49,255.68,-0.02,11,281248,卖盘
1857,10:17:43,255.7,-0.01,4,102280,买盘
1858,10:17:39,255.71,-0.01,5,147800,卖盘
1859,10:17:34,255.72,-0.06,17,440349,卖盘
1860,10:17:29,255.78,--,5,127890,买盘
1861,10:17:22,255.78,--,1,25578,买盘
1862,10:17:19,255.78,-0.02,4,102312,卖盘
1863,10:17:13,255.8,-0.01,3,96692,卖盘
1864,10:17:07,255.81,0.01,1,25581,中性盘
1865,10:17:04,255.8,-0.01,6,153480,卖盘
1866,10:16:58,255.81,-0.13,11,287018,卖盘
1867,10:16:53,255.94,--,7,179158,卖盘
1868,10:16:49,255.94,-0.06,31,793414,卖盘
1869,10:16:44,256.0,--,17,435200,买盘
1870,10:16:37,256.0,--,0,0,买盘
1871,10:16:34,256.0,--,33,844800,卖盘
1872,10:16:29,256.0,-0.1,77,1971200,卖盘
1873,10:16:22,256.1,--,4,102440,卖盘
1874,10:16:19,256.1,--,0,0,卖盘
1875,10:16:13,256.1,-0.16,13,332930,卖盘
1876,10:16:08,256.26,0.01,5,128130,中性盘
1877,10:16:04,256.25,-0.07,10,256250,卖盘
1878,10:15:59,256.32,-0.08,6,153792,卖盘
1879,10:15:52,256.4,0.04,1,25639,买盘
1880,10:15:49,256.36,-0.04,4,102544,卖盘
1881,10:15:43,256.4,-0.05,4,102559,卖盘
1882,10:15:38,256.45,--,0,0,买盘
1883,10:15:34,256.45,0.04,4,102580,中性盘
1884,10:15:29,256.41,-0.08,5,128205,卖盘
1885,10:15:22,256.49,--,2,51298,买盘
1886,10:15:19,256.49,-0.01,11,282139,卖盘
1887,10:15:13,256.5,--,1,25650,买盘
1888,10:15:07,256.5,-0.07,25,641250,卖盘
1889,10:15:04,256.57,--,3,76971,中性盘
1890,10:14:58,256.57,-0.03,1,25657,卖盘
1891,10:14:52,256.6,--,0,0,买盘
1892,10:14:49,256.6,-0.09,8,205280,卖盘
1893,10:14:43,256.69,--,5,128345,买盘
1894,10:14:38,256.69,-0.01,1,25669,卖盘
1895,10:14:34,256.7,--,1,25670,买盘
1896,10:14:28,256.7,--,2,51340,卖盘
1897,10:14:23,256.7,-0.01,6,154020,卖盘
1898,10:14:19,256.71,-0.01,16,410735,卖盘
1899,10:14:13,256.72,--,61,1565992,卖盘
1900,10:14:07,256.72,--,5,128360,卖盘
1901,10:14:04,256.72,--,1,25672,卖盘
1902,10:13:58,256.72,-0.12,8,205376,卖盘
1903,10:13:53,256.84,-0.01,7,179787,买盘
1904,10:13:49,256.85,--,0,0,中性盘
1905,10:13:34,256.85,-0.02,2,51370,卖盘
1906,10:13:29,256.87,0.02,2,51374,买盘
1907,10:13:18,256.85,-0.03,1,25685,卖盘
1908,10:13:13,256.88,--,1,25688,买盘
1909,10:13:04,256.88,--,1,25688,买盘
1910,10:12:58,256.88,0.03,39,1001832,买盘
1911,10:12:52,256.85,--,1,25685,卖盘
1912,10:12:34,256.85,-0.05,2,51370,卖盘
1913,10:12:28,256.9,--,10,256899,卖盘
1914,10:12:22,256.9,0.05,1,25689,中性盘
1915,10:12:19,256.85,-0.07,12,308220,卖盘
1916,10:12:14,256.92,0.02,1,25692,买盘
1917,10:12:07,256.9,--,1,25689,卖盘
1918,10:11:59,256.9,--,4,102759,卖盘
1919,10:11:49,256.9,--,0,0,中性盘
1920,10:11:44,256.9,--,40,1027599,卖盘
1921,10:11:37,256.9,--,0,0,卖盘
1922,10:11:29,256.9,--,5,128449,卖盘
1923,10:11:23,256.9,--,0,0,卖盘
1924,10:11:18,256.9,--,2,51379,卖盘
1925,10:11:13,256.9,-0.08,6,154140,卖盘
1926,10:10:58,256.98,0.08,3,77094,买盘
1927,10:10:53,256.9,--,0,0,卖盘
1928,10:10:48,256.9,--,2,51379,卖盘
1929,10:10:43,256.9,--,2,51379,卖盘
1930,10:10:38,256.9,-0.09,3,77070,卖盘
1931,10:10:33,256.99,0.09,1,25699,买盘
1932,10:10:28,256.9,-0.1,1,25689,中性盘
1933,10:10:22,257.0,0.14,14,359800,买盘
1934,10:10:18,256.86,-0.02,4,102744,卖盘
1935,10:10:13,256.88,-0.12,2,51376,中性盘
1936,10:10:08,257.0,--,0,0,买盘
1937,10:10:02,257.0,0.15,10,257000,买盘
1938,10:09:58,256.85,-0.15,8,205480,卖盘
1939,10:09:28,257.0,-0.01,3,77100,卖盘
1940,10:09:07,257.01,--,1,25701,买盘
1941,10:08:31,257.01,--,1,25701,买盘
1942,10:08:16,257.01,0.16,1,25701,买盘
1943,10:08:13,256.85,-0.16,1,25685,卖盘
1944,10:08:07,257.01,--,2,51402,买盘
1945,10:07:52,257.01,-0.33,1,25701,买盘
1946,10:07:46,257.34,--,0,0,买盘
1947,10:07:43,257.34,0.5,1,25733,买盘
1948,10:07:37,256.84,-0.17,1,25683,卖盘
1949,10:07:17,257.01,--,0,0,中性盘
1950,10:06:58,257.01,--,0,0,中性盘
1951,10:06:52,257.01,0.17,1,25701,买盘
1952,10:06:43,256.84,--,1,25683,卖盘
1953,10:06:38,256.84,--,2,51367,卖盘
1954,10:06:22,256.84,-0.54,6,154103,卖盘
1955,10:06:13,257.38,0.59,2,51476,买盘
1956,10:05:57,256.79,--,0,0,卖盘
1957,10:05:38,256.79,0.01,12,308148,中性盘
1958,10:05:31,256.78,--,0,0,卖盘
1959,10:05:27,256.78,-0.06,4,102711,卖盘
1960,10:05:22,256.84,0.05,13,333891,买盘
1961,10:05:07,256.79,-0.01,3,77037,中性盘
1962,10:04:57,256.8,-0.1,7,179760,卖盘
1963,10:04:52,256.9,0.05,10,256899,买盘
1964,10:04:46,256.85,--,1,25685,买盘
1965,10:04:42,256.85,-0.05,15,385275,卖盘
1966,10:04:31,256.9,--,0,0,买盘
1967,10:04:27,256.9,--,2,51379,买盘
1968,10:04:12,256.9,0.05,1,25689,买盘
1969,10:04:01,256.85,-0.53,1,25685,卖盘
1970,10:03:57,257.38,--,0,0,中性盘
1971,10:03:52,257.38,--,0,0,中性盘
1972,10:03:46,257.38,0.6,2,51476,买盘
1973,10:03:42,256.78,-0.12,8,205423,卖盘
1974,10:03:37,256.9,--,0,0,中性盘
1975,10:03:27,256.9,--,0,0,中性盘
1976,10:03:22,256.9,--,1,25689,买盘
1977,10:03:12,256.9,--,0,0,买盘
1978,10:03:07,256.9,--,7,179829,买盘
1979,10:02:52,256.9,--,6,154140,买盘
1980,10:02:46,256.9,-0.02,3,77070,卖盘
1981,10:02:42,256.92,0.02,16,411072,买盘
1982,10:02:37,256.9,--,6,154140,买盘
1983,10:02:31,256.9,0.1,1,25689,买盘
1984,10:02:22,256.8,-0.1,1,25680,卖盘
1985,10:02:16,256.9,--,13,333969,买盘
1986,10:02:07,256.9,0.14,1,25689,买盘
1987,10:02:01,256.76,0.01,10,256760,卖盘
1988,10:01:56,256.75,--,0,0,卖盘
1989,10:01:52,256.75,-0.16,5,128375,卖盘
1990,10:01:46,256.91,0.16,16,411056,买盘
1991,10:01:25,256.75,0.04,2,51350,买盘
1992,10:01:22,256.71,-0.2,50,1283550,卖盘
1993,10:01:17,256.91,--,0,0,买盘
1994,10:01:11,256.91,0.19,1,25691,买盘
1995,10:01:07,256.72,-0.03,5,128360,卖盘
1996,10:01:01,256.75,0.02,1,25675,买盘
1997,10:00:52,256.73,0.01,1,25673,买盘
1998,10:00:46,256.72,-0.01,3,77016,卖盘
1999,10:00:40,256.73,-0.02,2,51346,卖盘
2000,10:00:37,256.75,-0.17,4,102700,卖盘
2001,10:00:31,256.92,0.21,1,25692,买盘
2002,10:00:25,256.71,--,0,0,卖盘
2003,10:00:22,256.71,--,4,102683,卖盘
2004,10:00:16,256.71,-0.03,12,308052,卖盘
2005,10:00:11,256.74,-0.02,12,308088,卖盘
2006,10:00:07,256.76,--,32,821632,买盘
2007,10:00:02,256.76,0.04,6,154056,买盘
2008,09:59:55,256.72,-0.04,15,385080,卖盘
2009,09:59:52,256.76,0.03,6,154056,买盘
2010,09:59:47,256.73,0.01,6,154038,中性盘
2011,09:59:41,256.72,-0.04,3,77016,卖盘
2012,09:59:36,256.76,0.05,1,25676,买盘
2013,09:59:31,256.71,-0.88,5,128354,卖盘
2014,09:59:25,257.59,0.87,7,180312,买盘
2015,09:59:22,256.72,--,9,231048,中性盘
2016,09:59:17,256.72,-0.2,34,872848,卖盘
2017,09:59:11,256.92,--,11,282612,卖盘
2018,09:59:02,256.92,-0.2,4,102768,卖盘
2019,09:58:56,257.12,--,0,0,中性盘
2020,09:58:51,257.12,-0.58,14,359968,中性盘
2021,09:58:46,257.7,0.98,39,1005030,买盘
2022,09:58:40,256.72,--,0,0,卖盘
2023,09:58:36,256.72,-0.39,3,77016,卖盘
2024,09:58:31,257.11,0.4,18,462798,买盘
2025,09:58:26,256.71,--,0,0,中性盘
2026,09:58:21,256.71,-0.06,4,102683,卖盘
2027,09:58:16,256.77,-0.24,12,308124,卖盘
2028,09:58:06,257.01,-0.47,26,668226,卖盘
2029,09:58:01,257.48,0.37,16,411968,买盘
2030,09:57:51,257.11,0.01,15,385665,卖盘
2031,09:57:46,257.1,0.1,1,25710,买盘
2032,09:57:36,257.0,--,31,796700,买盘
2033,09:57:31,257.0,-0.48,113,2904100,卖盘
2034,09:57:26,257.48,0.38,10,257480,买盘
2035,09:57:21,257.1,-0.21,14,359940,卖盘
2036,09:57:16,257.31,-0.01,1,25731,卖盘
2037,09:57:06,257.32,0.01,1,25732,买盘
2038,09:57:01,257.31,-0.01,8,205848,卖盘
2039,09:56:55,257.32,--,0,8748,卖盘
2040,09:56:51,257.32,--,17,437444,卖盘
2041,09:56:46,257.32,--,0,0,卖盘
2042,09:56:36,257.32,--,4,119911,卖盘
2043,09:56:31,257.32,0.01,7,180124,买盘
2044,09:56:26,257.31,-0.18,8,205848,卖盘
2045,09:56:21,257.49,--,17,437733,卖盘
2046,09:56:16,257.49,0.37,19,489231,买盘
2047,09:56:11,257.12,--,25,642800,卖盘
2048,09:56:06,257.12,-0.2,8,205696,卖盘
2049,09:56:01,257.32,--,3,77196,卖盘
2050,09:55:55,257.32,--,1,25732,卖盘
2051,09:55:51,257.32,-0.17,4,102928,卖盘
2052,09:55:46,257.49,0.17,3,77247,买盘
2053,09:55:36,257.32,0.2,4,102928,卖盘
2054,09:55:31,257.12,--,5,128560,卖盘
2055,09:55:25,257.12,0.01,18,462816,买盘
2056,09:55:19,257.11,--,9,231399,买盘
2057,09:55:16,257.11,--,3,77133,买盘
2058,09:55:10,257.11,-0.01,1,25711,买盘
2059,09:55:01,257.12,0.1,2,51424,买盘
2060,09:54:56,257.02,-0.01,2,51404,卖盘
2061,09:54:46,257.03,--,2,51405,买盘
2062,09:54:40,257.03,-0.09,3,77108,卖盘
2063,09:54:30,257.12,--,12,308544,买盘
2064,09:54:25,257.12,-0.14,28,719936,卖盘
2065,09:54:16,257.26,--,0,0,买盘
2066,09:54:10,257.26,0.06,2,51452,买盘
2067,09:54:04,257.2,--,5,128600,买盘
2068,09:54:00,257.2,--,2,51440,买盘
2069,09:53:55,257.2,-0.04,18,462960,卖盘
2070,09:53:50,257.24,--,2,51448,中性盘
2071,09:53:45,257.24,--,0,0,买盘
2072,09:53:35,257.24,--,0,0,中性盘
2073,09:53:30,257.24,--,1,25724,中性盘
2074,09:53:25,257.24,0.04,5,128620,卖盘
2075,09:53:20,257.2,--,0,0,卖盘
2076,09:53:15,257.2,-0.05,10,257200,卖盘
2077,09:53:11,257.25,--,2,51450,买盘
2078,09:53:05,257.25,--,0,0,买盘
2079,09:53:00,257.25,0.04,7,180075,买盘
2080,09:52:56,257.21,-0.01,9,231488,卖盘
2081,09:52:49,257.22,--,1,25722,卖盘
2082,09:52:45,257.22,-0.03,2,51444,卖盘
2083,09:52:40,257.25,0.04,2,59167,买盘
2084,09:52:34,257.21,-0.04,4,102883,卖盘
2085,09:52:30,257.25,-0.01,4,102900,卖盘
2086,09:52:25,257.26,0.01,4,102904,买盘
2087,09:52:19,257.25,0.03,1,25725,中性盘
2088,09:52:15,257.22,-0.03,6,154332,卖盘
2089,09:52:11,257.25,0.03,4,102900,买盘
2090,09:52:04,257.22,--,0,0,卖盘
2091,09:52:00,257.22,-0.02,6,154332,中性盘
2092,09:51:55,257.24,0.02,5,128620,买盘
2093,09:51:50,257.22,--,0,0,买盘
2094,09:51:45,257.22,0.01,11,282942,买盘
2095,09:51:40,257.21,--,3,77163,买盘
2096,09:51:34,257.21,--,0,0,买盘
2097,09:51:30,257.21,--,1,25720,买盘
2098,09:51:25,257.21,0.08,1,25720,买盘
2099,09:51:20,257.13,0.01,1,25713,卖盘
2100,09:51:15,257.12,-0.09,3,77136,卖盘
2101,09:51:10,257.21,0.09,2,51441,买盘
2102,09:51:04,257.12,--,0,0,卖盘
2103,09:51:00,257.12,-0.1,5,128560,卖盘
2104,09:50:55,257.22,0.1,1,25722,买盘
2105,09:50:49,257.12,--,0,0,卖盘
2106,09:50:45,257.12,--,11,282832,卖盘
2107,09:50:40,257.12,-0.14,20,514240,卖盘
2108,09:50:35,257.26,--,0,0,买盘
2109,09:50:30,257.26,0.05,1,25726,买盘
2110,09:50:25,257.21,0.09,2,51441,买盘
2111,09:50:19,257.12,-0.08,10,257120,中性盘
2112,09:50:15,257.2,-0.01,31,797320,买盘
2113,09:50:10,257.21,0.02,4,102883,买盘
2114,09:50:04,257.19,-0.01,5,128595,买盘
2115,09:50:00,257.2,--,1,25720,买盘
2116,09:49:55,257.2,0.17,2,51440,买盘
2117,09:49:50,257.03,-0.17,5,128514,卖盘
2118,09:49:45,257.2,0.2,2,51440,卖盘
2119,09:49:40,257.0,--,3,77100,卖盘
2120,09:49:34,257.0,-0.1,19,488300,卖盘
2121,09:49:30,257.1,--,0,0,中性盘
2122,09:49:25,257.1,--,6,154260,卖盘
2123,09:49:15,257.1,--,4,102840,卖盘
2124,09:49:10,257.1,--,4,102840,买盘
2125,09:48:55,257.1,--,1,25710,卖盘
2126,09:48:49,257.1,-0.08,3,77130,卖盘
2127,09:48:45,257.18,--,1,25718,卖盘
2128,09:48:40,257.18,-0.05,1,25718,卖盘
2129,09:48:35,257.23,--,1,25723,买盘
2130,09:48:30,257.23,-0.03,14,360122,卖盘
2131,09:48:25,257.26,--,7,180082,卖盘
2132,09:48:19,257.26,-0.05,27,694602,卖盘
2133,09:48:14,257.31,--,10,257310,卖盘
2134,09:48:10,257.31,-0.19,9,231579,卖盘
2135,09:47:58,257.5,--,3,77250,卖盘
2136,09:47:55,257.5,0.24,4,103000,买盘
2137,09:47:49,257.26,--,6,154356,卖盘
2138,09:47:40,257.26,-0.14,16,411616,卖盘
2139,09:47:35,257.4,--,5,128699,卖盘
2140,09:47:28,257.4,--,5,128699,卖盘
2141,09:47:25,257.4,-0.11,16,411839,卖盘
2142,09:47:19,257.51,--,6,154506,卖盘
2143,09:47:13,257.51,--,2,51502,卖盘
2144,09:47:09,257.51,0.01,3,77253,卖盘
2145,09:46:58,257.5,--,0,0,卖盘
2146,09:46:54,257.5,-0.01,1,25750,买盘
2147,09:46:50,257.51,--,1,25751,中性盘
2148,09:46:39,257.51,--,7,180257,买盘
2149,09:46:35,257.51,0.01,60,1545060,买盘
2150,09:46:24,257.5,-0.01,13,334750,卖盘
2151,09:46:19,257.51,--,20,515020,买盘
2152,09:46:13,257.51,--,1,25751,买盘
2153,09:46:09,257.51,-0.06,14,360514,卖盘
2154,09:46:05,257.57,-0.03,7,180299,卖盘
2155,09:45:58,257.6,0.01,12,309120,卖盘
2156,09:45:54,257.59,--,0,0,卖盘
2157,09:45:49,257.59,0.02,11,283349,买盘
2158,09:45:39,257.57,-0.01,8,206056,卖盘
2159,09:45:34,257.58,-0.01,7,180306,卖盘
2160,09:45:28,257.59,-0.01,1,25758,买盘
2161,09:45:24,257.6,--,8,206080,买盘
2162,09:45:19,257.6,--,1,25760,买盘
2163,09:45:13,257.6,--,1,25760,买盘
2164,09:45:09,257.6,--,1,25760,买盘
2165,09:45:04,257.6,-0.4,3,77280,卖盘
2166,09:44:59,258.0,--,3,77400,卖盘
2167,09:44:54,258.0,--,30,774000,卖盘
2168,09:44:49,258.0,--,53,1367400,卖盘
2169,09:44:39,258.0,--,3,77400,卖盘
2170,09:44:34,258.0,--,9,232200,卖盘
2171,09:44:29,258.0,--,10,258000,卖盘
2172,09:44:24,258.0,--,1,25800,卖盘
2173,09:44:19,258.0,0.32,12,309600,买盘
2174,09:44:13,257.68,-0.32,2,51536,卖盘
2175,09:44:09,258.0,0.32,1,25800,卖盘
2176,09:44:04,257.68,--,12,309216,卖盘
2177,09:43:59,257.68,-0.32,9,231912,卖盘
2178,09:43:54,258.0,--,7,180600,买盘
2179,09:43:48,258.0,--,13,335400,卖盘
2180,09:43:44,258.0,-0.01,3,77400,卖盘
2181,09:43:39,258.01,0.01,1,25801,买盘
2182,09:43:34,258.0,--,4,103200,卖盘
2183,09:43:28,258.0,--,0,0,卖盘
2184,09:43:24,258.0,--,5,129000,卖盘
2185,09:43:18,258.0,--,4,103200,卖盘
2186,09:43:14,258.0,-0.01,4,103200,卖盘
2187,09:43:09,258.01,-0.17,1,25801,卖盘
2188,09:43:04,258.18,0.68,4,103272,买盘
2189,09:42:59,257.5,--,0,0,卖盘
2190,09:42:54,257.5,--,0,0,卖盘
2191,09:42:49,257.5,-0.48,7,180250,卖盘
2192,09:42:44,257.98,-0.2,1,25798,买盘
2193,09:42:39,258.18,--,0,0,买盘
2194,09:42:34,258.18,--,1,25818,买盘
2195,09:42:28,258.18,--,6,154908,卖盘
2196,09:42:24,258.18,0.17,5,129090,买盘
2197,09:42:19,258.01,0.24,11,283811,买盘
2198,09:42:13,257.77,--,0,0,买盘
2199,09:42:08,257.77,-0.33,2,51554,卖盘
2200,09:42:04,258.1,0.1,13,335530,买盘
2201,09:41:54,258.0,--,6,154800,卖盘
2202,09:41:49,258.0,--,5,129000,卖盘
2203,09:41:44,258.0,--,10,258000,卖盘
2204,09:41:39,258.0,-0.18,14,361200,卖盘
2205,09:41:34,258.18,-0.02,2,51636,买盘
2206,09:41:28,258.2,0.19,2,51640,买盘
2207,09:41:24,258.01,0.01,1,25801,卖盘
2208,09:41:19,258.0,-0.25,8,206400,卖盘
2209,09:41:14,258.25,0.25,53,1368725,买盘
2210,09:41:09,258.0,-0.01,3,77400,卖盘
2211,09:41:04,258.01,-0.14,17,438617,卖盘
2212,09:40:59,258.15,-0.1,5,129074,卖盘
2213,09:40:54,258.25,--,3,77475,卖盘
2214,09:40:48,258.25,--,7,180775,卖盘
2215,09:40:44,258.25,--,30,787662,买盘
2216,09:40:38,258.25,--,200,5165000,买盘
2217,09:40:34,258.25,-0.27,38,981350,卖盘
2218,09:40:28,258.52,0.02,3,77556,买盘
2219,09:40:22,258.5,0.4,31,801350,买盘
2220,09:40:19,258.1,-0.39,4,103240,卖盘
2221,09:40:13,258.49,0.16,40,1033960,买盘
2222,09:40:08,258.33,-0.17,20,516659,卖盘
2223,09:40:03,258.5,0.17,7,180950,买盘
2224,09:39:58,258.33,--,2,51666,买盘
2225,09:39:53,258.33,0.03,7,180831,买盘
2226,09:39:48,258.3,--,20,516600,买盘
2227,09:39:43,258.3,0.01,21,542430,中性盘
2228,09:39:38,258.29,--,26,671554,卖盘
2229,09:39:33,258.29,--,10,258290,卖盘
2230,09:39:28,258.29,--,14,361606,买盘
2231,09:39:23,258.29,--,5,129145,买盘
2232,09:39:18,258.29,0.06,100,2582900,中性盘
2233,09:39:13,258.23,-0.06,46,1187858,卖盘
2234,09:39:08,258.29,0.05,2,51658,买盘
2235,09:39:03,258.24,0.01,1,25824,中性盘
2236,09:38:58,258.23,--,5,129115,卖盘
2237,09:38:48,258.23,-0.08,4,103292,中性盘
2238,09:38:43,258.31,0.01,13,335803,卖盘
2239,09:38:38,258.3,-0.01,1,25830,买盘
2240,09:38:33,258.31,0.01,18,464958,买盘
2241,09:38:28,258.3,--,9,232470,卖盘
2242,09:38:22,258.3,--,4,103320,卖盘
2243,09:38:18,258.3,--,98,2531340,卖盘
2244,09:38:13,258.3,--,4,103320,卖盘
2245,09:38:07,258.3,0.04,10,258300,卖盘
2246,09:38:03,258.26,0.26,67,1730342,买盘
2247,09:37:58,258.0,--,5,129000,卖盘
2248,09:37:52,258.0,-0.1,26,670800,卖盘
2249,09:37:48,258.1,0.1,16,412960,买盘
2250,09:37:42,258.0,--,20,534318,卖盘
2251,09:37:38,258.0,--,25,645000,卖盘
2252,09:37:33,258.0,-0.2,7,180600,卖盘
2253,09:37:28,258.2,0.2,18,464760,买盘
2254,09:37:18,258.0,--,5,129000,卖盘
2255,09:37:13,258.0,--,4,103200,卖盘
2256,09:37:07,258.0,--,17,438600,卖盘
2257,09:37:03,258.0,0.13,91,2355024,买盘
2258,09:36:58,257.87,0.01,1,25787,买盘
2259,09:36:53,257.86,0.6,3,77358,卖盘
2260,09:36:48,257.26,-0.61,15,385890,卖盘
2261,09:36:43,257.87,0.66,13,335231,买盘
2262,09:36:37,257.21,--,0,0,卖盘
2263,09:36:33,257.21,--,0,0,卖盘
2264,09:36:28,257.21,--,0,0,卖盘
2265,09:36:18,257.21,--,0,0,卖盘
2266,09:36:13,257.21,0.01,1,25720,卖盘
2267,09:36:07,257.2,-0.67,7,180040,卖盘
2268,09:36:03,257.87,0.67,2,51574,买盘
2269,09:35:58,257.2,0.2,7,180040,买盘
2270,09:35:48,257.0,--,1,25700,卖盘
2271,09:35:43,257.0,0.25,3,93291,买盘
2272,09:35:37,256.75,0.06,5,128375,卖盘
2273,09:35:33,256.69,--,0,0,卖盘
2274,09:35:22,256.69,--,1,25669,卖盘
2275,09:35:18,256.69,--,3,77007,中性盘
2276,09:35:13,256.69,--,3,77007,卖盘
2277,09:35:07,256.69,--,3,77007,卖盘
2278,09:35:03,256.69,0.09,4,102676,中性盘
2279,09:34:58,256.6,-0.2,5,128300,卖盘
2280,09:34:48,256.8,--,24,616320,卖盘
2281,09:34:43,256.8,-0.08,2,51360,卖盘
2282,09:34:33,256.88,-0.14,12,308256,卖盘
2283,09:34:27,257.02,0.03,4,102808,买盘
2284,09:34:22,256.99,0.1,3,77097,买盘
2285,09:34:18,256.89,-0.13,20,513780,卖盘
2286,09:34:13,257.02,--,2,51404,买盘
2287,09:34:07,257.02,--,11,282722,卖盘
2288,09:34:03,257.02,-0.06,17,436933,卖盘
2289,09:33:58,257.08,0.01,7,179956,中性盘
2290,09:33:48,257.07,--,8,205656,卖盘
2291,09:33:43,257.07,-0.01,1,25707,卖盘
2292,09:33:38,257.08,-0.02,5,128539,卖盘
2293,09:33:33,257.1,-0.1,1,25710,买盘
2294,09:33:28,257.2,0.1,4,102880,买盘
2295,09:33:23,257.1,--,1,25710,卖盘
2296,09:33:18,257.1,-0.07,2,51420,卖盘
2297,09:33:12,257.17,--,1,25717,卖盘
2298,09:33:07,257.17,0.1,3,77151,中性盘
2299,09:33:01,257.07,-0.1,3,77121,卖盘
2300,09:32:57,257.17,--,12,308604,买盘
2301,09:32:52,257.17,0.1,1,25717,买盘
2302,09:32:42,257.07,-0.1,5,128535,卖盘
2303,09:32:37,257.17,-0.03,2,51434,买盘
2304,09:32:31,257.2,--,16,411520,卖盘
2305,09:32:27,257.2,0.02,1,25720,卖盘
2306,09:32:21,257.18,-0.13,9,231462,买盘
2307,09:32:17,257.31,0.24,40,1029240,买盘
2308,09:32:12,257.07,-0.11,2,51414,卖盘
2309,09:32:07,257.18,0.01,9,231462,买盘
2310,09:32:01,257.17,-0.01,1,25717,买盘
2311,09:31:57,257.18,--,0,0,买盘
2312,09:31:51,257.18,--,22,565796,买盘
2313,09:31:46,257.18,0.11,20,514360,买盘
2314,09:31:37,257.07,--,0,0,卖盘
2315,09:31:32,257.07,-0.11,1,25707,卖盘
2316,09:31:27,257.18,-0.02,2,51436,卖盘
2317,09:31:22,257.2,0.02,13,334360,买盘
2318,09:31:16,257.18,--,1,25718,卖盘
2319,09:31:12,257.18,--,13,334334,卖盘
2320,09:31:06,257.18,-0.02,6,154308,卖盘
2321,09:30:57,257.2,-0.1,26,668720,卖盘
2322,09:30:46,257.3,0.02,1,25730,买盘
2323,09:30:36,257.28,0.06,3,77183,卖盘
2324,09:30:27,257.22,-0.09,2,51444,卖盘
2325,09:30:21,257.31,0.09,9,231579,买盘
2326,09:30:17,257.22,-0.06,4,102888,卖盘
2327,09:30:12,257.28,-0.03,19,511729,中性盘
2328,09:30:07,257.31,--,107,2777404,卖盘
2329,09:28:52,257.31,--,0,0,卖盘
2330,09:25:05,257.31,257.31,20,518994,买盘
