,time,price,change,volume,amount,type
0,15:00:00,10.1,--,0,0,买盘
1,15:00:00,10.1,--,0,0,买盘
2,15:00:00,10.1,--,40,40400,买盘
3,14:59:58,10.1,--,79,79790,买盘
4,14:59:53,10.1,-0.01,120,121200,卖盘
5,14:59:48,10.11,--,98,99330,卖盘
6,14:59:43,10.11,0.01,372,376850,买盘
7,14:59:38,10.1,--,68,68680,买盘
8,14:59:32,10.1,-0.01,1910,1929352,卖盘
9,14:59:28,10.11,-0.01,125,126375,卖盘
10,14:59:23,10.12,0.01,619,627187,买盘
11,14:59:17,10.11,--,50,50550,买盘
12,14:59:12,10.11,0.01,170,171870,买盘
13,14:59:08,10.1,-0.01,385,388850,卖盘
14,14:59:02,10.11,--,5,5055,买盘
15,14:58:57,10.11,--,36,36396,买盘
16,14:58:53,10.11,--,647,654824,卖盘
17,14:58:47,10.11,-0.01,85,85935,卖盘
18,14:58:42,10.12,--,60,60719,买盘
19,14:58:38,10.12,--,41,41492,买盘
20,14:58:32,10.12,--,25,25299,买盘
21,14:58:27,10.12,--,255,258059,买盘
22,14:58:23,10.12,--,83,83996,买盘
23,14:58:17,10.12,--,80,80960,买盘
24,14:58:12,10.12,--,93,94116,卖盘
25,14:58:08,10.12,-0.01,26,26311,中性盘
26,14:58:02,10.13,0.01,607,614891,买盘
27,14:57:57,10.12,--,515,521625,卖盘
28,14:57:53,10.12,-0.01,757,766245,卖盘
29,14:57:47,10.13,0.01,217,219821,买盘
30,14:57:42,10.12,-0.01,221,223651,卖盘
31,14:57:38,10.13,--,250,253250,买盘
32,14:57:31,10.13,0.01,76,76988,买盘
33,14:57:27,10.12,-0.01,210,213177,卖盘
34,14:57:23,10.13,--,42,42546,买盘
35,14:57:12,10.13,--,105,106365,买盘
36,14:57:08,10.13,--,89,90157,卖盘
37,14:57:02,10.13,--,20,20260,卖盘
38,14:56:57,10.13,-0.01,51,51663,卖盘
39,14:56:53,10.14,0.01,106,107484,买盘
40,14:56:47,10.13,--,149,150937,买盘
41,14:56:42,10.13,--,216,218808,卖盘
42,14:56:37,10.13,--,140,141820,卖盘
43,14:56:32,10.13,--,9,9117,卖盘
44,14:56:27,10.13,--,27,27351,卖盘
45,14:56:22,10.13,--,26,26338,卖盘
46,14:56:17,10.13,--,43,43559,买盘
47,14:56:12,10.13,--,296,299848,卖盘
48,14:56:07,10.13,-0.01,13,13169,卖盘
49,14:56:02,10.14,0.01,338,342732,买盘
50,14:55:57,10.13,-0.01,92,93196,卖盘
51,14:55:52,10.14,--,79,80106,买盘
52,14:55:47,10.14,--,1066,1080924,买盘
53,14:55:42,10.14,--,25,25350,买盘
54,14:55:37,10.14,0.01,23,23322,中性盘
55,14:55:32,10.13,--,79,80027,卖盘
56,14:55:27,10.13,-0.01,67,68225,卖盘
57,14:55:22,10.14,--,50,50700,卖盘
58,14:55:17,10.14,-0.01,30,30420,卖盘
59,14:55:12,10.15,0.01,95,96425,买盘
60,14:55:07,10.14,--,93,94302,卖盘
61,14:55:02,10.14,--,10,10140,卖盘
62,14:54:57,10.14,0.01,37,38177,买盘
63,14:54:52,10.13,--,74,74962,卖盘
64,14:54:47,10.13,-0.01,184,186392,卖盘
65,14:54:42,10.14,0.01,71,71994,买盘
66,14:54:37,10.13,-0.01,142,143846,卖盘
67,14:54:32,10.14,0.01,64,64896,买盘
68,14:54:27,10.13,-0.01,322,326186,卖盘
69,14:54:22,10.14,--,28,28392,买盘
70,14:54:17,10.14,--,40,40560,买盘
71,14:54:12,10.14,--,140,141960,买盘
72,14:54:07,10.14,0.01,272,275808,买盘
73,14:54:02,10.13,-0.01,31,31403,卖盘
74,14:53:57,10.14,--,36,36504,买盘
75,14:53:52,10.14,0.01,779,789906,买盘
76,14:53:47,10.13,-0.01,36,36468,卖盘
77,14:53:42,10.14,--,17,17238,买盘
78,14:53:37,10.14,--,150,152100,买盘
79,14:53:27,10.14,0.01,11,11154,买盘
80,14:53:22,10.13,-0.01,99,100287,卖盘
81,14:53:17,10.14,--,6,6084,买盘
82,14:53:12,10.14,--,8,8112,买盘
83,14:53:07,10.14,0.01,12,12168,买盘
84,14:52:57,10.13,-0.01,127,128651,卖盘
85,14:52:52,10.14,0.01,5,5070,买盘
86,14:52:47,10.13,--,159,161067,买盘
87,14:52:42,10.13,--,152,153976,买盘
88,14:52:37,10.13,--,115,116495,买盘
89,14:52:32,10.13,--,55,55715,买盘
90,14:52:27,10.13,--,16,16208,买盘
91,14:52:22,10.13,--,402,407226,买盘
92,14:52:17,10.13,--,76,76988,买盘
93,14:52:12,10.13,--,103,104339,买盘
94,14:52:07,10.13,0.01,347,351511,买盘
95,14:52:02,10.12,-0.01,8,8095,卖盘
96,14:51:57,10.13,--,119,120547,买盘
97,14:51:52,10.13,--,31,31403,买盘
98,14:51:47,10.13,--,11,11143,买盘
99,14:51:42,10.13,--,282,286425,买盘
100,14:51:37,10.13,0.01,72,72936,买盘
101,14:51:31,10.12,-0.01,11,11132,卖盘
102,14:51:26,10.13,0.01,120,121560,买盘
103,14:51:21,10.12,--,116,117695,买盘
104,14:51:17,10.12,--,55,55659,买盘
105,14:51:11,10.12,--,20,20240,买盘
106,14:51:06,10.12,-0.01,871,881451,卖盘
107,14:51:02,10.13,--,148,149924,买盘
108,14:50:51,10.13,--,37,37481,买盘
109,14:50:47,10.13,0.01,23,23299,买盘
110,14:50:41,10.12,-0.01,60,60719,卖盘
111,14:50:36,10.13,--,26,26338,买盘
112,14:50:32,10.13,--,71,71923,买盘
113,14:50:26,10.13,--,38,38494,买盘
114,14:50:21,10.13,--,1070,1083910,买盘
115,14:50:17,10.13,--,123,124599,买盘
116,14:50:11,10.13,--,41,41533,买盘
117,14:50:06,10.13,--,117,119230,卖盘
118,14:50:01,10.13,--,45,45585,卖盘
119,14:49:56,10.13,--,67,68174,买盘
120,14:49:51,10.13,--,323,327199,买盘
121,14:49:46,10.13,--,95,97197,卖盘
122,14:49:41,10.13,0.01,254,257302,卖盘
123,14:49:36,10.12,-0.01,125,126499,卖盘
124,14:49:31,10.13,0.01,338,342444,买盘
125,14:49:26,10.12,-0.01,16,16191,卖盘
126,14:49:21,10.13,0.01,243,246159,买盘
127,14:49:16,10.12,--,64,64767,卖盘
128,14:49:11,10.12,--,12,12143,卖盘
129,14:49:06,10.12,--,112,113343,买盘
130,14:49:01,10.12,--,79,79948,买盘
131,14:48:56,10.12,--,236,238831,买盘
132,14:48:51,10.12,--,134,135608,买盘
133,14:48:46,10.12,--,171,173052,买盘
134,14:48:41,10.12,--,51,51611,买盘
135,14:48:36,10.12,-0.01,497,502963,卖盘
136,14:48:31,10.13,0.01,137,138781,买盘
137,14:48:26,10.12,-0.01,108,109295,卖盘
138,14:48:21,10.13,--,70,70910,买盘
139,14:48:16,10.13,--,75,75975,买盘
140,14:48:11,10.13,--,25,25325,买盘
141,14:48:06,10.13,-0.01,363,367719,卖盘
142,14:48:01,10.14,--,69,69966,买盘
143,14:47:56,10.14,--,49,49686,买盘
144,14:47:51,10.14,--,184,186576,卖盘
145,14:47:46,10.14,-0.01,128,129792,卖盘
146,14:47:41,10.15,--,20,20300,买盘
147,14:47:36,10.15,--,47,47705,买盘
148,14:47:31,10.15,--,302,306530,买盘
149,14:47:26,10.15,-0.01,1614,1638301,卖盘
150,14:47:21,10.16,--,206,209296,买盘
151,14:47:16,10.16,0.01,344,349504,买盘
152,14:47:06,10.15,--,572,580580,卖盘
153,14:47:01,10.15,-0.01,345,351098,卖盘
154,14:46:56,10.16,--,20,20320,买盘
155,14:46:51,10.16,--,16,16256,买盘
156,14:46:46,10.16,--,55,55880,买盘
157,14:46:41,10.16,--,20,20320,买盘
158,14:46:36,10.16,--,167,169672,卖盘
159,14:46:31,10.16,--,147,149352,买盘
160,14:46:26,10.16,--,12,12192,买盘
161,14:46:21,10.16,--,65,66040,买盘
162,14:46:16,10.16,--,59,59944,买盘
163,14:46:11,10.16,--,50,50800,买盘
164,14:46:06,10.16,-0.01,57,57912,卖盘
165,14:46:01,10.17,--,1105,1123785,买盘
166,14:45:56,10.17,0.01,7,7119,买盘
167,14:45:51,10.16,-0.01,160,162560,卖盘
168,14:45:46,10.17,0.01,61,62037,买盘
169,14:45:41,10.16,--,153,155448,卖盘
170,14:45:36,10.16,-0.01,5,5080,卖盘
171,14:45:31,10.17,--,3,3051,买盘
172,14:45:26,10.17,0.01,1,1017,买盘
173,14:45:21,10.16,-0.01,185,187960,卖盘
174,14:45:16,10.17,--,62,63054,买盘
175,14:45:11,10.17,-0.01,50,50850,卖盘
176,14:45:06,10.18,0.01,178,181204,买盘
177,14:45:01,10.17,--,179,182043,卖盘
178,14:44:56,10.17,--,237,241029,卖盘
179,14:44:51,10.17,-0.01,94,95598,卖盘
180,14:44:46,10.18,--,1017,1035306,买盘
181,14:44:36,10.18,0.01,28,28504,买盘
182,14:44:31,10.17,-0.01,32,32544,卖盘
183,14:44:26,10.18,--,33,33594,买盘
184,14:44:21,10.18,--,3,3054,买盘
185,14:44:16,10.18,--,5,5090,买盘
186,14:44:05,10.18,0.01,20,20360,买盘
187,14:44:01,10.17,-0.01,4,4068,卖盘
188,14:43:55,10.18,-0.01,152,154736,卖盘
189,14:43:50,10.19,--,98,99862,买盘
190,14:43:45,10.19,--,1,1019,买盘
191,14:43:40,10.19,0.01,56,57064,买盘
192,14:43:35,10.18,--,90,91620,卖盘
193,14:43:30,10.18,-0.01,9,9162,卖盘
194,14:43:25,10.19,0.01,13,13247,买盘
195,14:43:20,10.18,-0.01,100,101800,卖盘
196,14:43:15,10.19,--,27,27716,买盘
197,14:43:10,10.19,--,10,10190,买盘
198,14:43:05,10.19,--,21,21399,买盘
199,14:43:00,10.19,0.01,7,7133,买盘
200,14:42:55,10.18,-0.01,247,251446,卖盘
201,14:42:45,10.19,--,510,519690,买盘
202,14:42:40,10.19,--,346,352574,买盘
203,14:42:30,10.19,--,118,120242,买盘
204,14:42:25,10.19,--,47,47893,买盘
205,14:42:20,10.19,--,9,9171,买盘
206,14:42:15,10.19,--,46,46874,买盘
207,14:42:10,10.19,--,110,112090,买盘
208,14:42:05,10.19,0.01,2,2038,买盘
209,14:42:00,10.18,--,53,53954,卖盘
210,14:41:55,10.18,--,30,30540,卖盘
211,14:41:50,10.18,-0.01,5,5090,卖盘
212,14:41:45,10.19,--,373,380087,买盘
213,14:41:40,10.19,--,158,161002,买盘
214,14:41:35,10.19,--,25,25475,买盘
215,14:41:30,10.19,0.01,118,120242,买盘
216,14:41:25,10.18,-0.01,140,142520,卖盘
217,14:41:20,10.19,--,54,55026,买盘
218,14:41:15,10.19,--,145,147755,买盘
219,14:41:10,10.19,0.01,25,25475,买盘
220,14:41:00,10.18,--,7,7126,卖盘
221,14:40:55,10.18,--,22,22396,卖盘
222,14:40:50,10.18,-0.01,2,2036,卖盘
223,14:40:45,10.19,--,29,29551,买盘
224,14:40:40,10.19,0.01,134,136546,买盘
225,14:40:30,10.18,-0.01,42,42756,卖盘
226,14:40:24,10.19,--,26,26494,买盘
227,14:40:20,10.19,--,6,6114,买盘
228,14:40:15,10.19,--,10,10190,买盘
229,14:40:10,10.19,0.01,20,20380,买盘
230,14:40:05,10.18,-0.01,24,24432,卖盘
231,14:40:00,10.19,--,67,68273,买盘
232,14:39:54,10.19,0.01,23,23437,买盘
233,14:39:40,10.18,--,97,98746,卖盘
234,14:39:35,10.18,--,83,85237,买盘
235,14:39:30,10.18,--,565,575170,买盘
236,14:39:25,10.18,--,67,68206,买盘
237,14:39:20,10.18,--,7,7126,买盘
238,14:39:10,10.18,--,616,627088,买盘
239,14:39:05,10.18,--,11,11198,买盘
240,14:39:00,10.18,--,160,162880,买盘
241,14:38:55,10.18,--,98,99764,买盘
242,14:38:50,10.18,--,1,1018,买盘
243,14:38:45,10.18,--,195,198510,买盘
244,14:38:39,10.18,0.01,70,71260,买盘
245,14:38:35,10.17,-0.01,5,5085,卖盘
246,14:38:30,10.18,--,53,53954,买盘
247,14:38:24,10.18,0.01,77,78386,买盘
248,14:38:20,10.17,-0.01,54,54918,卖盘
249,14:38:15,10.18,0.01,16,16288,买盘
250,14:38:05,10.17,-0.01,5,5085,卖盘
251,14:38:00,10.18,--,61,62098,买盘
252,14:37:54,10.18,--,43,43774,买盘
253,14:37:50,10.18,--,5,5090,买盘
254,14:37:45,10.18,--,10,10180,买盘
255,14:37:40,10.18,--,12,12490,卖盘
256,14:37:33,10.18,-0.01,25,25450,卖盘
257,14:37:29,10.19,0.01,60,61140,买盘
258,14:37:24,10.18,--,101,102818,卖盘
259,14:37:18,10.18,-0.01,27,27486,卖盘
260,14:37:14,10.19,0.01,10,10190,买盘
261,14:37:09,10.18,-0.01,12,12216,卖盘
262,14:37:03,10.19,--,180,184163,买盘
263,14:36:59,10.19,0.01,26,26494,买盘
264,14:36:54,10.18,-0.01,7,7126,卖盘
265,14:36:48,10.19,0.01,1,1019,买盘
266,14:36:44,10.18,-0.01,6,6108,卖盘
267,14:36:39,10.19,0.01,5,5095,买盘
268,14:36:33,10.18,--,0,0,卖盘
269,14:36:29,10.18,-0.02,429,436722,卖盘
270,14:36:24,10.2,0.01,2,2039,买盘
271,14:36:18,10.19,-0.02,62,63178,卖盘
272,14:36:14,10.21,0.01,106,108226,买盘
273,14:36:09,10.2,--,250,255856,卖盘
274,14:36:03,10.2,--,162,165240,卖盘
275,14:35:59,10.2,-0.01,69,70380,卖盘
276,14:35:54,10.21,0.01,165,168465,买盘
277,14:35:48,10.2,--,251,256019,卖盘
278,14:35:44,10.2,-0.01,1,1897,卖盘
279,14:35:39,10.21,--,59,60239,卖盘
280,14:35:33,10.21,--,14,14294,卖盘
281,14:35:18,10.21,-0.01,44,44924,卖盘
282,14:35:09,10.22,0.01,59,60298,买盘
283,14:35:03,10.21,-0.01,41,41861,卖盘
284,14:34:59,10.22,--,5,5110,买盘
285,14:34:48,10.22,0.01,5,5110,买盘
286,14:34:33,10.21,-0.01,7,7147,卖盘
287,14:34:29,10.22,--,27,27594,买盘
288,14:34:24,10.22,--,88,89936,买盘
289,14:34:18,10.22,0.01,78,79716,买盘
290,14:33:54,10.21,--,10,10210,卖盘
291,14:33:48,10.21,--,20,20420,卖盘
292,14:33:44,10.21,-0.01,3,3063,卖盘
293,14:33:33,10.22,--,50,51100,买盘
294,14:33:24,10.22,--,1,1022,买盘
295,14:33:18,10.22,--,35,35770,买盘
296,14:33:09,10.22,--,58,59276,买盘
297,14:33:03,10.22,--,215,219730,买盘
298,14:32:59,10.22,--,22,22484,买盘
299,14:32:54,10.22,--,37,37814,卖盘
300,14:32:48,10.22,--,19,19418,卖盘
301,14:32:39,10.22,--,126,128772,买盘
302,14:32:33,10.22,--,6,6132,买盘
303,14:32:24,10.22,--,72,73584,买盘
304,14:32:14,10.22,0.01,115,117530,买盘
305,14:32:09,10.21,-0.01,13,13273,卖盘
306,14:32:03,10.22,0.01,109,111398,买盘
307,14:31:48,10.21,--,1,1021,卖盘
308,14:31:44,10.21,--,152,155192,卖盘
309,14:31:38,10.21,--,25,25525,卖盘
310,14:31:33,10.21,-0.01,35,35735,卖盘
311,14:31:24,10.22,--,10,10220,买盘
312,14:31:18,10.22,0.01,5,5110,买盘
313,14:31:14,10.21,--,55,56155,卖盘
314,14:31:08,10.21,-0.01,68,69428,卖盘
315,14:30:57,10.22,--,10,10220,买盘
316,14:30:53,10.22,--,17,17374,买盘
317,14:30:48,10.22,--,514,525308,买盘
318,14:30:38,10.22,--,413,422086,买盘
319,14:30:33,10.22,--,44,44968,买盘
320,14:30:27,10.22,--,126,128772,卖盘
321,14:30:23,10.22,-0.01,56,57232,卖盘
322,14:30:18,10.23,0.01,5,5115,买盘
323,14:30:12,10.22,-0.01,25,25550,卖盘
324,14:30:08,10.23,0.01,63,64449,买盘
325,14:30:03,10.22,-0.01,19,19418,卖盘
326,14:29:53,10.23,--,82,83886,买盘
327,14:29:48,10.23,--,10,10230,买盘
328,14:29:42,10.23,--,5,5115,买盘
329,14:29:33,10.23,0.01,10,10230,买盘
330,14:29:27,10.22,--,40,40880,卖盘
331,14:29:23,10.22,-0.01,1,1022,卖盘
332,14:29:12,10.23,--,7,7161,买盘
333,14:29:08,10.23,--,8,8184,买盘
334,14:28:53,10.23,0.01,6,6138,买盘
335,14:28:48,10.22,--,218,222796,买盘
336,14:28:42,10.22,--,5,5110,买盘
337,14:28:33,10.22,--,31,31682,买盘
338,14:28:27,10.22,--,23,23506,买盘
339,14:28:23,10.22,0.01,20,20440,买盘
340,14:28:18,10.21,--,15,15315,卖盘
341,14:28:12,10.21,-0.01,135,137835,卖盘
342,14:28:08,10.22,--,30,30660,买盘
343,14:28:03,10.22,0.01,202,206444,买盘
344,14:27:42,10.21,-0.01,3,3063,卖盘
345,14:27:33,10.22,0.02,5,5110,买盘
346,14:27:27,10.2,-0.01,34,34680,卖盘
347,14:27:18,10.21,--,200,204200,买盘
348,14:27:12,10.21,0.01,40,40840,买盘
349,14:26:57,10.2,-0.01,21,21420,卖盘
350,14:26:42,10.21,0.01,22,22462,买盘
351,14:26:38,10.2,--,34,34986,卖盘
352,14:26:33,10.2,-0.01,76,77520,卖盘
353,14:26:27,10.21,--,6,6126,买盘
354,14:26:22,10.21,0.01,54,55134,买盘
355,14:26:18,10.2,-0.01,10,10200,卖盘
356,14:26:12,10.21,--,10,10210,买盘
357,14:26:03,10.21,--,5,5105,买盘
358,14:25:48,10.21,--,1,1021,买盘
359,14:25:42,10.21,--,36,36756,买盘
360,14:25:27,10.21,--,10,10210,买盘
361,14:25:08,10.21,--,15,15315,买盘
362,14:25:02,10.21,0.01,2,2042,买盘
363,14:24:47,10.2,--,39,39780,卖盘
364,14:24:42,10.2,-0.01,8,8159,卖盘
365,14:24:36,10.21,0.01,9,9189,买盘
366,14:24:32,10.2,-0.01,30,30599,卖盘
367,14:24:27,10.21,--,6,6126,买盘
368,14:24:21,10.21,--,10,10210,买盘
369,14:24:17,10.21,0.01,3,3063,买盘
370,14:24:02,10.2,-0.01,4,4079,卖盘
371,14:23:51,10.21,--,9,9189,买盘
372,14:23:47,10.21,--,10,10210,买盘
373,14:23:32,10.21,0.01,34,34714,买盘
374,14:23:21,10.2,-0.01,2,2039,卖盘
375,14:23:17,10.21,--,30,30630,买盘
376,14:23:02,10.21,--,5,5105,买盘
377,14:22:47,10.21,--,3,3063,买盘
378,14:22:42,10.21,0.01,59,60239,买盘
379,14:22:36,10.2,--,41,41820,卖盘
380,14:22:27,10.2,-0.01,20,20400,卖盘
381,14:22:21,10.21,--,5,5105,买盘
382,14:22:17,10.21,--,10,10210,买盘
383,14:22:12,10.21,--,5,5105,买盘
384,14:22:06,10.21,-0.01,6,6126,中性盘
385,14:22:02,10.22,0.01,293,299446,买盘
386,14:21:57,10.21,--,80,81680,买盘
387,14:21:51,10.21,--,16,16336,买盘
388,14:21:36,10.21,--,25,25525,卖盘
389,14:21:27,10.21,-0.01,72,73512,卖盘
390,14:21:21,10.22,0.01,5,5110,买盘
391,14:21:12,10.21,-0.01,29,29609,卖盘
392,14:20:57,10.22,0.01,6,6132,买盘
393,14:20:47,10.21,--,1,1021,买盘
394,14:20:42,10.21,0.03,7,7147,中性盘
395,14:20:36,10.18,-0.04,5406,5503308,卖盘
396,14:20:21,10.22,--,40,40880,买盘
397,14:20:06,10.22,--,10,10220,买盘
398,14:19:57,10.22,--,22,22484,买盘
399,14:19:51,10.22,--,10,10220,买盘
400,14:19:42,10.22,--,55,56210,卖盘
401,14:19:26,10.22,--,6,6612,买盘
402,14:19:17,10.22,--,10,10220,买盘
403,14:19:06,10.22,--,19,19418,买盘
404,14:18:57,10.22,--,13,13286,买盘
405,14:18:46,10.22,--,10,10220,买盘
406,14:18:42,10.22,--,5,5110,买盘
407,14:18:36,10.22,--,45,46531,卖盘
408,14:18:32,10.22,--,14,14788,买盘
409,14:18:26,10.22,--,41,41902,买盘
410,14:18:21,10.22,-0.01,293,299987,卖盘
411,14:18:15,10.23,--,6,6138,买盘
412,14:18:11,10.23,--,10,10230,买盘
413,14:17:45,10.23,--,1,1023,买盘
414,14:17:30,10.23,--,12,12276,买盘
415,14:17:21,10.23,--,76,77748,买盘
416,14:17:11,10.23,--,91,93093,买盘
417,14:17:06,10.23,--,33,33759,买盘
418,14:16:56,10.23,--,24,24552,买盘
419,14:16:45,10.23,--,6,6138,买盘
420,14:16:41,10.23,0.01,25,25575,买盘
421,14:16:36,10.22,--,47,48034,卖盘
422,14:16:26,10.22,--,13,13766,卖盘
423,14:16:21,10.22,-0.01,26,26572,卖盘
424,14:16:11,10.23,--,2,2046,买盘
425,14:16:06,10.23,--,15,15345,买盘
426,14:16:00,10.23,--,88,90024,买盘
427,14:15:56,10.23,0.01,5,5115,买盘
428,14:15:51,10.22,-0.01,48,49056,卖盘
429,14:15:45,10.23,--,31,31713,买盘
430,14:15:41,10.23,--,16,16368,买盘
431,14:15:36,10.23,--,2,2046,买盘
432,14:15:15,10.23,0.01,10,10230,买盘
433,14:15:11,10.22,-0.01,32,32704,卖盘
434,14:15:00,10.23,--,133,136059,买盘
435,14:14:50,10.23,--,20,20460,买盘
436,14:14:45,10.23,--,25,25575,买盘
437,14:14:40,10.23,--,2,2046,买盘
438,14:14:35,10.23,--,87,89001,买盘
439,14:14:30,10.23,--,7,7161,买盘
440,14:14:20,10.23,--,33,33759,买盘
441,14:14:15,10.23,--,66,67518,买盘
442,14:14:11,10.23,--,5,5115,买盘
443,14:14:06,10.23,--,56,57288,买盘
444,14:13:56,10.23,--,107,109461,买盘
445,14:13:50,10.23,--,69,70587,买盘
446,14:13:45,10.23,--,100,102300,买盘
447,14:13:35,10.23,0.01,5,5115,买盘
448,14:13:30,10.22,--,172,175784,买盘
449,14:13:26,10.22,--,98,100156,买盘
450,14:13:20,10.22,--,40,40880,买盘
451,14:13:15,10.22,--,111,113442,买盘
452,14:13:11,10.22,--,373,381206,买盘
453,14:13:05,10.22,0.01,127,129794,买盘
454,14:13:00,10.21,-0.01,193,197053,卖盘
455,14:12:50,10.22,0.01,46,47012,买盘
456,14:12:45,10.21,--,100,102100,卖盘
457,14:12:20,10.21,-0.01,17,17357,卖盘
458,14:12:15,10.22,0.01,10,10220,买盘
459,14:12:05,10.21,--,10,10210,买盘
460,14:12:00,10.21,--,98,100885,卖盘
461,14:11:55,10.21,-0.01,20,20420,卖盘
462,14:11:50,10.22,0.01,5,5110,买盘
463,14:11:45,10.21,-0.01,11,12129,卖盘
464,14:11:35,10.22,0.01,7,7154,买盘
465,14:11:30,10.21,-0.01,65,66681,卖盘
466,14:11:24,10.22,--,25,25550,买盘
467,14:11:20,10.22,--,16,16352,买盘
468,14:11:15,10.22,0.01,16,16352,买盘
469,14:11:09,10.21,-0.01,9,9189,卖盘
470,14:11:05,10.22,0.01,35,35770,买盘
471,14:10:54,10.21,-0.01,5,5105,卖盘
472,14:10:45,10.22,--,870,889140,买盘
473,14:10:15,10.22,0.01,500,511000,买盘
474,14:10:05,10.21,-0.01,10,10210,卖盘
475,14:10:00,10.22,0.01,66,67452,买盘
476,14:09:54,10.21,--,4,4084,卖盘
477,14:09:35,10.21,--,156,159316,买盘
478,14:09:24,10.21,0.01,50,51050,买盘
479,14:09:20,10.2,-0.01,40,40800,卖盘
480,14:09:15,10.21,--,5,5105,买盘
481,14:09:09,10.21,0.01,37,37777,买盘
482,14:09:00,10.2,-0.01,1,1019,卖盘
483,14:08:50,10.21,--,15,15315,买盘
484,14:08:39,10.21,0.01,5,5105,买盘
485,14:08:30,10.2,-0.01,51,52020,卖盘
486,14:08:20,10.21,--,44,44924,买盘
487,14:08:15,10.21,0.01,5,5105,买盘
488,14:08:05,10.2,--,27,27539,卖盘
489,14:08:00,10.2,-0.01,100,102000,卖盘
490,14:07:54,10.21,0.01,5,5105,买盘
491,14:07:50,10.2,-0.01,9,9180,卖盘
492,14:07:44,10.21,--,1,1021,买盘
493,14:07:39,10.21,--,1,1021,买盘
494,14:07:24,10.21,--,436,446044,卖盘
495,14:07:14,10.21,-0.01,10,10210,卖盘
496,14:07:09,10.22,0.01,8,8176,买盘
497,14:06:59,10.21,--,2,2174,卖盘
498,14:06:54,10.21,--,64,65344,买盘
499,14:06:50,10.21,--,5,5105,买盘
500,14:06:44,10.21,--,34,35408,买盘
501,14:06:35,10.21,--,13,13273,买盘
502,14:06:29,10.21,--,30,30630,买盘
503,14:06:24,10.21,--,100,102100,买盘
504,14:06:19,10.21,--,6,6126,买盘
505,14:06:14,10.21,--,59,60239,买盘
506,14:06:09,10.21,--,5,5105,买盘
507,14:06:05,10.21,--,7,7147,买盘
508,14:05:59,10.21,--,10,10210,买盘
509,14:05:54,10.21,--,4,4084,买盘
510,14:05:50,10.21,--,20,20420,买盘
511,14:05:39,10.21,-0.01,52,53092,卖盘
512,14:05:29,10.22,0.02,16,16352,买盘
513,14:05:24,10.2,-0.01,124,126479,卖盘
514,14:05:14,10.21,--,91,92911,买盘
515,14:05:09,10.21,--,13,13273,买盘
516,14:04:59,10.21,--,32,32672,买盘
517,14:04:48,10.21,0.01,11,11231,买盘
518,14:04:44,10.2,--,50,51000,卖盘
519,14:04:33,10.2,-0.01,1,1019,卖盘
520,14:04:24,10.21,--,3,3063,买盘
521,14:04:18,10.21,--,50,51050,买盘
522,14:04:03,10.21,--,2,2042,买盘
523,14:03:48,10.21,--,159,162339,买盘
524,14:03:39,10.21,--,13,13273,买盘
525,14:03:33,10.21,--,3,3063,买盘
526,14:03:29,10.21,--,10,10210,买盘
527,14:03:24,10.21,--,117,119457,卖盘
528,14:03:03,10.21,--,10,10210,卖盘
529,14:02:54,10.21,-0.01,20,20420,卖盘
530,14:02:48,10.22,0.01,45,45990,买盘
531,14:02:39,10.21,-0.01,40,40840,卖盘
532,14:02:33,10.22,--,12,12264,买盘
533,14:02:29,10.22,--,116,118552,买盘
534,14:02:24,10.22,--,6,6132,买盘
535,14:02:18,10.22,--,8,8176,买盘
536,14:02:03,10.22,0.01,91,93002,买盘
537,14:01:59,10.21,--,63,64323,买盘
538,14:01:54,10.21,--,207,211347,买盘
539,14:01:39,10.21,0.01,55,56155,买盘
540,14:01:33,10.2,-0.01,4,4079,卖盘
541,14:01:29,10.21,0.01,9,9189,买盘
542,14:01:24,10.2,-0.01,44,44880,卖盘
543,14:01:14,10.21,--,26,26546,买盘
544,14:01:09,10.21,--,67,68407,买盘
545,14:00:59,10.21,--,10,10210,买盘
546,14:00:54,10.21,0.01,6,6126,买盘
547,14:00:39,10.2,-0.01,298,303960,卖盘
548,14:00:33,10.21,--,40,40840,买盘
549,14:00:29,10.21,--,16,16336,买盘
550,14:00:24,10.21,--,6,6126,买盘
551,14:00:18,10.21,--,35,35735,卖盘
552,14:00:14,10.21,--,19,19399,卖盘
553,14:00:09,10.21,-0.01,42,42882,卖盘
554,14:00:03,10.22,0.01,10,10220,买盘
555,13:59:58,10.21,--,2,2042,卖盘
556,13:59:53,10.21,-0.01,121,123541,卖盘
557,13:59:43,10.22,0.01,101,103222,买盘
558,13:59:38,10.21,-0.01,7,7147,卖盘
559,13:59:33,10.22,0.01,10,10220,买盘
560,13:59:29,10.21,--,14,14294,买盘
561,13:59:23,10.21,--,6,6126,卖盘
562,13:59:18,10.21,-0.01,25,25525,卖盘
563,13:59:08,10.22,0.02,183,187026,买盘
564,13:59:03,10.2,-0.01,200,204000,卖盘
565,13:58:58,10.21,--,10,10210,买盘
566,13:58:53,10.21,--,32,32672,买盘
567,13:58:48,10.21,0.01,6,6126,买盘
568,13:58:38,10.2,-0.01,420,428399,卖盘
569,13:58:33,10.21,0.01,10,10210,买盘
570,13:58:23,10.2,--,10,10200,卖盘
571,13:58:18,10.2,--,400,408051,买盘
572,13:58:12,10.2,--,0,0,买盘
573,13:58:08,10.2,0.02,31,31619,买盘
574,13:58:03,10.18,--,14,14252,卖盘
575,13:57:53,10.18,--,350,356300,买盘
576,13:57:48,10.18,-0.01,1279,1302307,卖盘
577,13:57:42,10.19,0.01,5,5095,买盘
578,13:57:33,10.18,0.02,239,244034,买盘
579,13:57:27,10.16,-0.01,5,5080,卖盘
580,13:57:23,10.17,--,216,219672,买盘
581,13:57:18,10.17,0.01,59,60003,买盘
582,13:57:12,10.16,--,314,319024,卖盘
583,13:57:08,10.16,--,27,27432,卖盘
584,13:57:03,10.16,-0.01,4,4064,卖盘
585,13:56:57,10.17,0.01,20,20340,买盘
586,13:56:53,10.16,-0.01,168,170688,卖盘
587,13:56:48,10.17,0.01,114,115938,买盘
588,13:56:42,10.16,-0.01,4,4064,卖盘
589,13:56:38,10.17,--,12,12204,买盘
590,13:56:33,10.17,--,20,20340,买盘
591,13:56:27,10.17,--,6,6102,买盘
592,13:56:23,10.17,-0.01,817,830889,卖盘
593,13:56:18,10.18,--,55,55990,买盘
594,13:56:08,10.18,--,113,115034,买盘
595,13:56:03,10.18,--,103,104854,买盘
596,13:55:57,10.18,--,24,24717,卖盘
597,13:55:53,10.18,--,19,19342,卖盘
598,13:55:48,10.18,--,374,380732,卖盘
599,13:55:42,10.18,--,50,50900,卖盘
600,13:55:38,10.18,--,4,4072,卖盘
601,13:55:23,10.18,-0.01,110,111980,卖盘
602,13:55:18,10.19,0.01,8,8152,买盘
603,13:55:12,10.18,--,52,52936,卖盘
604,13:55:08,10.18,--,10,10180,卖盘
605,13:55:03,10.18,-0.01,7,7126,卖盘
606,13:54:57,10.19,0.01,4,4076,买盘
607,13:54:53,10.18,-0.01,31,31558,卖盘
608,13:54:48,10.19,0.01,28,28532,买盘
609,13:54:38,10.18,--,106,107908,卖盘
610,13:54:33,10.18,--,0,0,卖盘
611,13:54:27,10.18,-0.01,30,30540,卖盘
612,13:54:18,10.19,--,79,81234,买盘
613,13:54:12,10.19,--,44,44836,买盘
614,13:54:03,10.19,0.01,208,211952,买盘
615,13:53:57,10.18,--,3,3054,卖盘
616,13:53:53,10.18,--,8,8144,卖盘
617,13:53:42,10.18,-0.01,20,20360,卖盘
618,13:53:38,10.19,0.01,2,2038,买盘
619,13:53:27,10.18,--,32,32576,卖盘
620,13:53:23,10.18,-0.01,60,61080,卖盘
621,13:53:08,10.19,0.01,5,5095,买盘
622,13:53:03,10.18,--,10,10180,卖盘
623,13:52:52,10.18,--,5,5090,卖盘
624,13:52:41,10.18,--,261,265698,买盘
625,13:52:38,10.18,--,200,203600,买盘
626,13:52:32,10.18,0.01,7,7126,买盘
627,13:52:27,10.17,--,61,62037,卖盘
628,13:52:21,10.17,-0.01,37,37629,卖盘
629,13:52:17,10.18,0.01,13,13234,买盘
630,13:52:12,10.17,-0.01,25,25425,卖盘
631,13:52:06,10.18,0.01,11,11198,买盘
632,13:52:02,10.17,--,25,25425,卖盘
633,13:51:57,10.17,--,108,109836,卖盘
634,13:51:42,10.17,--,209,212553,卖盘
635,13:51:36,10.17,--,3,3051,卖盘
636,13:51:32,10.17,--,214,217638,买盘
637,13:51:27,10.17,0.01,133,135261,买盘
638,13:51:21,10.16,-0.01,15,15240,卖盘
639,13:51:17,10.17,--,63,64071,买盘
640,13:51:12,10.17,-0.01,416,423072,卖盘
641,13:51:06,10.18,--,55,55990,买盘
642,13:51:02,10.18,--,8,8144,买盘
643,13:50:57,10.18,--,366,372588,卖盘
644,13:50:51,10.18,-0.01,321,326778,卖盘
645,13:50:41,10.19,--,522,531918,买盘
646,13:50:36,10.19,--,30,30570,买盘
647,13:50:32,10.19,--,28,28532,买盘
648,13:50:27,10.19,-0.01,459,468006,卖盘
649,13:50:21,10.2,--,23,23460,买盘
650,13:50:17,10.2,--,15,15299,买盘
651,13:50:11,10.2,--,60,61199,买盘
652,13:50:02,10.2,--,28,28559,买盘
653,13:49:57,10.2,--,515,525983,卖盘
654,13:49:41,10.2,--,14,14616,买盘
655,13:49:36,10.2,-0.01,55,56783,卖盘
656,13:49:32,10.21,0.01,28,28588,买盘
657,13:49:27,10.2,--,54,55079,卖盘
658,13:49:17,10.2,--,0,336,卖盘
659,13:49:12,10.2,-0.01,116,118319,卖盘
660,13:49:06,10.21,--,4,4084,买盘
661,13:49:02,10.21,--,503,513563,买盘
662,13:48:51,10.21,0.01,70,71470,买盘
663,13:48:47,10.2,-0.01,2,2039,卖盘
664,13:48:41,10.21,--,20,20420,买盘
665,13:48:32,10.21,0.01,5,5105,买盘
666,13:48:27,10.2,-0.01,26,26519,卖盘
667,13:48:21,10.21,--,10,10210,买盘
668,13:48:17,10.21,0.01,53,54113,买盘
669,13:48:11,10.2,-0.01,1057,1078140,卖盘
670,13:48:06,10.21,--,30,30630,买盘
671,13:48:02,10.21,--,68,69428,买盘
672,13:47:57,10.21,--,80,81680,买盘
673,13:47:47,10.21,--,11,11231,买盘
674,13:47:41,10.21,0.01,17,17357,买盘
675,13:47:32,10.2,--,10,10200,卖盘
676,13:47:27,10.2,--,45,45900,卖盘
677,13:47:21,10.2,--,10,10200,卖盘
678,13:46:51,10.2,--,115,117299,买盘
679,13:46:47,10.2,--,55,56099,买盘
680,13:46:41,10.2,--,18,18360,买盘
681,13:46:35,10.2,--,20,20400,买盘
682,13:46:31,10.2,--,5,5100,买盘
683,13:46:27,10.2,0.01,34,34680,买盘
684,13:46:20,10.19,-0.01,10,10190,卖盘
685,13:46:17,10.2,0.01,14,14279,买盘
686,13:46:11,10.19,--,55,56045,卖盘
687,13:46:05,10.19,--,88,89672,卖盘
688,13:46:01,10.19,--,86,87634,卖盘
689,13:45:56,10.19,-0.01,120,122280,卖盘
690,13:45:46,10.2,--,112,114974,买盘
691,13:45:41,10.2,--,80,81600,买盘
692,13:45:35,10.2,--,414,422279,卖盘
693,13:45:26,10.2,--,130,132600,卖盘
694,13:45:20,10.2,--,8,8159,卖盘
695,13:45:14,10.2,--,51,52020,卖盘
696,13:45:11,10.2,--,14,14279,卖盘
697,13:45:05,10.2,--,18,18360,卖盘
698,13:44:56,10.2,--,264,269280,卖盘
699,13:44:50,10.2,-0.01,93,94860,卖盘
700,13:44:44,10.21,0.01,27,27567,买盘
701,13:44:41,10.2,--,68,69360,卖盘
702,13:44:35,10.2,-0.01,30,30599,卖盘
703,13:44:26,10.21,0.01,90,91890,买盘
704,13:44:20,10.2,-0.01,69,70380,卖盘
705,13:44:11,10.21,--,367,374707,卖盘
706,13:44:05,10.21,--,375,382875,卖盘
707,13:43:56,10.21,--,56,57176,卖盘
708,13:43:50,10.21,-0.01,28,28588,卖盘
709,13:43:41,10.22,--,194,198268,卖盘
710,13:43:35,10.22,--,136,138992,卖盘
711,13:43:29,10.22,--,74,75628,卖盘
712,13:43:20,10.22,-0.01,75,76650,卖盘
713,13:43:14,10.23,0.01,172,175956,中性盘
714,13:43:11,10.22,-0.02,296,302522,卖盘
715,13:43:05,10.24,--,48,50165,买盘
716,13:42:56,10.24,--,3,3072,买盘
717,13:42:50,10.24,--,6,6144,买盘
718,13:42:44,10.24,0.01,21,21504,买盘
719,13:42:41,10.23,--,253,258819,卖盘
720,13:42:35,10.23,-0.01,708,724284,卖盘
721,13:42:29,10.24,0.01,58,59392,买盘
722,13:42:20,10.23,-0.01,14,14322,卖盘
723,13:42:14,10.24,--,5,5120,买盘
724,13:42:11,10.24,0.01,200,204800,买盘
725,13:42:05,10.23,--,15,15345,卖盘
726,13:41:56,10.23,--,12,12276,卖盘
727,13:41:50,10.23,--,176,180048,卖盘
728,13:41:41,10.23,--,31,31713,卖盘
729,13:41:26,10.23,-0.01,1,1023,卖盘
730,13:41:20,10.24,0.01,1,1024,买盘
731,13:41:14,10.23,--,7,7161,卖盘
732,13:41:05,10.23,--,135,138105,卖盘
733,13:40:56,10.23,-0.01,54,55242,卖盘
734,13:40:41,10.24,0.01,66,67584,买盘
735,13:40:26,10.23,--,2,2046,卖盘
736,13:40:20,10.23,--,15,15345,卖盘
737,13:40:14,10.23,-0.01,20,20460,卖盘
738,13:40:05,10.24,--,8,8192,买盘
739,13:39:56,10.24,0.01,6,6144,买盘
740,13:39:50,10.23,--,55,56265,卖盘
741,13:39:40,10.23,--,30,30690,卖盘
742,13:39:35,10.23,-0.01,100,102300,卖盘
743,13:39:29,10.24,--,6,6144,买盘
744,13:38:55,10.24,--,17,17408,买盘
745,13:38:50,10.24,--,5,5120,买盘
746,13:38:39,10.24,0.01,15,15360,买盘
747,13:38:14,10.23,-0.01,5,5115,卖盘
748,13:38:05,10.24,--,94,96256,买盘
749,13:37:59,10.24,--,53,54272,买盘
750,13:37:50,10.24,--,21,21504,买盘
751,13:37:44,10.24,0.01,22,22528,买盘
752,13:37:38,10.23,--,50,51150,卖盘
753,13:37:20,10.23,--,9,9207,卖盘
754,13:37:14,10.23,--,25,25575,卖盘
755,13:37:08,10.23,--,40,40920,卖盘
756,13:37:05,10.23,--,10,10230,卖盘
757,13:36:59,10.23,-0.01,35,35805,卖盘
758,13:36:53,10.24,0.01,5,5120,买盘
759,13:36:50,10.23,--,357,365211,买盘
760,13:36:44,10.23,--,10,10230,买盘
761,13:36:38,10.23,--,47,48081,买盘
762,13:36:35,10.23,-0.01,22,22506,卖盘
763,13:36:29,10.24,0.02,5,5120,买盘
764,13:36:20,10.22,-0.02,100,102200,卖盘
765,13:36:08,10.24,0.01,6,6144,买盘
766,13:36:05,10.23,--,10,10230,卖盘
767,13:35:59,10.23,--,2,2046,卖盘
768,13:35:50,10.23,--,550,562650,买盘
769,13:35:44,10.23,0.01,906,926838,买盘
770,13:35:38,10.22,-0.01,55,56210,卖盘
771,13:35:35,10.23,0.01,2,2046,买盘
772,13:35:29,10.22,-0.01,70,71540,卖盘
773,13:35:20,10.23,--,22,22506,买盘
774,13:35:08,10.23,--,2,2046,买盘
775,13:35:05,10.23,--,1,1023,买盘
776,13:34:59,10.23,--,5,5115,买盘
777,13:34:53,10.23,--,5,5115,买盘
778,13:34:29,10.23,0.02,5,5115,买盘
779,13:34:23,10.21,-0.01,258,263418,卖盘
780,13:34:20,10.22,--,102,104244,买盘
781,13:34:14,10.22,--,20,20440,买盘
782,13:34:08,10.22,--,74,75628,买盘
783,13:34:05,10.22,--,158,161476,卖盘
784,13:33:59,10.22,--,22,22484,卖盘
785,13:33:49,10.22,-0.01,16,16352,卖盘
786,13:33:44,10.23,0.01,25,25575,买盘
787,13:33:29,10.22,-0.01,432,441504,卖盘
788,13:33:20,10.23,--,81,82863,买盘
789,13:33:05,10.23,--,10,10230,买盘
790,13:32:59,10.23,--,20,20460,买盘
791,13:32:53,10.23,--,20,20460,买盘
792,13:32:49,10.23,--,10,10230,买盘
793,13:32:44,10.23,--,18,18414,买盘
794,13:32:29,10.23,--,274,280302,买盘
795,13:32:23,10.23,--,3,3069,买盘
796,13:32:14,10.23,--,52,53196,买盘
797,13:32:04,10.23,--,5,5115,买盘
798,13:31:59,10.23,0.01,11,11253,买盘
799,13:31:49,10.22,--,65,66430,卖盘
800,13:31:34,10.22,-0.01,20,20440,卖盘
801,13:31:29,10.23,0.01,5,5115,买盘
802,13:31:19,10.22,--,50,51100,卖盘
803,13:31:14,10.22,--,30,30660,买盘
804,13:31:08,10.22,--,76,77672,买盘
805,13:31:04,10.22,--,20,20440,买盘
806,13:30:59,10.22,--,20,20440,买盘
807,13:30:48,10.22,--,15,15330,买盘
808,13:30:44,10.22,--,12,12264,买盘
809,13:30:38,10.22,--,20,20440,买盘
810,13:30:34,10.22,0.01,5,5110,买盘
811,13:30:23,10.21,--,85,86785,卖盘
812,13:30:02,10.21,--,21,21441,买盘
813,13:29:59,10.21,--,77,78617,买盘
814,13:29:53,10.21,--,15,15315,买盘
815,13:29:44,10.21,0.01,2,2042,买盘
816,13:29:38,10.2,--,103,105906,买盘
817,13:29:32,10.2,--,5,5100,买盘
818,13:29:29,10.2,0.01,567,578340,买盘
819,13:29:23,10.19,-0.01,134,136546,卖盘
820,13:29:17,10.2,--,21,21420,买盘
821,13:29:14,10.2,0.01,6,6120,买盘
822,13:29:08,10.19,-0.01,35,35665,卖盘
823,13:29:02,10.2,--,6,6120,买盘
824,13:28:59,10.2,0.01,40,40800,买盘
825,13:28:53,10.19,0.01,290,295510,买盘
826,13:28:47,10.18,-0.01,63,64134,卖盘
827,13:28:44,10.19,--,42,42798,买盘
828,13:28:38,10.19,-0.01,28,28532,卖盘
829,13:28:32,10.2,0.01,10,10200,买盘
830,13:28:29,10.19,-0.01,45,45855,卖盘
831,13:28:23,10.2,0.01,25,25500,买盘
832,13:28:17,10.19,--,113,115147,卖盘
833,13:28:14,10.19,--,376,383144,卖盘
834,13:28:08,10.19,-0.01,59,60121,卖盘
835,13:28:02,10.2,0.01,10,10200,买盘
836,13:27:59,10.19,-0.01,78,79482,卖盘
837,13:27:53,10.2,--,25,25500,买盘
838,13:27:44,10.2,--,15,15299,买盘
839,13:27:38,10.2,--,476,485693,卖盘
840,13:27:32,10.2,-0.01,490,499799,卖盘
841,13:27:23,10.21,0.01,73,74533,买盘
842,13:27:14,10.2,--,26,26519,卖盘
843,13:27:08,10.2,--,124,126479,卖盘
844,13:27:02,10.2,-0.01,15,15299,卖盘
845,13:26:59,10.21,--,2,2042,买盘
846,13:26:53,10.21,--,20,20420,买盘
847,13:26:44,10.21,--,5,5105,买盘
848,13:26:38,10.21,--,32,32672,卖盘
849,13:26:29,10.21,0.01,30,30630,中性盘
850,13:26:23,10.2,--,147,149940,卖盘
851,13:26:17,10.2,-0.01,2461,2510923,卖盘
852,13:26:13,10.21,-0.01,190,193990,卖盘
853,13:26:02,10.22,--,7,7154,买盘
854,13:25:58,10.22,-0.01,18,18396,卖盘
855,13:25:53,10.23,--,180,184140,买盘
856,13:25:38,10.23,0.01,32,32736,买盘
857,13:25:28,10.22,--,15,15330,卖盘
858,13:25:23,10.22,-0.01,300,306600,卖盘
859,13:25:13,10.23,--,8,8184,买盘
860,13:25:08,10.23,0.01,10,10230,买盘
861,13:25:02,10.22,-0.01,554,566188,卖盘
862,13:24:58,10.23,-0.01,61,63374,卖盘
863,13:24:53,10.24,0.01,2,2048,买盘
864,13:24:43,10.23,--,63,64500,卖盘
865,13:24:38,10.23,-0.01,72,73656,卖盘
866,13:24:32,10.24,--,6,6144,买盘
867,13:24:13,10.24,0.01,5,5120,买盘
868,13:24:08,10.23,--,50,51150,卖盘
869,13:23:58,10.23,--,10,10230,卖盘
870,13:23:53,10.23,-0.01,53,54219,卖盘
871,13:23:47,10.24,--,8,8192,买盘
872,13:23:43,10.24,0.01,45,46080,买盘
873,13:23:38,10.23,--,35,35805,卖盘
874,13:23:23,10.23,-0.01,10,10230,卖盘
875,13:23:13,10.24,0.01,5,5120,买盘
876,13:22:58,10.23,0.01,15,15345,买盘
877,13:22:53,10.22,-0.01,172,175784,卖盘
878,13:22:47,10.23,--,15,15345,买盘
879,13:22:41,10.23,--,5,5115,买盘
880,13:22:32,10.23,--,4,4092,买盘
881,13:22:26,10.23,0.01,1,1023,买盘
882,13:22:23,10.22,-0.01,4,4088,卖盘
883,13:22:11,10.23,--,42,42966,买盘
884,13:22:07,10.23,--,10,10230,买盘
885,13:22:02,10.23,-0.01,33,33759,卖盘
886,13:21:53,10.24,0.02,9,9216,买盘
887,13:21:41,10.22,--,358,365876,卖盘
888,13:21:38,10.22,-0.02,120,122640,卖盘
889,13:21:26,10.24,0.01,6,6144,买盘
890,13:21:23,10.23,--,26,26598,买盘
891,13:21:17,10.23,--,185,189255,卖盘
892,13:21:11,10.23,--,316,323268,买盘
893,13:21:07,10.23,--,20,20460,买盘
894,13:21:02,10.23,--,83,84909,买盘
895,13:20:53,10.23,0.02,9,9207,买盘
896,13:20:47,10.21,-0.02,620,633020,卖盘
897,13:20:41,10.23,--,15,15345,买盘
898,13:20:38,10.23,--,35,35805,买盘
899,13:20:23,10.23,--,50,51150,买盘
900,13:20:17,10.23,--,22,22506,买盘
901,13:20:07,10.23,-0.01,200,204600,卖盘
902,13:20:02,10.24,0.01,5,5120,买盘
903,13:19:56,10.23,--,40,40920,卖盘
904,13:19:52,10.23,--,70,71610,卖盘
905,13:19:47,10.23,--,10,10230,卖盘
906,13:19:41,10.23,--,10,10230,卖盘
907,13:19:32,10.23,--,11,11253,卖盘
908,13:19:22,10.23,--,30,30690,卖盘
909,13:19:17,10.23,--,146,149358,买盘
910,13:19:07,10.23,--,159,162657,卖盘
911,13:19:02,10.23,--,7,7161,卖盘
912,13:18:56,10.23,-0.01,7,7161,卖盘
913,13:18:52,10.24,0.01,2,2048,买盘
914,13:18:47,10.23,--,10,10230,卖盘
915,13:18:41,10.23,--,100,102300,卖盘
916,13:18:32,10.23,-0.01,72,73656,卖盘
917,13:18:26,10.24,--,5,5120,买盘
918,13:18:17,10.24,0.01,115,118743,买盘
919,13:18:07,10.23,--,24,24552,卖盘
920,13:18:02,10.23,-0.01,9,9207,卖盘
921,13:17:52,10.24,--,3,3072,买盘
922,13:17:47,10.24,0.01,1,1024,买盘
923,13:17:37,10.23,-0.01,15,15345,卖盘
924,13:17:32,10.24,--,36,36864,买盘
925,13:17:22,10.24,0.02,1,1024,买盘
926,13:17:17,10.22,-0.01,324,331128,卖盘
927,13:17:11,10.23,--,4,4092,卖盘
928,13:17:07,10.23,--,10,10230,买盘
929,13:16:56,10.23,--,22,22506,买盘
930,13:16:52,10.23,--,7,7161,买盘
931,13:16:47,10.23,--,9,9207,买盘
932,13:16:37,10.23,-0.02,201,205623,卖盘
933,13:16:26,10.25,--,0,0,买盘
934,13:16:22,10.25,0.01,122,125050,买盘
935,13:16:11,10.24,-0.01,196,200704,卖盘
936,13:16:07,10.25,--,20,20500,买盘
937,13:16:02,10.25,--,14,14350,买盘
938,13:15:56,10.25,0.01,13,13325,买盘
939,13:15:52,10.24,-0.01,35,35840,卖盘
940,13:15:47,10.25,--,30,30750,买盘
941,13:15:41,10.25,--,19,19475,买盘
942,13:15:32,10.25,--,5,5125,买盘
943,13:15:26,10.25,--,23,23575,买盘
944,13:15:17,10.25,-0.01,321,329342,卖盘
945,13:15:11,10.26,0.01,382,391932,买盘
946,13:15:02,10.25,-0.01,1,1025,卖盘
947,13:14:56,10.26,0.01,50,51300,买盘
948,13:14:47,10.25,--,7,7175,卖盘
949,13:14:41,10.25,-0.01,90,92250,卖盘
950,13:14:35,10.26,0.01,5,5130,买盘
951,13:14:20,10.25,--,133,137032,买盘
952,13:14:17,10.25,--,10,10250,买盘
953,13:14:11,10.25,--,114,116850,买盘
954,13:14:05,10.25,--,24,24600,买盘
955,13:14:01,10.25,--,16,16400,买盘
956,13:13:56,10.25,--,20,20500,买盘
957,13:13:50,10.25,--,42,43050,买盘
958,13:13:47,10.25,--,1,1025,买盘
959,13:13:41,10.25,0.01,35,35875,买盘
960,13:13:35,10.24,-0.01,100,102400,卖盘
961,13:13:31,10.25,0.01,39,39975,买盘
962,13:13:11,10.24,--,11,11264,卖盘
963,13:13:01,10.24,--,45,46080,买盘
964,13:12:56,10.24,--,5,5120,买盘
965,13:12:50,10.24,-0.01,29,29696,卖盘
966,13:12:46,10.25,--,159,162975,买盘
967,13:12:41,10.25,0.01,125,128125,买盘
968,13:12:20,10.24,--,18,18432,买盘
969,13:12:16,10.24,--,38,38912,买盘
970,13:12:11,10.24,--,18,18432,买盘
971,13:12:05,10.24,--,5,5120,买盘
972,13:12:01,10.24,0.01,17,17408,买盘
973,13:11:56,10.23,--,60,61380,卖盘
974,13:11:50,10.23,--,16,16368,卖盘
975,13:11:46,10.23,-0.01,15,15345,卖盘
976,13:11:41,10.24,--,3,3072,买盘
977,13:11:35,10.24,--,17,17408,买盘
978,13:11:31,10.24,--,1,1024,买盘
979,13:11:26,10.24,--,17,17408,买盘
980,13:11:20,10.24,0.01,3,3072,买盘
981,13:11:16,10.23,--,25,25575,卖盘
982,13:11:11,10.23,-0.01,40,40920,卖盘
983,13:11:01,10.24,0.01,41,41984,买盘
984,13:10:56,10.23,0.01,2,2046,卖盘
985,13:10:46,10.22,-0.01,223,227906,卖盘
986,13:10:35,10.23,--,16,16368,买盘
987,13:10:31,10.23,--,36,36828,买盘
988,13:10:26,10.23,0.01,70,71610,买盘
989,13:10:16,10.22,-0.01,25,25550,卖盘
990,13:10:11,10.23,--,220,225060,买盘
991,13:10:05,10.23,--,9,9207,买盘
992,13:10:01,10.23,--,82,83886,买盘
993,13:09:56,10.23,--,5,5115,买盘
994,13:09:41,10.23,--,2,2046,买盘
995,13:09:35,10.23,--,5,5115,卖盘
996,13:09:31,10.23,-0.01,15,15345,卖盘
997,13:09:26,10.24,0.02,9,9216,买盘
998,13:09:11,10.22,-0.01,205,209510,卖盘
999,13:09:05,10.23,--,8,8184,买盘
1000,13:09:01,10.23,--,13,13299,买盘
1001,13:08:56,10.23,-0.01,21,21483,卖盘
1002,13:08:46,10.24,0.01,13,13312,买盘
1003,13:08:41,10.23,--,175,179025,卖盘
1004,13:08:30,10.23,-0.01,10,10230,卖盘
1005,13:08:26,10.24,--,2,2048,买盘
1006,13:08:20,10.24,--,5,5120,买盘
1007,13:08:11,10.24,--,10,10240,买盘
1008,13:08:05,10.24,0.01,1,1024,买盘
1009,13:07:50,10.23,-0.01,106,108438,卖盘
1010,13:07:44,10.24,0.01,30,30720,买盘
1011,13:07:40,10.23,-0.01,29,29667,卖盘
1012,13:07:25,10.24,--,56,57344,买盘
1013,13:07:20,10.24,--,18,18432,买盘
1014,13:07:14,10.24,0.01,23,23552,买盘
1015,13:07:10,10.23,-0.01,21,21483,卖盘
1016,13:07:05,10.24,--,34,34816,买盘
1017,13:06:55,10.24,--,9,9216,买盘
1018,13:06:50,10.24,-0.01,11,11264,卖盘
1019,13:06:35,10.25,--,8,8200,买盘
1020,13:06:29,10.25,0.03,3,3075,买盘
1021,13:06:25,10.22,-0.01,89,90958,卖盘
1022,13:06:20,10.23,-0.02,300,306900,卖盘
1023,13:06:14,10.25,0.01,63,64575,买盘
1024,13:06:10,10.24,--,20,20480,卖盘
1025,13:06:05,10.24,--,161,164864,买盘
1026,13:05:50,10.24,--,100,102400,买盘
1027,13:05:44,10.24,--,5,5120,买盘
1028,13:05:40,10.24,--,80,81920,买盘
1029,13:05:35,10.24,0.01,19,19456,买盘
1030,13:05:29,10.23,-0.01,24,24552,卖盘
1031,13:05:20,10.24,--,11,11264,买盘
1032,13:05:14,10.24,--,44,45056,买盘
1033,13:05:10,10.24,--,20,20480,买盘
1034,13:05:05,10.24,--,42,43008,买盘
1035,13:04:55,10.24,0.01,26,26624,买盘
1036,13:04:50,10.23,-0.01,37,37851,卖盘
1037,13:04:35,10.24,0.01,40,40960,买盘
1038,13:04:25,10.23,-0.01,114,116622,卖盘
1039,13:04:14,10.24,0.01,31,31744,买盘
1040,13:04:10,10.23,--,10,10230,卖盘
1041,13:04:05,10.23,--,5,5115,买盘
1042,13:03:59,10.23,--,100,102300,买盘
1043,13:03:55,10.23,--,11,11253,买盘
1044,13:03:50,10.23,0.01,88,90024,买盘
1045,13:03:44,10.22,-0.01,8,8176,中性盘
1046,13:03:40,10.23,--,61,62403,买盘
1047,13:03:29,10.23,0.02,22,22506,买盘
1048,13:03:25,10.21,-0.01,80,81680,卖盘
1049,13:03:05,10.22,--,96,98112,买盘
1050,13:02:59,10.22,--,6,6132,买盘
1051,13:02:55,10.22,--,39,39858,买盘
1052,13:02:50,10.22,--,25,25550,买盘
1053,13:02:44,10.22,0.02,4,4088,买盘
1054,13:02:40,10.2,-0.01,12,12240,卖盘
1055,13:02:35,10.21,--,0,0,买盘
1056,13:02:29,10.21,0.01,32,32672,买盘
1057,13:02:25,10.2,--,15,15299,卖盘
1058,13:02:20,10.2,--,2,2039,卖盘
1059,13:02:10,10.2,--,42,43023,买盘
1060,13:02:05,10.2,--,201,205020,买盘
1061,13:01:59,10.2,--,30,30599,买盘
1062,13:01:55,10.2,--,105,107099,买盘
1063,13:01:50,10.2,--,106,108119,买盘
1064,13:01:44,10.2,--,1,1019,买盘
1065,13:01:39,10.2,--,101,103020,买盘
1066,13:01:35,10.2,-0.01,1314,1340280,卖盘
1067,13:01:29,10.21,0.01,4,4084,中性盘
1068,13:01:25,10.2,--,71,72420,卖盘
1069,13:01:20,10.2,-0.01,99,100980,卖盘
1070,13:01:14,10.21,--,12,12252,买盘
1071,13:01:08,10.21,--,50,51050,买盘
1072,13:01:05,10.21,--,3,3063,买盘
1073,13:00:59,10.21,--,16,16336,卖盘
1074,13:00:53,10.21,--,20,20420,卖盘
1075,13:00:44,10.21,-0.01,96,98016,卖盘
1076,13:00:38,10.22,0.01,17,17374,买盘
1077,13:00:34,10.21,-0.01,17,17357,卖盘
1078,13:00:23,10.22,0.02,42,42924,买盘
1079,13:00:19,10.2,-0.02,89,90780,卖盘
1080,13:00:14,10.22,--,524,535528,买盘
1081,13:00:08,10.22,--,552,564144,买盘
1082,13:00:04,10.22,-0.03,2732,2792104,卖盘
1083,11:30:00,10.25,--,0,0,买盘
1084,11:30:00,10.25,--,0,0,买盘
1085,11:29:59,10.25,--,36,36900,买盘
1086,11:29:54,10.25,0.01,11,11275,买盘
1087,11:29:50,10.24,-0.01,100,102400,卖盘
1088,11:29:39,10.25,0.01,5,5125,买盘
1089,11:29:35,10.24,--,77,78848,买盘
1090,11:29:30,10.24,-0.01,414,423936,卖盘
1091,11:29:24,10.25,--,6,6150,买盘
1092,11:29:20,10.25,--,10,10250,买盘
1093,11:29:15,10.25,0.01,15,15375,买盘
1094,11:29:05,10.24,-0.01,65,66560,卖盘
1095,11:29:00,10.25,0.01,224,229600,买盘
1096,11:28:50,10.24,--,29,29696,卖盘
1097,11:28:45,10.24,--,149,152576,卖盘
1098,11:28:35,10.24,-0.01,11,11264,卖盘
1099,11:28:30,10.25,0.01,190,194750,买盘
1100,11:28:24,10.24,--,44,45056,卖盘
1101,11:28:20,10.24,--,3,3072,卖盘
1102,11:28:15,10.24,--,128,131072,买盘
1103,11:28:05,10.24,-0.01,363,371712,卖盘
1104,11:28:00,10.25,0.01,18,18450,买盘
1105,11:27:54,10.24,-0.01,45,46080,卖盘
1106,11:27:50,10.25,--,3,3075,买盘
1107,11:27:45,10.25,--,49,50225,买盘
1108,11:27:39,10.25,-0.01,371,380592,卖盘
1109,11:27:35,10.26,0.01,16,16416,买盘
1110,11:27:30,10.25,--,49,50225,卖盘
1111,11:27:24,10.25,-0.01,226,231650,卖盘
1112,11:27:20,10.26,0.01,54,55404,买盘
1113,11:27:15,10.25,--,112,114800,卖盘
1114,11:27:09,10.25,--,46,47150,卖盘
1115,11:27:05,10.25,-0.01,20,20500,卖盘
1116,11:27:00,10.26,--,120,123304,买盘
1117,11:26:54,10.26,--,130,133380,买盘
1118,11:26:50,10.26,0.01,21,21546,买盘
1119,11:26:45,10.25,--,430,440750,卖盘
1120,11:26:39,10.25,-0.01,0,10,卖盘
1121,11:26:35,10.26,--,139,142614,买盘
1122,11:26:30,10.26,-0.01,16,16416,买盘
1123,11:26:24,10.27,--,0,0,买盘
1124,11:26:20,10.27,--,248,254696,买盘
1125,11:26:09,10.27,--,32,32864,买盘
1126,11:26:05,10.27,0.01,94,96538,买盘
1127,11:26:00,10.26,--,63,64638,卖盘
1128,11:25:50,10.26,--,657,674082,卖盘
1129,11:25:45,10.26,--,18,18468,卖盘
1130,11:25:35,10.26,-0.01,160,164160,卖盘
1131,11:25:30,10.27,0.01,5,5135,买盘
1132,11:25:20,10.26,--,369,378594,卖盘
1133,11:25:15,10.26,-0.01,14,14364,卖盘
1134,11:25:05,10.27,--,5,5135,买盘
1135,11:25:00,10.27,--,52,54071,卖盘
1136,11:24:50,10.27,--,62,63674,卖盘
1137,11:24:45,10.27,--,33,33891,卖盘
1138,11:24:29,10.27,-0.01,134,137618,卖盘
1139,11:24:24,10.28,0.01,8,8224,买盘
1140,11:24:19,10.27,-0.01,5,5135,卖盘
1141,11:24:14,10.28,0.01,380,390640,买盘
1142,11:24:09,10.27,--,63,64701,卖盘
1143,11:24:04,10.27,-0.01,211,216697,卖盘
1144,11:23:59,10.28,--,126,129527,买盘
1145,11:23:54,10.28,0.01,26,26728,买盘
1146,11:23:48,10.27,-0.01,30,30810,卖盘
1147,11:23:44,10.28,--,24,24672,买盘
1148,11:23:39,10.28,--,111,114108,买盘
1149,11:23:35,10.28,--,30,30839,买盘
1150,11:23:29,10.28,--,21,21588,买盘
1151,11:23:24,10.28,0.01,20,20560,买盘
1152,11:23:18,10.27,-0.01,69,70863,卖盘
1153,11:23:14,10.28,--,2,2056,买盘
1154,11:23:09,10.28,--,108,111980,卖盘
1155,11:22:59,10.28,-0.01,445,457460,卖盘
1156,11:22:54,10.29,--,10,10290,买盘
1157,11:22:48,10.29,--,1,1029,买盘
1158,11:22:44,10.29,--,16,16464,买盘
1159,11:22:33,10.29,--,20,20580,买盘
1160,11:22:29,10.29,0.01,20,20580,买盘
1161,11:22:18,10.28,-0.01,10,10280,卖盘
1162,11:22:14,10.29,--,178,183161,买盘
1163,11:22:09,10.29,--,5,5145,买盘
1164,11:21:59,10.29,0.01,49,50420,买盘
1165,11:21:54,10.28,--,45,46260,卖盘
1166,11:21:48,10.28,--,13,13364,卖盘
1167,11:21:39,10.28,--,7,7196,卖盘
1168,11:21:29,10.28,--,105,107940,卖盘
1169,11:21:14,10.28,-0.01,53,54484,卖盘
1170,11:21:09,10.29,--,10,10290,买盘
1171,11:20:59,10.29,--,7,7202,买盘
1172,11:20:54,10.29,--,18,18522,买盘
1173,11:20:48,10.29,--,6,6173,买盘
1174,11:20:44,10.29,0.01,5,5145,买盘
1175,11:20:39,10.28,-0.01,1,1099,卖盘
1176,11:20:33,10.29,--,1,1029,买盘
1177,11:20:24,10.29,-0.01,90,92609,卖盘
1178,11:20:18,10.3,0.03,12,12360,买盘
1179,11:20:14,10.27,-0.02,658,675766,卖盘
1180,11:20:09,10.29,-0.01,104,107015,卖盘
1181,11:20:03,10.3,--,5,5150,买盘
1182,11:19:54,10.3,--,99,101970,买盘
1183,11:19:44,10.3,--,16,16480,买盘
1184,11:19:39,10.3,--,10,10300,买盘
1185,11:19:33,10.3,--,11,11330,买盘
1186,11:19:29,10.3,--,4,4120,买盘
1187,11:19:24,10.3,--,243,250290,买盘
1188,11:19:18,10.3,--,10,10300,买盘
1189,11:19:14,10.3,--,129,132870,买盘
1190,11:18:59,10.3,0.01,2,2060,买盘
1191,11:18:54,10.29,-0.01,50,51449,卖盘
1192,11:18:44,10.3,0.01,74,76662,买盘
1193,11:18:39,10.29,--,20,20580,卖盘
1194,11:18:29,10.29,--,6,6173,卖盘
1195,11:18:18,10.29,--,158,163353,买盘
1196,11:18:14,10.29,--,114,117305,买盘
1197,11:18:09,10.29,--,120,123479,买盘
1198,11:17:59,10.29,0.01,10,10290,买盘
1199,11:17:54,10.28,-0.01,1,1028,卖盘
1200,11:17:44,10.29,--,2,2058,买盘
1201,11:17:39,10.29,0.01,44,45275,买盘
1202,11:17:33,10.28,--,1,1028,卖盘
1203,11:17:18,10.28,--,55,56540,买盘
1204,11:17:08,10.28,--,1,1028,买盘
1205,11:17:03,10.28,--,7,7196,买盘
1206,11:16:59,10.28,-0.01,71,72988,卖盘
1207,11:16:48,10.29,--,2,2058,买盘
1208,11:16:42,10.29,--,3,3086,买盘
1209,11:16:38,10.29,--,10,10290,买盘
1210,11:16:23,10.29,--,2,2058,买盘
1211,11:16:18,10.29,-0.01,2003,2061086,卖盘
1212,11:16:08,10.3,--,72,74160,买盘
1213,11:16:03,10.3,--,90,92700,买盘
1214,11:15:57,10.3,--,4,4120,买盘
1215,11:15:53,10.3,--,174,179220,买盘
1216,11:15:48,10.3,--,20,20600,买盘
1217,11:15:38,10.3,--,25,25750,买盘
1218,11:15:33,10.3,--,35,36050,买盘
1219,11:15:23,10.3,--,100,103000,买盘
1220,11:15:18,10.3,--,2,2060,买盘
1221,11:15:12,10.3,--,13,13462,买盘
1222,11:15:08,10.3,--,238,245140,买盘
1223,11:15:03,10.3,--,25,25750,买盘
1224,11:14:57,10.3,0.01,2,2060,买盘
1225,11:14:48,10.29,--,3,3189,卖盘
1226,11:14:42,10.29,--,3,3086,卖盘
1227,11:14:38,10.29,0.01,20,20580,买盘
1228,11:14:33,10.28,-0.01,61,63088,卖盘
1229,11:14:27,10.29,--,10,10290,买盘
1230,11:14:23,10.29,0.01,42,43218,买盘
1231,11:14:18,10.28,--,50,51400,卖盘
1232,11:14:12,10.28,--,1,1028,卖盘
1233,11:14:08,10.28,--,446,459187,买盘
1234,11:14:03,10.28,--,154,158312,买盘
1235,11:13:57,10.28,--,296,304288,买盘
1236,11:13:53,10.28,--,81,83268,买盘
1237,11:13:48,10.28,--,202,207656,买盘
1238,11:13:42,10.28,--,276,283728,买盘
1239,11:13:38,10.28,--,88,90464,买盘
1240,11:13:32,10.28,--,232,238495,买盘
1241,11:13:23,10.28,0.01,16,16448,买盘
1242,11:13:18,10.27,-0.01,108,110916,卖盘
1243,11:13:11,10.28,--,20,20560,买盘
1244,11:13:08,10.28,--,121,124387,买盘
1245,11:13:03,10.28,0.01,94,96632,买盘
1246,11:12:57,10.27,--,86,88322,卖盘
1247,11:12:53,10.27,--,273,280371,卖盘
1248,11:12:48,10.27,--,52,53404,卖盘
1249,11:12:41,10.27,--,5,5135,卖盘
1250,11:12:38,10.27,-0.01,14,14378,卖盘
1251,11:12:32,10.28,0.01,74,76072,买盘
1252,11:12:26,10.27,-0.01,101,103727,卖盘
1253,11:12:23,10.28,0.01,80,82240,买盘
1254,11:12:18,10.27,-0.01,43,44161,卖盘
1255,11:12:08,10.28,0.01,101,103828,买盘
1256,11:12:02,10.27,--,80,82160,买盘
1257,11:11:56,10.27,-0.01,177,181779,卖盘
1258,11:11:53,10.28,0.01,3,3084,买盘
1259,11:11:47,10.27,--,150,154050,卖盘
1260,11:11:38,10.27,--,277,284479,卖盘
1261,11:11:32,10.27,-0.01,20,20540,卖盘
1262,11:11:26,10.28,--,10,10280,买盘
1263,11:11:23,10.28,--,174,178872,买盘
1264,11:11:17,10.28,0.02,652,670256,买盘
1265,11:11:08,10.26,--,58,59508,卖盘
1266,11:11:02,10.26,--,43,44118,卖盘
1267,11:10:56,10.26,--,26,26676,卖盘
1268,11:10:53,10.26,0.01,37,37962,中性盘
1269,11:10:47,10.25,-0.01,231,236775,卖盘
1270,11:10:41,10.26,--,15,15903,买盘
1271,11:10:38,10.26,--,115,117990,买盘
1272,11:10:32,10.26,--,306,313956,卖盘
1273,11:10:26,10.26,--,46,47196,卖盘
1274,11:10:23,10.26,--,876,898776,卖盘
1275,11:10:17,10.26,--,12,12312,卖盘
1276,11:10:11,10.26,--,122,125172,卖盘
1277,11:10:05,10.26,-0.01,19,19494,卖盘
1278,11:10:02,10.27,0.01,8,8216,买盘
1279,11:09:56,10.26,-0.01,474,486324,卖盘
1280,11:09:50,10.27,--,52,53404,买盘
1281,11:09:47,10.27,--,17,17459,买盘
1282,11:09:41,10.27,0.01,54,55458,买盘
1283,11:09:35,10.26,-0.01,232,238032,卖盘
1284,11:09:32,10.27,--,129,132483,买盘
1285,11:09:26,10.27,--,395,405665,卖盘
1286,11:09:20,10.27,-0.01,529,543283,卖盘
1287,11:09:17,10.28,--,205,210740,买盘
1288,11:09:11,10.28,--,45,46260,买盘
1289,11:09:05,10.28,--,11,11308,买盘
1290,11:09:02,10.28,-0.01,356,365968,卖盘
1291,11:08:56,10.29,0.01,16,16464,买盘
1292,11:08:50,10.28,-0.01,40,41120,卖盘
1293,11:08:47,10.29,0.01,88,90551,买盘
1294,11:08:41,10.28,-0.01,372,382416,卖盘
1295,11:08:35,10.29,-0.01,50,51449,卖盘
1296,11:08:32,10.3,0.01,20,20600,买盘
1297,11:08:26,10.29,-0.01,319,328251,卖盘
1298,11:08:20,10.3,--,3,3090,买盘
1299,11:08:17,10.3,--,113,116390,买盘
1300,11:08:11,10.3,--,274,282724,卖盘
1301,11:08:05,10.3,-0.01,15,15450,卖盘
1302,11:08:02,10.31,0.01,42,43302,买盘
1303,11:07:56,10.3,--,580,598121,卖盘
1304,11:07:50,10.3,--,3,3090,卖盘
1305,11:07:47,10.3,-0.01,48,49440,卖盘
1306,11:07:41,10.31,0.01,121,124751,买盘
1307,11:07:32,10.3,--,102,105060,卖盘
1308,11:07:26,10.3,--,3,3090,卖盘
1309,11:07:20,10.3,-0.02,24,25338,卖盘
1310,11:07:17,10.32,0.01,521,537672,买盘
1311,11:07:11,10.31,-0.01,21,21805,卖盘
1312,11:07:05,10.32,0.01,10,10320,买盘
1313,11:07:02,10.31,--,45,46395,卖盘
1314,11:06:47,10.31,--,20,20620,卖盘
1315,11:06:41,10.31,-0.01,15,15465,卖盘
1316,11:06:32,10.32,0.01,87,89784,买盘
1317,11:06:26,10.31,--,57,58767,卖盘
1318,11:06:20,10.31,--,7,7217,卖盘
1319,11:06:17,10.31,-0.01,27,27837,卖盘
1320,11:06:11,10.32,--,42,43602,买盘
1321,11:06:05,10.32,--,8,8256,卖盘
1322,11:06:02,10.32,--,29,29928,卖盘
1323,11:05:56,10.32,--,0,0,中性盘
1324,11:05:50,10.32,--,0,0,买盘
1325,11:05:47,10.32,--,15,15480,买盘
1326,11:05:41,10.32,-0.01,49,51084,卖盘
1327,11:05:35,10.33,0.01,19,19627,买盘
1328,11:05:32,10.32,--,24,24768,卖盘
1329,11:05:26,10.32,-0.01,12,12384,卖盘
1330,11:05:20,10.33,0.01,15,15495,买盘
1331,11:05:17,10.32,--,41,42828,卖盘
1332,11:05:11,10.32,--,18,18576,买盘
1333,11:05:02,10.32,--,96,99072,卖盘
1334,11:04:56,10.32,--,42,43344,卖盘
1335,11:04:41,10.32,--,87,89784,买盘
1336,11:04:32,10.32,--,28,28896,买盘
1337,11:04:26,10.32,-0.01,49,50568,卖盘
1338,11:04:20,10.33,--,2,2066,买盘
1339,11:04:17,10.33,--,139,143587,卖盘
1340,11:04:05,10.33,--,23,23759,卖盘
1341,11:04:02,10.33,--,1,1033,卖盘
1342,11:03:56,10.33,--,54,55782,卖盘
1343,11:03:50,10.33,-0.01,52,53716,卖盘
1344,11:03:47,10.34,--,55,56870,买盘
1345,11:03:41,10.34,0.01,10,10340,买盘
1346,11:03:35,10.33,--,8,8264,卖盘
1347,11:03:31,10.33,0.01,136,140488,买盘
1348,11:03:26,10.32,--,23,23736,买盘
1349,11:03:20,10.32,--,22,22704,买盘
1350,11:03:16,10.32,--,75,77400,买盘
1351,11:03:11,10.32,--,12,12384,买盘
1352,11:03:05,10.32,--,23,23736,买盘
1353,11:03:01,10.32,0.01,227,234264,买盘
1354,11:02:56,10.31,--,10,10310,卖盘
1355,11:02:50,10.31,--,389,401059,买盘
1356,11:02:46,10.31,0.01,28,28868,买盘
1357,11:02:41,10.3,-0.01,67,69010,卖盘
1358,11:02:35,10.31,0.01,153,158578,买盘
1359,11:02:29,10.3,--,50,51500,卖盘
1360,11:02:26,10.3,--,188,193640,卖盘
1361,11:02:20,10.3,--,112,115360,买盘
1362,11:02:14,10.3,--,14,14420,买盘
1363,11:02:11,10.3,--,284,292520,买盘
1364,11:02:05,10.3,--,260,267800,买盘
1365,11:01:59,10.3,--,30,30900,买盘
1366,11:01:56,10.3,--,40,41200,买盘
1367,11:01:50,10.3,-0.02,941,969230,卖盘
1368,11:01:44,10.32,--,28,28896,买盘
1369,11:01:41,10.32,0.01,322,332304,买盘
1370,11:01:35,10.31,--,247,254657,卖盘
1371,11:01:29,10.31,--,133,137123,卖盘
1372,11:01:26,10.31,--,788,812428,卖盘
1373,11:01:20,10.31,0.01,153,157743,买盘
1374,11:01:14,10.3,-0.01,64,65920,卖盘
1375,11:01:11,10.31,0.01,558,575298,买盘
1376,11:01:05,10.3,-0.01,1569,1616070,卖盘
1377,11:00:56,10.31,-0.01,6,6186,卖盘
1378,11:00:50,10.32,--,260,268320,卖盘
1379,11:00:44,10.32,--,0,0,卖盘
1380,11:00:41,10.32,--,6,6192,卖盘
1381,11:00:35,10.32,-0.01,430,443760,卖盘
1382,11:00:29,10.33,-0.01,30,30990,卖盘
1383,11:00:26,10.34,--,242,250228,买盘
1384,11:00:20,10.34,-0.01,291,300894,卖盘
1385,11:00:11,10.35,--,139,144061,卖盘
1386,11:00:05,10.35,--,381,394335,卖盘
1387,10:59:59,10.35,--,23,23805,卖盘
1388,10:59:56,10.35,--,221,228735,卖盘
1389,10:59:50,10.35,--,110,113850,卖盘
1390,10:59:44,10.35,--,27,27945,卖盘
1391,10:59:41,10.35,-0.01,307,318624,卖盘
1392,10:59:35,10.36,--,668,692048,卖盘
1393,10:59:29,10.36,--,257,266252,卖盘
1394,10:59:26,10.36,--,303,313908,卖盘
1395,10:59:20,10.36,--,43,44548,卖盘
1396,10:59:14,10.36,-0.01,34,35224,卖盘
1397,10:59:11,10.37,0.01,23,23851,买盘
1398,10:58:56,10.36,-0.01,74,76664,卖盘
1399,10:58:50,10.37,--,38,39406,买盘
1400,10:58:44,10.37,--,21,21777,买盘
1401,10:58:35,10.37,0.01,21,21777,买盘
1402,10:58:29,10.36,-0.01,6,6216,卖盘
1403,10:58:20,10.37,--,462,479093,卖盘
1404,10:58:11,10.37,--,534,553758,卖盘
1405,10:58:05,10.37,--,4,4148,卖盘
1406,10:57:59,10.37,--,10,10370,卖盘
1407,10:57:56,10.37,--,8,8296,卖盘
1408,10:57:50,10.37,-0.01,40,41480,卖盘
1409,10:57:41,10.38,0.01,26,26988,买盘
1410,10:57:35,10.37,--,5,5185,卖盘
1411,10:57:26,10.37,--,315,326655,卖盘
1412,10:57:20,10.37,-0.01,10,10370,卖盘
1413,10:57:14,10.38,0.01,2,2076,买盘
1414,10:57:05,10.37,--,61,63256,卖盘
1415,10:56:59,10.37,--,9,9333,卖盘
1416,10:56:55,10.37,-0.01,116,120291,卖盘
1417,10:56:50,10.38,--,187,194106,买盘
1418,10:56:40,10.38,0.01,10,10380,买盘
1419,10:56:35,10.37,--,1,1037,卖盘
1420,10:56:20,10.37,--,10,10370,卖盘
1421,10:55:44,10.37,--,26,26961,卖盘
1422,10:55:40,10.37,--,214,221917,卖盘
1423,10:55:35,10.37,-0.01,1,1037,卖盘
1424,10:55:29,10.38,0.01,2,2076,买盘
1425,10:55:25,10.37,-0.01,12,12443,卖盘
1426,10:55:20,10.38,--,24,24912,买盘
1427,10:55:14,10.38,0.01,10,10380,买盘
1428,10:55:09,10.37,-0.01,15,15554,卖盘
1429,10:55:05,10.38,0.01,13,13494,买盘
1430,10:54:59,10.37,--,9,9333,卖盘
1431,10:54:50,10.37,--,9,9333,卖盘
1432,10:54:35,10.37,-0.01,18,18666,卖盘
1433,10:54:29,10.38,--,6,6228,买盘
1434,10:54:23,10.38,--,4,4152,买盘
1435,10:54:20,10.38,--,57,59166,买盘
1436,10:54:14,10.38,--,28,29064,买盘
1437,10:53:59,10.38,0.01,165,171270,买盘
1438,10:53:50,10.37,-0.01,40,41480,卖盘
1439,10:53:44,10.38,--,95,98610,买盘
1440,10:53:38,10.38,--,10,10380,买盘
1441,10:53:35,10.38,--,8,8304,卖盘
1442,10:53:23,10.38,--,10,10380,卖盘
1443,10:53:20,10.38,--,11,11418,卖盘
1444,10:53:14,10.38,--,39,40482,卖盘
1445,10:53:05,10.38,0.01,65,67470,买盘
1446,10:52:59,10.37,-0.01,40,41480,卖盘
1447,10:52:53,10.38,0.01,60,62280,卖盘
1448,10:52:50,10.37,-0.01,550,570350,卖盘
1449,10:52:44,10.38,--,28,29064,买盘
1450,10:52:38,10.38,--,31,32178,买盘
1451,10:52:35,10.38,--,25,25950,买盘
1452,10:52:29,10.38,--,153,158814,买盘
1453,10:52:23,10.38,--,80,83040,买盘
1454,10:52:20,10.38,--,15,15570,买盘
1455,10:52:14,10.38,--,160,166080,买盘
1456,10:52:05,10.38,--,10,10380,买盘
1457,10:51:59,10.38,0.01,15,15570,买盘
1458,10:51:53,10.37,--,20,20740,卖盘
1459,10:51:50,10.37,--,1,1037,卖盘
1460,10:51:44,10.37,-0.01,158,163846,卖盘
1461,10:51:38,10.38,0.01,3,3114,买盘
1462,10:51:35,10.37,0.01,488,506055,买盘
1463,10:51:29,10.36,-0.01,88,91168,卖盘
1464,10:51:23,10.37,0.01,13,13480,买盘
1465,10:51:20,10.36,--,29,30044,卖盘
1466,10:51:14,10.36,-0.01,52,53872,卖盘
1467,10:51:05,10.37,--,13,13480,买盘
1468,10:50:59,10.37,0.01,5,5185,买盘
1469,10:50:50,10.36,-0.01,164,169904,卖盘
1470,10:50:44,10.37,--,20,20740,买盘
1471,10:50:38,10.37,0.01,133,137921,买盘
1472,10:50:35,10.36,-0.01,88,91168,卖盘
1473,10:50:29,10.37,--,304,315248,买盘
1474,10:50:23,10.37,0.01,10,10370,买盘
1475,10:50:19,10.36,-0.01,50,51800,卖盘
1476,10:50:14,10.37,--,101,105732,买盘
1477,10:50:08,10.37,0.01,3,3110,买盘
1478,10:50:04,10.36,--,9,9324,卖盘
1479,10:49:59,10.36,-0.01,6,6216,卖盘
1480,10:49:49,10.37,0.01,5,5185,买盘
1481,10:49:44,10.36,-0.01,203,210308,卖盘
1482,10:49:38,10.37,--,5,5185,买盘
1483,10:49:29,10.37,0.01,114,118217,买盘
1484,10:49:23,10.36,--,34,35224,卖盘
1485,10:49:19,10.36,-0.01,142,147112,卖盘
1486,10:49:04,10.37,0.01,22,22814,买盘
1487,10:48:59,10.36,--,17,17612,卖盘
1488,10:48:53,10.36,-0.01,20,20720,卖盘
1489,10:48:49,10.37,--,19,19703,买盘
1490,10:48:44,10.37,--,332,344284,买盘
1491,10:48:38,10.37,0.01,85,88145,买盘
1492,10:48:34,10.36,-0.01,1,1036,卖盘
1493,10:48:29,10.37,-0.01,371,384727,卖盘
1494,10:48:23,10.38,--,15,15570,买盘
1495,10:48:19,10.38,0.01,20,20760,买盘
1496,10:48:14,10.37,--,10,10370,卖盘
1497,10:48:08,10.37,--,35,36295,卖盘
1498,10:48:04,10.37,--,18,18666,卖盘
1499,10:47:59,10.37,0.01,17,17629,中性盘
1500,10:47:53,10.36,-0.01,83,85988,卖盘
1501,10:47:49,10.37,0.01,237,245768,买盘
1502,10:47:44,10.36,--,22,22792,卖盘
1503,10:47:29,10.36,--,44,45584,卖盘
1504,10:47:23,10.36,--,139,144004,卖盘
1505,10:47:14,10.36,--,70,72520,买盘
1506,10:47:08,10.36,--,492,509712,买盘
1507,10:47:02,10.36,--,55,56980,买盘
1508,10:46:59,10.36,-0.01,377,390572,卖盘
1509,10:46:53,10.37,--,63,65330,买盘
1510,10:46:47,10.37,-0.01,322,333914,卖盘
1511,10:46:44,10.38,--,84,87192,买盘
1512,10:46:38,10.38,--,38,39444,买盘
1513,10:46:32,10.38,-0.01,146,151548,卖盘
1514,10:46:29,10.39,--,197,204683,买盘
1515,10:46:23,10.39,0.01,95,98705,买盘
1516,10:46:17,10.38,-0.01,45,46710,卖盘
1517,10:46:14,10.39,0.01,176,182864,买盘
1518,10:46:08,10.38,--,182,188916,卖盘
1519,10:46:02,10.38,--,115,119370,卖盘
1520,10:45:59,10.38,--,29,30102,卖盘
1521,10:45:53,10.38,--,0,0,卖盘
1522,10:45:44,10.38,--,290,301020,卖盘
1523,10:45:38,10.38,-0.01,98,101724,卖盘
1524,10:45:32,10.39,--,34,35326,买盘
1525,10:45:29,10.39,0.01,66,68574,买盘
1526,10:45:23,10.38,-0.01,54,56052,卖盘
1527,10:45:17,10.39,--,82,85198,买盘
1528,10:45:14,10.39,--,89,92471,买盘
1529,10:45:08,10.39,--,830,862370,卖盘
1530,10:44:53,10.39,--,38,39482,卖盘
1531,10:44:47,10.39,--,20,20780,卖盘
1532,10:44:44,10.39,--,13,13507,卖盘
1533,10:44:32,10.39,--,100,103900,卖盘
1534,10:44:28,10.39,--,6,6234,卖盘
1535,10:44:23,10.39,-0.01,29,30131,卖盘
1536,10:44:17,10.4,0.01,527,548080,买盘
1537,10:44:13,10.39,--,10,10390,卖盘
1538,10:44:08,10.39,-0.01,216,224424,卖盘
1539,10:44:02,10.4,--,34,35360,买盘
1540,10:43:59,10.4,--,42,43680,买盘
1541,10:43:53,10.4,--,226,235040,买盘
1542,10:43:47,10.4,--,8,8320,买盘
1543,10:43:43,10.4,--,27,28080,买盘
1544,10:43:38,10.4,-0.01,722,750880,卖盘
1545,10:43:28,10.41,--,37,38517,卖盘
1546,10:43:23,10.41,--,37,38517,买盘
1547,10:43:17,10.41,--,10,10410,买盘
1548,10:43:13,10.41,--,123,128043,卖盘
1549,10:43:08,10.41,0.01,36,37476,买盘
1550,10:42:58,10.4,-0.01,1585,1648400,卖盘
1551,10:42:53,10.41,0.01,33,34353,买盘
1552,10:42:47,10.4,-0.01,52,54080,卖盘
1553,10:42:43,10.41,--,50,52050,买盘
1554,10:42:38,10.41,--,304,316464,卖盘
1555,10:42:23,10.41,--,9,9369,卖盘
1556,10:42:17,10.41,--,37,38517,卖盘
1557,10:42:13,10.41,-0.01,1248,1299365,卖盘
1558,10:42:08,10.42,--,44,45848,卖盘
1559,10:41:58,10.42,-0.01,116,120872,卖盘
1560,10:41:53,10.43,0.01,27,28161,买盘
1561,10:41:47,10.42,--,349,363658,卖盘
1562,10:41:43,10.42,-0.01,341,355322,卖盘
1563,10:41:38,10.43,0.01,58,60494,买盘
1564,10:41:32,10.42,-0.01,9,9378,卖盘
1565,10:41:28,10.43,0.01,91,94913,买盘
1566,10:41:23,10.42,--,46,47932,卖盘
1567,10:41:17,10.42,--,2,2084,卖盘
1568,10:41:13,10.42,--,145,151090,卖盘
1569,10:41:08,10.42,--,91,94822,卖盘
1570,10:40:58,10.42,--,101,105242,卖盘
1571,10:40:53,10.42,--,84,87528,卖盘
1572,10:40:47,10.42,--,20,20840,卖盘
1573,10:40:43,10.42,--,120,125040,卖盘
1574,10:40:38,10.42,-0.01,18,18756,卖盘
1575,10:40:32,10.43,0.01,8,8344,买盘
1576,10:40:28,10.42,--,100,104200,卖盘
1577,10:40:23,10.42,-0.01,430,448060,卖盘
1578,10:40:17,10.43,--,421,439530,卖盘
1579,10:40:13,10.43,--,68,70924,卖盘
1580,10:40:08,10.43,--,25,26075,卖盘
1581,10:39:58,10.43,--,23,23989,卖盘
1582,10:39:53,10.43,-0.01,423,441189,卖盘
1583,10:39:47,10.44,--,8,8352,买盘
1584,10:39:43,10.44,--,42,44672,卖盘
1585,10:39:38,10.44,--,70,73080,卖盘
1586,10:39:32,10.44,--,127,132588,卖盘
1587,10:39:23,10.44,--,843,880092,卖盘
1588,10:39:17,10.44,--,4,4176,卖盘
1589,10:39:11,10.44,--,5,5220,卖盘
1590,10:39:08,10.44,--,9,9396,卖盘
1591,10:39:02,10.44,--,23,24012,卖盘
1592,10:38:56,10.44,--,4,4176,卖盘
1593,10:38:53,10.44,--,6,6264,卖盘
1594,10:38:47,10.44,-0.01,4,4176,卖盘
1595,10:38:38,10.45,--,8,8360,买盘
1596,10:38:23,10.45,--,50,52250,买盘
1597,10:38:08,10.45,0.01,19,19855,买盘
1598,10:38:02,10.44,--,5,5220,卖盘
1599,10:37:56,10.44,--,2,2088,卖盘
1600,10:37:53,10.44,--,34,35496,卖盘
1601,10:37:47,10.44,-0.01,34,35496,卖盘
1602,10:37:26,10.45,0.01,68,71060,买盘
1603,10:37:17,10.44,-0.01,11,11484,卖盘
1604,10:37:07,10.45,--,17,17765,买盘
1605,10:36:56,10.45,0.01,139,145255,买盘
1606,10:36:52,10.44,-0.01,3,3132,卖盘
1607,10:36:47,10.45,--,2,2090,买盘
1608,10:36:37,10.45,--,7,7314,买盘
1609,10:36:32,10.45,--,13,13584,买盘
1610,10:36:26,10.45,--,40,41800,买盘
1611,10:36:17,10.45,0.01,40,41800,买盘
1612,10:36:11,10.44,--,60,62640,卖盘
1613,10:36:07,10.44,-0.01,5,5220,卖盘
1614,10:36:02,10.45,0.01,5,5225,买盘
1615,10:35:32,10.44,--,24,25056,卖盘
1616,10:35:22,10.44,--,45,46980,卖盘
1617,10:35:17,10.44,--,4,4176,卖盘
1618,10:35:02,10.44,--,70,73080,卖盘
1619,10:34:56,10.44,-0.01,11,11484,卖盘
1620,10:34:47,10.45,--,4,4180,买盘
1621,10:34:17,10.45,--,2,2090,买盘
1622,10:34:07,10.45,--,1,1045,买盘
1623,10:33:52,10.45,--,3,3135,买盘
1624,10:33:47,10.45,--,9,9405,买盘
1625,10:33:22,10.45,0.01,3,3135,买盘
1626,10:33:17,10.44,--,17,17748,卖盘
1627,10:33:11,10.44,--,18,18792,卖盘
1628,10:33:02,10.44,-0.01,90,93960,卖盘
1629,10:32:47,10.45,0.01,54,56429,买盘
1630,10:32:41,10.44,--,50,52200,卖盘
1631,10:32:37,10.44,--,36,37584,卖盘
1632,10:32:17,10.44,--,137,143247,买盘
1633,10:32:02,10.44,--,176,183744,买盘
1634,10:31:56,10.44,--,17,17748,买盘
1635,10:31:52,10.44,--,51,53244,买盘
1636,10:31:47,10.44,--,92,96048,买盘
1637,10:31:32,10.44,--,10,10440,买盘
1638,10:31:26,10.44,--,92,96048,买盘
1639,10:31:20,10.44,0.01,22,22968,买盘
1640,10:31:17,10.43,-0.01,10,10430,卖盘
1641,10:31:02,10.44,0.01,85,88740,买盘
1642,10:30:56,10.43,-0.01,9,9387,卖盘
1643,10:30:50,10.44,--,5,5220,买盘
1644,10:30:47,10.44,--,319,333036,买盘
1645,10:30:35,10.44,--,36,38408,卖盘
1646,10:30:31,10.44,--,10,10440,卖盘
1647,10:30:26,10.44,--,6,6483,买盘
1648,10:30:20,10.44,--,30,31320,买盘
1649,10:30:11,10.44,--,27,28188,买盘
1650,10:30:02,10.44,--,75,78300,卖盘
1651,10:29:56,10.44,--,84,87696,买盘
1652,10:29:41,10.44,--,7,7308,买盘
1653,10:29:35,10.44,--,4,4176,买盘
1654,10:29:31,10.44,-0.01,2,2088,卖盘
1655,10:29:26,10.45,--,313,327085,买盘
1656,10:29:01,10.45,--,6,6270,买盘
1657,10:28:56,10.45,0.02,50,52250,买盘
1658,10:28:41,10.43,-0.01,58,60494,卖盘
1659,10:28:31,10.44,--,26,27144,卖盘
1660,10:28:11,10.44,--,78,81432,买盘
1661,10:28:05,10.44,0.01,30,31320,买盘
1662,10:27:56,10.43,-0.01,26,27118,卖盘
1663,10:27:41,10.44,0.01,21,21924,中性盘
1664,10:27:35,10.43,-0.01,99,103257,卖盘
1665,10:27:31,10.44,0.01,202,210888,买盘
1666,10:27:26,10.43,-0.01,11,11473,卖盘
1667,10:27:16,10.44,0.01,431,449964,买盘
1668,10:27:11,10.43,-0.01,3,3129,卖盘
1669,10:27:05,10.44,--,21,21924,买盘
1670,10:26:50,10.44,--,81,84564,买盘
1671,10:26:41,10.44,0.01,97,101268,买盘
1672,10:26:31,10.43,--,57,59451,卖盘
1673,10:26:26,10.43,-0.01,80,83440,卖盘
1674,10:26:20,10.44,0.01,26,27144,买盘
1675,10:26:01,10.43,-0.01,12,12516,卖盘
1676,10:25:56,10.44,--,98,102312,买盘
1677,10:25:50,10.44,--,1,1044,买盘
1678,10:25:41,10.44,--,209,218196,买盘
1679,10:25:16,10.44,0.01,3,3132,买盘
1680,10:25:01,10.43,-0.01,5,5215,卖盘
1681,10:24:56,10.44,--,210,219240,买盘
1682,10:24:46,10.44,0.01,40,41760,买盘
1683,10:24:41,10.43,-0.01,200,208600,卖盘
1684,10:24:31,10.44,--,10,10440,买盘
1685,10:24:20,10.44,0.01,13,13572,买盘
1686,10:24:05,10.43,-0.01,6,6258,卖盘
1687,10:24:01,10.44,--,5,5220,买盘
1688,10:23:56,10.44,0.01,15,15660,买盘
1689,10:23:46,10.43,-0.01,16,16688,卖盘
1690,10:23:41,10.44,0.01,4,4176,卖盘
1691,10:23:35,10.43,-0.01,107,111601,卖盘
1692,10:23:26,10.44,--,109,114213,买盘
1693,10:23:20,10.44,--,24,25056,买盘
1694,10:23:14,10.44,--,19,19836,买盘
1695,10:23:10,10.44,--,97,101268,买盘
1696,10:23:05,10.44,--,40,41760,买盘
1697,10:22:44,10.44,--,1,1044,买盘
1698,10:22:35,10.44,--,15,16286,卖盘
1699,10:22:29,10.44,--,55,57420,卖盘
1700,10:22:25,10.44,--,14,14616,卖盘
1701,10:22:14,10.44,-0.01,20,20880,卖盘
1702,10:22:10,10.45,--,110,114949,买盘
1703,10:22:05,10.45,0.01,35,36575,买盘
1704,10:21:59,10.44,--,36,37584,卖盘
1705,10:21:55,10.44,--,8,8352,卖盘
1706,10:21:50,10.44,--,7,7308,卖盘
1707,10:21:40,10.44,--,186,194184,卖盘
1708,10:21:34,10.44,-0.01,11,11484,卖盘
1709,10:21:25,10.45,--,48,50160,买盘
1710,10:21:20,10.45,--,22,22990,买盘
1711,10:20:50,10.45,0.01,30,31349,买盘
1712,10:20:25,10.44,--,1,1044,卖盘
1713,10:19:49,10.44,-0.01,30,31320,卖盘
1714,10:19:44,10.45,0.01,10,10450,买盘
1715,10:19:40,10.44,-0.01,106,110664,卖盘
1716,10:19:35,10.45,--,83,86735,买盘
1717,10:19:29,10.45,--,22,22990,买盘
1718,10:19:10,10.45,--,114,119129,买盘
1719,10:18:59,10.45,--,35,36575,买盘
1720,10:18:50,10.45,--,2,2090,买盘
1721,10:18:35,10.45,--,1,1045,买盘
1722,10:18:29,10.45,0.01,10,10450,买盘
1723,10:18:04,10.44,--,29,30276,卖盘
1724,10:17:59,10.44,--,10,10440,卖盘
1725,10:17:49,10.44,-0.01,99,103356,卖盘
1726,10:17:44,10.45,0.01,1,1045,买盘
1727,10:17:35,10.44,-0.01,338,352872,卖盘
1728,10:17:29,10.45,0.01,3,3135,买盘
1729,10:17:24,10.44,-0.01,30,31320,卖盘
1730,10:17:14,10.45,0.01,59,61654,买盘
1731,10:17:09,10.44,--,303,316332,卖盘
1732,10:17:05,10.44,--,10,10440,卖盘
1733,10:16:54,10.44,--,67,69948,卖盘
1734,10:16:50,10.44,--,50,52200,卖盘
1735,10:16:44,10.44,--,10,10440,卖盘
1736,10:16:39,10.44,-0.01,20,20880,卖盘
1737,10:16:34,10.45,0.01,10,10450,买盘
1738,10:16:29,10.44,--,4,4176,卖盘
1739,10:16:24,10.44,--,4,4176,卖盘
1740,10:16:14,10.44,-0.01,50,52200,卖盘
1741,10:16:08,10.45,--,23,24035,卖盘
1742,10:16:04,10.45,--,26,27169,卖盘
1743,10:15:59,10.45,--,22,22990,卖盘
1744,10:15:49,10.45,--,65,67925,卖盘
1745,10:15:38,10.45,--,173,180785,卖盘
1746,10:15:34,10.45,--,13,13584,卖盘
1747,10:15:29,10.45,--,244,254979,卖盘
1748,10:15:19,10.45,-0.01,29,30304,卖盘
1749,10:15:14,10.46,--,5,5230,买盘
1750,10:15:04,10.46,0.01,14,14644,买盘
1751,10:14:53,10.45,-0.01,10,10450,卖盘
1752,10:14:49,10.46,0.01,4,4184,买盘
1753,10:14:44,10.45,--,85,88825,卖盘
1754,10:14:38,10.45,--,27,28214,卖盘
1755,10:14:34,10.45,--,50,52250,卖盘
1756,10:14:29,10.45,--,113,118084,卖盘
1757,10:14:23,10.45,--,10,10450,卖盘
1758,10:14:19,10.45,--,5,5225,卖盘
1759,10:14:14,10.45,-0.01,1,1045,卖盘
1760,10:14:04,10.46,0.01,3,3138,买盘
1761,10:13:59,10.45,-0.01,2,2090,卖盘
1762,10:13:53,10.46,--,2,2092,买盘
1763,10:13:29,10.46,0.01,6,6276,买盘
1764,10:13:19,10.45,--,5,5225,买盘
1765,10:13:14,10.45,--,33,34485,买盘
1766,10:13:08,10.45,--,50,52250,买盘
1767,10:12:59,10.45,--,5,5225,买盘
1768,10:12:49,10.45,--,18,18810,买盘
1769,10:12:44,10.45,--,123,128534,卖盘
1770,10:12:38,10.45,--,50,52250,卖盘
1771,10:12:19,10.45,--,4,4180,卖盘
1772,10:12:14,10.45,-0.01,20,20900,卖盘
1773,10:12:08,10.46,--,5,5230,买盘
1774,10:11:38,10.46,0.01,119,124474,买盘
1775,10:11:34,10.45,-0.01,86,89870,卖盘
1776,10:11:29,10.46,--,2,2092,买盘
1777,10:11:23,10.46,0.01,20,20920,买盘
1778,10:11:19,10.45,-0.01,10,10450,卖盘
1779,10:11:04,10.46,--,14,14644,买盘
1780,10:10:59,10.46,--,44,46024,卖盘
1781,10:10:53,10.46,--,5,5230,卖盘
1782,10:10:49,10.46,--,14,14644,卖盘
1783,10:10:44,10.46,--,5,5230,卖盘
1784,10:10:38,10.46,--,36,37656,卖盘
1785,10:10:34,10.46,--,4,4184,卖盘
1786,10:10:22,10.46,--,102,106692,卖盘
1787,10:10:18,10.46,--,8,8368,卖盘
1788,10:10:14,10.46,--,20,20920,卖盘
1789,10:10:08,10.46,--,36,37656,卖盘
1790,10:10:03,10.46,-0.01,10,10460,卖盘
1791,10:09:58,10.47,--,10,10470,买盘
1792,10:09:43,10.47,0.01,40,41880,买盘
1793,10:09:37,10.46,--,20,20920,卖盘
1794,10:09:28,10.46,--,4,4184,卖盘
1795,10:09:23,10.46,--,21,21966,卖盘
1796,10:09:13,10.46,--,70,73220,卖盘
1797,10:09:08,10.46,--,100,104600,卖盘
1798,10:09:03,10.46,--,35,36610,卖盘
1799,10:08:38,10.46,--,312,326352,买盘
1800,10:08:32,10.46,--,5,5230,买盘
1801,10:08:28,10.46,--,102,106692,买盘
1802,10:08:23,10.46,--,10,10460,买盘
1803,10:08:13,10.46,0.01,2,2092,买盘
1804,10:08:07,10.45,--,7,7314,卖盘
1805,10:07:58,10.45,--,56,58519,卖盘
1806,10:07:52,10.45,--,281,293833,买盘
1807,10:07:47,10.45,--,43,44935,买盘
1808,10:07:43,10.45,--,221,230944,买盘
1809,10:07:38,10.45,--,59,61654,买盘
1810,10:07:28,10.45,--,84,87842,买盘
1811,10:07:22,10.45,--,333,347985,买盘
1812,10:07:17,10.45,0.01,7,7314,买盘
1813,10:07:13,10.44,-0.01,15,15660,卖盘
1814,10:07:07,10.45,--,43,44935,买盘
1815,10:06:53,10.45,--,45,47025,买盘
1816,10:06:47,10.45,0.01,20,20900,买盘
1817,10:06:43,10.44,-0.01,100,104400,卖盘
1818,10:06:38,10.45,--,82,85690,买盘
1819,10:06:28,10.45,0.01,47,49115,买盘
1820,10:06:23,10.44,-0.01,25,26100,卖盘
1821,10:06:17,10.45,--,13,13584,买盘
1822,10:06:13,10.45,0.01,3,3135,买盘
1823,10:06:08,10.44,--,8,8352,卖盘
1824,10:06:02,10.44,--,6,6264,卖盘
1825,10:05:53,10.44,--,14,14783,卖盘
1826,10:05:28,10.44,-0.01,18,18792,卖盘
1827,10:05:22,10.45,--,13,13584,买盘
1828,10:05:13,10.45,--,10,10450,买盘
1829,10:04:58,10.45,--,45,47025,买盘
1830,10:04:46,10.45,--,28,29259,买盘
1831,10:04:43,10.45,--,13,13584,买盘
1832,10:04:28,10.45,--,547,572471,卖盘
1833,10:04:22,10.45,--,61,63744,卖盘
1834,10:04:08,10.45,-0.01,5,5225,卖盘
1835,10:03:52,10.46,--,155,162130,买盘
1836,10:03:42,10.46,--,4,4184,买盘
1837,10:03:38,10.46,--,39,40794,买盘
1838,10:03:12,10.46,0.01,10,10460,买盘
1839,10:03:07,10.45,-0.01,77,80465,卖盘
1840,10:02:57,10.46,--,8,8368,买盘
1841,10:02:52,10.46,0.01,349,365054,买盘
1842,10:02:42,10.45,-0.01,200,209000,卖盘
1843,10:02:37,10.46,0.01,15,15690,买盘
1844,10:02:27,10.45,-0.01,10,10450,卖盘
1845,10:02:12,10.46,0.01,14,14644,买盘
1846,10:01:52,10.45,-0.01,108,112859,卖盘
1847,10:01:42,10.46,--,40,41840,买盘
1848,10:01:37,10.46,0.01,10,10460,买盘
1849,10:01:27,10.45,--,150,156750,卖盘
1850,10:01:22,10.45,--,250,261249,卖盘
1851,10:01:02,10.45,--,130,135850,卖盘
1852,10:00:52,10.45,--,80,83600,卖盘
1853,10:00:47,10.45,--,33,34485,卖盘
1854,10:00:41,10.45,-0.01,20,20900,卖盘
1855,10:00:37,10.46,0.01,11,11506,买盘
1856,10:00:32,10.45,-0.01,4,4180,卖盘
1857,10:00:25,10.46,0.01,4,4184,买盘
1858,10:00:22,10.45,--,138,144398,卖盘
1859,10:00:17,10.45,--,13,13584,卖盘
1860,10:00:07,10.45,-0.01,475,496374,卖盘
1861,10:00:02,10.46,0.01,242,253132,买盘
1862,09:59:47,10.45,-0.01,5,5225,卖盘
1863,09:59:41,10.46,0.01,13,13598,买盘
1864,09:59:37,10.45,--,30,31349,卖盘
1865,09:59:22,10.45,--,8,8360,卖盘
1866,09:59:17,10.45,-0.01,47,49115,卖盘
1867,09:58:52,10.46,0.01,8,8368,买盘
1868,09:58:46,10.45,-0.01,4,4180,卖盘
1869,09:58:32,10.46,--,1,1046,卖盘
1870,09:58:22,10.46,--,30,31380,卖盘
1871,09:58:10,10.46,-0.01,15,15690,卖盘
1872,09:58:02,10.47,--,3,3141,买盘
1873,09:57:56,10.47,--,8,8376,买盘
1874,09:57:51,10.47,0.02,1,1047,买盘
1875,09:57:47,10.45,-0.02,601,628045,卖盘
1876,09:57:37,10.47,0.01,290,303630,买盘
1877,09:57:32,10.46,-0.01,116,121336,卖盘
1878,09:57:21,10.47,--,100,104700,卖盘
1879,09:57:11,10.47,--,20,20940,卖盘
1880,09:57:06,10.47,-0.01,115,120405,卖盘
1881,09:57:01,10.48,0.01,6,6288,中性盘
1882,09:56:56,10.47,-0.01,58,60726,卖盘
1883,09:56:51,10.48,--,5,5240,买盘
1884,09:56:46,10.48,0.01,45,47160,买盘
1885,09:56:41,10.47,--,1,1047,卖盘
1886,09:56:36,10.47,--,4,4188,卖盘
1887,09:56:21,10.47,-0.01,4,4188,卖盘
1888,09:56:16,10.48,0.01,2,2096,买盘
1889,09:56:11,10.47,--,4,4188,卖盘
1890,09:56:06,10.47,-0.01,10,10470,卖盘
1891,09:55:51,10.48,--,50,52400,买盘
1892,09:55:46,10.48,--,0,0,中性盘
1893,09:55:41,10.48,--,58,60784,卖盘
1894,09:55:36,10.48,-0.01,31,32488,卖盘
1895,09:55:31,10.49,--,10,10490,买盘
1896,09:55:06,10.49,0.01,83,87067,买盘
1897,09:55:01,10.48,--,22,23056,卖盘
1898,09:54:51,10.48,-0.01,4,4192,卖盘
1899,09:54:36,10.49,--,1491,1564688,卖盘
1900,09:54:31,10.49,--,30,31470,卖盘
1901,09:54:21,10.49,-0.01,8,8392,卖盘
1902,09:54:06,10.5,0.01,20,21000,买盘
1903,09:54:01,10.49,0.02,739,775630,买盘
1904,09:53:56,10.47,--,7,7329,卖盘
1905,09:53:40,10.47,--,158,165426,买盘
1906,09:53:35,10.47,--,21,21987,买盘
1907,09:53:11,10.47,--,13,13611,卖盘
1908,09:53:05,10.47,--,44,46068,卖盘
1909,09:53:01,10.47,--,70,73290,卖盘
1910,09:52:56,10.47,--,50,52350,卖盘
1911,09:52:50,10.47,--,50,52350,卖盘
1912,09:52:45,10.47,--,96,100512,买盘
1913,09:52:26,10.47,0.01,3,3141,卖盘
1914,09:52:20,10.46,--,0,0,卖盘
1915,09:52:15,10.46,-0.01,251,262546,卖盘
1916,09:52:05,10.47,--,222,233198,买盘
1917,09:52:00,10.47,--,211,220917,买盘
1918,09:51:56,10.47,--,29,30363,买盘
1919,09:51:50,10.47,0.01,10,10470,买盘
1920,09:51:45,10.46,--,10,10460,卖盘
1921,09:51:41,10.46,--,1,1046,卖盘
1922,09:51:30,10.46,--,33,34518,买盘
1923,09:51:25,10.46,--,47,49162,买盘
1924,09:51:20,10.46,--,70,73220,卖盘
1925,09:51:11,10.46,--,7,7322,卖盘
1926,09:51:05,10.46,--,10,10460,卖盘
1927,09:51:00,10.46,-0.01,15,15690,卖盘
1928,09:50:55,10.47,--,61,63867,买盘
1929,09:50:45,10.47,0.01,68,71196,买盘
1930,09:50:40,10.46,0.01,58,60668,买盘
1931,09:50:35,10.45,-0.02,8,8360,卖盘
1932,09:50:30,10.47,0.02,67,70149,买盘
1933,09:50:25,10.45,--,14,14629,卖盘
1934,09:50:20,10.45,-0.01,221,230944,卖盘
1935,09:50:15,10.46,0.01,20,20920,买盘
1936,09:50:10,10.45,-0.01,133,138985,卖盘
1937,09:50:05,10.46,0.01,87,91002,买盘
1938,09:50:00,10.45,--,28,29259,卖盘
1939,09:49:55,10.45,-0.01,10,10450,卖盘
1940,09:49:50,10.46,0.01,68,71128,买盘
1941,09:49:40,10.45,-0.01,60,62699,卖盘
1942,09:49:34,10.46,--,4,4184,买盘
1943,09:49:30,10.46,--,56,58576,买盘
1944,09:49:25,10.46,--,86,89956,卖盘
1945,09:49:15,10.46,--,217,226982,卖盘
1946,09:49:10,10.46,-0.01,21,21966,卖盘
1947,09:49:05,10.47,--,56,58632,买盘
1948,09:49:00,10.47,--,241,252327,买盘
1949,09:48:55,10.47,--,68,71196,买盘
1950,09:48:49,10.47,--,10,10470,买盘
1951,09:48:45,10.47,--,305,319617,卖盘
1952,09:48:40,10.47,--,121,126687,卖盘
1953,09:48:35,10.47,--,200,209400,卖盘
1954,09:48:30,10.47,--,295,308865,卖盘
1955,09:48:25,10.47,--,333,348651,卖盘
1956,09:48:15,10.47,-0.01,117,122499,卖盘
1957,09:48:10,10.48,--,68,71264,买盘
1958,09:48:00,10.48,0.01,87,91176,买盘
1959,09:47:55,10.47,--,121,126687,卖盘
1960,09:47:50,10.47,-0.01,8,8376,卖盘
1961,09:47:45,10.48,0.01,258,271086,买盘
1962,09:47:40,10.47,-0.01,10,10532,卖盘
1963,09:47:35,10.48,--,74,77552,买盘
1964,09:47:30,10.48,0.01,72,75456,买盘
1965,09:47:25,10.47,--,96,100512,卖盘
1966,09:47:19,10.47,-0.01,6,6282,卖盘
1967,09:47:15,10.48,0.01,81,84888,买盘
1968,09:47:10,10.47,-0.01,18,18846,卖盘
1969,09:47:00,10.48,--,77,80696,买盘
1970,09:46:55,10.48,--,109,114232,卖盘
1971,09:46:50,10.48,-0.01,10,10480,卖盘
1972,09:46:45,10.49,0.01,135,141615,买盘
1973,09:46:39,10.48,--,54,56592,买盘
1974,09:46:35,10.48,--,30,31440,买盘
1975,09:46:29,10.48,--,96,100608,买盘
1976,09:46:25,10.48,-0.01,235,246280,卖盘
1977,09:46:20,10.49,0.01,92,96508,买盘
1978,09:46:14,10.48,-0.01,75,78600,卖盘
1979,09:46:10,10.49,0.01,19,19931,买盘
1980,09:46:05,10.48,--,142,148816,买盘
1981,09:45:55,10.48,--,51,53448,买盘
1982,09:45:50,10.48,--,7,7336,买盘
1983,09:45:44,10.48,--,170,178160,买盘
1984,09:45:39,10.48,--,20,20960,买盘
1985,09:45:35,10.48,--,36,37728,买盘
1986,09:45:29,10.48,0.01,21,22008,买盘
1987,09:45:14,10.47,-0.01,11,11517,卖盘
1988,09:45:09,10.48,--,144,150912,买盘
1989,09:45:05,10.48,--,8,8384,买盘
1990,09:44:59,10.48,--,40,41920,买盘
1991,09:44:54,10.48,--,56,58688,买盘
1992,09:44:49,10.48,--,220,230560,买盘
1993,09:44:43,10.48,--,149,156152,买盘
1994,09:44:34,10.48,--,64,67072,卖盘
1995,09:44:29,10.48,-0.01,123,128904,卖盘
1996,09:44:24,10.49,0.01,5,5245,买盘
1997,09:44:19,10.48,-0.01,20,20960,卖盘
1998,09:44:14,10.49,0.01,267,280083,买盘
1999,09:44:04,10.48,--,5,5240,卖盘
2000,09:43:59,10.48,-0.01,9,9432,中性盘
2001,09:43:54,10.49,0.01,30,31470,买盘
2002,09:43:49,10.48,--,35,36680,卖盘
2003,09:43:44,10.48,-0.01,21,22008,卖盘
2004,09:43:39,10.49,0.01,50,52450,买盘
2005,09:43:34,10.48,-0.01,9,9432,卖盘
2006,09:43:24,10.49,0.01,33,34617,买盘
2007,09:43:19,10.48,--,8,8384,卖盘
2008,09:43:14,10.48,-0.01,100,104800,卖盘
2009,09:43:09,10.49,--,9,9441,买盘
2010,09:43:04,10.49,0.01,3,3147,买盘
2011,09:42:59,10.48,--,36,37728,卖盘
2012,09:42:54,10.48,--,274,287152,卖盘
2013,09:42:49,10.48,--,67,70216,卖盘
2014,09:42:39,10.48,--,27,28296,卖盘
2015,09:42:34,10.48,-0.01,70,73360,卖盘
2016,09:42:24,10.49,0.01,84,88116,买盘
2017,09:42:13,10.48,--,10,10480,卖盘
2018,09:42:09,10.48,--,11,11528,卖盘
2019,09:41:54,10.48,-0.01,35,36680,卖盘
2020,09:41:49,10.49,0.01,11,11539,买盘
2021,09:41:44,10.48,-0.01,72,75456,卖盘
2022,09:41:39,10.49,--,4,4196,买盘
2023,09:41:34,10.49,--,44,46156,买盘
2024,09:41:29,10.49,0.01,3,3147,买盘
2025,09:41:24,10.48,-0.01,4,4192,卖盘
2026,09:41:14,10.49,--,20,20980,买盘
2027,09:41:09,10.49,0.01,14,14686,买盘
2028,09:41:04,10.48,0.01,117,122616,买盘
2029,09:40:59,10.47,-0.02,8,8376,卖盘
2030,09:40:54,10.49,0.01,2,2098,买盘
2031,09:40:49,10.48,-0.01,565,592120,卖盘
2032,09:40:39,10.49,--,18,18882,买盘
2033,09:40:34,10.49,--,58,60842,买盘
2034,09:40:24,10.49,--,31,32519,买盘
2035,09:40:19,10.49,0.01,65,68185,买盘
2036,09:40:14,10.48,-0.01,271,284008,卖盘
2037,09:40:09,10.49,--,127,133223,买盘
2038,09:40:04,10.49,--,32,33568,买盘
2039,09:39:54,10.49,--,11,11539,买盘
2040,09:39:49,10.49,-0.01,30,31470,卖盘
2041,09:39:38,10.5,0.01,1,1050,买盘
2042,09:39:34,10.49,-0.01,261,273789,卖盘
2043,09:39:28,10.5,--,4,4200,买盘
2044,09:39:24,10.5,--,0,0,买盘
2045,09:39:19,10.5,--,26,27300,买盘
2046,09:39:14,10.5,0.01,238,250656,买盘
2047,09:39:08,10.49,--,5,5245,卖盘
2048,09:38:58,10.49,-0.01,80,83920,卖盘
2049,09:38:53,10.5,0.01,19,19950,买盘
2050,09:38:49,10.49,-0.01,115,121117,卖盘
2051,09:38:34,10.5,0.01,28,29400,买盘
2052,09:38:28,10.49,-0.01,12,12588,卖盘
2053,09:38:23,10.5,--,22,23100,买盘
2054,09:38:18,10.5,0.01,50,52500,买盘
2055,09:38:13,10.49,-0.01,14,14686,卖盘
2056,09:38:03,10.5,0.01,23,24150,买盘
2057,09:37:59,10.49,--,40,41960,卖盘
2058,09:37:48,10.49,-0.01,15,15735,卖盘
2059,09:37:44,10.5,0.01,16,16800,买盘
2060,09:37:38,10.49,-0.01,12,12588,卖盘
2061,09:37:33,10.5,--,7,7350,买盘
2062,09:37:28,10.5,--,6,6300,买盘
2063,09:37:18,10.5,0.01,17,17850,买盘
2064,09:37:03,10.49,-0.01,200,209800,卖盘
2065,09:36:48,10.5,--,5,5250,卖盘
2066,09:36:38,10.5,--,10,10500,卖盘
2067,09:36:33,10.5,--,83,87150,卖盘
2068,09:36:28,10.5,--,40,42000,买盘
2069,09:36:23,10.5,--,56,58800,买盘
2070,09:36:18,10.5,0.01,9,9450,买盘
2071,09:36:13,10.49,-0.01,5,5245,卖盘
2072,09:36:03,10.5,0.01,44,46200,买盘
2073,09:35:43,10.49,-0.01,20,20980,卖盘
2074,09:35:38,10.5,0.01,32,33600,买盘
2075,09:35:28,10.49,0.01,20,21840,买盘
2076,09:35:23,10.48,-0.01,13,13624,卖盘
2077,09:35:18,10.49,--,10,10490,买盘
2078,09:35:13,10.49,--,140,146860,买盘
2079,09:35:03,10.49,--,11,11539,买盘
2080,09:34:58,10.49,--,10,10490,买盘
2081,09:34:48,10.49,0.01,12,12588,买盘
2082,09:34:43,10.48,-0.01,9,9432,卖盘
2083,09:34:27,10.49,0.01,53,55597,买盘
2084,09:34:18,10.48,0.01,5,5240,卖盘
2085,09:34:13,10.47,-0.01,5,5235,卖盘
2086,09:34:08,10.48,0.01,48,50304,买盘
2087,09:34:03,10.47,--,24,25128,卖盘
2088,09:33:58,10.47,-0.01,22,23034,卖盘
2089,09:33:52,10.48,0.01,14,14672,买盘
2090,09:33:48,10.47,--,0,0,卖盘
2091,09:33:43,10.47,--,39,40833,卖盘
2092,09:33:28,10.47,--,0,0,卖盘
2093,09:33:23,10.47,-0.01,50,52350,卖盘
2094,09:33:18,10.48,0.01,69,72312,买盘
2095,09:33:12,10.47,-0.01,4,4188,卖盘
2096,09:33:03,10.48,--,2,2096,买盘
2097,09:32:58,10.48,--,60,63068,卖盘
2098,09:32:53,10.48,--,5,5240,卖盘
2099,09:32:48,10.48,-0.01,79,83651,卖盘
2100,09:32:33,10.49,--,10,10490,买盘
2101,09:32:28,10.49,0.01,42,44058,买盘
2102,09:32:18,10.48,-0.01,35,36680,卖盘
2103,09:32:13,10.49,-0.01,10,10490,中性盘
2104,09:32:02,10.5,--,24,25200,买盘
2105,09:31:53,10.5,--,0,0,买盘
2106,09:31:47,10.5,0.02,48,50400,买盘
2107,09:31:42,10.48,-0.02,88,92224,卖盘
2108,09:31:38,10.5,0.01,50,52500,买盘
2109,09:31:32,10.49,--,33,34617,卖盘
2110,09:31:27,10.49,--,27,28323,买盘
2111,09:31:17,10.49,--,14,14686,买盘
2112,09:31:13,10.49,0.01,9,9441,买盘
2113,09:31:07,10.48,--,15,15720,卖盘
2114,09:30:51,10.48,--,0,0,卖盘
2115,09:30:42,10.48,--,7,7336,卖盘
2116,09:30:27,10.48,--,189,198072,卖盘
2117,09:30:21,10.48,--,2,2096,卖盘
2118,09:30:17,10.48,--,3,3144,卖盘
2119,09:30:12,10.48,--,17,17816,卖盘
2120,09:30:07,10.48,0.01,812,850976,买盘
2121,09:28:52,10.47,--,0,0,卖盘
2122,09:25:06,10.47,10.47,270,282690,买盘
