,time,price,change,volume,amount,type
0,15:00:00,3.1,--,0,0,卖盘
1,15:00:00,3.1,-0.01,0,0,卖盘
2,14:59:58,3.11,0.01,4497,1398567,买盘
3,14:59:48,3.1,-0.01,876,271560,卖盘
4,14:59:43,3.11,--,1439,447529,买盘
5,14:59:38,3.11,--,33,10263,买盘
6,14:59:32,3.11,--,727,226097,买盘
7,14:59:28,3.11,--,213,66243,买盘
8,14:59:23,3.11,0.01,66,20526,买盘
9,14:59:18,3.1,-0.01,38,11780,卖盘
10,14:59:13,3.11,--,1047,325617,买盘
11,14:59:08,3.11,0.01,8,2488,买盘
12,14:59:03,3.1,-0.01,155,48050,卖盘
13,14:58:58,3.11,--,152,47272,买盘
14,14:58:53,3.11,--,100,31100,买盘
15,14:58:48,3.11,0.01,96,29856,买盘
16,14:58:43,3.1,-0.01,394,122140,卖盘
17,14:58:38,3.11,--,495,153945,买盘
18,14:58:32,3.11,0.01,3,933,买盘
19,14:58:28,3.1,-0.01,330,102300,卖盘
20,14:58:23,3.11,0.01,1615,502265,买盘
21,14:58:17,3.1,--,69,21390,卖盘
22,14:58:12,3.1,-0.01,2,620,卖盘
23,14:58:08,3.11,0.01,123,38253,买盘
24,14:58:02,3.1,--,3376,1046560,卖盘
25,14:57:57,3.1,--,1268,393080,卖盘
26,14:57:53,3.1,-0.01,2970,920700,卖盘
27,14:57:42,3.11,--,120,37320,买盘
28,14:57:38,3.11,--,503,156433,买盘
29,14:57:31,3.11,0.01,48,14928,买盘
30,14:57:27,3.1,-0.01,460,142600,卖盘
31,14:57:23,3.11,0.01,32,9952,买盘
32,14:57:17,3.1,-0.01,350,108500,卖盘
33,14:57:12,3.11,--,833,259063,买盘
34,14:57:08,3.11,0.01,65,20215,买盘
35,14:57:02,3.1,-0.01,230,71300,卖盘
36,14:56:57,3.11,--,58,18038,买盘
37,14:56:53,3.11,--,235,73085,买盘
38,14:56:42,3.11,0.01,177,55047,买盘
39,14:56:37,3.1,--,112,34720,卖盘
40,14:56:32,3.1,--,47,14570,卖盘
41,14:56:27,3.1,--,365,113150,卖盘
42,14:56:22,3.1,--,212,65720,卖盘
43,14:56:12,3.1,-0.01,102,31620,卖盘
44,14:56:07,3.11,--,10,3110,买盘
45,14:56:02,3.11,--,231,71841,买盘
46,14:55:57,3.11,--,273,84903,买盘
47,14:55:52,3.11,0.01,111,34521,买盘
48,14:55:47,3.1,-0.01,1,310,卖盘
49,14:55:42,3.11,--,1142,355162,买盘
50,14:55:37,3.11,0.01,432,134352,买盘
51,14:55:32,3.1,-0.01,1015,314650,卖盘
52,14:55:27,3.11,0.01,1359,422649,买盘
53,14:55:22,3.1,-0.01,711,220410,卖盘
54,14:55:12,3.11,0.01,12,3732,买盘
55,14:55:07,3.1,-0.01,939,291090,卖盘
56,14:55:02,3.11,0.01,67,20837,买盘
57,14:54:57,3.1,--,1663,515530,卖盘
58,14:54:52,3.1,--,403,124930,卖盘
59,14:54:47,3.1,-0.01,91,28210,卖盘
60,14:54:42,3.11,0.01,1080,335880,买盘
61,14:54:37,3.1,--,434,134540,卖盘
62,14:54:32,3.1,-0.01,42,13020,卖盘
63,14:54:27,3.11,--,1321,410831,买盘
64,14:54:22,3.11,0.01,240,74640,买盘
65,14:54:17,3.1,-0.01,352,109120,卖盘
66,14:54:12,3.11,--,20,6220,买盘
67,14:54:07,3.11,--,31,9641,买盘
68,14:54:02,3.11,0.01,129,40119,买盘
69,14:53:57,3.1,--,3237,1003470,卖盘
70,14:53:52,3.1,--,2042,633020,卖盘
71,14:53:47,3.1,-0.01,39,12090,卖盘
72,14:53:42,3.11,--,369,114759,买盘
73,14:53:37,3.11,0.01,77,23947,买盘
74,14:53:27,3.1,--,169,52390,卖盘
75,14:53:22,3.1,-0.01,216,66960,卖盘
76,14:53:17,3.11,0.01,6,1866,买盘
77,14:53:12,3.1,-0.01,498,154380,卖盘
78,14:53:07,3.11,--,168,52248,买盘
79,14:53:02,3.11,0.01,100,31100,买盘
80,14:52:57,3.1,--,231,71610,卖盘
81,14:52:52,3.1,--,401,124310,卖盘
82,14:52:47,3.1,-0.01,436,135160,卖盘
83,14:52:42,3.11,0.01,1688,524968,买盘
84,14:52:37,3.1,--,488,151280,卖盘
85,14:52:32,3.1,-0.01,6,1860,卖盘
86,14:52:27,3.11,0.01,575,178825,买盘
87,14:52:22,3.1,-0.01,5160,1599600,卖盘
88,14:52:17,3.11,--,1040,323440,买盘
89,14:52:12,3.11,--,971,301981,买盘
90,14:52:07,3.11,0.01,3584,1114624,买盘
91,14:52:02,3.1,-0.01,47,14570,卖盘
92,14:51:57,3.11,--,263,81793,买盘
93,14:51:52,3.11,--,46,14306,买盘
94,14:51:47,3.11,--,165,51315,买盘
95,14:51:42,3.11,0.01,158,49138,买盘
96,14:51:37,3.1,-0.01,4904,1520240,卖盘
97,14:51:31,3.11,--,10,3110,买盘
98,14:51:26,3.11,0.01,1010,314110,买盘
99,14:51:22,3.1,-0.01,66,20460,卖盘
100,14:51:17,3.11,--,566,176026,买盘
101,14:51:12,3.11,--,2535,788385,买盘
102,14:51:07,3.11,0.01,51,15861,买盘
103,14:51:02,3.1,--,501,155310,卖盘
104,14:50:57,3.1,-0.01,322,99820,卖盘
105,14:50:52,3.11,--,138,42918,买盘
106,14:50:47,3.11,0.01,282,87702,买盘
107,14:50:36,3.1,-0.01,846,262260,卖盘
108,14:50:32,3.11,0.01,572,177892,买盘
109,14:50:26,3.1,-0.01,113,35030,卖盘
110,14:50:21,3.11,0.01,829,257819,买盘
111,14:50:17,3.1,--,1483,459730,卖盘
112,14:50:11,3.1,--,1557,482670,卖盘
113,14:50:06,3.1,-0.01,337,104470,卖盘
114,14:50:01,3.11,0.01,516,160476,买盘
115,14:49:56,3.1,--,151,46810,卖盘
116,14:49:51,3.1,-0.01,169,52390,卖盘
117,14:49:46,3.11,--,79,24569,买盘
118,14:49:36,3.11,0.01,213,66243,买盘
119,14:49:31,3.1,--,172,53320,卖盘
120,14:49:26,3.1,-0.01,130,40300,卖盘
121,14:49:21,3.11,0.01,2,622,买盘
122,14:49:16,3.1,--,2521,781510,卖盘
123,14:49:06,3.1,--,434,134540,卖盘
124,14:49:01,3.1,-0.01,43,13330,卖盘
125,14:48:56,3.11,0.01,247,76817,买盘
126,14:48:51,3.1,--,84,26040,卖盘
127,14:48:46,3.1,--,302,93620,卖盘
128,14:48:41,3.1,-0.01,191,59210,卖盘
129,14:48:36,3.11,--,154,47894,买盘
130,14:48:31,3.11,--,186,57846,买盘
131,14:48:26,3.11,0.01,12,3732,买盘
132,14:48:21,3.1,-0.01,125,38750,卖盘
133,14:48:16,3.11,0.01,2496,776256,买盘
134,14:48:11,3.1,-0.01,33,10230,卖盘
135,14:48:06,3.11,--,214,66554,买盘
136,14:48:01,3.11,--,357,111027,买盘
137,14:47:56,3.11,0.01,42,13062,买盘
138,14:47:51,3.1,--,126,39060,卖盘
139,14:47:46,3.1,--,161,49910,卖盘
140,14:47:36,3.1,--,187,57970,卖盘
141,14:47:31,3.1,-0.01,566,175460,卖盘
142,14:47:26,3.11,0.01,1,311,买盘
143,14:47:21,3.1,-0.01,59,18290,卖盘
144,14:47:16,3.11,--,2431,756041,买盘
145,14:47:11,3.11,0.01,50,15550,买盘
146,14:47:06,3.1,-0.01,146,45260,卖盘
147,14:47:01,3.11,--,288,89568,买盘
148,14:46:56,3.11,--,171,53423,卖盘
149,14:46:51,3.11,--,372,115692,卖盘
150,14:46:46,3.11,--,1014,315354,卖盘
151,14:46:41,3.11,--,52,16172,卖盘
152,14:46:36,3.11,--,188,58468,卖盘
153,14:46:31,3.11,--,2687,835657,卖盘
154,14:46:26,3.11,-0.01,26,8086,卖盘
155,14:46:21,3.12,0.01,2513,784056,买盘
156,14:46:16,3.11,--,337,104807,卖盘
157,14:46:11,3.11,--,37,11507,卖盘
158,14:46:06,3.11,-0.01,1297,403367,卖盘
159,14:46:01,3.12,0.01,446,139152,买盘
160,14:45:56,3.11,--,467,145237,卖盘
161,14:45:51,3.11,-0.01,208,64688,卖盘
162,14:45:46,3.12,0.01,858,267696,买盘
163,14:45:41,3.11,--,8,2488,卖盘
164,14:45:36,3.11,--,81,25191,卖盘
165,14:45:31,3.11,-0.01,720,223920,卖盘
166,14:45:26,3.12,0.01,137,42744,买盘
167,14:45:21,3.11,--,544,169184,卖盘
168,14:45:16,3.11,--,87,27057,卖盘
169,14:45:11,3.11,--,3211,998689,买盘
170,14:45:06,3.11,--,137,42607,买盘
171,14:45:01,3.11,0.01,423,131553,买盘
172,14:44:56,3.1,--,107,33170,卖盘
173,14:44:51,3.1,-0.01,1614,500340,卖盘
174,14:44:46,3.11,0.01,10039,3122129,买盘
175,14:44:36,3.1,--,50,15500,卖盘
176,14:44:31,3.1,--,176,54560,卖盘
177,14:44:21,3.1,-0.01,2626,814060,卖盘
178,14:44:16,3.11,--,52,16172,买盘
179,14:44:11,3.11,0.01,32,9952,买盘
180,14:44:05,3.1,--,42,13020,卖盘
181,14:44:01,3.1,--,102,31620,卖盘
182,14:43:56,3.1,-0.01,275,85250,卖盘
183,14:43:51,3.11,0.01,110,34210,买盘
184,14:43:46,3.1,-0.02,3519,1090976,卖盘
185,14:43:40,3.12,--,625,195221,买盘
186,14:43:35,3.12,0.01,363,113256,买盘
187,14:43:30,3.11,-0.01,571,177581,卖盘
188,14:43:25,3.12,0.01,2430,758163,买盘
189,14:43:20,3.11,--,1054,327794,卖盘
190,14:43:15,3.11,--,42,13062,卖盘
191,14:43:11,3.11,--,246,76506,卖盘
192,14:43:05,3.11,--,256,79616,卖盘
193,14:43:00,3.11,--,72,22392,卖盘
194,14:42:55,3.11,--,18,5598,卖盘
195,14:42:50,3.11,--,521,162031,卖盘
196,14:42:45,3.11,--,68,21148,卖盘
197,14:42:40,3.11,--,1138,353918,卖盘
198,14:42:35,3.11,--,101,31411,卖盘
199,14:42:30,3.11,-0.01,1668,518748,卖盘
200,14:42:25,3.12,0.01,1245,388440,买盘
201,14:42:20,3.11,--,118,36698,卖盘
202,14:42:15,3.11,--,1532,476452,卖盘
203,14:42:10,3.11,--,226,70286,卖盘
204,14:42:05,3.11,--,54,16794,卖盘
205,14:42:00,3.11,--,660,205260,卖盘
206,14:41:55,3.11,--,324,100764,卖盘
207,14:41:50,3.11,--,35,10885,卖盘
208,14:41:45,3.11,--,11,3421,卖盘
209,14:41:40,3.11,-0.01,256,79616,卖盘
210,14:41:35,3.12,--,8,2496,买盘
211,14:41:30,3.12,0.01,2623,818376,买盘
212,14:41:25,3.11,--,51,15861,卖盘
213,14:41:20,3.11,--,1456,452816,卖盘
214,14:41:10,3.11,-0.01,508,157988,卖盘
215,14:41:05,3.12,0.01,63,19656,买盘
216,14:40:55,3.11,--,144,44784,卖盘
217,14:40:50,3.11,--,6,1866,卖盘
218,14:40:45,3.11,--,332,103252,卖盘
219,14:40:40,3.11,--,59,18349,卖盘
220,14:40:35,3.11,--,71,22081,卖盘
221,14:40:30,3.11,--,250,77750,卖盘
222,14:40:24,3.11,--,677,210547,买盘
223,14:40:20,3.11,0.01,212,65932,买盘
224,14:40:15,3.1,-0.01,1,310,卖盘
225,14:40:10,3.11,--,201,62511,买盘
226,14:40:00,3.11,--,69,21459,买盘
227,14:39:54,3.11,--,408,126888,卖盘
228,14:39:50,3.11,--,167,51937,卖盘
229,14:39:45,3.11,--,123,38253,卖盘
230,14:39:40,3.11,--,407,126577,卖盘
231,14:39:35,3.11,--,38,11818,卖盘
232,14:39:30,3.11,0.01,9807,3049977,买盘
233,14:39:25,3.1,-0.01,45,13950,卖盘
234,14:39:20,3.11,0.01,324,100764,买盘
235,14:39:15,3.1,-0.01,2,620,卖盘
236,14:39:00,3.11,--,173,53803,买盘
237,14:38:55,3.11,--,11,3421,买盘
238,14:38:50,3.11,-0.01,44,13684,卖盘
239,14:38:45,3.12,0.02,352,109824,买盘
240,14:38:39,3.1,-0.01,2544,788640,卖盘
241,14:38:35,3.11,-0.01,1304,405544,卖盘
242,14:38:30,3.12,0.01,1509,470808,买盘
243,14:38:15,3.11,-0.01,22,6842,卖盘
244,14:38:05,3.12,0.01,137,42744,买盘
245,14:38:00,3.11,--,635,197485,卖盘
246,14:37:50,3.11,--,118,36698,卖盘
247,14:37:45,3.11,--,455,141505,买盘
248,14:37:40,3.11,--,6,1866,买盘
249,14:37:34,3.11,--,2440,758840,买盘
250,14:37:29,3.11,--,25,7775,买盘
251,14:37:14,3.11,0.01,11,3421,买盘
252,14:37:09,3.1,--,106,32860,卖盘
253,14:36:59,3.1,-0.01,20,6200,卖盘
254,14:36:54,3.11,--,35,10885,买盘
255,14:36:48,3.11,--,307,95477,卖盘
256,14:36:44,3.11,--,580,180380,卖盘
257,14:36:39,3.11,--,1642,510662,买盘
258,14:36:33,3.11,--,3,933,买盘
259,14:36:24,3.11,--,623,193753,买盘
260,14:36:18,3.11,--,47,14617,买盘
261,14:36:14,3.11,--,525,163275,买盘
262,14:36:09,3.11,--,22,6842,买盘
263,14:36:04,3.11,0.01,1,311,买盘
264,14:35:54,3.1,--,1451,449810,卖盘
265,14:35:48,3.1,-0.01,11,3410,卖盘
266,14:35:44,3.11,--,100,31100,买盘
267,14:35:39,3.11,0.01,2474,769414,买盘
268,14:35:33,3.1,-0.01,1085,336449,卖盘
269,14:35:24,3.11,--,637,198107,买盘
270,14:35:18,3.11,0.01,1,311,买盘
271,14:35:14,3.1,-0.01,520,161200,卖盘
272,14:35:09,3.11,--,895,278345,卖盘
273,14:35:03,3.11,--,2453,762883,卖盘
274,14:34:59,3.11,--,20,6220,卖盘
275,14:34:54,3.11,--,675,209925,卖盘
276,14:34:48,3.11,--,588,182868,卖盘
277,14:34:39,3.11,-0.01,3053,949483,卖盘
278,14:34:33,3.12,0.01,1,312,买盘
279,14:34:18,3.11,--,6,1866,卖盘
280,14:34:14,3.11,-0.01,5,1555,卖盘
281,14:34:09,3.12,0.01,20,6240,买盘
282,14:34:03,3.11,--,52,16172,卖盘
283,14:33:54,3.11,--,63,19593,卖盘
284,14:33:48,3.11,--,39,12129,卖盘
285,14:33:39,3.11,--,70,21770,买盘
286,14:33:29,3.11,0.01,15,4665,买盘
287,14:33:24,3.1,-0.01,555,172050,卖盘
288,14:33:18,3.11,--,7,2177,买盘
289,14:33:03,3.11,--,54,16794,买盘
290,14:32:59,3.11,0.01,20,6220,买盘
291,14:32:54,3.1,-0.01,520,161200,卖盘
292,14:32:48,3.11,-0.01,2,622,卖盘
293,14:32:44,3.12,0.01,2426,756912,买盘
294,14:32:33,3.11,--,58,18038,卖盘
295,14:32:29,3.11,--,123,38253,卖盘
296,14:32:24,3.11,--,48,14928,卖盘
297,14:32:18,3.11,--,153,47583,卖盘
298,14:32:14,3.11,--,147,45717,卖盘
299,14:32:09,3.11,--,8,2488,卖盘
300,14:32:03,3.11,--,94,29234,卖盘
301,14:31:59,3.11,--,100,31100,卖盘
302,14:31:54,3.11,--,2,622,卖盘
303,14:31:48,3.11,-0.01,1092,339612,卖盘
304,14:31:44,3.12,0.01,1425,444600,买盘
305,14:31:39,3.11,--,560,174160,卖盘
306,14:31:33,3.11,--,44,13684,卖盘
307,14:31:18,3.11,--,98,30478,卖盘
308,14:31:08,3.11,--,58,18038,卖盘
309,14:31:03,3.11,--,6,1866,卖盘
310,14:30:53,3.11,-0.01,1138,353918,卖盘
311,14:30:48,3.12,0.02,2643,824616,买盘
312,14:30:42,3.1,-0.01,172,53320,卖盘
313,14:30:38,3.11,--,20,6220,买盘
314,14:30:33,3.11,--,619,192509,卖盘
315,14:30:27,3.11,--,32,9952,卖盘
316,14:30:23,3.11,--,1043,324373,卖盘
317,14:30:18,3.11,--,532,165452,卖盘
318,14:30:12,3.11,--,356,110716,卖盘
319,14:30:08,3.11,--,2070,643770,卖盘
320,14:30:03,3.11,--,1029,320019,卖盘
321,14:29:57,3.11,--,384,119424,卖盘
322,14:29:53,3.11,-0.01,1858,577838,卖盘
323,14:29:48,3.12,0.01,3540,1104480,买盘
324,14:29:42,3.11,--,382,118802,卖盘
325,14:29:38,3.11,--,6,1866,卖盘
326,14:29:27,3.11,-0.01,84,26124,卖盘
327,14:29:23,3.12,0.01,257,80184,买盘
328,14:29:18,3.11,-0.01,368,114448,卖盘
329,14:29:12,3.12,0.01,253,78936,买盘
330,14:29:08,3.11,--,165,51315,卖盘
331,14:29:03,3.11,-0.01,41,12751,卖盘
332,14:28:48,3.12,--,2642,824304,买盘
333,14:28:42,3.12,0.01,128,39936,买盘
334,14:28:38,3.11,--,84,26124,卖盘
335,14:28:33,3.11,-0.01,198,61578,卖盘
336,14:28:27,3.12,--,9,2808,买盘
337,14:28:23,3.12,0.01,209,65208,买盘
338,14:28:18,3.11,--,394,122534,卖盘
339,14:28:12,3.11,--,6,1866,卖盘
340,14:28:08,3.11,--,5,1555,卖盘
341,14:28:03,3.11,--,10,3110,卖盘
342,14:27:57,3.11,-0.01,84,26124,卖盘
343,14:27:53,3.12,0.01,2545,794040,买盘
344,14:27:48,3.11,-0.01,507,157677,卖盘
345,14:27:42,3.12,0.01,52,16224,买盘
346,14:27:38,3.11,-0.01,95,29545,卖盘
347,14:27:27,3.12,--,525,163800,买盘
348,14:27:23,3.12,0.01,122,38064,买盘
349,14:27:18,3.11,-0.01,6,1866,卖盘
350,14:27:12,3.12,0.01,200,62400,买盘
351,14:27:03,3.11,-0.01,61,18971,卖盘
352,14:26:57,3.12,--,955,297960,买盘
353,14:26:52,3.12,0.01,1509,470808,买盘
354,14:26:48,3.11,--,218,67798,卖盘
355,14:26:42,3.11,--,115,35765,卖盘
356,14:26:38,3.11,--,1,311,卖盘
357,14:26:33,3.11,--,101,31411,卖盘
358,14:26:27,3.11,--,3,933,卖盘
359,14:26:22,3.11,--,6,1866,卖盘
360,14:26:18,3.11,-0.01,172,53492,卖盘
361,14:26:12,3.12,0.01,171,53352,买盘
362,14:26:03,3.11,-0.01,33,10263,卖盘
363,14:25:57,3.12,0.01,2715,847080,买盘
364,14:25:48,3.11,--,84,26124,卖盘
365,14:25:42,3.11,--,44,13684,卖盘
366,14:25:33,3.11,-0.01,40,12440,卖盘
367,14:25:27,3.12,--,238,74256,买盘
368,14:25:18,3.12,0.01,1070,333840,买盘
369,14:25:12,3.11,-0.01,101,31411,卖盘
370,14:25:08,3.12,0.01,1,312,买盘
371,14:25:02,3.11,--,100,31100,卖盘
372,14:24:57,3.11,--,2717,844987,卖盘
373,14:24:53,3.11,-0.01,30,9330,卖盘
374,14:24:47,3.12,0.01,491,153192,买盘
375,14:24:42,3.11,-0.01,50,15550,卖盘
376,14:24:32,3.12,--,16,4992,买盘
377,14:24:27,3.12,0.01,40,12480,买盘
378,14:24:21,3.11,0.01,88,27433,买盘
379,14:24:17,3.1,-0.01,73,22630,卖盘
380,14:24:12,3.11,--,147,45962,卖盘
381,14:24:06,3.11,--,37,11507,卖盘
382,14:24:02,3.11,-0.01,56,17416,卖盘
383,14:23:57,3.12,0.01,2425,756600,买盘
384,14:23:47,3.11,--,1,311,卖盘
385,14:23:42,3.11,--,3,933,卖盘
386,14:23:32,3.11,--,138,42918,卖盘
387,14:23:27,3.11,--,1,311,卖盘
388,14:23:12,3.11,0.01,36,11261,买盘
389,14:23:06,3.1,-0.01,147,45570,卖盘
390,14:23:02,3.11,--,2514,781854,卖盘
391,14:22:57,3.11,--,2,622,卖盘
392,14:22:51,3.11,0.01,111,34521,买盘
393,14:22:47,3.1,--,16,4960,卖盘
394,14:22:42,3.1,--,13,4030,卖盘
395,14:22:36,3.1,-0.01,6,1860,卖盘
396,14:22:32,3.11,--,88,27368,买盘
397,14:22:27,3.11,0.01,14,4354,中性盘
398,14:22:17,3.1,-0.01,293,90830,卖盘
399,14:22:12,3.11,--,6,1866,卖盘
400,14:22:06,3.11,--,131,40741,卖盘
401,14:22:02,3.11,--,2433,756663,卖盘
402,14:21:57,3.11,--,102,31722,卖盘
403,14:21:42,3.11,--,14,4354,卖盘
404,14:21:36,3.11,--,2,622,卖盘
405,14:21:21,3.11,--,13,4043,卖盘
406,14:21:12,3.11,--,6,1866,卖盘
407,14:21:06,3.11,0.01,223,69353,买盘
408,14:21:02,3.1,-0.01,26,8060,卖盘
409,14:20:57,3.11,--,319,99209,买盘
410,14:20:51,3.11,--,14,4354,买盘
411,14:20:47,3.11,--,20,6220,买盘
412,14:20:42,3.11,0.01,109,33899,买盘
413,14:20:36,3.1,-0.01,379,117490,卖盘
414,14:20:32,3.11,--,640,199040,卖盘
415,14:20:27,3.11,-0.01,80,24880,卖盘
416,14:20:21,3.12,0.01,129,40248,买盘
417,14:20:17,3.11,--,8,2488,卖盘
418,14:20:06,3.11,0.01,1936,602096,买盘
419,14:19:57,3.1,--,28,8680,卖盘
420,14:19:51,3.1,-0.01,14,4340,卖盘
421,14:19:47,3.11,--,7,2177,买盘
422,14:19:42,3.11,0.01,270,83970,买盘
423,14:19:36,3.1,--,21,6510,卖盘
424,14:19:32,3.1,--,7,2170,卖盘
425,14:19:26,3.1,-0.01,925,286750,卖盘
426,14:19:21,3.11,--,106,32966,买盘
427,14:19:17,3.11,--,15,4665,买盘
428,14:19:12,3.11,--,1070,332770,卖盘
429,14:19:06,3.11,--,1552,482672,卖盘
430,14:18:57,3.11,--,70,21770,买盘
431,14:18:51,3.11,--,23,7153,买盘
432,14:18:46,3.11,--,10,3110,买盘
433,14:18:42,3.11,--,251,78061,卖盘
434,14:18:36,3.11,--,80,24880,卖盘
435,14:18:27,3.11,--,328,102008,买盘
436,14:18:21,3.11,-0.01,314,97654,卖盘
437,14:18:12,3.12,0.01,2425,756600,买盘
438,14:18:06,3.11,0.01,143,44473,买盘
439,14:17:57,3.1,-0.01,61,18910,卖盘
440,14:17:51,3.11,--,6,1866,买盘
441,14:17:45,3.11,--,77,23947,买盘
442,14:17:41,3.11,--,38,11818,买盘
443,14:17:36,3.11,0.01,131,40741,买盘
444,14:17:30,3.1,-0.01,1,310,卖盘
445,14:17:26,3.11,--,271,84281,卖盘
446,14:17:21,3.11,--,1265,393415,卖盘
447,14:17:15,3.11,--,240,74640,卖盘
448,14:17:11,3.11,0.01,1606,499466,买盘
449,14:17:06,3.1,--,900,279000,卖盘
450,14:17:00,3.1,-0.01,16,4960,卖盘
451,14:16:56,3.11,--,55,17105,买盘
452,14:16:51,3.11,0.01,43,13373,买盘
453,14:16:45,3.1,-0.01,40,12400,卖盘
454,14:16:41,3.11,--,101,31411,买盘
455,14:16:36,3.11,0.01,31,9641,买盘
456,14:16:30,3.1,-0.01,34,10540,卖盘
457,14:16:26,3.11,--,20,6220,卖盘
458,14:16:15,3.11,-0.01,1000,311000,卖盘
459,14:16:11,3.12,0.01,2493,777816,买盘
460,14:16:06,3.11,-0.01,106,32966,卖盘
461,14:16:00,3.12,0.01,30,9360,买盘
462,14:15:51,3.11,--,44,13684,卖盘
463,14:15:45,3.11,-0.01,250,77750,买盘
464,14:15:41,3.12,--,0,0,买盘
465,14:15:36,3.12,0.01,325,101400,买盘
466,14:15:26,3.11,--,685,213035,卖盘
467,14:15:21,3.11,-0.01,1060,329660,卖盘
468,14:15:11,3.12,0.01,2430,758160,买盘
469,14:15:06,3.11,--,207,64377,卖盘
470,14:14:56,3.11,--,51,15861,卖盘
471,14:14:51,3.11,--,88,27368,卖盘
472,14:14:40,3.11,--,31,9641,卖盘
473,14:14:30,3.11,--,30,9330,卖盘
474,14:14:26,3.11,-0.01,200,62200,卖盘
475,14:14:21,3.12,--,1,312,买盘
476,14:14:15,3.12,0.01,2437,760344,买盘
477,14:14:11,3.11,-0.01,553,171983,卖盘
478,14:14:06,3.12,--,38,11856,买盘
479,14:14:00,3.12,--,18,5616,买盘
480,14:13:56,3.12,0.01,52,16224,买盘
481,14:13:45,3.11,--,177,55047,卖盘
482,14:13:35,3.11,-0.01,101,31411,卖盘
483,14:13:30,3.12,0.01,1,312,买盘
484,14:13:20,3.11,--,795,247245,买盘
485,14:13:15,3.11,--,735,228585,买盘
486,14:13:11,3.11,--,1,311,买盘
487,14:13:05,3.11,--,170,52870,买盘
488,14:13:00,3.11,--,64,19904,买盘
489,14:12:50,3.11,--,48,14928,买盘
490,14:12:45,3.11,-0.01,696,216456,卖盘
491,14:12:41,3.12,--,203,63336,买盘
492,14:12:35,3.12,--,397,123864,买盘
493,14:12:30,3.12,--,64,19968,买盘
494,14:12:26,3.12,--,124,38688,买盘
495,14:12:20,3.12,0.01,2838,885456,买盘
496,14:12:15,3.11,--,326,101386,买盘
497,14:12:10,3.11,--,140,43540,买盘
498,14:12:05,3.11,--,289,89879,卖盘
499,14:12:00,3.11,--,112,34832,卖盘
500,14:11:55,3.11,--,144,44784,买盘
501,14:11:50,3.11,--,100,31100,买盘
502,14:11:45,3.11,--,150,46650,卖盘
503,14:11:40,3.11,--,84,26124,买盘
504,14:11:35,3.11,--,256,79616,买盘
505,14:11:30,3.11,--,785,244135,卖盘
506,14:11:24,3.11,--,1766,549226,卖盘
507,14:11:20,3.11,--,315,97965,买盘
508,14:11:15,3.11,--,224,69803,买盘
509,14:11:05,3.11,--,161,50071,买盘
510,14:11:00,3.11,--,47,14617,买盘
511,14:10:54,3.11,--,20,6220,买盘
512,14:10:50,3.11,--,223,69353,买盘
513,14:10:45,3.11,--,41,12751,买盘
514,14:10:39,3.11,0.01,50,15550,卖盘
515,14:10:35,3.1,-0.01,1157,358670,卖盘
516,14:10:30,3.11,--,742,230762,买盘
517,14:10:24,3.11,-0.01,366,113826,中性盘
518,14:10:20,3.12,0.01,2426,756912,买盘
519,14:10:15,3.11,--,72,22392,卖盘
520,14:10:09,3.11,--,50,15550,卖盘
521,14:10:05,3.11,--,88,27368,卖盘
522,14:10:00,3.11,-0.01,118,36698,买盘
523,14:09:50,3.12,0.01,546,170352,买盘
524,14:09:45,3.11,--,145,45095,买盘
525,14:09:39,3.11,--,8,2488,卖盘
526,14:09:35,3.11,--,288,89568,买盘
527,14:09:30,3.11,-0.01,258,80238,卖盘
528,14:09:24,3.12,0.01,2425,756600,买盘
529,14:09:20,3.11,--,44,13684,卖盘
530,14:09:05,3.11,--,23,7153,卖盘
531,14:09:00,3.11,--,53,16483,卖盘
532,14:08:50,3.11,--,182,56602,卖盘
533,14:08:45,3.11,--,1207,375377,卖盘
534,14:08:39,3.11,--,1446,449706,卖盘
535,14:08:35,3.11,--,17,5287,卖盘
536,14:08:30,3.11,--,1827,568197,卖盘
537,14:08:24,3.11,--,25,7775,卖盘
538,14:08:20,3.11,--,306,95166,买盘
539,14:08:15,3.11,0.01,55,17105,买盘
540,14:08:09,3.1,-0.01,111,34410,卖盘
541,14:08:05,3.11,0.01,103,32033,买盘
542,14:08:00,3.1,-0.01,3,930,卖盘
543,14:07:54,3.11,--,1,311,买盘
544,14:07:50,3.11,--,17,5287,买盘
545,14:07:45,3.11,--,126,39186,卖盘
546,14:07:39,3.11,--,58,18038,买盘
547,14:07:35,3.11,--,104,32344,买盘
548,14:07:30,3.11,0.01,2457,764127,买盘
549,14:07:20,3.1,-0.01,638,197780,卖盘
550,14:07:15,3.11,--,696,216456,买盘
551,14:07:05,3.11,--,165,51315,买盘
552,14:06:54,3.11,--,100,31100,买盘
553,14:06:50,3.11,--,291,90501,买盘
554,14:06:45,3.11,--,508,157988,买盘
555,14:06:39,3.11,--,158,49138,买盘
556,14:06:29,3.11,--,2445,760395,买盘
557,14:06:24,3.11,0.01,70,21770,买盘
558,14:06:19,3.1,-0.01,6,1860,卖盘
559,14:06:14,3.11,0.01,76,23636,买盘
560,14:06:09,3.1,-0.01,39,12090,卖盘
561,14:05:59,3.11,--,185,57535,买盘
562,14:05:54,3.11,0.01,272,84592,买盘
563,14:05:50,3.1,--,46,14260,卖盘
564,14:05:44,3.1,-0.01,9,2790,卖盘
565,14:05:39,3.11,--,614,190954,买盘
566,14:05:34,3.11,--,38,11818,买盘
567,14:05:29,3.11,0.01,2436,757596,买盘
568,14:05:24,3.1,-0.01,96,29760,卖盘
569,14:05:14,3.11,--,145,45095,买盘
570,14:05:09,3.11,0.01,694,215834,买盘
571,14:05:05,3.1,-0.01,14,4340,卖盘
572,14:04:59,3.11,--,112,34832,买盘
573,14:04:54,3.11,--,9,2799,买盘
574,14:04:48,3.11,--,114,35454,买盘
575,14:04:44,3.11,--,495,153945,买盘
576,14:04:39,3.11,--,42,13062,买盘
577,14:04:33,3.11,--,2476,770036,买盘
578,14:04:29,3.11,0.01,63,19593,买盘
579,14:04:24,3.1,-0.01,203,62930,卖盘
580,14:04:14,3.11,--,109,33899,买盘
581,14:04:09,3.11,0.01,86,26746,买盘
582,14:04:03,3.1,-0.01,75,23250,卖盘
583,14:03:59,3.11,--,719,223609,买盘
584,14:03:54,3.11,--,56,17416,买盘
585,14:03:48,3.11,--,82,25502,买盘
586,14:03:44,3.11,0.01,20,6220,买盘
587,14:03:39,3.1,-0.01,274,84940,卖盘
588,14:03:33,3.11,0.01,2424,753864,买盘
589,14:03:29,3.1,-0.01,36,11160,卖盘
590,14:03:24,3.11,0.01,387,120360,买盘
591,14:03:18,3.1,-0.01,33,10230,卖盘
592,14:03:14,3.11,0.01,102,31722,买盘
593,14:03:09,3.1,--,155,48050,卖盘
594,14:02:59,3.1,--,207,64170,卖盘
595,14:02:54,3.1,-0.01,602,186620,卖盘
596,14:02:48,3.11,--,690,214590,买盘
597,14:02:44,3.11,--,730,227030,买盘
598,14:02:39,3.11,--,2691,836901,买盘
599,14:02:33,3.11,0.01,159,49449,买盘
600,14:02:29,3.1,--,77,23870,卖盘
601,14:02:24,3.1,--,2,620,卖盘
602,14:02:18,3.1,--,15,4650,卖盘
603,14:02:14,3.1,-0.01,58,17980,卖盘
604,14:02:09,3.11,--,75,23325,买盘
605,14:02:03,3.11,--,25,7775,买盘
606,14:01:59,3.11,--,326,101386,买盘
607,14:01:48,3.11,0.01,596,185356,买盘
608,14:01:44,3.1,-0.01,6,1860,卖盘
609,14:01:39,3.11,--,2503,778433,买盘
610,14:01:29,3.11,0.01,10,3110,买盘
611,14:01:24,3.1,-0.01,81,25110,卖盘
612,14:01:18,3.11,--,100,31100,买盘
613,14:01:14,3.11,0.01,300,93300,买盘
614,14:01:09,3.1,-0.01,745,230950,卖盘
615,14:01:03,3.11,0.01,11,3421,买盘
616,14:00:59,3.1,-0.01,707,219170,卖盘
617,14:00:54,3.11,0.01,30,9330,买盘
618,14:00:48,3.1,-0.01,310,96100,卖盘
619,14:00:44,3.11,--,871,270881,买盘
620,14:00:39,3.11,0.01,2437,757907,买盘
621,14:00:29,3.1,-0.01,68,21080,卖盘
622,14:00:24,3.11,0.01,96,29856,买盘
623,14:00:18,3.1,-0.01,38,11780,卖盘
624,14:00:14,3.11,--,26,8086,买盘
625,14:00:09,3.11,--,101,31411,买盘
626,14:00:03,3.11,0.01,139,43229,买盘
627,13:59:58,3.1,--,173,53630,卖盘
628,13:59:43,3.1,--,2432,753920,卖盘
629,13:59:39,3.1,-0.01,76,23560,卖盘
630,13:59:33,3.11,0.01,153,47583,买盘
631,13:59:29,3.1,--,87,26970,卖盘
632,13:59:23,3.1,--,174,53940,卖盘
633,13:59:18,3.1,--,106,32860,卖盘
634,13:59:14,3.1,-0.01,42,13020,卖盘
635,13:59:08,3.11,0.01,2,622,买盘
636,13:59:03,3.1,--,571,177010,卖盘
637,13:58:59,3.1,-0.01,1,310,卖盘
638,13:58:53,3.11,0.01,92,28612,买盘
639,13:58:48,3.1,-0.01,1036,321160,卖盘
640,13:58:42,3.11,0.01,1667,518437,买盘
641,13:58:38,3.1,-0.01,80,24800,卖盘
642,13:58:33,3.11,0.01,446,138706,买盘
643,13:58:27,3.1,--,10,3100,卖盘
644,13:58:23,3.1,--,6,1860,卖盘
645,13:58:18,3.1,--,113,35030,卖盘
646,13:58:12,3.1,-0.01,505,156550,卖盘
647,13:58:08,3.11,--,127,39497,买盘
648,13:58:03,3.11,--,802,249422,买盘
649,13:57:57,3.11,--,163,50693,买盘
650,13:57:53,3.11,0.01,630,195930,买盘
651,13:57:48,3.1,-0.01,3282,1017420,卖盘
652,13:57:42,3.11,--,233,72463,买盘
653,13:57:38,3.11,0.01,196,60956,买盘
654,13:57:33,3.1,--,2277,705870,卖盘
655,13:57:27,3.1,--,45,13950,卖盘
656,13:57:23,3.1,--,3736,1158160,卖盘
657,13:57:18,3.1,-0.01,70,21700,卖盘
658,13:57:12,3.11,0.01,240,74640,买盘
659,13:57:08,3.1,--,270,83700,卖盘
660,13:57:03,3.1,-0.01,51,15810,卖盘
661,13:56:57,3.11,0.01,16,4976,买盘
662,13:56:53,3.1,--,163,50530,卖盘
663,13:56:48,3.1,--,3009,932790,卖盘
664,13:56:42,3.1,--,160,49600,卖盘
665,13:56:38,3.1,--,1307,405170,卖盘
666,13:56:33,3.1,--,16,4960,卖盘
667,13:56:27,3.1,--,6,1860,卖盘
668,13:56:23,3.1,--,106,32860,卖盘
669,13:56:18,3.1,--,173,53630,卖盘
670,13:56:08,3.1,--,1049,325190,卖盘
671,13:56:03,3.1,--,529,163990,卖盘
672,13:55:57,3.1,--,10,3100,卖盘
673,13:55:53,3.1,-0.01,201,62310,卖盘
674,13:55:48,3.11,--,2523,784653,买盘
675,13:55:42,3.11,0.01,85,26435,买盘
676,13:55:38,3.1,--,230,71300,卖盘
677,13:55:33,3.1,--,11,3410,卖盘
678,13:55:27,3.1,--,30,9300,卖盘
679,13:55:23,3.1,--,267,82770,卖盘
680,13:55:18,3.1,--,508,157480,卖盘
681,13:55:08,3.1,-0.01,1360,421600,卖盘
682,13:55:03,3.11,0.01,36,11196,买盘
683,13:54:57,3.1,--,30,9300,卖盘
684,13:54:53,3.1,--,2551,790810,卖盘
685,13:54:48,3.1,--,5,1550,卖盘
686,13:54:42,3.1,--,30,9300,卖盘
687,13:54:38,3.1,-0.01,278,86180,卖盘
688,13:54:33,3.11,0.01,800,248800,买盘
689,13:54:23,3.1,-0.01,136,42160,卖盘
690,13:54:18,3.11,0.01,132,41052,买盘
691,13:54:12,3.1,--,88,27280,卖盘
692,13:54:08,3.1,--,6,1860,卖盘
693,13:54:03,3.1,--,567,175770,卖盘
694,13:53:57,3.1,-0.01,523,162130,卖盘
695,13:53:53,3.11,--,2825,878575,买盘
696,13:53:48,3.11,0.01,39,12129,买盘
697,13:53:42,3.1,-0.01,273,84630,卖盘
698,13:53:38,3.11,--,301,93611,买盘
699,13:53:33,3.11,0.01,21,6531,买盘
700,13:53:27,3.1,--,60,18600,卖盘
701,13:53:23,3.1,--,20,6200,卖盘
702,13:53:18,3.1,--,107,33170,卖盘
703,13:53:12,3.1,--,102,31620,卖盘
704,13:53:08,3.1,--,4,1240,卖盘
705,13:53:03,3.1,--,10,3100,卖盘
706,13:52:57,3.1,--,33,10230,卖盘
707,13:52:53,3.1,--,2481,769110,卖盘
708,13:52:48,3.1,--,26,8060,卖盘
709,13:52:41,3.1,--,36,11160,卖盘
710,13:52:38,3.1,--,8,2480,卖盘
711,13:52:22,3.1,--,39,12090,卖盘
712,13:52:17,3.1,-0.01,217,67270,卖盘
713,13:52:12,3.11,0.01,197,61267,买盘
714,13:52:06,3.1,--,1000,310000,卖盘
715,13:52:02,3.1,--,24,7440,卖盘
716,13:51:57,3.1,-0.01,1,310,卖盘
717,13:51:51,3.11,0.01,240,74640,买盘
718,13:51:47,3.1,--,47,14570,卖盘
719,13:51:36,3.1,-0.01,431,133610,卖盘
720,13:51:32,3.11,0.01,8,2488,买盘
721,13:51:21,3.1,--,207,64170,卖盘
722,13:51:17,3.1,-0.01,195,60450,卖盘
723,13:51:12,3.11,0.01,338,105118,买盘
724,13:51:06,3.1,-0.01,180,55800,卖盘
725,13:51:02,3.11,--,686,213346,买盘
726,13:50:57,3.11,0.01,30,9330,买盘
727,13:50:47,3.1,-0.01,34,10540,卖盘
728,13:50:42,3.11,0.01,137,42607,买盘
729,13:50:32,3.1,--,254,78740,卖盘
730,13:50:27,3.1,--,112,34720,卖盘
731,13:50:21,3.1,-0.01,80,24800,卖盘
732,13:50:17,3.11,0.01,32,9952,买盘
733,13:50:11,3.1,--,86,26660,卖盘
734,13:50:06,3.1,-0.01,65,20150,卖盘
735,13:50:02,3.11,0.01,36,11196,买盘
736,13:49:57,3.1,--,157,48670,卖盘
737,13:49:51,3.1,--,6,1860,卖盘
738,13:49:47,3.1,--,26,8060,卖盘
739,13:49:41,3.1,-0.01,57,17670,卖盘
740,13:49:32,3.11,0.01,10,3110,买盘
741,13:49:27,3.1,--,241,74710,卖盘
742,13:49:17,3.1,-0.01,103,31930,卖盘
743,13:49:12,3.11,0.01,7,2177,买盘
744,13:49:02,3.1,--,106,32860,卖盘
745,13:48:57,3.1,-0.01,105,32550,卖盘
746,13:48:41,3.11,0.01,6,1866,买盘
747,13:48:36,3.1,--,749,232190,卖盘
748,13:48:32,3.1,--,9,2790,卖盘
749,13:48:27,3.1,--,1769,548390,卖盘
750,13:48:21,3.1,--,76,23560,卖盘
751,13:48:17,3.1,--,30,9300,卖盘
752,13:48:12,3.1,-0.01,15,4650,卖盘
753,13:48:06,3.11,0.01,88,27368,买盘
754,13:48:02,3.1,--,1005,311550,卖盘
755,13:47:57,3.1,--,20,6200,卖盘
756,13:47:47,3.1,-0.01,351,108810,卖盘
757,13:47:41,3.11,0.01,474,147414,买盘
758,13:47:32,3.1,--,76,23560,卖盘
759,13:47:27,3.1,--,300,93000,卖盘
760,13:47:21,3.1,-0.01,5,1550,卖盘
761,13:47:17,3.11,0.01,38,11818,买盘
762,13:47:11,3.1,-0.01,526,163060,卖盘
763,13:47:05,3.11,--,1045,324995,买盘
764,13:46:57,3.11,--,139,43229,买盘
765,13:46:51,3.11,0.01,344,106984,买盘
766,13:46:41,3.1,-0.01,46,14260,卖盘
767,13:46:31,3.11,--,201,62511,买盘
768,13:46:27,3.11,0.01,12,3732,买盘
769,13:46:20,3.1,--,50,15500,卖盘
770,13:46:17,3.1,-0.01,103,31930,卖盘
771,13:46:11,3.11,--,41,12751,买盘
772,13:46:01,3.11,--,262,81482,买盘
773,13:45:56,3.11,0.01,689,214279,买盘
774,13:45:51,3.1,-0.01,3,930,卖盘
775,13:45:46,3.11,--,864,268704,买盘
776,13:45:41,3.11,--,20,6220,买盘
777,13:45:31,3.11,0.01,23,7153,买盘
778,13:45:26,3.1,-0.01,9,2790,卖盘
779,13:45:20,3.11,0.01,111,34521,买盘
780,13:45:16,3.1,-0.01,101,31310,卖盘
781,13:45:05,3.11,--,171,53181,买盘
782,13:44:59,3.11,--,4,1244,买盘
783,13:44:56,3.11,--,2,622,买盘
784,13:44:50,3.11,0.01,377,117247,买盘
785,13:44:44,3.1,-0.01,29,8990,卖盘
786,13:44:41,3.11,0.01,86,26746,买盘
787,13:44:35,3.1,--,86,26660,卖盘
788,13:44:29,3.1,--,520,161200,卖盘
789,13:44:26,3.1,--,221,68510,卖盘
790,13:44:20,3.1,--,77,23870,卖盘
791,13:44:14,3.1,--,31,9610,卖盘
792,13:44:11,3.1,--,52,16120,卖盘
793,13:44:05,3.1,-0.01,68,21080,卖盘
794,13:43:59,3.11,--,10,3110,买盘
795,13:43:56,3.11,--,44,13684,买盘
796,13:43:50,3.11,--,1,311,买盘
797,13:43:44,3.11,--,11,3421,买盘
798,13:43:41,3.11,--,209,64999,买盘
799,13:43:35,3.11,0.01,2308,717788,买盘
800,13:43:29,3.1,--,1287,399221,卖盘
801,13:43:26,3.1,-0.01,116,35960,卖盘
802,13:43:20,3.11,0.01,14,4354,买盘
803,13:43:14,3.1,--,463,143530,卖盘
804,13:43:11,3.1,--,552,171120,卖盘
805,13:43:05,3.1,--,606,187860,卖盘
806,13:42:59,3.1,-0.01,526,163060,卖盘
807,13:42:56,3.11,--,170,52870,买盘
808,13:42:50,3.11,--,1403,436463,买盘
809,13:42:44,3.11,0.01,4815,1497465,买盘
810,13:42:41,3.1,--,554,171740,卖盘
811,13:42:35,3.1,-0.01,509,157790,卖盘
812,13:42:29,3.11,0.01,549,170739,买盘
813,13:42:26,3.1,--,1665,516150,卖盘
814,13:42:20,3.1,--,551,170810,卖盘
815,13:42:14,3.1,--,137,42470,卖盘
816,13:42:11,3.1,-0.01,530,164300,卖盘
817,13:42:05,3.11,--,153,47583,买盘
818,13:41:56,3.11,--,42,13062,买盘
819,13:41:50,3.11,--,16,4976,买盘
820,13:41:44,3.11,--,69,21459,买盘
821,13:41:35,3.11,0.01,92,28612,买盘
822,13:41:29,3.1,-0.01,33,10230,卖盘
823,13:41:26,3.11,0.01,10,3110,买盘
824,13:41:20,3.1,-0.01,30,9300,卖盘
825,13:41:14,3.11,0.01,104,32344,买盘
826,13:41:05,3.1,-0.01,73,22630,卖盘
827,13:40:59,3.11,--,142,44162,买盘
828,13:40:50,3.11,0.01,50,15550,买盘
829,13:40:41,3.1,--,213,66030,卖盘
830,13:40:35,3.1,-0.01,11,3410,卖盘
831,13:40:29,3.11,--,2,622,买盘
832,13:40:20,3.11,0.01,3,933,买盘
833,13:40:14,3.1,--,57,17670,卖盘
834,13:40:10,3.1,-0.01,151,46810,卖盘
835,13:40:05,3.11,--,89,27679,买盘
836,13:39:56,3.11,0.01,10,3110,买盘
837,13:39:50,3.1,--,37,11470,卖盘
838,13:39:40,3.1,--,242,75020,卖盘
839,13:39:35,3.1,-0.01,35,10850,卖盘
840,13:39:25,3.11,--,6,1866,买盘
841,13:39:20,3.11,0.01,2,622,买盘
842,13:39:14,3.1,-0.01,6,1860,卖盘
843,13:39:10,3.11,0.01,99,30789,买盘
844,13:39:05,3.1,--,432,133920,卖盘
845,13:38:59,3.1,--,40,12400,卖盘
846,13:38:55,3.1,--,7,2170,卖盘
847,13:38:50,3.1,-0.01,38,11780,卖盘
848,13:38:44,3.11,--,87,27057,买盘
849,13:38:40,3.11,--,88,27368,买盘
850,13:38:35,3.11,0.01,621,193131,买盘
851,13:38:29,3.1,-0.01,36,11160,卖盘
852,13:38:25,3.11,0.01,20,6220,买盘
853,13:38:20,3.1,-0.01,12,3720,卖盘
854,13:38:14,3.11,--,628,195308,买盘
855,13:38:08,3.11,--,3,933,买盘
856,13:38:05,3.11,0.01,54,16794,买盘
857,13:37:59,3.1,-0.01,32,9920,卖盘
858,13:37:53,3.11,0.01,25,7775,买盘
859,13:37:50,3.1,-0.01,177,54870,卖盘
860,13:37:44,3.11,--,201,62511,买盘
861,13:37:35,3.11,0.01,23,7153,买盘
862,13:37:29,3.1,--,102,31620,卖盘
863,13:37:23,3.1,--,41,12710,卖盘
864,13:37:20,3.1,-0.01,75,23250,卖盘
865,13:37:14,3.11,--,78,24258,买盘
866,13:37:08,3.11,0.01,38,11818,买盘
867,13:37:05,3.1,--,108,33480,卖盘
868,13:36:59,3.1,--,1,310,卖盘
869,13:36:53,3.1,--,12,3720,卖盘
870,13:36:50,3.1,--,43,13330,卖盘
871,13:36:44,3.1,--,86,26660,卖盘
872,13:36:38,3.1,--,43,13330,卖盘
873,13:36:35,3.1,--,1,310,卖盘
874,13:36:29,3.1,-0.01,108,33480,卖盘
875,13:36:23,3.11,0.01,2,622,买盘
876,13:36:20,3.1,-0.01,556,172360,卖盘
877,13:36:14,3.11,--,80,24880,买盘
878,13:36:08,3.11,--,21,6531,买盘
879,13:36:05,3.11,--,181,56291,买盘
880,13:35:59,3.11,0.01,107,33277,买盘
881,13:35:50,3.1,-0.01,134,41540,卖盘
882,13:35:44,3.11,--,414,128754,买盘
883,13:35:35,3.11,0.01,6,1866,买盘
884,13:35:29,3.1,-0.01,46,14260,卖盘
885,13:35:23,3.11,--,17,5287,买盘
886,13:35:20,3.11,0.01,54,16794,买盘
887,13:35:14,3.1,-0.01,144,44640,卖盘
888,13:35:05,3.11,0.01,14,4354,买盘
889,13:34:59,3.1,-0.01,15,4650,卖盘
890,13:34:53,3.11,--,5,1555,买盘
891,13:34:50,3.11,0.01,2,622,买盘
892,13:34:44,3.1,-0.01,163,50530,卖盘
893,13:34:38,3.11,--,13,4043,买盘
894,13:34:35,3.11,0.01,19,5909,买盘
895,13:34:29,3.1,-0.01,163,50530,卖盘
896,13:34:20,3.11,0.01,74,23014,买盘
897,13:34:14,3.1,--,119,36890,卖盘
898,13:34:05,3.1,--,16,4960,卖盘
899,13:33:59,3.1,-0.01,5,1550,卖盘
900,13:33:53,3.11,--,139,43229,买盘
901,13:33:49,3.11,--,120,37320,买盘
902,13:33:44,3.11,--,1055,328105,买盘
903,13:33:38,3.11,0.01,70,21770,买盘
904,13:33:35,3.1,--,4,1240,卖盘
905,13:33:20,3.1,-0.01,145,44950,卖盘
906,13:33:14,3.11,0.01,195,60645,买盘
907,13:33:05,3.1,--,36,11160,卖盘
908,13:32:59,3.1,-0.01,942,292020,卖盘
909,13:32:53,3.11,0.01,80,24880,买盘
910,13:32:49,3.1,--,227,70370,卖盘
911,13:32:44,3.1,--,110,34100,卖盘
912,13:32:34,3.1,-0.01,37,11470,卖盘
913,13:32:29,3.11,--,151,46961,买盘
914,13:32:19,3.11,0.01,29,9019,买盘
915,13:32:14,3.1,-0.01,85,26350,卖盘
916,13:32:08,3.11,0.01,21,6531,买盘
917,13:32:04,3.1,-0.01,273,84630,卖盘
918,13:31:59,3.11,--,11,3421,买盘
919,13:31:53,3.11,0.01,1,311,买盘
920,13:31:49,3.1,--,53,16430,卖盘
921,13:31:44,3.1,-0.01,193,59830,卖盘
922,13:31:38,3.11,0.01,20,6220,买盘
923,13:31:34,3.1,--,74,22940,卖盘
924,13:31:29,3.1,--,20,6200,卖盘
925,13:31:19,3.1,--,57,17670,卖盘
926,13:31:14,3.1,-0.01,216,66960,卖盘
927,13:31:04,3.11,--,300,93300,买盘
928,13:30:59,3.11,0.01,20,6220,买盘
929,13:30:53,3.1,--,34,10540,卖盘
930,13:30:49,3.1,--,36,11160,卖盘
931,13:30:44,3.1,-0.01,444,137640,卖盘
932,13:30:34,3.11,0.01,6,1866,买盘
933,13:30:23,3.1,-0.01,600,186000,卖盘
934,13:30:18,3.11,--,582,181002,买盘
935,13:30:14,3.11,0.01,201,62511,买盘
936,13:30:08,3.1,--,1,310,卖盘
937,13:30:03,3.1,-0.01,197,61070,卖盘
938,13:29:59,3.11,--,492,153012,买盘
939,13:29:53,3.11,0.01,210,65310,买盘
940,13:29:47,3.1,-0.01,23,7393,卖盘
941,13:29:44,3.11,0.01,124,38564,买盘
942,13:29:38,3.1,--,20,6200,卖盘
943,13:29:32,3.1,-0.01,66,20460,卖盘
944,13:29:29,3.11,--,461,143371,买盘
945,13:29:23,3.11,0.01,95,29545,买盘
946,13:29:17,3.1,-0.01,3,930,卖盘
947,13:29:14,3.11,0.01,85,26435,买盘
948,13:29:08,3.1,-0.01,44,13640,卖盘
949,13:28:59,3.11,--,151,46961,买盘
950,13:28:53,3.11,0.01,3,933,买盘
951,13:28:47,3.1,-0.01,245,75950,卖盘
952,13:28:44,3.11,--,11,3421,买盘
953,13:28:38,3.11,--,336,104496,买盘
954,13:28:29,3.11,0.01,10,3110,买盘
955,13:28:23,3.1,-0.01,35,10850,卖盘
956,13:28:17,3.11,0.01,11,3421,买盘
957,13:28:14,3.1,--,288,89280,卖盘
958,13:28:02,3.1,--,223,69130,卖盘
959,13:27:59,3.1,--,77,23953,卖盘
960,13:27:53,3.1,-0.01,172,53320,卖盘
961,13:27:44,3.11,--,102,31722,买盘
962,13:27:38,3.11,--,219,68109,买盘
963,13:27:32,3.11,--,56,17416,买盘
964,13:27:23,3.11,--,1,311,买盘
965,13:27:17,3.11,0.01,35,10885,买盘
966,13:27:14,3.1,-0.01,4,1240,卖盘
967,13:27:08,3.11,0.01,7,2177,买盘
968,13:27:02,3.1,-0.01,134,41540,卖盘
969,13:26:59,3.11,0.01,675,209925,买盘
970,13:26:53,3.1,-0.01,8,2480,卖盘
971,13:26:47,3.11,0.01,1,311,买盘
972,13:26:44,3.1,-0.01,35,10850,卖盘
973,13:26:38,3.11,--,80,24880,买盘
974,13:26:32,3.11,0.01,2,622,买盘
975,13:26:29,3.1,--,121,37510,卖盘
976,13:26:23,3.1,-0.01,33,10230,卖盘
977,13:26:17,3.11,--,100,31100,买盘
978,13:26:14,3.11,--,40,12440,买盘
979,13:26:08,3.11,--,1,311,买盘
980,13:25:58,3.11,0.01,30,9330,买盘
981,13:25:53,3.1,-0.01,97,30070,卖盘
982,13:25:44,3.11,--,7,2177,买盘
983,13:25:38,3.11,--,151,46961,买盘
984,13:25:32,3.11,--,200,62200,买盘
985,13:25:28,3.11,0.01,6,1866,买盘
986,13:25:23,3.1,--,88,27280,卖盘
987,13:25:17,3.1,--,102,31858,卖盘
988,13:25:13,3.1,--,71,22010,卖盘
989,13:25:08,3.1,--,100,31000,卖盘
990,13:25:02,3.1,--,0,3,卖盘
991,13:24:58,3.1,--,101,31310,卖盘
992,13:24:53,3.1,--,40,12400,卖盘
993,13:24:47,3.1,-0.01,6,1860,卖盘
994,13:24:43,3.11,--,177,55047,买盘
995,13:24:38,3.11,--,85,26435,买盘
996,13:24:32,3.11,--,1,311,买盘
997,13:24:28,3.11,--,927,288297,买盘
998,13:24:23,3.11,0.01,31,9641,买盘
999,13:24:17,3.1,--,43,13330,卖盘
1000,13:24:13,3.1,--,117,36270,卖盘
1001,13:24:08,3.1,--,101,31310,卖盘
1002,13:24:02,3.1,-0.01,34,10540,卖盘
1003,13:23:58,3.11,--,21,6531,买盘
1004,13:23:53,3.11,--,300,93300,买盘
1005,13:23:43,3.11,--,40,12440,买盘
1006,13:23:38,3.11,--,1,311,买盘
1007,13:23:32,3.11,--,20,6220,买盘
1008,13:23:28,3.11,0.01,39,12129,买盘
1009,13:23:23,3.1,--,17,5270,卖盘
1010,13:23:13,3.1,-0.01,202,62620,卖盘
1011,13:23:08,3.11,0.01,99,30789,买盘
1012,13:22:58,3.1,--,74,22940,卖盘
1013,13:22:53,3.1,--,37,11470,卖盘
1014,13:22:41,3.1,--,35,10850,卖盘
1015,13:22:38,3.1,-0.01,1466,454460,卖盘
1016,13:22:32,3.11,--,12,3732,买盘
1017,13:22:28,3.11,--,48,14928,买盘
1018,13:22:17,3.11,--,39,12129,买盘
1019,13:22:11,3.11,0.01,1,311,买盘
1020,13:22:08,3.1,--,121,37510,卖盘
1021,13:22:02,3.1,-0.01,43,13330,卖盘
1022,13:21:56,3.11,--,42,13062,买盘
1023,13:21:53,3.11,0.01,1,311,买盘
1024,13:21:47,3.1,-0.01,34,10540,卖盘
1025,13:21:41,3.11,0.01,1,311,买盘
1026,13:21:38,3.1,-0.01,21,6510,卖盘
1027,13:21:32,3.11,--,65,20215,买盘
1028,13:21:26,3.11,--,1,311,买盘
1029,13:21:23,3.11,--,8870,2758570,买盘
1030,13:21:17,3.11,0.01,574,178514,买盘
1031,13:21:11,3.1,--,153,47588,卖盘
1032,13:21:07,3.1,--,41,12710,卖盘
1033,13:21:02,3.1,-0.01,8,2480,卖盘
1034,13:20:56,3.11,--,1,311,买盘
1035,13:20:53,3.11,--,42,13062,买盘
1036,13:20:47,3.11,--,1,311,买盘
1037,13:20:38,3.11,--,274,85214,买盘
1038,13:20:32,3.11,--,13,4043,买盘
1039,13:20:26,3.11,--,19,5909,买盘
1040,13:20:23,3.11,0.01,2,622,买盘
1041,13:20:17,3.1,-0.01,6,1860,卖盘
1042,13:20:07,3.11,0.01,7,2177,买盘
1043,13:20:02,3.1,-0.01,109,33790,卖盘
1044,13:19:56,3.11,--,2,622,买盘
1045,13:19:53,3.11,--,11,3421,买盘
1046,13:19:47,3.11,0.01,58,18038,买盘
1047,13:19:41,3.1,--,20,6200,卖盘
1048,13:19:37,3.1,--,103,31930,卖盘
1049,13:19:32,3.1,--,13,4030,卖盘
1050,13:19:26,3.1,-0.01,40,12400,卖盘
1051,13:19:22,3.11,--,328,102008,买盘
1052,13:19:17,3.11,0.01,1,311,买盘
1053,13:19:11,3.1,--,39,12090,卖盘
1054,13:19:07,3.1,-0.01,225,69867,卖盘
1055,13:19:02,3.11,--,274,85214,买盘
1056,13:18:56,3.11,--,1,311,买盘
1057,13:18:52,3.11,--,161,50071,买盘
1058,13:18:47,3.11,--,110,34210,买盘
1059,13:18:41,3.11,0.01,33,10263,买盘
1060,13:18:37,3.1,--,341,105710,卖盘
1061,13:18:32,3.1,-0.01,30,9300,卖盘
1062,13:18:26,3.11,0.01,2,622,买盘
1063,13:18:22,3.1,--,33,10230,卖盘
1064,13:18:17,3.1,--,7,2170,卖盘
1065,13:18:07,3.1,--,249,77190,卖盘
1066,13:18:02,3.1,-0.01,89,27590,卖盘
1067,13:17:56,3.11,0.01,1,311,买盘
1068,13:17:52,3.1,-0.01,1633,506230,卖盘
1069,13:17:47,3.11,0.01,898,279278,买盘
1070,13:17:41,3.1,-0.01,68,21080,卖盘
1071,13:17:37,3.11,--,122,38038,买盘
1072,13:17:32,3.11,--,1,311,买盘
1073,13:17:22,3.11,0.01,125,38965,买盘
1074,13:17:17,3.1,--,526,163060,卖盘
1075,13:17:11,3.1,--,130,40300,卖盘
1076,13:17:07,3.1,--,131,40610,卖盘
1077,13:17:02,3.1,--,86,26660,卖盘
1078,13:16:52,3.1,--,582,180420,卖盘
1079,13:16:47,3.1,-0.01,51,15810,卖盘
1080,13:16:41,3.11,--,16,4976,买盘
1081,13:16:37,3.11,--,96,29856,买盘
1082,13:16:26,3.11,0.01,1,311,买盘
1083,13:16:22,3.1,--,1027,318370,卖盘
1084,13:16:17,3.1,-0.01,31,9610,卖盘
1085,13:16:11,3.11,--,2,622,买盘
1086,13:16:07,3.11,0.01,530,164830,买盘
1087,13:16:02,3.1,-0.01,69,21390,卖盘
1088,13:15:56,3.11,--,536,166696,买盘
1089,13:15:52,3.11,0.01,190,59090,买盘
1090,13:15:47,3.1,-0.01,278,86180,卖盘
1091,13:15:41,3.11,0.01,754,234494,买盘
1092,13:15:36,3.1,--,703,217930,卖盘
1093,13:15:32,3.1,--,73,22630,卖盘
1094,13:15:26,3.1,-0.01,7,2170,卖盘
1095,13:15:17,3.11,--,41,12751,买盘
1096,13:15:11,3.11,--,3,933,买盘
1097,13:15:06,3.11,--,54,16794,买盘
1098,13:15:02,3.11,0.01,168,52248,买盘
1099,13:14:56,3.1,-0.01,529,163990,卖盘
1100,13:14:50,3.11,--,10,3110,买盘
1101,13:14:47,3.11,0.01,84,26124,买盘
1102,13:14:41,3.1,-0.01,65,20150,卖盘
1103,13:14:32,3.11,0.01,7,2177,买盘
1104,13:14:26,3.1,-0.01,37,11470,卖盘
1105,13:14:20,3.11,--,2,622,买盘
1106,13:14:17,3.11,--,2,622,买盘
1107,13:14:11,3.11,--,11,3421,买盘
1108,13:14:05,3.11,0.01,4,1244,买盘
1109,13:14:02,3.1,-0.01,251,77810,卖盘
1110,13:13:56,3.11,--,29,9019,买盘
1111,13:13:50,3.11,--,101,31411,买盘
1112,13:13:47,3.11,--,146,45406,买盘
1113,13:13:41,3.11,0.01,1,311,买盘
1114,13:13:35,3.1,-0.01,16,4960,卖盘
1115,13:13:31,3.11,--,755,234805,买盘
1116,13:13:26,3.11,--,32,9952,买盘
1117,13:13:16,3.11,0.01,59,18349,买盘
1118,13:13:11,3.1,-0.01,8,2480,卖盘
1119,13:13:05,3.11,0.01,33,10263,买盘
1120,13:13:02,3.1,--,3,930,卖盘
1121,13:12:56,3.1,--,75,23250,卖盘
1122,13:12:50,3.1,-0.01,90,27900,卖盘
1123,13:12:46,3.11,0.01,32,9952,买盘
1124,13:12:41,3.1,--,38,11780,卖盘
1125,13:12:35,3.1,--,176,54560,卖盘
1126,13:12:26,3.1,-0.01,1,310,卖盘
1127,13:12:20,3.11,--,49,15239,买盘
1128,13:12:11,3.11,--,22,6842,买盘
1129,13:12:01,3.11,--,60,18660,买盘
1130,13:11:56,3.11,0.01,51,15861,买盘
1131,13:11:50,3.1,-0.01,29,8990,卖盘
1132,13:11:46,3.11,0.01,228,70908,买盘
1133,13:11:41,3.1,--,136,42445,卖盘
1134,13:11:35,3.1,-0.01,110,34100,卖盘
1135,13:11:31,3.11,0.01,31,9641,买盘
1136,13:11:26,3.1,-0.01,74,22940,卖盘
1137,13:11:20,3.11,0.01,100,31100,买盘
1138,13:11:16,3.1,--,88,27280,卖盘
1139,13:11:11,3.1,-0.01,12,3720,卖盘
1140,13:11:05,3.11,--,4,1244,买盘
1141,13:11:01,3.11,0.01,207,64377,买盘
1142,13:10:56,3.1,--,126,39060,卖盘
1143,13:10:50,3.1,--,20,6200,卖盘
1144,13:10:46,3.1,--,6,1860,卖盘
1145,13:10:41,3.1,-0.01,41,12710,卖盘
1146,13:10:31,3.11,0.01,46,14306,买盘
1147,13:10:20,3.1,--,69,21390,卖盘
1148,13:10:16,3.1,--,2,620,卖盘
1149,13:10:05,3.1,--,525,162750,卖盘
1150,13:09:50,3.1,-0.01,238,73780,卖盘
1151,13:09:46,3.11,--,41,12751,买盘
1152,13:09:41,3.11,--,66,20526,买盘
1153,13:09:35,3.11,0.01,121,37631,买盘
1154,13:09:31,3.1,-0.01,351,108810,卖盘
1155,13:09:26,3.11,0.01,182,56850,买盘
1156,13:09:20,3.1,-0.01,31,9610,卖盘
1157,13:09:16,3.11,--,1,311,买盘
1158,13:09:11,3.11,0.01,130,40430,买盘
1159,13:09:05,3.1,-0.01,33,10230,卖盘
1160,13:08:56,3.11,0.01,100,31100,买盘
1161,13:08:50,3.1,--,34,10540,卖盘
1162,13:08:46,3.1,-0.01,1,310,卖盘
1163,13:08:41,3.11,--,110,34210,买盘
1164,13:08:35,3.11,0.01,76,23636,买盘
1165,13:08:31,3.1,-0.01,19,5890,卖盘
1166,13:08:26,3.11,0.01,12,3732,买盘
1167,13:08:20,3.1,-0.01,62,19220,卖盘
1168,13:08:16,3.11,--,15,4665,买盘
1169,13:08:11,3.11,--,15,4665,买盘
1170,13:08:05,3.11,0.01,1,311,买盘
1171,13:08:00,3.1,-0.01,673,208630,卖盘
1172,13:07:55,3.11,--,7,2177,买盘
1173,13:07:50,3.11,--,646,200906,买盘
1174,13:07:44,3.11,--,40,12440,买盘
1175,13:07:40,3.11,--,1,311,买盘
1176,13:07:35,3.11,--,59,18349,买盘
1177,13:07:29,3.11,--,1,311,买盘
1178,13:07:25,3.11,--,60,18660,买盘
1179,13:07:20,3.11,--,110,34210,买盘
1180,13:07:10,3.11,--,12,3732,买盘
1181,13:07:05,3.11,0.01,10,3110,买盘
1182,13:06:55,3.1,-0.01,101,31310,卖盘
1183,13:06:50,3.11,--,194,60334,买盘
1184,13:06:44,3.11,--,3,933,买盘
1185,13:06:40,3.11,--,10,3110,买盘
1186,13:06:35,3.11,--,190,59090,买盘
1187,13:06:29,3.11,--,102,31722,买盘
1188,13:06:25,3.11,--,22,6842,买盘
1189,13:06:20,3.11,--,1,311,买盘
1190,13:06:14,3.11,--,235,73085,买盘
1191,13:06:10,3.11,--,121,37631,买盘
1192,13:06:05,3.11,--,1,311,买盘
1193,13:05:59,3.11,--,1385,430735,买盘
1194,13:05:55,3.11,--,1,311,买盘
1195,13:05:50,3.11,0.01,6,1866,买盘
1196,13:05:40,3.1,-0.01,126,39060,卖盘
1197,13:05:29,3.11,0.01,216,67176,买盘
1198,13:05:25,3.1,-0.01,1,310,卖盘
1199,13:05:20,3.11,0.01,50,15550,买盘
1200,13:05:10,3.1,--,82,25420,卖盘
1201,13:05:05,3.1,-0.01,32,9920,卖盘
1202,13:04:59,3.11,0.01,56,17416,买盘
1203,13:04:55,3.1,--,117,36270,卖盘
1204,13:04:50,3.1,--,49,15190,卖盘
1205,13:04:44,3.1,-0.01,6,1860,卖盘
1206,13:04:35,3.11,0.01,101,31411,买盘
1207,13:04:29,3.1,-0.01,21,6510,卖盘
1208,13:04:25,3.11,--,330,102630,买盘
1209,13:04:20,3.11,0.01,21,6531,买盘
1210,13:04:14,3.1,-0.01,76,23560,卖盘
1211,13:04:10,3.11,--,437,135907,买盘
1212,13:04:05,3.11,0.01,109,33899,买盘
1213,13:03:59,3.1,-0.01,128,39680,卖盘
1214,13:03:50,3.11,0.01,33,10263,买盘
1215,13:03:44,3.1,--,1649,511190,卖盘
1216,13:03:40,3.1,--,35,10850,卖盘
1217,13:03:35,3.1,-0.01,170,52700,卖盘
1218,13:03:29,3.11,0.01,40,12440,买盘
1219,13:03:25,3.1,--,6,1860,卖盘
1220,13:03:20,3.1,-0.01,7,2170,卖盘
1221,13:03:10,3.11,0.01,19,5909,买盘
1222,13:03:05,3.1,-0.01,228,70680,卖盘
1223,13:02:59,3.11,--,75,23325,买盘
1224,13:02:55,3.11,0.01,230,71530,买盘
1225,13:02:50,3.1,-0.01,145,44950,卖盘
1226,13:02:44,3.11,--,130,40430,买盘
1227,13:02:40,3.11,0.01,66,20526,买盘
1228,13:02:35,3.1,-0.01,58,17980,卖盘
1229,13:02:29,3.11,--,31,9641,买盘
1230,13:02:25,3.11,0.01,270,83970,买盘
1231,13:02:20,3.1,-0.01,83,25730,卖盘
1232,13:02:14,3.11,--,201,62511,买盘
1233,13:01:55,3.11,0.01,16,4976,买盘
1234,13:01:50,3.1,--,74,22940,卖盘
1235,13:01:40,3.1,--,382,118420,卖盘
1236,13:01:35,3.1,--,30,9300,卖盘
1237,13:01:29,3.1,-0.01,35,10850,卖盘
1238,13:01:25,3.11,0.01,29,9019,买盘
1239,13:01:20,3.1,--,264,81840,卖盘
1240,13:01:14,3.1,-0.01,68,21080,卖盘
1241,13:01:09,3.11,0.01,5,1555,买盘
1242,13:00:59,3.1,-0.01,6,1860,卖盘
1243,13:00:54,3.11,--,6,1866,买盘
1244,13:00:44,3.11,0.01,24,7464,买盘
1245,13:00:34,3.1,--,192,59520,卖盘
1246,13:00:29,3.1,--,174,53940,卖盘
1247,13:00:19,3.1,-0.01,436,135160,卖盘
1248,13:00:14,3.11,--,1329,413319,买盘
1249,13:00:08,3.11,--,831,258441,买盘
1250,13:00:04,3.11,--,1637,509107,买盘
1251,11:30:00,3.11,--,0,0,买盘
1252,11:30:00,3.11,--,0,0,买盘
1253,11:29:59,3.11,--,125,38875,买盘
1254,11:29:54,3.11,--,20,6220,买盘
1255,11:29:45,3.11,0.01,26,8086,买盘
1256,11:29:40,3.1,-0.01,443,137330,卖盘
1257,11:29:35,3.11,0.01,1653,514083,买盘
1258,11:29:30,3.1,-0.01,14,4340,卖盘
1259,11:29:24,3.11,--,32,9952,买盘
1260,11:29:15,3.11,--,32,9952,买盘
1261,11:29:09,3.11,--,171,53181,买盘
1262,11:29:05,3.11,--,133,41363,买盘
1263,11:29:00,3.11,--,184,57224,买盘
1264,11:28:54,3.11,--,167,51937,买盘
1265,11:28:50,3.11,--,152,47272,买盘
1266,11:28:45,3.11,0.01,130,40430,买盘
1267,11:28:39,3.1,--,6,1860,卖盘
1268,11:28:35,3.1,-0.01,6,1860,卖盘
1269,11:28:30,3.11,--,843,262173,买盘
1270,11:28:24,3.11,0.01,271,84281,买盘
1271,11:28:20,3.1,--,229,70990,卖盘
1272,11:28:15,3.1,-0.01,419,129890,卖盘
1273,11:28:09,3.11,0.01,200,62200,买盘
1274,11:28:05,3.1,--,156,48360,卖盘
1275,11:28:00,3.1,-0.01,30,9300,卖盘
1276,11:27:54,3.11,--,225,69975,买盘
1277,11:27:50,3.11,--,445,138395,买盘
1278,11:27:45,3.11,--,72,22392,买盘
1279,11:27:39,3.11,0.01,7,2177,买盘
1280,11:27:35,3.1,--,642,199020,卖盘
1281,11:27:30,3.1,--,155,48050,卖盘
1282,11:27:24,3.1,--,60,18600,卖盘
1283,11:27:20,3.1,-0.01,10,3100,卖盘
1284,11:27:15,3.11,--,12,3732,买盘
1285,11:27:09,3.11,--,14,4354,买盘
1286,11:27:05,3.11,0.01,212,65932,买盘
1287,11:27:00,3.1,--,30,9300,卖盘
1288,11:26:54,3.1,--,51,15810,卖盘
1289,11:26:50,3.1,--,30,9300,卖盘
1290,11:26:45,3.1,--,282,87420,卖盘
1291,11:26:39,3.1,-0.01,727,225370,卖盘
1292,11:26:35,3.11,0.01,746,232006,买盘
1293,11:26:30,3.1,--,47,14570,卖盘
1294,11:26:20,3.1,--,33,10230,卖盘
1295,11:26:15,3.1,--,550,170586,卖盘
1296,11:26:09,3.1,-0.01,176,54560,卖盘
1297,11:26:05,3.11,--,1,311,买盘
1298,11:26:00,3.11,0.01,277,86147,买盘
1299,11:25:50,3.1,--,677,209870,卖盘
1300,11:25:45,3.1,--,111,34410,卖盘
1301,11:25:39,3.1,-0.01,735,227850,卖盘
1302,11:25:35,3.11,0.01,71,22081,买盘
1303,11:25:30,3.1,--,345,106950,卖盘
1304,11:25:24,3.1,--,147,45570,卖盘
1305,11:25:20,3.1,--,193,59830,卖盘
1306,11:25:15,3.1,-0.01,624,193440,卖盘
1307,11:25:09,3.11,--,144,44784,买盘
1308,11:25:05,3.11,--,2025,629775,买盘
1309,11:25:00,3.11,0.01,2736,850896,买盘
1310,11:24:50,3.1,--,299,92690,卖盘
1311,11:24:45,3.1,-0.01,62,19220,卖盘
1312,11:24:39,3.11,--,31,9641,买盘
1313,11:24:35,3.11,--,12,3732,买盘
1314,11:24:30,3.11,--,403,125333,买盘
1315,11:24:24,3.11,0.01,68,21148,买盘
1316,11:24:19,3.1,-0.01,264,81840,卖盘
1317,11:24:14,3.11,--,515,160165,买盘
1318,11:24:04,3.11,--,76,23636,买盘
1319,11:23:59,3.11,0.01,100,31100,买盘
1320,11:23:54,3.1,-0.01,8,2480,卖盘
1321,11:23:44,3.11,0.01,127,39497,买盘
1322,11:23:39,3.1,-0.01,500,155000,卖盘
1323,11:23:35,3.11,0.01,5,1555,买盘
1324,11:23:29,3.1,--,1031,319610,卖盘
1325,11:23:24,3.1,--,519,160890,卖盘
1326,11:23:18,3.1,-0.01,179,55490,卖盘
1327,11:23:14,3.11,--,23,7153,买盘
1328,11:23:09,3.11,--,546,169806,买盘
1329,11:23:03,3.11,0.01,19,5909,买盘
1330,11:22:59,3.1,--,6,1860,卖盘
1331,11:22:54,3.1,--,3,930,卖盘
1332,11:22:48,3.1,--,1,310,卖盘
1333,11:22:44,3.1,--,165,51150,卖盘
1334,11:22:39,3.1,-0.01,44,13640,卖盘
1335,11:22:33,3.11,0.01,1,311,买盘
1336,11:22:29,3.1,-0.01,391,121210,卖盘
1337,11:22:24,3.11,--,197,61267,买盘
1338,11:22:14,3.11,0.01,1276,397078,买盘
1339,11:22:09,3.1,-0.01,160,49600,卖盘
1340,11:22:03,3.11,0.01,8,2488,买盘
1341,11:21:59,3.1,-0.01,216,66960,卖盘
1342,11:21:54,3.11,--,3,933,买盘
1343,11:21:48,3.11,--,516,160476,买盘
1344,11:21:44,3.11,0.01,1131,351741,买盘
1345,11:21:33,3.1,--,7,2170,卖盘
1346,11:21:29,3.1,-0.01,128,39680,卖盘
1347,11:21:24,3.11,--,55,17105,买盘
1348,11:21:18,3.11,--,50,15550,买盘
1349,11:21:14,3.11,0.01,650,202150,买盘
1350,11:21:09,3.1,-0.01,164,50840,卖盘
1351,11:21:03,3.11,--,3,933,买盘
1352,11:20:59,3.11,--,161,50071,买盘
1353,11:20:54,3.11,--,30,9330,买盘
1354,11:20:44,3.11,0.01,232,72152,买盘
1355,11:20:39,3.1,-0.01,303,93930,卖盘
1356,11:20:33,3.11,0.01,46,14306,买盘
1357,11:20:29,3.1,-0.01,585,181532,卖盘
1358,11:20:24,3.11,--,19,5909,买盘
1359,11:20:18,3.11,--,49,15239,卖盘
1360,11:20:14,3.11,0.01,403,125333,买盘
1361,11:20:09,3.1,-0.01,566,175460,卖盘
1362,11:20:03,3.11,0.01,17,5287,买盘
1363,11:19:59,3.1,--,521,161510,卖盘
1364,11:19:54,3.1,-0.01,348,107954,卖盘
1365,11:19:48,3.11,--,150,46886,买盘
1366,11:19:44,3.11,--,141,43851,买盘
1367,11:19:39,3.11,--,88,27442,卖盘
1368,11:19:33,3.11,--,0,236,买盘
1369,11:19:29,3.11,--,108,33588,买盘
1370,11:19:24,3.11,--,2003,622933,买盘
1371,11:19:18,3.11,--,1654,514394,买盘
1372,11:19:14,3.11,--,1007,313177,买盘
1373,11:19:09,3.11,--,112,34832,买盘
1374,11:19:03,3.11,--,22,6842,买盘
1375,11:18:59,3.11,--,108,33588,买盘
1376,11:18:54,3.11,--,167,51937,买盘
1377,11:18:48,3.11,0.01,100,31100,买盘
1378,11:18:44,3.1,-0.01,160,49600,卖盘
1379,11:18:39,3.11,--,12,3732,买盘
1380,11:18:33,3.11,--,241,74951,买盘
1381,11:18:29,3.11,--,498,154878,买盘
1382,11:18:24,3.11,0.01,175,54425,买盘
1383,11:18:18,3.1,-0.01,12,3720,卖盘
1384,11:18:14,3.11,0.01,110,34210,买盘
1385,11:18:09,3.1,-0.01,343,106330,卖盘
1386,11:18:02,3.11,--,2,622,买盘
1387,11:17:59,3.11,--,43,13373,买盘
1388,11:17:54,3.11,--,36,11196,买盘
1389,11:17:48,3.11,--,100,31100,买盘
1390,11:17:44,3.11,--,103,32033,买盘
1391,11:17:39,3.11,--,1000,311000,买盘
1392,11:17:33,3.11,--,2,622,买盘
1393,11:17:28,3.11,0.01,15,4665,买盘
1394,11:17:24,3.1,--,1221,378510,卖盘
1395,11:17:18,3.1,-0.01,15,4650,卖盘
1396,11:17:13,3.11,0.01,50,15550,买盘
1397,11:17:08,3.1,--,1,310,卖盘
1398,11:17:03,3.1,-0.01,212,65720,卖盘
1399,11:16:59,3.11,0.01,824,256264,买盘
1400,11:16:53,3.1,-0.01,173,53630,卖盘
1401,11:16:48,3.11,--,106,32966,买盘
1402,11:16:42,3.11,--,20,6220,买盘
1403,11:16:38,3.11,--,300,93300,买盘
1404,11:16:33,3.11,--,222,69042,买盘
1405,11:16:27,3.11,--,264,82104,买盘
1406,11:16:23,3.11,--,73,22703,买盘
1407,11:16:18,3.11,--,268,83348,买盘
1408,11:16:12,3.11,--,24,7464,买盘
1409,11:16:08,3.11,--,134,41674,卖盘
1410,11:16:03,3.11,--,793,246859,买盘
1411,11:15:57,3.11,--,1166,362626,买盘
1412,11:15:53,3.11,--,2682,834102,买盘
1413,11:15:48,3.11,--,176,54736,买盘
1414,11:15:42,3.11,--,32,9952,买盘
1415,11:15:38,3.11,--,848,263728,买盘
1416,11:15:33,3.11,--,365,113515,买盘
1417,11:15:26,3.11,--,352,109472,买盘
1418,11:15:23,3.11,--,248,77128,买盘
1419,11:15:18,3.11,--,795,247245,买盘
1420,11:15:12,3.11,--,145,45095,买盘
1421,11:15:08,3.11,--,240,74640,买盘
1422,11:15:03,3.11,--,67,20837,买盘
1423,11:14:57,3.11,--,1107,344519,买盘
1424,11:14:53,3.11,--,797,247867,买盘
1425,11:14:48,3.11,--,100,31100,买盘
1426,11:14:42,3.11,-0.01,40,12440,卖盘
1427,11:14:38,3.12,0.02,114971,35870952,买盘
1428,11:14:33,3.1,-0.01,48,14880,卖盘
1429,11:14:27,3.11,--,180,55980,买盘
1430,11:14:23,3.11,0.01,194,60334,买盘
1431,11:14:18,3.1,-0.01,74,22940,卖盘
1432,11:14:12,3.11,0.01,39,12129,买盘
1433,11:14:08,3.1,-0.01,487,150970,卖盘
1434,11:14:03,3.11,0.01,61,18971,买盘
1435,11:13:57,3.1,-0.01,500,155000,卖盘
1436,11:13:53,3.11,0.01,259,80549,买盘
1437,11:13:48,3.1,--,147,45570,卖盘
1438,11:13:38,3.1,-0.01,37,11470,卖盘
1439,11:13:32,3.11,--,7,2177,买盘
1440,11:13:26,3.11,--,1,311,买盘
1441,11:13:23,3.11,--,337,104807,买盘
1442,11:13:18,3.11,0.01,63,19593,买盘
1443,11:13:08,3.1,-0.01,1060,328600,卖盘
1444,11:13:03,3.11,--,205,63755,买盘
1445,11:12:53,3.11,0.01,183,56913,买盘
1446,11:12:48,3.1,--,180,55800,卖盘
1447,11:12:42,3.1,--,187,57970,卖盘
1448,11:12:38,3.1,-0.01,390,120900,卖盘
1449,11:12:32,3.11,0.01,138,42918,买盘
1450,11:12:26,3.1,-0.01,8,2480,卖盘
1451,11:12:23,3.11,0.01,42,13062,买盘
1452,11:12:18,3.1,-0.01,56,17360,卖盘
1453,11:12:11,3.11,0.01,2,622,买盘
1454,11:12:08,3.1,-0.01,3739,1159090,卖盘
1455,11:12:02,3.11,0.01,74,23014,买盘
1456,11:11:53,3.1,--,13,4030,卖盘
1457,11:11:47,3.1,--,59,18290,卖盘
1458,11:11:41,3.1,-0.01,10,3100,卖盘
1459,11:11:32,3.11,0.01,310,96410,买盘
1460,11:11:26,3.1,--,241,74710,卖盘
1461,11:11:23,3.1,--,276,85560,卖盘
1462,11:11:17,3.1,-0.01,9,2790,卖盘
1463,11:11:11,3.11,0.01,76,23636,买盘
1464,11:11:08,3.1,-0.01,5954,1845740,卖盘
1465,11:11:02,3.11,0.01,898,279278,买盘
1466,11:10:53,3.1,-0.01,2006,621860,卖盘
1467,11:10:47,3.11,0.01,465,144615,买盘
1468,11:10:38,3.1,--,506,156860,卖盘
1469,11:10:32,3.1,--,1918,594843,卖盘
1470,11:10:23,3.1,--,646,200260,卖盘
1471,11:10:11,3.1,-0.01,7,2170,卖盘
1472,11:10:07,3.11,--,726,226050,买盘
1473,11:10:02,3.11,0.01,1312,408032,买盘
1474,11:09:56,3.1,--,328,101680,卖盘
1475,11:09:52,3.1,--,153,47430,卖盘
1476,11:09:41,3.1,--,110,34100,卖盘
1477,11:09:37,3.1,--,2313,717191,卖盘
1478,11:09:32,3.1,--,15169,4702390,卖盘
1479,11:09:26,3.1,--,276,85560,卖盘
1480,11:09:20,3.1,--,247,76570,卖盘
1481,11:09:17,3.1,--,5810,1801100,卖盘
1482,11:09:11,3.1,--,3521,1091510,卖盘
1483,11:09:05,3.1,-0.01,2028,628680,卖盘
1484,11:09:02,3.11,0.01,2310,718410,买盘
1485,11:08:56,3.1,-0.01,11097,3440225,卖盘
1486,11:08:50,3.11,--,30,9330,买盘
1487,11:08:47,3.11,0.01,294,91434,买盘
1488,11:08:41,3.1,-0.01,10435,3234850,卖盘
1489,11:08:32,3.11,0.01,666,207126,买盘
1490,11:08:26,3.1,--,10340,3205400,卖盘
1491,11:08:17,3.1,--,50,15500,卖盘
1492,11:08:11,3.1,-0.01,477,147870,卖盘
1493,11:08:05,3.11,--,41,12751,买盘
1494,11:08:02,3.11,--,7,2177,买盘
1495,11:07:50,3.11,--,20,6220,买盘
1496,11:07:47,3.11,0.01,10,3110,买盘
1497,11:07:41,3.1,--,164,50840,卖盘
1498,11:07:32,3.1,--,108,33480,卖盘
1499,11:07:26,3.1,--,464,143840,卖盘
1500,11:07:20,3.1,-0.01,1146,355260,卖盘
1501,11:07:17,3.11,--,652,202772,买盘
1502,11:07:11,3.11,0.01,195,60645,买盘
1503,11:07:05,3.1,--,30,9300,卖盘
1504,11:07:02,3.1,--,388,120280,卖盘
1505,11:06:56,3.1,--,386,119660,卖盘
1506,11:06:50,3.1,--,323,100130,卖盘
1507,11:06:47,3.1,--,105,32550,卖盘
1508,11:06:41,3.1,--,599,185690,卖盘
1509,11:06:35,3.1,-0.01,164,50840,卖盘
1510,11:06:32,3.11,0.01,270,83970,买盘
1511,11:06:26,3.1,--,1968,610312,卖盘
1512,11:06:20,3.1,-0.01,552,171120,卖盘
1513,11:06:17,3.11,0.01,305,94855,买盘
1514,11:06:11,3.1,-0.01,1668,517253,卖盘
1515,11:06:05,3.11,--,22,6842,买盘
1516,11:06:02,3.11,--,246,76506,买盘
1517,11:05:56,3.11,--,350,108850,买盘
1518,11:05:50,3.11,--,302,93922,买盘
1519,11:05:47,3.11,0.01,50,15550,买盘
1520,11:05:41,3.1,-0.01,398,123380,卖盘
1521,11:05:32,3.11,0.01,405,125955,买盘
1522,11:05:26,3.1,-0.01,456,141360,卖盘
1523,11:05:20,3.11,0.01,15,4665,买盘
1524,11:05:17,3.1,-0.01,6,1860,卖盘
1525,11:05:11,3.11,0.01,748,232628,买盘
1526,11:05:05,3.1,-0.01,264,81840,卖盘
1527,11:05:02,3.11,--,151,46961,买盘
1528,11:04:56,3.11,--,297,92367,买盘
1529,11:04:47,3.11,0.01,306,95166,买盘
1530,11:04:41,3.1,-0.01,607,188170,卖盘
1531,11:04:32,3.11,--,2848,885759,卖盘
1532,11:04:26,3.11,--,1488,462768,卖盘
1533,11:04:20,3.11,--,581,180691,卖盘
1534,11:04:17,3.11,--,2964,921804,卖盘
1535,11:04:11,3.11,--,205,63755,卖盘
1536,11:04:05,3.11,--,700,217700,卖盘
1537,11:04:02,3.11,--,1151,357961,卖盘
1538,11:03:56,3.11,--,2038,633818,卖盘
1539,11:03:50,3.11,--,9,2799,卖盘
1540,11:03:47,3.11,--,37,11507,卖盘
1541,11:03:41,3.11,--,46,14306,卖盘
1542,11:03:35,3.11,-0.01,304,94544,卖盘
1543,11:03:31,3.12,0.01,117,36504,买盘
1544,11:03:26,3.11,--,243,75573,卖盘
1545,11:03:20,3.11,--,1550,482050,卖盘
1546,11:03:16,3.11,--,120,37320,卖盘
1547,11:03:11,3.11,--,323,100453,卖盘
1548,11:03:05,3.11,-0.01,686,213346,卖盘
1549,11:03:01,3.12,0.01,442,137904,买盘
1550,11:02:56,3.11,--,751,233561,卖盘
1551,11:02:50,3.11,--,126,39186,卖盘
1552,11:02:41,3.11,--,713,221743,卖盘
1553,11:02:35,3.11,-0.01,40,12440,卖盘
1554,11:02:31,3.12,0.01,1804,562848,买盘
1555,11:02:26,3.11,--,840,261240,卖盘
1556,11:02:20,3.11,--,121,37631,卖盘
1557,11:02:16,3.11,--,1631,507241,卖盘
1558,11:02:11,3.11,--,339,105429,卖盘
1559,11:02:05,3.11,-0.01,648,201528,卖盘
1560,11:02:01,3.12,0.01,261,81432,买盘
1561,11:01:56,3.11,--,514,159854,卖盘
1562,11:01:50,3.11,--,5102,1586722,卖盘
1563,11:01:44,3.11,--,371,115381,卖盘
1564,11:01:41,3.11,--,877,272747,卖盘
1565,11:01:35,3.11,--,516,160476,卖盘
1566,11:01:29,3.11,--,3268,1016348,卖盘
1567,11:01:26,3.11,--,3147,978717,卖盘
1568,11:01:20,3.11,--,6434,2000974,卖盘
1569,11:01:14,3.11,--,1763,548293,卖盘
1570,11:01:11,3.11,--,1100,342100,卖盘
1571,11:01:05,3.11,--,3398,1056778,卖盘
1572,11:00:59,3.11,--,327,101697,卖盘
1573,11:00:56,3.11,--,3999,1243689,卖盘
1574,11:00:50,3.11,--,377,117247,卖盘
1575,11:00:44,3.11,--,984,306024,卖盘
1576,11:00:41,3.11,--,340,105740,卖盘
1577,11:00:35,3.11,--,1865,580015,卖盘
1578,11:00:29,3.11,--,613,190705,卖盘
1579,11:00:26,3.11,--,6434,2001036,卖盘
1580,11:00:20,3.11,--,508,157988,卖盘
1581,11:00:14,3.11,--,1659,515949,卖盘
1582,11:00:11,3.11,--,6348,1974455,卖盘
1583,11:00:05,3.11,--,7780,2419586,卖盘
1584,10:59:59,3.11,--,902,280584,卖盘
1585,10:59:56,3.11,--,104,32344,卖盘
1586,10:59:50,3.11,--,445,138457,卖盘
1587,10:59:44,3.11,--,1726,536848,卖盘
1588,10:59:41,3.11,--,2958,920062,卖盘
1589,10:59:35,3.11,--,1431,445041,卖盘
1590,10:59:29,3.11,--,765,237915,卖盘
1591,10:59:26,3.11,--,3375,1049783,卖盘
1592,10:59:20,3.11,--,1931,600727,卖盘
1593,10:59:14,3.11,--,10,3110,卖盘
1594,10:59:11,3.11,--,374,116314,卖盘
1595,10:59:05,3.11,--,94,29234,卖盘
1596,10:58:56,3.11,--,508,158112,卖盘
1597,10:58:50,3.11,--,10146,3155406,卖盘
1598,10:58:44,3.11,--,586,182246,卖盘
1599,10:58:41,3.11,-0.01,307,95477,卖盘
1600,10:58:35,3.12,0.01,2,624,买盘
1601,10:58:29,3.11,--,287,89257,卖盘
1602,10:58:26,3.11,--,157,48827,卖盘
1603,10:58:20,3.11,--,206,64066,卖盘
1604,10:58:14,3.11,--,529,164519,卖盘
1605,10:58:11,3.11,--,134,41674,卖盘
1606,10:58:05,3.11,--,131,40741,卖盘
1607,10:57:59,3.11,--,201,62511,卖盘
1608,10:57:56,3.11,--,977,303847,卖盘
1609,10:57:50,3.11,--,620,192820,卖盘
1610,10:57:44,3.11,-0.01,6,1866,卖盘
1611,10:57:41,3.12,--,883,275496,买盘
1612,10:57:35,3.12,0.01,284,88608,买盘
1613,10:57:29,3.11,--,523,162653,卖盘
1614,10:57:26,3.11,--,105,32655,卖盘
1615,10:57:20,3.11,--,76,23636,卖盘
1616,10:57:05,3.11,--,139,43229,卖盘
1617,10:56:50,3.11,--,111,34521,卖盘
1618,10:56:40,3.11,--,21,6531,卖盘
1619,10:56:35,3.11,--,74,23014,卖盘
1620,10:56:29,3.11,--,100,31100,卖盘
1621,10:56:25,3.11,-0.01,6,1866,卖盘
1622,10:56:20,3.12,--,126,39312,买盘
1623,10:56:05,3.12,0.01,2,624,买盘
1624,10:55:55,3.11,--,6,1866,卖盘
1625,10:55:50,3.11,--,1622,504442,卖盘
1626,10:55:40,3.11,--,126,39186,卖盘
1627,10:55:35,3.11,--,218,67798,卖盘
1628,10:55:29,3.11,--,304,94544,卖盘
1629,10:55:25,3.11,--,738,229518,卖盘
1630,10:55:20,3.11,--,130,40430,卖盘
1631,10:55:14,3.11,--,413,128443,卖盘
1632,10:55:10,3.11,-0.01,360,112205,卖盘
1633,10:55:05,3.12,0.01,150,46800,买盘
1634,10:54:55,3.11,--,103,32033,卖盘
1635,10:54:50,3.11,-0.01,679,211169,卖盘
1636,10:54:40,3.12,0.01,8,2496,买盘
1637,10:54:35,3.11,--,1372,426692,卖盘
1638,10:54:29,3.11,--,29,9019,卖盘
1639,10:54:25,3.11,--,238,74018,卖盘
1640,10:54:20,3.11,--,455,141505,卖盘
1641,10:54:05,3.11,--,96,29856,卖盘
1642,10:53:59,3.11,--,135,42047,卖盘
1643,10:53:50,3.11,--,328,102070,卖盘
1644,10:53:44,3.11,-0.01,196,61018,卖盘
1645,10:53:35,3.12,0.01,1121,349752,买盘
1646,10:53:29,3.11,-0.01,106,32966,卖盘
1647,10:53:23,3.12,0.01,50,15600,买盘
1648,10:53:20,3.11,--,181,56291,卖盘
1649,10:53:14,3.11,--,15,4665,卖盘
1650,10:53:05,3.11,--,39,12129,卖盘
1651,10:52:59,3.11,--,90,27990,卖盘
1652,10:52:50,3.11,--,140,43540,卖盘
1653,10:52:44,3.11,--,111,34521,卖盘
1654,10:52:38,3.11,--,6,1866,卖盘
1655,10:52:35,3.11,--,22,6842,卖盘
1656,10:52:29,3.11,--,95,29545,卖盘
1657,10:52:20,3.11,--,657,204327,卖盘
1658,10:52:14,3.11,--,67,20837,卖盘
1659,10:52:08,3.11,--,174,54114,卖盘
1660,10:52:05,3.11,-0.01,3191,992401,卖盘
1661,10:51:59,3.12,0.01,82,25849,买盘
1662,10:51:44,3.11,-0.01,6,1866,卖盘
1663,10:51:38,3.12,0.01,90,28080,买盘
1664,10:51:35,3.11,-0.01,120,37320,卖盘
1665,10:51:20,3.12,0.01,337,105144,买盘
1666,10:51:14,3.11,--,3755,1167805,卖盘
1667,10:51:05,3.11,--,385,119735,卖盘
1668,10:50:59,3.11,--,10,3110,卖盘
1669,10:50:50,3.11,--,45,13995,卖盘
1670,10:50:44,3.11,--,46,14306,卖盘
1671,10:50:38,3.11,-0.01,6304,1960544,卖盘
1672,10:50:35,3.12,0.01,67,20904,买盘
1673,10:50:29,3.11,--,114,35454,卖盘
1674,10:50:19,3.11,--,25,7775,卖盘
1675,10:50:14,3.11,--,134,41674,卖盘
1676,10:50:08,3.11,--,1000,311000,卖盘
1677,10:50:04,3.11,--,72,22392,卖盘
1678,10:49:59,3.11,--,110,34210,卖盘
1679,10:49:49,3.11,-0.01,85,26435,卖盘
1680,10:49:44,3.12,0.01,1981,618072,买盘
1681,10:49:38,3.11,--,37,11507,卖盘
1682,10:49:34,3.11,--,29,9019,卖盘
1683,10:49:29,3.11,--,500,155500,卖盘
1684,10:49:23,3.11,--,6,1866,卖盘
1685,10:49:19,3.11,--,670,208370,卖盘
1686,10:49:14,3.11,--,693,215523,卖盘
1687,10:49:08,3.11,-0.01,136,42296,卖盘
1688,10:49:04,3.12,0.01,1,312,买盘
1689,10:48:59,3.11,--,1533,476763,卖盘
1690,10:48:53,3.11,--,6,1866,卖盘
1691,10:48:49,3.11,--,193,60023,卖盘
1692,10:48:44,3.11,--,16,4976,卖盘
1693,10:48:38,3.11,--,200,62200,卖盘
1694,10:48:34,3.11,-0.01,12,3732,卖盘
1695,10:48:29,3.12,0.01,36,11232,买盘
1696,10:48:23,3.11,-0.01,22,6842,卖盘
1697,10:48:19,3.12,0.01,3,936,买盘
1698,10:48:04,3.11,--,8227,2558597,卖盘
1699,10:47:59,3.11,-0.01,10,3110,卖盘
1700,10:47:49,3.12,--,256,79872,买盘
1701,10:47:44,3.12,--,4294,1339728,买盘
1702,10:47:38,3.12,--,5,1560,买盘
1703,10:47:34,3.12,0.01,95,29640,买盘
1704,10:47:29,3.11,-0.01,285,88635,卖盘
1705,10:47:23,3.12,--,17,5304,买盘
1706,10:47:18,3.12,0.01,57,17784,买盘
1707,10:47:14,3.11,-0.01,170,52870,卖盘
1708,10:47:08,3.12,0.01,30,9360,买盘
1709,10:47:03,3.11,-0.01,91,28301,卖盘
1710,10:46:53,3.12,--,2,624,买盘
1711,10:46:48,3.12,--,50,15600,买盘
1712,10:46:44,3.12,0.01,193,60216,买盘
1713,10:46:38,3.11,--,223,69353,卖盘
1714,10:46:32,3.11,--,7,2177,卖盘
1715,10:46:29,3.11,-0.01,362,112582,卖盘
1716,10:46:23,3.12,0.01,507,158184,买盘
1717,10:46:17,3.11,-0.01,269,83659,卖盘
1718,10:46:14,3.12,--,650,202800,买盘
1719,10:46:08,3.12,--,225,70200,买盘
1720,10:46:02,3.12,--,203,63336,买盘
1721,10:45:59,3.12,--,342,106704,买盘
1722,10:45:53,3.12,0.01,1023,319176,买盘
1723,10:45:47,3.11,-0.01,4,1244,卖盘
1724,10:45:44,3.12,0.01,318,99216,买盘
1725,10:45:38,3.11,-0.01,6,1866,卖盘
1726,10:45:32,3.12,0.01,496,154752,买盘
1727,10:45:29,3.11,--,394,122534,卖盘
1728,10:45:23,3.11,--,1530,475830,卖盘
1729,10:45:17,3.11,--,130,40430,卖盘
1730,10:45:14,3.11,--,653,203083,卖盘
1731,10:45:08,3.11,-0.01,952,296072,卖盘
1732,10:45:02,3.12,--,76,23712,买盘
1733,10:44:59,3.12,0.01,14,4368,买盘
1734,10:44:53,3.11,--,63,19593,卖盘
1735,10:44:47,3.11,--,524,162964,卖盘
1736,10:44:44,3.11,--,7,2177,卖盘
1737,10:44:38,3.11,-0.01,173,53803,卖盘
1738,10:44:32,3.12,--,6,1872,买盘
1739,10:44:23,3.12,0.01,100,31200,买盘
1740,10:44:13,3.11,--,11,3483,卖盘
1741,10:44:08,3.11,-0.01,6,1866,卖盘
1742,10:44:02,3.12,0.01,1,312,买盘
1743,10:43:59,3.11,--,140,43540,卖盘
1744,10:43:53,3.11,--,1085,337435,卖盘
1745,10:43:43,3.11,--,7,2177,卖盘
1746,10:43:38,3.11,-0.01,7,2177,卖盘
1747,10:43:32,3.12,--,2,624,买盘
1748,10:43:28,3.12,0.01,151,47112,买盘
1749,10:43:23,3.11,--,72,22392,卖盘
1750,10:43:17,3.11,--,6,1866,卖盘
1751,10:43:13,3.11,-0.01,202,62822,卖盘
1752,10:43:02,3.12,0.01,1,312,买盘
1753,10:42:58,3.11,-0.01,70,21770,卖盘
1754,10:42:53,3.12,--,216,67392,买盘
1755,10:42:47,3.12,0.01,1,312,买盘
1756,10:42:43,3.11,--,849,264039,卖盘
1757,10:42:38,3.11,-0.01,11,3421,卖盘
1758,10:42:32,3.12,0.01,104,32448,买盘
1759,10:42:28,3.11,--,100,31100,卖盘
1760,10:42:23,3.11,--,140,43540,卖盘
1761,10:42:17,3.11,--,11,3421,卖盘
1762,10:42:13,3.11,--,1303,405233,卖盘
1763,10:42:08,3.11,-0.01,17,5287,卖盘
1764,10:42:02,3.12,--,39,12168,买盘
1765,10:41:58,3.12,0.01,8,2496,买盘
1766,10:41:53,3.11,--,26,8086,卖盘
1767,10:41:43,3.11,--,109,33899,卖盘
1768,10:41:38,3.11,-0.01,268,83348,卖盘
1769,10:41:32,3.12,0.01,2,624,买盘
1770,10:41:28,3.11,--,1407,437577,卖盘
1771,10:41:23,3.11,--,968,301048,卖盘
1772,10:41:17,3.11,--,11,3421,卖盘
1773,10:41:13,3.11,--,840,261302,卖盘
1774,10:41:08,3.11,-0.01,201,62511,卖盘
1775,10:41:02,3.12,0.01,1696,529152,买盘
1776,10:40:58,3.11,--,1303,405233,卖盘
1777,10:40:47,3.11,--,2,622,卖盘
1778,10:40:43,3.11,-0.01,15,4665,卖盘
1779,10:40:38,3.12,--,300,93600,买盘
1780,10:40:32,3.12,0.01,49,15288,买盘
1781,10:40:28,3.11,--,44,13684,卖盘
1782,10:40:23,3.11,--,225,70037,卖盘
1783,10:40:17,3.11,--,584,181748,卖盘
1784,10:40:13,3.11,-0.01,898,279340,卖盘
1785,10:40:08,3.12,--,1924,600350,买盘
1786,10:40:02,3.12,0.01,78,24336,买盘
1787,10:39:58,3.11,--,468,145610,卖盘
1788,10:39:53,3.11,--,601,186911,卖盘
1789,10:39:47,3.11,--,1418,441057,卖盘
1790,10:39:43,3.11,--,1525,474296,卖盘
1791,10:39:38,3.11,-0.01,333,103563,卖盘
1792,10:39:32,3.12,0.01,4572,1426492,买盘
1793,10:39:28,3.11,--,511,158921,卖盘
1794,10:39:23,3.11,-0.01,662,205882,卖盘
1795,10:39:17,3.12,0.01,1153,359798,买盘
1796,10:39:13,3.11,--,2010,625110,卖盘
1797,10:39:08,3.11,-0.01,850,264350,卖盘
1798,10:39:02,3.12,0.01,1392,434304,买盘
1799,10:38:56,3.11,--,425,132175,卖盘
1800,10:38:53,3.11,--,582,181002,卖盘
1801,10:38:47,3.11,--,291,90501,卖盘
1802,10:38:38,3.11,-0.01,435,135285,卖盘
1803,10:38:32,3.12,--,102,31824,买盘
1804,10:38:23,3.12,0.01,1017,317304,买盘
1805,10:38:17,3.11,-0.01,204,63444,卖盘
1806,10:38:11,3.12,0.01,16,4992,买盘
1807,10:38:08,3.11,-0.01,73,22703,卖盘
1808,10:38:02,3.12,0.01,2,624,买盘
1809,10:37:56,3.11,--,36,11196,卖盘
1810,10:37:53,3.11,--,46,14306,卖盘
1811,10:37:47,3.11,-0.01,75,23325,卖盘
1812,10:37:41,3.12,--,97,30264,买盘
1813,10:37:37,3.12,--,478,149136,买盘
1814,10:37:32,3.12,0.01,52,16224,买盘
1815,10:37:22,3.11,--,1,311,卖盘
1816,10:37:17,3.11,-0.01,6,1866,卖盘
1817,10:37:08,3.12,--,138,43056,买盘
1818,10:37:02,3.12,--,52,16224,买盘
1819,10:36:56,3.12,--,3,936,买盘
1820,10:36:52,3.12,--,30,9360,买盘
1821,10:36:47,3.12,0.01,337,105144,买盘
1822,10:36:37,3.11,-0.01,42,13062,卖盘
1823,10:36:32,3.12,--,11,3432,买盘
1824,10:36:26,3.12,--,51,15912,买盘
1825,10:36:22,3.12,0.01,95,29640,买盘
1826,10:36:17,3.11,-0.01,6,1866,卖盘
1827,10:36:07,3.12,--,221,68952,买盘
1828,10:36:02,3.12,--,1064,331968,买盘
1829,10:35:56,3.12,--,36,11232,买盘
1830,10:35:52,3.12,0.01,107,33384,买盘
1831,10:35:47,3.11,--,500,155500,卖盘
1832,10:35:41,3.11,--,1,311,卖盘
1833,10:35:37,3.11,-0.01,136,42296,卖盘
1834,10:35:32,3.12,0.01,314,97968,买盘
1835,10:35:22,3.11,--,106,32966,卖盘
1836,10:35:17,3.11,--,202,62822,卖盘
1837,10:35:11,3.11,--,11,3421,卖盘
1838,10:35:07,3.11,-0.01,101,31411,卖盘
1839,10:35:02,3.12,0.01,167,52104,买盘
1840,10:34:56,3.11,--,158,49138,卖盘
1841,10:34:52,3.11,-0.01,109,33899,卖盘
1842,10:34:37,3.12,--,200,62400,买盘
1843,10:34:32,3.12,0.01,2,624,买盘
1844,10:34:26,3.11,--,6,1866,卖盘
1845,10:34:22,3.11,-0.01,273,84903,卖盘
1846,10:34:02,3.12,0.01,7,2184,买盘
1847,10:33:52,3.11,-0.01,146,45406,卖盘
1848,10:33:47,3.12,0.01,43,13416,买盘
1849,10:33:41,3.11,-0.01,720,223920,卖盘
1850,10:33:37,3.12,--,1,312,买盘
1851,10:33:32,3.12,--,115,35880,买盘
1852,10:33:22,3.12,0.01,106,33072,买盘
1853,10:33:07,3.11,-0.01,8,2488,卖盘
1854,10:33:02,3.12,0.01,8,2496,买盘
1855,10:32:56,3.11,--,48,14928,卖盘
1856,10:32:47,3.11,--,63,19593,卖盘
1857,10:32:41,3.11,--,76,23636,卖盘
1858,10:32:37,3.11,-0.01,409,127199,卖盘
1859,10:32:32,3.12,0.01,69,21528,买盘
1860,10:32:17,3.11,--,315,97965,卖盘
1861,10:32:07,3.11,-0.01,6,1866,卖盘
1862,10:32:02,3.12,--,171,53352,买盘
1863,10:31:56,3.12,--,750,234000,买盘
1864,10:31:52,3.12,--,14,4368,买盘
1865,10:31:41,3.12,0.01,1,312,买盘
1866,10:31:36,3.11,-0.01,167,51937,卖盘
1867,10:31:32,3.12,0.01,2,624,买盘
1868,10:31:21,3.11,-0.01,406,126266,卖盘
1869,10:31:17,3.12,0.01,10,3120,买盘
1870,10:31:11,3.11,-0.01,7,2177,卖盘
1871,10:31:02,3.12,0.01,9,2808,买盘
1872,10:30:41,3.11,-0.01,69,21459,卖盘
1873,10:30:32,3.12,0.01,6,1872,买盘
1874,10:30:26,3.11,-0.01,135,42047,卖盘
1875,10:30:16,3.12,0.01,210,65520,买盘
1876,10:30:05,3.11,-0.01,315,97965,卖盘
1877,10:30:02,3.12,0.01,78,24336,买盘
1878,10:29:50,3.11,--,520,161720,卖盘
1879,10:29:46,3.11,--,366,113826,卖盘
1880,10:29:41,3.11,-0.01,50,15550,卖盘
1881,10:29:35,3.12,--,20,6240,买盘
1882,10:29:31,3.12,0.01,10,3120,买盘
1883,10:29:16,3.11,-0.01,6,1866,卖盘
1884,10:29:01,3.12,--,3,936,买盘
1885,10:28:56,3.12,0.01,92,28704,买盘
1886,10:28:50,3.11,-0.01,30,9330,卖盘
1887,10:28:46,3.12,0.01,1,312,买盘
1888,10:28:41,3.11,-0.01,162,50382,卖盘
1889,10:28:31,3.12,0.01,3,936,买盘
1890,10:28:26,3.11,-0.01,6,1866,卖盘
1891,10:28:16,3.12,0.01,208,64896,买盘
1892,10:28:05,3.11,--,11,3421,卖盘
1893,10:28:01,3.11,--,130,40430,卖盘
1894,10:27:56,3.11,-0.01,7,2177,卖盘
1895,10:27:46,3.12,0.01,32,9984,买盘
1896,10:27:41,3.11,--,135,42047,卖盘
1897,10:27:35,3.11,-0.01,136,42296,卖盘
1898,10:27:31,3.12,0.01,12,3744,买盘
1899,10:27:26,3.11,-0.01,271,84281,卖盘
1900,10:27:11,3.12,--,521,162552,买盘
1901,10:27:05,3.12,--,11,3432,买盘
1902,10:27:01,3.12,--,17,5304,买盘
1903,10:26:56,3.12,0.01,70,21840,买盘
1904,10:26:41,3.11,-0.01,1,311,卖盘
1905,10:26:35,3.12,0.01,2,624,买盘
1906,10:26:31,3.11,--,40,12440,卖盘
1907,10:26:26,3.11,--,69,21459,卖盘
1908,10:26:20,3.11,--,20,6220,卖盘
1909,10:26:16,3.11,--,400,124400,卖盘
1910,10:26:11,3.11,--,618,192198,卖盘
1911,10:26:05,3.11,-0.01,21,6531,卖盘
1912,10:26:01,3.12,0.01,17,5304,买盘
1913,10:25:56,3.11,-0.01,1,311,卖盘
1914,10:25:46,3.12,0.01,20,6240,买盘
1915,10:25:41,3.11,--,26,8086,卖盘
1916,10:25:35,3.11,--,8,2488,卖盘
1917,10:25:31,3.11,-0.01,7,2177,卖盘
1918,10:25:26,3.12,0.01,220,68640,买盘
1919,10:25:16,3.11,-0.01,70,21770,卖盘
1920,10:25:11,3.12,0.01,257,80184,买盘
1921,10:25:05,3.11,-0.01,23,7153,卖盘
1922,10:25:01,3.12,0.01,64,19968,买盘
1923,10:24:56,3.11,--,260,80860,卖盘
1924,10:24:50,3.11,-0.01,63,19593,卖盘
1925,10:24:46,3.12,0.01,2,624,买盘
1926,10:24:41,3.11,--,78,24258,卖盘
1927,10:24:35,3.11,-0.01,22,6842,卖盘
1928,10:24:26,3.12,--,80,24960,买盘
1929,10:24:20,3.12,0.01,34,10608,买盘
1930,10:24:11,3.11,--,6,1866,卖盘
1931,10:24:05,3.11,-0.01,10,3110,卖盘
1932,10:24:01,3.12,0.01,5,1560,买盘
1933,10:23:56,3.11,--,375,116625,卖盘
1934,10:23:46,3.11,--,5,1555,卖盘
1935,10:23:41,3.11,--,6,1866,卖盘
1936,10:23:35,3.11,--,31,9641,卖盘
1937,10:23:29,3.11,--,305,94855,卖盘
1938,10:23:26,3.11,--,3,933,卖盘
1939,10:23:20,3.11,--,20,6220,卖盘
1940,10:23:15,3.11,-0.01,86,26746,卖盘
1941,10:23:05,3.12,--,2,624,买盘
1942,10:22:59,3.12,--,1,312,买盘
1943,10:22:55,3.12,--,15,4680,买盘
1944,10:22:50,3.12,--,20,6240,买盘
1945,10:22:35,3.12,--,3,936,买盘
1946,10:22:25,3.12,0.01,131,40872,买盘
1947,10:22:20,3.11,--,9,2799,卖盘
1948,10:22:14,3.11,--,68,21148,卖盘
1949,10:22:10,3.11,-0.01,194,60334,卖盘
1950,10:22:05,3.12,0.01,2,624,买盘
1951,10:21:55,3.11,--,662,205882,卖盘
1952,10:21:50,3.11,--,136,42296,卖盘
1953,10:21:44,3.11,--,331,102941,卖盘
1954,10:21:40,3.11,--,819,254709,卖盘
1955,10:21:34,3.11,--,445,138395,卖盘
1956,10:21:25,3.11,--,17,5287,卖盘
1957,10:21:20,3.11,-0.01,342,106362,卖盘
1958,10:21:10,3.12,--,99,30888,买盘
1959,10:21:04,3.12,--,2,624,买盘
1960,10:20:59,3.12,0.01,4,1248,买盘
1961,10:20:55,3.11,-0.01,6,1866,卖盘
1962,10:20:50,3.12,0.01,11,3432,买盘
1963,10:20:44,3.11,-0.01,7,2177,卖盘
1964,10:20:40,3.12,--,10,3120,买盘
1965,10:20:35,3.12,--,33,10296,买盘
1966,10:20:29,3.12,0.01,63,19656,买盘
1967,10:20:25,3.11,-0.01,6,1866,卖盘
1968,10:20:14,3.12,--,100,31200,买盘
1969,10:20:04,3.12,0.01,69,21528,买盘
1970,10:19:59,3.11,-0.01,6,1866,卖盘
1971,10:19:55,3.12,0.01,9,2808,买盘
1972,10:19:49,3.11,--,7,2177,卖盘
1973,10:19:44,3.11,--,3,933,卖盘
1974,10:19:40,3.11,--,15,4665,卖盘
1975,10:19:35,3.11,--,1150,357650,卖盘
1976,10:19:29,3.11,--,6,1866,卖盘
1977,10:19:25,3.11,-0.01,62,19282,卖盘
1978,10:19:20,3.12,0.01,10,3120,买盘
1979,10:19:14,3.11,-0.01,276,85836,卖盘
1980,10:19:10,3.12,--,210,65520,买盘
1981,10:19:05,3.12,--,12,3744,买盘
1982,10:18:59,3.12,0.01,213,66456,买盘
1983,10:18:55,3.11,-0.01,17,5287,卖盘
1984,10:18:50,3.12,--,210,65520,买盘
1985,10:18:44,3.12,0.01,210,65520,买盘
1986,10:18:35,3.11,--,208,64688,卖盘
1987,10:18:25,3.11,-0.01,67,20837,卖盘
1988,10:18:10,3.12,0.01,43,13416,买盘
1989,10:18:04,3.11,--,221,68731,卖盘
1990,10:17:59,3.11,-0.01,315,97965,卖盘
1991,10:17:55,3.12,0.01,15,4680,买盘
1992,10:17:49,3.11,--,10,3110,卖盘
1993,10:17:44,3.11,-0.01,200,62200,卖盘
1994,10:17:39,3.12,--,38,11856,买盘
1995,10:17:35,3.12,--,555,173160,买盘
1996,10:17:29,3.12,0.01,140,43680,买盘
1997,10:17:24,3.11,--,204,63444,卖盘
1998,10:17:20,3.11,--,96,29856,卖盘
1999,10:17:14,3.11,--,210,65310,卖盘
2000,10:17:09,3.11,-0.01,1166,362626,卖盘
2001,10:17:05,3.12,0.01,151,47112,买盘
2002,10:16:59,3.11,--,533,165763,卖盘
2003,10:16:54,3.11,--,201,62511,卖盘
2004,10:16:50,3.11,--,1163,361693,卖盘
2005,10:16:44,3.11,--,2,622,卖盘
2006,10:16:39,3.11,--,146,45406,卖盘
2007,10:16:34,3.11,--,392,121912,卖盘
2008,10:16:29,3.11,--,130,40430,卖盘
2009,10:16:24,3.11,--,234,72774,卖盘
2010,10:16:19,3.11,--,273,84903,卖盘
2011,10:16:14,3.11,--,337,104807,卖盘
2012,10:16:09,3.11,--,1047,325617,卖盘
2013,10:16:04,3.11,--,645,200595,卖盘
2014,10:15:59,3.11,--,651,202461,卖盘
2015,10:15:49,3.11,--,147,45717,卖盘
2016,10:15:38,3.11,-0.01,160,49760,卖盘
2017,10:15:34,3.12,0.01,246,76752,买盘
2018,10:15:29,3.11,-0.01,131,40741,卖盘
2019,10:15:19,3.12,--,57,17784,买盘
2020,10:15:14,3.12,--,83,25896,买盘
2021,10:15:08,3.12,0.01,70,21840,买盘
2022,10:15:04,3.11,--,198,61578,卖盘
2023,10:14:58,3.11,--,167,51937,卖盘
2024,10:14:49,3.11,--,7,2177,卖盘
2025,10:14:44,3.11,-0.01,161,50071,卖盘
2026,10:14:34,3.12,0.01,9,2808,买盘
2027,10:14:29,3.11,-0.01,11,3421,卖盘
2028,10:14:23,3.12,0.01,46,14352,买盘
2029,10:14:19,3.11,-0.01,130,40430,卖盘
2030,10:14:14,3.12,0.01,19,5928,买盘
2031,10:14:08,3.11,-0.01,3,933,卖盘
2032,10:14:04,3.12,0.01,2,624,买盘
2033,10:13:59,3.11,--,62,19282,卖盘
2034,10:13:53,3.11,--,6,1866,卖盘
2035,10:13:49,3.11,-0.01,5,1555,卖盘
2036,10:13:44,3.12,--,112,34944,买盘
2037,10:13:34,3.12,0.01,21,6552,买盘
2038,10:13:29,3.11,-0.01,6,1866,卖盘
2039,10:13:23,3.12,0.01,1,312,买盘
2040,10:13:14,3.11,-0.01,107,33277,卖盘
2041,10:13:08,3.12,--,251,78312,买盘
2042,10:13:04,3.12,0.01,57,17784,买盘
2043,10:12:59,3.11,--,179,55669,卖盘
2044,10:12:44,3.11,-0.01,1,311,卖盘
2045,10:12:34,3.12,--,1,312,买盘
2046,10:12:29,3.12,0.01,17,5304,买盘
2047,10:12:19,3.11,--,261,81171,卖盘
2048,10:12:14,3.11,-0.01,1,311,卖盘
2049,10:12:04,3.12,0.01,132,41184,买盘
2050,10:11:59,3.11,-0.01,194,60334,卖盘
2051,10:11:53,3.12,0.01,293,91416,买盘
2052,10:11:49,3.11,--,69,21459,卖盘
2053,10:11:44,3.11,-0.01,56,17416,卖盘
2054,10:11:38,3.12,--,25,7800,买盘
2055,10:11:34,3.12,0.01,344,107543,买盘
2056,10:11:29,3.11,--,201,62511,卖盘
2057,10:11:23,3.11,--,130,40430,卖盘
2058,10:11:19,3.11,--,2703,840633,卖盘
2059,10:11:14,3.11,-0.01,456,141816,卖盘
2060,10:11:08,3.12,0.01,1,312,买盘
2061,10:11:04,3.11,--,70,21770,卖盘
2062,10:10:59,3.11,--,140,43540,卖盘
2063,10:10:53,3.11,--,6,1866,卖盘
2064,10:10:49,3.11,--,133,41363,卖盘
2065,10:10:44,3.11,--,160,49760,卖盘
2066,10:10:38,3.11,--,6,1866,卖盘
2067,10:10:34,3.11,--,132,41052,卖盘
2068,10:10:18,3.11,-0.01,299,92989,卖盘
2069,10:10:14,3.12,--,1669,520740,买盘
2070,10:10:08,3.12,--,63,19656,买盘
2071,10:10:03,3.12,0.01,175,54600,买盘
2072,10:09:58,3.11,--,340,105740,卖盘
2073,10:09:53,3.11,-0.01,151,46961,卖盘
2074,10:09:48,3.12,--,512,159744,买盘
2075,10:09:43,3.12,--,147,45864,买盘
2076,10:09:33,3.12,--,3,936,买盘
2077,10:09:28,3.12,0.01,161,50232,买盘
2078,10:09:23,3.11,--,2,622,卖盘
2079,10:09:18,3.11,--,612,190332,卖盘
2080,10:09:13,3.11,-0.01,152,47272,卖盘
2081,10:09:08,3.12,--,32,9984,买盘
2082,10:09:03,3.12,0.01,276,86112,买盘
2083,10:08:58,3.11,-0.01,178,55358,卖盘
2084,10:08:53,3.12,0.01,18,5616,买盘
2085,10:08:48,3.11,-0.01,307,95477,卖盘
2086,10:08:38,3.12,0.01,210,65520,买盘
2087,10:08:32,3.11,--,103,32033,卖盘
2088,10:08:28,3.11,-0.01,26,8086,卖盘
2089,10:08:23,3.12,0.01,210,65520,买盘
2090,10:08:17,3.11,-0.01,36,11196,卖盘
2091,10:08:13,3.12,--,215,67080,买盘
2092,10:08:07,3.12,--,3,936,买盘
2093,10:08:03,3.12,--,128,39936,买盘
2094,10:07:58,3.12,--,17,5304,买盘
2095,10:07:52,3.12,0.01,191,59592,买盘
2096,10:07:43,3.11,--,406,126266,卖盘
2097,10:07:38,3.11,-0.01,3,933,卖盘
2098,10:07:28,3.12,--,347,108264,买盘
2099,10:07:23,3.12,0.01,9,2808,买盘
2100,10:07:13,3.11,-0.01,200,62200,卖盘
2101,10:07:07,3.12,0.01,29,9048,买盘
2102,10:06:58,3.11,-0.01,1065,331215,卖盘
2103,10:06:53,3.12,0.01,95,29640,买盘
2104,10:06:47,3.11,--,24,7464,卖盘
2105,10:06:43,3.11,-0.01,1,311,卖盘
2106,10:06:38,3.12,0.01,3,936,买盘
2107,10:06:31,3.11,--,431,134041,卖盘
2108,10:06:28,3.11,-0.01,391,121601,卖盘
2109,10:06:23,3.12,--,6,1872,买盘
2110,10:06:17,3.12,--,5,1560,买盘
2111,10:06:13,3.12,0.01,91,28392,买盘
2112,10:06:08,3.11,-0.01,16,4976,卖盘
2113,10:06:02,3.12,0.01,6,1872,买盘
2114,10:05:58,3.11,--,97,30167,卖盘
2115,10:05:53,3.11,--,31,9641,卖盘
2116,10:05:43,3.11,-0.01,6,1866,卖盘
2117,10:05:38,3.12,0.01,448,139776,买盘
2118,10:05:31,3.11,--,2,622,卖盘
2119,10:05:28,3.11,--,266,82726,卖盘
2120,10:05:22,3.11,--,686,213346,卖盘
2121,10:05:17,3.11,--,101,31411,卖盘
2122,10:05:13,3.11,--,10,3110,卖盘
2123,10:05:08,3.11,--,1061,330117,卖盘
2124,10:05:02,3.11,--,7,2177,卖盘
2125,10:04:58,3.11,--,1,311,卖盘
2126,10:04:53,3.11,--,271,84281,卖盘
2127,10:04:43,3.11,-0.01,441,137178,卖盘
2128,10:04:38,3.12,--,271,84552,买盘
2129,10:04:28,3.12,--,15,4680,买盘
2130,10:04:22,3.12,0.01,100,31200,买盘
2131,10:04:17,3.11,-0.01,41,12751,卖盘
2132,10:04:13,3.12,0.01,236,73632,买盘
2133,10:04:08,3.11,--,878,273058,卖盘
2134,10:04:01,3.11,-0.01,60,18660,卖盘
2135,10:03:57,3.12,0.01,100,31200,买盘
2136,10:03:47,3.11,--,68,21148,卖盘
2137,10:03:42,3.11,--,40,12440,卖盘
2138,10:03:38,3.11,-0.01,7,2177,卖盘
2139,10:03:32,3.12,0.01,880,274709,买盘
2140,10:03:27,3.11,--,39,12129,卖盘
2141,10:03:22,3.11,--,20,6220,卖盘
2142,10:03:12,3.11,-0.01,6,1866,卖盘
2143,10:03:07,3.12,0.01,747,233064,买盘
2144,10:03:02,3.11,--,60,18660,卖盘
2145,10:02:57,3.11,--,643,200200,卖盘
2146,10:02:52,3.11,--,226,70286,卖盘
2147,10:02:47,3.11,--,550,171050,卖盘
2148,10:02:42,3.11,-0.01,6,1866,卖盘
2149,10:02:37,3.12,--,61,19032,买盘
2150,10:02:22,3.12,0.01,2,624,买盘
2151,10:02:17,3.11,--,27,8397,卖盘
2152,10:02:12,3.11,-0.01,102,31722,卖盘
2153,10:02:07,3.12,0.01,2,624,买盘
2154,10:02:02,3.11,--,61,18971,卖盘
2155,10:01:57,3.11,--,1,311,卖盘
2156,10:01:47,3.11,--,6,1866,卖盘
2157,10:01:42,3.11,-0.01,26,8086,卖盘
2158,10:01:37,3.12,0.01,158,49296,买盘
2159,10:01:32,3.11,--,38,11818,卖盘
2160,10:01:27,3.11,-0.01,10,3110,卖盘
2161,10:01:22,3.12,0.01,100,31200,买盘
2162,10:01:17,3.11,-0.01,6,1866,卖盘
2163,10:01:12,3.12,--,16,4992,买盘
2164,10:01:07,3.12,0.01,76,23712,买盘
2165,10:01:02,3.11,-0.01,460,143060,卖盘
2166,10:00:56,3.12,0.01,100,31200,买盘
2167,10:00:52,3.11,-0.01,13,4043,卖盘
2168,10:00:47,3.12,0.01,513,160056,买盘
2169,10:00:42,3.11,--,396,123156,卖盘
2170,10:00:37,3.11,--,604,187844,卖盘
2171,10:00:32,3.11,--,83,25813,卖盘
2172,10:00:22,3.11,--,471,146543,卖盘
2173,10:00:17,3.11,-0.01,831,258689,卖盘
2174,10:00:11,3.12,0.01,1,312,买盘
2175,10:00:07,3.11,--,1635,508485,卖盘
2176,10:00:02,3.11,--,327,101703,卖盘
2177,09:59:56,3.11,--,774,240714,卖盘
2178,09:59:52,3.11,--,37,11507,卖盘
2179,09:59:47,3.11,-0.01,5,1555,卖盘
2180,09:59:41,3.12,0.01,1,312,买盘
2181,09:59:37,3.11,--,19,5909,卖盘
2182,09:59:31,3.11,--,262,81482,卖盘
2183,09:59:25,3.11,--,7,2177,卖盘
2184,09:59:22,3.11,--,376,116936,卖盘
2185,09:59:17,3.11,--,914,284512,卖盘
2186,09:59:11,3.11,--,417,129687,卖盘
2187,09:59:07,3.11,--,10,3110,卖盘
2188,09:59:02,3.11,--,153,47583,卖盘
2189,09:58:46,3.11,--,10,3110,卖盘
2190,09:58:41,3.11,-0.01,27,8397,卖盘
2191,09:58:37,3.12,--,6,1872,买盘
2192,09:58:32,3.12,--,11,3432,买盘
2193,09:58:26,3.12,0.01,169,52728,买盘
2194,09:58:22,3.11,--,1464,455366,卖盘
2195,09:58:17,3.11,--,541,168499,卖盘
2196,09:58:06,3.11,--,445,138395,卖盘
2197,09:58:02,3.11,-0.01,1924,598364,卖盘
2198,09:57:56,3.12,0.01,6,1872,买盘
2199,09:57:52,3.11,-0.01,72,22392,卖盘
2200,09:57:47,3.12,--,32,9984,买盘
2201,09:57:41,3.12,0.01,459,143208,买盘
2202,09:57:37,3.11,-0.01,25,7775,卖盘
2203,09:57:32,3.12,--,1037,323544,买盘
2204,09:57:26,3.12,--,50,15600,买盘
2205,09:57:21,3.12,0.01,376,117312,买盘
2206,09:57:17,3.11,--,76,23723,卖盘
2207,09:57:06,3.11,--,11,3421,卖盘
2208,09:57:01,3.11,--,61,18971,卖盘
2209,09:56:56,3.11,-0.01,985,306335,卖盘
2210,09:56:51,3.12,--,215,67080,买盘
2211,09:56:46,3.12,0.01,1,312,买盘
2212,09:56:36,3.11,-0.01,217,67487,卖盘
2213,09:56:31,3.12,0.01,52,16224,买盘
2214,09:56:26,3.11,--,212,65932,卖盘
2215,09:56:21,3.11,--,869,270259,卖盘
2216,09:56:16,3.11,--,699,217389,卖盘
2217,09:56:11,3.11,--,741,230451,卖盘
2218,09:56:06,3.11,--,1624,505073,卖盘
2219,09:56:01,3.11,--,65,20215,卖盘
2220,09:55:56,3.11,-0.01,409,127199,卖盘
2221,09:55:51,3.12,--,12,3744,买盘
2222,09:55:46,3.12,0.01,30,9360,买盘
2223,09:55:41,3.11,-0.01,65,20215,卖盘
2224,09:55:36,3.12,--,619,193128,买盘
2225,09:55:31,3.12,0.01,18,5616,买盘
2226,09:55:21,3.11,-0.01,1,311,卖盘
2227,09:55:16,3.12,--,39,12168,买盘
2228,09:55:10,3.12,--,156,48672,买盘
2229,09:55:06,3.12,0.01,105,32760,买盘
2230,09:55:01,3.11,-0.01,60,18660,卖盘
2231,09:54:56,3.12,--,10,3120,买盘
2232,09:54:51,3.12,0.01,100,31200,买盘
2233,09:54:46,3.11,--,14,4354,卖盘
2234,09:54:41,3.11,-0.01,190,59090,卖盘
2235,09:54:36,3.12,--,172,53664,买盘
2236,09:54:31,3.12,--,492,153504,买盘
2237,09:54:21,3.12,--,116,36192,买盘
2238,09:54:16,3.12,--,163,50856,买盘
2239,09:54:11,3.12,--,89,27768,买盘
2240,09:54:06,3.12,0.01,109,34008,买盘
2241,09:54:01,3.11,-0.01,215,66865,卖盘
2242,09:53:56,3.12,0.01,205,63960,买盘
2243,09:53:51,3.11,-0.01,272,84592,卖盘
2244,09:53:46,3.12,--,135,42120,买盘
2245,09:53:40,3.12,--,100,31200,买盘
2246,09:53:35,3.12,--,218,68016,买盘
2247,09:53:31,3.12,0.01,216,67392,买盘
2248,09:53:20,3.11,-0.01,211,65621,卖盘
2249,09:53:16,3.12,--,343,107016,买盘
2250,09:53:11,3.12,--,10,3120,买盘
2251,09:53:05,3.12,--,34,10608,买盘
2252,09:53:01,3.12,0.01,111,34632,买盘
2253,09:52:56,3.11,-0.01,11,3421,卖盘
2254,09:52:50,3.12,--,94,29328,买盘
2255,09:52:45,3.12,0.01,2,624,买盘
2256,09:52:41,3.11,-0.01,151,46961,卖盘
2257,09:52:35,3.12,--,2,624,买盘
2258,09:52:31,3.12,--,489,152568,买盘
2259,09:52:26,3.12,0.01,154,48048,买盘
2260,09:52:20,3.11,-0.01,1,311,卖盘
2261,09:52:15,3.12,--,208,64896,买盘
2262,09:52:11,3.12,0.01,7,2184,买盘
2263,09:52:05,3.11,-0.01,30,9330,卖盘
2264,09:52:00,3.12,--,36,11232,买盘
2265,09:51:56,3.12,--,61,19032,买盘
2266,09:51:45,3.12,--,30,9360,买盘
2267,09:51:41,3.12,--,127,39624,买盘
2268,09:51:35,3.12,0.01,2,624,买盘
2269,09:51:30,3.11,-0.01,183,56913,卖盘
2270,09:51:20,3.12,--,100,31200,买盘
2271,09:51:15,3.12,--,24359,7600310,卖盘
2272,09:51:11,3.12,-0.01,40,12480,卖盘
2273,09:51:05,3.13,0.01,10,3130,买盘
2274,09:51:00,3.12,--,50,15600,卖盘
2275,09:50:55,3.12,--,97,30264,卖盘
2276,09:50:50,3.12,--,20,6240,卖盘
2277,09:50:45,3.12,-0.01,16,4992,卖盘
2278,09:50:40,3.13,0.01,74,23162,买盘
2279,09:50:35,3.12,-0.01,7,2184,卖盘
2280,09:50:30,3.13,0.01,20,6260,买盘
2281,09:50:25,3.12,-0.01,135,42120,卖盘
2282,09:50:20,3.13,0.01,28,8764,买盘
2283,09:50:15,3.12,-0.01,1,312,卖盘
2284,09:50:10,3.13,--,7,2191,买盘
2285,09:50:05,3.13,0.01,861,269493,买盘
2286,09:50:00,3.12,--,20,6240,卖盘
2287,09:49:55,3.12,-0.01,102,31824,卖盘
2288,09:49:50,3.13,0.01,4,1252,买盘
2289,09:49:45,3.12,-0.01,403,125985,卖盘
2290,09:49:40,3.13,0.01,973,304549,买盘
2291,09:49:34,3.12,--,8455,2638031,卖盘
2292,09:49:30,3.12,--,1014,316368,卖盘
2293,09:49:25,3.12,--,188,58656,卖盘
2294,09:49:19,3.12,--,9241,2883192,卖盘
2295,09:49:15,3.12,--,204,63648,卖盘
2296,09:49:10,3.12,-0.01,49,15288,卖盘
2297,09:49:05,3.13,--,5,1565,买盘
2298,09:49:00,3.13,0.01,2,626,买盘
2299,09:48:55,3.12,--,97,30264,卖盘
2300,09:48:49,3.12,-0.01,202,63024,卖盘
2301,09:48:45,3.13,--,8,2504,买盘
2302,09:48:35,3.13,0.01,2,626,买盘
2303,09:48:30,3.12,--,27,8424,卖盘
2304,09:48:25,3.12,-0.01,307,95784,卖盘
2305,09:48:20,3.13,--,16,5008,买盘
2306,09:48:15,3.13,0.01,632,197816,买盘
2307,09:48:10,3.12,-0.01,957,298584,卖盘
2308,09:48:04,3.13,0.01,5,1565,买盘
2309,09:48:00,3.12,--,3433,1071096,卖盘
2310,09:47:55,3.12,--,1575,491400,卖盘
2311,09:47:50,3.12,--,396,123552,卖盘
2312,09:47:45,3.12,--,182,56784,卖盘
2313,09:47:40,3.12,--,347,108264,卖盘
2314,09:47:35,3.12,--,211,65832,卖盘
2315,09:47:30,3.12,--,1690,527367,卖盘
2316,09:47:25,3.12,--,493,153816,卖盘
2317,09:47:19,3.12,--,223,69576,卖盘
2318,09:47:15,3.12,-0.01,1329,414935,卖盘
2319,09:47:10,3.13,--,208,65104,买盘
2320,09:47:05,3.13,0.01,4,1252,买盘
2321,09:47:00,3.12,-0.01,0,3,卖盘
2322,09:46:55,3.13,0.01,568,177784,买盘
2323,09:46:50,3.12,--,78,24336,卖盘
2324,09:46:45,3.12,--,28,8736,卖盘
2325,09:46:40,3.12,--,331,103272,卖盘
2326,09:46:35,3.12,--,22,6864,卖盘
2327,09:46:30,3.12,--,593,185016,卖盘
2328,09:46:25,3.12,--,7,2184,卖盘
2329,09:46:14,3.12,--,904,282048,卖盘
2330,09:46:10,3.12,--,236,73632,卖盘
2331,09:46:05,3.12,--,401,125112,卖盘
2332,09:46:00,3.12,--,2190,683280,卖盘
2333,09:45:55,3.12,-0.01,2502,780895,卖盘
2334,09:45:39,3.13,0.01,225,70425,买盘
2335,09:45:35,3.12,-0.01,985,307320,卖盘
2336,09:45:29,3.13,--,107,33491,买盘
2337,09:45:25,3.13,--,3,939,买盘
2338,09:45:20,3.13,--,210,65730,买盘
2339,09:45:14,3.13,--,1,313,买盘
2340,09:45:05,3.13,0.01,676,211588,买盘
2341,09:44:59,3.12,--,452,141024,卖盘
2342,09:44:54,3.12,--,45,14040,卖盘
2343,09:44:50,3.12,--,183,57096,卖盘
2344,09:44:43,3.12,-0.01,30,9360,卖盘
2345,09:44:39,3.13,--,653,204389,买盘
2346,09:44:34,3.13,0.01,98,30674,买盘
2347,09:44:24,3.12,--,230,71760,卖盘
2348,09:44:19,3.12,--,115,35880,卖盘
2349,09:44:14,3.12,--,445,138840,卖盘
2350,09:44:09,3.12,-0.01,120,37440,卖盘
2351,09:44:04,3.13,0.01,102,31926,买盘
2352,09:43:59,3.12,--,482,150384,卖盘
2353,09:43:54,3.12,--,29,9048,卖盘
2354,09:43:49,3.12,--,56,17472,卖盘
2355,09:43:44,3.12,--,57,17784,卖盘
2356,09:43:39,3.12,--,371,115752,卖盘
2357,09:43:34,3.12,-0.01,19,5928,卖盘
2358,09:43:29,3.13,--,154,48202,买盘
2359,09:43:24,3.13,0.01,222,69486,买盘
2360,09:43:19,3.12,--,20,6240,卖盘
2361,09:43:09,3.12,-0.01,88,27456,卖盘
2362,09:43:04,3.13,--,55,17215,买盘
2363,09:42:59,3.13,0.01,200,62600,买盘
2364,09:42:54,3.12,-0.01,21,6552,卖盘
2365,09:42:44,3.13,--,2,626,买盘
2366,09:42:39,3.13,0.01,654,204702,买盘
2367,09:42:34,3.12,--,79,24648,卖盘
2368,09:42:24,3.12,-0.01,14,4368,卖盘
2369,09:42:13,3.13,0.01,10,3130,买盘
2370,09:42:09,3.12,-0.01,1027,320424,卖盘
2371,09:42:04,3.13,0.01,105,32865,买盘
2372,09:41:59,3.12,-0.01,109,34008,卖盘
2373,09:41:54,3.13,0.01,29,9077,买盘
2374,09:41:49,3.12,--,39,12168,卖盘
2375,09:41:44,3.12,--,473,147576,卖盘
2376,09:41:39,3.12,--,599,186888,卖盘
2377,09:41:34,3.12,--,6,1872,卖盘
2378,09:41:29,3.12,--,143,44616,卖盘
2379,09:41:24,3.12,--,164,51168,卖盘
2380,09:41:19,3.12,--,32,9984,卖盘
2381,09:41:09,3.12,-0.01,437,136344,卖盘
2382,09:41:04,3.13,0.01,5,1565,买盘
2383,09:40:59,3.12,--,778,242736,卖盘
2384,09:40:54,3.12,--,4,1248,卖盘
2385,09:40:49,3.12,--,45,14040,卖盘
2386,09:40:44,3.12,-0.01,27,8424,卖盘
2387,09:40:39,3.13,0.01,299,93587,买盘
2388,09:40:34,3.12,-0.01,456,142272,卖盘
2389,09:40:29,3.13,0.01,10,3130,买盘
2390,09:40:24,3.12,--,2070,645840,卖盘
2391,09:40:19,3.12,--,54,16848,卖盘
2392,09:40:09,3.12,-0.01,327,102024,卖盘
2393,09:40:04,3.13,0.01,9,2817,买盘
2394,09:39:58,3.12,--,302,94224,卖盘
2395,09:39:54,3.12,--,6,1872,卖盘
2396,09:39:49,3.12,--,52,16224,卖盘
2397,09:39:39,3.12,-0.01,53,16536,卖盘
2398,09:39:34,3.13,0.01,21,6573,买盘
2399,09:39:24,3.12,--,9,2808,卖盘
2400,09:39:19,3.12,--,297,92664,卖盘
2401,09:39:14,3.12,-0.01,10,3120,卖盘
2402,09:39:09,3.13,--,345,107985,买盘
2403,09:39:04,3.13,--,5,1565,买盘
2404,09:38:58,3.13,0.01,17,5321,买盘
2405,09:38:53,3.12,-0.01,7,2184,卖盘
2406,09:38:49,3.13,0.01,139,43507,买盘
2407,09:38:39,3.12,-0.01,54,16848,卖盘
2408,09:38:34,3.13,0.01,160,50080,买盘
2409,09:38:28,3.12,--,470,146640,卖盘
2410,09:38:23,3.12,-0.01,1,312,卖盘
2411,09:38:18,3.13,0.01,70,21910,买盘
2412,09:38:13,3.12,--,261,81432,卖盘
2413,09:38:08,3.12,-0.01,340,106080,卖盘
2414,09:38:04,3.13,0.01,43,13459,买盘
2415,09:37:59,3.12,-0.01,6,1872,卖盘
2416,09:37:48,3.13,0.01,1,313,买盘
2417,09:37:44,3.12,-0.01,13,4056,卖盘
2418,09:37:38,3.13,--,3,939,买盘
2419,09:37:33,3.13,--,441,138033,买盘
2420,09:37:28,3.13,0.01,11,3443,买盘
2421,09:37:23,3.12,-0.01,363,113256,卖盘
2422,09:37:18,3.13,--,1,313,买盘
2423,09:37:08,3.13,--,49,15337,买盘
2424,09:37:03,3.13,0.01,17,5321,买盘
2425,09:36:58,3.12,--,10,3120,卖盘
2426,09:36:53,3.12,-0.01,55,17160,卖盘
2427,09:36:43,3.13,0.01,1271,397823,买盘
2428,09:36:33,3.12,--,59,18408,卖盘
2429,09:36:28,3.12,--,1,312,卖盘
2430,09:36:23,3.12,--,1,312,卖盘
2431,09:36:18,3.12,--,18,5616,卖盘
2432,09:36:08,3.12,-0.01,7,2184,卖盘
2433,09:36:03,3.13,0.01,5,1565,买盘
2434,09:35:58,3.12,--,47,14664,卖盘
2435,09:35:53,3.12,--,13,4056,卖盘
2436,09:35:48,3.12,--,43,13416,卖盘
2437,09:35:43,3.12,-0.01,11,3432,卖盘
2438,09:35:38,3.13,--,704,220352,买盘
2439,09:35:33,3.13,0.01,176,55088,买盘
2440,09:35:28,3.12,--,10,3120,卖盘
2441,09:35:23,3.12,-0.01,5,1560,卖盘
2442,09:35:18,3.13,0.01,149,46637,买盘
2443,09:35:13,3.12,-0.01,6,1872,卖盘
2444,09:35:08,3.13,--,210,65730,买盘
2445,09:35:03,3.13,0.01,4,1252,买盘
2446,09:34:58,3.12,--,58,18096,卖盘
2447,09:34:53,3.12,--,1,312,卖盘
2448,09:34:48,3.12,--,339,105768,卖盘
2449,09:34:43,3.12,--,12,3744,卖盘
2450,09:34:38,3.12,--,53,16536,卖盘
2451,09:34:33,3.12,--,137,42744,卖盘
2452,09:34:28,3.12,-0.01,1,312,卖盘
2453,09:34:22,3.13,0.01,50,15650,买盘
2454,09:34:18,3.12,--,447,139464,卖盘
2455,09:34:13,3.12,--,77,24024,卖盘
2456,09:34:08,3.12,-0.01,332,103584,卖盘
2457,09:34:03,3.13,0.01,981,307053,买盘
2458,09:33:58,3.12,--,270,84240,卖盘
2459,09:33:52,3.12,--,144,45015,卖盘
2460,09:33:48,3.12,--,6,1872,卖盘
2461,09:33:43,3.12,-0.01,3345,1043640,卖盘
2462,09:33:38,3.13,--,210,65730,买盘
2463,09:33:33,3.13,--,7,2191,买盘
2464,09:33:23,3.13,0.01,5,1565,买盘
2465,09:33:18,3.12,--,7,2184,卖盘
2466,09:33:12,3.12,--,233,72820,卖盘
2467,09:33:08,3.12,-0.01,159,49608,卖盘
2468,09:33:03,3.13,0.01,137,42943,买盘
2469,09:32:58,3.12,-0.01,299,93350,卖盘
2470,09:32:53,3.13,0.01,26,8138,买盘
2471,09:32:48,3.12,--,414,129168,卖盘
2472,09:32:38,3.12,-0.01,14,4368,卖盘
2473,09:32:33,3.13,0.01,1,313,买盘
2474,09:32:28,3.12,--,1,312,卖盘
2475,09:32:23,3.12,-0.01,56,17472,卖盘
2476,09:32:18,3.13,0.01,6,1878,买盘
2477,09:32:13,3.12,--,200,62400,卖盘
2478,09:32:08,3.12,-0.01,4,1248,卖盘
2479,09:32:03,3.13,--,53,16589,买盘
2480,09:31:58,3.13,0.01,288,90144,买盘
2481,09:31:48,3.12,--,5,1560,卖盘
2482,09:31:38,3.12,--,11,3432,卖盘
2483,09:31:33,3.12,--,441,137592,卖盘
2484,09:31:27,3.12,--,399,124488,卖盘
2485,09:31:23,3.12,--,2,624,卖盘
2486,09:31:18,3.12,--,1432,446784,卖盘
2487,09:31:13,3.12,--,20,6240,卖盘
2488,09:31:03,3.12,--,954,297878,卖盘
2489,09:30:57,3.12,-0.01,2162,674544,卖盘
2490,09:30:51,3.13,0.01,2,626,买盘
2491,09:30:37,3.12,--,6,1872,卖盘
2492,09:30:31,3.12,-0.01,6,1872,卖盘
2493,09:30:27,3.13,0.01,70,21910,买盘
2494,09:30:21,3.12,--,2,624,卖盘
2495,09:30:12,3.12,-0.01,68,21216,卖盘
2496,09:30:07,3.13,0.01,3399,1063887,买盘
2497,09:30:02,3.12,-0.01,4380,1366560,卖盘
2498,09:28:52,3.13,--,0,0,买盘
2499,09:25:06,3.13,3.13,7386,2311818,买盘
