,time,price,change,volume,amount,type
0,15:00:00,5.35,--,0,0,买盘
1,15:00:00,5.35,--,0,0,买盘
2,15:00:00,5.35,--,36,19260,买盘
3,14:59:58,5.35,0.01,2606,1394210,买盘
4,14:59:53,5.34,-0.01,672,358848,卖盘
5,14:59:48,5.35,0.01,170,90950,买盘
6,14:59:43,5.34,-0.01,491,262194,卖盘
7,14:59:38,5.35,0.01,254,135890,买盘
8,14:59:32,5.34,-0.01,6,3204,卖盘
9,14:59:28,5.35,--,423,226304,买盘
10,14:59:23,5.35,--,91,48685,买盘
11,14:59:17,5.35,-0.01,7226,3865909,卖盘
12,14:59:12,5.36,--,16,8576,买盘
13,14:59:08,5.36,--,289,154904,买盘
14,14:59:02,5.36,--,843,451848,买盘
15,14:58:57,5.36,0.01,145,77720,买盘
16,14:58:53,5.35,--,2597,1389395,卖盘
17,14:58:47,5.35,--,213,113954,卖盘
18,14:58:42,5.35,-0.01,561,300135,卖盘
19,14:58:38,5.36,--,5074,2719664,买盘
20,14:58:32,5.36,0.01,244,130784,买盘
21,14:58:27,5.35,-0.01,182,97370,卖盘
22,14:58:23,5.36,0.01,548,293728,买盘
23,14:58:17,5.35,-0.01,643,344005,卖盘
24,14:58:12,5.36,--,12,6432,买盘
25,14:58:08,5.36,0.01,947,507592,买盘
26,14:58:02,5.35,--,1854,991889,卖盘
27,14:57:57,5.35,-0.01,31,16585,卖盘
28,14:57:53,5.36,--,975,522600,买盘
29,14:57:47,5.36,--,3024,1620864,买盘
30,14:57:42,5.36,0.01,95,50920,买盘
31,14:57:38,5.35,-0.01,420,224699,卖盘
32,14:57:31,5.36,--,711,381096,买盘
33,14:57:27,5.36,0.01,370,198320,买盘
34,14:57:23,5.35,-0.01,3182,1702370,卖盘
35,14:57:17,5.36,0.01,202,108272,买盘
36,14:57:12,5.35,-0.01,185,98975,卖盘
37,14:57:08,5.36,0.01,2011,1077896,买盘
38,14:57:02,5.35,-0.01,205,109674,卖盘
39,14:56:57,5.36,--,45,24120,买盘
40,14:56:52,5.36,0.01,488,261568,买盘
41,14:56:47,5.35,-0.01,537,287295,卖盘
42,14:56:42,5.36,0.01,76,40736,买盘
43,14:56:37,5.35,-0.01,107,57244,卖盘
44,14:56:32,5.36,--,71,38056,买盘
45,14:56:27,5.36,0.01,20,10720,买盘
46,14:56:22,5.35,--,261,139635,卖盘
47,14:56:17,5.35,--,307,164245,卖盘
48,14:56:12,5.35,-0.01,90,48150,卖盘
49,14:56:07,5.36,--,91,48776,买盘
50,14:56:02,5.36,--,151,80936,买盘
51,14:55:57,5.36,--,553,296408,买盘
52,14:55:52,5.36,0.01,243,130248,买盘
53,14:55:47,5.35,-0.01,230,123049,卖盘
54,14:55:42,5.36,--,18,9648,买盘
55,14:55:37,5.36,0.01,336,180096,买盘
56,14:55:32,5.35,-0.01,784,419440,卖盘
57,14:55:27,5.36,--,364,195104,买盘
58,14:55:22,5.36,--,631,338216,卖盘
59,14:55:17,5.36,--,644,345184,买盘
60,14:55:12,5.36,0.01,123,65928,买盘
61,14:55:07,5.35,-0.01,164,87740,卖盘
62,14:55:02,5.36,--,414,221904,买盘
63,14:54:57,5.36,0.01,1020,546720,买盘
64,14:54:52,5.35,-0.01,400,214000,卖盘
65,14:54:47,5.36,--,167,89512,买盘
66,14:54:42,5.36,0.01,80,42880,买盘
67,14:54:37,5.35,-0.01,404,216140,卖盘
68,14:54:32,5.36,--,170,91120,买盘
69,14:54:27,5.36,0.01,122,65392,买盘
70,14:54:22,5.35,-0.01,624,333840,卖盘
71,14:54:17,5.36,--,883,473288,买盘
72,14:54:12,5.36,--,229,122744,买盘
73,14:54:07,5.36,--,409,219224,买盘
74,14:54:02,5.36,--,471,252456,买盘
75,14:53:57,5.36,0.01,1287,689832,买盘
76,14:53:52,5.35,-0.01,1305,698175,卖盘
77,14:53:47,5.36,--,44,23584,买盘
78,14:53:42,5.36,--,20,10720,买盘
79,14:53:37,5.36,0.01,477,255672,买盘
80,14:53:32,5.35,-0.01,1167,624345,卖盘
81,14:53:27,5.36,--,37,19832,买盘
82,14:53:22,5.36,0.01,113,60568,买盘
83,14:53:17,5.35,-0.01,635,339725,卖盘
84,14:53:07,5.36,0.01,484,259424,买盘
85,14:53:02,5.35,-0.01,44,23540,卖盘
86,14:52:57,5.36,0.01,195,104520,买盘
87,14:52:52,5.35,-0.01,467,249844,卖盘
88,14:52:47,5.36,--,442,236912,买盘
89,14:52:42,5.36,0.01,10280,5510080,买盘
90,14:52:37,5.35,--,189,101115,卖盘
91,14:52:32,5.35,-0.01,184,98440,卖盘
92,14:52:27,5.36,0.01,30,16080,买盘
93,14:52:22,5.35,-0.01,1098,587531,卖盘
94,14:52:17,5.36,--,1387,743432,卖盘
95,14:52:12,5.36,--,18,9648,卖盘
96,14:52:07,5.36,--,1009,540824,卖盘
97,14:52:02,5.36,--,230,123280,卖盘
98,14:51:57,5.36,--,60,32160,卖盘
99,14:51:51,5.36,--,108,57888,卖盘
100,14:51:47,5.36,--,40,21440,卖盘
101,14:51:42,5.36,--,400,214400,卖盘
102,14:51:37,5.36,--,1054,564944,卖盘
103,14:51:31,5.36,-0.01,1029,551544,卖盘
104,14:51:26,5.37,0.01,2229,1196973,买盘
105,14:51:21,5.36,--,30,16080,卖盘
106,14:51:17,5.36,--,370,198320,卖盘
107,14:51:11,5.36,-0.01,651,348936,卖盘
108,14:51:06,5.37,--,30,16110,买盘
109,14:51:02,5.37,0.01,430,230910,买盘
110,14:50:56,5.36,--,542,290512,卖盘
111,14:50:51,5.36,--,329,176344,卖盘
112,14:50:47,5.36,-0.01,229,122744,卖盘
113,14:50:41,5.37,0.01,109,58533,买盘
114,14:50:36,5.36,-0.01,35,18760,卖盘
115,14:50:31,5.37,0.01,567,304479,买盘
116,14:50:26,5.36,0.01,5938,3183202,买盘
117,14:50:21,5.35,--,120,64199,卖盘
118,14:50:16,5.35,--,864,462239,卖盘
119,14:50:11,5.35,-0.01,534,285690,卖盘
120,14:50:06,5.36,--,214,114704,买盘
121,14:50:01,5.36,--,166,88976,买盘
122,14:49:56,5.36,--,186,99696,买盘
123,14:49:51,5.36,--,60,32160,买盘
124,14:49:46,5.36,--,7,3752,买盘
125,14:49:41,5.36,--,66,35376,买盘
126,14:49:36,5.36,--,50,26800,买盘
127,14:49:31,5.36,--,409,219224,买盘
128,14:49:26,5.36,-0.01,411,220387,卖盘
129,14:49:21,5.37,0.01,45,24165,买盘
130,14:49:16,5.36,--,1282,687152,卖盘
131,14:49:11,5.36,--,4020,2154720,卖盘
132,14:49:06,5.36,--,103,55208,卖盘
133,14:49:01,5.36,--,4767,2555112,卖盘
134,14:48:56,5.36,--,2016,1080576,卖盘
135,14:48:51,5.36,--,106,56816,卖盘
136,14:48:46,5.36,--,189,101304,卖盘
137,14:48:41,5.36,--,406,217616,卖盘
138,14:48:36,5.36,--,940,503840,卖盘
139,14:48:31,5.36,--,48,25728,卖盘
140,14:48:26,5.36,--,1414,757904,卖盘
141,14:48:16,5.36,--,92,49312,卖盘
142,14:48:11,5.36,--,982,526352,卖盘
143,14:48:06,5.36,--,336,180096,卖盘
144,14:48:01,5.36,--,434,232624,卖盘
145,14:47:56,5.36,--,355,190280,卖盘
146,14:47:51,5.36,--,161,86296,卖盘
147,14:47:46,5.36,--,116,62176,卖盘
148,14:47:41,5.36,--,1293,693048,卖盘
149,14:47:36,5.36,--,159,85224,卖盘
150,14:47:31,5.36,--,226,121136,卖盘
151,14:47:26,5.36,--,530,284080,卖盘
152,14:47:21,5.36,--,15,8040,卖盘
153,14:47:16,5.36,--,111,59496,卖盘
154,14:47:11,5.36,--,397,212792,卖盘
155,14:47:06,5.36,--,350,187600,卖盘
156,14:47:01,5.36,--,305,163480,卖盘
157,14:46:56,5.36,--,381,204216,卖盘
158,14:46:51,5.36,--,187,100232,卖盘
159,14:46:46,5.36,-0.01,478,256208,卖盘
160,14:46:41,5.37,0.01,2711,1455807,买盘
161,14:46:36,5.36,-0.01,20,10720,卖盘
162,14:46:31,5.37,0.01,587,315219,买盘
163,14:46:26,5.36,--,828,443808,卖盘
164,14:46:21,5.36,-0.01,5163,2767368,卖盘
165,14:46:16,5.37,--,852,457524,买盘
166,14:46:11,5.37,0.01,386,207282,买盘
167,14:46:06,5.36,-0.01,449,240664,卖盘
168,14:46:01,5.37,0.01,440,236280,买盘
169,14:45:56,5.36,--,490,262640,卖盘
170,14:45:51,5.36,--,239,128104,卖盘
171,14:45:46,5.36,--,583,312488,卖盘
172,14:45:41,5.36,--,366,196176,卖盘
173,14:45:36,5.36,--,241,129176,卖盘
174,14:45:31,5.36,--,1251,670536,卖盘
175,14:45:26,5.36,--,282,151152,卖盘
176,14:45:21,5.36,--,200,107200,卖盘
177,14:45:16,5.36,--,428,229408,卖盘
178,14:45:11,5.36,--,51,27336,卖盘
179,14:45:06,5.36,--,558,299088,卖盘
180,14:45:01,5.36,--,1579,846344,卖盘
181,14:44:56,5.36,--,132,70752,卖盘
182,14:44:51,5.36,--,2340,1254240,卖盘
183,14:44:46,5.36,--,156,83616,卖盘
184,14:44:41,5.36,--,175,93800,卖盘
185,14:44:36,5.36,--,150,80400,卖盘
186,14:44:31,5.36,--,88,47168,卖盘
187,14:44:26,5.36,-0.01,779,417544,卖盘
188,14:44:21,5.37,0.01,14,7518,买盘
189,14:44:15,5.36,--,65,34840,卖盘
190,14:44:11,5.36,-0.01,150,80400,卖盘
191,14:44:05,5.37,0.01,34,18258,买盘
192,14:44:01,5.36,--,345,184920,卖盘
193,14:43:55,5.36,--,252,135072,卖盘
194,14:43:50,5.36,--,485,259960,卖盘
195,14:43:45,5.36,-0.01,40,21440,卖盘
196,14:43:40,5.37,--,43,23091,买盘
197,14:43:35,5.37,--,243,130491,买盘
198,14:43:30,5.37,--,98,52830,买盘
199,14:43:25,5.37,--,47,25239,买盘
200,14:43:20,5.37,--,82,44034,买盘
201,14:43:15,5.37,0.01,12,6444,买盘
202,14:43:10,5.36,-0.01,522,279792,卖盘
203,14:43:05,5.37,0.01,6,3222,买盘
204,14:43:00,5.36,--,95,50978,卖盘
205,14:42:55,5.36,--,30,16080,卖盘
206,14:42:50,5.36,-0.01,20,10720,卖盘
207,14:42:45,5.37,0.01,521,279777,买盘
208,14:42:40,5.36,--,110,58960,卖盘
209,14:42:35,5.36,-0.01,607,325352,卖盘
210,14:42:25,5.37,--,59,31683,买盘
211,14:42:20,5.37,--,14,7518,买盘
212,14:42:10,5.37,--,182,97734,买盘
213,14:42:05,5.37,0.01,217,116529,买盘
214,14:42:00,5.36,-0.01,43,23048,卖盘
215,14:41:55,5.37,0.01,30,16110,买盘
216,14:41:50,5.36,--,86,46096,卖盘
217,14:41:40,5.36,-0.01,43,23048,卖盘
218,14:41:35,5.37,0.01,58,31146,买盘
219,14:41:30,5.36,-0.01,320,171520,卖盘
220,14:41:25,5.37,0.01,117,62829,买盘
221,14:41:20,5.36,--,42,22512,卖盘
222,14:41:15,5.36,-0.01,25,13400,卖盘
223,14:41:10,5.37,0.01,112,60144,买盘
224,14:41:05,5.36,--,100,53600,卖盘
225,14:40:55,5.36,--,130,69680,卖盘
226,14:40:50,5.36,-0.01,10,5360,卖盘
227,14:40:45,5.37,0.01,176,94512,买盘
228,14:40:40,5.36,--,397,212792,卖盘
229,14:40:24,5.36,--,600,321600,卖盘
230,14:40:20,5.36,--,7,3752,卖盘
231,14:40:15,5.36,-0.01,100,53600,卖盘
232,14:40:10,5.37,--,124,66588,买盘
233,14:40:05,5.37,0.01,335,179895,买盘
234,14:40:00,5.36,--,20,10720,卖盘
235,14:39:54,5.36,--,75,40580,卖盘
236,14:39:50,5.36,--,108,57888,卖盘
237,14:39:45,5.36,-0.01,40,21440,卖盘
238,14:39:40,5.37,0.01,79,42423,买盘
239,14:39:35,5.36,-0.01,214,114704,卖盘
240,14:39:30,5.37,--,4,2148,买盘
241,14:39:25,5.37,0.01,115,61755,买盘
242,14:39:20,5.36,--,3398,1821328,卖盘
243,14:39:15,5.36,--,136,72896,卖盘
244,14:39:05,5.36,--,133,71288,卖盘
245,14:38:55,5.36,--,2,1072,卖盘
246,14:38:50,5.36,-0.01,116,62176,卖盘
247,14:38:39,5.37,--,294,157878,买盘
248,14:38:24,5.37,0.01,43,23091,买盘
249,14:38:20,5.36,--,140,75040,卖盘
250,14:38:10,5.36,-0.01,14,7504,卖盘
251,14:38:05,5.37,--,106,56922,买盘
252,14:38:00,5.37,0.01,79,42423,买盘
253,14:37:54,5.36,--,179,95944,卖盘
254,14:37:49,5.36,-0.01,210,112560,卖盘
255,14:37:44,5.37,--,79,42423,买盘
256,14:37:40,5.37,0.01,24,12888,买盘
257,14:37:33,5.36,--,31,16616,卖盘
258,14:37:24,5.36,-0.01,535,286760,卖盘
259,14:37:18,5.37,0.01,10,5370,买盘
260,14:37:14,5.36,--,200,107200,卖盘
261,14:37:09,5.36,--,50,26800,卖盘
262,14:36:48,5.36,-0.01,327,175272,卖盘
263,14:36:44,5.37,--,291,156267,买盘
264,14:36:39,5.37,--,3727,2001399,买盘
265,14:36:33,5.37,--,10,5370,买盘
266,14:36:29,5.37,0.01,7,3759,买盘
267,14:36:24,5.36,--,246,131856,卖盘
268,14:36:18,5.36,--,34,18224,卖盘
269,14:36:14,5.36,-0.01,246,131856,卖盘
270,14:36:09,5.37,0.01,205,110085,买盘
271,14:36:03,5.36,-0.01,11,5896,卖盘
272,14:35:59,5.37,0.01,810,434970,买盘
273,14:35:54,5.36,-0.01,26,13936,卖盘
274,14:35:48,5.37,--,300,161100,买盘
275,14:35:39,5.37,--,49,26313,买盘
276,14:35:33,5.37,--,502,269574,卖盘
277,14:35:29,5.37,--,305,163785,卖盘
278,14:35:18,5.37,--,51,27387,卖盘
279,14:35:14,5.37,--,246,132102,卖盘
280,14:35:09,5.37,--,321,172377,卖盘
281,14:35:03,5.37,--,1096,588552,卖盘
282,14:34:59,5.37,--,256,137472,卖盘
283,14:34:54,5.37,--,65,34905,卖盘
284,14:34:48,5.37,--,326,175062,卖盘
285,14:34:44,5.37,-0.01,381,204597,卖盘
286,14:34:39,5.38,0.01,1,538,买盘
287,14:34:33,5.37,--,127,68199,卖盘
288,14:34:29,5.37,--,9,4833,卖盘
289,14:34:24,5.37,--,76,40812,卖盘
290,14:34:18,5.37,-0.01,60,32220,卖盘
291,14:34:14,5.38,0.01,38,20444,买盘
292,14:34:09,5.37,--,50,26850,卖盘
293,14:34:03,5.37,--,10,5370,卖盘
294,14:33:58,5.37,--,29,15573,卖盘
295,14:33:44,5.37,-0.01,108,57996,卖盘
296,14:33:33,5.38,0.01,76,40888,买盘
297,14:33:29,5.37,--,5,2685,卖盘
298,14:33:24,5.37,--,3,1611,卖盘
299,14:33:18,5.37,--,30,16110,卖盘
300,14:32:59,5.37,--,290,155730,卖盘
301,14:32:54,5.37,--,387,207819,买盘
302,14:32:48,5.37,--,177,95049,卖盘
303,14:32:33,5.37,--,45,24165,买盘
304,14:32:29,5.37,--,88,47256,买盘
305,14:32:18,5.37,--,138,74106,买盘
306,14:32:14,5.37,0.01,29,15573,卖盘
307,14:32:03,5.36,--,0,0,卖盘
308,14:31:59,5.36,-0.01,90,48240,卖盘
309,14:31:54,5.37,--,15,8055,卖盘
310,14:31:48,5.37,--,145,77865,卖盘
311,14:31:33,5.37,--,20,10740,卖盘
312,14:31:27,5.37,0.01,46,24702,买盘
313,14:31:23,5.36,--,11,5896,卖盘
314,14:31:18,5.36,-0.01,84,45024,卖盘
315,14:31:14,5.37,--,204,109548,买盘
316,14:31:03,5.37,0.01,40,21480,买盘
317,14:30:57,5.36,--,299,160264,卖盘
318,14:30:53,5.36,--,285,152760,卖盘
319,14:30:48,5.36,-0.01,204,109344,卖盘
320,14:30:42,5.37,0.01,868,466116,买盘
321,14:30:33,5.36,-0.01,360,192960,卖盘
322,14:30:27,5.37,0.01,10,5370,买盘
323,14:30:18,5.36,--,188,100768,卖盘
324,14:30:12,5.36,--,246,131856,卖盘
325,14:30:03,5.36,-0.01,1142,612112,卖盘
326,14:29:57,5.37,--,443,237891,卖盘
327,14:29:53,5.37,--,208,111696,卖盘
328,14:29:48,5.37,--,1181,634197,卖盘
329,14:29:42,5.37,-0.01,296,158952,卖盘
330,14:29:38,5.38,0.01,167,89846,买盘
331,14:29:33,5.37,--,10,5370,卖盘
332,14:29:27,5.37,-0.01,70,37590,卖盘
333,14:29:23,5.38,0.01,52,27976,买盘
334,14:29:18,5.37,-0.01,35,18795,卖盘
335,14:29:12,5.38,--,248,133424,买盘
336,14:29:08,5.38,0.01,71,38198,买盘
337,14:28:57,5.37,-0.01,250,134250,卖盘
338,14:28:42,5.38,0.01,34,18292,买盘
339,14:28:38,5.37,-0.01,69,37053,卖盘
340,14:28:33,5.38,0.01,44,23672,买盘
341,14:28:27,5.37,--,500,268500,卖盘
342,14:28:18,5.37,--,219,117603,卖盘
343,14:28:12,5.37,--,69,37053,卖盘
344,14:28:08,5.37,-0.01,21,11277,卖盘
345,14:28:03,5.38,--,4,2152,买盘
346,14:27:53,5.38,0.01,34,18292,买盘
347,14:27:48,5.37,-0.01,69,37053,卖盘
348,14:27:42,5.38,0.01,9,4842,买盘
349,14:27:38,5.37,-0.01,50,26850,卖盘
350,14:27:33,5.38,--,5,2690,买盘
351,14:27:23,5.38,0.01,269,144722,买盘
352,14:27:18,5.37,--,50,26850,卖盘
353,14:27:08,5.37,--,500,268500,卖盘
354,14:26:57,5.37,--,30,16110,卖盘
355,14:26:52,5.37,-0.01,340,182580,卖盘
356,14:26:48,5.38,0.01,34,18292,买盘
357,14:26:38,5.37,--,61,32757,卖盘
358,14:26:33,5.37,--,33,17887,买盘
359,14:26:27,5.37,--,70,37590,买盘
360,14:26:22,5.37,--,40,21480,买盘
361,14:26:12,5.37,--,211,113677,卖盘
362,14:26:08,5.37,--,11,5907,卖盘
363,14:26:03,5.37,--,27,14499,卖盘
364,14:25:57,5.37,--,225,120825,卖盘
365,14:25:53,5.37,--,116,62292,卖盘
366,14:25:47,5.37,--,140,75180,卖盘
367,14:25:42,5.37,--,175,93975,卖盘
368,14:25:38,5.37,-0.01,37,19869,卖盘
369,14:25:32,5.38,--,2,1076,买盘
370,14:25:27,5.38,0.01,40,21520,买盘
371,14:25:22,5.37,--,10,5370,卖盘
372,14:25:12,5.37,-0.01,60,32220,卖盘
373,14:25:07,5.38,0.01,200,107600,买盘
374,14:25:02,5.37,--,25,13425,卖盘
375,14:24:57,5.37,--,280,150360,卖盘
376,14:24:51,5.37,--,76,40812,卖盘
377,14:24:47,5.37,-0.01,40,21480,卖盘
378,14:24:42,5.38,--,167,89846,买盘
379,14:24:36,5.38,0.01,521,280298,买盘
380,14:24:27,5.37,--,220,118140,卖盘
381,14:24:21,5.37,--,58,31146,卖盘
382,14:24:06,5.37,--,24,12888,卖盘
383,14:24:02,5.37,-0.01,200,107400,卖盘
384,14:23:57,5.38,0.01,393,211434,买盘
385,14:23:51,5.37,--,89,47793,卖盘
386,14:23:42,5.37,--,270,144990,卖盘
387,14:23:36,5.37,--,30,16110,卖盘
388,14:23:32,5.37,--,150,80550,卖盘
389,14:23:27,5.37,--,135,72495,卖盘
390,14:23:17,5.37,-0.01,410,220170,卖盘
391,14:23:12,5.38,0.01,545,293210,买盘
392,14:23:06,5.37,--,4265,2290305,卖盘
393,14:22:57,5.37,--,10,5370,卖盘
394,14:22:51,5.37,--,1138,611106,卖盘
395,14:22:42,5.37,--,162,86994,卖盘
396,14:22:36,5.37,--,4,2148,卖盘
397,14:22:31,5.37,--,33,17721,卖盘
398,14:22:27,5.37,--,52,27924,卖盘
399,14:22:17,5.37,--,9,4833,卖盘
400,14:22:12,5.37,--,271,145527,卖盘
401,14:22:06,5.37,--,151,81087,卖盘
402,14:22:02,5.37,--,140,75180,卖盘
403,14:21:57,5.37,--,200,107400,卖盘
404,14:21:47,5.37,--,43,23091,卖盘
405,14:21:42,5.37,--,32,17184,卖盘
406,14:21:36,5.37,--,17,9198,卖盘
407,14:21:27,5.37,--,100,53700,卖盘
408,14:21:21,5.37,-0.01,115,61755,卖盘
409,14:21:06,5.38,--,49,26362,买盘
410,14:20:57,5.38,0.01,50,26900,买盘
411,14:20:42,5.37,-0.01,45,24165,卖盘
412,14:20:36,5.38,0.01,19,10222,买盘
413,14:20:32,5.37,-0.01,38,20406,卖盘
414,14:20:17,5.38,0.01,135,72630,买盘
415,14:20:12,5.37,-0.01,215,115455,卖盘
416,14:20:02,5.38,0.01,34,18292,买盘
417,14:19:47,5.37,-0.01,47,25239,卖盘
418,14:19:42,5.38,0.01,24,12912,买盘
419,14:19:32,5.37,--,361,193857,卖盘
420,14:19:26,5.37,--,5000,2685000,卖盘
421,14:19:21,5.37,--,59,31683,卖盘
422,14:19:16,5.37,--,20,10740,卖盘
423,14:19:06,5.37,--,1,537,卖盘
424,14:18:45,5.37,--,57,30609,卖盘
425,14:18:41,5.37,-0.01,5,2685,卖盘
426,14:18:36,5.38,--,2,1076,买盘
427,14:18:30,5.38,--,120,64560,买盘
428,14:18:21,5.38,--,49,26362,买盘
429,14:18:06,5.38,0.01,13,6994,买盘
430,14:18:00,5.37,-0.01,500,268500,卖盘
431,14:17:51,5.38,0.01,200,107600,买盘
432,14:17:45,5.37,--,213,114381,卖盘
433,14:17:36,5.37,--,277,148845,买盘
434,14:17:30,5.37,0.01,429,230373,买盘
435,14:17:26,5.36,-0.01,87,46632,卖盘
436,14:17:21,5.37,0.01,1286,690582,买盘
437,14:17:06,5.36,--,3182,1705552,卖盘
438,14:17:00,5.36,--,181,97016,卖盘
439,14:16:56,5.36,-0.01,255,136680,卖盘
440,14:16:51,5.37,0.01,42,22554,买盘
441,14:16:45,5.36,-0.01,2976,1595136,卖盘
442,14:16:41,5.37,--,200,107400,买盘
443,14:16:36,5.37,--,157,84309,买盘
444,14:16:30,5.37,0.01,208,111696,买盘
445,14:16:26,5.36,-0.01,3400,1822400,卖盘
446,14:16:21,5.37,0.01,594,318978,买盘
447,14:16:15,5.36,--,156,83616,卖盘
448,14:16:11,5.36,-0.01,766,410892,卖盘
449,14:16:06,5.37,--,174,93438,买盘
450,14:16:00,5.37,0.01,51,27387,买盘
451,14:15:56,5.36,--,520,278720,卖盘
452,14:15:51,5.36,-0.01,65,34840,卖盘
453,14:15:45,5.37,--,65,34905,买盘
454,14:15:41,5.37,0.01,30,16110,买盘
455,14:15:36,5.36,-0.01,138,73968,卖盘
456,14:15:30,5.37,--,9128,4901736,买盘
457,14:15:20,5.37,0.01,30,16110,买盘
458,14:15:15,5.36,--,58,31088,卖盘
459,14:15:11,5.36,-0.01,25,13400,卖盘
460,14:15:05,5.37,0.01,1156,620772,买盘
461,14:15:00,5.36,--,205,109880,卖盘
462,14:14:56,5.36,-0.01,47,25192,卖盘
463,14:14:50,5.37,0.01,109,58533,买盘
464,14:14:45,5.36,-0.01,64,34304,卖盘
465,14:14:40,5.37,--,200,107400,买盘
466,14:14:35,5.37,--,1,537,买盘
467,14:14:30,5.37,--,4,2148,买盘
468,14:14:26,5.37,0.01,45,24165,买盘
469,14:14:15,5.36,-0.01,103,55208,卖盘
470,14:14:11,5.37,--,573,307701,买盘
471,14:13:56,5.37,0.01,3,1611,买盘
472,14:13:45,5.36,--,100,53600,卖盘
473,14:13:41,5.36,-0.01,75,40200,卖盘
474,14:13:30,5.37,--,40,21480,买盘
475,14:13:26,5.37,--,47,25239,买盘
476,14:13:15,5.37,--,4,2148,买盘
477,14:13:11,5.37,0.01,1,537,买盘
478,14:13:05,5.36,--,53,28408,卖盘
479,14:13:00,5.36,--,1,536,卖盘
480,14:12:56,5.36,--,19,10184,卖盘
481,14:12:50,5.36,--,1,536,卖盘
482,14:12:45,5.36,-0.01,246,131856,卖盘
483,14:12:41,5.37,--,129,69273,买盘
484,14:12:35,5.37,0.01,124,66588,买盘
485,14:12:30,5.36,--,31,16616,卖盘
486,14:12:26,5.36,-0.01,1272,681792,卖盘
487,14:12:20,5.37,--,180,96660,买盘
488,14:12:15,5.37,0.01,136,73032,买盘
489,14:12:00,5.36,--,105,56280,卖盘
490,14:11:54,5.36,--,2,1072,卖盘
491,14:11:45,5.36,-0.01,7,3752,卖盘
492,14:11:39,5.37,--,122,65514,买盘
493,14:11:30,5.37,--,318,170766,买盘
494,14:11:24,5.37,--,600,322200,买盘
495,14:11:20,5.37,--,79,42423,买盘
496,14:11:15,5.37,0.01,21,11754,买盘
497,14:11:05,5.36,-0.01,62,33232,卖盘
498,14:11:00,5.37,0.01,22,11814,买盘
499,14:10:54,5.36,--,421,225656,卖盘
500,14:10:50,5.36,--,300,160800,卖盘
501,14:10:45,5.36,--,55,29480,卖盘
502,14:10:39,5.36,--,2252,1207072,卖盘
503,14:10:35,5.36,--,146,78256,卖盘
504,14:10:30,5.36,--,743,398248,卖盘
505,14:10:24,5.36,--,568,304448,卖盘
506,14:10:20,5.36,-0.01,36,19296,卖盘
507,14:10:15,5.37,0.01,13,6981,买盘
508,14:10:09,5.36,-0.01,16,8576,卖盘
509,14:09:54,5.37,--,21,11277,买盘
510,14:09:50,5.37,0.01,9,4833,买盘
511,14:09:45,5.36,--,3000,1608000,卖盘
512,14:09:39,5.36,-0.01,140,75040,卖盘
513,14:09:35,5.37,--,22,11814,买盘
514,14:09:30,5.37,0.01,29,15573,买盘
515,14:09:24,5.36,--,320,171520,卖盘
516,14:09:09,5.36,--,353,189208,卖盘
517,14:09:05,5.36,--,20,10720,卖盘
518,14:09:00,5.36,-0.01,25,13400,卖盘
519,14:08:54,5.37,0.01,80,42960,买盘
520,14:08:50,5.36,--,62,33232,卖盘
521,14:08:39,5.36,--,31,16616,卖盘
522,14:08:35,5.36,--,113,60568,卖盘
523,14:08:30,5.36,--,82,43952,卖盘
524,14:08:24,5.36,--,69,36984,卖盘
525,14:08:20,5.36,--,200,107200,卖盘
526,14:08:15,5.36,--,20,10720,卖盘
527,14:08:04,5.36,--,29,15544,卖盘
528,14:07:59,5.36,--,37,19832,卖盘
529,14:07:44,5.36,-0.01,32,17152,卖盘
530,14:07:39,5.37,0.01,79,42423,买盘
531,14:07:34,5.36,--,200,107200,卖盘
532,14:07:29,5.36,--,200,107200,卖盘
533,14:07:24,5.36,-0.01,100,53600,卖盘
534,14:07:20,5.37,0.01,158,84846,买盘
535,14:07:09,5.36,--,10,5360,卖盘
536,14:06:59,5.36,-0.01,139,74504,卖盘
537,14:06:54,5.37,--,200,107400,买盘
538,14:06:50,5.37,0.01,235,126195,买盘
539,14:06:39,5.36,--,3208,1719488,卖盘
540,14:06:35,5.36,-0.01,100,53600,卖盘
541,14:06:29,5.37,0.01,21,11277,买盘
542,14:06:24,5.36,--,38,20368,卖盘
543,14:06:19,5.36,-0.01,6,3216,卖盘
544,14:06:14,5.37,--,6,3222,买盘
545,14:06:09,5.37,0.01,430,230910,买盘
546,14:05:54,5.36,-0.01,34,18224,卖盘
547,14:05:50,5.37,--,56,30072,买盘
548,14:05:44,5.37,--,10,5370,买盘
549,14:05:39,5.37,0.01,40,21480,买盘
550,14:05:33,5.36,-0.01,20,10896,卖盘
551,14:05:29,5.37,--,75,40275,买盘
552,14:05:24,5.37,0.01,3,1611,买盘
553,14:05:18,5.36,-0.01,235,125960,卖盘
554,14:05:14,5.37,0.01,606,325422,买盘
555,14:05:09,5.36,--,38,20368,卖盘
556,14:05:03,5.36,--,76,40736,卖盘
557,14:04:59,5.36,-0.01,30,16080,卖盘
558,14:04:54,5.37,0.01,3,1611,买盘
559,14:04:48,5.36,--,48,25728,卖盘
560,14:04:44,5.36,--,12,6432,卖盘
561,14:04:39,5.36,--,33,17688,卖盘
562,14:04:33,5.36,--,139,74504,卖盘
563,14:04:03,5.36,-0.01,54,28944,卖盘
564,14:03:59,5.37,--,1,537,买盘
565,14:03:39,5.37,0.01,55,29535,买盘
566,14:03:33,5.36,-0.01,108,57888,卖盘
567,14:03:29,5.37,0.01,25,13425,买盘
568,14:03:24,5.36,--,64,34304,卖盘
569,14:03:18,5.36,-0.01,2572,1378592,卖盘
570,14:03:09,5.37,0.01,3,1611,买盘
571,14:03:03,5.36,-0.01,111,59496,卖盘
572,14:02:59,5.37,0.01,20,10740,买盘
573,14:02:48,5.36,-0.01,54,28944,卖盘
574,14:02:44,5.37,--,30,16110,买盘
575,14:02:39,5.37,--,10,5370,买盘
576,14:02:33,5.37,0.01,10,5370,买盘
577,14:02:29,5.36,-0.01,33,17688,卖盘
578,14:02:18,5.37,--,200,107400,买盘
579,14:02:14,5.37,0.01,62,33294,买盘
580,14:02:09,5.36,-0.01,200,107200,卖盘
581,14:02:03,5.37,0.01,26,13962,买盘
582,14:01:54,5.36,--,41,21976,卖盘
583,14:01:48,5.36,--,44,23584,卖盘
584,14:01:44,5.36,-0.01,21,11256,卖盘
585,14:01:39,5.37,0.01,6,3222,买盘
586,14:01:33,5.36,-0.01,57,30552,卖盘
587,14:01:29,5.37,0.01,10,5370,买盘
588,14:01:24,5.36,-0.01,222,118992,卖盘
589,14:01:18,5.37,0.01,9,4833,买盘
590,14:01:09,5.36,-0.01,26,13936,卖盘
591,14:01:03,5.37,--,30,16110,买盘
592,14:00:59,5.37,--,100,53700,买盘
593,14:00:54,5.37,0.01,132,70884,买盘
594,14:00:48,5.36,--,508,272288,卖盘
595,14:00:43,5.36,-0.01,20,11148,卖盘
596,14:00:39,5.37,0.01,57,30609,买盘
597,14:00:33,5.36,--,1,536,卖盘
598,14:00:23,5.36,-0.01,66,35376,卖盘
599,14:00:18,5.37,0.01,5135,2757495,买盘
600,14:00:08,5.36,-0.01,50,26800,卖盘
601,14:00:03,5.37,0.01,1282,688434,买盘
602,13:59:58,5.36,--,3877,2078168,卖盘
603,13:59:48,5.36,--,78,41808,卖盘
604,13:59:43,5.36,--,4,2144,卖盘
605,13:59:38,5.36,--,103,55208,卖盘
606,13:59:33,5.36,--,14,7504,卖盘
607,13:59:29,5.36,--,49,26264,卖盘
608,13:59:18,5.36,-0.01,80,42880,卖盘
609,13:59:13,5.37,0.01,10,5370,买盘
610,13:59:08,5.36,--,336,180096,卖盘
611,13:59:03,5.36,--,299,160264,卖盘
612,13:58:58,5.36,--,123,65928,卖盘
613,13:58:48,5.36,--,100,53600,卖盘
614,13:58:42,5.36,--,40,21440,卖盘
615,13:58:38,5.36,--,56,30016,卖盘
616,13:58:33,5.36,--,150,80400,卖盘
617,13:58:27,5.36,--,320,171520,卖盘
618,13:58:23,5.36,--,12,6432,卖盘
619,13:58:18,5.36,-0.01,20,10720,卖盘
620,13:58:12,5.37,--,243,130491,买盘
621,13:58:08,5.37,0.01,119,63903,买盘
622,13:58:03,5.36,--,337,180632,卖盘
623,13:57:57,5.36,--,407,218152,卖盘
624,13:57:53,5.36,--,472,252992,卖盘
625,13:57:48,5.36,-0.01,1597,855992,卖盘
626,13:57:42,5.37,0.01,289,155193,买盘
627,13:57:38,5.36,-0.01,1339,717704,卖盘
628,13:57:33,5.37,0.01,217,116529,买盘
629,13:57:27,5.36,--,589,315704,卖盘
630,13:57:23,5.36,--,100,53600,卖盘
631,13:57:18,5.36,--,290,155440,卖盘
632,13:57:12,5.36,--,147,78792,卖盘
633,13:57:08,5.36,--,70,37520,卖盘
634,13:57:03,5.36,--,187,100232,卖盘
635,13:56:57,5.36,--,127,68072,卖盘
636,13:56:53,5.36,--,1751,938536,卖盘
637,13:56:48,5.36,--,246,131856,卖盘
638,13:56:42,5.36,-0.01,135,72360,卖盘
639,13:56:38,5.37,0.01,971,521427,买盘
640,13:56:33,5.36,--,381,204618,卖盘
641,13:56:27,5.36,--,240,128640,卖盘
642,13:56:23,5.36,--,330,176880,卖盘
643,13:56:18,5.36,--,19,10184,卖盘
644,13:56:12,5.36,--,345,184920,卖盘
645,13:56:08,5.36,--,129,69144,卖盘
646,13:56:03,5.36,--,1438,770768,卖盘
647,13:55:53,5.36,-0.01,831,445416,卖盘
648,13:55:48,5.37,0.01,105,56385,买盘
649,13:55:42,5.36,--,215,115240,卖盘
650,13:55:38,5.36,--,80,42880,卖盘
651,13:55:33,5.36,--,212,113632,卖盘
652,13:55:27,5.36,-0.01,600,321600,卖盘
653,13:55:23,5.37,0.01,14,7518,买盘
654,13:55:18,5.36,--,130,69680,卖盘
655,13:55:12,5.36,--,246,131856,卖盘
656,13:55:08,5.36,--,70,37520,卖盘
657,13:55:03,5.36,--,85,45560,卖盘
658,13:54:57,5.36,--,112,60032,卖盘
659,13:54:53,5.36,--,20,10720,卖盘
660,13:54:48,5.36,-0.01,123,65928,卖盘
661,13:54:42,5.37,0.01,518,278166,买盘
662,13:54:38,5.36,--,328,175808,卖盘
663,13:54:33,5.36,--,438,234768,卖盘
664,13:54:27,5.36,--,17,9112,卖盘
665,13:54:23,5.36,-0.01,536,287296,卖盘
666,13:54:18,5.37,--,200,107400,买盘
667,13:54:12,5.37,0.01,54,28998,买盘
668,13:54:08,5.36,--,98,52528,卖盘
669,13:54:03,5.36,--,352,188672,卖盘
670,13:53:57,5.36,--,361,193496,卖盘
671,13:53:48,5.36,--,237,127032,卖盘
672,13:53:42,5.36,-0.01,210,112560,卖盘
673,13:53:38,5.37,0.01,124,66588,买盘
674,13:53:33,5.36,--,32,17152,卖盘
675,13:53:27,5.36,--,131,70216,卖盘
676,13:53:17,5.36,--,421,225656,卖盘
677,13:53:11,5.36,--,444,237984,卖盘
678,13:53:08,5.36,--,411,220296,卖盘
679,13:53:02,5.36,-0.01,298,159728,卖盘
680,13:52:57,5.37,--,83,44571,买盘
681,13:52:47,5.37,--,31,16647,买盘
682,13:52:41,5.37,0.01,2,1074,买盘
683,13:52:36,5.36,--,15,8040,卖盘
684,13:52:32,5.36,--,58,31088,卖盘
685,13:52:27,5.36,--,18,9648,卖盘
686,13:52:21,5.36,--,69,36984,卖盘
687,13:52:17,5.36,--,13,6968,卖盘
688,13:52:12,5.36,--,30,16080,卖盘
689,13:51:57,5.36,-0.01,71,38056,卖盘
690,13:51:51,5.37,0.01,185,99345,买盘
691,13:51:42,5.36,--,11,5896,卖盘
692,13:51:36,5.36,-0.01,50,26800,卖盘
693,13:51:32,5.37,--,10,5370,买盘
694,13:51:27,5.37,--,101,54237,买盘
695,13:51:21,5.37,--,213,114381,买盘
696,13:51:17,5.37,--,487,261519,买盘
697,13:51:12,5.37,0.01,214,114918,买盘
698,13:51:06,5.36,-0.01,210,112560,卖盘
699,13:51:02,5.37,--,516,277092,买盘
700,13:50:47,5.37,--,935,502095,买盘
701,13:50:41,5.37,--,122,65514,买盘
702,13:50:36,5.37,--,165,88605,买盘
703,13:50:32,5.37,0.01,179,96123,买盘
704,13:50:27,5.36,--,20,10720,卖盘
705,13:50:21,5.36,-0.01,30,16080,卖盘
706,13:50:17,5.37,--,5,2685,买盘
707,13:50:11,5.37,0.01,80,42960,买盘
708,13:50:06,5.36,-0.01,12,6432,卖盘
709,13:50:02,5.37,0.01,50,26850,买盘
710,13:49:57,5.36,--,57,30552,卖盘
711,13:49:51,5.36,--,284,152224,卖盘
712,13:49:47,5.36,--,30,16080,卖盘
713,13:49:41,5.36,-0.01,120,64320,卖盘
714,13:49:36,5.37,--,30,16110,买盘
715,13:49:27,5.37,0.01,90,48330,买盘
716,13:49:21,5.36,-0.01,578,309808,卖盘
717,13:49:17,5.37,0.01,23,12351,买盘
718,13:49:12,5.36,--,10,5360,卖盘
719,13:49:06,5.36,--,31,16616,卖盘
720,13:48:57,5.36,--,131,70216,卖盘
721,13:48:51,5.36,--,64,34304,卖盘
722,13:48:41,5.36,--,50,26800,卖盘
723,13:48:36,5.36,--,71,38056,卖盘
724,13:48:32,5.36,-0.01,21,11256,卖盘
725,13:48:27,5.37,--,551,295887,买盘
726,13:48:21,5.37,--,541,290517,买盘
727,13:48:17,5.37,0.01,10,5370,买盘
728,13:48:11,5.36,--,3,1608,卖盘
729,13:48:06,5.36,-0.01,163,87368,卖盘
730,13:48:02,5.37,--,72,38664,买盘
731,13:47:47,5.37,0.01,79,42423,买盘
732,13:47:41,5.36,--,496,265856,卖盘
733,13:47:36,5.36,--,91,48776,卖盘
734,13:47:31,5.36,--,150,80400,卖盘
735,13:47:27,5.36,--,65,34840,卖盘
736,13:47:11,5.36,-0.01,458,245488,卖盘
737,13:47:05,5.37,--,26,13962,买盘
738,13:47:02,5.37,--,3,1611,买盘
739,13:46:57,5.37,0.01,18,9666,买盘
740,13:46:51,5.36,-0.01,171,91656,卖盘
741,13:46:47,5.37,0.01,3,1611,买盘
742,13:46:41,5.36,--,7,3752,卖盘
743,13:46:35,5.36,--,243,130248,卖盘
744,13:46:27,5.36,--,28,15008,卖盘
745,13:46:20,5.36,--,100,53600,卖盘
746,13:46:11,5.36,-0.01,160,85760,卖盘
747,13:45:59,5.37,--,1,537,买盘
748,13:45:56,5.37,--,294,157878,买盘
749,13:45:51,5.37,0.01,754,404898,买盘
750,13:45:35,5.36,-0.01,32,17152,卖盘
751,13:45:29,5.37,--,124,66588,买盘
752,13:45:26,5.37,0.01,1,537,买盘
753,13:45:20,5.36,-0.01,10,5360,卖盘
754,13:45:14,5.37,--,20,10740,买盘
755,13:45:11,5.37,--,5,2685,买盘
756,13:45:05,5.37,--,1373,737741,卖盘
757,13:44:59,5.37,--,269,144453,卖盘
758,13:44:56,5.37,--,711,381807,卖盘
759,13:44:50,5.37,-0.01,205,110085,卖盘
760,13:44:44,5.38,0.01,894,480972,买盘
761,13:44:41,5.37,--,240,128880,卖盘
762,13:44:35,5.37,--,90,48330,卖盘
763,13:44:29,5.37,--,630,338310,卖盘
764,13:44:26,5.37,--,240,128880,卖盘
765,13:44:20,5.37,--,498,267426,卖盘
766,13:44:14,5.37,--,121,64977,卖盘
767,13:44:05,5.37,--,87,46719,卖盘
768,13:43:59,5.37,--,12,6444,卖盘
769,13:43:56,5.37,--,560,300720,卖盘
770,13:43:50,5.37,--,31,16647,卖盘
771,13:43:44,5.37,--,231,124047,卖盘
772,13:43:41,5.37,--,51,27387,卖盘
773,13:43:35,5.37,-0.01,934,501558,卖盘
774,13:43:29,5.38,0.01,1725,928130,买盘
775,13:43:26,5.37,--,139,74643,卖盘
776,13:43:20,5.37,-0.01,61,32757,卖盘
777,13:43:14,5.38,0.01,1292,695096,买盘
778,13:43:11,5.37,--,1131,607347,卖盘
779,13:43:05,5.37,--,2039,1095002,卖盘
780,13:42:59,5.37,--,266,142842,卖盘
781,13:42:56,5.37,--,572,307164,卖盘
782,13:42:50,5.37,--,648,348470,卖盘
783,13:42:44,5.37,--,718,385566,卖盘
784,13:42:41,5.37,--,335,179895,卖盘
785,13:42:35,5.37,--,160,85920,卖盘
786,13:42:29,5.37,--,1056,567072,卖盘
787,13:42:26,5.37,--,144,77328,卖盘
788,13:42:20,5.37,--,504,270648,卖盘
789,13:42:14,5.37,--,315,169155,卖盘
790,13:42:11,5.37,--,25,13425,卖盘
791,13:42:05,5.37,--,282,151434,卖盘
792,13:41:59,5.37,--,352,189024,卖盘
793,13:41:50,5.37,--,50,26850,卖盘
794,13:41:44,5.37,--,31,16647,卖盘
795,13:41:35,5.37,--,7,3759,卖盘
796,13:41:29,5.37,-0.01,38,20406,卖盘
797,13:41:26,5.38,--,20,10760,买盘
798,13:41:20,5.38,--,39,20982,买盘
799,13:40:59,5.38,0.01,21,11298,买盘
800,13:40:56,5.37,-0.01,32,17184,卖盘
801,13:40:44,5.38,0.01,245,131810,买盘
802,13:40:41,5.37,--,57,30609,卖盘
803,13:40:35,5.37,-0.01,12,6444,卖盘
804,13:40:14,5.38,0.01,51,27438,买盘
805,13:40:05,5.37,--,90,48330,卖盘
806,13:39:59,5.37,--,92,49404,卖盘
807,13:39:50,5.37,-0.01,10,5370,卖盘
808,13:39:44,5.38,0.01,150,80700,买盘
809,13:39:29,5.37,-0.01,30,16110,卖盘
810,13:39:25,5.38,--,20,10760,买盘
811,13:39:20,5.38,--,43,23134,买盘
812,13:39:14,5.38,--,95,51110,买盘
813,13:39:05,5.38,0.01,254,136652,买盘
814,13:38:59,5.37,--,35,18795,卖盘
815,13:38:53,5.37,-0.01,50,26850,卖盘
816,13:38:44,5.38,--,44,23672,买盘
817,13:38:35,5.38,0.01,169,90922,买盘
818,13:38:29,5.37,--,16,8592,卖盘
819,13:38:20,5.37,--,25,13425,卖盘
820,13:38:14,5.37,--,85,45645,卖盘
821,13:37:59,5.37,-0.01,77,41349,卖盘
822,13:37:53,5.38,--,50,26900,买盘
823,13:37:44,5.38,0.01,125,67250,买盘
824,13:37:38,5.37,--,39,20943,卖盘
825,13:37:29,5.37,-0.01,56,30072,卖盘
826,13:37:20,5.38,0.01,1,538,买盘
827,13:37:14,5.37,--,51,27387,卖盘
828,13:37:08,5.37,-0.01,34,18258,卖盘
829,13:36:59,5.38,--,25,13450,买盘
830,13:36:53,5.38,0.01,54,29052,买盘
831,13:36:44,5.37,-0.01,65,34905,卖盘
832,13:36:35,5.38,--,15,8070,买盘
833,13:36:29,5.38,0.01,71,38198,买盘
834,13:36:23,5.37,-0.01,1,537,卖盘
835,13:36:14,5.38,--,107,57566,买盘
836,13:36:05,5.38,--,27,14526,买盘
837,13:35:59,5.38,0.01,200,107600,买盘
838,13:35:53,5.37,-0.01,33,17721,卖盘
839,13:35:50,5.38,--,20,10760,买盘
840,13:35:44,5.38,0.01,45,24210,买盘
841,13:35:38,5.37,-0.01,2,1074,卖盘
842,13:35:35,5.38,--,6,3228,买盘
843,13:35:29,5.38,--,14,7532,买盘
844,13:35:23,5.38,--,50,26900,买盘
845,13:35:20,5.38,--,17,9146,买盘
846,13:35:14,5.38,--,95,51110,买盘
847,13:35:08,5.38,0.01,47,25286,买盘
848,13:34:53,5.37,-0.01,60,32220,卖盘
849,13:34:50,5.38,--,20,10760,买盘
850,13:34:44,5.38,0.01,1808,972704,买盘
851,13:34:38,5.37,--,62,33294,卖盘
852,13:34:35,5.37,-0.01,29,15573,卖盘
853,13:34:29,5.38,0.01,39,20982,买盘
854,13:34:23,5.37,--,12,6444,卖盘
855,13:34:20,5.37,-0.01,24,12888,卖盘
856,13:34:14,5.38,0.01,45,24210,买盘
857,13:34:08,5.37,--,55,29535,卖盘
858,13:33:59,5.37,-0.01,21,11277,卖盘
859,13:33:44,5.38,--,66,35508,买盘
860,13:33:38,5.38,0.01,20,10760,买盘
861,13:33:29,5.37,-0.01,30,16110,卖盘
862,13:33:23,5.38,--,15,8070,买盘
863,13:33:19,5.38,--,13,6994,买盘
864,13:33:14,5.38,0.01,55,29590,买盘
865,13:33:08,5.37,--,23,12351,卖盘
866,13:33:04,5.37,--,693,372141,卖盘
867,13:32:59,5.37,--,372,199764,卖盘
868,13:32:53,5.37,--,2990,1605630,买盘
869,13:32:44,5.37,--,222,119214,买盘
870,13:32:38,5.37,0.01,4692,2519604,买盘
871,13:32:34,5.36,-0.01,30,16080,卖盘
872,13:32:29,5.37,--,144,77328,买盘
873,13:32:23,5.37,--,181,97197,买盘
874,13:32:19,5.37,--,71,38127,买盘
875,13:32:14,5.37,--,1195,641715,买盘
876,13:32:08,5.37,0.01,619,332403,买盘
877,13:32:04,5.36,-0.01,196,105056,卖盘
878,13:31:59,5.37,--,817,438729,买盘
879,13:31:49,5.37,--,1,537,买盘
880,13:31:44,5.37,--,46,24702,买盘
881,13:31:38,5.37,0.01,235,126195,买盘
882,13:31:34,5.36,--,102,54672,卖盘
883,13:31:29,5.36,-0.01,35,18760,卖盘
884,13:31:23,5.37,--,1060,569220,买盘
885,13:31:14,5.37,--,60,32220,买盘
886,13:31:08,5.37,0.01,24,12888,买盘
887,13:31:02,5.36,--,58,31088,卖盘
888,13:30:53,5.36,--,45,24120,卖盘
889,13:30:48,5.36,-0.01,160,85760,卖盘
890,13:30:44,5.37,0.01,285,153045,买盘
891,13:30:34,5.36,--,10,5360,卖盘
892,13:30:29,5.36,--,157,84152,卖盘
893,13:30:23,5.36,-0.01,492,263712,卖盘
894,13:30:17,5.37,0.01,300,161100,买盘
895,13:30:14,5.36,--,134,71824,卖盘
896,13:30:08,5.36,-0.01,238,127568,卖盘
897,13:30:02,5.37,0.01,1326,712062,买盘
898,13:29:59,5.36,-0.01,52,27872,卖盘
899,13:29:53,5.37,--,224,120288,买盘
900,13:29:47,5.37,0.01,34,18258,买盘
901,13:29:44,5.36,--,35,18760,卖盘
902,13:29:38,5.36,--,182,97552,卖盘
903,13:29:32,5.36,-0.01,630,337680,卖盘
904,13:29:29,5.37,--,124,66588,买盘
905,13:29:23,5.37,--,110,59070,买盘
906,13:29:17,5.37,--,214,114918,买盘
907,13:29:08,5.37,0.01,295,158415,买盘
908,13:29:02,5.36,-0.01,14,7504,卖盘
909,13:28:59,5.37,--,60,32220,买盘
910,13:28:53,5.37,--,66,35442,买盘
911,13:28:47,5.37,0.01,115,61755,买盘
912,13:28:38,5.36,--,430,230480,卖盘
913,13:28:32,5.36,-0.01,141,75576,卖盘
914,13:28:29,5.37,--,2,1074,买盘
915,13:28:23,5.37,--,50,26850,买盘
916,13:28:14,5.37,--,20,10740,买盘
917,13:28:02,5.37,0.01,194,104178,买盘
918,13:27:59,5.36,--,202,108272,卖盘
919,13:27:53,5.36,-0.01,17,9112,卖盘
920,13:27:44,5.37,0.01,19,10203,买盘
921,13:27:38,5.36,-0.01,68,36448,卖盘
922,13:27:32,5.37,0.01,40,21480,买盘
923,13:27:23,5.36,--,37,19832,卖盘
924,13:27:17,5.36,-0.01,1,536,卖盘
925,13:27:08,5.37,--,163,87531,买盘
926,13:27:02,5.37,0.01,40,21480,买盘
927,13:26:53,5.36,-0.01,2,1072,卖盘
928,13:26:47,5.37,0.01,17,9129,买盘
929,13:26:38,5.36,-0.01,337,180632,卖盘
930,13:26:29,5.37,--,100,53700,买盘
931,13:26:23,5.37,0.01,154,82698,买盘
932,13:26:13,5.36,-0.01,72,38592,卖盘
933,13:26:08,5.37,--,255,136935,买盘
934,13:25:53,5.37,--,20,10740,买盘
935,13:25:47,5.37,--,1642,882231,卖盘
936,13:25:43,5.37,--,6,3222,卖盘
937,13:25:38,5.37,--,50,26850,卖盘
938,13:25:32,5.37,--,5,2685,卖盘
939,13:25:28,5.37,--,200,107400,卖盘
940,13:25:23,5.37,--,40,21480,卖盘
941,13:25:02,5.37,--,6,3699,卖盘
942,13:24:47,5.37,-0.01,78,41891,卖盘
943,13:24:38,5.38,0.01,5,2690,买盘
944,13:24:32,5.37,--,271,145527,卖盘
945,13:24:28,5.37,--,361,193857,卖盘
946,13:24:23,5.37,--,150,80550,卖盘
947,13:24:17,5.37,0.01,2274,1221250,买盘
948,13:24:08,5.36,-0.01,17,9112,卖盘
949,13:24:02,5.37,--,175,93975,买盘
950,13:23:53,5.37,--,180,96660,买盘
951,13:23:47,5.37,--,10,5370,买盘
952,13:23:43,5.37,0.01,21,11277,买盘
953,13:23:38,5.36,-0.01,3,1608,卖盘
954,13:23:32,5.37,0.01,40,21480,买盘
955,13:23:23,5.36,-0.01,100,53600,卖盘
956,13:23:17,5.37,--,146,78402,买盘
957,13:23:11,5.37,0.01,39,20943,买盘
958,13:23:08,5.36,-0.01,420,225120,卖盘
959,13:23:02,5.37,0.01,160,85920,买盘
960,13:22:53,5.36,-0.01,832,445952,卖盘
961,13:22:47,5.37,--,112,60144,买盘
962,13:22:41,5.37,--,94,50478,买盘
963,13:22:38,5.37,--,47,25239,买盘
964,13:22:32,5.37,0.01,143,76796,买盘
965,13:22:26,5.36,-0.01,53,28408,卖盘
966,13:22:23,5.37,--,1,537,买盘
967,13:22:17,5.37,--,71,38127,买盘
968,13:22:11,5.37,0.01,22,11814,买盘
969,13:22:07,5.36,-0.01,88,47168,卖盘
970,13:22:02,5.37,--,5,2685,买盘
971,13:21:56,5.37,--,420,225540,买盘
972,13:21:47,5.37,--,220,118140,买盘
973,13:21:41,5.37,0.01,20,10740,买盘
974,13:21:32,5.36,-0.01,37,19832,卖盘
975,13:21:26,5.37,0.01,10,5370,买盘
976,13:21:17,5.36,--,5343,2863848,卖盘
977,13:21:07,5.36,-0.01,5140,2755040,卖盘
978,13:21:02,5.37,0.01,387,207819,买盘
979,13:20:56,5.36,-0.01,10,5360,卖盘
980,13:20:53,5.37,--,10,5370,买盘
981,13:20:47,5.37,--,356,191172,买盘
982,13:20:41,5.37,--,89,47793,买盘
983,13:20:38,5.37,0.01,20,10740,买盘
984,13:20:32,5.36,--,138,73968,卖盘
985,13:20:26,5.36,-0.01,100,53600,卖盘
986,13:20:11,5.37,--,60,32220,买盘
987,13:20:07,5.37,--,10,5370,买盘
988,13:20:02,5.37,--,102,54774,买盘
989,13:19:56,5.37,--,434,233058,买盘
990,13:19:52,5.37,--,133,71421,买盘
991,13:19:47,5.37,--,34,18258,买盘
992,13:19:41,5.37,--,25,13425,买盘
993,13:19:37,5.37,--,250,134250,买盘
994,13:19:26,5.37,--,42,22554,买盘
995,13:19:07,5.37,--,128,68736,买盘
996,13:19:02,5.37,--,15,8055,买盘
997,13:18:56,5.37,--,50,26850,买盘
998,13:18:52,5.37,--,130,69810,买盘
999,13:18:47,5.37,--,25,13425,买盘
1000,13:18:41,5.37,--,16,8592,买盘
1001,13:18:37,5.37,--,100,53700,买盘
1002,13:18:32,5.37,0.01,16,8592,买盘
1003,13:18:26,5.36,-0.01,152,81472,卖盘
1004,13:18:22,5.37,--,2,1074,买盘
1005,13:18:17,5.37,--,54,28998,买盘
1006,13:18:11,5.37,--,383,205671,买盘
1007,13:18:07,5.37,0.01,12,6444,买盘
1008,13:18:02,5.36,-0.01,579,310344,卖盘
1009,13:17:56,5.37,0.01,16,8592,买盘
1010,13:17:52,5.36,--,39,20904,卖盘
1011,13:17:47,5.36,--,523,280328,卖盘
1012,13:17:41,5.36,--,700,375200,卖盘
1013,13:17:37,5.36,-0.01,6,3698,卖盘
1014,13:17:32,5.37,--,110,59070,买盘
1015,13:17:26,5.37,--,210,112770,买盘
1016,13:17:22,5.37,--,753,404828,卖盘
1017,13:17:17,5.37,--,348,186876,卖盘
1018,13:17:11,5.37,-0.01,96,51552,卖盘
1019,13:17:07,5.38,0.01,176,94688,买盘
1020,13:17:02,5.37,-0.01,56,30072,卖盘
1021,13:16:56,5.38,0.01,109,58642,买盘
1022,13:16:52,5.37,--,30,16110,卖盘
1023,13:16:47,5.37,--,127,68199,卖盘
1024,13:16:41,5.37,--,4119,2211903,卖盘
1025,13:16:26,5.37,--,78,41886,卖盘
1026,13:16:22,5.37,-0.01,90,48330,卖盘
1027,13:16:17,5.38,0.01,532,286216,买盘
1028,13:16:05,5.37,--,286,153582,卖盘
1029,13:16:02,5.37,--,36,19332,卖盘
1030,13:15:56,5.37,--,378,202986,卖盘
1031,13:15:50,5.37,-0.01,6,3222,卖盘
1032,13:15:47,5.38,0.01,126,67788,买盘
1033,13:15:41,5.37,--,541,290517,卖盘
1034,13:15:35,5.37,--,205,110085,卖盘
1035,13:15:32,5.37,-0.01,203,109011,卖盘
1036,13:15:26,5.38,0.01,2205,1186290,买盘
1037,13:15:20,5.37,--,33,17721,卖盘
1038,13:15:11,5.37,--,25,13425,卖盘
1039,13:15:05,5.37,-0.01,1171,628827,卖盘
1040,13:15:02,5.38,0.01,51,27438,买盘
1041,13:14:56,5.37,--,376,201912,卖盘
1042,13:14:50,5.37,-0.01,20,10740,卖盘
1043,13:14:47,5.38,--,10,5380,买盘
1044,13:14:41,5.38,0.01,245,131810,买盘
1045,13:14:32,5.37,-0.01,32,17184,卖盘
1046,13:14:26,5.38,--,85,45730,买盘
1047,13:14:20,5.38,0.01,3,1614,买盘
1048,13:14:11,5.37,--,15,8055,卖盘
1049,13:14:05,5.37,--,18,9666,卖盘
1050,13:14:01,5.37,--,20,10740,卖盘
1051,13:13:56,5.37,--,79,42423,卖盘
1052,13:13:50,5.37,--,14,7518,卖盘
1053,13:13:41,5.37,--,2271,1219527,卖盘
1054,13:13:31,5.37,--,458,245946,卖盘
1055,13:13:26,5.37,--,34,18258,卖盘
1056,13:13:11,5.37,--,64,34368,卖盘
1057,13:13:05,5.37,-0.01,280,150360,卖盘
1058,13:12:50,5.38,0.01,67,36046,买盘
1059,13:12:46,5.37,-0.01,10,5370,卖盘
1060,13:12:41,5.38,--,41,22058,买盘
1061,13:12:35,5.38,0.01,178,95764,买盘
1062,13:12:26,5.37,--,253,135861,卖盘
1063,13:12:20,5.37,--,204,109548,卖盘
1064,13:12:11,5.37,-0.01,15,8055,卖盘
1065,13:12:05,5.38,0.01,412,221656,买盘
1066,13:11:56,5.37,-0.01,3,1611,卖盘
1067,13:11:41,5.38,0.01,124,66712,买盘
1068,13:11:35,5.37,--,124,66588,买盘
1069,13:11:31,5.37,--,666,357642,买盘
1070,13:11:26,5.37,--,99,53163,买盘
1071,13:11:20,5.37,--,265,142305,买盘
1072,13:11:16,5.37,--,3,1611,买盘
1073,13:11:11,5.37,--,585,314145,买盘
1074,13:11:05,5.37,--,167,89679,买盘
1075,13:11:01,5.37,--,50,26850,买盘
1076,13:10:50,5.37,--,608,326496,买盘
1077,13:10:46,5.37,--,5,2685,买盘
1078,13:10:41,5.37,--,200,107400,买盘
1079,13:10:35,5.37,--,71,38127,买盘
1080,13:10:31,5.37,--,3,1611,买盘
1081,13:10:26,5.37,0.01,31,16647,买盘
1082,13:10:20,5.36,-0.01,6,3216,卖盘
1083,13:10:16,5.37,--,263,141231,买盘
1084,13:10:11,5.37,--,211,113307,买盘
1085,13:10:05,5.37,0.01,142,76254,买盘
1086,13:10:01,5.36,-0.01,37,19832,卖盘
1087,13:09:56,5.37,--,196,105252,买盘
1088,13:09:50,5.37,0.01,131,70347,买盘
1089,13:09:46,5.36,-0.01,57,30552,卖盘
1090,13:09:41,5.37,--,3,1611,买盘
1091,13:09:35,5.37,0.01,56,30072,买盘
1092,13:09:31,5.36,--,336,180096,卖盘
1093,13:09:26,5.36,-0.01,111,59496,卖盘
1094,13:09:20,5.37,--,164,88068,买盘
1095,13:09:16,5.37,--,100,53700,买盘
1096,13:09:11,5.37,--,216,115992,买盘
1097,13:09:05,5.37,--,10,5370,买盘
1098,13:08:59,5.37,--,5,2685,买盘
1099,13:08:56,5.37,--,37,19869,买盘
1100,13:08:50,5.37,--,63,33831,买盘
1101,13:08:44,5.37,--,122,65514,买盘
1102,13:08:35,5.37,--,87,46719,买盘
1103,13:08:29,5.37,--,102,54774,买盘
1104,13:08:26,5.37,--,93,49941,买盘
1105,13:08:20,5.37,--,110,59070,买盘
1106,13:08:14,5.37,--,220,118140,买盘
1107,13:08:11,5.37,--,138,74106,买盘
1108,13:08:05,5.37,--,353,189561,买盘
1109,13:07:59,5.37,0.01,40,21480,买盘
1110,13:07:55,5.36,--,100,53600,卖盘
1111,13:07:50,5.36,-0.01,362,194032,卖盘
1112,13:07:44,5.37,--,128,68736,买盘
1113,13:07:40,5.37,--,40,21480,买盘
1114,13:07:35,5.37,--,15,8055,买盘
1115,13:07:25,5.37,--,70,37590,买盘
1116,13:07:20,5.37,--,85,45645,买盘
1117,13:07:14,5.37,--,92,49404,买盘
1118,13:07:10,5.37,--,113,60681,买盘
1119,13:07:05,5.37,--,198,106326,买盘
1120,13:06:59,5.37,--,242,129954,买盘
1121,13:06:55,5.37,--,134,71958,买盘
1122,13:06:50,5.37,--,542,291054,买盘
1123,13:06:40,5.37,--,10,5370,买盘
1124,13:06:35,5.37,--,113,60681,买盘
1125,13:06:29,5.37,--,467,250779,卖盘
1126,13:06:20,5.37,--,103,55311,卖盘
1127,13:06:14,5.37,--,94,50478,买盘
1128,13:06:10,5.37,--,100,53700,买盘
1129,13:06:05,5.37,--,403,216411,买盘
1130,13:05:59,5.37,--,15,8055,买盘
1131,13:05:55,5.37,--,233,125121,买盘
1132,13:05:50,5.37,--,620,332940,买盘
1133,13:05:44,5.37,--,239,128343,买盘
1134,13:05:40,5.37,--,10,5370,买盘
1135,13:05:35,5.37,--,96,51552,买盘
1136,13:05:29,5.37,--,64,34368,买盘
1137,13:05:25,5.37,--,91,48867,买盘
1138,13:05:20,5.37,--,317,170229,买盘
1139,13:05:14,5.37,--,124,66588,买盘
1140,13:05:10,5.37,--,50,26850,买盘
1141,13:05:05,5.37,--,280,150360,买盘
1142,13:04:59,5.37,--,495,265815,买盘
1143,13:04:55,5.37,--,54,28998,买盘
1144,13:04:50,5.37,--,161,86457,买盘
1145,13:04:44,5.37,--,60,32220,买盘
1146,13:04:40,5.37,--,30,16110,买盘
1147,13:04:35,5.37,--,360,193320,卖盘
1148,13:04:29,5.37,--,10,5370,卖盘
1149,13:04:20,5.37,0.01,1715,920955,买盘
1150,13:04:14,5.36,--,20,10720,卖盘
1151,13:04:10,5.36,-0.01,70,37520,卖盘
1152,13:04:05,5.37,--,460,247020,买盘
1153,13:03:59,5.37,--,78,41886,买盘
1154,13:03:55,5.37,0.01,240,128880,买盘
1155,13:03:50,5.36,-0.01,349,187064,卖盘
1156,13:03:44,5.37,--,1070,574590,买盘
1157,13:03:40,5.37,--,327,175599,买盘
1158,13:03:35,5.37,--,116,62292,买盘
1159,13:03:29,5.37,0.01,20,10740,买盘
1160,13:03:25,5.36,-0.01,50,26800,卖盘
1161,13:03:20,5.37,0.01,33,17721,买盘
1162,13:03:14,5.36,--,218,116848,卖盘
1163,13:03:05,5.36,-0.01,177,94872,卖盘
1164,13:02:59,5.37,--,156,83772,买盘
1165,13:02:55,5.37,--,80,42960,买盘
1166,13:02:50,5.37,--,85,45645,买盘
1167,13:02:44,5.37,--,190,102030,买盘
1168,13:02:35,5.37,--,622,334014,买盘
1169,13:02:29,5.37,0.01,140,75180,买盘
1170,13:02:25,5.36,--,55,29480,卖盘
1171,13:02:20,5.36,-0.01,55,29480,卖盘
1172,13:02:14,5.37,--,248,133176,买盘
1173,13:02:05,5.37,--,142,76254,买盘
1174,13:01:59,5.37,--,50,26850,买盘
1175,13:01:55,5.37,0.01,2,1074,买盘
1176,13:01:50,5.36,-0.01,38,20368,卖盘
1177,13:01:44,5.37,--,50,26850,买盘
1178,13:01:38,5.37,--,25,13425,买盘
1179,13:01:23,5.37,--,321,172387,卖盘
1180,13:01:20,5.37,--,87,46719,卖盘
1181,13:01:14,5.37,--,290,155730,卖盘
1182,13:01:08,5.37,--,1638,879606,卖盘
1183,13:01:04,5.37,--,10,5370,卖盘
1184,13:00:59,5.37,--,539,289443,卖盘
1185,13:00:53,5.37,--,35,18795,卖盘
1186,13:00:49,5.37,-0.01,168,90216,卖盘
1187,13:00:44,5.38,0.01,1371,737598,买盘
1188,13:00:38,5.37,--,30,16110,卖盘
1189,13:00:34,5.37,--,40,21480,卖盘
1190,13:00:29,5.37,--,31,16647,卖盘
1191,13:00:23,5.37,--,18,9666,卖盘
1192,13:00:19,5.37,--,50,26850,卖盘
1193,13:00:14,5.37,--,669,359253,卖盘
1194,13:00:08,5.37,-0.01,6814,3659118,卖盘
1195,13:00:04,5.38,0.01,90,48420,买盘
1196,11:30:00,5.37,--,0,0,卖盘
1197,11:30:00,5.37,--,0,0,卖盘
1198,11:29:59,5.37,-0.01,5,2685,卖盘
1199,11:29:54,5.38,0.01,10,5380,买盘
1200,11:29:45,5.37,-0.01,300,161100,卖盘
1201,11:29:35,5.38,0.01,128,68864,买盘
1202,11:29:30,5.37,--,71,38127,卖盘
1203,11:29:20,5.37,--,220,118140,卖盘
1204,11:29:15,5.37,--,60,32220,卖盘
1205,11:29:09,5.37,-0.01,5,2685,卖盘
1206,11:29:00,5.38,--,108,58104,买盘
1207,11:28:54,5.38,0.01,260,139880,买盘
1208,11:28:50,5.37,--,121,64977,卖盘
1209,11:28:45,5.37,--,231,124047,卖盘
1210,11:28:39,5.37,--,38,20406,卖盘
1211,11:28:35,5.37,-0.01,30,16110,卖盘
1212,11:28:30,5.38,--,359,193142,买盘
1213,11:28:24,5.38,0.01,152,81776,买盘
1214,11:28:20,5.37,-0.01,100,53700,卖盘
1215,11:28:15,5.38,0.01,554,298536,买盘
1216,11:28:09,5.37,--,109,58533,卖盘
1217,11:28:00,5.37,--,2343,1258191,卖盘
1218,11:27:54,5.37,-0.01,630,338310,卖盘
1219,11:27:50,5.38,0.01,7,3766,买盘
1220,11:27:45,5.37,-0.01,30,16110,卖盘
1221,11:27:39,5.38,--,2216,1192208,买盘
1222,11:27:35,5.38,0.01,132,71016,买盘
1223,11:27:30,5.37,--,434,233058,卖盘
1224,11:27:24,5.37,--,13,6981,卖盘
1225,11:27:20,5.37,--,220,118140,卖盘
1226,11:27:15,5.37,-0.01,120,64440,卖盘
1227,11:27:09,5.38,0.01,227,122126,买盘
1228,11:27:05,5.37,-0.01,351,188487,卖盘
1229,11:27:00,5.38,--,130,69940,买盘
1230,11:26:54,5.38,0.01,11,5918,买盘
1231,11:26:50,5.37,--,38,20406,卖盘
1232,11:26:45,5.37,-0.01,2104,1130207,卖盘
1233,11:26:39,5.38,0.01,561,301850,买盘
1234,11:26:35,5.37,-0.01,251,134787,卖盘
1235,11:26:30,5.38,0.01,39,20982,买盘
1236,11:26:24,5.37,-0.01,59,31683,卖盘
1237,11:26:20,5.38,0.01,17,9146,买盘
1238,11:26:15,5.37,--,77,41778,卖盘
1239,11:26:09,5.37,-0.01,103,55311,卖盘
1240,11:26:00,5.38,--,22,11836,买盘
1241,11:25:54,5.38,--,50,26900,买盘
1242,11:25:50,5.38,--,105,56490,买盘
1243,11:25:45,5.38,0.01,37,19906,买盘
1244,11:25:39,5.37,--,395,212115,卖盘
1245,11:25:35,5.37,--,30,16110,卖盘
1246,11:25:30,5.37,--,157,84309,卖盘
1247,11:25:24,5.37,-0.01,170,91290,卖盘
1248,11:25:20,5.38,0.01,20,10760,买盘
1249,11:25:15,5.37,--,247,132639,卖盘
1250,11:25:09,5.37,--,910,488670,卖盘
1251,11:25:05,5.37,--,555,298035,卖盘
1252,11:24:59,5.37,-0.01,300,161100,卖盘
1253,11:24:54,5.38,--,10,5380,买盘
1254,11:24:24,5.38,0.01,210,112980,买盘
1255,11:24:19,5.37,-0.01,273,146601,卖盘
1256,11:24:14,5.38,--,2,1076,买盘
1257,11:24:09,5.38,--,91,48958,买盘
1258,11:23:59,5.38,0.01,500,269000,买盘
1259,11:23:54,5.37,--,674,361938,卖盘
1260,11:23:48,5.37,-0.01,21,11277,卖盘
1261,11:23:44,5.38,--,10,5380,买盘
1262,11:23:39,5.38,0.01,193,103834,买盘
1263,11:23:33,5.37,--,78,41886,卖盘
1264,11:23:29,5.37,--,410,220170,卖盘
1265,11:23:24,5.37,--,515,276555,卖盘
1266,11:23:18,5.37,--,78,41886,卖盘
1267,11:23:14,5.37,-0.01,4,2148,卖盘
1268,11:23:09,5.38,--,922,496036,买盘
1269,11:23:03,5.38,--,2020,1086760,买盘
1270,11:22:54,5.38,--,22,11836,买盘
1271,11:22:48,5.38,0.01,16,8608,买盘
1272,11:22:39,5.37,-0.01,116,62292,卖盘
1273,11:22:33,5.38,--,82,44116,买盘
1274,11:22:29,5.38,--,36,19368,买盘
1275,11:22:24,5.38,0.01,204,109752,买盘
1276,11:22:18,5.37,-0.01,130,69810,卖盘
1277,11:22:09,5.38,--,316,170008,买盘
1278,11:22:03,5.38,0.01,174,93612,买盘
1279,11:21:59,5.37,-0.01,80,42960,卖盘
1280,11:21:54,5.38,--,30,16140,买盘
1281,11:21:48,5.38,--,58,31204,买盘
1282,11:21:44,5.38,--,10,5380,买盘
1283,11:21:39,5.38,--,769,413888,卖盘
1284,11:21:33,5.38,--,1043,561134,卖盘
1285,11:21:29,5.38,--,89,47882,卖盘
1286,11:21:24,5.38,--,100,53800,卖盘
1287,11:21:18,5.38,--,706,379828,卖盘
1288,11:21:14,5.38,--,246,132348,卖盘
1289,11:21:03,5.38,--,841,452727,卖盘
1290,11:20:54,5.38,--,18,9684,卖盘
1291,11:20:48,5.38,--,82,44116,卖盘
1292,11:20:44,5.38,--,30,16140,卖盘
1293,11:20:39,5.38,--,181,97378,卖盘
1294,11:20:33,5.38,--,51,27787,卖盘
1295,11:20:29,5.38,--,500,269000,卖盘
1296,11:20:24,5.38,--,502,270076,卖盘
1297,11:20:18,5.38,--,1841,990458,卖盘
1298,11:20:14,5.38,--,340,182920,卖盘
1299,11:20:09,5.38,--,256,137728,卖盘
1300,11:20:03,5.38,--,297,159786,卖盘
1301,11:19:59,5.38,-0.01,50,26900,卖盘
1302,11:19:54,5.39,--,202,108878,买盘
1303,11:19:48,5.39,0.01,50,26950,买盘
1304,11:19:44,5.38,--,63,33894,卖盘
1305,11:19:39,5.38,--,280,150640,卖盘
1306,11:19:33,5.38,-0.01,94,50572,卖盘
1307,11:19:24,5.39,0.01,11,5929,买盘
1308,11:19:18,5.38,--,26,13988,卖盘
1309,11:19:14,5.38,--,500,269000,卖盘
1310,11:19:09,5.38,--,250,134500,卖盘
1311,11:19:03,5.38,--,250,134500,卖盘
1312,11:18:44,5.38,--,503,270883,卖盘
1313,11:18:39,5.38,--,10,5380,卖盘
1314,11:18:33,5.38,--,310,166780,卖盘
1315,11:18:29,5.38,--,310,166780,卖盘
1316,11:18:24,5.38,-0.01,918,493884,卖盘
1317,11:18:18,5.39,--,22,11858,买盘
1318,11:18:09,5.39,0.01,5,2695,买盘
1319,11:18:02,5.38,--,816,439008,卖盘
1320,11:17:44,5.38,--,24,12912,卖盘
1321,11:17:39,5.38,--,32,17216,卖盘
1322,11:17:33,5.38,--,39,20982,卖盘
1323,11:17:23,5.38,-0.01,34,18292,卖盘
1324,11:17:18,5.39,0.01,10,5390,买盘
1325,11:17:08,5.38,--,330,177540,卖盘
1326,11:17:03,5.38,--,39,20982,卖盘
1327,11:16:59,5.38,-0.01,25,13450,卖盘
1328,11:16:53,5.39,0.01,2,1078,买盘
1329,11:16:48,5.38,-0.01,10,5380,卖盘
1330,11:16:42,5.39,0.01,28,15092,买盘
1331,11:16:38,5.38,-0.01,7,3766,卖盘
1332,11:16:33,5.39,0.01,502,270578,买盘
1333,11:16:27,5.38,--,15,8070,卖盘
1334,11:16:23,5.38,--,40,21520,卖盘
1335,11:16:03,5.38,--,388,208744,卖盘
1336,11:15:57,5.38,--,450,242100,卖盘
1337,11:15:53,5.38,--,79,42502,卖盘
1338,11:15:48,5.38,--,103,55414,卖盘
1339,11:15:42,5.38,-0.01,10,5380,卖盘
1340,11:15:26,5.39,0.01,100,53900,买盘
1341,11:15:23,5.38,-0.01,60,32280,卖盘
1342,11:15:18,5.39,0.01,825,444675,买盘
1343,11:15:12,5.38,--,986,530737,卖盘
1344,11:15:08,5.38,--,5,2690,卖盘
1345,11:15:03,5.38,--,120,64560,卖盘
1346,11:14:57,5.38,--,706,379903,卖盘
1347,11:14:53,5.38,-0.01,11,6343,卖盘
1348,11:14:48,5.39,--,14,7546,买盘
1349,11:14:42,5.39,0.01,10,5390,买盘
1350,11:14:33,5.38,--,301,161938,卖盘
1351,11:14:27,5.38,--,293,157634,卖盘
1352,11:14:23,5.38,--,10,5380,卖盘
1353,11:14:18,5.38,-0.01,71,38198,卖盘
1354,11:14:12,5.39,0.01,5,2695,买盘
1355,11:14:08,5.38,-0.01,293,157634,卖盘
1356,11:14:03,5.39,--,93,50127,买盘
1357,11:13:56,5.39,--,63,33957,买盘
1358,11:13:53,5.39,--,225,121275,买盘
1359,11:13:48,5.39,--,435,234465,买盘
1360,11:13:42,5.39,0.01,67,36113,买盘
1361,11:13:26,5.38,--,132,71016,卖盘
1362,11:13:23,5.38,--,545,293210,卖盘
1363,11:13:18,5.38,-0.01,116,62408,卖盘
1364,11:13:11,5.39,0.01,210,113190,买盘
1365,11:13:08,5.38,--,205,110290,卖盘
1366,11:13:03,5.38,-0.01,20,10760,卖盘
1367,11:12:57,5.39,--,31,16709,买盘
1368,11:12:53,5.39,--,82,44198,买盘
1369,11:12:41,5.39,0.01,266,143374,买盘
1370,11:12:32,5.38,--,108,58104,卖盘
1371,11:12:26,5.38,-0.01,126,67788,卖盘
1372,11:12:23,5.39,0.01,250,134750,买盘
1373,11:12:18,5.38,--,80,43040,卖盘
1374,11:12:11,5.38,--,458,246404,卖盘
1375,11:12:02,5.38,--,107,57566,卖盘
1376,11:11:56,5.38,--,957,514866,卖盘
1377,11:11:47,5.38,--,281,151178,卖盘
1378,11:11:41,5.38,--,420,225960,卖盘
1379,11:11:38,5.38,--,26,13988,卖盘
1380,11:11:32,5.38,--,353,189914,卖盘
1381,11:11:26,5.38,--,482,259316,卖盘
1382,11:11:23,5.38,-0.01,80,43040,卖盘
1383,11:11:17,5.39,0.01,371,199969,买盘
1384,11:11:11,5.38,--,240,129120,卖盘
1385,11:11:08,5.38,--,30,16140,卖盘
1386,11:11:02,5.38,--,709,381442,卖盘
1387,11:10:56,5.38,--,101,54338,卖盘
1388,11:10:52,5.38,--,272,146336,卖盘
1389,11:10:47,5.38,--,1165,626770,卖盘
1390,11:10:41,5.38,--,312,168281,卖盘
1391,11:10:38,5.38,--,44,23672,卖盘
1392,11:10:32,5.38,--,713,383594,卖盘
1393,11:10:26,5.38,0.01,4389,2361723,买盘
1394,11:10:22,5.37,--,540,289980,卖盘
1395,11:10:17,5.37,--,233,125121,卖盘
1396,11:10:11,5.37,--,171,91827,卖盘
1397,11:10:05,5.37,--,793,425841,卖盘
1398,11:10:02,5.37,--,1343,721191,卖盘
1399,11:09:56,5.37,-0.01,979,525723,卖盘
1400,11:09:50,5.38,0.01,67,36046,买盘
1401,11:09:47,5.37,-0.01,222,119214,卖盘
1402,11:09:41,5.38,0.01,57,30666,买盘
1403,11:09:35,5.37,--,935,502390,卖盘
1404,11:09:32,5.37,--,27,14499,卖盘
1405,11:09:26,5.37,-0.01,226,121362,卖盘
1406,11:09:20,5.38,0.01,735,395430,买盘
1407,11:09:11,5.37,-0.01,253,135861,卖盘
1408,11:09:05,5.38,--,1680,904205,卖盘
1409,11:09:02,5.38,--,1221,656898,卖盘
1410,11:08:56,5.38,--,976,525088,卖盘
1411,11:08:50,5.38,--,531,286011,卖盘
1412,11:08:47,5.38,--,15,8070,卖盘
1413,11:08:41,5.38,--,810,435780,卖盘
1414,11:08:35,5.38,--,746,401348,卖盘
1415,11:08:32,5.38,--,1506,810271,卖盘
1416,11:08:26,5.38,--,80,43040,卖盘
1417,11:08:20,5.38,--,270,145260,卖盘
1418,11:08:17,5.38,--,927,498726,卖盘
1419,11:08:05,5.38,--,914,492001,卖盘
1420,11:08:02,5.38,--,10,5380,卖盘
1421,11:07:50,5.38,--,310,166780,卖盘
1422,11:07:47,5.38,--,108,58104,卖盘
1423,11:07:41,5.38,--,214,115132,卖盘
1424,11:07:35,5.38,--,138,74244,卖盘
1425,11:07:32,5.38,--,25,13450,卖盘
1426,11:07:26,5.38,--,310,167274,卖盘
1427,11:07:20,5.38,--,1820,979160,卖盘
1428,11:07:11,5.38,--,32,17216,卖盘
1429,11:07:05,5.38,--,250,134699,卖盘
1430,11:07:02,5.38,--,82,44116,卖盘
1431,11:06:56,5.38,--,487,262006,卖盘
1432,11:06:50,5.38,--,449,241562,卖盘
1433,11:06:47,5.38,-0.01,1053,566514,卖盘
1434,11:06:41,5.39,0.01,411,221529,买盘
1435,11:06:35,5.38,--,36,19368,卖盘
1436,11:06:32,5.38,--,181,97378,卖盘
1437,11:06:26,5.38,--,1436,772568,卖盘
1438,11:06:20,5.38,-0.01,145,78010,卖盘
1439,11:06:17,5.39,0.01,856,461384,买盘
1440,11:06:11,5.38,--,400,215399,卖盘
1441,11:06:05,5.38,-0.01,681,366851,卖盘
1442,11:06:02,5.39,0.01,1051,566489,买盘
1443,11:05:56,5.38,--,73,39274,卖盘
1444,11:05:50,5.38,--,518,278684,卖盘
1445,11:05:41,5.38,-0.01,853,458914,卖盘
1446,11:05:35,5.39,0.01,198,106722,买盘
1447,11:05:32,5.38,--,230,123740,卖盘
1448,11:05:26,5.38,--,1009,542842,卖盘
1449,11:05:20,5.38,--,313,168394,卖盘
1450,11:05:17,5.38,--,650,349700,卖盘
1451,11:05:11,5.38,--,900,484200,卖盘
1452,11:05:05,5.38,--,150,80700,卖盘
1453,11:05:01,5.38,--,2,1076,卖盘
1454,11:04:56,5.38,--,1850,995300,卖盘
1455,11:04:50,5.38,--,413,222194,卖盘
1456,11:04:47,5.38,--,133,71823,卖盘
1457,11:04:41,5.38,--,3,1614,卖盘
1458,11:04:35,5.38,--,81,43578,卖盘
1459,11:04:26,5.38,--,357,192066,卖盘
1460,11:04:20,5.38,--,1075,578393,卖盘
1461,11:04:17,5.38,-0.01,249,133962,卖盘
1462,11:04:11,5.39,0.01,47,25333,买盘
1463,11:04:05,5.38,-0.01,3705,1993290,卖盘
1464,11:04:01,5.39,0.01,143,77077,买盘
1465,11:03:56,5.38,--,427,229726,卖盘
1466,11:03:50,5.38,--,300,161400,卖盘
1467,11:03:41,5.38,--,1060,570280,卖盘
1468,11:03:35,5.38,--,764,411032,卖盘
1469,11:03:26,5.38,--,20,10760,卖盘
1470,11:03:20,5.38,--,2295,1234710,卖盘
1471,11:03:16,5.38,-0.01,6,3228,卖盘
1472,11:03:11,5.39,0.01,1010,544390,买盘
1473,11:03:05,5.38,--,377,202826,卖盘
1474,11:02:56,5.38,--,730,392740,卖盘
1475,11:02:46,5.38,--,80,43040,卖盘
1476,11:02:41,5.38,--,326,175388,卖盘
1477,11:02:35,5.38,--,166,89308,卖盘
1478,11:02:26,5.38,--,216,116208,卖盘
1479,11:02:20,5.38,--,986,530468,卖盘
1480,11:02:14,5.38,--,628,337864,卖盘
1481,11:02:11,5.38,--,140,75320,卖盘
1482,11:02:05,5.38,-0.01,420,225960,卖盘
1483,11:01:59,5.39,--,80,43120,买盘
1484,11:01:56,5.39,0.01,49,26411,买盘
1485,11:01:50,5.38,--,250,134500,卖盘
1486,11:01:44,5.38,--,102,54876,卖盘
1487,11:01:41,5.38,--,246,132348,卖盘
1488,11:01:35,5.38,--,317,170546,卖盘
1489,11:01:29,5.38,-0.01,454,244252,卖盘
1490,11:01:26,5.39,0.01,800,431200,买盘
1491,11:01:20,5.38,--,706,379828,卖盘
1492,11:01:14,5.38,--,701,377138,卖盘
1493,11:01:11,5.38,--,541,291058,卖盘
1494,11:01:05,5.38,--,752,404576,卖盘
1495,11:00:59,5.38,-0.01,116,62408,卖盘
1496,11:00:56,5.39,--,100,53900,买盘
1497,11:00:50,5.39,--,217,116963,买盘
1498,11:00:44,5.39,0.01,55,29645,买盘
1499,11:00:41,5.38,--,609,327642,卖盘
1500,11:00:35,5.38,--,378,203364,卖盘
1501,11:00:29,5.38,--,510,274380,卖盘
1502,11:00:26,5.38,--,1413,760194,卖盘
1503,11:00:20,5.38,--,167,89846,卖盘
1504,11:00:14,5.38,--,1118,601484,卖盘
1505,11:00:11,5.38,--,1335,718230,卖盘
1506,11:00:05,5.38,--,1491,802158,卖盘
1507,10:59:59,5.38,--,294,158172,卖盘
1508,10:59:56,5.38,--,156,83928,卖盘
1509,10:59:50,5.38,--,75,40350,卖盘
1510,10:59:44,5.38,--,985,529930,卖盘
1511,10:59:41,5.38,-0.01,311,167318,卖盘
1512,10:59:35,5.39,0.01,640,344960,买盘
1513,10:59:29,5.38,-0.01,110,59180,卖盘
1514,10:59:26,5.39,0.01,287,154693,买盘
1515,10:59:20,5.38,-0.01,214,115132,卖盘
1516,10:59:14,5.39,--,55,29645,买盘
1517,10:59:11,5.39,--,30,16169,买盘
1518,10:59:05,5.39,--,193,104027,买盘
1519,10:58:59,5.39,--,10236,5517279,卖盘
1520,10:58:56,5.39,--,20,10780,卖盘
1521,10:58:50,5.39,-0.01,1376,741664,卖盘
1522,10:58:44,5.4,0.01,488,263520,买盘
1523,10:58:41,5.39,-0.01,168,90552,卖盘
1524,10:58:35,5.4,0.01,35,18900,买盘
1525,10:58:29,5.39,-0.01,368,198352,卖盘
1526,10:58:26,5.4,0.01,31,16740,买盘
1527,10:58:20,5.39,--,155,83545,卖盘
1528,10:58:14,5.39,--,246,132594,卖盘
1529,10:58:11,5.39,--,10,5390,卖盘
1530,10:58:05,5.39,--,276,148764,卖盘
1531,10:57:59,5.39,--,304,163856,卖盘
1532,10:57:56,5.39,--,121,65218,卖盘
1533,10:57:50,5.39,-0.01,684,368676,卖盘
1534,10:57:44,5.4,0.01,1290,696600,买盘
1535,10:57:40,5.39,--,246,132594,卖盘
1536,10:57:35,5.39,--,245,132055,卖盘
1537,10:57:29,5.39,--,246,132594,卖盘
1538,10:57:26,5.39,--,14,7546,卖盘
1539,10:57:20,5.39,--,152,81928,卖盘
1540,10:57:10,5.39,--,100,53900,卖盘
1541,10:56:59,5.39,--,126,67914,卖盘
1542,10:56:44,5.39,-0.01,36,19404,卖盘
1543,10:56:35,5.4,0.01,10,5400,买盘
1544,10:56:29,5.39,-0.01,58,31261,卖盘
1545,10:56:20,5.4,--,40,21600,买盘
1546,10:56:14,5.4,--,210,113400,买盘
1547,10:56:05,5.4,--,100,54000,买盘
1548,10:55:59,5.4,0.01,18,9720,买盘
1549,10:55:50,5.39,--,466,251173,卖盘
1550,10:55:44,5.39,--,310,167090,卖盘
1551,10:55:35,5.39,--,124,66836,卖盘
1552,10:55:29,5.39,--,145,78155,卖盘
1553,10:55:25,5.39,--,296,159544,卖盘
1554,10:55:20,5.39,--,178,95942,卖盘
1555,10:55:14,5.39,--,620,334180,卖盘
1556,10:55:09,5.39,--,501,270039,卖盘
1557,10:55:05,5.39,--,1125,606375,卖盘
1558,10:54:59,5.39,--,98,52822,卖盘
1559,10:54:50,5.39,--,391,210749,卖盘
1560,10:54:44,5.39,--,88,47432,卖盘
1561,10:54:38,5.39,--,50,26950,卖盘
1562,10:54:35,5.39,-0.01,198,106722,卖盘
1563,10:54:29,5.4,--,48,25920,买盘
1564,10:54:20,5.4,0.01,92,49680,买盘
1565,10:54:08,5.39,-0.01,146,78694,卖盘
1566,10:53:59,5.4,--,19,10260,卖盘
1567,10:53:50,5.4,--,118,63720,卖盘
1568,10:53:44,5.4,--,59,31860,卖盘
1569,10:53:38,5.4,0.01,67,36644,买盘
1570,10:53:35,5.39,--,129,69531,卖盘
1571,10:53:29,5.39,-0.01,251,135364,卖盘
1572,10:53:23,5.4,0.01,1876,1013504,买盘
1573,10:53:14,5.39,-0.01,98,52822,卖盘
1574,10:53:08,5.4,--,5,2700,买盘
1575,10:53:05,5.4,0.01,20,10800,买盘
1576,10:52:59,5.39,--,138,74382,卖盘
1577,10:52:53,5.39,-0.01,100,53900,卖盘
1578,10:52:50,5.4,0.01,102,55080,买盘
1579,10:52:44,5.39,-0.01,152,81928,卖盘
1580,10:52:38,5.4,0.01,736,397440,买盘
1581,10:52:35,5.39,-0.01,150,80850,卖盘
1582,10:52:29,5.4,0.01,15,8100,买盘
1583,10:52:23,5.39,--,196,105644,卖盘
1584,10:52:20,5.39,-0.01,246,132594,卖盘
1585,10:52:14,5.4,--,112,60480,买盘
1586,10:52:08,5.4,0.01,35,18900,买盘
1587,10:52:05,5.39,-0.01,20,10780,卖盘
1588,10:51:59,5.4,--,128,69120,买盘
1589,10:51:53,5.4,--,132,71355,卖盘
1590,10:51:44,5.4,--,8,4784,卖盘
1591,10:51:38,5.4,--,553,298620,卖盘
1592,10:51:35,5.4,--,10,5400,卖盘
1593,10:51:29,5.4,--,2282,1232280,买盘
1594,10:51:23,5.4,--,127,68580,买盘
1595,10:51:19,5.4,--,53,28620,买盘
1596,10:51:14,5.4,--,500,270000,买盘
1597,10:51:08,5.4,--,152,82080,买盘
1598,10:50:59,5.4,--,80,43200,买盘
1599,10:50:50,5.4,0.01,10,5400,买盘
1600,10:50:44,5.39,-0.01,507,273273,卖盘
1601,10:50:38,5.4,0.01,2500,1350000,买盘
1602,10:50:34,5.39,--,32,17248,卖盘
1603,10:50:29,5.39,--,213,114807,卖盘
1604,10:50:23,5.39,--,11,5929,卖盘
1605,10:50:14,5.39,--,72,38808,卖盘
1606,10:50:08,5.39,--,125,67375,卖盘
1607,10:50:04,5.39,--,38,20482,卖盘
1608,10:49:59,5.39,-0.01,4,2156,卖盘
1609,10:49:53,5.4,0.01,1997,1078380,买盘
1610,10:49:49,5.39,--,11,5929,卖盘
1611,10:49:44,5.39,--,688,370832,卖盘
1612,10:49:38,5.39,--,7,3773,卖盘
1613,10:49:29,5.39,--,297,160083,卖盘
1614,10:49:23,5.39,--,23,12397,卖盘
1615,10:49:19,5.39,--,8,4312,卖盘
1616,10:49:14,5.39,--,688,370832,卖盘
1617,10:49:08,5.39,--,128,68992,卖盘
1618,10:48:59,5.39,--,710,382690,卖盘
1619,10:48:53,5.39,--,90,48510,卖盘
1620,10:48:49,5.39,--,50,26950,卖盘
1621,10:48:44,5.39,--,75,40425,卖盘
1622,10:48:38,5.39,--,5,2695,卖盘
1623,10:48:29,5.39,--,32,17248,卖盘
1624,10:48:19,5.39,--,60,32339,卖盘
1625,10:48:14,5.39,--,92,49588,卖盘
1626,10:48:08,5.39,-0.01,34,18326,卖盘
1627,10:48:04,5.4,0.01,34,18360,买盘
1628,10:47:59,5.39,-0.01,155,83545,卖盘
1629,10:47:53,5.4,0.01,73,39420,买盘
1630,10:47:44,5.39,--,888,478632,卖盘
1631,10:47:38,5.39,--,229,123430,卖盘
1632,10:47:29,5.39,--,110,59290,卖盘
1633,10:47:23,5.39,-0.01,108,58212,卖盘
1634,10:47:14,5.4,0.01,35,18900,买盘
1635,10:46:59,5.39,-0.01,5,2695,卖盘
1636,10:46:53,5.4,0.01,7,3780,买盘
1637,10:46:44,5.39,-0.01,204,109956,卖盘
1638,10:46:38,5.4,0.01,5,2700,买盘
1639,10:46:32,5.39,--,191,102949,卖盘
1640,10:46:23,5.39,--,155,83545,卖盘
1641,10:46:17,5.39,-0.01,80,43120,卖盘
1642,10:46:14,5.4,0.01,373,201420,买盘
1643,10:46:08,5.39,-0.01,178,95942,卖盘
1644,10:46:02,5.4,--,134,72360,买盘
1645,10:45:59,5.4,0.01,10,5400,买盘
1646,10:45:53,5.39,-0.01,354,190806,卖盘
1647,10:45:47,5.4,0.01,60,32400,买盘
1648,10:45:44,5.39,--,65,35035,卖盘
1649,10:45:38,5.39,--,989,533071,卖盘
1650,10:45:32,5.39,--,366,197274,卖盘
1651,10:45:29,5.39,-0.01,118,63601,卖盘
1652,10:45:23,5.4,0.01,84,45360,买盘
1653,10:45:17,5.39,-0.01,1267,682913,卖盘
1654,10:45:14,5.4,0.01,200,108000,买盘
1655,10:45:08,5.39,--,376,202664,卖盘
1656,10:45:02,5.39,-0.01,418,225302,卖盘
1657,10:44:59,5.4,--,34,18360,买盘
1658,10:44:53,5.4,--,10,5400,买盘
1659,10:44:47,5.4,--,437,235980,买盘
1660,10:44:38,5.4,--,117,63180,买盘
1661,10:44:32,5.4,--,184,99802,卖盘
1662,10:44:23,5.4,--,41,22140,卖盘
1663,10:44:13,5.4,--,95,51300,卖盘
1664,10:44:08,5.4,--,12,6480,卖盘
1665,10:44:02,5.4,--,300,162000,卖盘
1666,10:43:53,5.4,--,11,5940,卖盘
1667,10:43:47,5.4,--,88,47520,卖盘
1668,10:43:43,5.4,--,404,218160,卖盘
1669,10:43:38,5.4,--,1104,596160,卖盘
1670,10:43:32,5.4,--,11,5940,卖盘
1671,10:43:28,5.4,--,1550,837000,卖盘
1672,10:43:23,5.4,--,48,25920,卖盘
1673,10:43:13,5.4,--,128,69120,卖盘
1674,10:43:08,5.4,--,100,54000,卖盘
1675,10:42:53,5.4,--,1000,540000,卖盘
1676,10:42:47,5.4,--,7,3780,卖盘
1677,10:42:43,5.4,--,200,108000,卖盘
1678,10:42:38,5.4,--,21,11340,卖盘
1679,10:42:32,5.4,--,33,17820,卖盘
1680,10:42:28,5.4,--,291,157140,卖盘
1681,10:42:23,5.4,--,181,97740,卖盘
1682,10:42:17,5.4,--,192,103680,卖盘
1683,10:42:13,5.4,--,907,489780,卖盘
1684,10:42:08,5.4,--,382,206280,卖盘
1685,10:42:02,5.4,-0.01,394,212760,卖盘
1686,10:41:58,5.41,0.01,146,78986,买盘
1687,10:41:53,5.4,--,101,54540,卖盘
1688,10:41:47,5.4,--,14,7560,卖盘
1689,10:41:43,5.4,--,346,186840,卖盘
1690,10:41:38,5.4,--,162,87480,卖盘
1691,10:41:28,5.4,--,390,210600,卖盘
1692,10:41:23,5.4,--,1293,698220,卖盘
1693,10:41:17,5.4,--,473,255420,卖盘
1694,10:41:13,5.4,--,1356,732240,卖盘
1695,10:41:08,5.4,--,124,66960,卖盘
1696,10:41:02,5.4,--,1355,731700,卖盘
1697,10:40:53,5.4,--,100,54000,卖盘
1698,10:40:47,5.4,--,311,167940,卖盘
1699,10:40:43,5.4,--,310,167400,卖盘
1700,10:40:32,5.4,--,391,211140,卖盘
1701,10:40:23,5.4,--,55,29700,卖盘
1702,10:40:17,5.4,--,270,145800,卖盘
1703,10:40:13,5.4,--,363,196020,卖盘
1704,10:40:08,5.4,--,2011,1085940,卖盘
1705,10:40:02,5.4,--,241,130140,卖盘
1706,10:39:57,5.4,--,154,83160,卖盘
1707,10:39:53,5.4,--,365,197100,卖盘
1708,10:39:47,5.4,--,1572,848880,卖盘
1709,10:39:43,5.4,--,1,540,卖盘
1710,10:39:38,5.4,--,146,78840,卖盘
1711,10:39:32,5.4,--,2629,1419660,卖盘
1712,10:39:23,5.4,--,311,167940,卖盘
1713,10:39:17,5.4,--,3067,1656595,卖盘
1714,10:39:11,5.4,--,285,153900,卖盘
1715,10:39:08,5.4,--,3106,1677240,卖盘
1716,10:39:02,5.4,--,516,278640,卖盘
1717,10:38:56,5.4,--,740,399600,卖盘
1718,10:38:53,5.4,--,196,105840,卖盘
1719,10:38:47,5.4,--,139,75060,卖盘
1720,10:38:41,5.4,--,155,83700,卖盘
1721,10:38:38,5.4,-0.01,185,99900,卖盘
1722,10:38:32,5.41,--,1,541,买盘
1723,10:38:26,5.41,0.01,582,314862,买盘
1724,10:38:17,5.4,--,121,65340,卖盘
1725,10:38:11,5.4,-0.01,17,9180,卖盘
1726,10:38:02,5.41,0.01,2,1082,买盘
1727,10:37:56,5.4,--,89,48060,卖盘
1728,10:37:47,5.4,-0.01,118,63720,卖盘
1729,10:37:41,5.41,--,240,129840,买盘
1730,10:37:37,5.41,0.01,17,9197,买盘
1731,10:37:32,5.4,-0.01,5,2700,卖盘
1732,10:37:26,5.41,--,10,5410,买盘
1733,10:37:17,5.41,0.01,200,108200,买盘
1734,10:37:11,5.4,-0.01,10,5400,卖盘
1735,10:36:56,5.41,0.01,145,78445,买盘
1736,10:36:52,5.4,-0.01,30,16200,卖盘
1737,10:36:47,5.41,0.01,98,53018,买盘
1738,10:36:41,5.4,-0.01,19,10260,卖盘
1739,10:36:26,5.41,--,129,69789,买盘
1740,10:36:11,5.41,0.01,40,21640,买盘
1741,10:36:07,5.4,--,174,93960,卖盘
1742,10:36:02,5.4,--,11,6274,卖盘
1743,10:35:56,5.4,--,17,9180,卖盘
1744,10:35:41,5.4,--,109,58860,卖盘
1745,10:35:37,5.4,-0.01,300,162000,卖盘
1746,10:35:32,5.41,0.01,260,140660,买盘
1747,10:35:26,5.4,--,100,54000,卖盘
1748,10:35:17,5.4,--,80,43200,卖盘
1749,10:35:11,5.4,-0.01,109,58860,卖盘
1750,10:35:02,5.41,0.01,223,120643,买盘
1751,10:34:56,5.4,--,283,152820,卖盘
1752,10:34:47,5.4,-0.01,17,9180,卖盘
1753,10:34:41,5.41,0.01,1,541,买盘
1754,10:34:37,5.4,-0.01,81,43740,卖盘
1755,10:34:32,5.41,0.01,186,100626,买盘
1756,10:34:26,5.4,-0.01,117,63180,卖盘
1757,10:34:17,5.41,0.01,4,2164,买盘
1758,10:34:02,5.4,--,5,2700,卖盘
1759,10:33:56,5.4,-0.01,1,540,卖盘
1760,10:33:47,5.41,0.01,82,44362,买盘
1761,10:33:41,5.4,-0.01,169,91260,卖盘
1762,10:33:37,5.41,--,158,85478,买盘
1763,10:33:32,5.41,--,51,27591,买盘
1764,10:33:26,5.41,0.01,55,29755,买盘
1765,10:33:17,5.4,--,20,10800,卖盘
1766,10:33:11,5.4,-0.01,109,58860,卖盘
1767,10:33:02,5.41,0.01,161,87101,买盘
1768,10:32:41,5.4,-0.01,100,54000,卖盘
1769,10:32:26,5.41,0.01,53,28673,买盘
1770,10:32:11,5.4,-0.01,250,135000,卖盘
1771,10:32:07,5.41,0.01,4,2164,买盘
1772,10:32:02,5.4,--,88,47520,卖盘
1773,10:31:47,5.4,-0.01,6,3240,卖盘
1774,10:31:41,5.41,--,38,20558,买盘
1775,10:31:35,5.41,0.01,101,54641,买盘
1776,10:31:32,5.4,-0.01,29,15660,卖盘
1777,10:31:20,5.41,0.01,1,541,买盘
1778,10:31:11,5.4,-0.01,11,5940,卖盘
1779,10:31:05,5.41,0.01,474,256434,买盘
1780,10:30:56,5.4,-0.01,243,131220,卖盘
1781,10:30:50,5.41,--,2002,1083082,买盘
1782,10:30:46,5.41,0.01,20,10820,买盘
1783,10:30:41,5.4,-0.01,572,308880,卖盘
1784,10:30:35,5.41,--,7,3787,买盘
1785,10:30:31,5.41,0.01,101,54641,买盘
1786,10:30:26,5.4,--,38,20520,卖盘
1787,10:30:20,5.4,-0.01,419,226260,卖盘
1788,10:30:16,5.41,0.01,57,30837,买盘
1789,10:30:05,5.4,-0.01,233,125820,卖盘
1790,10:30:01,5.41,0.01,52,28132,买盘
1791,10:29:56,5.4,--,58,31320,卖盘
1792,10:29:50,5.4,-0.01,246,132840,卖盘
1793,10:29:46,5.41,--,11,5951,买盘
1794,10:29:41,5.41,--,9,4869,买盘
1795,10:29:35,5.41,--,52,28132,买盘
1796,10:29:31,5.41,--,46,24886,买盘
1797,10:29:26,5.41,--,1,541,买盘
1798,10:29:20,5.41,--,21,11361,买盘
1799,10:29:11,5.41,--,2,1082,买盘
1800,10:29:05,5.41,--,106,57346,买盘
1801,10:28:56,5.41,0.01,8,4328,买盘
1802,10:28:50,5.4,--,480,259200,卖盘
1803,10:28:35,5.4,--,154,83160,卖盘
1804,10:28:26,5.4,-0.01,200,108000,卖盘
1805,10:28:20,5.41,--,19,10279,买盘
1806,10:28:11,5.41,0.01,38,20558,买盘
1807,10:28:05,5.4,--,58,31320,卖盘
1808,10:28:01,5.4,--,188,101520,卖盘
1809,10:27:56,5.4,-0.01,8,4320,卖盘
1810,10:27:50,5.41,--,43,23263,买盘
1811,10:27:46,5.41,--,19,10279,买盘
1812,10:27:41,5.41,0.01,13,7033,买盘
1813,10:27:35,5.4,--,217,117180,卖盘
1814,10:27:31,5.4,--,12,6480,卖盘
1815,10:27:26,5.4,--,133,71820,卖盘
1816,10:27:20,5.4,--,40,21600,卖盘
1817,10:27:11,5.4,--,35,18900,卖盘
1818,10:27:05,5.4,--,246,132840,卖盘
1819,10:27:01,5.4,--,101,54540,卖盘
1820,10:26:56,5.4,-0.01,5,2970,卖盘
1821,10:26:50,5.41,--,45,24345,买盘
1822,10:26:35,5.41,0.01,1,541,买盘
1823,10:26:26,5.4,--,68,36720,卖盘
1824,10:26:20,5.4,--,21,11340,卖盘
1825,10:26:16,5.4,--,165,89100,卖盘
1826,10:26:11,5.4,-0.01,238,128520,卖盘
1827,10:26:01,5.41,--,55,29755,买盘
1828,10:25:56,5.41,0.01,33,17853,买盘
1829,10:25:41,5.4,-0.01,100,54000,卖盘
1830,10:25:35,5.41,0.01,59,31919,买盘
1831,10:25:11,5.4,--,703,379620,卖盘
1832,10:25:05,5.4,-0.01,596,321840,卖盘
1833,10:24:20,5.41,0.01,6,3246,买盘
1834,10:24:11,5.4,--,62,33480,卖盘
1835,10:23:49,5.4,--,200,108000,卖盘
1836,10:23:44,5.4,-0.01,18,9720,卖盘
1837,10:23:41,5.41,0.01,30,16230,买盘
1838,10:23:35,5.4,-0.01,20,10800,卖盘
1839,10:23:29,5.41,--,26,14066,买盘
1840,10:23:25,5.41,0.01,38,20558,买盘
1841,10:23:20,5.4,-0.01,1,540,卖盘
1842,10:23:05,5.41,0.01,167,90347,买盘
1843,10:22:59,5.4,--,189,102060,卖盘
1844,10:22:55,5.4,--,93,50220,卖盘
1845,10:22:50,5.4,-0.01,115,62100,卖盘
1846,10:22:44,5.41,0.01,1,541,买盘
1847,10:22:40,5.4,--,30,16200,卖盘
1848,10:22:35,5.4,-0.01,150,81000,卖盘
1849,10:22:29,5.41,0.01,1,541,买盘
1850,10:22:25,5.4,-0.01,80,43200,卖盘
1851,10:22:19,5.41,--,126,68166,买盘
1852,10:22:14,5.41,0.01,230,124430,买盘
1853,10:22:05,5.4,--,203,109620,卖盘
1854,10:21:59,5.4,--,69,37260,卖盘
1855,10:21:55,5.4,--,204,110160,卖盘
1856,10:21:50,5.4,--,393,212220,卖盘
1857,10:21:44,5.4,--,454,245160,卖盘
1858,10:21:40,5.4,-0.01,41,22140,卖盘
1859,10:21:34,5.41,0.01,330,178865,买盘
1860,10:21:29,5.4,-0.01,13,7020,卖盘
1861,10:21:20,5.41,--,213,115568,买盘
1862,10:21:14,5.41,--,2,1082,买盘
1863,10:21:04,5.41,0.01,178,96298,买盘
1864,10:20:59,5.4,--,99,53460,卖盘
1865,10:20:29,5.4,-0.01,0,5,卖盘
1866,10:20:25,5.41,--,44,23804,买盘
1867,10:20:19,5.41,--,15,8115,买盘
1868,10:20:14,5.41,0.01,2,1082,买盘
1869,10:20:10,5.4,-0.01,50,27000,卖盘
1870,10:20:04,5.41,--,2,1082,买盘
1871,10:19:59,5.41,--,110,59510,买盘
1872,10:19:55,5.41,0.01,40,21640,买盘
1873,10:19:49,5.4,--,85,45900,卖盘
1874,10:19:35,5.4,--,612,330507,卖盘
1875,10:19:25,5.4,-0.01,73,39420,卖盘
1876,10:19:20,5.41,--,50,27050,买盘
1877,10:19:14,5.41,0.01,227,122807,买盘
1878,10:18:55,5.4,-0.01,37,19980,卖盘
1879,10:18:29,5.41,0.01,68,36788,买盘
1880,10:18:25,5.4,--,4,2160,卖盘
1881,10:18:20,5.4,--,76,41040,卖盘
1882,10:18:14,5.4,--,7,3780,卖盘
1883,10:18:10,5.4,--,3,1620,卖盘
1884,10:17:59,5.4,--,182,98280,卖盘
1885,10:17:54,5.4,--,37,19980,卖盘
1886,10:17:49,5.4,-0.01,100,54000,卖盘
1887,10:17:44,5.41,0.01,20,10820,买盘
1888,10:17:34,5.4,-0.01,341,184469,卖盘
1889,10:17:29,5.41,0.01,336,181776,买盘
1890,10:17:19,5.4,-0.01,3,1620,卖盘
1891,10:17:14,5.41,0.01,387,209367,买盘
1892,10:17:09,5.4,--,248,133920,卖盘
1893,10:17:04,5.4,--,84,45360,卖盘
1894,10:16:59,5.4,--,320,173129,卖盘
1895,10:16:54,5.4,--,25,13500,卖盘
1896,10:16:50,5.4,--,612,330809,卖盘
1897,10:16:44,5.4,--,2220,1198800,卖盘
1898,10:16:39,5.4,-0.01,116,62640,卖盘
1899,10:16:29,5.41,0.01,284,153644,买盘
1900,10:16:22,5.4,--,80,43200,卖盘
1901,10:16:19,5.4,--,381,205740,卖盘
1902,10:16:14,5.4,--,426,230040,卖盘
1903,10:16:08,5.4,--,16,8640,卖盘
1904,10:16:04,5.4,--,465,251429,卖盘
1905,10:15:59,5.4,-0.01,437,235980,卖盘
1906,10:15:49,5.41,--,90,48690,买盘
1907,10:15:44,5.41,--,200,108200,买盘
1908,10:15:38,5.41,0.01,578,312698,买盘
1909,10:15:34,5.4,--,108,58320,卖盘
1910,10:15:29,5.4,--,65,35100,卖盘
1911,10:15:23,5.4,-0.01,1,540,卖盘
1912,10:15:19,5.41,--,63,34083,买盘
1913,10:15:14,5.41,0.01,3,1623,买盘
1914,10:15:04,5.4,--,80,43200,卖盘
1915,10:14:58,5.4,--,74,39960,卖盘
1916,10:14:53,5.4,--,92,49680,卖盘
1917,10:14:49,5.4,-0.01,1,540,卖盘
1918,10:14:44,5.41,--,229,123889,买盘
1919,10:14:38,5.41,--,102,55182,买盘
1920,10:14:19,5.41,0.01,42,22722,买盘
1921,10:14:14,5.4,-0.01,146,78840,卖盘
1922,10:14:08,5.41,0.01,1,541,买盘
1923,10:13:58,5.4,--,1,540,卖盘
1924,10:13:53,5.4,-0.01,511,275940,卖盘
1925,10:13:49,5.41,0.01,4,2164,买盘
1926,10:13:23,5.4,-0.01,58,31320,卖盘
1927,10:13:19,5.41,--,78,42198,买盘
1928,10:13:13,5.41,--,50,27050,买盘
1929,10:13:04,5.41,--,100,54100,买盘
1930,10:12:59,5.41,--,82,44362,买盘
1931,10:12:53,5.41,--,97,52639,买盘
1932,10:12:49,5.41,0.01,84,45444,买盘
1933,10:12:44,5.4,--,2,1080,卖盘
1934,10:12:38,5.4,--,8,4320,卖盘
1935,10:12:34,5.4,-0.01,50,27000,卖盘
1936,10:12:22,5.41,0.01,286,154726,买盘
1937,10:12:19,5.4,-0.01,291,157140,卖盘
1938,10:12:14,5.41,--,130,70330,买盘
1939,10:12:08,5.41,--,168,90888,买盘
1940,10:11:53,5.41,0.01,235,127135,买盘
1941,10:11:49,5.4,-0.01,380,205200,卖盘
1942,10:11:44,5.41,--,568,307288,买盘
1943,10:11:38,5.41,0.01,19,10279,买盘
1944,10:11:29,5.4,-0.01,159,85860,卖盘
1945,10:11:23,5.41,0.01,108,58428,买盘
1946,10:11:19,5.4,--,25,13500,卖盘
1947,10:11:13,5.4,-0.01,1598,863055,卖盘
1948,10:11:08,5.41,--,55,29755,买盘
1949,10:11:04,5.41,--,5,2705,买盘
1950,10:10:59,5.41,--,244,132004,买盘
1951,10:10:53,5.41,--,13,7033,买盘
1952,10:10:48,5.41,0.01,36,19476,买盘
1953,10:10:44,5.4,-0.01,599,323956,卖盘
1954,10:10:38,5.41,--,80,43280,卖盘
1955,10:10:28,5.41,-0.01,16,8656,卖盘
1956,10:10:22,5.42,0.01,1639,888338,买盘
1957,10:10:18,5.41,--,2036,1101476,卖盘
1958,10:10:13,5.41,--,1673,905093,卖盘
1959,10:10:08,5.41,-0.01,1813,980833,卖盘
1960,10:09:58,5.42,0.01,20,10840,买盘
1961,10:09:48,5.41,-0.01,100,54100,卖盘
1962,10:09:33,5.42,0.01,27,14634,买盘
1963,10:09:28,5.41,--,80,43280,卖盘
1964,10:09:13,5.41,-0.01,83,44903,卖盘
1965,10:09:08,5.42,0.01,51,27642,买盘
1966,10:08:58,5.41,--,178,96298,卖盘
1967,10:08:28,5.41,-0.01,28,15148,卖盘
1968,10:08:17,5.42,0.01,10,5420,买盘
1969,10:08:07,5.41,--,213,115233,卖盘
1970,10:08:02,5.41,-0.01,207,111987,卖盘
1971,10:07:52,5.42,--,93,50406,买盘
1972,10:07:47,5.42,--,87,47154,买盘
1973,10:07:43,5.42,--,114,61788,买盘
1974,10:07:32,5.42,--,168,91056,买盘
1975,10:07:28,5.42,0.01,23,12466,买盘
1976,10:07:17,5.41,-0.01,48,25968,卖盘
1977,10:07:07,5.42,0.01,10,5420,买盘
1978,10:07:02,5.41,--,150,81150,卖盘
1979,10:06:58,5.41,--,238,128758,卖盘
1980,10:06:53,5.41,-0.01,3,1623,卖盘
1981,10:06:47,5.42,0.01,5,2710,买盘
1982,10:06:31,5.41,--,547,295927,卖盘
1983,10:06:23,5.41,--,1,541,卖盘
1984,10:06:17,5.41,--,455,246155,卖盘
1985,10:06:13,5.41,--,190,102790,卖盘
1986,10:06:08,5.41,-0.01,52,28132,卖盘
1987,10:06:02,5.42,--,10,5420,买盘
1988,10:05:47,5.42,--,10,5420,买盘
1989,10:05:43,5.42,0.01,5,2710,买盘
1990,10:05:38,5.41,-0.01,385,208285,卖盘
1991,10:05:31,5.42,0.01,337,182654,买盘
1992,10:05:22,5.41,-0.01,23,12443,卖盘
1993,10:05:17,5.42,0.01,94,50948,买盘
1994,10:05:13,5.41,--,38,20558,卖盘
1995,10:05:08,5.41,--,703,380739,卖盘
1996,10:05:02,5.41,--,10,5410,卖盘
1997,10:04:53,5.41,--,650,351650,卖盘
1998,10:04:46,5.41,--,99,53559,卖盘
1999,10:04:43,5.41,--,249,135152,卖盘
2000,10:04:38,5.41,--,25,13525,卖盘
2001,10:04:27,5.41,-0.01,22,11902,卖盘
2002,10:04:12,5.42,0.01,82,44444,买盘
2003,10:04:08,5.41,--,83,44903,卖盘
2004,10:04:01,5.41,--,100,54100,卖盘
2005,10:03:52,5.41,--,2,1082,卖盘
2006,10:03:47,5.41,-0.01,42,22722,卖盘
2007,10:03:37,5.42,--,25,13550,买盘
2008,10:03:32,5.42,--,408,221585,买盘
2009,10:03:27,5.42,0.01,68,36856,买盘
2010,10:03:17,5.41,--,20,10820,卖盘
2011,10:03:07,5.41,--,131,70871,卖盘
2012,10:03:02,5.41,--,390,211422,卖盘
2013,10:02:52,5.41,-0.01,100,54100,卖盘
2014,10:02:47,5.42,--,203,110026,买盘
2015,10:02:42,5.42,--,15,8130,买盘
2016,10:02:27,5.42,--,3,1626,买盘
2017,10:02:17,5.42,--,65,35230,买盘
2018,10:02:07,5.42,0.01,47,25474,买盘
2019,10:01:47,5.41,-0.01,118,63838,卖盘
2020,10:01:41,5.42,0.01,5,2710,买盘
2021,10:01:37,5.41,-0.01,285,154185,卖盘
2022,10:01:32,5.42,--,1,542,买盘
2023,10:01:27,5.42,0.01,1,542,买盘
2024,10:01:22,5.41,-0.01,59,31919,卖盘
2025,10:01:11,5.42,0.01,67,36314,买盘
2026,10:01:02,5.41,-0.01,49,26509,卖盘
2027,10:00:47,5.42,0.01,92,49864,买盘
2028,10:00:41,5.41,--,63,34083,卖盘
2029,10:00:37,5.41,--,440,238040,卖盘
2030,10:00:32,5.41,--,251,135791,卖盘
2031,10:00:25,5.41,--,2,1082,卖盘
2032,10:00:22,5.41,--,137,74117,卖盘
2033,10:00:17,5.41,--,1612,872092,卖盘
2034,10:00:11,5.41,--,101,54641,卖盘
2035,10:00:07,5.41,-0.01,5006,2708246,卖盘
2036,10:00:02,5.42,0.01,220,119240,买盘
2037,09:59:56,5.41,-0.01,486,262926,卖盘
2038,09:59:52,5.42,--,4,2168,买盘
2039,09:59:47,5.42,--,90,48780,买盘
2040,09:59:41,5.42,--,81,43902,买盘
2041,09:59:31,5.42,--,310,168020,买盘
2042,09:59:25,5.42,0.01,252,136584,买盘
2043,09:59:22,5.41,--,64,34624,卖盘
2044,09:59:17,5.41,-0.01,421,227761,卖盘
2045,09:59:11,5.42,--,222,120324,买盘
2046,09:59:07,5.42,--,66,35772,买盘
2047,09:58:32,5.42,--,98,53116,买盘
2048,09:58:26,5.42,0.01,391,211922,买盘
2049,09:58:21,5.41,--,395,213695,卖盘
2050,09:58:17,5.41,-0.01,421,227761,卖盘
2051,09:58:10,5.42,0.01,590,319780,买盘
2052,09:58:06,5.41,-0.01,21,11361,卖盘
2053,09:58:02,5.42,0.01,1030,558260,买盘
2054,09:57:56,5.41,--,107,57887,卖盘
2055,09:57:51,5.41,-0.01,78,42198,卖盘
2056,09:57:47,5.42,--,293,158806,买盘
2057,09:57:41,5.42,--,830,449860,买盘
2058,09:57:31,5.42,0.01,34,18428,买盘
2059,09:57:26,5.41,-0.01,20,10820,卖盘
2060,09:57:16,5.42,0.01,1,542,买盘
2061,09:57:11,5.41,-0.01,19,10279,卖盘
2062,09:57:06,5.42,--,1,542,买盘
2063,09:57:01,5.42,0.01,251,136042,买盘
2064,09:56:56,5.41,--,619,334879,卖盘
2065,09:56:46,5.41,-0.01,157,84937,卖盘
2066,09:56:41,5.42,0.01,214,115988,买盘
2067,09:56:31,5.41,--,74,40034,卖盘
2068,09:56:26,5.41,--,253,136873,卖盘
2069,09:56:21,5.41,--,28,15148,卖盘
2070,09:56:16,5.41,-0.01,809,437669,卖盘
2071,09:56:11,5.42,0.01,884,479128,中性盘
2072,09:56:06,5.41,-0.01,138,74658,卖盘
2073,09:56:01,5.42,0.01,419,227098,中性盘
2074,09:55:56,5.41,-0.02,463,250483,卖盘
2075,09:55:46,5.43,0.01,134,72762,买盘
2076,09:55:41,5.42,0.01,78,42276,买盘
2077,09:55:36,5.41,-0.01,124,67084,卖盘
2078,09:55:31,5.42,-0.01,70,37940,卖盘
2079,09:55:26,5.43,0.01,197,106971,买盘
2080,09:55:21,5.42,-0.01,281,152302,卖盘
2081,09:55:16,5.43,0.01,552,299736,买盘
2082,09:55:10,5.42,0.01,1132,613544,买盘
2083,09:55:06,5.41,--,279,150939,卖盘
2084,09:55:01,5.41,-0.01,219,118479,卖盘
2085,09:54:56,5.42,--,197,106774,买盘
2086,09:54:46,5.42,--,429,232518,买盘
2087,09:54:40,5.42,0.01,73,39566,买盘
2088,09:54:35,5.41,-0.01,157,84937,卖盘
2089,09:54:31,5.42,--,36,19512,买盘
2090,09:54:26,5.42,--,2,1084,买盘
2091,09:54:16,5.42,--,27,14634,买盘
2092,09:54:11,5.42,--,79,42818,买盘
2093,09:54:04,5.42,--,2,1084,买盘
2094,09:54:01,5.42,--,60,32520,买盘
2095,09:53:56,5.42,--,5,2710,买盘
2096,09:53:50,5.42,0.01,33,17886,买盘
2097,09:53:46,5.41,-0.01,100,54100,卖盘
2098,09:53:40,5.42,--,5,2710,买盘
2099,09:53:35,5.42,--,14,7588,买盘
2100,09:53:30,5.42,--,97,52574,买盘
2101,09:53:26,5.42,--,321,173982,买盘
2102,09:53:16,5.42,--,100,54200,买盘
2103,09:53:11,5.42,--,21,11382,买盘
2104,09:53:05,5.42,--,232,125744,买盘
2105,09:52:56,5.42,--,535,289970,买盘
2106,09:52:50,5.42,--,65,35230,买盘
2107,09:52:41,5.42,--,6,3252,买盘
2108,09:52:35,5.42,--,16,8672,买盘
2109,09:52:30,5.42,0.01,10,5420,买盘
2110,09:52:26,5.41,-0.01,22,11902,卖盘
2111,09:52:20,5.42,--,31,16802,买盘
2112,09:52:11,5.42,--,35,18970,买盘
2113,09:52:05,5.42,--,38,20596,买盘
2114,09:51:56,5.42,--,90,48780,买盘
2115,09:51:50,5.42,--,42,22764,买盘
2116,09:51:45,5.42,0.01,64,34688,买盘
2117,09:51:41,5.41,-0.01,1,541,卖盘
2118,09:51:35,5.42,0.01,50,27100,买盘
2119,09:51:30,5.41,-0.01,0,54,卖盘
2120,09:51:25,5.42,0.01,364,197288,买盘
2121,09:51:20,5.41,-0.01,646,349486,卖盘
2122,09:51:10,5.42,--,1,542,买盘
2123,09:51:05,5.42,--,12,6504,买盘
2124,09:50:55,5.42,--,325,176150,买盘
2125,09:50:50,5.42,0.01,29,15718,买盘
2126,09:50:45,5.41,--,1001,541541,卖盘
2127,09:50:40,5.41,-0.01,83,44903,卖盘
2128,09:50:35,5.42,0.01,33,17886,买盘
2129,09:50:30,5.41,-0.01,35,18935,卖盘
2130,09:50:25,5.42,--,5,2710,买盘
2131,09:50:10,5.42,0.01,10,5420,买盘
2132,09:50:05,5.41,-0.01,80,43280,卖盘
2133,09:49:55,5.42,--,177,95939,买盘
2134,09:49:50,5.42,--,93,50406,买盘
2135,09:49:40,5.42,0.01,40,21680,买盘
2136,09:49:30,5.41,--,12,6492,卖盘
2137,09:49:19,5.41,-0.01,2,1082,卖盘
2138,09:49:10,5.42,--,60,32520,买盘
2139,09:49:05,5.42,0.01,201,108942,买盘
2140,09:48:55,5.41,--,3,1623,卖盘
2141,09:48:49,5.41,--,193,104413,卖盘
2142,09:48:45,5.41,--,2,1082,卖盘
2143,09:48:40,5.41,-0.01,16,8656,卖盘
2144,09:48:35,5.42,0.01,33,17886,买盘
2145,09:48:30,5.41,--,108,58428,卖盘
2146,09:48:25,5.41,--,90,48690,卖盘
2147,09:48:20,5.41,--,18,9738,卖盘
2148,09:48:15,5.41,--,108,58428,卖盘
2149,09:48:10,5.41,--,936,506376,卖盘
2150,09:48:04,5.41,--,82,44362,卖盘
2151,09:47:55,5.41,--,1314,710874,卖盘
2152,09:47:50,5.41,-0.01,485,262385,卖盘
2153,09:47:45,5.42,0.01,107,57994,买盘
2154,09:47:40,5.41,--,207,111987,卖盘
2155,09:47:35,5.41,-0.01,1083,586276,卖盘
2156,09:47:30,5.42,--,178,96476,买盘
2157,09:47:25,5.42,0.01,440,238480,买盘
2158,09:47:19,5.41,-0.01,691,374025,卖盘
2159,09:47:13,5.42,0.01,45,24390,中性盘
2160,09:47:10,5.41,-0.01,171,92511,卖盘
2161,09:47:05,5.42,--,13,7398,卖盘
2162,09:46:59,5.42,-0.01,24,13008,卖盘
2163,09:46:55,5.43,--,264,143352,买盘
2164,09:46:44,5.43,0.01,10,5430,买盘
2165,09:46:39,5.42,0.01,141,76422,买盘
2166,09:46:35,5.41,-0.02,255,137955,卖盘
2167,09:46:25,5.43,--,38,20634,买盘
2168,09:46:20,5.43,0.01,541,293763,买盘
2169,09:46:14,5.42,--,34,18428,买盘
2170,09:46:09,5.42,--,224,121408,买盘
2171,09:46:05,5.42,--,512,277504,买盘
2172,09:45:59,5.42,--,785,425572,卖盘
2173,09:45:54,5.42,-0.01,1581,857341,卖盘
2174,09:45:50,5.43,0.01,24,13032,买盘
2175,09:45:44,5.42,--,85,46070,卖盘
2176,09:45:39,5.42,--,31,16802,卖盘
2177,09:45:35,5.42,--,360,195120,卖盘
2178,09:45:29,5.42,-0.01,455,246610,卖盘
2179,09:45:20,5.43,0.01,138,74934,买盘
2180,09:45:14,5.42,--,20,10840,卖盘
2181,09:45:05,5.42,--,317,171814,卖盘
2182,09:44:59,5.42,--,156,84552,卖盘
2183,09:44:54,5.42,--,12,6504,卖盘
2184,09:44:39,5.42,-0.01,312,169104,卖盘
2185,09:44:29,5.43,0.01,2,1086,买盘
2186,09:44:24,5.42,--,133,72086,卖盘
2187,09:44:19,5.42,--,36,19512,卖盘
2188,09:44:14,5.42,--,165,89430,卖盘
2189,09:44:09,5.42,-0.01,52,28184,卖盘
2190,09:44:04,5.43,0.01,50,27150,买盘
2191,09:43:59,5.42,-0.01,659,357178,卖盘
2192,09:43:54,5.43,--,3,1629,买盘
2193,09:43:44,5.43,--,226,122718,买盘
2194,09:43:39,5.43,0.01,68,36924,买盘
2195,09:43:28,5.42,--,61,33062,卖盘
2196,09:43:24,5.42,-0.01,11,5962,卖盘
2197,09:43:14,5.43,--,1,543,买盘
2198,09:43:04,5.43,0.01,2,1086,买盘
2199,09:42:59,5.42,--,40,21680,卖盘
2200,09:42:54,5.42,-0.01,42,22764,卖盘
2201,09:42:49,5.43,0.01,55,29865,买盘
2202,09:42:39,5.42,-0.01,246,133332,卖盘
2203,09:42:34,5.43,0.01,86,46698,买盘
2204,09:42:24,5.42,-0.01,500,271000,卖盘
2205,09:42:13,5.43,0.01,5,2715,买盘
2206,09:42:09,5.42,-0.01,441,239022,卖盘
2207,09:42:04,5.43,0.01,85,46155,买盘
2208,09:41:59,5.42,--,247,133874,卖盘
2209,09:41:54,5.42,-0.01,50,27100,卖盘
2210,09:41:49,5.43,0.01,249,135207,买盘
2211,09:41:44,5.42,-0.01,411,222762,卖盘
2212,09:41:39,5.43,0.01,60,32580,买盘
2213,09:41:29,5.42,--,180,97560,卖盘
2214,09:41:24,5.42,-0.01,81,43902,卖盘
2215,09:41:19,5.43,0.01,22,11946,买盘
2216,09:41:14,5.42,-0.01,178,96476,卖盘
2217,09:41:09,5.43,--,214,116202,买盘
2218,09:41:04,5.43,0.01,2,1086,买盘
2219,09:40:59,5.42,-0.01,643,348506,卖盘
2220,09:40:49,5.43,0.01,274,148782,买盘
2221,09:40:44,5.42,--,277,150134,卖盘
2222,09:40:39,5.42,-0.01,586,317612,卖盘
2223,09:40:34,5.43,0.01,82,44526,买盘
2224,09:40:28,5.42,--,58,31436,卖盘
2225,09:40:24,5.42,-0.01,10,5420,卖盘
2226,09:40:19,5.43,0.01,479,260097,买盘
2227,09:40:13,5.42,--,80,43360,卖盘
2228,09:40:09,5.42,-0.01,879,476418,卖盘
2229,09:40:04,5.43,--,518,281274,买盘
2230,09:39:58,5.43,--,276,149868,买盘
2231,09:39:54,5.43,0.01,5,2715,买盘
2232,09:39:49,5.42,-0.01,75,40650,卖盘
2233,09:39:44,5.43,0.01,251,136293,买盘
2234,09:39:38,5.42,--,119,64498,卖盘
2235,09:39:34,5.42,-0.01,246,133332,卖盘
2236,09:39:18,5.43,--,229,124347,买盘
2237,09:39:14,5.43,--,82,44526,买盘
2238,09:39:04,5.43,0.01,8,4344,买盘
2239,09:38:58,5.42,--,3,1626,卖盘
2240,09:38:48,5.42,--,302,164047,卖盘
2241,09:38:44,5.42,--,294,159348,卖盘
2242,09:38:38,5.42,-0.01,50,27100,卖盘
2243,09:38:33,5.43,0.01,181,98283,买盘
2244,09:38:28,5.42,--,150,81300,买盘
2245,09:38:23,5.42,--,92,49864,买盘
2246,09:38:18,5.42,--,10,5420,买盘
2247,09:38:13,5.42,--,245,132790,买盘
2248,09:38:07,5.42,--,349,189158,卖盘
2249,09:38:03,5.42,--,262,142004,卖盘
2250,09:37:58,5.42,--,626,339292,买盘
2251,09:37:53,5.42,--,298,161516,买盘
2252,09:37:48,5.42,--,1,542,买盘
2253,09:37:44,5.42,--,140,75880,买盘
2254,09:37:38,5.42,--,113,61246,买盘
2255,09:37:33,5.42,0.01,10,5420,买盘
2256,09:37:28,5.41,--,307,166087,卖盘
2257,09:37:23,5.41,-0.01,284,153644,卖盘
2258,09:37:18,5.42,--,13,7046,买盘
2259,09:37:13,5.42,0.01,235,127370,买盘
2260,09:37:08,5.41,-0.01,441,238581,卖盘
2261,09:36:53,5.42,--,100,54200,买盘
2262,09:36:48,5.42,--,5,2710,买盘
2263,09:36:43,5.42,--,15,8130,买盘
2264,09:36:38,5.42,--,52,28184,买盘
2265,09:36:33,5.42,--,134,72628,买盘
2266,09:36:28,5.42,0.01,50,27100,买盘
2267,09:36:18,5.41,-0.01,51,27591,卖盘
2268,09:36:08,5.42,--,409,221678,买盘
2269,09:35:58,5.42,--,20,10840,买盘
2270,09:35:53,5.42,0.01,194,105148,买盘
2271,09:35:48,5.41,-0.01,11,5951,卖盘
2272,09:35:43,5.42,--,1153,624926,买盘
2273,09:35:38,5.42,--,57,30894,买盘
2274,09:35:28,5.42,--,60,32520,买盘
2275,09:35:23,5.42,0.01,99,53658,买盘
2276,09:35:18,5.41,-0.01,11,5951,卖盘
2277,09:35:13,5.42,--,18,9756,买盘
2278,09:35:08,5.42,0.01,2,1084,买盘
2279,09:35:03,5.41,--,7,3787,卖盘
2280,09:34:58,5.41,--,35,18935,卖盘
2281,09:34:48,5.41,-0.01,11,5951,卖盘
2282,09:34:43,5.42,--,20,10840,买盘
2283,09:34:38,5.42,--,44,23848,买盘
2284,09:34:33,5.42,--,34,18428,买盘
2285,09:34:27,5.42,0.01,32,17344,买盘
2286,09:34:18,5.41,-0.01,125,67625,卖盘
2287,09:34:13,5.42,0.01,61,33062,买盘
2288,09:34:08,5.41,--,192,103872,卖盘
2289,09:34:03,5.41,-0.01,437,236417,卖盘
2290,09:33:58,5.42,--,12,6504,买盘
2291,09:33:52,5.42,0.01,2,1084,买盘
2292,09:33:48,5.41,-0.01,8,4328,卖盘
2293,09:33:43,5.42,--,25,13550,买盘
2294,09:33:38,5.42,--,2115,1146330,买盘
2295,09:33:33,5.42,0.01,10,5420,买盘
2296,09:33:23,5.41,-0.01,50,27050,卖盘
2297,09:33:18,5.42,0.01,25,13550,买盘
2298,09:33:12,5.41,-0.01,29,15894,卖盘
2299,09:33:08,5.42,0.01,173,93766,买盘
2300,09:33:03,5.41,--,12,6492,卖盘
2301,09:32:53,5.41,-0.01,292,158188,卖盘
2302,09:32:48,5.42,--,10,5420,买盘
2303,09:32:42,5.42,0.01,32,17344,买盘
2304,09:32:38,5.41,-0.01,167,90347,卖盘
2305,09:32:33,5.42,--,7,3794,买盘
2306,09:32:28,5.42,--,62,33604,买盘
2307,09:32:23,5.42,-0.01,23,12466,卖盘
2308,09:32:17,5.43,0.01,433,235119,买盘
2309,09:32:08,5.42,--,185,100270,卖盘
2310,09:32:02,5.42,--,25,13550,买盘
2311,09:31:58,5.42,--,251,136042,卖盘
2312,09:31:53,5.42,--,93,50406,买盘
2313,09:31:42,5.42,--,252,136584,买盘
2314,09:31:38,5.42,--,40,21680,买盘
2315,09:31:32,5.42,--,7,3794,买盘
2316,09:31:27,5.42,-0.01,70,37940,卖盘
2317,09:31:23,5.43,0.01,20,10860,买盘
2318,09:31:12,5.42,--,53,28726,卖盘
2319,09:31:07,5.42,0.01,428,232122,中性盘
2320,09:31:01,5.41,--,2,1082,卖盘
2321,09:30:57,5.41,--,856,463096,卖盘
2322,09:30:51,5.41,-0.01,274,148234,卖盘
2323,09:30:47,5.42,0.01,10,5420,买盘
2324,09:30:36,5.41,--,94,50854,卖盘
2325,09:30:31,5.41,--,198,107118,卖盘
2326,09:30:27,5.41,--,18,9738,卖盘
2327,09:30:17,5.41,-0.01,131,70871,卖盘
2328,09:30:07,5.42,--,1347,730074,买盘
2329,09:28:46,5.42,--,0,0,买盘
2330,09:25:06,5.42,5.42,1175,636850,买盘
