,time,price,change,volume,amount,type
0,15:00:00,17.32,--,0,0,中性盘
1,15:00:00,17.32,0.01,0,0,中性盘
2,15:00:00,17.31,-0.01,40,69240,卖盘
3,14:59:58,17.32,--,207,360048,卖盘
4,14:59:53,17.32,--,451,781132,卖盘
5,14:59:48,17.32,--,501,867732,卖盘
6,14:59:43,17.32,--,208,360256,卖盘
7,14:59:38,17.32,-0.01,375,649500,卖盘
8,14:59:32,17.33,--,412,713995,卖盘
9,14:59:28,17.33,0.01,11,19062,中性盘
10,14:59:23,17.32,--,934,1617688,卖盘
11,14:59:17,17.32,-0.01,520,900847,卖盘
12,14:59:12,17.33,0.02,232,402055,买盘
13,14:59:08,17.31,-0.01,37,64046,卖盘
14,14:59:02,17.32,--,368,637376,买盘
15,14:58:57,17.32,0.02,133,230356,买盘
16,14:58:53,17.3,-0.01,216,373680,卖盘
17,14:58:47,17.31,--,40,69240,买盘
18,14:58:42,17.31,-0.01,301,521030,卖盘
19,14:58:38,17.32,--,2227,3857164,买盘
20,14:58:32,17.32,--,11,19052,买盘
21,14:58:27,17.32,--,515,891980,卖盘
22,14:58:23,17.32,-0.01,429,743028,卖盘
23,14:58:17,17.33,--,50,86649,买盘
24,14:58:12,17.33,--,44,76251,买盘
25,14:58:08,17.33,--,350,606549,买盘
26,14:58:02,17.33,0.01,111,192362,买盘
27,14:57:57,17.32,-0.01,105,181860,卖盘
28,14:57:53,17.33,--,38,65854,买盘
29,14:57:47,17.33,-0.01,85,148830,卖盘
30,14:57:42,17.34,--,12,20808,买盘
31,14:57:38,17.34,0.01,146,253164,买盘
32,14:57:31,17.33,-0.01,9,15596,卖盘
33,14:57:27,17.34,0.01,561,972774,买盘
34,14:57:23,17.33,--,34,58921,卖盘
35,14:57:12,17.33,--,130,225289,卖盘
36,14:57:02,17.33,-0.01,63,109178,卖盘
37,14:56:57,17.34,--,11,19074,买盘
38,14:56:53,17.34,--,334,579346,买盘
39,14:56:47,17.34,--,3,5202,买盘
40,14:56:42,17.34,--,16,27744,买盘
41,14:56:37,17.34,--,39,67626,买盘
42,14:56:32,17.34,--,115,199410,买盘
43,14:56:27,17.34,--,68,117912,买盘
44,14:56:22,17.34,--,65,112710,买盘
45,14:56:17,17.34,--,44,76296,买盘
46,14:56:12,17.34,--,6,10404,买盘
47,14:56:07,17.34,-0.01,92,159528,卖盘
48,14:56:02,17.35,--,93,161355,买盘
49,14:55:52,17.35,0.01,620,1075717,买盘
50,14:55:47,17.34,--,20,34680,卖盘
51,14:55:42,17.34,--,45,78030,卖盘
52,14:55:37,17.34,0.01,15,26010,中性盘
53,14:55:32,17.33,-0.01,305,528565,卖盘
54,14:55:27,17.34,--,65,112710,买盘
55,14:55:22,17.34,-0.01,110,190740,卖盘
56,14:55:17,17.35,0.02,53,91955,买盘
57,14:55:07,17.33,-0.01,244,422851,卖盘
58,14:55:02,17.34,--,240,416160,买盘
59,14:54:57,17.34,-0.04,653,1132302,卖盘
60,14:54:52,17.38,0.04,183,318054,买盘
61,14:54:47,17.34,0.01,30,52020,卖盘
62,14:54:42,17.33,--,482,835305,卖盘
63,14:54:37,17.33,-0.06,74,128241,卖盘
64,14:54:32,17.39,--,0,0,买盘
65,14:54:27,17.39,0.01,549,954711,买盘
66,14:54:22,17.38,-0.02,8,13904,买盘
67,14:54:17,17.4,--,0,0,买盘
68,14:54:12,17.4,0.01,426,741239,买盘
69,14:54:07,17.39,--,0,0,买盘
70,14:54:02,17.39,0.04,383,666037,买盘
71,14:53:57,17.35,0.02,698,1211030,买盘
72,14:53:52,17.33,-0.01,648,1122984,卖盘
73,14:53:47,17.34,-0.01,328,568752,卖盘
74,14:53:42,17.35,0.01,6,10410,卖盘
75,14:53:37,17.34,-0.02,506,877404,卖盘
76,14:53:32,17.36,0.01,15,26040,中性盘
77,14:53:27,17.35,-0.01,1,1735,卖盘
78,14:53:22,17.36,--,31,53816,卖盘
79,14:53:17,17.36,0.01,8,13888,中性盘
80,14:53:12,17.35,--,0,0,卖盘
81,14:53:07,17.35,0.01,72,124920,卖盘
82,14:53:02,17.34,-0.02,8,13872,卖盘
83,14:52:57,17.36,0.01,172,298592,买盘
84,14:52:52,17.35,--,111,192585,买盘
85,14:52:47,17.35,-0.01,358,621130,卖盘
86,14:52:42,17.36,--,180,312480,买盘
87,14:52:37,17.36,--,31,53816,卖盘
88,14:52:32,17.36,0.01,390,677040,买盘
89,14:52:27,17.35,-0.01,264,458040,卖盘
90,14:52:22,17.36,-0.01,50,86800,卖盘
91,14:52:17,17.37,--,843,1464291,买盘
92,14:52:12,17.37,--,52,90324,买盘
93,14:52:07,17.37,--,301,522837,买盘
94,14:52:02,17.37,--,76,132012,买盘
95,14:51:57,17.37,--,30,52110,买盘
96,14:51:52,17.37,--,28,48636,卖盘
97,14:51:47,17.37,--,3,5211,卖盘
98,14:51:42,17.37,-0.01,11,19107,卖盘
99,14:51:37,17.38,0.01,831,1444278,买盘
100,14:51:31,17.37,--,10,17370,买盘
101,14:51:21,17.37,--,42,72954,买盘
102,14:51:17,17.37,--,1,1737,买盘
103,14:51:11,17.37,--,32,55584,买盘
104,14:51:06,17.37,--,627,1089099,买盘
105,14:51:02,17.37,0.01,264,458568,买盘
106,14:50:56,17.36,-0.01,5,8680,卖盘
107,14:50:51,17.37,0.01,73,126801,买盘
108,14:50:47,17.36,-0.01,17,29512,卖盘
109,14:50:41,17.37,0.01,5,8685,买盘
110,14:50:36,17.36,-0.01,367,637650,卖盘
111,14:50:31,17.37,0.01,438,762004,买盘
112,14:50:21,17.36,--,20,34720,卖盘
113,14:50:17,17.36,0.02,131,227416,买盘
114,14:50:11,17.34,-0.01,326,565284,卖盘
115,14:50:06,17.35,--,186,322710,卖盘
116,14:50:01,17.35,-0.01,71,123185,中性盘
117,14:49:56,17.36,0.01,22,38192,买盘
118,14:49:51,17.35,--,54,93690,卖盘
119,14:49:46,17.35,--,77,133595,买盘
120,14:49:41,17.35,--,11,19085,买盘
121,14:49:36,17.35,0.01,193,334855,买盘
122,14:49:31,17.34,-0.02,122,211548,卖盘
123,14:49:26,17.36,--,42,72912,买盘
124,14:49:21,17.36,0.01,76,131936,买盘
125,14:49:16,17.35,-0.01,654,1134690,卖盘
126,14:49:11,17.36,0.01,6,10416,买盘
127,14:49:06,17.35,-0.01,44,76340,卖盘
128,14:49:01,17.36,--,628,1090208,卖盘
129,14:48:56,17.36,-0.01,26,45136,卖盘
130,14:48:51,17.37,0.01,117,203229,买盘
131,14:48:46,17.36,-0.01,22,38192,卖盘
132,14:48:41,17.37,--,5,8685,买盘
133,14:48:36,17.37,--,181,314397,卖盘
134,14:48:31,17.37,--,201,349137,卖盘
135,14:48:21,17.37,-0.01,146,253602,卖盘
136,14:48:16,17.38,--,255,443190,卖盘
137,14:48:11,17.38,-0.01,62,107756,卖盘
138,14:48:06,17.39,0.01,15,26085,中性盘
139,14:48:01,17.38,--,932,1619816,卖盘
140,14:47:56,17.38,--,27,46926,卖盘
141,14:47:51,17.38,--,299,519661,卖盘
142,14:47:46,17.38,--,263,457094,卖盘
143,14:47:41,17.38,--,4,6952,卖盘
144,14:47:36,17.38,--,48,83424,卖盘
145,14:47:31,17.38,-0.01,25,43450,卖盘
146,14:47:26,17.39,--,5,8695,买盘
147,14:47:21,17.39,--,252,438228,卖盘
148,14:47:16,17.39,-0.01,31,53909,卖盘
149,14:47:11,17.4,--,40,69600,买盘
150,14:47:06,17.4,--,126,219239,卖盘
151,14:47:01,17.4,--,847,1473779,卖盘
152,14:46:56,17.4,-0.01,328,570720,卖盘
153,14:46:51,17.41,--,312,543192,买盘
154,14:46:46,17.41,0.01,71,123611,买盘
155,14:46:41,17.4,-0.01,27,46979,卖盘
156,14:46:36,17.41,--,2,3482,买盘
157,14:46:31,17.41,--,126,221089,卖盘
158,14:46:26,17.41,-0.01,714,1243074,卖盘
159,14:46:21,17.42,0.01,100,174200,买盘
160,14:46:16,17.41,-0.01,69,120129,卖盘
161,14:46:11,17.42,--,27,47034,卖盘
162,14:46:06,17.42,-0.01,43,74906,中性盘
163,14:46:01,17.43,--,916,1596588,买盘
164,14:45:56,17.43,0.02,191,332913,买盘
165,14:45:46,17.41,--,474,825234,卖盘
166,14:45:41,17.41,-0.01,271,471811,卖盘
167,14:45:36,17.42,--,0,0,中性盘
168,14:45:31,17.42,0.01,149,259558,中性盘
169,14:45:26,17.41,-0.01,189,329049,卖盘
170,14:45:21,17.42,0.01,34,59228,买盘
171,14:45:16,17.41,--,82,142762,卖盘
172,14:45:11,17.41,-0.01,170,295987,卖盘
173,14:45:06,17.42,0.01,10,17420,买盘
174,14:45:01,17.41,-0.01,50,87050,卖盘
175,14:44:56,17.42,-0.01,112,195104,中性盘
176,14:44:51,17.43,0.01,67,116781,买盘
177,14:44:46,17.42,-0.01,80,139690,卖盘
178,14:44:41,17.43,0.01,139,242277,买盘
179,14:44:36,17.42,--,4,6968,卖盘
180,14:44:31,17.42,--,4,6968,卖盘
181,14:44:26,17.42,--,44,76648,卖盘
182,14:44:21,17.42,--,3,5226,卖盘
183,14:44:15,17.42,--,6,10452,卖盘
184,14:44:11,17.42,-0.01,77,134134,卖盘
185,14:44:01,17.43,0.01,27,47061,买盘
186,14:43:55,17.42,-0.03,105,182910,卖盘
187,14:43:50,17.45,0.02,44,76780,买盘
188,14:43:45,17.43,-0.01,347,604821,卖盘
189,14:43:40,17.44,0.02,144,252548,买盘
190,14:43:35,17.42,-0.01,552,961584,卖盘
191,14:43:30,17.43,--,9,16018,卖盘
192,14:43:25,17.43,--,11,19173,卖盘
193,14:43:20,17.43,--,2,3555,卖盘
194,14:43:15,17.43,--,2,3486,卖盘
195,14:43:10,17.43,--,67,116781,卖盘
196,14:43:05,17.43,-0.01,19,33117,卖盘
197,14:43:00,17.44,-0.01,5,8720,卖盘
198,14:42:55,17.45,0.03,143,250878,买盘
199,14:42:50,17.42,-0.01,359,625778,卖盘
200,14:42:45,17.43,-0.02,169,295403,卖盘
201,14:42:40,17.45,0.02,269,469911,买盘
202,14:42:35,17.43,0.01,16,27888,卖盘
203,14:42:30,17.42,-0.01,23,40066,卖盘
204,14:42:25,17.43,0.01,30,52290,买盘
205,14:42:20,17.42,--,4,6968,卖盘
206,14:42:15,17.42,--,17,29614,卖盘
207,14:42:10,17.42,-0.02,60,104520,卖盘
208,14:42:05,17.44,0.02,26,45344,买盘
209,14:42:00,17.42,-0.01,17,29614,卖盘
210,14:41:55,17.43,0.01,584,1017912,买盘
211,14:41:50,17.42,-0.01,69,120198,卖盘
212,14:41:45,17.43,--,138,240534,买盘
213,14:41:40,17.43,-0.01,334,582162,卖盘
214,14:41:35,17.44,--,13,22672,卖盘
215,14:41:30,17.44,-0.01,33,57552,卖盘
216,14:41:25,17.45,0.02,70,122150,买盘
217,14:41:20,17.43,-0.01,4,6972,卖盘
218,14:41:15,17.44,-0.01,85,148240,卖盘
219,14:41:10,17.45,0.01,37,64565,买盘
220,14:41:05,17.44,-0.01,4,6976,卖盘
221,14:41:00,17.45,--,20,34900,买盘
222,14:40:55,17.45,--,317,553165,卖盘
223,14:40:50,17.45,--,99,172755,卖盘
224,14:40:45,17.45,-0.01,17,29665,卖盘
225,14:40:40,17.46,--,32,55872,买盘
226,14:40:35,17.46,--,5,8730,买盘
227,14:40:30,17.46,--,17,29682,买盘
228,14:40:24,17.46,--,280,488880,买盘
229,14:40:20,17.46,0.01,57,99522,买盘
230,14:40:15,17.45,-0.01,117,204165,卖盘
231,14:40:10,17.46,-0.01,87,151902,卖盘
232,14:40:05,17.47,0.01,6,10482,买盘
233,14:40:00,17.46,--,31,54126,卖盘
234,14:39:54,17.46,--,16,27936,卖盘
235,14:39:50,17.46,--,64,111744,卖盘
236,14:39:45,17.46,--,43,75078,卖盘
237,14:39:40,17.46,--,279,487134,卖盘
238,14:39:35,17.46,--,31,54126,卖盘
239,14:39:30,17.46,--,14,24444,卖盘
240,14:39:25,17.46,-0.01,11,19206,卖盘
241,14:39:20,17.47,--,67,117048,卖盘
242,14:39:15,17.47,--,17,29698,卖盘
243,14:39:10,17.47,--,236,412292,卖盘
244,14:39:05,17.47,--,1761,3076467,卖盘
245,14:39:00,17.47,--,13,22711,卖盘
246,14:38:55,17.47,--,9,15722,卖盘
247,14:38:50,17.47,--,60,104820,卖盘
248,14:38:45,17.47,-0.01,13,22711,卖盘
249,14:38:39,17.48,--,77,134596,买盘
250,14:38:35,17.48,0.01,35,61180,买盘
251,14:38:30,17.47,-0.01,36,62891,卖盘
252,14:38:20,17.48,0.01,4,6992,中性盘
253,14:38:15,17.47,-0.03,19,33193,卖盘
254,14:38:10,17.5,--,4520,7910000,买盘
255,14:38:05,17.5,0.01,28,49000,买盘
256,14:38:00,17.49,--,40,69960,卖盘
257,14:37:54,17.49,-0.01,113,197636,卖盘
258,14:37:50,17.5,0.01,79,138250,买盘
259,14:37:44,17.49,--,13,22736,卖盘
260,14:37:40,17.49,-0.01,24,41975,卖盘
261,14:37:33,17.5,0.01,45,78750,买盘
262,14:37:29,17.49,--,14,24485,卖盘
263,14:37:24,17.49,-0.01,14,24485,卖盘
264,14:37:18,17.5,--,40,71575,卖盘
265,14:37:14,17.5,--,38,66500,卖盘
266,14:37:09,17.5,--,28,49000,卖盘
267,14:37:03,17.5,--,68,119000,卖盘
268,14:36:59,17.5,--,15,26250,卖盘
269,14:36:54,17.5,--,25,43750,卖盘
270,14:36:48,17.5,--,219,383250,卖盘
271,14:36:44,17.5,--,255,446250,卖盘
272,14:36:39,17.5,--,21,36750,卖盘
273,14:36:33,17.5,--,9,15750,卖盘
274,14:36:29,17.5,--,27,47250,卖盘
275,14:36:24,17.5,--,733,1282750,卖盘
276,14:36:18,17.5,--,47,82250,卖盘
277,14:36:14,17.5,--,190,332500,卖盘
278,14:36:09,17.5,--,5,8750,卖盘
279,14:36:03,17.5,--,24,42000,卖盘
280,14:35:59,17.5,-0.01,28,49000,卖盘
281,14:35:54,17.51,0.01,14,24689,买盘
282,14:35:48,17.5,--,20,35000,卖盘
283,14:35:44,17.5,--,19,33250,卖盘
284,14:35:39,17.5,--,5,8750,卖盘
285,14:35:33,17.5,--,13,22750,卖盘
286,14:35:29,17.5,--,13,22750,卖盘
287,14:35:24,17.5,-0.01,173,302750,卖盘
288,14:35:18,17.51,--,38,66538,卖盘
289,14:35:14,17.51,--,215,376465,卖盘
290,14:35:09,17.51,--,425,744175,卖盘
291,14:35:03,17.51,--,168,294168,卖盘
292,14:34:59,17.51,--,17,29767,卖盘
293,14:34:54,17.51,-0.01,181,316931,卖盘
294,14:34:48,17.52,0.01,180,315360,买盘
295,14:34:44,17.51,--,25,43775,卖盘
296,14:34:39,17.51,--,195,341445,卖盘
297,14:34:33,17.51,--,41,71791,卖盘
298,14:34:29,17.51,--,4,7004,卖盘
299,14:34:24,17.51,-0.01,36,63036,卖盘
300,14:34:18,17.52,--,27,47304,卖盘
301,14:34:14,17.52,--,2,3504,卖盘
302,14:34:09,17.52,0.01,178,311856,买盘
303,14:34:03,17.51,--,18,31518,卖盘
304,14:33:54,17.51,-0.01,19,33269,卖盘
305,14:33:48,17.52,0.01,64,112128,买盘
306,14:33:39,17.51,--,55,96305,卖盘
307,14:33:33,17.51,-0.01,17,29767,卖盘
308,14:33:29,17.52,0.01,3,5256,买盘
309,14:33:24,17.51,--,37,64787,卖盘
310,14:33:18,17.51,--,61,106811,卖盘
311,14:33:14,17.51,--,15,26265,卖盘
312,14:33:09,17.51,--,135,236385,卖盘
313,14:33:03,17.51,-0.01,35,61285,卖盘
314,14:32:59,17.52,0.01,44,77088,买盘
315,14:32:54,17.51,-0.01,212,371212,卖盘
316,14:32:48,17.52,--,3,5256,卖盘
317,14:32:44,17.52,-0.01,13,22776,卖盘
318,14:32:33,17.53,--,23,41160,卖盘
319,14:32:29,17.53,--,16,28048,卖盘
320,14:32:24,17.53,--,5,8765,卖盘
321,14:32:18,17.53,--,59,103427,卖盘
322,14:32:14,17.53,0.01,885,1552316,买盘
323,14:32:09,17.52,0.01,17,29784,买盘
324,14:32:03,17.51,--,17,29767,卖盘
325,14:31:59,17.51,-0.02,196,344036,卖盘
326,14:31:54,17.53,0.01,15,26295,买盘
327,14:31:48,17.52,--,205,359160,卖盘
328,14:31:44,17.52,--,19,33288,卖盘
329,14:31:38,17.52,--,6,10512,卖盘
330,14:31:33,17.52,--,21,36792,卖盘
331,14:31:27,17.52,--,13,22776,卖盘
332,14:31:18,17.52,--,115,201480,卖盘
333,14:31:14,17.52,--,4,7008,卖盘
334,14:31:08,17.52,--,4,7008,卖盘
335,14:31:03,17.52,--,128,224256,卖盘
336,14:30:57,17.52,--,114,199728,卖盘
337,14:30:53,17.52,--,179,313608,卖盘
338,14:30:48,17.52,--,70,122640,卖盘
339,14:30:42,17.52,--,8,14016,卖盘
340,14:30:38,17.52,--,18,31536,卖盘
341,14:30:33,17.52,0.02,514,901439,买盘
342,14:30:27,17.5,--,19,33250,卖盘
343,14:30:23,17.5,-0.01,229,400750,卖盘
344,14:30:18,17.51,0.01,19,33269,买盘
345,14:30:12,17.5,-0.02,98,172340,卖盘
346,14:30:08,17.52,--,46,80592,卖盘
347,14:30:03,17.52,0.03,1085,1901831,买盘
348,14:29:57,17.49,--,58,101441,卖盘
349,14:29:53,17.49,--,168,293832,卖盘
350,14:29:48,17.49,-0.01,368,643632,卖盘
351,14:29:42,17.5,-0.01,98,171500,卖盘
352,14:29:38,17.51,--,14,24514,卖盘
353,14:29:27,17.51,0.01,51,89301,中性盘
354,14:29:23,17.5,--,13,22750,卖盘
355,14:29:18,17.5,-0.02,10,17500,卖盘
356,14:29:12,17.52,0.01,106,185712,买盘
357,14:29:08,17.51,0.01,17,29767,买盘
358,14:29:03,17.5,--,1011,1769250,卖盘
359,14:28:57,17.5,-0.01,85,148750,卖盘
360,14:28:53,17.51,--,4,7004,买盘
361,14:28:48,17.51,--,12,21012,中性盘
362,14:28:42,17.51,--,17,29767,卖盘
363,14:28:38,17.51,--,13,22763,卖盘
364,14:28:33,17.51,--,8,14008,卖盘
365,14:28:27,17.51,0.01,14,24514,卖盘
366,14:28:23,17.5,--,4,7000,卖盘
367,14:28:18,17.5,--,85,148750,卖盘
368,14:28:12,17.5,--,20,35000,买盘
369,14:28:08,17.5,0.01,10,17500,买盘
370,14:28:03,17.49,--,35,61214,卖盘
371,14:27:57,17.49,-0.03,232,405767,卖盘
372,14:27:53,17.52,0.03,583,1021416,买盘
373,14:27:48,17.49,--,43,75207,卖盘
374,14:27:42,17.49,-0.01,22,38478,卖盘
375,14:27:38,17.5,--,1,1750,买盘
376,14:27:33,17.5,-0.01,515,902825,卖盘
377,14:27:27,17.51,0.01,150,262650,买盘
378,14:27:18,17.5,--,81,141750,卖盘
379,14:27:12,17.5,--,25,43750,卖盘
380,14:27:08,17.5,--,51,89250,卖盘
381,14:27:03,17.5,--,4,7000,卖盘
382,14:26:57,17.5,--,18,31500,卖盘
383,14:26:48,17.5,--,23,40250,卖盘
384,14:26:42,17.5,--,29,50750,卖盘
385,14:26:38,17.5,--,3,5250,卖盘
386,14:26:33,17.5,--,23,40250,卖盘
387,14:26:27,17.5,-0.01,22,38500,卖盘
388,14:26:22,17.51,0.01,21,36771,买盘
389,14:26:18,17.5,--,45,78750,卖盘
390,14:26:12,17.5,-0.01,18,31500,卖盘
391,14:26:08,17.51,--,10,17510,买盘
392,14:26:03,17.51,--,7,12257,卖盘
393,14:25:57,17.51,--,74,129574,卖盘
394,14:25:53,17.51,--,4,7004,卖盘
395,14:25:47,17.51,0.01,29,50779,卖盘
396,14:25:42,17.5,--,4,7000,卖盘
397,14:25:38,17.5,--,8,14000,卖盘
398,14:25:32,17.5,--,14,24675,卖盘
399,14:25:27,17.5,--,22,38500,卖盘
400,14:25:23,17.5,--,148,259000,卖盘
401,14:25:17,17.5,0.01,18,31500,买盘
402,14:25:12,17.49,-0.01,52,90947,卖盘
403,14:25:07,17.5,0.01,7,12250,买盘
404,14:25:02,17.49,-0.01,34,59465,卖盘
405,14:24:57,17.5,0.01,76,133000,买盘
406,14:24:53,17.49,-0.02,37,64712,卖盘
407,14:24:47,17.51,0.01,15,27998,买盘
408,14:24:42,17.5,--,29,50750,卖盘
409,14:24:36,17.5,--,5,8750,卖盘
410,14:24:32,17.5,-0.01,163,285250,卖盘
411,14:24:27,17.51,0.01,150,262650,买盘
412,14:24:21,17.5,-0.01,4,7000,卖盘
413,14:24:17,17.51,0.01,21,36771,买盘
414,14:24:12,17.5,--,23,40250,卖盘
415,14:24:06,17.5,--,5,8750,卖盘
416,14:24:02,17.5,--,49,85750,卖盘
417,14:23:57,17.5,-0.01,23,40250,卖盘
418,14:23:51,17.51,0.01,4,7004,买盘
419,14:23:47,17.5,--,17,29750,卖盘
420,14:23:42,17.5,--,31,54250,卖盘
421,14:23:36,17.5,--,25,43750,卖盘
422,14:23:32,17.5,--,18,31500,卖盘
423,14:23:27,17.5,--,24,42000,卖盘
424,14:23:21,17.5,--,47,82250,卖盘
425,14:23:17,17.5,--,15,26250,卖盘
426,14:23:12,17.5,--,48,85470,卖盘
427,14:23:06,17.5,--,36,63000,卖盘
428,14:22:57,17.5,-0.01,4,7000,卖盘
429,14:22:51,17.51,-0.01,77,134827,卖盘
430,14:22:47,17.52,0.01,11,19272,买盘
431,14:22:42,17.51,--,56,98056,卖盘
432,14:22:36,17.51,--,16,28016,卖盘
433,14:22:31,17.51,--,19,33269,卖盘
434,14:22:27,17.51,--,58,101558,卖盘
435,14:22:21,17.51,--,22,38522,卖盘
436,14:22:17,17.51,--,19,33269,卖盘
437,14:22:12,17.51,0.01,215,376465,买盘
438,14:22:06,17.5,--,46,80500,卖盘
439,14:22:02,17.5,--,13,22750,卖盘
440,14:21:57,17.5,--,28,49297,卖盘
441,14:21:51,17.5,--,63,110250,卖盘
442,14:21:47,17.5,--,2,3500,卖盘
443,14:21:42,17.5,--,74,129500,卖盘
444,14:21:36,17.5,--,36,63000,卖盘
445,14:21:27,17.5,-0.01,54,94500,卖盘
446,14:21:21,17.51,0.01,120,210120,买盘
447,14:21:17,17.5,--,122,213500,卖盘
448,14:21:12,17.5,--,129,225750,卖盘
449,14:21:06,17.5,--,19,33250,卖盘
450,14:21:02,17.5,-0.01,7,12250,卖盘
451,14:20:57,17.51,0.01,21,36771,买盘
452,14:20:51,17.5,--,60,105000,卖盘
453,14:20:47,17.5,-0.01,2,3500,卖盘
454,14:20:42,17.51,--,10,17510,买盘
455,14:20:36,17.51,--,49,85799,卖盘
456,14:20:32,17.51,--,50,87550,卖盘
457,14:20:27,17.51,--,70,122570,卖盘
458,14:20:21,17.51,-0.01,72,126072,卖盘
459,14:20:17,17.52,0.01,27,47304,买盘
460,14:20:12,17.51,--,80,140080,卖盘
461,14:20:06,17.51,--,37,64787,卖盘
462,14:20:02,17.51,--,1,1751,卖盘
463,14:19:57,17.51,--,6,10506,卖盘
464,14:19:51,17.51,--,67,117317,卖盘
465,14:19:47,17.51,--,302,528802,卖盘
466,14:19:42,17.51,--,4,7004,卖盘
467,14:19:36,17.51,--,36,63036,卖盘
468,14:19:32,17.51,--,26,45526,卖盘
469,14:19:21,17.51,--,40,70040,卖盘
470,14:19:16,17.51,--,2,3502,卖盘
471,14:19:12,17.51,--,1,1751,卖盘
472,14:19:06,17.51,-0.01,42,73542,卖盘
473,14:18:57,17.52,0.01,46,80592,买盘
474,14:18:51,17.51,--,35,61285,卖盘
475,14:18:45,17.51,--,103,180353,卖盘
476,14:18:41,17.51,--,4,7004,卖盘
477,14:18:36,17.51,-0.01,237,414987,卖盘
478,14:18:26,17.52,0.01,94,164688,买盘
479,14:18:21,17.51,--,85,148835,卖盘
480,14:18:15,17.51,-0.01,6,10506,卖盘
481,14:18:06,17.52,0.01,34,59568,买盘
482,14:18:00,17.51,--,1,1751,卖盘
483,14:17:56,17.51,--,1,1751,卖盘
484,14:17:51,17.51,--,125,218875,卖盘
485,14:17:45,17.51,--,10,17510,卖盘
486,14:17:41,17.51,--,48,84048,卖盘
487,14:17:36,17.51,--,27,47277,卖盘
488,14:17:30,17.51,--,25,43775,卖盘
489,14:17:26,17.51,--,5,8755,卖盘
490,14:17:21,17.51,--,278,486778,卖盘
491,14:17:15,17.51,-0.01,2,3502,卖盘
492,14:17:11,17.52,0.01,1,1752,买盘
493,14:17:06,17.51,-0.01,370,648885,卖盘
494,14:17:00,17.52,-0.01,40,70080,卖盘
495,14:16:56,17.53,0.01,1,1753,买盘
496,14:16:51,17.52,--,33,57816,卖盘
497,14:16:45,17.52,-0.01,2,3504,卖盘
498,14:16:41,17.53,0.01,20,35060,买盘
499,14:16:36,17.52,--,35,61320,卖盘
500,14:16:30,17.52,--,217,380184,卖盘
501,14:16:21,17.52,--,74,130383,卖盘
502,14:16:15,17.52,--,5,8760,卖盘
503,14:16:11,17.52,--,9,15768,卖盘
504,14:16:06,17.52,--,39,68328,卖盘
505,14:16:00,17.52,-0.01,5,8760,卖盘
506,14:15:56,17.53,0.01,18,31554,买盘
507,14:15:51,17.52,--,20,35040,卖盘
508,14:15:45,17.52,--,11,19272,卖盘
509,14:15:41,17.52,-0.01,13,22776,卖盘
510,14:15:36,17.53,0.01,43,75379,买盘
511,14:15:30,17.52,--,49,85848,卖盘
512,14:15:26,17.52,--,13,22776,卖盘
513,14:15:20,17.52,--,72,126144,卖盘
514,14:15:15,17.52,-0.01,2,3504,卖盘
515,14:15:11,17.53,0.01,24,42072,买盘
516,14:15:05,17.52,-0.01,28,49056,卖盘
517,14:15:00,17.53,0.01,22,38566,买盘
518,14:14:56,17.52,--,5,8760,卖盘
519,14:14:50,17.52,--,36,63072,卖盘
520,14:14:45,17.52,--,9,15768,卖盘
521,14:14:40,17.52,--,18,31536,卖盘
522,14:14:35,17.52,--,17,29784,卖盘
523,14:14:30,17.52,--,5,8760,卖盘
524,14:14:26,17.52,0.01,47,82344,买盘
525,14:14:20,17.51,--,68,119068,卖盘
526,14:14:15,17.51,--,6,10506,卖盘
527,14:14:11,17.51,--,63,110313,卖盘
528,14:14:06,17.51,-0.01,21,36771,卖盘
529,14:13:56,17.52,--,4,7008,买盘
530,14:13:50,17.52,0.01,31,54312,买盘
531,14:13:45,17.51,--,7,12257,卖盘
532,14:13:35,17.51,--,42,73542,卖盘
533,14:13:30,17.51,0.01,48,84048,买盘
534,14:13:26,17.5,--,9,15750,卖盘
535,14:13:20,17.5,--,47,82250,卖盘
536,14:13:15,17.5,-0.01,8,14000,卖盘
537,14:13:05,17.51,-0.01,37,64787,卖盘
538,14:13:00,17.52,-0.01,76,133152,卖盘
539,14:12:56,17.53,0.01,32,56096,买盘
540,14:12:50,17.52,--,26,45552,卖盘
541,14:12:45,17.52,-0.01,2,3504,中性盘
542,14:12:41,17.53,0.02,54,94662,买盘
543,14:12:35,17.51,0.01,92,161092,中性盘
544,14:12:26,17.5,-0.01,65,113750,卖盘
545,14:12:20,17.51,--,132,231132,卖盘
546,14:12:15,17.51,0.01,42,73542,买盘
547,14:12:10,17.5,--,19,33250,卖盘
548,14:12:05,17.5,--,17,29750,卖盘
549,14:12:00,17.5,--,5,8750,卖盘
550,14:11:54,17.5,--,27,47250,卖盘
551,14:11:50,17.5,-0.01,14,24500,卖盘
552,14:11:45,17.51,0.01,32,56032,买盘
553,14:11:39,17.5,--,87,152250,卖盘
554,14:11:35,17.5,--,61,106750,卖盘
555,14:11:30,17.5,--,24,42000,卖盘
556,14:11:24,17.5,--,16,28000,卖盘
557,14:11:20,17.5,--,36,63000,卖盘
558,14:11:15,17.5,--,16,28000,卖盘
559,14:11:05,17.5,--,35,61250,卖盘
560,14:11:00,17.5,--,49,85750,卖盘
561,14:10:54,17.5,--,62,108500,卖盘
562,14:10:50,17.5,--,21,37205,卖盘
563,14:10:45,17.5,-0.01,59,103250,卖盘
564,14:10:39,17.51,--,637,1115387,买盘
565,14:10:35,17.51,--,727,1272977,卖盘
566,14:10:30,17.51,--,162,283662,卖盘
567,14:10:24,17.51,--,543,950793,卖盘
568,14:10:20,17.51,-0.01,19,33269,卖盘
569,14:10:15,17.52,0.01,7,12264,中性盘
570,14:10:09,17.51,--,15,26265,卖盘
571,14:10:05,17.51,--,4,7004,卖盘
572,14:10:00,17.51,--,13,22763,卖盘
573,14:09:54,17.51,-0.02,32,56032,卖盘
574,14:09:50,17.53,0.02,30,52590,买盘
575,14:09:45,17.51,--,50,87550,卖盘
576,14:09:39,17.51,-0.01,4,7004,卖盘
577,14:09:30,17.52,--,18,31536,卖盘
578,14:09:24,17.52,0.01,182,318864,买盘
579,14:09:20,17.51,--,2,3502,卖盘
580,14:09:15,17.51,--,34,59534,卖盘
581,14:09:09,17.51,--,4,7004,卖盘
582,14:09:00,17.51,--,53,92803,卖盘
583,14:08:54,17.51,0.01,33,57783,买盘
584,14:08:50,17.5,--,5,8750,卖盘
585,14:08:45,17.5,--,185,323750,卖盘
586,14:08:39,17.5,--,8,14000,卖盘
587,14:08:35,17.5,--,19,33250,卖盘
588,14:08:30,17.5,--,13,22750,卖盘
589,14:08:24,17.5,-0.01,78,136500,卖盘
590,14:08:20,17.51,0.01,62,108562,买盘
591,14:08:15,17.5,-0.01,37,64750,卖盘
592,14:08:09,17.51,0.01,25,43775,买盘
593,14:08:04,17.5,--,13,22750,卖盘
594,14:08:00,17.5,--,28,49000,卖盘
595,14:07:54,17.5,--,3,5250,卖盘
596,14:07:50,17.5,--,14,24500,卖盘
597,14:07:44,17.5,-0.01,49,86047,卖盘
598,14:07:39,17.51,0.01,34,59534,买盘
599,14:07:34,17.5,--,15,26250,卖盘
600,14:07:29,17.5,-0.01,29,51800,卖盘
601,14:07:20,17.51,0.01,88,154088,买盘
602,14:07:14,17.5,-0.01,20,35000,卖盘
603,14:07:09,17.51,0.01,68,120258,买盘
604,14:07:05,17.5,--,13,22750,卖盘
605,14:06:59,17.5,--,56,98000,卖盘
606,14:06:54,17.5,-0.01,66,115500,卖盘
607,14:06:50,17.51,0.01,1,1751,买盘
608,14:06:44,17.5,--,28,49000,卖盘
609,14:06:39,17.5,--,5,8750,卖盘
610,14:06:35,17.5,--,11,19250,卖盘
611,14:06:29,17.5,--,22,38500,卖盘
612,14:06:24,17.5,--,15,26250,卖盘
613,14:06:19,17.5,--,163,285250,卖盘
614,14:06:14,17.5,--,28,49000,卖盘
615,14:06:09,17.5,--,14,24500,卖盘
616,14:06:05,17.5,--,4,7000,卖盘
617,14:05:59,17.5,--,17,29750,卖盘
618,14:05:54,17.5,--,17,29750,卖盘
619,14:05:44,17.5,--,38,66500,卖盘
620,14:05:39,17.5,-0.01,22,38500,卖盘
621,14:05:29,17.51,--,39,68289,卖盘
622,14:05:24,17.51,--,18,31518,卖盘
623,14:05:18,17.51,--,24,42024,卖盘
624,14:05:14,17.51,-0.01,25,43775,卖盘
625,14:05:09,17.52,--,18,31536,买盘
626,14:05:03,17.52,0.01,3,5256,买盘
627,14:04:59,17.51,--,53,92803,卖盘
628,14:04:54,17.51,--,50,87550,卖盘
629,14:04:48,17.51,--,1004,1758004,卖盘
630,14:04:44,17.51,--,40,70040,卖盘
631,14:04:39,17.51,--,23,40273,卖盘
632,14:04:33,17.51,--,19,33269,卖盘
633,14:04:29,17.51,--,7,12257,卖盘
634,14:04:24,17.51,-0.01,23,40273,卖盘
635,14:04:18,17.52,0.01,12,21024,买盘
636,14:04:14,17.51,--,40,70040,卖盘
637,14:04:09,17.51,-0.01,29,50779,卖盘
638,14:04:03,17.52,--,20,35040,买盘
639,14:03:59,17.52,--,30,52560,买盘
640,14:03:54,17.52,0.01,36,63072,买盘
641,14:03:48,17.51,--,13,22763,卖盘
642,14:03:44,17.51,-0.01,21,36771,卖盘
643,14:03:39,17.52,0.01,56,98112,买盘
644,14:03:29,17.51,--,58,101558,卖盘
645,14:03:18,17.51,--,17,29767,卖盘
646,14:03:14,17.51,--,6,10506,卖盘
647,14:03:09,17.51,--,16,28016,卖盘
648,14:03:03,17.51,--,22,38522,卖盘
649,14:02:59,17.51,--,73,127823,买盘
650,14:02:54,17.51,--,23,40273,买盘
651,14:02:48,17.51,0.01,21,36771,买盘
652,14:02:44,17.5,--,31,54250,卖盘
653,14:02:33,17.5,--,31,54250,卖盘
654,14:02:29,17.5,-0.01,4,7000,卖盘
655,14:02:24,17.51,--,12,21012,买盘
656,14:02:18,17.51,0.01,53,92803,买盘
657,14:02:14,17.5,-0.01,52,91000,卖盘
658,14:02:09,17.51,--,1,1751,买盘
659,14:02:03,17.51,--,26,45526,买盘
660,14:01:54,17.51,--,6,10506,中性盘
661,14:01:48,17.51,0.01,10,17510,卖盘
662,14:01:39,17.5,-0.01,734,1284500,卖盘
663,14:01:33,17.51,--,37,64787,卖盘
664,14:01:24,17.51,-0.01,74,129574,卖盘
665,14:01:18,17.52,0.01,7,12264,买盘
666,14:01:14,17.51,--,257,450007,卖盘
667,14:01:09,17.51,--,37,64787,卖盘
668,14:01:03,17.51,--,5,8755,卖盘
669,14:00:54,17.51,--,36,63036,卖盘
670,14:00:48,17.51,-0.01,6,10506,卖盘
671,14:00:44,17.52,0.01,5,8760,买盘
672,14:00:39,17.51,--,229,400979,卖盘
673,14:00:33,17.51,--,30,52530,卖盘
674,14:00:23,17.51,-0.01,47,82297,卖盘
675,14:00:18,17.52,0.01,4,7008,买盘
676,14:00:08,17.51,--,31,54281,卖盘
677,14:00:03,17.51,--,104,182104,卖盘
678,13:59:58,17.51,--,5,8755,卖盘
679,13:59:53,17.51,--,36,63036,卖盘
680,13:59:48,17.51,-0.01,6,10506,卖盘
681,13:59:38,17.52,0.01,124,217318,买盘
682,13:59:33,17.51,--,70,122570,卖盘
683,13:59:29,17.51,--,41,71791,卖盘
684,13:59:23,17.51,--,315,551565,卖盘
685,13:59:18,17.51,--,42,73542,卖盘
686,13:59:08,17.51,-0.01,17,29767,卖盘
687,13:59:03,17.52,-0.02,60,105120,卖盘
688,13:58:58,17.54,0.02,8,14032,买盘
689,13:58:53,17.52,--,17,29784,卖盘
690,13:58:48,17.52,--,21,36792,卖盘
691,13:58:42,17.52,0.01,8,14016,中性盘
692,13:58:38,17.51,--,13,22763,卖盘
693,13:58:33,17.51,--,27,47277,卖盘
694,13:58:27,17.51,-0.01,5,8755,卖盘
695,13:58:23,17.52,0.01,33,57816,买盘
696,13:58:18,17.51,-0.01,35,61285,卖盘
697,13:58:12,17.52,--,2,3504,买盘
698,13:58:08,17.52,--,19,33288,卖盘
699,13:58:03,17.52,--,188,329376,买盘
700,13:57:57,17.52,--,31,54312,买盘
701,13:57:53,17.52,--,72,126144,买盘
702,13:57:48,17.52,--,118,207962,买盘
703,13:57:42,17.52,--,100,175200,买盘
704,13:57:38,17.52,0.01,58,101616,买盘
705,13:57:33,17.51,-0.01,74,129574,卖盘
706,13:57:27,17.52,0.01,1,1752,买盘
707,13:57:23,17.51,--,78,136578,卖盘
708,13:57:18,17.51,--,120,210120,卖盘
709,13:57:12,17.51,--,64,112064,卖盘
710,13:57:08,17.51,0.01,171,299421,买盘
711,13:57:03,17.5,-0.01,10,17500,卖盘
712,13:56:53,17.51,0.01,34,59534,买盘
713,13:56:48,17.5,-0.01,250,437500,卖盘
714,13:56:42,17.51,--,37,64787,卖盘
715,13:56:38,17.51,--,1068,1870068,卖盘
716,13:56:33,17.51,0.01,104,183592,买盘
717,13:56:27,17.5,--,10,17500,卖盘
718,13:56:23,17.5,--,19,33250,卖盘
719,13:56:18,17.5,-0.01,29,50750,卖盘
720,13:56:08,17.51,0.01,382,668882,买盘
721,13:56:03,17.5,-0.01,184,322000,卖盘
722,13:55:57,17.51,0.01,11,19261,买盘
723,13:55:53,17.5,--,33,57750,卖盘
724,13:55:48,17.5,-0.01,48,85592,卖盘
725,13:55:42,17.51,0.01,10,17510,买盘
726,13:55:38,17.5,--,88,154000,卖盘
727,13:55:33,17.5,-0.01,113,197750,卖盘
728,13:55:27,17.51,--,10,17510,买盘
729,13:55:23,17.51,--,1,1751,买盘
730,13:55:18,17.51,--,29,51041,卖盘
731,13:55:12,17.51,--,137,239887,卖盘
732,13:55:08,17.51,--,18,31518,卖盘
733,13:55:03,17.51,0.01,122,215110,买盘
734,13:54:57,17.5,--,6,10500,卖盘
735,13:54:53,17.5,-0.01,54,94500,卖盘
736,13:54:48,17.51,--,38,66538,买盘
737,13:54:42,17.51,--,10,17510,买盘
738,13:54:33,17.51,--,359,628871,卖盘
739,13:54:27,17.51,-0.01,105,183855,卖盘
740,13:54:23,17.52,0.01,23,40296,买盘
741,13:54:18,17.51,-0.01,1027,1798277,卖盘
742,13:54:12,17.52,0.01,16,28032,买盘
743,13:54:08,17.51,--,100,175100,卖盘
744,13:54:03,17.51,--,858,1502358,卖盘
745,13:53:53,17.51,-0.01,84,147084,卖盘
746,13:53:48,17.52,-0.01,7,12264,卖盘
747,13:53:38,17.53,--,5,8765,卖盘
748,13:53:33,17.53,0.01,3,5259,卖盘
749,13:53:27,17.52,--,5,8760,卖盘
750,13:53:23,17.52,--,45,78840,卖盘
751,13:53:17,17.52,-0.01,29,50808,卖盘
752,13:53:11,17.53,0.01,23,41914,买盘
753,13:53:08,17.52,-0.01,1082,1895664,卖盘
754,13:53:02,17.53,--,16,28048,买盘
755,13:52:57,17.53,--,26,45578,卖盘
756,13:52:52,17.53,--,17,29801,卖盘
757,13:52:47,17.53,--,15,26295,买盘
758,13:52:41,17.53,--,47,82391,卖盘
759,13:52:37,17.53,--,13,22789,卖盘
760,13:52:32,17.53,--,4,7012,卖盘
761,13:52:27,17.53,--,29,50837,中性盘
762,13:52:21,17.53,--,18,31554,卖盘
763,13:52:17,17.53,--,28,49084,买盘
764,13:52:12,17.53,0.01,54,94662,买盘
765,13:52:06,17.52,--,15,26280,卖盘
766,13:52:02,17.52,--,16,28032,卖盘
767,13:51:57,17.52,-0.01,19,33288,卖盘
768,13:51:51,17.53,-0.01,58,101674,卖盘
769,13:51:47,17.54,--,15,26310,卖盘
770,13:51:42,17.54,--,11,19294,卖盘
771,13:51:36,17.54,0.02,1204,2111816,买盘
772,13:51:32,17.52,--,18,31536,卖盘
773,13:51:27,17.52,--,585,1026566,买盘
774,13:51:17,17.52,--,122,213744,买盘
775,13:51:12,17.52,0.01,91,159432,买盘
776,13:51:06,17.51,--,9,15759,卖盘
777,13:51:02,17.51,-0.01,13,22763,卖盘
778,13:50:57,17.52,--,359,629073,卖盘
779,13:50:51,17.52,--,1000,1752000,卖盘
780,13:50:47,17.52,-0.01,21,36792,卖盘
781,13:50:41,17.53,0.01,56,98168,买盘
782,13:50:32,17.52,--,37,64824,卖盘
783,13:50:27,17.52,-0.01,22,38544,卖盘
784,13:50:21,17.53,0.01,33,57849,买盘
785,13:50:17,17.52,--,31,54312,卖盘
786,13:50:11,17.52,--,14,24528,卖盘
787,13:50:02,17.52,--,31,54312,卖盘
788,13:49:57,17.52,--,14,24528,卖盘
789,13:49:51,17.52,--,5,8760,卖盘
790,13:49:47,17.52,--,30,52560,卖盘
791,13:49:41,17.52,--,8,14016,卖盘
792,13:49:32,17.52,-0.01,27,47304,卖盘
793,13:49:27,17.53,0.01,107,187571,买盘
794,13:49:17,17.52,--,33,57816,卖盘
795,13:49:12,17.52,--,13,24177,卖盘
796,13:49:06,17.52,--,1024,1794048,卖盘
797,13:49:02,17.52,--,21,36792,卖盘
798,13:48:51,17.52,--,13,22776,卖盘
799,13:48:47,17.52,--,35,61320,卖盘
800,13:48:41,17.52,--,139,243528,卖盘
801,13:48:36,17.52,--,49,85848,卖盘
802,13:48:32,17.52,--,42,73584,卖盘
803,13:48:27,17.52,--,373,653496,卖盘
804,13:48:21,17.52,-0.01,18,31536,卖盘
805,13:48:17,17.53,--,8,14024,买盘
806,13:48:11,17.53,--,444,778332,卖盘
807,13:48:06,17.53,--,30,52590,卖盘
808,13:48:02,17.53,-0.01,1018,1784554,卖盘
809,13:47:57,17.54,0.01,20,35080,买盘
810,13:47:51,17.53,--,34,59602,卖盘
811,13:47:47,17.53,-0.01,31,54343,卖盘
812,13:47:41,17.54,0.01,27,47358,买盘
813,13:47:36,17.53,-0.01,14,24542,卖盘
814,13:47:27,17.54,--,39,68406,卖盘
815,13:47:21,17.54,--,25,43850,卖盘
816,13:47:17,17.54,--,175,306950,卖盘
817,13:47:11,17.54,0.01,59,103486,买盘
818,13:47:05,17.53,--,27,47331,卖盘
819,13:46:57,17.53,-0.01,23,40319,卖盘
820,13:46:51,17.54,0.01,31,54374,买盘
821,13:46:47,17.53,--,2,3506,卖盘
822,13:46:41,17.53,--,23,40319,卖盘
823,13:46:35,17.53,--,83,145499,卖盘
824,13:46:31,17.53,--,46,80638,卖盘
825,13:46:27,17.53,-0.01,1146,2008938,卖盘
826,13:46:20,17.54,0.01,30,52620,买盘
827,13:46:16,17.53,-0.01,9,15777,卖盘
828,13:46:11,17.54,--,519,910326,买盘
829,13:46:05,17.54,--,20,35080,买盘
830,13:46:01,17.54,--,1410,2473140,卖盘
831,13:45:56,17.54,-0.01,130,228020,卖盘
832,13:45:51,17.55,0.01,322,565110,买盘
833,13:45:45,17.54,--,2,3508,卖盘
834,13:45:41,17.54,-0.01,34,59636,卖盘
835,13:45:35,17.55,0.01,3,5265,买盘
836,13:45:29,17.54,--,38,66652,卖盘
837,13:45:26,17.54,--,37,64898,卖盘
838,13:45:20,17.54,--,13,22802,卖盘
839,13:45:14,17.54,--,18,31572,卖盘
840,13:45:11,17.54,-0.01,33,57882,卖盘
841,13:45:05,17.55,0.01,35,61425,买盘
842,13:44:59,17.54,--,43,75422,卖盘
843,13:44:56,17.54,0.01,313,549002,卖盘
844,13:44:50,17.53,-0.01,3632,6368561,卖盘
845,13:44:44,17.54,--,198,347292,卖盘
846,13:44:41,17.54,--,152,266608,卖盘
847,13:44:35,17.54,-0.01,17,29818,卖盘
848,13:44:29,17.55,0.01,175,307125,买盘
849,13:44:26,17.54,--,186,326244,卖盘
850,13:44:20,17.54,--,83,145582,卖盘
851,13:44:14,17.54,-0.01,2,3508,卖盘
852,13:44:11,17.55,0.01,24,42120,买盘
853,13:44:05,17.54,--,22,38588,卖盘
854,13:43:59,17.54,--,6,10524,卖盘
855,13:43:56,17.54,--,338,592852,卖盘
856,13:43:50,17.54,--,26,45604,卖盘
857,13:43:44,17.54,--,7,12278,卖盘
858,13:43:41,17.54,--,6,10787,卖盘
859,13:43:35,17.54,-0.01,318,557772,卖盘
860,13:43:26,17.55,0.01,19,33345,中性盘
861,13:43:20,17.54,--,1158,2031938,卖盘
862,13:43:14,17.54,--,167,292918,卖盘
863,13:43:11,17.54,-0.01,195,342030,卖盘
864,13:43:05,17.55,0.01,190,333450,中性盘
865,13:42:59,17.54,-0.01,173,303442,卖盘
866,13:42:56,17.55,0.01,77,135135,中性盘
867,13:42:50,17.54,--,416,729664,卖盘
868,13:42:44,17.54,-0.01,183,320982,卖盘
869,13:42:41,17.55,-0.02,41,71955,卖盘
870,13:42:35,17.57,-0.01,31,54467,卖盘
871,13:42:26,17.58,--,835,1467929,卖盘
872,13:42:20,17.58,--,590,1037219,卖盘
873,13:42:14,17.58,-0.01,183,321713,卖盘
874,13:42:11,17.59,--,247,434473,买盘
875,13:42:05,17.59,--,141,248019,买盘
876,13:41:59,17.59,0.01,5,8795,买盘
877,13:41:56,17.58,--,14,24611,卖盘
878,13:41:50,17.58,--,15,26369,卖盘
879,13:41:44,17.58,-0.01,30,52739,卖盘
880,13:41:41,17.59,0.01,36,63324,买盘
881,13:41:35,17.58,--,12,21095,卖盘
882,13:41:29,17.58,--,4,7031,卖盘
883,13:41:26,17.58,--,30,52739,卖盘
884,13:41:14,17.58,--,73,128333,卖盘
885,13:41:11,17.58,-0.01,30,52739,卖盘
886,13:41:05,17.59,0.01,5,8795,买盘
887,13:40:59,17.58,0.04,333,585414,买盘
888,13:40:56,17.54,--,13,22802,卖盘
889,13:40:50,17.54,--,4,7016,卖盘
890,13:40:44,17.54,-0.02,539,945406,卖盘
891,13:40:35,17.56,0.01,96,168576,买盘
892,13:40:29,17.55,--,27,47385,买盘
893,13:40:26,17.55,--,0,0,中性盘
894,13:40:20,17.55,0.01,9,15795,中性盘
895,13:40:14,17.54,--,15,26310,卖盘
896,13:40:10,17.54,--,4,7016,卖盘
897,13:40:05,17.54,--,26,45604,卖盘
898,13:39:59,17.54,-0.02,17,29818,卖盘
899,13:39:55,17.56,0.02,18,31607,买盘
900,13:39:50,17.54,-0.02,14,24556,卖盘
901,13:39:44,17.56,0.02,38,66728,买盘
902,13:39:40,17.54,--,114,199956,卖盘
903,13:39:35,17.54,-0.02,8,14032,卖盘
904,13:39:29,17.56,--,3,5268,买盘
905,13:39:25,17.56,--,32,56191,卖盘
906,13:39:20,17.56,--,9,15803,卖盘
907,13:39:14,17.56,--,15,26339,卖盘
908,13:39:10,17.56,--,20,35120,卖盘
909,13:39:05,17.56,--,18,31607,卖盘
910,13:38:59,17.56,0.03,26,45656,买盘
911,13:38:53,17.53,-0.01,3,5259,卖盘
912,13:38:50,17.54,--,7,12278,卖盘
913,13:38:44,17.54,-0.01,22,38588,中性盘
914,13:38:38,17.55,0.02,28,49140,买盘
915,13:38:35,17.53,--,5,8765,卖盘
916,13:38:29,17.53,-0.01,55,96415,卖盘
917,13:38:23,17.54,0.01,53,92962,买盘
918,13:38:20,17.53,-0.01,9,15777,卖盘
919,13:38:14,17.54,-0.01,10,17540,中性盘
920,13:38:08,17.55,--,721,1265355,买盘
921,13:38:05,17.55,-0.03,8,14040,卖盘
922,13:37:59,17.58,0.03,45,79109,买盘
923,13:37:50,17.55,--,3014,5289570,卖盘
924,13:37:44,17.55,--,27,47385,卖盘
925,13:37:38,17.55,-0.01,5,8775,卖盘
926,13:37:35,17.56,0.01,37,64971,买盘
927,13:37:29,17.55,-0.01,14,24570,卖盘
928,13:37:20,17.56,0.01,90,158040,买盘
929,13:37:14,17.55,--,39,68445,卖盘
930,13:37:05,17.55,--,24,42120,卖盘
931,13:36:59,17.55,-0.01,8,14040,卖盘
932,13:36:53,17.56,0.01,4,7023,买盘
933,13:36:50,17.55,-0.01,1067,1872585,卖盘
934,13:36:44,17.56,--,6,10536,卖盘
935,13:36:38,17.56,--,11,19316,卖盘
936,13:36:35,17.56,--,214,375784,卖盘
937,13:36:29,17.56,0.01,260,456559,中性盘
938,13:36:23,17.55,--,4,7020,卖盘
939,13:36:20,17.55,--,13,22815,卖盘
940,13:36:14,17.55,-0.01,51,89505,卖盘
941,13:36:08,17.56,0.01,9,15803,买盘
942,13:36:05,17.55,--,1114,1955070,卖盘
943,13:35:59,17.55,--,21,36855,卖盘
944,13:35:50,17.55,--,18,31590,卖盘
945,13:35:44,17.55,--,28,49140,卖盘
946,13:35:38,17.55,-0.01,2,3510,卖盘
947,13:35:35,17.56,0.01,106,186136,买盘
948,13:35:29,17.55,--,28,49140,卖盘
949,13:35:23,17.55,--,10,17550,卖盘
950,13:35:20,17.55,--,693,1216232,买盘
951,13:35:14,17.55,0.01,31,54405,买盘
952,13:35:08,17.54,-0.01,9,15786,卖盘
953,13:35:05,17.55,--,30,52650,买盘
954,13:34:59,17.55,0.01,33,57915,买盘
955,13:34:53,17.54,--,29,50866,卖盘
956,13:34:44,17.54,-0.01,38,66652,卖盘
957,13:34:38,17.55,--,20,35100,买盘
958,13:34:35,17.55,0.01,23,40365,买盘
959,13:34:29,17.54,--,395,693970,卖盘
960,13:34:23,17.54,--,244,427976,卖盘
961,13:34:20,17.54,--,8,14032,卖盘
962,13:34:14,17.54,-0.01,35,61390,卖盘
963,13:34:05,17.55,--,20,35100,买盘
964,13:33:59,17.55,0.01,157,275535,买盘
965,13:33:49,17.54,--,13,22802,卖盘
966,13:33:44,17.54,--,35,61390,卖盘
967,13:33:38,17.54,-0.01,4,7016,卖盘
968,13:33:35,17.55,--,59,103545,买盘
969,13:33:29,17.55,-0.01,2779,4877145,卖盘
970,13:33:23,17.56,0.01,1,1755,买盘
971,13:33:19,17.55,--,161,282555,卖盘
972,13:33:14,17.55,--,56,98280,卖盘
973,13:33:04,17.55,-0.01,5,8775,卖盘
974,13:32:59,17.56,-0.03,365,640940,买盘
975,13:32:53,17.59,0.03,76,133684,买盘
976,13:32:49,17.56,--,104,182624,卖盘
977,13:32:44,17.56,--,62,108871,卖盘
978,13:32:38,17.56,--,36,63215,卖盘
979,13:32:29,17.56,--,24,42144,卖盘
980,13:32:23,17.56,-0.01,86,151016,卖盘
981,13:32:19,17.57,0.01,5,8785,买盘
982,13:32:14,17.56,--,6,10536,卖盘
983,13:32:08,17.56,-0.01,34,59703,卖盘
984,13:32:04,17.57,0.01,5,8785,买盘
985,13:31:59,17.56,--,5,8780,卖盘
986,13:31:53,17.56,--,30,52679,卖盘
987,13:31:44,17.56,0.01,102,179112,买盘
988,13:31:38,17.55,--,32,56160,卖盘
989,13:31:34,17.55,-0.01,36,63180,卖盘
990,13:31:29,17.56,0.01,75,131700,买盘
991,13:31:23,17.55,-0.01,45,78975,卖盘
992,13:31:19,17.56,0.01,10,17560,买盘
993,13:31:14,17.55,--,3,5265,卖盘
994,13:31:08,17.55,-0.01,35,61425,卖盘
995,13:31:04,17.56,--,10,17560,买盘
996,13:30:59,17.56,0.01,1,1755,中性盘
997,13:30:53,17.55,-0.02,36,63180,卖盘
998,13:30:48,17.57,0.02,5,8785,买盘
999,13:30:44,17.55,--,135,236925,卖盘
1000,13:30:38,17.55,-0.02,43,75465,卖盘
1001,13:30:34,17.57,--,24,42168,买盘
1002,13:30:29,17.57,0.01,194,340858,买盘
1003,13:30:23,17.56,0.01,88,154528,中性盘
1004,13:30:17,17.55,--,40,70200,卖盘
1005,13:30:14,17.55,--,80,140400,卖盘
1006,13:30:08,17.55,-0.03,36,63180,卖盘
1007,13:30:02,17.58,--,10,17580,买盘
1008,13:29:59,17.58,0.01,126,221507,买盘
1009,13:29:53,17.57,-0.01,26,45682,卖盘
1010,13:29:47,17.58,--,77,135366,卖盘
1011,13:29:44,17.58,--,2,3515,卖盘
1012,13:29:38,17.58,-0.01,301,529158,卖盘
1013,13:29:32,17.59,--,10,17590,买盘
1014,13:29:29,17.59,0.04,61,107299,买盘
1015,13:29:23,17.55,-0.02,65,114075,卖盘
1016,13:29:17,17.57,0.02,38,66766,买盘
1017,13:29:14,17.55,--,2,3510,卖盘
1018,13:29:08,17.55,-0.04,32,56160,卖盘
1019,13:29:02,17.59,0.02,575,1011425,买盘
1020,13:28:59,17.57,--,14,24598,买盘
1021,13:28:53,17.57,--,67,117719,买盘
1022,13:28:44,17.57,0.01,13,22841,买盘
1023,13:28:38,17.56,0.02,312,547872,买盘
1024,13:28:23,17.54,--,35,61390,卖盘
1025,13:28:14,17.54,--,9,15786,卖盘
1026,13:28:08,17.54,-0.02,76,133304,卖盘
1027,13:28:02,17.56,0.02,54,94824,买盘
1028,13:27:59,17.54,-0.01,39,68406,卖盘
1029,13:27:53,17.55,0.01,6,10530,中性盘
1030,13:27:47,17.54,-0.01,7,12278,卖盘
1031,13:27:44,17.55,-0.01,14,24570,买盘
1032,13:27:38,17.56,0.02,118,207207,买盘
1033,13:27:32,17.54,--,4,7016,卖盘
1034,13:27:29,17.54,-0.01,18,31572,卖盘
1035,13:27:23,17.55,0.01,96,168480,买盘
1036,13:27:17,17.54,--,80,140320,卖盘
1037,13:27:14,17.54,--,5,8770,卖盘
1038,13:27:08,17.54,-0.01,35,61390,卖盘
1039,13:26:58,17.55,0.01,5,8775,买盘
1040,13:26:53,17.54,--,37,64898,卖盘
1041,13:26:44,17.54,--,2,3508,卖盘
1042,13:26:38,17.54,-0.01,22,38588,卖盘
1043,13:26:32,17.55,--,5,8775,卖盘
1044,13:26:29,17.55,--,5,8775,卖盘
1045,13:26:23,17.55,0.01,32,56160,买盘
1046,13:26:17,17.54,--,21,36834,卖盘
1047,13:26:13,17.54,--,91,159614,卖盘
1048,13:26:08,17.54,--,45,78930,卖盘
1049,13:26:02,17.54,-0.01,16,28064,卖盘
1050,13:25:58,17.55,0.01,20,35100,买盘
1051,13:25:53,17.54,-0.01,29,50866,卖盘
1052,13:25:47,17.55,0.01,16,28080,买盘
1053,13:25:43,17.54,--,7,12278,卖盘
1054,13:25:38,17.54,--,44,77176,卖盘
1055,13:25:32,17.54,--,87,152598,卖盘
1056,13:25:28,17.54,--,8,14032,卖盘
1057,13:25:23,17.54,--,41,71914,卖盘
1058,13:25:17,17.54,-0.01,29,50866,卖盘
1059,13:25:13,17.55,0.01,101,177255,买盘
1060,13:25:08,17.54,--,12,21048,卖盘
1061,13:25:02,17.54,--,69,121026,卖盘
1062,13:24:58,17.54,--,14,24556,卖盘
1063,13:24:53,17.54,--,31,54584,卖盘
1064,13:24:47,17.54,--,26,45604,卖盘
1065,13:24:43,17.54,-0.01,18,31572,卖盘
1066,13:24:38,17.55,--,55,96525,买盘
1067,13:24:32,17.55,--,30,52650,买盘
1068,13:24:28,17.55,0.01,373,654615,买盘
1069,13:24:23,17.54,--,4,7016,卖盘
1070,13:24:17,17.54,-0.02,16,28064,卖盘
1071,13:24:13,17.56,0.02,6,10536,买盘
1072,13:24:02,17.54,--,36,63144,卖盘
1073,13:23:53,17.54,--,57,99978,卖盘
1074,13:23:47,17.54,--,90,157860,卖盘
1075,13:23:43,17.54,--,4,7016,卖盘
1076,13:23:38,17.54,--,5,8770,卖盘
1077,13:23:32,17.54,--,32,56128,卖盘
1078,13:23:23,17.54,--,11,19294,卖盘
1079,13:23:17,17.54,--,46,80684,卖盘
1080,13:23:11,17.54,--,0,0,卖盘
1081,13:23:08,17.54,--,10,17540,卖盘
1082,13:23:02,17.54,--,31,54374,卖盘
1083,13:22:56,17.54,--,5,8770,卖盘
1084,13:22:53,17.54,--,1,1754,卖盘
1085,13:22:47,17.54,-0.03,47,83841,卖盘
1086,13:22:38,17.57,0.03,179,314503,买盘
1087,13:22:32,17.54,--,65,114010,卖盘
1088,13:22:26,17.54,--,17,29818,卖盘
1089,13:22:23,17.54,--,5,8770,卖盘
1090,13:22:17,17.54,--,37,64898,卖盘
1091,13:22:07,17.54,--,4,7016,卖盘
1092,13:22:02,17.54,-0.01,64,112256,卖盘
1093,13:21:53,17.55,0.01,12,21060,买盘
1094,13:21:47,17.54,-0.01,3,5262,卖盘
1095,13:21:41,17.55,-0.01,5,8775,卖盘
1096,13:21:38,17.56,0.01,83,145748,买盘
1097,13:21:32,17.55,--,47,82485,买盘
1098,13:21:26,17.55,--,5,8775,买盘
1099,13:21:23,17.55,0.01,16,28080,买盘
1100,13:21:17,17.54,-0.01,232,406928,卖盘
1101,13:21:02,17.55,--,22,38610,买盘
1102,13:20:56,17.55,--,80,140400,卖盘
1103,13:20:53,17.55,--,5,8775,卖盘
1104,13:20:47,17.55,0.01,15,26325,卖盘
1105,13:20:41,17.54,--,86,150844,卖盘
1106,13:20:38,17.54,--,6,10524,卖盘
1107,13:20:32,17.54,--,13,22802,卖盘
1108,13:20:26,17.54,-0.01,30,52620,卖盘
1109,13:20:23,17.55,0.01,2440,4282200,买盘
1110,13:20:17,17.54,0.01,336,589344,买盘
1111,13:20:11,17.53,--,22,38566,卖盘
1112,13:20:07,17.53,--,2,3506,卖盘
1113,13:20:02,17.53,-0.01,44,77132,卖盘
1114,13:19:56,17.54,0.01,27,47358,买盘
1115,13:19:47,17.53,-0.01,3,5802,卖盘
1116,13:19:41,17.54,--,18,31572,卖盘
1117,13:19:37,17.54,-0.01,4,7016,卖盘
1118,13:19:32,17.55,0.01,26,45630,买盘
1119,13:19:26,17.54,--,19,33326,卖盘
1120,13:19:22,17.54,--,5,8770,卖盘
1121,13:19:17,17.54,--,184,322736,卖盘
1122,13:19:11,17.54,--,4,7016,卖盘
1123,13:19:07,17.54,--,11,19294,卖盘
1124,13:19:02,17.54,--,31,54374,卖盘
1125,13:18:56,17.54,-0.01,7,12278,卖盘
1126,13:18:52,17.55,0.01,1,1755,中性盘
1127,13:18:47,17.54,-0.01,43,75422,卖盘
1128,13:18:41,17.55,0.01,64,112320,买盘
1129,13:18:32,17.54,--,50,87700,卖盘
1130,13:18:26,17.54,--,5,8770,卖盘
1131,13:18:22,17.54,-0.01,5,9980,卖盘
1132,13:18:17,17.55,0.01,35,61425,买盘
1133,13:18:07,17.54,--,54,94716,卖盘
1134,13:18:02,17.54,--,37,64898,卖盘
1135,13:17:56,17.54,--,6,10524,卖盘
1136,13:17:52,17.54,--,5,8770,卖盘
1137,13:17:47,17.54,--,578,1013812,卖盘
1138,13:17:41,17.54,-0.01,15,26310,卖盘
1139,13:17:32,17.55,--,42,73710,买盘
1140,13:17:26,17.55,0.01,10,17550,买盘
1141,13:17:17,17.54,--,232,406928,卖盘
1142,13:17:11,17.54,--,66,115764,卖盘
1143,13:17:07,17.54,-0.01,35,61390,卖盘
1144,13:17:02,17.55,-0.01,79,138645,中性盘
1145,13:16:56,17.56,0.02,5,8780,买盘
1146,13:16:52,17.54,-0.02,4,7016,卖盘
1147,13:16:47,17.56,0.01,30,52679,买盘
1148,13:16:41,17.55,--,9,15795,卖盘
1149,13:16:32,17.55,-0.01,23,40365,卖盘
1150,13:16:26,17.56,--,7,12292,卖盘
1151,13:16:22,17.56,-0.03,4,7023,卖盘
1152,13:16:17,17.59,--,934,1643539,卖盘
1153,13:16:11,17.59,--,607,1067713,卖盘
1154,13:16:06,17.59,--,178,313102,卖盘
1155,13:16:02,17.59,--,38,66842,卖盘
1156,13:15:56,17.59,--,218,383462,卖盘
1157,13:15:47,17.59,--,122,214598,卖盘
1158,13:15:41,17.59,--,483,849597,卖盘
1159,13:15:35,17.59,--,5,8795,卖盘
1160,13:15:32,17.59,--,36,63324,卖盘
1161,13:15:26,17.59,--,413,726467,卖盘
1162,13:15:17,17.59,--,29,51011,卖盘
1163,13:15:11,17.59,-0.01,409,719431,卖盘
1164,13:15:05,17.6,0.01,60,105600,买盘
1165,13:15:02,17.59,--,809,1423031,卖盘
1166,13:14:56,17.59,--,166,291994,卖盘
1167,13:14:47,17.59,--,44,77396,卖盘
1168,13:14:41,17.59,--,529,930511,卖盘
1169,13:14:32,17.59,0.06,1287,2264958,买盘
1170,13:14:26,17.53,-0.04,35,61355,卖盘
1171,13:14:17,17.57,-0.01,89,157813,卖盘
1172,13:14:11,17.58,0.01,12,21095,买盘
1173,13:14:05,17.57,--,76,133532,卖盘
1174,13:14:01,17.57,--,17,29869,卖盘
1175,13:13:56,17.57,0.04,1702,2990730,买盘
1176,13:13:50,17.53,0.01,1,1753,中性盘
1177,13:13:47,17.52,--,191,334632,卖盘
1178,13:13:41,17.52,--,63,110376,卖盘
1179,13:13:35,17.52,-0.01,26,45552,卖盘
1180,13:13:31,17.53,--,73,127969,买盘
1181,13:13:26,17.53,--,5,8765,买盘
1182,13:13:16,17.53,--,72,127898,卖盘
1183,13:13:11,17.53,--,4,7012,卖盘
1184,13:13:05,17.53,--,34,59602,卖盘
1185,13:13:01,17.53,-0.04,4,7012,卖盘
1186,13:12:50,17.57,0.04,89,156373,买盘
1187,13:12:46,17.53,-0.01,529,927337,卖盘
1188,13:12:41,17.54,--,25,43850,买盘
1189,13:12:35,17.54,0.01,32,56128,买盘
1190,13:12:31,17.53,-0.01,49,85897,卖盘
1191,13:12:26,17.54,0.01,22,38588,买盘
1192,13:12:20,17.53,--,37,64861,卖盘
1193,13:12:16,17.53,--,22,38636,卖盘
1194,13:12:11,17.53,--,13,22789,卖盘
1195,13:12:05,17.53,-0.01,1,1753,卖盘
1196,13:12:01,17.54,-0.03,23,40342,卖盘
1197,13:11:56,17.57,0.04,12,21084,买盘
1198,13:11:50,17.53,--,19,33307,卖盘
1199,13:11:46,17.53,-0.04,66,115698,卖盘
1200,13:11:41,17.57,0.04,118,207326,买盘
1201,13:11:35,17.53,--,17,29801,卖盘
1202,13:11:31,17.53,--,36,63108,卖盘
1203,13:11:26,17.53,--,21,36813,卖盘
1204,13:11:20,17.53,-0.04,14,24542,卖盘
1205,13:11:16,17.57,0.01,57,100149,买盘
1206,13:11:11,17.56,0.03,27,47412,买盘
1207,13:11:05,17.53,--,10,17530,卖盘
1208,13:11:01,17.53,-0.03,26,45578,卖盘
1209,13:10:56,17.56,0.03,19,33364,买盘
1210,13:10:50,17.53,--,23,40319,卖盘
1211,13:10:46,17.53,-0.03,6,10518,卖盘
1212,13:10:41,17.56,--,23,40388,买盘
1213,13:10:35,17.56,-0.01,31,54435,买盘
1214,13:10:31,17.57,--,0,0,买盘
1215,13:10:26,17.57,0.04,55,96635,买盘
1216,13:10:20,17.53,--,129,226137,卖盘
1217,13:10:16,17.53,--,2,3506,卖盘
1218,13:10:11,17.53,--,47,82391,卖盘
1219,13:10:05,17.53,-0.04,102,178806,卖盘
1220,13:09:56,17.57,0.04,54,94878,买盘
1221,13:09:50,17.53,--,25,43825,卖盘
1222,13:09:46,17.53,--,2,3506,卖盘
1223,13:09:41,17.53,--,53,92909,卖盘
1224,13:09:35,17.53,--,106,185818,卖盘
1225,13:09:31,17.53,-0.04,4,7012,卖盘
1226,13:09:26,17.57,0.03,21,36897,买盘
1227,13:09:20,17.54,0.01,28,49112,中性盘
1228,13:09:16,17.53,-0.04,9,15777,卖盘
1229,13:09:11,17.57,0.04,22,38654,买盘
1230,13:09:05,17.53,--,45,78885,卖盘
1231,13:08:56,17.53,--,79,138487,卖盘
1232,13:08:50,17.53,--,23,40319,卖盘
1233,13:08:45,17.53,-0.04,3,5259,卖盘
1234,13:08:41,17.57,0.04,23,40411,买盘
1235,13:08:35,17.53,--,57,99921,卖盘
1236,13:08:26,17.53,--,129,226137,卖盘
1237,13:08:20,17.53,--,19,33307,卖盘
1238,13:08:14,17.53,-0.04,7,12271,卖盘
1239,13:08:11,17.57,0.04,92,161644,买盘
1240,13:08:05,17.53,-0.04,235,411955,卖盘
1241,13:07:55,17.57,0.04,189,332073,买盘
1242,13:07:50,17.53,--,505,885843,卖盘
1243,13:07:44,17.53,--,2,3506,卖盘
1244,13:07:40,17.53,-0.01,32,56096,卖盘
1245,13:07:35,17.54,--,45,78930,卖盘
1246,13:07:29,17.54,--,4,7016,卖盘
1247,13:07:25,17.54,-0.01,30,52620,卖盘
1248,13:07:20,17.55,0.01,3,5265,买盘
1249,13:07:14,17.54,-0.02,2,3508,卖盘
1250,13:07:10,17.56,0.01,25,43900,买盘
1251,13:07:05,17.55,0.01,55,96525,买盘
1252,13:06:59,17.54,--,4,7016,卖盘
1253,13:06:55,17.54,-0.01,34,59636,卖盘
1254,13:06:50,17.55,-0.01,1,1755,中性盘
1255,13:06:44,17.56,0.01,21,36876,买盘
1256,13:06:40,17.55,--,44,77220,卖盘
1257,13:06:35,17.55,--,25,43875,卖盘
1258,13:06:25,17.55,-0.01,56,98402,中性盘
1259,13:06:20,17.56,0.01,34,59703,买盘
1260,13:06:14,17.55,0.01,70,122850,买盘
1261,13:06:10,17.54,-0.01,35,61390,卖盘
1262,13:06:05,17.55,0.01,33,57915,买盘
1263,13:05:55,17.54,-0.01,40,70160,卖盘
1264,13:05:50,17.55,0.01,20,35100,买盘
1265,13:05:44,17.54,--,20,35080,卖盘
1266,13:05:40,17.54,-0.01,17,29818,卖盘
1267,13:05:35,17.55,0.01,2,3510,买盘
1268,13:05:29,17.54,-0.01,24,42096,卖盘
1269,13:05:25,17.55,0.01,64,112320,买盘
1270,13:05:20,17.54,--,31,54374,卖盘
1271,13:05:14,17.54,--,2,3508,卖盘
1272,13:05:10,17.54,-0.01,63,110502,卖盘
1273,13:05:05,17.55,--,11,19305,买盘
1274,13:04:59,17.55,--,2,3510,卖盘
1275,13:04:55,17.55,-0.01,9,15795,卖盘
1276,13:04:50,17.56,--,7,12292,买盘
1277,13:04:44,17.56,0.02,17,29851,买盘
1278,13:04:40,17.54,-0.01,36,63144,卖盘
1279,13:04:35,17.55,-0.01,2,3510,中性盘
1280,13:04:29,17.56,0.02,10,17560,买盘
1281,13:04:25,17.54,-0.03,44,77176,卖盘
1282,13:04:20,17.57,--,57,100149,买盘
1283,13:04:14,17.57,0.03,50,87850,买盘
1284,13:04:10,17.54,-0.01,33,57882,卖盘
1285,13:04:05,17.55,-0.02,2,3510,中性盘
1286,13:03:59,17.57,0.03,15,26355,买盘
1287,13:03:55,17.54,-0.03,34,59636,卖盘
1288,13:03:50,17.57,0.03,15,26355,买盘
1289,13:03:44,17.54,--,175,306950,卖盘
1290,13:03:40,17.54,-0.02,5,8770,卖盘
1291,13:03:35,17.56,--,411,721716,中性盘
1292,13:03:29,17.56,--,28,49168,卖盘
1293,13:03:25,17.56,-0.01,4,7023,卖盘
1294,13:03:20,17.57,0.01,55,96635,买盘
1295,13:03:14,17.56,-0.01,42,73752,卖盘
1296,13:03:10,17.57,--,134,235438,买盘
1297,13:03:05,17.57,--,122,214354,买盘
1298,13:02:59,17.57,0.01,108,189756,买盘
1299,13:02:55,17.56,0.01,35,61459,买盘
1300,13:02:50,17.55,-0.01,46,80730,卖盘
1301,13:02:44,17.56,--,83,145748,买盘
1302,13:02:35,17.56,--,49,86044,买盘
1303,13:02:29,17.56,0.02,75,131700,买盘
1304,13:02:25,17.54,--,13,22802,卖盘
1305,13:02:20,17.54,--,82,143828,卖盘
1306,13:02:14,17.54,--,213,373602,卖盘
1307,13:02:10,17.54,-0.02,18,31572,卖盘
1308,13:02:05,17.56,0.02,25,43900,买盘
1309,13:01:59,17.54,--,143,250822,卖盘
1310,13:01:55,17.54,-0.01,13,22802,卖盘
1311,13:01:50,17.55,--,431,756405,买盘
1312,13:01:44,17.55,0.01,55,96525,买盘
1313,13:01:39,17.54,--,16,28064,卖盘
1314,13:01:35,17.54,-0.01,35,61390,卖盘
1315,13:01:29,17.55,0.01,10,17550,买盘
1316,13:01:24,17.54,--,55,96470,卖盘
1317,13:01:20,17.54,-0.01,33,57882,卖盘
1318,13:01:14,17.55,0.01,137,240435,买盘
1319,13:01:08,17.54,--,314,550756,卖盘
1320,13:01:04,17.54,-0.01,24,42096,卖盘
1321,13:00:59,17.55,0.01,26,45630,买盘
1322,13:00:53,17.54,--,59,103486,卖盘
1323,13:00:49,17.54,--,56,98224,卖盘
1324,13:00:44,17.54,--,83,145582,卖盘
1325,13:00:38,17.54,--,13,22802,卖盘
1326,13:00:34,17.54,-0.01,30,52620,卖盘
1327,13:00:29,17.55,0.01,58,101790,买盘
1328,13:00:23,17.54,-0.01,16,28064,卖盘
1329,13:00:19,17.55,-0.01,259,454545,卖盘
1330,13:00:14,17.56,0.01,290,509239,买盘
1331,13:00:08,17.55,-0.01,244,428220,卖盘
1332,13:00:04,17.56,-0.01,358,629526,卖盘
1333,11:30:00,17.57,--,0,0,买盘
1334,11:30:00,17.57,--,0,0,买盘
1335,11:29:59,17.57,0.01,58,101906,买盘
1336,11:29:54,17.56,--,17,29851,卖盘
1337,11:29:50,17.56,-0.01,28,49168,卖盘
1338,11:29:45,17.57,0.01,47,82579,中性盘
1339,11:29:39,17.56,-0.02,41,71996,卖盘
1340,11:29:35,17.58,0.01,69,121301,买盘
1341,11:29:30,17.57,-0.01,70,122990,卖盘
1342,11:29:24,17.58,--,17,29885,买盘
1343,11:29:20,17.58,--,38,66804,买盘
1344,11:29:15,17.58,--,65,114269,买盘
1345,11:29:09,17.58,0.01,30,52739,中性盘
1346,11:29:05,17.57,-0.03,71,124747,卖盘
1347,11:29:00,17.6,--,67,117920,买盘
1348,11:28:54,17.6,--,65,114400,买盘
1349,11:28:50,17.6,0.02,57,100320,买盘
1350,11:28:45,17.58,-0.01,62,108995,卖盘
1351,11:28:39,17.59,0.02,1,1759,买盘
1352,11:28:35,17.57,-0.02,144,253008,卖盘
1353,11:28:30,17.59,0.03,246,432714,买盘
1354,11:28:24,17.56,-0.03,23,40388,卖盘
1355,11:28:20,17.59,0.03,227,399293,买盘
1356,11:28:15,17.56,--,121,212475,卖盘
1357,11:28:09,17.56,--,11,19316,卖盘
1358,11:28:05,17.56,--,32,56191,卖盘
1359,11:28:00,17.56,--,109,191404,卖盘
1360,11:27:54,17.56,--,2,3511,卖盘
1361,11:27:50,17.56,-0.01,319,560164,卖盘
1362,11:27:45,17.57,0.01,86,151102,中性盘
1363,11:27:35,17.56,--,225,395100,卖盘
1364,11:27:30,17.56,0.01,40,70240,中性盘
1365,11:27:24,17.55,--,36,63180,卖盘
1366,11:27:15,17.55,--,58,101790,卖盘
1367,11:27:09,17.55,--,154,270270,卖盘
1368,11:27:05,17.55,--,49,85995,卖盘
1369,11:27:00,17.55,--,313,549315,卖盘
1370,11:26:54,17.55,--,784,1375920,卖盘
1371,11:26:45,17.55,--,3014,5289570,卖盘
1372,11:26:39,17.55,-0.03,2197,3855735,卖盘
1373,11:26:30,17.58,0.03,39,68562,买盘
1374,11:26:24,17.55,--,66,115830,卖盘
1375,11:26:20,17.55,--,4,7020,卖盘
1376,11:26:15,17.55,-0.03,49,85995,卖盘
1377,11:26:09,17.58,0.03,74,130091,买盘
1378,11:26:05,17.55,-0.01,63,110565,卖盘
1379,11:26:00,17.56,--,154,270424,卖盘
1380,11:25:54,17.56,--,284,498703,买盘
1381,11:25:50,17.56,-0.02,181,317836,卖盘
1382,11:25:45,17.58,0.03,262,460595,买盘
1383,11:25:39,17.55,-0.01,323,566865,卖盘
1384,11:25:35,17.56,--,4,7023,卖盘
1385,11:25:30,17.56,--,128,224767,卖盘
1386,11:25:24,17.56,--,115,201939,卖盘
1387,11:25:20,17.56,-0.02,15,26339,卖盘
1388,11:25:15,17.58,0.02,274,481691,买盘
1389,11:25:09,17.56,0.01,53,93068,买盘
1390,11:25:05,17.55,-0.01,10,17550,卖盘
1391,11:24:59,17.56,--,60,105359,买盘
1392,11:24:54,17.56,0.01,174,305544,买盘
1393,11:24:50,17.55,-0.02,116,203580,卖盘
1394,11:24:44,17.57,--,321,563997,买盘
1395,11:24:39,17.57,0.02,10,17570,买盘
1396,11:24:35,17.55,-0.02,17,29835,卖盘
1397,11:24:29,17.57,--,20,35140,买盘
1398,11:24:24,17.57,0.03,50,87850,买盘
1399,11:24:19,17.54,--,20,35080,卖盘
1400,11:24:14,17.54,--,54,94716,卖盘
1401,11:24:09,17.54,--,28,49112,卖盘
1402,11:24:04,17.54,--,13,22802,卖盘
1403,11:23:59,17.54,-0.01,65,114010,卖盘
1404,11:23:54,17.55,0.01,27,47385,买盘
1405,11:23:48,17.54,-0.01,14,24556,卖盘
1406,11:23:44,17.55,0.01,91,159705,卖盘
1407,11:23:39,17.54,--,89,156106,卖盘
1408,11:23:34,17.54,--,4,7016,卖盘
1409,11:23:29,17.54,--,214,375356,卖盘
1410,11:23:24,17.54,--,78,136812,卖盘
1411,11:23:18,17.54,-0.01,6,10524,卖盘
1412,11:23:14,17.55,0.01,89,156195,买盘
1413,11:23:09,17.54,--,392,687568,卖盘
1414,11:23:03,17.54,--,4,7016,卖盘
1415,11:22:59,17.54,0.01,620,1087480,买盘
1416,11:22:54,17.53,-0.01,44,77132,卖盘
1417,11:22:44,17.54,0.01,78,136812,买盘
1418,11:22:39,17.53,--,10,17530,卖盘
1419,11:22:33,17.53,--,1,1753,卖盘
1420,11:22:29,17.53,-0.01,42,73626,卖盘
1421,11:22:24,17.54,0.01,88,154352,买盘
1422,11:22:18,17.53,-0.01,23,40319,卖盘
1423,11:22:14,17.54,0.01,17,29818,买盘
1424,11:22:09,17.53,--,71,124463,卖盘
1425,11:21:59,17.53,-0.01,135,236655,卖盘
1426,11:21:54,17.54,0.01,34,59636,买盘
1427,11:21:44,17.53,-0.01,49,85897,卖盘
1428,11:21:39,17.54,-0.04,29,50866,卖盘
1429,11:21:29,17.58,0.05,10,17580,买盘
1430,11:21:24,17.53,-0.04,89,156017,卖盘
1431,11:21:18,17.57,--,0,0,买盘
1432,11:21:14,17.57,0.04,181,318017,买盘
1433,11:21:09,17.53,-0.01,18,31554,卖盘
1434,11:20:59,17.54,-0.04,10,17540,卖盘
1435,11:20:54,17.58,0.05,17,29885,买盘
1436,11:20:48,17.53,--,0,0,卖盘
1437,11:20:44,17.53,-0.05,24,42177,卖盘
1438,11:20:39,17.58,0.05,10,17580,买盘
1439,11:20:33,17.53,--,20,35060,卖盘
1440,11:20:29,17.53,-0.05,55,96415,卖盘
1441,11:20:24,17.58,0.04,259,455321,买盘
1442,11:20:18,17.54,0.01,613,1075202,买盘
1443,11:20:14,17.53,-0.01,194,340082,卖盘
1444,11:20:09,17.54,0.01,66,115764,买盘
1445,11:20:03,17.53,-0.01,190,333070,卖盘
1446,11:19:54,17.54,--,15,26310,买盘
1447,11:19:48,17.54,0.01,18,31572,买盘
1448,11:19:44,17.53,--,24,42072,卖盘
1449,11:19:39,17.53,-0.01,13,22789,卖盘
1450,11:19:33,17.54,0.01,11,19294,买盘
1451,11:19:29,17.53,-0.01,5,8765,卖盘
1452,11:19:24,17.54,0.01,9,15786,买盘
1453,11:19:18,17.53,--,21,36813,卖盘
1454,11:19:14,17.53,--,2,3506,卖盘
1455,11:19:09,17.53,-0.01,17,29801,卖盘
1456,11:19:03,17.54,--,21,36834,买盘
1457,11:18:54,17.54,0.01,10,17540,买盘
1458,11:18:48,17.53,--,22,38566,卖盘
1459,11:18:44,17.53,-0.01,3,5259,卖盘
1460,11:18:39,17.54,--,14,24556,买盘
1461,11:18:33,17.54,0.01,104,182416,买盘
1462,11:18:29,17.53,-0.01,218,382154,卖盘
1463,11:18:24,17.54,--,15,26310,买盘
1464,11:18:18,17.54,0.01,21,36834,买盘
1465,11:18:14,17.53,--,2,3506,卖盘
1466,11:18:09,17.53,--,27,47331,卖盘
1467,11:18:02,17.53,--,65,113945,卖盘
1468,11:17:59,17.53,-0.01,4,7012,卖盘
1469,11:17:54,17.54,0.01,20,35080,买盘
1470,11:17:48,17.53,--,40,70120,卖盘
1471,11:17:44,17.53,-0.01,11,19283,卖盘
1472,11:17:39,17.54,--,7,12278,买盘
1473,11:17:33,17.54,--,39,68406,买盘
1474,11:17:28,17.54,-0.01,78,137671,卖盘
1475,11:17:24,17.55,0.01,7,12285,买盘
1476,11:17:18,17.54,--,40,70160,卖盘
1477,11:17:13,17.54,-0.01,2,3508,卖盘
1478,11:17:08,17.55,--,141,247455,买盘
1479,11:17:03,17.55,0.01,224,394015,买盘
1480,11:16:59,17.54,-0.01,3,5262,卖盘
1481,11:16:53,17.55,0.01,39,68445,买盘
1482,11:16:48,17.54,--,63,110502,卖盘
1483,11:16:42,17.54,-0.01,7,12278,卖盘
1484,11:16:38,17.55,--,7,12285,买盘
1485,11:16:33,17.55,0.01,25,43875,买盘
1486,11:16:27,17.54,-0.01,4,7016,卖盘
1487,11:16:23,17.55,0.01,9,15795,买盘
1488,11:16:18,17.54,--,28,49112,卖盘
1489,11:16:12,17.54,-0.01,3,5262,卖盘
1490,11:16:08,17.55,0.01,22,38610,买盘
1491,11:16:03,17.54,-0.01,49,85946,卖盘
1492,11:15:53,17.55,--,85,149175,买盘
1493,11:15:48,17.55,0.02,110,193050,买盘
1494,11:15:42,17.53,-0.02,2,3506,卖盘
1495,11:15:38,17.55,0.02,181,317655,买盘
1496,11:15:33,17.53,-0.01,171,299763,卖盘
1497,11:15:26,17.54,0.01,40,70160,买盘
1498,11:15:23,17.53,-0.01,346,606538,卖盘
1499,11:15:18,17.54,--,130,228125,卖盘
1500,11:15:12,17.54,-0.01,22,38588,卖盘
1501,11:15:08,17.55,0.01,55,96525,买盘
1502,11:15:03,17.54,-0.01,126,221004,卖盘
1503,11:14:57,17.55,--,41,71955,买盘
1504,11:14:53,17.55,--,250,438750,买盘
1505,11:14:48,17.55,0.02,28,49140,买盘
1506,11:14:42,17.53,-0.02,2,3506,卖盘
1507,11:14:38,17.55,--,10,17550,卖盘
1508,11:14:33,17.55,0.02,12,21060,中性盘
1509,11:14:27,17.53,-0.07,2,3506,中性盘
1510,11:14:23,17.6,0.09,12,21120,买盘
1511,11:14:18,17.51,--,25,43775,卖盘
1512,11:14:12,17.51,-0.12,2,3502,卖盘
1513,11:14:08,17.63,--,33,58179,买盘
1514,11:14:03,17.63,0.13,2268,3998484,买盘
1515,11:13:56,17.5,-0.02,6652,11641000,卖盘
1516,11:13:53,17.52,--,154,269808,卖盘
1517,11:13:48,17.52,--,107,187464,卖盘
1518,11:13:42,17.52,-0.01,28,49056,卖盘
1519,11:13:38,17.53,--,144,252432,买盘
1520,11:13:32,17.53,--,137,240161,卖盘
1521,11:13:26,17.53,--,38,66614,卖盘
1522,11:13:23,17.53,--,15,26295,卖盘
1523,11:13:18,17.53,--,80,140240,卖盘
1524,11:13:11,17.53,--,7,12271,卖盘
1525,11:13:08,17.53,0.01,227,397931,买盘
1526,11:13:03,17.52,--,31,54312,卖盘
1527,11:12:57,17.52,--,12,21024,卖盘
1528,11:12:53,17.52,--,84,147168,卖盘
1529,11:12:48,17.52,--,67,117384,卖盘
1530,11:12:41,17.52,--,49,85848,卖盘
1531,11:12:38,17.52,--,18,31536,卖盘
1532,11:12:32,17.52,--,171,299592,卖盘
1533,11:12:26,17.52,-0.01,2508,4394016,卖盘
1534,11:12:23,17.53,--,1,1753,卖盘
1535,11:12:18,17.53,--,9,15777,卖盘
1536,11:12:11,17.53,--,4,7012,卖盘
1537,11:12:08,17.53,-0.01,34,59602,卖盘
1538,11:12:02,17.54,--,10,17540,卖盘
1539,11:11:56,17.54,--,74,129796,卖盘
1540,11:11:47,17.54,-0.01,117,205218,卖盘
1541,11:11:41,17.55,0.01,39,70182,买盘
1542,11:11:38,17.54,--,61,106994,卖盘
1543,11:11:32,17.54,-0.01,94,164876,卖盘
1544,11:11:26,17.55,0.01,100,175500,买盘
1545,11:11:23,17.54,--,59,103486,卖盘
1546,11:11:17,17.54,--,4,7016,卖盘
1547,11:11:11,17.54,--,86,150844,卖盘
1548,11:11:02,17.54,--,103,180662,卖盘
1549,11:10:56,17.54,--,84,147336,卖盘
1550,11:10:53,17.54,--,15,26310,卖盘
1551,11:10:47,17.54,--,89,156106,卖盘
1552,11:10:41,17.54,--,17,29818,卖盘
1553,11:10:38,17.54,-0.01,81,142074,卖盘
1554,11:10:32,17.55,0.01,147,257985,买盘
1555,11:10:26,17.54,-0.01,194,340276,卖盘
1556,11:10:22,17.55,0.01,23,40365,买盘
1557,11:10:17,17.54,--,47,82438,卖盘
1558,11:10:11,17.54,--,9,15786,卖盘
1559,11:10:05,17.54,--,5,8770,卖盘
1560,11:10:02,17.54,--,18,31572,卖盘
1561,11:09:56,17.54,--,230,403420,卖盘
1562,11:09:50,17.54,--,8,14032,卖盘
1563,11:09:47,17.54,--,255,447270,卖盘
1564,11:09:41,17.54,-0.01,29,50866,卖盘
1565,11:09:35,17.55,0.01,24,42120,买盘
1566,11:09:32,17.54,--,8,14032,卖盘
1567,11:09:26,17.54,--,274,480596,卖盘
1568,11:09:20,17.54,0.01,704,1235657,买盘
1569,11:09:17,17.53,--,189,331317,卖盘
1570,11:09:11,17.53,--,472,827819,卖盘
1571,11:09:05,17.53,--,138,241914,卖盘
1572,11:09:02,17.53,--,11,19283,卖盘
1573,11:08:56,17.53,--,405,709965,卖盘
1574,11:08:50,17.53,--,14,24542,卖盘
1575,11:08:47,17.53,--,137,240161,卖盘
1576,11:08:41,17.53,--,16,28048,卖盘
1577,11:08:35,17.53,--,9,15777,卖盘
1578,11:08:32,17.53,--,178,312034,卖盘
1579,11:08:26,17.53,--,10,17530,卖盘
1580,11:08:20,17.53,--,11,19283,卖盘
1581,11:08:17,17.53,--,113,198089,卖盘
1582,11:08:11,17.53,--,161,282233,卖盘
1583,11:08:05,17.53,-0.01,4,7012,卖盘
1584,11:08:02,17.54,0.01,10,17540,买盘
1585,11:07:56,17.53,--,5,8765,卖盘
1586,11:07:50,17.53,--,46,80638,卖盘
1587,11:07:47,17.53,--,11,19283,卖盘
1588,11:07:41,17.53,-0.01,10,17530,卖盘
1589,11:07:32,17.54,-0.01,14,24556,买盘
1590,11:07:26,17.55,0.02,2,3510,买盘
1591,11:07:20,17.53,-0.03,119,208799,卖盘
1592,11:07:17,17.56,--,1583,2779748,卖盘
1593,11:07:11,17.56,--,73,128187,卖盘
1594,11:07:05,17.56,--,9,15803,卖盘
1595,11:07:02,17.56,--,10,19140,卖盘
1596,11:06:56,17.56,--,165,289740,卖盘
1597,11:06:50,17.56,--,57,100091,卖盘
1598,11:06:47,17.56,--,8,14047,卖盘
1599,11:06:41,17.56,--,133,233547,卖盘
1600,11:06:32,17.56,--,348,611088,卖盘
1601,11:06:26,17.56,0.04,816,1434634,买盘
1602,11:06:20,17.52,--,35,61320,卖盘
1603,11:06:17,17.52,--,59,103368,卖盘
1604,11:06:11,17.52,-0.02,1277,2238004,卖盘
1605,11:06:05,17.54,0.01,2,3508,买盘
1606,11:06:02,17.53,--,1384,2426152,卖盘
1607,11:05:56,17.53,--,9,15777,卖盘
1608,11:05:50,17.53,--,52,91156,卖盘
1609,11:05:47,17.53,--,7,12271,卖盘
1610,11:05:41,17.53,--,120,210360,卖盘
1611,11:05:35,17.53,-0.01,104,182312,卖盘
1612,11:05:32,17.54,--,40,70160,买盘
1613,11:05:26,17.54,0.01,693,1215522,买盘
1614,11:05:17,17.53,--,16,28048,卖盘
1615,11:05:11,17.53,--,180,315540,卖盘
1616,11:05:05,17.53,-0.01,6,10518,卖盘
1617,11:04:56,17.54,--,238,417452,卖盘
1618,11:04:47,17.54,--,29,50866,卖盘
1619,11:04:41,17.54,--,74,129796,卖盘
1620,11:04:35,17.54,--,5,8770,卖盘
1621,11:04:32,17.54,--,307,538478,卖盘
1622,11:04:26,17.54,--,46,80684,卖盘
1623,11:04:20,17.54,-0.01,173,303442,卖盘
1624,11:04:17,17.55,--,334,586170,卖盘
1625,11:04:11,17.55,--,20,35100,卖盘
1626,11:04:05,17.55,--,12,21060,卖盘
1627,11:04:02,17.55,--,7,12285,卖盘
1628,11:03:56,17.55,-0.02,4,7020,卖盘
1629,11:03:50,17.57,0.01,1052,1848364,买盘
1630,11:03:46,17.56,--,7,12292,卖盘
1631,11:03:41,17.56,0.01,289,507483,买盘
1632,11:03:35,17.55,--,18,31590,卖盘
1633,11:03:31,17.55,--,13,22815,卖盘
1634,11:03:26,17.55,--,96,168480,卖盘
1635,11:03:20,17.55,--,5,8775,卖盘
1636,11:03:16,17.55,0.02,304,533520,买盘
1637,11:03:11,17.53,--,12,21036,卖盘
1638,11:03:05,17.53,-0.02,5,8765,卖盘
1639,11:03:01,17.55,0.02,20,35100,买盘
1640,11:02:56,17.53,--,193,338329,卖盘
1641,11:02:50,17.53,--,4,7012,卖盘
1642,11:02:46,17.53,--,20,35060,卖盘
1643,11:02:41,17.53,-0.02,16,28048,卖盘
1644,11:02:35,17.55,0.02,10,17550,买盘
1645,11:02:26,17.53,--,914,1602242,买盘
1646,11:02:20,17.53,0.01,327,573231,买盘
1647,11:02:14,17.52,--,15,26280,卖盘
1648,11:02:11,17.52,--,188,330357,卖盘
1649,11:02:05,17.52,--,1047,1834344,卖盘
1650,11:01:59,17.52,--,0,0,卖盘
1651,11:01:56,17.52,-0.01,145,254040,卖盘
1652,11:01:50,17.53,0.01,98,172179,买盘
1653,11:01:44,17.52,--,19,33288,卖盘
1654,11:01:41,17.52,--,217,380184,卖盘
1655,11:01:35,17.52,--,131,229512,卖盘
1656,11:01:29,17.52,--,113,197976,卖盘
1657,11:01:26,17.52,--,37,64824,卖盘
1658,11:01:20,17.52,--,816,1429632,卖盘
1659,11:01:14,17.52,--,437,765624,卖盘
1660,11:01:11,17.52,--,284,497568,卖盘
1661,11:01:05,17.52,-0.01,174,305916,卖盘
1662,11:00:56,17.53,--,87,152511,卖盘
1663,11:00:50,17.53,--,1013,1775789,卖盘
1664,11:00:44,17.53,--,14,24542,卖盘
1665,11:00:41,17.53,--,15,26295,卖盘
1666,11:00:35,17.53,--,174,305022,卖盘
1667,11:00:29,17.53,--,108,190025,卖盘
1668,11:00:26,17.53,--,1139,1997368,卖盘
1669,11:00:20,17.53,-0.01,54,94662,卖盘
1670,11:00:14,17.54,--,66,116465,卖盘
1671,11:00:11,17.54,--,868,1522822,卖盘
1672,11:00:05,17.54,-0.01,832,1459976,卖盘
1673,10:59:59,17.55,--,258,453492,卖盘
1674,10:59:56,17.55,--,155,272025,卖盘
1675,10:59:50,17.55,--,97,170937,卖盘
1676,10:59:44,17.55,--,228,400842,卖盘
1677,10:59:41,17.55,-0.01,523,919269,卖盘
1678,10:59:35,17.56,--,620,1088842,卖盘
1679,10:59:29,17.56,--,91,159796,卖盘
1680,10:59:26,17.56,--,863,1516709,卖盘
1681,10:59:20,17.56,--,613,1077481,卖盘
1682,10:59:14,17.56,--,22,38632,卖盘
1683,10:59:11,17.56,--,133,233547,卖盘
1684,10:59:05,17.56,--,651,1143156,卖盘
1685,10:58:59,17.56,--,10,17560,卖盘
1686,10:58:56,17.56,--,263,463232,卖盘
1687,10:58:50,17.56,-0.01,1674,2940246,卖盘
1688,10:58:44,17.57,--,473,831061,卖盘
1689,10:58:41,17.57,-0.01,57,100149,卖盘
1690,10:58:35,17.58,0.01,1200,2109600,买盘
1691,10:58:29,17.57,-0.01,71,124747,卖盘
1692,10:58:26,17.58,0.01,24,42191,买盘
1693,10:58:20,17.57,-0.01,12,21084,卖盘
1694,10:58:14,17.58,0.01,175,307649,买盘
1695,10:58:11,17.57,--,11,19327,卖盘
1696,10:58:05,17.57,--,175,307475,卖盘
1697,10:57:59,17.57,-0.01,54,94878,卖盘
1698,10:57:56,17.58,--,105,184589,买盘
1699,10:57:50,17.58,0.01,199,349841,买盘
1700,10:57:40,17.57,--,206,361942,卖盘
1701,10:57:35,17.57,--,106,186242,卖盘
1702,10:57:29,17.57,-0.01,199,349643,卖盘
1703,10:57:20,17.58,0.01,15,26369,买盘
1704,10:57:14,17.57,--,11,19327,卖盘
1705,10:57:05,17.57,--,33,57981,卖盘
1706,10:56:59,17.57,--,23,40411,卖盘
1707,10:56:50,17.57,--,37,65009,卖盘
1708,10:56:44,17.57,--,18,31626,卖盘
1709,10:56:40,17.57,--,7,12299,卖盘
1710,10:56:35,17.57,--,67,117719,卖盘
1711,10:56:29,17.57,--,124,217868,卖盘
1712,10:56:20,17.57,--,18,31626,卖盘
1713,10:56:14,17.57,-0.01,23,40411,卖盘
1714,10:56:10,17.58,0.01,1,1757,买盘
1715,10:56:05,17.57,--,1,1757,卖盘
1716,10:55:59,17.57,-0.01,11,19327,卖盘
1717,10:55:50,17.58,--,2139,3761715,卖盘
1718,10:55:44,17.58,--,247,434225,卖盘
1719,10:55:35,17.58,--,69,121301,卖盘
1720,10:55:29,17.58,-0.01,110,193379,卖盘
1721,10:55:25,17.59,0.01,198,348282,买盘
1722,10:55:20,17.58,--,40,70320,卖盘
1723,10:55:14,17.58,--,44,77351,卖盘
1724,10:55:09,17.58,-0.01,10,17580,卖盘
1725,10:55:05,17.59,0.01,45,79155,买盘
1726,10:54:59,17.58,--,11,19337,卖盘
1727,10:54:50,17.58,--,254,446531,卖盘
1728,10:54:44,17.58,--,18,31643,卖盘
1729,10:54:35,17.58,--,35,61529,卖盘
1730,10:54:29,17.58,--,20,35160,卖盘
1731,10:54:23,17.58,-0.01,2,3515,卖盘
1732,10:54:20,17.59,0.01,47,82673,买盘
1733,10:54:14,17.58,--,2,3515,卖盘
1734,10:54:08,17.58,--,15,26369,卖盘
1735,10:54:05,17.58,--,24,42191,卖盘
1736,10:53:59,17.58,--,36,63991,卖盘
1737,10:53:53,17.58,--,4,7031,卖盘
1738,10:53:50,17.58,--,52,92119,卖盘
1739,10:53:44,17.58,-0.01,39,69265,卖盘
1740,10:53:38,17.59,--,1,1759,卖盘
1741,10:53:35,17.59,--,7,12313,卖盘
1742,10:53:29,17.59,-0.02,26,45734,卖盘
1743,10:53:23,17.61,0.02,910,1602510,买盘
1744,10:53:20,17.59,0.01,54,94986,买盘
1745,10:53:14,17.58,-0.01,6,10547,卖盘
1746,10:53:05,17.59,0.01,15,26385,买盘
1747,10:52:50,17.58,--,10,17580,卖盘
1748,10:52:44,17.58,--,45,79109,卖盘
1749,10:52:35,17.58,-0.01,12,21095,卖盘
1750,10:52:29,17.59,0.01,36,63324,买盘
1751,10:52:23,17.58,--,12,21095,卖盘
1752,10:52:20,17.58,--,173,304133,卖盘
1753,10:52:14,17.58,--,14,24611,卖盘
1754,10:51:59,17.58,--,24,42455,卖盘
1755,10:51:53,17.58,-0.01,15,26369,卖盘
1756,10:51:50,17.59,0.01,22,38698,买盘
1757,10:51:44,17.58,-0.01,14,24611,卖盘
1758,10:51:38,17.59,0.01,24,42216,买盘
1759,10:51:35,17.58,--,33,58013,卖盘
1760,10:51:29,17.58,--,114,201290,卖盘
1761,10:51:23,17.58,--,15,26369,卖盘
1762,10:51:19,17.58,--,42,73836,卖盘
1763,10:51:14,17.58,--,10,17580,卖盘
1764,10:51:04,17.58,-0.01,40,70320,卖盘
1765,10:50:59,17.59,0.01,389,684251,买盘
1766,10:50:53,17.58,--,95,167009,卖盘
1767,10:50:50,17.58,-0.01,18,31643,卖盘
1768,10:50:44,17.59,0.01,15,26385,买盘
1769,10:50:38,17.58,--,212,372695,卖盘
1770,10:50:29,17.58,--,59,103721,卖盘
1771,10:50:19,17.58,--,12,21095,卖盘
1772,10:50:14,17.58,--,39,68562,卖盘
1773,10:50:04,17.58,--,48,84383,卖盘
1774,10:49:59,17.58,--,76,133608,卖盘
1775,10:49:49,17.58,-0.01,47,82625,卖盘
1776,10:49:44,17.59,0.01,221,388739,买盘
1777,10:49:38,17.58,--,11,19337,卖盘
1778,10:49:29,17.58,--,5,8790,卖盘
1779,10:49:23,17.58,--,10,17580,卖盘
1780,10:49:19,17.58,--,10,17580,卖盘
1781,10:49:14,17.58,--,549,965141,卖盘
1782,10:49:08,17.58,--,234,412040,买盘
1783,10:48:59,17.58,--,232,408945,卖盘
1784,10:48:49,17.58,--,7,12305,卖盘
1785,10:48:44,17.58,--,33,58013,卖盘
1786,10:48:38,17.58,--,72,126575,卖盘
1787,10:48:34,17.58,--,56,98447,卖盘
1788,10:48:29,17.58,--,10,17580,卖盘
1789,10:48:23,17.58,0.01,1432,2518124,买盘
1790,10:48:19,17.57,--,15,26355,卖盘
1791,10:48:14,17.57,--,2,3514,卖盘
1792,10:48:08,17.57,-0.01,24,42168,卖盘
1793,10:48:04,17.58,--,5,8790,买盘
1794,10:47:59,17.58,--,262,461158,卖盘
1795,10:47:53,17.58,-0.01,490,861419,卖盘
1796,10:47:49,17.59,0.01,30,52770,买盘
1797,10:47:44,17.58,-0.01,418,734843,卖盘
1798,10:47:38,17.59,--,520,914680,买盘
1799,10:47:34,17.59,--,2,3518,买盘
1800,10:47:29,17.59,0.01,111,195249,买盘
1801,10:47:14,17.58,--,40,70320,卖盘
1802,10:47:08,17.58,-0.01,453,796373,卖盘
1803,10:47:02,17.59,--,4,7036,卖盘
1804,10:46:59,17.59,0.01,41,72294,买盘
1805,10:46:53,17.58,--,5,8790,卖盘
1806,10:46:47,17.58,--,7,12305,卖盘
1807,10:46:44,17.58,--,52,91415,卖盘
1808,10:46:38,17.58,--,524,921191,卖盘
1809,10:46:32,17.58,--,18,31643,卖盘
1810,10:46:29,17.58,--,40,70320,卖盘
1811,10:46:23,17.58,--,31,54497,卖盘
1812,10:46:17,17.58,--,42,73836,卖盘
1813,10:46:14,17.58,--,251,441257,卖盘
1814,10:46:08,17.58,--,115,202486,卖盘
1815,10:46:02,17.58,--,125,219749,卖盘
1816,10:45:59,17.58,--,4,7031,卖盘
1817,10:45:53,17.58,--,218,383243,卖盘
1818,10:45:47,17.58,--,12,21095,卖盘
1819,10:45:44,17.58,-0.01,61,107237,卖盘
1820,10:45:38,17.59,0.01,54,94986,买盘
1821,10:45:32,17.58,--,32,56255,卖盘
1822,10:45:29,17.58,--,41,72078,卖盘
1823,10:45:23,17.58,--,266,467627,卖盘
1824,10:45:17,17.58,--,224,393791,卖盘
1825,10:45:14,17.58,--,35,61529,卖盘
1826,10:45:08,17.58,-0.02,503,885856,卖盘
1827,10:45:02,17.6,--,7,12320,卖盘
1828,10:44:59,17.6,--,4,7040,卖盘
1829,10:44:53,17.6,0.01,231,406736,买盘
1830,10:44:47,17.59,--,335,589265,卖盘
1831,10:44:43,17.59,0.01,301,529459,买盘
1832,10:44:38,17.58,--,217,381485,卖盘
1833,10:44:32,17.58,--,11,19337,卖盘
1834,10:44:28,17.58,-0.01,4,7031,卖盘
1835,10:44:17,17.59,--,82,144238,卖盘
1836,10:44:13,17.59,--,2,3518,卖盘
1837,10:44:08,17.59,0.01,10,17590,买盘
1838,10:44:02,17.58,-0.01,8,14063,卖盘
1839,10:43:53,17.59,0.01,1,1759,卖盘
1840,10:43:47,17.58,-0.01,12,21095,卖盘
1841,10:43:43,17.59,0.01,21,36939,买盘
1842,10:43:38,17.58,-0.01,5,8790,卖盘
1843,10:43:32,17.59,0.01,3,5277,买盘
1844,10:43:28,17.58,-0.02,14,24611,卖盘
1845,10:43:23,17.6,0.01,13,22880,买盘
1846,10:43:17,17.59,--,5,8795,卖盘
1847,10:43:13,17.59,--,6,10554,中性盘
1848,10:43:08,17.59,--,4,7036,卖盘
1849,10:43:02,17.59,0.01,1,1759,中性盘
1850,10:42:58,17.58,--,5,8790,卖盘
1851,10:42:53,17.58,--,6,10547,卖盘
1852,10:42:47,17.58,--,4,7031,卖盘
1853,10:42:43,17.58,--,117,205685,卖盘
1854,10:42:38,17.58,--,5,8790,卖盘
1855,10:42:28,17.58,-0.01,8,14063,卖盘
1856,10:42:23,17.59,--,45,79155,卖盘
1857,10:42:17,17.59,--,0,0,卖盘
1858,10:42:13,17.59,--,444,780996,卖盘
1859,10:42:08,17.59,--,19,33421,卖盘
1860,10:42:02,17.59,--,7,12313,卖盘
1861,10:41:58,17.59,-0.01,5,8795,卖盘
1862,10:41:47,17.6,0.01,10,17600,买盘
1863,10:41:43,17.59,--,13,22867,卖盘
1864,10:41:32,17.59,0.01,52,91468,买盘
1865,10:41:28,17.58,--,76,133608,卖盘
1866,10:41:23,17.58,--,56,98447,卖盘
1867,10:41:17,17.58,--,103,181777,卖盘
1868,10:41:13,17.58,--,67,117785,卖盘
1869,10:41:08,17.58,--,58,101963,卖盘
1870,10:41:02,17.58,--,877,1541765,卖盘
1871,10:40:53,17.58,--,15,26369,卖盘
1872,10:40:47,17.58,--,429,754181,买盘
1873,10:40:43,17.58,--,15,26369,卖盘
1874,10:40:38,17.58,--,10,17580,卖盘
1875,10:40:32,17.58,--,0,0,卖盘
1876,10:40:28,17.58,--,10,17580,卖盘
1877,10:40:23,17.58,0.01,73,129037,买盘
1878,10:40:17,17.57,--,326,573133,卖盘
1879,10:40:13,17.57,--,802,1409114,卖盘
1880,10:40:08,17.57,-0.01,559,982742,卖盘
1881,10:40:02,17.58,--,27,47465,卖盘
1882,10:39:57,17.58,--,93,164197,卖盘
1883,10:39:53,17.58,--,127,223582,卖盘
1884,10:39:47,17.58,--,924,1625622,卖盘
1885,10:39:43,17.58,--,38,67507,卖盘
1886,10:39:38,17.58,--,146,256667,卖盘
1887,10:39:32,17.58,-0.01,327,576465,卖盘
1888,10:39:23,17.59,--,480,844320,卖盘
1889,10:39:17,17.59,--,176,310287,卖盘
1890,10:39:11,17.59,-0.01,357,627963,卖盘
1891,10:39:08,17.6,--,285,501600,卖盘
1892,10:39:02,17.6,--,226,397760,卖盘
1893,10:38:56,17.6,--,74,130240,卖盘
1894,10:38:53,17.6,--,999,1758240,卖盘
1895,10:38:47,17.6,--,99,174240,卖盘
1896,10:38:41,17.6,--,3,5280,卖盘
1897,10:38:32,17.6,--,11,19360,卖盘
1898,10:38:23,17.6,--,6,11158,卖盘
1899,10:38:17,17.6,--,329,579040,卖盘
1900,10:38:11,17.6,--,11,19360,卖盘
1901,10:38:08,17.6,-0.01,16,28160,卖盘
1902,10:38:02,17.61,0.01,8,14088,买盘
1903,10:37:56,17.6,--,9,15840,卖盘
1904,10:37:53,17.6,-0.01,77,135520,卖盘
1905,10:37:47,17.61,0.01,23,40503,买盘
1906,10:37:41,17.6,-0.01,2,3520,卖盘
1907,10:37:37,17.61,--,65,114465,卖盘
1908,10:37:32,17.61,-0.01,11,19371,卖盘
1909,10:37:17,17.62,0.01,15,26430,买盘
1910,10:37:11,17.61,--,2,3522,卖盘
1911,10:37:07,17.61,--,7,12327,卖盘
1912,10:37:02,17.61,--,22,38742,卖盘
1913,10:36:52,17.61,-0.01,13,22893,卖盘
1914,10:36:47,17.62,0.01,5,8810,买盘
1915,10:36:41,17.61,0.01,26,45786,买盘
1916,10:36:37,17.6,--,11,19360,卖盘
1917,10:36:26,17.6,--,17,29920,卖盘
1918,10:36:22,17.6,--,6,10560,卖盘
1919,10:36:11,17.6,--,14,24640,卖盘
1920,10:36:07,17.6,--,60,105705,卖盘
1921,10:36:02,17.6,--,15,26400,卖盘
1922,10:35:56,17.6,--,9,15840,卖盘
1923,10:35:52,17.6,-0.01,3,5280,卖盘
1924,10:35:47,17.61,0.01,23,40503,买盘
1925,10:35:41,17.6,-0.01,2,3520,卖盘
1926,10:35:32,17.61,--,130,228930,卖盘
1927,10:35:17,17.61,--,43,75723,卖盘
1928,10:35:11,17.61,--,2,3522,卖盘
1929,10:35:02,17.61,-0.01,5,8805,卖盘
1930,10:34:52,17.62,0.01,206,362972,买盘
1931,10:34:41,17.61,--,4,7044,卖盘
1932,10:34:37,17.61,--,6,10566,卖盘
1933,10:34:26,17.61,--,10,17610,卖盘
1934,10:34:22,17.61,-0.01,39,68679,卖盘
1935,10:34:17,17.62,0.01,3,5286,买盘
1936,10:34:11,17.61,-0.01,9,15849,卖盘
1937,10:34:07,17.62,--,5,8810,买盘
1938,10:34:02,17.62,--,545,960290,卖盘
1939,10:33:56,17.62,--,7,12334,卖盘
1940,10:33:47,17.62,--,39,68718,卖盘
1941,10:33:41,17.62,--,12,21144,卖盘
1942,10:33:37,17.62,--,10,17620,卖盘
1943,10:33:32,17.62,--,65,114530,卖盘
1944,10:33:26,17.62,-0.02,25,44050,卖盘
1945,10:33:22,17.64,--,24,42336,买盘
1946,10:33:17,17.64,0.02,2,3528,买盘
1947,10:33:11,17.62,--,7,12334,卖盘
1948,10:33:07,17.62,--,0,0,卖盘
1949,10:32:56,17.62,--,20,35240,卖盘
1950,10:32:41,17.62,--,9,15858,卖盘
1951,10:32:26,17.62,-0.02,25,44050,卖盘
1952,10:32:22,17.64,0.02,3,5292,买盘
1953,10:32:11,17.62,--,28,49336,买盘
1954,10:32:07,17.62,0.01,4,7048,买盘
1955,10:32:02,17.61,-0.03,35,61635,卖盘
1956,10:31:56,17.64,0.02,46,81849,买盘
1957,10:31:47,17.62,--,142,251261,卖盘
1958,10:31:41,17.62,-0.01,7,12334,卖盘
1959,10:31:35,17.63,0.01,30,52890,卖盘
1960,10:31:32,17.62,-0.03,4,7048,卖盘
1961,10:31:26,17.65,0.03,289,510084,买盘
1962,10:31:20,17.62,-0.02,1,1762,卖盘
1963,10:31:17,17.64,--,11,19404,买盘
1964,10:31:11,17.64,--,15,26460,卖盘
1965,10:31:05,17.64,--,12,21168,卖盘
1966,10:31:02,17.64,0.01,76,134064,买盘
1967,10:30:56,17.63,-0.01,404,712252,卖盘
1968,10:30:50,17.64,0.01,10,17640,买盘
1969,10:30:46,17.63,--,13,22919,卖盘
1970,10:30:41,17.63,--,19,33497,卖盘
1971,10:30:35,17.63,--,11,19393,卖盘
1972,10:30:31,17.63,--,133,234479,买盘
1973,10:30:26,17.63,--,106,187583,卖盘
1974,10:30:20,17.63,--,38,66994,买盘
1975,10:30:16,17.63,0.01,1,1763,买盘
1976,10:30:11,17.62,-0.01,15,26430,卖盘
1977,10:30:01,17.63,-0.01,22,38786,卖盘
1978,10:29:56,17.64,0.03,14,24696,买盘
1979,10:29:50,17.61,--,0,0,卖盘
1980,10:29:46,17.61,--,13,22893,卖盘
1981,10:29:41,17.61,--,6,10566,卖盘
1982,10:29:35,17.61,-0.03,8,14088,卖盘
1983,10:29:31,17.64,--,6,10584,买盘
1984,10:29:26,17.64,0.03,5,8820,买盘
1985,10:29:20,17.61,--,19,33459,卖盘
1986,10:29:16,17.61,--,4,7044,卖盘
1987,10:29:11,17.61,-0.02,2,3522,卖盘
1988,10:29:05,17.63,--,0,0,中性盘
1989,10:29:01,17.63,0.02,5,8815,中性盘
1990,10:28:56,17.61,-0.01,190,334590,卖盘
1991,10:28:46,17.62,--,14,24668,卖盘
1992,10:28:41,17.62,0.02,8,14096,中性盘
1993,10:28:35,17.6,-0.02,4,7040,卖盘
1994,10:28:31,17.62,0.02,9,15858,买盘
1995,10:28:26,17.6,--,91,160160,卖盘
1996,10:28:16,17.6,--,75,132000,卖盘
1997,10:28:11,17.6,--,11,19360,卖盘
1998,10:28:01,17.6,--,8,15646,卖盘
1999,10:27:56,17.6,--,427,751520,卖盘
2000,10:27:50,17.6,--,50,88000,卖盘
2001,10:27:46,17.6,--,27,47520,卖盘
2002,10:27:41,17.6,--,38,67584,卖盘
2003,10:27:31,17.6,0.01,12,21120,卖盘
2004,10:27:26,17.59,-0.01,90,158310,卖盘
2005,10:27:16,17.6,--,80,140800,卖盘
2006,10:27:11,17.6,0.01,2,3520,中性盘
2007,10:27:01,17.59,-0.03,12,21108,卖盘
2008,10:26:56,17.62,0.02,115,202630,买盘
2009,10:26:50,17.6,0.01,38,66880,买盘
2010,10:26:46,17.59,--,8,14072,卖盘
2011,10:26:41,17.59,--,401,705359,卖盘
2012,10:26:31,17.59,-0.01,8,14072,卖盘
2013,10:26:26,17.6,--,239,420640,买盘
2014,10:26:16,17.6,0.01,19,33440,中性盘
2015,10:26:11,17.59,-0.02,212,372908,卖盘
2016,10:26:05,17.61,0.02,7,12327,买盘
2017,10:26:01,17.59,--,4,7036,卖盘
2018,10:25:56,17.59,--,197,346523,卖盘
2019,10:25:50,17.59,--,24,42216,卖盘
2020,10:25:46,17.59,--,5,8795,卖盘
2021,10:25:41,17.59,0.01,19,33421,买盘
2022,10:25:35,17.58,-0.01,19,33402,卖盘
2023,10:25:26,17.59,0.01,70,123130,买盘
2024,10:25:19,17.58,--,13,22853,卖盘
2025,10:25:11,17.58,--,14,24611,卖盘
2026,10:25:05,17.58,-0.01,5,8790,卖盘
2027,10:25:01,17.59,-0.02,5,8795,中性盘
2028,10:24:56,17.61,0.03,126,221886,买盘
2029,10:24:50,17.58,--,0,0,卖盘
2030,10:24:46,17.58,-0.01,11,19337,卖盘
2031,10:24:41,17.59,--,11,19349,卖盘
2032,10:24:35,17.59,0.01,8,14072,卖盘
2033,10:24:31,17.58,--,0,0,卖盘
2034,10:24:26,17.58,--,7,12305,卖盘
2035,10:24:20,17.58,--,6,10547,卖盘
2036,10:24:11,17.58,--,12,21095,卖盘
2037,10:24:05,17.58,--,20,35160,卖盘
2038,10:23:59,17.58,--,56,98447,卖盘
2039,10:23:56,17.58,--,1014,1782611,卖盘
2040,10:23:49,17.58,--,4,7031,卖盘
2041,10:23:44,17.58,--,8,14063,卖盘
2042,10:23:41,17.58,--,3,5273,卖盘
2043,10:23:35,17.58,--,5,8790,卖盘
2044,10:23:29,17.58,-0.03,8,14063,卖盘
2045,10:23:25,17.61,0.03,13,22893,买盘
2046,10:23:20,17.58,--,4,7031,卖盘
2047,10:23:14,17.58,--,11,19337,卖盘
2048,10:23:10,17.58,--,2,3515,卖盘
2049,10:23:05,17.58,--,12,21095,卖盘
2050,10:22:59,17.58,-0.04,1,1757,卖盘
2051,10:22:55,17.62,0.04,14,24668,买盘
2052,10:22:50,17.58,--,225,395549,卖盘
2053,10:22:40,17.58,--,6,10547,卖盘
2054,10:22:35,17.58,--,8,14063,卖盘
2055,10:22:25,17.58,--,304,534432,卖盘
2056,10:22:20,17.58,--,8,14063,卖盘
2057,10:22:14,17.58,--,4,7031,卖盘
2058,10:22:10,17.58,--,2,3515,卖盘
2059,10:22:05,17.58,-0.03,14,24611,卖盘
2060,10:21:55,17.61,0.02,283,498363,买盘
2061,10:21:50,17.59,0.01,22,38698,买盘
2062,10:21:44,17.58,--,147,258425,卖盘
2063,10:21:40,17.58,--,471,828017,卖盘
2064,10:21:34,17.58,-0.01,911,1601643,卖盘
2065,10:21:25,17.59,0.01,21,36939,买盘
2066,10:21:20,17.58,--,131,230403,卖盘
2067,10:21:14,17.58,--,0,0,卖盘
2068,10:21:10,17.58,-0.01,7,12305,卖盘
2069,10:21:04,17.59,-0.02,10,17590,买盘
2070,10:20:59,17.61,0.02,1102,1940622,买盘
2071,10:20:55,17.59,--,75,131925,卖盘
2072,10:20:50,17.59,0.01,43,75637,卖盘
2073,10:20:44,17.58,--,0,0,卖盘
2074,10:20:40,17.58,--,7,12305,卖盘
2075,10:20:35,17.58,--,13,22853,卖盘
2076,10:20:29,17.58,--,4,7031,卖盘
2077,10:20:25,17.58,--,22,38675,卖盘
2078,10:20:19,17.58,--,2,3515,卖盘
2079,10:20:14,17.58,--,5,8790,卖盘
2080,10:20:10,17.58,-0.01,2,3515,卖盘
2081,10:20:04,17.59,-0.01,10,17590,卖盘
2082,10:19:59,17.6,--,0,0,买盘
2083,10:19:55,17.6,0.01,9,15840,买盘
2084,10:19:49,17.59,--,21,36939,买盘
2085,10:19:43,17.59,0.01,4,7036,买盘
2086,10:19:40,17.58,-0.01,2,3515,卖盘
2087,10:19:35,17.59,0.01,2,3518,卖盘
2088,10:19:29,17.58,-0.02,10,17580,卖盘
2089,10:19:25,17.6,0.02,16,28160,买盘
2090,10:19:20,17.58,--,8,14063,卖盘
2091,10:19:10,17.58,--,13,22853,卖盘
2092,10:19:05,17.58,-0.03,8,14063,卖盘
2093,10:18:59,17.61,0.03,2,3522,买盘
2094,10:18:55,17.58,-0.02,34,59771,卖盘
2095,10:18:50,17.6,--,20,35200,买盘
2096,10:18:44,17.6,0.02,6,10560,买盘
2097,10:18:40,17.58,--,3,5273,卖盘
2098,10:18:35,17.58,--,9,15821,卖盘
2099,10:18:29,17.58,-0.02,5,8790,卖盘
2100,10:18:25,17.6,0.02,27,47520,买盘
2101,10:18:20,17.58,--,11,19337,卖盘
2102,10:18:14,17.58,--,21,36918,卖盘
2103,10:18:10,17.58,-0.01,8,14063,卖盘
2104,10:18:04,17.59,-0.01,7,12313,买盘
2105,10:17:59,17.6,--,142,249920,买盘
2106,10:17:54,17.6,0.02,17,29920,买盘
2107,10:17:49,17.58,-0.01,8,14063,卖盘
2108,10:17:44,17.59,0.01,18,31662,买盘
2109,10:17:39,17.58,--,0,0,卖盘
2110,10:17:34,17.58,-0.01,158,277869,卖盘
2111,10:17:29,17.59,0.01,11,19349,中性盘
2112,10:17:24,17.58,--,590,1037219,卖盘
2113,10:17:20,17.58,--,0,0,卖盘
2114,10:17:14,17.58,--,281,493997,卖盘
2115,10:17:09,17.58,--,124,217991,卖盘
2116,10:17:04,17.58,--,44,77351,卖盘
2117,10:16:59,17.58,-0.01,215,378075,卖盘
2118,10:16:54,17.59,0.01,61,107299,买盘
2119,10:16:50,17.58,--,1063,1868859,卖盘
2120,10:16:44,17.58,--,6,10547,卖盘
2121,10:16:39,17.58,--,50,87899,卖盘
2122,10:16:34,17.58,--,4,7031,卖盘
2123,10:16:29,17.58,--,338,594204,卖盘
2124,10:16:24,17.58,--,221,388517,卖盘
2125,10:16:19,17.58,--,15,26369,卖盘
2126,10:16:14,17.58,--,166,291828,卖盘
2127,10:16:08,17.58,--,111,195137,卖盘
2128,10:16:04,17.58,-0.01,580,1019745,卖盘
2129,10:15:59,17.59,-0.01,241,423919,卖盘
2130,10:15:52,17.6,0.01,542,953920,买盘
2131,10:15:49,17.59,--,27,47493,卖盘
2132,10:15:44,17.59,--,9,15831,卖盘
2133,10:15:38,17.59,--,4,7036,卖盘
2134,10:15:34,17.59,0.01,93,163587,买盘
2135,10:15:29,17.58,-0.01,44,77351,卖盘
2136,10:15:19,17.59,--,62,109058,卖盘
2137,10:15:14,17.59,--,8,14072,卖盘
2138,10:15:08,17.59,--,4,7036,卖盘
2139,10:15:04,17.59,--,43,76164,卖盘
2140,10:14:58,17.59,--,31,54529,卖盘
2141,10:14:49,17.59,--,11,19349,卖盘
2142,10:14:44,17.59,--,37,65083,卖盘
2143,10:14:38,17.59,--,16,28144,卖盘
2144,10:14:34,17.59,--,6,10554,卖盘
2145,10:14:23,17.59,--,8,14072,卖盘
2146,10:14:19,17.59,--,212,372908,卖盘
2147,10:14:14,17.59,--,46,80914,卖盘
2148,10:14:08,17.59,--,13,22867,卖盘
2149,10:14:04,17.59,--,560,985075,卖盘
2150,10:13:53,17.59,--,39,68601,卖盘
2151,10:13:49,17.59,--,256,450304,卖盘
2152,10:13:44,17.59,-0.01,28,49252,卖盘
2153,10:13:38,17.6,0.01,20,35200,买盘
2154,10:13:29,17.59,--,4,7036,卖盘
2155,10:13:23,17.59,-0.01,17,29903,卖盘
2156,10:13:14,17.6,0.01,574,1010240,买盘
2157,10:13:08,17.59,0.01,11,19349,买盘
2158,10:13:04,17.58,--,0,0,卖盘
2159,10:12:59,17.58,-0.01,243,428881,卖盘
2160,10:12:53,17.59,--,13,22867,卖盘
2161,10:12:49,17.59,--,6,10554,卖盘
2162,10:12:44,17.59,--,10,17590,卖盘
2163,10:12:34,17.59,--,5,8795,卖盘
2164,10:12:29,17.59,--,7,12313,卖盘
2165,10:12:22,17.59,--,8,14072,卖盘
2166,10:12:19,17.59,--,78,137202,卖盘
2167,10:12:14,17.59,-0.01,9,15831,卖盘
2168,10:12:08,17.6,0.01,34,59840,买盘
2169,10:11:59,17.59,-0.01,12,21108,卖盘
2170,10:11:53,17.6,0.01,58,102080,买盘
2171,10:11:49,17.59,--,13,22867,卖盘
2172,10:11:44,17.59,-0.01,307,540013,卖盘
2173,10:11:34,17.6,0.01,25,44862,买盘
2174,10:11:29,17.59,-0.01,111,195249,卖盘
2175,10:11:23,17.6,0.01,10,17600,买盘
2176,10:11:19,17.59,--,622,1094098,卖盘
2177,10:11:13,17.59,--,502,883018,卖盘
2178,10:11:04,17.59,-0.01,262,460858,卖盘
2179,10:10:59,17.6,0.01,49,86240,买盘
2180,10:10:48,17.59,--,41,72119,卖盘
2181,10:10:44,17.59,--,37,65083,卖盘
2182,10:10:38,17.59,--,63,110817,卖盘
2183,10:10:33,17.59,--,299,525941,卖盘
2184,10:10:28,17.59,--,3,5277,卖盘
2185,10:10:22,17.59,--,7,12313,卖盘
2186,10:10:18,17.59,-0.01,376,661559,卖盘
2187,10:10:13,17.6,--,22,38720,买盘
2188,10:10:08,17.6,--,5,8800,买盘
2189,10:09:58,17.6,--,30,52800,买盘
2190,10:09:53,17.6,0.01,5,8800,买盘
2191,10:09:43,17.59,-0.01,34,59806,卖盘
2192,10:09:37,17.6,--,12,21120,买盘
2193,10:09:28,17.6,0.01,81,142560,买盘
2194,10:09:23,17.59,-0.01,1,1759,卖盘
2195,10:09:13,17.6,--,11,19360,买盘
2196,10:09:03,17.6,0.01,9,15840,买盘
2197,10:08:53,17.59,--,37,65083,卖盘
2198,10:08:48,17.59,-0.01,2,3518,卖盘
2199,10:08:43,17.6,0.01,6,10560,买盘
2200,10:08:38,17.59,--,8,14072,卖盘
2201,10:08:32,17.59,-0.01,3,5277,卖盘
2202,10:08:28,17.6,--,10,17600,买盘
2203,10:08:23,17.6,0.01,17,29920,买盘
2204,10:08:13,17.59,--,4,7036,卖盘
2205,10:08:07,17.59,0.01,14,24626,中性盘
2206,10:08:02,17.58,-0.02,1,1757,卖盘
2207,10:07:52,17.6,0.02,36,63360,买盘
2208,10:07:43,17.58,-0.01,10,17580,卖盘
2209,10:07:38,17.59,-0.01,40,70360,中性盘
2210,10:07:28,17.6,0.02,6,10560,买盘
2211,10:07:22,17.58,--,8,14063,卖盘
2212,10:07:17,17.58,--,15,26369,卖盘
2213,10:07:13,17.58,--,12,21095,卖盘
2214,10:07:07,17.58,--,6,10547,卖盘
2215,10:07:02,17.58,--,106,186347,卖盘
2216,10:06:58,17.58,--,6,10547,卖盘
2217,10:06:53,17.58,--,15,26369,卖盘
2218,10:06:43,17.58,--,10,17580,卖盘
2219,10:06:38,17.58,--,1,1757,卖盘
2220,10:06:31,17.58,--,11,19337,卖盘
2221,10:06:28,17.58,--,18,31643,卖盘
2222,10:06:17,17.58,-0.01,8,14063,卖盘
2223,10:06:13,17.59,--,27,47493,买盘
2224,10:06:08,17.59,0.01,5,8795,买盘
2225,10:06:02,17.58,-0.01,9,15821,卖盘
2226,10:05:58,17.59,--,1,1759,买盘
2227,10:05:53,17.59,0.01,7,12664,买盘
2228,10:05:47,17.58,--,6,10547,卖盘
2229,10:05:43,17.58,--,2,3515,卖盘
2230,10:05:38,17.58,--,8,14063,卖盘
2231,10:05:31,17.58,--,70,123059,卖盘
2232,10:05:28,17.58,--,5,8790,卖盘
2233,10:05:22,17.58,--,28,49223,卖盘
2234,10:05:17,17.58,--,25,43949,卖盘
2235,10:05:13,17.58,-0.01,2,3515,卖盘
2236,10:05:02,17.59,--,17,29903,卖盘
2237,10:04:58,17.59,--,38,66842,买盘
2238,10:04:53,17.59,0.01,60,105540,买盘
2239,10:04:43,17.58,--,9,15821,卖盘
2240,10:04:38,17.58,--,5,8790,卖盘
2241,10:04:27,17.58,-0.02,8,14063,卖盘
2242,10:04:22,17.6,0.02,34,59840,买盘
2243,10:04:17,17.58,-0.01,5,8790,卖盘
2244,10:04:12,17.59,0.01,112,197008,中性盘
2245,10:04:08,17.58,--,6,10547,卖盘
2246,10:04:01,17.58,-0.01,12,21095,卖盘
2247,10:03:52,17.59,--,0,0,中性盘
2248,10:03:47,17.59,--,32,56288,买盘
2249,10:03:42,17.59,--,6,10554,卖盘
2250,10:03:37,17.59,-0.01,1,1759,卖盘
2251,10:03:32,17.6,-0.01,240,422400,卖盘
2252,10:03:27,17.61,0.01,3,5283,买盘
2253,10:03:17,17.6,--,19,33440,卖盘
2254,10:03:12,17.6,--,102,179520,卖盘
2255,10:03:07,17.6,0.02,96,168960,买盘
2256,10:03:02,17.58,--,84,147953,卖盘
2257,10:02:52,17.58,-0.02,8,14063,卖盘
2258,10:02:47,17.6,0.02,11,19360,买盘
2259,10:02:42,17.58,--,3,5273,卖盘
2260,10:02:37,17.58,--,6,10547,卖盘
2261,10:02:22,17.58,-0.01,8,14063,卖盘
2262,10:02:17,17.59,0.01,6,10554,买盘
2263,10:02:12,17.58,--,2,3515,卖盘
2264,10:02:07,17.58,--,8,14063,卖盘
2265,10:02:02,17.58,0.01,348,611783,买盘
2266,10:01:52,17.57,-0.01,144,253008,卖盘
2267,10:01:47,17.58,0.01,5,8790,买盘
2268,10:01:42,17.57,-0.01,8,14056,卖盘
2269,10:01:37,17.58,0.01,17,29885,买盘
2270,10:01:27,17.57,-0.01,8,14056,卖盘
2271,10:01:22,17.58,--,16,28127,买盘
2272,10:01:17,17.58,0.01,105,184589,中性盘
2273,10:01:11,17.57,-0.01,3,5271,卖盘
2274,10:01:02,17.58,-0.03,4,7031,卖盘
2275,10:00:56,17.61,0.04,24,42264,买盘
2276,10:00:52,17.57,--,22,38654,卖盘
2277,10:00:47,17.57,--,12,21084,卖盘
2278,10:00:41,17.57,-0.02,64,112448,卖盘
2279,10:00:37,17.59,0.02,7,12313,买盘
2280,10:00:32,17.57,-0.01,114,200298,中性盘
2281,10:00:25,17.58,0.02,9,15821,买盘
2282,10:00:22,17.56,-0.01,121,213178,卖盘
2283,10:00:17,17.57,-0.01,199,350697,卖盘
2284,10:00:11,17.58,0.01,7,12305,卖盘
2285,10:00:07,17.57,-0.05,445,782954,卖盘
2286,10:00:02,17.62,--,78,137436,卖盘
2287,09:59:56,17.62,-0.01,164,288968,卖盘
2288,09:59:52,17.63,0.01,96,169248,买盘
2289,09:59:47,17.62,0.06,273,481695,买盘
2290,09:59:41,17.56,--,2,3511,卖盘
2291,09:59:37,17.56,--,110,193160,卖盘
2292,09:59:31,17.56,-0.05,313,549628,卖盘
2293,09:59:25,17.61,0.05,15,26415,买盘
2294,09:59:22,17.56,--,88,154528,卖盘
2295,09:59:17,17.56,--,1392,2445756,卖盘
2296,09:59:11,17.56,--,142,249351,卖盘
2297,09:59:07,17.56,--,33,57947,卖盘
2298,09:58:52,17.56,--,13,22828,卖盘
2299,09:58:40,17.56,-0.05,8,14047,卖盘
2300,09:58:32,17.61,--,34,60631,卖盘
2301,09:58:26,17.61,0.06,658,1159741,买盘
2302,09:58:21,17.55,-0.01,899,1577780,卖盘
2303,09:58:17,17.56,--,145,255673,卖盘
2304,09:58:10,17.56,--,7,12292,卖盘
2305,09:58:06,17.56,-0.01,409,718204,卖盘
2306,09:58:02,17.57,--,148,260036,卖盘
2307,09:57:51,17.57,-0.03,59,103663,卖盘
2308,09:57:47,17.6,0.02,9,15840,买盘
2309,09:57:41,17.58,-0.02,8,14063,卖盘
2310,09:57:32,17.6,0.03,14,24640,卖盘
2311,09:57:21,17.57,--,0,0,卖盘
2312,09:57:16,17.57,--,25,45295,卖盘
2313,09:57:11,17.57,-0.04,2,3514,卖盘
2314,09:57:06,17.61,0.04,935,1646535,买盘
2315,09:57:01,17.57,--,0,0,卖盘
2316,09:56:51,17.57,-0.01,42,73794,卖盘
2317,09:56:46,17.58,0.02,66,116027,买盘
2318,09:56:41,17.56,0.01,69,121163,买盘
2319,09:56:36,17.55,-0.01,40,70200,卖盘
2320,09:56:31,17.56,0.01,5,8780,卖盘
2321,09:56:26,17.55,--,271,475605,卖盘
2322,09:56:21,17.55,--,212,372060,卖盘
2323,09:56:16,17.55,--,149,261495,卖盘
2324,09:56:11,17.55,-0.04,697,1223287,卖盘
2325,09:56:06,17.59,0.04,1,1759,买盘
2326,09:56:01,17.55,-0.01,86,150930,卖盘
2327,09:55:56,17.56,0.01,6,10536,买盘
2328,09:55:51,17.55,-0.01,9,15795,卖盘
2329,09:55:46,17.56,0.01,32,56191,买盘
2330,09:55:41,17.55,-0.03,54,94770,卖盘
2331,09:55:36,17.58,-0.02,13,22853,卖盘
2332,09:55:31,17.6,0.05,27,47520,买盘
2333,09:55:26,17.55,--,0,0,卖盘
2334,09:55:21,17.55,-0.01,909,1595295,卖盘
2335,09:55:16,17.56,--,3,5268,卖盘
2336,09:55:10,17.56,-0.02,2,3511,卖盘
2337,09:55:06,17.58,0.02,20,35160,买盘
2338,09:55:01,17.56,--,0,0,卖盘
2339,09:54:51,17.56,--,11,19316,卖盘
2340,09:54:46,17.56,--,20,35120,卖盘
2341,09:54:40,17.56,--,4,7023,卖盘
2342,09:54:26,17.56,-0.03,10,17560,卖盘
2343,09:54:16,17.59,0.04,16,29340,买盘
2344,09:54:11,17.55,-0.01,9,15795,卖盘
2345,09:54:06,17.56,0.01,3,5268,买盘
2346,09:54:01,17.55,--,19,33345,卖盘
2347,09:53:56,17.55,-0.01,14,24570,卖盘
2348,09:53:46,17.56,0.01,19,33364,买盘
2349,09:53:40,17.55,-0.01,105,184275,卖盘
2350,09:53:30,17.56,--,16,28095,卖盘
2351,09:53:16,17.56,--,7,12292,卖盘
2352,09:53:11,17.56,--,2,3511,卖盘
2353,09:53:05,17.56,--,8,14047,卖盘
2354,09:53:01,17.56,--,29,50923,卖盘
2355,09:52:56,17.56,--,6,10536,卖盘
2356,09:52:45,17.56,0.01,9,15803,买盘
2357,09:52:41,17.55,-0.01,20,35100,卖盘
2358,09:52:35,17.56,--,34,59703,卖盘
2359,09:52:30,17.56,-0.03,7,12292,中性盘
2360,09:52:26,17.59,0.04,20,35180,买盘
2361,09:52:15,17.55,--,13,22815,卖盘
2362,09:52:11,17.55,-0.03,18,31590,卖盘
2363,09:52:05,17.58,--,1,1757,买盘
2364,09:52:00,17.58,--,29,50981,买盘
2365,09:51:50,17.58,--,98,172283,卖盘
2366,09:51:45,17.58,--,10,17580,卖盘
2367,09:51:41,17.58,--,9,15821,卖盘
2368,09:51:30,17.58,0.03,609,1070622,买盘
2369,09:51:25,17.55,-0.01,7,12285,卖盘
2370,09:51:15,17.56,--,23,40388,卖盘
2371,09:51:10,17.56,0.01,3,5268,卖盘
2372,09:51:05,17.55,--,0,0,卖盘
2373,09:51:00,17.55,-0.01,68,119340,卖盘
2374,09:50:55,17.56,--,476,835855,买盘
2375,09:50:50,17.56,0.01,7,12292,买盘
2376,09:50:45,17.55,--,8,14040,卖盘
2377,09:50:40,17.55,--,2,3510,卖盘
2378,09:50:35,17.55,--,1,1755,卖盘
2379,09:50:30,17.55,--,13,23868,卖盘
2380,09:50:20,17.55,--,8,14040,卖盘
2381,09:50:15,17.55,--,10,17550,卖盘
2382,09:50:10,17.55,--,10,17550,买盘
2383,09:50:05,17.55,0.01,9,15795,买盘
2384,09:50:00,17.54,0.01,1,1754,买盘
2385,09:49:50,17.53,--,199,348847,卖盘
2386,09:49:45,17.53,--,35,61355,卖盘
2387,09:49:40,17.53,--,2,3506,卖盘
2388,09:49:34,17.53,-0.02,6,10518,卖盘
2389,09:49:25,17.55,0.02,21,36855,买盘
2390,09:49:15,17.53,-0.01,748,1311244,卖盘
2391,09:49:10,17.54,--,11,19294,卖盘
2392,09:49:05,17.54,-0.02,7,12278,卖盘
2393,09:49:00,17.56,0.03,166,291496,买盘
2394,09:48:49,17.53,--,78,136734,卖盘
2395,09:48:45,17.53,--,10,17530,卖盘
2396,09:48:40,17.53,--,42,73626,卖盘
2397,09:48:35,17.53,--,7,12271,卖盘
2398,09:48:30,17.53,--,0,1069,卖盘
2399,09:48:25,17.53,--,50,87650,卖盘
2400,09:48:20,17.53,--,17,29801,卖盘
2401,09:48:10,17.53,-0.01,202,354106,卖盘
2402,09:48:04,17.54,--,61,106994,买盘
2403,09:48:00,17.54,0.01,14,24556,买盘
2404,09:47:55,17.53,--,41,71873,卖盘
2405,09:47:50,17.53,--,134,234902,卖盘
2406,09:47:45,17.53,-0.01,19,33307,卖盘
2407,09:47:40,17.54,0.01,88,154352,买盘
2408,09:47:35,17.53,-0.01,189,332824,卖盘
2409,09:47:30,17.54,--,54,94716,卖盘
2410,09:47:25,17.54,--,129,226266,卖盘
2411,09:47:19,17.54,--,90,157860,卖盘
2412,09:47:14,17.54,--,46,80684,卖盘
2413,09:47:10,17.54,-0.01,145,255978,卖盘
2414,09:47:05,17.55,--,29,50895,中性盘
2415,09:47:00,17.55,0.01,70,122850,买盘
2416,09:46:55,17.54,-0.03,76,133304,卖盘
2417,09:46:50,17.57,0.02,30,52710,买盘
2418,09:46:39,17.55,0.01,179,314145,买盘
2419,09:46:35,17.54,-0.01,408,715982,卖盘
2420,09:46:29,17.55,--,16,28080,买盘
2421,09:46:25,17.55,--,78,136890,买盘
2422,09:46:20,17.55,0.01,65,114075,买盘
2423,09:46:09,17.54,-0.01,26,45604,卖盘
2424,09:46:05,17.55,-0.01,637,1118900,卖盘
2425,09:45:59,17.56,0.01,141,247595,中性盘
2426,09:45:54,17.55,-0.01,405,711564,卖盘
2427,09:45:50,17.56,0.01,30,52679,买盘
2428,09:45:39,17.55,-0.01,2,3510,卖盘
2429,09:45:35,17.56,--,154,270424,卖盘
2430,09:45:24,17.56,--,14,24584,卖盘
2431,09:45:14,17.56,0.01,1,1755,买盘
2432,09:45:09,17.55,-0.02,19,33345,卖盘
2433,09:45:05,17.57,0.01,313,549941,买盘
2434,09:44:59,17.56,-0.01,58,101847,卖盘
2435,09:44:54,17.57,0.02,547,961079,买盘
2436,09:44:49,17.55,-0.01,73,128115,卖盘
2437,09:44:43,17.56,--,11,19316,卖盘
2438,09:44:39,17.56,-0.01,16,28095,卖盘
2439,09:44:34,17.57,0.02,3,5271,卖盘
2440,09:44:29,17.55,--,0,0,卖盘
2441,09:44:24,17.55,--,6,10530,卖盘
2442,09:44:19,17.55,-0.01,151,265005,卖盘
2443,09:44:14,17.56,--,28,49168,卖盘
2444,09:44:09,17.56,--,0,0,卖盘
2445,09:44:04,17.56,-0.03,111,194916,卖盘
2446,09:43:59,17.59,--,198,348282,卖盘
2447,09:43:54,17.59,0.03,375,659625,买盘
2448,09:43:49,17.56,0.01,1,1755,中性盘
2449,09:43:39,17.55,--,34,59670,卖盘
2450,09:43:34,17.55,--,0,0,卖盘
2451,09:43:24,17.55,--,9,15795,卖盘
2452,09:43:19,17.55,--,33,57915,买盘
2453,09:43:14,17.55,--,31,54405,卖盘
2454,09:43:09,17.55,-0.03,48,84240,卖盘
2455,09:43:04,17.58,--,1,1757,买盘
2456,09:42:59,17.58,0.03,3,5273,买盘
2457,09:42:54,17.55,-0.03,4,7020,卖盘
2458,09:42:49,17.58,0.03,10,17580,买盘
2459,09:42:44,17.55,--,1,1755,卖盘
2460,09:42:39,17.55,-0.03,19,33345,卖盘
2461,09:42:34,17.58,--,0,0,买盘
2462,09:42:29,17.58,0.04,776,1364207,买盘
2463,09:42:24,17.54,--,104,182416,卖盘
2464,09:42:19,17.54,--,30,52620,卖盘
2465,09:42:13,17.54,--,0,0,卖盘
2466,09:42:09,17.54,-0.01,685,1201490,卖盘
2467,09:42:04,17.55,--,40,70200,买盘
2468,09:41:54,17.55,--,23,40365,买盘
2469,09:41:44,17.55,--,40,70200,买盘
2470,09:41:39,17.55,-0.02,143,250965,卖盘
2471,09:41:34,17.57,0.01,2,3514,买盘
2472,09:41:29,17.56,-0.01,9,15803,中性盘
2473,09:41:24,17.57,0.02,14,24598,买盘
2474,09:41:19,17.55,--,5,8775,卖盘
2475,09:41:14,17.55,-0.01,20,35100,卖盘
2476,09:41:09,17.56,0.01,28,49168,买盘
2477,09:40:59,17.55,-0.01,80,140400,卖盘
2478,09:40:49,17.56,-0.01,162,284472,卖盘
2479,09:40:44,17.57,0.02,238,418166,买盘
2480,09:40:39,17.55,0.01,223,391365,买盘
2481,09:40:34,17.54,--,83,145582,卖盘
2482,09:40:24,17.54,-0.01,8,14032,卖盘
2483,09:40:19,17.55,0.01,10,17550,买盘
2484,09:40:13,17.54,-0.01,103,180662,卖盘
2485,09:40:04,17.55,0.01,28,49140,买盘
2486,09:39:58,17.54,-0.01,27,47358,卖盘
2487,09:39:54,17.55,0.01,20,35100,买盘
2488,09:39:44,17.54,-0.01,28,49112,卖盘
2489,09:39:38,17.55,--,5,8775,买盘
2490,09:39:28,17.55,-0.01,83,145665,卖盘
2491,09:39:18,17.56,0.01,60,105359,买盘
2492,09:39:14,17.55,-0.01,11,19305,卖盘
2493,09:39:04,17.56,0.02,41,71996,买盘
2494,09:38:58,17.54,-0.01,14,24556,卖盘
2495,09:38:53,17.55,0.01,181,317655,买盘
2496,09:38:48,17.54,--,77,135058,卖盘
2497,09:38:44,17.54,--,93,163122,买盘
2498,09:38:38,17.54,-0.01,110,192940,卖盘
2499,09:38:34,17.55,--,11,19305,买盘
2500,09:38:28,17.55,--,36,63180,买盘
2501,09:38:23,17.55,0.02,1,1755,买盘
2502,09:38:18,17.53,--,48,84144,卖盘
2503,09:38:13,17.53,-0.01,37,64861,卖盘
2504,09:38:08,17.54,-0.01,124,217496,卖盘
2505,09:38:03,17.55,--,226,396630,买盘
2506,09:37:59,17.55,--,73,128115,买盘
2507,09:37:53,17.55,--,53,93015,买盘
2508,09:37:48,17.55,0.01,4,7020,买盘
2509,09:37:44,17.54,-0.01,132,231528,卖盘
2510,09:37:33,17.55,0.01,71,124605,买盘
2511,09:37:28,17.54,-0.01,9,15786,卖盘
2512,09:37:23,17.55,0.02,4,7020,买盘
2513,09:37:18,17.53,--,8,14024,卖盘
2514,09:37:13,17.53,--,20,35060,卖盘
2515,09:37:08,17.53,-0.01,1,1753,卖盘
2516,09:37:03,17.54,0.01,3,6980,买盘
2517,09:36:58,17.53,--,59,103427,卖盘
2518,09:36:53,17.53,-0.02,21,36813,卖盘
2519,09:36:48,17.55,0.01,19,33345,买盘
2520,09:36:43,17.54,0.01,10,17540,中性盘
2521,09:36:38,17.53,--,71,124463,买盘
2522,09:36:33,17.53,--,9,15777,买盘
2523,09:36:28,17.53,-0.01,306,536418,卖盘
2524,09:36:23,17.54,--,9,15786,买盘
2525,09:36:13,17.54,-0.02,59,103486,中性盘
2526,09:36:08,17.56,--,45,79020,买盘
2527,09:36:03,17.56,--,538,944727,买盘
2528,09:35:58,17.56,--,0,0,买盘
2529,09:35:53,17.56,--,103,180868,买盘
2530,09:35:48,17.56,--,0,0,买盘
2531,09:35:43,17.56,--,7,12292,买盘
2532,09:35:28,17.56,0.03,1,1755,买盘
2533,09:35:23,17.53,--,250,438250,卖盘
2534,09:35:18,17.53,--,0,0,卖盘
2535,09:35:13,17.53,--,163,285739,买盘
2536,09:35:08,17.53,--,13,22789,买盘
2537,09:35:03,17.53,--,7,12271,买盘
2538,09:34:58,17.53,--,70,122710,买盘
2539,09:34:53,17.53,0.01,100,175300,买盘
2540,09:34:48,17.52,--,1,1752,卖盘
2541,09:34:43,17.52,-0.01,45,78840,卖盘
2542,09:34:33,17.53,0.01,63,111841,买盘
2543,09:34:27,17.52,--,191,334632,卖盘
2544,09:34:22,17.52,-0.01,22,38544,卖盘
2545,09:34:18,17.53,--,17,29801,买盘
2546,09:34:13,17.53,--,12,21036,买盘
2547,09:34:08,17.53,--,28,49084,卖盘
2548,09:34:03,17.53,-0.04,43,75379,卖盘
2549,09:33:58,17.57,0.05,6,10542,买盘
2550,09:33:52,17.52,-0.04,70,122640,卖盘
2551,09:33:48,17.56,--,0,0,中性盘
2552,09:33:43,17.56,--,21,36876,买盘
2553,09:33:38,17.56,--,863,1515428,买盘
2554,09:33:33,17.56,--,0,0,买盘
2555,09:33:28,17.56,0.03,158,277448,买盘
2556,09:33:23,17.53,0.01,3,5259,中性盘
2557,09:33:18,17.52,--,27,47304,卖盘
2558,09:33:12,17.52,0.01,61,107380,中性盘
2559,09:33:08,17.51,-0.02,233,407983,卖盘
2560,09:33:03,17.53,0.02,54,95363,买盘
2561,09:32:58,17.51,-0.04,35,61285,卖盘
2562,09:32:53,17.55,0.02,16,28080,买盘
2563,09:32:48,17.53,0.01,751,1316503,买盘
2564,09:32:42,17.52,0.01,23,40296,卖盘
2565,09:32:38,17.51,-0.02,20,35020,卖盘
2566,09:32:33,17.53,0.02,2,3506,卖盘
2567,09:32:23,17.51,-0.04,1000,1751000,卖盘
2568,09:32:13,17.55,-0.01,2,3510,卖盘
2569,09:32:08,17.56,--,6,10536,卖盘
2570,09:32:02,17.56,0.04,53,93068,卖盘
2571,09:31:58,17.52,-0.04,303,530856,卖盘
2572,09:31:47,17.56,-0.01,20,35120,卖盘
2573,09:31:42,17.57,--,81,142317,买盘
2574,09:31:32,17.57,-0.01,37,65009,卖盘
2575,09:31:27,17.58,-0.02,542,953187,卖盘
2576,09:31:23,17.6,--,67,117920,买盘
2577,09:31:17,17.6,--,1,1760,买盘
2578,09:31:12,17.6,0.02,14,24640,买盘
2579,09:31:07,17.58,--,210,370586,卖盘
2580,09:31:01,17.58,--,1,1757,卖盘
2581,09:30:57,17.58,-0.01,706,1241147,卖盘
2582,09:30:51,17.59,--,316,555844,卖盘
2583,09:30:42,17.59,-0.01,12,21108,卖盘
2584,09:30:36,17.6,--,59,103840,卖盘
2585,09:30:31,17.6,--,1,1760,卖盘
2586,09:30:27,17.6,--,5,8800,卖盘
2587,09:30:12,17.6,-0.01,7,12320,卖盘
2588,09:30:07,17.61,--,256,450816,买盘
2589,09:30:02,17.61,-0.01,10,17610,卖盘
2590,09:28:52,17.62,--,0,0,买盘
2591,09:25:06,17.62,17.62,875,1541750,买盘
