,time,price,change,volume,amount,type
0,15:00:00,9.9,0.01,0,0,买盘
1,15:00:00,9.89,0.01,125,123625,买盘
2,14:59:58,9.88,-0.01,175,172900,卖盘
3,14:59:53,9.89,-0.01,218,215611,卖盘
4,14:59:48,9.9,--,254,251460,买盘
5,14:59:43,9.9,0.01,197,195030,买盘
6,14:59:38,9.89,-0.01,641,633949,卖盘
7,14:59:32,9.9,--,345,341550,买盘
8,14:59:28,9.9,0.01,245,242550,买盘
9,14:59:23,9.89,-0.01,274,271470,卖盘
10,14:59:17,9.9,--,146,144540,卖盘
11,14:59:12,9.9,-0.01,53,52470,卖盘
12,14:59:08,9.91,--,628,622348,买盘
13,14:59:02,9.91,--,433,429103,卖盘
14,14:58:57,9.91,--,65,64415,卖盘
15,14:58:53,9.91,--,168,166488,买盘
16,14:58:47,9.91,-0.01,202,200182,买盘
17,14:58:42,9.92,--,200,198400,买盘
18,14:58:38,9.92,0.01,538,533696,买盘
19,14:58:32,9.91,-0.01,261,258651,中性盘
20,14:58:27,9.92,--,63,62496,买盘
21,14:58:23,9.92,0.01,779,772768,买盘
22,14:58:17,9.91,--,338,334958,卖盘
23,14:58:12,9.91,-0.01,101,100091,卖盘
24,14:58:08,9.92,0.01,618,613056,买盘
25,14:58:02,9.91,-0.01,122,120902,卖盘
26,14:57:57,9.92,--,60,59520,买盘
27,14:57:53,9.92,-0.01,219,217248,买盘
28,14:57:47,9.93,--,498,494514,买盘
29,14:57:42,9.93,--,158,156894,买盘
30,14:57:38,9.93,--,61,60573,买盘
31,14:57:31,9.93,--,482,478626,卖盘
32,14:57:27,9.93,-0.01,108,107244,卖盘
33,14:57:23,9.94,0.01,346,343924,买盘
34,14:57:17,9.93,-0.01,344,341592,卖盘
35,14:57:12,9.94,--,11,10934,买盘
36,14:57:08,9.94,--,154,153076,买盘
37,14:57:02,9.94,--,1662,1652534,买盘
38,14:56:57,9.94,--,125,124250,买盘
39,14:56:53,9.94,--,331,329014,买盘
40,14:56:47,9.94,--,365,362810,卖盘
41,14:56:42,9.94,0.01,191,189854,买盘
42,14:56:37,9.93,0.01,380,377826,买盘
43,14:56:32,9.92,-0.02,574,569913,卖盘
44,14:56:27,9.94,0.01,799,794693,买盘
45,14:56:22,9.93,--,168,166824,卖盘
46,14:56:17,9.93,--,199,197607,买盘
47,14:56:12,9.93,--,583,578919,买盘
48,14:56:07,9.93,--,152,150936,买盘
49,14:56:02,9.93,--,549,545157,卖盘
50,14:55:57,9.93,-0.01,30,29790,卖盘
51,14:55:52,9.94,--,142,141148,买盘
52,14:55:47,9.94,0.01,543,539742,买盘
53,14:55:42,9.93,--,167,165831,买盘
54,14:55:37,9.93,--,214,212502,买盘
55,14:55:32,9.93,--,795,789435,卖盘
56,14:55:27,9.93,--,15,14895,卖盘
57,14:55:22,9.93,--,5,4965,卖盘
58,14:55:17,9.93,0.01,139,138027,卖盘
59,14:55:12,9.92,--,139,137888,卖盘
60,14:55:07,9.92,--,47,46624,卖盘
61,14:55:02,9.92,0.01,95,94240,中性盘
62,14:54:57,9.91,-0.01,115,114926,中性盘
63,14:54:52,9.92,--,715,709280,买盘
64,14:54:47,9.92,--,175,173600,买盘
65,14:54:42,9.92,--,205,203885,买盘
66,14:54:37,9.92,--,165,164185,买盘
67,14:54:32,9.92,--,418,414656,买盘
68,14:54:27,9.92,--,542,537664,卖盘
69,14:54:22,9.92,--,177,175584,卖盘
70,14:54:17,9.92,--,236,234112,卖盘
71,14:54:12,9.92,0.01,241,239558,买盘
72,14:54:07,9.91,-0.01,52,51532,卖盘
73,14:54:02,9.92,0.01,287,284704,买盘
74,14:53:57,9.91,-0.01,59,58469,卖盘
75,14:53:52,9.92,--,99,98208,买盘
76,14:53:47,9.92,0.02,121,120547,卖盘
77,14:53:42,9.9,-0.03,272,269864,卖盘
78,14:53:37,9.93,0.01,1132,1124076,买盘
79,14:53:32,9.92,0.01,277,274784,买盘
80,14:53:27,9.91,--,67,66397,买盘
81,14:53:22,9.91,-0.01,359,355769,卖盘
82,14:53:17,9.92,--,266,263872,买盘
83,14:53:12,9.92,--,116,115072,买盘
84,14:53:07,9.92,-0.01,28,27776,卖盘
85,14:53:02,9.93,0.01,132,131076,买盘
86,14:52:57,9.92,-0.02,156,154752,卖盘
87,14:52:47,9.94,0.02,1709,1699272,买盘
88,14:52:42,9.92,--,95,94240,买盘
89,14:52:37,9.92,--,373,370373,买盘
90,14:52:32,9.92,-0.02,38,37696,卖盘
91,14:52:27,9.94,-0.01,90,89460,中性盘
92,14:52:22,9.95,0.03,66,65670,买盘
93,14:52:17,9.92,-0.03,325,322400,卖盘
94,14:52:12,9.95,-0.02,86,85570,中性盘
95,14:52:07,9.97,0.01,249,248253,买盘
96,14:52:02,9.96,--,185,184260,买盘
97,14:51:57,9.96,-0.02,508,506814,卖盘
98,14:51:52,9.98,--,108,108273,买盘
99,14:51:47,9.98,0.01,1447,1444106,买盘
100,14:51:42,9.97,-0.01,326,325022,买盘
101,14:51:37,9.98,0.01,95,94810,买盘
102,14:51:31,9.97,-0.01,158,157526,卖盘
103,14:51:26,9.98,--,74,73852,买盘
104,14:51:21,9.98,--,123,122754,买盘
105,14:51:17,9.98,-0.01,310,309380,卖盘
106,14:51:11,9.99,0.01,332,331668,买盘
107,14:51:06,9.98,-0.02,63,62874,卖盘
108,14:51:02,10.0,0.03,248,248000,买盘
109,14:50:56,9.97,-0.01,252,251244,卖盘
110,14:50:51,9.98,0.03,7,6986,买盘
111,14:50:47,9.95,-0.03,1089,1083555,卖盘
112,14:50:41,9.98,0.03,1008,1005984,买盘
113,14:50:36,9.95,--,645,642431,买盘
114,14:50:32,9.95,--,238,236809,买盘
115,14:50:26,9.95,0.01,256,254719,买盘
116,14:50:21,9.94,-0.01,22,21868,卖盘
117,14:50:17,9.95,0.01,152,151240,买盘
118,14:50:11,9.94,0.01,902,896588,买盘
119,14:50:06,9.93,-0.01,227,225411,卖盘
120,14:50:01,9.94,0.01,20,19880,买盘
121,14:49:56,9.93,--,195,193635,买盘
122,14:49:51,9.93,0.02,82,81426,买盘
123,14:49:46,9.91,-0.01,74,73334,卖盘
124,14:49:41,9.92,0.02,49,48608,买盘
125,14:49:36,9.9,--,183,181170,卖盘
126,14:49:31,9.9,--,662,656043,买盘
127,14:49:26,9.9,0.01,207,204930,买盘
128,14:49:21,9.89,--,339,335271,卖盘
129,14:49:16,9.89,0.01,524,518236,买盘
130,14:49:11,9.88,-0.01,258,255398,中性盘
131,14:49:06,9.89,--,293,289777,买盘
132,14:49:01,9.89,--,23,22747,买盘
133,14:48:56,9.89,--,2342,2316732,买盘
134,14:48:51,9.89,0.01,328,324392,买盘
135,14:48:46,9.88,0.01,18,17784,中性盘
136,14:48:41,9.87,-0.01,368,363216,卖盘
137,14:48:36,9.88,--,216,213408,买盘
138,14:48:31,9.88,-0.01,139,137332,中性盘
139,14:48:26,9.89,--,246,243294,买盘
140,14:48:21,9.89,-0.01,672,664608,买盘
141,14:48:16,9.9,--,141,139590,买盘
142,14:48:11,9.9,--,122,120780,买盘
143,14:48:06,9.9,--,223,220770,买盘
144,14:48:01,9.9,--,72,71280,买盘
145,14:47:56,9.9,-0.02,1246,1234361,卖盘
146,14:47:51,9.92,0.02,127,126152,买盘
147,14:47:46,9.9,-0.01,235,232650,卖盘
148,14:47:41,9.91,--,970,962092,卖盘
149,14:47:36,9.91,-0.01,1109,1099019,卖盘
150,14:47:31,9.92,--,227,225233,买盘
151,14:47:26,9.92,--,451,447392,买盘
152,14:47:21,9.92,-0.01,297,295566,卖盘
153,14:47:16,9.93,-0.02,1804,1791421,卖盘
154,14:47:11,9.95,0.02,383,381085,买盘
155,14:47:06,9.93,--,439,435927,买盘
156,14:47:01,9.93,--,145,143985,买盘
157,14:46:56,9.93,-0.02,383,380319,卖盘
158,14:46:51,9.95,--,293,291654,买盘
159,14:46:46,9.95,--,290,288550,买盘
160,14:46:41,9.95,--,122,121389,买盘
161,14:46:36,9.95,-0.02,253,251734,中性盘
162,14:46:31,9.97,0.01,207,206379,买盘
163,14:46:26,9.96,0.05,269,267924,买盘
164,14:46:21,9.91,-0.07,379,375589,卖盘
165,14:46:16,9.98,-0.01,85,84830,买盘
166,14:46:11,9.99,0.01,473,472527,买盘
167,14:46:06,9.98,-0.01,336,335328,卖盘
168,14:46:01,9.99,-0.01,41,40959,卖盘
169,14:45:56,10.0,--,339,339000,买盘
170,14:45:51,10.0,--,208,208000,买盘
171,14:45:46,10.0,0.01,153,153000,买盘
172,14:45:41,9.99,-0.01,111,110889,中性盘
173,14:45:36,10.0,-0.01,728,728880,卖盘
174,14:45:31,10.01,--,37,37037,买盘
175,14:45:26,10.01,--,357,357357,买盘
176,14:45:21,10.01,-0.01,821,821821,卖盘
177,14:45:16,10.02,0.01,102,102204,买盘
178,14:45:11,10.01,--,404,404404,卖盘
179,14:45:06,10.01,-0.01,2330,2332330,卖盘
180,14:45:01,10.02,--,641,642402,买盘
181,14:44:56,10.02,--,485,485970,买盘
182,14:44:51,10.02,-0.03,634,635268,卖盘
183,14:44:46,10.05,--,36,36180,买盘
184,14:44:41,10.05,-0.01,458,460290,卖盘
185,14:44:36,10.06,--,577,580462,卖盘
186,14:44:31,10.06,-0.01,105,105630,卖盘
187,14:44:26,10.07,--,164,165148,买盘
188,14:44:21,10.07,0.01,2193,2208351,买盘
189,14:44:15,10.06,-0.01,209,210254,卖盘
190,14:44:11,10.07,--,271,272897,中性盘
191,14:44:05,10.07,--,433,436071,卖盘
192,14:44:01,10.07,--,82,82574,卖盘
193,14:43:55,10.07,--,100,100700,卖盘
194,14:43:50,10.07,-0.01,663,668607,卖盘
195,14:43:45,10.08,-0.01,258,260064,卖盘
196,14:43:40,10.09,--,73,73657,买盘
197,14:43:35,10.09,--,18,18162,买盘
198,14:43:30,10.09,-0.01,128,129152,卖盘
199,14:43:25,10.1,0.01,8,8080,买盘
200,14:43:20,10.09,-0.03,808,815726,卖盘
201,14:43:15,10.12,0.02,944,955327,买盘
202,14:43:10,10.1,-0.02,158,159580,卖盘
203,14:43:05,10.12,0.02,144,145728,买盘
204,14:43:00,10.1,-0.02,640,646400,卖盘
205,14:42:55,10.12,-0.01,54,54647,卖盘
206,14:42:50,10.13,0.01,120,121560,买盘
207,14:42:45,10.12,--,1280,1295360,卖盘
208,14:42:40,10.12,--,13,13155,卖盘
209,14:42:35,10.12,0.01,120,121996,买盘
210,14:42:30,10.11,-0.01,92,93012,卖盘
211,14:42:25,10.12,0.01,96,97151,买盘
212,14:42:20,10.11,--,290,293190,卖盘
213,14:42:15,10.11,-0.01,1,1011,卖盘
214,14:42:10,10.12,0.01,31,31371,买盘
215,14:42:05,10.11,--,180,181980,买盘
216,14:42:00,10.11,--,425,429675,买盘
217,14:41:55,10.11,--,31,31341,买盘
218,14:41:50,10.11,-0.01,463,468093,卖盘
219,14:41:45,10.12,--,147,148764,买盘
220,14:41:40,10.12,0.01,115,116379,买盘
221,14:41:35,10.11,-0.01,103,104133,买盘
222,14:41:30,10.12,--,210,212519,买盘
223,14:41:25,10.12,0.02,460,465519,买盘
224,14:41:20,10.1,-0.01,538,543380,卖盘
225,14:41:15,10.11,0.02,247,249717,买盘
226,14:41:10,10.09,--,737,744248,买盘
227,14:41:05,10.09,0.01,77,77693,买盘
228,14:41:00,10.08,-0.01,214,215712,买盘
229,14:40:55,10.09,0.01,41,41369,买盘
230,14:40:50,10.08,--,765,771120,卖盘
231,14:40:45,10.08,-0.01,444,447552,卖盘
232,14:40:40,10.09,--,141,142269,买盘
233,14:40:35,10.09,--,881,888929,买盘
234,14:40:30,10.09,-0.01,1972,1990141,卖盘
235,14:40:24,10.1,-0.02,5,5050,卖盘
236,14:40:20,10.12,0.02,143,144716,买盘
237,14:40:15,10.1,0.01,94,94940,中性盘
238,14:40:10,10.09,-0.04,4746,4788714,卖盘
239,14:40:05,10.13,-0.01,60,60780,卖盘
240,14:40:00,10.14,0.01,243,246402,买盘
241,14:39:54,10.13,--,117,119341,卖盘
242,14:39:50,10.13,0.01,50,50650,卖盘
243,14:39:45,10.12,-0.01,94,95633,卖盘
244,14:39:40,10.13,--,125,127405,买盘
245,14:39:35,10.13,-0.01,1042,1055778,卖盘
246,14:39:30,10.14,0.01,169,172146,买盘
247,14:39:25,10.13,--,87,88131,卖盘
248,14:39:20,10.13,--,166,168158,卖盘
249,14:39:15,10.13,-0.01,207,209691,卖盘
250,14:39:10,10.14,-0.01,29,29406,卖盘
251,14:39:05,10.15,--,222,225330,买盘
252,14:39:00,10.15,0.01,250,253750,买盘
253,14:38:55,10.14,-0.01,43,43602,卖盘
254,14:38:50,10.15,0.01,323,327845,买盘
255,14:38:45,10.14,0.01,141,142974,买盘
256,14:38:39,10.13,-0.01,56,56728,卖盘
257,14:38:35,10.14,0.01,133,134862,买盘
258,14:38:30,10.13,0.01,73,73949,买盘
259,14:38:24,10.12,--,26,26311,卖盘
260,14:38:20,10.12,-0.01,451,456411,卖盘
261,14:38:15,10.13,0.02,113,114469,买盘
262,14:38:10,10.11,--,116,117276,卖盘
263,14:38:05,10.11,0.01,4,4044,中性盘
264,14:38:00,10.1,--,2438,2462915,卖盘
265,14:37:54,10.1,-0.02,114,115140,卖盘
266,14:37:50,10.12,--,328,331936,买盘
267,14:37:44,10.12,-0.03,416,420991,卖盘
268,14:37:40,10.15,--,402,408030,卖盘
269,14:37:33,10.15,-0.01,33,33495,卖盘
270,14:37:29,10.16,0.01,167,169672,买盘
271,14:37:24,10.15,-0.03,135,137025,卖盘
272,14:37:18,10.18,--,44,44792,买盘
273,14:37:14,10.18,--,287,292166,卖盘
274,14:37:09,10.18,-0.01,427,434686,卖盘
275,14:37:03,10.19,-0.01,114,116166,卖盘
276,14:36:59,10.2,0.01,17,17340,买盘
277,14:36:54,10.19,-0.04,1380,1406220,卖盘
278,14:36:48,10.23,--,12,12276,买盘
279,14:36:44,10.23,-0.01,5,5115,卖盘
280,14:36:39,10.24,--,2337,2393088,卖盘
281,14:36:33,10.24,--,7,7168,卖盘
282,14:36:29,10.24,--,77,78848,买盘
283,14:36:24,10.24,--,96,98304,卖盘
284,14:36:18,10.24,-0.01,6,6144,卖盘
285,14:36:14,10.25,--,27,27675,买盘
286,14:36:09,10.25,--,3,3075,买盘
287,14:36:03,10.25,--,103,105616,卖盘
288,14:35:59,10.25,--,90,92250,卖盘
289,14:35:54,10.25,--,135,138375,卖盘
290,14:35:48,10.25,-0.01,2,2050,卖盘
291,14:35:44,10.26,--,28,28728,买盘
292,14:35:39,10.26,0.01,90,92340,买盘
293,14:35:29,10.25,-0.01,150,153750,卖盘
294,14:35:24,10.26,--,48,49771,卖盘
295,14:35:14,10.26,-0.01,263,269838,卖盘
296,14:35:09,10.27,0.01,165,169455,买盘
297,14:35:03,10.26,--,50,51300,卖盘
298,14:34:59,10.26,--,221,226746,卖盘
299,14:34:54,10.26,-0.01,64,65664,卖盘
300,14:34:48,10.27,--,21,21567,买盘
301,14:34:39,10.27,--,137,140699,买盘
302,14:34:33,10.27,--,5,5135,买盘
303,14:34:29,10.27,0.01,6,6162,买盘
304,14:34:24,10.26,-0.01,265,271890,卖盘
305,14:34:18,10.27,--,80,82160,买盘
306,14:34:14,10.27,--,70,71890,买盘
307,14:34:09,10.27,0.01,36,36972,买盘
308,14:34:03,10.26,--,26,26676,卖盘
309,14:33:58,10.26,0.01,654,671506,买盘
310,14:33:54,10.25,--,540,554125,卖盘
311,14:33:44,10.25,--,10,10250,卖盘
312,14:33:39,10.25,--,56,57400,卖盘
313,14:33:29,10.25,--,10,10250,卖盘
314,14:33:24,10.25,--,70,71750,卖盘
315,14:33:18,10.25,--,274,281208,买盘
316,14:33:14,10.25,--,5,5125,买盘
317,14:33:09,10.25,0.01,3,3075,买盘
318,14:33:03,10.24,-0.01,34,34816,卖盘
319,14:32:59,10.25,0.01,120,123000,买盘
320,14:32:54,10.24,-0.01,59,60416,卖盘
321,14:32:48,10.25,--,33,33825,买盘
322,14:32:44,10.25,--,11,11275,买盘
323,14:32:39,10.25,--,62,63550,买盘
324,14:32:33,10.25,--,22,22550,买盘
325,14:32:24,10.25,--,105,107625,买盘
326,14:32:14,10.25,-0.01,169,173891,卖盘
327,14:32:09,10.26,--,151,154926,买盘
328,14:31:59,10.26,0.01,37,38321,买盘
329,14:31:54,10.25,-0.01,75,76875,卖盘
330,14:31:48,10.26,0.01,45,46170,买盘
331,14:31:44,10.25,-0.01,115,117875,卖盘
332,14:31:38,10.26,--,38,38988,买盘
333,14:31:28,10.26,--,5,5130,买盘
334,14:31:24,10.26,--,414,425287,卖盘
335,14:31:18,10.26,--,6,6884,卖盘
336,14:31:14,10.26,--,78,80828,卖盘
337,14:31:03,10.26,-0.01,30,30780,卖盘
338,14:30:53,10.27,--,55,56485,买盘
339,14:30:48,10.27,-0.01,3,3081,卖盘
340,14:30:38,10.28,--,5,5140,买盘
341,14:30:33,10.28,0.01,5,5140,买盘
342,14:30:27,10.27,--,10,10270,买盘
343,14:30:23,10.27,-0.01,51,52377,卖盘
344,14:30:18,10.28,--,46,47288,买盘
345,14:30:12,10.28,--,5,5140,买盘
346,14:30:08,10.28,--,16,16448,买盘
347,14:30:03,10.28,-0.01,27,27756,卖盘
348,14:29:57,10.29,0.01,56,57623,买盘
349,14:29:53,10.28,-0.01,30,30839,卖盘
350,14:29:48,10.29,--,18,18522,买盘
351,14:29:38,10.29,--,27,27782,买盘
352,14:29:33,10.29,0.01,63,64826,买盘
353,14:29:23,10.28,-0.01,6,6168,卖盘
354,14:29:18,10.29,--,6,6173,买盘
355,14:29:12,10.29,0.01,1,1029,买盘
356,14:29:08,10.28,--,19,19532,卖盘
357,14:29:03,10.28,-0.01,60,61679,卖盘
358,14:28:57,10.29,--,33,33957,买盘
359,14:28:53,10.29,--,167,171843,买盘
360,14:28:48,10.29,--,13,13376,买盘
361,14:28:42,10.29,--,56,57623,买盘
362,14:28:38,10.29,--,24,24695,买盘
363,14:28:27,10.29,--,3,3086,买盘
364,14:28:23,10.29,--,179,184190,买盘
365,14:28:18,10.29,--,20,20580,买盘
366,14:28:12,10.29,--,11,11318,买盘
367,14:28:03,10.29,0.03,4,4116,买盘
368,14:27:53,10.26,-0.03,60,61560,卖盘
369,14:27:48,10.29,0.02,105,108044,买盘
370,14:27:38,10.27,--,1,1027,买盘
371,14:27:33,10.27,--,3,3081,买盘
372,14:27:23,10.27,0.02,174,178698,买盘
373,14:27:18,10.25,--,46,47150,买盘
374,14:27:12,10.25,--,85,87125,卖盘
375,14:27:08,10.25,-0.01,22,22550,卖盘
376,14:27:03,10.26,0.01,2,2052,买盘
377,14:26:52,10.25,--,61,62525,卖盘
378,14:26:38,10.25,--,29,29725,卖盘
379,14:26:33,10.25,-0.01,48,49200,卖盘
380,14:26:27,10.26,--,23,23598,买盘
381,14:26:22,10.26,0.01,65,66690,中性盘
382,14:26:18,10.25,--,117,119925,卖盘
383,14:26:12,10.25,--,10,10250,卖盘
384,14:26:03,10.25,--,53,54325,买盘
385,14:25:57,10.25,0.01,6,6150,买盘
386,14:25:53,10.24,-0.01,98,100352,卖盘
387,14:25:47,10.25,--,15,15375,买盘
388,14:25:42,10.25,0.01,15,15375,买盘
389,14:25:38,10.24,--,52,53248,买盘
390,14:25:32,10.24,--,5,5120,买盘
391,14:25:27,10.24,--,53,54272,买盘
392,14:25:23,10.24,0.01,10,10240,中性盘
393,14:25:17,10.23,--,15,15345,卖盘
394,14:25:12,10.23,--,158,161634,卖盘
395,14:25:02,10.23,--,92,94116,卖盘
396,14:24:53,10.23,--,17,17391,卖盘
397,14:24:47,10.23,--,80,81840,中性盘
398,14:24:42,10.23,--,21,21483,卖盘
399,14:24:27,10.23,--,33,33759,买盘
400,14:24:21,10.23,-0.01,4,4092,买盘
401,14:24:17,10.24,0.02,128,131072,买盘
402,14:24:12,10.22,-0.03,212,216664,卖盘
403,14:24:06,10.25,0.01,152,155800,买盘
404,14:24:02,10.24,--,109,111616,卖盘
405,14:23:57,10.24,-0.01,40,40960,卖盘
406,14:23:47,10.25,--,18,19167,卖盘
407,14:23:42,10.25,-0.01,773,792632,卖盘
408,14:23:32,10.26,--,11,11286,买盘
409,14:23:27,10.26,--,12,12312,买盘
410,14:23:21,10.26,--,22,22572,买盘
411,14:23:17,10.26,--,32,33550,卖盘
412,14:23:12,10.26,-0.01,59,60534,卖盘
413,14:23:02,10.27,--,1,1027,买盘
414,14:22:57,10.27,--,7,7189,买盘
415,14:22:47,10.27,--,89,91403,卖盘
416,14:22:42,10.27,-0.01,375,385125,卖盘
417,14:22:27,10.28,0.01,5,5140,买盘
418,14:22:17,10.27,-0.01,58,59566,卖盘
419,14:22:12,10.28,0.01,5,5140,买盘
420,14:22:02,10.27,--,5,5135,卖盘
421,14:21:47,10.27,--,63,64701,卖盘
422,14:21:42,10.27,--,0,0,卖盘
423,14:21:32,10.27,-0.01,280,287560,卖盘
424,14:21:27,10.28,--,1,1336,买盘
425,14:21:21,10.28,0.01,7,7196,买盘
426,14:21:17,10.27,-0.01,58,59566,卖盘
427,14:21:12,10.28,--,53,54484,卖盘
428,14:21:06,10.28,--,33,33924,卖盘
429,14:20:51,10.28,-0.01,2,2056,卖盘
430,14:20:47,10.29,0.01,78,80262,买盘
431,14:20:42,10.28,--,102,104856,卖盘
432,14:20:32,10.28,--,2,2056,买盘
433,14:20:27,10.28,--,50,51400,卖盘
434,14:20:21,10.28,-0.01,2,2056,卖盘
435,14:20:17,10.29,0.01,75,77175,买盘
436,14:20:06,10.28,0.01,2,2056,买盘
437,14:20:02,10.27,--,10,10270,卖盘
438,14:19:57,10.27,--,0,0,卖盘
439,14:19:47,10.27,--,58,59566,卖盘
440,14:19:42,10.27,--,8,8216,卖盘
441,14:19:36,10.27,-0.02,20,20540,卖盘
442,14:19:32,10.29,--,1,1029,买盘
443,14:19:21,10.29,0.01,14,14405,买盘
444,14:19:17,10.28,--,47,48316,卖盘
445,14:19:01,10.28,--,30,30839,买盘
446,14:18:51,10.28,0.01,6,6168,买盘
447,14:18:45,10.27,-0.02,41,42107,卖盘
448,14:18:41,10.29,0.01,35,36015,买盘
449,14:18:31,10.28,-0.01,300,308400,卖盘
450,14:18:26,10.29,--,14,14405,买盘
451,14:18:21,10.29,0.01,56,57623,买盘
452,14:18:15,10.28,--,18,18504,卖盘
453,14:18:11,10.28,-0.01,6,6168,卖盘
454,14:17:51,10.29,0.01,74,76146,买盘
455,14:17:45,10.28,-0.01,59,60651,卖盘
456,14:17:41,10.29,--,18,18522,买盘
457,14:17:26,10.29,0.01,6,6173,买盘
458,14:17:21,10.28,-0.01,5,5140,卖盘
459,14:17:15,10.29,--,28,29048,卖盘
460,14:17:11,10.29,--,40,41160,卖盘
461,14:17:00,10.29,-0.01,100,102899,卖盘
462,14:16:56,10.3,--,30,30900,买盘
463,14:16:51,10.3,0.01,28,28840,买盘
464,14:16:45,10.29,-0.01,54,55565,卖盘
465,14:16:41,10.3,0.01,1,1030,买盘
466,14:16:36,10.29,-0.01,36,37044,卖盘
467,14:16:26,10.3,--,22,23453,买盘
468,14:16:21,10.3,0.01,50,51500,买盘
469,14:16:15,10.29,-0.01,268,275772,卖盘
470,14:16:11,10.3,--,21,21630,买盘
471,14:16:06,10.3,--,128,131840,买盘
472,14:16:00,10.3,--,14,14420,买盘
473,14:15:56,10.3,--,59,60770,买盘
474,14:15:51,10.3,0.01,1,1030,买盘
475,14:15:45,10.29,-0.01,57,58652,卖盘
476,14:15:41,10.3,0.01,36,37080,买盘
477,14:15:36,10.29,-0.01,6,6173,卖盘
478,14:15:30,10.3,--,5,5150,买盘
479,14:15:26,10.3,--,100,103000,买盘
480,14:15:21,10.3,0.01,85,87550,买盘
481,14:15:15,10.29,--,58,59681,卖盘
482,14:15:00,10.29,--,95,97754,买盘
483,14:14:56,10.29,0.01,116,119363,买盘
484,14:14:50,10.28,--,9,9252,卖盘
485,14:14:45,10.28,-0.01,50,51400,卖盘
486,14:14:40,10.29,0.02,6,6173,买盘
487,14:14:35,10.27,-0.01,737,756899,卖盘
488,14:14:30,10.28,--,22,22616,卖盘
489,14:14:20,10.28,--,4,4112,卖盘
490,14:14:15,10.28,--,62,63735,买盘
491,14:14:11,10.28,--,477,490355,买盘
492,14:14:06,10.28,--,22,22616,买盘
493,14:13:56,10.28,--,10,10280,买盘
494,14:13:50,10.28,0.01,57,58595,买盘
495,14:13:45,10.27,-0.01,58,59566,卖盘
496,14:13:41,10.28,--,300,308400,买盘
497,14:13:35,10.28,--,5,5140,买盘
498,14:13:30,10.28,--,38,39064,买盘
499,14:13:26,10.28,--,74,76072,卖盘
500,14:13:20,10.28,--,20,20560,卖盘
501,14:13:15,10.28,0.01,59,60651,卖盘
502,14:13:11,10.27,-0.01,69,70863,卖盘
503,14:13:05,10.28,0.01,9,9252,买盘
504,14:13:00,10.27,-0.01,25,25675,卖盘
505,14:12:50,10.28,0.02,100,102800,买盘
506,14:12:45,10.26,-0.01,58,59508,卖盘
507,14:12:41,10.27,--,1,1027,买盘
508,14:12:35,10.27,--,46,47242,买盘
509,14:12:30,10.27,--,4,4108,买盘
510,14:12:26,10.27,--,21,21567,买盘
511,14:12:20,10.27,--,52,53404,买盘
512,14:12:15,10.27,0.01,64,65728,买盘
513,14:12:10,10.26,0.01,68,69768,买盘
514,14:12:05,10.25,-0.01,20,20500,卖盘
515,14:11:55,10.26,--,4,4104,买盘
516,14:11:50,10.26,0.01,15,15390,买盘
517,14:11:45,10.25,-0.02,27,27675,卖盘
518,14:11:35,10.27,--,1,1027,买盘
519,14:11:30,10.27,--,67,68809,买盘
520,14:11:24,10.27,0.01,10,10270,买盘
521,14:11:20,10.26,-0.01,36,36936,卖盘
522,14:11:15,10.27,--,30,30810,买盘
523,14:11:09,10.27,--,71,72917,买盘
524,14:11:05,10.27,--,69,70863,买盘
525,14:11:00,10.27,--,158,162266,卖盘
526,14:10:54,10.27,--,6,6162,卖盘
527,14:10:50,10.27,--,102,104754,卖盘
528,14:10:45,10.27,0.01,27,27729,买盘
529,14:10:39,10.26,--,10,10260,卖盘
530,14:10:35,10.26,--,272,279072,卖盘
531,14:10:30,10.26,-0.01,11,11286,卖盘
532,14:10:20,10.27,--,41,42107,卖盘
533,14:10:15,10.27,-0.01,20,20540,卖盘
534,14:09:45,10.28,--,52,53456,买盘
535,14:09:39,10.28,--,3,3084,买盘
536,14:09:24,10.28,--,11,11308,买盘
537,14:09:20,10.28,--,2,2056,买盘
538,14:09:15,10.28,--,7,7196,买盘
539,14:09:05,10.28,--,0,0,买盘
540,14:09:00,10.28,--,1,1028,买盘
541,14:08:50,10.28,0.02,20,20560,买盘
542,14:08:45,10.26,-0.02,18,18468,卖盘
543,14:08:39,10.28,--,20,20560,买盘
544,14:08:30,10.28,0.03,12,12336,买盘
545,14:08:04,10.25,--,0,0,卖盘
546,14:08:00,10.25,--,40,41000,卖盘
547,14:07:44,10.25,--,0,0,卖盘
548,14:07:39,10.25,-0.03,1,1025,卖盘
549,14:07:20,10.28,0.03,1,1028,买盘
550,14:07:05,10.25,--,165,169668,买盘
551,14:06:59,10.25,--,53,54325,买盘
552,14:06:50,10.25,--,41,42025,买盘
553,14:06:44,10.25,0.01,54,55350,买盘
554,14:06:29,10.24,-0.01,5,5120,卖盘
555,14:06:24,10.25,--,10,10250,买盘
556,14:06:19,10.25,--,7,7175,买盘
557,14:06:14,10.25,--,12,12300,买盘
558,14:06:09,10.25,--,12,12300,买盘
559,14:06:05,10.25,--,7,7175,买盘
560,14:05:59,10.25,-0.02,1409,1444225,卖盘
561,14:05:54,10.27,--,2,2054,买盘
562,14:05:44,10.27,-0.01,31,32319,卖盘
563,14:05:39,10.28,0.01,10,10280,买盘
564,14:05:29,10.27,-0.01,102,104754,卖盘
565,14:05:24,10.28,--,10,10280,买盘
566,14:05:19,10.28,--,25,25700,买盘
567,14:05:14,10.28,--,11,11308,买盘
568,14:05:09,10.28,--,8,8224,买盘
569,14:05:04,10.28,--,12,12336,卖盘
570,14:04:59,10.28,--,14,14392,买盘
571,14:04:54,10.28,0.01,14,14392,中性盘
572,14:04:44,10.27,-0.02,200,205400,卖盘
573,14:04:39,10.29,--,1,1029,买盘
574,14:04:33,10.29,0.01,1,1029,买盘
575,14:04:24,10.28,--,47,48316,买盘
576,14:04:14,10.28,--,5,5140,买盘
577,14:04:03,10.28,--,7,7196,买盘
578,14:03:59,10.28,--,71,72988,卖盘
579,14:03:54,10.28,-0.02,40,41120,卖盘
580,14:03:48,10.3,--,0,0,买盘
581,14:03:44,10.3,--,56,57680,买盘
582,14:03:29,10.3,--,34,35020,买盘
583,14:03:24,10.3,--,446,459380,卖盘
584,14:03:18,10.3,-0.01,10,10300,卖盘
585,14:03:14,10.31,0.01,7,7217,买盘
586,14:03:03,10.3,--,30,30900,卖盘
587,14:02:59,10.3,--,138,142140,买盘
588,14:02:54,10.3,0.02,2,2060,买盘
589,14:02:48,10.28,--,50,51400,卖盘
590,14:02:39,10.28,--,70,71960,买盘
591,14:02:33,10.28,--,1,1028,买盘
592,14:02:29,10.28,--,24,24672,买盘
593,14:02:24,10.28,-0.02,88,90464,卖盘
594,14:02:14,10.3,0.01,15,15450,买盘
595,14:02:09,10.29,-0.01,14,14405,中性盘
596,14:02:03,10.3,--,7,7210,买盘
597,14:01:59,10.3,--,541,557230,买盘
598,14:01:54,10.3,--,4,4120,买盘
599,14:01:39,10.3,--,11,11330,买盘
600,14:01:33,10.3,0.02,633,651990,买盘
601,14:01:29,10.28,-0.01,108,111024,卖盘
602,14:01:24,10.29,-0.01,10,10290,卖盘
603,14:01:18,10.3,0.01,79,81370,买盘
604,14:01:14,10.29,-0.01,31,31898,卖盘
605,14:01:09,10.3,0.02,10,10300,买盘
606,14:01:03,10.28,--,20,20560,卖盘
607,14:00:59,10.28,-0.01,353,362884,卖盘
608,14:00:54,10.29,--,33,33957,买盘
609,14:00:48,10.29,--,17,17493,买盘
610,14:00:44,10.29,--,229,235640,买盘
611,14:00:39,10.29,--,184,189335,买盘
612,14:00:29,10.29,--,39,40131,买盘
613,14:00:23,10.29,--,5,5145,买盘
614,14:00:14,10.29,--,59,60710,买盘
615,14:00:08,10.29,--,86,88493,买盘
616,14:00:03,10.29,--,9,9261,买盘
617,13:59:58,10.29,0.01,1,1029,买盘
618,13:59:53,10.28,-0.01,63,64763,卖盘
619,13:59:48,10.29,--,1,1029,买盘
620,13:59:43,10.29,-0.01,35,36015,中性盘
621,13:59:38,10.3,0.01,130,133900,买盘
622,13:59:33,10.29,--,8,8232,卖盘
623,13:59:23,10.29,0.01,170,175475,买盘
624,13:59:18,10.28,--,23,23644,买盘
625,13:59:13,10.28,0.02,100,102800,买盘
626,13:59:08,10.26,-0.01,10,10260,卖盘
627,13:59:03,10.27,--,8,8216,买盘
628,13:58:58,10.27,0.01,80,82160,买盘
629,13:58:53,10.26,--,203,208278,买盘
630,13:58:48,10.26,0.01,241,247266,买盘
631,13:58:42,10.25,-0.01,129,132225,卖盘
632,13:58:38,10.26,--,917,940842,买盘
633,13:58:33,10.26,0.01,12,12312,买盘
634,13:58:27,10.25,--,49,50225,卖盘
635,13:58:23,10.25,--,36,37914,买盘
636,13:58:18,10.25,0.02,223,228575,买盘
637,13:58:12,10.23,--,50,51150,买盘
638,13:58:08,10.23,--,66,67518,买盘
639,13:58:03,10.23,-0.02,224,229152,卖盘
640,13:57:53,10.25,--,18,18450,买盘
641,13:57:48,10.25,--,170,174250,卖盘
642,13:57:42,10.25,--,35,35875,卖盘
643,13:57:38,10.25,--,51,52275,卖盘
644,13:57:33,10.25,--,99,101475,卖盘
645,13:57:23,10.25,--,12,12300,卖盘
646,13:57:18,10.25,-0.01,113,115825,卖盘
647,13:57:12,10.26,--,454,465804,卖盘
648,13:57:08,10.26,--,214,219564,卖盘
649,13:57:03,10.26,-0.01,40,41040,卖盘
650,13:56:57,10.27,--,35,35945,买盘
651,13:56:53,10.27,0.01,8,8216,买盘
652,13:56:48,10.26,-0.02,510,523260,卖盘
653,13:56:42,10.28,0.01,1,1028,买盘
654,13:56:38,10.27,--,34,34918,卖盘
655,13:56:33,10.27,--,52,53404,卖盘
656,13:56:27,10.27,--,20,20540,卖盘
657,13:56:23,10.27,--,12,12324,卖盘
658,13:56:18,10.27,--,1,1027,卖盘
659,13:56:12,10.27,--,5,5135,卖盘
660,13:56:08,10.27,0.01,68,69836,买盘
661,13:56:03,10.26,-0.01,16,16416,卖盘
662,13:55:57,10.27,--,10,10270,买盘
663,13:55:53,10.27,-0.01,25,25675,卖盘
664,13:55:48,10.28,0.01,84,86352,买盘
665,13:55:42,10.27,--,125,128375,卖盘
666,13:55:38,10.27,--,40,41080,卖盘
667,13:55:33,10.27,0.01,13,13351,卖盘
668,13:55:27,10.26,-0.01,41,42066,卖盘
669,13:55:23,10.27,0.01,32,32864,买盘
670,13:55:18,10.26,-0.01,10,10260,卖盘
671,13:55:12,10.27,--,12,12324,买盘
672,13:55:08,10.27,--,29,29783,买盘
673,13:55:03,10.27,--,4,4108,卖盘
674,13:54:57,10.27,--,22,22594,买盘
675,13:54:53,10.27,--,5,5135,买盘
676,13:54:48,10.27,--,7,7189,买盘
677,13:54:42,10.27,--,15,15405,卖盘
678,13:54:38,10.27,--,85,87295,卖盘
679,13:54:33,10.27,-0.01,3,3081,中性盘
680,13:54:27,10.28,--,36,37491,卖盘
681,13:54:23,10.28,--,74,76072,卖盘
682,13:54:18,10.28,0.01,285,293524,买盘
683,13:54:08,10.27,--,140,143780,卖盘
684,13:54:03,10.27,--,62,63674,卖盘
685,13:53:53,10.27,--,35,35945,卖盘
686,13:53:48,10.27,-0.01,38,39026,卖盘
687,13:53:38,10.28,0.01,4,4112,买盘
688,13:53:33,10.27,-0.01,6,6162,卖盘
689,13:53:27,10.28,-0.01,995,1022859,卖盘
690,13:53:23,10.29,--,5,5145,买盘
691,13:53:18,10.29,--,13,13376,买盘
692,13:53:11,10.29,--,95,97754,卖盘
693,13:53:08,10.29,-0.01,55,56594,卖盘
694,13:52:57,10.3,--,11,11330,买盘
695,13:52:47,10.3,--,133,136990,卖盘
696,13:52:38,10.3,--,864,889920,卖盘
697,13:52:32,10.3,--,51,52530,卖盘
698,13:52:27,10.3,--,7,7210,卖盘
699,13:52:17,10.3,-0.01,10,10300,卖盘
700,13:52:12,10.31,0.01,2,2062,买盘
701,13:52:06,10.3,-0.01,16,16480,卖盘
702,13:52:02,10.31,--,41,42271,卖盘
703,13:51:47,10.31,--,10,10310,卖盘
704,13:51:42,10.31,-0.01,40,41240,卖盘
705,13:51:32,10.32,--,15,15480,买盘
706,13:51:17,10.32,0.02,3,3096,买盘
707,13:51:06,10.3,-0.02,16,16480,卖盘
708,13:50:51,10.32,--,104,107957,卖盘
709,13:50:41,10.32,0.05,195,201642,买盘
710,13:50:36,10.27,-0.05,200,205400,卖盘
711,13:50:32,10.32,0.04,1000,1032000,买盘
712,13:50:27,10.28,-0.01,11,11308,卖盘
713,13:50:21,10.29,0.01,95,97754,买盘
714,13:50:17,10.28,-0.01,40,41120,卖盘
715,13:50:11,10.29,0.01,496,510383,买盘
716,13:50:06,10.28,--,14,14392,卖盘
717,13:50:02,10.28,-0.01,55,56540,卖盘
718,13:49:57,10.29,--,56,57623,买盘
719,13:49:47,10.29,--,68,69972,买盘
720,13:49:41,10.29,--,20,20580,买盘
721,13:49:36,10.29,-0.01,51,52478,卖盘
722,13:49:32,10.3,--,11,11330,买盘
723,13:49:21,10.3,0.01,15,15450,买盘
724,13:49:17,10.29,--,10,10290,卖盘
725,13:49:12,10.29,-0.01,14,14405,卖盘
726,13:49:06,10.3,--,6,6180,买盘
727,13:49:02,10.3,0.01,14,14420,买盘
728,13:48:57,10.29,-0.01,10,10290,卖盘
729,13:48:51,10.3,--,17,17510,买盘
730,13:48:41,10.3,0.01,122,125660,中性盘
731,13:48:36,10.29,-0.01,109,112160,卖盘
732,13:48:32,10.3,--,9,9270,买盘
733,13:48:27,10.3,--,13,13390,买盘
734,13:48:17,10.3,0.01,12,12360,买盘
735,13:48:02,10.29,0.01,12,12347,买盘
736,13:47:57,10.28,-0.01,122,125415,卖盘
737,13:47:51,10.29,--,6,6173,买盘
738,13:47:47,10.29,--,19,19551,买盘
739,13:47:41,10.29,--,58,59681,买盘
740,13:47:32,10.29,--,23,23666,买盘
741,13:47:27,10.29,0.01,72,74088,买盘
742,13:47:21,10.28,-0.01,10,10280,卖盘
743,13:47:17,10.29,--,101,103928,买盘
744,13:47:11,10.29,--,31,31898,卖盘
745,13:47:05,10.29,--,30,30869,卖盘
746,13:46:51,10.29,--,17,17493,买盘
747,13:46:47,10.29,0.01,97,99812,买盘
748,13:46:41,10.28,-0.01,42,43176,卖盘
749,13:46:31,10.29,--,352,362207,买盘
750,13:46:27,10.29,0.01,8,8232,买盘
751,13:46:20,10.28,--,1,1028,卖盘
752,13:46:16,10.28,-0.01,86,88408,卖盘
753,13:46:11,10.29,0.01,19,19551,买盘
754,13:46:05,10.28,--,144,148032,卖盘
755,13:46:01,10.28,--,4,4112,卖盘
756,13:45:56,10.28,--,35,35980,卖盘
757,13:45:45,10.28,-0.01,21,21588,卖盘
758,13:45:41,10.29,0.01,3,3086,买盘
759,13:45:35,10.28,--,75,77100,卖盘
760,13:45:29,10.28,--,1,1028,卖盘
761,13:45:26,10.28,-0.01,239,245691,卖盘
762,13:45:20,10.29,--,5,5145,买盘
763,13:45:05,10.29,--,17,17493,买盘
764,13:44:56,10.29,--,5,5145,买盘
765,13:44:50,10.29,--,5,5145,买盘
766,13:44:41,10.29,0.01,10,10290,买盘
767,13:44:35,10.28,--,30,30839,卖盘
768,13:44:26,10.28,-0.01,50,51400,卖盘
769,13:44:20,10.29,--,206,211973,卖盘
770,13:44:14,10.29,--,27,27782,卖盘
771,13:44:11,10.29,-0.01,37,38073,卖盘
772,13:44:05,10.3,--,738,760140,卖盘
773,13:43:59,10.3,--,201,207030,卖盘
774,13:43:56,10.3,--,57,58710,卖盘
775,13:43:50,10.3,-0.01,145,149350,卖盘
776,13:43:41,10.31,--,110,113410,卖盘
777,13:43:35,10.31,--,131,135061,卖盘
778,13:43:26,10.31,-0.01,12,12372,卖盘
779,13:43:20,10.32,--,924,953568,卖盘
780,13:43:14,10.32,--,20,20640,卖盘
781,13:43:11,10.32,--,67,69144,卖盘
782,13:43:05,10.32,-0.01,23,23736,卖盘
783,13:42:59,10.33,--,49,50617,卖盘
784,13:42:56,10.33,--,25,25825,卖盘
785,13:42:50,10.33,--,11,11363,卖盘
786,13:42:44,10.33,--,19,19627,卖盘
787,13:42:41,10.33,-0.01,11,11363,卖盘
788,13:42:35,10.34,0.01,19,19646,买盘
789,13:42:29,10.33,--,17,17561,卖盘
790,13:42:26,10.33,-0.01,4,4132,买盘
791,13:42:20,10.34,0.01,73,75482,买盘
792,13:42:11,10.33,--,18,18594,买盘
793,13:41:59,10.33,--,15,15495,买盘
794,13:41:56,10.33,--,10,10330,买盘
795,13:41:50,10.33,-0.01,63,65079,卖盘
796,13:41:41,10.34,0.01,20,20680,买盘
797,13:41:35,10.33,-0.01,5,5165,卖盘
798,13:41:29,10.34,0.01,9,9306,买盘
799,13:41:26,10.33,--,10,10330,卖盘
800,13:41:11,10.33,-0.01,2,2066,卖盘
801,13:40:50,10.34,--,29,29986,买盘
802,13:40:44,10.34,0.01,20,20680,买盘
803,13:40:35,10.33,--,46,47518,卖盘
804,13:40:20,10.33,--,141,145653,买盘
805,13:40:10,10.33,--,8,8264,买盘
806,13:40:05,10.33,--,15,15495,买盘
807,13:39:59,10.33,--,28,28924,买盘
808,13:39:44,10.33,--,2,2066,买盘
809,13:39:35,10.33,0.01,5,5165,买盘
810,13:39:29,10.32,-0.01,3,3096,卖盘
811,13:39:20,10.33,--,53,54749,买盘
812,13:39:14,10.33,--,5,5165,买盘
813,13:39:05,10.33,--,15,15495,买盘
814,13:38:53,10.33,-0.01,156,161148,卖盘
815,13:38:14,10.34,-0.01,10,10340,卖盘
816,13:37:59,10.35,--,1,1035,买盘
817,13:37:50,10.35,--,13,13455,卖盘
818,13:37:44,10.35,--,45,46575,中性盘
819,13:37:35,10.35,--,49,50715,买盘
820,13:37:29,10.35,--,10,10350,买盘
821,13:37:20,10.35,--,48,49680,卖盘
822,13:37:14,10.35,--,347,359145,卖盘
823,13:37:08,10.35,--,33,34155,卖盘
824,13:37:05,10.35,--,166,171810,卖盘
825,13:36:59,10.35,--,2,2070,卖盘
826,13:36:50,10.35,--,280,289800,买盘
827,13:36:44,10.35,0.01,10,10350,买盘
828,13:36:35,10.34,-0.01,76,78584,卖盘
829,13:36:29,10.35,--,4,4140,买盘
830,13:36:14,10.35,--,200,207000,买盘
831,13:36:08,10.35,--,10,10350,买盘
832,13:36:05,10.35,--,3,3105,买盘
833,13:35:59,10.35,--,11,11385,买盘
834,13:35:53,10.35,0.01,5,5175,买盘
835,13:35:50,10.34,--,62,64376,卖盘
836,13:35:44,10.34,-0.01,79,81686,卖盘
837,13:35:38,10.35,0.01,8,8280,买盘
838,13:35:35,10.34,--,13,13442,买盘
839,13:35:29,10.34,--,50,51700,买盘
840,13:35:05,10.34,0.02,22,22748,买盘
841,13:34:59,10.32,-0.02,20,20640,卖盘
842,13:34:53,10.34,--,7,7238,买盘
843,13:34:50,10.34,0.01,13,13442,买盘
844,13:34:44,10.33,-0.01,69,71277,卖盘
845,13:34:38,10.34,0.01,30,31020,买盘
846,13:34:35,10.33,-0.01,10,10330,卖盘
847,13:34:29,10.34,--,20,20680,买盘
848,13:34:14,10.34,--,70,72380,买盘
849,13:33:59,10.34,--,70,72380,买盘
850,13:33:49,10.34,--,22,22748,买盘
851,13:33:44,10.34,--,2,2068,买盘
852,13:33:38,10.34,--,9,9306,买盘
853,13:33:35,10.34,-0.01,20,20680,卖盘
854,13:33:29,10.35,--,100,103500,买盘
855,13:33:20,10.35,--,60,62100,买盘
856,13:33:14,10.35,--,39,40365,买盘
857,13:33:05,10.35,--,47,48645,买盘
858,13:32:59,10.35,0.01,230,238050,买盘
859,13:32:53,10.34,-0.01,14,14476,卖盘
860,13:32:49,10.35,0.01,2,2070,买盘
861,13:32:44,10.34,--,11,11374,卖盘
862,13:32:38,10.34,--,72,74448,买盘
863,13:32:29,10.34,0.01,38,39292,买盘
864,13:32:14,10.33,-0.01,12,12396,卖盘
865,13:32:08,10.34,-0.01,250,258500,卖盘
866,13:32:04,10.35,--,540,558900,买盘
867,13:31:59,10.35,--,5,5175,买盘
868,13:31:53,10.35,0.01,2,2070,买盘
869,13:31:44,10.34,--,20,20680,卖盘
870,13:31:38,10.34,--,154,159236,买盘
871,13:31:29,10.34,--,24,24816,买盘
872,13:31:23,10.34,-0.01,39,40326,买盘
873,13:31:19,10.35,--,0,0,买盘
874,13:31:14,10.35,0.02,301,311535,买盘
875,13:31:08,10.33,-0.01,23,23759,卖盘
876,13:31:04,10.34,0.01,5,5170,买盘
877,13:30:59,10.33,--,61,63013,卖盘
878,13:30:53,10.33,-0.01,81,83673,卖盘
879,13:30:48,10.34,0.02,94,97196,买盘
880,13:30:44,10.32,--,52,53664,卖盘
881,13:30:34,10.32,--,23,23736,卖盘
882,13:30:29,10.32,--,191,197112,买盘
883,13:30:23,10.32,--,17,17544,买盘
884,13:30:08,10.32,0.02,187,192984,买盘
885,13:30:02,10.3,-0.01,13,13390,卖盘
886,13:29:59,10.31,0.01,20,20620,买盘
887,13:29:53,10.3,0.02,20,20600,买盘
888,13:29:47,10.28,-0.02,2,2056,卖盘
889,13:29:44,10.3,0.02,1,1030,买盘
890,13:29:38,10.28,0.02,41,42148,买盘
891,13:29:29,10.26,-0.01,10,10260,卖盘
892,13:29:23,10.27,--,11,11297,卖盘
893,13:29:14,10.27,-0.01,20,20540,买盘
894,13:29:08,10.28,0.02,206,211768,买盘
895,13:28:59,10.26,-0.01,300,307800,卖盘
896,13:28:47,10.27,-0.01,54,55458,卖盘
897,13:28:44,10.28,0.01,7,7196,中性盘
898,13:28:38,10.27,--,56,57512,卖盘
899,13:28:32,10.27,0.01,9,9243,卖盘
900,13:28:29,10.26,--,0,0,卖盘
901,13:28:23,10.26,--,20,20520,卖盘
902,13:28:17,10.26,-0.02,100,102600,卖盘
903,13:28:14,10.28,0.02,166,170648,买盘
904,13:28:08,10.26,--,12,12312,卖盘
905,13:27:59,10.26,--,1,1026,卖盘
906,13:27:53,10.26,--,7,7182,卖盘
907,13:27:44,10.26,--,50,51300,卖盘
908,13:27:38,10.26,0.01,320,328320,买盘
909,13:27:32,10.25,--,200,205000,卖盘
910,13:27:29,10.25,--,30,30750,卖盘
911,13:27:23,10.25,-0.01,1,1025,卖盘
912,13:27:14,10.26,-0.02,79,81054,卖盘
913,13:27:08,10.28,0.02,204,209712,买盘
914,13:27:02,10.26,--,45,46170,卖盘
915,13:26:59,10.26,-0.02,41,42066,卖盘
916,13:26:47,10.28,--,93,95604,卖盘
917,13:26:44,10.28,0.03,223,229244,买盘
918,13:26:38,10.25,--,0,0,卖盘
919,13:26:32,10.25,-0.03,1000,1025000,卖盘
920,13:26:29,10.28,-0.01,112,115136,卖盘
921,13:26:23,10.29,0.01,82,84378,买盘
922,13:26:17,10.28,--,11,11308,卖盘
923,13:26:08,10.28,-0.01,121,124387,卖盘
924,13:26:02,10.29,--,69,71001,卖盘
925,13:25:58,10.29,--,30,30869,卖盘
926,13:25:47,10.29,-0.01,60,61739,卖盘
927,13:25:43,10.3,--,57,58710,卖盘
928,13:25:38,10.3,--,21,21630,卖盘
929,13:25:32,10.3,--,10,10300,卖盘
930,13:25:28,10.3,--,42,43260,卖盘
931,13:25:17,10.3,--,2,2060,卖盘
932,13:25:08,10.3,0.01,2,2060,买盘
933,13:25:02,10.29,-0.01,9,9261,卖盘
934,13:24:47,10.3,--,10,10300,买盘
935,13:24:43,10.3,--,3,3090,买盘
936,13:24:38,10.3,0.01,51,52530,买盘
937,13:24:32,10.29,--,9,9261,卖盘
938,13:24:23,10.29,--,31,31898,卖盘
939,13:24:13,10.29,-0.01,20,20580,卖盘
940,13:24:08,10.3,--,200,206000,买盘
941,13:24:02,10.3,0.01,5,5150,买盘
942,13:23:53,10.29,-0.01,87,89522,卖盘
943,13:23:47,10.3,--,33,33990,买盘
944,13:23:38,10.3,--,2,2060,买盘
945,13:23:26,10.3,-0.01,118,121540,卖盘
946,13:23:23,10.31,0.01,30,30930,买盘
947,13:23:17,10.3,-0.01,19,19570,卖盘
948,13:23:11,10.31,0.01,186,191766,买盘
949,13:23:02,10.3,-0.01,22,22660,卖盘
950,13:22:56,10.31,0.01,40,41240,买盘
951,13:22:53,10.3,-0.01,3,3090,卖盘
952,13:22:41,10.31,0.01,5,5155,卖盘
953,13:22:38,10.3,-0.01,200,206000,卖盘
954,13:22:32,10.31,--,2,2062,买盘
955,13:22:26,10.31,--,11,11341,买盘
956,13:22:23,10.31,--,34,35054,买盘
957,13:22:07,10.31,0.01,17,17527,买盘
958,13:22:02,10.3,--,30,30900,买盘
959,13:21:47,10.3,--,5,5150,买盘
960,13:21:41,10.3,--,1,1030,买盘
961,13:21:38,10.3,--,4,4120,卖盘
962,13:21:23,10.3,0.01,4,4120,中性盘
963,13:21:17,10.29,-0.01,17,17493,卖盘
964,13:21:07,10.3,--,6,7107,买盘
965,13:21:02,10.3,0.01,300,309000,买盘
966,13:20:56,10.29,-0.01,10,10290,卖盘
967,13:20:53,10.3,0.01,4,4120,买盘
968,13:20:47,10.29,--,8,8232,卖盘
969,13:20:38,10.29,--,4,4116,卖盘
970,13:20:32,10.29,-0.01,280,288120,卖盘
971,13:20:23,10.3,--,19,19570,买盘
972,13:20:17,10.3,--,16,16480,买盘
973,13:20:11,10.3,0.01,15,15450,买盘
974,13:20:07,10.29,--,5,5145,卖盘
975,13:20:02,10.29,-0.01,22,22637,卖盘
976,13:19:52,10.3,--,49,50470,买盘
977,13:19:47,10.3,--,57,58710,买盘
978,13:19:41,10.3,--,4,4120,买盘
979,13:19:32,10.3,--,32,32960,买盘
980,13:19:26,10.3,--,1,1030,买盘
981,13:19:22,10.3,--,3,3090,买盘
982,13:19:17,10.3,-0.01,1279,1317400,卖盘
983,13:19:11,10.31,--,63,64953,卖盘
984,13:19:07,10.31,--,30,30930,卖盘
985,13:19:02,10.31,--,3,3093,卖盘
986,13:18:56,10.31,--,5,5155,卖盘
987,13:18:47,10.31,-0.01,56,57736,卖盘
988,13:18:41,10.32,--,1,1032,买盘
989,13:18:32,10.32,--,211,217752,卖盘
990,13:18:26,10.32,-0.01,85,87720,卖盘
991,13:18:22,10.33,--,2,2066,买盘
992,13:18:17,10.33,--,49,50617,买盘
993,13:18:11,10.33,0.01,35,36155,买盘
994,13:18:07,10.32,-0.01,51,52632,卖盘
995,13:18:02,10.33,--,21,21693,买盘
996,13:17:56,10.33,--,60,61980,卖盘
997,13:17:52,10.33,--,30,30990,卖盘
998,13:17:47,10.33,--,50,51650,卖盘
999,13:17:41,10.33,--,114,117762,卖盘
1000,13:17:32,10.33,--,108,111564,卖盘
1001,13:17:26,10.33,--,62,64046,卖盘
1002,13:17:17,10.33,-0.01,69,71277,卖盘
1003,13:17:11,10.34,0.01,5,5170,买盘
1004,13:17:07,10.33,-0.01,9,9297,卖盘
1005,13:17:02,10.34,-0.01,482,498388,卖盘
1006,13:16:56,10.35,--,11,11385,买盘
1007,13:16:52,10.35,--,39,40365,买盘
1008,13:16:47,10.35,--,71,73485,买盘
1009,13:16:41,10.35,--,49,50715,卖盘
1010,13:16:37,10.35,-0.01,15,15525,卖盘
1011,13:16:32,10.36,0.01,84,87024,买盘
1012,13:16:26,10.35,-0.01,139,143865,卖盘
1013,13:16:22,10.36,--,15,15540,买盘
1014,13:16:17,10.36,0.01,47,48692,买盘
1015,13:16:11,10.35,--,40,41400,卖盘
1016,13:16:06,10.35,--,5,5175,卖盘
1017,13:16:02,10.35,0.01,28,28980,中性盘
1018,13:15:56,10.34,-0.01,10,10340,卖盘
1019,13:15:47,10.35,0.01,300,310500,买盘
1020,13:15:41,10.34,0.01,178,184052,买盘
1021,13:15:35,10.33,--,4,4132,卖盘
1022,13:15:32,10.33,0.01,315,325395,买盘
1023,13:15:26,10.32,--,54,55728,卖盘
1024,13:15:20,10.32,--,201,207432,买盘
1025,13:15:17,10.32,0.01,104,107328,买盘
1026,13:15:11,10.31,-0.01,10,10310,卖盘
1027,13:15:02,10.32,0.01,14,14448,买盘
1028,13:14:56,10.31,-0.01,108,111348,卖盘
1029,13:14:50,10.32,--,490,505680,买盘
1030,13:14:47,10.32,--,54,55728,买盘
1031,13:14:41,10.32,--,2,2064,中性盘
1032,13:14:35,10.32,--,21,21672,买盘
1033,13:14:32,10.32,-0.01,31,31992,卖盘
1034,13:14:26,10.33,--,2,2066,买盘
1035,13:14:17,10.33,0.02,20,20660,买盘
1036,13:14:11,10.31,--,64,65984,卖盘
1037,13:14:01,10.31,-0.01,120,123833,卖盘
1038,13:13:56,10.32,0.01,57,58824,买盘
1039,13:13:47,10.31,-0.01,72,74232,卖盘
1040,13:13:41,10.32,--,33,34056,买盘
1041,13:13:35,10.32,--,59,60888,买盘
1042,13:13:26,10.32,--,16,16512,买盘
1043,13:13:20,10.32,--,17,17544,买盘
1044,13:13:16,10.32,0.01,25,25800,买盘
1045,13:13:05,10.31,--,10,10310,卖盘
1046,13:13:01,10.31,--,5,5155,买盘
1047,13:12:56,10.31,--,21,21651,买盘
1048,13:12:50,10.31,--,14,14434,买盘
1049,13:12:46,10.31,--,45,46395,买盘
1050,13:12:41,10.31,--,10,10310,买盘
1051,13:12:35,10.31,--,53,54643,买盘
1052,13:12:31,10.31,--,32,32992,买盘
1053,13:12:26,10.31,0.01,6,6186,买盘
1054,13:12:20,10.3,--,5,5150,卖盘
1055,13:12:11,10.3,--,26,26780,卖盘
1056,13:12:05,10.3,--,75,77250,卖盘
1057,13:12:01,10.3,--,70,73099,买盘
1058,13:11:56,10.3,0.01,4,4120,买盘
1059,13:11:50,10.29,-0.01,71,73059,卖盘
1060,13:11:46,10.3,--,10,10300,买盘
1061,13:11:35,10.3,0.01,49,50470,买盘
1062,13:11:26,10.29,-0.01,19,19551,卖盘
1063,13:11:20,10.3,0.01,3,3090,买盘
1064,13:11:11,10.29,--,20,20580,卖盘
1065,13:11:05,10.29,0.01,27,27782,买盘
1066,13:10:56,10.28,-0.01,25,25700,卖盘
1067,13:10:50,10.29,--,29,29840,买盘
1068,13:10:46,10.29,--,10,10290,买盘
1069,13:10:41,10.29,--,2,2058,买盘
1070,13:10:35,10.29,--,37,38073,买盘
1071,13:10:31,10.29,--,300,308700,买盘
1072,13:10:20,10.29,-0.01,156,160524,卖盘
1073,13:10:16,10.3,0.01,1,1030,买盘
1074,13:10:11,10.29,--,519,534051,卖盘
1075,13:10:01,10.29,--,42,43218,卖盘
1076,13:09:56,10.29,--,54,55565,买盘
1077,13:09:50,10.29,--,10,10290,买盘
1078,13:09:46,10.29,--,77,79233,买盘
1079,13:09:41,10.29,0.01,2,2058,买盘
1080,13:09:35,10.28,--,4,5016,卖盘
1081,13:09:31,10.28,--,13,13364,卖盘
1082,13:09:26,10.28,--,22,22616,卖盘
1083,13:09:20,10.28,--,10,10280,卖盘
1084,13:09:16,10.28,--,1,1028,卖盘
1085,13:09:11,10.28,--,43,44204,买盘
1086,13:09:05,10.28,0.01,25,25700,买盘
1087,13:08:56,10.27,--,109,111943,卖盘
1088,13:08:50,10.27,-0.01,228,234156,卖盘
1089,13:08:46,10.28,--,7,7196,买盘
1090,13:08:41,10.28,--,110,113080,买盘
1091,13:08:35,10.28,0.01,13,13364,买盘
1092,13:08:29,10.27,-0.01,1,1027,卖盘
1093,13:08:26,10.28,-0.01,4,4358,卖盘
1094,13:08:20,10.29,--,98,100841,买盘
1095,13:08:14,10.29,0.01,48,49391,买盘
1096,13:08:11,10.28,-0.01,10,10280,卖盘
1097,13:08:05,10.29,--,4,4116,买盘
1098,13:07:59,10.29,--,1,1029,买盘
1099,13:07:55,10.29,--,32,32928,买盘
1100,13:07:50,10.29,--,0,0,中性盘
1101,13:07:44,10.29,-0.01,34,34986,买盘
1102,13:07:35,10.3,--,11,11330,买盘
1103,13:07:29,10.3,0.01,10,10300,买盘
1104,13:07:25,10.29,0.01,528,543312,卖盘
1105,13:07:20,10.28,-0.02,7,7196,卖盘
1106,13:07:14,10.3,--,2,2060,买盘
1107,13:07:10,10.3,0.02,3,3090,买盘
1108,13:07:05,10.28,-0.02,203,208684,卖盘
1109,13:06:59,10.3,--,372,383160,买盘
1110,13:06:50,10.3,0.02,122,125660,卖盘
1111,13:06:44,10.28,--,0,0,卖盘
1112,13:06:40,10.28,--,20,20560,卖盘
1113,13:06:35,10.28,-0.02,20,20560,卖盘
1114,13:06:29,10.3,0.01,483,498272,买盘
1115,13:06:25,10.29,0.01,31,31898,买盘
1116,13:06:20,10.28,--,21,21588,卖盘
1117,13:06:14,10.28,--,220,226160,卖盘
1118,13:06:10,10.28,--,24,24672,卖盘
1119,13:06:05,10.28,-0.01,10,10280,卖盘
1120,13:05:59,10.29,--,1,1029,买盘
1121,13:05:55,10.29,--,1,1029,买盘
1122,13:05:50,10.29,--,20,20580,买盘
1123,13:05:44,10.29,--,5,5145,买盘
1124,13:05:40,10.29,--,10,10290,买盘
1125,13:05:35,10.29,-0.01,13,13376,卖盘
1126,13:05:29,10.3,--,10,10300,买盘
1127,13:05:25,10.3,-0.01,155,159773,卖盘
1128,13:05:20,10.31,0.01,11,11341,买盘
1129,13:05:14,10.3,--,41,43136,卖盘
1130,13:05:05,10.3,0.01,166,170980,买盘
1131,13:04:59,10.29,--,121,124508,买盘
1132,13:04:55,10.29,0.01,231,237698,买盘
1133,13:04:50,10.28,--,69,70932,买盘
1134,13:04:44,10.28,0.03,152,156256,买盘
1135,13:04:40,10.25,--,1,1025,卖盘
1136,13:04:35,10.25,0.01,18,18450,买盘
1137,13:04:29,10.24,--,12,12595,卖盘
1138,13:04:25,10.24,--,36,37509,卖盘
1139,13:04:20,10.24,--,36,37345,买盘
1140,13:04:14,10.24,--,79,80896,买盘
1141,13:04:10,10.24,--,2025,2073600,买盘
1142,13:04:05,10.24,--,49,50176,买盘
1143,13:03:59,10.24,0.01,94,96256,买盘
1144,13:03:55,10.23,-0.01,6,6138,卖盘
1145,13:03:50,10.24,--,50,51834,买盘
1146,13:03:44,10.24,--,48,49152,买盘
1147,13:03:40,10.24,--,5,5120,买盘
1148,13:03:35,10.24,--,69,70656,买盘
1149,13:03:29,10.24,--,39,40570,买盘
1150,13:03:25,10.24,0.02,13,13312,买盘
1151,13:03:20,10.22,-0.01,751,767522,卖盘
1152,13:03:14,10.23,--,20,20460,卖盘
1153,13:03:10,10.23,-0.01,17,18035,卖盘
1154,13:03:05,10.24,0.01,121,123904,买盘
1155,13:02:59,10.23,0.01,75,76725,买盘
1156,13:02:55,10.22,--,8,8503,卖盘
1157,13:02:50,10.22,--,48,49056,卖盘
1158,13:02:44,10.22,--,345,352590,买盘
1159,13:02:40,10.22,0.01,78,79716,买盘
1160,13:02:35,10.21,-0.01,32,32672,卖盘
1161,13:02:29,10.22,0.01,15,15330,中性盘
1162,13:02:25,10.21,--,52,53092,卖盘
1163,13:02:20,10.21,--,1035,1057337,卖盘
1164,13:02:14,10.21,--,25,25525,卖盘
1165,13:02:10,10.21,--,1,1021,卖盘
1166,13:02:05,10.21,--,42,42882,买盘
1167,13:01:59,10.21,--,7,7147,买盘
1168,13:01:55,10.21,0.01,10,10210,买盘
1169,13:01:50,10.2,-0.02,541,551820,卖盘
1170,13:01:44,10.22,0.01,262,267764,买盘
1171,13:01:35,10.21,--,153,156213,卖盘
1172,13:01:29,10.21,-0.01,34,34714,卖盘
1173,13:01:25,10.22,--,1,1022,买盘
1174,13:01:20,10.22,--,28,28616,买盘
1175,13:01:14,10.22,--,45,45990,卖盘
1176,13:01:08,10.22,--,60,61320,卖盘
1177,13:01:04,10.22,--,19,19418,卖盘
1178,13:00:59,10.22,--,48,49056,卖盘
1179,13:00:53,10.22,--,89,90958,卖盘
1180,13:00:49,10.22,--,5,5110,卖盘
1181,13:00:38,10.22,-0.02,43,43946,卖盘
1182,13:00:34,10.24,0.01,20,20480,买盘
1183,13:00:29,10.23,0.01,20,20460,买盘
1184,13:00:23,10.22,-0.01,20,20440,卖盘
1185,13:00:19,10.23,--,13,13299,买盘
1186,13:00:14,10.23,-0.02,306,313498,卖盘
1187,13:00:08,10.25,-0.01,1156,1184900,卖盘
1188,13:00:04,10.26,0.01,191,195966,买盘
1189,11:30:00,10.25,--,0,0,买盘
1190,11:30:00,10.25,--,1,1025,买盘
1191,11:29:59,10.25,--,26,26650,卖盘
1192,11:29:54,10.25,--,108,110700,卖盘
1193,11:29:50,10.25,--,23,24518,买盘
1194,11:29:45,10.25,0.01,36,36900,买盘
1195,11:29:39,10.24,-0.01,20,20480,卖盘
1196,11:29:35,10.25,--,58,59532,卖盘
1197,11:29:30,10.25,--,91,94218,买盘
1198,11:29:20,10.25,--,13,13407,卖盘
1199,11:29:15,10.25,--,45,46125,卖盘
1200,11:29:09,10.25,--,11,11275,卖盘
1201,11:29:05,10.25,--,139,143418,买盘
1202,11:29:00,10.25,--,141,144525,买盘
1203,11:28:54,10.25,--,271,277857,卖盘
1204,11:28:50,10.25,-0.01,73,74825,卖盘
1205,11:28:45,10.26,--,9,9234,买盘
1206,11:28:39,10.26,0.01,25,26593,卖盘
1207,11:28:35,10.25,--,178,182450,卖盘
1208,11:28:30,10.25,-0.01,103,105575,卖盘
1209,11:28:24,10.26,0.01,45,46170,中性盘
1210,11:28:20,10.25,-0.01,143,146575,卖盘
1211,11:28:15,10.26,--,200,205200,买盘
1212,11:28:09,10.26,-0.02,1009,1035234,卖盘
1213,11:28:05,10.28,0.02,14,14392,买盘
1214,11:28:00,10.26,--,352,361152,卖盘
1215,11:27:54,10.26,--,0,0,卖盘
1216,11:27:50,10.26,-0.02,110,112860,卖盘
1217,11:27:45,10.28,0.02,96,98688,买盘
1218,11:27:39,10.26,--,0,0,卖盘
1219,11:27:35,10.26,-0.02,161,165186,卖盘
1220,11:27:30,10.28,--,22,22616,卖盘
1221,11:27:20,10.28,0.02,31,31867,中性盘
1222,11:27:15,10.26,-0.03,212,217512,卖盘
1223,11:27:09,10.29,--,31,31898,卖盘
1224,11:27:05,10.29,--,12,12347,卖盘
1225,11:27:00,10.29,0.03,399,410570,买盘
1226,11:26:54,10.26,--,287,294462,卖盘
1227,11:26:50,10.26,-0.02,55,56430,卖盘
1228,11:26:45,10.28,0.02,15,16067,买盘
1229,11:26:39,10.26,-0.02,426,437455,卖盘
1230,11:26:35,10.28,0.01,20,20560,买盘
1231,11:26:30,10.27,0.01,51,53024,买盘
1232,11:26:24,10.26,-0.01,5,5130,卖盘
1233,11:26:20,10.27,0.01,214,219778,买盘
1234,11:26:15,10.26,-0.01,12,12312,卖盘
1235,11:26:09,10.27,--,40,41080,买盘
1236,11:26:05,10.27,--,388,398476,买盘
1237,11:26:00,10.27,-0.01,208,213616,卖盘
1238,11:25:45,10.28,-0.02,24,25052,卖盘
1239,11:25:39,10.3,--,30,30900,买盘
1240,11:25:35,10.3,0.02,1088,1120640,买盘
1241,11:25:30,10.28,-0.02,423,434844,卖盘
1242,11:25:20,10.3,--,459,472831,卖盘
1243,11:25:15,10.3,--,136,140080,卖盘
1244,11:25:09,10.3,--,134,138020,卖盘
1245,11:25:05,10.3,-0.01,109,112270,卖盘
1246,11:25:00,10.31,--,31,31961,买盘
1247,11:24:54,10.31,0.01,36,37116,买盘
1248,11:24:50,10.3,--,20,20600,卖盘
1249,11:24:45,10.3,--,163,167890,卖盘
1250,11:24:39,10.3,-0.01,15,15450,卖盘
1251,11:24:35,10.31,0.01,63,64953,买盘
1252,11:24:29,10.3,--,213,219390,卖盘
1253,11:24:24,10.3,-0.01,110,113300,卖盘
1254,11:24:19,10.31,--,77,79387,卖盘
1255,11:24:14,10.31,--,201,207231,卖盘
1256,11:24:09,10.31,--,5,5155,卖盘
1257,11:24:04,10.31,-0.01,183,188673,卖盘
1258,11:23:54,10.32,--,22,22704,卖盘
1259,11:23:48,10.32,--,5,5160,卖盘
1260,11:23:44,10.32,--,70,72240,卖盘
1261,11:23:39,10.32,-0.01,2,2064,卖盘
1262,11:23:34,10.33,0.01,159,164247,买盘
1263,11:23:29,10.32,-0.01,37,38184,卖盘
1264,11:23:24,10.33,--,685,707605,卖盘
1265,11:23:14,10.33,--,3,3099,卖盘
1266,11:23:09,10.33,-0.01,48,49687,卖盘
1267,11:22:59,10.34,--,14,14476,卖盘
1268,11:22:54,10.34,--,53,54802,卖盘
1269,11:22:48,10.34,-0.01,48,49632,卖盘
1270,11:22:44,10.35,--,176,182160,买盘
1271,11:22:39,10.35,--,83,85905,卖盘
1272,11:22:29,10.35,--,178,184230,卖盘
1273,11:22:24,10.35,--,80,82800,卖盘
1274,11:22:14,10.35,--,12,12420,卖盘
1275,11:22:09,10.35,-0.01,5,5175,卖盘
1276,11:22:03,10.36,--,31,32116,买盘
1277,11:21:59,10.36,0.01,4,4144,买盘
1278,11:21:54,10.35,--,170,175950,卖盘
1279,11:21:48,10.35,-0.01,12,12420,卖盘
1280,11:21:44,10.36,--,7,7252,买盘
1281,11:21:39,10.36,--,159,164724,买盘
1282,11:21:29,10.36,--,25,25900,买盘
1283,11:21:24,10.36,--,5,5180,买盘
1284,11:21:18,10.36,--,10,10360,买盘
1285,11:21:09,10.36,--,61,63196,卖盘
1286,11:20:59,10.36,--,238,246568,卖盘
1287,11:20:54,10.36,--,182,188552,买盘
1288,11:20:48,10.36,0.01,88,91168,买盘
1289,11:20:44,10.35,--,270,279450,卖盘
1290,11:20:39,10.35,--,24,24840,卖盘
1291,11:20:29,10.35,--,10,10350,卖盘
1292,11:20:24,10.35,--,81,83835,卖盘
1293,11:20:14,10.35,0.02,93,97186,买盘
1294,11:20:09,10.33,-0.01,124,128092,卖盘
1295,11:20:03,10.34,-0.01,9,9306,卖盘
1296,11:19:59,10.35,0.02,6,6210,买盘
1297,11:19:54,10.33,-0.01,230,237590,卖盘
1298,11:19:48,10.34,0.01,5,5170,中性盘
1299,11:19:44,10.33,--,7,7231,卖盘
1300,11:19:33,10.33,0.01,20,20660,买盘
1301,11:19:18,10.32,-0.01,12,12384,卖盘
1302,11:19:14,10.33,0.01,120,123960,买盘
1303,11:19:09,10.32,--,1,1032,卖盘
1304,11:19:03,10.32,--,28,28896,卖盘
1305,11:18:54,10.32,--,28,28896,买盘
1306,11:18:48,10.32,--,10,10320,买盘
1307,11:18:44,10.32,--,9,9288,买盘
1308,11:18:39,10.32,--,77,79464,买盘
1309,11:18:29,10.32,--,121,124872,买盘
1310,11:18:24,10.32,0.01,50,51600,买盘
1311,11:18:14,10.31,--,9,9279,卖盘
1312,11:18:09,10.31,0.01,50,52519,买盘
1313,11:18:02,10.3,--,3,3090,买盘
1314,11:17:59,10.3,-0.01,980,1009461,卖盘
1315,11:17:54,10.31,--,26,26806,买盘
1316,11:17:44,10.31,--,10,10310,买盘
1317,11:17:39,10.31,-0.01,125,128875,卖盘
1318,11:17:33,10.32,--,33,34056,买盘
1319,11:17:28,10.32,0.01,13,13416,买盘
1320,11:17:24,10.31,--,8,8248,卖盘
1321,11:17:13,10.31,--,26,26806,卖盘
1322,11:17:08,10.31,-0.01,30,30930,卖盘
1323,11:17:03,10.32,0.01,1,1032,买盘
1324,11:16:59,10.31,-0.01,70,72170,卖盘
1325,11:16:53,10.32,--,278,286896,买盘
1326,11:16:48,10.32,--,53,54696,买盘
1327,11:16:42,10.32,--,1,1032,买盘
1328,11:16:38,10.32,--,20,20640,买盘
1329,11:16:33,10.32,--,136,140352,买盘
1330,11:16:27,10.32,--,32,33024,卖盘
1331,11:16:23,10.32,--,35,36120,卖盘
1332,11:16:18,10.32,-0.02,10,10320,卖盘
1333,11:16:12,10.34,--,7,7238,买盘
1334,11:16:08,10.34,--,281,290554,买盘
1335,11:16:03,10.34,0.02,12,12408,中性盘
1336,11:15:57,10.32,-0.03,125,129000,卖盘
1337,11:15:48,10.35,0.01,260,269100,买盘
1338,11:15:42,10.34,--,20,20680,买盘
1339,11:15:38,10.34,-0.01,5,5170,中性盘
1340,11:15:33,10.35,0.03,742,767970,买盘
1341,11:15:26,10.32,-0.02,114,117648,卖盘
1342,11:15:23,10.34,-0.01,10,10340,卖盘
1343,11:15:18,10.35,0.01,656,678960,买盘
1344,11:15:12,10.34,--,500,517000,买盘
1345,11:15:08,10.34,0.02,1183,1223222,买盘
1346,11:15:03,10.32,--,16,16512,买盘
1347,11:14:57,10.32,--,4,4128,买盘
1348,11:14:53,10.32,--,15,15480,买盘
1349,11:14:48,10.32,--,60,61920,买盘
1350,11:14:42,10.32,-0.01,43,44376,卖盘
1351,11:14:38,10.33,0.01,31,32023,买盘
1352,11:14:33,10.32,0.02,47,48504,卖盘
1353,11:14:27,10.3,--,135,139050,卖盘
1354,11:14:23,10.3,-0.03,322,331660,卖盘
1355,11:14:18,10.33,0.02,52,53716,买盘
1356,11:14:12,10.31,--,12,12372,卖盘
1357,11:14:08,10.31,-0.01,227,234037,卖盘
1358,11:14:03,10.32,0.01,205,211560,买盘
1359,11:13:53,10.31,--,78,80418,买盘
1360,11:13:48,10.31,--,146,150526,买盘
1361,11:13:42,10.31,--,48,49488,买盘
1362,11:13:38,10.31,0.01,73,75263,买盘
1363,11:13:32,10.3,-0.01,41,42230,卖盘
1364,11:13:26,10.31,0.01,130,134030,中性盘
1365,11:13:23,10.3,--,120,123600,卖盘
1366,11:13:18,10.3,--,73,76158,买盘
1367,11:13:11,10.3,--,60,61800,买盘
1368,11:13:08,10.3,--,92,94760,买盘
1369,11:13:03,10.3,0.02,124,127720,买盘
1370,11:12:57,10.28,-0.02,165,169620,卖盘
1371,11:12:53,10.3,--,29,29870,买盘
1372,11:12:48,10.3,--,120,123600,买盘
1373,11:12:41,10.3,--,71,73130,买盘
1374,11:12:38,10.3,0.02,49,51118,买盘
1375,11:12:32,10.28,-0.02,521,535968,卖盘
1376,11:12:26,10.3,--,54,55620,买盘
1377,11:12:23,10.3,--,80,82400,买盘
1378,11:12:18,10.3,0.02,218,224540,买盘
1379,11:12:11,10.28,--,107,109996,卖盘
1380,11:12:08,10.28,0.01,352,362503,买盘
1381,11:12:02,10.27,0.01,63,64701,买盘
1382,11:11:56,10.26,--,567,581742,买盘
1383,11:11:53,10.26,--,129,132354,买盘
1384,11:11:47,10.26,--,257,263682,卖盘
1385,11:11:41,10.26,-0.02,12,12312,卖盘
1386,11:11:38,10.28,0.01,149,153172,买盘
1387,11:11:32,10.27,-0.01,234,240318,中性盘
1388,11:11:26,10.28,--,122,125415,买盘
1389,11:11:23,10.28,--,257,264196,买盘
1390,11:11:17,10.28,-0.01,355,364940,卖盘
1391,11:11:11,10.29,-0.01,252,259307,卖盘
1392,11:11:08,10.3,--,7,7210,买盘
1393,11:11:02,10.3,0.02,171,176130,买盘
1394,11:10:56,10.28,-0.02,394,405032,卖盘
1395,11:10:53,10.3,-0.02,841,866291,卖盘
1396,11:10:47,10.32,--,485,500520,卖盘
1397,11:10:41,10.32,--,140,144480,卖盘
1398,11:10:38,10.32,--,156,161962,卖盘
1399,11:10:32,10.32,--,374,385968,买盘
1400,11:10:26,10.32,0.02,2036,2101152,买盘
1401,11:10:23,10.3,-0.02,1498,1542940,卖盘
1402,11:10:17,10.32,--,108,111456,买盘
1403,11:10:11,10.32,0.01,207,213624,买盘
1404,11:10:05,10.31,--,26,26806,卖盘
1405,11:10:02,10.31,--,35,36085,卖盘
1406,11:09:56,10.31,--,497,512407,卖盘
1407,11:09:50,10.31,--,24,24744,卖盘
1408,11:09:47,10.31,--,85,87635,卖盘
1409,11:09:41,10.31,--,331,341261,卖盘
1410,11:09:35,10.31,--,124,127844,卖盘
1411,11:09:32,10.31,-0.01,65,67015,卖盘
1412,11:09:26,10.32,--,99,102168,买盘
1413,11:09:20,10.32,--,12,12384,买盘
1414,11:09:17,10.32,--,190,196080,卖盘
1415,11:09:11,10.32,-0.01,144,148608,卖盘
1416,11:09:05,10.33,0.01,8,8264,买盘
1417,11:09:02,10.32,--,116,119712,卖盘
1418,11:08:56,10.32,-0.01,49,50568,卖盘
1419,11:08:50,10.33,--,5,5165,买盘
1420,11:08:47,10.33,0.01,32,33056,买盘
1421,11:08:41,10.32,-0.02,295,304440,卖盘
1422,11:08:35,10.34,0.01,32,33088,买盘
1423,11:08:32,10.33,--,211,217963,卖盘
1424,11:08:26,10.33,-0.01,221,228293,卖盘
1425,11:08:20,10.34,-0.01,124,128216,卖盘
1426,11:08:17,10.35,0.01,288,298080,买盘
1427,11:08:11,10.34,-0.01,152,157168,卖盘
1428,11:08:05,10.35,--,250,258750,买盘
1429,11:08:02,10.35,--,7,7245,买盘
1430,11:07:56,10.35,-0.01,1717,1777095,卖盘
1431,11:07:50,10.36,--,118,122248,买盘
1432,11:07:47,10.36,--,50,52825,买盘
1433,11:07:41,10.36,-0.01,395,409282,卖盘
1434,11:07:35,10.37,0.01,9,9333,卖盘
1435,11:07:32,10.36,-0.02,17,17612,卖盘
1436,11:07:26,10.38,0.02,33,34254,买盘
1437,11:07:20,10.36,-0.01,50,51800,卖盘
1438,11:07:17,10.37,-0.01,17,17629,中性盘
1439,11:07:11,10.38,0.02,273,283374,中性盘
1440,11:07:05,10.36,-0.02,60,62160,卖盘
1441,11:07:02,10.38,--,27,28026,卖盘
1442,11:06:56,10.38,-0.01,38,39444,卖盘
1443,11:06:50,10.39,0.02,83,86237,买盘
1444,11:06:47,10.37,-0.01,141,146217,卖盘
1445,11:06:41,10.38,--,458,475404,买盘
1446,11:06:35,10.38,0.02,24,24912,买盘
1447,11:06:32,10.36,-0.02,127,131572,卖盘
1448,11:06:26,10.38,--,93,96534,卖盘
1449,11:06:17,10.38,--,201,208638,买盘
1450,11:06:11,10.38,--,9,9342,买盘
1451,11:06:05,10.38,--,2,2076,买盘
1452,11:06:02,10.38,0.01,10,10380,买盘
1453,11:05:56,10.37,-0.02,138,143106,卖盘
1454,11:05:50,10.39,--,33,34287,买盘
1455,11:05:47,10.39,0.02,140,145460,买盘
1456,11:05:41,10.37,-0.01,22,22814,卖盘
1457,11:05:35,10.38,--,32,33216,买盘
1458,11:05:32,10.38,-0.02,144,149472,卖盘
1459,11:05:26,10.4,0.02,57,59280,买盘
1460,11:05:20,10.38,--,65,67470,卖盘
1461,11:05:11,10.38,--,4,4152,卖盘
1462,11:05:05,10.38,0.01,2,2076,中性盘
1463,11:05:01,10.37,-0.01,169,175253,卖盘
1464,11:04:56,10.38,0.01,46,47748,买盘
1465,11:04:50,10.37,-0.01,18,18666,卖盘
1466,11:04:47,10.38,--,66,68508,买盘
1467,11:04:41,10.38,-0.01,102,105876,卖盘
1468,11:04:35,10.39,--,40,41560,买盘
1469,11:04:32,10.39,--,1,1039,买盘
1470,11:04:26,10.39,--,128,132992,买盘
1471,11:04:20,10.39,0.01,10,10390,买盘
1472,11:04:17,10.38,-0.01,53,55014,卖盘
1473,11:04:11,10.39,--,68,70652,买盘
1474,11:04:05,10.39,--,6,6234,买盘
1475,11:04:02,10.39,0.01,2,2078,买盘
1476,11:03:56,10.38,--,70,72660,买盘
1477,11:03:50,10.38,0.02,2,2076,买盘
1478,11:03:47,10.36,-0.01,254,263144,卖盘
1479,11:03:41,10.37,-0.01,51,52886,卖盘
1480,11:03:35,10.38,0.01,115,119370,买盘
1481,11:03:31,10.37,--,10,10370,买盘
1482,11:03:26,10.37,--,66,68442,买盘
1483,11:03:20,10.37,0.01,73,75701,卖盘
1484,11:03:16,10.36,--,118,123221,卖盘
1485,11:03:11,10.36,-0.01,134,138824,卖盘
1486,11:03:05,10.37,0.01,30,31109,买盘
1487,11:03:01,10.36,--,31,32116,卖盘
1488,11:02:56,10.36,--,56,58016,卖盘
1489,11:02:50,10.36,--,38,39368,买盘
1490,11:02:46,10.36,--,12,12432,买盘
1491,11:02:41,10.36,--,240,248640,买盘
1492,11:02:35,10.36,--,595,616420,买盘
1493,11:02:29,10.36,--,4,4144,买盘
1494,11:02:26,10.36,--,182,188552,买盘
1495,11:02:20,10.36,--,160,165760,买盘
1496,11:02:14,10.36,-0.01,105,108780,卖盘
1497,11:02:11,10.37,0.01,13,13480,买盘
1498,11:02:05,10.36,0.01,64,66304,中性盘
1499,11:01:59,10.35,-0.01,522,540270,卖盘
1500,11:01:56,10.36,--,31,32116,卖盘
1501,11:01:50,10.36,--,65,67340,买盘
1502,11:01:44,10.36,--,28,29008,买盘
1503,11:01:41,10.36,--,197,204092,买盘
1504,11:01:35,10.36,0.01,48,49728,卖盘
1505,11:01:29,10.35,--,0,0,卖盘
1506,11:01:26,10.35,-0.01,206,213210,卖盘
1507,11:01:20,10.36,0.01,264,273504,买盘
1508,11:01:14,10.35,-0.01,92,95220,卖盘
1509,11:01:11,10.36,--,88,91168,买盘
1510,11:01:05,10.36,--,269,278684,买盘
1511,11:00:59,10.36,0.01,56,58016,卖盘
1512,11:00:56,10.35,-0.02,182,188370,卖盘
1513,11:00:50,10.37,0.01,80,82960,买盘
1514,11:00:41,10.36,-0.01,145,150220,卖盘
1515,11:00:35,10.37,0.01,104,107847,买盘
1516,11:00:29,10.36,--,206,213416,卖盘
1517,11:00:26,10.36,--,78,80921,买盘
1518,11:00:20,10.36,-0.01,610,632882,卖盘
1519,11:00:14,10.37,0.01,40,41480,买盘
1520,11:00:11,10.36,--,124,128464,卖盘
1521,11:00:05,10.36,--,181,187516,卖盘
1522,10:59:59,10.36,-0.02,47,48692,卖盘
1523,10:59:56,10.38,--,351,364338,买盘
1524,10:59:50,10.38,0.02,10,10380,买盘
1525,10:59:44,10.36,--,12,12432,卖盘
1526,10:59:41,10.36,--,165,170940,卖盘
1527,10:59:35,10.36,--,89,92204,卖盘
1528,10:59:29,10.36,--,8,8288,卖盘
1529,10:59:26,10.36,-0.04,2368,2453766,卖盘
1530,10:59:20,10.4,-0.01,32,33280,卖盘
1531,10:59:11,10.41,0.01,255,265455,买盘
1532,10:59:05,10.4,--,166,172640,卖盘
1533,10:58:59,10.4,--,17,17680,卖盘
1534,10:58:56,10.4,--,5,5200,卖盘
1535,10:58:50,10.4,-0.01,94,97760,卖盘
1536,10:58:44,10.41,--,54,56214,卖盘
1537,10:58:41,10.41,0.01,14,14574,卖盘
1538,10:58:29,10.4,--,0,0,卖盘
1539,10:58:26,10.4,-0.02,133,138320,卖盘
1540,10:58:20,10.42,--,5,5210,买盘
1541,10:58:14,10.42,--,39,40638,卖盘
1542,10:58:11,10.42,--,40,41680,卖盘
1543,10:58:05,10.42,0.01,53,55226,买盘
1544,10:57:59,10.41,--,78,81198,卖盘
1545,10:57:56,10.41,--,57,59337,卖盘
1546,10:57:50,10.41,--,189,196749,卖盘
1547,10:57:44,10.41,-0.01,5,5205,卖盘
1548,10:57:41,10.42,--,34,35428,买盘
1549,10:57:35,10.42,--,70,72940,卖盘
1550,10:57:29,10.42,--,61,63562,卖盘
1551,10:57:20,10.42,-0.01,115,119830,卖盘
1552,10:57:14,10.43,0.01,22,22946,买盘
1553,10:57:10,10.42,-0.01,31,32302,卖盘
1554,10:57:05,10.43,0.01,10,10430,买盘
1555,10:56:59,10.42,-0.01,75,78150,卖盘
1556,10:56:55,10.43,--,82,85526,买盘
1557,10:56:50,10.43,0.01,25,26075,买盘
1558,10:56:44,10.42,--,210,218820,卖盘
1559,10:56:40,10.42,--,132,137544,买盘
1560,10:56:29,10.42,0.01,41,42722,买盘
1561,10:56:25,10.41,--,82,85362,卖盘
1562,10:56:14,10.41,--,158,164592,卖盘
1563,10:56:05,10.41,-0.01,109,113469,卖盘
1564,10:55:59,10.42,-0.01,24,25008,卖盘
1565,10:55:55,10.43,0.01,15,15645,买盘
1566,10:55:50,10.42,--,31,32302,卖盘
1567,10:55:44,10.42,--,7,7294,买盘
1568,10:55:40,10.42,--,20,20840,买盘
1569,10:55:35,10.42,--,26,27092,买盘
1570,10:55:29,10.42,--,164,170888,卖盘
1571,10:55:25,10.42,--,11,11462,卖盘
1572,10:55:20,10.42,--,37,38554,卖盘
1573,10:55:14,10.42,-0.01,32,33344,卖盘
1574,10:55:09,10.43,0.01,48,50064,买盘
1575,10:55:05,10.42,--,86,89612,卖盘
1576,10:54:59,10.42,-0.01,66,68772,卖盘
1577,10:54:50,10.43,0.01,307,320201,买盘
1578,10:54:44,10.42,-0.01,10,10420,卖盘
1579,10:54:38,10.43,0.01,3,3129,买盘
1580,10:54:35,10.42,-0.01,68,70856,卖盘
1581,10:54:29,10.43,--,5,5215,买盘
1582,10:54:23,10.43,--,1,1043,买盘
1583,10:54:20,10.43,--,150,156450,买盘
1584,10:54:14,10.43,--,16,16688,买盘
1585,10:54:08,10.43,--,17,17731,买盘
1586,10:54:05,10.43,--,404,421372,卖盘
1587,10:53:59,10.43,0.01,30,31290,卖盘
1588,10:53:44,10.42,--,144,150048,卖盘
1589,10:53:38,10.42,-0.01,10,10420,卖盘
1590,10:53:35,10.43,0.01,47,49021,买盘
1591,10:53:20,10.42,--,16,16672,卖盘
1592,10:53:14,10.42,--,148,154737,买盘
1593,10:53:05,10.42,0.01,307,319894,买盘
1594,10:52:59,10.41,0.01,19,19779,中性盘
1595,10:52:53,10.4,-0.01,120,124800,卖盘
1596,10:52:50,10.41,--,53,55173,卖盘
1597,10:52:44,10.41,-0.01,30,31230,卖盘
1598,10:52:38,10.42,0.01,123,128166,买盘
1599,10:52:35,10.41,-0.01,43,44763,卖盘
1600,10:52:29,10.42,--,16,16672,买盘
1601,10:52:23,10.42,--,2,2084,买盘
1602,10:52:20,10.42,--,25,26050,买盘
1603,10:52:14,10.42,--,57,59394,买盘
1604,10:52:08,10.42,0.02,22,22924,买盘
1605,10:52:05,10.4,-0.02,113,117520,卖盘
1606,10:51:59,10.42,0.01,127,132334,买盘
1607,10:51:53,10.41,-0.01,14,14574,卖盘
1608,10:51:50,10.42,0.01,24,25008,买盘
1609,10:51:44,10.41,-0.01,185,192585,卖盘
1610,10:51:38,10.42,--,10,10420,买盘
1611,10:51:35,10.42,--,115,119830,买盘
1612,10:51:29,10.42,--,120,125040,买盘
1613,10:51:23,10.42,--,2,2084,买盘
1614,10:51:20,10.42,--,28,29176,买盘
1615,10:51:14,10.42,0.02,71,73982,买盘
1616,10:51:08,10.4,-0.02,41,42640,卖盘
1617,10:51:05,10.42,0.01,252,262584,买盘
1618,10:50:59,10.41,--,168,174888,买盘
1619,10:50:53,10.41,-0.01,274,285754,卖盘
1620,10:50:50,10.42,0.01,9,9378,买盘
1621,10:50:44,10.41,--,20,21340,买盘
1622,10:50:38,10.41,--,10,10410,买盘
1623,10:50:35,10.41,--,112,116592,买盘
1624,10:50:29,10.41,--,135,140535,买盘
1625,10:50:23,10.41,-0.01,109,113469,卖盘
1626,10:50:19,10.42,--,21,21882,买盘
1627,10:50:14,10.42,--,87,90654,买盘
1628,10:50:08,10.42,--,19,19798,买盘
1629,10:50:04,10.42,0.02,51,53142,买盘
1630,10:49:59,10.4,--,28,29120,卖盘
1631,10:49:53,10.4,-0.01,155,161200,卖盘
1632,10:49:49,10.41,--,123,128043,买盘
1633,10:49:44,10.41,0.01,10,10410,买盘
1634,10:49:38,10.4,0.01,246,255840,买盘
1635,10:49:34,10.39,--,60,62340,卖盘
1636,10:49:29,10.39,--,11,11429,卖盘
1637,10:49:23,10.39,--,123,127797,卖盘
1638,10:49:19,10.39,--,56,58184,卖盘
1639,10:49:14,10.39,0.01,137,142343,买盘
1640,10:49:08,10.38,--,80,83756,买盘
1641,10:49:04,10.38,--,285,296151,卖盘
1642,10:48:59,10.38,--,346,359148,卖盘
1643,10:48:53,10.38,-0.01,63,65394,卖盘
1644,10:48:49,10.39,0.01,54,56106,买盘
1645,10:48:44,10.38,--,119,123522,卖盘
1646,10:48:38,10.38,-0.01,341,353958,卖盘
1647,10:48:29,10.39,-0.01,61,63379,卖盘
1648,10:48:23,10.4,0.01,112,117197,买盘
1649,10:48:19,10.39,--,12,12468,买盘
1650,10:48:14,10.39,--,107,111495,卖盘
1651,10:48:08,10.39,--,298,310338,卖盘
1652,10:48:04,10.39,--,359,373001,卖盘
1653,10:47:59,10.39,-0.01,7,7273,卖盘
1654,10:47:53,10.4,--,31,32240,买盘
1655,10:47:49,10.4,--,28,29120,买盘
1656,10:47:44,10.4,--,167,173680,买盘
1657,10:47:38,10.4,--,356,371082,卖盘
1658,10:47:34,10.4,--,149,154960,卖盘
1659,10:47:29,10.4,--,432,449280,卖盘
1660,10:47:23,10.4,-0.01,84,87360,卖盘
1661,10:47:17,10.41,--,286,297726,买盘
1662,10:47:14,10.41,0.01,375,390375,买盘
1663,10:47:08,10.4,--,115,120213,卖盘
1664,10:47:02,10.4,-0.01,139,144560,卖盘
1665,10:46:59,10.41,--,147,153027,卖盘
1666,10:46:53,10.41,--,224,233184,卖盘
1667,10:46:47,10.41,-0.01,262,272742,卖盘
1668,10:46:44,10.42,0.01,15,15630,买盘
1669,10:46:38,10.41,-0.01,3,3123,卖盘
1670,10:46:29,10.42,--,100,104200,卖盘
1671,10:46:23,10.42,-0.01,171,178182,卖盘
1672,10:46:17,10.43,0.01,19,19817,买盘
1673,10:46:14,10.42,-0.01,15,15630,卖盘
1674,10:46:08,10.43,-0.01,104,108899,卖盘
1675,10:46:02,10.44,--,68,71607,买盘
1676,10:45:59,10.44,0.02,230,240120,买盘
1677,10:45:53,10.42,-0.02,222,231324,卖盘
1678,10:45:47,10.44,0.01,332,346608,买盘
1679,10:45:44,10.43,--,110,114730,买盘
1680,10:45:38,10.43,-0.01,48,50064,买盘
1681,10:45:32,10.44,--,5,5220,买盘
1682,10:45:29,10.44,0.01,60,62640,买盘
1683,10:45:23,10.43,-0.01,21,21903,卖盘
1684,10:45:17,10.44,0.01,35,36540,买盘
1685,10:45:14,10.43,--,51,53193,卖盘
1686,10:45:08,10.43,-0.01,133,138719,卖盘
1687,10:45:02,10.44,--,95,99180,买盘
1688,10:44:59,10.44,--,70,73080,买盘
1689,10:44:47,10.44,0.01,24,25056,买盘
1690,10:44:43,10.43,-0.01,71,74480,卖盘
1691,10:44:38,10.44,0.01,177,185403,买盘
1692,10:44:28,10.43,--,1,1043,卖盘
1693,10:44:23,10.43,--,45,46935,买盘
1694,10:44:17,10.43,0.02,12,12516,买盘
1695,10:44:13,10.41,-0.01,517,538197,卖盘
1696,10:44:08,10.42,-0.01,32,33344,卖盘
1697,10:44:02,10.43,--,11,11473,买盘
1698,10:43:59,10.43,0.02,1,1043,买盘
1699,10:43:53,10.41,-0.02,155,161355,卖盘
1700,10:43:47,10.43,0.01,147,153925,买盘
1701,10:43:32,10.42,0.01,15,15630,买盘
1702,10:43:28,10.41,--,90,94564,买盘
1703,10:43:23,10.41,0.01,105,109305,买盘
1704,10:43:17,10.4,-0.01,168,174886,卖盘
1705,10:43:08,10.41,--,131,137245,买盘
1706,10:43:02,10.41,--,640,666240,买盘
1707,10:42:58,10.41,--,33,34353,买盘
1708,10:42:53,10.41,--,101,105141,买盘
1709,10:42:47,10.41,-0.01,38,39558,卖盘
1710,10:42:43,10.42,--,121,126082,买盘
1711,10:42:38,10.42,--,50,52100,买盘
1712,10:42:32,10.42,0.01,18,18756,买盘
1713,10:42:28,10.41,--,30,31230,卖盘
1714,10:42:23,10.41,--,153,159793,卖盘
1715,10:42:17,10.41,0.01,51,53091,买盘
1716,10:42:13,10.4,--,86,90147,卖盘
1717,10:42:08,10.4,-0.01,125,130000,卖盘
1718,10:42:02,10.41,--,27,28107,买盘
1719,10:41:58,10.41,0.01,47,48927,买盘
1720,10:41:53,10.4,-0.02,173,179920,卖盘
1721,10:41:47,10.42,0.01,310,323020,买盘
1722,10:41:43,10.41,--,18,18738,买盘
1723,10:41:38,10.41,0.01,20,20820,中性盘
1724,10:41:32,10.4,-0.01,369,383760,卖盘
1725,10:41:28,10.41,--,33,34353,卖盘
1726,10:41:23,10.41,0.01,221,230061,买盘
1727,10:41:17,10.4,--,55,57200,卖盘
1728,10:41:13,10.4,--,12,12480,卖盘
1729,10:41:08,10.4,--,74,76960,卖盘
1730,10:41:02,10.4,--,20,20800,卖盘
1731,10:40:58,10.4,-0.02,4282,4453280,卖盘
1732,10:40:53,10.42,--,120,125040,买盘
1733,10:40:47,10.42,--,72,75024,买盘
1734,10:40:43,10.42,--,952,992307,卖盘
1735,10:40:38,10.42,-0.02,149,155258,卖盘
1736,10:40:32,10.44,0.01,281,293364,买盘
1737,10:40:23,10.43,-0.01,18,18774,买盘
1738,10:40:17,10.44,0.01,354,369576,买盘
1739,10:40:13,10.43,--,25,26075,卖盘
1740,10:40:08,10.43,--,131,136633,卖盘
1741,10:40:02,10.43,-0.01,1199,1251537,卖盘
1742,10:39:57,10.44,--,57,59508,买盘
1743,10:39:53,10.44,--,173,180612,买盘
1744,10:39:47,10.44,--,706,737492,卖盘
1745,10:39:43,10.44,--,0,0,卖盘
1746,10:39:38,10.44,-0.01,252,263703,卖盘
1747,10:39:32,10.45,--,54,56429,卖盘
1748,10:39:23,10.45,-0.02,74,77330,卖盘
1749,10:39:17,10.47,0.02,263,275361,买盘
1750,10:39:11,10.45,--,14,14629,卖盘
1751,10:39:08,10.45,-0.01,121,126444,卖盘
1752,10:39:02,10.46,0.01,87,91002,卖盘
1753,10:38:56,10.45,--,14,14629,卖盘
1754,10:38:53,10.45,--,20,20900,卖盘
1755,10:38:47,10.45,--,2,2090,卖盘
1756,10:38:41,10.45,0.01,156,163020,卖盘
1757,10:38:38,10.44,--,4,4176,卖盘
1758,10:38:32,10.44,--,10,10440,卖盘
1759,10:38:26,10.44,-0.04,114,119016,卖盘
1760,10:38:23,10.48,0.04,11,11528,买盘
1761,10:38:17,10.44,--,508,530352,卖盘
1762,10:38:11,10.44,--,0,0,卖盘
1763,10:38:08,10.44,-0.01,189,197316,卖盘
1764,10:38:02,10.45,--,47,49115,买盘
1765,10:37:56,10.45,--,2,2090,买盘
1766,10:37:53,10.45,--,193,201685,买盘
1767,10:37:47,10.45,-0.01,247,258114,卖盘
1768,10:37:41,10.46,--,1,1046,买盘
1769,10:37:37,10.46,-0.02,40,41840,卖盘
1770,10:37:32,10.48,0.01,113,118424,买盘
1771,10:37:26,10.47,-0.01,4,4188,买盘
1772,10:37:22,10.48,--,5,5240,买盘
1773,10:37:17,10.48,0.01,165,172920,买盘
1774,10:37:11,10.47,-0.01,13,13611,卖盘
1775,10:37:07,10.48,--,0,0,买盘
1776,10:37:02,10.48,0.01,22,23066,买盘
1777,10:36:56,10.47,--,269,282679,买盘
1778,10:36:47,10.47,--,26,27222,买盘
1779,10:36:37,10.47,--,119,124593,买盘
1780,10:36:32,10.47,--,15,15705,买盘
1781,10:36:26,10.47,--,102,106794,卖盘
1782,10:36:11,10.47,--,15,15705,买盘
1783,10:36:07,10.47,--,10,10470,买盘
1784,10:36:02,10.47,0.02,162,169614,买盘
1785,10:35:56,10.45,-0.02,21,21945,卖盘
1786,10:35:52,10.47,0.02,20,20940,买盘
1787,10:35:47,10.45,--,22,22990,中性盘
1788,10:35:41,10.45,--,29,30304,买盘
1789,10:35:37,10.45,--,32,33440,买盘
1790,10:35:32,10.45,0.01,66,68970,买盘
1791,10:35:26,10.44,0.01,235,245340,卖盘
1792,10:35:22,10.43,-0.02,191,199213,卖盘
1793,10:35:17,10.45,0.01,258,269610,买盘
1794,10:35:11,10.44,--,416,434304,卖盘
1795,10:35:07,10.44,-0.01,131,136764,卖盘
1796,10:35:02,10.45,0.01,33,34485,买盘
1797,10:34:56,10.44,-0.01,82,85608,卖盘
1798,10:34:52,10.45,--,88,91960,买盘
1799,10:34:47,10.45,-0.01,787,822415,卖盘
1800,10:34:37,10.46,--,19,19874,买盘
1801,10:34:32,10.46,0.01,37,38702,买盘
1802,10:34:26,10.45,-0.01,50,52250,卖盘
1803,10:34:17,10.46,0.01,15,15690,中性盘
1804,10:34:11,10.45,--,154,160930,卖盘
1805,10:34:07,10.45,-0.02,44,45980,卖盘
1806,10:34:02,10.47,--,24,25128,买盘
1807,10:33:56,10.47,0.02,35,36645,买盘
1808,10:33:52,10.45,-0.02,24,25080,卖盘
1809,10:33:41,10.47,--,224,234528,买盘
1810,10:33:37,10.47,--,0,0,买盘
1811,10:33:32,10.47,0.02,65,68055,买盘
1812,10:33:26,10.45,-0.02,26,27169,卖盘
1813,10:33:22,10.47,0.01,321,336087,买盘
1814,10:33:17,10.46,0.01,5,5230,买盘
1815,10:33:11,10.45,0.02,331,345895,中性盘
1816,10:33:07,10.43,-0.02,110,114730,卖盘
1817,10:33:02,10.45,--,3,3135,买盘
1818,10:32:56,10.45,--,5,5225,买盘
1819,10:32:52,10.45,0.02,11,11495,买盘
1820,10:32:47,10.43,-0.01,31,32333,卖盘
1821,10:32:41,10.44,0.01,430,449703,买盘
1822,10:32:37,10.43,--,537,560351,卖盘
1823,10:32:32,10.43,-0.01,438,457616,卖盘
1824,10:32:26,10.44,0.01,273,285012,买盘
1825,10:32:22,10.43,-0.01,1059,1104537,卖盘
1826,10:32:17,10.44,--,138,144072,买盘
1827,10:32:11,10.44,0.01,453,472932,买盘
1828,10:32:07,10.43,-0.01,166,173138,卖盘
1829,10:32:02,10.44,0.01,39,40716,买盘
1830,10:31:56,10.43,-0.01,60,62580,卖盘
1831,10:31:47,10.44,0.01,18,18792,买盘
1832,10:31:41,10.43,0.01,295,307685,买盘
1833,10:31:36,10.42,-0.01,174,181308,卖盘
1834,10:31:32,10.43,--,34,35462,买盘
1835,10:31:26,10.43,-0.01,288,300384,卖盘
1836,10:31:20,10.44,0.01,52,54288,买盘
1837,10:31:17,10.43,-0.01,76,79268,卖盘
1838,10:31:11,10.44,0.01,20,20880,买盘
1839,10:31:05,10.43,-0.01,131,136633,卖盘
1840,10:31:02,10.44,-0.03,1275,1331361,卖盘
1841,10:30:56,10.47,--,3042,3184974,买盘
1842,10:30:50,10.47,--,39,40833,买盘
1843,10:30:47,10.47,--,174,182178,买盘
1844,10:30:41,10.47,--,135,141345,买盘
1845,10:30:35,10.47,--,26,27222,买盘
1846,10:30:31,10.47,-0.01,121,126687,卖盘
1847,10:30:26,10.48,--,77,80696,买盘
1848,10:30:20,10.48,--,10,10480,买盘
1849,10:30:16,10.48,--,38,39824,买盘
1850,10:30:11,10.48,0.01,15,15720,卖盘
1851,10:30:02,10.47,--,153,160191,卖盘
1852,10:29:56,10.47,--,81,84807,卖盘
1853,10:29:50,10.47,--,2,2094,卖盘
1854,10:29:41,10.47,--,1,1047,卖盘
1855,10:29:35,10.47,0.01,17,17809,买盘
1856,10:29:31,10.46,-0.01,213,222798,卖盘
1857,10:29:26,10.47,--,4,4188,买盘
1858,10:29:20,10.47,--,15,15705,买盘
1859,10:29:16,10.47,--,10,10470,买盘
1860,10:29:11,10.47,-0.02,53,56527,卖盘
1861,10:29:05,10.49,0.01,2,2098,买盘
1862,10:28:56,10.48,-0.01,139,145672,卖盘
1863,10:28:50,10.49,--,1,1049,卖盘
1864,10:28:46,10.49,0.03,453,475207,买盘
1865,10:28:41,10.46,-0.03,1058,1106668,卖盘
1866,10:28:35,10.49,0.01,185,194065,买盘
1867,10:28:31,10.48,0.02,126,132048,买盘
1868,10:28:26,10.46,-0.02,141,147486,卖盘
1869,10:28:20,10.48,-0.01,629,659192,卖盘
1870,10:28:16,10.49,--,34,35666,买盘
1871,10:28:05,10.49,--,39,40911,买盘
1872,10:27:56,10.49,--,162,169938,买盘
1873,10:27:50,10.49,--,140,146860,买盘
1874,10:27:41,10.49,--,74,77626,买盘
1875,10:27:35,10.49,0.01,2,2098,买盘
1876,10:27:31,10.48,-0.01,1,1048,卖盘
1877,10:27:26,10.49,--,179,187771,买盘
1878,10:27:20,10.49,--,12,12588,买盘
1879,10:27:11,10.49,0.01,6,6294,买盘
1880,10:27:05,10.48,-0.02,26,28285,卖盘
1881,10:27:01,10.5,0.01,24,25200,买盘
1882,10:26:56,10.49,--,220,230780,卖盘
1883,10:26:50,10.49,--,5,5245,卖盘
1884,10:26:41,10.49,0.01,363,380797,买盘
1885,10:26:35,10.48,--,26,27248,买盘
1886,10:26:26,10.48,--,156,163488,买盘
1887,10:26:20,10.48,--,8,8384,买盘
1888,10:26:16,10.48,--,2,2096,买盘
1889,10:26:11,10.48,-0.01,28,29344,卖盘
1890,10:26:05,10.49,0.02,43,45107,买盘
1891,10:25:56,10.47,-0.02,147,153909,卖盘
1892,10:25:50,10.49,-0.01,29,30421,卖盘
1893,10:25:46,10.5,--,45,47250,买盘
1894,10:25:41,10.5,0.03,34,35700,买盘
1895,10:25:35,10.47,-0.03,30,31410,卖盘
1896,10:25:31,10.5,0.03,200,210000,买盘
1897,10:25:26,10.47,-0.02,140,146580,卖盘
1898,10:25:19,10.49,-0.01,30,31470,卖盘
1899,10:25:11,10.5,0.01,2035,2136750,买盘
1900,10:25:05,10.49,0.01,32,33568,卖盘
1901,10:25:01,10.48,-0.01,160,167680,卖盘
1902,10:24:56,10.49,--,183,191967,卖盘
1903,10:24:46,10.49,-0.01,2,2098,卖盘
1904,10:24:41,10.5,0.01,150,157500,买盘
1905,10:24:35,10.49,--,10,10490,卖盘
1906,10:24:26,10.49,--,170,178330,卖盘
1907,10:24:20,10.49,--,53,55597,买盘
1908,10:24:11,10.49,--,30,31470,买盘
1909,10:24:05,10.49,--,156,163644,卖盘
1910,10:24:01,10.49,-0.01,10,10490,卖盘
1911,10:23:56,10.5,--,15,15750,买盘
1912,10:23:45,10.5,--,130,136500,买盘
1913,10:23:41,10.5,--,41,43050,买盘
1914,10:23:29,10.5,0.01,26,27300,买盘
1915,10:23:14,10.49,--,10,10490,卖盘
1916,10:23:10,10.49,--,64,67136,买盘
1917,10:23:05,10.49,0.01,5,5245,买盘
1918,10:22:59,10.48,-0.02,177,185496,卖盘
1919,10:22:44,10.5,--,0,0,买盘
1920,10:22:35,10.5,0.02,3,3150,买盘
1921,10:22:29,10.48,-0.01,5,5240,卖盘
1922,10:22:20,10.49,0.01,24,25176,中性盘
1923,10:22:14,10.48,-0.01,339,355272,卖盘
1924,10:22:05,10.49,-0.01,47,49303,卖盘
1925,10:21:59,10.5,0.01,85,89250,卖盘
1926,10:21:44,10.49,--,0,0,卖盘
1927,10:21:40,10.49,-0.03,108,113292,卖盘
1928,10:21:34,10.52,--,0,0,买盘
1929,10:21:29,10.52,0.02,52,54704,买盘
1930,10:21:14,10.5,--,50,52500,卖盘
1931,10:21:10,10.5,-0.02,40,42000,卖盘
1932,10:21:04,10.52,0.01,119,125188,买盘
1933,10:20:59,10.51,--,44,46244,卖盘
1934,10:20:55,10.51,--,5,5255,卖盘
1935,10:20:44,10.51,0.01,10,10510,买盘
1936,10:20:40,10.5,-0.01,1,1050,卖盘
1937,10:20:35,10.51,0.01,20,21020,买盘
1938,10:20:29,10.5,-0.01,134,140700,卖盘
1939,10:20:25,10.51,--,10,10510,买盘
1940,10:20:14,10.51,-0.01,80,84080,卖盘
1941,10:20:10,10.52,0.01,50,52600,买盘
1942,10:19:59,10.51,--,380,399380,买盘
1943,10:19:55,10.51,0.01,23,24173,买盘
1944,10:19:49,10.5,-0.01,367,385350,卖盘
1945,10:19:44,10.51,--,40,42040,买盘
1946,10:19:35,10.51,0.01,15,15765,买盘
1947,10:19:25,10.5,--,20,21000,卖盘
1948,10:19:20,10.5,0.01,1139,1195950,买盘
1949,10:19:14,10.49,-0.01,148,155252,卖盘
1950,10:19:10,10.5,0.01,3,3150,买盘
1951,10:18:59,10.49,--,4,4196,买盘
1952,10:18:55,10.49,--,5,5245,买盘
1953,10:18:50,10.49,--,158,165742,卖盘
1954,10:18:44,10.49,--,9,9441,卖盘
1955,10:18:35,10.49,0.01,1192,1250408,买盘
1956,10:18:29,10.48,-0.01,25,26200,卖盘
1957,10:18:25,10.49,0.01,30,31470,买盘
1958,10:18:20,10.48,--,70,73360,卖盘
1959,10:18:14,10.48,-0.01,210,220080,卖盘
1960,10:18:10,10.49,--,25,26225,买盘
1961,10:18:04,10.49,--,16,16784,买盘
1962,10:17:59,10.49,--,46,48254,买盘
1963,10:17:55,10.49,--,11,11539,买盘
1964,10:17:49,10.49,-0.01,191,200359,卖盘
1965,10:17:44,10.5,0.01,182,191100,买盘
1966,10:17:39,10.49,--,100,104900,卖盘
1967,10:17:29,10.49,--,499,523451,卖盘
1968,10:17:20,10.49,-0.01,7,7343,卖盘
1969,10:17:14,10.5,0.01,60,63000,买盘
1970,10:17:05,10.49,-0.01,128,134272,卖盘
1971,10:16:59,10.5,-0.01,87,91350,买盘
1972,10:16:54,10.51,--,0,0,买盘
1973,10:16:50,10.51,0.01,14,14714,买盘
1974,10:16:44,10.5,-0.01,250,262500,卖盘
1975,10:16:39,10.51,0.01,139,146089,买盘
1976,10:16:34,10.5,-0.01,74,77700,卖盘
1977,10:16:29,10.51,--,34,35734,买盘
1978,10:16:24,10.51,0.01,185,194435,买盘
1979,10:16:19,10.5,--,23,24150,卖盘
1980,10:16:14,10.5,--,89,93450,卖盘
1981,10:16:08,10.5,--,142,149100,卖盘
1982,10:16:04,10.5,-0.01,9,9450,卖盘
1983,10:15:59,10.51,0.01,3,3153,买盘
1984,10:15:52,10.5,--,11,11550,卖盘
1985,10:15:49,10.5,--,350,367500,卖盘
1986,10:15:44,10.5,--,9,9450,卖盘
1987,10:15:38,10.5,-0.01,135,141750,卖盘
1988,10:15:34,10.51,-0.01,3,3153,中性盘
1989,10:15:29,10.52,0.02,5,5260,买盘
1990,10:15:23,10.5,--,9,9450,卖盘
1991,10:15:19,10.5,--,0,0,卖盘
1992,10:15:14,10.5,-0.02,7,7350,卖盘
1993,10:15:08,10.52,0.02,20,21040,买盘
1994,10:15:04,10.5,-0.01,146,153300,卖盘
1995,10:14:58,10.51,-0.01,47,49397,卖盘
1996,10:14:53,10.52,--,33,34716,买盘
1997,10:14:49,10.52,0.01,5,5260,买盘
1998,10:14:44,10.51,0.01,6,6306,中性盘
1999,10:14:38,10.5,-0.01,151,158550,卖盘
2000,10:14:34,10.51,--,1,1051,卖盘
2001,10:14:29,10.51,--,33,34683,卖盘
2002,10:14:23,10.51,--,7,7357,卖盘
2003,10:14:19,10.51,-0.01,188,197588,卖盘
2004,10:14:08,10.52,0.02,2,2104,买盘
2005,10:14:04,10.5,--,154,161700,卖盘
2006,10:13:59,10.5,-0.02,85,89250,卖盘
2007,10:13:53,10.52,--,4,4208,买盘
2008,10:13:49,10.52,--,36,37872,买盘
2009,10:13:34,10.52,0.01,142,149384,买盘
2010,10:13:29,10.51,-0.01,24,25224,卖盘
2011,10:13:19,10.52,0.01,3,3156,买盘
2012,10:13:14,10.51,-0.01,19,19969,卖盘
2013,10:13:08,10.52,0.02,78,82056,买盘
2014,10:13:04,10.5,-0.01,167,175350,卖盘
2015,10:12:59,10.51,0.01,8,8408,卖盘
2016,10:12:49,10.5,-0.01,553,580650,卖盘
2017,10:12:44,10.51,--,32,33632,卖盘
2018,10:12:38,10.51,0.01,13,13663,买盘
2019,10:12:29,10.5,-0.01,139,145950,卖盘
2020,10:12:22,10.51,--,196,205996,卖盘
2021,10:12:19,10.51,-0.01,30,31530,卖盘
2022,10:12:14,10.52,0.01,5,5260,买盘
2023,10:12:08,10.51,--,8,8408,卖盘
2024,10:11:59,10.51,0.01,11,11561,中性盘
2025,10:11:53,10.5,-0.02,171,179550,卖盘
2026,10:11:44,10.52,0.01,7,7364,买盘
2027,10:11:38,10.51,-0.01,23,24173,卖盘
2028,10:11:34,10.52,--,3,3156,买盘
2029,10:11:29,10.52,--,11,11572,买盘
2030,10:11:23,10.52,0.01,159,167268,买盘
2031,10:11:19,10.51,--,17,17867,买盘
2032,10:11:13,10.51,-0.01,345,362595,卖盘
2033,10:11:08,10.52,0.01,58,61016,买盘
2034,10:10:59,10.51,--,218,229118,买盘
2035,10:10:53,10.51,--,276,290076,买盘
2036,10:10:49,10.51,0.01,10,10510,买盘
2037,10:10:44,10.5,-0.01,7,7350,卖盘
2038,10:10:38,10.51,0.01,47,49397,买盘
2039,10:10:34,10.5,-0.01,18,18900,卖盘
2040,10:10:28,10.51,--,75,78825,卖盘
2041,10:10:22,10.51,--,8,8408,卖盘
2042,10:10:18,10.51,-0.01,5,5255,中性盘
2043,10:10:14,10.52,0.01,179,188308,中性盘
2044,10:10:03,10.51,0.01,130,136630,买盘
2045,10:09:58,10.5,0.01,434,455710,买盘
2046,10:09:53,10.49,-0.01,512,537612,卖盘
2047,10:09:48,10.5,--,200,210000,买盘
2048,10:09:43,10.5,--,11,11550,买盘
2049,10:09:37,10.5,--,30,31500,买盘
2050,10:09:33,10.5,--,13,13650,买盘
2051,10:09:28,10.5,--,10,10500,买盘
2052,10:09:23,10.5,0.01,79,82950,买盘
2053,10:09:18,10.49,-0.05,510,534990,卖盘
2054,10:09:08,10.54,--,12,12647,买盘
2055,10:09:03,10.54,--,0,0,买盘
2056,10:08:53,10.54,--,9,9486,买盘
2057,10:08:48,10.54,--,122,128587,买盘
2058,10:08:43,10.54,0.04,12,12647,买盘
2059,10:08:38,10.5,-0.05,508,533400,卖盘
2060,10:08:32,10.55,--,0,0,买盘
2061,10:08:23,10.55,--,1,1055,买盘
2062,10:08:17,10.55,--,194,204670,买盘
2063,10:08:07,10.55,--,4,4220,买盘
2064,10:08:02,10.55,-0.01,18,18990,买盘
2065,10:07:52,10.56,--,0,0,买盘
2066,10:07:43,10.56,0.01,127,134112,买盘
2067,10:07:38,10.55,--,56,59080,卖盘
2068,10:07:32,10.55,--,56,59080,卖盘
2069,10:07:22,10.55,--,46,48530,卖盘
2070,10:07:17,10.55,0.04,208,219440,买盘
2071,10:07:13,10.51,--,146,153446,卖盘
2072,10:07:07,10.51,--,40,42040,卖盘
2073,10:06:58,10.51,--,22,23122,买盘
2074,10:06:53,10.51,0.01,112,117712,买盘
2075,10:06:47,10.5,-0.01,3,3150,卖盘
2076,10:06:38,10.51,--,648,681048,买盘
2077,10:06:31,10.51,0.01,18,18918,买盘
2078,10:06:23,10.5,--,64,67200,卖盘
2079,10:06:13,10.5,0.01,8,8400,买盘
2080,10:06:08,10.49,0.01,152,159448,买盘
2081,10:06:02,10.48,-0.01,870,911760,卖盘
2082,10:05:58,10.49,--,278,291622,买盘
2083,10:05:53,10.49,--,24,25176,买盘
2084,10:05:47,10.49,--,25,26225,买盘
2085,10:05:43,10.49,--,69,72381,买盘
2086,10:05:38,10.49,--,56,58744,买盘
2087,10:05:31,10.49,-0.01,422,442678,卖盘
2088,10:05:28,10.5,--,164,172200,买盘
2089,10:05:22,10.5,0.01,35,36750,买盘
2090,10:05:08,10.49,--,231,242319,买盘
2091,10:05:02,10.49,--,135,141615,买盘
2092,10:04:58,10.49,--,480,503520,买盘
2093,10:04:53,10.49,--,202,211898,买盘
2094,10:04:46,10.49,--,584,612616,买盘
2095,10:04:43,10.49,--,64,67136,中性盘
2096,10:04:38,10.49,0.01,11,11539,中性盘
2097,10:04:32,10.48,-0.01,83,86984,卖盘
2098,10:04:28,10.49,--,1,1049,卖盘
2099,10:04:22,10.49,0.01,81,84969,买盘
2100,10:04:17,10.48,--,334,350032,卖盘
2101,10:04:08,10.48,--,114,119472,买盘
2102,10:04:01,10.48,0.01,332,347936,买盘
2103,10:03:57,10.47,-0.01,19,19893,卖盘
2104,10:03:52,10.48,0.01,198,207504,买盘
2105,10:03:47,10.47,-0.01,217,227199,卖盘
2106,10:03:42,10.48,--,477,499896,买盘
2107,10:03:37,10.48,-0.01,97,101656,卖盘
2108,10:03:32,10.49,0.02,139,145811,买盘
2109,10:03:27,10.47,-0.02,10,10470,卖盘
2110,10:03:22,10.49,0.02,362,380524,买盘
2111,10:03:17,10.47,--,151,158097,买盘
2112,10:03:12,10.47,0.01,56,58632,买盘
2113,10:03:07,10.46,-0.01,160,167360,卖盘
2114,10:03:02,10.47,--,234,244998,买盘
2115,10:02:57,10.47,-0.01,588,615636,卖盘
2116,10:02:52,10.48,--,54,56592,买盘
2117,10:02:47,10.48,--,215,225320,买盘
2118,10:02:42,10.48,--,86,90128,买盘
2119,10:02:37,10.48,--,51,53448,买盘
2120,10:02:31,10.48,-0.01,104,109254,卖盘
2121,10:02:27,10.49,0.01,22,23864,买盘
2122,10:02:22,10.48,-0.01,22,23056,卖盘
2123,10:02:17,10.49,--,151,158399,买盘
2124,10:02:12,10.49,--,29,30421,买盘
2125,10:02:07,10.49,--,30,31470,买盘
2126,10:02:02,10.49,-0.01,180,188820,卖盘
2127,10:01:57,10.5,--,89,93450,买盘
2128,10:01:47,10.5,--,358,375900,买盘
2129,10:01:42,10.5,0.01,163,171150,买盘
2130,10:01:37,10.49,--,6,6294,卖盘
2131,10:01:32,10.49,--,95,99655,买盘
2132,10:01:27,10.49,--,25,26225,买盘
2133,10:01:22,10.49,--,87,91263,买盘
2134,10:01:17,10.49,--,978,1026247,买盘
2135,10:01:12,10.49,--,163,171710,买盘
2136,10:01:07,10.49,--,6,6294,买盘
2137,10:01:02,10.49,--,13,13637,买盘
2138,10:00:56,10.49,--,14,14686,买盘
2139,10:00:52,10.49,--,16,16784,买盘
2140,10:00:47,10.49,0.01,199,208751,买盘
2141,10:00:41,10.48,-0.01,130,136240,卖盘
2142,10:00:37,10.49,--,268,281132,买盘
2143,10:00:32,10.49,--,15,15735,买盘
2144,10:00:25,10.49,0.01,40,41960,买盘
2145,10:00:22,10.48,--,5,5240,卖盘
2146,10:00:17,10.48,-0.01,194,203312,卖盘
2147,10:00:11,10.49,--,10,10490,卖盘
2148,10:00:07,10.49,--,30,31470,卖盘
2149,10:00:02,10.49,--,40,41960,卖盘
2150,09:59:56,10.49,0.01,430,451070,买盘
2151,09:59:52,10.48,--,29,30392,买盘
2152,09:59:47,10.48,-0.01,1008,1056384,中性盘
2153,09:59:41,10.49,0.01,197,206653,买盘
2154,09:59:37,10.48,-0.01,5,5240,中性盘
2155,09:59:31,10.49,0.02,428,448972,买盘
2156,09:59:25,10.47,-0.01,410,429270,卖盘
2157,09:59:22,10.48,-0.01,7,7336,卖盘
2158,09:59:17,10.49,--,178,186722,买盘
2159,09:59:11,10.49,--,210,220290,买盘
2160,09:59:07,10.49,--,10,10490,买盘
2161,09:59:02,10.49,--,114,119586,卖盘
2162,09:58:56,10.49,--,141,147909,卖盘
2163,09:58:52,10.49,-0.01,16,16784,卖盘
2164,09:58:46,10.5,0.01,14,14700,买盘
2165,09:58:40,10.49,-0.01,234,245466,卖盘
2166,09:58:37,10.5,--,122,128100,买盘
2167,09:58:32,10.5,--,36,37800,卖盘
2168,09:58:26,10.5,-0.02,363,381150,卖盘
2169,09:58:22,10.52,--,0,0,买盘
2170,09:58:17,10.52,--,10,10520,买盘
2171,09:58:10,10.52,0.02,176,185152,买盘
2172,09:58:06,10.5,--,0,0,卖盘
2173,09:58:02,10.5,-0.01,66,69300,卖盘
2174,09:57:56,10.51,0.01,1051,1104601,中性盘
2175,09:57:51,10.5,-0.02,65,68250,卖盘
2176,09:57:47,10.52,0.01,203,213556,买盘
2177,09:57:41,10.51,0.01,19,19969,买盘
2178,09:57:36,10.5,-0.01,163,171150,卖盘
2179,09:57:32,10.51,-0.01,1048,1101448,卖盘
2180,09:57:26,10.52,--,56,58912,买盘
2181,09:57:21,10.52,--,317,333484,买盘
2182,09:57:16,10.52,--,69,72588,买盘
2183,09:57:11,10.52,0.01,105,110460,买盘
2184,09:57:06,10.51,--,118,124575,卖盘
2185,09:57:01,10.51,--,27,28377,卖盘
2186,09:56:56,10.51,-0.01,372,390972,卖盘
2187,09:56:51,10.52,--,224,235648,买盘
2188,09:56:46,10.52,-0.01,252,265104,卖盘
2189,09:56:41,10.53,--,805,847665,买盘
2190,09:56:36,10.53,--,10,10530,买盘
2191,09:56:31,10.53,--,6,6812,卖盘
2192,09:56:26,10.53,--,163,171639,卖盘
2193,09:56:21,10.53,-0.01,92,96876,卖盘
2194,09:56:16,10.54,0.01,40,42160,买盘
2195,09:56:11,10.53,--,20,21060,卖盘
2196,09:56:06,10.53,-0.01,188,197964,卖盘
2197,09:56:01,10.54,0.01,425,447949,中性盘
2198,09:55:56,10.53,-0.02,500,526500,卖盘
2199,09:55:51,10.55,0.01,237,250035,买盘
2200,09:55:46,10.54,-0.01,103,108561,卖盘
2201,09:55:41,10.55,0.01,28,29540,买盘
2202,09:55:36,10.54,-0.01,53,55861,卖盘
2203,09:55:31,10.55,0.01,67,70685,买盘
2204,09:55:26,10.54,-0.01,44,46375,卖盘
2205,09:55:16,10.55,--,60,63300,买盘
2206,09:55:10,10.55,0.01,11,11605,买盘
2207,09:55:06,10.54,-0.01,61,64293,卖盘
2208,09:55:01,10.55,--,2,2110,买盘
2209,09:54:56,10.55,-0.01,58,61190,卖盘
2210,09:54:51,10.56,--,80,84480,买盘
2211,09:54:46,10.56,0.01,17,17952,买盘
2212,09:54:40,10.55,-0.01,360,379800,卖盘
2213,09:54:36,10.56,0.01,27,28512,买盘
2214,09:54:26,10.55,--,118,124490,卖盘
2215,09:54:20,10.55,--,66,69630,卖盘
2216,09:54:16,10.55,-0.01,1,1055,卖盘
2217,09:54:11,10.56,0.01,73,77088,买盘
2218,09:54:06,10.55,-0.01,87,91785,卖盘
2219,09:53:56,10.56,0.01,10,10560,卖盘
2220,09:53:50,10.55,--,0,0,卖盘
2221,09:53:46,10.55,--,14,14770,卖盘
2222,09:53:40,10.55,-0.01,138,145590,卖盘
2223,09:53:35,10.56,--,92,97152,买盘
2224,09:53:31,10.56,--,30,31680,买盘
2225,09:53:26,10.56,0.01,46,48576,买盘
2226,09:53:20,10.55,-0.01,73,77015,卖盘
2227,09:53:16,10.56,--,10,10560,买盘
2228,09:53:11,10.56,--,20,21120,买盘
2229,09:53:05,10.56,--,58,61248,买盘
2230,09:53:01,10.56,0.01,25,26400,买盘
2231,09:52:56,10.55,-0.01,195,205725,卖盘
2232,09:52:50,10.56,0.01,39,41184,买盘
2233,09:52:45,10.55,--,16,16880,卖盘
2234,09:52:41,10.55,-0.01,530,559150,卖盘
2235,09:52:35,10.56,0.01,33,34848,买盘
2236,09:52:30,10.55,--,8,8440,卖盘
2237,09:52:26,10.55,-0.02,183,193065,卖盘
2238,09:52:20,10.57,0.01,5,5285,买盘
2239,09:52:15,10.56,-0.01,156,164736,卖盘
2240,09:52:11,10.57,0.01,19,20083,买盘
2241,09:52:05,10.56,-0.01,18,19008,卖盘
2242,09:51:50,10.57,0.01,75,79275,买盘
2243,09:51:45,10.56,--,200,211200,卖盘
2244,09:51:41,10.56,-0.01,7,7392,卖盘
2245,09:51:35,10.57,0.01,2,2114,买盘
2246,09:51:25,10.56,--,30,31680,卖盘
2247,09:51:20,10.56,0.01,12,12672,买盘
2248,09:51:15,10.55,--,1,1055,卖盘
2249,09:51:10,10.55,--,83,87565,卖盘
2250,09:51:05,10.55,--,1224,1291320,卖盘
2251,09:51:00,10.55,-0.01,254,267970,卖盘
2252,09:50:55,10.56,--,113,119328,买盘
2253,09:50:50,10.56,--,2,2112,买盘
2254,09:50:45,10.56,-0.01,201,212256,卖盘
2255,09:50:40,10.57,--,46,48622,买盘
2256,09:50:35,10.57,0.01,85,89845,买盘
2257,09:50:30,10.56,--,60,63360,卖盘
2258,09:50:25,10.56,-0.01,155,163680,卖盘
2259,09:50:20,10.57,-0.02,237,250509,卖盘
2260,09:50:15,10.59,0.02,191,202269,买盘
2261,09:50:10,10.57,--,5,5285,卖盘
2262,09:50:05,10.57,--,5,5285,卖盘
2263,09:50:00,10.57,--,6,6342,卖盘
2264,09:49:55,10.57,--,35,36995,卖盘
2265,09:49:50,10.57,--,8,8456,卖盘
2266,09:49:40,10.57,0.01,30,31710,买盘
2267,09:49:34,10.56,-0.01,381,402336,卖盘
2268,09:49:30,10.57,--,114,120498,卖盘
2269,09:49:25,10.57,--,29,30653,卖盘
2270,09:49:19,10.57,--,24,25368,卖盘
2271,09:49:15,10.57,-0.01,2,2114,卖盘
2272,09:49:10,10.58,0.01,27,28566,买盘
2273,09:49:05,10.57,0.01,26,27482,中性盘
2274,09:49:00,10.56,-0.02,50,52800,卖盘
2275,09:48:55,10.58,0.01,207,219006,买盘
2276,09:48:49,10.57,--,16,16912,卖盘
2277,09:48:45,10.57,--,35,36995,买盘
2278,09:48:35,10.57,--,237,250509,卖盘
2279,09:48:30,10.57,--,23,24311,卖盘
2280,09:48:25,10.57,--,5,5285,卖盘
2281,09:48:20,10.57,-0.01,86,90902,卖盘
2282,09:48:15,10.58,0.01,40,42320,买盘
2283,09:48:10,10.57,-0.01,306,323442,卖盘
2284,09:48:04,10.58,--,35,37030,买盘
2285,09:48:00,10.58,-0.02,338,357604,卖盘
2286,09:47:55,10.6,0.02,7,7420,买盘
2287,09:47:50,10.58,-0.02,24,25392,卖盘
2288,09:47:45,10.6,--,37,39220,卖盘
2289,09:47:40,10.6,0.02,50,53000,中性盘
2290,09:47:35,10.58,-0.02,324,342792,卖盘
2291,09:47:30,10.6,--,50,53000,买盘
2292,09:47:25,10.6,--,26,27560,买盘
2293,09:47:19,10.6,--,246,260760,买盘
2294,09:47:15,10.6,--,68,72080,买盘
2295,09:47:05,10.6,-0.01,153,162816,卖盘
2296,09:47:00,10.61,--,69,73209,买盘
2297,09:46:55,10.61,0.01,30,31830,买盘
2298,09:46:50,10.6,--,284,301040,卖盘
2299,09:46:45,10.6,-0.01,191,202460,卖盘
2300,09:46:35,10.61,0.01,1,1061,中性盘
2301,09:46:29,10.6,-0.01,161,170660,卖盘
2302,09:46:25,10.61,--,38,40318,卖盘
2303,09:46:20,10.61,--,63,66843,买盘
2304,09:46:14,10.61,0.01,86,91246,买盘
2305,09:46:05,10.6,-0.01,138,146280,卖盘
2306,09:45:59,10.61,0.01,55,58355,买盘
2307,09:45:50,10.6,--,129,137524,卖盘
2308,09:45:44,10.6,-0.01,68,72080,卖盘
2309,09:45:39,10.61,0.01,5,5305,买盘
2310,09:45:35,10.6,--,160,169600,卖盘
2311,09:45:29,10.6,--,8,8480,卖盘
2312,09:45:20,10.6,--,22,23320,卖盘
2313,09:45:14,10.6,--,20,21200,卖盘
2314,09:45:09,10.6,-0.01,99,105639,卖盘
2315,09:45:05,10.61,--,32,33952,买盘
2316,09:44:59,10.61,--,119,126259,买盘
2317,09:44:54,10.61,--,3,3183,买盘
2318,09:44:49,10.61,--,69,73209,买盘
2319,09:44:39,10.61,--,123,130503,买盘
2320,09:44:34,10.61,--,55,58355,买盘
2321,09:44:29,10.61,--,38,40318,买盘
2322,09:44:19,10.61,0.01,2,2122,买盘
2323,09:44:14,10.6,-0.01,118,125080,卖盘
2324,09:44:09,10.61,0.01,28,29708,买盘
2325,09:44:04,10.6,--,167,177020,卖盘
2326,09:43:59,10.6,-0.01,9,9540,卖盘
2327,09:43:54,10.61,-0.01,94,100094,卖盘
2328,09:43:44,10.62,0.01,103,109385,买盘
2329,09:43:39,10.61,-0.01,58,61538,卖盘
2330,09:43:34,10.62,--,23,24426,买盘
2331,09:43:28,10.62,--,31,32922,买盘
2332,09:43:24,10.62,--,44,46728,买盘
2333,09:43:19,10.62,--,2,2124,买盘
2334,09:43:14,10.62,--,28,29735,买盘
2335,09:43:09,10.62,0.01,55,58409,卖盘
2336,09:43:04,10.61,--,0,0,卖盘
2337,09:42:59,10.61,-0.01,113,120593,卖盘
2338,09:42:54,10.62,--,19,20178,买盘
2339,09:42:44,10.62,0.02,28,29735,买盘
2340,09:42:39,10.6,--,8,8480,卖盘
2341,09:42:29,10.6,--,54,57240,卖盘
2342,09:42:24,10.6,--,277,293620,买盘
2343,09:42:19,10.6,0.01,59,62540,买盘
2344,09:42:04,10.59,0.01,61,64599,买盘
2345,09:41:59,10.58,-0.01,20,21160,卖盘
2346,09:41:54,10.59,--,118,124962,买盘
2347,09:41:49,10.59,--,66,69894,买盘
2348,09:41:44,10.59,-0.03,133,140847,卖盘
2349,09:41:39,10.62,0.03,320,339840,买盘
2350,09:41:29,10.59,-0.01,180,190620,卖盘
2351,09:41:24,10.6,0.01,654,693240,买盘
2352,09:41:14,10.59,--,33,34947,买盘
2353,09:41:09,10.59,--,31,32829,买盘
2354,09:41:04,10.59,0.01,12,12708,卖盘
2355,09:40:59,10.58,--,115,121670,卖盘
2356,09:40:54,10.58,-0.01,49,51842,卖盘
2357,09:40:49,10.59,0.01,226,239334,买盘
2358,09:40:44,10.58,--,95,100510,买盘
2359,09:40:39,10.58,0.01,17,17986,买盘
2360,09:40:34,10.57,-0.01,64,67648,卖盘
2361,09:40:29,10.58,0.01,148,156584,买盘
2362,09:40:24,10.57,--,50,52850,买盘
2363,09:40:19,10.57,0.01,10,10570,买盘
2364,09:40:14,10.56,0.01,14,14784,中性盘
2365,09:40:09,10.55,--,110,116050,卖盘
2366,09:40:04,10.55,--,10,10550,卖盘
2367,09:39:58,10.55,--,205,216275,卖盘
2368,09:39:54,10.55,--,40,42200,卖盘
2369,09:39:49,10.55,--,6,6330,卖盘
2370,09:39:44,10.55,--,73,77869,买盘
2371,09:39:38,10.55,--,215,226825,买盘
2372,09:39:34,10.55,--,14,14770,买盘
2373,09:39:28,10.55,--,66,69630,买盘
2374,09:39:24,10.55,--,43,45365,买盘
2375,09:39:19,10.55,--,5,5275,买盘
2376,09:39:14,10.55,-0.02,201,212255,卖盘
2377,09:39:08,10.57,--,18,19026,买盘
2378,09:39:04,10.57,--,0,0,买盘
2379,09:38:58,10.57,0.01,278,294702,买盘
2380,09:38:53,10.56,--,18,19008,买盘
2381,09:38:48,10.56,0.01,3,3168,买盘
2382,09:38:44,10.55,-0.01,2,2110,卖盘
2383,09:38:38,10.56,-0.02,32,33792,卖盘
2384,09:38:34,10.58,--,24,25392,买盘
2385,09:38:28,10.58,-0.01,43,45494,卖盘
2386,09:38:23,10.59,--,14,14826,买盘
2387,09:38:18,10.59,-0.01,13,13767,卖盘
2388,09:38:13,10.6,--,82,87280,卖盘
2389,09:38:08,10.6,--,94,99640,卖盘
2390,09:38:03,10.6,--,10,10600,卖盘
2391,09:37:59,10.6,--,6,6360,卖盘
2392,09:37:53,10.6,0.02,890,944099,买盘
2393,09:37:48,10.58,--,6,6348,买盘
2394,09:37:44,10.58,--,9,9522,买盘
2395,09:37:38,10.58,-0.01,48,50784,卖盘
2396,09:37:33,10.59,0.02,48,50832,买盘
2397,09:37:28,10.57,-0.01,144,152208,卖盘
2398,09:37:23,10.58,-0.01,151,159758,中性盘
2399,09:37:18,10.59,--,126,133434,卖盘
2400,09:37:13,10.59,0.01,10,10590,卖盘
2401,09:37:08,10.58,-0.01,56,59248,中性盘
2402,09:37:03,10.59,--,21,22239,买盘
2403,09:36:58,10.59,--,7,7413,买盘
2404,09:36:53,10.59,0.04,17,18003,买盘
2405,09:36:48,10.55,0.02,16,16880,卖盘
2406,09:36:43,10.53,--,0,0,卖盘
2407,09:36:38,10.53,-0.01,353,371709,卖盘
2408,09:36:33,10.54,--,900,948842,卖盘
2409,09:36:28,10.54,-0.03,110,115939,卖盘
2410,09:36:23,10.57,0.02,145,153582,买盘
2411,09:36:18,10.55,0.01,112,118160,买盘
2412,09:36:13,10.54,0.01,7,7377,买盘
2413,09:36:08,10.53,-0.02,35,36855,卖盘
2414,09:36:03,10.55,--,406,428330,买盘
2415,09:35:58,10.55,0.02,62,65410,买盘
2416,09:35:53,10.53,-0.02,314,330642,卖盘
2417,09:35:48,10.55,--,25,26375,买盘
2418,09:35:43,10.55,--,136,143480,买盘
2419,09:35:38,10.55,--,109,114995,买盘
2420,09:35:33,10.55,--,225,238113,卖盘
2421,09:35:23,10.55,--,60,63616,买盘
2422,09:35:18,10.55,--,59,62245,买盘
2423,09:35:13,10.55,--,189,199395,买盘
2424,09:35:08,10.55,--,638,673090,买盘
2425,09:35:03,10.55,--,114,120270,买盘
2426,09:34:58,10.55,0.02,25,26375,买盘
2427,09:34:53,10.53,0.01,15,15794,卖盘
2428,09:34:48,10.52,--,32,33664,卖盘
2429,09:34:38,10.52,-0.03,60,63120,卖盘
2430,09:34:33,10.55,0.03,286,301730,买盘
2431,09:34:27,10.52,--,80,84160,买盘
2432,09:34:22,10.52,--,1015,1067780,买盘
2433,09:34:18,10.52,0.01,81,85212,买盘
2434,09:34:13,10.51,--,26,27326,买盘
2435,09:34:08,10.51,-0.01,156,163956,卖盘
2436,09:34:03,10.52,0.01,57,59964,买盘
2437,09:33:58,10.51,--,70,73570,买盘
2438,09:33:52,10.51,--,290,304790,卖盘
2439,09:33:48,10.51,-0.01,3,3153,卖盘
2440,09:33:43,10.52,0.02,20,21040,买盘
2441,09:33:38,10.5,-0.01,100,105000,卖盘
2442,09:33:33,10.51,-0.01,55,57805,中性盘
2443,09:33:28,10.52,0.01,100,105200,买盘
2444,09:33:23,10.51,--,42,44142,卖盘
2445,09:33:18,10.51,-0.01,190,199690,卖盘
2446,09:33:12,10.52,--,2,2104,买盘
2447,09:33:08,10.52,-0.01,38,39976,卖盘
2448,09:33:03,10.53,-0.01,44,46332,卖盘
2449,09:32:58,10.54,0.01,10,10540,买盘
2450,09:32:53,10.53,-0.01,43,45279,卖盘
2451,09:32:48,10.54,--,1617,1704844,卖盘
2452,09:32:42,10.54,-0.01,39,41106,卖盘
2453,09:32:38,10.55,--,17,17935,买盘
2454,09:32:33,10.55,--,157,166373,卖盘
2455,09:32:28,10.55,-0.01,122,128710,卖盘
2456,09:32:23,10.56,--,3,3168,买盘
2457,09:32:18,10.56,--,3,3168,买盘
2458,09:32:13,10.56,0.01,60,63360,卖盘
2459,09:32:08,10.55,-0.02,536,565480,卖盘
2460,09:32:02,10.57,--,25,26425,买盘
2461,09:31:53,10.57,-0.02,81,85617,卖盘
2462,09:31:47,10.59,0.02,80,84720,买盘
2463,09:31:42,10.57,--,118,124726,卖盘
2464,09:31:38,10.57,--,34,36255,卖盘
2465,09:31:32,10.57,--,332,350924,买盘
2466,09:31:27,10.57,--,0,0,买盘
2467,09:31:23,10.57,0.02,88,93016,中性盘
2468,09:31:17,10.55,-0.01,394,415670,卖盘
2469,09:31:12,10.56,-0.01,11,11616,卖盘
2470,09:31:07,10.57,0.02,280,295960,中性盘
2471,09:31:01,10.55,--,10,10550,卖盘
2472,09:30:57,10.55,-0.03,10,10550,卖盘
2473,09:30:51,10.58,0.04,87,92046,买盘
2474,09:30:47,10.54,--,146,153884,卖盘
2475,09:30:42,10.54,0.01,1080,1138847,买盘
2476,09:30:36,10.53,0.02,5,5265,买盘
2477,09:30:31,10.51,-0.02,20,21020,卖盘
2478,09:30:27,10.53,--,255,269041,卖盘
2479,09:30:21,10.53,--,83,87399,卖盘
2480,09:30:17,10.53,-0.01,48,50544,卖盘
2481,09:30:12,10.54,--,138,145452,买盘
2482,09:30:07,10.54,-0.05,1194,1259003,卖盘
2483,09:30:02,10.59,-0.01,46,48714,卖盘
2484,09:28:46,10.6,--,0,0,买盘
2485,09:25:06,10.6,10.6,552,585120,买盘
