,time,price,change,volume,amount,type
0,15:00:00,4.66,--,0,0,卖盘
1,15:00:00,4.66,--,0,0,卖盘
2,15:00:00,4.66,--,56,26096,卖盘
3,14:59:58,4.66,--,439,204574,卖盘
4,14:59:53,4.66,0.01,676,315016,买盘
5,14:59:48,4.65,-0.01,123,57195,卖盘
6,14:59:43,4.66,--,284,132344,买盘
7,14:59:38,4.66,--,110,51260,买盘
8,14:59:33,4.66,--,70,32620,买盘
9,14:59:28,4.66,--,54,25164,买盘
10,14:59:23,4.66,--,40,18640,买盘
11,14:59:18,4.66,--,327,152382,卖盘
12,14:59:13,4.66,--,151,70366,卖盘
13,14:59:08,4.66,-0.01,20,9320,卖盘
14,14:59:03,4.67,--,105,49035,买盘
15,14:58:58,4.67,--,311,145237,卖盘
16,14:58:53,4.67,--,146,68182,卖盘
17,14:58:48,4.67,--,335,156445,买盘
18,14:58:43,4.67,--,234,109278,买盘
19,14:58:38,4.67,--,7,3269,买盘
20,14:58:32,4.67,--,10,4670,买盘
21,14:58:28,4.67,0.01,6,2802,买盘
22,14:58:23,4.66,-0.01,10,4660,卖盘
23,14:58:13,4.67,0.01,353,164851,买盘
24,14:58:08,4.66,-0.01,354,164964,买盘
25,14:58:03,4.67,0.02,56,26152,买盘
26,14:57:58,4.65,-0.02,2065,960225,卖盘
27,14:57:53,4.67,--,1,467,买盘
28,14:57:48,4.67,--,101,47167,卖盘
29,14:57:43,4.67,-0.01,121,56507,卖盘
30,14:57:38,4.68,--,119,55692,买盘
31,14:57:31,4.68,--,1,468,买盘
32,14:57:28,4.68,0.01,15,7020,买盘
33,14:57:23,4.67,-0.01,104,48568,卖盘
34,14:57:17,4.68,-0.01,18,8424,卖盘
35,14:57:12,4.69,--,6,2814,买盘
36,14:57:08,4.69,--,5,2345,买盘
37,14:57:02,4.69,-0.01,20,9380,卖盘
38,14:56:57,4.7,--,28,13160,买盘
39,14:56:53,4.7,-0.01,202,94940,卖盘
40,14:56:47,4.71,0.01,28,13188,买盘
41,14:56:42,4.7,-0.01,122,57340,卖盘
42,14:56:38,4.71,0.01,272,128112,中性盘
43,14:56:32,4.7,-0.02,55,25850,卖盘
44,14:56:27,4.72,0.02,67,31624,买盘
45,14:56:23,4.7,--,153,71910,卖盘
46,14:56:17,4.7,--,35,16450,卖盘
47,14:56:12,4.7,--,108,50760,卖盘
48,14:56:07,4.7,--,60,28200,卖盘
49,14:55:57,4.7,--,44,20680,卖盘
50,14:55:53,4.7,0.04,188,88360,买盘
51,14:55:47,4.66,-0.03,20,9320,卖盘
52,14:55:42,4.69,0.03,1143,536067,买盘
53,14:55:38,4.66,--,177,82482,买盘
54,14:55:27,4.66,-0.01,168,78288,卖盘
55,14:55:22,4.67,--,154,71918,买盘
56,14:55:12,4.67,0.02,17,8177,买盘
57,14:55:07,4.65,-0.01,78,36270,卖盘
58,14:55:02,4.66,--,44,20504,买盘
59,14:54:57,4.66,--,116,54056,买盘
60,14:54:52,4.66,--,205,95530,买盘
61,14:54:47,4.66,--,81,37746,买盘
62,14:54:42,4.66,--,28,13048,买盘
63,14:54:37,4.66,0.01,1154,537764,买盘
64,14:54:32,4.65,-0.01,80,37200,卖盘
65,14:54:27,4.66,0.01,468,218516,买盘
66,14:54:22,4.65,--,1,465,买盘
67,14:54:17,4.65,0.01,20,9300,买盘
68,14:54:12,4.64,-0.01,63,29231,卖盘
69,14:54:07,4.65,--,337,156705,买盘
70,14:54:02,4.65,--,80,37200,买盘
71,14:53:57,4.65,--,396,184140,买盘
72,14:53:47,4.65,0.01,20,9300,买盘
73,14:53:42,4.64,--,332,154048,卖盘
74,14:53:37,4.64,--,110,51040,卖盘
75,14:53:32,4.64,--,20,9280,卖盘
76,14:53:27,4.64,--,56,26039,买盘
77,14:53:22,4.64,--,145,67280,买盘
78,14:53:17,4.64,0.01,197,91408,买盘
79,14:53:12,4.63,-0.01,32,14816,卖盘
80,14:53:07,4.64,--,116,53823,买盘
81,14:53:02,4.64,--,2,927,买盘
82,14:52:57,4.64,0.01,84,38976,买盘
83,14:52:52,4.63,-0.01,41,18983,卖盘
84,14:52:47,4.64,--,241,111823,买盘
85,14:52:42,4.64,-0.01,1144,531224,卖盘
86,14:52:37,4.65,--,218,101370,买盘
87,14:52:32,4.65,0.01,5,2325,买盘
88,14:52:27,4.64,-0.01,10,4640,卖盘
89,14:52:22,4.65,--,176,81840,买盘
90,14:52:12,4.65,--,9,4185,买盘
91,14:52:07,4.65,--,93,43245,买盘
92,14:52:02,4.65,--,5,2325,买盘
93,14:51:52,4.65,0.01,117,54405,买盘
94,14:51:47,4.64,-0.01,3,1392,卖盘
95,14:51:42,4.65,0.01,438,203670,买盘
96,14:51:37,4.64,0.01,931,432039,买盘
97,14:51:31,4.63,-0.01,102,47226,中性盘
98,14:51:27,4.64,0.01,55,25520,买盘
99,14:51:22,4.63,--,126,58338,卖盘
100,14:51:17,4.63,-0.01,92,42596,卖盘
101,14:51:12,4.64,0.02,284,131776,买盘
102,14:51:07,4.62,-0.01,436,201432,卖盘
103,14:51:02,4.63,-0.01,1014,469482,卖盘
104,14:50:57,4.64,--,230,106719,买盘
105,14:50:47,4.64,--,87,40368,买盘
106,14:50:42,4.64,0.01,51,23664,买盘
107,14:50:37,4.63,--,500,231500,卖盘
108,14:50:32,4.63,-0.01,77,35651,卖盘
109,14:50:27,4.64,--,2,927,买盘
110,14:50:21,4.64,0.01,247,114607,买盘
111,14:50:17,4.63,-0.01,1320,611160,卖盘
112,14:50:11,4.64,--,26,12064,买盘
113,14:50:07,4.64,-0.01,3,1392,中性盘
114,14:50:02,4.65,0.01,262,121830,买盘
115,14:49:56,4.64,--,10,4640,卖盘
116,14:49:47,4.64,--,17,7887,卖盘
117,14:49:36,4.64,--,1,463,卖盘
118,14:49:32,4.64,0.01,198,91872,买盘
119,14:49:26,4.63,-0.01,1,463,卖盘
120,14:49:21,4.64,-0.01,3,1392,中性盘
121,14:49:16,4.65,0.01,59,27435,买盘
122,14:49:11,4.64,-0.01,43,19989,卖盘
123,14:49:06,4.65,0.01,51,23715,买盘
124,14:49:01,4.64,--,199,92336,卖盘
125,14:48:51,4.64,0.01,281,130810,买盘
126,14:48:46,4.63,-0.01,175,81025,卖盘
127,14:48:41,4.64,--,154,71456,买盘
128,14:48:36,4.64,0.01,418,193952,买盘
129,14:48:31,4.63,--,77,35651,卖盘
130,14:48:26,4.63,-0.01,9,4167,卖盘
131,14:48:21,4.64,--,7,3248,买盘
132,14:48:16,4.64,0.01,210,97440,买盘
133,14:48:11,4.63,-0.01,86,39818,卖盘
134,14:48:06,4.64,0.01,145,67280,买盘
135,14:48:01,4.63,--,197,91211,买盘
136,14:47:56,4.63,--,144,66672,买盘
137,14:47:51,4.63,--,246,113898,买盘
138,14:47:46,4.63,--,127,58801,买盘
139,14:47:36,4.63,--,107,49541,买盘
140,14:47:31,4.63,--,6,2778,买盘
141,14:47:26,4.63,-0.01,38,17594,卖盘
142,14:47:21,4.64,--,221,102544,买盘
143,14:47:16,4.64,--,20,9280,买盘
144,14:47:11,4.64,--,7,3248,买盘
145,14:47:06,4.64,-0.01,714,331333,卖盘
146,14:47:01,4.65,0.01,1319,613762,买盘
147,14:46:56,4.64,0.02,27,12528,买盘
148,14:46:51,4.62,-0.02,25,11550,卖盘
149,14:46:46,4.64,--,257,119247,买盘
150,14:46:41,4.64,0.03,42,19488,买盘
151,14:46:36,4.61,0.01,1044,481284,中性盘
152,14:46:31,4.6,-0.01,1321,607660,卖盘
153,14:46:26,4.61,0.01,20,9220,中性盘
154,14:46:21,4.6,-0.01,485,223099,卖盘
155,14:46:16,4.61,--,346,159506,买盘
156,14:46:11,4.61,--,25,11525,买盘
157,14:46:06,4.61,-0.04,116,53476,卖盘
158,14:46:01,4.65,0.03,3912,1819080,买盘
159,14:45:56,4.62,-0.02,353,163086,卖盘
160,14:45:51,4.64,-0.01,177,82128,卖盘
161,14:45:46,4.65,--,831,386415,买盘
162,14:45:41,4.65,0.01,414,192510,买盘
163,14:45:36,4.64,--,434,201376,卖盘
164,14:45:31,4.64,-0.01,228,105791,卖盘
165,14:45:26,4.65,-0.01,1842,856530,卖盘
166,14:45:21,4.66,--,517,240922,买盘
167,14:45:16,4.66,--,208,96928,买盘
168,14:45:11,4.66,-0.01,1144,533104,卖盘
169,14:45:06,4.67,--,12,5604,买盘
170,14:45:01,4.67,--,1,467,买盘
171,14:44:56,4.67,--,1014,473948,卖盘
172,14:44:46,4.67,--,214,99938,卖盘
173,14:44:41,4.67,-0.01,44,20548,卖盘
174,14:44:36,4.68,-0.01,8,3744,买盘
175,14:44:31,4.69,--,907,425383,买盘
176,14:44:26,4.69,0.01,502,235438,买盘
177,14:44:21,4.68,-0.01,18,8424,卖盘
178,14:44:16,4.69,--,127,59563,买盘
179,14:44:11,4.69,--,356,166964,卖盘
180,14:44:06,4.69,-0.01,502,235438,卖盘
181,14:44:01,4.7,0.01,131,61570,买盘
182,14:43:56,4.69,-0.01,582,272958,卖盘
183,14:43:51,4.7,--,293,137710,卖盘
184,14:43:46,4.7,-0.01,519,243930,卖盘
185,14:43:40,4.71,--,410,193110,买盘
186,14:43:35,4.71,0.01,503,236913,买盘
187,14:43:30,4.7,-0.02,92,43240,卖盘
188,14:43:26,4.72,0.02,509,240248,买盘
189,14:43:16,4.7,-0.01,520,244400,卖盘
190,14:43:11,4.71,--,9,4239,卖盘
191,14:43:05,4.71,0.01,98,46158,买盘
192,14:43:00,4.7,--,15,7050,卖盘
193,14:42:46,4.7,--,167,78490,买盘
194,14:42:40,4.7,--,59,27730,买盘
195,14:42:35,4.7,--,50,23500,买盘
196,14:42:30,4.7,--,235,110450,买盘
197,14:42:25,4.7,0.01,8,3760,买盘
198,14:42:20,4.69,--,117,54873,卖盘
199,14:42:15,4.69,--,64,30016,卖盘
200,14:42:10,4.69,-0.01,16,7504,卖盘
201,14:42:05,4.7,--,113,53110,买盘
202,14:42:00,4.7,--,83,39010,买盘
203,14:41:55,4.7,0.01,43,20210,买盘
204,14:41:50,4.69,--,35,16415,卖盘
205,14:41:45,4.69,--,78,36582,买盘
206,14:41:40,4.69,--,50,23450,买盘
207,14:41:30,4.69,0.01,400,187600,买盘
208,14:41:25,4.68,--,176,82368,买盘
209,14:41:20,4.68,--,192,89856,买盘
210,14:41:15,4.68,0.01,71,33635,买盘
211,14:41:10,4.67,-0.01,132,61644,卖盘
212,14:41:05,4.68,--,89,41652,买盘
213,14:41:00,4.68,0.01,77,36036,买盘
214,14:40:55,4.67,-0.01,145,67715,卖盘
215,14:40:50,4.68,--,10,4680,买盘
216,14:40:45,4.68,0.01,111,51948,中性盘
217,14:40:40,4.67,-0.02,932,435244,卖盘
218,14:40:35,4.69,0.01,50,23450,买盘
219,14:40:30,4.68,-0.01,722,337896,卖盘
220,14:40:24,4.69,--,180,84420,买盘
221,14:40:20,4.69,0.01,1,469,买盘
222,14:40:15,4.68,--,175,81900,卖盘
223,14:40:10,4.68,--,8,3744,卖盘
224,14:40:05,4.68,--,411,192348,卖盘
225,14:40:00,4.68,-0.01,39,18369,卖盘
226,14:39:54,4.69,--,61,28609,买盘
227,14:39:50,4.69,--,2,938,买盘
228,14:39:45,4.69,--,920,431480,卖盘
229,14:39:40,4.69,-0.01,100,46900,卖盘
230,14:39:35,4.7,--,60,28200,买盘
231,14:39:30,4.7,-0.01,1418,666460,卖盘
232,14:39:25,4.71,--,1363,641973,买盘
233,14:39:15,4.71,0.01,139,65469,买盘
234,14:39:10,4.7,-0.01,72,33840,卖盘
235,14:39:05,4.71,--,6,2826,买盘
236,14:39:00,4.71,--,1507,709797,卖盘
237,14:38:55,4.71,--,10,4710,卖盘
238,14:38:50,4.71,-0.01,5,2355,卖盘
239,14:38:45,4.72,--,474,223728,买盘
240,14:38:35,4.72,0.01,1,472,买盘
241,14:38:30,4.71,-0.02,873,411244,卖盘
242,14:38:25,4.73,--,16,7568,买盘
243,14:38:10,4.73,--,205,96965,卖盘
244,14:38:05,4.73,--,22,10406,卖盘
245,14:37:54,4.73,--,20,9460,卖盘
246,14:37:50,4.73,-0.01,52,24596,卖盘
247,14:37:40,4.74,--,24,11376,买盘
248,14:37:34,4.74,--,54,25596,买盘
249,14:37:30,4.74,--,85,40290,卖盘
250,14:37:24,4.74,-0.01,40,18960,卖盘
251,14:37:09,4.75,--,1027,487825,卖盘
252,14:37:04,4.75,--,30,14250,卖盘
253,14:36:59,4.75,--,317,150575,卖盘
254,14:36:49,4.75,--,115,54625,卖盘
255,14:36:39,4.75,--,286,135850,卖盘
256,14:36:24,4.75,-0.02,10,4750,卖盘
257,14:35:54,4.77,--,0,0,买盘
258,14:35:48,4.77,0.02,383,182690,买盘
259,14:35:39,4.75,-0.02,7,3325,卖盘
260,14:35:33,4.77,--,0,0,买盘
261,14:35:24,4.77,0.02,1,476,买盘
262,14:35:09,4.75,--,9,4275,卖盘
263,14:35:03,4.75,--,88,41800,卖盘
264,14:34:54,4.75,-0.03,25,11875,卖盘
265,14:34:48,4.78,0.03,1201,574078,买盘
266,14:34:39,4.75,--,50,23750,卖盘
267,14:34:18,4.75,-0.01,4,1900,卖盘
268,14:34:03,4.76,--,24,11543,卖盘
269,14:33:48,4.76,--,15,7497,买盘
270,14:33:44,4.76,--,65,31059,卖盘
271,14:33:33,4.76,0.01,34,16541,买盘
272,14:33:29,4.75,--,32,15200,卖盘
273,14:33:24,4.75,-0.01,3,1425,卖盘
274,14:33:09,4.76,--,11,5236,买盘
275,14:32:59,4.76,-0.01,762,362831,卖盘
276,14:32:54,4.77,--,62,29573,买盘
277,14:32:44,4.77,--,1,476,买盘
278,14:32:39,4.77,--,20,9540,买盘
279,14:32:29,4.77,--,1,476,买盘
280,14:32:24,4.77,--,1000,476999,卖盘
281,14:32:18,4.77,-0.01,414,197477,卖盘
282,14:32:14,4.78,0.01,1,478,买盘
283,14:32:03,4.77,-0.01,86,41021,卖盘
284,14:31:59,4.78,0.01,395,188810,买盘
285,14:31:54,4.77,--,22,10493,卖盘
286,14:31:48,4.77,--,20,9540,卖盘
287,14:31:24,4.77,--,50,23849,卖盘
288,14:31:14,4.77,--,7,3338,卖盘
289,14:31:08,4.77,0.01,155,73935,买盘
290,14:31:03,4.76,-0.02,400,190400,卖盘
291,14:30:48,4.78,0.02,10,4780,买盘
292,14:30:43,4.76,-0.01,137,65212,卖盘
293,14:30:39,4.77,--,20,9540,卖盘
294,14:30:18,4.77,0.01,28,13713,买盘
295,14:30:13,4.76,-0.01,92,43792,卖盘
296,14:30:08,4.77,--,25,11924,买盘
297,14:30:03,4.77,--,87,41498,买盘
298,14:29:58,4.77,--,403,192350,卖盘
299,14:29:42,4.77,0.01,27,13236,买盘
300,14:29:33,4.76,-0.01,43,20468,卖盘
301,14:29:18,4.77,--,40,19080,买盘
302,14:29:12,4.77,--,445,212264,买盘
303,14:29:08,4.77,0.01,1,476,买盘
304,14:29:03,4.76,-0.01,50,23800,卖盘
305,14:28:57,4.77,--,1,476,买盘
306,14:28:48,4.77,--,42,20034,买盘
307,14:28:33,4.77,0.01,544,259487,买盘
308,14:28:27,4.76,-0.01,20,9520,卖盘
309,14:28:12,4.77,-0.01,80,38279,卖盘
310,14:28:08,4.78,--,2,1314,买盘
311,14:28:03,4.78,--,96,45888,买盘
312,14:27:57,4.78,--,98,46844,买盘
313,14:27:42,4.78,0.01,544,260032,买盘
314,14:27:33,4.77,0.01,10,4770,买盘
315,14:27:12,4.76,--,1,476,卖盘
316,14:26:48,4.76,--,14,6664,卖盘
317,14:26:42,4.76,--,32,15232,买盘
318,14:26:38,4.76,--,12,5712,买盘
319,14:26:33,4.76,--,40,19040,买盘
320,14:26:27,4.76,--,17,8092,买盘
321,14:26:18,4.76,--,10,4760,买盘
322,14:25:57,4.76,0.02,50,23800,买盘
323,14:25:38,4.74,-0.01,27,12798,卖盘
324,14:25:33,4.75,--,1141,541975,买盘
325,14:25:27,4.75,--,50,23750,买盘
326,14:25:12,4.75,--,368,174800,买盘
327,14:24:57,4.75,--,2,950,买盘
328,14:24:48,4.75,0.01,2,950,买盘
329,14:24:42,4.74,--,18,8532,卖盘
330,14:24:32,4.74,-0.01,92,43608,卖盘
331,14:24:27,4.75,--,29,13775,买盘
332,14:24:22,4.75,--,2,950,买盘
333,14:24:02,4.75,0.01,107,50825,买盘
334,14:23:47,4.74,--,20,9480,卖盘
335,14:23:42,4.74,0.01,1012,479688,买盘
336,14:23:21,4.73,--,2,946,买盘
337,14:23:17,4.73,0.01,8,3784,卖盘
338,14:23:12,4.72,--,1024,483394,卖盘
339,14:23:06,4.72,-0.01,87,41064,卖盘
340,14:23:02,4.73,--,55,26015,买盘
341,14:22:57,4.73,--,10,4730,买盘
342,14:22:51,4.73,--,94,44462,卖盘
343,14:22:47,4.73,-0.01,2,946,卖盘
344,14:22:42,4.74,--,15,7110,买盘
345,14:22:36,4.74,0.01,1,474,买盘
346,14:22:27,4.73,-0.01,2,946,卖盘
347,14:22:21,4.74,0.01,76,36024,买盘
348,14:22:06,4.73,-0.01,2,946,卖盘
349,14:21:57,4.74,0.01,15,7110,买盘
350,14:21:51,4.73,--,25,11825,买盘
351,14:21:47,4.73,--,86,40678,卖盘
352,14:21:42,4.73,-0.01,2,946,卖盘
353,14:21:36,4.74,0.01,4,1896,买盘
354,14:21:27,4.73,--,72,34056,卖盘
355,14:21:21,4.73,--,122,57706,卖盘
356,14:21:12,4.73,0.01,28,13244,卖盘
357,14:21:06,4.72,-0.01,137,64664,卖盘
358,14:21:02,4.73,--,4,1892,卖盘
359,14:20:47,4.73,-0.01,400,189200,卖盘
360,14:20:42,4.74,0.01,12,5688,买盘
361,14:20:36,4.73,-0.01,44,20812,卖盘
362,14:20:27,4.74,0.01,3,1422,买盘
363,14:20:17,4.73,-0.01,2,946,卖盘
364,14:20:12,4.74,0.01,204,96696,买盘
365,14:20:06,4.73,--,20,9460,卖盘
366,14:19:57,4.73,--,2,946,卖盘
367,14:19:42,4.73,--,10,4730,卖盘
368,14:19:36,4.73,--,161,76153,卖盘
369,14:19:32,4.73,-0.01,1,473,卖盘
370,14:19:26,4.74,--,8,3792,买盘
371,14:19:21,4.74,-0.01,10,4740,买盘
372,14:19:12,4.75,0.02,383,181925,买盘
373,14:19:06,4.73,-0.01,102,48246,卖盘
374,14:18:57,4.74,-0.01,28,13272,卖盘
375,14:18:51,4.75,--,6,2850,买盘
376,14:18:36,4.75,--,200,95000,买盘
377,14:18:21,4.75,--,18,8550,买盘
378,14:18:15,4.75,--,23,10925,买盘
379,14:18:12,4.75,--,163,77425,买盘
380,14:18:01,4.75,0.01,18,8550,买盘
381,14:17:57,4.74,--,50,23700,卖盘
382,14:17:41,4.74,--,547,259278,买盘
383,14:17:36,4.74,--,10,4740,买盘
384,14:17:26,4.74,--,10,4740,买盘
385,14:17:16,4.74,--,50,23700,买盘
386,14:17:11,4.74,0.01,10,4740,买盘
387,14:17:06,4.73,-0.01,80,37840,卖盘
388,14:17:01,4.74,--,74,35076,买盘
389,14:16:56,4.74,--,50,23700,买盘
390,14:16:51,4.74,0.01,188,89112,买盘
391,14:16:45,4.73,-0.01,55,26015,卖盘
392,14:16:41,4.74,--,13,6162,买盘
393,14:16:36,4.74,--,32,15168,买盘
394,14:16:26,4.74,--,36,17064,买盘
395,14:16:11,4.74,0.01,188,89112,买盘
396,14:16:06,4.73,--,51,24123,卖盘
397,14:15:41,4.73,--,35,16900,买盘
398,14:15:36,4.73,--,89,42097,买盘
399,14:15:30,4.73,--,86,40678,买盘
400,14:15:26,4.73,--,132,62436,买盘
401,14:15:21,4.73,--,230,108790,买盘
402,14:15:15,4.73,--,1,473,买盘
403,14:15:11,4.73,--,62,29326,买盘
404,14:15:06,4.73,--,382,180686,买盘
405,14:15:00,4.73,--,10,4730,买盘
406,14:14:41,4.73,--,2,946,买盘
407,14:14:36,4.73,--,2,946,买盘
408,14:14:30,4.73,--,18,8514,买盘
409,14:14:21,4.73,--,30,14190,买盘
410,14:14:15,4.73,--,27,12771,买盘
411,14:14:11,4.73,--,18,8514,买盘
412,14:14:06,4.73,--,154,72842,买盘
413,14:14:00,4.73,--,2,946,买盘
414,14:13:45,4.73,--,5,2365,买盘
415,14:13:36,4.73,--,46,21758,买盘
416,14:13:30,4.73,--,82,38786,买盘
417,14:13:15,4.73,0.01,5,2365,买盘
418,14:13:00,4.72,--,543,256296,买盘
419,14:12:50,4.72,--,10,4720,买盘
420,14:12:45,4.72,--,298,140656,买盘
421,14:12:35,4.72,--,76,35872,买盘
422,14:12:30,4.72,--,16,7552,买盘
423,14:12:26,4.72,--,6,2832,买盘
424,14:12:20,4.72,0.02,393,185496,买盘
425,14:12:15,4.7,-0.02,1646,773620,卖盘
426,14:12:05,4.72,--,175,82600,买盘
427,14:11:55,4.72,--,376,177472,买盘
428,14:11:50,4.72,--,44,20768,买盘
429,14:11:45,4.72,--,61,28792,买盘
430,14:11:25,4.72,--,6,2832,买盘
431,14:11:20,4.72,--,18,8496,买盘
432,14:11:15,4.72,--,30,14160,买盘
433,14:11:10,4.72,--,200,94400,买盘
434,14:11:05,4.72,--,142,67024,买盘
435,14:11:00,4.72,--,5,2360,买盘
436,14:10:50,4.72,--,211,99592,买盘
437,14:10:45,4.72,--,20,9440,买盘
438,14:10:39,4.72,-0.01,110,51920,卖盘
439,14:10:35,4.73,0.01,30,14190,买盘
440,14:10:25,4.72,--,151,71272,卖盘
441,14:10:15,4.72,--,69,32568,买盘
442,14:10:09,4.72,--,5,2360,买盘
443,14:10:05,4.72,--,34,16048,买盘
444,14:10:00,4.72,--,10,4720,买盘
445,14:09:54,4.72,--,100,47200,买盘
446,14:09:45,4.72,--,37,17464,买盘
447,14:09:39,4.72,--,3,1416,买盘
448,14:09:30,4.72,--,4,1888,买盘
449,14:09:00,4.72,--,7,3304,买盘
450,14:08:50,4.72,--,10,4720,卖盘
451,14:08:45,4.72,-0.01,260,122720,卖盘
452,14:08:35,4.73,--,10,4730,买盘
453,14:08:24,4.73,0.01,10,4730,买盘
454,14:08:20,4.72,-0.01,4,1888,卖盘
455,14:08:15,4.73,--,3,1419,买盘
456,14:08:09,4.73,--,80,37840,买盘
457,14:08:05,4.73,--,5,2365,买盘
458,14:07:50,4.73,--,4,1892,买盘
459,14:07:45,4.73,0.01,5,2365,买盘
460,14:07:39,4.72,-0.01,51,24072,卖盘
461,14:07:35,4.73,0.01,79,37367,买盘
462,14:07:30,4.72,--,327,154344,卖盘
463,14:07:24,4.72,--,20,9440,卖盘
464,14:07:15,4.72,0.02,389,183608,买盘
465,14:07:09,4.7,--,0,0,卖盘
466,14:07:00,4.7,-0.02,507,238290,卖盘
467,14:06:54,4.72,--,0,0,买盘
468,14:06:39,4.72,--,0,0,买盘
469,14:06:35,4.72,--,116,54752,买盘
470,14:06:29,4.72,0.02,3074,1450928,买盘
471,14:06:24,4.7,--,41,19270,买盘
472,14:06:19,4.7,--,23,10810,买盘
473,14:06:14,4.7,-0.02,39,18330,卖盘
474,14:06:09,4.72,0.03,108,50976,买盘
475,14:06:05,4.69,--,1157,542633,卖盘
476,14:05:59,4.69,-0.01,90,42210,卖盘
477,14:05:54,4.7,--,55,25850,买盘
478,14:05:50,4.7,--,882,414540,买盘
479,14:05:45,4.7,--,253,118910,卖盘
480,14:05:39,4.7,--,1212,569640,买盘
481,14:05:34,4.7,--,73,34310,买盘
482,14:05:29,4.7,--,57,26790,买盘
483,14:05:24,4.7,--,917,430990,买盘
484,14:05:20,4.7,-0.02,1382,649540,卖盘
485,14:05:14,4.72,--,2,944,买盘
486,14:05:05,4.72,--,1,472,买盘
487,14:04:59,4.72,-0.01,451,212872,卖盘
488,14:04:54,4.73,0.01,223,105479,买盘
489,14:04:49,4.72,-0.01,10,4720,卖盘
490,14:04:44,4.73,--,1110,525030,买盘
491,14:04:29,4.73,0.03,545,257785,买盘
492,14:04:24,4.7,-0.02,3540,1663800,卖盘
493,14:04:18,4.72,-0.01,1002,472944,卖盘
494,14:04:14,4.73,--,40,18920,买盘
495,14:04:09,4.73,0.01,400,189200,买盘
496,14:03:59,4.72,--,72,33984,卖盘
497,14:03:44,4.72,--,758,357776,买盘
498,14:03:39,4.72,--,73,34456,买盘
499,14:03:33,4.72,--,494,233168,买盘
500,14:03:29,4.72,--,46,21712,买盘
501,14:03:24,4.72,0.01,245,115640,买盘
502,14:03:14,4.71,-0.01,3,1413,卖盘
503,14:03:09,4.72,--,5,2360,买盘
504,14:03:03,4.72,0.01,207,97704,买盘
505,14:02:59,4.71,0.01,269,126699,买盘
506,14:02:54,4.7,--,506,237820,买盘
507,14:02:48,4.7,--,20,9400,买盘
508,14:02:44,4.7,-0.03,1283,603010,卖盘
509,14:02:29,4.73,0.03,16,7568,买盘
510,14:02:24,4.7,--,700,329000,买盘
511,14:02:18,4.7,--,602,282940,买盘
512,14:02:14,4.7,--,238,111860,买盘
513,14:02:09,4.7,-0.05,2562,1204140,卖盘
514,14:02:03,4.75,0.03,1083,514425,买盘
515,14:01:59,4.72,-0.02,51,24072,卖盘
516,14:01:54,4.74,--,10,4740,买盘
517,14:01:44,4.74,--,6,2844,买盘
518,14:01:39,4.74,--,3,1422,买盘
519,14:01:29,4.74,0.03,5,2370,买盘
520,14:01:24,4.71,0.01,162,76302,买盘
521,14:01:18,4.7,--,2000,940000,卖盘
522,14:01:14,4.7,-0.03,1369,643430,卖盘
523,14:01:09,4.73,--,1000,473000,卖盘
524,14:01:03,4.73,-0.01,1703,805519,卖盘
525,14:00:54,4.74,-0.01,140,66360,卖盘
526,14:00:48,4.75,--,15,7125,买盘
527,14:00:39,4.75,-0.01,802,381078,卖盘
528,14:00:33,4.76,--,9,4284,卖盘
529,14:00:24,4.76,--,420,199920,卖盘
530,14:00:18,4.76,-0.01,50,23800,卖盘
531,13:59:59,4.77,--,10,4770,买盘
532,13:59:54,4.77,-0.01,49,23372,卖盘
533,13:59:48,4.78,--,1,478,买盘
534,13:59:33,4.78,-0.01,59,28202,买盘
535,13:59:24,4.79,--,0,0,买盘
536,13:59:18,4.79,--,21,10059,买盘
537,13:59:14,4.79,--,0,0,买盘
538,13:59:09,4.79,-0.01,427,204729,买盘
539,13:59:03,4.8,--,0,0,买盘
540,13:58:59,4.8,--,0,0,买盘
541,13:58:53,4.8,0.04,1040,499200,买盘
542,13:58:48,4.76,0.01,27,12852,卖盘
543,13:58:43,4.75,--,200,95000,卖盘
544,13:58:28,4.75,--,3043,1445577,买盘
545,13:58:18,4.75,0.01,730,346750,买盘
546,13:58:12,4.74,-0.01,60,28440,卖盘
547,13:58:08,4.75,--,35,16625,买盘
548,13:58:03,4.75,--,23,10925,买盘
549,13:57:53,4.75,--,48,22800,买盘
550,13:57:42,4.75,0.01,9,4275,买盘
551,13:57:38,4.74,--,50,23700,卖盘
552,13:57:33,4.74,--,3,1422,卖盘
553,13:57:27,4.74,--,360,170640,卖盘
554,13:57:18,4.74,--,218,103332,买盘
555,13:57:12,4.74,--,128,60672,买盘
556,13:57:08,4.74,0.01,8,3792,买盘
557,13:57:03,4.73,--,1,473,卖盘
558,13:56:57,4.73,--,1,473,卖盘
559,13:56:53,4.73,--,4,1892,卖盘
560,13:56:48,4.73,0.01,161,76153,卖盘
561,13:56:42,4.72,--,0,0,卖盘
562,13:56:38,4.72,-0.02,8,3776,卖盘
563,13:56:33,4.74,0.02,81,38394,买盘
564,13:56:27,4.72,-0.02,65,30680,卖盘
565,13:56:23,4.74,--,0,0,买盘
566,13:56:18,4.74,0.03,25,11850,买盘
567,13:56:12,4.71,--,0,0,卖盘
568,13:56:08,4.71,-0.03,244,114924,卖盘
569,13:56:03,4.74,--,20,9480,买盘
570,13:55:57,4.74,0.03,36,17064,买盘
571,13:55:53,4.71,-0.03,1050,494550,卖盘
572,13:55:48,4.74,--,57,27018,买盘
573,13:55:38,4.74,--,176,83424,卖盘
574,13:55:33,4.74,--,113,53562,卖盘
575,13:55:27,4.74,--,5,2370,卖盘
576,13:55:23,4.74,--,150,71100,卖盘
577,13:55:18,4.74,--,138,65412,卖盘
578,13:55:12,4.74,-0.01,77,36498,卖盘
579,13:55:03,4.75,-0.02,3668,1742623,卖盘
580,13:54:53,4.77,--,2940,1402379,卖盘
581,13:54:48,4.77,--,69,32913,卖盘
582,13:54:33,4.77,--,621,296217,买盘
583,13:54:27,4.77,--,139,66303,买盘
584,13:54:23,4.77,--,0,0,中性盘
585,13:54:18,4.77,-0.02,123,58670,卖盘
586,13:54:08,4.79,0.03,45,21555,买盘
587,13:53:57,4.76,-0.01,99,47124,卖盘
588,13:53:48,4.77,0.01,34,16217,中性盘
589,13:53:42,4.76,--,200,95200,卖盘
590,13:53:38,4.76,-0.04,114,54264,卖盘
591,13:53:33,4.8,0.04,5,2400,买盘
592,13:53:27,4.76,-0.04,4028,1917328,卖盘
593,13:53:18,4.8,0.03,10,4800,买盘
594,13:53:12,4.77,-0.03,5000,2385000,卖盘
595,13:53:08,4.8,--,30,14400,卖盘
596,13:53:03,4.8,--,193,92640,卖盘
597,13:52:57,4.8,--,61,29280,卖盘
598,13:52:48,4.8,-0.01,10001,4800480,卖盘
599,13:52:33,4.81,--,21,10101,卖盘
600,13:52:27,4.81,--,22,10582,卖盘
601,13:52:18,4.81,--,39,18759,卖盘
602,13:52:12,4.81,--,20,9620,卖盘
603,13:52:03,4.81,0.01,1932,929291,买盘
604,13:51:57,4.8,--,351,168480,卖盘
605,13:51:53,4.8,--,9,4320,卖盘
606,13:51:47,4.8,--,2,960,卖盘
607,13:51:32,4.8,--,120,57600,卖盘
608,13:51:27,4.8,-0.01,120,57600,卖盘
609,13:51:17,4.81,--,116,55795,买盘
610,13:51:02,4.81,0.01,53,25492,买盘
611,13:50:57,4.8,0.02,644,309120,买盘
612,13:50:36,4.78,--,0,0,卖盘
613,13:50:32,4.78,--,15,7170,卖盘
614,13:50:27,4.78,--,1423,680194,卖盘
615,13:50:17,4.78,--,98,47159,卖盘
616,13:50:11,4.78,--,220,105475,买盘
617,13:50:06,4.78,--,2,956,买盘
618,13:50:02,4.78,--,36,17208,买盘
619,13:49:57,4.78,--,4,1912,买盘
620,13:49:51,4.78,--,5,2390,买盘
621,13:49:47,4.78,--,482,230558,卖盘
622,13:49:41,4.78,-0.02,2950,1410100,卖盘
623,13:49:36,4.8,0.01,392,188160,买盘
624,13:49:27,4.79,-0.01,7,3353,卖盘
625,13:49:17,4.8,-0.01,3502,1680960,卖盘
626,13:49:12,4.81,-0.01,3612,1737371,卖盘
627,13:48:57,4.82,0.01,50,24100,买盘
628,13:48:47,4.81,0.01,593,285233,买盘
629,13:48:32,4.8,--,1612,773760,买盘
630,13:48:21,4.8,--,319,153120,买盘
631,13:48:17,4.8,0.01,9,4320,买盘
632,13:48:12,4.79,--,2510,1202290,卖盘
633,13:47:57,4.79,-0.01,20,9580,卖盘
634,13:47:51,4.8,--,32,15360,买盘
635,13:47:47,4.8,--,2,960,买盘
636,13:47:41,4.8,0.01,25,12000,买盘
637,13:47:17,4.79,--,716,343083,买盘
638,13:47:11,4.79,0.01,40,19160,买盘
639,13:47:02,4.78,--,14,6692,卖盘
640,13:46:51,4.78,--,9,4302,卖盘
641,13:46:47,4.78,--,1556,743768,卖盘
642,13:46:35,4.78,-0.01,66,31548,卖盘
643,13:46:27,4.79,0.01,34,16286,买盘
644,13:46:20,4.78,-0.01,22,10516,卖盘
645,13:46:17,4.79,0.01,25,11975,买盘
646,13:46:05,4.78,--,60,28680,卖盘
647,13:46:01,4.78,--,200,95600,卖盘
648,13:45:56,4.78,-0.01,82,39196,卖盘
649,13:45:51,4.79,--,56,26824,买盘
650,13:45:46,4.79,--,22,10538,买盘
651,13:45:35,4.79,--,50,23950,买盘
652,13:45:26,4.79,0.01,3,1437,买盘
653,13:45:16,4.78,-0.01,50,23900,卖盘
654,13:45:11,4.79,--,182,87537,卖盘
655,13:45:01,4.79,0.01,64,30775,买盘
656,13:44:56,4.78,-0.01,1015,485170,卖盘
657,13:44:50,4.79,--,10,4790,买盘
658,13:44:41,4.79,--,1299,622580,卖盘
659,13:44:35,4.79,-0.01,1,479,卖盘
660,13:44:31,4.8,0.01,5,2400,买盘
661,13:44:26,4.79,-0.01,1447,693113,卖盘
662,13:44:20,4.8,0.01,1040,499200,买盘
663,13:44:14,4.79,-0.01,50,23950,卖盘
664,13:44:11,4.8,0.01,121,58080,买盘
665,13:44:05,4.79,-0.01,2254,1079666,卖盘
666,13:43:56,4.8,--,633,303840,买盘
667,13:43:50,4.8,0.01,86,41280,买盘
668,13:43:44,4.79,-0.01,22,10538,卖盘
669,13:43:41,4.8,0.01,52,24960,买盘
670,13:43:35,4.79,-0.01,157,75203,卖盘
671,13:43:26,4.8,--,20,9600,买盘
672,13:43:20,4.8,--,1778,853440,卖盘
673,13:43:14,4.8,--,5,2400,卖盘
674,13:43:11,4.8,--,51,24480,卖盘
675,13:43:05,4.8,--,2203,1057440,卖盘
676,13:42:59,4.8,--,576,276480,卖盘
677,13:42:56,4.8,-0.01,160,76800,卖盘
678,13:42:50,4.81,--,2,961,买盘
679,13:42:44,4.81,--,78,37518,卖盘
680,13:42:41,4.81,--,45,21645,卖盘
681,13:42:11,4.81,-0.01,7,3366,卖盘
682,13:41:59,4.82,--,0,0,买盘
683,13:41:56,4.82,--,9,4338,买盘
684,13:41:35,4.82,0.01,50,24100,买盘
685,13:41:29,4.81,--,10,4810,买盘
686,13:41:26,4.81,--,57,27537,卖盘
687,13:41:11,4.81,--,20,9620,卖盘
688,13:40:26,4.81,-0.01,28,13467,卖盘
689,13:40:05,4.82,--,1,482,买盘
690,13:39:29,4.82,--,20,9640,买盘
691,13:39:14,4.82,--,2,964,买盘
692,13:39:05,4.82,0.01,739,356198,买盘
693,13:38:55,4.81,--,40,19240,卖盘
694,13:38:50,4.81,--,9,4689,买盘
695,13:38:44,4.81,--,8,3847,买盘
696,13:38:35,4.81,--,86,41366,买盘
697,13:38:29,4.81,0.01,510,245309,买盘
698,13:38:25,4.8,-0.01,9,4320,卖盘
699,13:38:20,4.81,0.01,15,7214,买盘
700,13:38:14,4.8,-0.01,49,23520,卖盘
701,13:38:10,4.81,0.01,10,4810,买盘
702,13:38:05,4.8,--,50,24000,卖盘
703,13:37:50,4.8,--,3092,1484217,买盘
704,13:37:44,4.8,0.01,1110,532800,买盘
705,13:37:40,4.79,--,128,61312,卖盘
706,13:37:24,4.79,--,40,19160,卖盘
707,13:37:20,4.79,--,69,33170,买盘
708,13:37:14,4.79,0.01,206,98674,买盘
709,13:37:08,4.78,-0.01,1,478,卖盘
710,13:37:05,4.79,0.01,60,28740,买盘
711,13:36:50,4.78,--,60,28995,卖盘
712,13:36:44,4.78,-0.01,1,478,卖盘
713,13:36:35,4.79,--,52,24908,买盘
714,13:36:29,4.79,--,50,23950,买盘
715,13:36:23,4.79,--,287,137832,卖盘
716,13:36:20,4.79,--,1000,479000,卖盘
717,13:36:14,4.79,-0.01,4,1916,卖盘
718,13:36:05,4.8,--,110,52800,买盘
719,13:35:59,4.8,--,44,21120,买盘
720,13:35:50,4.8,--,15,7200,买盘
721,13:35:35,4.8,--,25,12000,买盘
722,13:35:29,4.8,--,4197,2014982,卖盘
723,13:35:05,4.8,-0.01,30,14400,卖盘
724,13:34:59,4.81,0.01,4,1923,买盘
725,13:34:53,4.8,--,20,9600,卖盘
726,13:34:35,4.8,--,743,356697,买盘
727,13:34:29,4.8,--,132,63360,买盘
728,13:34:23,4.8,--,1230,590400,买盘
729,13:34:20,4.8,--,23,11040,买盘
730,13:34:14,4.8,--,14,6720,买盘
731,13:34:05,4.8,0.01,50,24000,买盘
732,13:33:59,4.79,-0.01,23,11017,卖盘
733,13:33:49,4.8,--,10,4800,买盘
734,13:33:38,4.8,--,50,24000,买盘
735,13:33:35,4.8,--,3,1440,买盘
736,13:33:29,4.8,--,23,11040,买盘
737,13:33:23,4.8,--,36,17280,买盘
738,13:33:20,4.8,--,93,44640,买盘
739,13:32:59,4.8,--,51,24480,买盘
740,13:32:53,4.8,-0.01,1351,648902,卖盘
741,13:32:50,4.81,--,3865,1859064,买盘
742,13:32:44,4.81,--,29,13948,买盘
743,13:32:29,4.81,0.01,29,13948,买盘
744,13:32:23,4.8,-0.01,52,24960,卖盘
745,13:32:20,4.81,--,154,74074,买盘
746,13:32:14,4.81,--,60,28859,买盘
747,13:32:04,4.81,--,663,318903,买盘
748,13:31:49,4.81,--,390,187589,买盘
749,13:31:38,4.81,0.01,264,126983,买盘
750,13:31:29,4.8,--,20,9600,卖盘
751,13:31:23,4.8,--,69,33120,卖盘
752,13:31:19,4.8,-0.01,504,241920,卖盘
753,13:31:08,4.81,0.01,3092,1487251,买盘
754,13:30:59,4.8,-0.01,2616,1255680,卖盘
755,13:30:53,4.81,-0.01,1951,938551,卖盘
756,13:30:44,4.82,--,201,96882,卖盘
757,13:30:38,4.82,-0.01,22,10604,卖盘
758,13:30:34,4.83,--,100,48300,买盘
759,13:30:23,4.83,--,30,14490,买盘
760,13:30:19,4.83,0.01,30,14490,买盘
761,13:30:14,4.82,--,1,482,卖盘
762,13:30:08,4.82,-0.01,18,8676,卖盘
763,13:29:53,4.83,0.01,24,11592,买盘
764,13:29:44,4.82,0.01,37,17834,买盘
765,13:29:38,4.81,--,150,72150,卖盘
766,13:29:34,4.81,-0.01,110,52909,卖盘
767,13:29:29,4.82,--,22,10604,买盘
768,13:29:19,4.82,--,7,3374,买盘
769,13:29:14,4.82,--,28,13496,卖盘
770,13:28:53,4.82,--,336,161952,卖盘
771,13:28:47,4.82,-0.01,120,57840,卖盘
772,13:28:44,4.83,0.01,46,22218,买盘
773,13:28:38,4.82,--,10,4820,卖盘
774,13:28:32,4.82,-0.01,30,14460,卖盘
775,13:27:44,4.83,--,2,966,买盘
776,13:27:23,4.83,--,20,9660,买盘
777,13:27:02,4.83,0.01,10,4830,买盘
778,13:26:44,4.82,--,100,48200,卖盘
779,13:26:23,4.82,--,16,7712,卖盘
780,13:26:14,4.82,--,88,42416,买盘
781,13:26:08,4.82,--,152,73264,卖盘
782,13:26:02,4.82,--,320,154240,卖盘
783,13:25:59,4.82,--,41,19762,卖盘
784,13:25:53,4.82,--,30,14460,卖盘
785,13:25:44,4.82,--,3,1446,卖盘
786,13:25:08,4.82,--,2,964,卖盘
787,13:25:02,4.82,--,85,40970,卖盘
788,13:24:58,4.82,--,10,4820,卖盘
789,13:24:53,4.82,--,5,2410,卖盘
790,13:24:43,4.82,--,10,4820,卖盘
791,13:24:32,4.82,--,0,0,卖盘
792,13:24:28,4.82,--,0,0,卖盘
793,13:24:23,4.82,-0.03,100,48200,卖盘
794,13:24:13,4.85,0.02,668,323980,买盘
795,13:24:08,4.83,--,1279,617757,买盘
796,13:23:43,4.83,--,10,4830,买盘
797,13:23:38,4.83,--,57,27531,卖盘
798,13:23:23,4.83,--,4,1932,卖盘
799,13:23:17,4.83,0.01,41,19803,买盘
800,13:22:58,4.82,-0.01,172,82904,卖盘
801,13:22:53,4.83,--,20,9660,买盘
802,13:22:38,4.83,--,10,4830,买盘
803,13:22:32,4.83,--,19,9177,卖盘
804,13:22:28,4.83,--,2,966,买盘
805,13:22:08,4.83,0.01,1,483,买盘
806,13:21:27,4.82,-0.01,1,482,卖盘
807,13:21:07,4.83,0.01,3,1449,买盘
808,13:21:02,4.82,--,100,48200,卖盘
809,13:20:56,4.82,-0.01,184,88688,卖盘
810,13:20:53,4.83,0.01,12,5796,买盘
811,13:20:26,4.82,--,45,21690,卖盘
812,13:20:07,4.82,--,0,0,卖盘
813,13:20:02,4.82,--,1,482,卖盘
814,13:19:41,4.82,--,72,34704,卖盘
815,13:19:38,4.82,--,440,212080,卖盘
816,13:19:32,4.82,-0.01,50,24100,卖盘
817,13:19:26,4.83,--,105,50715,买盘
818,13:18:52,4.83,--,1,483,买盘
819,13:18:47,4.83,-0.01,294,142002,卖盘
820,13:18:41,4.84,0.01,1,484,买盘
821,13:18:37,4.83,-0.01,9,4347,卖盘
822,13:18:22,4.84,0.01,20,9680,买盘
823,13:18:07,4.83,-0.01,7,3381,卖盘
824,13:18:02,4.84,--,295,142780,卖盘
825,13:17:56,4.84,--,12,5808,卖盘
826,13:17:52,4.84,-0.01,39,18876,卖盘
827,13:17:47,4.85,0.01,2,969,买盘
828,13:17:26,4.84,--,30,14520,卖盘
829,13:17:11,4.84,--,17,8228,卖盘
830,13:17:07,4.84,-0.01,7,3388,卖盘
831,13:17:02,4.85,0.01,5,2425,买盘
832,13:16:37,4.84,-0.01,15,7260,卖盘
833,13:16:32,4.85,--,65,31524,买盘
834,13:16:26,4.85,--,637,308945,买盘
835,13:16:17,4.85,--,1,484,买盘
836,13:15:56,4.85,--,338,163930,买盘
837,13:15:52,4.85,--,70,33950,买盘
838,13:15:41,4.85,0.01,7,3394,买盘
839,13:15:32,4.84,-0.01,2,968,卖盘
840,13:15:26,4.85,0.01,63,30554,买盘
841,13:15:22,4.84,-0.01,1,484,卖盘
842,13:15:11,4.85,--,10,4850,买盘
843,13:14:56,4.85,--,48,23280,买盘
844,13:14:52,4.85,--,5,2425,买盘
845,13:14:37,4.85,--,722,350170,买盘
846,13:14:32,4.85,--,6,2910,买盘
847,13:14:11,4.85,--,2,969,买盘
848,13:14:02,4.85,0.01,15,7274,买盘
849,13:13:47,4.84,--,24,11616,卖盘
850,13:13:35,4.84,-0.01,4,1936,卖盘
851,13:13:26,4.85,--,16,7759,买盘
852,13:13:16,4.85,0.01,10,4850,买盘
853,13:12:50,4.84,--,2,968,卖盘
854,13:12:46,4.84,--,119,57596,买盘
855,13:12:41,4.84,0.01,2,968,买盘
856,13:12:35,4.83,-0.01,2,966,卖盘
857,13:12:11,4.84,0.01,10,4840,买盘
858,13:11:46,4.83,--,5,2415,卖盘
859,13:11:41,4.83,-0.01,4,1932,卖盘
860,13:11:31,4.84,--,23,11132,买盘
861,13:11:16,4.84,0.01,2,968,买盘
862,13:11:01,4.83,--,6,2898,卖盘
863,13:10:56,4.83,0.01,633,305739,买盘
864,13:10:46,4.82,--,57,27474,卖盘
865,13:10:26,4.82,--,1,482,卖盘
866,13:10:01,4.82,-0.01,55,26510,卖盘
867,13:09:50,4.83,0.01,17,8211,买盘
868,13:09:46,4.82,-0.01,100,48200,卖盘
869,13:09:35,4.83,0.01,20,9660,买盘
870,13:09:16,4.82,--,0,0,卖盘
871,13:09:11,4.82,-0.02,248,119536,卖盘
872,13:09:01,4.84,--,25,12100,买盘
873,13:08:46,4.84,--,10,4840,买盘
874,13:08:41,4.84,0.01,5,2420,买盘
875,13:08:35,4.83,-0.01,39,18837,卖盘
876,13:08:26,4.84,0.01,88,42592,买盘
877,13:08:01,4.83,--,62,29946,卖盘
878,13:07:50,4.83,-0.01,100,48300,卖盘
879,13:07:40,4.84,--,30,14520,买盘
880,13:07:20,4.84,--,3,1452,买盘
881,13:07:01,4.84,--,6,2904,买盘
882,13:06:25,4.84,--,271,131164,卖盘
883,13:06:10,4.84,--,4,1936,卖盘
884,13:06:05,4.84,--,55,26620,买盘
885,13:05:55,4.84,--,28,13552,买盘
886,13:05:50,4.84,0.01,47,22748,买盘
887,13:05:44,4.83,-0.01,114,55062,卖盘
888,13:05:10,4.84,--,10,4840,买盘
889,13:05:05,4.84,0.01,1,484,买盘
890,13:04:25,4.83,--,37,17871,买盘
891,13:04:20,4.83,--,10,4830,买盘
892,13:04:10,4.83,--,45,21735,买盘
893,13:04:05,4.83,-0.01,5,2415,卖盘
894,13:03:50,4.84,0.01,2,968,买盘
895,13:03:44,4.83,--,201,97083,买盘
896,13:03:35,4.83,--,4,1932,买盘
897,13:03:25,4.83,--,2,966,买盘
898,13:03:20,4.83,--,82,39606,买盘
899,13:03:10,4.83,--,3,1449,买盘
900,13:02:55,4.83,--,7,3381,买盘
901,13:02:44,4.83,0.02,7,3381,买盘
902,13:02:35,4.81,-0.02,75,36075,卖盘
903,13:02:25,4.83,0.01,522,252126,买盘
904,13:02:20,4.82,--,105,50610,买盘
905,13:02:14,4.82,0.01,10,4820,买盘
906,13:02:10,4.81,-0.01,486,233765,卖盘
907,13:01:59,4.82,0.01,2,964,买盘
908,13:01:50,4.81,-0.01,26,12505,卖盘
909,13:01:44,4.82,--,50,24100,卖盘
910,13:01:40,4.82,0.01,17,8194,卖盘
911,13:01:20,4.81,-0.01,147,70707,卖盘
912,13:01:14,4.82,--,5,2410,卖盘
913,13:01:05,4.82,--,21,10122,买盘
914,13:00:49,4.82,0.01,710,342220,买盘
915,13:00:20,4.81,-0.02,2,961,卖盘
916,13:00:14,4.83,0.01,178,85974,买盘
917,13:00:10,4.82,-0.03,779,375478,卖盘
918,13:00:05,4.85,0.03,1323,641655,买盘
919,11:30:00,4.82,--,0,0,卖盘
920,11:30:00,4.82,--,0,0,卖盘
921,11:29:45,4.82,-0.01,150,72300,卖盘
922,11:29:41,4.83,--,29,14137,买盘
923,11:29:35,4.83,--,106,51550,卖盘
924,11:29:30,4.83,--,28,13524,卖盘
925,11:29:15,4.83,-0.01,1031,497973,卖盘
926,11:29:10,4.84,--,50,24200,买盘
927,11:29:05,4.84,--,0,0,中性盘
928,11:29:00,4.84,--,31,15004,买盘
929,11:28:55,4.84,-0.01,17,8228,买盘
930,11:28:50,4.85,0.01,49,23765,买盘
931,11:28:45,4.84,--,74,35816,卖盘
932,11:28:35,4.84,--,15,7260,卖盘
933,11:28:30,4.84,0.01,7,3388,买盘
934,11:28:24,4.83,-0.01,1,483,卖盘
935,11:28:20,4.84,--,64,30976,买盘
936,11:28:15,4.84,0.01,43,20812,买盘
937,11:28:05,4.83,-0.01,34,16422,卖盘
938,11:28:00,4.84,0.01,14,6776,买盘
939,11:27:50,4.83,-0.01,240,115920,卖盘
940,11:27:45,4.84,0.01,3,1452,买盘
941,11:27:35,4.83,-0.01,13,6279,卖盘
942,11:27:30,4.84,0.01,48,23232,买盘
943,11:27:15,4.83,--,0,0,卖盘
944,11:27:00,4.83,--,80,38640,卖盘
945,11:26:50,4.83,-0.02,1327,640941,卖盘
946,11:26:35,4.85,--,16,7759,买盘
947,11:26:15,4.85,--,22,10670,卖盘
948,11:26:05,4.85,-0.01,6,2910,卖盘
949,11:25:54,4.86,--,97,47142,买盘
950,11:25:50,4.86,0.01,100,48600,买盘
951,11:25:39,4.85,--,24,11640,卖盘
952,11:25:30,4.85,--,70,33950,卖盘
953,11:25:24,4.85,0.01,506,245409,买盘
954,11:25:15,4.84,--,1,484,卖盘
955,11:25:09,4.84,0.01,884,427856,买盘
956,11:25:05,4.83,--,1,483,卖盘
957,11:25:00,4.83,-0.01,29,14007,卖盘
958,11:24:54,4.84,0.01,300,145200,买盘
959,11:24:45,4.83,--,2,966,卖盘
960,11:24:39,4.83,--,20,9660,卖盘
961,11:24:30,4.83,0.01,1765,852625,买盘
962,11:24:24,4.82,--,4,1928,买盘
963,11:24:15,4.82,0.01,20,9640,买盘
964,11:24:09,4.81,-0.01,30,14429,卖盘
965,11:24:04,4.82,0.01,9,4338,买盘
966,11:23:54,4.81,-0.01,1,480,卖盘
967,11:23:45,4.82,--,209,100738,卖盘
968,11:23:35,4.82,--,146,70372,卖盘
969,11:23:24,4.82,-0.01,7,3374,卖盘
970,11:23:09,4.83,--,32,15571,卖盘
971,11:23:05,4.83,--,59,28497,卖盘
972,11:22:59,4.83,--,208,100464,卖盘
973,11:22:54,4.83,-0.01,521,251643,卖盘
974,11:22:48,4.84,--,4,1936,买盘
975,11:22:44,4.84,0.01,9,4356,买盘
976,11:22:39,4.83,--,42,20286,卖盘
977,11:22:34,4.83,--,74,35742,卖盘
978,11:22:29,4.83,--,122,58926,卖盘
979,11:22:09,4.83,-0.01,27,13041,卖盘
980,11:21:59,4.84,--,107,51788,买盘
981,11:21:44,4.84,--,50,24200,买盘
982,11:21:39,4.84,0.01,10,4840,买盘
983,11:21:29,4.83,-0.01,4,1932,卖盘
984,11:21:24,4.84,--,10,4840,买盘
985,11:21:18,4.84,--,108,52272,买盘
986,11:21:14,4.84,0.01,23,11132,买盘
987,11:21:03,4.83,-0.01,30,14490,卖盘
988,11:20:59,4.84,0.01,10,4840,买盘
989,11:20:54,4.83,-0.01,83,40089,卖盘
990,11:20:44,4.84,--,120,58080,买盘
991,11:20:29,4.84,0.01,4,1936,买盘
992,11:20:24,4.83,--,90,43470,卖盘
993,11:20:18,4.83,-0.01,10,4830,卖盘
994,11:20:14,4.84,--,100,48400,买盘
995,11:20:09,4.84,0.01,10,4840,买盘
996,11:19:54,4.83,--,120,57960,卖盘
997,11:19:09,4.83,0.01,387,187288,买盘
998,11:19:03,4.82,-0.01,5,2410,卖盘
999,11:18:54,4.83,--,1,483,买盘
1000,11:18:48,4.83,0.01,1,483,买盘
1001,11:18:33,4.82,-0.01,6,2892,卖盘
1002,11:18:18,4.83,--,77,37191,买盘
1003,11:18:02,4.83,--,40,19677,卖盘
1004,11:17:48,4.83,--,560,270605,买盘
1005,11:17:44,4.83,--,2,966,买盘
1006,11:17:39,4.83,--,2114,1021419,卖盘
1007,11:17:33,4.83,--,12,5796,卖盘
1008,11:17:24,4.83,--,128,61824,卖盘
1009,11:17:09,4.83,--,100,48300,卖盘
1010,11:16:59,4.83,--,100,48300,卖盘
1011,11:16:54,4.83,--,322,155526,卖盘
1012,11:16:48,4.83,--,40,19320,卖盘
1013,11:16:39,4.83,--,20,9660,卖盘
1014,11:16:33,4.83,--,6,2898,卖盘
1015,11:16:28,4.83,--,9,4472,买盘
1016,11:16:18,4.83,--,10,5187,卖盘
1017,11:16:08,4.83,--,12,5921,买盘
1018,11:16:03,4.83,--,530,255990,买盘
1019,11:15:48,4.83,--,7,3381,买盘
1020,11:15:43,4.83,--,40,19320,买盘
1021,11:15:38,4.83,--,281,135969,卖盘
1022,11:15:33,4.83,--,97,46851,卖盘
1023,11:15:26,4.83,-0.01,2,966,卖盘
1024,11:15:23,4.84,0.01,237,114708,买盘
1025,11:15:18,4.83,-0.01,99,47817,卖盘
1026,11:15:12,4.84,--,10,4840,买盘
1027,11:15:03,4.84,--,2,968,买盘
1028,11:14:57,4.84,0.01,5,2420,买盘
1029,11:14:53,4.83,-0.01,35,16905,卖盘
1030,11:14:48,4.84,--,117,56628,卖盘
1031,11:14:42,4.84,--,2,968,卖盘
1032,11:14:33,4.84,--,240,116397,买盘
1033,11:14:27,4.84,--,1,484,买盘
1034,11:14:23,4.84,--,2,968,买盘
1035,11:14:18,4.84,0.01,9,4356,买盘
1036,11:14:08,4.83,-0.01,188,90804,卖盘
1037,11:14:03,4.84,--,3,1452,买盘
1038,11:13:57,4.84,--,100,48400,买盘
1039,11:13:53,4.84,--,4,1936,买盘
1040,11:13:48,4.84,--,10,4840,买盘
1041,11:13:42,4.84,--,44,21296,买盘
1042,11:13:32,4.84,--,5,2420,买盘
1043,11:13:23,4.84,-0.01,139,67276,卖盘
1044,11:13:18,4.85,--,10,4850,买盘
1045,11:13:08,4.85,-0.02,10,4850,买盘
1046,11:13:03,4.87,--,0,0,买盘
1047,11:12:57,4.87,0.03,158,76946,买盘
1048,11:12:53,4.84,--,3,1452,卖盘
1049,11:12:48,4.84,0.01,28,13552,卖盘
1050,11:12:42,4.83,--,0,0,卖盘
1051,11:12:38,4.83,-0.01,304,146832,卖盘
1052,11:12:32,4.84,0.01,26,12584,买盘
1053,11:12:26,4.83,--,44,21252,卖盘
1054,11:12:18,4.83,--,2,966,卖盘
1055,11:12:11,4.83,0.01,5,2415,卖盘
1056,11:12:08,4.82,--,0,0,卖盘
1057,11:12:02,4.82,--,532,256424,卖盘
1058,11:11:53,4.82,0.01,910,438620,卖盘
1059,11:11:41,4.81,--,0,0,卖盘
1060,11:11:38,4.81,-0.02,300,144300,卖盘
1061,11:11:32,4.83,0.02,250,120750,买盘
1062,11:11:26,4.81,--,1,480,卖盘
1063,11:11:23,4.81,--,76,36916,卖盘
1064,11:11:17,4.81,--,1612,775371,卖盘
1065,11:11:11,4.81,-0.01,100,48099,卖盘
1066,11:11:08,4.82,--,227,109414,买盘
1067,11:11:02,4.82,0.01,60,28920,买盘
1068,11:10:56,4.81,0.01,67,32284,买盘
1069,11:10:53,4.8,-0.01,34,16320,卖盘
1070,11:10:47,4.81,0.01,30,14429,买盘
1071,11:10:41,4.8,--,102,48960,卖盘
1072,11:10:38,4.8,-0.01,65,31200,卖盘
1073,11:10:32,4.81,0.01,132,63491,买盘
1074,11:10:26,4.8,--,249,119640,买盘
1075,11:10:23,4.8,--,274,131520,买盘
1076,11:10:17,4.8,0.01,256,123062,买盘
1077,11:10:11,4.79,--,521,249559,卖盘
1078,11:10:08,4.79,--,380,182020,卖盘
1079,11:10:02,4.79,-0.01,219,105197,卖盘
1080,11:09:56,4.8,0.01,426,204480,买盘
1081,11:09:52,4.79,--,21,10059,买盘
1082,11:09:47,4.79,--,71,34009,买盘
1083,11:09:41,4.79,--,151,72329,买盘
1084,11:09:38,4.79,-0.01,492,235668,卖盘
1085,11:09:32,4.8,--,7,3360,买盘
1086,11:09:26,4.8,--,644,309360,卖盘
1087,11:09:22,4.8,--,177,84960,卖盘
1088,11:09:17,4.8,--,3627,1740960,卖盘
1089,11:09:11,4.8,-0.01,1336,641520,卖盘
1090,11:09:07,4.81,--,298,143338,卖盘
1091,11:09:02,4.81,--,458,220297,卖盘
1092,11:08:56,4.81,--,528,253967,卖盘
1093,11:08:53,4.81,-0.01,123,59162,卖盘
1094,11:08:47,4.82,--,351,169182,买盘
1095,11:08:41,4.82,--,122,58804,买盘
1096,11:08:32,4.82,-0.01,151,72902,卖盘
1097,11:08:26,4.83,0.01,113,54579,买盘
1098,11:08:20,4.82,--,814,392348,卖盘
1099,11:08:17,4.82,--,231,111342,卖盘
1100,11:08:11,4.82,-0.01,105,50610,卖盘
1101,11:08:05,4.83,0.01,10,4830,买盘
1102,11:08:02,4.82,-0.01,20,9640,卖盘
1103,11:07:56,4.83,--,1,483,买盘
1104,11:07:47,4.83,-0.01,393,190055,卖盘
1105,11:07:41,4.84,--,2,968,买盘
1106,11:07:35,4.84,0.01,319,154396,买盘
1107,11:07:32,4.83,-0.01,284,137263,卖盘
1108,11:07:26,4.84,0.01,882,426888,买盘
1109,11:07:20,4.83,--,7,3381,卖盘
1110,11:07:17,4.83,-0.01,171,82593,卖盘
1111,11:07:05,4.84,--,120,58080,买盘
1112,11:07:02,4.84,--,5,2420,买盘
1113,11:06:56,4.84,-0.01,1052,509642,卖盘
1114,11:06:50,4.85,0.01,93,45105,买盘
1115,11:06:47,4.84,-0.01,45,21780,卖盘
1116,11:06:41,4.85,--,22,10670,买盘
1117,11:06:32,4.85,--,8,3879,买盘
1118,11:06:26,4.85,0.01,51,24735,买盘
1119,11:06:20,4.84,--,12,5808,卖盘
1120,11:06:17,4.84,--,373,180774,卖盘
1121,11:06:11,4.84,--,87,42108,卖盘
1122,11:06:05,4.84,--,21,10164,卖盘
1123,11:06:02,4.84,--,0,0,卖盘
1124,11:05:56,4.84,--,263,127655,卖盘
1125,11:05:50,4.84,-0.02,30,14520,卖盘
1126,11:05:47,4.86,0.02,236,114696,买盘
1127,11:05:35,4.84,--,120,58080,卖盘
1128,11:05:32,4.84,-0.01,539,261239,卖盘
1129,11:05:26,4.85,--,196,95113,买盘
1130,11:05:20,4.85,0.01,20,9700,买盘
1131,11:05:11,4.84,-0.01,38,18706,卖盘
1132,11:05:02,4.85,0.01,11,5335,买盘
1133,11:04:50,4.84,-0.01,13,6292,卖盘
1134,11:04:47,4.85,--,11,5335,买盘
1135,11:04:41,4.85,0.01,30,14549,买盘
1136,11:04:35,4.84,--,4,1936,卖盘
1137,11:04:26,4.84,-0.01,99,47916,卖盘
1138,11:04:20,4.85,0.01,392,190120,买盘
1139,11:04:11,4.84,-0.01,100,48400,卖盘
1140,11:04:05,4.85,--,7,3394,买盘
1141,11:04:02,4.85,--,80,38800,卖盘
1142,11:03:56,4.85,--,104,50439,卖盘
1143,11:03:47,4.85,-0.01,11,5335,卖盘
1144,11:03:35,4.86,--,202,98172,中性盘
1145,11:03:26,4.86,-0.01,10,4860,买盘
1146,11:03:20,4.87,--,0,0,买盘
1147,11:03:17,4.87,0.02,10,4870,买盘
1148,11:03:11,4.85,--,140,67900,卖盘
1149,11:03:05,4.85,--,21,10185,卖盘
1150,11:03:01,4.85,--,36,17460,卖盘
1151,11:02:56,4.85,0.01,21,10185,买盘
1152,11:02:50,4.84,--,200,96800,卖盘
1153,11:02:47,4.84,--,10,4840,卖盘
1154,11:02:41,4.84,--,25,12100,卖盘
1155,11:02:35,4.84,0.01,233,112897,买盘
1156,11:02:32,4.83,-0.01,1147,554001,卖盘
1157,11:02:26,4.84,0.01,443,214412,买盘
1158,11:02:20,4.83,-0.01,107,51681,卖盘
1159,11:02:16,4.84,--,389,188276,买盘
1160,11:02:11,4.84,--,141,68244,买盘
1161,11:02:01,4.84,0.01,20,9680,买盘
1162,11:01:56,4.83,--,124,59892,卖盘
1163,11:01:50,4.83,--,5,2415,卖盘
1164,11:01:41,4.83,-0.01,316,152628,卖盘
1165,11:01:35,4.84,0.01,99,47916,买盘
1166,11:01:31,4.83,--,15,7245,卖盘
1167,11:01:26,4.83,--,147,71001,卖盘
1168,11:01:20,4.83,-0.01,246,118818,卖盘
1169,11:01:16,4.84,0.01,20,9680,买盘
1170,11:01:11,4.83,--,192,92736,卖盘
1171,11:01:05,4.83,-0.01,251,121233,卖盘
1172,11:00:59,4.84,0.01,1,484,买盘
1173,11:00:56,4.83,--,246,118818,卖盘
1174,11:00:50,4.83,--,230,111090,卖盘
1175,11:00:44,4.83,0.01,23,11263,买盘
1176,11:00:41,4.82,-0.01,581,280403,卖盘
1177,11:00:35,4.83,0.01,78,37674,买盘
1178,11:00:29,4.82,--,15,7230,卖盘
1179,11:00:26,4.82,-0.01,565,272330,卖盘
1180,11:00:20,4.83,--,23,11109,买盘
1181,11:00:14,4.83,--,4,1932,买盘
1182,11:00:11,4.83,--,634,306550,卖盘
1183,11:00:05,4.83,--,546,263872,卖盘
1184,10:59:59,4.83,--,42,20286,卖盘
1185,10:59:56,4.83,-0.01,97,46851,卖盘
1186,10:59:50,4.84,--,1372,664406,卖盘
1187,10:59:41,4.84,-0.01,170,82280,卖盘
1188,10:59:35,4.85,0.01,2,969,买盘
1189,10:59:29,4.84,--,100,48400,卖盘
1190,10:59:26,4.84,--,180,87245,卖盘
1191,10:59:20,4.84,--,20,9680,卖盘
1192,10:59:11,4.84,-0.03,6372,3084430,卖盘
1193,10:59:05,4.87,--,112,54544,卖盘
1194,10:58:56,4.87,--,3,1461,卖盘
1195,10:58:50,4.87,--,7,3409,卖盘
1196,10:58:44,4.87,-0.01,102,49674,卖盘
1197,10:58:41,4.88,--,2,1058,卖盘
1198,10:58:35,4.88,--,419,204472,卖盘
1199,10:58:29,4.88,--,7,3416,卖盘
1200,10:58:26,4.88,--,170,82960,卖盘
1201,10:58:20,4.88,--,29,14152,卖盘
1202,10:58:11,4.88,--,45,21960,卖盘
1203,10:58:05,4.88,--,7,3416,卖盘
1204,10:57:56,4.88,--,14,6832,卖盘
1205,10:57:50,4.88,--,4,1952,卖盘
1206,10:57:44,4.88,-0.01,82,40016,卖盘
1207,10:57:41,4.89,0.01,46,22494,买盘
1208,10:57:35,4.88,--,21,10248,卖盘
1209,10:57:26,4.88,--,5,2440,卖盘
1210,10:57:20,4.88,--,8,3904,卖盘
1211,10:57:05,4.88,--,45,21960,卖盘
1212,10:56:59,4.88,-0.01,31,15128,卖盘
1213,10:56:56,4.89,0.01,180,88020,买盘
1214,10:56:50,4.88,--,30,14640,卖盘
1215,10:56:35,4.88,--,122,59536,卖盘
1216,10:56:25,4.88,--,121,59048,卖盘
1217,10:55:59,4.88,--,100,48800,卖盘
1218,10:55:55,4.88,--,3,1464,卖盘
1219,10:55:50,4.88,--,55,26840,卖盘
1220,10:55:44,4.88,--,21,10248,卖盘
1221,10:55:40,4.88,--,123,60024,卖盘
1222,10:55:35,4.88,-0.01,135,65880,卖盘
1223,10:55:29,4.89,0.01,16,7823,买盘
1224,10:55:20,4.88,--,22,10736,卖盘
1225,10:55:14,4.88,--,7,3416,卖盘
1226,10:55:10,4.88,--,22,11141,卖盘
1227,10:55:05,4.88,--,31,15128,卖盘
1228,10:54:55,4.88,--,20,9760,卖盘
1229,10:54:50,4.88,--,7,3416,卖盘
1230,10:54:40,4.88,--,213,103944,卖盘
1231,10:54:35,4.88,--,9,4392,卖盘
1232,10:54:20,4.88,-0.01,16,7808,卖盘
1233,10:54:10,4.89,-0.01,128,62591,卖盘
1234,10:54:05,4.9,0.01,100,49000,买盘
1235,10:53:50,4.89,-0.01,1,488,卖盘
1236,10:53:35,4.9,--,252,123480,买盘
1237,10:53:29,4.9,--,65,31850,卖盘
1238,10:53:20,4.9,0.01,67,32830,买盘
1239,10:53:14,4.89,-0.01,396,193644,卖盘
1240,10:53:08,4.9,0.01,19,9310,买盘
1241,10:53:05,4.89,--,137,66993,卖盘
1242,10:52:59,4.89,--,50,24450,卖盘
1243,10:52:53,4.89,--,220,107580,买盘
1244,10:52:50,4.89,--,40,19560,买盘
1245,10:52:44,4.89,0.01,130,63569,买盘
1246,10:52:29,4.88,--,4,1952,卖盘
1247,10:52:20,4.88,0.01,20,9760,买盘
1248,10:52:14,4.87,--,0,0,卖盘
1249,10:52:08,4.87,--,56,27272,卖盘
1250,10:51:59,4.87,--,23,11317,卖盘
1251,10:51:44,4.87,--,100,48700,卖盘
1252,10:51:35,4.87,--,74,36038,卖盘
1253,10:51:29,4.87,-0.02,205,99835,卖盘
1254,10:51:08,4.89,0.01,534,261125,买盘
1255,10:51:05,4.88,0.01,424,206912,买盘
1256,10:50:59,4.87,--,1093,532724,买盘
1257,10:50:53,4.87,--,67,32629,买盘
1258,10:50:50,4.87,0.01,717,349179,买盘
1259,10:50:44,4.86,--,23,11178,卖盘
1260,10:50:38,4.86,--,34,16524,卖盘
1261,10:50:23,4.86,-0.01,34,16524,卖盘
1262,10:50:20,4.87,0.01,100,48700,买盘
1263,10:50:08,4.86,--,3,1458,卖盘
1264,10:50:04,4.86,0.01,28,13608,买盘
1265,10:49:59,4.85,-0.02,98,47530,卖盘
1266,10:49:49,4.87,0.01,164,79868,买盘
1267,10:49:38,4.86,--,23,11178,卖盘
1268,10:49:35,4.86,--,9,4374,卖盘
1269,10:49:29,4.86,--,152,73872,买盘
1270,10:49:23,4.86,--,3,1458,卖盘
1271,10:49:19,4.86,0.01,13,6318,买盘
1272,10:49:14,4.85,-0.01,1070,518949,卖盘
1273,10:49:08,4.86,--,265,128790,卖盘
1274,10:49:04,4.86,0.01,1425,692652,买盘
1275,10:48:59,4.85,--,110,53349,卖盘
1276,10:48:53,4.85,-0.01,205,99424,卖盘
1277,10:48:49,4.86,--,13,6318,买盘
1278,10:48:44,4.86,--,560,272543,卖盘
1279,10:48:38,4.86,--,1862,905034,卖盘
1280,10:48:34,4.86,--,403,195858,卖盘
1281,10:48:29,4.86,--,42,20412,卖盘
1282,10:48:23,4.86,--,160,77760,卖盘
1283,10:48:19,4.86,-0.01,1165,566190,卖盘
1284,10:48:04,4.87,--,10,4870,买盘
1285,10:47:59,4.87,--,140,68233,卖盘
1286,10:47:53,4.87,--,210,102270,卖盘
1287,10:47:44,4.87,-0.01,125,60875,卖盘
1288,10:47:34,4.88,--,17,8296,买盘
1289,10:47:29,4.88,--,1671,815735,买盘
1290,10:47:19,4.88,0.01,3,1464,买盘
1291,10:47:14,4.87,--,176,85712,卖盘
1292,10:47:08,4.87,-0.01,70,34090,卖盘
1293,10:46:59,4.88,0.01,25,12200,买盘
1294,10:46:53,4.87,--,45,21915,卖盘
1295,10:46:44,4.87,-0.02,50,24350,卖盘
1296,10:46:38,4.89,0.02,201,98289,买盘
1297,10:46:29,4.87,-0.01,1201,584887,卖盘
1298,10:46:23,4.88,0.01,106,51728,买盘
1299,10:46:19,4.87,-0.01,7,3409,卖盘
1300,10:46:14,4.88,--,19,9272,卖盘
1301,10:46:08,4.88,--,8,3904,卖盘
1302,10:45:59,4.88,0.01,25,12200,中性盘
1303,10:45:53,4.87,--,128,62336,卖盘
1304,10:45:47,4.87,-0.01,50,24350,卖盘
1305,10:45:44,4.88,--,268,130784,卖盘
1306,10:45:38,4.88,-0.01,680,331840,卖盘
1307,10:45:32,4.89,0.01,5,2445,买盘
1308,10:45:29,4.88,--,7,3416,卖盘
1309,10:45:23,4.88,-0.01,7,3416,卖盘
1310,10:45:17,4.89,--,17,8313,买盘
1311,10:45:14,4.89,0.01,136,66504,买盘
1312,10:45:08,4.88,-0.02,67,32696,卖盘
1313,10:45:02,4.9,0.01,12,5880,买盘
1314,10:44:59,4.89,--,344,168216,卖盘
1315,10:44:47,4.89,--,89,43521,卖盘
1316,10:44:32,4.89,--,6,2934,卖盘
1317,10:44:23,4.89,-0.01,10,4890,卖盘
1318,10:44:17,4.9,--,3,1470,买盘
1319,10:44:13,4.9,0.02,173,84770,买盘
1320,10:44:08,4.88,-0.01,78,38064,卖盘
1321,10:44:02,4.89,--,113,55257,买盘
1322,10:43:59,4.89,--,13,6357,买盘
1323,10:43:53,4.89,0.01,58,28361,买盘
1324,10:43:47,4.88,--,5,2440,卖盘
1325,10:43:43,4.88,--,6,2928,卖盘
1326,10:43:38,4.88,-0.01,112,54656,卖盘
1327,10:43:32,4.89,0.02,3,1467,买盘
1328,10:43:29,4.87,--,0,0,卖盘
1329,10:43:23,4.87,--,40,19480,卖盘
1330,10:43:17,4.87,-0.01,263,128081,卖盘
1331,10:43:14,4.88,0.01,119,58072,买盘
1332,10:43:08,4.87,--,30,14610,卖盘
1333,10:43:02,4.87,-0.01,31,15097,卖盘
1334,10:42:58,4.88,--,125,61000,买盘
1335,10:42:53,4.88,0.01,50,24400,买盘
1336,10:42:43,4.87,-0.01,107,52109,卖盘
1337,10:42:38,4.88,--,41,20008,买盘
1338,10:42:28,4.88,--,2,976,买盘
1339,10:42:23,4.88,--,34,16592,卖盘
1340,10:42:17,4.88,0.01,145,70906,买盘
1341,10:42:13,4.87,-0.01,940,458120,卖盘
1342,10:42:08,4.88,--,44,21472,卖盘
1343,10:41:58,4.88,--,107,52216,卖盘
1344,10:41:53,4.88,--,37,18056,卖盘
1345,10:41:47,4.88,--,5,2440,卖盘
1346,10:41:43,4.88,0.01,247,120536,买盘
1347,10:41:38,4.87,-0.01,103,50161,卖盘
1348,10:41:32,4.88,--,50,24400,买盘
1349,10:41:28,4.88,--,1119,546072,卖盘
1350,10:41:23,4.88,-0.01,60,29280,卖盘
1351,10:41:17,4.89,0.01,29,14327,买盘
1352,10:41:13,4.88,--,180,87840,卖盘
1353,10:41:08,4.88,-0.01,789,385032,卖盘
1354,10:40:58,4.89,--,1195,584511,卖盘
1355,10:40:53,4.89,--,366,178974,卖盘
1356,10:40:47,4.89,-0.01,46,22494,卖盘
1357,10:40:43,4.9,--,10,4900,买盘
1358,10:40:38,4.9,--,2003,981470,卖盘
1359,10:40:32,4.9,-0.01,383,187670,卖盘
1360,10:40:17,4.91,--,100,49286,卖盘
1361,10:40:13,4.91,--,257,126187,卖盘
1362,10:40:08,4.91,--,223,109493,卖盘
1363,10:40:02,4.91,--,84,41244,卖盘
1364,10:39:58,4.91,--,207,101637,卖盘
1365,10:39:53,4.91,--,263,129133,卖盘
1366,10:39:47,4.91,--,154,75908,卖盘
1367,10:39:38,4.91,--,7,3437,卖盘
1368,10:39:32,4.91,-0.01,377,185156,卖盘
1369,10:39:23,4.92,-0.01,92,45264,中性盘
1370,10:39:17,4.93,0.02,142,70006,买盘
1371,10:39:13,4.91,-0.01,391,191981,卖盘
1372,10:39:08,4.92,--,13,6396,卖盘
1373,10:39:02,4.92,--,34,16728,卖盘
1374,10:38:56,4.92,--,19,9348,卖盘
1375,10:38:53,4.92,--,510,250920,卖盘
1376,10:38:47,4.92,--,47,23124,卖盘
1377,10:38:38,4.92,--,50,24600,卖盘
1378,10:38:32,4.92,--,276,135792,卖盘
1379,10:38:23,4.92,-0.01,10,4920,卖盘
1380,10:38:17,4.93,0.01,20,9860,买盘
1381,10:37:56,4.92,--,6,2952,卖盘
1382,10:37:41,4.92,--,7,3444,卖盘
1383,10:37:22,4.92,-0.01,53,26076,卖盘
1384,10:37:17,4.93,--,30,14790,买盘
1385,10:37:02,4.93,--,30,14790,买盘
1386,10:36:53,4.93,--,429,211497,卖盘
1387,10:36:23,4.93,--,16,7888,卖盘
1388,10:36:02,4.93,--,5,2465,卖盘
1389,10:35:52,4.93,0.01,197,97121,买盘
1390,10:35:32,4.92,--,17,8364,卖盘
1391,10:35:17,4.92,-0.01,7,3444,卖盘
1392,10:35:11,4.93,0.01,10,4930,买盘
1393,10:34:52,4.92,-0.01,18,8856,卖盘
1394,10:34:47,4.93,--,5,2465,买盘
1395,10:34:22,4.93,0.01,6,2958,买盘
1396,10:34:07,4.92,--,60,29520,卖盘
1397,10:33:26,4.92,0.01,10,4920,卖盘
1398,10:33:17,4.91,--,0,0,卖盘
1399,10:33:07,4.91,-0.01,331,162521,卖盘
1400,10:32:56,4.92,0.01,187,92004,买盘
1401,10:32:41,4.91,--,200,98200,卖盘
1402,10:32:11,4.91,--,50,24550,卖盘
1403,10:31:41,4.91,--,140,68740,卖盘
1404,10:31:26,4.91,-0.01,5,2455,卖盘
1405,10:31:17,4.92,--,80,39360,买盘
1406,10:31:11,4.92,--,9,4428,买盘
1407,10:31:07,4.92,--,5,2460,买盘
1408,10:31:02,4.92,0.01,50,24600,买盘
1409,10:30:56,4.91,-0.01,2,982,卖盘
1410,10:30:47,4.92,--,22,10824,买盘
1411,10:30:26,4.92,--,60,29520,买盘
1412,10:30:11,4.92,0.01,123,60516,买盘
1413,10:30:06,4.91,--,0,0,卖盘
1414,10:30:02,4.91,-0.02,2007,985437,卖盘
1415,10:29:50,4.93,0.01,12,5916,买盘
1416,10:29:26,4.92,-0.01,20,9840,卖盘
1417,10:29:11,4.93,0.01,10,4930,买盘
1418,10:29:01,4.92,--,50,24600,卖盘
1419,10:28:50,4.92,--,4,1968,卖盘
1420,10:28:41,4.92,--,316,155472,卖盘
1421,10:28:16,4.92,-0.01,42,20664,卖盘
1422,10:28:11,4.93,0.01,50,24650,买盘
1423,10:28:01,4.92,--,7,3444,卖盘
1424,10:27:46,4.92,--,16,7872,卖盘
1425,10:27:41,4.92,--,40,19680,卖盘
1426,10:27:26,4.92,--,4,1968,卖盘
1427,10:27:20,4.92,--,4,2420,买盘
1428,10:27:16,4.92,--,3,1515,卖盘
1429,10:27:05,4.92,--,32,15744,卖盘
1430,10:27:01,4.92,--,4,1968,卖盘
1431,10:26:46,4.92,--,10,4920,卖盘
1432,10:26:41,4.92,0.01,43,21608,买盘
1433,10:26:35,4.91,--,535,262685,卖盘
1434,10:26:31,4.91,--,5,2455,卖盘
1435,10:26:26,4.91,--,213,104583,卖盘
1436,10:26:20,4.91,--,1599,785109,卖盘
1437,10:26:16,4.91,-0.01,5,2455,卖盘
1438,10:26:11,4.92,--,10,4920,买盘
1439,10:25:56,4.92,--,100,49200,买盘
1440,10:25:50,4.92,--,10,4920,买盘
1441,10:25:16,4.92,--,134,65967,卖盘
1442,10:25:11,4.92,-0.01,15,7380,卖盘
1443,10:25:05,4.93,0.01,3,1479,买盘
1444,10:24:50,4.92,--,6,2952,卖盘
1445,10:24:41,4.92,--,4,1968,卖盘
1446,10:24:20,4.92,--,2,984,卖盘
1447,10:24:05,4.92,--,20,9840,卖盘
1448,10:23:56,4.92,--,5,2460,卖盘
1449,10:23:49,4.92,--,23,11316,卖盘
1450,10:23:35,4.92,--,100,49200,卖盘
1451,10:23:26,4.92,--,12,5904,卖盘
1452,10:23:15,4.92,--,210,103320,卖盘
1453,10:23:10,4.92,--,644,316848,卖盘
1454,10:23:05,4.92,--,11,5412,卖盘
1455,10:23:00,4.92,--,14,6888,卖盘
1456,10:22:50,4.92,--,40,19680,卖盘
1457,10:22:25,4.92,--,10,4920,卖盘
1458,10:22:20,4.92,-0.01,2,984,卖盘
1459,10:22:15,4.93,0.01,50,24650,买盘
1460,10:21:55,4.92,--,17,8364,卖盘
1461,10:21:50,4.92,-0.01,432,212544,卖盘
1462,10:21:44,4.93,0.01,20,9860,买盘
1463,10:21:40,4.92,-0.01,7,3444,卖盘
1464,10:21:29,4.93,0.01,7,3451,买盘
1465,10:21:05,4.92,-0.01,168,82656,卖盘
1466,10:20:44,4.93,0.01,2,986,买盘
1467,10:20:35,4.92,--,7,3444,卖盘
1468,10:20:25,4.92,-0.01,49,24108,卖盘
1469,10:20:14,4.93,0.01,5,2465,买盘
1470,10:19:55,4.92,-0.01,50,24600,卖盘
1471,10:19:40,4.93,--,23,11339,买盘
1472,10:19:35,4.93,0.01,221,108953,买盘
1473,10:19:20,4.92,-0.01,76,37392,卖盘
1474,10:19:10,4.93,--,2,986,买盘
1475,10:19:05,4.93,--,542,267206,卖盘
1476,10:18:50,4.93,--,2,986,卖盘
1477,10:18:35,4.93,--,121,59653,卖盘
1478,10:18:29,4.93,0.01,149,73457,买盘
1479,10:18:20,4.92,-0.01,25,12300,卖盘
1480,10:18:14,4.93,0.01,71,35003,买盘
1481,10:18:10,4.92,--,3,1476,卖盘
1482,10:18:05,4.92,--,16,7872,卖盘
1483,10:17:59,4.92,--,53,26076,卖盘
1484,10:17:44,4.92,-0.01,12,5904,卖盘
1485,10:17:24,4.93,0.01,20,9860,买盘
1486,10:17:09,4.92,--,5,2460,卖盘
1487,10:17:05,4.92,--,13,6396,卖盘
1488,10:16:54,4.92,-0.01,10,4920,卖盘
1489,10:16:44,4.93,0.01,2,986,买盘
1490,10:16:34,4.92,--,7,3444,卖盘
1491,10:16:29,4.92,--,51,25092,卖盘
1492,10:16:19,4.92,--,21,10332,卖盘
1493,10:16:14,4.92,--,37,18204,卖盘
1494,10:15:59,4.92,--,112,55104,卖盘
1495,10:15:49,4.92,-0.03,199,98035,卖盘
1496,10:15:39,4.95,0.01,376,186486,买盘
1497,10:15:34,4.94,-0.01,438,216470,卖盘
1498,10:15:29,4.95,--,1,495,卖盘
1499,10:15:14,4.95,--,73,36135,卖盘
1500,10:15:04,4.95,--,145,71775,卖盘
1501,10:14:54,4.95,--,280,138600,卖盘
1502,10:14:49,4.95,--,5,2475,卖盘
1503,10:14:44,4.95,--,7,3465,卖盘
1504,10:14:34,4.95,--,2,990,卖盘
1505,10:14:29,4.95,0.01,435,215721,买盘
1506,10:14:19,4.94,--,67,33226,买盘
1507,10:14:04,4.94,--,82,40873,卖盘
1508,10:13:49,4.94,--,4,1976,卖盘
1509,10:13:34,4.94,--,50,24700,卖盘
1510,10:13:19,4.94,-0.01,171,84474,卖盘
1511,10:13:14,4.95,0.01,30,14850,买盘
1512,10:13:04,4.94,--,66,32604,卖盘
1513,10:12:59,4.94,-0.01,5,2470,卖盘
1514,10:12:49,4.95,--,607,300564,卖盘
1515,10:12:44,4.95,--,1,495,卖盘
1516,10:12:19,4.95,--,7,3465,卖盘
1517,10:12:14,4.95,--,100,49500,卖盘
1518,10:12:08,4.95,--,9,4455,卖盘
1519,10:12:04,4.95,--,3,1485,卖盘
1520,10:11:53,4.95,--,49,24255,卖盘
1521,10:11:34,4.95,-0.01,22,11286,卖盘
1522,10:11:29,4.96,0.01,20,9920,买盘
1523,10:11:19,4.95,--,18,8910,卖盘
1524,10:11:14,4.95,--,0,0,卖盘
1525,10:11:08,4.95,--,36,17820,卖盘
1526,10:11:04,4.95,--,42,20790,卖盘
1527,10:10:59,4.95,--,7,3465,卖盘
1528,10:10:49,4.95,--,7,3465,卖盘
1529,10:10:44,4.95,--,780,386100,卖盘
1530,10:10:34,4.95,--,7,3465,卖盘
1531,10:10:18,4.95,--,14,6930,卖盘
1532,10:10:08,4.95,--,0,0,卖盘
1533,10:10:04,4.95,--,21,10395,卖盘
1534,10:09:37,4.95,-0.01,75,37125,卖盘
1535,10:09:28,4.96,--,7,3472,卖盘
1536,10:09:23,4.96,-0.01,1,496,卖盘
1537,10:09:18,4.97,--,20,9940,买盘
1538,10:08:59,4.97,0.02,76,37772,买盘
1539,10:08:43,4.95,--,0,0,卖盘
1540,10:08:28,4.95,--,3,1485,卖盘
1541,10:08:18,4.95,--,60,29700,卖盘
1542,10:07:58,4.95,0.01,418,206910,买盘
1543,10:07:43,4.94,-0.01,62,30628,卖盘
1544,10:07:38,4.95,0.01,16,7920,买盘
1545,10:07:07,4.94,--,1,494,卖盘
1546,10:07:02,4.94,--,0,128,卖盘
1547,10:06:58,4.94,--,234,115596,买盘
1548,10:06:43,4.94,--,1,494,买盘
1549,10:06:31,4.94,-0.01,195,96330,卖盘
1550,10:06:28,4.95,0.01,21,10395,买盘
1551,10:05:58,4.94,-0.01,188,92872,卖盘
1552,10:05:53,4.95,--,50,24750,买盘
1553,10:05:47,4.95,--,30,14850,买盘
1554,10:05:43,4.95,--,126,62370,买盘
1555,10:05:38,4.95,0.01,90,44550,买盘
1556,10:05:31,4.94,--,3,1482,卖盘
1557,10:05:28,4.94,-0.01,14,6916,卖盘
1558,10:05:22,4.95,--,10,4950,买盘
1559,10:05:13,4.95,--,102,50490,卖盘
1560,10:05:02,4.95,--,0,0,卖盘
1561,10:04:58,4.95,--,431,213345,卖盘
1562,10:04:53,4.95,-0.02,4,1980,卖盘
1563,10:04:43,4.97,0.02,210,104370,买盘
1564,10:04:38,4.95,-0.02,75,37125,卖盘
1565,10:04:32,4.97,--,6,2982,卖盘
1566,10:04:22,4.97,0.01,14,6958,买盘
1567,10:04:17,4.96,--,0,0,卖盘
1568,10:04:13,4.96,-0.01,48,23808,卖盘
1569,10:04:08,4.97,0.01,127,63119,中性盘
1570,10:04:01,4.96,-0.04,150,74400,卖盘
1571,10:03:57,5.0,0.05,3596,1798125,买盘
1572,10:03:52,4.95,--,973,481635,卖盘
1573,10:03:47,4.95,--,307,151965,卖盘
1574,10:03:43,4.95,0.03,1556,770220,买盘
1575,10:03:38,4.92,--,18,8856,卖盘
1576,10:03:32,4.92,-0.01,500,246000,卖盘
1577,10:03:27,4.93,0.01,63,31059,买盘
1578,10:03:22,4.92,--,309,152028,卖盘
1579,10:03:07,4.92,--,7,3444,卖盘
1580,10:03:02,4.92,0.02,2332,1147668,买盘
1581,10:02:58,4.9,--,100,49000,卖盘
1582,10:02:53,4.9,--,10,4900,卖盘
1583,10:02:42,4.9,--,151,73990,卖盘
1584,10:02:38,4.9,--,103,50470,买盘
1585,10:02:27,4.9,--,10,4900,买盘
1586,10:02:22,4.9,--,105,51450,买盘
1587,10:02:17,4.9,--,14,6860,买盘
1588,10:02:12,4.9,0.01,86,42140,买盘
1589,10:02:02,4.89,-0.01,60,29339,卖盘
1590,10:01:57,4.9,--,19,9310,卖盘
1591,10:01:52,4.9,--,70,34300,买盘
1592,10:01:47,4.9,--,64,31360,卖盘
1593,10:01:37,4.9,--,5,2450,卖盘
1594,10:01:32,4.9,--,20,9800,卖盘
1595,10:01:17,4.9,--,197,96530,买盘
1596,10:01:12,4.9,--,8,3920,买盘
1597,10:01:07,4.9,--,10,4900,买盘
1598,10:01:02,4.9,--,2,980,买盘
1599,10:00:52,4.9,--,360,176400,卖盘
1600,10:00:47,4.9,--,11,5390,卖盘
1601,10:00:42,4.9,-0.01,58,28420,卖盘
1602,10:00:37,4.91,--,55,27005,买盘
1603,10:00:32,4.91,0.01,3,1473,买盘
1604,10:00:22,4.9,--,27,13230,卖盘
1605,10:00:17,4.9,-0.01,58,28420,卖盘
1606,10:00:12,4.91,0.01,1254,615714,买盘
1607,10:00:07,4.9,--,19,9310,卖盘
1608,10:00:02,4.9,--,45,22050,卖盘
1609,09:59:52,4.9,--,78,38220,卖盘
1610,09:59:47,4.9,0.01,34,16660,买盘
1611,09:59:41,4.89,--,85,41565,卖盘
1612,09:59:37,4.89,-0.01,9,4401,卖盘
1613,09:59:31,4.9,--,898,440020,买盘
1614,09:59:26,4.9,0.01,2,980,买盘
1615,09:59:17,4.89,-0.01,247,121110,卖盘
1616,09:59:11,4.9,--,170,83300,买盘
1617,09:59:07,4.9,0.01,57,27930,买盘
1618,09:59:02,4.89,--,3,1467,卖盘
1619,09:58:56,4.89,--,6,2934,卖盘
1620,09:58:52,4.89,--,233,113936,卖盘
1621,09:58:47,4.89,--,1023,500251,买盘
1622,09:58:41,4.89,0.01,18,8802,买盘
1623,09:58:37,4.88,-0.01,224,109312,卖盘
1624,09:58:32,4.89,0.01,520,254279,买盘
1625,09:58:26,4.88,-0.01,68,33184,卖盘
1626,09:58:22,4.89,0.01,70,34230,买盘
1627,09:58:17,4.88,-0.01,137,66856,卖盘
1628,09:58:11,4.89,0.01,60,29339,买盘
1629,09:58:06,4.88,-0.01,182,88816,卖盘
1630,09:58:02,4.89,-0.01,356,174084,卖盘
1631,09:57:56,4.9,--,58,28420,买盘
1632,09:57:52,4.9,--,53,25970,买盘
1633,09:57:47,4.9,--,2872,1407280,卖盘
1634,09:57:37,4.9,-0.01,6750,3307500,卖盘
1635,09:57:32,4.91,-0.01,8,3928,卖盘
1636,09:57:26,4.92,--,282,139093,卖盘
1637,09:57:21,4.92,--,636,312912,卖盘
1638,09:57:17,4.92,--,266,131014,卖盘
1639,09:57:11,4.92,--,136,66912,卖盘
1640,09:57:06,4.92,--,607,298644,卖盘
1641,09:57:02,4.92,-0.01,679,334068,卖盘
1642,09:56:56,4.93,--,24,11832,买盘
1643,09:56:51,4.93,--,3797,1872211,卖盘
1644,09:56:46,4.93,--,317,156281,卖盘
1645,09:56:41,4.93,--,226,111418,卖盘
1646,09:56:36,4.93,--,7,3451,卖盘
1647,09:56:31,4.93,--,20,9860,卖盘
1648,09:56:26,4.93,--,7,3451,卖盘
1649,09:56:21,4.93,-0.01,70,34510,卖盘
1650,09:56:17,4.94,--,200,98800,卖盘
1651,09:56:11,4.94,--,7,3458,卖盘
1652,09:56:06,4.94,--,78,38783,卖盘
1653,09:56:02,4.94,--,161,79781,卖盘
1654,09:55:56,4.94,--,55,27170,卖盘
1655,09:55:51,4.94,--,224,110656,卖盘
1656,09:55:46,4.94,-0.01,22,10868,卖盘
1657,09:55:26,4.95,0.01,6,2970,买盘
1658,09:55:21,4.94,--,5,2470,卖盘
1659,09:55:16,4.94,--,400,197600,卖盘
1660,09:54:41,4.94,--,403,199082,卖盘
1661,09:54:16,4.94,--,4,1976,卖盘
1662,09:54:11,4.94,-0.01,40,19760,卖盘
1663,09:54:01,4.95,--,2,990,买盘
1664,09:53:56,4.95,0.01,81,40095,买盘
1665,09:53:51,4.94,--,114,56316,卖盘
1666,09:53:31,4.94,--,15,7410,卖盘
1667,09:53:16,4.94,--,1,494,卖盘
1668,09:53:11,4.94,-0.01,29,14326,卖盘
1669,09:53:06,4.95,0.01,41,20295,买盘
1670,09:53:01,4.94,--,10,4940,卖盘
1671,09:52:51,4.94,--,4,1976,卖盘
1672,09:52:41,4.94,--,4,1976,卖盘
1673,09:52:36,4.94,--,803,396682,卖盘
1674,09:52:26,4.94,--,74,36556,卖盘
1675,09:52:15,4.94,--,23,11362,卖盘
1676,09:52:05,4.94,--,50,24700,卖盘
1677,09:52:00,4.94,--,15,7410,卖盘
1678,09:51:50,4.94,--,32,15808,卖盘
1679,09:51:45,4.94,--,26,12844,卖盘
1680,09:51:30,4.94,--,10,4940,卖盘
1681,09:51:20,4.94,--,672,331968,卖盘
1682,09:51:11,4.94,--,110,54340,卖盘
1683,09:51:05,4.94,--,50,24700,卖盘
1684,09:50:55,4.94,--,53,26182,卖盘
1685,09:50:50,4.94,--,5,2470,卖盘
1686,09:50:45,4.94,--,10,4940,卖盘
1687,09:50:41,4.94,-0.01,10,4940,卖盘
1688,09:50:35,4.95,0.01,37,18315,买盘
1689,09:50:30,4.94,--,123,60762,卖盘
1690,09:50:26,4.94,-0.01,2,988,卖盘
1691,09:50:20,4.95,--,21,10395,买盘
1692,09:50:15,4.95,-0.01,43,21285,卖盘
1693,09:50:11,4.96,0.01,3,1488,买盘
1694,09:50:00,4.95,--,1,495,卖盘
1695,09:49:55,4.95,--,7,3465,卖盘
1696,09:49:50,4.95,--,10,4950,卖盘
1697,09:49:45,4.95,--,27,13365,卖盘
1698,09:49:40,4.95,--,13,6435,卖盘
1699,09:49:34,4.95,--,1,495,卖盘
1700,09:49:25,4.95,--,21,10395,卖盘
1701,09:49:19,4.95,--,9,4455,卖盘
1702,09:49:15,4.95,--,7,3465,买盘
1703,09:49:05,4.95,--,12,5940,买盘
1704,09:49:00,4.95,--,6,2970,卖盘
1705,09:48:49,4.95,0.01,10,4950,中性盘
1706,09:48:45,4.94,-0.01,580,286520,卖盘
1707,09:48:30,4.95,0.01,24,11959,买盘
1708,09:48:25,4.94,-0.01,7,3458,卖盘
1709,09:48:15,4.95,--,200,99000,买盘
1710,09:48:10,4.95,-0.01,170,84565,卖盘
1711,09:48:04,4.96,0.01,1,496,买盘
1712,09:48:00,4.95,--,127,62865,卖盘
1713,09:47:55,4.95,--,50,24750,卖盘
1714,09:47:50,4.95,--,14,6930,卖盘
1715,09:47:45,4.95,--,9,4455,卖盘
1716,09:47:40,4.95,--,207,102465,卖盘
1717,09:47:25,4.95,--,39,19305,卖盘
1718,09:47:19,4.95,--,11,5445,卖盘
1719,09:47:15,4.95,--,161,79695,卖盘
1720,09:47:10,4.95,--,121,59974,卖盘
1721,09:46:55,4.95,--,18,8910,卖盘
1722,09:46:50,4.95,--,26,12870,买盘
1723,09:46:45,4.95,--,24,11880,卖盘
1724,09:46:40,4.95,-0.01,13,6435,卖盘
1725,09:46:20,4.96,--,42,20832,买盘
1726,09:46:15,4.96,0.02,210,104160,买盘
1727,09:46:10,4.94,-0.01,21,10374,卖盘
1728,09:46:00,4.95,0.01,8,3960,买盘
1729,09:45:55,4.94,-0.01,129,63726,卖盘
1730,09:45:40,4.95,--,4,1980,买盘
1731,09:45:35,4.95,--,10,4950,买盘
1732,09:45:25,4.95,--,1,495,卖盘
1733,09:45:10,4.95,0.01,1840,910800,买盘
1734,09:45:05,4.94,-0.01,80,39520,卖盘
1735,09:44:55,4.95,0.01,6,2970,买盘
1736,09:44:50,4.94,--,568,280592,卖盘
1737,09:44:43,4.94,--,502,247988,卖盘
1738,09:44:19,4.94,-0.01,109,53846,卖盘
1739,09:44:05,4.95,--,30,14850,卖盘
1740,09:43:59,4.95,--,10,4950,卖盘
1741,09:43:54,4.95,-0.01,58,28710,卖盘
1742,09:43:50,4.96,0.01,1,496,买盘
1743,09:43:44,4.95,--,40,19800,卖盘
1744,09:43:39,4.95,--,314,155430,卖盘
1745,09:43:34,4.95,--,15,7425,卖盘
1746,09:43:29,4.95,--,100,49500,卖盘
1747,09:43:24,4.95,--,266,131670,卖盘
1748,09:43:14,4.95,--,17,8415,卖盘
1749,09:43:09,4.95,--,30,14850,卖盘
1750,09:43:04,4.95,--,115,56925,买盘
1751,09:42:59,4.95,--,30,14850,买盘
1752,09:42:49,4.95,--,342,169290,买盘
1753,09:42:34,4.95,--,837,414315,卖盘
1754,09:42:29,4.95,-0.01,30,14850,卖盘
1755,09:42:24,4.96,0.01,106,52576,买盘
1756,09:42:13,4.95,--,15,7425,卖盘
1757,09:42:09,4.95,--,45,22275,卖盘
1758,09:42:04,4.95,--,199,98505,卖盘
1759,09:41:54,4.95,--,772,382140,买盘
1760,09:41:49,4.95,--,56,27720,买盘
1761,09:41:44,4.95,--,100,49500,买盘
1762,09:41:34,4.95,0.01,50,24750,买盘
1763,09:41:24,4.94,-0.02,1208,596752,卖盘
1764,09:41:19,4.96,0.01,61,30256,买盘
1765,09:41:14,4.95,-0.01,26,12870,卖盘
1766,09:41:09,4.96,0.01,13,6448,买盘
1767,09:40:59,4.95,-0.01,122,60390,卖盘
1768,09:40:54,4.96,--,7,3472,买盘
1769,09:40:49,4.96,--,50,24800,买盘
1770,09:40:39,4.96,0.01,54,26784,买盘
1771,09:40:34,4.95,-0.01,72,35640,卖盘
1772,09:40:24,4.96,0.01,20,9920,买盘
1773,09:40:19,4.95,--,66,32670,卖盘
1774,09:40:09,4.95,-0.01,7,3465,卖盘
1775,09:39:59,4.96,--,29,14384,买盘
1776,09:39:49,4.96,--,134,66464,买盘
1777,09:39:39,4.96,--,38,18848,买盘
1778,09:39:29,4.96,0.01,52,25792,买盘
1779,09:39:24,4.95,-0.01,1,495,卖盘
1780,09:39:19,4.96,0.01,33,16368,买盘
1781,09:39:09,4.95,--,203,100485,卖盘
1782,09:39:04,4.95,--,101,49995,卖盘
1783,09:38:49,4.95,-0.01,7,3465,卖盘
1784,09:38:44,4.96,--,63,31248,买盘
1785,09:38:34,4.96,--,5,2480,买盘
1786,09:38:28,4.96,-0.01,138,68448,卖盘
1787,09:38:13,4.97,--,194,96418,买盘
1788,09:38:04,4.97,0.01,5,2485,买盘
1789,09:37:59,4.96,--,30,14880,卖盘
1790,09:37:49,4.96,--,15,7440,卖盘
1791,09:37:28,4.96,0.01,32,15872,中性盘
1792,09:37:23,4.95,--,19,9405,卖盘
1793,09:37:14,4.95,-0.01,17,8415,卖盘
1794,09:37:03,4.96,0.01,601,298096,买盘
1795,09:36:58,4.95,-0.01,65,32175,卖盘
1796,09:36:48,4.96,--,244,121024,买盘
1797,09:36:43,4.96,0.01,171,84816,买盘
1798,09:36:38,4.95,--,50,24750,卖盘
1799,09:36:28,4.95,--,13,6435,卖盘
1800,09:36:23,4.95,--,13,6435,卖盘
1801,09:36:13,4.95,--,2,990,卖盘
1802,09:36:08,4.95,--,132,65340,卖盘
1803,09:36:03,4.95,--,27,13365,卖盘
1804,09:35:58,4.95,--,10,4950,卖盘
1805,09:35:53,4.95,--,187,92565,买盘
1806,09:35:48,4.95,0.01,30,14850,买盘
1807,09:35:43,4.94,-0.01,986,487084,卖盘
1808,09:35:33,4.95,--,101,49995,买盘
1809,09:35:28,4.95,--,15,7425,买盘
1810,09:35:23,4.95,--,9,4455,买盘
1811,09:35:18,4.95,--,21,10395,买盘
1812,09:35:13,4.95,--,222,109890,买盘
1813,09:35:03,4.95,--,11,5445,买盘
1814,09:34:58,4.95,--,111,54945,买盘
1815,09:34:48,4.95,--,30,14850,买盘
1816,09:34:43,4.95,0.01,20,9900,买盘
1817,09:34:38,4.94,--,3,1482,卖盘
1818,09:34:33,4.94,-0.01,49,24206,卖盘
1819,09:34:28,4.95,--,113,55935,买盘
1820,09:34:22,4.95,--,1,495,买盘
1821,09:34:18,4.95,--,50,24750,买盘
1822,09:34:03,4.95,0.01,134,66330,买盘
1823,09:33:58,4.94,--,5,2470,卖盘
1824,09:33:48,4.94,--,30,14820,卖盘
1825,09:33:43,4.94,--,3,1482,卖盘
1826,09:33:38,4.94,--,20,9880,卖盘
1827,09:33:33,4.94,-0.01,14,6916,卖盘
1828,09:33:28,4.95,0.01,30,14850,买盘
1829,09:33:18,4.94,--,1792,885248,卖盘
1830,09:33:12,4.94,--,300,148200,卖盘
1831,09:33:08,4.94,-0.01,18,8892,卖盘
1832,09:33:03,4.95,--,113,55935,买盘
1833,09:32:58,4.95,0.01,20,9900,买盘
1834,09:32:53,4.94,--,4,1976,卖盘
1835,09:32:48,4.94,-0.01,204,100776,卖盘
1836,09:32:38,4.95,0.01,141,69795,买盘
1837,09:32:28,4.94,--,20,9880,卖盘
1838,09:32:23,4.94,--,205,101270,卖盘
1839,09:32:18,4.94,-0.01,30,14820,卖盘
1840,09:32:13,4.95,0.01,10,4950,买盘
1841,09:32:08,4.94,-0.01,61,30134,卖盘
1842,09:31:58,4.95,--,148,73260,买盘
1843,09:31:53,4.95,--,84,41580,卖盘
1844,09:31:42,4.95,--,363,179685,卖盘
1845,09:31:38,4.95,-0.01,83,41085,卖盘
1846,09:31:33,4.96,--,462,229152,买盘
1847,09:31:27,4.96,--,507,251472,买盘
1848,09:31:23,4.96,--,10,4960,买盘
1849,09:31:13,4.96,--,213,105648,卖盘
1850,09:30:57,4.96,0.01,87,43152,买盘
1851,09:30:53,4.95,--,40,19800,卖盘
1852,09:30:48,4.95,-0.01,14,6930,卖盘
1853,09:30:42,4.96,0.01,150,74400,买盘
1854,09:30:37,4.95,-0.01,5,2475,卖盘
1855,09:30:27,4.96,-0.01,13,6448,卖盘
1856,09:30:22,4.97,0.01,2,994,买盘
1857,09:30:12,4.96,--,4,1984,卖盘
1858,09:30:08,4.96,0.02,220,109120,中性盘
1859,09:30:02,4.94,--,0,0,卖盘
1860,09:28:52,4.94,--,0,0,卖盘
1861,09:25:06,4.94,4.94,1175,580568,买盘
