,time,price,change,volume,amount,type
0,15:00:00,9.27,--,0,0,卖盘
1,15:00:00,9.27,--,0,0,卖盘
2,14:59:57,9.27,--,37,34299,买盘
3,14:59:53,9.27,-0.01,503,466281,中性盘
4,14:59:42,9.28,0.01,302,280256,买盘
5,14:59:37,9.27,-0.01,314,291078,卖盘
6,14:59:32,9.28,--,10,9280,买盘
7,14:59:27,9.28,--,41,38048,买盘
8,14:59:23,9.28,-0.01,58,53823,卖盘
9,14:59:17,9.29,--,3,2786,买盘
10,14:59:12,9.29,0.01,38,35915,买盘
11,14:59:08,9.28,--,53,49184,卖盘
12,14:59:02,9.28,-0.01,20,18560,卖盘
13,14:58:57,9.29,--,91,84538,买盘
14,14:58:53,9.29,--,99,91970,买盘
15,14:58:47,9.29,--,55,51094,买盘
16,14:58:42,9.29,0.01,74,68746,买盘
17,14:58:38,9.28,--,36,33408,卖盘
18,14:58:32,9.28,--,3,2784,卖盘
19,14:58:27,9.28,--,5,4640,卖盘
20,14:58:22,9.28,--,97,90016,卖盘
21,14:58:12,9.28,--,60,55679,卖盘
22,14:58:07,9.28,--,19,17632,卖盘
23,14:58:02,9.28,--,3,2784,卖盘
24,14:57:57,9.28,--,53,49499,买盘
25,14:57:52,9.28,0.01,17,15775,买盘
26,14:57:47,9.27,-0.01,40,37080,卖盘
27,14:57:42,9.28,0.01,2,1855,买盘
28,14:57:37,9.27,--,35,32445,卖盘
29,14:57:31,9.27,-0.01,47,43569,卖盘
30,14:57:27,9.28,-0.02,840,780132,卖盘
31,14:57:22,9.3,0.01,61,56730,买盘
32,14:57:12,9.29,-0.01,89,82996,卖盘
33,14:57:07,9.3,--,28,26040,买盘
34,14:56:57,9.3,-0.01,1188,1104933,卖盘
35,14:56:52,9.31,-0.01,107,99617,卖盘
36,14:56:42,9.32,--,12,11184,买盘
37,14:56:37,9.32,--,63,58716,买盘
38,14:56:32,9.32,--,23,21436,买盘
39,14:56:27,9.32,0.01,2,1864,买盘
40,14:56:22,9.31,-0.01,30,27930,卖盘
41,14:56:17,9.32,--,3,2796,买盘
42,14:56:12,9.32,--,45,41940,买盘
43,14:56:07,9.32,-0.01,50,46600,卖盘
44,14:56:02,9.33,--,10,9330,买盘
45,14:55:57,9.33,0.02,35,32655,买盘
46,14:55:52,9.31,-0.01,139,129409,卖盘
47,14:55:47,9.32,-0.01,22,20504,中性盘
48,14:55:42,9.33,0.02,20,18660,买盘
49,14:55:37,9.31,-0.01,16,14896,卖盘
50,14:55:32,9.32,-0.01,47,43804,卖盘
51,14:55:27,9.33,0.02,17,15861,买盘
52,14:55:22,9.31,--,0,0,卖盘
53,14:55:17,9.31,-0.03,6,5586,卖盘
54,14:55:07,9.34,0.02,31,28954,买盘
55,14:55:02,9.32,--,62,57784,卖盘
56,14:54:57,9.32,--,0,0,卖盘
57,14:54:52,9.32,--,6,5592,卖盘
58,14:54:46,9.32,-0.02,3,2796,卖盘
59,14:54:42,9.34,0.02,7,6538,买盘
60,14:54:37,9.32,0.01,4,3728,卖盘
61,14:54:32,9.31,-0.04,10,9310,卖盘
62,14:54:27,9.35,--,51,47685,买盘
63,14:54:22,9.35,0.04,1,935,买盘
64,14:54:12,9.31,-0.03,110,102410,卖盘
65,14:54:02,9.34,--,1,934,卖盘
66,14:53:57,9.34,0.02,148,138232,买盘
67,14:53:52,9.32,--,9,8388,卖盘
68,14:53:46,9.32,--,41,38212,买盘
69,14:53:42,9.32,--,144,134208,卖盘
70,14:53:37,9.32,--,1,932,卖盘
71,14:53:31,9.32,--,59,54988,卖盘
72,14:53:27,9.32,-0.01,222,206904,卖盘
73,14:53:22,9.33,0.01,26,24258,买盘
74,14:53:17,9.32,-0.01,35,32620,卖盘
75,14:53:12,9.33,--,5,4665,买盘
76,14:53:07,9.33,0.01,11,10263,买盘
77,14:53:01,9.32,-0.01,11,10252,卖盘
78,14:52:52,9.33,--,46,42918,买盘
79,14:52:47,9.33,--,10,9330,买盘
80,14:52:41,9.33,0.01,89,83037,买盘
81,14:52:36,9.32,--,17,15844,卖盘
82,14:52:32,9.32,--,148,137936,卖盘
83,14:52:21,9.32,--,2,1864,卖盘
84,14:52:17,9.32,-0.01,10,9320,卖盘
85,14:52:06,9.33,0.01,7,6531,买盘
86,14:52:01,9.32,-0.01,8,7456,卖盘
87,14:51:55,9.33,0.01,30,27990,买盘
88,14:51:51,9.32,0.01,10,9320,买盘
89,14:51:47,9.31,0.01,27,25974,买盘
90,14:51:41,9.3,-0.01,78,72540,卖盘
91,14:51:36,9.31,--,34,31654,买盘
92,14:51:31,9.31,--,234,217947,卖盘
93,14:51:21,9.31,-0.01,80,75317,卖盘
94,14:51:16,9.32,0.01,30,27960,买盘
95,14:51:11,9.31,--,116,107996,买盘
96,14:51:06,9.31,--,37,34447,买盘
97,14:51:01,9.31,--,133,123823,买盘
98,14:50:56,9.31,--,20,18620,买盘
99,14:50:51,9.31,--,77,71687,买盘
100,14:50:46,9.31,--,368,342608,卖盘
101,14:50:41,9.31,--,89,82859,卖盘
102,14:50:36,9.31,--,1,931,卖盘
103,14:50:31,9.31,--,22,20482,卖盘
104,14:50:21,9.31,-0.01,48,44688,卖盘
105,14:50:16,9.32,--,16,14912,中性盘
106,14:50:11,9.32,-0.01,10,9320,买盘
107,14:50:06,9.33,0.02,12,11196,买盘
108,14:50:01,9.31,-0.01,153,142443,卖盘
109,14:49:56,9.32,-0.01,107,99724,卖盘
110,14:49:51,9.33,--,146,136218,买盘
111,14:49:46,9.33,--,62,57846,买盘
112,14:49:40,9.33,-0.01,1,1026,卖盘
113,14:49:36,9.34,0.01,301,281134,买盘
114,14:49:31,9.33,-0.01,130,121290,卖盘
115,14:49:25,9.34,0.01,2,1868,买盘
116,14:49:21,9.33,--,21,19593,卖盘
117,14:49:16,9.33,-0.02,10,9330,卖盘
118,14:49:11,9.35,--,0,0,买盘
119,14:49:06,9.35,0.01,17,15895,买盘
120,14:49:01,9.34,--,17,15878,买盘
121,14:48:56,9.34,-0.01,43,40162,买盘
122,14:48:51,9.35,0.01,168,157080,买盘
123,14:48:46,9.34,-0.01,285,266190,卖盘
124,14:48:41,9.35,0.01,180,168300,买盘
125,14:48:36,9.34,-0.01,20,18680,卖盘
126,14:48:25,9.35,-0.01,16,15848,卖盘
127,14:48:21,9.36,--,16,14976,买盘
128,14:48:16,9.36,0.01,10,9360,买盘
129,14:48:11,9.35,-0.01,200,187000,卖盘
130,14:48:06,9.36,--,29,27527,卖盘
131,14:48:01,9.36,0.01,30,28632,买盘
132,14:47:56,9.35,-0.01,49,45815,卖盘
133,14:47:51,9.36,--,5,4680,买盘
134,14:47:46,9.36,--,20,18720,买盘
135,14:47:40,9.36,0.01,20,18720,买盘
136,14:47:36,9.35,-0.01,28,26180,卖盘
137,14:47:31,9.36,--,11,10296,买盘
138,14:47:26,9.36,--,22,20592,买盘
139,14:47:16,9.36,--,14,13487,卖盘
140,14:47:06,9.36,-0.02,72,67953,卖盘
141,14:47:01,9.38,0.02,14,13132,买盘
142,14:46:46,9.36,--,44,41184,卖盘
143,14:46:40,9.36,--,0,0,卖盘
144,14:46:36,9.36,-0.01,30,28080,卖盘
145,14:46:31,9.37,--,132,124611,买盘
146,14:46:21,9.37,0.01,20,18740,买盘
147,14:46:16,9.36,-0.01,109,102024,卖盘
148,14:46:11,9.37,--,122,114323,卖盘
149,14:46:06,9.37,--,86,81509,买盘
150,14:45:56,9.37,--,9,8433,卖盘
151,14:45:50,9.37,--,48,44975,卖盘
152,14:45:40,9.37,--,50,46849,卖盘
153,14:45:36,9.37,0.01,17,15928,买盘
154,14:45:30,9.36,0.01,5,4680,卖盘
155,14:45:25,9.35,--,0,0,卖盘
156,14:45:11,9.35,-0.04,309,288961,卖盘
157,14:45:05,9.39,0.01,207,194373,买盘
158,14:45:00,9.38,0.01,79,74102,买盘
159,14:44:55,9.37,-0.01,18,16866,卖盘
160,14:44:50,9.38,--,32,30016,卖盘
161,14:44:39,9.38,0.02,81,75978,买盘
162,14:44:35,9.36,--,45,42120,卖盘
163,14:44:20,9.36,-0.01,10,9360,卖盘
164,14:44:15,9.37,-0.01,5,4685,卖盘
165,14:44:09,9.38,--,0,0,卖盘
166,14:44:04,9.38,--,2,1876,卖盘
167,14:44:00,9.38,0.01,54,50970,买盘
168,14:43:55,9.37,--,13,12180,买盘
169,14:43:45,9.37,--,25,24043,卖盘
170,14:43:39,9.37,-0.02,56,52481,卖盘
171,14:43:30,9.39,--,0,0,买盘
172,14:43:24,9.39,0.02,1,939,买盘
173,14:43:20,9.37,--,6,5621,卖盘
174,14:43:15,9.37,--,5,5472,卖盘
175,14:43:09,9.37,0.01,5,5144,买盘
176,14:43:05,9.36,-0.01,2,1872,卖盘
177,14:43:00,9.37,0.01,27,25298,买盘
178,14:42:54,9.36,-0.01,135,126359,卖盘
179,14:42:45,9.37,--,6,5621,买盘
180,14:42:39,9.37,--,10,9370,买盘
181,14:42:30,9.37,--,77,72149,买盘
182,14:42:05,9.37,--,114,107295,卖盘
183,14:41:39,9.37,-0.02,43,40291,卖盘
184,14:41:10,9.39,0.02,5,4695,买盘
185,14:41:05,9.37,-0.02,21,19677,卖盘
186,14:40:54,9.39,--,12,11268,卖盘
187,14:40:34,9.39,--,2,1878,买盘
188,14:40:15,9.39,--,45,42255,卖盘
189,14:40:09,9.39,-0.01,40,37560,卖盘
190,14:40:05,9.4,0.01,11,10340,买盘
191,14:40:00,9.39,0.02,61,57279,卖盘
192,14:39:45,9.37,-0.02,134,125557,卖盘
193,14:39:34,9.39,0.01,251,236149,买盘
194,14:39:29,9.38,--,53,49714,卖盘
195,14:39:24,9.38,--,1,938,卖盘
196,14:39:14,9.38,--,0,0,中性盘
197,14:39:09,9.38,--,0,0,卖盘
198,14:38:59,9.38,--,30,28140,卖盘
199,14:38:54,9.38,--,18,16884,卖盘
200,14:38:39,9.38,--,10,9380,卖盘
201,14:38:30,9.38,--,21,19698,卖盘
202,14:38:14,9.38,-0.01,9,8442,卖盘
203,14:38:09,9.39,0.01,53,49767,买盘
204,14:38:03,9.38,-0.01,18,16884,卖盘
205,14:37:48,9.39,0.01,50,46950,买盘
206,14:37:44,9.38,-0.01,2,1876,卖盘
207,14:37:29,9.39,-0.01,13,12685,卖盘
208,14:37:18,9.4,--,45,42300,买盘
209,14:36:54,9.4,--,5,4700,卖盘
210,14:36:39,9.4,0.01,5,4700,中性盘
211,14:36:33,9.39,-0.01,400,375600,卖盘
212,14:36:24,9.4,-0.01,14,13160,卖盘
213,14:36:09,9.41,0.01,20,18820,买盘
214,14:35:54,9.4,--,10,9400,卖盘
215,14:35:48,9.4,--,0,0,卖盘
216,14:35:44,9.4,-0.01,3,3280,卖盘
217,14:35:39,9.41,--,3,2823,买盘
218,14:35:33,9.41,--,3,2823,买盘
219,14:35:28,9.41,-0.01,14,13174,卖盘
220,14:35:24,9.42,0.01,3,2826,买盘
221,14:35:09,9.41,-0.01,170,159970,卖盘
222,14:34:48,9.42,--,30,28260,买盘
223,14:34:33,9.42,--,5,4710,买盘
224,14:34:18,9.42,--,20,18840,买盘
225,14:34:13,9.42,--,10,9420,买盘
226,14:33:09,9.42,--,20,18840,买盘
227,14:32:48,9.42,--,8,7536,买盘
228,14:32:33,9.42,--,2,1884,买盘
229,14:32:28,9.42,--,91,85722,卖盘
230,14:31:33,9.42,-0.01,3,2826,卖盘
231,14:30:48,9.43,0.01,50,47150,买盘
232,14:30:42,9.42,--,42,39564,卖盘
233,14:30:33,9.42,-0.01,60,56520,卖盘
234,14:30:18,9.43,--,14,13202,买盘
235,14:29:52,9.43,--,11,10373,买盘
236,14:29:48,9.43,0.01,4,3772,卖盘
237,14:29:42,9.42,--,0,0,卖盘
238,14:29:38,9.42,-0.02,42,39564,卖盘
239,14:29:33,9.44,--,5,4720,买盘
240,14:29:27,9.44,0.01,10,9440,买盘
241,14:29:18,9.43,--,3,2829,卖盘
242,14:29:12,9.43,--,47,44321,买盘
243,14:29:07,9.43,0.01,176,165968,买盘
244,14:28:57,9.42,--,6,5652,买盘
245,14:28:52,9.42,--,4,3768,卖盘
246,14:28:48,9.42,0.01,4,3768,买盘
247,14:28:42,9.41,-0.01,1,941,卖盘
248,14:28:22,9.42,0.01,1,942,买盘
249,14:28:12,9.41,--,123,115743,买盘
250,14:28:07,9.41,--,8,7528,买盘
251,14:27:57,9.41,--,4,3764,买盘
252,14:27:52,9.41,--,10,9410,买盘
253,14:27:48,9.41,--,35,32935,买盘
254,14:27:42,9.41,0.01,10,9410,买盘
255,14:27:27,9.4,-0.01,10,9400,卖盘
256,14:27:23,9.41,--,3,2823,买盘
257,14:26:48,9.41,0.01,3,2823,买盘
258,14:26:12,9.4,--,6,5640,买盘
259,14:26:02,9.4,--,5,4700,买盘
260,14:25:57,9.4,--,5,4700,买盘
261,14:25:51,9.4,--,1,940,买盘
262,14:25:42,9.4,--,5,4700,买盘
263,14:25:12,9.4,--,5,4700,买盘
264,14:25:06,9.4,--,25,23500,卖盘
265,14:25:02,9.4,--,50,47000,卖盘
266,14:24:32,9.4,--,2,1880,卖盘
267,14:24:17,9.4,--,47,44180,买盘
268,14:23:36,9.4,--,3,2820,卖盘
269,14:23:31,9.4,-0.01,50,47000,卖盘
270,14:23:27,9.41,0.01,5,4705,买盘
271,14:23:06,9.4,-0.01,12,11280,卖盘
272,14:23:01,9.41,--,5,4705,买盘
273,14:22:46,9.41,--,23,21643,买盘
274,14:22:21,9.41,-0.02,12,11292,卖盘
275,14:22:12,9.43,--,4,3772,买盘
276,14:22:06,9.43,0.04,10,9430,买盘
277,14:21:51,9.39,--,0,0,卖盘
278,14:21:36,9.39,--,0,0,卖盘
279,14:21:27,9.39,-0.01,100,93900,卖盘
280,14:21:21,9.4,--,2,2387,买盘
281,14:21:12,9.4,--,4,3760,买盘
282,14:21:06,9.4,--,2,1880,买盘
283,14:20:57,9.4,--,41,38972,卖盘
284,14:20:36,9.4,--,0,0,卖盘
285,14:20:31,9.4,-0.03,552,518880,卖盘
286,14:19:57,9.43,--,22,20746,卖盘
287,14:19:51,9.43,-0.01,10,9430,卖盘
288,14:19:42,9.44,0.01,10,9440,买盘
289,14:19:26,9.43,-0.01,1,943,卖盘
290,14:18:56,9.44,--,1,944,买盘
291,14:18:26,9.44,0.01,6,5664,买盘
292,14:18:21,9.43,--,50,47150,卖盘
293,14:17:56,9.43,--,12,11316,卖盘
294,14:17:45,9.43,--,10,9430,卖盘
295,14:17:41,9.43,--,20,18860,卖盘
296,14:17:15,9.43,--,38,35834,卖盘
297,14:17:11,9.43,--,50,47150,买盘
298,14:16:51,9.43,-0.01,27,25461,卖盘
299,14:16:30,9.44,--,3,2832,买盘
300,14:16:11,9.44,--,10,9440,买盘
301,14:16:00,9.44,--,0,0,买盘
302,14:15:45,9.44,0.01,55,51920,买盘
303,14:15:35,9.43,-0.01,10,9430,卖盘
304,14:15:30,9.44,--,2,1888,买盘
305,14:15:26,9.44,--,5,4720,买盘
306,14:15:20,9.44,0.01,30,28320,买盘
307,14:15:15,9.43,-0.01,8,7544,卖盘
308,14:15:00,9.44,--,8,7552,买盘
309,14:14:35,9.44,0.01,1,944,买盘
310,14:14:20,9.43,-0.01,175,165025,卖盘
311,14:14:10,9.44,0.01,12,11328,买盘
312,14:14:06,9.43,-0.01,10,9430,卖盘
313,14:14:00,9.44,--,2,1888,买盘
314,14:13:55,9.44,--,10,9440,买盘
315,14:13:15,9.44,--,27,25488,买盘
316,14:13:05,9.44,--,50,47200,买盘
317,14:12:50,9.44,--,28,26432,卖盘
318,14:12:39,9.44,--,20,18880,卖盘
319,14:12:24,9.44,0.01,20,18880,买盘
320,14:12:20,9.43,--,10,9430,卖盘
321,14:12:00,9.43,--,20,18860,卖盘
322,14:11:54,9.43,0.01,46,43378,买盘
323,14:11:45,9.42,-0.01,7,6876,卖盘
324,14:11:35,9.43,0.01,5,4715,买盘
325,14:11:30,9.42,-0.01,0,226,卖盘
326,14:11:15,9.43,--,3,2829,买盘
327,14:11:00,9.43,--,0,0,买盘
328,14:10:50,9.43,0.01,24,22632,买盘
329,14:10:35,9.42,--,27,25434,买盘
330,14:10:20,9.42,--,24,22608,买盘
331,14:10:05,9.42,--,63,59346,卖盘
332,14:09:08,9.42,--,16,15072,买盘
333,14:09:05,9.42,--,17,16014,买盘
334,14:08:50,9.42,0.02,2,1884,买盘
335,14:08:14,9.4,--,0,0,卖盘
336,14:08:09,9.4,-0.02,27,25380,卖盘
337,14:07:44,9.42,0.02,6,5652,买盘
338,14:07:34,9.4,--,0,0,卖盘
339,14:07:23,9.4,--,4,3760,卖盘
340,14:06:54,9.4,--,5,4700,卖盘
341,14:06:49,9.4,0.01,52,48880,买盘
342,14:06:44,9.39,-0.01,5,4695,卖盘
343,14:06:39,9.4,--,4,3760,买盘
344,14:06:35,9.4,-0.01,3,2820,买盘
345,14:06:14,9.41,--,0,0,买盘
346,14:06:09,9.41,--,0,0,买盘
347,14:05:59,9.41,--,5,4705,买盘
348,14:05:44,9.41,--,1,941,买盘
349,14:05:39,9.41,0.08,4,3764,买盘
350,14:05:32,9.33,-0.06,300,279900,卖盘
351,14:05:29,9.39,0.05,5,4695,卖盘
352,14:05:18,9.34,--,0,0,卖盘
353,14:05:14,9.34,-0.1,500,467000,卖盘
354,14:05:08,9.44,0.08,1,944,买盘
355,14:05:03,9.36,-0.05,500,468000,卖盘
356,14:04:59,9.41,--,10,9410,卖盘
357,14:04:54,9.41,0.02,1,941,卖盘
358,14:04:44,9.39,0.02,5,4695,中性盘
359,14:04:39,9.37,-0.06,1000,936999,卖盘
360,14:04:33,9.43,0.04,5,4715,买盘
361,14:04:29,9.39,--,0,0,卖盘
362,14:04:23,9.39,-0.03,320,300480,卖盘
363,14:04:14,9.42,--,0,0,卖盘
364,14:04:03,9.42,-0.01,10,9420,卖盘
365,14:03:59,9.43,--,17,16031,买盘
366,14:03:44,9.43,--,6,5658,买盘
367,14:03:38,9.43,--,0,0,买盘
368,14:03:14,9.43,--,10,9430,买盘
369,14:02:59,9.43,0.01,9,8487,买盘
370,14:02:44,9.42,-0.01,18,16956,卖盘
371,14:02:29,9.43,--,9,8487,买盘
372,14:02:13,9.43,--,0,0,买盘
373,14:01:59,9.43,0.03,5,4715,买盘
374,14:01:47,9.4,--,0,0,卖盘
375,14:01:39,9.4,--,0,0,卖盘
376,14:01:32,9.4,-0.03,75,70500,卖盘
377,14:01:13,9.43,-0.02,2,1886,卖盘
378,14:00:53,9.45,--,50,47250,买盘
379,14:00:43,9.45,0.07,2,1889,买盘
380,14:00:38,9.38,--,0,0,卖盘
381,14:00:32,9.38,-0.07,1000,938000,卖盘
382,14:00:23,9.45,--,10,9450,买盘
383,14:00:08,9.45,--,0,0,买盘
384,13:59:56,9.45,0.03,229,216404,买盘
385,13:59:53,9.42,-0.01,10,9420,卖盘
386,13:59:48,9.43,0.01,59,55637,买盘
387,13:59:08,9.42,--,46,43332,买盘
388,13:58:47,9.42,0.01,2,1884,买盘
389,13:58:33,9.41,-0.01,37,34817,买盘
390,13:58:12,9.42,0.01,22,20724,买盘
391,13:58:08,9.41,0.01,5,4705,卖盘
392,13:57:48,9.4,-0.02,9,8460,卖盘
393,13:57:33,9.42,--,14,13188,买盘
394,13:57:27,9.42,--,0,0,买盘
395,13:57:18,9.42,0.02,1,942,买盘
396,13:57:08,9.4,--,20,18800,卖盘
397,13:57:03,9.4,--,113,106220,卖盘
398,13:56:57,9.4,--,5,4700,卖盘
399,13:56:53,9.4,--,14,13160,卖盘
400,13:56:42,9.4,--,3,2820,卖盘
401,13:56:38,9.4,--,6,5640,卖盘
402,13:56:26,9.4,--,0,0,卖盘
403,13:56:23,9.4,-0.01,125,117500,卖盘
404,13:56:17,9.41,0.01,2,2728,买盘
405,13:56:12,9.4,-0.01,70,65800,卖盘
406,13:56:03,9.41,--,2,1976,卖盘
407,13:55:53,9.41,-0.01,4,4610,卖盘
408,13:55:27,9.42,--,4,3768,卖盘
409,13:55:23,9.42,--,5,4710,卖盘
410,13:54:56,9.42,--,5,4710,卖盘
411,13:54:42,9.42,-0.01,6,5652,卖盘
412,13:54:26,9.43,0.01,5,4715,买盘
413,13:54:17,9.42,--,67,63114,卖盘
414,13:54:08,9.42,--,10,9420,卖盘
415,13:54:02,9.42,--,31,29202,卖盘
416,13:53:57,9.42,--,20,18840,卖盘
417,13:53:41,9.42,-0.01,3,2826,卖盘
418,13:53:26,9.43,0.01,3,2829,买盘
419,13:53:02,9.42,--,5,4710,卖盘
420,13:52:47,9.42,-0.01,8,7536,卖盘
421,13:52:32,9.43,--,0,0,中性盘
422,13:52:12,9.43,--,0,0,中性盘
423,13:51:41,9.43,-0.03,50,47150,卖盘
424,13:51:36,9.46,--,49,46354,卖盘
425,13:51:32,9.46,--,3,2838,卖盘
426,13:51:27,9.46,0.03,548,518408,买盘
427,13:51:17,9.43,-0.01,1,943,卖盘
428,13:51:11,9.44,0.01,70,66080,买盘
429,13:51:02,9.43,--,109,102787,卖盘
430,13:50:56,9.43,--,20,18860,卖盘
431,13:50:47,9.43,--,5,4715,卖盘
432,13:50:35,9.43,--,12,11316,买盘
433,13:50:20,9.43,--,1,943,卖盘
434,13:50:17,9.43,--,4,3772,卖盘
435,13:50:11,9.43,--,17,16031,卖盘
436,13:49:57,9.43,--,10,9430,卖盘
437,13:49:51,9.43,0.01,56,52808,买盘
438,13:49:32,9.42,--,0,0,卖盘
439,13:49:20,9.42,--,32,30162,买盘
440,13:49:02,9.42,--,25,23550,买盘
441,13:48:47,9.42,--,91,85722,买盘
442,13:48:26,9.42,--,61,57462,卖盘
443,13:48:17,9.42,--,36,33912,卖盘
444,13:48:06,9.42,-0.02,89,83838,卖盘
445,13:48:01,9.44,--,20,18880,买盘
446,13:47:56,9.44,--,0,0,买盘
447,13:47:46,9.44,--,10,9440,买盘
448,13:47:41,9.44,--,0,0,买盘
449,13:47:31,9.44,0.02,16,15104,买盘
450,13:47:26,9.42,--,25,23550,买盘
451,13:47:20,9.42,--,58,54636,买盘
452,13:47:17,9.42,--,4,3768,买盘
453,13:47:05,9.42,--,4,3768,卖盘
454,13:46:50,9.42,0.02,16,15072,买盘
455,13:46:26,9.4,--,134,126345,买盘
456,13:46:11,9.4,--,42,39480,买盘
457,13:45:59,9.4,--,10,9400,买盘
458,13:45:56,9.4,--,43,40420,买盘
459,13:45:51,9.4,--,295,277854,卖盘
460,13:45:41,9.4,--,0,0,卖盘
461,13:45:29,9.4,-0.01,50,47000,卖盘
462,13:45:26,9.41,-0.01,31,29171,卖盘
463,13:45:11,9.42,0.02,3,3212,买盘
464,13:45:05,9.4,--,0,0,卖盘
465,13:44:59,9.4,-0.01,100,94000,卖盘
466,13:44:56,9.41,--,2,1882,买盘
467,13:44:44,9.41,--,2,1882,买盘
468,13:44:41,9.41,0.01,8,7528,买盘
469,13:44:29,9.4,-0.01,100,94000,卖盘
470,13:44:20,9.41,--,33,31053,卖盘
471,13:44:14,9.41,--,33,31053,卖盘
472,13:43:56,9.41,--,44,41404,卖盘
473,13:43:41,9.41,-0.01,39,36699,卖盘
474,13:43:35,9.42,0.01,6,5652,买盘
475,13:43:29,9.41,--,0,0,卖盘
476,13:43:26,9.41,-0.03,100,94100,卖盘
477,13:43:20,9.44,--,74,69856,卖盘
478,13:43:11,9.44,-0.01,30,28320,卖盘
479,13:42:56,9.45,--,5,4725,买盘
480,13:42:41,9.45,--,72,68692,卖盘
481,13:42:35,9.45,--,3,3222,卖盘
482,13:41:59,9.45,--,10,9450,卖盘
483,13:41:44,9.45,--,3,3685,买盘
484,13:41:25,9.45,--,16,15214,卖盘
485,13:41:14,9.45,-0.01,75,70875,卖盘
486,13:40:59,9.46,--,30,28380,买盘
487,13:40:44,9.46,0.01,10,9460,买盘
488,13:40:25,9.45,--,5,4725,卖盘
489,13:40:14,9.45,--,10,9450,卖盘
490,13:39:59,9.45,--,1,944,卖盘
491,13:39:20,9.45,--,20,18900,卖盘
492,13:39:05,9.45,--,5,4725,卖盘
493,13:38:44,9.45,--,130,122849,卖盘
494,13:37:53,9.45,--,59,56605,买盘
495,13:37:29,9.45,--,5,4725,买盘
496,13:36:44,9.45,--,14,13229,买盘
497,13:36:35,9.45,--,34,32224,卖盘
498,13:36:20,9.45,--,40,37800,卖盘
499,13:36:14,9.45,-0.01,20,18900,卖盘
500,13:35:59,9.46,--,5,4730,买盘
501,13:35:44,9.46,0.01,22,20812,买盘
502,13:35:38,9.45,-0.01,10,9450,卖盘
503,13:35:23,9.46,0.01,1,946,买盘
504,13:35:14,9.45,0.03,383,362785,买盘
505,13:35:05,9.42,0.01,100,94200,买盘
506,13:34:44,9.41,-0.01,39,36699,卖盘
507,13:34:35,9.42,--,30,28260,买盘
508,13:34:29,9.42,--,1,942,买盘
509,13:34:23,9.42,--,1,942,买盘
510,13:34:14,9.42,--,90,84780,买盘
511,13:33:49,9.42,0.01,3,2826,买盘
512,13:33:04,9.41,--,48,45168,买盘
513,13:32:59,9.41,--,7,6587,买盘
514,13:32:38,9.41,-0.01,100,94100,卖盘
515,13:32:34,9.42,--,20,18840,买盘
516,13:32:08,9.42,--,3,2826,买盘
517,13:31:53,9.42,--,5,4710,买盘
518,13:31:47,9.42,0.04,5,4710,买盘
519,13:31:29,9.38,--,0,0,卖盘
520,13:31:23,9.38,--,0,0,卖盘
521,13:31:17,9.38,-0.04,500,469000,卖盘
522,13:31:13,9.42,--,0,0,中性盘
523,13:31:08,9.42,--,2,1884,买盘
524,13:30:59,9.42,--,62,58404,买盘
525,13:30:44,9.42,0.01,2,1884,买盘
526,13:30:38,9.41,0.02,20,18820,买盘
527,13:30:32,9.39,0.01,6,5634,卖盘
528,13:30:17,9.38,--,0,0,卖盘
529,13:30:14,9.38,--,0,0,卖盘
530,13:30:08,9.38,--,0,0,卖盘
531,13:29:53,9.38,--,92,86296,买盘
532,13:29:47,9.38,--,31,29078,买盘
533,13:29:44,9.38,--,90,84420,买盘
534,13:29:38,9.38,--,3,2814,买盘
535,13:29:32,9.38,--,25,23450,买盘
536,13:29:29,9.38,-0.04,761,713818,卖盘
537,13:29:23,9.42,--,505,475710,买盘
538,13:29:17,9.42,--,32,30144,买盘
539,13:29:08,9.42,--,1,942,买盘
540,13:29:02,9.42,--,1,942,买盘
541,13:28:47,9.42,--,105,98910,卖盘
542,13:28:44,9.42,--,3,2826,卖盘
543,13:28:29,9.42,--,3,2826,卖盘
544,13:28:08,9.42,--,10,9420,卖盘
545,13:28:02,9.42,--,11,10362,卖盘
546,13:27:53,9.42,-0.01,1,942,卖盘
547,13:27:38,9.43,--,0,0,买盘
548,13:27:28,9.43,0.01,24,22632,买盘
549,13:27:23,9.42,-0.01,41,38622,卖盘
550,13:27:13,9.43,--,120,113160,买盘
551,13:27:01,9.43,0.01,11,10373,买盘
552,13:26:53,9.42,-0.01,5,4710,卖盘
553,13:26:43,9.43,--,5,4715,买盘
554,13:26:28,9.43,--,112,105616,卖盘
555,13:26:23,9.43,--,39,36777,卖盘
556,13:26:13,9.43,-0.01,56,52808,卖盘
557,13:25:47,9.44,0.01,14,13216,买盘
558,13:25:28,9.43,-0.01,3,2829,卖盘
559,13:24:53,9.44,--,219,207359,卖盘
560,13:24:43,9.44,-0.01,3,3152,卖盘
561,13:24:32,9.45,--,20,18900,买盘
562,13:23:47,9.45,--,1,944,买盘
563,13:23:17,9.45,--,8,7559,买盘
564,13:22:56,9.45,--,41,38745,买盘
565,13:22:53,9.45,--,10,9450,买盘
566,13:22:41,9.45,0.01,7,6614,买盘
567,13:22:38,9.44,--,120,113280,卖盘
568,13:22:32,9.44,--,30,28320,卖盘
569,13:21:56,9.44,-0.01,1,944,卖盘
570,13:21:37,9.45,--,42,39690,买盘
571,13:21:31,9.45,--,2,1889,买盘
572,13:21:22,9.45,--,2,1889,买盘
573,13:21:07,9.45,--,35,33490,卖盘
574,13:20:52,9.45,--,3,2835,卖盘
575,13:20:26,9.45,--,3,3364,买盘
576,13:20:22,9.45,--,5,4725,买盘
577,13:19:52,9.45,--,6,5670,买盘
578,13:19:32,9.45,--,1,944,买盘
579,13:19:22,9.45,-0.01,14,13645,卖盘
580,13:19:11,9.46,--,3,2838,买盘
581,13:19:07,9.46,--,23,22287,买盘
582,13:18:56,9.46,--,12,12279,卖盘
583,13:18:52,9.46,--,0,9,卖盘
584,13:18:32,9.46,-0.01,155,146630,卖盘
585,13:18:26,9.47,--,100,94700,买盘
586,13:18:22,9.47,--,10,9470,买盘
587,13:18:11,9.47,--,38,35986,卖盘
588,13:18:07,9.47,--,1,947,卖盘
589,13:18:02,9.47,--,13,12311,买盘
590,13:17:51,9.47,0.01,5,4735,买盘
591,13:17:41,9.46,-0.01,10,9460,卖盘
592,13:17:37,9.47,--,2,1894,买盘
593,13:17:32,9.47,--,10,9470,买盘
594,13:17:22,9.47,--,13,12311,卖盘
595,13:17:17,9.47,-0.01,12,11364,卖盘
596,13:17:02,9.48,--,6,5688,买盘
597,13:16:47,9.48,0.01,1,948,买盘
598,13:16:41,9.47,--,18,17046,卖盘
599,13:16:31,9.47,--,25,23675,卖盘
600,13:16:26,9.47,--,115,108905,买盘
601,13:16:17,9.47,--,18,17046,买盘
602,13:16:11,9.47,--,6,5682,买盘
603,13:16:02,9.47,--,3,2841,买盘
604,13:15:56,9.47,--,28,26516,买盘
605,13:15:50,9.47,--,10,9470,买盘
606,13:15:41,9.47,--,24,22728,买盘
607,13:15:26,9.47,0.01,50,47350,买盘
608,13:15:11,9.46,-0.01,5,4730,卖盘
609,13:14:50,9.47,0.01,31,29357,卖盘
610,13:14:31,9.46,-0.02,162,153252,卖盘
611,13:14:11,9.48,--,35,33180,买盘
612,13:13:56,9.48,0.02,4,3792,买盘
613,13:13:26,9.46,--,5,4730,卖盘
614,13:13:20,9.46,0.03,835,789919,买盘
615,13:13:16,9.43,--,16,15088,买盘
616,13:13:11,9.43,--,25,23575,买盘
617,13:13:05,9.43,--,10,9430,买盘
618,13:13:01,9.43,--,13,12259,买盘
619,13:12:56,9.43,--,3,2829,买盘
620,13:12:46,9.43,--,134,126362,买盘
621,13:12:26,9.43,--,3,2829,买盘
622,13:12:11,9.43,0.01,5,4715,买盘
623,13:11:50,9.42,-0.01,45,42390,卖盘
624,13:11:41,9.43,--,1,943,买盘
625,13:11:35,9.43,--,2,1886,买盘
626,13:11:31,9.43,--,10,9430,买盘
627,13:11:16,9.43,--,3,2829,买盘
628,13:11:10,9.43,--,5,4715,买盘
629,13:11:01,9.43,--,30,28290,买盘
630,13:10:56,9.43,--,16,15088,买盘
631,13:10:50,9.43,-0.01,28,26404,卖盘
632,13:10:46,9.44,0.01,20,18880,买盘
633,13:10:41,9.43,--,17,16031,卖盘
634,13:09:44,9.43,-0.01,24,22632,卖盘
635,13:09:29,9.44,--,1,944,买盘
636,13:09:04,9.44,--,10,9440,买盘
637,13:08:50,9.44,-0.01,39,36816,卖盘
638,13:08:29,9.45,0.01,1,944,买盘
639,13:08:10,9.44,-0.01,1,944,买盘
640,13:08:05,9.45,0.01,40,37800,买盘
641,13:07:55,9.44,--,0,0,中性盘
642,13:07:50,9.44,--,0,0,买盘
643,13:07:43,9.44,--,0,0,中性盘
644,13:07:40,9.44,--,30,28320,卖盘
645,13:07:20,9.44,--,25,23600,买盘
646,13:07:14,9.44,--,20,18880,中性盘
647,13:07:10,9.44,0.01,5,4720,买盘
648,13:07:05,9.43,-0.01,12,11316,卖盘
649,13:06:49,9.44,--,3,2832,买盘
650,13:06:34,9.44,0.01,6,5664,买盘
651,13:06:14,9.43,-0.01,15,14145,中性盘
652,13:06:10,9.44,0.01,10,9440,买盘
653,13:06:05,9.43,--,1,943,买盘
654,13:05:55,9.43,-0.01,100,94300,卖盘
655,13:05:44,9.44,--,4,3776,买盘
656,13:05:40,9.44,--,5,4720,买盘
657,13:05:35,9.44,--,16,15104,卖盘
658,13:05:25,9.44,--,26,24544,卖盘
659,13:05:20,9.44,--,76,71744,卖盘
660,13:05:05,9.44,-0.01,40,37760,卖盘
661,13:04:55,9.45,--,8,7559,买盘
662,13:04:50,9.45,0.01,20,18900,买盘
663,13:04:43,9.44,-0.01,15,14160,卖盘
664,13:04:35,9.45,0.01,5,4725,买盘
665,13:04:28,9.44,--,30,28320,卖盘
666,13:04:20,9.44,--,64,60416,卖盘
667,13:04:05,9.44,0.03,35,33040,买盘
668,13:03:44,9.41,0.03,7,6587,买盘
669,13:03:39,9.38,-0.03,89,83482,卖盘
670,13:03:35,9.41,0.03,5,4705,中性盘
671,13:03:25,9.38,-0.06,601,563738,卖盘
672,13:03:05,9.44,--,0,0,买盘
673,13:02:54,9.44,0.04,4,3776,卖盘
674,13:02:50,9.4,-0.04,1600,1504000,卖盘
675,13:02:34,9.44,--,5,4720,卖盘
676,13:02:14,9.44,0.01,73,68912,买盘
677,13:02:08,9.43,--,2,1886,卖盘
678,13:02:04,9.43,--,101,95243,卖盘
679,13:01:59,9.43,--,107,100901,卖盘
680,13:01:49,9.43,-0.01,2,2800,卖盘
681,13:01:43,9.44,0.01,3,2832,买盘
682,13:01:38,9.43,-0.01,68,64124,卖盘
683,13:01:22,9.44,--,3,2832,卖盘
684,13:01:14,9.44,-0.01,4,3776,卖盘
685,13:00:44,9.45,-0.01,1,944,卖盘
686,13:00:19,9.46,--,1,946,买盘
687,13:00:14,9.46,0.01,59,55814,买盘
688,13:00:08,9.45,-0.01,122,115289,中性盘
689,13:00:04,9.46,-0.01,1677,1586839,卖盘
690,11:30:00,9.47,--,0,0,买盘
691,11:30:00,9.47,--,0,0,买盘
692,11:29:59,9.47,--,5,4735,买盘
693,11:29:54,9.47,0.01,15,14205,买盘
694,11:29:50,9.46,--,29,27434,卖盘
695,11:29:45,9.46,--,11,10406,卖盘
696,11:29:30,9.46,-0.01,4,3784,卖盘
697,11:29:24,9.47,--,5,4735,卖盘
698,11:29:20,9.47,--,28,27065,买盘
699,11:29:15,9.47,0.01,4,3788,买盘
700,11:28:59,9.46,--,40,37840,买盘
701,11:28:50,9.46,--,35,33110,买盘
702,11:28:45,9.46,--,5,4730,买盘
703,11:28:39,9.46,--,8,7568,买盘
704,11:28:35,9.46,0.01,2,1892,买盘
705,11:28:30,9.45,-0.01,20,18900,卖盘
706,11:28:20,9.46,--,3,2838,买盘
707,11:28:15,9.46,--,22,20812,买盘
708,11:28:09,9.46,--,44,41624,买盘
709,11:28:05,9.46,0.01,18,17028,买盘
710,11:27:50,9.45,-0.01,24,22680,卖盘
711,11:27:45,9.46,--,7,6622,买盘
712,11:27:39,9.46,--,10,9460,买盘
713,11:27:30,9.46,--,60,56760,买盘
714,11:27:15,9.46,0.01,30,28389,买盘
715,11:26:54,9.45,-0.01,13,12691,卖盘
716,11:26:45,9.46,0.01,5,4730,买盘
717,11:26:35,9.45,--,26,24569,卖盘
718,11:26:30,9.45,--,43,40635,卖盘
719,11:26:24,9.45,--,14,13229,卖盘
720,11:26:19,9.45,--,150,141750,卖盘
721,11:26:14,9.45,-0.01,10,9450,卖盘
722,11:26:09,9.46,--,26,24596,买盘
723,11:26:05,9.46,--,40,37840,买盘
724,11:25:39,9.46,--,70,66220,卖盘
725,11:25:09,9.46,-0.01,3,2838,卖盘
726,11:25:04,9.47,0.01,30,28410,买盘
727,11:24:59,9.46,--,30,28380,买盘
728,11:24:53,9.46,--,37,35002,买盘
729,11:24:49,9.46,0.01,3,2838,买盘
730,11:24:44,9.45,-0.01,5,4725,卖盘
731,11:24:29,9.46,--,5,4730,买盘
732,11:24:24,9.46,--,40,37840,卖盘
733,11:23:54,9.46,0.01,17,16082,卖盘
734,11:23:44,9.45,--,0,0,卖盘
735,11:23:39,9.45,--,118,111509,卖盘
736,11:23:32,9.45,--,0,0,卖盘
737,11:23:29,9.45,-0.02,12,11340,卖盘
738,11:23:23,9.47,0.02,45,42615,买盘
739,11:23:14,9.45,-0.02,100,94500,卖盘
740,11:23:03,9.47,--,1,947,买盘
741,11:22:59,9.47,0.01,21,19887,买盘
742,11:22:53,9.46,-0.01,91,86483,卖盘
743,11:22:44,9.47,--,45,42615,买盘
744,11:22:39,9.47,0.01,15,14205,买盘
745,11:22:29,9.46,-0.01,15,14190,卖盘
746,11:22:23,9.47,-0.01,24,22728,卖盘
747,11:22:17,9.48,--,1,948,买盘
748,11:22:02,9.48,--,10,9480,买盘
749,11:21:59,9.48,--,22,21699,卖盘
750,11:21:47,9.48,--,120,113760,卖盘
751,11:21:44,9.48,-0.01,39,36972,卖盘
752,11:21:23,9.49,0.01,5,4745,买盘
753,11:21:14,9.48,--,7,6636,卖盘
754,11:21:09,9.48,--,6,5792,买盘
755,11:21:02,9.48,0.01,5,4740,买盘
756,11:20:59,9.47,-0.01,12,11364,卖盘
757,11:20:48,9.48,--,0,0,买盘
758,11:20:44,9.48,0.02,10,9480,买盘
759,11:20:39,9.46,-0.01,1,1494,卖盘
760,11:20:29,9.47,-0.01,4,3788,中性盘
761,11:20:18,9.48,--,2,1896,买盘
762,11:20:09,9.48,--,216,204768,买盘
763,11:19:59,9.48,0.01,1,948,买盘
764,11:19:47,9.47,--,33,31251,卖盘
765,11:19:43,9.47,-0.01,18,17046,卖盘
766,11:19:38,9.48,0.01,10,9480,买盘
767,11:19:23,9.47,--,15,14205,卖盘
768,11:19:18,9.47,-0.01,10,9470,卖盘
769,11:19:14,9.48,0.01,8,7584,买盘
770,11:19:02,9.47,-0.01,35,33145,卖盘
771,11:18:43,9.48,--,15,15063,卖盘
772,11:18:38,9.48,-0.01,27,25596,卖盘
773,11:18:33,9.49,-0.01,10,9490,卖盘
774,11:18:23,9.5,0.01,2,1900,买盘
775,11:18:02,9.49,-0.01,14,13286,卖盘
776,11:17:56,9.5,--,11,10450,买盘
777,11:17:32,9.5,--,12,11400,买盘
778,11:17:02,9.5,--,52,49400,买盘
779,11:16:47,9.5,--,20,19000,买盘
780,11:16:42,9.5,0.01,10,9500,买盘
781,11:16:38,9.49,-0.01,40,37960,卖盘
782,11:16:33,9.5,--,45,42750,买盘
783,11:16:23,9.5,--,10,9500,买盘
784,11:16:17,9.5,--,3,2850,买盘
785,11:16:11,9.5,--,0,0,买盘
786,11:16:08,9.5,0.01,106,100700,买盘
787,11:16:02,9.49,--,18,17082,买盘
788,11:15:57,9.49,-0.01,22,20878,卖盘
789,11:15:53,9.5,--,5,4750,买盘
790,11:15:47,9.5,0.01,56,53200,买盘
791,11:15:42,9.49,--,3,2847,卖盘
792,11:15:38,9.49,--,75,71175,卖盘
793,11:15:33,9.49,--,20,18980,卖盘
794,11:15:23,9.49,0.01,150,142350,买盘
795,11:15:18,9.48,--,35,33180,卖盘
796,11:15:11,9.48,-0.01,5,4844,卖盘
797,11:15:08,9.49,--,4,3796,买盘
798,11:15:02,9.49,--,9,8541,买盘
799,11:14:48,9.49,--,20,18980,买盘
800,11:14:38,9.49,--,16,15184,买盘
801,11:14:32,9.49,--,15,14235,买盘
802,11:14:23,9.49,0.01,28,26572,买盘
803,11:14:08,9.48,0.01,73,69204,买盘
804,11:14:02,9.47,--,78,73866,卖盘
805,11:13:53,9.47,--,10,9470,买盘
806,11:13:41,9.47,0.01,20,18940,买盘
807,11:13:26,9.46,--,10,9460,卖盘
808,11:13:23,9.46,--,3,2838,卖盘
809,11:13:18,9.46,0.01,1,946,买盘
810,11:13:11,9.45,--,100,94500,卖盘
811,11:13:08,9.45,-0.01,71,67095,卖盘
812,11:13:02,9.46,--,10,9460,买盘
813,11:12:53,9.46,--,5,4730,买盘
814,11:12:47,9.46,--,30,28380,买盘
815,11:12:41,9.46,0.01,5,4730,买盘
816,11:12:23,9.45,--,20,19136,买盘
817,11:12:18,9.45,--,39,37563,卖盘
818,11:12:11,9.45,--,20,18900,卖盘
819,11:12:07,9.45,--,33,31421,买盘
820,11:12:02,9.45,0.01,2,1889,买盘
821,11:11:56,9.44,-0.01,32,30736,卖盘
822,11:11:53,9.45,--,34,32129,买盘
823,11:11:47,9.45,0.01,60,56699,买盘
824,11:11:41,9.44,-0.01,10,9440,卖盘
825,11:11:38,9.45,0.01,230,217349,买盘
826,11:11:32,9.44,--,5,4720,卖盘
827,11:11:26,9.44,--,108,101952,买盘
828,11:11:20,9.44,-0.01,5,4720,买盘
829,11:11:17,9.45,--,24,22680,买盘
830,11:11:11,9.45,--,54,51029,买盘
831,11:11:02,9.45,--,783,740643,卖盘
832,11:10:56,9.45,--,46,43470,卖盘
833,11:10:47,9.45,-0.01,28,26459,卖盘
834,11:10:41,9.46,--,5,4730,买盘
835,11:10:32,9.46,0.01,1,946,买盘
836,11:10:11,9.45,--,36,34020,卖盘
837,11:10:05,9.45,--,32,30239,卖盘
838,11:10:02,9.45,-0.03,35,33075,卖盘
839,11:09:56,9.48,0.02,110,104280,买盘
840,11:09:47,9.46,0.01,16,15136,买盘
841,11:09:32,9.45,--,0,0,卖盘
842,11:09:26,9.45,-0.01,31,29294,卖盘
843,11:09:17,9.46,-0.02,41,38786,卖盘
844,11:09:11,9.48,--,18,17064,卖盘
845,11:09:05,9.48,--,1,948,卖盘
846,11:09:02,9.48,--,169,160212,卖盘
847,11:08:56,9.48,0.01,43,40764,买盘
848,11:08:47,9.47,0.02,4,3788,卖盘
849,11:08:35,9.45,--,0,0,卖盘
850,11:08:26,9.45,-0.02,80,75600,卖盘
851,11:08:20,9.47,0.02,6,5682,买盘
852,11:08:17,9.45,--,29,27404,卖盘
853,11:08:11,9.45,-0.02,62,58589,卖盘
854,11:08:02,9.47,--,423,400581,买盘
855,11:07:56,9.47,--,10,9470,买盘
856,11:07:50,9.47,--,36,34092,买盘
857,11:07:47,9.47,-0.02,288,272736,卖盘
858,11:07:41,9.49,0.01,5,4745,买盘
859,11:07:32,9.48,-0.01,16,15168,卖盘
860,11:07:26,9.49,--,37,35113,买盘
861,11:07:20,9.49,--,87,82980,卖盘
862,11:07:17,9.49,--,12,11388,卖盘
863,11:07:11,9.49,--,49,47336,卖盘
864,11:07:05,9.49,-0.01,47,44603,卖盘
865,11:07:02,9.5,0.01,1,950,买盘
866,11:06:50,9.49,-0.01,3,2847,卖盘
867,11:06:41,9.5,--,77,73150,卖盘
868,11:06:32,9.5,0.01,1,950,卖盘
869,11:06:26,9.49,--,0,0,卖盘
870,11:06:16,9.49,-0.03,2,1898,卖盘
871,11:06:11,9.52,0.03,2,1904,买盘
872,11:06:02,9.49,-0.01,200,189800,卖盘
873,11:05:46,9.5,--,17,16796,卖盘
874,11:05:41,9.5,--,54,51300,买盘
875,11:05:35,9.5,0.01,6,5700,买盘
876,11:05:32,9.49,-0.01,44,41756,卖盘
877,11:05:26,9.5,0.01,37,35150,买盘
878,11:05:20,9.49,-0.01,24,22776,卖盘
879,11:05:16,9.5,--,74,70300,买盘
880,11:05:11,9.5,0.01,2,1900,买盘
881,11:05:05,9.49,--,46,43654,卖盘
882,11:05:01,9.49,--,28,26572,卖盘
883,11:04:46,9.49,--,4,3796,买盘
884,11:04:41,9.49,--,15,14235,买盘
885,11:04:35,9.49,0.01,30,28470,买盘
886,11:04:31,9.48,-0.01,1,948,卖盘
887,11:04:26,9.49,0.01,27,25623,买盘
888,11:04:20,9.48,-0.01,10,9480,卖盘
889,11:04:16,9.49,0.01,10,9490,买盘
890,11:04:11,9.48,-0.01,10,9480,卖盘
891,11:04:05,9.49,--,20,18980,买盘
892,11:03:59,9.49,--,5,4745,买盘
893,11:03:56,9.49,0.02,2,1898,买盘
894,11:03:50,9.47,-0.02,153,144891,卖盘
895,11:03:44,9.49,--,13,12337,买盘
896,11:03:41,9.49,--,4,3796,买盘
897,11:03:35,9.49,0.01,3,2847,买盘
898,11:03:29,9.48,-0.01,30,28440,卖盘
899,11:03:20,9.49,0.01,20,18980,买盘
900,11:03:05,9.48,--,75,71100,买盘
901,11:02:59,9.48,0.02,15,14220,中性盘
902,11:02:56,9.46,-0.02,212,200552,卖盘
903,11:02:50,9.48,--,63,59724,卖盘
904,11:02:44,9.48,--,42,39816,卖盘
905,11:02:41,9.48,--,110,104280,卖盘
906,11:02:35,9.48,-0.01,37,35076,卖盘
907,11:02:29,9.49,0.01,10,9490,买盘
908,11:02:20,9.48,--,78,73944,卖盘
909,11:02:14,9.48,--,10,9480,卖盘
910,11:01:56,9.48,--,17,16116,卖盘
911,11:01:50,9.48,-0.01,204,193392,卖盘
912,11:01:44,9.49,--,50,47450,买盘
913,11:01:41,9.49,--,30,28707,卖盘
914,11:01:35,9.49,--,11,10439,卖盘
915,11:01:29,9.49,--,20,18980,卖盘
916,11:01:26,9.49,--,158,149942,卖盘
917,11:01:20,9.49,-0.01,77,73073,卖盘
918,11:01:14,9.5,0.01,18,17100,买盘
919,11:01:11,9.49,-0.01,48,45552,卖盘
920,11:01:05,9.5,--,5,4750,买盘
921,11:00:59,9.5,--,21,19950,卖盘
922,11:00:56,9.5,--,450,427500,卖盘
923,11:00:50,9.5,--,102,96900,卖盘
924,11:00:44,9.5,--,12,11400,卖盘
925,11:00:41,9.5,--,1,950,卖盘
926,11:00:35,9.5,--,159,151050,卖盘
927,11:00:29,9.5,--,225,213750,卖盘
928,11:00:20,9.5,--,4,3800,卖盘
929,11:00:14,9.5,--,0,0,卖盘
930,11:00:11,9.5,-0.02,323,306850,卖盘
931,11:00:05,9.52,0.01,74,70448,买盘
932,10:59:59,9.51,-0.01,121,115071,卖盘
933,10:59:56,9.52,--,4,3808,买盘
934,10:59:50,9.52,--,56,53426,卖盘
935,10:59:44,9.52,--,4,3808,卖盘
936,10:59:41,9.52,--,17,16184,卖盘
937,10:59:35,9.52,--,61,58072,卖盘
938,10:59:29,9.52,--,57,54264,卖盘
939,10:59:26,9.52,--,113,107576,卖盘
940,10:59:11,9.52,--,45,42840,卖盘
941,10:59:05,9.52,--,50,47600,卖盘
942,10:58:59,9.52,-0.01,88,83776,卖盘
943,10:58:56,9.53,0.01,18,17154,买盘
944,10:58:50,9.52,--,0,0,卖盘
945,10:58:35,9.52,-0.01,146,138992,卖盘
946,10:58:25,9.53,0.01,13,12389,买盘
947,10:58:20,9.52,-0.01,36,34272,卖盘
948,10:58:14,9.53,--,47,44791,买盘
949,10:58:05,9.53,-0.01,22,20966,卖盘
950,10:57:59,9.54,0.01,5,4770,买盘
951,10:57:55,9.53,--,41,39073,买盘
952,10:57:50,9.53,--,36,34308,卖盘
953,10:57:35,9.53,0.01,6,5718,中性盘
954,10:57:25,9.52,--,18,17136,卖盘
955,10:57:14,9.52,--,0,0,卖盘
956,10:57:10,9.52,-0.01,26,24752,卖盘
957,10:57:05,9.53,--,35,33355,卖盘
958,10:56:54,9.53,-0.01,6,5718,卖盘
959,10:56:44,9.54,--,2,1907,买盘
960,10:56:40,9.54,0.01,33,31481,中性盘
961,10:56:35,9.53,-0.01,200,190600,卖盘
962,10:56:14,9.54,--,12,11447,买盘
963,10:55:50,9.54,--,4,3815,卖盘
964,10:55:44,9.54,-0.01,10,9540,卖盘
965,10:55:34,9.55,--,3,2865,买盘
966,10:55:29,9.55,--,36,34380,买盘
967,10:55:20,9.55,--,51,48705,买盘
968,10:55:14,9.55,--,147,140385,卖盘
969,10:55:05,9.55,--,103,98365,卖盘
970,10:54:44,9.55,--,26,24830,卖盘
971,10:54:34,9.55,--,0,0,卖盘
972,10:54:29,9.55,-0.01,41,39155,卖盘
973,10:54:20,9.56,0.01,7,6692,买盘
974,10:54:14,9.55,-0.01,3,2865,卖盘
975,10:54:08,9.56,--,10,9560,买盘
976,10:54:05,9.56,--,5,4780,买盘
977,10:53:59,9.56,--,10,9560,买盘
978,10:53:50,9.56,0.01,10,9560,买盘
979,10:53:35,9.55,--,25,23875,卖盘
980,10:53:20,9.55,--,42,40110,卖盘
981,10:53:14,9.55,--,1,955,中性盘
982,10:53:04,9.55,--,4,3820,买盘
983,10:52:59,9.55,--,2,1910,买盘
984,10:52:53,9.55,0.01,6,5730,买盘
985,10:52:29,9.54,0.01,3,2861,中性盘
986,10:52:23,9.53,-0.01,25,23825,卖盘
987,10:52:20,9.54,--,17,16217,卖盘
988,10:52:08,9.54,--,40,38160,卖盘
989,10:52:04,9.54,--,0,85,买盘
990,10:51:59,9.54,0.01,64,61055,买盘
991,10:51:53,9.53,-0.01,6,5718,卖盘
992,10:51:49,9.54,--,10,9540,买盘
993,10:51:44,9.54,--,215,205109,买盘
994,10:51:38,9.54,--,20,19080,买盘
995,10:51:34,9.54,--,10,9540,买盘
996,10:51:29,9.54,0.01,42,40068,买盘
997,10:51:23,9.53,-0.01,5,4765,卖盘
998,10:51:19,9.54,--,36,34344,买盘
999,10:51:14,9.54,--,18,17172,买盘
1000,10:51:08,9.54,0.01,3,2861,买盘
1001,10:51:04,9.53,-0.01,41,39073,卖盘
1002,10:50:49,9.54,-0.01,7,6677,中性盘
1003,10:50:44,9.55,--,10,9550,买盘
1004,10:50:38,9.55,0.02,2,1910,买盘
1005,10:50:34,9.53,-0.02,139,132467,卖盘
1006,10:50:23,9.55,--,0,0,买盘
1007,10:50:19,9.55,0.02,43,41065,买盘
1008,10:50:14,9.53,--,0,0,卖盘
1009,10:50:08,9.53,-0.01,56,53368,卖盘
1010,10:50:04,9.54,--,32,30527,卖盘
1011,10:49:59,9.54,--,175,166949,卖盘
1012,10:49:49,9.54,0.01,39,37206,买盘
1013,10:49:44,9.53,-0.01,21,20765,卖盘
1014,10:49:38,9.54,--,40,38160,买盘
1015,10:49:34,9.54,0.01,46,43883,买盘
1016,10:49:23,9.53,--,3,2859,卖盘
1017,10:49:14,9.53,--,24,22872,卖盘
1018,10:49:08,9.53,--,218,207754,买盘
1019,10:49:04,9.53,--,15,14294,买盘
1020,10:48:59,9.53,--,38,36214,买盘
1021,10:48:53,9.53,--,54,51462,卖盘
1022,10:48:47,9.53,-0.01,40,38120,卖盘
1023,10:48:44,9.54,0.01,9,8586,买盘
1024,10:48:29,9.53,-0.01,24,22872,卖盘
1025,10:48:23,9.54,0.01,3,2861,买盘
1026,10:48:17,9.53,--,28,26684,卖盘
1027,10:48:13,9.53,-0.01,32,30495,卖盘
1028,10:48:08,9.54,--,5,4770,买盘
1029,10:48:02,9.54,0.01,24,22895,买盘
1030,10:47:59,9.53,-0.01,105,100065,卖盘
1031,10:47:53,9.54,--,6,5723,卖盘
1032,10:47:47,9.54,--,6,5723,卖盘
1033,10:47:43,9.54,-0.01,130,124019,卖盘
1034,10:47:23,9.55,--,9,8595,买盘
1035,10:47:14,9.55,-0.01,282,269310,卖盘
1036,10:47:08,9.56,--,32,30592,买盘
1037,10:46:59,9.56,--,33,31548,卖盘
1038,10:46:53,9.56,--,21,20076,卖盘
1039,10:46:47,9.56,--,32,30592,卖盘
1040,10:46:44,9.56,-0.01,84,80304,卖盘
1041,10:46:38,9.57,0.01,50,47850,买盘
1042,10:46:29,9.56,-0.01,171,163476,卖盘
1043,10:46:23,9.57,--,6,5742,卖盘
1044,10:46:13,9.57,0.01,302,289014,买盘
1045,10:46:08,9.56,-0.01,10,9560,卖盘
1046,10:46:02,9.57,0.01,2,1914,买盘
1047,10:45:58,9.56,-0.01,11,10516,卖盘
1048,10:45:43,9.57,-0.01,146,139722,卖盘
1049,10:45:02,9.58,--,60,57480,买盘
1050,10:44:58,9.58,0.01,9,8622,买盘
1051,10:44:43,9.57,0.01,3,2871,买盘
1052,10:44:38,9.56,-0.01,17,16252,卖盘
1053,10:44:28,9.57,0.01,20,19140,买盘
1054,10:44:23,9.56,-0.01,28,26768,卖盘
1055,10:44:17,9.57,0.01,5,4785,买盘
1056,10:44:08,9.56,--,10,9560,卖盘
1057,10:43:58,9.56,--,1,956,卖盘
1058,10:43:43,9.56,--,88,84128,卖盘
1059,10:43:32,9.56,--,19,18164,买盘
1060,10:43:23,9.56,--,80,76480,买盘
1061,10:43:17,9.56,--,3,2868,买盘
1062,10:43:13,9.56,--,54,51624,买盘
1063,10:43:08,9.56,--,10,9560,买盘
1064,10:42:58,9.56,--,73,69788,买盘
1065,10:42:53,9.56,--,111,106116,买盘
1066,10:42:47,9.56,0.01,14,13384,买盘
1067,10:42:43,9.55,-0.01,14,13370,卖盘
1068,10:42:32,9.56,--,28,26768,买盘
1069,10:42:28,9.56,--,171,163476,买盘
1070,10:42:23,9.56,--,7,6692,买盘
1071,10:42:13,9.56,-0.01,223,213188,卖盘
1072,10:42:08,9.57,0.01,54,51678,买盘
1073,10:41:58,9.56,-0.01,20,19120,卖盘
1074,10:41:53,9.57,--,173,165561,卖盘
1075,10:41:47,9.57,-0.01,62,59334,卖盘
1076,10:41:43,9.58,--,3,2874,买盘
1077,10:41:38,9.58,--,12,11496,买盘
1078,10:41:23,9.58,--,22,21076,卖盘
1079,10:41:17,9.58,--,50,47900,卖盘
1080,10:41:13,9.58,--,366,350628,卖盘
1081,10:41:08,9.58,--,40,38320,卖盘
1082,10:41:02,9.58,-0.01,42,40236,卖盘
1083,10:40:53,9.59,--,0,0,中性盘
1084,10:40:46,9.59,--,11,10549,卖盘
1085,10:40:38,9.59,--,0,0,中性盘
1086,10:40:32,9.59,--,0,0,买盘
1087,10:40:26,9.59,-0.01,25,23975,买盘
1088,10:40:22,9.6,--,25,24000,卖盘
1089,10:40:17,9.6,0.01,25,24000,买盘
1090,10:40:11,9.59,--,97,93023,卖盘
1091,10:40:08,9.59,--,78,74802,卖盘
1092,10:39:53,9.59,-0.01,5,4795,卖盘
1093,10:39:32,9.6,-0.01,52,49920,卖盘
1094,10:39:17,9.61,--,115,110515,买盘
1095,10:38:52,9.61,0.01,10,9610,买盘
1096,10:38:32,9.6,--,8,7680,卖盘
1097,10:38:17,9.6,--,13,12480,卖盘
1098,10:37:11,9.6,--,10,9600,卖盘
1099,10:36:41,9.6,--,7,6720,买盘
1100,10:36:32,9.6,--,23,22080,卖盘
1101,10:36:22,9.6,-0.01,56,53760,卖盘
1102,10:36:17,9.61,--,102,98022,买盘
1103,10:35:52,9.61,--,176,169136,卖盘
1104,10:35:31,9.61,0.01,29,27869,买盘
1105,10:35:26,9.6,-0.01,82,78720,卖盘
1106,10:35:17,9.61,--,10,9610,买盘
1107,10:35:07,9.61,0.01,7,6727,买盘
1108,10:35:02,9.6,-0.01,2,1920,卖盘
1109,10:34:52,9.61,0.01,5,4805,买盘
1110,10:34:32,9.6,-0.01,20,19200,卖盘
1111,10:34:11,9.61,--,12,11532,买盘
1112,10:33:55,9.61,--,70,67270,买盘
1113,10:33:47,9.61,0.01,3,2883,买盘
1114,10:33:25,9.6,--,6,5760,卖盘
1115,10:33:01,9.6,--,40,38400,卖盘
1116,10:32:56,9.6,--,10,9600,卖盘
1117,10:32:46,9.6,--,10,9600,卖盘
1118,10:32:41,9.6,0.01,33,31680,买盘
1119,10:32:32,9.59,-0.01,12,11508,卖盘
1120,10:32:26,9.6,--,8,7680,买盘
1121,10:32:17,9.6,--,100,96000,买盘
1122,10:32:11,9.6,--,110,105600,卖盘
1123,10:31:56,9.6,--,44,42240,卖盘
1124,10:31:41,9.6,--,10,9600,卖盘
1125,10:31:31,9.6,--,50,48000,卖盘
1126,10:31:19,9.6,-0.01,2,1920,卖盘
1127,10:31:16,9.61,0.01,36,34596,买盘
1128,10:31:10,9.6,--,20,19200,卖盘
1129,10:31:05,9.6,-0.01,6,5760,卖盘
1130,10:31:01,9.61,--,10,9610,买盘
1131,10:30:55,9.61,--,26,24986,买盘
1132,10:30:49,9.61,0.01,4,3844,买盘
1133,10:30:46,9.6,-0.01,79,75840,卖盘
1134,10:30:40,9.61,0.01,20,19220,买盘
1135,10:30:19,9.6,--,18,17280,买盘
1136,10:30:16,9.6,--,10,9600,买盘
1137,10:30:01,9.6,--,27,25920,卖盘
1138,10:29:46,9.6,--,10,9600,卖盘
1139,10:29:41,9.6,0.01,19,18240,卖盘
1140,10:29:31,9.59,-0.01,6,5754,卖盘
1141,10:29:19,9.6,0.01,10,9600,买盘
1142,10:29:10,9.59,--,30,28770,卖盘
1143,10:29:01,9.59,--,3,2877,卖盘
1144,10:28:55,9.59,--,0,0,卖盘
1145,10:28:46,9.59,-0.02,70,67130,卖盘
1146,10:28:31,9.61,0.02,4,3844,买盘
1147,10:28:25,9.59,--,20,19180,卖盘
1148,10:28:10,9.59,--,0,0,卖盘
1149,10:28:01,9.59,--,25,23975,买盘
1150,10:27:56,9.59,--,10,9590,买盘
1151,10:27:50,9.59,--,1,959,买盘
1152,10:27:41,9.59,-0.01,136,130424,卖盘
1153,10:27:35,9.6,0.01,174,167040,买盘
1154,10:27:10,9.59,--,3,2877,卖盘
1155,10:27:04,9.59,--,13,12467,卖盘
1156,10:27:01,9.59,--,15,14385,卖盘
1157,10:26:45,9.59,--,37,35483,卖盘
1158,10:26:16,9.59,-0.01,22,21098,卖盘
1159,10:26:11,9.6,--,56,53760,买盘
1160,10:26:05,9.6,0.01,5,4800,买盘
1161,10:26:01,9.59,--,10,9590,卖盘
1162,10:25:41,9.59,--,1,959,卖盘
1163,10:25:34,9.59,--,5,4795,卖盘
1164,10:25:30,9.59,--,8,7672,卖盘
1165,10:25:19,9.59,-0.01,40,38360,卖盘
1166,10:25:15,9.6,--,150,144000,买盘
1167,10:25:10,9.6,0.01,7,6720,买盘
1168,10:24:59,9.59,--,8,7672,卖盘
1169,10:24:55,9.59,-0.01,65,62335,卖盘
1170,10:24:49,9.6,--,27,25920,买盘
1171,10:24:43,9.6,--,10,9600,买盘
1172,10:24:25,9.6,--,35,33600,卖盘
1173,10:24:19,9.6,--,100,96000,卖盘
1174,10:24:10,9.6,--,169,162240,卖盘
1175,10:23:59,9.6,--,110,105600,卖盘
1176,10:23:49,9.6,--,52,49920,卖盘
1177,10:23:43,9.6,-0.01,100,96000,卖盘
1178,10:23:25,9.61,0.01,6,5766,买盘
1179,10:23:19,9.6,--,1,960,卖盘
1180,10:23:14,9.6,-0.01,7,6720,卖盘
1181,10:23:05,9.61,0.01,3,2883,买盘
1182,10:22:55,9.6,-0.01,24,23040,卖盘
1183,10:22:40,9.61,--,20,19220,买盘
1184,10:22:19,9.61,--,36,34596,卖盘
1185,10:22:10,9.61,--,4,3844,买盘
1186,10:22:04,9.61,--,106,101866,卖盘
1187,10:21:55,9.61,-0.01,50,48050,卖盘
1188,10:21:49,9.62,0.01,2,1923,买盘
1189,10:21:40,9.61,--,10,9610,卖盘
1190,10:21:34,9.61,--,20,19220,卖盘
1191,10:21:19,9.61,-0.01,10,9610,卖盘
1192,10:21:14,9.62,--,3,2885,买盘
1193,10:20:40,9.62,0.01,5,4810,买盘
1194,10:20:25,9.61,0.01,2,1922,卖盘
1195,10:20:19,9.6,--,0,0,卖盘
1196,10:20:10,9.6,-0.01,54,51840,卖盘
1197,10:20:04,9.61,--,95,91295,买盘
1198,10:19:55,9.61,--,2,1922,买盘
1199,10:19:49,9.61,0.01,3,2883,中性盘
1200,10:19:34,9.6,-0.01,89,85440,卖盘
1201,10:19:13,9.61,0.01,470,451670,买盘
1202,10:19:04,9.6,--,0,0,卖盘
1203,10:18:58,9.6,-0.01,11,10560,卖盘
1204,10:18:54,9.61,0.01,10,9610,卖盘
1205,10:18:39,9.6,--,0,0,卖盘
1206,10:18:34,9.6,--,217,208320,卖盘
1207,10:18:24,9.6,-0.01,62,59520,卖盘
1208,10:18:19,9.61,0.01,5,4805,买盘
1209,10:18:13,9.6,--,0,0,卖盘
1210,10:18:09,9.6,-0.01,355,340800,卖盘
1211,10:18:04,9.61,0.01,10,9610,卖盘
1212,10:17:58,9.6,--,0,0,卖盘
1213,10:17:54,9.6,-0.01,483,463680,卖盘
1214,10:17:22,9.61,--,0,0,卖盘
1215,10:16:58,9.61,--,10,9610,卖盘
1216,10:16:49,9.61,--,2,1922,卖盘
1217,10:16:44,9.61,--,0,0,卖盘
1218,10:16:29,9.61,-0.03,1759,1690399,卖盘
1219,10:15:49,9.64,0.01,11,10604,买盘
1220,10:15:34,9.63,--,7,6741,买盘
1221,10:15:13,9.63,0.01,6,5778,买盘
1222,10:15:04,9.62,-0.01,30,28859,卖盘
1223,10:14:28,9.63,0.01,20,19260,买盘
1224,10:14:13,9.62,--,15,14429,卖盘
1225,10:13:43,9.62,--,0,0,中性盘
1226,10:13:37,9.62,--,40,38480,卖盘
1227,10:13:34,9.62,--,1,961,卖盘
1228,10:13:29,9.62,-0.01,2,1923,卖盘
1229,10:13:22,9.63,0.01,20,19260,买盘
1230,10:13:18,9.62,--,228,219335,买盘
1231,10:13:07,9.62,--,608,584896,卖盘
1232,10:13:04,9.62,--,4,3847,卖盘
1233,10:12:58,9.62,--,5,4810,卖盘
1234,10:12:43,9.62,-0.01,5,4810,卖盘
1235,10:12:37,9.63,0.01,20,19260,买盘
1236,10:12:34,9.62,-0.01,1,961,卖盘
1237,10:12:28,9.63,0.01,22,21186,卖盘
1238,10:11:52,9.62,--,0,0,卖盘
1239,10:11:49,9.62,--,2,1923,卖盘
1240,10:11:33,9.62,--,40,38480,卖盘
1241,10:11:18,9.62,-0.01,23,22126,卖盘
1242,10:11:13,9.63,--,11,10593,买盘
1243,10:10:58,9.63,--,52,50076,买盘
1244,10:10:48,9.63,0.01,5,4815,买盘
1245,10:10:43,9.62,-0.01,12,11543,卖盘
1246,10:10:38,9.63,--,3,2889,买盘
1247,10:10:28,9.63,--,17,16371,买盘
1248,10:10:17,9.63,--,50,48150,买盘
1249,10:10:08,9.63,--,25,24075,买盘
1250,10:10:02,9.63,--,19,18297,买盘
1251,10:09:46,9.63,--,6,5778,买盘
1252,10:09:37,9.63,--,89,85707,卖盘
1253,10:09:31,9.63,--,100,96300,卖盘
1254,10:09:22,9.63,--,1,963,卖盘
1255,10:09:13,9.63,-0.01,1,963,卖盘
1256,10:08:37,9.64,--,70,67480,买盘
1257,10:08:31,9.64,0.01,100,96400,买盘
1258,10:08:23,9.63,-0.01,8,7704,卖盘
1259,10:08:16,9.64,--,22,21208,买盘
1260,10:07:58,9.64,0.01,153,147492,买盘
1261,10:07:46,9.63,-0.01,17,16371,卖盘
1262,10:07:43,9.64,0.01,7,6748,买盘
1263,10:07:37,9.63,-0.01,6,5778,卖盘
1264,10:07:32,9.64,0.01,10,9640,买盘
1265,10:07:07,9.63,--,44,42372,买盘
1266,10:06:58,9.63,--,11,10593,买盘
1267,10:06:52,9.63,--,10,9630,买盘
1268,10:06:46,9.63,0.01,5,4815,买盘
1269,10:06:43,9.62,--,0,0,卖盘
1270,10:06:38,9.62,-0.01,3,2885,卖盘
1271,10:06:13,9.63,0.01,11,10593,卖盘
1272,10:05:42,9.62,--,39,37518,买盘
1273,10:05:38,9.62,-0.03,41,39442,卖盘
1274,10:05:22,9.65,--,0,0,买盘
1275,10:05:16,9.65,0.01,150,144750,买盘
1276,10:05:07,9.64,0.02,3,2892,买盘
1277,10:04:52,9.62,-0.02,577,555074,卖盘
1278,10:04:27,9.64,--,32,30848,卖盘
1279,10:04:22,9.64,--,61,58804,买盘
1280,10:04:07,9.64,--,5,4820,买盘
1281,10:03:57,9.64,--,5,4820,买盘
1282,10:03:42,9.64,--,10,9640,买盘
1283,10:03:22,9.64,-0.01,11,10604,卖盘
1284,10:03:17,9.65,0.01,2,1930,买盘
1285,10:03:07,9.64,0.01,6,5784,中性盘
1286,10:03:02,9.63,-0.01,1100,1059300,卖盘
1287,10:02:52,9.64,-0.01,30,28920,卖盘
1288,10:02:42,9.65,--,2,1930,买盘
1289,10:02:31,9.65,0.01,11,10615,买盘
1290,10:01:46,9.64,--,11,10604,卖盘
1291,10:01:41,9.64,-0.01,30,28920,卖盘
1292,10:01:07,9.65,0.01,3,2895,卖盘
1293,10:00:37,9.64,--,4,3856,卖盘
1294,10:00:22,9.64,-0.01,309,297876,卖盘
1295,10:00:16,9.65,--,0,0,卖盘
1296,10:00:07,9.65,0.01,46,44390,买盘
1297,09:59:47,9.64,-0.02,4,3856,卖盘
1298,09:59:02,9.66,--,0,0,买盘
1299,09:58:40,9.66,--,58,56028,买盘
1300,09:58:36,9.66,--,6,5796,买盘
1301,09:58:21,9.66,0.01,1,966,买盘
1302,09:58:06,9.65,-0.01,80,77200,卖盘
1303,09:57:51,9.66,-0.01,26,25116,卖盘
1304,09:57:21,9.67,0.01,10,9670,买盘
1305,09:57:06,9.66,--,7,6762,卖盘
1306,09:57:01,9.66,-0.01,4,3864,卖盘
1307,09:56:36,9.67,0.01,26,25142,买盘
1308,09:56:21,9.66,--,2,1932,买盘
1309,09:56:11,9.66,-0.01,357,344862,卖盘
1310,09:56:01,9.67,--,110,106370,卖盘
1311,09:55:40,9.67,0.01,41,39647,买盘
1312,09:55:36,9.66,--,11,10626,卖盘
1313,09:55:31,9.66,--,15,14490,卖盘
1314,09:55:19,9.66,-0.01,30,28980,卖盘
1315,09:55:16,9.67,--,0,0,买盘
1316,09:55:10,9.67,0.01,150,145050,买盘
1317,09:55:01,9.66,0.01,100,96600,卖盘
1318,09:54:49,9.65,--,0,0,卖盘
1319,09:54:46,9.65,-0.02,40,38600,卖盘
1320,09:54:40,9.67,0.01,22,21274,买盘
1321,09:54:35,9.66,--,0,0,卖盘
1322,09:54:25,9.66,0.01,25,24150,买盘
1323,09:54:16,9.65,--,2,1930,卖盘
1324,09:54:10,9.65,--,14,13510,买盘
1325,09:53:55,9.65,-0.01,40,38600,卖盘
1326,09:53:35,9.66,--,2,1932,买盘
1327,09:53:15,9.66,--,5,4830,买盘
1328,09:53:00,9.66,0.01,12,11592,买盘
1329,09:52:49,9.65,--,2,1930,卖盘
1330,09:52:40,9.65,--,0,0,卖盘
1331,09:52:34,9.65,--,15,14475,卖盘
1332,09:52:30,9.65,--,10,9650,卖盘
1333,09:52:15,9.65,-0.01,40,38600,卖盘
1334,09:52:10,9.66,0.01,200,193200,买盘
1335,09:52:00,9.65,--,21,20265,卖盘
1336,09:51:55,9.65,--,7,6755,卖盘
1337,09:51:40,9.65,--,49,47285,卖盘
1338,09:51:19,9.65,--,12,11580,卖盘
1339,09:51:15,9.65,--,47,45355,卖盘
1340,09:51:00,9.65,-0.01,10,9650,卖盘
1341,09:50:30,9.66,0.01,10,9660,买盘
1342,09:50:19,9.65,-0.01,15,14475,卖盘
1343,09:50:15,9.66,--,11,10626,买盘
1344,09:49:55,9.66,0.01,30,28980,买盘
1345,09:49:40,9.65,--,1,965,卖盘
1346,09:49:30,9.65,--,37,35705,卖盘
1347,09:49:09,9.65,--,8,7720,买盘
1348,09:48:40,9.65,-0.02,3,2895,卖盘
1349,09:48:30,9.67,--,0,0,买盘
1350,09:48:04,9.67,--,0,0,买盘
1351,09:47:39,9.67,0.02,100,96700,买盘
1352,09:47:35,9.65,-0.02,791,763315,卖盘
1353,09:47:25,9.67,--,12,11604,买盘
1354,09:47:09,9.67,--,5,4835,卖盘
1355,09:46:58,9.67,--,0,0,中性盘
1356,09:46:54,9.67,--,53,51251,买盘
1357,09:46:50,9.67,--,5,4835,买盘
1358,09:46:39,9.67,--,55,53185,卖盘
1359,09:46:35,9.67,--,5,4835,买盘
1360,09:46:13,9.67,--,1,967,卖盘
1361,09:46:09,9.67,--,18,17406,卖盘
1362,09:46:05,9.67,--,12,11604,卖盘
1363,09:45:44,9.67,--,50,48350,卖盘
1364,09:45:39,9.67,-0.01,4,3868,卖盘
1365,09:45:24,9.68,0.01,32,30976,买盘
1366,09:45:18,9.67,--,1,967,卖盘
1367,09:45:04,9.67,-0.01,10,9670,中性盘
1368,09:44:54,9.68,0.02,10,9680,买盘
1369,09:44:39,9.66,0.01,12,11592,中性盘
1370,09:44:34,9.65,--,0,0,卖盘
1371,09:44:24,9.65,-0.03,10,9650,卖盘
1372,09:44:09,9.68,--,10,9680,买盘
1373,09:43:54,9.68,0.03,150,145200,买盘
1374,09:43:48,9.65,-0.01,104,100360,卖盘
1375,09:43:34,9.66,0.01,113,109158,买盘
1376,09:43:18,9.65,-0.01,84,81060,卖盘
1377,09:43:09,9.66,--,88,85008,买盘
1378,09:42:59,9.66,--,167,161322,卖盘
1379,09:42:48,9.66,--,101,97566,卖盘
1380,09:42:39,9.66,-0.02,5,4830,卖盘
1381,09:41:59,9.68,0.02,100,96800,买盘
1382,09:41:54,9.66,--,0,0,卖盘
1383,09:41:49,9.66,-0.01,30,28980,卖盘
1384,09:41:44,9.67,--,6,5802,买盘
1385,09:41:39,9.67,--,13,12571,买盘
1386,09:41:33,9.67,--,25,24175,买盘
1387,09:41:28,9.67,0.01,9,8703,买盘
1388,09:41:24,9.66,--,71,68586,卖盘
1389,09:41:14,9.66,-0.01,6,5796,卖盘
1390,09:41:09,9.67,--,47,45449,买盘
1391,09:41:03,9.67,--,43,41581,买盘
1392,09:40:48,9.67,0.01,60,58020,买盘
1393,09:40:22,9.66,-0.01,6,5796,卖盘
1394,09:40:19,9.67,0.01,30,29010,买盘
1395,09:40:13,9.66,-0.01,6,5796,卖盘
1396,09:40:03,9.67,-0.01,13,12571,买盘
1397,09:39:58,9.68,0.02,10,9680,买盘
1398,09:39:48,9.66,-0.01,9,8694,卖盘
1399,09:39:43,9.67,-0.01,19,18373,卖盘
1400,09:39:38,9.68,--,210,203280,买盘
1401,09:39:13,9.68,0.01,6,5808,买盘
1402,09:39:08,9.67,0.01,6,5802,买盘
1403,09:39:03,9.66,-0.01,90,86940,卖盘
1404,09:38:58,9.67,-0.01,12,11604,卖盘
1405,09:38:48,9.68,--,0,0,买盘
1406,09:38:43,9.68,0.01,26,25168,买盘
1407,09:38:22,9.67,--,7,6769,买盘
1408,09:38:18,9.67,--,150,145050,买盘
1409,09:38:13,9.67,--,5,4835,买盘
1410,09:38:07,9.67,--,79,76393,卖盘
1411,09:37:57,9.67,--,10,9670,卖盘
1412,09:37:42,9.67,0.02,76,73492,买盘
1413,09:37:38,9.65,-0.02,33,31845,卖盘
1414,09:37:33,9.67,--,103,99601,买盘
1415,09:37:27,9.67,0.03,41,39647,买盘
1416,09:37:13,9.64,--,0,0,卖盘
1417,09:37:07,9.64,--,20,19280,卖盘
1418,09:36:53,9.64,--,0,0,中性盘
1419,09:36:48,9.64,--,0,0,买盘
1420,09:36:42,9.64,-0.03,659,635276,卖盘
1421,09:36:37,9.67,--,8,7736,买盘
1422,09:36:18,9.67,--,2,1934,买盘
1423,09:36:13,9.67,0.01,5,4835,买盘
1424,09:35:57,9.66,--,17,16422,卖盘
1425,09:35:48,9.66,--,30,28980,卖盘
1426,09:35:42,9.66,-0.01,7,6762,卖盘
1427,09:35:33,9.67,0.01,10,9670,买盘
1428,09:35:28,9.66,--,7,6762,卖盘
1429,09:35:13,9.66,--,64,61824,买盘
1430,09:35:07,9.66,--,99,95634,卖盘
1431,09:35:03,9.66,-0.01,13,12558,卖盘
1432,09:34:58,9.67,0.01,2,1934,买盘
1433,09:34:27,9.66,-0.01,4,3864,卖盘
1434,09:34:22,9.67,0.01,52,50284,买盘
1435,09:34:07,9.66,-0.01,9,8694,卖盘
1436,09:34:03,9.67,--,20,19340,买盘
1437,09:33:57,9.67,--,20,19340,买盘
1438,09:33:52,9.67,--,8,7736,买盘
1439,09:33:47,9.67,--,48,46416,卖盘
1440,09:33:43,9.67,--,2,1934,卖盘
1441,09:33:33,9.67,--,50,48350,卖盘
1442,09:33:28,9.67,-0.01,23,22241,卖盘
1443,09:33:12,9.68,--,65,62920,卖盘
1444,09:33:07,9.68,--,19,18392,卖盘
1445,09:33:01,9.68,-0.01,6,5808,卖盘
1446,09:32:47,9.69,0.01,20,19380,买盘
1447,09:32:42,9.68,--,55,53240,卖盘
1448,09:32:37,9.68,--,15,14520,卖盘
1449,09:32:27,9.68,--,5,4840,卖盘
1450,09:32:12,9.68,--,18,17424,买盘
1451,09:32:01,9.68,0.01,49,47432,买盘
1452,09:31:57,9.67,-0.01,46,44482,卖盘
1453,09:31:51,9.68,0.01,42,40656,买盘
1454,09:31:42,9.67,-0.01,66,63822,卖盘
1455,09:31:32,9.68,--,25,24200,买盘
1456,09:31:27,9.68,--,38,36784,买盘
1457,09:31:06,9.68,--,75,72600,卖盘
1458,09:31:01,9.68,--,1,968,卖盘
1459,09:30:57,9.68,--,100,96800,卖盘
1460,09:30:51,9.68,0.01,16,15488,卖盘
1461,09:30:42,9.67,--,0,0,卖盘
1462,09:30:36,9.67,0.01,8,7736,卖盘
1463,09:30:12,9.66,--,58,56028,卖盘
1464,09:30:06,9.66,-0.01,167,161322,卖盘
1465,09:28:52,9.67,--,0,0,买盘
1466,09:25:05,9.67,9.67,122,117974,买盘
