,time,price,change,volume,amount,type
0,15:00:00,3.63,--,0,0,卖盘
1,15:00:00,3.63,--,0,0,卖盘
2,15:00:00,3.63,-0.01,147,53361,卖盘
3,14:59:57,3.64,0.01,426,155064,买盘
4,14:59:52,3.63,--,840,304920,卖盘
5,14:59:45,3.63,-0.01,100,36300,卖盘
6,14:59:42,3.64,0.01,53,19292,买盘
7,14:59:37,3.63,-0.01,782,283866,卖盘
8,14:59:31,3.64,0.01,466,169624,买盘
9,14:59:27,3.63,--,405,147015,卖盘
10,14:59:21,3.63,--,593,215259,卖盘
11,14:59:16,3.63,--,157,56991,卖盘
12,14:59:12,3.63,--,476,172788,卖盘
13,14:59:07,3.63,--,251,91113,卖盘
14,14:59:01,3.63,--,146,52998,卖盘
15,14:58:57,3.63,-0.01,136,49368,卖盘
16,14:58:52,3.64,--,226,82264,买盘
17,14:58:46,3.64,--,164,59696,买盘
18,14:58:42,3.64,--,579,210756,买盘
19,14:58:37,3.64,--,2791,1015924,买盘
20,14:58:30,3.64,0.01,210,76440,买盘
21,14:58:27,3.63,--,859,311817,卖盘
22,14:58:22,3.63,--,193,70059,卖盘
23,14:58:16,3.63,-0.01,85,30855,卖盘
24,14:58:12,3.64,0.01,201,73164,买盘
25,14:58:07,3.63,--,343,124509,卖盘
26,14:58:01,3.63,--,1707,619641,卖盘
27,14:57:57,3.63,--,447,162261,卖盘
28,14:57:52,3.63,--,255,92565,卖盘
29,14:57:46,3.63,--,410,148830,卖盘
30,14:57:42,3.63,-0.01,81,29403,卖盘
31,14:57:37,3.64,0.01,77,28028,买盘
32,14:57:30,3.63,--,61,22143,卖盘
33,14:57:27,3.63,--,5083,1845129,卖盘
34,14:57:22,3.63,-0.01,82,29766,卖盘
35,14:57:16,3.64,0.01,47,17108,买盘
36,14:57:12,3.63,-0.01,674,244662,卖盘
37,14:57:07,3.64,--,51,18564,买盘
38,14:57:01,3.64,--,88,32032,买盘
39,14:56:57,3.64,0.01,282,102648,买盘
40,14:56:52,3.63,-0.01,254,92202,卖盘
41,14:56:45,3.64,0.01,5,1820,买盘
42,14:56:42,3.63,-0.01,161,58443,卖盘
43,14:56:37,3.64,0.01,113,41132,买盘
44,14:56:27,3.63,--,233,84579,卖盘
45,14:56:22,3.63,-0.01,336,121968,卖盘
46,14:56:16,3.64,--,3,1092,买盘
47,14:56:12,3.64,--,230,83720,买盘
48,14:56:07,3.64,0.01,13,4732,买盘
49,14:56:00,3.63,--,50,18150,卖盘
50,14:55:57,3.63,-0.01,85,30855,卖盘
51,14:55:51,3.64,--,690,251160,买盘
52,14:55:45,3.64,0.01,186,67704,买盘
53,14:55:42,3.63,--,41,14883,卖盘
54,14:55:36,3.63,-0.01,214,77682,卖盘
55,14:55:31,3.64,--,478,173992,买盘
56,14:55:27,3.64,--,20,7280,买盘
57,14:55:22,3.64,0.01,26,9464,买盘
58,14:55:15,3.63,-0.01,149,54087,卖盘
59,14:55:12,3.64,--,10,3640,买盘
60,14:55:07,3.64,0.01,414,150696,买盘
61,14:55:00,3.63,-0.01,147,53361,卖盘
62,14:54:57,3.64,--,1118,406952,买盘
63,14:54:52,3.64,--,221,80444,买盘
64,14:54:46,3.64,0.01,1743,634452,买盘
65,14:54:37,3.63,--,105,38115,卖盘
66,14:54:31,3.63,--,424,153912,卖盘
67,14:54:27,3.63,-0.01,13,4719,卖盘
68,14:54:22,3.64,--,71,25844,买盘
69,14:54:15,3.64,--,312,113568,买盘
70,14:54:11,3.64,0.01,5,1820,买盘
71,14:54:07,3.63,--,149,54087,卖盘
72,14:54:01,3.63,-0.01,126,45738,卖盘
73,14:53:55,3.64,0.01,1256,457184,买盘
74,14:53:51,3.63,--,921,334323,卖盘
75,14:53:46,3.63,-0.01,66,23958,卖盘
76,14:53:42,3.64,0.01,5,1820,买盘
77,14:53:37,3.63,-0.01,1040,377520,卖盘
78,14:53:30,3.64,0.01,277,100828,买盘
79,14:53:27,3.63,-0.01,15,5445,卖盘
80,14:53:21,3.64,0.01,277,100828,买盘
81,14:53:15,3.63,--,542,196746,卖盘
82,14:53:10,3.63,-0.01,172,62436,卖盘
83,14:53:07,3.64,0.01,1010,367640,买盘
84,14:53:01,3.63,--,171,62073,卖盘
85,14:52:54,3.63,--,10,3630,卖盘
86,14:52:52,3.63,--,18,6534,卖盘
87,14:52:46,3.63,-0.01,405,147015,卖盘
88,14:52:39,3.64,0.01,276,100464,买盘
89,14:52:36,3.63,--,11,3993,卖盘
90,14:52:31,3.63,--,10,3630,卖盘
91,14:52:21,3.63,-0.01,410,148830,卖盘
92,14:52:15,3.64,--,1017,370188,买盘
93,14:52:06,3.64,--,1,364,买盘
94,14:52:00,3.64,0.01,10,3640,买盘
95,14:51:51,3.63,-0.01,253,91839,卖盘
96,14:51:45,3.64,0.01,141,51324,买盘
97,14:51:40,3.63,-0.01,69,25047,卖盘
98,14:51:36,3.64,0.01,1470,535080,买盘
99,14:51:31,3.63,-0.01,775,281325,卖盘
100,14:51:24,3.64,0.01,32,11648,买盘
101,14:51:21,3.63,--,510,185130,卖盘
102,14:51:16,3.63,--,200,72600,卖盘
103,14:51:09,3.63,--,22,7986,卖盘
104,14:51:06,3.63,-0.01,80,29040,卖盘
105,14:51:00,3.64,0.01,26,9464,买盘
106,14:50:54,3.63,--,330,119790,卖盘
107,14:50:51,3.63,--,208,75504,卖盘
108,14:50:45,3.63,-0.01,411,149193,卖盘
109,14:50:39,3.64,--,10,3640,买盘
110,14:50:36,3.64,0.01,44,16016,买盘
111,14:50:30,3.63,--,359,130317,卖盘
112,14:50:24,3.63,--,149,54087,卖盘
113,14:50:21,3.63,-0.01,251,91113,卖盘
114,14:50:15,3.64,--,1,364,买盘
115,14:50:09,3.64,0.01,50,18200,买盘
116,14:50:06,3.63,--,154,55902,卖盘
117,14:50:01,3.63,--,634,230142,卖盘
118,14:49:54,3.63,-0.01,46,16698,卖盘
119,14:49:51,3.64,0.01,73,26572,买盘
120,14:49:45,3.63,--,679,246477,卖盘
121,14:49:40,3.63,--,86,31218,卖盘
122,14:49:36,3.63,--,203,73689,卖盘
123,14:49:30,3.63,--,560,203280,卖盘
124,14:49:24,3.63,--,353,128139,卖盘
125,14:49:21,3.63,--,80,29040,卖盘
126,14:49:16,3.63,--,87,31581,卖盘
127,14:49:09,3.63,--,39,14157,卖盘
128,14:49:06,3.63,-0.01,479,173877,卖盘
129,14:49:00,3.64,0.01,83,30212,买盘
130,14:48:54,3.63,-0.01,100,36300,卖盘
131,14:48:51,3.64,--,208,75712,买盘
132,14:48:45,3.64,0.01,53,19292,买盘
133,14:48:39,3.63,-0.01,158,57354,卖盘
134,14:48:36,3.64,--,286,104104,买盘
135,14:48:31,3.64,0.01,2721,990444,买盘
136,14:48:25,3.63,--,152,55176,卖盘
137,14:48:21,3.63,-0.01,695,252285,卖盘
138,14:48:09,3.64,0.01,745,271180,买盘
139,14:48:06,3.63,-0.01,1701,617463,卖盘
140,14:48:01,3.64,--,315,114660,买盘
141,14:47:54,3.64,--,251,91364,买盘
142,14:47:51,3.64,0.01,22,8008,买盘
143,14:47:45,3.63,--,47,17061,卖盘
144,14:47:40,3.63,--,1560,566280,卖盘
145,14:47:31,3.63,-0.01,246,89298,卖盘
146,14:47:24,3.64,--,4916,1789547,卖盘
147,14:47:15,3.64,--,861,313404,卖盘
148,14:47:09,3.64,--,223,81172,卖盘
149,14:47:06,3.64,--,1673,608972,卖盘
150,14:47:01,3.64,--,118,42952,卖盘
151,14:46:54,3.64,--,117,42588,卖盘
152,14:46:51,3.64,-0.01,341,124124,卖盘
153,14:46:46,3.65,0.01,40,14600,买盘
154,14:46:40,3.64,--,619,225316,卖盘
155,14:46:35,3.64,-0.01,50,18200,卖盘
156,14:46:30,3.65,--,117,42705,买盘
157,14:46:25,3.65,--,1209,441285,买盘
158,14:46:15,3.65,0.01,412,150380,买盘
159,14:46:09,3.64,-0.01,100,36400,卖盘
160,14:46:06,3.65,--,886,323390,买盘
161,14:46:00,3.65,--,464,169360,买盘
162,14:45:54,3.65,0.01,883,322295,买盘
163,14:45:50,3.64,-0.01,10,3640,卖盘
164,14:45:45,3.65,0.01,738,269370,买盘
165,14:45:39,3.64,--,1794,653016,卖盘
166,14:45:34,3.64,-0.01,30,10920,卖盘
167,14:45:30,3.65,--,128,46720,买盘
168,14:45:24,3.65,--,716,261340,买盘
169,14:45:18,3.65,0.01,121,44165,买盘
170,14:45:15,3.64,-0.01,99,36036,卖盘
171,14:45:10,3.65,0.01,1,365,买盘
172,14:45:04,3.64,--,3896,1418144,卖盘
173,14:45:00,3.64,--,11,4004,卖盘
174,14:44:54,3.64,-0.01,247,89908,卖盘
175,14:44:48,3.65,0.01,89,32485,买盘
176,14:44:45,3.64,-0.01,254,92456,卖盘
177,14:44:39,3.65,0.01,15,5475,买盘
178,14:44:30,3.64,--,22,8008,卖盘
179,14:44:24,3.64,-0.01,319,116116,卖盘
180,14:44:18,3.65,0.01,19,6935,买盘
181,14:44:15,3.64,--,202,73528,卖盘
182,14:44:09,3.64,--,61,22204,卖盘
183,14:44:00,3.64,-0.01,372,135408,卖盘
184,14:43:54,3.65,0.01,43,15695,买盘
185,14:43:48,3.64,-0.01,33,12012,卖盘
186,14:43:45,3.65,--,46,16790,买盘
187,14:43:39,3.65,0.01,83,30419,买盘
188,14:43:33,3.64,--,148,53872,卖盘
189,14:43:30,3.64,-0.01,272,99008,卖盘
190,14:43:24,3.65,--,15,5664,买盘
191,14:43:15,3.65,--,202,73730,买盘
192,14:43:00,3.65,0.01,29,10585,买盘
193,14:42:54,3.64,--,35,12740,卖盘
194,14:42:45,3.64,--,30,10920,卖盘
195,14:42:33,3.64,-0.01,10,3640,卖盘
196,14:42:24,3.65,0.01,60,21900,买盘
197,14:42:15,3.64,--,100,36400,卖盘
198,14:42:09,3.64,--,48,17472,卖盘
199,14:42:03,3.64,-0.01,150,54600,卖盘
200,14:42:00,3.65,0.01,480,175200,买盘
201,14:41:55,3.64,--,39,14196,卖盘
202,14:41:48,3.64,--,171,62244,卖盘
203,14:41:39,3.64,-0.01,48,17472,卖盘
204,14:41:33,3.65,0.01,91,33215,买盘
205,14:41:30,3.64,-0.01,51,18564,卖盘
206,14:41:24,3.65,--,224,81760,买盘
207,14:41:18,3.65,--,256,93440,买盘
208,14:41:15,3.65,--,103,37595,买盘
209,14:41:09,3.65,0.01,390,142350,买盘
210,14:41:03,3.64,-0.01,10,3640,卖盘
211,14:40:49,3.65,0.01,87,31755,买盘
212,14:40:43,3.64,--,235,85540,卖盘
213,14:40:39,3.64,--,128,46592,卖盘
214,14:40:33,3.64,--,1314,478296,卖盘
215,14:40:24,3.64,-0.01,373,135772,卖盘
216,14:40:18,3.65,0.01,8,2920,买盘
217,14:40:09,3.64,--,87,31748,卖盘
218,14:39:59,3.64,--,33,12012,卖盘
219,14:39:48,3.64,--,239,86996,卖盘
220,14:39:44,3.64,-0.01,12,4368,卖盘
221,14:39:39,3.65,0.01,448,163520,买盘
222,14:39:33,3.64,--,800,291200,卖盘
223,14:39:27,3.64,-0.01,41,14924,卖盘
224,14:39:18,3.65,0.01,234,85410,买盘
225,14:39:13,3.64,--,32,11648,卖盘
226,14:39:09,3.64,-0.01,12,4368,卖盘
227,14:39:03,3.65,0.01,117,42705,买盘
228,14:38:54,3.64,--,254,92456,卖盘
229,14:38:48,3.64,--,187,68068,卖盘
230,14:38:44,3.64,-0.01,20,7280,卖盘
231,14:38:39,3.65,0.01,362,132130,买盘
232,14:38:33,3.64,--,100,36400,卖盘
233,14:38:29,3.64,--,118,42952,卖盘
234,14:38:24,3.64,--,79,28756,卖盘
235,14:38:18,3.64,--,78,28392,卖盘
236,14:38:09,3.64,-0.01,16,5824,卖盘
237,14:38:03,3.65,0.01,117,42705,买盘
238,14:37:57,3.64,-0.01,232,84448,卖盘
239,14:37:54,3.65,0.01,150,54750,买盘
240,14:37:48,3.64,--,288,104832,卖盘
241,14:37:39,3.64,-0.01,55,20020,卖盘
242,14:37:33,3.65,0.01,2,730,买盘
243,14:37:18,3.64,--,70,25480,卖盘
244,14:37:09,3.64,--,297,108330,卖盘
245,14:37:03,3.64,-0.01,68,24752,卖盘
246,14:36:57,3.65,0.01,30,10950,买盘
247,14:36:54,3.64,--,98,35897,卖盘
248,14:36:48,3.64,--,512,186368,卖盘
249,14:36:39,3.64,--,0,3,卖盘
250,14:36:33,3.64,--,32,11648,卖盘
251,14:36:24,3.64,--,204,74256,卖盘
252,14:36:09,3.64,--,290,105560,卖盘
253,14:35:54,3.64,--,846,307944,卖盘
254,14:35:48,3.64,-0.01,189,68796,卖盘
255,14:35:33,3.65,--,20,7300,买盘
256,14:35:24,3.65,0.01,212,77380,买盘
257,14:35:12,3.64,--,18,6552,卖盘
258,14:35:09,3.64,--,364,132496,卖盘
259,14:35:03,3.64,--,1226,446264,卖盘
260,14:34:54,3.64,-0.01,204,74256,卖盘
261,14:34:48,3.65,0.01,1,365,买盘
262,14:34:41,3.64,--,204,74256,卖盘
263,14:34:39,3.64,-0.01,284,103376,卖盘
264,14:34:33,3.65,--,118,43070,卖盘
265,14:34:24,3.65,--,171,62415,卖盘
266,14:34:09,3.65,--,100,36500,卖盘
267,14:33:57,3.65,--,368,134320,卖盘
268,14:33:48,3.65,--,33,12045,卖盘
269,14:33:42,3.65,--,171,62415,卖盘
270,14:33:33,3.65,--,2,730,卖盘
271,14:33:27,3.65,--,43,15695,卖盘
272,14:33:23,3.65,--,5,1825,卖盘
273,14:33:09,3.65,-0.01,35,12775,卖盘
274,14:33:03,3.66,0.01,320,117120,买盘
275,14:32:57,3.65,--,30,10950,卖盘
276,14:32:51,3.65,--,171,62415,卖盘
277,14:32:48,3.65,--,240,87600,卖盘
278,14:32:38,3.65,-0.01,4,1460,卖盘
279,14:32:33,3.66,0.01,7,2562,买盘
280,14:32:27,3.65,--,65,23725,卖盘
281,14:32:18,3.65,--,223,81395,卖盘
282,14:32:12,3.65,-0.01,18,6570,卖盘
283,14:32:07,3.66,--,82,30012,买盘
284,14:32:03,3.66,0.01,259,94794,买盘
285,14:31:57,3.65,--,11,4015,卖盘
286,14:31:48,3.65,--,342,124830,卖盘
287,14:31:37,3.65,--,325,118625,买盘
288,14:31:33,3.65,0.01,10,3650,买盘
289,14:31:27,3.64,--,4,1456,卖盘
290,14:31:18,3.64,--,28,10192,卖盘
291,14:31:12,3.64,--,15,5460,卖盘
292,14:31:06,3.64,--,3,1092,卖盘
293,14:30:57,3.64,-0.01,404,147056,卖盘
294,14:30:51,3.65,0.01,24,8760,买盘
295,14:30:48,3.64,-0.01,326,118664,卖盘
296,14:30:42,3.65,0.01,1737,634005,买盘
297,14:30:33,3.64,-0.01,215,78260,卖盘
298,14:30:21,3.65,--,211,77015,买盘
299,14:30:18,3.65,0.01,46,16790,买盘
300,14:30:06,3.64,-0.01,204,74256,卖盘
301,14:30:03,3.65,--,363,132495,卖盘
302,14:29:57,3.65,--,869,317185,卖盘
303,14:29:51,3.65,--,321,117165,卖盘
304,14:29:48,3.65,--,543,198195,卖盘
305,14:29:42,3.65,--,408,148920,卖盘
306,14:29:36,3.65,--,10,3650,卖盘
307,14:29:27,3.65,-0.01,219,79935,卖盘
308,14:29:21,3.66,--,60,21960,买盘
309,14:29:12,3.66,0.01,349,127734,买盘
310,14:29:06,3.65,-0.01,181,66065,卖盘
311,14:29:03,3.66,0.01,10,3660,买盘
312,14:28:57,3.65,-0.01,32,11680,卖盘
313,14:28:48,3.66,--,5,1830,买盘
314,14:28:42,3.66,0.01,41,15006,买盘
315,14:28:36,3.65,-0.01,171,62415,卖盘
316,14:28:33,3.66,0.01,241,88206,买盘
317,14:28:27,3.65,-0.01,141,51465,卖盘
318,14:28:21,3.66,0.01,8,2928,买盘
319,14:28:17,3.65,-0.01,420,153300,卖盘
320,14:28:03,3.66,0.01,200,73200,买盘
321,14:27:57,3.65,-0.01,10,3650,卖盘
322,14:27:48,3.66,--,403,147498,买盘
323,14:27:42,3.66,--,50,18300,买盘
324,14:27:33,3.66,0.01,54,19764,买盘
325,14:27:27,3.65,-0.01,401,146365,卖盘
326,14:27:21,3.66,--,42,15372,买盘
327,14:27:12,3.66,--,94,34404,买盘
328,14:27:06,3.66,0.01,5,1830,买盘
329,14:27:03,3.65,--,35,12775,卖盘
330,14:26:57,3.65,--,949,346385,卖盘
331,14:26:47,3.65,-0.01,98,35770,卖盘
332,14:26:42,3.66,0.01,41,15006,买盘
333,14:26:36,3.65,--,112,40880,卖盘
334,14:26:27,3.65,--,5,1825,卖盘
335,14:26:21,3.65,--,38,13870,卖盘
336,14:26:12,3.65,--,79,28835,卖盘
337,14:26:06,3.65,-0.01,20,7300,卖盘
338,14:25:57,3.66,--,258,94428,买盘
339,14:25:51,3.66,--,176,64416,买盘
340,14:25:47,3.66,0.01,260,95160,买盘
341,14:25:36,3.65,-0.01,1,365,卖盘
342,14:25:27,3.66,0.01,2916,1067256,买盘
343,14:25:21,3.65,--,8,2920,买盘
344,14:25:06,3.65,0.01,5,1825,买盘
345,14:24:57,3.64,--,163,59332,卖盘
346,14:24:51,3.64,--,171,62244,卖盘
347,14:24:45,3.64,--,49,17836,卖盘
348,14:24:42,3.64,-0.01,36,13104,卖盘
349,14:24:21,3.65,0.01,6,2190,买盘
350,14:24:06,3.64,--,12,4368,卖盘
351,14:24:00,3.64,-0.01,38,13832,卖盘
352,14:23:57,3.65,0.01,5,1825,买盘
353,14:23:51,3.64,-0.01,247,89908,卖盘
354,14:23:36,3.65,--,157,57305,买盘
355,14:23:21,3.65,--,3,1095,买盘
356,14:23:11,3.65,0.01,70,25550,买盘
357,14:23:06,3.64,-0.01,18,6552,卖盘
358,14:22:57,3.65,--,1,365,买盘
359,14:22:51,3.65,--,20,7300,买盘
360,14:22:45,3.65,0.01,105,38325,买盘
361,14:22:41,3.64,-0.01,171,62244,卖盘
362,14:22:36,3.65,0.01,51,18615,买盘
363,14:22:12,3.64,-0.01,287,104468,卖盘
364,14:21:51,3.65,0.01,131,47815,买盘
365,14:21:45,3.64,-0.01,26,9464,卖盘
366,14:21:42,3.65,--,53,19345,卖盘
367,14:21:36,3.65,--,70,25550,卖盘
368,14:21:26,3.65,--,100,36500,卖盘
369,14:21:21,3.65,--,224,81760,卖盘
370,14:21:15,3.65,--,30,10950,卖盘
371,14:21:12,3.65,--,145,52925,卖盘
372,14:21:06,3.65,-0.01,9,3285,卖盘
373,14:21:00,3.66,0.01,259,94794,买盘
374,14:20:45,3.65,-0.01,31,11315,卖盘
375,14:20:42,3.66,0.01,26,9516,买盘
376,14:20:30,3.65,-0.01,181,66065,卖盘
377,14:20:27,3.66,--,1,366,买盘
378,14:20:21,3.66,0.01,42,15372,买盘
379,14:20:12,3.65,--,367,133955,卖盘
380,14:20:00,3.65,--,89,32485,卖盘
381,14:19:57,3.65,--,148,54020,卖盘
382,14:19:50,3.65,--,223,81395,卖盘
383,14:19:45,3.65,--,20,7300,卖盘
384,14:19:42,3.65,-0.01,223,81395,卖盘
385,14:19:36,3.66,0.01,1,366,买盘
386,14:19:30,3.65,--,288,105120,卖盘
387,14:19:21,3.65,--,20,7300,卖盘
388,14:19:15,3.65,-0.01,43,15695,卖盘
389,14:19:06,3.66,0.01,13,4758,买盘
390,14:18:59,3.65,--,100,36500,卖盘
391,14:18:51,3.65,--,30,10950,卖盘
392,14:18:45,3.65,--,33,12045,卖盘
393,14:18:41,3.65,--,643,234695,卖盘
394,14:18:35,3.65,-0.01,10,3650,卖盘
395,14:18:29,3.66,--,128,46848,买盘
396,14:18:20,3.66,--,76,27816,买盘
397,14:18:15,3.66,0.01,50,18300,买盘
398,14:18:10,3.65,--,20,7300,卖盘
399,14:18:06,3.65,--,120,43800,卖盘
400,14:18:00,3.65,-0.01,622,227030,卖盘
401,14:17:51,3.66,--,300,109800,买盘
402,14:17:45,3.66,0.01,214,78324,买盘
403,14:17:36,3.65,--,1,365,卖盘
404,14:17:21,3.65,--,375,136875,卖盘
405,14:17:15,3.65,--,988,360813,买盘
406,14:17:05,3.65,--,2914,1063610,买盘
407,14:17:00,3.65,--,2825,1031125,买盘
408,14:16:50,3.65,--,5012,1829380,买盘
409,14:16:45,3.65,--,45,16425,买盘
410,14:16:40,3.65,0.01,5000,1825000,买盘
411,14:16:36,3.64,--,51,18564,卖盘
412,14:16:30,3.64,-0.01,0,94,卖盘
413,14:16:23,3.65,--,5000,1825000,买盘
414,14:16:21,3.65,--,62,22630,买盘
415,14:16:15,3.65,--,5000,1825000,买盘
416,14:15:59,3.65,0.01,5000,1825000,买盘
417,14:15:53,3.64,--,38,13832,卖盘
418,14:15:50,3.64,-0.01,60,21840,卖盘
419,14:15:45,3.65,--,5041,1839965,买盘
420,14:15:38,3.65,0.01,5,1825,买盘
421,14:15:29,3.64,--,50,18200,卖盘
422,14:15:14,3.64,--,31,11284,卖盘
423,14:15:05,3.64,-0.01,277,100828,卖盘
424,14:14:50,3.65,0.01,222,81030,买盘
425,14:14:44,3.64,--,20,7280,卖盘
426,14:14:35,3.64,--,31,11284,卖盘
427,14:14:29,3.64,--,589,214396,卖盘
428,14:14:23,3.64,--,20,7280,卖盘
429,14:14:08,3.64,--,227,82628,卖盘
430,14:13:59,3.64,-0.01,34,12376,卖盘
431,14:13:53,3.65,--,1,365,买盘
432,14:13:44,3.65,--,10,3650,买盘
433,14:13:38,3.65,0.01,2,730,买盘
434,14:13:30,3.64,-0.01,18,6552,卖盘
435,14:13:05,3.65,0.01,108,39420,买盘
436,14:12:59,3.64,--,300,109200,卖盘
437,14:12:50,3.64,--,32,11648,卖盘
438,14:12:44,3.64,--,58,21112,卖盘
439,14:12:39,3.64,-0.01,108,39312,卖盘
440,14:12:35,3.65,--,158,57670,买盘
441,14:12:30,3.65,--,8,2920,买盘
442,14:12:20,3.65,0.01,264,96360,买盘
443,14:12:14,3.64,--,182,66248,卖盘
444,14:11:50,3.64,-0.01,40,14560,卖盘
445,14:11:38,3.65,0.01,515,187975,买盘
446,14:11:29,3.64,-0.01,10,3640,卖盘
447,14:11:18,3.65,0.01,130,47450,买盘
448,14:11:14,3.64,--,42,15488,卖盘
449,14:11:08,3.64,--,35,12740,卖盘
450,14:11:00,3.64,-0.01,59,21690,中性盘
451,14:10:53,3.65,0.01,421,153665,买盘
452,14:10:44,3.64,--,7,2548,中性盘
453,14:10:38,3.64,--,846,307944,卖盘
454,14:10:34,3.64,--,257,93548,卖盘
455,14:10:29,3.64,--,951,346164,卖盘
456,14:10:23,3.64,--,1285,467740,卖盘
457,14:10:17,3.64,-0.01,6,2184,卖盘
458,14:09:59,3.65,0.01,15,5475,买盘
459,14:09:38,3.64,--,39,14196,卖盘
460,14:09:17,3.64,--,45,16380,卖盘
461,14:09:08,3.64,--,31,11284,卖盘
462,14:09:02,3.64,-0.01,13,4732,卖盘
463,14:08:59,3.65,0.01,1,365,买盘
464,14:08:53,3.64,-0.01,50,18200,卖盘
465,14:08:47,3.65,0.01,24,8760,买盘
466,14:08:44,3.64,--,16,5824,卖盘
467,14:08:38,3.64,-0.01,208,75712,卖盘
468,14:08:23,3.65,0.01,17,6205,买盘
469,14:08:14,3.64,--,41,14924,卖盘
470,14:08:03,3.64,--,6,2184,卖盘
471,14:07:53,3.64,--,10,3640,卖盘
472,14:07:47,3.64,--,17,6188,卖盘
473,14:07:44,3.64,--,1028,374195,买盘
474,14:07:38,3.64,--,207,75348,买盘
475,14:07:29,3.64,--,67,24388,买盘
476,14:07:23,3.64,--,21,7644,买盘
477,14:07:17,3.64,--,327,119028,买盘
478,14:07:14,3.64,--,20,7280,买盘
479,14:07:08,3.64,0.01,165,60060,买盘
480,14:07:02,3.63,--,70,25410,卖盘
481,14:06:59,3.63,--,464,168432,卖盘
482,14:06:53,3.63,--,241,87483,卖盘
483,14:06:47,3.63,-0.01,710,257730,卖盘
484,14:06:44,3.64,--,25,9100,买盘
485,14:06:38,3.64,0.01,10,3640,买盘
486,14:06:29,3.63,--,116,42108,卖盘
487,14:06:17,3.63,-0.01,73,26499,卖盘
488,14:06:14,3.64,--,154,56056,买盘
489,14:06:08,3.64,--,230,83720,买盘
490,14:06:02,3.64,--,50,18200,买盘
491,14:05:59,3.64,--,18,6552,买盘
492,14:05:53,3.64,0.01,2065,751660,买盘
493,14:05:47,3.63,-0.01,25,9075,卖盘
494,14:05:44,3.64,--,862,313768,买盘
495,14:05:39,3.64,--,16,5824,买盘
496,14:05:32,3.64,0.01,30,10920,买盘
497,14:05:29,3.63,-0.01,205,74415,卖盘
498,14:05:23,3.64,0.01,426,155064,买盘
499,14:05:17,3.63,-0.01,266,96558,卖盘
500,14:05:14,3.64,0.01,21,7644,买盘
501,14:05:08,3.63,-0.01,39,14157,卖盘
502,14:04:59,3.64,--,539,196196,买盘
503,14:04:53,3.64,--,116,42224,买盘
504,14:04:44,3.64,--,391,142324,买盘
505,14:04:38,3.64,--,157,57148,买盘
506,14:04:32,3.64,0.01,30,10920,买盘
507,14:04:29,3.63,-0.01,58,21054,卖盘
508,14:04:23,3.64,--,210,76440,买盘
509,14:04:17,3.64,--,68,24752,买盘
510,14:04:14,3.64,--,240,87360,买盘
511,14:03:58,3.64,--,51,18564,买盘
512,14:03:53,3.64,--,250,91000,买盘
513,14:03:48,3.64,--,50,18200,买盘
514,14:03:42,3.64,--,155,56420,买盘
515,14:03:38,3.64,0.01,135,49140,买盘
516,14:03:32,3.63,-0.01,206,74778,卖盘
517,14:03:27,3.64,0.01,34,12376,买盘
518,14:03:23,3.63,-0.01,15,5445,卖盘
519,14:03:17,3.64,--,245,89180,买盘
520,14:03:08,3.64,--,260,94640,买盘
521,14:03:02,3.64,0.01,454,165256,买盘
522,14:02:58,3.63,-0.01,40,14520,卖盘
523,14:02:53,3.64,--,110,40040,买盘
524,14:02:47,3.64,--,19,6916,买盘
525,14:02:38,3.64,--,92,33488,买盘
526,14:02:33,3.64,--,215,78260,买盘
527,14:02:29,3.64,--,60,21840,买盘
528,14:02:23,3.64,--,421,153244,买盘
529,14:02:17,3.64,--,97,35308,买盘
530,14:02:13,3.64,--,4,1456,买盘
531,14:02:08,3.64,--,47,17108,买盘
532,14:02:02,3.64,--,59,21476,买盘
533,14:01:53,3.64,--,6,2184,买盘
534,14:01:47,3.64,--,87,31668,买盘
535,14:01:41,3.64,--,26,9464,买盘
536,14:01:39,3.64,0.01,100,36400,买盘
537,14:01:32,3.63,-0.01,21,7623,卖盘
538,14:01:26,3.64,--,20,7280,买盘
539,14:01:24,3.64,--,514,187096,买盘
540,14:01:17,3.64,--,137,49868,买盘
541,14:01:11,3.64,--,105,38220,买盘
542,14:01:08,3.64,0.01,72,26208,买盘
543,14:01:02,3.63,-0.01,51,18513,卖盘
544,14:00:53,3.64,0.01,320,116480,买盘
545,14:00:47,3.63,-0.01,21,7623,卖盘
546,14:00:41,3.64,--,106,38584,买盘
547,14:00:38,3.64,--,814,296296,买盘
548,14:00:32,3.64,--,158,57512,买盘
549,14:00:26,3.64,--,147,53508,买盘
550,14:00:23,3.64,--,270,98280,买盘
551,14:00:18,3.64,--,883,321412,买盘
552,14:00:11,3.64,--,227,82628,买盘
553,14:00:08,3.64,--,50,18200,买盘
554,14:00:02,3.64,--,183,66612,买盘
555,13:59:56,3.64,--,10,3640,买盘
556,13:59:53,3.64,0.01,53,19292,买盘
557,13:59:47,3.63,-0.01,446,162170,卖盘
558,13:59:41,3.64,--,200,72800,买盘
559,13:59:38,3.64,--,288,104832,买盘
560,13:59:32,3.64,--,255,92820,买盘
561,13:59:26,3.64,--,15,5460,买盘
562,13:59:23,3.64,--,102,37128,买盘
563,13:59:17,3.64,--,100,36400,买盘
564,13:59:11,3.64,--,134,48776,买盘
565,13:59:08,3.64,--,44,16016,买盘
566,13:59:02,3.64,0.01,90,32760,买盘
567,13:58:56,3.63,-0.01,126,45738,卖盘
568,13:58:53,3.64,0.01,122,44408,买盘
569,13:58:47,3.63,--,1136,412368,卖盘
570,13:58:41,3.63,-0.01,156,56628,卖盘
571,13:58:38,3.64,--,169,61516,买盘
572,13:58:33,3.64,0.01,438,159432,买盘
573,13:58:27,3.63,--,379,137577,卖盘
574,13:58:17,3.63,-0.01,1129,409827,卖盘
575,13:58:11,3.64,0.01,60,21840,买盘
576,13:58:08,3.63,--,55,19965,卖盘
577,13:58:02,3.63,--,536,194568,卖盘
578,13:57:56,3.63,--,274,99462,卖盘
579,13:57:53,3.63,-0.01,782,283866,卖盘
580,13:57:47,3.64,--,339,123396,买盘
581,13:57:41,3.64,0.01,154,56056,买盘
582,13:57:38,3.63,-0.01,69,25047,卖盘
583,13:57:33,3.64,--,108,39312,买盘
584,13:57:27,3.64,--,200,72800,买盘
585,13:57:23,3.64,0.01,5,1820,买盘
586,13:57:17,3.63,-0.01,155,56265,卖盘
587,13:57:11,3.64,0.01,240,87360,买盘
588,13:57:08,3.63,--,32,11616,卖盘
589,13:57:02,3.63,--,53,19239,卖盘
590,13:56:56,3.63,--,186,67518,卖盘
591,13:56:47,3.63,--,266,96558,卖盘
592,13:56:41,3.63,-0.01,248,90024,卖盘
593,13:56:32,3.64,--,130,47320,买盘
594,13:56:26,3.64,0.01,100,36400,买盘
595,13:56:23,3.63,--,36,13068,卖盘
596,13:56:17,3.63,-0.01,45,16335,卖盘
597,13:56:12,3.64,0.01,1142,415688,买盘
598,13:56:08,3.63,--,275,99825,卖盘
599,13:56:03,3.63,-0.01,190,68970,卖盘
600,13:55:57,3.64,--,1185,431340,卖盘
601,13:55:53,3.64,--,1317,479388,卖盘
602,13:55:47,3.64,--,10177,3704428,卖盘
603,13:55:38,3.64,--,2504,911456,卖盘
604,13:55:32,3.64,--,464,168896,卖盘
605,13:55:27,3.64,-0.01,12,4368,卖盘
606,13:55:22,3.65,0.01,40,14600,买盘
607,13:55:17,3.64,--,1811,659204,卖盘
608,13:55:11,3.64,-0.01,277,100828,卖盘
609,13:55:07,3.65,0.01,1,365,买盘
610,13:55:02,3.64,--,4,1456,卖盘
611,13:54:56,3.64,--,282,102648,卖盘
612,13:54:51,3.64,--,600,218400,卖盘
613,13:54:47,3.64,--,30,10920,卖盘
614,13:54:42,3.64,--,6,2184,卖盘
615,13:54:37,3.64,--,110,40040,卖盘
616,13:54:32,3.64,--,440,160160,卖盘
617,13:54:26,3.64,--,286,104104,卖盘
618,13:54:11,3.64,--,71,25844,卖盘
619,13:54:05,3.64,--,38,13832,卖盘
620,13:54:02,3.64,--,204,74256,卖盘
621,13:53:56,3.64,--,289,105196,卖盘
622,13:53:50,3.64,--,30,10920,卖盘
623,13:53:47,3.64,--,350,127400,卖盘
624,13:53:41,3.64,--,410,149240,卖盘
625,13:53:32,3.64,--,500,182000,卖盘
626,13:53:26,3.64,--,160,58240,卖盘
627,13:53:20,3.64,--,39,14196,卖盘
628,13:53:17,3.64,--,60,21840,卖盘
629,13:53:11,3.64,--,292,106288,卖盘
630,13:53:05,3.64,--,24,8736,卖盘
631,13:52:56,3.64,--,171,62244,卖盘
632,13:52:47,3.64,--,84,30576,卖盘
633,13:52:41,3.64,-0.01,177,64428,卖盘
634,13:52:26,3.65,--,42,15330,买盘
635,13:52:17,3.65,--,379,138335,买盘
636,13:52:11,3.65,0.01,10,3650,买盘
637,13:52:02,3.64,--,335,121940,卖盘
638,13:51:56,3.64,-0.01,67,24388,卖盘
639,13:51:50,3.65,0.01,487,177755,买盘
640,13:51:47,3.64,-0.01,148,53872,卖盘
641,13:51:41,3.65,0.01,5,1825,买盘
642,13:51:32,3.64,--,200,72800,卖盘
643,13:51:26,3.64,-0.01,13,4732,卖盘
644,13:51:17,3.65,--,243,88695,买盘
645,13:51:11,3.65,0.01,204,74460,买盘
646,13:51:02,3.64,-0.01,746,271544,卖盘
647,13:50:56,3.65,--,1,365,买盘
648,13:50:47,3.65,--,205,74825,买盘
649,13:50:41,3.65,0.01,158,57670,买盘
650,13:50:35,3.64,-0.01,193,70252,卖盘
651,13:50:32,3.65,0.01,117,42705,买盘
652,13:50:26,3.64,-0.01,153,55692,卖盘
653,13:50:20,3.65,0.01,1,365,买盘
654,13:50:17,3.64,--,73,26572,卖盘
655,13:50:11,3.64,--,587,213668,卖盘
656,13:50:05,3.64,--,50,18200,卖盘
657,13:50:02,3.64,--,40,14560,卖盘
658,13:49:56,3.64,-0.01,496,180544,卖盘
659,13:49:47,3.65,0.01,10,3650,买盘
660,13:49:41,3.64,--,5,1820,卖盘
661,13:49:35,3.64,-0.01,150,54600,卖盘
662,13:49:31,3.65,0.01,89,32485,买盘
663,13:49:27,3.64,--,213,77532,卖盘
664,13:49:20,3.64,--,60,21840,卖盘
665,13:48:50,3.64,--,693,252252,卖盘
666,13:48:41,3.64,--,100,36400,卖盘
667,13:48:35,3.64,-0.01,40,14560,卖盘
668,13:48:29,3.65,0.01,810,295650,买盘
669,13:48:26,3.64,--,298,108472,卖盘
670,13:48:20,3.64,-0.01,254,92456,卖盘
671,13:48:14,3.65,0.01,100,36500,买盘
672,13:48:11,3.64,--,69,25116,卖盘
673,13:48:05,3.64,--,57,20748,卖盘
674,13:47:56,3.64,--,280,101920,卖盘
675,13:47:50,3.64,-0.01,36,13104,卖盘
676,13:47:44,3.65,--,645,235425,买盘
677,13:47:41,3.65,0.01,13,4745,买盘
678,13:47:35,3.64,--,1077,392028,卖盘
679,13:47:30,3.64,--,2,728,卖盘
680,13:47:20,3.64,--,100,36400,卖盘
681,13:47:14,3.64,--,33,12012,卖盘
682,13:47:11,3.64,-0.01,1424,518336,卖盘
683,13:47:05,3.65,--,88,32120,买盘
684,13:46:50,3.65,0.01,120,43800,买盘
685,13:46:44,3.64,--,10,3640,卖盘
686,13:46:41,3.64,--,50,18200,卖盘
687,13:46:35,3.64,--,724,263536,卖盘
688,13:46:26,3.64,--,1,364,卖盘
689,13:46:20,3.64,--,55,20020,卖盘
690,13:46:14,3.64,--,125,45500,卖盘
691,13:46:11,3.64,--,3,1092,卖盘
692,13:46:05,3.64,-0.01,88,32032,卖盘
693,13:45:59,3.65,--,114,41610,买盘
694,13:45:55,3.65,--,489,178485,买盘
695,13:45:51,3.65,0.01,1346,491290,买盘
696,13:45:44,3.64,--,243,88452,卖盘
697,13:45:26,3.64,--,611,222404,卖盘
698,13:45:11,3.64,-0.01,80,29120,卖盘
699,13:45:05,3.65,0.01,114,41610,买盘
700,13:44:59,3.64,-0.01,71,25844,卖盘
701,13:44:56,3.65,0.01,177,64605,买盘
702,13:44:50,3.64,--,93,33852,卖盘
703,13:44:41,3.64,--,193,70252,卖盘
704,13:44:25,3.64,--,240,87360,卖盘
705,13:44:20,3.64,-0.01,50,18200,卖盘
706,13:44:14,3.65,0.01,100,36500,买盘
707,13:44:11,3.64,--,2132,776048,卖盘
708,13:43:59,3.64,--,68,24752,卖盘
709,13:43:56,3.64,--,107,38948,卖盘
710,13:43:50,3.64,-0.01,34,12376,卖盘
711,13:43:44,3.65,0.01,116,42340,买盘
712,13:43:41,3.64,--,144,52416,卖盘
713,13:43:35,3.64,--,1160,422240,卖盘
714,13:43:26,3.64,--,27,9828,卖盘
715,13:43:20,3.64,--,1514,551234,卖盘
716,13:43:14,3.64,--,193,70252,卖盘
717,13:43:11,3.64,--,197,71708,卖盘
718,13:43:05,3.64,-0.01,215,78260,卖盘
719,13:42:59,3.65,0.01,4,1460,买盘
720,13:42:56,3.64,--,322,117208,卖盘
721,13:42:50,3.64,--,507,184548,卖盘
722,13:42:44,3.64,--,403,147012,卖盘
723,13:42:41,3.64,--,33,12012,卖盘
724,13:42:35,3.64,--,483,175812,卖盘
725,13:42:29,3.64,--,720,262080,卖盘
726,13:42:25,3.64,--,263,95732,卖盘
727,13:42:20,3.64,--,204,74256,卖盘
728,13:42:14,3.64,-0.01,205,74620,卖盘
729,13:42:10,3.65,--,171,62415,买盘
730,13:41:53,3.65,0.01,10,3650,买盘
731,13:41:50,3.64,-0.01,32,11648,卖盘
732,13:41:35,3.65,0.01,356,129940,买盘
733,13:41:29,3.64,-0.01,36,13104,卖盘
734,13:41:14,3.65,--,280,102200,买盘
735,13:41:05,3.65,--,20,7300,买盘
736,13:40:59,3.65,--,26,9490,买盘
737,13:40:50,3.65,--,502,183230,买盘
738,13:40:44,3.65,--,66,24090,买盘
739,13:40:38,3.65,0.01,1,365,买盘
740,13:40:28,3.64,--,10,3640,卖盘
741,13:40:19,3.64,-0.01,133,48412,卖盘
742,13:40:14,3.65,--,66,24090,买盘
743,13:40:04,3.65,--,508,185420,买盘
744,13:39:58,3.65,--,8,2920,买盘
745,13:39:44,3.65,--,221,80665,买盘
746,13:39:35,3.65,--,2,730,买盘
747,13:39:29,3.65,0.01,371,135415,买盘
748,13:39:20,3.64,--,34,12376,卖盘
749,13:39:14,3.64,-0.01,76,27664,卖盘
750,13:39:05,3.65,--,318,116070,买盘
751,13:38:53,3.65,--,57,20805,买盘
752,13:38:44,3.65,0.01,116,42340,买盘
753,13:38:37,3.64,--,55,20020,卖盘
754,13:38:35,3.64,--,169,61516,卖盘
755,13:38:28,3.64,--,66,24024,卖盘
756,13:38:19,3.64,--,50,18200,卖盘
757,13:38:14,3.64,--,69,25116,卖盘
758,13:38:05,3.64,--,5,1820,卖盘
759,13:37:59,3.64,-0.01,37,13468,卖盘
760,13:37:53,3.65,--,50,18250,买盘
761,13:37:44,3.65,0.01,80,29200,买盘
762,13:37:38,3.64,-0.01,300,109200,卖盘
763,13:37:23,3.65,--,20,7300,买盘
764,13:37:20,3.65,--,50,18250,买盘
765,13:37:14,3.65,0.01,76,27740,买盘
766,13:37:04,3.64,-0.01,36,13104,卖盘
767,13:36:59,3.65,0.01,270,98550,买盘
768,13:36:53,3.64,-0.01,148,53872,卖盘
769,13:36:44,3.65,--,80,29200,买盘
770,13:36:35,3.65,--,38,13870,买盘
771,13:36:29,3.65,--,21,7665,买盘
772,13:36:20,3.65,--,180,65700,买盘
773,13:36:14,3.65,0.01,65,23725,买盘
774,13:35:53,3.64,-0.01,46,16744,卖盘
775,13:35:44,3.65,--,66,24090,买盘
776,13:35:38,3.65,--,40,14600,买盘
777,13:35:35,3.65,--,1,365,买盘
778,13:35:29,3.65,--,1732,632180,买盘
779,13:35:23,3.65,--,268,97820,买盘
780,13:35:14,3.65,0.01,66,24090,买盘
781,13:35:08,3.64,-0.01,38,13832,卖盘
782,13:34:59,3.65,0.01,2,730,买盘
783,13:34:52,3.64,-0.01,276,100464,卖盘
784,13:34:43,3.65,0.01,66,24090,买盘
785,13:34:37,3.64,-0.01,166,60424,卖盘
786,13:34:29,3.65,--,94,34310,买盘
787,13:34:18,3.65,0.01,391,142715,买盘
788,13:34:14,3.64,-0.01,72,26208,卖盘
789,13:34:07,3.65,--,82,29930,买盘
790,13:33:59,3.65,0.01,2,730,买盘
791,13:33:44,3.64,-0.01,103,37492,卖盘
792,13:33:29,3.65,--,57,20805,买盘
793,13:33:22,3.65,--,33,12045,买盘
794,13:33:14,3.65,--,66,24090,买盘
795,13:33:08,3.65,0.01,23,8395,买盘
796,13:33:02,3.64,--,32,11648,卖盘
797,13:32:59,3.64,--,288,104832,卖盘
798,13:32:44,3.64,-0.01,248,90272,卖盘
799,13:32:29,3.65,0.01,100,36500,买盘
800,13:32:23,3.64,-0.01,39,14196,卖盘
801,13:32:14,3.65,0.01,166,60590,买盘
802,13:32:08,3.64,--,40,14560,卖盘
803,13:32:02,3.64,--,171,62244,卖盘
804,13:31:47,3.64,-0.01,4,1456,卖盘
805,13:31:44,3.65,--,66,24090,买盘
806,13:31:38,3.65,0.01,20,7300,买盘
807,13:31:32,3.64,--,300,109200,卖盘
808,13:31:29,3.64,--,1118,406952,卖盘
809,13:31:23,3.64,--,11,4004,卖盘
810,13:31:17,3.64,--,90,32760,卖盘
811,13:31:13,3.64,--,144,52416,卖盘
812,13:31:08,3.64,-0.01,20,7280,卖盘
813,13:30:53,3.65,0.01,110,40150,买盘
814,13:30:47,3.64,--,31,11284,卖盘
815,13:30:43,3.64,--,10,3640,卖盘
816,13:30:31,3.64,--,20,7280,卖盘
817,13:30:28,3.64,--,204,74256,卖盘
818,13:30:23,3.64,--,208,75712,卖盘
819,13:30:17,3.64,--,300,109200,卖盘
820,13:30:14,3.64,--,2155,784452,买盘
821,13:30:08,3.64,--,2584,940576,买盘
822,13:30:02,3.64,--,5140,1870960,买盘
823,13:29:59,3.64,0.01,242,88088,买盘
824,13:29:53,3.63,--,26,9438,卖盘
825,13:29:47,3.63,-0.01,158,57589,卖盘
826,13:29:43,3.64,--,4801,1747564,买盘
827,13:29:37,3.64,--,111,40404,买盘
828,13:29:31,3.64,--,48,17472,买盘
829,13:29:29,3.64,--,87,31668,买盘
830,13:29:23,3.64,--,37,13468,买盘
831,13:29:17,3.64,0.01,1102,401128,买盘
832,13:29:14,3.63,--,20,7260,卖盘
833,13:28:58,3.63,--,37,13431,卖盘
834,13:28:43,3.63,-0.01,52,18876,卖盘
835,13:28:28,3.64,--,4,1456,买盘
836,13:28:23,3.64,0.01,3,1092,买盘
837,13:28:16,3.63,-0.01,33,11979,卖盘
838,13:28:14,3.64,--,90,32760,买盘
839,13:28:08,3.64,0.01,30,10920,买盘
840,13:28:01,3.63,-0.01,25,9143,卖盘
841,13:27:53,3.64,--,50,18200,买盘
842,13:27:43,3.64,--,4451,1620276,卖盘
843,13:27:37,3.64,--,58,21112,卖盘
844,13:27:32,3.64,--,19,6916,卖盘
845,13:27:28,3.64,--,100,36400,卖盘
846,13:27:16,3.64,--,66,24024,卖盘
847,13:27:12,3.64,--,152,55328,卖盘
848,13:27:07,3.64,--,15,5642,卖盘
849,13:27:01,3.64,--,136,49504,卖盘
850,13:26:53,3.64,--,1,364,卖盘
851,13:26:47,3.64,--,734,267176,卖盘
852,13:26:37,3.64,--,27,9828,卖盘
853,13:26:31,3.64,--,998,363272,卖盘
854,13:26:16,3.64,--,394,143416,卖盘
855,13:26:08,3.64,-0.01,620,225680,卖盘
856,13:26:01,3.65,0.01,21,7665,买盘
857,13:25:57,3.64,-0.01,200,72800,卖盘
858,13:25:47,3.65,0.01,260,94900,买盘
859,13:25:41,3.64,--,11,4004,卖盘
860,13:25:38,3.64,--,588,214032,卖盘
861,13:25:31,3.64,--,829,301756,卖盘
862,13:25:28,3.64,--,100,36400,卖盘
863,13:25:22,3.64,--,393,143052,卖盘
864,13:25:16,3.64,--,10,3640,卖盘
865,13:25:10,3.64,--,150,54600,卖盘
866,13:25:07,3.64,--,325,118300,卖盘
867,13:25:01,3.64,--,156,56784,卖盘
868,13:24:53,3.64,--,75,27474,卖盘
869,13:24:47,3.64,--,91,33124,卖盘
870,13:24:38,3.64,--,100,36400,卖盘
871,13:24:25,3.64,--,288,104832,卖盘
872,13:24:16,3.64,-0.01,18,6552,卖盘
873,13:24:07,3.65,0.01,15,5475,买盘
874,13:23:56,3.64,-0.01,39,14196,卖盘
875,13:23:52,3.65,--,47,17155,买盘
876,13:23:46,3.65,0.01,52,18980,买盘
877,13:23:40,3.64,--,12,4368,卖盘
878,13:23:31,3.64,--,43,15652,卖盘
879,13:23:22,3.64,--,80,29120,卖盘
880,13:23:16,3.64,--,66,24024,卖盘
881,13:23:07,3.64,--,33,12012,卖盘
882,13:22:56,3.64,--,20,7280,卖盘
883,13:22:52,3.64,--,100,36400,卖盘
884,13:22:46,3.64,--,148,53872,卖盘
885,13:22:40,3.64,-0.01,170,61880,卖盘
886,13:22:16,3.65,0.01,36,13140,买盘
887,13:22:01,3.64,--,312,113568,卖盘
888,13:21:55,3.64,-0.01,38,13832,卖盘
889,13:21:52,3.65,0.01,259,94535,买盘
890,13:21:37,3.64,--,120,43680,卖盘
891,13:21:31,3.64,--,6,2184,卖盘
892,13:21:25,3.64,--,90,32760,卖盘
893,13:21:22,3.64,--,10,3640,卖盘
894,13:21:16,3.64,--,341,124124,卖盘
895,13:21:10,3.64,--,36,13104,卖盘
896,13:21:07,3.64,--,49,18094,卖盘
897,13:21:02,3.64,--,65,23660,卖盘
898,13:20:47,3.64,--,3,1092,卖盘
899,13:20:37,3.64,--,21,7644,卖盘
900,13:20:32,3.64,--,838,305032,卖盘
901,13:20:22,3.64,--,21,7644,卖盘
902,13:20:01,3.64,--,134,48776,卖盘
903,13:19:52,3.64,-0.01,331,120484,卖盘
904,13:19:47,3.65,--,1,365,买盘
905,13:19:40,3.65,0.01,7,2555,买盘
906,13:19:31,3.64,--,210,76440,卖盘
907,13:19:21,3.64,-0.01,128,46592,卖盘
908,13:19:16,3.65,0.01,12,4380,买盘
909,13:19:11,3.64,--,106,38700,卖盘
910,13:19:06,3.64,-0.01,103,37492,卖盘
911,13:19:01,3.65,0.01,102,37230,买盘
912,13:18:49,3.64,--,203,73892,卖盘
913,13:18:40,3.64,--,30,10920,卖盘
914,13:18:31,3.64,--,11,4004,卖盘
915,13:18:25,3.64,-0.01,35,12740,卖盘
916,13:18:16,3.65,0.01,32,11680,买盘
917,13:18:11,3.64,--,54,19656,卖盘
918,13:18:02,3.64,--,21,7644,卖盘
919,13:17:55,3.64,--,42,15288,卖盘
920,13:17:46,3.64,-0.01,253,92092,卖盘
921,13:17:40,3.65,0.01,331,120815,买盘
922,13:17:31,3.64,--,453,164892,卖盘
923,13:17:26,3.64,--,2500,910000,卖盘
924,13:17:20,3.64,--,384,139776,卖盘
925,13:17:17,3.64,-0.01,112,40768,卖盘
926,13:17:11,3.65,0.01,300,109500,买盘
927,13:17:04,3.64,--,250,91101,卖盘
928,13:17:02,3.64,-0.01,166,60424,卖盘
929,13:16:55,3.65,0.01,40,14600,买盘
930,13:16:49,3.64,-0.01,1,364,卖盘
931,13:16:40,3.65,0.01,1063,387995,买盘
932,13:16:31,3.64,-0.01,106,38584,卖盘
933,13:16:26,3.65,0.01,25,9125,买盘
934,13:16:16,3.64,-0.01,32,11648,卖盘
935,13:16:10,3.65,0.01,5,1825,买盘
936,13:16:04,3.64,--,204,74256,卖盘
937,13:16:01,3.64,--,127,46228,卖盘
938,13:15:55,3.64,--,204,74256,卖盘
939,13:15:46,3.64,--,102,37128,卖盘
940,13:15:41,3.64,--,632,230048,卖盘
941,13:15:34,3.64,-0.01,31,11284,卖盘
942,13:15:31,3.65,0.01,27,9855,买盘
943,13:15:16,3.64,--,45,16380,卖盘
944,13:15:04,3.64,-0.01,34,12376,卖盘
945,13:15:01,3.65,--,215,78475,买盘
946,13:14:55,3.65,--,211,77015,买盘
947,13:14:46,3.65,0.01,6,2190,买盘
948,13:14:40,3.64,--,60,21840,卖盘
949,13:14:34,3.64,-0.01,100,36400,卖盘
950,13:14:31,3.65,0.01,71,25915,买盘
951,13:14:25,3.64,-0.01,212,77168,卖盘
952,13:14:16,3.65,0.01,153,55845,买盘
953,13:13:56,3.64,-0.01,50,18200,卖盘
954,13:13:50,3.65,--,12,4380,买盘
955,13:13:46,3.65,0.01,1,365,买盘
956,13:13:41,3.64,--,122,44408,卖盘
957,13:13:34,3.64,-0.01,312,113568,卖盘
958,13:13:31,3.65,0.01,2,730,买盘
959,13:13:11,3.64,--,157,57148,卖盘
960,13:13:01,3.64,--,83,30212,卖盘
961,13:12:55,3.64,--,178,64792,卖盘
962,13:12:34,3.64,-0.01,112,40768,卖盘
963,13:12:30,3.65,--,266,97090,买盘
964,13:12:25,3.65,--,197,71905,买盘
965,13:12:19,3.65,--,42,15330,买盘
966,13:12:01,3.65,--,130,47450,买盘
967,13:11:45,3.65,0.01,50,18250,买盘
968,13:11:40,3.64,--,94,34241,卖盘
969,13:11:34,3.64,--,224,81536,卖盘
970,13:11:28,3.64,-0.01,35,12740,卖盘
971,13:11:19,3.65,0.01,37,13505,买盘
972,13:11:10,3.64,--,32,11648,卖盘
973,13:11:04,3.64,-0.01,1041,378924,卖盘
974,13:10:59,3.65,0.01,9,3285,买盘
975,13:10:55,3.64,--,32,11648,卖盘
976,13:10:49,3.64,-0.01,200,72800,卖盘
977,13:10:43,3.65,0.01,133,48545,买盘
978,13:10:41,3.64,-0.01,30,10920,卖盘
979,13:10:34,3.65,--,120,43800,买盘
980,13:10:19,3.65,0.01,3,1095,买盘
981,13:10:10,3.64,-0.01,36,13104,卖盘
982,13:10:05,3.65,--,121,44165,买盘
983,13:09:58,3.65,0.01,1,365,买盘
984,13:09:55,3.64,--,191,69524,卖盘
985,13:09:34,3.64,--,154,56056,卖盘
986,13:09:28,3.64,-0.01,100,36400,卖盘
987,13:09:25,3.65,0.01,832,304034,买盘
988,13:09:19,3.64,-0.01,50,18200,卖盘
989,13:09:13,3.65,--,1,365,买盘
990,13:09:09,3.65,0.01,30,10950,买盘
991,13:08:58,3.64,--,25,9100,卖盘
992,13:08:49,3.64,--,201,73164,卖盘
993,13:08:43,3.64,--,138,50232,卖盘
994,13:08:34,3.64,--,69,25116,卖盘
995,13:08:28,3.64,--,50,18200,卖盘
996,13:08:25,3.64,--,140,50960,卖盘
997,13:08:19,3.64,-0.01,288,104832,卖盘
998,13:08:10,3.65,0.01,421,153665,买盘
999,13:08:04,3.64,--,278,101192,卖盘
1000,13:07:55,3.64,--,284,103376,卖盘
1001,13:07:49,3.64,--,204,74256,卖盘
1002,13:07:40,3.64,--,543,197652,卖盘
1003,13:07:34,3.64,--,32,11648,卖盘
1004,13:07:28,3.64,--,360,131040,卖盘
1005,13:07:25,3.64,-0.01,238,86632,卖盘
1006,13:07:19,3.65,--,5,1825,买盘
1007,13:06:58,3.65,0.01,3,1095,买盘
1008,13:06:55,3.64,--,82,29848,卖盘
1009,13:06:40,3.64,--,18,6552,卖盘
1010,13:06:34,3.64,--,180,65520,卖盘
1011,13:06:25,3.64,--,110,40040,卖盘
1012,13:06:19,3.64,-0.01,812,295568,卖盘
1013,13:06:13,3.65,--,88,32120,买盘
1014,13:06:04,3.65,0.01,46,16790,买盘
1015,13:05:55,3.64,--,10,3640,卖盘
1016,13:05:44,3.64,--,30,10920,卖盘
1017,13:05:40,3.64,--,30,10920,卖盘
1018,13:05:34,3.64,-0.01,139,50596,卖盘
1019,13:05:29,3.65,0.02,4143,1512326,买盘
1020,13:05:25,3.63,-0.01,3004,1090452,卖盘
1021,13:05:19,3.64,--,34,12376,买盘
1022,13:05:13,3.64,--,1365,496860,买盘
1023,13:05:10,3.64,--,140,50960,买盘
1024,13:05:04,3.64,--,45,16380,买盘
1025,13:04:58,3.64,--,1242,452088,买盘
1026,13:04:54,3.64,--,50,18200,买盘
1027,13:04:49,3.64,0.01,116,42224,买盘
1028,13:04:43,3.63,-0.01,235,85305,卖盘
1029,13:04:34,3.64,0.01,71,25844,买盘
1030,13:04:28,3.63,--,140,50820,卖盘
1031,13:04:25,3.63,--,10,3630,卖盘
1032,13:04:20,3.63,-0.01,116,42108,卖盘
1033,13:04:13,3.64,0.01,988,359632,买盘
1034,13:04:09,3.63,-0.01,125,45375,卖盘
1035,13:04:04,3.64,--,802,291928,买盘
1036,13:03:58,3.64,0.01,1031,375284,买盘
1037,13:03:53,3.63,--,237,86031,卖盘
1038,13:03:49,3.63,-0.01,702,254826,卖盘
1039,13:03:43,3.64,--,2117,770588,买盘
1040,13:03:38,3.64,0.01,1098,399672,买盘
1041,13:03:34,3.63,--,50,18150,卖盘
1042,13:03:28,3.63,-0.01,474,172062,卖盘
1043,13:03:19,3.64,0.01,108,39312,买盘
1044,13:03:13,3.63,-0.01,5,1815,卖盘
1045,13:03:08,3.64,--,510,185640,买盘
1046,13:03:04,3.64,--,571,207844,买盘
1047,13:02:58,3.64,--,311,113204,买盘
1048,13:02:52,3.64,--,2747,999908,买盘
1049,13:02:49,3.64,0.01,192,69888,买盘
1050,13:02:43,3.63,--,100,36300,卖盘
1051,13:02:34,3.63,-0.01,596,216348,卖盘
1052,13:02:28,3.64,--,128,46592,买盘
1053,13:02:19,3.64,--,26,9464,买盘
1054,13:02:13,3.64,0.01,187,68068,买盘
1055,13:02:04,3.63,-0.01,137,49731,卖盘
1056,13:01:52,3.64,--,100,36400,买盘
1057,13:01:49,3.64,0.01,50,18200,买盘
1058,13:01:43,3.63,--,88,31944,卖盘
1059,13:01:37,3.63,-0.01,1,363,卖盘
1060,13:01:34,3.64,0.01,2020,735280,买盘
1061,13:01:29,3.63,--,48,17424,卖盘
1062,13:01:22,3.63,--,200,72600,卖盘
1063,13:01:13,3.63,--,35,12705,卖盘
1064,13:01:04,3.63,--,13,4719,卖盘
1065,13:00:49,3.63,-0.01,7,2541,卖盘
1066,13:00:36,3.64,0.01,2,728,买盘
1067,13:00:33,3.63,--,604,219252,卖盘
1068,13:00:19,3.63,-0.01,566,205458,卖盘
1069,13:00:13,3.64,--,454,165256,买盘
1070,13:00:08,3.64,--,4244,1544816,买盘
1071,13:00:04,3.64,--,2835,1031940,买盘
1072,11:30:00,3.64,--,0,0,买盘
1073,11:30:00,3.64,--,0,0,买盘
1074,11:29:59,3.64,--,51,18564,买盘
1075,11:29:54,3.64,0.01,199,72436,买盘
1076,11:29:44,3.63,--,10,3630,卖盘
1077,11:29:35,3.63,-0.01,1,363,卖盘
1078,11:29:23,3.64,--,4,1456,买盘
1079,11:29:20,3.64,--,100,36400,买盘
1080,11:29:15,3.64,0.01,1322,481208,买盘
1081,11:29:08,3.63,--,43,15609,卖盘
1082,11:29:05,3.63,-0.01,133,48279,卖盘
1083,11:28:59,3.64,--,54,19656,买盘
1084,11:28:53,3.64,--,10,3640,买盘
1085,11:28:45,3.64,0.01,199,72436,买盘
1086,11:28:39,3.63,--,10291,3735633,卖盘
1087,11:28:33,3.63,-0.01,1,363,卖盘
1088,11:28:30,3.64,0.01,174,63336,买盘
1089,11:28:24,3.63,--,230,83490,卖盘
1090,11:28:20,3.63,-0.01,20,7260,卖盘
1091,11:28:14,3.64,0.01,175,63700,买盘
1092,11:28:08,3.63,-0.01,308,111804,卖盘
1093,11:28:04,3.64,--,1,364,买盘
1094,11:28:00,3.64,0.01,153,55692,买盘
1095,11:27:54,3.63,--,838,304194,卖盘
1096,11:27:45,3.63,-0.01,244,88572,卖盘
1097,11:27:39,3.64,--,72,26208,买盘
1098,11:27:34,3.64,0.01,411,149604,买盘
1099,11:27:30,3.63,-0.01,206,74778,卖盘
1100,11:27:23,3.64,--,154,56056,买盘
1101,11:27:14,3.64,0.01,227,82628,买盘
1102,11:27:09,3.63,-0.01,272,98736,卖盘
1103,11:26:53,3.64,--,2683,976692,卖盘
1104,11:26:45,3.64,--,2190,797276,卖盘
1105,11:26:38,3.64,--,204,74256,卖盘
1106,11:26:32,3.64,--,204,74256,卖盘
1107,11:26:30,3.64,--,1622,590408,卖盘
1108,11:26:23,3.64,--,1790,651560,卖盘
1109,11:26:17,3.64,--,21,7644,卖盘
1110,11:26:14,3.64,-0.01,3498,1273272,卖盘
1111,11:26:09,3.65,0.01,83,30295,买盘
1112,11:25:59,3.64,-0.01,3920,1426880,卖盘
1113,11:25:54,3.65,0.01,306,111690,买盘
1114,11:25:47,3.64,--,277,100828,卖盘
1115,11:25:44,3.64,--,19,6916,卖盘
1116,11:25:38,3.64,--,605,220220,卖盘
1117,11:25:32,3.64,--,4,1456,卖盘
1118,11:25:29,3.64,--,129,46956,卖盘
1119,11:25:23,3.64,--,36,13104,卖盘
1120,11:25:17,3.64,--,116,42224,卖盘
1121,11:25:14,3.64,--,443,161288,卖盘
1122,11:25:08,3.64,-0.01,245,89180,卖盘
1123,11:25:03,3.65,0.01,58,21170,买盘
1124,11:24:59,3.64,--,1678,610792,卖盘
1125,11:24:53,3.64,--,150,54600,卖盘
1126,11:24:47,3.64,--,20,7280,卖盘
1127,11:24:44,3.64,--,238,86632,卖盘
1128,11:24:32,3.64,--,10,3640,卖盘
1129,11:24:29,3.64,--,254,92456,卖盘
1130,11:24:24,3.64,--,5051,1838564,卖盘
1131,11:24:17,3.64,--,33,12012,卖盘
1132,11:24:14,3.64,--,194,70616,卖盘
1133,11:24:09,3.64,--,416,151424,卖盘
1134,11:23:59,3.64,--,80,29120,卖盘
1135,11:23:53,3.64,--,44,16016,卖盘
1136,11:23:47,3.64,--,100,36400,卖盘
1137,11:23:44,3.64,--,4,1456,卖盘
1138,11:23:38,3.64,--,62,22568,卖盘
1139,11:23:32,3.64,--,10,3640,卖盘
1140,11:23:29,3.64,--,355,129220,卖盘
1141,11:23:23,3.64,--,87,31668,卖盘
1142,11:23:17,3.64,--,31,11284,卖盘
1143,11:23:14,3.64,-0.01,52,18928,卖盘
1144,11:23:08,3.65,0.01,1596,582540,买盘
1145,11:22:59,3.64,--,12,4368,卖盘
1146,11:22:47,3.64,-0.01,80,29120,卖盘
1147,11:22:44,3.65,0.01,100,36500,买盘
1148,11:22:32,3.64,--,146,53144,卖盘
1149,11:22:29,3.64,--,73,26572,卖盘
1150,11:22:23,3.64,-0.01,405,147420,卖盘
1151,11:22:17,3.65,--,25,9125,买盘
1152,11:22:14,3.65,0.01,545,198983,买盘
1153,11:22:08,3.64,--,18,6552,卖盘
1154,11:22:02,3.64,--,1713,623532,卖盘
1155,11:21:58,3.64,-0.01,54,19656,卖盘
1156,11:21:53,3.65,--,261,95265,买盘
1157,11:21:47,3.65,--,20,7300,买盘
1158,11:21:43,3.65,--,22,8030,买盘
1159,11:21:38,3.65,--,108,39420,买盘
1160,11:21:33,3.65,--,10,3650,买盘
1161,11:21:28,3.65,0.01,10,3650,买盘
1162,11:21:23,3.64,--,2,728,卖盘
1163,11:21:17,3.64,--,55,20020,卖盘
1164,11:21:12,3.64,--,204,74256,卖盘
1165,11:21:08,3.64,--,1,364,卖盘
1166,11:21:02,3.64,--,2390,870134,卖盘
1167,11:20:58,3.64,--,293,106652,卖盘
1168,11:20:53,3.64,--,71,25844,卖盘
1169,11:20:38,3.64,--,102,37128,卖盘
1170,11:20:32,3.64,--,4,1456,卖盘
1171,11:20:22,3.64,-0.01,65,23772,卖盘
1172,11:20:17,3.65,--,209,76285,买盘
1173,11:20:09,3.65,0.01,210,76650,买盘
1174,11:20:02,3.64,-0.01,259,94276,卖盘
1175,11:19:59,3.65,--,1,365,买盘
1176,11:19:53,3.65,--,3,1095,买盘
1177,11:19:47,3.65,--,54,19710,买盘
1178,11:19:38,3.65,--,202,73730,买盘
1179,11:19:31,3.65,0.01,2,730,买盘
1180,11:19:26,3.64,--,150,54600,卖盘
1181,11:19:23,3.64,-0.01,112,40768,卖盘
1182,11:19:17,3.65,0.01,10,3650,买盘
1183,11:18:53,3.64,--,296,107744,卖盘
1184,11:18:41,3.64,--,907,330417,卖盘
1185,11:18:26,3.64,-0.01,12,4368,卖盘
1186,11:18:23,3.65,--,11,4015,买盘
1187,11:18:17,3.65,0.01,700,255500,买盘
1188,11:18:12,3.64,-0.01,100,36400,卖盘
1189,11:18:08,3.65,--,7,2555,买盘
1190,11:18:02,3.65,0.01,179,65335,买盘
1191,11:17:56,3.64,--,50,18200,卖盘
1192,11:17:52,3.64,-0.01,200,72800,卖盘
1193,11:17:47,3.65,--,50,18250,买盘
1194,11:17:42,3.65,--,23,8395,买盘
1195,11:17:38,3.65,0.01,1005,366825,买盘
1196,11:17:26,3.64,--,128,46592,卖盘
1197,11:17:23,3.64,--,6,2184,卖盘
1198,11:17:08,3.64,--,32,11648,卖盘
1199,11:17:02,3.64,--,60,21840,卖盘
1200,11:16:53,3.64,-0.01,275,100100,卖盘
1201,11:16:47,3.65,--,52,18980,买盘
1202,11:16:41,3.65,--,109,39785,买盘
1203,11:16:38,3.65,0.01,49,17885,买盘
1204,11:16:32,3.64,--,303,110292,卖盘
1205,11:16:23,3.64,--,60,21840,卖盘
1206,11:16:11,3.64,-0.01,247,89908,卖盘
1207,11:16:02,3.65,0.01,294,107310,买盘
1208,11:15:53,3.64,--,610,222316,卖盘
1209,11:15:47,3.64,-0.01,95,34580,卖盘
1210,11:15:41,3.65,0.01,5,1825,买盘
1211,11:15:38,3.64,-0.01,10,3640,卖盘
1212,11:15:32,3.65,0.01,13,4745,买盘
1213,11:15:26,3.64,-0.01,121,44226,卖盘
1214,11:15:23,3.65,0.01,269,98185,买盘
1215,11:15:17,3.64,--,285,103740,卖盘
1216,11:15:11,3.64,-0.01,297,108108,卖盘
1217,11:15:08,3.65,0.01,38,14052,买盘
1218,11:15:02,3.64,-0.01,653,237692,卖盘
1219,11:14:57,3.65,0.01,60,21900,买盘
1220,11:14:53,3.64,--,1147,417508,卖盘
1221,11:14:47,3.64,--,257,93879,卖盘
1222,11:14:41,3.64,-0.01,10,3640,卖盘
1223,11:14:32,3.65,0.01,1,365,买盘
1224,11:14:17,3.64,--,192,69888,卖盘
1225,11:14:11,3.64,--,16,5824,卖盘
1226,11:14:07,3.64,--,61,22204,卖盘
1227,11:14:02,3.64,-0.01,133,48412,卖盘
1228,11:13:56,3.65,--,259,94535,买盘
1229,11:13:53,3.65,0.01,10,3650,买盘
1230,11:13:47,3.64,-0.01,68,24752,卖盘
1231,11:13:41,3.65,--,270,98550,买盘
1232,11:13:37,3.65,--,56,20440,买盘
1233,11:13:32,3.65,0.01,3,1095,买盘
1234,11:13:26,3.64,--,18,6552,卖盘
1235,11:13:17,3.64,-0.01,80,29120,卖盘
1236,11:13:11,3.65,--,210,76650,买盘
1237,11:13:02,3.65,0.01,65,23725,买盘
1238,11:12:56,3.64,--,110,40040,卖盘
1239,11:12:52,3.64,--,27,9828,卖盘
1240,11:12:46,3.64,-0.01,53,19292,卖盘
1241,11:12:41,3.65,0.01,48,17520,买盘
1242,11:12:37,3.64,--,39,14196,卖盘
1243,11:12:32,3.64,--,37,13468,卖盘
1244,11:12:26,3.64,--,187,68068,卖盘
1245,11:12:21,3.64,--,50,18200,卖盘
1246,11:12:17,3.64,--,50,18200,卖盘
1247,11:12:11,3.64,--,1442,524888,买盘
1248,11:12:06,3.64,--,250,91000,买盘
1249,11:12:02,3.64,--,444,161616,买盘
1250,11:11:56,3.64,--,299,108836,买盘
1251,11:11:47,3.64,--,189,68796,买盘
1252,11:11:41,3.64,0.01,182,66248,买盘
1253,11:11:37,3.63,-0.01,70,25410,卖盘
1254,11:11:32,3.64,--,127,46228,买盘
1255,11:11:26,3.64,--,767,279188,买盘
1256,11:11:20,3.64,0.01,48,17472,买盘
1257,11:11:17,3.63,-0.01,192,69696,卖盘
1258,11:11:11,3.64,--,148,53872,买盘
1259,11:11:05,3.64,--,121,44044,买盘
1260,11:11:02,3.64,--,3764,1370270,卖盘
1261,11:10:56,3.64,--,115,41860,卖盘
1262,11:10:50,3.64,--,100,36400,卖盘
1263,11:10:47,3.64,-0.01,909,330876,卖盘
1264,11:10:41,3.65,0.01,82,29930,买盘
1265,11:10:35,3.64,--,28,10192,卖盘
1266,11:10:32,3.64,--,1065,387660,卖盘
1267,11:10:26,3.64,--,419,152516,卖盘
1268,11:10:20,3.64,--,1234,449176,卖盘
1269,11:10:17,3.64,--,252,91728,卖盘
1270,11:10:11,3.64,-0.01,223,81172,卖盘
1271,11:10:05,3.65,0.01,28,10220,买盘
1272,11:10:02,3.64,--,2741,997724,卖盘
1273,11:09:56,3.64,--,75,27300,卖盘
1274,11:09:50,3.64,--,122,44408,卖盘
1275,11:09:47,3.64,--,378,137592,卖盘
1276,11:09:41,3.64,--,4048,1473566,卖盘
1277,11:09:35,3.64,--,154,56056,卖盘
1278,11:09:32,3.64,--,158,57512,卖盘
1279,11:09:26,3.64,--,220,80080,卖盘
1280,11:09:20,3.64,--,258,93912,卖盘
1281,11:09:17,3.64,--,672,244702,卖盘
1282,11:09:11,3.64,--,960,349440,卖盘
1283,11:09:05,3.64,--,201,73164,卖盘
1284,11:09:02,3.64,--,2748,1000272,卖盘
1285,11:08:56,3.64,--,146,53144,卖盘
1286,11:08:50,3.64,-0.01,40,14560,卖盘
1287,11:08:47,3.65,0.01,242,88330,买盘
1288,11:08:41,3.64,-0.01,111,40404,卖盘
1289,11:08:35,3.65,--,1812,661496,卖盘
1290,11:08:32,3.65,--,2924,1067489,卖盘
1291,11:08:26,3.65,--,14996,5473540,卖盘
1292,11:08:20,3.65,--,160,58400,卖盘
1293,11:08:17,3.65,--,2164,789860,卖盘
1294,11:08:11,3.65,--,374,136765,卖盘
1295,11:08:02,3.65,--,5063,1847995,卖盘
1296,11:07:56,3.65,--,500,182500,卖盘
1297,11:07:50,3.65,--,920,335800,卖盘
1298,11:07:47,3.65,--,365,133225,卖盘
1299,11:07:41,3.65,--,310,113150,卖盘
1300,11:07:35,3.65,--,7,2555,卖盘
1301,11:07:32,3.65,--,100,36500,卖盘
1302,11:07:26,3.65,--,398,145270,卖盘
1303,11:07:20,3.65,-0.01,666,243090,卖盘
1304,11:07:16,3.66,0.01,67,24522,买盘
1305,11:07:11,3.65,-0.01,8,2920,卖盘
1306,11:07:05,3.66,0.01,852,312124,买盘
1307,11:07:02,3.65,-0.01,57,20805,卖盘
1308,11:06:56,3.66,0.01,259,94794,买盘
1309,11:06:50,3.65,--,911,332515,卖盘
1310,11:06:47,3.65,--,83,30295,卖盘
1311,11:06:41,3.65,--,430,156950,卖盘
1312,11:06:35,3.65,--,287,104755,卖盘
1313,11:06:32,3.65,--,231,84315,卖盘
1314,11:06:26,3.65,--,436,159140,卖盘
1315,11:06:20,3.65,--,380,138700,卖盘
1316,11:06:16,3.65,--,288,105120,卖盘
1317,11:06:11,3.65,--,268,97966,卖盘
1318,11:06:05,3.65,--,189,69131,卖盘
1319,11:06:01,3.65,-0.01,6,2190,卖盘
1320,11:05:56,3.66,0.01,1042,381646,买盘
1321,11:05:50,3.65,--,56,20440,卖盘
1322,11:05:41,3.65,--,283,103295,卖盘
1323,11:05:35,3.65,--,342,124830,卖盘
1324,11:05:29,3.65,--,54,19710,卖盘
1325,11:05:26,3.65,-0.01,949,346385,卖盘
1326,11:05:20,3.66,0.01,645,236070,买盘
1327,11:05:14,3.65,--,56,20440,卖盘
1328,11:05:11,3.65,--,425,155125,卖盘
1329,11:05:05,3.65,--,75,27375,卖盘
1330,11:04:56,3.65,-0.01,568,207320,卖盘
1331,11:04:50,3.66,0.01,61,22326,买盘
1332,11:04:41,3.65,--,16,5840,卖盘
1333,11:04:35,3.65,-0.01,520,189800,卖盘
1334,11:04:29,3.66,0.01,70,25620,买盘
1335,11:04:26,3.65,--,159,58035,卖盘
1336,11:04:20,3.65,--,832,303680,卖盘
1337,11:04:16,3.65,--,204,74460,卖盘
1338,11:04:11,3.65,--,164,59860,卖盘
1339,11:04:05,3.65,--,709,258785,卖盘
1340,11:03:59,3.65,--,446,162790,卖盘
1341,11:03:56,3.65,--,21,7665,卖盘
1342,11:03:50,3.65,--,150,54750,卖盘
1343,11:03:41,3.65,--,941,343465,卖盘
1344,11:03:35,3.65,--,154,56210,卖盘
1345,11:03:20,3.65,--,572,208780,卖盘
1346,11:03:14,3.65,--,30,10950,卖盘
1347,11:03:11,3.65,-0.01,249,90885,卖盘
1348,11:03:05,3.66,0.01,154,56364,买盘
1349,11:02:56,3.65,--,1142,416830,卖盘
1350,11:02:50,3.65,--,88,32120,卖盘
1351,11:02:44,3.65,--,107,39055,卖盘
1352,11:02:41,3.65,--,3400,1241000,卖盘
1353,11:02:35,3.65,--,563,205495,卖盘
1354,11:02:29,3.65,--,50,18250,卖盘
1355,11:02:26,3.65,--,4,1460,卖盘
1356,11:02:20,3.65,--,241,87965,卖盘
1357,11:02:14,3.65,--,1069,390185,卖盘
1358,11:02:11,3.65,--,86,31390,卖盘
1359,11:02:05,3.65,--,1052,383980,卖盘
1360,11:01:59,3.65,--,7180,2620700,卖盘
1361,11:01:56,3.65,--,178,64970,卖盘
1362,11:01:50,3.65,--,723,263895,卖盘
1363,11:01:40,3.65,--,222,81030,卖盘
1364,11:01:35,3.65,--,410,149650,卖盘
1365,11:01:29,3.65,--,247,90155,卖盘
1366,11:01:26,3.65,--,3315,1209975,卖盘
1367,11:01:19,3.65,--,574,209510,卖盘
1368,11:01:14,3.65,--,513,187245,卖盘
1369,11:01:11,3.65,--,4568,1667320,卖盘
1370,11:01:05,3.65,-0.01,207,75555,卖盘
1371,11:00:56,3.66,--,8325,3047129,卖盘
1372,11:00:50,3.66,--,2431,889746,卖盘
1373,11:00:44,3.66,--,1139,416874,卖盘
1374,11:00:41,3.66,--,1237,452742,卖盘
1375,11:00:35,3.66,--,1377,503982,卖盘
1376,11:00:29,3.66,--,6756,2472842,卖盘
1377,11:00:26,3.66,--,1714,627470,卖盘
1378,11:00:20,3.66,--,1535,561810,卖盘
1379,11:00:14,3.66,--,4511,1651026,卖盘
1380,11:00:11,3.66,--,3198,1170541,卖盘
1381,11:00:05,3.66,--,9372,3430228,卖盘
1382,10:59:59,3.66,--,506,185342,卖盘
1383,10:59:50,3.66,--,93,34184,卖盘
1384,10:59:44,3.66,--,1055,386422,卖盘
1385,10:59:41,3.66,--,261,95526,卖盘
1386,10:59:35,3.66,--,2007,734708,卖盘
1387,10:59:29,3.66,--,2286,836822,卖盘
1388,10:59:25,3.66,--,503,184390,卖盘
1389,10:59:20,3.66,--,8257,3022354,卖盘
1390,10:59:14,3.66,--,118,43334,卖盘
1391,10:59:11,3.66,--,6,2196,卖盘
1392,10:59:05,3.66,--,70,25620,卖盘
1393,10:58:59,3.66,--,261,95818,卖盘
1394,10:58:55,3.66,--,8,2928,卖盘
1395,10:58:49,3.66,--,1122,410652,卖盘
1396,10:58:44,3.66,-0.01,833,304878,卖盘
1397,10:58:38,3.67,0.01,269,98723,买盘
1398,10:58:35,3.66,--,21,7686,卖盘
1399,10:58:29,3.66,--,123,45018,卖盘
1400,10:58:20,3.66,--,22,8052,卖盘
1401,10:58:14,3.66,--,294,107604,卖盘
1402,10:58:10,3.66,--,112,40992,卖盘
1403,10:58:05,3.66,--,364,133224,卖盘
1404,10:57:58,3.66,--,155,56730,卖盘
1405,10:57:54,3.66,--,368,134688,卖盘
1406,10:57:49,3.66,--,204,74664,卖盘
1407,10:57:44,3.66,--,415,151890,卖盘
1408,10:57:40,3.66,--,204,74664,卖盘
1409,10:57:35,3.66,--,146,53436,卖盘
1410,10:57:29,3.66,--,204,74664,卖盘
1411,10:57:20,3.66,--,91,33306,卖盘
1412,10:57:14,3.66,--,7,2562,卖盘
1413,10:57:05,3.66,--,295,107970,卖盘
1414,10:56:59,3.66,--,30,10980,卖盘
1415,10:56:29,3.66,--,86,31476,卖盘
1416,10:56:19,3.66,--,862,315492,卖盘
1417,10:56:14,3.66,--,1,366,卖盘
1418,10:56:08,3.66,--,50,18300,卖盘
1419,10:55:49,3.66,--,393,143838,卖盘
1420,10:55:44,3.66,--,257,94062,卖盘
1421,10:55:38,3.66,--,21,7686,卖盘
1422,10:55:34,3.66,-0.01,137,50142,卖盘
1423,10:55:28,3.67,0.01,347,127349,买盘
1424,10:55:23,3.66,--,204,74664,卖盘
1425,10:55:20,3.66,-0.01,253,92598,卖盘
1426,10:55:08,3.67,--,97,35599,买盘
1427,10:55:04,3.67,0.01,206,75602,买盘
1428,10:54:59,3.66,--,167,61122,卖盘
1429,10:54:49,3.66,--,739,270474,卖盘
1430,10:54:38,3.66,--,145,53070,卖盘
1431,10:54:34,3.66,-0.01,54,19764,卖盘
1432,10:54:29,3.67,0.01,127,46609,买盘
1433,10:54:23,3.66,--,10,3660,卖盘
1434,10:54:20,3.66,--,209,76494,卖盘
1435,10:54:14,3.66,--,139,50874,卖盘
1436,10:54:08,3.66,--,204,74664,卖盘
1437,10:53:59,3.66,--,279,102260,卖盘
1438,10:53:50,3.66,--,286,104822,卖盘
1439,10:53:44,3.66,--,656,240242,卖盘
1440,10:53:38,3.66,--,49,17934,卖盘
1441,10:53:34,3.66,--,203,74298,卖盘
1442,10:53:29,3.66,-0.01,53,19398,卖盘
1443,10:53:20,3.67,--,158,57986,买盘
1444,10:53:14,3.67,0.01,180,66060,买盘
1445,10:52:59,3.66,-0.01,229,83814,卖盘
1446,10:52:52,3.67,0.01,47,17249,买盘
1447,10:52:50,3.66,--,185,67710,卖盘
1448,10:52:44,3.66,--,53,19398,卖盘
1449,10:52:35,3.66,--,20,7320,卖盘
1450,10:52:28,3.66,--,292,106872,卖盘
1451,10:52:20,3.66,--,432,158112,卖盘
1452,10:52:14,3.66,--,145,53070,卖盘
1453,10:52:08,3.66,--,215,78690,卖盘
1454,10:52:04,3.66,-0.01,387,141642,卖盘
1455,10:51:59,3.67,0.01,40,14680,买盘
1456,10:51:53,3.66,-0.01,69,25254,卖盘
1457,10:51:43,3.67,0.01,100,36700,买盘
1458,10:51:38,3.66,--,399,146034,卖盘
1459,10:51:29,3.66,-0.01,66,24156,卖盘
1460,10:51:23,3.67,--,118,43306,买盘
1461,10:51:19,3.67,--,15,5505,买盘
1462,10:51:08,3.67,0.01,5,1835,买盘
1463,10:51:03,3.66,--,100,36600,卖盘
1464,10:50:59,3.66,--,125,45750,卖盘
1465,10:50:48,3.66,--,88,32208,卖盘
1466,10:50:44,3.66,--,20,7320,卖盘
1467,10:50:38,3.66,--,44,16104,卖盘
1468,10:50:29,3.66,--,299,109434,卖盘
1469,10:50:23,3.66,--,17,6222,卖盘
1470,10:50:14,3.66,--,28,10248,卖盘
1471,10:50:02,3.66,--,10,3660,卖盘
1472,10:49:59,3.66,-0.01,238,87108,卖盘
1473,10:49:53,3.67,0.01,653,239651,买盘
1474,10:49:48,3.66,--,316,115656,卖盘
1475,10:49:44,3.66,--,258,94428,卖盘
1476,10:49:38,3.66,--,297,108702,卖盘
1477,10:49:33,3.66,--,30,10980,卖盘
1478,10:49:29,3.66,--,4,1464,卖盘
1479,10:49:23,3.66,--,16,5856,卖盘
1480,10:49:14,3.66,--,572,209352,卖盘
1481,10:49:08,3.66,--,136,49776,卖盘
1482,10:48:59,3.66,--,544,199104,卖盘
1483,10:48:53,3.66,--,56,20496,卖盘
1484,10:48:44,3.66,-0.01,22,8052,卖盘
1485,10:48:23,3.67,--,28,10276,买盘
1486,10:48:13,3.67,0.01,5041,1850047,买盘
1487,10:48:08,3.66,--,62,22692,卖盘
1488,10:48:02,3.66,--,87,31842,卖盘
1489,10:47:59,3.66,--,90,32940,卖盘
1490,10:47:53,3.66,--,134,49044,卖盘
1491,10:47:47,3.66,--,60,21960,卖盘
1492,10:47:43,3.66,--,604,221064,卖盘
1493,10:47:37,3.66,--,59,21594,卖盘
1494,10:47:32,3.66,--,63,23058,卖盘
1495,10:47:28,3.66,-0.01,132,48312,卖盘
1496,10:47:23,3.67,0.01,8,2936,买盘
1497,10:47:07,3.66,--,88,32208,卖盘
1498,10:47:02,3.66,--,37,13542,卖盘
1499,10:46:46,3.66,-0.01,30,10980,卖盘
1500,10:46:43,3.67,0.01,260,95420,买盘
1501,10:46:37,3.66,--,99,36234,卖盘
1502,10:46:28,3.66,--,20,7320,卖盘
1503,10:46:22,3.66,--,86,31476,卖盘
1504,10:46:17,3.66,--,158,57828,卖盘
1505,10:46:13,3.66,--,248,90768,卖盘
1506,10:46:08,3.66,--,208,76128,卖盘
1507,10:46:02,3.66,--,87,31842,卖盘
1508,10:45:52,3.66,--,256,93696,卖盘
1509,10:45:47,3.66,--,16,5856,卖盘
1510,10:45:37,3.66,--,20,7320,卖盘
1511,10:45:31,3.66,--,425,155550,卖盘
1512,10:45:28,3.66,--,97,35502,卖盘
1513,10:45:23,3.66,--,257,94062,卖盘
1514,10:45:16,3.66,--,453,165798,卖盘
1515,10:45:13,3.66,--,836,305976,卖盘
1516,10:45:08,3.66,--,346,126636,卖盘
1517,10:45:02,3.66,--,219,80154,卖盘
1518,10:44:52,3.66,--,23,8418,卖盘
1519,10:44:46,3.66,--,204,74664,卖盘
1520,10:44:37,3.66,--,620,226920,卖盘
1521,10:44:28,3.66,--,2,732,卖盘
1522,10:44:22,3.66,-0.01,503,184098,卖盘
1523,10:44:17,3.67,--,29,10643,买盘
1524,10:43:47,3.67,0.01,50,18350,买盘
1525,10:43:38,3.66,--,100,36600,卖盘
1526,10:43:31,3.66,-0.01,175,64050,卖盘
1527,10:43:28,3.67,0.01,3,1101,买盘
1528,10:43:16,3.66,--,72,26352,卖盘
1529,10:43:01,3.66,--,20,7320,卖盘
1530,10:42:58,3.66,--,50,18300,卖盘
1531,10:42:28,3.66,--,16,5856,卖盘
1532,10:42:23,3.66,--,81,29646,卖盘
1533,10:42:12,3.66,--,525,192150,卖盘
1534,10:42:02,3.66,--,321,117486,卖盘
1535,10:41:43,3.66,--,118,43188,卖盘
1536,10:41:37,3.66,--,1,366,卖盘
1537,10:41:31,3.66,--,70,25620,卖盘
1538,10:41:26,3.66,--,6,2196,卖盘
1539,10:41:22,3.66,--,1048,383568,卖盘
1540,10:41:17,3.66,--,299,109580,卖盘
1541,10:41:13,3.66,--,87,31842,卖盘
1542,10:41:07,3.66,-0.01,87,31842,卖盘
1543,10:41:01,3.67,0.01,727,266809,买盘
1544,10:40:55,3.66,--,110,40260,卖盘
1545,10:40:46,3.66,--,257,94062,卖盘
1546,10:40:40,3.66,--,263,96258,卖盘
1547,10:40:22,3.66,--,93,34184,卖盘
1548,10:40:16,3.66,--,670,245293,卖盘
1549,10:40:10,3.66,-0.02,36,13176,卖盘
1550,10:40:07,3.68,--,1046,385075,买盘
1551,10:40:01,3.68,0.02,76,27968,买盘
1552,10:39:55,3.66,--,195,71516,卖盘
1553,10:39:52,3.66,--,591,216306,卖盘
1554,10:39:46,3.66,--,2150,787192,卖盘
1555,10:39:40,3.66,--,110,40406,卖盘
1556,10:39:37,3.66,--,54,19764,卖盘
1557,10:39:31,3.66,-0.01,392,143618,卖盘
1558,10:39:26,3.67,--,524,192557,卖盘
1559,10:39:22,3.67,--,282,103494,卖盘
1560,10:39:16,3.67,--,1492,547710,卖盘
1561,10:39:10,3.67,--,641,235247,卖盘
1562,10:39:07,3.67,--,901,330667,卖盘
1563,10:39:01,3.67,--,560,205520,卖盘
1564,10:38:56,3.67,--,141,51747,卖盘
1565,10:38:52,3.67,--,762,279654,卖盘
1566,10:38:46,3.67,--,82,30094,卖盘
1567,10:38:40,3.67,--,192,70464,卖盘
1568,10:38:37,3.67,-0.01,69,25323,卖盘
1569,10:38:31,3.68,0.01,373,137264,买盘
1570,10:38:16,3.67,--,210,77070,卖盘
1571,10:38:07,3.67,--,13,4771,卖盘
1572,10:38:01,3.67,--,2,734,卖盘
1573,10:37:55,3.67,--,174,63858,卖盘
1574,10:37:52,3.67,-0.01,3,1101,卖盘
1575,10:37:47,3.68,0.01,13,4784,买盘
1576,10:37:40,3.67,--,23,8441,卖盘
1577,10:37:37,3.67,-0.01,154,56518,卖盘
1578,10:37:31,3.68,0.01,243,89424,买盘
1579,10:37:07,3.67,--,60,22020,卖盘
1580,10:37:01,3.67,--,9,3303,卖盘
1581,10:36:55,3.67,--,160,58720,卖盘
1582,10:36:46,3.67,--,8,2936,卖盘
1583,10:36:40,3.67,--,13,4771,卖盘
1584,10:36:05,3.67,--,145,53259,卖盘
1585,10:36:01,3.67,--,4,1468,卖盘
1586,10:35:55,3.67,-0.01,190,69730,卖盘
1587,10:35:52,3.68,0.01,10,3680,买盘
1588,10:35:41,3.67,-0.01,77,28259,卖盘
1589,10:35:36,3.68,0.01,152,55936,买盘
1590,10:35:31,3.67,--,130,47710,卖盘
1591,10:35:25,3.67,--,49,17983,卖盘
1592,10:35:21,3.67,--,18,6606,卖盘
1593,10:35:16,3.67,--,54,19818,卖盘
1594,10:35:10,3.67,--,2,734,卖盘
1595,10:34:55,3.67,--,156,57252,卖盘
1596,10:34:40,3.67,--,48,17616,卖盘
1597,10:34:31,3.67,-0.01,200,73400,卖盘
1598,10:34:25,3.68,0.01,15,5520,买盘
1599,10:34:19,3.67,--,20,7340,卖盘
1600,10:34:01,3.67,-0.01,40,14680,卖盘
1601,10:33:55,3.68,--,20,7360,买盘
1602,10:33:50,3.68,0.01,60,22080,买盘
1603,10:33:46,3.67,--,98,35966,卖盘
1604,10:33:40,3.67,--,64,23488,卖盘
1605,10:33:35,3.67,--,37,13579,卖盘
1606,10:33:31,3.67,-0.01,167,61289,卖盘
1607,10:33:25,3.68,--,37,13616,买盘
1608,10:32:55,3.68,0.01,9,3312,买盘
1609,10:32:40,3.67,--,1,367,卖盘
1610,10:32:34,3.67,--,4,1468,卖盘
1611,10:32:25,3.67,--,814,298738,卖盘
1612,10:32:04,3.67,--,1,367,卖盘
1613,10:32:01,3.67,--,60,22020,卖盘
1614,10:31:55,3.67,--,10,3670,卖盘
1615,10:31:40,3.67,--,5,1835,卖盘
1616,10:31:31,3.67,--,53,19451,卖盘
1617,10:31:16,3.67,-0.01,90,33030,卖盘
1618,10:31:04,3.68,0.01,1,368,买盘
1619,10:30:55,3.67,--,87,31929,卖盘
1620,10:30:40,3.67,--,36,13212,卖盘
1621,10:30:25,3.67,--,79,29139,卖盘
1622,10:30:16,3.67,--,28,10276,卖盘
1623,10:30:10,3.67,--,160,58720,卖盘
1624,10:29:55,3.67,--,151,55417,卖盘
1625,10:29:49,3.67,--,204,74868,卖盘
1626,10:29:40,3.67,--,40,14680,卖盘
1627,10:29:19,3.67,--,79,28993,卖盘
1628,10:29:16,3.67,-0.01,107,39269,卖盘
1629,10:29:04,3.68,0.01,100,36800,买盘
1630,10:28:46,3.67,--,150,55050,卖盘
1631,10:28:25,3.67,--,54,19818,卖盘
1632,10:28:16,3.67,--,30,11010,卖盘
1633,10:28:10,3.67,--,147,53949,卖盘
1634,10:28:04,3.67,--,9,3303,卖盘
1635,10:28:00,3.67,-0.01,10,3670,卖盘
1636,10:27:45,3.68,0.01,13,4784,买盘
1637,10:27:40,3.67,--,1336,490458,卖盘
1638,10:27:34,3.67,--,226,82942,买盘
1639,10:27:29,3.67,0.01,350,128450,买盘
1640,10:27:25,3.66,-0.01,87,31842,卖盘
1641,10:27:19,3.67,--,10,3670,买盘
1642,10:27:14,3.67,--,5,1835,买盘
1643,10:27:10,3.67,--,122,44774,买盘
1644,10:27:04,3.67,--,274,100558,买盘
1645,10:26:55,3.67,0.01,100,36700,买盘
1646,10:26:49,3.66,--,59,21594,卖盘
1647,10:26:40,3.66,--,5,1830,卖盘
1648,10:26:34,3.66,-0.01,2,732,卖盘
1649,10:26:28,3.67,0.01,12,4404,买盘
1650,10:26:25,3.66,--,180,65880,卖盘
1651,10:26:13,3.66,-0.01,322,117852,卖盘
1652,10:26:10,3.67,--,840,308280,卖盘
1653,10:26:04,3.67,--,100,36700,卖盘
1654,10:25:55,3.67,--,373,136891,卖盘
1655,10:25:49,3.67,--,20,7340,卖盘
1656,10:25:40,3.67,--,10,3670,卖盘
1657,10:25:34,3.67,0.01,1153,423151,买盘
1658,10:25:28,3.66,-0.01,6,2196,卖盘
1659,10:25:25,3.67,--,20,7340,买盘
1660,10:25:19,3.67,--,30,11010,买盘
1661,10:25:10,3.67,--,2312,848504,买盘
1662,10:25:04,3.67,--,36,13212,买盘
1663,10:24:49,3.67,--,1033,379111,买盘
1664,10:24:43,3.67,0.01,1,367,买盘
1665,10:24:41,3.66,-0.01,0,3,卖盘
1666,10:24:34,3.67,--,13,4771,买盘
1667,10:24:25,3.67,0.01,1116,409572,买盘
1668,10:24:19,3.66,-0.01,13,4758,卖盘
1669,10:23:55,3.67,--,11,4037,买盘
1670,10:23:43,3.67,--,50,18350,买盘
1671,10:23:40,3.67,0.01,100,36700,买盘
1672,10:23:34,3.66,-0.01,5,1830,卖盘
1673,10:23:28,3.67,--,10,3670,买盘
1674,10:23:25,3.67,--,46,16882,买盘
1675,10:23:19,3.67,--,134,49178,买盘
1676,10:23:13,3.67,--,46,16882,买盘
1677,10:23:10,3.67,0.01,5,1835,买盘
1678,10:22:58,3.66,-0.01,161,58926,卖盘
1679,10:22:43,3.67,--,15,5505,买盘
1680,10:22:28,3.67,0.01,30,11010,买盘
1681,10:22:25,3.66,-0.01,54,19764,卖盘
1682,10:22:19,3.67,0.01,3,1101,买盘
1683,10:22:13,3.66,-0.01,1185,433849,卖盘
1684,10:22:10,3.67,--,429,157443,买盘
1685,10:22:04,3.67,--,262,96154,买盘
1686,10:21:58,3.67,--,81,29727,买盘
1687,10:21:55,3.67,0.01,235,86245,买盘
1688,10:21:49,3.66,-0.01,302,110532,卖盘
1689,10:21:43,3.67,0.01,58,21286,买盘
1690,10:21:40,3.66,--,371,135786,卖盘
1691,10:21:34,3.66,-0.01,338,123748,卖盘
1692,10:21:25,3.67,--,2,734,买盘
1693,10:21:19,3.67,--,302,111189,卖盘
1694,10:21:13,3.67,--,242,88825,买盘
1695,10:21:10,3.67,--,15,5860,卖盘
1696,10:21:04,3.67,-0.01,2390,877130,卖盘
1697,10:20:58,3.68,0.01,50,18400,买盘
1698,10:20:25,3.67,--,15,5505,卖盘
1699,10:20:19,3.67,--,356,130652,卖盘
1700,10:20:04,3.67,--,43,15781,卖盘
1701,10:19:58,3.67,--,120,44040,卖盘
1702,10:19:48,3.67,--,8,2936,卖盘
1703,10:19:43,3.67,--,105,38535,卖盘
1704,10:19:28,3.67,--,2779,1019893,卖盘
1705,10:19:13,3.67,--,1957,718219,卖盘
1706,10:18:58,3.67,--,206,75602,卖盘
1707,10:18:54,3.67,--,2600,954200,卖盘
1708,10:18:37,3.67,--,10,3670,卖盘
1709,10:18:34,3.67,--,190,69730,卖盘
1710,10:18:28,3.67,-0.01,60,22020,卖盘
1711,10:18:23,3.68,0.01,48,17664,买盘
1712,10:18:19,3.67,--,4320,1585440,卖盘
1713,10:18:13,3.67,--,1100,403700,卖盘
1714,10:18:07,3.67,--,65,23855,卖盘
1715,10:18:04,3.67,--,10,3670,卖盘
1716,10:17:58,3.67,--,2180,800060,卖盘
1717,10:17:54,3.67,--,319,117073,卖盘
1718,10:17:49,3.67,-0.01,252,92484,卖盘
1719,10:17:43,3.68,--,26,9568,买盘
1720,10:17:34,3.68,--,172,63336,买盘
1721,10:17:28,3.68,0.01,175,64400,买盘
1722,10:17:19,3.67,--,53,19451,卖盘
1723,10:17:13,3.67,--,648,237816,卖盘
1724,10:17:07,3.67,--,3997,1466899,卖盘
1725,10:17:04,3.67,--,155,56885,卖盘
1726,10:16:58,3.67,--,1144,419888,卖盘
1727,10:16:52,3.67,--,20,7340,卖盘
1728,10:16:49,3.67,-0.01,607,222809,卖盘
1729,10:16:43,3.68,0.01,43,15824,买盘
1730,10:16:37,3.67,--,551,202217,卖盘
1731,10:16:34,3.67,--,918,336906,卖盘
1732,10:16:28,3.67,--,158,57986,卖盘
1733,10:16:22,3.67,--,54,19818,卖盘
1734,10:16:19,3.67,--,419,153773,卖盘
1735,10:16:13,3.67,--,1794,658398,卖盘
1736,10:16:07,3.67,--,2057,754919,卖盘
1737,10:16:04,3.67,--,1141,418787,卖盘
1738,10:15:58,3.67,--,257,94319,卖盘
1739,10:15:49,3.67,--,61,22387,卖盘
1740,10:15:43,3.67,--,1087,398929,卖盘
1741,10:15:34,3.67,--,239,87713,卖盘
1742,10:15:28,3.67,--,101,37067,卖盘
1743,10:15:19,3.67,--,9,3303,卖盘
1744,10:15:13,3.67,--,1,367,卖盘
1745,10:15:04,3.67,--,81,29727,卖盘
1746,10:14:51,3.67,--,147,53949,卖盘
1747,10:14:49,3.67,--,3,1101,卖盘
1748,10:14:43,3.67,--,96,35232,卖盘
1749,10:14:37,3.67,--,34,12478,卖盘
1750,10:14:28,3.67,-0.01,10,3670,卖盘
1751,10:14:19,3.68,0.01,1,368,买盘
1752,10:14:13,3.67,-0.01,52,19084,卖盘
1753,10:13:17,3.68,0.01,4,1472,买盘
1754,10:12:58,3.67,--,47,17249,卖盘
1755,10:12:52,3.67,--,50,18350,卖盘
1756,10:12:48,3.67,-0.01,1,367,卖盘
1757,10:12:43,3.68,0.01,100,36800,买盘
1758,10:12:37,3.67,-0.01,29,10643,卖盘
1759,10:12:28,3.68,0.01,8,2944,买盘
1760,10:12:22,3.67,--,54,19818,卖盘
1761,10:12:19,3.67,--,51,18717,卖盘
1762,10:12:13,3.67,--,30,11010,卖盘
1763,10:11:57,3.67,--,172,63124,卖盘
1764,10:11:52,3.67,-0.01,5,1835,卖盘
1765,10:11:31,3.68,0.01,10,3680,买盘
1766,10:11:28,3.67,--,88,32296,卖盘
1767,10:11:22,3.67,--,52,19084,卖盘
1768,10:11:13,3.67,--,180,66060,卖盘
1769,10:10:57,3.67,--,185,67895,卖盘
1770,10:10:51,3.67,--,100,36700,卖盘
1771,10:10:43,3.67,--,108,39636,卖盘
1772,10:10:37,3.67,-0.01,54,19818,卖盘
1773,10:10:28,3.68,0.01,54,19872,买盘
1774,10:10:16,3.67,--,108,39636,卖盘
1775,10:10:13,3.67,-0.01,12,4404,卖盘
1776,10:10:07,3.68,0.01,139,51152,买盘
1777,10:09:58,3.67,--,2,734,卖盘
1778,10:09:52,3.67,--,257,94319,卖盘
1779,10:09:43,3.67,--,114,41838,卖盘
1780,10:09:37,3.67,--,105,38535,卖盘
1781,10:09:27,3.67,--,89,32663,卖盘
1782,10:09:13,3.67,-0.01,106,38902,卖盘
1783,10:09:07,3.68,0.01,59,21712,买盘
1784,10:08:58,3.67,--,126,46242,卖盘
1785,10:08:43,3.67,-0.01,28,10276,卖盘
1786,10:08:36,3.68,0.01,25,9200,买盘
1787,10:08:07,3.67,-0.01,42,15414,卖盘
1788,10:07:57,3.68,--,25,9200,买盘
1789,10:07:52,3.68,--,90,33120,买盘
1790,10:07:43,3.68,--,13,4784,买盘
1791,10:07:27,3.68,0.01,433,159564,买盘
1792,10:07:12,3.67,--,300,110100,卖盘
1793,10:07:00,3.67,-0.01,238,87346,卖盘
1794,10:06:52,3.68,0.01,10,3680,买盘
1795,10:06:45,3.67,--,54,19818,卖盘
1796,10:06:37,3.67,--,64,23488,卖盘
1797,10:06:30,3.67,-0.01,500,183500,卖盘
1798,10:06:12,3.68,0.01,37,13616,买盘
1799,10:06:06,3.67,--,67,24589,卖盘
1800,10:06:01,3.67,--,3,1101,卖盘
1801,10:05:42,3.67,--,10,3670,卖盘
1802,10:05:31,3.67,--,157,57619,卖盘
1803,10:05:22,3.67,-0.01,37,13579,卖盘
1804,10:05:15,3.68,0.01,8,2944,买盘
1805,10:05:12,3.67,--,100,36700,卖盘
1806,10:05:07,3.67,--,65,23855,卖盘
1807,10:04:51,3.67,--,738,270846,卖盘
1808,10:04:46,3.67,-0.01,75,27525,卖盘
1809,10:04:37,3.68,0.01,38,13984,买盘
1810,10:04:31,3.67,--,4,1468,卖盘
1811,10:04:07,3.67,--,56,20552,卖盘
1812,10:04:01,3.67,--,10,3670,卖盘
1813,10:03:57,3.67,-0.01,10,3670,卖盘
1814,10:03:52,3.68,0.01,5,1840,买盘
1815,10:03:46,3.67,--,128,46976,卖盘
1816,10:03:30,3.67,--,240,88080,卖盘
1817,10:03:22,3.67,--,20,7340,卖盘
1818,10:03:16,3.67,--,107,39269,卖盘
1819,10:03:06,3.67,--,54,19818,卖盘
1820,10:02:52,3.67,-0.01,5,1835,卖盘
1821,10:02:46,3.68,--,50,18400,买盘
1822,10:02:37,3.68,--,6,2208,买盘
1823,10:02:31,3.68,0.01,1,368,买盘
1824,10:02:25,3.67,--,4,1468,卖盘
1825,10:02:10,3.67,--,3,1101,卖盘
1826,10:01:40,3.67,--,135,49545,卖盘
1827,10:01:21,3.67,--,51,18717,卖盘
1828,10:01:07,3.67,-0.01,109,40003,卖盘
1829,10:01:00,3.68,0.01,1,368,买盘
1830,10:00:52,3.67,--,133,48811,卖盘
1831,10:00:46,3.67,--,18,6606,卖盘
1832,10:00:40,3.67,-0.01,51,18717,卖盘
1833,10:00:36,3.68,0.01,197,72496,买盘
1834,10:00:30,3.67,--,185,67895,卖盘
1835,10:00:21,3.67,--,146,53728,卖盘
1836,10:00:15,3.67,--,409,150323,卖盘
1837,10:00:09,3.67,--,20,7340,卖盘
1838,10:00:06,3.67,--,2460,902820,卖盘
1839,10:00:00,3.67,--,240,88080,卖盘
1840,09:59:55,3.67,-0.01,180,66060,卖盘
1841,09:59:52,3.68,0.01,538,197984,买盘
1842,09:59:45,3.67,-0.01,273,100191,卖盘
1843,09:59:36,3.68,0.01,262,96416,买盘
1844,09:59:31,3.67,-0.01,842,309014,卖盘
1845,09:59:21,3.68,0.01,273,100464,买盘
1846,09:59:16,3.67,--,377,138652,卖盘
1847,09:59:10,3.67,-0.01,165,60555,卖盘
1848,09:59:07,3.68,--,18,6624,买盘
1849,09:59:00,3.68,0.01,133,48944,买盘
1850,09:58:54,3.67,-0.01,54,19818,卖盘
1851,09:58:51,3.68,0.01,473,174064,买盘
1852,09:58:46,3.67,--,652,239284,卖盘
1853,09:58:40,3.67,--,118,43306,卖盘
1854,09:58:36,3.67,-0.01,1700,623900,卖盘
1855,09:58:30,3.68,0.01,165,60720,买盘
1856,09:58:25,3.67,--,240,88080,卖盘
1857,09:58:21,3.67,--,395,145111,卖盘
1858,09:58:16,3.67,--,429,157663,卖盘
1859,09:58:10,3.67,--,404,148268,卖盘
1860,09:58:06,3.67,-0.01,10,3670,卖盘
1861,09:58:01,3.68,0.01,744,273792,买盘
1862,09:57:55,3.67,--,60,22020,卖盘
1863,09:57:50,3.67,-0.01,97,35599,卖盘
1864,09:57:46,3.68,--,62,22816,买盘
1865,09:57:40,3.68,--,22,8096,买盘
1866,09:57:30,3.68,--,36,13369,买盘
1867,09:57:25,3.68,0.01,41,15088,买盘
1868,09:57:20,3.67,-0.01,50,18350,卖盘
1869,09:57:16,3.68,--,1,368,买盘
1870,09:57:09,3.68,--,5,1840,买盘
1871,09:57:05,3.68,--,1,368,买盘
1872,09:57:00,3.68,0.01,261,96048,买盘
1873,09:56:55,3.67,--,798,292866,卖盘
1874,09:56:49,3.67,-0.01,54,19818,卖盘
1875,09:56:46,3.68,0.01,365,134320,买盘
1876,09:56:40,3.67,--,367,134689,卖盘
1877,09:56:30,3.67,-0.01,256,93952,卖盘
1878,09:56:24,3.68,0.01,664,244352,买盘
1879,09:56:21,3.67,--,763,280021,卖盘
1880,09:56:15,3.67,--,682,250294,卖盘
1881,09:56:09,3.67,--,890,326630,卖盘
1882,09:56:05,3.67,--,145,53215,卖盘
1883,09:56:01,3.67,-0.01,1015,372505,卖盘
1884,09:55:55,3.68,--,139,51152,买盘
1885,09:55:46,3.68,--,169,62192,买盘
1886,09:55:40,3.68,0.01,523,192464,买盘
1887,09:55:34,3.67,--,103,37801,卖盘
1888,09:55:31,3.67,-0.01,116,42572,卖盘
1889,09:55:25,3.68,--,51,18768,买盘
1890,09:55:18,3.68,0.01,5,1840,买盘
1891,09:55:16,3.67,-0.01,79,28993,卖盘
1892,09:55:10,3.68,0.01,256,94208,买盘
1893,09:55:03,3.67,-0.01,87,31929,卖盘
1894,09:55:00,3.68,--,38,13984,买盘
1895,09:54:55,3.68,0.01,139,51152,买盘
1896,09:54:49,3.67,-0.01,5,1835,卖盘
1897,09:54:45,3.68,--,89,32752,买盘
1898,09:54:40,3.68,--,10,3680,买盘
1899,09:54:30,3.68,--,49,18032,买盘
1900,09:54:24,3.68,--,92,33856,买盘
1901,09:54:16,3.68,0.01,112,41216,买盘
1902,09:54:09,3.67,-0.01,403,147901,卖盘
1903,09:54:04,3.68,--,1,368,买盘
1904,09:54:00,3.68,--,304,111872,买盘
1905,09:53:54,3.68,0.01,39,14352,买盘
1906,09:53:45,3.67,-0.01,20,7340,卖盘
1907,09:53:39,3.68,0.01,333,122544,买盘
1908,09:53:30,3.67,-0.01,1000,367000,卖盘
1909,09:53:09,3.68,--,1,368,买盘
1910,09:53:03,3.68,--,1,368,买盘
1911,09:52:45,3.68,--,3,1104,买盘
1912,09:52:39,3.68,0.01,81,29808,买盘
1913,09:52:33,3.67,--,219,80373,卖盘
1914,09:52:30,3.67,-0.01,15,5505,卖盘
1915,09:52:24,3.68,--,3,1104,买盘
1916,09:52:15,3.68,--,19,6992,买盘
1917,09:52:10,3.68,0.01,65,23920,买盘
1918,09:52:04,3.67,-0.01,113,41471,卖盘
1919,09:52:00,3.68,0.01,46,16928,买盘
1920,09:51:55,3.67,-0.01,136,49912,卖盘
1921,09:51:30,3.68,--,2,736,买盘
1922,09:51:24,3.68,0.01,68,25024,买盘
1923,09:51:18,3.67,-0.01,234,85878,卖盘
1924,09:51:09,3.68,0.01,148,54464,买盘
1925,09:51:04,3.67,--,74,27158,卖盘
1926,09:50:55,3.67,-0.01,122,44774,卖盘
1927,09:50:49,3.68,--,48,17664,买盘
1928,09:50:33,3.68,0.01,11,4048,买盘
1929,09:50:25,3.67,-0.01,33,12111,卖盘
1930,09:50:09,3.68,--,9,3312,买盘
1931,09:50:03,3.68,0.01,94,34592,买盘
1932,09:50:00,3.67,-0.01,218,80006,卖盘
1933,09:49:54,3.68,0.01,50,18400,买盘
1934,09:49:48,3.67,--,64,23488,卖盘
1935,09:49:45,3.67,--,137,50279,卖盘
1936,09:49:39,3.67,--,27,9909,卖盘
1937,09:49:33,3.67,--,3,1101,卖盘
1938,09:49:30,3.67,--,2,734,卖盘
1939,09:49:24,3.67,--,104,38168,卖盘
1940,09:49:18,3.67,--,1,367,卖盘
1941,09:49:15,3.67,--,60,22020,卖盘
1942,09:49:03,3.67,--,219,80373,卖盘
1943,09:48:48,3.67,--,237,86979,卖盘
1944,09:48:42,3.67,--,400,146800,卖盘
1945,09:48:33,3.67,--,32,11744,卖盘
1946,09:48:27,3.67,--,2,734,卖盘
1947,09:48:24,3.67,--,55,20185,卖盘
1948,09:48:18,3.67,--,174,63858,卖盘
1949,09:48:12,3.67,--,19,6973,卖盘
1950,09:48:09,3.67,-0.01,830,304610,卖盘
1951,09:48:04,3.68,0.01,612,225216,买盘
1952,09:47:57,3.67,--,54,19818,卖盘
1953,09:47:55,3.67,--,916,336172,卖盘
1954,09:47:49,3.67,--,218,80006,卖盘
1955,09:47:42,3.67,--,18,6606,卖盘
1956,09:47:39,3.67,-0.01,558,205006,卖盘
1957,09:47:34,3.68,0.01,189,69552,买盘
1958,09:47:27,3.67,--,87,31929,卖盘
1959,09:47:25,3.67,--,262,96154,卖盘
1960,09:47:19,3.67,--,668,245251,卖盘
1961,09:47:12,3.67,--,56,20552,卖盘
1962,09:47:09,3.67,-0.01,102,37434,卖盘
1963,09:47:04,3.68,--,241,88688,买盘
1964,09:46:54,3.68,--,178,65504,买盘
1965,09:46:39,3.68,0.01,251,92368,买盘
1966,09:46:33,3.67,-0.01,234,85878,卖盘
1967,09:46:28,3.68,--,1,368,买盘
1968,09:46:24,3.68,--,558,205344,买盘
1969,09:46:19,3.68,0.01,16,5888,买盘
1970,09:46:09,3.67,--,10,3670,卖盘
1971,09:46:03,3.67,--,568,208456,卖盘
1972,09:45:58,3.67,-0.01,527,193409,卖盘
1973,09:45:54,3.68,--,66,24288,买盘
1974,09:45:42,3.68,0.01,10,3680,买盘
1975,09:45:39,3.67,--,26,9542,卖盘
1976,09:45:34,3.67,-0.01,814,298738,卖盘
1977,09:45:27,3.68,0.01,12,4416,买盘
1978,09:45:24,3.67,--,5,1835,卖盘
1979,09:45:18,3.67,--,1,367,卖盘
1980,09:45:09,3.67,-0.01,34,12478,卖盘
1981,09:45:04,3.68,0.01,298,109664,买盘
1982,09:44:57,3.67,-0.01,129,47343,卖盘
1983,09:44:54,3.68,--,466,171488,买盘
1984,09:44:49,3.68,0.01,224,82432,买盘
1985,09:44:39,3.67,--,448,164416,卖盘
1986,09:44:27,3.67,-0.01,26,9542,卖盘
1987,09:44:24,3.68,0.01,26,9568,买盘
1988,09:44:18,3.67,--,28,10276,卖盘
1989,09:44:12,3.67,--,136,49912,卖盘
1990,09:44:09,3.67,-0.01,90,33030,卖盘
1991,09:44:03,3.68,0.01,41,15088,买盘
1992,09:43:58,3.67,--,241,88447,卖盘
1993,09:43:48,3.67,-0.01,208,76336,卖盘
1994,09:43:34,3.68,--,7,2576,买盘
1995,09:43:27,3.68,--,324,119232,买盘
1996,09:43:18,3.68,--,92,33856,买盘
1997,09:43:04,3.68,--,101,37168,买盘
1998,09:42:57,3.68,0.01,91,33488,买盘
1999,09:42:47,3.67,--,78,28626,卖盘
2000,09:42:42,3.67,--,337,123679,卖盘
2001,09:42:28,3.67,-0.01,1,367,卖盘
2002,09:42:24,3.68,0.01,6,2208,买盘
2003,09:42:12,3.67,-0.01,169,62023,卖盘
2004,09:42:07,3.68,--,887,326416,买盘
2005,09:42:03,3.68,--,35,12880,买盘
2006,09:41:57,3.68,0.01,1251,460368,买盘
2007,09:41:48,3.67,--,294,107898,卖盘
2008,09:41:42,3.67,-0.01,5015,1840505,卖盘
2009,09:41:33,3.68,0.01,760,279680,买盘
2010,09:41:27,3.67,--,557,204419,卖盘
2011,09:41:21,3.67,-0.01,796,292132,卖盘
2012,09:41:18,3.68,--,204,75072,买盘
2013,09:41:12,3.68,--,227,83536,买盘
2014,09:41:07,3.68,--,109,40112,买盘
2015,09:41:03,3.68,0.01,2,736,买盘
2016,09:40:57,3.67,-0.01,584,214328,卖盘
2017,09:40:53,3.68,--,6,2208,买盘
2018,09:40:48,3.68,0.01,388,142784,买盘
2019,09:40:43,3.67,--,176,64592,卖盘
2020,09:40:37,3.67,--,291,106797,卖盘
2021,09:40:33,3.67,--,151,55417,卖盘
2022,09:40:27,3.67,--,2,734,卖盘
2023,09:40:22,3.67,-0.01,2,734,卖盘
2024,09:40:18,3.68,0.01,218,80224,买盘
2025,09:40:12,3.67,-0.01,559,205153,卖盘
2026,09:40:07,3.68,--,138,50784,买盘
2027,09:40:03,3.68,0.01,38,13984,买盘
2028,09:39:57,3.67,-0.01,326,119642,卖盘
2029,09:39:52,3.68,0.01,218,80224,买盘
2030,09:39:48,3.67,-0.01,7,2569,卖盘
2031,09:39:43,3.68,--,14,5152,买盘
2032,09:39:36,3.68,--,178,65504,买盘
2033,09:39:33,3.68,0.01,31,11408,买盘
2034,09:39:27,3.67,-0.01,100,36700,卖盘
2035,09:39:18,3.68,0.01,728,267904,买盘
2036,09:39:12,3.67,-0.01,5,1835,卖盘
2037,09:39:06,3.68,--,12,4416,买盘
2038,09:39:03,3.68,--,3,1104,买盘
2039,09:38:57,3.68,--,111,40848,买盘
2040,09:38:51,3.68,--,20,7360,买盘
2041,09:38:48,3.68,--,186,68448,买盘
2042,09:38:43,3.68,--,5,1840,买盘
2043,09:38:36,3.68,0.01,2,736,买盘
2044,09:38:33,3.67,--,289,106063,卖盘
2045,09:38:27,3.67,-0.01,21,7707,卖盘
2046,09:38:18,3.68,0.01,198,72864,买盘
2047,09:38:12,3.67,-0.01,273,100191,卖盘
2048,09:38:06,3.68,--,153,56304,买盘
2049,09:38:03,3.68,0.01,690,253920,买盘
2050,09:37:57,3.67,--,24,8808,卖盘
2051,09:37:51,3.67,-0.01,12,4404,卖盘
2052,09:37:48,3.68,--,18,6624,买盘
2053,09:37:33,3.68,0.01,293,107824,买盘
2054,09:37:27,3.67,--,455,166985,卖盘
2055,09:37:21,3.67,--,1,367,卖盘
2056,09:37:18,3.67,-0.01,42,15414,卖盘
2057,09:37:12,3.68,--,50,18400,买盘
2058,09:37:03,3.68,--,197,72496,买盘
2059,09:36:58,3.68,--,115,42320,买盘
2060,09:36:42,3.68,--,105,38640,买盘
2061,09:36:36,3.68,--,152,55936,买盘
2062,09:36:33,3.68,0.01,21,7728,买盘
2063,09:36:28,3.67,-0.01,26,9542,卖盘
2064,09:36:22,3.68,0.01,21,7728,买盘
2065,09:36:18,3.67,-0.01,14,5138,卖盘
2066,09:36:13,3.68,0.01,17,6256,买盘
2067,09:36:06,3.67,-0.01,73,26791,卖盘
2068,09:36:03,3.68,0.01,115,42320,买盘
2069,09:35:48,3.67,-0.01,29,10643,卖盘
2070,09:35:42,3.68,0.01,1,368,买盘
2071,09:35:36,3.67,--,223,81841,卖盘
2072,09:35:27,3.67,--,156,57252,卖盘
2073,09:35:21,3.67,--,3,1101,卖盘
2074,09:35:18,3.67,-0.01,16,5872,卖盘
2075,09:35:06,3.68,--,81,29808,买盘
2076,09:35:02,3.68,0.01,50,18400,买盘
2077,09:34:57,3.67,--,603,221301,卖盘
2078,09:34:45,3.67,-0.01,16,5872,卖盘
2079,09:34:36,3.68,--,10,3680,买盘
2080,09:34:30,3.68,0.01,100,36800,买盘
2081,09:34:27,3.67,--,279,102393,卖盘
2082,09:34:21,3.67,--,571,209557,卖盘
2083,09:34:16,3.67,--,16,5872,卖盘
2084,09:34:12,3.67,--,454,166830,卖盘
2085,09:34:06,3.67,--,390,143130,卖盘
2086,09:34:01,3.67,-0.01,133,48811,卖盘
2087,09:33:57,3.68,0.01,6,2208,买盘
2088,09:33:51,3.67,-0.01,171,62757,卖盘
2089,09:33:45,3.68,0.01,211,77648,买盘
2090,09:33:36,3.67,--,1650,605550,卖盘
2091,09:33:30,3.67,-0.01,3,1101,卖盘
2092,09:33:21,3.68,0.01,157,57776,买盘
2093,09:33:16,3.67,--,32,11744,卖盘
2094,09:33:06,3.67,--,63,23121,卖盘
2095,09:33:00,3.67,-0.01,66,24368,卖盘
2096,09:32:57,3.68,0.01,553,203504,买盘
2097,09:32:51,3.67,--,37,13579,卖盘
2098,09:32:36,3.67,-0.01,1389,510027,卖盘
2099,09:32:30,3.68,--,85,31280,卖盘
2100,09:32:21,3.68,--,177,65136,卖盘
2101,09:32:06,3.68,--,1779,654672,卖盘
2102,09:32:00,3.68,--,78,28704,卖盘
2103,09:31:57,3.68,--,149,54832,卖盘
2104,09:31:51,3.68,--,3644,1341095,买盘
2105,09:31:45,3.68,--,64,23552,买盘
2106,09:31:42,3.68,0.01,265,97520,买盘
2107,09:31:36,3.67,--,153,56151,卖盘
2108,09:31:30,3.67,--,240,88080,卖盘
2109,09:31:26,3.67,--,254,93218,卖盘
2110,09:31:21,3.67,-0.01,90,33030,卖盘
2111,09:31:15,3.68,--,27,9936,买盘
2112,09:31:12,3.68,--,16,5888,买盘
2113,09:31:06,3.68,--,212,78016,买盘
2114,09:31:00,3.68,--,1761,648048,卖盘
2115,09:30:57,3.68,--,841,309488,卖盘
2116,09:30:51,3.68,--,152,55936,卖盘
2117,09:30:36,3.68,-0.01,66,24288,卖盘
2118,09:30:27,3.69,0.01,1200,442800,买盘
2119,09:30:21,3.68,--,150,55200,卖盘
2120,09:30:12,3.68,--,20,7360,卖盘
2121,09:30:06,3.68,--,1229,452272,卖盘
2122,09:28:46,3.68,--,0,0,卖盘
2123,09:25:02,3.68,3.68,748,275264,买盘
