,time,price,change,volume,amount,type
0,15:00:21,14.13,-0.01,2660,3758608,买盘
1,14:57:12,14.14,--,0,0,买盘
2,14:57:03,14.14,0.01,10,14140,卖盘
3,14:56:57,14.13,-0.01,241,340533,卖盘
4,14:56:54,14.14,0.01,10,14140,买盘
5,14:56:51,14.13,--,30,42390,卖盘
6,14:56:48,14.13,-0.01,47,66411,卖盘
7,14:56:42,14.14,--,25,35350,卖盘
8,14:56:39,14.14,--,78,110292,卖盘
9,14:56:36,14.14,--,26,36764,卖盘
10,14:56:33,14.14,--,160,226240,买盘
11,14:56:30,14.14,--,92,130088,买盘
12,14:56:27,14.14,--,1,1414,买盘
13,14:56:21,14.14,--,136,192304,买盘
14,14:56:18,14.14,-0.01,37,52318,卖盘
15,14:56:15,14.15,0.01,432,611280,买盘
16,14:56:12,14.14,-0.01,5,7070,卖盘
17,14:56:09,14.15,--,43,60845,买盘
18,14:56:06,14.15,--,98,138670,买盘
19,14:56:03,14.15,--,10,14150,买盘
20,14:56:00,14.15,-0.01,167,236644,卖盘
21,14:55:57,14.16,0.01,34,48144,买盘
22,14:55:54,14.15,--,23,32545,卖盘
23,14:55:51,14.15,--,21,29715,卖盘
24,14:55:48,14.15,-0.01,102,144330,卖盘
25,14:55:45,14.16,0.01,56,79296,中性盘
26,14:55:39,14.15,-0.01,140,198100,卖盘
27,14:55:36,14.16,--,10,14160,买盘
28,14:55:33,14.16,--,71,100536,买盘
29,14:55:27,14.16,--,11,15576,买盘
30,14:55:24,14.16,--,105,148680,买盘
31,14:55:21,14.16,--,56,79296,买盘
32,14:55:18,14.16,--,22,31152,买盘
33,14:55:12,14.16,0.01,1,1416,买盘
34,14:55:06,14.15,-0.01,20,28300,卖盘
35,14:55:03,14.16,-0.01,2,2832,卖盘
36,14:55:00,14.17,0.01,4,5668,中性盘
37,14:54:57,14.16,0.01,128,181248,卖盘
38,14:54:54,14.15,--,26,36790,卖盘
39,14:54:48,14.15,--,175,247625,卖盘
40,14:54:45,14.15,--,15,21225,卖盘
41,14:54:42,14.15,--,28,39620,卖盘
42,14:54:39,14.15,-0.02,300,424500,卖盘
43,14:54:33,14.17,0.01,55,77935,买盘
44,14:54:30,14.16,0.01,2,2832,中性盘
45,14:54:27,14.15,-0.01,234,331110,卖盘
46,14:54:24,14.16,--,16,22656,买盘
47,14:54:21,14.16,0.01,31,43896,买盘
48,14:54:18,14.15,-0.01,152,215080,卖盘
49,14:54:15,14.16,0.01,61,86376,卖盘
50,14:54:12,14.15,-0.01,56,79240,卖盘
51,14:54:03,14.16,--,10,14160,卖盘
52,14:54:00,14.16,0.01,77,109032,中性盘
53,14:53:57,14.15,-0.01,379,537360,卖盘
54,14:53:51,14.16,--,2,2832,买盘
55,14:53:48,14.16,--,147,208152,买盘
56,14:53:45,14.16,-0.01,14,19824,买盘
57,14:53:42,14.17,--,310,439610,买盘
58,14:53:33,14.17,0.01,6,8502,买盘
59,14:53:27,14.16,--,92,130272,卖盘
60,14:53:24,14.16,-0.01,273,387644,卖盘
61,14:53:21,14.17,--,50,70850,买盘
62,14:53:18,14.17,--,91,128947,买盘
63,14:53:15,14.17,-0.01,28,39676,中性盘
64,14:53:12,14.18,0.01,511,725732,中性盘
65,14:53:06,14.17,-0.02,360,510120,卖盘
66,14:52:56,14.19,0.01,1,1419,买盘
67,14:52:50,14.18,-0.01,4,5672,卖盘
68,14:52:41,14.19,--,9,12771,买盘
69,14:52:35,14.19,--,5,7095,买盘
70,14:52:26,14.19,-0.01,216,306504,中性盘
71,14:52:14,14.2,--,51,72420,买盘
72,14:52:11,14.2,0.02,127,180340,买盘
73,14:52:05,14.18,--,11,15598,卖盘
74,14:52:02,14.18,--,178,252404,卖盘
75,14:51:56,14.18,0.01,21,29778,卖盘
76,14:51:47,14.17,--,5,7085,卖盘
77,14:51:41,14.17,-0.01,76,107692,卖盘
78,14:51:38,14.18,--,10,14180,卖盘
79,14:51:35,14.18,--,58,82244,买盘
80,14:51:32,14.18,-0.02,194,275092,卖盘
81,14:51:26,14.2,0.03,84,119280,买盘
82,14:51:23,14.17,-0.01,354,502184,卖盘
83,14:51:20,14.18,--,30,42540,买盘
84,14:51:17,14.18,0.01,17,24106,买盘
85,14:51:14,14.17,-0.01,4,5668,卖盘
86,14:51:11,14.18,--,44,62392,买盘
87,14:51:08,14.18,--,11,15598,买盘
88,14:51:05,14.18,--,67,95006,买盘
89,14:51:02,14.18,--,103,146904,卖盘
90,14:50:59,14.18,-0.01,101,143218,卖盘
91,14:50:56,14.19,--,118,168009,买盘
92,14:50:47,14.19,0.01,8,11352,买盘
93,14:50:41,14.18,-0.01,51,72318,卖盘
94,14:50:35,14.19,--,10,14190,买盘
95,14:50:32,14.19,0.01,56,79464,买盘
96,14:50:29,14.18,--,52,74586,卖盘
97,14:50:26,14.18,-0.01,62,87916,卖盘
98,14:50:23,14.19,--,9,13338,卖盘
99,14:50:20,14.19,--,45,63855,卖盘
100,14:50:17,14.19,-0.01,4,5676,卖盘
101,14:50:08,14.2,0.01,33,46860,买盘
102,14:50:08,14.19,0.01,33,46827,买盘
103,14:50:02,14.18,--,92,130456,卖盘
104,14:49:59,14.18,-0.01,347,493449,卖盘
105,14:49:56,14.19,--,27,38313,卖盘
106,14:49:53,14.19,0.01,127,180213,买盘
107,14:49:50,14.18,--,26,36868,卖盘
108,14:49:47,14.18,--,15,21270,卖盘
109,14:49:44,14.18,--,10,14180,卖盘
110,14:49:41,14.18,--,5,7090,卖盘
111,14:49:38,14.18,--,74,104932,卖盘
112,14:49:35,14.18,0.01,79,112022,买盘
113,14:49:26,14.17,--,215,304655,卖盘
114,14:49:23,14.17,-0.01,211,299553,卖盘
115,14:49:17,14.18,--,60,85080,卖盘
116,14:49:14,14.18,--,1,1418,卖盘
117,14:49:11,14.18,--,15,21270,卖盘
118,14:49:08,14.18,--,60,85080,卖盘
119,14:49:05,14.18,-0.01,21,29778,卖盘
120,14:49:02,14.19,--,68,96492,买盘
121,14:48:53,14.19,0.02,30,42570,买盘
122,14:48:41,14.17,-0.01,22,31174,卖盘
123,14:48:38,14.18,0.01,49,69482,中性盘
124,14:48:35,14.17,--,37,52429,卖盘
125,14:48:32,14.17,--,103,145951,卖盘
126,14:48:20,14.17,--,15,21255,卖盘
127,14:48:17,14.17,--,22,31174,卖盘
128,14:48:14,14.17,--,44,62914,买盘
129,14:48:11,14.17,0.01,142,201214,买盘
130,14:48:05,14.16,-0.01,8,11328,卖盘
131,14:48:02,14.17,-0.01,172,243724,卖盘
132,14:47:59,14.18,0.01,214,303452,买盘
133,14:47:56,14.17,--,35,49595,卖盘
134,14:47:50,14.17,-0.01,30,42510,卖盘
135,14:47:47,14.18,--,11,15598,买盘
136,14:47:41,14.18,--,21,29778,买盘
137,14:47:38,14.18,-0.02,26,36868,卖盘
138,14:47:35,14.2,--,59,83780,买盘
139,14:47:32,14.2,--,358,508360,买盘
140,14:47:29,14.2,0.02,15,21300,买盘
141,14:47:26,14.18,-0.02,1138,1613684,卖盘
142,14:47:20,14.2,--,9,12780,买盘
143,14:47:14,14.2,--,385,547651,卖盘
144,14:47:11,14.2,--,156,221520,卖盘
145,14:47:08,14.2,--,109,154780,卖盘
146,14:47:05,14.2,--,71,100820,卖盘
147,14:47:02,14.2,-0.01,98,139160,卖盘
148,14:46:59,14.21,0.01,328,466088,买盘
149,14:46:56,14.2,-0.01,10,14200,卖盘
150,14:46:53,14.21,0.01,208,295568,买盘
151,14:46:50,14.2,-0.01,73,103660,卖盘
152,14:46:47,14.21,0.01,186,264306,买盘
153,14:46:44,14.2,--,173,245660,卖盘
154,14:46:38,14.2,--,58,82360,卖盘
155,14:46:35,14.2,--,500,710000,卖盘
156,14:46:29,14.2,-0.01,98,139160,卖盘
157,14:46:26,14.21,0.01,206,293294,买盘
158,14:46:23,14.2,--,34,48280,卖盘
159,14:46:17,14.2,--,200,284000,卖盘
160,14:46:14,14.2,-0.01,141,200220,卖盘
161,14:46:05,14.21,0.01,34,48314,买盘
162,14:46:02,14.2,--,60,85200,卖盘
163,14:45:59,14.2,-0.01,41,58220,卖盘
164,14:45:56,14.21,--,7,9947,买盘
165,14:45:53,14.21,--,30,42630,买盘
166,14:45:47,14.21,0.01,13,18473,买盘
167,14:45:41,14.2,-0.01,111,158713,卖盘
168,14:45:38,14.21,--,1,1421,买盘
169,14:45:32,14.21,-0.01,57,80997,卖盘
170,14:45:26,14.22,--,81,115182,买盘
171,14:45:23,14.22,0.01,53,75366,买盘
172,14:45:20,14.21,-0.01,35,49735,卖盘
173,14:45:14,14.22,0.01,5,7110,买盘
174,14:45:11,14.21,--,67,95207,卖盘
175,14:45:02,14.21,--,70,99470,卖盘
176,14:44:56,14.21,-0.01,17,24157,卖盘
177,14:44:53,14.22,--,11,15969,卖盘
178,14:44:50,14.22,--,61,86742,卖盘
179,14:44:44,14.22,--,6,8532,卖盘
180,14:44:41,14.22,0.01,89,127652,买盘
181,14:44:38,14.21,-0.01,84,119364,卖盘
182,14:44:32,14.22,0.01,1150,1635300,买盘
183,14:44:29,14.21,-0.02,255,362681,卖盘
184,14:44:26,14.23,--,40,56920,卖盘
185,14:44:23,14.23,0.01,89,127216,买盘
186,14:44:20,14.22,--,0,1194,卖盘
187,14:44:17,14.22,--,34,48348,卖盘
188,14:44:11,14.22,--,35,49770,卖盘
189,14:44:08,14.22,--,10,14220,卖盘
190,14:44:05,14.22,--,30,42660,卖盘
191,14:44:02,14.22,--,167,237474,卖盘
192,14:43:59,14.22,--,20,28440,卖盘
193,14:43:53,14.22,-0.01,83,118026,卖盘
194,14:43:50,14.23,0.01,5,7115,买盘
195,14:43:47,14.22,--,55,79063,卖盘
196,14:43:44,14.22,--,20,28440,卖盘
197,14:43:41,14.22,-0.02,88,125136,卖盘
198,14:43:38,14.24,0.01,79,112496,买盘
199,14:43:35,14.23,--,18,25614,卖盘
200,14:43:32,14.23,--,76,108148,买盘
201,14:43:26,14.23,--,10,14230,买盘
202,14:43:23,14.23,-0.01,14,19922,卖盘
203,14:43:20,14.24,0.02,220,313280,买盘
204,14:43:17,14.22,--,397,564534,卖盘
205,14:43:14,14.22,--,22,32606,卖盘
206,14:43:11,14.22,-0.01,27,38394,卖盘
207,14:43:08,14.23,--,34,48382,买盘
208,14:43:05,14.23,0.01,7,9961,买盘
209,14:43:02,14.22,-0.02,10,14220,卖盘
210,14:42:59,14.24,0.01,36,51264,买盘
211,14:42:56,14.23,--,23,32729,卖盘
212,14:42:53,14.23,0.01,145,206335,买盘
213,14:42:44,14.22,-0.02,15,21330,卖盘
214,14:42:41,14.24,0.01,155,220720,买盘
215,14:42:38,14.23,--,4,5692,卖盘
216,14:42:29,14.23,-0.01,60,85380,卖盘
217,14:42:26,14.24,0.01,135,192240,买盘
218,14:42:23,14.23,-0.01,10,14230,卖盘
219,14:42:20,14.24,--,98,139552,卖盘
220,14:42:02,14.24,--,60,85440,卖盘
221,14:41:56,14.24,--,20,28480,卖盘
222,14:41:53,14.24,--,20,28480,卖盘
223,14:41:50,14.24,-0.01,32,45568,卖盘
224,14:41:35,14.25,0.01,10,14250,买盘
225,14:41:29,14.24,-0.01,108,153792,卖盘
226,14:41:26,14.25,0.01,40,57000,买盘
227,14:41:23,14.24,-0.01,5,7120,卖盘
228,14:41:08,14.25,0.01,216,307800,买盘
229,14:41:02,14.24,--,218,310432,卖盘
230,14:40:59,14.24,--,20,28480,卖盘
231,14:40:50,14.24,--,4,5696,卖盘
232,14:40:47,14.24,0.01,5,7120,买盘
233,14:40:44,14.23,-0.02,8,11384,卖盘
234,14:40:38,14.25,0.02,197,280725,买盘
235,14:40:35,14.23,-0.01,181,257563,卖盘
236,14:40:29,14.24,-0.01,25,35600,卖盘
237,14:40:26,14.25,0.01,10,14250,买盘
238,14:40:23,14.24,--,95,135280,买盘
239,14:40:20,14.24,--,157,223568,卖盘
240,14:40:17,14.24,0.01,10,14240,中性盘
241,14:40:14,14.23,--,144,204912,卖盘
242,14:40:11,14.23,-0.01,102,145146,卖盘
243,14:40:08,14.24,--,3,4272,买盘
244,14:40:02,14.24,--,160,227840,买盘
245,14:39:56,14.24,0.01,70,99680,买盘
246,14:39:53,14.23,--,6,8538,卖盘
247,14:39:50,14.23,-0.01,100,142300,卖盘
248,14:39:44,14.24,0.01,68,96832,买盘
249,14:39:41,14.23,-0.01,130,184990,卖盘
250,14:39:38,14.24,0.01,142,202208,买盘
251,14:39:35,14.23,--,92,130916,卖盘
252,14:39:32,14.23,-0.01,20,28460,卖盘
253,14:39:29,14.24,--,10,14240,买盘
254,14:39:26,14.24,--,5,7120,买盘
255,14:39:20,14.24,--,50,71200,买盘
256,14:39:17,14.24,--,60,85440,买盘
257,14:39:08,14.24,--,69,98256,买盘
258,14:39:05,14.24,-0.01,111,158064,卖盘
259,14:39:02,14.25,0.01,215,306375,买盘
260,14:38:50,14.24,--,32,45568,卖盘
261,14:38:47,14.24,0.01,21,29904,买盘
262,14:38:44,14.23,--,115,163645,卖盘
263,14:38:41,14.23,0.01,19,27037,买盘
264,14:38:29,14.22,0.01,90,127980,中性盘
265,14:38:23,14.21,--,179,254359,卖盘
266,14:38:20,14.21,-0.01,49,69629,卖盘
267,14:38:08,14.22,-0.01,11,15642,卖盘
268,14:38:02,14.23,0.01,90,128070,买盘
269,14:37:59,14.22,-0.01,40,56880,卖盘
270,14:37:56,14.23,0.02,199,283177,买盘
271,14:37:53,14.21,--,10,14210,卖盘
272,14:37:50,14.21,-0.01,12,17052,卖盘
273,14:37:47,14.22,0.01,52,73944,买盘
274,14:37:41,14.21,-0.01,152,216347,卖盘
275,14:37:35,14.22,0.01,6,8532,买盘
276,14:37:32,14.21,-0.02,61,86681,卖盘
277,14:37:26,14.23,0.01,107,152261,买盘
278,14:37:23,14.22,--,30,42660,卖盘
279,14:37:17,14.22,0.01,167,238768,买盘
280,14:37:14,14.21,--,3,4263,卖盘
281,14:37:11,14.21,-0.01,510,724710,卖盘
282,14:37:02,14.22,--,5,7110,买盘
283,14:36:56,14.22,-0.01,728,1035343,卖盘
284,14:36:50,14.23,0.01,170,243204,买盘
285,14:36:44,14.22,--,188,267336,卖盘
286,14:36:41,14.22,-0.01,781,1110709,卖盘
287,14:36:38,14.23,-0.01,278,395594,卖盘
288,14:36:32,14.24,-0.01,77,109648,卖盘
289,14:36:26,14.25,0.01,140,199500,买盘
290,14:36:20,14.24,--,30,42720,卖盘
291,14:36:14,14.24,-0.01,103,146672,卖盘
292,14:36:08,14.25,--,25,35625,买盘
293,14:36:05,14.25,0.01,195,279171,买盘
294,14:36:02,14.24,-0.01,37,52816,卖盘
295,14:35:56,14.25,0.01,3,4275,买盘
296,14:35:53,14.24,-0.01,46,65504,卖盘
297,14:35:50,14.25,0.01,10,14250,买盘
298,14:35:47,14.24,--,29,41296,卖盘
299,14:35:44,14.24,--,1,1908,卖盘
300,14:35:38,14.24,--,46,65504,卖盘
301,14:35:35,14.24,-0.01,150,213600,卖盘
302,14:35:32,14.25,0.01,47,66975,中性盘
303,14:35:29,14.24,-0.02,77,109648,卖盘
304,14:35:26,14.26,0.01,175,249550,买盘
305,14:35:23,14.25,0.01,40,57000,中性盘
306,14:35:20,14.24,--,23,32752,卖盘
307,14:35:11,14.24,--,23,32752,卖盘
308,14:35:05,14.24,--,74,105376,卖盘
309,14:35:02,14.24,-0.01,106,150944,卖盘
310,14:34:50,14.25,0.01,38,54150,买盘
311,14:34:41,14.24,--,2,2848,卖盘
312,14:34:32,14.24,--,126,179424,卖盘
313,14:34:26,14.24,--,40,56960,卖盘
314,14:34:23,14.24,--,32,45568,卖盘
315,14:34:17,14.24,-0.01,10,14809,卖盘
316,14:34:05,14.25,--,3,4275,买盘
317,14:34:02,14.25,--,9,13680,卖盘
318,14:33:53,14.25,0.01,212,302670,买盘
319,14:33:38,14.24,-0.01,32,45568,卖盘
320,14:33:35,14.25,0.01,5,7125,买盘
321,14:33:32,14.24,-0.01,60,85440,卖盘
322,14:33:26,14.25,--,10,14250,买盘
323,14:33:23,14.25,--,5,7125,买盘
324,14:33:17,14.25,--,200,285000,卖盘
325,14:33:11,14.25,--,10,14250,卖盘
326,14:33:11,14.25,--,30,42750,卖盘
327,14:33:04,14.25,--,52,74100,卖盘
328,14:33:01,14.25,-0.01,80,114000,卖盘
329,14:32:52,14.26,-0.01,45,64170,卖盘
330,14:32:49,14.27,0.01,22,31394,买盘
331,14:32:46,14.26,-0.01,36,51336,卖盘
332,14:32:40,14.27,--,53,75631,买盘
333,14:32:34,14.27,--,70,99890,买盘
334,14:32:28,14.27,0.01,25,35675,中性盘
335,14:32:22,14.26,-0.01,17,24242,卖盘
336,14:32:19,14.27,--,1,1427,卖盘
337,14:32:16,14.27,-0.01,234,333918,买盘
338,14:32:10,14.28,0.01,35,49980,买盘
339,14:32:07,14.27,--,44,62788,买盘
340,14:32:01,14.27,--,30,43666,卖盘
341,14:31:55,14.27,--,20,28540,卖盘
342,14:31:52,14.27,--,32,45664,卖盘
343,14:31:43,14.27,--,200,285400,卖盘
344,14:31:31,14.27,-0.01,128,182656,卖盘
345,14:31:28,14.28,0.01,10,14280,买盘
346,14:31:22,14.27,--,5,7135,卖盘
347,14:31:16,14.27,--,115,164675,卖盘
348,14:31:10,14.27,--,13,18551,卖盘
349,14:31:07,14.27,0.01,28,39956,买盘
350,14:31:01,14.26,--,60,85560,卖盘
351,14:30:55,14.26,--,17,24242,卖盘
352,14:30:52,14.26,--,19,27094,卖盘
353,14:30:49,14.26,--,28,39928,卖盘
354,14:30:43,14.26,--,17,24242,卖盘
355,14:30:40,14.26,--,17,24242,卖盘
356,14:30:37,14.26,--,144,205344,卖盘
357,14:30:34,14.26,--,1,1426,卖盘
358,14:30:31,14.26,--,60,85560,卖盘
359,14:30:28,14.26,-0.01,43,61318,卖盘
360,14:30:25,14.27,0.01,63,89901,买盘
361,14:30:22,14.26,-0.01,4,5704,卖盘
362,14:30:16,14.27,0.01,37,52799,买盘
363,14:30:07,14.26,--,40,57040,卖盘
364,14:30:04,14.26,--,32,45632,卖盘
365,14:30:01,14.26,--,67,95542,卖盘
366,14:29:55,14.26,-0.01,59,84134,卖盘
367,14:29:49,14.27,--,26,37102,卖盘
368,14:29:46,14.27,--,56,79912,卖盘
369,14:29:37,14.27,--,5,7135,卖盘
370,14:29:31,14.27,--,60,85620,卖盘
371,14:29:28,14.27,--,12,17124,卖盘
372,14:29:16,14.27,--,147,209769,买盘
373,14:29:13,14.27,--,54,77058,买盘
374,14:29:07,14.27,--,43,61361,买盘
375,14:29:04,14.27,0.01,33,47091,买盘
376,14:29:01,14.26,-0.01,60,85560,卖盘
377,14:28:52,14.27,--,14,19978,买盘
378,14:28:49,14.27,0.01,4,5708,买盘
379,14:28:46,14.26,-0.01,1,1426,卖盘
380,14:28:37,14.27,0.01,1,1427,买盘
381,14:28:31,14.26,--,60,85560,卖盘
382,14:28:28,14.26,-0.01,10,14260,卖盘
383,14:28:25,14.27,0.02,103,146981,买盘
384,14:28:19,14.25,-0.01,30,42750,卖盘
385,14:28:16,14.26,0.01,191,272366,买盘
386,14:28:07,14.25,--,49,69825,买盘
387,14:28:01,14.25,-0.01,12,17100,卖盘
388,14:27:52,14.26,--,136,193936,买盘
389,14:27:49,14.26,0.02,14,19964,买盘
390,14:27:43,14.24,-0.02,9,12816,卖盘
391,14:27:37,14.26,0.01,150,213900,买盘
392,14:27:31,14.25,--,127,180975,卖盘
393,14:27:28,14.25,-0.01,1,1425,卖盘
394,14:27:25,14.26,--,11,15686,买盘
395,14:27:19,14.26,--,1,1426,买盘
396,14:27:16,14.26,--,1,1426,买盘
397,14:27:13,14.26,0.02,23,32798,买盘
398,14:27:04,14.24,-0.01,60,85440,卖盘
399,14:26:58,14.25,-0.01,0,242,中性盘
400,14:26:40,14.26,--,117,166842,买盘
401,14:26:37,14.26,0.01,49,69874,买盘
402,14:26:34,14.25,--,72,102600,卖盘
403,14:26:28,14.25,-0.01,53,75525,卖盘
404,14:26:25,14.26,--,56,79856,买盘
405,14:26:19,14.26,--,46,65596,买盘
406,14:26:16,14.26,0.01,49,69874,买盘
407,14:26:13,14.25,-0.01,3,4275,卖盘
408,14:26:07,14.26,0.01,100,142600,买盘
409,14:26:04,14.25,-0.01,60,85500,中性盘
410,14:25:46,14.26,0.02,12,17112,买盘
411,14:25:34,14.24,--,8,11392,卖盘
412,14:25:31,14.24,-0.02,60,85440,卖盘
413,14:25:25,14.26,0.04,17,24242,中性盘
414,14:25:01,14.22,-0.05,60,85320,卖盘
415,14:24:58,14.27,0.05,105,149835,买盘
416,14:24:55,14.22,-0.01,55,78210,卖盘
417,14:24:46,14.23,0.01,23,32729,买盘
418,14:24:43,14.22,--,100,142200,卖盘
419,14:24:31,14.22,-0.01,60,85320,卖盘
420,14:24:28,14.23,--,3,4269,买盘
421,14:24:25,14.23,0.01,10,14230,买盘
422,14:24:22,14.22,--,1,1422,卖盘
423,14:24:16,14.22,0.01,43,61146,买盘
424,14:24:07,14.21,--,1,1421,卖盘
425,14:24:04,14.21,--,25,35525,卖盘
426,14:24:01,14.21,-0.02,60,85260,卖盘
427,14:23:58,14.23,0.02,40,56920,买盘
428,14:23:52,14.21,-0.01,26,36946,卖盘
429,14:23:43,14.22,--,250,355500,卖盘
430,14:23:37,14.22,-0.01,70,99540,卖盘
431,14:23:25,14.23,--,10,14230,买盘
432,14:23:16,14.23,--,77,110752,卖盘
433,14:23:13,14.23,--,2,2846,卖盘
434,14:23:10,14.23,--,2,3087,卖盘
435,14:23:07,14.23,--,2,2846,卖盘
436,14:23:04,14.23,--,20,28460,卖盘
437,14:23:01,14.23,--,60,85380,卖盘
438,14:22:52,14.23,--,36,51228,卖盘
439,14:22:49,14.23,--,2,2846,卖盘
440,14:22:46,14.23,--,2,2846,卖盘
441,14:22:43,14.23,--,30,42690,卖盘
442,14:22:40,14.23,--,92,130916,买盘
443,14:22:37,14.23,-0.03,18,25614,卖盘
444,14:22:28,14.26,0.03,10,14260,买盘
445,14:22:22,14.23,0.01,2,2846,卖盘
446,14:22:13,14.22,-0.01,56,79632,卖盘
447,14:22:04,14.23,--,21,29883,卖盘
448,14:22:01,14.23,-0.04,69,98187,卖盘
449,14:21:52,14.27,0.04,10,14270,买盘
450,14:21:43,14.23,0.01,2,2846,卖盘
451,14:21:34,14.22,-0.06,60,85320,卖盘
452,14:21:28,14.28,0.06,10,14280,买盘
453,14:21:22,14.22,-0.06,34,48348,卖盘
454,14:21:19,14.28,0.06,420,599760,买盘
455,14:21:04,14.22,-0.01,41,58302,卖盘
456,14:21:01,14.23,--,124,176452,买盘
457,14:20:55,14.23,--,12,17076,买盘
458,14:20:49,14.23,0.01,2,2846,买盘
459,14:20:46,14.22,--,23,32706,卖盘
460,14:20:40,14.22,--,22,31284,卖盘
461,14:20:37,14.22,--,2,2844,卖盘
462,14:20:34,14.22,-0.01,60,85320,卖盘
463,14:20:31,14.23,0.01,66,93918,买盘
464,14:20:28,14.22,-0.01,16,22752,卖盘
465,14:20:22,14.23,--,9,12807,买盘
466,14:20:19,14.23,--,10,15083,卖盘
467,14:20:16,14.23,--,16,23337,买盘
468,14:20:13,14.23,--,52,73996,买盘
469,14:20:01,14.23,--,28,40697,卖盘
470,14:19:55,14.23,-0.01,3,4838,卖盘
471,14:19:46,14.24,0.01,63,89712,买盘
472,14:19:40,14.23,--,100,142300,卖盘
473,14:19:37,14.23,--,1,1423,卖盘
474,14:19:34,14.23,-0.01,80,113840,卖盘
475,14:19:28,14.24,0.01,22,31328,买盘
476,14:19:22,14.23,-0.01,100,142300,卖盘
477,14:19:07,14.24,--,99,140976,卖盘
478,14:19:04,14.24,-0.01,60,85440,卖盘
479,14:18:49,14.25,--,35,49875,买盘
480,14:18:37,14.25,0.01,353,503025,买盘
481,14:18:31,14.24,-0.01,60,85440,卖盘
482,14:18:28,14.25,--,66,94050,买盘
483,14:18:25,14.25,--,10,14250,买盘
484,14:18:22,14.25,--,16,22985,卖盘
485,14:18:19,14.25,--,16,24039,买盘
486,14:18:13,14.25,--,30,42750,买盘
487,14:18:07,14.25,--,29,41325,买盘
488,14:18:04,14.25,-0.03,12,17285,卖盘
489,14:17:43,14.28,0.01,538,768264,买盘
490,14:17:40,14.27,--,14,19978,卖盘
491,14:17:34,14.27,--,67,95609,买盘
492,14:17:25,14.27,--,10,14270,买盘
493,14:17:22,14.27,0.01,20,28540,买盘
494,14:17:19,14.26,-0.01,3,5518,卖盘
495,14:17:13,14.27,--,8,11416,买盘
496,14:17:10,14.27,--,4,5708,买盘
497,14:17:04,14.27,--,1,1427,买盘
498,14:16:58,14.27,--,29,41383,卖盘
499,14:16:55,14.27,-0.01,33,47091,卖盘
500,14:16:52,14.28,0.02,1,1428,买盘
501,14:16:40,14.26,--,43,61318,卖盘
502,14:16:37,14.26,--,17,24242,卖盘
503,14:16:31,14.26,-0.01,83,118358,卖盘
504,14:16:25,14.27,0.01,13,18551,买盘
505,14:16:13,14.26,--,30,42780,卖盘
506,14:16:10,14.26,-0.01,229,326554,卖盘
507,14:16:04,14.27,--,45,64215,卖盘
508,14:16:01,14.27,-0.01,33,47091,卖盘
509,14:15:58,14.28,--,10,14280,买盘
510,14:15:55,14.28,0.01,18,25704,买盘
511,14:15:49,14.27,-0.01,23,32821,卖盘
512,14:15:46,14.28,0.01,110,157080,买盘
513,14:15:43,14.27,--,35,49945,买盘
514,14:15:34,14.27,--,35,49945,买盘
515,14:15:31,14.27,-0.01,36,51372,卖盘
516,14:15:28,14.28,--,10,14280,买盘
517,14:15:22,14.28,0.01,42,59976,买盘
518,14:15:19,14.27,--,58,82766,买盘
519,14:15:16,14.27,--,10,14270,买盘
520,14:15:13,14.27,--,7,9989,买盘
521,14:15:07,14.27,0.01,9,12843,买盘
522,14:15:04,14.26,-0.01,18,25668,卖盘
523,14:14:58,14.27,-0.01,18,25686,卖盘
524,14:14:55,14.28,--,1,1428,买盘
525,14:14:49,14.28,0.01,69,98532,买盘
526,14:14:46,14.27,0.01,9,12843,买盘
527,14:14:40,14.26,--,1,1426,买盘
528,14:14:37,14.26,--,1,1426,买盘
529,14:14:34,14.26,-0.01,82,116932,卖盘
530,14:14:25,14.27,0.01,45,64215,买盘
531,14:14:19,14.26,-0.01,21,29946,卖盘
532,14:14:16,14.27,--,14,19978,买盘
533,14:14:13,14.27,--,82,117014,买盘
534,14:14:10,14.27,0.01,31,44237,买盘
535,14:14:07,14.26,0.01,74,105524,中性盘
536,14:14:01,14.25,-0.01,60,85500,卖盘
537,14:13:58,14.26,0.01,31,44206,买盘
538,14:13:46,14.25,--,14,19950,买盘
539,14:13:39,14.25,0.01,3,4275,中性盘
540,14:13:33,14.24,-0.03,60,85440,卖盘
541,14:13:27,14.27,--,10,14270,买盘
542,14:13:18,14.27,0.04,81,115587,买盘
543,14:13:00,14.23,-0.04,86,122378,卖盘
544,14:12:42,14.27,0.02,112,159824,买盘
545,14:12:33,14.25,--,131,186675,买盘
546,14:12:30,14.25,--,83,118275,买盘
547,14:12:27,14.25,--,56,79800,买盘
548,14:12:24,14.25,--,26,37050,买盘
549,14:12:21,14.25,--,46,65550,买盘
550,14:12:18,14.25,0.01,96,136800,买盘
551,14:12:15,14.24,--,24,34176,买盘
552,14:12:09,14.24,0.01,46,65504,买盘
553,14:12:00,14.23,-0.01,50,71150,卖盘
554,14:11:51,14.24,--,7,9968,买盘
555,14:11:39,14.24,0.01,69,98441,买盘
556,14:11:36,14.23,--,3,4269,买盘
557,14:11:33,14.23,--,65,92495,买盘
558,14:11:27,14.23,--,10,14230,买盘
559,14:11:21,14.23,--,30,42690,买盘
560,14:11:15,14.23,-0.01,50,71150,卖盘
561,14:11:09,14.24,0.02,21,29904,买盘
562,14:11:03,14.22,--,1,1422,卖盘
563,14:11:00,14.22,--,99,140778,卖盘
564,14:10:48,14.22,--,40,58117,卖盘
565,14:10:45,14.22,-0.01,23,32706,卖盘
566,14:10:42,14.23,0.01,101,143723,买盘
567,14:10:36,14.22,--,77,109494,卖盘
568,14:10:33,14.22,-0.03,80,113760,卖盘
569,14:10:27,14.25,0.02,206,293550,买盘
570,14:10:21,14.23,-0.01,552,785496,卖盘
571,14:10:15,14.24,-0.01,13,18512,卖盘
572,14:10:12,14.25,--,5,7125,买盘
573,14:10:06,14.25,0.01,20,28500,买盘
574,14:10:03,14.24,-0.01,60,85440,卖盘
575,14:09:54,14.25,--,4,5700,买盘
576,14:09:51,14.25,--,5,7125,买盘
577,14:09:45,14.25,0.01,20,28500,买盘
578,14:09:42,14.24,-0.01,24,34176,卖盘
579,14:09:39,14.25,0.01,20,28500,买盘
580,14:09:30,14.24,--,70,99680,卖盘
581,14:09:18,14.24,--,20,28480,买盘
582,14:09:15,14.24,--,12,17088,买盘
583,14:09:12,14.24,0.01,10,14240,买盘
584,14:09:06,14.23,--,18,25614,卖盘
585,14:09:03,14.23,-0.01,60,85380,卖盘
586,14:09:00,14.24,--,2,2848,买盘
587,14:08:42,14.24,0.01,100,142400,买盘
588,14:08:39,14.23,-0.01,12,17076,买盘
589,14:08:30,14.24,0.02,61,86864,买盘
590,14:08:27,14.22,-0.02,19,27018,卖盘
591,14:08:24,14.24,--,10,14240,买盘
592,14:08:15,14.24,0.01,58,82592,买盘
593,14:08:06,14.23,--,1,1423,买盘
594,14:08:03,14.23,--,7,9961,卖盘
595,14:07:42,14.23,--,70,99610,卖盘
596,14:07:36,14.23,0.01,26,36998,买盘
597,14:07:30,14.22,--,814,1157508,买盘
598,14:07:27,14.22,0.01,10,14220,买盘
599,14:07:21,14.21,-0.01,79,112259,卖盘
600,14:07:18,14.22,0.01,60,85320,买盘
601,14:07:09,14.21,--,21,29841,卖盘
602,14:07:06,14.21,--,9,12789,卖盘
603,14:07:03,14.21,--,25,35525,卖盘
604,14:07:00,14.21,--,60,85260,卖盘
605,14:06:57,14.21,-0.01,32,45472,卖盘
606,14:06:51,14.22,--,100,142200,买盘
607,14:06:48,14.22,--,20,28440,买盘
608,14:06:45,14.22,--,63,89586,买盘
609,14:06:42,14.22,--,1,1422,买盘
610,14:06:36,14.22,--,50,71100,买盘
611,14:06:33,14.22,--,5,7110,买盘
612,14:06:30,14.22,--,163,231786,买盘
613,14:06:24,14.22,--,130,184860,买盘
614,14:06:21,14.22,0.01,1,1422,买盘
615,14:06:18,14.21,-0.01,9,12789,卖盘
616,14:06:15,14.22,--,2,2844,买盘
617,14:06:12,14.22,0.01,15,21330,买盘
618,14:06:06,14.21,--,240,341040,卖盘
619,14:06:00,14.21,-0.01,101,144259,卖盘
620,14:05:54,14.22,--,137,194814,买盘
621,14:05:48,14.22,0.01,3,4266,买盘
622,14:05:42,14.21,--,10,14536,卖盘
623,14:05:36,14.21,-0.01,142,201782,卖盘
624,14:05:15,14.22,0.01,33,46926,买盘
625,14:05:12,14.21,--,123,174783,卖盘
626,14:05:09,14.21,-0.01,26,36946,卖盘
627,14:05:03,14.22,0.01,47,66834,买盘
628,14:05:00,14.21,-0.01,119,169099,卖盘
629,14:04:48,14.22,--,20,28440,买盘
630,14:04:42,14.22,0.01,33,46926,买盘
631,14:04:39,14.21,-0.01,2,2842,卖盘
632,14:04:33,14.22,0.01,60,85320,买盘
633,14:04:30,14.21,-0.01,139,197519,卖盘
634,14:04:27,14.22,--,10,14220,买盘
635,14:04:18,14.22,--,10,14220,买盘
636,14:04:15,14.22,0.01,56,79632,买盘
637,14:04:09,14.21,-0.01,2,2842,卖盘
638,14:04:06,14.22,0.01,25,35550,买盘
639,14:03:57,14.21,--,90,127890,卖盘
640,14:03:54,14.21,-0.01,30,42630,卖盘
641,14:03:51,14.22,--,4,5688,买盘
642,14:03:48,14.22,--,10,14220,买盘
643,14:03:42,14.22,0.01,11,15642,买盘
644,14:03:36,14.21,-0.01,4,5684,卖盘
645,14:03:33,14.22,--,197,280134,买盘
646,14:03:27,14.22,--,11,15642,买盘
647,14:03:24,14.22,--,28,39816,买盘
648,14:03:18,14.22,--,20,28440,买盘
649,14:03:15,14.22,--,28,39816,买盘
650,14:03:12,14.22,0.01,5,7110,买盘
651,14:03:06,14.21,-0.01,197,279937,卖盘
652,14:03:03,14.22,0.01,21,29862,买盘
653,14:03:00,14.21,-0.01,60,85260,卖盘
654,14:02:57,14.22,--,19,27018,买盘
655,14:02:51,14.22,--,15,21330,买盘
656,14:02:48,14.22,--,1,1422,买盘
657,14:02:45,14.22,--,14,19908,买盘
658,14:02:42,14.22,--,10,14220,买盘
659,14:02:36,14.22,0.01,45,63990,买盘
660,14:02:33,14.21,--,61,86681,卖盘
661,14:02:30,14.21,-0.01,35,49735,卖盘
662,14:02:24,14.22,--,5,7110,买盘
663,14:02:21,14.22,--,102,145044,买盘
664,14:02:18,14.22,--,12,17064,买盘
665,14:02:12,14.22,0.01,71,100962,买盘
666,14:02:03,14.21,-0.01,4,5684,卖盘
667,14:02:00,14.22,0.01,94,133668,买盘
668,14:01:57,14.21,-0.01,19,26999,卖盘
669,14:01:54,14.22,--,20,28440,买盘
670,14:01:45,14.22,--,15,21330,买盘
671,14:01:39,14.22,--,2,2844,买盘
672,14:01:36,14.22,0.01,24,34128,买盘
673,14:01:33,14.21,-0.01,77,109417,卖盘
674,14:01:27,14.22,0.01,67,95274,买盘
675,14:01:24,14.21,-0.01,32,45472,卖盘
676,14:01:21,14.22,--,9,12798,买盘
677,14:01:18,14.22,--,60,85320,买盘
678,14:01:15,14.22,--,1,1422,买盘
679,14:01:09,14.22,0.01,2,2844,买盘
680,14:01:03,14.21,-0.01,68,96628,卖盘
681,14:00:54,14.22,--,66,93852,买盘
682,14:00:51,14.22,--,74,105228,买盘
683,14:00:48,14.22,--,13,18486,买盘
684,14:00:45,14.22,--,3,4266,买盘
685,14:00:42,14.22,--,100,142200,买盘
686,14:00:39,14.22,--,10,14220,买盘
687,14:00:33,14.22,--,66,93852,买盘
688,14:00:30,14.22,--,41,58302,买盘
689,14:00:27,14.22,--,23,32706,买盘
690,14:00:24,14.22,--,84,119448,买盘
691,14:00:21,14.22,0.01,26,36972,买盘
692,14:00:15,14.21,-0.01,13,18473,卖盘
693,14:00:12,14.22,--,9,12798,买盘
694,14:00:09,14.22,--,23,32706,买盘
695,14:00:03,14.22,--,124,176328,买盘
696,14:00:00,14.22,--,150,213300,买盘
697,13:59:57,14.22,--,39,55458,买盘
698,13:59:48,14.22,--,200,284400,买盘
699,13:59:45,14.22,--,85,120870,买盘
700,13:59:39,14.22,--,122,173484,买盘
701,13:59:36,14.22,--,53,75366,买盘
702,13:59:33,14.22,--,558,793476,买盘
703,13:59:30,14.22,0.01,98,139356,买盘
704,13:59:27,14.21,--,73,103733,卖盘
705,13:59:24,14.21,-0.01,8,11368,卖盘
706,13:59:21,14.22,--,30,42660,买盘
707,13:59:18,14.22,--,29,41238,买盘
708,13:59:15,14.22,--,163,231786,买盘
709,13:59:12,14.22,--,33,46926,买盘
710,13:59:09,14.22,--,154,218988,买盘
711,13:59:03,14.22,--,455,647010,买盘
712,13:58:57,14.22,--,32,45504,买盘
713,13:58:51,14.22,--,405,575910,买盘
714,13:58:51,14.22,--,1480,2104560,买盘
715,13:58:45,14.22,0.01,3,4266,买盘
716,13:58:36,14.21,-0.01,87,123627,卖盘
717,13:58:24,14.22,--,123,174906,买盘
718,13:58:21,14.22,--,6,8532,买盘
719,13:58:18,14.22,--,52,73944,买盘
720,13:58:15,14.22,--,16,22752,买盘
721,13:58:12,14.22,--,5,7110,买盘
722,13:58:09,14.22,--,3,4266,买盘
723,13:58:06,14.22,--,173,246006,买盘
724,13:58:03,14.22,--,170,241740,买盘
725,13:58:00,14.22,--,50,71100,买盘
726,13:57:54,14.22,--,414,588708,买盘
727,13:57:51,14.22,--,36,51192,买盘
728,13:57:45,14.22,--,100,142200,买盘
729,13:57:42,14.22,--,92,130824,买盘
730,13:57:39,14.22,--,46,65412,买盘
731,13:57:33,14.22,--,563,800586,卖盘
732,13:57:21,14.22,-0.01,9,12798,卖盘
733,13:57:15,14.23,0.01,46,65458,买盘
734,13:57:09,14.22,--,20,28440,卖盘
735,13:57:06,14.22,--,109,154998,卖盘
736,13:56:57,14.22,-0.01,51,72522,卖盘
737,13:56:42,14.23,0.01,10,14230,买盘
738,13:56:39,14.22,-0.01,300,426600,卖盘
739,13:56:36,14.23,0.01,27,38421,买盘
740,13:56:33,14.22,-0.01,60,85320,卖盘
741,13:56:30,14.23,--,107,152261,买盘
742,13:56:24,14.23,0.01,35,49805,买盘
743,13:56:21,14.22,-0.01,23,32706,卖盘
744,13:56:18,14.23,0.01,17,24191,买盘
745,13:56:12,14.22,--,101,143622,卖盘
746,13:56:09,14.22,--,5,7110,卖盘
747,13:56:06,14.22,--,10,14220,卖盘
748,13:56:03,14.22,-0.01,63,89586,卖盘
749,13:56:00,14.23,0.01,3,4269,买盘
750,13:55:57,14.22,--,7,9954,卖盘
751,13:55:54,14.22,-0.01,5,7110,卖盘
752,13:55:45,14.23,--,89,126647,卖盘
753,13:55:36,14.23,--,117,166491,卖盘
754,13:55:33,14.23,-0.01,60,85380,卖盘
755,13:55:27,14.24,0.01,17,24208,买盘
756,13:55:15,14.23,--,5,7115,卖盘
757,13:55:09,14.23,--,53,75419,卖盘
758,13:55:03,14.23,--,60,85380,卖盘
759,13:54:42,14.23,--,5,7115,卖盘
760,13:54:39,14.23,-0.01,6,8538,卖盘
761,13:54:36,14.24,-0.01,20,28480,买盘
762,13:54:33,14.25,0.01,60,85500,买盘
763,13:54:30,14.24,--,15,21360,卖盘
764,13:54:27,14.24,-0.01,15,21360,卖盘
765,13:54:24,14.25,--,21,29925,买盘
766,13:54:21,14.25,0.01,14,19950,买盘
767,13:54:18,14.24,-0.01,10,14240,卖盘
768,13:54:09,14.25,0.01,84,119700,买盘
769,13:54:06,14.24,-0.01,28,39872,卖盘
770,13:53:57,14.25,-0.02,363,517275,卖盘
771,13:53:51,14.27,--,15,21405,买盘
772,13:53:39,14.27,--,13,18551,买盘
773,13:53:36,14.27,0.01,63,89901,买盘
774,13:53:33,14.26,--,56,79856,卖盘
775,13:53:30,14.26,--,50,71300,卖盘
776,13:53:27,14.26,--,13,18538,卖盘
777,13:53:18,14.26,--,10,14260,卖盘
778,13:53:15,14.26,-0.01,6,8556,卖盘
779,13:53:12,14.27,0.01,13,18551,买盘
780,13:53:02,14.26,0.01,35,49910,买盘
781,13:52:59,14.25,--,60,85500,卖盘
782,13:52:53,14.25,-0.01,42,59850,卖盘
783,13:52:47,14.26,0.01,23,32798,买盘
784,13:52:44,14.25,--,7,9975,卖盘
785,13:52:41,14.25,0.02,35,49875,买盘
786,13:52:32,14.23,-0.02,77,109571,卖盘
787,13:52:26,14.25,--,10,14250,买盘
788,13:52:20,14.25,-0.01,6,8550,买盘
789,13:52:17,14.26,0.03,20,28520,买盘
790,13:52:11,14.23,-0.03,1000,1423000,卖盘
791,13:52:08,14.26,0.01,23,32798,买盘
792,13:52:02,14.25,-0.01,60,85500,卖盘
793,13:51:53,14.26,--,6,8556,买盘
794,13:51:50,14.26,--,11,15686,买盘
795,13:51:47,14.26,-0.01,28,39928,卖盘
796,13:51:35,14.27,0.01,5,7135,买盘
797,13:51:32,14.26,-0.02,46,65596,卖盘
798,13:51:26,14.28,--,10,14280,买盘
799,13:51:17,14.28,0.01,30,42840,买盘
800,13:51:14,14.27,-0.01,6,8562,卖盘
801,13:51:11,14.28,0.03,30,42840,买盘
802,13:51:05,14.25,--,18,25650,卖盘
803,13:51:02,14.25,--,148,210900,卖盘
804,13:50:53,14.25,-0.01,104,148200,卖盘
805,13:50:47,14.26,-0.01,10,14260,卖盘
806,13:50:41,14.27,0.02,63,89901,买盘
807,13:50:35,14.25,--,9,12825,卖盘
808,13:50:32,14.25,-0.02,74,105450,卖盘
809,13:50:29,14.27,--,30,42810,买盘
810,13:50:26,14.27,0.02,20,28540,买盘
811,13:50:17,14.25,--,150,213750,卖盘
812,13:50:11,14.25,--,6,8550,卖盘
813,13:50:02,14.25,-0.02,60,85500,卖盘
814,13:49:59,14.27,0.02,500,713500,买盘
815,13:49:56,14.25,0.01,425,606152,买盘
816,13:49:53,14.24,--,2,2848,卖盘
817,13:49:38,14.24,--,5,7120,卖盘
818,13:49:32,14.24,0.01,17,24208,中性盘
819,13:49:29,14.23,-0.02,60,85380,卖盘
820,13:49:26,14.25,0.01,10,14250,买盘
821,13:49:23,14.24,0.01,1,1424,买盘
822,13:49:20,14.23,--,7,9961,卖盘
823,13:49:14,14.23,--,33,46959,卖盘
824,13:49:05,14.23,-0.01,3,4269,卖盘
825,13:48:59,14.24,--,46,65504,卖盘
826,13:48:56,14.24,--,15,21360,卖盘
827,13:48:50,14.24,--,13,18512,买盘
828,13:48:47,14.24,--,52,74048,买盘
829,13:48:44,14.24,--,3,4272,买盘
830,13:48:35,14.24,--,85,121040,卖盘
831,13:48:29,14.24,-0.01,60,85440,卖盘
832,13:48:23,14.25,--,10,14250,买盘
833,13:48:20,14.25,--,6,8550,买盘
834,13:48:17,14.25,0.01,146,208050,买盘
835,13:48:14,14.24,--,5,7120,买盘
836,13:48:08,14.24,--,10,14240,买盘
837,13:48:05,14.24,--,5,7120,买盘
838,13:48:02,14.24,--,43,61232,卖盘
839,13:47:59,14.24,--,49,69776,卖盘
840,13:47:56,14.24,--,10,14240,卖盘
841,13:47:50,14.24,--,20,28480,卖盘
842,13:47:47,14.24,--,74,105376,买盘
843,13:47:41,14.24,0.01,1,1424,买盘
844,13:47:38,14.23,--,50,71150,卖盘
845,13:47:32,14.23,-0.01,60,85380,卖盘
846,13:47:29,14.24,-0.01,55,78320,中性盘
847,13:47:23,14.25,0.01,24,34200,买盘
848,13:47:11,14.24,0.01,95,135280,买盘
849,13:47:08,14.23,-0.01,31,44113,卖盘
850,13:47:05,14.24,0.01,10,14240,买盘
851,13:47:02,14.23,--,60,85380,卖盘
852,13:46:59,14.23,--,7,9961,卖盘
853,13:46:56,14.23,-0.01,17,24191,卖盘
854,13:46:50,14.24,0.01,40,56960,买盘
855,13:46:47,14.23,-0.01,5,7115,卖盘
856,13:46:44,14.24,--,100,142400,买盘
857,13:46:41,14.24,--,51,72624,买盘
858,13:46:38,14.24,--,70,99680,买盘
859,13:46:35,14.24,--,33,46992,买盘
860,13:46:32,14.24,-0.01,86,122464,卖盘
861,13:46:26,14.25,--,22,31350,买盘
862,13:46:23,14.25,--,8,11400,买盘
863,13:46:20,14.25,--,20,28500,买盘
864,13:46:08,14.25,--,1,1425,买盘
865,13:46:02,14.25,-0.01,447,636975,卖盘
866,13:45:59,14.26,--,1,1426,卖盘
867,13:45:56,14.26,0.01,35,49910,买盘
868,13:45:53,14.25,-0.02,32,45600,卖盘
869,13:45:47,14.27,0.01,39,55653,买盘
870,13:45:44,14.26,0.01,14,19964,中性盘
871,13:45:38,14.25,--,52,74100,卖盘
872,13:45:35,14.25,--,3,4275,卖盘
873,13:45:32,14.25,--,80,114000,卖盘
874,13:45:29,14.25,-0.01,9,14093,卖盘
875,13:45:26,14.26,--,10,14260,买盘
876,13:45:20,14.26,0.01,2,2852,买盘
877,13:45:17,14.25,-0.01,54,76950,卖盘
878,13:45:14,14.26,--,23,33610,买盘
879,13:45:02,14.26,--,367,523342,卖盘
880,13:44:59,14.26,-0.01,39,55614,卖盘
881,13:44:47,14.27,-0.01,38,54226,卖盘
882,13:44:44,14.28,0.01,12,17136,买盘
883,13:44:41,14.27,0.01,12,17124,买盘
884,13:44:38,14.26,-0.01,36,51336,卖盘
885,13:44:35,14.27,0.01,5,7135,买盘
886,13:44:32,14.26,--,60,85560,卖盘
887,13:44:26,14.26,--,20,28520,卖盘
888,13:44:23,14.26,-0.01,57,81282,卖盘
889,13:44:11,14.27,0.01,2,2854,中性盘
890,13:44:08,14.26,--,4,5704,卖盘
891,13:43:59,14.26,--,115,163990,卖盘
892,13:43:50,14.26,--,23,32798,卖盘
893,13:43:44,14.26,0.01,101,144225,买盘
894,13:43:38,14.25,-0.01,17,24225,卖盘
895,13:43:32,14.26,-0.02,33,47058,卖盘
896,13:43:26,14.28,0.02,27,38556,买盘
897,13:43:20,14.26,0.01,17,24242,买盘
898,13:43:11,14.25,--,62,88350,卖盘
899,13:43:08,14.25,--,51,72675,卖盘
900,13:43:02,14.25,-0.02,83,118275,卖盘
901,13:42:59,14.27,0.02,12,17124,买盘
902,13:42:53,14.25,--,68,97470,卖盘
903,13:42:47,14.25,-0.01,100,142500,卖盘
904,13:42:44,14.26,--,69,98394,卖盘
905,13:42:41,14.26,--,23,32798,卖盘
906,13:42:38,14.26,-0.01,97,138322,卖盘
907,13:42:35,14.27,--,120,171240,卖盘
908,13:42:32,14.27,-0.01,81,116443,卖盘
909,13:42:29,14.28,-0.01,33,47124,卖盘
910,13:42:26,14.29,0.01,14,20006,卖盘
911,13:42:23,14.28,--,23,32844,卖盘
912,13:42:20,14.28,--,23,32844,卖盘
913,13:42:17,14.28,-0.01,38,54264,卖盘
914,13:42:11,14.29,--,23,32867,卖盘
915,13:42:02,14.29,0.01,103,147187,中性盘
916,13:41:59,14.28,--,23,32844,卖盘
917,13:41:44,14.28,--,46,65688,卖盘
918,13:41:41,14.28,--,47,67116,卖盘
919,13:41:29,14.28,--,83,118524,卖盘
920,13:41:26,14.28,-0.01,17,24276,卖盘
921,13:41:17,14.29,0.01,38,54302,买盘
922,13:41:02,14.28,-0.02,60,85680,卖盘
923,13:40:41,14.3,0.01,30,42900,买盘
924,13:40:35,14.29,--,63,90027,买盘
925,13:40:29,14.29,-0.01,5,7145,卖盘
926,13:40:26,14.3,0.01,56,80080,买盘
927,13:40:23,14.29,--,53,75737,卖盘
928,13:40:20,14.29,-0.01,25,35725,卖盘
929,13:40:17,14.3,0.01,8,11440,买盘
930,13:40:14,14.29,0.01,7,10003,中性盘
931,13:40:02,14.28,--,63,90249,卖盘
932,13:39:53,14.28,-0.01,23,32844,卖盘
933,13:39:47,14.29,--,15,21435,卖盘
934,13:39:41,14.29,-0.01,1,1429,中性盘
935,13:39:38,14.3,0.02,20,28600,买盘
936,13:39:26,14.28,-0.01,93,132804,卖盘
937,13:39:23,14.29,-0.01,41,58589,卖盘
938,13:39:20,14.3,0.01,2,2860,买盘
939,13:39:17,14.29,--,10,14290,卖盘
940,13:39:05,14.29,--,18,25722,卖盘
941,13:39:02,14.29,-0.01,141,201489,卖盘
942,13:38:53,14.3,0.01,30,42900,买盘
943,13:38:32,14.29,--,124,177196,卖盘
944,13:38:29,14.29,-0.01,23,32867,卖盘
945,13:38:26,14.3,--,10,14300,买盘
946,13:38:17,14.3,--,24,34320,买盘
947,13:38:08,14.3,0.01,43,61490,买盘
948,13:38:02,14.29,--,60,85740,卖盘
949,13:37:56,14.29,--,5,7145,卖盘
950,13:37:53,14.29,-0.01,1,1429,卖盘
951,13:37:50,14.3,--,19,27170,买盘
952,13:37:47,14.3,--,1,1430,买盘
953,13:37:41,14.3,0.01,1,1430,买盘
954,13:37:35,14.29,--,17,24293,卖盘
955,13:37:32,14.29,-0.01,60,85740,卖盘
956,13:37:26,14.3,0.01,10,14300,买盘
957,13:37:14,14.29,--,6,8574,卖盘
958,13:37:05,14.29,--,11,15718,买盘
959,13:37:02,14.29,-0.01,49,70021,卖盘
960,13:36:59,14.3,0.01,1,1430,买盘
961,13:36:44,14.29,-0.01,30,42870,卖盘
962,13:36:35,14.3,0.01,8,11440,买盘
963,13:36:32,14.29,--,75,107175,卖盘
964,13:36:26,14.29,-0.01,16,22864,卖盘
965,13:36:23,14.3,--,5,7150,买盘
966,13:36:20,14.3,--,20,28600,买盘
967,13:36:17,14.3,--,2,2860,买盘
968,13:36:05,14.3,0.01,23,32890,买盘
969,13:36:02,14.29,-0.01,60,85740,卖盘
970,13:35:56,14.3,--,10,14300,买盘
971,13:35:50,14.3,--,44,62920,买盘
972,13:35:47,14.3,--,5,7150,买盘
973,13:35:41,14.3,0.01,23,32890,买盘
974,13:35:32,14.29,-0.01,80,114320,中性盘
975,13:35:29,14.3,0.01,5,7150,买盘
976,13:35:26,14.29,--,22,31437,买盘
977,13:35:23,14.29,0.01,114,162906,买盘
978,13:35:17,14.28,-0.01,21,30844,卖盘
979,13:35:14,14.29,--,55,78595,买盘
980,13:35:11,14.29,--,52,74308,买盘
981,13:35:05,14.29,0.01,10,14290,中性盘
982,13:34:56,14.28,--,60,85680,卖盘
983,13:34:53,14.28,--,54,77112,卖盘
984,13:34:50,14.28,-0.01,35,50836,卖盘
985,13:34:44,14.29,--,2,3429,卖盘
986,13:34:41,14.29,--,97,139470,买盘
987,13:34:35,14.29,0.01,130,185770,买盘
988,13:34:32,14.28,--,60,85680,卖盘
989,13:34:29,14.28,--,19,27132,卖盘
990,13:34:23,14.28,--,151,215628,买盘
991,13:34:20,14.28,--,57,81396,买盘
992,13:34:17,14.28,--,31,44268,买盘
993,13:34:14,14.28,--,25,35700,买盘
994,13:34:05,14.28,--,46,65688,卖盘
995,13:34:02,14.28,0.01,70,99960,中性盘
996,13:33:35,14.27,--,173,246871,卖盘
997,13:33:31,14.27,-0.01,100,142700,卖盘
998,13:33:28,14.28,--,2,2856,买盘
999,13:33:25,14.28,0.01,10,14280,买盘
1000,13:33:22,14.27,-0.01,1,1427,卖盘
1001,13:33:13,14.28,0.02,42,59976,买盘
1002,13:33:04,14.26,-0.01,18,25668,卖盘
1003,13:33:01,14.27,0.01,40,57080,中性盘
1004,13:32:55,14.26,-0.01,5,7130,卖盘
1005,13:32:52,14.27,--,17,24259,买盘
1006,13:32:49,14.27,--,20,28540,买盘
1007,13:32:37,14.27,-0.01,6,8562,买盘
1008,13:32:34,14.28,--,70,99960,买盘
1009,13:32:31,14.28,-0.01,11,15708,卖盘
1010,13:32:28,14.29,--,3,4287,买盘
1011,13:32:25,14.29,0.02,10,14290,买盘
1012,13:32:22,14.27,-0.02,18,25686,卖盘
1013,13:32:07,14.29,0.02,101,144614,买盘
1014,13:32:01,14.27,--,66,94182,卖盘
1015,13:31:55,14.27,0.02,26,37102,买盘
1016,13:31:49,14.25,-0.02,30,42750,卖盘
1017,13:31:46,14.27,--,10,14270,买盘
1018,13:31:40,14.27,0.03,41,58507,买盘
1019,13:31:34,14.24,-0.05,17,24208,卖盘
1020,13:31:25,14.29,-0.01,84,120607,卖盘
1021,13:31:19,14.3,0.01,34,48620,买盘
1022,13:31:13,14.29,-0.01,30,42870,卖盘
1023,13:31:10,14.3,0.01,33,47190,买盘
1024,13:31:04,14.29,-0.01,90,128609,卖盘
1025,13:30:52,14.3,0.01,91,130130,买盘
1026,13:30:46,14.29,--,30,42870,卖盘
1027,13:30:43,14.29,0.02,4,6573,卖盘
1028,13:30:40,14.27,--,11,15697,买盘
1029,13:30:37,14.27,--,10,14270,买盘
1030,13:30:34,14.27,--,69,98463,买盘
1031,13:30:31,14.27,--,21,29967,买盘
1032,13:30:25,14.27,-0.02,10,14270,买盘
1033,13:30:22,14.29,-0.01,13,18577,中性盘
1034,13:30:10,14.3,0.08,623,890890,买盘
1035,13:30:07,14.22,-0.07,40,56880,卖盘
1036,13:30:01,14.29,0.01,130,185770,买盘
1037,13:29:55,14.28,0.01,41,58548,买盘
1038,13:29:52,14.27,--,46,65642,买盘
1039,13:29:46,14.27,--,23,32821,买盘
1040,13:29:34,14.27,0.01,99,142414,买盘
1041,13:29:31,14.26,--,16,22816,买盘
1042,13:29:28,14.26,--,10,14260,买盘
1043,13:29:25,14.26,--,8,11408,买盘
1044,13:29:19,14.26,--,23,32798,买盘
1045,13:29:16,14.26,--,92,131192,买盘
1046,13:29:13,14.26,--,92,131192,买盘
1047,13:29:10,14.26,0.02,115,163990,买盘
1048,13:29:07,14.24,0.01,69,98256,买盘
1049,13:29:01,14.23,0.01,42,59766,买盘
1050,13:28:58,14.22,-0.02,63,89586,卖盘
1051,13:28:55,14.24,--,46,65504,买盘
1052,13:28:52,14.24,0.01,8,11392,买盘
1053,13:28:46,14.23,-0.01,24,34152,中性盘
1054,13:28:34,14.24,0.03,22,31328,买盘
1055,13:28:31,14.21,-0.01,102,144942,卖盘
1056,13:28:25,14.22,--,10,14220,买盘
1057,13:28:22,14.22,--,8,11376,卖盘
1058,13:28:07,14.22,-0.02,1,1422,卖盘
1059,13:28:01,14.24,--,109,155216,买盘
1060,13:27:40,14.24,--,1,1424,买盘
1061,13:27:37,14.24,--,16,22784,买盘
1062,13:27:31,14.24,0.02,70,99680,买盘
1063,13:27:28,14.22,-0.02,30,42660,卖盘
1064,13:27:25,14.24,-0.03,31,44144,中性盘
1065,13:27:10,14.27,0.06,93,132711,买盘
1066,13:27:04,14.21,-0.04,121,171941,卖盘
1067,13:26:55,14.25,0.01,86,122550,买盘
1068,13:26:49,14.24,0.03,124,176576,买盘
1069,13:26:46,14.21,--,32,46040,卖盘
1070,13:26:43,14.21,--,109,155869,买盘
1071,13:26:40,14.21,0.01,5,7105,买盘
1072,13:26:37,14.2,-0.01,40,56800,卖盘
1073,13:26:34,14.21,--,54,76734,买盘
1074,13:26:31,14.21,--,87,123627,买盘
1075,13:26:28,14.21,--,23,32683,买盘
1076,13:26:25,14.21,--,10,14210,买盘
1077,13:26:19,14.21,--,25,35525,买盘
1078,13:26:16,14.21,0.01,2,2842,买盘
1079,13:26:13,14.2,-0.01,2,2840,卖盘
1080,13:26:10,14.21,--,1,1421,买盘
1081,13:26:07,14.21,0.01,26,36946,买盘
1082,13:26:04,14.2,-0.01,77,109340,卖盘
1083,13:25:55,14.21,--,43,61103,买盘
1084,13:25:52,14.21,--,8,11368,买盘
1085,13:25:46,14.21,--,694,986614,卖盘
1086,13:25:43,14.21,-0.02,655,930755,卖盘
1087,13:25:37,14.23,--,1,1423,买盘
1088,13:25:31,14.23,-0.01,37,52651,卖盘
1089,13:25:25,14.24,0.03,10,14240,买盘
1090,13:25:16,14.21,-0.01,1800,2557800,卖盘
1091,13:25:10,14.22,-0.02,31,44082,卖盘
1092,13:25:04,14.24,0.01,77,109648,买盘
1093,13:24:55,14.23,0.01,1,1423,买盘
1094,13:24:46,14.22,--,2,2872,卖盘
1095,13:24:43,14.22,-0.01,224,318528,卖盘
1096,13:24:40,14.23,-0.01,6,8538,卖盘
1097,13:24:34,14.24,--,1,1424,买盘
1098,13:24:31,14.24,--,16,22784,买盘
1099,13:24:25,14.24,0.01,45,64080,中性盘
1100,13:24:10,14.23,-0.02,5,7115,卖盘
1101,13:24:07,14.25,0.02,16,22800,买盘
1102,13:24:04,14.23,--,17,24191,卖盘
1103,13:24:01,14.23,--,77,109571,卖盘
1104,13:23:52,14.23,--,56,79688,卖盘
1105,13:23:31,14.23,-0.03,32,45536,卖盘
1106,13:23:25,14.26,--,10,14260,买盘
1107,13:23:19,14.26,0.03,14,19964,买盘
1108,13:23:13,14.23,--,51,72573,卖盘
1109,13:23:10,14.23,-0.03,78,110994,卖盘
1110,13:23:04,14.26,0.01,57,81282,买盘
1111,13:22:58,14.25,0.02,86,122550,买盘
1112,13:22:46,14.23,-0.02,5,7115,卖盘
1113,13:22:40,14.25,--,20,28500,买盘
1114,13:22:34,14.25,0.02,56,79800,买盘
1115,13:22:31,14.23,--,35,49805,卖盘
1116,13:22:25,14.23,-0.01,15,21345,中性盘
1117,13:22:16,14.24,0.01,60,85440,买盘
1118,13:22:13,14.23,-0.01,15,21345,买盘
1119,13:22:10,14.24,0.01,5,7120,买盘
1120,13:22:01,14.23,-0.02,60,85380,卖盘
1121,13:21:43,14.25,--,5,7125,买盘
1122,13:21:34,14.25,0.02,87,123975,买盘
1123,13:21:28,14.23,-0.02,14,19922,卖盘
1124,13:21:22,14.25,0.02,10,14250,买盘
1125,13:21:13,14.23,0.01,22,31306,买盘
1126,13:21:10,14.22,-0.01,1,1422,卖盘
1127,13:21:07,14.23,--,7,9961,买盘
1128,13:21:04,14.23,--,20,28460,买盘
1129,13:21:01,14.23,-0.02,30,42690,卖盘
1130,13:20:55,14.25,--,24,34200,买盘
1131,13:20:34,14.25,0.02,113,161025,买盘
1132,13:20:31,14.23,--,51,72573,卖盘
1133,13:20:28,14.23,--,24,34152,买盘
1134,13:20:22,14.23,--,10,14230,买盘
1135,13:20:16,14.23,--,14,19922,买盘
1136,13:20:13,14.23,-0.02,172,244756,卖盘
1137,13:20:10,14.25,0.02,17,24225,买盘
1138,13:20:04,14.23,-0.01,58,82534,卖盘
1139,13:20:01,14.24,--,60,85440,卖盘
1140,13:19:58,14.24,0.02,3,4272,买盘
1141,13:19:49,14.22,-0.01,100,142200,卖盘
1142,13:19:43,14.23,--,2,2846,卖盘
1143,13:19:40,14.23,--,5,7115,卖盘
1144,13:19:37,14.23,-0.01,17,24191,买盘
1145,13:19:34,14.24,0.01,65,92560,中性盘
1146,13:19:28,14.23,--,12,17118,买盘
1147,13:19:25,14.23,--,10,14230,买盘
1148,13:19:22,14.23,--,139,198679,卖盘
1149,13:19:10,14.23,-0.03,67,95341,卖盘
1150,13:19:07,14.26,0.03,55,78472,买盘
1151,13:19:01,14.23,-0.01,311,442553,卖盘
1152,13:18:58,14.24,--,6,8544,买盘
1153,13:18:55,14.24,--,14,19936,买盘
1154,13:18:52,14.24,--,24,34176,买盘
1155,13:18:49,14.24,--,61,86864,买盘
1156,13:18:37,14.24,--,22,31328,买盘
1157,13:18:34,14.24,--,26,37878,卖盘
1158,13:18:31,14.24,-0.03,60,85440,卖盘
1159,13:18:25,14.27,0.03,10,14270,买盘
1160,13:18:19,14.24,--,20,28480,卖盘
1161,13:18:13,14.24,--,5,7689,买盘
1162,13:18:10,14.24,--,10,14240,买盘
1163,13:18:04,14.24,--,18,26486,卖盘
1164,13:17:58,14.24,-0.03,7,9968,卖盘
1165,13:17:55,14.27,-0.01,17,24259,卖盘
1166,13:17:49,14.28,0.01,10,14280,买盘
1167,13:17:46,14.27,0.03,45,64215,买盘
1168,13:17:40,14.24,--,29,41296,卖盘
1169,13:17:31,14.24,-0.04,60,85440,卖盘
1170,13:17:25,14.28,0.01,10,14280,买盘
1171,13:17:22,14.27,--,14,19978,卖盘
1172,13:17:19,14.27,0.03,53,75631,买盘
1173,13:17:13,14.24,-0.01,39,55536,卖盘
1174,13:17:07,14.25,--,40,57000,买盘
1175,13:17:04,14.25,0.01,102,145350,买盘
1176,13:16:58,14.24,-0.01,7,9968,卖盘
1177,13:16:55,14.25,0.01,38,54150,中性盘
1178,13:16:52,14.24,--,25,35600,卖盘
1179,13:16:43,14.24,-0.02,28,39872,卖盘
1180,13:16:40,14.26,--,2,2852,买盘
1181,13:16:34,14.26,0.02,66,94116,中性盘
1182,13:16:31,14.24,--,97,138128,卖盘
1183,13:16:28,14.24,--,70,99680,卖盘
1184,13:16:22,14.24,-0.02,57,81168,卖盘
1185,13:16:19,14.26,--,96,136896,卖盘
1186,13:16:13,14.26,-0.01,46,65596,中性盘
1187,13:16:10,14.27,0.03,4,5708,中性盘
1188,13:16:04,14.24,-0.02,62,88857,卖盘
1189,13:16:01,14.26,--,56,80711,卖盘
1190,13:15:58,14.26,-0.02,1,1426,卖盘
1191,13:15:49,14.28,0.01,40,57120,买盘
1192,13:15:40,14.27,0.01,65,92755,买盘
1193,13:15:34,14.26,--,39,56184,买盘
1194,13:15:31,14.26,-0.01,35,49910,卖盘
1195,13:15:25,14.27,0.01,10,14270,买盘
1196,13:15:22,14.26,--,5,7130,卖盘
1197,13:15:16,14.26,0.02,47,67022,买盘
1198,13:15:10,14.24,--,3,4272,买盘
1199,13:15:07,14.24,--,11,15664,买盘
1200,13:15:04,14.24,--,1,1424,买盘
1201,13:15:01,14.24,-0.02,32,45568,卖盘
1202,13:14:55,14.26,--,40,57040,买盘
1203,13:14:52,14.26,--,1,1426,买盘
1204,13:14:49,14.26,0.03,146,208196,买盘
1205,13:14:40,14.23,-0.02,23,32729,卖盘
1206,13:14:34,14.25,0.02,18,25650,中性盘
1207,13:14:31,14.23,--,104,147992,卖盘
1208,13:14:25,14.23,--,42,59766,卖盘
1209,13:14:22,14.23,-0.02,8,11384,卖盘
1210,13:14:19,14.25,0.02,5,7125,买盘
1211,13:14:16,14.23,--,4,5692,买盘
1212,13:14:13,14.23,--,8,11384,买盘
1213,13:14:10,14.23,0.01,8,11384,中性盘
1214,13:14:01,14.22,-0.03,60,85320,卖盘
1215,13:13:58,14.25,--,9,12825,买盘
1216,13:13:52,14.25,--,5,7125,买盘
1217,13:13:45,14.25,--,32,45600,买盘
1218,13:13:33,14.25,-0.02,28,39900,卖盘
1219,13:13:24,14.27,--,29,41383,买盘
1220,13:13:18,14.27,0.06,13,18551,买盘
1221,13:13:12,14.21,-0.04,1500,2131500,卖盘
1222,13:13:00,14.25,-0.02,60,85500,卖盘
1223,13:12:54,14.27,--,27,38529,买盘
1224,13:12:42,14.27,--,17,24259,买盘
1225,13:12:39,14.27,0.03,20,28540,买盘
1226,13:12:36,14.24,--,34,48416,卖盘
1227,13:12:33,14.24,-0.03,60,85440,卖盘
1228,13:12:24,14.27,0.03,10,14270,买盘
1229,13:12:21,14.24,-0.01,30,42720,卖盘
1230,13:12:18,14.25,0.01,16,22800,卖盘
1231,13:12:15,14.24,-0.03,10,14240,卖盘
1232,13:12:06,14.27,0.03,19,27113,买盘
1233,13:12:03,14.24,--,49,69776,卖盘
1234,13:12:00,14.24,-0.01,62,88288,卖盘
1235,13:11:54,14.25,--,5,7125,买盘
1236,13:11:45,14.25,--,7,9975,买盘
1237,13:11:42,14.25,0.01,34,48450,买盘
1238,13:11:36,14.24,-0.01,16,22784,卖盘
1239,13:11:33,14.25,-0.02,8,11400,卖盘
1240,13:11:24,14.27,0.02,10,14270,买盘
1241,13:11:18,14.25,--,1,1425,卖盘
1242,13:11:15,14.25,--,20,28500,卖盘
1243,13:11:03,14.25,0.01,3,4275,买盘
1244,13:11:00,14.24,-0.01,60,85440,卖盘
1245,13:10:54,14.25,0.03,12,17100,买盘
1246,13:10:51,14.22,-0.03,332,472104,卖盘
1247,13:10:45,14.25,--,13,18525,买盘
1248,13:10:42,14.25,0.02,3,4560,买盘
1249,13:10:36,14.23,--,24,34152,卖盘
1250,13:10:33,14.23,-0.02,17,24191,卖盘
1251,13:10:24,14.25,--,13,18525,卖盘
1252,13:10:21,14.25,--,7,9975,卖盘
1253,13:10:09,14.25,--,4,5700,卖盘
1254,13:10:03,14.25,--,23,32775,卖盘
1255,13:10:00,14.25,0.02,60,85500,卖盘
1256,13:09:51,14.23,-0.02,20,28460,卖盘
1257,13:09:48,14.25,0.03,31,44175,买盘
1258,13:09:42,14.22,-0.03,80,113760,卖盘
1259,13:09:39,14.25,--,20,28500,买盘
1260,13:09:36,14.25,0.03,3,4275,买盘
1261,13:09:33,14.22,-0.03,50,71100,卖盘
1262,13:09:30,14.25,-0.03,9,12825,卖盘
1263,13:09:27,14.28,--,10,14280,买盘
1264,13:09:24,14.28,0.03,10,14280,买盘
1265,13:09:15,14.25,0.02,45,64125,买盘
1266,13:09:09,14.23,--,10,14230,买盘
1267,13:09:03,14.23,--,16,22768,买盘
1268,13:09:00,14.23,--,421,599083,卖盘
1269,13:08:51,14.23,--,44,62612,买盘
1270,13:08:42,14.23,--,12,17076,买盘
1271,13:08:39,14.23,--,1,1423,买盘
1272,13:08:30,14.23,-0.06,8,11384,卖盘
1273,13:08:24,14.29,0.04,56,80024,买盘
1274,13:08:21,14.25,0.02,1,1425,卖盘
1275,13:08:12,14.23,--,14,19922,买盘
1276,13:08:06,14.23,-0.06,46,65458,卖盘
1277,13:08:00,14.29,0.08,13,18577,买盘
1278,13:07:54,14.21,-0.07,609,865389,卖盘
1279,13:07:48,14.28,--,7,9996,卖盘
1280,13:07:36,14.28,0.05,22,31416,中性盘
1281,13:07:30,14.23,-0.06,60,85380,卖盘
1282,13:07:27,14.29,0.01,46,65734,买盘
1283,13:07:24,14.28,--,10,14280,买盘
1284,13:07:18,14.28,0.05,11,15708,买盘
1285,13:07:09,14.23,-0.05,776,1104248,卖盘
1286,13:07:09,14.28,--,3,4284,买盘
1287,13:07:06,14.28,--,2,2856,买盘
1288,13:06:57,14.28,-0.01,28,39984,卖盘
1289,13:06:51,14.29,--,23,32867,卖盘
1290,13:06:48,14.29,--,56,80024,买盘
1291,13:06:45,14.29,--,12,17148,买盘
1292,13:06:42,14.29,--,5,7145,买盘
1293,13:06:36,14.29,--,49,70021,买盘
1294,13:06:30,14.29,-0.01,3,4287,卖盘
1295,13:06:27,14.3,--,83,118690,买盘
1296,13:06:24,14.3,0.01,10,14300,买盘
1297,13:06:21,14.29,--,10,14290,卖盘
1298,13:06:18,14.29,-0.01,26,37154,卖盘
1299,13:06:15,14.3,--,10,14300,买盘
1300,13:06:06,14.3,0.03,95,135850,买盘
1301,13:06:03,14.27,0.01,77,109879,中性盘
1302,13:05:48,14.26,-0.03,2,2852,卖盘
1303,13:05:36,14.29,--,1,1429,买盘
1304,13:05:33,14.29,--,2,2858,买盘
1305,13:05:30,14.29,-0.01,74,106889,卖盘
1306,13:05:24,14.3,0.01,10,14300,买盘
1307,13:05:15,14.29,--,42,60018,卖盘
1308,13:05:09,14.29,-0.01,5,7145,卖盘
1309,13:05:03,14.3,0.01,65,92950,买盘
1310,13:04:54,14.29,--,37,52873,卖盘
1311,13:04:45,14.29,--,10,14290,卖盘
1312,13:04:33,14.29,--,18,25722,卖盘
1313,13:04:30,14.29,--,67,96028,买盘
1314,13:04:24,14.29,--,10,14290,买盘
1315,13:04:18,14.29,--,25,35725,买盘
1316,13:04:03,14.29,--,40,57160,卖盘
1317,13:03:57,14.29,--,65,92885,卖盘
1318,13:03:54,14.29,--,6,8574,卖盘
1319,13:03:42,14.29,--,7,10003,卖盘
1320,13:03:33,14.29,--,83,118607,卖盘
1321,13:03:30,14.29,0.03,65,92885,买盘
1322,13:03:24,14.26,--,184,262384,卖盘
1323,13:03:18,14.26,0.01,26,37076,买盘
1324,13:03:15,14.25,-0.01,61,86925,卖盘
1325,13:03:12,14.26,--,29,41354,买盘
1326,13:03:06,14.26,--,5,7130,买盘
1327,13:03:03,14.26,--,9,12834,买盘
1328,13:03:00,14.26,-0.01,25,35650,卖盘
1329,13:02:57,14.27,0.01,15,21405,买盘
1330,13:02:54,14.26,-0.01,2,2852,卖盘
1331,13:02:48,14.27,-0.02,1,1427,买盘
1332,13:02:45,14.29,0.04,23,32867,买盘
1333,13:02:42,14.25,-0.04,68,96900,卖盘
1334,13:02:39,14.29,0.02,94,134326,买盘
1335,13:02:36,14.27,--,66,94182,买盘
1336,13:02:33,14.27,--,85,121295,买盘
1337,13:02:30,14.27,0.01,46,65642,买盘
1338,13:02:27,14.26,0.01,66,94116,买盘
1339,13:02:24,14.25,--,30,42750,买盘
1340,13:02:15,14.25,0.02,23,32775,买盘
1341,13:02:09,14.23,--,5,7115,卖盘
1342,13:02:03,14.23,--,4,5692,买盘
1343,13:02:00,14.23,--,57,81111,卖盘
1344,13:01:51,14.23,0.01,17,24191,买盘
1345,13:01:48,14.22,--,52,74754,卖盘
1346,13:01:45,14.22,--,43,61458,买盘
1347,13:01:39,14.22,--,20,28440,买盘
1348,13:01:36,14.22,--,10,14220,买盘
1349,13:01:30,14.22,-0.04,359,510498,卖盘
1350,13:01:24,14.26,0.04,262,373612,买盘
1351,13:01:18,14.22,--,74,105228,卖盘
1352,13:01:15,14.22,--,23,32706,卖盘
1353,13:01:00,14.22,-0.01,70,99540,卖盘
1354,13:00:54,14.23,0.01,30,42690,买盘
1355,13:00:51,14.22,--,27,38394,卖盘
1356,13:00:39,14.22,-0.01,9,12798,卖盘
1357,13:00:36,14.23,0.01,22,31306,买盘
1358,13:00:30,14.22,--,13,18486,卖盘
1359,13:00:27,14.22,-0.01,2,2844,卖盘
1360,13:00:21,14.23,--,43,61189,买盘
1361,13:00:18,14.23,0.01,5,7115,买盘
1362,13:00:15,14.22,-0.02,40,56880,卖盘
1363,13:00:12,14.24,--,45,64080,卖盘
1364,13:00:09,14.24,--,561,798864,卖盘
1365,13:00:03,14.24,--,486,692064,买盘
1366,13:00:00,14.24,--,167,237808,买盘
1367,11:29:55,14.24,--,77,110502,卖盘
1368,11:29:52,14.24,-0.01,5,7120,卖盘
1369,11:29:49,14.25,--,10,14250,买盘
1370,11:29:46,14.25,0.01,13,18525,买盘
1371,11:29:43,14.24,-0.01,30,42720,卖盘
1372,11:29:37,14.25,--,38,54150,买盘
1373,11:29:34,14.25,0.01,63,90345,买盘
1374,11:29:31,14.24,--,130,185120,卖盘
1375,11:29:25,14.24,-0.01,35,49840,卖盘
1376,11:29:22,14.25,--,28,39900,买盘
1377,11:29:19,14.25,--,112,159600,买盘
1378,11:29:16,14.25,--,50,71250,买盘
1379,11:29:13,14.25,0.01,5,7125,买盘
1380,11:29:10,14.24,--,77,109648,买盘
1381,11:29:07,14.24,--,49,69776,买盘
1382,11:29:04,14.24,--,115,163760,买盘
1383,11:28:58,14.24,-0.01,107,152368,卖盘
1384,11:28:55,14.25,0.01,7,9975,买盘
1385,11:28:49,14.24,--,43,61232,卖盘
1386,11:28:46,14.24,-0.01,160,227840,卖盘
1387,11:28:43,14.25,--,69,98325,买盘
1388,11:28:40,14.25,--,98,139650,买盘
1389,11:28:37,14.25,0.01,77,109725,买盘
1390,11:28:34,14.24,--,2,2848,买盘
1391,11:28:31,14.24,-0.01,52,74048,卖盘
1392,11:28:28,14.25,--,56,79800,买盘
1393,11:28:25,14.25,--,10,14250,买盘
1394,11:28:19,14.25,--,21,29925,买盘
1395,11:28:16,14.25,-0.01,550,784320,卖盘
1396,11:28:13,14.26,-0.01,1117,1592842,卖盘
1397,11:28:10,14.27,--,5,7135,买盘
1398,11:28:07,14.27,--,5,7135,买盘
1399,11:28:01,14.27,--,189,269703,买盘
1400,11:27:58,14.27,0.01,17,24259,买盘
1401,11:27:55,14.26,-0.01,22,32227,卖盘
1402,11:27:52,14.27,--,5,7135,买盘
1403,11:27:46,14.27,0.01,25,35675,买盘
1404,11:27:40,14.26,-0.01,155,221600,卖盘
1405,11:27:37,14.27,--,51,72777,卖盘
1406,11:27:34,14.27,--,1,1427,卖盘
1407,11:27:31,14.27,--,93,132711,卖盘
1408,11:27:25,14.27,--,35,50801,买盘
1409,11:27:22,14.27,0.01,31,44237,买盘
1410,11:27:19,14.26,--,45,64170,卖盘
1411,11:27:10,14.26,-0.01,220,313720,卖盘
1412,11:27:07,14.27,-0.01,214,305378,卖盘
1413,11:27:04,14.28,--,91,129948,买盘
1414,11:26:58,14.28,--,14,19992,买盘
1415,11:26:55,14.28,--,57,81396,卖盘
1416,11:26:52,14.28,--,5,7140,卖盘
1417,11:26:49,14.28,--,20,28560,卖盘
1418,11:26:46,14.28,-0.01,92,131376,卖盘
1419,11:26:40,14.29,0.01,39,55731,买盘
1420,11:26:34,14.28,--,127,181356,卖盘
1421,11:26:28,14.28,--,2,2856,卖盘
1422,11:26:25,14.28,-0.01,169,241332,卖盘
1423,11:26:22,14.29,0.01,25,35725,买盘
1424,11:26:19,14.28,--,23,32844,卖盘
1425,11:26:16,14.28,-0.01,141,201348,卖盘
1426,11:26:10,14.29,--,239,342774,卖盘
1427,11:26:04,14.29,-0.01,34,48586,卖盘
1428,11:25:58,14.3,-0.02,56,80080,卖盘
1429,11:25:55,14.32,0.02,59,84488,买盘
1430,11:25:46,14.3,--,100,143000,卖盘
1431,11:25:43,14.3,--,30,42900,卖盘
1432,11:25:40,14.3,-0.01,12,17160,卖盘
1433,11:25:37,14.31,0.01,33,47223,买盘
1434,11:25:34,14.3,-0.01,77,110110,卖盘
1435,11:25:31,14.31,--,21,30051,买盘
1436,11:25:22,14.31,0.01,79,113049,买盘
1437,11:25:19,14.3,--,30,42900,卖盘
1438,11:25:16,14.3,--,3,4290,卖盘
1439,11:25:13,14.3,--,15,21450,卖盘
1440,11:25:10,14.3,--,49,70070,卖盘
1441,11:25:01,14.3,--,110,157300,卖盘
1442,11:24:58,14.3,--,2,2860,卖盘
1443,11:24:46,14.3,--,27,38610,卖盘
1444,11:24:43,14.3,--,229,327470,买盘
1445,11:24:40,14.3,--,20,28600,买盘
1446,11:24:34,14.3,--,80,114400,买盘
1447,11:24:31,14.3,0.01,3,4290,买盘
1448,11:24:28,14.29,-0.01,2,2858,卖盘
1449,11:24:25,14.3,--,20,28600,买盘
1450,11:24:16,14.3,--,70,100100,买盘
1451,11:24:10,14.3,--,136,194665,卖盘
1452,11:23:58,14.3,--,10,14300,卖盘
1453,11:23:52,14.3,--,17,24310,卖盘
1454,11:23:49,14.3,--,282,403260,卖盘
1455,11:23:46,14.3,-0.01,34,48620,卖盘
1456,11:23:43,14.31,0.01,8,11448,买盘
1457,11:23:40,14.3,--,17,24310,卖盘
1458,11:23:37,14.3,--,28,40040,卖盘
1459,11:23:34,14.3,--,148,211640,卖盘
1460,11:23:31,14.3,--,34,48620,卖盘
1461,11:23:28,14.3,--,51,72930,卖盘
1462,11:23:25,14.3,-0.01,51,72930,卖盘
1463,11:23:22,14.31,--,51,72981,卖盘
1464,11:23:19,14.31,-0.02,47,68501,卖盘
1465,11:23:16,14.33,0.01,17,24361,买盘
1466,11:23:13,14.32,--,23,32936,卖盘
1467,11:23:10,14.32,-0.01,29,41528,卖盘
1468,11:23:01,14.33,0.01,75,107475,买盘
1469,11:22:55,14.32,--,23,32936,卖盘
1470,11:22:52,14.32,--,23,32936,卖盘
1471,11:22:46,14.32,0.01,14,20234,买盘
1472,11:22:43,14.31,--,29,41499,买盘
1473,11:22:40,14.31,--,11,15741,买盘
1474,11:22:37,14.31,--,37,52947,买盘
1475,11:22:34,14.31,--,29,41499,买盘
1476,11:22:31,14.31,--,170,244514,卖盘
1477,11:22:25,14.31,--,44,62964,卖盘
1478,11:22:22,14.31,-0.01,58,82998,卖盘
1479,11:22:16,14.32,0.01,55,78760,买盘
1480,11:22:13,14.31,--,100,143100,卖盘
1481,11:22:07,14.31,-0.01,61,87291,卖盘
1482,11:22:04,14.32,-0.01,103,147496,卖盘
1483,11:21:55,14.33,0.01,20,28660,买盘
1484,11:21:52,14.32,-0.02,46,65872,卖盘
1485,11:21:46,14.34,--,56,80304,买盘
1486,11:21:40,14.34,--,286,410668,卖盘
1487,11:21:37,14.34,--,3,4302,卖盘
1488,11:21:31,14.34,-0.01,60,86040,卖盘
1489,11:21:25,14.35,--,10,14350,买盘
1490,11:21:16,14.35,--,24,34440,买盘
1491,11:21:13,14.35,-0.01,202,291190,卖盘
1492,11:21:10,14.36,--,23,33028,卖盘
1493,11:21:04,14.36,--,17,24412,卖盘
1494,11:20:55,14.36,-0.01,83,119188,卖盘
1495,11:20:55,14.37,--,2,2874,卖盘
1496,11:20:37,14.37,--,3,5690,卖盘
1497,11:20:25,14.37,-0.01,91,130767,卖盘
1498,11:20:22,14.38,-0.01,31,44578,卖盘
1499,11:20:19,14.39,--,1,1439,买盘
1500,11:20:07,14.39,--,51,73835,卖盘
1501,11:20:04,14.39,--,100,143900,卖盘
1502,11:20:01,14.39,--,110,158290,卖盘
1503,11:19:52,14.39,--,148,212972,卖盘
1504,11:19:46,14.39,--,15,21585,卖盘
1505,11:19:43,14.39,--,29,41731,卖盘
1506,11:19:28,14.39,--,77,110803,卖盘
1507,11:19:25,14.39,--,24,34536,卖盘
1508,11:19:22,14.39,--,12,17268,卖盘
1509,11:19:19,14.39,--,5,7195,卖盘
1510,11:19:13,14.39,-0.01,30,43170,卖盘
1511,11:19:10,14.4,--,5,7200,买盘
1512,11:19:07,14.4,0.01,7,10080,买盘
1513,11:19:01,14.39,-0.01,133,191387,卖盘
1514,11:18:58,14.4,0.01,7,10080,买盘
1515,11:18:55,14.39,--,30,43170,卖盘
1516,11:18:52,14.39,-0.01,75,107925,卖盘
1517,11:18:40,14.4,--,23,33120,买盘
1518,11:18:34,14.4,0.01,96,138240,买盘
1519,11:18:25,14.39,-0.01,12,17268,卖盘
1520,11:18:22,14.4,0.01,10,14400,买盘
1521,11:18:16,14.39,--,2,2878,卖盘
1522,11:18:10,14.39,0.02,178,257134,买盘
1523,11:18:07,14.37,-0.01,1,1437,买盘
1524,11:18:04,14.38,0.01,82,117916,买盘
1525,11:18:01,14.37,--,81,116842,卖盘
1526,11:17:58,14.37,--,2,2874,卖盘
1527,11:17:52,14.37,--,21,30177,卖盘
1528,11:17:43,14.37,0.01,167,240970,买盘
1529,11:17:37,14.36,--,4,5744,卖盘
1530,11:17:34,14.36,-0.01,60,86160,卖盘
1531,11:17:31,14.37,--,7,10059,买盘
1532,11:17:25,14.37,--,12,17244,买盘
1533,11:17:19,14.37,0.01,1,1437,买盘
1534,11:17:09,14.36,--,23,33028,卖盘
1535,11:17:06,14.36,0.01,318,456820,买盘
1536,11:17:03,14.35,--,10,14350,卖盘
1537,11:17:00,14.35,--,60,86100,卖盘
1538,11:16:57,14.35,0.01,181,259735,买盘
1539,11:16:48,14.34,--,10,14340,卖盘
1540,11:16:45,14.34,--,1,1434,卖盘
1541,11:16:42,14.34,--,19,27246,卖盘
1542,11:16:39,14.34,0.01,299,429655,买盘
1543,11:16:36,14.33,--,107,153331,买盘
1544,11:16:27,14.33,--,60,85980,买盘
1545,11:16:24,14.33,--,10,14330,买盘
1546,11:16:21,14.33,0.01,20,28660,买盘
1547,11:16:18,14.32,--,20,28640,卖盘
1548,11:16:09,14.32,--,100,143200,卖盘
1549,11:16:03,14.32,-0.01,8,11456,卖盘
1550,11:16:00,14.33,0.01,78,111774,买盘
1551,11:15:57,14.32,--,42,60144,卖盘
1552,11:15:51,14.32,-0.01,34,48688,卖盘
1553,11:15:48,14.33,--,21,30093,买盘
1554,11:15:45,14.33,--,27,38691,买盘
1555,11:15:36,14.33,--,23,32959,买盘
1556,11:15:30,14.33,-0.01,231,331567,卖盘
1557,11:15:27,14.34,--,20,28680,卖盘
1558,11:15:24,14.34,--,43,61662,卖盘
1559,11:15:18,14.34,0.01,64,91776,买盘
1560,11:15:15,14.33,--,43,62507,卖盘
1561,11:15:03,14.33,--,11,15763,买盘
1562,11:15:00,14.33,--,70,100310,卖盘
1563,11:14:54,14.33,-0.01,28,40124,卖盘
1564,11:14:48,14.34,0.02,75,107550,买盘
1565,11:14:42,14.32,-0.02,12,17184,卖盘
1566,11:14:30,14.34,--,20,28680,卖盘
1567,11:14:27,14.34,--,30,43020,卖盘
1568,11:14:24,14.34,--,15,21510,卖盘
1569,11:14:21,14.34,0.02,123,176382,买盘
1570,11:14:18,14.32,--,66,94512,卖盘
1571,11:14:15,14.32,-0.02,45,64440,卖盘
1572,11:14:12,14.34,0.02,15,21510,买盘
1573,11:14:09,14.32,0.01,8,11456,中性盘
1574,11:14:06,14.31,-0.01,71,101601,卖盘
1575,11:14:03,14.32,--,85,121720,卖盘
1576,11:13:57,14.32,-0.02,1,1432,卖盘
1577,11:13:54,14.34,0.02,14,20076,买盘
1578,11:13:51,14.32,--,9,12888,卖盘
1579,11:13:48,14.32,-0.03,28,40096,卖盘
1580,11:13:45,14.35,0.01,336,482160,买盘
1581,11:13:36,14.34,-0.01,11,15774,中性盘
1582,11:13:33,14.35,0.03,94,134890,买盘
1583,11:13:27,14.32,-0.04,181,259192,卖盘
1584,11:13:24,14.36,0.03,10,14360,买盘
1585,11:13:21,14.33,-0.03,34,48722,卖盘
1586,11:13:15,14.36,--,301,433499,卖盘
1587,11:13:09,14.36,--,56,80416,卖盘
1588,11:13:06,14.36,0.02,67,96384,买盘
1589,11:13:03,14.34,-0.02,60,86040,卖盘
1590,11:12:57,14.36,--,13,18668,买盘
1591,11:12:54,14.36,0.02,20,28720,买盘
1592,11:12:51,14.34,-0.01,8,11472,卖盘
1593,11:12:45,14.35,0.01,0,14,卖盘
1594,11:12:36,14.34,--,140,200760,卖盘
1595,11:12:33,14.34,-0.02,33,47322,卖盘
1596,11:12:30,14.36,--,92,133375,卖盘
1597,11:12:27,14.36,--,81,116316,卖盘
1598,11:12:24,14.36,--,30,43080,卖盘
1599,11:12:21,14.36,--,32,45952,卖盘
1600,11:12:18,14.36,--,3,4308,卖盘
1601,11:12:15,14.36,0.02,344,494156,买盘
1602,11:12:09,14.34,--,212,304008,卖盘
1603,11:12:03,14.34,--,174,249688,买盘
1604,11:12:00,14.34,0.03,24,34416,买盘
1605,11:11:57,14.31,--,70,100170,卖盘
1606,11:11:54,14.31,--,134,191754,卖盘
1607,11:11:48,14.31,--,10,14310,卖盘
1608,11:11:45,14.31,--,1,1431,卖盘
1609,11:11:39,14.31,0.01,77,110187,买盘
1610,11:11:33,14.3,-0.01,8,11440,卖盘
1611,11:11:30,14.31,0.01,16,22896,卖盘
1612,11:11:27,14.3,--,110,157300,卖盘
1613,11:11:24,14.3,-0.02,31,44330,卖盘
1614,11:11:21,14.32,-0.02,120,171840,中性盘
1615,11:11:18,14.34,0.04,60,86040,买盘
1616,11:11:15,14.3,-0.02,113,161590,卖盘
1617,11:11:09,14.32,0.01,96,137472,买盘
1618,11:11:06,14.31,--,24,34344,买盘
1619,11:11:03,14.31,-0.01,15,21465,中性盘
1620,11:11:00,14.32,0.01,42,60144,买盘
1621,11:10:57,14.31,--,7,10017,卖盘
1622,11:10:54,14.31,--,41,58671,卖盘
1623,11:10:51,14.31,-0.01,2,2862,卖盘
1624,11:10:48,14.32,0.02,57,81624,买盘
1625,11:10:45,14.3,-0.01,258,368940,卖盘
1626,11:10:42,14.31,--,88,125928,卖盘
1627,11:10:39,14.31,--,202,289062,买盘
1628,11:10:27,14.31,-0.01,408,583848,卖盘
1629,11:10:24,14.32,--,99,141768,买盘
1630,11:10:21,14.32,0.02,255,365160,买盘
1631,11:10:18,14.3,-0.01,119,170170,卖盘
1632,11:10:12,14.31,--,50,71550,卖盘
1633,11:10:09,14.31,--,9,12879,卖盘
1634,11:10:06,14.31,--,415,593865,卖盘
1635,11:10:03,14.31,0.01,62,88722,中性盘
1636,11:10:00,14.3,-0.01,172,245960,卖盘
1637,11:09:57,14.31,--,78,111618,买盘
1638,11:09:51,14.31,--,10,14310,买盘
1639,11:09:48,14.31,--,7,10017,买盘
1640,11:09:45,14.31,0.01,83,118773,买盘
1641,11:09:42,14.3,-0.02,66,94380,卖盘
1642,11:09:36,14.32,0.01,173,247736,买盘
1643,11:09:33,14.31,-0.01,160,228960,卖盘
1644,11:09:30,14.32,0.01,418,598576,买盘
1645,11:09:27,14.31,-0.01,30,42930,卖盘
1646,11:09:21,14.32,0.01,15,21480,买盘
1647,11:09:18,14.31,-0.01,334,477954,卖盘
1648,11:09:15,14.32,--,123,176136,买盘
1649,11:09:09,14.32,--,55,78760,买盘
1650,11:09:03,14.32,0.01,32,45824,买盘
1651,11:09:00,14.31,-0.02,442,632502,卖盘
1652,11:08:57,14.33,0.01,20,28660,买盘
1653,11:08:51,14.32,--,18,25776,卖盘
1654,11:08:48,14.32,--,325,465400,卖盘
1655,11:08:45,14.32,--,18,25776,卖盘
1656,11:08:42,14.32,--,9,12888,卖盘
1657,11:08:39,14.32,-0.01,77,110264,卖盘
1658,11:08:33,14.33,--,2,2866,买盘
1659,11:08:30,14.33,0.01,10,14330,中性盘
1660,11:08:27,14.32,-0.01,125,179000,卖盘
1661,11:08:21,14.33,--,14,20062,卖盘
1662,11:08:15,14.33,--,21,30093,卖盘
1663,11:08:09,14.33,--,46,65918,卖盘
1664,11:08:06,14.33,--,40,57320,卖盘
1665,11:08:00,14.33,--,138,197754,卖盘
1666,11:07:57,14.33,-0.01,53,75949,卖盘
1667,11:07:54,14.34,--,10,14340,买盘
1668,11:07:51,14.34,--,50,71700,卖盘
1669,11:07:48,14.34,-0.01,8,11472,卖盘
1670,11:07:45,14.35,0.01,2,2870,买盘
1671,11:07:42,14.34,-0.01,105,150570,卖盘
1672,11:07:39,14.35,0.01,14,20090,买盘
1673,11:07:36,14.34,-0.01,23,32982,卖盘
1674,11:07:33,14.35,--,7,10045,买盘
1675,11:07:30,14.35,--,107,154018,卖盘
1676,11:07:24,14.35,--,109,156415,卖盘
1677,11:07:21,14.35,--,88,126280,卖盘
1678,11:07:18,14.35,--,90,130111,卖盘
1679,11:07:15,14.35,--,22,31570,卖盘
1680,11:07:12,14.35,--,31,44485,卖盘
1681,11:07:06,14.35,-0.01,190,272650,卖盘
1682,11:07:03,14.36,0.01,251,360436,买盘
1683,11:07:00,14.35,-0.01,189,271215,卖盘
1684,11:06:57,14.36,--,20,28720,买盘
1685,11:06:54,14.36,0.01,77,110572,买盘
1686,11:06:51,14.35,--,123,176505,卖盘
1687,11:06:45,14.35,-0.01,23,33005,卖盘
1688,11:06:39,14.36,--,30,43080,卖盘
1689,11:06:36,14.36,--,50,71800,卖盘
1690,11:06:33,14.36,--,61,87596,卖盘
1691,11:06:30,14.36,--,25,35900,卖盘
1692,11:06:27,14.36,-0.01,58,83288,卖盘
1693,11:06:24,14.37,0.01,43,61791,买盘
1694,11:06:21,14.36,-0.01,51,73236,卖盘
1695,11:06:18,14.37,0.01,354,508698,买盘
1696,11:06:15,14.36,--,82,117752,卖盘
1697,11:06:12,14.36,--,34,48824,卖盘
1698,11:06:09,14.36,--,18,25848,卖盘
1699,11:06:06,14.36,--,119,170884,卖盘
1700,11:06:03,14.36,-0.01,60,86160,卖盘
1701,11:05:57,14.37,--,8,11496,买盘
1702,11:05:54,14.37,--,36,51732,买盘
1703,11:05:51,14.37,--,57,82354,卖盘
1704,11:05:45,14.37,-0.03,0,991,卖盘
1705,11:05:42,14.4,--,4,5760,买盘
1706,11:05:36,14.4,0.03,91,131040,买盘
1707,11:05:33,14.37,--,8,11496,卖盘
1708,11:05:30,14.37,0.01,60,86220,卖盘
1709,11:05:27,14.36,--,7,10052,卖盘
1710,11:05:24,14.36,-0.01,75,107700,卖盘
1711,11:05:21,14.37,--,27,38799,卖盘
1712,11:05:18,14.37,-0.03,10,14370,卖盘
1713,11:05:15,14.4,--,11,15840,买盘
1714,11:05:09,14.4,0.03,10,14400,买盘
1715,11:05:06,14.37,-0.03,51,73287,卖盘
1716,11:05:03,14.4,--,46,66240,卖盘
1717,11:05:00,14.4,--,50,72000,卖盘
1718,11:04:57,14.4,--,50,72000,卖盘
1719,11:04:54,14.4,-0.02,9,12960,卖盘
1720,11:04:45,14.42,0.02,6,8652,买盘
1721,11:04:42,14.4,--,5,7200,卖盘
1722,11:04:39,14.4,0.03,25,36000,买盘
1723,11:04:36,14.37,0.01,65,93405,买盘
1724,11:04:33,14.36,-0.01,17,24412,卖盘
1725,11:04:30,14.37,0.01,13,18681,中性盘
1726,11:04:27,14.36,-0.06,47,67492,卖盘
1727,11:04:24,14.42,0.05,17,24514,买盘
1728,11:04:18,14.37,--,8,11496,卖盘
1729,11:04:12,14.37,-0.05,8,11496,卖盘
1730,11:04:09,14.42,0.01,208,299936,买盘
1731,11:04:06,14.41,0.04,110,158510,买盘
1732,11:04:03,14.37,0.01,95,136515,买盘
1733,11:03:57,14.36,--,130,186680,卖盘
1734,11:03:54,14.36,--,13,18668,卖盘
1735,11:03:51,14.36,--,45,64620,卖盘
1736,11:03:48,14.36,-0.01,68,97648,卖盘
1737,11:03:45,14.37,--,102,146574,买盘
1738,11:03:42,14.37,--,13,18681,买盘
1739,11:03:36,14.37,0.01,10,14370,买盘
1740,11:03:27,14.36,-0.01,76,109136,卖盘
1741,11:03:24,14.37,--,15,21555,买盘
1742,11:03:21,14.37,--,64,91968,卖盘
1743,11:03:18,14.37,--,18,25866,卖盘
1744,11:03:06,14.37,0.01,13,18681,买盘
1745,11:03:03,14.36,-0.01,127,182372,卖盘
1746,11:02:54,14.37,--,11,15807,买盘
1747,11:02:51,14.37,-0.01,59,84783,卖盘
1748,11:02:45,14.38,-0.04,56,80528,中性盘
1749,11:02:39,14.42,0.05,46,66332,买盘
1750,11:02:33,14.37,--,33,47421,卖盘
1751,11:02:30,14.37,-0.05,83,119271,卖盘
1752,11:02:27,14.42,--,94,135548,买盘
1753,11:02:24,14.42,0.02,193,278306,买盘
1754,11:02:21,14.4,0.03,46,66240,买盘
1755,11:02:18,14.37,-0.01,25,35925,卖盘
1756,11:02:15,14.38,0.02,53,76214,买盘
1757,11:02:12,14.36,-0.01,12,17232,卖盘
1758,11:02:09,14.37,--,2,2874,卖盘
1759,11:02:06,14.37,--,181,260097,买盘
1760,11:02:03,14.37,--,53,76161,买盘
1761,11:02:00,14.37,0.01,238,342006,买盘
1762,11:01:57,14.36,-0.01,74,106264,卖盘
1763,11:01:54,14.37,--,85,122145,买盘
1764,11:01:51,14.37,--,46,66102,买盘
1765,11:01:48,14.37,0.01,30,43110,买盘
1766,11:01:42,14.36,--,52,74672,卖盘
1767,11:01:36,14.36,-0.01,207,297252,卖盘
1768,11:01:33,14.37,-0.01,111,159507,卖盘
1769,11:01:30,14.38,0.01,143,205634,买盘
1770,11:01:24,14.37,--,37,53169,卖盘
1771,11:01:21,14.37,--,25,35925,卖盘
1772,11:01:15,14.37,-0.01,8,12688,卖盘
1773,11:01:12,14.38,--,265,381070,卖盘
1774,11:01:06,14.38,--,27,38826,卖盘
1775,11:01:03,14.38,--,25,35950,卖盘
1776,11:01:00,14.38,--,60,86280,卖盘
1777,11:00:57,14.38,--,1,1438,卖盘
1778,11:00:54,14.38,--,44,63272,卖盘
1779,11:00:51,14.38,--,19,27322,卖盘
1780,11:00:48,14.38,--,11,15818,卖盘
1781,11:00:45,14.38,--,169,243022,卖盘
1782,11:00:39,14.38,--,19,27322,卖盘
1783,11:00:36,14.38,--,100,143800,卖盘
1784,11:00:33,14.38,--,66,94908,卖盘
1785,11:00:30,14.38,-0.04,75,107850,卖盘
1786,11:00:27,14.42,--,17,24514,买盘
1787,11:00:24,14.42,0.04,109,157178,买盘
1788,11:00:21,14.38,--,10,14380,卖盘
1789,11:00:15,14.38,-0.02,89,127982,卖盘
1790,11:00:06,14.4,0.02,13,18720,买盘
1791,11:00:03,14.38,--,145,208625,卖盘
1792,11:00:00,14.38,--,126,181188,卖盘
1793,10:59:54,14.38,-0.01,60,86280,卖盘
1794,10:59:51,14.39,0.01,8,11512,中性盘
1795,10:59:48,14.38,-0.02,201,289038,卖盘
1796,10:59:42,14.4,0.02,160,230400,买盘
1797,10:59:39,14.38,--,45,64710,卖盘
1798,10:59:33,14.38,--,85,122230,卖盘
1799,10:59:30,14.38,--,61,87718,卖盘
1800,10:59:27,14.38,-0.01,136,196502,卖盘
1801,10:59:24,14.39,--,18,25902,买盘
1802,10:59:21,14.39,0.01,20,28780,买盘
1803,10:59:09,14.38,-0.02,27,38826,卖盘
1804,10:59:06,14.4,0.02,43,61920,买盘
1805,10:59:00,14.38,--,78,112164,卖盘
1806,10:58:57,14.38,--,6,8628,卖盘
1807,10:58:54,14.38,--,15,21570,卖盘
1808,10:58:51,14.38,-0.01,130,186940,卖盘
1809,10:58:48,14.39,-0.01,30,43170,卖盘
1810,10:58:42,14.4,0.01,1,1440,买盘
1811,10:58:39,14.39,--,1,1726,卖盘
1812,10:58:36,14.39,--,2,2878,卖盘
1813,10:58:33,14.39,-0.01,17,24463,卖盘
1814,10:58:30,14.4,--,24,34560,买盘
1815,10:58:27,14.4,-0.03,15,21600,卖盘
1816,10:58:24,14.43,0.04,10,14430,买盘
1817,10:58:21,14.39,--,32,46048,卖盘
1818,10:58:18,14.39,-0.01,204,293556,卖盘
1819,10:58:15,14.4,--,7,10080,卖盘
1820,10:58:12,14.4,-0.04,20,28800,卖盘
1821,10:58:09,14.44,0.05,48,69312,买盘
1822,10:58:00,14.39,--,60,86340,卖盘
1823,10:57:51,14.39,-0.01,72,103608,卖盘
1824,10:57:48,14.4,--,56,80640,卖盘
1825,10:57:45,14.4,--,24,34560,卖盘
1826,10:57:42,14.4,--,182,262080,卖盘
1827,10:57:39,14.4,0.01,59,84960,卖盘
1828,10:57:33,14.39,-0.05,220,316580,卖盘
1829,10:57:24,14.44,0.05,15,21660,买盘
1830,10:57:21,14.39,-0.01,19,27341,卖盘
1831,10:57:06,14.4,--,17,24480,卖盘
1832,10:57:03,14.4,-0.04,63,90720,卖盘
1833,10:56:53,14.44,0.04,220,317680,买盘
1834,10:56:44,14.4,-0.01,49,70560,卖盘
1835,10:56:29,14.41,--,110,159446,卖盘
1836,10:56:26,14.41,-0.01,22,31702,卖盘
1837,10:56:23,14.42,0.01,10,14420,买盘
1838,10:56:20,14.41,-0.01,7,10087,卖盘
1839,10:56:17,14.42,--,3,4326,买盘
1840,10:56:05,14.42,0.01,45,64890,中性盘
1841,10:55:59,14.41,-0.01,241,347281,卖盘
1842,10:55:56,14.42,--,25,36050,买盘
1843,10:55:53,14.42,-0.02,7,10094,卖盘
1844,10:55:41,14.44,--,23,33212,买盘
1845,10:55:38,14.44,0.02,13,18772,买盘
1846,10:55:32,14.42,0.01,20,28840,中性盘
1847,10:55:29,14.41,-0.03,70,100870,卖盘
1848,10:55:23,14.44,0.01,13,18772,买盘
1849,10:55:14,14.43,0.02,8,11544,买盘
1850,10:55:11,14.41,--,46,66286,卖盘
1851,10:55:08,14.41,--,16,23560,卖盘
1852,10:55:05,14.41,--,23,33143,卖盘
1853,10:55:02,14.41,0.01,66,95106,买盘
1854,10:54:56,14.4,-0.01,6,8640,卖盘
1855,10:54:53,14.41,0.01,15,21615,买盘
1856,10:54:47,14.4,--,31,44640,卖盘
1857,10:54:41,14.4,--,7,10080,卖盘
1858,10:54:29,14.4,--,60,86400,卖盘
1859,10:54:26,14.4,-0.04,7,10080,卖盘
1860,10:54:20,14.44,0.03,19,27436,买盘
1861,10:54:17,14.41,0.01,9,12969,中性盘
1862,10:54:14,14.4,--,7,10080,卖盘
1863,10:54:08,14.4,--,33,47520,卖盘
1864,10:54:05,14.4,-0.01,44,63360,卖盘
1865,10:54:02,14.41,--,60,86460,卖盘
1866,10:53:53,14.41,--,16,23056,卖盘
1867,10:53:47,14.41,-0.01,38,54758,卖盘
1868,10:53:44,14.42,0.01,60,86520,买盘
1869,10:53:38,14.41,--,15,21615,卖盘
1870,10:53:35,14.41,--,17,24497,卖盘
1871,10:53:26,14.41,-0.01,32,46112,卖盘
1872,10:53:23,14.42,0.01,23,33166,买盘
1873,10:53:14,14.41,--,1,1441,卖盘
1874,10:53:11,14.41,--,10,14410,卖盘
1875,10:52:59,14.41,-0.03,27,38907,卖盘
1876,10:52:50,14.44,0.03,3,4332,买盘
1877,10:52:47,14.41,0.01,10,14410,卖盘
1878,10:52:41,14.4,-0.05,16,23040,卖盘
1879,10:52:38,14.45,0.05,65,93925,买盘
1880,10:52:32,14.4,--,60,86400,卖盘
1881,10:52:26,14.4,--,15,21600,卖盘
1882,10:52:23,14.4,--,14,20160,卖盘
1883,10:52:20,14.4,--,2,2880,卖盘
1884,10:52:11,14.4,--,28,40320,买盘
1885,10:52:08,14.4,0.01,20,28800,买盘
1886,10:52:05,14.39,-0.03,24,34536,卖盘
1887,10:52:02,14.42,0.01,160,230720,中性盘
1888,10:51:59,14.41,0.01,7,10087,买盘
1889,10:51:56,14.4,0.01,20,30124,中性盘
1890,10:51:50,14.39,-0.07,56,80584,卖盘
1891,10:51:38,14.46,0.06,706,1020876,买盘
1892,10:51:32,14.4,--,9,12960,买盘
1893,10:51:29,14.4,--,31,44640,买盘
1894,10:51:26,14.4,-0.02,161,231840,卖盘
1895,10:51:23,14.42,0.02,34,49028,买盘
1896,10:51:20,14.4,-0.01,38,54720,卖盘
1897,10:51:17,14.41,0.01,2,2882,买盘
1898,10:51:14,14.4,--,6,8640,卖盘
1899,10:51:08,14.4,-0.02,54,77760,卖盘
1900,10:50:59,14.42,0.01,7,10094,卖盘
1901,10:50:53,14.41,--,17,24497,买盘
1902,10:50:47,14.41,0.01,13,18733,卖盘
1903,10:50:47,14.4,-0.05,42,60480,卖盘
1904,10:50:26,14.45,--,20,28900,卖盘
1905,10:50:14,14.45,0.06,151,218195,买盘
1906,10:50:11,14.39,--,58,83462,卖盘
1907,10:50:08,14.39,-0.06,34,48926,卖盘
1908,10:50:05,14.45,0.05,49,70805,买盘
1909,10:49:59,14.4,-0.05,60,86400,中性盘
1910,10:49:56,14.45,0.05,86,124270,买盘
1911,10:49:53,14.4,-0.05,5,7200,卖盘
1912,10:49:50,14.45,0.02,23,33235,买盘
1913,10:49:47,14.43,0.04,44,63492,买盘
1914,10:49:44,14.39,-0.05,43,61877,卖盘
1915,10:49:38,14.44,0.05,53,76532,买盘
1916,10:49:32,14.39,-0.03,110,158290,卖盘
1917,10:49:26,14.42,0.02,16,23072,买盘
1918,10:49:23,14.4,0.02,10,14400,中性盘
1919,10:49:20,14.38,-0.07,10,14380,卖盘
1920,10:49:02,14.45,0.06,220,317900,买盘
1921,10:48:59,14.39,0.01,10,14390,买盘
1922,10:48:53,14.38,-0.05,34,48892,卖盘
1923,10:48:50,14.43,0.05,160,230880,买盘
1924,10:48:47,14.38,-0.02,439,631282,卖盘
1925,10:48:41,14.4,0.01,20,28800,买盘
1926,10:48:35,14.39,--,166,238874,卖盘
1927,10:48:32,14.39,-0.01,141,202899,卖盘
1928,10:48:23,14.4,--,33,47520,买盘
1929,10:48:20,14.4,--,46,66240,卖盘
1930,10:48:08,14.4,--,51,73440,卖盘
1931,10:48:05,14.4,--,17,24480,卖盘
1932,10:48:02,14.4,--,65,93600,卖盘
1933,10:47:53,14.4,-0.01,100,144000,卖盘
1934,10:47:50,14.41,--,20,28820,卖盘
1935,10:47:38,14.41,--,7,10087,卖盘
1936,10:47:32,14.41,--,20,28820,卖盘
1937,10:47:29,14.41,-0.02,70,100870,卖盘
1938,10:47:23,14.43,0.03,10,14430,买盘
1939,10:47:14,14.4,--,100,144000,卖盘
1940,10:47:11,14.4,-0.03,8,11520,卖盘
1941,10:47:05,14.43,0.03,23,33189,买盘
1942,10:47:02,14.4,--,86,123840,卖盘
1943,10:46:50,14.4,-0.03,18,25920,卖盘
1944,10:46:44,14.43,0.03,23,33189,买盘
1945,10:46:44,14.4,--,17,24480,卖盘
1946,10:46:35,14.4,--,16,23040,卖盘
1947,10:46:32,14.4,--,92,132480,卖盘
1948,10:46:29,14.4,--,23,33120,卖盘
1949,10:46:26,14.4,-0.01,11,15840,卖盘
1950,10:46:23,14.41,0.01,10,14410,买盘
1951,10:46:17,14.4,--,23,33120,卖盘
1952,10:46:11,14.4,--,54,77760,卖盘
1953,10:46:08,14.4,--,47,67680,卖盘
1954,10:46:05,14.4,-0.01,12,17280,卖盘
1955,10:46:02,14.41,--,94,135454,卖盘
1956,10:45:53,14.41,-0.03,2,2882,卖盘
1957,10:45:47,14.44,0.03,2,2888,买盘
1958,10:45:44,14.41,-0.01,27,38907,卖盘
1959,10:45:41,14.42,0.01,6,8652,买盘
1960,10:45:35,14.41,--,14,20174,卖盘
1961,10:45:32,14.41,--,111,159951,卖盘
1962,10:45:26,14.41,-0.03,22,31702,卖盘
1963,10:45:23,14.44,0.03,10,14440,买盘
1964,10:45:17,14.41,-0.03,8,11528,卖盘
1965,10:45:14,14.44,0.03,197,284468,买盘
1966,10:45:08,14.41,--,5,7205,卖盘
1967,10:45:05,14.41,--,12,17292,卖盘
1968,10:45:02,14.41,-0.01,77,110957,卖盘
1969,10:44:59,14.42,--,7,10094,买盘
1970,10:44:56,14.42,0.01,1,1442,买盘
1971,10:44:53,14.41,--,25,36025,卖盘
1972,10:44:41,14.41,-0.02,1,1441,卖盘
1973,10:44:35,14.43,0.01,1,1443,卖盘
1974,10:44:32,14.42,-0.02,60,86520,卖盘
1975,10:44:26,14.44,-0.03,24,34656,中性盘
1976,10:44:08,14.47,0.06,114,164958,买盘
1977,10:44:02,14.41,-0.06,32,46112,卖盘
1978,10:43:56,14.47,--,25,36175,买盘
1979,10:43:50,14.47,0.06,24,34728,买盘
1980,10:43:47,14.41,--,52,74932,买盘
1981,10:43:44,14.41,-0.05,24,34584,卖盘
1982,10:43:41,14.46,-0.01,10,14460,中性盘
1983,10:43:38,14.47,0.06,26,37622,买盘
1984,10:43:35,14.41,--,44,63404,卖盘
1985,10:43:32,14.41,-0.06,60,86460,卖盘
1986,10:43:29,14.47,0.02,121,175087,买盘
1987,10:43:26,14.45,--,14,20230,买盘
1988,10:43:20,14.45,0.03,1,1445,中性盘
1989,10:43:14,14.42,--,2,2884,买盘
1990,10:43:08,14.42,-0.04,7,10094,卖盘
1991,10:43:05,14.46,0.01,21,30366,买盘
1992,10:43:02,14.45,0.03,4,5780,买盘
1993,10:42:59,14.42,-0.03,107,154294,卖盘
1994,10:42:53,14.45,-0.02,2,2890,中性盘
1995,10:42:47,14.47,0.06,36,52092,买盘
1996,10:42:41,14.41,-0.06,4,5764,卖盘
1997,10:42:38,14.47,0.06,3,4341,买盘
1998,10:42:32,14.41,-0.03,60,86460,卖盘
1999,10:42:26,14.44,-0.04,22,31768,中性盘
2000,10:42:23,14.48,0.08,110,159280,买盘
2001,10:42:20,14.4,-0.04,64,92160,卖盘
2002,10:42:17,14.44,-0.04,1,1444,卖盘
2003,10:42:14,14.48,0.07,415,600920,买盘
2004,10:42:11,14.41,--,6,8646,买盘
2005,10:42:05,14.41,--,3,4323,买盘
2006,10:42:02,14.41,-0.02,28,41414,卖盘
2007,10:41:56,14.43,--,22,31746,买盘
2008,10:41:50,14.43,--,56,80808,买盘
2009,10:41:47,14.43,--,14,20202,买盘
2010,10:41:41,14.43,0.02,63,90909,买盘
2011,10:41:38,14.41,-0.02,8,11528,卖盘
2012,10:41:35,14.43,--,5,7215,买盘
2013,10:41:32,14.43,-0.01,61,88023,中性盘
2014,10:41:26,14.44,0.01,28,40432,买盘
2015,10:41:20,14.43,0.02,4,5772,买盘
2016,10:41:17,14.41,--,29,41789,卖盘
2017,10:41:14,14.41,-0.03,41,59081,卖盘
2018,10:41:08,14.44,--,8,11552,买盘
2019,10:41:05,14.44,--,2,2888,买盘
2020,10:41:02,14.44,-0.02,5,7220,卖盘
2021,10:40:59,14.46,0.02,41,59286,买盘
2022,10:40:53,14.44,--,14,20216,卖盘
2023,10:40:50,14.44,0.03,30,43320,中性盘
2024,10:40:47,14.41,-0.03,193,278113,卖盘
2025,10:40:41,14.44,-0.02,10,14440,卖盘
2026,10:40:38,14.46,0.02,22,31812,买盘
2027,10:40:35,14.44,-0.02,40,57760,卖盘
2028,10:40:32,14.46,0.02,77,111342,买盘
2029,10:40:29,14.44,--,41,59204,卖盘
2030,10:40:26,14.44,-0.03,46,66424,卖盘
2031,10:40:23,14.47,0.03,41,59327,买盘
2032,10:40:20,14.44,--,35,50540,卖盘
2033,10:40:17,14.44,--,228,329232,卖盘
2034,10:40:14,14.44,-0.02,69,99636,卖盘
2035,10:40:11,14.46,0.02,63,91098,买盘
2036,10:40:08,14.44,--,15,21660,卖盘
2037,10:40:02,14.44,--,74,106856,卖盘
2038,10:40:02,14.44,-0.02,110,158840,卖盘
2039,10:39:56,14.46,--,53,76638,买盘
2040,10:39:53,14.46,--,82,118572,买盘
2041,10:39:50,14.46,0.02,103,149487,中性盘
2042,10:39:44,14.44,-0.01,128,186102,卖盘
2043,10:39:41,14.45,-0.02,5,7225,中性盘
2044,10:39:38,14.47,0.02,47,68009,买盘
2045,10:39:35,14.45,0.01,31,44795,买盘
2046,10:39:32,14.44,-0.01,244,352336,卖盘
2047,10:39:29,14.45,-0.02,116,168053,卖盘
2048,10:39:26,14.47,--,27,39069,买盘
2049,10:39:23,14.47,-0.01,41,59327,中性盘
2050,10:39:20,14.48,--,86,124528,买盘
2051,10:39:17,14.48,0.03,31,44888,买盘
2052,10:39:14,14.45,--,76,109820,卖盘
2053,10:39:11,14.45,--,247,356915,卖盘
2054,10:39:05,14.45,-0.02,47,67915,卖盘
2055,10:39:02,14.47,0.02,84,121548,买盘
2056,10:38:59,14.45,--,37,53465,卖盘
2057,10:38:56,14.45,-0.01,24,34680,卖盘
2058,10:38:53,14.46,--,9,13014,买盘
2059,10:38:50,14.46,-0.01,9,14170,卖盘
2060,10:38:47,14.47,--,45,65115,卖盘
2061,10:38:44,14.47,--,13,19100,买盘
2062,10:38:41,14.47,0.02,13,18811,买盘
2063,10:38:38,14.45,-0.02,40,57800,卖盘
2064,10:38:29,14.47,--,64,93620,买盘
2065,10:38:26,14.47,--,2,2894,买盘
2066,10:38:23,14.47,--,11,15917,买盘
2067,10:38:20,14.47,--,1,1447,买盘
2068,10:38:17,14.47,--,10,14470,买盘
2069,10:38:14,14.47,--,10,14470,买盘
2070,10:38:11,14.47,-0.01,9,13023,买盘
2071,10:38:05,14.48,0.01,41,59368,买盘
2072,10:38:02,14.47,-0.01,42,60774,卖盘
2073,10:37:56,14.48,--,4,5792,买盘
2074,10:37:53,14.48,--,1,1448,买盘
2075,10:37:50,14.48,0.01,14,20272,买盘
2076,10:37:47,14.47,--,7,10129,买盘
2077,10:37:44,14.47,--,12,17364,买盘
2078,10:37:41,14.47,0.03,71,102737,买盘
2079,10:37:38,14.44,--,25,36100,卖盘
2080,10:37:35,14.44,-0.01,17,24548,卖盘
2081,10:37:32,14.45,--,65,93925,买盘
2082,10:37:23,14.45,--,10,14450,买盘
2083,10:37:20,14.45,-0.02,16,23120,中性盘
2084,10:37:11,14.47,0.01,13,18811,买盘
2085,10:37:02,14.46,--,70,101220,买盘
2086,10:36:56,14.46,--,43,62178,买盘
2087,10:36:49,14.46,--,10,14460,买盘
2088,10:36:40,14.46,--,1,1446,买盘
2089,10:36:37,14.46,--,5,7230,买盘
2090,10:36:34,14.46,--,1,1446,买盘
2091,10:36:28,14.46,-0.01,14,20244,卖盘
2092,10:36:25,14.47,--,10,14470,买盘
2093,10:36:22,14.47,0.01,3,4341,买盘
2094,10:36:13,14.46,--,6,8676,买盘
2095,10:36:07,14.46,0.01,15,21690,买盘
2096,10:36:07,14.45,-0.01,3,4335,卖盘
2097,10:36:04,14.46,0.02,90,130140,买盘
2098,10:35:55,14.44,--,30,43320,卖盘
2099,10:35:52,14.44,-0.01,2,2888,卖盘
2100,10:35:46,14.45,--,33,47685,买盘
2101,10:35:43,14.45,--,3,4335,买盘
2102,10:35:40,14.45,--,3,4335,买盘
2103,10:35:37,14.45,--,10,14450,买盘
2104,10:35:34,14.45,--,9,13005,买盘
2105,10:35:31,14.45,-0.01,20,28900,卖盘
2106,10:35:25,14.46,--,12,17352,买盘
2107,10:35:22,14.46,-0.01,1,1446,中性盘
2108,10:35:13,14.47,--,50,72350,买盘
2109,10:35:04,14.47,--,3,4341,买盘
2110,10:35:01,14.47,--,241,348727,买盘
2111,10:34:58,14.47,0.02,14,20258,买盘
2112,10:34:55,14.45,--,9,13005,卖盘
2113,10:34:52,14.45,--,73,105485,买盘
2114,10:34:46,14.45,0.01,14,20230,买盘
2115,10:34:40,14.44,-0.01,9,12996,卖盘
2116,10:34:34,14.45,--,4,5780,买盘
2117,10:34:31,14.45,--,11,15895,卖盘
2118,10:34:28,14.45,-0.02,8,11560,卖盘
2119,10:34:25,14.47,0.02,10,14470,买盘
2120,10:34:22,14.45,-0.02,1,1445,中性盘
2121,10:34:16,14.47,0.03,14,20258,买盘
2122,10:34:04,14.44,-0.03,65,93860,卖盘
2123,10:33:58,14.47,--,2,2894,买盘
2124,10:33:52,14.47,0.01,10,14470,买盘
2125,10:33:46,14.46,0.01,12,17352,买盘
2126,10:33:43,14.45,--,43,62135,买盘
2127,10:33:37,14.45,--,13,18785,买盘
2128,10:33:34,14.45,0.01,6,8670,买盘
2129,10:33:31,14.44,-0.01,60,86640,卖盘
2130,10:33:28,14.45,--,24,34680,买盘
2131,10:33:25,14.45,--,4,5780,买盘
2132,10:33:22,14.45,--,10,14450,买盘
2133,10:33:19,14.45,--,3,4335,买盘
2134,10:33:16,14.45,--,16,23120,买盘
2135,10:33:13,14.45,--,1,1445,买盘
2136,10:33:10,14.45,--,13,18785,买盘
2137,10:33:04,14.45,--,10,14450,买盘
2138,10:33:01,14.45,-0.02,18,26010,卖盘
2139,10:32:52,14.47,0.02,5,7235,买盘
2140,10:32:46,14.45,0.01,2,2890,买盘
2141,10:32:43,14.44,-0.03,18,25992,卖盘
2142,10:32:40,14.47,0.02,12,17364,买盘
2143,10:32:34,14.45,--,6,8670,买盘
2144,10:32:31,14.45,--,64,92480,买盘
2145,10:32:22,14.45,--,18,26010,买盘
2146,10:32:19,14.45,0.01,1,1445,买盘
2147,10:32:13,14.44,-0.01,41,59204,卖盘
2148,10:32:10,14.45,--,7,10115,买盘
2149,10:32:01,14.45,-0.02,30,43350,卖盘
2150,10:31:52,14.47,--,1,1447,买盘
2151,10:31:46,14.47,--,1,1447,买盘
2152,10:31:43,14.47,--,4,5788,买盘
2153,10:31:37,14.47,--,8,11576,买盘
2154,10:31:34,14.47,--,2,2894,买盘
2155,10:31:31,14.47,-0.02,20,29518,卖盘
2156,10:31:28,14.49,0.02,3,4347,买盘
2157,10:31:25,14.47,-0.02,20,28940,卖盘
2158,10:31:22,14.49,--,10,14490,买盘
2159,10:31:19,14.49,0.02,25,36225,买盘
2160,10:31:10,14.47,-0.02,117,169299,卖盘
2161,10:31:07,14.49,--,3,4347,买盘
2162,10:31:04,14.49,--,9,13041,买盘
2163,10:31:01,14.49,0.01,61,88389,买盘
2164,10:30:58,14.48,0.01,44,63712,买盘
2165,10:30:55,14.47,--,48,69456,卖盘
2166,10:30:52,14.47,-0.01,7,10129,卖盘
2167,10:30:46,14.48,--,2,2896,买盘
2168,10:30:40,14.48,--,2,2896,买盘
2169,10:30:37,14.48,--,3,4344,买盘
2170,10:30:34,14.48,--,4,5792,买盘
2171,10:30:28,14.48,--,20,28960,卖盘
2172,10:30:22,14.48,-0.01,30,43440,卖盘
2173,10:30:16,14.49,--,4,5796,买盘
2174,10:30:13,14.49,0.01,18,26082,买盘
2175,10:30:07,14.48,--,34,49232,买盘
2176,10:30:04,14.48,--,59,85432,买盘
2177,10:30:01,14.48,-0.01,22,31856,中性盘
2178,10:29:58,14.49,0.01,90,130410,买盘
2179,10:29:55,14.48,-0.01,12,17376,卖盘
2180,10:29:52,14.49,--,49,71001,买盘
2181,10:29:49,14.49,--,4,5796,买盘
2182,10:29:46,14.49,--,2,2898,买盘
2183,10:29:43,14.49,--,10,14490,买盘
2184,10:29:40,14.49,--,13,18837,买盘
2185,10:29:37,14.49,--,8,11592,买盘
2186,10:29:34,14.49,0.02,2,2898,买盘
2187,10:29:31,14.47,-0.02,60,86820,卖盘
2188,10:29:25,14.49,0.01,45,65205,买盘
2189,10:29:19,14.48,--,28,40544,买盘
2190,10:29:16,14.48,--,7,10136,买盘
2191,10:29:13,14.48,--,196,283808,买盘
2192,10:29:10,14.48,--,18,26932,买盘
2193,10:29:07,14.48,0.01,9,13032,买盘
2194,10:29:01,14.47,-0.01,73,105631,卖盘
2195,10:28:58,14.48,--,24,34752,买盘
2196,10:28:52,14.48,0.01,21,30408,买盘
2197,10:28:49,14.47,-0.01,8,11576,卖盘
2198,10:28:46,14.48,0.01,56,81088,买盘
2199,10:28:43,14.47,--,7,10129,买盘
2200,10:28:40,14.47,--,40,57880,买盘
2201,10:28:37,14.47,--,36,52092,买盘
2202,10:28:34,14.47,0.03,35,50645,买盘
2203,10:28:31,14.44,-0.03,60,86640,卖盘
2204,10:28:28,14.47,--,4,5788,买盘
2205,10:28:25,14.47,--,45,65115,买盘
2206,10:28:19,14.47,0.02,10,14470,买盘
2207,10:28:13,14.45,-0.02,28,40460,卖盘
2208,10:28:10,14.47,--,3,4341,买盘
2209,10:28:07,14.47,0.02,49,70903,买盘
2210,10:28:01,14.45,-0.02,18,26010,卖盘
2211,10:27:52,14.47,--,3,4341,买盘
2212,10:27:49,14.47,0.02,4,5788,买盘
2213,10:27:43,14.45,--,8,11560,买盘
2214,10:27:40,14.45,0.01,14,20230,买盘
2215,10:27:34,14.44,-0.01,28,40432,卖盘
2216,10:27:31,14.45,-0.03,40,57800,卖盘
2217,10:27:25,14.48,--,10,14480,买盘
2218,10:27:13,14.48,--,17,24616,买盘
2219,10:27:04,14.48,--,78,112944,买盘
2220,10:26:58,14.48,0.04,4,5792,买盘
2221,10:26:55,14.44,-0.04,10,14440,卖盘
2222,10:26:49,14.48,0.04,12,17376,买盘
2223,10:26:46,14.44,--,10,14440,卖盘
2224,10:26:40,14.44,-0.02,113,163172,卖盘
2225,10:26:34,14.46,--,41,59286,买盘
2226,10:26:31,14.46,0.01,566,818436,买盘
2227,10:26:28,14.45,-0.01,31,44795,中性盘
2228,10:26:22,14.46,--,42,60732,买盘
2229,10:26:19,14.46,--,40,57840,买盘
2230,10:26:16,14.46,0.02,12,17352,买盘
2231,10:26:13,14.44,-0.02,54,77976,卖盘
2232,10:26:07,14.46,0.02,43,62178,买盘
2233,10:26:04,14.44,-0.02,60,86640,卖盘
2234,10:25:55,14.46,0.02,1,1446,买盘
2235,10:25:52,14.44,-0.02,201,290244,卖盘
2236,10:25:49,14.46,--,7,10122,买盘
2237,10:25:43,14.46,--,13,18798,买盘
2238,10:25:40,14.46,--,2,2892,买盘
2239,10:25:37,14.46,0.02,11,15906,买盘
2240,10:25:34,14.44,--,67,96748,卖盘
2241,10:25:31,14.44,-0.02,60,86640,卖盘
2242,10:25:25,14.46,--,6,8676,买盘
2243,10:25:22,14.46,--,11,15906,买盘
2244,10:25:19,14.46,--,6,8676,买盘
2245,10:25:13,14.46,--,4,5784,买盘
2246,10:25:07,14.46,0.01,2,2892,买盘
2247,10:25:01,14.45,-0.01,60,86700,卖盘
2248,10:24:58,14.46,--,7,10122,买盘
2249,10:24:52,14.46,-0.02,94,137080,卖盘
2250,10:24:46,14.48,0.02,1,1448,买盘
2251,10:24:43,14.46,-0.02,16,23136,卖盘
2252,10:24:37,14.48,--,24,34752,买盘
2253,10:24:31,14.48,0.01,114,165361,买盘
2254,10:24:28,14.47,--,1,1447,买盘
2255,10:24:25,14.47,--,7,10129,买盘
2256,10:24:22,14.47,--,12,17364,买盘
2257,10:24:19,14.47,--,39,56433,买盘
2258,10:24:16,14.47,--,16,23152,买盘
2259,10:24:10,14.47,--,20,28940,买盘
2260,10:24:07,14.47,--,7,10129,买盘
2261,10:24:04,14.47,0.01,18,26046,买盘
2262,10:24:01,14.46,--,71,102666,卖盘
2263,10:23:58,14.46,--,8,11568,卖盘
2264,10:23:52,14.46,--,39,56394,卖盘
2265,10:23:49,14.46,--,27,39042,买盘
2266,10:23:43,14.46,--,34,49164,买盘
2267,10:23:37,14.46,--,17,24582,买盘
2268,10:23:34,14.46,--,164,237144,买盘
2269,10:23:31,14.46,--,72,104112,买盘
2270,10:23:25,14.46,--,16,23136,买盘
2271,10:23:22,14.46,0.01,13,18798,买盘
2272,10:23:19,14.45,--,38,54910,卖盘
2273,10:23:16,14.45,-0.01,52,75140,卖盘
2274,10:23:13,14.46,0.01,12,17352,买盘
2275,10:23:07,14.45,-0.01,3,4335,卖盘
2276,10:23:04,14.46,0.01,16,23136,买盘
2277,10:23:01,14.45,--,60,86700,卖盘
2278,10:22:55,14.45,-0.01,77,111265,卖盘
2279,10:22:52,14.46,0.01,4,5784,买盘
2280,10:22:46,14.45,--,31,44795,买盘
2281,10:22:43,14.45,0.01,30,43350,买盘
2282,10:22:34,14.44,-0.01,83,119852,卖盘
2283,10:22:28,14.45,--,3,4335,买盘
2284,10:22:22,14.45,--,10,14450,买盘
2285,10:22:19,14.45,--,8,11560,买盘
2286,10:22:13,14.45,--,7,10115,买盘
2287,10:22:10,14.45,--,3,4335,买盘
2288,10:22:04,14.45,--,7,10115,买盘
2289,10:22:01,14.45,--,19,27455,卖盘
2290,10:21:55,14.45,--,14,20230,卖盘
2291,10:21:52,14.45,--,30,43350,卖盘
2292,10:21:49,14.45,--,37,53465,买盘
2293,10:21:46,14.45,--,1,1445,买盘
2294,10:21:40,14.45,0.01,23,33235,买盘
2295,10:21:37,14.44,--,12,17328,卖盘
2296,10:21:34,14.44,--,5,7220,卖盘
2297,10:21:31,14.44,-0.01,61,88084,卖盘
2298,10:21:25,14.45,--,24,34680,买盘
2299,10:21:19,14.45,-0.01,3,4335,中性盘
2300,10:21:10,14.46,--,11,15906,买盘
2301,10:21:07,14.46,--,7,10122,买盘
2302,10:21:04,14.46,0.01,56,80976,买盘
2303,10:21:01,14.45,--,52,75140,卖盘
2304,10:20:52,14.45,--,53,76585,买盘
2305,10:20:49,14.45,--,5,7225,买盘
2306,10:20:43,14.45,--,1,1445,买盘
2307,10:20:40,14.45,--,20,28900,买盘
2308,10:20:37,14.45,--,10,14450,买盘
2309,10:20:34,14.45,0.01,2,2890,买盘
2310,10:20:31,14.44,-0.01,60,86640,卖盘
2311,10:20:28,14.45,--,49,70805,买盘
2312,10:20:25,14.45,--,12,17340,买盘
2313,10:20:16,14.45,--,8,11560,买盘
2314,10:20:07,14.45,0.02,24,34680,买盘
2315,10:20:01,14.43,--,64,92352,买盘
2316,10:19:55,14.43,--,2,2886,买盘
2317,10:19:49,14.43,0.01,3,4329,买盘
2318,10:19:46,14.42,-0.01,10,14420,卖盘
2319,10:19:43,14.43,-0.02,1,1443,中性盘
2320,10:19:37,14.45,0.04,13,18785,买盘
2321,10:19:34,14.41,--,19,27379,卖盘
2322,10:19:31,14.41,-0.04,60,86460,卖盘
2323,10:19:28,14.45,--,2,2890,买盘
2324,10:19:25,14.45,0.03,10,14450,买盘
2325,10:19:19,14.42,--,13,18746,买盘
2326,10:19:10,14.42,0.01,22,31724,买盘
2327,10:19:01,14.41,-0.01,72,103752,卖盘
2328,10:18:52,14.42,-0.04,4,5768,中性盘
2329,10:18:43,14.46,--,10,14460,买盘
2330,10:18:40,14.46,--,19,27474,买盘
2331,10:18:34,14.46,0.05,60,86760,买盘
2332,10:18:31,14.41,-0.05,113,162833,卖盘
2333,10:18:28,14.46,--,23,33258,买盘
2334,10:18:25,14.46,0.04,291,420786,买盘
2335,10:18:22,14.42,--,51,73542,卖盘
2336,10:18:19,14.42,-0.03,3,4326,卖盘
2337,10:18:16,14.45,0.03,38,54910,买盘
2338,10:18:13,14.42,--,13,18746,买盘
2339,10:18:10,14.42,--,8,11536,买盘
2340,10:18:07,14.42,0.01,1,1442,买盘
2341,10:18:04,14.41,--,77,110957,卖盘
2342,10:18:00,14.41,-0.01,41,59081,卖盘
2343,10:17:57,14.42,--,3,4326,买盘
2344,10:17:54,14.42,--,2,2884,买盘
2345,10:17:42,14.42,--,9,12978,买盘
2346,10:17:39,14.42,-0.02,2,2884,买盘
2347,10:17:36,14.44,0.03,56,80864,买盘
2348,10:17:30,14.41,--,69,99429,卖盘
2349,10:17:24,14.41,--,11,15851,卖盘
2350,10:17:21,14.41,-0.01,30,43230,卖盘
2351,10:17:18,14.42,--,11,15862,买盘
2352,10:17:12,14.42,--,1,1442,买盘
2353,10:17:09,14.42,-0.02,57,82194,买盘
2354,10:17:00,14.44,0.02,1,1444,买盘
2355,10:16:57,14.42,-0.03,15,21630,卖盘
2356,10:16:51,14.45,--,7,10115,买盘
2357,10:16:39,14.45,-0.01,5,7225,买盘
2358,10:16:36,14.46,0.01,38,54948,买盘
2359,10:16:33,14.45,--,23,33235,卖盘
2360,10:16:30,14.45,-0.01,60,86700,卖盘
2361,10:16:27,14.46,--,153,221238,买盘
2362,10:16:24,14.46,--,5,7230,买盘
2363,10:16:21,14.46,0.05,39,56394,买盘
2364,10:16:18,14.41,--,24,34584,卖盘
2365,10:16:15,14.41,--,17,24497,卖盘
2366,10:16:12,14.41,-0.05,25,36025,卖盘
2367,10:16:09,14.46,--,13,18798,买盘
2368,10:16:03,14.46,0.06,2,2892,买盘
2369,10:16:00,14.4,-0.06,61,87840,卖盘
2370,10:15:54,14.46,--,31,44826,买盘
2371,10:15:51,14.46,0.06,9,13014,买盘
2372,10:15:45,14.4,-0.05,151,217440,卖盘
2373,10:15:39,14.45,0.04,27,39304,买盘
2374,10:15:33,14.41,--,2,2882,卖盘
2375,10:15:30,14.41,--,125,180125,卖盘
2376,10:15:27,14.41,-0.01,43,61963,卖盘
2377,10:15:21,14.42,--,24,34608,买盘
2378,10:15:18,14.42,--,18,25956,买盘
2379,10:15:15,14.42,0.01,5,7210,买盘
2380,10:15:12,14.41,-0.01,67,96547,卖盘
2381,10:15:09,14.42,--,11,15862,买盘
2382,10:15:06,14.42,--,10,14420,买盘
2383,10:15:00,14.42,-0.03,82,119397,卖盘
2384,10:14:57,14.45,0.03,18,26299,买盘
2385,10:14:51,14.42,-0.04,293,422506,卖盘
2386,10:14:45,14.46,--,33,48874,卖盘
2387,10:14:42,14.46,0.04,253,366127,买盘
2388,10:14:36,14.42,-0.04,9,12978,卖盘
2389,10:14:36,14.46,0.04,67,96882,买盘
2390,10:14:24,14.42,-0.04,7,10094,卖盘
2391,10:14:21,14.46,--,27,39042,买盘
2392,10:14:18,14.46,--,6,8676,买盘
2393,10:14:15,14.46,--,42,60732,买盘
2394,10:14:12,14.46,0.04,32,46272,买盘
2395,10:14:09,14.42,0.01,170,245140,买盘
2396,10:14:06,14.41,--,86,123926,卖盘
2397,10:14:03,14.41,-0.01,90,129690,卖盘
2398,10:14:00,14.42,--,67,96614,买盘
2399,10:13:54,14.42,--,20,28840,买盘
2400,10:13:51,14.42,0.01,4,5768,买盘
2401,10:13:48,14.41,-0.01,16,23056,卖盘
2402,10:13:45,14.42,--,1,1442,买盘
2403,10:13:42,14.42,--,21,30282,买盘
2404,10:13:39,14.42,--,4,5768,买盘
2405,10:13:33,14.42,-0.04,35,51623,卖盘
2406,10:13:24,14.46,0.04,11,15906,买盘
2407,10:13:21,14.42,-0.04,9,13266,卖盘
2408,10:13:15,14.46,--,3,4338,买盘
2409,10:13:12,14.46,--,2,2892,买盘
2410,10:13:09,14.46,0.04,11,15906,买盘
2411,10:13:06,14.42,0.01,15,21630,中性盘
2412,10:13:00,14.41,-0.01,64,92224,卖盘
2413,10:12:54,14.42,--,18,25956,买盘
2414,10:12:48,14.42,--,46,66332,买盘
2415,10:12:42,14.42,0.01,23,33166,买盘
2416,10:12:39,14.41,-0.01,5,7205,卖盘
2417,10:12:36,14.42,-0.03,39,56238,卖盘
2418,10:12:30,14.45,--,4,5780,买盘
2419,10:12:24,14.45,--,10,14450,买盘
2420,10:12:21,14.45,0.04,5,7225,买盘
2421,10:12:18,14.41,-0.04,7,10087,卖盘
2422,10:12:15,14.45,--,1,1445,买盘
2423,10:12:09,14.45,-0.01,18,26010,中性盘
2424,10:12:03,14.46,--,48,69408,卖盘
2425,10:12:00,14.46,0.02,79,114234,卖盘
2426,10:11:57,14.44,0.04,22,31768,买盘
2427,10:11:51,14.4,-0.04,638,919137,卖盘
2428,10:11:42,14.44,--,55,79420,卖盘
2429,10:11:36,14.44,0.03,4,5776,中性盘
2430,10:11:33,14.41,--,60,86460,卖盘
2431,10:11:30,14.41,-0.03,212,305780,卖盘
2432,10:11:27,14.44,-0.01,3,4332,卖盘
2433,10:11:24,14.45,0.04,13,18785,买盘
2434,10:11:21,14.41,-0.03,7,10087,卖盘
2435,10:11:18,14.44,--,170,245480,买盘
2436,10:11:15,14.44,--,26,37544,买盘
2437,10:11:09,14.44,--,51,73644,买盘
2438,10:11:06,14.44,0.03,6,8664,买盘
2439,10:11:00,14.41,-0.03,60,86460,卖盘
2440,10:10:57,14.44,0.03,2,2888,买盘
2441,10:10:51,14.41,-0.03,1,1441,卖盘
2442,10:10:45,14.44,--,12,17328,买盘
2443,10:10:39,14.44,0.03,26,37544,买盘
2444,10:10:36,14.41,--,43,61963,买盘
2445,10:10:33,14.41,0.01,31,44671,卖盘
2446,10:10:30,14.4,-0.01,111,159840,卖盘
2447,10:10:27,14.41,-0.03,10,14410,中性盘
2448,10:10:24,14.44,0.03,13,18772,买盘
2449,10:10:21,14.41,0.01,26,37466,中性盘
2450,10:10:18,14.4,--,42,60480,卖盘
2451,10:10:15,14.4,-0.04,27,38880,卖盘
2452,10:10:12,14.44,0.04,47,67868,买盘
2453,10:10:09,14.4,--,23,33120,卖盘
2454,10:10:06,14.4,-0.01,44,64396,卖盘
2455,10:10:03,14.41,--,52,75335,卖盘
2456,10:10:00,14.41,-0.03,93,134013,卖盘
2457,10:09:51,14.44,0.01,81,116964,买盘
2458,10:09:48,14.43,0.02,1,1443,中性盘
2459,10:09:42,14.41,-0.03,18,26456,卖盘
2460,10:09:39,14.44,--,17,24548,买盘
2461,10:09:33,14.44,0.03,5,7220,买盘
2462,10:09:30,14.41,-0.03,85,122485,卖盘
2463,10:09:24,14.44,--,27,38988,买盘
2464,10:09:18,14.44,--,1,1444,买盘
2465,10:09:15,14.44,--,55,79420,买盘
2466,10:09:09,14.44,0.02,20,28880,买盘
2467,10:09:06,14.42,-0.01,111,160984,卖盘
2468,10:09:03,14.43,-0.01,77,111111,卖盘
2469,10:09:00,14.44,0.01,30,43320,买盘
2470,10:08:54,14.43,--,78,113275,买盘
2471,10:08:51,14.43,0.01,24,34632,买盘
2472,10:08:45,14.42,--,12,17895,卖盘
2473,10:08:42,14.42,-0.01,7,10094,卖盘
2474,10:08:39,14.43,--,11,15873,买盘
2475,10:08:36,14.43,--,1,1443,买盘
2476,10:08:30,14.43,--,64,92352,买盘
2477,10:08:24,14.43,--,10,14430,买盘
2478,10:08:21,14.43,--,11,15873,买盘
2479,10:08:15,14.43,0.02,31,44733,买盘
2480,10:08:09,14.41,-0.01,10,14410,卖盘
2481,10:08:06,14.42,--,1,1442,买盘
2482,10:08:03,14.42,--,135,194670,买盘
2483,10:07:57,14.42,--,4,5768,买盘
2484,10:07:51,14.42,--,14,20188,买盘
2485,10:07:45,14.42,--,9,12978,买盘
2486,10:07:42,14.42,--,2,2884,买盘
2487,10:07:39,14.42,--,20,28840,买盘
2488,10:07:33,14.42,--,23,33166,买盘
2489,10:07:30,14.42,-0.01,80,115360,中性盘
2490,10:07:27,14.43,0.01,30,43290,买盘
2491,10:07:24,14.42,--,5,7210,买盘
2492,10:07:21,14.42,--,16,23072,买盘
2493,10:07:18,14.42,--,12,17304,买盘
2494,10:07:15,14.42,--,7,10094,买盘
2495,10:07:12,14.42,--,15,21630,买盘
2496,10:07:09,14.42,--,1,1442,买盘
2497,10:07:03,14.42,0.01,70,100940,买盘
2498,10:07:00,14.41,-0.01,11,15851,卖盘
2499,10:06:57,14.42,0.01,2,2884,买盘
2500,10:06:54,14.41,-0.01,20,28820,卖盘
2501,10:06:51,14.42,0.01,17,24514,买盘
2502,10:06:48,14.41,-0.01,13,18733,卖盘
2503,10:06:45,14.42,--,3,4326,买盘
2504,10:06:42,14.42,--,71,102382,买盘
2505,10:06:36,14.42,--,165,237930,买盘
2506,10:06:30,14.42,0.03,209,301897,买盘
2507,10:06:27,14.39,-0.02,20,28780,卖盘
2508,10:06:21,14.41,--,9,12969,买盘
2509,10:06:12,14.41,0.02,11,15851,买盘
2510,10:06:09,14.39,--,9,12951,卖盘
2511,10:06:06,14.39,--,37,53243,卖盘
2512,10:06:00,14.39,-0.02,22,31658,卖盘
2513,10:06:00,14.41,--,108,155628,买盘
2514,10:05:54,14.41,0.01,17,24497,买盘
2515,10:05:51,14.4,--,3,4320,中性盘
2516,10:05:45,14.4,-0.01,2,2880,卖盘
2517,10:05:42,14.41,0.02,36,51876,买盘
2518,10:05:33,14.39,-0.01,218,313946,卖盘
2519,10:05:27,14.4,0.01,36,51840,买盘
2520,10:05:24,14.39,-0.01,534,768426,卖盘
2521,10:05:15,14.4,0.01,22,31680,买盘
2522,10:05:09,14.39,--,97,139583,卖盘
2523,10:05:06,14.39,-0.01,233,336452,卖盘
2524,10:05:03,14.4,0.01,20,28800,买盘
2525,10:05:00,14.39,-0.01,60,86340,卖盘
2526,10:04:54,14.4,0.01,11,15840,买盘
2527,10:04:51,14.39,--,97,139583,卖盘
2528,10:04:45,14.39,-0.01,144,207460,卖盘
2529,10:04:39,14.4,0.01,5,7200,买盘
2530,10:04:36,14.39,--,67,96413,卖盘
2531,10:04:33,14.39,--,90,129754,卖盘
2532,10:04:27,14.39,-0.01,21,30219,卖盘
2533,10:04:24,14.4,--,8,11520,买盘
2534,10:04:21,14.4,--,5,7200,买盘
2535,10:04:15,14.4,--,11,15840,买盘
2536,10:04:12,14.4,--,86,123840,买盘
2537,10:04:03,14.4,--,2,2880,买盘
2538,10:04:00,14.4,--,23,33120,买盘
2539,10:03:54,14.4,--,9,12960,卖盘
2540,10:03:48,14.4,--,35,50400,卖盘
2541,10:03:42,14.4,-0.01,25,36000,卖盘
2542,10:03:33,14.41,-0.01,160,230560,卖盘
2543,10:03:24,14.42,0.01,40,57680,买盘
2544,10:03:21,14.41,--,56,80696,卖盘
2545,10:03:18,14.41,--,25,36025,卖盘
2546,10:03:15,14.41,--,3,4323,卖盘
2547,10:03:12,14.41,--,159,229119,买盘
2548,10:03:06,14.41,0.01,3,4323,买盘
2549,10:02:57,14.4,-0.02,35,50400,卖盘
2550,10:02:54,14.42,0.01,3,4326,买盘
2551,10:02:51,14.41,--,3,4323,卖盘
2552,10:02:45,14.41,0.01,4,5764,买盘
2553,10:02:36,14.4,0.01,7,10080,卖盘
2554,10:02:33,14.39,--,7,10073,卖盘
2555,10:02:30,14.39,--,78,112472,卖盘
2556,10:02:27,14.39,--,16,23024,卖盘
2557,10:02:21,14.39,-0.01,11,17037,卖盘
2558,10:02:15,14.4,--,2,2880,买盘
2559,10:02:12,14.4,0.01,3,4320,买盘
2560,10:02:09,14.39,--,7,10073,买盘
2561,10:02:06,14.39,--,14,20146,买盘
2562,10:02:03,14.39,-0.01,63,90657,卖盘
2563,10:01:51,14.4,--,279,401760,买盘
2564,10:01:45,14.4,--,1,1440,买盘
2565,10:01:42,14.4,--,43,61920,买盘
2566,10:01:39,14.4,--,66,95040,买盘
2567,10:01:36,14.4,0.01,67,96480,买盘
2568,10:01:33,14.39,0.01,17,24463,中性盘
2569,10:01:30,14.38,-0.01,69,99480,卖盘
2570,10:01:27,14.39,--,64,92096,卖盘
2571,10:01:24,14.39,0.01,52,74828,买盘
2572,10:01:15,14.38,--,190,274039,买盘
2573,10:01:12,14.38,--,24,34512,买盘
2574,10:01:09,14.38,--,2,2876,买盘
2575,10:01:06,14.38,--,20,28760,买盘
2576,10:01:03,14.38,--,49,71080,卖盘
2577,10:01:00,14.38,-0.01,143,205634,卖盘
2578,10:00:54,14.39,0.01,32,46048,买盘
2579,10:00:48,14.38,--,33,47454,卖盘
2580,10:00:39,14.38,--,23,33074,卖盘
2581,10:00:36,14.38,-0.01,30,43140,卖盘
2582,10:00:33,14.39,0.01,22,31658,买盘
2583,10:00:30,14.38,--,151,217396,卖盘
2584,10:00:27,14.38,--,50,71900,卖盘
2585,10:00:18,14.38,-0.01,38,54644,卖盘
2586,10:00:15,14.39,--,14,20146,买盘
2587,10:00:12,14.39,--,210,302190,买盘
2588,10:00:09,14.39,0.01,14,20146,买盘
2589,10:00:06,14.38,--,3,4314,卖盘
2590,10:00:03,14.38,--,5,7190,卖盘
2591,10:00:00,14.38,-0.01,26,37388,卖盘
2592,09:59:57,14.39,0.01,38,54682,中性盘
2593,09:59:51,14.38,--,45,64710,卖盘
2594,09:59:45,14.38,-0.01,33,47454,卖盘
2595,09:59:42,14.39,--,57,82023,买盘
2596,09:59:39,14.39,0.01,29,41731,买盘
2597,09:59:33,14.38,--,22,31636,卖盘
2598,09:59:30,14.38,-0.01,8,11748,卖盘
2599,09:59:27,14.39,--,17,24463,卖盘
2600,09:59:24,14.39,0.01,21,30463,买盘
2601,09:59:21,14.38,-0.01,107,153866,卖盘
2602,09:59:18,14.39,--,65,93535,买盘
2603,09:59:15,14.39,0.01,65,93606,买盘
2604,09:59:12,14.38,--,8,11504,卖盘
2605,09:59:09,14.38,-0.01,141,202758,卖盘
2606,09:59:06,14.39,--,3,4317,买盘
2607,09:59:03,14.39,--,12,18462,卖盘
2608,09:58:57,14.39,--,30,43170,卖盘
2609,09:58:51,14.39,--,5,7195,卖盘
2610,09:58:42,14.39,--,13,18951,买盘
2611,09:58:39,14.39,--,2,2878,买盘
2612,09:58:33,14.39,-0.01,121,174119,卖盘
2613,09:58:30,14.4,--,215,309600,买盘
2614,09:58:24,14.4,--,6,8640,买盘
2615,09:58:21,14.4,--,20,28800,买盘
2616,09:58:15,14.4,--,52,74880,买盘
2617,09:58:12,14.4,--,20,29030,卖盘
2618,09:58:09,14.4,--,79,113760,卖盘
2619,09:58:03,14.4,--,3,4320,卖盘
2620,09:58:00,14.4,-0.01,135,194400,卖盘
2621,09:57:57,14.41,0.01,143,206063,买盘
2622,09:57:54,14.4,--,20,28800,卖盘
2623,09:57:51,14.4,--,11,15840,卖盘
2624,09:57:48,14.4,--,6,8640,卖盘
2625,09:57:45,14.4,--,8,11520,卖盘
2626,09:57:42,14.4,--,27,38880,卖盘
2627,09:57:36,14.4,--,767,1104580,卖盘
2628,09:57:33,14.4,--,94,135360,卖盘
2629,09:57:30,14.4,--,28,40550,卖盘
2630,09:57:27,14.4,--,50,72000,卖盘
2631,09:57:24,14.4,-0.01,21,30240,卖盘
2632,09:57:20,14.41,0.01,2,2882,买盘
2633,09:57:14,14.4,-0.01,16,23817,卖盘
2634,09:57:08,14.41,--,37,53317,买盘
2635,09:56:59,14.41,--,448,646043,卖盘
2636,09:56:56,14.41,-0.01,16,23056,卖盘
2637,09:56:50,14.42,0.01,5,7210,买盘
2638,09:56:47,14.41,--,50,72050,卖盘
2639,09:56:41,14.41,--,50,72050,卖盘
2640,09:56:35,14.41,-0.01,27,38907,卖盘
2641,09:56:32,14.42,--,5,8421,卖盘
2642,09:56:26,14.42,-0.03,518,747186,卖盘
2643,09:56:23,14.45,0.03,105,151725,买盘
2644,09:56:20,14.42,--,7,10094,卖盘
2645,09:56:14,14.42,-0.02,55,79310,卖盘
2646,09:56:08,14.44,--,43,62092,卖盘
2647,09:56:05,14.44,-0.01,377,545124,卖盘
2648,09:55:59,14.45,0.01,79,114155,买盘
2649,09:55:56,14.44,--,8,11552,卖盘
2650,09:55:32,14.44,-0.01,60,86640,卖盘
2651,09:55:29,14.45,--,50,72250,买盘
2652,09:55:26,14.45,--,180,260100,买盘
2653,09:55:23,14.45,0.02,543,784635,买盘
2654,09:55:20,14.43,-0.01,5,7215,卖盘
2655,09:55:17,14.44,0.01,2,2888,买盘
2656,09:55:11,14.43,--,20,28860,卖盘
2657,09:55:08,14.43,-0.01,5,7215,卖盘
2658,09:55:05,14.44,0.01,1,1444,买盘
2659,09:54:59,14.43,-0.01,98,141414,卖盘
2660,09:54:53,14.44,0.01,21,30324,买盘
2661,09:54:44,14.43,-0.01,3,4329,卖盘
2662,09:54:38,14.44,0.01,24,34656,买盘
2663,09:54:35,14.43,0.02,642,926406,买盘
2664,09:54:32,14.41,--,60,86460,卖盘
2665,09:54:29,14.41,0.01,8,11758,卖盘
2666,09:54:26,14.4,-0.01,150,216000,卖盘
2667,09:54:17,14.41,--,48,69268,买盘
2668,09:54:14,14.41,--,703,1013023,买盘
2669,09:54:11,14.41,--,19,27379,买盘
2670,09:54:08,14.41,--,4,5764,买盘
2671,09:54:05,14.41,0.01,30,43230,买盘
2672,09:54:02,14.4,-0.01,66,95040,卖盘
2673,09:53:59,14.41,0.01,7,10087,买盘
2674,09:53:56,14.4,-0.01,5,7200,卖盘
2675,09:53:50,14.41,--,21,30261,买盘
2676,09:53:47,14.41,--,3,4323,买盘
2677,09:53:44,14.41,-0.03,187,270807,卖盘
2678,09:53:41,14.44,0.03,40,57760,买盘
2679,09:53:38,14.41,--,22,31702,卖盘
2680,09:53:35,14.41,-0.01,70,100870,卖盘
2681,09:53:29,14.42,0.01,23,33396,买盘
2682,09:53:26,14.41,--,10,14410,卖盘
2683,09:53:20,14.41,--,20,28820,卖盘
2684,09:53:17,14.41,--,67,96547,卖盘
2685,09:53:14,14.41,-0.01,88,126808,卖盘
2686,09:53:11,14.42,--,19,27398,买盘
2687,09:53:05,14.42,0.01,8,11536,买盘
2688,09:53:02,14.41,--,82,118162,卖盘
2689,09:52:53,14.41,--,1,2752,买盘
2690,09:52:50,14.41,--,200,288200,买盘
2691,09:52:47,14.41,0.01,3,4323,买盘
2692,09:52:38,14.4,-0.01,7,10080,卖盘
2693,09:52:35,14.41,--,10,14410,买盘
2694,09:52:32,14.41,--,1005,1448334,卖盘
2695,09:52:29,14.41,-0.01,8,11758,卖盘
2696,09:52:26,14.42,--,22,31724,买盘
2697,09:52:23,14.42,--,50,72100,买盘
2698,09:52:17,14.42,--,3,4326,买盘
2699,09:52:14,14.42,0.01,10,14420,买盘
2700,09:52:11,14.41,--,20,28820,卖盘
2701,09:52:05,14.41,-0.01,50,72050,卖盘
2702,09:51:56,14.42,--,69,99584,买盘
2703,09:51:50,14.42,0.01,11,15862,买盘
2704,09:51:44,14.41,-0.01,8,11528,卖盘
2705,09:51:32,14.42,--,10,14420,买盘
2706,09:51:29,14.42,0.01,23,33166,买盘
2707,09:51:26,14.41,-0.01,56,80912,卖盘
2708,09:51:23,14.42,--,15,21630,买盘
2709,09:51:17,14.42,-0.01,317,457114,卖盘
2710,09:51:02,14.43,--,11,15873,卖盘
2711,09:50:59,14.43,-0.02,3,4329,卖盘
2712,09:50:53,14.45,--,1,1445,买盘
2713,09:50:50,14.45,--,62,89590,卖盘
2714,09:50:41,14.45,--,13,18785,卖盘
2715,09:50:38,14.45,--,13,18785,卖盘
2716,09:50:32,14.45,0.03,438,633141,买盘
2717,09:50:20,14.42,0.01,173,249466,买盘
2718,09:50:17,14.41,--,38,54758,卖盘
2719,09:50:11,14.41,--,7,10087,卖盘
2720,09:50:08,14.41,--,5,7205,卖盘
2721,09:50:05,14.41,-0.01,94,135454,卖盘
2722,09:50:02,14.42,0.01,50,72100,买盘
2723,09:49:50,14.41,-0.01,105,151305,卖盘
2724,09:49:47,14.42,0.01,150,216300,买盘
2725,09:49:44,14.41,-0.01,15,21615,卖盘
2726,09:49:41,14.42,--,37,53354,买盘
2727,09:49:38,14.42,--,109,157178,卖盘
2728,09:49:32,14.42,0.01,5,7210,中性盘
2729,09:49:29,14.41,-0.01,26,37696,卖盘
2730,09:49:26,14.42,0.01,3,4326,中性盘
2731,09:49:14,14.41,-0.01,190,273790,卖盘
2732,09:49:02,14.42,--,10,14420,卖盘
2733,09:48:59,14.42,-0.01,100,144200,卖盘
2734,09:48:56,14.43,0.01,2,2886,中性盘
2735,09:48:50,14.42,-0.01,55,79310,卖盘
2736,09:48:47,14.43,--,7,10101,卖盘
2737,09:48:44,14.43,0.01,10,14430,买盘
2738,09:48:41,14.42,--,38,54796,卖盘
2739,09:48:38,14.42,-0.01,106,152852,卖盘
2740,09:48:35,14.43,--,9,12987,买盘
2741,09:48:32,14.43,0.01,50,72366,买盘
2742,09:48:26,14.42,-0.01,40,57680,卖盘
2743,09:48:23,14.43,--,12,17316,买盘
2744,09:48:20,14.43,0.01,39,56277,买盘
2745,09:48:17,14.42,--,30,43260,卖盘
2746,09:48:14,14.42,--,87,126362,卖盘
2747,09:48:08,14.42,--,104,149968,卖盘
2748,09:48:05,14.42,-0.01,119,172751,卖盘
2749,09:48:02,14.43,0.01,11,15873,买盘
2750,09:47:59,14.42,--,10,15573,卖盘
2751,09:47:56,14.42,--,28,40376,卖盘
2752,09:47:53,14.42,--,20,28840,卖盘
2753,09:47:50,14.42,--,14,20188,卖盘
2754,09:47:47,14.42,-0.01,117,168714,卖盘
2755,09:47:44,14.43,--,18,25974,卖盘
2756,09:47:41,14.43,--,237,341991,卖盘
2757,09:47:38,14.43,-0.01,34,49062,卖盘
2758,09:47:32,14.44,--,281,406038,卖盘
2759,09:47:29,14.44,--,39,56518,卖盘
2760,09:47:26,14.44,--,50,72200,卖盘
2761,09:47:23,14.44,--,7,10108,卖盘
2762,09:47:20,14.44,-0.02,28,40432,卖盘
2763,09:47:17,14.46,0.02,12,17352,买盘
2764,09:47:14,14.44,-0.01,109,157886,卖盘
2765,09:47:11,14.45,--,44,63580,卖盘
2766,09:47:08,14.45,--,90,130050,卖盘
2767,09:46:59,14.45,0.01,14,20504,买盘
2768,09:46:56,14.44,-0.01,236,341953,卖盘
2769,09:46:53,14.45,--,11,15895,卖盘
2770,09:46:50,14.45,-0.01,48,69634,卖盘
2771,09:46:47,14.46,0.02,220,318120,买盘
2772,09:46:44,14.44,-0.01,51,73644,卖盘
2773,09:46:38,14.45,0.01,48,69360,买盘
2774,09:46:35,14.44,-0.01,18,25992,卖盘
2775,09:46:29,14.45,0.01,103,148835,买盘
2776,09:46:26,14.44,-0.01,8,11754,卖盘
2777,09:46:23,14.45,--,14,20230,买盘
2778,09:46:17,14.45,-0.02,49,70805,卖盘
2779,09:46:14,14.47,0.01,100,144700,买盘
2780,09:46:08,14.46,-0.01,3,4338,卖盘
2781,09:46:05,14.47,0.01,53,76691,买盘
2782,09:46:02,14.46,-0.01,2,2892,中性盘
2783,09:45:59,14.47,0.02,402,581694,买盘
2784,09:45:56,14.45,-0.01,375,542958,卖盘
2785,09:45:50,14.46,--,2,2892,买盘
2786,09:45:44,14.46,--,10,15718,卖盘
2787,09:45:38,14.46,-0.01,10,14460,卖盘
2788,09:45:35,14.47,0.01,22,32022,买盘
2789,09:45:29,14.46,--,6,9934,卖盘
