,time,price,change,volume,amount,type
0,15:00:18,5.11,-0.01,7578,3872358,买盘
1,14:57:12,5.12,--,0,0,卖盘
2,14:57:03,5.12,0.01,210,107520,卖盘
3,14:56:57,5.11,--,72,36792,卖盘
4,14:56:51,5.11,--,86,43946,卖盘
5,14:56:48,5.11,-0.01,54,28084,卖盘
6,14:56:42,5.12,--,151,77332,卖盘
7,14:56:39,5.12,--,22,11755,卖盘
8,14:56:36,5.12,--,112,57344,买盘
9,14:56:33,5.12,0.01,15,7700,买盘
10,14:56:30,5.11,--,946,483406,卖盘
11,14:56:27,5.11,-0.01,120,61320,卖盘
12,14:56:24,5.12,--,190,97771,买盘
13,14:56:21,5.12,--,137,70164,买盘
14,14:56:18,5.12,--,152,77824,买盘
15,14:56:15,5.12,--,304,156139,卖盘
16,14:56:12,5.12,-0.01,138,70656,卖盘
17,14:56:09,5.13,--,86,44118,买盘
18,14:56:06,5.13,0.01,1082,555066,买盘
19,14:56:03,5.12,-0.01,60,30720,卖盘
20,14:56:00,5.13,0.01,91,46703,买盘
21,14:55:57,5.12,--,40,20971,卖盘
22,14:55:54,5.12,-0.01,44,22528,卖盘
23,14:55:51,5.13,0.01,244,125172,买盘
24,14:55:45,5.12,-0.01,81,41492,卖盘
25,14:55:42,5.13,--,682,349866,买盘
26,14:55:39,5.13,--,96,49740,买盘
27,14:55:36,5.13,--,18,9234,买盘
28,14:55:33,5.13,--,211,108263,买盘
29,14:55:27,5.13,--,16,8700,买盘
30,14:55:24,5.13,-0.01,1913,981389,卖盘
31,14:55:21,5.14,--,128,65792,买盘
32,14:55:18,5.14,0.01,38,20025,买盘
33,14:55:15,5.13,-0.01,240,123120,卖盘
34,14:55:12,5.14,--,124,63735,买盘
35,14:55:09,5.14,--,50,25700,买盘
36,14:55:06,5.14,--,1,534,买盘
37,14:55:03,5.14,--,30,15419,买盘
38,14:55:00,5.14,--,476,245157,卖盘
39,14:54:57,5.14,-0.01,139,71466,卖盘
40,14:54:54,5.15,0.01,120,62294,买盘
41,14:54:48,5.14,--,10,5140,卖盘
42,14:54:45,5.14,--,537,276038,卖盘
43,14:54:42,5.14,--,46,23644,卖盘
44,14:54:33,5.14,--,228,117191,买盘
45,14:54:30,5.14,--,106,54977,买盘
46,14:54:27,5.14,--,1,534,买盘
47,14:54:24,5.14,--,258,133105,买盘
48,14:54:21,5.14,--,11,5674,买盘
49,14:54:18,5.14,-0.01,160,82240,卖盘
50,14:54:15,5.15,0.01,0,494,买盘
51,14:54:12,5.14,--,47,24178,卖盘
52,14:54:09,5.14,--,924,475429,卖盘
53,14:54:06,5.14,-0.01,60,30839,卖盘
54,14:54:03,5.15,--,30,15450,买盘
55,14:54:00,5.15,0.01,70,36050,买盘
56,14:53:57,5.14,--,154,79156,买盘
57,14:53:51,5.14,--,11,5674,买盘
58,14:53:48,5.14,--,130,66820,卖盘
59,14:53:45,5.14,-0.01,42,21588,卖盘
60,14:53:42,5.15,--,26,13884,买盘
61,14:53:36,5.15,0.01,35,18045,买盘
62,14:53:33,5.14,-0.01,604,310456,卖盘
63,14:53:27,5.15,0.01,84,43754,买盘
64,14:53:24,5.14,--,37,19038,卖盘
65,14:53:18,5.14,-0.01,16,8717,卖盘
66,14:53:15,5.15,0.01,411,211685,买盘
67,14:53:12,5.14,-0.01,254,131049,卖盘
68,14:53:06,5.15,0.01,2,1030,买盘
69,14:53:06,5.14,--,73,37542,卖盘
70,14:53:00,5.14,0.01,78,40585,买盘
71,14:52:56,5.13,--,315,161615,买盘
72,14:52:50,5.13,-0.02,52,26676,卖盘
73,14:52:47,5.15,0.03,388,199820,买盘
74,14:52:44,5.12,-0.03,2116,1083883,卖盘
75,14:52:41,5.15,--,59,30405,买盘
76,14:52:38,5.15,0.01,50,25750,买盘
77,14:52:35,5.14,-0.01,202,104321,卖盘
78,14:52:29,5.15,--,3,1565,买盘
79,14:52:26,5.15,--,60,31394,买盘
80,14:52:23,5.15,--,3,1565,买盘
81,14:52:17,5.15,--,408,210120,买盘
82,14:52:14,5.15,--,2,1030,买盘
83,14:52:11,5.15,0.01,72,37574,买盘
84,14:52:08,5.14,-0.01,49,25206,卖盘
85,14:52:05,5.15,0.02,40,21094,买盘
86,14:52:02,5.13,-0.01,863,442739,卖盘
87,14:51:59,5.14,--,332,170648,卖盘
88,14:51:56,5.14,--,2,1028,卖盘
89,14:51:53,5.14,--,64,32896,买盘
90,14:51:47,5.14,0.01,308,158805,买盘
91,14:51:44,5.13,-0.01,117,60041,卖盘
92,14:51:41,5.14,0.01,120,61679,买盘
93,14:51:38,5.13,-0.01,52,27168,卖盘
94,14:51:32,5.14,0.01,10,5140,买盘
95,14:51:26,5.13,0.01,93,47729,买盘
96,14:51:23,5.12,-0.01,94,48128,卖盘
97,14:51:20,5.13,--,276,141588,买盘
98,14:51:17,5.13,--,2,1026,中性盘
99,14:51:11,5.13,--,36,18960,买盘
100,14:51:08,5.13,--,187,95951,卖盘
101,14:51:05,5.13,--,16,8700,卖盘
102,14:51:02,5.13,-0.01,32,16416,卖盘
103,14:50:56,5.14,--,2601,1336934,买盘
104,14:50:47,5.14,--,170,87380,买盘
105,14:50:44,5.14,--,18,9252,买盘
106,14:50:41,5.14,--,396,204037,买盘
107,14:50:35,5.14,0.01,32,16448,买盘
108,14:50:32,5.13,-0.01,655,336035,卖盘
109,14:50:29,5.14,--,80,41120,买盘
110,14:50:26,5.14,--,70,35980,买盘
111,14:50:23,5.14,--,124,64229,买盘
112,14:50:20,5.14,--,76,39064,买盘
113,14:50:17,5.14,--,2248,1155472,卖盘
114,14:50:11,5.14,--,22,11308,卖盘
115,14:50:08,5.14,-0.01,121,62214,卖盘
116,14:50:02,5.15,0.01,46,23690,买盘
117,14:49:59,5.14,--,6,3577,卖盘
118,14:49:56,5.14,-0.01,381,195854,卖盘
119,14:49:53,5.15,0.01,328,168920,买盘
120,14:49:50,5.14,-0.01,56,28784,卖盘
121,14:49:47,5.15,--,40,20600,买盘
122,14:49:44,5.15,0.01,42,22124,买盘
123,14:49:41,5.14,-0.01,345,177350,卖盘
124,14:49:38,5.15,--,244,126154,买盘
125,14:49:35,5.15,0.01,237,122075,买盘
126,14:49:29,5.14,--,176,90957,卖盘
127,14:49:26,5.14,-0.01,54,27756,卖盘
128,14:49:23,5.15,--,130,66950,买盘
129,14:49:20,5.15,--,97,49975,买盘
130,14:49:17,5.15,0.01,192,99374,买盘
131,14:49:14,5.14,-0.01,218,112052,卖盘
132,14:49:08,5.15,--,20,10300,卖盘
133,14:49:05,5.15,--,34,17510,买盘
134,14:49:02,5.15,-0.01,61,31435,买盘
135,14:48:53,5.16,--,1142,589767,买盘
136,14:48:47,5.16,0.01,26,13416,买盘
137,14:48:44,5.15,-0.01,201,103535,卖盘
138,14:48:38,5.16,0.01,10,5160,买盘
139,14:48:35,5.15,--,48,24720,卖盘
140,14:48:32,5.15,-0.01,308,159114,卖盘
141,14:48:26,5.16,0.01,214,110424,买盘
142,14:48:23,5.15,--,16,8240,卖盘
143,14:48:20,5.15,--,65,33495,卖盘
144,14:48:17,5.15,--,38,19570,卖盘
145,14:48:14,5.15,-0.01,40,20600,卖盘
146,14:48:11,5.16,0.01,2552,1316832,买盘
147,14:48:08,5.15,-0.01,58,29870,卖盘
148,14:48:05,5.16,0.01,0,495,买盘
149,14:48:02,5.15,--,190,97850,买盘
150,14:47:59,5.15,-0.01,128,65920,卖盘
151,14:47:56,5.16,0.01,166,85656,买盘
152,14:47:47,5.15,0.01,154,79310,买盘
153,14:47:44,5.14,-0.01,108,55512,卖盘
154,14:47:41,5.15,--,5,2595,卖盘
155,14:47:38,5.15,--,186,95790,买盘
156,14:47:35,5.15,0.01,72,37574,买盘
157,14:47:29,5.14,--,89,45766,卖盘
158,14:47:26,5.14,--,26,13857,卖盘
159,14:47:23,5.14,--,95,48850,买盘
160,14:47:20,5.14,0.01,140,71960,中性盘
161,14:47:11,5.13,--,36,18960,卖盘
162,14:47:08,5.13,--,245,125705,卖盘
163,14:47:05,5.13,--,248,127224,卖盘
164,14:47:02,5.13,--,1258,645846,卖盘
165,14:46:59,5.13,--,35,17955,卖盘
166,14:46:56,5.13,--,357,183141,卖盘
167,14:46:53,5.13,--,400,205200,卖盘
168,14:46:50,5.13,--,466,239058,卖盘
169,14:46:47,5.13,-0.01,156,80028,卖盘
170,14:46:44,5.14,0.01,107,54998,买盘
171,14:46:38,5.13,-0.01,1012,519156,卖盘
172,14:46:35,5.14,--,72,37008,买盘
173,14:46:32,5.14,--,83,42662,买盘
174,14:46:29,5.14,--,171,87894,买盘
175,14:46:26,5.14,--,36,18504,买盘
176,14:46:23,5.14,--,28,14392,买盘
177,14:46:20,5.14,-0.02,2226,1144184,卖盘
178,14:46:17,5.16,0.01,144,74799,买盘
179,14:46:14,5.15,--,11,5685,卖盘
180,14:46:08,5.15,-0.01,454,233810,卖盘
181,14:46:05,5.16,0.01,66,34056,中性盘
182,14:46:02,5.15,--,34,17510,卖盘
183,14:45:59,5.15,-0.01,450,232244,卖盘
184,14:45:56,5.16,--,1525,786920,买盘
185,14:45:53,5.16,0.01,72,37152,买盘
186,14:45:50,5.15,-0.01,70,36544,卖盘
187,14:45:47,5.16,--,139,71744,买盘
188,14:45:44,5.16,--,10,5160,买盘
189,14:45:41,5.16,--,138,71208,卖盘
190,14:45:35,5.16,--,40,21135,卖盘
191,14:45:26,5.16,--,35,18080,买盘
192,14:45:23,5.16,--,198,102663,卖盘
193,14:45:20,5.16,--,308,158928,买盘
194,14:45:14,5.16,--,71,36656,买盘
195,14:45:11,5.16,--,142,73767,买盘
196,14:45:05,5.16,--,284,146544,卖盘
197,14:45:02,5.16,--,193,99608,卖盘
198,14:44:59,5.16,--,108,55728,卖盘
199,14:44:56,5.16,--,224,115584,卖盘
200,14:44:53,5.16,--,200,103200,卖盘
201,14:44:50,5.16,-0.01,576,297216,卖盘
202,14:44:44,5.17,0.01,32,17040,买盘
203,14:44:41,5.16,--,156,80496,卖盘
204,14:44:38,5.16,0.01,60,30960,卖盘
205,14:44:35,5.15,--,50,25750,卖盘
206,14:44:32,5.15,-0.01,94,48410,卖盘
207,14:44:29,5.16,--,102,52632,卖盘
208,14:44:26,5.16,0.01,31,16016,卖盘
209,14:44:20,5.15,-0.01,646,333184,卖盘
210,14:44:17,5.16,0.01,400,206400,买盘
211,14:44:14,5.15,-0.01,176,90640,卖盘
212,14:44:11,5.16,0.01,68,35088,买盘
213,14:44:08,5.15,-0.01,50,25750,卖盘
214,14:44:05,5.16,--,60,30960,买盘
215,14:44:02,5.16,--,102,52632,买盘
216,14:43:59,5.16,--,16,8256,买盘
217,14:43:56,5.16,--,830,428280,买盘
218,14:43:53,5.16,--,70,36120,买盘
219,14:43:50,5.16,-0.02,2197,1133652,卖盘
220,14:43:44,5.18,--,134,69412,买盘
221,14:43:41,5.18,--,15,7770,买盘
222,14:43:38,5.18,-0.01,95,49210,卖盘
223,14:43:35,5.19,--,1430,742170,买盘
224,14:43:32,5.19,0.01,9,4671,买盘
225,14:43:29,5.18,--,391,202538,卖盘
226,14:43:23,5.18,-0.01,30,15540,卖盘
227,14:43:17,5.19,--,12,6228,买盘
228,14:43:11,5.19,--,100,51900,买盘
229,14:43:08,5.19,--,6,3114,买盘
230,14:43:05,5.19,--,8,4152,买盘
231,14:43:02,5.19,--,427,221613,卖盘
232,14:42:59,5.19,-0.01,19,9861,卖盘
233,14:42:53,5.2,0.01,90,46800,买盘
234,14:42:50,5.19,--,52,26988,卖盘
235,14:42:44,5.19,--,315,163485,买盘
236,14:42:41,5.19,0.01,8,4152,买盘
237,14:42:38,5.18,--,19,9842,卖盘
238,14:42:29,5.18,-0.01,30,15540,卖盘
239,14:42:23,5.19,0.01,134,69546,买盘
240,14:42:20,5.18,--,31,16058,买盘
241,14:42:14,5.18,--,201,104118,买盘
242,14:42:11,5.18,-0.01,47,24346,中性盘
243,14:42:05,5.19,0.01,511,265209,买盘
244,14:42:02,5.18,--,65,33670,卖盘
245,14:41:59,5.18,--,200,103600,卖盘
246,14:41:56,5.18,-0.01,216,111888,卖盘
247,14:41:53,5.19,0.01,106,55014,买盘
248,14:41:50,5.18,-0.01,138,71484,卖盘
249,14:41:47,5.19,--,105,54495,买盘
250,14:41:44,5.19,--,10,5190,买盘
251,14:41:41,5.19,--,83,43077,买盘
252,14:41:38,5.19,--,5,2595,买盘
253,14:41:35,5.19,--,112,58128,卖盘
254,14:41:32,5.19,-0.01,7,3633,卖盘
255,14:41:29,5.2,--,5,2600,买盘
256,14:41:26,5.2,--,62,32240,买盘
257,14:41:23,5.2,0.01,73,37960,买盘
258,14:41:17,5.19,-0.01,201,104319,卖盘
259,14:41:14,5.2,--,65,33800,买盘
260,14:41:11,5.2,0.01,3,1560,买盘
261,14:41:08,5.19,--,64,33216,卖盘
262,14:41:02,5.19,0.01,378,196182,买盘
263,14:40:59,5.18,-0.01,22,11396,卖盘
264,14:40:53,5.19,0.01,33,17127,买盘
265,14:40:50,5.18,-0.01,52,26936,卖盘
266,14:40:47,5.19,0.01,10,5190,买盘
267,14:40:44,5.18,-0.01,29,15022,卖盘
268,14:40:41,5.19,0.04,40,20760,买盘
269,14:40:38,5.15,-0.03,3054,1572810,卖盘
270,14:40:32,5.18,--,54,27972,卖盘
271,14:40:29,5.18,-0.01,61,31598,卖盘
272,14:40:26,5.19,0.01,663,344097,买盘
273,14:40:23,5.18,0.01,30,15540,买盘
274,14:40:20,5.17,-0.01,683,353111,卖盘
275,14:40:17,5.18,--,243,125874,买盘
276,14:40:14,5.18,0.01,10,5180,买盘
277,14:40:11,5.17,-0.01,20,10340,卖盘
278,14:40:08,5.18,--,30,15540,买盘
279,14:40:05,5.18,--,23,11914,买盘
280,14:40:02,5.18,--,102,52836,买盘
281,14:39:59,5.18,0.01,97,50246,买盘
282,14:39:56,5.17,--,83,42911,卖盘
283,14:39:53,5.17,--,253,130801,卖盘
284,14:39:50,5.17,--,112,57904,卖盘
285,14:39:44,5.17,--,70,36190,卖盘
286,14:39:41,5.17,0.01,346,178882,买盘
287,14:39:38,5.16,--,185,95460,卖盘
288,14:39:35,5.16,-0.01,14,7224,卖盘
289,14:39:32,5.17,--,190,98230,买盘
290,14:39:29,5.17,0.01,800,413600,买盘
291,14:39:26,5.16,-0.01,656,338496,卖盘
292,14:39:20,5.17,--,37,19129,买盘
293,14:39:17,5.17,--,136,70312,买盘
294,14:39:14,5.17,--,11,5687,买盘
295,14:39:11,5.17,-0.01,151,78067,卖盘
296,14:39:08,5.18,--,58,30044,买盘
297,14:39:05,5.18,-0.02,1168,605024,卖盘
298,14:39:02,5.2,0.01,370,192400,买盘
299,14:38:59,5.19,--,226,117294,买盘
300,14:38:53,5.19,--,48,24912,买盘
301,14:38:50,5.19,-0.01,252,130788,卖盘
302,14:38:47,5.2,--,274,142480,买盘
303,14:38:44,5.2,--,35,18200,买盘
304,14:38:38,5.2,--,32,16640,买盘
305,14:38:35,5.2,-0.01,3148,1636960,卖盘
306,14:38:32,5.21,--,9,4689,买盘
307,14:38:29,5.21,--,185,96385,买盘
308,14:38:26,5.21,--,110,57310,买盘
309,14:38:23,5.21,-0.01,451,234971,卖盘
310,14:38:20,5.22,0.01,1023,534006,买盘
311,14:38:14,5.21,--,49,25529,卖盘
312,14:38:11,5.21,--,2,1042,卖盘
313,14:38:08,5.21,-0.01,140,72940,卖盘
314,14:38:05,5.22,0.01,210,109620,买盘
315,14:38:02,5.21,-0.01,10,5210,卖盘
316,14:37:59,5.22,--,54,28188,买盘
317,14:37:56,5.22,0.01,1202,627444,买盘
318,14:37:53,5.21,-0.01,10,5210,卖盘
319,14:37:50,5.22,--,144,75168,买盘
320,14:37:47,5.22,--,3,1566,买盘
321,14:37:41,5.22,--,483,252334,卖盘
322,14:37:38,5.22,--,90,46980,卖盘
323,14:37:35,5.22,--,80,41760,卖盘
324,14:37:32,5.22,-0.01,10,5220,卖盘
325,14:37:23,5.23,--,20,10460,买盘
326,14:37:14,5.23,--,10,5230,买盘
327,14:37:11,5.23,--,71,37133,卖盘
328,14:37:08,5.23,--,176,92048,卖盘
329,14:37:05,5.23,--,107,55961,卖盘
330,14:37:02,5.23,--,600,313800,卖盘
331,14:36:59,5.23,-0.01,100,52300,卖盘
332,14:36:56,5.24,--,1417,742508,卖盘
333,14:36:53,5.24,--,83,43492,卖盘
334,14:36:50,5.24,--,27,14148,卖盘
335,14:36:47,5.24,--,706,369944,卖盘
336,14:36:44,5.24,--,5,2620,卖盘
337,14:36:41,5.24,--,114,59736,卖盘
338,14:36:38,5.24,--,100,52400,卖盘
339,14:36:35,5.24,--,25,13100,卖盘
340,14:36:32,5.24,-0.01,29,15196,卖盘
341,14:36:26,5.25,--,49,25725,买盘
342,14:36:20,5.25,--,91,47775,买盘
343,14:36:17,5.25,-0.01,33,17451,卖盘
344,14:36:14,5.26,0.01,416,218816,买盘
345,14:36:11,5.25,--,463,243096,卖盘
346,14:36:08,5.25,--,2,1050,卖盘
347,14:36:05,5.25,--,64,33600,卖盘
348,14:36:02,5.25,--,473,248703,卖盘
349,14:35:59,5.25,--,19,9975,卖盘
350,14:35:53,5.25,-0.01,120,63000,卖盘
351,14:35:50,5.26,0.01,1,526,买盘
352,14:35:47,5.25,-0.01,108,56700,卖盘
353,14:35:41,5.26,--,10,5260,买盘
354,14:35:32,5.26,--,313,164638,卖盘
355,14:35:29,5.26,--,77,40502,卖盘
356,14:35:20,5.26,--,40,21040,卖盘
357,14:35:11,5.26,0.01,838,440788,买盘
358,14:35:02,5.25,-0.01,60,31500,卖盘
359,14:34:59,5.26,--,11,5786,卖盘
360,14:34:53,5.26,--,30,15780,卖盘
361,14:34:50,5.26,--,40,21040,卖盘
362,14:34:41,5.26,--,200,105200,卖盘
363,14:34:38,5.26,--,52,27352,买盘
364,14:34:35,5.26,--,300,157800,买盘
365,14:34:26,5.26,0.01,20,10520,买盘
366,14:34:20,5.25,--,15,7875,卖盘
367,14:34:14,5.25,-0.01,101,53025,卖盘
368,14:34:11,5.26,--,34,17884,卖盘
369,14:33:59,5.26,--,784,412384,买盘
370,14:33:56,5.26,--,44,23144,买盘
371,14:33:50,5.26,0.01,30,15780,买盘
372,14:33:47,5.25,--,47,24675,卖盘
373,14:33:44,5.25,--,100,52500,卖盘
374,14:33:32,5.25,--,442,232050,卖盘
375,14:33:29,5.25,--,290,152250,卖盘
376,14:33:26,5.25,-0.01,7,3675,卖盘
377,14:33:17,5.26,--,2,1052,买盘
378,14:33:11,5.26,-0.01,144,75744,卖盘
379,14:33:01,5.27,0.01,183,96440,买盘
380,14:32:58,5.26,--,53,27878,买盘
381,14:32:46,5.26,-0.01,89,46814,卖盘
382,14:32:37,5.27,--,28,14755,买盘
383,14:32:19,5.27,0.01,3,1580,买盘
384,14:32:07,5.26,0.01,974,512324,买盘
385,14:32:04,5.25,-0.01,16,8400,卖盘
386,14:31:58,5.26,0.01,1,526,买盘
387,14:31:43,5.25,--,190,99750,卖盘
388,14:31:37,5.25,-0.01,210,110250,卖盘
389,14:31:31,5.26,--,12,6312,买盘
390,14:31:28,5.26,--,22,11572,买盘
391,14:31:25,5.26,--,90,47340,买盘
392,14:31:22,5.26,--,171,89946,买盘
393,14:31:19,5.26,--,5,2630,买盘
394,14:31:16,5.26,--,469,246694,卖盘
395,14:31:10,5.26,-0.01,439,230914,卖盘
396,14:31:07,5.27,0.01,1,527,买盘
397,14:31:04,5.26,--,52,27352,卖盘
398,14:31:01,5.26,-0.01,67,35242,卖盘
399,14:30:58,5.27,--,2,1054,买盘
400,14:30:55,5.27,--,4,2108,买盘
401,14:30:43,5.27,--,40,21080,买盘
402,14:30:34,5.27,--,5,2635,买盘
403,14:30:31,5.27,--,2,1054,买盘
404,14:30:28,5.27,--,5,2635,买盘
405,14:30:10,5.27,--,36,18972,买盘
406,14:30:07,5.27,0.01,23,12120,买盘
407,14:29:55,5.26,-0.01,20,10520,卖盘
408,14:29:52,5.27,0.01,80,42160,买盘
409,14:29:37,5.26,--,1,526,卖盘
410,14:29:31,5.26,0.01,74,38924,买盘
411,14:29:25,5.25,--,45,23625,卖盘
412,14:29:19,5.25,-0.01,8,4200,卖盘
413,14:29:13,5.26,--,1,526,买盘
414,14:29:10,5.26,--,120,63120,买盘
415,14:29:07,5.26,--,32,16832,买盘
416,14:29:04,5.26,--,2,1052,买盘
417,14:29:01,5.26,--,5,2630,买盘
418,14:28:55,5.26,--,110,57860,买盘
419,14:28:52,5.26,--,68,35768,买盘
420,14:28:46,5.26,--,159,83634,买盘
421,14:28:40,5.26,--,500,263000,买盘
422,14:28:37,5.26,0.01,109,57334,买盘
423,14:28:25,5.25,-0.01,1,525,卖盘
424,14:28:22,5.26,0.01,159,83634,买盘
425,14:28:16,5.25,-0.01,80,42000,卖盘
426,14:28:10,5.26,--,81,42606,买盘
427,14:28:04,5.26,--,200,105200,买盘
428,14:28:01,5.26,0.01,20,10520,买盘
429,14:27:52,5.25,-0.01,25,13125,卖盘
430,14:27:49,5.26,--,173,90998,买盘
431,14:27:43,5.26,--,10,5260,买盘
432,14:27:37,5.26,0.01,2,1052,买盘
433,14:27:16,5.25,--,32,16800,卖盘
434,14:27:10,5.25,--,1,525,卖盘
435,14:27:07,5.25,--,8,4200,卖盘
436,14:27:04,5.25,--,560,294000,卖盘
437,14:26:52,5.25,-0.01,30,15750,卖盘
438,14:26:49,5.26,0.01,2,1052,买盘
439,14:26:43,5.25,--,34,17850,买盘
440,14:26:40,5.25,--,108,56700,买盘
441,14:26:34,5.25,--,53,27825,买盘
442,14:26:16,5.25,--,114,59850,买盘
443,14:26:10,5.25,--,6,3150,买盘
444,14:26:01,5.25,--,3,1575,买盘
445,14:25:49,5.25,0.01,1,525,买盘
446,14:25:46,5.24,--,2,1048,卖盘
447,14:25:37,5.24,--,30,15720,卖盘
448,14:25:34,5.24,--,61,31964,卖盘
449,14:25:25,5.24,-0.01,12,6288,卖盘
450,14:25:19,5.25,0.01,36,18900,买盘
451,14:25:13,5.24,--,18,9432,卖盘
452,14:25:07,5.24,--,105,55020,卖盘
453,14:25:01,5.24,-0.01,91,47684,卖盘
454,14:24:58,5.25,--,27,14175,卖盘
455,14:24:55,5.25,--,119,62475,买盘
456,14:24:43,5.25,--,39,20475,买盘
457,14:24:31,5.25,--,16,8400,买盘
458,14:24:28,5.25,--,50,26250,买盘
459,14:24:25,5.25,0.01,30,15750,中性盘
460,14:24:22,5.24,-0.01,60,31440,卖盘
461,14:24:19,5.25,--,3,1575,卖盘
462,14:24:16,5.25,-0.01,2,1050,卖盘
463,14:24:13,5.26,0.01,2,1052,买盘
464,14:24:10,5.25,0.01,205,107625,买盘
465,14:24:04,5.24,-0.01,10,5240,卖盘
466,14:24:01,5.25,--,6,3150,买盘
467,14:23:58,5.25,0.01,1,525,买盘
468,14:23:52,5.24,--,16,8384,卖盘
469,14:23:49,5.24,-0.01,43,22532,卖盘
470,14:23:46,5.25,0.01,10,5250,买盘
471,14:23:19,5.24,-0.01,50,26200,卖盘
472,14:23:13,5.25,--,10,5250,买盘
473,14:23:04,5.25,--,20,10500,买盘
474,14:22:55,5.25,--,20,10500,买盘
475,14:22:49,5.25,--,2,1050,买盘
476,14:22:46,5.25,--,46,24150,买盘
477,14:22:31,5.25,--,21,11025,买盘
478,14:22:28,5.25,--,8,4200,买盘
479,14:22:25,5.25,--,1,525,买盘
480,14:22:22,5.25,--,100,52500,买盘
481,14:22:10,5.25,0.01,1,525,买盘
482,14:22:07,5.24,-0.01,121,63404,卖盘
483,14:21:52,5.25,--,7,3675,买盘
484,14:21:49,5.25,--,1,525,买盘
485,14:21:46,5.25,--,20,10500,买盘
486,14:21:43,5.25,--,400,210000,卖盘
487,14:21:13,5.25,-0.01,199,104475,卖盘
488,14:21:10,5.26,0.01,5,2630,买盘
489,14:21:07,5.25,-0.01,7,3675,卖盘
490,14:21:04,5.26,--,5,2630,买盘
491,14:21:01,5.26,0.01,20,10520,买盘
492,14:20:55,5.25,-0.01,10,5250,卖盘
493,14:20:46,5.26,--,6,3156,买盘
494,14:20:34,5.26,0.01,12,6312,买盘
495,14:20:31,5.25,--,25,13125,卖盘
496,14:20:25,5.25,--,124,65100,卖盘
497,14:20:10,5.25,--,13,6825,卖盘
498,14:20:07,5.25,-0.01,12,6300,卖盘
499,14:19:46,5.26,--,2,1052,买盘
500,14:19:43,5.26,0.01,13,6838,买盘
501,14:19:40,5.25,--,169,88725,卖盘
502,14:19:34,5.25,-0.01,52,27300,卖盘
503,14:19:28,5.26,0.01,5,2630,买盘
504,14:19:22,5.25,-0.01,204,107100,卖盘
505,14:19:16,5.26,0.01,31,16306,买盘
506,14:19:04,5.25,--,207,108675,卖盘
507,14:18:58,5.25,--,500,262500,卖盘
508,14:18:49,5.25,-0.01,6,3150,卖盘
509,14:18:28,5.26,0.01,5,2630,买盘
510,14:18:22,5.25,-0.01,185,97125,卖盘
511,14:18:13,5.26,--,1,526,买盘
512,14:18:07,5.26,--,2,1052,买盘
513,14:18:04,5.26,--,8,4208,买盘
514,14:17:46,5.26,--,205,107830,买盘
515,14:17:43,5.26,--,190,100066,卖盘
516,14:17:34,5.26,--,18,9468,卖盘
517,14:17:22,5.26,--,20,10520,卖盘
518,14:17:19,5.26,--,196,103096,卖盘
519,14:17:16,5.26,--,30,16179,卖盘
520,14:17:10,5.26,-0.01,6,3156,卖盘
521,14:17:04,5.27,--,3,1580,买盘
522,14:16:58,5.27,0.01,16,8432,买盘
523,14:16:55,5.26,--,33,17358,卖盘
524,14:16:43,5.26,--,11,5786,卖盘
525,14:16:31,5.26,-0.01,50,26300,卖盘
526,14:16:28,5.27,--,174,91697,买盘
527,14:16:25,5.27,--,5,2635,买盘
528,14:16:16,5.27,--,120,63239,买盘
529,14:16:04,5.27,--,2,1054,买盘
530,14:15:49,5.27,--,1,527,买盘
531,14:15:43,5.27,--,97,51118,买盘
532,14:15:25,5.27,--,10,5270,买盘
533,14:15:16,5.27,--,1,527,买盘
534,14:15:07,5.27,--,75,39525,买盘
535,14:15:04,5.27,--,125,65875,买盘
536,14:15:01,5.27,--,73,38471,买盘
537,14:14:52,5.27,--,300,158100,买盘
538,14:14:49,5.27,-0.01,1678,884305,卖盘
539,14:14:46,5.28,--,166,87648,买盘
540,14:14:37,5.28,0.01,5,2640,买盘
541,14:14:28,5.27,-0.01,8,4216,卖盘
542,14:14:25,5.28,0.01,245,129360,买盘
543,14:14:16,5.27,-0.01,110,57969,卖盘
544,14:14:13,5.28,0.01,14,7392,买盘
545,14:14:10,5.27,-0.01,20,10540,卖盘
546,14:14:07,5.28,--,58,30624,买盘
547,14:13:58,5.28,--,40,21120,买盘
548,14:13:55,5.28,0.01,895,472560,买盘
549,14:13:43,5.27,0.01,3,1580,买盘
550,14:13:33,5.26,-0.01,9,4734,卖盘
551,14:13:24,5.27,0.01,147,77469,买盘
552,14:13:18,5.26,--,90,47340,买盘
553,14:13:15,5.26,--,155,81530,买盘
554,14:13:12,5.26,--,10,5260,买盘
555,14:13:09,5.26,--,24,12624,买盘
556,14:13:06,5.26,--,194,102044,买盘
557,14:13:00,5.26,0.01,183,96258,买盘
558,14:12:57,5.25,-0.01,26,13650,卖盘
559,14:12:51,5.26,0.01,46,24196,买盘
560,14:12:45,5.25,-0.01,1,525,中性盘
561,14:12:39,5.26,--,732,385032,买盘
562,14:12:36,5.26,--,10,5260,买盘
563,14:12:27,5.26,0.01,23,12098,买盘
564,14:12:21,5.25,-0.01,60,31500,卖盘
565,14:12:09,5.26,--,13,6838,买盘
566,14:12:00,5.26,--,21,11046,买盘
567,14:11:57,5.26,--,109,57334,卖盘
568,14:11:54,5.26,--,117,61542,卖盘
569,14:11:51,5.26,--,18,9468,卖盘
570,14:11:48,5.26,-0.01,15,7890,卖盘
571,14:11:45,5.27,0.01,21,11067,买盘
572,14:11:39,5.26,--,12,6312,卖盘
573,14:11:36,5.26,--,20,10520,卖盘
574,14:11:33,5.26,-0.01,30,15780,卖盘
575,14:11:27,5.27,--,4,2108,买盘
576,14:11:24,5.27,0.01,1,527,买盘
577,14:11:21,5.26,--,10,5260,卖盘
578,14:11:12,5.26,-0.01,134,70484,卖盘
579,14:11:09,5.27,--,5,2635,买盘
580,14:10:57,5.27,--,10,5270,买盘
581,14:10:54,5.27,--,10,5270,买盘
582,14:10:42,5.27,--,156,82212,买盘
583,14:10:12,5.27,--,2,1054,买盘
584,14:10:09,5.27,--,4,2108,买盘
585,14:09:57,5.27,--,19,10013,卖盘
586,14:09:45,5.27,--,5,2635,买盘
587,14:09:42,5.27,0.01,50,26349,买盘
588,14:09:39,5.26,-0.01,158,83108,卖盘
589,14:09:30,5.27,--,117,61658,买盘
590,14:09:18,5.27,0.01,50,26349,买盘
591,14:09:15,5.26,--,4,2104,卖盘
592,14:09:06,5.26,-0.01,20,10520,卖盘
593,14:08:51,5.27,--,11,5796,买盘
594,14:08:36,5.27,--,12,6323,买盘
595,14:08:33,5.27,0.01,5,2635,买盘
596,14:08:21,5.26,-0.01,5,2630,卖盘
597,14:08:12,5.27,0.01,20,10540,买盘
598,14:08:09,5.26,-0.01,2,1052,卖盘
599,14:08:03,5.27,--,10,5270,买盘
600,14:08:00,5.27,-0.01,247,130168,卖盘
601,14:07:57,5.28,0.01,3,1584,买盘
602,14:07:54,5.27,--,101,53226,卖盘
603,14:07:45,5.27,--,10,5270,卖盘
604,14:07:42,5.27,-0.01,80,42160,卖盘
605,14:07:27,5.28,--,74,39072,买盘
606,14:07:18,5.28,--,30,15840,买盘
607,14:07:00,5.28,0.02,1500,792000,买盘
608,14:06:30,5.26,0.01,200,105200,买盘
609,14:06:24,5.25,-0.01,1,525,卖盘
610,14:06:15,5.26,0.01,10,5260,买盘
611,14:05:54,5.25,-0.01,21,11025,卖盘
612,14:05:36,5.26,--,41,21566,买盘
613,14:05:21,5.26,--,35,18410,卖盘
614,14:05:06,5.26,0.01,35,18410,中性盘
615,14:04:48,5.25,-0.01,5,2625,卖盘
616,14:04:42,5.26,--,50,26300,买盘
617,14:04:36,5.26,--,21,11046,买盘
618,14:04:30,5.26,--,55,28930,买盘
619,14:04:24,5.26,--,1,526,买盘
620,14:04:15,5.26,--,10,5260,买盘
621,14:04:06,5.26,--,100,52600,买盘
622,14:04:00,5.26,--,6,3156,买盘
623,14:03:57,5.26,--,20,10520,买盘
624,14:03:45,5.26,--,43,22618,卖盘
625,14:03:33,5.26,--,4,2104,卖盘
626,14:03:24,5.26,--,23,12098,卖盘
627,14:02:57,5.26,-0.01,58,30508,卖盘
628,14:02:48,5.27,0.01,11,5796,买盘
629,14:02:42,5.26,-0.01,5,2630,卖盘
630,14:02:30,5.27,--,2,1054,买盘
631,14:02:12,5.27,--,10,5270,买盘
632,14:02:09,5.27,0.01,10,5270,买盘
633,14:02:06,5.26,-0.01,70,36820,卖盘
634,14:02:03,5.27,--,14,7377,买盘
635,14:02:00,5.27,--,20,10540,买盘
636,14:01:57,5.27,0.01,9,4743,买盘
637,14:01:54,5.26,-0.01,25,13150,卖盘
638,14:01:45,5.27,-0.01,2,1054,买盘
639,14:01:42,5.28,0.01,66,34848,买盘
640,14:01:30,5.27,--,20,10540,卖盘
641,14:01:27,5.27,0.01,30,15809,买盘
642,14:01:24,5.26,-0.02,21,11046,中性盘
643,14:01:18,5.28,0.01,10,5280,买盘
644,14:01:15,5.27,0.02,5,2635,中性盘
645,14:01:12,5.25,-0.02,45,23625,卖盘
646,14:01:06,5.27,-0.01,20,10540,卖盘
647,14:01:03,5.28,0.01,5,2640,买盘
648,14:00:57,5.27,-0.01,50,26349,卖盘
649,14:00:45,5.28,0.01,1,528,买盘
650,14:00:39,5.27,0.02,923,486420,买盘
651,14:00:33,5.25,-0.01,8,4200,卖盘
652,14:00:30,5.26,0.01,34,17884,买盘
653,14:00:21,5.25,--,30,15750,买盘
654,14:00:09,5.25,--,90,47250,买盘
655,14:00:03,5.25,--,2,1050,买盘
656,14:00:00,5.25,--,12,6300,买盘
657,13:59:57,5.25,--,80,42000,买盘
658,13:59:51,5.25,--,10,5250,买盘
659,13:59:48,5.25,--,10,5250,买盘
660,13:59:45,5.25,0.01,21,11025,买盘
661,13:59:30,5.24,0.01,50,26200,买盘
662,13:59:24,5.23,-0.01,1,523,卖盘
663,13:59:21,5.24,0.01,200,104800,买盘
664,13:59:18,5.23,--,77,40271,卖盘
665,13:59:15,5.23,-0.01,6,3138,卖盘
666,13:59:12,5.24,0.01,50,26200,买盘
667,13:59:09,5.23,--,3,1569,卖盘
668,13:59:03,5.23,--,239,124997,卖盘
669,13:58:57,5.23,--,25,13075,卖盘
670,13:58:51,5.23,--,1,523,卖盘
671,13:58:51,5.23,-0.01,23,12029,卖盘
672,13:58:39,5.24,--,30,15720,买盘
673,13:58:36,5.24,--,40,20960,卖盘
674,13:58:24,5.24,--,50,26200,卖盘
675,13:58:18,5.24,0.02,15,7860,卖盘
676,13:58:12,5.22,-0.03,5202,2715444,卖盘
677,13:58:09,5.25,0.01,6,3150,买盘
678,13:58:06,5.24,--,242,126808,买盘
679,13:58:03,5.24,--,3,1572,买盘
680,13:58:00,5.24,--,187,97988,买盘
681,13:57:54,5.24,--,20,10480,买盘
682,13:57:51,5.24,0.01,259,135716,买盘
683,13:57:42,5.23,-0.01,10,5230,卖盘
684,13:57:33,5.24,0.01,479,250996,买盘
685,13:57:21,5.23,--,65,33995,卖盘
686,13:57:15,5.23,--,10,5230,卖盘
687,13:57:12,5.23,-0.01,60,31380,卖盘
688,13:57:09,5.24,--,1,524,买盘
689,13:57:06,5.24,0.01,67,35108,买盘
690,13:57:00,5.23,-0.01,6,3138,卖盘
691,13:56:57,5.24,0.01,29,15196,买盘
692,13:56:45,5.23,--,10,5230,卖盘
693,13:56:39,5.23,-0.01,190,99370,卖盘
694,13:56:30,5.24,-0.01,2,1048,买盘
695,13:56:24,5.25,--,10,5250,买盘
696,13:56:21,5.25,0.02,20,10500,买盘
697,13:56:18,5.23,-0.01,2150,1124450,卖盘
698,13:56:15,5.24,-0.01,535,280340,卖盘
699,13:56:06,5.25,--,11,5775,买盘
700,13:56:03,5.25,0.01,20,10500,买盘
701,13:56:00,5.24,--,93,48732,卖盘
702,13:55:57,5.24,--,6,3144,卖盘
703,13:55:54,5.24,-0.01,50,26200,卖盘
704,13:55:51,5.25,--,250,131250,买盘
705,13:55:42,5.25,0.01,20,10500,买盘
706,13:55:39,5.24,-0.01,20,10480,卖盘
707,13:55:36,5.25,--,19,9975,买盘
708,13:55:27,5.25,--,1,525,买盘
709,13:55:24,5.25,--,41,21525,卖盘
710,13:55:21,5.25,--,5,2625,卖盘
711,13:55:15,5.25,--,18,9450,卖盘
712,13:55:12,5.25,--,8,4200,买盘
713,13:55:09,5.25,--,20,10500,买盘
714,13:55:06,5.25,-0.01,20,10500,买盘
715,13:54:57,5.26,0.02,10,5260,买盘
716,13:54:45,5.24,-0.02,6,3144,卖盘
717,13:54:36,5.26,0.02,25,13150,买盘
718,13:54:33,5.24,--,3,1572,卖盘
719,13:54:24,5.24,--,3,1572,卖盘
720,13:54:21,5.24,-0.01,20,10480,卖盘
721,13:54:18,5.25,-0.01,12,6300,中性盘
722,13:54:12,5.26,0.02,10,5260,买盘
723,13:54:06,5.24,0.01,26,13624,卖盘
724,13:53:54,5.23,--,10,5230,卖盘
725,13:53:42,5.23,-0.04,4,2092,卖盘
726,13:53:39,5.27,--,47,24768,卖盘
727,13:53:36,5.27,0.04,953,502230,买盘
728,13:53:21,5.23,-0.02,22,11506,卖盘
729,13:53:18,5.25,--,35,18375,卖盘
730,13:53:15,5.25,--,23,12075,卖盘
731,13:53:12,5.25,--,107,56301,卖盘
732,13:53:09,5.25,--,178,93964,卖盘
733,13:53:06,5.25,0.01,1045,548625,买盘
734,13:52:56,5.24,0.01,51,26724,买盘
735,13:52:50,5.23,--,7,3661,卖盘
736,13:52:47,5.23,-0.01,580,303340,卖盘
737,13:52:44,5.24,0.01,2,1048,买盘
738,13:52:38,5.23,-0.01,4,2092,卖盘
739,13:52:32,5.24,0.01,290,151960,买盘
740,13:52:26,5.23,--,12,6276,卖盘
741,13:52:20,5.23,--,57,29811,卖盘
742,13:52:11,5.23,-0.01,37,19351,卖盘
743,13:52:08,5.24,0.01,20,10480,买盘
744,13:52:02,5.23,-0.01,48,25104,卖盘
745,13:51:53,5.24,0.01,21,11004,买盘
746,13:51:47,5.23,--,4,2092,卖盘
747,13:51:41,5.23,-0.01,6,3179,卖盘
748,13:51:38,5.24,0.01,14,7336,买盘
749,13:51:35,5.23,-0.01,29,15167,卖盘
750,13:51:29,5.24,0.01,71,37204,买盘
751,13:51:20,5.23,--,7,3661,卖盘
752,13:51:17,5.23,-0.01,243,127089,卖盘
753,13:51:08,5.24,0.01,111,58164,买盘
754,13:51:02,5.23,-0.01,151,78973,卖盘
755,13:50:59,5.24,0.01,55,28820,买盘
756,13:50:50,5.23,--,7,3661,卖盘
757,13:50:47,5.23,--,20,10460,卖盘
758,13:50:41,5.23,--,5,2615,卖盘
759,13:50:38,5.23,--,20,10460,卖盘
760,13:50:35,5.23,-0.01,430,224890,卖盘
761,13:50:32,5.24,0.01,10,5240,买盘
762,13:50:29,5.23,-0.01,3,1569,卖盘
763,13:50:20,5.24,0.01,5,2620,买盘
764,13:50:11,5.23,-0.01,3,1569,卖盘
765,13:49:56,5.24,--,62,32488,买盘
766,13:49:50,5.24,--,15,7860,买盘
767,13:49:47,5.24,--,2,1048,买盘
768,13:49:44,5.24,--,18,9432,卖盘
769,13:49:29,5.24,-0.01,1036,542864,卖盘
770,13:49:26,5.25,--,30,15750,买盘
771,13:49:20,5.25,--,27,14175,买盘
772,13:48:56,5.25,--,32,16800,买盘
773,13:48:53,5.25,--,3,1575,买盘
774,13:48:41,5.25,--,22,11550,买盘
775,13:48:35,5.25,--,1,525,买盘
776,13:48:26,5.25,--,15,7875,买盘
777,13:48:17,5.25,--,60,31500,买盘
778,13:48:11,5.25,--,139,73384,卖盘
779,13:48:08,5.25,--,4,2362,卖盘
780,13:48:02,5.25,--,293,153825,卖盘
781,13:47:50,5.25,--,8,4200,卖盘
782,13:47:47,5.25,--,29,15225,卖盘
783,13:47:44,5.25,0.01,350,184128,买盘
784,13:47:38,5.24,-0.01,8,4192,卖盘
785,13:47:35,5.25,0.01,24,12600,买盘
786,13:47:32,5.24,-0.01,215,112660,卖盘
787,13:47:29,5.25,0.01,3,1575,买盘
788,13:47:23,5.24,--,76,39824,卖盘
789,13:47:17,5.24,-0.01,14,7336,卖盘
790,13:47:11,5.25,0.03,191,100275,买盘
791,13:47:08,5.22,-0.01,69,36018,卖盘
792,13:47:05,5.23,--,728,380744,卖盘
793,13:47:02,5.23,--,6,3138,卖盘
794,13:46:59,5.23,--,20,10460,卖盘
795,13:46:56,5.23,--,1167,610341,卖盘
796,13:46:50,5.23,--,20,10460,卖盘
797,13:46:47,5.23,-0.01,12,6276,卖盘
798,13:46:44,5.24,0.01,11,5764,买盘
799,13:46:41,5.23,-0.01,41,21443,卖盘
800,13:46:38,5.24,0.01,27,14148,买盘
801,13:46:32,5.23,-0.01,610,319030,卖盘
802,13:46:26,5.24,--,17,8908,买盘
803,13:46:23,5.24,--,10,5240,买盘
804,13:46:20,5.24,--,61,31964,买盘
805,13:46:11,5.24,-0.01,304,159296,卖盘
806,13:45:59,5.25,--,30,15750,买盘
807,13:45:53,5.25,0.01,100,52500,买盘
808,13:45:44,5.24,-0.01,620,324880,卖盘
809,13:45:38,5.25,0.01,103,54075,买盘
810,13:45:23,5.24,--,20,10480,卖盘
811,13:45:20,5.24,-0.01,10,5240,卖盘
812,13:45:17,5.25,0.01,10,5250,买盘
813,13:45:14,5.24,-0.01,1,524,卖盘
814,13:45:05,5.25,0.01,17,8925,买盘
815,13:45:02,5.24,-0.01,138,72312,卖盘
816,13:44:56,5.25,0.01,31,16275,买盘
817,13:44:53,5.24,--,8,4192,卖盘
818,13:44:50,5.24,--,130,68120,卖盘
819,13:44:47,5.24,-0.01,100,52400,卖盘
820,13:44:41,5.25,0.01,5,2625,买盘
821,13:44:35,5.24,-0.01,98,51352,卖盘
822,13:44:32,5.25,--,20,10647,卖盘
823,13:44:29,5.25,--,8,4200,卖盘
824,13:44:26,5.25,--,120,63000,卖盘
825,13:44:23,5.25,--,10,5250,卖盘
826,13:44:20,5.25,--,118,61950,卖盘
827,13:44:17,5.25,-0.01,1003,526575,卖盘
828,13:44:11,5.26,--,55,28930,买盘
829,13:44:08,5.26,--,18,9468,买盘
830,13:44:05,5.26,--,273,143598,卖盘
831,13:43:59,5.26,--,322,169372,卖盘
832,13:43:56,5.26,--,50,26300,卖盘
833,13:43:53,5.26,-0.01,500,263000,卖盘
834,13:43:47,5.27,--,368,193935,买盘
835,13:43:44,5.27,0.01,2,1054,买盘
836,13:43:38,5.26,-0.01,12,6312,卖盘
837,13:43:23,5.27,0.01,20,10540,买盘
838,13:43:14,5.26,-0.01,94,49444,卖盘
839,13:43:11,5.27,--,110,57969,买盘
840,13:43:08,5.27,0.01,105,55334,买盘
841,13:43:05,5.26,-0.01,19,9994,卖盘
842,13:42:53,5.27,--,3,1580,买盘
843,13:42:50,5.27,-0.01,238,125425,卖盘
844,13:42:35,5.28,--,12,6336,买盘
845,13:42:32,5.28,0.01,46,24288,买盘
846,13:42:26,5.27,-0.01,17,8959,卖盘
847,13:42:20,5.28,0.01,10,5280,买盘
848,13:42:17,5.27,-0.01,100,52699,卖盘
849,13:42:11,5.28,0.01,1,528,买盘
850,13:41:53,5.27,0.01,1,527,中性盘
851,13:41:26,5.26,--,140,73640,卖盘
852,13:41:02,5.26,-0.01,18,9468,卖盘
853,13:40:56,5.27,--,1,527,买盘
854,13:40:53,5.27,--,135,71145,买盘
855,13:40:44,5.27,--,10,5270,买盘
856,13:40:41,5.27,--,100,52699,买盘
857,13:40:35,5.27,0.01,335,176545,买盘
858,13:40:32,5.26,-0.01,10,5260,卖盘
859,13:40:20,5.27,--,10,5270,买盘
860,13:40:17,5.27,--,1,527,买盘
861,13:40:02,5.27,0.01,235,123844,买盘
862,13:39:59,5.26,--,50,26300,卖盘
863,13:39:50,5.26,-0.01,1,526,卖盘
864,13:39:47,5.27,--,1,527,买盘
865,13:39:41,5.27,--,20,10540,买盘
866,13:39:38,5.27,0.01,175,92224,买盘
867,13:39:35,5.26,--,5,2630,卖盘
868,13:39:32,5.26,-0.01,60,31560,卖盘
869,13:39:29,5.27,--,5,2635,买盘
870,13:39:26,5.27,--,138,72726,买盘
871,13:39:23,5.27,0.01,2,1054,买盘
872,13:39:17,5.26,-0.01,117,61542,卖盘
873,13:39:14,5.27,--,41,21607,买盘
874,13:39:05,5.27,0.01,1,527,买盘
875,13:39:02,5.26,-0.01,102,53652,卖盘
876,13:38:50,5.27,--,185,97494,买盘
877,13:38:38,5.27,0.01,285,150195,买盘
878,13:38:35,5.26,-0.01,40,21040,卖盘
879,13:38:05,5.27,0.01,42,22134,买盘
880,13:37:35,5.26,--,250,131500,卖盘
881,13:37:32,5.26,--,30,15780,卖盘
882,13:37:29,5.26,--,16,8416,卖盘
883,13:37:26,5.26,0.01,590,310340,买盘
884,13:37:20,5.25,-0.01,8,4200,卖盘
885,13:37:17,5.26,--,48,25248,买盘
886,13:37:08,5.26,--,219,115194,买盘
887,13:36:56,5.26,--,10,5260,买盘
888,13:36:53,5.26,--,20,10520,买盘
889,13:36:50,5.26,--,17,8942,买盘
890,13:36:44,5.26,--,62,32612,卖盘
891,13:36:14,5.26,-0.01,8,4208,卖盘
892,13:36:11,5.27,0.02,2,1054,买盘
893,13:36:02,5.25,-0.01,220,115500,卖盘
894,13:35:56,5.26,--,5,3008,买盘
895,13:35:53,5.26,--,6,3156,买盘
896,13:35:50,5.26,--,6,3156,买盘
897,13:35:47,5.26,--,14,7364,买盘
898,13:35:41,5.26,--,5,2630,买盘
899,13:35:35,5.26,--,15,7890,买盘
900,13:35:23,5.26,0.01,51,26826,买盘
901,13:35:17,5.25,-0.01,5,2625,卖盘
902,13:35:14,5.26,--,5,2630,买盘
903,13:35:08,5.26,--,21,11046,买盘
904,13:35:05,5.26,0.01,4,2104,买盘
905,13:35:02,5.25,-0.01,3,1575,卖盘
906,13:34:53,5.26,--,23,12098,买盘
907,13:34:47,5.26,--,2,1052,买盘
908,13:34:20,5.26,-0.01,56,29603,卖盘
909,13:34:11,5.27,0.01,2,1054,买盘
910,13:33:59,5.26,-0.01,19,9994,卖盘
911,13:33:56,5.27,0.01,2,1054,买盘
912,13:33:50,5.26,--,2,1052,卖盘
913,13:33:47,5.26,--,6,3156,卖盘
914,13:33:44,5.26,--,19,10372,买盘
915,13:33:41,5.26,--,80,42227,卖盘
916,13:33:25,5.26,-0.01,36,19314,卖盘
917,13:33:22,5.27,--,8,4216,买盘
918,13:33:13,5.27,--,5,2635,买盘
919,13:33:10,5.27,--,60,31619,买盘
920,13:32:52,5.27,--,1,527,买盘
921,13:32:43,5.27,0.01,530,279310,买盘
922,13:32:37,5.26,--,30,15780,卖盘
923,13:32:25,5.26,--,3,1578,卖盘
924,13:32:16,5.26,--,86,45236,买盘
925,13:32:13,5.26,--,22,11572,买盘
926,13:32:10,5.26,--,61,32086,买盘
927,13:32:07,5.26,--,96,50496,买盘
928,13:32:01,5.26,--,100,52600,买盘
929,13:31:55,5.26,--,30,15780,买盘
930,13:31:46,5.26,--,3,1578,买盘
931,13:31:43,5.26,--,149,78374,买盘
932,13:31:34,5.26,--,78,41028,买盘
933,13:31:25,5.26,0.01,341,179366,买盘
934,13:31:22,5.25,-0.01,1,525,卖盘
935,13:31:19,5.26,--,17,8942,买盘
936,13:31:16,5.26,--,100,52600,买盘
937,13:31:13,5.26,--,5,2630,买盘
938,13:31:10,5.26,--,18,9468,买盘
939,13:30:58,5.26,0.01,2,1052,买盘
940,13:30:55,5.25,--,100,52500,卖盘
941,13:30:46,5.25,-0.01,60,31500,卖盘
942,13:30:43,5.26,0.01,2,1052,买盘
943,13:30:40,5.25,-0.01,131,68775,卖盘
944,13:30:37,5.26,0.01,19,9994,买盘
945,13:30:34,5.25,--,21,11025,卖盘
946,13:30:31,5.25,0.01,29,15225,买盘
947,13:30:25,5.24,-0.01,5,2620,卖盘
948,13:30:22,5.25,--,11,5775,买盘
949,13:30:16,5.25,-0.01,775,406875,中性盘
950,13:30:07,5.26,--,77,40502,买盘
951,13:29:58,5.26,0.02,10,5260,买盘
952,13:29:43,5.24,-0.02,30,15720,卖盘
953,13:29:31,5.26,0.02,40,21040,买盘
954,13:29:28,5.24,--,120,62880,买盘
955,13:29:25,5.24,--,38,19912,买盘
956,13:29:19,5.24,-0.01,1212,635088,卖盘
957,13:29:16,5.25,-0.01,16,8400,卖盘
958,13:29:07,5.26,--,6,3156,买盘
959,13:29:01,5.26,0.01,46,24196,买盘
960,13:28:58,5.25,--,82,43050,卖盘
961,13:28:55,5.25,--,109,57225,卖盘
962,13:28:52,5.25,--,120,63000,卖盘
963,13:28:49,5.25,--,10,5250,卖盘
964,13:28:40,5.25,-0.01,85,44625,卖盘
965,13:28:28,5.26,--,51,26826,买盘
966,13:28:25,5.26,-0.01,1461,768486,卖盘
967,13:28:22,5.27,--,32,16864,买盘
968,13:28:16,5.27,0.01,46,24241,买盘
969,13:28:01,5.26,--,5,2630,卖盘
970,13:27:58,5.26,--,16,8416,卖盘
971,13:27:55,5.26,--,15,7890,卖盘
972,13:27:49,5.26,--,26,13676,卖盘
973,13:27:46,5.26,-0.01,4,2104,卖盘
974,13:27:43,5.27,--,150,79050,买盘
975,13:27:40,5.27,0.01,6,3161,买盘
976,13:27:37,5.26,--,21,11046,卖盘
977,13:27:22,5.26,-0.01,5,2630,卖盘
978,13:27:16,5.27,0.01,26,13701,买盘
979,13:27:07,5.26,--,7,3682,卖盘
980,13:26:58,5.26,--,10,5260,卖盘
981,13:26:49,5.26,-0.01,21,11046,卖盘
982,13:26:43,5.27,0.01,76,40052,买盘
983,13:26:31,5.26,--,2,1052,卖盘
984,13:26:25,5.26,--,43,22618,卖盘
985,13:26:22,5.26,-0.01,18,9468,卖盘
986,13:26:13,5.27,0.01,10,5270,买盘
987,13:26:10,5.26,-0.01,33,17358,卖盘
988,13:25:58,5.27,--,60,31619,买盘
989,13:25:52,5.27,0.01,110,57969,买盘
990,13:25:46,5.26,--,2,1052,卖盘
991,13:25:43,5.26,--,10,5260,卖盘
992,13:25:40,5.26,--,3,1578,卖盘
993,13:25:34,5.26,--,55,28930,卖盘
994,13:25:31,5.26,-0.01,105,55230,卖盘
995,13:25:25,5.27,--,190,100129,买盘
996,13:25:19,5.27,--,20,10540,买盘
997,13:24:58,5.27,0.01,5,2635,买盘
998,13:24:52,5.26,--,456,239856,卖盘
999,13:24:46,5.26,-0.01,50,26300,卖盘
1000,13:24:43,5.27,0.01,5,2635,买盘
1001,13:24:40,5.26,--,74,38924,卖盘
1002,13:24:31,5.26,-0.01,6,3156,卖盘
1003,13:24:25,5.27,--,1,527,买盘
1004,13:24:22,5.27,0.01,100,52699,买盘
1005,13:24:19,5.26,-0.01,50,26300,卖盘
1006,13:24:13,5.27,--,200,105399,买盘
1007,13:24:10,5.27,--,5,2635,买盘
1008,13:24:04,5.27,--,20,10540,买盘
1009,13:23:43,5.27,--,2,1054,买盘
1010,13:23:37,5.27,0.01,5,2635,买盘
1011,13:23:31,5.26,-0.01,20,10520,卖盘
1012,13:23:10,5.27,0.01,123,64820,买盘
1013,13:23:04,5.26,--,32,16832,卖盘
1014,13:22:46,5.26,-0.01,5,2630,卖盘
1015,13:22:40,5.27,0.01,14,7377,买盘
1016,13:22:28,5.26,--,21,11046,卖盘
1017,13:22:19,5.26,--,20,10520,卖盘
1018,13:22:16,5.26,-0.01,30,15780,卖盘
1019,13:22:13,5.27,--,2,1054,买盘
1020,13:22:01,5.27,0.01,5,2635,买盘
1021,13:21:49,5.26,-0.01,28,14728,卖盘
1022,13:21:46,5.27,0.01,163,85901,买盘
1023,13:21:34,5.26,-0.01,48,25248,卖盘
1024,13:21:10,5.27,--,30,15809,买盘
1025,13:21:07,5.27,--,10,5270,买盘
1026,13:21:04,5.27,--,100,52699,买盘
1027,13:20:37,5.27,0.01,141,74307,买盘
1028,13:20:13,5.26,--,31,16306,卖盘
1029,13:20:10,5.26,--,20,10520,卖盘
1030,13:20:04,5.26,--,21,11046,卖盘
1031,13:20:01,5.26,--,10,5260,卖盘
1032,13:19:58,5.26,-0.01,70,36820,卖盘
1033,13:19:52,5.27,--,5,2635,买盘
1034,13:19:43,5.27,--,10,5270,买盘
1035,13:19:37,5.27,--,11,5796,买盘
1036,13:19:34,5.27,--,41,21607,卖盘
1037,13:19:28,5.27,--,78,41106,卖盘
1038,13:19:25,5.27,--,305,160735,卖盘
1039,13:19:22,5.27,--,15,7904,卖盘
1040,13:19:16,5.27,--,8,4216,卖盘
1041,13:19:13,5.27,--,49,25822,卖盘
1042,13:19:10,5.27,--,17,8959,卖盘
1043,13:19:07,5.27,--,197,103818,卖盘
1044,13:19:01,5.27,-0.01,102,53753,卖盘
1045,13:18:58,5.28,0.01,4,2112,买盘
1046,13:18:55,5.27,--,11,5796,卖盘
1047,13:18:52,5.27,--,394,207637,卖盘
1048,13:18:49,5.27,--,100,52699,卖盘
1049,13:18:46,5.27,--,9,4743,卖盘
1050,13:18:43,5.27,-0.01,138,72726,卖盘
1051,13:18:40,5.28,0.01,2,1056,买盘
1052,13:18:34,5.27,-0.01,20,10540,卖盘
1053,13:18:31,5.28,0.01,3,1584,买盘
1054,13:18:25,5.27,--,28,14755,卖盘
1055,13:18:19,5.27,-0.01,36,18972,卖盘
1056,13:18:07,5.28,--,30,15840,买盘
1057,13:17:52,5.28,0.01,55,29040,买盘
1058,13:17:46,5.27,-0.01,13,6850,卖盘
1059,13:17:28,5.28,0.01,21,11088,买盘
1060,13:17:25,5.27,--,68,35836,卖盘
1061,13:17:22,5.27,-0.01,200,105399,卖盘
1062,13:17:10,5.28,0.01,46,24288,买盘
1063,13:16:58,5.27,-0.01,137,72199,卖盘
1064,13:16:55,5.28,--,1,528,买盘
1065,13:16:52,5.28,--,381,201168,买盘
1066,13:16:43,5.28,--,22,11616,卖盘
1067,13:16:40,5.28,--,206,108768,卖盘
1068,13:16:31,5.28,--,45,23760,卖盘
1069,13:16:28,5.28,--,87,45936,卖盘
1070,13:16:22,5.28,-0.01,68,35904,卖盘
1071,13:16:16,5.29,0.01,88,46552,买盘
1072,13:16:13,5.28,--,205,108240,卖盘
1073,13:16:10,5.28,--,33,17424,卖盘
1074,13:16:04,5.28,--,20,10560,卖盘
1075,13:16:01,5.28,--,12,6336,卖盘
1076,13:15:58,5.28,--,21,11088,卖盘
1077,13:15:55,5.28,--,81,42768,卖盘
1078,13:15:46,5.28,--,350,184800,卖盘
1079,13:15:43,5.28,--,5,2640,卖盘
1080,13:15:40,5.28,--,40,21120,卖盘
1081,13:15:37,5.28,-0.01,21,11088,卖盘
1082,13:15:34,5.29,0.01,38,20102,买盘
1083,13:15:28,5.28,-0.01,745,393360,卖盘
1084,13:15:22,5.29,--,9,4761,买盘
1085,13:15:07,5.29,--,103,54487,买盘
1086,13:15:01,5.29,--,1,529,买盘
1087,13:14:55,5.29,0.01,4,2116,买盘
1088,13:14:49,5.28,-0.01,5,2640,卖盘
1089,13:14:43,5.29,0.01,1,529,买盘
1090,13:14:40,5.28,--,32,16896,卖盘
1091,13:14:34,5.28,-0.01,52,27456,卖盘
1092,13:14:28,5.29,0.01,22,11638,买盘
1093,13:14:16,5.28,--,100,52800,卖盘
1094,13:14:13,5.28,--,20,10560,卖盘
1095,13:14:10,5.28,--,546,288288,买盘
1096,13:14:04,5.28,0.01,56,29568,买盘
1097,13:13:52,5.27,-0.01,161,84847,卖盘
1098,13:13:48,5.28,--,1,528,买盘
1099,13:13:45,5.28,--,11,5808,买盘
1100,13:13:33,5.28,--,1,528,买盘
1101,13:13:30,5.28,--,2,1056,买盘
1102,13:13:27,5.28,0.01,9,4752,买盘
1103,13:13:24,5.27,-0.01,1,527,中性盘
1104,13:13:15,5.28,--,100,52800,买盘
1105,13:13:03,5.28,--,11,5808,买盘
1106,13:12:51,5.28,--,6,3168,买盘
1107,13:12:48,5.28,0.01,10,5280,买盘
1108,13:12:42,5.27,--,2,1054,买盘
1109,13:12:39,5.27,--,7,3688,卖盘
1110,13:12:36,5.27,0.02,6,3161,买盘
1111,13:12:33,5.25,-0.02,158,82950,卖盘
1112,13:12:09,5.27,0.01,333,175491,买盘
1113,13:12:06,5.26,--,20,10520,买盘
1114,13:12:03,5.26,-0.01,110,57860,卖盘
1115,13:11:51,5.27,--,50,26349,买盘
1116,13:11:48,5.27,--,5,2635,买盘
1117,13:11:39,5.27,0.01,21,11067,买盘
1118,13:11:36,5.26,-0.01,5,2630,卖盘
1119,13:11:24,5.27,--,26,13701,买盘
1120,13:11:12,5.27,0.01,15,7904,买盘
1121,13:11:03,5.26,-0.01,1,526,卖盘
1122,13:11:00,5.27,0.02,126,66402,买盘
1123,13:10:54,5.25,-0.01,60,31500,卖盘
1124,13:10:48,5.26,--,158,83108,买盘
1125,13:10:45,5.26,--,49,25774,买盘
1126,13:10:33,5.26,0.01,14,7364,买盘
1127,13:10:18,5.25,-0.01,1,525,卖盘
1128,13:10:12,5.26,--,17,8942,买盘
1129,13:10:06,5.26,0.01,17,8942,买盘
1130,13:10:00,5.25,-0.01,49,25725,卖盘
1131,13:09:54,5.26,--,26,13676,买盘
1132,13:09:51,5.26,--,2,1052,买盘
1133,13:09:39,5.26,--,1,526,买盘
1134,13:09:33,5.26,0.01,103,54178,买盘
1135,13:09:30,5.25,--,8,4200,卖盘
1136,13:09:18,5.25,--,5,2625,卖盘
1137,13:09:03,5.25,-0.01,10,5250,卖盘
1138,13:08:51,5.26,--,101,53126,买盘
1139,13:08:36,5.26,--,20,10520,买盘
1140,13:08:33,5.26,0.01,9,4734,买盘
1141,13:08:30,5.25,-0.01,2,1050,卖盘
1142,13:08:18,5.26,0.01,251,132026,买盘
1143,13:08:15,5.25,--,40,21000,买盘
1144,13:08:12,5.25,--,36,18900,卖盘
1145,13:08:06,5.25,--,138,72450,卖盘
1146,13:08:00,5.25,--,24,12600,卖盘
1147,13:07:57,5.25,--,10,5250,卖盘
1148,13:07:54,5.25,--,95,49875,卖盘
1149,13:07:48,5.25,-0.01,5,2625,卖盘
1150,13:07:39,5.26,0.01,10,5260,买盘
1151,13:07:36,5.25,-0.01,1,525,卖盘
1152,13:07:33,5.26,--,20,10520,买盘
1153,13:07:27,5.26,0.01,58,30508,买盘
1154,13:07:24,5.25,--,23,12075,卖盘
1155,13:07:21,5.25,--,80,42000,卖盘
1156,13:07:18,5.25,--,40,21000,卖盘
1157,13:07:09,5.25,-0.01,12,6300,卖盘
1158,13:07:06,5.26,0.01,1,526,买盘
1159,13:06:57,5.25,--,10,5250,卖盘
1160,13:06:51,5.25,--,230,120750,买盘
1161,13:06:36,5.25,--,4,2100,买盘
1162,13:06:30,5.25,0.01,30,15750,买盘
1163,13:06:27,5.24,-0.01,38,19912,卖盘
1164,13:06:24,5.25,--,53,27825,买盘
1165,13:06:18,5.25,--,10,5250,买盘
1166,13:06:15,5.25,--,22,11550,买盘
1167,13:06:12,5.25,--,15,7875,买盘
1168,13:06:06,5.25,--,10,5250,买盘
1169,13:06:03,5.25,--,20,10500,买盘
1170,13:06:00,5.25,--,5,2625,买盘
1171,13:05:57,5.25,--,3,1575,买盘
1172,13:05:51,5.25,--,5,2625,买盘
1173,13:05:48,5.25,--,5,2625,买盘
1174,13:05:42,5.25,--,197,103425,买盘
1175,13:05:39,5.25,--,9,4725,买盘
1176,13:05:36,5.25,--,5,2625,买盘
1177,13:05:30,5.25,--,138,72450,买盘
1178,13:05:24,5.25,0.01,98,51450,买盘
1179,13:05:18,5.24,-0.01,179,93796,卖盘
1180,13:05:15,5.25,--,5,2625,买盘
1181,13:05:12,5.25,--,36,18900,买盘
1182,13:05:03,5.25,0.01,47,24675,买盘
1183,13:04:57,5.24,-0.01,8,4192,卖盘
1184,13:04:54,5.25,--,59,30975,买盘
1185,13:04:51,5.25,--,50,26250,买盘
1186,13:04:45,5.25,0.01,25,13125,买盘
1187,13:04:39,5.24,--,50,26200,卖盘
1188,13:04:27,5.24,--,217,113708,买盘
1189,13:04:21,5.24,--,52,27248,买盘
1190,13:04:18,5.24,--,105,55020,买盘
1191,13:04:15,5.24,--,153,80172,买盘
1192,13:04:06,5.24,--,209,109516,买盘
1193,13:04:03,5.24,--,35,18340,买盘
1194,13:04:00,5.24,--,2,1048,买盘
1195,13:03:57,5.24,--,2,1048,买盘
1196,13:03:54,5.24,0.01,260,136240,买盘
1197,13:03:51,5.23,-0.01,62,32426,卖盘
1198,13:03:48,5.24,--,2,1048,买盘
1199,13:03:42,5.24,--,20,10480,买盘
1200,13:03:36,5.24,--,10,5240,买盘
1201,13:03:33,5.24,--,38,19912,买盘
1202,13:03:30,5.24,--,197,103228,买盘
1203,13:03:24,5.24,0.01,150,78600,买盘
1204,13:03:18,5.23,-0.01,52,27196,卖盘
1205,13:03:12,5.24,0.01,327,171348,买盘
1206,13:03:03,5.23,-0.01,12,6276,卖盘
1207,13:03:00,5.24,0.01,1,524,买盘
1208,13:02:54,5.23,--,44,23012,卖盘
1209,13:02:51,5.23,--,76,39748,卖盘
1210,13:02:45,5.23,-0.01,17,8891,卖盘
1211,13:02:33,5.24,0.01,1,524,买盘
1212,13:02:30,5.23,-0.01,25,13075,卖盘
1213,13:02:27,5.24,0.01,17,8908,买盘
1214,13:02:24,5.23,--,8,4184,卖盘
1215,13:02:21,5.23,-0.01,53,27719,卖盘
1216,13:02:15,5.24,--,2,1048,买盘
1217,13:02:12,5.24,0.01,205,107420,买盘
1218,13:02:09,5.23,--,20,10460,卖盘
1219,13:02:03,5.23,--,1,523,卖盘
1220,13:02:00,5.23,-0.01,47,24581,卖盘
1221,13:01:51,5.24,0.01,46,24104,买盘
1222,13:01:48,5.23,--,37,19351,卖盘
1223,13:01:42,5.23,--,1,523,卖盘
1224,13:01:39,5.23,--,55,28765,买盘
1225,13:01:36,5.23,--,100,52300,买盘
1226,13:01:30,5.23,--,30,15690,买盘
1227,13:01:27,5.23,--,42,21966,买盘
1228,13:01:21,5.23,--,22,11506,卖盘
1229,13:01:18,5.23,0.01,192,100416,买盘
1230,13:01:12,5.22,-0.01,386,201492,卖盘
1231,13:01:09,5.23,--,227,118721,卖盘
1232,13:01:06,5.23,--,278,145394,买盘
1233,13:01:03,5.23,--,1,523,买盘
1234,13:00:54,5.23,--,448,234304,卖盘
1235,13:00:51,5.23,--,24,12552,卖盘
1236,13:00:45,5.23,--,5,2615,卖盘
1237,13:00:42,5.23,--,15,7845,卖盘
1238,13:00:39,5.23,--,10,5230,卖盘
1239,13:00:36,5.23,-0.01,54,28242,卖盘
1240,13:00:30,5.24,--,31,16244,买盘
1241,13:00:27,5.24,0.01,13,6812,买盘
1242,13:00:18,5.23,-0.01,15,7845,卖盘
1243,13:00:15,5.24,0.01,20,10480,买盘
1244,13:00:12,5.23,-0.01,127,66421,卖盘
1245,13:00:09,5.24,-0.01,1376,721024,卖盘
1246,13:00:03,5.25,--,733,384825,卖盘
1247,11:30:01,5.25,--,14,7350,卖盘
1248,11:29:55,5.25,--,35,18375,卖盘
1249,11:29:52,5.25,0.01,287,150675,买盘
1250,11:29:46,5.24,--,41,21484,卖盘
1251,11:29:43,5.24,--,113,59212,卖盘
1252,11:29:40,5.24,--,111,58164,卖盘
1253,11:29:37,5.24,0.01,420,220080,买盘
1254,11:29:31,5.23,--,16,8368,卖盘
1255,11:29:25,5.23,--,351,183573,卖盘
1256,11:29:22,5.23,-0.01,4,2092,卖盘
1257,11:29:19,5.24,0.01,10,5240,买盘
1258,11:29:13,5.23,-0.01,197,103031,卖盘
1259,11:29:10,5.24,0.01,26,13624,买盘
1260,11:29:07,5.23,0.01,26,13598,中性盘
1261,11:28:58,5.22,-0.02,253,132066,卖盘
1262,11:28:55,5.24,--,814,426693,买盘
1263,11:28:52,5.24,--,444,232656,买盘
1264,11:28:49,5.24,--,81,42444,买盘
1265,11:28:46,5.24,0.01,626,328024,买盘
1266,11:28:43,5.23,-0.01,1655,865565,卖盘
1267,11:28:34,5.24,--,300,157200,买盘
1268,11:28:31,5.24,--,26,13624,买盘
1269,11:28:28,5.24,--,392,205408,买盘
1270,11:28:25,5.24,--,56,29344,买盘
1271,11:28:22,5.24,--,150,78600,买盘
1272,11:28:19,5.24,--,2,1048,买盘
1273,11:28:16,5.24,--,104,54496,买盘
1274,11:28:13,5.24,--,553,289772,卖盘
1275,11:28:10,5.24,-0.01,355,186020,卖盘
1276,11:28:07,5.25,0.01,31,16275,买盘
1277,11:28:01,5.24,--,546,286104,卖盘
1278,11:27:58,5.24,--,30,15720,卖盘
1279,11:27:55,5.24,--,4,2096,卖盘
1280,11:27:52,5.24,-0.01,10,5240,卖盘
1281,11:27:46,5.25,0.01,18,9450,买盘
1282,11:27:43,5.24,--,150,78600,卖盘
1283,11:27:37,5.24,--,68,35632,卖盘
1284,11:27:31,5.24,--,221,115804,卖盘
1285,11:27:25,5.24,--,9,4716,卖盘
1286,11:27:22,5.24,-0.01,53,27772,卖盘
1287,11:27:19,5.25,0.01,28,14700,买盘
1288,11:27:16,5.24,--,10,5240,卖盘
1289,11:27:13,5.24,--,539,282436,卖盘
1290,11:27:10,5.24,-0.01,1,524,卖盘
1291,11:27:07,5.25,--,20,10500,买盘
1292,11:27:04,5.25,--,20,10500,买盘
1293,11:27:01,5.25,-0.01,39,20475,买盘
1294,11:26:55,5.26,0.01,1659,872634,买盘
1295,11:26:52,5.25,-0.01,338,177450,卖盘
1296,11:26:49,5.26,0.01,6,3156,买盘
1297,11:26:46,5.25,-0.01,3518,1846950,卖盘
1298,11:26:40,5.26,0.01,131,68906,买盘
1299,11:26:34,5.25,-0.01,100,52500,卖盘
1300,11:26:22,5.26,0.01,105,55230,买盘
1301,11:26:19,5.25,--,55,28875,卖盘
1302,11:26:16,5.25,--,266,139650,卖盘
1303,11:26:13,5.25,-0.01,174,91350,卖盘
1304,11:26:10,5.26,0.01,77,40502,买盘
1305,11:26:07,5.25,--,23,12075,卖盘
1306,11:26:04,5.25,--,68,35700,卖盘
1307,11:26:01,5.25,--,120,63000,卖盘
1308,11:25:58,5.25,--,279,146475,卖盘
1309,11:25:55,5.25,-0.01,880,462000,卖盘
1310,11:25:46,5.26,--,31,16306,买盘
1311,11:25:43,5.26,0.01,14,7364,买盘
1312,11:25:40,5.25,-0.01,19,9975,卖盘
1313,11:25:37,5.26,--,20,10520,买盘
1314,11:25:34,5.26,--,85,44710,买盘
1315,11:25:28,5.26,--,20,10520,买盘
1316,11:25:25,5.26,--,124,65224,卖盘
1317,11:25:10,5.26,0.01,402,211452,买盘
1318,11:25:07,5.25,-0.01,1000,525000,卖盘
1319,11:25:01,5.26,0.01,68,35768,买盘
1320,11:24:58,5.25,-0.01,1667,875175,卖盘
1321,11:24:52,5.26,--,5,2630,卖盘
1322,11:24:49,5.26,--,1,526,卖盘
1323,11:24:46,5.26,-0.01,457,240382,卖盘
1324,11:24:43,5.27,--,13,6850,买盘
1325,11:24:34,5.27,--,654,344658,卖盘
1326,11:24:31,5.27,--,3,1580,卖盘
1327,11:24:28,5.27,--,592,311984,卖盘
1328,11:24:25,5.27,--,17,8959,卖盘
1329,11:24:16,5.27,--,281,148087,卖盘
1330,11:24:13,5.27,--,45,23714,卖盘
1331,11:24:10,5.27,--,7,3688,卖盘
1332,11:23:58,5.27,-0.01,44,23187,卖盘
1333,11:23:55,5.28,0.01,146,77088,买盘
1334,11:23:52,5.27,-0.01,80,42160,卖盘
1335,11:23:49,5.28,0.01,10,5280,买盘
1336,11:23:46,5.27,--,67,35309,卖盘
1337,11:23:43,5.27,--,111,58496,卖盘
1338,11:23:40,5.27,--,69,36363,卖盘
1339,11:23:37,5.27,-0.01,133,70091,卖盘
1340,11:23:34,5.28,0.01,50,26400,买盘
1341,11:23:31,5.27,--,4,2108,卖盘
1342,11:23:28,5.27,--,100,52699,卖盘
1343,11:23:25,5.27,--,560,295120,卖盘
1344,11:23:22,5.27,--,66,34782,卖盘
1345,11:23:19,5.27,--,540,284580,卖盘
1346,11:23:16,5.27,-0.01,26,13701,卖盘
1347,11:23:13,5.28,--,46,24288,买盘
1348,11:23:10,5.28,--,30,15840,买盘
1349,11:23:04,5.28,0.01,138,72864,买盘
1350,11:22:58,5.27,--,1,527,卖盘
1351,11:22:52,5.27,--,95,50064,卖盘
1352,11:22:49,5.27,-0.01,60,31619,卖盘
1353,11:22:46,5.28,0.01,94,49632,买盘
1354,11:22:37,5.27,-0.01,2,1054,卖盘
1355,11:22:34,5.28,0.01,44,23232,买盘
1356,11:22:31,5.27,-0.01,100,52699,卖盘
1357,11:22:25,5.28,0.01,96,50688,买盘
1358,11:22:22,5.27,-0.01,100,52699,卖盘
1359,11:22:16,5.28,0.01,52,27456,买盘
1360,11:22:13,5.27,--,12,6323,卖盘
1361,11:22:04,5.27,--,857,451638,卖盘
1362,11:21:58,5.27,--,25,13174,卖盘
1363,11:21:55,5.27,-0.01,6,3161,卖盘
1364,11:21:43,5.28,--,4,2112,买盘
1365,11:21:37,5.28,--,19,10032,买盘
1366,11:21:34,5.28,0.01,34,17952,买盘
1367,11:21:13,5.27,-0.01,19,10013,卖盘
1368,11:21:10,5.28,--,2,1056,买盘
1369,11:21:07,5.28,--,10,5280,买盘
1370,11:21:04,5.28,0.01,1,528,买盘
1371,11:21:01,5.27,-0.01,129,67983,卖盘
1372,11:20:58,5.28,--,19,10032,买盘
1373,11:20:55,5.28,--,240,126720,买盘
1374,11:20:49,5.28,--,48,25344,买盘
1375,11:20:46,5.28,--,40,21120,买盘
1376,11:20:43,5.28,--,7,3696,买盘
1377,11:20:37,5.28,--,18,9504,买盘
1378,11:20:34,5.28,0.01,160,84480,买盘
1379,11:20:31,5.27,-0.01,21,11067,卖盘
1380,11:20:28,5.28,--,19,10032,买盘
1381,11:20:25,5.28,--,23,12144,买盘
1382,11:20:22,5.28,0.01,46,24288,买盘
1383,11:20:19,5.27,-0.01,364,191827,卖盘
1384,11:20:16,5.28,--,202,106656,买盘
1385,11:20:13,5.28,0.01,100,52800,买盘
1386,11:20:10,5.27,-0.01,60,31619,卖盘
1387,11:20:07,5.28,--,234,123552,买盘
1388,11:20:04,5.28,--,5,2640,买盘
1389,11:20:01,5.28,0.01,10,5280,买盘
1390,11:19:58,5.27,-0.01,52,27403,卖盘
1391,11:19:46,5.28,0.01,200,105600,买盘
1392,11:19:40,5.27,--,10,5270,卖盘
1393,11:19:34,5.27,-0.01,1,527,卖盘
1394,11:19:28,5.28,0.01,20,10560,买盘
1395,11:19:25,5.27,-0.01,7,3688,卖盘
1396,11:19:19,5.28,--,2,1056,买盘
1397,11:19:13,5.28,--,100,52800,买盘
1398,11:19:07,5.28,--,15,7920,买盘
1399,11:18:58,5.28,--,1,528,买盘
1400,11:18:55,5.28,--,28,14784,买盘
1401,11:18:52,5.28,--,62,32736,买盘
1402,11:18:43,5.28,0.01,25,13200,买盘
1403,11:18:40,5.27,-0.01,60,31619,卖盘
1404,11:18:37,5.28,--,10,5280,买盘
1405,11:18:25,5.28,--,5,2640,买盘
1406,11:18:13,5.28,--,20,10560,买盘
1407,11:18:10,5.28,--,3,1584,买盘
1408,11:17:58,5.28,0.01,33,17424,买盘
1409,11:17:55,5.27,-0.01,143,75361,卖盘
1410,11:17:43,5.28,--,20,10560,买盘
1411,11:17:37,5.28,--,21,11088,买盘
1412,11:17:34,5.28,--,15,7920,买盘
1413,11:17:31,5.28,0.01,341,180048,买盘
1414,11:17:25,5.27,-0.01,101,53226,卖盘
1415,11:17:22,5.28,--,7,3696,买盘
1416,11:17:19,5.28,0.01,10,5280,买盘
1417,11:17:16,5.27,-0.01,124,65347,卖盘
1418,11:17:09,5.28,--,3,1584,买盘
1419,11:17:06,5.28,--,20,10560,买盘
1420,11:17:00,5.28,0.01,20,10560,买盘
1421,11:16:57,5.27,-0.01,267,140709,卖盘
1422,11:16:51,5.28,--,609,321552,买盘
1423,11:16:48,5.28,--,11,5808,买盘
1424,11:16:45,5.28,--,160,84480,买盘
1425,11:16:42,5.28,--,9,4752,买盘
1426,11:16:36,5.28,--,20,10560,买盘
1427,11:16:30,5.28,--,282,148896,买盘
1428,11:16:27,5.28,0.01,113,59664,买盘
1429,11:16:24,5.27,-0.01,66,34782,卖盘
1430,11:16:21,5.28,0.01,1,528,买盘
1431,11:16:18,5.27,--,256,134912,卖盘
1432,11:16:15,5.27,--,364,191827,买盘
1433,11:16:12,5.27,--,205,108034,买盘
1434,11:16:09,5.27,--,149,78523,买盘
1435,11:16:00,5.27,--,92,48483,买盘
1436,11:15:57,5.27,--,67,35309,买盘
1437,11:15:54,5.27,--,2,1054,买盘
1438,11:15:51,5.27,--,15,7904,买盘
1439,11:15:48,5.27,--,1,527,买盘
1440,11:15:45,5.27,-0.01,1163,612901,卖盘
1441,11:15:39,5.28,--,2,1056,买盘
1442,11:15:36,5.28,--,4,2112,买盘
1443,11:15:27,5.28,--,40,21120,买盘
1444,11:15:21,5.28,0.01,21,11088,买盘
1445,11:15:12,5.27,--,10,5270,卖盘
1446,11:15:09,5.27,--,96,50591,卖盘
1447,11:15:03,5.27,--,212,111723,卖盘
1448,11:15:00,5.27,0.01,5,2635,中性盘
1449,11:14:57,5.26,-0.01,31,16306,卖盘
1450,11:14:51,5.27,-0.01,2,1054,卖盘
1451,11:14:48,5.28,0.01,193,101904,买盘
1452,11:14:42,5.27,--,28,14755,卖盘
1453,11:14:39,5.27,-0.01,60,31619,卖盘
1454,11:14:36,5.28,0.01,14,7392,买盘
1455,11:14:33,5.27,-0.01,27,14228,卖盘
1456,11:14:27,5.28,0.01,51,26928,买盘
1457,11:14:24,5.27,--,153,80631,买盘
1458,11:14:21,5.27,--,14,7377,买盘
1459,11:14:18,5.27,--,194,102237,卖盘
1460,11:14:15,5.27,--,5,2635,卖盘
1461,11:14:06,5.27,--,316,166532,买盘
1462,11:14:03,5.27,--,216,113831,买盘
1463,11:14:00,5.27,0.01,53,27930,买盘
1464,11:13:57,5.26,-0.01,47,24722,卖盘
1465,11:13:54,5.27,-0.01,296,155992,卖盘
1466,11:13:51,5.28,--,220,116160,买盘
1467,11:13:45,5.28,0.01,248,130944,买盘
1468,11:13:39,5.27,--,20,10540,卖盘
1469,11:13:36,5.27,-0.01,20,10540,卖盘
1470,11:13:33,5.28,0.01,78,41184,买盘
1471,11:13:27,5.27,-0.01,48,25295,卖盘
1472,11:13:24,5.28,0.01,60,31680,买盘
1473,11:13:21,5.27,--,167,88009,卖盘
1474,11:13:18,5.27,-0.01,1,527,卖盘
1475,11:13:15,5.28,0.02,260,137280,买盘
1476,11:13:09,5.26,--,50,26300,卖盘
1477,11:13:06,5.26,-0.01,1075,565450,卖盘
1478,11:12:57,5.27,0.01,70,36890,买盘
1479,11:12:54,5.26,--,149,78374,卖盘
1480,11:12:51,5.26,-0.01,125,65750,卖盘
1481,11:12:48,5.27,--,7,3688,买盘
1482,11:12:45,5.27,--,161,84847,买盘
1483,11:12:33,5.27,--,82,43214,买盘
1484,11:12:30,5.27,--,15,7904,买盘
1485,11:12:21,5.27,--,557,293539,卖盘
1486,11:12:18,5.27,-0.01,4,2108,卖盘
1487,11:12:15,5.28,0.01,7,3696,买盘
1488,11:12:12,5.27,--,148,77996,卖盘
1489,11:12:06,5.27,-0.01,5,2635,卖盘
1490,11:12:03,5.28,0.01,16,8448,买盘
1491,11:12:00,5.27,--,10,5270,卖盘
1492,11:11:57,5.27,--,80,42160,卖盘
1493,11:11:39,5.27,--,127,66929,卖盘
1494,11:11:36,5.27,-0.01,30,15809,卖盘
1495,11:11:33,5.28,0.01,204,107712,买盘
1496,11:11:27,5.27,--,4,2108,卖盘
1497,11:11:24,5.27,--,60,31619,卖盘
1498,11:11:21,5.27,--,20,10540,卖盘
1499,11:11:18,5.27,--,245,129114,卖盘
1500,11:11:15,5.27,--,54,28457,卖盘
1501,11:11:09,5.27,--,227,119628,买盘
1502,11:11:00,5.27,--,23,12120,买盘
1503,11:10:57,5.27,--,20,10540,买盘
1504,11:10:54,5.27,--,488,257175,卖盘
1505,11:10:48,5.27,--,34,17918,卖盘
1506,11:10:45,5.27,--,153,80631,卖盘
1507,11:10:42,5.27,--,104,54807,卖盘
1508,11:10:39,5.27,--,26,13701,卖盘
1509,11:10:33,5.27,--,27,14228,卖盘
1510,11:10:30,5.27,--,11,5796,卖盘
1511,11:10:27,5.27,0.01,112,59023,买盘
1512,11:10:24,5.26,--,134,70484,卖盘
1513,11:10:15,5.26,--,105,55671,买盘
1514,11:10:12,5.26,--,81,42606,买盘
1515,11:10:09,5.26,--,109,57418,卖盘
1516,11:10:06,5.26,--,46,24637,买盘
1517,11:10:03,5.26,--,18,9468,买盘
1518,11:10:00,5.26,--,30,15780,买盘
1519,11:09:57,5.26,-0.01,602,316736,卖盘
1520,11:09:51,5.27,0.01,33,17391,买盘
1521,11:09:45,5.26,-0.01,675,355050,卖盘
1522,11:09:42,5.27,--,477,251378,买盘
1523,11:09:36,5.27,--,62,32673,买盘
1524,11:09:33,5.27,0.01,179,94332,买盘
1525,11:09:30,5.26,--,79,41554,卖盘
1526,11:09:27,5.26,--,289,152014,卖盘
1527,11:09:24,5.26,-0.01,251,132026,卖盘
1528,11:09:21,5.27,--,40,21080,买盘
1529,11:09:18,5.27,0.01,91,47956,买盘
1530,11:09:09,5.26,--,15,7890,卖盘
1531,11:09:06,5.26,-0.01,70,36820,卖盘
1532,11:09:03,5.27,0.01,47,24768,买盘
1533,11:09:00,5.26,--,80,42080,卖盘
1534,11:08:57,5.26,--,288,151488,卖盘
1535,11:08:51,5.26,--,117,61542,卖盘
1536,11:08:48,5.26,--,51,26826,卖盘
1537,11:08:45,5.26,--,130,68380,卖盘
1538,11:08:42,5.26,--,79,41554,卖盘
1539,11:08:39,5.26,--,66,34716,卖盘
1540,11:08:33,5.26,--,78,41028,卖盘
1541,11:08:30,5.26,--,143,75218,卖盘
1542,11:08:27,5.26,--,247,130363,买盘
1543,11:08:21,5.26,--,62,32696,卖盘
1544,11:08:18,5.26,--,1049,551774,卖盘
1545,11:08:15,5.26,--,20,10520,卖盘
1546,11:08:12,5.26,-0.01,60,31560,卖盘
1547,11:08:09,5.27,0.01,12,6323,买盘
1548,11:08:03,5.26,-0.01,70,36820,卖盘
1549,11:08:00,5.27,--,58,30565,买盘
1550,11:07:57,5.27,--,122,64293,买盘
1551,11:07:54,5.27,--,50,26349,买盘
1552,11:07:51,5.27,0.01,25,13174,买盘
1553,11:07:48,5.26,-0.02,632,332432,卖盘
1554,11:07:45,5.28,--,33,17424,买盘
1555,11:07:39,5.28,0.01,10,5280,买盘
1556,11:07:33,5.27,--,176,92751,卖盘
1557,11:07:30,5.27,--,5,2635,卖盘
1558,11:07:27,5.27,-0.01,100,52699,卖盘
1559,11:07:24,5.28,0.01,55,29040,中性盘
1560,11:07:21,5.27,-0.01,14,7377,卖盘
1561,11:07:15,5.28,0.01,20,10560,中性盘
1562,11:07:09,5.27,-0.01,180,94859,卖盘
1563,11:07:06,5.28,--,82,43296,卖盘
1564,11:07:03,5.28,--,100,52800,卖盘
1565,11:07:00,5.28,--,63,33264,卖盘
1566,11:06:54,5.28,--,92,48576,卖盘
1567,11:06:51,5.28,--,16,8448,卖盘
1568,11:06:45,5.28,--,58,30624,卖盘
1569,11:06:42,5.28,--,19,10032,卖盘
1570,11:06:39,5.28,-0.01,40,21120,卖盘
1571,11:06:36,5.29,0.01,37,19573,买盘
1572,11:06:33,5.28,-0.01,13,6864,卖盘
1573,11:06:30,5.29,0.01,110,58190,买盘
1574,11:06:27,5.28,-0.01,9,4752,卖盘
1575,11:06:24,5.29,0.01,39,20631,买盘
1576,11:06:21,5.28,-0.01,3,1584,卖盘
1577,11:06:18,5.29,0.01,3,1587,买盘
1578,11:06:15,5.28,--,6,3168,卖盘
1579,11:06:12,5.28,-0.01,97,51216,卖盘
1580,11:06:09,5.29,0.01,20,10580,买盘
1581,11:06:00,5.28,--,138,72864,卖盘
1582,11:05:57,5.28,-0.01,16,8448,卖盘
1583,11:05:51,5.29,0.01,10,5290,买盘
1584,11:05:45,5.28,--,153,81227,卖盘
1585,11:05:42,5.28,-0.01,33,17424,卖盘
1586,11:05:39,5.29,--,20,10580,买盘
1587,11:05:30,5.29,--,118,62422,买盘
1588,11:05:27,5.29,--,22,11638,买盘
1589,11:05:24,5.29,--,7,3703,买盘
1590,11:05:18,5.29,--,100,52900,买盘
1591,11:05:15,5.29,--,214,113206,卖盘
1592,11:05:09,5.29,-0.01,13,6877,卖盘
1593,11:05:06,5.3,--,27,14310,买盘
1594,11:05:03,5.3,0.01,10,5300,买盘
1595,11:05:00,5.29,--,51,26979,卖盘
1596,11:04:57,5.29,-0.01,11,5819,卖盘
1597,11:04:54,5.3,-0.01,124,65720,买盘
1598,11:04:42,5.31,0.01,160,84960,买盘
1599,11:04:33,5.3,-0.01,538,285140,卖盘
1600,11:04:21,5.31,--,59,31328,卖盘
1601,11:04:18,5.31,--,68,36108,卖盘
1602,11:04:15,5.31,--,50,26549,卖盘
1603,11:04:12,5.31,--,84,44604,卖盘
1604,11:04:09,5.31,0.01,632,335592,买盘
1605,11:04:06,5.3,-0.01,131,69430,卖盘
1606,11:04:03,5.31,0.01,114,60533,买盘
1607,11:04:00,5.3,--,6,3180,卖盘
1608,11:03:57,5.3,--,20,10600,卖盘
1609,11:03:54,5.3,--,148,78440,卖盘
1610,11:03:51,5.3,--,50,26500,卖盘
1611,11:03:48,5.3,--,56,29680,卖盘
1612,11:03:45,5.3,0.01,367,194510,买盘
1613,11:03:42,5.29,--,30,15870,卖盘
1614,11:03:36,5.29,--,53,28037,卖盘
1615,11:03:27,5.29,--,64,33856,卖盘
1616,11:03:24,5.29,-0.01,71,37559,卖盘
1617,11:03:21,5.3,--,51,27030,买盘
1618,11:03:18,5.3,0.01,20,10600,买盘
1619,11:03:12,5.29,--,6,3174,卖盘
1620,11:03:09,5.29,--,11,5819,卖盘
1621,11:03:06,5.29,--,26,13754,买盘
1622,11:03:03,5.29,0.01,250,132250,买盘
1623,11:02:57,5.28,--,56,29568,卖盘
1624,11:02:54,5.28,--,1,528,卖盘
1625,11:02:51,5.28,--,110,58080,卖盘
1626,11:02:48,5.28,--,1,528,卖盘
1627,11:02:45,5.28,--,10,5280,卖盘
1628,11:02:42,5.28,--,406,214368,买盘
1629,11:02:39,5.28,--,3,1584,买盘
1630,11:02:36,5.28,--,25,13200,买盘
1631,11:02:33,5.28,0.01,310,163680,买盘
1632,11:02:30,5.27,--,20,10540,卖盘
1633,11:02:27,5.27,--,42,22134,卖盘
1634,11:02:21,5.27,0.01,211,111196,买盘
1635,11:02:18,5.26,--,159,83634,卖盘
1636,11:02:15,5.26,-0.01,125,65750,卖盘
1637,11:02:12,5.27,--,546,287742,买盘
1638,11:02:09,5.27,--,286,150722,买盘
1639,11:02:06,5.27,--,126,66402,买盘
1640,11:02:03,5.27,--,20,10540,买盘
1641,11:02:00,5.27,0.01,24,12647,买盘
1642,11:01:57,5.26,-0.01,260,136760,卖盘
1643,11:01:54,5.27,0.01,32,16864,买盘
1644,11:01:51,5.26,--,405,213030,卖盘
1645,11:01:48,5.26,--,117,61542,卖盘
1646,11:01:45,5.26,-0.01,102,53652,卖盘
1647,11:01:42,5.27,--,52,27403,买盘
1648,11:01:39,5.27,0.01,20,10540,买盘
1649,11:01:36,5.26,--,2,1052,卖盘
1650,11:01:33,5.26,--,8,4208,卖盘
1651,11:01:30,5.26,--,10,5260,卖盘
1652,11:01:27,5.26,--,159,83634,卖盘
1653,11:01:24,5.26,--,118,62068,卖盘
1654,11:01:21,5.26,--,50,26300,卖盘
1655,11:01:18,5.26,-0.01,148,77848,卖盘
1656,11:01:12,5.27,--,903,475880,买盘
1657,11:01:06,5.27,--,142,74834,卖盘
1658,11:01:03,5.27,--,72,37944,卖盘
1659,11:01:00,5.27,--,1,527,卖盘
1660,11:00:57,5.27,--,301,158627,卖盘
1661,11:00:54,5.27,--,131,69037,卖盘
1662,11:00:48,5.27,--,87,45848,买盘
1663,11:00:45,5.27,0.01,80,42160,买盘
1664,11:00:39,5.26,-0.01,2026,1065676,卖盘
1665,11:00:36,5.27,--,406,213961,卖盘
1666,11:00:33,5.27,--,10,5270,卖盘
1667,11:00:30,5.27,--,77,40579,卖盘
1668,11:00:27,5.27,--,3,1580,卖盘
1669,11:00:24,5.27,-0.01,209,110142,卖盘
1670,11:00:21,5.28,0.01,647,341616,买盘
1671,11:00:18,5.27,-0.01,48,25295,卖盘
1672,11:00:15,5.28,-0.01,1047,552816,卖盘
1673,11:00:09,5.29,0.01,44,23276,买盘
1674,11:00:03,5.28,--,10,5280,卖盘
1675,11:00:00,5.28,--,1020,538792,卖盘
1676,10:59:51,5.28,--,40,21120,卖盘
1677,10:59:48,5.28,--,24,12672,卖盘
1678,10:59:45,5.28,--,487,257136,卖盘
1679,10:59:42,5.28,--,346,182983,卖盘
1680,10:59:39,5.28,-0.01,195,102960,卖盘
1681,10:59:36,5.29,0.01,210,111090,买盘
1682,10:59:33,5.28,-0.01,5,2640,卖盘
1683,10:59:30,5.29,0.01,213,112677,买盘
1684,10:59:27,5.28,-0.01,77,40656,卖盘
1685,10:59:18,5.29,--,82,43378,买盘
1686,10:59:15,5.29,--,16,8464,买盘
1687,10:59:12,5.29,--,360,190440,卖盘
1688,10:59:09,5.29,-0.01,1200,634800,卖盘
1689,10:59:03,5.3,--,1,530,买盘
1690,10:58:57,5.3,--,5,2650,买盘
1691,10:58:51,5.3,--,42,22260,买盘
1692,10:58:48,5.3,--,916,485480,卖盘
1693,10:58:45,5.3,-0.01,200,106000,卖盘
1694,10:58:42,5.31,0.01,59,31328,买盘
1695,10:58:33,5.3,--,25,13250,卖盘
1696,10:58:30,5.3,-0.01,115,60950,卖盘
1697,10:58:27,5.31,0.01,118,62657,买盘
1698,10:58:24,5.3,--,21,11130,卖盘
1699,10:58:18,5.3,-0.01,30,15900,卖盘
1700,10:58:12,5.31,0.01,210,111509,买盘
1701,10:58:09,5.3,-0.01,3,1590,卖盘
1702,10:58:06,5.31,0.01,127,67437,买盘
1703,10:58:03,5.3,--,27,14310,卖盘
1704,10:57:48,5.3,-0.01,111,58830,卖盘
1705,10:57:42,5.31,--,362,192222,买盘
1706,10:57:39,5.31,0.01,75,39825,买盘
1707,10:57:33,5.3,--,235,124550,卖盘
1708,10:57:30,5.3,--,14,7420,卖盘
1709,10:57:21,5.3,-0.01,20,10600,卖盘
1710,10:57:15,5.31,0.01,5,2655,买盘
1711,10:57:09,5.3,--,1,530,卖盘
1712,10:57:06,5.3,-0.01,109,57770,卖盘
1713,10:57:03,5.31,0.01,501,266031,买盘
1714,10:57:00,5.3,--,60,31800,卖盘
1715,10:56:53,5.3,--,5,2650,卖盘
1716,10:56:47,5.3,-0.01,35,18550,卖盘
1717,10:56:44,5.31,0.01,5,2655,买盘
1718,10:56:38,5.3,--,25,13250,卖盘
1719,10:56:35,5.3,--,84,44520,卖盘
1720,10:56:32,5.3,-0.01,162,85860,卖盘
1721,10:56:26,5.31,--,242,128501,买盘
1722,10:56:23,5.31,0.01,40,21240,买盘
1723,10:56:20,5.3,-0.01,30,15900,卖盘
1724,10:56:17,5.31,0.01,20,10620,买盘
1725,10:56:05,5.3,-0.01,792,419760,卖盘
1726,10:56:02,5.31,--,64,33984,卖盘
1727,10:55:53,5.31,--,1016,539496,卖盘
1728,10:55:47,5.31,-0.01,27,14336,卖盘
1729,10:55:44,5.32,0.01,21,11172,买盘
1730,10:55:41,5.31,-0.01,10,5310,卖盘
1731,10:55:32,5.32,--,100,53200,买盘
1732,10:55:29,5.32,--,4,2128,买盘
1733,10:55:26,5.32,0.01,20,10640,买盘
1734,10:55:17,5.31,--,431,228860,卖盘
1735,10:55:14,5.31,-0.01,3,1592,卖盘
1736,10:55:11,5.32,--,11,5852,买盘
1737,10:55:08,5.32,--,17,9044,买盘
1738,10:55:05,5.32,--,156,82992,买盘
1739,10:55:02,5.32,--,66,35112,买盘
1740,10:54:59,5.32,--,16,8512,买盘
1741,10:54:53,5.32,--,100,53200,买盘
1742,10:54:47,5.32,0.01,30,15960,买盘
1743,10:54:44,5.31,-0.01,6,3185,卖盘
1744,10:54:41,5.32,--,403,214396,买盘
1745,10:54:38,5.32,0.01,21,11172,买盘
1746,10:54:32,5.31,-0.01,6,3185,卖盘
1747,10:54:29,5.32,0.01,17,9044,买盘
1748,10:54:20,5.31,--,40,21240,卖盘
1749,10:54:08,5.31,-0.01,5,2655,卖盘
1750,10:54:02,5.32,0.01,6,3192,买盘
1751,10:53:47,5.31,-0.01,47,24956,卖盘
1752,10:53:44,5.32,--,20,10640,买盘
1753,10:53:41,5.32,0.01,10,5320,买盘
1754,10:53:38,5.31,--,56,29735,卖盘
1755,10:53:35,5.31,--,20,10620,卖盘
1756,10:53:32,5.31,-0.01,72,38232,卖盘
1757,10:53:29,5.32,0.01,207,110124,买盘
1758,10:53:26,5.31,-0.01,10,5310,卖盘
1759,10:53:20,5.32,--,30,15960,买盘
1760,10:53:14,5.32,--,212,112784,买盘
1761,10:53:08,5.32,--,20,10640,买盘
1762,10:53:02,5.32,0.01,10,5320,买盘
1763,10:52:59,5.31,-0.02,50,26549,卖盘
1764,10:52:50,5.33,0.01,106,56498,买盘
1765,10:52:47,5.32,--,100,53338,卖盘
1766,10:52:44,5.32,--,153,81396,卖盘
1767,10:52:38,5.32,--,8,4256,卖盘
1768,10:52:32,5.32,--,753,400989,买盘
1769,10:52:29,5.32,--,44,23408,买盘
1770,10:52:26,5.32,--,160,85120,买盘
1771,10:52:14,5.32,--,100,53200,买盘
1772,10:52:05,5.32,0.01,32,17024,买盘
1773,10:52:02,5.31,-0.01,26,13805,卖盘
1774,10:51:59,5.32,--,20,10640,买盘
1775,10:51:53,5.32,--,44,23408,买盘
1776,10:51:47,5.32,--,87,46284,买盘
1777,10:51:44,5.32,0.01,20,10640,买盘
1778,10:51:41,5.31,--,47,24956,卖盘
1779,10:51:38,5.31,-0.01,52,27611,卖盘
1780,10:51:29,5.32,0.01,123,65436,买盘
1781,10:51:26,5.31,--,100,53099,卖盘
1782,10:51:17,5.31,--,29,15398,卖盘
1783,10:51:14,5.31,--,12,6371,卖盘
1784,10:51:11,5.31,0.01,103,54692,卖盘
1785,10:51:08,5.3,-0.01,60,31800,卖盘
1786,10:51:05,5.31,--,184,97704,买盘
1787,10:51:02,5.31,--,13,6902,买盘
1788,10:50:53,5.31,0.01,9,4779,买盘
1789,10:50:50,5.3,-0.01,12,6360,卖盘
1790,10:50:47,5.31,0.01,545,289395,买盘
1791,10:50:38,5.3,--,45,23850,卖盘
1792,10:50:35,5.3,--,42,22260,卖盘
1793,10:50:32,5.3,-0.01,185,98050,卖盘
1794,10:50:29,5.31,0.01,24,12743,买盘
1795,10:50:26,5.3,--,30,15900,卖盘
1796,10:50:23,5.3,--,99,52470,卖盘
1797,10:50:20,5.3,-0.01,30,15900,卖盘
1798,10:50:14,5.31,0.01,197,104606,买盘
1799,10:50:08,5.3,-0.01,50,26500,卖盘
1800,10:50:05,5.31,0.01,10,5310,买盘
1801,10:50:02,5.3,--,281,149290,卖盘
1802,10:49:59,5.3,--,3,1590,卖盘
1803,10:49:56,5.3,-0.01,595,315350,卖盘
1804,10:49:53,5.31,0.01,5,2655,买盘
1805,10:49:47,5.3,--,80,42400,卖盘
1806,10:49:44,5.3,--,159,84270,卖盘
1807,10:49:35,5.3,--,4,2120,卖盘
1808,10:49:32,5.3,--,43,22853,卖盘
1809,10:49:26,5.3,-0.01,2,1060,卖盘
1810,10:49:23,5.31,0.01,11,5841,买盘
1811,10:49:20,5.3,--,118,62540,卖盘
1812,10:49:17,5.3,--,84,44520,卖盘
1813,10:49:14,5.3,--,331,175430,买盘
1814,10:49:11,5.3,--,21,11130,买盘
1815,10:49:08,5.3,--,209,110770,卖盘
1816,10:49:05,5.3,--,317,168010,卖盘
1817,10:49:02,5.3,--,50,26500,卖盘
1818,10:48:56,5.3,--,34,18020,卖盘
1819,10:48:53,5.3,--,46,24380,买盘
1820,10:48:50,5.3,--,30,15900,卖盘
1821,10:48:47,5.3,0.01,39,20670,中性盘
1822,10:48:44,5.29,-0.02,238,125902,卖盘
1823,10:48:38,5.31,0.02,422,224081,买盘
1824,10:48:35,5.29,--,634,335386,卖盘
1825,10:48:32,5.29,--,114,60306,卖盘
1826,10:48:29,5.29,-0.01,3,1587,卖盘
1827,10:48:26,5.3,0.01,168,89040,买盘
1828,10:48:23,5.29,-0.01,283,149707,卖盘
1829,10:48:20,5.3,--,2,1060,买盘
1830,10:48:14,5.3,--,315,166950,买盘
1831,10:48:11,5.3,-0.01,43,22790,中性盘
1832,10:48:08,5.31,0.01,380,201779,买盘
1833,10:48:05,5.3,--,30,15900,买盘
1834,10:48:02,5.3,--,495,262350,卖盘
1835,10:47:59,5.3,--,40,21200,卖盘
1836,10:47:56,5.3,--,160,84800,卖盘
1837,10:47:53,5.3,--,64,33920,卖盘
1838,10:47:50,5.3,--,3,1590,卖盘
1839,10:47:47,5.3,--,40,21200,卖盘
1840,10:47:44,5.3,--,23,12190,卖盘
1841,10:47:41,5.3,--,123,65190,卖盘
1842,10:47:35,5.3,--,246,130380,卖盘
1843,10:47:29,5.3,-0.01,2035,1078550,卖盘
1844,10:47:23,5.31,0.01,10,5310,买盘
1845,10:47:20,5.3,--,52,27560,卖盘
1846,10:47:17,5.3,--,47,24910,卖盘
1847,10:47:14,5.3,-0.01,29,15370,卖盘
1848,10:47:11,5.31,--,50,26549,买盘
1849,10:47:05,5.31,0.01,90,47790,买盘
1850,10:47:02,5.3,-0.01,124,65720,卖盘
1851,10:46:59,5.31,--,625,331875,卖盘
1852,10:46:56,5.31,--,5,2655,卖盘
1853,10:46:53,5.31,--,130,69030,卖盘
1854,10:46:47,5.31,--,387,205496,卖盘
1855,10:46:44,5.31,--,73,38763,卖盘
1856,10:46:38,5.31,--,36,19116,卖盘
1857,10:46:35,5.31,--,216,114695,卖盘
1858,10:46:32,5.31,--,53,28142,卖盘
1859,10:46:29,5.31,--,34,18054,卖盘
1860,10:46:23,5.31,0.01,1012,537372,买盘
1861,10:46:20,5.3,-0.01,43,22790,卖盘
1862,10:46:17,5.31,0.01,61,32390,买盘
1863,10:46:11,5.3,-0.01,204,108120,卖盘
1864,10:46:08,5.31,--,111,58940,买盘
1865,10:46:02,5.31,--,96,50975,买盘
1866,10:45:53,5.31,--,58,30797,买盘
1867,10:45:50,5.31,--,1,531,买盘
1868,10:45:47,5.31,--,37,19647,买盘
1869,10:45:44,5.31,--,11,5841,买盘
1870,10:45:41,5.31,--,143,75933,买盘
1871,10:45:35,5.31,-0.01,100,53099,卖盘
1872,10:45:32,5.32,0.01,20,10640,买盘
1873,10:45:29,5.31,--,122,64781,卖盘
1874,10:45:26,5.31,-0.01,62,32922,卖盘
1875,10:45:23,5.32,0.02,60,31920,买盘
1876,10:45:20,5.3,-0.02,777,411810,卖盘
1877,10:45:08,5.32,--,32,17024,买盘
1878,10:45:05,5.32,--,20,10640,买盘
1879,10:44:59,5.32,0.01,727,386764,买盘
1880,10:44:56,5.31,-0.01,14,7433,卖盘
1881,10:44:53,5.32,--,27,14364,买盘
1882,10:44:47,5.32,--,78,41496,买盘
1883,10:44:44,5.32,--,25,13300,买盘
1884,10:44:38,5.32,--,58,30856,买盘
1885,10:44:35,5.32,--,22,11704,买盘
1886,10:44:32,5.32,--,530,281960,买盘
1887,10:44:29,5.32,--,11,5852,买盘
1888,10:44:26,5.32,0.01,181,96292,买盘
1889,10:44:23,5.31,--,150,79650,卖盘
1890,10:44:20,5.31,-0.01,250,132750,卖盘
1891,10:44:17,5.32,0.01,4,2128,买盘
1892,10:44:14,5.31,-0.01,217,115226,卖盘
1893,10:44:11,5.32,0.01,59,31388,买盘
1894,10:44:05,5.31,--,10,5310,卖盘
1895,10:44:02,5.31,--,85,45135,卖盘
1896,10:43:59,5.31,--,20,10620,卖盘
1897,10:43:56,5.31,-0.01,10,5310,卖盘
1898,10:43:53,5.32,0.01,224,119168,买盘
1899,10:43:47,5.31,--,20,10620,卖盘
1900,10:43:44,5.31,--,93,49383,卖盘
1901,10:43:41,5.31,--,80,42480,卖盘
1902,10:43:38,5.31,--,32,17268,买盘
1903,10:43:35,5.31,--,472,250631,买盘
1904,10:43:32,5.31,0.01,60,31859,买盘
1905,10:43:29,5.3,--,216,114480,卖盘
1906,10:43:26,5.3,-0.01,495,262350,卖盘
1907,10:43:20,5.31,0.01,100,53099,买盘
1908,10:43:17,5.3,--,72,38160,卖盘
1909,10:43:14,5.3,-0.01,89,47170,卖盘
1910,10:43:11,5.31,0.01,77,40887,买盘
1911,10:43:08,5.3,-0.01,15,7950,卖盘
1912,10:43:05,5.31,0.01,44,23364,买盘
1913,10:43:02,5.3,--,3,1590,卖盘
1914,10:42:56,5.3,-0.01,13,6890,中性盘
1915,10:42:53,5.31,--,259,137529,买盘
1916,10:42:47,5.31,0.01,113,60002,买盘
1917,10:42:44,5.3,0.01,640,339200,买盘
1918,10:42:41,5.29,--,339,179331,卖盘
1919,10:42:38,5.29,-0.01,232,122728,卖盘
1920,10:42:35,5.3,--,19,10070,买盘
1921,10:42:32,5.3,--,68,36040,买盘
1922,10:42:29,5.3,--,222,117660,买盘
1923,10:42:26,5.3,--,529,280370,买盘
1924,10:42:23,5.3,--,758,401740,卖盘
1925,10:42:20,5.3,--,129,68370,卖盘
1926,10:42:17,5.3,--,90,47700,买盘
1927,10:42:14,5.3,--,146,77380,买盘
1928,10:42:11,5.3,--,64,33920,卖盘
1929,10:42:08,5.3,--,989,524170,买盘
1930,10:42:05,5.3,--,59,31270,买盘
1931,10:42:02,5.3,--,1691,896230,卖盘
1932,10:41:56,5.3,--,227,120310,卖盘
1933,10:41:53,5.3,-0.01,283,149990,卖盘
1934,10:41:47,5.31,0.01,762,404621,买盘
1935,10:41:44,5.3,--,64,33920,卖盘
1936,10:41:41,5.3,--,204,108120,卖盘
1937,10:41:38,5.3,-0.01,1080,572400,卖盘
1938,10:41:35,5.31,--,116,61595,买盘
1939,10:41:32,5.31,--,408,216647,买盘
1940,10:41:29,5.31,--,1749,928718,卖盘
1941,10:41:26,5.31,-0.01,178,94518,卖盘
1942,10:41:20,5.32,0.01,170,90440,买盘
1943,10:41:17,5.31,--,60,31859,卖盘
1944,10:41:14,5.31,--,749,397718,卖盘
1945,10:41:11,5.31,-0.01,383,203372,卖盘
1946,10:41:08,5.32,--,28,14896,买盘
1947,10:41:05,5.32,--,2,1064,买盘
1948,10:41:02,5.32,--,163,86950,卖盘
1949,10:40:59,5.32,--,2217,1179741,卖盘
1950,10:40:56,5.32,-0.01,247,131404,卖盘
1951,10:40:53,5.33,0.01,15,7995,买盘
1952,10:40:50,5.32,-0.01,258,137256,卖盘
1953,10:40:47,5.33,0.01,309,164697,买盘
1954,10:40:38,5.32,-0.01,75,39900,卖盘
1955,10:40:35,5.33,--,66,35178,买盘
1956,10:40:32,5.33,-0.01,403,214799,卖盘
1957,10:40:29,5.34,0.01,295,157530,买盘
1958,10:40:26,5.33,--,216,115128,卖盘
1959,10:40:23,5.33,-0.01,85,45305,卖盘
1960,10:40:17,5.34,0.01,30,16020,买盘
1961,10:40:14,5.33,--,496,264368,卖盘
1962,10:40:11,5.33,-0.01,8,4264,卖盘
1963,10:40:08,5.34,-0.01,3,1602,中性盘
1964,10:40:05,5.35,--,806,431210,买盘
1965,10:40:02,5.35,0.01,51,27285,买盘
1966,10:39:56,5.34,--,339,181026,卖盘
1967,10:39:53,5.34,--,140,74760,卖盘
1968,10:39:50,5.34,-0.01,190,101460,卖盘
1969,10:39:47,5.35,0.01,4,2140,买盘
1970,10:39:41,5.34,-0.01,103,55002,卖盘
1971,10:39:38,5.35,--,50,26750,买盘
1972,10:39:35,5.35,--,75,40125,卖盘
1973,10:39:29,5.35,--,61,32634,卖盘
1974,10:39:26,5.35,--,100,53500,卖盘
1975,10:39:23,5.35,--,132,70620,卖盘
1976,10:39:20,5.35,--,66,35310,卖盘
1977,10:39:17,5.35,--,30,16049,卖盘
1978,10:39:11,5.35,--,108,57779,卖盘
1979,10:38:53,5.35,-0.01,5,2675,卖盘
1980,10:38:50,5.36,0.01,280,150080,买盘
1981,10:38:47,5.35,--,100,53500,卖盘
1982,10:38:38,5.35,-0.01,13,6954,卖盘
1983,10:38:32,5.36,--,9,4824,买盘
1984,10:38:26,5.36,0.01,6,3216,买盘
1985,10:38:20,5.35,--,12,6420,卖盘
1986,10:38:17,5.35,-0.01,9,4815,卖盘
1987,10:38:11,5.36,0.01,4,2144,买盘
1988,10:38:05,5.35,-0.01,86,46010,卖盘
1989,10:38:02,5.36,0.01,398,213328,买盘
1990,10:37:56,5.35,--,102,54570,卖盘
1991,10:37:50,5.35,-0.01,25,13375,卖盘
1992,10:37:47,5.36,0.01,284,152224,买盘
1993,10:37:41,5.35,--,143,76505,卖盘
1994,10:37:38,5.35,--,50,26750,卖盘
1995,10:37:29,5.35,-0.01,25,13375,卖盘
1996,10:37:26,5.36,--,3,1608,买盘
1997,10:37:23,5.36,0.01,10,5360,买盘
1998,10:37:20,5.35,--,1,535,卖盘
1999,10:37:17,5.35,--,2,1070,卖盘
2000,10:37:11,5.35,--,5,2675,卖盘
2001,10:36:59,5.35,-0.01,1000,535000,卖盘
2002,10:36:46,5.36,--,219,117384,买盘
2003,10:36:43,5.36,--,100,53600,买盘
2004,10:36:34,5.36,--,37,19832,买盘
2005,10:36:28,5.36,--,29,15544,买盘
2006,10:36:10,5.36,0.01,8,4288,买盘
2007,10:36:07,5.35,-0.01,85,45475,卖盘
2008,10:36:04,5.36,--,4,2144,买盘
2009,10:35:55,5.36,--,10,5360,买盘
2010,10:35:49,5.36,--,300,160800,买盘
2011,10:35:43,5.36,--,10,5360,买盘
2012,10:35:37,5.36,--,30,16080,买盘
2013,10:35:28,5.36,--,475,254600,买盘
2014,10:35:25,5.36,--,5,2680,买盘
2015,10:35:19,5.36,--,10,5360,买盘
2016,10:35:16,5.36,0.01,54,28944,买盘
2017,10:35:13,5.35,-0.01,14,7489,卖盘
2018,10:35:04,5.36,0.01,11,5896,买盘
2019,10:34:58,5.35,-0.01,30,16049,卖盘
2020,10:34:52,5.36,--,200,107200,买盘
2021,10:34:49,5.36,--,6,3216,买盘
2022,10:34:46,5.36,--,20,10720,买盘
2023,10:34:43,5.36,--,13,6968,买盘
2024,10:34:37,5.36,--,60,32160,买盘
2025,10:34:22,5.36,0.01,100,53600,买盘
2026,10:34:16,5.35,--,47,25145,卖盘
2027,10:34:01,5.35,--,1,535,卖盘
2028,10:33:55,5.35,--,77,41195,卖盘
2029,10:33:52,5.35,-0.01,5,2675,卖盘
2030,10:33:34,5.36,0.01,25,13400,买盘
2031,10:33:31,5.35,--,211,112884,卖盘
2032,10:33:19,5.35,--,92,49220,卖盘
2033,10:33:16,5.35,-0.01,214,114489,卖盘
2034,10:33:10,5.36,--,5,2680,买盘
2035,10:33:07,5.36,--,664,355904,买盘
2036,10:33:04,5.36,--,100,53600,买盘
2037,10:33:01,5.36,--,16,8576,买盘
2038,10:32:52,5.36,--,39,20904,买盘
2039,10:32:49,5.36,0.01,100,53600,买盘
2040,10:32:46,5.35,-0.01,5,2675,卖盘
2041,10:32:43,5.36,--,13,6968,买盘
2042,10:32:25,5.36,0.01,10,5360,买盘
2043,10:32:22,5.35,--,21,11235,卖盘
2044,10:32:19,5.35,--,3,1605,卖盘
2045,10:32:16,5.35,--,3,1605,卖盘
2046,10:32:13,5.35,--,3,1605,卖盘
2047,10:32:10,5.35,--,5,2675,卖盘
2048,10:32:04,5.35,--,10,5350,卖盘
2049,10:31:58,5.35,--,28,14979,卖盘
2050,10:31:55,5.35,--,14,7489,买盘
2051,10:31:52,5.35,-0.01,88,47080,卖盘
2052,10:31:49,5.36,0.02,40,21440,买盘
2053,10:31:40,5.34,--,30,16020,卖盘
2054,10:31:34,5.34,-0.01,6,3204,卖盘
2055,10:31:31,5.35,--,30,16049,买盘
2056,10:31:22,5.35,--,172,92020,卖盘
2057,10:31:19,5.35,--,1,535,买盘
2058,10:31:13,5.35,--,21,11235,买盘
2059,10:31:10,5.35,--,52,27819,买盘
2060,10:31:07,5.35,0.01,3,1605,买盘
2061,10:31:04,5.34,-0.01,106,56604,卖盘
2062,10:31:01,5.35,0.01,205,109674,买盘
2063,10:30:58,5.34,-0.01,12,6408,卖盘
2064,10:30:55,5.35,--,10,5350,买盘
2065,10:30:52,5.35,--,263,140705,卖盘
2066,10:30:43,5.35,--,1,535,卖盘
2067,10:30:40,5.35,--,331,177085,卖盘
2068,10:30:34,5.35,-0.01,307,164245,卖盘
2069,10:30:22,5.36,--,3,1608,买盘
2070,10:30:13,5.36,--,9,4824,买盘
2071,10:30:07,5.36,--,24,12864,买盘
2072,10:30:04,5.36,0.01,43,23048,买盘
2073,10:30:01,5.35,--,1,535,卖盘
2074,10:29:58,5.35,-0.01,140,74900,卖盘
2075,10:29:52,5.36,--,27,14472,买盘
2076,10:29:49,5.36,0.02,153,82008,买盘
2077,10:29:40,5.34,--,302,161406,卖盘
2078,10:29:37,5.34,-0.01,68,36312,卖盘
2079,10:29:34,5.35,--,129,69015,买盘
2080,10:29:31,5.35,--,138,73830,买盘
2081,10:29:28,5.35,0.01,1,535,买盘
2082,10:29:25,5.34,-0.01,78,41652,卖盘
2083,10:29:22,5.35,--,253,135355,买盘
2084,10:29:19,5.35,--,19,10165,买盘
2085,10:29:16,5.35,--,7,3744,买盘
2086,10:29:13,5.35,--,490,262150,买盘
2087,10:29:10,5.35,--,23,12305,买盘
2088,10:29:01,5.35,--,200,107000,买盘
2089,10:28:58,5.35,--,22,11770,买盘
2090,10:28:55,5.35,--,126,67410,买盘
2091,10:28:52,5.35,0.01,52,27819,买盘
2092,10:28:49,5.34,--,30,16020,卖盘
2093,10:28:46,5.34,-0.01,1,534,卖盘
2094,10:28:43,5.35,--,5,2675,买盘
2095,10:28:40,5.35,--,10,5350,买盘
2096,10:28:37,5.35,0.01,12,6420,买盘
2097,10:28:31,5.34,-0.01,9,4806,卖盘
2098,10:28:28,5.35,--,3,1605,买盘
2099,10:28:25,5.35,0.01,171,91485,买盘
2100,10:28:19,5.34,-0.01,104,55536,卖盘
2101,10:28:13,5.35,--,91,48685,买盘
2102,10:28:10,5.35,--,15,8024,买盘
2103,10:28:01,5.35,0.01,104,55639,买盘
2104,10:27:55,5.34,--,37,19758,卖盘
2105,10:27:52,5.34,--,140,74760,卖盘
2106,10:27:49,5.34,-0.01,12,6408,卖盘
2107,10:27:43,5.35,--,1,535,买盘
2108,10:27:40,5.35,--,1,535,买盘
2109,10:27:37,5.35,--,18,9630,买盘
2110,10:27:34,5.35,--,10,5350,买盘
2111,10:27:31,5.35,--,10,5350,买盘
2112,10:27:25,5.35,--,11,5885,买盘
2113,10:27:19,5.35,0.01,9,4815,买盘
2114,10:27:13,5.34,-0.01,100,53400,卖盘
2115,10:27:10,5.35,--,5,2675,买盘
2116,10:27:07,5.35,0.01,100,53500,买盘
2117,10:27:04,5.34,-0.01,138,73692,卖盘
2118,10:26:58,5.35,0.01,1,535,买盘
2119,10:26:55,5.34,-0.01,13,6942,卖盘
2120,10:26:52,5.35,--,228,121979,买盘
2121,10:26:46,5.35,0.01,14,7489,买盘
2122,10:26:43,5.34,-0.01,140,74760,卖盘
2123,10:26:40,5.35,0.01,30,16049,买盘
2124,10:26:37,5.34,--,41,21894,卖盘
2125,10:26:34,5.34,--,22,11748,卖盘
2126,10:26:22,5.34,--,226,120684,卖盘
2127,10:26:16,5.34,--,13,6942,卖盘
2128,10:26:13,5.34,--,17,9078,买盘
2129,10:26:10,5.34,--,55,29370,买盘
2130,10:26:04,5.34,0.01,350,186900,买盘
2131,10:26:01,5.33,-0.01,35,18655,卖盘
2132,10:25:58,5.34,--,1,534,卖盘
2133,10:25:55,5.34,0.01,137,73158,中性盘
2134,10:25:52,5.33,--,1754,934882,卖盘
2135,10:25:49,5.33,--,112,59696,卖盘
2136,10:25:37,5.33,-0.01,10,5330,卖盘
2137,10:25:34,5.34,--,23,12282,买盘
2138,10:25:31,5.34,--,273,145782,买盘
2139,10:25:28,5.34,0.01,10,5340,买盘
2140,10:25:25,5.33,--,84,44772,卖盘
2141,10:25:22,5.33,-0.01,974,519142,卖盘
2142,10:25:19,5.34,0.01,19,10146,买盘
2143,10:25:13,5.33,--,4,2132,卖盘
2144,10:25:10,5.33,-0.01,2,1066,卖盘
2145,10:25:01,5.34,--,10,5340,买盘
2146,10:24:58,5.34,--,280,150000,卖盘
2147,10:24:52,5.34,-0.01,25,13350,卖盘
2148,10:24:49,5.35,0.01,330,176550,买盘
2149,10:24:46,5.34,--,347,185298,卖盘
2150,10:24:43,5.34,-0.01,20,10680,卖盘
2151,10:24:40,5.35,0.01,3,1605,买盘
2152,10:24:37,5.34,--,50,26700,卖盘
2153,10:24:34,5.34,-0.01,85,45390,卖盘
2154,10:24:28,5.35,0.01,687,367545,买盘
2155,10:24:25,5.34,--,171,91314,卖盘
2156,10:24:19,5.34,--,215,114810,卖盘
2157,10:24:16,5.34,--,82,43788,卖盘
2158,10:24:10,5.34,--,67,35778,卖盘
2159,10:24:07,5.34,--,2,1068,卖盘
2160,10:24:04,5.34,-0.01,9,4806,卖盘
2161,10:24:01,5.35,--,14,7489,买盘
2162,10:23:58,5.35,--,77,41195,买盘
2163,10:23:55,5.35,--,107,57244,买盘
2164,10:23:52,5.35,0.01,5,2675,买盘
2165,10:23:49,5.34,-0.01,24,12816,卖盘
2166,10:23:46,5.35,--,61,32634,买盘
2167,10:23:43,5.35,--,20,10700,买盘
2168,10:23:40,5.35,--,200,107000,买盘
2169,10:23:34,5.35,--,79,42265,买盘
2170,10:23:31,5.35,--,1160,620600,买盘
2171,10:23:28,5.35,--,49,26215,买盘
2172,10:23:25,5.35,--,300,160500,买盘
2173,10:23:19,5.35,0.01,204,109140,买盘
2174,10:23:13,5.34,--,12,6408,卖盘
2175,10:23:04,5.34,--,399,213066,卖盘
2176,10:23:01,5.34,-0.01,6,3204,卖盘
2177,10:22:58,5.35,0.01,7,3744,买盘
2178,10:22:52,5.34,-0.01,94,50196,卖盘
2179,10:22:49,5.35,0.01,7,3744,买盘
2180,10:22:46,5.34,--,93,49662,卖盘
2181,10:22:43,5.34,--,32,17088,卖盘
2182,10:22:37,5.34,--,5,2723,卖盘
2183,10:22:34,5.34,--,80,42720,卖盘
2184,10:22:31,5.34,--,8,4272,卖盘
2185,10:22:25,5.34,-0.01,10,5340,卖盘
2186,10:22:22,5.35,0.01,2,1070,买盘
2187,10:22:19,5.34,--,125,66750,卖盘
2188,10:22:16,5.34,--,898,479532,卖盘
2189,10:22:10,5.34,-0.01,316,168744,卖盘
2190,10:22:07,5.35,--,10,5350,买盘
2191,10:22:04,5.35,--,40,21400,买盘
2192,10:22:01,5.35,--,64,34240,卖盘
2193,10:21:55,5.35,--,55,29424,卖盘
2194,10:21:52,5.35,--,4,2140,卖盘
2195,10:21:49,5.35,--,231,123584,买盘
2196,10:21:43,5.35,--,28,14979,买盘
2197,10:21:40,5.35,--,24,12840,卖盘
2198,10:21:37,5.35,-0.01,557,297995,卖盘
2199,10:21:31,5.36,--,106,56816,买盘
2200,10:21:28,5.36,0.01,1,536,买盘
2201,10:21:22,5.35,--,131,70085,卖盘
2202,10:21:19,5.35,--,63,33705,卖盘
2203,10:21:16,5.35,--,76,40660,卖盘
2204,10:21:13,5.35,--,11,5885,卖盘
2205,10:21:10,5.35,--,44,23540,卖盘
2206,10:21:07,5.35,--,160,85600,卖盘
2207,10:20:58,5.35,--,33,17655,卖盘
2208,10:20:55,5.35,--,40,21400,卖盘
2209,10:20:52,5.35,-0.01,10,5350,卖盘
2210,10:20:43,5.36,0.01,21,11256,买盘
2211,10:20:40,5.35,--,17,9095,卖盘
2212,10:20:37,5.35,--,53,28354,卖盘
2213,10:20:34,5.35,--,18,9630,卖盘
2214,10:20:25,5.35,0.01,891,476684,买盘
2215,10:20:19,5.34,--,229,122286,卖盘
2216,10:20:16,5.34,-0.01,40,21360,卖盘
2217,10:20:13,5.35,0.01,144,77040,买盘
2218,10:20:10,5.34,--,510,272340,卖盘
2219,10:20:07,5.34,-0.01,170,90780,卖盘
2220,10:20:04,5.35,--,118,63129,买盘
2221,10:20:01,5.35,--,112,59919,买盘
2222,10:19:58,5.35,--,188,100580,买盘
2223,10:19:55,5.35,--,784,419440,买盘
2224,10:19:49,5.35,--,164,87740,买盘
2225,10:19:46,5.35,--,4,2140,买盘
2226,10:19:43,5.35,0.01,346,185110,买盘
2227,10:19:40,5.34,--,65,34710,卖盘
2228,10:19:37,5.34,--,90,48060,卖盘
2229,10:19:34,5.34,--,595,317730,买盘
2230,10:19:31,5.34,--,276,147384,买盘
2231,10:19:28,5.34,--,214,114276,买盘
2232,10:19:25,5.34,0.01,375,200250,买盘
2233,10:19:22,5.33,--,103,54899,卖盘
2234,10:19:19,5.33,--,671,357643,卖盘
2235,10:19:13,5.33,--,20,10660,卖盘
2236,10:19:10,5.33,-0.01,68,36244,卖盘
2237,10:19:07,5.34,--,15,8010,买盘
2238,10:19:04,5.34,--,41,21894,买盘
2239,10:19:01,5.34,--,32,17088,买盘
2240,10:18:58,5.34,--,60,32040,买盘
2241,10:18:55,5.34,0.01,130,69420,买盘
2242,10:18:52,5.33,-0.01,755,402415,卖盘
2243,10:18:43,5.34,--,133,71022,卖盘
2244,10:18:40,5.34,--,146,77964,卖盘
2245,10:18:34,5.34,-0.01,26,13884,卖盘
2246,10:18:31,5.35,--,33,17655,买盘
2247,10:18:28,5.35,0.01,35,18725,买盘
2248,10:18:25,5.34,0.03,60,32040,中性盘
2249,10:18:22,5.31,-0.04,7138,3790277,卖盘
2250,10:18:19,5.35,0.01,107,57244,买盘
2251,10:18:16,5.34,--,202,107868,买盘
2252,10:18:13,5.34,-0.01,551,294234,卖盘
2253,10:18:10,5.35,--,231,123584,卖盘
2254,10:18:07,5.35,0.01,36,19260,中性盘
2255,10:18:04,5.34,--,113,60342,卖盘
2256,10:18:00,5.34,-0.01,43,22962,卖盘
2257,10:17:57,5.35,0.01,560,299600,买盘
2258,10:17:54,5.34,-0.01,724,386616,卖盘
2259,10:17:48,5.35,--,31,16585,买盘
2260,10:17:45,5.35,0.01,2,1070,买盘
2261,10:17:42,5.34,-0.01,51,27234,卖盘
2262,10:17:39,5.35,0.01,89,47615,买盘
2263,10:17:33,5.34,-0.01,113,60342,卖盘
2264,10:17:30,5.35,0.01,23,12305,买盘
2265,10:17:27,5.34,-0.01,3,1602,卖盘
2266,10:17:24,5.35,--,897,479894,卖盘
2267,10:17:21,5.35,--,26,13909,卖盘
2268,10:17:18,5.35,-0.01,744,398040,卖盘
2269,10:17:12,5.36,0.01,60,32160,买盘
2270,10:17:09,5.35,-0.01,820,438876,卖盘
2271,10:17:03,5.36,--,2,1072,卖盘
2272,10:17:00,5.36,--,44,23584,卖盘
2273,10:16:57,5.36,-0.01,20,10720,卖盘
2274,10:16:54,5.37,--,550,295350,买盘
2275,10:16:51,5.37,0.01,55,29535,买盘
2276,10:16:45,5.36,-0.01,20,10720,卖盘
2277,10:16:42,5.37,0.01,69,37053,买盘
2278,10:16:39,5.36,-0.01,837,448632,卖盘
2279,10:16:36,5.37,--,155,83235,卖盘
2280,10:16:30,5.37,--,5,2685,卖盘
2281,10:16:21,5.37,--,831,446247,卖盘
2282,10:16:18,5.37,-0.01,23,12351,卖盘
2283,10:16:15,5.38,0.01,15,8070,买盘
2284,10:16:12,5.37,--,30,16110,卖盘
2285,10:16:09,5.37,--,15,8055,卖盘
2286,10:16:06,5.37,--,200,107400,卖盘
2287,10:16:03,5.37,--,25,13425,卖盘
2288,10:15:57,5.37,-0.01,17,9129,卖盘
2289,10:15:54,5.38,--,5,2690,买盘
2290,10:15:42,5.38,--,110,59180,买盘
2291,10:15:39,5.38,--,20,10760,买盘
2292,10:15:36,5.38,--,102,54876,买盘
2293,10:15:33,5.38,--,44,23672,买盘
2294,10:15:30,5.38,--,14,7532,买盘
2295,10:15:27,5.38,0.01,10,5380,买盘
2296,10:15:24,5.37,-0.01,49,26313,卖盘
2297,10:15:15,5.38,0.01,182,97916,买盘
2298,10:15:12,5.37,-0.01,100,53700,卖盘
2299,10:15:09,5.38,0.01,100,53800,买盘
2300,10:15:06,5.37,-0.01,123,66051,卖盘
2301,10:15:03,5.38,0.01,32,17216,买盘
2302,10:15:00,5.37,-0.01,1230,660510,卖盘
2303,10:14:54,5.38,--,10,5380,买盘
2304,10:14:51,5.38,--,205,110290,买盘
2305,10:14:45,5.38,0.01,75,40350,买盘
2306,10:14:42,5.37,--,3,1611,卖盘
2307,10:14:36,5.37,--,44,23628,卖盘
2308,10:14:30,5.37,--,50,26850,卖盘
2309,10:14:21,5.37,--,53,28461,卖盘
2310,10:14:06,5.37,-0.01,18,9666,卖盘
2311,10:14:03,5.38,0.01,278,149564,买盘
2312,10:14:00,5.37,-0.01,172,92364,卖盘
2313,10:13:54,5.38,0.01,15,8070,买盘
2314,10:13:51,5.37,--,16,8592,卖盘
2315,10:13:45,5.37,-0.01,232,124584,卖盘
2316,10:13:42,5.38,--,220,118360,买盘
2317,10:13:39,5.38,0.01,228,122664,买盘
2318,10:13:33,5.37,-0.01,44,23628,卖盘
2319,10:13:27,5.38,--,210,112980,买盘
2320,10:13:18,5.38,0.01,41,22058,买盘
2321,10:13:15,5.37,-0.01,50,26850,卖盘
2322,10:13:09,5.38,--,1,538,买盘
2323,10:13:06,5.38,--,88,47344,买盘
2324,10:13:03,5.38,--,4,2152,买盘
2325,10:12:57,5.38,0.01,16,8608,买盘
2326,10:12:54,5.37,-0.01,1,537,卖盘
2327,10:12:48,5.38,--,39,20982,买盘
2328,10:12:39,5.38,0.01,26,13988,买盘
2329,10:12:36,5.37,--,557,299109,卖盘
2330,10:12:30,5.37,--,66,35442,卖盘
2331,10:12:27,5.37,-0.01,1,537,卖盘
2332,10:12:24,5.38,0.01,30,16140,买盘
2333,10:12:21,5.37,--,192,103104,卖盘
2334,10:12:18,5.37,--,10,5370,卖盘
2335,10:12:12,5.37,--,6,3222,卖盘
2336,10:12:09,5.37,--,295,158415,买盘
2337,10:12:03,5.37,--,13,6981,买盘
2338,10:12:00,5.37,--,51,27387,买盘
2339,10:11:57,5.37,--,55,29535,卖盘
2340,10:11:51,5.37,--,1444,775428,买盘
2341,10:11:45,5.37,--,6,3222,买盘
2342,10:11:42,5.37,--,514,276018,卖盘
2343,10:11:36,5.37,--,26,13962,卖盘
2344,10:11:33,5.37,--,50,26850,卖盘
2345,10:11:30,5.37,--,38,20406,卖盘
2346,10:11:27,5.37,--,99,53163,卖盘
2347,10:11:24,5.37,--,24,12888,卖盘
2348,10:11:21,5.37,--,661,354957,卖盘
2349,10:11:18,5.37,--,20,10740,卖盘
2350,10:11:12,5.37,--,33,17721,卖盘
2351,10:11:09,5.37,--,93,49941,卖盘
2352,10:11:06,5.37,--,25,13425,卖盘
2353,10:11:03,5.37,-0.01,235,126195,卖盘
2354,10:11:00,5.38,0.01,64,34432,买盘
2355,10:10:57,5.37,--,224,120288,卖盘
2356,10:10:54,5.37,-0.01,63,33831,卖盘
2357,10:10:51,5.38,--,105,56490,买盘
2358,10:10:42,5.38,--,113,60794,买盘
2359,10:10:39,5.38,--,10,5380,买盘
2360,10:10:36,5.38,--,10,5380,买盘
2361,10:10:33,5.38,--,40,21520,买盘
2362,10:10:30,5.38,--,50,26900,买盘
2363,10:10:27,5.38,--,2,1076,买盘
2364,10:10:24,5.38,--,93,50034,卖盘
2365,10:10:18,5.38,-0.01,3,1614,卖盘
2366,10:10:15,5.39,0.01,142,76775,买盘
2367,10:10:12,5.38,--,136,73469,卖盘
2368,10:10:09,5.38,-0.01,60,32280,卖盘
2369,10:10:06,5.39,--,23,12397,买盘
2370,10:10:03,5.39,--,255,137445,买盘
2371,10:10:00,5.39,--,73,39347,买盘
2372,10:09:57,5.39,--,114,61445,买盘
2373,10:09:48,5.39,0.01,45,24255,买盘
2374,10:09:42,5.38,-0.01,55,29590,卖盘
2375,10:09:39,5.39,--,27,14553,买盘
2376,10:09:30,5.39,0.01,49,26411,买盘
2377,10:09:24,5.38,--,70,37660,卖盘
2378,10:09:21,5.38,--,113,60794,卖盘
2379,10:09:15,5.38,--,101,54338,买盘
2380,10:09:09,5.38,--,332,178616,买盘
2381,10:09:03,5.38,--,86,46268,买盘
2382,10:09:00,5.38,--,703,378214,买盘
2383,10:08:51,5.38,0.01,75,40350,买盘
2384,10:08:48,5.37,-0.01,333,178821,卖盘
2385,10:08:42,5.38,0.01,123,66174,买盘
2386,10:08:39,5.37,--,83,44571,卖盘
2387,10:08:36,5.37,--,2,1074,卖盘
2388,10:08:33,5.37,-0.01,29,15573,卖盘
2389,10:08:30,5.38,--,10,5380,买盘
2390,10:08:24,5.38,--,38,20444,买盘
2391,10:08:21,5.38,--,118,63484,买盘
2392,10:08:15,5.38,--,120,64560,买盘
2393,10:08:12,5.38,--,90,48420,卖盘
2394,10:08:09,5.38,--,2,1076,卖盘
2395,10:08:06,5.38,0.01,188,101144,卖盘
2396,10:08:03,5.37,-0.01,228,122436,卖盘
2397,10:07:57,5.38,--,5,2690,卖盘
2398,10:07:54,5.38,--,250,134500,卖盘
2399,10:07:51,5.38,--,83,44654,买盘
2400,10:07:48,5.38,0.01,215,115670,买盘
2401,10:07:45,5.37,--,216,115992,卖盘
2402,10:07:42,5.37,--,1,537,卖盘
2403,10:07:36,5.37,--,24,12888,卖盘
2404,10:07:33,5.37,--,252,135324,中性盘
2405,10:07:27,5.37,--,1151,618087,买盘
2406,10:07:24,5.37,--,80,42960,买盘
2407,10:07:21,5.37,--,83,44571,买盘
2408,10:07:15,5.37,--,133,71421,买盘
2409,10:07:12,5.37,0.01,233,125121,买盘
2410,10:07:09,5.36,--,184,98624,卖盘
2411,10:07:06,5.36,--,172,92192,卖盘
2412,10:07:03,5.36,--,22,11792,卖盘
2413,10:07:00,5.36,--,71,38056,卖盘
2414,10:06:57,5.36,--,359,192424,卖盘
2415,10:06:54,5.36,--,450,241200,卖盘
2416,10:06:51,5.36,--,58,31088,卖盘
2417,10:06:48,5.36,--,172,92551,买盘
2418,10:06:45,5.36,--,371,198856,买盘
2419,10:06:42,5.36,--,31,16616,买盘
2420,10:06:39,5.36,--,10,5360,买盘
2421,10:06:36,5.36,-0.01,1036,555472,卖盘
2422,10:06:30,5.37,0.01,293,157341,买盘
2423,10:06:27,5.36,-0.01,238,127568,卖盘
2424,10:06:21,5.37,0.01,40,21480,买盘
2425,10:06:18,5.36,--,614,329104,卖盘
2426,10:06:15,5.36,-0.01,89,47704,卖盘
2427,10:06:12,5.37,--,707,379659,买盘
2428,10:06:06,5.37,--,161,86457,买盘
2429,10:06:03,5.37,0.01,969,520353,买盘
2430,10:06:00,5.36,-0.01,294,157584,卖盘
2431,10:05:54,5.37,--,20,10740,买盘
2432,10:05:51,5.37,0.01,35,18795,买盘
2433,10:05:48,5.36,-0.01,9,4824,卖盘
2434,10:05:45,5.37,--,115,61755,买盘
2435,10:05:42,5.37,--,273,146601,买盘
2436,10:05:36,5.37,--,1564,839868,卖盘
2437,10:05:33,5.37,--,71,38127,卖盘
2438,10:05:30,5.37,-0.01,18,9666,卖盘
2439,10:05:27,5.38,0.01,258,138804,买盘
2440,10:05:24,5.37,--,138,74106,卖盘
2441,10:05:21,5.37,-0.01,50,26850,卖盘
2442,10:05:18,5.38,--,305,164090,买盘
2443,10:05:15,5.38,--,29,15602,买盘
2444,10:05:12,5.38,--,2,1076,买盘
2445,10:05:09,5.38,--,10,5380,买盘
2446,10:05:06,5.38,--,65,34970,卖盘
2447,10:05:03,5.38,--,30,16140,卖盘
2448,10:04:57,5.38,--,100,53800,卖盘
2449,10:04:54,5.38,--,1170,629460,卖盘
2450,10:04:51,5.38,--,186,100068,卖盘
2451,10:04:48,5.38,-0.01,965,519170,卖盘
2452,10:04:45,5.39,0.01,1133,610687,买盘
2453,10:04:39,5.38,--,2,1076,卖盘
2454,10:04:36,5.38,-0.01,15,8070,卖盘
2455,10:04:33,5.39,0.01,95,51205,买盘
2456,10:04:30,5.38,--,81,43578,卖盘
2457,10:04:27,5.38,-0.01,162,87156,卖盘
2458,10:04:24,5.39,--,5,2695,买盘
2459,10:04:21,5.39,0.01,204,109956,买盘
2460,10:04:15,5.38,--,4,2152,卖盘
2461,10:04:12,5.38,--,56,30128,卖盘
2462,10:04:09,5.38,-0.01,32,17216,卖盘
2463,10:04:06,5.39,--,105,56595,买盘
2464,10:04:03,5.39,--,47,25333,买盘
2465,10:04:00,5.39,--,6,3234,买盘
2466,10:03:48,5.39,0.01,21,11319,买盘
2467,10:03:42,5.38,-0.01,72,38736,卖盘
2468,10:03:39,5.39,--,19,10241,买盘
2469,10:03:36,5.39,0.01,36,19404,买盘
2470,10:03:33,5.38,--,256,137728,卖盘
2471,10:03:27,5.38,-0.01,337,181306,卖盘
2472,10:03:24,5.39,--,510,274890,买盘
2473,10:03:21,5.39,--,24,12936,买盘
2474,10:03:18,5.39,--,155,83545,买盘
2475,10:03:15,5.39,--,749,403711,卖盘
2476,10:03:12,5.39,--,6,3234,卖盘
2477,10:03:09,5.39,--,98,52822,卖盘
2478,10:03:06,5.39,--,15,8084,卖盘
2479,10:02:57,5.39,--,55,29645,卖盘
2480,10:02:54,5.39,--,50,26950,卖盘
2481,10:02:48,5.39,--,711,383229,卖盘
2482,10:02:42,5.39,--,58,31261,买盘
2483,10:02:39,5.39,--,59,31800,买盘
2484,10:02:36,5.39,--,33,17787,买盘
2485,10:02:33,5.39,--,37,19943,卖盘
2486,10:02:30,5.39,--,54,29106,卖盘
2487,10:02:27,5.39,--,106,57134,卖盘
2488,10:02:21,5.39,--,286,154154,买盘
2489,10:02:18,5.39,--,52,28028,买盘
2490,10:02:15,5.39,0.01,20,10780,买盘
2491,10:02:12,5.38,-0.01,40,21520,卖盘
2492,10:02:09,5.39,0.01,152,81928,买盘
2493,10:02:06,5.38,-0.01,402,216276,卖盘
2494,10:02:03,5.39,0.01,25,13475,买盘
2495,10:02:00,5.38,-0.01,27,14526,卖盘
2496,10:01:57,5.39,--,100,53900,买盘
2497,10:01:54,5.39,--,259,139601,买盘
2498,10:01:51,5.39,--,166,89474,买盘
2499,10:01:45,5.39,0.01,145,78155,买盘
2500,10:01:42,5.38,-0.01,9,4842,卖盘
2501,10:01:33,5.39,--,194,104566,买盘
2502,10:01:30,5.39,--,343,184877,买盘
2503,10:01:27,5.39,--,49,26411,买盘
2504,10:01:24,5.39,--,25,13475,买盘
2505,10:01:21,5.39,--,77,41503,买盘
2506,10:01:15,5.39,--,56,30184,买盘
2507,10:01:12,5.39,--,105,56595,买盘
2508,10:01:09,5.39,-0.01,151,81389,卖盘
2509,10:01:06,5.4,0.02,16,8640,买盘
2510,10:01:03,5.38,-0.01,531,285678,卖盘
2511,10:00:54,5.39,--,55,29645,买盘
2512,10:00:51,5.39,--,126,67914,买盘
2513,10:00:48,5.39,0.01,432,232848,买盘
2514,10:00:45,5.38,-0.01,106,57028,卖盘
2515,10:00:42,5.39,-0.01,61,32879,卖盘
2516,10:00:39,5.4,0.01,56,30240,买盘
2517,10:00:36,5.39,-0.01,138,74382,卖盘
2518,10:00:33,5.4,0.01,640,345600,买盘
2519,10:00:30,5.39,-0.01,45,24255,卖盘
2520,10:00:24,5.4,0.02,52,28080,买盘
2521,10:00:21,5.38,--,50,26900,卖盘
2522,10:00:18,5.38,--,10,5380,卖盘
2523,10:00:15,5.38,--,530,285140,卖盘
2524,10:00:12,5.38,0.01,783,421254,中性盘
2525,10:00:09,5.37,-0.01,864,463968,卖盘
2526,10:00:06,5.38,--,382,205516,卖盘
2527,10:00:03,5.38,--,31,16678,卖盘
2528,10:00:00,5.38,0.01,244,131272,买盘
2529,09:59:57,5.37,-0.01,313,168091,卖盘
2530,09:59:54,5.38,0.01,40,21520,买盘
2531,09:59:51,5.37,-0.01,363,194931,卖盘
2532,09:59:48,5.38,0.01,112,60256,买盘
2533,09:59:45,5.37,--,960,515520,卖盘
2534,09:59:42,5.37,-0.01,370,198690,卖盘
2535,09:59:39,5.38,--,544,292672,卖盘
2536,09:59:36,5.38,0.01,212,114421,买盘
2537,09:59:33,5.37,-0.01,541,291048,卖盘
2538,09:59:30,5.38,--,304,163552,买盘
2539,09:59:27,5.38,0.01,475,255550,买盘
2540,09:59:24,5.37,--,123,66051,卖盘
2541,09:59:21,5.37,-0.01,62,33294,卖盘
2542,09:59:15,5.38,--,525,282450,买盘
2543,09:59:12,5.38,0.01,334,179692,买盘
2544,09:59:09,5.37,-0.01,605,324885,卖盘
2545,09:59:06,5.38,--,152,81776,买盘
2546,09:59:03,5.38,--,105,56490,买盘
2547,09:59:00,5.38,-0.02,3329,1791002,卖盘
2548,09:58:57,5.4,--,56,30240,买盘
2549,09:58:54,5.4,--,52,28080,买盘
2550,09:58:51,5.4,--,192,103680,买盘
2551,09:58:48,5.4,--,819,442260,卖盘
2552,09:58:45,5.4,--,44,23760,卖盘
2553,09:58:42,5.4,--,52,28080,卖盘
2554,09:58:39,5.4,--,1338,722520,卖盘
2555,09:58:33,5.4,--,13,7020,卖盘
2556,09:58:30,5.4,--,417,225180,卖盘
2557,09:58:27,5.4,--,206,111240,卖盘
2558,09:58:24,5.4,--,146,78840,卖盘
2559,09:58:21,5.4,--,62,33480,卖盘
2560,09:58:18,5.4,-0.01,130,70200,卖盘
2561,09:58:15,5.41,0.01,1719,929979,买盘
2562,09:58:12,5.4,--,68,36720,卖盘
2563,09:58:09,5.4,-0.01,37,19980,卖盘
2564,09:58:03,5.41,--,540,292140,买盘
2565,09:58:00,5.41,--,136,73576,买盘
2566,09:57:57,5.41,--,1746,944586,卖盘
2567,09:57:54,5.41,--,426,230466,卖盘
2568,09:57:51,5.41,--,124,67084,卖盘
2569,09:57:48,5.41,--,98,53018,卖盘
2570,09:57:42,5.41,--,8,4328,卖盘
2571,09:57:39,5.41,-0.01,191,103331,卖盘
2572,09:57:36,5.42,0.01,228,123576,买盘
2573,09:57:33,5.41,--,15,8115,卖盘
2574,09:57:30,5.41,-0.01,1205,651905,卖盘
2575,09:57:27,5.42,--,2,1084,买盘
2576,09:57:20,5.42,--,3941,2136022,卖盘
2577,09:57:14,5.42,-0.01,19,10298,卖盘
2578,09:57:08,5.43,0.01,153,83079,买盘
2579,09:57:05,5.42,--,30,16260,卖盘
2580,09:57:02,5.42,--,17,9214,卖盘
2581,09:56:56,5.42,--,1114,603788,卖盘
2582,09:56:53,5.42,-0.01,190,102980,卖盘
2583,09:56:50,5.43,--,20,10860,买盘
2584,09:56:47,5.43,0.01,2,1086,买盘
2585,09:56:44,5.42,-0.01,89,48238,卖盘
2586,09:56:41,5.43,--,31,16833,买盘
2587,09:56:38,5.43,--,7,3801,买盘
2588,09:56:32,5.43,--,48,26064,买盘
2589,09:56:29,5.43,--,4,2172,买盘
2590,09:56:26,5.43,0.01,30,16290,买盘
2591,09:56:23,5.42,-0.01,401,217342,卖盘
2592,09:56:20,5.43,--,256,139464,卖盘
2593,09:56:11,5.43,-0.01,45,24435,卖盘
2594,09:56:05,5.44,0.01,7,3808,买盘
2595,09:56:02,5.43,--,100,54300,卖盘
2596,09:55:53,5.43,--,136,73848,卖盘
2597,09:55:41,5.43,--,21,11403,卖盘
2598,09:55:38,5.43,-0.01,297,161271,卖盘
2599,09:55:32,5.44,--,60,32640,买盘
2600,09:55:29,5.44,0.01,120,65280,买盘
2601,09:55:26,5.43,--,17,9231,卖盘
2602,09:55:20,5.43,--,91,49499,买盘
2603,09:55:17,5.43,--,31,16833,买盘
2604,09:55:11,5.43,--,26,14574,卖盘
2605,09:55:08,5.43,-0.01,20,10860,卖盘
2606,09:55:05,5.44,--,203,110432,买盘
2607,09:55:02,5.44,0.01,527,286688,买盘
2608,09:54:59,5.43,-0.01,643,349149,卖盘
2609,09:54:53,5.44,0.01,102,55488,买盘
2610,09:54:47,5.43,--,1,543,卖盘
2611,09:54:44,5.43,-0.01,6,3258,卖盘
2612,09:54:38,5.44,--,55,29920,买盘
2613,09:54:35,5.44,0.01,57,31008,买盘
2614,09:54:32,5.43,--,40,21720,卖盘
2615,09:54:20,5.43,-0.01,30,16290,卖盘
2616,09:54:17,5.44,0.01,112,60928,买盘
2617,09:54:11,5.43,--,6,3258,卖盘
2618,09:54:08,5.43,--,852,462636,卖盘
2619,09:54:05,5.43,--,200,108600,卖盘
2620,09:54:02,5.43,--,10,5430,卖盘
2621,09:53:59,5.43,--,13,7059,卖盘
2622,09:53:56,5.43,--,70,38010,卖盘
2623,09:53:44,5.43,--,38,20634,卖盘
2624,09:53:38,5.43,--,2,1086,卖盘
2625,09:53:35,5.43,-0.01,20,10860,卖盘
2626,09:53:29,5.44,0.01,3,1632,买盘
2627,09:53:26,5.43,--,495,268785,卖盘
2628,09:53:23,5.43,--,100,54300,卖盘
2629,09:53:20,5.43,--,113,61359,卖盘
2630,09:53:17,5.43,-0.01,71,38553,卖盘
2631,09:53:14,5.44,0.01,23,12512,买盘
2632,09:53:11,5.43,-0.01,289,156927,卖盘
2633,09:53:05,5.44,--,12,6528,买盘
2634,09:53:02,5.44,--,5,2720,买盘
2635,09:52:59,5.44,0.01,1070,582080,买盘
2636,09:52:56,5.43,--,28,15204,卖盘
2637,09:52:47,5.43,--,281,152583,卖盘
2638,09:52:35,5.43,--,71,38553,卖盘
2639,09:52:32,5.43,--,1,543,卖盘
2640,09:52:29,5.43,-0.01,1,543,卖盘
2641,09:52:23,5.44,0.01,2,1088,买盘
2642,09:52:20,5.43,--,30,16290,卖盘
2643,09:52:17,5.43,--,117,63531,卖盘
2644,09:52:14,5.43,-0.01,3,1629,卖盘
2645,09:52:11,5.44,0.01,71,38624,买盘
2646,09:52:08,5.43,--,20,10860,卖盘
2647,09:52:05,5.43,--,1,629,卖盘
2648,09:51:59,5.43,--,150,81450,买盘
2649,09:51:56,5.43,--,300,162900,买盘
2650,09:51:53,5.43,--,115,62445,买盘
2651,09:51:50,5.43,--,10,5430,买盘
2652,09:51:44,5.43,--,82,44526,卖盘
2653,09:51:41,5.43,--,453,245979,卖盘
2654,09:51:38,5.43,--,243,131949,卖盘
2655,09:51:35,5.43,--,10,5430,卖盘
2656,09:51:32,5.43,--,28,15204,卖盘
2657,09:51:29,5.43,--,30,16290,卖盘
2658,09:51:26,5.43,--,48,26064,卖盘
2659,09:51:23,5.43,--,361,196023,卖盘
2660,09:51:20,5.43,--,400,217200,卖盘
2661,09:51:14,5.43,--,80,43440,卖盘
2662,09:51:11,5.43,0.01,444,241092,买盘
2663,09:51:08,5.42,-0.01,173,93766,卖盘
2664,09:51:05,5.43,-0.01,72,39096,卖盘
2665,09:51:02,5.44,--,4,2176,买盘
2666,09:50:59,5.44,0.02,98,53312,买盘
2667,09:50:56,5.42,-0.01,100,54200,卖盘
2668,09:50:53,5.43,0.01,25,13575,买盘
2669,09:50:50,5.42,-0.02,132,71544,卖盘
2670,09:50:44,5.44,0.02,90,48960,买盘
2671,09:50:41,5.42,--,139,75338,卖盘
2672,09:50:38,5.42,-0.01,315,170730,卖盘
2673,09:50:35,5.43,--,71,38553,买盘
2674,09:50:32,5.43,--,490,266070,买盘
2675,09:50:26,5.43,--,217,117831,买盘
2676,09:50:23,5.43,--,166,90138,买盘
2677,09:50:20,5.43,--,102,55386,买盘
2678,09:50:17,5.43,--,160,86880,买盘
2679,09:50:14,5.43,0.01,246,133578,买盘
2680,09:50:11,5.42,-0.01,110,59620,卖盘
2681,09:50:05,5.43,--,93,50499,买盘
2682,09:50:02,5.43,--,14,7602,买盘
2683,09:49:59,5.43,--,20,10860,买盘
2684,09:49:56,5.43,-0.01,2309,1254226,卖盘
2685,09:49:53,5.44,0.01,423,230215,买盘
2686,09:49:50,5.43,-0.01,385,209055,卖盘
2687,09:49:47,5.44,0.01,10,5440,买盘
2688,09:49:44,5.43,-0.01,14,7602,卖盘
2689,09:49:32,5.44,--,750,408000,卖盘
2690,09:49:29,5.44,--,519,282336,卖盘
2691,09:49:26,5.44,--,133,72352,卖盘
2692,09:49:23,5.44,--,781,424864,卖盘
2693,09:49:20,5.44,--,503,273632,卖盘
2694,09:49:14,5.44,--,363,197472,卖盘
2695,09:49:11,5.44,--,10,5440,卖盘
2696,09:49:08,5.44,--,102,55488,卖盘
2697,09:49:05,5.44,--,236,128384,卖盘
2698,09:48:53,5.44,--,22,11968,卖盘
2699,09:48:44,5.44,-0.01,107,58208,卖盘
2700,09:48:32,5.45,0.01,105,57225,买盘
2701,09:48:26,5.44,-0.01,37,20128,卖盘
2702,09:48:23,5.45,--,59,32155,买盘
2703,09:48:17,5.45,--,79,43055,买盘
2704,09:48:14,5.45,0.01,69,37605,买盘
2705,09:48:11,5.44,-0.01,118,64192,卖盘
2706,09:48:05,5.45,--,20,10900,买盘
2707,09:48:02,5.45,--,289,157505,买盘
2708,09:47:59,5.45,--,2,1090,买盘
2709,09:47:53,5.45,--,60,32700,买盘
2710,09:47:47,5.45,-0.01,33,17985,卖盘
2711,09:47:44,5.46,0.01,147,80262,买盘
2712,09:47:41,5.45,--,29,15805,卖盘
2713,09:47:38,5.45,--,154,83930,买盘
2714,09:47:35,5.45,0.01,126,68670,买盘
2715,09:47:32,5.44,-0.01,406,220864,卖盘
2716,09:47:29,5.45,0.01,201,109545,买盘
2717,09:47:26,5.44,--,14,7616,卖盘
2718,09:47:23,5.44,-0.01,57,31008,卖盘
2719,09:47:20,5.45,--,63,34335,买盘
2720,09:47:17,5.45,0.01,87,47415,买盘
2721,09:47:14,5.44,-0.01,269,146336,卖盘
2722,09:47:11,5.45,--,125,68125,买盘
2723,09:47:08,5.45,--,149,81205,买盘
2724,09:47:05,5.45,0.01,123,67035,买盘
2725,09:47:02,5.44,-0.01,87,47328,卖盘
2726,09:46:59,5.45,0.01,215,117175,买盘
2727,09:46:56,5.44,-0.01,85,46240,卖盘
2728,09:46:53,5.45,--,20,10900,买盘
2729,09:46:47,5.45,-0.01,3167,1726015,卖盘
2730,09:46:38,5.46,--,72,39312,买盘
2731,09:46:35,5.46,--,184,100464,买盘
2732,09:46:32,5.46,0.01,20,10920,买盘
2733,09:46:29,5.45,-0.01,206,112270,卖盘
2734,09:46:26,5.46,0.01,12,6552,买盘
2735,09:46:23,5.45,-0.01,101,55045,卖盘
2736,09:46:20,5.46,--,10,5460,买盘
2737,09:46:14,5.46,--,279,152334,买盘
2738,09:46:05,5.46,0.01,21,11466,买盘
2739,09:46:02,5.45,--,8,4360,卖盘
2740,09:45:59,5.45,-0.01,768,418560,卖盘
2741,09:45:53,5.46,0.01,10,5460,买盘
2742,09:45:50,5.45,-0.01,50,27250,卖盘
2743,09:45:44,5.46,--,20,10920,买盘
2744,09:45:38,5.46,0.01,10,5460,买盘
2745,09:45:35,5.45,--,5,2725,卖盘
2746,09:45:29,5.45,--,25,13625,卖盘
2747,09:45:26,5.45,--,30,16350,卖盘
2748,09:45:23,5.45,--,3,1635,卖盘
2749,09:45:20,5.45,-0.01,20,10900,卖盘
2750,09:45:17,5.46,0.01,222,121212,买盘
2751,09:45:14,5.45,--,8,4360,卖盘
2752,09:45:11,5.45,--,177,96465,卖盘
2753,09:45:05,5.45,-0.01,100,54500,卖盘
2754,09:45:02,5.46,0.01,1,546,买盘
2755,09:44:59,5.45,--,41,22345,卖盘
2756,09:44:50,5.45,-0.01,1,545,卖盘
2757,09:44:47,5.46,0.01,13,7098,买盘
2758,09:44:41,5.45,--,58,31610,卖盘
2759,09:44:32,5.45,-0.01,6,3270,卖盘
2760,09:44:29,5.46,--,128,69888,买盘
2761,09:44:26,5.46,--,50,27300,买盘
2762,09:44:20,5.46,-0.01,60,32760,卖盘
2763,09:44:17,5.47,--,30,16410,买盘
2764,09:44:14,5.47,0.01,1,547,买盘
2765,09:44:08,5.46,-0.01,39,21294,卖盘
2766,09:44:02,5.47,0.02,31,16957,买盘
2767,09:43:59,5.45,-0.01,2,1090,卖盘
2768,09:43:56,5.46,--,32,17472,卖盘
2769,09:43:53,5.46,--,105,57330,买盘
2770,09:43:50,5.46,--,236,128856,买盘
2771,09:43:47,5.46,0.01,7,3822,买盘
2772,09:43:44,5.45,-0.01,261,142245,卖盘
2773,09:43:41,5.46,0.01,1,546,买盘
2774,09:43:38,5.45,-0.01,90,49050,卖盘
2775,09:43:32,5.46,0.01,261,142506,买盘
2776,09:43:29,5.45,--,5,2725,卖盘
2777,09:43:26,5.45,-0.01,20,10900,卖盘
2778,09:43:23,5.46,0.01,67,36582,买盘
2779,09:43:20,5.45,--,30,16350,卖盘
2780,09:43:14,5.45,-0.01,1,545,卖盘
2781,09:43:11,5.46,--,40,21840,买盘
2782,09:43:08,5.46,--,134,73164,买盘
2783,09:43:05,5.46,0.01,37,20202,买盘
2784,09:42:56,5.45,--,114,62130,卖盘
2785,09:42:53,5.45,-0.01,40,21800,卖盘
2786,09:42:50,5.46,0.01,53,28938,买盘
2787,09:42:47,5.45,--,50,27250,卖盘
2788,09:42:44,5.45,-0.01,59,32155,卖盘
2789,09:42:38,5.46,0.01,30,16380,买盘
2790,09:42:35,5.45,-0.01,2,1090,卖盘
2791,09:42:32,5.46,--,32,17472,买盘
2792,09:42:29,5.46,--,660,360360,买盘
2793,09:42:26,5.46,--,73,39858,买盘
2794,09:42:17,5.46,--,111,60606,买盘
2795,09:42:14,5.46,--,20,10920,买盘
2796,09:42:11,5.46,0.01,50,27300,买盘
2797,09:42:05,5.45,-0.01,62,33790,卖盘
2798,09:41:59,5.46,--,136,74256,买盘
2799,09:41:56,5.46,0.01,67,36582,买盘
2800,09:41:53,5.45,-0.01,30,16350,卖盘
2801,09:41:47,5.46,--,87,47502,买盘
2802,09:41:44,5.46,--,60,32760,买盘
2803,09:41:35,5.46,--,38,20748,买盘
2804,09:41:32,5.46,--,1,546,买盘
2805,09:41:29,5.46,-0.01,11,6006,中性盘
2806,09:41:26,5.47,0.01,75,41468,买盘
2807,09:41:23,5.46,--,22,12012,卖盘
2808,09:41:14,5.46,--,27,14742,卖盘
2809,09:41:05,5.46,--,1,546,卖盘
2810,09:41:02,5.46,--,99,54157,买盘
2811,09:40:56,5.46,0.01,9,4914,买盘
2812,09:40:53,5.45,--,93,50685,卖盘
2813,09:40:50,5.45,-0.01,127,69215,卖盘
2814,09:40:44,5.46,--,20,10920,买盘
2815,09:40:38,5.46,--,20,10920,买盘
2816,09:40:35,5.46,--,295,161512,卖盘
2817,09:40:32,5.46,--,118,64531,卖盘
2818,09:40:29,5.46,-0.01,17,9282,卖盘
2819,09:40:26,5.47,0.01,6,3282,买盘
2820,09:40:23,5.46,--,102,55692,卖盘
2821,09:40:14,5.46,--,160,87360,卖盘
2822,09:40:11,5.46,-0.01,267,145782,卖盘
2823,09:40:05,5.47,0.01,119,65093,买盘
2824,09:40:02,5.46,--,105,57330,卖盘
2825,09:39:59,5.46,--,243,132678,卖盘
2826,09:39:56,5.46,--,20,10920,卖盘
2827,09:39:47,5.46,--,8,4368,卖盘
2828,09:39:41,5.46,--,20,10920,卖盘
2829,09:39:35,5.46,-0.01,10,5460,卖盘
2830,09:39:29,5.47,0.01,290,158630,买盘
2831,09:39:26,5.46,--,300,163800,卖盘
2832,09:39:20,5.46,-0.01,34,18564,卖盘
2833,09:39:17,5.47,0.01,68,37196,买盘
2834,09:39:11,5.46,-0.01,41,22386,卖盘
2835,09:39:08,5.47,0.01,433,236851,买盘
2836,09:39:05,5.46,--,76,41496,卖盘
2837,09:39:02,5.46,-0.01,308,168168,卖盘
2838,09:38:59,5.47,0.01,2,1094,买盘
2839,09:38:56,5.46,-0.01,39,21294,卖盘
2840,09:38:50,5.47,0.01,6,3282,买盘
2841,09:38:41,5.46,-0.01,9,4914,卖盘
2842,09:38:38,5.47,--,100,54700,买盘
2843,09:38:25,5.47,0.01,1,547,买盘
2844,09:38:19,5.46,-0.01,5,2730,卖盘
2845,09:38:16,5.47,0.01,25,13675,买盘
2846,09:38:07,5.46,-0.01,32,17472,卖盘
2847,09:38:04,5.47,--,1,547,买盘
2848,09:38:01,5.47,--,19,10393,买盘
2849,09:37:49,5.47,0.01,25,13675,买盘
2850,09:37:37,5.46,-0.01,1,546,卖盘
2851,09:37:31,5.47,--,100,54700,买盘
2852,09:37:28,5.47,--,47,25709,买盘
2853,09:37:25,5.47,0.01,68,37196,买盘
2854,09:37:19,5.46,--,10,5460,卖盘
2855,09:37:16,5.46,--,23,12558,卖盘
2856,09:37:13,5.46,--,110,60060,卖盘
2857,09:37:10,5.46,--,9,4914,卖盘
2858,09:37:04,5.46,--,86,46956,买盘
2859,09:36:58,5.46,--,10,5460,买盘
2860,09:36:55,5.46,0.01,2,1092,买盘
2861,09:36:52,5.45,-0.01,6,3270,卖盘
2862,09:36:49,5.46,0.01,29,15834,买盘
2863,09:36:46,5.45,-0.01,118,64310,卖盘
2864,09:36:43,5.46,--,12,6552,买盘
2865,09:36:40,5.46,--,121,66066,买盘
2866,09:36:37,5.46,--,113,61698,买盘
2867,09:36:31,5.46,--,70,38220,买盘
2868,09:36:28,5.46,-0.01,300,163800,卖盘
2869,09:36:25,5.47,--,74,40478,买盘
2870,09:36:19,5.47,0.01,5,2735,买盘
2871,09:36:13,5.46,--,255,139230,卖盘
2872,09:36:10,5.46,--,265,144690,卖盘
2873,09:36:04,5.46,0.01,7,3822,买盘
2874,09:35:55,5.45,--,22,11990,卖盘
2875,09:35:52,5.45,-0.01,2,1090,卖盘
2876,09:35:49,5.46,0.01,120,65520,买盘
2877,09:35:43,5.45,--,659,359155,卖盘
