,time,price,change,volume,amount,type
0,15:00:21,6.7,-0.01,662,443808,买盘
1,14:57:12,6.71,--,0,0,卖盘
2,14:57:03,6.71,--,44,29926,卖盘
3,14:56:57,6.71,--,321,215391,买盘
4,14:56:48,6.71,--,40,26840,买盘
5,14:56:42,6.71,--,229,153659,卖盘
6,14:56:39,6.71,-0.01,21,14091,卖盘
7,14:56:36,6.72,--,10,6720,买盘
8,14:56:33,6.72,0.01,16,10752,买盘
9,14:56:24,6.71,--,10,6710,卖盘
10,14:56:15,6.71,0.01,26,17446,买盘
11,14:56:12,6.7,-0.01,7,4690,卖盘
12,14:56:06,6.71,--,1,671,买盘
13,14:56:00,6.71,-0.01,369,247599,卖盘
14,14:55:57,6.72,-0.01,48,32256,卖盘
15,14:55:54,6.73,--,20,13460,买盘
16,14:55:48,6.73,--,2,1346,买盘
17,14:55:45,6.73,--,10,6730,买盘
18,14:55:42,6.73,--,19,12787,买盘
19,14:55:39,6.73,--,641,431460,卖盘
20,14:55:33,6.73,--,40,26920,卖盘
21,14:55:27,6.73,-0.01,3,2019,卖盘
22,14:55:24,6.74,--,1,674,买盘
23,14:55:18,6.74,--,2,1348,买盘
24,14:55:03,6.74,--,50,33700,买盘
25,14:54:45,6.74,--,66,44484,买盘
26,14:54:42,6.74,--,32,22033,卖盘
27,14:54:39,6.74,--,17,11458,卖盘
28,14:54:33,6.74,-0.01,17,11458,卖盘
29,14:54:30,6.75,0.01,45,30375,买盘
30,14:54:24,6.74,--,10,6740,卖盘
31,14:54:15,6.74,--,100,67400,卖盘
32,14:54:12,6.74,-0.01,32,21568,卖盘
33,14:53:57,6.75,--,50,33750,买盘
34,14:53:48,6.75,0.01,1,675,买盘
35,14:53:42,6.74,--,32,22181,卖盘
36,14:53:36,6.74,--,2,1348,卖盘
37,14:53:27,6.74,--,57,38687,买盘
38,14:53:24,6.74,--,2,1348,买盘
39,14:53:21,6.74,0.01,20,13480,买盘
40,14:53:12,6.73,--,103,69319,卖盘
41,14:53:06,6.73,--,130,88095,卖盘
42,14:53:06,6.73,--,11,7403,卖盘
43,14:53:00,6.73,--,4,2692,卖盘
44,14:52:50,6.73,0.01,115,77395,买盘
45,14:52:41,6.72,--,30,20160,卖盘
46,14:52:38,6.72,--,41,27552,买盘
47,14:52:35,6.72,--,42,28224,买盘
48,14:52:26,6.72,--,4,2688,买盘
49,14:52:20,6.72,0.01,7,4704,买盘
50,14:52:17,6.71,-0.02,86,57706,卖盘
51,14:52:11,6.73,--,5,3365,卖盘
52,14:52:08,6.73,-0.01,30,20190,卖盘
53,14:52:05,6.74,0.01,10,6740,买盘
54,14:51:53,6.73,--,30,20190,卖盘
55,14:51:47,6.73,0.01,1,673,买盘
56,14:51:44,6.72,-0.01,24,16128,卖盘
57,14:51:41,6.73,--,13,8749,买盘
58,14:51:38,6.73,--,5,3365,买盘
59,14:51:35,6.73,0.01,22,14806,买盘
60,14:51:23,6.72,--,37,24864,卖盘
61,14:51:08,6.72,-0.01,20,13440,卖盘
62,14:51:05,6.73,--,50,33650,中性盘
63,14:50:59,6.73,--,2,1346,卖盘
64,14:50:56,6.73,--,5,3365,买盘
65,14:50:44,6.73,--,3,2019,买盘
66,14:50:41,6.73,--,21,14133,买盘
67,14:50:35,6.73,--,15,10095,买盘
68,14:50:26,6.73,-0.01,13,8749,中性盘
69,14:50:02,6.74,0.03,2,1348,买盘
70,14:49:59,6.71,-0.03,10,6710,卖盘
71,14:49:56,6.74,0.01,144,97056,买盘
72,14:49:38,6.73,0.02,4,2692,买盘
73,14:49:35,6.71,0.01,5,3355,卖盘
74,14:49:26,6.7,--,158,105860,卖盘
75,14:49:14,6.7,--,10,6700,卖盘
76,14:49:11,6.7,--,35,23450,买盘
77,14:49:05,6.7,--,73,48910,买盘
78,14:48:59,6.7,--,20,13400,买盘
79,14:48:56,6.7,-0.01,340,228269,卖盘
80,14:48:41,6.71,0.01,20,13420,中性盘
81,14:48:38,6.7,--,140,94001,卖盘
82,14:48:26,6.7,-0.04,1055,706850,卖盘
83,14:48:23,6.74,--,4,2696,买盘
84,14:48:20,6.74,0.01,2,1348,中性盘
85,14:48:11,6.73,-0.02,400,269200,卖盘
86,14:48:05,6.75,--,1,675,卖盘
87,14:48:02,6.75,--,100,67500,卖盘
88,14:47:56,6.75,-0.01,13,8775,卖盘
89,14:47:44,6.76,--,11,7436,买盘
90,14:47:41,6.76,0.01,14,9464,卖盘
91,14:47:38,6.75,-0.01,780,526500,卖盘
92,14:47:35,6.76,--,15,10140,卖盘
93,14:47:29,6.76,--,75,50700,卖盘
94,14:47:26,6.76,-0.01,20,13520,卖盘
95,14:47:20,6.77,--,2,1354,买盘
96,14:47:14,6.77,--,70,47390,买盘
97,14:47:11,6.77,-0.01,482,326314,卖盘
98,14:47:08,6.78,0.01,36,24408,买盘
99,14:46:59,6.77,--,150,101550,卖盘
100,14:46:53,6.77,--,80,54160,卖盘
101,14:46:47,6.77,-0.01,6,4061,卖盘
102,14:46:35,6.78,0.01,10,6780,买盘
103,14:46:29,6.77,--,50,33850,卖盘
104,14:46:26,6.77,-0.01,168,113736,卖盘
105,14:46:20,6.78,--,69,46782,买盘
106,14:46:17,6.78,0.01,15,10170,买盘
107,14:46:14,6.77,-0.01,30,20310,卖盘
108,14:46:08,6.78,0.01,15,10170,买盘
109,14:45:56,6.77,-0.01,9,6093,卖盘
110,14:45:53,6.78,--,61,41358,卖盘
111,14:45:50,6.78,--,10,6780,卖盘
112,14:45:47,6.78,--,60,40680,卖盘
113,14:45:41,6.78,--,10,6780,卖盘
114,14:45:35,6.78,--,10,6780,卖盘
115,14:45:14,6.78,--,15,10170,卖盘
116,14:45:11,6.78,--,152,103056,卖盘
117,14:45:02,6.78,--,50,33900,卖盘
118,14:44:59,6.78,--,20,13560,卖盘
119,14:44:50,6.78,--,283,191874,卖盘
120,14:44:44,6.78,-0.01,10,6780,卖盘
121,14:44:38,6.79,0.01,12,8148,买盘
122,14:44:29,6.78,-0.01,20,13560,卖盘
123,14:44:20,6.79,--,10,6790,卖盘
124,14:44:17,6.79,0.01,4,2716,买盘
125,14:44:14,6.78,-0.01,32,21696,卖盘
126,14:44:11,6.79,-0.01,70,47530,卖盘
127,14:44:08,6.8,--,11,7480,买盘
128,14:44:05,6.8,--,8,5440,买盘
129,14:44:02,6.8,0.01,10,6800,买盘
130,14:43:56,6.79,-0.01,51,34629,卖盘
131,14:43:53,6.8,0.01,11,7480,买盘
132,14:43:47,6.79,-0.01,62,42098,卖盘
133,14:43:44,6.8,--,32,21760,买盘
134,14:43:41,6.8,--,1,680,买盘
135,14:43:38,6.8,--,74,50796,卖盘
136,14:43:32,6.8,-0.04,29,19720,卖盘
137,14:43:11,6.84,0.04,1,684,买盘
138,14:43:08,6.8,--,68,46240,卖盘
139,14:43:05,6.8,-0.03,18,12240,卖盘
140,14:42:47,6.83,0.03,39,26637,买盘
141,14:42:35,6.8,-0.04,2,1360,卖盘
142,14:41:32,6.84,0.04,23,15732,买盘
143,14:41:26,6.8,--,60,40800,卖盘
144,14:40:53,6.8,--,180,122604,买盘
145,14:40:26,6.8,0.01,31,21080,买盘
146,14:40:23,6.79,--,30,20370,卖盘
147,14:40:20,6.79,-0.01,10,6790,卖盘
148,14:40:11,6.8,0.01,26,17680,买盘
149,14:40:08,6.79,-0.01,8,5432,卖盘
150,14:40:05,6.8,0.01,10,6800,买盘
151,14:39:56,6.79,--,12,8148,买盘
152,14:39:50,6.79,0.01,28,19012,买盘
153,14:39:44,6.78,-0.01,1,678,卖盘
154,14:39:35,6.79,0.01,147,99813,买盘
155,14:39:29,6.78,--,103,69834,卖盘
156,14:39:14,6.78,--,10,6780,卖盘
157,14:39:05,6.78,0.01,26,17628,卖盘
158,14:38:59,6.77,-0.03,691,467806,卖盘
159,14:38:47,6.8,0.03,10,6800,买盘
160,14:38:41,6.77,-0.02,200,135400,卖盘
161,14:38:32,6.79,0.01,50,33950,买盘
162,14:38:26,6.78,-0.02,220,149160,卖盘
163,14:38:11,6.8,-0.02,1272,865436,卖盘
164,14:37:59,6.82,--,20,13640,卖盘
165,14:37:47,6.82,--,4,2728,卖盘
166,14:37:32,6.82,-0.02,155,105710,卖盘
167,14:37:26,6.84,0.01,20,13680,买盘
168,14:37:23,6.83,-0.01,6,4098,卖盘
169,14:36:47,6.84,--,14,9576,卖盘
170,14:36:41,6.84,--,16,10944,卖盘
171,14:36:35,6.84,--,24,16416,卖盘
172,14:36:26,6.84,--,20,13680,卖盘
173,14:36:20,6.84,--,50,34200,卖盘
174,14:36:08,6.84,-0.01,20,13680,卖盘
175,14:35:56,6.85,--,97,66445,卖盘
176,14:35:47,6.85,--,6,4110,卖盘
177,14:35:44,6.85,--,1,685,卖盘
178,14:34:50,6.85,-0.01,29,19865,卖盘
179,14:34:41,6.86,0.01,22,15092,买盘
180,14:34:35,6.85,-0.01,6,4110,卖盘
181,14:34:20,6.86,--,6,4116,买盘
182,14:34:17,6.86,--,9,6174,卖盘
183,14:34:14,6.86,--,39,26754,买盘
184,14:33:53,6.86,--,31,21266,买盘
185,14:33:44,6.86,-0.01,10,6860,卖盘
186,14:33:32,6.87,0.02,7,4809,买盘
187,14:33:26,6.85,-0.01,20,13700,卖盘
188,14:32:55,6.86,--,12,8232,中性盘
189,14:32:46,6.86,--,28,19208,卖盘
190,14:32:28,6.86,--,16,10976,卖盘
191,14:32:16,6.86,-0.02,16,10976,卖盘
192,14:32:07,6.88,0.02,53,36464,买盘
193,14:31:58,6.86,--,10,6860,卖盘
194,14:31:40,6.86,--,29,19894,买盘
195,14:31:31,6.86,--,1,686,买盘
196,14:31:19,6.86,--,1,686,卖盘
197,14:31:16,6.86,0.01,10,6860,中性盘
198,14:31:04,6.85,--,6,4110,卖盘
199,14:30:58,6.85,--,10,6850,卖盘
200,14:30:52,6.85,-0.01,10,6850,卖盘
201,14:30:40,6.86,-0.01,76,52136,卖盘
202,14:30:34,6.87,--,19,13053,买盘
203,14:30:19,6.87,--,20,13740,买盘
204,14:30:16,6.87,--,9,6183,卖盘
205,14:30:13,6.87,--,30,20610,卖盘
206,14:30:10,6.87,--,20,13740,卖盘
207,14:30:07,6.87,--,6,4122,卖盘
208,14:30:01,6.87,--,19,13053,卖盘
209,14:29:49,6.87,-0.01,10,6870,卖盘
210,14:28:58,6.88,0.01,50,34400,买盘
211,14:28:40,6.87,--,54,37098,买盘
212,14:28:10,6.87,0.02,5,3435,买盘
213,14:26:40,6.85,--,14,9590,买盘
214,14:26:37,6.85,--,5,3425,买盘
215,14:26:25,6.85,--,17,11645,买盘
216,14:26:16,6.85,-0.03,64,43840,中性盘
217,14:25:49,6.88,0.01,6,4128,买盘
218,14:25:37,6.87,--,20,13740,买盘
219,14:25:19,6.87,0.03,23,15801,买盘
220,14:25:16,6.84,-0.03,13,8892,中性盘
221,14:25:04,6.87,0.05,22,15114,买盘
222,14:24:43,6.82,-0.03,32,21824,卖盘
223,14:24:37,6.85,0.03,5,3425,买盘
224,14:24:28,6.82,-0.01,77,52514,卖盘
225,14:24:25,6.83,--,17,12061,买盘
226,14:24:04,6.83,-0.02,82,56238,卖盘
227,14:23:25,6.85,--,100,68500,买盘
228,14:22:58,6.85,0.01,4,2740,买盘
229,14:22:40,6.84,0.01,16,10944,中性盘
230,14:22:19,6.83,-0.01,32,21856,卖盘
231,14:22:04,6.84,-0.01,12,8208,卖盘
232,14:21:43,6.85,--,20,13700,买盘
233,14:21:34,6.85,--,10,6850,买盘
234,14:21:31,6.85,--,10,6850,买盘
235,14:20:22,6.85,-0.01,329,225604,卖盘
236,14:20:07,6.86,-0.01,6,4116,卖盘
237,14:20:01,6.87,--,10,6870,买盘
238,14:19:40,6.87,-0.01,19,13053,中性盘
239,14:19:28,6.88,0.02,6,4128,买盘
240,14:19:04,6.86,-0.01,30,20580,卖盘
241,14:19:01,6.87,--,46,31602,买盘
242,14:18:49,6.87,--,2,1374,买盘
243,14:18:16,6.87,--,19,13053,买盘
244,14:18:04,6.87,--,70,48090,买盘
245,14:17:34,6.87,0.01,115,79005,买盘
246,14:17:16,6.86,--,0,171,卖盘
247,14:17:10,6.86,-0.01,1,686,卖盘
248,14:17:04,6.87,--,30,20610,买盘
249,14:16:58,6.87,--,1,687,买盘
250,14:16:40,6.87,-0.01,68,46716,卖盘
251,14:16:28,6.88,--,50,34400,买盘
252,14:16:19,6.88,0.01,10,6880,买盘
253,14:16:04,6.87,--,20,13740,卖盘
254,14:15:49,6.87,-0.01,30,20610,卖盘
255,14:15:22,6.88,0.01,39,26832,买盘
256,14:15:07,6.87,--,80,54960,卖盘
257,14:14:37,6.87,0.01,137,94119,买盘
258,14:14:34,6.86,-0.01,1,686,中性盘
259,14:14:13,6.87,0.01,273,187551,买盘
260,14:14:07,6.86,0.01,18,12348,买盘
261,14:13:36,6.85,0.01,99,68089,买盘
262,14:13:24,6.84,-0.01,10,6840,卖盘
263,14:13:15,6.85,0.02,10,6850,买盘
264,14:12:48,6.83,-0.02,6,4098,卖盘
265,14:12:30,6.85,--,3,2055,买盘
266,14:12:27,6.85,--,34,23290,买盘
267,14:12:18,6.85,--,17,11645,买盘
268,14:12:00,6.85,--,4,2740,买盘
269,14:11:51,6.85,--,4,2740,买盘
270,14:11:48,6.85,--,17,11645,买盘
271,14:11:39,6.85,0.01,17,11645,买盘
272,14:11:27,6.84,0.01,13,8892,买盘
273,14:11:18,6.83,--,20,13660,卖盘
274,14:11:03,6.83,--,7,5231,卖盘
275,14:10:42,6.83,0.01,18,12294,中性盘
276,14:10:36,6.82,-0.01,20,14171,卖盘
277,14:10:27,6.83,--,10,6830,买盘
278,14:09:42,6.83,--,13,8879,买盘
279,14:09:18,6.83,--,20,13660,买盘
280,14:09:15,6.83,--,2,1366,买盘
281,14:09:12,6.83,--,6,4098,买盘
282,14:09:00,6.83,--,3,2049,买盘
283,14:08:42,6.83,--,17,11611,买盘
284,14:08:27,6.83,--,24,16392,买盘
285,14:07:42,6.83,--,5,3415,买盘
286,14:07:27,6.83,--,6,4098,买盘
287,14:07:18,6.83,0.03,13,8879,买盘
288,14:07:09,6.8,-0.03,1,680,卖盘
289,14:07:06,6.83,--,5,3415,买盘
290,14:06:57,6.83,--,10,6830,买盘
291,14:06:51,6.83,--,1,683,买盘
292,14:05:45,6.83,0.03,10,6830,中性盘
293,14:05:36,6.8,-0.04,558,379712,卖盘
294,14:05:15,6.84,0.01,3,2052,买盘
295,14:05:12,6.83,-0.01,30,20490,卖盘
296,14:05:00,6.84,--,10,6840,买盘
297,14:04:39,6.84,--,62,42408,买盘
298,14:04:30,6.84,--,35,24172,卖盘
299,14:04:21,6.84,0.01,74,51067,买盘
300,14:04:15,6.83,-0.01,10,6830,卖盘
301,14:04:06,6.84,--,55,37620,买盘
302,14:03:57,6.84,--,13,8892,买盘
303,14:03:51,6.84,--,17,11628,买盘
304,14:03:27,6.84,--,3,2052,买盘
305,14:03:15,6.84,0.01,19,12996,买盘
306,14:03:03,6.83,--,5,3415,买盘
307,14:02:57,6.83,--,3,2049,买盘
308,14:02:45,6.83,--,68,46444,买盘
309,14:02:30,6.83,0.01,4,2732,买盘
310,14:02:18,6.82,--,10,6820,买盘
311,14:02:15,6.82,--,4,2728,买盘
312,14:02:00,6.82,--,4,2728,买盘
313,14:01:57,6.82,--,10,6820,买盘
314,14:01:54,6.82,0.01,2,1364,买盘
315,14:01:33,6.81,--,5,3405,买盘
316,14:01:30,6.81,--,6,4085,买盘
317,14:01:27,6.81,--,10,6810,买盘
318,14:01:21,6.81,--,2,1362,买盘
319,14:01:15,6.81,--,10,6810,买盘
320,14:01:12,6.81,--,10,6810,买盘
321,14:01:00,6.81,--,48,32687,买盘
322,14:00:45,6.81,-0.02,59,40179,卖盘
323,14:00:39,6.83,0.03,10,6830,买盘
324,14:00:27,6.8,--,50,34000,卖盘
325,13:59:42,6.8,--,34,23283,买盘
326,13:59:39,6.8,--,12,8160,买盘
327,13:59:36,6.8,--,40,27200,买盘
328,13:59:33,6.8,--,5,3400,买盘
329,13:59:30,6.8,0.01,86,58480,买盘
330,13:59:27,6.79,-0.01,261,177219,卖盘
331,13:59:21,6.8,--,40,27200,买盘
332,13:59:18,6.8,--,40,27200,买盘
333,13:59:12,6.8,--,42,28560,买盘
334,13:59:09,6.8,--,66,44880,买盘
335,13:58:51,6.8,--,10,6800,买盘
336,13:58:51,6.8,--,25,17000,买盘
337,13:58:45,6.8,--,6,4080,买盘
338,13:58:42,6.8,--,50,34000,买盘
339,13:58:39,6.8,--,1,680,买盘
340,13:58:36,6.8,0.01,20,13600,买盘
341,13:58:24,6.79,0.01,10,6790,买盘
342,13:58:21,6.78,--,18,12204,卖盘
343,13:58:18,6.78,--,143,96954,买盘
344,13:58:09,6.78,0.01,11,7458,买盘
345,13:58:06,6.77,-0.01,200,135400,卖盘
346,13:58:00,6.78,--,100,67800,买盘
347,13:57:54,6.78,--,5,3390,买盘
348,13:57:51,6.78,0.01,20,13560,买盘
349,13:57:42,6.77,-0.01,165,111705,卖盘
350,13:57:33,6.78,--,12,8136,卖盘
351,13:57:21,6.78,-0.01,10,6780,卖盘
352,13:57:15,6.79,--,30,20370,买盘
353,13:57:12,6.79,-0.01,15,10185,卖盘
354,13:57:09,6.8,--,7,4760,买盘
355,13:56:57,6.8,--,495,337116,卖盘
356,13:56:51,6.8,--,267,181560,卖盘
357,13:56:45,6.8,-0.02,1190,809363,卖盘
358,13:56:36,6.82,-0.01,25,17050,卖盘
359,13:56:30,6.83,0.02,10,6830,买盘
360,13:56:27,6.81,-0.01,218,148458,卖盘
361,13:56:21,6.82,-0.01,34,23188,卖盘
362,13:56:06,6.83,--,149,101917,卖盘
363,13:55:48,6.83,--,19,12977,卖盘
364,13:55:45,6.83,-0.01,19,12977,卖盘
365,13:55:36,6.84,0.01,1,684,买盘
366,13:55:30,6.83,--,10,6830,卖盘
367,13:55:27,6.83,--,34,23222,卖盘
368,13:55:21,6.83,--,8,5464,卖盘
369,13:55:12,6.83,-0.01,13,8879,卖盘
370,13:55:09,6.84,--,2,1368,买盘
371,13:54:42,6.84,--,18,12312,卖盘
372,13:54:36,6.84,--,3,2052,卖盘
373,13:54:30,6.84,--,20,13680,卖盘
374,13:54:18,6.84,0.01,2,1368,买盘
375,13:54:15,6.83,--,10,6830,卖盘
376,13:54:06,6.83,-0.01,20,13660,卖盘
377,13:53:30,6.84,--,18,12312,卖盘
378,13:53:21,6.84,--,4,2736,卖盘
379,13:53:12,6.84,0.01,3,2052,中性盘
380,13:53:09,6.83,-0.01,90,61470,卖盘
381,13:52:53,6.84,--,10,6840,卖盘
382,13:52:50,6.84,--,23,15732,卖盘
383,13:52:41,6.84,--,40,27360,卖盘
384,13:52:38,6.84,--,60,41040,卖盘
385,13:52:26,6.84,-0.01,29,19836,卖盘
386,13:51:29,6.85,0.01,2,1370,买盘
387,13:51:23,6.84,-0.01,10,6840,卖盘
388,13:51:11,6.85,--,2,1370,买盘
389,13:50:53,6.85,0.01,4,2740,买盘
390,13:50:50,6.84,-0.01,1,684,卖盘
391,13:50:23,6.85,-0.01,10,6850,卖盘
392,13:50:11,6.86,0.02,1,686,买盘
393,13:50:02,6.84,--,10,6840,卖盘
394,13:49:32,6.84,--,5,3420,卖盘
395,13:48:53,6.84,-0.02,15,10260,卖盘
396,13:48:32,6.86,--,2,1372,买盘
397,13:48:29,6.86,--,2,1372,买盘
398,13:48:23,6.86,--,5,3430,买盘
399,13:48:05,6.86,--,30,20580,买盘
400,13:47:35,6.86,--,10,6860,买盘
401,13:46:47,6.86,0.02,10,6860,买盘
402,13:46:26,6.84,--,9,6156,卖盘
403,13:46:23,6.84,--,8,5472,卖盘
404,13:46:11,6.84,--,9,6156,卖盘
405,13:45:53,6.84,-0.01,400,273600,卖盘
406,13:45:50,6.85,-0.01,30,20550,卖盘
407,13:45:47,6.86,0.01,5,3430,买盘
408,13:45:44,6.85,--,2,1370,卖盘
409,13:45:23,6.85,-0.01,50,34250,卖盘
410,13:45:14,6.86,--,18,12348,卖盘
411,13:45:11,6.86,--,13,8918,卖盘
412,13:45:02,6.86,--,20,13720,卖盘
413,13:44:50,6.86,--,15,10290,卖盘
414,13:44:38,6.86,--,7,4802,卖盘
415,13:44:11,6.86,--,3,2058,卖盘
416,13:44:08,6.86,--,31,21266,卖盘
417,13:43:59,6.86,--,42,28812,卖盘
418,13:43:53,6.86,--,40,27440,卖盘
419,13:43:38,6.86,--,10,6860,卖盘
420,13:43:35,6.86,--,160,109760,卖盘
421,13:43:26,6.86,-0.01,10,6860,卖盘
422,13:43:20,6.87,0.01,7,4809,买盘
423,13:43:05,6.86,--,16,10976,卖盘
424,13:42:53,6.86,--,16,10976,卖盘
425,13:42:50,6.86,-0.01,10,6860,卖盘
426,13:42:47,6.87,--,19,13053,卖盘
427,13:42:44,6.87,--,20,13740,卖盘
428,13:42:41,6.87,--,30,20610,卖盘
429,13:42:35,6.87,-0.01,30,20610,卖盘
430,13:41:35,6.88,--,90,61920,买盘
431,13:41:17,6.88,0.01,11,7568,买盘
432,13:40:59,6.87,-0.01,1,687,卖盘
433,13:40:41,6.88,0.01,135,92880,买盘
434,13:40:26,6.87,--,22,15114,买盘
435,13:40:23,6.87,0.01,10,6870,买盘
436,13:39:59,6.86,--,30,20580,卖盘
437,13:39:53,6.86,-0.01,3,2058,卖盘
438,13:39:17,6.87,-0.01,77,52899,卖盘
439,13:38:32,6.88,--,5,3440,买盘
440,13:38:26,6.88,--,10,6880,买盘
441,13:38:23,6.88,--,50,34400,买盘
442,13:38:20,6.88,--,1,688,买盘
443,13:37:50,6.88,0.01,1,688,买盘
444,13:37:38,6.87,--,114,78318,买盘
445,13:37:23,6.87,--,60,41220,买盘
446,13:37:14,6.87,--,10,6870,买盘
447,13:36:56,6.87,--,29,19923,买盘
448,13:36:35,6.87,--,100,68700,买盘
449,13:36:02,6.87,0.01,100,68700,买盘
450,13:35:02,6.86,--,44,30184,卖盘
451,13:34:35,6.86,--,20,13720,卖盘
452,13:34:32,6.86,-0.01,69,47334,卖盘
453,13:34:17,6.87,--,35,24045,买盘
454,13:33:41,6.87,--,91,62517,买盘
455,13:33:31,6.87,--,54,37098,卖盘
456,13:32:49,6.87,--,20,13740,卖盘
457,13:32:43,6.87,--,145,99615,买盘
458,13:32:31,6.87,--,20,13740,买盘
459,13:32:28,6.87,--,1,687,买盘
460,13:32:25,6.87,--,30,20610,买盘
461,13:32:22,6.87,--,11,7557,买盘
462,13:31:58,6.87,0.01,5,3435,买盘
463,13:31:04,6.86,-0.01,9,6174,卖盘
464,13:30:58,6.87,0.01,18,12366,买盘
465,13:30:55,6.86,--,65,44590,买盘
466,13:30:49,6.86,--,20,13720,买盘
467,13:30:46,6.86,--,5,3430,买盘
468,13:30:31,6.86,--,10,6860,买盘
469,13:30:25,6.86,--,2,1372,买盘
470,13:30:16,6.86,0.01,5,3430,买盘
471,13:30:10,6.85,--,58,39730,卖盘
472,13:30:07,6.85,--,10,6850,卖盘
473,13:30:01,6.85,--,30,20550,卖盘
474,13:29:58,6.85,--,79,54252,买盘
475,13:29:55,6.85,--,10,6850,买盘
476,13:29:52,6.85,--,6,4110,买盘
477,13:29:46,6.85,--,5,3425,买盘
478,13:29:31,6.85,0.01,15,10275,买盘
479,13:29:19,6.84,-0.01,11,7524,卖盘
480,13:29:16,6.85,--,1,685,买盘
481,13:28:55,6.85,0.01,20,13700,买盘
482,13:28:49,6.84,--,50,34200,卖盘
483,13:28:46,6.84,--,100,68400,卖盘
484,13:28:13,6.84,-0.01,18,12312,卖盘
485,13:28:10,6.85,--,15,10275,买盘
486,13:27:55,6.85,0.01,20,13700,买盘
487,13:27:34,6.84,-0.01,22,15048,卖盘
488,13:27:25,6.85,--,10,6850,买盘
489,13:27:19,6.85,--,45,30825,卖盘
490,13:27:13,6.85,--,2,1370,卖盘
491,13:26:25,6.85,--,10,6850,卖盘
492,13:26:19,6.85,--,48,32880,卖盘
493,13:26:07,6.85,--,100,68500,卖盘
494,13:26:04,6.85,--,21,14385,卖盘
495,13:25:58,6.85,--,10,6850,卖盘
496,13:25:52,6.85,--,17,11645,卖盘
497,13:25:49,6.85,-0.01,10,6850,卖盘
498,13:25:46,6.86,0.01,46,31556,买盘
499,13:25:10,6.85,-0.01,24,16440,卖盘
500,13:24:52,6.86,--,55,37730,卖盘
501,13:24:46,6.86,--,5,3430,卖盘
502,13:24:43,6.86,--,20,13720,卖盘
503,13:24:19,6.86,--,24,16464,卖盘
504,13:23:52,6.86,--,32,21952,卖盘
505,13:23:46,6.86,-0.01,6,4116,卖盘
506,13:23:40,6.87,0.01,1,687,买盘
507,13:23:34,6.86,--,19,13034,卖盘
508,13:23:31,6.86,--,50,34300,中性盘
509,13:23:19,6.86,0.01,30,20580,卖盘
510,13:23:13,6.85,--,30,20550,卖盘
511,13:23:10,6.85,-0.01,68,46580,卖盘
512,13:22:58,6.86,--,80,54880,卖盘
513,13:21:40,6.86,-0.01,15,10290,卖盘
514,13:21:34,6.87,0.01,60,41220,买盘
515,13:21:22,6.86,--,61,41846,买盘
516,13:21:13,6.86,0.01,10,6860,买盘
517,13:19:28,6.85,--,40,27400,卖盘
518,13:19:10,6.85,--,19,13015,卖盘
519,13:19:07,6.85,-0.01,149,102065,卖盘
520,13:18:52,6.86,-0.01,9,6174,卖盘
521,13:18:19,6.87,0.01,20,13740,买盘
522,13:18:04,6.86,-0.01,10,6860,卖盘
523,13:17:55,6.87,--,53,36411,买盘
524,13:17:13,6.87,--,2,1374,买盘
525,13:17:04,6.87,0.02,20,13740,买盘
526,13:16:28,6.85,-0.01,20,13700,卖盘
527,13:16:13,6.86,-0.01,1,686,卖盘
528,13:16:01,6.87,0.02,5,3435,买盘
529,13:15:49,6.85,-0.02,14,9590,卖盘
530,13:15:37,6.87,--,5,3435,买盘
531,13:15:19,6.87,0.02,16,10992,买盘
532,13:15:10,6.85,--,21,14385,卖盘
533,13:14:55,6.85,-0.02,381,260985,卖盘
534,13:14:52,6.87,--,41,28167,买盘
535,13:14:49,6.87,--,10,6870,买盘
536,13:14:43,6.87,0.01,10,6870,买盘
537,13:14:16,6.86,--,9,6174,卖盘
538,13:13:55,6.86,--,45,30870,卖盘
539,13:13:45,6.86,--,24,16827,买盘
540,13:13:36,6.86,--,10,6860,买盘
541,13:13:06,6.86,0.01,20,13720,买盘
542,13:13:03,6.85,--,102,70191,卖盘
543,13:12:48,6.85,--,5,3425,卖盘
544,13:12:36,6.85,-0.01,20,13700,卖盘
545,13:12:33,6.86,0.01,2,1372,买盘
546,13:12:24,6.85,-0.01,10,6850,卖盘
547,13:11:48,6.86,--,10,6860,买盘
548,13:10:51,6.86,--,60,41160,卖盘
549,13:10:48,6.86,--,5,3430,卖盘
550,13:10:27,6.86,--,20,13720,卖盘
551,13:08:51,6.86,--,60,41160,买盘
552,13:08:33,6.86,0.01,70,48020,中性盘
553,13:07:57,6.85,-0.02,50,34250,卖盘
554,13:07:54,6.87,0.01,250,171750,买盘
555,13:07:42,6.86,-0.01,110,75460,卖盘
556,13:07:30,6.87,0.01,16,10992,买盘
557,13:07:18,6.86,--,8,5488,买盘
558,13:07:09,6.86,--,2,1372,卖盘
559,13:07:03,6.86,0.01,3,2058,买盘
560,13:06:57,6.85,-0.01,10,6850,卖盘
561,13:06:51,6.86,--,10,6860,买盘
562,13:06:45,6.86,0.01,10,6860,买盘
563,13:06:42,6.85,-0.01,7,4795,卖盘
564,13:06:30,6.86,0.01,20,13720,买盘
565,13:06:24,6.85,-0.01,303,207555,卖盘
566,13:06:18,6.86,--,5,3430,买盘
567,13:06:15,6.86,0.01,2,1372,买盘
568,13:05:54,6.85,-0.01,209,143165,卖盘
569,13:05:36,6.86,--,10,6860,买盘
570,13:05:30,6.86,--,137,93982,卖盘
571,13:05:24,6.86,-0.01,10,6860,卖盘
572,13:05:15,6.87,--,50,34350,买盘
573,13:04:51,6.87,0.01,5,3435,买盘
574,13:04:39,6.86,--,25,17150,卖盘
575,13:04:15,6.86,--,3,2058,卖盘
576,13:03:57,6.86,--,15,10290,买盘
577,13:03:18,6.86,0.01,30,20580,买盘
578,13:03:12,6.85,--,49,33565,卖盘
579,13:03:06,6.85,--,7,4795,卖盘
580,13:03:03,6.85,--,140,96263,买盘
581,13:03:00,6.85,--,112,76720,买盘
582,13:02:51,6.85,0.01,20,13700,买盘
583,13:02:45,6.84,-0.01,8,5472,卖盘
584,13:02:39,6.85,--,18,12330,买盘
585,13:02:24,6.85,0.02,20,13700,买盘
586,13:02:15,6.83,--,50,34150,卖盘
587,13:02:03,6.83,-0.02,15,10245,卖盘
588,13:02:00,6.85,0.02,10,6850,买盘
589,13:01:42,6.83,--,38,25954,卖盘
590,13:01:36,6.83,--,3,2049,卖盘
591,13:01:27,6.83,-0.01,21,14343,卖盘
592,13:01:24,6.84,--,16,10944,卖盘
593,13:01:12,6.84,-0.01,36,24624,卖盘
594,13:01:06,6.85,--,50,34250,买盘
595,13:00:51,6.85,--,48,32880,卖盘
596,13:00:36,6.85,--,12,8220,卖盘
597,13:00:24,6.85,-0.01,7,4795,卖盘
598,13:00:12,6.86,--,17,11662,买盘
599,13:00:09,6.86,--,82,56252,买盘
600,13:00:03,6.86,--,41,28126,卖盘
601,11:30:01,6.86,--,6,4116,买盘
602,11:29:49,6.86,--,10,6860,买盘
603,11:29:46,6.86,--,1,686,买盘
604,11:29:43,6.86,--,10,6860,买盘
605,11:29:34,6.86,--,15,10290,卖盘
606,11:29:31,6.86,--,35,24010,买盘
607,11:29:13,6.86,0.03,1,686,买盘
608,11:29:10,6.83,-0.03,114,78258,卖盘
609,11:28:58,6.86,0.02,9,6174,买盘
610,11:28:55,6.84,-0.02,121,82764,卖盘
611,11:28:43,6.86,--,2,1372,买盘
612,11:28:40,6.86,--,7,4802,买盘
613,11:28:31,6.86,--,2,1372,买盘
614,11:28:28,6.86,--,6,4116,卖盘
615,11:28:25,6.86,--,10,6860,卖盘
616,11:28:19,6.86,--,99,67914,买盘
617,11:28:13,6.86,0.01,13,8918,买盘
618,11:28:07,6.85,-0.01,10,6850,卖盘
619,11:28:01,6.86,0.01,2,1372,买盘
620,11:27:52,6.85,--,18,12330,卖盘
621,11:27:46,6.85,-0.01,6,4110,卖盘
622,11:27:43,6.86,0.01,1,686,买盘
623,11:27:40,6.85,--,5,3425,卖盘
624,11:27:34,6.85,--,20,13700,卖盘
625,11:27:31,6.85,0.01,1,685,买盘
626,11:27:25,6.84,-0.02,103,70452,卖盘
627,11:27:13,6.86,0.02,10,6860,买盘
628,11:27:04,6.84,-0.01,20,13680,卖盘
629,11:27:01,6.85,--,33,22605,卖盘
630,11:26:52,6.85,--,45,30825,卖盘
631,11:26:46,6.85,--,43,29455,卖盘
632,11:26:40,6.85,--,111,76035,卖盘
633,11:26:34,6.85,-0.01,40,27400,卖盘
634,11:26:25,6.86,0.01,115,78890,买盘
635,11:26:16,6.85,-0.01,25,17125,卖盘
636,11:26:13,6.86,0.01,30,20580,买盘
637,11:26:07,6.85,--,20,13700,卖盘
638,11:25:58,6.85,-0.02,289,197965,卖盘
639,11:25:43,6.87,0.01,18,12366,买盘
640,11:25:40,6.86,--,23,15778,卖盘
641,11:25:31,6.86,--,19,13034,卖盘
642,11:25:25,6.86,--,16,10976,卖盘
643,11:25:22,6.86,--,35,24010,卖盘
644,11:25:19,6.86,-0.01,19,13034,卖盘
645,11:25:13,6.87,--,60,41220,买盘
646,11:25:10,6.87,--,74,50838,卖盘
647,11:25:07,6.87,-0.01,16,10992,中性盘
648,11:24:46,6.88,-0.01,135,93168,卖盘
649,11:24:43,6.89,0.01,11,7579,买盘
650,11:24:34,6.88,--,88,60544,卖盘
651,11:24:28,6.88,--,5,3440,卖盘
652,11:24:25,6.88,--,38,26144,卖盘
653,11:24:16,6.88,--,30,20640,卖盘
654,11:24:10,6.88,-0.02,204,140352,卖盘
655,11:24:04,6.9,0.01,66,45540,买盘
656,11:23:52,6.89,--,1,689,买盘
657,11:23:37,6.89,0.01,22,15158,中性盘
658,11:23:34,6.88,-0.01,40,27520,卖盘
659,11:23:31,6.89,--,0,399,卖盘
660,11:23:28,6.89,--,36,24804,卖盘
661,11:23:25,6.89,--,76,52364,卖盘
662,11:23:22,6.89,--,40,27560,卖盘
663,11:23:16,6.89,-0.01,72,49608,卖盘
664,11:23:10,6.9,--,6,4140,买盘
665,11:23:01,6.9,--,5,3450,买盘
666,11:22:52,6.9,--,9,6210,买盘
667,11:22:46,6.9,--,2,1380,卖盘
668,11:22:40,6.9,-0.01,30,20700,卖盘
669,11:22:34,6.91,0.01,2,1382,买盘
670,11:22:31,6.9,--,23,15870,卖盘
671,11:22:25,6.9,--,30,20700,卖盘
672,11:22:22,6.9,-0.01,20,13800,卖盘
673,11:22:10,6.91,--,2,1382,卖盘
674,11:22:07,6.91,--,16,11056,卖盘
675,11:21:43,6.91,-0.02,20,13820,卖盘
676,11:21:37,6.93,-0.01,4,2772,买盘
677,11:21:34,6.94,--,28,19723,卖盘
678,11:21:31,6.94,-0.01,55,38170,卖盘
679,11:21:28,6.95,0.01,15,10425,中性盘
680,11:21:16,6.94,-0.02,66,45804,卖盘
681,11:21:13,6.96,--,16,11136,买盘
682,11:21:07,6.96,--,14,9744,卖盘
683,11:21:04,6.96,--,16,11136,卖盘
684,11:21:01,6.96,--,126,87696,卖盘
685,11:20:58,6.96,--,6,4176,卖盘
686,11:20:55,6.96,0.01,45,31320,买盘
687,11:20:28,6.95,--,30,20850,卖盘
688,11:20:07,6.95,0.01,14,10133,买盘
689,11:19:52,6.94,--,6,4164,买盘
690,11:19:43,6.94,-0.01,5,3470,中性盘
691,11:19:28,6.95,0.01,31,21545,买盘
692,11:19:19,6.94,--,8,5552,买盘
693,11:19:10,6.94,0.02,10,6940,买盘
694,11:18:22,6.92,--,20,13840,买盘
695,11:18:13,6.92,--,3,2076,买盘
696,11:18:10,6.92,0.03,1,692,买盘
697,11:17:34,6.89,-0.01,50,34450,卖盘
698,11:17:19,6.9,0.01,5,3450,中性盘
699,11:17:06,6.89,--,20,13780,卖盘
700,11:17:03,6.89,-0.01,28,19292,卖盘
701,11:16:42,6.9,-0.03,40,27600,卖盘
702,11:16:36,6.93,0.03,69,47817,买盘
703,11:16:09,6.9,--,33,22770,买盘
704,11:15:57,6.9,--,20,13800,买盘
705,11:15:51,6.9,-0.01,90,62100,卖盘
706,11:15:48,6.91,-0.02,21,14511,卖盘
707,11:15:45,6.93,0.02,26,18018,买盘
708,11:15:27,6.91,-0.02,8,5528,卖盘
709,11:15:06,6.93,0.01,300,207900,买盘
710,11:15:03,6.92,--,4,2768,卖盘
711,11:15:00,6.92,--,20,13840,卖盘
712,11:14:57,6.92,--,16,11072,卖盘
713,11:14:48,6.92,0.01,10,6920,卖盘
714,11:14:42,6.91,-0.01,56,38696,卖盘
715,11:14:36,6.92,--,30,20760,中性盘
716,11:14:15,6.92,--,65,44980,卖盘
717,11:14:09,6.92,0.02,100,69200,买盘
718,11:14:03,6.9,-0.01,30,20700,卖盘
719,11:14:00,6.91,--,188,129908,买盘
720,11:13:54,6.91,0.01,7,4837,买盘
721,11:13:51,6.9,--,50,34500,卖盘
722,11:13:48,6.9,--,16,11040,卖盘
723,11:13:39,6.9,0.02,114,78660,买盘
724,11:13:24,6.88,--,56,38528,卖盘
725,11:12:54,6.88,--,48,33024,买盘
726,11:12:51,6.88,--,53,36464,买盘
727,11:12:45,6.88,--,67,46096,买盘
728,11:12:39,6.88,--,142,97696,买盘
729,11:12:33,6.88,--,10,6880,买盘
730,11:12:30,6.88,--,63,43344,买盘
731,11:12:27,6.88,--,30,20640,买盘
732,11:12:21,6.88,--,2,1376,买盘
733,11:12:18,6.88,--,24,16512,卖盘
734,11:12:06,6.88,--,52,35776,买盘
735,11:12:00,6.88,0.02,98,67424,买盘
736,11:11:57,6.86,-0.02,14,9604,卖盘
737,11:11:45,6.88,--,162,111456,卖盘
738,11:11:42,6.88,--,30,20640,卖盘
739,11:11:33,6.88,--,45,30960,卖盘
740,11:11:27,6.88,--,7,4816,卖盘
741,11:11:24,6.88,0.03,50,34400,买盘
742,11:11:15,6.85,--,10,6850,卖盘
743,11:11:03,6.85,0.01,9,6165,买盘
744,11:11:00,6.84,--,13,8892,卖盘
745,11:10:51,6.84,0.01,22,15048,买盘
746,11:10:48,6.83,--,59,40297,买盘
747,11:10:45,6.83,-0.01,442,301886,买盘
748,11:10:42,6.84,0.02,5,3420,买盘
749,11:10:39,6.82,-0.02,61,41602,卖盘
750,11:10:33,6.84,--,12,8208,买盘
751,11:10:30,6.84,-0.01,3,2052,卖盘
752,11:10:27,6.85,--,10,6850,买盘
753,11:10:24,6.85,--,37,25345,买盘
754,11:10:18,6.85,--,50,34250,买盘
755,11:10:12,6.85,-0.01,156,106860,卖盘
756,11:10:06,6.86,-0.02,92,63112,卖盘
757,11:10:00,6.88,0.02,10,6880,买盘
758,11:09:57,6.86,0.01,8,5488,卖盘
759,11:09:48,6.85,-0.03,28,19180,卖盘
760,11:09:45,6.88,-0.03,100,68800,卖盘
761,11:09:42,6.91,0.01,66,45606,买盘
762,11:09:36,6.9,-0.01,21,14490,卖盘
763,11:09:30,6.91,0.01,20,13820,买盘
764,11:09:27,6.9,--,204,140760,卖盘
765,11:09:21,6.9,-0.01,26,17940,卖盘
766,11:09:18,6.91,-0.02,89,61499,卖盘
767,11:09:15,6.93,0.01,100,69300,买盘
768,11:09:09,6.92,-0.02,367,253964,卖盘
769,11:09:06,6.94,0.01,10,6940,买盘
770,11:08:51,6.93,-0.01,60,41580,卖盘
771,11:08:39,6.94,--,30,20820,买盘
772,11:08:18,6.94,0.01,100,69400,中性盘
773,11:08:12,6.93,-0.02,300,207900,卖盘
774,11:08:00,6.95,--,20,13900,买盘
775,11:07:54,6.95,--,564,392271,卖盘
776,11:07:51,6.95,-0.02,33,22935,卖盘
777,11:07:45,6.97,--,54,37902,买盘
778,11:07:42,6.97,0.02,2,1394,买盘
779,11:07:33,6.95,--,54,37530,卖盘
780,11:07:30,6.95,--,73,50735,卖盘
781,11:07:27,6.95,--,11,7645,卖盘
782,11:07:12,6.95,-0.01,68,47260,卖盘
783,11:07:09,6.96,-0.01,50,34800,卖盘
784,11:06:54,6.97,0.01,10,6970,买盘
785,11:06:45,6.96,--,56,38976,卖盘
786,11:06:36,6.96,-0.04,66,45936,卖盘
787,11:06:30,7.0,0.04,196,137200,买盘
788,11:06:24,6.96,-0.01,177,123192,卖盘
789,11:06:21,6.97,--,127,88519,卖盘
790,11:06:15,6.97,--,12,8364,卖盘
791,11:06:12,6.97,--,40,27880,卖盘
792,11:06:09,6.97,-0.04,87,60639,卖盘
793,11:06:06,7.01,0.03,30,21030,买盘
794,11:06:00,6.98,--,16,11168,卖盘
795,11:05:54,6.98,-0.02,16,11168,中性盘
796,11:05:51,7.0,0.03,3,2100,买盘
797,11:05:45,6.97,-0.02,112,78064,卖盘
798,11:05:42,6.99,-0.01,26,18174,卖盘
799,11:05:39,7.0,--,30,21000,买盘
800,11:05:30,7.0,0.02,20,14000,买盘
801,11:05:27,6.98,-0.02,33,23034,卖盘
802,11:05:06,7.0,0.01,10,7000,买盘
803,11:05:03,6.99,-0.01,30,20970,卖盘
804,11:05:00,7.0,--,10,7000,买盘
805,11:04:48,7.0,-0.01,115,80500,卖盘
806,11:04:39,7.01,--,3,2103,买盘
807,11:04:36,7.01,0.01,30,21030,买盘
808,11:04:30,7.0,--,1,700,卖盘
809,11:04:24,7.0,--,24,16800,卖盘
810,11:04:18,7.0,--,70,49000,卖盘
811,11:04:06,7.0,--,22,15400,买盘
812,11:03:57,7.0,0.01,6,4200,买盘
813,11:03:45,6.99,0.01,8,5592,买盘
814,11:03:42,6.98,--,38,26524,卖盘
815,11:03:24,6.98,--,17,11866,买盘
816,11:03:18,6.98,0.01,50,34900,买盘
817,11:03:15,6.97,--,5,3485,买盘
818,11:03:12,6.97,-0.01,51,35547,卖盘
819,11:03:09,6.98,0.01,1,698,买盘
820,11:03:06,6.97,-0.01,4,2788,卖盘
821,11:03:03,6.98,0.02,10,6980,买盘
822,11:02:51,6.96,-0.02,90,62640,卖盘
823,11:02:33,6.98,0.01,9,6282,买盘
824,11:02:30,6.97,--,15,10455,卖盘
825,11:02:24,6.97,--,14,9758,卖盘
826,11:02:12,6.97,--,24,16728,卖盘
827,11:02:09,6.97,--,5,3485,卖盘
828,11:02:03,6.97,--,43,29971,买盘
829,11:02:00,6.97,--,46,32062,买盘
830,11:01:42,6.97,0.01,10,6970,买盘
831,11:01:33,6.96,-0.01,7,4872,卖盘
832,11:01:30,6.97,-0.01,37,25789,卖盘
833,11:01:27,6.98,0.01,10,6980,买盘
834,11:01:24,6.97,-0.01,14,9758,卖盘
835,11:01:15,6.98,--,50,34900,买盘
836,11:01:12,6.98,0.02,99,69102,买盘
837,11:01:06,6.96,-0.01,55,38280,卖盘
838,11:01:00,6.97,-0.01,2,1394,卖盘
839,11:00:51,6.98,0.02,42,29316,买盘
840,11:00:48,6.96,--,161,112056,卖盘
841,11:00:36,6.96,--,2,1392,卖盘
842,11:00:27,6.96,--,2,1392,卖盘
843,11:00:24,6.96,-0.01,126,87696,卖盘
844,11:00:18,6.97,-0.01,2,1394,卖盘
845,11:00:15,6.98,0.03,10,6980,买盘
846,11:00:06,6.95,-0.02,111,77145,卖盘
847,11:00:03,6.97,0.01,45,31365,买盘
848,11:00:00,6.96,-0.01,222,154512,卖盘
849,10:59:48,6.97,-0.01,66,46002,卖盘
850,10:59:39,6.98,-0.02,705,492090,卖盘
851,10:59:30,7.0,-0.01,34,23800,卖盘
852,10:59:24,7.01,0.01,20,14020,买盘
853,10:59:18,7.0,--,17,11900,卖盘
854,10:59:06,7.0,--,56,39200,卖盘
855,10:59:03,7.0,-0.01,66,46200,卖盘
856,10:59:00,7.01,--,3,2103,卖盘
857,10:58:54,7.01,--,100,70100,卖盘
858,10:58:42,7.01,--,130,91130,卖盘
859,10:58:30,7.01,-0.01,279,195579,卖盘
860,10:58:24,7.02,0.01,96,67392,中性盘
861,10:58:21,7.01,-0.02,20,14020,卖盘
862,10:58:18,7.03,0.02,10,7030,买盘
863,10:58:12,7.01,-0.01,34,23834,卖盘
864,10:58:09,7.02,--,131,92628,卖盘
865,10:58:03,7.02,-0.01,86,60371,卖盘
866,10:57:57,7.03,--,30,21090,卖盘
867,10:57:54,7.03,--,34,23902,卖盘
868,10:57:45,7.03,-0.02,78,54834,卖盘
869,10:57:42,7.05,0.01,1,705,买盘
870,10:57:39,7.04,--,34,23936,卖盘
871,10:57:30,7.04,-0.01,56,39424,卖盘
872,10:57:27,7.05,0.02,4,2820,买盘
873,10:56:57,7.03,-0.02,39,27417,卖盘
874,10:56:53,7.05,--,161,113681,卖盘
875,10:56:50,7.05,-0.01,150,105750,卖盘
876,10:56:47,7.06,0.01,66,46596,买盘
877,10:56:32,7.05,--,10,7050,卖盘
878,10:56:29,7.05,--,9,6345,卖盘
879,10:56:17,7.05,0.01,85,60453,买盘
880,10:56:05,7.04,--,26,18304,卖盘
881,10:55:44,7.04,--,8,5632,卖盘
882,10:55:32,7.04,0.01,46,32384,买盘
883,10:55:29,7.03,-0.01,10,7030,卖盘
884,10:55:26,7.04,0.01,3,2112,买盘
885,10:55:23,7.03,-0.01,68,47804,卖盘
886,10:55:17,7.04,--,7,4928,买盘
887,10:55:14,7.04,--,8,5632,买盘
888,10:55:11,7.04,-0.01,67,47168,卖盘
889,10:55:05,7.05,0.01,25,17625,买盘
890,10:54:56,7.04,--,100,70400,卖盘
891,10:54:26,7.04,-0.02,102,71808,卖盘
892,10:54:14,7.06,--,85,60010,卖盘
893,10:54:11,7.06,--,30,21180,卖盘
894,10:54:02,7.06,--,9,6354,卖盘
895,10:53:59,7.06,--,8,5648,买盘
896,10:53:56,7.06,0.01,10,7060,买盘
897,10:53:53,7.05,--,50,35250,卖盘
898,10:53:35,7.05,--,19,13395,买盘
899,10:53:26,7.05,0.01,15,10575,买盘
900,10:53:23,7.04,--,33,23232,卖盘
901,10:53:20,7.04,-0.01,30,21120,卖盘
902,10:53:14,7.05,-0.01,156,109980,卖盘
903,10:53:08,7.06,--,77,54362,买盘
904,10:53:05,7.06,--,10,7060,买盘
905,10:52:47,7.06,--,10,7060,买盘
906,10:52:44,7.06,--,1,706,买盘
907,10:52:32,7.06,0.02,6,4236,买盘
908,10:52:20,7.04,--,200,140800,卖盘
909,10:51:56,7.04,-0.01,8,5632,卖盘
910,10:51:44,7.05,--,12,8460,卖盘
911,10:51:32,7.05,0.01,10,7050,买盘
912,10:51:29,7.04,-0.01,5,3520,卖盘
913,10:51:26,7.05,--,5,3525,卖盘
914,10:51:23,7.05,0.01,195,137475,买盘
915,10:51:11,7.04,-0.01,18,12672,中性盘
916,10:51:05,7.05,0.02,83,58515,买盘
917,10:50:59,7.03,-0.01,561,394383,卖盘
918,10:50:56,7.04,--,78,54912,卖盘
919,10:50:50,7.04,--,150,105600,卖盘
920,10:50:38,7.04,-0.01,26,18304,卖盘
921,10:50:35,7.05,--,5,3525,买盘
922,10:50:32,7.05,--,110,77550,买盘
923,10:50:29,7.05,--,20,14100,买盘
924,10:50:23,7.05,--,9,6345,买盘
925,10:50:20,7.05,--,20,14100,买盘
926,10:50:14,7.05,--,94,66270,买盘
927,10:50:08,7.05,-0.01,438,308790,卖盘
928,10:50:05,7.06,0.01,9,6354,买盘
929,10:49:59,7.05,--,90,63450,卖盘
930,10:49:56,7.05,0.01,100,70500,卖盘
931,10:49:41,7.04,--,45,31680,卖盘
932,10:49:38,7.04,-0.01,54,38016,卖盘
933,10:49:32,7.05,--,12,8460,卖盘
934,10:49:23,7.05,--,30,21150,卖盘
935,10:49:14,7.05,--,10,7050,卖盘
936,10:49:11,7.05,0.01,50,35250,买盘
937,10:49:05,7.04,--,15,10560,卖盘
938,10:48:59,7.04,--,141,99264,卖盘
939,10:48:56,7.04,-0.01,20,14080,卖盘
940,10:48:53,7.05,0.01,10,7050,买盘
941,10:48:47,7.04,-0.02,20,14080,卖盘
942,10:48:41,7.06,0.01,60,42360,买盘
943,10:48:35,7.05,--,105,74025,卖盘
944,10:48:29,7.05,--,81,57105,卖盘
945,10:48:14,7.05,--,70,49350,卖盘
946,10:48:05,7.05,-0.02,51,35955,卖盘
947,10:47:59,7.07,--,37,26159,买盘
948,10:47:50,7.07,--,1,707,买盘
949,10:47:47,7.07,0.02,200,141400,买盘
950,10:47:44,7.05,--,6,4230,卖盘
951,10:47:41,7.05,-0.02,63,44415,卖盘
952,10:47:38,7.07,0.01,438,309666,中性盘
953,10:47:32,7.06,-0.01,25,17650,卖盘
954,10:47:29,7.07,--,53,37471,买盘
955,10:47:20,7.07,--,5,3535,买盘
956,10:47:11,7.07,0.01,200,141400,买盘
957,10:47:08,7.06,--,7,4942,卖盘
958,10:47:05,7.06,-0.01,11,7766,卖盘
959,10:46:59,7.07,0.01,13,9191,卖盘
960,10:46:53,7.06,-0.02,17,12002,卖盘
961,10:46:50,7.08,0.02,50,35400,买盘
962,10:46:44,7.06,--,18,12708,卖盘
963,10:46:35,7.06,-0.03,140,98840,卖盘
964,10:46:32,7.09,0.03,362,256658,买盘
965,10:46:29,7.06,--,143,100958,卖盘
966,10:46:23,7.06,--,117,82602,卖盘
967,10:46:17,7.06,--,120,84720,卖盘
968,10:46:11,7.06,--,122,86132,卖盘
969,10:46:05,7.06,--,156,110136,卖盘
970,10:45:56,7.06,-0.02,156,110136,卖盘
971,10:45:47,7.08,--,95,67260,卖盘
972,10:45:41,7.08,--,25,17700,买盘
973,10:45:35,7.08,0.02,10,7080,买盘
974,10:45:29,7.06,-0.03,30,21180,卖盘
975,10:45:23,7.09,0.03,10,7090,买盘
976,10:45:20,7.06,-0.02,12,8472,卖盘
977,10:45:14,7.08,-0.01,70,49560,中性盘
978,10:45:05,7.09,0.03,9,6381,买盘
979,10:45:02,7.06,-0.01,66,46596,卖盘
980,10:44:56,7.07,-0.03,56,39592,卖盘
981,10:44:53,7.1,--,169,119990,买盘
982,10:44:26,7.1,--,164,116440,卖盘
983,10:44:14,7.1,0.03,117,83070,买盘
984,10:44:08,7.07,-0.02,5,3535,卖盘
985,10:44:02,7.09,0.01,20,14180,买盘
986,10:43:26,7.08,0.01,30,21240,买盘
987,10:43:20,7.07,--,6,4242,卖盘
988,10:43:17,7.07,-0.01,11,7777,卖盘
989,10:43:11,7.08,0.01,11,7788,买盘
990,10:42:56,7.07,--,7,4949,卖盘
991,10:42:53,7.07,0.01,13,9191,买盘
992,10:42:47,7.06,--,7,4942,卖盘
993,10:42:44,7.06,-0.01,42,29652,卖盘
994,10:42:35,7.07,0.01,4,2828,买盘
995,10:42:26,7.06,-0.01,90,63540,卖盘
996,10:42:20,7.07,--,2,1414,买盘
997,10:42:17,7.07,0.01,4,2828,买盘
998,10:42:14,7.06,--,604,426424,卖盘
999,10:42:11,7.06,-0.01,2,1412,卖盘
1000,10:42:08,7.07,0.01,30,21210,买盘
1001,10:42:05,7.06,-0.01,2,1412,卖盘
1002,10:42:02,7.07,--,2,1414,买盘
1003,10:41:53,7.07,-0.01,17,12019,卖盘
1004,10:41:50,7.08,0.01,90,63720,买盘
1005,10:41:47,7.07,--,16,11312,卖盘
1006,10:41:44,7.07,--,30,21210,卖盘
1007,10:41:35,7.07,--,2,1414,卖盘
1008,10:41:32,7.07,-0.01,10,7070,卖盘
1009,10:41:29,7.08,0.01,5,3540,买盘
1010,10:41:26,7.07,-0.01,24,16968,卖盘
1011,10:41:14,7.08,-0.01,148,104784,卖盘
1012,10:41:05,7.09,--,10,7090,买盘
1013,10:41:02,7.09,--,5,3545,买盘
1014,10:40:59,7.09,0.01,14,9926,买盘
1015,10:40:53,7.08,-0.01,50,35400,卖盘
1016,10:40:47,7.09,0.01,28,19852,买盘
1017,10:40:35,7.08,0.01,4,2832,买盘
1018,10:40:32,7.07,-0.03,20,14140,卖盘
1019,10:40:29,7.1,0.03,43,30530,买盘
1020,10:40:23,7.07,-0.01,80,56560,卖盘
1021,10:40:08,7.08,-0.03,342,242136,卖盘
1022,10:40:05,7.11,0.01,7,4977,买盘
1023,10:39:56,7.1,--,100,71000,卖盘
1024,10:39:53,7.1,-0.01,135,95850,卖盘
1025,10:39:47,7.11,-0.01,90,63990,卖盘
1026,10:39:44,7.12,0.01,9,6408,买盘
1027,10:39:41,7.11,-0.01,10,7110,卖盘
1028,10:39:38,7.12,--,7,4984,买盘
1029,10:39:35,7.12,-0.01,95,67640,买盘
1030,10:39:29,7.13,0.01,401,285913,买盘
1031,10:39:20,7.12,-0.01,129,91848,卖盘
1032,10:39:17,7.13,0.01,95,67735,买盘
1033,10:39:11,7.12,--,11,7832,卖盘
1034,10:38:59,7.12,--,5,3560,卖盘
1035,10:38:56,7.12,--,40,28480,卖盘
1036,10:38:53,7.12,-0.01,2,1424,卖盘
1037,10:38:50,7.13,0.01,1,713,买盘
1038,10:38:44,7.12,--,12,8544,买盘
1039,10:38:38,7.12,--,25,17800,买盘
1040,10:38:29,7.12,--,1,712,买盘
1041,10:38:26,7.12,--,20,14240,买盘
1042,10:38:20,7.12,--,10,7120,买盘
1043,10:38:17,7.12,-0.03,182,129584,卖盘
1044,10:38:08,7.15,--,8,5720,买盘
1045,10:37:47,7.15,0.03,1,715,买盘
1046,10:37:44,7.12,-0.04,35,24920,卖盘
1047,10:37:26,7.16,0.01,2,1432,买盘
1048,10:37:23,7.15,0.03,12,8580,买盘
1049,10:37:17,7.12,--,220,156640,卖盘
1050,10:37:14,7.12,-0.03,37,26344,卖盘
1051,10:37:11,7.15,--,29,20735,卖盘
1052,10:37:08,7.15,0.03,732,523380,买盘
1053,10:37:05,7.12,--,10,7120,买盘
1054,10:37:02,7.12,--,2,1424,买盘
1055,10:36:59,7.12,0.01,59,42008,买盘
1056,10:36:56,7.11,-0.01,6,4266,卖盘
1057,10:36:53,7.12,--,11,7832,卖盘
1058,10:36:49,7.12,--,30,21360,卖盘
1059,10:36:37,7.12,0.01,57,40584,买盘
1060,10:36:34,7.11,--,95,67545,卖盘
1061,10:36:28,7.11,-0.01,26,18486,卖盘
1062,10:36:22,7.12,--,6,4272,买盘
1063,10:36:16,7.12,--,23,16376,买盘
1064,10:36:13,7.12,0.01,100,71200,买盘
1065,10:36:10,7.11,-0.01,10,7110,中性盘
1066,10:35:58,7.12,--,8,5696,买盘
1067,10:35:55,7.12,0.02,54,38448,买盘
1068,10:35:49,7.1,-0.02,232,164720,卖盘
1069,10:35:46,7.12,--,350,249200,卖盘
1070,10:35:43,7.12,-0.01,43,30616,卖盘
1071,10:35:40,7.13,0.01,7,4991,买盘
1072,10:35:34,7.12,--,515,366680,卖盘
1073,10:35:28,7.12,-0.01,10,7120,卖盘
1074,10:35:25,7.13,--,26,18538,买盘
1075,10:35:22,7.13,--,7,4991,买盘
1076,10:35:19,7.13,--,41,29233,买盘
1077,10:35:16,7.13,-0.01,9,6417,中性盘
1078,10:35:07,7.14,--,100,71400,买盘
1079,10:35:04,7.14,--,44,31416,买盘
1080,10:35:01,7.14,0.01,1,714,买盘
1081,10:34:58,7.13,-0.01,10,7130,中性盘
1082,10:34:55,7.14,-0.01,1,714,中性盘
1083,10:34:52,7.15,0.01,299,213785,买盘
1084,10:34:49,7.14,-0.01,12,8568,中性盘
1085,10:34:46,7.15,0.01,172,122980,买盘
1086,10:34:43,7.14,--,29,20706,买盘
1087,10:34:40,7.14,-0.01,2,1428,中性盘
1088,10:34:31,7.15,-0.01,114,81510,买盘
1089,10:34:25,7.16,-0.01,95,68020,卖盘
1090,10:34:22,7.17,0.02,186,133362,买盘
1091,10:34:16,7.15,--,532,380380,卖盘
1092,10:34:10,7.15,--,88,62920,卖盘
1093,10:34:07,7.15,-0.01,63,45045,卖盘
1094,10:34:04,7.16,0.01,56,40096,买盘
1095,10:34:01,7.15,--,54,38610,卖盘
1096,10:33:55,7.15,--,57,40755,卖盘
1097,10:33:52,7.15,--,135,96525,买盘
1098,10:33:46,7.15,0.01,190,135850,买盘
1099,10:33:43,7.14,0.02,192,137088,买盘
1100,10:33:40,7.12,--,68,48416,卖盘
1101,10:33:37,7.12,--,4,2848,卖盘
1102,10:33:34,7.12,0.02,454,323248,买盘
1103,10:33:28,7.1,-0.01,20,14200,卖盘
1104,10:33:25,7.11,0.01,41,29151,买盘
1105,10:33:22,7.1,--,4,2840,卖盘
1106,10:33:16,7.1,--,50,35500,卖盘
1107,10:33:13,7.1,--,30,21300,卖盘
1108,10:33:10,7.1,0.01,550,390500,买盘
1109,10:33:07,7.09,--,10,7090,卖盘
1110,10:33:01,7.09,--,17,12053,卖盘
1111,10:32:58,7.09,--,10,7090,卖盘
1112,10:32:55,7.09,0.01,319,226171,买盘
1113,10:32:52,7.08,-0.01,70,49560,卖盘
1114,10:32:49,7.09,0.01,20,14180,买盘
1115,10:32:43,7.08,--,22,15576,买盘
1116,10:32:40,7.08,--,20,14160,买盘
1117,10:32:37,7.08,0.01,6,4248,买盘
1118,10:32:34,7.07,-0.01,36,25452,卖盘
1119,10:32:31,7.08,0.01,249,176292,买盘
1120,10:32:28,7.07,--,50,35350,卖盘
1121,10:32:22,7.07,--,3,2121,卖盘
1122,10:32:19,7.07,--,50,35350,卖盘
1123,10:32:16,7.07,0.01,47,33229,买盘
1124,10:32:13,7.06,--,19,13414,卖盘
1125,10:32:04,7.06,-0.02,40,28240,卖盘
1126,10:32:01,7.08,0.01,922,652776,买盘
1127,10:31:55,7.07,0.01,38,26866,中性盘
1128,10:31:46,7.06,-0.01,42,29652,卖盘
1129,10:31:43,7.07,--,660,466620,买盘
1130,10:31:40,7.07,0.01,75,53025,买盘
1131,10:31:34,7.06,--,50,35300,卖盘
1132,10:31:31,7.06,--,80,56480,卖盘
1133,10:31:28,7.06,--,5,3530,卖盘
1134,10:31:25,7.06,--,20,14120,卖盘
1135,10:31:22,7.06,--,20,14120,卖盘
1136,10:31:19,7.06,--,56,39536,买盘
1137,10:31:10,7.06,--,27,19062,买盘
1138,10:31:07,7.06,0.01,47,33182,卖盘
1139,10:31:04,7.05,-0.01,20,14100,卖盘
1140,10:30:58,7.06,--,55,38830,卖盘
1141,10:30:55,7.06,--,41,28981,买盘
1142,10:30:46,7.06,--,116,81896,买盘
1143,10:30:40,7.06,--,6,4236,买盘
1144,10:30:37,7.06,--,266,187796,买盘
1145,10:30:34,7.06,--,87,61422,买盘
1146,10:30:22,7.06,0.01,142,100252,买盘
1147,10:30:13,7.05,0.01,27,19035,买盘
1148,10:30:07,7.04,--,62,43648,买盘
1149,10:29:49,7.04,--,7,4928,卖盘
1150,10:29:43,7.04,-0.01,15,10560,卖盘
1151,10:29:40,7.05,0.01,78,54990,买盘
1152,10:29:37,7.04,-0.01,12,8448,卖盘
1153,10:29:34,7.05,--,10,7050,买盘
1154,10:29:25,7.05,--,25,17625,卖盘
1155,10:29:22,7.05,-0.01,58,40890,卖盘
1156,10:29:19,7.06,--,96,67776,买盘
1157,10:29:04,7.06,--,241,170146,卖盘
1158,10:29:01,7.06,--,10,7060,卖盘
1159,10:28:58,7.06,--,30,21180,卖盘
1160,10:28:55,7.06,--,5,3530,卖盘
1161,10:28:52,7.06,--,72,50832,买盘
1162,10:28:46,7.06,-0.01,32,22592,卖盘
1163,10:28:37,7.07,0.01,968,684376,买盘
1164,10:28:34,7.06,-0.01,12,8472,卖盘
1165,10:28:31,7.07,--,50,35350,卖盘
1166,10:28:28,7.07,--,39,27573,卖盘
1167,10:28:25,7.07,--,23,16261,卖盘
1168,10:28:22,7.07,--,154,108878,卖盘
1169,10:28:13,7.07,0.01,69,48783,买盘
1170,10:28:04,7.06,--,105,74130,卖盘
1171,10:28:01,7.06,-0.02,2,1412,中性盘
1172,10:27:58,7.08,0.01,200,141600,买盘
1173,10:27:55,7.07,0.02,127,89789,买盘
1174,10:27:49,7.05,--,0,373,卖盘
1175,10:27:46,7.05,--,60,42300,卖盘
1176,10:27:43,7.05,--,50,35250,卖盘
1177,10:27:34,7.05,-0.02,445,313725,卖盘
1178,10:27:31,7.07,0.01,150,106050,买盘
1179,10:27:28,7.06,--,70,49420,买盘
1180,10:27:25,7.06,--,32,22592,买盘
1181,10:27:22,7.06,0.01,20,14120,买盘
1182,10:27:16,7.05,0.02,469,330645,买盘
1183,10:27:13,7.03,0.01,264,185592,买盘
1184,10:27:04,7.02,0.01,209,146718,买盘
1185,10:26:55,7.01,--,200,140200,卖盘
1186,10:26:52,7.01,0.01,666,466866,买盘
1187,10:26:40,7.0,0.01,6,4200,买盘
1188,10:26:37,6.99,--,24,16776,买盘
1189,10:26:31,6.99,--,6,4194,买盘
1190,10:26:07,6.99,0.01,100,69900,买盘
1191,10:25:52,6.98,-0.01,2,1396,卖盘
1192,10:25:49,6.99,--,2,1398,买盘
1193,10:25:37,6.99,--,3,2097,买盘
1194,10:25:04,6.99,--,13,9087,卖盘
1195,10:25:01,6.99,--,25,17475,卖盘
1196,10:24:58,6.99,--,12,8388,卖盘
1197,10:24:52,6.99,--,20,13980,卖盘
1198,10:24:43,6.99,-0.01,15,10485,卖盘
1199,10:24:01,7.0,--,218,152600,卖盘
1200,10:23:58,7.0,--,154,107800,卖盘
1201,10:23:55,7.0,--,20,14000,卖盘
1202,10:23:52,7.0,--,300,210000,卖盘
1203,10:23:49,7.0,--,200,140000,卖盘
1204,10:23:43,7.0,--,400,280000,卖盘
1205,10:23:40,7.0,--,80,56000,卖盘
1206,10:23:31,7.0,--,15,10500,卖盘
1207,10:23:25,7.0,--,20,14000,卖盘
1208,10:23:13,7.0,--,40,28000,卖盘
1209,10:23:04,7.0,--,3,2100,卖盘
1210,10:22:58,7.0,--,156,109200,卖盘
1211,10:22:52,7.0,--,76,53200,卖盘
1212,10:22:43,7.0,0.05,473,331100,买盘
1213,10:22:40,6.95,-0.01,15,10425,卖盘
1214,10:22:16,6.96,--,6,4176,卖盘
1215,10:22:13,6.96,--,1,696,卖盘
1216,10:22:07,6.96,-0.01,5,3480,卖盘
1217,10:22:01,6.97,0.01,36,25092,买盘
1218,10:21:37,6.96,-0.01,20,13920,卖盘
1219,10:21:34,6.97,0.01,11,7667,买盘
1220,10:21:22,6.96,--,27,18792,买盘
1221,10:21:13,6.96,--,8,5568,买盘
1222,10:21:04,6.96,-0.01,4,2784,卖盘
1223,10:20:55,6.97,--,8,5576,买盘
1224,10:20:52,6.97,-0.01,37,25789,卖盘
1225,10:20:43,6.98,0.01,7,4886,买盘
1226,10:20:40,6.97,0.01,10,6970,卖盘
1227,10:20:28,6.96,--,3,2088,买盘
1228,10:20:25,6.96,--,6,4176,买盘
1229,10:20:22,6.96,-0.02,127,88392,卖盘
1230,10:20:07,6.98,--,2,1396,卖盘
1231,10:20:01,6.98,--,22,15356,卖盘
1232,10:19:58,6.98,--,2,1396,卖盘
1233,10:19:49,6.98,0.02,37,25826,买盘
1234,10:19:25,6.96,--,10,6960,卖盘
1235,10:19:07,6.96,-0.02,80,55680,中性盘
1236,10:17:27,6.98,0.02,104,72592,买盘
1237,10:17:09,6.96,-0.02,100,69600,卖盘
1238,10:16:57,6.98,--,1,698,买盘
1239,10:16:54,6.98,--,13,9074,买盘
1240,10:16:51,6.98,--,101,70498,买盘
1241,10:16:45,6.98,--,6,4188,卖盘
1242,10:16:39,6.98,-0.01,11,7678,卖盘
1243,10:16:36,6.99,--,30,20970,买盘
1244,10:16:33,6.99,--,41,28659,买盘
1245,10:16:30,6.99,0.01,37,25863,买盘
1246,10:16:27,6.98,-0.01,90,62820,卖盘
1247,10:16:21,6.99,--,1,699,买盘
1248,10:16:15,6.99,--,1,699,买盘
1249,10:16:06,6.99,--,1,699,买盘
1250,10:16:03,6.99,--,1,699,买盘
1251,10:15:54,6.99,--,1,699,买盘
1252,10:15:51,6.99,--,1,699,买盘
1253,10:15:45,6.99,--,1,699,买盘
1254,10:15:39,6.99,--,1,699,买盘
1255,10:15:36,6.99,--,15,10485,买盘
1256,10:15:33,6.99,--,7,4893,买盘
1257,10:15:27,6.99,--,1,699,买盘
1258,10:15:24,6.99,--,1,699,买盘
1259,10:15:18,6.99,0.03,3,2097,买盘
1260,10:15:15,6.96,-0.03,145,100920,卖盘
1261,10:15:09,6.99,--,1,699,买盘
1262,10:15:06,6.99,--,1,699,买盘
1263,10:14:57,6.99,0.01,2,1398,买盘
1264,10:14:54,6.98,-0.01,12,8376,卖盘
1265,10:14:51,6.99,0.01,2,1398,买盘
1266,10:14:45,6.98,-0.01,22,15356,卖盘
1267,10:14:36,6.99,--,2,1398,买盘
1268,10:14:36,6.99,--,2,1398,买盘
1269,10:14:27,6.99,--,2,1398,买盘
1270,10:14:24,6.99,--,1,699,买盘
1271,10:14:21,6.99,--,12,8388,买盘
1272,10:14:18,6.99,--,3,2097,买盘
1273,10:14:15,6.99,--,1,699,买盘
1274,10:14:12,6.99,--,2,1398,买盘
1275,10:14:09,6.99,--,1,699,买盘
1276,10:14:06,6.99,--,2,1398,买盘
1277,10:14:00,6.99,--,1,699,买盘
1278,10:13:51,6.99,0.01,1,699,买盘
1279,10:13:45,6.98,-0.01,9,6624,卖盘
1280,10:13:42,6.99,0.01,1,699,买盘
1281,10:13:39,6.98,-0.01,9,6282,卖盘
1282,10:13:33,6.99,0.01,2,1398,买盘
1283,10:13:15,6.98,-0.01,9,6282,卖盘
1284,10:13:12,6.99,0.02,42,29714,买盘
1285,10:13:03,6.97,-0.01,42,29274,卖盘
1286,10:12:42,6.98,--,6,4188,买盘
1287,10:12:36,6.98,-0.01,0,342,卖盘
1288,10:12:30,6.99,--,10,6990,买盘
1289,10:12:15,6.99,0.01,1,699,买盘
1290,10:12:09,6.98,--,8,5584,卖盘
1291,10:11:57,6.98,0.02,3,2094,卖盘
1292,10:11:45,6.96,0.01,6,4530,买盘
1293,10:11:42,6.95,-0.01,8,5560,卖盘
1294,10:11:33,6.96,--,1,1037,卖盘
1295,10:11:24,6.96,--,95,66474,买盘
1296,10:11:21,6.96,0.01,18,12528,买盘
1297,10:11:09,6.95,-0.03,140,97779,卖盘
1298,10:11:06,6.98,0.01,15,10470,买盘
1299,10:10:57,6.97,-0.01,80,55760,卖盘
1300,10:10:39,6.98,-0.01,8,5584,卖盘
1301,10:10:36,6.99,--,7,4893,买盘
1302,10:10:06,6.99,0.03,3,2097,买盘
1303,10:10:00,6.96,-0.03,209,145464,卖盘
1304,10:09:57,6.99,-0.01,17,11883,卖盘
1305,10:09:39,7.0,0.01,13,9100,买盘
1306,10:09:15,6.99,0.01,18,12582,买盘
1307,10:09:09,6.98,-0.01,5,3490,卖盘
1308,10:09:06,6.99,-0.01,13,9087,买盘
1309,10:08:42,7.0,--,13,9100,买盘
1310,10:08:39,7.0,--,48,33600,买盘
1311,10:08:33,7.0,--,69,48300,买盘
1312,10:08:21,7.0,--,25,17500,卖盘
1313,10:08:00,7.0,-0.01,16,11200,卖盘
1314,10:07:57,7.01,0.01,6,4206,买盘
1315,10:07:54,7.0,--,50,35000,卖盘
1316,10:07:48,7.0,-0.01,163,114100,卖盘
1317,10:07:33,7.01,0.01,142,99542,买盘
1318,10:07:27,7.0,--,5,3500,卖盘
1319,10:07:24,7.0,0.02,617,431900,买盘
1320,10:07:21,6.98,0.01,13,9074,买盘
1321,10:07:06,6.97,--,1,697,卖盘
1322,10:06:57,6.97,-0.01,5,3485,卖盘
1323,10:06:54,6.98,--,27,18846,买盘
1324,10:06:42,6.98,--,8,5584,买盘
1325,10:06:27,6.98,--,33,23034,买盘
1326,10:06:15,6.98,--,14,9772,买盘
1327,10:06:09,6.98,--,36,25128,买盘
1328,10:06:00,6.98,--,13,9074,买盘
1329,10:05:48,6.98,0.01,6,4188,买盘
1330,10:05:45,6.97,--,10,6970,买盘
1331,10:05:42,6.97,-0.01,8,5576,卖盘
1332,10:05:36,6.98,0.01,8,5584,买盘
1333,10:05:33,6.97,-0.01,10,6970,卖盘
1334,10:05:30,6.98,--,13,9074,买盘
1335,10:05:27,6.98,--,12,8376,买盘
1336,10:05:24,6.98,--,16,11168,买盘
1337,10:05:21,6.98,--,14,9772,买盘
1338,10:05:15,6.98,--,7,4886,买盘
1339,10:05:06,6.98,--,14,9772,买盘
1340,10:05:03,6.98,0.02,1,698,中性盘
1341,10:04:33,6.96,-0.01,154,107184,卖盘
1342,10:04:03,6.97,--,5,3840,买盘
1343,10:03:54,6.97,--,64,44608,买盘
1344,10:03:48,6.97,--,8,5576,买盘
1345,10:03:15,6.97,0.01,70,48790,买盘
1346,10:03:09,6.96,--,24,16704,卖盘
1347,10:03:06,6.96,--,190,132240,卖盘
1348,10:02:45,6.96,--,10,6960,卖盘
1349,10:02:39,6.96,-0.01,15,10440,卖盘
1350,10:02:33,6.97,--,5,3485,买盘
1351,10:02:00,6.97,0.01,2,1394,买盘
1352,10:01:57,6.96,--,1,696,卖盘
1353,10:01:54,6.96,--,10,6960,卖盘
1354,10:01:51,6.96,--,10,6960,卖盘
1355,10:01:45,6.96,--,12,8352,买盘
1356,10:01:39,6.96,--,58,40368,卖盘
1357,10:01:36,6.96,-0.01,45,31320,卖盘
1358,10:01:33,6.97,0.01,50,34850,买盘
1359,10:01:30,6.96,--,8,5568,卖盘
1360,10:01:06,6.96,-0.01,50,34800,卖盘
1361,10:01:00,6.97,--,8,5576,买盘
1362,10:00:54,6.97,--,35,24395,买盘
1363,10:00:42,6.97,-0.01,225,157166,卖盘
1364,10:00:39,6.98,--,10,6980,买盘
1365,10:00:33,6.98,--,3,2094,买盘
1366,10:00:30,6.98,--,203,141694,买盘
1367,10:00:27,6.98,--,6,4188,买盘
1368,10:00:18,6.98,--,4,2792,买盘
1369,10:00:12,6.98,--,11,7678,卖盘
1370,10:00:09,6.98,-0.01,5,3490,卖盘
1371,10:00:06,6.99,0.01,19,13281,买盘
1372,09:59:54,6.98,--,18,12564,卖盘
1373,09:59:42,6.98,--,14,9772,卖盘
1374,09:59:36,6.98,--,58,40484,卖盘
1375,09:59:33,6.98,--,10,6980,卖盘
1376,09:59:30,6.98,--,13,9074,卖盘
1377,09:59:27,6.98,--,100,69800,卖盘
1378,09:59:18,6.98,--,100,69800,卖盘
1379,09:59:15,6.98,--,300,209400,卖盘
1380,09:58:51,6.98,--,7,4886,卖盘
1381,09:58:42,6.98,--,25,17450,卖盘
1382,09:58:33,6.98,-0.01,20,13960,卖盘
1383,09:57:54,6.99,0.01,8,5592,买盘
1384,09:57:51,6.98,--,185,129130,卖盘
1385,09:57:45,6.98,--,57,39786,卖盘
1386,09:57:20,6.98,--,8,5584,卖盘
1387,09:56:56,6.98,--,21,14658,卖盘
1388,09:56:41,6.98,-0.01,30,20940,卖盘
1389,09:56:20,6.99,0.01,1,699,中性盘
1390,09:56:14,6.98,-0.01,50,34900,卖盘
1391,09:56:08,6.99,--,70,48930,买盘
1392,09:56:05,6.99,--,59,41241,买盘
1393,09:55:56,6.99,--,35,24465,买盘
1394,09:55:53,6.99,--,16,11184,买盘
1395,09:55:32,6.99,--,10,6990,买盘
1396,09:55:23,6.99,--,6,4194,买盘
1397,09:55:14,6.99,0.01,5,3495,买盘
1398,09:55:05,6.98,-0.01,13,9074,卖盘
1399,09:54:56,6.99,--,12,8388,买盘
1400,09:54:44,6.99,--,30,20970,买盘
1401,09:54:41,6.99,0.01,10,6990,买盘
1402,09:54:17,6.98,-0.01,7,4886,卖盘
1403,09:54:08,6.99,--,5,3495,买盘
1404,09:54:05,6.99,--,10,6990,买盘
1405,09:53:53,6.99,--,10,6990,买盘
1406,09:53:41,6.99,--,30,20970,买盘
1407,09:53:38,6.99,--,8,5592,买盘
1408,09:53:17,6.99,--,20,13980,买盘
1409,09:53:02,6.99,-0.01,11,7689,买盘
1410,09:52:47,7.0,0.03,8,5600,买盘
1411,09:52:44,6.97,-0.01,75,52275,卖盘
1412,09:52:38,6.98,-0.02,1,698,卖盘
1413,09:52:32,7.0,0.02,10,7000,买盘
1414,09:52:14,6.98,-0.01,180,125640,卖盘
1415,09:52:05,6.99,-0.01,29,20271,卖盘
1416,09:51:56,7.0,0.02,23,16100,买盘
1417,09:51:14,6.98,-0.01,8,5584,卖盘
1418,09:51:05,6.99,0.01,5,3851,买盘
1419,09:50:32,6.98,--,1,698,买盘
1420,09:50:26,6.98,--,36,25128,买盘
1421,09:50:23,6.98,0.01,9,6282,买盘
1422,09:50:20,6.97,-0.01,2,1394,卖盘
1423,09:50:17,6.98,--,3,2094,买盘
1424,09:50:14,6.98,--,2,1396,买盘
1425,09:50:11,6.98,-0.01,50,34900,卖盘
1426,09:50:05,6.99,--,6,4194,买盘
1427,09:49:56,6.99,0.01,2,1398,买盘
1428,09:49:50,6.98,--,20,13960,卖盘
1429,09:49:32,6.98,--,7,4886,买盘
1430,09:49:26,6.98,0.01,12,8376,买盘
1431,09:49:23,6.97,--,5,3485,卖盘
1432,09:49:08,6.97,-0.01,30,20910,卖盘
1433,09:48:32,6.98,0.01,10,6980,卖盘
1434,09:48:23,6.97,-0.02,6,4182,卖盘
1435,09:48:02,6.99,--,3,2097,买盘
1436,09:47:59,6.99,-0.01,147,103095,卖盘
1437,09:47:53,7.0,--,10,7000,买盘
1438,09:47:38,7.0,0.01,3,2100,买盘
1439,09:47:32,6.99,--,28,19928,买盘
1440,09:47:29,6.99,0.01,40,27960,买盘
1441,09:47:26,6.98,-0.01,50,34900,卖盘
1442,09:47:17,6.99,0.01,15,10485,买盘
1443,09:47:14,6.98,-0.01,5,3490,卖盘
1444,09:47:05,6.99,-0.01,416,291126,卖盘
1445,09:46:59,7.0,-0.01,67,46900,卖盘
1446,09:46:47,7.01,--,3,2103,买盘
1447,09:46:41,7.01,--,161,112861,卖盘
1448,09:46:14,7.01,-0.01,19,13319,卖盘
1449,09:45:44,7.02,-0.01,133,93366,卖盘
1450,09:45:38,7.03,0.01,20,14060,买盘
1451,09:45:29,7.02,-0.01,50,35100,卖盘
1452,09:45:23,7.03,--,45,31635,买盘
1453,09:45:11,7.03,0.01,144,101232,买盘
1454,09:45:08,7.02,-0.01,50,35100,卖盘
1455,09:45:05,7.03,--,9,6327,买盘
1456,09:44:59,7.03,--,113,79439,卖盘
1457,09:44:38,7.03,-0.01,13,9139,卖盘
1458,09:44:29,7.04,--,23,16192,买盘
1459,09:44:11,7.04,--,20,14080,卖盘
1460,09:44:08,7.04,0.01,124,87296,买盘
1461,09:44:02,7.03,-0.01,5,3515,卖盘
1462,09:43:56,7.04,0.01,12,8448,买盘
1463,09:43:44,7.03,--,50,35150,卖盘
1464,09:43:41,7.03,--,256,179968,买盘
1465,09:43:38,7.03,--,1,703,买盘
1466,09:42:59,7.03,0.01,75,52725,买盘
1467,09:42:56,7.02,--,20,14040,卖盘
1468,09:42:44,7.02,--,1,702,卖盘
1469,09:42:35,7.02,--,132,92664,卖盘
1470,09:42:26,7.02,--,10,7020,卖盘
1471,09:42:11,7.02,--,20,14040,卖盘
1472,09:41:59,7.02,-0.01,14,9828,卖盘
1473,09:41:53,7.03,0.01,6,4218,买盘
1474,09:41:47,7.02,-0.01,4,2808,卖盘
1475,09:41:41,7.03,0.01,23,16169,买盘
1476,09:41:26,7.02,-0.01,7,4914,卖盘
1477,09:41:23,7.03,--,2,1406,买盘
1478,09:41:14,7.03,--,50,35150,买盘
1479,09:41:11,7.03,--,30,21090,买盘
1480,09:40:41,7.03,-0.01,50,35150,卖盘
1481,09:40:26,7.04,0.01,1,704,买盘
1482,09:40:14,7.03,-0.01,10,7030,卖盘
1483,09:40:11,7.04,--,62,43648,买盘
1484,09:39:59,7.04,--,10,7040,买盘
1485,09:39:56,7.04,0.01,35,24640,买盘
1486,09:39:50,7.03,--,40,28120,卖盘
1487,09:39:41,7.03,-0.01,102,71706,卖盘
1488,09:39:26,7.04,--,2,1408,买盘
1489,09:39:17,7.04,0.01,11,7744,买盘
1490,09:38:56,7.03,--,43,30229,买盘
1491,09:38:50,7.03,-0.01,49,34447,中性盘
1492,09:38:19,7.04,0.01,20,14080,买盘
1493,09:38:16,7.03,-0.01,64,44992,卖盘
1494,09:38:04,7.04,--,31,21824,卖盘
1495,09:37:52,7.04,--,79,55616,买盘
1496,09:37:49,7.04,0.01,30,21120,买盘
1497,09:37:34,7.03,--,48,33744,买盘
1498,09:37:25,7.03,0.01,21,14763,买盘
1499,09:36:58,7.02,-0.01,30,21060,卖盘
1500,09:36:55,7.03,--,3,2109,买盘
1501,09:36:46,7.03,--,5,3515,买盘
1502,09:36:43,7.03,0.01,7,4921,买盘
1503,09:36:31,7.02,--,10,7020,卖盘
1504,09:36:25,7.02,0.01,256,179712,买盘
1505,09:36:13,7.01,--,70,49070,中性盘
1506,09:35:49,7.01,--,30,21030,卖盘
1507,09:35:46,7.01,--,6,4206,卖盘
1508,09:35:37,7.01,--,11,7711,买盘
1509,09:35:25,7.01,--,16,11216,买盘
1510,09:35:04,7.01,--,6,4206,买盘
1511,09:34:55,7.01,--,64,44864,买盘
1512,09:34:46,7.01,--,10,7010,买盘
1513,09:34:43,7.01,--,1,701,买盘
1514,09:34:34,7.01,0.01,40,28040,中性盘
1515,09:34:07,7.0,-0.01,49,34300,卖盘
1516,09:34:04,7.01,-0.01,35,24535,中性盘
1517,09:33:52,7.02,0.01,10,7020,买盘
1518,09:33:46,7.01,0.01,6,4206,买盘
1519,09:33:40,7.0,-0.01,14,9800,卖盘
1520,09:33:37,7.01,--,65,45565,买盘
1521,09:33:28,7.01,0.01,7,5264,买盘
1522,09:33:25,7.0,--,12,8400,买盘
1523,09:33:22,7.0,-0.01,55,38843,卖盘
1524,09:33:16,7.01,0.01,138,96738,买盘
1525,09:33:10,7.0,--,50,35357,买盘
1526,09:33:01,7.0,--,94,65800,卖盘
1527,09:32:49,7.0,-0.01,42,29400,卖盘
1528,09:32:46,7.01,--,1,701,买盘
1529,09:32:43,7.01,0.01,16,11216,买盘
1530,09:32:34,7.0,-0.01,100,70000,卖盘
1531,09:32:19,7.01,0.01,3,2103,买盘
1532,09:32:16,7.0,-0.02,27,18900,卖盘
1533,09:32:01,7.02,--,34,23868,买盘
1534,09:31:58,7.02,0.01,45,31589,买盘
1535,09:31:55,7.01,--,100,70100,卖盘
1536,09:31:43,7.01,--,105,73605,卖盘
1537,09:31:40,7.01,--,13,9113,卖盘
1538,09:31:31,7.01,--,12,8412,买盘
1539,09:31:22,7.01,--,30,21030,买盘
1540,09:31:19,7.01,--,20,14020,买盘
1541,09:31:16,7.01,--,5,3505,买盘
1542,09:31:04,7.01,--,1,701,买盘
1543,09:30:55,7.01,--,1,701,买盘
1544,09:30:49,7.01,--,47,32947,买盘
1545,09:30:46,7.01,--,10,7010,买盘
1546,09:30:37,7.01,0.01,17,11917,买盘
1547,09:30:34,7.0,--,3,2100,买盘
1548,09:30:31,7.0,0.02,5,3500,买盘
1549,09:30:22,6.98,-0.02,20,13960,卖盘
1550,09:30:19,7.0,0.02,42,29400,买盘
1551,09:30:07,6.98,--,37,25826,卖盘
1552,09:30:04,6.98,--,114,79572,买盘
1553,09:26:01,6.98,--,0,0,买盘
1554,09:25:04,6.98,6.98,3,2094,买盘
