,time,price,change,volume,amount,type
0,15:00:18,22.7,-0.03,2447,5554690,买盘
1,14:57:12,22.73,--,0,0,卖盘
2,14:57:03,22.73,-0.03,304,691764,卖盘
3,14:56:57,22.76,0.01,195,443820,买盘
4,14:56:54,22.75,--,68,154700,买盘
5,14:56:51,22.75,--,33,75075,买盘
6,14:56:48,22.75,--,127,288925,买盘
7,14:56:42,22.75,--,88,200200,买盘
8,14:56:39,22.75,0.01,201,457275,买盘
9,14:56:36,22.74,--,1,2274,卖盘
10,14:56:33,22.74,-0.01,20,45480,卖盘
11,14:56:30,22.75,0.01,14,31850,买盘
12,14:56:27,22.74,-0.01,35,79590,卖盘
13,14:56:24,22.75,0.01,34,77350,买盘
14,14:56:21,22.74,-0.01,178,404772,卖盘
15,14:56:18,22.75,--,25,56875,买盘
16,14:56:15,22.75,0.01,39,88725,买盘
17,14:56:12,22.74,-0.01,11,25014,卖盘
18,14:56:09,22.75,--,37,84175,买盘
19,14:56:06,22.75,--,9,20475,买盘
20,14:56:03,22.75,-0.01,146,333560,卖盘
21,14:56:00,22.76,--,5,11380,卖盘
22,14:55:57,22.76,--,35,80524,买盘
23,14:55:54,22.76,0.01,82,186632,买盘
24,14:55:48,22.75,-0.01,158,359450,卖盘
25,14:55:45,22.76,0.01,320,728320,买盘
26,14:55:42,22.75,--,61,138775,买盘
27,14:55:39,22.75,--,11,25025,买盘
28,14:55:36,22.75,0.01,4,9100,买盘
29,14:55:33,22.74,-0.02,155,352470,卖盘
30,14:55:27,22.76,0.01,315,716940,买盘
31,14:55:24,22.75,--,33,75075,买盘
32,14:55:21,22.75,--,15,34125,买盘
33,14:55:18,22.75,0.01,27,61425,卖盘
34,14:55:15,22.74,-0.01,81,184194,卖盘
35,14:55:12,22.75,-0.01,52,118300,买盘
36,14:55:09,22.76,0.01,11,25036,买盘
37,14:55:06,22.75,--,52,118300,卖盘
38,14:55:03,22.75,-0.01,49,111475,卖盘
39,14:55:00,22.76,0.02,42,95592,买盘
40,14:54:57,22.74,-0.02,118,268332,卖盘
41,14:54:54,22.76,0.01,266,606918,买盘
42,14:54:48,22.75,--,21,47775,买盘
43,14:54:42,22.75,--,23,52325,买盘
44,14:54:39,22.75,--,196,446673,卖盘
45,14:54:36,22.75,-0.02,36,81900,卖盘
46,14:54:33,22.77,--,116,264132,买盘
47,14:54:30,22.77,0.02,41,93357,买盘
48,14:54:27,22.75,-0.01,8,18200,卖盘
49,14:54:24,22.76,--,130,295880,卖盘
50,14:54:21,22.76,0.01,158,359608,中性盘
51,14:54:18,22.75,-0.01,218,495950,卖盘
52,14:54:15,22.76,--,70,159320,买盘
53,14:54:12,22.76,--,84,191184,买盘
54,14:54:09,22.76,-0.01,40,91040,卖盘
55,14:54:06,22.77,--,38,86526,买盘
56,14:54:03,22.77,0.01,5,11385,买盘
57,14:54:00,22.76,-0.01,38,86488,卖盘
58,14:53:57,22.77,-0.01,107,243639,卖盘
59,14:53:51,22.78,--,24,54672,买盘
60,14:53:48,22.78,-0.01,14,31892,卖盘
61,14:53:45,22.79,0.01,15,34185,买盘
62,14:53:42,22.78,--,124,282472,买盘
63,14:53:30,22.78,--,47,107066,卖盘
64,14:53:27,22.78,--,4,9112,卖盘
65,14:53:24,22.78,--,17,38726,卖盘
66,14:53:21,22.78,--,88,200464,买盘
67,14:53:18,22.78,--,75,170850,买盘
68,14:53:15,22.78,0.01,33,75174,买盘
69,14:53:12,22.77,--,40,91080,卖盘
70,14:53:06,22.77,0.02,33,75141,买盘
71,14:53:06,22.75,-0.03,43,97825,卖盘
72,14:53:00,22.78,0.02,40,91120,买盘
73,14:52:56,22.76,-0.02,72,163872,卖盘
74,14:52:50,22.78,--,94,214132,买盘
75,14:52:47,22.78,--,50,113900,卖盘
76,14:52:44,22.78,--,32,72896,卖盘
77,14:52:41,22.78,0.01,3,6834,卖盘
78,14:52:38,22.77,-0.02,14,31878,卖盘
79,14:52:35,22.79,0.02,77,175483,买盘
80,14:52:26,22.77,--,10,22770,卖盘
81,14:52:23,22.77,--,28,63756,卖盘
82,14:52:20,22.77,--,4,9108,卖盘
83,14:52:17,22.77,--,5,11385,中性盘
84,14:52:14,22.77,0.01,31,70587,中性盘
85,14:52:11,22.76,0.01,1,2276,中性盘
86,14:52:08,22.75,--,141,320775,卖盘
87,14:52:05,22.75,--,4,9100,卖盘
88,14:52:02,22.75,--,27,61425,卖盘
89,14:51:59,22.75,--,33,75075,卖盘
90,14:51:56,22.75,--,23,52325,卖盘
91,14:51:53,22.75,--,11,26526,买盘
92,14:51:47,22.75,--,110,250250,买盘
93,14:51:44,22.75,--,7,15925,买盘
94,14:51:41,22.75,--,1,2275,买盘
95,14:51:38,22.75,--,9,20475,买盘
96,14:51:35,22.75,--,18,40950,买盘
97,14:51:32,22.75,0.01,12,27300,买盘
98,14:51:26,22.74,--,235,534390,卖盘
99,14:51:20,22.74,--,58,131892,卖盘
100,14:51:17,22.74,-0.01,38,86412,卖盘
101,14:51:14,22.75,0.01,248,564200,买盘
102,14:51:11,22.74,--,32,72768,买盘
103,14:51:08,22.74,--,52,118247,买盘
104,14:51:05,22.74,--,6,13643,买盘
105,14:51:02,22.74,--,35,79590,买盘
106,14:50:59,22.74,0.01,13,29561,买盘
107,14:50:56,22.73,--,175,397775,卖盘
108,14:50:47,22.73,-0.01,14,31822,卖盘
109,14:50:44,22.74,--,5,11370,买盘
110,14:50:41,22.74,0.02,213,484361,买盘
111,14:50:35,22.72,-0.01,41,93152,卖盘
112,14:50:32,22.73,--,49,111377,买盘
113,14:50:29,22.73,--,80,181840,买盘
114,14:50:26,22.73,--,201,456873,买盘
115,14:50:23,22.73,0.01,50,113650,买盘
116,14:50:20,22.72,--,9,20448,卖盘
117,14:50:17,22.72,--,7,15904,卖盘
118,14:50:11,22.72,--,8,18176,卖盘
119,14:50:08,22.72,--,25,56800,卖盘
120,14:50:02,22.72,-0.01,24,54528,卖盘
121,14:49:59,22.73,0.01,31,70463,买盘
122,14:49:56,22.72,--,15,34080,买盘
123,14:49:53,22.72,0.01,7,15904,买盘
124,14:49:50,22.71,-0.02,21,47691,卖盘
125,14:49:47,22.73,0.01,432,981936,中性盘
126,14:49:41,22.72,--,5,11360,卖盘
127,14:49:38,22.72,-0.01,66,149952,卖盘
128,14:49:35,22.73,--,107,243211,买盘
129,14:49:29,22.73,0.01,21,47733,买盘
130,14:49:26,22.72,-0.01,146,331712,卖盘
131,14:49:23,22.73,--,20,45460,买盘
132,14:49:20,22.73,0.01,18,40914,买盘
133,14:49:17,22.72,-0.03,115,261280,卖盘
134,14:49:14,22.75,0.02,153,348075,买盘
135,14:49:11,22.73,0.01,3,6819,中性盘
136,14:49:05,22.72,--,6,13632,卖盘
137,14:49:02,22.72,-0.01,20,45440,卖盘
138,14:48:59,22.73,0.01,27,61371,买盘
139,14:48:56,22.72,--,54,122688,卖盘
140,14:48:53,22.72,--,59,134048,买盘
141,14:48:47,22.72,--,13,29536,买盘
142,14:48:44,22.72,-0.01,24,54528,卖盘
143,14:48:41,22.73,0.01,21,47733,买盘
144,14:48:38,22.72,--,36,81792,买盘
145,14:48:35,22.72,0.01,15,34080,买盘
146,14:48:32,22.71,0.01,101,229371,卖盘
147,14:48:26,22.7,-0.01,52,118040,卖盘
148,14:48:23,22.71,0.01,48,109008,买盘
149,14:48:20,22.7,-0.01,325,737750,卖盘
150,14:48:17,22.71,0.01,183,415593,买盘
151,14:48:14,22.7,-0.01,67,152090,卖盘
152,14:48:11,22.71,0.01,70,158970,买盘
153,14:48:08,22.7,-0.01,18,40860,卖盘
154,14:48:05,22.71,--,26,59046,买盘
155,14:48:02,22.71,--,53,120363,买盘
156,14:47:56,22.71,--,161,365631,卖盘
157,14:47:50,22.71,-0.01,125,283875,卖盘
158,14:47:47,22.72,--,41,93152,买盘
159,14:47:44,22.72,0.01,303,689188,买盘
160,14:47:41,22.71,--,118,267978,卖盘
161,14:47:38,22.71,-0.01,66,149886,卖盘
162,14:47:35,22.72,0.01,52,118144,买盘
163,14:47:32,22.71,-0.01,39,88569,卖盘
164,14:47:29,22.72,--,10,22720,买盘
165,14:47:26,22.72,--,170,386240,买盘
166,14:47:23,22.72,--,31,70432,卖盘
167,14:47:20,22.72,-0.01,61,138592,卖盘
168,14:47:14,22.73,-0.01,6,13638,买盘
169,14:47:11,22.74,0.02,1,2274,买盘
170,14:47:08,22.72,-0.03,289,656608,卖盘
171,14:47:05,22.75,--,23,52325,买盘
172,14:47:02,22.75,--,60,136500,买盘
173,14:46:59,22.75,--,112,254800,卖盘
174,14:46:56,22.75,--,241,548275,卖盘
175,14:46:50,22.75,--,126,286650,卖盘
176,14:46:47,22.75,--,49,111475,卖盘
177,14:46:44,22.75,-0.01,52,118300,卖盘
178,14:46:41,22.76,0.01,35,79660,买盘
179,14:46:38,22.75,-0.01,67,152425,卖盘
180,14:46:35,22.76,-0.01,147,334572,卖盘
181,14:46:32,22.77,0.01,10,22770,买盘
182,14:46:29,22.76,-0.01,25,56900,卖盘
183,14:46:26,22.77,--,31,70587,买盘
184,14:46:23,22.77,--,1,2277,买盘
185,14:46:20,22.77,--,35,79695,买盘
186,14:46:17,22.77,-0.01,3,6831,卖盘
187,14:46:14,22.78,-0.01,51,116178,卖盘
188,14:46:11,22.79,--,37,84323,买盘
189,14:46:08,22.79,0.01,10,22790,买盘
190,14:46:05,22.78,--,9,20502,卖盘
191,14:46:02,22.78,-0.01,169,384982,卖盘
192,14:45:59,22.79,--,179,407941,卖盘
193,14:45:56,22.79,--,40,91160,卖盘
194,14:45:53,22.79,-0.01,85,193715,卖盘
195,14:45:50,22.8,--,2,4560,买盘
196,14:45:47,22.8,--,21,47880,买盘
197,14:45:41,22.8,--,7,15960,卖盘
198,14:45:38,22.8,--,347,791160,卖盘
199,14:45:35,22.8,--,92,209760,卖盘
200,14:45:32,22.8,-0.01,118,269746,卖盘
201,14:45:26,22.81,-0.01,1,2281,卖盘
202,14:45:23,22.82,--,3,6846,买盘
203,14:45:20,22.82,-0.01,6,13692,买盘
204,14:45:14,22.83,0.01,11,25112,卖盘
205,14:45:11,22.82,-0.01,345,787290,卖盘
206,14:45:05,22.83,0.01,4,9132,买盘
207,14:45:02,22.82,--,10,22820,卖盘
208,14:44:59,22.82,-0.01,103,235046,卖盘
209,14:44:56,22.83,--,17,38811,买盘
210,14:44:53,22.83,--,5,11415,买盘
211,14:44:50,22.83,-0.02,195,446760,卖盘
212,14:44:44,22.85,0.02,36,82260,买盘
213,14:44:41,22.83,-0.02,20,45660,卖盘
214,14:44:35,22.85,--,24,54840,买盘
215,14:44:32,22.85,0.02,24,54840,买盘
216,14:44:29,22.83,-0.04,19,43377,卖盘
217,14:44:23,22.87,-0.01,32,73184,卖盘
218,14:44:20,22.88,0.01,3,6864,买盘
219,14:44:17,22.87,0.02,180,411660,买盘
220,14:44:14,22.85,--,6,13710,买盘
221,14:44:11,22.85,-0.03,201,459285,卖盘
222,14:44:08,22.88,0.01,57,130416,买盘
223,14:44:05,22.87,-0.01,38,86906,卖盘
224,14:44:02,22.88,--,1,2288,买盘
225,14:43:56,22.88,-0.01,110,252801,卖盘
226,14:43:53,22.89,-0.01,15,34335,卖盘
227,14:43:50,22.9,0.01,27,61829,买盘
228,14:43:47,22.89,-0.01,15,34335,中性盘
229,14:43:41,22.9,--,2,4580,买盘
230,14:43:38,22.9,--,5,11450,卖盘
231,14:43:35,22.9,-0.01,9,20610,卖盘
232,14:43:32,22.91,-0.01,3,6873,中性盘
233,14:43:26,22.92,0.02,2,4584,中性盘
234,14:43:23,22.9,0.02,4,9160,中性盘
235,14:43:20,22.88,-0.02,134,307758,卖盘
236,14:43:17,22.9,-0.01,105,241572,卖盘
237,14:43:14,22.91,-0.01,8,18328,卖盘
238,14:43:11,22.92,0.01,16,36672,中性盘
239,14:43:08,22.91,--,49,113427,卖盘
240,14:43:05,22.91,--,21,48111,卖盘
241,14:43:02,22.91,--,7,16037,卖盘
242,14:42:56,22.91,--,6,13746,卖盘
243,14:42:53,22.91,0.01,14,32074,卖盘
244,14:42:50,22.9,-0.01,100,229000,卖盘
245,14:42:47,22.91,0.01,7,16037,买盘
246,14:42:44,22.9,--,16,36640,卖盘
247,14:42:41,22.9,-0.04,20,45800,卖盘
248,14:42:29,22.94,0.03,51,118118,买盘
249,14:42:26,22.91,--,42,96222,卖盘
250,14:42:20,22.91,--,20,46988,卖盘
251,14:42:14,22.91,--,16,36656,买盘
252,14:42:11,22.91,0.02,25,57275,买盘
253,14:42:08,22.89,-0.01,67,153363,卖盘
254,14:42:05,22.9,--,2,4580,卖盘
255,14:41:59,22.9,--,3,6870,买盘
256,14:41:56,22.9,0.01,11,25190,买盘
257,14:41:53,22.89,0.01,3,6867,中性盘
258,14:41:50,22.88,--,15,34320,卖盘
259,14:41:44,22.88,--,2,4576,卖盘
260,14:41:41,22.88,0.01,22,50336,买盘
261,14:41:35,22.87,-0.01,83,189821,卖盘
262,14:41:32,22.88,0.01,3,6864,买盘
263,14:41:29,22.87,--,75,171525,卖盘
264,14:41:23,22.87,--,2,4574,买盘
265,14:41:17,22.87,--,30,68610,买盘
266,14:41:11,22.87,--,66,150942,买盘
267,14:41:08,22.87,0.04,11,25157,买盘
268,14:40:59,22.83,-0.01,22,50225,中性盘
269,14:40:50,22.84,0.02,5,11420,中性盘
270,14:40:41,22.82,--,64,146048,买盘
271,14:40:38,22.82,--,15,34230,买盘
272,14:40:35,22.82,0.01,2,4564,买盘
273,14:40:29,22.81,-0.01,4,9124,卖盘
274,14:40:26,22.82,0.01,20,45640,买盘
275,14:40:17,22.81,0.01,13,29653,买盘
276,14:40:14,22.8,--,7,15960,买盘
277,14:40:11,22.8,-0.01,17,38760,卖盘
278,14:40:08,22.81,--,13,29653,卖盘
279,14:40:02,22.81,--,25,57025,卖盘
280,14:39:59,22.81,0.01,34,77554,买盘
281,14:39:56,22.8,-0.01,2,4560,卖盘
282,14:39:53,22.81,0.01,2,4562,买盘
283,14:39:44,22.8,0.04,48,109440,中性盘
284,14:39:38,22.76,--,20,45520,卖盘
285,14:39:35,22.76,-0.05,70,159320,卖盘
286,14:39:32,22.81,-0.01,11,25091,卖盘
287,14:39:29,22.82,--,112,255584,买盘
288,14:39:26,22.82,0.02,255,581910,买盘
289,14:39:17,22.8,-0.01,106,241680,卖盘
290,14:39:14,22.81,--,64,145984,中性盘
291,14:39:08,22.81,--,29,66149,买盘
292,14:39:05,22.81,--,37,84397,买盘
293,14:39:02,22.81,--,15,34215,买盘
294,14:38:59,22.81,--,16,36496,买盘
295,14:38:53,22.81,0.01,363,828003,买盘
296,14:38:50,22.8,-0.01,24,54720,卖盘
297,14:38:47,22.81,--,61,139141,买盘
298,14:38:44,22.81,-0.01,32,72992,卖盘
299,14:38:41,22.82,0.01,7,15974,买盘
300,14:38:38,22.81,0.01,28,63868,中性盘
301,14:38:32,22.8,--,386,880080,卖盘
302,14:38:29,22.8,--,30,68400,卖盘
303,14:38:26,22.8,-0.01,19,43320,卖盘
304,14:38:23,22.81,-0.06,44,100364,卖盘
305,14:38:20,22.87,0.06,25,57175,买盘
306,14:38:14,22.81,-0.05,31,70711,卖盘
307,14:38:11,22.86,0.01,9,20574,买盘
308,14:38:08,22.85,--,3,6855,买盘
309,14:38:05,22.85,-0.01,79,180515,卖盘
310,14:38:02,22.86,-0.01,14,32004,卖盘
311,14:37:59,22.87,--,1,2287,买盘
312,14:37:56,22.87,--,17,38879,买盘
313,14:37:47,22.87,--,4,9148,买盘
314,14:37:41,22.87,--,10,22870,买盘
315,14:37:38,22.87,-0.03,20,45740,卖盘
316,14:37:35,22.9,0.03,14,32059,买盘
317,14:37:32,22.87,-0.04,86,196682,卖盘
318,14:37:26,22.91,0.01,10,22910,买盘
319,14:37:23,22.9,-0.01,58,132820,卖盘
320,14:37:17,22.91,0.01,3,6873,买盘
321,14:37:14,22.9,-0.01,10,22900,卖盘
322,14:37:11,22.91,--,6,13746,买盘
323,14:37:08,22.91,0.01,1,2291,买盘
324,14:37:05,22.9,-0.03,42,96180,卖盘
325,14:37:02,22.93,0.03,5,11465,买盘
326,14:36:59,22.9,-0.01,225,515249,卖盘
327,14:36:56,22.91,-0.03,2,4582,卖盘
328,14:36:53,22.94,0.03,3,6882,买盘
329,14:36:50,22.91,-0.03,72,164952,卖盘
330,14:36:47,22.94,-0.01,16,36704,卖盘
331,14:36:44,22.95,--,5,11475,买盘
332,14:36:38,22.95,--,4,9180,卖盘
333,14:36:35,22.95,-0.02,113,259335,卖盘
334,14:36:32,22.97,--,5,11485,买盘
335,14:36:23,22.97,--,30,68910,买盘
336,14:36:20,22.97,0.01,9,20673,买盘
337,14:36:17,22.96,-0.01,5,11480,卖盘
338,14:36:14,22.97,--,1,2297,买盘
339,14:36:11,22.97,--,13,29861,卖盘
340,14:36:08,22.97,-0.01,20,45940,卖盘
341,14:36:05,22.98,0.01,35,80430,买盘
342,14:36:02,22.97,--,15,34455,卖盘
343,14:35:59,22.97,-0.01,173,397381,卖盘
344,14:35:56,22.98,--,12,27576,卖盘
345,14:35:53,22.98,-0.01,25,57450,卖盘
346,14:35:50,22.99,-0.01,18,41382,卖盘
347,14:35:44,23.0,--,6,13800,买盘
348,14:35:38,23.0,-0.01,478,1099400,卖盘
349,14:35:35,23.01,--,2,4602,卖盘
350,14:35:29,23.01,0.01,13,29913,买盘
351,14:35:26,23.0,-0.01,41,94300,卖盘
352,14:35:20,23.01,0.01,2,4602,买盘
353,14:35:14,23.0,-0.01,13,29900,卖盘
354,14:35:11,23.01,--,62,142662,卖盘
355,14:35:08,23.01,--,100,230100,卖盘
356,14:35:05,23.01,--,20,46020,卖盘
357,14:34:59,23.01,--,15,34515,卖盘
358,14:34:53,23.01,--,53,121953,卖盘
359,14:34:50,23.01,-0.01,34,78234,卖盘
360,14:34:41,23.02,--,5,11510,买盘
361,14:34:26,23.02,--,6,13812,中性盘
362,14:34:20,23.02,--,10,23020,中性盘
363,14:34:08,23.02,--,12,27624,卖盘
364,14:34:05,23.02,-0.01,50,115100,卖盘
365,14:34:02,23.03,--,4,9212,买盘
366,14:33:56,23.03,--,5,11515,买盘
367,14:33:53,23.03,--,5,11515,买盘
368,14:33:47,23.03,-0.01,21,48363,卖盘
369,14:33:41,23.04,0.01,5,11520,买盘
370,14:33:38,23.03,-0.01,2,4606,卖盘
371,14:33:32,23.04,-0.02,4,9216,中性盘
372,14:33:26,23.06,0.02,8,18448,买盘
373,14:33:23,23.04,-0.02,51,117504,卖盘
374,14:33:11,23.06,--,5,11530,买盘
375,14:33:01,23.06,--,1,2306,买盘
376,14:32:58,23.06,0.02,2,4612,买盘
377,14:32:55,23.04,--,6,13824,卖盘
378,14:32:52,23.04,--,20,46080,卖盘
379,14:32:46,23.04,--,11,25344,买盘
380,14:32:40,23.04,-0.02,1,2304,卖盘
381,14:32:34,23.06,0.03,1,2306,买盘
382,14:32:19,23.03,-0.03,2,4606,卖盘
383,14:32:16,23.06,--,5,11530,买盘
384,14:32:10,23.06,--,7,16142,卖盘
385,14:32:01,23.06,-0.01,18,41508,卖盘
386,14:31:55,23.07,0.01,2,4614,买盘
387,14:31:52,23.06,--,6,13836,卖盘
388,14:31:46,23.06,--,20,46120,买盘
389,14:31:43,23.06,--,5,11530,买盘
390,14:31:40,23.06,0.04,16,36896,买盘
391,14:31:19,23.02,0.01,3,6906,卖盘
392,14:31:16,23.01,--,1,2301,卖盘
393,14:31:10,23.01,0.01,8,18408,中性盘
394,14:30:55,23.0,-0.07,21,48300,卖盘
395,14:30:52,23.07,--,1,2307,买盘
396,14:30:46,23.07,--,10,23070,买盘
397,14:30:40,23.07,-0.01,6,13842,买盘
398,14:30:34,23.08,0.07,96,221567,买盘
399,14:30:28,23.01,-0.06,222,510822,卖盘
400,14:30:25,23.07,-0.01,210,484470,卖盘
401,14:30:19,23.08,--,4,9232,买盘
402,14:30:16,23.08,--,36,85072,卖盘
403,14:30:13,23.08,--,61,140788,卖盘
404,14:30:10,23.08,0.01,26,60331,中性盘
405,14:30:01,23.07,-0.01,20,46140,卖盘
406,14:29:55,23.08,--,10,23080,买盘
407,14:29:52,23.08,-0.01,6,13847,卖盘
408,14:29:43,23.09,0.01,3,6927,买盘
409,14:29:40,23.08,--,10,23080,卖盘
410,14:29:28,23.08,0.01,3,6923,买盘
411,14:29:25,23.07,--,4,9228,卖盘
412,14:29:13,23.07,--,18,41526,买盘
413,14:29:04,23.07,0.02,11,25377,买盘
414,14:29:01,23.05,--,6,13830,买盘
415,14:28:58,23.05,--,12,27660,买盘
416,14:28:55,23.05,--,1,2305,买盘
417,14:28:52,23.05,--,3,6915,买盘
418,14:28:46,23.05,--,13,29965,买盘
419,14:28:34,23.05,--,23,53015,买盘
420,14:28:31,23.05,--,17,39185,买盘
421,14:28:28,23.05,--,6,13830,买盘
422,14:28:19,23.05,0.02,30,69150,买盘
423,14:28:16,23.03,0.02,5,11515,中性盘
424,14:27:49,23.01,0.01,37,85137,买盘
425,14:27:46,23.0,-0.01,7,16100,卖盘
426,14:27:40,23.01,0.01,1,2301,买盘
427,14:27:37,23.0,--,12,27600,买盘
428,14:27:34,23.0,--,15,34500,买盘
429,14:27:28,23.0,--,7,16100,买盘
430,14:27:25,23.0,--,36,82800,买盘
431,14:27:22,23.0,--,33,75900,买盘
432,14:27:19,23.0,--,10,23000,买盘
433,14:27:13,23.0,--,28,64400,买盘
434,14:27:10,23.0,--,80,184000,买盘
435,14:27:07,23.0,--,12,27600,买盘
436,14:27:04,23.0,--,41,94300,买盘
437,14:26:58,23.0,--,2,4600,买盘
438,14:26:55,23.0,0.01,10,23000,买盘
439,14:26:49,22.99,-0.01,3,6896,卖盘
440,14:26:43,23.0,--,16,36800,卖盘
441,14:26:28,23.0,--,16,36800,买盘
442,14:26:19,23.0,--,1,2300,买盘
443,14:26:16,23.0,0.01,4,9200,买盘
444,14:26:13,22.99,-0.01,12,27587,卖盘
445,14:26:10,23.0,--,3,6900,买盘
446,14:26:01,23.0,--,4,9200,买盘
447,14:25:58,23.0,0.01,13,29900,买盘
448,14:25:49,22.99,--,5,11495,卖盘
449,14:25:46,22.99,--,12,27587,买盘
450,14:25:37,22.99,0.01,6,13793,买盘
451,14:25:31,22.98,-0.01,25,57450,卖盘
452,14:25:19,22.99,-0.01,5,11495,卖盘
453,14:25:10,23.0,--,50,115000,买盘
454,14:25:07,23.0,0.02,13,29900,买盘
455,14:24:49,22.98,--,10,22980,卖盘
456,14:24:43,22.98,-0.01,7,16086,卖盘
457,14:24:40,22.99,0.01,9,20691,买盘
458,14:24:31,22.98,--,2,4596,卖盘
459,14:24:28,22.98,-0.01,2,4596,卖盘
460,14:24:22,22.99,--,2,4598,买盘
461,14:24:16,22.99,0.01,10,22990,买盘
462,14:24:13,22.98,-0.01,2,4596,卖盘
463,14:24:01,22.99,--,5,11495,买盘
464,14:23:58,22.99,0.01,6,13793,买盘
465,14:23:52,22.98,-0.01,5,11490,卖盘
466,14:23:49,22.99,--,7,16092,买盘
467,14:23:46,22.99,--,23,52877,买盘
468,14:23:43,22.99,0.01,3,6896,买盘
469,14:23:40,22.98,-0.01,20,45960,卖盘
470,14:23:37,22.99,--,10,22990,买盘
471,14:23:31,22.99,--,23,52877,买盘
472,14:23:25,22.99,--,32,73568,买盘
473,14:23:22,22.99,-0.01,126,289674,卖盘
474,14:23:16,23.0,--,4,9200,买盘
475,14:23:13,23.0,0.01,2,4600,买盘
476,14:23:10,22.99,-0.01,5,11495,卖盘
477,14:23:07,23.0,--,1,2300,买盘
478,14:23:04,23.0,0.01,5,11500,买盘
479,14:23:01,22.99,-0.01,10,22990,卖盘
480,14:22:52,23.0,--,17,39100,卖盘
481,14:22:49,23.0,--,3,6900,卖盘
482,14:22:46,23.0,--,20,46000,卖盘
483,14:22:40,23.0,--,5,11500,卖盘
484,14:22:37,23.0,--,44,101200,买盘
485,14:22:31,23.0,--,11,25300,买盘
486,14:22:28,23.0,--,3,6900,买盘
487,14:22:25,23.0,--,10,23000,买盘
488,14:22:19,23.0,0.01,86,197800,买盘
489,14:22:16,22.99,-0.01,1,2299,卖盘
490,14:22:13,23.0,--,11,25300,买盘
491,14:22:07,23.0,0.01,20,46000,买盘
492,14:22:04,22.99,--,2,4598,卖盘
493,14:22:01,22.99,--,7,16092,卖盘
494,14:21:34,22.99,0.01,31,71269,买盘
495,14:21:31,22.98,-0.01,20,45960,卖盘
496,14:21:28,22.99,--,3,6896,买盘
497,14:21:25,22.99,--,17,39083,买盘
498,14:21:16,22.99,--,1,2299,买盘
499,14:21:13,22.99,-0.01,1,2299,中性盘
500,14:21:10,23.0,--,48,110400,买盘
501,14:21:01,23.0,0.02,5,11500,买盘
502,14:20:55,22.98,0.01,9,20682,卖盘
503,14:20:49,22.97,-0.01,20,45940,卖盘
504,14:20:46,22.98,--,13,29874,买盘
505,14:20:40,22.98,--,3,6894,买盘
506,14:20:28,22.98,--,20,45960,买盘
507,14:20:25,22.98,--,2,4596,买盘
508,14:20:22,22.98,--,57,130986,买盘
509,14:20:10,22.98,--,97,222906,买盘
510,14:20:07,22.98,--,10,22980,买盘
511,14:20:04,22.98,-0.02,176,404448,卖盘
512,14:20:01,23.0,--,22,50600,买盘
513,14:19:58,23.0,--,8,18400,买盘
514,14:19:55,23.0,--,2,4600,买盘
515,14:19:52,23.0,--,4,9200,买盘
516,14:19:49,23.0,-0.01,42,96600,卖盘
517,14:19:34,23.01,--,18,41418,买盘
518,14:19:28,23.01,0.01,4,9204,买盘
519,14:19:22,23.0,0.01,3,6900,中性盘
520,14:19:19,22.99,-0.02,30,68970,卖盘
521,14:19:13,23.01,0.01,100,230100,买盘
522,14:19:10,23.0,--,2,4600,买盘
523,14:18:58,23.0,--,10,23000,买盘
524,14:18:55,23.0,0.01,30,69000,买盘
525,14:18:52,22.99,-0.01,11,25289,卖盘
526,14:18:49,23.0,--,22,50600,买盘
527,14:18:37,23.0,--,1,2300,买盘
528,14:18:34,23.0,--,68,156400,买盘
529,14:18:25,23.0,--,15,34500,买盘
530,14:18:22,23.0,--,90,207000,买盘
531,14:18:19,23.0,--,101,232300,卖盘
532,14:18:13,23.0,-0.01,9,20700,卖盘
533,14:18:07,23.01,0.01,7,16107,买盘
534,14:18:04,23.0,-0.01,43,98900,卖盘
535,14:17:55,23.01,-0.01,40,92040,卖盘
536,14:17:52,23.02,0.01,20,46040,买盘
537,14:17:49,23.01,-0.01,2,4602,卖盘
538,14:17:46,23.02,--,5,11510,买盘
539,14:17:40,23.02,--,5,11510,买盘
540,14:17:34,23.02,-0.01,61,140422,卖盘
541,14:17:28,23.03,--,5,11515,买盘
542,14:17:22,23.03,0.01,7,16121,买盘
543,14:17:16,23.02,-0.02,35,80570,卖盘
544,14:17:10,23.04,--,8,18432,买盘
545,14:17:01,23.04,-0.01,27,62208,卖盘
546,14:16:58,23.05,--,13,29965,买盘
547,14:16:46,23.05,--,21,48405,买盘
548,14:16:43,23.05,-0.03,279,643095,卖盘
549,14:16:40,23.08,--,7,16155,卖盘
550,14:16:28,23.08,--,2,4616,卖盘
551,14:16:25,23.08,0.02,74,170792,买盘
552,14:16:22,23.06,--,4,9224,卖盘
553,14:16:19,23.06,--,2,4612,买盘
554,14:16:07,23.06,--,2,4612,买盘
555,14:16:04,23.06,-0.01,42,96852,卖盘
556,14:15:58,23.07,-0.01,33,76131,卖盘
557,14:15:55,23.08,0.01,28,64623,买盘
558,14:15:49,23.07,0.02,137,316059,买盘
559,14:15:46,23.05,-0.02,102,235110,卖盘
560,14:15:40,23.07,0.01,15,34605,买盘
561,14:15:37,23.06,-0.01,2,4612,卖盘
562,14:15:34,23.07,--,11,25377,中性盘
563,14:15:31,23.07,--,1,2307,买盘
564,14:15:28,23.07,0.02,5,11535,买盘
565,14:15:25,23.05,-0.02,63,145215,卖盘
566,14:15:22,23.07,--,5,11535,买盘
567,14:15:10,23.07,0.02,20,46140,买盘
568,14:15:07,23.05,--,50,115250,中性盘
569,14:14:52,23.05,0.01,1,2305,买盘
570,14:14:49,23.04,0.01,2,4608,中性盘
571,14:14:46,23.03,0.01,4,9235,买盘
572,14:14:37,23.02,--,1,2302,卖盘
573,14:14:34,23.02,--,13,29926,买盘
574,14:14:28,23.02,0.02,10,23020,买盘
575,14:14:25,23.0,-0.01,20,46000,卖盘
576,14:14:22,23.01,--,20,46020,买盘
577,14:14:19,23.01,--,25,57525,买盘
578,14:14:10,23.01,--,6,13806,买盘
579,14:14:07,23.01,0.01,23,52923,买盘
580,14:14:04,23.0,--,59,135700,买盘
581,14:13:58,23.0,0.01,201,462300,买盘
582,14:13:49,22.99,--,24,55175,买盘
583,14:13:46,22.99,0.01,7,16092,买盘
584,14:13:43,22.98,-0.01,98,225204,卖盘
585,14:13:39,22.99,--,4,9196,买盘
586,14:13:36,22.99,0.01,40,91960,买盘
587,14:13:27,22.98,--,3,6894,卖盘
588,14:13:24,22.98,--,24,55152,买盘
589,14:13:21,22.98,--,3,6894,买盘
590,14:13:18,22.98,0.01,1,2298,买盘
591,14:13:12,22.97,--,58,133226,买盘
592,14:13:09,22.97,--,100,229700,买盘
593,14:13:06,22.97,--,3,6891,买盘
594,14:13:03,22.97,--,13,29861,买盘
595,14:13:00,22.97,0.01,1,2297,买盘
596,14:12:57,22.96,-0.01,53,121688,卖盘
597,14:12:54,22.97,0.01,10,22970,买盘
598,14:12:48,22.96,--,26,59696,买盘
599,14:12:39,22.96,--,13,29848,买盘
600,14:12:36,22.96,--,16,36736,买盘
601,14:12:33,22.96,--,12,27552,买盘
602,14:12:30,22.96,--,2,4592,买盘
603,14:12:27,22.96,--,2,4592,买盘
604,14:12:24,22.96,0.02,2,4592,买盘
605,14:12:21,22.94,-0.02,36,82584,卖盘
606,14:12:18,22.96,0.01,28,64288,买盘
607,14:12:15,22.95,--,8,18360,买盘
608,14:12:12,22.95,--,16,36720,买盘
609,14:12:09,22.95,--,2,4590,买盘
610,14:11:57,22.95,--,4,9180,买盘
611,14:11:54,22.95,--,25,57375,买盘
612,14:11:51,22.95,--,2,4590,买盘
613,14:11:45,22.95,--,6,13770,买盘
614,14:11:42,22.95,--,3,6885,买盘
615,14:11:39,22.95,--,33,75735,卖盘
616,14:11:33,22.95,-0.01,6,13770,卖盘
617,14:11:27,22.96,--,9,20664,买盘
618,14:11:24,22.96,-0.01,8,18368,中性盘
619,14:11:15,22.97,--,20,45940,买盘
620,14:11:06,22.97,--,10,22970,买盘
621,14:11:03,22.97,--,4,9188,买盘
622,14:11:00,22.97,0.01,1,2297,买盘
623,14:10:54,22.96,-0.03,88,202048,卖盘
624,14:10:45,22.99,--,15,34485,买盘
625,14:10:42,22.99,0.02,30,68970,买盘
626,14:10:36,22.97,-0.01,12,27564,卖盘
627,14:10:33,22.98,-0.01,3,6894,卖盘
628,14:10:21,22.99,0.01,1,2299,买盘
629,14:10:18,22.98,0.01,11,25278,买盘
630,14:10:03,22.97,-0.01,106,243482,卖盘
631,14:09:54,22.98,--,6,13788,卖盘
632,14:09:48,22.98,0.01,41,94218,买盘
633,14:09:42,22.97,-0.01,4,9188,卖盘
634,14:09:39,22.98,--,23,52854,买盘
635,14:09:30,22.98,-0.01,61,140178,卖盘
636,14:09:24,22.99,--,35,80465,买盘
637,14:09:15,22.99,--,3,6896,买盘
638,14:09:12,22.99,--,1,2299,买盘
639,14:09:09,22.99,--,1,2299,买盘
640,14:09:03,22.99,--,4,9196,买盘
641,14:09:00,22.99,--,2,4598,卖盘
642,14:08:54,22.99,--,4,9196,卖盘
643,14:08:48,22.99,-0.01,40,91960,卖盘
644,14:08:42,23.0,--,2,4600,买盘
645,14:08:39,23.0,0.01,10,23000,买盘
646,14:08:36,22.99,0.01,38,87362,买盘
647,14:08:33,22.98,-0.01,41,94218,卖盘
648,14:08:27,22.99,--,6,13793,买盘
649,14:08:18,22.99,--,1,2299,卖盘
650,14:08:09,22.99,--,1,2299,卖盘
651,14:08:06,22.99,--,16,36784,卖盘
652,14:08:03,22.99,--,10,22990,卖盘
653,14:07:57,22.99,0.01,6,13793,买盘
654,14:07:54,22.98,--,25,57450,卖盘
655,14:07:48,22.98,--,3,6894,卖盘
656,14:07:45,22.98,--,2,4596,卖盘
657,14:07:42,22.98,-0.01,5,11490,卖盘
658,14:07:36,22.99,0.01,10,22990,买盘
659,14:07:18,22.98,-0.01,33,75834,卖盘
660,14:07:09,22.99,--,12,27587,买盘
661,14:07:00,22.99,--,1,2299,买盘
662,14:06:57,22.99,--,5,11495,卖盘
663,14:06:51,22.99,--,5,11495,买盘
664,14:06:48,22.99,-0.01,3,6896,中性盘
665,14:06:45,23.0,0.01,2,4600,买盘
666,14:06:42,22.99,-0.01,12,27587,卖盘
667,14:06:39,23.0,--,13,29900,买盘
668,14:06:33,23.0,0.02,2,4600,买盘
669,14:06:30,22.98,-0.02,2,4596,卖盘
670,14:06:27,23.0,0.01,22,50600,买盘
671,14:06:24,22.99,-0.01,6,13793,卖盘
672,14:06:09,23.0,0.01,60,138000,买盘
673,14:06:06,22.99,0.01,1,2299,买盘
674,14:06:03,22.98,--,11,25278,卖盘
675,14:06:00,22.98,-0.02,32,73536,卖盘
676,14:05:48,23.0,0.01,18,41400,买盘
677,14:05:36,22.99,--,12,27587,买盘
678,14:05:21,22.99,-0.01,4,9196,中性盘
679,14:05:09,23.0,0.01,5,11500,买盘
680,14:05:06,22.99,--,7,16092,卖盘
681,14:05:00,22.99,-0.01,6,13793,中性盘
682,14:04:51,23.0,--,10,23000,买盘
683,14:04:48,23.0,--,12,27600,买盘
684,14:04:42,23.0,--,1,2300,买盘
685,14:04:39,23.0,-0.02,71,164795,卖盘
686,14:04:30,23.02,--,10,23020,买盘
687,14:04:27,23.02,0.02,47,108194,买盘
688,14:04:09,23.0,--,7,16100,卖盘
689,14:04:06,23.0,-0.02,10,23000,卖盘
690,14:04:00,23.02,--,14,32228,买盘
691,14:03:57,23.02,--,2,4604,买盘
692,14:03:51,23.02,-0.01,8,18416,中性盘
693,14:03:48,23.03,0.01,3,6909,买盘
694,14:03:45,23.02,--,24,55248,卖盘
695,14:03:42,23.02,-0.01,24,55248,卖盘
696,14:03:36,23.03,--,10,23030,买盘
697,14:03:33,23.03,--,2,4606,买盘
698,14:03:27,23.03,--,8,18424,买盘
699,14:03:24,23.03,--,11,25333,买盘
700,14:03:18,23.03,-0.01,46,108217,卖盘
701,14:03:15,23.04,--,10,23040,卖盘
702,14:03:12,23.04,0.01,2,4608,买盘
703,14:03:06,23.03,-0.01,5,11515,卖盘
704,14:03:03,23.04,0.01,3,6912,中性盘
705,14:02:57,23.03,-0.01,70,161233,买盘
706,14:02:51,23.04,0.01,73,168192,买盘
707,14:02:48,23.03,--,5,11515,买盘
708,14:02:45,23.03,--,1,2303,买盘
709,14:02:39,23.03,-0.01,7,16121,卖盘
710,14:02:36,23.04,--,2,4608,买盘
711,14:02:33,23.04,-0.03,34,80616,卖盘
712,14:02:30,23.07,0.03,48,110736,买盘
713,14:02:24,23.04,--,47,108288,卖盘
714,14:02:21,23.04,--,8,18432,卖盘
715,14:02:15,23.04,--,1,2327,卖盘
716,14:02:12,23.04,--,6,13824,卖盘
717,14:02:09,23.04,--,55,126720,卖盘
718,14:02:00,23.04,-0.04,75,172800,卖盘
719,14:01:54,23.08,--,12,27695,买盘
720,14:01:51,23.08,0.04,34,78472,买盘
721,14:01:48,23.04,0.04,3,6912,中性盘
722,14:01:42,23.0,-0.08,73,167900,卖盘
723,14:01:33,23.08,0.08,2,4616,买盘
724,14:01:15,23.0,-0.02,5,11500,卖盘
725,14:01:12,23.02,0.02,8,18416,买盘
726,14:01:09,23.0,--,309,710700,卖盘
727,14:01:06,23.0,--,10,23000,卖盘
728,14:01:03,23.0,0.03,72,166405,买盘
729,14:01:00,22.97,--,3,6891,买盘
730,14:00:57,22.97,-0.01,2,4594,买盘
731,14:00:54,22.98,0.01,39,89622,买盘
732,14:00:51,22.97,0.02,36,82692,买盘
733,14:00:48,22.95,-0.03,53,121635,卖盘
734,14:00:45,22.98,--,10,22980,买盘
735,14:00:42,22.98,0.01,5,11490,买盘
736,14:00:39,22.97,--,7,16079,卖盘
737,14:00:30,22.97,--,2,4594,卖盘
738,14:00:24,22.97,--,35,80395,买盘
739,14:00:21,22.97,--,119,273343,买盘
740,14:00:15,22.97,0.01,7,16079,买盘
741,14:00:09,22.96,--,44,101024,买盘
742,14:00:03,22.96,--,5,11480,卖盘
743,13:59:57,22.96,0.01,55,126280,买盘
744,13:59:51,22.95,--,10,22950,买盘
745,13:59:48,22.95,--,6,13770,买盘
746,13:59:45,22.95,0.01,15,34425,买盘
747,13:59:42,22.94,--,5,11470,买盘
748,13:59:39,22.94,--,5,11470,买盘
749,13:59:36,22.94,--,30,68820,卖盘
750,13:59:33,22.94,--,3,6882,卖盘
751,13:59:30,22.94,0.01,1,2294,卖盘
752,13:59:24,22.93,0.02,4,9172,买盘
753,13:59:21,22.91,0.02,25,57275,卖盘
754,13:59:18,22.89,-0.04,3,6867,卖盘
755,13:59:15,22.93,--,3,6879,买盘
756,13:59:12,22.93,0.04,17,38981,买盘
757,13:59:03,22.89,0.02,44,100716,买盘
758,13:58:57,22.87,--,10,22870,买盘
759,13:58:51,22.87,0.01,4,9148,买盘
760,13:58:51,22.86,--,2,4572,卖盘
761,13:58:45,22.86,0.06,5,11430,买盘
762,13:58:42,22.8,--,12,27360,卖盘
763,13:58:39,22.8,--,10,22800,卖盘
764,13:58:36,22.8,--,376,858967,买盘
765,13:58:24,22.8,--,5,11400,买盘
766,13:58:21,22.8,0.04,32,72960,买盘
767,13:58:18,22.76,-0.04,37,84212,中性盘
768,13:58:12,22.8,--,12,27360,买盘
769,13:58:06,22.8,0.05,12,27360,买盘
770,13:58:03,22.75,-0.05,5,11375,卖盘
771,13:58:00,22.8,0.07,56,127680,买盘
772,13:57:54,22.73,-0.02,37,84101,卖盘
773,13:57:51,22.75,0.03,177,402675,买盘
774,13:57:45,22.72,--,22,49984,买盘
775,13:57:42,22.72,0.01,55,124960,卖盘
776,13:57:39,22.71,-0.04,25,56775,中性盘
777,13:57:36,22.75,--,86,195650,买盘
778,13:57:33,22.75,0.04,391,889525,买盘
779,13:57:21,22.71,--,15,34065,买盘
780,13:57:18,22.71,--,10,22710,买盘
781,13:57:15,22.71,-0.04,63,143073,卖盘
782,13:57:12,22.75,0.03,78,177450,买盘
783,13:57:09,22.72,--,26,59072,买盘
784,13:57:06,22.72,-0.04,66,149952,卖盘
785,13:57:00,22.76,0.01,32,72832,买盘
786,13:56:57,22.75,-0.01,173,393575,卖盘
787,13:56:51,22.76,--,5,11380,买盘
788,13:56:45,22.76,0.01,128,291328,买盘
789,13:56:42,22.75,-0.01,19,43225,卖盘
790,13:56:39,22.76,-0.01,9,20484,卖盘
791,13:56:36,22.77,--,5,11385,买盘
792,13:56:33,22.77,--,11,25047,买盘
793,13:56:30,22.77,--,13,29601,买盘
794,13:56:27,22.77,-0.03,124,282348,卖盘
795,13:56:24,22.8,--,47,107160,买盘
796,13:56:21,22.8,--,2,4560,买盘
797,13:56:18,22.8,-0.05,1107,2524552,卖盘
798,13:56:15,22.85,-0.03,9,20565,中性盘
799,13:56:12,22.88,0.01,22,50336,买盘
800,13:56:09,22.87,--,25,57175,卖盘
801,13:56:06,22.87,-0.01,38,86906,卖盘
802,13:56:03,22.88,--,6,13728,买盘
803,13:55:57,22.88,--,16,36608,买盘
804,13:55:54,22.88,0.06,2,4576,买盘
805,13:55:51,22.82,-0.05,617,1407994,卖盘
806,13:55:48,22.87,-0.01,122,279951,卖盘
807,13:55:45,22.88,--,16,36608,卖盘
808,13:55:39,22.88,--,5,11440,卖盘
809,13:55:36,22.88,-0.01,74,169312,卖盘
810,13:55:33,22.89,0.01,9,20601,中性盘
811,13:55:24,22.88,--,5,11440,卖盘
812,13:55:21,22.88,--,109,249392,买盘
813,13:55:15,22.88,--,2,4576,买盘
814,13:55:12,22.88,--,44,100672,买盘
815,13:55:09,22.88,--,10,22880,买盘
816,13:55:06,22.88,-0.02,35,80080,卖盘
817,13:55:03,22.9,0.02,13,29769,买盘
818,13:55:00,22.88,--,62,141856,卖盘
819,13:54:57,22.88,--,50,114400,卖盘
820,13:54:51,22.88,-0.02,48,109824,卖盘
821,13:54:48,22.9,--,6,13740,买盘
822,13:54:45,22.9,0.02,35,80150,买盘
823,13:54:42,22.88,-0.02,9,20592,卖盘
824,13:54:39,22.9,-0.01,21,48090,卖盘
825,13:54:36,22.91,0.01,4,9164,买盘
826,13:54:30,22.9,--,57,130529,卖盘
827,13:54:27,22.9,-0.01,44,100760,卖盘
828,13:54:24,22.91,0.01,21,48111,买盘
829,13:54:15,22.9,--,11,25190,卖盘
830,13:54:12,22.9,--,14,32059,卖盘
831,13:54:09,22.9,--,2,4580,卖盘
832,13:54:06,22.9,--,31,70990,卖盘
833,13:53:57,22.9,-0.01,27,61829,卖盘
834,13:53:54,22.91,0.01,1,2291,买盘
835,13:53:51,22.9,--,21,48090,卖盘
836,13:53:48,22.9,-0.01,61,139690,卖盘
837,13:53:42,22.91,--,15,34365,买盘
838,13:53:36,22.91,0.01,3,6873,买盘
839,13:53:33,22.9,--,4,9160,卖盘
840,13:53:30,22.9,0.03,65,148850,买盘
841,13:53:27,22.87,--,11,25157,卖盘
842,13:53:21,22.87,-0.03,30,68610,卖盘
843,13:53:18,22.9,-0.01,25,57250,卖盘
844,13:53:15,22.91,--,19,43529,卖盘
845,13:53:09,22.91,0.04,5,11455,卖盘
846,13:53:06,22.87,-0.04,871,1991977,卖盘
847,13:53:02,22.91,--,23,52693,买盘
848,13:52:59,22.91,--,2,4582,买盘
849,13:52:56,22.91,--,2,4582,买盘
850,13:52:53,22.91,--,33,75603,买盘
851,13:52:50,22.91,--,59,135169,卖盘
852,13:52:47,22.91,-0.01,14,32074,卖盘
853,13:52:44,22.92,--,20,45840,买盘
854,13:52:41,22.92,0.01,421,964932,买盘
855,13:52:38,22.91,--,81,185571,买盘
856,13:52:32,22.91,0.01,36,82476,卖盘
857,13:52:26,22.9,-0.01,945,2164050,卖盘
858,13:52:20,22.91,-0.01,63,144333,卖盘
859,13:52:17,22.92,--,1,2292,买盘
860,13:52:11,22.92,--,18,41256,买盘
861,13:52:08,22.92,--,38,87096,买盘
862,13:51:59,22.92,0.01,51,116892,买盘
863,13:51:53,22.91,--,24,54984,买盘
864,13:51:50,22.91,--,6,13746,买盘
865,13:51:47,22.91,--,14,32074,买盘
866,13:51:41,22.91,--,336,769776,买盘
867,13:51:38,22.91,--,1,2291,买盘
868,13:51:35,22.91,--,6,13746,买盘
869,13:51:32,22.91,0.01,7,16037,买盘
870,13:51:29,22.9,-0.02,261,597690,卖盘
871,13:51:23,22.92,--,21,48132,卖盘
872,13:51:17,22.92,-0.01,13,29796,卖盘
873,13:51:14,22.93,0.01,46,105478,买盘
874,13:51:11,22.92,--,9,20628,卖盘
875,13:51:05,22.92,--,2,4584,卖盘
876,13:51:02,22.92,--,6,13752,买盘
877,13:50:59,22.92,--,13,29796,买盘
878,13:50:56,22.92,--,7,16044,买盘
879,13:50:53,22.92,--,4,9168,买盘
880,13:50:50,22.92,-0.01,8,18336,卖盘
881,13:50:47,22.93,--,3,6879,买盘
882,13:50:44,22.93,0.01,38,87134,买盘
883,13:50:41,22.92,-0.01,43,98556,卖盘
884,13:50:38,22.93,--,3,6879,买盘
885,13:50:32,22.93,0.01,25,57325,买盘
886,13:50:29,22.92,-0.01,34,77928,卖盘
887,13:50:26,22.93,0.01,14,32102,买盘
888,13:50:23,22.92,-0.01,87,199404,卖盘
889,13:50:20,22.93,--,24,55032,卖盘
890,13:50:17,22.93,-0.01,5,11465,卖盘
891,13:50:11,22.94,-0.01,119,272986,卖盘
892,13:50:05,22.95,-0.01,22,50490,卖盘
893,13:49:56,22.96,-0.01,51,117096,买盘
894,13:49:50,22.97,0.02,2,4594,买盘
895,13:49:47,22.95,-0.02,26,59670,卖盘
896,13:49:41,22.97,--,2,4594,买盘
897,13:49:38,22.97,--,23,52831,买盘
898,13:49:35,22.97,-0.01,21,48237,卖盘
899,13:49:29,22.98,--,19,43662,买盘
900,13:49:26,22.98,--,52,119496,买盘
901,13:49:20,22.98,-0.01,42,98009,卖盘
902,13:49:17,22.99,--,6,13793,卖盘
903,13:49:14,22.99,-0.01,75,173367,卖盘
904,13:49:08,23.0,0.02,90,207000,买盘
905,13:49:02,22.98,-0.01,10,22980,卖盘
906,13:48:56,22.99,--,18,41382,买盘
907,13:48:53,22.99,--,14,32185,买盘
908,13:48:44,22.99,--,2,4598,买盘
909,13:48:38,22.99,--,7,16092,买盘
910,13:48:35,22.99,0.01,4,9196,买盘
911,13:48:32,22.98,-0.01,66,151668,卖盘
912,13:48:29,22.99,--,2,4598,买盘
913,13:48:20,22.99,--,12,27587,买盘
914,13:48:17,22.99,--,11,25289,买盘
915,13:48:11,22.99,--,32,73568,买盘
916,13:48:08,22.99,--,33,75867,买盘
917,13:48:02,22.99,--,3,6896,买盘
918,13:47:59,22.99,--,7,16092,买盘
919,13:47:56,22.99,--,12,27587,买盘
920,13:47:53,22.99,-0.01,74,170126,卖盘
921,13:47:50,23.0,--,10,23000,买盘
922,13:47:47,23.0,--,41,94300,买盘
923,13:47:44,23.0,--,5,11500,买盘
924,13:47:38,23.0,--,4,9200,买盘
925,13:47:35,23.0,--,8,18400,买盘
926,13:47:32,23.0,--,50,115000,买盘
927,13:47:29,23.0,--,7,16100,买盘
928,13:47:26,23.0,--,45,103500,卖盘
929,13:47:23,23.0,--,1,2300,卖盘
930,13:47:17,23.0,--,4,9200,买盘
931,13:47:11,23.0,--,41,94300,买盘
932,13:47:08,23.0,--,10,23000,买盘
933,13:47:05,23.0,0.02,11,25300,中性盘
934,13:46:50,22.98,-0.02,13,29874,卖盘
935,13:46:44,23.0,--,17,39100,卖盘
936,13:46:38,23.0,0.01,77,179262,买盘
937,13:46:32,22.99,--,2,4598,买盘
938,13:46:20,22.99,0.01,11,25289,买盘
939,13:46:14,22.98,--,25,57450,买盘
940,13:46:11,22.98,--,2,4596,买盘
941,13:46:08,22.98,-0.01,16,36768,中性盘
942,13:46:05,22.99,--,22,50578,买盘
943,13:45:59,22.99,--,10,22990,买盘
944,13:45:56,22.99,--,17,39083,买盘
945,13:45:53,22.99,--,8,18392,买盘
946,13:45:50,22.99,--,10,22990,买盘
947,13:45:47,22.99,--,4,9196,买盘
948,13:45:44,22.99,--,339,779361,卖盘
949,13:45:38,22.99,--,3,6896,买盘
950,13:45:32,22.99,--,23,52877,买盘
951,13:45:29,22.99,--,3,6896,买盘
952,13:45:20,22.99,0.02,1,2299,买盘
953,13:45:14,22.97,--,4,9188,卖盘
954,13:45:11,22.97,--,17,39049,买盘
955,13:45:08,22.97,--,64,147008,买盘
956,13:45:05,22.97,0.01,11,25267,买盘
957,13:45:02,22.96,-0.01,15,34440,卖盘
958,13:44:59,22.97,--,49,112553,买盘
959,13:44:53,22.97,0.04,10,22970,买盘
960,13:44:50,22.93,-0.02,22,52096,卖盘
961,13:44:47,22.95,--,11,25245,买盘
962,13:44:44,22.95,0.02,18,41310,买盘
963,13:44:41,22.93,0.01,17,38981,中性盘
964,13:44:35,22.92,--,11,25212,卖盘
965,13:44:32,22.92,--,130,297960,卖盘
966,13:44:29,22.92,0.01,55,126060,买盘
967,13:44:26,22.91,-0.01,57,130587,中性盘
968,13:44:23,22.92,0.02,20,45840,买盘
969,13:44:20,22.9,--,4,9160,卖盘
970,13:44:11,22.9,--,46,105340,买盘
971,13:44:08,22.9,--,249,570965,买盘
972,13:44:05,22.9,--,95,217550,买盘
973,13:43:59,22.9,-0.02,52,120614,卖盘
974,13:43:56,22.92,0.02,56,128352,买盘
975,13:43:53,22.9,-0.01,95,218305,卖盘
976,13:43:50,22.91,-0.01,13,29783,中性盘
977,13:43:47,22.92,-0.03,104,238368,卖盘
978,13:43:44,22.95,0.03,36,82620,买盘
979,13:43:41,22.92,-0.01,6,13752,卖盘
980,13:43:38,22.93,-0.05,57,130701,卖盘
981,13:43:35,22.98,--,11,25278,买盘
982,13:43:32,22.98,-0.01,189,434322,卖盘
983,13:43:26,22.99,-0.01,26,59773,卖盘
984,13:43:23,23.0,-0.05,206,475962,卖盘
985,13:43:20,23.05,0.03,26,59930,买盘
986,13:43:17,23.02,--,1847,4251794,卖盘
987,13:43:14,23.02,-0.01,51,117402,卖盘
988,13:43:05,23.03,-0.01,55,126665,中性盘
989,13:43:02,23.04,0.01,11,25344,买盘
990,13:42:59,23.03,-0.01,17,39151,卖盘
991,13:42:56,23.04,0.01,23,52992,卖盘
992,13:42:53,23.03,-0.01,371,855334,卖盘
993,13:42:50,23.04,--,22,50688,卖盘
994,13:42:47,23.04,-0.01,35,80640,卖盘
995,13:42:44,23.05,0.01,37,85285,买盘
996,13:42:41,23.04,-0.03,601,1384704,卖盘
997,13:42:38,23.07,0.01,36,83052,买盘
998,13:42:35,23.06,-0.01,51,117606,卖盘
999,13:42:29,23.07,--,27,62289,买盘
1000,13:42:26,23.07,--,18,41526,买盘
1001,13:42:23,23.07,-0.05,572,1319604,卖盘
1002,13:42:20,23.12,--,2,4624,买盘
1003,13:42:17,23.12,0.01,26,60112,买盘
1004,13:42:11,23.11,--,10,23110,卖盘
1005,13:42:02,23.11,--,7,16177,买盘
1006,13:41:56,23.11,--,2,4622,买盘
1007,13:41:50,23.11,--,20,46220,买盘
1008,13:41:44,23.11,--,26,60086,买盘
1009,13:41:41,23.11,--,34,78574,卖盘
1010,13:41:38,23.11,-0.01,10,23110,卖盘
1011,13:41:32,23.12,--,4,9248,买盘
1012,13:41:26,23.12,0.02,8,18496,买盘
1013,13:41:14,23.1,-0.02,311,718410,卖盘
1014,13:41:08,23.12,--,23,53176,买盘
1015,13:41:02,23.12,--,6,13872,买盘
1016,13:40:59,23.12,0.01,4,9248,买盘
1017,13:40:53,23.11,--,211,487621,卖盘
1018,13:40:47,23.11,-0.01,30,69330,卖盘
1019,13:40:44,23.12,--,4,9248,买盘
1020,13:40:41,23.12,0.01,21,48552,买盘
1021,13:40:32,23.11,-0.01,10,23110,卖盘
1022,13:40:29,23.12,--,5,11560,买盘
1023,13:40:26,23.12,--,10,23120,买盘
1024,13:40:20,23.12,--,1,2312,买盘
1025,13:40:14,23.12,--,27,62424,买盘
1026,13:40:08,23.12,--,1,2312,买盘
1027,13:39:53,23.12,0.01,53,122536,买盘
1028,13:39:47,23.11,--,1,2311,买盘
1029,13:39:38,23.11,-0.01,116,268076,卖盘
1030,13:39:32,23.12,--,8,18496,买盘
1031,13:39:29,23.12,--,42,97104,卖盘
1032,13:39:23,23.12,-0.01,10,23120,卖盘
1033,13:39:17,23.13,--,37,85581,买盘
1034,13:39:14,23.13,--,3,6939,买盘
1035,13:39:05,23.13,--,5,11565,买盘
1036,13:38:44,23.13,0.01,6,13878,买盘
1037,13:38:41,23.12,-0.01,34,78608,卖盘
1038,13:38:38,23.13,0.01,2,4626,买盘
1039,13:38:29,23.12,-0.01,10,23120,卖盘
1040,13:38:26,23.13,0.01,2,4626,买盘
1041,13:38:23,23.12,-0.01,10,23120,卖盘
1042,13:38:20,23.13,-0.01,11,25443,卖盘
1043,13:38:17,23.14,0.02,10,23140,买盘
1044,13:38:05,23.12,-0.01,35,80920,卖盘
1045,13:38:02,23.13,0.01,4,9252,买盘
1046,13:37:56,23.12,-0.01,10,23120,卖盘
1047,13:37:53,23.13,--,5,11565,买盘
1048,13:37:50,23.13,--,25,57825,买盘
1049,13:37:41,23.13,--,6,13878,买盘
1050,13:37:38,23.13,0.01,19,43947,买盘
1051,13:37:35,23.12,-0.01,5,11560,卖盘
1052,13:37:29,23.13,0.01,22,50886,买盘
1053,13:37:23,23.12,-0.01,10,23120,卖盘
1054,13:37:20,23.13,--,20,46260,买盘
1055,13:37:17,23.13,--,2,4626,买盘
1056,13:37:14,23.13,-0.01,27,62451,卖盘
1057,13:37:05,23.14,--,3,6942,买盘
1058,13:36:59,23.14,--,1,2314,买盘
1059,13:36:53,23.14,--,22,50908,买盘
1060,13:36:50,23.14,--,12,27768,买盘
1061,13:36:47,23.14,--,18,41652,买盘
1062,13:36:44,23.14,--,3,6942,买盘
1063,13:36:41,23.14,--,5,11570,买盘
1064,13:36:35,23.14,--,3,6942,买盘
1065,13:36:32,23.14,--,10,23140,买盘
1066,13:36:29,23.14,-0.01,30,69420,卖盘
1067,13:36:23,23.15,0.01,27,62504,中性盘
1068,13:36:20,23.14,-0.01,14,32396,卖盘
1069,13:36:14,23.15,--,8,18520,买盘
1070,13:36:11,23.15,--,10,23150,买盘
1071,13:36:05,23.15,--,6,13890,买盘
1072,13:36:02,23.15,--,5,11575,买盘
1073,13:35:59,23.15,--,20,46300,买盘
1074,13:35:53,23.15,--,12,27780,买盘
1075,13:35:50,23.15,--,10,23150,买盘
1076,13:35:44,23.15,--,10,23150,买盘
1077,13:35:41,23.15,--,3,6945,买盘
1078,13:35:32,23.15,--,5,11575,买盘
1079,13:35:29,23.15,0.01,6,13890,买盘
1080,13:35:26,23.14,-0.01,16,37024,卖盘
1081,13:35:23,23.15,--,7,16204,买盘
1082,13:35:20,23.15,--,4,9260,买盘
1083,13:35:14,23.15,--,1,2315,买盘
1084,13:35:11,23.15,--,3,6945,买盘
1085,13:35:08,23.15,0.01,19,43985,买盘
1086,13:35:02,23.14,--,14,32396,卖盘
1087,13:34:44,23.14,--,1,2314,卖盘
1088,13:34:32,23.14,--,10,23140,卖盘
1089,13:34:29,23.14,0.01,5,11570,买盘
1090,13:34:23,23.13,-0.01,25,57825,卖盘
1091,13:34:11,23.14,--,5,11570,买盘
1092,13:34:08,23.14,--,35,80990,买盘
1093,13:33:53,23.14,0.03,3,6942,买盘
1094,13:33:41,23.11,-0.03,8,18488,卖盘
1095,13:33:35,23.14,0.04,20,46280,买盘
1096,13:33:28,23.1,-0.01,60,138600,卖盘
1097,13:33:13,23.11,--,7,16177,买盘
1098,13:33:10,23.11,--,8,18488,买盘
1099,13:33:07,23.11,--,2,4622,买盘
1100,13:33:04,23.11,-0.02,76,175636,卖盘
1101,13:33:01,23.13,-0.01,2,4626,卖盘
1102,13:32:58,23.14,--,7,16198,买盘
1103,13:32:55,23.14,--,28,64792,买盘
1104,13:32:46,23.14,--,8,18512,买盘
1105,13:32:34,23.14,--,1,2314,买盘
1106,13:32:25,23.14,0.01,5,11570,买盘
1107,13:32:22,23.13,--,2,4626,买盘
1108,13:32:19,23.13,0.01,4,9252,买盘
1109,13:32:16,23.12,--,3,6936,买盘
1110,13:32:10,23.12,-0.02,4,9248,卖盘
1111,13:32:07,23.14,--,50,115700,买盘
1112,13:32:01,23.14,0.02,3,6942,买盘
1113,13:31:58,23.12,--,6,13872,买盘
1114,13:31:55,23.12,0.01,16,36992,买盘
1115,13:31:49,23.11,0.01,102,235722,买盘
1116,13:31:37,23.1,--,54,124740,买盘
1117,13:31:34,23.1,--,1,2310,买盘
1118,13:31:31,23.1,--,11,25410,买盘
1119,13:31:28,23.1,--,1,2310,买盘
1120,13:31:19,23.1,0.02,63,145530,买盘
1121,13:31:16,23.08,--,41,94628,买盘
1122,13:31:13,23.08,--,1,2308,买盘
1123,13:31:10,23.08,--,34,78472,买盘
1124,13:31:04,23.08,--,30,69240,买盘
1125,13:30:58,23.08,--,9,20772,买盘
1126,13:30:55,23.08,0.01,16,36928,买盘
1127,13:30:52,23.07,-0.01,10,23070,卖盘
1128,13:30:49,23.08,--,9,20772,买盘
1129,13:30:46,23.08,--,13,30003,买盘
1130,13:30:43,23.08,--,20,46160,买盘
1131,13:30:40,23.08,-0.02,114,263112,卖盘
1132,13:30:37,23.1,--,39,90090,买盘
1133,13:30:34,23.1,--,7,16170,买盘
1134,13:30:31,23.1,--,5,11550,买盘
1135,13:30:22,23.1,--,30,69300,买盘
1136,13:30:16,23.1,--,44,101640,买盘
1137,13:30:10,23.1,--,12,27720,买盘
1138,13:30:07,23.1,--,27,62370,买盘
1139,13:30:01,23.1,--,9,20790,买盘
1140,13:29:58,23.1,--,5,11550,买盘
1141,13:29:55,23.1,--,11,25410,买盘
1142,13:29:52,23.1,--,9,20790,买盘
1143,13:29:49,23.1,--,11,25410,买盘
1144,13:29:46,23.1,--,13,30030,买盘
1145,13:29:43,23.1,--,10,23100,买盘
1146,13:29:37,23.1,--,30,69300,买盘
1147,13:29:28,23.1,--,1,2310,买盘
1148,13:29:19,23.1,0.03,20,46200,买盘
1149,13:29:16,23.07,-0.03,3,6921,卖盘
1150,13:29:13,23.1,--,5,11550,买盘
1151,13:29:10,23.1,--,10,23100,买盘
1152,13:28:55,23.1,0.05,2,4620,买盘
1153,13:28:52,23.05,--,11,25355,买盘
1154,13:28:49,23.05,-0.05,49,112945,卖盘
1155,13:28:46,23.1,0.04,5,11550,买盘
1156,13:28:43,23.06,--,17,39202,买盘
1157,13:28:37,23.06,--,1,2306,买盘
1158,13:28:34,23.06,--,1,2306,买盘
1159,13:28:31,23.06,--,9,20754,买盘
1160,13:28:28,23.06,-0.02,8,18448,卖盘
1161,13:28:25,23.08,0.04,4,9232,买盘
1162,13:28:22,23.04,-0.05,62,142848,卖盘
1163,13:28:13,23.09,0.01,12,27708,买盘
1164,13:28:07,23.08,0.04,20,46160,中性盘
1165,13:28:01,23.04,-0.05,515,1186560,卖盘
1166,13:27:58,23.09,0.01,20,46180,买盘
1167,13:27:55,23.08,-0.01,5,11540,卖盘
1168,13:27:52,23.09,--,13,30017,买盘
1169,13:27:49,23.09,0.01,3,6927,买盘
1170,13:27:46,23.08,-0.02,18,41544,卖盘
1171,13:27:37,23.1,--,6,13860,卖盘
1172,13:27:28,23.1,--,3,6930,卖盘
1173,13:27:13,23.1,--,4,9240,买盘
1174,13:27:04,23.1,--,9,20790,买盘
1175,13:26:58,23.1,0.03,10,23100,买盘
1176,13:26:55,23.07,--,13,29991,卖盘
1177,13:26:52,23.07,--,50,115350,卖盘
1178,13:26:49,23.07,-0.03,15,34605,卖盘
1179,13:26:43,23.1,--,10,23100,买盘
1180,13:26:34,23.1,0.03,11,25410,买盘
1181,13:26:31,23.07,--,3,6921,卖盘
1182,13:26:28,23.07,--,8,18456,卖盘
1183,13:26:25,23.07,-0.01,18,41526,卖盘
1184,13:26:19,23.08,-0.01,5,11540,卖盘
1185,13:26:16,23.09,0.03,10,23090,买盘
1186,13:26:10,23.06,-0.01,59,136054,卖盘
1187,13:26:07,23.07,--,15,34605,卖盘
1188,13:26:04,23.07,--,2,4614,买盘
1189,13:25:55,23.07,0.01,20,46140,买盘
1190,13:25:52,23.06,--,20,46120,卖盘
1191,13:25:40,23.06,--,27,62262,卖盘
1192,13:25:31,23.06,-0.02,10,23060,卖盘
1193,13:25:25,23.08,--,12,27695,买盘
1194,13:25:22,23.08,0.01,10,23080,中性盘
1195,13:25:16,23.07,-0.02,73,168411,卖盘
1196,13:25:13,23.09,--,5,11545,买盘
1197,13:25:10,23.09,-0.01,28,64652,卖盘
1198,13:25:07,23.1,--,1,2310,买盘
1199,13:25:04,23.1,-0.02,474,1094940,卖盘
1200,13:24:58,23.12,--,26,60112,买盘
1201,13:24:43,23.12,--,237,549308,卖盘
1202,13:24:40,23.12,--,11,25432,卖盘
1203,13:24:25,23.12,--,6,13872,卖盘
1204,13:24:16,23.12,--,51,118859,卖盘
1205,13:24:13,23.12,--,39,90168,卖盘
1206,13:24:07,23.12,-0.01,10,23120,卖盘
1207,13:24:04,23.13,--,20,46260,买盘
1208,13:24:01,23.13,--,1,2313,买盘
1209,13:23:58,23.13,--,30,69390,买盘
1210,13:23:55,23.13,--,30,69390,买盘
1211,13:23:52,23.13,--,7,16191,买盘
1212,13:23:46,23.13,-0.01,45,104085,卖盘
1213,13:23:37,23.14,--,6,13884,买盘
1214,13:23:34,23.14,-0.01,135,312390,卖盘
1215,13:23:31,23.15,--,5,11575,买盘
1216,13:23:25,23.15,--,24,55560,买盘
1217,13:23:22,23.15,--,15,34725,买盘
1218,13:23:19,23.15,0.01,5,11575,买盘
1219,13:23:16,23.14,-0.01,20,46280,卖盘
1220,13:23:13,23.15,--,2,4630,买盘
1221,13:23:10,23.15,--,50,115750,买盘
1222,13:23:04,23.15,0.01,25,57875,买盘
1223,13:22:34,23.14,--,6,13884,卖盘
1224,13:22:22,23.14,--,2,4628,买盘
1225,13:22:19,23.14,--,178,411892,买盘
1226,13:22:16,23.14,--,4,9256,买盘
1227,13:22:13,23.14,--,108,249912,买盘
1228,13:22:10,23.14,--,1,2314,买盘
1229,13:22:04,23.14,0.01,1,2314,买盘
1230,13:22:01,23.13,-0.01,9,20817,卖盘
1231,13:21:58,23.14,0.01,5,11570,买盘
1232,13:21:55,23.13,--,12,27756,卖盘
1233,13:21:52,23.13,-0.01,18,41634,卖盘
1234,13:21:40,23.14,--,4,9256,买盘
1235,13:21:37,23.14,--,45,104130,买盘
1236,13:21:28,23.14,0.01,23,53222,买盘
1237,13:21:22,23.13,-0.01,27,62451,卖盘
1238,13:21:19,23.14,--,59,136526,买盘
1239,13:21:10,23.14,--,6,13884,买盘
1240,13:21:01,23.14,--,4,9256,买盘
1241,13:20:58,23.14,--,3,6942,买盘
1242,13:20:55,23.14,--,4,9256,买盘
1243,13:20:40,23.14,--,20,46280,买盘
1244,13:20:25,23.14,-0.01,3,6942,卖盘
1245,13:20:22,23.15,--,5,11575,买盘
1246,13:20:13,23.15,--,7,16204,买盘
1247,13:20:10,23.15,-0.01,76,175940,卖盘
1248,13:19:58,23.16,-0.01,129,300130,卖盘
1249,13:19:52,23.17,--,6,13902,买盘
1250,13:19:40,23.17,0.01,2,4634,中性盘
1251,13:19:37,23.16,-0.02,260,602160,卖盘
1252,13:19:34,23.18,--,50,115900,买盘
1253,13:19:28,23.18,0.01,3,6954,中性盘
1254,13:19:25,23.17,--,25,57925,卖盘
1255,13:19:16,23.17,-0.01,40,92680,卖盘
1256,13:19:07,23.18,--,131,303658,买盘
1257,13:18:55,23.18,--,3,6954,买盘
1258,13:18:52,23.18,--,2,4636,买盘
1259,13:18:46,23.18,0.01,1,2318,买盘
1260,13:18:43,23.17,--,9,20853,卖盘
1261,13:18:37,23.17,--,2,4634,卖盘
1262,13:18:31,23.17,-0.01,45,105214,卖盘
1263,13:18:22,23.18,0.01,5,11590,买盘
1264,13:18:19,23.17,0.01,2,4634,中性盘
1265,13:18:13,23.16,--,28,64848,卖盘
1266,13:18:10,23.16,-0.02,1,2316,卖盘
1267,13:18:07,23.18,0.02,53,122854,买盘
1268,13:18:04,23.16,--,16,37056,买盘
1269,13:18:01,23.16,--,5,11580,卖盘
1270,13:17:46,23.16,-0.03,27,62532,卖盘
1271,13:17:31,23.19,-0.01,1,2319,卖盘
1272,13:17:28,23.2,--,3,6960,买盘
1273,13:17:25,23.2,0.07,5,11600,买盘
1274,13:17:19,23.13,-0.06,155,358515,卖盘
1275,13:17:13,23.19,-0.01,5,11595,卖盘
1276,13:17:10,23.2,--,2,4640,买盘
1277,13:17:07,23.2,0.03,18,41760,买盘
1278,13:17:04,23.17,-0.02,289,669613,卖盘
1279,13:16:46,23.19,--,4,9276,卖盘
1280,13:16:43,23.19,--,26,60294,买盘
1281,13:16:40,23.19,--,43,99717,买盘
1282,13:16:34,23.19,--,4,9276,买盘
1283,13:16:28,23.19,--,14,32466,买盘
1284,13:16:22,23.19,0.01,41,95079,买盘
1285,13:16:16,23.18,-0.01,10,23180,卖盘
1286,13:16:10,23.19,-0.01,87,201753,卖盘
1287,13:16:04,23.2,--,7,16240,买盘
1288,13:16:01,23.2,-0.01,50,116000,卖盘
1289,13:15:58,23.21,--,5,11605,买盘
1290,13:15:55,23.21,--,45,104445,买盘
1291,13:15:49,23.21,--,20,46420,买盘
1292,13:15:46,23.21,--,1,2321,买盘
1293,13:15:40,23.21,-0.01,20,46420,卖盘
1294,13:15:37,23.22,--,60,139320,买盘
1295,13:15:34,23.22,--,5,11610,买盘
1296,13:15:28,23.22,--,10,23220,买盘
1297,13:15:25,23.22,--,70,163933,卖盘
1298,13:15:22,23.22,--,106,246132,卖盘
1299,13:15:16,23.22,--,50,117028,买盘
1300,13:15:10,23.22,--,40,92880,买盘
1301,13:15:07,23.22,--,5,11610,买盘
1302,13:15:04,23.22,--,7,16254,买盘
1303,13:15:01,23.22,--,1,2322,买盘
1304,13:14:58,23.22,--,24,55728,买盘
1305,13:14:55,23.22,--,10,23220,买盘
1306,13:14:52,23.22,--,2,4644,买盘
1307,13:14:49,23.22,--,4,9288,买盘
1308,13:14:46,23.22,0.01,102,236844,买盘
1309,13:14:43,23.21,-0.01,3,6963,卖盘
1310,13:14:40,23.22,0.01,20,46440,买盘
1311,13:14:37,23.21,-0.01,26,60346,卖盘
1312,13:14:31,23.22,--,2,4644,买盘
1313,13:14:28,23.22,--,7,16254,买盘
1314,13:14:25,23.22,0.01,2,4644,买盘
1315,13:14:22,23.21,--,23,53383,卖盘
1316,13:14:19,23.21,--,40,92840,卖盘
1317,13:14:13,23.21,0.01,15,34815,买盘
1318,13:14:01,23.2,--,2,5104,买盘
1319,13:13:55,23.2,--,60,139200,买盘
1320,13:13:52,23.2,--,5,11600,买盘
1321,13:13:39,23.2,0.01,100,232000,买盘
1322,13:13:33,23.19,--,10,23190,买盘
1323,13:13:30,23.19,--,5,11595,买盘
1324,13:13:27,23.19,-0.02,76,176244,卖盘
1325,13:13:24,23.21,--,6,13926,买盘
1326,13:13:15,23.21,0.03,5,11605,买盘
1327,13:13:12,23.18,-0.03,80,185440,卖盘
1328,13:12:57,23.21,--,8,18568,买盘
1329,13:12:51,23.21,0.02,70,162470,买盘
1330,13:12:48,23.19,-0.02,58,135104,卖盘
1331,13:12:42,23.21,0.02,12,27852,买盘
1332,13:12:36,23.19,0.01,11,25509,买盘
1333,13:12:33,23.18,-0.01,1,2318,卖盘
1334,13:12:30,23.19,-0.01,5,11595,卖盘
1335,13:12:27,23.2,--,17,39440,买盘
1336,13:12:24,23.2,0.01,5,11600,买盘
1337,13:12:12,23.19,--,31,71889,卖盘
1338,13:12:06,23.19,0.01,12,27828,买盘
1339,13:11:54,23.18,--,1,2318,卖盘
1340,13:11:48,23.18,--,1,2318,买盘
1341,13:11:45,23.18,--,1,2318,买盘
1342,13:11:42,23.18,--,13,30134,买盘
1343,13:11:39,23.18,--,2,4636,买盘
1344,13:11:36,23.18,0.01,2,4636,买盘
1345,13:11:33,23.17,-0.01,6,13902,卖盘
1346,13:11:30,23.18,--,1,2318,买盘
1347,13:11:27,23.18,--,10,23180,买盘
1348,13:11:24,23.18,--,3,6954,买盘
1349,13:11:21,23.18,0.01,1,2318,买盘
1350,13:11:18,23.17,-0.01,20,46340,卖盘
1351,13:11:15,23.18,--,13,30134,买盘
1352,13:11:12,23.18,--,1,2318,买盘
1353,13:11:00,23.18,0.01,81,187758,买盘
1354,13:10:54,23.17,-0.01,3,6951,卖盘
1355,13:10:48,23.18,--,16,37088,买盘
1356,13:10:45,23.18,--,91,210938,卖盘
1357,13:10:39,23.18,--,6,13908,卖盘
1358,13:10:30,23.18,-0.01,13,30134,卖盘
1359,13:10:21,23.19,--,4,9276,买盘
1360,13:10:15,23.19,--,5,11595,买盘
1361,13:10:06,23.19,--,6,13914,买盘
1362,13:09:57,23.19,--,9,20871,买盘
1363,13:09:54,23.19,--,7,16233,买盘
1364,13:09:51,23.19,0.01,15,34785,买盘
1365,13:09:48,23.18,-0.01,14,32452,卖盘
1366,13:09:42,23.19,--,6,13914,买盘
1367,13:09:36,23.19,-0.01,1,2319,中性盘
1368,13:09:27,23.2,0.02,26,60320,买盘
1369,13:09:21,23.18,-0.02,3,6954,卖盘
1370,13:09:09,23.2,--,2,4640,买盘
1371,13:09:06,23.2,0.01,5,11600,买盘
1372,13:09:00,23.19,-0.01,10,23190,卖盘
1373,13:08:57,23.2,0.02,5,11600,买盘
1374,13:08:39,23.18,--,4,9272,卖盘
1375,13:08:30,23.18,0.01,1,2318,买盘
1376,13:08:27,23.17,-0.01,12,27804,卖盘
1377,13:08:24,23.18,--,5,11590,买盘
1378,13:08:21,23.18,--,2,4636,买盘
1379,13:08:12,23.18,-0.02,20,46360,卖盘
1380,13:08:00,23.2,--,19,44080,买盘
1381,13:07:57,23.2,0.02,6,13920,买盘
1382,13:07:51,23.18,-0.02,20,46360,卖盘
1383,13:07:48,23.2,0.02,57,132240,买盘
1384,13:07:36,23.18,--,1,2318,卖盘
1385,13:07:30,23.18,--,7,16226,卖盘
1386,13:07:21,23.18,-0.02,10,23180,卖盘
1387,13:07:15,23.2,--,7,16240,买盘
1388,13:07:09,23.2,--,13,30160,买盘
1389,13:07:06,23.2,-0.01,20,46400,卖盘
1390,13:07:03,23.21,0.01,5,11605,买盘
1391,13:07:00,23.2,--,32,74240,买盘
1392,13:06:51,23.2,--,8,18560,卖盘
1393,13:06:48,23.2,--,2,4640,卖盘
1394,13:06:42,23.2,-0.02,5,11600,卖盘
1395,13:06:39,23.22,--,10,23220,买盘
1396,13:06:36,23.22,0.02,5,11610,买盘
1397,13:06:30,23.2,-0.02,20,46400,卖盘
1398,13:06:27,23.22,-0.04,44,102168,卖盘
1399,13:06:21,23.26,0.01,27,62802,买盘
1400,13:06:15,23.25,0.03,13,30225,卖盘
1401,13:06:12,23.22,-0.01,26,60372,卖盘
1402,13:06:06,23.23,-0.02,4,9292,卖盘
1403,13:06:03,23.25,--,13,30225,买盘
1404,13:06:00,23.25,--,7,16275,买盘
1405,13:05:54,23.25,--,13,30225,买盘
1406,13:05:12,23.25,0.07,1,2325,买盘
1407,13:05:09,23.18,-0.03,102,236436,卖盘
1408,13:04:57,23.21,--,7,16247,卖盘
1409,13:04:48,23.21,--,2,4642,卖盘
1410,13:04:45,23.21,--,8,18568,买盘
1411,13:04:39,23.21,--,2,4642,买盘
1412,13:04:36,23.21,--,30,69630,卖盘
1413,13:04:33,23.21,-0.04,26,60346,卖盘
1414,13:04:30,23.25,0.04,15,34875,买盘
1415,13:04:15,23.21,--,14,32494,买盘
1416,13:04:09,23.21,--,20,46420,买盘
1417,13:04:03,23.21,--,5,11605,买盘
1418,13:04:00,23.21,0.03,1,2321,买盘
1419,13:03:51,23.18,0.03,3,6954,买盘
1420,13:03:36,23.15,--,15,34725,买盘
1421,13:03:33,23.15,--,2,4630,买盘
1422,13:03:21,23.15,--,2,4630,买盘
1423,13:03:18,23.15,0.01,12,27780,买盘
1424,13:03:15,23.14,--,6,13884,买盘
1425,13:03:12,23.14,--,6,13884,买盘
1426,13:03:03,23.14,--,32,74048,买盘
1427,13:03:00,23.14,0.01,3,6942,买盘
1428,13:02:54,23.13,0.01,78,180414,买盘
1429,13:02:51,23.12,--,37,85544,买盘
1430,13:02:48,23.12,--,6,13872,买盘
1431,13:02:45,23.12,-0.01,7,16184,中性盘
1432,13:02:42,23.13,--,5,11565,买盘
1433,13:02:39,23.13,--,27,62451,买盘
1434,13:02:36,23.13,--,99,228987,买盘
1435,13:02:33,23.13,--,26,60138,买盘
1436,13:02:30,23.13,-0.01,28,64764,中性盘
1437,13:02:27,23.14,--,3,6942,卖盘
1438,13:02:21,23.14,0.02,21,48594,买盘
1439,13:02:18,23.12,-0.02,3,6936,卖盘
1440,13:02:15,23.14,0.02,6,13884,买盘
1441,13:02:09,23.12,--,10,23120,卖盘
1442,13:01:54,23.12,-0.02,10,23120,卖盘
1443,13:01:48,23.14,0.02,13,30082,中性盘
1444,13:01:42,23.12,--,9,20808,卖盘
1445,13:01:36,23.12,0.01,1,2312,卖盘
1446,13:01:33,23.11,-0.05,1,2311,卖盘
1447,13:01:27,23.16,--,73,169068,买盘
1448,13:01:24,23.16,0.02,1,2316,中性盘
1449,13:01:21,23.14,-0.02,35,80990,卖盘
1450,13:01:12,23.16,--,1,2316,卖盘
1451,13:01:09,23.16,0.02,28,64848,买盘
1452,13:01:03,23.14,--,8,18512,卖盘
1453,13:01:00,23.14,--,1,2314,卖盘
1454,13:00:57,23.14,-0.01,4,9256,卖盘
1455,13:00:54,23.15,--,15,34725,卖盘
1456,13:00:45,23.15,0.05,20,46300,买盘
1457,13:00:42,23.1,-0.04,108,249480,卖盘
1458,13:00:36,23.14,--,15,34710,买盘
1459,13:00:30,23.14,0.04,1,2314,买盘
1460,13:00:21,23.1,--,4,9240,卖盘
1461,13:00:18,23.1,-0.02,1,2310,卖盘
1462,13:00:15,23.12,0.02,10,23120,中性盘
1463,13:00:12,23.1,-0.02,24,55440,卖盘
1464,13:00:09,23.12,0.02,648,1498199,中性盘
1465,13:00:03,23.1,--,249,575190,买盘
1466,11:30:01,23.1,--,1,2310,买盘
1467,11:29:58,23.1,0.02,94,217140,买盘
1468,11:29:55,23.08,--,5,11540,卖盘
1469,11:29:49,23.08,--,8,18464,卖盘
1470,11:29:40,23.08,0.03,7,16155,买盘
1471,11:29:37,23.05,0.01,32,73760,中性盘
1472,11:29:31,23.04,-0.02,200,460800,卖盘
1473,11:29:25,23.06,--,11,25366,卖盘
1474,11:29:22,23.06,0.01,20,46120,买盘
1475,11:29:19,23.05,--,20,46100,卖盘
1476,11:29:16,23.05,-0.01,8,18440,卖盘
1477,11:29:13,23.06,--,32,73792,买盘
1478,11:29:10,23.06,0.02,4,9224,买盘
1479,11:29:07,23.04,-0.01,19,43776,卖盘
1480,11:29:04,23.05,0.01,45,103725,买盘
1481,11:28:58,23.04,-0.01,56,129024,卖盘
1482,11:28:55,23.05,--,22,50710,买盘
1483,11:28:52,23.05,0.01,27,62235,买盘
1484,11:28:49,23.04,-0.02,17,39168,卖盘
1485,11:28:46,23.06,0.02,25,57650,买盘
1486,11:28:43,23.04,--,232,534528,卖盘
1487,11:28:40,23.04,-0.01,28,64512,卖盘
1488,11:28:37,23.05,--,22,50710,买盘
1489,11:28:34,23.05,--,34,79891,买盘
1490,11:28:31,23.05,-0.01,18,41490,卖盘
1491,11:28:28,23.06,--,20,46120,买盘
1492,11:28:22,23.06,--,1,2306,买盘
1493,11:28:19,23.06,0.01,54,124524,买盘
1494,11:28:16,23.05,-0.01,51,117555,卖盘
1495,11:28:13,23.06,--,13,29978,买盘
1496,11:28:10,23.06,0.01,30,69180,买盘
1497,11:28:07,23.05,-0.01,26,59930,卖盘
1498,11:28:01,23.06,0.01,5,11530,买盘
1499,11:27:58,23.05,--,41,94505,卖盘
1500,11:27:55,23.05,-0.01,21,48405,卖盘
1501,11:27:49,23.06,-0.01,9,20754,卖盘
1502,11:27:46,23.07,0.02,10,23070,买盘
1503,11:27:40,23.05,0.01,10,23050,卖盘
1504,11:27:37,23.04,--,3,6912,卖盘
1505,11:27:34,23.04,-0.04,8,18432,卖盘
1506,11:27:31,23.08,0.05,57,131556,买盘
1507,11:27:25,23.03,-0.02,46,105938,卖盘
1508,11:27:19,23.05,-0.03,3,6915,卖盘
1509,11:27:13,23.08,--,29,66932,买盘
1510,11:27:10,23.08,-0.02,43,99243,中性盘
1511,11:27:07,23.1,0.05,50,115500,买盘
1512,11:27:04,23.05,-0.05,177,407985,卖盘
1513,11:27:01,23.1,--,14,32340,买盘
1514,11:26:55,23.1,--,9,20790,买盘
1515,11:26:52,23.1,-0.03,78,180180,卖盘
1516,11:26:49,23.13,--,23,53199,卖盘
1517,11:26:46,23.13,0.01,616,1424808,买盘
1518,11:26:40,23.12,--,3,6936,卖盘
1519,11:26:37,23.12,-0.01,11,25432,卖盘
1520,11:26:34,23.13,0.01,14,32382,买盘
1521,11:26:28,23.12,-0.04,58,134096,卖盘
1522,11:26:25,23.16,--,5,11580,买盘
1523,11:26:22,23.16,--,15,34740,买盘
1524,11:26:19,23.16,--,79,182964,买盘
1525,11:26:13,23.16,0.01,9,20844,买盘
1526,11:26:04,23.15,-0.01,2,4630,中性盘
1527,11:26:01,23.16,0.02,5,11580,买盘
1528,11:25:58,23.14,-0.01,48,111072,卖盘
1529,11:25:55,23.15,0.03,13,30094,买盘
1530,11:25:40,23.12,-0.02,100,231200,卖盘
1531,11:25:37,23.14,0.01,47,108758,买盘
1532,11:25:34,23.13,--,76,175788,卖盘
1533,11:25:31,23.13,-0.01,27,62451,卖盘
1534,11:25:28,23.14,0.01,33,76362,买盘
1535,11:25:25,23.13,-0.01,200,462600,卖盘
1536,11:25:22,23.14,--,31,71734,买盘
1537,11:25:19,23.14,--,5,11570,买盘
1538,11:25:16,23.14,0.01,253,585442,买盘
1539,11:25:13,23.13,--,20,46260,卖盘
1540,11:25:10,23.13,-0.02,44,101772,卖盘
1541,11:25:07,23.15,--,6,13890,买盘
1542,11:25:04,23.15,--,70,162050,买盘
1543,11:24:58,23.15,--,24,55560,买盘
1544,11:24:55,23.15,--,172,398180,买盘
1545,11:24:52,23.15,0.01,18,41670,买盘
1546,11:24:49,23.14,-0.01,28,64792,卖盘
1547,11:24:46,23.15,--,28,64819,卖盘
1548,11:24:43,23.15,--,1,2315,卖盘
1549,11:24:40,23.15,-0.01,18,41670,卖盘
1550,11:24:34,23.16,0.02,38,88008,买盘
1551,11:24:31,23.14,-0.02,4,9256,卖盘
1552,11:24:28,23.16,0.01,30,69480,买盘
1553,11:24:25,23.15,--,70,162050,买盘
1554,11:24:19,23.15,--,11,25465,买盘
1555,11:24:13,23.15,--,126,291690,买盘
1556,11:24:10,23.15,0.01,22,50930,买盘
1557,11:24:07,23.14,-0.01,4,9256,卖盘
1558,11:24:04,23.15,-0.01,142,328730,卖盘
1559,11:24:01,23.16,--,36,83376,买盘
1560,11:23:58,23.16,--,69,159804,买盘
1561,11:23:55,23.16,0.01,47,108852,买盘
1562,11:23:52,23.15,-0.01,13,30094,卖盘
1563,11:23:46,23.16,--,3,6948,买盘
1564,11:23:43,23.16,-0.02,22,50952,买盘
1565,11:23:40,23.18,--,91,210938,买盘
1566,11:23:37,23.18,--,2,4636,买盘
1567,11:23:34,23.18,--,6,13908,买盘
1568,11:23:28,23.18,--,20,46360,买盘
1569,11:23:25,23.18,--,124,287432,买盘
1570,11:23:22,23.18,--,1,2318,买盘
1571,11:23:19,23.18,--,11,25498,买盘
1572,11:23:16,23.18,--,7,16226,买盘
1573,11:23:13,23.18,--,5,11590,买盘
1574,11:23:10,23.18,-0.01,158,366244,卖盘
1575,11:23:04,23.19,--,5,11595,买盘
1576,11:22:55,23.19,--,2,4638,买盘
1577,11:22:52,23.19,--,15,34785,买盘
1578,11:22:49,23.19,--,52,120588,卖盘
1579,11:22:46,23.19,-0.01,3,6957,卖盘
1580,11:22:43,23.2,--,27,62640,买盘
1581,11:22:37,23.2,--,31,71920,买盘
1582,11:22:34,23.2,0.01,12,27840,买盘
1583,11:22:31,23.19,-0.01,58,134502,卖盘
1584,11:22:25,23.2,--,14,32480,买盘
1585,11:22:22,23.2,--,202,468640,卖盘
1586,11:22:13,23.2,-0.04,290,672800,卖盘
1587,11:22:07,23.24,0.03,30,69720,买盘
1588,11:22:04,23.21,-0.01,37,85877,卖盘
1589,11:21:58,23.22,-0.02,65,152091,卖盘
1590,11:21:46,23.24,--,69,160356,买盘
1591,11:21:43,23.24,-0.01,17,40065,卖盘
1592,11:21:37,23.25,--,22,51150,买盘
1593,11:21:31,23.25,0.01,13,30225,买盘
1594,11:21:28,23.24,-0.02,121,281204,卖盘
1595,11:21:25,23.26,--,3,6978,买盘
1596,11:21:19,23.26,-0.01,21,48846,卖盘
1597,11:21:16,23.27,--,19,44213,买盘
1598,11:21:13,23.27,--,5,11635,买盘
1599,11:21:10,23.27,--,4,9308,买盘
1600,11:21:07,23.27,-0.02,372,865644,卖盘
1601,11:21:04,23.29,0.01,9,20961,买盘
1602,11:21:01,23.28,--,6,13968,卖盘
1603,11:20:55,23.28,-0.01,18,41904,卖盘
1604,11:20:49,23.29,0.01,5,11645,买盘
1605,11:20:43,23.28,-0.01,5,11640,卖盘
1606,11:20:40,23.29,--,25,58225,买盘
1607,11:20:37,23.29,--,5,11645,买盘
1608,11:20:34,23.29,--,26,61718,卖盘
1609,11:20:28,23.29,-0.01,39,90831,卖盘
1610,11:20:19,23.3,0.01,6,13980,买盘
1611,11:20:13,23.29,--,1,2329,卖盘
1612,11:20:10,23.29,--,1,3493,买盘
1613,11:20:07,23.29,0.01,1,2329,买盘
1614,11:20:04,23.28,-0.01,109,253752,卖盘
1615,11:20:01,23.29,0.01,7,16303,买盘
1616,11:19:49,23.28,0.01,74,172272,买盘
1617,11:19:46,23.27,0.01,22,51194,买盘
1618,11:19:43,23.26,-0.01,81,188406,卖盘
1619,11:19:37,23.27,--,63,146601,买盘
1620,11:19:28,23.27,--,24,55848,买盘
1621,11:19:25,23.27,--,23,53521,买盘
1622,11:19:22,23.27,--,5,11635,买盘
1623,11:19:19,23.27,--,2,4654,买盘
1624,11:19:13,23.27,0.01,3,6981,买盘
1625,11:19:10,23.26,0.01,57,132582,中性盘
1626,11:19:07,23.25,-0.02,2,4650,卖盘
1627,11:19:04,23.27,0.02,11,25597,买盘
1628,11:18:58,23.25,-0.01,62,144150,卖盘
1629,11:18:55,23.26,0.01,1,2326,卖盘
1630,11:18:43,23.25,--,3,6975,买盘
1631,11:18:37,23.25,--,26,60450,卖盘
1632,11:18:31,23.25,0.01,2,4650,中性盘
1633,11:18:25,23.24,-0.01,5,11620,卖盘
1634,11:18:22,23.25,--,7,18042,买盘
1635,11:18:16,23.25,--,12,27900,买盘
1636,11:18:13,23.25,0.01,7,16275,买盘
1637,11:18:07,23.24,-0.03,11,25564,卖盘
1638,11:18:04,23.27,0.03,13,30251,买盘
1639,11:18:01,23.24,-0.01,34,79016,卖盘
1640,11:17:58,23.25,--,16,37200,卖盘
1641,11:17:55,23.25,--,2,4650,卖盘
1642,11:17:52,23.25,--,4,9300,买盘
1643,11:17:49,23.25,--,16,37200,买盘
1644,11:17:46,23.25,--,7,16275,买盘
1645,11:17:37,23.25,--,5,11625,买盘
1646,11:17:34,23.25,--,2,4650,买盘
1647,11:17:31,23.25,--,23,53475,买盘
1648,11:17:25,23.25,--,1,2325,买盘
1649,11:17:22,23.25,0.02,12,27900,买盘
1650,11:17:19,23.23,-0.01,32,74336,卖盘
1651,11:17:12,23.24,--,3,6971,卖盘
1652,11:17:09,23.24,--,18,42994,买盘
1653,11:17:06,23.24,--,10,23240,买盘
1654,11:16:57,23.24,--,9,20916,买盘
1655,11:16:51,23.24,--,36,83664,买盘
1656,11:16:48,23.24,-0.01,19,44156,卖盘
1657,11:16:45,23.25,0.01,15,34875,买盘
1658,11:16:39,23.24,-0.01,25,58099,卖盘
1659,11:16:36,23.25,-0.02,57,132525,卖盘
1660,11:16:30,23.27,--,8,18616,卖盘
1661,11:16:24,23.27,--,38,88426,卖盘
1662,11:16:21,23.27,0.02,41,95407,买盘
1663,11:16:18,23.25,-0.02,10,23250,中性盘
1664,11:16:15,23.27,--,9,20943,买盘
1665,11:16:12,23.27,0.03,31,72137,买盘
1666,11:16:09,23.24,-0.04,165,383460,卖盘
1667,11:16:03,23.28,--,7,16296,买盘
1668,11:16:00,23.28,0.01,8,18624,中性盘
1669,11:15:57,23.27,--,25,58175,卖盘
1670,11:15:54,23.27,-0.02,62,144274,卖盘
1671,11:15:48,23.29,0.01,30,69870,买盘
1672,11:15:45,23.28,-0.02,65,152484,卖盘
1673,11:15:39,23.3,--,8,18640,买盘
1674,11:15:36,23.3,--,5,11650,买盘
1675,11:15:33,23.3,0.01,12,27960,买盘
1676,11:15:30,23.29,-0.01,8,18632,卖盘
1677,11:15:27,23.3,--,18,41940,买盘
1678,11:15:24,23.3,--,17,39610,卖盘
1679,11:15:21,23.3,--,17,39610,卖盘
1680,11:15:18,23.3,-0.01,30,69900,卖盘
1681,11:15:15,23.31,-0.01,5,11655,中性盘
1682,11:15:06,23.32,0.01,104,242528,买盘
1683,11:15:03,23.31,-0.01,34,79254,卖盘
1684,11:15:00,23.32,--,33,76956,买盘
1685,11:14:57,23.32,--,18,41976,买盘
1686,11:14:54,23.32,--,54,125928,买盘
1687,11:14:51,23.32,--,11,25652,卖盘
1688,11:14:48,23.32,--,15,34980,卖盘
1689,11:14:42,23.32,-0.01,6,13992,卖盘
1690,11:14:39,23.33,0.03,21,48993,买盘
1691,11:14:36,23.3,--,10,23300,卖盘
1692,11:14:33,23.3,-0.02,2,4660,卖盘
1693,11:14:27,23.32,0.02,8,18656,买盘
1694,11:14:24,23.3,--,32,74560,买盘
1695,11:14:21,23.3,0.01,9,20970,买盘
1696,11:14:15,23.29,0.01,17,39593,卖盘
1697,11:14:12,23.28,--,7,17460,买盘
1698,11:14:06,23.28,--,7,16296,买盘
1699,11:14:03,23.28,0.02,10,23280,买盘
1700,11:14:00,23.26,--,7,16282,卖盘
1701,11:13:57,23.26,-0.01,10,23260,中性盘
1702,11:13:51,23.27,0.02,16,37232,买盘
1703,11:13:48,23.25,--,17,39525,买盘
1704,11:13:45,23.25,--,19,44175,买盘
1705,11:13:39,23.25,0.01,5,11625,买盘
1706,11:13:33,23.24,--,33,78667,买盘
1707,11:13:30,23.24,0.03,1,2324,买盘
1708,11:13:24,23.21,0.01,11,25531,买盘
1709,11:13:21,23.2,--,14,32480,买盘
1710,11:13:18,23.2,--,8,18560,买盘
1711,11:13:15,23.2,0.02,73,169360,买盘
1712,11:13:03,23.18,0.02,29,68381,买盘
1713,11:13:00,23.16,-0.01,130,301080,卖盘
1714,11:12:57,23.17,--,30,69510,买盘
1715,11:12:54,23.17,--,3,6951,买盘
1716,11:12:51,23.17,--,23,53291,买盘
1717,11:12:48,23.17,--,43,99631,买盘
1718,11:12:45,23.17,--,58,134386,买盘
1719,11:12:39,23.17,0.02,17,39389,买盘
1720,11:12:36,23.15,0.01,25,57875,卖盘
1721,11:12:33,23.14,--,150,347100,卖盘
1722,11:12:27,23.14,--,31,73538,卖盘
1723,11:12:24,23.14,--,46,106444,卖盘
1724,11:12:18,23.14,--,29,67106,买盘
1725,11:12:15,23.14,0.01,8,18512,买盘
1726,11:12:12,23.13,--,90,208170,卖盘
1727,11:12:09,23.13,0.01,43,99459,卖盘
1728,11:12:06,23.12,-0.02,38,87856,卖盘
1729,11:12:03,23.14,0.01,30,69420,买盘
1730,11:12:00,23.13,--,94,217422,买盘
1731,11:11:57,23.13,--,11,25443,买盘
1732,11:11:54,23.13,-0.01,12,27756,卖盘
1733,11:11:51,23.14,--,9,20826,买盘
1734,11:11:48,23.14,--,82,189748,买盘
1735,11:11:45,23.14,--,3,6942,买盘
1736,11:11:42,23.14,--,20,46280,买盘
1737,11:11:39,23.14,-0.02,117,270738,卖盘
1738,11:11:36,23.16,0.01,207,479412,买盘
1739,11:11:33,23.15,--,6,13890,买盘
1740,11:11:30,23.15,--,53,122694,买盘
1741,11:11:27,23.15,-0.01,14,32409,卖盘
1742,11:11:18,23.16,--,3,6948,买盘
1743,11:11:15,23.16,--,18,41688,买盘
1744,11:11:09,23.16,-0.01,104,240864,卖盘
1745,11:11:06,23.17,-0.01,12,27804,卖盘
1746,11:11:03,23.18,--,27,62586,买盘
1747,11:11:00,23.18,--,5,11590,买盘
1748,11:10:57,23.18,--,1,2318,买盘
1749,11:10:54,23.18,--,21,48678,卖盘
1750,11:10:51,23.18,--,34,78812,卖盘
1751,11:10:48,23.18,--,30,69540,卖盘
1752,11:10:45,23.18,--,68,157624,卖盘
1753,11:10:42,23.18,-0.02,2,4636,卖盘
1754,11:10:39,23.2,0.01,161,373520,买盘
1755,11:10:33,23.19,-0.02,88,205579,卖盘
1756,11:10:30,23.21,0.01,16,37136,买盘
1757,11:10:27,23.2,-0.01,48,111360,卖盘
1758,11:10:24,23.21,--,181,420913,买盘
1759,11:10:21,23.21,--,23,53383,买盘
1760,11:10:18,23.21,-0.02,213,494373,卖盘
1761,11:10:12,23.23,0.02,66,153318,买盘
1762,11:10:09,23.21,0.01,16,37136,卖盘
1763,11:10:06,23.2,-0.01,544,1262080,卖盘
1764,11:10:03,23.21,-0.01,30,69630,卖盘
1765,11:10:00,23.22,0.02,36,83592,中性盘
1766,11:09:57,23.2,-0.01,286,663520,卖盘
1767,11:09:51,23.21,--,25,58025,卖盘
1768,11:09:48,23.21,0.01,37,85877,买盘
1769,11:09:45,23.2,-0.01,26,60320,卖盘
1770,11:09:42,23.21,-0.02,331,768251,卖盘
1771,11:09:36,23.23,0.02,52,120796,买盘
1772,11:09:33,23.21,-0.03,23,53383,卖盘
1773,11:09:30,23.24,0.04,1,2324,买盘
1774,11:09:27,23.2,-0.04,30,69600,卖盘
1775,11:09:24,23.24,0.01,10,23240,买盘
1776,11:09:21,23.23,--,109,253207,买盘
1777,11:09:18,23.23,-0.01,4,9292,中性盘
1778,11:09:15,23.24,0.03,39,90636,买盘
1779,11:09:12,23.21,-0.03,98,227806,卖盘
1780,11:09:06,23.24,0.01,32,74368,买盘
1781,11:09:03,23.23,-0.01,12,27876,卖盘
1782,11:09:00,23.24,0.01,8,18592,买盘
1783,11:08:57,23.23,-0.01,34,78982,卖盘
1784,11:08:51,23.24,--,105,244019,买盘
1785,11:08:48,23.24,--,30,69720,买盘
1786,11:08:45,23.24,0.01,22,51128,买盘
1787,11:08:42,23.23,0.01,10,23230,买盘
1788,11:08:39,23.22,--,172,399384,卖盘
1789,11:08:30,23.22,-0.01,12,27864,卖盘
1790,11:08:27,23.23,--,17,39491,买盘
1791,11:08:21,23.23,0.01,1,2323,买盘
1792,11:08:18,23.22,-0.01,32,74304,卖盘
1793,11:08:15,23.23,0.02,97,225331,卖盘
1794,11:08:12,23.21,-0.01,143,333875,卖盘
1795,11:08:09,23.22,--,124,287928,卖盘
1796,11:08:06,23.22,-0.02,13,30186,卖盘
1797,11:08:03,23.24,--,32,74368,买盘
1798,11:07:57,23.24,--,5,11620,买盘
1799,11:07:54,23.24,--,56,130143,买盘
1800,11:07:51,23.24,-0.02,227,527548,卖盘
1801,11:07:48,23.26,--,12,27912,买盘
1802,11:07:45,23.26,--,129,300054,卖盘
1803,11:07:42,23.26,-0.02,5,11630,卖盘
1804,11:07:39,23.28,--,27,62856,买盘
1805,11:07:36,23.28,--,13,30264,买盘
1806,11:07:33,23.28,--,5,11640,买盘
1807,11:07:30,23.28,--,96,223488,卖盘
1808,11:07:27,23.28,-0.01,62,144336,卖盘
1809,11:07:24,23.29,--,6,13974,买盘
1810,11:07:21,23.29,--,20,46580,买盘
1811,11:07:18,23.29,-0.02,66,155227,卖盘
1812,11:07:15,23.31,0.01,54,125874,买盘
1813,11:07:12,23.3,--,11,25630,卖盘
1814,11:07:09,23.3,-0.02,413,962290,卖盘
1815,11:07:06,23.32,0.02,90,209880,买盘
1816,11:07:03,23.3,-0.02,224,521920,卖盘
1817,11:06:57,23.32,-0.01,256,596992,卖盘
1818,11:06:51,23.33,--,71,165643,买盘
1819,11:06:45,23.33,--,32,74656,买盘
1820,11:06:42,23.33,-0.01,182,424699,卖盘
1821,11:06:39,23.34,-0.01,4,9336,卖盘
1822,11:06:36,23.35,0.01,2,4670,买盘
1823,11:06:33,23.34,0.01,12,28008,卖盘
1824,11:06:30,23.33,--,21,48993,卖盘
1825,11:06:27,23.33,--,18,41994,卖盘
1826,11:06:24,23.33,-0.01,235,548255,卖盘
1827,11:06:21,23.34,0.01,39,93266,中性盘
1828,11:06:18,23.33,-0.02,32,74656,卖盘
1829,11:06:15,23.35,0.01,19,44365,买盘
1830,11:06:12,23.34,-0.01,10,23340,卖盘
1831,11:06:09,23.35,--,7,16345,买盘
1832,11:06:06,23.35,0.02,3,7005,买盘
1833,11:06:00,23.33,-0.01,234,545922,卖盘
1834,11:05:57,23.34,0.01,1,2334,卖盘
1835,11:05:54,23.33,--,37,86321,买盘
1836,11:05:51,23.33,--,1,2333,买盘
1837,11:05:48,23.33,--,17,39661,买盘
1838,11:05:42,23.33,--,40,93320,中性盘
1839,11:05:39,23.33,0.01,2,4666,买盘
1840,11:05:36,23.32,--,1,2332,卖盘
1841,11:05:33,23.32,-0.01,61,142252,卖盘
1842,11:05:30,23.33,0.01,24,55991,买盘
1843,11:05:27,23.32,--,53,124412,买盘
1844,11:05:24,23.32,0.01,30,69960,买盘
1845,11:05:21,23.31,-0.01,70,163170,卖盘
1846,11:05:18,23.32,--,68,158576,买盘
1847,11:05:15,23.32,0.01,74,172568,买盘
1848,11:05:09,23.31,-0.01,17,39627,卖盘
1849,11:05:06,23.32,--,80,186560,买盘
1850,11:05:03,23.32,0.01,75,174900,买盘
1851,11:05:00,23.31,-0.01,15,34965,卖盘
1852,11:04:57,23.32,0.01,62,144584,买盘
1853,11:04:54,23.31,--,84,195804,卖盘
1854,11:04:51,23.31,-0.01,18,41958,卖盘
1855,11:04:48,23.32,--,15,34980,买盘
1856,11:04:45,23.32,0.01,86,200552,买盘
1857,11:04:42,23.31,-0.01,40,93240,卖盘
1858,11:04:36,23.32,--,12,27984,买盘
1859,11:04:33,23.32,--,87,202884,买盘
1860,11:04:30,23.32,--,44,102608,买盘
1861,11:04:27,23.32,--,17,39644,买盘
1862,11:04:24,23.32,--,9,20988,买盘
1863,11:04:21,23.32,0.02,36,83952,买盘
1864,11:04:18,23.3,-0.02,41,95530,卖盘
1865,11:04:15,23.32,0.02,31,72292,买盘
1866,11:04:12,23.3,-0.02,9,20970,卖盘
1867,11:04:09,23.32,--,1,2332,买盘
1868,11:04:06,23.32,--,6,13992,买盘
1869,11:04:03,23.32,0.02,41,95612,买盘
1870,11:04:00,23.3,-0.02,21,48930,卖盘
1871,11:03:57,23.32,0.02,338,788216,买盘
1872,11:03:54,23.3,-0.01,6,13980,卖盘
1873,11:03:51,23.31,-0.01,28,65268,卖盘
1874,11:03:48,23.32,0.02,54,125928,买盘
1875,11:03:45,23.3,-0.02,451,1050830,卖盘
1876,11:03:42,23.32,-0.03,174,405768,卖盘
1877,11:03:36,23.35,--,23,53705,买盘
1878,11:03:27,23.35,--,62,144770,买盘
1879,11:03:24,23.35,--,5,11675,买盘
1880,11:03:21,23.35,--,10,23350,买盘
1881,11:03:18,23.35,--,2,4670,买盘
1882,11:03:15,23.35,--,154,359590,买盘
1883,11:03:12,23.35,-0.02,184,429640,卖盘
1884,11:03:06,23.37,--,34,79458,买盘
1885,11:03:03,23.37,--,41,95817,中性盘
1886,11:02:57,23.37,--,4,9348,买盘
1887,11:02:54,23.37,--,51,119187,买盘
1888,11:02:51,23.37,0.01,111,259407,买盘
1889,11:02:48,23.36,-0.02,55,128480,卖盘
1890,11:02:45,23.38,-0.02,17,39746,买盘
1891,11:02:42,23.4,--,168,393120,买盘
1892,11:02:39,23.4,0.02,254,594360,买盘
1893,11:02:36,23.38,--,1,2338,买盘
1894,11:02:33,23.38,--,25,58450,买盘
1895,11:02:30,23.38,-0.01,7,16366,买盘
1896,11:02:24,23.39,--,51,120458,买盘
1897,11:02:21,23.39,--,36,84204,买盘
1898,11:02:18,23.39,--,10,24559,买盘
1899,11:02:15,23.39,0.03,5,11695,买盘
1900,11:02:06,23.36,-0.02,20,46720,卖盘
1901,11:02:03,23.38,0.02,122,285236,买盘
1902,11:02:00,23.36,--,27,63072,卖盘
1903,11:01:57,23.36,--,20,46720,卖盘
1904,11:01:54,23.36,--,67,156512,卖盘
1905,11:01:48,23.36,--,79,184544,买盘
1906,11:01:45,23.36,0.01,163,380768,买盘
1907,11:01:42,23.35,--,10,23350,卖盘
1908,11:01:36,23.35,0.09,45,105075,买盘
1909,11:01:33,23.26,-0.02,422,981595,卖盘
1910,11:01:30,23.28,0.02,1,2328,卖盘
1911,11:01:27,23.26,-0.04,160,372160,卖盘
1912,11:01:24,23.3,0.05,34,79220,买盘
1913,11:01:21,23.25,-0.03,49,113925,卖盘
1914,11:01:15,23.28,0.03,111,258408,买盘
1915,11:01:12,23.25,-0.01,211,490575,中性盘
1916,11:01:06,23.26,-0.02,49,113974,中性盘
1917,11:01:03,23.28,0.03,216,502848,买盘
1918,11:01:00,23.25,-0.04,8,18600,卖盘
1919,11:00:57,23.29,0.01,41,95489,买盘
1920,11:00:54,23.28,--,20,46560,买盘
1921,11:00:51,23.28,-0.02,16,37248,中性盘
1922,11:00:48,23.3,0.01,46,107180,买盘
1923,11:00:45,23.29,--,51,118779,买盘
1924,11:00:42,23.29,--,111,258519,买盘
1925,11:00:39,23.29,-0.09,171,398259,卖盘
1926,11:00:36,23.38,--,109,254842,卖盘
1927,11:00:30,23.38,-0.01,13,30394,卖盘
1928,11:00:27,23.39,0.01,19,44441,中性盘
1929,11:00:24,23.38,0.03,26,60788,卖盘
1930,11:00:21,23.35,-0.03,7,16345,卖盘
1931,11:00:18,23.38,-0.02,9,21042,卖盘
1932,11:00:15,23.4,--,137,320580,买盘
1933,11:00:09,23.4,-0.01,130,304200,卖盘
1934,11:00:06,23.41,-0.04,111,259851,卖盘
1935,11:00:03,23.45,-0.05,40,93800,卖盘
1936,11:00:00,23.5,--,66,155100,买盘
1937,10:59:54,23.5,0.02,23,54050,买盘
1938,10:59:51,23.48,-0.04,53,124444,卖盘
1939,10:59:48,23.52,0.02,14,32928,买盘
1940,10:59:45,23.5,-0.02,201,472350,卖盘
1941,10:59:42,23.52,-0.03,11,25872,卖盘
1942,10:59:39,23.55,0.05,235,553425,买盘
1943,10:59:36,23.5,-0.06,309,726150,卖盘
1944,10:59:33,23.56,--,119,280364,卖盘
1945,10:59:30,23.56,0.01,5,11780,中性盘
1946,10:59:27,23.55,-0.02,22,51810,卖盘
1947,10:59:24,23.57,--,8,18856,买盘
1948,10:59:21,23.57,0.01,35,82495,买盘
1949,10:59:18,23.56,-0.02,37,87172,卖盘
1950,10:59:15,23.58,--,177,417365,买盘
1951,10:59:12,23.58,--,94,221651,买盘
1952,10:59:09,23.58,--,9,21222,买盘
1953,10:59:03,23.58,-0.02,143,337194,卖盘
1954,10:59:00,23.6,0.01,11,25960,中性盘
1955,10:58:57,23.59,-0.02,36,84924,卖盘
1956,10:58:54,23.61,-0.01,7,16527,卖盘
1957,10:58:51,23.62,0.02,61,144082,买盘
1958,10:58:48,23.6,--,22,51920,卖盘
1959,10:58:42,23.6,-0.02,105,247800,卖盘
1960,10:58:36,23.62,0.01,10,23620,买盘
1961,10:58:33,23.61,-0.01,2,4722,卖盘
1962,10:58:30,23.62,-0.03,46,108652,卖盘
1963,10:58:27,23.65,-0.01,6,14190,卖盘
1964,10:58:24,23.66,--,104,246064,买盘
1965,10:58:21,23.66,-0.02,80,189280,卖盘
1966,10:58:18,23.68,--,1,2368,买盘
1967,10:58:15,23.68,--,1,2368,买盘
1968,10:58:12,23.68,-0.02,299,708032,卖盘
1969,10:58:09,23.7,--,1,2891,卖盘
1970,10:58:03,23.7,-0.03,17,40290,卖盘
1971,10:58:00,23.73,0.03,7,16611,中性盘
1972,10:57:54,23.7,--,6,14220,卖盘
1973,10:57:51,23.7,-0.01,500,1186848,卖盘
1974,10:57:48,23.71,--,4,9484,卖盘
1975,10:57:45,23.71,-0.01,95,225245,卖盘
1976,10:57:42,23.72,--,8,18976,卖盘
1977,10:57:39,23.72,0.01,6,14232,卖盘
1978,10:57:33,23.71,-0.03,29,68759,卖盘
1979,10:57:30,23.74,--,2,4748,买盘
1980,10:57:24,23.74,--,5,11870,买盘
1981,10:57:21,23.74,--,1,2374,买盘
1982,10:57:18,23.74,--,20,47480,买盘
1983,10:57:15,23.74,--,20,47480,买盘
1984,10:57:06,23.74,-0.01,27,64097,卖盘
1985,10:56:53,23.75,0.01,17,40375,卖盘
1986,10:56:32,23.74,-0.01,10,23740,卖盘
1987,10:56:29,23.75,0.01,13,30875,买盘
1988,10:56:17,23.74,--,2,4748,买盘
1989,10:56:05,23.74,--,6,14243,买盘
1990,10:55:56,23.74,--,104,246895,买盘
1991,10:55:53,23.74,--,5,11870,买盘
1992,10:55:50,23.74,--,13,30861,买盘
1993,10:55:47,23.74,--,3,7121,买盘
1994,10:55:44,23.74,-0.01,43,102082,卖盘
1995,10:55:38,23.75,--,11,26125,买盘
1996,10:55:26,23.75,--,42,99750,买盘
1997,10:55:23,23.75,--,5,11875,买盘
1998,10:55:14,23.75,0.01,3,7125,买盘
1999,10:55:11,23.74,-0.01,28,66472,卖盘
2000,10:55:08,23.75,0.01,14,33250,买盘
2001,10:55:05,23.74,--,2,4748,卖盘
2002,10:54:59,23.74,--,5,11870,卖盘
2003,10:54:53,23.74,0.02,69,163806,买盘
2004,10:54:47,23.72,--,6,14232,卖盘
2005,10:54:44,23.72,--,3,7116,卖盘
2006,10:54:38,23.72,--,2,4744,买盘
2007,10:54:29,23.72,0.01,15,35580,买盘
2008,10:54:23,23.71,--,4,9484,卖盘
2009,10:54:14,23.71,-0.01,145,343795,卖盘
2010,10:54:11,23.72,0.01,58,137576,买盘
2011,10:54:08,23.71,--,25,59275,卖盘
2012,10:54:05,23.71,-0.01,7,16597,卖盘
2013,10:54:02,23.72,0.01,18,42696,买盘
2014,10:53:59,23.71,-0.01,3,7113,卖盘
2015,10:53:56,23.72,--,5,11860,买盘
2016,10:53:47,23.72,-0.02,72,170784,卖盘
2017,10:53:44,23.74,0.02,2,4748,买盘
2018,10:53:41,23.72,-0.02,2,4744,卖盘
2019,10:53:38,23.74,--,3,7121,买盘
2020,10:53:32,23.74,-0.01,13,30861,中性盘
2021,10:53:29,23.75,--,144,342000,买盘
2022,10:53:20,23.75,-0.02,14,33250,卖盘
2023,10:53:17,23.77,--,2,4754,买盘
2024,10:53:14,23.77,--,5,11885,买盘
2025,10:52:59,23.77,--,37,87949,买盘
2026,10:52:50,23.77,--,12,28524,买盘
2027,10:52:44,23.77,--,5,11885,买盘
2028,10:52:41,23.77,--,30,71310,卖盘
2029,10:52:38,23.77,0.04,50,118850,卖盘
2030,10:52:29,23.73,-0.04,187,443751,卖盘
2031,10:52:26,23.77,--,3,7131,卖盘
2032,10:52:23,23.77,--,13,30901,买盘
2033,10:52:20,23.77,--,10,23770,买盘
2034,10:52:14,23.77,--,2,4754,买盘
2035,10:52:11,23.77,--,10,23770,买盘
2036,10:52:08,23.77,0.01,2,4754,买盘
2037,10:51:59,23.76,0.02,8,19008,买盘
2038,10:51:53,23.74,-0.01,11,26114,卖盘
2039,10:51:50,23.75,--,24,57000,买盘
2040,10:51:47,23.75,--,15,35625,买盘
2041,10:51:44,23.75,--,10,23750,买盘
2042,10:51:41,23.75,--,24,57000,买盘
2043,10:51:38,23.75,--,13,30875,买盘
2044,10:51:32,23.75,--,5,11875,买盘
2045,10:51:29,23.75,-0.01,20,47500,买盘
2046,10:51:26,23.76,0.03,20,47520,买盘
2047,10:51:23,23.73,-0.01,11,26103,中性盘
2048,10:51:20,23.74,0.03,229,543646,买盘
2049,10:51:17,23.71,-0.02,95,225245,卖盘
2050,10:51:11,23.73,0.03,54,129755,买盘
2051,10:51:02,23.7,--,10,23700,卖盘
2052,10:50:59,23.7,0.02,5,11850,买盘
2053,10:50:56,23.68,--,94,222592,卖盘
2054,10:50:53,23.68,-0.01,30,71040,卖盘
2055,10:50:50,23.69,-0.01,2,4738,卖盘
2056,10:50:47,23.7,0.03,49,116130,买盘
2057,10:50:41,23.67,-0.03,189,447363,卖盘
2058,10:50:38,23.7,0.02,12,28440,买盘
2059,10:50:35,23.68,-0.01,120,284160,卖盘
2060,10:50:32,23.69,--,9,21321,买盘
2061,10:50:29,23.69,--,10,23690,买盘
2062,10:50:26,23.69,-0.01,71,168199,卖盘
2063,10:50:23,23.7,--,8,18960,卖盘
2064,10:50:20,23.7,0.02,20,47400,中性盘
2065,10:50:17,23.68,-0.02,200,473600,卖盘
2066,10:50:14,23.7,--,50,118500,买盘
2067,10:50:11,23.7,0.01,92,218040,买盘
2068,10:50:08,23.69,-0.01,61,144509,卖盘
2069,10:50:05,23.7,0.01,28,66360,买盘
2070,10:49:59,23.69,0.01,6,14214,买盘
2071,10:49:56,23.68,--,3,7104,卖盘
2072,10:49:53,23.68,-0.01,52,123136,卖盘
2073,10:49:50,23.69,--,55,130295,买盘
2074,10:49:47,23.69,0.01,1,2369,买盘
2075,10:49:44,23.68,-0.01,5,11840,卖盘
2076,10:49:38,23.69,--,12,28428,买盘
2077,10:49:35,23.69,--,43,101867,买盘
2078,10:49:32,23.69,-0.01,41,97129,卖盘
2079,10:49:26,23.7,--,10,23700,买盘
2080,10:49:23,23.7,--,20,47400,买盘
2081,10:49:20,23.7,--,3,7110,买盘
2082,10:49:17,23.7,--,31,73470,买盘
2083,10:49:14,23.7,--,86,203820,卖盘
2084,10:49:11,23.7,--,126,298620,卖盘
2085,10:49:08,23.7,-0.01,126,298620,卖盘
2086,10:49:05,23.71,-0.01,3,7113,中性盘
2087,10:49:02,23.72,0.02,25,59300,买盘
2088,10:48:59,23.7,-0.01,157,372090,卖盘
2089,10:48:56,23.71,--,36,85356,卖盘
2090,10:48:50,23.71,-0.01,1,2371,卖盘
2091,10:48:47,23.72,0.01,15,35580,买盘
2092,10:48:44,23.71,0.01,39,92469,卖盘
2093,10:48:41,23.7,--,6,14220,卖盘
2094,10:48:38,23.7,-0.01,44,104280,卖盘
2095,10:48:35,23.71,--,25,59275,卖盘
2096,10:48:32,23.71,--,80,189680,卖盘
2097,10:48:29,23.71,-0.01,4,9484,卖盘
2098,10:48:26,23.72,--,106,251432,买盘
2099,10:48:23,23.72,0.01,30,71160,买盘
2100,10:48:20,23.71,-0.01,18,42678,卖盘
2101,10:48:11,23.72,--,41,97252,买盘
2102,10:48:08,23.72,--,12,28464,买盘
2103,10:48:05,23.72,0.01,5,11860,买盘
2104,10:48:02,23.71,-0.01,21,49791,卖盘
2105,10:47:59,23.72,--,25,60059,卖盘
2106,10:47:56,23.72,-0.01,20,47440,卖盘
2107,10:47:53,23.73,--,27,65684,买盘
2108,10:47:50,23.73,0.01,34,80682,买盘
2109,10:47:44,23.72,--,48,113856,卖盘
2110,10:47:41,23.72,-0.01,35,83020,卖盘
2111,10:47:38,23.73,0.01,10,23730,买盘
2112,10:47:35,23.72,-0.01,2,4744,卖盘
2113,10:47:32,23.73,--,84,199332,买盘
2114,10:47:29,23.73,--,45,106785,买盘
2115,10:47:23,23.73,--,22,52206,买盘
2116,10:47:20,23.73,-0.02,52,123396,卖盘
2117,10:47:17,23.75,0.01,59,140125,买盘
2118,10:47:14,23.74,--,2,4748,买盘
2119,10:47:11,23.74,--,5,11870,买盘
2120,10:47:08,23.74,-0.02,67,159058,卖盘
2121,10:47:02,23.76,0.01,23,54648,买盘
2122,10:46:59,23.75,--,21,49875,卖盘
2123,10:46:56,23.75,--,43,102125,卖盘
2124,10:46:53,23.75,-0.01,76,180500,卖盘
2125,10:46:50,23.76,0.01,57,135432,买盘
2126,10:46:47,23.75,-0.01,21,49875,卖盘
2127,10:46:44,23.76,0.01,21,49896,买盘
2128,10:46:35,23.75,-0.01,26,61750,卖盘
2129,10:46:32,23.76,-0.01,15,35640,卖盘
2130,10:46:29,23.77,0.02,41,97457,买盘
2131,10:46:26,23.75,-0.01,47,111625,卖盘
2132,10:46:23,23.76,--,114,270864,卖盘
2133,10:46:20,23.76,-0.02,221,525096,卖盘
2134,10:46:17,23.78,0.01,57,135546,买盘
2135,10:46:11,23.77,--,8,19016,卖盘
2136,10:46:08,23.77,--,8,19016,卖盘
2137,10:46:05,23.77,--,148,351796,卖盘
2138,10:46:02,23.77,-0.03,75,179083,卖盘
2139,10:45:56,23.8,--,7,16660,买盘
2140,10:45:53,23.8,--,10,23800,买盘
2141,10:45:50,23.8,0.02,4,9520,买盘
2142,10:45:47,23.78,-0.02,103,244934,卖盘
2143,10:45:44,23.8,--,36,85680,卖盘
2144,10:45:41,23.8,--,50,119000,卖盘
2145,10:45:38,23.8,--,3,7140,卖盘
2146,10:45:35,23.8,--,99,237190,卖盘
2147,10:45:26,23.8,--,3,7140,卖盘
2148,10:45:23,23.8,-0.02,149,354620,卖盘
2149,10:45:20,23.82,-0.01,93,221526,卖盘
2150,10:45:17,23.83,--,26,61957,卖盘
2151,10:45:14,23.83,--,7,16681,卖盘
2152,10:45:08,23.83,-0.01,113,269279,卖盘
2153,10:45:02,23.84,-0.01,5,11920,中性盘
2154,10:44:59,23.85,0.02,113,269505,买盘
2155,10:44:56,23.83,--,9,21447,卖盘
2156,10:44:53,23.83,--,1,2383,卖盘
2157,10:44:44,23.83,-0.02,1,2383,买盘
2158,10:44:41,23.85,0.04,3,7155,买盘
2159,10:44:35,23.81,-0.02,118,280958,卖盘
2160,10:44:32,23.83,--,3,7148,卖盘
2161,10:44:26,23.83,--,21,50043,买盘
2162,10:44:20,23.83,0.02,1,2383,买盘
2163,10:44:17,23.81,--,2,4762,卖盘
2164,10:44:14,23.81,-0.02,1,2381,卖盘
2165,10:44:11,23.83,0.02,5,11915,买盘
2166,10:44:08,23.81,--,52,123812,买盘
2167,10:44:05,23.81,--,1,2381,买盘
2168,10:44:02,23.81,--,27,64287,买盘
2169,10:43:56,23.81,--,3,7143,买盘
2170,10:43:53,23.81,--,5,11905,买盘
2171,10:43:50,23.81,--,40,95240,买盘
2172,10:43:47,23.81,-0.02,40,95240,卖盘
2173,10:43:41,23.83,0.01,29,69107,买盘
2174,10:43:38,23.82,0.02,5,11910,买盘
2175,10:43:35,23.8,-0.01,21,49980,卖盘
2176,10:43:32,23.81,--,13,30953,卖盘
2177,10:43:26,23.81,--,16,38096,卖盘
2178,10:43:20,23.81,--,20,47620,卖盘
2179,10:43:17,23.81,--,10,23810,卖盘
2180,10:43:11,23.81,--,20,47620,卖盘
2181,10:43:08,23.81,0.01,110,261910,买盘
2182,10:43:05,23.8,-0.01,47,111860,卖盘
2183,10:43:02,23.81,--,2,4762,买盘
2184,10:42:59,23.81,--,50,119050,买盘
2185,10:42:53,23.81,--,11,26191,买盘
2186,10:42:47,23.81,--,14,33334,买盘
2187,10:42:44,23.81,--,11,26191,卖盘
2188,10:42:41,23.81,--,35,83335,卖盘
2189,10:42:38,23.81,0.01,6,14286,卖盘
2190,10:42:32,23.8,-0.01,10,23800,卖盘
2191,10:42:29,23.81,0.04,6,14286,买盘
2192,10:42:26,23.77,-0.03,31,73687,卖盘
2193,10:42:20,23.8,--,49,116620,买盘
2194,10:42:17,23.8,0.02,32,76160,买盘
2195,10:42:14,23.78,--,17,40426,买盘
2196,10:42:11,23.78,-0.02,89,211642,卖盘
2197,10:42:05,23.8,--,21,49980,买盘
2198,10:42:02,23.8,--,9,21420,卖盘
2199,10:41:56,23.8,--,5,11900,卖盘
2200,10:41:53,23.8,0.02,8,19040,买盘
2201,10:41:47,23.78,0.01,46,109388,买盘
2202,10:41:44,23.77,-0.01,15,35655,卖盘
2203,10:41:41,23.78,0.01,12,28536,买盘
2204,10:41:38,23.77,--,10,23770,卖盘
2205,10:41:35,23.77,--,12,28524,卖盘
2206,10:41:29,23.77,--,4,9508,卖盘
2207,10:41:26,23.77,-0.03,30,71310,卖盘
2208,10:41:20,23.8,--,154,366520,买盘
2209,10:41:17,23.8,--,166,395080,卖盘
2210,10:41:14,23.8,-0.01,503,1197140,卖盘
2211,10:41:11,23.81,-0.02,64,152384,卖盘
2212,10:41:08,23.83,--,17,40511,卖盘
2213,10:41:05,23.83,-0.03,69,164427,卖盘
2214,10:41:02,23.86,--,248,591728,卖盘
2215,10:40:56,23.86,--,55,131230,卖盘
2216,10:40:50,23.86,-0.02,1,2386,卖盘
2217,10:40:47,23.88,--,255,608940,卖盘
2218,10:40:41,23.88,-0.01,160,382080,卖盘
2219,10:40:38,23.89,--,79,188731,卖盘
2220,10:40:35,23.89,--,51,121839,卖盘
2221,10:40:32,23.89,--,5,11945,卖盘
2222,10:40:26,23.89,-0.01,49,117061,卖盘
2223,10:40:23,23.9,--,27,66896,卖盘
2224,10:40:17,23.9,--,144,344183,卖盘
2225,10:40:14,23.9,--,21,50190,卖盘
2226,10:40:11,23.9,--,15,35850,卖盘
2227,10:40:08,23.9,--,46,109940,卖盘
2228,10:40:05,23.9,-0.02,14,33460,卖盘
2229,10:40:02,23.92,0.01,153,368344,买盘
2230,10:39:56,23.91,--,39,93249,卖盘
2231,10:39:50,23.91,--,2,4782,卖盘
2232,10:39:47,23.91,-0.01,32,76512,卖盘
2233,10:39:44,23.92,--,32,76544,卖盘
2234,10:39:41,23.92,--,36,86112,卖盘
2235,10:39:35,23.92,-0.01,10,23920,卖盘
2236,10:39:29,23.93,--,18,43074,卖盘
2237,10:39:26,23.93,--,12,28716,卖盘
2238,10:39:23,23.93,--,2,4786,卖盘
2239,10:39:20,23.93,-0.01,7,16751,卖盘
2240,10:39:17,23.94,--,21,50274,卖盘
2241,10:39:14,23.94,--,4,9576,卖盘
2242,10:39:11,23.94,--,66,158004,卖盘
2243,10:39:05,23.94,--,2,4788,卖盘
2244,10:39:02,23.94,--,1,2394,卖盘
2245,10:38:59,23.94,--,2,4788,卖盘
2246,10:38:53,23.94,-0.02,6,14364,卖盘
2247,10:38:50,23.96,--,19,45524,卖盘
2248,10:38:41,23.96,--,1,2396,卖盘
2249,10:38:32,23.96,-0.01,5,11980,卖盘
2250,10:38:23,23.97,--,5,11985,买盘
2251,10:38:20,23.97,-0.01,16,39119,卖盘
2252,10:38:14,23.98,0.01,4,9592,买盘
2253,10:38:11,23.97,-0.01,10,23970,卖盘
2254,10:37:50,23.98,0.02,42,102346,买盘
2255,10:37:32,23.96,0.02,20,47920,买盘
2256,10:37:08,23.94,-0.02,10,23940,卖盘
2257,10:36:56,23.96,--,15,35940,卖盘
2258,10:36:53,23.96,0.02,35,83860,中性盘
2259,10:36:43,23.94,-0.02,90,215460,卖盘
2260,10:36:40,23.96,0.02,6,14376,买盘
2261,10:36:34,23.94,--,15,35910,卖盘
2262,10:36:28,23.94,--,3,7182,卖盘
2263,10:36:19,23.94,--,20,47880,卖盘
2264,10:36:16,23.94,-0.01,17,40698,卖盘
2265,10:36:13,23.95,0.01,7,16765,买盘
2266,10:36:10,23.94,-0.01,20,47880,卖盘
2267,10:36:07,23.95,--,4,9580,买盘
2268,10:35:55,23.95,-0.01,9,21555,卖盘
2269,10:35:49,23.96,0.01,30,71880,买盘
2270,10:35:46,23.95,-0.02,42,100590,卖盘
2271,10:35:43,23.97,--,15,36722,卖盘
2272,10:35:40,23.97,--,15,37584,买盘
2273,10:35:37,23.97,--,23,55131,买盘
2274,10:35:34,23.97,--,1,2397,买盘
2275,10:35:28,23.97,0.02,13,31161,买盘
2276,10:35:25,23.95,-0.02,34,81430,卖盘
2277,10:35:22,23.97,--,1,2397,买盘
2278,10:35:19,23.97,0.02,100,239700,买盘
2279,10:35:13,23.95,-0.01,2,4790,卖盘
2280,10:35:10,23.96,-0.01,38,92246,卖盘
2281,10:35:07,23.97,--,10,23970,买盘
2282,10:35:01,23.97,0.01,1,2397,买盘
2283,10:34:52,23.96,--,3,7188,卖盘
2284,10:34:49,23.96,--,5,11980,卖盘
2285,10:34:46,23.96,--,5,11980,卖盘
2286,10:34:43,23.96,--,29,70682,买盘
2287,10:34:40,23.96,--,13,31148,买盘
2288,10:34:31,23.96,0.01,2,4792,买盘
2289,10:34:16,23.95,--,4,9580,买盘
2290,10:34:07,23.95,--,10,23950,买盘
2291,10:33:55,23.95,--,7,16765,买盘
2292,10:33:52,23.95,--,99,237105,买盘
2293,10:33:46,23.95,--,27,64665,买盘
2294,10:33:40,23.95,0.01,27,64665,买盘
2295,10:33:28,23.94,--,40,95760,卖盘
2296,10:33:25,23.94,0.01,1,2394,买盘
2297,10:33:16,23.93,-0.01,1,2393,卖盘
2298,10:33:07,23.94,--,3,7182,买盘
2299,10:33:04,23.94,--,74,177156,买盘
2300,10:33:01,23.94,--,10,23940,买盘
2301,10:32:49,23.94,--,5,11970,买盘
2302,10:32:34,23.94,-0.01,44,105336,卖盘
2303,10:32:22,23.95,0.01,7,16765,买盘
2304,10:32:19,23.94,-0.01,1,2394,卖盘
2305,10:32:13,23.95,0.01,4,9580,买盘
2306,10:32:01,23.94,--,23,55062,卖盘
2307,10:31:58,23.94,--,1,2394,买盘
2308,10:31:46,23.94,--,5,11970,买盘
2309,10:31:43,23.94,0.02,40,95760,买盘
2310,10:31:34,23.92,--,6,14352,卖盘
2311,10:31:31,23.92,--,3,7176,卖盘
2312,10:31:19,23.92,--,6,14352,卖盘
2313,10:31:13,23.92,--,22,52624,卖盘
2314,10:31:10,23.92,-0.02,1,2392,卖盘
2315,10:31:07,23.94,0.02,3,7182,买盘
2316,10:31:04,23.92,--,10,23920,卖盘
2317,10:30:58,23.92,-0.02,13,31096,卖盘
2318,10:30:55,23.94,0.02,14,33516,买盘
2319,10:30:46,23.92,0.01,1,2392,中性盘
2320,10:30:37,23.91,-0.01,17,40647,卖盘
2321,10:30:25,23.92,-0.02,28,66976,卖盘
2322,10:30:22,23.94,0.03,15,35910,买盘
2323,10:30:07,23.91,-0.03,190,454290,卖盘
2324,10:30:04,23.94,0.01,1,2394,买盘
2325,10:30:01,23.93,0.01,9,21560,买盘
2326,10:29:58,23.92,-0.01,25,59800,卖盘
2327,10:29:49,23.93,--,2,4786,买盘
2328,10:29:46,23.93,--,5,11965,买盘
2329,10:29:43,23.93,--,3,7179,买盘
2330,10:29:37,23.93,--,10,23930,买盘
2331,10:29:31,23.93,-0.01,20,50229,卖盘
2332,10:29:25,23.94,--,10,23940,买盘
2333,10:29:19,23.94,--,8,19152,买盘
2334,10:29:13,23.94,--,11,26334,买盘
2335,10:29:07,23.94,0.01,1,2394,买盘
2336,10:29:01,23.93,--,9,21560,买盘
2337,10:28:58,23.93,--,11,26323,买盘
2338,10:28:52,23.93,0.01,9,21537,买盘
2339,10:28:46,23.92,-0.01,9,21528,卖盘
2340,10:28:43,23.93,--,1,2393,买盘
2341,10:28:40,23.93,0.01,13,31109,买盘
2342,10:28:37,23.92,--,8,19136,卖盘
2343,10:28:28,23.92,--,5,11960,卖盘
2344,10:28:16,23.92,--,26,62192,卖盘
2345,10:28:10,23.92,--,105,251160,卖盘
2346,10:28:07,23.92,-0.01,1,2392,卖盘
2347,10:27:52,23.93,--,6,14358,卖盘
2348,10:27:49,23.93,--,5,11965,卖盘
2349,10:27:46,23.93,--,2,4786,卖盘
2350,10:27:43,23.93,--,7,16751,卖盘
2351,10:27:40,23.93,-0.01,30,71790,卖盘
2352,10:27:34,23.94,--,1,2394,买盘
2353,10:27:31,23.94,0.01,3,7182,买盘
2354,10:27:28,23.93,-0.01,22,52646,卖盘
2355,10:27:25,23.94,--,3,7182,买盘
2356,10:27:10,23.94,-0.01,134,320796,卖盘
2357,10:27:07,23.95,--,10,23950,买盘
2358,10:27:04,23.95,0.01,4,9580,买盘
2359,10:26:58,23.94,-0.01,4,9576,卖盘
2360,10:26:55,23.95,0.01,30,71850,买盘
2361,10:26:52,23.94,-0.01,21,50274,卖盘
2362,10:26:43,23.95,--,29,69455,卖盘
2363,10:26:34,23.95,0.01,10,23950,卖盘
2364,10:26:28,23.94,-0.01,28,67032,卖盘
2365,10:26:16,23.95,--,6,14370,买盘
2366,10:26:07,23.95,0.01,1,2395,买盘
2367,10:26:04,23.94,-0.01,32,76608,卖盘
2368,10:25:49,23.95,-0.01,28,67060,卖盘
2369,10:25:43,23.96,--,5,11980,卖盘
2370,10:25:40,23.96,--,1,2396,卖盘
2371,10:25:31,23.96,--,6,14376,中性盘
2372,10:25:28,23.96,0.01,11,26356,买盘
2373,10:25:25,23.95,-0.01,11,26345,卖盘
2374,10:25:10,23.96,0.01,33,79068,买盘
2375,10:24:58,23.95,--,12,28740,卖盘
2376,10:24:52,23.95,-0.01,5,11975,卖盘
2377,10:24:46,23.96,--,7,16772,卖盘
2378,10:24:43,23.96,--,5,11980,卖盘
2379,10:24:34,23.96,--,4,9584,卖盘
2380,10:24:31,23.96,0.01,1,2396,卖盘
2381,10:24:22,23.95,--,22,52690,卖盘
2382,10:24:19,23.95,0.01,1,2395,卖盘
2383,10:24:16,23.94,--,5,11970,卖盘
2384,10:24:01,23.94,--,10,23940,卖盘
2385,10:23:58,23.94,--,7,16758,卖盘
2386,10:23:43,23.94,--,46,110124,卖盘
2387,10:23:28,23.94,--,2,4788,卖盘
2388,10:23:16,23.94,-0.02,88,210672,卖盘
2389,10:23:13,23.96,-0.02,10,23960,卖盘
2390,10:22:52,23.98,0.01,10,23980,买盘
2391,10:22:49,23.97,--,4,9588,买盘
2392,10:22:43,23.97,--,10,23970,卖盘
2393,10:22:40,23.97,--,23,55131,卖盘
2394,10:22:34,23.97,--,30,71910,卖盘
2395,10:22:31,23.97,--,127,304419,卖盘
2396,10:22:22,23.97,-0.01,1,2397,卖盘
2397,10:22:16,23.98,--,6,14388,买盘
2398,10:22:13,23.98,0.01,26,62348,买盘
2399,10:22:10,23.97,-0.01,13,31161,卖盘
2400,10:22:07,23.98,--,27,64746,买盘
2401,10:22:04,23.98,--,14,33572,买盘
2402,10:22:01,23.98,0.01,6,14388,买盘
2403,10:21:55,23.97,-0.01,2,4794,卖盘
2404,10:21:52,23.98,0.01,1,2398,买盘
2405,10:21:46,23.97,-0.01,26,62322,卖盘
2406,10:21:43,23.98,-0.01,5,11990,卖盘
2407,10:21:40,23.99,0.01,3,7196,买盘
2408,10:21:31,23.98,0.01,7,16786,卖盘
2409,10:21:10,23.97,-0.02,5,11985,卖盘
2410,10:21:04,23.99,0.02,5,11995,买盘
2411,10:21:01,23.97,--,108,259643,买盘
2412,10:20:58,23.97,--,5,11985,买盘
2413,10:20:52,23.97,0.01,10,23970,买盘
2414,10:20:40,23.96,0.01,10,23960,买盘
2415,10:20:34,23.95,--,10,23950,卖盘
2416,10:20:25,23.95,--,2,4790,买盘
2417,10:20:22,23.95,0.01,76,182020,买盘
2418,10:20:10,23.94,0.01,4,9576,买盘
2419,10:20:04,23.93,-0.01,20,47860,卖盘
2420,10:20:01,23.94,0.01,1,2394,买盘
2421,10:19:55,23.93,-0.01,5,11965,卖盘
2422,10:19:49,23.94,-0.01,17,40698,卖盘
2423,10:19:46,23.95,--,1,2395,卖盘
2424,10:19:43,23.95,-0.02,5,11975,卖盘
2425,10:19:40,23.97,0.02,3,7191,买盘
2426,10:19:34,23.95,0.02,22,52690,买盘
2427,10:19:31,23.93,-0.02,3,7179,卖盘
2428,10:19:28,23.95,--,3,7185,买盘
2429,10:19:13,23.95,0.02,7,16765,买盘
2430,10:19:10,23.93,--,5,11965,卖盘
2431,10:19:07,23.93,--,2,4786,卖盘
2432,10:19:04,23.93,-0.02,4,9572,卖盘
2433,10:19:01,23.95,0.02,115,275425,买盘
2434,10:18:58,23.93,--,10,23930,买盘
2435,10:18:52,23.93,0.01,40,95720,买盘
2436,10:18:43,23.92,--,17,40664,买盘
2437,10:18:40,23.92,--,23,55016,买盘
2438,10:18:34,23.92,--,18,43056,买盘
2439,10:18:31,23.92,0.02,48,114816,买盘
2440,10:18:28,23.9,-0.05,300,717000,卖盘
2441,10:18:22,23.95,0.02,1,2395,买盘
2442,10:18:19,23.93,0.01,12,28716,卖盘
2443,10:18:10,23.92,-0.03,200,478400,卖盘
2444,10:18:07,23.95,--,1,2395,买盘
2445,10:18:00,23.95,0.02,10,23950,买盘
2446,10:17:57,23.93,0.01,10,23930,卖盘
2447,10:17:54,23.92,-0.03,29,69368,卖盘
2448,10:17:48,23.95,0.03,4,9580,买盘
2449,10:17:45,23.92,-0.01,16,38272,卖盘
2450,10:17:42,23.93,-0.02,178,425954,卖盘
2451,10:17:36,23.95,-0.01,40,95800,卖盘
2452,10:17:33,23.96,--,11,26356,卖盘
2453,10:17:27,23.96,-0.01,3,7188,卖盘
2454,10:17:24,23.97,0.01,9,21573,买盘
2455,10:17:21,23.96,--,53,126988,卖盘
2456,10:17:18,23.96,-0.01,12,28752,卖盘
2457,10:17:15,23.97,--,5,11985,买盘
2458,10:17:09,23.97,-0.01,387,927639,卖盘
2459,10:16:57,23.98,--,16,38368,卖盘
2460,10:16:54,23.98,--,5,11990,卖盘
2461,10:16:51,23.98,--,45,107910,卖盘
2462,10:16:45,23.98,--,5,11990,卖盘
2463,10:16:30,23.98,-0.02,50,119900,卖盘
2464,10:16:27,24.0,--,135,324000,买盘
2465,10:16:24,24.0,--,53,128832,卖盘
2466,10:16:18,24.0,--,100,240000,卖盘
2467,10:16:09,24.0,--,2,4800,卖盘
2468,10:15:57,24.0,--,4,9600,卖盘
2469,10:15:51,24.0,--,20,48000,卖盘
2470,10:15:45,24.0,-0.02,5,12000,卖盘
2471,10:15:42,24.02,0.02,6,14412,买盘
2472,10:15:39,24.0,-0.02,60,144000,卖盘
2473,10:15:36,24.02,0.02,16,38432,买盘
2474,10:15:33,24.0,-0.01,146,350400,卖盘
2475,10:15:30,24.01,0.01,281,675449,买盘
2476,10:15:27,24.0,--,34,81600,卖盘
2477,10:15:24,24.0,--,24,57600,卖盘
2478,10:15:21,24.0,--,27,64800,卖盘
2479,10:15:18,24.0,-0.01,19,45600,卖盘
2480,10:15:12,24.01,0.01,2,4802,买盘
2481,10:15:09,24.0,--,3,7200,卖盘
2482,10:15:06,24.0,--,5,12000,卖盘
2483,10:15:03,24.0,-0.01,38,91200,卖盘
2484,10:15:00,24.01,0.01,5,12005,买盘
2485,10:14:57,24.0,-0.01,18,43200,卖盘
2486,10:14:51,24.01,-0.01,162,388962,卖盘
2487,10:14:45,24.02,0.01,3,7206,买盘
2488,10:14:42,24.01,--,10,24010,卖盘
2489,10:14:36,24.01,-0.01,10,24010,卖盘
2490,10:14:27,24.02,--,13,31226,买盘
2491,10:14:24,24.02,--,4,9608,买盘
2492,10:14:21,24.02,--,5,12010,买盘
2493,10:14:18,24.02,-0.01,126,302652,卖盘
2494,10:14:15,24.03,0.01,12,28836,买盘
2495,10:14:12,24.02,--,19,45638,卖盘
2496,10:14:09,24.02,--,46,110492,卖盘
2497,10:14:06,24.02,-0.01,9,21618,卖盘
2498,10:14:03,24.03,0.01,8,19224,买盘
2499,10:14:00,24.02,--,20,48040,卖盘
2500,10:13:57,24.02,-0.01,4,9608,卖盘
2501,10:13:54,24.03,0.01,11,26433,买盘
2502,10:13:51,24.02,--,21,50442,卖盘
2503,10:13:45,24.02,--,12,28824,卖盘
2504,10:13:42,24.02,-0.01,7,16814,卖盘
2505,10:13:39,24.03,--,1,2403,买盘
2506,10:13:33,24.03,--,5,12015,买盘
2507,10:13:24,24.03,0.01,72,173016,买盘
2508,10:13:18,24.02,-0.01,5,12010,卖盘
2509,10:13:15,24.03,0.01,2,4806,买盘
2510,10:13:12,24.02,--,12,28824,卖盘
2511,10:13:06,24.02,--,6,14412,卖盘
2512,10:13:03,24.02,-0.01,18,43236,卖盘
2513,10:13:00,24.03,0.01,1,2403,买盘
2514,10:12:54,24.02,-0.01,26,62452,卖盘
2515,10:12:51,24.03,0.01,5,12015,买盘
2516,10:12:48,24.02,-0.01,4,9608,卖盘
2517,10:12:36,24.03,0.01,6,14418,买盘
2518,10:12:27,24.02,-0.01,47,112894,卖盘
2519,10:12:18,24.03,--,1,2403,买盘
2520,10:12:15,24.03,--,1,2403,买盘
2521,10:12:12,24.03,--,6,14418,买盘
2522,10:12:09,24.03,--,45,108135,卖盘
2523,10:12:03,24.03,-0.01,5,12015,卖盘
2524,10:11:51,24.04,--,25,60100,买盘
2525,10:11:45,24.04,--,13,31252,卖盘
2526,10:11:42,24.04,-0.01,35,84140,卖盘
2527,10:11:33,24.05,--,13,31265,买盘
2528,10:11:27,24.05,--,91,218855,卖盘
2529,10:11:21,24.05,--,3,7215,卖盘
2530,10:11:18,24.05,--,15,36075,卖盘
2531,10:11:15,24.05,-0.01,60,144300,卖盘
2532,10:11:12,24.06,0.01,12,28872,买盘
2533,10:11:09,24.05,--,6,14430,卖盘
2534,10:11:06,24.05,--,4,9620,卖盘
2535,10:11:03,24.05,--,11,26455,卖盘
2536,10:11:00,24.05,-0.01,9,21645,卖盘
2537,10:10:57,24.06,0.01,21,50526,买盘
2538,10:10:54,24.05,--,65,156325,卖盘
2539,10:10:51,24.05,--,76,182780,卖盘
2540,10:10:45,24.05,--,3,7215,卖盘
2541,10:10:42,24.05,--,12,28860,卖盘
2542,10:10:39,24.05,--,30,72150,卖盘
2543,10:10:36,24.05,--,20,48100,卖盘
2544,10:10:33,24.05,--,8,19240,卖盘
2545,10:10:27,24.05,--,4,9620,卖盘
2546,10:10:24,24.05,--,5,12025,卖盘
2547,10:10:21,24.05,--,16,38480,卖盘
2548,10:10:18,24.05,--,2,4810,卖盘
2549,10:10:12,24.05,--,11,26455,卖盘
2550,10:10:09,24.05,--,1,2405,卖盘
2551,10:10:06,24.05,--,1,2405,卖盘
2552,10:10:03,24.05,-0.01,12,28860,卖盘
2553,10:10:00,24.06,0.01,11,26466,买盘
2554,10:09:57,24.05,0.01,198,476190,买盘
2555,10:09:51,24.04,-0.01,9,21636,卖盘
2556,10:09:48,24.05,0.01,16,38480,买盘
2557,10:09:39,24.04,-0.01,2,4808,中性盘
2558,10:09:33,24.05,--,2,4810,买盘
2559,10:09:30,24.05,0.01,115,276575,买盘
2560,10:09:27,24.04,--,2,4808,卖盘
2561,10:09:24,24.04,-0.01,1,2404,卖盘
2562,10:09:21,24.05,0.01,32,76960,买盘
2563,10:09:15,24.04,-0.01,36,86544,卖盘
2564,10:09:03,24.05,--,15,36075,买盘
2565,10:09:00,24.05,0.01,41,98605,买盘
2566,10:08:54,24.04,--,8,19232,卖盘
2567,10:08:48,24.04,-0.01,12,28848,卖盘
2568,10:08:45,24.05,0.01,10,24050,买盘
2569,10:08:39,24.04,--,19,45676,卖盘
2570,10:08:36,24.04,-0.01,2,4808,中性盘
2571,10:08:30,24.05,0.01,49,117845,买盘
2572,10:08:24,24.04,--,10,24040,买盘
2573,10:08:21,24.04,--,48,115392,卖盘
2574,10:08:15,24.04,-0.01,20,48080,卖盘
2575,10:08:12,24.05,--,50,120250,买盘
2576,10:08:06,24.05,--,17,40885,买盘
2577,10:08:03,24.05,--,1,2405,买盘
2578,10:07:57,24.05,--,19,45695,买盘
2579,10:07:51,24.05,--,24,57720,买盘
2580,10:07:48,24.05,--,7,16835,买盘
2581,10:07:42,24.05,--,5,12025,买盘
2582,10:07:39,24.05,--,24,57720,买盘
2583,10:07:33,24.05,0.03,23,55315,买盘
2584,10:07:30,24.02,0.01,1,2402,中性盘
2585,10:07:27,24.01,--,2,4802,卖盘
2586,10:07:24,24.01,-0.04,21,50421,卖盘
2587,10:07:21,24.05,0.04,49,117845,买盘
2588,10:07:18,24.01,--,10,24010,卖盘
2589,10:07:15,24.01,--,18,43218,买盘
2590,10:07:12,24.01,--,42,100842,买盘
2591,10:07:09,24.01,--,5,12005,买盘
2592,10:07:06,24.01,--,23,55223,买盘
2593,10:07:03,24.01,--,44,105644,买盘
2594,10:07:00,24.01,--,54,129654,买盘
2595,10:06:57,24.01,--,10,24010,卖盘
2596,10:06:45,24.01,-0.04,7,16807,卖盘
2597,10:06:42,24.05,0.04,4,9620,买盘
2598,10:06:39,24.01,-0.04,10,24010,卖盘
2599,10:06:36,24.05,--,23,55315,买盘
2600,10:06:30,24.05,--,3,7215,买盘
2601,10:06:27,24.05,-0.01,85,205170,卖盘
2602,10:06:21,24.06,--,14,35344,卖盘
2603,10:06:18,24.06,--,426,1024956,卖盘
2604,10:06:15,24.06,--,83,199698,买盘
2605,10:06:12,24.06,--,66,158796,买盘
2606,10:06:09,24.06,0.01,21,50526,买盘
2607,10:06:06,24.05,-0.01,10,24050,卖盘
2608,10:06:03,24.06,--,5,12030,买盘
2609,10:06:00,24.06,--,5,12030,买盘
2610,10:05:51,24.06,--,15,36090,卖盘
2611,10:05:48,24.06,--,20,48120,卖盘
2612,10:05:42,24.06,-0.01,28,67368,卖盘
2613,10:05:36,24.07,--,88,211816,买盘
2614,10:05:33,24.07,--,104,250328,买盘
2615,10:05:30,24.07,--,1,2407,买盘
2616,10:05:27,24.07,--,21,50547,卖盘
2617,10:05:24,24.07,--,89,214223,卖盘
2618,10:05:18,24.07,-0.01,16,38512,卖盘
2619,10:05:15,24.08,--,35,84280,买盘
2620,10:05:12,24.08,--,43,103543,买盘
2621,10:05:09,24.08,--,31,74648,买盘
2622,10:05:06,24.08,--,51,122807,买盘
2623,10:05:03,24.08,--,4,9632,买盘
2624,10:05:00,24.08,--,15,36120,买盘
2625,10:04:57,24.08,0.01,15,36120,买盘
2626,10:04:54,24.07,--,5,12035,卖盘
2627,10:04:51,24.07,--,96,231072,卖盘
2628,10:04:45,24.07,--,49,117943,卖盘
2629,10:04:39,24.07,--,419,1008533,买盘
2630,10:04:33,24.07,0.01,61,146827,买盘
2631,10:04:30,24.06,-0.01,1,2406,卖盘
2632,10:04:27,24.07,0.01,10,24070,买盘
2633,10:04:24,24.06,-0.01,20,48120,卖盘
2634,10:04:21,24.07,0.01,2,4814,买盘
2635,10:04:18,24.06,--,49,117894,卖盘
2636,10:04:15,24.06,--,42,101052,卖盘
2637,10:04:12,24.06,0.01,280,673680,买盘
2638,10:04:09,24.05,--,16,38480,卖盘
2639,10:04:06,24.05,--,18,43290,卖盘
2640,10:04:03,24.05,--,9,21645,卖盘
2641,10:04:00,24.05,--,29,69745,卖盘
2642,10:03:54,24.05,--,3,7215,卖盘
2643,10:03:51,24.05,--,50,120250,卖盘
2644,10:03:48,24.05,--,167,401635,买盘
2645,10:03:42,24.05,0.02,100,240500,买盘
2646,10:03:39,24.03,--,12,28836,卖盘
2647,10:03:36,24.03,-0.01,50,120150,卖盘
2648,10:03:33,24.04,--,111,266844,买盘
2649,10:03:24,24.04,0.01,16,38464,买盘
2650,10:03:21,24.03,--,1,2403,卖盘
2651,10:03:18,24.03,--,16,38448,卖盘
2652,10:03:15,24.03,--,54,130458,买盘
2653,10:03:12,24.03,0.01,41,98523,买盘
2654,10:03:09,24.02,--,7,16814,卖盘
2655,10:02:57,24.02,0.01,163,391526,买盘
2656,10:02:54,24.01,--,23,55223,卖盘
2657,10:02:51,24.01,-0.01,29,69629,卖盘
2658,10:02:45,24.02,0.01,68,163336,买盘
2659,10:02:42,24.01,0.01,8,19208,买盘
2660,10:02:36,24.0,--,7,16800,卖盘
2661,10:02:33,24.0,--,4,9600,卖盘
2662,10:02:30,24.0,0.02,53,127200,买盘
2663,10:02:27,23.98,-0.02,78,187044,卖盘
2664,10:02:18,24.0,--,14,33600,买盘
2665,10:02:12,24.0,0.02,3,7200,买盘
2666,10:02:06,23.98,-0.01,10,23980,卖盘
2667,10:02:03,23.99,-0.01,11,26389,卖盘
2668,10:02:00,24.0,0.02,137,328800,买盘
2669,10:01:57,23.98,-0.01,10,23980,卖盘
2670,10:01:54,23.99,--,33,79167,买盘
2671,10:01:51,23.99,--,35,83965,买盘
2672,10:01:45,23.99,--,3,7196,买盘
2673,10:01:39,23.99,-0.01,3,7196,买盘
2674,10:01:36,24.0,--,1,2400,买盘
2675,10:01:33,24.0,0.01,12,28800,买盘
2676,10:01:30,23.99,-0.01,4,9596,卖盘
2677,10:01:27,24.0,--,2,4800,买盘
2678,10:01:24,24.0,--,3,7200,买盘
2679,10:01:21,24.0,--,17,40800,买盘
2680,10:01:15,24.0,--,11,26400,买盘
2681,10:01:06,24.0,--,22,52800,买盘
2682,10:01:03,24.0,--,2,4800,买盘
2683,10:00:57,24.0,--,27,64800,买盘
2684,10:00:54,24.0,-0.01,74,177600,卖盘
2685,10:00:51,24.01,0.01,5,12005,买盘
2686,10:00:48,24.0,-0.01,65,156000,卖盘
2687,10:00:45,24.01,--,12,28812,买盘
2688,10:00:42,24.01,0.01,4,9604,卖盘
2689,10:00:39,24.0,--,27,64800,卖盘
2690,10:00:36,24.0,-0.01,30,72000,卖盘
2691,10:00:33,24.01,0.01,21,50421,卖盘
2692,10:00:30,24.0,-0.02,16,38400,卖盘
2693,10:00:27,24.02,0.02,18,43236,买盘
2694,10:00:24,24.0,-0.01,20,48000,卖盘
2695,10:00:21,24.01,--,2,4802,卖盘
2696,10:00:18,24.01,0.01,39,93639,买盘
2697,10:00:15,24.0,--,6,14400,卖盘
2698,10:00:12,24.0,--,1,2400,卖盘
2699,10:00:09,24.0,--,6,14400,卖盘
2700,10:00:03,24.0,--,11,26400,卖盘
2701,09:59:57,24.0,0.03,153,367200,买盘
2702,09:59:54,23.97,--,18,43146,卖盘
2703,09:59:51,23.97,--,133,318801,买盘
2704,09:59:48,23.97,0.01,57,136629,买盘
2705,09:59:45,23.96,-0.01,15,35940,卖盘
2706,09:59:42,23.97,--,5,11985,买盘
2707,09:59:39,23.97,--,30,71910,买盘
2708,09:59:36,23.97,--,12,28764,买盘
2709,09:59:33,23.97,--,50,119850,买盘
2710,09:59:30,23.97,--,30,71910,卖盘
2711,09:59:27,23.97,--,5,11985,卖盘
2712,09:59:21,23.97,0.01,5,11985,中性盘
2713,09:59:15,23.96,-0.02,142,340232,卖盘
2714,09:59:12,23.98,0.02,11,26378,买盘
2715,09:59:06,23.96,-0.02,96,230016,卖盘
2716,09:59:03,23.98,--,29,69542,卖盘
2717,09:59:00,23.98,--,64,153472,卖盘
2718,09:58:54,23.98,--,65,156469,卖盘
2719,09:58:51,23.98,--,3,7194,卖盘
2720,09:58:48,23.98,--,3,7194,卖盘
2721,09:58:45,23.98,--,14,33572,买盘
2722,09:58:42,23.98,--,2,4796,买盘
2723,09:58:39,23.98,--,36,86328,买盘
2724,09:58:33,23.98,-0.02,24,57552,卖盘
2725,09:58:30,24.0,0.01,15,36000,买盘
2726,09:58:27,23.99,-0.01,35,83965,卖盘
2727,09:58:24,24.0,0.01,26,62400,买盘
2728,09:58:21,23.99,-0.01,5,11995,卖盘
2729,09:58:15,24.0,--,15,36000,买盘
2730,09:58:12,24.0,--,26,62400,买盘
2731,09:58:09,24.0,-0.01,28,67200,卖盘
2732,09:58:03,24.01,0.01,296,710696,买盘
2733,09:58:00,24.0,--,46,110400,买盘
2734,09:57:54,24.0,--,150,360000,卖盘
2735,09:57:48,24.0,-0.01,50,120000,卖盘
2736,09:57:45,24.01,--,31,74431,买盘
2737,09:57:42,24.01,--,5,12005,买盘
2738,09:57:39,24.01,--,330,792330,卖盘
2739,09:57:36,24.01,--,20,48020,卖盘
2740,09:57:33,24.01,-0.01,33,79233,卖盘
2741,09:57:30,24.02,0.01,11,26422,买盘
2742,09:57:24,24.01,--,1,2401,卖盘
2743,09:57:20,24.01,-0.03,9,21609,卖盘
2744,09:57:14,24.04,--,41,98564,买盘
2745,09:57:11,24.04,--,12,28848,买盘
2746,09:57:08,24.04,--,6,14424,买盘
2747,09:57:02,24.04,--,108,259632,卖盘
2748,09:56:59,24.04,--,119,286076,卖盘
2749,09:56:56,24.04,--,56,134624,卖盘
2750,09:56:53,24.04,--,15,36060,卖盘
2751,09:56:50,24.04,0.03,36,86544,买盘
2752,09:56:47,24.01,-0.01,30,72030,卖盘
2753,09:56:44,24.02,--,5,12010,卖盘
2754,09:56:38,24.02,0.02,4,9608,买盘
2755,09:56:32,24.0,-0.02,64,153600,卖盘
2756,09:56:29,24.02,0.01,2,4804,买盘
2757,09:56:23,24.01,0.01,36,86436,买盘
2758,09:56:17,24.0,-0.06,25,60000,卖盘
2759,09:56:14,24.06,0.01,52,125112,买盘
2760,09:56:11,24.05,0.01,20,48100,买盘
2761,09:56:08,24.04,-0.01,3,7212,中性盘
2762,09:56:05,24.05,--,30,72150,买盘
2763,09:56:02,24.05,0.05,200,481000,买盘
2764,09:55:59,24.0,-0.05,8,19200,卖盘
2765,09:55:56,24.05,0.01,8,19240,买盘
2766,09:55:53,24.04,0.04,35,84140,中性盘
2767,09:55:47,24.0,-0.05,209,503448,卖盘
2768,09:55:44,24.05,--,81,194805,买盘
2769,09:55:41,24.05,--,53,127465,买盘
2770,09:55:38,24.05,-0.01,209,503198,卖盘
2771,09:55:35,24.06,--,59,141954,买盘
2772,09:55:29,24.06,--,12,28872,买盘
2773,09:55:26,24.06,--,6,14436,买盘
2774,09:55:23,24.06,-0.02,28,67368,买盘
2775,09:55:20,24.08,0.01,85,204680,买盘
2776,09:55:17,24.07,-0.01,48,115536,卖盘
2777,09:55:14,24.08,0.02,22,52975,买盘
2778,09:55:11,24.06,-0.01,47,113082,卖盘
2779,09:55:08,24.07,--,10,24070,买盘
2780,09:55:02,24.07,--,15,36105,买盘
2781,09:54:59,24.07,0.01,24,57768,买盘
2782,09:54:56,24.06,0.01,1,2406,买盘
2783,09:54:53,24.05,-0.01,161,389056,中性盘
2784,09:54:50,24.06,0.01,16,38496,买盘
2785,09:54:47,24.05,0.01,15,36075,买盘
2786,09:54:44,24.04,--,27,64908,中性盘
2787,09:54:41,24.04,0.01,15,36060,买盘
2788,09:54:38,24.03,-0.01,24,57672,卖盘
2789,09:54:35,24.04,0.01,4,9616,买盘
2790,09:54:32,24.03,--,10,24030,卖盘
2791,09:54:29,24.03,0.02,50,120150,买盘
2792,09:54:20,24.01,0.01,28,67228,买盘
2793,09:54:17,24.0,--,240,576000,买盘
2794,09:54:14,24.0,--,67,160800,买盘
2795,09:54:11,24.0,0.01,20,48000,买盘
2796,09:54:08,23.99,--,214,513385,买盘
2797,09:54:02,23.99,0.01,50,119949,买盘
2798,09:53:59,23.98,--,2,6594,买盘
2799,09:53:56,23.98,0.01,89,213422,买盘
2800,09:53:53,23.97,--,5,11985,买盘
2801,09:53:50,23.97,-0.01,26,62921,卖盘
2802,09:53:44,23.98,--,1,2398,买盘
2803,09:53:41,23.98,--,183,438834,买盘
2804,09:53:38,23.98,0.01,8,19184,买盘
2805,09:53:29,23.97,--,1,2397,卖盘
2806,09:53:23,23.97,0.01,331,795204,买盘
2807,09:53:20,23.96,0.01,3,7188,买盘
2808,09:53:11,23.95,--,6,14370,卖盘
2809,09:53:02,23.95,--,9,21555,卖盘
2810,09:52:59,23.95,0.01,136,325720,买盘
2811,09:52:56,23.94,-0.01,1,2394,卖盘
2812,09:52:53,23.95,0.01,6,14370,买盘
