,time,price,change,volume,amount,type
0,15:00:21,29.31,-0.13,11717,34343464,卖盘
1,14:57:12,29.44,--,0,0,买盘
2,14:57:03,29.44,-0.02,128,376832,卖盘
3,14:56:57,29.46,--,42,123732,卖盘
4,14:56:54,29.46,0.01,26,76596,中性盘
5,14:56:51,29.45,--,20,58900,卖盘
6,14:56:48,29.45,0.01,563,1658035,买盘
7,14:56:42,29.44,0.02,40,117760,买盘
8,14:56:39,29.42,--,75,220650,卖盘
9,14:56:36,29.42,0.01,61,179462,中性盘
10,14:56:33,29.41,-0.01,102,299982,卖盘
11,14:56:27,29.42,0.01,69,202998,卖盘
12,14:56:24,29.41,-0.01,55,161755,卖盘
13,14:56:21,29.42,0.01,11,32362,中性盘
14,14:56:18,29.41,-0.01,420,1235220,卖盘
15,14:56:15,29.42,-0.03,448,1318016,卖盘
16,14:56:12,29.45,0.03,381,1122045,买盘
17,14:56:09,29.42,0.01,182,535444,买盘
18,14:56:06,29.41,--,197,579494,卖盘
19,14:56:03,29.41,--,62,185165,卖盘
20,14:56:00,29.41,--,42,123522,卖盘
21,14:55:57,29.41,-0.01,386,1135226,卖盘
22,14:55:54,29.42,0.02,75,220767,买盘
23,14:55:51,29.4,-0.01,458,1349342,卖盘
24,14:55:48,29.41,--,74,217634,买盘
25,14:55:45,29.41,-0.01,267,785364,卖盘
26,14:55:42,29.42,0.01,188,555920,卖盘
27,14:55:39,29.41,-0.02,1070,3146870,卖盘
28,14:55:36,29.43,0.01,62,182466,买盘
29,14:55:33,29.42,-0.02,435,1279887,卖盘
30,14:55:27,29.44,0.02,248,732938,买盘
31,14:55:24,29.42,0.01,104,305968,卖盘
32,14:55:18,29.41,-0.02,137,403034,卖盘
33,14:55:15,29.43,--,150,444275,买盘
34,14:55:12,29.43,--,244,718092,买盘
35,14:55:09,29.43,--,86,253098,买盘
36,14:55:06,29.43,--,173,509256,卖盘
37,14:55:03,29.43,--,289,852410,卖盘
38,14:55:00,29.43,-0.02,191,562113,卖盘
39,14:54:57,29.45,0.01,584,1721764,买盘
40,14:54:54,29.44,0.01,676,1990144,中性盘
41,14:54:48,29.43,--,123,361989,卖盘
42,14:54:45,29.43,--,83,244269,卖盘
43,14:54:42,29.43,-0.04,62,182466,卖盘
44,14:54:39,29.47,--,84,247548,买盘
45,14:54:36,29.47,-0.02,37,109039,中性盘
46,14:54:33,29.49,--,600,1769400,买盘
47,14:54:30,29.49,-0.01,27,79623,买盘
48,14:54:27,29.5,--,6,17700,买盘
49,14:54:24,29.5,-0.02,604,1781800,中性盘
50,14:54:21,29.52,0.02,61,180072,买盘
51,14:54:18,29.5,-0.05,1971,5815866,卖盘
52,14:54:15,29.55,0.02,1132,3345060,买盘
53,14:54:09,29.53,--,34,100402,买盘
54,14:54:06,29.53,-0.04,206,608318,卖盘
55,14:54:03,29.57,0.04,802,2371514,买盘
56,14:54:00,29.53,-0.01,65,192063,卖盘
57,14:53:57,29.54,-0.02,232,685328,卖盘
58,14:53:51,29.56,-0.01,146,431576,中性盘
59,14:53:48,29.57,0.02,84,248388,买盘
60,14:53:45,29.55,-0.02,360,1063800,卖盘
61,14:53:42,29.57,0.01,280,830798,买盘
62,14:53:36,29.56,--,328,969568,买盘
63,14:53:33,29.56,--,119,351882,买盘
64,14:53:30,29.56,--,22,67869,买盘
65,14:53:27,29.56,--,174,514344,买盘
66,14:53:24,29.56,-0.01,329,972642,卖盘
67,14:53:21,29.57,-0.02,90,266130,卖盘
68,14:53:18,29.59,--,40,121200,买盘
69,14:53:15,29.59,0.01,111,328567,买盘
70,14:53:12,29.58,--,398,1180123,卖盘
71,14:53:06,29.58,--,79,233800,卖盘
72,14:53:06,29.58,-0.01,166,491028,卖盘
73,14:53:00,29.59,-0.01,36,109364,买盘
74,14:52:56,29.6,-0.02,124,367040,买盘
75,14:52:50,29.62,--,315,934096,买盘
76,14:52:47,29.62,0.03,2,5924,买盘
77,14:52:44,29.59,-0.03,37,109483,卖盘
78,14:52:41,29.62,--,735,2177070,卖盘
79,14:52:38,29.62,0.02,17,50354,中性盘
80,14:52:35,29.6,-0.02,632,1870720,卖盘
81,14:52:29,29.62,0.03,166,493706,买盘
82,14:52:26,29.59,-0.03,109,323477,卖盘
83,14:52:23,29.62,0.03,42,124404,买盘
84,14:52:20,29.59,-0.01,114,337326,卖盘
85,14:52:17,29.6,-0.02,756,2237760,卖盘
86,14:52:14,29.62,--,253,749386,买盘
87,14:52:11,29.62,--,87,259708,买盘
88,14:52:08,29.62,--,392,1161104,买盘
89,14:52:05,29.62,0.01,162,482687,买盘
90,14:52:02,29.61,-0.01,41,121519,中性盘
91,14:51:59,29.62,0.03,26,77012,买盘
92,14:51:53,29.59,-0.03,504,1494176,卖盘
93,14:51:47,29.62,-0.01,53,157104,卖盘
94,14:51:44,29.63,-0.01,140,414820,卖盘
95,14:51:41,29.64,0.02,50,151045,买盘
96,14:51:38,29.62,--,44,130328,卖盘
97,14:51:35,29.62,--,51,151180,卖盘
98,14:51:32,29.62,0.02,304,903291,中性盘
99,14:51:26,29.6,--,103,304998,卖盘
100,14:51:23,29.6,--,168,500121,卖盘
101,14:51:20,29.6,--,118,349280,卖盘
102,14:51:17,29.6,--,66,195360,卖盘
103,14:51:14,29.6,--,101,299078,卖盘
104,14:51:11,29.6,0.02,326,967801,买盘
105,14:51:08,29.58,-0.02,108,319464,卖盘
106,14:51:05,29.6,--,214,633440,买盘
107,14:51:02,29.6,0.02,64,189440,买盘
108,14:50:59,29.58,--,7,20824,卖盘
109,14:50:56,29.58,--,350,1035299,买盘
110,14:50:44,29.58,0.01,30,91579,买盘
111,14:50:41,29.57,--,142,419894,卖盘
112,14:50:35,29.57,-0.02,12,35484,卖盘
113,14:50:32,29.59,0.02,97,287141,买盘
114,14:50:29,29.57,-0.02,32,97462,卖盘
115,14:50:26,29.59,--,10,29590,买盘
116,14:50:23,29.59,0.03,62,183458,买盘
117,14:50:20,29.56,--,202,597112,卖盘
118,14:50:17,29.56,-0.03,229,677042,卖盘
119,14:50:11,29.59,0.02,54,162626,买盘
120,14:50:08,29.57,-0.02,108,319356,中性盘
121,14:50:02,29.59,0.02,56,165704,买盘
122,14:49:59,29.57,--,32,94624,买盘
123,14:49:56,29.57,--,28,82796,买盘
124,14:49:53,29.57,-0.02,497,1469747,卖盘
125,14:49:50,29.59,0.02,2,8758,卖盘
126,14:49:47,29.57,-0.06,223,659529,卖盘
127,14:49:44,29.63,--,78,233958,买盘
128,14:49:41,29.63,0.03,66,195558,买盘
129,14:49:35,29.6,0.01,1915,5668518,买盘
130,14:49:29,29.59,-0.03,36,109364,卖盘
131,14:49:26,29.62,-0.01,23,68126,卖盘
132,14:49:23,29.63,0.03,45,133335,买盘
133,14:49:20,29.6,--,80,236800,卖盘
134,14:49:17,29.6,-0.05,210,621600,卖盘
135,14:49:14,29.65,0.02,195,578293,买盘
136,14:49:11,29.63,--,96,284448,卖盘
137,14:49:08,29.63,--,6,20622,卖盘
138,14:49:05,29.63,--,40,118520,卖盘
139,14:49:02,29.63,0.07,73,216417,买盘
140,14:48:59,29.56,-0.04,50,147800,中性盘
141,14:48:56,29.6,-0.02,46,136160,卖盘
142,14:48:53,29.62,0.02,100,299043,买盘
143,14:48:47,29.6,--,114,337440,买盘
144,14:48:44,29.6,0.05,9,26758,买盘
145,14:48:41,29.55,--,132,392896,卖盘
146,14:48:38,29.55,--,9,26713,卖盘
147,14:48:35,29.55,--,468,1382940,买盘
148,14:48:32,29.55,0.02,118,348690,买盘
149,14:48:26,29.53,-0.02,36,109142,卖盘
150,14:48:23,29.55,--,114,336870,买盘
151,14:48:20,29.55,0.02,183,540883,买盘
152,14:48:17,29.53,-0.02,52,153556,卖盘
153,14:48:14,29.55,0.03,16,47280,卖盘
154,14:48:11,29.52,-0.03,126,374785,卖盘
155,14:48:08,29.55,0.03,430,1270650,买盘
156,14:48:05,29.52,-0.03,79,233326,卖盘
157,14:48:02,29.55,0.03,242,715110,买盘
158,14:47:59,29.52,--,130,386593,卖盘
159,14:47:56,29.52,--,373,1101214,卖盘
160,14:47:50,29.52,-0.01,108,321649,卖盘
161,14:47:47,29.53,--,60,177180,卖盘
162,14:47:44,29.53,--,183,540517,卖盘
163,14:47:41,29.53,--,16,47248,中性盘
164,14:47:38,29.53,0.01,10,29530,卖盘
165,14:47:35,29.52,--,72,215377,卖盘
166,14:47:32,29.52,-0.01,105,310078,卖盘
167,14:47:29,29.53,0.01,6,20552,中性盘
168,14:47:26,29.52,-0.01,289,853246,卖盘
169,14:47:20,29.53,0.02,140,416254,中性盘
170,14:47:14,29.51,-0.03,60,177060,卖盘
171,14:47:11,29.54,0.01,79,233484,买盘
172,14:47:08,29.53,-0.01,418,1234354,中性盘
173,14:47:02,29.54,-0.01,194,574493,买盘
174,14:46:59,29.55,0.02,17,50235,买盘
175,14:46:56,29.53,-0.02,286,844558,卖盘
176,14:46:53,29.55,--,214,632370,买盘
177,14:46:50,29.55,--,83,245265,买盘
178,14:46:47,29.55,-0.02,1223,3613965,卖盘
179,14:46:44,29.57,-0.05,82,242474,卖盘
180,14:46:41,29.62,--,538,1593556,买盘
181,14:46:38,29.62,-0.01,217,642754,卖盘
182,14:46:35,29.63,0.01,118,349634,中性盘
183,14:46:32,29.62,--,88,260656,卖盘
184,14:46:29,29.62,--,18,53316,卖盘
185,14:46:26,29.62,--,47,139214,卖盘
186,14:46:23,29.62,-0.03,52,154024,卖盘
187,14:46:20,29.65,0.03,156,462540,买盘
188,14:46:17,29.62,--,56,165872,卖盘
189,14:46:11,29.62,0.02,96,284352,买盘
190,14:46:08,29.6,--,1,2960,卖盘
191,14:46:05,29.6,--,88,260480,卖盘
192,14:46:02,29.6,--,317,938320,卖盘
193,14:45:59,29.6,0.03,64,189440,买盘
194,14:45:56,29.57,--,60,177420,卖盘
195,14:45:53,29.57,0.01,411,1215327,买盘
196,14:45:50,29.56,-0.01,54,159624,卖盘
197,14:45:47,29.57,0.02,79,233603,买盘
198,14:45:41,29.55,-0.01,108,319140,卖盘
199,14:45:38,29.56,-0.02,72,212832,卖盘
200,14:45:35,29.58,--,64,189312,卖盘
201,14:45:32,29.58,0.01,80,236640,买盘
202,14:45:26,29.57,-0.08,74,218818,卖盘
203,14:45:23,29.65,0.07,154,456610,买盘
204,14:45:20,29.58,-0.11,48,141984,卖盘
205,14:45:14,29.69,--,75,222675,买盘
206,14:45:11,29.69,--,455,1350895,买盘
207,14:45:02,29.69,0.04,2029,6024101,买盘
208,14:44:59,29.65,0.01,4,11860,中性盘
209,14:44:56,29.64,-0.05,107,317148,卖盘
210,14:44:53,29.69,--,32,95008,卖盘
211,14:44:50,29.69,0.01,121,359249,买盘
212,14:44:44,29.68,-0.01,34,100912,卖盘
213,14:44:41,29.69,0.01,128,380032,买盘
214,14:44:38,29.68,-0.01,132,391776,卖盘
215,14:44:32,29.69,0.01,248,736312,买盘
216,14:44:29,29.68,--,4,11872,卖盘
217,14:44:26,29.68,-0.01,37,109816,卖盘
218,14:44:23,29.69,--,143,424567,卖盘
219,14:44:20,29.69,--,202,599738,卖盘
220,14:44:17,29.69,0.01,15,44535,买盘
221,14:44:14,29.68,--,180,534240,卖盘
222,14:44:11,29.68,--,5,14840,卖盘
223,14:44:08,29.68,-0.01,70,207760,卖盘
224,14:44:05,29.69,0.01,99,293931,买盘
225,14:44:02,29.68,-0.01,12,35616,卖盘
226,14:43:59,29.69,--,15,44535,卖盘
227,14:43:53,29.69,--,7,20783,卖盘
228,14:43:50,29.69,--,68,201892,买盘
229,14:43:47,29.69,0.01,144,427536,买盘
230,14:43:44,29.68,--,146,433328,买盘
231,14:43:41,29.68,0.06,81,240408,买盘
232,14:43:38,29.62,-0.05,60,177720,卖盘
233,14:43:35,29.67,--,77,228459,卖盘
234,14:43:32,29.67,0.02,42,124614,卖盘
235,14:43:29,29.65,0.04,153,453645,买盘
236,14:43:26,29.61,-0.04,265,784665,卖盘
237,14:43:23,29.65,--,115,340975,卖盘
238,14:43:20,29.65,0.04,70,207550,买盘
239,14:43:17,29.61,-0.04,500,1480500,卖盘
240,14:43:14,29.65,--,38,112670,卖盘
241,14:43:11,29.65,--,476,1411340,买盘
242,14:43:08,29.65,--,40,118600,买盘
243,14:43:05,29.65,--,88,260920,买盘
244,14:43:02,29.65,0.02,32,94880,买盘
245,14:42:59,29.63,-0.06,1,2963,卖盘
246,14:42:53,29.69,--,159,472071,买盘
247,14:42:44,29.69,-0.01,25,74225,中性盘
248,14:42:41,29.7,0.1,91,270270,买盘
249,14:42:38,29.6,-0.1,82,242720,卖盘
250,14:42:35,29.7,--,31,92070,买盘
251,14:42:29,29.7,--,374,1110780,买盘
252,14:42:26,29.7,0.1,143,424710,买盘
253,14:42:23,29.6,-0.09,1482,4386720,卖盘
254,14:42:20,29.69,-0.06,50,148450,卖盘
255,14:42:14,29.75,0.06,100,297500,买盘
256,14:42:11,29.69,-0.01,99,293931,卖盘
257,14:42:08,29.7,--,35,103950,卖盘
258,14:42:05,29.7,--,5,14850,卖盘
259,14:42:02,29.7,0.05,428,1271160,买盘
260,14:41:59,29.65,-0.03,12,35580,卖盘
261,14:41:56,29.68,--,16,47488,卖盘
262,14:41:53,29.68,0.01,184,546112,买盘
263,14:41:50,29.67,0.04,7,20769,中性盘
264,14:41:44,29.63,0.02,107,317041,中性盘
265,14:41:38,29.61,-0.06,62,183582,卖盘
266,14:41:35,29.67,--,2,5934,卖盘
267,14:41:32,29.67,0.02,44,130548,买盘
268,14:41:29,29.65,--,3,8895,买盘
269,14:41:26,29.65,--,13,38545,买盘
270,14:41:23,29.65,0.05,92,272780,中性盘
271,14:41:17,29.6,-0.05,298,882080,卖盘
272,14:41:14,29.65,--,15,44475,卖盘
273,14:41:11,29.65,0.05,86,254990,买盘
274,14:41:08,29.6,--,448,1326080,买盘
275,14:41:02,29.6,-0.01,713,2110480,卖盘
276,14:40:59,29.61,0.01,32,94752,卖盘
277,14:40:53,29.6,--,43,127280,卖盘
278,14:40:50,29.6,-0.04,133,393680,卖盘
279,14:40:47,29.64,0.04,1,2964,买盘
280,14:40:44,29.6,--,24,71040,卖盘
281,14:40:41,29.6,--,98,290080,买盘
282,14:40:38,29.6,--,21,62160,买盘
283,14:40:35,29.6,--,100,296000,买盘
284,14:40:29,29.6,0.05,11,32560,买盘
285,14:40:26,29.55,-0.05,49,144795,卖盘
286,14:40:23,29.6,-0.07,49,145040,中性盘
287,14:40:20,29.67,--,73,216591,买盘
288,14:40:17,29.67,0.03,62,183954,买盘
289,14:40:14,29.64,--,39,115596,卖盘
290,14:40:11,29.64,0.04,1009,2990676,中性盘
291,14:40:08,29.6,--,144,426240,卖盘
292,14:40:05,29.6,--,84,248640,卖盘
293,14:40:02,29.6,-0.04,103,304880,卖盘
294,14:39:59,29.64,-0.03,45,133380,买盘
295,14:39:53,29.67,0.07,75,222525,买盘
296,14:39:50,29.6,-0.05,90,266400,卖盘
297,14:39:44,29.65,0.04,55,163075,中性盘
298,14:39:41,29.61,-0.07,200,592200,卖盘
299,14:39:35,29.68,0.06,75,222600,买盘
300,14:39:32,29.62,0.01,52,154024,买盘
301,14:39:29,29.61,-0.07,31,91791,卖盘
302,14:39:26,29.68,--,48,142464,买盘
303,14:39:20,29.68,0.07,216,641088,买盘
304,14:39:17,29.61,--,5,14805,卖盘
305,14:39:14,29.61,-0.07,10,29610,卖盘
306,14:39:11,29.68,0.06,127,376936,买盘
307,14:39:08,29.62,--,114,337668,卖盘
308,14:39:05,29.62,-0.06,112,331744,卖盘
309,14:39:02,29.68,0.07,78,231504,买盘
310,14:38:59,29.61,--,47,139167,卖盘
311,14:38:53,29.61,-0.02,258,763938,卖盘
312,14:38:50,29.63,0.01,150,444450,中性盘
313,14:38:44,29.62,--,107,316934,买盘
314,14:38:41,29.62,0.01,206,610172,买盘
315,14:38:38,29.61,--,28,82908,卖盘
316,14:38:35,29.61,--,3,8883,卖盘
317,14:38:29,29.61,--,11,32571,卖盘
318,14:38:26,29.61,--,39,115479,卖盘
319,14:38:23,29.61,0.04,86,254646,买盘
320,14:38:20,29.57,--,14,41398,卖盘
321,14:38:14,29.57,-0.02,29,85753,卖盘
322,14:38:11,29.59,0.02,27,79893,买盘
323,14:38:08,29.57,--,16,47312,卖盘
324,14:38:05,29.57,0.01,110,325270,中性盘
325,14:38:02,29.56,--,82,242392,卖盘
326,14:37:59,29.56,--,19,56164,卖盘
327,14:37:56,29.56,-0.01,1,2956,卖盘
328,14:37:53,29.57,0.01,32,94624,中性盘
329,14:37:50,29.56,-0.01,70,206920,卖盘
330,14:37:47,29.57,--,2,5914,卖盘
331,14:37:41,29.57,-0.02,108,319356,中性盘
332,14:37:38,29.59,0.02,83,245597,买盘
333,14:37:35,29.57,--,1,2957,买盘
334,14:37:32,29.57,-0.02,37,109409,卖盘
335,14:37:26,29.59,-0.01,26,76934,卖盘
336,14:37:23,29.6,--,429,1269840,买盘
337,14:37:17,29.6,--,97,287120,买盘
338,14:37:14,29.6,--,3,8880,买盘
339,14:37:11,29.6,-0.02,29,85840,卖盘
340,14:37:05,29.62,0.02,23,68126,买盘
341,14:37:02,29.6,--,14,41440,卖盘
342,14:36:59,29.6,--,26,76960,卖盘
343,14:36:56,29.6,-0.01,26,76960,卖盘
344,14:36:53,29.61,-0.01,59,174699,卖盘
345,14:36:50,29.62,--,47,139214,买盘
346,14:36:47,29.62,0.01,112,331744,买盘
347,14:36:44,29.61,--,14,41454,卖盘
348,14:36:41,29.61,0.01,195,577395,买盘
349,14:36:38,29.6,--,62,183520,卖盘
350,14:36:35,29.6,-0.01,44,130240,卖盘
351,14:36:32,29.61,--,38,112518,卖盘
352,14:36:26,29.61,-0.03,5,14805,卖盘
353,14:36:23,29.64,0.03,70,207480,买盘
354,14:36:20,29.61,-0.02,110,325710,卖盘
355,14:36:17,29.63,--,8,23704,买盘
356,14:36:14,29.63,-0.01,13,38519,买盘
357,14:36:11,29.64,-0.01,1,2964,中性盘
358,14:36:08,29.65,0.02,459,1360935,买盘
359,14:36:05,29.63,-0.02,16,47408,卖盘
360,14:36:02,29.65,--,3,8895,买盘
361,14:35:56,29.65,-0.03,153,453645,卖盘
362,14:35:53,29.68,-0.02,4,11872,卖盘
363,14:35:50,29.7,--,49,145530,买盘
364,14:35:47,29.7,-0.04,548,1627560,卖盘
365,14:35:44,29.74,--,13,38662,卖盘
366,14:35:41,29.74,0.03,164,487736,买盘
367,14:35:35,29.71,--,34,101014,卖盘
368,14:35:32,29.71,-0.02,456,1354776,卖盘
369,14:35:29,29.73,0.01,13,38649,买盘
370,14:35:23,29.72,--,54,160488,卖盘
371,14:35:20,29.72,-0.01,5,14860,卖盘
372,14:35:17,29.73,--,81,240813,卖盘
373,14:35:14,29.73,--,20,59460,卖盘
374,14:35:11,29.73,--,5,14865,卖盘
375,14:35:08,29.73,-0.01,5,14865,卖盘
376,14:35:05,29.74,0.01,11,32714,中性盘
377,14:35:02,29.73,-0.01,130,386490,卖盘
378,14:34:59,29.74,--,53,157622,卖盘
379,14:34:50,29.74,--,53,157622,卖盘
380,14:34:41,29.74,-0.01,20,59480,卖盘
381,14:34:38,29.75,0.01,64,190400,买盘
382,14:34:35,29.74,--,35,104090,买盘
383,14:34:32,29.74,0.02,4,11896,买盘
384,14:34:29,29.72,0.01,13,38636,买盘
385,14:34:26,29.71,-0.01,20,59420,卖盘
386,14:34:23,29.72,--,6,17832,卖盘
387,14:34:20,29.72,--,54,160488,卖盘
388,14:34:17,29.72,--,17,50524,卖盘
389,14:34:14,29.72,--,6,17832,卖盘
390,14:34:11,29.72,-0.03,32,95104,卖盘
391,14:34:08,29.75,0.03,76,226100,买盘
392,14:34:05,29.72,0.01,6,17832,买盘
393,14:34:02,29.71,-0.01,22,65362,卖盘
394,14:33:59,29.72,-0.03,26,77272,卖盘
395,14:33:56,29.75,0.03,28,83300,买盘
396,14:33:53,29.72,-0.02,55,163460,卖盘
397,14:33:50,29.74,--,32,95168,买盘
398,14:33:47,29.74,--,78,231972,卖盘
399,14:33:41,29.74,--,9,26766,卖盘
400,14:33:38,29.74,-0.01,2,5948,卖盘
401,14:33:35,29.75,--,89,264775,买盘
402,14:33:32,29.75,--,130,386750,卖盘
403,14:33:29,29.75,--,10,29750,卖盘
404,14:33:26,29.75,-0.02,302,898450,卖盘
405,14:33:23,29.77,0.02,12,35724,买盘
406,14:33:20,29.75,--,98,291550,卖盘
407,14:33:11,29.75,-0.02,100,297500,卖盘
408,14:33:04,29.77,0.02,10,29770,中性盘
409,14:33:01,29.75,-0.02,136,404600,卖盘
410,14:32:55,29.77,--,13,38701,买盘
411,14:32:52,29.77,-0.02,248,740439,卖盘
412,14:32:49,29.79,0.01,1,2979,买盘
413,14:32:46,29.78,--,25,74450,卖盘
414,14:32:40,29.78,--,7,20846,卖盘
415,14:32:37,29.78,-0.01,1178,3508084,卖盘
416,14:32:31,29.79,--,14,41706,卖盘
417,14:32:28,29.79,--,62,184698,卖盘
418,14:32:22,29.79,-0.01,10,29790,卖盘
419,14:32:19,29.8,0.02,72,214560,买盘
420,14:32:16,29.78,-0.01,182,541996,卖盘
421,14:32:10,29.79,-0.01,93,277881,买盘
422,14:32:07,29.8,--,27,80460,买盘
423,14:32:04,29.8,0.01,80,238400,买盘
424,14:32:01,29.79,--,10,29790,买盘
425,14:31:58,29.79,0.01,7,20853,中性盘
426,14:31:55,29.78,-0.02,1,2978,卖盘
427,14:31:52,29.8,--,73,217540,卖盘
428,14:31:46,29.8,-0.04,485,1445300,卖盘
429,14:31:43,29.84,0.02,6,17904,买盘
430,14:31:40,29.82,-0.01,59,175938,卖盘
431,14:31:34,29.83,0.03,317,945611,买盘
432,14:31:31,29.8,--,35,104300,卖盘
433,14:31:28,29.8,-0.01,267,795660,卖盘
434,14:31:22,29.81,--,6,17886,卖盘
435,14:31:19,29.81,--,74,220594,卖盘
436,14:31:16,29.81,0.03,757,2256617,买盘
437,14:31:10,29.78,--,19,56582,卖盘
438,14:31:07,29.78,-0.02,41,122098,卖盘
439,14:31:04,29.8,0.02,1193,3555140,买盘
440,14:31:01,29.78,-0.01,58,172724,卖盘
441,14:30:58,29.79,0.01,8,23832,买盘
442,14:30:55,29.78,--,35,104230,卖盘
443,14:30:52,29.78,0.01,106,315668,买盘
444,14:30:46,29.77,--,20,59540,卖盘
445,14:30:43,29.77,-0.01,95,282815,卖盘
446,14:30:40,29.78,-0.01,20,59560,卖盘
447,14:30:37,29.79,0.02,93,277047,买盘
448,14:30:34,29.77,--,67,199459,卖盘
449,14:30:28,29.77,-0.02,77,229229,卖盘
450,14:30:25,29.79,0.01,5,14895,买盘
451,14:30:22,29.78,--,71,211438,买盘
452,14:30:19,29.78,--,3,8934,买盘
453,14:30:13,29.78,--,14,41692,卖盘
454,14:30:10,29.78,-0.02,26,77428,卖盘
455,14:30:07,29.8,--,13,38740,买盘
456,14:30:04,29.8,0.02,96,286080,买盘
457,14:30:01,29.78,-0.02,403,1200134,卖盘
458,14:29:55,29.8,--,6,17880,买盘
459,14:29:52,29.8,--,11,32780,买盘
460,14:29:49,29.8,--,95,283100,买盘
461,14:29:46,29.8,--,10,29800,买盘
462,14:29:43,29.8,-0.03,913,2720740,卖盘
463,14:29:40,29.83,0.01,386,1151438,中性盘
464,14:29:37,29.82,0.02,85,253470,买盘
465,14:29:34,29.8,--,116,345680,卖盘
466,14:29:31,29.8,--,22,65560,卖盘
467,14:29:28,29.8,--,58,172840,卖盘
468,14:29:25,29.8,--,630,1877400,买盘
469,14:29:19,29.8,0.02,101,300980,买盘
470,14:29:16,29.78,-0.02,90,268020,卖盘
471,14:29:07,29.8,-0.01,20,59600,买盘
472,14:29:04,29.81,0.01,333,992673,买盘
473,14:29:01,29.8,--,95,283100,卖盘
474,14:28:58,29.8,--,437,1302260,卖盘
475,14:28:52,29.8,--,99,295020,卖盘
476,14:28:49,29.8,--,98,292040,卖盘
477,14:28:46,29.8,--,93,277140,卖盘
478,14:28:40,29.8,-0.01,90,268200,卖盘
479,14:28:37,29.81,0.01,106,315986,买盘
480,14:28:34,29.8,--,194,578120,买盘
481,14:28:31,29.8,--,30,89400,买盘
482,14:28:28,29.8,-0.03,75,223500,卖盘
483,14:28:25,29.83,0.01,137,408671,买盘
484,14:28:22,29.82,--,73,217686,买盘
485,14:28:19,29.82,-0.03,7,20874,中性盘
486,14:28:16,29.85,0.01,396,1182060,买盘
487,14:28:10,29.84,0.02,9,26856,买盘
488,14:28:07,29.82,-0.03,192,572544,卖盘
489,14:28:04,29.85,0.01,206,614910,买盘
490,14:27:58,29.84,-0.01,206,614704,卖盘
491,14:27:52,29.85,--,419,1250715,买盘
492,14:27:49,29.85,0.02,212,632820,买盘
493,14:27:46,29.83,-0.01,408,1217064,卖盘
494,14:27:43,29.84,0.01,168,501312,买盘
495,14:27:40,29.83,0.01,767,2287961,买盘
496,14:27:37,29.82,0.07,2017,6014694,买盘
497,14:27:34,29.75,-0.04,343,1020425,卖盘
498,14:27:31,29.79,0.01,1,2979,中性盘
499,14:27:28,29.78,-0.02,8,23824,中性盘
500,14:27:25,29.8,0.03,1096,3266080,买盘
501,14:27:22,29.77,-0.03,144,428688,卖盘
502,14:27:19,29.8,0.02,472,1406560,买盘
503,14:27:16,29.78,-0.02,5,14890,中性盘
504,14:27:07,29.8,0.05,1486,4428280,买盘
505,14:27:04,29.75,--,117,348075,卖盘
506,14:26:55,29.75,-0.01,188,559300,卖盘
507,14:26:49,29.76,0.01,173,514848,买盘
508,14:26:40,29.75,0.01,34,101150,买盘
509,14:26:37,29.74,-0.01,3,8922,卖盘
510,14:26:34,29.75,0.03,70,208250,买盘
511,14:26:28,29.72,-0.02,40,118880,卖盘
512,14:26:25,29.74,-0.01,28,83272,中性盘
513,14:26:22,29.75,0.02,185,550375,买盘
514,14:26:19,29.73,--,8,23784,卖盘
515,14:26:16,29.73,0.01,8,23784,卖盘
516,14:26:13,29.72,--,86,255592,卖盘
517,14:26:07,29.72,--,10,29720,卖盘
518,14:26:04,29.72,-0.03,57,169404,卖盘
519,14:26:01,29.75,0.03,37,110075,买盘
520,14:25:58,29.72,--,36,106992,买盘
521,14:25:52,29.72,0.02,45,133740,买盘
522,14:25:49,29.7,0.03,34,100980,卖盘
523,14:25:46,29.67,-0.07,350,1038450,卖盘
524,14:25:37,29.74,--,2,5948,卖盘
525,14:25:34,29.74,0.04,261,776214,买盘
526,14:25:31,29.7,-0.02,12,35640,卖盘
527,14:25:28,29.72,0.06,2,5944,买盘
528,14:25:25,29.66,-0.02,64,189824,卖盘
529,14:25:22,29.68,-0.04,5,14840,中性盘
530,14:25:19,29.72,0.06,53,157516,买盘
531,14:25:13,29.66,-0.06,1101,3265566,卖盘
532,14:25:10,29.72,--,31,92132,卖盘
533,14:25:07,29.72,0.02,16,47552,买盘
534,14:25:04,29.7,--,14,41580,卖盘
535,14:24:58,29.7,--,10,29700,卖盘
536,14:24:55,29.7,--,185,549450,买盘
537,14:24:49,29.7,--,4,11880,买盘
538,14:24:46,29.7,-0.01,181,537570,卖盘
539,14:24:43,29.71,-0.02,70,207970,中性盘
540,14:24:40,29.73,--,40,118920,卖盘
541,14:24:37,29.73,0.03,53,157569,买盘
542,14:24:31,29.7,-0.01,19,56430,卖盘
543,14:24:28,29.71,--,5,14855,卖盘
544,14:24:25,29.71,--,7,20797,卖盘
545,14:24:22,29.71,--,14,41594,卖盘
546,14:24:19,29.71,-0.01,78,231738,卖盘
547,14:24:16,29.72,--,15,44580,卖盘
548,14:24:10,29.72,--,4,11888,卖盘
549,14:24:07,29.72,0.01,29,86188,买盘
550,14:24:04,29.71,0.01,2,5942,买盘
551,14:24:01,29.7,-0.04,26,77220,卖盘
552,14:23:58,29.74,-0.03,6,17844,买盘
553,14:23:52,29.77,0.03,65,193505,买盘
554,14:23:49,29.74,--,2,5948,买盘
555,14:23:46,29.74,-0.02,11,32714,买盘
556,14:23:43,29.76,0.01,5,14880,卖盘
557,14:23:40,29.75,-0.01,5,14875,买盘
558,14:23:37,29.76,0.01,106,315456,买盘
559,14:23:31,29.75,-0.01,24,71400,卖盘
560,14:23:22,29.76,0.01,19,56544,买盘
561,14:23:19,29.75,-0.01,52,154700,卖盘
562,14:23:13,29.76,-0.02,16,47616,卖盘
563,14:23:10,29.78,0.03,298,887444,买盘
564,14:23:07,29.75,--,4,11900,卖盘
565,14:23:04,29.75,0.04,60,178500,买盘
566,14:23:01,29.71,-0.05,34,101014,卖盘
567,14:22:58,29.76,0.03,22,65472,买盘
568,14:22:55,29.73,--,1,2973,买盘
569,14:22:52,29.73,0.01,56,166488,中性盘
570,14:22:49,29.72,-0.02,18,53496,卖盘
571,14:22:46,29.74,--,6,17844,卖盘
572,14:22:43,29.74,-0.02,130,386620,卖盘
573,14:22:40,29.76,--,17,50592,卖盘
574,14:22:37,29.76,0.02,48,142848,买盘
575,14:22:31,29.74,-0.04,31,92194,卖盘
576,14:22:28,29.78,0.04,10,29780,买盘
577,14:22:25,29.74,-0.01,27,80298,卖盘
578,14:22:22,29.75,--,61,181475,卖盘
579,14:22:16,29.75,--,5,14875,卖盘
580,14:22:13,29.75,--,59,175525,卖盘
581,14:22:10,29.75,--,4,11900,卖盘
582,14:22:07,29.75,-0.01,108,321300,卖盘
583,14:22:04,29.76,0.01,75,223200,中性盘
584,14:22:01,29.75,--,252,749700,卖盘
585,14:21:55,29.75,--,14,41650,卖盘
586,14:21:52,29.75,--,56,166600,卖盘
587,14:21:46,29.75,--,36,107100,卖盘
588,14:21:43,29.75,--,15,44625,卖盘
589,14:21:34,29.75,0.03,41,121975,买盘
590,14:21:31,29.72,-0.02,13,38636,卖盘
591,14:21:28,29.74,0.02,31,92194,买盘
592,14:21:25,29.72,--,5,14860,卖盘
593,14:21:22,29.72,-0.01,51,151572,卖盘
594,14:21:19,29.73,0.01,4,11892,中性盘
595,14:21:16,29.72,--,16,47552,卖盘
596,14:21:13,29.72,--,55,163460,卖盘
597,14:21:07,29.72,0.02,20,59440,卖盘
598,14:21:04,29.7,--,80,237600,卖盘
599,14:21:01,29.7,-0.02,73,216810,卖盘
600,14:20:55,29.72,-0.01,261,775692,卖盘
601,14:20:49,29.73,-0.03,15,44595,卖盘
602,14:20:46,29.76,0.02,47,139872,买盘
603,14:20:40,29.74,-0.02,77,228998,卖盘
604,14:20:37,29.76,--,50,148800,买盘
605,14:20:34,29.76,0.01,54,160704,买盘
606,14:20:31,29.75,0.03,16,47600,买盘
607,14:20:28,29.72,-0.02,341,1013452,卖盘
608,14:20:25,29.74,0.01,116,344984,买盘
609,14:20:22,29.73,-0.01,46,136758,卖盘
610,14:20:19,29.74,-0.01,40,118960,卖盘
611,14:20:16,29.75,0.01,2,5950,卖盘
612,14:20:13,29.74,-0.01,23,68402,卖盘
613,14:20:10,29.75,--,76,226100,买盘
614,14:20:07,29.75,--,106,315350,买盘
615,14:20:04,29.75,--,9,26775,买盘
616,14:19:55,29.75,-0.02,41,121975,中性盘
617,14:19:52,29.77,0.03,13,38701,中性盘
618,14:19:49,29.74,-0.04,94,279556,卖盘
619,14:19:46,29.78,-0.03,172,513049,卖盘
620,14:19:43,29.81,--,66,196746,买盘
621,14:19:40,29.81,0.01,8,23848,买盘
622,14:19:37,29.8,0.03,889,2651365,买盘
623,14:19:34,29.77,-0.03,926,2756702,卖盘
624,14:19:28,29.8,--,496,1478914,卖盘
625,14:19:22,29.8,--,163,485740,卖盘
626,14:19:19,29.8,--,26,77480,卖盘
627,14:19:16,29.8,0.02,181,541525,买盘
628,14:19:13,29.78,-0.02,145,432643,卖盘
629,14:19:10,29.8,--,10,29800,卖盘
630,14:19:07,29.8,--,114,339720,卖盘
631,14:19:04,29.8,--,9,26820,卖盘
632,14:19:01,29.8,0.05,1742,5193305,买盘
633,14:18:58,29.75,-0.01,13,38675,卖盘
634,14:18:55,29.76,0.01,22,65472,买盘
635,14:18:49,29.75,--,130,386750,卖盘
636,14:18:37,29.75,0.02,21,62475,买盘
637,14:18:34,29.73,--,12,35676,买盘
638,14:18:31,29.73,0.01,2,5946,买盘
639,14:18:28,29.72,-0.01,107,318004,卖盘
640,14:18:25,29.73,0.03,5,14865,中性盘
641,14:18:22,29.7,-0.03,48,142560,卖盘
642,14:18:19,29.73,--,22,65406,卖盘
643,14:18:16,29.73,0.03,17,50541,买盘
644,14:18:10,29.7,--,19,56430,卖盘
645,14:18:07,29.7,--,141,418770,卖盘
646,14:18:04,29.7,--,209,620730,买盘
647,14:17:58,29.7,--,152,451440,买盘
648,14:17:55,29.7,0.02,17,50490,买盘
649,14:17:52,29.68,-0.02,59,175112,卖盘
650,14:17:49,29.7,--,9,26730,卖盘
651,14:17:46,29.7,--,73,216810,卖盘
652,14:17:40,29.7,--,409,1214848,买盘
653,14:17:37,29.7,0.03,1,2970,买盘
654,14:17:34,29.67,--,26,77142,买盘
655,14:17:28,29.67,0.01,12,35604,中性盘
656,14:17:25,29.66,-0.03,189,563065,卖盘
657,14:17:22,29.69,0.01,92,273148,买盘
658,14:17:19,29.68,-0.01,27,80136,卖盘
659,14:17:16,29.69,-0.01,50,148450,卖盘
660,14:17:13,29.7,--,7,20790,买盘
661,14:17:10,29.7,--,148,439560,买盘
662,14:17:04,29.7,0.01,124,368280,买盘
663,14:17:01,29.69,-0.01,250,742250,卖盘
664,14:16:58,29.7,--,58,172260,卖盘
665,14:16:55,29.7,-0.03,422,1253340,卖盘
666,14:16:52,29.73,--,54,160542,买盘
667,14:16:49,29.73,--,163,484599,买盘
668,14:16:46,29.73,0.03,1,2973,买盘
669,14:16:43,29.7,-0.1,183,546361,卖盘
670,14:16:40,29.8,0.02,706,2103880,买盘
671,14:16:37,29.78,0.01,617,1837426,买盘
672,14:16:31,29.77,0.01,32,95264,买盘
673,14:16:28,29.76,--,18,53568,卖盘
674,14:16:25,29.76,-0.04,10,29760,中性盘
675,14:16:22,29.8,0.04,348,1037040,买盘
676,14:16:19,29.76,0.02,10,29760,买盘
677,14:16:16,29.74,-0.03,808,2402992,卖盘
678,14:16:13,29.77,-0.01,11,32747,卖盘
679,14:16:10,29.78,0.02,144,428832,买盘
680,14:16:07,29.76,-0.02,91,270816,卖盘
681,14:16:04,29.78,0.02,22,65516,买盘
682,14:16:01,29.76,--,16,47616,卖盘
683,14:15:58,29.76,0.02,384,1142784,中性盘
684,14:15:55,29.74,--,5,14870,卖盘
685,14:15:52,29.74,--,83,246842,卖盘
686,14:15:49,29.74,--,27,80298,卖盘
687,14:15:43,29.74,0.01,19,56506,中性盘
688,14:15:40,29.73,-0.02,449,1334877,卖盘
689,14:15:37,29.75,0.01,24,71400,买盘
690,14:15:34,29.74,0.01,5,14870,买盘
691,14:15:31,29.73,-0.07,63,187299,卖盘
692,14:15:22,29.8,0.06,1010,3009800,买盘
693,14:15:19,29.74,-0.03,65,193310,卖盘
694,14:15:16,29.77,0.02,65,193505,买盘
695,14:15:13,29.75,-0.02,41,121975,卖盘
696,14:15:10,29.77,-0.01,15,44655,中性盘
697,14:15:07,29.78,--,68,202504,买盘
698,14:15:04,29.78,0.05,202,601556,买盘
699,14:15:01,29.73,--,5,14865,卖盘
700,14:14:58,29.73,-0.03,30,89190,卖盘
701,14:14:55,29.76,0.01,429,1278251,买盘
702,14:14:52,29.75,0.02,95,282625,中性盘
703,14:14:49,29.73,-0.02,29,86217,卖盘
704,14:14:46,29.75,0.01,105,313922,买盘
705,14:14:40,29.74,--,26,77324,买盘
706,14:14:37,29.74,-0.02,113,337489,卖盘
707,14:14:34,29.76,0.01,138,410688,买盘
708,14:14:31,29.75,--,24,71400,买盘
709,14:14:28,29.75,--,31,92225,卖盘
710,14:14:25,29.75,0.01,1527,4542825,买盘
711,14:14:22,29.74,--,46,136804,卖盘
712,14:14:16,29.74,-0.03,251,746474,卖盘
713,14:14:13,29.77,0.02,46,136942,买盘
714,14:14:07,29.75,-0.02,114,339150,卖盘
715,14:14:04,29.77,0.02,68,202436,买盘
716,14:14:01,29.75,-0.01,59,177072,卖盘
717,14:13:58,29.76,--,6,17856,买盘
718,14:13:55,29.76,0.03,51,151776,买盘
719,14:13:52,29.73,-0.02,101,300273,卖盘
720,14:13:49,29.75,0.02,2,5950,买盘
721,14:13:43,29.73,--,108,321084,卖盘
722,14:13:39,29.73,--,5,14865,卖盘
723,14:13:36,29.73,0.08,321,954333,买盘
724,14:13:33,29.65,-0.05,11,32615,卖盘
725,14:13:30,29.7,--,35,103950,买盘
726,14:13:27,29.7,0.1,69,204930,买盘
727,14:13:24,29.6,--,10,29600,卖盘
728,14:13:21,29.6,-0.02,49,145040,卖盘
729,14:13:18,29.62,-0.03,35,103670,卖盘
730,14:13:15,29.65,0.05,19,56335,中性盘
731,14:13:12,29.6,-0.05,136,402560,卖盘
732,14:13:06,29.65,0.02,18,53370,卖盘
733,14:13:03,29.63,--,109,325692,买盘
734,14:13:00,29.63,0.02,1040,3081520,卖盘
735,14:12:57,29.61,0.01,60,177660,买盘
736,14:12:54,29.6,--,41,121360,卖盘
737,14:12:51,29.6,-0.02,131,387760,卖盘
738,14:12:48,29.62,-0.02,60,177720,卖盘
739,14:12:45,29.64,0.02,32,94848,卖盘
740,14:12:42,29.62,--,60,177720,卖盘
741,14:12:39,29.62,--,43,127366,卖盘
742,14:12:33,29.62,-0.01,123,364326,卖盘
743,14:12:30,29.63,0.01,1,2963,中性盘
744,14:12:24,29.62,--,27,79974,卖盘
745,14:12:21,29.62,-0.01,47,139214,卖盘
746,14:12:18,29.63,0.01,10,29630,卖盘
747,14:12:15,29.62,--,21,62202,卖盘
748,14:12:12,29.62,--,16,47392,卖盘
749,14:12:09,29.62,0.01,19,56278,中性盘
750,14:12:03,29.61,0.01,26,76986,中性盘
751,14:11:57,29.6,--,10,29600,卖盘
752,14:11:54,29.6,-0.02,51,150960,卖盘
753,14:11:51,29.62,0.02,54,159948,中性盘
754,14:11:48,29.6,--,31,91760,卖盘
755,14:11:45,29.6,-0.05,21,62160,中性盘
756,14:11:42,29.65,0.07,19,56335,买盘
757,14:11:39,29.58,-0.04,10,29580,卖盘
758,14:11:36,29.62,0.01,79,233998,买盘
759,14:11:33,29.61,0.01,126,373086,买盘
760,14:11:27,29.6,--,41,121360,卖盘
761,14:11:24,29.6,--,5,14800,卖盘
762,14:11:21,29.6,--,124,367040,卖盘
763,14:11:18,29.6,0.03,36,106560,卖盘
764,14:11:15,29.57,--,13,38441,卖盘
765,14:11:12,29.57,-0.03,28,82796,买盘
766,14:11:09,29.6,--,22,65120,卖盘
767,14:11:06,29.6,0.03,150,444000,买盘
768,14:11:03,29.57,-0.01,30,88710,中性盘
769,14:11:00,29.58,0.01,100,295800,买盘
770,14:10:57,29.57,-0.01,50,147850,卖盘
771,14:10:48,29.58,0.01,145,428910,买盘
772,14:10:42,29.57,-0.05,56,165592,卖盘
773,14:10:36,29.62,0.02,82,242884,买盘
774,14:10:33,29.6,-0.02,521,1542160,卖盘
775,14:10:27,29.62,--,32,94784,卖盘
776,14:10:21,29.62,--,72,213264,卖盘
777,14:10:18,29.62,--,7,20734,卖盘
778,14:10:15,29.62,--,113,334706,买盘
779,14:10:12,29.62,0.04,136,402832,买盘
780,14:10:06,29.58,0.02,10,29580,买盘
781,14:10:03,29.56,-0.01,55,162580,卖盘
782,14:09:57,29.57,--,32,94624,买盘
783,14:09:54,29.57,0.02,25,73925,买盘
784,14:09:51,29.55,-0.01,49,144795,卖盘
785,14:09:48,29.56,0.01,9,26604,买盘
786,14:09:42,29.55,-0.01,22,65010,卖盘
787,14:09:39,29.56,--,59,174404,买盘
788,14:09:33,29.56,-0.01,124,366544,卖盘
789,14:09:30,29.57,--,13,38441,买盘
790,14:09:21,29.57,--,52,153764,买盘
791,14:09:18,29.57,-0.03,36,106452,卖盘
792,14:09:15,29.6,0.01,626,1852960,买盘
793,14:09:12,29.59,-0.01,2,5918,中性盘
794,14:09:09,29.6,--,2,5920,买盘
795,14:09:06,29.6,--,89,263440,买盘
796,14:09:03,29.6,--,52,153920,买盘
797,14:09:00,29.6,-0.01,426,1260960,卖盘
798,14:08:54,29.61,0.01,38,112518,中性盘
799,14:08:51,29.6,-0.02,43,127280,卖盘
800,14:08:48,29.62,0.02,5,14810,中性盘
801,14:08:45,29.6,--,11,32560,卖盘
802,14:08:42,29.6,--,81,239760,卖盘
803,14:08:33,29.6,0.03,319,944240,买盘
804,14:08:30,29.57,-0.03,42,124194,中性盘
805,14:08:27,29.6,--,34,100640,买盘
806,14:08:24,29.6,--,64,189440,买盘
807,14:08:21,29.6,--,67,198320,买盘
808,14:08:18,29.6,--,15,44400,买盘
809,14:08:15,29.6,0.05,33,97680,买盘
810,14:08:12,29.55,--,11,32505,卖盘
811,14:08:09,29.55,-0.01,23,67965,卖盘
812,14:08:06,29.56,-0.07,94,277864,卖盘
813,14:08:03,29.63,--,21,62223,卖盘
814,14:08:00,29.63,0.03,92,272596,买盘
815,14:07:57,29.6,--,21,62160,卖盘
816,14:07:54,29.6,0.04,210,621600,中性盘
817,14:07:48,29.56,-0.04,61,180316,卖盘
818,14:07:45,29.6,--,47,139120,卖盘
819,14:07:42,29.6,-0.02,148,438080,卖盘
820,14:07:36,29.62,0.02,66,195492,买盘
821,14:07:27,29.6,0.05,348,1030908,买盘
822,14:07:21,29.55,-0.01,64,189120,卖盘
823,14:07:18,29.56,--,9,26604,买盘
824,14:07:12,29.56,--,24,70944,买盘
825,14:07:03,29.56,--,96,283776,买盘
826,14:07:00,29.56,-0.04,14,41384,卖盘
827,14:06:57,29.6,0.04,205,606800,买盘
828,14:06:51,29.56,-0.04,98,289688,卖盘
829,14:06:48,29.6,--,1,2960,买盘
830,14:06:45,29.6,0.02,5,14800,买盘
831,14:06:42,29.58,-0.02,18,53244,中性盘
832,14:06:39,29.6,--,3,8880,买盘
833,14:06:36,29.6,0.05,3,8880,买盘
834,14:06:33,29.55,-0.07,351,1037205,卖盘
835,14:06:30,29.62,0.02,15,44430,买盘
836,14:06:24,29.6,-0.01,320,947200,卖盘
837,14:06:18,29.61,--,133,393813,买盘
838,14:06:15,29.61,0.01,3,8883,买盘
839,14:06:12,29.6,--,31,91760,卖盘
840,14:06:09,29.6,-0.01,36,106560,卖盘
841,14:06:06,29.61,0.01,38,112518,买盘
842,14:06:03,29.6,--,86,254560,卖盘
843,14:06:00,29.6,--,66,195360,卖盘
844,14:05:57,29.6,--,5,14800,卖盘
845,14:05:54,29.6,0.01,105,310800,买盘
846,14:05:48,29.59,--,5,14795,卖盘
847,14:05:45,29.59,-0.02,142,420178,卖盘
848,14:05:42,29.61,0.01,227,672147,买盘
849,14:05:36,29.6,0.07,368,1089280,买盘
850,14:05:21,29.53,-0.01,134,395702,卖盘
851,14:05:18,29.54,--,11,32494,卖盘
852,14:05:15,29.54,-0.02,22,64988,卖盘
853,14:05:09,29.56,0.02,2,5912,买盘
854,14:05:03,29.54,-0.06,37,109298,卖盘
855,14:05:00,29.6,--,28,82880,买盘
856,14:04:54,29.6,0.06,15,44400,买盘
857,14:04:51,29.54,--,54,159516,卖盘
858,14:04:48,29.54,-0.06,103,304262,卖盘
859,14:04:42,29.6,--,21,62160,卖盘
860,14:04:39,29.6,--,5,14800,卖盘
861,14:04:36,29.6,--,16,47360,卖盘
862,14:04:30,29.6,--,136,402560,买盘
863,14:04:24,29.6,0.05,6,17760,买盘
864,14:04:21,29.55,-0.01,43,127065,卖盘
865,14:04:18,29.56,-0.04,20,59120,卖盘
866,14:04:15,29.6,--,82,242720,卖盘
867,14:04:09,29.6,-0.01,27,79920,卖盘
868,14:04:06,29.61,0.01,56,165816,买盘
869,14:04:00,29.6,--,32,94720,卖盘
870,14:03:57,29.6,0.05,66,195360,买盘
871,14:03:54,29.55,0.01,12,35460,中性盘
872,14:03:51,29.54,-0.04,54,159516,卖盘
873,14:03:48,29.58,-0.02,49,144942,卖盘
874,14:03:45,29.6,-0.01,24,71040,卖盘
875,14:03:42,29.61,0.01,129,381969,买盘
876,14:03:36,29.6,--,78,230880,卖盘
877,14:03:33,29.6,--,51,150960,买盘
878,14:03:27,29.6,0.05,21,62160,买盘
879,14:03:24,29.55,-0.05,70,206850,卖盘
880,14:03:18,29.6,--,42,124320,卖盘
881,14:03:15,29.6,--,14,41440,卖盘
882,14:03:12,29.6,-0.01,89,263440,卖盘
883,14:03:06,29.61,0.01,4,11844,买盘
884,14:03:03,29.6,--,19,56240,卖盘
885,14:03:00,29.6,-0.01,16,47360,卖盘
886,14:02:57,29.61,0.01,28,82908,买盘
887,14:02:51,29.6,--,165,488400,卖盘
888,14:02:48,29.6,-0.01,53,156880,卖盘
889,14:02:45,29.61,0.01,2,5922,买盘
890,14:02:42,29.6,--,16,47360,卖盘
891,14:02:39,29.6,0.06,174,515040,买盘
892,14:02:36,29.54,--,40,118160,买盘
893,14:02:33,29.54,-0.01,66,194964,卖盘
894,14:02:30,29.55,-0.05,54,159570,卖盘
895,14:02:24,29.6,0.04,48,142080,买盘
896,14:02:21,29.56,--,47,138932,买盘
897,14:02:18,29.56,--,3,8868,买盘
898,14:02:15,29.56,0.01,42,124152,中性盘
899,14:02:12,29.55,-0.05,14,41370,卖盘
900,14:02:06,29.6,0.04,312,923520,买盘
901,14:02:03,29.56,-0.01,20,59120,卖盘
902,14:02:00,29.57,0.01,15,44355,买盘
903,14:01:57,29.56,-0.01,16,47296,卖盘
904,14:01:54,29.57,--,16,47312,卖盘
905,14:01:51,29.57,-0.03,54,159678,卖盘
906,14:01:45,29.6,--,154,455840,卖盘
907,14:01:42,29.6,-0.01,40,118400,卖盘
908,14:01:39,29.61,0.01,50,148050,买盘
909,14:01:36,29.6,--,11,32560,卖盘
910,14:01:33,29.6,0.04,14,41440,中性盘
911,14:01:30,29.56,-0.01,12,35472,卖盘
912,14:01:27,29.57,-0.04,19,56183,卖盘
913,14:01:24,29.61,0.04,66,195426,买盘
914,14:01:21,29.57,-0.02,75,221775,卖盘
915,14:01:18,29.59,--,19,56221,卖盘
916,14:01:15,29.59,-0.01,45,133155,卖盘
917,14:01:12,29.6,--,10,29600,卖盘
918,14:01:06,29.6,--,24,71040,卖盘
919,14:01:03,29.6,--,40,118400,卖盘
920,14:01:00,29.6,0.03,147,435120,买盘
921,14:00:57,29.57,--,4,11828,买盘
922,14:00:54,29.57,0.02,13,38441,买盘
923,14:00:51,29.55,-0.04,93,274815,卖盘
924,14:00:48,29.59,0.01,10,29590,买盘
925,14:00:45,29.58,--,24,70992,卖盘
926,14:00:42,29.58,--,52,153816,卖盘
927,14:00:39,29.58,--,15,44370,卖盘
928,14:00:33,29.58,-0.01,116,343128,卖盘
929,14:00:30,29.59,0.03,242,716078,买盘
930,14:00:27,29.56,--,40,118240,买盘
931,14:00:24,29.56,--,46,135976,卖盘
932,14:00:21,29.56,-0.01,73,215788,卖盘
933,14:00:15,29.57,--,1,2957,买盘
934,14:00:12,29.57,0.02,29,85753,买盘
935,14:00:09,29.55,--,37,109335,卖盘
936,14:00:03,29.55,0.02,55,162525,买盘
937,14:00:00,29.53,--,138,407514,买盘
938,13:59:57,29.53,0.01,36,106308,买盘
939,13:59:51,29.52,0.01,150,442800,买盘
940,13:59:48,29.51,--,2,5902,卖盘
941,13:59:45,29.51,--,13,38363,卖盘
942,13:59:42,29.51,0.01,257,758407,买盘
943,13:59:39,29.5,--,6,17700,卖盘
944,13:59:36,29.5,--,11,32450,卖盘
945,13:59:33,29.5,--,116,342200,买盘
946,13:59:27,29.5,--,53,156350,买盘
947,13:59:24,29.5,--,159,469050,买盘
948,13:59:21,29.5,--,101,297950,买盘
949,13:59:18,29.5,--,16,47200,买盘
950,13:59:15,29.5,--,115,339250,买盘
951,13:59:12,29.5,--,103,303850,买盘
952,13:59:09,29.5,0.01,23,67850,买盘
953,13:59:03,29.49,--,180,530820,买盘
954,13:58:57,29.49,--,72,212328,买盘
955,13:58:51,29.49,0.02,64,188736,买盘
956,13:58:51,29.47,-0.02,130,383110,卖盘
957,13:58:45,29.49,0.01,35,103215,买盘
958,13:58:42,29.48,--,39,114972,卖盘
959,13:58:39,29.48,--,6,17688,卖盘
960,13:58:36,29.48,0.03,223,657404,买盘
961,13:58:21,29.45,-0.03,73,214985,卖盘
962,13:58:18,29.48,0.02,10,29480,买盘
963,13:58:15,29.46,0.01,23,67758,卖盘
964,13:58:12,29.45,-0.03,95,279775,卖盘
965,13:58:09,29.48,0.02,129,380292,买盘
966,13:58:03,29.46,0.01,67,197382,买盘
967,13:58:00,29.45,--,67,197315,买盘
968,13:57:54,29.45,0.02,33,97185,买盘
969,13:57:51,29.43,-0.02,73,214839,卖盘
970,13:57:45,29.45,0.03,6,17670,买盘
971,13:57:42,29.42,-0.02,319,938498,卖盘
972,13:57:39,29.44,--,42,123648,卖盘
973,13:57:36,29.44,--,47,138368,卖盘
974,13:57:33,29.44,--,213,627072,卖盘
975,13:57:21,29.44,0.01,160,471040,买盘
976,13:57:18,29.43,-0.01,79,232497,卖盘
977,13:57:12,29.44,0.01,146,429824,买盘
978,13:57:09,29.43,--,25,73575,卖盘
979,13:57:06,29.43,-0.01,231,679833,卖盘
980,13:57:00,29.44,--,4,11776,买盘
981,13:56:57,29.44,--,42,123648,卖盘
982,13:56:51,29.44,--,136,400384,卖盘
983,13:56:48,29.44,--,7,20608,卖盘
984,13:56:45,29.44,--,6,17664,卖盘
985,13:56:42,29.44,-0.01,36,105984,卖盘
986,13:56:39,29.45,--,218,642010,买盘
987,13:56:36,29.45,--,152,447640,买盘
988,13:56:33,29.45,--,19,55955,买盘
989,13:56:30,29.45,--,107,315115,买盘
990,13:56:27,29.45,0.01,7,20615,买盘
991,13:56:24,29.44,-0.01,450,1324800,卖盘
992,13:56:21,29.45,--,114,335730,卖盘
993,13:56:18,29.45,-0.03,3,8835,卖盘
994,13:56:15,29.48,0.03,46,135608,买盘
995,13:56:12,29.45,0.01,165,485925,买盘
996,13:56:09,29.44,--,44,129536,买盘
997,13:56:03,29.44,-0.01,95,279680,卖盘
998,13:56:00,29.45,--,10,29450,买盘
999,13:55:57,29.45,--,43,126635,买盘
1000,13:55:54,29.45,0.01,18,53010,买盘
1001,13:55:51,29.44,-0.01,100,294400,卖盘
1002,13:55:48,29.45,--,79,232655,卖盘
1003,13:55:42,29.45,--,44,129580,卖盘
1004,13:55:39,29.45,--,189,556605,卖盘
1005,13:55:36,29.45,--,30,88350,卖盘
1006,13:55:33,29.45,--,91,267995,卖盘
1007,13:55:30,29.45,--,22,64790,卖盘
1008,13:55:27,29.45,--,71,209095,卖盘
1009,13:55:24,29.45,--,37,108965,卖盘
1010,13:55:21,29.45,--,231,680295,买盘
1011,13:55:15,29.45,0.01,21,61845,买盘
1012,13:55:12,29.44,-0.01,136,400384,卖盘
1013,13:55:09,29.45,-0.01,23,67735,卖盘
1014,13:55:06,29.46,0.01,18,53028,买盘
1015,13:55:03,29.45,--,33,97185,买盘
1016,13:54:57,29.45,0.01,97,285665,买盘
1017,13:54:51,29.44,-0.01,91,267904,卖盘
1018,13:54:48,29.45,0.01,8,23560,卖盘
1019,13:54:45,29.44,-0.02,123,362112,卖盘
1020,13:54:42,29.46,0.02,39,114894,买盘
1021,13:54:39,29.44,-0.02,67,197248,卖盘
1022,13:54:36,29.46,0.01,30,88380,买盘
1023,13:54:33,29.45,0.01,27,79515,卖盘
1024,13:54:30,29.44,-0.02,100,294400,卖盘
1025,13:54:27,29.46,--,8,23568,买盘
1026,13:54:24,29.46,-0.02,434,1278564,卖盘
1027,13:54:21,29.48,--,63,185724,卖盘
1028,13:54:18,29.48,--,80,235840,卖盘
1029,13:54:15,29.48,0.01,131,386188,卖盘
1030,13:54:12,29.47,-0.01,25,73675,卖盘
1031,13:54:09,29.48,-0.01,81,238788,卖盘
1032,13:54:06,29.49,0.01,311,917139,卖盘
1033,13:53:57,29.48,0.01,43,126764,卖盘
1034,13:53:54,29.47,--,99,291753,卖盘
1035,13:53:48,29.47,-0.01,41,120827,卖盘
1036,13:53:42,29.48,-0.02,69,203412,卖盘
1037,13:53:39,29.5,-0.01,106,312700,卖盘
1038,13:53:36,29.51,--,79,233129,卖盘
1039,13:53:33,29.51,--,48,141648,卖盘
1040,13:53:30,29.51,--,26,76726,卖盘
1041,13:53:27,29.51,0.01,85,250835,买盘
1042,13:53:24,29.5,--,46,135700,卖盘
1043,13:53:21,29.5,-0.01,76,224200,卖盘
1044,13:53:18,29.51,0.01,2,5902,买盘
1045,13:53:12,29.5,-0.02,50,147500,卖盘
1046,13:53:09,29.52,-0.01,36,106272,卖盘
1047,13:53:06,29.53,0.02,8,23624,买盘
1048,13:53:02,29.51,-0.02,34,100334,卖盘
1049,13:52:59,29.53,--,309,912477,买盘
1050,13:52:56,29.53,--,11,32483,买盘
1051,13:52:53,29.53,-0.02,202,596506,卖盘
1052,13:52:50,29.55,--,10,29550,买盘
1053,13:52:47,29.55,--,61,180255,买盘
1054,13:52:44,29.55,--,13,38415,买盘
1055,13:52:38,29.55,-0.05,274,810261,卖盘
1056,13:52:32,29.6,0.05,154,455840,买盘
1057,13:52:23,29.55,-0.01,90,265950,卖盘
1058,13:52:20,29.56,-0.02,67,198052,卖盘
1059,13:52:14,29.58,--,3,8874,卖盘
1060,13:52:11,29.58,0.02,14,41412,中性盘
1061,13:52:08,29.56,-0.01,210,623124,中性盘
1062,13:52:02,29.57,--,8,23656,买盘
1063,13:51:59,29.57,-0.03,6,17742,买盘
1064,13:51:53,29.6,0.05,21,62160,买盘
1065,13:51:50,29.55,-0.03,128,378240,卖盘
1066,13:51:44,29.58,-0.02,15,44370,卖盘
1067,13:51:41,29.6,0.02,100,296000,买盘
1068,13:51:38,29.58,--,5,14790,买盘
1069,13:51:35,29.58,-0.01,422,1248867,卖盘
1070,13:51:26,29.59,--,29,85811,卖盘
1071,13:51:23,29.59,-0.03,2,5918,卖盘
1072,13:51:20,29.62,0.03,117,348923,买盘
1073,13:51:17,29.59,-0.01,20,59180,卖盘
1074,13:51:14,29.6,--,20,59200,卖盘
1075,13:51:11,29.6,--,11,32560,卖盘
1076,13:51:05,29.6,-0.01,14,41440,卖盘
1077,13:51:02,29.61,--,58,172330,卖盘
1078,13:50:59,29.61,--,49,145089,卖盘
1079,13:50:56,29.61,--,51,151011,卖盘
1080,13:50:53,29.61,--,15,44415,卖盘
1081,13:50:50,29.61,--,79,233919,卖盘
1082,13:50:47,29.61,--,19,56259,卖盘
1083,13:50:44,29.61,-0.01,21,62181,卖盘
1084,13:50:41,29.62,0.01,5,14810,买盘
1085,13:50:38,29.61,-0.01,85,251685,卖盘
1086,13:50:35,29.62,--,4,11848,买盘
1087,13:50:32,29.62,0.01,7,20734,中性盘
1088,13:50:29,29.61,--,54,159894,卖盘
1089,13:50:23,29.61,-0.04,372,1101492,卖盘
1090,13:50:20,29.65,0.04,68,202687,买盘
1091,13:50:17,29.61,--,52,153972,卖盘
1092,13:50:14,29.61,-0.01,3,8883,卖盘
1093,13:50:11,29.62,-0.04,23,68126,卖盘
1094,13:50:02,29.66,0.01,24,71184,中性盘
1095,13:49:59,29.65,--,9,26685,卖盘
1096,13:49:56,29.65,--,3,8895,卖盘
1097,13:49:53,29.65,0.04,31,91915,买盘
1098,13:49:50,29.61,--,44,130284,卖盘
1099,13:49:47,29.61,--,10,29610,卖盘
1100,13:49:44,29.61,--,19,56259,卖盘
1101,13:49:41,29.61,--,6,17766,卖盘
1102,13:49:38,29.61,--,5,14805,卖盘
1103,13:49:35,29.61,-0.01,49,145089,卖盘
1104,13:49:32,29.62,0.01,37,109594,中性盘
1105,13:49:26,29.61,--,239,707679,卖盘
1106,13:49:23,29.61,--,58,171738,卖盘
1107,13:49:20,29.61,-0.01,15,44415,卖盘
1108,13:49:14,29.62,0.01,29,85898,买盘
1109,13:49:08,29.61,--,38,113820,卖盘
1110,13:49:05,29.61,-0.01,13,38493,卖盘
1111,13:49:02,29.62,0.01,27,79974,买盘
1112,13:48:59,29.61,--,56,165816,卖盘
1113,13:48:56,29.61,--,8,23688,卖盘
1114,13:48:53,29.61,--,12,35532,卖盘
1115,13:48:50,29.61,--,64,189504,卖盘
1116,13:48:44,29.61,--,20,59220,卖盘
1117,13:48:41,29.61,0.01,72,213192,买盘
1118,13:48:38,29.6,--,9,26640,卖盘
1119,13:48:35,29.6,--,82,242720,卖盘
1120,13:48:32,29.6,-0.01,10,29600,卖盘
1121,13:48:29,29.61,--,2,5922,中性盘
1122,13:48:26,29.61,--,393,1163673,卖盘
1123,13:48:23,29.61,-0.01,56,165816,卖盘
1124,13:48:20,29.62,--,72,213264,买盘
1125,13:48:14,29.62,-0.02,39,115518,卖盘
1126,13:48:11,29.64,--,2,5928,买盘
1127,13:48:02,29.64,--,26,77064,买盘
1128,13:47:59,29.64,-0.04,327,969228,卖盘
1129,13:47:56,29.68,--,75,222600,卖盘
1130,13:47:53,29.68,--,19,56392,卖盘
1131,13:47:50,29.68,--,43,127624,卖盘
1132,13:47:47,29.68,0.07,340,1009120,买盘
1133,13:47:41,29.61,--,5,14805,买盘
1134,13:47:38,29.61,-0.01,33,97713,卖盘
1135,13:47:35,29.62,-0.01,11,32582,卖盘
1136,13:47:32,29.63,--,14,41482,买盘
1137,13:47:29,29.63,0.01,13,38519,中性盘
1138,13:47:23,29.62,-0.06,57,168834,卖盘
1139,13:47:14,29.68,0.05,12,35616,买盘
1140,13:47:08,29.63,-0.02,10,29630,卖盘
1141,13:47:05,29.65,0.03,28,83020,中性盘
1142,13:47:02,29.62,--,9,26658,卖盘
1143,13:46:56,29.62,-0.01,50,148100,卖盘
1144,13:46:50,29.63,--,60,177780,卖盘
1145,13:46:44,29.63,--,2,5926,卖盘
1146,13:46:41,29.63,--,32,94816,卖盘
1147,13:46:38,29.63,-0.05,3,8889,卖盘
1148,13:46:35,29.68,0.05,70,207760,买盘
1149,13:46:32,29.63,--,14,41482,卖盘
1150,13:46:26,29.63,0.01,10,29630,卖盘
1151,13:46:23,29.62,--,22,65164,卖盘
1152,13:46:20,29.62,--,149,441338,卖盘
1153,13:46:14,29.62,0.01,15,44430,中性盘
1154,13:46:05,29.61,--,14,41454,卖盘
1155,13:46:02,29.61,--,15,44415,卖盘
1156,13:45:59,29.61,--,9,26649,卖盘
1157,13:45:50,29.61,--,66,195426,卖盘
1158,13:45:47,29.61,0.01,4,11844,卖盘
1159,13:45:44,29.6,--,104,307840,卖盘
1160,13:45:38,29.6,-0.01,58,171680,卖盘
1161,13:45:35,29.61,--,11,32571,买盘
1162,13:45:32,29.61,--,148,438228,买盘
1163,13:45:29,29.61,-0.07,9,26649,卖盘
1164,13:45:26,29.68,0.04,16,47488,买盘
1165,13:45:23,29.64,0.04,32,94848,买盘
1166,13:45:20,29.6,-0.1,58,171680,卖盘
1167,13:45:17,29.7,0.09,1001,2972970,买盘
1168,13:45:14,29.61,-0.07,10,29610,卖盘
1169,13:45:11,29.68,--,39,115752,卖盘
1170,13:45:08,29.68,--,32,94976,卖盘
1171,13:45:05,29.68,0.08,143,424424,买盘
1172,13:45:02,29.6,--,156,461760,卖盘
1173,13:44:59,29.6,--,41,121360,卖盘
1174,13:44:53,29.6,--,133,393680,卖盘
1175,13:44:50,29.6,--,141,417360,卖盘
1176,13:44:47,29.6,0.02,67,198320,中性盘
1177,13:44:41,29.58,--,35,103530,卖盘
1178,13:44:38,29.58,--,266,786828,卖盘
1179,13:44:35,29.58,-0.07,5,14790,卖盘
1180,13:44:32,29.65,0.07,79,234235,买盘
1181,13:44:29,29.58,--,22,65075,买盘
1182,13:44:23,29.58,--,45,133110,卖盘
1183,13:44:20,29.58,-0.07,44,130151,卖盘
1184,13:44:17,29.65,-0.02,112,332080,卖盘
1185,13:44:11,29.67,--,729,2162943,卖盘
1186,13:44:08,29.67,0.04,12,35604,卖盘
1187,13:44:05,29.63,0.05,16,47408,中性盘
1188,13:43:59,29.58,-0.1,572,1691976,卖盘
1189,13:43:56,29.68,--,110,326480,卖盘
1190,13:43:53,29.68,--,57,169176,卖盘
1191,13:43:47,29.68,-0.01,159,471912,卖盘
1192,13:43:44,29.69,0.09,661,1962509,买盘
1193,13:43:41,29.6,--,43,127280,卖盘
1194,13:43:38,29.6,--,59,174640,卖盘
1195,13:43:32,29.6,--,361,1068560,买盘
1196,13:43:26,29.6,--,1,2960,买盘
1197,13:43:23,29.6,0.02,30,88800,买盘
1198,13:43:20,29.58,-0.02,50,147900,卖盘
1199,13:43:17,29.6,-0.09,1145,3390620,卖盘
1200,13:43:14,29.69,0.01,15,44535,中性盘
1201,13:43:11,29.68,-0.02,79,234472,卖盘
1202,13:43:08,29.7,-0.02,138,409860,卖盘
1203,13:43:05,29.72,--,242,719224,买盘
1204,13:43:02,29.72,--,318,945096,买盘
1205,13:42:59,29.72,0.02,5,14860,买盘
1206,13:42:56,29.7,--,128,380160,卖盘
1207,13:42:53,29.7,--,49,145530,卖盘
1208,13:42:50,29.7,-0.02,50,148500,卖盘
1209,13:42:47,29.72,0.01,91,270452,买盘
1210,13:42:44,29.71,-0.03,97,288187,卖盘
1211,13:42:41,29.74,0.01,90,267660,买盘
1212,13:42:38,29.73,-0.01,4,11892,中性盘
1213,13:42:35,29.74,0.02,65,193310,买盘
1214,13:42:32,29.72,--,100,297200,卖盘
1215,13:42:29,29.72,-0.02,32,95104,卖盘
1216,13:42:23,29.74,0.02,7,20818,买盘
1217,13:42:20,29.72,-0.04,157,468090,卖盘
1218,13:42:17,29.76,0.02,150,447888,买盘
1219,13:42:11,29.74,--,21,63941,卖盘
1220,13:42:08,29.74,--,10,29740,卖盘
1221,13:42:05,29.74,--,3,8922,卖盘
1222,13:42:02,29.74,--,22,65428,卖盘
1223,13:41:59,29.74,--,56,168031,买盘
1224,13:41:56,29.74,0.03,1,2974,买盘
1225,13:41:53,29.71,--,69,204999,卖盘
1226,13:41:50,29.71,-0.02,44,130724,卖盘
1227,13:41:47,29.73,0.01,56,166488,买盘
1228,13:41:44,29.72,0.01,36,106992,买盘
1229,13:41:41,29.71,--,14,41594,卖盘
1230,13:41:38,29.71,--,6,17826,买盘
1231,13:41:35,29.71,-0.03,5,14855,中性盘
1232,13:41:32,29.74,--,121,359854,买盘
1233,13:41:29,29.74,0.02,16,47584,买盘
1234,13:41:23,29.72,--,60,178320,卖盘
1235,13:41:20,29.72,--,2,5944,卖盘
1236,13:41:14,29.72,0.02,240,713280,中性盘
1237,13:41:05,29.7,-0.04,7,20790,卖盘
1238,13:41:02,29.74,0.02,23,68402,买盘
1239,13:40:59,29.72,--,4,11888,卖盘
1240,13:40:56,29.72,-0.01,5,14860,卖盘
1241,13:40:53,29.73,--,65,194731,卖盘
1242,13:40:47,29.73,0.03,82,245272,买盘
1243,13:40:44,29.7,-0.01,12,35640,卖盘
1244,13:40:41,29.71,--,37,109927,卖盘
1245,13:40:35,29.71,--,9,26739,买盘
1246,13:40:32,29.71,-0.01,19,56449,卖盘
1247,13:40:29,29.72,-0.01,3,8916,中性盘
1248,13:40:26,29.73,--,11,32703,买盘
1249,13:40:23,29.73,0.01,69,205137,买盘
1250,13:40:20,29.72,--,13,38636,卖盘
1251,13:40:17,29.72,0.02,47,139684,买盘
1252,13:40:14,29.7,--,11,32670,卖盘
1253,13:40:08,29.7,--,55,163350,卖盘
1254,13:40:05,29.7,--,66,196020,买盘
1255,13:40:02,29.7,-0.03,172,510840,卖盘
1256,13:39:59,29.73,0.01,6,17838,买盘
1257,13:39:56,29.72,0.01,34,101048,卖盘
1258,13:39:53,29.71,0.01,15,44565,中性盘
1259,13:39:50,29.7,-0.03,74,219780,卖盘
1260,13:39:47,29.73,0.01,87,258651,买盘
1261,13:39:44,29.72,0.01,40,118880,买盘
1262,13:39:41,29.71,--,5,14855,卖盘
1263,13:39:38,29.71,0.02,2,5942,中性盘
1264,13:39:35,29.69,-0.01,78,231582,卖盘
1265,13:39:32,29.7,-0.03,11,32670,卖盘
1266,13:39:29,29.73,0.01,15,44595,买盘
1267,13:39:26,29.72,0.02,1,2972,中性盘
1268,13:39:23,29.7,-0.02,120,356400,卖盘
1269,13:39:20,29.72,0.01,14,41608,卖盘
1270,13:39:17,29.71,0.01,12,35652,买盘
1271,13:39:14,29.7,--,321,953370,卖盘
1272,13:39:11,29.7,-0.01,35,103950,卖盘
1273,13:39:08,29.71,0.01,7,20797,买盘
1274,13:39:05,29.7,0.01,35,103950,买盘
1275,13:38:59,29.69,-0.01,16,47504,卖盘
1276,13:38:56,29.7,--,150,445500,买盘
1277,13:38:53,29.7,--,69,204930,卖盘
1278,13:38:50,29.7,-0.01,66,196020,卖盘
1279,13:38:47,29.71,0.01,121,359491,买盘
1280,13:38:44,29.7,--,48,142560,卖盘
1281,13:38:41,29.7,--,82,243540,卖盘
1282,13:38:38,29.7,-0.01,9,26730,卖盘
1283,13:38:32,29.71,0.02,95,282245,买盘
1284,13:38:29,29.69,-0.01,6,17814,卖盘
1285,13:38:26,29.7,-0.01,42,124740,卖盘
1286,13:38:23,29.71,0.01,226,671446,买盘
1287,13:38:20,29.7,--,67,198990,卖盘
1288,13:38:17,29.7,--,105,311850,卖盘
1289,13:38:14,29.7,0.01,53,157410,买盘
1290,13:38:11,29.69,--,6,19357,买盘
1291,13:38:08,29.69,-0.01,10,31115,卖盘
1292,13:38:05,29.7,0.01,25,75794,买盘
1293,13:38:02,29.69,-0.01,9,26721,卖盘
1294,13:37:59,29.7,--,55,164775,卖盘
1295,13:37:53,29.7,--,10,29700,卖盘
1296,13:37:50,29.7,--,277,822690,卖盘
1297,13:37:47,29.7,--,24,72824,买盘
1298,13:37:44,29.7,0.02,10,29700,买盘
1299,13:37:41,29.68,--,48,142464,卖盘
1300,13:37:38,29.68,--,15,44520,卖盘
1301,13:37:35,29.68,--,102,302736,卖盘
1302,13:37:32,29.68,-0.01,47,139496,卖盘
1303,13:37:29,29.69,--,103,305807,买盘
1304,13:37:26,29.69,0.01,19,56411,中性盘
1305,13:37:23,29.68,--,14,41552,卖盘
1306,13:37:20,29.68,-0.02,53,157304,卖盘
1307,13:37:17,29.7,0.02,135,400950,买盘
1308,13:37:14,29.68,-0.02,28,83104,卖盘
1309,13:37:11,29.7,0.02,2,5940,买盘
1310,13:37:08,29.68,--,117,347256,卖盘
1311,13:37:05,29.68,-0.02,24,71232,卖盘
1312,13:37:02,29.7,0.05,46,136620,买盘
1313,13:36:59,29.65,-0.02,88,260920,卖盘
1314,13:36:53,29.67,--,46,136482,买盘
1315,13:36:50,29.67,-0.03,363,1077021,卖盘
1316,13:36:44,29.7,0.02,39,115830,买盘
1317,13:36:41,29.68,--,189,560952,卖盘
1318,13:36:38,29.68,-0.01,14,41552,卖盘
1319,13:36:35,29.69,--,2,5938,卖盘
1320,13:36:32,29.69,0.01,141,418629,买盘
1321,13:36:26,29.68,--,20,59360,卖盘
1322,13:36:23,29.68,0.02,48,142464,买盘
1323,13:36:20,29.66,-0.01,57,169062,卖盘
1324,13:36:17,29.67,0.02,535,1587345,买盘
1325,13:36:14,29.65,--,42,124530,卖盘
1326,13:36:11,29.65,--,43,127495,卖盘
1327,13:36:08,29.65,0.01,264,782760,买盘
1328,13:36:05,29.64,0.02,177,524628,买盘
1329,13:36:02,29.62,--,12,35544,卖盘
1330,13:35:59,29.62,--,63,186606,卖盘
1331,13:35:56,29.62,--,9,26658,卖盘
1332,13:35:53,29.62,0.02,143,423566,买盘
1333,13:35:50,29.6,--,5,14800,卖盘
1334,13:35:47,29.6,0.02,41,121360,买盘
1335,13:35:44,29.58,-0.02,15,44370,卖盘
1336,13:35:41,29.6,0.02,32,94720,买盘
1337,13:35:35,29.58,0.01,134,396372,卖盘
1338,13:35:32,29.57,--,33,97581,卖盘
1339,13:35:29,29.57,--,36,106452,卖盘
1340,13:35:26,29.57,--,10,29570,卖盘
1341,13:35:23,29.57,--,35,103495,卖盘
1342,13:35:20,29.57,-0.02,46,136022,卖盘
1343,13:35:17,29.59,--,62,183458,买盘
1344,13:35:14,29.59,0.02,111,328449,买盘
1345,13:35:11,29.57,--,36,106452,卖盘
1346,13:35:05,29.57,0.01,21,62097,买盘
1347,13:35:02,29.56,--,60,177360,卖盘
1348,13:34:59,29.56,-0.01,244,721264,卖盘
1349,13:34:56,29.57,--,2,5914,买盘
1350,13:34:53,29.57,--,52,153764,买盘
1351,13:34:50,29.57,--,1,2957,买盘
1352,13:34:47,29.57,0.01,88,260216,买盘
1353,13:34:44,29.56,-0.03,128,378368,卖盘
1354,13:34:38,29.59,--,69,204171,买盘
1355,13:34:35,29.59,0.02,38,112442,中性盘
1356,13:34:29,29.57,-0.03,28,82796,卖盘
1357,13:34:23,29.6,--,46,136160,买盘
1358,13:34:20,29.6,0.03,61,180560,买盘
1359,13:34:17,29.57,-0.03,5,14785,卖盘
1360,13:34:14,29.6,0.03,8,23680,买盘
1361,13:34:11,29.57,--,65,192205,卖盘
1362,13:34:08,29.57,--,30,88710,卖盘
1363,13:34:05,29.57,-0.03,7,20699,卖盘
1364,13:34:02,29.6,--,19,56240,买盘
1365,13:33:59,29.6,--,17,50320,卖盘
1366,13:33:56,29.6,--,12,35520,卖盘
1367,13:33:53,29.6,-0.02,54,159840,卖盘
1368,13:33:50,29.62,--,34,100708,卖盘
1369,13:33:47,29.62,0.05,39,115518,买盘
1370,13:33:44,29.57,0.01,15,44355,卖盘
1371,13:33:41,29.56,-0.02,7,20692,卖盘
1372,13:33:38,29.58,-0.02,39,115362,卖盘
1373,13:33:35,29.6,0.03,99,293040,买盘
1374,13:33:31,29.57,--,5,14785,卖盘
1375,13:33:28,29.57,--,5,14785,买盘
1376,13:33:25,29.57,-0.02,33,97581,卖盘
1377,13:33:22,29.59,--,117,346203,卖盘
1378,13:33:16,29.59,--,19,56221,卖盘
1379,13:33:13,29.59,0.03,22,65098,买盘
1380,13:33:10,29.56,--,97,286732,卖盘
1381,13:33:07,29.56,--,10,29560,卖盘
1382,13:33:04,29.56,--,194,573464,卖盘
1383,13:33:01,29.56,--,66,195096,卖盘
1384,13:32:58,29.56,--,30,88680,卖盘
1385,13:32:55,29.56,0.02,429,1268124,买盘
1386,13:32:52,29.54,0.01,64,189056,中性盘
1387,13:32:49,29.53,-0.03,12,35436,卖盘
1388,13:32:46,29.56,0.03,132,390192,买盘
1389,13:32:43,29.53,-0.03,119,351407,卖盘
1390,13:32:37,29.56,0.02,28,82768,买盘
1391,13:32:34,29.54,-0.01,54,159516,卖盘
1392,13:32:28,29.55,0.03,11,32505,中性盘
1393,13:32:25,29.52,0.01,4,11808,卖盘
1394,13:32:22,29.51,-0.02,88,259688,卖盘
1395,13:32:19,29.53,--,92,271676,卖盘
1396,13:32:13,29.53,0.03,8,23624,中性盘
1397,13:32:10,29.5,-0.05,46,135700,卖盘
1398,13:32:07,29.55,0.03,29,85695,买盘
1399,13:32:01,29.52,--,18,53136,卖盘
1400,13:31:58,29.52,-0.03,27,79704,卖盘
1401,13:31:55,29.55,0.03,60,177300,中性盘
1402,13:31:49,29.52,-0.03,55,162360,卖盘
1403,13:31:46,29.55,--,43,127065,卖盘
1404,13:31:43,29.55,0.02,176,520080,买盘
1405,13:31:40,29.53,--,41,121073,买盘
1406,13:31:37,29.53,0.01,55,162415,买盘
1407,13:31:34,29.52,-0.01,15,44280,卖盘
1408,13:31:31,29.53,--,112,330736,买盘
1409,13:31:25,29.53,--,10,29530,买盘
1410,13:31:22,29.53,-0.06,201,593553,卖盘
1411,13:31:19,29.59,--,31,91729,卖盘
1412,13:31:16,29.59,0.05,72,213048,买盘
1413,13:31:13,29.54,-0.05,16,47264,卖盘
1414,13:31:10,29.59,--,5,14795,买盘
1415,13:31:04,29.59,0.04,167,494153,买盘
1416,13:30:58,29.55,-0.05,14,41370,中性盘
1417,13:30:55,29.6,0.04,125,370000,买盘
1418,13:30:52,29.56,-0.02,73,215788,卖盘
1419,13:30:49,29.58,-0.01,59,174522,卖盘
1420,13:30:46,29.59,0.06,31,91729,买盘
1421,13:30:43,29.53,-0.03,35,103355,卖盘
1422,13:30:40,29.56,0.01,10,29560,卖盘
1423,13:30:37,29.55,0.02,23,67965,卖盘
1424,13:30:34,29.53,0.01,4,11812,买盘
1425,13:30:31,29.52,-0.04,2017,5954184,卖盘
1426,13:30:22,29.56,0.01,227,671012,买盘
1427,13:30:16,29.55,--,41,121155,卖盘
1428,13:30:10,29.55,0.02,23,67965,中性盘
1429,13:30:07,29.53,-0.02,242,714626,卖盘
1430,13:29:58,29.55,0.02,8,23640,买盘
1431,13:29:55,29.53,--,58,171274,卖盘
1432,13:29:52,29.53,--,88,259864,卖盘
1433,13:29:49,29.53,0.01,53,156509,买盘
1434,13:29:46,29.52,0.01,100,295200,卖盘
1435,13:29:43,29.51,-0.02,20,59020,卖盘
1436,13:29:37,29.53,0.01,107,315971,买盘
1437,13:29:34,29.52,--,35,103320,买盘
1438,13:29:31,29.52,-0.01,337,994824,卖盘
1439,13:29:28,29.53,-0.02,18,53154,中性盘
1440,13:29:25,29.55,0.02,156,460980,买盘
1441,13:29:19,29.53,--,50,147650,卖盘
1442,13:29:16,29.53,-0.02,18,53154,中性盘
1443,13:29:13,29.55,0.04,39,115245,买盘
1444,13:29:10,29.51,-0.01,5,14755,卖盘
1445,13:29:07,29.52,-0.02,323,953496,卖盘
1446,13:29:01,29.54,0.02,16,47264,中性盘
1447,13:28:58,29.52,--,28,82656,卖盘
1448,13:28:55,29.52,--,22,64944,卖盘
1449,13:28:49,29.52,--,44,129888,卖盘
1450,13:28:46,29.52,0.02,68,200736,卖盘
1451,13:28:43,29.5,-0.02,50,147500,卖盘
1452,13:28:40,29.52,--,14,41328,买盘
1453,13:28:37,29.52,--,31,91512,卖盘
1454,13:28:34,29.52,-0.03,1016,2999232,卖盘
1455,13:28:31,29.55,0.03,19,56145,买盘
1456,13:28:28,29.52,--,41,121032,卖盘
1457,13:28:25,29.52,--,7,20664,卖盘
1458,13:28:22,29.52,-0.03,266,785232,卖盘
1459,13:28:16,29.55,0.02,98,289590,买盘
1460,13:28:13,29.53,-0.01,4,11812,卖盘
1461,13:28:10,29.54,-0.01,38,112252,中性盘
1462,13:28:07,29.55,0.01,262,774210,买盘
1463,13:28:01,29.54,--,26,76804,卖盘
1464,13:27:58,29.54,--,21,62034,卖盘
1465,13:27:55,29.54,--,40,118160,卖盘
1466,13:27:52,29.54,--,301,889154,卖盘
1467,13:27:49,29.54,0.02,17,50218,买盘
1468,13:27:43,29.52,--,6,17712,卖盘
1469,13:27:40,29.52,--,19,56088,卖盘
1470,13:27:37,29.52,--,3,8856,卖盘
1471,13:27:34,29.52,-0.02,17,50184,卖盘
1472,13:27:31,29.54,0.02,22,64988,买盘
1473,13:27:28,29.52,-0.03,26,76752,卖盘
1474,13:27:22,29.55,--,91,268905,卖盘
1475,13:27:19,29.55,--,86,254130,买盘
1476,13:27:16,29.55,0.01,54,159570,买盘
1477,13:27:13,29.54,0.03,37,109298,买盘
1478,13:27:10,29.51,--,115,339365,买盘
1479,13:27:07,29.51,--,18,53118,买盘
1480,13:27:04,29.51,-0.01,350,1032850,卖盘
1481,13:26:58,29.52,--,265,782280,卖盘
1482,13:26:55,29.52,0.01,150,442800,中性盘
1483,13:26:52,29.51,--,255,752505,卖盘
1484,13:26:49,29.51,-0.01,10,29510,卖盘
1485,13:26:46,29.52,0.01,691,2039832,中性盘
1486,13:26:43,29.51,--,33,97383,卖盘
1487,13:26:40,29.51,-0.01,5,14755,卖盘
1488,13:26:34,29.52,-0.02,8,23616,卖盘
1489,13:26:28,29.54,0.03,9,26586,买盘
1490,13:26:25,29.51,-0.03,3010,8882510,卖盘
1491,13:26:22,29.54,0.02,31,91574,中性盘
1492,13:26:19,29.52,-0.03,78,230256,卖盘
1493,13:26:13,29.55,-0.01,50,147750,卖盘
1494,13:26:10,29.56,--,4,11824,买盘
1495,13:26:07,29.56,0.01,9,26604,买盘
1496,13:26:04,29.55,-0.01,154,455070,卖盘
1497,13:25:55,29.56,0.01,1,2956,买盘
1498,13:25:52,29.55,-0.01,188,555540,卖盘
1499,13:25:49,29.56,--,2,5912,卖盘
1500,13:25:43,29.56,-0.01,32,94592,卖盘
1501,13:25:40,29.57,0.01,7,20699,买盘
1502,13:25:37,29.56,-0.01,3,8868,卖盘
1503,13:25:34,29.57,0.01,6,17742,中性盘
1504,13:25:31,29.56,-0.03,5,14780,卖盘
1505,13:25:25,29.59,--,21,62139,买盘
1506,13:25:22,29.59,0.01,38,112442,买盘
1507,13:25:19,29.58,-0.02,48,141984,卖盘
1508,13:25:16,29.6,-0.02,2,5920,买盘
1509,13:25:07,29.62,0.03,6,17772,中性盘
1510,13:25:04,29.59,-0.05,109,322531,卖盘
1511,13:25:01,29.64,0.02,28,82992,买盘
1512,13:24:58,29.62,--,5,14810,卖盘
1513,13:24:55,29.62,0.02,2,5924,卖盘
1514,13:24:52,29.6,-0.01,395,1169200,卖盘
1515,13:24:46,29.61,-0.02,41,121401,卖盘
1516,13:24:43,29.63,--,16,47408,买盘
1517,13:24:40,29.63,-0.02,22,65186,卖盘
1518,13:24:34,29.65,0.02,16,47440,买盘
1519,13:24:28,29.63,--,4,11852,卖盘
1520,13:24:25,29.63,0.01,178,527414,卖盘
1521,13:24:19,29.62,-0.02,63,186606,卖盘
1522,13:24:16,29.64,0.01,10,29640,买盘
1523,13:24:13,29.63,-0.02,5,14815,卖盘
1524,13:24:10,29.65,--,20,59300,买盘
1525,13:24:07,29.65,0.02,14,41510,卖盘
1526,13:24:04,29.63,-0.04,149,441487,卖盘
1527,13:24:01,29.67,--,23,68241,买盘
1528,13:23:58,29.67,0.01,20,59340,买盘
1529,13:23:55,29.66,0.01,5,14830,中性盘
1530,13:23:52,29.65,0.02,70,207550,卖盘
1531,13:23:43,29.63,-0.01,15,44445,卖盘
1532,13:23:40,29.64,-0.01,50,148200,卖盘
1533,13:23:37,29.65,--,2,5930,卖盘
1534,13:23:34,29.65,0.02,13,38545,中性盘
1535,13:23:31,29.63,-0.02,30,88890,卖盘
1536,13:23:25,29.65,0.02,62,183830,买盘
1537,13:23:22,29.63,--,171,506673,卖盘
1538,13:23:19,29.63,-0.01,15,44445,卖盘
1539,13:23:13,29.64,0.01,200,592800,买盘
1540,13:23:10,29.63,0.01,55,162965,买盘
1541,13:23:07,29.62,0.01,9,26658,卖盘
1542,13:23:04,29.61,-0.03,100,296100,卖盘
1543,13:22:58,29.64,0.02,54,160056,买盘
1544,13:22:52,29.62,--,54,159948,卖盘
1545,13:22:49,29.62,--,56,165872,卖盘
1546,13:22:46,29.62,0.01,47,139214,买盘
1547,13:22:40,29.61,0.01,1,2961,中性盘
1548,13:22:34,29.6,--,31,91760,卖盘
1549,13:22:31,29.6,--,228,674880,卖盘
1550,13:22:25,29.6,--,15,44400,卖盘
1551,13:22:22,29.6,-0.02,51,150960,卖盘
1552,13:22:19,29.62,0.06,4,11848,买盘
1553,13:22:16,29.56,-0.01,177,523212,卖盘
1554,13:22:13,29.57,--,16,47312,卖盘
1555,13:22:10,29.57,-0.03,57,168549,卖盘
1556,13:22:04,29.6,0.03,1,2960,中性盘
1557,13:22:01,29.57,-0.03,130,384410,卖盘
1558,13:21:58,29.6,-0.04,3,8880,卖盘
1559,13:21:55,29.64,0.06,97,287508,买盘
1560,13:21:52,29.58,0.03,82,242556,买盘
1561,13:21:49,29.55,-0.04,140,413700,卖盘
1562,13:21:46,29.59,-0.01,1,2959,卖盘
1563,13:21:43,29.6,--,58,171680,买盘
1564,13:21:40,29.6,--,11,32560,买盘
1565,13:21:37,29.6,-0.02,424,1255040,卖盘
1566,13:21:34,29.62,0.01,74,219188,中性盘
1567,13:21:28,29.61,--,14,41454,卖盘
1568,13:21:25,29.61,--,20,59220,卖盘
1569,13:21:22,29.61,0.01,153,453033,买盘
1570,13:21:19,29.6,--,15,44400,卖盘
1571,13:21:16,29.6,-0.02,300,888000,卖盘
1572,13:21:13,29.62,0.01,64,189568,买盘
1573,13:21:10,29.61,--,18,53298,卖盘
1574,13:21:07,29.61,-0.01,109,322749,卖盘
1575,13:21:04,29.62,--,7,20734,买盘
1576,13:20:58,29.62,-0.01,150,444300,卖盘
1577,13:20:55,29.63,--,5,14815,卖盘
1578,13:20:52,29.63,0.01,20,59260,买盘
1579,13:20:49,29.62,--,55,162910,卖盘
1580,13:20:46,29.62,0.01,10,29620,买盘
1581,13:20:43,29.61,-0.01,19,56259,卖盘
1582,13:20:40,29.62,--,24,71088,卖盘
1583,13:20:37,29.62,-0.01,3,8886,卖盘
1584,13:20:34,29.63,-0.01,10,29630,中性盘
1585,13:20:28,29.64,--,1,2964,买盘
1586,13:20:25,29.64,--,172,509808,卖盘
1587,13:20:22,29.64,--,200,592800,卖盘
1588,13:20:19,29.64,--,7,20748,卖盘
1589,13:20:13,29.64,-0.01,16,47424,中性盘
1590,13:20:04,29.65,0.01,20,59300,买盘
1591,13:20:01,29.64,--,9,26676,卖盘
1592,13:19:58,29.64,-0.02,32,94848,卖盘
1593,13:19:49,29.66,--,54,160164,买盘
1594,13:19:46,29.66,0.01,3,8898,买盘
1595,13:19:43,29.65,--,34,100810,卖盘
1596,13:19:40,29.65,--,6,17790,卖盘
1597,13:19:37,29.65,--,16,47440,卖盘
1598,13:19:34,29.65,-0.01,126,373590,卖盘
1599,13:19:28,29.66,0.01,1,2966,中性盘
1600,13:19:22,29.65,-0.03,451,1337215,卖盘
1601,13:19:16,29.68,0.01,79,234472,买盘
1602,13:19:13,29.67,-0.01,11,32637,卖盘
1603,13:19:10,29.68,0.01,100,296800,买盘
1604,13:19:07,29.67,--,47,139449,买盘
1605,13:18:58,29.67,-0.01,2,5934,买盘
1606,13:18:55,29.68,0.01,258,765744,买盘
1607,13:18:52,29.67,--,64,189888,卖盘
1608,13:18:49,29.67,--,25,74175,卖盘
1609,13:18:43,29.67,0.01,8,23736,中性盘
1610,13:18:40,29.66,-0.01,18,53388,卖盘
1611,13:18:34,29.67,-0.01,24,71208,中性盘
1612,13:18:31,29.68,0.01,40,118720,买盘
1613,13:18:22,29.67,-0.01,69,204723,卖盘
1614,13:18:19,29.68,-0.01,83,246344,卖盘
1615,13:18:13,29.69,0.01,13,38597,买盘
1616,13:18:10,29.68,--,15,44520,卖盘
1617,13:18:07,29.68,-0.02,9,26712,卖盘
1618,13:18:04,29.7,0.02,30,89100,买盘
1619,13:18:01,29.68,-0.02,11,32648,卖盘
1620,13:17:55,29.7,--,21,62370,买盘
1621,13:17:52,29.7,--,67,198990,买盘
1622,13:17:49,29.7,-0.01,116,344520,卖盘
1623,13:17:46,29.71,--,19,56449,卖盘
1624,13:17:43,29.71,-0.01,134,398114,卖盘
1625,13:17:40,29.72,0.04,169,502268,买盘
1626,13:17:31,29.68,--,12,35616,卖盘
1627,13:17:28,29.68,-0.03,6,17808,卖盘
1628,13:17:25,29.71,0.03,207,614997,买盘
1629,13:17:22,29.68,-0.02,59,175112,卖盘
1630,13:17:19,29.7,--,1,2970,买盘
1631,13:17:13,29.7,0.01,38,112860,买盘
1632,13:17:07,29.69,0.01,5,14845,买盘
1633,13:17:04,29.68,--,77,228536,卖盘
1634,13:17:01,29.68,-0.01,62,184016,卖盘
1635,13:16:58,29.69,-0.01,46,136574,卖盘
1636,13:16:55,29.7,0.01,5,14850,中性盘
1637,13:16:52,29.69,-0.02,106,314714,卖盘
1638,13:16:49,29.71,0.01,51,151521,买盘
1639,13:16:43,29.7,--,142,421740,买盘
1640,13:16:40,29.7,--,286,849420,卖盘
1641,13:16:34,29.7,--,31,92070,卖盘
1642,13:16:31,29.7,--,75,222750,买盘
1643,13:16:28,29.7,0.03,11,32670,买盘
1644,13:16:22,29.67,-0.01,14,41538,卖盘
1645,13:16:19,29.68,--,66,195888,卖盘
1646,13:16:13,29.68,--,12,35616,卖盘
1647,13:16:10,29.68,-0.02,50,148400,卖盘
1648,13:16:04,29.7,0.02,25,74250,买盘
1649,13:16:01,29.68,-0.01,94,278992,卖盘
1650,13:15:58,29.69,0.01,19,56411,买盘
1651,13:15:55,29.68,-0.02,75,222600,卖盘
1652,13:15:49,29.7,--,19,56430,买盘
1653,13:15:46,29.7,0.02,97,288090,买盘
1654,13:15:43,29.68,-0.02,15,44520,卖盘
1655,13:15:40,29.7,0.02,8,23760,买盘
1656,13:15:37,29.68,-0.02,5,14840,卖盘
1657,13:15:34,29.7,--,43,127710,买盘
1658,13:15:31,29.7,--,1,2970,买盘
1659,13:15:28,29.7,0.01,14,41580,中性盘
1660,13:15:25,29.69,--,15,44535,卖盘
1661,13:15:22,29.69,-0.02,53,157357,卖盘
1662,13:15:16,29.71,--,25,74275,买盘
1663,13:15:10,29.71,--,7,20797,中性盘
1664,13:15:07,29.71,-0.01,5,14855,中性盘
1665,13:15:04,29.72,--,36,106992,卖盘
1666,13:15:01,29.72,0.04,164,487408,买盘
1667,13:14:55,29.68,0.01,181,537208,买盘
1668,13:14:52,29.67,-0.01,55,163185,卖盘
1669,13:14:49,29.68,-0.01,203,602504,卖盘
1670,13:14:46,29.69,0.01,26,77194,买盘
1671,13:14:43,29.68,--,39,115752,卖盘
1672,13:14:40,29.68,-0.01,21,62328,卖盘
1673,13:14:37,29.69,--,28,83132,买盘
1674,13:14:34,29.69,--,14,41566,买盘
1675,13:14:31,29.69,--,8,23752,买盘
1676,13:14:25,29.69,0.01,30,89070,买盘
1677,13:14:22,29.68,0.01,48,142464,中性盘
1678,13:14:16,29.67,-0.02,26,77142,卖盘
1679,13:14:13,29.69,0.02,610,1811090,买盘
1680,13:14:10,29.67,-0.01,61,180987,卖盘
1681,13:14:04,29.68,0.01,5,14840,买盘
1682,13:14:01,29.67,-0.01,23,68241,卖盘
1683,13:13:58,29.68,--,10,29680,买盘
1684,13:13:55,29.68,0.01,8,23744,买盘
1685,13:13:52,29.67,-0.02,63,186921,卖盘
1686,13:13:48,29.69,--,42,124698,买盘
1687,13:13:45,29.69,0.01,33,97977,买盘
1688,13:13:42,29.68,--,14,41552,卖盘
1689,13:13:39,29.68,-0.01,13,38584,卖盘
1690,13:13:36,29.69,0.01,17,50473,买盘
1691,13:13:33,29.68,-0.01,14,41552,卖盘
1692,13:13:30,29.69,-0.01,37,109853,卖盘
1693,13:13:27,29.7,0.01,22,65340,买盘
1694,13:13:24,29.69,--,228,676932,买盘
1695,13:13:18,29.69,-0.01,51,151419,卖盘
1696,13:13:15,29.7,0.01,46,136620,买盘
1697,13:13:12,29.69,-0.01,16,47504,卖盘
1698,13:13:09,29.7,0.01,30,89100,买盘
1699,13:13:06,29.69,0.01,13,38597,中性盘
1700,13:13:00,29.68,-0.02,133,394744,卖盘
1701,13:12:57,29.7,--,4,11880,买盘
1702,13:12:54,29.7,0.02,39,115830,买盘
1703,13:12:51,29.68,-0.01,59,175112,卖盘
1704,13:12:48,29.69,--,50,148450,卖盘
1705,13:12:42,29.69,--,14,41566,卖盘
1706,13:12:39,29.69,-0.01,92,273148,中性盘
1707,13:12:33,29.7,0.02,315,935550,买盘
1708,13:12:30,29.68,-0.01,4,11872,卖盘
1709,13:12:27,29.69,0.01,1,2969,买盘
1710,13:12:24,29.68,0.01,27,80136,买盘
1711,13:12:21,29.67,--,59,175053,卖盘
1712,13:12:18,29.67,--,7,20769,卖盘
1713,13:12:12,29.67,0.01,17,50439,卖盘
1714,13:12:09,29.66,--,6,17796,卖盘
1715,13:12:03,29.66,-0.02,130,385580,卖盘
1716,13:12:00,29.68,0.02,226,670768,买盘
1717,13:11:57,29.66,--,4,11864,卖盘
1718,13:11:51,29.66,0.01,11,32626,卖盘
1719,13:11:48,29.65,-0.01,58,171970,卖盘
1720,13:11:45,29.66,-0.01,11,32626,卖盘
1721,13:11:42,29.67,0.01,67,198789,买盘
1722,13:11:39,29.66,--,3,8898,卖盘
1723,13:11:33,29.66,--,20,59320,卖盘
1724,13:11:30,29.66,--,64,189824,买盘
1725,13:11:27,29.66,0.01,5,14830,买盘
1726,13:11:21,29.65,--,68,201620,卖盘
1727,13:11:18,29.65,-0.02,43,127495,卖盘
1728,13:11:15,29.67,0.02,2,5934,买盘
1729,13:11:12,29.65,-0.03,57,169005,卖盘
1730,13:11:09,29.68,0.04,9,26712,买盘
1731,13:11:03,29.64,-0.01,14,41496,卖盘
1732,13:11:00,29.65,0.01,10,29650,卖盘
1733,13:10:54,29.64,--,46,136344,卖盘
1734,13:10:51,29.64,-0.01,48,142272,卖盘
1735,13:10:48,29.65,0.01,4,11860,买盘
1736,13:10:42,29.64,--,37,109668,卖盘
1737,13:10:39,29.64,0.01,12,35568,买盘
1738,13:10:36,29.63,--,41,121483,卖盘
1739,13:10:33,29.63,--,8,23704,卖盘
1740,13:10:30,29.63,--,86,254818,买盘
1741,13:10:27,29.63,-0.02,5,14815,中性盘
1742,13:10:24,29.65,0.02,102,302430,买盘
1743,13:10:21,29.63,-0.01,160,474080,卖盘
1744,13:10:18,29.64,--,128,379392,卖盘
1745,13:10:15,29.64,-0.01,34,100776,卖盘
1746,13:10:12,29.65,--,33,97845,买盘
1747,13:10:09,29.65,--,43,127495,买盘
1748,13:10:06,29.65,--,22,65230,买盘
1749,13:10:03,29.65,-0.01,284,842060,卖盘
1750,13:10:00,29.66,--,25,74150,卖盘
1751,13:09:57,29.66,--,2,5932,卖盘
1752,13:09:54,29.66,0.01,70,207620,中性盘
1753,13:09:51,29.65,-0.03,145,429925,卖盘
1754,13:09:48,29.68,0.02,65,192920,买盘
1755,13:09:42,29.66,--,23,68218,买盘
1756,13:09:36,29.66,0.01,25,74150,买盘
1757,13:09:33,29.65,--,26,77090,卖盘
1758,13:09:30,29.65,-0.01,90,266850,卖盘
1759,13:09:27,29.66,-0.01,9,26694,买盘
1760,13:09:24,29.67,0.02,157,465819,卖盘
1761,13:09:21,29.65,-0.02,117,346905,卖盘
1762,13:09:18,29.67,0.01,126,373842,买盘
1763,13:09:15,29.66,--,392,1162672,卖盘
1764,13:09:09,29.66,-0.01,25,74150,卖盘
1765,13:09:06,29.67,0.01,100,296700,买盘
1766,13:09:03,29.66,-0.01,55,163130,卖盘
1767,13:09:00,29.67,--,16,47472,买盘
1768,13:08:54,29.67,0.02,34,100878,中性盘
1769,13:08:51,29.65,-0.02,247,732355,卖盘
1770,13:08:42,29.67,0.01,155,459885,买盘
1771,13:08:39,29.66,-0.01,56,166096,买盘
1772,13:08:36,29.67,0.01,230,682410,买盘
1773,13:08:33,29.66,-0.01,30,88980,卖盘
1774,13:08:24,29.67,0.01,8,23736,卖盘
1775,13:08:21,29.66,-0.02,74,219484,卖盘
1776,13:08:18,29.68,0.02,15,44520,买盘
1777,13:08:15,29.66,--,8,23728,卖盘
1778,13:08:12,29.66,--,19,56354,卖盘
1779,13:08:06,29.66,--,32,94912,卖盘
1780,13:08:00,29.66,0.01,9,26694,卖盘
1781,13:07:57,29.65,--,42,124530,卖盘
1782,13:07:54,29.65,--,29,85985,卖盘
1783,13:07:51,29.65,--,55,163075,卖盘
1784,13:07:48,29.65,--,63,186795,买盘
1785,13:07:42,29.65,--,28,83020,买盘
1786,13:07:39,29.65,--,5,14825,卖盘
1787,13:07:36,29.65,--,246,729390,卖盘
1788,13:07:33,29.65,--,30,88950,卖盘
1789,13:07:30,29.65,--,29,85985,卖盘
1790,13:07:27,29.65,--,44,130460,卖盘
1791,13:07:24,29.65,--,27,80055,卖盘
1792,13:07:18,29.65,--,53,157145,卖盘
1793,13:07:15,29.65,-0.02,19,56335,卖盘
1794,13:07:09,29.67,0.02,54,160218,买盘
1795,13:07:09,29.65,--,19,56335,卖盘
1796,13:07:06,29.65,--,14,41510,卖盘
1797,13:07:03,29.65,--,23,68195,卖盘
1798,13:07:00,29.65,--,3,8895,卖盘
1799,13:06:57,29.65,--,96,284640,卖盘
1800,13:06:51,29.65,-0.05,95,281675,卖盘
1801,13:06:48,29.7,--,4,11880,卖盘
1802,13:06:45,29.7,0.05,234,694980,买盘
1803,13:06:42,29.65,-0.01,11,32615,卖盘
1804,13:06:39,29.66,-0.03,195,578370,卖盘
1805,13:06:36,29.69,0.01,360,1068840,买盘
1806,13:06:27,29.68,0.02,206,611408,买盘
1807,13:06:24,29.66,--,4,11864,卖盘
1808,13:06:21,29.66,-0.02,43,127538,卖盘
1809,13:06:18,29.68,--,518,1537424,买盘
1810,13:06:12,29.68,--,94,278992,买盘
1811,13:06:09,29.68,-0.01,338,1003184,卖盘
1812,13:06:06,29.69,-0.01,51,151419,中性盘
1813,13:06:03,29.7,0.01,334,991980,买盘
1814,13:06:00,29.69,--,50,148450,买盘
1815,13:05:57,29.69,-0.01,92,273148,卖盘
1816,13:05:54,29.7,--,16,47520,卖盘
1817,13:05:51,29.7,--,48,142560,卖盘
1818,13:05:48,29.7,--,42,124740,卖盘
1819,13:05:42,29.7,-0.01,41,121770,卖盘
1820,13:05:39,29.71,--,100,297100,卖盘
1821,13:05:33,29.71,-0.06,16,47536,卖盘
1822,13:05:30,29.77,0.06,99,294723,买盘
1823,13:05:24,29.71,--,1267,3764257,卖盘
1824,13:05:21,29.71,0.01,51,151521,卖盘
1825,13:05:18,29.7,-0.07,152,451440,卖盘
1826,13:05:15,29.77,0.07,34,101218,买盘
1827,13:05:09,29.7,--,13,38610,卖盘
1828,13:05:03,29.7,--,94,279180,卖盘
1829,13:05:00,29.7,-0.05,51,151470,卖盘
1830,13:04:57,29.75,0.03,16,47600,买盘
1831,13:04:54,29.72,0.02,15,44580,中性盘
1832,13:04:51,29.7,-0.01,761,2260170,卖盘
1833,13:04:48,29.71,--,25,74275,卖盘
1834,13:04:45,29.71,0.01,29,86159,卖盘
1835,13:04:39,29.7,--,21,62370,卖盘
1836,13:04:36,29.7,-0.01,195,579150,卖盘
1837,13:04:33,29.71,0.01,55,163405,买盘
1838,13:04:30,29.7,--,84,249480,卖盘
1839,13:04:27,29.7,0.02,70,207900,买盘
1840,13:04:24,29.68,0.02,29,86072,中性盘
1841,13:04:21,29.66,--,93,275838,卖盘
1842,13:04:18,29.66,-0.02,302,895732,卖盘
1843,13:04:15,29.68,0.02,26,77168,买盘
1844,13:04:09,29.66,--,20,59320,卖盘
1845,13:04:06,29.66,--,28,83048,卖盘
1846,13:04:03,29.66,--,80,237280,买盘
1847,13:04:00,29.66,0.01,16,47456,买盘
1848,13:03:54,29.65,-0.01,10,29650,卖盘
1849,13:03:51,29.66,0.01,59,174994,买盘
1850,13:03:48,29.65,0.02,230,681950,买盘
1851,13:03:45,29.63,0.01,42,124446,买盘
1852,13:03:42,29.62,--,6,17772,卖盘
1853,13:03:36,29.62,-0.01,21,62202,卖盘
1854,13:03:33,29.63,-0.01,127,376301,卖盘
1855,13:03:30,29.64,--,5,14820,卖盘
1856,13:03:27,29.64,--,44,130416,卖盘
1857,13:03:24,29.64,-0.01,80,237120,中性盘
1858,13:03:21,29.65,0.04,553,1639645,买盘
1859,13:03:18,29.61,-0.01,111,328671,卖盘
1860,13:03:15,29.62,--,54,159948,卖盘
1861,13:03:12,29.62,0.01,68,201416,中性盘
1862,13:03:06,29.61,-0.01,62,183582,卖盘
1863,13:03:03,29.62,-0.02,57,168834,卖盘
1864,13:03:00,29.64,0.03,21,62244,买盘
1865,13:02:57,29.61,--,38,112518,卖盘
1866,13:02:54,29.61,-0.01,159,470799,卖盘
1867,13:02:51,29.62,-0.01,57,168834,买盘
1868,13:02:45,29.63,0.02,30,88890,中性盘
1869,13:02:42,29.61,-0.01,181,535941,卖盘
1870,13:02:36,29.62,-0.03,73,217114,中性盘
1871,13:02:33,29.65,0.03,119,352835,买盘
1872,13:02:30,29.62,0.01,85,251770,买盘
1873,13:02:24,29.61,--,183,541863,卖盘
1874,13:02:21,29.61,--,72,213192,卖盘
1875,13:02:18,29.61,0.06,19,56259,买盘
1876,13:02:15,29.55,-0.05,85,251175,卖盘
1877,13:02:12,29.6,0.05,841,2491432,买盘
1878,13:02:09,29.55,-0.03,58,171390,卖盘
1879,13:02:06,29.58,0.03,20,59160,中性盘
1880,13:02:03,29.55,-0.02,48,141840,卖盘
1881,13:02:00,29.57,0.02,144,425808,买盘
1882,13:01:54,29.55,--,125,369375,卖盘
1883,13:01:51,29.55,-0.02,97,286635,卖盘
1884,13:01:48,29.57,0.02,1,2957,买盘
1885,13:01:45,29.55,--,42,124110,卖盘
1886,13:01:39,29.55,--,59,174345,卖盘
1887,13:01:36,29.55,-0.02,53,156615,卖盘
1888,13:01:33,29.57,--,27,79839,买盘
1889,13:01:30,29.57,0.03,7,20699,买盘
1890,13:01:27,29.54,--,129,381066,卖盘
1891,13:01:24,29.54,--,4,11816,卖盘
1892,13:01:21,29.54,--,57,168378,卖盘
1893,13:01:18,29.54,-0.01,125,369250,卖盘
1894,13:01:15,29.55,--,28,82740,卖盘
1895,13:01:12,29.55,-0.01,16,47280,卖盘
1896,13:01:09,29.56,0.02,34,100504,买盘
1897,13:01:06,29.54,--,70,206780,卖盘
1898,13:01:03,29.54,--,49,144746,卖盘
1899,13:01:00,29.54,--,3,8862,卖盘
1900,13:00:57,29.54,--,7,20678,卖盘
1901,13:00:54,29.54,0.01,72,212688,卖盘
1902,13:00:51,29.53,--,60,177180,卖盘
1903,13:00:45,29.53,-0.03,27,79731,卖盘
1904,13:00:42,29.56,0.04,12,35472,买盘
1905,13:00:39,29.52,--,1,2952,卖盘
1906,13:00:36,29.52,--,22,64944,卖盘
1907,13:00:30,29.52,-0.03,11,32472,卖盘
1908,13:00:27,29.55,-0.02,28,82740,卖盘
1909,13:00:24,29.57,0.01,1,2957,买盘
1910,13:00:21,29.56,--,81,239436,卖盘
1911,13:00:18,29.56,--,216,638496,买盘
1912,13:00:15,29.56,0.03,437,1291772,买盘
1913,13:00:12,29.53,-0.01,71,209663,卖盘
1914,13:00:09,29.54,0.01,1420,4194680,卖盘
1915,13:00:03,29.53,--,1565,4621740,买盘
1916,11:30:01,29.53,--,4,11812,买盘
1917,11:29:58,29.53,--,47,138791,买盘
1918,11:29:55,29.53,--,57,168321,买盘
1919,11:29:52,29.53,0.01,8,23624,买盘
1920,11:29:49,29.52,-0.01,87,256824,卖盘
1921,11:29:46,29.53,-0.01,38,112214,中性盘
1922,11:29:43,29.54,--,366,1081932,买盘
1923,11:29:40,29.54,--,125,369250,买盘
1924,11:29:37,29.54,--,26,76804,买盘
1925,11:29:34,29.54,0.01,59,174286,买盘
1926,11:29:31,29.53,--,91,268723,卖盘
1927,11:29:25,29.53,-0.01,186,549258,卖盘
1928,11:29:22,29.54,--,39,115206,买盘
1929,11:29:19,29.54,--,37,109298,卖盘
1930,11:29:16,29.54,--,48,141792,卖盘
1931,11:29:13,29.54,--,73,215642,卖盘
1932,11:29:10,29.54,--,10,29540,卖盘
1933,11:29:07,29.54,0.01,27,79758,中性盘
1934,11:29:04,29.53,--,291,859323,卖盘
1935,11:28:58,29.53,--,10,29530,卖盘
1936,11:28:52,29.53,--,132,389796,买盘
1937,11:28:49,29.53,--,60,177180,买盘
1938,11:28:46,29.53,-0.03,38,112214,卖盘
1939,11:28:43,29.56,0.03,55,162580,买盘
1940,11:28:40,29.53,-0.02,557,1644821,卖盘
1941,11:28:37,29.55,--,85,251175,卖盘
1942,11:28:34,29.55,--,26,76830,卖盘
1943,11:28:31,29.55,0.02,89,262995,买盘
1944,11:28:28,29.53,-0.01,40,118120,卖盘
1945,11:28:25,29.54,0.01,319,942326,中性盘
1946,11:28:22,29.53,--,280,826840,卖盘
1947,11:28:19,29.53,-0.01,23,67919,卖盘
1948,11:28:16,29.54,0.01,170,502180,买盘
1949,11:28:13,29.53,-0.02,209,617177,卖盘
1950,11:28:10,29.55,0.01,22,65010,买盘
1951,11:28:07,29.54,--,16,47264,卖盘
1952,11:28:04,29.54,-0.01,201,593754,卖盘
1953,11:28:01,29.55,--,37,109335,买盘
1954,11:27:55,29.55,--,307,907185,买盘
1955,11:27:52,29.55,--,21,62055,买盘
1956,11:27:46,29.55,--,67,197985,买盘
1957,11:27:43,29.55,-0.01,758,2239890,卖盘
1958,11:27:40,29.56,-0.01,115,339940,卖盘
1959,11:27:34,29.57,-0.02,29,85753,卖盘
1960,11:27:31,29.59,--,225,665775,买盘
1961,11:27:25,29.59,-0.01,12,35508,中性盘
1962,11:27:22,29.6,0.02,6,17760,买盘
1963,11:27:16,29.58,-0.01,95,281010,卖盘
1964,11:27:13,29.59,-0.01,46,136114,卖盘
1965,11:27:10,29.6,-0.01,263,778480,卖盘
1966,11:27:07,29.61,--,689,2040129,买盘
1967,11:27:04,29.61,-0.02,50,148050,卖盘
1968,11:27:01,29.63,0.01,114,337782,买盘
1969,11:26:58,29.62,0.02,19,56278,中性盘
1970,11:26:55,29.6,-0.01,1006,2977760,卖盘
1971,11:26:52,29.61,--,10,29610,卖盘
1972,11:26:49,29.61,-0.02,19,56259,卖盘
1973,11:26:46,29.63,0.02,19,56297,买盘
1974,11:26:40,29.61,-0.04,469,1388709,卖盘
1975,11:26:37,29.65,--,38,112670,买盘
1976,11:26:34,29.65,--,137,406205,买盘
1977,11:26:28,29.65,-0.01,763,2263243,卖盘
1978,11:26:25,29.66,0.01,7,20762,买盘
1979,11:26:22,29.65,-0.01,29,85985,卖盘
1980,11:26:19,29.66,0.01,22,65252,买盘
1981,11:26:16,29.65,--,8,23720,卖盘
1982,11:26:10,29.65,--,4,11860,卖盘
1983,11:26:07,29.65,0.04,226,672106,买盘
1984,11:26:04,29.61,-0.01,24,71064,卖盘
1985,11:26:01,29.62,0.02,31,91822,买盘
1986,11:25:58,29.6,--,4,11840,卖盘
1987,11:25:55,29.6,--,65,192400,卖盘
1988,11:25:46,29.6,0.02,269,796240,买盘
1989,11:25:43,29.58,--,19,56202,买盘
1990,11:25:40,29.58,-0.02,448,1325184,卖盘
1991,11:25:37,29.6,0.02,23,68080,买盘
1992,11:25:31,29.58,-0.02,32,94656,卖盘
1993,11:25:25,29.6,0.02,177,523920,买盘
1994,11:25:22,29.58,-0.02,26,76908,卖盘
1995,11:25:19,29.6,0.02,32,94720,买盘
1996,11:25:16,29.58,-0.02,8,23664,卖盘
1997,11:25:13,29.6,0.02,3,8880,买盘
1998,11:25:10,29.58,-0.03,92,272136,卖盘
1999,11:25:07,29.61,--,15,44415,卖盘
2000,11:25:04,29.61,0.01,59,174699,中性盘
2001,11:25:01,29.6,0.05,126,372960,买盘
2002,11:24:58,29.55,-0.01,32,94560,卖盘
2003,11:24:55,29.56,0.01,142,419752,中性盘
2004,11:24:52,29.55,--,31,91605,卖盘
2005,11:24:49,29.55,-0.01,49,144795,卖盘
2006,11:24:46,29.56,0.02,136,403021,买盘
2007,11:24:43,29.54,--,127,375158,卖盘
2008,11:24:40,29.54,-0.01,58,173281,卖盘
2009,11:24:34,29.55,0.02,194,574274,卖盘
2010,11:24:31,29.53,-0.02,117,345501,卖盘
2011,11:24:25,29.55,0.02,5,14775,中性盘
2012,11:24:19,29.53,-0.02,317,936101,卖盘
2013,11:24:16,29.55,-0.03,2,5910,中性盘
2014,11:24:10,29.58,--,688,2035103,买盘
2015,11:24:07,29.58,-0.02,261,772038,卖盘
2016,11:24:04,29.6,0.02,84,248640,买盘
2017,11:24:01,29.58,-0.01,140,414120,卖盘
2018,11:23:58,29.59,0.01,138,408342,中性盘
2019,11:23:55,29.58,-0.02,97,286926,卖盘
2020,11:23:52,29.6,--,145,429200,买盘
2021,11:23:49,29.6,--,6,17760,买盘
2022,11:23:46,29.6,--,17,50320,买盘
2023,11:23:43,29.6,-0.04,3657,10825785,卖盘
2024,11:23:40,29.64,-0.01,10,29640,卖盘
2025,11:23:37,29.65,0.02,100,298397,买盘
2026,11:23:34,29.63,-0.01,33,97779,卖盘
2027,11:23:31,29.64,0.01,1,2964,买盘
2028,11:23:28,29.63,-0.01,28,82964,卖盘
2029,11:23:25,29.64,--,19,57383,卖盘
2030,11:23:22,29.64,--,20,59280,卖盘
2031,11:23:19,29.64,--,279,826956,卖盘
2032,11:23:13,29.64,--,114,337896,卖盘
2033,11:23:10,29.64,-0.03,146,432744,卖盘
2034,11:23:04,29.67,--,63,186921,买盘
2035,11:23:01,29.67,--,62,183954,买盘
2036,11:22:58,29.67,--,5,14835,买盘
2037,11:22:55,29.67,0.01,353,1047351,买盘
2038,11:22:52,29.66,-0.03,611,1812226,卖盘
2039,11:22:49,29.69,-0.01,29,86101,卖盘
2040,11:22:46,29.7,0.01,5,14850,买盘
2041,11:22:43,29.69,-0.01,22,65318,卖盘
2042,11:22:40,29.7,0.01,44,130680,买盘
2043,11:22:37,29.69,--,9,26721,卖盘
2044,11:22:34,29.69,-0.01,83,246427,卖盘
2045,11:22:31,29.7,-0.02,580,1725451,卖盘
2046,11:22:22,29.72,--,22,65384,买盘
2047,11:22:19,29.72,--,28,84702,买盘
2048,11:22:16,29.72,-0.01,10,29720,中性盘
2049,11:22:13,29.73,--,35,104055,买盘
2050,11:22:07,29.73,--,3,8919,买盘
2051,11:22:04,29.73,--,530,1575690,卖盘
2052,11:21:58,29.73,0.01,7,20811,卖盘
2053,11:21:55,29.72,-0.01,15,44580,卖盘
2054,11:21:52,29.73,0.01,24,71352,中性盘
2055,11:21:43,29.72,--,6,17832,卖盘
2056,11:21:40,29.72,--,61,181292,卖盘
2057,11:21:34,29.72,--,44,130768,卖盘
2058,11:21:31,29.72,--,25,74300,卖盘
2059,11:21:28,29.72,-0.01,21,62412,卖盘
2060,11:21:25,29.73,--,2,5946,卖盘
2061,11:21:22,29.73,0.01,53,157569,卖盘
2062,11:21:19,29.72,-0.04,28,83216,卖盘
2063,11:21:16,29.76,0.01,1123,3342048,买盘
2064,11:21:13,29.75,0.02,6,17850,中性盘
2065,11:21:10,29.73,-0.02,48,142704,卖盘
2066,11:21:07,29.75,--,1,2975,买盘
2067,11:21:04,29.75,0.02,42,124950,买盘
2068,11:20:58,29.73,-0.02,17,50541,卖盘
2069,11:20:55,29.75,--,24,71400,买盘
2070,11:20:49,29.75,--,6,17850,买盘
2071,11:20:46,29.75,--,10,29750,买盘
2072,11:20:43,29.75,--,22,65450,卖盘
2073,11:20:40,29.75,--,16,47600,卖盘
2074,11:20:37,29.75,-0.02,34,101150,卖盘
2075,11:20:34,29.77,--,9,26793,买盘
2076,11:20:31,29.77,0.02,55,163735,买盘
2077,11:20:28,29.75,-0.02,6,17850,卖盘
2078,11:20:25,29.77,--,1,2977,买盘
2079,11:20:22,29.77,0.02,3,8931,买盘
2080,11:20:19,29.75,0.02,7,20825,买盘
2081,11:20:16,29.73,-0.05,19,56487,卖盘
2082,11:20:10,29.78,--,6,17868,买盘
2083,11:20:07,29.78,0.05,10,29780,买盘
2084,11:20:01,29.73,-0.05,21,62433,卖盘
2085,11:19:55,29.78,0.01,22,65516,买盘
2086,11:19:49,29.77,0.04,9,26793,买盘
2087,11:19:46,29.73,-0.05,37,110001,卖盘
2088,11:19:43,29.78,0.05,28,83384,买盘
2089,11:19:40,29.73,-0.04,54,160542,卖盘
2090,11:19:37,29.77,--,2,5954,买盘
2091,11:19:34,29.77,0.05,18,53586,买盘
2092,11:19:28,29.72,--,71,212498,卖盘
2093,11:19:25,29.72,--,25,74300,卖盘
2094,11:19:22,29.72,--,15,44580,卖盘
2095,11:19:19,29.72,-0.05,62,184264,卖盘
2096,11:19:16,29.77,0.05,3,8931,买盘
2097,11:19:13,29.72,--,25,74300,卖盘
2098,11:19:10,29.72,--,12,35664,卖盘
2099,11:19:07,29.72,--,1,2972,卖盘
2100,11:19:04,29.72,0.01,90,267480,买盘
2101,11:19:01,29.71,-0.01,8,23768,中性盘
2102,11:18:58,29.72,0.02,1,2972,买盘
2103,11:18:55,29.7,-0.01,502,1490940,卖盘
2104,11:18:52,29.71,--,178,528956,卖盘
2105,11:18:40,29.71,--,30,89130,卖盘
2106,11:18:37,29.71,-0.01,7,20797,卖盘
2107,11:18:34,29.72,--,37,109964,卖盘
2108,11:18:31,29.72,-0.06,79,234788,卖盘
2109,11:18:25,29.78,0.03,16,47648,买盘
2110,11:18:22,29.75,--,142,422450,卖盘
2111,11:18:16,29.75,0.04,49,145775,中性盘
2112,11:18:13,29.71,--,426,1265646,卖盘
2113,11:18:07,29.71,--,77,228767,卖盘
2114,11:18:04,29.71,--,55,163405,卖盘
2115,11:18:01,29.71,-0.09,58,172318,卖盘
2116,11:17:58,29.8,0.09,169,503620,买盘
2117,11:17:55,29.71,-0.08,21,62391,中性盘
2118,11:17:52,29.79,0.07,227,676233,买盘
2119,11:17:49,29.72,0.01,54,160488,中性盘
2120,11:17:46,29.71,--,133,395143,卖盘
2121,11:17:43,29.71,--,39,115869,卖盘
2122,11:17:40,29.71,--,25,74275,卖盘
2123,11:17:37,29.71,--,44,130724,卖盘
2124,11:17:31,29.71,0.01,128,380288,卖盘
2125,11:17:25,29.7,-0.02,30,89100,卖盘
2126,11:17:22,29.72,0.01,602,1789144,中性盘
2127,11:17:19,29.71,--,58,172318,买盘
2128,11:17:16,29.71,-0.08,164,487244,买盘
2129,11:17:12,29.79,0.01,101,300879,买盘
2130,11:17:09,29.78,0.06,94,279932,买盘
2131,11:17:06,29.72,0.02,25,74300,买盘
2132,11:17:03,29.7,-0.02,127,377190,卖盘
2133,11:17:00,29.72,--,18,53496,买盘
2134,11:16:57,29.72,0.02,51,151572,中性盘
2135,11:16:51,29.7,--,499,1482030,卖盘
2136,11:16:48,29.7,--,103,305910,卖盘
2137,11:16:45,29.7,--,3,8910,卖盘
2138,11:16:42,29.7,-0.02,125,371250,卖盘
2139,11:16:39,29.72,-0.07,6,17832,卖盘
2140,11:16:36,29.79,-0.01,127,378333,中性盘
2141,11:16:30,29.8,0.12,24,71520,买盘
2142,11:16:27,29.68,-0.12,208,617344,卖盘
2143,11:16:21,29.8,0.1,716,2133680,买盘
2144,11:16:18,29.7,--,22,65340,卖盘
2145,11:16:15,29.7,0.02,21,62370,卖盘
2146,11:16:12,29.68,-0.08,5,14840,中性盘
2147,11:16:09,29.76,0.06,768,2288127,买盘
2148,11:16:03,29.7,--,25,74250,卖盘
2149,11:16:00,29.7,--,103,306325,买盘
2150,11:15:57,29.7,0.01,32,95040,买盘
2151,11:15:54,29.69,--,4,11876,买盘
2152,11:15:51,29.69,-0.01,81,240489,卖盘
2153,11:15:48,29.7,--,19,56430,买盘
2154,11:15:45,29.7,-0.01,157,468844,卖盘
2155,11:15:39,29.71,-0.01,16,47536,买盘
2156,11:15:36,29.72,-0.03,71,211012,卖盘
2157,11:15:33,29.75,0.02,35,104125,买盘
2158,11:15:30,29.73,-0.02,85,252705,卖盘
2159,11:15:27,29.75,--,43,127925,买盘
2160,11:15:24,29.75,0.03,275,818125,买盘
2161,11:15:21,29.72,-0.02,201,598144,卖盘
2162,11:15:15,29.74,-0.01,68,202232,中性盘
2163,11:15:12,29.75,--,464,1380400,买盘
2164,11:15:09,29.75,0.01,1,2975,买盘
2165,11:15:06,29.74,--,59,175466,卖盘
2166,11:15:03,29.74,0.01,66,196284,买盘
2167,11:15:00,29.73,0.02,87,258651,中性盘
2168,11:14:57,29.71,--,516,1533036,卖盘
2169,11:14:54,29.71,-0.03,139,412969,卖盘
2170,11:14:51,29.74,-0.01,140,416360,卖盘
2171,11:14:48,29.75,--,155,461125,买盘
2172,11:14:42,29.75,0.05,196,583100,中性盘
2173,11:14:39,29.7,-0.04,123,365310,卖盘
2174,11:14:36,29.74,--,5,14870,卖盘
2175,11:14:33,29.74,-0.01,61,181414,卖盘
2176,11:14:30,29.75,0.05,30,89666,中性盘
2177,11:14:27,29.7,-0.02,41,121770,卖盘
2178,11:14:24,29.72,0.02,312,927264,中性盘
2179,11:14:21,29.7,-0.01,88,261360,卖盘
2180,11:14:18,29.71,-0.01,263,781373,中性盘
2181,11:14:15,29.72,--,6,17832,买盘
2182,11:14:12,29.72,--,84,249648,买盘
2183,11:14:06,29.72,0.02,51,151572,买盘
2184,11:14:03,29.7,--,280,831600,买盘
2185,11:14:00,29.7,--,9,26730,买盘
2186,11:13:57,29.7,-0.05,292,867240,卖盘
2187,11:13:54,29.75,0.02,20,59500,买盘
2188,11:13:51,29.73,--,115,341895,卖盘
2189,11:13:48,29.73,--,19,56487,卖盘
2190,11:13:45,29.73,0.01,120,356760,买盘
2191,11:13:39,29.72,0.02,29,86188,卖盘
2192,11:13:36,29.7,--,115,341550,卖盘
2193,11:13:33,29.7,-0.02,350,1039500,卖盘
2194,11:13:30,29.72,0.02,82,243704,中性盘
2195,11:13:27,29.7,--,110,326700,卖盘
2196,11:13:24,29.7,-0.02,28,83160,卖盘
2197,11:13:21,29.72,0.05,177,526044,买盘
2198,11:13:18,29.67,-0.03,6,17802,卖盘
2199,11:13:15,29.7,0.01,207,614790,买盘
2200,11:13:09,29.69,-0.03,238,706622,卖盘
2201,11:13:06,29.72,0.02,29,86188,买盘
2202,11:13:03,29.7,--,81,240570,卖盘
2203,11:12:57,29.7,--,23,68310,卖盘
2204,11:12:54,29.7,0.04,181,539827,买盘
2205,11:12:51,29.66,-0.01,35,103810,卖盘
2206,11:12:48,29.67,--,16,48184,卖盘
2207,11:12:45,29.67,0.01,740,2197834,卖盘
2208,11:12:39,29.66,--,41,121606,买盘
2209,11:12:36,29.66,--,104,308464,买盘
2210,11:12:33,29.66,-0.03,185,548710,卖盘
2211,11:12:30,29.69,--,53,157357,买盘
2212,11:12:27,29.69,0.03,95,282055,买盘
2213,11:12:24,29.66,-0.05,18,53388,卖盘
2214,11:12:21,29.71,-0.01,906,2691726,卖盘
2215,11:12:18,29.72,0.02,57,169404,买盘
2216,11:12:15,29.7,--,73,216810,卖盘
2217,11:12:12,29.7,0.01,178,528660,买盘
2218,11:12:09,29.69,-0.01,68,201892,卖盘
2219,11:12:06,29.7,0.04,386,1146420,买盘
2220,11:12:03,29.66,-0.03,356,1055896,卖盘
2221,11:12:00,29.69,--,45,133605,买盘
2222,11:11:57,29.69,0.03,63,187047,买盘
2223,11:11:54,29.66,--,50,148300,卖盘
2224,11:11:48,29.66,--,60,177960,卖盘
2225,11:11:45,29.66,-0.04,21,62286,卖盘
2226,11:11:42,29.7,0.04,102,302940,买盘
2227,11:11:39,29.66,0.01,30,88980,中性盘
2228,11:11:36,29.65,-0.01,284,843186,卖盘
2229,11:11:33,29.66,-0.02,44,130504,卖盘
2230,11:11:30,29.68,-0.02,51,151368,卖盘
2231,11:11:27,29.7,--,144,427680,卖盘
2232,11:11:24,29.7,--,828,2459160,卖盘
2233,11:11:21,29.7,0.04,109,323730,买盘
2234,11:11:18,29.66,-0.02,16,47456,卖盘
2235,11:11:15,29.68,-0.02,246,730128,卖盘
2236,11:11:09,29.7,--,3,8910,买盘
2237,11:11:06,29.7,0.06,219,650430,买盘
2238,11:11:03,29.64,--,262,776568,卖盘
2239,11:11:00,29.64,-0.05,159,471276,卖盘
2240,11:10:57,29.69,-0.01,32,95008,卖盘
2241,11:10:54,29.7,--,193,573210,卖盘
2242,11:10:51,29.7,--,208,620551,买盘
2243,11:10:48,29.7,0.08,527,1566853,买盘
2244,11:10:45,29.62,--,112,331744,卖盘
2245,11:10:39,29.62,-0.01,1143,3385566,卖盘
2246,11:10:33,29.63,--,163,482969,买盘
2247,11:10:30,29.63,--,42,124446,买盘
2248,11:10:27,29.63,-0.01,83,248536,卖盘
2249,11:10:24,29.64,--,25,74100,买盘
2250,11:10:21,29.64,-0.01,151,447919,中性盘
2251,11:10:18,29.65,--,160,474400,买盘
2252,11:10:15,29.65,0.01,47,139355,买盘
2253,11:10:12,29.64,-0.02,41,121524,卖盘
2254,11:10:09,29.66,-0.02,93,275838,中性盘
2255,11:10:06,29.68,0.02,126,373968,买盘
2256,11:10:03,29.66,-0.02,10,29660,卖盘
2257,11:10:00,29.68,-0.01,445,1320760,买盘
2258,11:09:57,29.69,--,482,1431058,买盘
2259,11:09:51,29.69,0.01,35,103915,买盘
2260,11:09:48,29.68,-0.01,98,290864,卖盘
2261,11:09:45,29.69,--,147,436443,卖盘
2262,11:09:42,29.69,-0.02,182,540358,卖盘
2263,11:09:33,29.71,0.01,41,121811,买盘
2264,11:09:30,29.7,--,261,776239,卖盘
2265,11:09:27,29.7,--,56,166320,卖盘
2266,11:09:24,29.7,-0.02,267,792990,卖盘
2267,11:09:21,29.72,--,652,1937744,买盘
2268,11:09:18,29.72,0.01,66,196152,买盘
2269,11:09:15,29.71,-0.01,195,579345,卖盘
2270,11:09:12,29.72,--,41,121852,卖盘
2271,11:09:09,29.72,0.01,72,213984,中性盘
2272,11:09:06,29.71,--,46,136666,卖盘
2273,11:09:03,29.71,-0.01,210,625811,卖盘
2274,11:09:00,29.72,--,116,344752,买盘
2275,11:08:57,29.72,0.01,303,900516,买盘
2276,11:08:51,29.71,-0.06,130,386230,卖盘
2277,11:08:48,29.77,0.04,3,8931,买盘
2278,11:08:45,29.73,-0.03,182,541086,卖盘
2279,11:08:42,29.76,-0.01,47,139872,卖盘
2280,11:08:39,29.77,--,185,550745,卖盘
2281,11:08:33,29.77,-0.01,413,1229501,卖盘
2282,11:08:30,29.78,--,51,151878,卖盘
2283,11:08:27,29.78,-0.01,68,202504,卖盘
2284,11:08:21,29.79,0.01,119,354501,买盘
2285,11:08:18,29.78,-0.01,25,74450,卖盘
2286,11:08:15,29.79,--,96,285984,卖盘
2287,11:08:12,29.79,-0.01,73,217467,卖盘
2288,11:08:09,29.8,--,75,223500,买盘
2289,11:08:06,29.8,--,25,74500,买盘
2290,11:08:00,29.8,--,790,2354200,卖盘
2291,11:07:57,29.8,--,261,777780,卖盘
2292,11:07:54,29.8,--,252,750960,卖盘
2293,11:07:51,29.8,--,1012,3015760,卖盘
2294,11:07:48,29.8,--,423,1260540,卖盘
2295,11:07:45,29.8,-0.01,244,727120,卖盘
2296,11:07:42,29.81,0.01,111,330891,买盘
2297,11:07:39,29.8,--,197,587060,卖盘
2298,11:07:36,29.8,--,13,38740,卖盘
2299,11:07:33,29.8,-0.01,96,286080,卖盘
2300,11:07:30,29.81,-0.01,95,283195,卖盘
2301,11:07:27,29.82,--,532,1586424,卖盘
2302,11:07:24,29.82,-0.01,131,390642,卖盘
2303,11:07:21,29.83,0.01,192,575689,买盘
2304,11:07:15,29.82,-0.01,72,214704,卖盘
2305,11:07:12,29.83,--,30,89490,卖盘
2306,11:07:09,29.83,--,107,319181,卖盘
2307,11:07:06,29.83,--,153,456399,卖盘
2308,11:07:03,29.83,-0.01,117,349011,卖盘
2309,11:07:00,29.84,--,114,340176,买盘
2310,11:06:57,29.84,--,91,271544,卖盘
2311,11:06:54,29.84,--,67,199928,卖盘
2312,11:06:51,29.84,-0.02,201,599784,卖盘
2313,11:06:45,29.86,--,40,119440,买盘
2314,11:06:42,29.86,-0.02,41,124725,卖盘
2315,11:06:39,29.88,0.01,112,334656,买盘
2316,11:06:36,29.87,-0.01,103,307661,卖盘
2317,11:06:33,29.88,0.01,189,564732,卖盘
2318,11:06:30,29.87,-0.02,45,134415,卖盘
2319,11:06:27,29.89,--,390,1165710,买盘
2320,11:06:24,29.89,--,192,573888,买盘
2321,11:06:21,29.89,0.02,42,125538,买盘
2322,11:06:18,29.87,--,98,292726,卖盘
2323,11:06:15,29.87,-0.03,350,1045450,卖盘
2324,11:06:12,29.9,--,203,608584,卖盘
2325,11:06:06,29.9,--,140,418600,卖盘
2326,11:06:03,29.9,--,11,32890,卖盘
2327,11:06:00,29.9,0.03,302,902980,买盘
2328,11:05:57,29.87,-0.01,84,250908,卖盘
2329,11:05:54,29.88,--,507,1514916,买盘
2330,11:05:51,29.88,--,12,35856,买盘
2331,11:05:48,29.88,0.01,91,271908,买盘
2332,11:05:45,29.87,--,95,283765,卖盘
2333,11:05:42,29.87,-0.05,227,678049,卖盘
2334,11:05:39,29.92,0.05,40,119680,买盘
2335,11:05:36,29.87,-0.01,83,249414,卖盘
2336,11:05:33,29.88,-0.01,116,348102,卖盘
2337,11:05:30,29.89,0.01,11,32879,买盘
2338,11:05:27,29.88,--,41,122508,卖盘
2339,11:05:24,29.88,--,29,86652,卖盘
2340,11:05:21,29.88,-0.02,63,188244,卖盘
2341,11:05:18,29.9,0.02,353,1055470,买盘
2342,11:05:15,29.88,0.01,330,986040,卖盘
2343,11:05:09,29.87,-0.01,6,17922,卖盘
2344,11:05:06,29.88,--,21,62748,卖盘
2345,11:05:03,29.88,--,86,256968,买盘
2346,11:04:57,29.88,0.01,50,149400,买盘
2347,11:04:54,29.87,--,112,334544,卖盘
2348,11:04:51,29.87,--,110,328570,卖盘
2349,11:04:48,29.87,0.03,128,384397,买盘
2350,11:04:45,29.84,-0.03,32,95488,卖盘
2351,11:04:42,29.87,--,26,77662,买盘
2352,11:04:39,29.87,0.01,109,325583,买盘
2353,11:04:36,29.86,0.01,1,2986,卖盘
2354,11:04:33,29.85,-0.02,58,173130,中性盘
2355,11:04:30,29.87,--,62,185194,买盘
2356,11:04:27,29.87,0.02,92,274804,买盘
2357,11:04:24,29.85,--,7,20895,卖盘
2358,11:04:21,29.85,-0.02,78,232830,卖盘
2359,11:04:18,29.87,--,31,92597,买盘
2360,11:04:15,29.87,--,50,149350,买盘
2361,11:04:12,29.87,--,97,289739,买盘
2362,11:04:09,29.87,0.01,78,232986,买盘
2363,11:04:06,29.86,-0.01,242,722612,卖盘
2364,11:04:03,29.87,--,36,107532,买盘
2365,11:04:00,29.87,--,3,8961,买盘
2366,11:03:57,29.87,--,14,41818,买盘
2367,11:03:51,29.87,--,19,56753,买盘
2368,11:03:48,29.87,--,30,89610,卖盘
2369,11:03:45,29.87,-0.02,50,149350,卖盘
2370,11:03:42,29.89,0.02,46,137494,中性盘
2371,11:03:36,29.87,-0.03,16,47792,卖盘
2372,11:03:33,29.9,0.03,17,50830,买盘
2373,11:03:27,29.87,--,205,612335,卖盘
2374,11:03:24,29.87,--,7,20909,卖盘
2375,11:03:21,29.87,--,387,1155969,卖盘
2376,11:03:18,29.87,--,52,155324,卖盘
2377,11:03:15,29.87,0.01,46,137402,买盘
2378,11:03:12,29.86,--,70,209020,卖盘
2379,11:03:09,29.86,--,45,134370,卖盘
2380,11:03:06,29.86,--,12,35832,卖盘
2381,11:03:03,29.86,0.03,165,492690,买盘
2382,11:02:57,29.83,0.01,157,468331,买盘
2383,11:02:54,29.82,--,111,331002,卖盘
2384,11:02:51,29.82,-0.01,111,331002,卖盘
2385,11:02:48,29.83,--,213,635379,卖盘
2386,11:02:42,29.83,0.01,144,429552,买盘
2387,11:02:39,29.82,0.01,104,310128,买盘
2388,11:02:36,29.81,--,38,113278,卖盘
2389,11:02:33,29.81,--,60,178860,卖盘
2390,11:02:30,29.81,--,468,1395108,买盘
2391,11:02:27,29.81,--,154,459074,买盘
2392,11:02:24,29.81,--,395,1177495,买盘
2393,11:02:21,29.81,--,124,369644,买盘
2394,11:02:18,29.81,0.01,88,262328,买盘
2395,11:02:15,29.8,-0.01,239,712220,卖盘
2396,11:02:12,29.81,-0.08,815,2429515,卖盘
2397,11:02:09,29.89,0.07,732,2190638,买盘
2398,11:02:06,29.82,0.01,594,1771308,买盘
2399,11:02:03,29.81,--,141,420321,买盘
2400,11:02:00,29.81,0.01,144,429264,买盘
2401,11:01:57,29.8,-0.02,67,199958,卖盘
2402,11:01:54,29.82,0.01,201,599382,中性盘
2403,11:01:51,29.81,--,769,2295071,卖盘
2404,11:01:48,29.81,--,39,116259,卖盘
2405,11:01:45,29.81,-0.01,336,1001616,卖盘
2406,11:01:42,29.82,--,14,41748,买盘
2407,11:01:39,29.82,--,59,176236,卖盘
2408,11:01:33,29.82,--,71,211722,卖盘
2409,11:01:30,29.82,-0.01,87,259434,卖盘
2410,11:01:27,29.83,--,202,602566,买盘
2411,11:01:24,29.83,0.01,62,184946,买盘
2412,11:01:21,29.82,-0.01,12,35784,卖盘
2413,11:01:18,29.83,-0.01,21,62643,买盘
2414,11:01:15,29.84,0.01,473,1411432,买盘
2415,11:01:12,29.83,-0.02,86,256537,卖盘
2416,11:01:06,29.85,--,19,56715,买盘
2417,11:01:03,29.85,--,6,17910,买盘
2418,11:01:00,29.85,0.02,35,104475,买盘
2419,11:00:57,29.83,-0.04,30,89490,卖盘
2420,11:00:54,29.87,0.01,761,2275795,买盘
2421,11:00:51,29.86,-0.01,655,1955830,卖盘
2422,11:00:48,29.87,0.01,36,107532,买盘
2423,11:00:45,29.86,--,38,113468,中性盘
2424,11:00:42,29.86,-0.01,36,107496,卖盘
2425,11:00:39,29.87,0.02,16,47792,买盘
2426,11:00:36,29.85,-0.09,37,110445,卖盘
2427,11:00:33,29.94,0.07,419,1254486,买盘
2428,11:00:30,29.87,-0.01,161,480907,卖盘
2429,11:00:24,29.88,0.02,15,44820,买盘
2430,11:00:21,29.86,-0.01,384,1146624,卖盘
2431,11:00:18,29.87,--,60,179220,卖盘
2432,11:00:15,29.87,-0.01,95,283765,卖盘
2433,11:00:09,29.88,-0.02,13,38844,买盘
2434,11:00:06,29.9,--,169,505609,卖盘
2435,11:00:03,29.9,--,76,227240,卖盘
2436,11:00:00,29.9,0.02,2155,6446141,买盘
2437,10:59:54,29.88,-0.01,49,146412,卖盘
2438,10:59:51,29.89,0.01,13,38857,买盘
2439,10:59:48,29.88,-0.02,68,203184,卖盘
2440,10:59:45,29.9,--,233,696670,买盘
2441,10:59:42,29.9,--,34,101660,买盘
2442,10:59:39,29.9,--,331,989989,卖盘
2443,10:59:36,29.9,--,247,738530,卖盘
2444,10:59:33,29.9,--,658,1967420,卖盘
2445,10:59:30,29.9,--,77,230230,卖盘
2446,10:59:27,29.9,--,841,2517281,买盘
2447,10:59:24,29.9,0.01,53,158470,买盘
2448,10:59:18,29.89,-0.01,20,59780,卖盘
2449,10:59:15,29.9,--,23,68770,买盘
2450,10:59:12,29.9,--,7,20930,买盘
2451,10:59:09,29.9,-0.01,394,1178359,卖盘
2452,10:59:06,29.91,0.01,55,164505,买盘
2453,10:59:03,29.9,-0.02,124,370760,卖盘
2454,10:59:00,29.92,0.01,178,535268,买盘
2455,10:58:57,29.91,-0.01,11,32901,中性盘
2456,10:58:54,29.92,0.02,118,353056,买盘
2457,10:58:51,29.9,-0.01,71,212290,卖盘
2458,10:58:48,29.91,0.01,1,2991,中性盘
2459,10:58:45,29.9,-0.02,634,1895660,卖盘
2460,10:58:42,29.92,-0.01,20,59840,卖盘
2461,10:58:39,29.93,-0.01,370,1107410,买盘
2462,10:58:36,29.94,--,1,2994,买盘
2463,10:58:33,29.94,--,18,53892,买盘
2464,10:58:30,29.94,--,23,68862,买盘
2465,10:58:27,29.94,0.01,68,203592,买盘
2466,10:58:24,29.93,-0.01,188,562684,卖盘
2467,10:58:21,29.94,-0.01,43,128742,卖盘
2468,10:58:18,29.95,0.01,1,2995,买盘
2469,10:58:15,29.94,--,99,296406,卖盘
2470,10:58:09,29.94,--,20,59880,卖盘
2471,10:58:06,29.94,-0.02,154,461225,卖盘
2472,10:58:03,29.96,--,56,167776,买盘
2473,10:58:00,29.96,-0.01,23,68908,卖盘
2474,10:57:57,29.97,0.01,14,41958,中性盘
2475,10:57:54,29.96,-0.01,10,29960,卖盘
2476,10:57:51,29.97,--,56,167832,卖盘
2477,10:57:48,29.97,0.02,50,150029,买盘
2478,10:57:45,29.95,--,46,137770,卖盘
2479,10:57:42,29.95,--,24,71880,卖盘
2480,10:57:39,29.95,-0.02,96,287520,卖盘
2481,10:57:33,29.97,0.01,72,215784,买盘
2482,10:57:30,29.96,-0.01,16,47936,中性盘
2483,10:57:27,29.97,--,15,44955,买盘
2484,10:57:24,29.97,--,81,242757,买盘
2485,10:57:21,29.97,--,58,173826,买盘
2486,10:57:18,29.97,--,4,11988,买盘
2487,10:57:15,29.97,--,29,86913,买盘
2488,10:57:12,29.97,0.01,2,5994,买盘
2489,10:57:09,29.96,-0.01,12,35952,卖盘
2490,10:57:06,29.97,0.02,19,56943,买盘
2491,10:57:00,29.95,-0.02,43,128785,卖盘
2492,10:56:57,29.97,--,7,20979,卖盘
2493,10:56:53,29.97,--,25,74925,卖盘
2494,10:56:50,29.97,--,222,665334,卖盘
2495,10:56:47,29.97,--,6,17982,卖盘
2496,10:56:44,29.97,--,74,221778,买盘
2497,10:56:41,29.97,0.01,17,50949,买盘
2498,10:56:38,29.96,--,49,146804,卖盘
2499,10:56:35,29.96,--,80,239680,卖盘
2500,10:56:32,29.96,-0.01,29,86884,卖盘
2501,10:56:29,29.97,0.01,1,2997,买盘
2502,10:56:26,29.96,-0.01,79,236684,卖盘
2503,10:56:23,29.97,--,33,98901,买盘
2504,10:56:20,29.97,--,22,65934,买盘
2505,10:56:17,29.97,-0.01,221,662337,卖盘
2506,10:56:11,29.98,0.01,30,89940,买盘
2507,10:56:08,29.97,--,18,53946,卖盘
2508,10:56:05,29.97,--,120,359640,卖盘
2509,10:56:02,29.97,--,16,47952,卖盘
2510,10:55:59,29.97,0.01,79,236763,买盘
2511,10:55:56,29.96,--,38,113848,买盘
2512,10:55:50,29.96,--,13,38948,买盘
2513,10:55:47,29.96,--,334,1000664,买盘
2514,10:55:44,29.96,--,59,176764,买盘
2515,10:55:38,29.96,-0.01,185,554260,卖盘
2516,10:55:32,29.97,-0.01,30,89910,卖盘
2517,10:55:29,29.98,0.02,19,56962,买盘
2518,10:55:26,29.96,-0.01,3,8988,卖盘
2519,10:55:23,29.97,0.01,15,44955,中性盘
2520,10:55:17,29.96,-0.02,9,26964,卖盘
2521,10:55:14,29.98,0.02,344,1031312,买盘
2522,10:55:11,29.96,--,37,110852,卖盘
2523,10:55:08,29.96,-0.04,837,2507652,卖盘
2524,10:55:05,30.0,--,71,213000,买盘
2525,10:55:02,30.0,--,46,138000,买盘
2526,10:54:59,30.0,--,50,150000,买盘
2527,10:54:56,30.0,0.01,25,75000,买盘
2528,10:54:53,29.99,-0.01,124,371876,卖盘
2529,10:54:47,30.0,--,27,81000,卖盘
2530,10:54:41,30.0,0.01,54,162000,买盘
2531,10:54:38,29.99,--,17,50983,卖盘
2532,10:54:32,29.99,-0.01,5,14995,卖盘
2533,10:54:29,30.0,0.01,105,315000,买盘
2534,10:54:26,29.99,--,15,44985,卖盘
2535,10:54:20,29.99,-0.01,141,422859,卖盘
2536,10:54:17,30.0,-0.01,23,69000,卖盘
2537,10:54:14,30.01,0.01,8,24008,买盘
2538,10:54:11,30.0,-0.01,5,15000,卖盘
2539,10:54:08,30.01,--,20,60020,买盘
2540,10:54:05,30.01,--,8,24008,买盘
2541,10:54:02,30.01,-0.01,43,129043,卖盘
2542,10:53:59,30.02,-0.01,10,30020,中性盘
2543,10:53:56,30.03,0.02,50,150150,买盘
2544,10:53:53,30.01,-0.01,8,24008,卖盘
2545,10:53:50,30.02,0.01,38,114076,买盘
2546,10:53:47,30.01,-0.01,8,24008,卖盘
2547,10:53:44,30.02,--,5,15010,买盘
2548,10:53:41,30.02,--,9,27018,买盘
2549,10:53:35,30.02,--,5,15010,买盘
2550,10:53:32,30.02,--,7,21014,买盘
2551,10:53:29,30.02,0.01,18,54036,买盘
2552,10:53:26,30.01,--,17,51017,卖盘
2553,10:53:23,30.01,-0.03,90,270090,卖盘
2554,10:53:20,30.04,0.03,34,102136,买盘
2555,10:53:17,30.01,--,35,105035,买盘
2556,10:53:14,30.01,--,34,102034,买盘
2557,10:53:11,30.01,-0.01,55,165055,卖盘
2558,10:53:08,30.02,--,42,126084,卖盘
2559,10:53:05,30.02,-0.01,11,33022,卖盘
2560,10:53:02,30.03,--,8,24024,买盘
2561,10:52:59,30.03,-0.02,59,177177,卖盘
2562,10:52:53,30.05,0.02,5,15025,买盘
2563,10:52:50,30.03,0.01,155,465465,买盘
2564,10:52:47,30.02,--,43,129086,买盘
2565,10:52:44,30.02,0.02,390,1170780,买盘
2566,10:52:41,30.0,--,7,21000,买盘
2567,10:52:38,30.0,-0.03,127,381000,卖盘
2568,10:52:32,30.03,--,4,12012,卖盘
2569,10:52:26,30.03,0.01,574,1723722,买盘
2570,10:52:23,30.02,--,263,789526,卖盘
2571,10:52:20,30.02,--,566,1699132,卖盘
2572,10:52:14,30.02,0.01,182,546364,买盘
2573,10:52:11,30.01,--,36,108036,卖盘
2574,10:52:08,30.01,--,199,597199,卖盘
2575,10:52:05,30.01,0.01,45,135045,买盘
2576,10:52:02,30.0,--,48,144000,买盘
2577,10:51:59,30.0,--,434,1302000,卖盘
2578,10:51:56,30.0,--,12,36000,买盘
2579,10:51:53,30.0,--,563,1689000,买盘
2580,10:51:50,30.0,--,240,720000,买盘
2581,10:51:47,30.0,--,121,363000,买盘
2582,10:51:44,30.0,--,23,69000,买盘
2583,10:51:41,30.0,-0.02,149,449040,卖盘
2584,10:51:38,30.02,--,1101,3305202,买盘
2585,10:51:32,30.02,0.01,3,9006,买盘
2586,10:51:29,30.01,--,25,75025,卖盘
2587,10:51:26,30.01,-0.04,4,12004,卖盘
2588,10:51:23,30.05,0.02,52,156260,买盘
2589,10:51:17,30.03,--,26,78078,卖盘
2590,10:51:14,30.03,-0.02,45,135135,中性盘
2591,10:51:11,30.05,0.04,4,12020,买盘
2592,10:51:08,30.01,-0.01,43,129043,卖盘
2593,10:51:05,30.02,0.02,13,39026,卖盘
2594,10:51:02,30.0,--,70,210000,卖盘
2595,10:50:59,30.0,--,10,30000,卖盘
2596,10:50:56,30.0,--,64,192000,卖盘
2597,10:50:53,30.0,0.02,530,1590960,买盘
2598,10:50:50,29.98,-0.02,23,68954,卖盘
2599,10:50:47,30.0,0.02,609,1827000,买盘
2600,10:50:41,29.98,--,18,53964,买盘
2601,10:50:38,29.98,-0.02,12,35976,中性盘
2602,10:50:35,30.0,--,514,1542000,买盘
2603,10:50:32,30.0,--,106,318000,买盘
2604,10:50:29,30.0,--,69,207000,买盘
2605,10:50:26,30.0,--,5,15000,买盘
2606,10:50:23,30.0,--,31,93000,买盘
2607,10:50:20,30.0,--,19,57000,买盘
2608,10:50:14,30.0,0.04,259,777000,买盘
2609,10:50:08,29.96,-0.01,151,452396,卖盘
2610,10:50:02,29.97,--,45,134865,卖盘
2611,10:49:59,29.97,--,8,23976,卖盘
2612,10:49:56,29.97,--,530,1588410,卖盘
2613,10:49:53,29.97,-0.03,42,125874,卖盘
2614,10:49:50,30.0,0.02,396,1188000,买盘
2615,10:49:47,29.98,--,34,101932,卖盘
2616,10:49:44,29.98,0.02,58,173884,买盘
2617,10:49:41,29.96,-0.01,215,644140,卖盘
2618,10:49:38,29.97,0.01,162,485514,买盘
2619,10:49:35,29.96,--,617,1848532,卖盘
2620,10:49:32,29.96,--,167,500332,买盘
2621,10:49:26,29.96,0.01,52,155792,买盘
2622,10:49:23,29.95,--,38,113810,卖盘
2623,10:49:20,29.95,0.01,259,778370,买盘
2624,10:49:17,29.94,--,35,104790,买盘
2625,10:49:14,29.94,-0.01,35,104790,卖盘
2626,10:49:11,29.95,--,85,254575,买盘
2627,10:49:08,29.95,--,228,682860,卖盘
2628,10:49:05,29.95,--,8,23960,卖盘
2629,10:48:59,29.95,--,61,182695,卖盘
2630,10:48:56,29.95,--,66,197670,卖盘
2631,10:48:53,29.95,--,67,200665,卖盘
2632,10:48:50,29.95,--,176,527120,卖盘
2633,10:48:47,29.95,--,865,2590675,卖盘
2634,10:48:44,29.95,--,359,1075205,买盘
2635,10:48:41,29.95,--,122,365390,买盘
2636,10:48:35,29.95,--,4,11980,买盘
2637,10:48:32,29.95,-0.01,20,59900,卖盘
2638,10:48:29,29.96,--,30,89880,买盘
2639,10:48:26,29.96,0.01,14,41944,中性盘
2640,10:48:23,29.95,--,31,92845,卖盘
2641,10:48:20,29.95,-0.01,287,859565,卖盘
2642,10:48:14,29.96,-0.02,99,296604,卖盘
2643,10:48:11,29.98,0.01,18,53964,买盘
2644,10:48:08,29.97,--,50,149850,卖盘
2645,10:48:05,29.97,-0.02,179,536463,卖盘
2646,10:48:02,29.99,--,43,128957,买盘
2647,10:47:59,29.99,-0.01,13,38987,中性盘
2648,10:47:53,30.0,0.02,18,54000,买盘
2649,10:47:50,29.98,-0.02,219,656562,卖盘
2650,10:47:47,30.0,--,88,264000,买盘
2651,10:47:44,30.0,--,428,1284000,卖盘
2652,10:47:41,30.0,-0.01,44,132000,卖盘
2653,10:47:38,30.01,--,47,141047,买盘
2654,10:47:35,30.01,0.01,87,261087,买盘
2655,10:47:32,30.0,--,111,333000,卖盘
2656,10:47:29,30.0,--,707,2121000,卖盘
2657,10:47:23,30.0,--,442,1326000,卖盘
2658,10:47:20,30.0,-0.01,47,141000,卖盘
2659,10:47:17,30.01,0.01,74,222074,买盘
2660,10:47:14,30.0,-0.01,43,129000,卖盘
2661,10:47:11,30.01,0.01,78,234078,买盘
2662,10:47:08,30.0,-0.03,163,489000,卖盘
2663,10:47:05,30.03,0.03,52,156156,买盘
2664,10:47:02,30.0,-0.03,122,366000,卖盘
2665,10:46:59,30.03,--,3971,11924913,卖盘
2666,10:46:56,30.03,-0.02,141,425465,卖盘
2667,10:46:53,30.05,0.01,308,925540,买盘
2668,10:46:50,30.04,0.01,78,235273,买盘
2669,10:46:44,30.03,-0.01,384,1153152,卖盘
2670,10:46:38,30.04,0.01,210,630840,买盘
2671,10:46:35,30.03,--,163,489489,卖盘
2672,10:46:32,30.03,--,37,111111,卖盘
2673,10:46:29,30.03,-0.01,20,60060,卖盘
2674,10:46:26,30.04,--,25,75100,买盘
2675,10:46:23,30.04,-0.01,51,155246,卖盘
2676,10:46:20,30.05,0.01,202,607010,买盘
2677,10:46:17,30.04,--,16,48064,卖盘
2678,10:46:11,30.04,--,36,108144,卖盘
2679,10:46:08,30.04,-0.01,8,24032,卖盘
2680,10:46:05,30.05,--,63,189315,卖盘
2681,10:46:02,30.05,--,21,63105,卖盘
2682,10:45:56,30.05,--,26,78130,卖盘
2683,10:45:53,30.05,-0.01,38,114190,卖盘
2684,10:45:50,30.06,0.02,28,84168,买盘
2685,10:45:47,30.04,--,33,99132,卖盘
2686,10:45:44,30.04,-0.01,14,42056,卖盘
2687,10:45:41,30.05,--,14,42070,买盘
2688,10:45:35,30.05,--,5,15025,卖盘
2689,10:45:32,30.05,--,11,33055,卖盘
2690,10:45:29,30.05,-0.01,90,270450,卖盘
2691,10:45:26,30.06,--,10,30060,买盘
2692,10:45:23,30.06,--,61,183366,买盘
2693,10:45:20,30.06,--,13,39078,买盘
2694,10:45:17,30.06,-0.01,30,92163,卖盘
2695,10:45:14,30.07,0.01,403,1211821,中性盘
2696,10:45:08,30.06,-0.02,62,186372,卖盘
2697,10:45:05,30.08,0.02,78,234624,买盘
2698,10:45:02,30.06,-0.02,23,69138,卖盘
2699,10:44:56,30.08,--,55,165440,卖盘
2700,10:44:53,30.08,0.01,84,252672,买盘
2701,10:44:47,30.07,--,14,42098,卖盘
2702,10:44:44,30.07,--,7,21049,卖盘
2703,10:44:41,30.07,--,17,51119,卖盘
2704,10:44:38,30.07,0.01,25,75175,买盘
2705,10:44:35,30.06,-0.01,23,69138,卖盘
2706,10:44:32,30.07,0.01,27,81189,买盘
2707,10:44:26,30.06,-0.01,58,174348,卖盘
2708,10:44:23,30.07,--,1,3007,买盘
2709,10:44:20,30.07,0.01,19,57133,买盘
2710,10:44:17,30.06,-0.02,139,418856,卖盘
2711,10:44:14,30.08,--,6,18048,买盘
2712,10:44:11,30.08,0.02,8,24064,买盘
2713,10:44:08,30.06,-0.01,70,210420,卖盘
2714,10:44:05,30.07,-0.01,16,48112,卖盘
2715,10:44:02,30.08,0.01,19,57152,买盘
2716,10:43:59,30.07,0.01,3,9021,卖盘
2717,10:43:56,30.06,-0.01,7,21042,卖盘
