,time,price,change,volume,amount,type
0,15:00:21,15.72,--,6113,9609636,买盘
1,14:57:12,15.72,--,0,0,卖盘
2,14:57:03,15.72,--,186,292392,卖盘
3,14:56:57,15.72,--,294,462168,买盘
4,14:56:54,15.72,0.01,545,856740,买盘
5,14:56:51,15.71,--,169,265499,卖盘
6,14:56:48,15.71,-0.01,274,431239,卖盘
7,14:56:42,15.72,--,130,204360,卖盘
8,14:56:36,15.72,0.01,263,414222,买盘
9,14:56:33,15.71,-0.01,307,482297,卖盘
10,14:56:30,15.72,--,6,9432,买盘
11,14:56:27,15.72,--,22,34584,买盘
12,14:56:24,15.72,--,32,50304,买盘
13,14:56:21,15.72,--,109,171348,买盘
14,14:56:18,15.72,-0.01,271,426798,卖盘
15,14:56:15,15.73,-0.02,108,169884,卖盘
16,14:56:12,15.75,0.01,71,111825,买盘
17,14:56:06,15.74,-0.01,134,210916,卖盘
18,14:56:00,15.75,-0.01,48,75600,卖盘
19,14:55:57,15.76,0.01,168,264768,买盘
20,14:55:54,15.75,--,132,207900,卖盘
21,14:55:51,15.75,--,365,574875,卖盘
22,14:55:48,15.75,--,157,247275,卖盘
23,14:55:45,15.75,--,100,157500,卖盘
24,14:55:42,15.75,--,32,50400,卖盘
25,14:55:39,15.75,-0.01,71,111825,卖盘
26,14:55:36,15.76,0.01,79,124504,买盘
27,14:55:33,15.75,--,322,507150,卖盘
28,14:55:27,15.75,--,41,64575,卖盘
29,14:55:24,15.75,--,161,253575,卖盘
30,14:55:21,15.75,-0.01,75,118125,卖盘
31,14:55:18,15.76,0.01,10,15760,买盘
32,14:55:15,15.75,--,261,411075,卖盘
33,14:55:12,15.75,--,207,326025,买盘
34,14:55:09,15.75,-0.01,246,387450,买盘
35,14:55:06,15.76,0.02,97,152872,买盘
36,14:55:03,15.74,--,265,417110,卖盘
37,14:55:00,15.74,--,146,229804,卖盘
38,14:54:57,15.74,-0.01,233,366742,卖盘
39,14:54:54,15.75,--,127,200025,买盘
40,14:54:48,15.75,--,32,50400,买盘
41,14:54:45,15.75,--,131,206325,卖盘
42,14:54:42,15.75,-0.02,149,234675,卖盘
43,14:54:39,15.77,0.02,196,309880,买盘
44,14:54:33,15.75,--,165,260662,卖盘
45,14:54:30,15.75,--,176,277200,卖盘
46,14:54:27,15.75,--,206,324450,卖盘
47,14:54:24,15.75,--,50,78750,卖盘
48,14:54:21,15.75,--,89,140175,卖盘
49,14:54:18,15.75,-0.01,234,368550,卖盘
50,14:54:15,15.76,--,40,63040,买盘
51,14:54:12,15.76,0.01,103,162328,买盘
52,14:54:09,15.75,-0.01,47,74025,卖盘
53,14:54:06,15.76,--,5,7880,买盘
54,14:54:03,15.76,--,18,28368,买盘
55,14:54:00,15.76,--,40,63040,买盘
56,14:53:57,15.76,--,232,365632,卖盘
57,14:53:51,15.76,--,134,211184,卖盘
58,14:53:48,15.76,--,37,58312,卖盘
59,14:53:42,15.76,0.01,93,146568,中性盘
60,14:53:36,15.75,-0.01,158,248850,卖盘
61,14:53:33,15.76,0.01,11,17336,买盘
62,14:53:27,15.75,0.01,200,315787,买盘
63,14:53:24,15.74,-0.01,204,321096,卖盘
64,14:53:21,15.75,--,109,171675,买盘
65,14:53:18,15.75,--,157,247275,买盘
66,14:53:15,15.75,0.01,221,348075,买盘
67,14:53:12,15.74,-0.01,365,574510,卖盘
68,14:53:06,15.75,--,370,582750,买盘
69,14:53:06,15.75,0.01,169,266175,买盘
70,14:53:00,15.74,-0.01,25,39350,卖盘
71,14:52:56,15.75,--,65,102375,买盘
72,14:52:50,15.75,-0.03,1016,1600987,卖盘
73,14:52:47,15.78,0.01,5,7890,买盘
74,14:52:44,15.77,--,6,9462,卖盘
75,14:52:41,15.77,--,30,47310,买盘
76,14:52:38,15.77,0.02,14,22078,买盘
77,14:52:29,15.75,-0.01,130,204750,卖盘
78,14:52:26,15.76,0.01,31,48856,买盘
79,14:52:23,15.75,--,109,171675,卖盘
80,14:52:20,15.75,--,32,50400,卖盘
81,14:52:17,15.75,--,106,166950,卖盘
82,14:52:14,15.75,0.01,332,523687,买盘
83,14:52:11,15.74,-0.01,46,72404,卖盘
84,14:52:08,15.75,--,101,159075,买盘
85,14:52:05,15.75,0.01,50,78750,买盘
86,14:52:02,15.74,-0.01,16,25184,卖盘
87,14:51:56,15.75,0.01,174,274050,买盘
88,14:51:53,15.74,-0.01,117,184158,卖盘
89,14:51:47,15.75,0.01,68,107100,买盘
90,14:51:44,15.74,0.01,33,51942,买盘
91,14:51:41,15.73,-0.01,10,15730,卖盘
92,14:51:38,15.74,-0.01,7,11018,卖盘
93,14:51:35,15.75,--,73,114975,买盘
94,14:51:32,15.75,0.03,141,222075,买盘
95,14:51:23,15.72,--,49,77028,卖盘
96,14:51:20,15.72,--,11,17292,卖盘
97,14:51:17,15.72,-0.01,43,67596,卖盘
98,14:51:14,15.73,--,66,103818,卖盘
99,14:51:11,15.73,0.01,9,14157,中性盘
100,14:51:08,15.72,--,76,119472,买盘
101,14:51:05,15.72,-0.01,604,949488,卖盘
102,14:51:02,15.73,0.02,46,72358,中性盘
103,14:50:59,15.71,-0.01,331,520001,卖盘
104,14:50:56,15.72,--,355,558060,卖盘
105,14:50:47,15.72,-0.01,100,157200,卖盘
106,14:50:44,15.73,--,30,47190,买盘
107,14:50:41,15.73,--,345,542685,买盘
108,14:50:35,15.73,0.01,19,29887,买盘
109,14:50:32,15.72,-0.01,12,18864,卖盘
110,14:50:29,15.73,0.01,69,108537,买盘
111,14:50:26,15.72,-0.01,16,25152,卖盘
112,14:50:23,15.73,0.01,67,105391,买盘
113,14:50:20,15.72,-0.01,51,80958,卖盘
114,14:50:17,15.73,-0.01,108,169884,卖盘
115,14:50:08,15.74,--,30,47220,买盘
116,14:50:08,15.74,--,190,299060,买盘
117,14:50:02,15.74,--,59,92866,买盘
118,14:49:59,15.74,--,24,37776,买盘
119,14:49:56,15.74,--,118,185732,卖盘
120,14:49:53,15.74,--,137,215638,卖盘
121,14:49:50,15.74,--,29,45646,卖盘
122,14:49:47,15.74,0.01,57,89718,买盘
123,14:49:44,15.73,-0.01,62,97526,卖盘
124,14:49:41,15.74,--,90,141660,买盘
125,14:49:38,15.74,--,99,155826,买盘
126,14:49:35,15.74,0.01,50,78700,买盘
127,14:49:26,15.73,--,22,34606,卖盘
128,14:49:23,15.73,--,30,47190,卖盘
129,14:49:20,15.73,0.01,68,107750,买盘
130,14:49:17,15.72,--,184,289248,买盘
131,14:49:14,15.72,-0.03,164,258594,卖盘
132,14:49:11,15.75,0.01,131,206325,买盘
133,14:49:05,15.74,0.02,135,212490,买盘
134,14:49:02,15.72,--,130,204360,卖盘
135,14:48:59,15.72,--,100,157200,卖盘
136,14:48:56,15.72,--,38,59736,卖盘
137,14:48:53,15.72,--,271,426012,卖盘
138,14:48:47,15.72,--,29,45588,卖盘
139,14:48:44,15.72,0.01,60,95106,卖盘
140,14:48:41,15.71,-0.01,198,311058,卖盘
141,14:48:38,15.72,--,100,157200,买盘
142,14:48:35,15.72,0.01,15,23580,买盘
143,14:48:32,15.71,--,131,205801,卖盘
144,14:48:26,15.71,-0.01,54,84834,卖盘
145,14:48:23,15.72,0.02,138,216936,买盘
146,14:48:20,15.7,--,208,326560,卖盘
147,14:48:17,15.7,--,130,204100,卖盘
148,14:48:14,15.7,--,498,782896,买盘
149,14:48:11,15.7,0.01,147,230790,买盘
150,14:48:08,15.69,--,341,535029,卖盘
151,14:48:05,15.69,--,51,80019,卖盘
152,14:48:02,15.69,--,560,878640,买盘
153,14:47:56,15.69,-0.01,155,243195,卖盘
154,14:47:50,15.7,--,217,340690,买盘
155,14:47:47,15.7,-0.01,1119,1757363,卖盘
156,14:47:44,15.71,-0.03,101,158671,卖盘
157,14:47:41,15.74,0.02,21,33054,买盘
158,14:47:38,15.72,--,83,130476,买盘
159,14:47:35,15.72,--,106,166632,买盘
160,14:47:32,15.72,-0.03,244,384605,卖盘
161,14:47:29,15.75,--,3,4725,卖盘
162,14:47:26,15.75,--,305,480375,卖盘
163,14:47:23,15.75,0.01,263,414225,买盘
164,14:47:20,15.74,0.01,56,88144,买盘
165,14:47:14,15.73,-0.01,143,224939,卖盘
166,14:47:11,15.74,--,99,155826,卖盘
167,14:47:08,15.74,-0.01,102,160548,卖盘
168,14:47:05,15.75,--,45,70875,买盘
169,14:47:02,15.75,--,41,64575,买盘
170,14:46:59,15.75,--,311,489825,卖盘
171,14:46:56,15.75,-0.01,329,518175,卖盘
172,14:46:53,15.76,-0.01,75,118200,买盘
173,14:46:47,15.77,--,65,102505,买盘
174,14:46:44,15.77,--,267,421059,买盘
175,14:46:41,15.77,--,79,124583,买盘
176,14:46:38,15.77,0.01,19,29963,买盘
177,14:46:35,15.76,-0.01,63,99288,卖盘
178,14:46:29,15.77,-0.05,1914,3018378,卖盘
179,14:46:26,15.82,0.01,135,213570,中性盘
180,14:46:23,15.81,--,172,271932,买盘
181,14:46:20,15.81,--,474,749836,中性盘
182,14:46:17,15.81,0.01,122,192882,买盘
183,14:46:14,15.8,-0.01,50,79000,卖盘
184,14:46:11,15.81,-0.01,17,26877,买盘
185,14:46:08,15.82,--,244,386008,卖盘
186,14:46:05,15.82,0.01,279,441378,买盘
187,14:46:02,15.81,--,122,192882,卖盘
188,14:45:59,15.81,--,209,330429,卖盘
189,14:45:56,15.81,--,64,101184,卖盘
190,14:45:53,15.81,--,229,362049,卖盘
191,14:45:50,15.81,--,261,412641,卖盘
192,14:45:47,15.81,0.01,309,488529,买盘
193,14:45:41,15.8,--,291,459780,卖盘
194,14:45:38,15.8,--,134,211720,卖盘
195,14:45:35,15.8,--,78,123240,卖盘
196,14:45:32,15.8,--,237,374460,卖盘
197,14:45:23,15.8,--,126,199080,卖盘
198,14:45:20,15.8,-0.04,755,1192900,卖盘
199,14:45:14,15.84,0.01,9,14256,买盘
200,14:45:11,15.83,--,68,107644,买盘
201,14:45:08,15.83,--,260,411580,卖盘
202,14:45:05,15.83,-0.01,91,144053,卖盘
203,14:45:02,15.84,--,21,33264,买盘
204,14:44:59,15.84,0.01,29,45936,中性盘
205,14:44:53,15.83,-0.02,153,242199,卖盘
206,14:44:50,15.85,--,76,120460,买盘
207,14:44:41,15.85,--,157,248845,卖盘
208,14:44:38,15.85,-0.01,15,23775,卖盘
209,14:44:32,15.86,--,16,25376,买盘
210,14:44:29,15.86,--,1,1586,买盘
211,14:44:26,15.86,--,124,196664,卖盘
212,14:44:23,15.86,--,87,137982,卖盘
213,14:44:20,15.86,--,117,185562,卖盘
214,14:44:17,15.86,--,5,7930,卖盘
215,14:44:14,15.86,--,191,302926,卖盘
216,14:44:11,15.86,-0.01,25,39650,卖盘
217,14:44:08,15.87,--,21,33327,买盘
218,14:44:02,15.87,--,171,271377,卖盘
219,14:43:59,15.87,-0.02,113,179426,卖盘
220,14:43:56,15.89,0.01,28,44492,买盘
221,14:43:53,15.88,--,86,136568,卖盘
222,14:43:50,15.88,-0.01,196,311248,卖盘
223,14:43:47,15.89,0.01,5,7945,买盘
224,14:43:44,15.88,--,72,114336,卖盘
225,14:43:41,15.88,--,63,100044,卖盘
226,14:43:38,15.88,--,33,52404,卖盘
227,14:43:35,15.88,-0.01,11,17468,卖盘
228,14:43:29,15.89,--,150,238350,买盘
229,14:43:26,15.89,--,51,81039,买盘
230,14:43:20,15.89,--,3,4767,买盘
231,14:43:17,15.89,-0.01,39,61971,卖盘
232,14:43:14,15.9,--,3,4770,买盘
233,14:43:11,15.9,--,10,15900,买盘
234,14:43:08,15.9,--,15,23850,买盘
235,14:43:05,15.9,--,1441,2292112,卖盘
236,14:42:59,15.9,-0.01,90,143100,卖盘
237,14:42:56,15.91,0.01,43,68413,买盘
238,14:42:53,15.9,--,42,66780,卖盘
239,14:42:50,15.9,-0.01,89,141510,卖盘
240,14:42:47,15.91,-0.01,2,3182,卖盘
241,14:42:44,15.92,--,22,35024,买盘
242,14:42:41,15.92,--,68,108256,买盘
243,14:42:38,15.92,0.01,11,17512,买盘
244,14:42:29,15.91,--,10,15910,卖盘
245,14:42:26,15.91,--,14,22274,买盘
246,14:42:23,15.91,--,11,17501,买盘
247,14:42:20,15.91,--,78,124098,买盘
248,14:42:11,15.91,--,25,39775,买盘
249,14:42:08,15.91,0.01,100,159100,买盘
250,14:42:02,15.9,--,13,20670,卖盘
251,14:41:59,15.9,--,10,15900,卖盘
252,14:41:56,15.9,--,28,45187,卖盘
253,14:41:53,15.9,--,11,17490,卖盘
254,14:41:47,15.9,--,713,1133670,买盘
255,14:41:44,15.9,0.01,37,58830,买盘
256,14:41:41,15.89,--,15,23835,卖盘
257,14:41:38,15.89,-0.01,65,103285,卖盘
258,14:41:29,15.9,0.01,60,95400,买盘
259,14:41:23,15.89,-0.01,125,198625,卖盘
260,14:41:17,15.9,--,47,74730,买盘
261,14:41:14,15.9,--,12,19080,买盘
262,14:41:11,15.9,0.02,6,9540,买盘
263,14:40:53,15.88,--,24,38112,卖盘
264,14:40:50,15.88,--,11,17468,卖盘
265,14:40:47,15.88,--,15,23820,卖盘
266,14:40:44,15.88,0.01,778,1236956,买盘
267,14:40:41,15.87,--,100,158700,卖盘
268,14:40:38,15.87,--,10,15870,卖盘
269,14:40:35,15.87,-0.01,38,60306,卖盘
270,14:40:32,15.88,0.01,1,1588,买盘
271,14:40:23,15.87,-0.01,50,79350,卖盘
272,14:40:20,15.88,0.02,58,92104,买盘
273,14:40:17,15.86,--,53,84058,卖盘
274,14:40:14,15.86,--,2,3172,卖盘
275,14:40:11,15.86,--,21,33306,卖盘
276,14:40:05,15.86,--,12,19032,卖盘
277,14:40:02,15.86,--,21,33306,卖盘
278,14:39:59,15.86,--,103,163358,买盘
279,14:39:56,15.86,0.01,29,45994,买盘
280,14:39:50,15.85,--,86,136310,卖盘
281,14:39:44,15.85,-0.01,4,6340,卖盘
282,14:39:41,15.86,0.01,35,55510,买盘
283,14:39:38,15.85,--,21,33285,卖盘
284,14:39:35,15.85,--,97,153745,卖盘
285,14:39:32,15.85,--,6,9510,卖盘
286,14:39:29,15.85,--,7,11095,卖盘
287,14:39:26,15.85,--,36,57060,卖盘
288,14:39:20,15.85,--,53,84005,卖盘
289,14:39:17,15.85,--,23,36455,卖盘
290,14:39:14,15.85,--,11,17435,卖盘
291,14:39:11,15.85,--,271,429535,卖盘
292,14:39:08,15.85,0.01,343,544447,买盘
293,14:39:05,15.84,--,181,286704,卖盘
294,14:39:02,15.84,--,1,1584,卖盘
295,14:38:59,15.84,--,81,128304,卖盘
296,14:38:53,15.84,-0.01,61,96624,卖盘
297,14:38:50,15.85,--,50,79250,买盘
298,14:38:41,15.85,0.01,70,110950,买盘
299,14:38:38,15.84,--,111,175824,卖盘
300,14:38:35,15.84,--,208,329472,卖盘
301,14:38:29,15.84,--,187,296208,卖盘
302,14:38:26,15.84,-0.01,9,14256,卖盘
303,14:38:23,15.85,--,172,272620,买盘
304,14:38:20,15.85,--,6,9510,买盘
305,14:38:14,15.85,-0.01,472,748912,卖盘
306,14:38:11,15.86,--,154,244244,买盘
307,14:38:08,15.86,-0.02,4,6344,买盘
308,14:38:05,15.88,0.02,490,778120,买盘
309,14:37:56,15.86,--,21,33306,卖盘
310,14:37:53,15.86,-0.02,4,6344,卖盘
311,14:37:50,15.88,--,66,104903,卖盘
312,14:37:47,15.88,--,135,214380,卖盘
313,14:37:41,15.88,--,116,184208,卖盘
314,14:37:35,15.88,--,100,158800,卖盘
315,14:37:32,15.88,0.03,842,1338588,买盘
316,14:37:26,15.85,-0.01,442,700570,卖盘
317,14:37:23,15.86,--,67,106262,卖盘
318,14:37:14,15.86,--,94,149084,卖盘
319,14:37:11,15.86,-0.02,77,122122,卖盘
320,14:37:08,15.88,0.01,18,28584,买盘
321,14:37:05,15.87,--,27,42849,卖盘
322,14:37:02,15.87,-0.01,23,36501,卖盘
323,14:36:59,15.88,--,11,17468,买盘
324,14:36:56,15.88,0.01,27,42876,买盘
325,14:36:53,15.87,-0.01,3,4761,卖盘
326,14:36:50,15.88,--,164,260432,卖盘
327,14:36:47,15.88,--,81,128628,卖盘
328,14:36:44,15.88,--,162,257256,卖盘
329,14:36:38,15.88,-0.01,14,22232,卖盘
330,14:36:35,15.89,--,83,131887,买盘
331,14:36:32,15.89,--,142,225638,卖盘
332,14:36:26,15.89,-0.01,109,173201,卖盘
333,14:36:23,15.9,0.01,10,15900,买盘
334,14:36:20,15.89,--,148,235172,卖盘
335,14:36:17,15.89,-0.01,30,47670,卖盘
336,14:36:14,15.9,0.01,78,124020,买盘
337,14:36:08,15.89,-0.02,173,274897,卖盘
338,14:36:05,15.91,0.01,49,77959,买盘
339,14:36:02,15.9,-0.01,162,257580,卖盘
340,14:35:59,15.91,0.01,74,117734,买盘
341,14:35:56,15.9,--,55,87450,卖盘
342,14:35:53,15.9,--,32,50880,卖盘
343,14:35:50,15.9,--,145,230550,卖盘
344,14:35:47,15.9,-0.01,58,92220,卖盘
345,14:35:44,15.91,--,16,25456,买盘
346,14:35:41,15.91,0.01,14,22274,买盘
347,14:35:38,15.9,-0.01,84,133560,卖盘
348,14:35:35,15.91,--,42,66822,卖盘
349,14:35:32,15.91,--,122,194102,卖盘
350,14:35:26,15.91,-0.01,21,33411,卖盘
351,14:35:23,15.92,--,74,117808,买盘
352,14:35:17,15.92,--,3,4776,卖盘
353,14:35:11,15.92,--,5,7960,卖盘
354,14:35:05,15.92,-0.01,61,97112,卖盘
355,14:35:02,15.93,0.02,5,7965,买盘
356,14:34:59,15.91,-0.01,94,149554,卖盘
357,14:34:50,15.92,0.01,16,25472,买盘
358,14:34:35,15.91,--,22,35002,卖盘
359,14:34:32,15.91,0.01,3,4773,买盘
360,14:34:23,15.9,--,33,52470,卖盘
361,14:34:17,15.9,--,2,3180,卖盘
362,14:34:14,15.9,--,21,33390,卖盘
363,14:34:08,15.9,-0.03,40,63600,卖盘
364,14:34:05,15.93,0.02,2,3186,买盘
365,14:33:59,15.91,--,21,33411,买盘
366,14:33:56,15.91,--,14,22274,卖盘
367,14:33:53,15.91,-0.02,27,42957,卖盘
368,14:33:47,15.93,--,45,71685,买盘
369,14:33:44,15.93,--,42,66906,买盘
370,14:33:38,15.93,0.02,16,25488,买盘
371,14:33:35,15.91,-0.02,250,397750,卖盘
372,14:33:32,15.93,-0.01,14,22302,卖盘
373,14:33:26,15.94,0.01,12,19128,买盘
374,14:33:20,15.93,--,20,31860,卖盘
375,14:33:17,15.93,-0.01,33,52569,卖盘
376,14:33:11,15.94,0.01,27,43038,买盘
377,14:33:11,15.93,-0.01,22,35046,卖盘
378,14:32:58,15.94,--,54,86362,卖盘
379,14:32:55,15.94,--,26,41444,卖盘
380,14:32:52,15.94,--,3,4782,卖盘
381,14:32:49,15.94,-0.01,28,44632,卖盘
382,14:32:46,15.95,0.01,28,44660,买盘
383,14:32:40,15.94,--,2,3188,卖盘
384,14:32:37,15.94,--,3,4782,卖盘
385,14:32:31,15.94,-0.01,12,19128,卖盘
386,14:32:28,15.95,0.01,1,1595,买盘
387,14:32:22,15.94,--,55,88977,买盘
388,14:32:19,15.94,-0.01,159,253732,卖盘
389,14:32:16,15.95,--,114,183137,买盘
390,14:32:10,15.95,0.01,2,3190,买盘
391,14:32:07,15.94,-0.01,46,73324,卖盘
392,14:32:04,15.95,--,46,73370,买盘
393,14:32:01,15.95,--,14,22330,买盘
394,14:31:58,15.95,0.01,2,3190,买盘
395,14:31:52,15.94,-0.01,20,31880,卖盘
396,14:31:46,15.95,--,4,6667,卖盘
397,14:31:43,15.95,0.01,205,328282,买盘
398,14:31:40,15.94,--,5,7970,卖盘
399,14:31:34,15.94,--,13,20722,卖盘
400,14:31:31,15.94,--,22,35068,卖盘
401,14:31:28,15.94,-0.01,67,106798,卖盘
402,14:31:19,15.95,0.01,6,9570,买盘
403,14:31:16,15.94,--,57,90858,卖盘
404,14:31:10,15.94,--,5,7970,卖盘
405,14:31:07,15.94,-0.01,1,1594,卖盘
406,14:31:04,15.95,0.01,40,63800,买盘
407,14:31:01,15.94,--,50,79700,卖盘
408,14:30:58,15.94,--,10,15940,卖盘
409,14:30:55,15.94,--,76,121144,卖盘
410,14:30:52,15.94,0.01,121,192874,买盘
411,14:30:49,15.93,--,106,168858,卖盘
412,14:30:46,15.93,-0.01,4,6372,卖盘
413,14:30:37,15.94,--,11,17534,买盘
414,14:30:34,15.94,--,21,33474,买盘
415,14:30:31,15.94,-0.01,73,116362,卖盘
416,14:30:28,15.95,0.01,79,126292,买盘
417,14:30:25,15.94,--,68,109699,卖盘
418,14:30:22,15.94,--,26,41444,卖盘
419,14:30:19,15.94,-0.01,4,6376,卖盘
420,14:30:16,15.95,0.01,2,3190,买盘
421,14:30:13,15.94,-0.01,31,49414,卖盘
422,14:30:10,15.95,0.01,9,14355,买盘
423,14:30:07,15.94,-0.01,47,74918,卖盘
424,14:30:04,15.95,--,32,51040,买盘
425,14:30:01,15.95,0.01,53,84535,买盘
426,14:29:55,15.94,-0.01,35,55790,卖盘
427,14:29:52,15.95,--,3,4785,买盘
428,14:29:49,15.95,--,168,267960,卖盘
429,14:29:46,15.95,--,21,33495,卖盘
430,14:29:43,15.95,--,2,3190,卖盘
431,14:29:40,15.95,-0.01,54,86130,卖盘
432,14:29:37,15.96,--,51,81396,买盘
433,14:29:31,15.96,--,67,106932,买盘
434,14:29:28,15.96,-0.01,21,33516,卖盘
435,14:29:25,15.97,0.01,11,17567,买盘
436,14:29:19,15.96,--,5,7980,卖盘
437,14:29:16,15.96,--,38,60648,买盘
438,14:29:13,15.96,--,3,4788,买盘
439,14:29:10,15.96,--,4,6384,买盘
440,14:29:04,15.96,0.01,1,1596,买盘
441,14:29:01,15.95,-0.01,20,31900,卖盘
442,14:28:52,15.96,0.01,8,12768,买盘
443,14:28:49,15.95,--,22,35090,卖盘
444,14:28:46,15.95,--,97,154715,卖盘
445,14:28:40,15.95,0.01,195,311025,买盘
446,14:28:37,15.94,--,1,1594,买盘
447,14:28:34,15.94,0.01,1,1594,买盘
448,14:28:31,15.93,-0.01,1,1593,卖盘
449,14:28:28,15.94,0.01,10,15940,买盘
450,14:28:22,15.93,-0.01,31,49383,卖盘
451,14:28:19,15.94,--,14,22316,买盘
452,14:28:16,15.94,0.01,30,47820,买盘
453,14:28:10,15.93,0.01,8,12744,买盘
454,14:28:07,15.92,--,1,1592,卖盘
455,14:28:04,15.92,--,60,95520,买盘
456,14:28:01,15.92,0.02,21,33432,买盘
457,14:27:52,15.9,--,101,160590,卖盘
458,14:27:49,15.9,-0.02,103,163770,卖盘
459,14:27:46,15.92,0.01,61,97112,买盘
460,14:27:43,15.91,0.01,2,3182,买盘
461,14:27:40,15.9,--,3,5914,买盘
462,14:27:37,15.9,0.01,51,81090,买盘
463,14:27:34,15.89,-0.01,1,1589,卖盘
464,14:27:31,15.9,--,16,25440,买盘
465,14:27:28,15.9,0.01,27,42930,买盘
466,14:27:19,15.89,--,84,133476,买盘
467,14:27:16,15.89,--,1,1589,买盘
468,14:27:10,15.89,0.01,30,47670,买盘
469,14:26:58,15.88,-0.02,40,63520,卖盘
470,14:26:55,15.9,0.04,31,49290,买盘
471,14:26:43,15.86,-0.04,28,44408,卖盘
472,14:26:40,15.9,0.03,42,66780,买盘
473,14:26:37,15.87,--,33,52371,买盘
474,14:26:34,15.87,-0.01,153,243255,卖盘
475,14:26:28,15.88,-0.02,73,115924,卖盘
476,14:26:25,15.9,0.02,21,34534,买盘
477,14:26:22,15.88,--,105,166740,买盘
478,14:26:19,15.88,0.01,44,69872,买盘
479,14:26:16,15.87,--,30,47610,卖盘
480,14:26:07,15.87,--,11,17457,卖盘
481,14:26:01,15.87,--,90,142830,卖盘
482,14:25:58,15.87,-0.01,12,19044,卖盘
483,14:25:52,15.88,0.01,29,46052,卖盘
484,14:25:49,15.87,--,16,25392,卖盘
485,14:25:46,15.87,--,18,28566,卖盘
486,14:25:37,15.87,-0.01,11,17457,卖盘
487,14:25:34,15.88,--,1,1588,买盘
488,14:25:28,15.88,0.01,6,9528,中性盘
489,14:25:25,15.87,0.01,6,9522,中性盘
490,14:25:22,15.86,-0.02,161,255346,卖盘
491,14:25:16,15.88,0.01,12,19056,买盘
492,14:25:13,15.87,--,10,15870,买盘
493,14:25:10,15.87,--,10,15870,卖盘
494,14:25:07,15.87,0.01,24,38088,买盘
495,14:25:04,15.86,-0.03,17,26962,卖盘
496,14:24:58,15.89,0.02,5,7945,买盘
497,14:24:55,15.87,-0.01,10,17425,卖盘
498,14:24:49,15.88,0.01,33,52404,中性盘
499,14:24:43,15.87,--,69,110264,卖盘
500,14:24:40,15.87,--,2,3174,卖盘
501,14:24:37,15.87,-0.01,13,20631,卖盘
502,14:24:34,15.88,--,527,836876,买盘
503,14:24:31,15.88,--,12,19056,买盘
504,14:24:28,15.88,--,10,15880,买盘
505,14:24:25,15.88,--,18,28584,买盘
506,14:24:22,15.88,--,3,4764,买盘
507,14:24:19,15.88,--,12,19056,买盘
508,14:24:16,15.88,--,46,73048,买盘
509,14:24:13,15.88,--,6,9528,买盘
510,14:24:01,15.88,--,7,11116,买盘
511,14:23:58,15.88,-0.01,338,537252,卖盘
512,14:23:52,15.89,0.01,37,58793,买盘
513,14:23:49,15.88,-0.01,1,1588,卖盘
514,14:23:43,15.89,0.01,33,52437,买盘
515,14:23:40,15.88,-0.01,22,34936,卖盘
516,14:23:37,15.89,0.01,26,41314,买盘
517,14:23:31,15.88,--,15,23820,卖盘
518,14:23:25,15.88,--,245,389060,卖盘
519,14:23:22,15.88,-0.01,50,79400,卖盘
520,14:23:13,15.89,--,25,39725,买盘
521,14:23:10,15.89,--,22,34958,卖盘
522,14:23:01,15.89,--,6,9534,卖盘
523,14:22:58,15.89,-0.01,9,14301,卖盘
524,14:22:55,15.9,--,31,49290,买盘
525,14:22:52,15.9,--,5,7950,买盘
526,14:22:49,15.9,--,24,38160,买盘
527,14:22:46,15.9,--,5,7950,买盘
528,14:22:40,15.9,--,45,71550,卖盘
529,14:22:37,15.9,-0.01,14,22260,卖盘
530,14:22:31,15.91,--,216,343656,买盘
531,14:22:28,15.91,0.01,92,146372,买盘
532,14:22:25,15.9,--,30,47700,卖盘
533,14:22:22,15.9,--,33,52470,卖盘
534,14:22:19,15.9,--,17,27030,卖盘
535,14:22:07,15.9,-0.01,11,17490,卖盘
536,14:22:04,15.91,--,26,41366,卖盘
537,14:22:01,15.91,--,34,54094,卖盘
538,14:21:55,15.91,-0.01,40,63640,卖盘
539,14:21:52,15.92,--,20,31840,买盘
540,14:21:49,15.92,0.01,15,23880,买盘
541,14:21:46,15.91,--,4,6364,中性盘
542,14:21:43,15.91,--,52,82732,卖盘
543,14:21:31,15.91,-0.01,9,14319,中性盘
544,14:21:22,15.92,0.01,7,11144,买盘
545,14:21:19,15.91,0.01,28,44548,卖盘
546,14:21:16,15.9,--,11,17490,卖盘
547,14:21:13,15.9,--,5,7950,卖盘
548,14:21:07,15.9,--,10,15900,卖盘
549,14:21:04,15.9,--,21,33390,卖盘
550,14:21:01,15.9,-0.02,2,3180,卖盘
551,14:20:55,15.92,0.01,37,58904,买盘
552,14:20:49,15.91,--,48,76368,卖盘
553,14:20:46,15.91,--,8,12728,卖盘
554,14:20:40,15.91,--,14,22274,买盘
555,14:20:37,15.91,0.02,15,23865,买盘
556,14:20:34,15.89,-0.02,2,3178,卖盘
557,14:20:25,15.91,0.01,30,47730,买盘
558,14:20:22,15.9,0.02,2,3180,买盘
559,14:20:19,15.88,--,10,15880,卖盘
560,14:20:13,15.88,--,7,11116,卖盘
561,14:20:07,15.88,--,1,2382,卖盘
562,14:20:04,15.88,-0.01,87,138441,卖盘
563,14:20:01,15.89,--,25,39725,买盘
564,14:19:55,15.89,--,1,1589,买盘
565,14:19:52,15.89,--,24,38136,买盘
566,14:19:43,15.89,0.02,13,20657,买盘
567,14:19:40,15.87,-0.02,170,269790,卖盘
568,14:19:34,15.89,--,4,6356,买盘
569,14:19:28,15.89,-0.03,623,991249,卖盘
570,14:19:22,15.92,--,30,47760,买盘
571,14:19:19,15.92,0.02,5,7960,买盘
572,14:19:13,15.9,--,21,33390,卖盘
573,14:19:04,15.9,-0.02,171,271890,卖盘
574,14:18:58,15.92,--,11,17512,买盘
575,14:18:55,15.92,0.01,44,70048,买盘
576,14:18:52,15.91,-0.01,84,133644,卖盘
577,14:18:49,15.92,--,5,7960,买盘
578,14:18:37,15.92,--,26,41392,买盘
579,14:18:34,15.92,0.01,5,7960,买盘
580,14:18:28,15.91,-0.02,200,318200,卖盘
581,14:18:25,15.93,--,52,83122,买盘
582,14:18:22,15.93,0.01,22,35046,买盘
583,14:18:19,15.92,-0.01,5,7960,卖盘
584,14:18:13,15.93,0.01,1,1593,买盘
585,14:18:07,15.92,-0.01,32,50944,卖盘
586,14:18:04,15.93,--,29,46197,买盘
587,14:17:55,15.93,--,2,3186,买盘
588,14:17:52,15.93,--,26,42724,卖盘
589,14:17:46,15.93,--,10,15930,卖盘
590,14:17:43,15.93,--,16,25488,卖盘
591,14:17:40,15.93,--,28,44604,卖盘
592,14:17:37,15.93,-0.01,57,90801,卖盘
593,14:17:34,15.94,0.01,10,15940,买盘
594,14:17:28,15.93,-0.01,5,7965,卖盘
595,14:17:25,15.94,0.01,11,17534,买盘
596,14:17:22,15.93,-0.01,4,6372,卖盘
597,14:17:16,15.94,--,10,15940,买盘
598,14:17:13,15.94,-0.01,7,11158,买盘
599,14:17:10,15.95,0.01,55,87725,买盘
600,14:17:04,15.94,-0.01,10,15940,卖盘
601,14:17:01,15.95,--,20,31900,买盘
602,14:16:58,15.95,--,32,51040,买盘
603,14:16:55,15.95,--,2,3190,买盘
604,14:16:52,15.95,--,1,1595,买盘
605,14:16:46,15.95,--,2,3190,买盘
606,14:16:43,15.95,-0.01,5,7975,买盘
607,14:16:40,15.96,0.01,64,102144,买盘
608,14:16:37,15.95,--,52,82940,卖盘
609,14:16:31,15.95,-0.01,131,208945,卖盘
610,14:16:28,15.96,--,35,55860,买盘
611,14:16:25,15.96,--,21,33516,买盘
612,14:16:22,15.96,--,122,194712,买盘
613,14:16:19,15.96,0.01,70,111720,买盘
614,14:16:16,15.95,--,6,9570,卖盘
615,14:16:13,15.95,-0.02,90,144666,卖盘
616,14:16:10,15.97,0.01,31,49507,买盘
617,14:16:07,15.96,-0.01,42,67032,卖盘
618,14:16:04,15.97,0.01,1,1597,买盘
619,14:16:01,15.96,--,21,33516,卖盘
620,14:15:58,15.96,--,23,37186,买盘
621,14:15:55,15.96,--,31,49476,买盘
622,14:15:52,15.96,--,11,17556,买盘
623,14:15:49,15.96,--,38,60648,买盘
624,14:15:46,15.96,--,5,7980,买盘
625,14:15:40,15.96,--,120,191520,买盘
626,14:15:34,15.96,0.01,40,63840,买盘
627,14:15:31,15.95,--,52,82940,中性盘
628,14:15:28,15.95,--,12,19140,卖盘
629,14:15:25,15.95,--,92,146740,买盘
630,14:15:22,15.95,--,20,31900,买盘
631,14:15:19,15.95,--,21,33495,买盘
632,14:15:16,15.95,--,12,19140,买盘
633,14:15:13,15.95,--,10,15950,买盘
634,14:15:10,15.95,--,10,15950,买盘
635,14:15:07,15.95,0.01,2,3190,买盘
636,14:14:58,15.94,--,8,12752,买盘
637,14:14:55,15.94,--,2,3188,买盘
638,14:14:52,15.94,--,2,3188,买盘
639,14:14:46,15.94,0.01,8,12752,买盘
640,14:14:40,15.93,--,267,425617,买盘
641,14:14:37,15.93,--,77,122661,买盘
642,14:14:34,15.93,0.01,10,15930,买盘
643,14:14:31,15.92,-0.01,10,15920,卖盘
644,14:14:25,15.93,0.01,17,27081,买盘
645,14:14:19,15.92,0.01,39,62088,买盘
646,14:14:16,15.91,-0.01,26,41366,卖盘
647,14:14:13,15.92,--,12,19104,买盘
648,14:14:10,15.92,--,7,11144,买盘
649,14:14:07,15.92,0.01,52,82784,买盘
650,14:14:04,15.91,-0.01,43,68413,卖盘
651,14:14:01,15.92,0.01,66,105072,买盘
652,14:13:55,15.91,0.01,2,3182,卖盘
653,14:13:52,15.9,-0.01,100,159000,卖盘
654,14:13:46,15.91,0.01,62,98642,买盘
655,14:13:43,15.9,--,5,7950,卖盘
656,14:13:39,15.9,--,208,330720,买盘
657,14:13:36,15.9,--,12,19080,买盘
658,14:13:33,15.9,0.01,76,120840,买盘
659,14:13:30,15.89,-0.01,28,44492,卖盘
660,14:13:27,15.9,0.01,3,4770,买盘
661,14:13:24,15.89,-0.01,5,7945,卖盘
662,14:13:21,15.9,0.01,89,141510,买盘
663,14:13:12,15.89,-0.01,25,39725,卖盘
664,14:13:09,15.9,--,26,41340,买盘
665,14:13:06,15.9,0.01,1,1590,买盘
666,14:13:03,15.89,--,5,7945,卖盘
667,14:13:00,15.89,--,80,127120,卖盘
668,14:12:54,15.89,-0.01,35,55615,卖盘
669,14:12:51,15.9,--,55,87450,买盘
670,14:12:48,15.9,0.01,102,162180,买盘
671,14:12:45,15.89,--,25,39725,卖盘
672,14:12:42,15.89,-0.01,144,228816,卖盘
673,14:12:39,15.9,--,6,9540,买盘
674,14:12:33,15.9,--,145,230550,买盘
675,14:12:30,15.9,--,114,181260,买盘
676,14:12:27,15.9,--,43,68370,买盘
677,14:12:24,15.9,-0.02,12,19080,卖盘
678,14:12:21,15.92,--,52,82784,买盘
679,14:12:18,15.92,0.01,98,156016,买盘
680,14:12:15,15.91,--,41,65231,买盘
681,14:12:12,15.91,0.02,42,66822,买盘
682,14:12:03,15.89,-0.01,76,120764,卖盘
683,14:11:51,15.9,0.01,64,101760,买盘
684,14:11:48,15.89,--,2,3178,卖盘
685,14:11:45,15.89,-0.01,2,3178,卖盘
686,14:11:39,15.9,0.01,22,34980,买盘
687,14:11:33,15.89,0.02,12,19068,卖盘
688,14:11:27,15.87,--,2,4030,卖盘
689,14:11:24,15.87,-0.02,20,31740,卖盘
690,14:11:21,15.89,--,91,144599,买盘
691,14:11:12,15.89,--,9,14301,中性盘
692,14:11:03,15.89,-0.01,2,3178,卖盘
693,14:11:00,15.9,0.03,73,116070,买盘
694,14:10:54,15.87,-0.03,50,79350,卖盘
695,14:10:48,15.9,0.03,59,93810,买盘
696,14:10:42,15.87,0.01,275,437408,买盘
697,14:10:36,15.86,--,26,41236,卖盘
698,14:10:33,15.86,-0.01,110,174460,卖盘
699,14:10:27,15.87,0.01,47,74589,买盘
700,14:10:21,15.86,-0.01,21,33306,卖盘
701,14:10:15,15.87,--,10,15870,买盘
702,14:10:12,15.87,--,2,3174,买盘
703,14:10:09,15.87,0.01,32,50784,买盘
704,14:10:03,15.86,-0.01,22,34892,买盘
705,14:09:57,15.87,--,11,17457,买盘
706,14:09:54,15.87,--,10,15870,买盘
707,14:09:51,15.87,0.01,52,82524,买盘
708,14:09:45,15.86,-0.01,136,215696,卖盘
709,14:09:39,15.87,--,95,150765,买盘
710,14:09:33,15.87,--,52,82524,买盘
711,14:09:30,15.87,0.01,24,38088,买盘
712,14:09:21,15.86,-0.01,28,44408,卖盘
713,14:09:18,15.87,0.01,26,41262,买盘
714,14:09:09,15.86,--,22,34892,卖盘
715,14:09:06,15.86,--,1,1586,卖盘
716,14:09:00,15.86,0.01,6,9516,中性盘
717,14:08:54,15.85,-0.01,40,63400,卖盘
718,14:08:51,15.86,--,26,41236,买盘
719,14:08:48,15.86,0.01,13,20618,买盘
720,14:08:45,15.85,-0.01,50,79250,卖盘
721,14:08:36,15.86,--,10,15860,买盘
722,14:08:30,15.86,--,8,12688,买盘
723,14:08:27,15.86,--,4,6344,买盘
724,14:08:24,15.86,--,33,52338,买盘
725,14:08:18,15.86,--,115,182390,买盘
726,14:08:15,15.86,--,6,9516,买盘
727,14:08:12,15.86,--,67,106262,卖盘
728,14:08:09,15.86,0.01,30,47580,买盘
729,14:08:06,15.85,-0.01,175,277375,卖盘
730,14:08:03,15.86,--,85,134810,买盘
731,14:08:00,15.86,0.01,27,42822,买盘
732,14:07:54,15.85,-0.01,41,64985,卖盘
733,14:07:48,15.86,0.01,16,25376,买盘
734,14:07:45,15.85,--,38,60990,买盘
735,14:07:42,15.85,--,7,11095,买盘
736,14:07:36,15.85,--,7,11095,买盘
737,14:07:36,15.85,--,27,42795,买盘
738,14:07:21,15.85,--,5,7925,买盘
739,14:07:18,15.85,--,137,217145,买盘
740,14:07:12,15.85,0.01,21,33285,买盘
741,14:07:09,15.84,--,32,50688,卖盘
742,14:07:06,15.84,-0.01,12,19008,卖盘
743,14:07:03,15.85,--,30,47550,买盘
744,14:07:00,15.85,--,58,91930,买盘
745,14:06:57,15.85,-0.01,748,1186404,卖盘
746,14:06:51,15.86,--,18,28548,买盘
747,14:06:48,15.86,0.01,20,31720,买盘
748,14:06:45,15.85,--,195,309075,卖盘
749,14:06:42,15.85,-0.01,38,60230,卖盘
750,14:06:36,15.86,--,36,57096,买盘
751,14:06:33,15.86,--,98,155428,卖盘
752,14:06:30,15.86,-0.01,51,80886,卖盘
753,14:06:24,15.87,--,55,87285,买盘
754,14:06:15,15.87,0.01,3,4761,买盘
755,14:06:12,15.86,--,59,93574,卖盘
756,14:06:00,15.86,--,7,11102,卖盘
757,14:05:57,15.86,0.01,10,15860,买盘
758,14:05:54,15.85,--,7,11095,卖盘
759,14:05:48,15.85,-0.01,2,3170,卖盘
760,14:05:42,15.86,--,4,6344,买盘
761,14:05:36,15.86,0.01,268,426570,买盘
762,14:05:18,15.85,--,19,30115,卖盘
763,14:05:15,15.85,-0.01,82,130730,卖盘
764,14:05:12,15.86,0.01,126,199836,买盘
765,14:05:03,15.85,-0.01,122,193370,卖盘
766,14:05:00,15.86,0.01,78,123708,买盘
767,14:04:54,15.85,--,87,137895,卖盘
768,14:04:51,15.85,-0.01,20,31700,卖盘
769,14:04:48,15.86,-0.01,712,1129232,卖盘
770,14:04:42,15.87,0.01,10,15870,买盘
771,14:04:39,15.86,--,46,72956,卖盘
772,14:04:33,15.86,--,25,39650,卖盘
773,14:04:30,15.86,-0.01,114,180804,卖盘
774,14:04:27,15.87,0.01,3,4761,买盘
775,14:04:24,15.86,-0.01,46,72956,卖盘
776,14:04:21,15.87,--,10,15870,买盘
777,14:04:18,15.87,--,38,60306,买盘
778,14:04:15,15.87,--,5,7935,买盘
779,14:04:09,15.87,--,167,265029,买盘
780,14:04:06,15.87,--,145,230115,买盘
781,14:03:57,15.87,--,26,41262,买盘
782,14:03:54,15.87,--,11,17457,买盘
783,14:03:51,15.87,--,320,508474,买盘
784,14:03:45,15.87,--,3,4761,买盘
785,14:03:42,15.87,-0.03,25,39675,卖盘
786,14:03:36,15.9,--,10,15900,卖盘
787,14:03:33,15.9,0.03,62,98580,买盘
788,14:03:27,15.87,0.01,1,1587,卖盘
789,14:03:24,15.86,-0.03,9,14274,卖盘
790,14:03:18,15.89,--,14,22246,买盘
791,14:03:15,15.89,0.03,21,33369,买盘
792,14:03:12,15.86,0.01,554,879595,买盘
793,14:03:06,15.85,--,23,36455,卖盘
794,14:03:03,15.85,-0.01,21,33285,卖盘
795,14:03:00,15.86,--,78,123708,买盘
796,14:02:57,15.86,--,132,209352,买盘
797,14:02:48,15.86,--,57,90402,买盘
798,14:02:45,15.86,-0.03,288,456768,卖盘
799,14:02:39,15.89,--,1,1589,买盘
800,14:02:33,15.89,0.02,5,7945,买盘
801,14:02:30,15.87,--,131,207897,买盘
802,14:02:24,15.87,--,24,38088,买盘
803,14:02:21,15.87,--,15,23805,买盘
804,14:02:18,15.87,--,4,6348,买盘
805,14:02:15,15.87,--,116,184092,买盘
806,14:02:12,15.87,0.01,26,41262,买盘
807,14:02:09,15.86,-0.01,13,20618,卖盘
808,14:02:03,15.87,--,130,206310,买盘
809,14:02:00,15.87,--,2,3174,买盘
810,14:01:57,15.87,0.01,40,63480,买盘
811,14:01:54,15.86,-0.01,125,198250,卖盘
812,14:01:51,15.87,--,263,417381,买盘
813,14:01:48,15.87,--,101,160287,买盘
814,14:01:45,15.87,--,21,33327,买盘
815,14:01:39,15.87,--,20,31740,买盘
816,14:01:36,15.87,--,44,69828,买盘
817,14:01:33,15.87,--,79,125373,买盘
818,14:01:30,15.87,--,161,255507,卖盘
819,14:01:27,15.87,--,21,33327,卖盘
820,14:01:21,15.87,--,76,120612,卖盘
821,14:01:18,15.87,0.01,23,36501,买盘
822,14:01:15,15.86,--,2,3172,卖盘
823,14:01:09,15.86,--,2,3172,卖盘
824,14:01:06,15.86,-0.01,36,57096,卖盘
825,14:01:03,15.87,0.02,1,1587,买盘
826,14:01:00,15.85,-0.01,20,31700,卖盘
827,14:00:57,15.86,--,13,20618,买盘
828,14:00:54,15.86,0.01,1,1586,买盘
829,14:00:51,15.85,--,2,3170,卖盘
830,14:00:48,15.85,--,83,131618,买盘
831,14:00:45,15.85,--,209,331265,买盘
832,14:00:42,15.85,0.01,9,14265,买盘
833,14:00:39,15.84,-0.01,96,152064,卖盘
834,14:00:27,15.85,0.01,11,17435,买盘
835,14:00:24,15.84,--,44,69696,买盘
836,14:00:21,15.84,--,73,115632,买盘
837,14:00:15,15.84,--,5,7920,买盘
838,14:00:12,15.84,--,112,177408,买盘
839,14:00:09,15.84,0.01,46,72864,买盘
840,14:00:03,15.83,-0.01,32,50656,卖盘
841,14:00:00,15.84,--,105,166320,买盘
842,13:59:57,15.84,--,56,88704,买盘
843,13:59:51,15.84,--,30,47520,买盘
844,13:59:48,15.84,0.01,7,11088,买盘
845,13:59:45,15.83,-0.01,21,33243,卖盘
846,13:59:42,15.84,--,38,60192,买盘
847,13:59:39,15.84,--,40,63360,买盘
848,13:59:36,15.84,--,179,283536,买盘
849,13:59:33,15.84,--,261,413424,卖盘
850,13:59:30,15.84,-0.01,4,6336,卖盘
851,13:59:27,15.85,--,315,499275,买盘
852,13:59:21,15.85,--,35,55475,买盘
853,13:59:18,15.85,--,25,39625,买盘
854,13:59:15,15.85,--,13,20605,买盘
855,13:59:12,15.85,0.01,13,20605,买盘
856,13:59:09,15.84,-0.01,70,110880,卖盘
857,13:59:03,15.85,--,20,31700,买盘
858,13:58:57,15.85,--,65,103025,买盘
859,13:58:51,15.85,0.01,16,25360,买盘
860,13:58:51,15.84,-0.01,56,88704,卖盘
861,13:58:45,15.85,0.01,134,213784,买盘
862,13:58:42,15.84,--,16,25344,买盘
863,13:58:39,15.84,--,5,7920,买盘
864,13:58:36,15.84,--,123,194832,买盘
865,13:58:24,15.84,--,3,4752,买盘
866,13:58:21,15.84,--,75,118800,买盘
867,13:58:18,15.84,--,16,25534,卖盘
868,13:58:09,15.84,--,22,34848,卖盘
869,13:58:06,15.84,-0.01,166,264337,卖盘
870,13:58:03,15.85,--,43,68155,买盘
871,13:58:00,15.85,0.03,188,297980,买盘
872,13:57:54,15.82,--,33,52206,卖盘
873,13:57:51,15.82,-0.02,15,23730,卖盘
874,13:57:45,15.84,--,84,133056,买盘
875,13:57:42,15.84,--,65,102960,买盘
876,13:57:39,15.84,--,42,66528,买盘
877,13:57:36,15.84,0.03,63,99792,买盘
878,13:57:33,15.81,0.01,263,415803,中性盘
879,13:57:21,15.8,--,20,31600,卖盘
880,13:57:18,15.8,-0.02,20,31600,卖盘
881,13:57:15,15.82,0.01,57,90174,买盘
882,13:57:12,15.81,0.01,50,79050,买盘
883,13:57:06,15.8,--,63,99540,卖盘
884,13:57:06,15.8,--,105,165900,卖盘
885,13:57:00,15.8,--,11,17380,卖盘
886,13:56:57,15.8,--,49,77420,卖盘
887,13:56:51,15.8,0.01,39,61620,中性盘
888,13:56:48,15.79,-0.01,59,93161,卖盘
889,13:56:45,15.8,0.01,15,23700,买盘
890,13:56:42,15.79,--,113,178427,卖盘
891,13:56:39,15.79,-0.01,10,15790,卖盘
892,13:56:36,15.8,--,16,25280,买盘
893,13:56:33,15.8,--,43,67940,买盘
894,13:56:30,15.8,--,38,60040,买盘
895,13:56:27,15.8,0.01,23,36340,卖盘
896,13:56:24,15.79,--,26,41054,卖盘
897,13:56:21,15.79,--,16,25264,卖盘
898,13:56:18,15.79,-0.01,49,77371,卖盘
899,13:56:15,15.8,0.01,35,55300,买盘
900,13:56:12,15.79,--,33,52107,卖盘
901,13:56:09,15.79,--,4,6316,卖盘
902,13:56:06,15.79,--,58,91582,卖盘
903,13:56:00,15.79,-0.01,19,30001,卖盘
904,13:55:57,15.8,0.01,130,205400,买盘
905,13:55:51,15.79,--,13,20527,买盘
906,13:55:48,15.79,--,45,71055,买盘
907,13:55:45,15.79,-0.01,10,15790,卖盘
908,13:55:42,15.8,-0.01,130,205400,买盘
909,13:55:39,15.81,--,28,44268,买盘
910,13:55:36,15.81,0.01,730,1154130,买盘
911,13:55:33,15.8,--,20,31600,卖盘
912,13:55:27,15.8,--,151,238580,卖盘
913,13:55:24,15.8,--,42,66360,买盘
914,13:55:21,15.8,0.01,211,333380,买盘
915,13:55:15,15.79,-0.01,10,15790,卖盘
916,13:55:12,15.8,--,78,123240,卖盘
917,13:55:09,15.8,--,81,127980,买盘
918,13:55:06,15.8,--,32,50560,买盘
919,13:55:03,15.8,0.01,79,124820,买盘
920,13:55:00,15.79,-0.01,130,205270,卖盘
921,13:54:57,15.8,0.01,151,238580,买盘
922,13:54:51,15.79,--,23,36317,卖盘
923,13:54:48,15.79,--,70,110530,卖盘
924,13:54:42,15.79,-0.01,31,48949,卖盘
925,13:54:39,15.8,0.01,125,197500,买盘
926,13:54:36,15.79,-0.01,11,17369,卖盘
927,13:54:33,15.8,--,18,28440,买盘
928,13:54:30,15.8,--,74,117425,卖盘
929,13:54:27,15.8,--,200,316000,卖盘
930,13:54:21,15.8,--,13,21614,买盘
931,13:54:18,15.8,0.02,11,17380,买盘
932,13:54:15,15.78,-0.01,211,332958,卖盘
933,13:54:12,15.79,--,279,440541,卖盘
934,13:54:09,15.79,-0.01,52,82108,卖盘
935,13:54:06,15.8,--,25,39500,买盘
936,13:53:57,15.8,--,99,156925,卖盘
937,13:53:54,15.8,--,284,449794,买盘
938,13:53:51,15.8,-0.01,196,310185,卖盘
939,13:53:48,15.81,0.01,626,989706,买盘
940,13:53:42,15.8,--,139,219620,卖盘
941,13:53:39,15.8,-0.01,124,195920,卖盘
942,13:53:33,15.81,0.01,18,28458,买盘
943,13:53:30,15.8,--,45,71100,卖盘
944,13:53:27,15.8,-0.01,8,12640,卖盘
945,13:53:24,15.81,--,147,232407,买盘
946,13:53:21,15.81,--,45,71145,买盘
947,13:53:18,15.81,--,7,11067,买盘
948,13:53:15,15.81,-0.01,75,118575,卖盘
949,13:53:12,15.82,--,9,14238,买盘
950,13:53:09,15.82,--,190,300580,买盘
951,13:53:06,15.82,0.01,14,22148,买盘
952,13:53:02,15.81,-0.01,83,131223,卖盘
953,13:52:59,15.82,-0.01,77,121814,中性盘
954,13:52:56,15.83,0.02,44,69652,买盘
955,13:52:53,15.81,-0.01,54,85374,卖盘
956,13:52:50,15.82,0.01,41,64862,买盘
957,13:52:47,15.81,--,10,15810,卖盘
958,13:52:44,15.81,-0.01,46,72726,卖盘
959,13:52:41,15.82,--,105,166110,卖盘
960,13:52:38,15.82,-0.01,42,66444,中性盘
961,13:52:32,15.83,0.01,160,254356,买盘
962,13:52:26,15.82,0.02,328,518896,买盘
963,13:52:20,15.8,-0.02,86,135880,卖盘
964,13:52:17,15.82,--,3,4746,买盘
965,13:52:14,15.82,--,43,68026,买盘
966,13:52:11,15.82,-0.01,183,289506,卖盘
967,13:52:08,15.83,-0.01,122,193126,买盘
968,13:52:02,15.84,--,2011,3185424,买盘
969,13:51:59,15.84,0.01,41,64944,买盘
970,13:51:53,15.83,--,78,123474,卖盘
971,13:51:50,15.83,--,44,69652,卖盘
972,13:51:47,15.83,-0.02,60,94980,卖盘
973,13:51:44,15.85,0.01,38,60230,买盘
974,13:51:41,15.84,--,201,318384,卖盘
975,13:51:38,15.84,--,153,242352,卖盘
976,13:51:35,15.84,-0.01,10,15840,卖盘
977,13:51:32,15.85,--,21,33285,买盘
978,13:51:29,15.85,--,26,41210,买盘
979,13:51:26,15.85,--,119,188615,买盘
980,13:51:23,15.85,--,64,101440,买盘
981,13:51:20,15.85,--,5,7925,买盘
982,13:51:17,15.85,-0.02,3667,5812195,卖盘
983,13:51:11,15.87,--,47,74589,卖盘
984,13:51:08,15.87,--,24,38088,卖盘
985,13:51:05,15.87,--,708,1123596,卖盘
986,13:51:02,15.87,-0.01,120,190440,卖盘
987,13:50:59,15.88,--,60,95280,买盘
988,13:50:53,15.88,0.01,112,177856,买盘
989,13:50:50,15.87,-0.01,19,30153,卖盘
990,13:50:47,15.88,--,4,6352,买盘
991,13:50:41,15.88,--,10,15880,买盘
992,13:50:38,15.88,--,2,3176,买盘
993,13:50:35,15.88,--,16,25408,买盘
994,13:50:32,15.88,-0.01,817,1298221,卖盘
995,13:50:29,15.89,--,54,85806,买盘
996,13:50:26,15.89,--,52,82628,买盘
997,13:50:23,15.89,--,170,270130,买盘
998,13:50:20,15.89,--,6,9534,买盘
999,13:50:14,15.89,--,4,6356,买盘
1000,13:50:11,15.89,--,169,268541,卖盘
1001,13:49:59,15.89,--,177,281253,卖盘
1002,13:49:53,15.89,-0.01,40,63560,卖盘
1003,13:49:44,15.9,--,10,15900,买盘
1004,13:49:41,15.9,--,21,33390,买盘
1005,13:49:38,15.9,-0.01,111,176490,卖盘
1006,13:49:35,15.91,--,4,6364,买盘
1007,13:49:29,15.91,--,16,25456,买盘
1008,13:49:26,15.91,0.01,6,9546,买盘
1009,13:49:20,15.9,-0.01,8,12720,卖盘
1010,13:49:14,15.91,-0.01,122,194102,卖盘
1011,13:49:08,15.92,--,5,7960,买盘
1012,13:49:05,15.92,0.01,17,27064,买盘
1013,13:48:59,15.91,-0.01,25,39775,卖盘
1014,13:48:53,15.92,--,12,19104,买盘
1015,13:48:50,15.92,--,58,92336,卖盘
1016,13:48:47,15.92,--,10,15920,买盘
1017,13:48:44,15.92,--,109,173528,卖盘
1018,13:48:41,15.92,--,1,1592,卖盘
1019,13:48:38,15.92,--,8,12736,买盘
1020,13:48:35,15.92,0.01,3,4776,买盘
1021,13:48:32,15.91,--,3,4773,卖盘
1022,13:48:20,15.91,-0.01,13,20683,卖盘
1023,13:48:17,15.92,0.02,7,11144,买盘
1024,13:48:14,15.9,--,148,235320,买盘
1025,13:48:11,15.9,--,39,62010,买盘
1026,13:48:05,15.9,0.01,113,179670,买盘
1027,13:48:02,15.89,-0.01,57,90573,卖盘
1028,13:47:59,15.9,0.01,7,11130,买盘
1029,13:47:56,15.89,--,2,3178,卖盘
1030,13:47:53,15.89,-0.01,5,7945,卖盘
1031,13:47:50,15.9,0.01,47,74730,买盘
1032,13:47:44,15.89,--,85,135065,买盘
1033,13:47:41,15.89,--,34,54026,买盘
1034,13:47:38,15.89,0.01,37,58793,买盘
1035,13:47:35,15.88,-0.01,14,22232,卖盘
1036,13:47:32,15.89,0.01,51,81039,买盘
1037,13:47:29,15.88,-0.01,1,1588,卖盘
1038,13:47:26,15.89,--,12,19068,买盘
1039,13:47:23,15.89,--,26,41314,买盘
1040,13:47:17,15.89,--,20,31780,买盘
1041,13:47:11,15.89,--,31,49259,买盘
1042,13:47:05,15.89,--,61,96929,买盘
1043,13:47:02,15.89,--,10,15890,买盘
1044,13:46:56,15.89,-0.01,230,365470,卖盘
1045,13:46:50,15.9,--,33,52470,买盘
1046,13:46:47,15.9,--,10,15900,买盘
1047,13:46:44,15.9,0.01,30,47700,买盘
1048,13:46:41,15.89,--,134,212926,卖盘
1049,13:46:35,15.89,-0.01,25,39725,卖盘
1050,13:46:32,15.9,--,197,313230,买盘
1051,13:46:26,15.9,0.01,101,160590,买盘
1052,13:46:23,15.89,-0.01,31,49259,卖盘
1053,13:46:20,15.9,--,216,343440,买盘
1054,13:46:14,15.9,--,10,15900,买盘
1055,13:46:11,15.9,--,45,71550,买盘
1056,13:46:08,15.9,--,34,54060,买盘
1057,13:46:05,15.9,--,87,138330,买盘
1058,13:46:02,15.9,--,14,22260,买盘
1059,13:45:59,15.9,--,37,58830,买盘
1060,13:45:56,15.9,0.01,42,66780,买盘
1061,13:45:53,15.89,-0.01,26,41314,卖盘
1062,13:45:50,15.9,--,4,6360,买盘
1063,13:45:47,15.9,0.01,5,7950,买盘
1064,13:45:44,15.89,-0.01,89,141421,卖盘
1065,13:45:38,15.9,--,62,98580,买盘
1066,13:45:35,15.9,0.01,302,480180,买盘
1067,13:45:32,15.89,-0.01,37,58793,卖盘
1068,13:45:29,15.9,0.01,13,20670,买盘
1069,13:45:20,15.89,-0.01,6,9534,卖盘
1070,13:45:17,15.9,0.01,72,114480,买盘
1071,13:45:14,15.89,--,460,730940,卖盘
1072,13:45:08,15.89,--,51,81039,卖盘
1073,13:45:05,15.89,0.01,3,4767,卖盘
1074,13:44:59,15.88,-0.01,164,260432,卖盘
1075,13:44:56,15.89,--,15,23835,卖盘
1076,13:44:53,15.89,--,48,76272,卖盘
1077,13:44:50,15.89,--,86,136654,卖盘
1078,13:44:47,15.89,--,55,87395,卖盘
1079,13:44:44,15.89,--,24,38136,卖盘
1080,13:44:32,15.89,--,8,12712,买盘
1081,13:44:29,15.89,--,52,82628,卖盘
1082,13:44:26,15.89,--,163,259007,买盘
1083,13:44:23,15.89,--,20,31780,买盘
1084,13:44:20,15.89,--,135,214515,卖盘
1085,13:44:11,15.89,--,34,54026,买盘
1086,13:44:08,15.89,--,89,141421,买盘
1087,13:44:05,15.89,--,27,42903,买盘
1088,13:43:59,15.89,--,14,22246,买盘
1089,13:43:56,15.89,0.01,2,3178,买盘
1090,13:43:53,15.88,--,110,174680,卖盘
1091,13:43:50,15.88,-0.02,131,208028,卖盘
1092,13:43:47,15.9,--,53,84270,买盘
1093,13:43:41,15.9,--,1,1590,买盘
1094,13:43:38,15.9,-0.03,2841,4517190,卖盘
1095,13:43:35,15.93,--,7,11151,买盘
1096,13:43:32,15.93,--,296,472802,卖盘
1097,13:43:26,15.93,--,80,127440,卖盘
1098,13:43:23,15.93,-0.02,200,318600,卖盘
1099,13:43:20,15.95,0.02,5,7975,买盘
1100,13:43:14,15.93,-0.01,90,143370,卖盘
1101,13:43:11,15.94,--,47,74918,卖盘
1102,13:43:02,15.94,-0.01,50,79700,卖盘
1103,13:42:59,15.95,--,36,57420,卖盘
1104,13:42:56,15.95,-0.01,2,3190,卖盘
1105,13:42:53,15.96,--,65,103740,买盘
1106,13:42:50,15.96,0.01,33,52668,买盘
1107,13:42:47,15.95,0.01,50,79750,买盘
1108,13:42:44,15.94,-0.01,35,55790,卖盘
1109,13:42:41,15.95,-0.01,84,133980,卖盘
1110,13:42:38,15.96,--,27,43092,买盘
1111,13:42:35,15.96,--,158,252168,买盘
1112,13:42:32,15.96,--,916,1461936,买盘
1113,13:42:29,15.96,--,35,55860,买盘
1114,13:42:26,15.96,-0.01,554,885333,卖盘
1115,13:42:23,15.97,--,21,33537,卖盘
1116,13:42:20,15.97,--,21,33537,卖盘
1117,13:42:17,15.97,--,71,113387,卖盘
1118,13:42:11,15.97,-0.02,45,71865,卖盘
1119,13:42:08,15.99,0.02,62,99138,买盘
1120,13:42:02,15.97,0.01,48,77103,买盘
1121,13:41:56,15.96,-0.01,7,11172,卖盘
1122,13:41:50,15.97,--,50,79850,买盘
1123,13:41:47,15.97,--,506,808082,买盘
1124,13:41:44,15.97,--,62,99014,买盘
1125,13:41:41,15.97,0.01,1,1597,买盘
1126,13:41:38,15.96,-0.01,31,49476,卖盘
1127,13:41:32,15.97,0.01,50,79850,买盘
1128,13:41:29,15.96,--,26,41496,卖盘
1129,13:41:26,15.96,--,10,15960,卖盘
1130,13:41:17,15.96,-0.01,27,43092,卖盘
1131,13:41:14,15.97,0.01,8,12776,买盘
1132,13:41:08,15.96,--,12,19152,买盘
1133,13:41:05,15.96,-0.01,41,66585,卖盘
1134,13:41:02,15.97,--,22,35134,买盘
1135,13:40:56,15.97,--,84,134148,买盘
1136,13:40:53,15.97,--,44,70268,买盘
1137,13:40:47,15.97,--,18,28746,买盘
1138,13:40:44,15.97,--,10,15970,买盘
1139,13:40:41,15.97,--,734,1172198,买盘
1140,13:40:35,15.97,--,162,258714,买盘
1141,13:40:32,15.97,--,225,359325,买盘
1142,13:40:26,15.97,--,314,501458,买盘
1143,13:40:23,15.97,--,34,54298,买盘
1144,13:40:20,15.97,0.01,21,33537,买盘
1145,13:40:17,15.96,-0.01,2,3192,卖盘
1146,13:40:14,15.97,--,87,139386,买盘
1147,13:40:08,15.97,--,3,4791,买盘
1148,13:40:02,15.97,--,34,54298,买盘
1149,13:39:59,15.97,0.01,6,9582,买盘
1150,13:39:56,15.96,--,2,3192,卖盘
1151,13:39:53,15.96,-0.01,26,41496,卖盘
1152,13:39:44,15.97,--,2,3194,买盘
1153,13:39:41,15.97,0.01,39,62283,买盘
1154,13:39:35,15.96,-0.01,26,41496,卖盘
1155,13:39:32,15.97,--,30,47910,买盘
1156,13:39:26,15.97,--,83,132551,买盘
1157,13:39:20,15.97,--,20,31940,买盘
1158,13:39:17,15.97,--,7,11179,买盘
1159,13:39:11,15.97,-0.01,289,461533,卖盘
1160,13:39:08,15.98,0.01,5,7990,买盘
1161,13:39:05,15.97,--,1,1597,卖盘
1162,13:38:56,15.97,--,5,7985,卖盘
1163,13:38:50,15.97,--,34,54298,买盘
1164,13:38:44,15.97,--,10,15970,买盘
1165,13:38:41,15.97,--,3,4791,买盘
1166,13:38:38,15.97,--,22,35134,买盘
1167,13:38:35,15.97,--,9,14373,买盘
1168,13:38:26,15.97,--,28,44716,买盘
1169,13:38:23,15.97,--,1,1597,买盘
1170,13:38:17,15.97,--,19,30343,买盘
1171,13:38:14,15.97,--,27,43119,买盘
1172,13:38:11,15.97,--,6,9582,买盘
1173,13:38:08,15.97,0.01,33,52701,买盘
1174,13:38:05,15.96,-0.01,22,35112,卖盘
1175,13:38:02,15.97,--,16,25552,买盘
1176,13:37:59,15.97,--,310,495070,买盘
1177,13:37:53,15.97,--,5,7985,买盘
1178,13:37:50,15.97,--,11,17567,买盘
1179,13:37:44,15.97,--,30,47910,买盘
1180,13:37:41,15.97,--,11,17567,买盘
1181,13:37:38,15.97,--,13,20761,买盘
1182,13:37:35,15.97,--,418,667546,买盘
1183,13:37:26,15.97,0.01,3,4791,买盘
1184,13:37:23,15.96,-0.01,27,43092,卖盘
1185,13:37:14,15.97,0.01,100,159700,买盘
1186,13:37:11,15.96,-0.01,10,15960,卖盘
1187,13:37:08,15.97,0.01,12,19164,买盘
1188,13:37:05,15.96,-0.01,1,1596,卖盘
1189,13:37:02,15.97,0.01,32,51104,买盘
1190,13:36:59,15.96,-0.01,10,15960,卖盘
1191,13:36:56,15.97,0.01,7,11179,买盘
1192,13:36:53,15.96,-0.01,9,14364,卖盘
1193,13:36:47,15.97,--,16,25552,买盘
1194,13:36:44,15.97,--,10,15970,买盘
1195,13:36:32,15.97,0.01,33,52701,买盘
1196,13:36:29,15.96,-0.01,2,3192,卖盘
1197,13:36:26,15.97,--,3,4791,买盘
1198,13:36:23,15.97,--,1,1597,买盘
1199,13:36:17,15.97,--,10,15970,买盘
1200,13:36:14,15.97,--,1,1597,买盘
1201,13:36:08,15.97,-0.02,328,523816,卖盘
1202,13:36:05,15.99,-0.01,5,7995,卖盘
1203,13:35:56,16.0,0.01,1,1600,买盘
1204,13:35:53,15.99,--,125,199875,卖盘
1205,13:35:50,15.99,--,19,30381,卖盘
1206,13:35:44,15.99,--,102,163098,卖盘
1207,13:35:41,15.99,0.01,139,222261,买盘
1208,13:35:32,15.98,--,10,15980,买盘
1209,13:35:29,15.98,0.01,5,7990,买盘
1210,13:35:26,15.97,-0.01,15,23955,卖盘
1211,13:35:23,15.98,--,4,6392,买盘
1212,13:35:20,15.98,-0.01,278,444244,卖盘
1213,13:35:17,15.99,0.01,4,6396,买盘
1214,13:35:14,15.98,--,3,4794,卖盘
1215,13:35:11,15.98,-0.01,38,60724,卖盘
1216,13:35:08,15.99,0.01,3,4797,买盘
1217,13:34:56,15.98,--,15,23970,卖盘
1218,13:34:53,15.98,-0.01,23,36754,卖盘
1219,13:34:44,15.99,--,4,6396,买盘
1220,13:34:38,15.99,--,10,15990,买盘
1221,13:34:35,15.99,--,5,7995,买盘
1222,13:34:29,15.99,-0.01,276,441324,卖盘
1223,13:34:23,16.0,0.01,62,99200,买盘
1224,13:34:20,15.99,--,41,65559,卖盘
1225,13:34:17,15.99,-0.01,50,79950,卖盘
1226,13:34:14,16.0,--,31,49600,买盘
1227,13:34:11,16.0,--,10,16000,买盘
1228,13:34:08,16.0,-0.01,56,90432,卖盘
1229,13:34:05,16.01,0.01,37,59237,买盘
1230,13:33:59,16.0,--,13,20800,卖盘
1231,13:33:53,16.0,--,9,15168,买盘
1232,13:33:47,16.0,--,44,70400,买盘
1233,13:33:44,16.0,0.01,30,48000,买盘
1234,13:33:41,15.99,-0.01,25,39975,卖盘
1235,13:33:35,16.0,--,26,41600,买盘
1236,13:33:31,16.0,--,5,8000,买盘
1237,13:33:22,16.0,0.02,37,59200,买盘
1238,13:33:10,15.98,-0.02,24,38352,卖盘
1239,13:33:07,16.0,0.01,300,480000,买盘
1240,13:32:58,15.99,0.01,107,171093,买盘
1241,13:32:55,15.98,-0.02,196,313208,卖盘
1242,13:32:52,16.0,--,10,16000,买盘
1243,13:32:49,16.0,0.01,2,3200,买盘
1244,13:32:43,15.99,--,45,71955,卖盘
1245,13:32:37,15.99,--,8,12792,卖盘
1246,13:32:34,15.99,--,30,47970,买盘
1247,13:32:28,15.99,0.01,20,31980,买盘
1248,13:32:25,15.98,--,12,19176,卖盘
1249,13:32:19,15.98,0.01,22,35156,买盘
1250,13:32:16,15.97,--,10,15970,买盘
1251,13:32:13,15.97,0.01,26,41522,买盘
1252,13:32:01,15.96,--,40,63840,卖盘
1253,13:31:58,15.96,--,1,1596,买盘
1254,13:31:55,15.96,--,115,183540,买盘
1255,13:31:49,15.96,--,64,102144,买盘
1256,13:31:46,15.96,--,31,49476,买盘
1257,13:31:43,15.96,--,36,57456,买盘
1258,13:31:40,15.96,--,2,3192,买盘
1259,13:31:37,15.96,0.01,2,3192,买盘
1260,13:31:34,15.95,-0.01,221,352495,卖盘
1261,13:31:31,15.96,0.01,10,15960,买盘
1262,13:31:25,15.95,-0.01,190,303050,卖盘
1263,13:31:22,15.96,--,6,9576,买盘
1264,13:31:19,15.96,--,105,167580,买盘
1265,13:31:16,15.96,0.01,20,31920,买盘
1266,13:31:13,15.95,-0.01,115,183425,卖盘
1267,13:31:10,15.96,--,5,7980,买盘
1268,13:31:04,15.96,--,6,9576,买盘
1269,13:30:58,15.96,0.01,235,375060,买盘
1270,13:30:55,15.95,-0.01,7,11165,卖盘
1271,13:30:52,15.96,--,75,119700,卖盘
1272,13:30:49,15.96,--,24,38304,卖盘
1273,13:30:46,15.96,--,2,3192,卖盘
1274,13:30:40,15.96,--,19,30324,卖盘
1275,13:30:37,15.96,--,87,138852,买盘
1276,13:30:31,15.96,0.01,1,1596,买盘
1277,13:30:22,15.95,--,83,132385,卖盘
1278,13:30:16,15.95,0.01,19,30305,买盘
1279,13:30:07,15.94,--,97,154936,买盘
1280,13:30:01,15.94,0.01,12,19128,买盘
1281,13:29:58,15.93,-0.01,2,3186,卖盘
1282,13:29:55,15.94,--,58,92452,买盘
1283,13:29:52,15.94,--,6,9564,买盘
1284,13:29:49,15.94,--,109,173746,买盘
1285,13:29:46,15.94,--,21,33474,买盘
1286,13:29:43,15.94,0.01,5,7970,买盘
1287,13:29:40,15.93,0.01,106,168858,买盘
1288,13:29:37,15.92,-0.01,96,152832,卖盘
1289,13:29:34,15.93,0.01,65,103545,买盘
1290,13:29:31,15.92,--,152,241984,卖盘
1291,13:29:28,15.92,-0.01,175,278600,卖盘
1292,13:29:25,15.93,0.01,54,86022,买盘
1293,13:29:19,15.92,-0.01,51,81192,卖盘
1294,13:29:16,15.93,--,135,215055,买盘
1295,13:29:13,15.93,0.02,139,221427,买盘
1296,13:29:07,15.91,-0.02,195,310245,卖盘
1297,13:29:01,15.93,0.02,21,33453,买盘
1298,13:28:58,15.91,-0.02,172,273652,卖盘
1299,13:28:55,15.93,0.01,21,33453,买盘
1300,13:28:52,15.92,-0.01,17,27064,卖盘
1301,13:28:49,15.93,0.01,45,71685,买盘
1302,13:28:46,15.92,--,43,68456,卖盘
1303,13:28:43,15.92,--,4,6368,卖盘
1304,13:28:40,15.92,--,29,46168,卖盘
1305,13:28:37,15.92,-0.01,3,4776,卖盘
1306,13:28:34,15.93,--,23,36639,买盘
1307,13:28:31,15.93,0.01,64,101952,买盘
1308,13:28:28,15.92,-0.01,16,25472,卖盘
1309,13:28:22,15.93,--,53,84429,买盘
1310,13:28:16,15.93,--,54,86022,卖盘
1311,13:28:13,15.93,-0.01,20,31860,卖盘
1312,13:28:10,15.94,0.01,10,15940,买盘
1313,13:28:07,15.93,-0.01,36,57348,卖盘
1314,13:27:58,15.94,0.01,1,1594,买盘
1315,13:27:55,15.93,-0.01,1,1593,卖盘
1316,13:27:52,15.94,-0.01,61,98509,卖盘
1317,13:27:49,15.95,0.01,3,4785,买盘
1318,13:27:43,15.94,-0.01,10,15940,卖盘
1319,13:27:40,15.95,0.01,52,82940,卖盘
1320,13:27:37,15.94,-0.01,10,16258,卖盘
1321,13:27:34,15.95,0.01,74,118030,买盘
1322,13:27:31,15.94,-0.01,46,73324,卖盘
1323,13:27:28,15.95,0.01,8,12760,买盘
1324,13:27:25,15.94,--,24,38256,卖盘
1325,13:27:22,15.94,-0.01,18,28692,卖盘
1326,13:27:16,15.95,--,18,28710,买盘
1327,13:27:13,15.95,--,40,63800,买盘
1328,13:27:10,15.95,--,50,79750,买盘
1329,13:27:07,15.95,-0.02,17,27115,卖盘
1330,13:27:04,15.97,0.02,37,59089,买盘
1331,13:26:58,15.95,--,74,118030,卖盘
1332,13:26:55,15.95,-0.02,4,6380,卖盘
1333,13:26:49,15.97,0.01,120,191640,买盘
1334,13:26:46,15.96,--,121,193116,买盘
1335,13:26:43,15.96,0.01,23,36708,买盘
1336,13:26:40,15.95,-0.01,39,62205,卖盘
1337,13:26:34,15.96,0.01,92,146832,买盘
1338,13:26:31,15.95,-0.01,58,92510,卖盘
1339,13:26:28,15.96,--,21,33516,买盘
1340,13:26:25,15.96,-0.01,15,23940,卖盘
1341,13:26:22,15.97,0.01,5,7985,买盘
1342,13:26:19,15.96,-0.01,24,38304,卖盘
1343,13:26:16,15.97,0.01,10,15970,买盘
1344,13:26:13,15.96,-0.01,56,89376,卖盘
1345,13:26:10,15.97,0.01,1,1597,中性盘
1346,13:26:07,15.96,-0.01,20,31920,卖盘
1347,13:26:04,15.97,--,94,150118,卖盘
1348,13:25:58,15.97,-0.01,2,3194,卖盘
1349,13:25:55,15.98,0.01,11,17578,买盘
1350,13:25:46,15.97,-0.01,10,15970,卖盘
1351,13:25:40,15.98,--,9,14382,买盘
1352,13:25:37,15.98,--,15,23970,买盘
1353,13:25:31,15.98,--,109,175460,卖盘
1354,13:25:25,15.98,--,60,95880,卖盘
1355,13:25:22,15.98,--,10,15980,卖盘
1356,13:25:16,15.98,-0.01,210,335580,卖盘
1357,13:25:10,15.99,--,24,38376,卖盘
1358,13:25:07,15.99,--,108,172692,卖盘
1359,13:25:01,15.99,--,53,84747,卖盘
1360,13:24:58,15.99,--,42,67158,卖盘
1361,13:24:52,15.99,--,88,140712,买盘
1362,13:24:46,15.99,0.01,20,31980,买盘
1363,13:24:43,15.98,-0.01,1,1598,卖盘
1364,13:24:40,15.99,--,38,60762,买盘
1365,13:24:34,15.99,--,37,59163,买盘
1366,13:24:28,15.99,--,2,3198,买盘
1367,13:24:25,15.99,--,2,3198,买盘
1368,13:24:22,15.99,--,93,148707,买盘
1369,13:24:16,15.99,--,4,6396,买盘
1370,13:24:10,15.99,--,8,12792,买盘
1371,13:24:07,15.99,-0.01,31,49569,卖盘
1372,13:24:04,16.0,0.01,7,11200,买盘
1373,13:24:01,15.99,--,97,155103,卖盘
1374,13:23:52,15.99,-0.01,34,54366,卖盘
1375,13:23:46,16.0,--,316,505600,买盘
1376,13:23:43,16.0,0.01,1,1600,买盘
1377,13:23:37,15.99,-0.01,34,54366,卖盘
1378,13:23:34,16.0,0.01,1,1600,买盘
1379,13:23:31,15.99,--,4,6396,卖盘
1380,13:23:28,15.99,--,10,15990,卖盘
1381,13:23:25,15.99,--,3,4797,卖盘
1382,13:23:16,15.99,--,49,78351,卖盘
1383,13:23:13,15.99,-0.01,12,19188,卖盘
1384,13:23:10,16.0,--,10,16000,买盘
1385,13:23:07,16.0,--,41,65600,买盘
1386,13:23:01,16.0,--,32,51200,买盘
1387,13:22:58,16.0,--,48,76800,买盘
1388,13:22:52,16.0,0.01,1,1600,买盘
1389,13:22:49,15.99,--,6,9594,卖盘
1390,13:22:46,15.99,-0.01,2,3198,卖盘
1391,13:22:34,16.0,0.01,6,9600,买盘
1392,13:22:28,15.99,--,48,76752,卖盘
1393,13:22:19,15.99,--,2,3198,卖盘
1394,13:22:16,15.99,--,2,3198,卖盘
1395,13:22:10,15.99,0.01,113,180687,买盘
1396,13:22:01,15.98,--,54,86292,卖盘
1397,13:21:58,15.98,--,20,31960,卖盘
1398,13:21:52,15.98,--,57,91086,卖盘
1399,13:21:49,15.98,-0.01,6,9588,卖盘
1400,13:21:46,15.99,0.01,16,25584,买盘
1401,13:21:43,15.98,--,42,67435,买盘
1402,13:21:40,15.98,--,2,3196,买盘
1403,13:21:37,15.98,--,20,33238,卖盘
1404,13:21:34,15.98,--,13,20774,卖盘
1405,13:21:28,15.98,--,12,19176,卖盘
1406,13:21:25,15.98,--,2,3196,卖盘
1407,13:21:22,15.98,--,8,12784,卖盘
1408,13:21:19,15.98,--,100,159800,卖盘
1409,13:21:16,15.98,-0.01,61,97478,卖盘
1410,13:21:10,15.99,--,11,17589,买盘
1411,13:21:07,15.99,0.01,3,4797,买盘
1412,13:21:01,15.98,--,46,73508,卖盘
1413,13:20:58,15.98,-0.01,16,25568,卖盘
1414,13:20:55,15.99,--,21,33579,买盘
1415,13:20:52,15.99,--,2,3198,买盘
1416,13:20:46,15.99,--,30,47970,卖盘
1417,13:20:43,15.99,--,1,1599,卖盘
1418,13:20:40,15.99,-0.01,36,57564,卖盘
1419,13:20:34,16.0,0.01,6,9600,买盘
1420,13:20:31,15.99,0.01,103,164697,买盘
1421,13:20:28,15.98,-0.01,1,1598,卖盘
1422,13:20:25,15.99,0.01,14,22386,买盘
1423,13:20:22,15.98,-0.01,5,7990,卖盘
1424,13:20:19,15.99,--,10,15990,买盘
1425,13:20:16,15.99,--,10,15990,买盘
1426,13:20:13,15.99,--,2,3198,买盘
1427,13:20:10,15.99,--,45,71955,卖盘
1428,13:20:07,15.99,-0.01,27,43173,卖盘
1429,13:20:04,16.0,0.01,20,32000,买盘
1430,13:20:01,15.99,--,302,482898,卖盘
1431,13:19:58,15.99,--,72,115128,卖盘
1432,13:19:52,15.99,--,17,27183,卖盘
1433,13:19:49,15.99,--,30,47970,卖盘
1434,13:19:46,15.99,-0.01,46,73554,卖盘
1435,13:19:43,16.0,--,54,86400,买盘
1436,13:19:40,16.0,--,100,160000,买盘
1437,13:19:37,16.0,--,202,323200,买盘
1438,13:19:34,16.0,0.01,51,81600,买盘
1439,13:19:28,15.99,--,10,15990,卖盘
1440,13:19:22,15.99,-0.01,24,38376,卖盘
1441,13:19:16,16.0,0.01,13,20800,买盘
1442,13:19:13,15.99,--,2,3198,卖盘
1443,13:19:10,15.99,-0.01,2,3198,卖盘
1444,13:19:07,16.0,--,27,43200,买盘
1445,13:19:01,16.0,--,9,14400,买盘
1446,13:18:58,16.0,0.01,5,8000,买盘
1447,13:18:55,15.99,--,21,33579,卖盘
1448,13:18:49,15.99,-0.01,333,532467,卖盘
1449,13:18:43,16.0,-0.01,51,81600,卖盘
1450,13:18:40,16.01,0.01,87,139287,买盘
1451,13:18:34,16.0,--,33,52800,卖盘
1452,13:18:31,16.0,--,55,88000,卖盘
1453,13:18:25,16.0,--,30,48000,卖盘
1454,13:18:22,16.0,-0.01,26,41600,卖盘
1455,13:18:19,16.01,--,62,99262,买盘
1456,13:18:13,16.01,0.01,12,19212,买盘
1457,13:18:10,16.0,-0.01,30,48000,卖盘
1458,13:18:07,16.01,0.01,10,16010,买盘
1459,13:18:04,16.0,--,60,96000,卖盘
1460,13:18:01,16.0,-0.01,45,72000,卖盘
1461,13:17:58,16.01,--,128,204928,买盘
1462,13:17:55,16.01,0.01,35,56035,买盘
1463,13:17:52,16.0,--,100,160000,卖盘
1464,13:17:49,16.0,-0.01,50,80000,卖盘
1465,13:17:43,16.01,0.01,1,1601,买盘
1466,13:17:40,16.0,-0.01,61,97600,卖盘
1467,13:17:31,16.01,--,13,20813,卖盘
1468,13:17:28,16.01,--,32,51232,卖盘
1469,13:17:25,16.01,--,6,9606,卖盘
1470,13:17:22,16.01,--,3,4803,卖盘
1471,13:17:19,16.01,--,3,4803,卖盘
1472,13:17:13,16.01,-0.01,30,48030,卖盘
1473,13:17:04,16.02,--,11,17622,买盘
1474,13:17:01,16.02,--,20,32040,卖盘
1475,13:16:58,16.02,--,34,54468,卖盘
1476,13:16:55,16.02,-0.01,116,185832,卖盘
1477,13:16:52,16.03,--,16,25648,买盘
1478,13:16:43,16.03,--,65,104195,买盘
1479,13:16:40,16.03,--,43,68929,卖盘
1480,13:16:34,16.03,--,8,12824,卖盘
1481,13:16:28,16.03,-0.01,25,40075,卖盘
1482,13:16:22,16.04,--,37,59348,买盘
1483,13:16:19,16.04,--,73,117092,买盘
1484,13:16:16,16.04,--,106,170024,买盘
1485,13:16:13,16.04,--,34,54536,买盘
1486,13:16:10,16.04,--,101,162004,买盘
1487,13:16:04,16.04,0.01,240,384960,买盘
1488,13:16:01,16.03,-0.01,20,32060,卖盘
1489,13:15:55,16.04,0.01,96,153984,买盘
1490,13:15:49,16.03,-0.01,10,16030,卖盘
1491,13:15:43,16.04,--,50,80200,买盘
1492,13:15:40,16.04,--,30,48120,买盘
1493,13:15:37,16.04,0.01,14,22456,买盘
1494,13:15:34,16.03,--,42,67326,卖盘
1495,13:15:31,16.03,-0.01,11,17633,卖盘
1496,13:15:25,16.04,0.01,12,19248,买盘
1497,13:15:22,16.03,--,68,109004,买盘
1498,13:15:19,16.03,0.01,1,1603,中性盘
1499,13:15:16,16.02,-0.02,58,92916,卖盘
1500,13:15:10,16.04,0.01,26,41704,买盘
1501,13:15:07,16.03,--,10,16030,买盘
1502,13:15:04,16.03,--,26,41678,买盘
1503,13:15:01,16.03,--,42,67326,买盘
1504,13:14:55,16.03,--,11,17633,买盘
1505,13:14:52,16.03,--,20,32060,买盘
1506,13:14:49,16.03,--,7,11221,买盘
1507,13:14:40,16.03,0.01,23,36869,买盘
1508,13:14:37,16.02,--,15,24030,卖盘
1509,13:14:31,16.02,--,244,390888,买盘
1510,13:14:28,16.02,0.01,7,11214,买盘
1511,13:14:25,16.01,-0.01,28,44828,卖盘
1512,13:14:22,16.02,--,30,48060,买盘
1513,13:14:19,16.02,--,10,16020,买盘
1514,13:14:16,16.02,--,4,6408,买盘
1515,13:14:13,16.02,0.01,9,14418,买盘
1516,13:14:10,16.01,-0.01,10,16010,卖盘
1517,13:14:04,16.02,--,29,46458,买盘
1518,13:13:58,16.02,0.02,14,22428,买盘
1519,13:13:55,16.0,--,20,32000,卖盘
1520,13:13:48,16.0,-0.02,5,8000,卖盘
1521,13:13:45,16.02,0.02,8,12816,买盘
1522,13:13:42,16.0,--,5,8000,卖盘
1523,13:13:39,16.0,0.01,12,19200,买盘
1524,13:13:36,15.99,-0.01,26,41574,卖盘
1525,13:13:33,16.0,--,22,35200,买盘
1526,13:13:30,16.0,--,60,96000,卖盘
1527,13:13:27,16.0,--,94,150400,买盘
1528,13:13:24,16.0,--,39,62400,买盘
1529,13:13:18,16.0,--,10,16000,买盘
1530,13:13:15,16.0,--,37,59200,买盘
1531,13:13:12,16.0,--,1,1600,买盘
1532,13:13:09,16.0,0.01,5,8000,买盘
1533,13:13:06,15.99,-0.01,49,78351,卖盘
1534,13:13:00,16.0,0.01,68,108800,买盘
1535,13:12:57,15.99,-0.01,11,17589,卖盘
1536,13:12:51,16.0,--,55,88000,买盘
1537,13:12:48,16.0,--,47,75200,买盘
1538,13:12:42,16.0,--,36,57600,买盘
1539,13:12:39,16.0,0.01,43,68800,买盘
1540,13:12:36,15.99,-0.01,1,1599,卖盘
1541,13:12:33,16.0,--,14,22400,买盘
1542,13:12:30,16.0,--,2,3200,买盘
1543,13:12:27,16.0,--,20,32000,买盘
1544,13:12:24,16.0,--,40,64000,买盘
1545,13:12:21,16.0,--,60,96000,买盘
1546,13:12:18,16.0,--,40,64000,买盘
1547,13:12:09,16.0,--,8,12800,买盘
1548,13:12:06,16.0,--,24,38400,买盘
1549,13:12:03,16.0,--,4,6400,买盘
1550,13:12:00,16.0,0.01,1,1600,买盘
1551,13:11:57,15.99,--,2,3198,卖盘
1552,13:11:54,15.99,--,11,17589,卖盘
1553,13:11:51,15.99,0.01,12,19188,卖盘
1554,13:11:48,15.98,-0.02,20,31960,卖盘
1555,13:11:42,16.0,0.02,20,32000,买盘
1556,13:11:39,15.98,-0.01,65,103870,卖盘
1557,13:11:36,15.99,--,29,46371,买盘
1558,13:11:27,15.99,--,1,1599,买盘
1559,13:11:24,15.99,--,3,4797,买盘
1560,13:11:15,15.99,--,13,20787,买盘
1561,13:11:09,15.99,0.01,87,139113,买盘
1562,13:11:03,15.98,--,1,1598,卖盘
1563,13:11:00,15.98,-0.01,12,19176,卖盘
1564,13:10:54,15.99,0.01,2,3198,买盘
1565,13:10:51,15.98,--,1,1598,卖盘
1566,13:10:48,15.98,--,60,95880,卖盘
1567,13:10:42,15.98,--,19,30362,卖盘
1568,13:10:39,15.98,--,31,49538,卖盘
1569,13:10:33,15.98,-0.01,7,11186,卖盘
1570,13:10:30,15.99,0.01,1,1599,买盘
1571,13:10:27,15.98,--,20,31960,卖盘
1572,13:10:24,15.98,0.02,2,3515,买盘
1573,13:10:21,15.96,-0.02,30,47880,卖盘
1574,13:10:18,15.98,--,6,9588,买盘
1575,13:10:09,15.98,0.02,10,15980,买盘
1576,13:10:06,15.96,-0.02,4,6384,中性盘
1577,13:09:54,15.98,0.02,49,78302,买盘
1578,13:09:51,15.96,--,19,30324,卖盘
1579,13:09:48,15.96,--,20,31920,卖盘
1580,13:09:42,15.96,--,5,7980,卖盘
1581,13:09:39,15.96,--,4,6384,买盘
1582,13:09:36,15.96,--,11,17556,买盘
1583,13:09:33,15.96,--,121,193116,买盘
1584,13:09:24,15.96,--,24,38304,买盘
1585,13:09:15,15.96,-0.01,196,312816,卖盘
1586,13:09:15,15.97,0.01,11,17567,买盘
1587,13:09:09,15.96,-0.01,91,145236,卖盘
1588,13:08:51,15.97,-0.01,39,62283,卖盘
1589,13:08:39,15.98,0.01,45,71910,买盘
1590,13:08:36,15.97,--,11,17567,卖盘
1591,13:08:33,15.97,--,8,12776,卖盘
1592,13:08:30,15.97,--,31,49507,卖盘
1593,13:08:27,15.97,-0.01,20,31940,卖盘
1594,13:08:24,15.98,--,16,25568,买盘
1595,13:08:21,15.98,--,11,17578,买盘
1596,13:08:15,15.98,--,3,4794,买盘
1597,13:08:12,15.98,-0.01,69,110262,卖盘
1598,13:07:57,15.99,--,91,145509,卖盘
1599,13:07:54,15.99,--,27,43173,卖盘
1600,13:07:51,15.99,--,8,12792,卖盘
1601,13:07:48,15.99,--,55,87945,卖盘
1602,13:07:42,15.99,--,57,91143,买盘
1603,13:07:39,15.99,--,112,179088,买盘
1604,13:07:36,15.99,--,4,6396,买盘
1605,13:07:33,15.99,0.01,10,15990,买盘
1606,13:07:30,15.98,--,20,31960,卖盘
1607,13:07:24,15.98,--,10,15980,卖盘
1608,13:07:15,15.98,-0.01,29,46342,卖盘
1609,13:07:09,15.99,--,35,55965,买盘
1610,13:07:03,15.99,0.01,77,123123,买盘
1611,13:06:57,15.98,-0.01,2,3196,卖盘
1612,13:06:51,15.99,--,63,100737,买盘
1613,13:06:48,15.99,--,27,43173,买盘
1614,13:06:45,15.99,--,2,3198,买盘
1615,13:06:42,15.99,0.01,12,19188,买盘
1616,13:06:36,15.98,0.02,39,62322,买盘
1617,13:06:27,15.96,-0.02,2,3192,卖盘
1618,13:06:24,15.98,0.02,1,1598,买盘
1619,13:06:18,15.96,-0.04,25,39900,卖盘
1620,13:06:15,16.0,--,2,3200,买盘
1621,13:06:12,16.0,0.01,123,196800,买盘
1622,13:06:09,15.99,--,6,9594,卖盘
1623,13:06:06,15.99,--,10,15990,卖盘
1624,13:06:03,15.99,--,14,22386,买盘
1625,13:06:00,15.99,-0.01,1,1599,卖盘
1626,13:05:54,16.0,0.01,182,291200,买盘
1627,13:05:51,15.99,--,3,4797,买盘
1628,13:05:48,15.99,0.04,140,223860,中性盘
1629,13:05:36,15.95,-0.04,47,74965,卖盘
1630,13:05:33,15.99,--,15,23985,买盘
1631,13:05:30,15.99,-0.01,17,27183,中性盘
1632,13:05:24,16.0,--,20,32000,买盘
1633,13:05:21,16.0,0.05,12,19200,买盘
1634,13:05:18,15.95,--,11,17545,买盘
1635,13:05:15,15.95,--,13,20735,买盘
1636,13:05:12,15.95,-0.05,18,28710,卖盘
1637,13:05:09,16.0,--,13,20800,买盘
1638,13:05:03,16.0,-0.01,944,1510400,卖盘
1639,13:05:00,16.01,--,2,3202,买盘
1640,13:04:54,16.01,0.01,158,252958,买盘
1641,13:04:45,16.0,--,132,211200,卖盘
1642,13:04:39,16.0,0.02,367,587200,买盘
1643,13:04:36,15.98,--,26,41548,买盘
1644,13:04:33,15.98,0.06,8,12784,买盘
1645,13:04:27,15.92,--,26,41392,卖盘
1646,13:04:21,15.92,--,69,109848,卖盘
1647,13:04:18,15.92,0.02,8,12736,中性盘
1648,13:04:15,15.9,-0.06,115,182850,卖盘
1649,13:04:09,15.96,0.04,32,51072,中性盘
1650,13:04:06,15.92,0.02,256,407552,中性盘
1651,13:04:03,15.9,-0.02,56,89040,卖盘
1652,13:04:00,15.92,--,20,31840,卖盘
1653,13:03:57,15.92,-0.04,11,17512,卖盘
1654,13:03:54,15.96,0.04,167,266532,买盘
1655,13:03:51,15.92,--,53,84376,卖盘
1656,13:03:48,15.92,0.02,2,3184,卖盘
1657,13:03:45,15.9,-0.02,317,504030,卖盘
1658,13:03:42,15.92,--,49,78008,买盘
1659,13:03:36,15.92,--,20,31840,买盘
1660,13:03:33,15.92,0.01,9,14328,买盘
1661,13:03:30,15.91,--,30,47730,卖盘
1662,13:03:27,15.91,-0.01,25,39775,卖盘
1663,13:03:24,15.92,--,65,103480,买盘
1664,13:03:21,15.92,--,16,25472,买盘
1665,13:03:18,15.92,--,9,14328,买盘
1666,13:03:15,15.92,0.01,40,63680,买盘
1667,13:03:12,15.91,-0.07,259,412069,卖盘
1668,13:03:06,15.98,0.01,38,60724,买盘
1669,13:03:00,15.97,0.05,62,99014,买盘
1670,13:02:57,15.92,-0.04,1,1592,卖盘
1671,13:02:54,15.96,0.07,1,1596,买盘
1672,13:02:48,15.89,-0.01,500,794500,卖盘
1673,13:02:45,15.9,--,51,81090,卖盘
1674,13:02:42,15.9,-0.02,120,190800,卖盘
1675,13:02:39,15.92,--,52,82784,买盘
1676,13:02:36,15.92,0.02,31,49352,买盘
1677,13:02:33,15.9,--,73,116070,买盘
1678,13:02:27,15.9,--,28,44520,买盘
1679,13:02:24,15.9,--,79,125610,买盘
1680,13:02:21,15.9,-0.01,32,50880,中性盘
1681,13:02:15,15.91,0.01,291,462981,买盘
1682,13:02:12,15.9,--,125,198750,卖盘
1683,13:02:09,15.9,--,10,15900,卖盘
1684,13:02:06,15.9,--,51,81090,卖盘
1685,13:02:03,15.9,-0.01,15,23850,卖盘
1686,13:02:00,15.91,0.01,110,175010,买盘
1687,13:01:54,15.9,--,60,95400,卖盘
1688,13:01:51,15.9,--,27,42930,卖盘
1689,13:01:48,15.9,--,12,19080,卖盘
1690,13:01:45,15.9,--,7,11130,卖盘
1691,13:01:42,15.9,-0.01,89,141510,卖盘
1692,13:01:39,15.91,0.01,7,11137,买盘
1693,13:01:36,15.9,--,22,34980,卖盘
1694,13:01:30,15.9,-0.01,2,3180,卖盘
1695,13:01:27,15.91,0.01,1,1591,买盘
1696,13:01:24,15.9,-0.01,300,477000,卖盘
1697,13:01:18,15.91,0.01,5,7955,买盘
1698,13:01:15,15.9,-0.01,67,106530,卖盘
1699,13:01:12,15.91,0.01,35,55685,买盘
1700,13:01:09,15.9,--,2,3180,卖盘
1701,13:01:06,15.9,-0.01,101,160590,卖盘
1702,13:01:00,15.91,--,23,36593,买盘
1703,13:00:54,15.91,--,23,36593,卖盘
1704,13:00:51,15.91,--,37,58867,卖盘
1705,13:00:45,15.91,--,10,15910,卖盘
1706,13:00:42,15.91,-0.02,64,101824,卖盘
1707,13:00:39,15.93,0.02,64,101952,买盘
1708,13:00:36,15.91,--,35,55685,卖盘
1709,13:00:27,15.91,-0.01,15,23865,卖盘
1710,13:00:24,15.92,--,2,3184,买盘
1711,13:00:21,15.92,0.01,44,70048,买盘
1712,13:00:18,15.91,-0.01,7,11137,卖盘
1713,13:00:15,15.92,--,28,44576,买盘
1714,13:00:12,15.92,--,183,291336,买盘
1715,13:00:09,15.92,--,986,1571288,卖盘
1716,13:00:03,15.92,--,924,1471008,卖盘
1717,11:30:01,15.92,-0.01,5,7960,卖盘
1718,11:29:58,15.93,0.01,81,129033,买盘
1719,11:29:55,15.92,-0.01,7,11144,卖盘
1720,11:29:52,15.93,--,11,17523,买盘
1721,11:29:49,15.93,--,4,6372,买盘
1722,11:29:46,15.93,--,102,162486,买盘
1723,11:29:43,15.93,--,3,4779,买盘
1724,11:29:40,15.93,--,7,11151,买盘
1725,11:29:37,15.93,--,188,299484,买盘
1726,11:29:31,15.93,--,68,108324,卖盘
1727,11:29:22,15.93,--,2,3186,卖盘
1728,11:29:19,15.93,--,20,31860,卖盘
1729,11:29:16,15.93,--,18,28674,卖盘
1730,11:29:13,15.93,--,3,4779,卖盘
1731,11:29:10,15.93,--,4,6372,卖盘
1732,11:29:07,15.93,-0.03,5,7965,卖盘
1733,11:29:04,15.96,0.04,15,23940,买盘
1734,11:28:58,15.92,0.02,30,47760,买盘
1735,11:28:55,15.9,-0.01,4,6360,卖盘
1736,11:28:52,15.91,-0.02,9,14319,中性盘
1737,11:28:49,15.93,--,21,33453,买盘
1738,11:28:46,15.93,0.01,369,587817,买盘
1739,11:28:43,15.92,--,129,205368,买盘
1740,11:28:40,15.92,--,55,87560,买盘
1741,11:28:37,15.92,0.01,5,7960,买盘
1742,11:28:34,15.91,0.01,47,74777,中性盘
1743,11:28:31,15.9,--,50,79500,卖盘
1744,11:28:28,15.9,-0.01,70,112842,卖盘
1745,11:28:25,15.91,--,328,521848,卖盘
1746,11:28:19,15.91,--,65,104321,买盘
1747,11:28:13,15.91,0.01,84,133644,买盘
1748,11:28:10,15.9,-0.01,12,19080,卖盘
1749,11:28:07,15.91,0.01,49,77959,买盘
1750,11:28:04,15.9,--,49,77910,卖盘
1751,11:28:01,15.9,--,87,138330,卖盘
1752,11:27:58,15.9,--,459,729810,卖盘
1753,11:27:55,15.9,--,11,17490,卖盘
1754,11:27:52,15.9,0.01,171,271890,买盘
1755,11:27:49,15.89,-0.01,205,325745,中性盘
1756,11:27:46,15.9,0.01,44,69960,买盘
1757,11:27:43,15.89,--,108,171612,卖盘
1758,11:27:40,15.89,-0.01,55,87395,卖盘
1759,11:27:37,15.9,0.01,46,73935,买盘
1760,11:27:34,15.89,--,42,66738,卖盘
1761,11:27:31,15.89,-0.01,25,39725,卖盘
1762,11:27:25,15.9,0.01,101,160590,买盘
1763,11:27:22,15.89,-0.01,18,28602,卖盘
1764,11:27:19,15.9,--,24,38160,买盘
1765,11:27:16,15.9,--,7,11130,买盘
1766,11:27:10,15.9,0.01,69,109710,卖盘
1767,11:27:04,15.89,--,195,309855,卖盘
1768,11:26:58,15.89,-0.01,175,278075,卖盘
1769,11:26:55,15.9,--,21,33390,卖盘
1770,11:26:52,15.9,--,28,44520,卖盘
1771,11:26:49,15.9,--,293,465870,买盘
1772,11:26:46,15.9,--,82,130380,买盘
1773,11:26:40,15.9,--,42,66780,买盘
1774,11:26:37,15.9,--,46,73140,买盘
1775,11:26:34,15.9,--,104,165360,买盘
1776,11:26:28,15.9,--,115,182850,买盘
1777,11:26:25,15.9,-0.01,148,235320,卖盘
1778,11:26:22,15.91,--,82,130462,买盘
1779,11:26:19,15.91,0.01,116,184556,买盘
1780,11:26:16,15.9,--,123,195570,卖盘
1781,11:26:13,15.9,--,44,69960,卖盘
1782,11:26:10,15.9,--,39,62010,卖盘
1783,11:26:07,15.9,--,277,440430,卖盘
1784,11:26:04,15.9,-0.01,322,511980,卖盘
1785,11:25:58,15.91,0.01,95,151145,买盘
1786,11:25:55,15.9,-0.01,223,354570,卖盘
1787,11:25:46,15.91,--,117,186147,买盘
1788,11:25:43,15.91,0.01,65,103415,买盘
1789,11:25:40,15.9,-0.02,283,449970,卖盘
1790,11:25:37,15.92,0.01,23,36616,买盘
1791,11:25:34,15.91,-0.01,13,20683,卖盘
1792,11:25:31,15.92,0.01,60,95520,买盘
1793,11:25:28,15.91,-0.01,47,74777,卖盘
1794,11:25:22,15.92,0.01,137,218104,买盘
1795,11:25:19,15.91,-0.01,231,367521,卖盘
1796,11:25:16,15.92,--,77,122584,买盘
1797,11:25:13,15.92,--,52,82784,买盘
1798,11:25:10,15.92,--,101,160792,买盘
1799,11:25:07,15.92,--,77,122584,卖盘
1800,11:25:04,15.92,-0.01,12,19104,卖盘
1801,11:25:01,15.93,0.01,23,36639,买盘
1802,11:24:58,15.92,--,403,641576,卖盘
1803,11:24:55,15.92,-0.01,146,232432,卖盘
1804,11:24:49,15.93,--,20,31860,买盘
1805,11:24:46,15.93,-0.02,138,220518,卖盘
1806,11:24:43,15.95,0.01,8,12760,中性盘
1807,11:24:40,15.94,-0.01,40,63760,卖盘
1808,11:24:34,15.95,--,109,173855,买盘
1809,11:24:31,15.95,0.01,10,15950,买盘
1810,11:24:28,15.94,0.01,21,33474,卖盘
1811,11:24:25,15.93,-0.02,101,160893,卖盘
1812,11:24:19,15.95,--,15,23925,卖盘
1813,11:24:16,15.95,--,25,39875,买盘
1814,11:24:10,15.95,0.01,123,196185,中性盘
1815,11:24:07,15.94,-0.02,87,138678,卖盘
1816,11:24:04,15.96,0.02,55,87780,买盘
1817,11:23:58,15.94,-0.01,238,379372,卖盘
1818,11:23:55,15.95,-0.01,2,3190,卖盘
1819,11:23:52,15.96,--,6,9576,买盘
1820,11:23:49,15.96,0.02,31,49476,买盘
1821,11:23:46,15.94,--,209,333146,卖盘
1822,11:23:37,15.94,--,11,17534,卖盘
1823,11:23:34,15.94,--,61,97234,卖盘
1824,11:23:31,15.94,--,20,31880,卖盘
1825,11:23:25,15.94,--,48,76512,卖盘
1826,11:23:22,15.94,0.01,199,317684,买盘
1827,11:23:19,15.93,--,64,101952,卖盘
1828,11:23:16,15.93,--,72,114696,卖盘
1829,11:23:13,15.93,-0.01,25,39825,卖盘
1830,11:23:10,15.94,--,89,141866,买盘
1831,11:23:04,15.94,--,10,15940,买盘
1832,11:22:58,15.94,-0.05,1307,2084473,卖盘
1833,11:22:55,15.99,0.02,110,175890,买盘
1834,11:22:52,15.97,-0.02,21,33537,卖盘
1835,11:22:49,15.99,--,30,47970,买盘
1836,11:22:46,15.99,--,218,348582,卖盘
1837,11:22:40,15.99,--,17,27183,卖盘
1838,11:22:37,15.99,-0.01,13,20787,卖盘
1839,11:22:34,16.0,0.01,10,16000,买盘
1840,11:22:31,15.99,-0.01,160,255840,卖盘
1841,11:22:25,16.0,--,20,32000,买盘
1842,11:22:22,16.0,0.01,5,8000,买盘
1843,11:22:19,15.99,--,15,23985,卖盘
1844,11:22:16,15.99,--,33,52767,卖盘
1845,11:22:13,15.99,-0.01,20,31980,卖盘
1846,11:22:10,16.0,--,4,6400,买盘
1847,11:22:07,16.0,0.02,40,64000,买盘
1848,11:22:04,15.98,-0.01,70,111860,卖盘
1849,11:21:58,15.99,-0.01,21,33579,卖盘
1850,11:21:55,16.0,--,32,51200,买盘
1851,11:21:52,16.0,-0.01,438,700800,卖盘
1852,11:21:46,16.01,-0.02,93,148893,卖盘
1853,11:21:43,16.03,--,2,3206,买盘
1854,11:21:40,16.03,-0.01,27,43281,买盘
1855,11:21:37,16.04,0.01,173,277492,买盘
1856,11:21:34,16.03,--,50,80150,买盘
1857,11:21:31,16.03,--,84,134652,卖盘
1858,11:21:28,16.03,--,17,27251,卖盘
1859,11:21:25,16.03,-0.01,3,4809,卖盘
1860,11:21:19,16.04,--,10,16040,买盘
1861,11:21:16,16.04,0.01,12,19248,买盘
1862,11:21:10,16.03,--,14,22442,卖盘
1863,11:21:07,16.03,-0.02,21,33663,卖盘
1864,11:21:04,16.05,0.02,37,59385,买盘
1865,11:21:01,16.03,--,20,32060,卖盘
1866,11:20:55,16.03,--,146,234038,买盘
1867,11:20:55,16.03,--,38,60914,买盘
1868,11:20:49,16.03,-0.02,16,25648,卖盘
1869,11:20:46,16.05,-0.01,30,48150,中性盘
1870,11:20:43,16.06,0.01,232,372591,买盘
1871,11:20:40,16.05,0.01,50,80250,买盘
1872,11:20:37,16.04,-0.02,110,176440,卖盘
1873,11:20:31,16.06,--,22,35332,卖盘
1874,11:20:28,16.06,0.01,274,440043,买盘
1875,11:20:25,16.05,--,168,269640,中性盘
1876,11:20:22,16.05,0.01,14,22470,中性盘
1877,11:20:19,16.04,-0.01,36,57744,卖盘
1878,11:20:13,16.05,--,10,16050,卖盘
1879,11:20:10,16.05,0.01,21,33705,买盘
1880,11:20:07,16.04,0.02,13,20852,买盘
1881,11:20:04,16.02,-0.01,50,80100,卖盘
1882,11:20:01,16.03,--,127,203581,买盘
1883,11:19:58,16.03,0.01,9,14427,买盘
1884,11:19:55,16.02,--,33,52866,卖盘
1885,11:19:52,16.02,--,19,30438,卖盘
1886,11:19:49,16.02,-0.01,24,38448,卖盘
1887,11:19:46,16.03,0.02,3,4809,买盘
1888,11:19:43,16.01,-0.01,22,35222,卖盘
1889,11:19:40,16.02,--,15,24030,卖盘
1890,11:19:37,16.02,0.01,180,288360,买盘
1891,11:19:34,16.01,--,30,48030,买盘
1892,11:19:28,16.01,-0.01,138,220938,中性盘
1893,11:19:25,16.02,0.01,45,72090,买盘
1894,11:19:22,16.01,--,86,137686,买盘
1895,11:19:19,16.01,--,6,9606,买盘
1896,11:19:10,16.01,0.01,50,80050,买盘
1897,11:19:07,16.0,--,90,144000,卖盘
1898,11:19:01,16.0,--,21,33600,卖盘
1899,11:18:58,16.0,--,41,65600,卖盘
1900,11:18:55,16.0,0.01,172,275200,买盘
1901,11:18:52,15.99,--,187,299013,买盘
1902,11:18:43,15.99,0.01,20,31980,买盘
1903,11:18:40,15.98,--,145,231710,卖盘
1904,11:18:37,15.98,--,27,43146,卖盘
1905,11:18:34,15.98,--,13,20774,卖盘
1906,11:18:31,15.98,--,235,375530,买盘
1907,11:18:22,15.98,0.01,55,87890,买盘
1908,11:18:16,15.97,0.01,127,202819,中性盘
1909,11:18:13,15.96,--,174,277704,卖盘
1910,11:18:10,15.96,--,41,65436,卖盘
1911,11:18:07,15.96,-0.01,36,57456,卖盘
1912,11:18:04,15.97,--,6,9582,买盘
1913,11:18:01,15.97,--,32,51104,买盘
1914,11:17:58,15.97,0.01,35,55895,买盘
1915,11:17:52,15.96,--,176,280896,买盘
1916,11:17:49,15.96,--,28,44688,买盘
1917,11:17:46,15.96,--,15,23940,买盘
1918,11:17:40,15.96,--,46,73416,买盘
1919,11:17:37,15.96,--,13,20748,买盘
1920,11:17:34,15.96,--,175,279300,买盘
1921,11:17:31,15.96,--,269,429324,卖盘
1922,11:17:25,15.96,0.01,190,303240,卖盘
1923,11:17:22,15.95,-0.02,100,159500,卖盘
1924,11:17:19,15.97,0.01,204,325788,买盘
1925,11:17:16,15.96,--,82,130872,买盘
1926,11:17:12,15.96,--,51,81396,买盘
1927,11:17:09,15.96,--,110,175560,买盘
1928,11:17:06,15.96,--,38,60648,买盘
1929,11:17:03,15.96,--,103,164388,买盘
1930,11:17:00,15.96,--,20,31920,买盘
1931,11:16:57,15.96,--,34,54264,买盘
1932,11:16:51,15.96,--,156,248976,卖盘
1933,11:16:48,15.96,-0.01,4,6384,卖盘
1934,11:16:42,15.97,--,20,31940,买盘
1935,11:16:39,15.97,--,87,138939,买盘
1936,11:16:36,15.97,--,31,49507,买盘
1937,11:16:30,15.97,0.01,83,132551,买盘
1938,11:16:27,15.96,-0.01,21,33516,卖盘
1939,11:16:24,15.97,0.01,14,22358,买盘
1940,11:16:18,15.96,-0.01,99,158004,卖盘
1941,11:16:15,15.97,--,2,3194,卖盘
1942,11:16:12,15.97,--,10,15970,卖盘
1943,11:16:09,15.97,--,25,39925,买盘
1944,11:16:03,15.97,--,77,122969,买盘
1945,11:16:00,15.97,0.01,33,52701,买盘
1946,11:15:57,15.96,-0.01,34,54264,卖盘
1947,11:15:54,15.97,0.01,159,253923,买盘
1948,11:15:51,15.96,--,15,23940,买盘
1949,11:15:48,15.96,--,64,102144,买盘
1950,11:15:45,15.96,--,157,250572,卖盘
1951,11:15:36,15.96,-0.01,61,97356,卖盘
1952,11:15:33,15.97,0.01,31,49507,买盘
1953,11:15:30,15.96,-0.01,55,87780,卖盘
1954,11:15:27,15.97,0.02,93,148521,买盘
1955,11:15:21,15.95,--,22,35090,卖盘
1956,11:15:18,15.95,-0.02,52,82940,卖盘
1957,11:15:15,15.97,0.01,115,183655,买盘
1958,11:15:12,15.96,--,47,75012,买盘
1959,11:15:09,15.96,--,21,33516,买盘
1960,11:15:06,15.96,--,413,659148,卖盘
1961,11:15:03,15.96,-0.02,232,370272,卖盘
1962,11:15:00,15.98,0.01,180,288119,买盘
1963,11:14:57,15.97,--,5,7985,买盘
1964,11:14:54,15.97,--,43,68671,买盘
1965,11:14:51,15.97,0.01,7,11179,买盘
1966,11:14:48,15.96,-0.01,378,604405,卖盘
1967,11:14:42,15.97,-0.01,24,38807,卖盘
1968,11:14:39,15.98,--,254,405892,买盘
1969,11:14:36,15.98,--,67,107066,买盘
1970,11:14:33,15.98,--,38,60724,买盘
1971,11:14:27,15.98,0.01,28,44744,买盘
1972,11:14:24,15.97,-0.03,311,497784,卖盘
1973,11:14:21,16.0,--,15,24000,买盘
1974,11:14:18,16.0,--,165,264000,买盘
1975,11:14:15,16.0,0.01,38,60800,买盘
1976,11:14:12,15.99,--,126,201474,卖盘
1977,11:14:09,15.99,-0.01,128,204672,卖盘
1978,11:14:06,16.0,0.02,22,35200,买盘
1979,11:14:03,15.98,-0.02,66,105468,卖盘
1980,11:13:57,16.0,0.01,44,70400,买盘
1981,11:13:54,15.99,-0.02,119,190281,卖盘
1982,11:13:51,16.01,0.02,10,16010,买盘
1983,11:13:48,15.99,0.01,119,190281,卖盘
1984,11:13:45,15.98,--,371,593337,卖盘
1985,11:13:39,15.98,-0.01,5,7990,卖盘
1986,11:13:36,15.99,0.02,59,94341,买盘
1987,11:13:33,15.97,--,150,239550,卖盘
1988,11:13:30,15.97,-0.01,320,511040,卖盘
1989,11:13:27,15.98,0.01,169,270062,卖盘
1990,11:13:24,15.97,-0.02,136,217990,卖盘
1991,11:13:18,15.99,0.01,187,299013,买盘
1992,11:13:15,15.98,0.01,131,209338,买盘
1993,11:13:09,15.97,--,75,119775,卖盘
1994,11:13:06,15.97,-0.01,20,31940,卖盘
1995,11:13:03,15.98,0.01,1,1598,买盘
1996,11:13:00,15.97,--,19,30343,卖盘
1997,11:12:57,15.97,--,209,333773,买盘
1998,11:12:54,15.97,--,54,86238,买盘
1999,11:12:51,15.97,0.01,101,161297,买盘
2000,11:12:48,15.96,-0.01,1,1596,卖盘
2001,11:12:45,15.97,0.01,26,41522,买盘
2002,11:12:39,15.96,0.01,168,268128,买盘
2003,11:12:36,15.95,--,471,751245,卖盘
2004,11:12:33,15.95,--,210,334950,卖盘
2005,11:12:30,15.95,--,19,30305,卖盘
2006,11:12:27,15.95,0.02,54,86130,卖盘
2007,11:12:24,15.93,--,79,125847,卖盘
2008,11:12:21,15.93,-0.02,150,238950,卖盘
2009,11:12:18,15.95,0.02,7,11165,买盘
2010,11:12:15,15.93,--,194,309472,卖盘
2011,11:12:09,15.93,-0.02,43,68499,卖盘
2012,11:12:06,15.95,0.04,69,110055,买盘
2013,11:12:03,15.91,0.01,51,81141,中性盘
2014,11:11:57,15.9,-0.03,579,920610,卖盘
2015,11:11:54,15.93,0.04,213,339309,买盘
2016,11:11:51,15.89,-0.01,27,42903,卖盘
2017,11:11:48,15.9,--,133,211470,买盘
2018,11:11:45,15.9,--,412,655080,买盘
2019,11:11:42,15.9,0.01,87,138330,买盘
2020,11:11:39,15.89,--,53,84217,卖盘
2021,11:11:36,15.89,--,48,76272,卖盘
2022,11:11:33,15.89,0.02,142,225638,买盘
2023,11:11:30,15.87,0.01,104,165048,买盘
2024,11:11:27,15.86,-0.01,18,28548,卖盘
2025,11:11:24,15.87,0.01,46,73002,买盘
2026,11:11:21,15.86,--,11,17446,卖盘
2027,11:11:18,15.86,--,59,93574,卖盘
2028,11:11:15,15.86,-0.03,146,231556,卖盘
2029,11:11:09,15.89,0.03,245,389305,买盘
2030,11:11:03,15.86,--,58,91988,买盘
2031,11:11:00,15.86,--,245,388570,买盘
2032,11:10:57,15.86,-0.02,309,490074,中性盘
2033,11:10:54,15.88,0.03,546,867048,买盘
2034,11:10:51,15.85,-0.01,150,237750,卖盘
2035,11:10:48,15.86,--,213,337818,卖盘
2036,11:10:45,15.86,--,78,123708,卖盘
2037,11:10:42,15.86,--,82,130052,卖盘
2038,11:10:39,15.86,0.01,399,632814,买盘
2039,11:10:33,15.85,-0.01,267,423195,卖盘
2040,11:10:27,15.86,--,170,269620,买盘
2041,11:10:24,15.86,-0.01,211,334646,卖盘
2042,11:10:21,15.87,--,55,87285,买盘
2043,11:10:18,15.87,-0.01,265,420555,卖盘
2044,11:10:15,15.88,--,80,127040,买盘
2045,11:10:12,15.88,--,161,255668,买盘
2046,11:10:09,15.88,--,54,85752,买盘
2047,11:10:06,15.88,--,142,225496,卖盘
2048,11:10:03,15.88,-0.01,153,242964,卖盘
2049,11:10:00,15.89,-0.01,86,136654,买盘
2050,11:09:57,15.9,0.02,1,1590,买盘
2051,11:09:51,15.88,-0.02,255,404940,卖盘
2052,11:09:48,15.9,--,109,173310,买盘
2053,11:09:45,15.9,-0.03,1871,2974890,卖盘
2054,11:09:42,15.93,--,441,702513,买盘
2055,11:09:36,15.93,--,97,154521,买盘
2056,11:09:33,15.93,-0.01,70,111510,卖盘
2057,11:09:30,15.94,0.02,155,247070,买盘
2058,11:09:27,15.92,-0.03,57,90744,卖盘
2059,11:09:24,15.95,0.03,144,229680,买盘
2060,11:09:21,15.92,-0.03,61,97112,卖盘
2061,11:09:18,15.95,0.02,109,173855,买盘
2062,11:09:15,15.93,-0.01,25,39825,卖盘
2063,11:09:12,15.94,-0.01,193,307642,卖盘
2064,11:09:09,15.95,-0.01,47,74965,卖盘
2065,11:09:06,15.96,--,55,87780,买盘
2066,11:09:03,15.96,-0.01,29,46284,中性盘
2067,11:09:00,15.97,0.02,39,62283,买盘
2068,11:08:57,15.95,-0.02,151,240845,卖盘
2069,11:08:51,15.97,--,89,142133,卖盘
2070,11:08:45,15.97,-0.01,99,158103,卖盘
2071,11:08:42,15.98,--,50,79900,卖盘
2072,11:08:39,15.98,-0.01,306,488988,卖盘
2073,11:08:33,15.99,-0.01,134,214266,中性盘
2074,11:08:30,16.0,--,391,626896,买盘
2075,11:08:27,16.0,--,367,587200,买盘
2076,11:08:21,16.0,-0.01,160,256000,买盘
2077,11:08:18,16.01,0.01,357,571557,买盘
2078,11:08:15,16.0,--,326,521600,卖盘
2079,11:08:12,16.0,-0.01,245,392800,卖盘
2080,11:08:09,16.01,0.01,484,774884,买盘
2081,11:08:06,16.0,-0.01,225,360000,卖盘
2082,11:08:00,16.01,0.01,652,1043852,买盘
2083,11:07:57,16.0,--,58,92800,卖盘
2084,11:07:54,16.0,--,87,139200,卖盘
2085,11:07:51,16.0,-0.01,445,713104,卖盘
2086,11:07:48,16.01,--,151,242247,卖盘
2087,11:07:45,16.01,-0.01,131,209731,卖盘
2088,11:07:42,16.02,0.01,185,296370,买盘
2089,11:07:36,16.01,-0.01,596,955300,卖盘
2090,11:07:33,16.02,--,65,104130,买盘
2091,11:07:30,16.02,--,190,304380,卖盘
2092,11:07:27,16.02,-0.01,47,75294,卖盘
2093,11:07:24,16.03,--,57,91371,买盘
2094,11:07:21,16.03,-0.01,144,230832,卖盘
2095,11:07:18,16.04,0.01,69,110676,中性盘
2096,11:07:15,16.03,-0.02,88,141064,卖盘
2097,11:07:12,16.05,-0.04,409,656445,卖盘
2098,11:07:09,16.09,0.04,18,28962,买盘
2099,11:07:06,16.05,-0.02,435,698175,卖盘
2100,11:07:03,16.07,-0.02,43,69101,卖盘
2101,11:07:00,16.09,--,282,453738,买盘
2102,11:06:57,16.09,-0.01,7,11263,中性盘
2103,11:06:54,16.1,--,406,653660,买盘
2104,11:06:51,16.1,--,80,128800,买盘
2105,11:06:45,16.1,--,8,12880,买盘
2106,11:06:42,16.1,-0.03,1606,2586030,卖盘
2107,11:06:39,16.13,0.01,43,69359,买盘
2108,11:06:36,16.12,-0.01,59,95108,卖盘
2109,11:06:33,16.13,--,26,41938,买盘
2110,11:06:30,16.13,0.01,49,79037,买盘
2111,11:06:24,16.12,0.01,26,41912,中性盘
2112,11:06:21,16.11,-0.02,102,164322,卖盘
2113,11:06:18,16.13,0.02,31,50003,中性盘
2114,11:06:15,16.11,-0.03,208,335088,卖盘
2115,11:06:12,16.14,0.03,23,37122,买盘
2116,11:06:09,16.11,-0.03,48,77328,卖盘
2117,11:06:06,16.14,--,111,179154,买盘
2118,11:06:03,16.14,-0.01,131,211434,中性盘
2119,11:06:00,16.15,0.02,521,841414,买盘
2120,11:05:57,16.13,-0.02,40,64519,卖盘
2121,11:05:54,16.15,--,20,32299,买盘
2122,11:05:51,16.15,0.02,125,201874,买盘
2123,11:05:48,16.13,-0.02,90,145170,卖盘
2124,11:05:45,16.15,-0.01,79,127584,卖盘
2125,11:05:39,16.16,0.02,49,79184,买盘
2126,11:05:36,16.14,-0.01,56,90384,卖盘
2127,11:05:33,16.15,--,808,1304920,买盘
2128,11:05:30,16.15,--,6,9690,中性盘
2129,11:05:27,16.15,0.01,68,109819,买盘
2130,11:05:24,16.14,--,175,283692,买盘
2131,11:05:21,16.14,--,106,171455,卖盘
2132,11:05:15,16.14,--,404,652056,卖盘
2133,11:05:09,16.14,--,4,6456,卖盘
2134,11:05:06,16.14,--,8,12912,卖盘
2135,11:05:03,16.14,--,153,248184,买盘
2136,11:05:00,16.14,0.01,19,30666,买盘
2137,11:04:57,16.13,-0.01,217,350021,卖盘
2138,11:04:54,16.14,--,48,77472,买盘
2139,11:04:51,16.14,--,43,69402,买盘
2140,11:04:48,16.14,0.01,125,201750,买盘
2141,11:04:45,16.13,0.01,3,4839,中性盘
2142,11:04:42,16.12,-0.02,227,365924,卖盘
2143,11:04:39,16.14,0.01,69,111366,买盘
2144,11:04:36,16.13,--,23,37099,买盘
2145,11:04:33,16.13,--,15,24195,买盘
2146,11:04:30,16.13,--,82,132266,买盘
2147,11:04:27,16.13,--,20,32259,买盘
2148,11:04:24,16.13,--,64,103232,买盘
2149,11:04:21,16.13,0.01,43,69359,买盘
2150,11:04:18,16.12,--,52,83824,卖盘
2151,11:04:15,16.12,0.01,13,20956,卖盘
2152,11:04:12,16.11,-0.01,200,322200,卖盘
2153,11:04:06,16.12,-0.01,236,380432,卖盘
2154,11:04:03,16.13,0.02,48,77424,买盘
2155,11:04:00,16.11,-0.01,39,62829,卖盘
2156,11:03:57,16.12,0.01,94,151528,买盘
2157,11:03:54,16.11,--,64,103104,卖盘
2158,11:03:51,16.11,-0.01,228,367308,卖盘
2159,11:03:48,16.12,--,45,72540,买盘
2160,11:03:45,16.12,0.01,41,66092,买盘
2161,11:03:42,16.11,-0.01,234,376974,卖盘
2162,11:03:36,16.12,--,89,143468,买盘
2163,11:03:33,16.12,0.01,269,433628,买盘
2164,11:03:27,16.11,--,557,897327,卖盘
2165,11:03:24,16.11,--,45,72495,卖盘
2166,11:03:21,16.11,--,33,53163,卖盘
2167,11:03:18,16.11,0.01,13,20943,卖盘
2168,11:03:15,16.1,--,60,96600,卖盘
2169,11:03:12,16.1,--,244,392840,卖盘
2170,11:03:09,16.1,-0.02,233,375130,卖盘
2171,11:03:06,16.12,0.01,109,175708,买盘
2172,11:03:03,16.11,--,257,414027,卖盘
2173,11:02:54,16.11,-0.01,117,188487,卖盘
2174,11:02:51,16.12,0.01,130,209560,买盘
2175,11:02:48,16.11,--,95,153045,卖盘
2176,11:02:45,16.11,-0.01,12,19332,中性盘
2177,11:02:42,16.12,0.02,86,138632,中性盘
2178,11:02:39,16.1,-0.03,371,597310,卖盘
2179,11:02:36,16.13,0.01,310,500029,买盘
2180,11:02:33,16.12,0.01,202,325624,买盘
2181,11:02:30,16.11,0.01,319,513909,买盘
2182,11:02:27,16.1,-0.01,395,635950,卖盘
2183,11:02:24,16.11,--,132,212652,买盘
2184,11:02:21,16.11,--,119,191709,买盘
2185,11:02:18,16.11,--,294,473634,买盘
2186,11:02:15,16.11,-0.03,1475,2376595,卖盘
2187,11:02:12,16.14,0.02,30,48420,买盘
2188,11:02:09,16.12,--,108,174096,卖盘
2189,11:02:06,16.12,--,113,182156,卖盘
2190,11:02:03,16.12,0.01,49,78988,中性盘
2191,11:02:00,16.11,-0.01,259,417249,卖盘
2192,11:01:57,16.12,--,79,127348,买盘
2193,11:01:51,16.12,--,125,201500,卖盘
2194,11:01:48,16.12,-0.01,260,419120,卖盘
2195,11:01:45,16.13,0.01,70,112910,买盘
2196,11:01:42,16.12,-0.03,40,64480,卖盘
2197,11:01:39,16.15,0.03,58,93669,买盘
2198,11:01:36,16.12,-0.01,88,141856,卖盘
2199,11:01:33,16.13,0.01,23,37099,中性盘
2200,11:01:30,16.12,-0.01,1174,1893713,卖盘
2201,11:01:27,16.13,--,104,167752,卖盘
2202,11:01:24,16.13,0.01,235,379055,中性盘
2203,11:01:21,16.12,-0.01,796,1283168,卖盘
2204,11:01:18,16.13,0.01,122,196786,买盘
2205,11:01:15,16.12,--,75,120900,卖盘
2206,11:01:12,16.12,0.01,327,527124,中性盘
2207,11:01:06,16.11,--,99,159489,卖盘
2208,11:01:03,16.11,--,61,98271,卖盘
2209,11:01:00,16.11,0.01,218,351198,买盘
2210,11:00:57,16.1,--,457,735770,卖盘
2211,11:00:54,16.1,--,63,101430,卖盘
2212,11:00:51,16.1,--,270,434700,卖盘
2213,11:00:48,16.1,-0.01,227,365470,卖盘
2214,11:00:42,16.11,0.01,20,32220,买盘
2215,11:00:39,16.1,-0.01,365,587650,卖盘
2216,11:00:36,16.11,--,154,248094,卖盘
2217,11:00:33,16.11,--,53,85383,卖盘
2218,11:00:30,16.11,--,7,11277,卖盘
2219,11:00:27,16.11,-0.01,758,1221138,卖盘
2220,11:00:24,16.12,-0.01,100,161200,卖盘
2221,11:00:21,16.13,--,91,146783,卖盘
2222,11:00:18,16.13,-0.01,61,98393,卖盘
2223,11:00:15,16.14,-0.01,31,50034,卖盘
2224,11:00:09,16.15,-0.03,1358,2193170,卖盘
2225,11:00:06,16.18,-0.02,128,207104,卖盘
2226,11:00:03,16.2,0.01,80,129600,买盘
2227,11:00:00,16.19,-0.02,534,864546,卖盘
2228,10:59:54,16.21,0.01,61,98881,买盘
2229,10:59:51,16.2,-0.01,86,139320,卖盘
2230,10:59:48,16.21,--,726,1176846,卖盘
2231,10:59:45,16.21,-0.01,75,121575,卖盘
2232,10:59:42,16.22,0.01,11,17842,买盘
2233,10:59:39,16.21,--,229,371209,卖盘
2234,10:59:33,16.21,--,40,64840,卖盘
2235,10:59:30,16.21,--,47,76187,卖盘
2236,10:59:27,16.21,--,162,262602,卖盘
2237,10:59:21,16.21,-0.01,986,1598306,卖盘
2238,10:59:18,16.22,-0.01,140,227079,卖盘
2239,10:59:15,16.23,0.01,10,16230,买盘
2240,10:59:09,16.22,-0.01,36,58391,卖盘
2241,10:59:06,16.23,-0.01,51,84379,卖盘
2242,10:59:03,16.24,--,57,92567,买盘
2243,10:59:00,16.24,--,22,35728,买盘
2244,10:58:57,16.24,-0.01,21,34104,买盘
2245,10:58:54,16.25,0.01,73,118625,买盘
2246,10:58:51,16.24,--,66,107183,卖盘
2247,10:58:48,16.24,--,8,12991,卖盘
2248,10:58:45,16.24,0.01,169,274456,卖盘
2249,10:58:42,16.23,--,104,168792,卖盘
2250,10:58:39,16.23,-0.02,184,298648,卖盘
2251,10:58:36,16.25,0.02,15,24375,买盘
2252,10:58:33,16.23,--,21,34083,卖盘
2253,10:58:30,16.23,-0.03,24,38952,卖盘
2254,10:58:24,16.26,0.01,435,707310,买盘
2255,10:58:21,16.25,--,60,97500,卖盘
2256,10:58:18,16.25,-0.01,4,6500,卖盘
2257,10:58:15,16.26,0.01,17,27642,买盘
2258,10:58:12,16.25,--,30,48750,卖盘
2259,10:58:09,16.25,--,51,82875,卖盘
2260,10:58:06,16.25,--,148,240500,卖盘
2261,10:58:03,16.25,--,4,6500,卖盘
2262,10:58:00,16.25,--,3,4875,卖盘
2263,10:57:54,16.25,0.01,6,9750,卖盘
2264,10:57:51,16.24,-0.02,43,69832,卖盘
2265,10:57:48,16.26,0.01,78,126828,中性盘
2266,10:57:45,16.25,-0.02,59,95875,卖盘
2267,10:57:42,16.27,0.01,16,26032,买盘
2268,10:57:39,16.26,-0.01,127,206502,中性盘
2269,10:57:33,16.27,0.01,122,198494,买盘
2270,10:57:30,16.26,--,52,84552,卖盘
2271,10:57:27,16.26,--,3,4878,卖盘
2272,10:57:24,16.26,0.01,5,8130,中性盘
2273,10:57:21,16.25,-0.02,100,162500,卖盘
2274,10:57:12,16.27,0.01,65,105755,买盘
2275,10:57:09,16.26,--,92,149592,卖盘
2276,10:57:06,16.26,-0.01,55,89430,卖盘
2277,10:57:03,16.27,0.01,16,26032,买盘
2278,10:57:00,16.26,0.01,5,8130,中性盘
2279,10:56:57,16.25,-0.02,20,32500,卖盘
2280,10:56:53,16.27,0.02,15,24405,买盘
2281,10:56:50,16.25,-0.01,254,412750,卖盘
2282,10:56:47,16.26,--,20,32520,卖盘
2283,10:56:44,16.26,0.01,289,469914,卖盘
2284,10:56:41,16.25,--,2,3250,卖盘
2285,10:56:38,16.25,--,20,32500,卖盘
2286,10:56:35,16.25,-0.01,116,188500,卖盘
2287,10:56:29,16.26,--,38,61788,买盘
2288,10:56:26,16.26,--,19,30894,买盘
2289,10:56:23,16.26,--,33,53658,买盘
2290,10:56:20,16.26,0.01,27,43902,买盘
2291,10:56:17,16.25,-0.01,20,32500,卖盘
2292,10:56:08,16.26,--,44,71544,买盘
2293,10:56:05,16.26,-0.01,548,891048,卖盘
2294,10:56:02,16.27,--,5,8135,卖盘
2295,10:55:59,16.27,0.01,160,260320,买盘
2296,10:55:56,16.26,-0.01,91,147966,卖盘
2297,10:55:53,16.27,--,18,29286,买盘
2298,10:55:50,16.27,0.01,23,37421,买盘
2299,10:55:47,16.26,--,3,4878,卖盘
2300,10:55:44,16.26,-0.01,51,82926,卖盘
2301,10:55:41,16.27,0.01,29,47183,买盘
2302,10:55:38,16.26,--,46,74796,卖盘
2303,10:55:32,16.26,--,5,8130,卖盘
2304,10:55:29,16.26,--,3,4878,卖盘
2305,10:55:26,16.26,--,3,5788,买盘
2306,10:55:23,16.26,--,61,99901,卖盘
2307,10:55:17,16.26,0.01,52,85462,买盘
2308,10:55:14,16.25,-0.01,22,35750,卖盘
2309,10:55:11,16.26,0.01,44,71544,买盘
2310,10:55:08,16.25,-0.01,44,71500,卖盘
2311,10:55:05,16.26,0.01,28,45528,买盘
2312,10:55:02,16.25,-0.01,37,60125,卖盘
2313,10:54:56,16.26,0.01,23,37398,买盘
2314,10:54:53,16.25,-0.03,1,2340,卖盘
2315,10:54:47,16.28,0.02,10,16280,买盘
2316,10:54:44,16.26,--,29,48064,买盘
2317,10:54:41,16.26,--,91,148681,卖盘
2318,10:54:38,16.26,--,70,113820,卖盘
2319,10:54:32,16.26,-0.01,40,65040,卖盘
2320,10:54:29,16.27,-0.02,7,11389,买盘
2321,10:54:26,16.29,0.01,400,651600,买盘
2322,10:54:20,16.28,0.01,15,24420,买盘
2323,10:54:17,16.27,--,88,143176,卖盘
2324,10:54:14,16.27,--,35,56945,卖盘
2325,10:54:11,16.27,--,7,11389,卖盘
2326,10:54:08,16.27,--,45,73215,卖盘
2327,10:54:05,16.27,--,5,8135,卖盘
2328,10:54:02,16.27,--,100,162700,买盘
2329,10:53:59,16.27,--,6,9762,买盘
2330,10:53:56,16.27,--,20,32540,买盘
2331,10:53:47,16.27,0.01,37,60199,买盘
2332,10:53:44,16.26,-0.01,24,39024,卖盘
2333,10:53:38,16.27,0.01,10,16270,中性盘
2334,10:53:35,16.26,-0.01,212,344712,卖盘
2335,10:53:32,16.27,-0.01,141,229407,卖盘
2336,10:53:29,16.28,0.01,1,1628,买盘
2337,10:53:26,16.27,--,45,73215,卖盘
2338,10:53:23,16.27,--,104,169208,卖盘
2339,10:53:20,16.27,--,42,68334,买盘
2340,10:53:17,16.27,--,39,63453,买盘
2341,10:53:14,16.27,--,22,35794,买盘
2342,10:53:11,16.27,--,67,109009,买盘
2343,10:53:08,16.27,--,50,81350,买盘
2344,10:53:05,16.27,--,10,16270,买盘
2345,10:53:02,16.27,--,10,16270,买盘
2346,10:52:59,16.27,-0.01,273,444171,卖盘
2347,10:52:53,16.28,--,2,3256,买盘
2348,10:52:50,16.28,0.01,63,102564,买盘
2349,10:52:47,16.27,-0.01,40,65080,卖盘
2350,10:52:44,16.28,0.01,41,66748,买盘
2351,10:52:38,16.27,--,355,578496,买盘
2352,10:52:32,16.27,--,37,60199,买盘
2353,10:52:29,16.27,--,50,81350,买盘
2354,10:52:26,16.27,-0.01,366,596197,卖盘
2355,10:52:23,16.28,0.01,25,40700,买盘
2356,10:52:20,16.27,-0.01,17,27659,卖盘
2357,10:52:14,16.28,0.01,27,43956,卖盘
2358,10:52:11,16.27,-0.02,127,206629,卖盘
2359,10:52:08,16.29,--,15,24435,买盘
2360,10:52:05,16.29,0.01,2,3258,买盘
2361,10:52:02,16.28,-0.01,14,22792,卖盘
2362,10:51:59,16.29,0.01,3,4887,买盘
2363,10:51:56,16.28,0.02,37,61147,买盘
2364,10:51:53,16.26,-0.01,54,87804,卖盘
2365,10:51:50,16.27,-0.01,65,106470,卖盘
2366,10:51:44,16.28,0.02,35,57891,买盘
2367,10:51:41,16.26,-0.01,121,196746,卖盘
2368,10:51:38,16.27,--,15,24405,卖盘
2369,10:51:32,16.27,0.01,115,187105,买盘
2370,10:51:29,16.26,-0.01,30,48780,卖盘
2371,10:51:26,16.27,--,13,21151,买盘
2372,10:51:23,16.27,--,16,26747,卖盘
2373,10:51:20,16.27,--,100,162700,卖盘
2374,10:51:17,16.27,--,54,87858,卖盘
2375,10:51:14,16.27,--,6,9762,卖盘
2376,10:51:11,16.27,--,21,35078,买盘
2377,10:51:08,16.27,--,41,66707,买盘
2378,10:51:05,16.27,0.02,16,26032,买盘
2379,10:51:02,16.25,-0.02,61,99125,卖盘
2380,10:50:59,16.27,0.01,27,43929,中性盘
2381,10:50:53,16.26,-0.01,80,130080,卖盘
2382,10:50:47,16.27,0.01,66,107918,买盘
2383,10:50:47,16.26,0.01,10,16260,中性盘
2384,10:50:41,16.25,--,27,43875,卖盘
2385,10:50:38,16.25,-0.01,43,69875,卖盘
2386,10:50:35,16.26,--,44,71544,买盘
2387,10:50:32,16.26,0.01,65,105690,中性盘
2388,10:50:29,16.25,--,50,81250,卖盘
2389,10:50:23,16.25,--,30,48750,卖盘
2390,10:50:20,16.25,--,67,108875,卖盘
2391,10:50:14,16.25,--,85,138125,买盘
2392,10:50:11,16.25,--,64,104000,买盘
2393,10:50:08,16.25,0.01,58,94250,买盘
2394,10:50:05,16.24,--,27,43847,卖盘
2395,10:50:02,16.24,-0.01,54,87695,卖盘
2396,10:49:59,16.25,--,5,8125,买盘
2397,10:49:56,16.25,0.01,344,559000,买盘
2398,10:49:53,16.24,-0.02,80,129919,卖盘
2399,10:49:50,16.26,0.01,82,133332,买盘
2400,10:49:47,16.25,--,30,48750,买盘
2401,10:49:44,16.25,--,46,74750,中性盘
2402,10:49:41,16.25,0.01,51,82875,卖盘
2403,10:49:38,16.24,--,16,25983,卖盘
2404,10:49:35,16.24,--,253,410871,卖盘
2405,10:49:32,16.24,--,65,105559,买盘
2406,10:49:26,16.24,0.01,83,134792,买盘
2407,10:49:23,16.23,-0.01,107,173661,卖盘
2408,10:49:20,16.24,--,37,60087,买盘
2409,10:49:14,16.24,--,74,120175,买盘
2410,10:49:11,16.24,--,95,154279,买盘
2411,10:49:08,16.24,--,282,457967,卖盘
2412,10:49:02,16.24,-0.02,5,8119,中性盘
2413,10:48:59,16.26,0.01,62,100812,买盘
2414,10:48:56,16.25,-0.01,107,173875,买盘
2415,10:48:53,16.26,--,63,102438,买盘
2416,10:48:50,16.26,0.02,282,458532,买盘
2417,10:48:47,16.24,--,304,493695,卖盘
2418,10:48:44,16.24,--,20,32479,中性盘
2419,10:48:41,16.24,0.01,5,8119,中性盘
2420,10:48:35,16.23,--,585,949455,卖盘
2421,10:48:32,16.23,-0.03,83,134709,卖盘
2422,10:48:29,16.26,0.02,41,66666,买盘
2423,10:48:26,16.24,0.01,57,92567,买盘
2424,10:48:23,16.23,0.01,60,97380,买盘
2425,10:48:20,16.22,-0.01,449,728278,卖盘
2426,10:48:14,16.23,--,74,120102,卖盘
2427,10:48:08,16.23,-0.01,12,19476,卖盘
2428,10:48:05,16.24,--,142,230607,卖盘
2429,10:48:02,16.24,0.01,272,441727,买盘
2430,10:47:59,16.23,0.01,102,165546,买盘
2431,10:47:56,16.22,--,387,627714,卖盘
2432,10:47:53,16.22,-0.01,23,37306,卖盘
2433,10:47:50,16.23,--,78,126594,卖盘
2434,10:47:47,16.23,0.01,1,1623,卖盘
2435,10:47:44,16.22,-0.02,48,77856,卖盘
2436,10:47:41,16.24,--,6,9743,买盘
2437,10:47:38,16.24,0.01,25,40599,买盘
2438,10:47:35,16.23,-0.02,61,99003,买盘
2439,10:47:32,16.25,--,552,897000,买盘
2440,10:47:29,16.25,--,611,992875,买盘
2441,10:47:23,16.25,-0.01,210,341445,卖盘
2442,10:47:20,16.26,--,30,48780,卖盘
2443,10:47:17,16.26,0.01,452,734952,买盘
2444,10:47:14,16.25,--,488,793000,卖盘
2445,10:47:11,16.25,--,15,24375,卖盘
2446,10:47:08,16.25,--,56,91000,卖盘
2447,10:47:05,16.25,-0.01,37,60125,卖盘
2448,10:46:59,16.26,--,197,320338,买盘
2449,10:46:56,16.26,--,117,190242,买盘
2450,10:46:53,16.26,0.01,9,14634,买盘
2451,10:46:50,16.25,-0.02,510,828750,卖盘
2452,10:46:44,16.27,--,21,34167,买盘
2453,10:46:44,16.27,--,57,92739,卖盘
2454,10:46:38,16.27,--,83,135041,卖盘
2455,10:46:35,16.27,-0.01,138,224526,卖盘
2456,10:46:32,16.28,--,24,39072,买盘
2457,10:46:29,16.28,--,53,86284,买盘
2458,10:46:26,16.28,--,236,384208,卖盘
2459,10:46:23,16.28,--,70,113960,卖盘
2460,10:46:17,16.28,-0.01,8,13024,卖盘
2461,10:46:17,16.29,0.01,47,76563,中性盘
2462,10:46:11,16.28,--,20,32560,卖盘
2463,10:46:08,16.28,-0.01,147,239316,卖盘
2464,10:46:05,16.29,-0.01,279,454491,卖盘
2465,10:46:02,16.3,-0.01,157,255910,卖盘
2466,10:45:56,16.31,0.02,101,164731,买盘
2467,10:45:44,16.29,-0.01,273,444717,卖盘
2468,10:45:41,16.3,--,25,40750,卖盘
2469,10:45:38,16.3,--,31,50530,卖盘
2470,10:45:35,16.3,--,43,70090,卖盘
2471,10:45:29,16.3,--,40,65200,卖盘
2472,10:45:26,16.3,0.01,20,32600,买盘
2473,10:45:23,16.29,-0.01,82,133578,卖盘
2474,10:45:20,16.3,--,62,101060,买盘
2475,10:45:17,16.3,--,19,30970,买盘
2476,10:45:14,16.3,0.01,117,190710,中性盘
2477,10:45:08,16.29,-0.01,258,420282,卖盘
2478,10:45:05,16.3,--,21,34230,买盘
2479,10:45:02,16.3,--,10,16300,买盘
2480,10:44:59,16.3,--,12,19560,买盘
2481,10:44:56,16.3,--,89,145070,卖盘
2482,10:44:53,16.3,--,45,73350,买盘
2483,10:44:44,16.3,--,7,11410,买盘
2484,10:44:41,16.3,--,40,65200,买盘
2485,10:44:38,16.3,0.01,5,8150,卖盘
2486,10:44:35,16.29,-0.01,61,99369,卖盘
2487,10:44:32,16.3,--,7,11410,买盘
2488,10:44:29,16.3,--,91,148330,买盘
2489,10:44:26,16.3,0.01,106,172780,买盘
2490,10:44:23,16.29,-0.01,54,87966,卖盘
2491,10:44:20,16.3,-0.02,56,91280,卖盘
2492,10:44:17,16.32,--,64,104448,买盘
2493,10:44:14,16.32,0.03,73,119136,买盘
2494,10:44:11,16.29,-0.01,50,81450,卖盘
2495,10:44:08,16.3,--,25,40750,买盘
2496,10:44:02,16.3,--,97,158110,卖盘
2497,10:43:59,16.3,-0.02,6,9780,卖盘
2498,10:43:56,16.32,0.02,37,60384,买盘
2499,10:43:53,16.3,0.02,10,16300,中性盘
2500,10:43:50,16.28,-0.02,61,99308,卖盘
2501,10:43:47,16.3,--,2,3260,买盘
2502,10:43:44,16.3,0.03,15,24450,买盘
2503,10:43:41,16.27,-0.03,219,356313,卖盘
2504,10:43:35,16.3,0.03,66,107580,买盘
2505,10:43:32,16.27,-0.03,131,213137,卖盘
2506,10:43:29,16.3,0.03,10,16300,买盘
2507,10:43:26,16.27,--,65,105755,卖盘
2508,10:43:20,16.27,--,24,39048,买盘
2509,10:43:17,16.27,--,63,102501,买盘
2510,10:43:14,16.27,--,28,45556,买盘
2511,10:43:11,16.27,--,15,24405,买盘
2512,10:43:08,16.27,0.01,113,183851,卖盘
2513,10:43:05,16.26,--,59,97397,卖盘
2514,10:43:02,16.26,-0.01,120,195120,卖盘
2515,10:42:59,16.27,0.01,205,335113,买盘
2516,10:42:56,16.26,--,45,73170,买盘
2517,10:42:53,16.26,--,172,279672,卖盘
2518,10:42:47,16.26,0.03,179,291054,买盘
2519,10:42:44,16.23,-0.04,202,327846,卖盘
2520,10:42:41,16.27,0.01,56,91112,买盘
2521,10:42:38,16.26,--,22,35772,卖盘
2522,10:42:35,16.26,0.02,117,190242,买盘
2523,10:42:32,16.24,-0.02,447,725927,卖盘
2524,10:42:26,16.26,--,73,118698,买盘
2525,10:42:23,16.26,-0.01,194,316761,卖盘
2526,10:42:20,16.27,0.01,290,471830,中性盘
2527,10:42:17,16.26,-0.02,289,469914,卖盘
2528,10:42:14,16.28,0.01,115,187220,买盘
2529,10:42:11,16.27,--,34,55318,卖盘
2530,10:42:08,16.27,--,169,274963,卖盘
2531,10:42:05,16.27,--,159,259002,买盘
2532,10:42:02,16.27,0.01,71,115517,买盘
2533,10:41:56,16.26,--,43,69918,买盘
2534,10:41:53,16.26,-0.01,32,52032,卖盘
2535,10:41:50,16.27,-0.01,24,39048,卖盘
2536,10:41:47,16.28,--,43,70004,买盘
2537,10:41:44,16.28,--,993,1616604,买盘
2538,10:41:41,16.28,--,3,4884,买盘
2539,10:41:38,16.28,--,70,113960,买盘
2540,10:41:35,16.28,-0.01,180,293040,卖盘
2541,10:41:32,16.29,0.01,85,138465,买盘
2542,10:41:26,16.28,--,31,50468,卖盘
2543,10:41:26,16.28,-0.01,106,172568,卖盘
2544,10:41:17,16.29,0.01,22,35838,买盘
2545,10:41:14,16.28,-0.02,90,146520,卖盘
2546,10:41:11,16.3,--,27,44010,买盘
2547,10:41:08,16.3,--,89,145070,买盘
2548,10:41:05,16.3,--,35,57050,买盘
2549,10:41:02,16.3,--,443,722090,卖盘
2550,10:40:59,16.3,--,368,599840,卖盘
2551,10:40:56,16.3,--,134,218420,卖盘
2552,10:40:53,16.3,-0.01,292,475960,卖盘
2553,10:40:50,16.31,0.01,21,34251,买盘
2554,10:40:47,16.3,-0.01,158,257540,卖盘
2555,10:40:44,16.31,0.01,10,16309,买盘
2556,10:40:41,16.3,-0.01,26,42380,卖盘
2557,10:40:38,16.31,--,38,61977,买盘
2558,10:40:35,16.31,-0.02,871,1420601,卖盘
2559,10:40:32,16.33,0.01,64,104511,买盘
2560,10:40:29,16.32,-0.01,18,29376,卖盘
2561,10:40:23,16.33,--,24,39191,买盘
2562,10:40:20,16.33,--,3,4898,买盘
2563,10:40:17,16.33,0.01,18,29393,买盘
2564,10:40:14,16.32,-0.01,162,264384,卖盘
2565,10:40:08,16.33,--,4,6531,卖盘
2566,10:40:02,16.33,--,48,78383,卖盘
2567,10:40:02,16.33,-0.02,41,66953,卖盘
2568,10:39:56,16.35,--,21,34335,买盘
2569,10:39:53,16.35,0.01,340,555900,买盘
2570,10:39:50,16.34,-0.01,38,62092,卖盘
2571,10:39:47,16.35,--,90,147150,买盘
2572,10:39:44,16.35,0.01,30,49050,卖盘
2573,10:39:41,16.34,-0.01,151,246734,卖盘
2574,10:39:38,16.35,0.01,19,31065,买盘
2575,10:39:35,16.34,-0.01,42,68628,卖盘
2576,10:39:32,16.35,-0.01,41,67035,卖盘
2577,10:39:29,16.36,--,22,35992,买盘
2578,10:39:26,16.36,0.01,5,8180,中性盘
2579,10:39:23,16.35,--,68,111180,卖盘
2580,10:39:20,16.35,--,40,65400,卖盘
2581,10:39:17,16.35,--,146,238710,卖盘
2582,10:39:14,16.35,--,15,24525,卖盘
2583,10:39:11,16.35,--,389,636015,卖盘
2584,10:39:02,16.35,--,5,8175,卖盘
2585,10:38:59,16.35,--,62,101370,卖盘
2586,10:38:56,16.35,--,16,26160,卖盘
2587,10:38:53,16.35,--,15,24525,卖盘
2588,10:38:50,16.35,-0.02,37,60495,卖盘
2589,10:38:47,16.37,0.02,15,24555,买盘
2590,10:38:44,16.35,-0.02,5,8175,卖盘
2591,10:38:38,16.37,-0.01,14,22918,卖盘
2592,10:38:29,16.38,0.02,12,19656,买盘
2593,10:38:26,16.36,-0.03,591,966876,卖盘
2594,10:38:23,16.39,0.01,60,98340,买盘
2595,10:38:20,16.38,--,35,57330,卖盘
2596,10:38:14,16.38,--,6,9828,卖盘
2597,10:38:11,16.38,--,8,13104,卖盘
2598,10:38:08,16.38,--,5,8189,卖盘
2599,10:38:05,16.38,--,3,4914,卖盘
2600,10:38:02,16.38,--,146,239148,卖盘
2601,10:37:53,16.38,--,5,8189,卖盘
2602,10:37:50,16.38,--,61,99918,卖盘
2603,10:37:47,16.38,--,29,47502,卖盘
2604,10:37:44,16.38,-0.01,40,65519,卖盘
2605,10:37:41,16.39,--,5,8195,买盘
2606,10:37:38,16.39,--,5,8195,买盘
2607,10:37:35,16.39,0.01,2,3278,买盘
2608,10:37:29,16.38,-0.01,65,106470,卖盘
2609,10:37:26,16.39,--,3,4917,买盘
2610,10:37:23,16.39,--,1,1639,买盘
2611,10:37:08,16.39,--,9,14751,买盘
2612,10:37:05,16.39,-0.01,5,8195,卖盘
2613,10:37:02,16.4,0.01,62,101679,买盘
2614,10:36:59,16.39,--,10,16390,卖盘
2615,10:36:56,16.39,--,6,9834,卖盘
2616,10:36:53,16.39,-0.01,1,1639,卖盘
2617,10:36:49,16.4,0.01,18,29519,买盘
2618,10:36:43,16.39,-0.01,6,9834,卖盘
2619,10:36:37,16.4,--,1,1639,买盘
2620,10:36:34,16.4,0.01,54,88559,买盘
2621,10:36:25,16.39,--,29,47531,买盘
2622,10:36:22,16.39,-0.01,37,60643,卖盘
2623,10:36:19,16.4,--,13,21319,买盘
2624,10:36:13,16.4,--,2,3279,买盘
2625,10:36:07,16.4,--,7,11479,买盘
2626,10:36:07,16.4,--,10,16400,买盘
2627,10:36:04,16.4,--,132,216479,卖盘
2628,10:35:55,16.4,--,21,34440,卖盘
2629,10:35:52,16.4,--,2,3279,卖盘
2630,10:35:49,16.4,--,10,16400,卖盘
2631,10:35:46,16.4,--,14,22959,卖盘
2632,10:35:34,16.4,-0.01,4,6559,中性盘
2633,10:35:31,16.41,0.01,33,54153,买盘
2634,10:35:28,16.4,--,12,19680,卖盘
2635,10:35:16,16.4,--,128,209919,买盘
2636,10:35:13,16.4,--,15,24599,买盘
2637,10:35:10,16.4,--,18,29519,卖盘
2638,10:35:07,16.4,--,5,8200,买盘
2639,10:35:04,16.4,--,17,27879,买盘
2640,10:35:01,16.4,--,7,11479,买盘
2641,10:34:58,16.4,--,1,1639,卖盘
2642,10:34:55,16.4,--,14,22959,卖盘
2643,10:34:52,16.4,--,50,82000,卖盘
2644,10:34:49,16.4,--,10,16400,卖盘
2645,10:34:46,16.4,-0.01,1,1639,卖盘
2646,10:34:43,16.41,--,3,4923,买盘
2647,10:34:40,16.41,0.01,5,8205,买盘
2648,10:34:34,16.4,--,16,26239,卖盘
2649,10:34:31,16.4,-0.01,10,16400,卖盘
2650,10:34:25,16.41,--,47,77127,卖盘
2651,10:34:16,16.41,0.01,176,288816,买盘
2652,10:34:10,16.4,--,10,16400,买盘
2653,10:34:04,16.4,-0.01,20,32800,卖盘
2654,10:34:01,16.41,0.01,12,19692,买盘
2655,10:33:58,16.4,--,10,16400,卖盘
2656,10:33:55,16.4,--,40,65600,卖盘
2657,10:33:52,16.4,--,20,32800,卖盘
2658,10:33:46,16.4,--,2,3279,卖盘
2659,10:33:43,16.4,--,10,16400,卖盘
2660,10:33:37,16.4,0.01,73,119719,买盘
2661,10:33:34,16.39,--,20,32780,卖盘
2662,10:33:31,16.39,-0.01,24,39336,卖盘
2663,10:33:28,16.4,--,32,52479,买盘
2664,10:33:16,16.4,--,9,14759,买盘
2665,10:33:13,16.4,--,10,16400,买盘
2666,10:33:07,16.4,--,4,6559,买盘
2667,10:33:04,16.4,0.01,13,21319,买盘
2668,10:32:55,16.39,-0.01,5,8195,卖盘
2669,10:32:52,16.4,0.02,15,24599,买盘
2670,10:32:49,16.38,--,20,32759,卖盘
2671,10:32:46,16.38,--,48,78624,卖盘
2672,10:32:40,16.38,--,54,88452,卖盘
2673,10:32:28,16.38,--,15,24570,买盘
2674,10:32:25,16.38,--,30,49140,买盘
2675,10:32:22,16.38,--,40,65519,买盘
2676,10:32:19,16.38,0.01,36,58968,买盘
2677,10:32:16,16.37,--,55,90035,卖盘
2678,10:32:13,16.37,--,41,67117,卖盘
2679,10:31:58,16.37,--,26,42562,买盘
2680,10:31:55,16.37,--,1,1637,买盘
2681,10:31:52,16.37,--,23,37651,卖盘
2682,10:31:49,16.37,0.01,5,8185,买盘
2683,10:31:46,16.36,--,13,21268,卖盘
2684,10:31:43,16.36,-0.01,28,45808,卖盘
2685,10:31:40,16.37,--,14,22918,买盘
2686,10:31:37,16.37,--,3,4911,买盘
2687,10:31:34,16.37,--,12,19644,买盘
2688,10:31:31,16.37,--,47,76939,买盘
2689,10:31:28,16.37,--,59,96583,买盘
2690,10:31:25,16.37,0.01,11,18007,买盘
2691,10:31:22,16.36,-0.01,64,104704,卖盘
2692,10:31:19,16.37,0.01,28,45836,买盘
2693,10:31:13,16.36,-0.01,72,117792,卖盘
2694,10:31:10,16.37,0.01,95,155515,买盘
2695,10:31:07,16.36,--,176,287936,卖盘
2696,10:31:04,16.36,--,82,134152,卖盘
2697,10:30:58,16.36,--,107,175052,买盘
2698,10:30:55,16.36,--,5,8180,买盘
2699,10:30:52,16.36,--,423,692028,卖盘
2700,10:30:49,16.36,-0.01,11,17996,卖盘
2701,10:30:46,16.37,0.01,88,144056,买盘
2702,10:30:43,16.36,--,35,57260,卖盘
2703,10:30:40,16.36,--,11,17996,卖盘
2704,10:30:37,16.36,-0.01,110,179960,卖盘
2705,10:30:34,16.37,--,31,50747,买盘
2706,10:30:28,16.37,0.01,49,80213,买盘
2707,10:30:22,16.36,-0.01,46,75256,卖盘
2708,10:30:22,16.37,0.01,88,144056,买盘
2709,10:30:16,16.36,--,58,94888,卖盘
2710,10:30:13,16.36,--,68,111248,卖盘
2711,10:30:07,16.36,--,55,89980,卖盘
2712,10:30:04,16.36,--,676,1105936,买盘
2713,10:30:01,16.36,--,10,16360,买盘
2714,10:29:58,16.36,--,20,32720,买盘
2715,10:29:55,16.36,--,199,325564,卖盘
2716,10:29:49,16.36,--,341,557876,卖盘
2717,10:29:46,16.36,-0.01,71,116156,卖盘
2718,10:29:43,16.37,--,192,314304,买盘
2719,10:29:40,16.37,0.01,458,749746,买盘
2720,10:29:37,16.36,--,150,245400,卖盘
2721,10:29:34,16.36,--,219,358284,卖盘
2722,10:29:31,16.36,-0.01,10,16360,卖盘
2723,10:29:25,16.37,0.01,59,96583,买盘
2724,10:29:22,16.36,--,30,49080,卖盘
2725,10:29:19,16.36,-0.01,242,395912,卖盘
2726,10:29:16,16.37,--,66,108042,卖盘
2727,10:29:13,16.37,--,22,36014,卖盘
2728,10:29:10,16.37,--,13,21281,卖盘
2729,10:29:07,16.37,--,258,422346,买盘
2730,10:29:04,16.37,--,38,62206,买盘
2731,10:29:01,16.37,-0.01,161,263557,卖盘
2732,10:28:58,16.38,--,25,40950,买盘
2733,10:28:55,16.38,0.01,78,127763,买盘
2734,10:28:52,16.37,--,11,18007,卖盘
2735,10:28:49,16.37,-0.01,54,88398,卖盘
2736,10:28:46,16.38,--,56,91728,买盘
2737,10:28:40,16.38,--,19,31121,买盘
2738,10:28:37,16.38,--,22,36036,买盘
2739,10:28:34,16.38,--,26,42588,买盘
2740,10:28:28,16.38,--,20,32759,买盘
2741,10:28:25,16.38,--,145,237510,卖盘
2742,10:28:22,16.38,--,5,8189,卖盘
2743,10:28:19,16.38,-0.01,2,3276,卖盘
2744,10:28:16,16.39,0.01,14,22946,买盘
2745,10:28:13,16.38,-0.01,19,31121,卖盘
2746,10:28:10,16.39,--,2,3278,买盘
2747,10:28:07,16.39,--,3,4917,买盘
2748,10:28:04,16.39,0.01,8,13112,买盘
2749,10:27:58,16.38,-0.01,5,8189,卖盘
2750,10:27:55,16.39,0.01,8,13112,买盘
2751,10:27:52,16.38,--,22,36036,卖盘
2752,10:27:49,16.38,0.01,4,6552,卖盘
2753,10:27:46,16.37,--,34,55658,卖盘
2754,10:27:43,16.37,-0.01,45,73665,卖盘
2755,10:27:40,16.38,--,23,37674,买盘
2756,10:27:34,16.38,--,83,135954,买盘
2757,10:27:31,16.38,--,3,4914,买盘
2758,10:27:28,16.38,--,192,314496,买盘
2759,10:27:25,16.38,0.01,66,108108,买盘
2760,10:27:19,16.37,-0.01,92,150604,卖盘
2761,10:27:16,16.38,--,29,47502,买盘
2762,10:27:13,16.38,0.01,36,58968,买盘
2763,10:27:10,16.37,--,3,4911,卖盘
2764,10:27:07,16.37,0.01,31,50747,卖盘
2765,10:27:04,16.36,-0.01,150,245400,卖盘
2766,10:26:58,16.37,--,48,78625,买盘
2767,10:26:55,16.37,--,60,98220,买盘
2768,10:26:52,16.37,--,6,9822,买盘
2769,10:26:49,16.37,-0.01,88,145643,卖盘
2770,10:26:46,16.38,--,21,34447,买盘
2771,10:26:43,16.38,0.01,31,50778,买盘
2772,10:26:40,16.37,-0.01,114,186618,卖盘
2773,10:26:34,16.38,--,149,244061,买盘
2774,10:26:28,16.38,--,5,8189,买盘
2775,10:26:22,16.38,--,16,26208,买盘
2776,10:26:19,16.38,--,3,4914,买盘
2777,10:26:16,16.38,--,10,16379,买盘
2778,10:26:13,16.38,-0.02,1541,2525746,卖盘
