,time,price,change,volume,amount,type
0,15:00:21,8.22,-0.01,2911,2392842,卖盘
1,14:57:12,8.23,--,0,0,买盘
2,14:57:03,8.23,0.01,17,13991,卖盘
3,14:56:57,8.22,-0.01,20,16440,卖盘
4,14:56:54,8.23,--,174,143202,买盘
5,14:56:48,8.23,--,290,238768,卖盘
6,14:56:42,8.23,-0.01,20,16460,卖盘
7,14:56:39,8.24,--,5,4120,买盘
8,14:56:33,8.24,--,30,24720,买盘
9,14:56:30,8.24,0.01,1,824,买盘
10,14:56:27,8.23,-0.01,64,52672,卖盘
11,14:56:24,8.24,-0.01,125,103000,中性盘
12,14:56:18,8.25,0.02,118,97350,买盘
13,14:56:15,8.23,--,143,117689,卖盘
14,14:56:03,8.23,--,156,128388,卖盘
15,14:56:00,8.23,--,70,57610,卖盘
16,14:55:57,8.23,--,214,176846,买盘
17,14:55:54,8.23,--,85,69955,买盘
18,14:55:51,8.23,--,48,39504,买盘
19,14:55:48,8.23,--,1,823,买盘
20,14:55:45,8.23,-0.01,443,364589,卖盘
21,14:55:39,8.24,0.01,4,3296,买盘
22,14:55:36,8.23,--,83,68309,卖盘
23,14:55:33,8.23,-0.01,50,41150,卖盘
24,14:55:27,8.24,--,1,824,买盘
25,14:55:24,8.24,0.02,19,15656,买盘
26,14:55:21,8.22,-0.02,162,133164,卖盘
27,14:55:18,8.24,0.01,17,14008,买盘
28,14:55:15,8.23,-0.01,297,244431,卖盘
29,14:55:12,8.24,0.01,50,41200,买盘
30,14:55:06,8.23,-0.01,244,200812,卖盘
31,14:55:03,8.24,0.01,372,306528,买盘
32,14:55:00,8.23,-0.01,90,74070,卖盘
33,14:54:57,8.24,--,95,78280,买盘
34,14:54:54,8.24,--,2,1648,买盘
35,14:54:48,8.24,--,10,8240,买盘
36,14:54:45,8.24,--,187,154088,买盘
37,14:54:42,8.24,--,214,176336,买盘
38,14:54:39,8.24,--,236,194464,卖盘
39,14:54:36,8.24,--,12,9888,卖盘
40,14:54:30,8.24,-0.01,41,33784,卖盘
41,14:54:27,8.25,0.01,92,75900,买盘
42,14:54:24,8.24,--,4,3296,买盘
43,14:54:21,8.24,--,35,28840,买盘
44,14:54:18,8.24,--,5,4120,买盘
45,14:54:15,8.24,-0.01,159,131016,卖盘
46,14:54:09,8.25,--,10,8250,买盘
47,14:54:06,8.25,--,5,4125,买盘
48,14:54:03,8.25,0.01,37,30525,买盘
49,14:54:00,8.24,--,154,126896,卖盘
50,14:53:57,8.24,--,67,55208,卖盘
51,14:53:51,8.24,-0.01,3,2472,卖盘
52,14:53:45,8.25,0.02,1,825,买盘
53,14:53:42,8.23,-0.02,188,154724,卖盘
54,14:53:33,8.25,0.01,198,163350,买盘
55,14:53:30,8.24,--,128,105472,买盘
56,14:53:24,8.24,--,5,4120,买盘
57,14:53:21,8.24,-0.01,63,51912,卖盘
58,14:53:18,8.25,--,52,42900,买盘
59,14:53:15,8.25,0.02,3,2475,买盘
60,14:53:12,8.23,--,83,68309,卖盘
61,14:53:06,8.23,-0.02,338,278174,卖盘
62,14:52:56,8.25,--,33,27225,买盘
63,14:52:50,8.25,--,371,306075,卖盘
64,14:52:47,8.25,--,51,42075,卖盘
65,14:52:44,8.25,--,9,7425,卖盘
66,14:52:41,8.25,-0.01,10,8250,卖盘
67,14:52:38,8.26,--,3,2478,买盘
68,14:52:35,8.26,0.01,138,113988,买盘
69,14:52:29,8.25,--,5,4125,买盘
70,14:52:26,8.25,--,70,57750,卖盘
71,14:52:23,8.25,--,118,97350,卖盘
72,14:52:08,8.25,--,92,75900,买盘
73,14:52:05,8.25,--,11,9075,买盘
74,14:52:02,8.25,0.01,11,9075,买盘
75,14:51:59,8.24,-0.01,45,37080,卖盘
76,14:51:56,8.25,0.01,11,9075,买盘
77,14:51:53,8.24,-0.01,90,74160,卖盘
78,14:51:47,8.25,0.01,19,15675,买盘
79,14:51:44,8.24,--,125,103000,卖盘
80,14:51:38,8.24,--,18,14832,卖盘
81,14:51:35,8.24,--,42,34608,卖盘
82,14:51:32,8.24,--,90,74160,买盘
83,14:51:26,8.24,--,89,73336,买盘
84,14:51:23,8.24,--,15,12360,买盘
85,14:51:20,8.24,--,120,98880,买盘
86,14:51:17,8.24,--,25,20600,买盘
87,14:51:14,8.24,--,82,67568,买盘
88,14:51:08,8.24,--,12,9888,买盘
89,14:51:05,8.24,--,17,14008,买盘
90,14:51:02,8.24,--,27,22248,买盘
91,14:50:56,8.24,--,150,123600,买盘
92,14:50:47,8.24,--,234,192816,买盘
93,14:50:44,8.24,-0.01,107,88168,卖盘
94,14:50:41,8.25,0.02,73,60225,买盘
95,14:50:35,8.23,-0.01,90,74070,卖盘
96,14:50:29,8.24,--,105,86520,卖盘
97,14:50:26,8.24,--,65,53560,买盘
98,14:50:23,8.24,0.01,122,100528,中性盘
99,14:50:11,8.23,--,20,16460,卖盘
100,14:50:08,8.23,0.01,38,31274,买盘
101,14:49:59,8.22,--,338,277836,买盘
102,14:49:56,8.22,--,10,8220,买盘
103,14:49:53,8.22,--,980,805560,卖盘
104,14:49:50,8.22,-0.01,110,90420,卖盘
105,14:49:47,8.23,--,15,12345,卖盘
106,14:49:44,8.23,--,138,113574,卖盘
107,14:49:38,8.23,--,64,52672,卖盘
108,14:49:35,8.23,-0.01,87,71601,卖盘
109,14:49:29,8.24,0.01,10,8240,买盘
110,14:49:26,8.23,--,62,51026,卖盘
111,14:49:23,8.23,--,19,15637,卖盘
112,14:49:14,8.23,0.01,67,55141,买盘
113,14:49:08,8.22,--,56,46032,卖盘
114,14:49:02,8.22,-0.02,110,90420,卖盘
115,14:48:53,8.24,-0.01,32,26368,买盘
116,14:48:47,8.25,0.04,2,1650,买盘
117,14:48:44,8.21,-0.03,220,180620,卖盘
118,14:48:41,8.24,0.03,390,321360,买盘
119,14:48:38,8.21,-0.02,64,52544,卖盘
120,14:48:35,8.23,--,1,823,买盘
121,14:48:32,8.23,--,13,10699,买盘
122,14:48:26,8.23,--,2,1646,买盘
123,14:48:23,8.23,--,92,75716,买盘
124,14:48:20,8.23,--,115,94645,买盘
125,14:48:17,8.23,-0.01,165,135795,卖盘
126,14:48:14,8.24,--,78,64272,买盘
127,14:48:11,8.24,--,5,4120,卖盘
128,14:48:08,8.24,--,2,1648,卖盘
129,14:48:02,8.24,--,18,14832,卖盘
130,14:47:59,8.24,-0.01,1822,1501328,中性盘
131,14:47:56,8.25,0.01,507,418275,买盘
132,14:47:44,8.24,-0.01,123,101352,卖盘
133,14:47:41,8.25,0.01,30,24750,买盘
134,14:47:32,8.24,-0.01,2,1648,卖盘
135,14:47:29,8.25,--,284,234300,卖盘
136,14:47:26,8.25,--,306,252450,卖盘
137,14:47:23,8.25,--,5,4125,卖盘
138,14:47:20,8.25,--,100,82500,卖盘
139,14:47:14,8.25,0.02,203,167475,买盘
140,14:47:11,8.23,-0.02,91,74893,卖盘
141,14:47:08,8.25,0.01,20,16500,买盘
142,14:47:05,8.24,-0.01,218,179632,卖盘
143,14:47:02,8.25,--,110,90750,买盘
144,14:46:56,8.25,0.01,2,1650,买盘
145,14:46:53,8.24,--,5,4120,卖盘
146,14:46:50,8.24,--,30,24720,卖盘
147,14:46:47,8.24,-0.01,5,4120,卖盘
148,14:46:44,8.25,0.01,13,10725,买盘
149,14:46:35,8.24,-0.01,241,198584,卖盘
150,14:46:32,8.25,0.01,62,51150,买盘
151,14:46:29,8.24,--,65,53560,买盘
152,14:46:26,8.24,--,3,2472,买盘
153,14:46:23,8.24,0.01,106,87344,中性盘
154,14:46:20,8.23,-0.01,83,68309,卖盘
155,14:46:17,8.24,--,1,1400,买盘
156,14:46:14,8.24,--,90,74160,买盘
157,14:46:11,8.24,--,57,46968,买盘
158,14:46:08,8.24,0.01,8,6592,买盘
159,14:46:02,8.23,--,52,42796,卖盘
160,14:45:59,8.23,-0.01,81,66663,卖盘
161,14:45:56,8.24,--,122,100528,买盘
162,14:45:53,8.24,--,52,42848,买盘
163,14:45:50,8.24,--,61,50264,买盘
164,14:45:47,8.24,0.01,71,58504,买盘
165,14:45:44,8.23,--,138,113574,卖盘
166,14:45:41,8.23,-0.01,35,28805,卖盘
167,14:45:38,8.24,--,85,70040,买盘
168,14:45:32,8.24,0.01,40,32960,买盘
169,14:45:23,8.23,-0.01,42,34566,卖盘
170,14:45:20,8.24,-0.01,114,94183,卖盘
171,14:45:14,8.25,--,20,16500,买盘
172,14:45:11,8.25,--,114,94050,买盘
173,14:45:08,8.25,0.01,15,12375,买盘
174,14:45:05,8.24,-0.01,130,107120,卖盘
175,14:45:02,8.25,--,22,18150,买盘
176,14:44:59,8.25,-0.01,23,18975,卖盘
177,14:44:56,8.26,0.02,64,52864,买盘
178,14:44:50,8.24,-0.01,1208,995968,卖盘
179,14:44:44,8.25,-0.01,1013,835725,卖盘
180,14:44:41,8.26,--,57,47082,买盘
181,14:44:38,8.26,0.01,35,28910,买盘
182,14:44:35,8.25,-0.01,9,7425,卖盘
183,14:44:32,8.26,--,65,53690,买盘
184,14:44:29,8.26,-0.01,917,757442,卖盘
185,14:44:23,8.27,0.01,68,56236,买盘
186,14:44:20,8.26,--,220,181720,卖盘
187,14:44:17,8.26,--,28,23128,卖盘
188,14:44:14,8.26,-0.01,100,82600,卖盘
189,14:44:08,8.27,0.01,120,99240,买盘
190,14:44:02,8.26,-0.01,100,82600,卖盘
191,14:43:59,8.27,--,82,67814,卖盘
192,14:43:50,8.27,-0.02,100,82700,卖盘
193,14:43:47,8.29,--,280,232119,买盘
194,14:43:41,8.29,--,136,112743,买盘
195,14:43:38,8.29,--,1068,885371,卖盘
196,14:43:35,8.29,--,2,1657,卖盘
197,14:43:29,8.29,--,5,4145,卖盘
198,14:43:23,8.29,-0.01,8,6631,卖盘
199,14:43:14,8.3,0.01,20,16600,买盘
200,14:43:11,8.29,--,37,30672,买盘
201,14:43:08,8.29,--,12,9947,买盘
202,14:43:05,8.29,0.01,40,33160,买盘
203,14:43:02,8.28,-0.01,19,15731,卖盘
204,14:42:59,8.29,--,52,43107,卖盘
205,14:42:53,8.29,--,4,3315,卖盘
206,14:42:47,8.29,--,20,16580,卖盘
207,14:42:41,8.29,--,66,54713,卖盘
208,14:42:35,8.29,--,97,80412,卖盘
209,14:42:32,8.29,--,34,28185,卖盘
210,14:42:23,8.29,--,75,62174,买盘
211,14:42:20,8.29,0.01,70,58029,买盘
212,14:42:11,8.28,--,10,8280,卖盘
213,14:42:08,8.28,-0.01,22,18216,卖盘
214,14:42:02,8.29,0.01,7,5802,买盘
215,14:41:59,8.28,-0.01,100,82800,卖盘
216,14:41:56,8.29,--,8,6631,买盘
217,14:41:53,8.29,0.01,26,21553,买盘
218,14:41:50,8.28,-0.01,45,37260,卖盘
219,14:41:47,8.29,0.01,10,8290,买盘
220,14:41:44,8.28,0.01,120,99359,中性盘
221,14:41:32,8.27,0.01,102,84354,中性盘
222,14:41:17,8.26,-0.01,343,283318,卖盘
223,14:41:14,8.27,--,20,16540,卖盘
224,14:41:11,8.27,0.02,5,4135,买盘
225,14:41:08,8.25,-0.01,468,386100,卖盘
226,14:41:02,8.26,--,205,169330,买盘
227,14:40:59,8.26,-0.02,756,624456,卖盘
228,14:40:53,8.28,--,65,54532,卖盘
229,14:40:50,8.28,0.01,134,111067,买盘
230,14:40:47,8.27,--,61,50447,卖盘
231,14:40:44,8.27,--,50,41350,卖盘
232,14:40:38,8.27,-0.01,4,3308,卖盘
233,14:40:32,8.28,0.01,36,29807,买盘
234,14:40:26,8.27,--,604,499508,买盘
235,14:40:23,8.27,--,63,52101,买盘
236,14:40:20,8.27,--,44,36388,买盘
237,14:40:17,8.27,--,30,24810,买盘
238,14:40:14,8.27,--,91,75257,买盘
239,14:40:11,8.27,--,1,827,买盘
240,14:40:08,8.27,--,673,556571,卖盘
241,14:40:02,8.27,--,5,4135,卖盘
242,14:39:59,8.27,--,163,134801,买盘
243,14:39:53,8.27,--,30,24810,买盘
244,14:39:50,8.27,--,212,175324,买盘
245,14:39:38,8.27,--,21,17367,卖盘
246,14:39:32,8.27,--,39,32253,卖盘
247,14:39:29,8.27,-0.01,632,522664,卖盘
248,14:39:26,8.28,--,5,4140,买盘
249,14:39:20,8.28,--,1,827,买盘
250,14:39:17,8.28,--,13,10764,买盘
251,14:39:14,8.28,--,3,2484,买盘
252,14:39:08,8.28,--,27,22356,卖盘
253,14:39:02,8.28,--,10,8280,卖盘
254,14:38:59,8.28,--,63,52163,卖盘
255,14:38:53,8.28,--,190,157320,买盘
256,14:38:35,8.28,--,7,5796,买盘
257,14:38:32,8.28,--,50,41400,买盘
258,14:38:29,8.28,--,32,26495,买盘
259,14:38:26,8.28,--,2,1655,买盘
260,14:38:14,8.28,0.01,100,82800,中性盘
261,14:38:02,8.27,--,61,50447,卖盘
262,14:37:59,8.27,-0.01,370,305990,卖盘
263,14:37:56,8.28,0.01,1,827,中性盘
264,14:37:47,8.27,--,15,12405,卖盘
265,14:37:41,8.27,-0.01,151,124877,卖盘
266,14:37:35,8.28,0.01,211,174708,买盘
267,14:37:32,8.27,-0.01,18,14886,卖盘
268,14:37:26,8.28,--,131,108467,卖盘
269,14:37:23,8.28,-0.01,25,20700,卖盘
270,14:37:14,8.29,0.01,55,45594,买盘
271,14:37:11,8.28,-0.01,31,25667,卖盘
272,14:37:05,8.29,--,22,18237,卖盘
273,14:37:02,8.29,--,20,16580,卖盘
274,14:36:59,8.29,--,46,38133,卖盘
275,14:36:53,8.29,-0.01,10,8290,卖盘
276,14:36:50,8.3,--,6,4980,买盘
277,14:36:47,8.3,0.01,30,24900,买盘
278,14:36:44,8.29,--,125,103624,卖盘
279,14:36:41,8.29,-0.01,10,8290,卖盘
280,14:36:38,8.3,--,76,63080,买盘
281,14:36:35,8.3,--,150,124500,买盘
282,14:36:32,8.3,--,96,79680,卖盘
283,14:36:26,8.3,-0.01,549,455670,卖盘
284,14:36:23,8.31,--,109,90579,卖盘
285,14:36:17,8.31,--,52,43212,卖盘
286,14:36:14,8.31,--,154,127974,卖盘
287,14:36:11,8.31,--,3,2493,卖盘
288,14:36:05,8.31,-0.01,201,167031,卖盘
289,14:36:02,8.32,--,10,8320,买盘
290,14:35:56,8.32,--,9,7488,买盘
291,14:35:50,8.32,--,18,14976,卖盘
292,14:35:47,8.32,--,65,54080,卖盘
293,14:35:41,8.32,--,8,6656,卖盘
294,14:35:38,8.32,--,50,41600,卖盘
295,14:35:35,8.32,--,306,254592,卖盘
296,14:35:32,8.32,--,6,4992,卖盘
297,14:35:26,8.32,--,10,8320,卖盘
298,14:35:11,8.32,--,2,1664,卖盘
299,14:35:08,8.32,-0.01,1,832,卖盘
300,14:35:05,8.33,--,100,83300,买盘
301,14:35:02,8.33,--,100,83300,买盘
302,14:34:59,8.33,--,21,17493,买盘
303,14:34:53,8.33,0.01,41,34153,买盘
304,14:34:50,8.32,-0.01,12,9984,卖盘
305,14:34:41,8.33,--,35,29155,买盘
306,14:34:35,8.33,-0.01,30,24990,卖盘
307,14:34:29,8.34,0.01,5,4170,买盘
308,14:34:20,8.33,0.01,10,8330,中性盘
309,14:33:59,8.32,-0.01,116,96512,卖盘
310,14:33:47,8.33,-0.01,5,4165,卖盘
311,14:33:23,8.34,--,5,4170,买盘
312,14:33:20,8.34,0.01,10,8340,买盘
313,14:32:58,8.33,0.01,12,9996,买盘
314,14:32:55,8.32,--,92,76544,买盘
315,14:32:52,8.32,-0.01,245,203840,卖盘
316,14:32:37,8.33,--,3,2499,买盘
317,14:32:31,8.33,-0.01,12,9996,卖盘
318,14:32:28,8.34,--,3,2502,买盘
319,14:32:22,8.34,0.02,41,34194,买盘
320,14:32:19,8.32,-0.02,10,8320,卖盘
321,14:32:16,8.34,0.02,158,131772,买盘
322,14:32:04,8.32,-0.01,89,74048,卖盘
323,14:31:55,8.33,--,10,8330,买盘
324,14:31:52,8.33,-0.01,15,12495,卖盘
325,14:31:46,8.34,0.01,103,85902,买盘
326,14:31:43,8.33,--,49,40817,卖盘
327,14:31:28,8.33,--,21,17493,买盘
328,14:31:16,8.33,--,17,14161,买盘
329,14:31:07,8.33,--,5,4165,买盘
330,14:31:01,8.33,-0.01,70,58310,卖盘
331,14:30:58,8.34,--,10,8340,买盘
332,14:30:46,8.34,--,36,30024,买盘
333,14:30:43,8.34,--,172,143448,卖盘
334,14:30:40,8.34,--,4,3336,卖盘
335,14:30:37,8.34,-0.01,77,64218,卖盘
336,14:30:31,8.35,--,5,4175,买盘
337,14:30:19,8.35,--,2,1670,买盘
338,14:30:16,8.35,--,20,16700,买盘
339,14:30:13,8.35,0.01,2,1670,买盘
340,14:30:04,8.34,-0.02,74,61716,卖盘
341,14:30:01,8.36,--,52,43472,买盘
342,14:29:52,8.36,0.02,20,16720,买盘
343,14:29:46,8.34,-0.01,45,37530,卖盘
344,14:29:37,8.35,-0.01,34,28390,卖盘
345,14:29:34,8.36,--,7,5852,买盘
346,14:29:31,8.36,--,157,131252,买盘
347,14:29:28,8.36,--,39,32603,买盘
348,14:29:25,8.36,--,23,19228,买盘
349,14:29:19,8.36,--,226,188936,卖盘
350,14:29:16,8.36,--,2,1672,卖盘
351,14:29:13,8.36,--,2,1672,卖盘
352,14:29:04,8.36,--,10,8360,卖盘
353,14:28:55,8.36,--,15,12540,买盘
354,14:28:49,8.36,--,52,43472,买盘
355,14:28:40,8.36,--,56,46816,买盘
356,14:28:37,8.36,--,1,836,买盘
357,14:28:16,8.36,--,33,27587,买盘
358,14:28:10,8.36,--,34,28423,买盘
359,14:28:07,8.36,--,105,87780,买盘
360,14:28:04,8.36,--,45,37620,买盘
361,14:27:52,8.36,--,6,5016,买盘
362,14:27:49,8.36,0.01,50,41800,买盘
363,14:27:37,8.35,0.01,110,91850,买盘
364,14:27:34,8.34,-0.01,29,24186,卖盘
365,14:27:28,8.35,--,283,236305,买盘
366,14:27:22,8.35,0.01,6,5010,买盘
367,14:27:04,8.34,--,19,15846,买盘
368,14:26:55,8.34,0.01,6,5004,买盘
369,14:26:52,8.33,-0.01,13,10829,卖盘
370,14:26:49,8.34,--,30,25020,买盘
371,14:26:34,8.34,0.01,23,19182,买盘
372,14:26:28,8.33,-0.01,30,24990,卖盘
373,14:26:19,8.34,--,2,1668,买盘
374,14:26:13,8.34,--,2,1668,买盘
375,14:26:04,8.34,0.01,4,3336,买盘
376,14:25:58,8.33,0.01,8,6664,买盘
377,14:25:49,8.32,--,76,63232,买盘
378,14:25:46,8.32,0.01,11,9152,买盘
379,14:25:37,8.31,-0.01,168,139608,卖盘
380,14:25:31,8.32,0.01,15,12480,买盘
381,14:25:28,8.31,-0.01,26,21606,卖盘
382,14:25:19,8.32,--,1,832,买盘
383,14:25:16,8.32,--,442,367744,卖盘
384,14:25:01,8.32,--,10,8320,卖盘
385,14:24:34,8.32,-0.01,65,54080,卖盘
386,14:24:31,8.33,0.01,3,2499,买盘
387,14:24:25,8.32,--,5,4160,卖盘
388,14:24:16,8.32,--,50,41600,卖盘
389,14:24:13,8.32,-0.01,19,15808,卖盘
390,14:24:10,8.33,--,17,14161,买盘
391,14:23:58,8.33,--,10,8330,买盘
392,14:23:31,8.33,--,21,17493,卖盘
393,14:23:25,8.33,--,34,28322,卖盘
394,14:23:19,8.33,--,59,49147,卖盘
395,14:23:16,8.33,--,50,41650,卖盘
396,14:23:13,8.33,-0.01,59,49147,卖盘
397,14:23:10,8.34,--,1,834,买盘
398,14:23:07,8.34,0.01,1,834,买盘
399,14:23:04,8.33,-0.01,39,32487,卖盘
400,14:23:01,8.34,--,10,8340,买盘
401,14:22:49,8.34,--,17,14178,买盘
402,14:22:40,8.34,--,30,25020,卖盘
403,14:22:37,8.34,-0.01,32,26688,卖盘
404,14:22:31,8.35,0.01,19,15865,买盘
405,14:22:28,8.34,--,55,45870,卖盘
406,14:22:22,8.34,--,50,41700,卖盘
407,14:22:16,8.34,-0.01,554,462036,卖盘
408,14:22:13,8.35,--,24,20040,买盘
409,14:22:07,8.35,0.01,6,5010,买盘
410,14:22:04,8.34,-0.01,2,1668,卖盘
411,14:22:01,8.35,--,21,17535,买盘
412,14:21:43,8.35,--,24,20040,买盘
413,14:21:34,8.35,0.01,27,22545,买盘
414,14:21:13,8.34,--,204,170136,卖盘
415,14:21:07,8.34,--,10,8340,卖盘
416,14:21:01,8.34,--,6,5004,卖盘
417,14:20:49,8.34,-0.01,5,4170,卖盘
418,14:20:46,8.35,0.01,81,67635,买盘
419,14:20:31,8.34,--,17,14178,买盘
420,14:20:25,8.34,--,4,3336,买盘
421,14:20:22,8.34,--,7,5838,买盘
422,14:20:16,8.34,-0.01,21,17514,卖盘
423,14:20:01,8.35,0.01,6,5010,买盘
424,14:19:55,8.34,--,20,16680,卖盘
425,14:19:46,8.34,-0.01,50,41700,卖盘
426,14:19:34,8.35,0.01,13,10855,买盘
427,14:19:22,8.34,-0.01,5,4170,卖盘
428,14:19:19,8.35,--,81,67635,买盘
429,14:19:16,8.35,0.01,50,41750,买盘
430,14:19:04,8.34,--,55,45870,卖盘
431,14:18:49,8.34,--,975,813150,买盘
432,14:18:37,8.34,0.01,46,38364,买盘
433,14:18:34,8.33,-0.01,27,22491,卖盘
434,14:18:25,8.34,0.01,126,105084,买盘
435,14:18:16,8.33,-0.01,83,69139,中性盘
436,14:18:10,8.34,--,60,50040,买盘
437,14:18:07,8.34,0.01,1,834,买盘
438,14:18:04,8.33,--,169,140777,卖盘
439,14:17:58,8.33,--,11,9163,卖盘
440,14:17:55,8.33,--,206,171598,卖盘
441,14:17:49,8.33,-0.01,2,1666,卖盘
442,14:17:43,8.34,0.01,5,4170,买盘
443,14:17:34,8.33,-0.01,62,51646,中性盘
444,14:17:19,8.34,0.02,15,12510,买盘
445,14:17:16,8.32,-0.01,2,1664,卖盘
446,14:17:13,8.33,-0.01,48,39984,卖盘
447,14:17:10,8.34,--,92,76728,卖盘
448,14:17:01,8.34,--,5,4170,卖盘
449,14:16:55,8.34,--,158,131772,买盘
450,14:16:52,8.34,--,5,4170,买盘
451,14:16:37,8.34,--,103,85902,买盘
452,14:16:25,8.34,0.02,1,834,买盘
453,14:16:19,8.32,--,120,99840,买盘
454,14:16:16,8.32,-0.01,553,460096,卖盘
455,14:15:58,8.33,-0.01,1,833,卖盘
456,14:15:55,8.34,--,20,16680,买盘
457,14:15:52,8.34,--,1,834,买盘
458,14:15:49,8.34,--,30,25020,买盘
459,14:15:46,8.34,--,25,20850,买盘
460,14:15:37,8.34,--,30,25020,买盘
461,14:15:34,8.34,--,35,29190,买盘
462,14:15:31,8.34,-0.01,216,180144,卖盘
463,14:15:28,8.35,--,5,4175,买盘
464,14:15:25,8.35,--,24,20040,买盘
465,14:15:19,8.35,-0.01,385,321475,卖盘
466,14:15:16,8.36,--,2,1672,买盘
467,14:15:13,8.36,--,66,55175,买盘
468,14:15:10,8.36,--,63,52668,买盘
469,14:15:07,8.36,0.01,2,1672,买盘
470,14:15:04,8.35,-0.01,10,8350,卖盘
471,14:15:01,8.36,--,10,8360,买盘
472,14:14:55,8.36,0.01,22,18392,买盘
473,14:14:49,8.35,--,9,7515,买盘
474,14:14:46,8.35,--,79,65965,买盘
475,14:14:37,8.35,--,50,41750,买盘
476,14:14:34,8.35,0.01,100,83500,买盘
477,14:14:28,8.34,--,827,689718,买盘
478,14:14:22,8.34,0.01,9,7506,买盘
479,14:14:04,8.33,--,20,16660,买盘
480,14:14:01,8.33,--,283,235739,买盘
481,14:13:58,8.33,--,83,69139,买盘
482,14:13:55,8.33,--,290,241570,买盘
483,14:13:52,8.33,--,24,19992,买盘
484,14:13:49,8.33,--,50,41650,买盘
485,14:13:39,8.33,--,2,1666,买盘
486,14:13:36,8.33,0.01,60,49980,买盘
487,14:13:21,8.32,--,168,140208,买盘
488,14:13:18,8.32,--,32,26624,买盘
489,14:13:15,8.32,0.02,102,84864,买盘
490,14:12:54,8.3,--,188,156040,买盘
491,14:12:51,8.3,--,30,24900,买盘
492,14:12:48,8.3,--,4,3320,买盘
493,14:12:42,8.3,--,2,1660,买盘
494,14:12:39,8.3,0.01,554,459820,买盘
495,14:12:33,8.29,--,5,4145,买盘
496,14:12:30,8.29,--,8,6631,买盘
497,14:12:27,8.29,--,469,388800,买盘
498,14:12:24,8.29,-0.01,881,730348,卖盘
499,14:12:21,8.3,--,4,3320,买盘
500,14:12:18,8.3,--,25,20750,买盘
501,14:12:15,8.3,--,54,44820,买盘
502,14:12:12,8.3,0.01,68,56440,买盘
503,14:11:54,8.29,--,10,8290,卖盘
504,14:11:51,8.29,-0.01,428,354811,中性盘
505,14:11:21,8.3,0.02,5,4150,买盘
506,14:11:12,8.28,-0.01,250,206999,卖盘
507,14:11:03,8.29,-0.01,419,347350,卖盘
508,14:10:42,8.3,0.01,18,14940,买盘
509,14:10:33,8.29,--,10,8290,卖盘
510,14:10:18,8.29,0.01,2,1657,卖盘
511,14:10:09,8.28,0.01,50,41400,买盘
512,14:10:06,8.27,-0.01,40,33080,卖盘
513,14:10:03,8.28,--,188,155664,买盘
514,14:09:57,8.28,--,3,2484,买盘
515,14:09:54,8.28,--,304,251711,买盘
516,14:09:48,8.28,--,350,289800,买盘
517,14:09:45,8.28,--,70,57959,买盘
518,14:09:42,8.28,-0.01,338,279864,卖盘
519,14:09:33,8.29,0.01,70,58029,买盘
520,14:09:30,8.28,-0.01,471,389987,卖盘
521,14:09:18,8.29,--,2,1657,买盘
522,14:09:09,8.29,-0.01,279,231290,卖盘
523,14:09:00,8.3,-0.01,512,424960,卖盘
524,14:08:51,8.31,-0.01,49,40719,卖盘
525,14:08:45,8.32,--,16,13312,买盘
526,14:08:36,8.32,--,1,832,买盘
527,14:08:27,8.32,--,19,15808,买盘
528,14:08:24,8.32,--,10,8320,买盘
529,14:08:09,8.32,--,20,16640,买盘
530,14:07:57,8.32,--,5,4160,买盘
531,14:07:27,8.32,0.01,100,83200,买盘
532,14:07:18,8.31,--,52,43610,卖盘
533,14:06:51,8.31,0.01,39,32841,买盘
534,14:06:45,8.3,-0.01,52,43160,卖盘
535,14:06:42,8.31,--,178,147918,买盘
536,14:06:30,8.31,--,20,16620,买盘
537,14:06:18,8.31,0.01,100,83100,买盘
538,14:06:03,8.3,-0.01,15,12450,卖盘
539,14:06:00,8.31,--,11,9141,买盘
540,14:05:54,8.31,--,17,14127,买盘
541,14:05:36,8.31,0.01,4,3324,买盘
542,14:05:12,8.3,-0.01,100,83000,卖盘
543,14:05:03,8.31,--,305,253455,卖盘
544,14:04:54,8.31,-0.01,5,4155,卖盘
545,14:04:48,8.32,--,55,45760,买盘
546,14:04:42,8.32,0.01,9,7488,买盘
547,14:04:33,8.31,-0.01,64,53184,卖盘
548,14:04:30,8.32,-0.01,303,252096,卖盘
549,14:04:24,8.33,0.01,10,8330,买盘
550,14:04:15,8.32,--,181,150592,卖盘
551,14:04:09,8.32,--,31,25792,卖盘
552,14:04:06,8.32,--,50,41600,卖盘
553,14:03:57,8.32,--,5,4160,卖盘
554,14:03:54,8.32,--,5,4160,卖盘
555,14:03:42,8.32,--,310,257920,卖盘
556,14:03:33,8.32,--,10,8320,卖盘
557,14:03:27,8.32,--,30,24960,卖盘
558,14:03:18,8.32,--,5,4160,卖盘
559,14:03:12,8.32,-0.01,20,16640,卖盘
560,14:03:00,8.33,--,2,1666,买盘
561,14:02:57,8.33,--,81,67473,买盘
562,14:02:48,8.33,--,51,42483,买盘
563,14:02:45,8.33,--,35,29155,买盘
564,14:02:39,8.33,--,3,2499,买盘
565,14:02:30,8.33,0.01,70,58310,买盘
566,14:02:15,8.32,--,2,1664,卖盘
567,14:02:12,8.32,--,50,41600,卖盘
568,14:02:03,8.32,--,4,3328,卖盘
569,14:02:00,8.32,0.02,508,422656,买盘
570,14:01:57,8.3,-0.01,62,51460,卖盘
571,14:01:51,8.31,--,16,13296,买盘
572,14:01:48,8.31,0.01,10,8310,买盘
573,14:01:33,8.3,-0.01,17,14110,卖盘
574,14:01:30,8.31,-0.01,344,285864,卖盘
575,14:01:27,8.32,0.01,13,10816,买盘
576,14:01:24,8.31,-0.01,55,45705,卖盘
577,14:01:21,8.32,--,39,32448,买盘
578,14:01:15,8.32,--,120,99840,买盘
579,14:01:09,8.32,0.01,7,5824,买盘
580,14:01:06,8.31,-0.01,30,24930,卖盘
581,14:01:03,8.32,--,10,8320,买盘
582,14:00:54,8.32,0.01,1,832,买盘
583,14:00:51,8.31,--,1,831,卖盘
584,14:00:45,8.31,-0.01,31,25761,卖盘
585,14:00:42,8.32,--,19,15808,买盘
586,14:00:39,8.32,--,40,33280,买盘
587,14:00:30,8.32,0.01,27,22464,买盘
588,14:00:27,8.31,--,50,41550,卖盘
589,14:00:12,8.31,--,8,6648,买盘
590,14:00:00,8.31,--,35,29085,买盘
591,13:59:57,8.31,--,657,545967,买盘
592,13:59:51,8.31,0.01,3,2493,买盘
593,13:59:39,8.3,--,21,17430,买盘
594,13:59:36,8.3,--,61,50630,买盘
595,13:59:33,8.3,--,9,7470,买盘
596,13:59:30,8.3,--,5,4150,买盘
597,13:59:27,8.3,0.01,20,16600,买盘
598,13:59:21,8.29,-0.01,6,4973,卖盘
599,13:59:15,8.3,0.01,20,16600,买盘
600,13:59:09,8.29,--,431,357298,买盘
601,13:59:03,8.29,--,12,9947,买盘
602,13:58:54,8.29,--,10,8290,买盘
603,13:58:51,8.29,--,30,24869,买盘
604,13:58:45,8.29,--,105,87044,买盘
605,13:58:39,8.29,0.01,5,4145,买盘
606,13:58:24,8.28,--,10,8280,卖盘
607,13:58:21,8.28,--,50,41400,买盘
608,13:58:18,8.28,0.01,204,168912,买盘
609,13:58:15,8.27,-0.01,40,33080,卖盘
610,13:58:12,8.28,--,33,27323,买盘
611,13:57:54,8.28,0.01,2,1655,买盘
612,13:57:51,8.27,0.01,4,3308,中性盘
613,13:57:33,8.26,-0.01,35,28910,卖盘
614,13:57:18,8.27,0.01,20,16540,买盘
615,13:57:15,8.26,-0.01,11,9086,卖盘
616,13:57:12,8.27,--,70,57890,卖盘
617,13:57:09,8.27,--,15,12405,卖盘
618,13:57:06,8.27,--,75,62025,买盘
619,13:56:51,8.27,--,2,1654,买盘
620,13:56:48,8.27,--,3,2481,买盘
621,13:56:42,8.27,--,12,9924,中性盘
622,13:56:24,8.27,0.02,4,3308,买盘
623,13:56:21,8.25,--,40,33000,卖盘
624,13:56:18,8.25,0.01,30,24750,卖盘
625,13:56:12,8.24,--,45,37080,卖盘
626,13:56:09,8.24,--,4,3296,卖盘
627,13:56:06,8.24,--,1,824,卖盘
628,13:56:00,8.24,0.01,3,2472,卖盘
629,13:55:51,8.23,-0.01,4216,3469965,卖盘
630,13:55:48,8.24,--,23,18952,卖盘
631,13:55:45,8.24,--,20,16480,卖盘
632,13:55:42,8.24,--,55,45320,卖盘
633,13:55:39,8.24,--,10,8240,卖盘
634,13:55:33,8.24,--,30,24720,卖盘
635,13:55:21,8.24,-0.01,10,8240,卖盘
636,13:55:15,8.25,0.01,47,38775,买盘
637,13:55:12,8.24,--,10,8240,买盘
638,13:55:09,8.24,--,15,12360,买盘
639,13:55:06,8.24,--,74,60976,卖盘
640,13:55:03,8.24,-0.01,200,164800,卖盘
641,13:55:00,8.25,--,96,79200,买盘
642,13:54:57,8.25,--,33,27225,买盘
643,13:54:51,8.25,--,73,60225,买盘
644,13:54:48,8.25,--,52,42900,买盘
645,13:54:45,8.25,--,189,155925,买盘
646,13:54:42,8.25,--,11,9075,买盘
647,13:54:36,8.25,--,17,14025,买盘
648,13:54:33,8.25,--,55,45375,买盘
649,13:54:30,8.25,-0.02,598,493977,卖盘
650,13:54:24,8.27,-0.01,10,8270,卖盘
651,13:54:21,8.28,--,40,33120,买盘
652,13:54:12,8.28,--,10,8280,买盘
653,13:54:06,8.28,0.03,24,19872,买盘
654,13:53:54,8.25,-0.02,3000,2475000,卖盘
655,13:53:51,8.27,--,60,49620,卖盘
656,13:53:48,8.27,-0.02,15,12405,卖盘
657,13:53:42,8.29,0.02,2,1657,买盘
658,13:53:39,8.27,--,9,7443,卖盘
659,13:53:36,8.27,--,41,33907,买盘
660,13:53:30,8.27,0.01,5,4135,中性盘
661,13:53:24,8.26,-0.02,700,578200,卖盘
662,13:53:18,8.28,0.01,114,94391,买盘
663,13:53:15,8.27,--,33,27291,卖盘
664,13:53:12,8.27,-0.01,135,111645,卖盘
665,13:52:56,8.28,0.01,15,12419,买盘
666,13:52:53,8.27,--,4,3308,卖盘
667,13:52:50,8.27,--,20,16540,卖盘
668,13:52:41,8.27,--,10,8270,卖盘
669,13:52:38,8.27,--,208,172016,买盘
670,13:52:32,8.27,--,656,542512,买盘
671,13:52:26,8.27,--,200,165400,买盘
672,13:52:14,8.27,-0.01,36,29772,中性盘
673,13:52:08,8.28,--,823,681444,卖盘
674,13:51:59,8.28,--,20,16560,卖盘
675,13:51:53,8.28,--,85,70380,卖盘
676,13:51:50,8.28,-0.01,112,92736,卖盘
677,13:51:47,8.29,--,400,331599,买盘
678,13:51:35,8.29,--,7,5802,买盘
679,13:51:29,8.29,--,17,14092,买盘
680,13:51:26,8.29,--,1,828,买盘
681,13:51:23,8.29,--,15,12434,买盘
682,13:51:14,8.29,0.01,13,10776,买盘
683,13:51:08,8.28,-0.01,6,4968,卖盘
684,13:51:05,8.29,-0.01,306,253673,卖盘
685,13:50:59,8.3,0.01,22,18260,买盘
686,13:50:56,8.29,-0.01,29,24040,卖盘
687,13:50:35,8.3,0.01,20,16600,买盘
688,13:50:26,8.29,-0.01,2,1657,卖盘
689,13:50:23,8.3,0.01,10,8300,买盘
690,13:50:20,8.29,--,4,3315,卖盘
691,13:50:14,8.29,-0.01,40,33160,卖盘
692,13:50:05,8.3,--,27,22410,买盘
693,13:50:02,8.3,0.01,30,24900,买盘
694,13:49:59,8.29,-0.01,16,13263,卖盘
695,13:49:50,8.3,--,5,4150,买盘
696,13:49:47,8.3,--,1,830,买盘
697,13:49:44,8.3,--,10,8300,买盘
698,13:49:35,8.3,--,16,13280,买盘
699,13:49:32,8.3,-0.01,45,37350,中性盘
700,13:49:17,8.31,0.01,73,60663,买盘
701,13:49:14,8.3,--,52,43160,卖盘
702,13:49:08,8.3,--,93,77190,卖盘
703,13:49:05,8.3,--,70,58100,卖盘
704,13:49:02,8.3,-0.01,20,16600,卖盘
705,13:48:59,8.31,--,4,3324,买盘
706,13:48:56,8.31,0.01,20,16620,买盘
707,13:48:53,8.3,-0.01,10,8300,卖盘
708,13:48:44,8.31,--,5,4155,买盘
709,13:48:38,8.31,--,20,16620,买盘
710,13:48:35,8.31,-0.01,51,42381,卖盘
711,13:48:29,8.32,0.01,30,24960,买盘
712,13:48:26,8.31,-0.01,43,35733,卖盘
713,13:48:23,8.32,0.01,5,4160,买盘
714,13:48:17,8.31,-0.01,50,41550,卖盘
715,13:48:14,8.32,0.01,20,16640,买盘
716,13:48:08,8.31,--,10,8310,卖盘
717,13:47:56,8.31,--,10,8310,卖盘
718,13:47:50,8.31,-0.01,12,9972,卖盘
719,13:47:41,8.32,0.01,5,4160,买盘
720,13:47:35,8.31,-0.01,6,4986,卖盘
721,13:47:32,8.32,--,95,79040,买盘
722,13:47:26,8.32,--,44,36608,卖盘
723,13:47:17,8.32,--,7,5824,买盘
724,13:47:14,8.32,0.01,5,4160,买盘
725,13:47:11,8.31,-0.01,44,36564,卖盘
726,13:47:08,8.32,--,7,5824,买盘
727,13:47:02,8.32,0.01,8,6656,买盘
728,13:46:59,8.31,-0.01,10,8310,卖盘
729,13:46:38,8.32,0.01,1,832,买盘
730,13:46:23,8.31,-0.01,1,831,中性盘
731,13:46:11,8.32,0.02,3,2496,买盘
732,13:46:08,8.3,--,50,41500,卖盘
733,13:45:47,8.3,--,45,37350,买盘
734,13:45:44,8.3,0.01,13,10790,买盘
735,13:45:35,8.29,-0.01,23,19066,卖盘
736,13:45:32,8.3,--,5,4150,买盘
737,13:45:26,8.3,0.01,8,6640,买盘
738,13:45:17,8.29,--,133,110256,买盘
739,13:45:14,8.29,-0.01,29,24040,卖盘
740,13:45:05,8.3,0.02,5,4150,买盘
741,13:44:59,8.28,-0.02,1,827,卖盘
742,13:44:53,8.3,--,40,33200,买盘
743,13:44:47,8.3,0.01,57,47310,买盘
744,13:44:44,8.29,-0.01,40,33160,卖盘
745,13:44:38,8.3,0.01,63,52937,买盘
746,13:44:32,8.29,--,19,15750,卖盘
747,13:44:26,8.29,-0.01,1,828,卖盘
748,13:44:20,8.3,0.01,24,19920,买盘
749,13:44:11,8.29,-0.01,32,26527,卖盘
750,13:44:05,8.3,--,74,61420,买盘
751,13:43:59,8.3,0.01,62,51460,买盘
752,13:43:56,8.29,-0.01,17,14092,卖盘
753,13:43:50,8.3,--,40,33200,买盘
754,13:43:41,8.3,--,133,110572,卖盘
755,13:43:38,8.3,-0.01,670,556100,卖盘
756,13:43:35,8.31,0.01,54,44874,中性盘
757,13:43:32,8.3,-0.01,50,41500,卖盘
758,13:43:26,8.31,-0.01,10,8310,卖盘
759,13:43:20,8.32,0.01,3,2496,买盘
760,13:43:17,8.31,-0.01,4,3324,卖盘
761,13:43:11,8.32,-0.01,7,5824,卖盘
762,13:43:08,8.33,--,30,24990,卖盘
763,13:43:02,8.33,0.01,20,16660,中性盘
764,13:42:50,8.32,--,6,4992,卖盘
765,13:42:47,8.32,-0.01,659,548288,卖盘
766,13:42:44,8.33,0.01,12,9996,买盘
767,13:42:41,8.32,-0.01,2,1664,卖盘
768,13:42:35,8.33,--,11,9163,买盘
769,13:42:32,8.33,--,528,439824,卖盘
770,13:42:29,8.33,0.01,2,1666,买盘
771,13:42:08,8.32,-0.01,33,27456,卖盘
772,13:42:05,8.33,--,21,17493,买盘
773,13:41:53,8.33,--,5,4165,买盘
774,13:41:50,8.33,--,1,833,买盘
775,13:41:44,8.33,--,17,14161,买盘
776,13:41:41,8.33,--,22,18326,中性盘
777,13:41:20,8.33,--,20,16660,买盘
778,13:41:14,8.33,-0.01,875,728875,卖盘
779,13:41:05,8.34,--,10,8340,买盘
780,13:41:02,8.34,--,1,834,买盘
781,13:40:59,8.34,--,20,16680,买盘
782,13:40:56,8.34,--,35,29190,买盘
783,13:40:53,8.34,--,10,8340,买盘
784,13:40:41,8.34,0.01,58,48372,买盘
785,13:40:35,8.33,-0.01,40,33320,卖盘
786,13:40:32,8.34,0.01,30,25020,买盘
787,13:40:20,8.33,-0.01,35,29155,卖盘
788,13:39:59,8.34,--,187,155958,卖盘
789,13:39:47,8.34,--,3,2502,卖盘
790,13:39:35,8.34,--,797,664698,买盘
791,13:39:17,8.34,--,60,50040,买盘
792,13:39:11,8.34,-0.01,143,119262,卖盘
793,13:38:56,8.35,0.01,27,22545,买盘
794,13:38:41,8.34,--,30,25020,卖盘
795,13:38:35,8.34,--,8,6672,卖盘
796,13:38:11,8.34,--,20,16680,卖盘
797,13:37:59,8.34,--,10,8340,卖盘
798,13:37:47,8.34,--,1,834,买盘
799,13:37:35,8.34,--,1,834,买盘
800,13:37:32,8.34,-0.01,10,8340,中性盘
801,13:36:41,8.35,0.01,55,45925,买盘
802,13:36:38,8.34,--,18,15012,卖盘
803,13:36:23,8.34,-0.01,81,67554,卖盘
804,13:36:05,8.35,--,40,33400,买盘
805,13:35:59,8.35,--,12,10020,买盘
806,13:35:56,8.35,--,240,200400,卖盘
807,13:35:50,8.35,--,123,102705,卖盘
808,13:35:47,8.35,--,12,10020,卖盘
809,13:35:41,8.35,--,78,65130,买盘
810,13:35:32,8.35,--,50,41750,买盘
811,13:35:20,8.35,--,5,4175,买盘
812,13:35:17,8.35,--,28,23380,买盘
813,13:35:11,8.35,--,12,10020,买盘
814,13:35:08,8.35,--,69,57615,卖盘
815,13:34:50,8.35,--,3,2505,买盘
816,13:34:47,8.35,--,27,22545,卖盘
817,13:34:44,8.35,--,25,20875,买盘
818,13:34:35,8.35,--,100,83500,买盘
819,13:34:29,8.35,--,109,91015,买盘
820,13:34:17,8.35,--,19,15865,买盘
821,13:34:14,8.35,--,10,8350,买盘
822,13:34:02,8.35,--,1,835,买盘
823,13:33:44,8.35,--,50,41750,买盘
824,13:33:38,8.35,--,2,1670,买盘
825,13:33:35,8.35,--,10,8350,买盘
826,13:33:28,8.35,--,10,8350,买盘
827,13:33:16,8.35,--,13,10855,买盘
828,13:33:01,8.35,--,1,835,买盘
829,13:32:37,8.35,--,130,108550,买盘
830,13:32:34,8.35,--,58,48430,买盘
831,13:32:28,8.35,--,11,9185,买盘
832,13:32:25,8.35,--,9,7515,买盘
833,13:32:07,8.35,0.01,24,20040,买盘
834,13:32:01,8.34,-0.01,5,4170,卖盘
835,13:31:58,8.35,--,6,5010,买盘
836,13:31:46,8.35,--,11,9185,买盘
837,13:31:37,8.35,--,4,3340,买盘
838,13:31:34,8.35,--,154,128590,买盘
839,13:31:25,8.35,0.01,3,2505,买盘
840,13:31:19,8.34,-0.01,10,8340,卖盘
841,13:31:13,8.35,0.01,1,835,买盘
842,13:31:04,8.34,-0.01,20,16680,卖盘
843,13:30:52,8.35,--,35,29225,买盘
844,13:30:49,8.35,--,52,43420,买盘
845,13:30:46,8.35,--,20,16700,买盘
846,13:30:43,8.35,--,50,41750,买盘
847,13:30:34,8.35,--,6,5010,买盘
848,13:30:31,8.35,--,100,83500,买盘
849,13:30:22,8.35,--,36,30060,买盘
850,13:30:16,8.35,--,11,9185,买盘
851,13:30:07,8.35,0.01,7,5845,买盘
852,13:30:01,8.34,--,134,111756,买盘
853,13:29:49,8.34,--,10,8340,买盘
854,13:29:46,8.34,--,1,834,买盘
855,13:29:34,8.34,0.01,3,2502,买盘
856,13:29:25,8.33,--,1,833,卖盘
857,13:29:16,8.33,-0.01,46,38318,卖盘
858,13:29:13,8.34,--,2,1668,买盘
859,13:29:07,8.34,0.02,158,131772,买盘
860,13:28:55,8.32,-0.01,53,44096,卖盘
861,13:28:49,8.33,0.01,8,6664,买盘
862,13:28:46,8.32,--,14,11648,卖盘
863,13:28:40,8.32,--,5,4160,卖盘
864,13:28:25,8.32,--,0,782,买盘
865,13:28:22,8.32,--,2,1713,卖盘
866,13:28:10,8.32,--,1,832,卖盘
867,13:28:07,8.32,--,10,8320,卖盘
868,13:27:55,8.32,--,10,8320,卖盘
869,13:27:49,8.32,--,10,9102,卖盘
870,13:27:46,8.32,-0.01,2,1664,卖盘
871,13:27:43,8.33,--,7,5831,买盘
872,13:27:40,8.33,0.01,58,48314,买盘
873,13:27:31,8.32,0.01,81,67392,买盘
874,13:27:22,8.31,-0.01,65,54015,卖盘
875,13:27:19,8.32,0.01,6,4992,买盘
876,13:27:13,8.31,--,2,1662,卖盘
877,13:26:58,8.31,--,2,1662,卖盘
878,13:26:46,8.31,--,64,53184,买盘
879,13:26:37,8.31,-0.01,51,42381,卖盘
880,13:26:34,8.32,0.01,70,58240,买盘
881,13:26:31,8.31,--,7,5817,卖盘
882,13:26:16,8.31,0.01,1,831,卖盘
883,13:26:10,8.3,--,20,16600,卖盘
884,13:26:07,8.3,-0.02,234,194220,卖盘
885,13:26:04,8.32,0.02,72,60536,买盘
886,13:25:55,8.3,-0.01,3,2490,卖盘
887,13:25:52,8.31,--,7,5817,买盘
888,13:25:49,8.31,--,80,66480,买盘
889,13:25:43,8.31,--,1,831,买盘
890,13:25:40,8.31,--,5,4155,买盘
891,13:25:31,8.31,--,32,26592,买盘
892,13:25:25,8.31,--,5,4155,买盘
893,13:25:22,8.31,0.01,98,81438,买盘
894,13:25:19,8.3,-0.01,143,118690,卖盘
895,13:25:13,8.31,--,3,2493,买盘
896,13:25:04,8.31,--,230,191296,卖盘
897,13:24:55,8.31,--,24,19944,卖盘
898,13:24:40,8.31,--,15,13129,买盘
899,13:24:34,8.31,--,51,42381,买盘
900,13:24:31,8.31,0.01,10,8310,买盘
901,13:24:25,8.3,-0.02,836,693880,卖盘
902,13:24:16,8.32,--,201,167265,卖盘
903,13:24:13,8.32,--,65,54080,卖盘
904,13:24:04,8.32,--,106,88192,卖盘
905,13:23:58,8.32,-0.01,50,41600,卖盘
906,13:23:52,8.33,--,11,9163,买盘
907,13:23:46,8.33,0.01,5,4165,买盘
908,13:23:37,8.32,-0.01,30,24960,卖盘
909,13:23:34,8.33,--,6,4998,买盘
910,13:23:28,8.33,--,8,6664,买盘
911,13:23:19,8.33,-0.01,90,74970,卖盘
912,13:23:07,8.34,0.01,10,8340,买盘
913,13:22:58,8.33,-0.01,5,4165,卖盘
914,13:22:49,8.34,--,8,6672,买盘
915,13:22:46,8.34,--,7,5838,买盘
916,13:22:28,8.34,--,18,15012,买盘
917,13:22:25,8.34,--,9,7506,买盘
918,13:22:22,8.34,--,5,4170,买盘
919,13:22:19,8.34,--,1,834,买盘
920,13:22:13,8.34,--,304,253536,买盘
921,13:22:10,8.34,--,20,16680,买盘
922,13:21:58,8.34,--,15,12510,买盘
923,13:21:55,8.34,--,306,255204,买盘
924,13:21:34,8.34,--,10,8340,买盘
925,13:21:19,8.34,--,5,4170,买盘
926,13:21:10,8.34,-0.01,13,10842,买盘
927,13:20:52,8.35,0.02,10,8350,买盘
928,13:20:49,8.33,0.01,9,7497,中性盘
929,13:20:34,8.32,-0.01,50,41600,卖盘
930,13:20:25,8.33,--,3,2499,买盘
931,13:20:04,8.33,--,3,2499,买盘
932,13:20:01,8.33,--,5,4165,买盘
933,13:19:40,8.33,--,1,833,买盘
934,13:19:34,8.33,--,3,2499,买盘
935,13:19:16,8.33,-0.01,10,8330,卖盘
936,13:19:07,8.34,0.02,5,4170,买盘
937,13:18:46,8.32,--,15,13278,卖盘
938,13:18:43,8.32,--,150,124800,卖盘
939,13:18:40,8.32,-0.02,4,3328,卖盘
940,13:18:22,8.34,0.02,1,834,买盘
941,13:18:19,8.32,-0.02,140,116480,卖盘
942,13:18:13,8.34,--,20,16680,买盘
943,13:17:55,8.34,--,4,3336,买盘
944,13:17:52,8.34,--,10,8340,买盘
945,13:17:49,8.34,0.01,2,1668,买盘
946,13:17:46,8.33,-0.01,1,833,卖盘
947,13:17:43,8.34,-0.01,136,113424,卖盘
948,13:17:40,8.35,0.01,320,267200,买盘
949,13:17:25,8.34,-0.01,35,29190,卖盘
950,13:17:22,8.35,--,5,4175,买盘
951,13:17:19,8.35,--,10,8350,买盘
952,13:17:07,8.35,--,80,66800,买盘
953,13:17:04,8.35,--,5,4175,买盘
954,13:16:58,8.35,--,74,61790,买盘
955,13:16:46,8.35,--,48,40080,卖盘
956,13:16:43,8.35,--,20,16700,卖盘
957,13:16:40,8.35,--,67,55945,卖盘
958,13:16:31,8.35,--,101,84335,买盘
959,13:16:28,8.35,--,15,12525,买盘
960,13:16:19,8.35,0.01,10,8350,买盘
961,13:16:16,8.34,-0.02,14,11676,卖盘
962,13:16:13,8.36,0.01,31,25916,买盘
963,13:16:10,8.35,-0.01,36,30060,卖盘
964,13:15:58,8.36,0.01,2,1672,买盘
965,13:15:46,8.35,-0.01,11,9185,卖盘
966,13:15:43,8.36,0.01,85,71060,买盘
967,13:15:40,8.35,--,18,15030,卖盘
968,13:15:34,8.35,--,43,35905,卖盘
969,13:15:31,8.35,0.02,21,17535,买盘
970,13:15:19,8.33,-0.02,200,166600,卖盘
971,13:15:16,8.35,0.01,2,1670,买盘
972,13:15:07,8.34,-0.01,2,1668,卖盘
973,13:15:04,8.35,0.01,2,1670,买盘
974,13:14:49,8.34,--,5,4170,买盘
975,13:14:46,8.34,0.01,193,160962,买盘
976,13:14:43,8.33,0.01,1,833,中性盘
977,13:14:34,8.32,-0.01,400,332800,卖盘
978,13:14:28,8.33,--,6,4998,卖盘
979,13:14:22,8.33,-0.01,5,4165,卖盘
980,13:14:19,8.34,--,59,49206,买盘
981,13:14:16,8.34,0.01,2,1668,买盘
982,13:14:13,8.33,-0.01,10,8330,卖盘
983,13:14:04,8.34,0.01,16,13344,买盘
984,13:14:01,8.33,--,20,16660,卖盘
985,13:13:55,8.33,-0.01,2,1666,卖盘
986,13:13:48,8.34,0.01,25,20850,买盘
987,13:13:45,8.33,-0.01,86,71638,卖盘
988,13:13:39,8.34,--,12,10008,买盘
989,13:13:33,8.34,--,17,14178,卖盘
990,13:13:15,8.34,--,5,4170,卖盘
991,13:12:51,8.34,--,168,140112,买盘
992,13:12:48,8.34,--,7,5838,买盘
993,13:12:33,8.34,-0.01,3,2502,卖盘
994,13:12:30,8.35,0.01,556,464260,买盘
995,13:12:18,8.34,--,48,40032,买盘
996,13:12:15,8.34,--,49,40866,卖盘
997,13:12:12,8.34,--,6,5004,买盘
998,13:12:00,8.34,--,12,10008,买盘
999,13:11:57,8.34,0.02,2,1668,买盘
1000,13:11:51,8.32,-0.01,20,16640,卖盘
1001,13:11:36,8.33,0.01,77,64141,买盘
1002,13:11:21,8.32,0.01,36,29952,买盘
1003,13:11:18,8.31,--,23,19113,卖盘
1004,13:11:09,8.31,--,20,16620,卖盘
1005,13:11:03,8.31,--,30,24930,卖盘
1006,13:11:00,8.31,--,27,22437,买盘
1007,13:10:54,8.31,--,8,6648,买盘
1008,13:10:51,8.31,-0.01,5,4155,中性盘
1009,13:10:24,8.32,0.02,5,4160,买盘
1010,13:10:21,8.3,0.01,7,5810,中性盘
1011,13:10:15,8.29,--,134,111085,卖盘
1012,13:10:12,8.29,-0.01,1,828,卖盘
1013,13:10:03,8.3,0.01,20,16600,买盘
1014,13:10:00,8.29,-0.01,23,19066,卖盘
1015,13:09:54,8.3,--,20,16600,买盘
1016,13:09:51,8.3,--,2,1660,买盘
1017,13:09:48,8.3,-0.02,84,69720,卖盘
1018,13:09:33,8.32,--,1,832,买盘
1019,13:09:18,8.32,0.02,1,832,中性盘
1020,13:09:15,8.3,-0.03,12,9960,卖盘
1021,13:09:09,8.33,0.03,10,8330,买盘
1022,13:09:06,8.3,-0.03,30,24900,卖盘
1023,13:09:00,8.33,0.01,16,13328,买盘
1024,13:08:54,8.32,0.02,3,2496,中性盘
1025,13:08:51,8.3,-0.03,300,249000,卖盘
1026,13:08:33,8.33,--,350,291550,卖盘
1027,13:08:27,8.33,--,500,416500,卖盘
1028,13:08:18,8.33,-0.01,94,78302,卖盘
1029,13:08:15,8.34,0.01,24,20016,买盘
1030,13:08:12,8.33,-0.01,50,41650,卖盘
1031,13:08:06,8.34,--,23,19182,买盘
1032,13:08:00,8.34,--,50,41700,买盘
1033,13:07:57,8.34,--,20,16680,卖盘
1034,13:07:54,8.34,-0.01,20,16680,卖盘
1035,13:07:51,8.35,0.01,20,16700,买盘
1036,13:07:42,8.34,-0.01,30,25020,卖盘
1037,13:07:30,8.35,--,5,4175,买盘
1038,13:07:24,8.35,0.01,26,21710,买盘
1039,13:07:18,8.34,-0.01,10,8340,卖盘
1040,13:07:15,8.35,--,50,41750,买盘
1041,13:07:09,8.35,--,2,1670,买盘
1042,13:07:06,8.35,0.01,1,835,买盘
1043,13:07:03,8.34,-0.01,40,33360,卖盘
1044,13:07:00,8.35,--,3,2505,买盘
1045,13:06:57,8.35,--,496,414160,买盘
1046,13:06:48,8.35,--,37,30895,买盘
1047,13:06:39,8.35,--,1,835,买盘
1048,13:06:36,8.35,--,4,3340,买盘
1049,13:06:30,8.35,--,199,166165,买盘
1050,13:06:27,8.35,--,5,4175,买盘
1051,13:06:24,8.35,0.01,17,14195,买盘
1052,13:06:21,8.34,-0.01,305,254370,中性盘
1053,13:06:12,8.35,--,2,1670,买盘
1054,13:06:09,8.35,0.02,318,265530,买盘
1055,13:06:00,8.33,--,30,24990,卖盘
1056,13:05:51,8.33,--,10,8330,卖盘
1057,13:05:48,8.33,--,58,48314,买盘
1058,13:05:42,8.33,--,14,11662,买盘
1059,13:05:39,8.33,--,52,43316,卖盘
1060,13:05:36,8.33,--,5,4165,买盘
1061,13:05:30,8.33,--,11,9163,买盘
1062,13:05:21,8.33,--,23,19159,买盘
1063,13:05:12,8.33,--,126,104958,买盘
1064,13:05:09,8.33,--,1,833,买盘
1065,13:05:06,8.33,--,2,1666,买盘
1066,13:05:03,8.33,0.01,5,4165,买盘
1067,13:04:45,8.32,--,70,58240,买盘
1068,13:04:30,8.32,0.02,4,3328,中性盘
1069,13:04:18,8.3,-0.03,374,310420,卖盘
1070,13:04:15,8.33,--,1,833,买盘
1071,13:04:09,8.33,--,11,9163,买盘
1072,13:04:06,8.33,--,5,4165,买盘
1073,13:04:03,8.33,--,21,17493,买盘
1074,13:03:57,8.33,--,1,833,买盘
1075,13:03:51,8.33,--,50,41650,买盘
1076,13:03:48,8.33,0.02,100,83300,买盘
1077,13:03:42,8.31,-0.02,44,36564,卖盘
1078,13:03:36,8.33,--,13,10829,买盘
1079,13:03:27,8.33,--,10,8330,买盘
1080,13:03:24,8.33,--,10,8330,买盘
1081,13:03:21,8.33,--,3,2499,买盘
1082,13:03:12,8.33,--,42,34986,买盘
1083,13:03:06,8.33,--,37,30821,买盘
1084,13:02:57,8.33,0.03,80,66640,买盘
1085,13:02:48,8.3,0.04,53,43990,买盘
1086,13:02:15,8.26,-0.01,131,108206,卖盘
1087,13:02:12,8.27,--,6,5358,买盘
1088,13:02:06,8.27,--,1,827,买盘
1089,13:02:03,8.27,0.01,104,86008,买盘
1090,13:02:00,8.26,-0.01,39,32214,卖盘
1091,13:01:48,8.27,0.01,20,16540,买盘
1092,13:01:45,8.26,-0.01,5,4130,卖盘
1093,13:01:42,8.27,-0.01,165,136885,卖盘
1094,13:01:39,8.28,0.01,1,827,买盘
1095,13:01:36,8.27,--,21,17367,卖盘
1096,13:01:12,8.27,-0.01,34,28118,卖盘
1097,13:01:09,8.28,0.01,35,28979,中性盘
1098,13:01:03,8.27,--,17,14059,卖盘
1099,13:00:57,8.27,--,1,827,卖盘
1100,13:00:51,8.27,--,2,1654,卖盘
1101,13:00:15,8.27,-0.01,74,61198,卖盘
1102,13:00:12,8.28,--,10,8280,卖盘
1103,13:00:09,8.28,0.01,1343,1112401,卖盘
1104,13:00:03,8.27,-0.01,253,209231,卖盘
1105,11:30:04,8.28,0.01,2,1655,买盘
1106,11:29:58,8.27,--,20,16540,卖盘
1107,11:29:52,8.27,--,128,105856,买盘
1108,11:29:49,8.27,--,62,51274,买盘
1109,11:29:40,8.27,0.01,99,81873,买盘
1110,11:29:37,8.26,--,200,165200,卖盘
1111,11:29:31,8.26,0.01,27,22302,卖盘
1112,11:29:22,8.25,-0.02,16,13200,卖盘
1113,11:29:19,8.27,0.01,141,116607,买盘
1114,11:29:16,8.26,--,16,13216,买盘
1115,11:29:13,8.26,--,35,28910,买盘
1116,11:29:10,8.26,0.01,26,21476,中性盘
1117,11:29:07,8.25,-0.02,312,257400,卖盘
1118,11:29:04,8.27,--,362,299374,买盘
1119,11:28:58,8.27,--,112,92624,买盘
1120,11:28:55,8.27,--,170,140590,买盘
1121,11:28:49,8.27,--,407,336589,卖盘
1122,11:28:46,8.27,-0.01,113,93451,卖盘
1123,11:28:43,8.28,--,186,154008,买盘
1124,11:28:40,8.28,--,50,41400,买盘
1125,11:28:37,8.28,--,69,57131,买盘
1126,11:28:34,8.28,--,25,20700,买盘
1127,11:28:31,8.28,--,45,37260,买盘
1128,11:28:28,8.28,--,12,9936,买盘
1129,11:28:25,8.28,--,20,16560,买盘
1130,11:28:22,8.28,--,100,82800,买盘
1131,11:28:16,8.28,--,512,423935,卖盘
1132,11:28:07,8.28,--,493,408203,卖盘
1133,11:28:04,8.28,--,27,22356,卖盘
1134,11:28:01,8.28,--,77,63755,卖盘
1135,11:27:58,8.28,--,56,46368,买盘
1136,11:27:55,8.28,--,100,82800,买盘
1137,11:27:52,8.28,--,52,43056,买盘
1138,11:27:49,8.28,--,90,74520,买盘
1139,11:27:43,8.28,--,20,16560,买盘
1140,11:27:40,8.28,--,11,9108,买盘
1141,11:27:37,8.28,0.01,25,20700,买盘
1142,11:27:34,8.27,-0.01,3,2481,卖盘
1143,11:27:31,8.28,--,383,317124,卖盘
1144,11:27:22,8.28,--,90,74520,卖盘
1145,11:27:19,8.28,-0.01,11,9108,卖盘
1146,11:27:16,8.29,0.01,35,29014,买盘
1147,11:27:13,8.28,-0.01,259,214451,卖盘
1148,11:27:10,8.29,0.01,2,1657,买盘
1149,11:27:07,8.28,-0.01,79,65411,卖盘
1150,11:27:01,8.29,-0.01,1140,945225,卖盘
1151,11:26:55,8.3,--,141,117229,买盘
1152,11:26:52,8.3,0.01,24,19920,买盘
1153,11:26:49,8.29,--,47,38962,卖盘
1154,11:26:46,8.29,--,55,45594,卖盘
1155,11:26:40,8.29,-0.01,549,455120,卖盘
1156,11:26:34,8.3,--,135,112050,买盘
1157,11:26:28,8.3,--,24,19920,买盘
1158,11:26:25,8.3,-0.02,767,637240,卖盘
1159,11:26:22,8.32,--,92,76544,卖盘
1160,11:26:19,8.32,--,64,53248,卖盘
1161,11:26:16,8.32,--,27,22464,卖盘
1162,11:26:13,8.32,--,7,5824,卖盘
1163,11:26:10,8.32,--,28,23296,卖盘
1164,11:26:07,8.32,0.02,273,227136,买盘
1165,11:26:04,8.3,-0.02,256,212679,卖盘
1166,11:26:01,8.32,--,305,253760,买盘
1167,11:25:55,8.32,0.02,3,2496,买盘
1168,11:25:46,8.3,-0.02,19,15770,卖盘
1169,11:25:43,8.32,--,52,43264,卖盘
1170,11:25:40,8.32,-0.01,20,16640,卖盘
1171,11:25:34,8.33,0.01,43,35819,买盘
1172,11:25:28,8.32,0.02,374,311168,买盘
1173,11:25:16,8.3,--,120,99600,卖盘
1174,11:25:13,8.3,0.01,51,42330,中性盘
1175,11:25:10,8.29,-0.01,99,82070,卖盘
1176,11:25:07,8.3,--,42,34860,卖盘
1177,11:25:04,8.3,-0.02,93,77190,卖盘
1178,11:25:01,8.32,0.02,61,50752,买盘
1179,11:24:58,8.3,-0.02,22,18260,卖盘
1180,11:24:55,8.32,0.02,12,9984,买盘
1181,11:24:52,8.3,--,10,8300,卖盘
1182,11:24:46,8.3,0.01,10,8300,中性盘
1183,11:24:31,8.29,-0.04,162,134298,卖盘
1184,11:24:25,8.33,0.05,51,42949,买盘
1185,11:24:19,8.28,-0.01,118,97703,卖盘
1186,11:24:16,8.29,--,20,16580,卖盘
1187,11:24:10,8.29,--,23,19066,卖盘
1188,11:24:07,8.29,--,1001,829828,卖盘
1189,11:24:04,8.29,0.01,10,8290,卖盘
1190,11:24:01,8.28,-0.03,40,33120,卖盘
1191,11:23:58,8.31,--,10,8310,买盘
1192,11:23:55,8.31,0.02,27,22437,买盘
1193,11:23:52,8.29,-0.01,60,49739,卖盘
1194,11:23:49,8.3,--,16,13280,买盘
1195,11:23:46,8.3,--,14,11620,买盘
1196,11:23:43,8.3,-0.01,24,19920,卖盘
1197,11:23:37,8.31,0.03,23,19113,卖盘
1198,11:23:19,8.28,--,195,162072,买盘
1199,11:23:16,8.28,-0.03,2762,2287151,卖盘
1200,11:23:13,8.31,-0.03,191,158721,卖盘
1201,11:23:10,8.34,--,2,1668,卖盘
1202,11:23:04,8.34,--,100,83400,卖盘
1203,11:23:01,8.34,0.02,79,65886,买盘
1204,11:22:58,8.32,-0.02,625,520000,卖盘
1205,11:22:49,8.34,--,7,5838,买盘
1206,11:22:46,8.34,--,5,4170,买盘
1207,11:22:43,8.34,--,1,834,买盘
1208,11:22:40,8.34,-0.01,243,202662,卖盘
1209,11:22:37,8.35,--,25,20875,买盘
1210,11:22:34,8.35,--,10,8350,买盘
1211,11:22:31,8.35,-0.01,607,506845,卖盘
1212,11:22:22,8.36,--,57,48019,卖盘
1213,11:22:19,8.36,--,55,45980,卖盘
1214,11:22:16,8.36,-0.01,29,24244,卖盘
1215,11:22:13,8.37,--,22,18414,买盘
1216,11:22:10,8.37,--,15,12554,买盘
1217,11:22:04,8.37,--,30,25109,买盘
1218,11:21:58,8.37,-0.01,205,172221,卖盘
1219,11:21:55,8.38,0.01,5,4190,买盘
1220,11:21:52,8.37,--,335,280395,卖盘
1221,11:21:37,8.37,--,46,38702,买盘
1222,11:21:34,8.37,0.01,264,220967,买盘
1223,11:21:31,8.36,-0.01,10,8360,卖盘
1224,11:21:28,8.37,--,403,337779,买盘
1225,11:21:25,8.37,--,32,26783,买盘
1226,11:21:13,8.37,--,3,2510,买盘
1227,11:21:04,8.37,--,10,8370,买盘
1228,11:21:01,8.37,0.01,55,46034,买盘
1229,11:20:49,8.36,--,19,15883,卖盘
1230,11:20:37,8.36,--,20,16720,卖盘
1231,11:20:31,8.36,--,28,23408,买盘
1232,11:20:28,8.36,--,47,39292,买盘
1233,11:20:25,8.36,0.01,164,137104,买盘
1234,11:20:19,8.35,--,20,16700,卖盘
1235,11:20:10,8.35,--,236,197060,买盘
1236,11:20:07,8.35,--,10,8350,买盘
1237,11:20:04,8.35,--,600,501000,买盘
1238,11:19:58,8.35,--,6,5010,买盘
1239,11:19:55,8.35,--,40,33400,买盘
1240,11:19:52,8.35,--,7,5845,买盘
1241,11:19:46,8.35,0.01,16,13360,买盘
1242,11:19:43,8.34,-0.01,50,41700,卖盘
1243,11:19:40,8.35,--,1,835,买盘
1244,11:19:28,8.35,--,232,193720,卖盘
1245,11:19:13,8.35,-0.01,65,54275,卖盘
1246,11:19:07,8.36,0.01,38,31767,买盘
1247,11:19:04,8.35,--,50,41750,卖盘
1248,11:19:01,8.35,-0.01,5,4175,卖盘
1249,11:18:52,8.36,0.01,9,7523,买盘
1250,11:18:31,8.35,-0.01,44,36740,卖盘
1251,11:18:25,8.36,--,25,20900,买盘
1252,11:18:22,8.36,0.01,15,12540,买盘
1253,11:18:13,8.35,-0.01,14,11690,卖盘
1254,11:18:10,8.36,--,21,17556,买盘
1255,11:18:01,8.36,--,276,230735,买盘
1256,11:17:58,8.36,0.01,40,33440,买盘
1257,11:17:55,8.35,--,53,44255,买盘
1258,11:17:52,8.35,--,10,8350,买盘
1259,11:17:49,8.35,--,71,59285,卖盘
1260,11:17:46,8.35,--,5,4175,中性盘
1261,11:17:43,8.35,--,50,41750,卖盘
1262,11:17:40,8.35,-0.01,10,8350,卖盘
1263,11:17:31,8.36,--,180,150480,买盘
1264,11:17:19,8.36,0.01,30,25080,买盘
1265,11:17:16,8.35,--,44,36740,买盘
1266,11:17:12,8.35,--,8,6680,买盘
1267,11:17:09,8.35,--,64,53440,买盘
1268,11:16:57,8.35,--,84,70140,买盘
1269,11:16:48,8.35,-0.02,4,3340,中性盘
1270,11:16:30,8.37,0.03,72,60263,买盘
1271,11:16:21,8.34,-0.03,397,331715,卖盘
1272,11:16:18,8.37,0.02,20,16740,买盘
1273,11:16:15,8.35,-0.02,81,67635,卖盘
1274,11:16:12,8.37,0.02,22,18414,买盘
1275,11:16:09,8.35,-0.02,98,82047,卖盘
1276,11:16:03,8.37,0.01,12,10043,买盘
1277,11:16:00,8.36,--,9,7523,买盘
1278,11:15:57,8.36,--,13,10868,买盘
1279,11:15:54,8.36,0.01,14,11704,买盘
1280,11:15:51,8.35,--,45,37575,卖盘
1281,11:15:48,8.35,--,23,19205,卖盘
1282,11:15:45,8.35,--,34,28390,卖盘
1283,11:15:36,8.35,0.01,3,2505,买盘
1284,11:15:30,8.34,0.01,38,31692,买盘
1285,11:15:27,8.33,-0.01,10,8330,卖盘
1286,11:15:24,8.34,0.03,100,83400,买盘
1287,11:15:21,8.31,-0.01,1219,1012989,卖盘
1288,11:15:09,8.32,--,149,124583,买盘
1289,11:15:06,8.32,--,25,20800,买盘
1290,11:15:03,8.32,--,778,647296,买盘
1291,11:15:00,8.32,--,30,24960,买盘
1292,11:14:57,8.32,--,37,30784,买盘
1293,11:14:54,8.32,--,299,248768,买盘
1294,11:14:51,8.32,--,56,46592,买盘
1295,11:14:48,8.32,-0.02,902,750464,卖盘
1296,11:14:42,8.34,--,18,15012,卖盘
1297,11:14:39,8.34,-0.01,35,29190,买盘
1298,11:14:36,8.35,0.01,5,4175,买盘
1299,11:14:33,8.34,--,68,56712,买盘
1300,11:14:30,8.34,--,10,8340,买盘
1301,11:14:24,8.34,-0.01,121,100914,卖盘
1302,11:14:21,8.35,0.01,10,8350,买盘
1303,11:14:18,8.34,-0.01,1,834,中性盘
1304,11:14:15,8.35,0.01,131,109385,买盘
1305,11:14:12,8.34,--,10,8340,买盘
1306,11:14:06,8.34,0.01,20,16680,买盘
1307,11:14:03,8.33,-0.01,63,52479,卖盘
1308,11:14:00,8.34,--,40,33360,买盘
1309,11:13:57,8.34,-0.01,283,236022,卖盘
1310,11:13:54,8.35,--,5,4175,买盘
1311,11:13:51,8.35,--,1,835,买盘
1312,11:13:48,8.35,0.01,30,25050,买盘
1313,11:13:45,8.34,-0.02,433,361122,卖盘
1314,11:13:36,8.36,--,84,70224,买盘
1315,11:13:33,8.36,--,25,20900,买盘
1316,11:13:30,8.36,0.01,18,15047,买盘
1317,11:13:27,8.35,-0.01,296,247160,卖盘
1318,11:13:24,8.36,--,20,16720,买盘
1319,11:13:21,8.36,--,31,25916,买盘
1320,11:13:15,8.36,--,6,5016,卖盘
1321,11:13:09,8.36,--,38,31767,买盘
1322,11:13:03,8.36,0.01,20,16720,买盘
1323,11:12:57,8.35,-0.01,2,1670,卖盘
1324,11:12:54,8.36,0.01,11,9196,买盘
1325,11:12:45,8.35,--,99,82665,买盘
1326,11:12:39,8.35,--,10,8350,买盘
1327,11:12:36,8.35,--,7,5845,买盘
1328,11:12:33,8.35,--,42,35070,买盘
1329,11:12:30,8.35,--,15,12525,买盘
1330,11:12:27,8.35,--,2,1670,买盘
1331,11:12:24,8.35,--,24,20040,买盘
1332,11:12:21,8.35,--,98,81830,买盘
1333,11:12:15,8.35,-0.02,167,139445,卖盘
1334,11:12:09,8.37,--,2,1673,买盘
1335,11:12:06,8.37,0.02,4,3347,买盘
1336,11:12:03,8.35,--,11,9185,买盘
1337,11:11:57,8.35,-0.02,175,146125,卖盘
1338,11:11:51,8.37,--,3,2510,买盘
1339,11:11:48,8.37,--,343,287091,买盘
1340,11:11:45,8.37,0.01,3,2510,买盘
1341,11:11:42,8.36,--,107,89452,卖盘
1342,11:11:39,8.36,-0.01,20,16720,卖盘
1343,11:11:33,8.37,0.02,10,8370,中性盘
1344,11:11:30,8.35,--,19,15865,卖盘
1345,11:11:27,8.35,-0.02,105,87675,卖盘
1346,11:11:24,8.37,0.01,3,2510,买盘
1347,11:11:21,8.36,0.01,5,4180,买盘
1348,11:11:18,8.35,--,23,19205,卖盘
1349,11:11:15,8.35,--,61,50935,卖盘
1350,11:11:06,8.35,--,9,7515,卖盘
1351,11:11:00,8.35,0.01,255,212925,买盘
1352,11:10:57,8.34,--,103,85902,卖盘
1353,11:10:54,8.34,--,28,23352,卖盘
1354,11:10:48,8.34,--,30,25020,卖盘
1355,11:10:42,8.34,--,124,103416,买盘
1356,11:10:39,8.34,0.01,20,16680,买盘
1357,11:10:33,8.33,--,65,54145,卖盘
1358,11:10:27,8.33,0.01,136,113288,买盘
1359,11:10:24,8.32,--,124,103168,卖盘
1360,11:10:21,8.32,--,10,8320,卖盘
1361,11:10:18,8.32,0.01,10,8320,卖盘
1362,11:10:12,8.31,-0.02,60,49860,卖盘
1363,11:10:09,8.33,0.01,55,45815,买盘
1364,11:10:06,8.32,--,60,49920,买盘
1365,11:10:03,8.32,-0.01,874,727168,卖盘
1366,11:10:00,8.33,0.02,5,4165,买盘
1367,11:09:57,8.31,-0.02,134,111354,卖盘
1368,11:09:51,8.33,0.01,295,245735,买盘
1369,11:09:48,8.32,-0.01,26,21632,卖盘
1370,11:09:45,8.33,--,5,4165,买盘
1371,11:09:42,8.33,0.02,119,99127,买盘
1372,11:09:36,8.31,-0.02,55,45705,卖盘
1373,11:09:33,8.33,-0.01,5,4165,中性盘
1374,11:09:30,8.34,--,1526,1272684,买盘
1375,11:09:27,8.34,--,126,105084,买盘
1376,11:09:24,8.34,--,109,90906,买盘
1377,11:09:21,8.34,--,61,50874,买盘
1378,11:09:18,8.34,-0.01,185,154290,卖盘
1379,11:09:15,8.35,0.01,125,104375,买盘
1380,11:09:12,8.34,--,100,83400,卖盘
1381,11:09:09,8.34,-0.01,31,25854,卖盘
1382,11:09:06,8.35,--,75,62625,买盘
1383,11:09:03,8.35,--,22,18370,买盘
1384,11:09:00,8.35,-0.01,420,350700,卖盘
1385,11:08:57,8.36,-0.01,471,393756,卖盘
1386,11:08:54,8.37,--,550,460349,买盘
1387,11:08:51,8.37,--,131,109646,卖盘
1388,11:08:48,8.37,--,14,11717,卖盘
1389,11:08:42,8.37,0.01,20,16740,卖盘
1390,11:08:39,8.36,-0.01,180,150480,卖盘
1391,11:08:30,8.37,--,5,4185,买盘
1392,11:08:27,8.37,--,187,156518,卖盘
1393,11:08:21,8.37,0.01,35,29294,中性盘
1394,11:08:18,8.36,-0.01,337,281732,卖盘
1395,11:08:15,8.37,0.01,8,6695,卖盘
1396,11:08:12,8.36,-0.02,234,195624,卖盘
1397,11:08:09,8.38,0.01,118,98884,买盘
1398,11:08:06,8.37,--,9,7532,卖盘
1399,11:08:03,8.37,-0.01,3,2510,卖盘
1400,11:08:00,8.38,--,172,144136,买盘
1401,11:07:57,8.38,--,459,384642,卖盘
1402,11:07:54,8.38,-0.01,483,404754,卖盘
1403,11:07:48,8.39,--,260,218140,卖盘
1404,11:07:45,8.39,-0.01,121,101519,卖盘
1405,11:07:42,8.4,--,64,53760,买盘
1406,11:07:39,8.4,--,5,4200,买盘
1407,11:07:36,8.4,-0.01,434,364560,卖盘
1408,11:07:33,8.41,--,65,54665,买盘
1409,11:07:30,8.41,0.01,20,16820,买盘
1410,11:07:27,8.4,--,139,116760,卖盘
1411,11:07:21,8.4,-0.01,80,67200,卖盘
1412,11:07:18,8.41,0.01,373,313693,买盘
1413,11:07:15,8.4,-0.01,200,168000,卖盘
1414,11:07:12,8.41,--,3,2523,买盘
1415,11:07:09,8.41,-0.01,2741,2305567,卖盘
1416,11:07:06,8.42,0.01,12,10104,买盘
1417,11:07:03,8.41,-0.01,7,5887,卖盘
1418,11:07:00,8.42,--,81,68202,买盘
1419,11:06:57,8.42,--,121,102252,卖盘
1420,11:06:54,8.42,--,18,15156,卖盘
1421,11:06:51,8.42,--,427,359534,卖盘
1422,11:06:45,8.42,--,219,184398,卖盘
1423,11:06:42,8.42,-0.01,60,50520,卖盘
1424,11:06:39,8.43,--,100,84300,买盘
1425,11:06:36,8.43,0.01,164,138252,买盘
1426,11:06:33,8.42,--,63,53046,卖盘
1427,11:06:27,8.42,-0.01,10,8420,卖盘
1428,11:06:24,8.43,0.01,20,16860,买盘
1429,11:06:21,8.42,-0.01,218,183556,卖盘
1430,11:06:15,8.43,0.01,319,268917,买盘
1431,11:06:12,8.42,-0.01,56,47152,卖盘
1432,11:06:06,8.43,0.01,20,16860,买盘
1433,11:06:03,8.42,-0.01,180,151560,卖盘
1434,11:06:00,8.43,--,111,93573,买盘
1435,11:05:57,8.43,--,12,10116,买盘
1436,11:05:54,8.43,--,17,14331,买盘
1437,11:05:51,8.43,--,200,168600,买盘
1438,11:05:48,8.43,0.01,42,35406,买盘
1439,11:05:45,8.42,-0.01,267,224814,卖盘
1440,11:05:39,8.43,0.01,6,5058,买盘
1441,11:05:36,8.42,-0.01,1,842,卖盘
1442,11:05:33,8.43,--,68,57324,买盘
1443,11:05:30,8.43,--,47,39621,卖盘
1444,11:05:27,8.43,--,24,20232,买盘
1445,11:05:24,8.43,0.01,80,67440,卖盘
1446,11:05:21,8.42,-0.01,800,673600,卖盘
1447,11:05:15,8.43,--,30,25290,买盘
1448,11:05:09,8.43,--,192,161856,买盘
1449,11:05:06,8.43,--,50,42150,买盘
1450,11:05:03,8.43,--,53,44679,买盘
1451,11:05:00,8.43,--,17,14331,买盘
1452,11:04:57,8.43,--,85,71655,买盘
1453,11:04:54,8.43,0.01,47,39621,买盘
1454,11:04:51,8.42,-0.01,64,53888,卖盘
1455,11:04:48,8.43,--,14,11802,买盘
1456,11:04:45,8.43,--,10,8430,买盘
1457,11:04:42,8.43,-0.01,243,204849,卖盘
1458,11:04:30,8.44,0.01,3,2532,买盘
1459,11:04:24,8.43,--,37,31191,卖盘
1460,11:04:21,8.43,0.01,142,119706,买盘
1461,11:04:18,8.42,--,13,10946,卖盘
1462,11:04:15,8.42,--,5,4210,卖盘
1463,11:04:12,8.42,-0.01,111,93462,卖盘
1464,11:04:09,8.43,--,24,20232,买盘
1465,11:04:00,8.43,0.01,186,156798,买盘
1466,11:03:57,8.42,-0.01,29,24418,卖盘
1467,11:03:54,8.43,--,4,3372,买盘
1468,11:03:51,8.43,--,30,25290,买盘
1469,11:03:45,8.43,-0.01,35,29505,卖盘
1470,11:03:42,8.44,0.01,122,102968,买盘
1471,11:03:33,8.43,--,28,23604,卖盘
1472,11:03:30,8.43,--,3,2529,卖盘
1473,11:03:27,8.43,--,1,843,卖盘
1474,11:03:24,8.43,--,10,8430,卖盘
1475,11:03:18,8.43,--,49,41307,卖盘
1476,11:03:15,8.43,-0.01,31,26133,卖盘
1477,11:03:12,8.44,0.02,20,16880,买盘
1478,11:03:06,8.42,--,100,84200,卖盘
1479,11:03:03,8.42,-0.02,50,42100,卖盘
1480,11:02:54,8.44,0.02,9,7596,买盘
1481,11:02:48,8.42,--,303,255597,买盘
1482,11:02:45,8.42,0.01,60,50520,买盘
1483,11:02:42,8.41,-0.01,221,186567,卖盘
1484,11:02:39,8.42,--,122,103431,买盘
1485,11:02:36,8.42,--,2,1684,买盘
1486,11:02:33,8.42,--,31,26102,买盘
1487,11:02:30,8.42,--,34,29352,买盘
1488,11:02:27,8.42,--,5,4210,买盘
1489,11:02:21,8.42,--,674,567760,卖盘
1490,11:02:18,8.42,--,129,108618,卖盘
1491,11:02:15,8.42,--,478,403183,卖盘
1492,11:02:12,8.42,--,24,20208,卖盘
1493,11:02:09,8.42,--,21,18406,卖盘
1494,11:02:06,8.42,--,14,11788,卖盘
1495,11:02:03,8.42,-0.01,20,16840,卖盘
1496,11:02:00,8.43,0.02,106,89358,买盘
1497,11:01:57,8.41,-0.01,477,401157,卖盘
1498,11:01:54,8.42,0.01,208,175136,买盘
1499,11:01:51,8.41,--,22,18502,卖盘
1500,11:01:45,8.41,--,68,57188,卖盘
1501,11:01:42,8.41,--,93,78213,卖盘
1502,11:01:39,8.41,0.01,24,20184,卖盘
1503,11:01:36,8.4,--,200,168000,卖盘
1504,11:01:33,8.4,--,396,332640,卖盘
1505,11:01:30,8.4,--,55,46200,卖盘
1506,11:01:27,8.4,-0.01,32,26880,卖盘
1507,11:01:24,8.41,--,50,42050,买盘
1508,11:01:21,8.41,--,24,20184,买盘
1509,11:01:18,8.41,0.01,10,8410,买盘
1510,11:01:15,8.4,-0.02,710,596400,卖盘
1511,11:01:12,8.42,--,99,83358,买盘
1512,11:01:06,8.42,--,60,50520,买盘
1513,11:01:03,8.42,--,162,136404,卖盘
1514,11:01:00,8.42,--,53,44626,卖盘
1515,11:00:57,8.42,--,220,185240,卖盘
1516,11:00:54,8.42,--,189,159138,卖盘
1517,11:00:51,8.42,--,62,52204,卖盘
1518,11:00:48,8.42,-0.01,85,71570,卖盘
1519,11:00:45,8.43,--,69,58167,买盘
1520,11:00:39,8.43,--,4,3372,买盘
1521,11:00:36,8.43,--,2,1686,买盘
1522,11:00:30,8.43,-0.01,520,438360,卖盘
1523,11:00:27,8.44,0.01,263,221972,买盘
1524,11:00:24,8.43,--,79,66597,卖盘
1525,11:00:21,8.43,--,16,13488,卖盘
1526,11:00:18,8.43,--,62,52266,卖盘
1527,11:00:15,8.43,--,9,7587,卖盘
1528,11:00:09,8.43,-0.01,6,5058,卖盘
1529,11:00:06,8.44,0.01,17,14348,买盘
1530,11:00:03,8.43,-0.01,94,79242,卖盘
1531,11:00:00,8.44,-0.01,177,149388,卖盘
1532,10:59:54,8.45,-0.01,22,18590,卖盘
1533,10:59:48,8.46,--,1005,850230,买盘
1534,10:59:45,8.46,--,71,60353,卖盘
1535,10:59:42,8.46,--,258,218268,卖盘
1536,10:59:39,8.46,--,154,130284,卖盘
1537,10:59:36,8.46,--,387,327402,卖盘
1538,10:59:30,8.46,--,77,65142,卖盘
1539,10:59:24,8.46,--,4,3384,卖盘
1540,10:59:21,8.46,--,40,33840,卖盘
1541,10:59:18,8.46,--,521,440766,卖盘
1542,10:59:15,8.46,-0.01,50,42300,卖盘
1543,10:59:12,8.47,0.01,80,67760,买盘
1544,10:59:06,8.46,--,1,846,卖盘
1545,10:59:03,8.46,-0.01,4,3384,卖盘
1546,10:59:00,8.47,0.01,21,17787,买盘
1547,10:58:57,8.46,--,2,1692,卖盘
1548,10:58:54,8.46,-0.01,299,253512,卖盘
1549,10:58:51,8.47,--,61,51667,卖盘
1550,10:58:48,8.47,-0.01,153,129591,卖盘
1551,10:58:45,8.48,0.01,70,59360,买盘
1552,10:58:36,8.47,--,59,49973,买盘
1553,10:58:33,8.47,--,7,5929,买盘
1554,10:58:30,8.47,--,76,64372,买盘
1555,10:58:21,8.47,--,4,3388,买盘
1556,10:58:18,8.47,--,5,4235,买盘
1557,10:58:15,8.47,0.01,13,11011,买盘
1558,10:58:12,8.46,-0.02,357,302817,卖盘
1559,10:58:06,8.48,0.01,405,343440,买盘
1560,10:58:03,8.47,--,46,38962,卖盘
1561,10:57:57,8.47,--,4,3388,卖盘
1562,10:57:54,8.47,--,72,60984,卖盘
1563,10:57:51,8.47,--,100,84700,卖盘
1564,10:57:48,8.47,--,14,11858,卖盘
1565,10:57:45,8.47,-0.01,2,1694,卖盘
1566,10:57:42,8.48,--,1,848,买盘
1567,10:57:39,8.48,--,48,40704,买盘
1568,10:57:33,8.48,--,13,11024,买盘
1569,10:57:27,8.48,--,36,30528,买盘
1570,10:57:24,8.48,--,2,1696,买盘
1571,10:57:15,8.48,--,30,25440,买盘
1572,10:57:06,8.48,0.01,5,4240,买盘
1573,10:57:03,8.47,-0.01,40,33880,卖盘
1574,10:56:57,8.48,--,36,30528,买盘
1575,10:56:53,8.48,--,18,15264,买盘
1576,10:56:50,8.48,--,136,115328,买盘
1577,10:56:47,8.48,--,14,11872,买盘
1578,10:56:35,8.48,--,10,8480,买盘
1579,10:56:32,8.48,--,9,7632,买盘
1580,10:56:17,8.48,0.01,9,7632,卖盘
1581,10:56:05,8.47,--,20,16940,卖盘
1582,10:56:02,8.47,-0.01,75,63525,卖盘
1583,10:55:59,8.48,0.01,210,178080,买盘
1584,10:55:56,8.47,--,31,26257,卖盘
1585,10:55:47,8.47,--,45,38115,卖盘
1586,10:55:44,8.47,-0.01,6,5082,卖盘
1587,10:55:41,8.48,--,30,25440,买盘
1588,10:55:38,8.48,--,29,24592,买盘
1589,10:55:32,8.48,0.01,5,4240,买盘
1590,10:55:29,8.47,-0.01,102,86394,卖盘
1591,10:55:26,8.48,--,220,186560,买盘
1592,10:55:23,8.48,0.01,595,504560,买盘
1593,10:55:17,8.47,--,5,4235,卖盘
1594,10:55:14,8.47,-0.01,6,5082,卖盘
1595,10:55:02,8.48,0.01,35,29680,买盘
1596,10:54:56,8.47,--,142,120274,卖盘
1597,10:54:53,8.47,-0.01,128,108416,卖盘
1598,10:54:47,8.48,--,25,21200,买盘
1599,10:54:44,8.48,--,10,8480,买盘
1600,10:54:41,8.48,0.01,1,848,买盘
1601,10:54:38,8.47,-0.01,30,25410,卖盘
1602,10:54:32,8.48,--,5,4240,买盘
1603,10:54:29,8.48,--,1,848,买盘
1604,10:54:26,8.48,--,100,84800,卖盘
1605,10:54:23,8.48,-0.01,50,42400,卖盘
1606,10:54:20,8.49,0.01,2,1698,买盘
1607,10:54:14,8.48,--,31,26288,卖盘
1608,10:54:11,8.48,--,80,67840,买盘
1609,10:54:05,8.48,--,13,11024,买盘
1610,10:54:02,8.48,--,67,56816,卖盘
1611,10:53:59,8.48,--,1,848,卖盘
1612,10:53:47,8.48,--,80,67840,卖盘
1613,10:53:44,8.48,--,15,12720,卖盘
1614,10:53:38,8.48,--,4,3392,卖盘
1615,10:53:32,8.48,-0.01,32,27136,卖盘
1616,10:53:29,8.49,0.01,50,42450,买盘
1617,10:53:26,8.48,-0.01,11,9328,卖盘
1618,10:53:11,8.49,--,2,1698,买盘
1619,10:53:05,8.49,--,18,15282,买盘
1620,10:52:59,8.49,--,330,280305,卖盘
1621,10:52:50,8.49,--,30,25470,卖盘
1622,10:52:41,8.49,--,4,3396,卖盘
1623,10:52:38,8.49,--,1,849,卖盘
1624,10:52:32,8.49,--,156,133157,买盘
1625,10:52:29,8.49,--,471,399879,买盘
1626,10:52:26,8.49,--,10,8490,买盘
1627,10:52:23,8.49,--,5,4245,买盘
1628,10:52:20,8.49,--,40,33960,买盘
1629,10:52:05,8.49,--,9,7641,买盘
1630,10:52:02,8.49,0.01,100,84900,买盘
1631,10:51:53,8.48,0.01,5,4240,买盘
1632,10:51:50,8.47,-0.01,23,20209,卖盘
1633,10:51:47,8.48,--,22,19385,卖盘
1634,10:51:44,8.48,0.01,2,1696,中性盘
1635,10:51:41,8.47,--,21,18498,卖盘
1636,10:51:32,8.47,-0.01,57,48702,卖盘
1637,10:51:26,8.48,0.01,7,5936,买盘
1638,10:51:20,8.47,0.01,47,39809,中性盘
1639,10:51:17,8.46,-0.02,590,499140,卖盘
1640,10:51:14,8.48,--,151,128048,买盘
1641,10:51:08,8.48,0.01,6,5088,买盘
1642,10:50:59,8.47,-0.01,30,25410,卖盘
1643,10:50:56,8.48,0.01,15,12720,买盘
1644,10:50:53,8.47,--,127,107569,买盘
1645,10:50:50,8.47,--,103,87241,买盘
1646,10:50:47,8.47,--,35,29645,买盘
1647,10:50:38,8.47,--,11,9317,买盘
1648,10:50:35,8.47,-0.01,359,304073,卖盘
1649,10:50:32,8.48,0.01,3,2544,买盘
1650,10:50:23,8.47,-0.01,5,4235,卖盘
1651,10:50:20,8.48,0.01,13,11024,买盘
1652,10:50:17,8.47,--,5,4235,卖盘
1653,10:50:14,8.47,--,35,29645,卖盘
1654,10:50:11,8.47,--,60,50820,卖盘
1655,10:50:08,8.47,--,50,42350,卖盘
1656,10:50:02,8.47,--,231,195657,买盘
1657,10:49:59,8.47,--,601,509047,买盘
1658,10:49:56,8.47,--,25,21175,买盘
1659,10:49:53,8.47,0.01,33,27951,买盘
1660,10:49:47,8.46,-0.01,21,17766,卖盘
1661,10:49:41,8.47,--,12,10164,买盘
1662,10:49:38,8.47,--,63,53361,买盘
1663,10:49:32,8.47,0.01,10,8470,买盘
1664,10:49:26,8.46,-0.01,12,10152,卖盘
1665,10:49:23,8.47,0.01,8,6776,买盘
1666,10:49:14,8.46,--,10,8460,卖盘
1667,10:49:11,8.46,0.01,30,25380,买盘
1668,10:49:08,8.45,-0.02,601,507844,卖盘
1669,10:49:05,8.47,--,55,46585,买盘
1670,10:49:02,8.47,0.01,38,32186,买盘
1671,10:48:59,8.46,-0.01,12,10152,卖盘
1672,10:48:56,8.47,0.01,2,1694,买盘
1673,10:48:53,8.46,-0.01,60,50760,卖盘
1674,10:48:50,8.47,0.01,200,169400,买盘
1675,10:48:47,8.46,--,110,93060,卖盘
1676,10:48:44,8.46,--,98,82908,买盘
1677,10:48:41,8.46,--,60,50760,买盘
1678,10:48:38,8.46,--,2,1692,买盘
1679,10:48:35,8.46,0.01,130,109980,买盘
1680,10:48:32,8.45,-0.02,730,616850,卖盘
1681,10:48:29,8.47,--,20,16940,买盘
1682,10:48:26,8.47,--,63,53361,买盘
1683,10:48:23,8.47,0.01,49,41503,买盘
1684,10:48:20,8.46,--,249,210654,卖盘
1685,10:48:11,8.46,-0.01,78,65988,卖盘
1686,10:48:08,8.47,0.01,98,83006,买盘
1687,10:48:05,8.46,--,160,135360,卖盘
1688,10:47:53,8.46,-0.01,560,473760,卖盘
1689,10:47:47,8.47,--,98,83006,买盘
1690,10:47:44,8.47,0.01,2,1694,买盘
1691,10:47:38,8.46,--,43,36378,卖盘
1692,10:47:35,8.46,-0.01,41,34686,卖盘
1693,10:47:32,8.47,0.01,19,16093,买盘
1694,10:47:29,8.46,-0.01,90,76140,卖盘
1695,10:47:23,8.47,--,299,253253,买盘
1696,10:47:20,8.47,--,120,101640,买盘
1697,10:47:17,8.47,--,82,69454,卖盘
1698,10:47:14,8.47,--,66,55902,卖盘
1699,10:47:11,8.47,--,312,264264,卖盘
1700,10:47:08,8.47,--,5,4235,卖盘
1701,10:46:56,8.47,-0.01,9,7623,卖盘
1702,10:46:50,8.48,-0.02,7797,6611856,卖盘
1703,10:46:47,8.5,0.01,5842,4965700,买盘
1704,10:46:44,8.49,-0.01,216,183384,卖盘
1705,10:46:35,8.5,--,1,850,买盘
1706,10:46:32,8.5,0.01,100,85000,买盘
1707,10:46:26,8.49,--,15,12735,卖盘
1708,10:46:23,8.49,-0.01,23,19527,卖盘
1709,10:46:20,8.5,0.01,5,4250,买盘
1710,10:46:17,8.49,--,36,30564,卖盘
1711,10:46:11,8.49,--,10,8490,卖盘
1712,10:46:08,8.49,-0.01,66,56034,卖盘
1713,10:46:05,8.5,--,129,109650,买盘
1714,10:46:02,8.5,0.01,21,17850,买盘
1715,10:45:56,8.49,-0.01,52,44148,卖盘
1716,10:45:53,8.5,--,97,82450,买盘
1717,10:45:47,8.5,--,118,100300,买盘
1718,10:45:44,8.5,--,5,4250,买盘
1719,10:45:41,8.5,0.01,7,5950,中性盘
1720,10:45:35,8.49,-0.01,21,17829,卖盘
1721,10:45:32,8.5,--,3,2550,买盘
1722,10:45:29,8.5,--,14,11900,卖盘
1723,10:45:26,8.5,--,3,2550,卖盘
1724,10:45:23,8.5,--,328,278800,买盘
1725,10:45:20,8.5,--,34,28900,买盘
1726,10:45:17,8.5,--,35,29750,买盘
1727,10:45:14,8.5,0.01,18,15300,买盘
1728,10:45:08,8.49,-0.01,9,7641,卖盘
1729,10:45:05,8.5,--,54,45900,卖盘
1730,10:45:02,8.5,--,27,22950,卖盘
1731,10:44:59,8.5,-0.01,2,1700,卖盘
1732,10:44:56,8.51,0.01,51,43401,买盘
1733,10:44:53,8.5,--,300,255000,卖盘
1734,10:44:38,8.5,--,62,52700,卖盘
1735,10:44:35,8.5,--,95,80750,卖盘
1736,10:44:29,8.5,-0.01,12,10200,卖盘
1737,10:44:26,8.51,--,163,138713,买盘
1738,10:44:23,8.51,0.01,23,19573,买盘
1739,10:44:17,8.5,-0.01,5,4250,卖盘
1740,10:44:08,8.51,--,25,21275,买盘
1741,10:44:02,8.51,--,105,89355,买盘
1742,10:43:56,8.51,0.01,3,2553,买盘
1743,10:43:53,8.5,--,3,2550,卖盘
1744,10:43:50,8.5,--,23,19550,卖盘
1745,10:43:47,8.5,--,100,85000,卖盘
1746,10:43:38,8.5,-0.01,220,187000,卖盘
1747,10:43:35,8.51,0.01,20,17020,买盘
1748,10:43:32,8.5,-0.01,8,6800,卖盘
1749,10:43:26,8.51,--,10,8510,买盘
1750,10:43:11,8.51,0.01,554,471454,买盘
1751,10:43:08,8.5,--,51,43350,卖盘
1752,10:43:05,8.5,-0.01,42,35700,卖盘
1753,10:43:02,8.51,--,123,104673,买盘
1754,10:42:59,8.51,--,30,25530,买盘
1755,10:42:53,8.51,--,5,4255,买盘
1756,10:42:47,8.51,--,1,851,买盘
1757,10:42:44,8.51,--,3,2553,买盘
1758,10:42:41,8.51,--,1111,945461,卖盘
1759,10:42:23,8.51,--,8,6808,卖盘
1760,10:42:17,8.51,--,235,199985,卖盘
1761,10:42:14,8.51,0.01,583,496133,买盘
1762,10:42:11,8.5,--,30,25500,卖盘
1763,10:42:05,8.5,--,10,8500,卖盘
1764,10:42:02,8.5,0.01,6,5100,卖盘
1765,10:41:41,8.49,-0.02,60,50940,卖盘
1766,10:41:38,8.51,0.01,15,12765,买盘
1767,10:41:29,8.5,0.01,149,126650,买盘
1768,10:41:26,8.49,-0.01,10,8490,卖盘
1769,10:41:20,8.5,--,16,13600,卖盘
1770,10:41:17,8.5,0.01,22,18700,买盘
1771,10:41:14,8.49,--,69,58581,卖盘
1772,10:41:11,8.49,-0.01,2,1698,卖盘
1773,10:41:08,8.5,0.01,40,34000,买盘
1774,10:41:05,8.49,-0.01,39,33111,卖盘
1775,10:41:02,8.5,--,41,34850,卖盘
1776,10:40:56,8.5,0.01,15,12750,卖盘
1777,10:40:53,8.49,--,1,849,卖盘
1778,10:40:50,8.49,--,120,101880,卖盘
1779,10:40:47,8.49,0.01,20,16980,中性盘
1780,10:40:41,8.48,--,179,151792,卖盘
1781,10:40:38,8.48,-0.01,370,313760,卖盘
1782,10:40:35,8.49,--,234,198666,卖盘
1783,10:40:32,8.49,--,92,78108,买盘
1784,10:40:29,8.49,0.01,29,24621,买盘
1785,10:40:26,8.48,-0.01,147,124656,卖盘
1786,10:40:23,8.49,--,216,183384,买盘
1787,10:40:17,8.49,0.01,27,22923,买盘
1788,10:40:14,8.48,-0.01,2375,2014000,卖盘
1789,10:40:11,8.49,--,217,184233,卖盘
1790,10:40:08,8.49,--,4,3396,卖盘
1791,10:40:05,8.49,--,2,1698,卖盘
1792,10:40:02,8.49,-0.01,28,23772,卖盘
1793,10:39:53,8.5,--,438,372300,卖盘
1794,10:39:50,8.5,--,2,1700,卖盘
1795,10:39:47,8.5,-0.01,616,523600,卖盘
1796,10:39:44,8.51,-0.01,115,97865,卖盘
1797,10:39:32,8.52,--,1000,852000,卖盘
1798,10:39:29,8.52,-0.01,5,4260,卖盘
1799,10:39:23,8.53,0.01,13,11089,买盘
1800,10:39:20,8.52,-0.01,7,5964,卖盘
1801,10:39:17,8.53,--,203,173159,买盘
1802,10:39:14,8.53,0.01,11,9383,买盘
1803,10:39:11,8.52,-0.01,213,181476,卖盘
1804,10:39:05,8.53,--,1,852,卖盘
1805,10:39:02,8.53,--,122,104065,卖盘
1806,10:38:59,8.53,--,117,99800,卖盘
1807,10:38:56,8.53,--,72,61415,卖盘
1808,10:38:53,8.53,--,1,852,卖盘
1809,10:38:50,8.53,--,7,5971,卖盘
1810,10:38:47,8.53,-0.01,4,3411,卖盘
1811,10:38:38,8.54,0.01,17,14517,买盘
1812,10:38:32,8.53,--,17,14500,卖盘
1813,10:38:26,8.53,-0.01,25,21325,卖盘
1814,10:38:23,8.54,--,7,5977,买盘
1815,10:38:20,8.54,0.01,50,42699,买盘
1816,10:38:11,8.53,-0.01,5,4265,卖盘
1817,10:38:08,8.54,0.01,97,82837,买盘
1818,10:37:56,8.53,-0.01,532,453795,卖盘
1819,10:37:53,8.54,--,8,6831,买盘
1820,10:37:47,8.54,--,3,2561,买盘
1821,10:37:44,8.54,--,23,19641,买盘
1822,10:37:41,8.54,--,15,12809,买盘
1823,10:37:32,8.54,--,15,12809,买盘
1824,10:37:29,8.54,--,5,4270,买盘
1825,10:37:14,8.54,--,1,853,买盘
1826,10:37:08,8.54,--,10,8540,买盘
1827,10:36:49,8.54,--,3,2561,买盘
1828,10:36:46,8.54,0.01,6,5123,买盘
1829,10:36:34,8.53,--,5,4265,卖盘
1830,10:36:16,8.53,-0.01,5,4265,卖盘
1831,10:36:13,8.54,0.01,100,85399,买盘
1832,10:36:07,8.53,--,11,9383,卖盘
1833,10:36:04,8.53,--,60,51179,卖盘
1834,10:35:58,8.53,-0.01,70,59709,卖盘
1835,10:35:49,8.54,0.01,103,87961,买盘
1836,10:35:40,8.53,--,10,8530,卖盘
1837,10:35:31,8.53,-0.01,228,194483,卖盘
1838,10:35:28,8.54,--,29,24765,买盘
1839,10:35:25,8.54,--,100,85399,买盘
1840,10:35:22,8.54,--,10,8540,买盘
1841,10:35:19,8.54,0.01,19,16225,买盘
1842,10:35:13,8.53,--,21,17913,卖盘
1843,10:35:10,8.53,-0.01,82,69946,卖盘
1844,10:35:04,8.54,0.01,24,20495,买盘
1845,10:34:58,8.53,-0.01,51,43503,卖盘
1846,10:34:52,8.54,0.01,100,85399,买盘
1847,10:34:46,8.53,--,20,17060,卖盘
1848,10:34:43,8.53,--,6,5118,卖盘
1849,10:34:31,8.53,--,41,34973,买盘
1850,10:34:28,8.53,--,330,281490,买盘
1851,10:34:25,8.53,--,6,5118,买盘
1852,10:34:22,8.53,--,50,42650,买盘
1853,10:34:16,8.53,--,10,8530,买盘
1854,10:34:10,8.53,--,15,12794,买盘
1855,10:34:07,8.53,--,7,5971,买盘
1856,10:34:04,8.53,--,18,15353,买盘
1857,10:34:01,8.53,-0.01,325,277225,卖盘
1858,10:33:52,8.54,0.01,5,4270,买盘
1859,10:33:46,8.53,-0.01,79,67387,卖盘
1860,10:33:40,8.54,0.01,37,31597,买盘
1861,10:33:34,8.53,--,30,25589,买盘
1862,10:33:31,8.53,--,20,17060,卖盘
1863,10:33:25,8.53,0.01,276,235427,买盘
1864,10:33:22,8.52,-0.01,275,234300,卖盘
1865,10:33:19,8.53,0.01,20,17060,买盘
1866,10:33:01,8.52,-0.01,5,4260,卖盘
1867,10:32:58,8.53,0.01,121,103212,买盘
1868,10:32:52,8.52,-0.01,1,852,卖盘
1869,10:32:49,8.53,-0.01,3,2559,中性盘
1870,10:32:34,8.54,0.01,264,225481,买盘
1871,10:32:31,8.53,--,50,42650,卖盘
1872,10:32:25,8.53,-0.01,100,85300,卖盘
1873,10:32:22,8.54,--,1,853,买盘
1874,10:32:16,8.54,0.01,5,4270,买盘
1875,10:32:13,8.53,--,16,13647,卖盘
1876,10:32:10,8.53,--,30,25589,卖盘
1877,10:32:04,8.53,-0.01,40,34120,卖盘
1878,10:31:55,8.54,0.01,5,4270,买盘
1879,10:31:52,8.53,-0.01,14,11942,卖盘
1880,10:31:34,8.54,0.01,199,170774,买盘
1881,10:31:22,8.53,--,7,5971,卖盘
1882,10:31:19,8.53,--,142,121125,买盘
1883,10:31:13,8.53,--,50,42650,买盘
1884,10:30:58,8.53,0.01,175,149275,买盘
1885,10:30:55,8.52,--,100,85200,买盘
1886,10:30:52,8.52,--,9,7668,买盘
1887,10:30:49,8.52,-0.01,198,168696,卖盘
1888,10:30:40,8.53,--,20,17060,买盘
1889,10:30:34,8.53,0.01,109,92977,买盘
1890,10:30:25,8.52,--,20,17040,卖盘
1891,10:30:22,8.52,-0.01,42,35784,卖盘
1892,10:30:16,8.53,--,10,8530,买盘
1893,10:30:13,8.53,--,8,6823,买盘
1894,10:30:04,8.53,--,14,11942,卖盘
1895,10:29:58,8.53,0.01,5,4265,卖盘
1896,10:29:55,8.52,-0.02,58,49416,卖盘
1897,10:29:52,8.54,0.01,10,8540,买盘
1898,10:29:40,8.53,--,80,68240,买盘
1899,10:29:28,8.53,--,9,7676,买盘
1900,10:29:22,8.53,0.01,1,852,买盘
1901,10:29:10,8.52,-0.01,53,45156,卖盘
1902,10:29:04,8.53,--,50,42650,买盘
1903,10:28:58,8.53,0.01,20,17060,买盘
1904,10:28:49,8.52,--,67,57084,买盘
1905,10:28:46,8.52,-0.01,98,83496,卖盘
1906,10:28:43,8.53,0.01,50,42650,买盘
1907,10:28:31,8.52,--,7,5964,买盘
1908,10:28:28,8.52,--,20,17040,买盘
1909,10:28:25,8.52,--,91,77532,买盘
1910,10:28:22,8.52,--,30,25560,买盘
1911,10:28:13,8.52,--,54,46008,买盘
1912,10:28:10,8.52,--,83,70716,买盘
1913,10:28:07,8.52,--,2,1704,买盘
1914,10:27:58,8.52,0.01,121,103092,买盘
1915,10:27:55,8.51,-0.01,10,8510,卖盘
1916,10:27:52,8.52,0.01,10,8520,买盘
1917,10:27:43,8.51,-0.01,50,42550,卖盘
1918,10:27:37,8.52,--,1,852,买盘
1919,10:27:34,8.52,0.01,92,78384,买盘
1920,10:27:31,8.51,--,3,2553,卖盘
1921,10:27:22,8.51,--,35,29785,买盘
1922,10:27:19,8.51,--,26,22126,卖盘
1923,10:27:16,8.51,-0.01,220,187220,卖盘
1924,10:27:10,8.52,--,4,3408,买盘
1925,10:27:07,8.52,0.01,8,6816,买盘
1926,10:27:04,8.51,--,151,128501,卖盘
1927,10:26:58,8.51,--,50,42550,卖盘
1928,10:26:55,8.51,-0.01,110,93610,卖盘
1929,10:26:52,8.52,0.01,75,63900,买盘
1930,10:26:49,8.51,--,26,22126,卖盘
1931,10:26:43,8.51,--,2,1702,卖盘
1932,10:26:34,8.51,--,10,8510,卖盘
1933,10:26:31,8.51,0.01,10,8510,卖盘
1934,10:26:22,8.5,-0.01,112,95200,卖盘
1935,10:26:19,8.51,--,20,17020,买盘
1936,10:26:16,8.51,--,34,28934,买盘
1937,10:26:13,8.51,--,5,4255,买盘
1938,10:26:07,8.51,--,73,62123,买盘
1939,10:26:01,8.51,-0.01,35,29785,卖盘
1940,10:25:58,8.52,0.01,5,4260,买盘
1941,10:25:55,8.51,0.01,57,48507,中性盘
1942,10:25:52,8.5,-0.02,100,85000,卖盘
1943,10:25:49,8.52,0.01,11,9372,买盘
1944,10:25:43,8.51,0.01,12,10212,买盘
1945,10:25:40,8.5,--,14,11900,卖盘
1946,10:25:37,8.5,--,100,85000,卖盘
1947,10:25:19,8.5,-0.02,2,1700,卖盘
1948,10:25:16,8.52,0.01,26,22152,买盘
1949,10:25:13,8.51,0.01,71,60421,买盘
1950,10:25:07,8.5,--,6,5100,卖盘
1951,10:25:01,8.5,--,7,5950,卖盘
1952,10:24:58,8.5,-0.01,75,63750,卖盘
1953,10:24:52,8.51,0.01,2,1702,中性盘
1954,10:24:46,8.5,-0.01,173,147050,卖盘
1955,10:24:43,8.51,0.01,30,25530,中性盘
1956,10:24:34,8.5,-0.02,1150,977500,卖盘
1957,10:24:28,8.52,0.01,6,5112,买盘
1958,10:24:25,8.51,--,6,5106,买盘
1959,10:24:22,8.51,--,28,23828,卖盘
1960,10:24:16,8.51,--,5,4255,买盘
1961,10:24:07,8.51,0.01,22,18722,买盘
1962,10:24:01,8.5,--,68,57800,卖盘
1963,10:23:55,8.5,-0.01,106,90100,卖盘
1964,10:23:52,8.51,-0.01,534,454434,卖盘
1965,10:23:49,8.52,0.01,52,44304,买盘
1966,10:23:46,8.51,--,10,8510,卖盘
1967,10:23:43,8.51,--,9,7659,卖盘
1968,10:23:40,8.51,--,50,42550,卖盘
1969,10:23:34,8.51,--,50,42550,卖盘
1970,10:23:31,8.51,-0.01,69,58719,卖盘
1971,10:23:28,8.52,--,5,4260,买盘
1972,10:23:22,8.52,0.01,3,2556,买盘
1973,10:23:16,8.51,--,110,93610,卖盘
1974,10:23:10,8.51,--,145,123395,卖盘
1975,10:23:07,8.51,--,30,25530,卖盘
1976,10:23:04,8.51,0.01,14,11914,买盘
1977,10:23:01,8.5,-0.02,200,170000,卖盘
1978,10:22:58,8.52,--,18,15336,买盘
1979,10:22:55,8.52,--,10,8520,买盘
1980,10:22:49,8.52,0.01,20,17040,买盘
1981,10:22:43,8.51,0.01,2,1702,中性盘
1982,10:22:34,8.5,-0.01,109,92650,卖盘
1983,10:22:31,8.51,--,33,28083,买盘
1984,10:22:28,8.51,--,183,155733,买盘
1985,10:22:22,8.51,0.01,60,51060,买盘
1986,10:22:19,8.5,--,370,314500,卖盘
1987,10:22:16,8.5,--,29,24650,卖盘
1988,10:22:13,8.5,-0.01,96,81600,卖盘
1989,10:22:10,8.51,--,12,10212,买盘
1990,10:22:07,8.51,0.01,27,22977,买盘
1991,10:22:01,8.5,-0.02,34,28900,卖盘
1992,10:21:55,8.52,0.02,29,24708,买盘
1993,10:21:49,8.5,0.02,9,7650,中性盘
1994,10:21:46,8.48,-0.03,6000,5088000,卖盘
1995,10:21:40,8.51,0.01,2,1702,卖盘
1996,10:21:34,8.5,-0.01,61,51850,卖盘
1997,10:21:25,8.51,0.01,3,2553,中性盘
1998,10:21:22,8.5,-0.03,305,259250,卖盘
1999,10:21:19,8.53,0.03,10,8530,买盘
2000,10:21:07,8.5,--,150,127500,买盘
2001,10:21:04,8.5,--,5,4250,买盘
2002,10:21:01,8.5,--,63,53550,买盘
2003,10:20:58,8.5,--,21,17850,买盘
2004,10:20:52,8.5,--,9,7650,买盘
2005,10:20:49,8.5,-0.03,2334,1983900,卖盘
2006,10:20:43,8.53,--,84,71652,卖盘
2007,10:20:40,8.53,-0.01,8,6823,卖盘
2008,10:20:34,8.54,--,1,853,卖盘
2009,10:20:31,8.54,--,352,300607,卖盘
2010,10:20:28,8.54,-0.01,60,51239,卖盘
2011,10:20:07,8.55,-0.01,1448,1238040,卖盘
2012,10:20:01,8.56,--,5,4280,买盘
2013,10:19:58,8.56,0.01,10,8560,买盘
2014,10:19:55,8.55,-0.01,63,53865,卖盘
2015,10:19:49,8.56,--,100,85600,买盘
2016,10:19:37,8.56,--,2,1712,买盘
2017,10:19:34,8.56,0.01,9,7704,买盘
2018,10:19:31,8.55,--,29,24795,卖盘
2019,10:19:28,8.55,--,50,42750,卖盘
2020,10:19:25,8.55,--,20,17100,卖盘
2021,10:19:22,8.55,--,88,75240,买盘
2022,10:19:13,8.55,--,3,2565,买盘
2023,10:19:10,8.55,0.01,1,855,买盘
2024,10:18:58,8.54,--,70,59779,买盘
2025,10:18:55,8.54,--,12,10247,买盘
2026,10:18:52,8.54,0.01,38,32451,买盘
2027,10:18:46,8.53,-0.01,83,70799,卖盘
2028,10:18:43,8.54,--,26,22203,买盘
2029,10:18:40,8.54,0.01,117,99917,买盘
2030,10:18:22,8.53,--,126,107477,买盘
2031,10:18:19,8.53,--,56,47768,买盘
2032,10:18:16,8.53,--,12,10236,买盘
2033,10:18:13,8.53,--,5,4265,买盘
2034,10:18:07,8.53,--,50,42650,买盘
2035,10:18:04,8.53,--,20,17060,买盘
2036,10:18:00,8.53,0.01,30,25589,买盘
2037,10:17:57,8.52,--,218,185736,卖盘
2038,10:17:54,8.52,--,11,9372,卖盘
2039,10:17:45,8.52,-0.01,10,8520,卖盘
2040,10:17:39,8.53,0.01,81,69093,买盘
2041,10:17:33,8.52,--,2,1704,买盘
2042,10:17:27,8.52,--,213,181476,买盘
2043,10:17:24,8.52,--,10,8520,买盘
2044,10:17:21,8.52,0.01,51,43452,买盘
2045,10:17:18,8.51,-0.02,18,15318,卖盘
2046,10:17:12,8.53,0.02,125,106624,买盘
2047,10:17:09,8.51,-0.02,127,108077,卖盘
2048,10:17:03,8.53,0.02,5,4265,买盘
2049,10:17:00,8.51,-0.02,200,170200,卖盘
2050,10:16:57,8.53,0.02,57,48620,买盘
2051,10:16:51,8.51,--,78,66378,卖盘
2052,10:16:42,8.51,0.01,40,34040,中性盘
2053,10:16:39,8.5,-0.03,50,42500,卖盘
2054,10:16:36,8.53,--,5,4265,买盘
2055,10:16:30,8.53,--,50,42650,买盘
2056,10:16:27,8.53,0.03,5,4265,中性盘
2057,10:16:24,8.5,-0.03,4800,4080000,卖盘
2058,10:16:15,8.53,--,153,130508,卖盘
2059,10:16:06,8.53,-0.02,2,1705,卖盘
2060,10:16:03,8.55,--,4,3420,卖盘
2061,10:16:00,8.55,-0.01,5,4275,卖盘
2062,10:15:51,8.56,-0.01,108,92448,卖盘
2063,10:15:42,8.57,0.01,2,1714,买盘
2064,10:15:39,8.56,-0.01,4,3424,卖盘
2065,10:15:36,8.57,0.05,169,144833,买盘
2066,10:15:30,8.52,-0.05,5000,4260000,卖盘
2067,10:15:27,8.57,--,21,17997,卖盘
2068,10:15:24,8.57,--,15,12855,卖盘
2069,10:15:21,8.57,-0.01,26,22282,卖盘
2070,10:15:18,8.58,--,32,27456,买盘
2071,10:15:15,8.58,0.01,22,18876,买盘
2072,10:15:03,8.57,--,2,1714,卖盘
2073,10:15:00,8.57,-0.01,2,1714,卖盘
2074,10:14:57,8.58,--,11,9438,卖盘
2075,10:14:54,8.58,0.01,28,24024,买盘
2076,10:14:51,8.57,--,29,24853,卖盘
2077,10:14:42,8.57,-0.01,390,334230,卖盘
2078,10:14:39,8.58,--,40,34320,卖盘
2079,10:14:36,8.58,0.01,56,48048,买盘
2080,10:14:30,8.57,--,3,2571,卖盘
2081,10:14:27,8.57,-0.01,118,101126,卖盘
2082,10:14:24,8.58,0.01,44,37752,买盘
2083,10:14:18,8.57,-0.01,20,17140,卖盘
2084,10:14:12,8.58,0.01,116,99528,买盘
2085,10:14:09,8.57,--,83,71131,卖盘
2086,10:14:03,8.57,--,50,42850,卖盘
2087,10:14:00,8.57,-0.01,2,1714,卖盘
2088,10:13:51,8.58,0.01,11,9438,买盘
2089,10:13:48,8.57,--,14,11998,卖盘
2090,10:13:45,8.57,--,59,50563,卖盘
2091,10:13:39,8.57,--,20,17140,卖盘
2092,10:13:33,8.57,-0.01,149,127693,卖盘
2093,10:13:24,8.58,0.01,8,6864,买盘
2094,10:13:15,8.57,-0.01,55,47135,卖盘
2095,10:13:12,8.58,--,13,11154,买盘
2096,10:12:39,8.58,--,47,40326,卖盘
2097,10:12:36,8.58,--,35,30030,卖盘
2098,10:12:30,8.58,--,20,17160,卖盘
2099,10:12:21,8.58,--,23,19734,买盘
2100,10:12:18,8.58,--,86,73788,买盘
2101,10:12:15,8.58,--,97,83226,买盘
2102,10:12:12,8.58,--,5,4290,买盘
2103,10:12:03,8.58,--,120,102960,买盘
2104,10:12:00,8.58,0.01,11,9438,买盘
2105,10:11:57,8.57,-0.01,13,11141,卖盘
2106,10:11:42,8.58,0.01,16,13728,买盘
2107,10:11:30,8.57,--,4,3428,买盘
2108,10:11:27,8.57,-0.02,48,41136,卖盘
2109,10:11:24,8.59,0.01,47,40373,买盘
2110,10:11:18,8.58,0.01,11,9438,买盘
2111,10:11:15,8.57,-0.01,52,44564,卖盘
2112,10:11:12,8.58,0.01,2,1716,买盘
2113,10:11:09,8.57,--,2,1714,卖盘
2114,10:11:06,8.57,-0.01,57,48849,卖盘
2115,10:11:03,8.58,--,406,348348,买盘
2116,10:11:00,8.58,--,570,489060,买盘
2117,10:10:57,8.58,--,14,12012,买盘
2118,10:10:54,8.58,--,187,160446,卖盘
2119,10:10:51,8.58,--,1,858,卖盘
2120,10:10:45,8.58,-0.01,2,1716,卖盘
2121,10:10:36,8.59,0.01,2,1718,买盘
2122,10:10:33,8.58,-0.01,302,259116,卖盘
2123,10:10:30,8.59,--,432,371088,卖盘
2124,10:10:24,8.59,--,34,29206,卖盘
2125,10:10:21,8.59,-0.01,3,2577,卖盘
2126,10:10:18,8.6,--,77,66220,中性盘
2127,10:10:15,8.6,--,11,9460,买盘
2128,10:10:12,8.6,--,25,21500,买盘
2129,10:10:09,8.6,--,4,3440,买盘
2130,10:10:06,8.6,0.01,40,34400,中性盘
2131,10:09:57,8.59,-0.01,361,310099,卖盘
2132,10:09:51,8.6,0.01,38,32680,买盘
2133,10:09:42,8.59,--,5,4295,卖盘
2134,10:09:39,8.59,--,89,76451,卖盘
2135,10:09:30,8.59,0.01,109,93631,买盘
2136,10:09:27,8.58,-0.01,175,150150,卖盘
2137,10:09:21,8.59,--,7,6013,买盘
2138,10:09:18,8.59,0.01,12,10308,买盘
2139,10:09:09,8.58,-0.01,10,8580,卖盘
2140,10:09:06,8.59,0.01,20,17180,买盘
2141,10:09:00,8.58,-0.01,279,239382,卖盘
2142,10:08:51,8.59,--,20,17180,买盘
2143,10:08:45,8.59,0.02,8,6872,买盘
2144,10:08:30,8.57,-0.01,29,24853,卖盘
2145,10:08:27,8.58,--,59,50622,买盘
2146,10:08:21,8.58,0.01,414,355212,买盘
2147,10:08:15,8.57,-0.01,156,133692,卖盘
2148,10:08:06,8.58,--,68,58344,买盘
2149,10:08:03,8.58,--,89,76362,买盘
2150,10:08:00,8.58,0.01,10,8580,买盘
2151,10:07:30,8.57,--,141,120837,买盘
2152,10:07:15,8.57,0.01,167,143119,买盘
2153,10:07:12,8.56,--,46,39376,卖盘
2154,10:07:09,8.56,-0.01,450,385200,卖盘
2155,10:07:06,8.57,0.01,9,7713,买盘
2156,10:06:54,8.56,-0.01,5,4280,卖盘
2157,10:06:48,8.57,--,10,8570,买盘
2158,10:06:45,8.57,--,39,33423,买盘
2159,10:06:42,8.57,0.01,10,8570,买盘
2160,10:06:36,8.56,--,41,35096,卖盘
2161,10:06:30,8.56,-0.01,3,2568,卖盘
2162,10:06:27,8.57,0.01,76,65132,买盘
2163,10:06:15,8.56,-0.01,5,4280,卖盘
2164,10:06:12,8.57,--,223,191111,买盘
2165,10:06:03,8.57,--,5,4285,买盘
2166,10:06:00,8.57,--,90,77130,买盘
2167,10:05:54,8.57,--,20,17140,买盘
2168,10:05:48,8.57,0.01,50,42850,买盘
2169,10:05:45,8.56,--,253,216568,卖盘
2170,10:05:36,8.56,--,25,21400,卖盘
2171,10:05:30,8.56,--,100,85600,卖盘
2172,10:05:24,8.56,0.01,118,101008,买盘
2173,10:05:18,8.55,--,130,111150,卖盘
2174,10:05:15,8.55,-0.01,7,5985,卖盘
2175,10:05:12,8.56,--,465,398040,买盘
2176,10:05:06,8.56,0.01,13,11128,买盘
2177,10:05:03,8.55,--,2,1710,卖盘
2178,10:04:54,8.55,-0.01,4,3420,卖盘
2179,10:04:51,8.56,--,80,68480,买盘
2180,10:04:48,8.56,--,20,17120,买盘
2181,10:04:45,8.56,--,311,266216,卖盘
2182,10:04:39,8.56,--,30,25680,卖盘
2183,10:04:36,8.56,--,29,24824,卖盘
2184,10:04:33,8.56,--,13,11128,买盘
2185,10:04:27,8.56,-0.01,42,35952,卖盘
2186,10:04:21,8.57,0.01,26,22282,买盘
2187,10:04:18,8.56,--,40,34240,卖盘
2188,10:04:15,8.56,0.01,4,3424,卖盘
2189,10:04:06,8.55,-0.01,202,172710,卖盘
2190,10:04:00,8.56,--,268,229408,买盘
2191,10:03:48,8.56,--,5,4280,买盘
2192,10:03:39,8.56,--,62,53072,买盘
2193,10:03:36,8.56,0.01,15,12840,买盘
2194,10:03:33,8.55,--,359,306945,卖盘
2195,10:03:27,8.55,-0.01,52,44460,卖盘
2196,10:03:24,8.56,0.01,41,35096,买盘
2197,10:03:15,8.55,--,24,20520,卖盘
2198,10:03:12,8.55,-0.01,16,13680,卖盘
2199,10:03:09,8.56,0.01,4,3424,买盘
2200,10:03:06,8.55,--,16,13680,卖盘
2201,10:03:00,8.55,--,15,12825,卖盘
2202,10:02:51,8.55,--,100,85500,卖盘
2203,10:02:48,8.55,--,168,144409,买盘
2204,10:02:42,8.55,--,207,176985,买盘
2205,10:02:39,8.55,--,14,11970,买盘
2206,10:02:36,8.55,--,26,22230,买盘
2207,10:02:33,8.55,--,116,99180,买盘
2208,10:02:30,8.55,0.01,70,59850,买盘
2209,10:02:27,8.54,--,156,133224,卖盘
2210,10:02:21,8.54,-0.01,31,26473,卖盘
2211,10:02:18,8.55,--,96,82080,买盘
2212,10:02:12,8.55,0.01,17,14535,买盘
2213,10:02:09,8.54,-0.01,10,8540,卖盘
2214,10:02:06,8.55,0.01,74,63270,买盘
2215,10:02:03,8.54,-0.01,514,438955,卖盘
2216,10:02:00,8.55,0.01,10,8550,买盘
2217,10:01:54,8.54,-0.01,405,345869,卖盘
2218,10:01:51,8.55,0.01,10,8550,买盘
2219,10:01:45,8.54,-0.01,10,8540,卖盘
2220,10:01:39,8.55,0.01,202,172710,买盘
2221,10:01:33,8.54,--,237,202397,卖盘
2222,10:01:27,8.54,-0.01,100,85399,卖盘
2223,10:01:24,8.55,--,10,8550,买盘
2224,10:01:21,8.55,0.01,155,132525,买盘
2225,10:01:15,8.54,-0.01,264,225455,卖盘
2226,10:01:12,8.55,0.01,54,46170,买盘
2227,10:01:09,8.54,-0.01,5,4270,卖盘
2228,10:01:06,8.55,--,5,4275,买盘
2229,10:01:03,8.55,0.01,20,17100,买盘
2230,10:01:00,8.54,-0.01,80,68320,卖盘
2231,10:00:57,8.55,0.01,74,63270,买盘
2232,10:00:54,8.54,-0.01,41,35014,卖盘
2233,10:00:51,8.55,--,53,45315,买盘
2234,10:00:48,8.55,--,33,28215,买盘
2235,10:00:45,8.55,0.01,5,4275,买盘
2236,10:00:42,8.54,--,3,2561,卖盘
2237,10:00:39,8.54,-0.01,39,33306,卖盘
2238,10:00:36,8.55,--,80,68400,买盘
2239,10:00:33,8.55,--,4,3420,买盘
2240,10:00:27,8.55,--,30,25650,买盘
2241,10:00:24,8.55,0.01,31,26505,买盘
2242,10:00:21,8.54,--,76,64903,卖盘
2243,10:00:18,8.54,-0.01,7,5977,卖盘
2244,10:00:15,8.55,0.01,11,9405,买盘
2245,10:00:12,8.54,-0.01,32,27327,卖盘
2246,10:00:06,8.55,--,4,3420,买盘
2247,10:00:03,8.55,--,4,3420,买盘
2248,10:00:00,8.55,0.01,60,51300,买盘
2249,09:59:57,8.54,-0.01,351,299753,卖盘
2250,09:59:51,8.55,--,43,36765,买盘
2251,09:59:48,8.55,--,171,146205,卖盘
2252,09:59:45,8.55,-0.01,10,8550,卖盘
2253,09:59:42,8.56,0.01,15,12840,买盘
2254,09:59:36,8.55,--,1311,1120905,买盘
2255,09:59:30,8.55,--,78,66690,买盘
2256,09:59:27,8.55,--,18,15390,买盘
2257,09:59:24,8.55,--,217,185535,卖盘
2258,09:59:18,8.55,--,132,112860,卖盘
2259,09:59:15,8.55,--,51,43605,买盘
2260,09:59:12,8.55,--,86,73530,买盘
2261,09:59:09,8.55,-0.01,63,53865,卖盘
2262,09:59:06,8.56,0.01,4,3424,买盘
2263,09:59:03,8.55,--,305,260775,卖盘
2264,09:59:00,8.55,--,7,5985,卖盘
2265,09:58:54,8.55,-0.01,11,9405,卖盘
2266,09:58:48,8.56,--,1,856,买盘
2267,09:58:45,8.56,--,2,1712,买盘
2268,09:58:42,8.56,--,5,4280,卖盘
2269,09:58:39,8.56,--,197,168632,卖盘
2270,09:58:33,8.56,--,27,23112,卖盘
2271,09:58:27,8.56,0.01,12,10272,买盘
2272,09:58:24,8.55,-0.01,1200,1026000,卖盘
2273,09:58:18,8.56,--,33,28248,买盘
2274,09:58:15,8.56,--,12,10272,买盘
2275,09:58:09,8.56,--,435,372360,卖盘
2276,09:58:00,8.56,--,33,28248,卖盘
2277,09:57:57,8.56,--,1,856,卖盘
2278,09:57:54,8.56,0.01,29,24824,买盘
2279,09:57:48,8.55,0.01,5,4275,中性盘
2280,09:57:42,8.54,--,55,46969,卖盘
2281,09:57:39,8.54,--,712,608047,卖盘
2282,09:57:36,8.54,-0.01,154,131516,卖盘
2283,09:57:33,8.55,--,721,616523,买盘
2284,09:57:30,8.55,--,15,12825,买盘
2285,09:57:27,8.55,--,139,118845,买盘
2286,09:57:24,8.55,--,10,8550,买盘
2287,09:57:20,8.55,--,44,37620,卖盘
2288,09:57:14,8.55,--,345,294975,卖盘
2289,09:57:11,8.55,--,87,74385,卖盘
2290,09:57:08,8.55,--,280,239400,卖盘
2291,09:57:02,8.55,--,25,21375,卖盘
2292,09:56:59,8.55,--,68,58140,卖盘
2293,09:56:56,8.55,--,20,17100,卖盘
2294,09:56:50,8.55,-0.01,80,68400,卖盘
2295,09:56:47,8.56,-0.01,676,578656,卖盘
2296,09:56:35,8.57,--,312,267384,卖盘
2297,09:56:32,8.57,-0.01,191,163687,卖盘
2298,09:56:29,8.58,0.01,50,42900,买盘
2299,09:56:26,8.57,-0.01,20,17140,卖盘
2300,09:56:20,8.58,--,44,37752,买盘
2301,09:56:17,8.58,--,4,3432,买盘
2302,09:56:11,8.58,--,85,72930,卖盘
2303,09:56:08,8.58,-0.01,2,1716,卖盘
2304,09:56:02,8.59,0.01,159,136581,买盘
2305,09:55:53,8.58,--,105,90090,卖盘
2306,09:55:44,8.58,-0.01,76,65208,卖盘
2307,09:55:41,8.59,--,86,73874,买盘
2308,09:55:38,8.59,0.01,12,10308,买盘
2309,09:55:35,8.58,--,8,6864,卖盘
2310,09:55:32,8.58,-0.01,20,17160,卖盘
2311,09:55:29,8.59,0.01,15,12885,买盘
2312,09:55:23,8.58,-0.01,5,4290,卖盘
2313,09:55:20,8.59,--,59,50681,买盘
2314,09:55:17,8.59,0.01,45,38655,买盘
2315,09:55:14,8.58,--,130,111540,卖盘
2316,09:55:02,8.58,--,35,30030,卖盘
2317,09:54:59,8.58,--,12,10296,卖盘
2318,09:54:53,8.58,--,54,46332,买盘
2319,09:54:44,8.58,--,29,24882,买盘
2320,09:54:41,8.58,--,10,8580,买盘
2321,09:54:38,8.58,0.01,10,8580,买盘
2322,09:54:29,8.57,--,66,56562,卖盘
2323,09:54:14,8.57,-0.01,3,2571,卖盘
2324,09:54:11,8.58,--,10,8580,买盘
2325,09:54:05,8.58,--,5,4290,买盘
2326,09:53:50,8.58,0.01,1,858,买盘
2327,09:53:47,8.57,--,113,96841,买盘
2328,09:53:38,8.57,--,30,25710,买盘
2329,09:53:35,8.57,-0.01,237,203109,卖盘
2330,09:53:29,8.58,--,11,9438,卖盘
2331,09:53:26,8.58,--,205,175890,卖盘
2332,09:53:23,8.58,-0.01,32,27456,卖盘
2333,09:53:05,8.59,0.01,50,42950,买盘
2334,09:53:02,8.58,-0.01,5,4290,卖盘
2335,09:52:59,8.59,0.01,7,6013,买盘
2336,09:52:56,8.58,-0.01,12,10296,中性盘
2337,09:52:47,8.59,0.03,112,96208,买盘
2338,09:52:41,8.56,-0.02,640,547840,卖盘
2339,09:52:38,8.58,0.01,10,8580,买盘
2340,09:52:35,8.57,-0.01,81,69417,卖盘
2341,09:52:29,8.58,--,48,41184,买盘
2342,09:52:23,8.58,--,332,284856,卖盘
2343,09:52:20,8.58,-0.02,3,2574,卖盘
2344,09:52:14,8.6,0.02,152,130720,买盘
2345,09:52:11,8.58,-0.01,20,17160,卖盘
2346,09:52:08,8.59,--,5,4295,卖盘
2347,09:52:05,8.59,0.01,82,70438,买盘
2348,09:51:53,8.58,-0.01,4,3432,卖盘
2349,09:51:47,8.59,0.01,60,51540,买盘
2350,09:51:44,8.58,0.01,38,32604,买盘
2351,09:51:41,8.57,-0.01,35,29995,卖盘
2352,09:51:38,8.58,0.01,4,3432,买盘
2353,09:51:35,8.57,-0.01,5,4285,卖盘
2354,09:51:32,8.58,0.01,12,10296,买盘
2355,09:51:29,8.57,-0.01,15,12855,卖盘
2356,09:51:20,8.58,-0.01,9,7722,买盘
2357,09:51:11,8.59,--,113,97067,卖盘
2358,09:51:08,8.59,-0.01,122,104798,卖盘
2359,09:51:05,8.6,--,1,860,买盘
2360,09:51:02,8.6,--,15,12900,买盘
2361,09:50:59,8.6,0.01,46,39560,买盘
2362,09:50:53,8.59,--,78,67002,买盘
2363,09:50:50,8.59,--,731,627929,卖盘
2364,09:50:41,8.59,-0.01,1,859,卖盘
2365,09:50:38,8.6,0.01,300,258000,买盘
2366,09:50:35,8.59,--,26,22334,买盘
2367,09:50:32,8.59,0.01,3,2577,中性盘
2368,09:50:23,8.58,-0.01,100,85800,卖盘
2369,09:50:20,8.59,0.01,3,2577,中性盘
2370,09:50:11,8.58,--,223,191334,买盘
2371,09:50:08,8.58,--,4,3432,买盘
2372,09:50:05,8.58,--,2,1716,买盘
2373,09:50:02,8.58,--,70,60060,买盘
2374,09:49:59,8.58,--,22,18876,买盘
2375,09:49:56,8.58,0.01,6,5148,买盘
2376,09:49:50,8.57,--,68,58276,卖盘
2377,09:49:47,8.57,--,8,6856,卖盘
2378,09:49:44,8.57,0.01,517,443069,买盘
2379,09:49:41,8.56,--,44,37664,卖盘
2380,09:49:38,8.56,--,325,278200,卖盘
2381,09:49:32,8.56,-0.01,62,53072,卖盘
2382,09:49:29,8.57,0.01,145,124265,买盘
2383,09:49:26,8.56,-0.01,235,201160,卖盘
2384,09:49:23,8.57,0.01,17,14569,买盘
2385,09:49:20,8.56,-0.01,105,89880,买盘
2386,09:49:17,8.57,0.01,125,107125,买盘
2387,09:49:14,8.56,--,29,24824,卖盘
2388,09:49:05,8.56,--,36,30816,卖盘
2389,09:49:02,8.56,--,15,12840,卖盘
2390,09:48:59,8.56,0.01,51,43656,卖盘
2391,09:48:56,8.55,--,34,29070,买盘
2392,09:48:53,8.55,-0.01,281,240255,卖盘
2393,09:48:50,8.56,--,108,92448,买盘
2394,09:48:47,8.56,--,20,17120,买盘
2395,09:48:44,8.56,0.01,516,441696,买盘
2396,09:48:41,8.55,-0.01,324,277020,卖盘
2397,09:48:38,8.56,--,138,118128,买盘
2398,09:48:35,8.56,0.01,100,85600,买盘
2399,09:48:32,8.55,-0.01,521,445455,卖盘
2400,09:48:26,8.56,--,10,8560,买盘
2401,09:48:23,8.56,--,286,244816,买盘
2402,09:48:20,8.56,--,215,184040,卖盘
2403,09:48:17,8.56,--,95,81320,卖盘
2404,09:48:14,8.56,--,1000,856000,卖盘
2405,09:48:11,8.56,-0.01,107,91592,卖盘
2406,09:48:08,8.57,--,46,39422,买盘
2407,09:48:05,8.57,--,20,17140,买盘
2408,09:47:59,8.57,--,30,25710,买盘
2409,09:47:56,8.57,-0.01,35,29995,中性盘
2410,09:47:53,8.58,--,46,39468,买盘
2411,09:47:50,8.58,0.01,263,225654,买盘
2412,09:47:47,8.57,-0.01,9,7713,卖盘
2413,09:47:44,8.58,0.01,87,74646,买盘
2414,09:47:41,8.57,-0.01,96,82272,卖盘
2415,09:47:38,8.58,--,72,61776,买盘
2416,09:47:35,8.58,--,4,3432,买盘
2417,09:47:32,8.58,-0.02,2215,1900470,卖盘
2418,09:47:29,8.6,--,32,27520,买盘
2419,09:47:26,8.6,--,327,281220,买盘
2420,09:47:23,8.6,--,12,10320,买盘
2421,09:47:20,8.6,--,10,8600,买盘
2422,09:47:17,8.6,--,10,8600,买盘
2423,09:47:14,8.6,-0.04,3327,2862011,卖盘
2424,09:47:11,8.64,--,2,1728,买盘
2425,09:47:05,8.64,0.02,280,241920,买盘
2426,09:47:02,8.62,--,29,24997,卖盘
2427,09:46:59,8.62,-0.01,194,167227,卖盘
2428,09:46:56,8.63,--,33,28479,卖盘
2429,09:46:50,8.63,0.01,14,12082,中性盘
2430,09:46:47,8.62,--,10,8620,卖盘
2431,09:46:44,8.62,0.01,516,444791,中性盘
2432,09:46:41,8.61,--,152,131336,卖盘
2433,09:46:38,8.61,-0.01,1,861,卖盘
2434,09:46:35,8.62,--,348,299976,买盘
2435,09:46:32,8.62,0.01,20,17240,买盘
2436,09:46:23,8.61,-0.01,11,9471,卖盘
2437,09:46:20,8.62,--,157,135334,卖盘
2438,09:46:17,8.62,-0.01,413,356005,卖盘
2439,09:46:14,8.63,--,108,93204,买盘
2440,09:46:08,8.63,--,610,526430,买盘
2441,09:46:05,8.63,--,309,266667,买盘
2442,09:46:02,8.63,--,5,4315,买盘
2443,09:45:59,8.63,--,50,43150,买盘
2444,09:45:56,8.63,-0.01,1713,1478319,卖盘
2445,09:45:53,8.64,--,15,12960,卖盘
2446,09:45:50,8.64,--,450,388800,买盘
2447,09:45:44,8.64,--,34,29376,买盘
2448,09:45:38,8.64,--,10,8640,买盘
2449,09:45:35,8.64,--,50,43200,买盘
2450,09:45:29,8.64,--,67,57888,买盘
2451,09:45:23,8.64,--,78,67392,买盘
2452,09:45:20,8.64,--,358,309312,卖盘
2453,09:45:17,8.64,--,30,25920,卖盘
2454,09:45:11,8.64,--,50,43200,卖盘
2455,09:45:08,8.64,--,30,25920,卖盘
2456,09:45:02,8.64,0.01,269,232416,买盘
2457,09:44:59,8.63,-0.01,16,13808,卖盘
2458,09:44:56,8.64,--,8,6912,买盘
2459,09:44:53,8.64,--,216,186624,买盘
2460,09:44:50,8.64,0.01,10,8640,买盘
2461,09:44:44,8.63,-0.01,56,48328,卖盘
2462,09:44:41,8.64,-0.01,58,50112,卖盘
2463,09:44:35,8.65,--,20,17300,买盘
2464,09:44:29,8.65,0.02,352,304480,买盘
2465,09:44:26,8.63,-0.01,205,176915,卖盘
2466,09:44:20,8.64,-0.01,111,95904,卖盘
2467,09:44:14,8.65,--,5,4325,买盘
2468,09:44:08,8.65,--,18,15570,买盘
2469,09:44:05,8.65,--,166,143590,买盘
2470,09:44:02,8.65,0.01,110,95150,买盘
2471,09:43:59,8.64,--,10,8640,买盘
2472,09:43:56,8.64,--,45,38880,买盘
2473,09:43:53,8.64,0.01,7,6048,中性盘
2474,09:43:50,8.63,-0.01,106,91478,卖盘
2475,09:43:47,8.64,--,16,13824,卖盘
2476,09:43:44,8.64,0.01,80,69120,卖盘
2477,09:43:41,8.63,-0.02,6,5178,卖盘
2478,09:43:38,8.65,0.02,1,865,买盘
2479,09:43:35,8.63,-0.02,36,31068,卖盘
2480,09:43:32,8.65,0.02,8,6920,买盘
2481,09:43:26,8.63,-0.02,55,47465,卖盘
2482,09:43:23,8.65,0.02,93,80445,买盘
2483,09:43:20,8.63,--,60,51780,买盘
2484,09:43:17,8.63,--,1,863,买盘
2485,09:43:11,8.63,--,66,56958,买盘
2486,09:43:08,8.63,-0.01,293,252859,卖盘
2487,09:43:05,8.64,--,180,155520,买盘
2488,09:43:02,8.64,--,44,38016,买盘
2489,09:42:59,8.64,0.01,105,90720,买盘
2490,09:42:56,8.63,-0.01,336,289968,卖盘
2491,09:42:53,8.64,--,195,168480,买盘
2492,09:42:50,8.64,--,42,36288,买盘
2493,09:42:44,8.64,--,202,174528,买盘
2494,09:42:38,8.64,--,21,18144,买盘
2495,09:42:32,8.64,0.01,10,8640,买盘
2496,09:42:29,8.63,--,5,4315,卖盘
2497,09:42:26,8.63,-0.01,147,126861,卖盘
2498,09:42:23,8.64,0.01,53,45792,买盘
2499,09:42:17,8.63,--,17,14671,卖盘
2500,09:42:11,8.63,--,133,114779,卖盘
2501,09:42:08,8.63,-0.01,30,25890,卖盘
2502,09:42:05,8.64,0.01,21,18144,买盘
2503,09:42:05,8.63,-0.01,20,17260,卖盘
2504,09:41:59,8.64,0.01,974,841536,买盘
2505,09:41:53,8.63,--,391,337433,买盘
2506,09:41:47,8.63,--,132,113916,买盘
2507,09:41:44,8.63,--,69,59547,买盘
2508,09:41:41,8.63,-0.01,88,75944,卖盘
2509,09:41:38,8.64,0.01,539,465696,买盘
2510,09:41:32,8.63,--,436,376268,买盘
2511,09:41:29,8.63,--,124,107012,买盘
2512,09:41:26,8.63,0.01,16,13808,买盘
2513,09:41:23,8.62,--,19,16377,卖盘
2514,09:41:20,8.62,--,17,14653,卖盘
2515,09:41:11,8.62,--,240,207707,买盘
2516,09:41:05,8.62,--,50,43099,买盘
2517,09:41:02,8.62,--,58,49995,卖盘
2518,09:40:59,8.62,--,110,94819,卖盘
2519,09:40:56,8.62,-0.01,163,140506,卖盘
2520,09:40:53,8.63,0.01,145,125135,买盘
2521,09:40:50,8.62,--,501,431861,卖盘
2522,09:40:44,8.62,--,8,6895,卖盘
2523,09:40:41,8.62,0.01,74,63787,买盘
2524,09:40:38,8.61,-0.01,46,39606,卖盘
2525,09:40:35,8.62,0.01,10,8620,中性盘
2526,09:40:32,8.61,-0.02,25,21525,卖盘
2527,09:40:29,8.63,0.02,48,41424,买盘
2528,09:40:26,8.61,-0.02,17,14636,卖盘
2529,09:40:23,8.63,-0.01,16,13808,卖盘
2530,09:40:17,8.64,0.03,7,6048,买盘
2531,09:40:14,8.61,-0.02,3108,2675988,卖盘
2532,09:40:11,8.63,-0.01,107,92341,卖盘
2533,09:40:08,8.64,0.01,26,22464,买盘
2534,09:40:02,8.63,-0.01,118,101834,卖盘
2535,09:39:59,8.64,0.01,310,267840,买盘
2536,09:39:56,8.63,--,1000,863000,卖盘
2537,09:39:53,8.63,-0.01,36,31068,卖盘
2538,09:39:50,8.64,--,63,54432,买盘
2539,09:39:47,8.64,--,106,91584,卖盘
2540,09:39:44,8.64,--,99,85536,卖盘
2541,09:39:41,8.64,--,443,382752,卖盘
2542,09:39:38,8.64,-0.01,40,34560,卖盘
2543,09:39:35,8.65,0.01,314,271610,买盘
2544,09:39:29,8.64,--,131,113184,卖盘
2545,09:39:26,8.64,--,80,69120,卖盘
2546,09:39:23,8.64,-0.01,398,343872,卖盘
2547,09:39:20,8.65,--,302,261230,买盘
2548,09:39:17,8.65,--,16,13840,买盘
2549,09:39:14,8.65,--,26,22490,买盘
2550,09:39:08,8.65,--,114,98610,买盘
2551,09:39:05,8.65,--,86,74390,买盘
2552,09:39:02,8.65,--,215,185975,买盘
2553,09:38:56,8.65,-0.01,107,92555,卖盘
2554,09:38:50,8.66,--,5,4330,买盘
2555,09:38:47,8.66,0.01,59,51094,买盘
2556,09:38:44,8.65,-0.01,100,86500,卖盘
2557,09:38:41,8.66,--,120,103920,买盘
2558,09:38:38,8.66,0.01,11,9526,买盘
2559,09:38:35,8.65,--,57,49305,卖盘
2560,09:38:32,8.65,--,10,8650,卖盘
2561,09:38:28,8.65,--,327,282855,卖盘
2562,09:38:19,8.65,-0.01,60,51900,卖盘
2563,09:38:16,8.66,0.01,140,121240,买盘
2564,09:38:13,8.65,--,380,328700,买盘
2565,09:38:10,8.65,--,300,259500,买盘
2566,09:38:07,8.65,-0.01,410,354650,卖盘
2567,09:38:04,8.66,--,181,156746,买盘
2568,09:37:58,8.66,--,146,126436,买盘
2569,09:37:55,8.66,--,111,96126,买盘
2570,09:37:52,8.66,--,15,12990,买盘
2571,09:37:46,8.66,0.01,220,190520,买盘
2572,09:37:43,8.65,-0.01,1020,882300,卖盘
2573,09:37:40,8.66,-0.01,710,614860,卖盘
2574,09:37:37,8.67,--,140,121380,买盘
2575,09:37:34,8.67,0.01,138,119646,卖盘
2576,09:37:31,8.66,-0.02,10,8660,卖盘
2577,09:37:28,8.68,0.01,78,67704,买盘
2578,09:37:25,8.67,--,172,149124,买盘
2579,09:37:19,8.67,0.01,11,9537,买盘
2580,09:37:16,8.66,-0.01,179,155014,卖盘
2581,09:37:13,8.67,--,67,58089,买盘
2582,09:37:10,8.67,0.01,86,74562,买盘
2583,09:37:01,8.66,-0.01,292,252872,卖盘
2584,09:36:58,8.67,-0.01,9,7803,卖盘
2585,09:36:55,8.68,--,2,1736,买盘
2586,09:36:52,8.68,0.03,1031,894908,买盘
2587,09:36:49,8.65,-0.01,346,299290,卖盘
2588,09:36:46,8.66,--,123,106518,买盘
2589,09:36:40,8.66,--,920,796720,买盘
2590,09:36:37,8.66,--,93,80538,买盘
2591,09:36:31,8.66,-0.01,763,660758,卖盘
2592,09:36:25,8.67,--,184,159528,买盘
2593,09:36:19,8.67,--,50,43350,买盘
2594,09:36:16,8.67,-0.01,677,586959,卖盘
2595,09:36:13,8.68,--,49,42532,买盘
2596,09:36:10,8.68,--,49,42532,买盘
2597,09:36:04,8.68,0.01,100,86800,买盘
2598,09:36:01,8.67,-0.01,57,49419,卖盘
2599,09:35:58,8.68,0.01,18,15624,买盘
2600,09:35:55,8.67,--,27,23409,卖盘
2601,09:35:52,8.67,--,90,78030,买盘
2602,09:35:49,8.67,--,2,1734,买盘
2603,09:35:46,8.67,--,10,8670,买盘
2604,09:35:43,8.67,--,37,32079,买盘
2605,09:35:40,8.67,0.01,88,76296,买盘
2606,09:35:37,8.66,--,25,21650,买盘
2607,09:35:31,8.66,--,133,115178,买盘
2608,09:35:25,8.66,--,356,308296,买盘
2609,09:35:22,8.66,-0.02,1478,1279948,卖盘
2610,09:35:19,8.68,0.01,18,15624,买盘
2611,09:35:13,8.67,--,130,112710,卖盘
2612,09:35:10,8.67,-0.01,8,6936,卖盘
2613,09:35:07,8.68,0.01,157,136276,买盘
2614,09:35:04,8.67,--,264,228888,买盘
2615,09:35:01,8.67,0.01,65,56355,买盘
2616,09:34:58,8.66,--,250,216500,卖盘
2617,09:34:55,8.66,--,51,44166,卖盘
2618,09:34:52,8.66,--,32,27712,买盘
2619,09:34:49,8.66,-0.01,112,96992,买盘
2620,09:34:46,8.67,0.01,321,278307,买盘
2621,09:34:43,8.66,--,142,122972,买盘
2622,09:34:40,8.66,0.01,522,452052,买盘
2623,09:34:37,8.65,-0.02,593,512945,卖盘
2624,09:34:34,8.67,0.01,59,51153,买盘
2625,09:34:31,8.66,--,350,303100,卖盘
2626,09:34:25,8.66,-0.01,4,3464,卖盘
2627,09:34:22,8.67,--,334,289578,卖盘
2628,09:34:19,8.67,-0.01,76,65892,中性盘
2629,09:34:16,8.68,0.01,52,45136,买盘
2630,09:34:13,8.67,0.01,214,185538,买盘
2631,09:34:10,8.66,-0.01,408,353328,卖盘
2632,09:34:07,8.67,--,15,13005,卖盘
2633,09:34:04,8.67,-0.01,97,84099,买盘
2634,09:33:55,8.68,0.01,300,260400,买盘
2635,09:33:52,8.67,--,193,167331,买盘
2636,09:33:49,8.67,--,106,91902,买盘
2637,09:33:46,8.67,--,190,164730,买盘
2638,09:33:43,8.67,-0.01,488,423096,卖盘
2639,09:33:40,8.68,--,46,39928,买盘
2640,09:33:37,8.68,--,524,454832,买盘
2641,09:33:34,8.68,--,122,105896,买盘
2642,09:33:31,8.68,--,114,98952,买盘
2643,09:33:28,8.68,--,165,143220,卖盘
2644,09:33:25,8.68,0.01,36,31248,买盘
2645,09:33:22,8.67,-0.01,732,634644,卖盘
2646,09:33:16,8.68,--,18,15624,买盘
2647,09:33:07,8.68,0.01,71,61628,买盘
2648,09:32:58,8.67,0.01,95,82365,买盘
2649,09:32:52,8.66,--,100,86600,买盘
2650,09:32:49,8.66,--,29,25114,买盘
2651,09:32:46,8.66,--,14,12124,买盘
2652,09:32:43,8.66,0.02,567,491022,买盘
2653,09:32:37,8.64,-0.01,69,59616,卖盘
2654,09:32:34,8.65,--,140,121100,买盘
2655,09:32:31,8.65,0.01,1,865,买盘
2656,09:32:28,8.64,-0.01,30,25920,卖盘
2657,09:32:25,8.65,0.01,22,19030,买盘
2658,09:32:22,8.64,--,30,25920,卖盘
2659,09:32:19,8.64,--,126,108864,买盘
2660,09:32:16,8.64,--,783,676512,买盘
2661,09:32:10,8.64,--,180,155520,买盘
2662,09:32:07,8.64,--,39,33696,买盘
2663,09:32:04,8.64,-0.01,77,66528,中性盘
2664,09:32:01,8.65,0.02,5,4325,买盘
2665,09:31:58,8.63,-0.02,674,581662,卖盘
2666,09:31:55,8.65,0.01,33,28545,买盘
2667,09:31:52,8.64,--,240,207360,买盘
2668,09:31:49,8.64,0.01,60,51840,买盘
2669,09:31:46,8.63,0.01,112,96656,买盘
2670,09:31:43,8.62,--,129,111197,买盘
2671,09:31:40,8.62,0.01,30,25859,买盘
2672,09:31:37,8.61,--,85,73185,卖盘
2673,09:31:31,8.61,--,480,413744,买盘
2674,09:31:28,8.61,--,403,346983,买盘
2675,09:31:25,8.61,0.01,342,294462,买盘
2676,09:31:22,8.6,--,104,89440,卖盘
2677,09:31:19,8.6,--,90,77400,卖盘
2678,09:31:13,8.6,--,550,473000,买盘
2679,09:31:10,8.6,--,632,543520,买盘
2680,09:31:07,8.6,--,8,6880,买盘
2681,09:31:04,8.6,--,252,216720,买盘
2682,09:30:58,8.6,--,223,191780,卖盘
2683,09:30:55,8.6,-0.01,3,2580,卖盘
2684,09:30:52,8.61,0.01,226,194586,买盘
2685,09:30:49,8.6,--,95,81700,买盘
2686,09:30:46,8.6,--,202,173720,买盘
2687,09:30:43,8.6,--,23,19780,买盘
2688,09:30:40,8.6,--,83,71380,买盘
2689,09:30:37,8.6,--,718,617875,卖盘
2690,09:30:34,8.6,--,22,18920,卖盘
2691,09:30:31,8.6,0.03,3259,2803204,买盘
2692,09:30:25,8.57,-0.01,235,201395,卖盘
2693,09:30:22,8.58,0.01,65,55770,买盘
2694,09:30:19,8.57,-0.01,51,43707,卖盘
2695,09:30:07,8.58,--,1502,1288716,买盘
2696,09:30:04,8.58,-0.05,3830,3286140,卖盘
2697,09:26:01,8.63,--,0,0,买盘
2698,09:25:04,8.63,8.63,4704,4059552,买盘
