,time,price,change,volume,amount,type
0,15:00:00,5.24,--,0,0,买盘
1,15:00:00,5.24,--,0,0,买盘
2,14:59:58,5.24,--,84,44016,买盘
3,14:59:53,5.24,--,20,10480,买盘
4,14:59:43,5.24,--,587,307588,买盘
5,14:59:38,5.24,--,2,1048,买盘
6,14:59:28,5.24,--,50,26200,买盘
7,14:59:23,5.24,-0.01,167,87508,买盘
8,14:59:18,5.25,--,0,0,买盘
9,14:59:13,5.25,0.01,413,216825,买盘
10,14:59:03,5.24,0.01,10,5240,买盘
11,14:58:53,5.23,-0.01,1,523,卖盘
12,14:58:43,5.24,-0.01,40,20960,卖盘
13,14:58:38,5.25,0.01,2,1050,买盘
14,14:58:33,5.24,-0.01,616,322784,卖盘
15,14:58:28,5.25,--,33,17325,买盘
16,14:58:23,5.25,--,82,43050,买盘
17,14:58:18,5.25,--,181,95025,买盘
18,14:58:13,5.25,--,1,525,买盘
19,14:57:53,5.25,0.01,109,57225,买盘
20,14:57:43,5.24,--,63,33012,卖盘
21,14:57:38,5.24,--,16,8384,卖盘
22,14:57:33,5.24,--,125,65500,卖盘
23,14:57:28,5.24,-0.01,95,49780,中性盘
24,14:57:23,5.25,0.01,52,27300,买盘
25,14:57:18,5.24,--,2,1048,买盘
26,14:57:08,5.24,-0.01,8,4192,卖盘
27,14:57:03,5.25,0.01,34,17850,买盘
28,14:56:53,5.24,0.01,33,17292,中性盘
29,14:56:43,5.23,-0.02,486,254178,卖盘
30,14:56:38,5.25,0.01,27,14175,买盘
31,14:56:28,5.24,0.01,30,15720,中性盘
32,14:56:22,5.23,-0.01,98,51254,卖盘
33,14:56:18,5.24,--,30,15720,买盘
34,14:56:13,5.24,0.01,81,42444,买盘
35,14:56:07,5.23,-0.01,46,24058,卖盘
36,14:55:58,5.24,-0.01,48,25152,买盘
37,14:55:52,5.25,--,0,0,买盘
38,14:55:48,5.25,0.02,38,19950,买盘
39,14:55:43,5.23,-0.01,45,23535,卖盘
40,14:55:37,5.24,--,16,8384,买盘
41,14:55:33,5.24,--,20,10480,买盘
42,14:55:27,5.24,0.01,206,107944,买盘
43,14:55:22,5.23,--,93,48639,卖盘
44,14:55:07,5.23,--,146,76358,卖盘
45,14:55:02,5.23,-0.01,1,523,卖盘
46,14:54:52,5.24,0.01,3,1572,买盘
47,14:54:47,5.23,-0.01,45,23535,卖盘
48,14:54:37,5.24,0.01,73,38252,买盘
49,14:54:32,5.23,--,19,9937,卖盘
50,14:54:27,5.23,--,185,96864,卖盘
51,14:54:22,5.23,-0.01,45,23535,卖盘
52,14:54:17,5.24,0.01,355,186020,买盘
53,14:54:12,5.23,-0.01,100,52300,卖盘
54,14:54:07,5.24,--,145,75980,买盘
55,14:53:52,5.24,0.01,102,53448,买盘
56,14:53:47,5.23,-0.01,45,23535,卖盘
57,14:53:42,5.24,--,10,5240,买盘
58,14:53:37,5.24,0.01,335,175540,买盘
59,14:53:32,5.23,--,136,71128,卖盘
60,14:53:22,5.23,-0.01,402,210246,卖盘
61,14:53:17,5.24,0.01,934,489416,买盘
62,14:53:07,5.23,-0.01,115,60145,卖盘
63,14:53:02,5.24,--,577,302348,买盘
64,14:52:57,5.24,--,213,111612,买盘
65,14:52:52,5.24,0.01,117,61308,买盘
66,14:52:47,5.23,--,45,23535,卖盘
67,14:52:42,5.23,-0.01,59,30857,卖盘
68,14:52:37,5.24,--,19,9956,买盘
69,14:52:32,5.24,0.01,16,8384,买盘
70,14:52:22,5.23,--,88,46024,卖盘
71,14:52:07,5.23,-0.01,45,23535,卖盘
72,14:52:02,5.24,--,30,15720,买盘
73,14:51:57,5.24,0.01,11,5764,买盘
74,14:51:52,5.23,-0.01,3,1569,卖盘
75,14:51:47,5.24,--,256,134144,买盘
76,14:51:37,5.24,0.01,53,27772,买盘
77,14:51:32,5.23,--,506,264638,卖盘
78,14:51:27,5.23,-0.01,172,89956,卖盘
79,14:51:22,5.24,--,35,18340,买盘
80,14:51:12,5.24,--,3,1572,买盘
81,14:51:07,5.24,--,119,62356,买盘
82,14:51:02,5.24,--,53,27772,买盘
83,14:50:52,5.24,--,38,19912,买盘
84,14:50:47,5.24,--,97,50828,买盘
85,14:50:42,5.24,--,31,16244,买盘
86,14:50:37,5.24,0.01,245,128851,买盘
87,14:50:32,5.23,--,140,73220,卖盘
88,14:50:27,5.23,--,172,89956,卖盘
89,14:50:22,5.23,-0.01,283,148009,卖盘
90,14:50:17,5.24,--,248,129952,买盘
91,14:50:07,5.24,--,18,9432,买盘
92,14:50:01,5.24,--,6,3144,买盘
93,14:49:52,5.24,--,19,9956,买盘
94,14:49:46,5.24,--,38,19912,买盘
95,14:49:37,5.24,--,32,16768,买盘
96,14:49:31,5.24,0.01,72,37728,买盘
97,14:49:27,5.23,-0.01,172,89956,卖盘
98,14:49:22,5.24,0.01,25,13100,买盘
99,14:49:07,5.23,-0.01,104,54392,卖盘
100,14:49:01,5.24,--,10,5240,买盘
101,14:48:52,5.24,--,50,26200,买盘
102,14:48:46,5.24,0.01,38,19912,买盘
103,14:48:37,5.23,--,91,47593,卖盘
104,14:48:31,5.23,--,175,91525,卖盘
105,14:48:16,5.23,--,7,3661,卖盘
106,14:48:07,5.23,-0.01,94,49162,卖盘
107,14:47:52,5.24,--,438,229512,买盘
108,14:47:46,5.24,0.01,124,64976,买盘
109,14:47:37,5.23,--,174,91002,卖盘
110,14:47:31,5.23,-0.01,46,24058,卖盘
111,14:47:26,5.24,--,297,155628,买盘
112,14:47:11,5.24,0.01,124,64976,买盘
113,14:47:06,5.23,--,121,63283,卖盘
114,14:47:01,5.23,-0.01,31,16213,卖盘
115,14:46:41,5.24,0.01,69,36156,买盘
116,14:46:36,5.23,-0.01,131,68513,卖盘
117,14:46:31,5.24,0.01,8,4192,买盘
118,14:46:26,5.23,--,175,91525,卖盘
119,14:46:21,5.23,-0.01,100,52300,卖盘
120,14:46:11,5.24,0.01,10,5240,买盘
121,14:46:06,5.23,-0.01,91,47593,卖盘
122,14:45:56,5.24,--,25,13100,买盘
123,14:45:46,5.24,0.01,103,53972,买盘
124,14:45:36,5.23,--,90,47070,卖盘
125,14:45:26,5.23,-0.01,172,89956,卖盘
126,14:45:21,5.24,0.01,15,7860,买盘
127,14:45:11,5.23,--,3,1569,卖盘
128,14:45:06,5.23,-0.01,91,47593,卖盘
129,14:45:01,5.24,--,84,44016,买盘
130,14:44:51,5.24,0.01,39,20436,买盘
131,14:44:36,5.23,--,91,47593,卖盘
132,14:44:31,5.23,-0.01,172,89956,卖盘
133,14:44:26,5.24,--,1,524,买盘
134,14:44:21,5.24,--,17,8908,买盘
135,14:44:11,5.24,0.01,70,36680,买盘
136,14:44:06,5.23,--,91,47593,卖盘
137,14:43:51,5.23,-0.01,42,22122,卖盘
138,14:43:46,5.24,--,17,8908,买盘
139,14:43:41,5.24,0.01,154,80696,买盘
140,14:43:36,5.23,-0.01,96,50208,卖盘
141,14:43:31,5.24,--,450,235800,买盘
142,14:43:21,5.24,--,17,8908,买盘
143,14:43:16,5.24,0.01,45,23580,买盘
144,14:43:06,5.23,-0.01,91,47593,卖盘
145,14:42:55,5.24,--,16,8384,买盘
146,14:42:51,5.24,-0.01,11,5764,卖盘
147,14:42:46,5.25,0.01,17,8925,买盘
148,14:42:36,5.24,-0.01,103,53972,卖盘
149,14:42:31,5.25,0.01,1,525,买盘
150,14:42:25,5.24,-0.01,186,97464,卖盘
151,14:42:16,5.25,0.01,20,10500,买盘
152,14:42:06,5.24,--,121,63404,卖盘
153,14:41:55,5.24,-0.01,10,5240,卖盘
154,14:41:46,5.25,0.01,17,8925,买盘
155,14:41:36,5.24,0.01,110,57640,买盘
156,14:41:31,5.23,-0.02,8,4184,卖盘
157,14:41:21,5.25,--,0,0,买盘
158,14:41:16,5.25,0.01,17,8925,买盘
159,14:41:10,5.24,--,3,1572,中性盘
160,14:41:06,5.24,--,94,49256,买盘
161,14:40:46,5.24,0.01,18,9432,买盘
162,14:40:35,5.23,-0.02,91,47593,卖盘
163,14:40:20,5.25,0.02,36,18900,买盘
164,14:40:05,5.23,-0.01,90,47070,卖盘
165,14:40:00,5.24,--,247,129428,买盘
166,14:39:40,5.24,0.01,50,26200,买盘
167,14:39:35,5.23,-0.01,91,47593,卖盘
168,14:39:30,5.24,--,10,5240,买盘
169,14:39:25,5.24,0.01,44,23056,买盘
170,14:39:10,5.23,--,20,10460,卖盘
171,14:39:05,5.23,--,91,47593,卖盘
172,14:38:55,5.23,-0.01,44,23012,卖盘
173,14:38:40,5.24,0.01,18,9432,买盘
174,14:38:35,5.23,--,197,103031,卖盘
175,14:38:25,5.23,-0.01,32,16736,卖盘
176,14:38:05,5.24,--,99,51876,买盘
177,14:37:55,5.24,--,20,10480,买盘
178,14:37:40,5.24,0.01,10,5240,买盘
179,14:37:35,5.23,-0.01,92,48116,卖盘
180,14:37:25,5.24,--,26,13624,买盘
181,14:37:10,5.24,0.01,20,10480,买盘
182,14:37:05,5.23,--,91,47593,卖盘
183,14:37:00,5.23,-0.01,600,313800,卖盘
184,14:36:40,5.24,--,19,9956,卖盘
185,14:36:34,5.24,--,105,55020,卖盘
186,14:36:25,5.24,-0.01,236,123664,卖盘
187,14:36:19,5.25,0.01,502,263550,买盘
188,14:36:10,5.24,--,50,26200,卖盘
189,14:36:04,5.24,--,91,47684,卖盘
190,14:36:00,5.24,--,20,10480,卖盘
191,14:35:55,5.24,--,84,44016,卖盘
192,14:35:34,5.24,--,91,47684,卖盘
193,14:35:25,5.24,--,59,30916,卖盘
194,14:35:10,5.24,--,18,9432,卖盘
195,14:35:04,5.24,-0.01,91,47684,卖盘
196,14:34:55,5.25,0.01,56,29400,买盘
197,14:34:34,5.24,--,91,47684,卖盘
198,14:34:25,5.24,-0.01,10,5240,卖盘
199,14:34:10,5.25,0.01,3,1575,买盘
200,14:34:04,5.24,--,101,52924,卖盘
201,14:34:00,5.24,-0.01,1,524,卖盘
202,14:33:34,5.25,0.01,148,77700,买盘
203,14:33:30,5.24,--,30,15720,卖盘
204,14:33:25,5.24,--,20,10480,买盘
205,14:33:19,5.24,--,32,16768,卖盘
206,14:33:14,5.24,--,9,4716,买盘
207,14:33:10,5.24,--,36,18864,卖盘
208,14:33:04,5.24,--,118,61832,买盘
209,14:32:49,5.24,-0.01,1,524,买盘
210,14:32:39,5.25,--,0,0,买盘
211,14:32:34,5.25,0.01,463,243075,买盘
212,14:32:19,5.24,--,4,2096,买盘
213,14:32:14,5.24,--,41,21484,买盘
214,14:32:09,5.24,--,55,28820,买盘
215,14:32:04,5.24,--,136,71264,买盘
216,14:31:59,5.24,--,56,29344,买盘
217,14:31:54,5.24,--,86,45064,卖盘
218,14:31:49,5.24,-0.01,4,2096,卖盘
219,14:31:44,5.25,--,115,60375,买盘
220,14:31:34,5.25,--,140,73500,买盘
221,14:31:14,5.25,0.01,124,65100,买盘
222,14:31:09,5.24,0.01,2,1048,卖盘
223,14:31:04,5.23,-0.01,91,47593,卖盘
224,14:30:59,5.24,--,904,473696,买盘
225,14:30:54,5.24,--,132,69168,买盘
226,14:30:49,5.24,--,20,10480,买盘
227,14:30:44,5.24,0.01,152,79648,买盘
228,14:30:39,5.23,-0.01,66,34518,卖盘
229,14:30:34,5.24,--,241,126284,买盘
230,14:30:29,5.24,--,8,4192,买盘
231,14:30:24,5.24,--,41,21484,买盘
232,14:30:19,5.24,--,326,170824,买盘
233,14:30:14,5.24,--,2598,1361352,买盘
234,14:30:09,5.24,--,8,4192,买盘
235,14:30:04,5.24,0.01,117,61308,买盘
236,14:29:59,5.23,-0.01,106,55438,卖盘
237,14:29:54,5.24,--,32,16768,买盘
238,14:29:49,5.24,0.01,10,5240,买盘
239,14:29:43,5.23,-0.01,60,31380,卖盘
240,14:29:34,5.24,--,117,61308,买盘
241,14:29:24,5.24,--,5,2620,买盘
242,14:29:04,5.24,0.01,417,218508,买盘
243,14:28:58,5.23,--,3,1569,卖盘
244,14:28:54,5.23,-0.01,4,2092,卖盘
245,14:28:49,5.24,--,10,5240,买盘
246,14:28:34,5.24,--,166,86984,买盘
247,14:28:28,5.24,0.01,28,14672,买盘
248,14:28:09,5.23,-0.01,151,78973,卖盘
249,14:28:03,5.24,--,26,13624,买盘
250,14:27:48,5.24,0.01,134,70216,买盘
251,14:27:39,5.23,-0.01,91,47593,卖盘
252,14:27:34,5.24,--,26,13624,买盘
253,14:27:24,5.24,0.01,30,15720,买盘
254,14:27:09,5.23,-0.01,93,48639,卖盘
255,14:27:03,5.24,--,27,14148,买盘
256,14:26:43,5.24,0.01,124,64976,买盘
257,14:26:39,5.23,-0.01,91,47593,卖盘
258,14:26:33,5.24,0.01,26,13624,买盘
259,14:26:28,5.23,--,3,1569,卖盘
260,14:26:24,5.23,--,11,5753,卖盘
261,14:26:09,5.23,-0.01,125,65375,卖盘
262,14:26:03,5.24,--,26,13624,买盘
263,14:25:58,5.24,--,53,27772,买盘
264,14:25:54,5.24,--,124,64976,买盘
265,14:25:49,5.24,--,200,104800,买盘
266,14:25:43,5.24,0.01,70,36680,买盘
267,14:25:38,5.23,-0.01,91,47593,卖盘
268,14:25:33,5.24,0.01,26,13624,买盘
269,14:25:28,5.23,-0.01,72,37656,卖盘
270,14:25:24,5.24,0.01,5,2620,买盘
271,14:25:13,5.23,--,118,61714,卖盘
272,14:25:08,5.23,-0.01,91,47593,卖盘
273,14:25:03,5.24,--,26,13624,买盘
274,14:24:58,5.24,--,2,1048,买盘
275,14:24:53,5.24,0.01,73,38252,买盘
276,14:24:48,5.23,--,58,30334,卖盘
277,14:24:38,5.23,-0.01,91,47593,卖盘
278,14:24:33,5.24,0.01,61,31964,买盘
279,14:24:28,5.23,-0.01,35,18305,卖盘
280,14:24:23,5.24,0.01,103,53972,买盘
281,14:24:08,5.23,-0.01,120,62760,卖盘
282,14:23:58,5.24,--,47,24628,买盘
283,14:23:48,5.24,0.01,40,20960,买盘
284,14:23:43,5.23,--,176,92048,卖盘
285,14:23:38,5.23,--,117,61191,卖盘
286,14:23:23,5.23,--,6,3138,卖盘
287,14:23:18,5.23,--,1,523,卖盘
288,14:23:08,5.23,--,232,121336,卖盘
289,14:22:58,5.23,--,132,69036,卖盘
290,14:22:43,5.23,--,186,97278,卖盘
291,14:22:38,5.23,--,270,141210,卖盘
292,14:22:23,5.23,--,117,61191,卖盘
293,14:22:13,5.23,--,117,61191,卖盘
294,14:22:07,5.23,--,117,61191,卖盘
295,14:22:03,5.23,--,119,62237,卖盘
296,14:21:58,5.23,-0.01,82,42886,卖盘
297,14:21:52,5.24,0.01,163,85412,买盘
298,14:21:48,5.23,--,50,26150,卖盘
299,14:21:43,5.23,--,19,9937,卖盘
300,14:21:37,5.23,--,227,118721,卖盘
301,14:21:27,5.23,--,121,63283,卖盘
302,14:21:22,5.23,--,23,12029,卖盘
303,14:21:18,5.23,--,121,63283,卖盘
304,14:21:07,5.23,--,240,125520,卖盘
305,14:20:57,5.23,--,123,64329,卖盘
306,14:20:42,5.23,-0.01,122,63806,卖盘
307,14:20:37,5.24,0.01,120,62880,买盘
308,14:20:32,5.23,--,125,65375,卖盘
309,14:20:22,5.23,-0.01,122,63806,卖盘
310,14:20:12,5.24,0.01,195,102180,买盘
311,14:20:07,5.23,--,201,105123,卖盘
312,14:19:57,5.23,-0.01,205,107215,卖盘
313,14:19:52,5.24,0.01,140,73360,买盘
314,14:19:42,5.23,--,122,63806,卖盘
315,14:19:37,5.23,-0.01,253,132319,卖盘
316,14:19:33,5.24,0.01,3,1572,买盘
317,14:19:27,5.23,-0.01,125,65375,卖盘
318,14:19:22,5.24,0.01,79,41396,买盘
319,14:19:18,5.23,--,100,52300,卖盘
320,14:19:12,5.23,--,20,10460,卖盘
321,14:19:07,5.23,-0.01,252,131796,卖盘
322,14:18:57,5.24,0.01,127,66548,买盘
323,14:18:52,5.23,--,27,14121,卖盘
324,14:18:48,5.23,--,30,15690,卖盘
325,14:18:42,5.23,--,124,64852,卖盘
326,14:18:37,5.23,--,141,73743,卖盘
327,14:18:33,5.23,--,126,65898,卖盘
328,14:18:27,5.23,--,3,1569,卖盘
329,14:18:22,5.23,-0.01,264,138072,卖盘
330,14:18:12,5.24,0.01,127,66548,买盘
331,14:18:07,5.23,0.01,137,71943,买盘
332,14:18:03,5.22,--,13,6786,卖盘
333,14:17:57,5.22,-0.01,215,112230,卖盘
334,14:17:52,5.23,--,30,15690,卖盘
335,14:17:47,5.23,-0.01,100,52300,卖盘
336,14:17:42,5.24,0.01,1,524,买盘
337,14:17:37,5.23,-0.01,1777,929371,卖盘
338,14:17:27,5.24,0.01,129,67596,买盘
339,14:17:22,5.23,--,20,10460,卖盘
340,14:17:17,5.23,--,100,52300,卖盘
341,14:17:12,5.23,--,68,35564,卖盘
342,14:17:07,5.23,--,625,326875,卖盘
343,14:16:52,5.23,--,130,67990,卖盘
344,14:16:42,5.23,--,126,65898,卖盘
345,14:16:37,5.23,--,123,64329,卖盘
346,14:16:32,5.23,--,130,67990,卖盘
347,14:16:27,5.23,--,17,8891,卖盘
348,14:16:22,5.23,--,127,66421,卖盘
349,14:16:12,5.23,--,151,78973,卖盘
350,14:16:07,5.23,--,91,47593,卖盘
351,14:16:02,5.23,--,210,109830,卖盘
352,14:15:57,5.23,-0.01,126,65898,卖盘
353,14:15:52,5.24,0.01,18,9432,买盘
354,14:15:47,5.23,--,137,71651,卖盘
355,14:15:37,5.23,--,226,118198,卖盘
356,14:15:32,5.23,--,112,58576,卖盘
357,14:15:27,5.23,--,132,69036,卖盘
358,14:15:22,5.23,--,100,52300,卖盘
359,14:15:17,5.23,--,128,66944,卖盘
360,14:15:11,5.23,--,107,55961,卖盘
361,14:15:07,5.23,-0.01,232,121336,卖盘
362,14:15:02,5.24,--,21,11004,买盘
363,14:14:56,5.24,0.01,53,27772,买盘
364,14:14:52,5.23,--,130,67990,卖盘
365,14:14:41,5.23,--,131,68513,卖盘
366,14:14:37,5.23,--,96,50208,卖盘
367,14:14:31,5.23,--,128,66944,卖盘
368,14:14:22,5.23,--,129,67467,卖盘
369,14:14:07,5.23,--,345,180435,卖盘
370,14:14:01,5.23,--,27,14121,卖盘
371,14:13:56,5.23,--,100,52300,卖盘
372,14:13:52,5.23,-0.01,10,5230,卖盘
373,14:13:46,5.24,0.01,148,77552,买盘
374,14:13:42,5.23,--,3,1569,卖盘
375,14:13:36,5.23,--,220,115060,卖盘
376,14:13:31,5.23,--,100,52300,卖盘
377,14:13:27,5.23,--,30,15690,卖盘
378,14:13:21,5.23,--,143,74789,卖盘
379,14:13:16,5.23,--,145,75835,卖盘
380,14:13:06,5.23,--,101,52823,卖盘
381,14:13:01,5.23,--,172,89956,卖盘
382,14:12:51,5.23,--,132,69036,卖盘
383,14:12:46,5.23,--,3,1569,卖盘
384,14:12:41,5.23,--,229,119767,卖盘
385,14:12:36,5.23,--,91,47593,卖盘
386,14:12:31,5.23,-0.01,132,69036,卖盘
387,14:12:26,5.24,0.01,6,3144,买盘
388,14:12:16,5.23,--,130,67990,卖盘
389,14:12:06,5.23,--,225,117675,卖盘
390,14:12:01,5.23,--,29,15167,卖盘
391,14:11:56,5.23,--,100,52300,卖盘
392,14:11:51,5.23,-0.01,80,41840,卖盘
393,14:11:46,5.24,0.01,178,93272,买盘
394,14:11:36,5.23,--,234,122382,卖盘
395,14:11:21,5.23,-0.01,128,66944,卖盘
396,14:11:16,5.24,0.01,105,55020,买盘
397,14:11:11,5.23,--,529,276667,卖盘
398,14:11:06,5.23,-0.01,194,101462,卖盘
399,14:11:01,5.24,0.01,35,18340,买盘
400,14:10:51,5.23,--,135,70605,卖盘
401,14:10:46,5.23,--,33,17259,卖盘
402,14:10:41,5.23,--,100,52300,卖盘
403,14:10:36,5.23,--,101,52823,卖盘
404,14:10:31,5.23,--,131,68513,卖盘
405,14:10:21,5.23,--,100,52300,卖盘
406,14:10:16,5.23,--,30,15690,卖盘
407,14:10:06,5.23,-0.01,221,115583,卖盘
408,14:10:01,5.24,0.01,32,16768,买盘
409,14:09:56,5.23,--,182,95186,卖盘
410,14:09:51,5.23,--,3,1569,卖盘
411,14:09:46,5.23,--,666,348318,卖盘
412,14:09:41,5.23,-0.01,10,5230,卖盘
413,14:09:36,5.24,0.01,101,52924,买盘
414,14:09:31,5.23,--,130,67990,卖盘
415,14:09:21,5.23,--,134,70082,卖盘
416,14:09:16,5.23,--,65,33995,卖盘
417,14:09:11,5.23,--,100,52300,卖盘
418,14:09:06,5.23,--,91,47593,卖盘
419,14:09:01,5.23,--,145,75835,卖盘
420,14:08:51,5.23,--,148,77822,卖盘
421,14:08:41,5.23,--,31,16213,卖盘
422,14:08:36,5.23,--,436,228028,卖盘
423,14:08:31,5.23,--,102,53346,卖盘
424,14:08:26,5.23,--,30,15690,卖盘
425,14:08:21,5.23,--,32,16736,卖盘
426,14:08:16,5.23,--,103,53869,卖盘
427,14:08:11,5.23,--,4,2092,卖盘
428,14:08:06,5.23,-0.01,225,117675,卖盘
429,14:07:56,5.24,0.01,69,36156,买盘
430,14:07:51,5.23,--,129,67676,卖盘
431,14:07:46,5.23,--,135,70605,卖盘
432,14:07:36,5.23,--,291,152193,卖盘
433,14:07:31,5.23,--,37,19351,卖盘
434,14:07:21,5.23,--,756,395388,卖盘
435,14:07:11,5.23,--,135,70605,卖盘
436,14:07:06,5.23,-0.01,360,188280,卖盘
437,14:07:01,5.24,0.01,212,111088,买盘
438,14:06:50,5.23,--,29,15376,卖盘
439,14:06:46,5.23,--,139,72853,卖盘
440,14:06:40,5.23,--,220,115060,卖盘
441,14:06:36,5.23,--,226,118198,卖盘
442,14:06:31,5.23,--,8,4184,卖盘
443,14:06:25,5.23,-0.01,228,119244,卖盘
444,14:06:16,5.24,0.01,538,281912,买盘
445,14:06:10,5.23,--,91,47593,卖盘
446,14:06:05,5.23,--,110,57530,卖盘
447,14:06:01,5.23,--,159,83157,卖盘
448,14:05:55,5.23,-0.01,176,92048,卖盘
449,14:05:50,5.24,--,173,90861,买盘
450,14:05:46,5.24,--,164,85936,买盘
451,14:05:40,5.24,--,1959,1026516,买盘
452,14:05:35,5.24,--,124,64976,买盘
453,14:05:31,5.24,--,448,234752,买盘
454,14:05:25,5.24,--,134,70216,买盘
455,14:05:15,5.24,0.01,75,39300,买盘
456,14:05:10,5.23,-0.01,234,122382,卖盘
457,14:05:00,5.24,0.01,167,87508,买盘
458,14:04:50,5.23,--,144,75531,卖盘
459,14:04:45,5.23,--,2204,1153204,卖盘
460,14:04:40,5.23,--,838,438274,卖盘
461,14:04:30,5.23,--,147,76881,卖盘
462,14:04:25,5.23,--,60,31380,卖盘
463,14:04:15,5.23,--,335,175205,卖盘
464,14:04:10,5.23,--,347,181481,卖盘
465,14:04:05,5.23,--,132,69036,卖盘
466,14:03:55,5.23,--,130,67990,卖盘
467,14:03:50,5.23,-0.01,60,31380,卖盘
468,14:03:45,5.24,0.01,253,132781,买盘
469,14:03:40,5.23,--,121,63283,卖盘
470,14:03:35,5.23,--,148,77404,卖盘
471,14:03:25,5.23,--,140,73220,卖盘
472,14:03:10,5.23,--,904,472792,卖盘
473,14:03:00,5.23,--,225,117675,卖盘
474,14:02:55,5.23,--,19,9937,卖盘
475,14:02:50,5.23,-0.01,254,132842,卖盘
476,14:02:45,5.24,0.01,208,109201,买盘
477,14:02:40,5.23,-0.01,224,117152,卖盘
478,14:02:30,5.24,0.01,6,3144,买盘
479,14:02:25,5.23,--,156,81588,卖盘
480,14:02:15,5.23,--,908,474884,卖盘
481,14:02:10,5.23,--,99,51777,卖盘
482,14:02:05,5.23,--,138,72174,卖盘
483,14:01:55,5.23,-0.01,146,76358,卖盘
484,14:01:50,5.24,--,144,75456,买盘
485,14:01:45,5.24,--,189,99245,买盘
486,14:01:40,5.24,--,93,48732,买盘
487,14:01:30,5.24,--,196,102704,买盘
488,14:01:20,5.24,--,285,149340,买盘
489,14:01:10,5.24,--,243,127332,买盘
490,14:01:00,5.24,0.01,14,7336,买盘
491,14:00:55,5.23,-0.01,3,1569,卖盘
492,14:00:50,5.24,0.01,57,29868,买盘
493,14:00:45,5.23,--,29,15376,卖盘
494,14:00:40,5.23,-0.01,96,50208,卖盘
495,14:00:30,5.24,--,96,50304,买盘
496,14:00:25,5.24,0.01,791,414484,买盘
497,14:00:10,5.23,-0.01,91,47593,卖盘
498,14:00:00,5.24,--,100,52400,买盘
499,13:59:55,5.24,--,7,3668,买盘
500,13:59:45,5.24,0.01,62,32488,买盘
501,13:59:40,5.23,--,304,159201,卖盘
502,13:59:34,5.23,-0.01,7,3661,卖盘
503,13:59:30,5.24,0.01,116,60784,买盘
504,13:59:25,5.23,-0.01,197,103031,卖盘
505,13:59:10,5.24,0.01,131,68644,买盘
506,13:59:04,5.23,-0.01,407,212861,卖盘
507,13:58:59,5.24,--,100,52400,买盘
508,13:58:55,5.24,0.01,211,110564,买盘
509,13:58:40,5.23,-0.01,120,62969,卖盘
510,13:58:34,5.24,--,100,52400,买盘
511,13:58:29,5.24,0.01,50,26200,买盘
512,13:58:19,5.23,--,3,1569,卖盘
513,13:58:10,5.23,-0.01,915,478545,卖盘
514,13:58:04,5.24,--,100,52400,买盘
515,13:57:54,5.24,--,50,26200,买盘
516,13:57:49,5.24,0.01,39,20436,买盘
517,13:57:39,5.23,-0.01,337,176460,卖盘
518,13:57:34,5.24,0.01,119,62356,买盘
519,13:57:24,5.23,--,1160,606680,卖盘
520,13:57:14,5.23,-0.01,10,5230,卖盘
521,13:57:09,5.24,0.01,148,77552,买盘
522,13:57:04,5.23,-0.01,3,1569,卖盘
523,13:56:59,5.24,--,100,52400,买盘
524,13:56:49,5.24,0.01,122,63928,买盘
525,13:56:44,5.23,--,10,5230,卖盘
526,13:56:39,5.23,-0.01,120,62969,卖盘
527,13:56:34,5.24,--,111,58164,买盘
528,13:56:29,5.24,--,5,2620,买盘
529,13:56:24,5.24,--,81,42444,买盘
530,13:56:14,5.24,--,1,524,买盘
531,13:56:09,5.24,--,128,67260,买盘
532,13:56:04,5.24,0.01,100,52400,买盘
533,13:55:54,5.23,--,0,5,卖盘
534,13:55:49,5.23,-0.01,130,67990,卖盘
535,13:55:39,5.24,0.01,138,72317,买盘
536,13:55:34,5.23,-0.01,142,74475,卖盘
537,13:55:29,5.24,--,18,9432,买盘
538,13:55:19,5.24,--,61,31964,买盘
539,13:55:09,5.24,--,105,55020,买盘
540,13:55:04,5.24,--,100,52400,买盘
541,13:54:59,5.24,--,338,177112,买盘
542,13:54:49,5.24,--,200,104800,买盘
543,13:54:39,5.24,0.01,175,91700,买盘
544,13:54:34,5.23,-0.01,32,16945,卖盘
545,13:54:29,5.24,0.01,100,52400,买盘
546,13:54:24,5.23,-0.01,207,108261,卖盘
547,13:54:19,5.24,0.01,43,22532,买盘
548,13:54:09,5.23,-0.01,91,47593,卖盘
549,13:54:04,5.24,--,100,52400,买盘
550,13:53:39,5.24,0.01,111,58164,买盘
551,13:53:34,5.23,-0.01,43,22698,卖盘
552,13:53:29,5.24,--,100,52400,买盘
553,13:53:24,5.24,0.01,17,8908,买盘
554,13:53:19,5.23,--,31,16213,卖盘
555,13:53:09,5.23,-0.01,91,47593,卖盘
556,13:53:04,5.24,--,100,52400,买盘
557,13:52:39,5.24,0.01,118,61832,买盘
558,13:52:34,5.23,-0.01,129,67676,卖盘
559,13:52:09,5.24,--,96,50304,买盘
560,13:52:04,5.24,--,30,15720,买盘
561,13:51:59,5.24,--,103,53972,买盘
562,13:51:54,5.24,--,20,10480,买盘
563,13:51:39,5.24,--,840,440160,买盘
564,13:51:34,5.24,0.01,143,75141,买盘
565,13:51:29,5.23,-0.01,111,58053,卖盘
566,13:51:24,5.24,0.01,34,17816,买盘
567,13:51:09,5.23,-0.01,92,48116,卖盘
568,13:51:04,5.24,0.01,100,52400,买盘
569,13:50:58,5.23,--,1209,632307,卖盘
570,13:50:39,5.23,--,94,49162,卖盘
571,13:50:34,5.23,--,12,6479,卖盘
572,13:50:28,5.23,--,117,61196,卖盘
573,13:50:13,5.23,-0.01,1,523,卖盘
574,13:50:09,5.24,--,210,110040,买盘
575,13:50:03,5.24,0.01,100,52400,买盘
576,13:49:58,5.23,-0.01,216,112968,卖盘
577,13:49:48,5.24,--,129,67596,买盘
578,13:49:38,5.24,--,151,79124,买盘
579,13:49:33,5.24,0.01,114,59736,买盘
580,13:49:28,5.23,--,63,33158,卖盘
581,13:49:23,5.23,-0.01,1,523,卖盘
582,13:49:13,5.24,0.01,58,30392,买盘
583,13:49:08,5.23,-0.01,91,47593,卖盘
584,13:49:03,5.24,--,100,52400,买盘
585,13:48:58,5.24,--,12,6288,买盘
586,13:48:48,5.24,--,60,31440,买盘
587,13:48:43,5.24,0.01,1,524,买盘
588,13:48:38,5.23,-0.01,91,47593,卖盘
589,13:48:33,5.24,--,112,58908,买盘
590,13:48:28,5.24,0.01,810,424953,买盘
591,13:48:13,5.23,-0.01,57,30072,卖盘
592,13:48:08,5.24,0.01,172,90128,买盘
593,13:48:03,5.23,-0.01,30,15690,卖盘
594,13:47:58,5.24,--,100,52400,买盘
595,13:47:43,5.24,0.01,2271,1190004,买盘
596,13:47:38,5.23,--,191,99893,卖盘
597,13:47:28,5.23,-0.01,814,425931,卖盘
598,13:47:23,5.24,--,19,9956,买盘
599,13:47:13,5.24,0.01,1,524,买盘
600,13:47:08,5.23,-0.01,91,47593,卖盘
601,13:46:58,5.24,0.01,873,457452,买盘
602,13:46:53,5.23,--,31,16213,卖盘
603,13:46:48,5.23,--,11,5753,卖盘
604,13:46:38,5.23,-0.01,91,47593,卖盘
605,13:46:33,5.24,0.01,291,152484,买盘
606,13:46:28,5.23,-0.01,12,6459,卖盘
607,13:46:23,5.24,0.01,454,237922,买盘
608,13:46:18,5.23,-0.01,10,5230,卖盘
609,13:46:13,5.24,0.01,25,13100,买盘
610,13:46:08,5.23,-0.01,91,47593,卖盘
611,13:46:03,5.24,0.01,112,58688,买盘
612,13:45:53,5.23,-0.01,21,10983,卖盘
613,13:45:43,5.24,0.01,118,61832,买盘
614,13:45:38,5.23,-0.01,91,47593,卖盘
615,13:45:33,5.24,--,106,55544,买盘
616,13:45:28,5.24,0.01,25,13100,买盘
617,13:45:23,5.23,-0.01,429,224576,卖盘
618,13:45:18,5.24,--,52,27248,买盘
619,13:45:13,5.24,0.01,17,8908,买盘
620,13:45:08,5.23,-0.01,91,47593,卖盘
621,13:45:03,5.24,0.01,220,115280,买盘
622,13:44:58,5.23,--,1,523,卖盘
623,13:44:48,5.23,--,240,125520,卖盘
624,13:44:43,5.23,-0.01,19,9937,卖盘
625,13:44:38,5.24,0.01,95,49780,买盘
626,13:44:33,5.23,-0.01,12,6459,卖盘
627,13:44:28,5.24,--,514,269362,买盘
628,13:44:23,5.24,0.01,23,12052,买盘
629,13:44:18,5.23,--,40,20920,卖盘
630,13:44:08,5.23,--,290,151670,卖盘
631,13:44:03,5.23,-0.01,27,14121,卖盘
632,13:43:53,5.24,--,58,30392,买盘
633,13:43:48,5.24,0.01,10,5240,买盘
634,13:43:38,5.23,-0.01,103,54025,卖盘
635,13:43:33,5.24,--,50,26200,买盘
636,13:43:27,5.24,--,65,34112,买盘
637,13:43:13,5.24,0.01,12,6288,买盘
638,13:43:08,5.23,--,127,66421,卖盘
639,13:43:03,5.23,-0.01,3,1569,卖盘
640,13:42:52,5.24,--,40,20960,买盘
641,13:42:48,5.24,0.01,100,52400,买盘
642,13:42:38,5.23,-0.01,91,47593,卖盘
643,13:42:33,5.24,--,39,20436,买盘
644,13:42:27,5.24,0.01,21,11004,买盘
645,13:42:17,5.23,--,29,15376,卖盘
646,13:42:07,5.23,-0.01,91,47593,卖盘
647,13:41:57,5.24,--,25,13100,买盘
648,13:41:52,5.24,0.01,1,524,买盘
649,13:41:48,5.23,-0.01,15,8033,卖盘
650,13:41:42,5.24,0.01,26,13624,买盘
651,13:41:37,5.23,--,91,47593,卖盘
652,13:41:32,5.23,--,130,67990,卖盘
653,13:41:27,5.23,--,85,44475,卖盘
654,13:41:22,5.23,-0.01,136,71128,卖盘
655,13:41:17,5.24,0.01,10,5240,买盘
656,13:41:07,5.23,-0.01,91,47593,卖盘
657,13:40:52,5.24,--,62,32624,买盘
658,13:40:42,5.24,0.01,20,10480,买盘
659,13:40:37,5.23,-0.01,108,56557,卖盘
660,13:40:27,5.24,--,12,6288,买盘
661,13:40:22,5.24,--,368,192832,买盘
662,13:40:17,5.24,--,16,8384,买盘
663,13:40:12,5.24,0.01,261,136764,买盘
664,13:40:07,5.23,-0.01,91,47593,卖盘
665,13:39:47,5.24,0.01,16,8384,买盘
666,13:39:42,5.23,-0.01,133,69559,卖盘
667,13:39:37,5.24,--,168,88032,买盘
668,13:39:32,5.24,--,1,524,买盘
669,13:39:22,5.24,--,14,7336,买盘
670,13:39:17,5.24,--,33,17292,买盘
671,13:39:12,5.24,--,1,524,买盘
672,13:39:07,5.24,--,3,1828,卖盘
673,13:38:52,5.24,--,61,32231,买盘
674,13:38:47,5.24,--,26,13624,买盘
675,13:38:42,5.24,--,3,1572,买盘
676,13:38:37,5.24,--,18,9688,卖盘
677,13:38:27,5.24,-0.01,260,136240,卖盘
678,13:38:22,5.25,0.01,98,51450,买盘
679,13:38:17,5.24,--,39,20436,卖盘
680,13:38:07,5.24,--,101,52924,卖盘
681,13:38:02,5.24,--,3,1572,卖盘
682,13:37:57,5.24,-0.01,2008,1052192,卖盘
683,13:37:47,5.25,0.01,345,181125,买盘
684,13:37:37,5.24,-0.01,101,52924,卖盘
685,13:37:32,5.25,--,4,2100,买盘
686,13:37:26,5.25,0.01,18,9450,买盘
687,13:37:07,5.24,--,93,48732,卖盘
688,13:37:02,5.24,--,3,1572,卖盘
689,13:36:57,5.24,--,29,15196,卖盘
690,13:36:52,5.24,-0.01,5,2620,卖盘
691,13:36:47,5.25,--,20,10500,买盘
692,13:36:42,5.25,0.01,11,5775,买盘
693,13:36:37,5.24,--,93,48732,卖盘
694,13:36:32,5.24,-0.01,2153,1128439,卖盘
695,13:36:17,5.25,0.01,18,9450,买盘
696,13:36:07,5.24,-0.01,147,77028,卖盘
697,13:36:02,5.25,0.01,4,2100,买盘
698,13:35:56,5.24,--,83,43492,卖盘
699,13:35:52,5.24,--,70,36680,卖盘
700,13:35:42,5.24,--,27,14148,卖盘
701,13:35:36,5.24,--,93,48732,卖盘
702,13:35:21,5.24,--,15,7860,卖盘
703,13:35:12,5.24,--,1,524,卖盘
704,13:35:06,5.24,-0.01,93,48732,卖盘
705,13:35:01,5.25,0.01,121,63525,买盘
706,13:34:51,5.24,--,10,5240,卖盘
707,13:34:47,5.24,-0.01,217,113708,卖盘
708,13:34:41,5.25,0.01,10,5250,买盘
709,13:34:36,5.24,-0.01,93,48732,卖盘
710,13:34:21,5.25,0.01,1,525,买盘
711,13:34:06,5.24,--,93,48732,卖盘
712,13:33:56,5.24,--,527,276148,卖盘
713,13:33:51,5.24,-0.01,200,104800,卖盘
714,13:33:46,5.25,0.01,15,7875,买盘
715,13:33:41,5.24,--,19,9956,卖盘
716,13:33:36,5.24,--,91,47684,卖盘
717,13:33:26,5.24,--,110,57640,卖盘
718,13:33:16,5.24,--,36,18864,卖盘
719,13:33:11,5.24,--,2,1048,卖盘
720,13:33:06,5.24,-0.01,115,60260,卖盘
721,13:32:51,5.25,0.01,5,2625,买盘
722,13:32:36,5.24,-0.01,153,80172,卖盘
723,13:32:31,5.25,0.01,15,7875,买盘
724,13:32:26,5.24,-0.01,500,262000,卖盘
725,13:32:21,5.25,0.01,15,7875,买盘
726,13:32:16,5.24,--,116,60784,卖盘
727,13:32:06,5.24,--,91,47684,卖盘
728,13:32:01,5.24,-0.01,3,1572,卖盘
729,13:31:56,5.25,0.01,103,54075,买盘
730,13:31:51,5.24,-0.01,5,2620,卖盘
731,13:31:46,5.25,--,35,18375,买盘
732,13:31:36,5.25,0.01,330,173250,买盘
733,13:31:31,5.24,--,6,3144,卖盘
734,13:31:26,5.24,--,100,52400,卖盘
735,13:31:21,5.24,--,9,4716,卖盘
736,13:31:16,5.24,--,70,36680,卖盘
737,13:31:06,5.24,--,91,47684,卖盘
738,13:31:01,5.24,--,631,330644,买盘
739,13:30:51,5.24,--,25,13100,买盘
740,13:30:46,5.24,--,12,6288,买盘
741,13:30:41,5.24,0.01,9,4716,买盘
742,13:30:36,5.23,-0.01,92,48116,卖盘
743,13:30:20,5.24,0.01,5,2620,买盘
744,13:30:05,5.23,--,150,78450,卖盘
745,13:30:01,5.23,--,100,52300,卖盘
746,13:29:50,5.23,-0.01,10,5230,卖盘
747,13:29:46,5.24,--,52,27248,买盘
748,13:29:41,5.24,--,16,8384,买盘
749,13:29:35,5.24,--,115,60260,买盘
750,13:29:16,5.24,0.01,8,4192,买盘
751,13:29:05,5.23,-0.02,97,50731,卖盘
752,13:29:01,5.25,0.01,118,61950,买盘
753,13:28:46,5.24,--,52,27248,买盘
754,13:28:41,5.24,0.01,207,108468,买盘
755,13:28:35,5.23,-0.01,91,47593,卖盘
756,13:28:26,5.24,--,8,4192,卖盘
757,13:28:15,5.24,--,1,524,买盘
758,13:28:11,5.24,0.01,4,2096,买盘
759,13:28:05,5.23,-0.01,216,112968,卖盘
760,13:28:00,5.24,--,32,16768,买盘
761,13:27:50,5.24,--,47,24628,买盘
762,13:27:45,5.24,--,20,10480,买盘
763,13:27:30,5.24,--,465,243895,卖盘
764,13:27:20,5.24,--,38,20200,买盘
765,13:27:15,5.24,-0.01,239,125471,卖盘
766,13:27:10,5.25,0.01,12,6300,买盘
767,13:27:05,5.24,--,110,57640,卖盘
768,13:26:55,5.24,-0.01,5,2620,卖盘
769,13:26:50,5.25,--,63,33075,买盘
770,13:26:45,5.25,0.01,61,32025,买盘
771,13:26:35,5.24,-0.01,131,68644,卖盘
772,13:26:30,5.25,0.01,132,69300,买盘
773,13:26:20,5.24,-0.01,65,34060,卖盘
774,13:26:15,5.25,0.01,100,52500,买盘
775,13:26:10,5.24,--,5,2620,卖盘
776,13:26:05,5.24,--,91,47684,卖盘
777,13:26:00,5.24,--,157,82268,卖盘
778,13:25:50,5.24,--,2,1336,买盘
779,13:25:45,5.24,--,43,22532,买盘
780,13:25:40,5.24,--,14,7336,买盘
781,13:25:35,5.24,--,109,57116,买盘
782,13:25:30,5.24,--,218,114232,买盘
783,13:25:25,5.24,--,5,2620,买盘
784,13:25:20,5.24,0.01,2,1048,买盘
785,13:25:10,5.23,-0.01,91,47593,卖盘
786,13:24:55,5.24,--,3,1572,买盘
787,13:24:50,5.24,--,10,5240,买盘
788,13:24:45,5.24,0.01,5,2620,买盘
789,13:24:40,5.23,-0.01,91,47593,卖盘
790,13:24:35,5.24,--,154,80696,买盘
791,13:24:30,5.24,--,277,145148,买盘
792,13:24:25,5.24,--,600,314400,买盘
793,13:24:10,5.24,--,224,117376,买盘
794,13:24:05,5.24,--,2,1048,买盘
795,13:24:00,5.24,--,10,5240,买盘
796,13:23:50,5.24,--,15,7860,买盘
797,13:23:45,5.24,--,82,42968,买盘
798,13:23:40,5.24,--,97,50828,买盘
799,13:23:35,5.24,--,16,8384,买盘
800,13:23:30,5.24,0.01,124,64976,买盘
801,13:23:25,5.23,-0.01,128,66944,卖盘
802,13:23:14,5.24,--,20,10480,买盘
803,13:23:10,5.24,--,220,115280,买盘
804,13:22:59,5.24,--,100,52400,买盘
805,13:22:54,5.24,--,6,3144,买盘
806,13:22:49,5.24,0.01,47,24628,买盘
807,13:22:40,5.23,-0.01,171,89433,卖盘
808,13:22:29,5.24,0.01,30,15720,买盘
809,13:22:19,5.23,--,112,58576,卖盘
810,13:22:10,5.23,-0.01,93,48639,卖盘
811,13:21:59,5.24,--,15,7860,买盘
812,13:21:55,5.24,0.01,198,103752,买盘
813,13:21:39,5.23,--,91,47593,卖盘
814,13:21:29,5.23,--,62,32426,卖盘
815,13:21:14,5.23,-0.01,100,52300,卖盘
816,13:21:09,5.24,0.01,123,64452,买盘
817,13:21:05,5.23,-0.01,51,26673,卖盘
818,13:20:59,5.24,--,95,49780,买盘
819,13:20:44,5.24,0.01,10,5240,买盘
820,13:20:39,5.23,-0.01,91,47593,卖盘
821,13:20:29,5.24,0.01,16,8384,买盘
822,13:20:24,5.23,-0.01,33,17259,卖盘
823,13:20:19,5.24,--,20,10480,买盘
824,13:20:14,5.24,0.01,30,15720,买盘
825,13:20:09,5.23,-0.01,91,47593,卖盘
826,13:19:54,5.24,--,52,27248,买盘
827,13:19:44,5.24,0.01,248,129952,买盘
828,13:19:39,5.23,--,91,47593,卖盘
829,13:19:34,5.23,-0.01,58,30334,卖盘
830,13:19:24,5.24,--,19,9956,买盘
831,13:19:19,5.24,--,20,10480,买盘
832,13:19:14,5.24,0.01,2,1048,买盘
833,13:19:09,5.23,-0.01,101,52823,卖盘
834,13:18:59,5.24,0.01,230,120520,买盘
835,13:18:54,5.23,-0.01,275,143825,卖盘
836,13:18:49,5.24,--,124,64976,买盘
837,13:18:39,5.24,0.01,230,120520,买盘
838,13:18:24,5.23,--,50,26150,卖盘
839,13:18:19,5.23,-0.01,3,1569,卖盘
840,13:18:14,5.24,--,124,64976,买盘
841,13:18:09,5.24,0.01,480,251520,买盘
842,13:17:49,5.23,--,411,215099,卖盘
843,13:17:39,5.23,-0.01,1272,665256,卖盘
844,13:17:29,5.24,--,24,12576,买盘
845,13:17:24,5.24,0.01,125,65500,买盘
846,13:17:09,5.23,--,91,47593,卖盘
847,13:17:04,5.23,-0.01,101,52823,卖盘
848,13:16:54,5.24,0.01,10,5240,买盘
849,13:16:49,5.23,--,17,8891,卖盘
850,13:16:39,5.23,-0.02,90,47070,卖盘
851,13:16:34,5.25,0.01,229,120225,买盘
852,13:16:23,5.24,0.01,20,10480,买盘
853,13:16:08,5.23,-0.01,91,47593,卖盘
854,13:15:53,5.24,--,56,29344,卖盘
855,13:15:49,5.24,0.01,60,31440,买盘
856,13:15:38,5.23,--,191,99893,卖盘
857,13:15:34,5.23,-0.01,10,5230,卖盘
858,13:15:19,5.24,0.01,100,52400,买盘
859,13:15:08,5.23,-0.01,191,99893,卖盘
860,13:15:04,5.24,--,71,37204,买盘
861,13:14:58,5.24,--,19,9956,买盘
862,13:14:53,5.24,-0.01,16,8384,买盘
863,13:14:43,5.25,--,0,0,买盘
864,13:14:38,5.25,--,104,54600,买盘
865,13:14:28,5.25,0.01,124,65100,买盘
866,13:14:18,5.24,0.01,426,223224,买盘
867,13:14:08,5.23,--,0,0,卖盘
868,13:14:03,5.23,-0.01,118,61714,卖盘
869,13:13:53,5.24,--,28,14934,卖盘
870,13:13:48,5.24,--,229,119996,买盘
871,13:13:43,5.24,--,10,5240,买盘
872,13:13:38,5.24,--,107,56068,买盘
873,13:13:33,5.24,--,211,110564,买盘
874,13:13:18,5.24,--,11,5764,买盘
875,13:13:08,5.24,--,96,50304,买盘
876,13:13:03,5.24,--,118,61832,买盘
877,13:12:53,5.24,--,14,7336,买盘
878,13:12:48,5.24,0.01,10,5240,买盘
879,13:12:38,5.23,--,91,47593,卖盘
880,13:12:23,5.23,--,13,6799,卖盘
881,13:12:08,5.23,-0.01,91,47593,卖盘
882,13:12:03,5.24,--,35,18340,买盘
883,13:11:43,5.24,0.01,13,6812,买盘
884,13:11:38,5.23,-0.01,526,275098,卖盘
885,13:11:33,5.24,--,337,176588,买盘
886,13:11:23,5.24,0.01,18,9432,买盘
887,13:11:18,5.23,-0.01,10,5230,卖盘
888,13:11:08,5.24,--,110,57640,买盘
889,13:10:58,5.24,--,144,75456,买盘
890,13:10:48,5.24,--,4,2096,买盘
891,13:10:38,5.24,--,102,53448,买盘
892,13:10:33,5.24,--,17,8908,买盘
893,13:10:27,5.24,--,230,120520,买盘
894,13:10:23,5.24,--,61,31964,买盘
895,13:10:18,5.24,0.01,50,26200,买盘
896,13:10:08,5.23,--,140,73220,卖盘
897,13:09:58,5.23,-0.01,270,141210,卖盘
898,13:09:48,5.24,--,20,10480,买盘
899,13:09:43,5.24,--,1,524,买盘
900,13:09:38,5.24,-0.01,21,11004,卖盘
901,13:09:13,5.25,0.02,49,25725,买盘
902,13:09:07,5.23,--,91,47593,卖盘
903,13:09:02,5.23,-0.01,300,156900,卖盘
904,13:08:58,5.24,--,12,6288,买盘
905,13:08:52,5.24,--,30,15720,买盘
906,13:08:47,5.24,0.01,10,5240,买盘
907,13:08:42,5.23,--,45,23535,卖盘
908,13:08:37,5.23,-0.02,91,47593,卖盘
909,13:08:17,5.25,--,0,0,买盘
910,13:08:07,5.25,0.01,104,54600,买盘
911,13:08:02,5.24,--,13,6812,买盘
912,13:07:57,5.24,0.01,90,47160,买盘
913,13:07:37,5.23,-0.01,91,47593,卖盘
914,13:07:32,5.24,-0.01,49,25676,中性盘
915,13:07:17,5.25,0.01,284,149100,买盘
916,13:07:07,5.24,--,140,73360,买盘
917,13:07:02,5.24,--,5,2620,买盘
918,13:06:57,5.24,0.01,18,9432,买盘
919,13:06:47,5.23,--,0,0,卖盘
920,13:06:37,5.23,--,110,57530,卖盘
921,13:06:32,5.23,--,10,5230,卖盘
922,13:06:17,5.23,-0.01,843,441354,卖盘
923,13:06:07,5.24,-0.01,72,37728,卖盘
924,13:06:02,5.25,--,3,1575,买盘
925,13:05:57,5.25,0.01,3,1575,买盘
926,13:05:47,5.24,--,28,14672,买盘
927,13:05:37,5.24,--,62,32488,卖盘
928,13:05:32,5.24,--,6,3144,卖盘
929,13:05:17,5.24,-0.01,3,1572,中性盘
930,13:05:07,5.25,--,94,49350,买盘
931,13:04:47,5.25,--,113,59325,买盘
932,13:04:42,5.25,0.02,4,2100,买盘
933,13:04:37,5.23,--,91,47593,卖盘
934,13:04:07,5.23,-0.02,91,47593,卖盘
935,13:04:02,5.25,--,0,0,买盘
936,13:03:57,5.25,0.01,230,120750,买盘
937,13:03:52,5.24,0.01,10,5240,买盘
938,13:03:37,5.23,-0.01,56,29288,卖盘
939,13:03:27,5.24,--,27,14148,卖盘
940,13:03:22,5.24,--,2,1048,卖盘
941,13:03:17,5.24,--,5,2620,卖盘
942,13:03:07,5.24,-0.01,91,47684,卖盘
943,13:03:02,5.25,0.01,116,60900,买盘
944,13:02:56,5.24,-0.01,14,7336,卖盘
945,13:02:52,5.25,--,14,7350,买盘
946,13:02:47,5.25,0.01,17,8925,买盘
947,13:02:37,5.24,-0.01,104,54496,卖盘
948,13:02:26,5.25,--,111,58275,买盘
949,13:02:21,5.25,0.01,24,12600,买盘
950,13:02:16,5.24,--,307,160868,卖盘
951,13:02:06,5.24,--,142,74408,卖盘
952,13:01:51,5.24,-0.01,40,20960,卖盘
953,13:01:46,5.25,0.01,8,4200,买盘
954,13:01:36,5.24,-0.01,91,47684,卖盘
955,13:01:26,5.25,--,3,1575,买盘
956,13:01:22,5.25,--,4,2100,买盘
957,13:01:11,5.25,0.01,214,112350,买盘
958,13:01:07,5.24,--,91,47684,卖盘
959,13:00:56,5.24,--,16,8384,卖盘
960,13:00:36,5.24,-0.01,91,47684,卖盘
961,13:00:06,5.25,0.01,2371,1244806,买盘
962,11:30:00,5.24,--,0,0,卖盘
963,11:29:59,5.24,--,0,0,卖盘
964,11:29:42,5.24,--,3,1572,卖盘
965,11:29:36,5.24,-0.01,35,18340,卖盘
966,11:29:21,5.25,--,28,14700,买盘
967,11:29:17,5.25,--,124,65100,买盘
968,11:29:12,5.25,--,24,12600,买盘
969,11:28:57,5.25,--,499,261975,买盘
970,11:28:51,5.25,--,56,29400,买盘
971,11:28:47,5.25,--,3,1575,买盘
972,11:28:42,5.25,--,126,66150,买盘
973,11:28:21,5.25,0.01,85,44625,买盘
974,11:28:02,5.24,-0.01,34,17816,卖盘
975,11:27:57,5.25,--,25,13125,买盘
976,11:27:51,5.25,0.01,299,156975,买盘
977,11:27:42,5.24,--,20,10480,卖盘
978,11:27:36,5.24,--,154,80696,卖盘
979,11:27:32,5.24,-0.01,843,442198,卖盘
980,11:27:27,5.25,--,100,52500,买盘
981,11:27:21,5.25,--,870,456776,买盘
982,11:27:12,5.25,0.01,11,5775,买盘
983,11:27:02,5.24,-0.01,50,26200,卖盘
984,11:26:57,5.25,--,100,52500,买盘
985,11:26:51,5.25,--,159,83475,买盘
986,11:26:42,5.25,--,25,13125,买盘
987,11:26:27,5.25,--,115,60375,买盘
988,11:26:21,5.25,0.01,100,52500,买盘
989,11:26:12,5.24,-0.01,20,10480,卖盘
990,11:26:02,5.25,0.01,3,1575,买盘
991,11:25:51,5.24,-0.01,33,17292,卖盘
992,11:25:42,5.25,0.01,21,11025,买盘
993,11:25:36,5.24,-0.01,36,18864,卖盘
994,11:25:27,5.25,--,5,2625,买盘
995,11:25:06,5.25,--,10,5250,买盘
996,11:25:02,5.25,--,230,120750,买盘
997,11:24:57,5.25,--,124,65100,买盘
998,11:24:51,5.25,--,49,25725,买盘
999,11:24:36,5.25,0.01,55,28875,买盘
1000,11:24:31,5.24,--,36,18864,卖盘
1001,11:24:27,5.24,--,50,26200,卖盘
1002,11:24:21,5.24,-0.01,33,17292,卖盘
1003,11:24:16,5.25,0.01,9,4725,买盘
1004,11:24:06,5.24,--,20,10480,卖盘
1005,11:23:57,5.24,--,351,183924,买盘
1006,11:23:51,5.24,--,19,9956,买盘
1007,11:23:47,5.24,--,181,94948,买盘
1008,11:23:31,5.24,0.01,43,22532,买盘
1009,11:23:21,5.23,-0.01,440,230120,卖盘
1010,11:23:17,5.24,--,10,5240,买盘
1011,11:23:12,5.24,--,1,524,买盘
1012,11:23:06,5.24,--,248,129952,买盘
1013,11:23:02,5.24,--,125,65500,买盘
1014,11:22:56,5.24,--,124,64976,买盘
1015,11:22:51,5.24,--,134,70216,买盘
1016,11:22:41,5.24,--,156,81744,买盘
1017,11:22:36,5.24,--,60,31440,买盘
1018,11:22:26,5.24,0.01,49,25676,买盘
1019,11:22:15,5.23,-0.01,73,38179,卖盘
1020,11:22:06,5.24,0.01,70,36680,买盘
1021,11:21:56,5.23,-0.01,10,5230,卖盘
1022,11:21:51,5.24,--,196,102704,买盘
1023,11:21:41,5.24,0.01,6,3144,买盘
1024,11:21:26,5.23,--,40,20920,卖盘
1025,11:21:21,5.23,-0.01,12,6276,卖盘
1026,11:21:15,5.24,0.01,285,149759,买盘
1027,11:21:06,5.23,-0.01,536,280328,卖盘
1028,11:20:51,5.24,0.01,81,42444,买盘
1029,11:20:36,5.23,-0.01,44,23263,卖盘
1030,11:20:26,5.24,0.01,12,6288,买盘
1031,11:20:21,5.23,--,29,15376,卖盘
1032,11:20:15,5.23,-0.01,2,1046,卖盘
1033,11:20:06,5.24,0.01,20,10480,买盘
1034,11:20:00,5.23,-0.01,41,21443,卖盘
1035,11:19:51,5.24,0.01,94,49256,买盘
1036,11:19:45,5.23,-0.01,41,21443,卖盘
1037,11:19:36,5.24,0.01,107,56068,买盘
1038,11:19:30,5.23,-0.01,843,441354,卖盘
1039,11:19:26,5.24,--,100,52400,买盘
1040,11:19:21,5.24,0.01,33,17292,买盘
1041,11:19:15,5.23,-0.01,29,15376,卖盘
1042,11:19:11,5.24,--,3,1572,买盘
1043,11:19:06,5.24,--,16,8384,买盘
1044,11:19:00,5.24,--,185,96940,买盘
1045,11:18:45,5.24,-0.01,101,52924,卖盘
1046,11:18:36,5.25,0.01,236,124110,买盘
1047,11:18:30,5.24,0.01,28,14672,买盘
1048,11:18:11,5.23,-0.01,72,37865,卖盘
1049,11:18:06,5.24,--,75,39300,卖盘
1050,11:17:55,5.24,--,35,18340,卖盘
1051,11:17:51,5.24,--,33,17292,买盘
1052,11:17:30,5.24,0.01,50,26200,卖盘
1053,11:17:25,5.23,--,37,19351,卖盘
1054,11:17:15,5.23,--,332,173845,卖盘
1055,11:16:55,5.23,-0.02,32,16736,卖盘
1056,11:16:50,5.25,--,0,0,买盘
1057,11:16:45,5.25,0.01,92,48300,买盘
1058,11:16:40,5.24,--,62,32488,买盘
1059,11:16:30,5.24,--,9,4904,卖盘
1060,11:16:25,5.24,--,20,10815,买盘
1061,11:16:15,5.24,--,73,38650,卖盘
1062,11:16:10,5.24,--,3,1697,卖盘
1063,11:16:00,5.24,-0.01,16,8384,中性盘
1064,11:15:45,5.25,0.01,340,178500,买盘
1065,11:15:30,5.24,0.01,2,1048,中性盘
1066,11:15:20,5.23,--,3,1846,卖盘
1067,11:15:10,5.23,-0.02,29,15376,卖盘
1068,11:15:00,5.25,--,291,152775,买盘
1069,11:14:56,5.25,0.01,901,473151,买盘
1070,11:14:45,5.24,--,3,1572,买盘
1071,11:14:40,5.24,--,4,2096,买盘
1072,11:14:30,5.24,--,86,45084,卖盘
1073,11:14:24,5.24,--,60,31440,卖盘
1074,11:14:20,5.24,--,17,9405,卖盘
1075,11:14:09,5.24,--,7,3668,卖盘
1076,11:14:05,5.24,-0.01,24,12581,卖盘
1077,11:13:54,5.25,--,46,24150,买盘
1078,11:13:45,5.25,0.01,123,64575,买盘
1079,11:13:39,5.24,--,21,11004,买盘
1080,11:13:30,5.24,0.01,6,3144,买盘
1081,11:13:24,5.23,-0.01,12,6453,卖盘
1082,11:13:15,5.24,--,10,5732,卖盘
1083,11:13:09,5.24,--,17,8939,卖盘
1084,11:13:05,5.24,--,42,22008,买盘
1085,11:12:54,5.24,--,22,11528,买盘
1086,11:12:50,5.24,0.01,21,11004,买盘
1087,11:12:35,5.23,-0.02,83,43409,卖盘
1088,11:12:30,5.25,0.01,202,106050,买盘
1089,11:12:24,5.24,--,23,12052,买盘
1090,11:12:15,5.24,0.01,39,20436,买盘
1091,11:12:09,5.23,-0.01,8,4184,卖盘
1092,11:12:05,5.24,0.01,200,104800,买盘
1093,11:12:00,5.23,-0.01,58,30543,卖盘
1094,11:11:54,5.24,--,9,4716,买盘
1095,11:11:50,5.24,--,115,60260,买盘
1096,11:11:45,5.24,0.01,30,15720,买盘
1097,11:11:39,5.23,-0.01,31,16213,卖盘
1098,11:11:30,5.24,--,30,15720,买盘
1099,11:11:20,5.24,--,42,22238,买盘
1100,11:11:15,5.24,--,116,60784,买盘
1101,11:11:09,5.24,--,48,25152,买盘
1102,11:11:05,5.24,0.01,16,8384,买盘
1103,11:11:00,5.23,-0.01,16,8870,卖盘
1104,11:10:54,5.24,--,184,96416,买盘
1105,11:10:45,5.24,0.01,50,26200,买盘
1106,11:10:39,5.23,-0.01,19,9937,卖盘
1107,11:10:30,5.24,--,2,1048,买盘
1108,11:10:20,5.24,0.01,69,36156,买盘
1109,11:10:15,5.23,--,12,6511,卖盘
1110,11:10:00,5.23,-0.01,16,8864,卖盘
1111,11:09:54,5.24,-0.01,717,375718,卖盘
1112,11:09:50,5.25,--,99,51975,买盘
1113,11:09:45,5.25,0.01,49,25725,买盘
1114,11:09:30,5.24,--,240,125760,卖盘
1115,11:09:24,5.24,-0.01,40,20960,卖盘
1116,11:09:04,5.25,0.01,1,525,买盘
1117,11:09:00,5.24,--,12,6424,卖盘
1118,11:08:54,5.24,--,47,24701,卖盘
1119,11:08:49,5.24,--,200,104800,卖盘
1120,11:08:39,5.24,--,864,453202,卖盘
1121,11:08:24,5.24,--,29,15196,卖盘
1122,11:08:14,5.24,--,72,37864,卖盘
1123,11:08:09,5.24,--,402,210648,卖盘
1124,11:08:04,5.24,--,17,8981,卖盘
1125,11:07:54,5.24,--,120,62880,卖盘
1126,11:07:49,5.24,--,44,23056,卖盘
1127,11:07:44,5.24,-0.01,40,20960,卖盘
1128,11:07:34,5.25,0.01,4,2100,买盘
1129,11:07:19,5.24,--,16,8384,卖盘
1130,11:07:14,5.24,-0.01,12,6476,卖盘
1131,11:07:09,5.25,0.01,221,116025,买盘
1132,11:07:04,5.24,-0.01,30,15720,卖盘
1133,11:06:54,5.25,--,24,12621,买盘
1134,11:06:39,5.25,0.01,1,525,买盘
1135,11:06:33,5.24,-0.01,3,1572,卖盘
1136,11:06:29,5.25,0.01,451,236775,买盘
1137,11:06:18,5.24,-0.01,50,26200,卖盘
1138,11:06:14,5.25,0.01,41,21525,买盘
1139,11:06:03,5.24,--,20,10480,卖盘
1140,11:05:54,5.24,-0.01,229,120205,卖盘
1141,11:05:48,5.25,--,41,21525,买盘
1142,11:05:39,5.25,0.01,12,6300,买盘
1143,11:05:33,5.24,--,10,5240,卖盘
1144,11:05:29,5.24,-0.01,202,105848,卖盘
1145,11:05:24,5.25,0.01,91,47775,买盘
1146,11:05:18,5.24,-0.01,33,17292,卖盘
1147,11:05:14,5.25,--,3,1575,买盘
1148,11:04:59,5.25,0.01,10,5250,买盘
1149,11:04:54,5.24,-0.01,33,17339,卖盘
1150,11:04:48,5.25,--,12,6300,买盘
1151,11:04:39,5.25,0.01,1,525,买盘
1152,11:04:24,5.24,--,7,3668,卖盘
1153,11:04:18,5.24,--,259,135925,卖盘
1154,11:04:09,5.24,--,23,12052,卖盘
1155,11:04:03,5.24,--,14,7336,卖盘
1156,11:03:59,5.24,-0.01,40,20960,卖盘
1157,11:03:54,5.25,0.01,439,230475,买盘
1158,11:03:48,5.24,--,1,524,卖盘
1159,11:03:39,5.24,-0.01,60,31440,卖盘
1160,11:03:33,5.25,0.02,572,300300,买盘
1161,11:03:29,5.23,--,54,28242,卖盘
1162,11:03:14,5.23,-0.01,39,20397,卖盘
1163,11:03:09,5.24,0.01,28,14672,买盘
1164,11:02:48,5.23,-0.01,29,15376,卖盘
1165,11:02:44,5.24,--,3,1572,买盘
1166,11:02:33,5.24,-0.01,13,6812,中性盘
1167,11:02:29,5.25,--,105,55125,买盘
1168,11:02:24,5.25,--,0,0,买盘
1169,11:02:18,5.25,--,20,10500,买盘
1170,11:02:14,5.25,0.01,136,71615,买盘
1171,11:02:08,5.24,-0.01,77,40348,卖盘
1172,11:02:03,5.25,0.01,10,5250,买盘
1173,11:01:54,5.24,--,31,16762,卖盘
1174,11:01:48,5.24,--,13,6812,卖盘
1175,11:01:24,5.24,0.01,390,204721,买盘
1176,11:01:18,5.23,-0.01,12,6417,卖盘
1177,11:01:13,5.24,--,647,339190,卖盘
1178,11:01:09,5.24,-0.01,119,62424,卖盘
1179,11:01:03,5.25,0.01,1435,753375,买盘
1180,11:00:58,5.24,-0.01,127,66616,卖盘
1181,11:00:53,5.25,0.01,1073,563792,买盘
1182,11:00:48,5.24,--,200,104800,卖盘
1183,11:00:39,5.24,--,674,353176,卖盘
1184,11:00:33,5.24,--,876,459024,卖盘
1185,11:00:23,5.24,--,1,524,卖盘
1186,11:00:18,5.24,--,873,457918,卖盘
1187,11:00:13,5.24,--,324,169776,卖盘
1188,11:00:08,5.24,--,372,194928,卖盘
1189,11:00:03,5.24,--,843,442198,卖盘
1190,10:59:58,5.24,--,88,46112,卖盘
1191,10:59:53,5.24,-0.01,39,20436,卖盘
1192,10:59:48,5.25,0.01,712,373800,买盘
1193,10:59:43,5.24,--,229,120205,卖盘
1194,10:59:33,5.24,--,853,447438,卖盘
1195,10:59:23,5.24,--,52,27248,卖盘
1196,10:59:18,5.24,--,16,8384,卖盘
1197,10:59:03,5.24,--,12,6288,卖盘
1198,10:58:57,5.24,--,61,31964,卖盘
1199,10:58:53,5.24,--,82,43177,卖盘
1200,10:58:48,5.24,--,436,228464,卖盘
1201,10:58:42,5.24,-0.01,1744,913856,卖盘
1202,10:58:38,5.25,0.01,96,50400,买盘
1203,10:58:33,5.24,--,2400,1257600,卖盘
1204,10:58:27,5.24,--,118,61832,卖盘
1205,10:58:18,5.24,--,149,78076,卖盘
1206,10:58:12,5.24,--,30,15720,卖盘
1207,10:58:08,5.24,--,106,55690,卖盘
1208,10:58:03,5.24,--,214,112136,卖盘
1209,10:57:48,5.24,--,10,5554,卖盘
1210,10:57:42,5.24,--,17,8970,卖盘
1211,10:57:33,5.24,-0.01,1150,602600,卖盘
1212,10:57:27,5.25,0.01,1511,793275,买盘
1213,10:57:12,5.24,--,29,15196,卖盘
1214,10:57:08,5.24,--,90,47160,卖盘
1215,10:56:48,5.24,-0.01,29,15405,卖盘
1216,10:56:42,5.25,--,138,72450,买盘
1217,10:56:33,5.25,0.01,253,132825,买盘
1218,10:56:23,5.24,-0.01,96,50304,卖盘
1219,10:56:18,5.25,0.01,1,525,买盘
1220,10:55:57,5.24,-0.01,12,6439,卖盘
1221,10:55:53,5.25,0.01,10,5250,买盘
1222,10:55:48,5.24,-0.01,70,36680,卖盘
1223,10:55:42,5.25,0.01,1,525,买盘
1224,10:55:38,5.24,--,17,8965,卖盘
1225,10:55:33,5.24,-0.01,300,157200,卖盘
1226,10:55:27,5.25,0.01,1,525,买盘
1227,10:55:23,5.24,-0.01,328,171872,卖盘
1228,10:54:57,5.25,--,8,4200,买盘
1229,10:54:53,5.25,0.01,124,65100,买盘
1230,10:54:47,5.24,--,59,31088,卖盘
1231,10:54:42,5.24,-0.01,141,73920,卖盘
1232,10:54:38,5.25,--,197,103425,买盘
1233,10:54:32,5.25,--,262,137550,买盘
1234,10:54:08,5.25,--,1,525,买盘
1235,10:53:57,5.25,0.01,124,65100,买盘
1236,10:53:47,5.24,--,194,101656,卖盘
1237,10:53:42,5.24,-0.01,29,15405,卖盘
1238,10:53:37,5.25,--,125,65625,买盘
1239,10:53:27,5.25,0.01,130,68250,买盘
1240,10:53:17,5.24,--,145,75980,卖盘
1241,10:53:02,5.24,-0.01,12,6450,卖盘
1242,10:52:57,5.25,--,10,5250,买盘
1243,10:52:47,5.25,0.01,1,525,买盘
1244,10:52:32,5.24,-0.01,17,8955,卖盘
1245,10:52:27,5.25,0.01,19,9975,买盘
1246,10:52:12,5.24,--,314,164536,卖盘
1247,10:52:06,5.24,--,1,524,卖盘
1248,10:52:02,5.24,--,10,5240,卖盘
1249,10:51:57,5.24,--,44,23056,卖盘
1250,10:51:21,5.24,-0.01,12,6288,卖盘
1251,10:50:57,5.25,--,20,10500,买盘
1252,10:50:51,5.25,0.01,50,26250,买盘
1253,10:50:47,5.24,-0.01,94,49256,卖盘
1254,10:50:42,5.25,--,35,18375,买盘
1255,10:50:36,5.25,--,112,58800,买盘
1256,10:50:27,5.25,0.01,16,8400,买盘
1257,10:50:12,5.24,--,5,2620,卖盘
1258,10:50:06,5.24,--,52,27248,卖盘
1259,10:50:01,5.24,--,6,3144,卖盘
1260,10:49:42,5.24,--,200,104800,卖盘
1261,10:49:36,5.24,-0.01,132,69168,卖盘
1262,10:49:27,5.25,--,62,32550,买盘
1263,10:49:21,5.25,0.01,248,130200,买盘
1264,10:49:12,5.24,-0.01,62,32488,卖盘
1265,10:49:06,5.25,0.01,31,16275,买盘
1266,10:48:57,5.24,-0.01,2,1048,卖盘
1267,10:48:42,5.25,0.01,19,9975,买盘
1268,10:48:36,5.24,--,1908,999792,卖盘
1269,10:48:32,5.24,-0.01,1,524,卖盘
1270,10:48:27,5.25,0.01,266,139650,买盘
1271,10:48:21,5.24,--,30,15720,卖盘
1272,10:48:17,5.24,--,25,13100,卖盘
1273,10:48:06,5.24,--,122,63928,卖盘
1274,10:48:02,5.24,--,80,41920,卖盘
1275,10:47:57,5.24,-0.01,43,22532,卖盘
1276,10:47:51,5.25,0.01,9,4725,买盘
1277,10:47:47,5.24,-0.01,328,171872,卖盘
1278,10:47:41,5.25,0.01,21,11025,买盘
1279,10:47:26,5.24,-0.01,479,250996,卖盘
1280,10:47:21,5.25,0.01,229,120225,买盘
1281,10:47:16,5.24,--,50,26200,卖盘
1282,10:47:12,5.24,--,641,335884,卖盘
1283,10:47:06,5.24,--,134,70216,卖盘
1284,10:47:02,5.24,--,96,50304,卖盘
1285,10:46:56,5.24,--,726,380424,卖盘
1286,10:46:51,5.24,--,345,180780,卖盘
1287,10:46:47,5.24,--,54,28296,卖盘
1288,10:46:41,5.24,-0.01,54,28296,卖盘
1289,10:46:36,5.25,--,51,26775,买盘
1290,10:46:21,5.25,--,117,61425,买盘
1291,10:46:16,5.25,0.01,40,21000,买盘
1292,10:46:06,5.24,-0.01,30,15720,卖盘
1293,10:45:46,5.25,--,231,121275,买盘
1294,10:45:36,5.25,--,100,52500,买盘
1295,10:45:31,5.25,--,30,15750,买盘
1296,10:45:11,5.25,--,6,3150,买盘
1297,10:44:56,5.25,--,124,65100,买盘
1298,10:44:45,5.25,--,100,52500,买盘
1299,10:44:36,5.25,--,12,6300,买盘
1300,10:44:21,5.25,--,291,152775,买盘
1301,10:44:15,5.25,--,19,9975,买盘
1302,10:44:11,5.25,--,125,65625,买盘
1303,10:43:56,5.25,0.01,112,58800,买盘
1304,10:43:30,5.24,-0.01,2,1048,卖盘
1305,10:43:15,5.25,0.01,124,65100,买盘
1306,10:43:10,5.24,-0.01,88,46112,卖盘
1307,10:43:00,5.25,0.01,9,4725,买盘
1308,10:42:45,5.24,-0.01,196,102704,卖盘
1309,10:42:40,5.25,0.01,14,7350,买盘
1310,10:42:30,5.24,--,221,115804,卖盘
1311,10:42:21,5.24,-0.01,91,47846,卖盘
1312,10:42:15,5.25,--,301,158025,买盘
1313,10:42:06,5.25,0.01,17,8925,买盘
1314,10:41:55,5.24,-0.01,54,28296,卖盘
1315,10:41:51,5.25,--,100,52500,买盘
1316,10:41:45,5.25,--,100,52500,买盘
1317,10:41:36,5.25,--,10,5250,买盘
1318,10:41:30,5.25,0.01,28,14700,买盘
1319,10:41:25,5.24,-0.01,130,68120,卖盘
1320,10:41:00,5.25,--,73,38325,买盘
1321,10:40:55,5.25,--,100,52500,买盘
1322,10:40:51,5.25,-0.01,1,525,买盘
1323,10:40:45,5.26,0.02,144,75744,买盘
1324,10:40:40,5.24,-0.01,3,1572,卖盘
1325,10:40:36,5.25,--,127,66675,买盘
1326,10:40:30,5.25,--,1,525,买盘
1327,10:40:05,5.25,0.01,18,9450,买盘
1328,10:39:50,5.24,--,335,175540,卖盘
1329,10:39:45,5.24,-0.01,46,24104,卖盘
1330,10:39:35,5.25,0.01,218,114450,买盘
1331,10:39:30,5.24,-0.01,80,41920,卖盘
1332,10:39:25,5.25,--,5,2625,买盘
1333,10:39:20,5.25,--,12,6300,买盘
1334,10:39:15,5.25,--,43,22575,卖盘
1335,10:39:10,5.25,--,92,48300,卖盘
1336,10:39:05,5.25,--,50,26250,卖盘
1337,10:39:00,5.25,--,184,96600,卖盘
1338,10:38:50,5.25,-0.01,500,262500,卖盘
1339,10:38:45,5.26,--,104,54704,买盘
1340,10:38:35,5.26,0.01,3,1578,买盘
1341,10:38:30,5.25,-0.01,34,17850,卖盘
1342,10:38:10,5.26,--,18,9468,买盘
1343,10:38:05,5.26,0.01,37,19462,买盘
1344,10:38:00,5.25,-0.01,20,10500,卖盘
1345,10:37:50,5.26,--,70,36820,买盘
1346,10:37:35,5.26,--,1126,592276,买盘
1347,10:37:20,5.26,0.01,5,2630,买盘
1348,10:37:15,5.25,-0.01,100,52500,卖盘
1349,10:37:00,5.26,0.01,256,134656,买盘
1350,10:36:55,5.25,--,147,77175,卖盘
1351,10:36:50,5.25,-0.01,1510,792750,卖盘
1352,10:36:20,5.26,0.01,13,6838,买盘
1353,10:36:15,5.25,-0.01,20,10500,卖盘
1354,10:36:05,5.26,--,232,122032,买盘
1355,10:36:00,5.26,0.01,147,77322,买盘
1356,10:35:54,5.25,--,103,54075,卖盘
1357,10:35:50,5.25,--,31,16275,卖盘
1358,10:35:45,5.25,0.01,924,485100,买盘
1359,10:35:35,5.24,-0.01,31,16244,卖盘
1360,10:35:30,5.25,--,130,68250,买盘
1361,10:35:24,5.25,0.01,144,75600,买盘
1362,10:35:20,5.24,-0.01,31,16244,卖盘
1363,10:35:14,5.25,--,292,153300,买盘
1364,10:35:09,5.25,0.01,496,260400,买盘
1365,10:35:00,5.24,-0.01,62,32488,卖盘
1366,10:34:54,5.25,0.01,23,12075,买盘
1367,10:34:45,5.24,--,61,31964,卖盘
1368,10:34:34,5.24,-0.01,31,16244,卖盘
1369,10:34:30,5.25,0.01,1229,645225,买盘
1370,10:34:24,5.24,-0.01,152,79648,卖盘
1371,10:34:09,5.25,--,100,52500,买盘
1372,10:34:00,5.25,0.01,45,23625,买盘
1373,10:33:54,5.24,--,31,16244,卖盘
1374,10:33:34,5.24,-0.01,440,230560,卖盘
1375,10:33:30,5.25,--,600,315000,买盘
1376,10:33:24,5.25,--,201,105525,买盘
1377,10:33:19,5.25,--,124,65100,买盘
1378,10:33:15,5.25,0.01,4,2100,买盘
1379,10:33:04,5.24,-0.01,30,15720,卖盘
1380,10:33:00,5.25,--,124,65100,买盘
1381,10:32:44,5.25,0.01,196,102900,买盘
1382,10:32:34,5.24,-0.01,13,6812,卖盘
1383,10:32:29,5.25,--,8,4200,买盘
1384,10:32:24,5.25,--,124,65100,买盘
1385,10:32:19,5.25,--,15,7875,买盘
1386,10:32:14,5.25,--,109,57225,买盘
1387,10:32:09,5.25,--,84,44100,买盘
1388,10:32:04,5.25,--,109,57225,买盘
1389,10:31:59,5.25,--,246,129150,买盘
1390,10:31:54,5.25,--,3,1575,买盘
1391,10:31:29,5.25,0.01,15,7875,买盘
1392,10:31:24,5.24,--,41,21484,卖盘
1393,10:31:14,5.24,-0.01,88,46112,卖盘
1394,10:31:04,5.25,0.01,6,3150,买盘
1395,10:30:54,5.24,--,30,15720,卖盘
1396,10:30:49,5.24,-0.01,10,5240,卖盘
1397,10:30:39,5.25,0.01,3,1575,买盘
1398,10:30:29,5.24,-0.01,80,41920,卖盘
1399,10:30:24,5.25,0.01,252,132300,买盘
1400,10:30:19,5.24,--,1,524,卖盘
1401,10:30:14,5.24,--,224,117376,卖盘
1402,10:30:09,5.24,-0.01,37,19388,卖盘
1403,10:29:59,5.25,0.01,465,244125,买盘
1404,10:29:54,5.24,-0.01,26,13624,卖盘
1405,10:29:49,5.25,0.01,6,3150,买盘
1406,10:29:34,5.24,--,88,46112,卖盘
1407,10:29:29,5.24,--,16,8384,卖盘
1408,10:29:24,5.24,-0.01,59,30916,卖盘
1409,10:29:19,5.25,0.01,438,229950,买盘
1410,10:29:14,5.24,--,34,17816,卖盘
1411,10:28:54,5.24,-0.01,30,15720,卖盘
1412,10:28:44,5.25,--,97,50925,买盘
1413,10:28:34,5.25,0.01,26,13650,买盘
1414,10:28:18,5.24,-0.01,6,3316,卖盘
1415,10:28:09,5.25,--,56,29400,买盘
1416,10:28:04,5.25,0.01,85,44625,买盘
1417,10:27:59,5.24,-0.01,24,12576,卖盘
1418,10:27:54,5.25,0.01,16,8400,买盘
1419,10:27:48,5.24,-0.01,34,17816,卖盘
1420,10:27:44,5.25,--,12,6300,买盘
1421,10:27:39,5.25,--,6,3150,买盘
1422,10:27:33,5.25,0.01,230,120750,买盘
1423,10:27:29,5.24,-0.01,505,264620,卖盘
1424,10:27:18,5.25,--,12,6300,买盘
1425,10:27:14,5.25,0.01,28,14700,买盘
1426,10:27:09,5.24,--,365,191260,卖盘
1427,10:26:58,5.24,-0.01,81,42444,卖盘
1428,10:26:39,5.25,0.01,227,119175,买盘
1429,10:26:33,5.24,--,26,13624,卖盘
1430,10:26:24,5.24,--,10,5240,卖盘
1431,10:26:18,5.24,-0.01,68,35632,卖盘
1432,10:26:09,5.25,--,14,7350,买盘
1433,10:26:03,5.25,0.01,154,80850,买盘
1434,10:25:54,5.24,--,1,524,卖盘
1435,10:25:48,5.24,-0.01,13,6812,卖盘
1436,10:25:43,5.25,0.01,127,66675,买盘
1437,10:25:33,5.24,--,13,6812,卖盘
1438,10:25:13,5.24,-0.01,200,104800,卖盘
1439,10:25:09,5.25,0.01,839,440475,买盘
1440,10:24:48,5.24,-0.01,10,5240,卖盘
1441,10:24:38,5.25,--,32,16800,买盘
1442,10:24:33,5.25,0.01,198,103950,买盘
1443,10:24:23,5.24,--,34,17816,卖盘
1444,10:24:18,5.24,-0.01,1,524,卖盘
1445,10:24:08,5.25,--,163,85575,买盘
1446,10:24:03,5.25,0.01,2,1050,买盘
1447,10:23:58,5.24,-0.01,10,5240,卖盘
1448,10:23:53,5.25,0.01,31,16275,买盘
1449,10:23:48,5.24,-0.01,255,133620,卖盘
1450,10:23:38,5.25,0.01,280,147000,买盘
1451,10:23:28,5.24,--,20,10480,卖盘
1452,10:23:18,5.24,--,9,4716,卖盘
1453,10:23:13,5.24,--,28,14672,卖盘
1454,10:23:08,5.24,--,176,92224,卖盘
1455,10:23:03,5.24,-0.01,189,99036,卖盘
1456,10:22:58,5.25,--,100,52500,买盘
1457,10:22:53,5.25,--,2,1050,买盘
1458,10:22:48,5.25,--,124,65100,买盘
1459,10:22:38,5.25,0.01,32,16800,买盘
1460,10:22:33,5.24,--,139,72836,卖盘
1461,10:22:23,5.24,--,21,11004,卖盘
1462,10:22:18,5.24,-0.01,52,27248,卖盘
1463,10:22:13,5.25,0.01,50,26250,买盘
1464,10:22:08,5.24,--,64,33536,卖盘
1465,10:22:03,5.24,-0.01,49,25676,卖盘
1466,10:21:48,5.25,0.01,19,9975,买盘
1467,10:21:43,5.24,-0.01,80,41920,卖盘
1468,10:21:38,5.25,0.01,374,196350,买盘
1469,10:21:28,5.24,--,88,46112,卖盘
1470,10:21:23,5.24,--,56,29344,卖盘
1471,10:21:18,5.24,-0.01,1069,560156,卖盘
1472,10:21:08,5.25,0.01,31,16275,买盘
1473,10:21:03,5.24,-0.01,153,80172,卖盘
1474,10:20:58,5.25,0.01,3,1575,买盘
1475,10:20:53,5.24,--,49,25676,卖盘
1476,10:20:38,5.24,-0.01,64,33536,卖盘
1477,10:20:33,5.25,--,18,9450,卖盘
1478,10:20:23,5.25,--,49,25725,卖盘
1479,10:20:18,5.25,--,216,113400,卖盘
1480,10:20:12,5.25,--,265,139550,卖盘
1481,10:20:08,5.25,-0.01,270,141750,卖盘
1482,10:20:03,5.26,0.02,59,31034,买盘
1483,10:19:57,5.24,--,116,60784,卖盘
1484,10:19:53,5.24,-0.01,302,158248,卖盘
1485,10:19:42,5.25,--,93,48825,买盘
1486,10:19:38,5.25,--,32,16800,买盘
1487,10:19:33,5.25,-0.01,137,71925,卖盘
1488,10:19:27,5.26,0.01,2,1052,买盘
1489,10:19:22,5.25,--,15,7875,卖盘
1490,10:19:12,5.25,--,106,55650,买盘
1491,10:19:07,5.25,--,33,17325,买盘
1492,10:18:57,5.25,0.01,248,130200,买盘
1493,10:18:42,5.24,--,50,26200,卖盘
1494,10:18:37,5.24,-0.01,81,42444,卖盘
1495,10:18:17,5.25,--,50,26250,买盘
1496,10:18:12,5.25,--,105,55125,买盘
1497,10:18:07,5.25,0.01,31,16275,买盘
1498,10:18:02,5.24,-0.01,1,524,卖盘
1499,10:17:57,5.25,-0.01,82,43050,买盘
1500,10:17:52,5.26,--,0,0,买盘
1501,10:17:47,5.26,--,31,16306,买盘
1502,10:17:42,5.26,--,0,0,买盘
1503,10:17:37,5.26,0.01,32,16832,买盘
1504,10:17:27,5.25,--,96,50400,卖盘
1505,10:17:22,5.25,--,70,36750,卖盘
1506,10:17:12,5.25,--,24,12600,卖盘
1507,10:17:07,5.25,--,82,43050,卖盘
1508,10:16:57,5.25,--,25,13125,卖盘
1509,10:16:52,5.25,--,1,525,卖盘
1510,10:16:47,5.25,--,230,120750,卖盘
1511,10:16:42,5.25,--,38,19950,买盘
1512,10:16:37,5.25,--,32,16800,买盘
1513,10:16:32,5.25,0.01,5,2625,买盘
1514,10:16:26,5.24,-0.01,133,69692,卖盘
1515,10:16:22,5.25,--,10,5250,卖盘
1516,10:16:12,5.25,0.01,30,15750,卖盘
1517,10:16:07,5.24,--,0,0,卖盘
1518,10:16:02,5.24,--,115,60260,卖盘
1519,10:15:57,5.24,-0.01,88,46112,卖盘
1520,10:15:52,5.25,-0.01,12,6300,买盘
1521,10:15:47,5.26,--,19,9994,买盘
1522,10:15:42,5.26,0.01,242,127292,买盘
1523,10:15:37,5.25,0.01,32,16800,买盘
1524,10:15:26,5.24,-0.01,508,266192,卖盘
1525,10:15:22,5.25,--,54,28350,卖盘
1526,10:15:17,5.25,--,271,142275,卖盘
1527,10:15:12,5.25,--,2613,1371825,卖盘
1528,10:15:07,5.25,--,1578,828450,卖盘
1529,10:15:02,5.25,--,2,1050,卖盘
1530,10:14:57,5.25,--,95,49875,卖盘
1531,10:14:52,5.25,--,133,69825,卖盘
1532,10:14:47,5.25,--,98,51450,卖盘
1533,10:14:41,5.25,-0.01,15,7875,卖盘
1534,10:14:37,5.26,0.01,32,16832,买盘
1535,10:14:32,5.25,-0.01,50,26250,卖盘
1536,10:14:27,5.26,0.01,16,8416,买盘
1537,10:14:22,5.25,--,53,27825,卖盘
1538,10:14:17,5.25,--,372,195300,卖盘
1539,10:14:12,5.25,--,87,45675,卖盘
1540,10:14:07,5.25,--,92,48300,卖盘
1541,10:14:02,5.25,--,52,27300,卖盘
1542,10:13:57,5.25,--,196,102900,卖盘
1543,10:13:47,5.25,--,118,61950,卖盘
1544,10:13:42,5.25,-0.01,35,18375,卖盘
1545,10:13:37,5.26,0.01,32,16832,买盘
1546,10:13:26,5.25,--,301,158025,卖盘
1547,10:13:22,5.25,--,60,31500,卖盘
1548,10:13:17,5.25,-0.01,30,15750,卖盘
1549,10:13:11,5.26,--,28,14728,买盘
1550,10:13:06,5.26,0.01,32,16832,买盘
1551,10:13:02,5.25,-0.01,100,52500,卖盘
1552,10:12:51,5.26,0.01,38,19988,买盘
1553,10:12:42,5.25,-0.01,200,105000,卖盘
1554,10:12:36,5.26,0.01,32,16832,买盘
1555,10:12:32,5.25,-0.01,9,4725,卖盘
1556,10:12:27,5.26,0.01,44,23144,买盘
1557,10:12:11,5.25,-0.01,10,5250,卖盘
1558,10:12:05,5.26,--,31,16306,买盘
1559,10:11:42,5.26,0.01,31,16306,买盘
1560,10:11:36,5.25,--,137,71925,卖盘
1561,10:11:21,5.25,-0.01,26,13650,卖盘
1562,10:11:01,5.26,--,22,11572,买盘
1563,10:10:56,5.26,0.01,207,108882,买盘
1564,10:10:51,5.25,--,50,26250,卖盘
1565,10:10:46,5.25,-0.01,9,4725,卖盘
1566,10:10:41,5.26,0.01,21,11046,买盘
1567,10:10:35,5.25,--,20,10500,卖盘
1568,10:10:11,5.25,-0.01,521,273525,卖盘
1569,10:09:56,5.26,--,306,160956,买盘
1570,10:09:41,5.26,--,36,18936,买盘
1571,10:09:35,5.26,--,124,65224,买盘
1572,10:09:26,5.26,0.01,684,360236,买盘
1573,10:09:20,5.25,--,200,105000,买盘
1574,10:09:16,5.25,--,60,31500,买盘
1575,10:09:11,5.25,--,10,5250,买盘
1576,10:09:05,5.25,--,318,166950,买盘
1577,10:09:01,5.25,--,22,11550,买盘
1578,10:08:56,5.25,--,17,8925,买盘
1579,10:08:35,5.25,0.01,2,1050,买盘
1580,10:08:21,5.24,-0.01,255,133620,卖盘
1581,10:08:11,5.25,--,2,1050,买盘
1582,10:08:06,5.25,0.01,30,15750,买盘
1583,10:07:55,5.24,-0.01,226,118424,卖盘
1584,10:07:50,5.25,--,114,59850,买盘
1585,10:07:40,5.25,--,14,7350,买盘
1586,10:07:35,5.25,0.01,17,8925,买盘
1587,10:07:25,5.24,--,55,28820,卖盘
1588,10:07:11,5.24,--,3,1572,卖盘
1589,10:06:41,5.24,--,10,5240,卖盘
1590,10:06:36,5.24,--,80,41920,卖盘
1591,10:06:31,5.24,-0.01,121,63404,卖盘
1592,10:06:25,5.25,--,2,1050,买盘
1593,10:06:21,5.25,0.01,60,31505,买盘
1594,10:06:16,5.24,--,7,3668,卖盘
1595,10:06:10,5.24,-0.01,40,20960,卖盘
1596,10:06:05,5.25,--,100,52500,买盘
1597,10:05:55,5.25,0.01,37,19425,买盘
1598,10:05:46,5.24,--,100,52400,卖盘
1599,10:05:40,5.24,-0.01,37,19388,卖盘
1600,10:05:36,5.25,0.01,18,9450,买盘
1601,10:05:25,5.24,--,59,30916,卖盘
1602,10:05:20,5.24,-0.01,30,15720,卖盘
1603,10:05:16,5.25,--,122,64050,买盘
1604,10:05:01,5.25,0.01,1,525,买盘
1605,10:04:55,5.24,-0.01,8,4192,卖盘
1606,10:04:50,5.25,0.01,481,252525,买盘
1607,10:04:40,5.24,-0.01,10,5240,卖盘
1608,10:04:36,5.25,--,15,7875,买盘
1609,10:04:25,5.25,0.01,15,7875,买盘
1610,10:04:20,5.24,--,15,7860,卖盘
1611,10:04:10,5.24,-0.01,90,47160,卖盘
1612,10:04:05,5.25,0.01,40,21000,买盘
1613,10:03:55,5.24,--,34,17816,卖盘
1614,10:03:50,5.24,-0.01,267,139908,卖盘
1615,10:03:44,5.25,--,60,31500,买盘
1616,10:03:40,5.25,--,56,29400,买盘
1617,10:03:35,5.25,--,118,61950,买盘
1618,10:03:29,5.25,0.01,30,15750,买盘
1619,10:03:20,5.24,-0.02,34,17816,卖盘
1620,10:03:10,5.26,0.01,108,56808,买盘
1621,10:03:05,5.25,--,60,31500,卖盘
1622,10:02:50,5.25,--,30,15750,卖盘
1623,10:02:44,5.25,--,138,72450,卖盘
1624,10:02:40,5.25,--,256,134400,卖盘
1625,10:02:35,5.25,--,50,26250,卖盘
1626,10:02:29,5.25,--,12,6300,卖盘
1627,10:02:25,5.25,--,162,85050,卖盘
1628,10:02:14,5.25,-0.01,1266,664650,卖盘
1629,10:01:59,5.26,--,46,24196,买盘
1630,10:01:55,5.26,0.01,10,5260,买盘
1631,10:01:50,5.25,--,255,133875,卖盘
1632,10:01:44,5.25,--,1,525,卖盘
1633,10:01:40,5.25,-0.01,5,2625,卖盘
1634,10:01:35,5.26,--,12,6312,买盘
1635,10:01:29,5.26,0.01,2531,1331306,买盘
1636,10:01:20,5.25,--,382,200550,卖盘
1637,10:01:14,5.25,--,1530,803250,卖盘
1638,10:01:04,5.25,--,34,17850,卖盘
1639,10:00:55,5.25,-0.01,60,31500,卖盘
1640,10:00:44,5.26,--,52,27352,买盘
1641,10:00:19,5.26,--,13,6838,买盘
1642,10:00:04,5.26,--,62,32612,买盘
1643,09:59:49,5.26,--,25,13150,买盘
1644,09:59:40,5.26,--,10,5260,买盘
1645,09:59:34,5.26,--,13,6838,买盘
1646,09:59:29,5.26,0.01,68,35768,买盘
1647,09:59:04,5.25,-0.01,144,75600,卖盘
1648,09:58:54,5.26,0.01,121,63646,买盘
1649,09:58:49,5.25,--,9,4725,卖盘
1650,09:58:39,5.25,-0.01,2,1050,卖盘
1651,09:58:34,5.26,0.01,32,16832,买盘
1652,09:58:19,5.25,-0.01,1,577,卖盘
1653,09:58:14,5.26,--,26,13676,买盘
1654,09:57:44,5.26,0.01,16,8416,买盘
1655,09:57:34,5.25,-0.01,249,130725,卖盘
1656,09:57:29,5.26,0.01,16,8416,买盘
1657,09:57:25,5.25,--,22,11550,卖盘
1658,09:57:14,5.25,--,30,15750,卖盘
1659,09:57:09,5.25,-0.01,8,4200,卖盘
1660,09:56:59,5.26,--,20,10520,买盘
1661,09:56:55,5.26,0.01,4,2104,买盘
1662,09:56:49,5.25,--,100,52500,卖盘
1663,09:56:44,5.25,-0.01,1,525,卖盘
1664,09:56:29,5.26,--,96,50496,买盘
1665,09:56:24,5.26,--,20,10520,买盘
1666,09:56:19,5.26,--,55,28930,买盘
1667,09:55:38,5.26,--,20,10520,买盘
1668,09:55:34,5.26,--,13,6838,买盘
1669,09:55:29,5.26,--,32,16832,买盘
1670,09:55:14,5.26,0.01,134,70484,买盘
1671,09:55:04,5.25,--,39,20475,卖盘
1672,09:54:59,5.25,--,8,4200,卖盘
1673,09:54:53,5.25,--,294,154350,卖盘
1674,09:54:44,5.25,--,560,294000,卖盘
1675,09:54:38,5.25,--,100,52500,卖盘
1676,09:54:29,5.25,-0.01,100,52500,卖盘
1677,09:54:19,5.26,0.01,76,39976,买盘
1678,09:54:08,5.25,--,1,525,卖盘
1679,09:54:04,5.25,-0.01,48,25200,卖盘
1680,09:53:59,5.26,0.01,92,48392,买盘
1681,09:53:53,5.25,-0.01,100,52500,卖盘
1682,09:53:38,5.26,0.01,51,26826,买盘
1683,09:53:33,5.25,-0.01,40,21000,卖盘
1684,09:53:29,5.26,0.01,1,526,买盘
1685,09:53:14,5.25,-0.01,449,235725,卖盘
1686,09:53:08,5.26,0.01,124,65224,买盘
1687,09:52:53,5.25,--,136,71400,卖盘
1688,09:52:43,5.25,-0.01,230,120750,卖盘
1689,09:52:38,5.26,--,173,90998,买盘
1690,09:52:33,5.26,--,130,68380,买盘
1691,09:52:28,5.26,--,886,466036,买盘
1692,09:52:23,5.26,0.01,98,51548,买盘
1693,09:52:18,5.25,--,5067,2660175,卖盘
1694,09:52:08,5.25,--,1,525,卖盘
1695,09:52:03,5.25,-0.01,10,5250,卖盘
1696,09:51:58,5.26,--,33,17358,买盘
1697,09:51:53,5.26,0.01,914,480764,买盘
1698,09:51:48,5.25,-0.01,101,53025,卖盘
1699,09:51:43,5.26,0.01,2147,1129322,买盘
1700,09:51:38,5.25,--,316,165900,卖盘
1701,09:51:33,5.25,-0.01,300,157500,卖盘
1702,09:51:28,5.26,--,361,189886,买盘
1703,09:51:23,5.26,0.01,333,175158,买盘
1704,09:51:18,5.25,-0.01,291,152775,卖盘
1705,09:51:13,5.26,--,22,11572,买盘
1706,09:51:08,5.26,--,72,37872,买盘
1707,09:51:03,5.26,0.01,20,10520,买盘
1708,09:50:58,5.25,--,19,9975,卖盘
1709,09:50:53,5.25,--,10,5250,卖盘
1710,09:50:48,5.25,-0.01,6,3150,卖盘
1711,09:50:38,5.26,0.01,2,1052,买盘
1712,09:50:28,5.25,--,65,34125,卖盘
1713,09:50:23,5.25,--,4,2100,卖盘
1714,09:50:13,5.25,--,133,69825,卖盘
1715,09:50:08,5.25,-0.01,494,259350,卖盘
1716,09:50:03,5.26,--,73,38398,买盘
1717,09:49:53,5.26,--,677,356102,买盘
1718,09:49:43,5.26,--,124,65224,买盘
1719,09:49:38,5.26,--,677,356102,买盘
1720,09:49:28,5.26,--,145,76270,买盘
1721,09:49:18,5.26,--,10,5260,买盘
1722,09:49:08,5.26,--,354,186204,买盘
1723,09:48:58,5.26,0.01,341,179366,买盘
1724,09:48:53,5.25,--,548,287836,卖盘
1725,09:48:48,5.25,-0.01,590,309750,卖盘
1726,09:48:43,5.26,0.01,3,1578,买盘
1727,09:48:38,5.25,--,298,156450,卖盘
1728,09:48:33,5.25,-0.01,200,105000,卖盘
1729,09:48:28,5.26,--,53,27878,买盘
1730,09:48:23,5.26,--,43,22618,买盘
1731,09:48:18,5.26,0.01,104,54704,买盘
1732,09:48:13,5.25,--,2,1050,卖盘
1733,09:48:08,5.25,--,358,187950,卖盘
1734,09:48:03,5.25,--,294,154350,卖盘
1735,09:47:58,5.25,-0.01,114,59850,卖盘
1736,09:47:53,5.26,0.01,303,159378,买盘
1737,09:47:48,5.25,-0.01,573,300825,卖盘
1738,09:47:43,5.26,0.01,866,455516,买盘
1739,09:47:38,5.25,--,1481,777525,卖盘
1740,09:47:32,5.25,-0.01,1163,610575,卖盘
1741,09:47:13,5.26,0.01,10,5260,买盘
1742,09:47:08,5.25,--,34,17850,卖盘
1743,09:46:58,5.25,--,5,2625,卖盘
1744,09:46:53,5.25,--,31,16275,卖盘
1745,09:46:42,5.25,--,26,13970,卖盘
1746,09:46:38,5.25,-0.01,303,159075,卖盘
1747,09:46:32,5.26,0.01,14,7364,买盘
1748,09:46:27,5.25,--,26,13975,卖盘
1749,09:46:17,5.25,--,40,21000,卖盘
1750,09:46:07,5.25,-0.01,88,46530,卖盘
1751,09:46:02,5.26,0.01,32,16832,买盘
1752,09:45:52,5.25,-0.01,26,13975,卖盘
1753,09:45:37,5.26,--,97,51022,买盘
1754,09:45:32,5.26,--,15,7890,买盘
1755,09:45:27,5.26,--,16,8416,买盘
1756,09:45:12,5.26,--,56,29456,买盘
1757,09:45:07,5.26,--,206,108356,买盘
1758,09:44:52,5.26,--,3,1578,买盘
1759,09:44:37,5.26,0.01,62,32612,买盘
1760,09:44:32,5.25,-0.01,21,11025,卖盘
1761,09:44:22,5.26,--,54,28404,买盘
1762,09:44:17,5.26,0.01,34,17884,买盘
1763,09:44:07,5.25,--,399,209475,卖盘
1764,09:44:02,5.25,-0.01,5,2625,卖盘
1765,09:43:52,5.26,0.01,100,52600,买盘
1766,09:43:37,5.25,--,72,37800,卖盘
1767,09:43:32,5.25,--,93,48825,卖盘
1768,09:43:27,5.25,--,38,19950,卖盘
1769,09:43:22,5.25,--,58,30450,卖盘
1770,09:43:17,5.25,--,26,13980,卖盘
1771,09:43:07,5.25,--,120,63000,卖盘
1772,09:43:02,5.25,--,10,5250,卖盘
1773,09:42:52,5.25,-0.01,84,44430,卖盘
1774,09:42:42,5.26,0.01,5,2630,买盘
1775,09:42:37,5.25,-0.01,412,216300,卖盘
1776,09:42:32,5.26,--,136,71536,买盘
1777,09:42:27,5.26,0.01,14,7364,买盘
1778,09:42:22,5.25,-0.01,283,148905,卖盘
1779,09:42:17,5.26,--,28,14728,买盘
1780,09:42:07,5.26,--,92,48392,买盘
1781,09:42:02,5.26,--,160,84491,买盘
1782,09:41:52,5.26,0.01,26,13676,买盘
1783,09:41:42,5.25,--,1,525,卖盘
1784,09:41:32,5.25,-0.01,40,21000,卖盘
1785,09:41:22,5.26,--,135,71010,买盘
1786,09:41:12,5.26,--,18,9468,买盘
1787,09:41:07,5.26,--,9,4734,买盘
1788,09:41:02,5.26,0.01,27,14202,买盘
1789,09:40:52,5.25,-0.01,30,15750,卖盘
1790,09:40:41,5.26,--,62,32612,买盘
1791,09:40:27,5.26,--,11,5786,买盘
1792,09:40:22,5.26,--,74,38924,买盘
1793,09:40:17,5.26,--,193,101518,买盘
1794,09:40:07,5.26,--,48,25248,买盘
1795,09:40:01,5.26,--,47,24722,买盘
1796,09:39:52,5.26,--,886,466036,买盘
1797,09:39:47,5.26,0.01,25,13150,买盘
1798,09:39:37,5.25,-0.01,38,19950,卖盘
1799,09:39:32,5.26,0.01,24,12624,买盘
1800,09:39:26,5.25,-0.01,2,1050,卖盘
1801,09:39:21,5.26,--,32,16832,买盘
1802,09:39:16,5.26,--,128,67328,买盘
1803,09:39:11,5.26,0.01,207,108882,买盘
1804,09:39:01,5.25,-0.01,6,3150,卖盘
1805,09:38:41,5.26,0.01,208,109828,买盘
1806,09:38:36,5.25,-0.01,68,35700,卖盘
1807,09:38:31,5.26,--,372,195672,买盘
1808,09:38:26,5.26,0.01,10,5260,买盘
1809,09:38:21,5.25,-0.01,17,8925,卖盘
1810,09:38:01,5.26,0.01,46,24196,买盘
1811,09:37:46,5.25,-0.01,500,262500,卖盘
1812,09:37:41,5.26,0.01,1020,536520,买盘
1813,09:37:36,5.25,--,34,17850,卖盘
1814,09:37:31,5.25,-0.01,64,33600,卖盘
1815,09:37:16,5.26,--,503,264578,买盘
1816,09:37:11,5.26,--,100,52600,买盘
1817,09:36:56,5.26,--,39,20514,买盘
1818,09:36:46,5.26,--,72,37872,买盘
1819,09:36:41,5.26,0.01,73,38398,买盘
1820,09:36:36,5.25,--,1,525,卖盘
1821,09:36:31,5.25,--,49,25725,卖盘
1822,09:36:21,5.25,--,50,26250,卖盘
1823,09:36:11,5.25,--,200,105000,卖盘
1824,09:36:01,5.25,--,90,47250,卖盘
1825,09:35:46,5.25,--,10,5250,卖盘
1826,09:35:41,5.25,-0.01,9,5197,卖盘
1827,09:35:36,5.26,0.01,11,5786,买盘
1828,09:35:26,5.25,--,4,2100,卖盘
1829,09:35:16,5.25,--,5,2625,卖盘
1830,09:35:06,5.25,--,5,2625,卖盘
1831,09:34:56,5.25,--,240,126000,卖盘
1832,09:34:51,5.25,-0.01,53,27825,卖盘
1833,09:34:46,5.26,0.01,219,115194,买盘
1834,09:34:41,5.25,--,2,1050,卖盘
1835,09:34:26,5.25,--,1,525,卖盘
1836,09:34:16,5.25,-0.01,112,58800,卖盘
1837,09:34:11,5.26,0.01,1,526,买盘
1838,09:34:06,5.25,--,34,17850,卖盘
1839,09:33:56,5.25,--,169,88725,卖盘
1840,09:33:51,5.25,--,320,168000,卖盘
1841,09:33:46,5.25,--,418,219450,卖盘
1842,09:33:41,5.25,-0.01,20,10500,卖盘
1843,09:33:36,5.26,--,1,526,买盘
1844,09:33:31,5.26,0.01,21,11046,买盘
1845,09:33:26,5.25,-0.01,23,12075,卖盘
1846,09:33:11,5.26,--,94,49444,买盘
1847,09:33:06,5.26,--,20,10520,买盘
1848,09:33:01,5.26,--,186,97836,买盘
1849,09:32:50,5.26,--,2,1052,买盘
1850,09:32:40,5.26,--,41,21566,买盘
1851,09:32:31,5.26,--,110,57860,买盘
1852,09:32:16,5.26,--,5,2630,买盘
1853,09:32:01,5.26,--,162,85212,买盘
1854,09:31:55,5.26,0.01,9,4734,买盘
1855,09:31:50,5.25,-0.01,13,6825,卖盘
1856,09:31:46,5.26,0.01,280,147280,买盘
1857,09:31:40,5.25,--,10,5250,卖盘
1858,09:31:35,5.25,--,100,52500,卖盘
1859,09:31:31,5.25,--,90,47250,卖盘
1860,09:31:25,5.25,--,80,42000,卖盘
1861,09:31:15,5.25,-0.01,80,42000,卖盘
1862,09:31:10,5.26,0.01,56,29456,买盘
1863,09:31:00,5.25,--,14,7350,卖盘
1864,09:30:55,5.25,--,6,3412,卖盘
1865,09:30:45,5.25,-0.01,21,11025,卖盘
1866,09:30:35,5.26,--,1,526,买盘
1867,09:30:30,5.26,0.01,2,1052,买盘
1868,09:30:20,5.25,--,6,3150,卖盘
1869,09:30:10,5.25,-0.01,7,3675,卖盘
1870,09:30:05,5.26,0.01,273,143598,买盘
1871,09:28:47,5.25,--,0,0,卖盘
1872,09:25:04,5.25,5.25,582,305550,买盘
