,time,price,change,volume,amount,type
0,15:00:00,8.46,-0.01,0,0,卖盘
1,15:00:00,8.47,--,0,0,买盘
2,14:59:58,8.47,--,309,261723,买盘
3,14:59:53,8.47,--,23,19481,买盘
4,14:59:49,8.47,0.01,6,5082,买盘
5,14:59:43,8.46,--,6,5076,卖盘
6,14:59:38,8.46,--,512,433152,买盘
7,14:59:33,8.46,0.01,335,283410,买盘
8,14:59:28,8.45,--,255,215474,买盘
9,14:59:23,8.45,--,42,35490,卖盘
10,14:59:18,8.45,0.01,25,21125,买盘
11,14:59:13,8.44,-0.01,155,130819,卖盘
12,14:59:08,8.45,--,87,73515,买盘
13,14:59:03,8.45,--,49,41405,买盘
14,14:58:58,8.45,0.01,55,46474,买盘
15,14:58:53,8.44,--,118,99592,卖盘
16,14:58:48,8.44,-0.01,146,123224,买盘
17,14:58:43,8.45,--,1134,958229,买盘
18,14:58:38,8.45,0.04,63,53234,买盘
19,14:58:33,8.41,-0.04,2225,1871225,卖盘
20,14:58:28,8.45,0.01,66,55769,买盘
21,14:58:23,8.44,-0.01,302,254887,卖盘
22,14:58:18,8.45,-0.01,568,479959,卖盘
23,14:58:13,8.46,--,54,45684,买盘
24,14:58:08,8.46,--,259,219114,卖盘
25,14:57:58,8.46,--,95,80370,卖盘
26,14:57:53,8.46,-0.01,120,101520,卖盘
27,14:57:48,8.47,--,10,8470,买盘
28,14:57:43,8.47,0.01,7,5929,买盘
29,14:57:38,8.46,-0.01,145,122670,卖盘
30,14:57:33,8.47,--,170,143990,买盘
31,14:57:28,8.47,0.01,115,97405,买盘
32,14:57:23,8.46,-0.01,838,708948,卖盘
33,14:57:13,8.47,--,43,36421,买盘
34,14:57:08,8.47,0.01,25,21175,买盘
35,14:57:03,8.46,-0.01,14,11844,卖盘
36,14:56:58,8.47,--,287,243089,卖盘
37,14:56:53,8.47,--,442,374374,卖盘
38,14:56:48,8.47,-0.01,10,8470,卖盘
39,14:56:43,8.48,0.01,118,100064,买盘
40,14:56:38,8.47,--,71,60137,卖盘
41,14:56:33,8.47,-0.01,51,43197,卖盘
42,14:56:28,8.48,0.01,319,270512,买盘
43,14:56:22,8.47,--,40,33880,卖盘
44,14:56:18,8.47,--,4,3388,卖盘
45,14:56:13,8.47,--,47,39809,卖盘
46,14:56:07,8.47,--,53,44891,卖盘
47,14:56:03,8.47,-0.01,224,189728,卖盘
48,14:55:58,8.48,0.01,29,24592,买盘
49,14:55:52,8.47,--,101,85547,卖盘
50,14:55:48,8.47,0.01,20,16940,中性盘
51,14:55:43,8.46,-0.01,143,120978,卖盘
52,14:55:37,8.47,--,67,56749,买盘
53,14:55:33,8.47,--,5,4235,买盘
54,14:55:28,8.47,-0.01,21,17787,卖盘
55,14:55:22,8.48,0.01,94,79712,买盘
56,14:55:17,8.47,-0.01,126,106722,卖盘
57,14:55:13,8.48,--,4,3392,买盘
58,14:55:07,8.48,--,99,83952,买盘
59,14:55:02,8.48,0.01,40,33920,买盘
60,14:54:58,8.47,-0.01,114,96558,卖盘
61,14:54:52,8.48,0.01,26,22048,买盘
62,14:54:47,8.47,-0.01,43,36421,卖盘
63,14:54:37,8.48,--,15,12720,买盘
64,14:54:32,8.48,--,26,22048,买盘
65,14:54:27,8.48,--,14,11872,卖盘
66,14:54:22,8.48,--,10,8480,卖盘
67,14:54:17,8.48,--,113,95824,卖盘
68,14:54:12,8.48,-0.01,12,10176,卖盘
69,14:54:07,8.49,--,10,8490,买盘
70,14:54:02,8.49,0.01,5,4245,买盘
71,14:53:57,8.48,--,5,4240,卖盘
72,14:53:52,8.48,--,163,138224,卖盘
73,14:53:47,8.48,-0.01,57,48336,卖盘
74,14:53:42,8.49,--,25,21225,买盘
75,14:53:37,8.49,--,116,98484,买盘
76,14:53:32,8.49,0.01,126,106974,买盘
77,14:53:27,8.48,-0.01,28,23744,卖盘
78,14:53:22,8.49,--,79,67071,买盘
79,14:53:17,8.49,0.01,3,2547,买盘
80,14:53:02,8.48,--,45,38160,卖盘
81,14:52:52,8.48,--,3,2544,卖盘
82,14:52:47,8.48,--,28,23744,卖盘
83,14:52:37,8.48,--,82,69536,卖盘
84,14:52:32,8.48,--,94,79712,买盘
85,14:52:27,8.48,--,196,166208,买盘
86,14:52:22,8.48,--,30,25440,买盘
87,14:52:12,8.48,-0.02,58,49184,卖盘
88,14:52:07,8.5,0.02,60,51000,买盘
89,14:52:02,8.48,--,5,4240,卖盘
90,14:51:57,8.48,-0.01,5,4240,卖盘
91,14:51:52,8.49,--,11,9339,买盘
92,14:51:47,8.49,0.01,98,83202,买盘
93,14:51:37,8.48,--,32,27136,卖盘
94,14:51:32,8.48,--,2,1696,卖盘
95,14:51:27,8.48,0.02,58,49184,买盘
96,14:51:22,8.46,-0.01,76,64296,卖盘
97,14:51:17,8.47,-0.01,72,60984,卖盘
98,14:51:12,8.48,--,212,179776,买盘
99,14:51:07,8.48,0.01,505,428240,买盘
100,14:51:02,8.47,-0.01,50,42350,卖盘
101,14:50:52,8.48,0.01,50,42400,买盘
102,14:50:47,8.47,--,256,216832,买盘
103,14:50:37,8.47,--,11,9317,买盘
104,14:50:32,8.47,--,18,15246,买盘
105,14:50:27,8.47,0.01,65,55055,买盘
106,14:50:17,8.46,-0.01,5,4230,卖盘
107,14:50:12,8.47,0.01,58,49126,买盘
108,14:50:07,8.46,-0.01,12,10152,卖盘
109,14:50:02,8.47,0.01,12,10164,买盘
110,14:49:57,8.46,-0.01,49,41454,卖盘
111,14:49:52,8.47,0.01,46,38962,买盘
112,14:49:46,8.46,-0.01,22,18612,卖盘
113,14:49:37,8.47,0.01,120,101640,买盘
114,14:49:27,8.46,--,13,10998,卖盘
115,14:49:22,8.46,--,2,1692,卖盘
116,14:49:12,8.46,-0.01,19,16074,卖盘
117,14:49:01,8.47,--,10,8470,买盘
118,14:48:57,8.47,0.01,20,16940,买盘
119,14:48:52,8.46,-0.01,100,84600,卖盘
120,14:48:46,8.47,--,10,8470,买盘
121,14:48:42,8.47,--,56,47432,买盘
122,14:48:31,8.47,--,11,9317,买盘
123,14:48:27,8.47,--,130,110110,买盘
124,14:48:16,8.47,-0.01,219,185493,卖盘
125,14:48:12,8.48,0.01,17,14416,买盘
126,14:48:07,8.47,0.01,30,25410,卖盘
127,14:48:01,8.46,-0.01,24,20304,卖盘
128,14:47:52,8.47,-0.01,7,5929,买盘
129,14:47:46,8.48,0.01,72,61056,买盘
130,14:47:42,8.47,-0.01,2,1694,卖盘
131,14:47:37,8.48,0.02,2,1696,买盘
132,14:47:31,8.46,-0.01,169,142974,卖盘
133,14:47:26,8.47,--,119,100793,卖盘
134,14:47:16,8.47,--,21,17787,卖盘
135,14:47:11,8.47,--,55,46601,卖盘
136,14:47:01,8.47,-0.01,22,18634,卖盘
137,14:46:56,8.48,0.01,14,11872,买盘
138,14:46:51,8.47,--,54,45738,卖盘
139,14:46:46,8.47,-0.01,10,8470,卖盘
140,14:46:41,8.48,0.01,2,1696,买盘
141,14:46:36,8.47,--,35,29645,卖盘
142,14:46:31,8.47,--,100,84700,卖盘
143,14:46:26,8.47,-0.01,30,25410,卖盘
144,14:46:21,8.48,0.01,2,1696,买盘
145,14:46:11,8.47,-0.01,42,35574,卖盘
146,14:45:46,8.48,--,2,1696,买盘
147,14:45:26,8.48,0.01,2,1696,买盘
148,14:45:21,8.47,--,1,847,卖盘
149,14:45:11,8.47,--,84,71148,卖盘
150,14:45:01,8.47,--,10,8470,卖盘
151,14:44:56,8.47,--,1,847,卖盘
152,14:44:46,8.47,--,2,1694,卖盘
153,14:44:36,8.47,-0.01,3,2541,卖盘
154,14:44:31,8.48,0.01,30,25440,买盘
155,14:44:16,8.47,-0.01,120,101640,卖盘
156,14:44:11,8.48,--,2,1696,买盘
157,14:43:56,8.48,--,629,533392,卖盘
158,14:43:41,8.48,--,5,4240,卖盘
159,14:43:31,8.48,-0.01,13,11024,卖盘
160,14:43:25,8.49,--,2,1698,买盘
161,14:43:21,8.49,--,2,1698,卖盘
162,14:43:16,8.49,--,28,23772,买盘
163,14:42:55,8.49,--,78,66222,卖盘
164,14:42:51,8.49,--,20,16980,卖盘
165,14:42:46,8.49,--,15,12735,卖盘
166,14:42:40,8.49,--,31,26319,卖盘
167,14:42:36,8.49,-0.01,120,101880,卖盘
168,14:42:31,8.5,--,69,58650,买盘
169,14:42:25,8.5,--,90,76500,买盘
170,14:42:16,8.5,--,2,1700,买盘
171,14:42:10,8.5,--,2,1700,买盘
172,14:42:06,8.5,--,30,25500,买盘
173,14:41:51,8.5,--,41,34850,卖盘
174,14:41:40,8.5,-0.01,74,62900,卖盘
175,14:41:36,8.51,0.01,13,11063,买盘
176,14:41:25,8.5,--,1,850,卖盘
177,14:41:21,8.5,--,20,17000,卖盘
178,14:41:16,8.5,-0.01,15,12750,卖盘
179,14:41:10,8.51,0.01,2,1702,买盘
180,14:41:06,8.5,-0.01,26,22100,卖盘
181,14:40:55,8.51,0.01,70,59570,买盘
182,14:40:40,8.5,-0.01,17,14450,卖盘
183,14:40:35,8.51,--,15,12765,买盘
184,14:40:25,8.51,--,10,8510,买盘
185,14:40:20,8.51,--,1,851,买盘
186,14:40:05,8.51,--,20,17020,买盘
187,14:39:55,8.51,0.01,23,19573,买盘
188,14:39:50,8.5,--,25,21250,卖盘
189,14:39:40,8.5,--,50,42500,卖盘
190,14:39:35,8.5,--,10,8500,卖盘
191,14:39:30,8.5,--,1,850,卖盘
192,14:39:05,8.5,--,97,82450,买盘
193,14:39:00,8.5,--,37,31450,买盘
194,14:38:55,8.5,0.01,28,23800,卖盘
195,14:38:50,8.49,-0.01,40,33960,卖盘
196,14:38:45,8.5,--,193,164050,买盘
197,14:38:40,8.5,--,50,42500,买盘
198,14:38:35,8.5,--,10,8500,买盘
199,14:38:25,8.5,--,54,45900,买盘
200,14:38:20,8.5,--,50,42500,买盘
201,14:38:10,8.5,0.01,20,17000,买盘
202,14:37:40,8.49,--,5,4245,卖盘
203,14:37:25,8.49,-0.01,70,59430,卖盘
204,14:37:15,8.5,0.01,3,2550,买盘
205,14:37:05,8.49,-0.01,10,8490,卖盘
206,14:36:55,8.5,--,5,4250,买盘
207,14:36:49,8.5,0.01,22,18700,买盘
208,14:36:45,8.49,--,79,67071,买盘
209,14:36:40,8.49,0.01,30,25470,买盘
210,14:36:30,8.48,-0.01,23,19504,卖盘
211,14:36:25,8.49,--,4,3396,买盘
212,14:36:20,8.49,0.01,10,8490,买盘
213,14:36:15,8.48,-0.01,1,848,卖盘
214,14:36:10,8.49,--,35,29715,买盘
215,14:36:04,8.49,--,10,8490,买盘
216,14:35:49,8.49,--,3,2547,买盘
217,14:35:45,8.49,--,6,5094,买盘
218,14:35:30,8.49,--,64,54336,卖盘
219,14:35:25,8.49,--,3,2547,卖盘
220,14:35:19,8.49,-0.01,2,1698,卖盘
221,14:35:04,8.5,--,74,62900,买盘
222,14:35:00,8.5,--,12,10200,买盘
223,14:34:49,8.5,--,20,17000,买盘
224,14:34:40,8.5,-0.01,21,17850,卖盘
225,14:34:19,8.51,--,2,1702,买盘
226,14:34:15,8.51,-0.02,688,585488,卖盘
227,14:34:04,8.53,--,122,104065,买盘
228,14:34:00,8.53,0.01,23,19619,买盘
229,14:33:55,8.52,-0.01,10,8520,卖盘
230,14:33:49,8.53,--,47,40091,买盘
231,14:33:34,8.53,0.01,10,8530,买盘
232,14:33:30,8.52,-0.01,11,9372,卖盘
233,14:33:19,8.53,--,30,25589,买盘
234,14:33:15,8.53,-0.01,57,48620,卖盘
235,14:33:10,8.54,0.01,18,15371,买盘
236,14:33:04,8.53,--,260,221779,卖盘
237,14:32:55,8.53,--,96,81888,卖盘
238,14:32:49,8.53,--,316,269548,卖盘
239,14:32:45,8.53,--,24,20472,卖盘
240,14:32:34,8.53,-0.01,19,16206,卖盘
241,14:32:14,8.54,--,7,5977,买盘
242,14:32:04,8.54,0.01,2,1707,买盘
243,14:31:59,8.53,-0.01,100,85300,卖盘
244,14:31:54,8.54,--,4,3415,买盘
245,14:31:49,8.54,--,31,26473,买盘
246,14:31:44,8.54,--,44,37575,买盘
247,14:31:39,8.54,-0.01,35,29889,卖盘
248,14:31:34,8.55,0.01,54,46170,买盘
249,14:31:29,8.54,-0.01,558,476531,卖盘
250,14:31:19,8.55,--,13,11115,买盘
251,14:31:14,8.55,--,19,16245,买盘
252,14:31:09,8.55,0.01,20,17100,买盘
253,14:31:04,8.54,-0.01,5,4270,卖盘
254,14:30:59,8.55,0.01,68,58140,买盘
255,14:30:54,8.54,0.01,31,26473,买盘
256,14:30:49,8.53,-0.01,28,23884,卖盘
257,14:30:34,8.54,0.01,259,221185,买盘
258,14:30:29,8.53,--,51,43503,卖盘
259,14:30:24,8.53,--,10,8530,卖盘
260,14:30:19,8.53,-0.01,94,80182,卖盘
261,14:30:14,8.54,0.01,9,7685,买盘
262,14:30:09,8.53,--,10,8530,卖盘
263,14:30:04,8.53,-0.01,42,35826,卖盘
264,14:29:59,8.54,0.01,14,11955,买盘
265,14:29:49,8.53,--,60,51179,卖盘
266,14:29:43,8.53,--,12,10236,卖盘
267,14:29:29,8.53,--,152,129655,买盘
268,14:29:19,8.53,--,14,11942,买盘
269,14:29:13,8.53,--,71,60562,卖盘
270,14:29:04,8.53,--,42,35826,卖盘
271,14:28:58,8.53,0.01,110,93830,买盘
272,14:28:54,8.52,--,19,16188,卖盘
273,14:28:49,8.52,--,10,8520,卖盘
274,14:28:43,8.52,-0.02,442,376584,卖盘
275,14:28:39,8.54,0.02,350,298899,买盘
276,14:28:28,8.52,--,5,4260,卖盘
277,14:28:24,8.52,--,32,27264,买盘
278,14:28:13,8.52,--,3,2556,卖盘
279,14:28:09,8.52,-0.01,27,23004,卖盘
280,14:27:58,8.53,0.02,200,170600,买盘
281,14:27:54,8.51,--,0,0,卖盘
282,14:27:34,8.51,--,24,20424,卖盘
283,14:27:28,8.51,--,3,2553,卖盘
284,14:27:19,8.51,--,323,274873,买盘
285,14:27:13,8.51,--,6,5106,买盘
286,14:27:03,8.51,--,2,1702,买盘
287,14:26:58,8.51,-0.02,373,317423,卖盘
288,14:26:54,8.53,--,106,90418,买盘
289,14:26:48,8.53,--,10,8530,买盘
290,14:26:43,8.53,0.01,1,852,买盘
291,14:26:39,8.52,-0.02,30,25560,卖盘
292,14:26:33,8.54,0.02,131,111873,买盘
293,14:26:28,8.52,--,35,29820,卖盘
294,14:26:24,8.52,-0.02,43,36636,卖盘
295,14:26:19,8.54,0.03,131,111873,买盘
296,14:26:13,8.51,-0.03,38,32338,卖盘
297,14:26:09,8.54,0.01,7,5977,买盘
298,14:26:04,8.53,--,501,427352,买盘
299,14:25:58,8.53,--,47,40091,买盘
300,14:25:54,8.53,0.02,5,4265,买盘
301,14:25:49,8.51,-0.03,115,97865,卖盘
302,14:25:43,8.54,--,76,64903,买盘
303,14:25:38,8.54,--,73,62341,买盘
304,14:25:33,8.54,-0.01,150,128099,买盘
305,14:25:28,8.55,0.04,119,102505,买盘
306,14:25:24,8.51,-0.02,220,187220,买盘
307,14:25:18,8.53,0.02,806,687518,买盘
308,14:25:09,8.51,0.01,26,22126,买盘
309,14:25:03,8.5,0.01,583,495643,买盘
310,14:24:58,8.49,--,13,11037,卖盘
311,14:24:53,8.49,0.02,387,328563,买盘
312,14:24:43,8.47,--,3,2541,买盘
313,14:24:28,8.47,--,104,88088,卖盘
314,14:24:08,8.47,0.02,990,838530,买盘
315,14:23:43,8.45,--,1,844,卖盘
316,14:23:28,8.45,--,2,1689,卖盘
317,14:23:23,8.45,--,10,8450,卖盘
318,14:23:18,8.45,--,21,17745,卖盘
319,14:23:08,8.45,--,2,1689,卖盘
320,14:23:03,8.45,--,60,50699,卖盘
321,14:22:58,8.45,--,10,8450,卖盘
322,14:22:53,8.45,0.01,84,70980,买盘
323,14:22:43,8.44,-0.01,55,46420,卖盘
324,14:22:33,8.45,--,16,13519,卖盘
325,14:22:28,8.45,--,6,5070,买盘
326,14:22:23,8.45,--,15,12674,卖盘
327,14:22:13,8.45,--,15,12674,买盘
328,14:22:07,8.45,--,10,8450,买盘
329,14:22:03,8.45,0.01,1,844,买盘
330,14:21:58,8.44,-0.02,98,82712,卖盘
331,14:21:43,8.46,--,16,13536,买盘
332,14:21:33,8.46,-0.01,13,10998,卖盘
333,14:21:27,8.47,--,70,59290,买盘
334,14:21:22,8.47,0.01,46,38962,买盘
335,14:21:07,8.46,-0.02,1,846,卖盘
336,14:21:03,8.48,--,0,0,买盘
337,14:20:52,8.48,0.03,83,70384,买盘
338,14:20:48,8.45,-0.03,710,600448,卖盘
339,14:20:22,8.48,--,24,20352,买盘
340,14:20:07,8.48,0.02,8,6784,买盘
341,14:20:03,8.46,0.01,3,2538,卖盘
342,14:19:48,8.45,--,0,0,卖盘
343,14:19:42,8.45,-0.04,80,67600,卖盘
344,14:19:37,8.49,--,5,4245,买盘
345,14:19:22,8.49,0.04,12,10188,中性盘
346,14:19:07,8.45,-0.05,68,57459,卖盘
347,14:19:03,8.5,0.04,800,680000,买盘
348,14:18:57,8.46,0.01,10,8460,买盘
349,14:18:22,8.45,-0.01,50,42250,卖盘
350,14:18:18,8.46,--,36,30456,买盘
351,14:18:12,8.46,--,52,43992,买盘
352,14:18:07,8.46,--,55,46530,买盘
353,14:18:03,8.46,--,10,8460,买盘
354,14:17:52,8.46,0.01,123,104058,卖盘
355,14:17:33,8.45,--,0,0,卖盘
356,14:17:27,8.45,-0.03,2,1689,卖盘
357,14:17:22,8.48,0.03,552,468096,买盘
358,14:17:17,8.45,-0.01,77,65064,卖盘
359,14:17:07,8.46,--,26,21996,买盘
360,14:17:02,8.46,--,36,30456,买盘
361,14:16:52,8.46,--,200,169200,买盘
362,14:16:47,8.46,--,63,53298,卖盘
363,14:16:42,8.46,--,59,49914,卖盘
364,14:16:37,8.46,-0.01,24,20304,卖盘
365,14:16:32,8.47,--,1,847,买盘
366,14:16:27,8.47,--,11,9317,买盘
367,14:16:17,8.47,--,1,847,买盘
368,14:15:57,8.47,0.01,50,42350,买盘
369,14:15:52,8.46,--,10,8460,卖盘
370,14:15:37,8.46,-0.01,1,846,卖盘
371,14:15:32,8.47,0.01,314,265958,买盘
372,14:15:27,8.46,--,20,16920,买盘
373,14:15:22,8.46,-0.01,2,1692,中性盘
374,14:15:17,8.47,--,137,116039,买盘
375,14:15:02,8.47,0.01,10,8470,买盘
376,14:14:56,8.46,-0.01,19,16074,卖盘
377,14:14:52,8.47,0.01,60,50820,买盘
378,14:14:47,8.46,-0.01,50,42300,卖盘
379,14:14:37,8.47,0.01,21,17787,买盘
380,14:14:31,8.46,--,15,12690,卖盘
381,14:14:22,8.46,0.01,688,582394,买盘
382,14:14:16,8.45,--,10,8450,卖盘
383,14:14:07,8.45,--,3,2535,卖盘
384,14:14:01,8.45,--,73,61684,卖盘
385,14:13:52,8.45,--,71,59994,买盘
386,14:13:42,8.45,--,19,16054,卖盘
387,14:13:31,8.45,-0.01,17,14364,卖盘
388,14:13:27,8.46,0.01,111,93906,买盘
389,14:13:22,8.45,-0.01,31,26854,卖盘
390,14:13:16,8.46,--,19,16074,卖盘
391,14:13:11,8.46,--,20,16920,卖盘
392,14:13:07,8.46,--,11,9306,卖盘
393,14:13:01,8.46,--,3,2724,买盘
394,14:12:46,8.46,--,9,7614,买盘
395,14:12:42,8.46,0.01,200,169200,买盘
396,14:12:31,8.45,-0.01,25,21125,买盘
397,14:12:11,8.46,--,0,0,买盘
398,14:12:01,8.46,0.01,224,189504,买盘
399,14:11:56,8.45,--,53,45444,卖盘
400,14:11:41,8.45,--,6,5070,卖盘
401,14:11:31,8.45,0.02,462,390575,买盘
402,14:11:26,8.43,--,65,54795,买盘
403,14:11:11,8.43,--,300,252900,买盘
404,14:11:01,8.43,0.01,10,8430,买盘
405,14:10:56,8.42,--,20,16840,卖盘
406,14:10:51,8.42,--,0,0,卖盘
407,14:10:46,8.42,-0.02,51,42942,卖盘
408,14:10:36,8.44,0.02,40,33760,买盘
409,14:10:26,8.42,--,20,16840,卖盘
410,14:10:16,8.42,-0.02,9,7578,卖盘
411,14:10:06,8.44,--,0,0,买盘
412,14:10:01,8.44,0.02,800,675200,买盘
413,14:09:56,8.42,--,205,172610,买盘
414,14:09:51,8.42,--,4,3368,买盘
415,14:09:46,8.42,-0.01,93,78306,卖盘
416,14:09:41,8.43,0.01,3,2529,买盘
417,14:09:31,8.42,-0.01,40,33680,卖盘
418,14:09:26,8.43,--,91,76949,卖盘
419,14:09:16,8.43,--,68,57324,卖盘
420,14:09:11,8.43,-0.01,10,8430,卖盘
421,14:09:06,8.44,--,5,4220,买盘
422,14:09:01,8.44,--,10,8440,买盘
423,14:08:56,8.44,--,9,8203,买盘
424,14:08:51,8.44,--,15,12660,买盘
425,14:08:46,8.44,--,3,2532,买盘
426,14:08:41,8.44,--,80,67520,买盘
427,14:08:36,8.44,0.02,20,16880,买盘
428,14:08:31,8.42,-0.01,110,92620,卖盘
429,14:08:16,8.43,--,21,17703,卖盘
430,14:08:11,8.43,0.02,8,6744,买盘
431,14:08:01,8.41,-0.01,20,16820,卖盘
432,14:07:56,8.42,0.01,20,16840,买盘
433,14:07:51,8.41,-0.01,3,2531,卖盘
434,14:07:46,8.42,0.01,5,4210,买盘
435,14:07:41,8.41,--,13,10933,买盘
436,14:07:36,8.41,--,12,10092,买盘
437,14:07:31,8.41,0.01,61,51301,买盘
438,14:07:26,8.4,--,253,212520,买盘
439,14:07:21,8.4,--,1,840,买盘
440,14:07:16,8.4,--,791,664440,买盘
441,14:07:11,8.4,0.01,29,24360,买盘
442,14:07:01,8.39,-0.01,46,38594,卖盘
443,14:06:56,8.4,--,24,20160,买盘
444,14:06:50,8.4,0.01,56,47048,买盘
445,14:06:46,8.39,-0.01,10,8390,卖盘
446,14:06:41,8.4,0.01,134,112560,买盘
447,14:06:36,8.39,-0.01,38,31882,卖盘
448,14:06:31,8.4,0.01,177,148680,买盘
449,14:06:26,8.39,--,28,23517,买盘
450,14:06:20,8.39,--,36,30204,买盘
451,14:06:16,8.39,0.01,82,68798,买盘
452,14:06:10,8.38,0.01,109,91342,卖盘
453,14:06:01,8.37,-0.01,147,123038,卖盘
454,14:05:55,8.38,--,174,145812,买盘
455,14:05:50,8.38,0.01,68,57143,买盘
456,14:05:46,8.37,-0.01,129,108659,卖盘
457,14:05:40,8.38,--,100,83800,买盘
458,14:05:35,8.38,--,818,685484,卖盘
459,14:05:31,8.38,--,34,28492,卖盘
460,14:05:25,8.38,--,65,54470,卖盘
461,14:05:20,8.38,-0.01,144,120672,卖盘
462,14:05:16,8.39,-0.01,57,47823,卖盘
463,14:05:10,8.4,--,14,11760,买盘
464,14:05:05,8.4,--,5,4200,买盘
465,14:05:00,8.4,-0.01,972,817261,卖盘
466,14:04:55,8.41,0.01,407,342287,买盘
467,14:04:50,8.4,-0.01,1320,1108808,卖盘
468,14:04:45,8.41,0.01,196,164836,买盘
469,14:04:40,8.4,--,975,819008,卖盘
470,14:04:35,8.4,-0.01,28,23520,卖盘
471,14:04:30,8.41,0.01,30,25230,买盘
472,14:04:25,8.4,-0.02,98,82320,卖盘
473,14:04:20,8.42,0.01,110,92620,买盘
474,14:04:15,8.41,-0.01,314,264074,卖盘
475,14:04:10,8.42,0.01,113,95146,买盘
476,14:04:05,8.41,--,215,180815,卖盘
477,14:04:00,8.41,-0.01,1,841,卖盘
478,14:03:55,8.42,--,218,183556,买盘
479,14:03:50,8.42,--,399,335958,卖盘
480,14:03:45,8.42,--,20,16840,卖盘
481,14:03:40,8.42,--,185,155770,卖盘
482,14:03:35,8.42,--,20,16840,卖盘
483,14:03:30,8.42,-0.01,132,111144,卖盘
484,14:03:25,8.43,0.01,10,8430,买盘
485,14:03:20,8.42,--,60,50520,卖盘
486,14:03:10,8.42,--,37,31154,卖盘
487,14:03:05,8.42,-0.01,62,52204,卖盘
488,14:03:00,8.43,0.01,14,11802,买盘
489,14:02:55,8.42,-0.01,79,67309,卖盘
490,14:02:50,8.43,--,42,35701,卖盘
491,14:02:45,8.43,-0.01,187,158197,卖盘
492,14:02:40,8.44,--,108,91152,买盘
493,14:02:35,8.44,0.01,6,5064,买盘
494,14:02:30,8.43,--,32,26976,卖盘
495,14:02:25,8.43,-0.01,3,2529,卖盘
496,14:02:20,8.44,0.01,11,9284,买盘
497,14:02:15,8.43,--,20,16860,卖盘
498,14:02:05,8.43,--,10,8430,卖盘
499,14:02:00,8.43,--,32,26976,卖盘
500,14:01:55,8.43,--,5,4215,卖盘
501,14:01:45,8.43,-0.01,3,2537,卖盘
502,14:01:40,8.44,--,5,4220,买盘
503,14:01:35,8.44,--,8,6752,买盘
504,14:01:30,8.44,--,6,5882,卖盘
505,14:01:20,8.44,--,18,15192,卖盘
506,14:01:15,8.44,--,59,49821,买盘
507,14:01:05,8.44,0.01,52,43888,买盘
508,14:01:00,8.43,-0.01,32,26976,卖盘
509,14:00:55,8.44,0.01,23,19412,买盘
510,14:00:45,8.43,--,1,1079,卖盘
511,14:00:40,8.43,--,52,44451,卖盘
512,14:00:30,8.43,-0.01,33,27819,卖盘
513,14:00:25,8.44,0.01,10,8440,买盘
514,14:00:20,8.43,--,9,7587,卖盘
515,14:00:10,8.43,--,2,1686,卖盘
516,14:00:00,8.43,-0.01,32,26976,卖盘
517,13:59:55,8.44,--,1,844,买盘
518,13:59:50,8.44,0.01,5,4220,买盘
519,13:59:40,8.43,-0.01,8,6752,卖盘
520,13:59:30,8.44,--,12,10946,卖盘
521,13:59:20,8.44,--,43,36292,卖盘
522,13:59:15,8.44,--,10,8440,卖盘
523,13:59:10,8.44,--,7,5908,卖盘
524,13:59:05,8.44,--,5,4220,卖盘
525,13:59:00,8.44,--,56,47264,卖盘
526,13:58:55,8.44,--,6,5089,卖盘
527,13:58:49,8.44,--,5,4220,卖盘
528,13:58:44,8.44,0.01,45,37980,买盘
529,13:58:40,8.43,--,3,2537,卖盘
530,13:58:34,8.43,--,65,54795,卖盘
531,13:58:29,8.43,-0.01,32,26976,卖盘
532,13:58:25,8.44,--,30,25320,买盘
533,13:58:04,8.44,0.01,10,8440,买盘
534,13:57:59,8.43,--,31,26133,卖盘
535,13:57:55,8.43,--,10,8430,卖盘
536,13:57:40,8.43,-0.01,116,97796,卖盘
537,13:57:34,8.44,-0.01,77,64987,卖盘
538,13:57:29,8.45,0.01,39,32955,买盘
539,13:57:24,8.44,--,9,7596,卖盘
540,13:57:19,8.44,-0.01,20,16880,卖盘
541,13:57:14,8.45,0.01,50,42250,买盘
542,13:57:09,8.44,--,54,45576,卖盘
543,13:57:04,8.44,--,102,86088,卖盘
544,13:56:59,8.44,-0.01,44,37136,卖盘
545,13:56:49,8.45,--,359,303912,卖盘
546,13:56:44,8.45,-0.01,94,79430,卖盘
547,13:56:39,8.46,0.01,7,6091,买盘
548,13:56:34,8.45,-0.01,11,9979,卖盘
549,13:56:29,8.46,--,236,200476,卖盘
550,13:56:24,8.46,--,4,3384,卖盘
551,13:56:19,8.46,--,45,38070,卖盘
552,13:56:14,8.46,--,47,39762,卖盘
553,13:56:09,8.46,-0.01,50,42300,卖盘
554,13:56:04,8.47,0.01,132,111804,买盘
555,13:55:59,8.46,-0.01,361,305414,卖盘
556,13:55:49,8.47,--,50,42350,卖盘
557,13:55:44,8.47,0.01,172,145684,买盘
558,13:55:39,8.46,-0.01,2,1692,卖盘
559,13:55:34,8.47,--,16,13560,卖盘
560,13:55:29,8.47,-0.01,36,30492,卖盘
561,13:55:24,8.48,--,50,42400,买盘
562,13:55:19,8.48,--,8,6784,卖盘
563,13:55:14,8.48,--,5,4240,卖盘
564,13:55:04,8.48,0.02,49,41552,买盘
565,13:54:59,8.46,-0.02,1,846,卖盘
566,13:54:54,8.48,0.02,48,40704,买盘
567,13:54:49,8.46,--,21,17766,卖盘
568,13:54:34,8.46,-0.03,3,2546,卖盘
569,13:54:29,8.49,0.01,50,42450,买盘
570,13:54:19,8.48,0.01,25,21200,买盘
571,13:54:14,8.47,0.01,5,4235,卖盘
572,13:54:09,8.46,0.01,39,32994,买盘
573,13:54:04,8.45,-0.01,69,58330,卖盘
574,13:53:59,8.46,--,61,52426,卖盘
575,13:53:49,8.46,--,10,8460,卖盘
576,13:53:39,8.46,--,20,16920,卖盘
577,13:53:34,8.46,--,34,28789,买盘
578,13:53:29,8.46,--,21,18595,卖盘
579,13:53:19,8.46,-0.01,10,8460,卖盘
580,13:53:14,8.47,0.01,1,847,买盘
581,13:52:59,8.46,-0.01,31,26226,卖盘
582,13:52:54,8.47,--,3,2541,买盘
583,13:52:34,8.47,0.01,6,5293,买盘
584,13:52:29,8.46,--,43,37020,卖盘
585,13:52:19,8.46,-0.01,3,2538,卖盘
586,13:52:04,8.47,0.01,2,1694,买盘
587,13:51:59,8.46,--,45,38070,卖盘
588,13:51:34,8.46,--,1,1150,卖盘
589,13:51:29,8.46,-0.01,33,28467,卖盘
590,13:51:19,8.47,--,12,10164,买盘
591,13:50:58,8.47,--,34,28798,买盘
592,13:50:43,8.47,--,2,1694,买盘
593,13:50:34,8.47,--,37,32177,卖盘
594,13:50:28,8.47,--,35,29653,卖盘
595,13:50:09,8.47,0.01,41,34727,买盘
596,13:49:58,8.46,0.01,10,8460,中性盘
597,13:49:53,8.45,-0.01,2,1689,卖盘
598,13:49:43,8.46,0.01,4,3629,买盘
599,13:49:38,8.45,-0.01,30,25349,卖盘
600,13:49:33,8.46,0.01,38,32148,买盘
601,13:49:28,8.45,-0.01,3,2543,卖盘
602,13:49:23,8.46,--,75,64050,卖盘
603,13:49:13,8.46,--,2,1692,卖盘
604,13:48:58,8.46,--,32,27072,卖盘
605,13:48:33,8.46,--,1,989,卖盘
606,13:48:28,8.46,--,33,28628,卖盘
607,13:47:58,8.46,-0.01,39,32994,卖盘
608,13:47:53,8.47,0.01,10,8470,买盘
609,13:47:38,8.46,--,2,1692,卖盘
610,13:47:28,8.46,--,11,9517,卖盘
611,13:47:23,8.46,-0.01,40,34482,卖盘
612,13:47:18,8.47,0.01,266,225530,买盘
613,13:47:08,8.46,-0.01,63,53298,卖盘
614,13:47:03,8.47,0.01,19,16093,买盘
615,13:46:58,8.46,-0.01,32,27072,卖盘
616,13:46:48,8.47,-0.01,379,321631,卖盘
617,13:46:43,8.48,--,10,8480,买盘
618,13:46:38,8.48,0.01,4,3392,买盘
619,13:46:28,8.47,--,1,1092,卖盘
620,13:46:23,8.47,-0.01,98,83615,卖盘
621,13:46:13,8.48,--,2,1696,卖盘
622,13:46:08,8.48,--,15,12720,卖盘
623,13:45:58,8.48,--,32,27136,卖盘
624,13:45:53,8.48,-0.01,20,16960,卖盘
625,13:45:48,8.49,--,11,9339,买盘
626,13:45:43,8.49,0.01,67,56883,买盘
627,13:45:38,8.48,--,15,12720,买盘
628,13:45:33,8.48,--,6,5088,买盘
629,13:45:28,8.48,-0.01,134,114284,卖盘
630,13:45:23,8.49,0.01,152,129056,买盘
631,13:45:18,8.48,-0.01,100,84800,卖盘
632,13:45:13,8.49,--,50,42450,买盘
633,13:45:08,8.49,0.01,170,144330,买盘
634,13:45:03,8.48,-0.01,70,59360,卖盘
635,13:44:58,8.49,-0.01,37,31574,卖盘
636,13:44:53,8.5,0.01,25,21250,买盘
637,13:44:48,8.49,--,21,17829,卖盘
638,13:44:43,8.49,--,138,117849,买盘
639,13:44:38,8.49,--,15,12735,买盘
640,13:44:33,8.49,0.01,25,21225,买盘
641,13:44:28,8.48,-0.01,121,102938,卖盘
642,13:44:23,8.49,-0.01,101,86436,卖盘
643,13:44:13,8.5,--,0,0,买盘
644,13:44:08,8.5,0.01,40,34000,买盘
645,13:43:58,8.49,--,22,18678,卖盘
646,13:43:43,8.49,--,400,339600,买盘
647,13:43:38,8.49,0.01,4,3650,买盘
648,13:43:33,8.48,--,1,1450,卖盘
649,13:43:27,8.48,-0.01,57,48336,卖盘
650,13:43:23,8.49,--,10,8490,买盘
651,13:43:13,8.49,--,7,5943,买盘
652,13:43:08,8.49,0.01,13,11037,买盘
653,13:42:58,8.48,-0.01,36,30528,卖盘
654,13:42:42,8.49,--,20,16980,买盘
655,13:42:38,8.49,0.01,10,8490,买盘
656,13:42:27,8.48,--,31,26288,卖盘
657,13:42:23,8.48,--,18,15264,卖盘
658,13:42:17,8.48,0.01,12,10184,买盘
659,13:42:12,8.47,-0.01,26,22022,卖盘
660,13:42:07,8.48,--,190,161120,买盘
661,13:42:03,8.48,0.01,76,64448,买盘
662,13:41:52,8.47,-0.01,13,11231,卖盘
663,13:41:48,8.48,--,26,22048,买盘
664,13:41:42,8.48,--,1,848,买盘
665,13:41:37,8.48,--,3,2544,买盘
666,13:41:32,8.48,0.01,212,179776,买盘
667,13:41:27,8.47,-0.01,1,1482,卖盘
668,13:41:22,8.48,0.01,85,72080,买盘
669,13:41:02,8.47,--,116,98946,买盘
670,13:40:57,8.47,0.01,32,27104,买盘
671,13:40:47,8.46,-0.01,11,9475,卖盘
672,13:40:42,8.47,--,12,10164,买盘
673,13:40:37,8.47,--,129,109415,卖盘
674,13:40:32,8.47,-0.01,177,150605,卖盘
675,13:40:27,8.48,--,108,91584,买盘
676,13:40:22,8.48,0.01,15,12720,买盘
677,13:40:17,8.47,--,152,128744,卖盘
678,13:40:07,8.47,0.01,49,41511,买盘
679,13:40:02,8.46,-0.01,209,176814,中性盘
680,13:39:57,8.47,0.01,100,84700,买盘
681,13:39:52,8.46,0.01,1,846,买盘
682,13:39:47,8.45,--,45,38025,买盘
683,13:39:42,8.45,--,74,62529,买盘
684,13:39:37,8.45,--,11,9295,买盘
685,13:39:32,8.45,--,564,476579,买盘
686,13:39:22,8.45,0.01,10,8450,买盘
687,13:39:17,8.44,--,10,8440,卖盘
688,13:39:07,8.44,--,1,844,卖盘
689,13:39:02,8.44,--,32,27008,卖盘
690,13:38:47,8.44,-0.01,15,12660,卖盘
691,13:38:42,8.45,--,28,23659,买盘
692,13:38:37,8.45,0.01,39,32955,买盘
693,13:38:32,8.44,--,32,27008,卖盘
694,13:38:17,8.44,-0.01,280,236320,卖盘
695,13:38:12,8.45,--,1,844,买盘
696,13:38:07,8.45,0.01,217,183364,买盘
697,13:38:02,8.44,-0.01,32,27008,卖盘
698,13:37:42,8.45,--,18,15209,买盘
699,13:37:32,8.45,--,5,4225,买盘
700,13:37:22,8.45,--,113,95484,卖盘
701,13:37:02,8.45,-0.01,32,27039,卖盘
702,13:36:57,8.46,0.01,15,12690,买盘
703,13:36:52,8.45,--,1,844,卖盘
704,13:36:32,8.45,-0.01,32,27039,卖盘
705,13:36:17,8.46,--,3,2538,买盘
706,13:36:12,8.46,0.01,1,846,买盘
707,13:36:07,8.45,--,103,87034,卖盘
708,13:36:02,8.45,-0.01,32,27039,卖盘
709,13:35:56,8.46,--,13,10998,买盘
710,13:35:42,8.46,0.01,13,10998,买盘
711,13:35:36,8.45,--,5,4225,卖盘
712,13:35:32,8.45,--,32,27039,卖盘
713,13:35:27,8.45,--,2,1689,卖盘
714,13:35:21,8.45,--,8,6759,卖盘
715,13:35:12,8.45,-0.01,43,36335,卖盘
716,13:35:06,8.46,0.01,24,20304,买盘
717,13:35:01,8.45,--,320,270400,卖盘
718,13:34:41,8.45,--,85,71825,卖盘
719,13:34:32,8.45,-0.01,33,27884,卖盘
720,13:34:16,8.46,-0.01,23,19458,卖盘
721,13:34:11,8.47,--,16,13552,买盘
722,13:34:06,8.47,0.01,2,1694,买盘
723,13:34:01,8.46,-0.01,10,8460,卖盘
724,13:33:56,8.47,--,7,5929,卖盘
725,13:33:51,8.47,--,1,847,卖盘
726,13:33:46,8.47,--,42,35574,买盘
727,13:33:41,8.47,--,10,8470,买盘
728,13:33:36,8.47,-0.01,5,4235,买盘
729,13:33:31,8.48,--,0,0,买盘
730,13:33:26,8.48,0.01,420,356160,买盘
731,13:33:16,8.47,--,15,12705,卖盘
732,13:33:01,8.47,-0.01,32,27104,卖盘
733,13:32:56,8.48,0.01,20,16960,买盘
734,13:32:46,8.47,-0.01,3,2541,卖盘
735,13:32:41,8.48,--,4,3392,买盘
736,13:32:31,8.48,0.01,51,43248,买盘
737,13:32:26,8.47,-0.01,10,8470,卖盘
738,13:32:16,8.48,0.01,20,16960,买盘
739,13:32:11,8.47,--,1,847,卖盘
740,13:32:01,8.47,-0.01,43,36421,卖盘
741,13:31:56,8.48,0.01,27,22896,买盘
742,13:31:51,8.47,-0.01,12,10164,卖盘
743,13:31:41,8.48,0.01,82,69536,买盘
744,13:31:36,8.47,--,18,15246,卖盘
745,13:31:31,8.47,--,33,27951,卖盘
746,13:31:11,8.47,--,1,847,卖盘
747,13:31:01,8.47,--,47,39809,卖盘
748,13:30:56,8.47,-0.01,15,12705,卖盘
749,13:30:46,8.48,--,6,5088,买盘
750,13:30:41,8.48,--,76,64448,卖盘
751,13:30:36,8.48,--,22,18656,卖盘
752,13:30:31,8.48,--,42,35616,买盘
753,13:30:26,8.48,0.01,183,155184,买盘
754,13:30:21,8.47,-0.01,55,46585,卖盘
755,13:30:16,8.48,--,12,10176,买盘
756,13:30:05,8.48,0.01,4,3392,买盘
757,13:30:01,8.47,-0.01,44,37268,卖盘
758,13:29:46,8.48,--,32,27136,卖盘
759,13:29:41,8.48,-0.01,25,21200,卖盘
760,13:29:35,8.49,0.01,9,7641,买盘
761,13:29:31,8.48,--,88,74624,卖盘
762,13:29:26,8.48,--,28,23744,卖盘
763,13:29:16,8.48,--,13,11024,卖盘
764,13:29:11,8.48,--,8,6784,卖盘
765,13:29:05,8.48,--,9,7632,卖盘
766,13:29:01,8.48,--,72,61056,卖盘
767,13:28:56,8.48,--,10,8480,卖盘
768,13:28:46,8.48,--,116,98368,买盘
769,13:28:41,8.48,-0.01,8,6784,卖盘
770,13:28:35,8.49,--,13,11037,买盘
771,13:28:31,8.49,0.01,42,35658,卖盘
772,13:28:26,8.48,-0.01,118,100064,卖盘
773,13:28:11,8.49,0.01,47,39903,卖盘
774,13:28:05,8.48,--,0,0,卖盘
775,13:28:00,8.48,-0.02,32,27136,卖盘
776,13:27:56,8.5,--,109,92650,买盘
777,13:27:41,8.5,0.02,66,56100,买盘
778,13:27:35,8.48,--,4,3392,买盘
779,13:27:30,8.48,--,76,64448,卖盘
780,13:27:26,8.48,-0.01,130,110240,卖盘
781,13:27:20,8.49,--,9,7641,买盘
782,13:27:10,8.49,--,0,0,买盘
783,13:27:05,8.49,0.01,24,20376,买盘
784,13:27:00,8.48,--,55,46640,买盘
785,13:26:55,8.48,--,29,24592,买盘
786,13:26:50,8.48,--,215,182320,卖盘
787,13:26:40,8.48,0.01,40,33920,卖盘
788,13:26:30,8.47,-0.01,65,55055,卖盘
789,13:26:20,8.48,--,35,29680,买盘
790,13:26:10,8.48,--,5,4240,买盘
791,13:26:05,8.48,0.02,25,21200,买盘
792,13:26:00,8.46,-0.01,32,27072,卖盘
793,13:25:55,8.47,--,5,4235,买盘
794,13:25:40,8.47,0.02,320,271040,买盘
795,13:25:30,8.45,--,111,93794,买盘
796,13:25:20,8.45,--,60,50699,买盘
797,13:25:10,8.45,0.01,93,78585,买盘
798,13:25:05,8.44,0.01,53,44732,买盘
799,13:25:00,8.43,-0.01,34,28662,卖盘
800,13:24:55,8.44,0.01,10,8440,买盘
801,13:24:45,8.43,--,41,34563,卖盘
802,13:24:40,8.43,--,95,80085,买盘
803,13:24:35,8.43,--,37,31191,买盘
804,13:24:30,8.43,--,38,32034,买盘
805,13:24:25,8.43,--,212,178716,买盘
806,13:24:20,8.43,--,30,25290,买盘
807,13:24:15,8.43,--,159,134037,卖盘
808,13:24:10,8.43,-0.01,24,20232,卖盘
809,13:24:05,8.44,0.01,17,14348,买盘
810,13:24:00,8.43,--,32,26976,卖盘
811,13:23:55,8.43,--,10,8430,卖盘
812,13:23:50,8.43,--,22,18546,买盘
813,13:23:40,8.43,0.01,1,843,买盘
814,13:23:30,8.42,-0.01,32,26944,卖盘
815,13:23:14,8.43,0.01,1,843,中性盘
816,13:23:10,8.42,--,15,12630,卖盘
817,13:23:05,8.42,--,99,83358,卖盘
818,13:22:59,8.42,-0.01,32,26944,卖盘
819,13:22:50,8.43,--,7,5901,买盘
820,13:22:40,8.43,--,13,10959,买盘
821,13:22:35,8.43,0.01,21,17703,买盘
822,13:22:29,8.42,--,32,26944,卖盘
823,13:22:19,8.42,--,10,8420,卖盘
824,13:21:59,8.42,--,31,26102,卖盘
825,13:21:55,8.42,-0.01,1,842,卖盘
826,13:21:49,8.43,--,10,8430,买盘
827,13:21:29,8.43,--,35,29505,买盘
828,13:21:10,8.43,0.01,8,6744,卖盘
829,13:21:05,8.42,--,0,0,中性盘
830,13:20:59,8.42,--,86,72412,买盘
831,13:20:54,8.42,--,10,8420,买盘
832,13:20:49,8.42,--,126,106092,买盘
833,13:20:44,8.42,-0.03,40,33680,卖盘
834,13:20:34,8.45,0.04,1,844,买盘
835,13:20:29,8.41,-0.01,48,40368,卖盘
836,13:20:24,8.42,0.01,5,4210,买盘
837,13:20:14,8.41,--,19,15979,卖盘
838,13:20:09,8.41,--,0,0,卖盘
839,13:19:59,8.41,--,61,51301,卖盘
840,13:19:54,8.41,-0.01,50,42050,卖盘
841,13:19:49,8.42,--,9,7578,买盘
842,13:19:44,8.42,--,9,7578,买盘
843,13:19:34,8.42,0.01,10,8420,买盘
844,13:19:29,8.41,--,42,35322,卖盘
845,13:19:24,8.41,-0.01,40,33640,卖盘
846,13:19:19,8.42,--,3,2526,买盘
847,13:19:14,8.42,--,20,16840,买盘
848,13:19:09,8.42,--,6,5052,买盘
849,13:19:04,8.42,0.01,63,53046,买盘
850,13:18:59,8.41,-0.01,32,26912,卖盘
851,13:18:54,8.42,--,53,44626,买盘
852,13:18:49,8.42,--,2,1684,买盘
853,13:18:44,8.42,--,62,52204,买盘
854,13:18:39,8.42,0.01,6,5052,买盘
855,13:18:34,8.41,--,26,21891,买盘
856,13:18:29,8.41,--,16,14271,卖盘
857,13:18:14,8.41,--,32,26937,买盘
858,13:18:09,8.41,--,6,5046,买盘
859,13:18:04,8.41,--,20,16820,买盘
860,13:17:59,8.41,--,53,44573,买盘
861,13:17:54,8.41,--,5,4205,买盘
862,13:17:49,8.41,-0.01,721,607176,卖盘
863,13:17:34,8.42,0.01,120,101040,买盘
864,13:17:29,8.41,-0.01,37,31117,卖盘
865,13:17:09,8.42,--,1,842,买盘
866,13:17:04,8.42,--,4,3368,买盘
867,13:16:59,8.42,0.01,43,36206,买盘
868,13:16:49,8.41,-0.01,215,180815,卖盘
869,13:16:44,8.42,0.01,16,13472,买盘
870,13:16:34,8.41,-0.01,18,15138,卖盘
871,13:16:29,8.42,--,64,53888,买盘
872,13:16:14,8.42,--,401,337642,买盘
873,13:16:04,8.42,0.01,7,5894,买盘
874,13:15:58,8.41,-0.01,32,26912,卖盘
875,13:15:53,8.42,--,1,842,买盘
876,13:15:49,8.42,-0.01,459,386478,卖盘
877,13:15:34,8.43,0.01,9,7587,买盘
878,13:15:28,8.42,--,32,26944,卖盘
879,13:15:13,8.42,-0.01,17,14314,卖盘
880,13:14:58,8.43,-0.02,32,26976,卖盘
881,13:14:53,8.45,0.03,23,19435,买盘
882,13:14:49,8.42,--,0,0,卖盘
883,13:14:43,8.42,--,0,0,卖盘
884,13:14:38,8.42,--,10,8420,卖盘
885,13:14:34,8.42,-0.03,8,6736,卖盘
886,13:14:28,8.45,0.03,19,16054,中性盘
887,13:14:23,8.42,--,15,12630,卖盘
888,13:14:18,8.42,--,25,21050,卖盘
889,13:14:08,8.42,--,15,12630,卖盘
890,13:13:58,8.42,--,3,2526,卖盘
891,13:13:28,8.42,-0.05,32,26944,卖盘
892,13:13:23,8.47,0.05,1263,1069761,买盘
893,13:13:18,8.42,--,30,25260,卖盘
894,13:12:58,8.42,--,38,31996,卖盘
895,13:12:53,8.42,--,114,95988,卖盘
896,13:12:43,8.42,-0.01,10,8420,卖盘
897,13:12:38,8.43,--,21,17703,买盘
898,13:12:28,8.43,0.01,49,41307,买盘
899,13:12:23,8.42,-0.01,1,842,卖盘
900,13:12:08,8.43,0.01,25,21075,买盘
901,13:11:58,8.42,--,32,26944,卖盘
902,13:11:53,8.42,-0.01,10,8420,卖盘
903,13:11:43,8.43,--,30,25290,买盘
904,13:11:33,8.43,0.01,14,11802,买盘
905,13:11:28,8.42,-0.01,33,27786,卖盘
906,13:11:08,8.43,--,12,10116,买盘
907,13:11:03,8.43,0.01,11,9273,买盘
908,13:10:58,8.42,-0.01,51,42942,卖盘
909,13:10:53,8.43,--,7,5901,买盘
910,13:10:38,8.43,--,51,42993,买盘
911,13:10:33,8.43,--,2,1686,买盘
912,13:10:27,8.43,-0.01,37,31949,卖盘
913,13:10:23,8.44,0.01,1,844,买盘
914,13:10:18,8.43,-0.01,40,33720,卖盘
915,13:10:13,8.44,--,1,844,买盘
916,13:10:08,8.44,0.01,2,1688,买盘
917,13:09:58,8.43,--,32,26976,卖盘
918,13:09:53,8.43,--,3,2807,卖盘
919,13:09:28,8.43,--,43,36249,卖盘
920,13:09:07,8.43,--,12,10116,卖盘
921,13:08:58,8.43,--,32,26976,卖盘
922,13:08:37,8.43,--,32,27625,买盘
923,13:08:28,8.43,--,2,1879,卖盘
924,13:08:22,8.43,--,6,5058,卖盘
925,13:08:17,8.43,--,3,2529,卖盘
926,13:07:57,8.43,--,40,34369,买盘
927,13:07:47,8.43,--,1,843,买盘
928,13:07:43,8.43,--,3,2529,买盘
929,13:07:37,8.43,0.01,32,26976,买盘
930,13:07:32,8.42,-0.01,32,26944,卖盘
931,13:07:07,8.43,--,0,193,卖盘
932,13:07:02,8.43,--,0,0,卖盘
933,13:06:47,8.43,0.01,92,78205,买盘
934,13:06:42,8.42,--,7,5894,卖盘
935,13:06:32,8.42,--,72,60624,卖盘
936,13:06:27,8.42,-0.01,10,8420,卖盘
937,13:06:22,8.43,0.01,2,1686,买盘
938,13:06:17,8.42,--,22,18524,买盘
939,13:06:02,8.42,-0.01,10,8420,卖盘
940,13:05:47,8.43,0.01,1,843,买盘
941,13:05:32,8.42,-0.01,35,29470,卖盘
942,13:05:17,8.43,--,62,52266,买盘
943,13:05:07,8.43,0.02,5,4215,买盘
944,13:05:02,8.41,-0.03,762,640842,卖盘
945,13:04:57,8.44,--,5,4414,卖盘
946,13:04:52,8.44,0.01,18,15841,买盘
947,13:04:47,8.43,-0.01,95,80278,卖盘
948,13:04:37,8.44,--,10,8440,买盘
949,13:04:32,8.44,--,41,34604,买盘
950,13:04:27,8.44,--,5,4220,买盘
951,13:04:22,8.44,--,4,3376,买盘
952,13:04:07,8.44,0.01,1,844,买盘
953,13:04:02,8.43,--,32,26976,卖盘
954,13:03:47,8.43,--,10,8430,卖盘
955,13:03:32,8.43,-0.03,15,12645,卖盘
956,13:03:12,8.46,--,0,0,买盘
957,13:03:07,8.46,0.03,21,17766,买盘
958,13:03:02,8.43,-0.02,763,643209,卖盘
959,13:02:52,8.45,--,2,1689,卖盘
960,13:02:47,8.45,--,6,5070,卖盘
961,13:02:31,8.45,--,32,27039,卖盘
962,13:02:21,8.45,-0.01,5,4225,卖盘
963,13:02:16,8.46,0.01,5,4230,买盘
964,13:02:01,8.45,-0.01,32,27039,卖盘
965,13:01:46,8.46,--,2,1692,卖盘
966,13:01:31,8.46,--,31,26226,卖盘
967,13:01:22,8.46,-0.01,27,22842,卖盘
968,13:01:11,8.47,--,14,11858,买盘
969,13:00:46,8.47,0.01,10,8470,买盘
970,13:00:41,8.46,--,6,5076,卖盘
971,13:00:21,8.46,-0.01,28,23688,卖盘
972,13:00:06,8.47,--,458,387926,买盘
973,13:00:01,8.47,--,23,19481,买盘
974,11:30:00,8.47,--,0,0,买盘
975,11:29:59,8.47,--,0,0,买盘
976,11:29:59,8.47,--,31,26257,买盘
977,11:29:57,8.47,--,1,847,买盘
978,11:29:53,8.47,--,10,8470,买盘
979,11:29:21,8.47,0.01,2,1694,买盘
980,11:29:06,8.46,-0.01,5,4230,卖盘
981,11:28:57,8.47,--,3,2541,买盘
982,11:28:51,8.47,--,10,8470,买盘
983,11:28:47,8.47,--,22,18634,买盘
984,11:28:36,8.47,0.01,20,16940,买盘
985,11:28:27,8.46,-0.01,10,8460,卖盘
986,11:28:12,8.47,--,28,23716,买盘
987,11:27:57,8.47,0.01,1,847,买盘
988,11:27:51,8.46,--,36,30456,卖盘
989,11:27:47,8.46,--,2,1692,卖盘
990,11:27:42,8.46,--,54,45684,卖盘
991,11:27:27,8.46,-0.01,42,35532,卖盘
992,11:27:21,8.47,0.01,27,22869,买盘
993,11:27:06,8.46,-0.01,106,89676,卖盘
994,11:26:51,8.47,0.01,120,101640,买盘
995,11:26:42,8.46,-0.01,100,84600,卖盘
996,11:26:21,8.47,--,20,16940,买盘
997,11:26:17,8.47,--,2,1694,买盘
998,11:26:12,8.47,--,6,5082,买盘
999,11:25:57,8.47,--,5,4235,买盘
1000,11:25:51,8.47,0.01,17,14399,买盘
1001,11:25:47,8.46,-0.01,5,4230,卖盘
1002,11:25:42,8.47,--,10,8470,买盘
1003,11:25:36,8.47,0.01,250,211750,买盘
1004,11:25:21,8.46,-0.01,18,15228,卖盘
1005,11:25:17,8.47,--,40,33880,买盘
1006,11:25:02,8.47,0.01,5,4235,买盘
1007,11:24:51,8.46,--,106,89676,卖盘
1008,11:24:31,8.46,-0.01,50,42300,卖盘
1009,11:24:21,8.47,0.01,1,847,买盘
1010,11:24:11,8.46,-0.01,4,3384,卖盘
1011,11:24:06,8.47,--,17,14399,买盘
1012,11:23:51,8.47,0.01,380,321860,买盘
1013,11:23:47,8.46,--,4,3384,卖盘
1014,11:23:42,8.46,0.01,10,8460,卖盘
1015,11:23:31,8.45,-0.01,28,23659,卖盘
1016,11:23:21,8.46,--,8,6768,买盘
1017,11:23:06,8.46,--,14,11844,买盘
1018,11:23:02,8.46,0.01,5,4230,买盘
1019,11:22:57,8.45,-0.01,3,2535,中性盘
1020,11:22:51,8.46,0.01,30,25380,买盘
1021,11:22:36,8.45,--,5,4225,卖盘
1022,11:22:26,8.45,0.01,0,447,买盘
1023,11:22:21,8.44,--,6,5064,卖盘
1024,11:22:15,8.44,-0.01,1,844,卖盘
1025,11:22:06,8.45,--,79,67152,卖盘
1026,11:21:51,8.45,--,5,4225,卖盘
1027,11:21:36,8.45,-0.01,14,11829,卖盘
1028,11:21:30,8.46,--,30,25380,卖盘
1029,11:21:26,8.46,0.01,102,86977,买盘
1030,11:21:15,8.45,-0.01,1,1453,卖盘
1031,11:21:06,8.46,--,1,846,买盘
1032,11:20:56,8.46,--,3,2538,买盘
1033,11:20:51,8.46,0.02,3,2538,买盘
1034,11:20:30,8.44,--,35,29540,卖盘
1035,11:20:21,8.44,-0.02,3,2540,卖盘
1036,11:20:15,8.46,--,17,14382,买盘
1037,11:20:06,8.46,--,61,51766,卖盘
1038,11:19:56,8.46,--,12,10152,卖盘
1039,11:19:51,8.46,0.01,5,4915,买盘
1040,11:19:15,8.45,--,38,32118,卖盘
1041,11:18:51,8.45,0.02,1,844,中性盘
1042,11:18:45,8.43,-0.03,487,410541,卖盘
1043,11:18:41,8.46,0.01,40,33840,买盘
1044,11:18:36,8.45,--,3,2535,卖盘
1045,11:18:15,8.45,--,4,3379,卖盘
1046,11:18:11,8.45,-0.01,3,2543,卖盘
1047,11:18:06,8.46,0.01,12,10152,买盘
1048,11:18:00,8.45,-0.01,8,6759,卖盘
1049,11:17:55,8.46,--,1,846,买盘
1050,11:17:40,8.46,--,133,112518,买盘
1051,11:17:36,8.46,0.01,3,2538,买盘
1052,11:17:30,8.45,--,1,844,卖盘
1053,11:17:15,8.45,--,16,13528,卖盘
1054,11:17:11,8.45,--,10,8450,卖盘
1055,11:16:50,8.45,0.01,50,42250,卖盘
1056,11:16:45,8.44,-0.02,5,4220,卖盘
1057,11:16:40,8.46,--,10,8460,买盘
1058,11:16:35,8.46,0.01,58,49068,买盘
1059,11:16:30,8.45,-0.01,59,50691,卖盘
1060,11:16:25,8.46,0.01,10,8460,买盘
1061,11:16:20,8.45,-0.01,50,42250,卖盘
1062,11:16:15,8.46,0.01,9,7622,买盘
1063,11:16:00,8.45,--,10,8450,买盘
1064,11:15:55,8.45,--,257,217173,买盘
1065,11:15:45,8.45,--,29,25341,卖盘
1066,11:15:40,8.45,--,136,114919,卖盘
1067,11:15:30,8.45,--,38,32109,卖盘
1068,11:15:15,8.45,--,4,3379,卖盘
1069,11:15:10,8.45,--,10,8458,卖盘
1070,11:15:05,8.45,--,14,11829,买盘
1071,11:15:00,8.45,--,3,2535,买盘
1072,11:14:56,8.45,-0.01,97,81965,卖盘
1073,11:14:30,8.46,--,7,6099,买盘
1074,11:14:24,8.46,--,10,8460,买盘
1075,11:14:20,8.46,--,10,8629,卖盘
1076,11:14:15,8.46,-0.01,5,4906,卖盘
1077,11:14:09,8.47,0.01,7,5929,买盘
1078,11:14:05,8.46,--,0,0,中性盘
1079,11:14:00,8.46,-0.01,3,2538,买盘
1080,11:13:45,8.47,--,0,0,买盘
1081,11:13:39,8.47,--,181,154145,买盘
1082,11:13:35,8.47,--,1,847,买盘
1083,11:13:24,8.47,0.01,10,8470,买盘
1084,11:13:20,8.46,--,4,3384,卖盘
1085,11:13:15,8.46,--,1,1150,卖盘
1086,11:13:05,8.46,--,1,1395,卖盘
1087,11:12:45,8.46,0.01,20,16920,买盘
1088,11:12:39,8.45,--,32,27039,卖盘
1089,11:12:35,8.45,-0.01,18,15209,卖盘
1090,11:12:30,8.46,--,21,17766,买盘
1091,11:12:15,8.46,0.01,10,8460,买盘
1092,11:12:09,8.45,--,32,27039,卖盘
1093,11:12:00,8.45,-0.01,23,19443,卖盘
1094,11:11:54,8.46,0.01,1,846,买盘
1095,11:11:39,8.45,0.02,125,105624,买盘
1096,11:11:24,8.43,--,0,0,卖盘
1097,11:11:20,8.43,--,1,1146,卖盘
1098,11:11:09,8.43,-0.02,32,26976,卖盘
1099,11:11:00,8.45,0.01,37,31814,买盘
1100,11:10:54,8.44,--,20,16880,买盘
1101,11:10:39,8.44,-0.01,4,3376,卖盘
1102,11:10:35,8.45,0.02,10,8450,买盘
1103,11:10:15,8.43,-0.01,17,14575,卖盘
1104,11:10:09,8.44,0.01,64,54016,买盘
1105,11:10:00,8.43,--,8,7350,卖盘
1106,11:09:45,8.43,--,40,33720,卖盘
1107,11:09:39,8.43,--,0,0,卖盘
1108,11:09:24,8.43,--,4,3978,买盘
1109,11:09:19,8.43,--,2,1686,买盘
1110,11:09:15,8.43,--,10,8430,买盘
1111,11:09:09,8.43,0.01,62,52266,买盘
1112,11:09:04,8.42,-0.01,1,842,卖盘
1113,11:09:00,8.43,0.01,208,175504,买盘
1114,11:08:54,8.42,-0.01,43,36896,卖盘
1115,11:08:39,8.43,--,35,29505,买盘
1116,11:08:34,8.43,--,326,274818,买盘
1117,11:08:29,8.43,0.01,5,4215,买盘
1118,11:08:24,8.42,-0.01,30,25260,卖盘
1119,11:08:19,8.43,0.01,106,89358,买盘
1120,11:08:14,8.42,--,2,1886,卖盘
1121,11:08:09,8.42,-0.01,31,26102,卖盘
1122,11:08:04,8.43,--,8,7393,买盘
1123,11:07:59,8.43,--,10,8430,买盘
1124,11:07:54,8.43,--,5,4215,买盘
1125,11:07:44,8.43,0.01,5,4215,买盘
1126,11:07:39,8.42,-0.01,33,27786,卖盘
1127,11:07:14,8.43,0.01,12,10116,买盘
1128,11:07:09,8.42,-0.01,33,28089,卖盘
1129,11:07:04,8.43,0.01,50,42150,买盘
1130,11:06:59,8.42,-0.01,1,1389,卖盘
1131,11:06:54,8.43,--,5,4215,买盘
1132,11:06:48,8.43,0.01,26,21918,买盘
1133,11:06:39,8.42,-0.01,11,9262,中性盘
1134,11:06:24,8.43,0.01,148,124764,买盘
1135,11:06:18,8.42,--,6,5052,买盘
1136,11:06:09,8.42,--,17,14314,卖盘
1137,11:06:03,8.42,--,2,1684,卖盘
1138,11:05:54,8.42,0.01,31,26110,买盘
1139,11:05:39,8.41,-0.01,13,10933,卖盘
1140,11:05:33,8.42,0.01,17,14314,买盘
1141,11:05:29,8.41,-0.02,24,20184,卖盘
1142,11:05:24,8.43,--,50,42150,买盘
1143,11:05:18,8.43,--,19,16017,买盘
1144,11:05:14,8.43,0.01,5,4215,买盘
1145,11:05:09,8.42,--,62,52204,卖盘
1146,11:05:03,8.42,--,25,21050,卖盘
1147,11:04:54,8.42,0.01,19,16006,中性盘
1148,11:04:48,8.41,--,415,349015,卖盘
1149,11:04:44,8.41,--,15,12615,卖盘
1150,11:04:39,8.41,-0.01,104,87464,卖盘
1151,11:04:33,8.42,0.01,37,31154,买盘
1152,11:04:24,8.41,-0.01,17,14297,卖盘
1153,11:04:18,8.42,0.01,6,5052,买盘
1154,11:04:09,8.41,-0.01,55,46397,卖盘
1155,11:04:03,8.42,0.01,42,35364,买盘
1156,11:03:54,8.41,-0.01,1,1547,卖盘
1157,11:03:48,8.42,0.01,23,19366,买盘
1158,11:03:44,8.41,-0.01,21,17661,卖盘
1159,11:03:39,8.42,0.01,67,56414,买盘
1160,11:03:29,8.41,--,39,32799,卖盘
1161,11:03:24,8.41,-0.01,14,11774,卖盘
1162,11:03:18,8.42,--,41,34522,买盘
1163,11:03:09,8.42,0.01,131,110302,买盘
1164,11:03:03,8.41,--,34,28594,卖盘
1165,11:02:59,8.41,0.01,13,10933,中性盘
1166,11:02:54,8.4,-0.01,30,25200,卖盘
1167,11:02:48,8.41,0.01,39,32807,卖盘
1168,11:02:44,8.4,-0.02,34,28560,卖盘
1169,11:02:39,8.42,--,564,475721,买盘
1170,11:02:33,8.42,0.01,54,45468,买盘
1171,11:02:29,8.41,--,3,2523,卖盘
1172,11:02:24,8.41,--,34,28594,卖盘
1173,11:02:18,8.41,--,57,48164,卖盘
1174,11:02:14,8.41,0.01,29,25011,买盘
1175,11:02:09,8.4,-0.01,57,47880,卖盘
1176,11:02:03,8.41,--,30,25448,卖盘
1177,11:01:59,8.41,--,37,31117,卖盘
1178,11:01:54,8.41,--,10,9032,卖盘
1179,11:01:48,8.41,--,37,31117,卖盘
1180,11:01:44,8.41,0.01,96,80736,买盘
1181,11:01:39,8.4,--,117,98280,卖盘
1182,11:01:33,8.4,--,315,264600,卖盘
1183,11:01:29,8.4,-0.01,32,26880,卖盘
1184,11:01:18,8.41,0.01,212,178292,中性盘
1185,11:01:13,8.4,-0.02,150,126260,卖盘
1186,11:01:09,8.42,0.02,43,36206,买盘
1187,11:01:03,8.4,--,82,68880,卖盘
1188,11:00:58,8.4,-0.01,356,299628,卖盘
1189,11:00:53,8.41,--,94,79054,卖盘
1190,11:00:48,8.41,--,447,375927,卖盘
1191,11:00:43,8.41,--,233,195953,卖盘
1192,11:00:39,8.41,-0.01,32,26912,卖盘
1193,11:00:33,8.42,0.01,78,65676,买盘
1194,11:00:28,8.41,-0.01,110,92510,卖盘
1195,11:00:23,8.42,0.01,2,1684,买盘
1196,11:00:18,8.41,-0.01,31,26071,卖盘
1197,11:00:13,8.42,--,134,113072,卖盘
1198,11:00:08,8.42,--,84,70728,卖盘
1199,11:00:03,8.42,-0.01,406,341868,卖盘
1200,10:59:58,8.43,0.01,39,32877,买盘
1201,10:59:48,8.42,--,35,29470,卖盘
1202,10:59:43,8.42,0.01,51,43522,买盘
1203,10:59:38,8.41,--,40,33640,卖盘
1204,10:59:33,8.41,--,44,37004,卖盘
1205,10:59:28,8.41,--,53,44573,卖盘
1206,10:59:23,8.41,-0.01,70,58870,卖盘
1207,10:59:18,8.42,0.01,44,37048,买盘
1208,10:59:13,8.41,-0.01,49,41503,卖盘
1209,10:59:08,8.42,--,13,10946,买盘
1210,10:59:03,8.42,-0.01,482,406113,卖盘
1211,10:58:53,8.43,0.01,39,32877,买盘
1212,10:58:48,8.42,--,348,293571,卖盘
1213,10:58:42,8.42,-0.01,105,88410,卖盘
1214,10:58:38,8.43,0.01,35,29505,买盘
1215,10:58:33,8.42,--,47,39574,卖盘
1216,10:58:27,8.42,-0.01,83,69886,卖盘
1217,10:58:23,8.43,0.01,10,8430,买盘
1218,10:58:18,8.42,--,164,138088,卖盘
1219,10:58:12,8.42,--,7,5894,卖盘
1220,10:58:08,8.42,-0.01,64,53888,卖盘
1221,10:58:03,8.43,-0.01,10,8430,中性盘
1222,10:57:57,8.44,0.01,312,263336,买盘
1223,10:57:53,8.43,0.01,10,8430,买盘
1224,10:57:48,8.42,-0.01,53,44870,卖盘
1225,10:57:42,8.43,--,1,1441,卖盘
1226,10:57:38,8.43,0.01,32,26976,中性盘
1227,10:57:33,8.42,--,38,31996,卖盘
1228,10:57:27,8.42,--,0,0,卖盘
1229,10:57:23,8.42,-0.02,32,26944,卖盘
1230,10:57:18,8.44,0.02,10,8440,买盘
1231,10:57:12,8.42,-0.01,56,47152,卖盘
1232,10:57:08,8.43,--,342,288306,卖盘
1233,10:57:03,8.43,-0.01,43,36249,卖盘
1234,10:56:57,8.44,0.01,65,54860,买盘
1235,10:56:53,8.43,--,16,13488,卖盘
1236,10:56:48,8.43,-0.01,40,33720,卖盘
1237,10:56:42,8.44,0.01,71,60075,买盘
1238,10:56:38,8.43,--,41,35262,卖盘
1239,10:56:27,8.43,-0.01,31,26133,卖盘
1240,10:56:18,8.44,0.01,95,80180,买盘
1241,10:56:12,8.43,--,29,24447,买盘
1242,10:56:08,8.43,--,67,56481,买盘
1243,10:56:03,8.43,-0.01,18,15174,卖盘
1244,10:55:57,8.44,0.01,180,151920,买盘
1245,10:55:53,8.43,0.01,1,1003,卖盘
1246,10:55:48,8.42,--,8,6736,卖盘
1247,10:55:42,8.42,-0.03,55,46310,卖盘
1248,10:55:38,8.45,0.03,283,239827,买盘
1249,10:55:33,8.42,-0.01,32,26944,卖盘
1250,10:55:27,8.43,0.01,5,4215,买盘
1251,10:55:23,8.42,--,0,0,卖盘
1252,10:55:18,8.42,-0.01,90,75780,卖盘
1253,10:55:12,8.43,0.01,36,30348,中性盘
1254,10:55:08,8.42,-0.02,32,26944,卖盘
1255,10:55:03,8.44,--,34,28696,买盘
1256,10:54:57,8.44,0.02,47,39668,买盘
1257,10:54:53,8.42,--,1,1119,卖盘
1258,10:54:47,8.42,0.01,47,39574,卖盘
1259,10:54:42,8.41,--,1,1412,卖盘
1260,10:54:38,8.41,-0.01,130,109330,卖盘
1261,10:54:27,8.42,--,73,61466,买盘
1262,10:54:23,8.42,0.01,43,36206,中性盘
1263,10:54:17,8.41,-0.02,32,26912,卖盘
1264,10:54:12,8.43,0.01,797,671871,买盘
1265,10:54:08,8.42,-0.02,295,248390,卖盘
1266,10:54:02,8.44,0.01,30,25320,买盘
1267,10:53:57,8.43,-0.01,32,26976,卖盘
1268,10:53:53,8.44,-0.01,23,19412,中性盘
1269,10:53:47,8.45,0.02,199,168155,买盘
1270,10:53:42,8.43,-0.01,34,28662,卖盘
1271,10:53:37,8.44,-0.01,137,115628,卖盘
1272,10:53:23,8.45,--,8,6759,买盘
1273,10:53:17,8.45,--,10,8450,买盘
1274,10:53:12,8.45,--,84,71816,卖盘
1275,10:53:07,8.45,--,40,33800,卖盘
1276,10:53:02,8.45,--,1,1056,卖盘
1277,10:52:57,8.45,--,1,1487,卖盘
1278,10:52:52,8.45,-0.01,198,167310,卖盘
1279,10:52:47,8.46,0.01,12,10152,买盘
1280,10:52:37,8.45,-0.01,33,27884,卖盘
1281,10:52:27,8.46,--,74,62604,卖盘
1282,10:52:22,8.46,--,3,2538,卖盘
1283,10:52:07,8.46,--,88,74448,卖盘
1284,10:52:02,8.46,0.01,36,30456,买盘
1285,10:51:57,8.45,--,42,35490,买盘
1286,10:51:51,8.45,0.01,62,52389,买盘
1287,10:51:47,8.44,-0.01,76,64143,卖盘
1288,10:51:42,8.45,0.01,12,10140,买盘
1289,10:51:37,8.44,-0.01,37,31227,卖盘
1290,10:51:27,8.45,--,33,27884,买盘
1291,10:51:12,8.45,--,30,25349,买盘
1292,10:51:06,8.45,0.01,158,133510,买盘
1293,10:51:02,8.44,-0.01,67,56548,卖盘
1294,10:50:57,8.45,0.01,2,1689,买盘
1295,10:50:51,8.44,--,32,27008,卖盘
1296,10:50:47,8.44,--,20,16880,卖盘
1297,10:50:36,8.44,-0.01,42,35448,卖盘
1298,10:50:32,8.45,--,6,5070,买盘
1299,10:50:27,8.45,0.01,30,25349,买盘
1300,10:50:21,8.44,-0.01,17,14348,卖盘
1301,10:50:16,8.45,0.01,4,3379,买盘
1302,10:50:12,8.44,--,50,42200,卖盘
1303,10:50:06,8.44,--,49,41356,卖盘
1304,10:49:57,8.44,--,133,112252,买盘
1305,10:49:51,8.44,--,91,76804,买盘
1306,10:49:47,8.44,0.01,10,8440,买盘
1307,10:49:42,8.43,--,45,37935,卖盘
1308,10:49:36,8.43,--,32,26976,卖盘
1309,10:49:32,8.43,--,284,239412,卖盘
1310,10:49:27,8.43,-0.01,87,73341,卖盘
1311,10:49:21,8.44,0.01,20,16880,买盘
1312,10:49:12,8.43,--,60,50580,卖盘
1313,10:49:06,8.43,--,132,111276,卖盘
1314,10:49:02,8.43,-0.01,121,102003,卖盘
1315,10:48:57,8.44,--,18,15192,买盘
1316,10:48:51,8.44,0.01,10,8440,买盘
1317,10:48:42,8.43,--,88,74184,卖盘
1318,10:48:36,8.43,-0.01,32,26976,卖盘
1319,10:48:27,8.44,--,201,169644,卖盘
1320,10:48:21,8.44,-0.01,123,103812,卖盘
1321,10:48:17,8.45,--,67,56614,买盘
1322,10:48:12,8.45,--,7,5914,买盘
1323,10:48:06,8.45,--,123,103934,卖盘
1324,10:48:02,8.45,--,166,140270,卖盘
1325,10:47:57,8.45,--,131,110694,卖盘
1326,10:47:51,8.45,-0.01,253,213784,卖盘
1327,10:47:36,8.46,--,123,104058,卖盘
1328,10:47:27,8.46,--,383,324018,卖盘
1329,10:47:21,8.46,--,8,6768,卖盘
1330,10:47:16,8.46,--,1,846,卖盘
1331,10:47:12,8.46,-0.01,20,16920,卖盘
1332,10:47:06,8.47,0.01,30,25410,中性盘
1333,10:47:02,8.46,-0.01,58,49558,卖盘
1334,10:46:56,8.47,--,19,16093,卖盘
1335,10:46:51,8.47,--,64,54208,卖盘
1336,10:46:47,8.47,-0.01,19,16448,卖盘
1337,10:46:36,8.48,0.01,38,32224,买盘
1338,10:46:31,8.47,-0.01,2,1694,卖盘
1339,10:46:11,8.48,0.01,5,4240,买盘
1340,10:46:06,8.47,--,32,27104,卖盘
1341,10:46:02,8.47,-0.01,2,1694,卖盘
1342,10:45:51,8.48,0.01,30,25440,买盘
1343,10:45:36,8.47,-0.01,4,3388,卖盘
1344,10:45:31,8.48,-0.01,30,25931,卖盘
1345,10:45:16,8.49,0.01,119,101031,买盘
1346,10:45:06,8.48,--,62,52576,卖盘
1347,10:45:01,8.48,--,68,58020,买盘
1348,10:44:56,8.48,0.01,17,14416,买盘
1349,10:44:45,8.47,0.01,127,107569,买盘
1350,10:44:36,8.46,-0.01,39,32994,卖盘
1351,10:44:30,8.47,--,20,16940,买盘
1352,10:44:15,8.47,--,69,58443,卖盘
1353,10:44:06,8.47,--,32,27104,卖盘
1354,10:43:56,8.47,--,10,8470,卖盘
1355,10:43:36,8.47,--,52,44044,卖盘
1356,10:43:21,8.47,--,89,75383,买盘
1357,10:43:15,8.47,0.01,17,14399,买盘
1358,10:43:06,8.46,--,17,14382,卖盘
1359,10:43:00,8.46,--,8,6768,卖盘
1360,10:42:55,8.46,-0.02,10,8460,卖盘
1361,10:42:51,8.48,0.01,44,37312,买盘
1362,10:42:45,8.47,-0.01,6,5082,卖盘
1363,10:42:40,8.48,--,46,39499,卖盘
1364,10:42:36,8.48,--,56,47488,卖盘
1365,10:42:30,8.48,--,86,72928,卖盘
1366,10:42:25,8.48,--,10,8480,卖盘
1367,10:42:21,8.48,--,13,11024,卖盘
1368,10:42:15,8.48,--,16,13568,卖盘
1369,10:41:55,8.48,--,13,11024,卖盘
1370,10:41:51,8.48,--,377,320052,买盘
1371,10:41:45,8.48,--,50,42400,买盘
1372,10:41:40,8.48,--,3,2544,买盘
1373,10:41:36,8.48,0.01,1,848,买盘
1374,10:41:30,8.47,-0.01,13,11011,卖盘
1375,10:41:21,8.48,--,15,12720,买盘
1376,10:41:15,8.48,--,57,48336,买盘
1377,10:41:10,8.48,--,0,0,买盘
1378,10:41:06,8.48,0.01,63,53491,买盘
1379,10:40:55,8.47,--,1,1626,卖盘
1380,10:40:51,8.47,--,11,9317,卖盘
1381,10:40:36,8.47,--,32,27104,卖盘
1382,10:40:21,8.47,--,12,10164,买盘
1383,10:40:15,8.47,0.01,20,16940,买盘
1384,10:40:10,8.46,--,0,0,卖盘
1385,10:40:05,8.46,-0.01,38,32148,卖盘
1386,10:40:00,8.47,0.01,95,80465,买盘
1387,10:39:55,8.46,--,5,4230,卖盘
1388,10:39:50,8.46,--,24,20304,卖盘
1389,10:39:45,8.46,--,206,174276,卖盘
1390,10:39:36,8.46,-0.01,37,31302,卖盘
1391,10:39:30,8.47,--,4,3388,买盘
1392,10:39:20,8.47,0.01,10,8470,买盘
1393,10:39:15,8.46,--,55,46530,卖盘
1394,10:39:10,8.46,--,10,8460,卖盘
1395,10:39:05,8.46,-0.01,32,27072,卖盘
1396,10:38:55,8.47,--,22,18634,买盘
1397,10:38:50,8.47,0.01,21,17787,买盘
1398,10:38:40,8.46,--,55,46530,卖盘
1399,10:38:35,8.46,--,32,27072,卖盘
1400,10:38:30,8.46,--,10,8460,卖盘
1401,10:38:25,8.46,--,4,3384,卖盘
1402,10:38:15,8.46,--,6,5076,卖盘
1403,10:38:05,8.46,-0.01,37,31302,卖盘
1404,10:38:00,8.47,--,91,77077,买盘
1405,10:37:55,8.47,0.01,65,55055,买盘
1406,10:37:45,8.46,-0.01,48,40608,卖盘
1407,10:37:40,8.47,0.01,25,21175,买盘
1408,10:37:35,8.46,-0.01,39,32994,卖盘
1409,10:37:25,8.47,--,0,0,中性盘
1410,10:37:15,8.47,--,92,77924,买盘
1411,10:37:10,8.47,--,154,130438,卖盘
1412,10:37:05,8.47,-0.01,32,27104,卖盘
1413,10:37:00,8.48,--,18,15264,买盘
1414,10:36:55,8.48,--,5,4240,买盘
1415,10:36:45,8.48,--,299,253976,卖盘
1416,10:36:40,8.48,--,44,37312,卖盘
1417,10:36:35,8.48,--,32,27136,卖盘
1418,10:36:30,8.48,-0.01,31,26288,卖盘
1419,10:36:15,8.49,--,13,11037,买盘
1420,10:36:09,8.49,--,3,2547,买盘
1421,10:36:05,8.49,-0.01,7,5943,卖盘
1422,10:35:55,8.5,--,0,0,买盘
1423,10:35:45,8.5,0.01,182,154700,买盘
1424,10:35:39,8.49,0.01,15,12735,买盘
1425,10:35:35,8.48,--,32,27136,卖盘
1426,10:35:30,8.48,--,2,2120,买盘
1427,10:35:24,8.48,-0.01,31,26712,卖盘
1428,10:35:20,8.49,--,3,2547,买盘
1429,10:35:14,8.49,0.01,23,19527,买盘
1430,10:35:09,8.48,--,100,84800,卖盘
1431,10:35:05,8.48,-0.01,41,34768,卖盘
1432,10:35:00,8.49,--,7,5943,买盘
1433,10:34:49,8.49,0.02,21,18253,买盘
1434,10:34:45,8.47,-0.01,25,21175,卖盘
1435,10:34:39,8.48,0.01,26,22048,买盘
1436,10:34:35,8.47,-0.01,36,30492,卖盘
1437,10:34:30,8.48,--,10,8480,买盘
1438,10:34:24,8.48,--,45,38160,买盘
1439,10:34:19,8.48,-0.01,101,86072,卖盘
1440,10:34:15,8.49,0.01,10,8490,买盘
1441,10:34:04,8.48,--,32,27136,卖盘
1442,10:34:00,8.48,--,180,153064,买盘
1443,10:33:54,8.48,--,84,71232,买盘
1444,10:33:49,8.48,0.01,41,34768,买盘
1445,10:33:34,8.47,--,32,27104,卖盘
1446,10:33:30,8.47,--,20,16940,买盘
1447,10:33:24,8.47,--,1,847,买盘
1448,10:33:19,8.47,--,68,57596,买盘
1449,10:33:09,8.47,0.01,22,18634,买盘
1450,10:33:04,8.46,--,122,103212,卖盘
1451,10:33:00,8.46,-0.01,5,4230,卖盘
1452,10:32:54,8.47,--,10,8470,买盘
1453,10:32:44,8.47,0.01,17,14399,买盘
1454,10:32:39,8.46,0.01,13,10998,卖盘
1455,10:32:34,8.45,-0.01,62,52389,卖盘
1456,10:32:29,8.46,0.01,14,11844,买盘
1457,10:32:09,8.45,-0.01,5,4225,卖盘
1458,10:32:04,8.46,--,23,19458,卖盘
1459,10:31:54,8.46,0.01,5,4230,买盘
1460,10:31:49,8.45,--,165,139425,卖盘
1461,10:31:39,8.45,--,12,10140,卖盘
1462,10:31:34,8.45,--,80,67600,卖盘
1463,10:31:29,8.45,--,30,25349,卖盘
1464,10:31:24,8.45,--,2,1689,卖盘
1465,10:31:19,8.45,0.01,26,21969,买盘
1466,10:31:14,8.44,-0.01,1,844,卖盘
1467,10:31:09,8.45,0.01,102,86190,买盘
1468,10:31:04,8.44,-0.01,44,37136,卖盘
1469,10:30:59,8.45,--,13,10984,买盘
1470,10:30:54,8.45,--,80,67600,买盘
1471,10:30:49,8.45,--,1,844,买盘
1472,10:30:39,8.45,0.01,83,70135,买盘
1473,10:30:34,8.44,-0.01,32,27008,卖盘
1474,10:30:24,8.45,0.01,115,97174,买盘
1475,10:30:19,8.44,--,8,6752,卖盘
1476,10:30:14,8.44,-0.01,4,3376,卖盘
1477,10:30:09,8.45,0.01,28,23659,买盘
1478,10:30:04,8.44,-0.01,37,31227,卖盘
1479,10:29:59,8.45,--,7,5914,买盘
1480,10:29:54,8.45,--,16,13519,卖盘
1481,10:29:49,8.45,--,36,30419,卖盘
1482,10:29:44,8.45,-0.01,19,16054,卖盘
1483,10:29:39,8.46,0.01,145,122670,买盘
1484,10:29:34,8.45,-0.01,47,39715,卖盘
1485,10:29:24,8.46,0.01,3,2538,买盘
1486,10:29:19,8.45,--,69,58304,买盘
1487,10:29:04,8.45,-0.01,11,9295,卖盘
1488,10:28:59,8.46,--,15,12690,买盘
1489,10:28:54,8.46,0.01,13,10998,买盘
1490,10:28:49,8.45,--,6,5070,买盘
1491,10:28:39,8.45,--,8,7182,卖盘
1492,10:28:34,8.45,-0.01,44,37180,卖盘
1493,10:28:29,8.46,0.01,102,86292,买盘
1494,10:28:24,8.45,-0.01,7,5914,卖盘
1495,10:28:19,8.46,--,15,12690,买盘
1496,10:28:09,8.46,0.01,15,12690,买盘
1497,10:28:04,8.45,--,49,41405,卖盘
1498,10:27:59,8.45,--,5,4225,卖盘
1499,10:27:54,8.45,-0.01,5,4225,卖盘
1500,10:27:48,8.46,--,33,27918,买盘
1501,10:27:39,8.46,--,378,319788,买盘
1502,10:27:33,8.46,0.01,236,199656,买盘
1503,10:27:29,8.45,-0.01,35,29574,卖盘
1504,10:27:24,8.46,-0.01,29,24534,买盘
1505,10:27:18,8.47,--,0,0,买盘
1506,10:27:09,8.47,--,59,49973,买盘
1507,10:27:03,8.47,0.01,51,43197,买盘
1508,10:26:59,8.46,-0.01,41,34686,卖盘
1509,10:26:54,8.47,0.02,24,20328,买盘
1510,10:26:48,8.45,-0.02,200,169000,卖盘
1511,10:26:43,8.47,0.01,138,117309,买盘
1512,10:26:39,8.46,--,102,86292,买盘
1513,10:26:33,8.46,--,46,38916,买盘
1514,10:26:29,8.46,--,37,31302,买盘
1515,10:26:24,8.46,--,1,846,买盘
1516,10:26:18,8.46,--,24,20304,买盘
1517,10:26:09,8.46,0.01,10,8460,买盘
1518,10:26:03,8.45,--,41,34645,卖盘
1519,10:25:58,8.45,--,8,6759,卖盘
1520,10:25:54,8.45,0.01,17,14364,买盘
1521,10:25:48,8.44,--,30,25320,卖盘
1522,10:25:43,8.44,-0.01,14,11816,卖盘
1523,10:25:39,8.45,--,42,35490,买盘
1524,10:25:33,8.45,-0.01,5,4225,中性盘
1525,10:25:28,8.46,0.02,68,57528,买盘
1526,10:25:24,8.44,--,65,55661,卖盘
1527,10:25:18,8.44,-0.02,19,16035,卖盘
1528,10:25:13,8.46,--,5,4230,买盘
1529,10:25:09,8.46,--,14,11844,买盘
1530,10:25:03,8.46,--,140,118440,买盘
1531,10:24:58,8.46,--,167,141282,买盘
1532,10:24:53,8.46,0.04,10,8460,买盘
1533,10:24:48,8.42,-0.02,205,172610,卖盘
1534,10:24:43,8.44,0.01,124,104656,买盘
1535,10:24:33,8.43,-0.01,85,71655,卖盘
1536,10:24:28,8.44,--,285,240540,买盘
1537,10:24:23,8.44,0.02,122,102968,卖盘
1538,10:24:18,8.42,--,510,429420,卖盘
1539,10:24:13,8.42,--,187,157454,卖盘
1540,10:24:08,8.42,--,178,149876,卖盘
1541,10:24:03,8.42,--,142,119564,卖盘
1542,10:23:58,8.42,--,166,139772,买盘
1543,10:23:53,8.42,--,91,76622,买盘
1544,10:23:48,8.42,0.02,223,187766,买盘
1545,10:23:43,8.4,-0.02,1118,939120,卖盘
1546,10:23:38,8.42,0.01,10,8420,中性盘
1547,10:23:33,8.41,--,294,247254,卖盘
1548,10:23:28,8.41,-0.01,219,184179,卖盘
1549,10:23:23,8.42,0.01,165,138930,买盘
1550,10:23:18,8.41,--,190,159790,卖盘
1551,10:23:13,8.41,-0.01,170,142970,卖盘
1552,10:23:08,8.42,0.01,12,10104,买盘
1553,10:23:03,8.41,-0.03,415,349015,卖盘
1554,10:22:58,8.44,0.01,313,264172,买盘
1555,10:22:53,8.43,--,212,178716,买盘
1556,10:22:48,8.43,0.01,21,17703,中性盘
1557,10:22:43,8.42,-0.03,539,453838,卖盘
1558,10:22:38,8.45,0.01,26,21969,买盘
1559,10:22:33,8.44,--,249,210156,卖盘
1560,10:22:28,8.44,-0.01,95,80180,卖盘
1561,10:22:23,8.45,--,25,21125,买盘
1562,10:22:18,8.45,-0.01,6,5070,卖盘
1563,10:22:13,8.46,0.01,399,337554,买盘
1564,10:22:08,8.45,-0.01,7,5914,卖盘
1565,10:22:03,8.46,0.01,211,178506,买盘
1566,10:21:58,8.45,-0.01,59,49854,卖盘
1567,10:21:53,8.46,--,1,846,买盘
1568,10:21:48,8.46,0.01,32,27072,买盘
1569,10:21:43,8.45,-0.01,28,23659,卖盘
1570,10:21:38,8.46,--,10,8460,买盘
1571,10:21:33,8.46,-0.01,161,136206,卖盘
1572,10:21:28,8.47,0.01,85,71995,买盘
1573,10:21:23,8.46,-0.01,110,93060,卖盘
1574,10:21:18,8.47,--,127,107569,买盘
1575,10:21:13,8.47,0.01,40,33880,买盘
1576,10:21:03,8.46,-0.01,165,139590,卖盘
1577,10:20:53,8.47,--,38,32186,买盘
1578,10:20:48,8.47,--,210,177870,卖盘
1579,10:20:43,8.47,-0.01,29,24563,卖盘
1580,10:20:38,8.48,0.01,79,66992,买盘
1581,10:20:33,8.47,--,142,120274,卖盘
1582,10:20:28,8.47,-0.01,102,86394,卖盘
1583,10:20:23,8.48,--,8,6784,买盘
1584,10:20:18,8.48,--,42,35616,买盘
1585,10:20:13,8.48,-0.01,82,69536,卖盘
1586,10:20:08,8.49,0.01,157,133293,买盘
1587,10:20:03,8.48,--,39,33072,卖盘
1588,10:19:57,8.48,-0.01,169,143312,卖盘
1589,10:19:53,8.49,0.01,10,8490,买盘
1590,10:19:48,8.48,--,116,98368,买盘
1591,10:19:42,8.48,--,217,184016,卖盘
1592,10:19:38,8.48,--,25,21200,卖盘
1593,10:19:33,8.48,--,36,30528,卖盘
1594,10:19:27,8.48,--,152,128896,买盘
1595,10:19:22,8.48,--,9,7632,买盘
1596,10:19:18,8.48,0.01,7,5936,买盘
1597,10:19:12,8.47,--,392,332024,卖盘
1598,10:19:07,8.47,-0.01,2,1694,卖盘
1599,10:19:03,8.48,0.01,26,22048,中性盘
1600,10:18:57,8.47,--,117,99099,卖盘
1601,10:18:52,8.47,-0.01,99,83853,卖盘
1602,10:18:47,8.48,--,15,12720,买盘
1603,10:18:42,8.48,0.01,236,200128,买盘
1604,10:18:37,8.47,--,17,14399,买盘
1605,10:18:32,8.47,0.01,69,58443,买盘
1606,10:18:27,8.46,--,106,89676,卖盘
1607,10:18:22,8.46,--,90,76140,卖盘
1608,10:18:17,8.46,--,33,27918,买盘
1609,10:18:12,8.46,--,286,241956,买盘
1610,10:18:07,8.46,--,140,118440,买盘
1611,10:18:02,8.46,--,76,64296,买盘
1612,10:17:57,8.46,--,328,277488,卖盘
1613,10:17:52,8.46,--,281,237726,卖盘
1614,10:17:47,8.46,--,84,71064,卖盘
1615,10:17:42,8.46,-0.01,136,115056,卖盘
1616,10:17:37,8.47,0.01,171,144837,买盘
1617,10:17:32,8.46,--,51,43146,卖盘
1618,10:17:27,8.46,-0.01,83,70218,卖盘
1619,10:17:22,8.47,--,46,38962,买盘
1620,10:17:17,8.47,--,104,88088,买盘
1621,10:17:12,8.47,--,77,65219,卖盘
1622,10:17:07,8.47,--,118,99946,卖盘
1623,10:17:02,8.47,--,13,11011,卖盘
1624,10:16:57,8.47,--,288,243936,卖盘
1625,10:16:52,8.47,--,111,94017,卖盘
1626,10:16:47,8.47,--,32,27104,卖盘
1627,10:16:42,8.47,-0.01,48,40656,卖盘
1628,10:16:37,8.48,--,68,57664,买盘
1629,10:16:32,8.48,--,213,180624,卖盘
1630,10:16:26,8.48,-0.01,73,61904,卖盘
1631,10:16:22,8.49,--,90,76410,买盘
1632,10:16:17,8.49,-0.01,5,4245,买盘
1633,10:16:12,8.5,--,128,108800,买盘
1634,10:16:07,8.5,--,21,17850,买盘
1635,10:16:02,8.5,--,441,374850,卖盘
1636,10:15:57,8.5,--,1080,918000,卖盘
1637,10:15:52,8.5,-0.01,402,341700,卖盘
1638,10:15:42,8.51,--,331,281681,买盘
1639,10:15:37,8.51,--,130,110630,买盘
1640,10:15:32,8.51,--,26,22126,买盘
1641,10:15:26,8.51,--,152,129352,卖盘
1642,10:15:22,8.51,--,368,313168,卖盘
1643,10:15:17,8.51,--,56,47656,卖盘
1644,10:15:12,8.51,--,424,360824,卖盘
1645,10:15:07,8.51,-0.01,230,195730,卖盘
1646,10:14:57,8.52,--,10,8520,买盘
1647,10:14:52,8.52,--,305,259860,卖盘
1648,10:14:47,8.52,--,220,187440,卖盘
1649,10:14:41,8.52,--,66,56232,卖盘
1650,10:14:37,8.52,-0.01,177,150804,卖盘
1651,10:14:32,8.53,--,8,6823,买盘
1652,10:14:27,8.53,0.01,34,29001,买盘
1653,10:14:22,8.52,-0.01,10,8520,卖盘
1654,10:14:17,8.53,--,5,4265,买盘
1655,10:14:12,8.53,--,142,121125,卖盘
1656,10:14:07,8.53,--,152,129655,卖盘
1657,10:14:02,8.53,-0.01,45,38385,卖盘
1658,10:13:57,8.54,0.01,27,23057,买盘
1659,10:13:52,8.53,--,125,106624,卖盘
1660,10:13:42,8.53,--,4,3411,卖盘
1661,10:13:37,8.53,--,137,116860,卖盘
1662,10:13:32,8.53,--,4,3411,卖盘
1663,10:13:22,8.53,-0.01,107,91271,卖盘
1664,10:13:11,8.54,0.01,338,288652,买盘
1665,10:13:07,8.53,-0.01,132,112595,卖盘
1666,10:13:02,8.54,-0.01,9,7685,买盘
1667,10:12:57,8.55,0.02,24,20520,买盘
1668,10:12:52,8.53,-0.01,105,89565,卖盘
1669,10:12:47,8.54,--,4,3415,买盘
1670,10:12:42,8.54,0.01,4,3415,买盘
1671,10:12:37,8.53,-0.02,117,99800,卖盘
1672,10:12:32,8.55,--,60,51300,买盘
1673,10:12:27,8.55,0.02,5,4275,买盘
1674,10:12:22,8.53,-0.01,100,85300,卖盘
1675,10:12:17,8.54,--,30,25619,买盘
1676,10:12:11,8.54,0.01,2,1707,买盘
1677,10:12:05,8.53,--,102,87006,卖盘
1678,10:12:02,8.53,--,12,10236,卖盘
1679,10:11:57,8.53,--,0,0,卖盘
1680,10:11:50,8.53,-0.02,102,87006,卖盘
1681,10:11:47,8.55,--,76,64980,买盘
1682,10:11:42,8.55,--,5,4275,买盘
1683,10:11:36,8.55,0.02,169,144495,买盘
1684,10:11:26,8.53,--,0,0,卖盘
1685,10:11:21,8.53,-0.03,116,98947,卖盘
1686,10:11:16,8.56,0.01,15,12840,买盘
1687,10:11:11,8.55,-0.01,77,65835,买盘
1688,10:11:06,8.56,--,140,119840,买盘
1689,10:10:56,8.56,0.01,1,856,买盘
1690,10:10:51,8.55,0.03,261,223155,买盘
1691,10:10:46,8.52,--,0,0,卖盘
1692,10:10:41,8.52,--,16,13632,卖盘
1693,10:10:35,8.52,-0.02,131,111612,卖盘
1694,10:10:31,8.54,0.02,126,107603,买盘
1695,10:10:21,8.52,--,106,90312,卖盘
1696,10:10:16,8.52,--,180,153360,买盘
1697,10:10:06,8.52,--,224,190848,买盘
1698,10:10:01,8.52,--,95,80940,买盘
1699,10:09:56,8.52,--,210,178920,买盘
1700,10:09:51,8.52,--,83,70716,卖盘
1701,10:09:46,8.52,--,107,91164,卖盘
1702,10:09:35,8.52,--,203,172956,卖盘
1703,10:09:31,8.52,--,45,38340,卖盘
1704,10:09:21,8.52,--,67,57084,卖盘
1705,10:09:16,8.52,-0.01,100,85200,卖盘
1706,10:09:11,8.53,0.01,68,58003,买盘
1707,10:09:05,8.52,--,118,100536,买盘
1708,10:09:01,8.52,-0.01,923,786396,卖盘
1709,10:08:56,8.53,--,7,5971,卖盘
1710,10:08:51,8.53,0.01,420,358260,买盘
1711,10:08:46,8.52,-0.01,100,85200,卖盘
1712,10:08:35,8.53,0.01,35,29854,买盘
1713,10:08:31,8.52,--,124,105648,卖盘
1714,10:08:26,8.52,--,19,16188,卖盘
1715,10:08:16,8.52,-0.01,103,87756,卖盘
1716,10:08:11,8.53,--,148,126243,买盘
1717,10:08:06,8.53,0.01,34,29001,买盘
1718,10:08:01,8.52,--,128,109056,买盘
1719,10:07:56,8.52,--,39,33228,买盘
1720,10:07:51,8.52,--,41,34932,买盘
1721,10:07:46,8.52,--,106,90312,卖盘
1722,10:07:35,8.52,--,233,198516,卖盘
1723,10:07:31,8.52,-0.01,109,92868,卖盘
1724,10:07:25,8.53,--,1,852,买盘
1725,10:07:21,8.53,--,5,4265,买盘
1726,10:07:16,8.53,0.01,102,87006,买盘
1727,10:07:11,8.52,-0.01,7,5964,卖盘
1728,10:07:06,8.53,--,3,2559,买盘
1729,10:07:01,8.53,--,34,29001,卖盘
1730,10:06:51,8.53,0.01,5,4265,卖盘
1731,10:06:46,8.52,-0.01,120,102240,卖盘
1732,10:06:41,8.53,--,55,46915,买盘
1733,10:06:36,8.53,0.01,37,31560,买盘
1734,10:06:31,8.52,--,150,127800,卖盘
1735,10:06:25,8.52,-0.01,210,178920,卖盘
1736,10:06:21,8.53,--,4,3411,买盘
1737,10:06:16,8.53,--,8,6823,卖盘
1738,10:06:10,8.53,--,12,10236,买盘
1739,10:06:05,8.53,0.01,25,21325,卖盘
1740,10:06:01,8.52,-0.02,105,89460,卖盘
1741,10:05:55,8.54,0.01,15,12809,买盘
1742,10:05:51,8.53,--,6,5118,买盘
1743,10:05:46,8.53,-0.01,161,137333,卖盘
1744,10:05:36,8.54,--,1,853,买盘
1745,10:05:31,8.54,0.01,70,59779,中性盘
1746,10:05:20,8.53,--,49,41797,买盘
1747,10:05:16,8.53,-0.01,398,339494,卖盘
1748,10:05:05,8.54,0.01,76,64903,买盘
1749,10:05:01,8.53,-0.01,102,87006,卖盘
1750,10:04:55,8.54,--,176,150303,买盘
1751,10:04:50,8.54,0.01,33,28181,买盘
1752,10:04:46,8.53,-0.01,100,85300,卖盘
1753,10:04:40,8.54,--,10,8540,买盘
1754,10:04:36,8.54,0.01,51,43553,买盘
1755,10:04:31,8.53,-0.01,208,177424,卖盘
1756,10:04:25,8.54,--,71,60633,买盘
1757,10:04:20,8.54,0.01,72,61487,买盘
1758,10:04:15,8.53,--,224,191072,卖盘
1759,10:04:10,8.53,--,72,61415,卖盘
1760,10:04:05,8.53,--,32,27295,卖盘
1761,10:03:59,8.53,--,129,110036,卖盘
1762,10:03:55,8.53,0.01,90,76770,卖盘
1763,10:03:50,8.52,-0.01,15,12780,卖盘
1764,10:03:44,8.53,0.01,175,149275,买盘
1765,10:03:40,8.52,--,10,8520,卖盘
1766,10:03:35,8.52,-0.01,109,92868,卖盘
1767,10:03:29,8.53,--,122,104065,买盘
1768,10:03:25,8.53,0.01,10,8530,买盘
1769,10:03:20,8.52,--,5,4260,卖盘
1770,10:03:14,8.52,--,31,26412,卖盘
1771,10:03:10,8.52,--,100,85200,卖盘
1772,10:03:05,8.52,-0.01,9,7668,卖盘
1773,10:02:59,8.53,--,6,5118,买盘
1774,10:02:55,8.53,0.01,717,611601,卖盘
1775,10:02:44,8.52,--,119,101388,卖盘
1776,10:02:40,8.52,-0.01,139,118428,卖盘
1777,10:02:35,8.53,--,42,35826,买盘
1778,10:02:29,8.53,--,25,21325,买盘
1779,10:02:25,8.53,--,39,33267,买盘
1780,10:02:20,8.53,-0.01,214,182542,卖盘
1781,10:02:14,8.54,0.01,147,125537,买盘
1782,10:02:10,8.53,-0.01,241,205572,卖盘
1783,10:02:05,8.54,--,68,58071,买盘
1784,10:01:59,8.54,0.01,15,12809,买盘
1785,10:01:55,8.53,--,256,218367,卖盘
1786,10:01:50,8.53,-0.01,10,8530,卖盘
1787,10:01:44,8.54,0.01,17,14517,买盘
1788,10:01:40,8.53,--,133,113448,卖盘
1789,10:01:35,8.53,-0.01,65,55444,卖盘
1790,10:01:29,8.54,--,29,24765,买盘
1791,10:01:25,8.54,--,193,164821,卖盘
1792,10:01:20,8.54,--,14,11955,卖盘
1793,10:01:14,8.54,--,103,87961,卖盘
1794,10:01:10,8.54,--,319,272426,买盘
1795,10:01:05,8.54,--,145,123829,买盘
1796,10:00:59,8.54,--,162,138348,买盘
1797,10:00:55,8.54,--,795,678929,买盘
1798,10:00:44,8.54,--,10,8540,买盘
1799,10:00:40,8.54,0.01,179,152865,买盘
1800,10:00:34,8.53,-0.01,73,62268,卖盘
1801,10:00:29,8.54,--,99,84545,买盘
1802,10:00:25,8.54,--,201,171653,买盘
1803,10:00:19,8.54,--,19,16225,买盘
1804,10:00:14,8.54,--,159,135786,买盘
1805,10:00:10,8.54,--,17,14517,买盘
1806,10:00:04,8.54,-0.01,392,334767,卖盘
1807,09:59:59,8.55,0.02,54,46170,买盘
1808,09:59:55,8.53,-0.01,106,90418,卖盘
1809,09:59:49,8.54,--,2,1707,卖盘
1810,09:59:44,8.54,--,8,6831,卖盘
1811,09:59:40,8.54,0.01,142,121267,买盘
1812,09:59:34,8.53,--,32,27295,卖盘
1813,09:59:29,8.53,--,28,23884,卖盘
1814,09:59:25,8.53,--,116,98947,卖盘
1815,09:59:14,8.53,--,47,40091,买盘
1816,09:59:10,8.53,-0.01,426,363378,卖盘
1817,09:59:04,8.54,--,902,770307,卖盘
1818,09:58:59,8.54,-0.01,156,133224,卖盘
1819,09:58:54,8.55,0.01,139,118845,买盘
1820,09:58:49,8.54,-0.01,23,19641,卖盘
1821,09:58:44,8.55,--,841,719055,买盘
1822,09:58:39,8.55,--,159,135945,买盘
1823,09:58:34,8.55,0.01,42,35910,买盘
1824,09:58:29,8.54,-0.01,136,116143,卖盘
1825,09:58:25,8.55,0.01,61,52155,买盘
1826,09:58:19,8.54,--,105,89669,卖盘
1827,09:58:14,8.54,-0.02,327,279258,卖盘
1828,09:58:09,8.56,--,221,189176,买盘
1829,09:58:04,8.56,0.01,152,130112,买盘
1830,09:57:59,8.55,--,33,28215,卖盘
1831,09:57:55,8.55,--,157,134235,卖盘
1832,09:57:49,8.55,-0.01,49,41895,卖盘
1833,09:57:44,8.56,0.01,39,33384,买盘
1834,09:57:40,8.55,--,107,91485,卖盘
1835,09:57:29,8.55,--,11,9405,卖盘
1836,09:57:25,8.55,--,132,112860,买盘
1837,09:57:14,8.55,0.01,165,141075,买盘
1838,09:57:09,8.54,--,341,291214,卖盘
1839,09:57:04,8.54,-0.01,117,99917,卖盘
1840,09:56:59,8.55,--,11,9405,买盘
1841,09:56:55,8.55,0.01,73,62415,买盘
1842,09:56:49,8.54,0.01,31,26473,卖盘
1843,09:56:44,8.53,--,55,46915,卖盘
1844,09:56:39,8.53,--,49,41797,卖盘
1845,09:56:34,8.53,-0.01,125,106624,卖盘
1846,09:56:29,8.54,--,97,82837,卖盘
1847,09:56:24,8.54,--,129,110165,买盘
1848,09:56:19,8.54,--,10,8540,买盘
1849,09:56:14,8.54,-0.01,437,373197,卖盘
1850,09:56:09,8.55,--,217,185535,买盘
1851,09:55:59,8.55,--,65,55575,买盘
1852,09:55:54,8.55,--,244,208620,卖盘
1853,09:55:49,8.55,-0.01,81,69255,卖盘
1854,09:55:44,8.56,0.01,22,18832,买盘
1855,09:55:39,8.55,--,46,39330,卖盘
1856,09:55:34,8.55,--,78,66690,卖盘
1857,09:55:23,8.55,-0.01,11,9405,卖盘
1858,09:55:19,8.56,--,46,39376,卖盘
1859,09:55:08,8.56,--,48,41088,卖盘
1860,09:55:04,8.56,-0.01,21,17976,卖盘
1861,09:54:59,8.57,0.01,30,25710,买盘
1862,09:54:53,8.56,--,148,126688,卖盘
1863,09:54:49,8.56,--,80,68480,卖盘
1864,09:54:44,8.56,--,3,2568,卖盘
1865,09:54:38,8.56,--,5,4280,卖盘
1866,09:54:34,8.56,-0.01,60,51360,卖盘
1867,09:54:29,8.57,--,55,47135,买盘
1868,09:54:23,8.57,--,21,17997,买盘
1869,09:54:19,8.57,--,21,17997,卖盘
1870,09:54:14,8.57,--,55,47135,卖盘
1871,09:54:08,8.57,0.01,93,79701,中性盘
1872,09:54:04,8.56,-0.01,524,448544,卖盘
1873,09:53:53,8.57,-0.01,3,2571,卖盘
1874,09:53:48,8.58,--,8,6864,买盘
1875,09:53:38,8.58,--,14,12012,买盘
1876,09:53:33,8.58,-0.01,57,48906,卖盘
1877,09:53:29,8.59,--,11,9449,买盘
1878,09:53:23,8.59,0.02,3,2577,买盘
1879,09:53:18,8.57,-0.01,30,25710,卖盘
1880,09:53:14,8.58,--,41,35178,卖盘
1881,09:53:08,8.58,--,25,21450,卖盘
1882,09:53:03,8.58,--,141,121183,买盘
1883,09:52:53,8.58,0.01,62,53196,买盘
1884,09:52:48,8.57,--,102,87414,卖盘
1885,09:52:43,8.57,-0.01,10,8570,卖盘
1886,09:52:38,8.58,--,5,4290,买盘
1887,09:52:33,8.58,0.02,53,45474,买盘
1888,09:52:28,8.56,-0.02,3,2568,卖盘
1889,09:52:23,8.58,0.01,15,12870,买盘
1890,09:52:18,8.57,-0.01,15,12855,卖盘
1891,09:52:13,8.58,--,4,3432,买盘
1892,09:52:08,8.58,0.01,93,79794,买盘
1893,09:51:58,8.57,--,125,107125,买盘
1894,09:51:53,8.57,--,5,4285,买盘
1895,09:51:48,8.57,--,27,23139,买盘
1896,09:51:43,8.57,0.01,7,5999,买盘
1897,09:51:38,8.56,--,79,67624,卖盘
1898,09:51:33,8.56,--,11,9416,卖盘
1899,09:51:28,8.56,--,0,0,中性盘
1900,09:51:23,8.56,--,143,122408,买盘
1901,09:51:18,8.56,0.01,83,71048,买盘
1902,09:51:13,8.55,-0.01,28,23940,卖盘
1903,09:51:08,8.56,0.02,26,22256,买盘
1904,09:50:58,8.54,--,85,72590,卖盘
1905,09:50:53,8.54,--,160,136640,卖盘
1906,09:50:48,8.54,--,48,40991,卖盘
1907,09:50:43,8.54,--,20,17080,卖盘
1908,09:50:38,8.54,--,265,226309,卖盘
1909,09:50:33,8.54,--,376,321103,买盘
1910,09:50:28,8.54,--,20,17080,买盘
1911,09:50:23,8.54,-0.01,20,17080,中性盘
1912,09:50:18,8.55,--,381,325755,买盘
1913,09:50:13,8.55,--,25,21375,买盘
1914,09:50:08,8.55,--,163,139365,买盘
1915,09:50:03,8.55,--,319,272745,卖盘
1916,09:49:58,8.55,-0.01,6,5130,卖盘
1917,09:49:53,8.56,0.01,322,275632,中性盘
1918,09:49:48,8.55,-0.01,262,224010,卖盘
1919,09:49:43,8.56,0.01,152,130112,买盘
1920,09:49:38,8.55,--,68,58140,买盘
1921,09:49:33,8.55,-0.01,312,266760,卖盘
1922,09:49:28,8.56,0.01,8,6848,买盘
1923,09:49:23,8.55,--,40,34200,卖盘
1924,09:49:18,8.55,-0.01,275,235125,卖盘
1925,09:49:13,8.56,--,15,12840,买盘
1926,09:49:08,8.56,-0.01,80,68480,中性盘
1927,09:49:03,8.57,0.01,78,66846,买盘
1928,09:48:58,8.56,-0.01,21,17976,卖盘
1929,09:48:53,8.57,-0.01,426,365082,卖盘
1930,09:48:48,8.58,--,64,54912,买盘
1931,09:48:43,8.58,--,30,26392,卖盘
1932,09:48:38,8.58,--,174,149746,卖盘
1933,09:48:33,8.58,--,395,339519,卖盘
1934,09:48:28,8.58,--,86,73788,卖盘
1935,09:48:23,8.58,--,26,22308,卖盘
1936,09:48:18,8.58,-0.01,228,195624,卖盘
1937,09:48:13,8.59,--,374,321266,卖盘
1938,09:48:08,8.59,-0.01,9,7731,卖盘
1939,09:48:03,8.6,--,34,29240,买盘
1940,09:47:58,8.6,--,147,126420,卖盘
1941,09:47:53,8.6,-0.01,510,438600,卖盘
1942,09:47:48,8.61,0.01,328,282408,买盘
1943,09:47:43,8.6,--,414,356040,卖盘
1944,09:47:38,8.6,--,37,31820,卖盘
1945,09:47:32,8.6,-0.01,225,193500,卖盘
1946,09:47:23,8.61,--,1,861,买盘
1947,09:47:17,8.61,0.01,69,59408,买盘
1948,09:47:13,8.6,-0.01,77,66220,卖盘
1949,09:47:08,8.61,--,206,177366,买盘
1950,09:47:02,8.61,--,80,68880,卖盘
1951,09:46:58,8.61,--,53,45633,买盘
1952,09:46:53,8.61,--,417,359037,卖盘
1953,09:46:47,8.61,--,14,12054,卖盘
1954,09:46:43,8.61,--,12,10332,卖盘
1955,09:46:32,8.61,--,199,171339,买盘
1956,09:46:28,8.61,--,32,27552,买盘
1957,09:46:23,8.61,--,2,1722,买盘
1958,09:46:17,8.61,-0.01,262,225581,卖盘
1959,09:46:12,8.62,0.01,3,2585,买盘
1960,09:46:07,8.61,--,23,19803,卖盘
1961,09:46:02,8.61,--,49,42189,卖盘
1962,09:45:57,8.61,--,114,98154,卖盘
1963,09:45:52,8.61,--,63,54243,卖盘
1964,09:45:47,8.61,--,10,8610,卖盘
1965,09:45:42,8.61,--,33,28412,卖盘
1966,09:45:32,8.61,--,143,123122,卖盘
1967,09:45:27,8.61,--,13,11193,卖盘
1968,09:45:22,8.61,--,84,72324,买盘
1969,09:45:17,8.61,--,5,4305,买盘
1970,09:45:12,8.61,--,37,31856,卖盘
1971,09:45:02,8.61,-0.01,144,123983,卖盘
1972,09:44:57,8.62,0.01,14,12067,买盘
1973,09:44:52,8.61,--,19,16358,卖盘
1974,09:44:47,8.61,-0.01,26,22386,卖盘
1975,09:44:42,8.62,0.01,7,6033,买盘
1976,09:44:37,8.61,--,41,35301,卖盘
1977,09:44:32,8.61,--,27,23247,卖盘
1978,09:44:17,8.61,--,15,12915,买盘
1979,09:44:12,8.61,-0.01,485,417585,卖盘
1980,09:44:07,8.62,--,20,17240,买盘
1981,09:44:02,8.62,0.01,68,58615,买盘
1982,09:43:57,8.61,--,30,25830,卖盘
1983,09:43:47,8.61,0.01,11,9471,中性盘
1984,09:43:42,8.6,-0.02,269,231340,卖盘
1985,09:43:37,8.62,--,0,0,买盘
1986,09:43:32,8.62,0.01,100,86199,买盘
1987,09:43:27,8.61,--,93,80073,卖盘
1988,09:43:22,8.61,-0.01,73,62852,卖盘
1989,09:43:12,8.62,0.02,36,31031,买盘
1990,09:43:07,8.6,-0.01,113,97180,卖盘
1991,09:43:02,8.61,--,103,88683,买盘
1992,09:42:57,8.61,--,33,28412,买盘
1993,09:42:47,8.61,--,29,24969,买盘
1994,09:42:42,8.61,-0.01,594,511433,卖盘
1995,09:42:37,8.62,--,6,5171,卖盘
1996,09:42:32,8.62,-0.01,9,7757,卖盘
1997,09:42:27,8.63,--,42,36246,买盘
1998,09:42:12,8.63,0.01,20,17260,买盘
1999,09:42:07,8.62,--,28,24135,买盘
2000,09:42:02,8.62,--,10,8620,买盘
2001,09:41:57,8.62,-0.01,323,278426,卖盘
2002,09:41:52,8.63,--,2,1726,买盘
2003,09:41:47,8.63,--,21,18123,买盘
2004,09:41:42,8.63,--,1,863,买盘
2005,09:41:32,8.63,--,2,1726,买盘
2006,09:41:27,8.63,--,8,6904,买盘
2007,09:41:22,8.63,--,3,2589,买盘
2008,09:41:12,8.63,-0.01,136,117368,卖盘
2009,09:41:07,8.64,0.01,172,148608,买盘
2010,09:41:02,8.63,--,29,25027,卖盘
2011,09:40:57,8.63,-0.01,40,34520,卖盘
2012,09:40:42,8.64,--,10,8640,买盘
2013,09:40:37,8.64,-0.01,102,88128,卖盘
2014,09:40:32,8.65,--,5,4325,买盘
2015,09:40:27,8.65,--,23,19895,买盘
2016,09:40:22,8.65,--,5,4325,买盘
2017,09:40:17,8.65,--,10,8650,买盘
2018,09:40:12,8.65,--,10,8650,买盘
2019,09:40:07,8.65,-0.01,39,33735,卖盘
2020,09:40:02,8.66,0.01,1,866,买盘
2021,09:39:56,8.65,-0.01,30,25950,卖盘
2022,09:39:52,8.66,0.01,1,866,买盘
2023,09:39:41,8.65,--,25,21625,买盘
2024,09:39:37,8.65,--,55,47575,买盘
2025,09:39:26,8.65,--,7,6055,卖盘
2026,09:39:22,8.65,--,58,50170,卖盘
2027,09:39:11,8.65,--,160,138400,买盘
2028,09:39:06,8.65,0.01,9,7785,买盘
2029,09:38:56,8.64,--,5,4320,卖盘
2030,09:38:52,8.64,--,36,31104,买盘
2031,09:38:46,8.64,--,18,15552,买盘
2032,09:38:41,8.64,0.01,31,26784,买盘
2033,09:38:26,8.63,--,18,15534,卖盘
2034,09:38:21,8.63,0.02,74,63862,买盘
2035,09:38:16,8.61,--,50,43050,卖盘
2036,09:38:11,8.61,--,79,68019,卖盘
2037,09:38:06,8.61,-0.01,43,37023,卖盘
2038,09:38:01,8.62,0.01,95,81889,买盘
2039,09:37:56,8.61,--,103,88683,买盘
2040,09:37:51,8.61,--,29,24969,买盘
2041,09:37:46,8.61,--,7,6027,买盘
2042,09:37:41,8.61,-0.01,282,242801,卖盘
2043,09:37:36,8.62,--,88,75856,卖盘
2044,09:37:31,8.62,--,4,3447,卖盘
2045,09:37:26,8.62,--,8,6895,买盘
2046,09:37:21,8.62,0.01,40,34480,买盘
2047,09:37:16,8.61,--,4,3444,卖盘
2048,09:37:11,8.61,--,22,18942,买盘
2049,09:37:06,8.61,--,536,461495,卖盘
2050,09:37:01,8.61,--,1,861,卖盘
2051,09:36:56,8.61,--,27,23247,买盘
2052,09:36:51,8.61,-0.01,278,239357,卖盘
2053,09:36:46,8.62,0.01,13,11205,买盘
2054,09:36:41,8.61,-0.01,621,534681,卖盘
2055,09:36:36,8.62,0.01,467,402553,买盘
2056,09:36:31,8.61,-0.01,18,15497,卖盘
2057,09:36:26,8.62,--,154,132748,买盘
2058,09:36:21,8.62,--,81,69822,卖盘
2059,09:36:16,8.62,-0.01,7,6033,卖盘
2060,09:36:11,8.63,0.01,48,41424,买盘
2061,09:36:06,8.62,-0.01,445,383589,卖盘
2062,09:35:56,8.63,-0.01,65,56095,卖盘
2063,09:35:46,8.64,--,15,12960,买盘
2064,09:35:41,8.64,-0.01,15,12960,买盘
2065,09:35:36,8.65,0.01,32,27680,买盘
2066,09:35:31,8.64,--,3,2592,卖盘
2067,09:35:26,8.64,-0.01,165,142560,卖盘
2068,09:35:21,8.65,--,69,59685,卖盘
2069,09:35:16,8.65,--,7,6055,卖盘
2070,09:35:11,8.65,--,18,15570,买盘
2071,09:35:06,8.65,0.01,31,26815,买盘
2072,09:35:01,8.64,-0.02,254,219456,卖盘
2073,09:34:56,8.66,0.01,311,269326,买盘
2074,09:34:51,8.65,--,29,25085,卖盘
2075,09:34:46,8.65,-0.01,12,10380,卖盘
2076,09:34:41,8.66,--,40,34640,买盘
2077,09:34:36,8.66,--,105,90930,卖盘
2078,09:34:31,8.66,--,20,17320,卖盘
2079,09:34:21,8.66,0.01,49,42434,买盘
2080,09:34:16,8.65,-0.01,14,12110,卖盘
2081,09:34:11,8.66,--,96,83136,买盘
2082,09:34:06,8.66,-0.01,105,90930,卖盘
2083,09:34:01,8.67,--,18,15606,买盘
2084,09:33:56,8.67,--,8,6936,买盘
2085,09:33:51,8.67,--,44,38148,买盘
2086,09:33:46,8.67,0.01,41,35547,买盘
2087,09:33:36,8.66,--,23,19918,卖盘
2088,09:33:31,8.66,--,35,30310,买盘
2089,09:33:26,8.66,0.01,11,9526,买盘
2090,09:33:16,8.65,-0.01,12,10380,卖盘
2091,09:33:11,8.66,--,16,13856,买盘
2092,09:33:06,8.66,0.01,36,31176,买盘
2093,09:33:01,8.65,--,18,15570,卖盘
2094,09:32:51,8.65,--,90,77850,卖盘
2095,09:32:46,8.65,--,45,38925,卖盘
2096,09:32:41,8.65,-0.01,40,34600,卖盘
2097,09:32:36,8.66,0.01,40,34640,买盘
2098,09:32:31,8.65,--,35,30275,卖盘
2099,09:32:26,8.65,--,48,41520,卖盘
2100,09:32:20,8.65,-0.01,57,49305,卖盘
2101,09:32:16,8.66,--,26,22516,买盘
2102,09:32:05,8.66,--,15,12990,买盘
2103,09:32:01,8.66,--,27,23382,买盘
2104,09:31:55,8.66,--,24,20784,买盘
2105,09:31:50,8.66,--,60,51960,买盘
2106,09:31:46,8.66,-0.01,177,153282,卖盘
2107,09:31:40,8.67,0.01,57,49419,买盘
2108,09:31:35,8.66,--,13,11258,卖盘
2109,09:31:31,8.66,--,118,102188,卖盘
2110,09:31:25,8.66,0.02,15,12990,买盘
2111,09:31:20,8.64,-0.01,90,77760,卖盘
2112,09:31:16,8.65,--,66,57090,买盘
2113,09:31:05,8.65,0.02,52,44980,买盘
2114,09:31:00,8.63,--,13,11219,卖盘
2115,09:30:55,8.63,-0.02,5,4315,卖盘
2116,09:30:50,8.65,0.02,1,865,买盘
2117,09:30:45,8.63,--,12,10356,卖盘
2118,09:30:40,8.63,--,0,0,卖盘
2119,09:30:35,8.63,--,125,107875,卖盘
2120,09:30:30,8.63,-0.04,87,75081,卖盘
2121,09:30:25,8.67,0.02,6,5202,买盘
2122,09:30:20,8.65,--,201,173865,买盘
2123,09:30:15,8.65,0.02,10,8650,买盘
2124,09:30:10,8.63,--,4,3452,卖盘
2125,09:30:05,8.63,--,1015,875945,卖盘
2126,09:28:47,8.63,--,0,0,卖盘
2127,09:25:08,8.63,8.63,340,293420,买盘
