,time,price,change,volume,amount,type
0,15:00:00,20.93,--,0,0,买盘
1,15:00:00,20.93,0.02,111,232323,买盘
2,14:59:58,20.91,-0.04,329,687939,卖盘
3,14:59:49,20.95,--,25,52375,卖盘
4,14:59:43,20.95,0.01,63,131985,买盘
5,14:59:38,20.94,-0.01,2,4188,卖盘
6,14:59:33,20.95,0.02,24,50280,买盘
7,14:59:28,20.93,-0.01,102,213486,买盘
8,14:59:23,20.94,--,29,60726,卖盘
9,14:59:18,20.94,0.01,11,23034,买盘
10,14:59:13,20.93,0.01,25,52325,卖盘
11,14:59:08,20.92,0.01,330,690360,买盘
12,14:59:03,20.91,-0.01,87,181917,卖盘
13,14:58:58,20.92,-0.01,1004,2100368,卖盘
14,14:58:53,20.93,0.01,6,12558,买盘
15,14:58:48,20.92,-0.01,5,10460,卖盘
16,14:58:43,20.93,0.01,322,673946,买盘
17,14:58:38,20.92,--,15,31380,卖盘
18,14:58:33,20.92,--,20,41840,卖盘
19,14:58:28,20.92,--,1,2092,买盘
20,14:58:23,20.92,--,5,10460,买盘
21,14:58:18,20.92,0.02,15,31380,买盘
22,14:58:13,20.9,--,33,68970,卖盘
23,14:58:08,20.9,-0.01,19,41423,卖盘
24,14:58:03,20.91,0.01,2,4182,买盘
25,14:57:58,20.9,-0.03,214,447866,卖盘
26,14:57:53,20.93,0.01,5,10465,买盘
27,14:57:48,20.92,--,11,23012,买盘
28,14:57:43,20.92,-0.01,19,41609,卖盘
29,14:57:38,20.93,0.01,1,2093,买盘
30,14:57:33,20.92,--,9,19058,卖盘
31,14:57:28,20.92,--,29,60668,卖盘
32,14:57:23,20.92,-0.01,4,8368,卖盘
33,14:57:18,20.93,-0.01,38,79534,买盘
34,14:57:13,20.94,-0.01,20,41880,卖盘
35,14:57:07,20.95,--,0,0,卖盘
36,14:57:03,20.95,--,78,163410,卖盘
37,14:56:58,20.95,--,32,67040,卖盘
38,14:56:52,20.95,-0.03,4,8380,卖盘
39,14:56:48,20.98,0.03,3,6294,买盘
40,14:56:43,20.95,--,10,20950,卖盘
41,14:56:37,20.95,-0.02,25,52375,卖盘
42,14:56:33,20.97,0.02,11,23067,中性盘
43,14:56:28,20.95,--,13,27235,卖盘
44,14:56:18,20.95,-0.04,53,111035,卖盘
45,14:56:13,20.99,--,0,0,买盘
46,14:55:58,20.99,0.04,36,75564,买盘
47,14:55:52,20.95,-0.03,56,117320,卖盘
48,14:55:47,20.98,--,5,10490,买盘
49,14:55:43,20.98,-0.01,4,8392,卖盘
50,14:55:32,20.99,--,10,20990,买盘
51,14:55:27,20.99,--,47,98652,卖盘
52,14:55:17,20.99,-0.01,33,69267,卖盘
53,14:55:12,21.0,--,33,69300,买盘
54,14:55:07,21.0,--,27,56700,卖盘
55,14:55:02,21.0,--,8,16800,买盘
56,14:54:57,21.0,--,9,18900,卖盘
57,14:54:52,21.0,--,25,52500,卖盘
58,14:54:47,21.0,-0.01,175,367500,卖盘
59,14:54:42,21.01,-0.01,1,2101,卖盘
60,14:54:37,21.02,0.02,1,2102,买盘
61,14:54:27,21.0,--,0,0,卖盘
62,14:54:22,21.0,-0.01,16,33600,卖盘
63,14:54:17,21.01,0.03,1,2101,买盘
64,14:54:12,20.98,-0.01,144,302112,卖盘
65,14:54:07,20.99,--,42,88158,卖盘
66,14:54:02,20.99,-0.01,23,48277,卖盘
67,14:53:57,21.0,0.01,40,84000,买盘
68,14:53:52,20.99,--,16,33584,卖盘
69,14:53:47,20.99,--,2,4198,卖盘
70,14:53:42,20.99,0.01,22,46178,买盘
71,14:53:37,20.98,--,7,14686,卖盘
72,14:53:32,20.98,-0.01,2,4196,卖盘
73,14:53:22,20.99,0.04,3,6296,买盘
74,14:53:12,20.95,--,0,0,卖盘
75,14:53:07,20.95,--,2,4190,买盘
76,14:52:57,20.95,--,9,18855,卖盘
77,14:52:47,20.95,-0.04,1,2095,卖盘
78,14:52:42,20.99,--,5,10495,买盘
79,14:52:37,20.99,-0.01,4,8396,买盘
80,14:52:27,21.0,--,0,0,买盘
81,14:52:22,21.0,-0.01,49,102900,卖盘
82,14:52:12,21.01,0.01,2,4202,买盘
83,14:52:07,21.0,-0.01,62,130200,卖盘
84,14:52:02,21.01,--,5,10505,买盘
85,14:51:57,21.01,-0.02,2,4202,买盘
86,14:51:52,21.03,0.02,12,25236,买盘
87,14:51:47,21.01,-0.03,6,12606,卖盘
88,14:51:42,21.04,--,0,0,买盘
89,14:51:37,21.04,--,8,16832,买盘
90,14:51:27,21.04,0.04,110,231440,买盘
91,14:51:22,21.0,-0.04,240,504000,卖盘
92,14:51:17,21.04,0.04,18,37872,买盘
93,14:51:12,21.0,--,0,0,卖盘
94,14:51:07,21.0,--,147,308700,卖盘
95,14:51:02,21.0,0.01,31,65100,买盘
96,14:50:57,20.99,--,55,117439,买盘
97,14:50:52,20.99,--,0,0,买盘
98,14:50:46,20.99,0.08,50,104949,买盘
99,14:50:42,20.91,--,19,39729,卖盘
100,14:50:37,20.91,--,9,20303,卖盘
101,14:50:32,20.91,--,21,43911,买盘
102,14:50:27,20.91,0.01,173,361743,买盘
103,14:50:22,20.9,0.02,606,1266540,买盘
104,14:50:17,20.88,--,3,6264,卖盘
105,14:50:12,20.88,0.04,61,129184,买盘
106,14:50:07,20.84,-0.06,158,329542,卖盘
107,14:50:01,20.9,0.02,6,14358,买盘
108,14:49:57,20.88,--,136,283968,买盘
109,14:49:42,20.88,0.05,75,156600,买盘
110,14:49:37,20.83,-0.02,212,441595,卖盘
111,14:49:27,20.85,-0.03,45,93825,卖盘
112,14:49:22,20.88,--,57,119016,买盘
113,14:49:16,20.88,-0.02,223,465624,卖盘
114,14:49:12,20.9,0.02,123,257069,买盘
115,14:49:07,20.88,-0.02,20,41760,卖盘
116,14:49:01,20.9,--,20,41800,买盘
117,14:48:56,20.9,-0.02,1611,3366990,卖盘
118,14:48:52,20.92,0.01,51,106692,买盘
119,14:48:46,20.91,--,0,0,卖盘
120,14:48:41,20.91,-0.02,34,71700,卖盘
121,14:48:37,20.93,-0.02,14,29302,卖盘
122,14:48:31,20.95,--,10,20950,卖盘
123,14:48:27,20.95,0.01,51,106845,买盘
124,14:48:22,20.94,-0.01,17,35598,中性盘
125,14:48:16,20.95,0.02,41,85895,买盘
126,14:48:11,20.93,-0.02,4,9858,卖盘
127,14:48:07,20.95,--,156,326820,卖盘
128,14:48:01,20.95,-0.01,141,296652,卖盘
129,14:47:56,20.96,--,0,0,卖盘
130,14:47:52,20.96,-0.01,55,115280,卖盘
131,14:47:46,20.97,-0.01,4,8388,买盘
132,14:47:41,20.98,--,20,41960,买盘
133,14:47:36,20.98,--,127,266446,买盘
134,14:47:31,20.98,--,6,12588,买盘
135,14:47:26,20.98,--,9,18882,卖盘
136,14:47:21,20.98,--,9,18882,卖盘
137,14:47:16,20.98,-0.01,46,96508,卖盘
138,14:47:11,20.99,--,5,10495,买盘
139,14:47:06,20.99,--,2,4198,买盘
140,14:47:01,20.99,-0.01,57,119747,卖盘
141,14:46:56,21.0,0.01,6,12600,买盘
142,14:46:41,20.99,-0.02,5,10495,卖盘
143,14:46:36,21.01,0.02,5,10505,卖盘
144,14:46:31,20.99,--,0,0,卖盘
145,14:46:26,20.99,-0.04,3,6296,卖盘
146,14:46:06,21.03,0.01,224,471072,买盘
147,14:46:01,21.02,--,8,18518,买盘
148,14:45:51,21.02,-0.01,22,46811,卖盘
149,14:45:46,21.03,0.01,26,54678,买盘
150,14:45:36,21.02,-0.01,6,12612,卖盘
151,14:45:31,21.03,0.01,6,12618,中性盘
152,14:45:26,21.02,-0.02,21,45676,卖盘
153,14:45:11,21.04,--,9,18936,买盘
154,14:45:06,21.04,--,16,35326,卖盘
155,14:45:01,21.04,--,25,52600,卖盘
156,14:44:51,21.04,-0.01,1,2104,卖盘
157,14:44:41,21.05,--,3,6315,卖盘
158,14:44:36,21.05,--,9,18945,买盘
159,14:44:26,21.05,0.01,5,10525,买盘
160,14:44:21,21.04,--,62,130448,卖盘
161,14:44:16,21.04,-0.01,4,8416,卖盘
162,14:44:11,21.05,0.01,16,33680,买盘
163,14:43:56,21.04,-0.01,29,61016,卖盘
164,14:43:51,21.05,-0.01,49,103145,卖盘
165,14:43:31,21.06,0.01,1,2106,买盘
166,14:43:25,21.05,-0.01,1,2105,卖盘
167,14:43:21,21.06,--,4,8992,卖盘
168,14:43:16,21.06,-0.01,1,3643,卖盘
169,14:43:10,21.07,0.02,11,23177,买盘
170,14:43:06,21.05,0.01,34,71570,中性盘
171,14:43:01,21.04,--,12,25689,卖盘
172,14:42:51,21.04,0.01,46,96784,买盘
173,14:42:36,21.03,0.01,7,16592,买盘
174,14:42:31,21.02,--,56,117712,买盘
175,14:42:25,21.02,0.01,2,4204,买盘
176,14:42:21,21.01,-0.01,34,71434,卖盘
177,14:42:16,21.02,--,6,12612,买盘
178,14:42:10,21.02,--,3,6306,买盘
179,14:42:06,21.02,0.01,5,10510,买盘
180,14:42:01,21.01,--,1,2101,卖盘
181,14:41:51,21.01,--,90,189993,买盘
182,14:41:46,21.01,--,8,16808,买盘
183,14:41:40,21.01,0.01,40,84040,买盘
184,14:41:36,21.0,-0.01,51,107100,卖盘
185,14:41:31,21.01,--,91,191191,买盘
186,14:41:21,21.01,0.01,5,10505,买盘
187,14:41:16,21.0,--,1,2100,卖盘
188,14:41:01,21.0,-0.01,7,16107,卖盘
189,14:40:55,21.01,-0.01,1,2101,卖盘
190,14:40:46,21.02,0.02,14,29512,买盘
191,14:40:40,21.0,--,31,65100,卖盘
192,14:40:35,21.0,--,0,0,卖盘
193,14:40:30,21.0,--,1,2100,卖盘
194,14:40:25,21.0,-0.02,15,31500,卖盘
195,14:40:20,21.02,--,200,420400,买盘
196,14:40:15,21.02,--,3,6306,买盘
197,14:40:10,21.02,-0.01,52,109304,买盘
198,14:40:05,21.03,--,0,0,买盘
199,14:39:55,21.03,0.03,10,21030,买盘
200,14:39:50,21.0,0.03,16,34440,买盘
201,14:39:45,20.97,-0.04,35,74653,卖盘
202,14:39:40,21.01,0.03,7,14707,买盘
203,14:39:35,20.98,-0.03,25,52450,卖盘
204,14:39:30,21.01,--,5,10505,买盘
205,14:39:25,21.01,0.04,10,21010,买盘
206,14:39:20,20.97,--,0,0,卖盘
207,14:39:15,20.97,-0.03,1,2097,卖盘
208,14:39:05,21.0,-0.02,51,107100,卖盘
209,14:39:00,21.02,--,5,12023,卖盘
210,14:38:55,21.02,0.02,104,220037,买盘
211,14:38:50,21.0,-0.02,760,1596672,卖盘
212,14:38:45,21.02,0.01,8,16816,买盘
213,14:38:40,21.01,-0.01,3,6303,卖盘
214,14:38:30,21.02,-0.01,6,12612,中性盘
215,14:38:25,21.03,--,16,33648,买盘
216,14:38:20,21.03,--,186,391158,买盘
217,14:38:15,21.03,--,167,353282,卖盘
218,14:38:10,21.03,-0.01,40,84141,卖盘
219,14:37:55,21.04,--,200,420800,卖盘
220,14:37:45,21.04,--,7,14728,卖盘
221,14:37:35,21.04,-0.01,2,4208,卖盘
222,14:37:30,21.05,--,5,10525,买盘
223,14:37:25,21.05,-0.01,7,14735,买盘
224,14:37:20,21.06,--,0,0,买盘
225,14:37:15,21.06,0.01,44,92664,买盘
226,14:37:10,21.05,0.02,5,10525,中性盘
227,14:37:05,21.03,-0.02,70,147210,卖盘
228,14:37:00,21.05,-0.03,4,8420,卖盘
229,14:36:55,21.08,--,405,853739,买盘
230,14:36:49,21.08,0.02,7,14755,买盘
231,14:36:45,21.06,--,93,197774,卖盘
232,14:36:40,21.06,-0.03,65,136890,卖盘
233,14:36:30,21.09,0.01,6,12654,买盘
234,14:36:25,21.08,--,14,29511,卖盘
235,14:36:19,21.08,--,4,8432,卖盘
236,14:36:15,21.08,--,6,12647,卖盘
237,14:36:10,21.08,0.02,11,23187,买盘
238,14:36:04,21.06,-0.02,2,4212,卖盘
239,14:36:00,21.08,0.02,83,174964,买盘
240,14:35:55,21.06,--,14,29484,卖盘
241,14:35:45,21.06,--,4,8424,卖盘
242,14:35:40,21.06,--,2,4212,卖盘
243,14:35:34,21.06,--,3,6318,卖盘
244,14:35:30,21.06,--,31,65285,卖盘
245,14:35:25,21.06,--,4,8424,卖盘
246,14:35:19,21.06,--,60,126359,卖盘
247,14:35:15,21.06,--,9,19775,卖盘
248,14:35:10,21.06,-0.01,23,48438,卖盘
249,14:35:04,21.07,0.01,3,6321,买盘
250,14:35:00,21.06,-0.01,8,18322,卖盘
251,14:34:55,21.07,0.01,30,63210,买盘
252,14:34:49,21.06,--,3,6318,卖盘
253,14:34:45,21.06,--,0,0,卖盘
254,14:34:40,21.06,--,9,18954,卖盘
255,14:34:30,21.06,-0.02,29,61073,卖盘
256,14:34:25,21.08,--,17,35836,卖盘
257,14:34:15,21.08,-0.01,15,31619,卖盘
258,14:34:10,21.09,--,0,0,卖盘
259,14:34:04,21.09,--,3,6327,卖盘
260,14:33:55,21.09,--,4,8436,卖盘
261,14:33:49,21.09,-0.02,1,2109,卖盘
262,14:33:45,21.11,0.03,34,71774,买盘
263,14:33:40,21.08,0.02,37,77996,买盘
264,14:33:30,21.06,-0.01,8,16848,卖盘
265,14:33:25,21.07,-0.01,6,12642,卖盘
266,14:33:19,21.08,--,27,56915,买盘
267,14:33:14,21.08,--,1,2108,买盘
268,14:33:10,21.08,--,7,14755,买盘
269,14:33:04,21.08,--,103,217123,卖盘
270,14:32:59,21.08,-0.02,4,8432,卖盘
271,14:32:55,21.1,0.02,26,54860,买盘
272,14:32:49,21.08,-0.04,59,124371,卖盘
273,14:32:44,21.12,--,1,2112,买盘
274,14:32:39,21.12,-0.02,38,80256,卖盘
275,14:32:34,21.14,0.02,3,6342,买盘
276,14:32:24,21.12,--,3,6336,卖盘
277,14:32:19,21.12,--,3,6336,卖盘
278,14:32:14,21.12,-0.02,1,2112,卖盘
279,14:32:09,21.14,0.02,75,158550,买盘
280,14:32:04,21.12,0.02,19,40128,买盘
281,14:31:59,21.1,-0.01,3,6330,中性盘
282,14:31:54,21.11,--,7,14777,买盘
283,14:31:49,21.11,0.01,14,29554,买盘
284,14:31:44,21.1,-0.03,6,12660,卖盘
285,14:31:39,21.13,--,0,0,买盘
286,14:31:34,21.13,--,77,162701,买盘
287,14:31:29,21.13,0.03,10,21130,买盘
288,14:31:19,21.1,--,24,50640,卖盘
289,14:31:14,21.1,0.03,10,21268,买盘
290,14:31:09,21.07,--,3,6321,卖盘
291,14:31:04,21.07,--,53,111671,买盘
292,14:30:59,21.07,0.02,5,10535,买盘
293,14:30:54,21.05,--,17,35785,买盘
294,14:30:49,21.05,--,50,105250,买盘
295,14:30:44,21.05,--,198,416790,买盘
296,14:30:39,21.05,--,229,482045,买盘
297,14:30:34,21.05,--,24,50520,买盘
298,14:30:29,21.05,-0.03,186,391530,卖盘
299,14:30:24,21.08,-0.05,47,99075,卖盘
300,14:30:19,21.13,0.05,11,23243,买盘
301,14:30:14,21.08,-0.05,4,8432,卖盘
302,14:30:09,21.13,0.04,23,48599,买盘
303,14:30:04,21.09,-0.04,4,8436,卖盘
304,14:29:59,21.13,--,3,6339,买盘
305,14:29:54,21.13,0.05,7,14791,买盘
306,14:29:49,21.08,--,0,0,中性盘
307,14:29:43,21.08,--,0,0,卖盘
308,14:29:39,21.08,-0.05,3,6323,卖盘
309,14:29:34,21.13,0.07,2,4226,买盘
310,14:29:28,21.06,-0.02,8,16848,中性盘
311,14:29:24,21.08,--,0,0,中性盘
312,14:29:19,21.08,--,0,0,买盘
313,14:29:13,21.08,-0.04,123,261223,卖盘
314,14:29:09,21.12,--,21,44352,买盘
315,14:29:04,21.12,--,0,0,中性盘
316,14:28:54,21.12,--,5,10560,卖盘
317,14:28:48,21.12,-0.01,6,12672,卖盘
318,14:28:43,21.13,--,103,217639,卖盘
319,14:28:34,21.13,0.02,4,8452,卖盘
320,14:28:28,21.11,--,0,0,卖盘
321,14:28:24,21.11,--,4,8444,卖盘
322,14:28:18,21.11,--,0,0,卖盘
323,14:28:13,21.11,-0.02,3,6333,卖盘
324,14:28:09,21.13,0.02,5,10565,买盘
325,14:28:03,21.11,0.01,4,8444,卖盘
326,14:27:54,21.1,--,3,6330,卖盘
327,14:27:48,21.1,--,2,4220,卖盘
328,14:27:39,21.1,--,19,40955,买盘
329,14:27:34,21.1,0.01,10,21100,买盘
330,14:27:28,21.09,-0.01,4,8436,卖盘
331,14:27:24,21.1,--,15,31650,买盘
332,14:27:19,21.1,0.01,4,8440,买盘
333,14:27:13,21.09,-0.01,5,11346,卖盘
334,14:27:09,21.1,-0.03,50,106744,卖盘
335,14:27:03,21.13,0.04,20,42492,买盘
336,14:26:54,21.09,-0.03,4,8436,卖盘
337,14:26:48,21.12,0.05,100,211200,买盘
338,14:26:43,21.07,-0.02,4,8428,卖盘
339,14:26:33,21.09,-0.01,3,6327,卖盘
340,14:26:24,21.1,0.01,6,13187,买盘
341,14:26:09,21.09,--,8,16872,买盘
342,14:25:54,21.09,0.03,46,97014,买盘
343,14:25:43,21.06,-0.03,1,2106,卖盘
344,14:25:33,21.09,0.05,14,29526,买盘
345,14:25:23,21.04,--,0,0,卖盘
346,14:25:13,21.04,--,15,32338,卖盘
347,14:25:08,21.04,--,0,0,卖盘
348,14:25:03,21.04,-0.01,13,28761,卖盘
349,14:24:58,21.05,--,14,30901,买盘
350,14:24:48,21.05,--,0,0,买盘
351,14:24:43,21.05,-0.03,215,453248,卖盘
352,14:24:33,21.08,0.02,43,90643,买盘
353,14:24:28,21.06,--,70,147420,买盘
354,14:24:23,21.06,0.01,5,10530,买盘
355,14:24:13,21.05,0.01,102,216141,买盘
356,14:23:58,21.04,0.02,45,94680,买盘
357,14:23:53,21.02,-0.03,36,75672,卖盘
358,14:23:43,21.05,0.04,1,2105,买盘
359,14:23:33,21.01,-0.04,295,619795,卖盘
360,14:23:18,21.05,0.01,51,107355,买盘
361,14:23:13,21.04,--,10,21839,卖盘
362,14:23:08,21.04,--,2,4208,买盘
363,14:23:03,21.04,--,8,18262,买盘
364,14:22:58,21.04,0.01,10,21040,买盘
365,14:22:52,21.03,-0.01,2,4206,卖盘
366,14:22:48,21.04,--,12,25248,买盘
367,14:22:43,21.04,--,20,42080,买盘
368,14:22:33,21.04,--,15,31560,买盘
369,14:22:18,21.04,--,15,31560,买盘
370,14:22:13,21.04,-0.01,30,63120,卖盘
371,14:22:03,21.05,-0.01,11,23828,卖盘
372,14:21:58,21.06,--,1,2106,买盘
373,14:21:52,21.06,-0.02,16,33696,卖盘
374,14:21:48,21.08,0.02,1,2108,买盘
375,14:21:33,21.06,--,29,61874,买盘
376,14:21:18,21.06,0.01,1,2106,买盘
377,14:21:12,21.05,-0.02,171,359955,卖盘
378,14:21:07,21.07,0.01,3,6321,中性盘
379,14:21:02,21.06,-0.02,4,9856,卖盘
380,14:20:57,21.08,0.02,36,75888,买盘
381,14:20:48,21.06,0.01,1,2106,买盘
382,14:20:42,21.05,-0.01,51,107355,卖盘
383,14:20:37,21.06,--,2,4212,买盘
384,14:20:32,21.06,--,16,33696,买盘
385,14:20:27,21.06,-0.01,41,86346,卖盘
386,14:20:22,21.07,--,18,37926,买盘
387,14:20:18,21.07,--,30,63210,买盘
388,14:20:03,21.07,0.01,5,10535,买盘
389,14:19:57,21.06,--,69,145314,卖盘
390,14:19:48,21.06,-0.01,11,23166,卖盘
391,14:19:42,21.07,0.01,12,25284,买盘
392,14:19:33,21.06,-0.01,1,2106,卖盘
393,14:19:27,21.07,--,1,2107,买盘
394,14:19:22,21.07,--,1,2107,买盘
395,14:19:18,21.07,-0.01,6,12642,卖盘
396,14:19:12,21.08,--,5,10540,买盘
397,14:19:07,21.08,--,21,44499,卖盘
398,14:18:57,21.08,--,5,12268,卖盘
399,14:18:42,21.08,0.01,39,82359,买盘
400,14:18:33,21.07,--,33,69531,买盘
401,14:18:18,21.07,--,3,6321,买盘
402,14:18:12,21.07,-0.01,21,44247,卖盘
403,14:18:02,21.08,--,6,12647,买盘
404,14:17:52,21.08,--,2,4216,买盘
405,14:17:47,21.08,-0.01,57,122116,卖盘
406,14:17:37,21.09,-0.01,16,35093,卖盘
407,14:17:33,21.1,--,5,10550,买盘
408,14:17:12,21.1,--,1,2110,买盘
409,14:17:02,21.1,-0.02,213,449430,卖盘
410,14:16:52,21.12,-0.01,0,1246,卖盘
411,14:16:47,21.13,--,54,114102,买盘
412,14:16:37,21.13,0.01,2,4226,卖盘
413,14:16:27,21.12,-0.01,101,213312,卖盘
414,14:16:22,21.13,--,3,6339,卖盘
415,14:16:17,21.13,--,20,42260,卖盘
416,14:16:12,21.13,-0.01,50,105650,卖盘
417,14:16:07,21.14,--,11,23254,买盘
418,14:16:02,21.14,--,5,10570,买盘
419,14:15:41,21.14,-0.01,129,273382,卖盘
420,14:15:37,21.15,--,10,21150,买盘
421,14:15:32,21.15,0.01,6,12690,买盘
422,14:15:26,21.14,--,1,2114,卖盘
423,14:15:11,21.14,--,5,11373,卖盘
424,14:15:01,21.14,--,33,71262,买盘
425,14:14:56,21.14,0.01,35,73990,买盘
426,14:14:52,21.13,-0.01,1,2113,卖盘
427,14:14:37,21.14,--,20,42280,买盘
428,14:14:31,21.14,--,2,4228,买盘
429,14:14:27,21.14,0.02,10,21140,买盘
430,14:14:12,21.12,--,0,0,卖盘
431,14:13:56,21.12,--,11,23232,卖盘
432,14:13:52,21.12,--,56,118272,买盘
433,14:13:46,21.12,--,15,31680,买盘
434,14:13:21,21.12,0.03,1,2112,买盘
435,14:13:11,21.09,-0.01,5,11304,卖盘
436,14:13:06,21.1,0.01,4,8440,买盘
437,14:12:57,21.09,--,16,35157,卖盘
438,14:12:51,21.09,--,0,337,卖盘
439,14:12:41,21.09,--,9,18981,买盘
440,14:12:36,21.09,--,2,4218,买盘
441,14:12:31,21.09,0.01,35,73815,买盘
442,14:12:26,21.08,-0.01,4,8432,卖盘
443,14:12:21,21.09,0.01,7,14763,买盘
444,14:12:16,21.08,--,5,10540,卖盘
445,14:12:11,21.08,-0.01,4,8432,卖盘
446,14:11:56,21.09,--,46,97014,卖盘
447,14:11:41,21.09,--,27,56943,买盘
448,14:11:36,21.09,--,50,105450,买盘
449,14:11:26,21.09,0.01,3,6327,卖盘
450,14:11:11,21.08,-0.02,4,9254,卖盘
451,14:11:06,21.1,0.01,62,132465,买盘
452,14:10:56,21.09,--,3,8225,卖盘
453,14:10:51,21.09,-0.01,3,6327,买盘
454,14:10:36,21.1,--,11,23210,买盘
455,14:10:26,21.1,--,23,48530,卖盘
456,14:10:21,21.1,--,8,16880,卖盘
457,14:10:16,21.1,--,15,31650,卖盘
458,14:10:06,21.1,--,9,18990,买盘
459,14:10:01,21.1,--,3,6330,买盘
460,14:09:56,21.1,--,5,10550,买盘
461,14:09:51,21.1,--,4,8440,买盘
462,14:09:41,21.1,--,0,0,买盘
463,14:09:36,21.1,--,9,18990,买盘
464,14:09:31,21.1,-0.01,89,187790,卖盘
465,14:09:26,21.11,-0.01,7,14777,买盘
466,14:09:21,21.12,0.02,136,287232,买盘
467,14:09:11,21.1,--,7,15550,卖盘
468,14:09:06,21.1,--,6,12660,卖盘
469,14:09:01,21.1,--,4,9874,卖盘
470,14:08:56,21.1,0.07,638,1347720,买盘
471,14:08:36,21.03,-0.06,48,100944,卖盘
472,14:08:26,21.09,--,5,10545,卖盘
473,14:08:21,21.09,--,0,0,中性盘
474,14:08:16,21.09,--,25,52725,买盘
475,14:08:11,21.09,--,1,2109,买盘
476,14:08:06,21.09,--,16,33744,买盘
477,14:08:01,21.09,--,51,107559,买盘
478,14:07:56,21.09,--,2,4218,买盘
479,14:07:46,21.09,-0.01,30,63270,卖盘
480,14:07:41,21.1,--,5,10550,买盘
481,14:07:36,21.1,--,10,21100,买盘
482,14:07:31,21.1,0.01,15,31650,买盘
483,14:07:21,21.09,--,23,49856,卖盘
484,14:07:16,21.09,-0.01,65,138413,卖盘
485,14:07:10,21.1,--,5,11330,卖盘
486,14:07:05,21.1,0.01,30,64059,买盘
487,14:07:01,21.09,0.09,51,107559,买盘
488,14:06:46,21.0,-0.07,300,630000,卖盘
489,14:06:35,21.07,--,61,128527,买盘
490,14:06:31,21.07,-0.01,73,153811,卖盘
491,14:06:16,21.08,--,76,160208,买盘
492,14:06:05,21.08,--,24,50591,买盘
493,14:06:01,21.08,0.01,2,4216,买盘
494,14:05:55,21.07,-0.01,1,2107,卖盘
495,14:05:50,21.08,--,2,4216,买盘
496,14:05:45,21.08,0.02,81,170748,买盘
497,14:05:35,21.06,0.02,1,2106,卖盘
498,14:05:31,21.04,0.05,79,166216,买盘
499,14:05:25,20.99,--,55,115444,卖盘
500,14:05:20,20.99,-0.01,11,23089,卖盘
501,14:05:15,21.0,0.01,20,42000,买盘
502,14:05:10,20.99,--,5,11271,卖盘
503,14:05:05,20.99,--,50,104949,卖盘
504,14:05:00,20.99,--,5,11922,卖盘
505,14:04:55,20.99,0.04,67,140633,买盘
506,14:04:50,20.95,-0.04,113,236735,卖盘
507,14:04:45,20.99,--,109,228790,买盘
508,14:04:40,20.99,-0.01,2,4198,卖盘
509,14:04:35,21.0,--,79,165900,买盘
510,14:04:20,21.0,-0.01,80,168000,卖盘
511,14:04:15,21.01,-0.04,55,115555,卖盘
512,14:04:10,21.05,--,530,1115650,买盘
513,14:04:05,21.05,-0.02,29,61045,卖盘
514,14:03:55,21.07,--,63,132741,卖盘
515,14:03:50,21.07,-0.01,200,421400,卖盘
516,14:03:45,21.08,-0.02,34,71672,卖盘
517,14:03:40,21.1,--,12,25320,买盘
518,14:03:30,21.1,--,253,533830,买盘
519,14:03:25,21.1,--,3,6330,买盘
520,14:03:20,21.1,--,3,6330,买盘
521,14:03:15,21.1,-0.02,395,834146,卖盘
522,14:03:10,21.12,-0.01,2,4224,卖盘
523,14:03:05,21.13,0.01,4,8452,卖盘
524,14:03:00,21.12,-0.02,12,26125,卖盘
525,14:02:55,21.14,--,18,38052,卖盘
526,14:02:50,21.14,--,152,321328,卖盘
527,14:02:45,21.14,0.02,63,133816,买盘
528,14:02:40,21.12,--,11,23232,卖盘
529,14:02:35,21.12,-0.01,1,2112,卖盘
530,14:02:30,21.13,--,4,9931,卖盘
531,14:02:25,21.13,--,1,2113,卖盘
532,14:02:20,21.13,0.01,1,2746,买盘
533,14:02:15,21.12,-0.01,5,10560,卖盘
534,14:02:10,21.13,--,10,21130,买盘
535,14:02:05,21.13,0.01,1,2113,买盘
536,14:02:00,21.12,-0.01,15,31680,卖盘
537,14:01:45,21.13,--,31,65503,买盘
538,14:01:35,21.13,0.01,1,2113,买盘
539,14:01:30,21.12,-0.01,5,10560,卖盘
540,14:01:25,21.13,--,2,4226,买盘
541,14:01:20,21.13,0.01,3,6339,买盘
542,14:01:15,21.12,-0.01,2,4224,卖盘
543,14:01:10,21.13,0.01,1,2113,买盘
544,14:01:05,21.12,-0.01,14,31046,卖盘
545,14:01:00,21.13,--,14,31018,卖盘
546,14:00:55,21.13,-0.01,3,6339,卖盘
547,14:00:50,21.14,--,50,105700,买盘
548,14:00:45,21.14,--,5,10570,买盘
549,14:00:40,21.14,--,1,2114,买盘
550,14:00:35,21.14,--,60,126840,买盘
551,14:00:25,21.14,-0.01,3,6342,卖盘
552,14:00:20,21.15,--,9,19035,买盘
553,14:00:05,21.15,--,1,2115,买盘
554,14:00:00,21.15,--,3,6345,买盘
555,13:59:55,21.15,0.01,5,10575,买盘
556,13:59:49,21.14,0.01,7,14798,卖盘
557,13:59:40,21.13,-0.02,0,1310,卖盘
558,13:59:34,21.15,0.02,10,21150,买盘
559,13:59:30,21.13,-0.02,10,21130,卖盘
560,13:59:25,21.15,0.04,6,12690,买盘
561,13:59:15,21.11,-0.04,7,14777,卖盘
562,13:59:10,21.15,0.03,10,21953,买盘
563,13:58:59,21.12,-0.03,24,52124,卖盘
564,13:58:55,21.15,0.04,10,21150,中性盘
565,13:58:44,21.11,-0.04,5,10555,卖盘
566,13:58:29,21.15,0.04,78,166429,买盘
567,13:58:24,21.11,--,51,107872,买盘
568,13:58:19,21.11,--,10,21110,买盘
569,13:58:14,21.11,0.03,1,2111,买盘
570,13:58:09,21.08,-0.02,103,217123,卖盘
571,13:57:59,21.1,--,79,166690,买盘
572,13:57:54,21.1,--,38,80180,买盘
573,13:57:49,21.1,--,1,2110,买盘
574,13:57:34,21.1,--,10,21100,买盘
575,13:57:29,21.1,--,61,128710,买盘
576,13:57:24,21.1,-0.01,202,426220,卖盘
577,13:57:19,21.11,-0.01,221,468430,卖盘
578,13:57:14,21.12,--,42,88915,买盘
579,13:57:09,21.12,--,8,16896,买盘
580,13:57:04,21.12,--,1,2112,买盘
581,13:56:59,21.12,-0.04,126,266766,卖盘
582,13:56:54,21.16,0.02,47,99452,买盘
583,13:56:49,21.14,-0.02,4,8456,卖盘
584,13:56:44,21.16,0.01,246,520536,买盘
585,13:56:39,21.15,-0.01,100,211500,卖盘
586,13:56:34,21.16,--,3,6348,买盘
587,13:56:29,21.16,--,2,4232,买盘
588,13:56:24,21.16,-0.01,91,194502,卖盘
589,13:56:19,21.17,-0.02,23,48691,卖盘
590,13:56:04,21.19,-0.01,17,36023,卖盘
591,13:55:59,21.2,-0.02,2,4240,卖盘
592,13:55:48,21.22,--,5,10610,卖盘
593,13:55:44,21.22,--,0,0,中性盘
594,13:55:39,21.22,--,23,48806,卖盘
595,13:55:34,21.22,-0.03,3,6366,卖盘
596,13:55:24,21.25,--,4,8500,买盘
597,13:55:14,21.25,0.03,5,10625,买盘
598,13:55:09,21.22,-0.06,55,116710,中性盘
599,13:55:04,21.28,0.03,25,53200,买盘
600,13:54:59,21.25,--,4,9945,卖盘
601,13:54:39,21.25,0.05,72,153000,买盘
602,13:54:34,21.2,-0.01,1,2120,卖盘
603,13:54:29,21.21,0.01,127,269367,买盘
604,13:54:24,21.2,0.01,267,566040,买盘
605,13:54:19,21.19,--,20,42380,买盘
606,13:54:14,21.19,--,53,112307,买盘
607,13:54:09,21.19,-0.01,8,16952,卖盘
608,13:53:59,21.2,--,315,667800,买盘
609,13:53:54,21.2,--,0,0,买盘
610,13:53:49,21.2,0.01,14,29680,买盘
611,13:53:44,21.19,-0.01,54,114426,卖盘
612,13:53:39,21.2,--,3,6360,买盘
613,13:53:34,21.2,0.01,6,12720,买盘
614,13:53:24,21.19,--,1,2119,卖盘
615,13:53:19,21.19,--,2,4238,卖盘
616,13:53:14,21.19,0.03,3,6357,买盘
617,13:53:09,21.16,--,4,9289,卖盘
618,13:52:59,21.16,0.01,4,9924,中性盘
619,13:52:54,21.15,--,3,6345,卖盘
620,13:52:44,21.15,--,25,53721,买盘
621,13:52:39,21.15,--,64,135360,买盘
622,13:52:34,21.15,0.01,25,52875,买盘
623,13:52:29,21.14,-0.01,148,312872,卖盘
624,13:52:24,21.15,--,264,559629,卖盘
625,13:52:14,21.15,-0.06,500,1057500,卖盘
626,13:52:09,21.21,--,0,0,卖盘
627,13:51:54,21.21,-0.01,74,156954,卖盘
628,13:51:43,21.22,-0.04,80,169760,卖盘
629,13:51:39,21.26,--,7,14882,卖盘
630,13:51:18,21.26,--,0,0,卖盘
631,13:51:13,21.26,-0.04,5,10630,卖盘
632,13:51:09,21.3,0.02,3,6390,买盘
633,13:50:58,21.28,-0.01,25,53200,卖盘
634,13:50:53,21.29,--,0,0,卖盘
635,13:50:48,21.29,0.01,24,52522,买盘
636,13:50:43,21.28,--,1,2128,卖盘
637,13:50:39,21.28,0.02,11,23408,买盘
638,13:50:28,21.26,--,3,6378,卖盘
639,13:50:18,21.26,0.01,4,9354,买盘
640,13:50:13,21.25,-0.01,1,2125,卖盘
641,13:50:03,21.26,--,6,12756,买盘
642,13:49:53,21.26,--,10,21260,买盘
643,13:49:48,21.26,--,5,10630,买盘
644,13:49:43,21.26,-0.04,50,107575,卖盘
645,13:49:38,21.3,0.02,12,25560,买盘
646,13:49:28,21.28,--,43,92355,买盘
647,13:49:23,21.28,--,12,25536,买盘
648,13:49:18,21.28,--,12,25536,买盘
649,13:49:08,21.28,-0.02,73,157408,卖盘
650,13:49:03,21.3,0.02,40,87138,买盘
651,13:48:58,21.28,-0.02,4,9959,卖盘
652,13:48:48,21.3,0.02,6,12780,买盘
653,13:48:43,21.28,--,16,34048,卖盘
654,13:48:28,21.28,--,20,42560,卖盘
655,13:48:18,21.28,-0.02,50,106527,卖盘
656,13:48:13,21.3,0.02,1,2130,买盘
657,13:48:03,21.28,--,3,6384,卖盘
658,13:47:57,21.28,-0.02,160,340480,卖盘
659,13:47:53,21.3,-0.02,16,34080,卖盘
660,13:47:48,21.32,-0.01,18,38376,卖盘
661,13:47:38,21.33,0.01,3,6398,买盘
662,13:47:33,21.32,--,100,213200,卖盘
663,13:47:13,21.32,-0.01,11,23643,卖盘
664,13:47:08,21.33,--,23,49890,卖盘
665,13:47:03,21.33,--,9,21031,卖盘
666,13:46:58,21.33,-0.02,10,22737,卖盘
667,13:46:48,21.35,--,4,8540,买盘
668,13:46:43,21.35,--,0,0,买盘
669,13:46:28,21.35,--,46,98914,卖盘
670,13:46:23,21.35,-0.02,24,51240,卖盘
671,13:46:08,21.37,--,0,0,买盘
672,13:46:03,21.37,--,38,83086,卖盘
673,13:45:58,21.37,-0.01,4,8548,卖盘
674,13:45:53,21.38,--,5,10690,买盘
675,13:45:08,21.38,--,2,5366,卖盘
676,13:45:03,21.38,--,1,2138,卖盘
677,13:44:58,21.38,-0.02,4,10005,卖盘
678,13:44:33,21.4,0.02,54,115559,买盘
679,13:44:08,21.38,--,42,91527,买盘
680,13:44:03,21.38,--,9,19242,买盘
681,13:43:48,21.38,--,6,12828,买盘
682,13:43:38,21.38,--,2,4276,买盘
683,13:43:27,21.38,0.01,1,2138,买盘
684,13:43:18,21.37,0.01,1,2137,卖盘
685,13:43:08,21.36,-0.02,15,32851,卖盘
686,13:43:03,21.38,0.02,5,10690,买盘
687,13:42:58,21.36,--,7,16425,卖盘
688,13:42:52,21.36,-0.02,5,10680,卖盘
689,13:42:48,21.38,--,21,44898,买盘
690,13:42:33,21.38,--,54,115452,买盘
691,13:42:27,21.38,--,20,43166,卖盘
692,13:42:22,21.38,-0.01,45,96210,卖盘
693,13:41:32,21.39,--,0,0,卖盘
694,13:41:27,21.39,0.01,7,14973,卖盘
695,13:41:12,21.38,--,45,96210,卖盘
696,13:41:07,21.38,-0.01,4,9364,卖盘
697,13:40:57,21.39,-0.01,4,10010,中性盘
698,13:40:47,21.4,--,1,2140,买盘
699,13:40:32,21.4,--,50,107000,买盘
700,13:40:27,21.4,0.02,9,19260,买盘
701,13:40:17,21.38,--,76,164091,买盘
702,13:40:02,21.38,0.02,10,21380,买盘
703,13:39:57,21.36,--,12,25738,买盘
704,13:39:47,21.36,0.04,14,31335,买盘
705,13:39:42,21.32,0.02,75,160710,买盘
706,13:39:37,21.3,-0.02,5,10650,卖盘
707,13:39:32,21.32,--,21,44772,买盘
708,13:39:27,21.32,--,37,78884,买盘
709,13:39:22,21.32,--,15,31980,买盘
710,13:39:02,21.32,--,87,185484,卖盘
711,13:38:57,21.32,--,0,0,卖盘
712,13:38:37,21.32,-0.03,6,12792,卖盘
713,13:38:12,21.35,-0.01,2,4270,卖盘
714,13:37:47,21.36,--,5,10680,买盘
715,13:37:42,21.36,0.01,3,6408,买盘
716,13:37:37,21.35,-0.01,4,8540,卖盘
717,13:37:32,21.36,--,10,21360,买盘
718,13:37:17,21.36,--,16,36205,卖盘
719,13:37:11,21.36,--,25,53400,卖盘
720,13:37:07,21.36,--,5,11491,卖盘
721,13:36:57,21.36,--,114,244935,卖盘
722,13:36:52,21.36,-0.01,44,93984,卖盘
723,13:36:47,21.37,0.01,2,4274,买盘
724,13:36:42,21.36,-0.01,3,6408,卖盘
725,13:36:32,21.37,-0.01,85,183226,卖盘
726,13:36:22,21.38,--,3,6414,买盘
727,13:36:12,21.38,--,54,115452,买盘
728,13:36:07,21.38,--,5,10690,买盘
729,13:36:02,21.38,0.01,1,2138,买盘
730,13:35:56,21.37,-0.01,6,12822,卖盘
731,13:35:41,21.38,--,47,100742,卖盘
732,13:35:32,21.38,--,20,42760,卖盘
733,13:35:16,21.38,--,0,0,卖盘
734,13:35:12,21.38,--,7,16847,卖盘
735,13:35:06,21.38,-0.02,5,10690,卖盘
736,13:34:41,21.4,--,2,6291,卖盘
737,13:34:36,21.4,--,50,107000,卖盘
738,13:34:16,21.4,--,0,0,卖盘
739,13:34:11,21.4,--,2,4280,卖盘
740,13:34:06,21.4,--,103,220548,买盘
741,13:34:01,21.4,--,1,2140,买盘
742,13:33:56,21.4,--,8,17120,买盘
743,13:33:46,21.4,0.01,20,42800,买盘
744,13:33:41,21.39,-0.01,22,47058,卖盘
745,13:33:26,21.4,-0.04,53,115431,卖盘
746,13:33:01,21.44,--,0,471,卖盘
747,13:32:56,21.44,-0.01,2,5960,卖盘
748,13:32:51,21.45,--,5,10725,买盘
749,13:32:26,21.45,0.03,34,72930,买盘
750,13:32:06,21.42,-0.03,5,10710,卖盘
751,13:31:46,21.45,--,29,63191,卖盘
752,13:31:31,21.45,--,50,107250,卖盘
753,13:31:15,21.45,--,30,64350,卖盘
754,13:31:06,21.45,--,27,59073,买盘
755,13:30:56,21.45,--,4,8580,买盘
756,13:30:51,21.45,--,6,12870,卖盘
757,13:30:35,21.45,--,26,55770,卖盘
758,13:30:20,21.45,--,33,70785,买盘
759,13:30:16,21.45,--,50,107250,买盘
760,13:30:05,21.45,--,2,4290,买盘
761,13:29:50,21.45,0.01,22,47190,买盘
762,13:29:41,21.44,0.01,12,25728,买盘
763,13:29:35,21.43,--,0,0,卖盘
764,13:29:31,21.43,0.01,41,89384,买盘
765,13:29:26,21.42,--,20,42840,卖盘
766,13:29:20,21.42,0.02,7,15807,买盘
767,13:29:16,21.4,--,5,10700,卖盘
768,13:29:05,21.4,--,0,0,卖盘
769,13:28:55,21.4,--,4,10015,卖盘
770,13:28:35,21.4,--,0,0,卖盘
771,13:28:26,21.4,-0.02,1,2140,卖盘
772,13:28:11,21.42,-0.01,3,6426,卖盘
773,13:27:50,21.43,--,30,64290,买盘
774,13:27:45,21.43,--,43,92770,卖盘
775,13:27:41,21.43,--,8,17144,卖盘
776,13:27:35,21.43,--,2,4286,卖盘
777,13:27:10,21.43,--,3,6429,卖盘
778,13:27:05,21.43,--,1,3214,卖盘
779,13:26:55,21.43,--,5,12129,卖盘
780,13:26:45,21.43,-0.01,3,6429,卖盘
781,13:26:35,21.44,--,5,10720,买盘
782,13:26:30,21.44,--,7,15008,买盘
783,13:26:05,21.44,--,32,68608,卖盘
784,13:25:50,21.44,--,18,38592,买盘
785,13:25:45,21.44,--,2,4288,买盘
786,13:25:40,21.44,0.01,1,2144,买盘
787,13:25:25,21.43,--,13,29037,买盘
788,13:25:20,21.43,--,2,4286,买盘
789,13:25:15,21.43,0.01,1,2143,买盘
790,13:25:05,21.42,--,1,2913,卖盘
791,13:25:00,21.42,-0.01,4,10003,中性盘
792,13:24:50,21.43,--,1,2143,买盘
793,13:24:45,21.43,0.02,1,2143,买盘
794,13:24:30,21.41,-0.02,2,4282,卖盘
795,13:24:25,21.43,0.04,4,8572,买盘
796,13:23:59,21.39,-0.01,52,111228,卖盘
797,13:23:35,21.4,--,5,10700,卖盘
798,13:23:25,21.4,--,0,107,买盘
799,13:23:05,21.4,-0.03,5,11384,卖盘
800,13:22:59,21.43,--,26,57175,买盘
801,13:22:49,21.43,0.01,41,87863,买盘
802,13:22:44,21.42,--,10,21420,卖盘
803,13:22:40,21.42,0.02,4,8568,买盘
804,13:22:35,21.4,--,11,23540,卖盘
805,13:22:29,21.4,--,4,8560,买盘
806,13:22:19,21.4,0.01,2,4280,买盘
807,13:21:39,21.39,-0.01,2,4278,卖盘
808,13:21:34,21.4,0.01,23,49220,买盘
809,13:21:20,21.39,--,8,17411,卖盘
810,13:21:14,21.39,-0.01,52,113131,卖盘
811,13:21:04,21.4,--,100,214000,买盘
812,13:20:59,21.4,--,9,19260,卖盘
813,13:20:44,21.4,0.03,1,2140,买盘
814,13:20:39,21.37,--,0,0,卖盘
815,13:20:34,21.37,-0.01,50,106850,卖盘
816,13:20:19,21.38,--,43,92489,买盘
817,13:20:14,21.38,0.01,16,34208,买盘
818,13:20:09,21.37,--,100,213700,卖盘
819,13:20:04,21.37,-0.01,27,57699,卖盘
820,13:19:49,21.38,--,20,42760,买盘
821,13:19:44,21.38,--,2,4276,买盘
822,13:19:39,21.38,-0.03,181,388538,卖盘
823,13:19:29,21.41,0.01,16,34256,买盘
824,13:19:19,21.4,--,9,19260,卖盘
825,13:18:59,21.4,--,38,81748,买盘
826,13:18:54,21.4,-0.03,31,68052,卖盘
827,13:18:29,21.43,0.02,45,96435,买盘
828,13:18:24,21.41,0.01,20,42820,买盘
829,13:18:19,21.4,--,5,10700,卖盘
830,13:18:14,21.4,--,14,29959,卖盘
831,13:18:03,21.4,--,1,2140,卖盘
832,13:17:59,21.4,-0.01,5,10700,卖盘
833,13:17:49,21.41,--,5,10705,买盘
834,13:17:44,21.41,-0.02,45,97308,卖盘
835,13:17:29,21.43,--,20,42860,卖盘
836,13:17:24,21.43,--,26,55718,卖盘
837,13:17:14,21.43,-0.03,15,32145,卖盘
838,13:17:04,21.46,--,0,0,买盘
839,13:16:59,21.46,0.01,62,133502,买盘
840,13:16:54,21.45,--,30,64350,卖盘
841,13:16:49,21.45,--,21,45045,卖盘
842,13:16:38,21.45,--,35,75075,卖盘
843,13:16:34,21.45,-0.01,1,2145,卖盘
844,13:16:28,21.46,0.01,68,145928,买盘
845,13:16:19,21.45,--,60,128700,卖盘
846,13:16:13,21.45,--,31,66495,卖盘
847,13:16:08,21.45,-0.01,22,47190,卖盘
848,13:16:04,21.46,--,5,10730,卖盘
849,13:15:58,21.46,0.01,106,227476,中性盘
850,13:15:53,21.45,--,87,188416,卖盘
851,13:15:43,21.45,--,6,12870,卖盘
852,13:15:34,21.45,-0.01,2,4290,卖盘
853,13:15:28,21.46,0.01,21,45066,买盘
854,13:15:23,21.45,-0.01,2,4290,卖盘
855,13:15:19,21.46,--,13,28241,卖盘
856,13:15:08,21.46,--,18,38628,卖盘
857,13:15:04,21.46,--,5,11502,卖盘
858,13:14:58,21.46,--,22,48242,卖盘
859,13:14:53,21.46,--,10,21460,卖盘
860,13:14:38,21.46,-0.04,24,51504,卖盘
861,13:14:28,21.5,0.04,48,103200,买盘
862,13:14:23,21.46,--,0,0,卖盘
863,13:14:18,21.46,-0.04,2,4292,卖盘
864,13:14:13,21.5,0.04,19,40850,买盘
865,13:14:08,21.46,-0.04,6,12876,卖盘
866,13:14:03,21.5,0.04,1,2150,买盘
867,13:13:43,21.46,--,20,42920,卖盘
868,13:13:28,21.46,-0.04,6,12876,卖盘
869,13:13:18,21.5,--,1,2150,买盘
870,13:13:13,21.5,--,1,2150,买盘
871,13:13:08,21.5,0.02,8,17200,买盘
872,13:13:03,21.48,-0.01,4,9257,卖盘
873,13:12:58,21.49,--,5,12227,买盘
874,13:12:53,21.49,--,1,2149,买盘
875,13:12:38,21.49,--,10,21490,买盘
876,13:12:33,21.49,0.01,1,2149,买盘
877,13:12:18,21.48,--,11,23628,买盘
878,13:12:13,21.48,--,37,79476,卖盘
879,13:12:08,21.48,-0.01,13,27924,卖盘
880,13:12:03,21.49,0.04,1,2149,买盘
881,13:11:43,21.45,-0.02,75,160875,卖盘
882,13:11:38,21.47,-0.02,170,365183,卖盘
883,13:11:28,21.49,--,15,32234,买盘
884,13:11:23,21.49,--,1,2149,买盘
885,13:11:18,21.49,--,1,2149,买盘
886,13:11:08,21.49,0.01,35,75215,买盘
887,13:11:03,21.48,0.01,4,9365,卖盘
888,13:10:58,21.47,-0.01,20,44399,卖盘
889,13:10:48,21.48,0.01,4,8592,买盘
890,13:10:38,21.47,-0.01,30,64410,卖盘
891,13:10:33,21.48,0.01,18,40425,买盘
892,13:10:27,21.47,0.02,10,21470,买盘
893,13:10:17,21.45,-0.02,10,21450,卖盘
894,13:10:08,21.47,--,1,2147,买盘
895,13:10:02,21.47,--,70,150290,买盘
896,13:09:52,21.47,--,6,12882,买盘
897,13:09:27,21.47,-0.01,13,29263,卖盘
898,13:09:17,21.48,0.01,1,2148,买盘
899,13:09:02,21.47,--,7,15823,卖盘
900,13:08:58,21.47,--,9,20825,买盘
901,13:08:52,21.47,--,1,2147,买盘
902,13:08:32,21.47,0.02,31,66557,买盘
903,13:08:17,21.45,--,12,25740,买盘
904,13:08:13,21.45,0.01,1,2145,买盘
905,13:08:07,21.44,-0.01,5,10720,卖盘
906,13:07:52,21.45,0.01,1,2145,买盘
907,13:07:47,21.44,0.01,28,60032,买盘
908,13:07:37,21.43,-0.01,1,2143,卖盘
909,13:07:27,21.44,0.01,1,2144,买盘
910,13:07:22,21.43,-0.01,30,64290,卖盘
911,13:07:07,21.44,--,15,32160,买盘
912,13:07:02,21.44,0.01,6,13635,买盘
913,13:06:57,21.43,-0.01,4,10050,卖盘
914,13:06:42,21.44,--,1,2144,买盘
915,13:06:32,21.44,--,7,15008,买盘
916,13:06:27,21.44,--,28,60032,买盘
917,13:06:17,21.44,--,5,10720,买盘
918,13:06:07,21.44,--,24,51456,买盘
919,13:06:02,21.44,0.01,2,4288,买盘
920,13:05:52,21.43,-0.01,3,6429,卖盘
921,13:05:47,21.44,--,1,2144,买盘
922,13:05:22,21.44,0.01,3,6432,买盘
923,13:05:17,21.43,--,17,36431,卖盘
924,13:05:07,21.43,-0.01,6,12858,卖盘
925,13:05:02,21.44,0.01,5,11513,买盘
926,13:04:57,21.43,--,5,11636,卖盘
927,13:04:52,21.43,-0.01,1,2143,卖盘
928,13:04:37,21.44,0.01,1,2144,买盘
929,13:04:22,21.43,-0.01,28,60004,卖盘
930,13:04:12,21.44,-0.01,1,2144,买盘
931,13:04:07,21.45,--,0,0,买盘
932,13:04:02,21.45,0.01,71,154311,买盘
933,13:03:52,21.44,-0.01,2,4288,卖盘
934,13:03:47,21.45,0.01,1,2145,买盘
935,13:03:32,21.44,--,7,15008,卖盘
936,13:03:26,21.44,--,3,6432,卖盘
937,13:03:22,21.44,--,26,55744,卖盘
938,13:03:17,21.44,--,1,2144,卖盘
939,13:03:11,21.44,-0.01,3,6432,卖盘
940,13:03:01,21.45,--,24,52273,买盘
941,13:02:56,21.45,0.01,24,52960,买盘
942,13:02:52,21.44,--,6,12864,卖盘
943,13:02:46,21.44,-0.01,41,87904,卖盘
944,13:02:41,21.45,0.01,31,66495,买盘
945,13:02:37,21.44,--,10,21440,卖盘
946,13:02:31,21.44,--,5,10720,卖盘
947,13:02:26,21.44,-0.01,2,4288,卖盘
948,13:02:16,21.45,--,53,114993,卖盘
949,13:02:11,21.45,--,8,17160,卖盘
950,13:02:06,21.45,--,19,40755,卖盘
951,13:02:01,21.45,-0.01,19,40755,卖盘
952,13:01:56,21.46,0.01,53,113738,买盘
953,13:01:51,21.45,--,7,15015,卖盘
954,13:01:46,21.45,--,48,102960,卖盘
955,13:01:41,21.45,-0.01,2,4290,卖盘
956,13:01:36,21.46,0.01,1,2146,买盘
957,13:01:31,21.45,-0.02,75,162784,卖盘
958,13:01:22,21.47,--,21,45087,卖盘
959,13:01:16,21.47,-0.01,10,21470,卖盘
960,13:01:11,21.48,0.01,1,2148,买盘
961,13:01:06,21.47,-0.01,9,19323,卖盘
962,13:01:01,21.48,-0.01,22,49275,卖盘
963,13:00:56,21.49,0.01,10,21490,买盘
964,13:00:51,21.48,--,4,8592,卖盘
965,13:00:46,21.48,-0.01,16,34368,卖盘
966,13:00:41,21.49,--,3,6446,买盘
967,13:00:31,21.49,--,21,45129,买盘
968,13:00:16,21.49,--,1,2149,买盘
969,13:00:11,21.49,0.01,10,21490,买盘
970,13:00:06,21.48,--,62,133176,卖盘
971,13:00:01,21.48,--,108,232220,买盘
972,11:30:00,21.48,--,0,0,买盘
973,11:29:59,21.48,--,0,0,买盘
974,11:29:57,21.48,--,22,47256,买盘
975,11:29:51,21.48,0.01,33,70884,买盘
976,11:29:47,21.47,-0.01,6,12882,卖盘
977,11:29:36,21.48,--,22,47256,买盘
978,11:29:32,21.48,0.01,3,6444,买盘
979,11:29:17,21.47,--,1,2147,卖盘
980,11:29:12,21.47,--,2,4294,卖盘
981,11:29:02,21.47,--,4,9382,卖盘
982,11:28:57,21.47,--,4,10069,卖盘
983,11:28:51,21.47,--,1,2147,买盘
984,11:28:47,21.47,--,14,30058,买盘
985,11:28:42,21.47,--,1,2147,买盘
986,11:28:32,21.47,--,0,0,买盘
987,11:28:27,21.47,-0.01,71,152437,中性盘
988,11:28:17,21.48,0.02,138,296424,买盘
989,11:28:02,21.46,--,3,6438,买盘
990,11:27:57,21.46,0.01,1,2146,买盘
991,11:27:51,21.45,--,2,4290,卖盘
992,11:27:42,21.45,-0.01,4,8580,卖盘
993,11:27:32,21.46,0.01,6,12876,买盘
994,11:27:27,21.45,--,1,2145,卖盘
995,11:27:17,21.45,--,1,2981,卖盘
996,11:27:12,21.45,--,16,34320,卖盘
997,11:27:06,21.45,-0.01,9,19305,卖盘
998,11:26:57,21.46,--,1,2146,卖盘
999,11:26:51,21.46,-0.01,28,60088,卖盘
1000,11:26:42,21.47,0.01,10,21470,中性盘
1001,11:26:36,21.46,-0.01,112,240352,卖盘
1002,11:26:27,21.47,--,6,12882,买盘
1003,11:26:21,21.47,--,14,30058,买盘
1004,11:26:06,21.47,--,82,176054,买盘
1005,11:26:02,21.47,--,4,8588,买盘
1006,11:25:57,21.47,--,0,0,买盘
1007,11:25:51,21.47,0.01,143,307021,买盘
1008,11:25:42,21.46,0.01,1,2146,买盘
1009,11:25:36,21.45,0.02,251,538395,买盘
1010,11:25:27,21.43,--,26,55718,买盘
1011,11:25:21,21.43,--,41,87863,买盘
1012,11:25:11,21.43,0.03,1,2143,买盘
1013,11:25:06,21.4,0.02,30,64627,买盘
1014,11:25:02,21.38,-0.02,4,9343,卖盘
1015,11:24:57,21.4,0.02,386,827538,买盘
1016,11:24:47,21.38,-0.02,9,19242,卖盘
1017,11:24:42,21.4,--,28,59919,买盘
1018,11:24:36,21.4,0.03,109,233259,买盘
1019,11:24:31,21.37,-0.01,1,2137,卖盘
1020,11:24:26,21.38,0.01,10,21380,买盘
1021,11:24:21,21.37,0.01,10,21370,买盘
1022,11:24:11,21.36,--,42,89712,买盘
1023,11:24:06,21.36,--,3,6408,买盘
1024,11:23:51,21.36,0.04,6,12816,买盘
1025,11:23:41,21.32,--,9,19188,卖盘
1026,11:23:31,21.32,0.01,2,4264,卖盘
1027,11:23:21,21.31,--,1,2131,卖盘
1028,11:23:12,21.31,-0.06,2,4262,卖盘
1029,11:23:06,21.37,0.07,106,226607,买盘
1030,11:23:02,21.3,-0.01,4,9308,卖盘
1031,11:22:56,21.31,0.01,79,169798,买盘
1032,11:22:51,21.3,-0.01,119,253470,卖盘
1033,11:22:41,21.31,0.01,78,166218,买盘
1034,11:22:36,21.3,--,9,19170,卖盘
1035,11:22:26,21.3,--,102,217260,卖盘
1036,11:22:06,21.3,--,20,42600,买盘
1037,11:22:00,21.3,--,0,0,买盘
1038,11:21:56,21.3,--,294,626220,买盘
1039,11:21:36,21.3,0.04,145,308850,买盘
1040,11:21:26,21.26,-0.04,8,17008,卖盘
1041,11:21:21,21.3,0.04,10,21300,买盘
1042,11:20:56,21.26,0.01,16,34164,买盘
1043,11:20:51,21.25,--,69,146625,卖盘
1044,11:20:30,21.25,-0.05,5,10625,卖盘
1045,11:20:26,21.3,-0.01,29,61770,卖盘
1046,11:20:21,21.31,--,0,0,卖盘
1047,11:20:15,21.31,-0.06,8,17048,卖盘
1048,11:20:11,21.37,--,30,64110,卖盘
1049,11:20:00,21.37,--,0,0,卖盘
1050,11:19:56,21.37,-0.03,15,32055,卖盘
1051,11:19:41,21.4,--,2,4280,买盘
1052,11:19:26,21.4,-0.02,1,3851,卖盘
1053,11:19:21,21.42,0.02,165,353430,买盘
1054,11:19:15,21.4,--,4,8560,卖盘
1055,11:19:11,21.4,--,14,29959,卖盘
1056,11:19:06,21.4,-0.02,1,2140,卖盘
1057,11:18:56,21.42,--,5,10710,买盘
1058,11:18:51,21.42,0.01,1,2142,买盘
1059,11:18:45,21.41,-0.02,6,12846,卖盘
1060,11:18:30,21.43,--,0,0,中性盘
1061,11:18:26,21.43,--,2,4286,卖盘
1062,11:18:21,21.43,0.02,9,19287,卖盘
1063,11:18:15,21.41,--,0,0,卖盘
1064,11:18:11,21.41,-0.03,8,17128,卖盘
1065,11:18:00,21.44,--,0,0,买盘
1066,11:17:50,21.44,0.04,15,32160,买盘
1067,11:17:05,21.4,--,65,139528,买盘
1068,11:17:00,21.4,0.01,20,42800,买盘
1069,11:16:55,21.39,-0.01,3,6417,卖盘
1070,11:16:50,21.4,--,25,53500,买盘
1071,11:16:45,21.4,--,36,77040,买盘
1072,11:16:35,21.4,--,28,59919,买盘
1073,11:16:30,21.4,--,44,94160,买盘
1074,11:16:25,21.4,--,4,8560,买盘
1075,11:16:20,21.4,-0.05,298,639603,卖盘
1076,11:16:10,21.45,0.05,100,214500,买盘
1077,11:16:05,21.4,--,10,21400,卖盘
1078,11:15:55,21.4,--,0,0,卖盘
1079,11:15:50,21.4,--,1,2140,卖盘
1080,11:15:45,21.4,--,10,21400,卖盘
1081,11:15:30,21.4,--,31,66596,买盘
1082,11:15:20,21.4,--,0,0,买盘
1083,11:15:15,21.4,--,89,190460,买盘
1084,11:15:05,21.4,0.02,20,42800,买盘
1085,11:14:55,21.38,-0.01,1,2138,卖盘
1086,11:14:50,21.39,-0.01,2,6288,卖盘
1087,11:14:45,21.4,--,121,258939,买盘
1088,11:14:40,21.4,--,10,21400,买盘
1089,11:14:35,21.4,--,28,59919,买盘
1090,11:14:30,21.4,--,4,8560,买盘
1091,11:14:24,21.4,--,2,4280,买盘
1092,11:14:20,21.4,-0.02,31,66340,买盘
1093,11:14:15,21.42,-0.03,95,203490,卖盘
1094,11:14:09,21.45,--,2,4290,买盘
1095,11:14:00,21.45,0.02,26,55770,买盘
1096,11:13:54,21.43,-0.01,1,2143,卖盘
1097,11:13:50,21.44,--,25,53600,买盘
1098,11:13:45,21.44,-0.01,28,60032,卖盘
1099,11:13:39,21.45,--,5,10725,买盘
1100,11:13:35,21.45,0.01,23,49335,买盘
1101,11:13:30,21.44,--,105,225120,卖盘
1102,11:13:24,21.44,-0.01,4,8576,卖盘
1103,11:13:20,21.45,-0.01,31,66495,买盘
1104,11:13:15,21.46,--,0,0,买盘
1105,11:13:09,21.46,0.01,98,210308,买盘
1106,11:13:05,21.45,-0.01,1,2145,卖盘
1107,11:13:00,21.46,--,100,214600,买盘
1108,11:12:54,21.46,--,0,0,买盘
1109,11:12:50,21.46,-0.01,55,118030,卖盘
1110,11:12:45,21.47,--,219,470193,买盘
1111,11:12:35,21.47,--,50,107350,买盘
1112,11:12:30,21.47,--,4,8588,买盘
1113,11:12:24,21.47,0.01,2,4294,买盘
1114,11:12:20,21.46,--,53,113738,卖盘
1115,11:12:15,21.46,0.02,360,772560,买盘
1116,11:12:05,21.44,0.05,10,21440,买盘
1117,11:11:54,21.39,--,0,0,卖盘
1118,11:11:50,21.39,--,34,72726,卖盘
1119,11:11:45,21.39,--,20,42780,卖盘
1120,11:11:35,21.39,0.02,6,12962,买盘
1121,11:11:30,21.37,--,12,25644,卖盘
1122,11:11:24,21.37,-0.03,8,17096,卖盘
1123,11:11:20,21.4,--,13,29831,卖盘
1124,11:11:15,21.4,0.03,161,344668,买盘
1125,11:11:00,21.37,0.02,5,11497,买盘
1126,11:10:54,21.35,-0.03,4,10034,卖盘
1127,11:10:45,21.38,--,23,49174,买盘
1128,11:10:34,21.38,--,0,0,买盘
1129,11:10:30,21.38,0.03,58,124004,买盘
1130,11:10:24,21.35,--,27,57645,卖盘
1131,11:10:19,21.35,-0.02,3,6405,买盘
1132,11:10:15,21.37,--,0,0,买盘
1133,11:10:04,21.37,0.06,18,38466,买盘
1134,11:10:00,21.31,-0.04,27,57537,卖盘
1135,11:09:54,21.35,--,0,0,卖盘
1136,11:09:49,21.35,--,1,2135,买盘
1137,11:09:45,21.35,--,0,0,卖盘
1138,11:09:39,21.35,0.04,27,57645,买盘
1139,11:09:24,21.31,0.01,11,23441,卖盘
1140,11:09:19,21.3,--,0,0,卖盘
1141,11:09:15,21.3,-0.01,28,59640,卖盘
1142,11:08:59,21.31,--,6,13553,卖盘
1143,11:08:54,21.31,-0.04,27,58986,卖盘
1144,11:08:45,21.35,0.04,1,2135,中性盘
1145,11:08:24,21.31,--,36,77120,买盘
1146,11:08:09,21.31,--,2,4262,买盘
1147,11:07:59,21.31,--,0,0,买盘
1148,11:07:54,21.31,--,40,85240,买盘
1149,11:07:44,21.31,--,8,18774,卖盘
1150,11:07:34,21.31,--,12,25572,卖盘
1151,11:07:24,21.31,--,109,232683,买盘
1152,11:07:18,21.31,--,0,0,买盘
1153,11:07:14,21.31,0.01,36,76716,买盘
1154,11:07:09,21.3,0.07,3,6390,买盘
1155,11:06:59,21.23,0.02,5,11400,中性盘
1156,11:06:54,21.21,--,8,18431,卖盘
1157,11:06:48,21.21,--,0,0,卖盘
1158,11:06:44,21.21,0.04,10,21210,卖盘
1159,11:06:39,21.17,--,0,0,卖盘
1160,11:06:29,21.17,--,0,0,卖盘
1161,11:06:18,21.17,--,0,0,卖盘
1162,11:05:54,21.17,--,0,0,卖盘
1163,11:05:48,21.17,-0.14,135,287509,卖盘
1164,11:05:39,21.31,--,0,0,卖盘
1165,11:05:33,21.31,-0.05,203,432593,卖盘
1166,11:05:29,21.36,0.02,15,32146,买盘
1167,11:05:24,21.34,--,13,27742,卖盘
1168,11:05:09,21.34,--,0,0,卖盘
1169,11:05:03,21.34,--,20,42680,卖盘
1170,11:04:59,21.34,--,24,51216,卖盘
1171,11:04:48,21.34,-0.01,6,12804,买盘
1172,11:04:33,21.35,--,3,6405,卖盘
1173,11:04:29,21.35,0.04,68,145180,买盘
1174,11:04:18,21.31,-0.04,13,27703,卖盘
1175,11:04:14,21.35,0.04,18,38430,买盘
1176,11:04:09,21.31,--,15,31964,卖盘
1177,11:04:03,21.31,--,0,0,卖盘
1178,11:03:59,21.31,--,20,42620,卖盘
1179,11:03:54,21.31,--,30,63929,卖盘
1180,11:03:44,21.31,0.15,432,920890,买盘
1181,11:03:39,21.16,0.01,10,21160,卖盘
1182,11:03:33,21.15,--,0,0,卖盘
1183,11:03:29,21.15,-0.01,102,216131,卖盘
1184,11:03:24,21.16,--,20,42320,买盘
1185,11:03:18,21.16,-0.06,79,168877,卖盘
1186,11:03:14,21.22,--,20,42440,卖盘
1187,11:03:09,21.22,0.07,87,185017,买盘
1188,11:03:03,21.15,--,0,0,卖盘
1189,11:02:59,21.15,--,4,9242,卖盘
1190,11:02:54,21.15,-0.03,6,14149,中性盘
1191,11:02:48,21.18,0.04,2,4236,买盘
1192,11:02:44,21.14,0.01,10,21140,卖盘
1193,11:02:38,21.13,--,0,0,卖盘
1194,11:02:33,21.13,--,23,48599,卖盘
1195,11:02:29,21.13,--,93,196509,卖盘
1196,11:02:14,21.13,-0.02,11,23243,卖盘
1197,11:02:08,21.15,-0.03,59,124784,卖盘
1198,11:02:03,21.18,0.02,61,129198,买盘
1199,11:01:59,21.16,-0.01,133,281428,卖盘
1200,11:01:53,21.17,-0.01,37,78329,卖盘
1201,11:01:43,21.18,--,25,52950,买盘
1202,11:01:39,21.18,-0.01,141,298638,卖盘
1203,11:01:33,21.19,--,30,63570,买盘
1204,11:01:29,21.19,-0.01,18,39858,卖盘
1205,11:01:24,21.2,0.01,5,10600,中性盘
1206,11:01:18,21.19,-0.01,30,63570,卖盘
1207,11:01:13,21.2,--,6,12720,卖盘
1208,11:01:03,21.2,0.01,4,9942,买盘
1209,11:00:53,21.19,-0.01,50,105950,卖盘
1210,11:00:48,21.2,--,40,84800,卖盘
1211,11:00:43,21.2,--,19,40280,卖盘
1212,11:00:38,21.2,--,0,0,卖盘
1213,11:00:33,21.2,--,0,1060,卖盘
1214,11:00:28,21.2,-0.07,90,190800,卖盘
1215,11:00:18,21.27,0.07,54,114858,买盘
1216,11:00:13,21.2,--,5,10600,卖盘
1217,11:00:08,21.2,-0.07,35,74200,卖盘
1218,10:59:53,21.27,--,155,329685,卖盘
1219,10:59:48,21.27,--,30,63810,卖盘
1220,10:59:38,21.27,-0.02,30,63810,卖盘
1221,10:59:33,21.29,-0.01,64,136256,卖盘
1222,10:59:18,21.3,-0.01,9,21150,卖盘
1223,10:59:12,21.31,--,143,306714,卖盘
1224,10:59:08,21.31,--,2,4262,卖盘
1225,10:59:03,21.31,--,18,38358,卖盘
1226,10:58:57,21.31,--,4,9312,卖盘
1227,10:58:53,21.31,--,5,12146,卖盘
1228,10:58:48,21.31,--,7,14917,卖盘
1229,10:58:38,21.31,-0.04,7,14917,卖盘
1230,10:58:23,21.35,--,5,10675,买盘
1231,10:58:12,21.35,--,0,0,买盘
1232,10:58:03,21.35,0.04,2,4270,买盘
1233,10:57:57,21.31,-0.05,10,21310,卖盘
1234,10:57:53,21.36,--,0,0,买盘
1235,10:57:48,21.36,--,0,0,中性盘
1236,10:57:33,21.36,-0.04,6,12816,卖盘
1237,10:57:18,21.4,--,7,14979,买盘
1238,10:57:03,21.4,--,24,51360,买盘
1239,10:56:53,21.4,--,142,303880,卖盘
1240,10:56:48,21.4,--,3,6420,卖盘
1241,10:56:42,21.4,--,4,8560,卖盘
1242,10:56:38,21.4,--,11,23540,中性盘
1243,10:56:27,21.4,--,0,0,卖盘
1244,10:56:23,21.4,--,20,42800,买盘
1245,10:56:08,21.4,--,0,0,中性盘
1246,10:56:03,21.4,--,0,0,卖盘
1247,10:55:53,21.4,--,6,12840,卖盘
1248,10:55:48,21.4,0.03,29,63279,买盘
1249,10:55:38,21.37,--,17,36329,卖盘
1250,10:55:23,21.37,0.01,14,30003,买盘
1251,10:55:12,21.36,0.01,2,4272,卖盘
1252,10:55:08,21.35,-0.02,2,4270,卖盘
1253,10:55:02,21.37,--,28,59836,买盘
1254,10:54:57,21.37,0.02,2,4274,买盘
1255,10:54:53,21.35,0.01,10,21478,卖盘
1256,10:54:47,21.34,-0.01,9,19206,买盘
1257,10:54:38,21.35,--,58,123830,买盘
1258,10:54:32,21.35,--,0,0,买盘
1259,10:54:17,21.35,-0.02,110,234850,买盘
1260,10:53:52,21.37,0.03,72,153864,买盘
1261,10:53:47,21.34,-0.01,11,25522,卖盘
1262,10:53:37,21.35,0.01,79,168750,买盘
1263,10:53:32,21.34,--,5,10670,卖盘
1264,10:53:17,21.34,-0.01,116,247544,中性盘
1265,10:53:12,21.35,--,39,85314,卖盘
1266,10:53:07,21.35,--,45,96075,卖盘
1267,10:52:57,21.35,--,12,25705,卖盘
1268,10:52:47,21.35,--,10,21350,卖盘
1269,10:52:12,21.35,0.05,93,198555,买盘
1270,10:52:06,21.3,--,0,0,卖盘
1271,10:52:02,21.3,--,23,48990,卖盘
1272,10:51:51,21.3,--,10,21300,卖盘
1273,10:51:21,21.3,--,2,4260,卖盘
1274,10:51:17,21.3,--,14,29820,卖盘
1275,10:50:57,21.3,--,9,19319,卖盘
1276,10:50:51,21.3,--,123,261990,买盘
1277,10:50:47,21.3,0.01,4,8520,买盘
1278,10:50:42,21.29,-0.01,6,12774,中性盘
1279,10:50:36,21.3,0.02,92,195960,买盘
1280,10:50:31,21.28,-0.02,1,2128,卖盘
1281,10:50:21,21.3,0.03,7,14910,买盘
1282,10:50:12,21.27,-0.01,15,31905,卖盘
1283,10:49:57,21.28,0.01,2,4256,中性盘
1284,10:49:47,21.27,-0.03,51,108477,卖盘
1285,10:49:42,21.3,0.03,105,223650,买盘
1286,10:49:32,21.27,-0.03,104,221208,卖盘
1287,10:49:21,21.3,--,98,208740,卖盘
1288,10:49:17,21.3,--,137,291810,卖盘
1289,10:49:12,21.3,--,17,36210,卖盘
1290,10:49:06,21.3,--,20,42600,卖盘
1291,10:49:02,21.3,-0.01,12,25560,卖盘
1292,10:48:46,21.31,--,32,68192,卖盘
1293,10:48:42,21.31,--,10,21310,卖盘
1294,10:48:36,21.31,-0.02,11,23441,卖盘
1295,10:48:32,21.33,0.02,1,2133,买盘
1296,10:48:27,21.31,-0.01,30,63929,卖盘
1297,10:48:21,21.32,-0.01,23,49036,卖盘
1298,10:48:17,21.33,--,20,42660,卖盘
1299,10:48:12,21.33,--,11,23462,卖盘
1300,10:48:01,21.33,--,6,12797,卖盘
1301,10:47:57,21.33,--,2,4266,卖盘
1302,10:47:41,21.33,--,9,19197,卖盘
1303,10:47:36,21.33,--,24,51191,卖盘
1304,10:47:32,21.33,--,1,2133,卖盘
1305,10:47:26,21.33,--,20,42660,卖盘
1306,10:47:16,21.33,0.01,20,42660,卖盘
1307,10:47:11,21.32,-0.06,1,2132,卖盘
1308,10:47:01,21.38,--,7,15885,卖盘
1309,10:46:56,21.38,0.06,14,31150,买盘
1310,10:46:51,21.32,-0.06,13,27716,卖盘
1311,10:46:47,21.38,--,98,210443,卖盘
1312,10:46:41,21.38,--,0,0,卖盘
1313,10:46:36,21.38,--,0,0,卖盘
1314,10:46:31,21.38,-0.03,46,98348,卖盘
1315,10:46:26,21.41,-0.01,14,29974,卖盘
1316,10:46:20,21.42,0.02,1,2142,买盘
1317,10:46:11,21.4,--,1,2140,卖盘
1318,10:46:06,21.4,0.01,1,2140,买盘
1319,10:45:51,21.39,--,1,2139,卖盘
1320,10:45:46,21.39,0.02,17,37582,买盘
1321,10:45:36,21.37,-0.01,1,2137,卖盘
1322,10:45:31,21.38,--,10,21380,买盘
1323,10:45:26,21.38,-0.02,38,82163,卖盘
1324,10:45:21,21.4,0.01,19,40660,买盘
1325,10:45:16,21.39,0.01,10,21390,买盘
1326,10:45:11,21.38,0.02,124,266330,买盘
1327,10:44:56,21.36,0.01,22,48978,买盘
1328,10:44:51,21.35,-0.02,68,145180,买盘
1329,10:44:26,21.37,--,0,0,买盘
1330,10:44:21,21.37,--,0,0,买盘
1331,10:44:10,21.37,0.02,39,83343,买盘
1332,10:44:06,21.35,0.03,33,70455,买盘
1333,10:43:56,21.32,-0.03,1,2132,卖盘
1334,10:43:50,21.35,--,3,6405,买盘
1335,10:43:41,21.35,--,38,81130,卖盘
1336,10:43:36,21.35,-0.02,35,74725,卖盘
1337,10:43:30,21.37,-0.01,5,10685,买盘
1338,10:43:25,21.38,--,0,0,买盘
1339,10:43:21,21.38,0.01,4,8552,买盘
1340,10:43:10,21.37,0.02,33,70521,买盘
1341,10:43:06,21.35,0.03,27,57794,买盘
1342,10:43:00,21.32,--,15,33962,卖盘
1343,10:42:55,21.32,--,20,44558,卖盘
1344,10:42:51,21.32,-0.03,6,13154,卖盘
1345,10:42:30,21.35,0.04,3,6405,买盘
1346,10:42:25,21.31,--,9,19179,卖盘
1347,10:42:21,21.31,-0.07,8,17048,卖盘
1348,10:41:51,21.38,--,2,4553,卖盘
1349,10:41:45,21.38,0.03,2,6136,买盘
1350,10:41:40,21.35,--,62,132370,卖盘
1351,10:41:35,21.35,--,100,213500,卖盘
1352,10:41:30,21.35,--,0,0,卖盘
1353,10:41:21,21.35,-0.03,2,4270,买盘
1354,10:41:10,21.38,--,0,0,买盘
1355,10:40:55,21.38,--,16,35277,卖盘
1356,10:40:50,21.38,--,5,11759,卖盘
1357,10:40:35,21.38,-0.02,1,2138,卖盘
1358,10:40:25,21.4,0.02,5,10700,买盘
1359,10:40:21,21.38,--,23,49174,卖盘
1360,10:40:00,21.38,-0.03,100,213800,卖盘
1361,10:39:55,21.41,-0.01,131,281391,卖盘
1362,10:39:50,21.42,--,6,12852,卖盘
1363,10:39:45,21.42,0.04,86,185432,买盘
1364,10:39:40,21.38,-0.03,2,4276,卖盘
1365,10:39:25,21.41,-0.01,1,3190,卖盘
1366,10:39:10,21.42,--,3,8439,卖盘
1367,10:39:05,21.42,--,10,21420,卖盘
1368,10:39:00,21.42,-0.01,2,4284,卖盘
1369,10:38:55,21.43,0.01,63,135801,买盘
1370,10:38:50,21.42,-0.01,5,12187,卖盘
1371,10:38:45,21.43,-0.01,4,8572,卖盘
1372,10:38:35,21.44,--,25,53600,卖盘
1373,10:38:25,21.44,-0.02,10,21440,卖盘
1374,10:38:20,21.46,0.02,23,49358,买盘
1375,10:38:15,21.44,--,17,36448,卖盘
1376,10:38:10,21.44,--,42,90048,买盘
1377,10:38:05,21.44,0.01,44,94336,买盘
1378,10:38:00,21.43,-0.01,1,2143,买盘
1379,10:37:55,21.44,--,20,42880,买盘
1380,10:37:50,21.44,0.02,41,87904,买盘
1381,10:37:45,21.42,--,0,0,卖盘
1382,10:37:40,21.42,--,10,21420,卖盘
1383,10:37:35,21.42,--,5,11802,买盘
1384,10:37:30,21.42,--,3,6426,买盘
1385,10:37:25,21.42,--,71,154116,卖盘
1386,10:37:20,21.42,--,6,12852,卖盘
1387,10:37:10,21.42,-0.02,14,29988,卖盘
1388,10:37:05,21.44,0.02,8,17152,买盘
1389,10:37:00,21.42,-0.02,106,227052,卖盘
1390,10:36:55,21.44,0.02,3,6432,买盘
1391,10:36:50,21.42,-0.02,10,21527,卖盘
1392,10:36:45,21.44,--,4,8576,买盘
1393,10:36:40,21.44,--,2,4288,买盘
1394,10:36:35,21.44,--,5,10720,卖盘
1395,10:36:30,21.44,--,10,21440,卖盘
1396,10:36:24,21.44,--,6,12864,买盘
1397,10:36:15,21.44,0.02,14,30016,买盘
1398,10:36:09,21.42,--,13,27846,卖盘
1399,10:36:05,21.42,-0.03,5,10710,卖盘
1400,10:36:00,21.45,0.03,100,214500,买盘
1401,10:35:54,21.42,--,4,8568,买盘
1402,10:35:50,21.42,--,3,6426,买盘
1403,10:35:45,21.42,-0.03,11,24718,卖盘
1404,10:35:39,21.45,-0.03,8,17160,买盘
1405,10:35:35,21.48,--,0,0,买盘
1406,10:35:30,21.48,0.02,17,36516,买盘
1407,10:35:24,21.46,--,0,0,中性盘
1408,10:35:20,21.46,0.01,146,313316,买盘
1409,10:35:14,21.45,--,24,51480,买盘
1410,10:35:09,21.45,0.03,3,6435,买盘
1411,10:35:04,21.42,-0.03,15,32130,卖盘
1412,10:35:00,21.45,--,110,235950,买盘
1413,10:34:54,21.45,0.01,5,11540,买盘
1414,10:34:49,21.44,--,6,14343,卖盘
1415,10:34:45,21.44,0.02,27,57888,买盘
1416,10:34:39,21.42,-0.01,3,6426,卖盘
1417,10:34:34,21.43,0.01,1,2143,买盘
1418,10:34:30,21.42,--,17,37399,买盘
1419,10:34:24,21.42,0.03,1,2142,买盘
1420,10:34:19,21.39,-0.01,31,66309,卖盘
1421,10:34:15,21.4,0.02,31,66340,买盘
1422,10:34:09,21.38,0.01,61,130418,买盘
1423,10:34:04,21.37,0.01,11,23507,买盘
1424,10:34:00,21.36,0.01,1,2136,买盘
1425,10:33:54,21.35,0.03,78,166530,买盘
1426,10:33:44,21.32,0.06,194,413608,买盘
1427,10:33:34,21.26,-0.01,2,4252,中性盘
1428,10:33:30,21.27,0.05,97,206319,买盘
1429,10:33:19,21.22,-0.03,31,65782,卖盘
1430,10:33:09,21.25,0.03,38,80750,买盘
1431,10:32:54,21.22,--,2,4244,卖盘
1432,10:32:49,21.22,-0.03,10,21347,卖盘
1433,10:32:44,21.25,0.01,2,4250,买盘
1434,10:32:34,21.24,--,0,0,卖盘
1435,10:32:29,21.24,0.02,19,40356,买盘
1436,10:32:24,21.22,0.01,2,4244,买盘
1437,10:32:19,21.21,0.01,33,69993,买盘
1438,10:32:14,21.2,-0.01,5,10600,卖盘
1439,10:32:09,21.21,--,1,2121,买盘
1440,10:31:59,21.21,--,11,23331,买盘
1441,10:31:44,21.21,--,22,46662,卖盘
1442,10:31:39,21.21,-0.04,15,31815,卖盘
1443,10:31:29,21.25,--,0,0,买盘
1444,10:31:24,21.25,--,13,27625,买盘
1445,10:31:19,21.25,0.04,11,23375,买盘
1446,10:31:14,21.21,-0.04,39,82719,卖盘
1447,10:31:09,21.25,--,43,91375,卖盘
1448,10:31:04,21.25,-0.02,5,10625,卖盘
1449,10:30:54,21.27,--,4,8508,买盘
1450,10:30:44,21.27,--,6,12762,卖盘
1451,10:30:39,21.27,--,60,127620,卖盘
1452,10:30:29,21.27,-0.01,9,19143,卖盘
1453,10:30:24,21.28,0.01,10,21280,买盘
1454,10:30:19,21.27,--,2,4254,卖盘
1455,10:30:14,21.27,--,4,8508,卖盘
1456,10:30:09,21.27,--,2,4254,卖盘
1457,10:29:59,21.27,0.02,284,604068,买盘
1458,10:29:54,21.25,--,0,0,买盘
1459,10:29:44,21.25,-0.02,10,21250,买盘
1460,10:29:34,21.27,--,0,0,买盘
1461,10:29:24,21.27,--,0,0,买盘
1462,10:29:19,21.27,0.01,14,29778,买盘
1463,10:29:14,21.26,0.01,16,36056,买盘
1464,10:29:09,21.25,--,0,0,卖盘
1465,10:29:04,21.25,0.06,25,54081,买盘
1466,10:28:59,21.19,--,0,0,卖盘
1467,10:28:49,21.19,-0.01,22,46766,卖盘
1468,10:28:44,21.2,-0.05,11,23320,买盘
1469,10:28:14,21.25,0.06,30,63750,买盘
1470,10:28:09,21.19,-0.01,5,10595,卖盘
1471,10:27:59,21.2,--,3,6360,卖盘
1472,10:27:53,21.2,--,96,203668,买盘
1473,10:27:44,21.2,0.01,26,55120,买盘
1474,10:27:39,21.19,-0.01,5,10595,卖盘
1475,10:27:18,21.2,--,62,133411,卖盘
1476,10:27:03,21.2,-0.01,27,57240,卖盘
1477,10:26:54,21.21,0.01,26,55294,买盘
1478,10:26:48,21.2,-0.01,2,4240,卖盘
1479,10:26:39,21.21,--,4,8484,买盘
1480,10:26:28,21.21,0.01,3,6363,卖盘
1481,10:26:13,21.2,--,0,0,卖盘
1482,10:26:08,21.2,-0.04,40,84800,卖盘
1483,10:25:58,21.24,0.03,1,2124,买盘
1484,10:25:54,21.21,-0.04,36,76356,卖盘
1485,10:25:38,21.25,0.04,20,42500,买盘
1486,10:25:33,21.21,0.01,19,40299,买盘
1487,10:25:23,21.2,--,6,12720,卖盘
1488,10:25:13,21.2,--,0,0,卖盘
1489,10:25:08,21.2,-0.01,15,31800,卖盘
1490,10:24:58,21.21,--,15,31815,买盘
1491,10:24:53,21.21,--,43,93027,卖盘
1492,10:24:43,21.21,0.01,45,95445,卖盘
1493,10:24:38,21.2,0.03,66,140216,买盘
1494,10:24:23,21.17,-0.03,12,25404,卖盘
1495,10:24:18,21.2,--,2,4240,买盘
1496,10:24:13,21.2,0.03,36,76320,买盘
1497,10:24:08,21.17,--,62,131254,买盘
1498,10:23:58,21.17,-0.02,18,39926,卖盘
1499,10:23:53,21.19,--,57,120783,买盘
1500,10:23:48,21.19,0.02,4,8476,买盘
1501,10:23:43,21.17,--,10,21466,买盘
1502,10:23:38,21.17,0.05,25,52925,买盘
1503,10:23:33,21.12,--,0,0,卖盘
1504,10:23:28,21.12,-0.04,60,126720,卖盘
1505,10:23:23,21.16,--,22,46552,卖盘
1506,10:23:18,21.16,0.01,25,52921,买盘
1507,10:23:13,21.15,--,12,25380,卖盘
1508,10:23:08,21.15,0.03,129,272835,买盘
1509,10:23:03,21.12,0.01,13,27456,买盘
1510,10:22:58,21.11,-0.01,19,40109,卖盘
1511,10:22:53,21.12,--,43,92568,卖盘
1512,10:22:48,21.12,0.01,1,2112,买盘
1513,10:22:43,21.11,--,67,141437,卖盘
1514,10:22:38,21.11,--,29,61219,卖盘
1515,10:22:33,21.11,--,0,0,卖盘
1516,10:22:28,21.11,--,14,29554,卖盘
1517,10:22:23,21.11,-0.01,22,46442,卖盘
1518,10:22:18,21.12,0.01,4,8448,买盘
1519,10:22:13,21.11,--,5,10555,卖盘
1520,10:22:08,21.11,-0.01,7,14777,中性盘
1521,10:22:03,21.12,0.02,20,42240,买盘
1522,10:21:58,21.1,--,23,48530,卖盘
1523,10:21:53,21.1,-0.02,42,88620,卖盘
1524,10:21:48,21.12,0.02,202,426624,中性盘
1525,10:21:43,21.1,--,20,42200,卖盘
1526,10:21:38,21.1,-0.03,28,59080,卖盘
1527,10:21:33,21.13,-0.03,5,10565,卖盘
1528,10:21:28,21.16,0.05,20,42320,买盘
1529,10:21:23,21.11,-0.02,42,88662,卖盘
1530,10:21:13,21.13,-0.03,18,38034,卖盘
1531,10:21:03,21.16,--,37,80386,卖盘
1532,10:20:58,21.16,-0.01,86,181976,卖盘
1533,10:20:53,21.17,--,54,114318,买盘
1534,10:20:48,21.17,-0.02,79,169232,卖盘
1535,10:20:42,21.19,--,7,14833,买盘
1536,10:20:38,21.19,--,22,46618,卖盘
1537,10:20:27,21.19,--,58,122902,卖盘
1538,10:20:23,21.19,-0.01,3,6357,卖盘
1539,10:20:18,21.2,0.01,2,4240,买盘
1540,10:20:12,21.19,-0.01,9,19071,卖盘
1541,10:20:08,21.2,--,13,27560,买盘
1542,10:20:02,21.2,--,3,6360,买盘
1543,10:19:57,21.2,--,54,114480,买盘
1544,10:19:53,21.2,--,6,12720,卖盘
1545,10:19:48,21.2,-0.02,134,284080,卖盘
1546,10:19:42,21.22,--,4,8488,买盘
1547,10:19:33,21.22,--,2,4244,卖盘
1548,10:19:22,21.22,--,8,16976,买盘
1549,10:19:18,21.22,-0.03,26,55172,卖盘
1550,10:19:12,21.25,0.03,21,44625,买盘
1551,10:19:02,21.22,0.04,33,70026,买盘
1552,10:18:57,21.18,-0.02,30,63540,卖盘
1553,10:18:52,21.2,--,9,19207,卖盘
1554,10:18:47,21.2,--,16,33920,买盘
1555,10:18:42,21.2,0.03,1,2120,买盘
1556,10:18:37,21.17,-0.01,8,16936,卖盘
1557,10:18:32,21.18,0.02,23,48714,买盘
1558,10:18:22,21.16,--,168,355488,卖盘
1559,10:18:17,21.16,--,19,40204,卖盘
1560,10:18:07,21.16,-0.01,187,395692,卖盘
1561,10:18:02,21.17,--,20,42340,买盘
1562,10:17:57,21.17,0.01,15,31755,卖盘
1563,10:17:52,21.16,--,0,0,卖盘
1564,10:17:47,21.16,--,7,14812,卖盘
1565,10:17:42,21.16,-0.02,18,38088,卖盘
1566,10:17:37,21.18,0.02,15,31770,买盘
1567,10:17:32,21.16,--,9,19044,卖盘
1568,10:17:22,21.16,-0.03,83,175649,卖盘
1569,10:17:17,21.19,0.04,4,8476,中性盘
1570,10:17:12,21.15,--,0,0,卖盘
1571,10:17:07,21.15,-0.04,130,274950,卖盘
1572,10:17:02,21.19,--,3,6357,买盘
1573,10:16:57,21.19,0.04,3,6357,买盘
1574,10:16:52,21.15,-0.05,12,25528,卖盘
1575,10:16:47,21.2,--,31,65720,卖盘
1576,10:16:42,21.2,--,5,10600,卖盘
1577,10:16:37,21.2,--,5,10600,卖盘
1578,10:16:32,21.2,0.06,185,392200,买盘
1579,10:16:22,21.14,--,15,31857,买盘
1580,10:16:17,21.14,-0.01,54,114156,卖盘
1581,10:16:07,21.15,-0.02,3,6345,卖盘
1582,10:16:02,21.17,-0.03,89,188413,卖盘
1583,10:15:57,21.2,--,141,298920,卖盘
1584,10:15:52,21.2,-0.05,110,233200,卖盘
1585,10:15:47,21.25,0.03,3,6375,买盘
1586,10:15:37,21.22,-0.04,260,551720,卖盘
1587,10:15:32,21.26,--,182,387017,卖盘
1588,10:15:26,21.26,--,32,68032,卖盘
1589,10:15:22,21.26,--,240,510240,卖盘
1590,10:15:17,21.26,-0.02,152,323152,卖盘
1591,10:15:12,21.28,--,8,17024,卖盘
1592,10:15:07,21.28,--,42,89376,卖盘
1593,10:15:02,21.28,-0.01,3,6384,卖盘
1594,10:14:57,21.29,0.01,1,2129,买盘
1595,10:14:52,21.28,--,9,19152,卖盘
1596,10:14:47,21.28,--,9,19152,卖盘
1597,10:14:41,21.28,--,5,10640,卖盘
1598,10:14:37,21.28,--,100,212800,卖盘
1599,10:14:32,21.28,-0.01,160,342459,卖盘
1600,10:14:27,21.29,--,17,36193,卖盘
1601,10:14:22,21.29,--,23,48967,卖盘
1602,10:14:17,21.29,--,3,6387,卖盘
1603,10:14:12,21.29,--,3,6387,卖盘
1604,10:14:07,21.29,-0.01,14,29806,卖盘
1605,10:14:02,21.3,--,2,4260,卖盘
1606,10:13:57,21.3,--,3,6390,卖盘
1607,10:13:52,21.3,--,14,29820,卖盘
1608,10:13:47,21.3,--,9,19170,卖盘
1609,10:13:36,21.3,--,2,4260,卖盘
1610,10:13:22,21.3,--,20,42600,卖盘
1611,10:13:17,21.3,0.01,6,12780,买盘
1612,10:13:06,21.29,--,0,0,卖盘
1613,10:12:51,21.29,-0.01,2,4258,卖盘
1614,10:12:47,21.3,--,12,25709,卖盘
1615,10:12:42,21.3,--,5,10650,卖盘
1616,10:12:32,21.3,-0.02,10,21300,卖盘
1617,10:12:27,21.32,0.01,25,53300,买盘
1618,10:12:20,21.31,--,8,17048,买盘
1619,10:12:17,21.31,0.01,2,4262,买盘
1620,10:12:05,21.3,--,4,8520,卖盘
1621,10:12:01,21.3,--,54,115020,卖盘
1622,10:11:56,21.3,-0.01,14,29820,卖盘
1623,10:11:50,21.31,0.01,17,36227,买盘
1624,10:11:47,21.3,--,61,129930,卖盘
1625,10:11:31,21.3,--,2,4260,卖盘
1626,10:11:26,21.3,--,4,8520,卖盘
1627,10:11:21,21.3,0.01,5,10650,卖盘
1628,10:11:16,21.29,--,0,0,卖盘
1629,10:11:01,21.29,--,0,0,卖盘
1630,10:10:56,21.29,-0.03,21,44709,卖盘
1631,10:10:46,21.32,0.03,3,6396,中性盘
1632,10:10:26,21.29,-0.03,25,53225,卖盘
1633,10:10:16,21.32,0.03,66,141159,买盘
1634,10:10:11,21.29,-0.01,18,38322,卖盘
1635,10:10:01,21.3,--,19,40470,买盘
1636,10:09:56,21.3,--,5,10650,买盘
1637,10:09:51,21.3,--,1,2130,买盘
1638,10:09:46,21.3,0.01,1,2130,买盘
1639,10:09:26,21.29,0.01,3,6514,买盘
1640,10:09:11,21.28,--,15,31920,卖盘
1641,10:08:46,21.28,--,6,12768,买盘
1642,10:08:41,21.28,--,21,44688,卖盘
1643,10:08:31,21.28,--,4,8512,买盘
1644,10:08:25,21.28,-0.02,68,144704,卖盘
1645,10:08:16,21.3,0.02,50,106500,买盘
1646,10:08:01,21.28,--,1,2128,卖盘
1647,10:07:55,21.28,0.02,1,2128,卖盘
1648,10:07:50,21.26,--,0,0,卖盘
1649,10:07:46,21.26,--,0,0,卖盘
1650,10:07:40,21.26,--,0,0,卖盘
1651,10:07:35,21.26,-0.01,107,227482,卖盘
1652,10:07:31,21.27,-0.01,6,12762,卖盘
1653,10:07:25,21.28,-0.01,25,53200,买盘
1654,10:07:16,21.29,0.02,14,29806,买盘
1655,10:07:11,21.27,--,20,42540,卖盘
1656,10:07:06,21.27,--,50,106350,卖盘
1657,10:07:01,21.27,--,21,44667,卖盘
1658,10:06:55,21.27,--,5,10635,卖盘
1659,10:06:46,21.27,-0.02,17,36286,卖盘
1660,10:06:40,21.29,0.02,16,34064,买盘
1661,10:06:35,21.27,--,0,0,卖盘
1662,10:06:25,21.27,--,1,2127,卖盘
1663,10:06:10,21.27,--,1,2127,卖盘
1664,10:06:05,21.27,-0.02,50,106350,卖盘
1665,10:06:01,21.29,--,4,8516,卖盘
1666,10:05:50,21.29,--,2,4258,卖盘
1667,10:05:46,21.29,--,2,4258,卖盘
1668,10:05:40,21.29,--,18,38322,卖盘
1669,10:05:31,21.29,--,1,2129,卖盘
1670,10:05:25,21.29,--,0,0,卖盘
1671,10:05:16,21.29,-0.02,188,400252,卖盘
1672,10:05:10,21.31,--,98,208838,买盘
1673,10:05:05,21.31,0.01,6,12786,买盘
1674,10:05:00,21.3,--,43,91590,卖盘
1675,10:04:55,21.3,--,69,146970,卖盘
1676,10:04:46,21.3,--,37,78959,卖盘
1677,10:04:40,21.3,--,295,628350,卖盘
1678,10:04:29,21.3,--,3,6390,卖盘
1679,10:04:14,21.3,--,130,276900,卖盘
1680,10:04:10,21.3,--,2,4260,卖盘
1681,10:04:05,21.3,--,1,2130,卖盘
1682,10:03:59,21.3,--,111,236430,卖盘
1683,10:03:55,21.3,--,17,36210,卖盘
1684,10:03:50,21.3,--,152,323760,卖盘
1685,10:03:40,21.3,--,66,140580,卖盘
1686,10:03:29,21.3,--,48,102240,卖盘
1687,10:03:25,21.3,-0.01,6,12780,卖盘
1688,10:03:20,21.31,0.01,5,10655,买盘
1689,10:03:14,21.3,--,61,129930,卖盘
1690,10:03:10,21.3,--,40,85200,卖盘
1691,10:03:05,21.3,--,2,4260,卖盘
1692,10:02:55,21.3,--,12,25560,卖盘
1693,10:02:50,21.3,--,464,988469,卖盘
1694,10:02:40,21.3,-0.01,1,2130,卖盘
1695,10:02:05,21.31,-0.01,1,2131,中性盘
1696,10:01:59,21.32,0.01,200,426400,买盘
1697,10:01:55,21.31,--,152,325595,卖盘
1698,10:01:50,21.31,--,60,127859,卖盘
1699,10:01:44,21.31,--,20,42620,卖盘
1700,10:01:40,21.31,--,11,23441,卖盘
1701,10:01:25,21.31,--,4,8524,卖盘
1702,10:01:20,21.31,-0.01,3,6393,卖盘
1703,10:01:10,21.32,0.01,2,4264,卖盘
1704,10:01:04,21.31,--,0,0,卖盘
1705,10:00:49,21.31,-0.02,10,21459,卖盘
1706,10:00:40,21.33,--,1,2133,买盘
1707,10:00:29,21.33,0.02,14,29861,买盘
1708,10:00:25,21.31,-0.02,3,6393,卖盘
1709,10:00:14,21.33,--,50,106649,买盘
1710,09:59:55,21.33,--,150,319950,买盘
1711,09:59:40,21.33,--,123,262359,买盘
1712,09:59:34,21.33,--,0,0,买盘
1713,09:59:29,21.33,0.01,5,10665,买盘
1714,09:59:25,21.32,--,26,55432,卖盘
1715,09:59:19,21.32,-0.03,11,23452,卖盘
1716,09:59:04,21.35,--,13,27755,买盘
1717,09:58:54,21.35,0.04,1,2135,中性盘
1718,09:58:49,21.31,-0.05,147,313406,卖盘
1719,09:58:39,21.36,0.01,9,19224,买盘
1720,09:58:19,21.35,--,5,10675,卖盘
1721,09:58:14,21.35,-0.01,2,4270,中性盘
1722,09:58:09,21.36,0.01,5,10680,买盘
1723,09:58:04,21.35,--,12,25620,买盘
1724,09:57:44,21.35,0.01,50,106750,买盘
1725,09:57:40,21.34,0.03,3,6402,买盘
1726,09:57:34,21.31,-0.02,2,4262,卖盘
1727,09:57:29,21.33,0.02,10,21330,买盘
1728,09:57:24,21.31,--,22,46882,卖盘
1729,09:57:19,21.31,--,0,0,卖盘
1730,09:57:09,21.31,-0.01,7,14917,卖盘
1731,09:57:04,21.32,--,26,55581,买盘
1732,09:56:59,21.32,--,1,2132,买盘
1733,09:56:54,21.32,--,29,63810,卖盘
1734,09:56:49,21.32,0.01,11,23601,卖盘
1735,09:56:34,21.31,--,0,0,卖盘
1736,09:56:29,21.31,0.01,20,42620,卖盘
1737,09:56:24,21.3,--,20,42600,卖盘
1738,09:56:19,21.3,--,0,0,卖盘
1739,09:56:14,21.3,-0.05,184,391920,卖盘
1740,09:56:08,21.35,0.05,91,194285,买盘
1741,09:56:04,21.3,--,0,0,卖盘
1742,09:55:59,21.3,-0.05,50,106500,卖盘
1743,09:55:53,21.35,--,0,0,买盘
1744,09:55:49,21.35,0.04,8,17080,买盘
1745,09:55:44,21.31,--,7,14917,卖盘
1746,09:55:34,21.31,0.01,10,21310,中性盘
1747,09:55:29,21.3,-0.02,141,300330,卖盘
1748,09:55:23,21.32,--,1,2132,卖盘
1749,09:55:14,21.32,-0.02,21,44772,卖盘
1750,09:55:08,21.34,0.02,5,10670,买盘
1751,09:54:59,21.32,--,5,10660,卖盘
1752,09:54:53,21.32,-0.04,5,10660,卖盘
1753,09:54:49,21.36,0.01,34,72752,买盘
1754,09:54:34,21.35,-0.01,1,2135,买盘
1755,09:54:23,21.36,--,0,0,买盘
1756,09:54:19,21.36,0.04,3,6408,买盘
1757,09:54:14,21.32,-0.05,19,40508,卖盘
1758,09:54:08,21.37,--,9,19233,卖盘
1759,09:54:03,21.37,0.05,3,6411,买盘
1760,09:53:48,21.32,-0.03,70,149240,卖盘
1761,09:53:43,21.35,0.03,34,72590,中性盘
1762,09:53:33,21.32,--,20,42640,卖盘
1763,09:53:28,21.32,-0.01,749,1597912,卖盘
1764,09:53:18,21.33,--,29,61856,买盘
1765,09:53:13,21.33,--,7,14930,卖盘
1766,09:53:03,21.33,-0.01,14,29861,卖盘
1767,09:52:58,21.34,0.02,20,42680,买盘
1768,09:52:53,21.32,--,0,0,卖盘
1769,09:52:48,21.32,--,35,76091,卖盘
1770,09:52:43,21.32,0.01,4,9338,中性盘
1771,09:52:38,21.31,--,24,51144,卖盘
1772,09:52:33,21.31,--,60,127859,买盘
1773,09:52:28,21.31,--,30,63929,卖盘
1774,09:52:18,21.31,-0.04,40,85240,卖盘
1775,09:52:13,21.35,0.05,50,106750,买盘
1776,09:52:03,21.3,--,5,10650,卖盘
1777,09:51:58,21.3,--,3,6390,卖盘
1778,09:51:53,21.3,--,351,748695,买盘
1779,09:51:48,21.3,--,12,25560,买盘
1780,09:51:43,21.3,--,17,36210,买盘
1781,09:51:38,21.3,-0.01,657,1400475,卖盘
1782,09:51:33,21.31,--,10,21310,卖盘
1783,09:51:28,21.31,0.01,20,42620,买盘
1784,09:51:13,21.3,0.02,107,228975,买盘
1785,09:51:08,21.28,--,37,78736,卖盘
1786,09:51:03,21.28,--,21,44688,买盘
1787,09:50:58,21.28,--,21,44688,买盘
1788,09:50:48,21.28,--,67,142724,中性盘
1789,09:50:43,21.28,0.02,45,96972,买盘
1790,09:50:38,21.26,0.01,28,59528,卖盘
1791,09:50:33,21.25,-0.02,10,21250,卖盘
1792,09:50:28,21.27,0.02,250,531750,买盘
1793,09:50:23,21.25,-0.01,20,42500,卖盘
1794,09:50:18,21.26,--,4,8504,买盘
1795,09:50:13,21.26,0.01,38,80788,买盘
1796,09:50:08,21.25,-0.01,17,36125,卖盘
1797,09:50:03,21.26,--,11,23386,卖盘
1798,09:49:58,21.26,--,28,59528,卖盘
1799,09:49:48,21.26,--,52,110552,卖盘
1800,09:49:43,21.26,-0.01,26,55276,卖盘
1801,09:49:38,21.27,--,52,110604,买盘
1802,09:49:33,21.27,0.01,6,12762,买盘
1803,09:49:28,21.26,-0.01,19,40394,卖盘
1804,09:49:23,21.27,0.01,60,127620,买盘
1805,09:49:18,21.26,-0.01,51,108426,卖盘
1806,09:49:13,21.27,0.01,6,12762,买盘
1807,09:49:08,21.26,-0.01,16,34016,卖盘
1808,09:48:58,21.27,--,17,36159,卖盘
1809,09:48:48,21.27,--,5,10635,卖盘
1810,09:48:43,21.27,-0.03,10,21270,卖盘
1811,09:48:38,21.3,--,11,24495,卖盘
1812,09:48:33,21.3,-0.02,83,176790,卖盘
1813,09:48:23,21.32,-0.03,6,12792,卖盘
1814,09:48:13,21.35,--,185,396063,卖盘
1815,09:48:08,21.35,--,562,1199870,卖盘
1816,09:48:02,21.35,--,2,4270,卖盘
1817,09:47:58,21.35,--,223,476105,卖盘
1818,09:47:53,21.35,--,160,341600,卖盘
1819,09:47:47,21.35,--,7,14945,卖盘
1820,09:47:43,21.35,--,25,53375,卖盘
1821,09:47:38,21.35,-0.01,20,42700,卖盘
1822,09:47:32,21.36,--,11,23496,买盘
1823,09:47:28,21.36,--,1,2136,买盘
1824,09:47:22,21.36,0.01,6,12816,中性盘
1825,09:47:17,21.35,-0.03,24,51240,卖盘
1826,09:47:08,21.38,--,5,10690,买盘
1827,09:47:02,21.38,0.02,1,2138,买盘
1828,09:46:57,21.36,-0.03,19,42549,卖盘
1829,09:46:53,21.39,--,114,243846,卖盘
1830,09:46:47,21.39,0.03,74,158457,买盘
1831,09:46:42,21.36,-0.02,107,228552,卖盘
1832,09:46:32,21.38,-0.02,10,21380,卖盘
1833,09:46:27,21.4,-0.01,18,38520,买盘
1834,09:46:22,21.41,0.03,7,14987,买盘
1835,09:46:17,21.38,-0.02,10,21380,卖盘
1836,09:46:12,21.4,0.02,132,282480,买盘
1837,09:46:07,21.38,-0.01,89,190282,卖盘
1838,09:45:57,21.39,0.01,19,40641,中性盘
1839,09:45:52,21.38,-0.01,49,104762,卖盘
1840,09:45:47,21.39,0.01,75,161473,买盘
1841,09:45:42,21.38,-0.01,6,12828,中性盘
1842,09:45:37,21.39,0.02,144,308016,买盘
1843,09:45:32,21.37,-0.01,11,23507,卖盘
1844,09:45:27,21.38,-0.01,93,198834,卖盘
1845,09:45:22,21.39,0.01,130,278070,买盘
1846,09:45:17,21.38,-0.01,3,7504,卖盘
1847,09:45:12,21.39,0.01,1,2139,中性盘
1848,09:45:07,21.38,-0.01,61,130418,卖盘
1849,09:45:02,21.39,0.01,18,38502,买盘
1850,09:44:57,21.38,--,26,55588,卖盘
1851,09:44:52,21.38,0.01,3,7461,买盘
1852,09:44:47,21.37,0.04,5,12138,卖盘
1853,09:44:42,21.33,-0.05,75,160785,卖盘
1854,09:44:37,21.38,0.06,20,42760,买盘
1855,09:44:27,21.32,0.01,2,4264,卖盘
1856,09:44:22,21.31,-0.07,10,21310,卖盘
1857,09:44:12,21.38,0.06,43,93003,买盘
1858,09:44:07,21.32,--,4,8528,买盘
1859,09:44:02,21.32,0.01,64,136448,买盘
1860,09:43:57,21.31,0.02,12,25572,买盘
1861,09:43:52,21.29,-0.01,18,38322,卖盘
1862,09:43:47,21.3,--,9,19170,买盘
1863,09:43:42,21.3,--,246,525045,买盘
1864,09:43:37,21.3,--,77,165075,买盘
1865,09:43:32,21.3,0.02,7,14910,买盘
1866,09:43:27,21.28,-0.02,4,8512,卖盘
1867,09:43:22,21.3,0.05,8,17040,买盘
1868,09:43:17,21.25,-0.03,414,880812,卖盘
1869,09:43:12,21.28,--,8,17024,买盘
1870,09:43:07,21.28,--,49,105336,卖盘
1871,09:43:02,21.28,--,1,3192,卖盘
1872,09:42:57,21.28,--,23,48944,买盘
1873,09:42:52,21.28,-0.04,82,174496,卖盘
1874,09:42:42,21.32,-0.06,67,142844,卖盘
1875,09:42:37,21.38,--,117,250146,买盘
1876,09:42:27,21.38,0.01,32,68416,买盘
1877,09:42:22,21.37,--,18,38466,卖盘
1878,09:42:12,21.37,-0.02,545,1165754,卖盘
1879,09:42:07,21.39,-0.01,15,32085,卖盘
1880,09:41:57,21.4,--,7,14979,买盘
1881,09:41:52,21.4,--,7,14979,买盘
1882,09:41:42,21.4,-0.01,48,102720,卖盘
1883,09:41:37,21.41,--,33,70653,买盘
1884,09:41:27,21.41,-0.01,2,4282,卖盘
1885,09:41:22,21.42,--,6,12852,买盘
1886,09:41:17,21.42,--,2,4284,买盘
1887,09:41:12,21.42,--,24,51408,买盘
1888,09:41:07,21.42,--,3,6426,买盘
1889,09:41:02,21.42,--,8,17136,买盘
1890,09:40:52,21.42,-0.02,43,93262,卖盘
1891,09:40:47,21.44,--,27,58038,买盘
1892,09:40:41,21.44,0.02,2,4288,买盘
1893,09:40:37,21.42,--,1,2142,卖盘
1894,09:40:22,21.42,0.02,22,47959,买盘
1895,09:40:17,21.4,-0.02,17,36380,卖盘
1896,09:40:11,21.42,--,0,0,买盘
1897,09:40:07,21.42,0.02,10,21420,买盘
1898,09:40:01,21.4,--,40,85600,卖盘
1899,09:39:56,21.4,--,8,17120,买盘
1900,09:39:52,21.4,--,1,2140,买盘
1901,09:39:46,21.4,--,82,175480,买盘
1902,09:39:41,21.4,--,10,21400,买盘
1903,09:39:37,21.4,-0.02,22,47080,买盘
1904,09:39:31,21.42,0.03,5,10710,买盘
1905,09:39:26,21.39,-0.01,42,89838,卖盘
1906,09:39:21,21.4,0.01,3,6420,中性盘
1907,09:39:16,21.39,-0.02,163,348657,卖盘
1908,09:39:06,21.41,0.02,1,2141,买盘
1909,09:38:56,21.39,--,0,0,卖盘
1910,09:38:51,21.39,-0.02,11,23529,卖盘
1911,09:38:46,21.41,0.01,27,59262,买盘
1912,09:38:41,21.4,--,27,57779,买盘
1913,09:38:36,21.4,-0.04,10,21400,买盘
1914,09:38:31,21.44,--,0,0,买盘
1915,09:38:21,21.44,0.05,15,32160,买盘
1916,09:38:16,21.39,--,0,0,卖盘
1917,09:38:11,21.39,-0.05,4,8556,卖盘
1918,09:38:06,21.44,0.06,5,10720,买盘
1919,09:38:01,21.38,-0.03,90,192420,卖盘
1920,09:37:56,21.41,--,7,14987,卖盘
1921,09:37:51,21.41,0.01,95,203395,买盘
1922,09:37:46,21.4,0.02,113,243553,买盘
1923,09:37:41,21.38,--,32,68416,卖盘
1924,09:37:36,21.38,0.02,243,519534,买盘
1925,09:37:31,21.36,--,1,2136,卖盘
1926,09:37:26,21.36,--,6,12816,卖盘
1927,09:37:21,21.36,--,12,25632,卖盘
1928,09:37:16,21.36,-0.01,30,64080,卖盘
1929,09:37:06,21.37,0.04,16,34192,中性盘
1930,09:37:01,21.33,-0.03,34,72522,卖盘
1931,09:36:56,21.36,--,33,70488,卖盘
1932,09:36:51,21.36,0.03,48,102528,中性盘
1933,09:36:46,21.33,-0.05,40,85320,卖盘
1934,09:36:41,21.38,0.03,48,102624,买盘
1935,09:36:36,21.35,--,23,49105,卖盘
1936,09:36:31,21.35,-0.04,9,19215,卖盘
1937,09:36:26,21.39,--,58,124062,买盘
1938,09:36:21,21.39,-0.01,18,39058,卖盘
1939,09:36:16,21.4,--,322,689080,卖盘
1940,09:36:11,21.4,--,50,107000,卖盘
1941,09:36:01,21.4,0.05,132,284063,买盘
1942,09:35:56,21.35,-0.05,7,14945,卖盘
1943,09:35:46,21.4,--,140,300156,卖盘
1944,09:35:41,21.4,--,114,243959,卖盘
1945,09:35:36,21.4,--,93,199020,卖盘
1946,09:35:31,21.4,--,2,4280,卖盘
1947,09:35:21,21.4,-0.05,138,295320,卖盘
1948,09:35:16,21.45,0.05,75,160875,买盘
1949,09:35:11,21.4,-0.02,65,139100,卖盘
1950,09:35:06,21.42,0.02,42,89964,买盘
1951,09:35:01,21.4,-0.04,203,434420,卖盘
1952,09:34:56,21.44,0.01,1,2144,买盘
1953,09:34:51,21.43,0.01,207,443751,买盘
1954,09:34:46,21.42,-0.01,110,235620,买盘
1955,09:34:36,21.43,0.01,11,23573,买盘
1956,09:34:31,21.42,-0.01,91,194922,卖盘
1957,09:34:21,21.43,--,23,49289,买盘
1958,09:34:16,21.43,--,5,10715,买盘
1959,09:34:11,21.43,--,59,126437,卖盘
1960,09:34:06,21.43,0.01,36,77148,卖盘
1961,09:34:01,21.42,--,0,0,卖盘
1962,09:33:56,21.42,-0.04,1,2142,卖盘
1963,09:33:51,21.46,--,37,79402,买盘
1964,09:33:46,21.46,0.04,223,478558,买盘
1965,09:33:41,21.42,--,3,6426,卖盘
1966,09:33:36,21.42,--,42,89964,卖盘
1967,09:33:31,21.42,--,30,64260,卖盘
1968,09:33:21,21.42,--,34,72828,买盘
1969,09:33:16,21.42,0.01,69,147798,买盘
1970,09:33:11,21.41,-0.01,26,55666,买盘
1971,09:33:01,21.42,--,0,0,买盘
1972,09:32:55,21.42,0.01,15,32130,买盘
1973,09:32:50,21.41,--,15,32115,卖盘
1974,09:32:46,21.41,-0.01,23,50698,卖盘
1975,09:32:40,21.42,0.01,11,23562,买盘
1976,09:32:35,21.41,--,26,57785,买盘
1977,09:32:31,21.41,--,3,6444,卖盘
1978,09:32:25,21.41,--,13,29952,卖盘
1979,09:32:20,21.41,--,30,64230,卖盘
1980,09:32:16,21.41,0.01,32,68512,买盘
1981,09:32:10,21.4,--,12,25680,卖盘
1982,09:32:05,21.4,--,4,8560,卖盘
1983,09:32:01,21.4,-0.01,67,143380,卖盘
1984,09:31:55,21.41,0.01,82,175562,买盘
1985,09:31:50,21.4,-0.01,16,34240,卖盘
1986,09:31:45,21.41,--,3,6423,中性盘
1987,09:31:40,21.41,--,65,139165,卖盘
1988,09:31:35,21.41,--,16,34256,卖盘
1989,09:31:30,21.41,--,27,57807,卖盘
1990,09:31:25,21.41,--,13,27833,卖盘
1991,09:31:15,21.41,0.01,7,14987,买盘
1992,09:31:10,21.4,-0.01,49,104860,卖盘
1993,09:31:05,21.41,0.01,16,34256,买盘
1994,09:31:00,21.4,-0.01,29,62059,卖盘
1995,09:30:55,21.41,--,31,66371,买盘
1996,09:30:50,21.41,0.01,15,32115,买盘
1997,09:30:45,21.4,-0.01,21,44940,卖盘
1998,09:30:40,21.41,--,13,27833,卖盘
1999,09:30:35,21.41,-0.01,2,4282,卖盘
2000,09:30:30,21.42,--,10,21420,买盘
2001,09:30:25,21.42,0.02,3,6426,买盘
2002,09:30:20,21.4,--,30,64199,卖盘
2003,09:30:15,21.4,--,0,0,卖盘
2004,09:30:10,21.4,-0.04,29,62059,卖盘
2005,09:30:05,21.44,-0.01,181,388064,中性盘
2006,09:30:00,21.45,-0.01,1,2145,卖盘
2007,09:28:47,21.46,--,0,0,买盘
2008,09:25:03,21.46,21.46,332,712472,买盘
