,time,price,change,volume,amount,type
0,15:00:00,3.53,--,0,0,卖盘
1,15:00:00,3.53,--,0,0,卖盘
2,14:59:57,3.53,--,168,59304,卖盘
3,14:59:42,3.53,--,206,72718,卖盘
4,14:59:28,3.53,-0.01,42,14826,卖盘
5,14:59:18,3.54,--,30,10620,买盘
6,14:59:13,3.54,0.01,296,104784,买盘
7,14:59:07,3.53,-0.01,64,22592,卖盘
8,14:59:03,3.54,--,41,14514,买盘
9,14:58:58,3.54,--,1000,354000,买盘
10,14:58:52,3.54,0.01,263,93102,买盘
11,14:58:48,3.53,-0.01,805,284165,卖盘
12,14:58:43,3.54,0.01,1369,484626,买盘
13,14:58:37,3.53,--,100,35300,卖盘
14,14:58:28,3.53,--,437,154261,卖盘
15,14:58:17,3.53,-0.01,101,35653,卖盘
16,14:58:12,3.54,0.01,24,8496,买盘
17,14:58:07,3.53,-0.01,88,31064,卖盘
18,14:58:03,3.54,0.01,24,8496,买盘
19,14:57:57,3.53,-0.01,100,35300,卖盘
20,14:57:33,3.54,--,86,30444,买盘
21,14:57:28,3.54,0.01,187,66198,买盘
22,14:57:22,3.53,-0.01,187,66011,卖盘
23,14:57:13,3.54,--,50,17700,买盘
24,14:57:07,3.54,--,1,354,买盘
25,14:56:46,3.54,0.01,128,45312,买盘
26,14:56:43,3.53,--,300,105900,卖盘
27,14:56:27,3.53,-0.01,47,16591,卖盘
28,14:56:21,3.54,--,12,4248,买盘
29,14:56:16,3.54,--,2,708,买盘
30,14:56:12,3.54,--,158,55932,买盘
31,14:56:06,3.54,0.01,137,48498,买盘
32,14:55:57,3.53,--,50,17650,卖盘
33,14:55:42,3.53,-0.01,37,13061,卖盘
34,14:55:36,3.54,0.01,30,10620,买盘
35,14:55:31,3.53,--,29,10237,卖盘
36,14:55:27,3.53,-0.01,38,13414,卖盘
37,14:55:21,3.54,--,406,143724,买盘
38,14:55:12,3.54,0.01,18,6372,买盘
39,14:55:06,3.53,--,38,13414,卖盘
40,14:54:57,3.53,--,3,1059,卖盘
41,14:54:51,3.53,--,143,50479,卖盘
42,14:54:42,3.53,--,71,25063,卖盘
43,14:54:36,3.53,--,22,7766,卖盘
44,14:54:27,3.53,--,321,113496,卖盘
45,14:54:22,3.53,-0.01,500,176500,卖盘
46,14:54:15,3.54,0.01,61,21594,买盘
47,14:54:12,3.53,-0.01,30,10590,卖盘
48,14:54:06,3.54,0.01,54,19116,买盘
49,14:53:57,3.53,-0.01,30,10590,卖盘
50,14:53:51,3.54,0.01,2,708,买盘
51,14:53:42,3.53,--,160,56480,卖盘
52,14:53:27,3.53,-0.01,195,68835,卖盘
53,14:53:15,3.54,0.01,1,354,买盘
54,14:53:06,3.53,-0.01,39,13767,卖盘
55,14:53:02,3.54,0.01,200,70800,买盘
56,14:52:57,3.53,-0.01,31,10943,卖盘
57,14:52:51,3.54,0.01,17,6018,买盘
58,14:52:42,3.53,-0.01,136,48008,卖盘
59,14:52:36,3.54,--,663,234702,买盘
60,14:52:27,3.54,0.01,88,31152,买盘
61,14:52:22,3.53,-0.01,1,353,卖盘
62,14:52:15,3.54,--,9,3186,买盘
63,14:52:07,3.54,0.01,52,18408,买盘
64,14:51:57,3.53,--,40,14120,卖盘
65,14:51:51,3.53,--,2,706,卖盘
66,14:51:45,3.53,-0.01,3,1059,卖盘
67,14:51:31,3.54,--,120,42480,买盘
68,14:51:22,3.54,0.01,56,19824,买盘
69,14:51:06,3.53,-0.01,51,18003,卖盘
70,14:51:00,3.54,--,36,12744,买盘
71,14:50:51,3.54,0.01,47,16638,买盘
72,14:50:45,3.53,-0.01,55,19415,卖盘
73,14:50:42,3.54,--,20,7080,买盘
74,14:50:36,3.54,--,242,85668,买盘
75,14:50:30,3.54,--,266,94164,买盘
76,14:50:22,3.54,--,133,47082,买盘
77,14:50:15,3.54,0.01,182,64428,买盘
78,14:50:12,3.53,-0.01,1,353,卖盘
79,14:49:51,3.54,--,227,80358,买盘
80,14:49:37,3.54,--,82,29028,买盘
81,14:49:30,3.54,0.01,121,42834,买盘
82,14:49:27,3.53,--,5,1765,卖盘
83,14:49:22,3.53,-0.01,5,1765,卖盘
84,14:49:16,3.54,0.01,186,65844,买盘
85,14:49:11,3.53,-0.01,100,35300,卖盘
86,14:48:46,3.54,0.01,131,46374,买盘
87,14:48:36,3.53,--,42,14826,卖盘
88,14:48:30,3.53,--,144,50832,卖盘
89,14:48:15,3.53,-0.01,187,66011,卖盘
90,14:48:01,3.54,--,37,13098,买盘
91,14:47:54,3.54,--,161,56994,买盘
92,14:47:51,3.54,--,258,91332,买盘
93,14:47:45,3.54,0.01,87,30798,买盘
94,14:47:39,3.53,--,50,17650,卖盘
95,14:47:36,3.53,--,60,21180,卖盘
96,14:47:30,3.53,--,240,84720,卖盘
97,14:47:25,3.53,--,117,41301,卖盘
98,14:47:21,3.53,--,2,706,卖盘
99,14:47:15,3.53,-0.01,81,28593,卖盘
100,14:47:06,3.54,0.01,91,32214,买盘
101,14:47:00,3.53,--,98,34594,卖盘
102,14:46:30,3.53,--,116,40948,卖盘
103,14:46:26,3.53,--,1080,381240,卖盘
104,14:46:10,3.53,--,36,12708,卖盘
105,14:46:06,3.53,--,4,1412,卖盘
106,14:46:00,3.53,--,22,7766,卖盘
107,14:45:51,3.53,--,126,44478,卖盘
108,14:45:30,3.53,--,217,76601,卖盘
109,14:45:15,3.53,--,11,3883,卖盘
110,14:45:06,3.53,--,11,3883,卖盘
111,14:44:50,3.53,--,369,130257,卖盘
112,14:44:46,3.53,--,30,10590,卖盘
113,14:44:30,3.53,--,116,40948,卖盘
114,14:44:26,3.53,-0.01,5,1765,卖盘
115,14:44:15,3.54,--,200,70800,买盘
116,14:43:45,3.54,0.01,600,212400,买盘
117,14:43:39,3.53,--,120,42360,卖盘
118,14:43:36,3.53,--,102,36006,卖盘
119,14:43:30,3.53,--,309,109077,卖盘
120,14:43:24,3.53,--,300,105900,卖盘
121,14:43:21,3.53,--,208,73424,卖盘
122,14:43:10,3.53,-0.01,10,3530,卖盘
123,14:43:06,3.54,--,2,708,买盘
124,14:43:00,3.54,0.01,3,1062,买盘
125,14:42:51,3.53,--,1239,437367,卖盘
126,14:42:39,3.53,--,100,35300,卖盘
127,14:42:35,3.53,--,34,12002,卖盘
128,14:42:30,3.53,--,116,40948,卖盘
129,14:42:20,3.53,-0.01,2,706,卖盘
130,14:41:48,3.54,0.01,16,5664,买盘
131,14:41:39,3.53,-0.01,130,45890,卖盘
132,14:41:34,3.54,--,28,9912,买盘
133,14:41:30,3.54,0.01,1,354,买盘
134,14:41:04,3.53,--,2,706,卖盘
135,14:41:00,3.53,-0.01,10,3530,卖盘
136,14:40:54,3.54,0.01,30,10620,买盘
137,14:40:45,3.53,--,500,176500,卖盘
138,14:40:39,3.53,--,100,35300,卖盘
139,14:40:30,3.53,--,100,35300,卖盘
140,14:40:24,3.53,-0.01,100,35300,卖盘
141,14:39:49,3.54,--,22,7788,买盘
142,14:39:45,3.54,0.01,50,17700,买盘
143,14:39:39,3.53,-0.01,300,105900,卖盘
144,14:39:30,3.54,0.01,3,1062,买盘
145,14:39:15,3.53,-0.01,5,1765,卖盘
146,14:39:00,3.54,0.01,330,116820,买盘
147,14:38:39,3.53,--,110,38830,卖盘
148,14:38:33,3.53,--,2,706,卖盘
149,14:38:30,3.53,--,4,1412,卖盘
150,14:38:24,3.53,-0.01,30,10590,卖盘
151,14:38:14,3.54,--,26,9204,买盘
152,14:37:54,3.54,0.01,40,14160,买盘
153,14:37:48,3.53,--,179,63187,卖盘
154,14:37:40,3.53,--,131,46243,卖盘
155,14:37:18,3.53,--,2,706,卖盘
156,14:37:14,3.53,--,34,12002,卖盘
157,14:37:10,3.53,--,73,25769,卖盘
158,14:36:59,3.53,--,30,10590,卖盘
159,14:36:45,3.53,--,49,17297,卖盘
160,14:36:39,3.53,-0.01,200,70600,卖盘
161,14:36:24,3.54,0.01,20,7080,买盘
162,14:36:09,3.53,--,43,15179,卖盘
163,14:36:04,3.53,--,2,706,卖盘
164,14:35:39,3.53,-0.01,101,35653,卖盘
165,14:35:33,3.54,0.01,50,17700,买盘
166,14:35:29,3.53,--,3,1059,卖盘
167,14:35:15,3.53,--,100,35300,卖盘
168,14:34:48,3.53,--,2,706,卖盘
169,14:34:39,3.53,-0.01,100,35300,卖盘
170,14:34:33,3.54,--,1,354,买盘
171,14:34:18,3.54,--,200,70800,买盘
172,14:33:54,3.54,--,2,708,买盘
173,14:33:33,3.54,0.01,25,8850,买盘
174,14:33:24,3.53,--,32,11645,卖盘
175,14:33:13,3.53,-0.01,5,1765,卖盘
176,14:33:09,3.54,--,3,1062,买盘
177,14:33:04,3.54,0.01,27,9558,买盘
178,14:32:59,3.53,--,5,1765,卖盘
179,14:32:48,3.53,--,5,1765,卖盘
180,14:32:42,3.53,--,5,1765,卖盘
181,14:32:39,3.53,-0.01,356,125668,卖盘
182,14:32:33,3.54,0.01,35,12390,买盘
183,14:32:24,3.53,--,5,1765,卖盘
184,14:32:19,3.53,--,7,2471,卖盘
185,14:32:09,3.53,-0.01,5,1765,卖盘
186,14:32:04,3.54,0.01,132,46728,买盘
187,14:31:54,3.53,-0.01,37,13061,卖盘
188,14:31:48,3.54,0.01,135,47790,买盘
189,14:31:39,3.53,-0.01,5,1765,卖盘
190,14:31:33,3.54,0.01,27,9558,买盘
191,14:31:24,3.53,-0.01,5,1765,卖盘
192,14:31:12,3.54,--,96,33984,买盘
193,14:31:04,3.54,0.01,27,9558,买盘
194,14:30:58,3.53,-0.01,302,106606,卖盘
195,14:30:54,3.54,--,335,118590,买盘
196,14:30:44,3.54,--,128,45312,买盘
197,14:30:38,3.54,--,51,18054,买盘
198,14:30:33,3.54,--,103,36462,买盘
199,14:30:27,3.54,--,61,21594,买盘
200,14:30:18,3.54,0.01,202,71508,买盘
201,14:30:12,3.53,-0.01,502,177206,卖盘
202,14:30:08,3.54,--,607,214878,买盘
203,14:30:03,3.54,0.01,17,6018,买盘
204,14:29:57,3.53,-0.01,119,42007,卖盘
205,14:29:54,3.54,--,2,708,买盘
206,14:29:48,3.54,0.01,15,5310,买盘
207,14:29:42,3.53,-0.01,68,24004,卖盘
208,14:29:39,3.54,--,15,5310,买盘
209,14:29:33,3.54,--,17,6018,买盘
210,14:29:27,3.54,--,94,33276,买盘
211,14:29:23,3.54,0.01,15,5310,买盘
212,14:29:12,3.53,--,17,6001,卖盘
213,14:29:09,3.53,-0.01,33,11649,卖盘
214,14:29:03,3.54,--,32,11328,买盘
215,14:28:57,3.54,--,15,5310,买盘
216,14:28:42,3.54,--,18,6372,买盘
217,14:28:38,3.54,--,15,5310,买盘
218,14:28:33,3.54,0.01,17,6018,买盘
219,14:28:27,3.53,-0.01,17,6001,卖盘
220,14:28:12,3.54,--,30,10620,买盘
221,14:28:03,3.54,--,17,6018,买盘
222,14:27:57,3.54,--,18,6372,买盘
223,14:27:53,3.54,--,210,74340,买盘
224,14:27:48,3.54,0.01,4,1416,买盘
225,14:27:42,3.53,-0.01,55,19415,卖盘
226,14:27:33,3.54,--,37,13098,买盘
227,14:27:27,3.54,--,31,10974,买盘
228,14:27:12,3.54,--,318,112572,买盘
229,14:27:03,3.54,--,35,12390,买盘
230,14:26:57,3.54,0.01,25,8850,买盘
231,14:26:48,3.53,-0.01,3,1059,卖盘
232,14:26:42,3.54,--,151,53454,买盘
233,14:26:33,3.54,0.01,17,6018,买盘
234,14:26:27,3.53,--,85,30005,卖盘
235,14:26:22,3.53,-0.01,300,105900,卖盘
236,14:26:18,3.54,--,15,5310,买盘
237,14:26:12,3.54,--,49,17346,买盘
238,14:26:08,3.54,--,18,6372,买盘
239,14:26:03,3.54,--,17,6018,买盘
240,14:25:57,3.54,--,46,16284,买盘
241,14:25:52,3.54,0.01,88,31152,买盘
242,14:25:48,3.53,-0.01,36,12708,卖盘
243,14:25:42,3.54,--,15,5310,买盘
244,14:25:33,3.54,--,34,12036,买盘
245,14:25:27,3.54,--,27,9558,买盘
246,14:25:12,3.54,--,15,5310,买盘
247,14:25:06,3.54,--,34,12036,买盘
248,14:25:03,3.54,--,57,20178,买盘
249,14:24:57,3.54,--,81,28674,买盘
250,14:24:48,3.54,--,33,11682,买盘
251,14:24:42,3.54,--,17,6018,买盘
252,14:24:33,3.54,--,17,6018,买盘
253,14:24:27,3.54,--,15,5310,买盘
254,14:24:21,3.54,--,55,19470,买盘
255,14:24:18,3.54,--,30,10620,买盘
256,14:24:03,3.54,--,35,12390,买盘
257,14:23:57,3.54,--,15,5310,买盘
258,14:23:47,3.54,--,45,15930,买盘
259,14:23:42,3.54,--,32,11328,买盘
260,14:23:36,3.54,--,32,11328,买盘
261,14:23:32,3.54,0.01,15,5310,买盘
262,14:23:27,3.53,--,2,706,卖盘
263,14:23:21,3.53,-0.01,206,72718,卖盘
264,14:23:17,3.54,0.01,15,5310,买盘
265,14:23:06,3.53,-0.01,93,32829,卖盘
266,14:23:02,3.54,0.01,16,5664,买盘
267,14:22:57,3.53,-0.01,30,10590,卖盘
268,14:22:51,3.54,--,20,7080,买盘
269,14:22:42,3.54,0.01,15,5310,买盘
270,14:22:36,3.53,-0.01,123,43419,卖盘
271,14:22:30,3.54,0.01,15,5310,买盘
272,14:22:27,3.53,-0.01,47,16591,卖盘
273,14:22:21,3.54,--,17,6018,买盘
274,14:22:17,3.54,--,17,6018,买盘
275,14:22:12,3.54,0.01,25,8850,买盘
276,14:22:06,3.53,-0.01,37,13061,卖盘
277,14:21:57,3.54,--,45,15930,买盘
278,14:21:47,3.54,--,25,8850,买盘
279,14:21:42,3.54,--,1,354,买盘
280,14:21:36,3.54,--,34,12036,买盘
281,14:21:33,3.54,0.01,15,5310,买盘
282,14:21:27,3.53,--,8,2824,卖盘
283,14:21:21,3.53,--,17,6001,卖盘
284,14:21:17,3.53,--,52,18356,卖盘
285,14:21:12,3.53,-0.01,17,6001,卖盘
286,14:21:06,3.54,0.01,33,11682,买盘
287,14:20:57,3.53,--,100,35300,卖盘
288,14:20:51,3.53,-0.01,20,7060,卖盘
289,14:20:47,3.54,0.01,15,5310,买盘
290,14:20:42,3.53,-0.01,50,17650,卖盘
291,14:20:36,3.54,0.01,31,10974,买盘
292,14:20:32,3.53,-0.01,52,18356,卖盘
293,14:20:21,3.54,--,30,10620,买盘
294,14:20:17,3.54,0.01,50,17700,买盘
295,14:20:12,3.53,-0.01,25,8825,卖盘
296,14:20:06,3.54,--,18,6372,买盘
297,14:20:02,3.54,--,16,5664,买盘
298,14:19:57,3.54,--,1,354,买盘
299,14:19:51,3.54,0.01,16,5664,买盘
300,14:19:42,3.53,-0.01,28,9884,卖盘
301,14:19:36,3.54,0.01,414,146556,买盘
302,14:19:31,3.53,-0.01,30,10590,卖盘
303,14:19:27,3.54,0.01,2,708,买盘
304,14:19:21,3.53,-0.01,168,59304,卖盘
305,14:19:16,3.54,0.01,1,354,买盘
306,14:19:12,3.53,--,179,63187,卖盘
307,14:19:06,3.53,--,125,44125,卖盘
308,14:19:01,3.53,-0.01,164,57892,卖盘
309,14:18:51,3.54,0.01,205,72570,买盘
310,14:18:46,3.53,--,4,1412,卖盘
311,14:18:37,3.53,--,167,58951,卖盘
312,14:18:27,3.53,--,205,72365,卖盘
313,14:18:21,3.53,--,26,9178,卖盘
314,14:18:17,3.53,--,1120,395667,买盘
315,14:18:12,3.53,--,30,10872,买盘
316,14:18:06,3.53,--,421,148613,买盘
317,14:18:00,3.53,0.01,115,40919,买盘
318,14:17:57,3.52,-0.01,168,59136,卖盘
319,14:17:51,3.53,0.01,17,6001,买盘
320,14:17:42,3.52,-0.01,185,65120,卖盘
321,14:17:36,3.53,0.01,2356,831668,买盘
322,14:17:32,3.52,-0.01,151,53152,卖盘
323,14:17:27,3.53,--,2,706,买盘
324,14:17:21,3.53,--,187,66011,买盘
325,14:17:15,3.53,--,2655,937215,买盘
326,14:17:12,3.53,--,172,60716,买盘
327,14:17:06,3.53,--,401,141553,买盘
328,14:17:00,3.53,0.01,170,60010,买盘
329,14:16:57,3.52,-0.01,76,26752,卖盘
330,14:16:51,3.53,--,174,61422,买盘
331,14:16:42,3.53,--,106,37418,买盘
332,14:16:36,3.53,--,184,64952,买盘
333,14:16:27,3.53,--,171,60363,买盘
334,14:16:21,3.53,0.01,15,5295,买盘
335,14:16:15,3.52,-0.01,171,60192,卖盘
336,14:16:10,3.53,0.01,15,5295,买盘
337,14:16:06,3.52,-0.01,187,65824,卖盘
338,14:15:56,3.53,0.01,184,64952,买盘
339,14:15:51,3.52,--,2,704,卖盘
340,14:15:45,3.52,-0.01,170,59840,卖盘
341,14:15:41,3.53,0.01,70,24710,买盘
342,14:15:30,3.52,--,151,53152,卖盘
343,14:15:21,3.52,--,166,58432,卖盘
344,14:15:09,3.52,--,162,57024,卖盘
345,14:15:00,3.52,--,149,52448,卖盘
346,14:14:45,3.52,--,156,54912,卖盘
347,14:14:36,3.52,--,152,53504,卖盘
348,14:14:26,3.52,-0.01,151,53152,卖盘
349,14:14:21,3.53,0.01,1,353,买盘
350,14:14:15,3.52,-0.01,163,57376,卖盘
351,14:14:06,3.53,--,233,82249,买盘
352,14:14:00,3.53,0.01,34,12002,买盘
353,14:13:51,3.52,--,219,77088,卖盘
354,14:13:45,3.52,--,145,51040,卖盘
355,14:13:40,3.52,--,17,5984,卖盘
356,14:13:30,3.52,--,228,80256,卖盘
357,14:13:21,3.52,--,192,67584,卖盘
358,14:13:06,3.52,--,170,59840,卖盘
359,14:13:00,3.52,--,158,55616,卖盘
360,14:12:51,3.52,-0.01,117,41184,卖盘
361,14:12:45,3.53,0.01,171,60363,买盘
362,14:12:36,3.52,--,170,59840,卖盘
363,14:12:26,3.52,-0.01,217,76384,卖盘
364,14:12:21,3.53,0.01,2,706,买盘
365,14:12:15,3.52,--,164,57728,卖盘
366,14:12:10,3.52,--,20,7040,卖盘
367,14:12:06,3.52,--,2,704,卖盘
368,14:12:00,3.52,--,159,55968,卖盘
369,14:11:51,3.52,-0.01,258,90816,卖盘
370,14:11:45,3.53,0.01,34,12002,买盘
371,14:11:40,3.52,-0.01,164,57728,卖盘
372,14:11:36,3.53,0.01,52,18356,买盘
373,14:11:30,3.52,--,158,55616,卖盘
374,14:11:21,3.52,--,20,7040,卖盘
375,14:11:15,3.52,--,149,52448,卖盘
376,14:11:06,3.52,--,195,68640,卖盘
377,14:10:56,3.52,--,175,61600,卖盘
378,14:10:51,3.52,--,2,704,卖盘
379,14:10:45,3.52,--,148,52096,卖盘
380,14:10:36,3.52,-0.01,162,57024,卖盘
381,14:10:30,3.53,--,100,35300,买盘
382,14:10:26,3.53,0.01,7,2471,买盘
383,14:10:21,3.52,--,171,60192,卖盘
384,14:10:15,3.52,-0.01,170,59840,卖盘
385,14:10:11,3.53,0.01,1,353,买盘
386,14:10:00,3.52,-0.01,168,59136,卖盘
387,14:09:56,3.53,0.01,65,22945,买盘
388,14:09:51,3.52,--,216,76032,卖盘
389,14:09:39,3.52,--,148,52096,卖盘
390,14:09:30,3.52,-0.01,172,60544,卖盘
391,14:09:21,3.53,0.01,234,82602,买盘
392,14:09:15,3.52,--,177,62304,卖盘
393,14:09:05,3.52,--,262,92224,卖盘
394,14:08:55,3.52,--,145,51040,卖盘
395,14:08:51,3.52,--,40,14080,卖盘
396,14:08:45,3.52,--,161,56672,卖盘
397,14:08:36,3.52,--,164,57728,卖盘
398,14:08:30,3.52,--,53,18656,卖盘
399,14:08:25,3.52,--,149,52448,卖盘
400,14:08:09,3.52,--,380,133760,卖盘
401,14:08:00,3.52,--,163,57376,卖盘
402,14:07:54,3.52,--,200,70400,卖盘
403,14:07:48,3.52,--,370,130240,卖盘
404,14:07:45,3.52,--,78,27456,卖盘
405,14:07:39,3.52,-0.01,153,53856,卖盘
406,14:07:35,3.53,--,565,199445,买盘
407,14:07:30,3.53,0.01,398,140494,买盘
408,14:07:24,3.52,--,1,352,卖盘
409,14:07:20,3.52,--,23,8096,卖盘
410,14:07:15,3.52,-0.01,161,56672,卖盘
411,14:07:09,3.53,0.01,86,30358,买盘
412,14:07:05,3.52,-0.01,160,56320,卖盘
413,14:07:00,3.53,0.01,48,16944,买盘
414,14:06:54,3.52,--,168,59136,卖盘
415,14:06:45,3.52,--,177,62304,卖盘
416,14:06:35,3.52,--,190,66880,卖盘
417,14:06:30,3.52,--,164,57728,卖盘
418,14:06:24,3.52,--,140,49280,卖盘
419,14:06:20,3.52,--,20,7040,卖盘
420,14:06:15,3.52,--,1000,352000,卖盘
421,14:06:09,3.52,--,168,59136,卖盘
422,14:06:00,3.52,--,163,57376,卖盘
423,14:05:50,3.52,--,159,55968,卖盘
424,14:05:45,3.52,--,238,83776,卖盘
425,14:05:39,3.52,-0.01,260,91520,卖盘
426,14:05:35,3.53,--,86,30358,买盘
427,14:05:31,3.53,--,172,60716,买盘
428,14:05:24,3.53,0.01,86,30358,买盘
429,14:05:15,3.52,--,169,59488,卖盘
430,14:05:00,3.52,--,151,53152,卖盘
431,14:04:54,3.52,--,1000,352000,卖盘
432,14:04:50,3.52,-0.01,148,52096,卖盘
433,14:04:45,3.53,--,86,30358,买盘
434,14:04:39,3.53,0.01,440,155320,买盘
435,14:04:30,3.52,--,175,61600,卖盘
436,14:04:24,3.52,--,18,6336,卖盘
437,14:04:15,3.52,-0.01,395,139040,卖盘
438,14:04:09,3.53,--,240,84720,买盘
439,14:04:05,3.53,--,22,7766,买盘
440,14:03:54,3.53,--,2957,1043866,卖盘
441,14:03:49,3.53,--,145,51185,卖盘
442,14:03:45,3.53,--,302,106606,卖盘
443,14:03:35,3.53,--,169,59657,卖盘
444,14:03:24,3.53,--,213,75189,卖盘
445,14:03:15,3.53,--,21,7413,卖盘
446,14:03:09,3.53,--,327,115431,卖盘
447,14:03:00,3.53,--,154,54362,卖盘
448,14:02:54,3.53,--,121,42713,卖盘
449,14:02:45,3.53,--,175,61775,卖盘
450,14:02:39,3.53,--,127,44831,卖盘
451,14:02:35,3.53,--,80,28240,卖盘
452,14:02:30,3.53,--,122,43066,卖盘
453,14:02:19,3.53,--,105,37065,卖盘
454,14:02:15,3.53,--,141,49773,卖盘
455,14:02:09,3.53,-0.01,121,42713,卖盘
456,14:02:05,3.54,0.01,317,112218,买盘
457,14:02:00,3.53,--,107,37771,卖盘
458,14:01:54,3.53,-0.01,14,4942,卖盘
459,14:01:49,3.54,0.01,86,30444,买盘
460,14:01:45,3.53,--,197,69541,卖盘
461,14:01:39,3.53,--,400,141200,卖盘
462,14:01:35,3.53,--,123,43419,卖盘
463,14:01:24,3.53,--,114,40242,卖盘
464,14:01:18,3.53,--,12,4236,卖盘
465,14:01:13,3.53,--,109,38477,卖盘
466,14:01:09,3.53,--,200,70600,卖盘
467,14:01:03,3.53,-0.01,114,40242,卖盘
468,14:00:49,3.54,--,99,35046,买盘
469,14:00:39,3.54,0.01,1,354,买盘
470,14:00:24,3.53,--,2,706,卖盘
471,14:00:18,3.53,--,101,35653,卖盘
472,14:00:03,3.53,--,389,137317,卖盘
473,13:59:54,3.53,-0.01,423,149319,卖盘
474,13:59:42,3.54,--,183,64782,买盘
475,13:59:39,3.54,0.01,228,80712,买盘
476,13:59:33,3.53,--,5,1765,卖盘
477,13:59:29,3.53,--,4,1412,卖盘
478,13:59:18,3.53,--,63,22239,卖盘
479,13:59:14,3.53,--,125,44125,卖盘
480,13:59:09,3.53,--,182,64246,卖盘
481,13:59:03,3.53,--,50,17650,卖盘
482,13:58:59,3.53,--,2,706,卖盘
483,13:58:54,3.53,--,2248,793544,卖盘
484,13:58:48,3.53,-0.01,101,35653,卖盘
485,13:58:29,3.54,0.01,11,3894,买盘
486,13:58:24,3.53,--,70,24710,卖盘
487,13:58:18,3.53,--,109,38477,卖盘
488,13:58:09,3.53,-0.01,5,1765,卖盘
489,13:58:03,3.54,--,278,98412,买盘
490,13:57:58,3.54,0.01,46,16284,买盘
491,13:57:48,3.53,--,20,7060,卖盘
492,13:57:43,3.53,--,430,151790,卖盘
493,13:57:39,3.53,--,10,3530,卖盘
494,13:57:33,3.53,--,552,194856,卖盘
495,13:57:24,3.53,--,116,40948,卖盘
496,13:57:18,3.53,--,122,43066,卖盘
497,13:57:14,3.53,--,3,1059,卖盘
498,13:57:09,3.53,--,3,1059,卖盘
499,13:57:03,3.53,--,30,10590,卖盘
500,13:56:54,3.53,--,32,11296,卖盘
501,13:56:48,3.53,--,555,195915,卖盘
502,13:56:42,3.53,-0.01,100,35300,卖盘
503,13:56:39,3.54,0.01,1,354,买盘
504,13:56:33,3.53,-0.01,6,2118,卖盘
505,13:56:28,3.54,--,16,5664,买盘
506,13:56:24,3.54,--,1,354,买盘
507,13:56:18,3.54,--,19,6726,买盘
508,13:56:12,3.54,0.01,1,354,买盘
509,13:56:09,3.53,-0.01,1457,514321,卖盘
510,13:56:03,3.54,--,54,19116,买盘
511,13:55:58,3.54,--,391,138414,买盘
512,13:55:54,3.54,--,128,45312,买盘
513,13:55:48,3.54,0.01,1,354,买盘
514,13:55:44,3.53,-0.01,2,706,卖盘
515,13:55:39,3.54,0.01,2,708,买盘
516,13:55:29,3.53,-0.01,56,20075,卖盘
517,13:55:23,3.54,--,127,44958,买盘
518,13:55:18,3.54,--,1,354,买盘
519,13:55:09,3.54,--,104,36816,买盘
520,13:55:03,3.54,--,254,89916,买盘
521,13:54:54,3.54,--,1,354,买盘
522,13:54:42,3.54,--,27,9558,买盘
523,13:54:39,3.54,--,1,354,买盘
524,13:54:24,3.54,0.01,314,111156,买盘
525,13:54:17,3.53,-0.01,2,706,卖盘
526,13:54:03,3.54,--,13,4602,买盘
527,13:53:59,3.54,0.01,15,5310,买盘
528,13:53:48,3.53,--,100,35300,卖盘
529,13:53:33,3.53,--,300,105900,卖盘
530,13:53:28,3.53,--,1,353,卖盘
531,13:53:03,3.53,--,44,15532,卖盘
532,13:52:58,3.53,--,100,35300,卖盘
533,13:52:48,3.53,-0.01,110,38830,卖盘
534,13:52:43,3.54,--,9,3186,买盘
535,13:52:33,3.54,0.01,100,35400,买盘
536,13:52:18,3.53,-0.01,5,1765,卖盘
537,13:51:57,3.54,0.01,129,45666,买盘
538,13:51:48,3.53,-0.01,3,1059,卖盘
539,13:51:42,3.54,0.01,859,304086,买盘
540,13:51:38,3.53,-0.01,1129,398537,卖盘
541,13:51:33,3.54,0.01,101,35754,买盘
542,13:51:27,3.53,--,1000,353000,卖盘
543,13:51:11,3.53,-0.01,66,23298,卖盘
544,13:51:07,3.54,--,37,13098,买盘
545,13:51:03,3.54,0.01,100,35400,买盘
546,13:50:33,3.53,-0.01,3,1059,卖盘
547,13:50:27,3.54,0.01,102,36108,买盘
548,13:50:12,3.53,-0.01,30,10590,卖盘
549,13:50:08,3.54,--,12,4248,买盘
550,13:50:03,3.54,--,100,35400,买盘
551,13:49:57,3.54,0.01,271,95934,买盘
552,13:49:37,3.53,-0.01,20,7060,卖盘
553,13:49:33,3.54,0.01,100,35400,买盘
554,13:49:18,3.53,--,2,706,卖盘
555,13:49:11,3.53,-0.01,20,7060,卖盘
556,13:49:03,3.54,--,100,35400,买盘
557,13:48:33,3.54,0.01,114,40356,买盘
558,13:48:18,3.53,-0.01,20,7060,卖盘
559,13:48:03,3.54,--,52,18408,买盘
560,13:47:57,3.54,--,126,44604,买盘
561,13:47:52,3.54,--,15,5310,买盘
562,13:47:48,3.54,--,2,708,买盘
563,13:47:38,3.54,--,130,46020,买盘
564,13:47:33,3.54,0.01,414,146556,买盘
565,13:47:23,3.53,-0.01,50,17650,卖盘
566,13:46:57,3.54,0.01,100,35400,买盘
567,13:46:48,3.53,-0.01,8,2824,卖盘
568,13:46:33,3.54,0.01,448,158592,买盘
569,13:46:27,3.53,-0.01,80,28240,卖盘
570,13:46:12,3.54,--,79,27966,买盘
571,13:46:03,3.54,--,100,35400,买盘
572,13:45:57,3.54,--,13,4602,买盘
573,13:45:53,3.54,--,17,6018,买盘
574,13:45:47,3.54,0.01,35,12390,买盘
575,13:45:42,3.53,--,1,353,卖盘
576,13:45:37,3.53,-0.01,1,353,卖盘
577,13:45:32,3.54,0.01,114,40356,买盘
578,13:45:27,3.53,--,3,1059,卖盘
579,13:45:23,3.53,--,1,353,卖盘
580,13:45:12,3.53,--,1,353,卖盘
581,13:44:53,3.53,--,1,353,卖盘
582,13:44:47,3.53,--,1,353,卖盘
583,13:44:36,3.53,--,15,5295,卖盘
584,13:44:31,3.53,--,19,6707,卖盘
585,13:44:27,3.53,-0.01,544,192032,卖盘
586,13:44:23,3.54,0.01,13,4602,买盘
587,13:44:17,3.53,--,1,353,卖盘
588,13:44:12,3.53,--,18,6354,卖盘
589,13:44:07,3.53,--,1,353,卖盘
590,13:44:01,3.53,--,50,17650,卖盘
591,13:43:57,3.53,--,21,7413,卖盘
592,13:43:52,3.53,--,11,3883,卖盘
593,13:43:42,3.53,--,11,3883,卖盘
594,13:43:30,3.53,--,15,5295,卖盘
595,13:43:23,3.53,--,1,353,卖盘
596,13:43:17,3.53,-0.01,10,3530,卖盘
597,13:43:12,3.54,0.01,25,8850,买盘
598,13:43:06,3.53,--,1,353,卖盘
599,13:43:02,3.53,--,1,353,卖盘
600,13:42:57,3.53,--,2,706,卖盘
601,13:42:51,3.53,--,1,353,卖盘
602,13:42:47,3.53,--,51,18003,卖盘
603,13:42:36,3.53,-0.01,1,353,卖盘
604,13:42:27,3.54,0.01,15,5310,买盘
605,13:42:20,3.53,--,1,353,卖盘
606,13:42:16,3.53,--,62,21886,卖盘
607,13:42:11,3.53,--,1,353,卖盘
608,13:42:06,3.53,-0.01,1,353,卖盘
609,13:41:56,3.54,0.01,28,9912,买盘
610,13:41:51,3.53,--,91,32123,卖盘
611,13:41:46,3.53,-0.01,102,36006,卖盘
612,13:41:42,3.54,--,3,1062,买盘
613,13:41:36,3.54,0.01,3,1062,买盘
614,13:41:32,3.53,-0.01,61,21533,卖盘
615,13:41:27,3.54,0.01,16,5664,买盘
616,13:41:21,3.53,-0.01,11,3883,卖盘
617,13:41:12,3.54,--,1,354,买盘
618,13:41:00,3.54,--,1,354,买盘
619,13:40:57,3.54,--,16,5664,买盘
620,13:40:47,3.54,0.01,41,14514,买盘
621,13:40:42,3.53,--,152,53656,卖盘
622,13:40:36,3.53,--,22,7766,卖盘
623,13:40:27,3.53,--,17,6001,卖盘
624,13:40:21,3.53,-0.01,1,353,卖盘
625,13:40:17,3.54,0.01,65,23010,买盘
626,13:40:11,3.53,--,98,34594,卖盘
627,13:40:06,3.53,--,2,706,卖盘
628,13:39:57,3.53,-0.01,2,706,卖盘
629,13:39:51,3.54,--,16,5664,买盘
630,13:39:46,3.54,--,21,7434,买盘
631,13:39:42,3.54,--,86,30444,买盘
632,13:39:35,3.54,--,87,30798,买盘
633,13:39:27,3.54,--,1,354,买盘
634,13:39:17,3.54,0.01,20,7080,买盘
635,13:39:12,3.53,--,2,706,卖盘
636,13:39:06,3.53,-0.01,10,3530,卖盘
637,13:38:57,3.54,0.01,31,10974,买盘
638,13:38:45,3.53,-0.01,37,13061,卖盘
639,13:38:42,3.54,--,14,4956,买盘
640,13:38:15,3.54,0.01,20,7080,买盘
641,13:38:01,3.53,-0.01,2,706,卖盘
642,13:37:51,3.54,0.01,28,9912,买盘
643,13:37:36,3.53,--,2,706,卖盘
644,13:37:06,3.53,--,9,3177,卖盘
645,13:37:01,3.53,--,22,7766,卖盘
646,13:36:55,3.53,--,14,4942,卖盘
647,13:36:36,3.53,--,4,1412,卖盘
648,13:36:21,3.53,--,7,2471,卖盘
649,13:36:05,3.53,--,21,7413,卖盘
650,13:35:51,3.53,-0.01,110,38830,卖盘
651,13:35:45,3.54,0.01,17,6018,买盘
652,13:35:36,3.53,--,136,48008,卖盘
653,13:35:30,3.53,--,4,1412,卖盘
654,13:35:25,3.53,--,40,14120,卖盘
655,13:35:16,3.53,-0.01,13,4589,卖盘
656,13:35:05,3.54,0.01,34,12036,买盘
657,13:35:00,3.53,--,15,5295,卖盘
658,13:34:55,3.53,--,3,1059,卖盘
659,13:34:36,3.53,-0.01,2,706,卖盘
660,13:34:30,3.54,--,23,8142,买盘
661,13:34:14,3.54,0.01,20,7080,买盘
662,13:34:05,3.53,--,58,20474,卖盘
663,13:34:00,3.53,-0.01,14,4942,卖盘
664,13:33:45,3.54,--,16,5664,买盘
665,13:33:30,3.54,0.01,52,18408,买盘
666,13:33:20,3.53,-0.01,173,61069,卖盘
667,13:33:05,3.54,0.01,69,24426,买盘
668,13:32:50,3.53,--,202,71306,卖盘
669,13:32:45,3.53,-0.01,13,4589,卖盘
670,13:32:40,3.54,0.01,1,354,买盘
671,13:32:36,3.53,-0.01,1,353,卖盘
672,13:32:30,3.54,--,93,32922,买盘
673,13:32:21,3.54,--,12,4248,买盘
674,13:32:15,3.54,--,17,6018,买盘
675,13:32:06,3.54,--,68,24072,买盘
676,13:31:51,3.54,--,156,55224,买盘
677,13:31:45,3.54,--,10,3540,买盘
678,13:31:36,3.54,--,5,1770,买盘
679,13:31:25,3.54,--,1,354,买盘
680,13:31:14,3.54,--,20,7080,买盘
681,13:31:04,3.54,0.01,1368,484272,买盘
682,13:30:30,3.53,--,1,353,卖盘
683,13:30:19,3.53,--,2,706,卖盘
684,13:30:11,3.53,-0.01,39,13767,卖盘
685,13:30:05,3.54,0.01,69,24426,买盘
686,13:29:55,3.53,--,3,1059,卖盘
687,13:29:50,3.53,-0.01,10,3530,卖盘
688,13:29:45,3.54,0.01,36,12744,买盘
689,13:29:34,3.53,--,1,353,卖盘
690,13:29:25,3.53,--,2,706,卖盘
691,13:29:19,3.53,--,1,353,卖盘
692,13:29:15,3.53,--,190,67070,卖盘
693,13:29:04,3.53,--,70,24710,卖盘
694,13:28:55,3.53,--,50,17650,卖盘
695,13:28:39,3.53,--,276,97428,卖盘
696,13:28:25,3.53,-0.01,150,52950,卖盘
697,13:28:04,3.54,0.01,68,24072,买盘
698,13:27:50,3.53,-0.01,57,20121,卖盘
699,13:27:45,3.54,--,12,4248,买盘
700,13:27:41,3.54,0.01,16,5664,买盘
701,13:27:15,3.53,-0.01,276,97428,卖盘
702,13:27:04,3.54,--,68,24072,买盘
703,13:27:00,3.54,--,20,7080,买盘
704,13:26:45,3.54,0.01,208,73632,买盘
705,13:26:34,3.53,-0.01,61,21533,卖盘
706,13:26:30,3.54,0.01,100,35400,买盘
707,13:26:24,3.53,-0.01,53,18709,卖盘
708,13:26:19,3.54,--,91,32214,买盘
709,13:26:15,3.54,--,660,233640,买盘
710,13:26:04,3.54,--,68,24072,买盘
711,13:25:45,3.54,--,14,4956,买盘
712,13:25:39,3.54,0.01,14,4956,买盘
713,13:25:19,3.53,--,30,10590,卖盘
714,13:25:15,3.53,-0.01,34,12002,卖盘
715,13:25:04,3.54,0.01,68,24072,买盘
716,13:25:00,3.53,--,663,234039,买盘
717,13:24:30,3.53,0.01,41,14473,买盘
718,13:24:24,3.52,--,287,101024,卖盘
719,13:24:19,3.52,-0.01,129,45408,卖盘
720,13:24:08,3.53,0.01,86,30358,买盘
721,13:24:04,3.52,-0.01,130,45760,卖盘
722,13:23:49,3.53,--,16,5648,买盘
723,13:23:38,3.53,--,17,6001,买盘
724,13:23:28,3.53,--,86,30358,买盘
725,13:23:24,3.53,--,86,30358,买盘
726,13:23:04,3.53,--,68,24004,买盘
727,13:22:59,3.53,--,47,16591,买盘
728,13:22:49,3.53,--,16,5648,买盘
729,13:22:28,3.53,--,28,9884,买盘
730,13:22:04,3.53,--,68,24004,买盘
731,13:21:53,3.53,--,5,1765,买盘
732,13:21:49,3.53,--,10,3530,买盘
733,13:21:39,3.53,--,11,3883,买盘
734,13:21:33,3.53,--,19,6707,买盘
735,13:21:24,3.53,--,100,35300,买盘
736,13:21:09,3.53,--,523,184619,买盘
737,13:21:04,3.53,0.01,68,24004,买盘
738,13:20:54,3.52,-0.01,162,57024,卖盘
739,13:20:43,3.53,0.01,110,38830,买盘
740,13:20:39,3.52,--,12,4224,卖盘
741,13:20:34,3.52,-0.01,83,29216,卖盘
742,13:20:19,3.53,0.01,6,2118,买盘
743,13:20:09,3.52,-0.01,3,1056,卖盘
744,13:20:04,3.53,--,71,25063,买盘
745,13:19:54,3.53,--,35,12355,买盘
746,13:19:49,3.53,--,184,64952,买盘
747,13:19:44,3.53,0.01,16,5648,买盘
748,13:19:08,3.52,-0.01,1,352,卖盘
749,13:19:03,3.53,0.01,122,43066,卖盘
750,13:18:54,3.52,--,0,0,卖盘
751,13:18:48,3.52,-0.01,659,232196,卖盘
752,13:18:39,3.53,--,86,30358,买盘
753,13:18:28,3.53,--,18,6354,买盘
754,13:18:18,3.53,-0.01,871,307586,卖盘
755,13:18:13,3.54,0.01,86,30444,买盘
756,13:18:08,3.53,-0.01,274,96722,卖盘
757,13:18:03,3.54,0.01,444,157176,买盘
758,13:17:58,3.53,--,45,15885,卖盘
759,13:17:48,3.53,--,5,1765,卖盘
760,13:17:43,3.53,--,1083,382299,卖盘
761,13:17:39,3.53,--,98,34594,卖盘
762,13:17:33,3.53,--,71,25063,卖盘
763,13:17:27,3.53,--,200,70600,卖盘
764,13:17:23,3.53,--,62,21886,卖盘
765,13:17:18,3.53,--,150,52950,卖盘
766,13:17:12,3.53,-0.01,10,3530,卖盘
767,13:17:03,3.54,0.01,68,24072,买盘
768,13:16:57,3.53,-0.01,1100,388300,卖盘
769,13:16:52,3.54,0.01,218,77172,买盘
770,13:16:48,3.53,--,100,35300,卖盘
771,13:16:36,3.53,--,2,706,卖盘
772,13:16:32,3.53,--,73,25769,卖盘
773,13:16:28,3.53,-0.01,300,105900,卖盘
774,13:16:03,3.54,0.01,68,24072,买盘
775,13:15:57,3.53,--,110,38830,卖盘
776,13:15:52,3.53,--,160,56480,卖盘
777,13:15:47,3.53,--,2,706,卖盘
778,13:15:38,3.53,--,50,17650,卖盘
779,13:15:33,3.53,-0.01,63,22239,卖盘
780,13:15:28,3.54,--,14,4956,买盘
781,13:15:13,3.54,0.01,33,11682,买盘
782,13:15:07,3.53,-0.01,61,21533,卖盘
783,13:15:03,3.54,0.01,68,24072,买盘
784,13:14:33,3.53,-0.01,2,706,卖盘
785,13:14:27,3.54,0.01,86,30444,买盘
786,13:14:13,3.53,--,115,40595,卖盘
787,13:14:06,3.53,-0.01,3,1059,卖盘
788,13:14:02,3.54,--,528,186912,买盘
789,13:13:48,3.54,0.01,14,4956,买盘
790,13:13:37,3.53,-0.01,10,3530,卖盘
791,13:13:33,3.54,0.01,14,4956,买盘
792,13:13:28,3.53,--,247,87191,卖盘
793,13:13:18,3.53,-0.01,2,706,卖盘
794,13:13:03,3.54,0.01,68,24072,买盘
795,13:12:53,3.53,--,30,10590,卖盘
796,13:12:03,3.53,-0.01,170,60010,卖盘
797,13:11:48,3.54,--,1,354,买盘
798,13:11:43,3.54,0.01,28,9912,买盘
799,13:11:33,3.53,-0.01,242,85426,卖盘
800,13:11:27,3.54,0.01,3,1062,买盘
801,13:11:18,3.53,-0.01,401,141553,卖盘
802,13:11:07,3.54,--,68,24072,买盘
803,13:11:03,3.54,0.01,87,30798,买盘
804,13:10:51,3.53,--,2,706,卖盘
805,13:10:48,3.53,--,70,24710,卖盘
806,13:10:21,3.53,-0.01,315,111195,卖盘
807,13:10:06,3.54,0.01,68,24072,买盘
808,13:10:01,3.53,--,800,282400,卖盘
809,13:09:46,3.53,--,50,17650,卖盘
810,13:09:37,3.53,-0.01,1,353,卖盘
811,13:09:27,3.54,0.01,37,13098,买盘
812,13:09:21,3.53,--,4,1412,卖盘
813,13:09:12,3.53,-0.01,1200,423600,卖盘
814,13:09:06,3.54,0.01,101,35754,买盘
815,13:09:00,3.53,--,284,100252,卖盘
816,13:08:52,3.53,-0.01,1110,391830,卖盘
817,13:08:46,3.54,0.01,100,35400,买盘
818,13:08:42,3.53,--,3,1059,卖盘
819,13:08:21,3.53,--,1,353,卖盘
820,13:08:12,3.53,-0.01,107,38099,卖盘
821,13:08:06,3.54,--,68,24072,买盘
822,13:07:57,3.54,--,2,708,买盘
823,13:07:51,3.54,0.01,46,16284,买盘
824,13:07:45,3.53,-0.01,2,706,卖盘
825,13:07:42,3.54,0.01,59,20886,买盘
826,13:07:37,3.53,--,517,182501,卖盘
827,13:07:27,3.53,--,182,64246,卖盘
828,13:07:17,3.53,--,9,3177,卖盘
829,13:07:12,3.53,-0.01,11,3883,卖盘
830,13:07:07,3.54,0.01,101,35754,买盘
831,13:06:46,3.53,-0.01,2,706,卖盘
832,13:06:41,3.54,0.01,5,1770,买盘
833,13:06:21,3.53,-0.01,717,253341,卖盘
834,13:06:06,3.54,0.01,68,24072,买盘
835,13:05:52,3.53,-0.01,1,353,卖盘
836,13:05:37,3.54,--,28,9912,买盘
837,13:05:27,3.54,0.01,10,3540,买盘
838,13:05:22,3.53,-0.01,125,44125,卖盘
839,13:05:06,3.54,0.01,68,24072,买盘
840,13:04:51,3.53,--,500,176500,卖盘
841,13:04:42,3.53,--,2,706,卖盘
842,13:04:36,3.53,--,128,45184,卖盘
843,13:04:27,3.53,--,58,20474,卖盘
844,13:04:16,3.53,--,20,7060,卖盘
845,13:04:11,3.53,--,26,9178,卖盘
846,13:04:06,3.53,--,73,25769,卖盘
847,13:03:57,3.53,-0.01,15,5295,卖盘
848,13:03:51,3.54,0.01,8,2832,买盘
849,13:03:36,3.53,-0.01,114,40242,卖盘
850,13:03:21,3.54,--,57,20178,买盘
851,13:03:06,3.54,0.01,68,24072,买盘
852,13:03:01,3.53,--,3,1059,卖盘
853,13:02:40,3.53,-0.01,13,4589,卖盘
854,13:02:31,3.54,0.01,4,1416,买盘
855,13:02:09,3.53,-0.01,2,706,卖盘
856,13:02:06,3.54,0.01,119,42126,买盘
857,13:01:45,3.53,--,44,15532,卖盘
858,13:01:30,3.53,--,181,63893,卖盘
859,13:01:21,3.53,--,7,2471,卖盘
860,13:01:15,3.53,-0.01,200,70600,卖盘
861,13:01:05,3.54,0.01,120,42480,买盘
862,13:01:00,3.53,--,30,10590,卖盘
863,13:00:54,3.53,--,15,5295,卖盘
864,13:00:36,3.53,--,2,706,卖盘
865,13:00:15,3.53,--,457,161335,卖盘
866,13:00:09,3.53,-0.01,67,23651,卖盘
867,13:00:05,3.54,0.01,890,315060,买盘
868,11:30:00,3.53,--,0,0,卖盘
869,11:29:59,3.53,--,0,0,卖盘
870,11:29:46,3.53,-0.01,68,24004,卖盘
871,11:29:35,3.54,--,32,11328,买盘
872,11:29:17,3.54,--,86,30444,买盘
873,11:29:11,3.54,0.01,68,24072,买盘
874,11:29:06,3.53,-0.01,80,28240,卖盘
875,11:29:02,3.54,0.01,35,12390,买盘
876,11:28:14,3.53,-0.01,53,18709,卖盘
877,11:28:11,3.54,0.01,68,24072,买盘
878,11:28:05,3.53,-0.01,15,5295,卖盘
879,11:27:50,3.54,--,886,313644,买盘
880,11:27:41,3.54,0.02,500,177000,买盘
881,11:27:35,3.52,--,1256,442351,卖盘
882,11:27:30,3.52,-0.02,825,290400,卖盘
883,11:27:27,3.54,0.01,525,185850,买盘
884,11:27:20,3.53,-0.01,1429,504677,卖盘
885,11:27:11,3.54,0.01,68,24072,买盘
886,11:27:05,3.53,-0.01,98,34594,卖盘
887,11:26:56,3.54,0.01,50,17700,买盘
888,11:26:51,3.53,--,382,134846,卖盘
889,11:26:35,3.53,-0.01,10,3530,卖盘
890,11:26:26,3.54,0.01,100,35400,买盘
891,11:26:11,3.53,--,368,129904,卖盘
892,11:26:05,3.53,--,3,1059,卖盘
893,11:25:51,3.53,--,52,18356,卖盘
894,11:25:26,3.53,--,30,10590,卖盘
895,11:25:20,3.53,-0.01,20,7060,卖盘
896,11:25:11,3.54,--,68,24072,买盘
897,11:25:05,3.54,0.01,1,354,买盘
898,11:24:59,3.53,--,100,35300,卖盘
899,11:24:57,3.53,-0.01,105,37065,卖盘
900,11:24:50,3.54,0.01,33,11682,买盘
901,11:24:44,3.53,-0.01,55,19415,卖盘
902,11:24:35,3.54,0.01,1,354,买盘
903,11:24:29,3.53,-0.01,38,13414,卖盘
904,11:24:11,3.54,0.01,73,25842,买盘
905,11:24:01,3.53,--,202,71306,卖盘
906,11:23:50,3.53,0.01,1788,631164,买盘
907,11:23:41,3.52,-0.01,53,18656,卖盘
908,11:23:35,3.53,0.01,19,6707,买盘
909,11:23:30,3.52,-0.01,563,198176,卖盘
910,11:23:20,3.53,--,26,9178,买盘
911,11:23:11,3.53,--,159,56127,买盘
912,11:23:06,3.53,--,86,30358,买盘
913,11:22:58,3.53,--,172,60716,买盘
914,11:22:39,3.53,--,86,30358,买盘
915,11:22:35,3.53,--,279,98487,买盘
916,11:22:24,3.53,--,33,11649,买盘
917,11:22:14,3.53,--,69,24357,买盘
918,11:22:05,3.53,--,84,29652,买盘
919,11:22:00,3.53,--,396,139788,买盘
920,11:21:50,3.53,0.01,194,68482,买盘
921,11:21:41,3.52,-0.01,48,16896,卖盘
922,11:21:30,3.53,0.01,38,13414,买盘
923,11:21:24,3.52,-0.01,55,19360,卖盘
924,11:21:20,3.53,--,1,353,买盘
925,11:21:15,3.53,0.01,68,24004,买盘
926,11:21:10,3.52,--,60,21120,卖盘
927,11:21:05,3.52,--,1,693,卖盘
928,11:20:35,3.52,-0.01,25,8888,卖盘
929,11:20:20,3.53,0.01,33,11649,买盘
930,11:20:14,3.52,-0.01,354,124608,卖盘
931,11:19:45,3.53,--,10,3530,买盘
932,11:19:36,3.53,0.01,764,269932,买盘
933,11:19:29,3.52,-0.01,61,21472,卖盘
934,11:19:20,3.53,--,10,3530,买盘
935,11:19:14,3.53,--,129,45537,买盘
936,11:19:05,3.53,0.01,6,2118,买盘
937,11:18:59,3.52,--,15,5280,卖盘
938,11:18:50,3.52,--,294,103488,卖盘
939,11:18:44,3.52,-0.01,62,21824,卖盘
940,11:18:20,3.53,--,58,20474,买盘
941,11:18:14,3.53,0.01,78,27534,买盘
942,11:18:08,3.52,-0.01,44,15488,卖盘
943,11:18:05,3.53,0.01,9,3177,买盘
944,11:18:00,3.52,--,100,35200,卖盘
945,11:17:53,3.52,-0.01,45,15840,卖盘
946,11:17:50,3.53,--,10,3530,买盘
947,11:17:44,3.53,--,15,5295,买盘
948,11:17:29,3.53,0.01,2170,766010,买盘
949,11:17:20,3.52,--,108,38016,卖盘
950,11:17:15,3.52,-0.01,361,127072,卖盘
951,11:17:05,3.53,0.01,4,1412,买盘
952,11:16:59,3.52,--,100,35200,卖盘
953,11:16:35,3.52,--,51,17952,卖盘
954,11:16:20,3.52,-0.01,51,17952,卖盘
955,11:16:14,3.53,0.01,118,41654,买盘
956,11:16:05,3.52,-0.01,205,72328,卖盘
957,11:15:59,3.53,0.01,145,51185,买盘
958,11:15:50,3.52,--,20,7223,卖盘
959,11:15:43,3.52,-0.01,51,17952,卖盘
960,11:15:23,3.53,0.01,20,7060,买盘
961,11:15:14,3.52,--,94,33401,卖盘
962,11:14:59,3.52,--,389,136928,卖盘
963,11:14:54,3.52,--,696,245231,卖盘
964,11:14:44,3.52,--,150,52800,卖盘
965,11:14:34,3.52,--,15,5280,卖盘
966,11:14:29,3.52,-0.01,144,50688,卖盘
967,11:14:19,3.53,--,2,706,买盘
968,11:14:14,3.53,--,71,25063,买盘
969,11:13:53,3.53,0.01,76,26828,买盘
970,11:13:23,3.52,-0.01,10,3520,卖盘
971,11:13:14,3.53,0.01,68,24004,买盘
972,11:13:05,3.52,-0.01,44,15488,卖盘
973,11:12:49,3.53,--,2,706,买盘
974,11:12:44,3.53,--,1,353,买盘
975,11:12:14,3.53,--,68,24004,买盘
976,11:11:59,3.53,--,419,147907,买盘
977,11:11:44,3.53,--,2,706,买盘
978,11:11:14,3.53,0.01,68,24004,买盘
979,11:11:08,3.52,--,51,17952,卖盘
980,11:10:53,3.52,-0.01,1,352,卖盘
981,11:10:44,3.53,--,52,18356,买盘
982,11:10:32,3.53,0.01,10,3530,买盘
983,11:10:17,3.52,-0.01,5,1760,卖盘
984,11:10:14,3.53,--,68,24004,买盘
985,11:10:09,3.53,--,1,353,买盘
986,11:10:04,3.53,--,5,1765,买盘
987,11:09:59,3.53,0.01,33,11649,买盘
988,11:09:54,3.52,--,696,245231,卖盘
989,11:09:45,3.52,-0.01,46,16192,卖盘
990,11:09:32,3.53,0.01,98,34594,买盘
991,11:09:14,3.52,-0.01,113,39776,卖盘
992,11:08:44,3.53,0.01,468,165204,买盘
993,11:08:38,3.52,-0.01,741,261071,卖盘
994,11:08:17,3.53,--,1,353,买盘
995,11:08:12,3.53,--,68,24004,买盘
996,11:08:08,3.53,0.01,502,177206,买盘
997,11:07:59,3.52,-0.01,6,2112,卖盘
998,11:07:48,3.53,0.01,100,35300,买盘
999,11:07:38,3.52,--,40,14080,卖盘
1000,11:07:17,3.52,-0.01,150,52800,卖盘
1001,11:07:13,3.53,--,68,24004,买盘
1002,11:06:53,3.53,0.01,8,2824,买盘
1003,11:06:47,3.52,-0.01,45,15840,卖盘
1004,11:06:32,3.53,--,3,1059,买盘
1005,11:06:28,3.53,-0.01,71,25063,卖盘
1006,11:06:13,3.54,0.01,123,43542,买盘
1007,11:05:53,3.53,--,15,5295,卖盘
1008,11:05:42,3.53,--,35,12471,买盘
1009,11:05:37,3.53,--,5,2001,卖盘
1010,11:05:32,3.53,--,545,192385,卖盘
1011,11:05:17,3.53,--,46,16238,卖盘
1012,11:05:13,3.53,--,83,29299,卖盘
1013,11:04:47,3.53,--,346,122254,卖盘
1014,11:04:32,3.53,--,30,10590,卖盘
1015,11:04:29,3.53,--,10,3530,卖盘
1016,11:04:17,3.53,-0.01,28,9884,卖盘
1017,11:04:14,3.54,0.01,81,28674,买盘
1018,11:04:02,3.53,--,1032,364296,卖盘
1019,11:03:56,3.53,--,48,16944,卖盘
1020,11:03:53,3.53,--,1405,495965,买盘
1021,11:03:27,3.53,--,147,51891,买盘
1022,11:03:14,3.53,0.01,68,24004,买盘
1023,11:03:08,3.52,--,3,1056,卖盘
1024,11:03:02,3.52,-0.01,5,1760,卖盘
1025,11:02:53,3.53,--,86,30358,买盘
1026,11:02:47,3.53,--,400,141200,买盘
1027,11:02:41,3.53,0.01,37,13061,买盘
1028,11:02:38,3.52,-0.01,20,7040,卖盘
1029,11:02:12,3.53,0.01,154,54362,买盘
1030,11:02:08,3.52,-0.01,2936,1033472,卖盘
1031,11:01:56,3.53,--,86,30358,买盘
1032,11:01:53,3.53,--,300,105900,买盘
1033,11:01:41,3.53,0.01,69,24357,买盘
1034,11:01:16,3.52,-0.01,1,352,卖盘
1035,11:01:11,3.53,0.01,68,24004,买盘
1036,11:01:02,3.52,-0.01,15,5280,卖盘
1037,11:00:56,3.53,0.01,33,11649,买盘
1038,11:00:53,3.52,--,696,245231,卖盘
1039,11:00:38,3.52,-0.01,140,49280,卖盘
1040,11:00:26,3.53,0.01,10,3530,买盘
1041,11:00:17,3.52,--,696,245231,卖盘
1042,11:00:11,3.52,--,191,67232,卖盘
1043,11:00:08,3.52,--,579,203808,卖盘
1044,11:00:02,3.52,--,701,246991,卖盘
1045,10:59:56,3.52,--,60,21120,卖盘
1046,10:59:32,3.52,-0.01,696,245231,卖盘
1047,10:59:26,3.53,0.01,71,25063,买盘
1048,10:59:22,3.52,-0.01,160,56320,卖盘
1049,10:59:11,3.53,0.01,68,24004,买盘
1050,10:58:56,3.52,-0.01,334,117568,卖盘
1051,10:58:47,3.53,0.01,100,35300,买盘
1052,10:58:41,3.52,-0.01,80,28160,卖盘
1053,10:58:38,3.53,0.01,91,32123,买盘
1054,10:58:32,3.52,--,18,6336,卖盘
1055,10:58:26,3.52,-0.01,80,28160,卖盘
1056,10:58:17,3.53,--,20,7060,买盘
1057,10:58:11,3.53,--,98,34594,买盘
1058,10:58:07,3.53,--,170,60010,买盘
1059,10:57:56,3.53,--,35,12355,买盘
1060,10:57:52,3.53,--,10,3530,买盘
1061,10:57:47,3.53,--,21,7413,买盘
1062,10:57:41,3.53,--,32,11398,买盘
1063,10:57:32,3.53,0.01,10,3530,买盘
1064,10:57:26,3.52,-0.01,338,118976,卖盘
1065,10:57:11,3.53,0.01,88,31064,买盘
1066,10:57:08,3.52,-0.01,100,35200,卖盘
1067,10:56:56,3.53,--,2361,833433,买盘
1068,10:56:36,3.53,--,57,20121,买盘
1069,10:56:32,3.53,--,122,43066,买盘
1070,10:56:26,3.53,--,1000,353000,买盘
1071,10:56:23,3.53,--,205,72365,买盘
1072,10:56:17,3.53,--,72,25416,买盘
1073,10:56:11,3.53,--,68,24004,买盘
1074,10:55:56,3.53,0.01,730,257690,买盘
1075,10:55:52,3.52,-0.01,70,24640,卖盘
1076,10:55:47,3.53,--,47,16591,买盘
1077,10:55:35,3.53,--,81,28593,买盘
1078,10:55:32,3.53,0.01,282,99546,买盘
1079,10:55:21,3.52,-0.01,328,115456,卖盘
1080,10:55:11,3.53,0.01,68,24004,买盘
1081,10:55:08,3.52,--,15,5280,卖盘
1082,10:55:02,3.52,-0.01,79,27808,卖盘
1083,10:54:55,3.53,--,300,105900,买盘
1084,10:54:52,3.53,--,157,55421,买盘
1085,10:54:41,3.53,0.01,86,30358,买盘
1086,10:54:32,3.52,-0.01,118,41536,卖盘
1087,10:54:17,3.53,--,10,3530,买盘
1088,10:54:11,3.53,0.01,215,75895,买盘
1089,10:54:02,3.52,-0.01,15,5280,卖盘
1090,10:53:56,3.53,--,86,30358,买盘
1091,10:53:47,3.53,--,86,30358,买盘
1092,10:53:41,3.53,--,101,35653,买盘
1093,10:53:32,3.53,0.01,200,70600,买盘
1094,10:53:26,3.52,-0.01,1,352,卖盘
1095,10:53:22,3.53,--,50,17650,买盘
1096,10:53:17,3.53,--,50,17650,买盘
1097,10:53:11,3.53,--,69,24357,买盘
1098,10:52:56,3.53,0.01,31,10943,买盘
1099,10:52:47,3.52,-0.01,1,352,卖盘
1100,10:52:41,3.53,0.01,4,1412,买盘
1101,10:52:35,3.52,-0.01,1,352,卖盘
1102,10:52:32,3.53,0.01,13,4589,买盘
1103,10:52:20,3.52,--,2,704,卖盘
1104,10:52:11,3.52,-0.01,351,123552,卖盘
1105,10:52:05,3.53,0.01,5108,1803124,买盘
1106,10:51:50,3.52,--,20,7040,卖盘
1107,10:51:46,3.52,--,101,35552,卖盘
1108,10:51:41,3.52,--,55,19360,卖盘
1109,10:51:26,3.52,-0.01,40,14080,卖盘
1110,10:51:11,3.53,0.01,68,24004,买盘
1111,10:50:46,3.52,-0.01,22,7744,卖盘
1112,10:50:41,3.53,--,12,4236,买盘
1113,10:50:35,3.53,0.01,16,5648,买盘
1114,10:50:26,3.52,--,300,105600,卖盘
1115,10:50:20,3.52,-0.01,2,704,卖盘
1116,10:50:16,3.53,--,30,10590,买盘
1117,10:50:11,3.53,0.01,68,24004,买盘
1118,10:49:56,3.52,--,3,1056,卖盘
1119,10:49:50,3.52,-0.01,50,17600,卖盘
1120,10:49:41,3.53,--,50,17650,买盘
1121,10:49:35,3.53,--,86,30358,买盘
1122,10:49:31,3.53,--,29,10237,买盘
1123,10:49:20,3.53,--,86,30358,买盘
1124,10:49:11,3.53,--,68,24004,买盘
1125,10:49:05,3.53,--,70,24710,买盘
1126,10:49:01,3.53,--,2,706,买盘
1127,10:48:56,3.53,--,10,3530,买盘
1128,10:48:46,3.53,--,81,28593,买盘
1129,10:48:35,3.53,--,189,66717,买盘
1130,10:48:26,3.53,--,86,30358,买盘
1131,10:48:11,3.53,0.01,88,31064,买盘
1132,10:48:05,3.52,--,60,21120,卖盘
1133,10:48:01,3.52,--,54,19008,卖盘
1134,10:47:46,3.52,-0.01,222,78144,卖盘
1135,10:47:35,3.53,0.01,99,34947,买盘
1136,10:47:16,3.52,-0.01,290,102080,卖盘
1137,10:47:11,3.53,0.01,1778,627634,买盘
1138,10:47:05,3.52,-0.01,158,55616,卖盘
1139,10:47:01,3.53,0.01,441,155673,买盘
1140,10:46:56,3.52,--,616,216832,卖盘
1141,10:46:50,3.52,--,1159,407968,卖盘
1142,10:46:46,3.52,--,39,13728,卖盘
1143,10:46:41,3.52,-0.01,36,12672,卖盘
1144,10:46:30,3.53,0.01,16,5648,买盘
1145,10:46:20,3.52,-0.01,69,24288,卖盘
1146,10:46:11,3.53,--,268,94604,买盘
1147,10:46:05,3.53,--,2,706,买盘
1148,10:45:50,3.53,--,3,1059,买盘
1149,10:45:41,3.53,0.01,14,4942,买盘
1150,10:45:26,3.52,-0.01,104,36608,卖盘
1151,10:45:20,3.53,--,161,56833,买盘
1152,10:45:11,3.53,--,98,34594,卖盘
1153,10:45:05,3.53,--,126,44478,买盘
1154,10:44:59,3.53,-0.01,186,65658,买盘
1155,10:44:40,3.54,--,0,0,买盘
1156,10:44:35,3.54,--,13,4602,买盘
1157,10:44:25,3.54,--,0,0,买盘
1158,10:44:20,3.54,0.01,187,66198,买盘
1159,10:44:14,3.53,--,68,24004,买盘
1160,10:44:10,3.53,--,86,30358,买盘
1161,10:44:05,3.53,--,48,16944,买盘
1162,10:43:59,3.53,--,40,14120,买盘
1163,10:43:44,3.53,--,1691,596923,买盘
1164,10:43:14,3.53,0.01,154,54362,买盘
1165,10:43:10,3.52,--,78,27456,卖盘
1166,10:43:05,3.52,--,54,19103,卖盘
1167,10:42:59,3.52,--,18,6336,卖盘
1168,10:42:50,3.52,--,12,4227,卖盘
1169,10:42:44,3.52,-0.01,108,38016,卖盘
1170,10:42:35,3.53,0.01,14,4942,买盘
1171,10:42:29,3.52,-0.01,36,12672,卖盘
1172,10:42:25,3.53,--,50,17650,买盘
1173,10:42:20,3.53,0.01,80,28240,买盘
1174,10:42:14,3.52,--,122,42944,卖盘
1175,10:41:59,3.52,--,21,7392,卖盘
1176,10:41:55,3.52,--,36,12672,卖盘
1177,10:41:50,3.52,--,20,7040,卖盘
1178,10:41:35,3.52,--,31,10912,卖盘
1179,10:41:29,3.52,-0.01,177,62304,卖盘
1180,10:41:25,3.53,--,10,3530,买盘
1181,10:41:14,3.53,--,68,24004,买盘
1182,10:41:05,3.53,0.01,50,17650,买盘
1183,10:40:59,3.52,-0.01,6,2112,卖盘
1184,10:40:44,3.53,--,101,35653,买盘
1185,10:40:20,3.53,0.01,14,4942,买盘
1186,10:40:14,3.52,--,73,25696,卖盘
1187,10:40:10,3.52,-0.01,449,158048,卖盘
1188,10:39:59,3.53,0.01,119,42007,买盘
1189,10:39:50,3.52,-0.01,18,6336,卖盘
1190,10:39:44,3.53,0.01,100,35300,买盘
1191,10:39:29,3.52,-0.01,114,40128,卖盘
1192,10:39:20,3.53,--,200,70600,买盘
1193,10:39:14,3.53,0.01,165,58245,买盘
1194,10:38:59,3.52,-0.01,96,33792,卖盘
1195,10:38:54,3.53,0.01,1141,402773,买盘
1196,10:38:50,3.52,--,82,28864,卖盘
1197,10:38:44,3.52,--,10,3520,卖盘
1198,10:38:40,3.52,-0.01,18,6336,卖盘
1199,10:38:35,3.53,0.01,301,106253,买盘
1200,10:38:29,3.52,-0.01,60,21120,卖盘
1201,10:38:20,3.53,--,11,3883,买盘
1202,10:38:14,3.53,--,85,30005,买盘
1203,10:38:09,3.53,--,1000,353000,买盘
1204,10:37:59,3.53,--,18,6354,买盘
1205,10:37:52,3.53,--,7,2471,买盘
1206,10:37:50,3.53,--,130,45890,卖盘
1207,10:37:44,3.53,--,0,0,中性盘
1208,10:37:29,3.53,--,186,65658,卖盘
1209,10:37:23,3.53,--,584,206152,卖盘
1210,10:37:14,3.53,--,78,27534,中性盘
1211,10:37:04,3.53,0.01,10,3530,买盘
1212,10:36:59,3.52,-0.01,1103,388361,卖盘
1213,10:36:53,3.53,--,290,102370,买盘
1214,10:36:49,3.53,--,2773,979038,卖盘
1215,10:36:44,3.53,-0.01,896,316288,卖盘
1216,10:36:34,3.54,--,17,6018,买盘
1217,10:36:14,3.54,--,68,24072,买盘
1218,10:36:08,3.54,--,86,30444,买盘
1219,10:35:58,3.54,0.02,649,229930,买盘
1220,10:35:49,3.52,-0.01,1,352,卖盘
1221,10:35:44,3.53,--,150,52950,买盘
1222,10:35:38,3.53,--,346,122307,卖盘
1223,10:35:34,3.53,--,24,8472,卖盘
1224,10:35:29,3.53,-0.01,50,17650,卖盘
1225,10:35:23,3.54,--,86,30444,买盘
1226,10:35:14,3.54,0.01,310,109924,买盘
1227,10:35:08,3.53,0.01,344,121432,买盘
1228,10:35:04,3.52,-0.01,25,8800,卖盘
1229,10:34:59,3.53,0.01,178,62834,买盘
1230,10:34:52,3.52,-0.01,25,8800,卖盘
1231,10:34:49,3.53,--,13,4589,买盘
1232,10:34:38,3.53,--,230,81190,买盘
1233,10:34:34,3.53,--,209,73777,买盘
1234,10:34:29,3.53,0.01,217,76601,买盘
1235,10:34:23,3.52,-0.01,100,35200,卖盘
1236,10:34:14,3.53,--,1439,507967,买盘
1237,10:33:59,3.53,--,5,1765,买盘
1238,10:33:53,3.53,--,77,27181,买盘
1239,10:33:44,3.53,--,50,17650,买盘
1240,10:33:38,3.53,0.01,10,3530,买盘
1241,10:33:33,3.52,-0.01,438,154176,卖盘
1242,10:33:23,3.53,--,157,55421,买盘
1243,10:33:19,3.53,--,86,30358,买盘
1244,10:33:14,3.53,--,1486,524558,买盘
1245,10:32:59,3.53,--,86,30358,买盘
1246,10:32:53,3.53,--,2,706,买盘
1247,10:32:44,3.53,--,218,76954,买盘
1248,10:32:33,3.53,--,50,17650,买盘
1249,10:32:28,3.53,--,285,100605,买盘
1250,10:32:23,3.53,0.01,86,30358,买盘
1251,10:32:18,3.52,--,14,4928,卖盘
1252,10:32:14,3.52,--,1818,639936,卖盘
1253,10:31:44,3.52,-0.01,50,17600,卖盘
1254,10:31:14,3.53,--,128,45184,买盘
1255,10:30:59,3.53,--,50,17650,买盘
1256,10:30:53,3.53,--,1239,437367,买盘
1257,10:30:44,3.53,--,8,2824,买盘
1258,10:30:38,3.53,0.01,181,63893,买盘
1259,10:30:29,3.52,--,54,19008,卖盘
1260,10:30:23,3.52,--,10,3520,卖盘
1261,10:30:18,3.52,-0.01,116,40832,卖盘
1262,10:30:14,3.53,--,68,24004,买盘
1263,10:30:08,3.53,--,328,115784,买盘
1264,10:30:04,3.53,--,1,353,买盘
1265,10:29:53,3.53,0.01,35,12355,买盘
1266,10:29:33,3.52,-0.01,70,24640,卖盘
1267,10:29:28,3.53,--,1042,367826,买盘
1268,10:29:19,3.53,--,654,230862,买盘
1269,10:29:13,3.53,--,68,24004,买盘
1270,10:28:53,3.53,--,1,353,买盘
1271,10:28:42,3.53,--,12,4236,买盘
1272,10:28:38,3.53,--,1254,442662,买盘
1273,10:28:28,3.53,--,16,5648,买盘
1274,10:28:23,3.53,--,30,10590,买盘
1275,10:28:13,3.53,--,68,24004,买盘
1276,10:28:02,3.53,--,57,20121,买盘
1277,10:27:32,3.53,0.01,191,67423,买盘
1278,10:27:27,3.52,-0.01,2,704,卖盘
1279,10:27:13,3.53,0.01,68,24004,买盘
1280,10:27:08,3.52,-0.01,1365,480480,卖盘
1281,10:26:38,3.53,0.01,86,30358,买盘
1282,10:26:32,3.52,--,68,23936,卖盘
1283,10:26:28,3.52,--,1,352,卖盘
1284,10:26:22,3.52,-0.01,31,10912,卖盘
1285,10:26:17,3.53,--,2,706,买盘
1286,10:26:12,3.53,--,68,24004,买盘
1287,10:26:08,3.53,0.01,48,16944,买盘
1288,10:25:53,3.52,--,1,352,卖盘
1289,10:25:47,3.52,-0.01,120,42240,卖盘
1290,10:25:32,3.53,--,1,353,买盘
1291,10:25:12,3.53,--,68,24004,买盘
1292,10:25:08,3.53,--,86,30358,买盘
1293,10:25:02,3.53,--,7,2471,买盘
1294,10:24:38,3.53,0.01,34,12002,买盘
1295,10:24:32,3.52,-0.01,115,40480,卖盘
1296,10:24:23,3.53,--,376,132728,买盘
1297,10:24:13,3.53,--,68,24004,买盘
1298,10:24:08,3.53,--,86,30358,买盘
1299,10:24:02,3.53,0.01,24,8472,买盘
1300,10:23:52,3.52,-0.01,59,20768,卖盘
1301,10:23:47,3.53,--,2522,890266,买盘
1302,10:23:38,3.53,--,172,60716,买盘
1303,10:23:32,3.53,0.01,20,7060,买盘
1304,10:23:27,3.52,-0.01,100,35200,卖盘
1305,10:23:22,3.53,--,50,17650,买盘
1306,10:23:17,3.53,--,2,706,买盘
1307,10:23:13,3.53,--,68,24004,买盘
1308,10:23:02,3.53,0.01,189,66717,买盘
1309,10:22:58,3.52,-0.01,1030,362560,卖盘
1310,10:22:47,3.53,0.01,66,23298,买盘
1311,10:22:42,3.52,-0.01,181,63712,卖盘
1312,10:22:32,3.53,0.01,121,42713,买盘
1313,10:22:11,3.52,--,86,30272,卖盘
1314,10:22:08,3.52,-0.01,49,17248,卖盘
1315,10:22:02,3.53,0.01,72,25416,买盘
1316,10:21:41,3.52,--,108,38016,卖盘
1317,10:21:37,3.52,-0.01,1352,475904,卖盘
1318,10:21:32,3.53,0.01,40,14120,买盘
1319,10:21:26,3.52,--,112,39424,卖盘
1320,10:21:16,3.52,--,105,36960,卖盘
1321,10:21:11,3.52,-0.01,118,41536,卖盘
1322,10:21:02,3.53,--,73,25769,买盘
1323,10:20:56,3.53,0.01,319,112607,买盘
1324,10:20:47,3.52,--,85,29920,卖盘
1325,10:20:41,3.52,--,17,5984,卖盘
1326,10:20:37,3.52,-0.01,17,5984,卖盘
1327,10:20:32,3.53,--,20,7060,买盘
1328,10:20:26,3.53,--,101,35653,买盘
1329,10:20:17,3.53,--,103,36517,买盘
1330,10:20:11,3.53,--,3452,1218905,卖盘
1331,10:20:06,3.53,-0.01,2000,706000,卖盘
1332,10:20:02,3.54,0.01,258,91335,买盘
1333,10:19:56,3.53,--,368,129904,卖盘
1334,10:19:51,3.53,--,271,95663,卖盘
1335,10:19:47,3.53,--,28,9884,卖盘
1336,10:19:36,3.53,-0.01,50,17650,卖盘
1337,10:19:32,3.54,0.01,320,113280,买盘
1338,10:19:17,3.53,--,403,142259,卖盘
1339,10:19:11,3.53,--,368,129904,卖盘
1340,10:19:07,3.53,-0.01,10,3530,卖盘
1341,10:19:02,3.54,0.01,541,191514,买盘
1342,10:18:52,3.53,--,2081,734593,卖盘
1343,10:18:41,3.53,-0.01,1782,629046,卖盘
1344,10:18:32,3.54,0.01,7068,2502072,买盘
1345,10:18:26,3.53,--,99,34947,卖盘
1346,10:18:21,3.53,--,300,105900,卖盘
1347,10:18:17,3.53,--,72,25416,卖盘
1348,10:18:11,3.53,-0.01,174,61422,卖盘
1349,10:18:07,3.54,--,31,10974,买盘
1350,10:18:02,3.54,0.01,20,7080,买盘
1351,10:17:56,3.53,--,382,134846,卖盘
1352,10:17:52,3.53,--,2492,879676,卖盘
1353,10:17:47,3.53,-0.01,139,49067,卖盘
1354,10:17:41,3.54,--,10,3540,买盘
1355,10:17:32,3.54,0.01,1227,434358,买盘
1356,10:17:26,3.53,-0.01,85,30005,卖盘
1357,10:17:22,3.54,0.01,35,12390,买盘
1358,10:17:17,3.53,-0.01,254,89662,卖盘
1359,10:17:11,3.54,0.01,179,63366,买盘
1360,10:17:06,3.53,-0.01,82,28946,卖盘
1361,10:17:02,3.54,0.01,220,77880,买盘
1362,10:16:56,3.53,--,310,109430,卖盘
1363,10:16:52,3.53,--,10,3530,卖盘
1364,10:16:41,3.53,-0.01,289,102017,卖盘
1365,10:16:37,3.54,--,13,4602,买盘
1366,10:16:32,3.54,0.01,21,7434,买盘
1367,10:16:22,3.53,-0.01,258,91074,卖盘
1368,10:16:15,3.54,0.01,15,5310,买盘
1369,10:16:11,3.53,--,400,141200,卖盘
1370,10:16:07,3.53,--,32,11296,卖盘
1371,10:15:56,3.53,-0.01,61,21533,卖盘
1372,10:15:46,3.54,--,51,18054,买盘
1373,10:15:36,3.54,0.01,61,21594,买盘
1374,10:15:26,3.53,--,1043,368179,卖盘
1375,10:15:21,3.53,--,114,40242,卖盘
1376,10:15:16,3.53,-0.01,128,45184,卖盘
1377,10:15:11,3.54,0.01,464,164256,买盘
1378,10:15:07,3.53,--,627,221331,卖盘
1379,10:14:56,3.53,--,54,19062,卖盘
1380,10:14:52,3.53,--,54,19062,卖盘
1381,10:14:46,3.53,--,18,6354,卖盘
1382,10:14:41,3.53,-0.01,5181,1828893,卖盘
1383,10:14:36,3.54,0.01,20,7080,买盘
1384,10:14:22,3.53,--,74,26122,卖盘
1385,10:14:16,3.53,--,135,47655,卖盘
1386,10:14:11,3.53,-0.01,140,49420,卖盘
1387,10:14:05,3.54,--,57,20178,买盘
1388,10:14:01,3.54,0.01,148,52392,买盘
1389,10:13:56,3.53,--,54,19062,卖盘
1390,10:13:50,3.53,--,1056,372768,卖盘
1391,10:13:41,3.53,-0.01,10,3530,卖盘
1392,10:13:35,3.54,0.01,21,7434,买盘
1393,10:13:31,3.53,-0.01,5,1765,卖盘
1394,10:13:11,3.54,--,69,24426,买盘
1395,10:13:05,3.54,0.01,20,7080,买盘
1396,10:12:56,3.53,--,32,11296,卖盘
1397,10:12:50,3.53,-0.01,300,105900,卖盘
1398,10:12:40,3.54,--,20,7080,买盘
1399,10:12:33,3.54,--,21,7434,买盘
1400,10:12:31,3.54,--,15,5310,买盘
1401,10:12:20,3.54,--,1,354,买盘
1402,10:12:11,3.54,--,68,24072,买盘
1403,10:12:04,3.54,--,20,7080,买盘
1404,10:12:00,3.54,--,14,4956,买盘
1405,10:11:56,3.54,0.01,14,4956,买盘
1406,10:11:41,3.53,-0.01,71,25063,卖盘
1407,10:11:35,3.54,--,154,54516,买盘
1408,10:11:20,3.54,--,96,33984,买盘
1409,10:11:11,3.54,0.01,252,89208,买盘
1410,10:11:05,3.53,-0.01,10,3530,卖盘
1411,10:10:56,3.54,--,135,47790,买盘
1412,10:10:41,3.54,--,93,32922,买盘
1413,10:10:35,3.54,--,1,354,买盘
1414,10:10:31,3.54,0.01,9,3186,买盘
1415,10:10:20,3.53,-0.01,10,3530,卖盘
1416,10:10:11,3.54,--,68,24072,买盘
1417,10:10:05,3.54,0.01,31,10974,买盘
1418,10:10:01,3.53,-0.01,7,2471,卖盘
1419,10:09:56,3.54,0.01,114,40356,买盘
1420,10:09:41,3.53,--,10,3530,卖盘
1421,10:09:35,3.53,-0.01,1,353,卖盘
1422,10:09:31,3.54,--,86,30444,买盘
1423,10:09:26,3.54,--,12,4248,买盘
1424,10:09:20,3.54,--,86,30444,买盘
1425,10:09:15,3.54,--,68,24072,买盘
1426,10:09:05,3.54,--,100,35400,买盘
1427,10:08:45,3.54,--,10,3540,买盘
1428,10:08:39,3.54,--,43,15222,买盘
1429,10:08:16,3.54,--,68,24072,买盘
1430,10:08:01,3.54,--,12,4248,买盘
1431,10:07:53,3.54,--,116,41064,买盘
1432,10:07:25,3.54,--,20,7080,买盘
1433,10:07:15,3.54,0.01,68,24072,买盘
1434,10:07:10,3.53,--,41,14473,卖盘
1435,10:07:01,3.53,-0.01,300,105900,卖盘
1436,10:06:50,3.54,0.01,700,247800,买盘
1437,10:06:31,3.53,--,13,4589,卖盘
1438,10:06:20,3.53,-0.01,18,6354,卖盘
1439,10:06:15,3.54,--,73,25842,买盘
1440,10:06:01,3.54,--,13,4602,买盘
1441,10:05:50,3.54,0.01,15,5310,买盘
1442,10:05:44,3.53,--,172,60716,卖盘
1443,10:05:39,3.53,--,1,353,卖盘
1444,10:05:29,3.53,--,18,6354,卖盘
1445,10:05:25,3.53,--,26,9442,卖盘
1446,10:05:20,3.53,--,1,353,卖盘
1447,10:05:14,3.53,-0.01,76,26828,卖盘
1448,10:05:05,3.54,0.01,10,3540,买盘
1449,10:04:50,3.53,-0.01,715,252395,卖盘
1450,10:04:44,3.54,0.01,37,13098,买盘
1451,10:04:14,3.53,-0.01,85,30005,卖盘
1452,10:03:59,3.54,--,1,354,买盘
1453,10:03:55,3.54,--,12,4248,买盘
1454,10:03:50,3.54,--,297,105138,买盘
1455,10:03:43,3.54,0.01,230,81420,买盘
1456,10:03:34,3.53,--,72,25416,卖盘
1457,10:03:24,3.53,--,10,3530,卖盘
1458,10:03:13,3.53,--,7,2471,卖盘
1459,10:03:09,3.53,--,76,26828,卖盘
1460,10:02:59,3.53,--,3,1059,卖盘
1461,10:02:50,3.53,--,49,17297,卖盘
1462,10:02:44,3.53,-0.01,174,61422,卖盘
1463,10:02:35,3.54,0.01,1,354,买盘
1464,10:02:19,3.53,--,600,211800,卖盘
1465,10:02:05,3.53,-0.01,530,187090,卖盘
1466,10:01:59,3.54,--,300,106200,买盘
1467,10:01:53,3.54,--,100,35400,买盘
1468,10:01:50,3.54,--,283,100182,买盘
1469,10:01:40,3.54,--,500,177000,买盘
1470,10:01:29,3.54,0.01,185,65490,买盘
1471,10:01:25,3.53,-0.01,56,19768,卖盘
1472,10:01:13,3.54,0.01,10,3540,买盘
1473,10:01:09,3.53,-0.01,8,2824,卖盘
1474,10:00:44,3.54,--,50,17700,买盘
1475,10:00:24,3.54,--,200,70800,买盘
1476,09:59:54,3.54,--,27,9558,买盘
1477,09:59:49,3.54,--,16,5664,买盘
1478,09:59:29,3.54,--,6,2124,买盘
1479,09:59:23,3.54,--,1,354,买盘
1480,09:59:14,3.54,--,10,3540,买盘
1481,09:59:04,3.54,--,58,20532,买盘
1482,09:58:59,3.54,--,86,30444,买盘
1483,09:58:54,3.54,--,547,193638,买盘
1484,09:58:39,3.54,--,20,7080,买盘
1485,09:58:29,3.54,0.01,42,14868,买盘
1486,09:58:24,3.53,-0.01,68,24004,卖盘
1487,09:57:54,3.54,--,13,4602,买盘
1488,09:57:49,3.54,--,15,5310,买盘
1489,09:57:39,3.54,0.01,32,11328,买盘
1490,09:57:29,3.53,--,50,17650,卖盘
1491,09:57:14,3.53,-0.01,5,1765,卖盘
1492,09:57:09,3.54,0.01,33,11682,买盘
1493,09:57:03,3.53,-0.01,39,13767,卖盘
1494,09:56:59,3.54,--,70,24780,买盘
1495,09:56:44,3.54,0.01,33,11682,买盘
1496,09:56:38,3.53,-0.01,39,13767,卖盘
1497,09:56:19,3.54,--,10,3540,买盘
1498,09:56:14,3.54,--,33,11682,买盘
1499,09:55:53,3.54,--,43,15222,买盘
1500,09:55:48,3.54,--,13,4602,买盘
1501,09:55:44,3.54,0.01,58,20532,买盘
1502,09:55:37,3.53,-0.01,300,105900,卖盘
1503,09:55:22,3.54,0.01,3,1062,买盘
1504,09:55:14,3.53,-0.01,105,37065,卖盘
1505,09:55:08,3.54,0.01,2,708,买盘
1506,09:55:03,3.53,--,100,35300,卖盘
1507,09:54:53,3.53,--,294,103782,卖盘
1508,09:54:44,3.53,--,283,99899,卖盘
1509,09:54:23,3.53,-0.01,58,20474,卖盘
1510,09:54:18,3.54,--,52,18408,买盘
1511,09:54:12,3.54,--,1078,381817,买盘
1512,09:54:08,3.54,0.01,1043,369222,买盘
1513,09:54:03,3.53,--,10,3530,卖盘
1514,09:53:53,3.53,-0.01,185,65305,卖盘
1515,09:53:48,3.54,--,63,22302,买盘
1516,09:53:33,3.54,--,30,10620,买盘
1517,09:53:28,3.54,--,2877,1018458,买盘
1518,09:53:23,3.54,--,10,3540,买盘
1519,09:53:18,3.54,0.01,358,126732,买盘
1520,09:53:13,3.53,-0.01,6003,2119059,卖盘
1521,09:53:08,3.54,0.01,86,30444,买盘
1522,09:53:02,3.53,--,50,17650,卖盘
1523,09:52:53,3.53,-0.01,70,24710,卖盘
1524,09:52:47,3.54,--,86,30444,买盘
1525,09:52:43,3.54,0.01,395,139830,买盘
1526,09:52:38,3.53,-0.01,11,3883,卖盘
1527,09:52:33,3.54,--,343,121422,买盘
1528,09:52:28,3.54,--,44,15576,买盘
1529,09:52:23,3.54,--,825,292050,买盘
1530,09:52:18,3.54,0.01,1,354,买盘
1531,09:52:12,3.53,--,1000,353000,卖盘
1532,09:52:08,3.53,--,20,7060,卖盘
1533,09:52:03,3.53,--,109,38614,卖盘
1534,09:51:57,3.53,--,59,20827,卖盘
1535,09:51:53,3.53,--,1184,417952,卖盘
1536,09:51:48,3.53,--,2474,873322,卖盘
1537,09:51:33,3.53,-0.01,196,69188,卖盘
1538,09:51:23,3.54,0.01,209,73986,买盘
1539,09:51:18,3.53,-0.01,315,111195,卖盘
1540,09:51:13,3.54,--,44,15576,买盘
1541,09:51:08,3.54,0.01,70,24780,买盘
1542,09:50:48,3.53,-0.01,3,1059,卖盘
1543,09:50:33,3.54,--,56,19824,买盘
1544,09:50:23,3.54,0.01,176,62304,买盘
1545,09:50:18,3.53,--,100,35300,卖盘
1546,09:50:13,3.53,--,90,31770,卖盘
1547,09:50:08,3.53,-0.01,80,28240,卖盘
1548,09:50:03,3.54,--,48,16992,买盘
1549,09:49:53,3.54,0.01,260,92040,买盘
1550,09:49:48,3.53,--,22,7766,卖盘
1551,09:49:43,3.53,--,20,7060,卖盘
1552,09:49:38,3.53,-0.01,251,88603,卖盘
1553,09:49:33,3.54,0.01,86,30444,买盘
1554,09:49:23,3.53,--,582,205446,卖盘
1555,09:49:18,3.53,--,94,33182,卖盘
1556,09:49:08,3.53,-0.01,1285,453605,卖盘
1557,09:49:02,3.54,--,259,91686,买盘
1558,09:48:58,3.54,0.01,9,3186,买盘
1559,09:48:53,3.53,-0.01,425,150325,卖盘
1560,09:48:37,3.54,--,135,47790,买盘
1561,09:48:32,3.54,--,3,1062,买盘
1562,09:48:27,3.54,--,10,3540,买盘
1563,09:48:23,3.54,--,120,42480,买盘
1564,09:48:17,3.54,--,72,25488,买盘
1565,09:48:08,3.54,0.01,529,187266,买盘
1566,09:48:02,3.53,-0.01,200,70600,卖盘
1567,09:47:58,3.54,0.01,17,6018,买盘
1568,09:47:53,3.53,-0.01,43,15179,卖盘
1569,09:47:47,3.54,0.01,276,97704,买盘
1570,09:47:41,3.53,-0.01,436,153908,卖盘
1571,09:47:38,3.54,0.01,586,207444,买盘
1572,09:47:27,3.53,-0.01,6,2118,卖盘
1573,09:47:17,3.54,--,60,21240,买盘
1574,09:47:12,3.54,--,33,11682,买盘
1575,09:46:57,3.54,--,14,4956,买盘
1576,09:46:46,3.54,0.01,50,17700,买盘
1577,09:46:42,3.53,-0.01,116,41251,卖盘
1578,09:46:36,3.54,--,2,708,买盘
1579,09:46:32,3.54,0.01,62,21948,买盘
1580,09:46:27,3.53,-0.01,23,8426,卖盘
1581,09:46:16,3.54,--,10,3540,买盘
1582,09:46:12,3.54,--,298,105803,买盘
1583,09:46:02,3.54,0.01,359,127086,买盘
1584,09:45:56,3.53,-0.01,17,6308,卖盘
1585,09:45:47,3.54,0.01,397,140538,买盘
1586,09:45:42,3.53,-0.01,17,6001,卖盘
1587,09:45:36,3.54,--,506,179124,买盘
1588,09:45:32,3.54,0.01,61,21594,买盘
1589,09:45:27,3.53,-0.01,3,1059,卖盘
1590,09:45:11,3.54,--,20,7080,买盘
1591,09:45:07,3.54,--,95,33630,买盘
1592,09:45:02,3.54,--,60,21240,买盘
1593,09:44:56,3.54,--,2260,800040,买盘
1594,09:44:51,3.54,--,156,55224,买盘
1595,09:44:47,3.54,--,95,33630,买盘
1596,09:44:32,3.54,0.01,71,25134,买盘
1597,09:44:12,3.53,-0.01,221,78013,卖盘
1598,09:44:06,3.54,--,1,354,买盘
1599,09:44:02,3.54,0.01,1051,372054,买盘
1600,09:43:37,3.53,-0.01,38,13414,卖盘
1601,09:43:32,3.54,--,41,14514,买盘
1602,09:43:27,3.54,--,30,10620,买盘
1603,09:43:21,3.54,0.01,10,3540,买盘
1604,09:43:17,3.53,--,769,271457,卖盘
1605,09:43:11,3.53,-0.01,17,6311,卖盘
1606,09:43:02,3.54,--,40,14160,买盘
1607,09:42:57,3.54,0.01,8,2832,买盘
1608,09:42:52,3.53,-0.01,17,6311,卖盘
1609,09:42:41,3.54,0.01,50,17700,买盘
1610,09:42:36,3.53,-0.01,9,3177,卖盘
1611,09:42:32,3.54,--,70,24780,买盘
1612,09:42:27,3.54,--,253,89873,买盘
1613,09:42:22,3.54,--,55,19470,买盘
1614,09:42:02,3.54,--,143,50933,买盘
1615,09:41:56,3.54,--,85,30090,买盘
1616,09:41:46,3.54,--,8,2832,买盘
1617,09:41:25,3.54,--,34,12036,买盘
1618,09:41:17,3.54,--,19,6726,买盘
1619,09:41:02,3.54,0.01,25,8850,买盘
1620,09:40:47,3.53,-0.01,80,28240,卖盘
1621,09:40:41,3.54,0.01,26,9204,买盘
1622,09:40:36,3.53,-0.01,2,706,卖盘
1623,09:40:30,3.54,--,496,175584,买盘
1624,09:40:26,3.54,--,51,18054,买盘
1625,09:40:21,3.54,--,54,19116,买盘
1626,09:40:16,3.54,--,6,2124,买盘
1627,09:40:11,3.54,--,20,7080,买盘
1628,09:40:06,3.54,--,24,8496,买盘
1629,09:39:51,3.54,0.01,246,87084,买盘
1630,09:39:45,3.53,-0.01,60,21180,卖盘
1631,09:39:40,3.54,--,72,25488,买盘
1632,09:39:36,3.54,--,167,59118,买盘
1633,09:39:26,3.54,--,127,44958,买盘
1634,09:39:20,3.54,--,21,7434,买盘
1635,09:39:11,3.54,0.01,134,47436,买盘
1636,09:39:01,3.53,-0.01,1,353,卖盘
1637,09:38:55,3.54,0.01,29,10266,买盘
1638,09:38:50,3.53,-0.01,2,706,卖盘
1639,09:38:40,3.54,0.01,134,47436,买盘
1640,09:38:36,3.53,--,39,13767,卖盘
1641,09:38:30,3.53,-0.01,276,97428,卖盘
1642,09:38:20,3.54,--,35,12390,买盘
1643,09:38:06,3.54,0.01,16,5664,买盘
1644,09:37:56,3.53,-0.01,20,7060,卖盘
1645,09:37:51,3.54,--,31,10974,买盘
1646,09:37:41,3.54,0.01,340,120360,买盘
1647,09:37:21,3.53,--,1,353,卖盘
1648,09:37:15,3.53,--,255,90015,卖盘
1649,09:37:01,3.53,--,1,353,卖盘
1650,09:36:56,3.53,-0.01,1,353,卖盘
1651,09:36:51,3.54,--,6,2124,买盘
1652,09:36:25,3.54,--,26,9204,买盘
1653,09:36:21,3.54,0.01,60,21240,买盘
1654,09:35:51,3.53,-0.01,4,1412,卖盘
1655,09:35:41,3.54,0.01,4,1416,买盘
1656,09:35:16,3.53,-0.01,1,353,卖盘
1657,09:35:06,3.54,0.01,2,708,买盘
1658,09:34:55,3.53,--,160,56480,卖盘
1659,09:34:51,3.53,--,38,13414,卖盘
1660,09:34:41,3.53,--,5,1765,卖盘
1661,09:34:36,3.53,-0.01,1,353,卖盘
1662,09:34:11,3.54,--,146,51684,买盘
1663,09:34:05,3.54,0.01,38,13452,买盘
1664,09:33:55,3.53,--,23,8119,卖盘
1665,09:33:50,3.53,--,408,144024,卖盘
1666,09:33:46,3.53,-0.01,180,63540,卖盘
1667,09:33:35,3.54,--,8,2832,买盘
1668,09:33:00,3.54,--,150,53100,买盘
1669,09:32:45,3.54,--,11,3894,买盘
1670,09:32:14,3.54,0.01,300,106200,买盘
1671,09:31:59,3.53,-0.01,10,3530,卖盘
1672,09:31:50,3.54,--,1,354,买盘
1673,09:31:39,3.54,0.01,350,123900,买盘
1674,09:31:30,3.53,-0.01,108,38124,卖盘
1675,09:31:24,3.54,0.01,1,354,买盘
1676,09:31:20,3.53,--,2,706,卖盘
1677,09:31:14,3.53,--,54,19062,卖盘
1678,09:30:50,3.53,--,2,706,卖盘
1679,09:30:35,3.53,-0.01,48,16944,卖盘
1680,09:30:25,3.54,0.01,2,708,买盘
1681,09:30:20,3.53,-0.01,1,353,卖盘
1682,09:30:08,3.54,--,10,3540,买盘
1683,09:30:05,3.54,--,1021,361434,卖盘
1684,09:28:47,3.54,--,0,0,卖盘
1685,09:25:04,3.54,3.54,1291,457014,买盘
