,time,price,change,volume,amount,type
0,15:00:00,9.78,--,0,0,卖盘
1,15:00:00,9.78,--,3,2934,卖盘
2,14:59:53,9.78,--,124,121330,买盘
3,14:59:49,9.78,--,41,40098,买盘
4,14:59:43,9.78,--,18,17604,买盘
5,14:59:38,9.78,--,120,117359,买盘
6,14:59:33,9.78,--,274,267972,卖盘
7,14:59:28,9.78,-0.01,24,23472,卖盘
8,14:59:23,9.79,0.01,3,2936,买盘
9,14:59:18,9.78,--,40,39120,卖盘
10,14:59:13,9.78,--,98,95844,卖盘
11,14:59:08,9.78,--,61,59657,卖盘
12,14:59:03,9.78,-0.01,142,138876,卖盘
13,14:58:58,9.79,0.01,13,12726,买盘
14,14:58:48,9.78,--,224,219072,卖盘
15,14:58:38,9.78,--,38,37164,卖盘
16,14:58:33,9.78,-0.01,56,54768,卖盘
17,14:58:28,9.79,0.01,10,9790,买盘
18,14:58:23,9.78,-0.01,721,705138,卖盘
19,14:58:18,9.79,--,24,23495,买盘
20,14:58:13,9.79,0.01,7,6852,买盘
21,14:58:08,9.78,-0.01,5,4890,卖盘
22,14:58:03,9.79,--,375,367124,卖盘
23,14:57:53,9.79,-0.01,30,29369,卖盘
24,14:57:48,9.8,0.01,44,43120,买盘
25,14:57:43,9.79,-0.01,51,49928,卖盘
26,14:57:38,9.8,0.01,73,71540,买盘
27,14:57:33,9.79,-0.01,45,44054,卖盘
28,14:57:28,9.8,0.01,137,134260,买盘
29,14:57:23,9.79,--,13,12726,卖盘
30,14:57:18,9.79,0.01,5,4895,卖盘
31,14:57:13,9.78,-0.01,129,126161,卖盘
32,14:57:08,9.79,--,22,21537,买盘
33,14:57:03,9.79,--,25,24474,买盘
34,14:56:53,9.79,--,196,191883,买盘
35,14:56:48,9.79,--,43,42096,买盘
36,14:56:38,9.79,--,7,6852,买盘
37,14:56:33,9.79,--,1240,1213960,卖盘
38,14:56:28,9.79,--,376,368103,卖盘
39,14:56:18,9.79,--,10,9790,卖盘
40,14:56:13,9.79,0.01,36,35244,买盘
41,14:56:07,9.78,-0.01,10,9780,卖盘
42,14:56:03,9.79,--,14,13705,买盘
43,14:55:48,9.79,--,109,106710,卖盘
44,14:55:43,9.79,--,100,97899,卖盘
45,14:55:37,9.79,--,11,10768,买盘
46,14:55:33,9.79,--,4,3915,买盘
47,14:55:28,9.79,--,8,7831,买盘
48,14:55:22,9.79,0.01,300,293700,买盘
49,14:55:17,9.78,-0.01,31,30317,卖盘
50,14:55:13,9.79,--,68,66572,买盘
51,14:55:07,9.79,--,192,187967,卖盘
52,14:55:02,9.79,0.01,108,105731,买盘
53,14:54:58,9.78,--,219,214182,卖盘
54,14:54:47,9.78,-0.01,275,268950,卖盘
55,14:54:42,9.79,0.01,3,2936,买盘
56,14:54:32,9.78,-0.01,163,159414,卖盘
57,14:54:27,9.79,--,10,9790,买盘
58,14:54:22,9.79,--,2,1957,买盘
59,14:54:17,9.79,--,87,85172,买盘
60,14:54:12,9.79,--,30,29369,买盘
61,14:54:02,9.79,--,55,53844,买盘
62,14:53:57,9.79,0.01,38,37202,买盘
63,14:53:47,9.78,-0.01,26,25428,卖盘
64,14:53:42,9.79,0.01,9,8811,买盘
65,14:53:32,9.78,-0.01,84,82152,卖盘
66,14:53:22,9.79,--,1,978,买盘
67,14:53:17,9.79,0.01,205,200694,买盘
68,14:53:12,9.78,--,14,13692,卖盘
69,14:53:07,9.78,--,29,28361,卖盘
70,14:53:02,9.78,--,1,977,卖盘
71,14:52:57,9.78,--,50,48900,卖盘
72,14:52:47,9.78,-0.01,100,97800,卖盘
73,14:52:37,9.79,--,35,34265,买盘
74,14:52:32,9.79,0.01,49,47970,买盘
75,14:52:27,9.78,-0.01,31,30317,卖盘
76,14:52:17,9.79,-0.01,267,261392,卖盘
77,14:52:12,9.8,--,29,28420,买盘
78,14:52:02,9.8,--,20,19600,买盘
79,14:51:57,9.8,--,30,29400,买盘
80,14:51:47,9.8,0.01,100,98000,买盘
81,14:51:42,9.79,-0.01,150,146850,卖盘
82,14:51:32,9.8,0.01,15,14700,买盘
83,14:51:22,9.79,--,311,304469,买盘
84,14:51:17,9.79,0.01,2,1957,买盘
85,14:51:02,9.78,0.01,41,40098,买盘
86,14:50:57,9.77,-0.01,80,78160,卖盘
87,14:50:52,9.78,--,20,19560,买盘
88,14:50:47,9.78,0.01,4,3911,买盘
89,14:50:42,9.77,-0.01,60,58620,卖盘
90,14:50:37,9.78,0.01,114,111491,买盘
91,14:50:32,9.77,-0.01,13,12701,卖盘
92,14:50:27,9.78,0.01,102,99756,买盘
93,14:50:17,9.77,--,15,14655,买盘
94,14:50:12,9.77,--,117,114309,买盘
95,14:50:07,9.77,--,36,35172,买盘
96,14:50:02,9.77,--,5,4885,买盘
97,14:49:47,9.77,--,42,41034,买盘
98,14:49:42,9.77,--,33,32241,买盘
99,14:49:27,9.77,--,60,58620,买盘
100,14:49:22,9.77,0.01,1,977,买盘
101,14:49:12,9.76,--,8,7808,卖盘
102,14:49:07,9.76,--,15,14640,卖盘
103,14:48:57,9.76,--,1,976,卖盘
104,14:48:52,9.76,--,343,334768,卖盘
105,14:48:46,9.76,-0.01,5,4880,卖盘
106,14:48:42,9.77,0.01,40,39080,买盘
107,14:48:37,9.76,--,50,48800,卖盘
108,14:48:31,9.76,--,2,1952,卖盘
109,14:48:27,9.76,--,4,3904,买盘
110,14:48:22,9.76,--,78,76128,买盘
111,14:48:16,9.76,--,43,41968,买盘
112,14:48:01,9.76,--,22,21472,买盘
113,14:47:57,9.76,0.01,14,13664,买盘
114,14:47:52,9.75,-0.01,1,975,卖盘
115,14:47:46,9.76,--,30,29280,买盘
116,14:47:42,9.76,0.01,63,61488,买盘
117,14:47:26,9.75,--,4,3900,卖盘
118,14:47:22,9.75,-0.01,10,9750,卖盘
119,14:47:16,9.76,--,25,24400,卖盘
120,14:47:07,9.76,--,15,14640,买盘
121,14:46:56,9.76,--,5,4880,买盘
122,14:46:51,9.76,--,35,34160,买盘
123,14:46:46,9.76,-0.01,2,1952,卖盘
124,14:46:36,9.77,0.01,86,84022,买盘
125,14:46:31,9.76,-0.02,1,976,卖盘
126,14:46:26,9.78,--,0,0,买盘
127,14:46:21,9.78,0.01,1010,987779,买盘
128,14:46:11,9.77,-0.01,1,977,卖盘
129,14:46:06,9.78,0.01,46,44988,买盘
130,14:46:01,9.77,-0.01,50,48850,卖盘
131,14:45:56,9.78,0.01,55,53790,买盘
132,14:45:51,9.77,-0.01,2,1954,卖盘
133,14:45:41,9.78,--,9,8802,买盘
134,14:45:31,9.78,--,11,10758,买盘
135,14:45:21,9.78,--,15,14669,买盘
136,14:45:16,9.78,--,5,4890,买盘
137,14:45:11,9.78,--,178,174084,卖盘
138,14:45:06,9.78,--,46,44988,卖盘
139,14:45:01,9.78,--,10,9780,卖盘
140,14:44:56,9.78,-0.01,70,68460,卖盘
141,14:44:51,9.79,--,16,15663,买盘
142,14:44:46,9.79,--,21,20559,买盘
143,14:44:36,9.79,0.01,14,13705,买盘
144,14:44:31,9.78,--,8,7823,卖盘
145,14:44:26,9.78,-0.01,34,33252,卖盘
146,14:44:11,9.79,--,22,21537,买盘
147,14:44:06,9.79,--,60,58739,买盘
148,14:44:01,9.79,--,14,13705,买盘
149,14:43:51,9.79,0.01,28,27411,买盘
150,14:43:41,9.78,--,32,31295,买盘
151,14:43:26,9.78,--,24,23472,买盘
152,14:43:16,9.78,0.01,14,13692,买盘
153,14:43:11,9.77,-0.01,20,19540,卖盘
154,14:43:06,9.78,--,17,16626,买盘
155,14:43:01,9.78,--,14,13692,买盘
156,14:42:51,9.78,-0.01,24,23472,卖盘
157,14:42:46,9.79,0.01,28,27411,买盘
158,14:42:36,9.78,--,200,195600,卖盘
159,14:42:31,9.78,--,1,977,卖盘
160,14:42:16,9.78,--,13,12714,卖盘
161,14:42:10,9.78,-0.01,9,8802,卖盘
162,14:42:06,9.79,--,179,175240,买盘
163,14:42:01,9.79,0.01,13,12726,买盘
164,14:41:51,9.78,-0.01,204,199512,卖盘
165,14:41:46,9.79,--,18,17622,买盘
166,14:41:36,9.79,-0.01,165,161535,卖盘
167,14:41:31,9.8,0.01,30,29400,买盘
168,14:41:25,9.79,-0.01,15,14684,卖盘
169,14:41:16,9.8,--,13,12740,买盘
170,14:41:06,9.8,--,4,3920,买盘
171,14:41:01,9.8,--,95,93100,买盘
172,14:40:55,9.8,--,33,32340,买盘
173,14:40:51,9.8,--,17,16660,买盘
174,14:40:35,9.8,--,35,34300,买盘
175,14:40:31,9.8,--,13,12740,买盘
176,14:40:21,9.8,0.01,2,1960,买盘
177,14:40:16,9.79,-0.01,24,23495,卖盘
178,14:40:05,9.8,--,19,18620,买盘
179,14:40:00,9.8,--,20,19600,买盘
180,14:39:55,9.8,--,36,35280,买盘
181,14:39:45,9.8,--,13,12740,买盘
182,14:39:40,9.8,--,12,11760,买盘
183,14:39:35,9.8,--,3,2940,买盘
184,14:39:30,9.8,--,17,16660,卖盘
185,14:39:25,9.8,--,2,1960,卖盘
186,14:39:20,9.8,--,24,23520,卖盘
187,14:39:15,9.8,-0.01,18,17640,卖盘
188,14:39:10,9.81,0.01,13,12753,买盘
189,14:39:05,9.8,-0.01,31,30380,卖盘
190,14:39:00,9.81,0.01,54,52974,买盘
191,14:38:55,9.8,-0.01,1,980,卖盘
192,14:38:45,9.81,0.01,61,59841,买盘
193,14:38:35,9.8,--,17,16660,买盘
194,14:38:30,9.8,--,17,16660,买盘
195,14:38:20,9.8,--,2,1960,买盘
196,14:38:15,9.8,--,14,13720,买盘
197,14:38:05,9.8,0.02,14,13720,买盘
198,14:38:00,9.78,--,46,44988,买盘
199,14:37:55,9.78,--,98,95844,买盘
200,14:37:50,9.78,--,26,25428,买盘
201,14:37:45,9.78,--,38,37164,买盘
202,14:37:40,9.78,0.01,46,44988,买盘
203,14:37:35,9.77,-0.01,116,113332,卖盘
204,14:37:30,9.78,--,24,23472,买盘
205,14:37:20,9.78,--,14,13692,买盘
206,14:37:15,9.78,-0.03,1211,1184358,卖盘
207,14:37:10,9.81,0.01,13,12753,买盘
208,14:37:05,9.8,-0.01,44,43120,卖盘
209,14:37:00,9.81,--,45,44145,买盘
210,14:36:55,9.81,0.01,7,6867,买盘
211,14:36:50,9.8,0.01,23,22540,买盘
212,14:36:40,9.79,-0.02,1,978,卖盘
213,14:36:35,9.81,0.02,83,81423,买盘
214,14:36:30,9.79,--,21,20559,买盘
215,14:36:25,9.79,--,15,14684,买盘
216,14:36:20,9.79,--,8,7831,买盘
217,14:36:15,9.79,0.01,65,63634,买盘
218,14:36:10,9.78,--,43,42054,卖盘
219,14:36:04,9.78,-0.01,20,19560,卖盘
220,14:36:00,9.79,--,14,13705,买盘
221,14:35:55,9.79,--,21,20559,买盘
222,14:35:40,9.79,-0.03,1357,1328503,卖盘
223,14:35:34,9.82,--,0,0,买盘
224,14:35:30,9.82,0.01,79,77578,买盘
225,14:35:25,9.81,--,7,6867,买盘
226,14:35:19,9.81,0.01,23,22563,中性盘
227,14:35:15,9.8,--,60,58800,卖盘
228,14:35:10,9.8,-0.01,26,25480,卖盘
229,14:35:04,9.81,-0.01,10,9810,中性盘
230,14:35:00,9.82,--,29,28478,买盘
231,14:34:55,9.82,--,25,24550,买盘
232,14:34:49,9.82,-0.01,19,18658,买盘
233,14:34:45,9.83,0.02,684,672372,买盘
234,14:34:40,9.81,-0.02,576,565056,卖盘
235,14:34:34,9.83,0.01,24,23592,买盘
236,14:34:30,9.82,--,35,34370,卖盘
237,14:34:25,9.82,--,10,9820,卖盘
238,14:34:19,9.82,--,37,36334,买盘
239,14:34:15,9.82,--,102,100164,买盘
240,14:34:10,9.82,-0.01,30,29460,卖盘
241,14:34:04,9.83,0.01,103,101249,买盘
242,14:34:00,9.82,--,734,720788,卖盘
243,14:33:55,9.82,--,24,23568,卖盘
244,14:33:49,9.82,0.01,17,16694,中性盘
245,14:33:45,9.81,-0.01,228,223668,卖盘
246,14:33:40,9.82,--,10,9820,买盘
247,14:33:34,9.82,--,31,30442,买盘
248,14:33:30,9.82,--,548,538136,买盘
249,14:33:25,9.82,0.01,13,12766,买盘
250,14:33:15,9.81,-0.01,31,30411,中性盘
251,14:33:10,9.82,0.02,896,879872,买盘
252,14:33:04,9.8,-0.01,20,19600,卖盘
253,14:33:00,9.81,0.01,165,161865,买盘
254,14:32:55,9.8,0.01,1433,1404340,买盘
255,14:32:45,9.79,--,19,18601,卖盘
256,14:32:40,9.79,--,147,143913,卖盘
257,14:32:34,9.79,-0.01,6,5873,卖盘
258,14:32:29,9.8,0.02,266,260680,买盘
259,14:32:25,9.78,--,177,173330,买盘
260,14:32:19,9.78,0.01,14,13692,买盘
261,14:32:14,9.77,-0.01,10,9770,卖盘
262,14:32:10,9.78,0.01,21,20538,买盘
263,14:31:59,9.77,-0.01,44,42988,卖盘
264,14:31:54,9.78,--,1,977,买盘
265,14:31:44,9.78,0.01,220,215160,买盘
266,14:31:39,9.77,--,111,108447,买盘
267,14:31:34,9.77,--,14,13678,买盘
268,14:31:24,9.77,--,14,13678,买盘
269,14:31:14,9.77,0.01,77,75658,买盘
270,14:31:09,9.76,--,52,51464,买盘
271,14:30:59,9.76,--,69,67344,买盘
272,14:30:54,9.76,--,9,8784,买盘
273,14:30:49,9.76,0.01,12,11712,买盘
274,14:30:44,9.75,-0.01,120,117000,卖盘
275,14:30:39,9.76,--,66,64416,买盘
276,14:30:34,9.76,--,55,53680,买盘
277,14:30:29,9.76,--,15,14640,买盘
278,14:30:24,9.76,--,37,36112,买盘
279,14:30:19,9.76,--,10,9760,买盘
280,14:30:14,9.76,--,25,24400,买盘
281,14:30:09,9.76,--,12,11712,买盘
282,14:30:04,9.76,--,3,2928,买盘
283,14:29:54,9.76,--,5,4880,买盘
284,14:29:49,9.76,0.01,7,6832,买盘
285,14:29:14,9.75,-0.01,5,4875,卖盘
286,14:29:09,9.76,--,2,1952,买盘
287,14:28:49,9.76,--,6,5856,买盘
288,14:28:34,9.76,--,18,17568,买盘
289,14:28:24,9.76,--,5,4880,买盘
290,14:28:18,9.76,--,10,9760,买盘
291,14:28:09,9.76,--,9,8784,买盘
292,14:28:04,9.76,--,17,16592,买盘
293,14:27:58,9.76,--,3,2928,买盘
294,14:27:54,9.76,--,2,1952,买盘
295,14:27:43,9.76,0.01,1,976,买盘
296,14:27:24,9.75,-0.01,130,126750,卖盘
297,14:26:49,9.76,0.01,10,9760,买盘
298,14:26:28,9.75,--,26,26130,买盘
299,14:26:24,9.75,--,46,44850,买盘
300,14:26:19,9.75,--,102,99450,买盘
301,14:26:09,9.75,--,91,88725,买盘
302,14:25:58,9.75,--,7,6825,买盘
303,14:25:39,9.75,--,7,6825,买盘
304,14:25:33,9.75,--,30,29250,买盘
305,14:25:18,9.75,0.01,2,1950,买盘
306,14:25:03,9.74,--,17,16558,买盘
307,14:24:58,9.74,--,15,14610,买盘
308,14:24:53,9.74,-0.01,73,71102,卖盘
309,14:24:48,9.75,0.01,40,39000,买盘
310,14:24:39,9.74,--,10,9740,买盘
311,14:24:23,9.74,--,5,4870,买盘
312,14:24:18,9.74,--,14,13636,买盘
313,14:23:58,9.74,0.01,2,1948,买盘
314,14:23:38,9.73,-0.01,1,973,卖盘
315,14:23:33,9.74,0.01,7,6818,买盘
316,14:23:08,9.73,-0.01,1,973,卖盘
317,14:23:03,9.74,--,10,9740,买盘
318,14:22:58,9.74,--,41,39934,卖盘
319,14:22:53,9.74,--,56,54544,卖盘
320,14:22:48,9.74,--,11,10714,卖盘
321,14:22:33,9.74,--,264,257136,卖盘
322,14:22:03,9.74,-0.01,60,58440,卖盘
323,14:21:53,9.75,0.01,2,1950,买盘
324,14:21:48,9.74,-0.01,16,15584,卖盘
325,14:21:33,9.75,--,12,11700,买盘
326,14:21:07,9.75,--,50,48750,买盘
327,14:20:58,9.75,--,13,12675,买盘
328,14:20:52,9.75,--,10,9750,买盘
329,14:20:42,9.75,--,53,51675,买盘
330,14:20:33,9.75,--,10,9750,买盘
331,14:20:27,9.75,--,8,7800,买盘
332,14:20:12,9.75,--,10,9750,买盘
333,14:20:03,9.75,0.01,7,6825,买盘
334,14:19:57,9.74,--,6,5844,卖盘
335,14:19:48,9.74,-0.01,54,52596,卖盘
336,14:19:42,9.75,--,7,6825,买盘
337,14:19:33,9.75,0.01,1,975,买盘
338,14:19:22,9.74,-0.01,9,8766,卖盘
339,14:19:18,9.75,--,79,77025,买盘
340,14:19:03,9.75,--,22,21450,买盘
341,14:18:57,9.75,--,2,1950,买盘
342,14:18:52,9.75,0.01,8,7800,买盘
343,14:18:48,9.74,--,38,37012,买盘
344,14:18:42,9.74,-0.01,23,22402,卖盘
345,14:18:33,9.75,0.01,6,5850,买盘
346,14:18:27,9.74,--,10,9740,卖盘
347,14:18:22,9.74,-0.01,36,35064,卖盘
348,14:18:12,9.75,--,4,3900,买盘
349,14:17:57,9.75,0.01,8,7800,买盘
350,14:17:52,9.74,--,1,974,买盘
351,14:17:48,9.74,--,100,97400,买盘
352,14:17:33,9.74,0.01,85,82790,买盘
353,14:17:27,9.73,-0.01,40,38920,卖盘
354,14:17:12,9.74,-0.01,84,81816,卖盘
355,14:17:07,9.75,--,7,6825,买盘
356,14:16:57,9.75,--,51,49725,买盘
357,14:16:52,9.75,0.01,25,24375,买盘
358,14:16:17,9.74,--,10,9740,卖盘
359,14:16:12,9.74,--,4,3896,买盘
360,14:16:07,9.74,--,20,19480,买盘
361,14:16:02,9.74,--,6,5844,买盘
362,14:15:42,9.74,--,102,99348,买盘
363,14:15:37,9.74,--,260,253240,卖盘
364,14:15:32,9.74,-0.01,5,4870,卖盘
365,14:15:27,9.75,--,2,1950,买盘
366,14:15:22,9.75,--,14,13650,买盘
367,14:15:12,9.75,--,15,14625,买盘
368,14:15:07,9.75,--,5,4875,买盘
369,14:15:02,9.75,--,109,106275,买盘
370,14:14:52,9.75,--,14,13650,买盘
371,14:14:32,9.75,--,11,10725,买盘
372,14:14:27,9.75,--,2,1950,买盘
373,14:14:01,9.75,--,10,9750,买盘
374,14:13:42,9.75,0.01,10,9750,买盘
375,14:13:37,9.74,--,11,10714,卖盘
376,14:13:07,9.74,--,0,0,中性盘
377,14:13:01,9.74,--,1,974,买盘
378,14:12:57,9.74,--,3,2922,卖盘
379,14:12:51,9.74,--,37,36038,买盘
380,14:12:36,9.74,--,35,34090,买盘
381,14:12:26,9.74,0.01,5,4870,买盘
382,14:12:21,9.73,-0.01,36,35028,卖盘
383,14:12:16,9.74,--,2,1948,买盘
384,14:12:11,9.74,--,0,0,中性盘
385,14:12:06,9.74,0.01,39,37986,买盘
386,14:12:01,9.73,-0.01,110,107030,卖盘
387,14:11:46,9.74,--,4,3896,卖盘
388,14:11:41,9.74,--,5,4870,卖盘
389,14:11:36,9.74,--,1,974,卖盘
390,14:11:31,9.74,--,17,16558,卖盘
391,14:11:26,9.74,--,10,9740,卖盘
392,14:11:21,9.74,--,135,131490,卖盘
393,14:11:11,9.74,-0.01,5,4870,卖盘
394,14:11:06,9.75,0.01,80,78000,买盘
395,14:11:01,9.74,--,15,14610,卖盘
396,14:10:36,9.74,--,7,6818,卖盘
397,14:10:21,9.74,--,35,34090,卖盘
398,14:10:11,9.74,--,3,2922,卖盘
399,14:09:56,9.74,-0.01,83,80842,卖盘
400,14:09:46,9.75,--,1,975,买盘
401,14:09:41,9.75,--,5,4875,买盘
402,14:09:26,9.75,0.01,7,6825,买盘
403,14:09:21,9.74,-0.01,1,974,卖盘
404,14:09:06,9.75,--,40,39000,买盘
405,14:08:56,9.75,--,13,12675,买盘
406,14:08:51,9.75,--,6,5850,买盘
407,14:08:46,9.75,--,30,29250,买盘
408,14:08:41,9.75,--,99,96525,卖盘
409,14:08:36,9.75,-0.01,4,3900,卖盘
410,14:08:31,9.76,--,16,15616,买盘
411,14:08:21,9.76,0.01,18,17568,买盘
412,14:08:16,9.75,--,80,78000,卖盘
413,14:08:11,9.75,--,5,4875,卖盘
414,14:08:06,9.75,--,1,975,卖盘
415,14:07:51,9.75,--,34,33150,卖盘
416,14:07:36,9.75,--,80,78000,买盘
417,14:07:26,9.75,0.01,10,9750,买盘
418,14:07:21,9.74,-0.01,38,37012,卖盘
419,14:07:16,9.75,--,8,7800,买盘
420,14:07:11,9.75,0.01,41,39975,买盘
421,14:07:06,9.74,-0.01,2,1948,卖盘
422,14:06:56,9.75,--,110,107250,买盘
423,14:06:50,9.75,--,107,104325,买盘
424,14:06:36,9.75,-0.01,27,26325,卖盘
425,14:06:31,9.76,--,5,4880,买盘
426,14:06:26,9.76,0.01,66,64416,买盘
427,14:06:20,9.75,--,21,20475,卖盘
428,14:06:16,9.75,0.03,29,28275,买盘
429,14:06:01,9.72,--,0,0,卖盘
430,14:05:55,9.72,--,0,0,卖盘
431,14:05:46,9.72,-0.04,65,63180,卖盘
432,14:05:40,9.76,0.04,84,82286,买盘
433,14:05:35,9.72,--,107,104004,卖盘
434,14:05:20,9.72,--,3,2916,卖盘
435,14:05:10,9.72,--,4,4723,买盘
436,14:05:05,9.72,--,93,90396,买盘
437,14:05:00,9.72,--,29,28188,买盘
438,14:04:55,9.72,--,17,16524,买盘
439,14:04:50,9.72,-0.01,403,391716,卖盘
440,14:04:45,9.73,0.01,757,736561,买盘
441,14:04:40,9.72,--,10,9720,卖盘
442,14:04:35,9.72,--,68,66096,卖盘
443,14:04:30,9.72,--,59,57348,卖盘
444,14:04:25,9.72,--,302,293544,卖盘
445,14:04:20,9.72,-0.01,133,129276,卖盘
446,14:04:15,9.73,--,63,61299,买盘
447,14:04:10,9.73,--,811,789103,买盘
448,14:04:05,9.73,--,20,19460,买盘
449,14:04:00,9.73,-0.01,643,625639,卖盘
450,14:03:50,9.74,--,53,51622,买盘
451,14:03:45,9.74,--,15,14610,买盘
452,14:03:40,9.74,--,359,349666,卖盘
453,14:03:35,9.74,-0.01,50,48700,卖盘
454,14:03:30,9.75,--,37,36075,买盘
455,14:03:25,9.75,--,25,24375,买盘
456,14:03:20,9.75,--,503,490425,卖盘
457,14:03:15,9.75,--,102,99450,卖盘
458,14:03:10,9.75,--,76,74100,卖盘
459,14:03:05,9.75,-0.01,12,11700,卖盘
460,14:03:00,9.76,0.01,28,27328,买盘
461,14:02:50,9.75,-0.01,77,75075,卖盘
462,14:02:45,9.76,-0.01,36,35682,卖盘
463,14:02:35,9.77,0.01,8,7816,买盘
464,14:02:30,9.76,--,4,3904,卖盘
465,14:02:25,9.76,--,50,48800,卖盘
466,14:02:20,9.76,-0.02,3,2928,卖盘
467,14:02:15,9.78,0.01,7,6846,买盘
468,14:02:05,9.77,0.01,2,1954,中性盘
469,14:02:00,9.76,-0.01,550,536800,卖盘
470,14:01:50,9.77,0.01,50,49279,买盘
471,14:01:20,9.76,-0.01,3,2928,卖盘
472,14:01:05,9.77,--,57,55689,买盘
473,14:00:45,9.77,--,5,4885,买盘
474,14:00:40,9.77,--,37,36696,卖盘
475,14:00:35,9.77,-0.01,88,85976,卖盘
476,14:00:20,9.78,0.01,1066,1042547,买盘
477,14:00:15,9.77,--,17,16609,卖盘
478,13:59:55,9.77,-0.01,120,117240,卖盘
479,13:59:50,9.78,0.01,7,6846,买盘
480,13:59:40,9.77,--,50,48850,卖盘
481,13:59:35,9.77,-0.01,3,2931,卖盘
482,13:59:25,9.78,0.01,7,6846,买盘
483,13:59:20,9.77,--,25,24425,卖盘
484,13:59:00,9.77,-0.01,26,25402,卖盘
485,13:58:40,9.78,--,7,6846,买盘
486,13:58:34,9.78,--,95,92910,卖盘
487,13:58:30,9.78,--,47,45966,卖盘
488,13:58:25,9.78,--,23,22494,卖盘
489,13:58:15,9.78,--,11,10758,卖盘
490,13:58:10,9.78,--,230,224939,卖盘
491,13:57:59,9.78,--,140,136920,卖盘
492,13:57:55,9.78,--,107,104646,卖盘
493,13:57:49,9.78,--,126,123227,卖盘
494,13:57:44,9.78,--,108,105624,卖盘
495,13:57:40,9.78,--,67,65525,卖盘
496,13:57:34,9.78,--,110,107580,卖盘
497,13:57:29,9.78,--,60,58679,卖盘
498,13:57:24,9.78,-0.01,78,76284,卖盘
499,13:57:04,9.79,--,77,75666,卖盘
500,13:56:59,9.79,--,30,29369,卖盘
501,13:56:54,9.79,--,354,346565,卖盘
502,13:56:49,9.79,--,3,2936,卖盘
503,13:56:34,9.79,--,20,19580,卖盘
504,13:56:24,9.79,--,60,58739,卖盘
505,13:56:19,9.79,-0.01,10,9790,卖盘
506,13:56:14,9.8,0.01,125,122500,买盘
507,13:56:09,9.79,--,500,489499,卖盘
508,13:56:04,9.79,-0.01,3,3622,卖盘
509,13:55:59,9.8,0.01,27,26460,买盘
510,13:55:54,9.79,-0.01,217,212442,卖盘
511,13:55:49,9.8,--,34,33320,买盘
512,13:55:44,9.8,--,2,1960,买盘
513,13:55:39,9.8,--,10,9800,买盘
514,13:55:34,9.8,--,32,31360,买盘
515,13:55:29,9.8,--,19,18620,买盘
516,13:55:24,9.8,--,3,2940,买盘
517,13:55:09,9.8,--,20,19600,买盘
518,13:55:04,9.8,--,1,980,买盘
519,13:54:59,9.8,--,57,55860,买盘
520,13:54:44,9.8,0.01,1,980,买盘
521,13:54:39,9.79,-0.01,11,10768,卖盘
522,13:54:24,9.8,--,8,7840,买盘
523,13:54:14,9.8,--,7,6860,买盘
524,13:54:04,9.8,0.01,349,342020,买盘
525,13:53:59,9.79,--,22,21537,卖盘
526,13:53:49,9.79,-0.01,189,185030,卖盘
527,13:53:44,9.8,--,19,18620,买盘
528,13:53:24,9.8,--,12,11760,买盘
529,13:53:14,9.8,--,30,29400,买盘
530,13:52:59,9.8,--,132,129360,买盘
531,13:52:49,9.8,--,5,4900,买盘
532,13:52:34,9.8,--,7,6860,买盘
533,13:52:29,9.8,--,104,101920,买盘
534,13:52:24,9.8,0.01,56,54880,买盘
535,13:52:14,9.79,-0.01,598,585442,卖盘
536,13:52:09,9.8,0.01,38,37240,买盘
537,13:52:04,9.79,--,10,9790,卖盘
538,13:51:59,9.79,--,3,2936,卖盘
539,13:51:44,9.79,--,19,18601,卖盘
540,13:51:19,9.79,-0.01,17,16643,卖盘
541,13:51:09,9.8,--,3,2940,买盘
542,13:50:58,9.8,0.01,6,5880,买盘
543,13:50:53,9.79,--,10,9790,卖盘
544,13:50:34,9.79,--,18,17631,卖盘
545,13:50:28,9.79,--,20,19580,卖盘
546,13:50:13,9.79,--,27,26432,卖盘
547,13:50:09,9.79,-0.01,70,68530,卖盘
548,13:50:04,9.8,--,7,6860,买盘
549,13:49:53,9.8,--,1,980,买盘
550,13:49:38,9.8,0.01,6,5880,买盘
551,13:49:23,9.79,--,14,13705,卖盘
552,13:49:18,9.79,--,15,14684,卖盘
553,13:49:08,9.79,-0.01,1,978,卖盘
554,13:49:03,9.8,0.01,7,6860,买盘
555,13:48:43,9.79,--,39,38181,卖盘
556,13:48:23,9.79,-0.01,29,28390,卖盘
557,13:48:13,9.8,0.01,8,7840,买盘
558,13:47:48,9.79,-0.01,14,13705,卖盘
559,13:47:38,9.8,0.01,5,4900,买盘
560,13:47:33,9.79,--,11,10768,卖盘
561,13:47:23,9.79,-0.01,50,48949,卖盘
562,13:46:38,9.8,--,2,1960,买盘
563,13:46:33,9.8,--,43,42140,买盘
564,13:46:28,9.8,--,9,8820,买盘
565,13:46:13,9.8,--,6,5880,买盘
566,13:46:03,9.8,--,7,6860,买盘
567,13:45:53,9.8,0.01,25,24500,买盘
568,13:45:48,9.79,-0.01,2,1957,卖盘
569,13:45:43,9.8,--,10,9800,买盘
570,13:45:38,9.8,0.01,8,7840,买盘
571,13:45:33,9.79,-0.01,100,97899,卖盘
572,13:45:18,9.8,--,7,6860,买盘
573,13:44:48,9.8,--,7,6860,买盘
574,13:44:43,9.8,0.01,106,103880,买盘
575,13:44:38,9.79,--,66,64613,卖盘
576,13:44:33,9.79,-0.01,24,23495,卖盘
577,13:44:18,9.8,--,7,6860,买盘
578,13:44:13,9.8,--,0,0,买盘
579,13:44:03,9.8,0.01,11,10780,买盘
580,13:43:53,9.79,--,95,93004,卖盘
581,13:43:48,9.79,-0.01,29,28390,卖盘
582,13:43:43,9.8,--,10,9800,买盘
583,13:43:27,9.8,--,7,6860,买盘
584,13:43:23,9.8,0.01,3,2940,买盘
585,13:43:18,9.79,-0.01,7,6852,卖盘
586,13:43:13,9.8,--,10,9800,买盘
587,13:43:03,9.8,0.01,30,29400,买盘
588,13:42:58,9.79,-0.01,1,978,卖盘
589,13:42:42,9.8,--,7,6860,买盘
590,13:42:18,9.8,--,8,7840,买盘
591,13:42:07,9.8,--,8,7840,买盘
592,13:42:03,9.8,--,22,21560,买盘
593,13:41:57,9.8,0.01,7,6860,买盘
594,13:41:38,9.79,-0.01,9,8811,卖盘
595,13:41:32,9.8,--,147,144060,买盘
596,13:41:27,9.8,--,107,104860,买盘
597,13:41:22,9.8,--,5,4900,买盘
598,13:41:18,9.8,--,10,9800,买盘
599,13:41:12,9.8,--,63,61740,买盘
600,13:41:02,9.8,0.01,109,106820,买盘
601,13:40:47,9.79,-0.01,23,22516,中性盘
602,13:40:42,9.8,0.02,508,497840,买盘
603,13:40:37,9.78,-0.02,172,168216,卖盘
604,13:40:27,9.8,0.02,20,19600,买盘
605,13:40:22,9.78,-0.02,13,12714,卖盘
606,13:40:17,9.8,--,7,6860,买盘
607,13:40:12,9.8,0.02,15,14700,买盘
608,13:40:07,9.78,-0.01,10,9780,卖盘
609,13:39:57,9.79,--,185,181114,买盘
610,13:39:47,9.79,--,8,7831,买盘
611,13:39:32,9.79,0.02,58,56781,买盘
612,13:39:22,9.77,-0.01,200,195400,卖盘
613,13:39:17,9.78,-0.01,39,38142,卖盘
614,13:39:12,9.79,--,12,11747,买盘
615,13:38:57,9.79,0.01,38,37202,买盘
616,13:38:47,9.78,-0.01,2,1955,卖盘
617,13:38:42,9.79,--,16,15663,买盘
618,13:38:27,9.79,--,5,4895,买盘
619,13:38:22,9.79,0.01,1,978,买盘
620,13:38:17,9.78,--,14,13692,卖盘
621,13:38:02,9.78,-0.01,30,29339,卖盘
622,13:37:42,9.79,--,5,4895,买盘
623,13:37:22,9.79,--,1,978,买盘
624,13:37:11,9.79,--,1,978,买盘
625,13:37:07,9.79,--,1,978,买盘
626,13:37:02,9.79,--,9,8811,卖盘
627,13:36:57,9.79,-0.01,2,1957,卖盘
628,13:36:52,9.8,0.01,7,6860,买盘
629,13:36:42,9.79,--,1,978,买盘
630,13:36:37,9.79,--,3,2936,买盘
631,13:36:27,9.79,--,52,50907,卖盘
632,13:36:17,9.79,-0.01,39,38181,卖盘
633,13:36:12,9.8,--,10,9800,买盘
634,13:36:07,9.8,--,120,117600,买盘
635,13:36:02,9.8,--,17,16660,买盘
636,13:35:56,9.8,--,5,4900,买盘
637,13:35:36,9.8,--,7,6860,买盘
638,13:35:27,9.8,-0.01,2,1960,卖盘
639,13:35:21,9.81,--,67,66217,买盘
640,13:35:12,9.81,0.01,7,6867,买盘
641,13:35:06,9.8,--,54,52920,卖盘
642,13:35:02,9.8,-0.01,57,56350,卖盘
643,13:34:57,9.81,0.01,25,24525,买盘
644,13:34:51,9.8,--,7,6860,卖盘
645,13:34:47,9.8,-0.01,70,68600,卖盘
646,13:34:41,9.81,--,25,24525,买盘
647,13:34:36,9.81,0.01,30,29430,买盘
648,13:34:26,9.8,--,6,5880,卖盘
649,13:34:06,9.8,-0.01,11,10780,卖盘
650,13:33:56,9.81,--,20,19620,买盘
651,13:33:51,9.81,0.01,3,2943,买盘
652,13:33:46,9.8,--,4,3920,卖盘
653,13:33:41,9.8,-0.01,50,49000,卖盘
654,13:33:21,9.81,--,7,6867,买盘
655,13:33:16,9.81,0.01,13,12753,买盘
656,13:33:11,9.8,--,10,9800,卖盘
657,13:33:06,9.8,-0.01,25,24500,卖盘
658,13:32:51,9.81,0.01,8,7848,买盘
659,13:32:41,9.8,--,45,44100,卖盘
660,13:32:36,9.8,--,401,392980,卖盘
661,13:32:26,9.8,-0.01,135,132300,卖盘
662,13:32:21,9.81,--,19,18639,买盘
663,13:32:11,9.81,0.01,48,47088,买盘
664,13:32:01,9.8,--,103,100940,卖盘
665,13:31:56,9.8,-0.01,50,49000,卖盘
666,13:31:51,9.81,0.01,5,4905,买盘
667,13:31:46,9.8,--,25,24500,卖盘
668,13:31:41,9.8,--,20,19600,卖盘
669,13:31:36,9.8,--,5,4900,卖盘
670,13:31:21,9.8,-0.01,6,5880,卖盘
671,13:31:11,9.81,0.01,10,9810,买盘
672,13:31:01,9.8,-0.01,83,81340,卖盘
673,13:30:51,9.81,0.01,326,319806,买盘
674,13:30:41,9.8,--,5,4900,卖盘
675,13:30:31,9.8,-0.01,5,4900,卖盘
676,13:30:21,9.81,--,17,16677,买盘
677,13:30:06,9.81,--,5,4905,买盘
678,13:30:01,9.81,0.01,12,11772,买盘
679,13:29:50,9.8,--,4,3920,卖盘
680,13:29:46,9.8,-0.01,20,19600,卖盘
681,13:29:41,9.81,0.01,70,68670,买盘
682,13:29:35,9.8,--,278,272440,卖盘
683,13:29:31,9.8,--,4,3920,卖盘
684,13:29:20,9.8,-0.01,23,22540,卖盘
685,13:29:16,9.81,0.01,17,16677,买盘
686,13:29:11,9.8,-0.01,5,4900,卖盘
687,13:29:05,9.81,--,2,1962,买盘
688,13:28:56,9.81,--,7,6867,买盘
689,13:28:50,9.81,0.01,1,981,买盘
690,13:28:46,9.8,-0.01,51,49980,卖盘
691,13:28:41,9.81,--,30,29430,买盘
692,13:28:35,9.81,--,17,16677,买盘
693,13:28:31,9.81,--,17,16677,买盘
694,13:28:20,9.81,0.01,14,13734,卖盘
695,13:28:15,9.8,--,10,9800,卖盘
696,13:28:11,9.8,-0.01,10,9800,卖盘
697,13:28:05,9.81,0.01,8,7848,卖盘
698,13:28:00,9.8,-0.02,22,21560,卖盘
699,13:27:56,9.82,0.01,8,7856,买盘
700,13:27:50,9.81,0.01,1,981,买盘
701,13:27:45,9.8,-0.01,72,70560,卖盘
702,13:27:35,9.81,0.01,2,1962,卖盘
703,13:27:30,9.8,--,28,27440,买盘
704,13:27:26,9.8,--,2,1960,买盘
705,13:27:20,9.8,0.01,10,9800,买盘
706,13:27:15,9.79,-0.03,17,16643,卖盘
707,13:27:10,9.82,--,0,0,买盘
708,13:27:05,9.82,0.02,1500,1473000,买盘
709,13:27:00,9.8,--,1010,989800,买盘
710,13:26:35,9.8,0.01,13,12740,买盘
711,13:26:25,9.79,--,62,60697,买盘
712,13:26:20,9.79,--,5,4895,买盘
713,13:26:15,9.79,--,50,48949,买盘
714,13:26:05,9.79,--,3,2936,买盘
715,13:26:00,9.79,--,58,56781,买盘
716,13:25:50,9.79,0.01,2,1957,买盘
717,13:25:40,9.78,-0.01,10,9780,卖盘
718,13:25:35,9.79,0.01,9,8811,买盘
719,13:25:30,9.78,-0.01,3,2934,卖盘
720,13:25:10,9.79,0.01,32,31327,买盘
721,13:25:05,9.78,--,10,9780,卖盘
722,13:25:00,9.78,--,11,10758,卖盘
723,13:24:35,9.78,-0.01,110,107580,卖盘
724,13:24:30,9.79,0.01,423,414116,买盘
725,13:24:25,9.78,-0.01,50,48900,卖盘
726,13:24:15,9.79,0.01,7,6852,买盘
727,13:24:10,9.78,-0.01,40,39120,卖盘
728,13:24:05,9.79,--,100,97899,买盘
729,13:23:55,9.79,0.01,11,10768,买盘
730,13:23:45,9.78,--,38,37164,卖盘
731,13:23:35,9.78,--,100,97800,卖盘
732,13:23:30,9.78,--,291,284598,买盘
733,13:23:25,9.78,--,41,40098,买盘
734,13:23:00,9.78,--,10,9780,买盘
735,13:22:54,9.78,--,3,2934,买盘
736,13:22:44,9.78,--,1,977,买盘
737,13:22:40,9.78,--,26,25428,卖盘
738,13:22:35,9.78,--,1,977,卖盘
739,13:22:29,9.78,-0.01,50,48900,卖盘
740,13:22:14,9.79,0.01,17,16643,买盘
741,13:22:10,9.78,-0.01,22,21516,卖盘
742,13:21:55,9.79,0.01,1,978,买盘
743,13:21:49,9.78,-0.01,36,35208,卖盘
744,13:21:44,9.79,0.01,13,12726,买盘
745,13:21:39,9.78,--,5,4890,卖盘
746,13:21:29,9.78,-0.01,10,9780,卖盘
747,13:21:24,9.79,--,42,41118,买盘
748,13:21:05,9.79,--,3,2936,买盘
749,13:20:59,9.79,--,27,26432,买盘
750,13:20:49,9.79,0.01,5,4895,买盘
751,13:20:44,9.78,--,5,4890,卖盘
752,13:20:34,9.78,-0.01,34,33252,卖盘
753,13:20:29,9.79,0.01,44,43075,买盘
754,13:20:19,9.78,--,1,977,卖盘
755,13:20:14,9.78,--,5,4890,卖盘
756,13:20:09,9.78,--,10,9780,卖盘
757,13:20:04,9.78,--,10,9780,卖盘
758,13:19:59,9.78,-0.01,24,23472,卖盘
759,13:19:54,9.79,0.01,9,8811,买盘
760,13:19:39,9.78,--,265,259169,买盘
761,13:19:34,9.78,--,10,9780,买盘
762,13:19:29,9.78,--,7,6846,买盘
763,13:19:24,9.78,--,1,977,卖盘
764,13:19:19,9.78,--,23,22494,卖盘
765,13:19:14,9.78,--,43,42054,卖盘
766,13:19:09,9.78,--,62,60635,卖盘
767,13:19:04,9.78,--,10,9780,卖盘
768,13:18:59,9.78,--,22,21516,卖盘
769,13:18:44,9.78,-0.01,10,9780,卖盘
770,13:18:34,9.79,0.02,174,170404,买盘
771,13:18:29,9.77,--,5,4885,卖盘
772,13:18:24,9.77,-0.01,33,32241,卖盘
773,13:18:19,9.78,0.01,300,293400,买盘
774,13:18:14,9.77,--,48,46896,卖盘
775,13:18:09,9.77,-0.01,5,4885,卖盘
776,13:17:59,9.78,0.01,8,7823,买盘
777,13:17:39,9.77,--,2,1954,卖盘
778,13:17:29,9.77,--,58,56666,卖盘
779,13:17:24,9.77,-0.01,32,31264,卖盘
780,13:17:14,9.78,0.01,200,195600,买盘
781,13:17:09,9.77,--,11,10747,卖盘
782,13:17:04,9.77,--,7,6839,卖盘
783,13:16:59,9.77,--,34,33218,卖盘
784,13:16:54,9.77,-0.01,25,24425,卖盘
785,13:16:44,9.78,0.01,8,7823,买盘
786,13:16:39,9.77,--,30,29310,卖盘
787,13:16:29,9.77,-0.01,502,490454,卖盘
788,13:16:24,9.78,0.01,45,44010,买盘
789,13:16:14,9.77,--,16,15632,卖盘
790,13:16:09,9.77,--,3,2931,卖盘
791,13:15:58,9.77,--,2,1954,卖盘
792,13:15:49,9.77,--,5,4885,卖盘
793,13:15:43,9.77,--,22,21494,卖盘
794,13:15:38,9.77,--,65,63505,卖盘
795,13:15:23,9.77,-0.01,22,21494,卖盘
796,13:15:04,9.78,-0.01,980,958811,卖盘
797,13:14:34,9.79,--,243,237896,卖盘
798,13:14:23,9.79,--,5,4895,卖盘
799,13:14:18,9.79,-0.01,15,14684,卖盘
800,13:14:08,9.8,--,16,15680,买盘
801,13:14:03,9.8,--,41,40180,买盘
802,13:13:58,9.8,0.01,37,36260,买盘
803,13:13:53,9.79,-0.01,10,9790,卖盘
804,13:13:38,9.8,--,11,10780,买盘
805,13:13:33,9.8,0.01,7,6860,买盘
806,13:13:23,9.79,--,30,29369,卖盘
807,13:13:13,9.79,-0.01,4,3915,卖盘
808,13:13:03,9.8,0.01,7,6860,买盘
809,13:12:53,9.79,-0.01,40,39160,卖盘
810,13:12:43,9.8,0.01,8,7840,买盘
811,13:12:28,9.79,-0.01,10,9790,卖盘
812,13:12:18,9.8,--,7,6860,买盘
813,13:12:08,9.8,--,18,17640,买盘
814,13:11:53,9.8,--,10,9800,买盘
815,13:11:48,9.8,--,10,9800,买盘
816,13:11:38,9.8,--,7,6860,买盘
817,13:11:33,9.8,--,6,5880,买盘
818,13:11:23,9.8,--,46,45080,买盘
819,13:11:08,9.8,--,7,6860,买盘
820,13:10:53,9.8,--,17,16660,买盘
821,13:10:43,9.8,--,16,15680,买盘
822,13:10:38,9.8,0.01,16,15680,买盘
823,13:10:33,9.79,--,3,2936,卖盘
824,13:10:23,9.79,--,8,7831,卖盘
825,13:10:03,9.79,-0.01,6,5873,卖盘
826,13:09:58,9.8,--,20,19600,买盘
827,13:09:53,9.8,--,4,3920,买盘
828,13:09:48,9.8,0.01,25,24500,买盘
829,13:09:28,9.79,-0.01,4,3915,卖盘
830,13:09:17,9.8,0.01,19,18620,买盘
831,13:09:07,9.79,--,15,14684,卖盘
832,13:08:58,9.79,-0.01,4,3915,卖盘
833,13:08:52,9.8,0.01,400,392000,买盘
834,13:08:47,9.79,0.01,4,3915,买盘
835,13:08:28,9.78,-0.01,26,25428,卖盘
836,13:08:17,9.79,--,1,978,买盘
837,13:08:13,9.79,--,8,7831,买盘
838,13:08:02,9.79,--,8,7831,买盘
839,13:07:57,9.79,--,8,7831,买盘
840,13:07:43,9.79,-0.01,92,90067,卖盘
841,13:07:37,9.8,--,7,6860,买盘
842,13:07:32,9.8,0.01,7,6860,买盘
843,13:07:28,9.79,-0.01,3,2936,卖盘
844,13:07:22,9.8,--,5,4900,买盘
845,13:07:12,9.8,--,5,4900,买盘
846,13:07:07,9.8,--,100,98000,买盘
847,13:07:02,9.8,0.01,64,62720,买盘
848,13:06:52,9.79,--,19,18601,卖盘
849,13:06:37,9.79,--,6,5873,卖盘
850,13:06:32,9.79,0.01,7,6852,买盘
851,13:06:02,9.78,-0.01,50,48900,卖盘
852,13:05:47,9.79,--,20,19580,买盘
853,13:05:42,9.79,--,7,6852,买盘
854,13:05:37,9.79,--,9,8811,卖盘
855,13:05:32,9.79,--,10,9790,卖盘
856,13:05:17,9.79,0.01,31,30348,买盘
857,13:05:02,9.78,-0.02,3,2934,卖盘
858,13:04:57,9.8,0.02,7,6860,买盘
859,13:04:52,9.78,-0.01,1,977,卖盘
860,13:04:47,9.79,--,29,28390,买盘
861,13:04:42,9.79,--,9,8811,买盘
862,13:04:37,9.79,--,30,29369,买盘
863,13:04:32,9.79,--,8,7831,买盘
864,13:04:22,9.79,--,0,0,中性盘
865,13:04:12,9.79,--,26,25453,买盘
866,13:04:07,9.79,--,41,40139,买盘
867,13:03:57,9.79,-0.01,7,6852,买盘
868,13:03:37,9.8,0.01,7,6860,买盘
869,13:03:17,9.79,--,8,7831,买盘
870,13:03:12,9.79,--,11,10768,买盘
871,13:02:41,9.79,--,7,6852,买盘
872,13:02:27,9.79,--,10,9790,买盘
873,13:02:01,9.79,--,2,1957,买盘
874,13:01:36,9.79,--,40,39160,买盘
875,13:01:26,9.79,--,51,50418,卖盘
876,13:01:22,9.79,--,20,19580,卖盘
877,13:01:01,9.79,--,8,7831,卖盘
878,13:00:41,9.79,--,82,80278,卖盘
879,13:00:26,9.79,-0.01,30,29369,卖盘
880,13:00:21,9.8,0.01,10,9800,买盘
881,13:00:11,9.79,--,32,31817,卖盘
882,13:00:07,9.79,-0.01,1047,1025012,卖盘
883,11:30:00,9.8,--,0,0,买盘
884,11:29:59,9.8,--,7,6860,买盘
885,11:29:53,9.8,--,21,20580,买盘
886,11:29:42,9.8,--,7,6860,买盘
887,11:29:36,9.8,0.01,5,4900,买盘
888,11:29:32,9.79,-0.01,5,4895,卖盘
889,11:29:17,9.8,--,246,241080,买盘
890,11:29:12,9.8,--,42,41160,买盘
891,11:28:51,9.8,--,6,5880,买盘
892,11:28:47,9.8,0.01,198,194040,买盘
893,11:28:36,9.79,-0.01,1,978,卖盘
894,11:28:32,9.8,--,1,980,买盘
895,11:28:21,9.8,--,32,31360,买盘
896,11:28:12,9.8,0.01,194,190120,买盘
897,11:28:02,9.79,-0.01,15,14684,卖盘
898,11:27:57,9.8,--,30,29400,卖盘
899,11:27:47,9.8,-0.01,168,164640,买盘
900,11:27:42,9.81,0.01,449,440469,买盘
901,11:27:32,9.8,--,57,55860,卖盘
902,11:27:27,9.8,--,62,60760,卖盘
903,11:27:21,9.8,--,50,49000,卖盘
904,11:27:12,9.8,--,50,49000,卖盘
905,11:27:02,9.8,-0.01,90,88200,卖盘
906,11:26:57,9.81,--,70,68670,买盘
907,11:26:47,9.81,0.01,56,54936,买盘
908,11:26:42,9.8,-0.01,51,49980,卖盘
909,11:26:36,9.81,--,22,21582,买盘
910,11:26:32,9.81,--,81,79461,买盘
911,11:26:17,9.81,0.01,60,58860,买盘
912,11:26:12,9.8,-0.01,19,18620,卖盘
913,11:26:02,9.81,--,168,164808,买盘
914,11:25:57,9.81,--,64,62784,卖盘
915,11:25:51,9.81,--,80,78480,买盘
916,11:25:47,9.81,--,80,78480,卖盘
917,11:25:42,9.81,-0.01,10,9810,卖盘
918,11:25:36,9.82,0.01,1,982,买盘
919,11:25:32,9.81,--,67,65727,卖盘
920,11:25:27,9.81,--,174,170694,买盘
921,11:25:21,9.81,0.01,254,249174,买盘
922,11:25:17,9.8,-0.01,101,98980,卖盘
923,11:25:11,9.81,--,2,1962,买盘
924,11:25:06,9.81,--,3,2943,买盘
925,11:25:02,9.81,--,12,11772,买盘
926,11:24:57,9.81,0.01,105,103005,买盘
927,11:24:47,9.8,-0.01,13,12740,卖盘
928,11:24:42,9.81,--,107,104967,买盘
929,11:24:36,9.81,0.01,237,232497,买盘
930,11:24:32,9.8,--,593,581140,买盘
931,11:24:27,9.8,--,10,9800,买盘
932,11:24:21,9.8,0.01,19,18620,买盘
933,11:24:16,9.79,-0.01,66,64613,卖盘
934,11:24:11,9.8,--,14,13720,买盘
935,11:23:57,9.8,0.01,20,19600,买盘
936,11:23:47,9.79,--,256,251338,买盘
937,11:23:36,9.79,--,7,6852,买盘
938,11:23:31,9.79,--,6,5873,买盘
939,11:23:26,9.79,0.01,113,110626,买盘
940,11:23:17,9.78,-0.01,248,242543,卖盘
941,11:23:12,9.79,0.01,7,6852,买盘
942,11:23:02,9.78,-0.01,16,15647,卖盘
943,11:22:57,9.79,--,4,3915,买盘
944,11:22:51,9.79,0.01,8,7831,买盘
945,11:22:47,9.78,--,3,2934,卖盘
946,11:22:41,9.78,-0.01,48,46944,卖盘
947,11:22:32,9.79,0.01,6,5873,买盘
948,11:22:26,9.78,--,5,4890,卖盘
949,11:22:15,9.78,-0.01,19,18582,卖盘
950,11:22:11,9.79,0.01,7,6852,买盘
951,11:21:26,9.78,--,22,21516,卖盘
952,11:21:21,9.78,-0.01,110,107580,卖盘
953,11:21:06,9.79,0.01,14,13705,买盘
954,11:21:00,9.78,-0.01,30,29339,卖盘
955,11:20:51,9.79,--,73,71467,买盘
956,11:20:45,9.79,0.01,105,102794,买盘
957,11:20:36,9.78,-0.01,21,20538,卖盘
958,11:20:21,9.79,--,127,124332,卖盘
959,11:20:11,9.79,--,44,43075,卖盘
960,11:19:56,9.79,--,40,39160,买盘
961,11:19:51,9.79,--,14,13705,买盘
962,11:19:45,9.79,--,42,41118,买盘
963,11:19:36,9.79,--,29,28390,买盘
964,11:19:30,9.79,--,10,9790,买盘
965,11:19:26,9.79,--,18,17622,中性盘
966,11:19:21,9.79,--,19,18601,卖盘
967,11:19:11,9.79,--,1,978,买盘
968,11:19:06,9.79,--,5,4895,买盘
969,11:19:00,9.79,--,31,30348,买盘
970,11:18:56,9.79,--,10,9790,买盘
971,11:18:45,9.79,--,26,25453,卖盘
972,11:18:41,9.79,--,61,59718,买盘
973,11:18:36,9.79,0.01,7,6852,买盘
974,11:18:30,9.78,-0.02,21,20538,卖盘
975,11:18:26,9.8,0.01,500,490000,买盘
976,11:18:11,9.79,0.02,57,56409,买盘
977,11:18:06,9.77,-0.01,63,61551,卖盘
978,11:18:00,9.78,-0.02,25,24821,卖盘
979,11:17:56,9.8,0.02,69,67620,买盘
980,11:17:51,9.78,-0.02,1068,1044503,卖盘
981,11:17:40,9.8,0.01,8,7840,买盘
982,11:17:36,9.79,--,782,766184,买盘
983,11:17:30,9.79,0.01,10,9790,买盘
984,11:17:20,9.78,--,33,32273,卖盘
985,11:17:11,9.78,-0.01,41,40098,卖盘
986,11:16:55,9.79,--,10,9790,买盘
987,11:16:50,9.79,0.01,7,6852,买盘
988,11:16:40,9.78,0.01,37,36186,买盘
989,11:16:35,9.77,-0.01,118,115286,卖盘
990,11:16:25,9.78,--,7,6846,买盘
991,11:16:20,9.78,0.01,148,145438,买盘
992,11:16:15,9.77,-0.01,15,14655,卖盘
993,11:16:10,9.78,--,3,2934,买盘
994,11:16:05,9.78,-0.01,6,5868,中性盘
995,11:16:00,9.79,0.02,7,6852,买盘
996,11:15:55,9.77,-0.02,31,30287,卖盘
997,11:15:45,9.79,0.02,5,4895,买盘
998,11:15:40,9.77,-0.02,20,19540,卖盘
999,11:15:35,9.79,0.02,98,95941,买盘
1000,11:15:30,9.77,--,32,31977,卖盘
1001,11:15:26,9.77,--,205,200285,卖盘
1002,11:15:20,9.77,-0.01,3,2931,卖盘
1003,11:15:15,9.78,--,10,9780,买盘
1004,11:15:10,9.78,--,19,18582,买盘
1005,11:14:56,9.78,--,15,14669,买盘
1006,11:14:45,9.78,0.01,5,4890,买盘
1007,11:14:40,9.77,--,24,23448,卖盘
1008,11:14:35,9.77,-0.01,2,1954,卖盘
1009,11:14:30,9.78,--,6,5868,买盘
1010,11:14:20,9.78,--,141,137898,买盘
1011,11:14:10,9.78,0.01,130,127139,买盘
1012,11:14:00,9.77,--,61,59597,卖盘
1013,11:13:50,9.77,-0.01,18,17586,卖盘
1014,11:13:45,9.78,0.01,3,2934,买盘
1015,11:13:39,9.77,-0.01,66,64482,卖盘
1016,11:13:30,9.78,--,9,8802,买盘
1017,11:13:24,9.78,--,10,9780,买盘
1018,11:13:15,9.78,--,8,7823,买盘
1019,11:13:09,9.78,--,2,1955,买盘
1020,11:13:00,9.78,--,9,8802,买盘
1021,11:12:50,9.78,0.01,8,7823,买盘
1022,11:12:45,9.77,--,15,14655,卖盘
1023,11:12:35,9.77,-0.01,1,977,卖盘
1024,11:12:30,9.78,0.01,20,19560,买盘
1025,11:12:20,9.77,--,1,977,卖盘
1026,11:12:15,9.77,-0.01,100,97700,卖盘
1027,11:12:05,9.78,0.01,23,22494,买盘
1028,11:12:00,9.77,--,33,32241,买盘
1029,11:11:50,9.77,--,263,256951,买盘
1030,11:11:35,9.77,--,5,4885,买盘
1031,11:11:30,9.77,--,7,6839,买盘
1032,11:11:24,9.77,--,26,25402,卖盘
1033,11:11:20,9.77,-0.01,8,7816,卖盘
1034,11:11:15,9.78,0.01,277,270906,买盘
1035,11:11:05,9.77,--,26,25402,卖盘
1036,11:11:00,9.77,--,7,6839,买盘
1037,11:10:39,9.77,--,26,25402,买盘
1038,11:10:30,9.77,--,10,9770,买盘
1039,11:10:20,9.77,0.01,86,84022,买盘
1040,11:10:15,9.76,-0.01,47,45872,卖盘
1041,11:10:09,9.77,0.01,2,1954,买盘
1042,11:10:05,9.76,-0.01,3,2928,卖盘
1043,11:10:00,9.77,--,35,34195,买盘
1044,11:09:54,9.77,--,34,33218,买盘
1045,11:09:45,9.77,--,46,44942,买盘
1046,11:09:39,9.77,--,14,13678,买盘
1047,11:09:35,9.77,--,3,2931,买盘
1048,11:09:30,9.77,--,2,1954,买盘
1049,11:09:20,9.77,--,6,5862,买盘
1050,11:09:15,9.77,0.01,14,13678,买盘
1051,11:09:09,9.76,-0.01,2,1952,卖盘
1052,11:09:05,9.77,--,10,9770,买盘
1053,11:09:00,9.77,-0.01,70,68390,卖盘
1054,11:08:54,9.78,0.01,7,6846,买盘
1055,11:08:45,9.77,-0.01,164,160228,卖盘
1056,11:08:39,9.78,0.01,13,12714,买盘
1057,11:08:29,9.77,-0.01,173,169021,卖盘
1058,11:08:24,9.78,--,35,34230,买盘
1059,11:08:19,9.78,--,9,8802,买盘
1060,11:08:15,9.78,0.01,59,57701,买盘
1061,11:08:09,9.77,-0.01,6,5862,卖盘
1062,11:08:04,9.78,0.01,10,9780,买盘
1063,11:07:59,9.77,--,4,3908,卖盘
1064,11:07:45,9.77,-0.01,40,39080,卖盘
1065,11:07:34,9.78,--,67,65525,买盘
1066,11:07:29,9.78,--,29,28361,买盘
1067,11:07:24,9.78,--,6,5868,买盘
1068,11:07:19,9.78,--,5,4890,买盘
1069,11:07:14,9.78,--,1,977,买盘
1070,11:07:09,9.78,--,7,6846,买盘
1071,11:06:59,9.78,--,3,2934,买盘
1072,11:06:54,9.78,--,50,48900,买盘
1073,11:06:44,9.78,0.01,41,40098,买盘
1074,11:06:34,9.77,-0.01,74,72298,卖盘
1075,11:06:29,9.78,--,6,5868,买盘
1076,11:06:24,9.78,0.01,7,6846,买盘
1077,11:06:14,9.77,-0.01,183,178791,卖盘
1078,11:06:03,9.78,--,20,19560,买盘
1079,11:05:59,9.78,0.01,304,297312,买盘
1080,11:05:54,9.77,--,50,48850,卖盘
1081,11:05:44,9.77,--,15,14655,卖盘
1082,11:05:39,9.77,-0.01,27,26379,卖盘
1083,11:05:33,9.78,0.01,20,19560,买盘
1084,11:05:29,9.77,--,1,977,卖盘
1085,11:05:14,9.77,--,10,9770,卖盘
1086,11:05:09,9.77,-0.01,42,41034,卖盘
1087,11:04:59,9.78,--,40,39120,买盘
1088,11:04:54,9.78,--,3,2934,买盘
1089,11:04:44,9.78,0.01,110,107580,买盘
1090,11:04:39,9.77,-0.01,40,39080,卖盘
1091,11:04:33,9.78,0.01,10,9780,买盘
1092,11:04:24,9.77,--,83,81735,卖盘
1093,11:04:18,9.77,--,20,19540,卖盘
1094,11:04:14,9.77,0.01,292,285752,买盘
1095,11:04:09,9.76,-0.01,8,7808,卖盘
1096,11:04:03,9.77,0.01,141,137757,买盘
1097,11:03:59,9.76,--,50,48800,卖盘
1098,11:03:54,9.76,--,34,33184,卖盘
1099,11:03:48,9.76,0.01,30,29280,买盘
1100,11:03:44,9.75,--,5,4875,卖盘
1101,11:03:39,9.75,--,57,55575,卖盘
1102,11:03:29,9.75,-0.01,23,22425,卖盘
1103,11:03:18,9.76,0.01,22,21472,买盘
1104,11:03:14,9.75,--,16,15600,卖盘
1105,11:03:09,9.75,-0.01,8,7800,卖盘
1106,11:02:59,9.76,--,67,65392,卖盘
1107,11:02:54,9.76,--,200,195200,卖盘
1108,11:02:48,9.76,--,15,14640,卖盘
1109,11:02:39,9.76,--,65,63440,卖盘
1110,11:02:18,9.76,-0.01,1,976,卖盘
1111,11:02:14,9.77,--,32,31264,买盘
1112,11:02:09,9.77,--,5,4885,买盘
1113,11:01:59,9.77,--,33,32749,卖盘
1114,11:01:54,9.77,--,80,78628,卖盘
1115,11:01:48,9.77,-0.01,55,53735,卖盘
1116,11:01:44,9.78,--,34,33252,买盘
1117,11:01:39,9.78,0.01,1,977,买盘
1118,11:01:33,9.77,--,90,87930,卖盘
1119,11:01:29,9.77,--,10,9770,卖盘
1120,11:01:24,9.77,--,119,116263,买盘
1121,11:01:14,9.77,--,100,97700,买盘
1122,11:01:09,9.77,--,15,14655,买盘
1123,11:00:53,9.77,0.01,17,16609,买盘
1124,11:00:48,9.76,-0.01,5,4880,卖盘
1125,11:00:39,9.77,--,128,125056,买盘
1126,11:00:33,9.77,--,11,10747,买盘
1127,11:00:28,9.77,--,137,133849,卖盘
1128,11:00:23,9.77,-0.01,5,4885,卖盘
1129,11:00:13,9.78,0.01,94,91932,买盘
1130,11:00:08,9.77,-0.01,67,65459,卖盘
1131,10:59:58,9.78,0.01,20,19560,买盘
1132,10:59:53,9.77,-0.01,10,9770,卖盘
1133,10:59:43,9.78,--,8,7823,买盘
1134,10:59:38,9.78,0.01,37,36186,买盘
1135,10:59:33,9.77,--,10,9770,卖盘
1136,10:59:28,9.77,-0.01,107,104539,卖盘
1137,10:59:23,9.78,0.01,13,12714,买盘
1138,10:59:13,9.77,-0.01,350,341950,卖盘
1139,10:59:08,9.78,--,6,5868,买盘
1140,10:59:03,9.78,--,33,32273,买盘
1141,10:58:58,9.78,--,26,25428,买盘
1142,10:58:53,9.78,--,2,1955,卖盘
1143,10:58:48,9.78,--,307,300246,卖盘
1144,10:58:42,9.78,-0.01,70,68460,卖盘
1145,10:58:38,9.79,--,1,978,买盘
1146,10:58:33,9.79,--,2,1957,买盘
1147,10:58:27,9.79,0.01,10,9790,买盘
1148,10:58:23,9.78,--,57,55745,卖盘
1149,10:58:12,9.78,-0.01,6,5868,卖盘
1150,10:58:08,9.79,--,9,8811,买盘
1151,10:58:03,9.79,--,228,223211,买盘
1152,10:57:53,9.79,--,53,51886,买盘
1153,10:57:48,9.79,--,1,978,买盘
1154,10:57:42,9.79,0.01,51,49928,买盘
1155,10:57:38,9.78,--,31,30317,卖盘
1156,10:57:33,9.78,-0.01,51,49878,卖盘
1157,10:57:23,9.79,0.01,11,10768,买盘
1158,10:57:18,9.78,--,18,17604,卖盘
1159,10:57:08,9.78,-0.01,45,44010,卖盘
1160,10:57:03,9.79,--,39,38181,买盘
1161,10:56:57,9.79,--,10,9790,买盘
1162,10:56:48,9.79,0.01,36,35244,买盘
1163,10:56:42,9.78,--,4,3911,卖盘
1164,10:56:38,9.78,-0.01,10,9780,卖盘
1165,10:56:33,9.79,0.01,54,52865,买盘
1166,10:56:27,9.78,-0.01,3,2934,卖盘
1167,10:56:23,9.79,--,20,19580,买盘
1168,10:56:18,9.79,--,9,8811,买盘
1169,10:56:12,9.79,0.01,30,29369,买盘
1170,10:56:08,9.78,-0.01,42,41076,卖盘
1171,10:55:57,9.79,--,119,116500,买盘
1172,10:55:53,9.79,--,34,33286,买盘
1173,10:55:48,9.79,0.01,19,18601,买盘
1174,10:55:42,9.78,-0.01,10,9780,卖盘
1175,10:55:38,9.79,--,200,195799,买盘
1176,10:55:33,9.79,--,28,27411,买盘
1177,10:55:23,9.79,--,22,21537,买盘
1178,10:55:18,9.79,0.01,1,978,买盘
1179,10:55:12,9.78,--,10,9780,卖盘
1180,10:55:03,9.78,--,20,19560,卖盘
1181,10:54:47,9.78,--,139,135942,卖盘
1182,10:54:38,9.78,--,55,53790,卖盘
1183,10:54:23,9.78,--,60,58679,买盘
1184,10:54:17,9.78,--,152,148656,卖盘
1185,10:54:08,9.78,-0.01,20,19560,卖盘
1186,10:54:02,9.79,0.01,5,4895,买盘
1187,10:53:57,9.78,--,2,1955,卖盘
1188,10:53:53,9.78,-0.01,2,1955,卖盘
1189,10:53:47,9.79,--,699,684320,卖盘
1190,10:53:42,9.79,-0.01,30,29369,卖盘
1191,10:53:37,9.8,0.01,33,32340,买盘
1192,10:53:32,9.79,-0.01,26,25453,卖盘
1193,10:53:27,9.8,--,10,9800,买盘
1194,10:53:23,9.8,0.01,50,49000,买盘
1195,10:53:17,9.79,-0.01,50,48949,卖盘
1196,10:53:12,9.8,--,40,39200,买盘
1197,10:53:07,9.8,--,161,157780,买盘
1198,10:53:02,9.8,--,22,21560,买盘
1199,10:52:52,9.8,0.01,251,245980,买盘
1200,10:52:47,9.79,--,70,68530,卖盘
1201,10:52:42,9.79,-0.01,20,19580,卖盘
1202,10:52:37,9.8,0.01,163,159740,买盘
1203,10:52:32,9.79,-0.01,51,49928,卖盘
1204,10:52:27,9.8,--,719,704620,买盘
1205,10:52:22,9.8,--,40,39200,买盘
1206,10:52:17,9.8,--,46,45080,买盘
1207,10:52:07,9.8,--,59,57820,买盘
1208,10:52:02,9.8,--,206,201880,买盘
1209,10:51:57,9.8,--,15,14700,买盘
1210,10:51:52,9.8,--,73,71540,卖盘
1211,10:51:47,9.8,--,297,291060,卖盘
1212,10:51:42,9.8,--,146,143080,卖盘
1213,10:51:37,9.8,-0.01,102,99960,卖盘
1214,10:51:32,9.81,--,173,169713,买盘
1215,10:51:27,9.81,0.01,45,44145,买盘
1216,10:51:21,9.8,-0.01,64,62720,卖盘
1217,10:51:17,9.81,0.01,458,449298,买盘
1218,10:51:12,9.8,--,25,24500,卖盘
1219,10:51:06,9.8,--,30,29400,卖盘
1220,10:51:02,9.8,--,333,326340,买盘
1221,10:50:57,9.8,--,6,5880,买盘
1222,10:50:47,9.8,0.01,144,141120,买盘
1223,10:50:42,9.79,--,313,306427,买盘
1224,10:50:36,9.79,--,33,32306,买盘
1225,10:50:32,9.79,--,103,100836,买盘
1226,10:50:27,9.79,--,10,9790,买盘
1227,10:50:16,9.79,0.01,130,127269,买盘
1228,10:50:12,9.78,0.01,11,10758,卖盘
1229,10:50:06,9.77,-0.01,96,93792,卖盘
1230,10:50:02,9.78,0.01,18,17604,买盘
1231,10:49:57,9.77,--,122,119194,卖盘
1232,10:49:51,9.77,-0.01,11,10747,卖盘
1233,10:49:47,9.78,0.01,141,137898,买盘
1234,10:49:42,9.77,0.01,40,39080,买盘
1235,10:49:36,9.76,--,4,3904,卖盘
1236,10:49:32,9.76,0.01,4,3904,买盘
1237,10:49:27,9.75,--,548,534300,买盘
1238,10:49:21,9.75,--,72,70200,买盘
1239,10:49:17,9.75,-0.03,547,533325,卖盘
1240,10:49:12,9.78,0.03,67,65525,买盘
1241,10:49:02,9.75,-0.03,1300,1267500,卖盘
1242,10:48:57,9.78,0.01,49,47922,买盘
1243,10:48:51,9.77,-0.01,155,151435,卖盘
1244,10:48:47,9.78,0.01,110,107580,中性盘
1245,10:48:42,9.77,-0.01,59,57643,卖盘
1246,10:48:32,9.78,-0.02,87,85086,卖盘
1247,10:48:27,9.8,0.02,176,172480,买盘
1248,10:48:21,9.78,-0.02,18,17604,卖盘
1249,10:48:17,9.8,--,121,118580,买盘
1250,10:48:12,9.8,--,200,196333,卖盘
1251,10:48:06,9.8,--,401,392980,卖盘
1252,10:48:02,9.8,--,258,252840,卖盘
1253,10:47:57,9.8,-0.01,156,152880,卖盘
1254,10:47:51,9.81,--,80,78480,买盘
1255,10:47:47,9.81,-0.01,514,504234,卖盘
1256,10:47:42,9.82,0.01,295,289690,买盘
1257,10:47:36,9.81,-0.01,230,225630,卖盘
1258,10:47:32,9.82,--,35,34370,买盘
1259,10:47:27,9.82,--,340,333880,卖盘
1260,10:47:21,9.82,0.01,385,378070,买盘
1261,10:47:16,9.81,-0.01,425,416925,卖盘
1262,10:47:12,9.82,-0.01,449,440918,卖盘
1263,10:47:06,9.83,0.02,114,112062,买盘
1264,10:47:02,9.81,-0.01,596,584676,卖盘
1265,10:46:56,9.82,0.01,1006,988736,买盘
1266,10:46:51,9.81,--,576,565056,卖盘
1267,10:46:47,9.81,--,310,304110,卖盘
1268,10:46:41,9.81,--,23,22563,买盘
1269,10:46:36,9.81,0.01,390,382590,买盘
1270,10:46:31,9.8,--,16,15680,卖盘
1271,10:46:26,9.8,--,919,901404,买盘
1272,10:46:21,9.8,--,25,24500,买盘
1273,10:46:16,9.8,0.01,1071,1049580,买盘
1274,10:46:06,9.79,--,34,33286,卖盘
1275,10:46:02,9.79,0.01,473,463066,买盘
1276,10:45:56,9.78,-0.01,206,201468,卖盘
1277,10:45:51,9.79,--,10,9790,买盘
1278,10:45:46,9.79,0.01,341,333839,买盘
1279,10:45:41,9.78,--,61,59657,买盘
1280,10:45:36,9.78,0.01,7,6846,买盘
1281,10:45:31,9.77,-0.02,10,9770,中性盘
1282,10:45:26,9.79,0.02,31,30348,买盘
1283,10:45:21,9.77,0.01,3,2931,买盘
1284,10:45:16,9.76,-0.01,280,273280,卖盘
1285,10:45:11,9.77,--,66,64482,卖盘
1286,10:45:06,9.77,--,221,216122,买盘
1287,10:45:01,9.77,--,274,267698,买盘
1288,10:44:56,9.77,--,149,145573,买盘
1289,10:44:51,9.77,--,20,19540,买盘
1290,10:44:46,9.77,--,27,26379,买盘
1291,10:44:41,9.77,--,90,87930,买盘
1292,10:44:36,9.77,--,8,7816,买盘
1293,10:44:31,9.77,0.01,2,1954,买盘
1294,10:44:26,9.76,-0.01,10,9760,卖盘
1295,10:44:21,9.77,--,100,97700,买盘
1296,10:44:11,9.77,0.01,7,6839,买盘
1297,10:44:06,9.76,0.01,426,415776,买盘
1298,10:43:56,9.75,--,198,193050,卖盘
1299,10:43:51,9.75,--,43,41925,卖盘
1300,10:43:45,9.75,-0.01,11,10725,卖盘
1301,10:43:41,9.76,0.01,10,9760,买盘
1302,10:43:36,9.75,-0.01,210,204750,卖盘
1303,10:43:30,9.76,0.01,33,32208,买盘
1304,10:43:26,9.75,-0.01,3,2925,卖盘
1305,10:43:21,9.76,--,215,209840,买盘
1306,10:43:11,9.76,-0.01,48,47814,卖盘
1307,10:43:06,9.77,0.01,80,78160,买盘
1308,10:43:00,9.76,-0.02,119,116144,卖盘
1309,10:42:56,9.78,0.01,1193,1166754,买盘
1310,10:42:51,9.77,--,35,34195,买盘
1311,10:42:40,9.77,--,473,462121,卖盘
1312,10:42:36,9.77,--,518,506095,卖盘
1313,10:42:30,9.77,-0.01,43,42011,卖盘
1314,10:42:25,9.78,--,51,49878,买盘
1315,10:42:21,9.78,0.01,157,153546,买盘
1316,10:42:15,9.77,-0.01,210,205170,卖盘
1317,10:42:10,9.78,--,188,183864,卖盘
1318,10:42:06,9.78,0.01,168,164304,买盘
1319,10:42:00,9.77,-0.01,355,346835,卖盘
1320,10:41:55,9.78,--,342,334476,买盘
1321,10:41:51,9.78,--,17,16626,买盘
1322,10:41:40,9.78,-0.01,134,131051,中性盘
1323,10:41:36,9.79,0.01,252,246903,买盘
1324,10:41:30,9.78,-0.01,150,146700,卖盘
1325,10:41:25,9.79,0.02,347,340447,买盘
1326,10:41:21,9.77,-0.01,86,84022,卖盘
1327,10:41:15,9.78,--,10,9780,买盘
1328,10:41:10,9.78,--,167,163326,买盘
1329,10:41:06,9.78,0.01,87,85134,买盘
1330,10:41:00,9.77,-0.01,359,351671,卖盘
1331,10:40:55,9.78,0.01,316,309096,买盘
1332,10:40:51,9.77,--,33,32241,卖盘
1333,10:40:40,9.77,0.01,500,488500,买盘
1334,10:40:36,9.76,-0.01,22,21472,卖盘
1335,10:40:30,9.77,0.01,37,36149,买盘
1336,10:40:25,9.76,--,221,215696,买盘
1337,10:40:21,9.76,--,15,14640,买盘
1338,10:40:10,9.76,-0.01,302,294752,卖盘
1339,10:40:05,9.77,--,179,174883,买盘
1340,10:40:00,9.77,0.01,23,22471,买盘
1341,10:39:55,9.76,--,220,214720,卖盘
1342,10:39:51,9.76,0.01,22,21472,卖盘
1343,10:39:45,9.75,-0.01,135,131625,卖盘
1344,10:39:40,9.76,0.01,66,64416,卖盘
1345,10:39:36,9.75,-0.01,341,332475,卖盘
1346,10:39:30,9.76,--,57,55632,买盘
1347,10:39:25,9.76,--,248,242048,买盘
1348,10:39:20,9.76,-0.01,120,117120,卖盘
1349,10:39:15,9.77,--,18,17586,买盘
1350,10:39:10,9.77,--,111,108447,买盘
1351,10:39:05,9.77,--,197,192469,买盘
1352,10:39:00,9.77,--,441,431101,卖盘
1353,10:38:55,9.77,-0.01,157,153389,卖盘
1354,10:38:50,9.78,0.01,1472,1440349,买盘
1355,10:38:45,9.77,-0.02,189,184653,卖盘
1356,10:38:40,9.79,0.01,515,504184,买盘
1357,10:38:35,9.78,-0.01,136,133008,卖盘
1358,10:38:30,9.79,--,199,194820,买盘
1359,10:38:25,9.79,-0.01,506,495373,卖盘
1360,10:38:20,9.8,--,397,389060,买盘
1361,10:38:15,9.8,--,328,321440,买盘
1362,10:38:10,9.8,--,635,622300,卖盘
1363,10:38:05,9.8,--,665,651700,卖盘
1364,10:38:00,9.8,-0.01,383,375340,买盘
1365,10:37:55,9.81,0.01,3109,3049929,买盘
1366,10:37:50,9.8,0.01,884,866810,买盘
1367,10:37:45,9.79,0.01,409,400900,买盘
1368,10:37:40,9.78,--,239,233741,卖盘
1369,10:37:35,9.78,0.01,460,449879,中性盘
1370,10:37:30,9.77,-0.02,1940,1895380,卖盘
1371,10:37:25,9.79,0.02,540,528660,买盘
1372,10:37:20,9.77,0.01,50,48850,买盘
1373,10:37:15,9.76,--,20,19520,卖盘
1374,10:37:10,9.76,0.02,1558,1520608,买盘
1375,10:37:05,9.74,--,1460,1422040,买盘
1376,10:37:00,9.74,0.01,442,430508,买盘
1377,10:36:55,9.73,--,215,209195,买盘
1378,10:36:50,9.73,--,220,214060,买盘
1379,10:36:45,9.73,--,275,267575,买盘
1380,10:36:40,9.73,-0.02,450,437850,卖盘
1381,10:36:35,9.75,0.02,336,327600,买盘
1382,10:36:30,9.73,-0.01,790,768670,中性盘
1383,10:36:25,9.74,0.01,376,366224,买盘
1384,10:36:20,9.73,-0.01,315,306495,卖盘
1385,10:36:15,9.74,--,281,273694,买盘
1386,10:36:10,9.74,0.01,155,150970,买盘
1387,10:36:05,9.73,--,110,107030,卖盘
1388,10:36:00,9.73,--,199,193627,卖盘
1389,10:35:50,9.73,--,30,29190,卖盘
1390,10:35:45,9.73,-0.01,35,34055,中性盘
1391,10:35:39,9.74,0.02,805,784070,买盘
1392,10:35:35,9.72,-0.01,360,349920,卖盘
1393,10:35:30,9.73,0.01,331,322063,买盘
1394,10:35:24,9.72,-0.01,35,34020,卖盘
1395,10:35:20,9.73,0.01,432,420336,买盘
1396,10:35:14,9.72,0.02,168,163296,买盘
1397,10:35:09,9.7,-0.01,83,80510,卖盘
1398,10:35:05,9.71,-0.01,450,436950,卖盘
1399,10:35:00,9.72,--,199,193428,买盘
1400,10:34:54,9.72,0.01,509,494748,买盘
1401,10:34:49,9.71,--,46,44666,卖盘
1402,10:34:45,9.71,--,24,23304,卖盘
1403,10:34:39,9.71,0.01,266,258286,买盘
1404,10:34:35,9.7,-0.01,179,173630,卖盘
1405,10:34:30,9.71,0.01,29,28159,买盘
1406,10:34:24,9.7,--,6,5820,买盘
1407,10:34:19,9.7,-0.02,29,28129,买盘
1408,10:34:15,9.72,--,0,0,买盘
1409,10:34:09,9.72,0.06,110,106920,买盘
1410,10:34:04,9.66,-0.04,207,200116,卖盘
1411,10:34:00,9.7,-0.01,733,711010,卖盘
1412,10:33:49,9.71,0.06,705,684555,买盘
1413,10:33:45,9.65,0.01,68,65620,买盘
1414,10:33:39,9.64,-0.01,10,9640,卖盘
1415,10:33:34,9.65,--,47,45355,买盘
1416,10:33:30,9.65,0.01,7,6755,买盘
1417,10:33:24,9.64,--,30,28920,卖盘
1418,10:33:19,9.64,--,71,68444,买盘
1419,10:33:15,9.64,--,106,102184,买盘
1420,10:33:09,9.64,--,1,964,买盘
1421,10:33:00,9.64,--,13,12532,买盘
1422,10:32:44,9.64,--,98,95281,卖盘
1423,10:32:39,9.64,-0.01,5,4820,卖盘
1424,10:32:34,9.65,0.01,17,16405,买盘
1425,10:32:29,9.64,0.01,226,218018,买盘
1426,10:32:14,9.63,-0.01,7,6741,卖盘
1427,10:31:59,9.64,--,10,9640,买盘
1428,10:31:54,9.64,0.01,7,6748,买盘
1429,10:31:44,9.63,0.01,82,78966,买盘
1430,10:31:39,9.62,-0.01,1,961,卖盘
1431,10:31:34,9.63,0.01,6,5778,买盘
1432,10:31:24,9.62,-0.01,30,28859,卖盘
1433,10:31:19,9.63,0.01,227,218601,买盘
1434,10:31:04,9.62,--,126,121211,卖盘
1435,10:30:59,9.62,-0.01,10,9620,卖盘
1436,10:30:54,9.63,0.01,1,963,买盘
1437,10:30:49,9.62,--,131,126021,卖盘
1438,10:30:44,9.62,-0.01,15,14429,卖盘
1439,10:30:34,9.63,0.01,58,55854,买盘
1440,10:30:29,9.62,--,4,3847,卖盘
1441,10:30:19,9.62,--,19,18278,卖盘
1442,10:30:09,9.62,-0.01,1,961,卖盘
1443,10:30:04,9.63,--,8,7704,买盘
1444,10:29:59,9.63,--,5,4815,卖盘
1445,10:29:54,9.63,--,53,51039,卖盘
1446,10:29:44,9.63,0.01,110,105930,买盘
1447,10:29:39,9.62,-0.01,15,14429,卖盘
1448,10:29:29,9.63,0.01,293,282159,买盘
1449,10:29:09,9.62,-0.01,10,9620,卖盘
1450,10:28:59,9.63,--,7,6741,买盘
1451,10:28:44,9.63,--,5,4815,买盘
1452,10:28:39,9.63,--,8,7704,买盘
1453,10:28:14,9.63,0.01,7,6741,买盘
1454,10:28:09,9.62,--,28,26935,买盘
1455,10:27:59,9.62,--,83,79846,卖盘
1456,10:27:49,9.62,-0.01,115,110629,卖盘
1457,10:27:44,9.63,0.01,11,10593,买盘
1458,10:27:29,9.62,-0.01,3,2885,卖盘
1459,10:27:24,9.63,0.01,17,16371,买盘
1460,10:27:18,9.62,--,96,92351,卖盘
1461,10:27:14,9.62,-0.01,10,9620,卖盘
1462,10:26:59,9.63,0.02,7,6741,买盘
1463,10:26:54,9.61,--,0,0,卖盘
1464,10:26:44,9.61,-0.01,10,9610,卖盘
1465,10:26:39,9.62,0.01,44,42328,买盘
1466,10:26:33,9.61,--,1,961,卖盘
1467,10:26:29,9.61,-0.01,3,2883,卖盘
1468,10:26:24,9.62,--,8,7695,买盘
1469,10:26:03,9.62,-0.01,175,168350,卖盘
1470,10:25:58,9.63,--,7,6741,买盘
1471,10:25:48,9.63,--,122,117486,买盘
1472,10:25:43,9.63,--,59,56817,买盘
1473,10:25:28,9.63,0.01,8,7704,买盘
1474,10:25:24,9.62,-0.01,18,17316,卖盘
1475,10:25:18,9.63,0.01,8,7704,买盘
1476,10:25:09,9.62,0.01,64,61567,买盘
1477,10:24:58,9.61,-0.01,210,201810,卖盘
1478,10:24:53,9.62,--,20,19240,买盘
1479,10:24:48,9.62,--,4,3847,买盘
1480,10:24:38,9.62,--,37,35594,买盘
1481,10:24:33,9.62,--,3,2885,买盘
1482,10:24:28,9.62,0.01,100,96199,买盘
1483,10:24:23,9.61,-0.01,9,9600,卖盘
1484,10:24:13,9.62,--,25,24049,买盘
1485,10:24:08,9.62,0.01,108,103895,买盘
1486,10:24:03,9.61,--,5,4805,卖盘
1487,10:23:58,9.61,-0.01,4,3844,卖盘
1488,10:23:53,9.62,--,10,9620,买盘
1489,10:23:48,9.62,--,66,63491,买盘
1490,10:23:43,9.62,0.01,105,101009,买盘
1491,10:23:38,9.61,--,13,12493,卖盘
1492,10:23:33,9.61,-0.01,33,31712,卖盘
1493,10:23:28,9.62,0.01,9,8658,买盘
1494,10:23:23,9.61,--,29,27869,卖盘
1495,10:23:18,9.61,--,5,4805,卖盘
1496,10:23:13,9.61,--,16,15376,卖盘
1497,10:23:08,9.61,-0.01,49,47089,卖盘
1498,10:22:58,9.62,--,15,14429,买盘
1499,10:22:53,9.62,0.01,7,6733,买盘
1500,10:22:43,9.61,--,0,0,卖盘
1501,10:22:38,9.61,-0.01,389,373829,卖盘
1502,10:22:33,9.62,-0.01,75,72150,卖盘
1503,10:22:28,9.63,0.01,8,7704,买盘
1504,10:22:23,9.62,--,3,2885,卖盘
1505,10:22:18,9.62,-0.01,63,60605,卖盘
1506,10:21:58,9.63,--,7,6741,买盘
1507,10:21:53,9.63,--,70,67410,卖盘
1508,10:21:48,9.63,--,15,14445,卖盘
1509,10:21:43,9.63,--,4,3852,卖盘
1510,10:21:38,9.63,--,179,172377,卖盘
1511,10:21:33,9.63,-0.01,45,43335,卖盘
1512,10:21:13,9.64,--,30,28920,买盘
1513,10:21:08,9.64,--,7,6748,买盘
1514,10:20:53,9.64,0.01,20,19280,买盘
1515,10:20:33,9.63,--,11,10593,卖盘
1516,10:20:18,9.63,0.01,34,32742,买盘
1517,10:20:13,9.62,--,8,7695,卖盘
1518,10:20:08,9.62,-0.01,5,4810,卖盘
1519,10:20:03,9.63,--,7,6741,买盘
1520,10:19:57,9.63,--,7,6741,买盘
1521,10:19:53,9.63,--,17,16371,卖盘
1522,10:19:48,9.63,--,3,2889,卖盘
1523,10:19:42,9.63,--,10,9630,卖盘
1524,10:19:33,9.63,-0.01,20,19260,卖盘
1525,10:18:57,9.64,0.01,10,9640,买盘
1526,10:18:42,9.63,-0.01,30,28890,卖盘
1527,10:18:22,9.64,--,88,85641,卖盘
1528,10:18:17,9.64,0.01,62,59922,买盘
1529,10:18:07,9.63,0.01,6,5778,中性盘
1530,10:18:02,9.62,-0.01,300,288600,卖盘
1531,10:17:57,9.63,0.01,15,14445,买盘
1532,10:17:52,9.62,--,10,9620,卖盘
1533,10:17:47,9.62,-0.01,39,37518,卖盘
1534,10:17:42,9.63,0.01,1,963,买盘
1535,10:17:37,9.62,--,108,103895,卖盘
1536,10:17:27,9.62,--,10,9620,卖盘
1537,10:17:22,9.62,--,64,61567,卖盘
1538,10:17:02,9.62,--,10,9620,卖盘
1539,10:16:57,9.62,-0.01,27,25973,卖盘
1540,10:16:47,9.63,--,5,4815,买盘
1541,10:16:32,9.63,--,54,52002,卖盘
1542,10:16:26,9.63,--,7,6741,卖盘
1543,10:16:22,9.63,--,14,13482,卖盘
1544,10:16:02,9.63,-0.01,41,39483,卖盘
1545,10:15:57,9.64,--,7,7557,卖盘
1546,10:15:52,9.64,--,78,75192,卖盘
1547,10:15:47,9.64,--,104,100410,卖盘
1548,10:15:26,9.64,-0.01,100,96400,卖盘
1549,10:15:17,9.65,--,13,12545,卖盘
1550,10:15:12,9.65,--,216,208440,卖盘
1551,10:15:07,9.65,--,1,965,卖盘
1552,10:15:02,9.65,--,101,97465,卖盘
1553,10:14:57,9.65,--,4,3860,卖盘
1554,10:14:52,9.65,--,7,6755,卖盘
1555,10:14:47,9.65,--,4,3860,卖盘
1556,10:14:41,9.65,-0.01,8,7720,卖盘
1557,10:14:32,9.66,--,20,19320,买盘
1558,10:14:27,9.66,0.01,22,21252,买盘
1559,10:14:22,9.65,--,3,2895,卖盘
1560,10:14:17,9.65,-0.01,46,44390,卖盘
1561,10:14:07,9.66,0.01,64,61824,买盘
1562,10:14:02,9.65,--,3,2895,卖盘
1563,10:13:57,9.65,--,8,7720,卖盘
1564,10:13:52,9.65,--,18,17370,卖盘
1565,10:13:47,9.65,-0.01,12,11580,卖盘
1566,10:13:37,9.66,--,1,966,买盘
1567,10:13:32,9.66,--,10,9660,买盘
1568,10:13:17,9.66,--,5,4830,买盘
1569,10:13:11,9.66,--,4,3864,买盘
1570,10:13:07,9.66,0.01,20,19320,买盘
1571,10:13:02,9.65,--,12,11580,卖盘
1572,10:12:57,9.65,-0.01,6,5790,卖盘
1573,10:12:42,9.66,--,30,28980,买盘
1574,10:12:32,9.66,--,3,2898,买盘
1575,10:12:22,9.66,--,33,31878,买盘
1576,10:12:17,9.66,--,30,28980,卖盘
1577,10:12:05,9.66,--,45,43470,买盘
1578,10:11:57,9.66,--,20,19320,买盘
1579,10:11:50,9.66,--,1,966,买盘
1580,10:11:47,9.66,--,131,126546,买盘
1581,10:11:36,9.66,--,20,19320,买盘
1582,10:11:21,9.66,--,10,9660,买盘
1583,10:11:16,9.66,0.01,150,144900,买盘
1584,10:11:11,9.65,--,391,377315,卖盘
1585,10:11:06,9.65,-0.01,55,53075,卖盘
1586,10:10:46,9.66,0.01,17,16422,买盘
1587,10:10:31,9.65,--,18,17370,卖盘
1588,10:10:26,9.65,--,40,38600,卖盘
1589,10:10:16,9.65,--,20,19300,卖盘
1590,10:10:06,9.65,--,20,19300,卖盘
1591,10:09:41,9.65,0.01,89,85885,买盘
1592,10:09:31,9.64,-0.01,50,48200,卖盘
1593,10:09:26,9.65,--,93,89745,买盘
1594,10:09:21,9.65,--,50,48250,买盘
1595,10:09:01,9.65,--,10,9650,买盘
1596,10:08:56,9.65,--,15,14475,买盘
1597,10:08:46,9.65,0.01,15,14475,买盘
1598,10:08:41,9.64,-0.01,273,263172,卖盘
1599,10:08:31,9.65,--,10,9650,买盘
1600,10:08:06,9.65,--,26,25090,卖盘
1601,10:07:51,9.65,--,1,965,卖盘
1602,10:07:40,9.65,--,53,51145,卖盘
1603,10:07:35,9.65,-0.01,133,128345,卖盘
1604,10:07:31,9.66,--,30,28980,买盘
1605,10:07:06,9.66,0.01,5,4830,买盘
1606,10:06:31,9.65,--,53,51145,卖盘
1607,10:06:21,9.65,--,2,1930,卖盘
1608,10:06:16,9.65,--,52,50180,卖盘
1609,10:06:10,9.65,--,23,22195,卖盘
1610,10:06:05,9.65,--,60,57900,卖盘
1611,10:06:01,9.65,--,5,4825,卖盘
1612,10:05:46,9.65,-0.01,6,5790,卖盘
1613,10:05:40,9.66,0.01,82,79212,买盘
1614,10:05:20,9.65,--,3,2895,卖盘
1615,10:04:55,9.65,--,30,28950,卖盘
1616,10:04:36,9.65,-0.01,1,965,卖盘
1617,10:04:25,9.66,0.01,35,33810,买盘
1618,10:04:20,9.65,-0.01,106,102290,卖盘
1619,10:04:10,9.66,0.01,12,11592,买盘
1620,10:03:55,9.65,--,3,2895,卖盘
1621,10:03:50,9.65,-0.01,1,965,卖盘
1622,10:03:40,9.66,0.01,10,9660,买盘
1623,10:03:35,9.65,-0.01,4,3860,卖盘
1624,10:03:14,9.66,0.01,3,2898,买盘
1625,10:03:10,9.65,-0.01,14,13510,卖盘
1626,10:02:55,9.66,--,20,19320,买盘
1627,10:02:40,9.66,--,31,29946,卖盘
1628,10:02:35,9.66,--,40,38640,卖盘
1629,10:02:29,9.66,--,13,12558,卖盘
1630,10:02:25,9.66,--,2,1932,卖盘
1631,10:02:20,9.66,--,25,24150,卖盘
1632,10:02:05,9.66,--,13,12558,买盘
1633,10:01:59,9.66,--,10,9660,买盘
1634,10:01:55,9.66,0.01,91,87906,买盘
1635,10:01:50,9.65,-0.02,14,13510,卖盘
1636,10:01:35,9.67,--,50,48350,买盘
1637,10:01:20,9.67,0.02,4,3868,卖盘
1638,10:01:14,9.65,--,0,0,卖盘
1639,10:01:10,9.65,-0.02,40,38600,卖盘
1640,10:01:05,9.67,--,84,81228,卖盘
1641,10:00:59,9.67,0.01,143,138281,买盘
1642,10:00:55,9.66,--,7,6762,买盘
1643,10:00:50,9.66,--,172,166152,卖盘
1644,10:00:44,9.66,--,4,3864,卖盘
1645,10:00:25,9.66,0.01,7,6762,卖盘
1646,10:00:04,9.65,--,0,0,卖盘
1647,09:59:59,9.65,--,254,245110,买盘
1648,09:59:49,9.65,0.01,19,18335,买盘
1649,09:59:44,9.64,-0.01,3,2892,卖盘
1650,09:59:34,9.65,0.01,14,13510,买盘
1651,09:59:29,9.64,-0.01,9,8676,卖盘
1652,09:59:19,9.65,0.01,51,49215,买盘
1653,09:58:54,9.64,-0.01,13,12532,卖盘
1654,09:58:44,9.65,--,5,4825,买盘
1655,09:58:34,9.65,--,10,9650,买盘
1656,09:58:29,9.65,0.01,6,5790,买盘
1657,09:58:19,9.64,--,3,2892,卖盘
1658,09:58:14,9.64,-0.01,200,192800,卖盘
1659,09:58:04,9.65,0.01,10,9650,买盘
1660,09:57:59,9.64,-0.01,124,119536,卖盘
1661,09:57:49,9.65,--,10,9650,买盘
1662,09:57:40,9.65,0.01,8,7720,买盘
1663,09:57:34,9.64,-0.01,2,1928,卖盘
1664,09:57:29,9.65,0.01,13,12545,买盘
1665,09:57:19,9.64,-0.01,1,964,卖盘
1666,09:57:14,9.65,--,3,2895,买盘
1667,09:57:09,9.65,--,33,31845,买盘
1668,09:56:59,9.65,--,10,9650,买盘
1669,09:56:55,9.65,--,10,9650,买盘
1670,09:56:19,9.65,0.01,51,49215,买盘
1671,09:56:04,9.64,--,3,2892,卖盘
1672,09:55:59,9.64,-0.01,1,964,卖盘
1673,09:55:49,9.65,0.01,6,5790,买盘
1674,09:55:44,9.64,-0.01,22,21208,卖盘
1675,09:55:34,9.65,--,5,4825,买盘
1676,09:55:29,9.65,0.01,272,262480,买盘
1677,09:55:19,9.64,-0.01,2,1928,卖盘
1678,09:55:14,9.65,--,23,22195,买盘
1679,09:54:49,9.65,0.01,20,19300,买盘
1680,09:54:44,9.64,-0.01,230,221720,卖盘
1681,09:54:38,9.65,--,12,11580,买盘
1682,09:54:34,9.65,--,32,30889,卖盘
1683,09:54:29,9.65,--,2,1930,卖盘
1684,09:54:08,9.65,--,5,4825,卖盘
1685,09:53:59,9.65,--,25,24125,卖盘
1686,09:53:53,9.65,--,70,68505,买盘
1687,09:53:49,9.65,--,105,101325,买盘
1688,09:53:44,9.65,--,7,6755,买盘
1689,09:53:38,9.65,--,52,50180,买盘
1690,09:53:33,9.65,-0.01,65,62734,卖盘
1691,09:53:14,9.66,0.01,81,78246,买盘
1692,09:52:58,9.65,--,0,0,卖盘
1693,09:52:53,9.65,--,51,49215,卖盘
1694,09:52:48,9.65,-0.01,1,965,卖盘
1695,09:52:43,9.66,0.01,52,50232,买盘
1696,09:52:28,9.65,--,70,67550,卖盘
1697,09:52:23,9.65,-0.01,30,28950,卖盘
1698,09:52:18,9.66,0.01,132,127512,买盘
1699,09:52:13,9.65,--,25,25080,卖盘
1700,09:52:08,9.65,--,16,15440,买盘
1701,09:51:58,9.65,--,34,32810,卖盘
1702,09:51:48,9.65,0.01,20,19300,卖盘
1703,09:51:43,9.64,-0.01,200,192800,卖盘
1704,09:51:38,9.65,--,10,9650,卖盘
1705,09:51:33,9.65,--,4,3860,卖盘
1706,09:51:28,9.65,--,28,27020,买盘
1707,09:51:23,9.65,--,19,18335,买盘
1708,09:51:13,9.65,--,9,8685,买盘
1709,09:51:08,9.65,0.01,20,19300,买盘
1710,09:51:03,9.64,--,26,25064,卖盘
1711,09:50:58,9.64,-0.01,20,19280,卖盘
1712,09:50:53,9.65,0.01,50,48250,买盘
1713,09:50:48,9.64,-0.01,4,3856,卖盘
1714,09:50:38,9.65,--,117,112905,买盘
1715,09:50:33,9.65,0.01,10,9650,买盘
1716,09:50:23,9.64,--,3,2892,卖盘
1717,09:50:18,9.64,-0.01,50,48200,卖盘
1718,09:50:13,9.65,--,7,6755,卖盘
1719,09:50:08,9.65,--,90,86850,卖盘
1720,09:50:03,9.65,-0.01,120,115800,卖盘
1721,09:49:58,9.66,0.01,219,211554,买盘
1722,09:49:53,9.65,--,23,22195,卖盘
1723,09:49:48,9.65,--,209,201685,卖盘
1724,09:49:43,9.65,-0.01,10,9650,卖盘
1725,09:49:38,9.66,0.01,5,4830,买盘
1726,09:49:28,9.65,--,42,40530,卖盘
1727,09:49:08,9.65,--,20,19300,卖盘
1728,09:48:58,9.65,--,40,38600,卖盘
1729,09:48:43,9.65,--,0,0,卖盘
1730,09:48:38,9.65,-0.01,14,13510,卖盘
1731,09:48:33,9.66,--,1,966,卖盘
1732,09:48:28,9.66,--,10,9660,卖盘
1733,09:48:23,9.66,--,280,270480,卖盘
1734,09:48:18,9.66,-0.01,3,2898,卖盘
1735,09:48:13,9.67,--,24,23208,卖盘
1736,09:48:08,9.67,--,73,70591,卖盘
1737,09:48:03,9.67,-0.01,140,135380,卖盘
1738,09:47:53,9.68,-0.01,242,234740,卖盘
1739,09:47:48,9.69,0.01,10,9690,买盘
1740,09:47:43,9.68,--,221,213928,卖盘
1741,09:47:38,9.68,--,74,71632,卖盘
1742,09:47:28,9.68,--,29,28072,卖盘
1743,09:47:23,9.68,--,74,71632,卖盘
1744,09:47:17,9.68,--,3,2904,卖盘
1745,09:46:58,9.68,--,23,22264,卖盘
1746,09:46:47,9.68,--,20,19360,卖盘
1747,09:46:43,9.68,-0.01,1,1200,卖盘
1748,09:46:32,9.69,0.01,50,48450,买盘
1749,09:46:28,9.68,-0.01,1,1210,卖盘
1750,09:46:07,9.69,--,34,33197,买盘
1751,09:46:02,9.69,0.01,2,1938,买盘
1752,09:45:52,9.68,-0.01,201,194810,卖盘
1753,09:45:47,9.69,0.01,11,10659,买盘
1754,09:45:32,9.68,--,45,43560,卖盘
1755,09:45:07,9.68,-0.01,70,67760,卖盘
1756,09:44:52,9.69,0.01,58,56202,买盘
1757,09:44:47,9.68,--,99,95832,卖盘
1758,09:44:42,9.68,-0.01,26,25168,卖盘
1759,09:44:32,9.69,0.01,2,1938,买盘
1760,09:44:17,9.68,-0.01,11,10648,卖盘
1761,09:44:07,9.69,0.01,144,139536,买盘
1762,09:44:02,9.68,--,18,17424,卖盘
1763,09:43:52,9.68,--,1,968,卖盘
1764,09:43:32,9.68,-0.01,14,13552,卖盘
1765,09:43:27,9.69,0.01,41,39729,买盘
1766,09:43:22,9.68,--,21,20328,卖盘
1767,09:43:17,9.68,-0.01,15,14520,卖盘
1768,09:43:07,9.69,--,65,63711,卖盘
1769,09:43:02,9.69,--,10,9690,卖盘
1770,09:42:52,9.69,--,71,69283,买盘
1771,09:42:27,9.69,0.01,13,12597,买盘
1772,09:42:22,9.68,-0.01,2,2178,卖盘
1773,09:42:17,9.69,--,79,76551,买盘
1774,09:42:07,9.69,--,29,28101,买盘
1775,09:42:02,9.69,--,114,110466,卖盘
1776,09:41:52,9.69,--,20,19380,卖盘
1777,09:41:47,9.69,0.01,141,136629,买盘
1778,09:41:37,9.68,--,2,1936,卖盘
1779,09:41:22,9.68,0.01,924,894432,买盘
1780,09:41:17,9.67,--,6,5802,买盘
1781,09:41:12,9.67,0.01,667,644989,买盘
1782,09:41:07,9.66,-0.01,424,409584,卖盘
1783,09:41:02,9.67,0.01,3,2901,买盘
1784,09:40:57,9.66,--,1,966,卖盘
1785,09:40:47,9.66,--,406,392196,卖盘
1786,09:40:37,9.66,-0.01,315,304290,卖盘
1787,09:40:32,9.67,0.01,14,13538,买盘
1788,09:40:22,9.66,--,27,26082,卖盘
1789,09:40:17,9.66,-0.01,27,26082,卖盘
1790,09:40:07,9.67,0.01,90,87030,买盘
1791,09:40:02,9.66,-0.01,50,48300,卖盘
1792,09:39:56,9.67,-0.01,60,58020,卖盘
1793,09:39:52,9.68,0.01,26,25168,买盘
1794,09:39:47,9.67,--,22,21274,卖盘
1795,09:39:41,9.67,--,10,9670,卖盘
1796,09:39:26,9.67,--,1,967,卖盘
1797,09:39:16,9.67,--,68,65756,卖盘
1798,09:39:06,9.67,--,18,17406,卖盘
1799,09:38:52,9.67,--,2,1934,卖盘
1800,09:38:46,9.67,-0.01,4,3868,买盘
1801,09:38:41,9.68,0.01,41,39688,买盘
1802,09:38:36,9.67,--,41,39647,卖盘
1803,09:38:26,9.67,0.01,11,10637,卖盘
1804,09:38:21,9.66,--,0,0,卖盘
1805,09:38:16,9.66,-0.01,5,4830,卖盘
1806,09:38:11,9.67,--,7,6769,卖盘
1807,09:38:06,9.67,--,169,163423,买盘
1808,09:38:01,9.67,--,10,9670,买盘
1809,09:37:46,9.67,0.02,10,9670,买盘
1810,09:37:41,9.65,-0.03,5,4825,卖盘
1811,09:37:31,9.68,--,10,9680,买盘
1812,09:37:26,9.68,0.03,11,10648,买盘
1813,09:37:21,9.65,-0.03,10,9650,卖盘
1814,09:37:16,9.68,0.03,1,968,中性盘
1815,09:37:06,9.65,-0.03,133,128345,卖盘
1816,09:37:01,9.68,--,247,239096,卖盘
1817,09:36:56,9.68,--,119,115192,卖盘
1818,09:36:41,9.68,--,20,19360,卖盘
1819,09:36:36,9.68,--,100,96800,卖盘
1820,09:36:31,9.68,--,4,3872,卖盘
1821,09:36:26,9.68,--,31,30008,卖盘
1822,09:36:16,9.68,--,1,968,卖盘
1823,09:36:11,9.68,-0.01,50,48400,卖盘
1824,09:35:51,9.69,0.01,1,969,买盘
1825,09:35:46,9.68,-0.01,300,290400,卖盘
1826,09:35:41,9.69,--,6,5814,买盘
1827,09:35:26,9.69,-0.01,5,4845,卖盘
1828,09:35:21,9.7,0.01,5,4850,买盘
1829,09:35:16,9.69,--,69,66861,卖盘
1830,09:34:56,9.69,--,149,144381,卖盘
1831,09:34:51,9.69,-0.01,17,16473,卖盘
1832,09:34:46,9.7,--,11,10670,买盘
1833,09:34:41,9.7,--,80,77600,买盘
1834,09:34:31,9.7,0.01,43,41710,卖盘
1835,09:34:26,9.69,-0.01,159,154071,卖盘
1836,09:34:21,9.7,--,79,76630,买盘
1837,09:34:16,9.7,--,1,969,买盘
1838,09:34:06,9.7,--,10,9700,买盘
1839,09:34:01,9.7,--,18,17460,买盘
1840,09:33:56,9.7,--,377,365690,卖盘
1841,09:33:51,9.7,--,14,13579,卖盘
1842,09:33:46,9.7,-0.01,16,15519,卖盘
1843,09:33:41,9.71,0.01,2,1942,买盘
1844,09:33:31,9.7,--,129,125129,卖盘
1845,09:33:26,9.7,--,82,79540,买盘
1846,09:33:16,9.7,--,10,9700,买盘
1847,09:33:11,9.7,--,33,32009,买盘
1848,09:33:06,9.7,--,205,198849,买盘
1849,09:32:56,9.7,0.01,177,171690,买盘
1850,09:32:51,9.69,-0.01,10,9690,卖盘
1851,09:32:46,9.7,--,22,21340,买盘
1852,09:32:41,9.7,0.01,5,4850,买盘
1853,09:32:36,9.69,--,127,123063,卖盘
1854,09:32:26,9.69,--,110,106590,卖盘
1855,09:32:16,9.69,-0.01,7,6783,卖盘
1856,09:32:10,9.7,0.01,10,9700,买盘
1857,09:32:05,9.69,--,720,697680,买盘
1858,09:32:01,9.69,--,10,9690,买盘
1859,09:31:55,9.69,0.01,33,31977,买盘
1860,09:31:50,9.68,-0.01,24,23232,卖盘
1861,09:31:46,9.69,--,30,29070,买盘
1862,09:31:40,9.69,--,40,38760,买盘
1863,09:31:35,9.69,0.01,65,62985,买盘
1864,09:31:31,9.68,-0.01,60,58080,卖盘
1865,09:31:25,9.69,--,9,8721,卖盘
1866,09:31:20,9.69,--,5,4845,卖盘
1867,09:31:16,9.69,-0.01,14,13566,卖盘
1868,09:31:05,9.7,--,5,4850,买盘
1869,09:31:00,9.7,--,3,2910,买盘
1870,09:30:50,9.7,0.01,132,128039,买盘
1871,09:30:45,9.69,-0.01,8,7752,卖盘
1872,09:30:40,9.7,0.01,20,19400,买盘
1873,09:30:30,9.69,--,20,19380,卖盘
1874,09:30:25,9.69,-0.01,30,29070,卖盘
1875,09:30:20,9.7,0.01,10,9700,买盘
1876,09:30:15,9.69,--,37,35853,买盘
1877,09:30:10,9.69,--,240,232560,买盘
1878,09:30:05,9.69,--,2205,2136645,卖盘
1879,09:28:47,9.69,--,0,0,卖盘
1880,09:25:08,9.69,9.69,160,155040,买盘
