,time,price,change,volume,amount,type
0,15:00:00,10.15,--,0,0,中性盘
1,15:00:00,10.15,--,0,0,中性盘
2,14:59:58,10.15,0.01,5,5075,中性盘
3,14:59:53,10.14,-0.01,305,309270,卖盘
4,14:59:49,10.15,--,6,6090,卖盘
5,14:59:43,10.15,--,30,30450,卖盘
6,14:59:38,10.15,--,151,153265,买盘
7,14:59:33,10.15,0.01,91,92365,买盘
8,14:59:28,10.14,--,213,215982,卖盘
9,14:59:23,10.14,-0.01,425,430950,卖盘
10,14:59:18,10.15,0.01,24,24360,买盘
11,14:59:13,10.14,--,15,15210,卖盘
12,14:59:08,10.14,-0.01,134,135876,卖盘
13,14:59:03,10.15,0.01,1,1015,买盘
14,14:58:58,10.14,--,90,91260,卖盘
15,14:58:53,10.14,--,61,61854,卖盘
16,14:58:48,10.14,--,12,12168,卖盘
17,14:58:43,10.14,--,55,55770,卖盘
18,14:58:38,10.14,--,28,28392,卖盘
19,14:58:33,10.14,--,7,7098,卖盘
20,14:58:28,10.14,--,33,33462,卖盘
21,14:58:23,10.14,--,2,2028,卖盘
22,14:58:18,10.14,--,9,9126,卖盘
23,14:58:13,10.14,-0.01,179,181506,买盘
24,14:58:08,10.15,0.02,2,2030,买盘
25,14:58:03,10.13,--,20,20260,卖盘
26,14:57:58,10.13,-0.01,104,105352,卖盘
27,14:57:53,10.14,--,18,18252,卖盘
28,14:57:43,10.14,0.01,18,18252,买盘
29,14:57:38,10.13,--,27,27351,卖盘
30,14:57:28,10.13,-0.02,22,22286,卖盘
31,14:57:23,10.15,--,0,0,买盘
32,14:57:13,10.15,0.02,21,21315,买盘
33,14:57:07,10.13,-0.02,586,593618,卖盘
34,14:57:03,10.15,0.01,19,19285,买盘
35,14:56:58,10.14,--,20,20280,卖盘
36,14:56:52,10.14,--,50,50700,卖盘
37,14:56:48,10.14,--,266,269724,买盘
38,14:56:43,10.14,--,18,18252,买盘
39,14:56:33,10.14,0.01,130,131820,买盘
40,14:56:28,10.13,-0.01,78,79014,卖盘
41,14:56:22,10.14,--,12,12168,买盘
42,14:56:18,10.14,--,28,28392,买盘
43,14:56:13,10.14,--,32,32448,买盘
44,14:56:07,10.14,--,9,9126,买盘
45,14:55:58,10.14,0.01,1,1014,买盘
46,14:55:52,10.13,--,2,2026,卖盘
47,14:55:43,10.13,--,21,21273,卖盘
48,14:55:37,10.13,--,10,10130,卖盘
49,14:55:32,10.13,--,15,15195,卖盘
50,14:55:27,10.13,--,12,12156,卖盘
51,14:55:22,10.13,-0.01,20,20260,卖盘
52,14:55:17,10.14,--,23,23322,买盘
53,14:55:12,10.14,--,3,3042,买盘
54,14:55:07,10.14,--,94,95316,卖盘
55,14:55:02,10.14,0.01,52,52728,买盘
56,14:54:52,10.13,-0.01,66,66858,卖盘
57,14:54:47,10.14,--,57,57798,买盘
58,14:54:42,10.14,--,10,10140,买盘
59,14:54:37,10.14,0.01,12,12168,买盘
60,14:54:32,10.13,-0.01,19,19247,卖盘
61,14:54:27,10.14,--,22,22308,买盘
62,14:54:22,10.14,--,1,1014,买盘
63,14:54:17,10.14,--,1,1014,卖盘
64,14:54:12,10.14,--,10,10140,卖盘
65,14:54:07,10.14,--,11,11154,卖盘
66,14:53:57,10.14,--,10,10140,卖盘
67,14:53:47,10.14,0.01,5,5070,买盘
68,14:53:37,10.13,-0.01,50,50650,卖盘
69,14:53:27,10.14,--,14,14408,买盘
70,14:53:17,10.14,--,51,52515,卖盘
71,14:53:07,10.14,--,28,28392,卖盘
72,14:52:57,10.14,--,1,1014,卖盘
73,14:52:52,10.14,-0.01,70,70980,卖盘
74,14:52:47,10.15,0.01,12,12180,买盘
75,14:52:42,10.14,--,2,2028,卖盘
76,14:52:32,10.14,--,23,23322,卖盘
77,14:52:27,10.14,-0.01,5,5070,卖盘
78,14:52:12,10.15,--,51,51765,买盘
79,14:52:02,10.15,0.01,2,2030,买盘
80,14:51:57,10.14,-0.01,180,182520,卖盘
81,14:51:52,10.15,0.01,21,21315,买盘
82,14:51:47,10.14,--,20,20280,卖盘
83,14:51:37,10.14,--,18,18252,卖盘
84,14:51:27,10.14,-0.01,10,10140,卖盘
85,14:51:22,10.15,0.01,9,9135,买盘
86,14:51:07,10.14,--,95,96542,卖盘
87,14:50:57,10.14,--,1,1014,卖盘
88,14:50:52,10.14,--,156,158184,买盘
89,14:50:46,10.14,--,10,10140,买盘
90,14:50:37,10.14,--,40,40560,买盘
91,14:50:32,10.14,--,28,28392,买盘
92,14:50:27,10.14,0.02,3,3042,买盘
93,14:50:22,10.12,-0.01,25,25299,卖盘
94,14:50:17,10.13,--,22,22286,买盘
95,14:50:12,10.13,--,38,38494,买盘
96,14:50:07,10.13,--,2,2026,买盘
97,14:50:01,10.13,--,18,18234,买盘
98,14:49:57,10.13,--,43,43559,买盘
99,14:49:52,10.13,--,22,22286,买盘
100,14:49:46,10.13,--,14,14182,买盘
101,14:49:42,10.13,0.01,13,13169,买盘
102,14:49:31,10.12,-0.01,2,2023,卖盘
103,14:49:16,10.13,--,3,3039,买盘
104,14:49:12,10.13,0.01,32,32416,买盘
105,14:49:01,10.12,-0.01,15,15179,卖盘
106,14:48:56,10.13,--,5,5065,买盘
107,14:48:46,10.13,--,34,34442,卖盘
108,14:48:41,10.13,0.01,17,17221,买盘
109,14:48:37,10.12,-0.01,4,4047,卖盘
110,14:48:31,10.13,0.01,4,4052,买盘
111,14:48:11,10.12,--,31,31371,卖盘
112,14:48:01,10.12,-0.01,44,44528,卖盘
113,14:47:52,10.13,--,10,10130,买盘
114,14:47:41,10.13,-0.01,31,31403,卖盘
115,14:47:36,10.14,0.01,3,3042,买盘
116,14:47:16,10.13,--,10,10130,卖盘
117,14:47:11,10.13,--,3,3039,卖盘
118,14:47:06,10.13,-0.01,8,8104,卖盘
119,14:47:01,10.14,--,12,12168,买盘
120,14:46:51,10.14,0.01,10,10140,买盘
121,14:46:46,10.13,-0.01,27,27351,卖盘
122,14:46:41,10.14,0.01,5,5070,买盘
123,14:46:31,10.13,--,21,21273,卖盘
124,14:46:11,10.13,-0.01,10,10130,卖盘
125,14:46:01,10.14,--,15,15210,卖盘
126,14:45:56,10.14,--,38,38532,卖盘
127,14:45:46,10.14,--,108,109512,卖盘
128,14:45:41,10.14,--,10,10140,卖盘
129,14:45:31,10.14,-0.01,16,16224,卖盘
130,14:45:26,10.15,0.01,13,13195,买盘
131,14:45:16,10.14,-0.01,10,10140,卖盘
132,14:45:01,10.15,--,43,43645,买盘
133,14:44:46,10.15,0.01,47,47705,买盘
134,14:44:41,10.14,--,41,41574,卖盘
135,14:44:36,10.14,--,20,20280,卖盘
136,14:44:16,10.14,-0.01,5,5070,卖盘
137,14:44:11,10.15,--,7,7105,买盘
138,14:44:06,10.15,--,10,10150,买盘
139,14:44:01,10.15,--,21,21315,买盘
140,14:43:46,10.15,--,16,16240,买盘
141,14:43:36,10.15,--,1,1015,买盘
142,14:43:25,10.15,0.01,20,20300,买盘
143,14:43:10,10.14,--,29,29406,卖盘
144,14:43:06,10.14,--,20,20280,卖盘
145,14:43:01,10.14,-0.01,6,6084,卖盘
146,14:42:55,10.15,0.01,2,2030,买盘
147,14:42:51,10.14,--,86,87204,卖盘
148,14:42:40,10.14,-0.01,206,208884,卖盘
149,14:42:31,10.15,--,10,10150,买盘
150,14:42:25,10.15,--,10,10150,买盘
151,14:42:16,10.15,0.01,3,3045,买盘
152,14:42:10,10.14,--,40,40560,卖盘
153,14:42:06,10.14,--,9,9126,卖盘
154,14:41:55,10.14,--,38,38532,卖盘
155,14:41:51,10.14,--,2,2028,卖盘
156,14:41:31,10.14,0.01,128,129792,买盘
157,14:41:25,10.13,-0.01,1,1013,卖盘
158,14:40:55,10.14,--,13,13182,买盘
159,14:40:45,10.14,-0.01,21,21294,卖盘
160,14:40:40,10.15,0.01,12,12180,买盘
161,14:40:35,10.14,--,111,112554,卖盘
162,14:40:30,10.14,--,24,24336,买盘
163,14:40:25,10.14,0.01,2,2028,买盘
164,14:40:20,10.13,-0.01,139,140807,卖盘
165,14:40:10,10.14,0.01,104,105456,买盘
166,14:40:05,10.13,--,5,5065,卖盘
167,14:39:30,10.13,--,3,3039,卖盘
168,14:39:15,10.13,--,1,1013,卖盘
169,14:39:10,10.13,--,3,3039,卖盘
170,14:39:05,10.13,--,1,1013,卖盘
171,14:38:50,10.13,--,15,15195,卖盘
172,14:38:40,10.13,0.01,27,27351,买盘
173,14:38:35,10.12,-0.01,9,9108,卖盘
174,14:38:20,10.13,--,25,25325,买盘
175,14:38:05,10.13,0.01,11,11143,买盘
176,14:38:00,10.12,-0.01,10,10120,卖盘
177,14:37:55,10.13,0.01,50,50650,买盘
178,14:37:50,10.12,-0.01,51,51611,卖盘
179,14:37:40,10.13,0.01,5,5065,买盘
180,14:37:10,10.12,-0.01,4,4047,卖盘
181,14:37:04,10.13,0.01,50,50650,买盘
182,14:37:00,10.12,--,7,7083,卖盘
183,14:36:55,10.12,--,8,8095,卖盘
184,14:36:40,10.12,--,4,4047,卖盘
185,14:36:34,10.12,--,16,16191,卖盘
186,14:36:19,10.12,--,2,2023,卖盘
187,14:36:04,10.12,-0.01,20,20240,卖盘
188,14:35:55,10.13,--,7,7091,买盘
189,14:35:49,10.13,--,59,59767,卖盘
190,14:35:45,10.13,-0.01,124,125612,卖盘
191,14:35:40,10.14,0.01,7,7098,买盘
192,14:35:30,10.13,--,1,1013,卖盘
193,14:35:19,10.13,--,20,20260,卖盘
194,14:35:10,10.13,-0.01,1,1013,卖盘
195,14:35:04,10.14,0.01,1,1014,买盘
196,14:35:00,10.13,-0.01,3,3039,卖盘
197,14:34:55,10.14,--,9,9126,买盘
198,14:34:45,10.14,--,5,5070,买盘
199,14:34:30,10.14,--,30,30420,买盘
200,14:34:19,10.14,--,1,1014,买盘
201,14:34:04,10.14,--,119,120666,卖盘
202,14:34:00,10.14,-0.01,1,1014,卖盘
203,14:33:45,10.15,0.01,4,4060,买盘
204,14:33:40,10.14,--,49,49686,卖盘
205,14:33:19,10.14,-0.01,16,16224,卖盘
206,14:33:09,10.15,--,3,3045,买盘
207,14:33:04,10.15,--,13,13195,买盘
208,14:32:59,10.15,--,145,147175,买盘
209,14:32:54,10.15,0.01,12,12180,买盘
210,14:32:49,10.14,-0.01,10,10140,卖盘
211,14:32:39,10.15,0.01,11,11165,买盘
212,14:32:34,10.14,-0.01,5,5070,卖盘
213,14:32:29,10.15,--,41,41615,买盘
214,14:32:24,10.15,--,1,1015,买盘
215,14:32:19,10.15,0.01,60,60900,买盘
216,14:32:14,10.14,-0.01,24,24336,卖盘
217,14:32:04,10.15,--,3,3045,买盘
218,14:31:59,10.15,0.01,3,3045,买盘
219,14:31:49,10.14,--,10,10140,卖盘
220,14:31:44,10.14,0.01,38,38532,买盘
221,14:31:39,10.13,-0.01,18,18234,卖盘
222,14:31:29,10.14,0.01,20,20280,买盘
223,14:31:24,10.13,-0.01,13,13169,卖盘
224,14:31:14,10.14,--,14,14196,买盘
225,14:31:09,10.14,--,29,29406,买盘
226,14:31:04,10.14,--,80,81120,买盘
227,14:30:59,10.14,--,11,11154,买盘
228,14:30:54,10.14,--,12,12168,买盘
229,14:30:49,10.14,0.01,1,1014,买盘
230,14:30:34,10.13,-0.01,2,2026,卖盘
231,14:30:24,10.14,--,9,9126,买盘
232,14:30:19,10.14,--,14,14196,买盘
233,14:30:14,10.14,0.01,6,6084,买盘
234,14:30:09,10.13,-0.01,1,1013,买盘
235,14:30:04,10.14,0.03,10,10140,买盘
236,14:29:58,10.11,-0.03,5,5055,卖盘
237,14:29:43,10.14,--,0,0,买盘
238,14:29:39,10.14,0.01,10,10140,买盘
239,14:29:34,10.13,--,16,16208,卖盘
240,14:29:24,10.13,--,2,2026,卖盘
241,14:29:19,10.13,--,160,162080,卖盘
242,14:28:58,10.13,-0.01,5,5065,卖盘
243,14:28:54,10.14,--,1,1014,买盘
244,14:28:39,10.14,0.01,64,64896,买盘
245,14:28:33,10.13,--,1,1013,卖盘
246,14:28:18,10.13,-0.01,25,25325,卖盘
247,14:28:13,10.14,--,27,27378,买盘
248,14:28:09,10.14,--,30,30420,买盘
249,14:27:58,10.14,--,20,20280,买盘
250,14:27:54,10.14,0.01,14,14196,买盘
251,14:27:39,10.13,-0.01,1,1013,卖盘
252,14:27:34,10.14,0.01,30,30420,买盘
253,14:27:24,10.13,--,103,104339,买盘
254,14:26:58,10.13,0.01,1,1013,买盘
255,14:26:54,10.12,--,49,49587,买盘
256,14:26:43,10.12,--,10,10120,买盘
257,14:26:39,10.12,0.01,31,31371,买盘
258,14:26:33,10.11,--,6,6066,买盘
259,14:26:28,10.11,-0.01,4,4044,卖盘
260,14:26:19,10.12,0.02,6,6071,买盘
261,14:26:13,10.1,--,0,0,卖盘
262,14:25:58,10.1,--,4,4040,买盘
263,14:25:33,10.1,--,2,2020,买盘
264,14:25:28,10.1,--,3,3030,买盘
265,14:25:23,10.1,--,1,1010,买盘
266,14:25:13,10.1,--,2,2020,卖盘
267,14:25:08,10.1,--,2,2020,买盘
268,14:25:03,10.1,--,19,19190,卖盘
269,14:24:43,10.1,0.01,1,1010,买盘
270,14:24:28,10.09,--,178,179602,卖盘
271,14:24:18,10.09,--,4,4036,卖盘
272,14:24:13,10.09,--,5,5045,卖盘
273,14:23:58,10.09,0.01,24,24216,买盘
274,14:23:53,10.08,-0.01,10,10080,卖盘
275,14:23:48,10.09,--,1,1009,买盘
276,14:23:43,10.09,--,10,10090,买盘
277,14:23:28,10.09,--,13,13117,买盘
278,14:22:58,10.09,--,2,2018,买盘
279,14:22:52,10.09,--,2,2018,买盘
280,14:22:43,10.09,0.01,15,15135,买盘
281,14:22:37,10.08,-0.01,1,1008,卖盘
282,14:22:28,10.09,--,2,2018,买盘
283,14:22:22,10.09,--,2,2018,买盘
284,14:22:12,10.09,--,107,107963,买盘
285,14:22:07,10.09,-0.02,34,34306,卖盘
286,14:22:03,10.11,0.01,10,10110,买盘
287,14:21:58,10.1,0.01,226,228260,中性盘
288,14:21:52,10.09,-0.01,5,5045,卖盘
289,14:21:42,10.1,--,9,9090,卖盘
290,14:21:22,10.1,--,10,10100,卖盘
291,14:21:18,10.1,--,10,10100,卖盘
292,14:21:12,10.1,--,2,2020,卖盘
293,14:21:07,10.1,--,21,21210,卖盘
294,14:20:37,10.1,--,4,4040,买盘
295,14:20:22,10.1,--,0,0,买盘
296,14:20:18,10.1,0.01,38,38380,买盘
297,14:20:07,10.09,-0.01,18,18162,卖盘
298,14:19:52,10.1,--,5,5050,买盘
299,14:19:48,10.1,--,0,0,买盘
300,14:19:18,10.1,--,5,5050,买盘
301,14:19:07,10.1,0.02,2,2020,买盘
302,14:19:03,10.08,-0.02,542,546336,卖盘
303,14:18:52,10.1,--,2,2020,卖盘
304,14:18:47,10.1,--,10,10100,卖盘
305,14:18:33,10.1,--,27,27270,卖盘
306,14:18:27,10.1,--,1,1010,卖盘
307,14:18:22,10.1,--,12,12120,买盘
308,14:18:18,10.1,--,1,1010,买盘
309,14:18:07,10.1,-0.01,10,10100,卖盘
310,14:18:02,10.11,0.01,1,1011,买盘
311,14:17:57,10.1,--,7,7070,卖盘
312,14:17:47,10.1,--,45,45450,卖盘
313,14:17:33,10.1,--,7,7070,卖盘
314,14:17:27,10.1,--,4,4040,卖盘
315,14:17:22,10.1,0.01,29,29290,买盘
316,14:17:17,10.09,-0.01,13,13117,卖盘
317,14:17:07,10.1,0.01,133,134330,买盘
318,14:17:02,10.09,--,29,29261,卖盘
319,14:16:37,10.09,-0.01,2,2018,卖盘
320,14:16:32,10.1,0.01,6,6060,买盘
321,14:16:12,10.09,-0.01,25,25225,卖盘
322,14:16:07,10.1,--,9,9090,买盘
323,14:15:57,10.1,--,75,75750,卖盘
324,14:15:47,10.1,-0.01,20,20200,卖盘
325,14:15:41,10.11,--,2,2022,卖盘
326,14:15:37,10.11,0.01,2,2022,卖盘
327,14:15:32,10.1,-0.01,20,20200,卖盘
328,14:15:26,10.11,0.01,1,1011,卖盘
329,14:15:22,10.1,--,0,0,卖盘
330,14:15:16,10.1,-0.01,116,117160,卖盘
331,14:15:01,10.11,--,10,10110,卖盘
332,14:14:52,10.11,--,20,20220,卖盘
333,14:14:37,10.11,--,19,19209,卖盘
334,14:14:31,10.11,--,20,20220,卖盘
335,14:14:21,10.11,--,5,5055,买盘
336,14:14:16,10.11,--,20,20220,买盘
337,14:14:01,10.11,--,6,6066,买盘
338,14:13:56,10.11,0.01,1,1011,买盘
339,14:13:52,10.1,--,9,9090,卖盘
340,14:13:42,10.1,--,64,64640,买盘
341,14:13:27,10.1,--,9,9090,买盘
342,14:13:16,10.1,-0.01,32,32320,卖盘
343,14:13:06,10.11,0.02,11,11121,买盘
344,14:12:57,10.09,--,5,5045,卖盘
345,14:12:46,10.09,--,1,1009,卖盘
346,14:12:36,10.09,--,5,5045,买盘
347,14:12:31,10.09,--,3,3027,买盘
348,14:12:26,10.09,-0.01,10,10090,卖盘
349,14:12:21,10.1,0.02,94,95818,买盘
350,14:12:11,10.08,-0.02,1,1008,卖盘
351,14:12:06,10.1,0.01,507,512070,买盘
352,14:12:01,10.09,0.01,20,20180,买盘
353,14:11:56,10.08,-0.01,4,4032,卖盘
354,14:11:46,10.09,--,4,4036,买盘
355,14:11:31,10.09,--,14,14126,买盘
356,14:11:16,10.09,--,8,8072,买盘
357,14:11:11,10.09,--,10,10090,买盘
358,14:11:06,10.09,--,30,30270,买盘
359,14:10:56,10.09,--,11,11099,买盘
360,14:10:51,10.09,0.01,10,10090,买盘
361,14:10:46,10.08,-0.01,10,10080,中性盘
362,14:10:41,10.09,--,4,4036,买盘
363,14:10:36,10.09,--,23,23207,买盘
364,14:10:31,10.09,0.01,62,62961,买盘
365,14:10:26,10.08,--,5,5040,卖盘
366,14:10:16,10.08,--,1,1008,卖盘
367,14:10:01,10.08,0.01,144,145756,买盘
368,14:09:51,10.07,--,2,2014,买盘
369,14:09:46,10.07,-0.01,72,72504,卖盘
370,14:09:36,10.08,0.01,3,3024,买盘
371,14:09:31,10.07,0.01,3,3021,卖盘
372,14:09:11,10.06,-0.01,15,15090,卖盘
373,14:09:06,10.07,--,19,19133,买盘
374,14:09:01,10.07,-0.01,39,39273,卖盘
375,14:08:56,10.08,0.01,94,94752,买盘
376,14:08:51,10.07,-0.01,21,21147,卖盘
377,14:08:41,10.08,0.01,102,102816,买盘
378,14:08:31,10.07,0.01,16,16112,中性盘
379,14:08:26,10.06,-0.02,294,295764,卖盘
380,14:08:21,10.08,0.01,22,22176,买盘
381,14:08:16,10.07,-0.01,130,130910,卖盘
382,14:08:11,10.08,--,49,49392,买盘
383,14:08:06,10.08,0.01,1,1008,买盘
384,14:08:01,10.07,-0.01,1,1007,卖盘
385,14:07:56,10.08,0.02,5,5040,买盘
386,14:07:51,10.06,-0.01,20,20120,卖盘
387,14:07:46,10.07,--,36,36252,买盘
388,14:07:41,10.07,0.01,27,27189,买盘
389,14:07:35,10.06,--,2,2012,卖盘
390,14:07:25,10.06,0.01,10,10060,买盘
391,14:07:21,10.05,-0.01,18,18090,卖盘
392,14:07:16,10.06,0.01,62,62372,买盘
393,14:07:10,10.05,--,11,11055,卖盘
394,14:07:05,10.05,--,17,17085,卖盘
395,14:07:01,10.05,--,6,6030,卖盘
396,14:06:55,10.05,--,7,7045,买盘
397,14:06:50,10.05,--,43,43215,买盘
398,14:06:46,10.05,--,65,65325,买盘
399,14:06:40,10.05,--,70,70350,买盘
400,14:06:35,10.05,--,19,19095,买盘
401,14:06:25,10.05,0.01,13,13065,买盘
402,14:06:20,10.04,--,1,1003,卖盘
403,14:06:15,10.04,-0.01,37,38141,卖盘
404,14:06:10,10.05,--,32,32170,买盘
405,14:06:05,10.05,0.01,4,4020,买盘
406,14:06:01,10.04,-0.01,23,23091,卖盘
407,14:05:55,10.05,-0.01,34,34170,卖盘
408,14:05:50,10.06,0.02,76,76456,买盘
409,14:05:45,10.04,--,0,0,卖盘
410,14:05:40,10.04,-0.01,22,22087,卖盘
411,14:05:35,10.05,--,12,12060,买盘
412,14:05:31,10.05,0.01,8,8040,买盘
413,14:05:25,10.04,-0.01,158,158632,卖盘
414,14:05:20,10.05,--,35,35175,买盘
415,14:05:15,10.05,--,3,3015,买盘
416,14:05:10,10.05,-0.01,32,32160,卖盘
417,14:05:05,10.06,--,10,10060,买盘
418,14:05:00,10.06,--,40,40240,买盘
419,14:04:55,10.06,--,41,41246,卖盘
420,14:04:50,10.06,--,28,28168,卖盘
421,14:04:40,10.06,0.02,76,76677,买盘
422,14:04:35,10.04,-0.01,200,201603,卖盘
423,14:04:30,10.05,--,0,0,卖盘
424,14:04:25,10.05,-0.01,7,7035,卖盘
425,14:04:20,10.06,0.01,46,46276,买盘
426,14:04:15,10.05,--,2,2010,卖盘
427,14:04:10,10.05,--,78,78390,卖盘
428,14:03:55,10.05,-0.01,226,227130,卖盘
429,14:03:50,10.06,0.01,14,14084,买盘
430,14:03:45,10.05,--,6,6030,卖盘
431,14:03:35,10.05,--,32,32160,卖盘
432,14:03:30,10.05,-0.02,15,15075,卖盘
433,14:03:25,10.07,0.03,74,74518,买盘
434,14:03:20,10.04,-0.03,29,29115,卖盘
435,14:03:10,10.07,0.03,21,21147,买盘
436,14:03:00,10.04,-0.01,66,66264,卖盘
437,14:02:55,10.05,-0.02,11,11055,卖盘
438,14:02:50,10.07,0.03,28,28196,买盘
439,14:02:45,10.04,--,12,12047,卖盘
440,14:02:40,10.04,-0.04,10,10040,卖盘
441,14:02:35,10.08,--,564,568915,买盘
442,14:02:20,10.08,-0.01,48,48384,卖盘
443,14:02:15,10.09,--,10,10090,买盘
444,14:02:10,10.09,--,7,7063,买盘
445,14:02:05,10.09,--,609,614481,买盘
446,14:02:00,10.09,--,6,6054,买盘
447,14:01:55,10.09,--,7,7063,买盘
448,14:01:50,10.09,--,18,18162,买盘
449,14:01:45,10.09,--,5,5045,买盘
450,14:01:40,10.09,-0.01,182,184626,卖盘
451,14:01:35,10.1,--,260,262600,买盘
452,14:01:30,10.1,0.01,16,16160,买盘
453,14:01:25,10.09,-0.01,14,14126,卖盘
454,14:01:20,10.1,--,19,19190,买盘
455,14:01:10,10.1,--,27,27270,买盘
456,14:01:05,10.1,--,450,454500,买盘
457,14:01:00,10.1,--,10,10100,买盘
458,14:00:55,10.1,--,22,22220,买盘
459,14:00:50,10.1,--,5,5050,买盘
460,14:00:45,10.1,--,10,10100,买盘
461,14:00:40,10.1,0.01,14,14160,买盘
462,14:00:35,10.09,--,5,5045,卖盘
463,14:00:25,10.09,-0.01,9,9081,卖盘
464,14:00:20,10.1,0.01,15,15150,买盘
465,14:00:10,10.09,0.01,15,15135,卖盘
466,14:00:05,10.08,-0.01,34,34272,卖盘
467,14:00:00,10.09,--,7,7063,卖盘
468,13:59:55,10.09,--,146,147919,买盘
469,13:59:49,10.09,--,53,53477,买盘
470,13:59:34,10.09,--,175,176575,卖盘
471,13:59:29,10.09,--,23,23207,卖盘
472,13:59:19,10.09,--,10,10090,卖盘
473,13:59:15,10.09,-0.01,35,35315,卖盘
474,13:59:09,10.1,0.01,91,91910,买盘
475,13:59:04,10.09,-0.01,9,9081,卖盘
476,13:58:59,10.1,--,11,11110,买盘
477,13:58:55,10.1,0.01,50,50500,买盘
478,13:58:49,10.09,-0.01,114,115026,卖盘
479,13:58:44,10.1,--,5,5050,买盘
480,13:58:40,10.1,--,5,5050,买盘
481,13:58:34,10.1,-0.01,240,242602,卖盘
482,13:58:29,10.11,--,8,8088,买盘
483,13:58:24,10.11,--,32,32352,买盘
484,13:58:14,10.11,--,281,284091,买盘
485,13:58:04,10.11,0.01,1,1011,买盘
486,13:57:59,10.1,-0.01,8,8080,卖盘
487,13:57:54,10.11,--,5,5055,买盘
488,13:57:49,10.11,--,16,16176,卖盘
489,13:57:44,10.11,-0.01,65,65715,中性盘
490,13:57:39,10.12,0.01,1429,1446957,买盘
491,13:57:24,10.11,-0.01,21,21231,卖盘
492,13:57:19,10.12,--,168,170016,卖盘
493,13:57:14,10.12,--,54,54647,卖盘
494,13:57:09,10.12,--,18,18216,卖盘
495,13:57:04,10.12,--,5,5060,卖盘
496,13:56:49,10.12,-0.01,141,142692,卖盘
497,13:56:44,10.13,--,84,85092,买盘
498,13:56:29,10.13,--,5,5065,买盘
499,13:56:19,10.13,--,1,1013,卖盘
500,13:56:14,10.13,-0.01,356,360628,卖盘
501,13:56:09,10.14,--,18,18252,买盘
502,13:56:04,10.14,0.01,3,3042,中性盘
503,13:55:59,10.13,-0.01,16,16208,卖盘
504,13:55:54,10.14,--,0,0,中性盘
505,13:55:48,10.14,--,150,152100,卖盘
506,13:55:44,10.14,--,6,6084,卖盘
507,13:55:39,10.14,--,18,18252,卖盘
508,13:55:34,10.14,--,99,100386,卖盘
509,13:55:29,10.14,--,43,43602,卖盘
510,13:55:14,10.14,--,94,95316,卖盘
511,13:55:09,10.14,--,6,6084,卖盘
512,13:55:04,10.14,--,13,13182,卖盘
513,13:54:59,10.14,-0.01,37,37518,卖盘
514,13:54:48,10.15,--,110,111650,卖盘
515,13:54:44,10.15,--,12,12180,卖盘
516,13:54:29,10.15,-0.01,208,211120,卖盘
517,13:54:24,10.16,0.01,19,19304,买盘
518,13:54:19,10.15,--,1,1015,卖盘
519,13:54:14,10.15,--,500,507500,卖盘
520,13:54:04,10.15,-0.01,11,11165,卖盘
521,13:53:59,10.16,0.01,100,101600,买盘
522,13:53:39,10.15,-0.01,10,10150,卖盘
523,13:53:34,10.16,0.01,16,16256,买盘
524,13:53:29,10.15,--,271,275572,卖盘
525,13:53:14,10.15,-0.01,2,2030,卖盘
526,13:52:59,10.16,--,360,365760,卖盘
527,13:52:49,10.16,-0.01,30,30480,卖盘
528,13:52:39,10.17,0.01,4,4068,买盘
529,13:52:29,10.16,-0.01,2,2032,卖盘
530,13:52:14,10.17,0.01,5,5085,买盘
531,13:52:04,10.16,--,10,10160,卖盘
532,13:51:43,10.16,--,642,652272,卖盘
533,13:51:34,10.16,-0.01,20,20320,卖盘
534,13:51:13,10.17,--,3,3051,买盘
535,13:51:09,10.17,0.01,2,2034,买盘
536,13:51:04,10.16,-0.01,28,28448,卖盘
537,13:50:58,10.17,--,20,20340,买盘
538,13:50:48,10.17,--,6,6102,买盘
539,13:50:28,10.17,--,30,30510,买盘
540,13:50:18,10.17,--,1,1017,买盘
541,13:50:08,10.17,0.01,3,3051,买盘
542,13:50:03,10.16,-0.01,15,15240,卖盘
543,13:49:58,10.17,--,218,221706,买盘
544,13:49:48,10.17,--,1,1017,买盘
545,13:49:43,10.17,--,356,362052,卖盘
546,13:49:33,10.17,--,210,213570,卖盘
547,13:48:48,10.17,--,2,2034,卖盘
548,13:48:23,10.17,--,19,19323,卖盘
549,13:48:13,10.17,--,10,10170,卖盘
550,13:48:08,10.17,--,13,13221,卖盘
551,13:47:57,10.17,--,8,8136,卖盘
552,13:47:33,10.17,-0.01,140,142380,卖盘
553,13:47:08,10.18,0.01,5,5090,买盘
554,13:46:28,10.17,-0.01,10,10170,卖盘
555,13:45:58,10.18,0.02,410,417380,买盘
556,13:45:53,10.16,--,0,0,卖盘
557,13:45:47,10.16,-0.01,200,203200,卖盘
558,13:45:43,10.17,0.01,311,316287,买盘
559,13:45:33,10.16,--,1,1016,卖盘
560,13:45:28,10.16,-0.01,25,25400,卖盘
561,13:44:53,10.17,0.01,120,122040,买盘
562,13:44:48,10.16,-0.01,14,14224,卖盘
563,13:44:43,10.17,-0.01,657,668169,卖盘
564,13:44:33,10.18,0.01,4,4072,买盘
565,13:44:28,10.17,--,25,25425,卖盘
566,13:44:23,10.17,-0.01,100,101700,卖盘
567,13:44:13,10.18,--,7,7126,买盘
568,13:44:08,10.18,0.01,10,10180,买盘
569,13:43:53,10.17,-0.01,80,81360,卖盘
570,13:43:43,10.18,--,10,10180,买盘
571,13:43:38,10.18,--,41,41738,买盘
572,13:43:18,10.18,0.01,5,5090,买盘
573,13:43:08,10.17,-0.01,50,50850,卖盘
574,13:43:03,10.18,--,5,5090,买盘
575,13:42:48,10.18,--,6,6108,买盘
576,13:42:42,10.18,--,30,30540,买盘
577,13:42:37,10.18,--,38,38684,买盘
578,13:42:22,10.18,--,14,14252,买盘
579,13:42:17,10.18,--,133,135394,卖盘
580,13:42:02,10.18,--,145,147610,买盘
581,13:41:57,10.18,0.01,20,20360,买盘
582,13:41:52,10.17,-0.01,117,118989,卖盘
583,13:41:47,10.18,--,13,13234,买盘
584,13:41:37,10.18,0.01,10,10180,买盘
585,13:41:32,10.17,-0.01,1,1017,卖盘
586,13:41:22,10.18,0.01,10,10180,买盘
587,13:41:12,10.17,--,152,154584,买盘
588,13:41:07,10.17,--,10,10170,买盘
589,13:41:02,10.17,--,106,107802,买盘
590,13:40:57,10.17,0.01,10,10170,买盘
591,13:40:52,10.16,-0.01,105,106680,卖盘
592,13:40:37,10.17,-0.01,508,516636,卖盘
593,13:40:27,10.18,--,3,3054,买盘
594,13:40:22,10.18,--,15,15270,买盘
595,13:40:12,10.18,--,65,66170,买盘
596,13:39:42,10.18,--,3,3054,买盘
597,13:39:37,10.18,0.01,11,11198,买盘
598,13:39:32,10.17,--,8,8136,买盘
599,13:39:27,10.17,--,33,33561,买盘
600,13:39:22,10.17,--,13,13221,买盘
601,13:39:17,10.17,--,10,10170,买盘
602,13:39:12,10.17,0.01,5,5085,买盘
603,13:39:07,10.16,--,15,15240,卖盘
604,13:38:57,10.16,-0.01,20,20320,卖盘
605,13:38:52,10.17,0.01,6,6102,买盘
606,13:38:37,10.16,-0.01,10,10160,卖盘
607,13:38:22,10.17,--,30,30510,买盘
608,13:38:12,10.17,0.01,15,15255,买盘
609,13:37:47,10.16,-0.02,800,812800,卖盘
610,13:36:57,10.18,0.01,10,10180,买盘
611,13:36:47,10.17,-0.01,5,5085,卖盘
612,13:36:37,10.18,--,48,48864,买盘
613,13:36:32,10.18,--,22,22396,买盘
614,13:36:17,10.18,--,632,643376,买盘
615,13:35:47,10.18,0.01,10,10180,买盘
616,13:35:27,10.17,--,7,7119,卖盘
617,13:35:12,10.17,--,1017,1034289,买盘
618,13:34:56,10.17,--,10,10170,买盘
619,13:34:46,10.17,--,6,6102,买盘
620,13:34:41,10.17,--,19,19323,买盘
621,13:34:31,10.17,0.01,135,137295,买盘
622,13:34:26,10.16,--,10,10160,卖盘
623,13:34:16,10.16,--,108,109728,卖盘
624,13:34:06,10.16,--,50,50800,卖盘
625,13:34:01,10.16,--,17,17272,卖盘
626,13:33:46,10.16,-0.02,6,6096,卖盘
627,13:33:31,10.18,0.02,2,2036,买盘
628,13:33:21,10.16,-0.01,346,351536,卖盘
629,13:33:16,10.17,--,2,2034,卖盘
630,13:33:01,10.17,-0.01,500,508500,卖盘
631,13:32:51,10.18,--,49,49882,卖盘
632,13:32:46,10.18,--,50,50900,卖盘
633,13:32:26,10.18,--,2,2036,卖盘
634,13:31:46,10.18,--,0,0,卖盘
635,13:31:36,10.18,--,1,1018,卖盘
636,13:31:26,10.18,0.01,107,108926,买盘
637,13:31:11,10.17,--,35,35605,买盘
638,13:31:01,10.17,--,20,20340,买盘
639,13:30:56,10.17,--,8,8136,买盘
640,13:30:31,10.17,--,15,15255,买盘
641,13:30:20,10.17,--,20,20340,买盘
642,13:30:16,10.17,--,15,15255,买盘
643,13:30:11,10.17,--,136,138312,卖盘
644,13:30:00,10.17,-0.01,20,20340,卖盘
645,13:29:56,10.18,0.01,5,5090,买盘
646,13:29:46,10.17,-0.01,40,40680,卖盘
647,13:29:26,10.18,--,27,27486,买盘
648,13:29:20,10.18,--,28,28504,买盘
649,13:29:05,10.18,0.01,10,10180,买盘
650,13:28:55,10.17,-0.01,5,5085,卖盘
651,13:28:50,10.18,--,12,12216,买盘
652,13:28:45,10.18,--,7,7126,买盘
653,13:28:41,10.18,--,49,49882,买盘
654,13:28:35,10.18,0.01,29,29522,买盘
655,13:28:30,10.17,-0.01,800,813600,卖盘
656,13:28:11,10.18,--,20,20360,买盘
657,13:28:05,10.18,-0.02,525,534450,卖盘
658,13:27:41,10.2,--,5,5100,卖盘
659,13:27:30,10.2,--,3,3060,卖盘
660,13:27:15,10.2,--,19,19380,卖盘
661,13:27:10,10.2,--,9,9180,卖盘
662,13:26:55,10.2,0.01,21,21420,买盘
663,13:26:35,10.19,-0.02,10,10190,卖盘
664,13:26:30,10.21,0.01,299,305279,买盘
665,13:26:24,10.2,0.01,1,1019,买盘
666,13:26:10,10.19,--,6,6114,卖盘
667,13:26:00,10.19,-0.01,15,15285,卖盘
668,13:25:50,10.2,--,1,1019,买盘
669,13:25:40,10.2,--,1,1019,买盘
670,13:25:35,10.2,0.01,1,1019,买盘
671,13:25:15,10.19,-0.01,200,203800,卖盘
672,13:25:05,10.2,--,2,2039,买盘
673,13:24:50,10.2,--,52,53039,买盘
674,13:24:45,10.2,--,20,20400,买盘
675,13:24:40,10.2,--,6,6120,买盘
676,13:24:25,10.2,--,24,24480,买盘
677,13:24:20,10.2,--,10,10200,买盘
678,13:24:05,10.2,0.01,86,87720,买盘
679,13:23:59,10.19,--,0,0,中性盘
680,13:23:55,10.19,--,117,119223,买盘
681,13:23:50,10.19,--,83,84577,买盘
682,13:23:35,10.19,0.01,1,1019,买盘
683,13:23:14,10.18,-0.01,10,10180,卖盘
684,13:22:59,10.19,--,20,20380,买盘
685,13:22:54,10.19,--,14,14266,买盘
686,13:22:40,10.19,--,11,11209,买盘
687,13:22:35,10.19,--,145,147755,买盘
688,13:22:10,10.19,0.01,3,3057,买盘
689,13:21:55,10.18,-0.01,10,10180,卖盘
690,13:21:49,10.19,--,141,143679,买盘
691,13:21:24,10.19,--,5,5095,买盘
692,13:20:59,10.19,0.01,712,725528,买盘
693,13:20:49,10.18,-0.01,2,2036,卖盘
694,13:20:34,10.19,--,5,5095,买盘
695,13:20:29,10.19,0.01,6,6114,卖盘
696,13:20:04,10.18,--,0,0,卖盘
697,13:19:59,10.18,--,3,3054,卖盘
698,13:19:54,10.18,-0.01,200,203600,卖盘
699,13:19:49,10.19,0.01,100,101900,买盘
700,13:19:39,10.18,--,10,10180,卖盘
701,13:19:04,10.18,--,11,11198,卖盘
702,13:18:54,10.18,--,30,30540,卖盘
703,13:18:49,10.18,0.01,317,322706,买盘
704,13:18:44,10.17,--,10,10170,卖盘
705,13:18:29,10.17,--,1,1017,卖盘
706,13:18:19,10.17,--,2,2034,卖盘
707,13:18:09,10.17,--,18,18306,卖盘
708,13:18:03,10.17,-0.01,50,50850,卖盘
709,13:17:49,10.18,--,1,1018,买盘
710,13:17:44,10.18,0.01,22,22396,买盘
711,13:17:34,10.17,--,10,10170,卖盘
712,13:17:08,10.17,--,102,103734,卖盘
713,13:16:43,10.17,-0.01,30,30510,卖盘
714,13:16:38,10.18,0.01,399,406182,买盘
715,13:16:34,10.17,--,4,4068,卖盘
716,13:16:28,10.17,--,4,4068,卖盘
717,13:16:19,10.17,--,11,11187,卖盘
718,13:15:49,10.17,--,25,25425,卖盘
719,13:15:43,10.17,-0.01,14,14238,卖盘
720,13:15:38,10.18,0.01,20,20360,买盘
721,13:15:28,10.17,--,20,20340,卖盘
722,13:15:23,10.17,--,3,3051,卖盘
723,13:15:13,10.17,--,108,109836,卖盘
724,13:14:58,10.17,--,20,20340,卖盘
725,13:14:53,10.17,-0.01,12,12204,卖盘
726,13:14:48,10.18,--,1,1018,买盘
727,13:14:33,10.18,--,4,4072,卖盘
728,13:14:28,10.18,--,3,3054,卖盘
729,13:14:18,10.18,0.01,169,172042,买盘
730,13:14:08,10.17,-0.01,26,26442,卖盘
731,13:13:33,10.18,0.01,8,8144,买盘
732,13:13:28,10.17,-0.01,7,7119,卖盘
733,13:13:08,10.18,--,20,20360,买盘
734,13:12:43,10.18,0.01,1,1018,买盘
735,13:12:28,10.17,-0.01,18,18306,卖盘
736,13:12:18,10.18,0.01,38,38684,买盘
737,13:12:08,10.17,-0.01,1,1017,卖盘
738,13:11:58,10.18,--,7,7126,买盘
739,13:11:43,10.18,--,20,20360,买盘
740,13:11:38,10.18,0.01,1,1018,买盘
741,13:11:27,10.17,--,17,17289,卖盘
742,13:11:08,10.17,-0.01,1,1017,卖盘
743,13:10:58,10.18,0.01,52,52936,买盘
744,13:10:48,10.17,--,13,13221,卖盘
745,13:10:38,10.17,--,3,3051,卖盘
746,13:10:23,10.17,--,0,0,卖盘
747,13:10:13,10.17,-0.01,16,16272,卖盘
748,13:09:58,10.18,--,37,37666,卖盘
749,13:09:37,10.18,--,1,1018,卖盘
750,13:09:27,10.18,0.01,82,83476,买盘
751,13:09:07,10.17,-0.01,19,19323,卖盘
752,13:09:02,10.18,--,50,50900,买盘
753,13:08:42,10.18,--,6,6108,买盘
754,13:08:37,10.18,--,40,40720,买盘
755,13:08:28,10.18,--,50,50900,买盘
756,13:08:13,10.18,--,80,81440,卖盘
757,13:08:02,10.18,-0.01,30,30540,卖盘
758,13:07:52,10.19,0.01,50,50950,买盘
759,13:07:32,10.18,--,4,4072,卖盘
760,13:07:27,10.18,--,58,59044,买盘
761,13:07:17,10.18,--,2,2036,买盘
762,13:07:02,10.18,--,150,152700,买盘
763,13:06:22,10.18,--,50,50900,买盘
764,13:06:07,10.18,--,1,1018,买盘
765,13:05:47,10.18,--,10,10180,买盘
766,13:05:32,10.18,0.01,3,3054,买盘
767,13:05:17,10.17,--,5,5085,卖盘
768,13:04:57,10.17,--,382,388494,卖盘
769,13:04:47,10.17,-0.01,9,9153,卖盘
770,13:04:37,10.18,0.01,7,7126,买盘
771,13:04:32,10.17,--,50,50850,卖盘
772,13:04:07,10.17,--,51,51867,卖盘
773,13:03:57,10.17,--,27,27459,卖盘
774,13:03:36,10.17,-0.01,14,14238,卖盘
775,13:03:32,10.18,0.01,2,2036,买盘
776,13:03:17,10.17,-0.01,3,3051,卖盘
777,13:03:11,10.18,--,49,49882,买盘
778,13:03:06,10.18,--,64,65152,卖盘
779,13:03:01,10.18,--,1,1018,卖盘
780,13:02:37,10.18,--,16,16288,卖盘
781,13:02:21,10.18,--,6,6108,卖盘
782,13:02:06,10.18,-0.01,17,17306,卖盘
783,13:02:01,10.19,0.01,10,10190,买盘
784,13:01:11,10.18,--,0,0,卖盘
785,13:01:06,10.18,-0.01,18,18324,卖盘
786,13:00:51,10.19,--,0,0,中性盘
787,13:00:36,10.19,--,0,0,卖盘
788,13:00:31,10.19,-0.01,1,1019,买盘
789,13:00:11,10.2,--,0,0,买盘
790,13:00:06,10.2,--,230,234599,买盘
791,13:00:01,10.2,0.01,100,102000,买盘
792,11:30:00,10.19,--,0,0,卖盘
793,11:29:59,10.19,--,0,0,卖盘
794,11:29:21,10.19,--,9,9171,买盘
795,11:29:06,10.19,--,2,2038,买盘
796,11:28:51,10.19,--,12,12228,卖盘
797,11:28:47,10.19,--,2,2038,卖盘
798,11:28:36,10.19,--,3,3057,卖盘
799,11:28:27,10.19,--,24,24456,卖盘
800,11:28:21,10.19,--,0,0,卖盘
801,11:28:17,10.19,-0.01,19,19361,卖盘
802,11:28:06,10.2,--,2,2039,卖盘
803,11:27:57,10.2,--,10,10200,买盘
804,11:27:42,10.2,--,23,23460,买盘
805,11:27:36,10.2,--,67,68340,卖盘
806,11:27:32,10.2,-0.02,120,122399,卖盘
807,11:27:21,10.22,0.02,3,3066,买盘
808,11:27:17,10.2,--,0,0,卖盘
809,11:27:06,10.2,--,22,22440,卖盘
810,11:26:57,10.2,-0.03,7,7139,卖盘
811,11:26:42,10.23,0.01,5,5115,买盘
812,11:26:36,10.22,0.02,50,51100,买盘
813,11:26:01,10.2,-0.02,1,1019,卖盘
814,11:25:57,10.22,0.02,13,13286,买盘
815,11:25:51,10.2,-0.01,18,18360,卖盘
816,11:25:47,10.21,--,41,41861,买盘
817,11:25:42,10.21,--,20,20420,买盘
818,11:25:36,10.21,--,4,4084,买盘
819,11:25:31,10.21,--,2,2042,买盘
820,11:25:17,10.21,-0.01,28,28588,卖盘
821,11:25:06,10.22,--,10,10220,买盘
822,11:24:47,10.22,0.01,22,22484,买盘
823,11:24:36,10.21,-0.01,29,29609,卖盘
824,11:24:31,10.22,--,8,8176,买盘
825,11:24:16,10.22,--,17,17374,买盘
826,11:24:11,10.22,--,66,67452,买盘
827,11:24:06,10.22,--,7,7154,买盘
828,11:24:02,10.22,--,10,10220,买盘
829,11:23:47,10.22,0.02,200,204400,买盘
830,11:23:41,10.2,-0.02,24,24480,卖盘
831,11:23:36,10.22,--,72,73584,买盘
832,11:23:31,10.22,--,121,123662,买盘
833,11:23:16,10.22,--,15,15330,买盘
834,11:23:12,10.22,--,10,10220,买盘
835,11:23:06,10.22,--,9,9198,买盘
836,11:23:02,10.22,--,6,6132,买盘
837,11:22:51,10.22,--,24,24528,买盘
838,11:22:45,10.22,--,1,1022,买盘
839,11:22:41,10.22,0.01,50,51100,买盘
840,11:22:30,10.21,-0.01,44,44924,卖盘
841,11:22:26,10.22,0.01,12,12264,买盘
842,11:22:21,10.21,--,1,1021,卖盘
843,11:22:15,10.21,-0.01,13,13273,卖盘
844,11:22:11,10.22,--,20,20440,买盘
845,11:22:06,10.22,--,20,20440,买盘
846,11:21:51,10.22,--,57,58254,买盘
847,11:21:41,10.22,--,5,5110,买盘
848,11:21:30,10.22,0.04,150,153300,买盘
849,11:21:26,10.18,-0.03,18,18324,卖盘
850,11:21:21,10.21,0.01,250,255250,买盘
851,11:21:06,10.2,0.01,90,91800,买盘
852,11:21:00,10.19,--,42,42798,卖盘
853,11:20:56,10.19,--,30,30570,卖盘
854,11:20:51,10.19,--,28,28532,卖盘
855,11:20:36,10.19,--,10,10190,卖盘
856,11:20:30,10.19,-0.01,10,10190,卖盘
857,11:20:26,10.2,0.01,5,5100,买盘
858,11:20:21,10.19,--,3,3057,卖盘
859,11:20:15,10.19,--,18,18342,卖盘
860,11:20:11,10.19,-0.01,20,20380,卖盘
861,11:20:00,10.2,--,99,100980,买盘
862,11:19:56,10.2,--,24,24480,买盘
863,11:19:41,10.2,--,1,1019,买盘
864,11:19:36,10.2,--,58,59159,卖盘
865,11:19:25,10.2,--,1,1019,卖盘
866,11:19:15,10.2,--,19,19380,卖盘
867,11:19:06,10.2,--,83,84660,买盘
868,11:18:56,10.2,0.01,382,389640,买盘
869,11:18:51,10.19,0.02,10,10190,买盘
870,11:18:45,10.17,-0.01,29,29493,卖盘
871,11:18:36,10.18,--,8,8144,买盘
872,11:18:30,10.18,--,15,15270,买盘
873,11:18:26,10.18,0.01,10,10180,买盘
874,11:18:15,10.17,--,4,4068,卖盘
875,11:18:11,10.17,-0.01,18,18306,卖盘
876,11:18:05,10.18,0.01,230,234140,买盘
877,11:17:45,10.17,-0.01,1,1017,卖盘
878,11:17:25,10.18,0.01,15,15270,买盘
879,11:17:20,10.17,--,14,14238,卖盘
880,11:17:15,10.17,--,24,24408,卖盘
881,11:17:11,10.17,-0.01,15,15255,卖盘
882,11:17:05,10.18,--,3,3054,买盘
883,11:16:45,10.18,--,1,1018,买盘
884,11:16:40,10.18,--,1,1018,买盘
885,11:16:30,10.18,--,3,3054,买盘
886,11:16:25,10.18,0.01,10,10180,买盘
887,11:16:20,10.17,-0.01,18,18306,卖盘
888,11:16:10,10.18,--,3,3054,买盘
889,11:16:00,10.18,--,24,24432,买盘
890,11:15:55,10.18,--,2,2036,买盘
891,11:15:45,10.18,0.01,35,35630,买盘
892,11:15:40,10.17,-0.01,49,49833,卖盘
893,11:15:30,10.18,0.01,109,110962,买盘
894,11:15:25,10.17,--,9,9153,卖盘
895,11:15:15,10.17,--,8,8136,卖盘
896,11:15:09,10.17,--,44,44748,卖盘
897,11:15:00,10.17,--,19,19323,卖盘
898,11:14:55,10.17,--,2,2034,卖盘
899,11:14:50,10.17,-0.01,7,7119,卖盘
900,11:14:45,10.18,--,50,50900,买盘
901,11:14:39,10.18,-0.01,41,41738,卖盘
902,11:14:30,10.19,--,6,6114,买盘
903,11:14:24,10.19,--,6,6114,买盘
904,11:14:09,10.19,0.03,6,6114,买盘
905,11:14:05,10.16,-0.02,218,221488,卖盘
906,11:14:00,10.18,0.01,50,51551,买盘
907,11:13:54,10.17,--,32,32544,买盘
908,11:13:50,10.17,--,7,7119,买盘
909,11:13:45,10.17,--,32,32544,买盘
910,11:13:39,10.17,--,14,14238,买盘
911,11:13:30,10.17,--,8,8136,买盘
912,11:13:24,10.17,--,240,244446,卖盘
913,11:13:20,10.17,-0.01,16,16272,卖盘
914,11:13:15,10.18,--,3,3054,买盘
915,11:13:09,10.18,--,42,42756,买盘
916,11:13:00,10.18,0.01,13,13234,买盘
917,11:12:50,10.17,-0.01,10,10170,卖盘
918,11:12:45,10.18,--,160,162880,买盘
919,11:12:30,10.18,--,45,45810,买盘
920,11:12:24,10.18,0.01,10,10180,买盘
921,11:11:45,10.17,--,5,5085,卖盘
922,11:11:30,10.17,--,3,3051,卖盘
923,11:11:24,10.17,-0.01,20,20340,卖盘
924,11:11:20,10.18,--,3,3054,买盘
925,11:11:09,10.18,0.01,4,4072,买盘
926,11:11:00,10.17,--,18,18306,卖盘
927,11:10:54,10.17,-0.01,5,5085,卖盘
928,11:10:50,10.18,0.01,5,5090,买盘
929,11:10:24,10.17,--,3,3051,卖盘
930,11:10:19,10.17,-0.01,5,5085,卖盘
931,11:10:09,10.18,--,10,10180,买盘
932,11:09:54,10.18,0.01,2,2036,卖盘
933,11:09:49,10.17,--,4,4068,卖盘
934,11:09:39,10.17,-0.01,21,21357,卖盘
935,11:09:24,10.18,--,85,86530,买盘
936,11:09:04,10.18,0.01,28,28504,买盘
937,11:08:54,10.17,-0.01,16,16272,卖盘
938,11:08:49,10.18,--,13,13234,卖盘
939,11:08:39,10.18,--,0,0,中性盘
940,11:08:29,10.18,0.01,1,1018,卖盘
941,11:08:24,10.17,--,3,3051,卖盘
942,11:08:19,10.17,--,21,21357,卖盘
943,11:08:09,10.17,-0.01,28,28476,卖盘
944,11:08:04,10.18,--,125,127901,买盘
945,11:07:54,10.18,--,14,14252,买盘
946,11:07:39,10.18,0.01,60,61080,买盘
947,11:07:34,10.17,--,100,101700,卖盘
948,11:07:29,10.17,-0.01,16,16272,卖盘
949,11:07:24,10.18,0.01,50,50900,买盘
950,11:07:18,10.17,--,2,2034,卖盘
951,11:07:14,10.17,-0.01,2,2034,卖盘
952,11:07:04,10.18,0.01,10,10180,买盘
953,11:06:54,10.17,-0.01,41,41697,卖盘
954,11:06:48,10.18,0.01,6,6108,买盘
955,11:06:33,10.17,0.01,2,2034,买盘
956,11:06:29,10.16,-0.01,41,41656,卖盘
957,11:06:18,10.17,--,13,13221,买盘
958,11:06:09,10.17,--,25,25425,买盘
959,11:06:03,10.17,--,2,2034,买盘
960,11:05:59,10.17,--,3,3051,买盘
961,11:05:54,10.17,--,12,12204,买盘
962,11:05:48,10.17,--,30,30510,买盘
963,11:05:44,10.17,--,10,10170,买盘
964,11:05:39,10.17,--,30,30510,买盘
965,11:05:33,10.17,--,24,24408,卖盘
966,11:05:18,10.17,--,22,22374,卖盘
967,11:05:09,10.17,--,6,6102,买盘
968,11:05:03,10.17,0.01,2,2034,卖盘
969,11:04:54,10.16,-0.01,3,3048,卖盘
970,11:04:48,10.17,--,5,5085,卖盘
971,11:04:44,10.17,--,1,1017,卖盘
972,11:04:39,10.17,--,12,12204,买盘
973,11:04:33,10.17,0.01,9,9153,卖盘
974,11:04:24,10.16,-0.01,93,94488,卖盘
975,11:04:18,10.17,--,101,102717,买盘
976,11:04:09,10.17,--,20,20340,买盘
977,11:04:03,10.17,0.01,31,31781,买盘
978,11:03:48,10.16,--,4,4064,卖盘
979,11:03:39,10.16,--,41,41656,卖盘
980,11:03:33,10.16,--,27,27432,卖盘
981,11:03:29,10.16,-0.01,8,8128,卖盘
982,11:03:24,10.17,--,10,10170,买盘
983,11:03:08,10.17,--,2,2034,买盘
984,11:03:03,10.17,-0.01,359,365103,卖盘
985,11:02:59,10.18,0.01,50,50900,买盘
986,11:02:54,10.17,-0.01,10,10170,卖盘
987,11:02:48,10.18,-0.01,23,23780,卖盘
988,11:02:44,10.19,0.01,5,5095,买盘
989,11:02:38,10.18,--,55,56641,买盘
990,11:02:33,10.18,--,40,40720,买盘
991,11:02:29,10.18,0.01,28,28504,买盘
992,11:02:14,10.17,--,9,9153,卖盘
993,11:02:08,10.17,--,148,150516,买盘
994,11:01:59,10.17,0.01,5,5085,买盘
995,11:01:48,10.16,-0.01,10,10160,卖盘
996,11:01:43,10.17,0.01,9,9153,买盘
997,11:01:33,10.16,--,23,23368,卖盘
998,11:01:18,10.16,--,24,24384,卖盘
999,11:01:13,10.16,--,7,7112,卖盘
1000,11:01:03,10.16,--,11,11176,卖盘
1001,11:00:58,10.16,--,3,3048,卖盘
1002,11:00:53,10.16,0.01,90,91440,买盘
1003,11:00:48,10.15,-0.01,56,56840,卖盘
1004,11:00:38,10.16,--,17,17272,买盘
1005,11:00:33,10.16,--,78,79248,卖盘
1006,11:00:28,10.16,--,7,7112,卖盘
1007,11:00:23,10.16,--,3,3048,卖盘
1008,11:00:18,10.16,-0.01,8,8128,卖盘
1009,11:00:13,10.17,--,155,157635,买盘
1010,11:00:08,10.17,0.01,42,42714,买盘
1011,11:00:03,10.16,-0.01,67,68072,卖盘
1012,10:59:58,10.17,--,16,16272,买盘
1013,10:59:53,10.17,--,321,326457,卖盘
1014,10:59:48,10.17,-0.01,253,257301,卖盘
1015,10:59:43,10.18,--,1,1018,买盘
1016,10:59:38,10.18,--,54,54972,买盘
1017,10:59:33,10.18,--,10,10180,买盘
1018,10:59:27,10.18,0.01,7,7126,买盘
1019,10:59:23,10.17,-0.01,1,1017,卖盘
1020,10:59:12,10.18,--,295,300310,买盘
1021,10:59:08,10.18,0.01,20,20360,买盘
1022,10:59:03,10.17,-0.01,20,20340,卖盘
1023,10:58:57,10.18,0.01,43,43774,买盘
1024,10:58:53,10.17,-0.03,90,91896,卖盘
1025,10:58:48,10.2,0.02,509,519179,买盘
1026,10:58:42,10.18,--,662,673916,卖盘
1027,10:58:38,10.18,--,0,0,卖盘
1028,10:58:33,10.18,-0.01,12,12216,卖盘
1029,10:58:27,10.19,--,1,1019,买盘
1030,10:58:23,10.19,--,8,8152,买盘
1031,10:58:18,10.19,--,130,132470,卖盘
1032,10:58:08,10.19,--,3,3057,卖盘
1033,10:58:03,10.19,0.01,91,92729,买盘
1034,10:57:57,10.18,-0.01,27,27486,卖盘
1035,10:57:48,10.19,--,462,470778,卖盘
1036,10:57:42,10.19,-0.01,10,10190,卖盘
1037,10:57:33,10.2,0.01,266,271320,买盘
1038,10:57:27,10.19,-0.01,51,51969,卖盘
1039,10:57:18,10.2,--,1,1019,买盘
1040,10:57:08,10.2,--,4,4079,买盘
1041,10:57:03,10.2,--,41,41820,买盘
1042,10:56:53,10.2,--,3,3060,买盘
1043,10:56:42,10.2,0.01,2,2039,买盘
1044,10:56:38,10.19,--,55,56045,卖盘
1045,10:56:33,10.19,--,9,9171,卖盘
1046,10:56:27,10.19,--,15,15285,卖盘
1047,10:56:23,10.19,-0.01,15,15285,卖盘
1048,10:56:12,10.2,--,10,10200,买盘
1049,10:56:08,10.2,--,7,7139,买盘
1050,10:55:57,10.2,--,30,30599,卖盘
1051,10:55:53,10.2,-0.01,25,25500,卖盘
1052,10:55:42,10.21,0.01,8,8168,买盘
1053,10:55:27,10.2,--,48,48960,买盘
1054,10:55:23,10.2,--,188,191760,买盘
1055,10:55:17,10.2,0.01,55,56099,买盘
1056,10:55:12,10.19,-0.01,31,31589,卖盘
1057,10:55:08,10.2,--,5,5100,买盘
1058,10:55:02,10.2,--,61,62219,买盘
1059,10:54:57,10.2,0.01,6,6120,买盘
1060,10:54:53,10.19,-0.01,240,244560,卖盘
1061,10:54:47,10.2,--,10,10200,买盘
1062,10:54:42,10.2,--,41,41820,买盘
1063,10:54:38,10.2,--,30,30599,卖盘
1064,10:54:27,10.2,--,44,44880,卖盘
1065,10:54:23,10.2,--,30,30599,卖盘
1066,10:54:17,10.2,--,7,7139,买盘
1067,10:54:12,10.2,--,8,8159,买盘
1068,10:54:08,10.2,--,5,5100,买盘
1069,10:54:02,10.2,--,10,10200,买盘
1070,10:53:57,10.2,--,30,30599,买盘
1071,10:53:52,10.2,0.01,7,7139,买盘
1072,10:53:37,10.19,--,10,10190,卖盘
1073,10:53:32,10.19,--,3,3057,卖盘
1074,10:53:22,10.19,--,55,56045,买盘
1075,10:53:12,10.19,--,10,10190,买盘
1076,10:53:07,10.19,0.01,28,28532,中性盘
1077,10:53:02,10.18,-0.01,985,1002730,卖盘
1078,10:52:56,10.19,-0.01,53,54007,卖盘
1079,10:52:51,10.2,0.01,15,15299,买盘
1080,10:52:47,10.19,-0.01,21,21949,卖盘
1081,10:52:42,10.2,--,4,4079,买盘
1082,10:52:36,10.2,--,110,112199,买盘
1083,10:52:32,10.2,0.01,10,10200,买盘
1084,10:52:27,10.19,-0.01,77,78463,卖盘
1085,10:52:22,10.2,--,15,15299,买盘
1086,10:52:17,10.2,--,32,32639,买盘
1087,10:52:12,10.2,--,73,74460,买盘
1088,10:52:06,10.2,--,9,9180,买盘
1089,10:52:02,10.2,--,3,3060,买盘
1090,10:51:57,10.2,-0.01,85,86700,卖盘
1091,10:51:51,10.21,-0.02,7,7147,卖盘
1092,10:51:42,10.23,0.01,88,90024,买盘
1093,10:51:36,10.22,--,29,29638,卖盘
1094,10:51:32,10.22,--,53,54166,卖盘
1095,10:51:27,10.22,--,7,7154,卖盘
1096,10:51:17,10.22,--,14,14308,卖盘
1097,10:51:12,10.22,0.02,55,56210,买盘
1098,10:51:06,10.2,--,50,51000,卖盘
1099,10:50:57,10.2,-0.03,54,55079,卖盘
1100,10:50:51,10.23,0.04,4,4092,买盘
1101,10:50:36,10.19,--,0,0,卖盘
1102,10:50:31,10.19,-0.02,500,509500,卖盘
1103,10:50:27,10.21,--,1,1021,卖盘
1104,10:50:21,10.21,-0.02,31,31651,卖盘
1105,10:50:12,10.23,0.02,7,7161,买盘
1106,10:49:57,10.21,-0.02,6,6126,卖盘
1107,10:49:51,10.23,0.02,199,203577,买盘
1108,10:49:42,10.21,-0.02,10,10210,卖盘
1109,10:49:36,10.23,0.03,63,64551,买盘
1110,10:49:32,10.2,--,4,4079,买盘
1111,10:49:27,10.2,-0.01,420,429317,卖盘
1112,10:49:21,10.21,0.01,6,6126,卖盘
1113,10:49:12,10.2,-0.02,20,20400,卖盘
1114,10:49:06,10.22,0.02,10,10220,买盘
1115,10:49:02,10.2,-0.01,6,6120,卖盘
1116,10:48:57,10.21,0.01,20,20420,卖盘
1117,10:48:46,10.2,-0.01,65,66300,卖盘
1118,10:48:42,10.21,0.01,11,11231,买盘
1119,10:48:32,10.2,--,10,10200,卖盘
1120,10:48:27,10.2,-0.01,30,30599,卖盘
1121,10:48:21,10.21,--,20,20420,买盘
1122,10:48:17,10.21,--,33,33693,买盘
1123,10:48:11,10.21,0.01,24,24504,买盘
1124,10:48:06,10.2,-0.01,50,51000,卖盘
1125,10:48:01,10.21,--,58,59218,卖盘
1126,10:47:57,10.21,-0.01,343,350203,卖盘
1127,10:47:51,10.22,-0.01,54,55188,卖盘
1128,10:47:47,10.23,--,110,112530,卖盘
1129,10:47:41,10.23,--,20,20460,卖盘
1130,10:47:36,10.23,--,85,86955,卖盘
1131,10:47:32,10.23,--,100,102300,卖盘
1132,10:47:21,10.23,--,0,0,卖盘
1133,10:47:11,10.23,-0.02,3,3069,卖盘
1134,10:47:06,10.25,0.02,12,12300,买盘
1135,10:47:01,10.23,--,6,6138,卖盘
1136,10:46:56,10.23,--,2,2046,卖盘
1137,10:46:51,10.23,-0.01,84,85932,卖盘
1138,10:46:47,10.24,--,17,17408,卖盘
1139,10:46:36,10.24,-0.01,87,89088,卖盘
1140,10:46:31,10.25,--,6,6150,卖盘
1141,10:46:26,10.25,--,10,10250,卖盘
1142,10:46:16,10.25,--,7,7175,卖盘
1143,10:46:11,10.25,--,10,10250,卖盘
1144,10:46:06,10.25,--,1,1025,卖盘
1145,10:46:01,10.25,--,46,47150,卖盘
1146,10:45:46,10.25,--,304,311600,卖盘
1147,10:45:36,10.25,--,8,8200,卖盘
1148,10:45:30,10.25,--,3,3075,卖盘
1149,10:45:21,10.25,--,2,2050,卖盘
1150,10:45:11,10.25,--,24,24600,卖盘
1151,10:44:56,10.25,0.01,188,192700,买盘
1152,10:44:51,10.24,-0.01,10,10240,卖盘
1153,10:44:45,10.25,--,10,10250,买盘
1154,10:44:36,10.25,--,2,2050,买盘
1155,10:44:30,10.25,--,71,72775,卖盘
1156,10:44:21,10.25,0.01,177,181425,买盘
1157,10:44:06,10.24,--,3,3072,卖盘
1158,10:43:55,10.24,--,32,32768,买盘
1159,10:43:50,10.24,--,5,5120,买盘
1160,10:43:45,10.24,-0.01,118,120832,卖盘
1161,10:43:36,10.25,0.01,110,112750,买盘
1162,10:43:30,10.24,-0.01,20,20480,卖盘
1163,10:43:21,10.25,0.01,60,61500,买盘
1164,10:43:10,10.24,--,4,4096,卖盘
1165,10:43:06,10.24,--,10,10240,卖盘
1166,10:43:00,10.24,--,76,77824,卖盘
1167,10:42:55,10.24,-0.01,8,8192,卖盘
1168,10:42:36,10.25,0.01,10,10250,买盘
1169,10:42:21,10.24,--,40,40960,卖盘
1170,10:42:15,10.24,-0.01,105,107520,卖盘
1171,10:42:10,10.25,-0.01,14,14350,卖盘
1172,10:42:06,10.26,0.01,74,75924,买盘
1173,10:41:55,10.25,--,102,104550,卖盘
1174,10:41:45,10.25,-0.01,7,7175,中性盘
1175,10:41:40,10.26,0.02,199,204174,买盘
1176,10:41:35,10.24,-0.01,367,375808,卖盘
1177,10:41:25,10.25,--,18,18450,卖盘
1178,10:41:15,10.25,--,179,183475,买盘
1179,10:41:00,10.25,--,5,5125,买盘
1180,10:40:55,10.25,--,10,10250,买盘
1181,10:40:50,10.25,--,57,58425,买盘
1182,10:40:44,10.25,--,2,2050,买盘
1183,10:40:35,10.25,--,2,2050,买盘
1184,10:40:29,10.25,--,25,25625,买盘
1185,10:40:25,10.25,-0.01,245,251125,卖盘
1186,10:40:20,10.26,0.01,10,10260,买盘
1187,10:40:15,10.25,-0.01,4,4100,卖盘
1188,10:40:10,10.26,--,40,41040,买盘
1189,10:40:00,10.26,--,5,5130,买盘
1190,10:39:55,10.26,--,45,46170,卖盘
1191,10:39:50,10.26,--,1,1026,卖盘
1192,10:39:35,10.26,--,7,7182,卖盘
1193,10:39:29,10.26,--,5,5130,卖盘
1194,10:39:25,10.26,--,3,3078,卖盘
1195,10:39:20,10.26,0.01,10,10260,卖盘
1196,10:39:15,10.25,-0.01,707,724675,卖盘
1197,10:39:05,10.26,0.01,2,2052,买盘
1198,10:39:00,10.25,-0.01,17,17425,卖盘
1199,10:38:55,10.26,0.01,10,10260,买盘
1200,10:38:50,10.25,--,3,3075,卖盘
1201,10:38:40,10.25,-0.01,16,16400,卖盘
1202,10:38:30,10.26,0.02,50,51300,买盘
1203,10:38:25,10.24,-0.01,11,11264,卖盘
1204,10:38:20,10.25,--,3,3075,买盘
1205,10:38:15,10.25,-0.01,435,445875,卖盘
1206,10:38:10,10.26,-0.02,13,13338,卖盘
1207,10:38:00,10.28,0.02,53,54484,买盘
1208,10:37:55,10.26,--,110,112860,买盘
1209,10:37:50,10.26,--,10,10260,买盘
1210,10:37:40,10.26,--,1,1026,买盘
1211,10:37:35,10.26,--,7,7182,买盘
1212,10:37:30,10.26,--,90,92340,买盘
1213,10:37:25,10.26,-0.02,479,491454,卖盘
1214,10:37:15,10.28,--,15,15419,卖盘
1215,10:37:10,10.28,0.02,5,5140,买盘
1216,10:37:00,10.26,-0.03,324,332424,卖盘
1217,10:36:55,10.29,--,162,166698,卖盘
1218,10:36:45,10.29,--,21,21609,卖盘
1219,10:36:35,10.29,--,20,20580,卖盘
1220,10:36:24,10.29,-0.01,10,10290,卖盘
1221,10:36:15,10.3,0.01,7,7210,买盘
1222,10:36:09,10.29,--,100,102899,卖盘
1223,10:35:54,10.29,-0.01,33,33957,卖盘
1224,10:35:50,10.3,--,19,19570,买盘
1225,10:35:45,10.3,0.01,17,17510,买盘
1226,10:35:39,10.29,--,10,10290,卖盘
1227,10:35:30,10.29,--,5,5145,买盘
1228,10:35:24,10.29,0.01,26,26753,卖盘
1229,10:35:14,10.28,-0.01,22,22616,卖盘
1230,10:35:09,10.29,--,100,102899,买盘
1231,10:35:00,10.29,0.02,2,2058,买盘
1232,10:34:54,10.27,-0.03,86,88322,卖盘
1233,10:34:45,10.3,--,3,3090,买盘
1234,10:34:39,10.3,--,29,29870,买盘
1235,10:34:34,10.3,--,0,0,买盘
1236,10:34:30,10.3,--,10,10300,买盘
1237,10:34:24,10.3,0.03,4,4120,买盘
1238,10:34:19,10.27,-0.03,15,15405,卖盘
1239,10:34:15,10.3,--,1,1030,买盘
1240,10:34:09,10.3,--,3,3090,买盘
1241,10:34:04,10.3,--,5,5150,买盘
1242,10:34:00,10.3,-0.01,93,95790,卖盘
1243,10:33:54,10.31,0.01,185,190735,买盘
1244,10:33:49,10.3,--,50,51500,卖盘
1245,10:33:44,10.3,--,11,11330,卖盘
1246,10:33:39,10.3,-0.01,71,73130,卖盘
1247,10:33:34,10.31,0.01,3,3093,买盘
1248,10:33:30,10.3,--,3,3090,卖盘
1249,10:33:24,10.3,--,18,18540,卖盘
1250,10:33:19,10.3,0.04,1210,1246300,买盘
1251,10:33:14,10.26,--,16,16416,卖盘
1252,10:33:09,10.26,--,13,13338,卖盘
1253,10:32:59,10.26,--,123,126198,买盘
1254,10:32:44,10.26,0.01,10,10260,买盘
1255,10:32:39,10.25,--,5,5125,卖盘
1256,10:32:34,10.25,--,13,13325,卖盘
1257,10:32:24,10.25,--,3,3075,卖盘
1258,10:32:19,10.25,--,5,5125,卖盘
1259,10:32:09,10.25,-0.01,25,25625,卖盘
1260,10:31:59,10.26,0.01,25,25650,买盘
1261,10:31:49,10.25,-0.01,116,118900,卖盘
1262,10:31:44,10.26,0.01,5,5130,卖盘
1263,10:31:34,10.25,-0.01,5,5125,卖盘
1264,10:31:29,10.26,--,7,7182,买盘
1265,10:31:19,10.26,--,50,51300,买盘
1266,10:31:09,10.26,0.01,8,8208,买盘
1267,10:31:04,10.25,-0.01,5,5125,卖盘
1268,10:30:59,10.26,0.01,40,41040,买盘
1269,10:30:53,10.25,--,112,114800,卖盘
1270,10:30:49,10.25,-0.02,4,4100,卖盘
1271,10:30:44,10.27,--,0,0,买盘
1272,10:30:34,10.27,0.02,6,6162,买盘
1273,10:30:29,10.25,-0.02,13,13325,卖盘
1274,10:30:19,10.27,0.02,17,17459,买盘
1275,10:30:14,10.25,--,6,6150,卖盘
1276,10:30:09,10.25,-0.02,68,69700,卖盘
1277,10:30:04,10.27,-0.01,47,48269,卖盘
1278,10:29:53,10.28,0.01,6,6168,买盘
1279,10:29:39,10.27,--,11,11297,卖盘
1280,10:29:34,10.27,--,44,45188,卖盘
1281,10:29:29,10.27,--,49,50323,卖盘
1282,10:29:24,10.27,--,18,18486,卖盘
1283,10:29:14,10.27,--,49,50323,买盘
1284,10:29:09,10.27,--,20,20540,买盘
1285,10:28:59,10.27,0.02,30,30810,买盘
1286,10:28:49,10.25,--,64,65600,买盘
1287,10:28:44,10.25,--,1,1025,买盘
1288,10:28:38,10.25,0.01,46,47150,买盘
1289,10:28:34,10.24,-0.04,117,119808,卖盘
1290,10:28:24,10.28,--,57,58595,买盘
1291,10:28:18,10.28,--,30,30839,买盘
1292,10:28:09,10.28,--,20,20560,买盘
1293,10:28:02,10.28,--,29,29811,卖盘
1294,10:27:59,10.28,--,3,3084,卖盘
1295,10:27:53,10.28,--,21,21588,卖盘
1296,10:27:44,10.28,0.01,247,253915,买盘
1297,10:27:39,10.27,--,12,12324,买盘
1298,10:27:28,10.27,--,22,22594,买盘
1299,10:27:24,10.27,0.01,62,63674,买盘
1300,10:27:18,10.26,-0.01,14,14364,卖盘
1301,10:27:14,10.27,--,21,21567,买盘
1302,10:27:09,10.27,--,629,645983,买盘
1303,10:27:03,10.27,--,9,9243,买盘
1304,10:26:58,10.27,--,58,59566,买盘
1305,10:26:54,10.27,--,19,19513,买盘
1306,10:26:48,10.27,--,1,1027,买盘
1307,10:26:43,10.27,0.01,22,22594,买盘
1308,10:26:39,10.26,--,40,41040,卖盘
1309,10:26:33,10.26,-0.01,4,4104,卖盘
1310,10:26:28,10.27,0.01,39,40053,买盘
1311,10:26:24,10.26,--,109,111834,卖盘
1312,10:25:58,10.26,--,2,2052,卖盘
1313,10:25:54,10.26,--,109,111834,买盘
1314,10:25:48,10.26,0.01,90,92340,买盘
1315,10:25:43,10.25,--,3,3075,卖盘
1316,10:25:38,10.25,--,1,1025,卖盘
1317,10:25:33,10.25,--,50,51250,卖盘
1318,10:25:28,10.25,-0.01,37,37925,卖盘
1319,10:25:23,10.26,0.01,14,14364,买盘
1320,10:25:13,10.25,--,1,1025,中性盘
1321,10:25:08,10.25,-0.01,3,3075,卖盘
1322,10:25:03,10.26,--,98,100548,买盘
1323,10:24:58,10.26,--,18,18468,买盘
1324,10:24:47,10.26,0.01,59,60534,买盘
1325,10:24:43,10.25,--,6,6150,卖盘
1326,10:24:33,10.25,-0.01,9,9225,卖盘
1327,10:24:28,10.26,0.01,4,4104,买盘
1328,10:24:18,10.25,-0.01,46,47150,卖盘
1329,10:24:13,10.26,--,100,102600,买盘
1330,10:24:08,10.26,0.02,81,83106,买盘
1331,10:24:03,10.24,--,16,16384,卖盘
1332,10:23:58,10.24,--,6,6144,卖盘
1333,10:23:53,10.24,--,10,10240,卖盘
1334,10:23:48,10.24,0.01,31,31744,买盘
1335,10:23:43,10.23,-0.01,25,25575,卖盘
1336,10:23:38,10.24,0.01,20,20480,买盘
1337,10:23:33,10.23,--,25,25575,卖盘
1338,10:23:28,10.23,-0.01,25,25575,卖盘
1339,10:23:23,10.24,--,17,17408,买盘
1340,10:23:18,10.24,--,10,10240,买盘
1341,10:23:13,10.24,0.01,100,102400,买盘
1342,10:23:08,10.23,-0.01,8,8184,卖盘
1343,10:23:03,10.24,0.01,12,12288,买盘
1344,10:22:58,10.23,-0.01,47,48081,卖盘
1345,10:22:53,10.24,-0.01,8,8192,卖盘
1346,10:22:48,10.25,--,25,25625,买盘
1347,10:22:43,10.25,0.01,60,61500,买盘
1348,10:22:38,10.24,--,20,20480,卖盘
1349,10:22:33,10.24,-0.01,51,52224,卖盘
1350,10:22:28,10.25,--,10,10250,买盘
1351,10:22:18,10.25,--,307,314675,卖盘
1352,10:22:13,10.25,--,42,43050,卖盘
1353,10:22:08,10.25,--,19,19475,卖盘
1354,10:22:03,10.25,--,97,99425,卖盘
1355,10:21:58,10.25,--,50,51250,卖盘
1356,10:21:48,10.25,-0.01,5,5125,卖盘
1357,10:21:38,10.26,--,119,122094,卖盘
1358,10:21:33,10.26,-0.01,261,267786,卖盘
1359,10:21:28,10.27,--,4,4108,买盘
1360,10:21:23,10.27,0.01,2,2054,买盘
1361,10:21:18,10.26,-0.01,22,22572,卖盘
1362,10:21:13,10.27,--,74,75998,买盘
1363,10:21:08,10.27,0.01,10,10270,买盘
1364,10:21:03,10.26,-0.01,2,2052,卖盘
1365,10:20:58,10.27,0.01,5,5135,买盘
1366,10:20:53,10.26,-0.01,72,73872,卖盘
1367,10:20:48,10.27,--,14,14378,买盘
1368,10:20:42,10.27,--,82,84214,买盘
1369,10:20:38,10.27,0.01,26,26702,买盘
1370,10:20:32,10.26,-0.01,21,21546,卖盘
1371,10:20:27,10.27,0.01,90,92430,买盘
1372,10:20:23,10.26,-0.01,9,9234,卖盘
1373,10:20:18,10.27,0.01,13,13351,买盘
1374,10:20:12,10.26,-0.01,22,22572,卖盘
1375,10:20:02,10.27,--,31,31837,买盘
1376,10:19:57,10.27,0.01,58,59566,买盘
1377,10:19:52,10.26,--,22,22572,买盘
1378,10:19:48,10.26,--,1,1026,买盘
1379,10:19:42,10.26,--,205,210330,买盘
1380,10:19:37,10.26,--,8,8208,买盘
1381,10:19:33,10.26,--,2,2052,买盘
1382,10:19:18,10.26,0.01,30,30780,买盘
1383,10:19:12,10.25,-0.01,41,42025,卖盘
1384,10:19:07,10.26,--,1,1026,买盘
1385,10:19:02,10.26,--,30,30780,买盘
1386,10:18:57,10.26,--,5,5130,买盘
1387,10:18:52,10.26,--,54,55404,买盘
1388,10:18:47,10.26,--,54,55404,买盘
1389,10:18:42,10.26,--,65,66690,买盘
1390,10:18:32,10.26,--,46,47196,买盘
1391,10:18:27,10.26,--,58,59508,买盘
1392,10:18:17,10.26,--,75,77360,买盘
1393,10:18:12,10.26,0.01,34,34884,买盘
1394,10:18:07,10.25,--,5,5125,卖盘
1395,10:18:02,10.25,--,17,17425,卖盘
1396,10:17:57,10.25,-0.01,75,76875,卖盘
1397,10:17:47,10.26,--,21,21546,卖盘
1398,10:17:42,10.26,--,77,79002,卖盘
1399,10:17:32,10.26,-0.01,11,11286,卖盘
1400,10:17:27,10.27,--,237,243399,卖盘
1401,10:17:22,10.27,-0.01,29,29783,卖盘
1402,10:17:17,10.28,--,20,20560,买盘
1403,10:17:12,10.28,--,74,76072,买盘
1404,10:17:02,10.28,--,109,112668,卖盘
1405,10:16:57,10.28,-0.01,334,343352,卖盘
1406,10:16:52,10.29,0.01,10,10290,买盘
1407,10:16:47,10.28,--,10,10280,卖盘
1408,10:16:42,10.28,--,57,58595,卖盘
1409,10:16:37,10.28,--,96,98688,卖盘
1410,10:16:32,10.28,--,1,1028,卖盘
1411,10:16:26,10.28,--,76,78539,卖盘
1412,10:16:22,10.28,--,39,40092,卖盘
1413,10:16:17,10.28,0.01,21,21588,买盘
1414,10:16:12,10.27,--,0,0,卖盘
1415,10:16:07,10.27,-0.01,53,54431,卖盘
1416,10:16:02,10.28,0.01,35,35980,买盘
1417,10:15:57,10.27,-0.01,12,12324,卖盘
1418,10:15:52,10.28,-0.01,79,81212,卖盘
1419,10:15:42,10.29,0.01,15,15434,买盘
1420,10:15:37,10.28,-0.01,8,8224,卖盘
1421,10:15:26,10.29,--,247,254162,卖盘
1422,10:15:22,10.29,-0.01,13,13376,卖盘
1423,10:15:12,10.3,0.01,90,92700,买盘
1424,10:15:07,10.29,-0.01,91,93999,卖盘
1425,10:14:57,10.3,--,20,20600,卖盘
1426,10:14:52,10.3,--,148,153109,卖盘
1427,10:14:46,10.3,--,65,66950,卖盘
1428,10:14:41,10.3,--,84,86520,卖盘
1429,10:14:37,10.3,--,82,84460,卖盘
1430,10:14:32,10.3,-0.01,7,7210,卖盘
1431,10:14:27,10.31,0.01,34,35054,买盘
1432,10:14:22,10.3,-0.01,14,14420,卖盘
1433,10:14:17,10.31,--,48,49488,买盘
1434,10:14:12,10.31,-0.01,109,112379,卖盘
1435,10:14:07,10.32,0.01,54,55728,买盘
1436,10:14:02,10.31,-0.01,23,23713,卖盘
1437,10:13:57,10.32,--,86,88752,卖盘
1438,10:13:52,10.32,-0.01,25,25800,卖盘
1439,10:13:47,10.33,--,13,13429,买盘
1440,10:13:41,10.33,--,530,547490,卖盘
1441,10:13:36,10.33,--,135,139455,卖盘
1442,10:13:32,10.33,--,49,50617,卖盘
1443,10:13:26,10.33,-0.01,155,160115,卖盘
1444,10:13:21,10.34,--,137,141658,买盘
1445,10:13:17,10.34,0.01,11,11374,买盘
1446,10:13:11,10.33,-0.01,22,22726,卖盘
1447,10:13:06,10.34,0.02,26,26884,买盘
1448,10:13:01,10.32,-0.02,23,23736,卖盘
1449,10:12:57,10.34,--,127,131318,买盘
1450,10:12:51,10.34,--,78,80652,卖盘
1451,10:12:47,10.34,--,5,5170,卖盘
1452,10:12:42,10.34,-0.01,23,23782,买盘
1453,10:12:36,10.35,0.03,120,124200,买盘
1454,10:12:32,10.32,-0.01,107,110424,卖盘
1455,10:12:27,10.33,-0.02,21,21693,中性盘
1456,10:12:20,10.35,0.01,100,103500,买盘
1457,10:12:11,10.34,--,5,5170,买盘
1458,10:12:05,10.34,-0.01,24,24816,卖盘
1459,10:12:01,10.35,0.04,650,672750,买盘
1460,10:11:50,10.31,--,801,825831,买盘
1461,10:11:46,10.31,--,20,20620,买盘
1462,10:11:41,10.31,0.01,4,4124,买盘
1463,10:11:36,10.3,--,27,27810,卖盘
1464,10:11:26,10.3,-0.01,75,77250,卖盘
1465,10:11:21,10.31,0.01,12,12372,买盘
1466,10:11:16,10.3,--,32,32960,卖盘
1467,10:11:11,10.3,--,3,3090,卖盘
1468,10:11:05,10.3,--,511,526330,买盘
1469,10:11:01,10.3,0.01,51,52530,买盘
1470,10:10:50,10.29,--,130,133770,卖盘
1471,10:10:41,10.29,-0.01,11,11318,卖盘
1472,10:10:35,10.3,0.02,96,98880,买盘
1473,10:10:31,10.28,--,34,34952,买盘
1474,10:10:26,10.28,-0.02,17,17476,卖盘
1475,10:10:21,10.3,0.01,185,190550,买盘
1476,10:10:16,10.29,0.01,10,10290,买盘
1477,10:10:11,10.28,-0.01,3,3084,卖盘
1478,10:10:01,10.29,-0.01,84,86436,卖盘
1479,10:09:56,10.3,0.01,11,11330,买盘
1480,10:09:51,10.29,--,122,125537,卖盘
1481,10:09:46,10.29,--,46,47333,卖盘
1482,10:09:41,10.29,--,26,26753,卖盘
1483,10:09:35,10.29,--,44,45275,卖盘
1484,10:09:31,10.29,--,60,61739,卖盘
1485,10:09:26,10.29,-0.01,35,36015,卖盘
1486,10:09:20,10.3,--,40,41200,买盘
1487,10:09:16,10.3,-0.01,196,201880,卖盘
1488,10:09:11,10.31,--,49,50519,买盘
1489,10:09:05,10.31,--,116,119596,买盘
1490,10:09:01,10.31,--,45,46395,买盘
1491,10:08:56,10.31,--,5,5155,买盘
1492,10:08:51,10.31,-0.01,69,71139,卖盘
1493,10:08:46,10.32,--,90,92880,买盘
1494,10:08:41,10.32,--,24,24768,买盘
1495,10:08:35,10.32,--,208,214656,买盘
1496,10:08:31,10.32,0.01,48,49536,买盘
1497,10:08:25,10.31,--,12,12372,买盘
1498,10:08:21,10.31,--,191,196921,买盘
1499,10:08:16,10.31,0.01,19,19589,买盘
1500,10:08:10,10.3,--,20,20600,卖盘
1501,10:08:06,10.3,--,288,296640,卖盘
1502,10:08:01,10.3,0.01,161,165830,买盘
1503,10:07:55,10.29,-0.01,11,11318,卖盘
1504,10:07:50,10.3,0.01,133,136990,买盘
1505,10:07:35,10.29,--,49,50420,买盘
1506,10:07:31,10.29,0.01,100,102899,买盘
1507,10:07:20,10.28,--,20,20560,卖盘
1508,10:07:16,10.28,--,353,362884,买盘
1509,10:07:11,10.28,--,30,30839,买盘
1510,10:07:06,10.28,--,34,34952,买盘
1511,10:07:01,10.28,0.01,21,21588,买盘
1512,10:06:55,10.27,-0.01,102,104764,卖盘
1513,10:06:51,10.28,--,60,61679,买盘
1514,10:06:46,10.28,--,44,45232,买盘
1515,10:06:40,10.28,--,2,2056,买盘
1516,10:06:35,10.28,0.01,10,10280,买盘
1517,10:06:31,10.27,--,23,23621,卖盘
1518,10:06:25,10.27,0.01,24,24648,买盘
1519,10:06:21,10.26,-0.01,60,61560,卖盘
1520,10:06:16,10.27,0.01,23,23621,买盘
1521,10:06:10,10.26,--,30,30780,卖盘
1522,10:06:05,10.26,-0.01,20,20520,卖盘
1523,10:06:01,10.27,0.01,3,3081,买盘
1524,10:05:55,10.26,--,23,23598,卖盘
1525,10:05:50,10.26,--,348,357899,买盘
1526,10:05:46,10.26,--,23,23598,买盘
1527,10:05:40,10.26,0.01,50,51300,买盘
1528,10:05:36,10.25,--,35,35875,卖盘
1529,10:05:31,10.25,-0.01,4,4100,卖盘
1530,10:05:25,10.26,0.01,5,5130,买盘
1531,10:05:20,10.25,--,182,186550,买盘
1532,10:05:16,10.25,--,10,10250,买盘
1533,10:05:05,10.25,0.01,5,5125,买盘
1534,10:04:50,10.24,-0.01,7,7168,卖盘
1535,10:04:46,10.25,--,3,3075,买盘
1536,10:04:36,10.25,--,11,11275,买盘
1537,10:04:29,10.25,--,10,10250,买盘
1538,10:04:25,10.25,0.01,14,14350,中性盘
1539,10:04:20,10.24,-0.01,319,326656,卖盘
1540,10:04:14,10.25,--,33,33825,卖盘
1541,10:04:10,10.25,0.01,15,15375,买盘
1542,10:04:05,10.24,-0.01,23,23552,卖盘
1543,10:03:59,10.25,--,33,33825,买盘
1544,10:03:55,10.25,-0.01,16,16400,买盘
1545,10:03:50,10.26,--,0,0,买盘
1546,10:03:44,10.26,0.01,359,368508,买盘
1547,10:03:40,10.25,--,25,25625,卖盘
1548,10:03:35,10.25,--,16,16400,卖盘
1549,10:03:29,10.25,--,20,20500,卖盘
1550,10:03:25,10.25,0.01,221,227375,买盘
1551,10:03:14,10.24,0.01,20,20480,买盘
1552,10:03:10,10.23,-0.01,4,4092,卖盘
1553,10:03:05,10.24,0.01,120,122880,买盘
1554,10:02:59,10.23,-0.01,23,23529,卖盘
1555,10:02:44,10.24,0.01,1,1024,买盘
1556,10:02:29,10.23,--,1,1023,卖盘
1557,10:02:14,10.23,-0.01,20,20460,卖盘
1558,10:02:10,10.24,--,11,11264,买盘
1559,10:01:55,10.24,--,6,6144,卖盘
1560,10:01:50,10.24,--,12,12288,卖盘
1561,10:01:44,10.24,-0.01,20,20480,卖盘
1562,10:01:40,10.25,0.01,23,23575,买盘
1563,10:01:29,10.24,--,9,9216,中性盘
1564,10:01:25,10.24,0.01,16,16384,买盘
1565,10:01:20,10.23,-0.01,15,15345,卖盘
1566,10:01:14,10.24,--,1,1024,买盘
1567,10:01:10,10.24,0.02,3,3072,买盘
1568,10:01:04,10.22,-0.01,14,14308,卖盘
1569,10:00:44,10.23,--,8,8184,卖盘
1570,10:00:40,10.23,--,3,3069,卖盘
1571,10:00:34,10.23,--,14,14322,买盘
1572,10:00:29,10.23,--,26,26598,买盘
1573,10:00:14,10.23,-0.01,3,3069,卖盘
1574,10:00:10,10.24,0.01,29,29696,买盘
1575,10:00:04,10.23,--,0,0,卖盘
1576,09:59:59,10.23,-0.02,10,10230,卖盘
1577,09:59:55,10.25,0.01,60,61500,买盘
1578,09:59:49,10.24,0.01,10,10240,买盘
1579,09:59:40,10.23,-0.02,3,3069,买盘
1580,09:59:29,10.25,0.03,300,307500,买盘
1581,09:59:10,10.22,0.02,1,1022,卖盘
1582,09:59:04,10.2,-0.03,346,352920,卖盘
1583,09:58:54,10.23,0.02,10,10230,买盘
1584,09:58:49,10.21,--,73,74533,买盘
1585,09:58:44,10.21,0.01,30,30630,买盘
1586,09:58:39,10.2,--,25,25500,卖盘
1587,09:58:34,10.2,--,1,1019,卖盘
1588,09:58:29,10.2,--,1,1019,卖盘
1589,09:58:14,10.2,-0.01,5,5100,卖盘
1590,09:58:09,10.21,--,69,70449,买盘
1591,09:58:04,10.21,0.01,5,5105,买盘
1592,09:57:59,10.2,--,5,5100,卖盘
1593,09:57:49,10.2,--,2,2039,卖盘
1594,09:57:44,10.2,--,61,62219,卖盘
1595,09:57:24,10.2,-0.01,10,10200,卖盘
1596,09:57:09,10.21,--,24,24504,卖盘
1597,09:56:44,10.21,-0.01,2,2042,卖盘
1598,09:56:34,10.22,--,1,1022,买盘
1599,09:56:29,10.22,0.02,4,4088,买盘
1600,09:56:24,10.2,-0.01,246,250919,卖盘
1601,09:56:14,10.21,--,22,22462,卖盘
1602,09:56:08,10.21,--,31,31651,卖盘
1603,09:56:04,10.21,--,3,3063,买盘
1604,09:55:59,10.21,--,7,7147,买盘
1605,09:55:53,10.21,--,8,8168,卖盘
1606,09:55:49,10.21,--,2,2042,卖盘
1607,09:55:38,10.21,--,1,1021,卖盘
1608,09:55:34,10.21,0.01,5,5105,卖盘
1609,09:55:23,10.2,--,3,3060,卖盘
1610,09:55:19,10.2,--,0,0,卖盘
1611,09:55:14,10.2,-0.04,12,12240,卖盘
1612,09:55:08,10.24,--,14,14336,买盘
1613,09:54:59,10.24,0.04,7,7168,买盘
1614,09:54:53,10.2,-0.04,28,28559,卖盘
1615,09:54:49,10.24,0.04,1,1024,买盘
1616,09:54:33,10.2,--,3,3060,卖盘
1617,09:54:23,10.2,0.01,474,483581,买盘
1618,09:54:08,10.19,--,10,10190,卖盘
1619,09:54:03,10.19,-0.01,6,6114,卖盘
1620,09:53:53,10.2,--,9,9180,买盘
1621,09:53:43,10.2,-0.01,88,90678,卖盘
1622,09:53:38,10.21,0.01,5,5105,中性盘
1623,09:53:33,10.2,-0.01,16,16422,卖盘
1624,09:53:23,10.21,0.01,12,12252,买盘
1625,09:53:18,10.2,--,10,10200,卖盘
1626,09:53:13,10.2,--,23,23460,卖盘
1627,09:53:08,10.2,--,5,5100,卖盘
1628,09:53:03,10.2,0.01,38,38760,卖盘
1629,09:52:53,10.19,--,0,0,卖盘
1630,09:52:38,10.19,--,329,335251,卖盘
1631,09:52:33,10.19,-0.01,4,4076,卖盘
1632,09:52:18,10.2,0.01,14,14279,买盘
1633,09:52:13,10.19,--,6,6114,卖盘
1634,09:52:08,10.19,--,9,9171,卖盘
1635,09:52:03,10.19,-0.01,28,28532,卖盘
1636,09:51:58,10.2,0.01,30,30599,买盘
1637,09:51:53,10.19,--,17,17323,卖盘
1638,09:51:48,10.19,--,47,47893,卖盘
1639,09:51:38,10.19,--,148,150812,买盘
1640,09:51:33,10.19,--,121,123299,买盘
1641,09:51:28,10.19,--,10,10190,买盘
1642,09:51:23,10.19,--,210,213990,卖盘
1643,09:51:18,10.19,--,25,25475,卖盘
1644,09:51:13,10.19,--,11,11209,卖盘
1645,09:51:08,10.19,--,58,59102,卖盘
1646,09:51:03,10.19,--,31,31589,卖盘
1647,09:50:58,10.19,--,33,33627,卖盘
1648,09:50:53,10.19,--,40,40760,卖盘
1649,09:50:48,10.19,--,10,10190,卖盘
1650,09:50:33,10.19,--,6,6114,卖盘
1651,09:50:28,10.19,-0.01,9,9171,卖盘
1652,09:50:18,10.2,--,31,32537,卖盘
1653,09:50:13,10.2,--,2,2039,卖盘
1654,09:50:08,10.2,--,72,73440,卖盘
1655,09:50:03,10.2,--,27,27539,卖盘
1656,09:49:58,10.2,--,58,59159,卖盘
1657,09:49:53,10.2,--,85,86700,卖盘
1658,09:49:48,10.2,--,30,30599,卖盘
1659,09:49:38,10.2,--,60,61199,卖盘
1660,09:49:33,10.2,--,68,69360,卖盘
1661,09:49:28,10.2,--,27,27539,卖盘
1662,09:49:23,10.2,--,8,8159,卖盘
1663,09:49:13,10.2,--,18,18360,卖盘
1664,09:49:08,10.2,-0.02,282,287640,卖盘
1665,09:49:03,10.22,0.01,75,76650,买盘
1666,09:48:58,10.21,-0.01,52,53194,卖盘
1667,09:48:48,10.22,0.01,125,127750,买盘
1668,09:48:43,10.21,0.01,165,168465,买盘
1669,09:48:38,10.2,--,20,20400,卖盘
1670,09:48:28,10.2,-0.01,89,90780,卖盘
1671,09:48:23,10.21,0.01,41,41861,买盘
1672,09:48:17,10.2,-0.01,4,4079,卖盘
1673,09:48:13,10.21,--,26,26546,买盘
1674,09:48:08,10.21,0.01,50,51050,买盘
1675,09:48:02,10.2,--,40,40800,卖盘
1676,09:47:58,10.2,-0.01,192,195840,卖盘
1677,09:47:53,10.21,--,19,19399,卖盘
1678,09:47:47,10.21,--,91,92911,卖盘
1679,09:47:43,10.21,--,78,79638,卖盘
1680,09:47:38,10.21,--,27,27567,卖盘
1681,09:47:32,10.21,--,51,52071,卖盘
1682,09:47:17,10.21,-0.01,20,20420,卖盘
1683,09:47:13,10.22,0.01,6,6132,买盘
1684,09:47:02,10.21,--,8,8168,卖盘
1685,09:46:57,10.21,-0.01,237,241977,卖盘
1686,09:46:53,10.22,0.01,3,3066,买盘
1687,09:46:47,10.21,-0.02,73,74533,卖盘
1688,09:46:42,10.23,0.01,57,58311,买盘
1689,09:46:32,10.22,--,24,24528,卖盘
1690,09:46:22,10.22,-0.01,2,2044,卖盘
1691,09:46:12,10.23,--,7,7161,买盘
1692,09:46:02,10.23,0.01,16,16368,买盘
1693,09:45:42,10.22,--,5,5110,买盘
1694,09:45:32,10.22,0.02,13,13286,买盘
1695,09:45:02,10.2,--,0,0,卖盘
1696,09:44:57,10.2,-0.04,9,9180,卖盘
1697,09:44:47,10.24,0.03,400,409600,买盘
1698,09:44:27,10.21,--,124,126604,卖盘
1699,09:44:22,10.21,-0.01,27,27567,卖盘
1700,09:44:17,10.22,--,5,5110,卖盘
1701,09:44:12,10.22,--,21,21462,买盘
1702,09:44:07,10.22,0.01,79,80738,买盘
1703,09:43:57,10.21,--,11,11231,卖盘
1704,09:43:52,10.21,--,55,56155,卖盘
1705,09:43:47,10.21,--,15,15315,卖盘
1706,09:43:42,10.21,--,24,24504,卖盘
1707,09:43:37,10.21,--,5,5105,卖盘
1708,09:43:32,10.21,-0.01,3,3063,卖盘
1709,09:43:27,10.22,--,3,3066,买盘
1710,09:43:07,10.22,--,4,4088,买盘
1711,09:43:02,10.22,--,39,39858,买盘
1712,09:42:57,10.22,--,2,2044,买盘
1713,09:42:52,10.22,--,5,5110,卖盘
1714,09:42:47,10.22,--,23,23506,卖盘
1715,09:42:42,10.22,0.01,172,175784,买盘
1716,09:42:32,10.21,--,7,7147,卖盘
1717,09:42:22,10.21,--,16,16336,卖盘
1718,09:42:17,10.21,--,42,42882,卖盘
1719,09:42:07,10.21,-0.01,34,34714,卖盘
1720,09:41:57,10.22,0.01,13,13286,买盘
1721,09:41:52,10.21,--,297,303237,卖盘
1722,09:41:37,10.21,-0.01,32,32672,卖盘
1723,09:41:27,10.22,0.02,22,22484,买盘
1724,09:41:12,10.2,-0.01,3,3060,卖盘
1725,09:41:07,10.21,0.01,9,9189,买盘
1726,09:40:57,10.2,--,35,35700,买盘
1727,09:40:47,10.2,--,12,12240,买盘
1728,09:40:41,10.2,0.01,10,10200,买盘
1729,09:40:37,10.19,-0.01,10,10190,卖盘
1730,09:40:22,10.2,--,10,10200,买盘
1731,09:40:11,10.2,--,6,6120,买盘
1732,09:40:07,10.2,--,2,2039,买盘
1733,09:39:56,10.2,0.01,11,11220,买盘
1734,09:39:52,10.19,--,21,21399,卖盘
1735,09:39:41,10.19,--,30,30570,卖盘
1736,09:39:37,10.19,--,15,15285,买盘
1737,09:39:31,10.19,-0.01,22,22418,卖盘
1738,09:39:26,10.2,0.01,1,1019,买盘
1739,09:39:21,10.19,--,9,9171,卖盘
1740,09:39:16,10.19,--,2,2038,卖盘
1741,09:39:11,10.19,0.01,36,36684,买盘
1742,09:39:06,10.18,--,246,250428,买盘
1743,09:39:01,10.18,--,7,7126,买盘
1744,09:38:56,10.18,--,132,134376,买盘
1745,09:38:51,10.18,--,41,41738,买盘
1746,09:38:46,10.18,--,21,21378,买盘
1747,09:38:41,10.18,--,36,36648,买盘
1748,09:38:36,10.18,0.01,8,8144,买盘
1749,09:38:26,10.17,-0.01,28,28476,卖盘
1750,09:38:21,10.18,--,121,123178,买盘
1751,09:38:16,10.18,0.01,30,30540,买盘
1752,09:38:11,10.17,-0.01,1,1017,卖盘
1753,09:38:06,10.18,--,105,106890,买盘
1754,09:38:01,10.18,0.01,5,5090,买盘
1755,09:37:56,10.17,-0.01,1,1017,卖盘
1756,09:37:51,10.18,--,13,13234,卖盘
1757,09:37:41,10.18,-0.01,21,21378,买盘
1758,09:37:36,10.19,0.01,213,217047,买盘
1759,09:37:26,10.18,--,120,122160,卖盘
1760,09:37:21,10.18,--,66,67188,卖盘
1761,09:37:16,10.18,--,18,18324,卖盘
1762,09:37:11,10.18,0.01,72,73540,买盘
1763,09:37:06,10.17,-0.01,54,54918,卖盘
1764,09:37:01,10.18,--,12,12216,买盘
1765,09:36:56,10.18,--,57,58026,买盘
1766,09:36:41,10.18,--,88,90357,卖盘
1767,09:36:36,10.18,-0.01,125,127250,卖盘
1768,09:36:31,10.19,--,1,1019,卖盘
1769,09:36:26,10.19,--,63,64197,卖盘
1770,09:36:21,10.19,--,34,34646,卖盘
1771,09:36:16,10.19,0.01,110,112090,买盘
1772,09:36:11,10.18,--,3,3054,卖盘
1773,09:36:06,10.18,--,23,23414,卖盘
1774,09:36:01,10.18,--,10,10180,卖盘
1775,09:35:56,10.18,--,173,176114,卖盘
1776,09:35:51,10.18,--,62,63370,卖盘
1777,09:35:46,10.18,--,0,0,卖盘
1778,09:35:41,10.18,-0.02,20,20360,卖盘
1779,09:35:36,10.2,0.01,26,26519,买盘
1780,09:35:31,10.19,-0.01,65,67243,卖盘
1781,09:35:16,10.2,--,26,26519,卖盘
1782,09:35:11,10.2,--,62,63239,卖盘
1783,09:35:06,10.2,--,64,65279,卖盘
1784,09:35:01,10.2,--,13,13259,卖盘
1785,09:34:51,10.2,--,95,96900,卖盘
1786,09:34:46,10.2,-0.01,21,21420,卖盘
1787,09:34:41,10.21,0.01,3,3063,买盘
1788,09:34:36,10.2,-0.01,18,18360,卖盘
1789,09:34:31,10.21,--,6,6126,买盘
1790,09:34:21,10.21,--,187,190927,买盘
1791,09:34:16,10.21,0.01,273,278733,买盘
1792,09:34:11,10.2,--,5,5100,卖盘
1793,09:34:06,10.2,-0.01,12,12240,卖盘
1794,09:34:01,10.21,0.01,10,10210,买盘
1795,09:33:56,10.2,-0.01,3,3060,卖盘
1796,09:33:51,10.21,--,19,19399,卖盘
1797,09:33:41,10.21,0.01,9,9189,卖盘
1798,09:33:36,10.2,--,10,10200,卖盘
1799,09:33:31,10.2,-0.01,39,39780,卖盘
1800,09:33:21,10.21,--,1,1021,卖盘
1801,09:33:16,10.21,-0.01,7,7147,卖盘
1802,09:33:11,10.22,--,6,6132,买盘
1803,09:33:05,10.22,--,15,15330,买盘
1804,09:33:01,10.22,--,6,6132,买盘
1805,09:32:55,10.22,-0.01,179,182938,卖盘
1806,09:32:50,10.23,--,22,22506,买盘
1807,09:32:35,10.23,0.01,16,16368,买盘
1808,09:32:31,10.22,--,12,12264,买盘
1809,09:32:25,10.22,0.02,3,3066,卖盘
1810,09:32:20,10.2,-0.02,38,38760,卖盘
1811,09:32:16,10.22,0.02,123,125706,买盘
1812,09:32:00,10.2,--,45,45900,卖盘
1813,09:31:45,10.2,--,289,294780,买盘
1814,09:31:35,10.2,0.01,10,10200,买盘
1815,09:31:30,10.19,-0.01,15,15285,卖盘
1816,09:31:20,10.2,--,37,37740,买盘
1817,09:31:15,10.2,--,1,1019,卖盘
1818,09:31:05,10.2,--,8,8159,买盘
1819,09:31:00,10.2,-0.02,25,25500,卖盘
1820,09:30:55,10.22,0.02,30,30660,买盘
1821,09:30:50,10.2,--,37,37740,卖盘
1822,09:30:45,10.2,--,39,39780,卖盘
1823,09:30:35,10.2,--,9,9180,卖盘
1824,09:30:30,10.2,-0.02,21,21420,卖盘
1825,09:30:20,10.22,0.02,10,10220,买盘
1826,09:30:10,10.2,--,6,6120,卖盘
1827,09:30:05,10.2,-0.03,247,251939,卖盘
1828,09:28:47,10.23,--,0,0,买盘
1829,09:25:02,10.23,10.23,100,102300,买盘
