,time,price,change,volume,amount,type
0,15:00:00,3.09,--,0,0,卖盘
1,15:00:00,3.09,--,178,55002,卖盘
2,14:59:53,3.09,--,5,1545,卖盘
3,14:59:49,3.09,-0.01,72,22248,卖盘
4,14:59:43,3.1,0.01,3,930,买盘
5,14:59:38,3.09,--,100,30900,卖盘
6,14:59:33,3.09,-0.01,70,21630,卖盘
7,14:59:28,3.1,--,10,3100,买盘
8,14:59:23,3.1,--,177,54870,买盘
9,14:59:13,3.1,--,17,5270,买盘
10,14:59:08,3.1,0.01,17,5270,买盘
11,14:59:03,3.09,--,22,6798,卖盘
12,14:58:53,3.09,-0.01,86,26574,卖盘
13,14:58:48,3.1,--,17,5270,买盘
14,14:58:38,3.1,--,100,31000,买盘
15,14:58:33,3.1,0.01,117,36270,买盘
16,14:58:28,3.09,-0.01,29,8961,卖盘
17,14:58:23,3.1,--,171,53010,买盘
18,14:58:18,3.1,0.01,39,12090,买盘
19,14:58:08,3.09,-0.01,310,95790,卖盘
20,14:58:03,3.1,--,76,23560,买盘
21,14:57:58,3.1,0.01,16,4960,买盘
22,14:57:53,3.09,-0.01,264,81576,卖盘
23,14:57:48,3.1,--,6,1860,买盘
24,14:57:43,3.1,--,119,36890,买盘
25,14:57:38,3.1,--,43,13330,买盘
26,14:57:33,3.1,0.01,201,62310,买盘
27,14:57:23,3.09,--,162,50058,卖盘
28,14:57:18,3.09,-0.01,85,26265,卖盘
29,14:57:08,3.1,0.01,51,15810,买盘
30,14:57:03,3.09,-0.01,29,8961,卖盘
31,14:56:58,3.1,--,18,5580,买盘
32,14:56:53,3.1,--,22,6820,买盘
33,14:56:48,3.1,0.01,111,34410,买盘
34,14:56:43,3.09,--,1699,524991,卖盘
35,14:56:33,3.09,-0.01,108,33372,卖盘
36,14:56:28,3.1,--,67,20770,买盘
37,14:56:23,3.1,--,165,51150,买盘
38,14:56:18,3.1,--,1083,335730,买盘
39,14:56:13,3.1,0.01,37,11470,买盘
40,14:56:03,3.09,--,481,148629,卖盘
41,14:55:58,3.09,-0.01,120,37080,卖盘
42,14:55:52,3.1,--,20,6200,买盘
43,14:55:48,3.1,0.01,221,68510,买盘
44,14:55:43,3.09,-0.01,220,67980,卖盘
45,14:55:33,3.1,--,18,5580,买盘
46,14:55:28,3.1,0.01,100,31000,买盘
47,14:55:22,3.09,--,800,247200,卖盘
48,14:55:18,3.09,--,89,27501,卖盘
49,14:55:07,3.09,--,1,309,卖盘
50,14:55:03,3.09,--,132,40788,卖盘
51,14:54:58,3.09,-0.01,36,11124,卖盘
52,14:54:52,3.1,0.01,2,620,买盘
53,14:54:47,3.09,--,126,38934,卖盘
54,14:54:42,3.09,--,89,27501,卖盘
55,14:54:37,3.09,-0.01,100,30900,卖盘
56,14:54:32,3.1,0.01,3,930,买盘
57,14:54:28,3.09,-0.01,442,136720,卖盘
58,14:54:22,3.1,0.01,17,5270,买盘
59,14:54:17,3.09,--,206,63654,卖盘
60,14:54:12,3.09,-0.01,27,8343,卖盘
61,14:54:07,3.1,0.01,16,4960,买盘
62,14:54:02,3.09,--,119,36771,卖盘
63,14:53:57,3.09,-0.01,109,33681,卖盘
64,14:53:52,3.1,--,40,12400,买盘
65,14:53:47,3.1,--,104,32240,买盘
66,14:53:42,3.1,0.01,367,113770,买盘
67,14:53:37,3.09,-0.01,20,6180,卖盘
68,14:53:32,3.1,--,17,5270,买盘
69,14:53:27,3.1,--,195,60450,买盘
70,14:53:17,3.1,0.01,23,7130,买盘
71,14:53:12,3.09,--,5,1545,卖盘
72,14:53:07,3.09,--,300,92700,卖盘
73,14:53:02,3.09,--,131,40479,卖盘
74,14:52:57,3.09,--,201,62109,卖盘
75,14:52:52,3.09,--,101,31209,卖盘
76,14:52:47,3.09,-0.01,156,48204,卖盘
77,14:52:42,3.1,0.01,148,45880,买盘
78,14:52:37,3.09,--,12,3708,卖盘
79,14:52:32,3.09,--,22,6798,卖盘
80,14:52:27,3.09,--,259,80031,卖盘
81,14:52:22,3.09,--,18,5562,卖盘
82,14:52:17,3.09,--,546,168714,卖盘
83,14:52:12,3.09,--,3,927,卖盘
84,14:52:07,3.09,--,18,5562,卖盘
85,14:52:02,3.09,--,95,29355,卖盘
86,14:51:57,3.09,--,113,34917,卖盘
87,14:51:52,3.09,--,102,31518,卖盘
88,14:51:47,3.09,-0.01,652,201468,卖盘
89,14:51:42,3.1,0.01,233,72230,买盘
90,14:51:37,3.09,--,820,253380,卖盘
91,14:51:32,3.09,-0.01,45,13905,卖盘
92,14:51:27,3.1,--,393,121830,买盘
93,14:51:22,3.1,--,63,19530,买盘
94,14:51:17,3.1,--,34,10540,买盘
95,14:51:12,3.1,--,45,13950,买盘
96,14:51:02,3.1,0.01,137,42470,买盘
97,14:50:57,3.09,--,353,109077,卖盘
98,14:50:52,3.09,--,46,14214,卖盘
99,14:50:47,3.09,--,147,45423,卖盘
100,14:50:42,3.09,-0.01,220,67980,卖盘
101,14:50:37,3.1,--,376,116560,买盘
102,14:50:32,3.1,--,417,129270,买盘
103,14:50:27,3.1,0.01,432,133920,买盘
104,14:50:22,3.09,--,174,53766,卖盘
105,14:50:17,3.09,-0.01,496,153264,卖盘
106,14:50:12,3.1,--,224,69440,买盘
107,14:50:07,3.1,--,20,6200,买盘
108,14:50:02,3.1,--,27,8370,买盘
109,14:49:57,3.1,--,102,31620,买盘
110,14:49:52,3.1,--,61,18910,买盘
111,14:49:47,3.1,--,151,46810,买盘
112,14:49:42,3.1,--,137,42470,买盘
113,14:49:37,3.1,--,26,8060,买盘
114,14:49:31,3.1,0.01,26,8060,买盘
115,14:49:27,3.09,--,390,120510,卖盘
116,14:49:16,3.09,-0.01,19,5871,卖盘
117,14:49:12,3.1,0.01,104,32240,买盘
118,14:49:07,3.09,-0.01,6,1854,卖盘
119,14:49:02,3.1,0.01,17,5270,买盘
120,14:48:57,3.09,--,1328,410352,卖盘
121,14:48:52,3.09,-0.01,28,8652,卖盘
122,14:48:42,3.1,--,379,117490,买盘
123,14:48:37,3.1,0.01,17,5270,买盘
124,14:48:27,3.09,--,402,124218,卖盘
125,14:48:22,3.09,-0.01,457,141213,卖盘
126,14:48:16,3.1,0.01,18,5580,买盘
127,14:48:12,3.09,-0.01,1,309,卖盘
128,14:48:07,3.1,--,22,6820,买盘
129,14:48:01,3.1,--,233,72230,买盘
130,14:47:57,3.1,--,100,31000,买盘
131,14:47:52,3.1,--,659,204290,买盘
132,14:47:46,3.1,0.01,229,70990,买盘
133,14:47:42,3.09,--,11,3399,卖盘
134,14:47:37,3.09,-0.01,32,9888,卖盘
135,14:47:26,3.1,0.01,924,286440,买盘
136,14:47:22,3.09,-0.01,11,3399,卖盘
137,14:47:12,3.1,--,225,69750,买盘
138,14:47:07,3.1,0.01,117,36270,买盘
139,14:47:01,3.09,-0.01,25,7725,卖盘
140,14:46:57,3.1,--,217,67270,买盘
141,14:46:52,3.1,0.01,23,7130,买盘
142,14:46:46,3.09,-0.01,126,38934,卖盘
143,14:46:41,3.1,--,15,4650,买盘
144,14:46:37,3.1,--,33,10230,买盘
145,14:46:31,3.1,0.01,210,65100,买盘
146,14:46:26,3.09,-0.01,3301,1020009,卖盘
147,14:46:21,3.1,0.01,47,14570,买盘
148,14:46:11,3.09,--,62,19158,卖盘
149,14:46:06,3.09,-0.01,16,4944,卖盘
150,14:46:01,3.1,0.01,27,8370,买盘
151,14:45:56,3.09,--,7,2163,卖盘
152,14:45:51,3.09,--,30,9270,卖盘
153,14:45:41,3.09,-0.01,13,4017,卖盘
154,14:45:36,3.1,0.01,2,620,买盘
155,14:45:31,3.09,--,5,1545,卖盘
156,14:45:26,3.09,-0.01,299,92391,卖盘
157,14:45:11,3.1,--,1,310,买盘
158,14:45:06,3.1,0.01,106,32860,买盘
159,14:45:01,3.09,-0.01,119,36771,卖盘
160,14:44:56,3.1,--,61,18910,买盘
161,14:44:51,3.1,--,23,7130,买盘
162,14:44:46,3.1,--,1,310,买盘
163,14:44:41,3.1,--,17,5270,买盘
164,14:44:36,3.1,--,128,39680,买盘
165,14:44:26,3.1,--,300,93000,买盘
166,14:44:21,3.1,0.01,17,5270,买盘
167,14:44:16,3.09,--,7,2163,卖盘
168,14:44:11,3.09,-0.01,22,6798,卖盘
169,14:44:06,3.1,0.01,17,5270,买盘
170,14:43:56,3.09,-0.01,51,15759,卖盘
171,14:43:51,3.1,--,19,5890,买盘
172,14:43:46,3.1,0.01,18,5580,买盘
173,14:43:41,3.09,--,36,11124,卖盘
174,14:43:36,3.09,-0.01,58,17922,卖盘
175,14:43:31,3.1,0.01,449,139190,买盘
176,14:43:26,3.09,--,346,106914,卖盘
177,14:43:21,3.09,--,1,309,卖盘
178,14:43:16,3.09,-0.01,1,309,卖盘
179,14:43:11,3.1,--,34,10540,买盘
180,14:43:06,3.1,0.01,2,620,买盘
181,14:43:01,3.09,-0.01,122,37698,卖盘
182,14:42:51,3.1,0.01,3407,1056170,买盘
183,14:42:40,3.09,-0.01,83,25647,卖盘
184,14:42:36,3.1,0.01,38,11780,买盘
185,14:42:31,3.09,-0.01,319,98571,卖盘
186,14:42:21,3.1,--,1,310,买盘
187,14:42:16,3.1,0.01,17,5270,买盘
188,14:42:06,3.09,--,67,20703,卖盘
189,14:42:01,3.09,-0.01,57,17613,卖盘
190,14:41:55,3.1,--,2,620,买盘
191,14:41:46,3.1,--,50,15500,买盘
192,14:41:40,3.1,0.01,29,8990,买盘
193,14:41:36,3.09,-0.01,1,309,卖盘
194,14:41:31,3.1,0.01,249,77190,买盘
195,14:41:25,3.09,-0.01,2,618,卖盘
196,14:41:21,3.1,--,17,5270,买盘
197,14:41:16,3.1,0.01,2,620,买盘
198,14:41:10,3.09,-0.01,5,1545,卖盘
199,14:41:06,3.1,--,18,5580,买盘
200,14:40:55,3.1,--,35,10850,买盘
201,14:40:51,3.1,--,17,5270,买盘
202,14:40:46,3.1,0.01,27,8370,买盘
203,14:40:40,3.09,--,11,3399,卖盘
204,14:40:36,3.09,-0.01,1,309,卖盘
205,14:40:31,3.1,--,18,5580,买盘
206,14:40:21,3.1,0.01,1,310,买盘
207,14:40:16,3.09,--,1558,481422,卖盘
208,14:40:10,3.09,--,23,7107,卖盘
209,14:40:01,3.09,--,2,618,卖盘
210,14:39:55,3.09,-0.01,6,1854,卖盘
211,14:39:50,3.1,0.01,72,22320,买盘
212,14:39:45,3.09,--,2,618,卖盘
213,14:39:40,3.09,--,22,6798,卖盘
214,14:39:35,3.09,-0.01,29,8961,卖盘
215,14:39:30,3.1,0.01,487,150970,买盘
216,14:39:25,3.09,--,50,15450,卖盘
217,14:39:20,3.09,-0.01,1,309,卖盘
218,14:39:15,3.1,--,53,16430,买盘
219,14:39:05,3.1,0.01,162,50220,买盘
220,14:39:00,3.09,-0.01,16,4944,卖盘
221,14:38:55,3.1,--,17,5270,买盘
222,14:38:50,3.1,--,1,310,买盘
223,14:38:35,3.1,0.01,31,9610,买盘
224,14:38:30,3.09,-0.01,39,12051,卖盘
225,14:38:20,3.1,0.01,18,5580,买盘
226,14:38:10,3.09,-0.01,1,309,卖盘
227,14:38:00,3.1,--,37,11470,买盘
228,14:37:55,3.1,--,13,4030,买盘
229,14:37:50,3.1,--,26,8060,买盘
230,14:37:45,3.1,0.01,20,6200,买盘
231,14:37:35,3.09,-0.01,23,7144,卖盘
232,14:37:25,3.1,0.01,86,26660,买盘
233,14:37:20,3.09,-0.01,150,46350,卖盘
234,14:37:15,3.1,0.01,116,35960,买盘
235,14:37:10,3.09,-0.01,20,6180,卖盘
236,14:37:05,3.1,0.01,18,5580,买盘
237,14:37:00,3.09,--,33,10197,卖盘
238,14:36:50,3.09,--,18,5562,卖盘
239,14:36:45,3.09,-0.01,5,1545,卖盘
240,14:36:40,3.1,0.01,28,8680,买盘
241,14:36:35,3.09,-0.01,3,927,卖盘
242,14:36:30,3.1,0.01,17,5270,买盘
243,14:36:15,3.09,-0.01,124,38316,卖盘
244,14:36:04,3.1,--,17,5270,买盘
245,14:35:55,3.1,0.01,18,5580,买盘
246,14:35:45,3.09,-0.01,3,970,卖盘
247,14:35:40,3.1,0.01,6,1860,买盘
248,14:35:35,3.09,--,49,15141,卖盘
249,14:35:30,3.09,--,22,6798,卖盘
250,14:35:25,3.09,-0.01,26,8034,卖盘
251,14:35:19,3.1,--,317,98270,买盘
252,14:35:15,3.1,0.01,9,2790,买盘
253,14:35:10,3.09,--,9,2781,卖盘
254,14:35:00,3.09,-0.01,98,30282,卖盘
255,14:34:55,3.1,0.01,17,5270,买盘
256,14:34:49,3.09,--,7,2163,卖盘
257,14:34:45,3.09,--,23,7107,卖盘
258,14:34:40,3.09,--,11,3399,卖盘
259,14:34:34,3.09,--,5,1545,卖盘
260,14:34:30,3.09,--,5,1545,卖盘
261,14:34:25,3.09,--,91,28119,卖盘
262,14:34:19,3.09,--,54,16686,卖盘
263,14:34:15,3.09,-0.01,1,309,卖盘
264,14:34:10,3.1,0.01,142,44020,买盘
265,14:34:00,3.09,--,311,96099,卖盘
266,14:33:55,3.09,--,5,1545,卖盘
267,14:33:49,3.09,--,27,8343,卖盘
268,14:33:45,3.09,--,24,7416,卖盘
269,14:33:40,3.09,--,66,20394,卖盘
270,14:33:30,3.09,--,22,6798,卖盘
271,14:33:25,3.09,-0.01,6,1854,卖盘
272,14:33:19,3.1,0.01,100,31000,买盘
273,14:33:15,3.09,-0.01,22,6798,卖盘
274,14:33:10,3.1,0.01,77,23870,买盘
275,14:33:00,3.09,-0.01,5,1545,卖盘
276,14:32:55,3.1,0.01,119,36890,买盘
277,14:32:45,3.09,--,5,1545,卖盘
278,14:32:40,3.09,--,71,21939,卖盘
279,14:32:34,3.09,-0.01,23,7107,卖盘
280,14:32:29,3.1,0.01,25,7750,买盘
281,14:32:25,3.09,--,5,1545,卖盘
282,14:32:19,3.09,-0.01,26,8034,卖盘
283,14:32:14,3.1,0.01,17,5270,买盘
284,14:32:10,3.09,--,60,18540,卖盘
285,14:32:04,3.09,-0.01,5,1545,卖盘
286,14:32:00,3.1,--,17,5270,买盘
287,14:31:55,3.1,0.01,22,6820,买盘
288,14:31:49,3.09,-0.01,99,30591,卖盘
289,14:31:39,3.1,0.01,89,27590,买盘
290,14:31:34,3.09,--,6,1854,卖盘
291,14:31:29,3.09,-0.01,6,1854,卖盘
292,14:31:24,3.1,--,77,23870,买盘
293,14:31:19,3.1,--,27,8370,买盘
294,14:31:14,3.1,--,206,63860,买盘
295,14:31:09,3.1,0.01,266,82460,买盘
296,14:31:04,3.09,-0.01,28,8652,卖盘
297,14:30:59,3.1,--,1,310,买盘
298,14:30:54,3.1,--,543,168330,买盘
299,14:30:44,3.1,--,201,62310,买盘
300,14:30:39,3.1,--,205,63550,买盘
301,14:30:34,3.1,--,202,62620,买盘
302,14:30:29,3.1,--,160,49600,买盘
303,14:30:24,3.1,--,482,149420,买盘
304,14:30:19,3.1,--,75,23250,买盘
305,14:30:14,3.1,--,678,210180,买盘
306,14:30:09,3.1,0.01,117,36270,买盘
307,14:29:54,3.09,-0.01,24,7416,卖盘
308,14:29:44,3.1,0.01,50,15500,买盘
309,14:29:39,3.09,-0.01,69,21321,卖盘
310,14:29:34,3.1,--,17,5270,买盘
311,14:29:29,3.1,--,17,5270,买盘
312,14:29:19,3.1,--,1,310,买盘
313,14:29:14,3.1,--,37,11470,买盘
314,14:29:09,3.1,--,42,13020,买盘
315,14:29:04,3.1,0.01,17,5270,买盘
316,14:28:58,3.09,--,70,21630,卖盘
317,14:28:54,3.09,-0.01,112,34608,卖盘
318,14:28:49,3.1,--,37,11470,买盘
319,14:28:39,3.1,0.01,41,12710,买盘
320,14:28:34,3.09,-0.01,25,7725,卖盘
321,14:28:24,3.1,--,22,6820,买盘
322,14:28:18,3.1,0.01,49,15190,买盘
323,14:28:13,3.09,--,148,45732,卖盘
324,14:28:09,3.09,--,114,35226,卖盘
325,14:28:04,3.09,-0.01,303,93627,卖盘
326,14:27:54,3.1,0.01,12,3720,买盘
327,14:27:48,3.09,--,118,36462,卖盘
328,14:27:43,3.09,--,1,309,卖盘
329,14:27:39,3.09,-0.01,219,67671,卖盘
330,14:27:34,3.1,0.01,17,5270,买盘
331,14:27:28,3.09,-0.01,129,39861,卖盘
332,14:27:19,3.1,--,147,45570,买盘
333,14:27:09,3.1,--,78,24180,买盘
334,14:27:04,3.1,0.01,145,44950,买盘
335,14:26:54,3.09,-0.01,146,45114,卖盘
336,14:26:49,3.1,0.01,19,5890,买盘
337,14:26:43,3.09,--,617,190653,卖盘
338,14:26:39,3.09,--,45,13905,卖盘
339,14:26:33,3.09,-0.01,240,74160,卖盘
340,14:26:24,3.1,0.01,67,20770,买盘
341,14:26:19,3.09,--,116,35844,卖盘
342,14:26:09,3.09,-0.01,360,111240,卖盘
343,14:25:58,3.1,--,163,50530,买盘
344,14:25:54,3.1,0.01,219,67890,买盘
345,14:25:49,3.09,-0.01,336,103824,卖盘
346,14:25:39,3.1,0.01,211,65410,买盘
347,14:25:33,3.09,-0.01,60,18540,卖盘
348,14:25:28,3.1,0.01,1,310,买盘
349,14:25:24,3.09,--,147,45423,卖盘
350,14:25:18,3.09,--,170,52684,卖盘
351,14:25:13,3.09,-0.01,21,6489,卖盘
352,14:25:09,3.1,--,58,17980,买盘
353,14:25:03,3.1,0.01,130,40300,买盘
354,14:24:58,3.09,--,12,3708,卖盘
355,14:24:54,3.09,-0.01,226,69834,卖盘
356,14:24:48,3.1,--,144,44640,买盘
357,14:24:43,3.1,0.01,1,310,买盘
358,14:24:39,3.09,--,194,59946,卖盘
359,14:24:33,3.09,--,132,40788,卖盘
360,14:24:28,3.09,-0.01,26,8034,卖盘
361,14:24:23,3.1,0.01,18,5580,买盘
362,14:24:19,3.09,--,131,40479,卖盘
363,14:24:08,3.09,--,191,59019,卖盘
364,14:24:04,3.09,--,223,68907,卖盘
365,14:23:58,3.09,-0.01,142,43878,卖盘
366,14:23:53,3.1,0.01,19,5890,买盘
367,14:23:48,3.09,--,205,63345,卖盘
368,14:23:43,3.09,-0.01,130,40170,卖盘
369,14:23:38,3.1,--,59,18290,买盘
370,14:23:23,3.1,--,67,20770,买盘
371,14:23:18,3.1,--,20,6200,买盘
372,14:23:08,3.1,0.01,232,71920,买盘
373,14:22:58,3.09,-0.01,155,47895,卖盘
374,14:22:48,3.1,--,152,47120,买盘
375,14:22:43,3.1,--,17,5270,买盘
376,14:22:38,3.1,0.01,462,143220,买盘
377,14:22:33,3.09,-0.01,153,47277,卖盘
378,14:22:23,3.1,0.01,151,46810,买盘
379,14:22:18,3.09,--,37,11433,卖盘
380,14:22:13,3.09,--,119,36771,卖盘
381,14:22:08,3.09,-0.01,44,13596,卖盘
382,14:22:03,3.1,--,155,48050,买盘
383,14:21:58,3.1,0.01,18,5580,买盘
384,14:21:53,3.09,-0.01,142,43878,卖盘
385,14:21:48,3.1,0.01,18,5580,买盘
386,14:21:43,3.09,--,1,309,卖盘
387,14:21:38,3.09,-0.01,198,61182,卖盘
388,14:21:33,3.1,0.01,154,47740,买盘
389,14:21:18,3.09,-0.01,158,48822,卖盘
390,14:21:12,3.1,0.01,17,5270,买盘
391,14:21:07,3.09,-0.01,280,86520,卖盘
392,14:21:03,3.1,0.01,18,5580,买盘
393,14:20:58,3.09,-0.01,138,42642,卖盘
394,14:20:52,3.1,--,19,5890,买盘
395,14:20:48,3.1,--,156,48360,买盘
396,14:20:42,3.1,--,401,124310,买盘
397,14:20:37,3.1,0.01,41,12710,买盘
398,14:20:33,3.09,-0.01,157,48513,卖盘
399,14:20:27,3.1,0.01,17,5270,买盘
400,14:20:22,3.09,-0.01,1161,358749,卖盘
401,14:20:18,3.1,0.01,19,5890,买盘
402,14:20:12,3.09,--,147,45423,卖盘
403,14:20:07,3.09,-0.01,1,309,卖盘
404,14:20:03,3.1,--,174,53940,买盘
405,14:19:57,3.1,0.01,2,620,买盘
406,14:19:52,3.09,--,1,309,卖盘
407,14:19:48,3.09,--,207,63963,卖盘
408,14:19:42,3.09,-0.01,137,42333,卖盘
409,14:19:37,3.1,--,77,23870,买盘
410,14:19:33,3.1,0.01,117,36270,买盘
411,14:19:27,3.09,-0.01,40,12360,卖盘
412,14:19:18,3.1,0.01,179,55490,买盘
413,14:19:12,3.09,--,66,20394,卖盘
414,14:19:07,3.09,-0.01,206,63654,卖盘
415,14:19:03,3.1,0.01,92,28520,买盘
416,14:18:57,3.09,-0.01,139,42951,卖盘
417,14:18:52,3.1,--,19,5890,买盘
418,14:18:48,3.1,--,284,88040,买盘
419,14:18:42,3.1,--,3,930,买盘
420,14:18:33,3.1,--,154,47740,买盘
421,14:18:27,3.1,--,155,48050,买盘
422,14:18:22,3.1,0.01,17,5270,买盘
423,14:18:18,3.09,--,0,89,卖盘
424,14:18:12,3.09,--,139,42951,卖盘
425,14:18:07,3.09,-0.01,395,122055,卖盘
426,14:18:03,3.1,0.01,56,17360,买盘
427,14:17:57,3.09,--,106,32769,卖盘
428,14:17:52,3.09,--,119,36771,卖盘
429,14:17:48,3.09,-0.01,141,43569,卖盘
430,14:17:42,3.1,0.01,120,37200,买盘
431,14:17:37,3.09,--,59,18231,卖盘
432,14:17:33,3.09,--,8,2472,卖盘
433,14:17:27,3.09,--,191,59019,卖盘
434,14:17:22,3.09,--,37,11433,卖盘
435,14:17:18,3.09,-0.01,149,46041,卖盘
436,14:17:12,3.1,0.01,335,103850,买盘
437,14:17:07,3.09,--,4,1236,卖盘
438,14:17:02,3.09,--,2815,869835,卖盘
439,14:16:57,3.09,-0.01,182,56238,卖盘
440,14:16:52,3.1,--,88,27280,买盘
441,14:16:47,3.1,0.01,104,32240,买盘
442,14:16:42,3.09,-0.01,74,22866,卖盘
443,14:16:37,3.1,0.01,85,26350,买盘
444,14:16:32,3.09,--,150,46350,卖盘
445,14:16:27,3.09,--,161,49749,卖盘
446,14:16:22,3.09,--,44,13596,卖盘
447,14:16:17,3.09,--,166,51294,卖盘
448,14:16:12,3.09,-0.01,162,50058,卖盘
449,14:16:07,3.1,--,858,265980,买盘
450,14:16:02,3.1,0.01,160,49600,买盘
451,14:15:57,3.09,--,70,21630,卖盘
452,14:15:52,3.09,--,39,12051,卖盘
453,14:15:47,3.09,--,236,72924,卖盘
454,14:15:42,3.09,--,27,8343,卖盘
455,14:15:37,3.09,--,144,44496,卖盘
456,14:15:32,3.09,--,4,1236,卖盘
457,14:15:27,3.09,-0.01,147,45423,卖盘
458,14:15:17,3.1,0.01,149,46190,买盘
459,14:15:12,3.09,-0.01,1,309,卖盘
460,14:15:07,3.1,0.01,123,38130,买盘
461,14:15:02,3.09,-0.01,41,12669,卖盘
462,14:14:57,3.1,0.01,42,13020,买盘
463,14:14:52,3.09,-0.01,198,61182,卖盘
464,14:14:47,3.1,0.01,7,2170,买盘
465,14:14:41,3.09,-0.01,249,76941,卖盘
466,14:14:37,3.1,0.01,1,310,买盘
467,14:14:32,3.09,--,143,44187,卖盘
468,14:14:27,3.09,-0.01,50,15450,卖盘
469,14:14:22,3.1,--,143,44330,买盘
470,14:14:17,3.1,--,9,2790,买盘
471,14:14:12,3.1,--,147,45570,买盘
472,14:14:07,3.1,0.01,201,62310,买盘
473,14:13:56,3.09,--,192,59328,卖盘
474,14:13:46,3.09,--,142,43878,卖盘
475,14:13:42,3.09,--,56,17304,卖盘
476,14:13:37,3.09,--,142,43878,卖盘
477,14:13:27,3.09,-0.01,177,54693,卖盘
478,14:13:22,3.1,0.01,14,4340,买盘
479,14:13:16,3.09,-0.01,169,52221,卖盘
480,14:13:11,3.1,--,6,1860,买盘
481,14:13:07,3.1,--,153,47430,买盘
482,14:12:57,3.1,0.01,8,2480,买盘
483,14:12:51,3.09,--,168,51912,卖盘
484,14:12:42,3.09,-0.01,140,43260,卖盘
485,14:12:36,3.1,0.01,1,310,买盘
486,14:12:31,3.09,--,145,44805,卖盘
487,14:12:26,3.09,--,101,31209,卖盘
488,14:12:21,3.09,-0.01,147,45423,卖盘
489,14:12:16,3.1,0.01,1,310,买盘
490,14:12:11,3.09,-0.01,162,50058,卖盘
491,14:12:06,3.1,0.01,78,24180,买盘
492,14:11:56,3.09,--,163,50367,卖盘
493,14:11:51,3.09,-0.01,1,309,卖盘
494,14:11:46,3.1,0.01,664,205840,买盘
495,14:11:41,3.09,-0.01,82,25338,卖盘
496,14:11:36,3.1,0.01,259,80290,买盘
497,14:11:31,3.09,-0.01,1,309,卖盘
498,14:11:26,3.1,0.01,16,4960,买盘
499,14:11:21,3.09,-0.01,144,44496,卖盘
500,14:11:16,3.1,0.01,1,310,买盘
501,14:11:11,3.09,--,152,46968,卖盘
502,14:11:06,3.09,--,120,37080,卖盘
503,14:11:01,3.09,--,41,12669,卖盘
504,14:10:51,3.09,--,175,54075,卖盘
505,14:10:41,3.09,--,189,58401,卖盘
506,14:10:36,3.09,--,183,56547,卖盘
507,14:10:31,3.09,-0.01,143,44187,卖盘
508,14:10:26,3.1,0.01,37,11470,买盘
509,14:10:21,3.09,--,438,135342,卖盘
510,14:10:16,3.09,--,15,4635,卖盘
511,14:10:11,3.09,--,360,111240,卖盘
512,14:10:06,3.09,--,92,28428,卖盘
513,14:09:56,3.09,--,1463,452067,卖盘
514,14:09:51,3.09,-0.01,100,30900,卖盘
515,14:09:46,3.1,--,150,46500,买盘
516,14:09:41,3.1,0.01,1,310,买盘
517,14:09:36,3.09,-0.01,248,76632,卖盘
518,14:09:31,3.1,0.01,11,3410,买盘
519,14:09:26,3.09,--,77,23793,卖盘
520,14:09:21,3.09,--,210,64890,卖盘
521,14:09:16,3.09,--,44,13596,卖盘
522,14:09:11,3.09,--,104,32136,卖盘
523,14:09:06,3.09,--,163,50367,卖盘
524,14:08:56,3.09,--,131,40479,卖盘
525,14:08:51,3.09,--,109,33681,卖盘
526,14:08:46,3.09,-0.01,42,12978,卖盘
527,14:08:41,3.1,0.01,149,46190,买盘
528,14:08:36,3.09,--,2,618,卖盘
529,14:08:31,3.09,--,3,927,卖盘
530,14:08:26,3.09,--,393,121437,卖盘
531,14:08:21,3.09,-0.01,100,30900,卖盘
532,14:08:16,3.1,0.01,102,31620,买盘
533,14:08:11,3.09,--,62,19158,卖盘
534,14:08:06,3.09,--,110,33990,卖盘
535,14:08:01,3.09,--,461,142449,卖盘
536,14:07:56,3.09,--,440,135960,卖盘
537,14:07:51,3.09,--,56,17304,卖盘
538,14:07:46,3.09,--,145,44805,卖盘
539,14:07:41,3.09,--,245,75705,卖盘
540,14:07:36,3.09,--,144,44496,卖盘
541,14:07:21,3.09,--,151,46659,卖盘
542,14:07:11,3.09,--,186,57474,卖盘
543,14:07:06,3.09,--,53,16377,卖盘
544,14:07:01,3.09,--,143,44187,卖盘
545,14:06:56,3.09,--,215,66435,卖盘
546,14:06:51,3.09,--,213,65817,卖盘
547,14:06:46,3.09,--,55,16995,卖盘
548,14:06:41,3.09,--,217,67053,卖盘
549,14:06:36,3.09,--,839,259251,买盘
550,14:06:31,3.09,0.01,197,60873,买盘
551,14:06:26,3.08,--,244,75152,卖盘
552,14:06:21,3.08,--,100,30800,卖盘
553,14:06:16,3.08,-0.01,46,14168,卖盘
554,14:06:10,3.09,0.01,9,2781,买盘
555,14:06:06,3.08,-0.01,144,44352,卖盘
556,14:05:56,3.09,0.01,921,284589,买盘
557,14:05:51,3.08,-0.02,350,107800,卖盘
558,14:05:46,3.1,0.02,230,71300,买盘
559,14:05:40,3.08,-0.02,404,124432,卖盘
560,14:05:35,3.1,0.01,805,249550,买盘
561,14:05:31,3.09,--,477,147393,买盘
562,14:05:16,3.09,--,5902,1823934,卖盘
563,14:05:10,3.09,--,4,1236,卖盘
564,14:05:05,3.09,--,4519,1396371,卖盘
565,14:05:00,3.09,--,210,64890,卖盘
566,14:04:55,3.09,--,288,88992,卖盘
567,14:04:50,3.09,--,7,2163,卖盘
568,14:04:46,3.09,--,368,113712,卖盘
569,14:04:40,3.09,-0.01,52,16068,卖盘
570,14:04:35,3.1,0.01,319,98890,买盘
571,14:04:30,3.09,--,41,12669,卖盘
572,14:04:25,3.09,--,3,927,卖盘
573,14:04:20,3.09,--,164,50676,卖盘
574,14:04:15,3.09,--,594,183546,卖盘
575,14:04:10,3.09,--,418,129162,卖盘
576,14:04:05,3.09,--,1069,330321,卖盘
577,14:04:00,3.09,--,2430,750870,卖盘
578,14:03:50,3.09,-0.01,216,66744,卖盘
579,14:03:45,3.1,0.01,181,56110,买盘
580,14:03:40,3.09,--,175,54075,卖盘
581,14:03:35,3.09,--,34,10506,卖盘
582,14:03:30,3.09,--,226,69834,卖盘
583,14:03:20,3.09,--,41,12669,卖盘
584,14:03:15,3.09,--,182,56238,卖盘
585,14:03:10,3.09,--,765,236385,卖盘
586,14:03:05,3.09,--,596,184164,卖盘
587,14:03:00,3.09,--,5,1545,卖盘
588,14:02:55,3.09,--,149,46041,卖盘
589,14:02:50,3.09,--,388,119892,卖盘
590,14:02:40,3.09,--,100,30900,卖盘
591,14:02:35,3.09,--,100,30900,卖盘
592,14:02:15,3.09,--,5,1545,卖盘
593,14:02:05,3.09,--,1,309,卖盘
594,14:02:00,3.09,--,261,80649,卖盘
595,14:01:50,3.09,--,226,69834,卖盘
596,14:01:35,3.09,--,20,6180,卖盘
597,14:01:30,3.09,--,5,1545,卖盘
598,14:01:25,3.09,--,6,1854,卖盘
599,14:01:20,3.09,--,20,6180,卖盘
600,14:01:15,3.09,--,100,30900,卖盘
601,14:01:10,3.09,-0.01,101,31209,卖盘
602,14:01:05,3.1,0.01,1,310,买盘
603,14:01:00,3.09,-0.01,13,4017,卖盘
604,14:00:50,3.1,--,97,30070,买盘
605,14:00:40,3.1,0.01,98,30380,买盘
606,14:00:35,3.09,-0.01,1,309,卖盘
607,14:00:30,3.1,0.01,20,6200,买盘
608,14:00:20,3.09,-0.01,249,76941,卖盘
609,14:00:15,3.1,--,209,64790,买盘
610,14:00:10,3.1,--,1,310,买盘
611,14:00:05,3.1,--,25,7750,买盘
612,14:00:00,3.1,--,101,31310,买盘
613,13:59:55,3.1,0.01,307,95170,买盘
614,13:59:45,3.09,--,266,82194,卖盘
615,13:59:40,3.09,--,1,309,卖盘
616,13:59:35,3.09,--,29,8961,卖盘
617,13:59:30,3.09,--,7,2163,卖盘
618,13:59:25,3.09,--,20,6180,卖盘
619,13:59:20,3.09,--,21,6489,卖盘
620,13:59:15,3.09,--,31,9579,卖盘
621,13:59:10,3.09,--,23,7107,卖盘
622,13:59:05,3.09,--,413,127617,卖盘
623,13:59:00,3.09,--,25,7725,卖盘
624,13:58:55,3.09,--,188,58092,卖盘
625,13:58:49,3.09,--,20,6180,卖盘
626,13:58:45,3.09,--,11,3399,卖盘
627,13:58:40,3.09,-0.01,2431,751179,卖盘
628,13:58:34,3.1,0.01,52,16120,买盘
629,13:58:30,3.09,-0.01,36,11124,卖盘
630,13:58:25,3.1,0.01,21,6510,买盘
631,13:58:19,3.09,--,150,46350,卖盘
632,13:58:15,3.09,-0.01,3,927,卖盘
633,13:58:10,3.1,0.01,206,63860,买盘
634,13:58:00,3.09,--,4,1236,卖盘
635,13:57:55,3.09,--,23,7107,卖盘
636,13:57:44,3.09,--,28,8652,卖盘
637,13:57:40,3.09,--,226,69834,卖盘
638,13:57:29,3.09,--,60,18540,卖盘
639,13:57:14,3.09,--,18,5562,卖盘
640,13:57:10,3.09,--,6,1854,卖盘
641,13:57:04,3.09,-0.01,35,10815,卖盘
642,13:56:59,3.1,--,32,9920,买盘
643,13:56:54,3.1,0.01,1,310,买盘
644,13:56:39,3.09,--,2000,618000,卖盘
645,13:56:34,3.09,--,1,309,卖盘
646,13:56:24,3.09,--,60,18540,卖盘
647,13:56:19,3.09,--,3,927,卖盘
648,13:56:14,3.09,-0.01,2,618,卖盘
649,13:56:09,3.1,--,81,25110,买盘
650,13:56:04,3.1,--,1,310,买盘
651,13:55:59,3.1,0.01,1,310,买盘
652,13:55:54,3.09,-0.01,85,26354,卖盘
653,13:55:49,3.1,--,1,310,买盘
654,13:55:39,3.1,0.01,38,11783,买盘
655,13:55:29,3.09,-0.01,601,185709,卖盘
656,13:55:24,3.1,0.01,69,21390,买盘
657,13:55:09,3.09,--,600,185400,卖盘
658,13:55:04,3.09,-0.01,5,1545,卖盘
659,13:54:59,3.1,--,52,16120,买盘
660,13:54:54,3.1,0.01,203,62930,买盘
661,13:54:49,3.09,-0.01,100,30900,卖盘
662,13:54:44,3.1,0.01,1,310,买盘
663,13:54:39,3.09,-0.01,208,64272,卖盘
664,13:54:34,3.1,--,1,310,买盘
665,13:54:29,3.1,--,5,1550,买盘
666,13:54:24,3.1,--,105,32550,买盘
667,13:54:19,3.1,--,1,310,买盘
668,13:54:14,3.1,--,21,6510,买盘
669,13:54:09,3.1,--,2,620,买盘
670,13:53:59,3.1,--,7,2170,买盘
671,13:53:54,3.1,--,2,620,买盘
672,13:53:49,3.1,--,1,310,买盘
673,13:53:44,3.1,0.01,507,157170,买盘
674,13:53:39,3.09,-0.01,70,21630,卖盘
675,13:53:29,3.1,--,3,930,买盘
676,13:53:24,3.1,--,2,620,买盘
677,13:53:19,3.1,--,1,310,买盘
678,13:53:09,3.1,--,1,310,买盘
679,13:53:04,3.1,0.01,1,310,买盘
680,13:52:59,3.09,-0.01,2,618,卖盘
681,13:52:54,3.1,0.01,36,11160,买盘
682,13:52:44,3.09,-0.01,73,22557,卖盘
683,13:52:39,3.1,0.01,7,2170,买盘
684,13:52:29,3.09,-0.01,7,2163,卖盘
685,13:52:24,3.1,--,1,310,买盘
686,13:52:19,3.1,--,1,310,买盘
687,13:52:14,3.1,--,1,310,买盘
688,13:52:09,3.1,--,3,930,买盘
689,13:52:04,3.1,--,1,310,买盘
690,13:51:59,3.1,--,1,310,买盘
691,13:51:54,3.1,--,5,1550,买盘
692,13:51:49,3.1,--,2,620,买盘
693,13:51:39,3.1,0.01,1,310,买盘
694,13:51:34,3.09,-0.01,10,3090,卖盘
695,13:51:29,3.1,--,1,310,买盘
696,13:51:24,3.1,--,55,17050,买盘
697,13:51:19,3.1,--,2,620,买盘
698,13:51:14,3.1,--,1,310,买盘
699,13:51:09,3.1,0.01,9,2790,买盘
700,13:51:04,3.09,-0.01,2,618,卖盘
701,13:50:59,3.1,--,2,620,买盘
702,13:50:54,3.1,--,1,310,买盘
703,13:50:49,3.1,--,3,930,买盘
704,13:50:44,3.1,--,1,310,买盘
705,13:50:39,3.1,--,2,620,买盘
706,13:50:34,3.1,--,3,930,买盘
707,13:50:29,3.1,--,36,11160,买盘
708,13:50:24,3.1,--,2,620,买盘
709,13:50:19,3.1,--,1,310,买盘
710,13:50:09,3.1,0.01,2,620,买盘
711,13:50:04,3.09,-0.01,3,927,卖盘
712,13:49:54,3.1,0.01,1,310,买盘
713,13:49:49,3.09,-0.01,46,14214,卖盘
714,13:49:43,3.1,--,400,124000,买盘
715,13:49:38,3.1,0.01,2,620,买盘
716,13:49:28,3.09,--,1,309,卖盘
717,13:49:24,3.09,--,90,27810,卖盘
718,13:49:18,3.09,-0.01,1,309,卖盘
719,13:49:13,3.1,--,52,16120,买盘
720,13:49:08,3.1,0.01,3,930,买盘
721,13:48:58,3.09,--,16,4944,卖盘
722,13:48:53,3.09,-0.01,50,15450,卖盘
723,13:48:48,3.1,0.01,1,310,买盘
724,13:48:43,3.09,-0.01,2,618,卖盘
725,13:48:38,3.1,--,2,620,买盘
726,13:48:33,3.1,0.01,8,2480,买盘
727,13:48:28,3.09,-0.01,1,309,卖盘
728,13:48:23,3.1,0.01,32,9920,买盘
729,13:48:13,3.09,-0.01,2,618,卖盘
730,13:48:08,3.1,0.01,2,620,买盘
731,13:47:58,3.09,-0.01,2,618,卖盘
732,13:47:53,3.1,0.01,2,620,买盘
733,13:47:48,3.09,-0.01,12,3708,卖盘
734,13:47:43,3.1,--,4,1240,买盘
735,13:47:38,3.1,0.01,1,310,买盘
736,13:47:33,3.09,--,1,309,卖盘
737,13:47:23,3.09,--,2,618,卖盘
738,13:47:18,3.09,--,5,1545,卖盘
739,13:47:03,3.09,--,6,1854,卖盘
740,13:46:58,3.09,-0.01,2,618,卖盘
741,13:46:53,3.1,0.01,2,620,买盘
742,13:46:33,3.09,--,262,80958,卖盘
743,13:46:28,3.09,-0.01,41,12669,卖盘
744,13:46:23,3.1,0.01,1,310,买盘
745,13:46:08,3.09,--,1,309,卖盘
746,13:45:58,3.09,-0.01,5,1545,卖盘
747,13:45:53,3.1,0.01,10,3100,买盘
748,13:45:38,3.09,-0.01,178,55002,卖盘
749,13:45:33,3.1,0.01,106,32860,买盘
750,13:45:28,3.09,-0.01,127,39243,卖盘
751,13:45:23,3.1,--,17,5270,买盘
752,13:45:18,3.1,--,1,310,买盘
753,13:45:08,3.1,--,1,310,买盘
754,13:44:53,3.1,0.01,340,105400,买盘
755,13:44:43,3.09,-0.01,120,37080,卖盘
756,13:44:38,3.1,0.01,207,64170,买盘
757,13:44:33,3.09,--,100,30900,卖盘
758,13:44:23,3.09,--,151,46659,卖盘
759,13:44:18,3.09,-0.01,108,33372,卖盘
760,13:44:13,3.1,--,2,620,买盘
761,13:44:08,3.1,--,6,1860,买盘
762,13:43:48,3.1,--,14,4340,买盘
763,13:43:43,3.1,--,1,310,买盘
764,13:43:33,3.1,--,1,310,买盘
765,13:43:18,3.1,--,6,1860,买盘
766,13:43:13,3.1,0.01,1,310,买盘
767,13:43:03,3.09,--,2,618,卖盘
768,13:42:43,3.09,-0.01,13,4017,卖盘
769,13:42:33,3.1,0.01,2,620,买盘
770,13:42:27,3.09,--,101,31209,卖盘
771,13:42:23,3.09,-0.01,1,309,卖盘
772,13:42:18,3.1,0.01,78,24180,买盘
773,13:42:03,3.09,--,2,618,卖盘
774,13:41:48,3.09,-0.01,1600,494400,卖盘
775,13:41:42,3.1,0.01,2,620,买盘
776,13:41:18,3.09,--,1,309,卖盘
777,13:41:12,3.09,--,86,26574,卖盘
778,13:41:02,3.09,-0.01,3,927,卖盘
779,13:40:57,3.1,0.01,3,930,买盘
780,13:40:52,3.09,-0.01,2,618,卖盘
781,13:40:47,3.1,0.01,48,14880,买盘
782,13:40:42,3.09,--,18,5562,卖盘
783,13:40:37,3.09,--,15,4635,卖盘
784,13:40:32,3.09,--,4,1236,卖盘
785,13:40:27,3.09,-0.01,42,12978,卖盘
786,13:40:17,3.1,--,55,17050,买盘
787,13:40:12,3.1,--,98,30380,买盘
788,13:40:02,3.1,--,4,1240,买盘
789,13:39:52,3.1,--,1,310,买盘
790,13:39:47,3.1,--,24,7440,买盘
791,13:39:42,3.1,--,203,62930,买盘
792,13:39:37,3.1,0.01,1,310,买盘
793,13:39:32,3.09,-0.01,70,21630,卖盘
794,13:39:27,3.1,0.01,1,310,买盘
795,13:39:17,3.09,--,627,193743,卖盘
796,13:39:07,3.09,--,501,154809,卖盘
797,13:38:57,3.09,--,81,25029,卖盘
798,13:38:52,3.09,-0.01,40,12360,卖盘
799,13:38:47,3.1,--,24,7440,买盘
800,13:38:37,3.1,0.01,52,16120,买盘
801,13:38:32,3.09,--,14,4326,卖盘
802,13:38:27,3.09,-0.01,102,31518,卖盘
803,13:38:22,3.1,0.01,8,2480,买盘
804,13:38:17,3.09,--,4132,1276788,卖盘
805,13:38:12,3.09,-0.01,111,34299,卖盘
806,13:38:02,3.1,--,13,4030,买盘
807,13:37:57,3.1,0.01,6,1860,买盘
808,13:37:52,3.09,-0.01,1,309,卖盘
809,13:37:47,3.1,0.01,11,3410,买盘
810,13:37:42,3.09,--,30,9270,卖盘
811,13:37:32,3.09,-0.01,4070,1257630,卖盘
812,13:37:27,3.1,0.01,2,620,买盘
813,13:37:12,3.09,--,30,9270,卖盘
814,13:37:07,3.09,--,2,618,卖盘
815,13:37:02,3.09,--,49,15141,卖盘
816,13:36:57,3.09,--,1,309,卖盘
817,13:36:52,3.09,-0.01,1,309,卖盘
818,13:36:42,3.1,0.01,1,310,买盘
819,13:36:37,3.09,--,7,2163,卖盘
820,13:36:22,3.09,--,17,5253,卖盘
821,13:36:17,3.09,-0.01,300,92700,卖盘
822,13:36:12,3.1,0.01,1,310,买盘
823,13:36:07,3.09,-0.01,16,4944,卖盘
824,13:36:02,3.1,--,1,310,买盘
825,13:35:56,3.1,--,203,62930,买盘
826,13:35:52,3.1,0.01,1,310,买盘
827,13:35:37,3.09,--,32,9888,卖盘
828,13:35:32,3.09,--,217,67053,卖盘
829,13:35:27,3.09,-0.01,2,618,卖盘
830,13:35:21,3.1,0.01,7,2170,买盘
831,13:35:17,3.09,--,12,3708,卖盘
832,13:35:12,3.09,--,30,9270,卖盘
833,13:35:07,3.09,-0.01,2,618,卖盘
834,13:35:02,3.1,0.01,6,1860,买盘
835,13:34:57,3.09,-0.01,31,9579,卖盘
836,13:34:51,3.1,0.01,52,16120,买盘
837,13:34:36,3.09,-0.01,2,618,卖盘
838,13:34:32,3.1,0.01,4,1240,买盘
839,13:34:26,3.09,-0.01,63,19467,卖盘
840,13:34:21,3.1,--,1,310,买盘
841,13:34:16,3.1,0.01,12,3720,买盘
842,13:34:12,3.09,--,20,6180,卖盘
843,13:34:06,3.09,--,132,40788,卖盘
844,13:34:02,3.09,-0.01,134,41406,卖盘
845,13:33:56,3.1,0.01,2,620,买盘
846,13:33:51,3.09,-0.01,12,3708,卖盘
847,13:33:36,3.1,--,1,310,买盘
848,13:33:26,3.1,0.01,1,310,买盘
849,13:33:21,3.09,-0.01,82,25338,卖盘
850,13:33:16,3.1,0.01,1,310,买盘
851,13:33:11,3.09,--,54,16686,卖盘
852,13:33:06,3.09,-0.01,1309,404481,卖盘
853,13:32:51,3.1,0.01,10,3100,买盘
854,13:32:46,3.09,--,5,1545,卖盘
855,13:32:42,3.09,--,1,309,卖盘
856,13:32:21,3.09,--,32,9888,卖盘
857,13:32:11,3.09,-0.01,3,927,卖盘
858,13:32:06,3.1,0.01,12,3720,买盘
859,13:31:56,3.09,--,3,927,卖盘
860,13:31:51,3.09,-0.01,1,309,卖盘
861,13:31:46,3.1,--,49,15190,买盘
862,13:31:41,3.1,0.01,4,1240,买盘
863,13:31:36,3.09,--,6,1854,卖盘
864,13:31:26,3.09,-0.01,1,309,卖盘
865,13:31:21,3.1,--,313,97030,买盘
866,13:31:16,3.1,--,86,26660,买盘
867,13:31:11,3.1,0.01,2,620,买盘
868,13:31:06,3.09,-0.01,121,37389,卖盘
869,13:30:51,3.1,--,4,1240,买盘
870,13:30:46,3.1,0.01,5,1550,买盘
871,13:30:41,3.09,--,60,18540,卖盘
872,13:30:36,3.09,--,2,618,卖盘
873,13:30:31,3.09,--,10,3090,卖盘
874,13:30:21,3.09,--,33,10197,卖盘
875,13:30:16,3.09,-0.01,87,26883,卖盘
876,13:30:11,3.1,--,8,2480,买盘
877,13:30:06,3.1,0.01,149,46190,买盘
878,13:29:56,3.09,--,1,309,卖盘
879,13:29:50,3.09,--,102,31518,卖盘
880,13:29:41,3.09,-0.01,1,309,卖盘
881,13:29:35,3.1,0.01,3,930,买盘
882,13:29:26,3.09,-0.01,16,4944,卖盘
883,13:29:20,3.1,0.01,1,310,买盘
884,13:29:16,3.09,-0.01,25,7725,卖盘
885,13:29:05,3.1,--,1,310,买盘
886,13:29:01,3.1,--,1,310,买盘
887,13:28:50,3.1,--,1,310,买盘
888,13:28:46,3.1,--,70,21700,买盘
889,13:28:41,3.1,--,3,930,买盘
890,13:28:35,3.1,--,102,31620,买盘
891,13:28:31,3.1,--,218,67580,买盘
892,13:28:20,3.1,0.01,109,33790,买盘
893,13:28:11,3.09,-0.01,14,4326,卖盘
894,13:28:01,3.1,--,10,3100,买盘
895,13:27:56,3.1,0.01,1,310,买盘
896,13:27:50,3.09,-0.01,1,309,卖盘
897,13:27:45,3.1,0.01,1,310,买盘
898,13:27:35,3.09,--,3,927,卖盘
899,13:27:30,3.09,-0.01,101,31209,卖盘
900,13:27:20,3.1,--,40,12400,买盘
901,13:27:15,3.1,0.01,1,310,买盘
902,13:27:10,3.09,--,34,10506,卖盘
903,13:26:50,3.09,--,46,14214,卖盘
904,13:26:40,3.09,--,1,309,卖盘
905,13:26:35,3.09,-0.01,17,5253,卖盘
906,13:26:26,3.1,--,1,310,买盘
907,13:26:20,3.1,0.01,1,310,买盘
908,13:26:15,3.09,--,3,927,卖盘
909,13:26:11,3.09,--,35,10815,卖盘
910,13:26:00,3.09,--,2214,684126,买盘
911,13:25:50,3.09,--,10002,3090618,买盘
912,13:25:45,3.09,--,40,12360,买盘
913,13:25:35,3.09,--,2,618,买盘
914,13:25:30,3.09,--,1,309,买盘
915,13:25:20,3.09,--,1,309,买盘
916,13:25:15,3.09,--,2,618,买盘
917,13:25:10,3.09,0.01,1,309,买盘
918,13:25:05,3.08,-0.01,7,2156,卖盘
919,13:25:00,3.09,--,370,114330,买盘
920,13:24:45,3.09,--,30,9270,买盘
921,13:24:40,3.09,--,1,309,买盘
922,13:24:35,3.09,--,3,927,买盘
923,13:24:20,3.09,0.01,1,309,买盘
924,13:24:15,3.08,--,2,616,卖盘
925,13:24:10,3.08,-0.01,12,3696,卖盘
926,13:24:05,3.09,--,202,62418,买盘
927,13:24:00,3.09,--,9,2781,买盘
928,13:23:55,3.09,--,3,927,买盘
929,13:23:50,3.09,--,3,927,买盘
930,13:23:45,3.09,--,766,236694,买盘
931,13:23:40,3.09,--,1,309,买盘
932,13:23:35,3.09,--,6,1854,买盘
933,13:23:30,3.09,--,202,62418,买盘
934,13:23:20,3.09,--,202,62418,买盘
935,13:23:15,3.09,--,2,618,买盘
936,13:23:10,3.09,--,31,9579,买盘
937,13:23:05,3.09,--,1,309,买盘
938,13:23:00,3.09,--,99,30591,买盘
939,13:22:50,3.09,--,2,618,买盘
940,13:22:44,3.09,0.01,101,31209,买盘
941,13:22:35,3.08,-0.01,3,924,卖盘
942,13:22:29,3.09,--,4,1236,买盘
943,13:22:25,3.09,--,1,309,买盘
944,13:22:19,3.09,--,21,6489,买盘
945,13:22:10,3.09,0.01,107,33063,买盘
946,13:21:59,3.08,-0.01,1,308,卖盘
947,13:21:55,3.09,0.01,403,124527,买盘
948,13:21:49,3.08,--,1,308,卖盘
949,13:21:44,3.08,-0.01,12,3696,卖盘
950,13:21:40,3.09,--,842,260178,买盘
951,13:21:29,3.09,--,1,309,买盘
952,13:21:24,3.09,0.01,200,61800,买盘
953,13:21:10,3.08,-0.01,380,117040,卖盘
954,13:21:05,3.09,--,1,309,买盘
955,13:20:59,3.09,--,106,32754,买盘
956,13:20:54,3.09,--,30,9270,买盘
957,13:20:49,3.09,--,1,309,买盘
958,13:20:39,3.09,--,1697,524373,买盘
959,13:20:24,3.09,0.01,18,5562,买盘
960,13:20:09,3.08,-0.01,20,6160,卖盘
961,13:20:04,3.09,--,3,927,买盘
962,13:19:44,3.09,--,412,127308,买盘
963,13:19:39,3.09,--,1010,312090,买盘
964,13:19:34,3.09,0.01,101,31209,买盘
965,13:19:14,3.08,-0.01,244,75152,卖盘
966,13:19:09,3.09,0.01,20,6180,买盘
967,13:19:04,3.08,-0.01,7,2156,卖盘
968,13:18:54,3.09,--,75,23175,买盘
969,13:18:49,3.09,--,201,62109,买盘
970,13:18:44,3.09,--,3230,998070,买盘
971,13:18:39,3.09,--,201,62109,买盘
972,13:18:29,3.09,--,290,89610,买盘
973,13:18:24,3.09,0.01,19,5871,买盘
974,13:18:19,3.08,-0.01,9,2772,卖盘
975,13:18:14,3.09,--,201,62109,买盘
976,13:18:09,3.09,0.01,1,309,买盘
977,13:17:54,3.08,-0.01,1,308,卖盘
978,13:17:39,3.09,0.01,5,1545,买盘
979,13:17:29,3.08,--,7,2156,卖盘
980,13:17:19,3.08,--,200,61600,卖盘
981,13:17:09,3.08,--,3,924,卖盘
982,13:17:04,3.08,-0.01,16,4928,卖盘
983,13:16:59,3.09,0.01,1,309,买盘
984,13:16:49,3.08,--,47,14476,卖盘
985,13:16:44,3.08,--,2,616,卖盘
986,13:16:39,3.08,--,235,72380,卖盘
987,13:16:24,3.08,-0.01,2,616,卖盘
988,13:16:09,3.09,--,100,30900,买盘
989,13:16:04,3.09,0.01,1,309,买盘
990,13:15:49,3.08,--,5,1540,卖盘
991,13:15:38,3.08,-0.01,0,3,卖盘
992,13:15:29,3.09,--,11,3399,买盘
993,13:15:23,3.09,0.01,3,927,买盘
994,13:15:19,3.08,-0.01,1,308,卖盘
995,13:15:13,3.09,--,1,309,买盘
996,13:15:04,3.09,0.01,79,24411,买盘
997,13:14:58,3.08,-0.01,2,616,卖盘
998,13:14:49,3.09,--,18,5562,买盘
999,13:14:34,3.09,--,201,62109,买盘
1000,13:14:23,3.09,--,43,13287,买盘
1001,13:14:19,3.09,0.01,520,160680,买盘
1002,13:14:03,3.08,--,193,59444,卖盘
1003,13:13:48,3.08,--,320,98560,卖盘
1004,13:13:33,3.08,--,7,2156,卖盘
1005,13:13:23,3.08,--,10,3080,卖盘
1006,13:13:03,3.08,--,22,6776,卖盘
1007,13:12:58,3.08,-0.01,2,616,卖盘
1008,13:12:53,3.09,--,6,1854,买盘
1009,13:12:38,3.09,0.01,330,101970,买盘
1010,13:12:33,3.08,-0.01,20,6160,卖盘
1011,13:11:53,3.09,--,100,30900,买盘
1012,13:11:48,3.09,--,67,20703,买盘
1013,13:11:38,3.09,0.01,1,309,买盘
1014,13:11:18,3.08,--,1,308,卖盘
1015,13:10:58,3.08,--,20,6160,卖盘
1016,13:10:27,3.08,--,6,1848,卖盘
1017,13:10:23,3.08,--,67,20636,卖盘
1018,13:10:18,3.08,--,240,73920,卖盘
1019,13:10:03,3.08,--,101,31108,卖盘
1020,13:09:58,3.08,--,2,616,卖盘
1021,13:09:53,3.08,--,5,1540,卖盘
1022,13:09:18,3.08,--,38,11704,卖盘
1023,13:09:07,3.08,-0.01,5,1540,卖盘
1024,13:09:02,3.09,0.01,79,24411,买盘
1025,13:08:47,3.08,-0.01,4,1232,卖盘
1026,13:08:42,3.09,--,151,46659,买盘
1027,13:08:32,3.09,--,17,5253,买盘
1028,13:08:28,3.09,--,6,1854,买盘
1029,13:08:13,3.09,0.01,10,3090,买盘
1030,13:07:57,3.08,--,1,308,卖盘
1031,13:07:47,3.08,-0.01,5,1540,卖盘
1032,13:07:43,3.09,0.01,184,56856,买盘
1033,13:07:28,3.08,-0.01,99,30492,卖盘
1034,13:07:17,3.09,--,1573,486057,买盘
1035,13:07:07,3.09,0.01,79,24411,买盘
1036,13:06:57,3.08,--,4,1232,卖盘
1037,13:06:42,3.08,--,6,1848,卖盘
1038,13:06:32,3.08,--,5,1540,卖盘
1039,13:06:22,3.08,--,50,15400,卖盘
1040,13:06:17,3.08,--,1768,544645,卖盘
1041,13:05:42,3.08,-0.01,10,3080,卖盘
1042,13:05:37,3.09,0.01,530,163770,买盘
1043,13:05:27,3.08,-0.01,25,7700,卖盘
1044,13:05:22,3.09,0.01,5,1545,买盘
1045,13:05:17,3.08,-0.01,811,249788,卖盘
1046,13:05:02,3.09,0.01,32,9888,买盘
1047,13:04:47,3.08,--,2,616,卖盘
1048,13:04:27,3.08,-0.01,300,92400,卖盘
1049,13:04:17,3.09,0.01,22,6798,买盘
1050,13:04:02,3.08,--,1000,308000,卖盘
1051,13:03:57,3.08,--,5,1540,卖盘
1052,13:03:52,3.08,--,14,4312,卖盘
1053,13:03:47,3.08,-0.01,800,246400,卖盘
1054,13:03:42,3.09,0.01,7,2163,买盘
1055,13:03:32,3.08,--,1,308,卖盘
1056,13:03:27,3.08,--,2,616,卖盘
1057,13:03:22,3.08,--,1,308,卖盘
1058,13:03:17,3.08,--,14,4616,卖盘
1059,13:03:12,3.08,--,12,3696,卖盘
1060,13:03:07,3.08,--,200,61600,卖盘
1061,13:03:02,3.08,--,918,282744,卖盘
1062,13:02:56,3.08,--,1,308,卖盘
1063,13:02:41,3.08,--,630,194040,卖盘
1064,13:02:32,3.08,-0.01,5,1540,卖盘
1065,13:02:27,3.09,0.01,548,169332,买盘
1066,13:02:16,3.08,--,100,30800,卖盘
1067,13:01:51,3.08,-0.01,61,18788,卖盘
1068,13:01:41,3.09,--,11,3399,买盘
1069,13:01:36,3.09,0.01,1,309,买盘
1070,13:00:56,3.08,--,3,924,卖盘
1071,13:00:36,3.08,-0.01,5,1540,卖盘
1072,13:00:26,3.09,--,28219,8719671,买盘
1073,13:00:07,3.09,0.01,1125,347625,买盘
1074,11:30:00,3.08,--,0,0,卖盘
1075,11:29:59,3.08,-0.01,1,308,卖盘
1076,11:29:42,3.09,0.01,6,1854,买盘
1077,11:29:36,3.08,-0.01,76,23408,卖盘
1078,11:29:27,3.09,0.01,295,91155,买盘
1079,11:29:21,3.08,--,3,924,卖盘
1080,11:29:17,3.08,-0.01,209,64372,卖盘
1081,11:29:02,3.09,0.01,73,22557,买盘
1082,11:28:42,3.08,-0.01,1,308,卖盘
1083,11:28:32,3.09,--,4,1236,买盘
1084,11:28:06,3.09,0.01,10000,3090000,买盘
1085,11:28:02,3.08,-0.01,58,17864,卖盘
1086,11:27:57,3.09,--,1,309,买盘
1087,11:27:51,3.09,0.01,1,309,买盘
1088,11:27:42,3.08,--,169,52052,卖盘
1089,11:27:36,3.08,--,1,308,卖盘
1090,11:27:32,3.08,--,2012,619797,卖盘
1091,11:27:27,3.08,-0.01,3000,924000,卖盘
1092,11:27:21,3.09,0.01,72,22248,买盘
1093,11:27:17,3.08,--,1764,543413,卖盘
1094,11:26:57,3.08,-0.01,1,308,卖盘
1095,11:26:51,3.09,0.01,262,80958,买盘
1096,11:26:47,3.08,-0.01,4,1232,卖盘
1097,11:26:27,3.09,0.01,14,4326,买盘
1098,11:26:06,3.08,-0.01,1,308,卖盘
1099,11:25:57,3.09,--,11,3399,买盘
1100,11:25:42,3.09,0.01,206,63654,买盘
1101,11:25:36,3.08,-0.01,133,40964,卖盘
1102,11:25:27,3.09,--,1,309,买盘
1103,11:25:21,3.09,0.01,6,1854,买盘
1104,11:25:12,3.08,-0.01,1,308,卖盘
1105,11:25:02,3.09,--,5,1545,买盘
1106,11:24:57,3.09,--,201,62109,买盘
1107,11:24:47,3.09,--,79,24411,买盘
1108,11:24:36,3.09,0.01,116,35844,买盘
1109,11:24:32,3.08,--,59,18172,卖盘
1110,11:24:11,3.08,-0.01,1,308,卖盘
1111,11:23:57,3.09,--,20004,6181236,买盘
1112,11:23:51,3.09,0.01,72,22248,买盘
1113,11:23:36,3.08,-0.01,3,924,卖盘
1114,11:23:31,3.09,0.01,32,9888,买盘
1115,11:23:26,3.08,--,261,80388,卖盘
1116,11:23:17,3.08,-0.01,36,11088,卖盘
1117,11:23:12,3.09,0.01,201,62109,买盘
1118,11:23:06,3.08,-0.01,202,62216,卖盘
1119,11:22:57,3.09,0.01,509,157281,买盘
1120,11:22:51,3.08,-0.01,9,2772,卖盘
1121,11:22:41,3.09,--,282,87138,买盘
1122,11:22:36,3.09,0.01,73,22557,买盘
1123,11:22:16,3.08,-0.01,125,38500,卖盘
1124,11:22:11,3.09,0.01,3,927,买盘
1125,11:22:01,3.08,--,115,35420,卖盘
1126,11:21:57,3.08,--,2,616,卖盘
1127,11:21:46,3.08,--,1,308,卖盘
1128,11:21:36,3.08,-0.01,1,308,卖盘
1129,11:21:30,3.09,0.01,2,618,买盘
1130,11:21:26,3.08,-0.01,177,54516,卖盘
1131,11:21:21,3.09,0.01,1,309,买盘
1132,11:21:11,3.08,-0.01,159,48972,卖盘
1133,11:21:06,3.09,0.01,72,22248,买盘
1134,11:21:00,3.08,-0.01,3,924,卖盘
1135,11:20:56,3.09,0.01,1,309,买盘
1136,11:20:51,3.08,--,1,308,卖盘
1137,11:20:41,3.08,--,39,12212,卖盘
1138,11:20:36,3.08,--,67,20636,卖盘
1139,11:20:30,3.08,-0.01,250,77000,卖盘
1140,11:20:26,3.09,0.01,1,309,买盘
1141,11:20:15,3.08,--,6,1848,卖盘
1142,11:20:11,3.08,--,200,61600,卖盘
1143,11:20:00,3.08,--,64,19712,卖盘
1144,11:19:56,3.08,-0.01,1,308,卖盘
1145,11:19:51,3.09,0.01,72,22248,买盘
1146,11:19:45,3.08,--,69,21252,卖盘
1147,11:19:36,3.08,--,1764,543413,卖盘
1148,11:19:30,3.08,--,21,6468,卖盘
1149,11:19:15,3.08,-0.01,1,308,卖盘
1150,11:19:11,3.09,0.01,1,309,买盘
1151,11:19:00,3.08,-0.01,133,40964,卖盘
1152,11:18:56,3.09,--,10,3090,买盘
1153,11:18:41,3.09,--,101,31209,买盘
1154,11:18:36,3.09,0.01,5,1545,买盘
1155,11:18:30,3.08,-0.01,12,3696,卖盘
1156,11:18:26,3.09,--,36,11124,买盘
1157,11:18:21,3.09,0.01,77,23793,买盘
1158,11:18:11,3.08,-0.01,85,26180,卖盘
1159,11:18:06,3.09,0.01,4,1236,买盘
1160,11:17:56,3.08,--,63,19404,卖盘
1161,11:17:51,3.08,-0.01,2,616,卖盘
1162,11:17:36,3.09,--,10,3090,买盘
1163,11:17:30,3.09,0.01,72,22248,买盘
1164,11:17:25,3.08,--,1,308,卖盘
1165,11:17:21,3.08,-0.01,84,25872,卖盘
1166,11:17:15,3.09,0.01,50,15450,买盘
1167,11:17:11,3.08,--,20,6160,卖盘
1168,11:17:00,3.08,--,30,9240,卖盘
1169,11:16:55,3.08,-0.01,1117,344036,卖盘
1170,11:16:51,3.09,0.01,59,18231,买盘
1171,11:16:40,3.08,--,22,6776,卖盘
1172,11:16:35,3.08,-0.01,69,21252,卖盘
1173,11:16:25,3.09,--,80,24720,买盘
1174,11:16:20,3.09,0.01,51,15759,买盘
1175,11:16:05,3.08,--,137,42260,卖盘
1176,11:16:00,3.08,--,100,30800,卖盘
1177,11:15:55,3.08,--,35,10780,卖盘
1178,11:15:40,3.08,--,63,19404,卖盘
1179,11:15:35,3.08,-0.01,21,6468,卖盘
1180,11:15:30,3.09,0.01,84,25956,买盘
1181,11:15:26,3.08,--,3,924,卖盘
1182,11:15:20,3.08,--,38,11768,卖盘
1183,11:15:10,3.08,-0.01,180,55440,卖盘
1184,11:15:05,3.09,0.01,200,61800,买盘
1185,11:15:00,3.08,-0.01,100,30800,卖盘
1186,11:14:56,3.09,--,1866,576695,买盘
1187,11:14:45,3.09,0.01,1,309,买盘
1188,11:14:40,3.08,--,1,308,卖盘
1189,11:14:25,3.08,--,2,616,卖盘
1190,11:14:20,3.08,--,3,924,卖盘
1191,11:14:10,3.08,--,1586,488488,卖盘
1192,11:14:05,3.08,-0.01,39,12012,卖盘
1193,11:14:00,3.09,0.01,243,75087,买盘
1194,11:13:54,3.08,-0.01,58,17864,卖盘
1195,11:13:45,3.09,0.01,2,618,买盘
1196,11:13:35,3.08,--,33,10164,卖盘
1197,11:13:30,3.08,--,2,616,卖盘
1198,11:13:05,3.08,--,1,308,卖盘
1199,11:13:00,3.08,-0.01,1,308,卖盘
1200,11:12:54,3.09,--,18,5562,买盘
1201,11:12:45,3.09,0.01,85,26265,买盘
1202,11:12:24,3.08,--,27,8316,卖盘
1203,11:12:20,3.08,--,2,616,卖盘
1204,11:12:05,3.08,-0.01,2,616,卖盘
1205,11:11:54,3.09,0.01,50,15450,买盘
1206,11:11:50,3.08,--,2,616,卖盘
1207,11:11:45,3.08,--,1,308,卖盘
1208,11:11:39,3.08,-0.01,51,15708,卖盘
1209,11:11:35,3.09,0.01,1,309,买盘
1210,11:11:30,3.08,--,20,6160,卖盘
1211,11:11:24,3.08,-0.01,10,3080,卖盘
1212,11:11:20,3.09,--,79,24411,买盘
1213,11:11:15,3.09,0.01,1,309,买盘
1214,11:11:09,3.08,-0.01,100,30800,卖盘
1215,11:11:05,3.09,0.01,1,309,买盘
1216,11:11:00,3.08,-0.01,19,5852,卖盘
1217,11:10:50,3.09,0.01,300,92700,买盘
1218,11:10:39,3.08,-0.01,1,308,卖盘
1219,11:10:30,3.09,--,2,618,买盘
1220,11:10:24,3.09,0.01,1,309,买盘
1221,11:10:20,3.08,--,125,38500,卖盘
1222,11:10:15,3.08,--,50,15400,卖盘
1223,11:10:00,3.08,--,111,34188,卖盘
1224,11:09:54,3.08,-0.01,1764,543413,卖盘
1225,11:09:50,3.09,--,79,24411,买盘
1226,11:09:45,3.09,0.01,79,24411,买盘
1227,11:09:35,3.08,--,1,308,卖盘
1228,11:09:30,3.08,-0.01,51,15708,卖盘
1229,11:09:20,3.09,0.01,20,6180,买盘
1230,11:09:09,3.08,-0.01,1,308,卖盘
1231,11:09:05,3.09,0.01,59,18231,买盘
1232,11:09:00,3.08,--,82,25256,卖盘
1233,11:08:45,3.08,--,1016,312928,卖盘
1234,11:08:39,3.08,--,1764,543413,卖盘
1235,11:08:34,3.08,--,2,616,卖盘
1236,11:08:30,3.08,-0.01,86,26488,卖盘
1237,11:08:19,3.09,0.01,11,3399,买盘
1238,11:08:04,3.08,-0.01,52,16016,卖盘
1239,11:07:49,3.09,0.01,10001,3090309,买盘
1240,11:07:34,3.08,-0.01,80,24640,卖盘
1241,11:07:29,3.09,0.01,10014,3094326,买盘
1242,11:07:19,3.08,--,50,15400,卖盘
1243,11:07:04,3.08,-0.01,28,8624,卖盘
1244,11:06:59,3.09,0.01,84,25956,买盘
1245,11:06:44,3.08,-0.01,51,15708,卖盘
1246,11:06:14,3.09,--,64,19776,买盘
1247,11:06:09,3.09,--,1,309,买盘
1248,11:05:54,3.09,--,101,31209,买盘
1249,11:05:44,3.09,--,2,618,买盘
1250,11:05:39,3.09,--,84,25956,买盘
1251,11:05:33,3.09,0.01,2,618,买盘
1252,11:05:29,3.08,--,21,6468,卖盘
1253,11:05:24,3.08,--,57,17556,卖盘
1254,11:05:14,3.08,-0.01,2,616,卖盘
1255,11:05:09,3.09,--,2,618,买盘
1256,11:04:59,3.09,--,39,12051,买盘
1257,11:04:44,3.09,0.01,136,42024,买盘
1258,11:04:39,3.08,-0.01,8,2464,卖盘
1259,11:04:29,3.09,--,234,72306,买盘
1260,11:04:14,3.09,0.01,84,25956,买盘
1261,11:04:09,3.08,-0.01,2,616,卖盘
1262,11:04:03,3.09,0.01,75,23175,买盘
1263,11:03:59,3.08,--,71,21868,卖盘
1264,11:03:33,3.08,--,1,308,卖盘
1265,11:03:24,3.08,-0.01,90,27720,卖盘
1266,11:03:18,3.09,--,1,309,买盘
1267,11:03:03,3.09,0.01,1,309,买盘
1268,11:02:59,3.08,--,9,2772,卖盘
1269,11:02:54,3.08,-0.01,1334,410872,卖盘
1270,11:02:44,3.09,0.01,1,309,买盘
1271,11:02:29,3.08,-0.01,1,308,卖盘
1272,11:02:24,3.09,--,94,29046,买盘
1273,11:02:14,3.09,0.01,201,62109,买盘
1274,11:02:09,3.08,-0.01,13,4004,卖盘
1275,11:02:03,3.09,--,1,309,买盘
1276,11:01:59,3.09,0.01,201,62109,买盘
1277,11:01:44,3.08,-0.01,61,18788,卖盘
1278,11:01:33,3.09,0.01,84,25956,买盘
1279,11:01:29,3.08,-0.01,15,4620,卖盘
1280,11:00:59,3.09,0.01,80,24720,买盘
1281,11:00:53,3.08,-0.01,1764,543413,卖盘
1282,11:00:43,3.09,0.01,10,3090,买盘
1283,11:00:39,3.08,-0.01,161,49588,卖盘
1284,11:00:23,3.09,0.01,388,119892,买盘
1285,11:00:18,3.08,--,1957,602857,卖盘
1286,11:00:13,3.08,--,698,214984,卖盘
1287,11:00:08,3.08,--,1881,579348,卖盘
1288,11:00:03,3.08,--,1764,543413,卖盘
1289,10:59:58,3.08,--,144,44352,卖盘
1290,10:59:53,3.08,--,50,15400,卖盘
1291,10:59:38,3.08,-0.01,1774,546493,卖盘
1292,10:59:33,3.09,0.01,1,309,买盘
1293,10:59:28,3.08,--,11,3388,卖盘
1294,10:59:23,3.08,-0.01,95,29260,卖盘
1295,10:59:08,3.09,--,10085,3116265,买盘
1296,10:59:03,3.09,0.01,1,309,买盘
1297,10:58:58,3.08,-0.01,225,69300,卖盘
1298,10:58:53,3.09,0.01,47,14523,买盘
1299,10:58:48,3.08,--,1314,404712,卖盘
1300,10:58:42,3.08,--,201,61908,卖盘
1301,10:58:39,3.08,--,466,143528,卖盘
1302,10:58:33,3.08,--,170,52360,卖盘
1303,10:58:27,3.08,--,2,893,卖盘
1304,10:58:23,3.08,-0.01,311,95788,卖盘
1305,10:58:18,3.09,0.01,2,618,买盘
1306,10:58:08,3.08,--,161,49588,卖盘
1307,10:58:03,3.08,-0.01,1,308,卖盘
1308,10:57:57,3.09,0.01,94,29046,买盘
1309,10:57:53,3.08,--,1,308,卖盘
1310,10:57:48,3.08,--,39,12129,卖盘
1311,10:57:38,3.08,--,65,20020,卖盘
1312,10:57:33,3.08,-0.01,667,205436,卖盘
1313,10:57:23,3.09,0.01,4,1236,买盘
1314,10:57:12,3.08,--,15,4620,卖盘
1315,10:57:08,3.08,--,129,39732,卖盘
1316,10:56:38,3.08,--,15,4620,卖盘
1317,10:56:33,3.08,--,202,62216,卖盘
1318,10:55:57,3.08,-0.01,9,2772,卖盘
1319,10:55:53,3.09,--,11,3399,买盘
1320,10:55:48,3.09,0.01,84,25956,买盘
1321,10:55:38,3.08,-0.01,1,308,卖盘
1322,10:55:33,3.09,--,2,618,买盘
1323,10:55:23,3.09,0.01,35,10815,买盘
1324,10:54:57,3.08,-0.01,1,308,卖盘
1325,10:54:53,3.09,0.01,211,65199,买盘
1326,10:54:47,3.08,--,1123,345884,卖盘
1327,10:54:42,3.08,-0.01,213,65604,卖盘
1328,10:54:38,3.09,0.01,100,30900,买盘
1329,10:54:32,3.08,-0.01,132,40656,卖盘
1330,10:54:17,3.09,0.01,84,25956,买盘
1331,10:54:12,3.08,--,1,308,卖盘
1332,10:54:02,3.08,-0.01,213,65604,卖盘
1333,10:53:47,3.09,0.01,251,77559,买盘
1334,10:53:42,3.08,-0.01,1,308,卖盘
1335,10:53:37,3.09,0.01,2,618,买盘
1336,10:53:32,3.08,--,1,308,卖盘
1337,10:53:23,3.08,--,132,40656,卖盘
1338,10:53:12,3.08,-0.01,19,5852,卖盘
1339,10:52:53,3.09,0.01,81,25029,买盘
1340,10:52:47,3.08,-0.01,1,308,卖盘
1341,10:52:37,3.09,0.01,76,23484,买盘
1342,10:52:32,3.08,--,50,15400,卖盘
1343,10:52:22,3.08,--,7,2156,卖盘
1344,10:52:12,3.08,--,207,63756,卖盘
1345,10:52:07,3.08,--,200,61600,卖盘
1346,10:52:02,3.08,--,3,924,卖盘
1347,10:51:57,3.08,--,10016,3084928,卖盘
1348,10:51:37,3.08,--,15,4620,卖盘
1349,10:51:32,3.08,--,60,18480,卖盘
1350,10:51:17,3.08,--,2712,835523,卖盘
1351,10:51:02,3.08,-0.01,1,308,卖盘
1352,10:50:51,3.09,0.01,113,34917,买盘
1353,10:50:47,3.08,--,2,616,卖盘
1354,10:50:21,3.08,--,21,6468,卖盘
1355,10:50:16,3.08,--,1,308,卖盘
1356,10:50:12,3.08,--,36,11088,卖盘
1357,10:50:02,3.08,--,12,3696,卖盘
1358,10:49:57,3.08,-0.01,3,924,卖盘
1359,10:49:47,3.09,--,127,39243,买盘
1360,10:49:32,3.09,--,202,62418,买盘
1361,10:49:27,3.09,--,201,62109,买盘
1362,10:49:21,3.09,0.01,201,62109,买盘
1363,10:49:17,3.08,--,2,616,卖盘
1364,10:48:51,3.08,-0.01,1,308,卖盘
1365,10:48:47,3.09,0.01,14,4326,买盘
1366,10:48:42,3.08,-0.01,101,31108,卖盘
1367,10:48:36,3.09,0.01,201,62109,买盘
1368,10:48:32,3.08,--,1,308,卖盘
1369,10:48:27,3.08,--,10,3080,卖盘
1370,10:48:12,3.08,--,66,20328,卖盘
1371,10:48:06,3.08,--,154,47432,卖盘
1372,10:48:02,3.08,-0.01,130,40040,卖盘
1373,10:47:47,3.09,0.01,616,190344,买盘
1374,10:47:27,3.08,--,55,16940,卖盘
1375,10:47:21,3.08,--,240,73920,卖盘
1376,10:47:16,3.08,-0.01,792,243936,卖盘
1377,10:47:12,3.09,0.01,703,217227,买盘
1378,10:47:06,3.08,--,559,172172,卖盘
1379,10:47:02,3.08,--,270,83160,卖盘
1380,10:46:56,3.08,--,1299,400092,卖盘
1381,10:46:51,3.08,--,587,180796,卖盘
1382,10:46:47,3.08,-0.02,86,26488,卖盘
1383,10:46:41,3.1,0.01,586,181660,买盘
1384,10:46:36,3.09,--,18,5642,卖盘
1385,10:46:26,3.09,--,14,4554,买盘
1386,10:46:16,3.09,--,2,618,买盘
1387,10:46:11,3.09,--,0,80,卖盘
1388,10:46:06,3.09,-0.01,581,179529,卖盘
1389,10:46:02,3.1,0.01,1,310,买盘
1390,10:45:51,3.09,--,150,46350,卖盘
1391,10:45:46,3.09,--,10,3090,卖盘
1392,10:45:36,3.09,--,10,3090,卖盘
1393,10:45:31,3.09,--,105,32445,卖盘
1394,10:45:26,3.09,--,457,141213,卖盘
1395,10:45:21,3.09,--,120,37080,卖盘
1396,10:45:16,3.09,--,3,927,卖盘
1397,10:45:11,3.09,--,1,309,卖盘
1398,10:45:06,3.09,--,120,37080,卖盘
1399,10:45:01,3.09,--,365,112785,卖盘
1400,10:44:56,3.09,--,52,16068,卖盘
1401,10:44:46,3.09,-0.01,140,43260,卖盘
1402,10:44:36,3.1,--,293,90830,买盘
1403,10:44:31,3.1,--,333,103230,买盘
1404,10:44:26,3.1,0.01,385,119350,买盘
1405,10:44:21,3.09,-0.01,231,71379,卖盘
1406,10:44:16,3.1,0.01,262,81220,买盘
1407,10:44:11,3.09,--,227,70143,卖盘
1408,10:44:06,3.09,--,115,35535,卖盘
1409,10:44:00,3.09,--,14,4326,卖盘
1410,10:43:56,3.09,--,255,78795,卖盘
1411,10:43:51,3.09,--,33,10197,卖盘
1412,10:43:45,3.09,--,50,15450,卖盘
1413,10:43:30,3.09,--,60,18540,卖盘
1414,10:43:21,3.09,--,1014,313326,卖盘
1415,10:43:15,3.09,--,4,1236,卖盘
1416,10:43:11,3.09,--,316,97644,卖盘
1417,10:43:06,3.09,--,124,38316,卖盘
1418,10:43:00,3.09,--,188,58092,卖盘
1419,10:42:56,3.09,--,20,6180,卖盘
1420,10:42:51,3.09,--,377,116493,卖盘
1421,10:42:45,3.09,--,405,125145,卖盘
1422,10:42:40,3.09,--,31,9579,卖盘
1423,10:42:36,3.09,-0.01,140,43260,卖盘
1424,10:42:30,3.1,--,91,28210,买盘
1425,10:42:25,3.1,0.01,1363,422530,买盘
1426,10:42:21,3.09,--,216,66744,卖盘
1427,10:42:15,3.09,--,86,26574,卖盘
1428,10:42:10,3.09,-0.01,54,16686,卖盘
1429,10:42:06,3.1,0.01,44,13640,买盘
1430,10:41:55,3.09,--,87,26883,卖盘
1431,10:41:45,3.09,--,140,43260,卖盘
1432,10:41:40,3.09,-0.01,108,33372,卖盘
1433,10:41:36,3.1,--,206,63860,买盘
1434,10:41:25,3.1,0.01,21,6510,买盘
1435,10:41:21,3.09,--,100,30900,卖盘
1436,10:41:10,3.09,--,1,309,卖盘
1437,10:41:06,3.09,--,500,154500,卖盘
1438,10:41:00,3.09,--,10,3090,卖盘
1439,10:40:55,3.09,-0.01,101,31209,卖盘
1440,10:40:51,3.1,--,94,29140,买盘
1441,10:40:45,3.1,0.01,201,62310,买盘
1442,10:40:40,3.09,--,50,15450,卖盘
1443,10:40:36,3.09,--,4,1236,卖盘
1444,10:40:30,3.09,--,1,309,卖盘
1445,10:40:25,3.09,--,8,2472,卖盘
1446,10:40:06,3.09,--,280,86520,卖盘
1447,10:40:00,3.09,--,3207,990963,卖盘
1448,10:39:55,3.09,--,399,123291,卖盘
1449,10:39:51,3.09,--,474,146466,卖盘
1450,10:39:36,3.09,--,540,166860,卖盘
1451,10:39:30,3.09,--,145,44805,卖盘
1452,10:39:25,3.09,--,152,46968,卖盘
1453,10:39:20,3.09,--,377,116493,卖盘
1454,10:39:15,3.09,--,373,115257,卖盘
1455,10:39:10,3.09,--,172,53148,卖盘
1456,10:39:05,3.09,--,172,53148,卖盘
1457,10:39:00,3.09,--,524,161916,卖盘
1458,10:38:55,3.09,--,2,618,卖盘
1459,10:38:50,3.09,--,207,63963,卖盘
1460,10:38:40,3.09,-0.01,333,102897,卖盘
1461,10:38:35,3.1,--,327,101370,买盘
1462,10:38:30,3.1,0.01,1,310,买盘
1463,10:38:25,3.09,--,46,14214,卖盘
1464,10:38:20,3.09,--,12,3708,卖盘
1465,10:38:15,3.09,--,4,1236,卖盘
1466,10:38:10,3.09,--,38,11742,卖盘
1467,10:38:05,3.09,--,3,927,卖盘
1468,10:37:55,3.09,--,14,4326,卖盘
1469,10:37:50,3.09,-0.01,2,618,卖盘
1470,10:37:40,3.1,0.01,3,930,买盘
1471,10:37:35,3.09,--,373,115257,卖盘
1472,10:37:30,3.09,--,12,3708,卖盘
1473,10:37:20,3.09,--,100,30900,卖盘
1474,10:37:15,3.09,-0.01,1,309,卖盘
1475,10:37:10,3.1,0.01,1,310,买盘
1476,10:37:05,3.09,--,258,79722,卖盘
1477,10:36:55,3.09,--,383,118408,卖盘
1478,10:36:50,3.09,--,212,65508,卖盘
1479,10:36:40,3.09,--,37,11433,卖盘
1480,10:36:25,3.09,--,40,12360,卖盘
1481,10:36:10,3.09,-0.01,221,68289,卖盘
1482,10:36:05,3.1,--,1,310,买盘
1483,10:36:00,3.1,--,212,65720,买盘
1484,10:35:50,3.1,0.01,85,26350,买盘
1485,10:35:45,3.09,--,53,16377,卖盘
1486,10:35:35,3.09,--,209,64581,卖盘
1487,10:35:30,3.09,-0.01,1,309,卖盘
1488,10:35:24,3.1,0.01,201,62310,买盘
1489,10:35:20,3.09,--,218,67362,卖盘
1490,10:35:14,3.09,-0.01,592,182928,卖盘
1491,10:35:09,3.1,0.01,1223,379130,买盘
1492,10:35:00,3.09,--,110,33990,卖盘
1493,10:34:54,3.09,--,20,6180,卖盘
1494,10:34:50,3.09,--,41,12669,卖盘
1495,10:34:30,3.09,-0.01,2,618,卖盘
1496,10:34:15,3.1,0.01,86,26660,买盘
1497,10:34:09,3.09,--,1,309,卖盘
1498,10:33:49,3.09,-0.01,140,43260,卖盘
1499,10:33:45,3.1,0.01,1,310,买盘
1500,10:33:34,3.09,-0.01,1,309,卖盘
1501,10:33:30,3.1,0.01,1,310,买盘
1502,10:33:19,3.09,--,210,64890,卖盘
1503,10:33:15,3.09,--,1,309,卖盘
1504,10:33:04,3.09,-0.01,5,1545,卖盘
1505,10:33:00,3.1,0.01,201,62310,买盘
1506,10:32:54,3.09,--,1,309,卖盘
1507,10:32:49,3.09,-0.01,15,4635,卖盘
1508,10:32:44,3.1,--,298,92380,买盘
1509,10:32:39,3.1,--,1,310,买盘
1510,10:32:34,3.1,0.01,122,37820,买盘
1511,10:32:30,3.09,--,5,1545,卖盘
1512,10:32:24,3.09,--,207,63963,卖盘
1513,10:32:19,3.09,--,894,276246,卖盘
1514,10:32:15,3.09,--,151,46659,卖盘
1515,10:32:09,3.09,--,26,8034,卖盘
1516,10:32:04,3.09,--,50,15450,卖盘
1517,10:31:59,3.09,--,254,78486,卖盘
1518,10:31:54,3.09,--,43,13287,卖盘
1519,10:31:44,3.09,--,301,93009,卖盘
1520,10:31:39,3.09,--,100,30900,卖盘
1521,10:31:34,3.09,--,561,173349,卖盘
1522,10:31:29,3.09,--,30,9270,卖盘
1523,10:31:24,3.09,--,127,39243,卖盘
1524,10:31:19,3.09,--,2509,775281,卖盘
1525,10:31:14,3.09,--,146,45114,卖盘
1526,10:31:09,3.09,--,83,25647,卖盘
1527,10:31:04,3.09,--,50,15450,卖盘
1528,10:30:59,3.09,--,187,57783,卖盘
1529,10:30:54,3.09,--,1,309,卖盘
1530,10:30:49,3.09,-0.01,207,63963,卖盘
1531,10:30:44,3.1,0.01,88,27280,买盘
1532,10:30:39,3.09,--,1,309,卖盘
1533,10:30:34,3.09,--,50,15450,卖盘
1534,10:30:29,3.09,-0.01,1114,344226,卖盘
1535,10:30:24,3.1,0.01,1,310,买盘
1536,10:30:19,3.09,-0.01,592,182928,卖盘
1537,10:30:14,3.1,0.01,249,77190,买盘
1538,10:30:09,3.09,--,43,13287,卖盘
1539,10:30:04,3.09,--,1,309,卖盘
1540,10:29:59,3.09,--,3,927,卖盘
1541,10:29:54,3.09,--,28,8652,卖盘
1542,10:29:44,3.09,--,11,3399,卖盘
1543,10:29:39,3.09,-0.01,2,618,卖盘
1544,10:29:34,3.1,--,355,110050,买盘
1545,10:29:29,3.1,--,446,138260,买盘
1546,10:29:19,3.1,--,747,231570,买盘
1547,10:29:14,3.1,0.01,133,41230,买盘
1548,10:29:09,3.09,--,21,6489,卖盘
1549,10:28:59,3.09,--,17,5253,卖盘
1550,10:28:54,3.09,--,1364,421476,卖盘
1551,10:28:44,3.09,--,100,30900,卖盘
1552,10:28:39,3.09,--,1,309,卖盘
1553,10:28:34,3.09,--,1,309,卖盘
1554,10:28:29,3.09,--,3,927,卖盘
1555,10:28:24,3.09,-0.01,52,16068,卖盘
1556,10:28:19,3.1,0.01,1,310,买盘
1557,10:28:14,3.09,--,1,309,卖盘
1558,10:28:09,3.09,--,600,185400,卖盘
1559,10:28:04,3.09,--,55,16995,卖盘
1560,10:27:59,3.09,--,5,1545,卖盘
1561,10:27:54,3.09,-0.01,753,232677,卖盘
1562,10:27:49,3.1,--,10,3100,买盘
1563,10:27:39,3.1,--,84,26040,买盘
1564,10:27:29,3.1,0.01,75,23250,买盘
1565,10:27:24,3.09,--,20,6180,卖盘
1566,10:27:19,3.09,--,3,927,卖盘
1567,10:27:14,3.09,--,500,154500,卖盘
1568,10:27:09,3.09,--,15,4635,卖盘
1569,10:27:03,3.09,--,4001,1236309,卖盘
1570,10:26:59,3.09,--,11,3399,卖盘
1571,10:26:54,3.09,--,594,183546,卖盘
1572,10:26:44,3.09,-0.01,18,5562,卖盘
1573,10:26:39,3.1,0.01,4701,1457310,买盘
1574,10:26:33,3.09,--,55,16995,卖盘
1575,10:26:29,3.09,--,120,37080,卖盘
1576,10:26:24,3.09,-0.01,5189,1603401,卖盘
1577,10:26:18,3.1,0.01,116,35960,买盘
1578,10:26:13,3.09,--,100,30900,卖盘
1579,10:26:09,3.09,--,20,6180,卖盘
1580,10:25:58,3.09,--,22,6798,卖盘
1581,10:25:48,3.09,-0.01,1068,330012,卖盘
1582,10:25:44,3.1,0.01,13,4030,买盘
1583,10:25:39,3.09,--,106,32754,卖盘
1584,10:25:28,3.09,-0.01,18,5562,卖盘
1585,10:25:24,3.1,--,614,190340,买盘
1586,10:25:13,3.1,0.01,41,12710,买盘
1587,10:25:09,3.09,--,712,220008,卖盘
1588,10:25:03,3.09,--,52,16068,卖盘
1589,10:24:58,3.09,--,1,309,卖盘
1590,10:24:48,3.09,--,1500,463500,卖盘
1591,10:24:43,3.09,--,105,32445,卖盘
1592,10:24:38,3.09,--,76,23484,卖盘
1593,10:24:28,3.09,--,821,253689,卖盘
1594,10:24:23,3.09,--,630,194670,卖盘
1595,10:24:18,3.09,--,100,30900,卖盘
1596,10:24:13,3.09,--,1,309,卖盘
1597,10:24:08,3.09,--,2079,642411,卖盘
1598,10:23:58,3.09,-0.01,700,216300,卖盘
1599,10:23:43,3.1,--,807,250170,买盘
1600,10:23:38,3.1,0.01,254,78740,买盘
1601,10:23:33,3.09,--,199,61491,卖盘
1602,10:23:28,3.09,--,100,30900,卖盘
1603,10:23:23,3.09,-0.01,53,16377,卖盘
1604,10:23:13,3.1,--,655,203050,买盘
1605,10:23:08,3.1,0.01,10051,3115810,买盘
1606,10:23:03,3.09,--,100,30900,卖盘
1607,10:22:58,3.09,--,112,34608,卖盘
1608,10:22:53,3.09,--,21,6489,卖盘
1609,10:22:48,3.09,--,20,6180,卖盘
1610,10:22:43,3.09,-0.01,620,191580,卖盘
1611,10:22:38,3.1,0.01,51,15810,买盘
1612,10:22:33,3.09,--,186,57474,卖盘
1613,10:22:28,3.09,--,142,43878,卖盘
1614,10:22:23,3.09,--,649,200541,卖盘
1615,10:22:18,3.09,--,207,63963,卖盘
1616,10:22:13,3.09,--,397,122673,卖盘
1617,10:22:08,3.09,--,346,106917,卖盘
1618,10:22:03,3.09,--,153,47277,卖盘
1619,10:21:58,3.09,--,232,71688,卖盘
1620,10:21:53,3.09,--,40,12360,卖盘
1621,10:21:48,3.09,--,420,129780,卖盘
1622,10:21:43,3.09,--,140,43260,卖盘
1623,10:21:38,3.09,--,419,129471,卖盘
1624,10:21:33,3.09,--,1,309,卖盘
1625,10:21:28,3.09,--,144,44496,卖盘
1626,10:21:23,3.09,--,140,43260,卖盘
1627,10:21:18,3.09,--,132,40788,卖盘
1628,10:21:13,3.09,--,150,46350,卖盘
1629,10:21:08,3.09,--,7334,2266206,卖盘
1630,10:21:03,3.09,--,181,55929,卖盘
1631,10:20:58,3.09,--,219,67671,卖盘
1632,10:20:53,3.09,--,306,94554,卖盘
1633,10:20:48,3.09,--,205,63345,卖盘
1634,10:20:43,3.09,--,20,6180,卖盘
1635,10:20:38,3.09,--,768,237312,卖盘
1636,10:20:33,3.09,--,439,135651,卖盘
1637,10:20:28,3.09,--,182,56238,卖盘
1638,10:20:23,3.09,--,394,121746,卖盘
1639,10:20:18,3.09,--,408,126072,卖盘
1640,10:20:13,3.09,--,153,47277,卖盘
1641,10:20:08,3.09,--,530,163770,卖盘
1642,10:20:03,3.09,--,558,172422,卖盘
1643,10:19:57,3.09,--,98,30282,卖盘
1644,10:19:53,3.09,--,379,117111,卖盘
1645,10:19:48,3.09,--,100,30900,卖盘
1646,10:19:42,3.09,--,3,927,卖盘
1647,10:19:38,3.09,--,52,16068,卖盘
1648,10:19:33,3.09,--,256,79104,卖盘
1649,10:19:23,3.09,--,153,47277,卖盘
1650,10:19:18,3.09,--,43,13287,卖盘
1651,10:19:12,3.09,-0.01,1,309,卖盘
1652,10:19:08,3.1,0.01,51,15810,买盘
1653,10:18:53,3.09,--,142,43878,卖盘
1654,10:18:47,3.09,-0.01,35,10815,卖盘
1655,10:18:37,3.1,0.01,149,46190,买盘
1656,10:18:33,3.09,--,95,29355,卖盘
1657,10:18:18,3.09,--,210,64890,卖盘
1658,10:18:12,3.09,--,209,64581,卖盘
1659,10:18:07,3.09,--,467,144303,卖盘
1660,10:18:02,3.09,-0.01,294,90846,卖盘
1661,10:17:57,3.1,0.01,1,310,买盘
1662,10:17:52,3.09,--,534,165006,卖盘
1663,10:17:47,3.09,--,1,309,卖盘
1664,10:17:42,3.09,--,2,618,卖盘
1665,10:17:37,3.09,--,56,17304,卖盘
1666,10:17:32,3.09,--,321,99189,卖盘
1667,10:17:27,3.09,--,1,309,卖盘
1668,10:17:22,3.09,--,300,92700,卖盘
1669,10:17:17,3.09,--,100,30900,卖盘
1670,10:17:12,3.09,--,15,4635,卖盘
1671,10:17:07,3.09,-0.01,152,46968,卖盘
1672,10:17:02,3.1,0.01,83,25730,买盘
1673,10:16:52,3.09,--,260,80340,卖盘
1674,10:16:42,3.09,--,32,9888,卖盘
1675,10:16:37,3.09,--,101,31209,卖盘
1676,10:16:32,3.09,-0.01,101,31209,卖盘
1677,10:16:26,3.1,--,13,4030,买盘
1678,10:16:22,3.1,0.01,425,131750,买盘
1679,10:16:17,3.09,--,321,99189,卖盘
1680,10:16:12,3.09,-0.01,254,78486,卖盘
1681,10:16:07,3.1,0.01,54,16740,买盘
1682,10:15:57,3.09,--,4,1236,卖盘
1683,10:15:52,3.09,--,576,177984,卖盘
1684,10:15:47,3.09,--,11,3399,卖盘
1685,10:15:42,3.09,--,32,9888,卖盘
1686,10:15:37,3.09,--,601,185709,卖盘
1687,10:15:32,3.09,--,839,259251,卖盘
1688,10:15:26,3.09,--,370,114330,卖盘
1689,10:15:22,3.09,--,684,211356,卖盘
1690,10:15:17,3.09,--,863,266667,卖盘
1691,10:15:12,3.09,--,374,115729,卖盘
1692,10:15:07,3.09,--,936,289224,卖盘
1693,10:15:02,3.09,--,14,4326,卖盘
1694,10:14:57,3.09,--,243,75087,卖盘
1695,10:14:47,3.09,--,517,159753,卖盘
1696,10:14:41,3.09,-0.01,426,131634,卖盘
1697,10:14:37,3.1,0.01,51,15810,买盘
1698,10:14:32,3.09,--,217,67053,卖盘
1699,10:14:27,3.09,--,6,1854,卖盘
1700,10:14:17,3.09,-0.01,834,257706,卖盘
1701,10:14:12,3.1,--,276,85560,买盘
1702,10:14:07,3.1,--,51,15810,买盘
1703,10:14:02,3.1,0.01,167,51770,买盘
1704,10:13:57,3.09,--,478,147702,卖盘
1705,10:13:52,3.09,--,11,3399,卖盘
1706,10:13:47,3.09,-0.01,135,41715,卖盘
1707,10:13:42,3.1,--,5,1550,买盘
1708,10:13:37,3.1,0.01,51,15810,买盘
1709,10:13:32,3.09,--,2,618,卖盘
1710,10:13:17,3.09,-0.01,1,309,卖盘
1711,10:13:11,3.1,--,656,203360,买盘
1712,10:13:07,3.1,0.01,51,15810,买盘
1713,10:13:02,3.09,-0.01,285,88065,卖盘
1714,10:12:57,3.1,0.01,5,1550,买盘
1715,10:12:47,3.09,-0.01,12,3708,卖盘
1716,10:12:42,3.1,--,1,310,买盘
1717,10:12:37,3.1,0.01,51,15810,买盘
1718,10:12:17,3.09,-0.01,12,3708,卖盘
1719,10:12:06,3.1,0.01,50,15500,买盘
1720,10:11:57,3.09,-0.01,71,21939,卖盘
1721,10:11:50,3.1,0.01,91,28210,买盘
1722,10:11:47,3.09,--,1,309,卖盘
1723,10:11:32,3.09,--,1,309,卖盘
1724,10:11:26,3.09,-0.01,339,104751,卖盘
1725,10:11:21,3.1,--,10,3100,买盘
1726,10:11:16,3.1,0.01,2,620,买盘
1727,10:11:11,3.09,--,85,26265,卖盘
1728,10:11:06,3.09,-0.01,3,927,卖盘
1729,10:10:56,3.1,0.01,330,102300,买盘
1730,10:10:46,3.09,--,28,8652,卖盘
1731,10:10:41,3.09,-0.01,12,3708,卖盘
1732,10:10:35,3.1,0.01,2,620,买盘
1733,10:10:31,3.09,-0.01,12,3708,卖盘
1734,10:10:16,3.1,0.01,84,26040,买盘
1735,10:10:06,3.09,-0.01,77,23793,卖盘
1736,10:10:01,3.1,--,201,62310,买盘
1737,10:09:56,3.1,0.01,1,310,买盘
1738,10:09:46,3.09,--,24,7416,卖盘
1739,10:09:41,3.09,--,21,6489,卖盘
1740,10:09:35,3.09,-0.01,14,4326,卖盘
1741,10:09:31,3.1,0.01,201,62310,买盘
1742,10:09:26,3.09,--,4,1236,卖盘
1743,10:09:21,3.09,-0.01,214,66126,卖盘
1744,10:09:01,3.1,0.01,101,31310,买盘
1745,10:08:56,3.09,-0.01,38,11742,卖盘
1746,10:08:41,3.1,0.01,10,3100,买盘
1747,10:08:31,3.09,-0.01,1000,309000,卖盘
1748,10:08:26,3.1,0.01,6,1860,买盘
1749,10:08:21,3.09,--,110,33990,卖盘
1750,10:08:11,3.09,-0.01,401,123909,卖盘
1751,10:07:56,3.1,0.01,5,1550,买盘
1752,10:07:46,3.09,--,99,30591,卖盘
1753,10:07:40,3.09,-0.01,1,309,卖盘
1754,10:07:31,3.1,0.01,3,930,买盘
1755,10:07:25,3.09,-0.01,1,309,卖盘
1756,10:07:21,3.1,0.01,2,620,买盘
1757,10:07:11,3.09,-0.01,12,3708,卖盘
1758,10:07:01,3.1,0.01,1,310,买盘
1759,10:06:55,3.09,--,1,309,卖盘
1760,10:06:51,3.09,--,1,309,卖盘
1761,10:06:46,3.09,-0.01,1,309,卖盘
1762,10:06:36,3.1,0.01,130,40300,买盘
1763,10:06:25,3.09,--,31,9579,卖盘
1764,10:06:21,3.09,--,173,53457,卖盘
1765,10:06:16,3.09,--,73,22557,卖盘
1766,10:06:10,3.09,-0.01,109,33681,卖盘
1767,10:06:05,3.1,0.01,33,10230,买盘
1768,10:05:55,3.09,--,12,3708,卖盘
1769,10:05:51,3.09,--,1,309,卖盘
1770,10:05:46,3.09,--,121,37389,卖盘
1771,10:05:36,3.09,-0.01,45,13905,卖盘
1772,10:05:31,3.1,0.01,1,310,买盘
1773,10:05:25,3.09,-0.01,231,71379,卖盘
1774,10:05:20,3.1,0.01,1,310,买盘
1775,10:05:10,3.09,-0.01,1,309,卖盘
1776,10:04:55,3.1,--,10,3100,买盘
1777,10:04:50,3.1,--,749,232190,买盘
1778,10:04:40,3.1,0.01,1,310,买盘
1779,10:04:36,3.09,-0.01,76,23484,中性盘
1780,10:04:25,3.1,0.01,84,26040,买盘
1781,10:04:20,3.09,--,751,232059,卖盘
1782,10:04:16,3.09,--,171,52839,卖盘
1783,10:04:10,3.09,--,9164,2831676,买盘
1784,10:04:05,3.09,--,13,4017,买盘
1785,10:04:00,3.09,--,10000,3090000,买盘
1786,10:03:55,3.09,0.01,134,41406,买盘
1787,10:03:35,3.08,-0.01,334,102872,卖盘
1788,10:03:25,3.09,0.01,1,309,买盘
1789,10:03:16,3.08,--,1,308,卖盘
1790,10:03:10,3.08,--,182,56056,卖盘
1791,10:03:05,3.08,-0.01,10001,3080308,卖盘
1792,10:02:59,3.09,0.01,86,26574,买盘
1793,10:02:55,3.08,--,650,200200,卖盘
1794,10:02:50,3.08,-0.01,1,308,卖盘
1795,10:02:40,3.09,--,578,178602,买盘
1796,10:02:25,3.09,--,49,15141,买盘
1797,10:02:10,3.09,--,3,927,买盘
1798,10:02:05,3.09,0.01,1,309,买盘
1799,10:01:44,3.08,--,1,308,卖盘
1800,10:01:35,3.08,-0.01,12,3696,卖盘
1801,10:01:29,3.09,--,6,1854,买盘
1802,10:01:25,3.09,--,3,927,买盘
1803,10:01:20,3.09,0.01,40,12360,买盘
1804,10:01:14,3.08,-0.01,1,308,卖盘
1805,10:01:05,3.09,--,634,195906,买盘
1806,10:00:55,3.09,0.01,12,3708,买盘
1807,10:00:50,3.08,--,169,52052,卖盘
1808,10:00:44,3.08,--,111,34188,卖盘
1809,10:00:40,3.08,--,19,5852,卖盘
1810,10:00:35,3.08,--,96,29568,卖盘
1811,10:00:29,3.08,-0.01,1,308,卖盘
1812,10:00:20,3.09,--,2269,701121,买盘
1813,10:00:14,3.09,--,90,27810,买盘
1814,10:00:10,3.09,0.01,173,53457,买盘
1815,10:00:05,3.08,--,1,308,卖盘
1816,09:59:59,3.08,--,1,308,卖盘
1817,09:59:55,3.08,--,12,3696,卖盘
1818,09:59:49,3.08,-0.01,91,28028,卖盘
1819,09:59:44,3.09,--,4,1236,买盘
1820,09:59:34,3.09,0.01,31,9579,买盘
1821,09:59:29,3.08,--,1,308,卖盘
1822,09:59:25,3.08,--,2,616,卖盘
1823,09:59:19,3.08,-0.01,3,924,卖盘
1824,09:59:14,3.09,--,5,1545,买盘
1825,09:59:04,3.09,0.01,299,92391,买盘
1826,09:58:54,3.08,--,1,308,卖盘
1827,09:58:49,3.08,--,120,36960,卖盘
1828,09:58:44,3.08,-0.01,4,1232,卖盘
1829,09:58:39,3.09,--,1,309,买盘
1830,09:58:34,3.09,0.01,1,309,买盘
1831,09:58:29,3.08,--,2,616,卖盘
1832,09:58:25,3.08,-0.01,7,2156,卖盘
1833,09:58:19,3.09,0.01,13,4017,买盘
1834,09:58:14,3.08,--,24,7392,卖盘
1835,09:58:09,3.08,--,30,9240,卖盘
1836,09:57:59,3.08,--,2,616,卖盘
1837,09:57:55,3.08,--,51,15708,卖盘
1838,09:57:49,3.08,--,22,6776,卖盘
1839,09:57:44,3.08,--,37,11396,卖盘
1840,09:57:40,3.08,--,87,26796,卖盘
1841,09:57:34,3.08,--,47,14476,卖盘
1842,09:57:25,3.08,--,20,6160,卖盘
1843,09:57:19,3.08,--,1,308,卖盘
1844,09:57:14,3.08,-0.01,51,15708,卖盘
1845,09:57:04,3.09,--,45,13905,买盘
1846,09:56:55,3.09,--,1,309,买盘
1847,09:56:44,3.09,0.01,56,17304,买盘
1848,09:56:39,3.08,--,2,616,卖盘
1849,09:56:34,3.08,--,3,924,卖盘
1850,09:56:29,3.08,-0.01,7,2156,卖盘
1851,09:56:19,3.09,--,138,42642,买盘
1852,09:56:14,3.09,0.01,39,12051,买盘
1853,09:55:59,3.08,--,4,1232,卖盘
1854,09:55:54,3.08,--,1,308,卖盘
1855,09:55:49,3.08,-0.01,20,6160,卖盘
1856,09:55:44,3.09,0.01,45,13905,买盘
1857,09:55:24,3.08,--,2,616,卖盘
1858,09:55:19,3.08,-0.01,3,924,卖盘
1859,09:55:14,3.09,--,40,12360,买盘
1860,09:54:49,3.09,0.01,44,13596,买盘
1861,09:54:44,3.08,-0.01,588,181104,卖盘
1862,09:54:34,3.09,--,1,309,买盘
1863,09:54:23,3.09,0.01,26,8034,买盘
1864,09:54:19,3.08,-0.01,69,21252,卖盘
1865,09:54:14,3.09,--,101,31209,买盘
1866,09:53:59,3.09,0.01,1,309,买盘
1867,09:53:53,3.08,--,210,64680,卖盘
1868,09:53:49,3.08,--,40,12320,卖盘
1869,09:53:44,3.08,-0.01,86,26488,卖盘
1870,09:53:38,3.09,0.01,14,4326,买盘
1871,09:53:34,3.08,-0.01,1,308,卖盘
1872,09:53:23,3.09,0.01,1,309,买盘
1873,09:53:19,3.08,-0.01,50,15400,卖盘
1874,09:53:08,3.09,0.01,206,63654,买盘
1875,09:53:04,3.08,--,10,3080,卖盘
1876,09:52:58,3.08,-0.01,3,924,卖盘
1877,09:52:53,3.09,--,222,68598,买盘
1878,09:52:48,3.09,--,15,4635,买盘
1879,09:52:44,3.09,0.01,26,8034,买盘
1880,09:52:38,3.08,-0.01,1,308,卖盘
1881,09:52:33,3.09,--,201,62109,买盘
1882,09:52:28,3.09,0.01,171,52839,买盘
1883,09:52:23,3.08,-0.01,2,616,卖盘
1884,09:52:13,3.09,--,9,2781,买盘
1885,09:52:08,3.09,0.01,69,21546,买盘
1886,09:52:03,3.08,-0.01,1,308,卖盘
1887,09:51:58,3.09,0.01,51,15759,买盘
1888,09:51:53,3.08,--,179,55132,卖盘
1889,09:51:48,3.08,-0.01,23,7084,卖盘
1890,09:51:43,3.09,--,498,153882,买盘
1891,09:51:28,3.09,0.01,276,85284,买盘
1892,09:51:23,3.08,--,7,2156,卖盘
1893,09:51:18,3.08,-0.01,1,308,卖盘
1894,09:51:13,3.09,0.01,85,26265,买盘
1895,09:51:08,3.08,--,2,616,卖盘
1896,09:50:58,3.08,-0.01,240,73920,卖盘
1897,09:50:53,3.09,0.01,10001,3090309,买盘
1898,09:50:38,3.08,-0.01,348,107184,卖盘
1899,09:50:33,3.09,0.01,35,10815,买盘
1900,09:50:23,3.08,--,288,88704,卖盘
1901,09:50:18,3.08,--,560,172480,卖盘
1902,09:50:13,3.08,--,317,97636,卖盘
1903,09:50:08,3.08,-0.01,334,102872,卖盘
1904,09:50:03,3.09,--,20,6180,买盘
1905,09:49:53,3.09,--,209,64581,买盘
1906,09:49:48,3.09,0.01,1,309,买盘
1907,09:49:43,3.08,--,8,2464,卖盘
1908,09:49:38,3.08,--,150,46200,卖盘
1909,09:49:33,3.08,-0.01,524,161392,卖盘
1910,09:49:28,3.09,--,201,62109,买盘
1911,09:49:23,3.09,0.01,21,6489,买盘
1912,09:49:18,3.08,--,12,3696,卖盘
1913,09:49:13,3.08,-0.01,84,25872,卖盘
1914,09:49:08,3.09,0.01,390,120510,买盘
1915,09:48:58,3.08,--,34,10472,卖盘
1916,09:48:53,3.08,--,428,131922,卖盘
1917,09:48:48,3.08,--,1831,563948,卖盘
1918,09:48:43,3.08,--,183,56364,卖盘
1919,09:48:38,3.08,-0.01,145,44660,卖盘
1920,09:48:33,3.09,--,2,618,买盘
1921,09:48:28,3.09,0.01,153,47277,买盘
1922,09:48:18,3.08,--,86,26488,卖盘
1923,09:48:13,3.08,-0.01,291,89628,卖盘
1924,09:48:08,3.09,0.01,85,26265,买盘
1925,09:48:03,3.08,--,676,208208,卖盘
1926,09:47:58,3.08,--,205,63140,卖盘
1927,09:47:53,3.08,--,213,65604,卖盘
1928,09:47:48,3.08,-0.01,766,235928,卖盘
1929,09:47:43,3.09,0.01,552,170568,买盘
1930,09:47:38,3.08,-0.01,3324,1023792,卖盘
1931,09:47:33,3.09,--,1501,463809,卖盘
1932,09:47:28,3.09,--,29,8961,卖盘
1933,09:47:23,3.09,--,2,618,卖盘
1934,09:47:17,3.09,-0.01,52,16068,卖盘
1935,09:47:13,3.1,0.01,1039,322090,买盘
1936,09:47:08,3.09,--,51,15759,卖盘
1937,09:47:02,3.09,--,15,4635,卖盘
1938,09:46:58,3.09,--,12,3708,卖盘
1939,09:46:47,3.09,--,13,4017,卖盘
1940,09:46:43,3.09,--,107,33096,卖盘
1941,09:46:38,3.09,-0.01,102,31518,卖盘
1942,09:46:32,3.1,0.01,110,34100,买盘
1943,09:46:28,3.09,--,181,55966,卖盘
1944,09:46:17,3.09,--,109,33681,卖盘
1945,09:46:13,3.09,--,122,37698,卖盘
1946,09:46:08,3.09,--,143,44227,卖盘
1947,09:46:02,3.09,--,36,11124,卖盘
1948,09:45:52,3.09,--,55,17032,卖盘
1949,09:45:47,3.09,--,60,18540,卖盘
1950,09:45:42,3.09,-0.01,5,1545,卖盘
1951,09:45:37,3.1,--,99,30690,买盘
1952,09:45:32,3.1,--,112,34720,买盘
1953,09:45:27,3.1,0.01,2,620,买盘
1954,09:45:22,3.09,--,46,14214,卖盘
1955,09:45:17,3.09,--,4,1236,卖盘
1956,09:45:12,3.09,--,1,309,卖盘
1957,09:45:07,3.09,--,590,182310,卖盘
1958,09:45:02,3.09,--,1620,500580,卖盘
1959,09:44:57,3.09,--,18,5562,卖盘
1960,09:44:52,3.09,-0.01,48,14832,卖盘
1961,09:44:47,3.1,0.01,51,15810,买盘
1962,09:44:42,3.09,--,11,3399,卖盘
1963,09:44:37,3.09,--,101,31209,卖盘
1964,09:44:32,3.09,--,128,39552,卖盘
1965,09:44:27,3.09,--,1,309,卖盘
1966,09:44:22,3.09,--,183,56547,卖盘
1967,09:44:17,3.09,-0.01,118,36462,卖盘
1968,09:44:12,3.1,0.01,30,9300,买盘
1969,09:44:07,3.09,--,761,235149,卖盘
1970,09:44:02,3.09,--,1552,479568,卖盘
1971,09:43:57,3.09,--,1415,437235,卖盘
1972,09:43:52,3.09,--,330,101970,卖盘
1973,09:43:47,3.09,--,169,52221,卖盘
1974,09:43:42,3.09,--,1,309,卖盘
1975,09:43:37,3.09,--,103,31827,卖盘
1976,09:43:32,3.09,-0.01,128,39552,卖盘
1977,09:43:27,3.1,0.01,44,13640,买盘
1978,09:43:22,3.09,--,170,52530,卖盘
1979,09:43:17,3.09,--,45,13945,卖盘
1980,09:43:12,3.09,--,13,4017,卖盘
1981,09:43:07,3.09,--,472,145848,卖盘
1982,09:43:02,3.09,--,26,8034,卖盘
1983,09:42:57,3.09,--,12,3708,卖盘
1984,09:42:52,3.09,--,261,80689,卖盘
1985,09:42:47,3.09,-0.01,121,37389,卖盘
1986,09:42:37,3.1,0.01,99,30690,买盘
1987,09:42:32,3.09,--,629,194361,卖盘
1988,09:42:27,3.09,--,36,11124,卖盘
1989,09:42:22,3.09,--,205,63385,卖盘
1990,09:42:17,3.09,--,146,45114,卖盘
1991,09:42:12,3.09,--,1,309,卖盘
1992,09:42:07,3.09,-0.01,124,38316,卖盘
1993,09:42:02,3.1,0.01,260,80640,买盘
1994,09:41:52,3.09,--,1,309,卖盘
1995,09:41:47,3.09,--,4,1236,卖盘
1996,09:41:37,3.09,--,4,1236,卖盘
1997,09:41:32,3.09,--,18,5562,卖盘
1998,09:41:27,3.09,--,12,3708,卖盘
1999,09:41:22,3.09,--,25,7725,卖盘
2000,09:41:17,3.09,--,5,1545,卖盘
2001,09:41:12,3.09,--,88,27192,卖盘
2002,09:41:07,3.09,--,2,618,卖盘
2003,09:41:02,3.09,--,64,19776,卖盘
2004,09:40:57,3.09,--,50,15450,卖盘
2005,09:40:52,3.09,--,53,16377,卖盘
2006,09:40:47,3.09,--,86,26574,卖盘
2007,09:40:42,3.09,--,324,100116,卖盘
2008,09:40:37,3.09,--,50,15450,卖盘
2009,09:40:32,3.09,--,1,309,卖盘
2010,09:40:22,3.09,--,158,48822,卖盘
2011,09:40:17,3.09,--,128,39552,卖盘
2012,09:40:02,3.09,--,2,618,卖盘
2013,09:39:57,3.09,--,101,31209,卖盘
2014,09:39:52,3.09,--,315,97335,卖盘
2015,09:39:47,3.09,-0.01,44,13596,卖盘
2016,09:39:42,3.1,0.01,301,93310,买盘
2017,09:39:37,3.09,--,214,66126,卖盘
2018,09:39:32,3.09,-0.01,198,61182,卖盘
2019,09:39:27,3.1,0.01,11,3410,买盘
2020,09:39:22,3.09,--,58,17922,卖盘
2021,09:39:16,3.09,--,4,1236,卖盘
2022,09:39:11,3.09,--,360,111240,卖盘
2023,09:39:07,3.09,--,42,12978,卖盘
2024,09:39:01,3.09,--,34,10506,卖盘
2025,09:38:52,3.09,--,13,4017,卖盘
2026,09:38:46,3.09,--,12,3708,卖盘
2027,09:38:41,3.09,--,525,162225,卖盘
2028,09:38:37,3.09,--,249,76941,卖盘
2029,09:38:31,3.09,--,24,7416,卖盘
2030,09:38:26,3.09,-0.01,1,309,卖盘
2031,09:38:22,3.1,0.01,24,7440,买盘
2032,09:38:16,3.09,--,134,41406,卖盘
2033,09:38:11,3.09,--,59,18231,卖盘
2034,09:38:01,3.09,-0.01,21,6489,卖盘
2035,09:37:56,3.1,0.01,100,31000,买盘
2036,09:37:46,3.09,--,20,6180,卖盘
2037,09:37:41,3.09,--,119,36771,卖盘
2038,09:37:36,3.09,--,50,15450,卖盘
2039,09:37:31,3.09,-0.01,10,3090,卖盘
2040,09:37:21,3.1,0.01,1,310,买盘
2041,09:37:16,3.09,--,78,24102,卖盘
2042,09:37:11,3.09,--,134,41406,卖盘
2043,09:37:06,3.09,-0.01,4,1236,卖盘
2044,09:37:01,3.1,--,1,310,买盘
2045,09:36:56,3.1,0.01,1,310,买盘
2046,09:36:51,3.09,--,8,2472,卖盘
2047,09:36:46,3.09,--,53,16377,卖盘
2048,09:36:41,3.09,--,12,3708,卖盘
2049,09:36:36,3.09,-0.01,115,35535,卖盘
2050,09:36:31,3.1,--,69,21390,买盘
2051,09:36:21,3.1,0.01,110,34100,买盘
2052,09:36:16,3.09,--,55,16995,卖盘
2053,09:36:11,3.09,--,123,38007,卖盘
2054,09:36:06,3.09,--,10,3090,卖盘
2055,09:36:01,3.09,--,1,309,卖盘
2056,09:35:56,3.09,-0.01,154,47586,卖盘
2057,09:35:51,3.1,0.01,85,26350,买盘
2058,09:35:46,3.09,--,52,16068,卖盘
2059,09:35:31,3.09,--,3,927,卖盘
2060,09:35:26,3.09,--,59,18231,卖盘
2061,09:35:16,3.09,--,11,3399,卖盘
2062,09:35:11,3.09,-0.01,112,34608,卖盘
2063,09:35:06,3.1,0.01,213,66030,买盘
2064,09:34:56,3.09,-0.01,384,118656,卖盘
2065,09:34:51,3.1,--,126,39060,买盘
2066,09:34:46,3.1,0.01,2,620,买盘
2067,09:34:41,3.09,--,69,21321,卖盘
2068,09:34:36,3.09,--,146,45114,卖盘
2069,09:34:31,3.09,--,3,927,卖盘
2070,09:34:26,3.09,--,13,4017,卖盘
2071,09:34:21,3.09,--,13,4017,卖盘
2072,09:34:16,3.09,--,2012,621708,卖盘
2073,09:34:11,3.09,--,44,13596,卖盘
2074,09:34:06,3.09,--,47,14523,卖盘
2075,09:34:01,3.09,--,113,34917,卖盘
2076,09:33:56,3.09,--,46,14214,卖盘
2077,09:33:51,3.09,--,479,148011,卖盘
2078,09:33:46,3.09,--,665,205485,卖盘
2079,09:33:41,3.09,--,1,309,卖盘
2080,09:33:36,3.09,-0.01,19,5871,卖盘
2081,09:33:31,3.1,0.01,13,4030,买盘
2082,09:33:26,3.09,--,262,80958,卖盘
2083,09:33:21,3.09,--,114,35226,卖盘
2084,09:33:16,3.09,-0.01,101,31209,卖盘
2085,09:33:11,3.1,0.01,595,184450,买盘
2086,09:33:01,3.09,--,100,30900,卖盘
2087,09:32:56,3.09,-0.01,117,36153,卖盘
2088,09:32:51,3.1,0.01,84,26040,买盘
2089,09:32:46,3.09,--,58,17922,卖盘
2090,09:32:41,3.09,--,73,22557,卖盘
2091,09:32:31,3.09,--,110,33990,卖盘
2092,09:32:26,3.09,--,147,45423,卖盘
2093,09:32:20,3.09,--,386,119274,卖盘
2094,09:32:16,3.09,--,82,25338,卖盘
2095,09:32:10,3.09,--,3,927,卖盘
2096,09:32:06,3.09,--,78,24102,卖盘
2097,09:32:01,3.09,-0.01,100,30900,卖盘
2098,09:31:55,3.1,0.01,722,223820,买盘
2099,09:31:50,3.09,--,1463,452067,卖盘
2100,09:31:46,3.09,-0.01,734,226806,卖盘
2101,09:31:40,3.1,0.01,1051,325810,买盘
2102,09:31:31,3.09,--,130,40170,卖盘
2103,09:31:25,3.09,--,165,50985,卖盘
2104,09:31:20,3.09,--,10,3090,卖盘
2105,09:31:16,3.09,-0.01,130,40170,卖盘
2106,09:31:10,3.1,0.01,97,30070,买盘
2107,09:30:55,3.09,--,4703,1453227,卖盘
2108,09:30:50,3.09,--,10000,3090000,卖盘
2109,09:30:35,3.09,-0.01,1,309,卖盘
2110,09:30:30,3.1,--,3,930,买盘
2111,09:30:25,3.1,0.01,1,310,买盘
2112,09:30:20,3.09,--,51,15759,卖盘
2113,09:30:10,3.09,--,2,618,卖盘
2114,09:30:05,3.09,-0.01,509,157281,卖盘
2115,09:28:47,3.1,--,0,0,买盘
2116,09:25:08,3.1,3.1,776,240560,买盘
