,time,price,change,volume,amount,type
0,15:00:00,28.86,-0.03,0,0,卖盘
1,15:00:00,28.89,--,0,0,买盘
2,14:59:58,28.89,0.02,4,11556,买盘
3,14:59:53,28.87,0.01,8,23096,中性盘
4,14:59:49,28.86,--,4,11544,卖盘
5,14:59:43,28.86,--,15,43290,卖盘
6,14:59:38,28.86,--,0,0,卖盘
7,14:59:33,28.86,0.01,474,1370590,买盘
8,14:59:28,28.85,-0.01,60,173100,中性盘
9,14:59:23,28.86,0.01,60,173160,买盘
10,14:59:18,28.85,-0.01,1,2885,买盘
11,14:59:13,28.86,--,3,8658,买盘
12,14:59:08,28.86,--,138,398268,买盘
13,14:58:58,28.86,--,18,51948,买盘
14,14:58:53,28.86,--,20,57720,买盘
15,14:58:43,28.86,-0.04,145,418470,卖盘
16,14:58:38,28.9,0.01,5,14450,中性盘
17,14:58:33,28.89,-0.02,4,11556,卖盘
18,14:58:28,28.91,0.01,8,23128,买盘
19,14:58:13,28.9,--,2,5780,买盘
20,14:58:08,28.9,-0.02,106,306340,卖盘
21,14:58:03,28.92,0.01,2,5784,买盘
22,14:57:58,28.91,-0.01,37,106967,卖盘
23,14:57:53,28.92,0.01,6,17352,买盘
24,14:57:43,28.91,--,30,86730,卖盘
25,14:57:28,28.91,--,2,5782,卖盘
26,14:57:23,28.91,--,50,144550,卖盘
27,14:57:13,28.91,--,6,17346,卖盘
28,14:57:08,28.91,--,13,37583,卖盘
29,14:57:03,28.91,--,12,34692,卖盘
30,14:56:58,28.91,-0.01,2,5782,卖盘
31,14:56:48,28.92,--,1,2892,买盘
32,14:56:43,28.92,-0.01,45,130140,卖盘
33,14:56:38,28.93,--,6,17358,买盘
34,14:56:33,28.93,--,3,8679,买盘
35,14:56:28,28.93,--,2,5786,买盘
36,14:56:22,28.93,--,5,14465,买盘
37,14:56:18,28.93,--,12,34716,卖盘
38,14:56:13,28.93,-0.01,5,14465,卖盘
39,14:56:02,28.94,0.01,8,23152,买盘
40,14:55:48,28.93,-0.02,24,69432,卖盘
41,14:55:37,28.95,--,0,0,买盘
42,14:55:33,28.95,0.01,18,52110,买盘
43,14:55:22,28.94,-0.01,11,31834,卖盘
44,14:55:12,28.95,0.01,9,26055,买盘
45,14:55:07,28.94,--,23,66562,卖盘
46,14:55:02,28.94,-0.01,8,23152,卖盘
47,14:54:57,28.95,0.01,4,11580,买盘
48,14:54:52,28.94,-0.01,3,8682,卖盘
49,14:54:47,28.95,0.01,1,2895,买盘
50,14:54:37,28.94,--,12,34728,卖盘
51,14:54:17,28.94,-0.01,27,78138,卖盘
52,14:54:02,28.95,-0.02,6,20062,卖盘
53,14:53:57,28.97,0.02,5,14485,买盘
54,14:53:52,28.95,--,4,11580,卖盘
55,14:53:47,28.95,--,0,0,卖盘
56,14:53:37,28.95,-0.03,2,5790,卖盘
57,14:53:27,28.98,0.03,5,14490,买盘
58,14:53:22,28.95,--,10,28950,卖盘
59,14:53:17,28.95,-0.03,3,8685,卖盘
60,14:53:07,28.98,--,5,14490,买盘
61,14:53:02,28.98,--,34,98532,买盘
62,14:52:52,28.98,--,2,5796,买盘
63,14:52:47,28.98,--,1,2898,卖盘
64,14:52:37,28.98,--,2,5796,卖盘
65,14:52:32,28.98,--,2,5796,买盘
66,14:52:27,28.98,0.01,5,14490,买盘
67,14:52:22,28.97,-0.01,22,63734,卖盘
68,14:52:02,28.98,0.01,12,34776,买盘
69,14:51:52,28.97,--,13,37661,买盘
70,14:51:47,28.97,0.02,3,8691,买盘
71,14:51:42,28.95,--,7,20265,卖盘
72,14:51:37,28.95,-0.01,10,28950,卖盘
73,14:51:32,28.96,0.01,12,34954,买盘
74,14:51:27,28.95,-0.01,3,8685,卖盘
75,14:51:22,28.96,--,0,0,买盘
76,14:51:17,28.96,0.01,100,289600,买盘
77,14:51:07,28.95,--,3,8685,卖盘
78,14:51:02,28.95,--,32,92640,买盘
79,14:50:52,28.95,--,1,2895,买盘
80,14:50:47,28.95,--,1,2895,中性盘
81,14:50:42,28.95,-0.01,10,28950,卖盘
82,14:50:37,28.96,0.05,28,81088,买盘
83,14:50:32,28.91,-0.03,96,277536,卖盘
84,14:50:22,28.94,-0.01,6,17364,卖盘
85,14:50:17,28.95,--,12,34740,买盘
86,14:50:12,28.95,0.02,1,2895,买盘
87,14:50:01,28.93,-0.02,1,2893,卖盘
88,14:49:52,28.95,0.01,30,86850,买盘
89,14:49:42,28.94,--,3,8682,卖盘
90,14:49:31,28.94,-0.01,1,2894,卖盘
91,14:49:27,28.95,--,68,196860,买盘
92,14:49:22,28.95,0.01,10,28950,买盘
93,14:49:16,28.94,--,5,14470,卖盘
94,14:49:07,28.94,0.01,7,20258,买盘
95,14:48:46,28.93,--,7,20251,卖盘
96,14:48:42,28.93,0.01,5,14465,买盘
97,14:48:31,28.92,-0.01,3,8676,卖盘
98,14:48:27,28.93,--,2,5786,买盘
99,14:48:11,28.93,0.02,20,57860,买盘
100,14:48:07,28.91,--,6,17346,买盘
101,14:48:01,28.91,--,2,5782,买盘
102,14:47:52,28.91,--,1,2891,买盘
103,14:47:46,28.91,--,5,14455,卖盘
104,14:47:41,28.91,-0.01,3,8673,卖盘
105,14:47:31,28.92,0.01,13,37596,买盘
106,14:47:11,28.91,--,1,2891,卖盘
107,14:47:06,28.91,--,4,11564,买盘
108,14:47:01,28.91,0.01,2,5782,买盘
109,14:46:51,28.9,--,4,11560,卖盘
110,14:46:46,28.9,--,27,78030,卖盘
111,14:46:36,28.9,--,3,8670,卖盘
112,14:46:31,28.9,-0.01,1,2890,卖盘
113,14:46:26,28.91,--,2,5782,买盘
114,14:46:16,28.91,--,6,17346,买盘
115,14:45:26,28.91,0.01,44,127204,买盘
116,14:45:21,28.9,-0.01,50,144500,卖盘
117,14:45:16,28.91,0.01,10,28910,买盘
118,14:45:01,28.9,-0.01,51,147390,卖盘
119,14:44:36,28.91,--,12,34692,买盘
120,14:44:31,28.91,--,6,17346,买盘
121,14:44:26,28.91,--,4,11564,卖盘
122,14:44:11,28.91,--,7,20237,卖盘
123,14:44:01,28.91,--,13,37583,卖盘
124,14:43:41,28.91,-0.03,30,86730,卖盘
125,14:43:31,28.94,--,2,5788,卖盘
126,14:43:25,28.94,--,0,0,卖盘
127,14:43:16,28.94,--,0,0,卖盘
128,14:43:06,28.94,--,10,28940,卖盘
129,14:43:01,28.94,--,18,52092,买盘
130,14:42:46,28.94,--,4,11576,卖盘
131,14:42:40,28.94,-0.01,42,121548,卖盘
132,14:42:16,28.95,--,0,0,中性盘
133,14:42:10,28.95,-0.01,8,23160,卖盘
134,14:41:51,28.96,0.01,16,46336,买盘
135,14:41:40,28.95,-0.01,10,28950,卖盘
136,14:41:36,28.96,0.01,6,17376,买盘
137,14:41:31,28.95,-0.01,2,5790,卖盘
138,14:41:25,28.96,0.01,2,5792,买盘
139,14:41:16,28.95,-0.01,1,2895,卖盘
140,14:41:10,28.96,0.01,2,5792,买盘
141,14:41:06,28.95,--,8,23160,卖盘
142,14:40:55,28.95,--,2,5790,卖盘
143,14:40:50,28.95,--,1,2895,卖盘
144,14:40:40,28.95,0.01,7,20265,买盘
145,14:40:35,28.94,--,9,26046,卖盘
146,14:40:25,28.94,--,1,2894,买盘
147,14:40:20,28.94,--,1,2894,买盘
148,14:40:15,28.94,0.01,20,57880,买盘
149,14:40:10,28.93,--,9,26037,卖盘
150,14:39:25,28.93,-0.01,15,43395,卖盘
151,14:39:00,28.94,--,57,164958,卖盘
152,14:38:35,28.94,-0.01,5,14470,卖盘
153,14:38:25,28.95,--,5,14475,卖盘
154,14:38:10,28.95,0.01,6,17370,买盘
155,14:38:05,28.94,-0.01,9,26046,卖盘
156,14:38:00,28.95,0.01,7,20265,买盘
157,14:37:50,28.94,-0.01,2,5788,卖盘
158,14:37:35,28.95,0.01,24,69480,买盘
159,14:37:20,28.94,-0.01,20,57880,卖盘
160,14:36:55,28.95,0.01,5,14475,买盘
161,14:36:49,28.94,-0.01,3,8682,卖盘
162,14:36:19,28.95,0.01,2,5790,买盘
163,14:36:15,28.94,-0.01,5,14470,卖盘
164,14:36:04,28.95,0.01,1,2895,买盘
165,14:35:55,28.94,--,5,14470,卖盘
166,14:35:49,28.94,-0.01,5,14470,卖盘
167,14:35:45,28.95,0.01,11,31845,买盘
168,14:35:34,28.94,--,1,2894,买盘
169,14:35:19,28.94,--,1,2894,买盘
170,14:35:15,28.94,--,1,2894,卖盘
171,14:35:04,28.94,-0.03,11,31834,卖盘
172,14:34:55,28.97,--,0,0,买盘
173,14:34:49,28.97,0.02,30,86910,买盘
174,14:34:45,28.95,--,0,0,买盘
175,14:34:30,28.95,-0.02,2,5790,卖盘
176,14:34:19,28.97,0.02,2,5794,买盘
177,14:34:15,28.95,-0.03,39,112905,卖盘
178,14:34:10,28.98,0.01,10,28980,买盘
179,14:34:00,28.97,--,1,2897,买盘
180,14:33:55,28.97,-0.01,16,46352,卖盘
181,14:33:45,28.98,--,8,23184,卖盘
182,14:33:40,28.98,-0.01,5,14490,卖盘
183,14:33:34,28.99,0.01,16,46384,买盘
184,14:33:30,28.98,-0.01,15,43470,卖盘
185,14:33:25,28.99,0.01,5,14495,买盘
186,14:33:19,28.98,--,23,66654,买盘
187,14:33:14,28.98,--,12,34776,卖盘
188,14:33:04,28.98,--,18,52164,买盘
189,14:32:59,28.98,--,1,2898,买盘
190,14:32:44,28.98,0.01,5,14490,买盘
191,14:32:39,28.97,-0.01,5,14485,买盘
192,14:32:29,28.98,--,0,0,买盘
193,14:32:24,28.98,0.01,17,49266,买盘
194,14:32:09,28.97,--,1,2897,卖盘
195,14:32:04,28.97,0.02,4,11588,买盘
196,14:31:59,28.95,--,1,2895,买盘
197,14:31:49,28.95,--,11,31845,买盘
198,14:31:39,28.95,0.02,5,14475,买盘
199,14:31:29,28.93,--,1,5323,买盘
200,14:31:19,28.93,--,5,14465,买盘
201,14:31:14,28.93,--,17,49181,买盘
202,14:31:04,28.93,--,35,101255,买盘
203,14:30:59,28.93,--,50,144650,买盘
204,14:30:49,28.93,0.02,50,144650,买盘
205,14:30:44,28.91,-0.02,10,28910,买盘
206,14:30:39,28.93,--,0,0,买盘
207,14:30:34,28.93,0.02,101,292193,买盘
208,14:30:24,28.91,--,7,20237,买盘
209,14:30:19,28.91,0.01,6,17346,买盘
210,14:29:13,28.9,--,11,31790,买盘
211,14:29:04,28.9,0.01,1,2890,买盘
212,14:28:54,28.89,--,3,8667,买盘
213,14:28:43,28.89,--,1,2889,买盘
214,14:28:39,28.89,--,31,89559,买盘
215,14:28:34,28.89,--,1,2889,买盘
216,14:28:28,28.89,-0.01,4,11556,卖盘
217,14:28:24,28.9,0.01,8,23120,买盘
218,14:28:09,28.89,0.02,4,11556,买盘
219,14:27:54,28.87,0.01,4,11548,卖盘
220,14:27:19,28.86,--,0,0,卖盘
221,14:26:39,28.86,--,12,37258,买盘
222,14:26:33,28.86,0.01,40,115440,买盘
223,14:26:28,28.85,-0.01,10,28850,卖盘
224,14:26:24,28.86,0.01,13,37518,买盘
225,14:26:19,28.85,-0.01,10,28850,卖盘
226,14:26:13,28.86,--,12,34632,买盘
227,14:26:09,28.86,--,50,144300,买盘
228,14:26:03,28.86,0.01,50,144300,买盘
229,14:25:38,28.85,-0.01,2,5770,买盘
230,14:25:28,28.86,--,0,0,买盘
231,14:25:24,28.86,0.02,122,352092,买盘
232,14:25:18,28.84,--,2,5768,买盘
233,14:25:08,28.84,--,3,8652,买盘
234,14:24:58,28.84,--,13,37492,卖盘
235,14:24:53,28.84,-0.01,10,28840,卖盘
236,14:24:43,28.85,--,6,17310,买盘
237,14:24:28,28.85,--,4,11540,卖盘
238,14:24:18,28.85,--,1,2885,买盘
239,14:24:13,28.85,--,0,0,中性盘
240,14:24:08,28.85,--,0,0,卖盘
241,14:23:53,28.85,--,0,0,中性盘
242,14:23:43,28.85,0.01,38,109630,买盘
243,14:23:38,28.84,--,4,11536,卖盘
244,14:22:53,28.84,-0.01,1,2884,卖盘
245,14:22:33,28.85,--,6,17310,卖盘
246,14:22:18,28.85,--,4,11540,买盘
247,14:22:13,28.85,--,1,2885,卖盘
248,14:22:07,28.85,-0.01,1,2885,卖盘
249,14:21:58,28.86,0.01,2,5772,买盘
250,14:21:37,28.85,-0.01,4,11540,卖盘
251,14:21:33,28.86,0.01,2,5772,买盘
252,14:21:07,28.85,--,11,31735,买盘
253,14:21:03,28.85,--,8,23080,买盘
254,14:20:57,28.85,--,4,11540,买盘
255,14:20:18,28.85,--,3,8655,买盘
256,14:20:12,28.85,--,0,0,买盘
257,14:20:03,28.85,0.01,11,31735,买盘
258,14:19:57,28.84,-0.01,2,5768,卖盘
259,14:19:22,28.85,-0.01,27,77895,卖盘
260,14:19:07,28.86,0.01,20,57720,买盘
261,14:18:48,28.85,0.01,12,34620,买盘
262,14:18:42,28.84,-0.01,3,8652,卖盘
263,14:18:12,28.85,--,0,0,中性盘
264,14:18:07,28.85,--,0,0,买盘
265,14:17:47,28.85,--,1,2885,买盘
266,14:17:42,28.85,-0.01,16,46160,卖盘
267,14:17:27,28.86,--,1,2886,买盘
268,14:16:52,28.86,--,78,225108,买盘
269,14:16:47,28.86,--,6,17316,买盘
270,14:16:37,28.86,--,22,63492,买盘
271,14:16:22,28.86,0.01,3,8658,买盘
272,14:16:17,28.85,--,5,14425,卖盘
273,14:16:02,28.85,--,1,2885,卖盘
274,14:15:57,28.85,--,4,11540,买盘
275,14:15:42,28.85,0.02,1,2885,买盘
276,14:15:32,28.83,--,3,8649,卖盘
277,14:15:02,28.83,-0.01,2,5766,卖盘
278,14:14:56,28.84,--,1,2884,卖盘
279,14:14:37,28.84,0.03,17,49028,买盘
280,14:13:56,28.81,--,0,0,卖盘
281,14:13:52,28.81,--,0,0,卖盘
282,14:13:42,28.81,--,0,0,卖盘
283,14:12:36,28.81,--,0,0,卖盘
284,14:12:16,28.81,--,6,17286,买盘
285,14:12:06,28.81,-0.03,1,2881,买盘
286,14:12:01,28.84,--,0,0,买盘
287,14:11:56,28.84,0.03,54,155736,买盘
288,14:11:51,28.81,-0.03,20,57620,卖盘
289,14:11:41,28.84,--,10,28840,买盘
290,14:11:36,28.84,0.03,1,2884,买盘
291,14:11:16,28.81,--,5,14405,卖盘
292,14:10:56,28.81,--,6,17286,买盘
293,14:10:46,28.81,--,20,57620,买盘
294,14:10:31,28.81,--,3,8643,买盘
295,14:10:16,28.81,--,2,5762,买盘
296,14:10:11,28.81,--,4,11524,买盘
297,14:09:51,28.81,--,3,8643,买盘
298,14:09:46,28.81,--,3,8643,买盘
299,14:09:41,28.81,-0.04,14,40334,卖盘
300,14:09:31,28.85,--,0,0,买盘
301,14:09:16,28.85,0.04,3,8655,买盘
302,14:09:06,28.81,--,10,28810,卖盘
303,14:08:51,28.81,-0.04,5,14405,卖盘
304,14:08:26,28.85,0.04,34,98090,买盘
305,14:08:16,28.81,-0.04,1,2881,卖盘
306,14:08:11,28.85,--,0,0,中性盘
307,14:08:06,28.85,--,0,0,中性盘
308,14:07:46,28.85,0.05,2,5770,买盘
309,14:07:41,28.8,-0.06,2,5760,卖盘
310,14:07:31,28.86,--,0,0,买盘
311,14:07:26,28.86,0.04,10,28860,买盘
312,14:07:21,28.82,-0.04,2,5764,买盘
313,14:06:46,28.86,--,0,0,买盘
314,14:06:36,28.86,0.04,3,8658,买盘
315,14:06:31,28.82,--,21,60522,卖盘
316,14:06:25,28.82,--,4,11528,卖盘
317,14:06:10,28.82,0.02,5,14410,买盘
318,14:06:01,28.8,--,5,14400,卖盘
319,14:05:55,28.8,0.03,275,793094,买盘
320,14:05:50,28.77,-0.01,2,5754,卖盘
321,14:05:46,28.78,--,7,20146,买盘
322,14:05:31,28.78,--,0,0,买盘
323,14:05:25,28.78,--,11,31658,买盘
324,14:05:20,28.78,0.02,12,34536,买盘
325,14:05:15,28.76,--,45,129420,卖盘
326,14:05:10,28.76,--,7,20132,卖盘
327,14:05:05,28.76,--,48,138048,卖盘
328,14:05:00,28.76,--,0,0,卖盘
329,14:04:55,28.76,0.02,390,1122589,买盘
330,14:04:50,28.74,-0.01,17,48858,卖盘
331,14:04:35,28.75,-0.01,46,134176,卖盘
332,14:04:30,28.76,0.01,5,14380,买盘
333,14:04:25,28.75,--,37,106375,卖盘
334,14:04:20,28.75,-0.02,19,54625,卖盘
335,14:04:15,28.77,0.01,10,28770,买盘
336,14:04:10,28.76,--,77,223982,卖盘
337,14:04:05,28.76,--,17,48892,卖盘
338,14:03:55,28.76,--,23,66148,卖盘
339,14:03:40,28.76,-0.04,39,114292,卖盘
340,14:03:35,28.8,0.02,6,18374,买盘
341,14:03:30,28.78,--,1,2878,卖盘
342,14:03:25,28.78,-0.01,44,128416,卖盘
343,14:03:20,28.79,--,1,2879,卖盘
344,14:03:10,28.79,-0.01,4,11516,卖盘
345,14:03:00,28.8,-0.01,41,120614,卖盘
346,14:02:55,28.81,--,30,86430,卖盘
347,14:02:50,28.81,--,8,23048,卖盘
348,14:02:45,28.81,--,0,0,卖盘
349,14:02:40,28.81,-0.02,100,288100,卖盘
350,14:02:20,28.83,--,7,20181,卖盘
351,14:02:05,28.83,--,5,14415,买盘
352,14:02:00,28.83,--,1,2883,买盘
353,14:01:55,28.83,--,2,5766,买盘
354,14:01:40,28.83,--,1,2883,买盘
355,14:01:25,28.83,-0.01,1,2883,卖盘
356,14:00:35,28.84,--,2,5768,买盘
357,14:00:15,28.84,--,0,0,买盘
358,14:00:10,28.84,0.03,10,28840,买盘
359,14:00:05,28.81,--,12,34572,卖盘
360,13:59:30,28.81,0.01,4,11524,买盘
361,13:59:10,28.8,--,0,0,卖盘
362,13:59:04,28.8,--,2,5760,卖盘
363,13:58:59,28.8,--,0,0,卖盘
364,13:58:40,28.8,--,10,28800,卖盘
365,13:58:29,28.8,0.01,10,29145,买盘
366,13:58:24,28.79,--,16,46064,卖盘
367,13:58:19,28.79,--,15,43185,卖盘
368,13:58:10,28.79,-0.01,17,48943,卖盘
369,13:58:04,28.8,--,16,48614,卖盘
370,13:57:54,28.8,-0.01,107,308160,卖盘
371,13:57:49,28.81,--,2,5762,卖盘
372,13:57:34,28.81,-0.01,33,95073,卖盘
373,13:57:24,28.82,--,43,123926,卖盘
374,13:57:19,28.82,--,5,14410,卖盘
375,13:57:14,28.82,-0.02,4,11528,卖盘
376,13:57:04,28.84,--,0,0,买盘
377,13:56:59,28.84,--,31,89750,买盘
378,13:56:54,28.84,0.01,1,2884,买盘
379,13:56:49,28.83,--,0,0,卖盘
380,13:56:44,28.83,-0.01,1,2883,卖盘
381,13:56:34,28.84,-0.01,29,83636,卖盘
382,13:56:29,28.85,-0.01,500,1442500,卖盘
383,13:56:14,28.86,--,7,20202,卖盘
384,13:56:09,28.86,-0.01,57,164502,卖盘
385,13:55:49,28.87,--,5,14435,买盘
386,13:55:44,28.87,--,2,5774,卖盘
387,13:55:29,28.87,0.01,54,155898,买盘
388,13:55:24,28.86,-0.01,5,14430,卖盘
389,13:55:04,28.87,0.01,1,2887,买盘
390,13:54:34,28.86,--,13,37518,卖盘
391,13:53:49,28.86,-0.01,5,14430,卖盘
392,13:53:44,28.87,0.01,2,5774,买盘
393,13:53:34,28.86,--,20,57720,卖盘
394,13:53:04,28.86,-0.01,2,5772,卖盘
395,13:52:09,28.87,-0.01,3,8661,卖盘
396,13:52:04,28.88,0.01,5,14440,买盘
397,13:51:49,28.87,-0.01,2,5774,卖盘
398,13:50:58,28.88,-0.02,14,40432,卖盘
399,13:50:53,28.9,--,0,0,买盘
400,13:50:34,28.9,--,0,0,买盘
401,13:49:43,28.9,--,5,14450,买盘
402,13:49:18,28.9,--,2,5780,买盘
403,13:49:13,28.9,--,0,0,买盘
404,13:49:08,28.9,--,10,28900,买盘
405,13:49:03,28.9,--,1,2890,买盘
406,13:48:58,28.9,0.03,5,14450,买盘
407,13:48:28,28.87,--,0,0,卖盘
408,13:48:23,28.87,-0.02,1,2887,卖盘
409,13:48:18,28.89,--,0,0,中性盘
410,13:48:13,28.89,0.03,2,5778,买盘
411,13:47:58,28.86,--,0,0,卖盘
412,13:47:38,28.86,-0.04,4,11544,卖盘
413,13:47:28,28.9,0.04,10,28900,买盘
414,13:47:23,28.86,--,20,57720,卖盘
415,13:46:53,28.86,--,5,14430,卖盘
416,13:46:43,28.86,--,0,0,卖盘
417,13:46:28,28.86,-0.04,6,17316,卖盘
418,13:46:13,28.9,--,0,0,买盘
419,13:46:08,28.9,--,10,28900,买盘
420,13:45:28,28.9,--,1,2890,买盘
421,13:45:23,28.9,--,6,17340,卖盘
422,13:45:18,28.9,-0.01,25,72250,卖盘
423,13:44:58,28.91,--,3,8673,买盘
424,13:44:53,28.91,--,9,26019,买盘
425,13:44:48,28.91,--,1,2891,买盘
426,13:44:38,28.91,--,10,28910,买盘
427,13:44:18,28.91,--,0,0,买盘
428,13:43:27,28.91,0.02,10,28910,买盘
429,13:43:23,28.89,0.02,8,23112,买盘
430,13:43:18,28.87,--,0,0,卖盘
431,13:43:13,28.87,-0.02,0,2165,卖盘
432,13:43:08,28.89,-0.02,1,2889,卖盘
433,13:42:48,28.91,-0.01,4,11564,卖盘
434,13:42:42,28.92,--,1,2892,买盘
435,13:42:38,28.92,--,2,5784,买盘
436,13:42:33,28.92,--,3,8676,买盘
437,13:42:22,28.92,--,0,0,买盘
438,13:42:07,28.92,0.02,8,23136,买盘
439,13:42:03,28.9,-0.01,4,13640,卖盘
440,13:41:48,28.91,0.01,3,8673,买盘
441,13:41:37,28.9,--,1,2890,卖盘
442,13:41:32,28.9,--,6,18149,买盘
443,13:41:22,28.9,--,11,31790,买盘
444,13:41:17,28.9,--,2,5780,买盘
445,13:41:07,28.9,--,15,43350,买盘
446,13:41:02,28.9,--,1,2890,买盘
447,13:40:52,28.9,--,8,23120,买盘
448,13:40:47,28.9,0.02,20,57800,买盘
449,13:40:37,28.88,-0.01,11,31768,卖盘
450,13:40:32,28.89,0.01,8,23112,买盘
451,13:40:12,28.88,0.03,13,37544,买盘
452,13:40:07,28.85,0.01,6,17310,卖盘
453,13:40:02,28.84,--,0,0,卖盘
454,13:39:57,28.84,-0.04,0,2537,卖盘
455,13:39:47,28.88,0.04,6,17328,买盘
456,13:39:42,28.84,-0.04,2,5768,卖盘
457,13:39:32,28.88,0.04,12,34656,买盘
458,13:39:27,28.84,0.02,3,8652,买盘
459,13:38:57,28.82,--,0,0,卖盘
460,13:38:32,28.82,--,0,0,卖盘
461,13:38:22,28.82,--,13,37466,卖盘
462,13:38:17,28.82,0.01,8,23401,买盘
463,13:38:07,28.81,-0.01,19,54739,卖盘
464,13:38:02,28.82,--,1,2882,买盘
465,13:37:57,28.82,--,1,2882,买盘
466,13:37:37,28.82,--,38,112052,卖盘
467,13:37:17,28.82,0.01,1,3227,买盘
468,13:37:11,28.81,-0.01,1,2881,卖盘
469,13:37:07,28.82,--,3,8646,买盘
470,13:37:02,28.82,--,2,5764,买盘
471,13:36:52,28.82,--,40,115280,买盘
472,13:36:47,28.82,--,8,23056,买盘
473,13:36:42,28.82,--,12,34584,买盘
474,13:36:37,28.82,--,5,14410,买盘
475,13:36:22,28.82,-0.06,5,14410,买盘
476,13:36:07,28.88,-0.01,9,25992,卖盘
477,13:36:02,28.89,0.01,1,2889,买盘
478,13:35:56,28.88,--,2,5776,买盘
479,13:35:47,28.88,0.07,10,28880,买盘
480,13:35:27,28.81,0.01,21,60501,卖盘
481,13:35:17,28.8,--,0,0,卖盘
482,13:35:01,28.8,--,5,14400,买盘
483,13:34:57,28.8,--,2,5760,买盘
484,13:34:47,28.8,-0.06,42,120960,卖盘
485,13:34:36,28.86,0.01,10,28860,买盘
486,13:34:31,28.85,0.05,1,2885,中性盘
487,13:34:26,28.8,-0.05,44,126720,卖盘
488,13:34:11,28.85,-0.01,1,2885,卖盘
489,13:34:01,28.86,-0.01,4,11544,卖盘
490,13:33:51,28.87,--,9,25983,卖盘
491,13:33:41,28.87,--,0,0,卖盘
492,13:33:21,28.87,--,0,0,卖盘
493,13:33:16,28.87,--,0,0,中性盘
494,13:33:06,28.87,--,1,2887,买盘
495,13:32:51,28.87,--,2,5774,买盘
496,13:32:31,28.87,--,2,5774,买盘
497,13:32:26,28.87,--,6,17322,买盘
498,13:32:06,28.87,--,1,2887,买盘
499,13:32:01,28.87,--,1,2887,买盘
500,13:31:56,28.87,--,1,2887,买盘
501,13:31:36,28.87,--,5,14435,买盘
502,13:31:26,28.87,-0.01,8,23096,卖盘
503,13:31:21,28.88,--,0,0,买盘
504,13:31:01,28.88,-0.02,7,20216,卖盘
505,13:30:41,28.9,--,0,2080,卖盘
506,13:30:20,28.9,0.01,49,142419,买盘
507,13:30:16,28.89,--,3,8667,卖盘
508,13:30:01,28.89,--,1,2889,买盘
509,13:29:50,28.89,-0.01,5,14445,买盘
510,13:29:46,28.9,--,0,0,买盘
511,13:29:41,28.9,0.02,2,5780,买盘
512,13:29:16,28.88,-0.02,3,8664,卖盘
513,13:28:11,28.9,--,10,28900,买盘
514,13:28:05,28.9,0.03,5,14450,买盘
515,13:27:50,28.87,--,0,0,卖盘
516,13:27:41,28.87,-0.03,10,28870,卖盘
517,13:27:26,28.9,--,3,8670,买盘
518,13:27:05,28.9,0.03,10,28900,买盘
519,13:26:30,28.87,-0.03,1,2887,卖盘
520,13:26:00,28.9,--,10,28900,买盘
521,13:25:50,28.9,0.04,15,43350,买盘
522,13:25:45,28.86,-0.04,3,8658,卖盘
523,13:25:40,28.9,--,1,2890,卖盘
524,13:25:25,28.9,--,4,11560,买盘
525,13:25:10,28.9,--,12,34680,卖盘
526,13:24:55,28.9,--,10,28900,卖盘
527,13:24:50,28.9,--,1,2890,卖盘
528,13:24:40,28.9,-0.02,20,57800,卖盘
529,13:24:35,28.92,--,35,101220,买盘
530,13:24:25,28.92,--,1,2892,买盘
531,13:24:10,28.92,0.01,57,164844,买盘
532,13:24:05,28.91,0.01,2,5782,买盘
533,13:23:50,28.9,--,3,8670,买盘
534,13:23:35,28.9,--,1,2890,买盘
535,13:23:30,28.9,0.04,23,66470,买盘
536,13:23:20,28.86,0.01,234,675324,买盘
537,13:22:49,28.85,0.03,21,60585,买盘
538,13:22:44,28.82,--,0,0,中性盘
539,13:22:40,28.82,--,0,0,中性盘
540,13:22:29,28.82,0.02,10,28820,买盘
541,13:22:19,28.8,--,0,0,卖盘
542,13:21:59,28.8,--,2,5760,卖盘
543,13:21:55,28.8,--,5,14400,卖盘
544,13:21:39,28.8,--,2,5760,买盘
545,13:21:29,28.8,--,3,8640,买盘
546,13:21:20,28.8,0.01,5,14400,买盘
547,13:21:09,28.79,--,15,44279,买盘
548,13:21:04,28.79,--,6,17274,买盘
549,13:20:54,28.79,0.01,7,20153,买盘
550,13:20:49,28.78,-0.01,20,57560,卖盘
551,13:20:44,28.79,--,4,11516,买盘
552,13:20:39,28.79,--,12,36332,卖盘
553,13:20:34,28.79,--,3,9731,买盘
554,13:20:19,28.79,--,10,28790,买盘
555,13:20:14,28.79,-0.01,32,93912,卖盘
556,13:20:09,28.8,0.01,15,43200,买盘
557,13:19:34,28.79,-0.01,82,236078,卖盘
558,13:19:09,28.8,--,10,28800,买盘
559,13:19:04,28.8,--,6,17280,买盘
560,13:18:54,28.8,--,22,63360,买盘
561,13:18:49,28.8,--,10,28800,买盘
562,13:18:34,28.8,--,1,2880,卖盘
563,13:18:19,28.8,--,84,241920,卖盘
564,13:18:14,28.8,-0.02,137,394560,卖盘
565,13:18:04,28.82,0.02,2,5764,买盘
566,13:17:54,28.8,-0.02,79,227520,卖盘
567,13:17:39,28.82,--,6,17292,卖盘
568,13:17:34,28.82,--,4,11528,卖盘
569,13:17:29,28.82,-0.02,1,2882,卖盘
570,13:17:04,28.84,-0.01,1,2884,卖盘
571,13:16:49,28.85,--,5,14425,买盘
572,13:16:23,28.85,--,18,52939,卖盘
573,13:16:19,28.85,--,12,34677,卖盘
574,13:16:14,28.85,--,2,5770,卖盘
575,13:16:08,28.85,--,5,14425,卖盘
576,13:16:04,28.85,--,17,49045,卖盘
577,13:15:53,28.85,--,160,461600,卖盘
578,13:15:49,28.85,--,50,144250,卖盘
579,13:15:28,28.85,-0.01,1,2885,卖盘
580,13:15:19,28.86,0.01,3,8658,买盘
581,13:15:04,28.85,--,31,89435,卖盘
582,13:14:58,28.85,--,10,28850,卖盘
583,13:14:53,28.85,--,20,57700,卖盘
584,13:14:43,28.85,-0.01,9,25965,卖盘
585,13:14:13,28.86,0.01,4,11544,中性盘
586,13:14:03,28.85,-0.02,73,210605,卖盘
587,13:13:28,28.87,--,5,14435,卖盘
588,13:12:58,28.87,--,0,0,卖盘
589,13:12:13,28.87,--,0,0,卖盘
590,13:11:58,28.87,--,1,2887,买盘
591,13:11:38,28.87,-0.02,3,8661,卖盘
592,13:11:08,28.89,--,10,28890,买盘
593,13:10:58,28.89,--,5,14445,卖盘
594,13:10:23,28.89,--,2,5778,买盘
595,13:10:08,28.89,-0.01,1,2889,买盘
596,13:09:43,28.9,--,0,0,买盘
597,13:09:07,28.9,0.04,2,5780,买盘
598,13:09:02,28.86,-0.03,20,57720,卖盘
599,13:08:37,28.89,--,9,26001,卖盘
600,13:08:28,28.89,--,20,57780,卖盘
601,13:08:22,28.89,-0.01,19,54891,卖盘
602,13:08:07,28.9,--,10,28900,买盘
603,13:07:27,28.9,--,0,0,买盘
604,13:07:12,28.9,0.01,10,28900,买盘
605,13:07:07,28.89,--,4,11556,买盘
606,13:06:57,28.89,--,2,5778,买盘
607,13:06:42,28.89,--,1,2889,买盘
608,13:06:22,28.89,0.02,10,28890,买盘
609,13:06:07,28.87,--,2,5774,卖盘
610,13:05:42,28.87,0.01,1,2887,中性盘
611,13:05:32,28.86,--,2,5772,卖盘
612,13:05:07,28.86,--,4,11544,卖盘
613,13:05:02,28.86,--,41,118326,卖盘
614,13:04:52,28.86,-0.01,50,144300,卖盘
615,13:04:47,28.87,--,6,17322,卖盘
616,13:03:47,28.87,--,19,54853,卖盘
617,13:03:37,28.87,-0.02,1,2887,卖盘
618,13:03:32,28.89,--,3,8667,卖盘
619,13:03:17,28.89,--,5,14445,卖盘
620,13:03:02,28.89,--,4,11556,卖盘
621,13:02:37,28.89,--,7,20223,卖盘
622,13:02:21,28.89,--,10,28890,卖盘
623,13:01:51,28.89,--,7,20223,卖盘
624,13:01:22,28.89,--,5,14445,卖盘
625,13:01:16,28.89,--,4,11556,卖盘
626,13:01:11,28.89,--,4,11556,卖盘
627,13:01:07,28.89,--,10,28890,卖盘
628,13:00:31,28.89,--,2,5778,卖盘
629,13:00:06,28.89,-0.01,40,115560,卖盘
630,13:00:01,28.9,--,20,57800,卖盘
631,11:30:00,28.9,--,0,0,卖盘
632,11:29:59,28.9,--,0,0,卖盘
633,11:29:36,28.9,--,6,17340,卖盘
634,11:28:42,28.9,--,14,40460,买盘
635,11:28:36,28.9,--,10,28900,买盘
636,11:28:21,28.9,-0.02,1,2890,卖盘
637,11:28:12,28.92,--,3,8676,买盘
638,11:28:06,28.92,0.02,1,2892,买盘
639,11:28:02,28.9,--,6,17340,卖盘
640,11:27:57,28.9,-0.02,1,2890,卖盘
641,11:27:51,28.92,--,17,49164,买盘
642,11:27:47,28.92,0.03,10,28920,买盘
643,11:27:42,28.89,--,0,0,卖盘
644,11:27:36,28.89,-0.03,2,5778,卖盘
645,11:27:27,28.92,--,3,8676,买盘
646,11:27:21,28.92,--,9,26028,买盘
647,11:27:06,28.92,0.03,8,23136,买盘
648,11:26:51,28.89,-0.02,7,20223,卖盘
649,11:26:32,28.91,-0.01,3,8673,买盘
650,11:26:21,28.92,0.01,10,28920,买盘
651,11:26:06,28.91,--,0,0,买盘
652,11:26:02,28.91,--,2,5782,买盘
653,11:25:57,28.91,--,1,2891,买盘
654,11:25:51,28.91,--,0,1272,卖盘
655,11:25:36,28.91,-0.01,6,17346,卖盘
656,11:25:32,28.92,0.01,10,28920,买盘
657,11:25:21,28.91,--,3,10291,买盘
658,11:25:02,28.91,--,2,7054,卖盘
659,11:24:51,28.91,0.02,42,123040,买盘
660,11:24:31,28.89,-0.01,7,20223,卖盘
661,11:24:27,28.9,--,2,5780,买盘
662,11:24:21,28.9,0.01,3,8670,买盘
663,11:24:16,28.89,--,1,2889,卖盘
664,11:23:41,28.89,-0.01,1,2889,卖盘
665,11:23:36,28.9,--,27,78030,买盘
666,11:23:31,28.9,0.03,5,14450,买盘
667,11:23:21,28.87,-0.03,6,17322,卖盘
668,11:23:02,28.9,--,0,0,买盘
669,11:22:51,28.9,0.04,19,54910,买盘
670,11:22:47,28.86,0.01,7,20202,买盘
671,11:22:36,28.85,-0.01,2,5770,卖盘
672,11:22:32,28.86,-0.03,6,17316,卖盘
673,11:22:15,28.89,0.04,13,37557,买盘
674,11:22:06,28.85,--,0,0,卖盘
675,11:22:00,28.85,--,8,23080,卖盘
676,11:21:26,28.85,--,15,43275,卖盘
677,11:21:06,28.85,-0.04,24,69240,卖盘
678,11:20:51,28.89,--,0,0,买盘
679,11:20:41,28.89,0.04,10,28890,买盘
680,11:20:36,28.85,--,0,0,卖盘
681,11:20:15,28.85,--,7,20195,卖盘
682,11:20:00,28.85,--,6,17310,卖盘
683,11:19:51,28.85,--,33,95205,卖盘
684,11:19:30,28.85,-0.04,8,23080,卖盘
685,11:19:26,28.89,0.04,5,14445,买盘
686,11:19:00,28.85,-0.05,7,20195,卖盘
687,11:18:45,28.9,0.03,10,28900,买盘
688,11:18:36,28.87,0.02,2,5774,卖盘
689,11:18:00,28.85,--,0,0,卖盘
690,11:17:55,28.85,-0.05,14,40390,卖盘
691,11:17:51,28.9,0.03,6,17340,买盘
692,11:17:40,28.87,-0.03,4,11548,卖盘
693,11:17:25,28.9,0.04,2,5780,买盘
694,11:17:15,28.86,--,0,0,卖盘
695,11:17:11,28.86,--,8,23088,卖盘
696,11:17:05,28.86,--,0,0,卖盘
697,11:16:55,28.86,-0.01,7,20202,卖盘
698,11:16:45,28.87,--,7,20209,买盘
699,11:16:30,28.87,0.01,11,31757,买盘
700,11:16:20,28.86,-0.01,8,23088,卖盘
701,11:16:15,28.87,--,7,20209,买盘
702,11:16:10,28.87,--,5,14435,买盘
703,11:16:00,28.87,0.01,1,2887,买盘
704,11:15:55,28.86,-0.01,3,8658,卖盘
705,11:15:50,28.87,--,5,14435,买盘
706,11:15:45,28.87,--,14,40418,卖盘
707,11:14:56,28.87,-0.03,2,5774,卖盘
708,11:14:30,28.9,--,2,5780,买盘
709,11:14:24,28.9,--,200,578000,买盘
710,11:14:20,28.9,--,5,14450,买盘
711,11:14:15,28.9,--,30,86700,买盘
712,11:14:09,28.9,--,2,5780,买盘
713,11:14:05,28.9,--,6,17340,买盘
714,11:13:54,28.9,--,4,11560,买盘
715,11:13:39,28.9,0.01,230,664700,买盘
716,11:13:30,28.89,--,10,28890,买盘
717,11:13:24,28.89,0.02,89,257121,买盘
718,11:13:20,28.87,-0.02,6,17322,卖盘
719,11:13:05,28.89,--,1,2889,买盘
720,11:13:00,28.89,0.01,26,75114,买盘
721,11:12:54,28.88,-0.01,10,28880,卖盘
722,11:12:50,28.89,--,0,0,买盘
723,11:12:39,28.89,0.02,50,144450,买盘
724,11:12:24,28.87,--,92,265604,卖盘
725,11:12:15,28.87,--,17,49079,卖盘
726,11:12:00,28.87,--,1,2887,卖盘
727,11:11:54,28.87,0.02,1,2887,卖盘
728,11:11:24,28.85,--,0,0,卖盘
729,11:11:15,28.85,--,0,0,卖盘
730,11:11:05,28.85,--,9,25965,卖盘
731,11:10:45,28.85,-0.01,20,57700,卖盘
732,11:10:39,28.86,0.01,4,11544,买盘
733,11:09:45,28.85,--,9,25965,卖盘
734,11:09:19,28.85,-0.01,1,2885,卖盘
735,11:09:15,28.86,0.01,1,2886,买盘
736,11:08:54,28.85,-0.01,8,23080,卖盘
737,11:08:24,28.86,--,5,14430,买盘
738,11:08:09,28.86,0.01,1,2886,买盘
739,11:08:04,28.85,-0.01,17,49045,卖盘
740,11:07:59,28.86,-0.03,10,28860,卖盘
741,11:07:39,28.89,0.03,15,43335,买盘
742,11:07:34,28.86,--,2,5772,卖盘
743,11:07:19,28.86,-0.03,8,23088,卖盘
744,11:07:09,28.89,--,2,5778,买盘
745,11:07:04,28.89,--,1,2889,买盘
746,11:06:48,28.89,--,9,26001,买盘
747,11:06:44,28.89,--,30,86670,买盘
748,11:06:29,28.89,-0.01,5,14445,卖盘
749,11:06:24,28.9,0.01,27,78030,买盘
750,11:05:33,28.89,0.03,21,60669,买盘
751,11:05:18,28.86,0.01,6,17316,卖盘
752,11:05:09,28.85,--,0,0,卖盘
753,11:04:44,28.85,0.03,109,316282,买盘
754,11:04:39,28.82,--,0,0,买盘
755,11:04:24,28.82,0.01,10,28820,买盘
756,11:04:14,28.81,--,1,2881,卖盘
757,11:03:59,28.81,--,1,2881,卖盘
758,11:03:54,28.81,--,7,20167,卖盘
759,11:03:48,28.81,--,1,2881,卖盘
760,11:03:39,28.81,--,5,14405,卖盘
761,11:03:29,28.81,0.01,4,11524,买盘
762,11:03:24,28.8,--,9,25920,卖盘
763,11:03:18,28.8,--,51,146880,卖盘
764,11:03:09,28.8,-0.01,3,8640,卖盘
765,11:02:59,28.81,--,4,11524,买盘
766,11:02:48,28.81,--,3,8643,买盘
767,11:02:44,28.81,--,10,28810,买盘
768,11:02:39,28.81,--,35,100835,卖盘
769,11:02:14,28.81,--,25,72025,卖盘
770,11:02:08,28.81,--,22,63382,卖盘
771,11:02:03,28.81,--,1,2881,卖盘
772,11:01:59,28.81,0.01,18,51858,买盘
773,11:01:54,28.8,-0.01,10,28800,卖盘
774,11:01:48,28.81,--,11,31691,买盘
775,11:01:43,28.81,--,1,2881,买盘
776,11:01:39,28.81,0.01,5,14405,买盘
777,11:01:33,28.8,--,3,8640,卖盘
778,11:01:29,28.8,-0.01,11,31680,卖盘
779,11:01:13,28.81,--,18,51858,卖盘
780,11:01:09,28.81,-0.01,1,2881,卖盘
781,11:01:03,28.82,0.01,19,54758,买盘
782,11:00:58,28.81,--,2,5762,卖盘
783,11:00:48,28.81,-0.01,7,20167,卖盘
784,11:00:38,28.82,--,11,31702,卖盘
785,11:00:33,28.82,--,0,0,卖盘
786,11:00:28,28.82,--,0,0,卖盘
787,11:00:23,28.82,--,2,5764,卖盘
788,11:00:18,28.82,-0.02,61,175802,卖盘
789,11:00:13,28.84,--,5,14420,卖盘
790,11:00:08,28.84,--,2,5768,卖盘
791,11:00:03,28.84,--,7,20188,卖盘
792,10:59:48,28.84,--,2,5768,买盘
793,10:59:33,28.84,--,23,66332,买盘
794,10:59:27,28.84,0.01,1,2884,买盘
795,10:59:18,28.83,-0.03,14,40362,卖盘
796,10:59:08,28.86,--,1,2886,卖盘
797,10:59:03,28.86,--,72,207792,卖盘
798,10:58:57,28.86,--,65,187590,卖盘
799,10:58:42,28.86,--,27,77922,卖盘
800,10:58:33,28.86,--,0,0,卖盘
801,10:58:27,28.86,--,4,11544,卖盘
802,10:58:23,28.86,-0.04,3,8658,卖盘
803,10:58:18,28.9,0.04,10,28900,买盘
804,10:58:03,28.86,-0.04,20,57720,卖盘
805,10:57:57,28.9,--,10,28900,买盘
806,10:57:42,28.9,--,4,11560,买盘
807,10:57:33,28.9,--,2,5780,买盘
808,10:57:12,28.9,0.03,9,26010,买盘
809,10:57:03,28.87,-0.02,3,8661,卖盘
810,10:56:57,28.89,--,0,0,中性盘
811,10:56:48,28.89,0.02,8,23112,买盘
812,10:56:33,28.87,-0.02,11,31757,卖盘
813,10:55:53,28.89,--,27,78003,买盘
814,10:55:42,28.89,--,20,57780,买盘
815,10:55:38,28.89,--,1,2889,买盘
816,10:55:02,28.89,0.02,1,2889,买盘
817,10:54:53,28.87,--,3,8661,卖盘
818,10:54:42,28.87,0.01,3,8661,卖盘
819,10:54:38,28.86,--,0,0,卖盘
820,10:54:32,28.86,--,1,2886,卖盘
821,10:54:27,28.86,--,13,37518,卖盘
822,10:54:17,28.86,--,3,8658,卖盘
823,10:53:42,28.86,--,5,14430,卖盘
824,10:53:37,28.86,--,8,23088,买盘
825,10:53:23,28.86,0.03,1,2886,买盘
826,10:52:57,28.83,--,2,5766,卖盘
827,10:52:47,28.83,--,12,34596,卖盘
828,10:52:12,28.83,-0.01,20,57660,卖盘
829,10:52:06,28.84,0.02,5,14420,卖盘
830,10:51:57,28.82,--,0,0,卖盘
831,10:51:36,28.82,-0.01,5,14410,卖盘
832,10:51:32,28.83,0.01,1,2883,买盘
833,10:51:27,28.82,-0.01,4,11528,卖盘
834,10:51:21,28.83,--,6,17298,买盘
835,10:50:51,28.83,--,7,20181,买盘
836,10:50:16,28.83,-0.03,2,5766,卖盘
837,10:50:06,28.86,--,1,2886,买盘
838,10:50:01,28.86,--,3,8658,买盘
839,10:49:51,28.86,--,0,0,买盘
840,10:49:42,28.86,0.04,50,144300,买盘
841,10:49:36,28.82,--,2,5764,卖盘
842,10:49:32,28.82,--,1,2882,卖盘
843,10:49:27,28.82,0.01,13,37466,卖盘
844,10:49:21,28.81,--,0,0,卖盘
845,10:49:06,28.81,--,9,25929,卖盘
846,10:48:42,28.81,-0.05,2,5762,卖盘
847,10:48:36,28.86,--,14,40404,买盘
848,10:48:32,28.86,0.05,5,14430,买盘
849,10:48:21,28.81,-0.01,25,72025,卖盘
850,10:48:17,28.82,--,2,5764,卖盘
851,10:48:12,28.82,-0.04,6,17292,卖盘
852,10:48:02,28.86,--,1,2886,卖盘
853,10:47:51,28.86,0.04,9,25974,买盘
854,10:47:47,28.82,-0.04,3,8646,卖盘
855,10:47:41,28.86,--,0,0,买盘
856,10:47:26,28.86,-0.04,1,2886,卖盘
857,10:47:21,28.9,0.04,31,89590,买盘
858,10:47:12,28.86,-0.05,6,17316,卖盘
859,10:47:06,28.91,0.1,7,20237,买盘
860,10:46:56,28.81,-0.02,20,57620,卖盘
861,10:46:51,28.83,-0.07,78,224874,卖盘
862,10:46:47,28.9,-0.01,10,28900,卖盘
863,10:46:41,28.91,-0.01,4,11564,卖盘
864,10:46:31,28.92,--,7,20244,买盘
865,10:46:26,28.92,0.01,1,2892,买盘
866,10:46:21,28.91,--,1,2891,卖盘
867,10:46:11,28.91,--,2,5782,买盘
868,10:46:06,28.91,--,2,5782,卖盘
869,10:45:36,28.91,--,1,2891,卖盘
870,10:45:31,28.91,--,5,14455,卖盘
871,10:45:21,28.91,-0.01,14,40474,卖盘
872,10:45:16,28.92,0.01,20,57840,买盘
873,10:45:01,28.91,0.01,17,49147,买盘
874,10:44:30,28.9,--,15,43350,卖盘
875,10:44:26,28.9,0.03,73,210970,买盘
876,10:44:21,28.87,--,9,25983,卖盘
877,10:44:15,28.87,--,4,11548,卖盘
878,10:44:06,28.87,0.04,9,25983,买盘
879,10:44:00,28.83,-0.02,10,28830,卖盘
880,10:43:45,28.85,--,0,0,买盘
881,10:43:41,28.85,0.01,3,8655,买盘
882,10:43:36,28.84,--,3,8652,卖盘
883,10:43:30,28.84,--,12,34608,卖盘
884,10:43:21,28.84,--,0,0,卖盘
885,10:43:10,28.84,--,0,0,卖盘
886,10:43:00,28.84,0.01,3,8652,中性盘
887,10:42:45,28.83,-0.04,13,37479,卖盘
888,10:42:40,28.87,--,0,0,中性盘
889,10:42:36,28.87,--,5,14435,买盘
890,10:42:30,28.87,--,14,40418,卖盘
891,10:42:25,28.87,--,9,25983,卖盘
892,10:42:21,28.87,0.05,7,20209,买盘
893,10:42:15,28.82,-0.05,13,37466,卖盘
894,10:42:10,28.87,--,0,0,买盘
895,10:42:06,28.87,--,0,0,买盘
896,10:41:51,28.87,--,5,14435,中性盘
897,10:41:45,28.87,--,0,0,买盘
898,10:41:36,28.87,0.02,3,8661,买盘
899,10:41:25,28.85,--,0,0,中性盘
900,10:41:21,28.85,--,0,0,中性盘
901,10:41:15,28.85,0.04,50,144250,买盘
902,10:41:06,28.81,--,0,0,卖盘
903,10:40:40,28.81,0.01,1,2881,卖盘
904,10:40:36,28.8,--,10,28800,卖盘
905,10:40:25,28.8,--,0,0,卖盘
906,10:40:21,28.8,--,10,28800,卖盘
907,10:40:15,28.8,--,0,0,卖盘
908,10:40:00,28.8,-0.05,100,288000,卖盘
909,10:39:55,28.85,-0.02,2,5770,卖盘
910,10:39:50,28.87,0.02,3,8661,卖盘
911,10:39:40,28.85,--,12,34620,卖盘
912,10:39:35,28.85,--,10,28850,卖盘
913,10:39:30,28.85,--,23,66355,买盘
914,10:39:25,28.85,-0.01,5,14425,卖盘
915,10:39:20,28.86,0.01,15,43290,买盘
916,10:39:15,28.85,-0.02,2,5770,卖盘
917,10:39:05,28.87,--,1,2887,买盘
918,10:39:00,28.87,-0.01,3,8661,卖盘
919,10:38:40,28.88,-0.01,6,17328,卖盘
920,10:38:30,28.89,--,16,46224,买盘
921,10:38:20,28.89,-0.02,1,2889,卖盘
922,10:38:15,28.91,--,0,0,买盘
923,10:38:10,28.91,0.01,22,63602,买盘
924,10:38:05,28.9,-0.01,3,8670,卖盘
925,10:38:00,28.91,--,2,5782,买盘
926,10:37:55,28.91,0.02,2,5782,买盘
927,10:37:50,28.89,-0.02,200,577800,卖盘
928,10:37:45,28.91,--,13,37583,买盘
929,10:37:40,28.91,0.01,1,2891,买盘
930,10:37:30,28.9,--,27,78030,买盘
931,10:37:25,28.9,--,7,20230,卖盘
932,10:37:15,28.9,--,3,8670,买盘
933,10:37:10,28.9,--,18,52020,卖盘
934,10:37:05,28.9,--,5,14450,卖盘
935,10:37:00,28.9,--,15,43350,卖盘
936,10:36:55,28.9,-0.01,7,20230,卖盘
937,10:36:45,28.91,0.01,5,14455,买盘
938,10:36:40,28.9,-0.01,5,14450,卖盘
939,10:36:30,28.91,--,10,28910,买盘
940,10:36:24,28.91,0.01,5,14455,买盘
941,10:36:15,28.9,-0.03,19,54910,卖盘
942,10:36:05,28.93,0.02,1,2893,买盘
943,10:35:54,28.91,0.01,10,28910,买盘
944,10:35:50,28.9,0.01,27,78030,买盘
945,10:35:39,28.89,0.01,5,14445,买盘
946,10:35:30,28.88,0.04,10,28880,买盘
947,10:35:14,28.84,--,0,0,卖盘
948,10:35:09,28.84,--,0,0,卖盘
949,10:35:04,28.84,--,5,14420,买盘
950,10:34:54,28.84,0.01,1,2884,买盘
951,10:34:45,28.83,--,2,5766,卖盘
952,10:34:39,28.83,--,0,2162,买盘
953,10:34:34,28.83,--,0,0,买盘
954,10:34:30,28.83,0.02,13,37479,买盘
955,10:34:24,28.81,--,12,34572,卖盘
956,10:34:15,28.81,--,20,57620,卖盘
957,10:34:09,28.81,-0.02,21,60501,卖盘
958,10:34:04,28.83,--,11,31712,买盘
959,10:34:00,28.83,--,4,11532,买盘
960,10:33:54,28.83,--,50,144150,买盘
961,10:33:45,28.83,0.02,24,69192,买盘
962,10:33:30,28.81,--,2,5762,买盘
963,10:33:24,28.81,--,8,23048,买盘
964,10:33:19,28.81,--,5,14405,买盘
965,10:33:15,28.81,0.01,1,2881,买盘
966,10:33:09,28.8,--,22,63360,卖盘
967,10:33:00,28.8,--,0,0,卖盘
968,10:32:54,28.8,--,11,31680,买盘
969,10:32:49,28.8,0.01,15,43200,买盘
970,10:32:44,28.79,--,2,5758,卖盘
971,10:32:29,28.79,0.01,2,6852,买盘
972,10:32:24,28.78,-0.01,6,17268,卖盘
973,10:32:04,28.79,-0.01,13,39211,卖盘
974,10:31:54,28.8,--,3,8640,卖盘
975,10:31:39,28.8,-0.01,2,5760,卖盘
976,10:31:34,28.81,--,0,0,中性盘
977,10:31:29,28.81,-0.02,4,11524,卖盘
978,10:31:24,28.83,-0.01,10,28830,卖盘
979,10:31:09,28.84,--,0,0,中性盘
980,10:31:04,28.84,--,3,8652,买盘
981,10:30:54,28.84,--,3,8652,买盘
982,10:30:49,28.84,0.04,3,8652,买盘
983,10:30:44,28.8,--,0,0,卖盘
984,10:30:39,28.8,--,0,0,卖盘
985,10:30:34,28.8,--,0,0,卖盘
986,10:30:29,28.8,--,0,0,卖盘
987,10:30:19,28.8,-0.05,118,339840,卖盘
988,10:30:14,28.85,--,5,14425,卖盘
989,10:30:09,28.85,0.03,6,17310,买盘
990,10:29:49,28.82,-0.03,1,2882,卖盘
991,10:29:39,28.85,0.03,2,5770,买盘
992,10:29:29,28.82,--,2,5764,买盘
993,10:29:24,28.82,--,5,14410,买盘
994,10:29:19,28.82,--,5,14410,买盘
995,10:29:09,28.82,0.01,1,2882,买盘
996,10:29:04,28.81,--,10,28810,卖盘
997,10:28:39,28.81,--,25,72025,买盘
998,10:28:34,28.81,0.01,1,2881,买盘
999,10:28:24,28.8,--,2,5760,卖盘
1000,10:28:02,28.8,0.01,1,2880,买盘
1001,10:27:54,28.79,-0.01,89,256231,卖盘
1002,10:27:48,28.8,--,9,25920,卖盘
1003,10:27:44,28.8,-0.01,5,14400,卖盘
1004,10:27:39,28.81,--,23,66263,买盘
1005,10:27:24,28.81,-0.01,2,5762,卖盘
1006,10:27:18,28.82,--,2,5764,卖盘
1007,10:27:14,28.82,-0.03,20,57640,卖盘
1008,10:27:09,28.85,0.02,21,60585,买盘
1009,10:26:58,28.83,0.01,6,17298,买盘
1010,10:26:54,28.82,0.02,2,5764,买盘
1011,10:26:48,28.8,0.01,29,83520,买盘
1012,10:26:39,28.79,-0.01,17,48943,卖盘
1013,10:26:33,28.8,0.01,1,2995,买盘
1014,10:26:24,28.79,--,3,8637,卖盘
1015,10:26:18,28.79,--,5,15373,买盘
1016,10:26:09,28.79,--,2,5758,买盘
1017,10:26:03,28.79,0.03,1,2879,买盘
1018,10:25:58,28.76,-0.03,32,92032,卖盘
1019,10:25:54,28.79,--,9,25911,买盘
1020,10:25:48,28.79,-0.01,19,56601,卖盘
1021,10:25:39,28.8,--,5,14400,买盘
1022,10:25:33,28.8,0.01,18,51840,买盘
1023,10:25:28,28.79,-0.01,0,978,卖盘
1024,10:25:23,28.8,0.04,17,48960,买盘
1025,10:25:18,28.76,0.01,17,48892,买盘
1026,10:25:13,28.75,0.01,2,6698,买盘
1027,10:25:09,28.74,--,21,60354,卖盘
1028,10:25:03,28.74,-0.01,8,22992,卖盘
1029,10:24:58,28.75,0.04,20,57500,买盘
1030,10:24:53,28.71,-0.01,99,284229,卖盘
1031,10:24:48,28.72,-0.01,38,109136,卖盘
1032,10:24:43,28.73,0.01,22,63206,卖盘
1033,10:24:33,28.72,-0.01,1,2872,卖盘
1034,10:24:28,28.73,--,8,22984,买盘
1035,10:24:23,28.73,--,4,11492,买盘
1036,10:24:18,28.73,--,56,160888,买盘
1037,10:24:13,28.73,--,13,37349,买盘
1038,10:24:08,28.73,--,1,2873,买盘
1039,10:24:03,28.73,--,10,28730,卖盘
1040,10:23:58,28.73,-0.01,5,14365,卖盘
1041,10:23:53,28.74,0.01,3,8622,买盘
1042,10:23:48,28.73,-0.01,6,17238,卖盘
1043,10:23:43,28.74,--,33,94842,卖盘
1044,10:23:38,28.74,-0.01,22,63228,卖盘
1045,10:23:33,28.75,-0.04,362,1042676,卖盘
1046,10:23:28,28.79,0.03,3,8637,卖盘
1047,10:23:23,28.76,--,0,0,卖盘
1048,10:23:18,28.76,-0.03,67,192692,卖盘
1049,10:23:13,28.79,--,22,64288,买盘
1050,10:23:08,28.79,0.02,5,14395,买盘
1051,10:23:03,28.77,--,16,46032,卖盘
1052,10:22:58,28.77,-0.01,64,184128,卖盘
1053,10:22:53,28.78,0.01,1,2878,买盘
1054,10:22:48,28.77,--,12,34524,卖盘
1055,10:22:43,28.77,-0.02,34,97818,卖盘
1056,10:22:38,28.79,0.02,29,83491,买盘
1057,10:22:33,28.77,-0.02,11,31647,卖盘
1058,10:22:28,28.79,0.01,3,8637,买盘
1059,10:22:23,28.78,-0.01,20,57560,卖盘
1060,10:22:18,28.79,0.01,5,14395,买盘
1061,10:22:13,28.78,--,21,60438,卖盘
1062,10:22:08,28.78,--,3,8634,卖盘
1063,10:22:03,28.78,--,3,8634,卖盘
1064,10:21:53,28.78,0.01,9,25902,卖盘
1065,10:21:48,28.77,--,14,40278,卖盘
1066,10:21:43,28.77,--,2,5754,卖盘
1067,10:21:38,28.77,-0.01,3,8631,卖盘
1068,10:21:28,28.78,0.01,6,17268,买盘
1069,10:21:23,28.77,-0.01,64,184128,卖盘
1070,10:21:18,28.78,-0.01,43,123754,卖盘
1071,10:21:13,28.79,--,26,74854,买盘
1072,10:21:08,28.79,--,23,66217,买盘
1073,10:20:53,28.79,--,16,46064,卖盘
1074,10:20:48,28.79,-0.01,5,14395,卖盘
1075,10:20:33,28.8,-0.01,192,555724,卖盘
1076,10:20:27,28.81,-0.01,4,11524,卖盘
1077,10:20:23,28.82,--,1,2882,买盘
1078,10:20:18,28.82,0.01,9,25938,买盘
1079,10:20:12,28.81,-0.01,17,48977,卖盘
1080,10:20:08,28.82,0.01,10,28820,买盘
1081,10:20:03,28.81,-0.01,2,5762,卖盘
1082,10:19:57,28.82,--,1,2882,买盘
1083,10:19:53,28.82,--,10,28820,买盘
1084,10:19:42,28.82,--,18,51876,买盘
1085,10:19:38,28.82,-0.01,4,11528,卖盘
1086,10:19:33,28.83,0.01,86,247937,买盘
1087,10:19:27,28.82,--,1,2882,卖盘
1088,10:19:22,28.82,0.01,3,8646,买盘
1089,10:19:18,28.81,0.01,13,37453,中性盘
1090,10:19:12,28.8,--,8,23040,卖盘
1091,10:18:57,28.8,--,57,164275,买盘
1092,10:18:52,28.8,0.02,20,57600,买盘
1093,10:18:47,28.78,-0.02,8,23024,卖盘
1094,10:18:42,28.8,--,103,296640,买盘
1095,10:18:37,28.8,--,55,158400,买盘
1096,10:18:32,28.8,0.03,10,28800,买盘
1097,10:18:27,28.77,-0.01,18,51786,卖盘
1098,10:18:22,28.78,0.01,18,51804,买盘
1099,10:18:17,28.77,-0.03,8,23016,卖盘
1100,10:18:12,28.8,0.03,7,20160,买盘
1101,10:18:07,28.77,-0.01,20,57540,卖盘
1102,10:18:02,28.78,--,12,34536,中性盘
1103,10:17:57,28.78,--,31,89218,卖盘
1104,10:17:52,28.78,-0.02,113,325214,卖盘
1105,10:17:42,28.8,0.04,5,14400,买盘
1106,10:17:37,28.76,--,2,5752,卖盘
1107,10:17:27,28.76,--,0,0,卖盘
1108,10:17:22,28.76,-0.04,41,117916,卖盘
1109,10:17:17,28.8,0.05,16,46080,买盘
1110,10:17:12,28.75,--,148,425500,卖盘
1111,10:17:07,28.75,-0.05,27,77625,卖盘
1112,10:17:02,28.8,0.04,36,103680,买盘
1113,10:16:57,28.76,-0.04,80,230080,卖盘
1114,10:16:52,28.8,-0.02,318,916819,卖盘
1115,10:16:47,28.82,-0.01,20,59542,卖盘
1116,10:16:42,28.83,0.01,52,149916,买盘
1117,10:16:37,28.82,-0.01,37,106634,卖盘
1118,10:16:32,28.83,-0.01,7,20181,卖盘
1119,10:16:26,28.84,0.01,8,23072,买盘
1120,10:16:22,28.83,-0.03,15,43245,卖盘
1121,10:16:12,28.86,0.01,31,89466,买盘
1122,10:16:07,28.85,--,122,351970,卖盘
1123,10:16:02,28.85,-0.02,50,144250,卖盘
1124,10:15:57,28.87,--,4,11548,买盘
1125,10:15:52,28.87,--,3,8661,买盘
1126,10:15:47,28.87,-0.01,43,124141,卖盘
1127,10:15:37,28.88,--,4,11552,买盘
1128,10:15:32,28.88,--,38,110725,卖盘
1129,10:15:26,28.88,--,38,109744,卖盘
1130,10:15:22,28.88,-0.01,18,51984,卖盘
1131,10:15:17,28.89,-0.03,2,5778,卖盘
1132,10:15:12,28.92,0.03,28,80976,买盘
1133,10:15:07,28.89,-0.01,62,179118,卖盘
1134,10:15:02,28.9,--,81,234090,卖盘
1135,10:14:57,28.9,--,27,78030,卖盘
1136,10:14:52,28.9,-0.02,23,66470,卖盘
1137,10:14:47,28.92,0.01,15,43380,买盘
1138,10:14:41,28.91,-0.01,1,2891,卖盘
1139,10:14:37,28.92,--,43,124356,卖盘
1140,10:14:22,28.92,--,2,5784,卖盘
1141,10:14:17,28.92,--,2,5784,卖盘
1142,10:14:12,28.92,-0.01,15,43380,卖盘
1143,10:14:07,28.93,--,8,23144,卖盘
1144,10:14:02,28.93,--,15,43395,卖盘
1145,10:13:57,28.93,--,1,2893,卖盘
1146,10:13:52,28.93,-0.01,3,8679,卖盘
1147,10:13:42,28.94,--,2,5788,买盘
1148,10:13:37,28.94,--,4,11576,买盘
1149,10:13:32,28.94,--,7,20258,卖盘
1150,10:13:26,28.94,--,1,2894,卖盘
1151,10:13:11,28.94,--,15,43410,买盘
1152,10:13:06,28.94,--,15,43410,买盘
1153,10:12:57,28.94,0.01,1,2894,买盘
1154,10:12:51,28.93,--,21,60753,卖盘
1155,10:12:42,28.93,--,10,28930,卖盘
1156,10:12:32,28.93,--,17,49181,买盘
1157,10:12:27,28.93,--,59,170687,买盘
1158,10:12:17,28.93,--,4,11572,买盘
1159,10:12:11,28.93,0.01,17,49181,买盘
1160,10:12:05,28.92,-0.01,1,2892,卖盘
1161,10:11:47,28.93,0.01,5,14465,买盘
1162,10:11:36,28.92,-0.02,52,150384,卖盘
1163,10:11:31,28.94,--,2,5788,买盘
1164,10:11:26,28.94,--,3,8682,买盘
1165,10:11:16,28.94,--,2,5788,买盘
1166,10:11:01,28.94,0.01,4,11576,买盘
1167,10:10:56,28.93,-0.01,3,8679,卖盘
1168,10:10:35,28.94,-0.01,15,43410,买盘
1169,10:10:31,28.95,--,0,0,买盘
1170,10:10:26,28.95,0.01,5,14475,买盘
1171,10:10:21,28.94,-0.01,1,2894,卖盘
1172,10:10:06,28.95,--,6,17370,买盘
1173,10:10:01,28.95,--,11,31845,买盘
1174,10:09:56,28.95,-0.01,20,57900,卖盘
1175,10:09:51,28.96,--,0,0,买盘
1176,10:09:46,28.96,--,20,57920,买盘
1177,10:09:35,28.96,--,0,0,买盘
1178,10:09:31,28.96,0.01,10,28960,买盘
1179,10:09:26,28.95,0.03,11,31845,买盘
1180,10:09:16,28.92,--,0,0,卖盘
1181,10:09:05,28.92,--,0,0,卖盘
1182,10:09:01,28.92,--,7,20244,卖盘
1183,10:08:56,28.92,-0.04,58,167736,卖盘
1184,10:08:51,28.96,0.04,7,20272,买盘
1185,10:08:41,28.92,0.02,1,2892,买盘
1186,10:08:31,28.9,--,20,57800,卖盘
1187,10:08:25,28.9,0.02,10,28900,买盘
1188,10:08:21,28.88,-0.01,84,244498,卖盘
1189,10:08:16,28.89,0.01,5,14445,买盘
1190,10:08:06,28.88,-0.01,105,303240,卖盘
1191,10:08:01,28.89,-0.01,121,351273,卖盘
1192,10:07:55,28.9,--,15,43350,买盘
1193,10:07:50,28.9,--,22,63580,买盘
1194,10:07:46,28.9,--,1,2890,买盘
1195,10:07:40,28.9,--,46,132940,卖盘
1196,10:07:35,28.9,0.01,42,121380,买盘
1197,10:07:31,28.89,--,8,23112,卖盘
1198,10:07:25,28.89,--,28,80892,卖盘
1199,10:07:21,28.89,-0.01,15,44519,卖盘
1200,10:07:16,28.9,0.02,80,231200,买盘
1201,10:07:11,28.88,-0.01,4,11552,卖盘
1202,10:07:06,28.89,--,5,14445,买盘
1203,10:06:55,28.89,0.02,10,28890,买盘
1204,10:06:51,28.87,--,18,51966,卖盘
1205,10:06:46,28.87,-0.01,19,54853,卖盘
1206,10:06:41,28.88,--,65,187720,买盘
1207,10:06:36,28.88,0.02,15,43320,买盘
1208,10:06:31,28.86,-0.01,2,5772,卖盘
1209,10:06:21,28.87,0.02,8,23096,买盘
1210,10:06:16,28.85,-0.01,17,49045,卖盘
1211,10:06:10,28.86,--,52,150072,卖盘
1212,10:06:05,28.86,-0.02,8,23088,卖盘
1213,10:06:01,28.88,--,2,5776,买盘
1214,10:05:55,28.88,0.01,6,17328,买盘
1215,10:05:51,28.87,-0.01,13,37531,卖盘
1216,10:05:46,28.88,--,12,34656,买盘
1217,10:05:40,28.88,--,11,31768,买盘
1218,10:05:36,28.88,-0.01,53,153064,卖盘
1219,10:05:31,28.89,-0.01,5,14445,中性盘
1220,10:05:25,28.9,--,10,28900,买盘
1221,10:05:20,28.9,--,11,31790,买盘
1222,10:05:16,28.9,--,3,8670,买盘
1223,10:05:10,28.9,--,1,2890,买盘
1224,10:05:05,28.9,-0.02,204,589560,卖盘
1225,10:05:01,28.92,--,0,0,卖盘
1226,10:04:55,28.92,-0.04,2,5784,卖盘
1227,10:04:46,28.96,0.01,17,49232,买盘
1228,10:04:40,28.95,0.04,2,5790,中性盘
1229,10:04:36,28.91,-0.05,135,390285,卖盘
1230,10:04:20,28.96,-0.01,45,130320,卖盘
1231,10:04:14,28.97,-0.01,8,23176,卖盘
1232,10:04:10,28.98,--,4,11592,买盘
1233,10:04:05,28.98,-0.01,132,382536,卖盘
1234,10:03:59,28.99,-0.01,3,8697,中性盘
1235,10:03:50,29.0,--,20,58000,买盘
1236,10:03:44,29.0,--,239,693100,卖盘
1237,10:03:35,29.0,-0.02,203,590875,卖盘
1238,10:03:29,29.02,0.01,2,5804,买盘
1239,10:03:25,29.01,--,7,21032,买盘
1240,10:03:20,29.01,--,9,28284,卖盘
1241,10:03:14,29.01,--,1,2901,卖盘
1242,10:03:10,29.01,--,34,98634,卖盘
1243,10:03:05,29.01,--,11,31911,卖盘
1244,10:02:59,29.01,--,61,176961,卖盘
1245,10:02:55,29.01,-0.01,10,29010,卖盘
1246,10:02:50,29.02,--,3,8706,买盘
1247,10:02:44,29.02,--,21,60942,买盘
1248,10:02:40,29.02,-0.01,23,66746,卖盘
1249,10:02:29,29.03,--,3,8709,卖盘
1250,10:02:25,29.03,--,4,11612,卖盘
1251,10:02:20,29.03,-0.01,4,11612,卖盘
1252,10:02:05,29.04,--,0,0,买盘
1253,10:01:35,29.04,0.02,6,17424,买盘
1254,10:01:29,29.02,-0.03,10,29020,卖盘
1255,10:01:25,29.05,--,140,406700,买盘
1256,10:01:20,29.05,--,5,14525,买盘
1257,10:01:10,29.05,--,5,14525,买盘
1258,10:01:04,29.05,0.01,30,87150,买盘
1259,10:00:59,29.04,--,7,20328,卖盘
1260,10:00:40,29.04,-0.01,3,8712,卖盘
1261,10:00:29,29.05,--,8,23240,买盘
1262,10:00:19,29.05,--,2,5810,买盘
1263,10:00:10,29.05,--,2,5810,买盘
1264,10:00:04,29.05,--,1,2905,买盘
1265,09:59:59,29.05,0.01,1,2905,买盘
1266,09:59:49,29.04,--,5,14520,卖盘
1267,09:59:40,29.04,--,44,127776,买盘
1268,09:59:25,29.04,--,16,46464,买盘
1269,09:59:14,29.04,-0.01,13,37752,中性盘
1270,09:59:10,29.05,0.01,4,11620,买盘
1271,09:58:59,29.04,--,6,19602,卖盘
1272,09:58:44,29.04,0.01,6,18150,买盘
1273,09:58:39,29.03,--,2,5806,卖盘
1274,09:58:19,29.03,-0.01,6,17418,卖盘
1275,09:58:09,29.04,-0.01,11,34122,卖盘
1276,09:58:04,29.05,0.01,1,2905,买盘
1277,09:57:59,29.04,-0.01,10,29040,卖盘
1278,09:57:44,29.05,0.01,3,8715,买盘
1279,09:57:29,29.04,-0.01,4,11616,卖盘
1280,09:57:25,29.05,0.01,3,8715,买盘
1281,09:57:19,29.04,-0.01,4,11616,卖盘
1282,09:57:14,29.05,0.01,17,49385,买盘
1283,09:56:59,29.04,--,18,52998,买盘
1284,09:56:44,29.04,--,10,31218,卖盘
1285,09:56:39,29.04,--,6,17424,卖盘
1286,09:56:34,29.04,--,12,34848,卖盘
1287,09:56:14,29.04,--,1,2904,卖盘
1288,09:55:53,29.04,--,21,60984,卖盘
1289,09:55:49,29.04,--,4,11616,卖盘
1290,09:55:44,29.04,--,26,75504,卖盘
1291,09:55:34,29.04,-0.01,1,2904,卖盘
1292,09:55:19,29.05,0.01,7,20335,买盘
1293,09:55:14,29.04,--,5,14520,卖盘
1294,09:55:08,29.04,-0.01,4,11616,卖盘
1295,09:54:49,29.05,0.01,10,29050,买盘
1296,09:54:34,29.04,-0.01,6,17424,卖盘
1297,09:54:29,29.05,0.01,3,8715,买盘
1298,09:54:23,29.04,--,5,14520,卖盘
1299,09:54:19,29.04,-0.01,4,11616,卖盘
1300,09:54:04,29.05,0.01,4,11620,买盘
1301,09:53:59,29.04,--,2,5808,卖盘
1302,09:53:53,29.04,--,1,2904,卖盘
1303,09:53:29,29.04,-0.01,5,14520,卖盘
1304,09:53:23,29.05,--,2,5810,买盘
1305,09:53:14,29.05,--,5,14525,买盘
1306,09:53:08,29.05,--,4,11620,买盘
1307,09:53:03,29.05,0.01,1,2905,买盘
1308,09:52:48,29.04,0.01,80,233046,买盘
1309,09:52:28,29.03,0.01,4,11612,买盘
1310,09:52:23,29.02,0.01,5,14510,卖盘
1311,09:52:18,29.01,-0.01,30,87030,卖盘
1312,09:52:08,29.02,--,1,2902,卖盘
1313,09:52:03,29.02,--,5,14510,买盘
1314,09:51:58,29.02,-0.01,3,8706,卖盘
1315,09:51:53,29.03,0.01,3,8709,买盘
1316,09:51:48,29.02,0.01,23,66746,卖盘
1317,09:51:38,29.01,-0.02,42,121842,卖盘
1318,09:51:33,29.03,--,17,49351,买盘
1319,09:51:23,29.03,0.01,20,58060,买盘
1320,09:51:18,29.02,--,3,8706,卖盘
1321,09:51:08,29.02,--,34,98668,卖盘
1322,09:51:03,29.02,--,17,49334,卖盘
1323,09:50:58,29.02,--,5,14510,卖盘
1324,09:50:53,29.02,--,5,14510,卖盘
1325,09:50:48,29.02,0.01,76,221277,买盘
1326,09:50:43,29.01,-0.01,9,26109,卖盘
1327,09:50:38,29.02,0.01,11,31922,买盘
1328,09:50:33,29.01,-0.01,26,75426,卖盘
1329,09:50:23,29.02,0.01,11,31922,买盘
1330,09:50:18,29.01,-0.01,49,142149,卖盘
1331,09:50:13,29.02,--,9,26118,卖盘
1332,09:50:08,29.02,-0.01,36,104472,卖盘
1333,09:50:03,29.03,--,1,2903,买盘
1334,09:49:53,29.03,0.01,16,46448,买盘
1335,09:49:48,29.02,--,20,58040,卖盘
1336,09:49:43,29.02,--,2,5804,卖盘
1337,09:49:38,29.02,--,11,31922,卖盘
1338,09:49:28,29.02,-0.01,3,8706,卖盘
1339,09:49:23,29.03,-0.01,79,231514,卖盘
1340,09:49:13,29.04,-0.01,19,57354,卖盘
1341,09:49:08,29.05,--,38,111842,卖盘
1342,09:49:03,29.05,--,10,29050,卖盘
1343,09:48:58,29.05,--,21,61005,卖盘
1344,09:48:53,29.05,--,20,58100,卖盘
1345,09:48:48,29.05,-0.02,20,58100,卖盘
1346,09:48:43,29.07,0.02,19,55233,买盘
1347,09:48:38,29.05,-0.04,60,174300,卖盘
1348,09:48:33,29.09,--,0,0,买盘
1349,09:48:28,29.09,--,73,212357,买盘
1350,09:48:23,29.09,0.02,1,2909,买盘
1351,09:48:18,29.07,--,35,101745,卖盘
1352,09:48:13,29.07,--,0,0,卖盘
1353,09:48:03,29.07,-0.02,44,127908,卖盘
1354,09:47:53,29.09,--,11,31999,卖盘
1355,09:47:48,29.09,--,1,2909,卖盘
1356,09:47:43,29.09,0.01,2,5818,买盘
1357,09:47:38,29.08,-0.01,5,14540,卖盘
1358,09:47:23,29.09,--,1,2909,买盘
1359,09:47:17,29.09,-0.01,15,43635,卖盘
1360,09:47:13,29.1,0.01,10,29100,买盘
1361,09:47:02,29.09,--,0,0,买盘
1362,09:46:57,29.09,0.02,10,29090,买盘
1363,09:46:47,29.07,--,12,34884,卖盘
1364,09:46:42,29.07,-0.01,0,697,卖盘
1365,09:46:38,29.08,--,10,29080,买盘
1366,09:46:32,29.08,0.01,18,52344,买盘
1367,09:46:27,29.07,--,0,726,卖盘
1368,09:46:17,29.07,--,14,41424,买盘
1369,09:46:12,29.07,--,1,3662,买盘
1370,09:46:02,29.07,0.01,2,5814,买盘
1371,09:45:57,29.06,--,0,726,卖盘
1372,09:45:52,29.06,-0.01,10,29060,卖盘
1373,09:45:47,29.07,--,3,8721,买盘
1374,09:45:42,29.07,--,2,5814,买盘
1375,09:45:37,29.07,--,2,5814,买盘
1376,09:45:32,29.07,--,1,2907,买盘
1377,09:45:22,29.07,--,2,7994,卖盘
1378,09:45:17,29.07,--,9,26163,卖盘
1379,09:45:12,29.07,0.01,1,3633,买盘
1380,09:45:02,29.06,-0.01,9,26154,卖盘
1381,09:44:57,29.07,--,1,2907,买盘
1382,09:44:52,29.07,--,122,356834,卖盘
1383,09:44:47,29.07,--,1,2907,卖盘
1384,09:44:42,29.07,--,5,15261,买盘
1385,09:44:37,29.07,--,18,52326,买盘
1386,09:44:17,29.07,0.01,6,17442,买盘
1387,09:44:12,29.06,--,20,58120,卖盘
1388,09:44:07,29.06,-0.01,1,2906,卖盘
1389,09:44:02,29.07,0.01,15,43605,买盘
1390,09:43:57,29.06,-0.01,4,11624,卖盘
1391,09:43:52,29.07,0.01,10,29070,买盘
1392,09:43:47,29.06,--,27,78462,卖盘
1393,09:43:42,29.06,-0.01,7,20342,卖盘
1394,09:43:37,29.07,--,1,2907,买盘
1395,09:43:27,29.07,--,0,0,买盘
1396,09:43:22,29.07,0.01,50,145350,买盘
1397,09:43:12,29.06,0.01,3,8718,卖盘
1398,09:43:07,29.05,--,0,0,卖盘
1399,09:43:02,29.05,--,0,0,卖盘
1400,09:42:57,29.05,--,20,58100,卖盘
1401,09:42:52,29.05,0.01,10,29776,卖盘
1402,09:42:42,29.04,--,0,0,卖盘
1403,09:42:32,29.04,-0.01,20,58080,卖盘
1404,09:42:27,29.05,0.01,3,9441,买盘
1405,09:42:17,29.04,-0.01,7,20328,卖盘
1406,09:42:12,29.05,--,2,5810,买盘
1407,09:42:07,29.05,--,0,0,买盘
1408,09:42:02,29.05,0.02,10,29776,买盘
1409,09:41:57,29.03,-0.02,41,119023,卖盘
1410,09:41:47,29.05,--,5,14525,买盘
1411,09:41:37,29.05,--,3,8715,买盘
1412,09:41:32,29.05,0.02,11,31955,买盘
1413,09:41:17,29.03,-0.02,2,5806,卖盘
1414,09:41:12,29.05,--,1,2905,卖盘
1415,09:41:02,29.05,-0.02,2,5810,卖盘
1416,09:40:57,29.07,0.03,5,14535,买盘
1417,09:40:52,29.04,-0.02,15,43560,卖盘
1418,09:40:37,29.06,-0.01,1,2906,卖盘
1419,09:40:32,29.07,--,0,0,买盘
1420,09:40:27,29.07,0.06,16,46512,买盘
1421,09:40:07,29.01,--,0,0,卖盘
1422,09:40:01,29.01,-0.04,38,110238,卖盘
1423,09:39:56,29.05,0.01,79,229495,买盘
1424,09:39:52,29.04,-0.01,13,37752,买盘
1425,09:39:47,29.05,--,0,0,买盘
1426,09:39:41,29.05,0.04,3,8715,买盘
1427,09:39:37,29.01,--,1,2901,卖盘
1428,09:39:21,29.01,-0.04,3,8703,卖盘
1429,09:39:16,29.05,0.05,26,75530,买盘
1430,09:39:06,29.0,--,14,40600,卖盘
1431,09:38:56,29.0,--,3,8700,买盘
1432,09:38:51,29.0,--,53,153700,卖盘
1433,09:38:46,29.0,-0.04,15,43500,卖盘
1434,09:38:36,29.04,--,3,8712,买盘
1435,09:38:31,29.04,0.04,10,29040,买盘
1436,09:38:26,29.0,-0.04,92,266800,卖盘
1437,09:38:21,29.04,0.01,16,46464,买盘
1438,09:38:16,29.03,--,7,20321,卖盘
1439,09:38:11,29.03,--,7,20321,买盘
1440,09:38:06,29.03,--,6,17418,买盘
1441,09:38:01,29.03,--,2,5806,买盘
1442,09:37:56,29.03,--,35,101605,买盘
1443,09:37:51,29.03,-0.02,1,2903,中性盘
1444,09:37:46,29.05,--,0,0,买盘
1445,09:37:41,29.05,0.05,11,31955,买盘
1446,09:37:36,29.0,-0.03,177,513300,卖盘
1447,09:37:26,29.03,0.02,12,34836,卖盘
1448,09:37:21,29.01,--,0,0,卖盘
1449,09:37:16,29.01,-0.03,65,188565,卖盘
1450,09:37:11,29.04,0.01,8,23232,买盘
1451,09:37:06,29.03,-0.01,3,8709,中性盘
1452,09:37:01,29.04,0.02,2,5808,买盘
1453,09:36:51,29.02,-0.03,57,165414,卖盘
1454,09:36:36,29.05,--,79,229495,卖盘
1455,09:36:21,29.05,-0.02,10,29050,卖盘
1456,09:36:11,29.07,--,2,5814,卖盘
1457,09:36:06,29.07,0.01,83,241281,买盘
1458,09:36:01,29.06,-0.01,5,14530,卖盘
1459,09:35:51,29.07,--,10,29070,买盘
1460,09:35:46,29.07,--,196,569772,卖盘
1461,09:35:41,29.07,--,15,43605,卖盘
1462,09:35:36,29.07,-0.01,5,14535,卖盘
1463,09:35:26,29.08,--,1,2908,买盘
1464,09:35:21,29.08,-0.01,3,8724,中性盘
1465,09:35:11,29.09,--,93,270537,买盘
1466,09:35:06,29.09,0.02,7,20363,买盘
1467,09:34:51,29.07,-0.02,1,2907,卖盘
1468,09:34:46,29.09,0.02,9,26181,买盘
1469,09:34:41,29.07,--,54,156978,卖盘
1470,09:34:36,29.07,--,2,5814,卖盘
1471,09:34:31,29.07,-0.02,4,11628,卖盘
1472,09:34:26,29.09,--,30,87270,买盘
1473,09:34:21,29.09,0.02,1,2909,买盘
1474,09:34:16,29.07,-0.01,90,261630,卖盘
1475,09:34:01,29.08,-0.01,52,151216,卖盘
1476,09:33:56,29.09,-0.01,1,2909,卖盘
1477,09:33:51,29.1,0.01,6,17460,买盘
1478,09:33:46,29.09,0.01,4,11636,卖盘
1479,09:33:41,29.08,-0.02,3,8724,卖盘
1480,09:33:31,29.1,--,2,5820,买盘
1481,09:33:26,29.1,0.03,1,2910,买盘
1482,09:33:21,29.07,-0.01,3,8721,卖盘
1483,09:33:16,29.08,0.01,17,49436,买盘
1484,09:33:06,29.07,--,3,8721,买盘
1485,09:33:01,29.07,0.02,22,63954,买盘
1486,09:32:50,29.05,-0.02,3,8715,卖盘
1487,09:32:46,29.07,--,0,0,买盘
1488,09:32:40,29.07,--,1,2907,买盘
1489,09:32:36,29.07,0.04,25,72675,买盘
1490,09:32:31,29.03,--,2,5806,卖盘
1491,09:32:20,29.03,-0.04,12,34836,卖盘
1492,09:32:16,29.07,--,1,2907,买盘
1493,09:32:10,29.07,0.05,20,58140,买盘
1494,09:32:01,29.02,--,0,0,卖盘
1495,09:31:55,29.02,--,9,26118,卖盘
1496,09:31:50,29.02,0.01,3,8706,卖盘
1497,09:31:46,29.01,--,0,0,卖盘
1498,09:31:35,29.01,-0.06,5,14505,卖盘
1499,09:31:31,29.07,0.06,7,20349,买盘
1500,09:31:25,29.01,--,10,29010,卖盘
1501,09:31:20,29.01,--,43,124743,卖盘
1502,09:31:15,29.01,-0.06,2,5802,卖盘
1503,09:31:10,29.07,0.06,1,2907,买盘
1504,09:31:05,29.01,-0.06,106,307506,卖盘
1505,09:31:00,29.07,--,1,2907,卖盘
1506,09:30:55,29.07,--,2,5814,卖盘
1507,09:30:50,29.07,0.02,9,26163,买盘
1508,09:30:45,29.05,-0.05,1,2905,卖盘
1509,09:30:40,29.1,--,0,0,买盘
1510,09:30:35,29.1,0.05,1,2910,买盘
1511,09:30:20,29.05,0.03,1,2905,卖盘
1512,09:30:05,29.02,-0.18,72,208944,卖盘
1513,09:28:47,29.2,--,0,0,买盘
1514,09:25:08,29.2,29.2,79,230680,买盘
