,time,price,change,volume,amount,type
0,15:00:00,17.33,--,0,0,卖盘
1,15:00:00,17.33,--,4,6931,卖盘
2,14:59:58,17.33,-0.01,1,1732,卖盘
3,14:59:53,17.34,0.02,24,41616,买盘
4,14:59:49,17.32,-0.01,10,17320,卖盘
5,14:59:43,17.33,--,133,231095,买盘
6,14:59:38,17.33,0.01,30,51989,买盘
7,14:59:33,17.32,--,121,209572,卖盘
8,14:59:28,17.32,-0.01,140,243397,卖盘
9,14:59:18,17.33,--,7,12130,买盘
10,14:59:13,17.33,--,23,39858,买盘
11,14:59:08,17.33,--,24,41591,买盘
12,14:59:03,17.33,-0.01,1040,1803446,卖盘
13,14:58:58,17.34,--,37,64158,买盘
14,14:58:53,17.34,--,10,17340,买盘
15,14:58:48,17.34,--,7,12138,买盘
16,14:58:43,17.34,0.01,35,60690,买盘
17,14:58:38,17.33,-0.01,71,123042,卖盘
18,14:58:33,17.34,-0.01,10,17340,卖盘
19,14:58:28,17.35,0.01,24,41640,买盘
20,14:58:18,17.34,0.01,365,632910,买盘
21,14:58:13,17.33,--,18,31193,卖盘
22,14:58:08,17.33,--,20,34660,卖盘
23,14:58:03,17.33,-0.01,72,124775,卖盘
24,14:57:58,17.34,--,45,78030,买盘
25,14:57:48,17.34,--,26,45084,买盘
26,14:57:43,17.34,--,11,19074,买盘
27,14:57:38,17.34,0.01,12,20808,买盘
28,14:57:33,17.33,-0.01,77,133441,卖盘
29,14:57:23,17.34,0.01,5,8670,买盘
30,14:57:18,17.33,-0.02,366,634884,卖盘
31,14:57:13,17.35,--,16,27760,买盘
32,14:57:08,17.35,0.01,8,13880,买盘
33,14:57:03,17.34,--,20,34680,卖盘
34,14:56:58,17.34,--,22,38148,卖盘
35,14:56:53,17.34,--,15,26010,卖盘
36,14:56:48,17.34,--,11,19074,卖盘
37,14:56:43,17.34,--,29,50286,卖盘
38,14:56:38,17.34,--,52,90168,买盘
39,14:56:33,17.34,--,89,154326,卖盘
40,14:56:28,17.34,--,42,72828,买盘
41,14:56:22,17.34,--,19,32946,买盘
42,14:56:13,17.34,-0.01,29,50286,中性盘
43,14:56:07,17.35,0.01,85,147475,买盘
44,14:56:03,17.34,-0.01,101,175134,卖盘
45,14:55:58,17.35,--,18,31230,买盘
46,14:55:52,17.35,--,33,57255,买盘
47,14:55:48,17.35,0.01,20,34700,买盘
48,14:55:43,17.34,-0.01,62,107508,卖盘
49,14:55:37,17.35,--,86,149210,买盘
50,14:55:27,17.35,--,41,71135,买盘
51,14:55:22,17.35,--,31,53785,买盘
52,14:55:13,17.35,0.01,25,43375,买盘
53,14:55:07,17.34,-0.01,61,105774,卖盘
54,14:54:57,17.35,0.01,23,39905,买盘
55,14:54:52,17.34,--,17,29478,卖盘
56,14:54:47,17.34,0.01,956,1657704,买盘
57,14:54:42,17.33,--,61,105712,卖盘
58,14:54:37,17.33,-0.01,15,25994,卖盘
59,14:54:32,17.34,0.01,11,19074,买盘
60,14:54:27,17.33,-0.01,161,279619,卖盘
61,14:54:22,17.34,--,74,128316,买盘
62,14:54:17,17.34,--,5,8670,买盘
63,14:54:12,17.34,0.01,2,3468,买盘
64,14:54:07,17.33,--,71,123042,卖盘
65,14:53:57,17.33,-0.01,20,34660,卖盘
66,14:53:52,17.34,--,63,109242,买盘
67,14:53:47,17.34,0.01,47,81498,买盘
68,14:53:42,17.33,-0.01,52,90115,卖盘
69,14:53:37,17.34,0.01,76,131784,买盘
70,14:53:32,17.33,--,52,90115,卖盘
71,14:53:27,17.33,-0.01,83,143839,卖盘
72,14:53:22,17.34,0.01,15,26010,买盘
73,14:53:12,17.33,-0.01,1,1732,卖盘
74,14:53:07,17.34,0.01,42,72828,买盘
75,14:53:02,17.33,--,144,249551,卖盘
76,14:52:57,17.33,-0.01,91,157702,卖盘
77,14:52:52,17.34,--,5,8670,买盘
78,14:52:47,17.34,0.01,3,5202,买盘
79,14:52:42,17.33,--,38,65854,卖盘
80,14:52:37,17.33,-0.01,29,50256,卖盘
81,14:52:32,17.34,--,3,5202,买盘
82,14:52:27,17.34,0.01,34,58956,买盘
83,14:52:22,17.33,-0.01,9,15596,卖盘
84,14:52:17,17.34,--,7,12138,买盘
85,14:52:12,17.34,0.01,27,46818,买盘
86,14:52:07,17.33,-0.01,51,88382,卖盘
87,14:52:02,17.34,--,10,17340,买盘
88,14:51:57,17.34,--,55,95370,买盘
89,14:51:52,17.34,-0.01,85,147390,卖盘
90,14:51:47,17.35,0.01,99,171765,买盘
91,14:51:37,17.34,--,10,17340,卖盘
92,14:51:32,17.34,--,12,20808,卖盘
93,14:51:27,17.34,--,75,130050,卖盘
94,14:51:22,17.34,-0.01,10,17340,卖盘
95,14:51:17,17.35,--,50,86750,买盘
96,14:51:12,17.35,--,10,17350,买盘
97,14:51:07,17.35,--,54,93690,买盘
98,14:51:02,17.35,--,8,13880,买盘
99,14:50:57,17.35,--,25,43375,买盘
100,14:50:52,17.35,--,149,258515,买盘
101,14:50:47,17.35,--,37,64195,买盘
102,14:50:42,17.35,--,5,8675,买盘
103,14:50:37,17.35,--,77,133595,买盘
104,14:50:27,17.35,0.01,104,181428,买盘
105,14:50:22,17.34,--,220,382225,卖盘
106,14:50:17,17.34,-0.01,104,180336,卖盘
107,14:50:12,17.35,--,61,105835,买盘
108,14:50:02,17.35,0.01,5,8675,买盘
109,14:49:57,17.34,-0.01,285,494190,卖盘
110,14:49:46,17.35,--,10,17350,买盘
111,14:49:42,17.35,0.01,19,32965,买盘
112,14:49:31,17.34,--,22,38148,卖盘
113,14:49:27,17.34,--,124,215016,卖盘
114,14:49:22,17.34,--,8,13872,卖盘
115,14:49:16,17.34,--,30,52020,卖盘
116,14:49:12,17.34,-0.01,60,104040,卖盘
117,14:49:07,17.35,0.01,11,19085,买盘
118,14:49:01,17.34,-0.01,15,26010,卖盘
119,14:48:57,17.35,--,7,12145,买盘
120,14:48:52,17.35,--,5,8675,买盘
121,14:48:42,17.35,--,4,6940,买盘
122,14:48:37,17.35,0.01,10,17350,买盘
123,14:48:31,17.34,-0.01,131,227154,卖盘
124,14:48:27,17.35,--,121,209935,买盘
125,14:48:22,17.35,0.01,94,163090,买盘
126,14:48:16,17.34,--,205,357186,卖盘
127,14:48:11,17.34,--,10,17340,卖盘
128,14:48:07,17.34,-0.01,246,426564,卖盘
129,14:48:01,17.35,--,195,338325,买盘
130,14:47:57,17.35,0.01,9,15615,买盘
131,14:47:52,17.34,-0.01,377,654897,卖盘
132,14:47:46,17.35,--,67,116245,买盘
133,14:47:42,17.35,--,10,17350,买盘
134,14:47:37,17.35,--,24,41640,买盘
135,14:47:31,17.35,0.01,57,98895,中性盘
136,14:47:26,17.34,-0.01,79,136986,卖盘
137,14:47:22,17.35,-0.01,172,298992,卖盘
138,14:47:16,17.36,0.01,120,208320,买盘
139,14:47:11,17.35,-0.01,5,8675,卖盘
140,14:47:06,17.36,0.01,68,118048,买盘
141,14:47:01,17.35,-0.01,35,60725,卖盘
142,14:46:56,17.36,0.01,1,1736,买盘
143,14:46:51,17.35,--,545,945575,卖盘
144,14:46:46,17.35,-0.01,52,90220,卖盘
145,14:46:41,17.36,0.01,40,69440,买盘
146,14:46:36,17.35,-0.01,68,117980,卖盘
147,14:46:31,17.36,--,164,284704,买盘
148,14:46:26,17.36,--,21,36456,买盘
149,14:46:21,17.36,0.01,33,57288,买盘
150,14:46:16,17.35,--,61,105835,卖盘
151,14:46:11,17.35,-0.01,28,48580,卖盘
152,14:46:06,17.36,0.01,4,6944,中性盘
153,14:46:01,17.35,-0.01,217,376495,卖盘
154,14:45:56,17.36,--,10,17360,卖盘
155,14:45:51,17.36,--,125,217000,卖盘
156,14:45:46,17.36,--,29,50344,卖盘
157,14:45:41,17.36,--,10,17360,卖盘
158,14:45:36,17.36,--,77,133672,卖盘
159,14:45:31,17.36,-0.01,86,149296,卖盘
160,14:45:26,17.37,--,16,27792,卖盘
161,14:45:21,17.37,--,26,45162,买盘
162,14:45:16,17.37,--,511,887607,买盘
163,14:45:06,17.37,0.01,27,46899,买盘
164,14:45:01,17.36,--,70,121520,卖盘
165,14:44:56,17.36,--,2,3472,卖盘
166,14:44:51,17.36,-0.01,11,19096,卖盘
167,14:44:46,17.37,--,19,33072,买盘
168,14:44:41,17.37,0.01,18,31266,买盘
169,14:44:36,17.36,-0.01,29,50344,卖盘
170,14:44:31,17.37,0.01,95,165015,买盘
171,14:44:21,17.36,--,65,112840,卖盘
172,14:44:16,17.36,--,235,407977,卖盘
173,14:44:11,17.36,-0.01,20,34720,卖盘
174,14:44:06,17.37,0.01,3,5211,买盘
175,14:44:01,17.36,-0.01,28,48608,卖盘
176,14:43:56,17.37,--,17,29529,买盘
177,14:43:51,17.37,0.01,3,5211,买盘
178,14:43:46,17.36,--,10,17360,卖盘
179,14:43:41,17.36,-0.02,10,17360,卖盘
180,14:43:36,17.38,--,11,19118,买盘
181,14:43:31,17.38,0.01,197,342386,买盘
182,14:43:25,17.37,0.01,8,13896,买盘
183,14:43:16,17.36,-0.01,28,48608,卖盘
184,14:43:06,17.37,--,10,17370,卖盘
185,14:43:01,17.37,-0.01,262,455094,卖盘
186,14:42:55,17.38,0.01,1,1738,买盘
187,14:42:51,17.37,-0.01,11,19107,卖盘
188,14:42:46,17.38,0.01,130,225940,买盘
189,14:42:40,17.37,--,5,8685,卖盘
190,14:42:36,17.37,--,101,175437,买盘
191,14:42:31,17.37,--,235,408195,卖盘
192,14:42:21,17.37,--,24,41688,卖盘
193,14:42:16,17.37,--,12,20844,卖盘
194,14:42:06,17.37,--,10,17370,卖盘
195,14:42:01,17.37,--,12,20844,卖盘
196,14:41:51,17.37,--,21,36477,买盘
197,14:41:46,17.37,--,1,1737,买盘
198,14:41:40,17.37,0.01,16,27792,卖盘
199,14:41:36,17.36,--,10,17360,卖盘
200,14:41:31,17.36,-0.01,30,52080,卖盘
201,14:41:25,17.37,--,10,17370,卖盘
202,14:41:21,17.37,--,35,61698,买盘
203,14:41:16,17.37,0.01,18,31266,买盘
204,14:41:06,17.36,-0.01,10,17360,卖盘
205,14:40:55,17.37,--,2,3474,买盘
206,14:40:50,17.37,--,8,13896,买盘
207,14:40:46,17.37,--,137,238802,卖盘
208,14:40:40,17.37,--,10,17370,卖盘
209,14:40:35,17.37,--,10,17370,卖盘
210,14:40:30,17.37,-0.01,10,17370,卖盘
211,14:40:25,17.38,0.01,95,165110,买盘
212,14:40:20,17.37,-0.01,66,115545,卖盘
213,14:40:15,17.38,0.01,14,24332,买盘
214,14:40:10,17.37,--,10,17370,卖盘
215,14:40:00,17.37,-0.01,15,26055,卖盘
216,14:39:55,17.38,0.01,32,55616,买盘
217,14:39:45,17.37,--,15,26055,卖盘
218,14:39:40,17.37,--,11,19107,卖盘
219,14:39:35,17.37,--,6,10422,卖盘
220,14:39:30,17.37,--,34,59058,卖盘
221,14:39:25,17.37,--,10,17370,卖盘
222,14:39:15,17.37,--,16,27792,卖盘
223,14:39:10,17.37,--,10,17370,卖盘
224,14:39:05,17.37,--,17,29529,买盘
225,14:39:00,17.37,--,10,17370,买盘
226,14:38:55,17.37,-0.01,4,6948,买盘
227,14:38:50,17.38,--,0,0,买盘
228,14:38:45,17.38,--,129,224202,买盘
229,14:38:40,17.38,--,12,20856,买盘
230,14:38:15,17.38,0.01,5,8690,买盘
231,14:38:10,17.37,-0.01,50,86850,卖盘
232,14:38:05,17.38,--,6,10428,买盘
233,14:38:00,17.38,--,20,34760,中性盘
234,14:37:55,17.38,--,1,1738,卖盘
235,14:37:50,17.38,--,10,17380,卖盘
236,14:37:40,17.38,--,59,102542,买盘
237,14:37:35,17.38,0.01,1,1738,买盘
238,14:37:30,17.37,-0.01,10,17370,卖盘
239,14:37:25,17.38,0.01,5,8690,买盘
240,14:37:20,17.37,--,10,17370,卖盘
241,14:37:10,17.37,-0.01,11,19107,卖盘
242,14:37:05,17.38,0.01,31,53878,买盘
243,14:37:00,17.37,-0.01,302,525650,卖盘
244,14:36:55,17.38,0.01,9,15642,买盘
245,14:36:49,17.37,-0.01,10,17370,卖盘
246,14:36:45,17.38,0.01,9,15642,买盘
247,14:36:40,17.37,-0.01,10,17370,卖盘
248,14:36:34,17.38,0.01,5,8690,买盘
249,14:36:30,17.37,-0.01,38,66006,卖盘
250,14:36:25,17.38,0.01,14,24332,买盘
251,14:36:19,17.37,--,10,17370,卖盘
252,14:36:15,17.37,--,60,104220,卖盘
253,14:36:10,17.37,--,10,17370,卖盘
254,14:35:55,17.37,-0.01,23,39951,卖盘
255,14:35:30,17.38,--,9,15642,买盘
256,14:35:25,17.38,--,268,465784,卖盘
257,14:35:19,17.38,-0.01,10,17380,卖盘
258,14:35:15,17.39,--,15,26085,买盘
259,14:35:10,17.39,0.01,15,26085,买盘
260,14:35:00,17.38,--,10,17380,卖盘
261,14:34:55,17.38,-0.01,27,46926,卖盘
262,14:34:49,17.39,--,1,1739,买盘
263,14:34:45,17.39,--,20,34780,买盘
264,14:34:40,17.39,--,13,22607,买盘
265,14:34:34,17.39,--,12,20868,卖盘
266,14:34:30,17.39,-0.01,10,17390,卖盘
267,14:34:25,17.4,0.01,4,6959,买盘
268,14:34:19,17.39,--,10,17390,卖盘
269,14:34:10,17.39,--,10,17390,卖盘
270,14:34:04,17.39,--,20,34780,卖盘
271,14:34:00,17.39,--,21,36519,买盘
272,14:33:55,17.39,--,5,8695,买盘
273,14:33:49,17.39,-0.01,5,8695,买盘
274,14:33:40,17.4,0.01,50,88165,买盘
275,14:33:34,17.39,-0.01,200,347800,卖盘
276,14:33:30,17.4,--,15,26099,买盘
277,14:33:25,17.4,0.01,7,12179,买盘
278,14:33:19,17.39,-0.01,10,17390,卖盘
279,14:33:10,17.4,--,30,52199,买盘
280,14:33:04,17.4,--,11,19140,买盘
281,14:32:55,17.4,0.01,2,3479,买盘
282,14:32:49,17.39,-0.01,53,92167,卖盘
283,14:32:39,17.4,--,31,53939,卖盘
284,14:32:34,17.4,-0.01,37,64379,卖盘
285,14:32:29,17.41,0.01,11,19151,买盘
286,14:32:19,17.4,--,10,17400,卖盘
287,14:32:14,17.4,-0.01,31,53939,卖盘
288,14:32:09,17.41,0.01,20,34820,买盘
289,14:32:04,17.4,--,27,46979,卖盘
290,14:31:54,17.4,--,10,17400,卖盘
291,14:31:49,17.4,-0.02,10,17400,卖盘
292,14:31:39,17.42,0.01,32,55744,买盘
293,14:31:34,17.41,0.01,1,1741,卖盘
294,14:31:24,17.4,--,37,64379,卖盘
295,14:31:19,17.4,-0.02,10,17400,卖盘
296,14:31:14,17.42,--,57,99294,买盘
297,14:31:09,17.42,0.02,32,55744,买盘
298,14:31:04,17.4,-0.02,9,16234,卖盘
299,14:30:54,17.42,0.02,82,142844,买盘
300,14:30:49,17.4,-0.01,64,111359,卖盘
301,14:30:44,17.41,0.01,9,15669,买盘
302,14:30:39,17.4,--,93,161820,买盘
303,14:30:34,17.4,--,64,111359,买盘
304,14:30:29,17.4,0.01,16,27839,买盘
305,14:30:24,17.39,-0.01,26,45214,卖盘
306,14:30:19,17.4,--,154,267960,买盘
307,14:30:14,17.4,--,67,116579,买盘
308,14:30:09,17.4,0.02,430,748199,买盘
309,14:29:59,17.38,--,2,3476,卖盘
310,14:29:54,17.38,--,10,17380,卖盘
311,14:29:49,17.38,-0.01,20,34760,卖盘
312,14:29:39,17.39,0.01,17,29563,买盘
313,14:29:34,17.38,--,20,34760,卖盘
314,14:29:24,17.38,--,12,20856,卖盘
315,14:29:19,17.38,-0.01,10,17380,卖盘
316,14:29:09,17.39,0.01,32,55648,买盘
317,14:29:04,17.38,-0.01,15,26070,卖盘
318,14:28:58,17.39,0.01,20,34780,买盘
319,14:28:54,17.38,--,10,17380,卖盘
320,14:28:49,17.38,-0.01,15,26070,卖盘
321,14:28:39,17.39,0.01,15,26085,买盘
322,14:28:34,17.38,-0.01,10,17380,卖盘
323,14:28:28,17.39,0.01,50,86950,买盘
324,14:28:24,17.38,--,10,17380,卖盘
325,14:28:18,17.38,-0.01,10,17380,卖盘
326,14:28:09,17.39,0.01,16,27824,买盘
327,14:28:03,17.38,--,10,17380,卖盘
328,14:27:54,17.38,--,10,17380,卖盘
329,14:27:43,17.38,--,10,17380,卖盘
330,14:27:34,17.38,0.01,75,130349,买盘
331,14:27:24,17.37,-0.01,11,19107,卖盘
332,14:27:19,17.38,0.01,10,17380,买盘
333,14:27:13,17.37,-0.01,10,17370,卖盘
334,14:27:09,17.38,0.01,22,38236,买盘
335,14:27:03,17.37,-0.01,55,95535,卖盘
336,14:26:54,17.38,--,15,26070,买盘
337,14:26:48,17.38,--,3,5214,买盘
338,14:26:43,17.38,-0.01,56,97328,卖盘
339,14:26:39,17.39,0.02,16,27824,买盘
340,14:26:33,17.37,-0.01,51,88587,卖盘
341,14:26:24,17.38,--,10,17380,卖盘
342,14:26:13,17.38,--,12,20856,卖盘
343,14:26:03,17.38,-0.01,10,17380,卖盘
344,14:25:58,17.39,0.01,10,17390,买盘
345,14:25:54,17.38,--,54,93852,买盘
346,14:25:43,17.38,--,5,8690,买盘
347,14:25:38,17.38,--,19,33022,买盘
348,14:25:33,17.38,--,16,27808,卖盘
349,14:25:28,17.38,-0.01,7,12166,卖盘
350,14:25:18,17.39,0.01,1,1739,买盘
351,14:25:09,17.38,--,0,0,中性盘
352,14:25:03,17.38,--,0,0,卖盘
353,14:24:58,17.38,--,298,517923,买盘
354,14:24:53,17.38,--,13,22594,买盘
355,14:24:48,17.38,--,3,5214,买盘
356,14:24:38,17.38,--,16,27808,买盘
357,14:24:13,17.38,--,28,48664,卖盘
358,14:24:08,17.38,0.01,9,15642,买盘
359,14:24:03,17.37,-0.01,136,236232,卖盘
360,14:23:48,17.38,--,21,36498,买盘
361,14:23:43,17.38,--,19,33022,买盘
362,14:23:38,17.38,0.01,15,26070,买盘
363,14:23:33,17.37,-0.01,7,13114,卖盘
364,14:23:28,17.38,0.01,122,212036,买盘
365,14:23:13,17.37,--,16,27792,卖盘
366,14:23:08,17.37,--,84,145908,卖盘
367,14:23:03,17.37,-0.01,21,36477,卖盘
368,14:22:58,17.38,0.01,47,81686,买盘
369,14:22:43,17.37,-0.01,228,396036,卖盘
370,14:22:38,17.38,--,15,26070,买盘
371,14:22:33,17.38,0.01,10,17380,买盘
372,14:22:28,17.37,-0.01,60,104220,卖盘
373,14:22:18,17.38,--,36,63350,卖盘
374,14:22:13,17.38,-0.01,101,175538,卖盘
375,14:22:07,17.39,0.01,16,27824,买盘
376,14:22:03,17.38,--,21,36498,卖盘
377,14:21:58,17.38,--,10,17380,卖盘
378,14:21:43,17.38,--,4,6952,卖盘
379,14:21:37,17.38,--,7,13121,买盘
380,14:21:27,17.38,--,1,1738,买盘
381,14:21:18,17.38,0.01,2,3476,买盘
382,14:21:12,17.37,-0.01,4,6948,卖盘
383,14:21:07,17.38,--,16,27808,买盘
384,14:20:57,17.38,--,10,17380,买盘
385,14:20:52,17.38,--,11,19900,卖盘
386,14:20:48,17.38,-0.01,12,20856,卖盘
387,14:20:37,17.39,--,15,26085,买盘
388,14:20:33,17.39,--,30,52170,买盘
389,14:20:27,17.39,0.01,12,20868,买盘
390,14:20:22,17.38,--,27,46926,卖盘
391,14:20:12,17.38,--,7,13121,买盘
392,14:20:03,17.38,--,367,638628,卖盘
393,14:19:57,17.38,-0.01,5,8690,卖盘
394,14:19:42,17.39,--,3,5217,买盘
395,14:19:37,17.39,0.01,23,39997,买盘
396,14:19:18,17.38,--,16,27808,卖盘
397,14:19:12,17.38,--,140,243320,卖盘
398,14:19:07,17.38,-0.01,32,55616,卖盘
399,14:19:03,17.39,--,9,15651,买盘
400,14:18:57,17.39,--,188,326932,买盘
401,14:18:52,17.39,0.01,2,3478,买盘
402,14:18:48,17.38,-0.01,70,121660,卖盘
403,14:18:42,17.39,--,18,31302,买盘
404,14:18:37,17.39,--,10,17390,买盘
405,14:18:27,17.39,0.01,1,1739,买盘
406,14:18:18,17.38,-0.01,0,643,卖盘
407,14:18:12,17.39,--,4,8121,买盘
408,14:18:07,17.39,0.01,123,213897,买盘
409,14:18:03,17.38,--,56,97328,卖盘
410,14:17:57,17.38,--,8,15450,卖盘
411,14:17:42,17.38,--,3,6847,卖盘
412,14:17:37,17.38,--,10,17380,卖盘
413,14:17:27,17.38,--,4,6952,卖盘
414,14:17:12,17.38,-0.02,36,62568,卖盘
415,14:17:07,17.4,0.01,201,350923,买盘
416,14:17:02,17.39,0.01,15,26085,买盘
417,14:16:57,17.38,--,105,182490,卖盘
418,14:16:52,17.38,-0.01,710,1233980,卖盘
419,14:16:47,17.39,--,3,5217,买盘
420,14:16:42,17.39,--,54,93906,买盘
421,14:16:37,17.39,--,10,17390,买盘
422,14:16:27,17.39,--,32,56204,卖盘
423,14:16:22,17.39,-0.01,32,55648,卖盘
424,14:16:02,17.4,0.01,10,17400,买盘
425,14:15:57,17.39,--,5,8695,卖盘
426,14:15:52,17.39,-0.01,4,6956,卖盘
427,14:15:42,17.4,--,26,45239,买盘
428,14:15:27,17.4,0.01,1,1739,买盘
429,14:15:22,17.39,-0.01,2,3478,卖盘
430,14:15:17,17.4,--,40,69600,买盘
431,14:15:11,17.4,--,24,41760,买盘
432,14:14:56,17.4,0.01,3,5220,买盘
433,14:14:52,17.39,-0.01,5,8695,卖盘
434,14:14:47,17.4,--,1,1739,买盘
435,14:14:41,17.4,0.01,1,1739,买盘
436,14:14:37,17.39,-0.01,1,1739,卖盘
437,14:14:22,17.4,--,1,1739,买盘
438,14:14:12,17.4,--,11,19140,买盘
439,14:14:07,17.4,0.01,55,95699,买盘
440,14:13:52,17.39,--,109,189551,卖盘
441,14:13:46,17.39,--,8,13912,卖盘
442,14:13:37,17.39,--,7,12173,卖盘
443,14:13:27,17.39,--,5,8695,卖盘
444,14:13:21,17.39,-0.01,40,69560,卖盘
445,14:13:16,17.4,--,100,174000,买盘
446,14:13:11,17.4,--,15,26099,买盘
447,14:13:06,17.4,--,1,1739,买盘
448,14:12:57,17.4,--,510,887399,买盘
449,14:12:51,17.4,--,10,17400,买盘
450,14:12:41,17.4,--,19,33060,买盘
451,14:12:36,17.4,--,8,13919,买盘
452,14:12:11,17.4,--,24,41760,买盘
453,14:12:06,17.4,--,9,15659,买盘
454,14:12:01,17.4,--,3,5220,买盘
455,14:11:46,17.4,0.01,10,17400,买盘
456,14:11:36,17.39,--,16,27824,卖盘
457,14:11:31,17.39,--,52,90428,卖盘
458,14:10:41,17.39,-0.01,100,173900,卖盘
459,14:10:36,17.4,--,48,83520,买盘
460,14:10:31,17.4,0.01,6,10440,买盘
461,14:10:26,17.39,--,0,0,卖盘
462,14:10:16,17.39,-0.01,39,67821,卖盘
463,14:10:06,17.4,--,2,3479,买盘
464,14:10:01,17.4,--,2,3479,买盘
465,14:09:56,17.4,--,10,17400,买盘
466,14:09:51,17.4,--,1,1739,买盘
467,14:09:41,17.4,--,1,1739,买盘
468,14:09:26,17.4,--,27,46979,买盘
469,14:09:21,17.4,--,24,41760,买盘
470,14:09:06,17.4,--,65,113099,卖盘
471,14:09:01,17.4,--,14,24359,卖盘
472,14:08:56,17.4,--,150,260999,卖盘
473,14:08:46,17.4,--,6,10440,卖盘
474,14:08:41,17.4,--,10,17400,卖盘
475,14:08:36,17.4,--,7,12179,卖盘
476,14:08:31,17.4,-0.02,1,1739,卖盘
477,14:08:26,17.42,--,5,8710,买盘
478,14:08:21,17.42,--,0,0,买盘
479,14:08:06,17.42,0.02,12,20904,买盘
480,14:07:36,17.4,--,1,1739,卖盘
481,14:07:31,17.4,--,4,6959,卖盘
482,14:07:21,17.4,-0.02,20,34800,卖盘
483,14:07:16,17.42,--,3,5226,买盘
484,14:07:06,17.42,0.02,65,113230,买盘
485,14:07:01,17.4,--,21,36540,卖盘
486,14:06:50,17.4,-0.02,3,5220,卖盘
487,14:06:36,17.42,--,4,6968,买盘
488,14:06:20,17.42,--,4,6968,买盘
489,14:06:16,17.42,--,2,3484,买盘
490,14:06:05,17.42,--,1,1742,买盘
491,14:06:01,17.42,0.02,10,17420,买盘
492,14:05:55,17.4,--,5,8700,卖盘
493,14:05:50,17.4,--,20,34800,卖盘
494,14:05:46,17.4,-0.02,193,335820,卖盘
495,14:05:40,17.42,0.01,108,188136,买盘
496,14:05:35,17.41,0.01,440,767519,买盘
497,14:05:31,17.4,--,56,97439,买盘
498,14:05:25,17.4,0.01,54,93959,买盘
499,14:05:20,17.39,-0.01,4,6956,卖盘
500,14:05:00,17.4,0.01,11,19140,买盘
501,14:04:50,17.39,--,2,3478,卖盘
502,14:04:45,17.39,-0.01,61,106079,卖盘
503,14:04:40,17.4,--,10,17400,买盘
504,14:04:35,17.4,0.01,29,50459,买盘
505,14:04:20,17.39,-0.01,20,34780,卖盘
506,14:04:10,17.4,0.01,54,93959,买盘
507,14:04:05,17.39,-0.01,70,121730,卖盘
508,14:03:50,17.4,--,13,22619,买盘
509,14:03:30,17.4,0.01,99,172260,买盘
510,14:03:25,17.39,-0.01,100,173900,卖盘
511,14:03:15,17.4,0.01,21,36540,买盘
512,14:03:10,17.39,-0.01,97,169865,卖盘
513,14:03:00,17.4,0.01,1,1739,买盘
514,14:02:50,17.39,-0.01,137,238243,卖盘
515,14:02:35,17.4,--,1,1739,买盘
516,14:02:30,17.4,--,5,8700,买盘
517,14:02:25,17.4,--,50,87000,买盘
518,14:02:20,17.4,--,664,1156003,卖盘
519,14:02:15,17.4,--,289,502859,卖盘
520,14:02:10,17.4,-0.01,201,349740,卖盘
521,14:02:05,17.41,--,10,17410,买盘
522,14:02:00,17.41,--,202,351682,买盘
523,14:01:55,17.41,--,16,27856,买盘
524,14:01:50,17.41,--,54,94014,买盘
525,14:01:45,17.41,--,123,215448,卖盘
526,14:01:25,17.41,--,100,174100,卖盘
527,14:01:20,17.41,-0.01,106,184546,卖盘
528,14:01:05,17.42,-0.01,179,313176,卖盘
529,14:01:00,17.43,--,10,17430,买盘
530,14:00:50,17.43,--,69,120267,买盘
531,14:00:40,17.43,0.01,3,5229,买盘
532,14:00:30,17.42,--,10,17420,卖盘
533,14:00:25,17.42,0.01,485,845253,买盘
534,14:00:20,17.41,-0.01,103,179323,卖盘
535,14:00:15,17.42,0.01,2,3484,买盘
536,14:00:10,17.41,--,10,17410,卖盘
537,14:00:05,17.41,-0.01,10,17410,卖盘
538,13:59:55,17.42,--,7,12194,买盘
539,13:59:50,17.42,0.01,1,1742,买盘
540,13:59:45,17.41,-0.01,30,52230,卖盘
541,13:59:25,17.42,0.01,2,3484,买盘
542,13:59:19,17.41,--,10,17410,卖盘
543,13:59:10,17.41,-0.01,43,74863,卖盘
544,13:58:59,17.42,0.01,2,3484,买盘
545,13:58:55,17.41,--,18,31338,卖盘
546,13:58:49,17.41,-0.01,27,47007,卖盘
547,13:58:40,17.42,0.01,6,10452,买盘
548,13:58:14,17.41,-0.01,4,6964,卖盘
549,13:58:10,17.42,0.01,90,156780,买盘
550,13:57:59,17.41,--,6,10446,卖盘
551,13:57:54,17.41,--,78,136233,买盘
552,13:57:49,17.41,0.01,10,17410,买盘
553,13:57:44,17.4,--,4,6959,卖盘
554,13:57:40,17.4,-0.01,72,125279,卖盘
555,13:57:29,17.41,--,12,20892,买盘
556,13:57:24,17.41,--,54,95319,卖盘
557,13:57:14,17.41,-0.01,16,27856,卖盘
558,13:56:54,17.42,0.01,103,179426,买盘
559,13:56:44,17.41,--,674,1173434,卖盘
560,13:56:39,17.41,-0.01,4,6964,卖盘
561,13:56:14,17.42,--,1,1742,买盘
562,13:55:59,17.42,--,30,52260,买盘
563,13:55:54,17.42,--,3,5226,买盘
564,13:55:49,17.42,0.01,1,1742,买盘
565,13:55:44,17.41,-0.01,4,6964,卖盘
566,13:55:29,17.42,--,3,5226,买盘
567,13:55:19,17.42,--,2,4407,卖盘
568,13:55:09,17.42,--,1,1742,卖盘
569,13:55:04,17.42,--,11,19980,买盘
570,13:54:59,17.42,0.01,1,1742,买盘
571,13:54:44,17.41,-0.01,4,6964,卖盘
572,13:54:39,17.42,--,3,5226,买盘
573,13:54:29,17.42,--,28,48776,买盘
574,13:54:14,17.42,--,3,5226,买盘
575,13:54:09,17.42,0.01,33,57486,买盘
576,13:54:04,17.41,-0.01,30,52230,卖盘
577,13:53:49,17.42,--,3,5226,买盘
578,13:53:29,17.42,--,2,3484,买盘
579,13:53:24,17.42,0.01,2,3484,买盘
580,13:53:19,17.41,--,10,17410,卖盘
581,13:52:59,17.41,--,5,8705,卖盘
582,13:52:34,17.41,-0.01,6,10446,卖盘
583,13:52:24,17.42,--,2,3484,买盘
584,13:52:09,17.42,--,1,1742,买盘
585,13:51:59,17.42,--,10,17420,买盘
586,13:51:49,17.42,0.01,2,3484,买盘
587,13:51:29,17.41,-0.01,5,8705,卖盘
588,13:51:24,17.42,0.01,16,27872,买盘
589,13:51:14,17.41,--,10,17410,卖盘
590,13:51:04,17.41,--,3,5223,卖盘
591,13:50:58,17.41,--,129,224589,卖盘
592,13:50:39,17.41,-0.01,65,113165,卖盘
593,13:50:34,17.42,--,3,5226,买盘
594,13:50:24,17.42,0.01,55,95810,买盘
595,13:50:09,17.41,-0.01,1,1741,卖盘
596,13:50:03,17.42,--,2,3484,买盘
597,13:49:38,17.42,0.01,3,5226,买盘
598,13:49:28,17.41,-0.01,1,1741,卖盘
599,13:49:03,17.42,--,2,3484,买盘
600,13:48:53,17.42,--,5,8710,买盘
601,13:48:43,17.42,0.01,3,5226,买盘
602,13:48:38,17.41,--,27,47007,卖盘
603,13:48:23,17.41,--,86,149726,卖盘
604,13:48:18,17.41,-0.01,3,5223,卖盘
605,13:48:13,17.42,0.01,93,162006,买盘
606,13:48:03,17.41,--,3,5223,卖盘
607,13:47:53,17.41,--,6,10446,卖盘
608,13:47:33,17.41,-0.01,254,443571,卖盘
609,13:47:13,17.42,--,37,65377,卖盘
610,13:47:03,17.42,--,1,1742,卖盘
611,13:46:58,17.42,--,85,148070,卖盘
612,13:46:38,17.42,--,13,22646,卖盘
613,13:46:33,17.42,-0.01,51,88842,卖盘
614,13:46:28,17.43,--,1,1743,买盘
615,13:46:03,17.43,--,3,5229,买盘
616,13:45:38,17.43,0.01,6,10458,买盘
617,13:45:28,17.42,-0.01,10,17420,卖盘
618,13:45:23,17.43,0.01,5,8715,买盘
619,13:45:18,17.42,-0.01,9,15678,卖盘
620,13:44:53,17.43,--,9,15687,买盘
621,13:44:48,17.43,--,3,5229,买盘
622,13:44:43,17.43,--,1,1743,买盘
623,13:44:38,17.43,0.01,6,10458,买盘
624,13:44:33,17.42,-0.01,65,113230,卖盘
625,13:44:18,17.43,0.01,3,5229,买盘
626,13:43:58,17.42,-0.01,2,3484,卖盘
627,13:43:53,17.43,0.01,1,1743,买盘
628,13:43:48,17.42,-0.01,10,18169,卖盘
629,13:43:27,17.43,0.01,2,3486,买盘
630,13:43:23,17.42,--,25,44856,卖盘
631,13:43:18,17.42,-0.01,6,10452,卖盘
632,13:43:08,17.43,--,2,3486,买盘
633,13:43:03,17.43,0.01,3,5229,买盘
634,13:42:48,17.42,--,23,40571,买盘
635,13:42:42,17.42,0.01,3,5226,买盘
636,13:42:33,17.41,-0.01,65,113165,卖盘
637,13:42:27,17.42,-0.01,14,25624,卖盘
638,13:42:17,17.43,0.01,32,55776,买盘
639,13:42:07,17.42,-0.01,3,5226,卖盘
640,13:41:57,17.43,0.01,3,5229,买盘
641,13:41:32,17.42,-0.01,8,14441,卖盘
642,13:41:27,17.43,0.01,3,5229,买盘
643,13:41:17,17.42,0.01,1,1742,买盘
644,13:41:12,17.41,-0.02,10,17410,卖盘
645,13:41:02,17.43,--,30,52290,买盘
646,13:40:57,17.43,--,0,0,买盘
647,13:40:47,17.43,--,21,36759,买盘
648,13:40:42,17.43,0.02,1,1743,买盘
649,13:40:32,17.41,--,0,0,卖盘
650,13:40:27,17.41,-0.02,10,17410,卖盘
651,13:40:17,17.43,0.02,13,22659,买盘
652,13:40:07,17.41,-0.01,30,52230,卖盘
653,13:40:02,17.42,--,0,0,中性盘
654,13:39:47,17.42,-0.01,3,5226,卖盘
655,13:39:42,17.43,0.01,54,94122,买盘
656,13:39:32,17.42,0.01,25,43550,买盘
657,13:39:12,17.41,--,6,10446,卖盘
658,13:38:47,17.41,-0.01,8,14589,卖盘
659,13:38:42,17.42,--,3,5226,买盘
660,13:38:17,17.42,0.01,3,5226,买盘
661,13:38:12,17.41,--,7,12187,卖盘
662,13:38:07,17.41,--,0,0,中性盘
663,13:38:02,17.41,-0.01,1,1741,卖盘
664,13:37:57,17.42,--,0,0,买盘
665,13:37:47,17.42,--,0,0,中性盘
666,13:37:37,17.42,0.02,36,62712,买盘
667,13:37:32,17.4,-0.02,18,31319,卖盘
668,13:37:26,17.42,--,1405,2447579,买盘
669,13:37:17,17.42,0.01,15,26130,买盘
670,13:37:07,17.41,0.01,1,1741,买盘
671,13:36:57,17.4,-0.01,13,22619,卖盘
672,13:36:52,17.41,--,3,5223,买盘
673,13:36:27,17.41,0.01,2,3482,买盘
674,13:36:22,17.4,-0.01,46,80040,卖盘
675,13:36:17,17.41,--,2,3482,买盘
676,13:36:12,17.41,-0.02,17,29597,卖盘
677,13:36:02,17.43,0.02,2,3486,买盘
678,13:35:56,17.41,--,43,74863,买盘
679,13:35:36,17.41,0.01,10,17410,买盘
680,13:35:32,17.4,-0.01,8,13919,卖盘
681,13:35:27,17.41,--,9,15669,买盘
682,13:35:21,17.41,--,8,13928,买盘
683,13:35:17,17.41,--,12,20909,买盘
684,13:35:12,17.41,0.01,3,5223,买盘
685,13:35:01,17.4,-0.01,5,8700,卖盘
686,13:34:41,17.41,--,1,1741,买盘
687,13:34:36,17.41,-0.01,593,1034084,卖盘
688,13:34:26,17.42,0.01,86,149812,买盘
689,13:34:16,17.41,--,16,28500,卖盘
690,13:34:06,17.41,-0.01,100,174100,卖盘
691,13:34:01,17.42,--,54,94068,买盘
692,13:33:56,17.42,--,10,17420,买盘
693,13:33:41,17.42,-0.01,52,91472,卖盘
694,13:33:21,17.43,--,1,1743,买盘
695,13:32:51,17.43,0.01,23,40089,买盘
696,13:32:41,17.42,--,1,1742,卖盘
697,13:32:36,17.42,--,9,16531,买盘
698,13:32:31,17.42,--,2,3484,买盘
699,13:32:26,17.42,0.01,17,29788,买盘
700,13:32:21,17.41,-0.01,3,5223,卖盘
701,13:32:16,17.42,0.01,1,1742,买盘
702,13:32:06,17.41,--,9,15669,卖盘
703,13:31:36,17.41,--,2,3482,卖盘
704,13:31:11,17.41,--,7,12187,卖盘
705,13:30:56,17.41,--,18,31825,卖盘
706,13:30:36,17.41,-0.01,1,1741,卖盘
707,13:29:46,17.42,0.01,1,1742,买盘
708,13:29:31,17.41,-0.01,65,113165,卖盘
709,13:29:20,17.42,--,1,1742,买盘
710,13:29:05,17.42,0.01,10,17420,买盘
711,13:29:01,17.41,-0.01,153,266373,卖盘
712,13:28:56,17.42,--,3,5226,买盘
713,13:28:50,17.42,--,3,5226,买盘
714,13:28:46,17.42,--,17,30119,买盘
715,13:28:41,17.42,--,10,17420,买盘
716,13:28:35,17.42,0.01,1,1742,买盘
717,13:28:31,17.41,-0.01,5,8705,卖盘
718,13:28:26,17.42,-0.01,99,173346,卖盘
719,13:28:05,17.43,0.01,3,5229,买盘
720,13:27:56,17.42,--,80,139360,卖盘
721,13:27:41,17.42,--,19,33254,卖盘
722,13:27:20,17.42,-0.01,7,12194,卖盘
723,13:27:00,17.43,--,8,13944,买盘
724,13:26:45,17.43,0.01,5,8715,买盘
725,13:26:35,17.42,-0.01,5,8710,卖盘
726,13:26:00,17.43,0.01,1,1777,买盘
727,13:25:45,17.42,-0.01,55,96210,卖盘
728,13:25:35,17.43,--,3,5229,买盘
729,13:25:20,17.43,--,10,17430,买盘
730,13:25:10,17.43,0.01,2,3486,买盘
731,13:24:55,17.42,-0.01,23,40327,卖盘
732,13:24:35,17.43,0.01,1,1743,买盘
733,13:24:30,17.42,--,1,1742,买盘
734,13:24:20,17.42,--,24,41808,卖盘
735,13:24:15,17.42,--,9,15678,卖盘
736,13:24:10,17.42,-0.01,1,1742,卖盘
737,13:24:05,17.43,--,54,94122,买盘
738,13:23:55,17.43,--,0,0,买盘
739,13:23:45,17.43,0.01,4,6972,买盘
740,13:23:40,17.42,--,5,8710,买盘
741,13:23:35,17.42,-0.01,43,76003,卖盘
742,13:23:30,17.43,--,54,94122,买盘
743,13:23:25,17.43,0.01,54,94122,买盘
744,13:23:20,17.42,--,2,3484,卖盘
745,13:23:14,17.42,--,106,185296,买盘
746,13:23:05,17.42,-0.01,144,251945,卖盘
747,13:22:59,17.43,0.01,153,266679,买盘
748,13:22:44,17.42,-0.01,8,14040,卖盘
749,13:22:40,17.43,0.01,1,1743,买盘
750,13:22:35,17.42,-0.01,104,181168,卖盘
751,13:22:29,17.43,--,7,12201,买盘
752,13:22:19,17.43,0.01,3,5229,买盘
753,13:22:14,17.42,-0.01,10,17420,卖盘
754,13:21:59,17.43,0.01,58,101094,买盘
755,13:21:49,17.42,-0.01,21,37139,卖盘
756,13:21:44,17.43,0.01,1,1743,买盘
757,13:21:34,17.42,-0.01,1,1742,卖盘
758,13:21:20,17.43,--,3,5229,买盘
759,13:21:14,17.43,0.01,15,26145,买盘
760,13:21:05,17.42,-0.01,1,1742,卖盘
761,13:20:59,17.43,--,3,5229,买盘
762,13:20:54,17.43,--,50,87150,买盘
763,13:20:34,17.43,0.01,10,17430,买盘
764,13:20:29,17.42,-0.01,19,33969,卖盘
765,13:20:19,17.43,--,22,38346,买盘
766,13:19:54,17.43,--,11,19905,买盘
767,13:19:44,17.43,--,108,188244,买盘
768,13:19:34,17.43,--,1,1743,买盘
769,13:19:29,17.43,0.01,3,5229,买盘
770,13:19:19,17.42,--,40,69680,卖盘
771,13:19:14,17.42,0.01,296,515753,买盘
772,13:18:59,17.41,-0.01,5,8705,卖盘
773,13:18:49,17.42,--,54,94068,买盘
774,13:18:44,17.42,--,0,0,买盘
775,13:18:39,17.42,0.01,70,123612,买盘
776,13:18:29,17.41,--,8,15146,买盘
777,13:18:24,17.41,0.01,3,5223,买盘
778,13:18:19,17.4,-0.01,65,113099,卖盘
779,13:18:14,17.41,--,54,94014,买盘
780,13:17:59,17.41,0.01,15,26115,买盘
781,13:17:54,17.4,-0.01,5,8700,卖盘
782,13:17:29,17.41,0.01,3,5223,买盘
783,13:17:24,17.4,--,10,17400,卖盘
784,13:17:14,17.4,--,0,0,卖盘
785,13:17:09,17.4,-0.01,57,99179,卖盘
786,13:16:59,17.41,--,28,48748,卖盘
787,13:16:54,17.41,-0.01,3,5223,买盘
788,13:16:49,17.42,--,0,0,买盘
789,13:16:44,17.42,--,11,19702,买盘
790,13:16:39,17.42,0.01,56,97552,买盘
791,13:16:34,17.41,--,33,59072,卖盘
792,13:16:29,17.41,--,5,8705,卖盘
793,13:16:14,17.41,--,5,8705,卖盘
794,13:16:08,17.41,--,3,5223,卖盘
795,13:15:49,17.41,--,18,31459,卖盘
796,13:15:38,17.41,--,282,491362,卖盘
797,13:15:08,17.41,--,121,210661,卖盘
798,13:14:53,17.41,-0.01,76,132316,卖盘
799,13:14:49,17.42,--,10,17420,买盘
800,13:14:28,17.42,0.01,54,94068,买盘
801,13:14:18,17.41,--,12,22284,卖盘
802,13:14:13,17.41,--,66,114906,卖盘
803,13:14:03,17.41,-0.01,51,89992,卖盘
804,13:13:58,17.42,0.01,11,19162,买盘
805,13:13:48,17.41,0.01,49,85796,买盘
806,13:13:38,17.4,-0.02,106,185692,卖盘
807,13:13:28,17.42,0.01,3,5226,买盘
808,13:13:23,17.41,-0.01,4,6964,卖盘
809,13:13:18,17.42,-0.01,10,17420,买盘
810,13:13:13,17.43,--,0,0,买盘
811,13:13:03,17.43,--,3,5229,买盘
812,13:12:58,17.43,--,6,10458,买盘
813,13:12:53,17.43,--,20,34860,买盘
814,13:12:43,17.43,0.02,2,3486,买盘
815,13:12:33,17.41,-0.02,18,32347,卖盘
816,13:12:18,17.43,0.02,3,5229,买盘
817,13:11:53,17.41,-0.02,1,1741,卖盘
818,13:11:38,17.43,0.02,3,5229,买盘
819,13:11:28,17.41,-0.02,2,3934,卖盘
820,13:11:18,17.43,--,2,3486,买盘
821,13:11:13,17.43,0.02,3,5229,买盘
822,13:11:08,17.41,-0.02,9,16435,卖盘
823,13:10:53,17.43,0.03,3,5229,买盘
824,13:10:33,17.4,-0.01,16,29475,卖盘
825,13:10:27,17.41,--,5,9488,买盘
826,13:10:23,17.41,0.01,3,5223,买盘
827,13:10:08,17.4,-0.01,1,1739,卖盘
828,13:10:02,17.41,0.01,7,12187,买盘
829,13:09:58,17.4,--,4,6959,卖盘
830,13:09:38,17.4,-0.01,7,12179,卖盘
831,13:09:32,17.41,--,10,17410,买盘
832,13:09:28,17.41,--,1,1741,买盘
833,13:09:02,17.41,0.01,23,40043,买盘
834,13:08:58,17.4,-0.01,10,17400,卖盘
835,13:08:37,17.41,0.01,32,55712,买盘
836,13:08:32,17.4,--,0,469,卖盘
837,13:08:28,17.4,-0.01,8,14615,卖盘
838,13:08:22,17.41,0.01,15,26115,买盘
839,13:08:02,17.4,-0.01,48,83520,卖盘
840,13:07:37,17.41,--,3,5223,买盘
841,13:07:32,17.41,--,21,36561,买盘
842,13:07:28,17.41,--,21,36561,买盘
843,13:07:22,17.41,--,10,17410,买盘
844,13:07:12,17.41,0.01,11,19151,买盘
845,13:07:07,17.4,--,8,13919,卖盘
846,13:07:02,17.4,--,26,45239,卖盘
847,13:06:47,17.4,-0.01,18,33025,卖盘
848,13:06:37,17.41,--,10,17410,买盘
849,13:06:17,17.41,-0.02,425,740551,卖盘
850,13:05:52,17.43,--,13,22659,买盘
851,13:05:37,17.43,0.02,19,33117,买盘
852,13:05:17,17.41,-0.01,10,17775,卖盘
853,13:05:02,17.42,0.01,22,38324,买盘
854,13:04:37,17.41,-0.01,13,22633,卖盘
855,13:04:32,17.42,0.01,2,3484,买盘
856,13:04:22,17.41,--,1,1741,卖盘
857,13:04:17,17.41,--,2,3482,卖盘
858,13:04:12,17.41,--,6,10446,卖盘
859,13:03:47,17.41,-0.01,16,28151,卖盘
860,13:03:37,17.42,--,3,5226,买盘
861,13:03:12,17.42,--,3,5226,买盘
862,13:02:41,17.42,--,17,29614,买盘
863,13:01:41,17.42,0.01,4,6968,买盘
864,13:01:26,17.41,-0.01,11,19516,卖盘
865,13:01:11,17.42,0.01,5,8710,买盘
866,13:00:31,17.41,--,17,29892,卖盘
867,13:00:06,17.41,--,768,1338620,买盘
868,13:00:01,17.41,--,63,109683,买盘
869,11:30:00,17.41,--,0,0,买盘
870,11:29:59,17.41,--,0,0,买盘
871,11:29:59,17.41,--,1,1741,买盘
872,11:29:57,17.41,--,8,13928,买盘
873,11:29:42,17.41,--,3,5223,买盘
874,11:29:36,17.41,--,20,34820,买盘
875,11:29:32,17.41,--,10,17410,买盘
876,11:29:27,17.41,--,5,8705,买盘
877,11:29:17,17.41,--,54,94014,买盘
878,11:29:12,17.41,0.01,2,3482,买盘
879,11:29:06,17.4,--,5,8700,卖盘
880,11:28:57,17.4,-0.01,10,18565,卖盘
881,11:28:47,17.41,0.01,1,1741,买盘
882,11:28:36,17.4,-0.01,1,1739,卖盘
883,11:28:21,17.41,0.01,1,1741,买盘
884,11:28:17,17.4,--,259,450659,卖盘
885,11:28:02,17.4,--,62,107879,卖盘
886,11:27:57,17.4,-0.01,167,291815,卖盘
887,11:27:51,17.41,0.01,10,17410,买盘
888,11:27:42,17.4,--,390,680009,卖盘
889,11:27:36,17.4,-0.02,216,376031,卖盘
890,11:27:27,17.42,--,103,179426,买盘
891,11:27:21,17.42,-0.02,100,174200,卖盘
892,11:27:06,17.44,--,3,5232,买盘
893,11:26:57,17.44,--,14,24416,买盘
894,11:26:51,17.44,0.02,54,94176,买盘
895,11:26:21,17.42,0.01,73,127166,买盘
896,11:26:12,17.41,--,12,21483,卖盘
897,11:26:06,17.41,-0.01,3,5223,卖盘
898,11:26:02,17.42,--,2,3484,买盘
899,11:25:32,17.42,0.01,3,5226,买盘
900,11:25:27,17.41,-0.01,50,87050,卖盘
901,11:25:11,17.42,--,127,221303,买盘
902,11:25:06,17.42,--,1,1742,买盘
903,11:25:02,17.42,--,4,6968,买盘
904,11:24:57,17.42,--,54,94068,买盘
905,11:24:51,17.42,--,2,3484,买盘
906,11:24:42,17.42,--,21,36582,买盘
907,11:24:36,17.42,--,9,15678,买盘
908,11:24:06,17.42,--,13,22646,买盘
909,11:23:57,17.42,--,2,3484,买盘
910,11:23:36,17.42,--,3,5226,买盘
911,11:23:12,17.42,0.01,57,99294,买盘
912,11:23:06,17.41,-0.01,62,108829,卖盘
913,11:23:02,17.42,--,0,0,买盘
914,11:22:56,17.42,0.01,108,188136,买盘
915,11:22:41,17.41,--,54,94014,买盘
916,11:22:36,17.41,0.01,25,43525,买盘
917,11:22:11,17.4,--,8,13919,卖盘
918,11:22:00,17.4,--,14,24359,卖盘
919,11:21:41,17.4,-0.01,119,208573,卖盘
920,11:21:36,17.41,0.01,8,13928,买盘
921,11:21:26,17.4,--,28,48719,卖盘
922,11:21:21,17.4,--,61,107357,卖盘
923,11:21:15,17.4,--,100,174000,卖盘
924,11:21:11,17.4,--,12,20880,卖盘
925,11:21:00,17.4,--,10,17400,卖盘
926,11:20:56,17.4,--,10,17400,卖盘
927,11:20:41,17.4,-0.01,17,29579,卖盘
928,11:20:36,17.41,--,10,17410,买盘
929,11:20:26,17.41,0.01,2,3638,买盘
930,11:20:21,17.4,--,25,43500,卖盘
931,11:20:15,17.4,--,13,22619,卖盘
932,11:20:06,17.4,-0.01,4,6959,卖盘
933,11:19:56,17.41,0.01,1,1741,买盘
934,11:19:51,17.4,--,10,17939,卖盘
935,11:19:45,17.4,-0.01,10,17400,卖盘
936,11:19:36,17.41,0.01,597,1040787,买盘
937,11:19:30,17.4,-0.01,22,38280,卖盘
938,11:19:26,17.41,0.01,3,5223,买盘
939,11:19:21,17.4,--,16,27839,卖盘
940,11:19:15,17.4,--,51,88740,卖盘
941,11:19:06,17.4,--,19,33181,卖盘
942,11:19:00,17.4,--,147,255779,卖盘
943,11:18:56,17.4,-0.01,76,132240,卖盘
944,11:18:51,17.41,0.01,115,200215,买盘
945,11:18:45,17.4,--,103,179219,卖盘
946,11:18:41,17.4,--,8,13919,卖盘
947,11:18:36,17.4,-0.01,1134,1973159,卖盘
948,11:18:26,17.41,--,2,3482,买盘
949,11:18:21,17.41,--,10,17410,买盘
950,11:18:15,17.41,0.01,10,17410,中性盘
951,11:18:00,17.4,--,5,8700,卖盘
952,11:17:55,17.4,-0.02,12,20880,卖盘
953,11:17:40,17.42,--,4,6968,买盘
954,11:17:36,17.42,0.02,6,10452,买盘
955,11:17:25,17.4,-0.02,1,1739,卖盘
956,11:17:15,17.42,0.01,10,17420,买盘
957,11:17:11,17.41,0.01,1,1741,买盘
958,11:17:05,17.4,-0.01,13,22619,卖盘
959,11:16:55,17.41,-0.01,50,87050,卖盘
960,11:16:50,17.42,0.01,3,5226,买盘
961,11:16:45,17.41,0.01,10,17410,卖盘
962,11:16:40,17.4,--,0,0,卖盘
963,11:16:35,17.4,--,0,0,卖盘
964,11:16:30,17.4,-0.01,6,10440,卖盘
965,11:16:25,17.41,0.01,12,21431,买盘
966,11:16:20,17.4,-0.01,13,22619,卖盘
967,11:16:15,17.41,--,20,34820,买盘
968,11:16:05,17.41,--,18,31338,买盘
969,11:16:00,17.41,--,25,43525,买盘
970,11:15:55,17.41,0.01,50,87050,买盘
971,11:15:45,17.4,-0.01,15,26378,卖盘
972,11:15:40,17.41,--,3,5223,买盘
973,11:15:35,17.41,0.01,29,50610,买盘
974,11:15:20,17.4,--,100,174000,卖盘
975,11:15:15,17.4,-0.01,18,31319,卖盘
976,11:15:10,17.41,0.01,3,5223,买盘
977,11:15:05,17.4,--,2,3949,卖盘
978,11:15:00,17.4,--,6,10440,卖盘
979,11:14:56,17.4,--,684,1191569,卖盘
980,11:14:40,17.4,-0.01,1,1739,卖盘
981,11:14:35,17.41,--,201,349941,买盘
982,11:14:30,17.41,0.01,199,346459,买盘
983,11:14:24,17.4,--,126,219239,卖盘
984,11:14:20,17.4,-0.01,17,29579,卖盘
985,11:14:15,17.41,0.01,6,10446,买盘
986,11:14:05,17.4,-0.01,19,33060,卖盘
987,11:14:00,17.41,--,3,5223,买盘
988,11:13:50,17.41,0.01,6,10446,买盘
989,11:13:45,17.4,-0.01,10,18061,卖盘
990,11:13:30,17.41,--,12,20892,买盘
991,11:13:15,17.41,--,5,8705,买盘
992,11:13:05,17.41,0.01,22,38302,买盘
993,11:13:00,17.4,-0.01,61,106139,卖盘
994,11:12:50,17.41,--,5,8705,买盘
995,11:12:45,17.41,--,10,17410,买盘
996,11:12:30,17.41,--,13,22633,买盘
997,11:12:24,17.41,0.01,25,43525,买盘
998,11:12:20,17.4,--,1,1739,卖盘
999,11:12:09,17.4,--,18,31319,卖盘
1000,11:12:05,17.4,-0.01,1,1739,卖盘
1001,11:12:00,17.41,--,103,179323,买盘
1002,11:11:50,17.41,0.01,6,10446,买盘
1003,11:11:35,17.4,-0.01,130,226199,卖盘
1004,11:11:30,17.41,--,10,17410,买盘
1005,11:11:24,17.41,--,1,1741,买盘
1006,11:11:20,17.41,--,1,1741,买盘
1007,11:11:15,17.41,0.01,1,1741,买盘
1008,11:11:05,17.4,-0.01,8,14233,卖盘
1009,11:11:00,17.41,--,117,203871,卖盘
1010,11:10:39,17.41,--,6,10446,卖盘
1011,11:10:30,17.41,--,100,174100,卖盘
1012,11:10:15,17.41,-0.01,8,13928,卖盘
1013,11:10:09,17.42,--,5,8710,买盘
1014,11:10:00,17.42,0.01,10,17420,买盘
1015,11:09:54,17.41,-0.01,612,1066902,卖盘
1016,11:09:50,17.42,0.01,5,8710,买盘
1017,11:09:39,17.41,-0.01,68,118388,卖盘
1018,11:09:34,17.42,--,21,36582,买盘
1019,11:09:24,17.42,0.01,30,52260,买盘
1020,11:09:19,17.41,-0.01,18,31686,卖盘
1021,11:09:15,17.42,--,3,5226,买盘
1022,11:08:54,17.42,-0.01,110,193292,卖盘
1023,11:08:39,17.43,-0.01,5,8715,卖盘
1024,11:08:29,17.44,0.02,2,3488,买盘
1025,11:08:14,17.42,-0.03,8,15416,卖盘
1026,11:08:09,17.45,--,0,0,买盘
1027,11:08:04,17.45,--,3,5235,买盘
1028,11:07:49,17.45,--,1,1745,买盘
1029,11:07:39,17.45,0.03,2,3490,买盘
1030,11:07:14,17.42,-0.03,10,17420,卖盘
1031,11:07:09,17.45,0.03,1,1745,买盘
1032,11:06:59,17.42,-0.03,17,30537,卖盘
1033,11:06:54,17.45,--,5,8725,买盘
1034,11:06:44,17.45,--,3,5235,买盘
1035,11:06:24,17.45,0.03,3,5235,买盘
1036,11:06:09,17.42,-0.03,2,3484,卖盘
1037,11:05:59,17.45,--,9,15705,买盘
1038,11:05:39,17.45,0.03,3,5235,买盘
1039,11:05:33,17.42,-0.03,7,12194,卖盘
1040,11:04:48,17.45,--,10,18130,买盘
1041,11:04:39,17.45,--,10,17921,买盘
1042,11:04:03,17.45,0.04,3,5235,买盘
1043,11:03:59,17.41,--,0,0,卖盘
1044,11:03:48,17.41,--,2,3482,卖盘
1045,11:03:44,17.41,-0.01,17,31320,卖盘
1046,11:03:33,17.42,--,1,1811,买盘
1047,11:03:24,17.42,--,13,24318,卖盘
1048,11:03:09,17.42,-0.03,19,33098,卖盘
1049,11:02:59,17.45,0.03,20,34900,买盘
1050,11:02:54,17.42,--,2,3484,卖盘
1051,11:02:44,17.42,-0.03,100,174200,卖盘
1052,11:02:14,17.45,--,68,118660,买盘
1053,11:02:08,17.45,0.03,5,8725,卖盘
1054,11:02:03,17.42,--,0,0,卖盘
1055,11:01:54,17.42,-0.03,50,87100,卖盘
1056,11:01:48,17.45,0.03,27,47115,卖盘
1057,11:01:44,17.42,0.01,318,554025,买盘
1058,11:01:29,17.41,--,2,3482,卖盘
1059,11:01:24,17.41,--,9,17166,卖盘
1060,11:01:18,17.41,--,50,87050,卖盘
1061,11:01:13,17.41,--,45,78345,买盘
1062,11:01:09,17.41,0.01,7,12187,买盘
1063,11:01:03,17.4,-0.01,536,933614,卖盘
1064,11:00:58,17.41,--,10,17410,买盘
1065,11:00:53,17.41,-0.01,48,84003,卖盘
1066,11:00:48,17.42,0.01,33,57486,买盘
1067,11:00:43,17.41,-0.01,230,400430,卖盘
1068,11:00:33,17.42,0.01,54,94068,买盘
1069,11:00:28,17.41,--,7,12187,卖盘
1070,11:00:23,17.41,-0.01,21,37466,卖盘
1071,11:00:18,17.42,0.01,738,1287007,买盘
1072,11:00:13,17.41,-0.01,205,356974,卖盘
1073,11:00:08,17.42,-0.01,470,818740,卖盘
1074,11:00:03,17.43,-0.01,378,660196,卖盘
1075,10:59:53,17.44,--,11,19184,买盘
1076,10:59:43,17.44,-0.01,67,118190,卖盘
1077,10:59:38,17.45,-0.02,100,174500,卖盘
1078,10:59:33,17.47,0.01,26,45422,买盘
1079,10:59:23,17.46,-0.01,6,10476,买盘
1080,10:59:18,17.47,--,0,0,中性盘
1081,10:59:08,17.47,0.03,10,17470,买盘
1082,10:59:03,17.44,--,126,219744,卖盘
1083,10:58:57,17.44,-0.04,69,120336,卖盘
1084,10:58:53,17.48,0.03,17,30555,买盘
1085,10:58:48,17.45,-0.02,159,277455,卖盘
1086,10:58:42,17.47,--,110,192170,卖盘
1087,10:58:38,17.47,0.03,73,127530,买盘
1088,10:58:27,17.44,--,0,0,卖盘
1089,10:58:23,17.44,-0.03,66,115104,卖盘
1090,10:58:12,17.47,--,0,0,买盘
1091,10:58:08,17.47,--,49,85603,卖盘
1092,10:58:03,17.47,--,19,33193,买盘
1093,10:57:53,17.47,0.03,4,6988,买盘
1094,10:57:48,17.44,--,6,10464,卖盘
1095,10:57:42,17.44,--,0,0,卖盘
1096,10:57:38,17.44,-0.01,20,36449,卖盘
1097,10:57:33,17.45,-0.01,13,22685,卖盘
1098,10:57:27,17.46,--,0,0,中性盘
1099,10:57:23,17.46,-0.02,100,174600,卖盘
1100,10:57:18,17.48,--,30,52440,买盘
1101,10:57:12,17.48,--,3,5244,买盘
1102,10:57:08,17.48,0.01,71,125751,买盘
1103,10:57:03,17.47,--,7,12229,卖盘
1104,10:56:57,17.47,--,2,3494,卖盘
1105,10:56:53,17.47,--,5,10219,买盘
1106,10:56:38,17.47,--,19,33193,买盘
1107,10:56:33,17.47,--,54,94338,买盘
1108,10:56:27,17.47,--,52,90844,买盘
1109,10:56:18,17.47,0.02,3,5241,买盘
1110,10:56:08,17.45,-0.02,8,14884,卖盘
1111,10:55:48,17.47,--,4,6988,买盘
1112,10:55:38,17.47,--,52,90844,买盘
1113,10:55:33,17.47,--,53,92591,买盘
1114,10:55:27,17.47,0.01,27,47169,买盘
1115,10:55:23,17.46,--,3,5238,买盘
1116,10:55:18,17.46,--,7,12222,卖盘
1117,10:55:08,17.46,-0.01,2,3492,卖盘
1118,10:55:02,17.47,0.02,32,55904,买盘
1119,10:54:57,17.45,--,1,1745,买盘
1120,10:54:53,17.45,-0.02,163,284435,卖盘
1121,10:54:38,17.47,0.03,54,94338,买盘
1122,10:54:32,17.44,-0.01,17,31130,卖盘
1123,10:54:27,17.45,--,41,71545,买盘
1124,10:54:23,17.45,0.01,5,8725,买盘
1125,10:54:17,17.44,-0.01,6,10464,卖盘
1126,10:54:12,17.45,-0.01,14,24430,卖盘
1127,10:54:08,17.46,0.01,95,165870,买盘
1128,10:54:02,17.45,--,98,171027,买盘
1129,10:53:57,17.45,--,9,15705,买盘
1130,10:53:47,17.45,--,54,94230,买盘
1131,10:53:42,17.45,--,3,5235,买盘
1132,10:53:23,17.45,--,50,87250,买盘
1133,10:53:17,17.45,--,4,6980,买盘
1134,10:53:12,17.45,--,84,146580,买盘
1135,10:53:02,17.45,--,6,10470,买盘
1136,10:52:47,17.45,0.01,7,12215,买盘
1137,10:52:42,17.44,-0.01,1,1744,卖盘
1138,10:52:32,17.45,0.01,20,34900,买盘
1139,10:52:27,17.44,--,12,22096,卖盘
1140,10:52:22,17.44,-0.01,2,3488,卖盘
1141,10:52:12,17.45,0.02,2,3490,买盘
1142,10:52:06,17.43,-0.02,89,155127,卖盘
1143,10:51:57,17.45,--,3,5235,买盘
1144,10:51:51,17.45,--,13,22685,买盘
1145,10:51:47,17.45,0.01,13,22685,买盘
1146,10:51:42,17.44,-0.01,43,74992,卖盘
1147,10:51:27,17.45,0.01,5,8725,买盘
1148,10:51:17,17.44,-0.01,52,90688,卖盘
1149,10:51:12,17.45,0.01,14,24430,买盘
1150,10:51:06,17.44,-0.01,16,29142,卖盘
1151,10:51:02,17.45,0.02,151,263495,买盘
1152,10:50:57,17.43,-0.02,3,6135,买盘
1153,10:50:51,17.45,--,0,0,买盘
1154,10:50:47,17.45,--,335,584575,买盘
1155,10:50:42,17.45,0.02,10,17450,买盘
1156,10:50:32,17.43,--,4,6972,卖盘
1157,10:50:27,17.43,-0.02,2,3486,卖盘
1158,10:50:21,17.45,0.01,42,73290,买盘
1159,10:50:12,17.44,0.02,29,50576,买盘
1160,10:50:01,17.42,--,7,13726,卖盘
1161,10:49:32,17.42,-0.02,56,97552,卖盘
1162,10:49:21,17.44,--,54,94176,买盘
1163,10:49:12,17.44,--,100,174400,买盘
1164,10:48:36,17.44,--,54,94176,买盘
1165,10:48:32,17.44,--,75,131672,买盘
1166,10:48:27,17.44,0.02,109,190096,买盘
1167,10:48:17,17.42,-0.01,3,5226,卖盘
1168,10:48:12,17.43,--,6,10458,买盘
1169,10:48:06,17.43,-0.01,14,24402,卖盘
1170,10:48:02,17.44,--,97,169168,中性盘
1171,10:47:57,17.44,0.01,320,558080,中性盘
1172,10:47:51,17.43,-0.02,9,15687,卖盘
1173,10:47:47,17.45,0.02,492,858540,买盘
1174,10:47:42,17.43,--,0,0,中性盘
1175,10:47:36,17.43,--,339,590877,买盘
1176,10:47:32,17.43,--,237,413091,卖盘
1177,10:47:26,17.43,0.01,6,10458,买盘
1178,10:47:21,17.42,0.01,105,182910,买盘
1179,10:47:16,17.41,0.01,45,78345,中性盘
1180,10:47:12,17.4,--,240,417599,卖盘
1181,10:47:06,17.4,--,3456,6013666,卖盘
1182,10:47:02,17.4,-0.01,107,186667,卖盘
1183,10:46:56,17.41,0.01,364,633724,买盘
1184,10:46:51,17.4,-0.01,240,417634,卖盘
1185,10:46:47,17.41,--,613,1067233,卖盘
1186,10:46:41,17.41,-0.01,80,140080,卖盘
1187,10:46:36,17.42,--,20,35780,卖盘
1188,10:46:31,17.42,-0.01,33,57486,卖盘
1189,10:46:26,17.43,0.01,10,17430,买盘
1190,10:46:16,17.42,-0.01,10,18221,中性盘
1191,10:46:11,17.43,0.01,2,3486,买盘
1192,10:46:06,17.42,--,4,6968,卖盘
1193,10:46:02,17.42,--,6,12054,买盘
1194,10:45:56,17.42,--,17,29614,买盘
1195,10:45:46,17.42,--,6,10452,买盘
1196,10:45:41,17.42,0.01,5,8710,买盘
1197,10:45:36,17.41,-0.01,15,26115,卖盘
1198,10:45:31,17.42,--,1,1742,买盘
1199,10:45:26,17.42,--,1,1742,买盘
1200,10:45:21,17.42,-0.01,17,29753,卖盘
1201,10:45:16,17.43,0.01,21,36603,买盘
1202,10:45:11,17.42,-0.01,68,118456,卖盘
1203,10:45:06,17.43,--,19,34720,买盘
1204,10:45:01,17.43,--,54,94122,买盘
1205,10:44:56,17.43,--,15,26145,买盘
1206,10:44:41,17.43,--,0,0,买盘
1207,10:44:36,17.43,-0.01,5,8715,买盘
1208,10:44:26,17.44,--,0,0,买盘
1209,10:44:21,17.44,0.01,108,188352,买盘
1210,10:44:11,17.43,0.01,63,109809,买盘
1211,10:44:06,17.42,--,68,118456,买盘
1212,10:43:56,17.42,--,2,3484,买盘
1213,10:43:45,17.42,--,22,38324,买盘
1214,10:43:36,17.42,--,5,8710,买盘
1215,10:43:30,17.42,--,8,13936,买盘
1216,10:43:25,17.42,0.01,117,204458,买盘
1217,10:43:21,17.41,--,2,3482,卖盘
1218,10:43:10,17.41,--,40,69640,卖盘
1219,10:43:06,17.41,-0.02,26,45788,卖盘
1220,10:43:00,17.43,0.01,4,6972,买盘
1221,10:42:51,17.42,0.01,210,367039,买盘
1222,10:42:45,17.41,--,70,122670,卖盘
1223,10:42:36,17.41,-0.01,19,33096,卖盘
1224,10:42:25,17.42,--,332,578866,卖盘
1225,10:42:21,17.42,--,37,64454,卖盘
1226,10:42:15,17.42,-0.01,24,41808,卖盘
1227,10:42:10,17.43,--,49,85407,卖盘
1228,10:42:00,17.43,--,10,17430,卖盘
1229,10:41:55,17.43,-0.01,24,41832,卖盘
1230,10:41:40,17.44,--,200,348800,买盘
1231,10:41:36,17.44,--,5,8720,买盘
1232,10:41:25,17.44,0.01,11,19184,买盘
1233,10:41:21,17.43,-0.01,30,52290,卖盘
1234,10:41:06,17.44,0.01,3,5232,买盘
1235,10:41:00,17.43,-0.01,7,12201,卖盘
1236,10:40:51,17.44,--,0,0,买盘
1237,10:40:45,17.44,0.02,54,94176,买盘
1238,10:40:40,17.42,--,5,8710,卖盘
1239,10:40:36,17.42,--,10,17420,卖盘
1240,10:40:30,17.42,--,7,12194,卖盘
1241,10:40:21,17.42,-0.01,70,121940,卖盘
1242,10:40:15,17.43,--,1,1743,买盘
1243,10:40:10,17.43,0.01,4,6972,买盘
1244,10:40:05,17.42,--,9,16670,卖盘
1245,10:40:00,17.42,--,3,5226,卖盘
1246,10:39:55,17.42,--,65,113230,卖盘
1247,10:39:50,17.42,-0.01,3,5226,卖盘
1248,10:39:45,17.43,0.01,83,144669,买盘
1249,10:39:35,17.42,--,49,85358,卖盘
1250,10:39:20,17.42,-0.01,3,5226,卖盘
1251,10:39:15,17.43,0.01,3,5229,买盘
1252,10:39:00,17.42,-0.01,16,29283,卖盘
1253,10:38:55,17.43,0.01,66,115038,买盘
1254,10:38:50,17.42,--,3,5226,卖盘
1255,10:38:45,17.42,-0.01,5,8710,卖盘
1256,10:38:40,17.43,0.01,4,6972,买盘
1257,10:38:35,17.42,--,2,3484,卖盘
1258,10:38:30,17.42,-0.01,3,5226,卖盘
1259,10:38:25,17.43,--,76,132468,买盘
1260,10:38:20,17.43,0.01,10,17430,买盘
1261,10:38:10,17.42,-0.01,3,5226,卖盘
1262,10:38:05,17.43,--,83,144669,买盘
1263,10:38:00,17.43,0.01,30,52290,买盘
1264,10:37:50,17.42,-0.01,69,120198,卖盘
1265,10:37:35,17.43,--,3,5229,买盘
1266,10:37:30,17.43,0.01,1,1743,买盘
1267,10:37:25,17.42,-0.01,5,8710,卖盘
1268,10:37:20,17.43,0.01,9,16244,买盘
1269,10:37:05,17.42,--,6,10452,卖盘
1270,10:37:00,17.42,-0.01,3,5226,卖盘
1271,10:36:55,17.43,0.01,12,20916,买盘
1272,10:36:50,17.42,--,24,41808,卖盘
1273,10:36:45,17.42,-0.01,8,13936,卖盘
1274,10:36:40,17.43,0.01,4,6972,买盘
1275,10:36:24,17.42,--,1,1742,卖盘
1276,10:36:20,17.42,--,27,47034,买盘
1277,10:36:09,17.42,0.01,56,97552,买盘
1278,10:36:05,17.41,-0.01,145,252549,卖盘
1279,10:36:00,17.42,--,132,229944,买盘
1280,10:35:54,17.42,--,4,6968,买盘
1281,10:35:50,17.42,--,3,5226,买盘
1282,10:35:35,17.42,--,57,99294,买盘
1283,10:35:30,17.42,--,2,3484,买盘
1284,10:35:24,17.42,--,58,101036,买盘
1285,10:35:20,17.42,--,54,94068,买盘
1286,10:35:14,17.42,--,173,301366,买盘
1287,10:35:09,17.42,--,162,282204,买盘
1288,10:35:05,17.42,--,12,20904,买盘
1289,10:35:00,17.42,--,2,3484,买盘
1290,10:34:54,17.42,--,3,5226,买盘
1291,10:34:49,17.42,0.01,3,5226,买盘
1292,10:34:45,17.41,-0.01,28,49322,卖盘
1293,10:34:30,17.42,0.01,10,17420,买盘
1294,10:34:24,17.41,-0.01,100,174100,卖盘
1295,10:34:19,17.42,0.01,3,5226,买盘
1296,10:34:15,17.41,--,51,88791,卖盘
1297,10:34:04,17.41,--,70,121870,卖盘
1298,10:34:00,17.41,--,5,8705,卖盘
1299,10:33:49,17.41,--,21,36648,卖盘
1300,10:33:45,17.41,-0.01,1,1741,卖盘
1301,10:33:39,17.42,--,10,17420,买盘
1302,10:33:30,17.42,0.01,4,6968,买盘
1303,10:33:19,17.41,--,72,125926,卖盘
1304,10:33:09,17.41,--,5,8705,卖盘
1305,10:33:04,17.41,-0.01,4,6964,卖盘
1306,10:33:00,17.42,0.01,57,99294,买盘
1307,10:32:54,17.41,-0.01,10,17410,卖盘
1308,10:32:44,17.42,0.01,44,76648,买盘
1309,10:32:34,17.41,-0.01,13,22633,卖盘
1310,10:32:24,17.42,0.01,54,94068,买盘
1311,10:32:19,17.41,--,90,156690,卖盘
1312,10:32:04,17.41,--,14,24374,卖盘
1313,10:31:59,17.41,-0.01,156,271596,卖盘
1314,10:31:54,17.42,0.01,4,6968,买盘
1315,10:31:44,17.41,--,7,12187,卖盘
1316,10:31:34,17.41,--,13,23990,卖盘
1317,10:31:24,17.41,--,5,8705,卖盘
1318,10:31:19,17.41,--,3,5223,卖盘
1319,10:31:14,17.41,--,20,34820,卖盘
1320,10:30:49,17.41,--,3,5223,卖盘
1321,10:30:39,17.41,-0.01,2,3482,卖盘
1322,10:30:34,17.42,0.01,14,24388,买盘
1323,10:30:29,17.41,--,146,254186,卖盘
1324,10:30:19,17.41,-0.01,12,20892,卖盘
1325,10:30:14,17.42,0.01,44,76648,买盘
1326,10:30:09,17.41,-0.01,12,20892,卖盘
1327,10:30:04,17.42,--,3,5226,买盘
1328,10:29:59,17.42,-0.01,18,32401,卖盘
1329,10:29:54,17.43,--,10,17430,买盘
1330,10:29:49,17.43,0.01,108,188244,买盘
1331,10:29:44,17.42,--,11,19162,卖盘
1332,10:29:34,17.42,--,3,5226,卖盘
1333,10:29:29,17.42,-0.01,5,8710,卖盘
1334,10:29:19,17.43,--,132,230076,买盘
1335,10:29:04,17.43,--,165,287595,买盘
1336,10:28:59,17.43,--,3,5229,买盘
1337,10:28:54,17.43,--,36,62748,买盘
1338,10:28:44,17.43,0.01,50,87150,买盘
1339,10:28:39,17.42,-0.01,5,8710,卖盘
1340,10:28:34,17.43,--,4,6972,买盘
1341,10:28:29,17.43,--,1,1743,买盘
1342,10:28:09,17.43,--,8,13944,买盘
1343,10:28:04,17.43,0.01,6,10458,买盘
1344,10:27:59,17.42,--,9,15765,卖盘
1345,10:27:54,17.42,-0.01,3,5226,卖盘
1346,10:27:48,17.43,--,2,3486,买盘
1347,10:27:44,17.43,--,34,60429,卖盘
1348,10:27:39,17.43,-0.01,17,30206,卖盘
1349,10:27:29,17.44,0.01,20,34880,买盘
1350,10:27:24,17.43,-0.01,1,1743,卖盘
1351,10:27:14,17.44,--,6,10464,买盘
1352,10:27:03,17.44,--,8,13952,买盘
1353,10:26:54,17.44,0.01,3,5232,买盘
1354,10:26:43,17.43,-0.01,15,26145,买盘
1355,10:26:39,17.44,0.02,54,94176,买盘
1356,10:26:33,17.42,--,11,19162,卖盘
1357,10:26:28,17.42,-0.01,60,104520,卖盘
1358,10:26:24,17.43,--,3,5229,买盘
1359,10:26:18,17.43,--,3,5229,买盘
1360,10:26:09,17.43,--,12,20916,买盘
1361,10:26:03,17.43,0.01,5,8715,买盘
1362,10:25:58,17.42,-0.01,5,8710,卖盘
1363,10:25:54,17.43,--,10,17430,买盘
1364,10:25:48,17.43,--,21,36603,买盘
1365,10:25:43,17.43,0.01,3,5229,买盘
1366,10:25:33,17.42,-0.01,8,14754,卖盘
1367,10:25:28,17.43,0.01,4,6972,买盘
1368,10:25:23,17.42,-0.01,11,19162,卖盘
1369,10:25:13,17.43,--,65,113295,买盘
1370,10:25:09,17.43,0.01,59,102837,买盘
1371,10:24:53,17.42,--,0,1585,买盘
1372,10:24:43,17.42,-0.01,7,12350,卖盘
1373,10:24:38,17.43,0.01,41,73049,买盘
1374,10:24:23,17.42,--,20,34840,卖盘
1375,10:24:18,17.42,--,19,33098,卖盘
1376,10:24:08,17.42,0.01,42,73164,买盘
1377,10:23:58,17.41,--,36,62676,卖盘
1378,10:23:53,17.41,--,73,127093,卖盘
1379,10:23:48,17.41,-0.01,5,8705,卖盘
1380,10:23:43,17.42,--,162,282204,买盘
1381,10:23:38,17.42,--,90,156780,买盘
1382,10:23:33,17.42,--,11,19162,买盘
1383,10:23:23,17.42,0.01,3,5226,买盘
1384,10:23:13,17.41,--,6,10446,卖盘
1385,10:23:08,17.41,--,138,240258,卖盘
1386,10:22:58,17.41,-0.01,3,5223,卖盘
1387,10:22:53,17.42,0.01,26,45292,买盘
1388,10:22:43,17.41,--,50,87050,卖盘
1389,10:22:38,17.41,--,23,40217,买盘
1390,10:22:33,17.41,--,4,6964,买盘
1391,10:22:28,17.41,--,42,74688,卖盘
1392,10:22:23,17.41,--,13,22807,卖盘
1393,10:22:13,17.41,--,19,33079,卖盘
1394,10:22:08,17.41,0.01,32,55712,买盘
1395,10:21:58,17.4,-0.01,35,60899,卖盘
1396,10:21:53,17.41,0.01,10,17410,买盘
1397,10:21:43,17.4,-0.01,35,60899,卖盘
1398,10:21:38,17.41,--,88,153208,买盘
1399,10:21:33,17.41,0.01,5,8705,中性盘
1400,10:21:28,17.4,-0.01,49,86617,卖盘
1401,10:21:13,17.41,--,131,228071,卖盘
1402,10:21:08,17.41,0.01,51,88791,买盘
1403,10:21:03,17.4,-0.01,35,60899,卖盘
1404,10:20:58,17.41,0.01,5,8705,买盘
1405,10:20:53,17.4,-0.01,97,168780,卖盘
1406,10:20:48,17.41,-0.01,5,8705,买盘
1407,10:20:43,17.42,0.01,15,26130,买盘
1408,10:20:38,17.41,--,91,158431,卖盘
1409,10:20:33,17.41,0.01,2,3482,卖盘
1410,10:20:27,17.4,--,0,0,卖盘
1411,10:20:23,17.4,-0.01,59,102659,卖盘
1412,10:20:18,17.41,0.01,10,17410,中性盘
1413,10:20:13,17.4,-0.02,132,229679,卖盘
1414,10:20:08,17.42,0.01,66,114972,买盘
1415,10:20:03,17.41,--,38,66158,买盘
1416,10:19:57,17.41,--,59,102719,卖盘
1417,10:19:53,17.41,--,44,76604,卖盘
1418,10:19:48,17.41,--,13,22633,卖盘
1419,10:19:38,17.41,0.01,48,83568,买盘
1420,10:19:33,17.4,-0.01,5,8700,卖盘
1421,10:19:27,17.41,--,10,17410,买盘
1422,10:19:22,17.41,--,14,24374,买盘
1423,10:19:18,17.41,0.01,14,24443,买盘
1424,10:19:07,17.4,--,73,127019,卖盘
1425,10:19:03,17.4,--,65,113099,卖盘
1426,10:18:47,17.4,-0.01,111,193139,卖盘
1427,10:18:42,17.41,--,15,26115,买盘
1428,10:18:37,17.41,--,59,103310,买盘
1429,10:18:32,17.41,0.01,30,52230,买盘
1430,10:18:27,17.4,--,6,10440,卖盘
1431,10:18:22,17.4,--,1,1739,卖盘
1432,10:18:17,17.4,--,6,10440,卖盘
1433,10:18:12,17.4,-0.01,2,3479,卖盘
1434,10:18:07,17.41,0.01,44,76604,买盘
1435,10:18:02,17.4,-0.01,43,74820,卖盘
1436,10:17:57,17.41,0.01,5,8705,买盘
1437,10:17:52,17.4,--,46,80040,卖盘
1438,10:17:47,17.4,-0.01,220,382799,卖盘
1439,10:17:37,17.41,--,19,33079,买盘
1440,10:17:32,17.41,--,4,6964,卖盘
1441,10:17:17,17.41,--,10,17410,买盘
1442,10:17:07,17.41,--,49,85309,卖盘
1443,10:17:02,17.41,0.01,3,5223,卖盘
1444,10:16:52,17.4,-0.01,2,3479,卖盘
1445,10:16:47,17.41,--,24,41784,买盘
1446,10:16:42,17.41,--,14,24374,卖盘
1447,10:16:37,17.41,--,7,12187,买盘
1448,10:16:26,17.41,0.01,5,8705,买盘
1449,10:16:22,17.4,--,2,3479,卖盘
1450,10:16:17,17.4,-0.01,76,133475,卖盘
1451,10:16:12,17.41,-0.01,3,5223,卖盘
1452,10:16:07,17.42,0.01,19,33098,买盘
1453,10:16:02,17.41,--,55,96503,卖盘
1454,10:15:57,17.41,--,1,1741,卖盘
1455,10:15:52,17.41,-0.01,23,40043,卖盘
1456,10:15:47,17.42,0.01,3,5226,买盘
1457,10:15:37,17.41,--,81,141734,卖盘
1458,10:15:32,17.41,--,39,67899,卖盘
1459,10:15:26,17.41,--,1255,2184955,卖盘
1460,10:15:22,17.41,--,4,6964,卖盘
1461,10:15:17,17.41,--,41,71381,卖盘
1462,10:15:12,17.41,--,83,145669,卖盘
1463,10:15:07,17.41,-0.02,534,930738,卖盘
1464,10:15:02,17.43,0.01,7,12201,买盘
1465,10:14:57,17.42,--,35,60970,卖盘
1466,10:14:52,17.42,--,59,102778,卖盘
1467,10:14:47,17.42,--,47,81874,卖盘
1468,10:14:41,17.42,-0.02,43,74906,卖盘
1469,10:14:37,17.44,0.02,20,34880,买盘
1470,10:14:32,17.42,--,6,10452,卖盘
1471,10:14:22,17.42,--,26,45292,卖盘
1472,10:14:17,17.42,-0.02,131,228202,卖盘
1473,10:14:07,17.44,0.02,19,33136,买盘
1474,10:14:02,17.42,--,33,57486,卖盘
1475,10:13:57,17.42,-0.01,35,60970,卖盘
1476,10:13:52,17.43,--,74,130498,买盘
1477,10:13:47,17.43,--,37,64491,买盘
1478,10:13:42,17.43,-0.01,285,496981,卖盘
1479,10:13:37,17.44,--,19,33136,买盘
1480,10:13:32,17.44,--,6,10464,买盘
1481,10:13:17,17.44,--,10,17440,买盘
1482,10:13:06,17.44,0.01,20,34880,买盘
1483,10:13:02,17.43,-0.01,20,34860,卖盘
1484,10:12:47,17.44,0.01,5,8720,买盘
1485,10:12:42,17.43,--,11,19173,卖盘
1486,10:12:36,17.43,--,22,38346,卖盘
1487,10:12:20,17.43,-0.01,21,37579,卖盘
1488,10:12:17,17.44,--,19,33136,买盘
1489,10:12:05,17.44,0.01,19,33136,买盘
1490,10:11:50,17.43,--,54,94122,卖盘
1491,10:11:47,17.43,-0.01,11,19173,卖盘
1492,10:11:36,17.44,0.01,16,27904,买盘
1493,10:11:31,17.43,--,4,6972,卖盘
1494,10:11:26,17.43,--,6,10458,卖盘
1495,10:11:16,17.43,-0.01,12,20916,卖盘
1496,10:11:11,17.44,0.01,9,15696,买盘
1497,10:11:01,17.43,-0.01,7,12201,卖盘
1498,10:10:56,17.44,--,124,216256,买盘
1499,10:10:51,17.44,0.01,3,5232,买盘
1500,10:10:41,17.43,--,2,3486,卖盘
1501,10:10:35,17.43,--,25,43575,卖盘
1502,10:10:26,17.43,--,1,1743,卖盘
1503,10:10:16,17.43,--,20,34860,卖盘
1504,10:10:11,17.43,--,14,24402,卖盘
1505,10:10:01,17.43,-0.01,57,99351,卖盘
1506,10:09:46,17.44,0.01,5,8720,买盘
1507,10:09:41,17.43,-0.01,120,209160,卖盘
1508,10:09:31,17.44,0.01,54,94176,买盘
1509,10:09:26,17.43,--,193,336939,买盘
1510,10:09:21,17.43,--,54,94122,买盘
1511,10:09:11,17.43,--,18,31374,买盘
1512,10:09:05,17.43,--,9,15687,买盘
1513,10:09:01,17.43,--,24,41832,买盘
1514,10:08:56,17.43,0.01,39,67977,买盘
1515,10:08:51,17.42,-0.01,1,1742,卖盘
1516,10:08:41,17.43,--,11,19173,买盘
1517,10:08:35,17.43,--,5,8715,买盘
1518,10:08:16,17.43,--,10,17430,买盘
1519,10:08:11,17.43,--,4,6972,买盘
1520,10:07:55,17.43,0.01,4,6972,买盘
1521,10:07:50,17.42,--,16,27872,卖盘
1522,10:07:46,17.42,--,49,85358,卖盘
1523,10:07:25,17.42,--,38,66196,卖盘
1524,10:07:21,17.42,--,15,26130,卖盘
1525,10:07:16,17.42,--,30,52260,卖盘
1526,10:07:11,17.42,-0.01,8,13936,卖盘
1527,10:07:06,17.43,0.01,25,43575,买盘
1528,10:07:01,17.42,-0.01,15,26130,卖盘
1529,10:06:55,17.43,--,20,34860,买盘
1530,10:06:51,17.43,0.01,3,5229,买盘
1531,10:06:46,17.42,--,31,54002,卖盘
1532,10:06:41,17.42,--,45,78390,卖盘
1533,10:06:31,17.42,-0.01,10,17420,卖盘
1534,10:06:25,17.43,--,100,174300,买盘
1535,10:06:21,17.43,0.01,5,8715,买盘
1536,10:06:10,17.42,-0.01,105,183833,卖盘
1537,10:05:55,17.43,--,56,97608,买盘
1538,10:05:46,17.43,-0.01,298,520616,卖盘
1539,10:05:40,17.44,--,27,47088,买盘
1540,10:05:36,17.44,--,3,5232,买盘
1541,10:05:31,17.44,--,184,320896,买盘
1542,10:05:25,17.44,--,4,6976,买盘
1543,10:05:20,17.44,--,2,3488,买盘
1544,10:05:16,17.44,--,24,41856,卖盘
1545,10:05:10,17.44,0.01,10,17440,中性盘
1546,10:05:05,17.43,--,4,6972,卖盘
1547,10:05:01,17.43,--,50,87150,卖盘
1548,10:04:55,17.43,--,4,6972,卖盘
1549,10:04:50,17.43,-0.01,10,17430,卖盘
1550,10:04:46,17.44,0.01,413,720812,买盘
1551,10:04:30,17.43,--,5,8715,卖盘
1552,10:04:20,17.43,--,5,8715,卖盘
1553,10:04:15,17.43,--,35,61005,卖盘
1554,10:04:10,17.43,-0.01,70,122010,卖盘
1555,10:03:59,17.44,0.01,147,256368,买盘
1556,10:03:50,17.43,--,75,130725,卖盘
1557,10:03:40,17.43,--,5,8715,卖盘
1558,10:03:35,17.43,-0.01,57,99351,卖盘
1559,10:03:29,17.44,--,315,550563,卖盘
1560,10:03:20,17.44,--,300,523200,卖盘
1561,10:03:14,17.44,--,50,87200,卖盘
1562,10:03:10,17.44,--,154,268576,卖盘
1563,10:03:05,17.44,--,27,47088,卖盘
1564,10:02:59,17.44,-0.01,2,3488,卖盘
1565,10:02:55,17.45,--,10,17450,买盘
1566,10:02:40,17.45,--,10,17450,买盘
1567,10:02:35,17.45,0.01,2,3490,买盘
1568,10:02:29,17.44,-0.01,20,34880,卖盘
1569,10:02:20,17.45,0.01,3,5235,买盘
1570,10:02:14,17.44,--,0,0,卖盘
1571,10:02:10,17.44,-0.02,125,218000,卖盘
1572,10:02:05,17.46,0.01,59,103014,买盘
1573,10:01:50,17.45,--,30,52350,卖盘
1574,10:01:40,17.45,--,2,3490,卖盘
1575,10:01:25,17.45,-0.01,6,10470,卖盘
1576,10:01:10,17.46,0.01,2,3492,卖盘
1577,10:01:04,17.45,--,0,0,卖盘
1578,10:00:59,17.45,-0.01,50,87250,卖盘
1579,10:00:55,17.46,-0.01,20,34920,卖盘
1580,10:00:49,17.47,0.01,5,8735,买盘
1581,10:00:44,17.46,--,3,5238,卖盘
1582,10:00:40,17.46,--,1,1746,卖盘
1583,10:00:34,17.46,--,192,336314,买盘
1584,10:00:29,17.46,0.01,11,19206,买盘
1585,10:00:25,17.45,--,7,12215,卖盘
1586,10:00:19,17.45,-0.01,83,146161,卖盘
1587,09:59:55,17.46,--,170,296820,买盘
1588,09:59:49,17.46,0.01,5,8730,买盘
1589,09:59:44,17.45,--,6,10470,卖盘
1590,09:59:40,17.45,-0.01,12,20940,卖盘
1591,09:59:34,17.46,--,20,34920,买盘
1592,09:59:29,17.46,0.01,15,26190,买盘
1593,09:59:25,17.45,--,4,6980,卖盘
1594,09:59:19,17.45,--,10,17450,卖盘
1595,09:59:14,17.45,-0.01,5,8725,卖盘
1596,09:59:04,17.46,--,54,94284,买盘
1597,09:58:54,17.46,0.01,23,40158,买盘
1598,09:58:49,17.45,-0.01,20,34900,卖盘
1599,09:58:44,17.46,0.01,22,38412,买盘
1600,09:58:39,17.45,--,2,3490,卖盘
1601,09:58:34,17.45,--,20,34900,卖盘
1602,09:58:25,17.45,--,7,12215,卖盘
1603,09:58:19,17.45,-0.01,23,40135,卖盘
1604,09:58:04,17.46,--,3,5238,买盘
1605,09:57:55,17.46,0.01,13,22698,买盘
1606,09:57:44,17.45,--,15,26175,卖盘
1607,09:57:40,17.45,-0.01,223,389920,卖盘
1608,09:57:34,17.46,--,4,6984,买盘
1609,09:57:14,17.46,--,2,3492,买盘
1610,09:57:09,17.46,0.01,12,20952,买盘
1611,09:56:55,17.45,--,2,3490,卖盘
1612,09:56:49,17.45,--,2,3490,卖盘
1613,09:56:39,17.45,--,4,6980,卖盘
1614,09:56:14,17.45,--,10,17450,卖盘
1615,09:56:04,17.45,-0.01,32,55840,卖盘
1616,09:55:59,17.46,0.01,3,5238,买盘
1617,09:55:54,17.45,--,15,26175,卖盘
1618,09:55:49,17.45,-0.01,20,34900,卖盘
1619,09:55:44,17.46,--,55,96030,买盘
1620,09:55:29,17.46,--,43,75078,买盘
1621,09:55:23,17.46,--,4,6984,买盘
1622,09:55:19,17.46,--,13,22698,买盘
1623,09:55:14,17.46,--,335,585992,卖盘
1624,09:55:04,17.46,-0.02,1,1746,卖盘
1625,09:54:59,17.48,--,1,1748,买盘
1626,09:54:49,17.48,0.02,3,5244,买盘
1627,09:54:44,17.46,-0.02,156,272376,卖盘
1628,09:54:34,17.48,--,22,38456,卖盘
1629,09:54:29,17.48,0.01,6,10488,买盘
1630,09:53:59,17.47,-0.01,35,61144,卖盘
1631,09:53:53,17.48,-0.01,9,15732,卖盘
1632,09:53:48,17.49,0.02,40,69960,买盘
1633,09:53:44,17.47,--,0,0,卖盘
1634,09:53:33,17.47,-0.03,55,96085,卖盘
1635,09:53:14,17.5,--,54,94500,买盘
1636,09:52:48,17.5,0.03,54,94500,买盘
1637,09:52:33,17.47,--,1,2096,卖盘
1638,09:52:28,17.47,-0.01,42,73374,卖盘
1639,09:52:18,17.48,0.01,49,85652,买盘
1640,09:52:13,17.47,--,11,19217,卖盘
1641,09:52:03,17.47,--,7,12229,卖盘
1642,09:51:58,17.47,-0.01,7,12229,卖盘
1643,09:51:48,17.48,--,2,3496,买盘
1644,09:51:43,17.48,--,46,80408,买盘
1645,09:51:28,17.48,--,54,94392,买盘
1646,09:51:13,17.48,--,61,106628,买盘
1647,09:51:08,17.48,0.01,10,17480,买盘
1648,09:50:53,17.47,--,2,3494,卖盘
1649,09:50:48,17.47,--,21,36687,卖盘
1650,09:50:43,17.47,--,3,5241,卖盘
1651,09:50:38,17.47,--,17,29698,买盘
1652,09:50:33,17.47,--,1,1747,买盘
1653,09:50:18,17.47,--,7,12229,卖盘
1654,09:50:13,17.47,-0.01,225,393075,卖盘
1655,09:50:08,17.48,--,76,132848,买盘
1656,09:50:03,17.48,0.01,10,17480,买盘
1657,09:49:58,17.47,-0.01,63,110061,卖盘
1658,09:49:48,17.48,--,1,1748,买盘
1659,09:49:43,17.48,0.01,50,87400,买盘
1660,09:49:33,17.47,-0.01,9,15722,卖盘
1661,09:49:28,17.48,0.02,160,279680,买盘
1662,09:49:23,17.46,-0.02,121,211266,卖盘
1663,09:49:13,17.48,0.02,5,8740,买盘
1664,09:49:08,17.46,--,19,33174,卖盘
1665,09:49:03,17.46,--,14,24444,卖盘
1666,09:48:58,17.46,-0.02,32,55872,卖盘
1667,09:48:53,17.48,0.02,11,19228,买盘
1668,09:48:48,17.46,--,0,0,卖盘
1669,09:48:43,17.46,--,2,3492,卖盘
1670,09:48:38,17.46,-0.03,100,174600,卖盘
1671,09:48:33,17.49,0.03,7,12242,买盘
1672,09:48:18,17.46,--,24,41904,卖盘
1673,09:48:13,17.46,-0.03,2,3492,卖盘
1674,09:48:08,17.49,0.03,39,68211,买盘
1675,09:48:03,17.46,-0.03,107,186822,卖盘
1676,09:47:58,17.49,0.03,3,5246,买盘
1677,09:47:53,17.46,--,34,59364,卖盘
1678,09:47:48,17.46,--,35,61110,卖盘
1679,09:47:43,17.46,--,120,209520,卖盘
1680,09:47:38,17.46,-0.04,383,668718,卖盘
1681,09:47:32,17.5,--,10,17500,买盘
1682,09:47:17,17.5,--,30,52500,买盘
1683,09:47:13,17.5,--,16,28000,买盘
1684,09:47:02,17.5,--,5,8750,买盘
1685,09:46:58,17.5,0.01,6,10500,买盘
1686,09:46:53,17.49,-0.01,36,63418,卖盘
1687,09:46:43,17.5,-0.01,11,20545,卖盘
1688,09:46:38,17.51,0.02,104,182104,买盘
1689,09:46:27,17.49,-0.02,11,20550,卖盘
1690,09:46:22,17.51,0.01,204,357204,买盘
1691,09:46:12,17.5,--,5,8750,买盘
1692,09:46:07,17.5,-0.01,141,246750,卖盘
1693,09:46:02,17.51,0.01,24,42024,买盘
1694,09:45:52,17.5,--,23,41562,卖盘
1695,09:45:47,17.5,--,106,185500,买盘
1696,09:45:37,17.5,--,111,194250,买盘
1697,09:45:32,17.5,--,9,15750,买盘
1698,09:45:27,17.5,--,35,61250,买盘
1699,09:45:22,17.5,0.01,3,5250,买盘
1700,09:45:17,17.49,-0.01,11,19239,卖盘
1701,09:45:02,17.5,0.01,22,38500,买盘
1702,09:44:57,17.49,0.01,29,50720,买盘
1703,09:44:52,17.48,--,53,92644,卖盘
1704,09:44:47,17.48,--,2,4370,卖盘
1705,09:44:42,17.48,--,1,1748,卖盘
1706,09:44:37,17.48,--,15,26220,买盘
1707,09:44:27,17.48,0.01,4,6992,买盘
1708,09:44:17,17.47,-0.01,50,87350,卖盘
1709,09:44:12,17.48,--,10,17480,买盘
1710,09:44:07,17.48,--,62,108376,买盘
1711,09:43:52,17.48,--,142,248216,买盘
1712,09:43:47,17.48,0.01,66,115368,买盘
1713,09:43:42,17.47,--,7,12229,卖盘
1714,09:43:37,17.47,-0.01,50,87350,卖盘
1715,09:43:32,17.48,--,6,10488,买盘
1716,09:43:27,17.48,0.01,4,6992,买盘
1717,09:43:17,17.47,--,1,1747,卖盘
1718,09:43:12,17.47,-0.01,11,20527,卖盘
1719,09:43:07,17.48,--,52,90896,买盘
1720,09:42:52,17.48,--,18,32775,买盘
1721,09:42:42,17.48,--,10,17480,买盘
1722,09:42:37,17.48,0.01,45,78660,买盘
1723,09:42:27,17.47,--,39,68133,卖盘
1724,09:42:22,17.47,-0.01,30,53720,卖盘
1725,09:42:17,17.48,--,4,6992,买盘
1726,09:42:07,17.48,--,37,64676,买盘
1727,09:42:02,17.48,--,65,114931,买盘
1728,09:41:57,17.48,--,4,6992,买盘
1729,09:41:52,17.48,--,20,34960,买盘
1730,09:41:47,17.48,--,1,1748,买盘
1731,09:41:42,17.48,--,16,27968,买盘
1732,09:41:37,17.48,--,5,8740,买盘
1733,09:41:32,17.48,--,6,10488,卖盘
1734,09:41:27,17.48,--,35,61180,买盘
1735,09:41:12,17.48,--,5,8740,买盘
1736,09:41:07,17.48,0.01,5,8740,买盘
1737,09:40:57,17.47,-0.01,11,19217,卖盘
1738,09:40:52,17.48,0.01,21,36708,买盘
1739,09:40:37,17.47,-0.01,26,45736,卖盘
1740,09:40:32,17.48,--,186,325128,买盘
1741,09:40:27,17.48,--,5,8740,买盘
1742,09:40:22,17.48,--,14,24472,买盘
1743,09:40:17,17.48,0.01,3,5244,买盘
1744,09:40:01,17.47,--,24,41928,买盘
1745,09:39:56,17.47,-0.01,52,90844,卖盘
1746,09:39:52,17.48,--,106,185288,买盘
1747,09:39:47,17.48,0.01,9,15732,买盘
1748,09:39:37,17.47,--,28,48916,卖盘
1749,09:39:32,17.47,--,50,87350,买盘
1750,09:39:26,17.47,--,4,6988,买盘
1751,09:39:22,17.47,--,14,24458,买盘
1752,09:39:16,17.47,-0.01,22,38434,卖盘
1753,09:39:11,17.48,0.01,124,216752,买盘
1754,09:39:06,17.47,0.01,1,1747,卖盘
1755,09:39:01,17.46,--,14,24444,卖盘
1756,09:38:56,17.46,--,33,57618,卖盘
1757,09:38:51,17.46,0.01,144,251424,卖盘
1758,09:38:41,17.45,-0.01,2,3490,卖盘
1759,09:38:36,17.46,--,2,3492,买盘
1760,09:38:31,17.46,--,35,61110,买盘
1761,09:38:26,17.46,--,1,1746,买盘
1762,09:38:21,17.46,-0.01,127,221742,卖盘
1763,09:38:16,17.47,0.01,4,6988,中性盘
1764,09:38:11,17.46,-0.01,25,43650,卖盘
1765,09:38:06,17.47,--,510,890970,买盘
1766,09:38:01,17.47,--,11,19217,买盘
1767,09:37:56,17.47,-0.01,47,82109,卖盘
1768,09:37:51,17.48,--,25,43700,买盘
1769,09:37:46,17.48,--,34,59432,买盘
1770,09:37:36,17.48,--,7,12236,买盘
1771,09:37:31,17.48,--,25,43700,买盘
1772,09:37:21,17.48,0.01,2,3496,买盘
1773,09:37:16,17.47,-0.01,27,47169,卖盘
1774,09:37:11,17.48,0.01,20,34960,买盘
1775,09:36:56,17.47,--,5,8735,卖盘
1776,09:36:51,17.47,--,117,204399,买盘
1777,09:36:46,17.47,--,10,17470,买盘
1778,09:36:36,17.47,--,2,3494,买盘
1779,09:36:31,17.47,0.01,28,48916,买盘
1780,09:36:26,17.46,-0.01,29,50634,卖盘
1781,09:36:16,17.47,0.01,7,12229,买盘
1782,09:36:06,17.46,-0.01,1,1746,卖盘
1783,09:36:01,17.47,--,6,10482,买盘
1784,09:35:51,17.47,--,5,8735,买盘
1785,09:35:46,17.47,--,20,34940,买盘
1786,09:35:41,17.47,--,20,34940,买盘
1787,09:35:36,17.47,--,16,27952,卖盘
1788,09:35:31,17.47,-0.01,20,34940,中性盘
1789,09:35:26,17.48,0.01,14,24472,买盘
1790,09:35:21,17.47,-0.01,9,15722,买盘
1791,09:35:16,17.48,0.02,10,17480,买盘
1792,09:35:11,17.46,-0.02,139,242694,卖盘
1793,09:35:06,17.48,0.01,58,101384,买盘
1794,09:35:01,17.47,0.01,65,113554,买盘
1795,09:34:56,17.46,-0.01,109,190314,卖盘
1796,09:34:51,17.47,--,27,47169,买盘
1797,09:34:46,17.47,--,35,61144,卖盘
1798,09:34:41,17.47,-0.01,24,41928,卖盘
1799,09:34:36,17.48,0.01,2,3496,买盘
1800,09:34:31,17.47,0.01,20,34940,买盘
1801,09:34:21,17.46,-0.01,93,162378,卖盘
1802,09:34:16,17.47,0.01,54,94338,买盘
1803,09:34:06,17.46,--,27,47142,卖盘
1804,09:34:01,17.46,--,33,57618,买盘
1805,09:33:56,17.46,--,9,15714,买盘
1806,09:33:51,17.46,0.01,168,293328,卖盘
1807,09:33:46,17.45,--,223,390496,卖盘
1808,09:33:36,17.45,--,41,71545,卖盘
1809,09:33:31,17.45,-0.01,272,474640,卖盘
1810,09:33:21,17.46,--,14,24444,买盘
1811,09:33:16,17.46,--,5,8730,买盘
1812,09:33:11,17.46,0.02,1,1746,买盘
1813,09:33:06,17.44,-0.03,217,379668,卖盘
1814,09:32:56,17.47,0.02,38,66386,中性盘
1815,09:32:46,17.45,-0.01,265,462425,卖盘
1816,09:32:40,17.46,--,294,513324,卖盘
1817,09:32:36,17.46,--,50,87300,卖盘
1818,09:32:25,17.46,--,70,122220,卖盘
1819,09:32:20,17.46,-0.01,10,17460,卖盘
1820,09:32:16,17.47,--,10,17470,买盘
1821,09:32:10,17.47,--,26,45422,买盘
1822,09:31:55,17.47,--,96,167712,卖盘
1823,09:31:50,17.47,-0.01,10,17470,卖盘
1824,09:31:46,17.48,-0.01,10,17480,卖盘
1825,09:31:40,17.49,0.02,5,8745,买盘
1826,09:31:35,17.47,--,0,0,卖盘
1827,09:31:31,17.47,-0.02,70,122289,卖盘
1828,09:31:25,17.49,--,26,45473,中性盘
1829,09:31:20,17.49,--,7,12242,卖盘
1830,09:31:15,17.49,-0.01,35,61214,卖盘
1831,09:31:10,17.5,--,10,17500,买盘
1832,09:31:00,17.5,--,9,15750,买盘
1833,09:30:55,17.5,-0.01,89,155750,卖盘
1834,09:30:50,17.51,--,1,1751,买盘
1835,09:30:45,17.51,--,29,51619,卖盘
1836,09:30:40,17.51,--,15,26265,卖盘
1837,09:30:35,17.51,--,0,910,买盘
1838,09:30:30,17.51,0.01,8,14008,买盘
1839,09:30:25,17.5,-0.01,18,31500,卖盘
1840,09:30:20,17.51,--,10,17510,买盘
1841,09:30:10,17.51,0.01,51,89301,买盘
1842,09:30:05,17.5,-0.01,106,185500,卖盘
1843,09:28:47,17.51,--,0,0,买盘
1844,09:25:08,17.51,17.51,173,302923,买盘
