,time,price,change,volume,amount,type
0,15:00:03,29.5,0.03,1874,5528300,买盘
1,14:57:00,29.47,-0.01,9,26523,卖盘
2,14:56:57,29.48,0.01,8,23584,买盘
3,14:56:54,29.47,-0.01,56,165032,卖盘
4,14:56:51,29.48,0.01,10,29480,买盘
5,14:56:48,29.47,-0.01,1,2947,卖盘
6,14:56:45,29.48,0.01,44,129712,买盘
7,14:56:42,29.47,-0.01,22,64834,卖盘
8,14:56:39,29.48,0.01,9,26532,中性盘
9,14:56:36,29.47,-0.01,84,247548,卖盘
10,14:56:33,29.48,--,17,50116,卖盘
11,14:56:30,29.48,--,41,120868,卖盘
12,14:56:27,29.48,--,132,389136,卖盘
13,14:56:24,29.48,--,23,67804,卖盘
14,14:56:21,29.48,--,128,377344,买盘
15,14:56:18,29.48,0.01,7,20636,买盘
16,14:56:15,29.47,--,51,150297,卖盘
17,14:56:12,29.47,-0.01,25,73675,卖盘
18,14:56:09,29.48,--,14,41272,买盘
19,14:56:06,29.48,--,20,58960,买盘
20,14:56:03,29.48,0.02,9,26532,买盘
21,14:56:00,29.46,-0.02,21,61866,卖盘
22,14:55:57,29.48,0.01,2,5896,买盘
23,14:55:54,29.47,--,5,14735,卖盘
24,14:55:51,29.47,--,13,38311,卖盘
25,14:55:48,29.47,--,3,8841,卖盘
26,14:55:45,29.47,--,21,61887,卖盘
27,14:55:42,29.47,--,48,141456,买盘
28,14:55:39,29.47,0.01,8,23576,买盘
29,14:55:36,29.46,--,11,32406,卖盘
30,14:55:33,29.46,-0.01,8,23568,卖盘
31,14:55:30,29.47,0.01,22,64834,买盘
32,14:55:27,29.46,--,14,41244,买盘
33,14:55:24,29.46,-0.02,1,2946,卖盘
34,14:55:21,29.48,0.03,23,67804,买盘
35,14:55:18,29.45,-0.01,62,182590,卖盘
36,14:55:15,29.46,-0.01,35,103110,卖盘
37,14:55:12,29.47,-0.01,1,2947,卖盘
38,14:55:09,29.48,0.02,20,58960,买盘
39,14:55:06,29.46,-0.02,30,88380,卖盘
40,14:55:03,29.48,0.02,13,38324,买盘
41,14:55:00,29.46,-0.02,3,8838,卖盘
42,14:54:54,29.48,0.01,5,14740,买盘
43,14:54:51,29.47,0.01,12,35364,中性盘
44,14:54:45,29.46,-0.03,49,144354,卖盘
45,14:54:39,29.49,0.02,67,197583,买盘
46,14:54:36,29.47,-0.01,1,2947,卖盘
47,14:54:33,29.48,0.01,10,29480,中性盘
48,14:54:30,29.47,--,10,29470,卖盘
49,14:54:27,29.47,--,63,185661,买盘
50,14:54:24,29.47,--,24,70728,买盘
51,14:54:18,29.47,0.01,9,26523,买盘
52,14:54:15,29.46,--,1,2946,卖盘
53,14:54:12,29.46,-0.03,30,88380,卖盘
54,14:54:09,29.49,0.01,150,442350,买盘
55,14:54:03,29.48,0.02,10,29480,买盘
56,14:54:00,29.46,-0.02,1,2946,卖盘
57,14:53:51,29.48,0.02,2,5896,买盘
58,14:53:48,29.46,-0.02,39,114894,卖盘
59,14:53:45,29.48,--,372,1096656,卖盘
60,14:53:39,29.48,--,30,88440,卖盘
61,14:53:36,29.48,-0.01,6,17688,卖盘
62,14:53:33,29.49,--,28,82572,买盘
63,14:53:27,29.49,0.01,9,26541,买盘
64,14:53:24,29.48,--,18,53064,卖盘
65,14:53:21,29.48,--,1,2948,卖盘
66,14:53:18,29.48,--,1,2948,卖盘
67,14:53:12,29.48,--,1,2948,卖盘
68,14:53:06,29.48,--,21,61908,卖盘
69,14:53:03,29.48,--,33,97284,卖盘
70,14:52:51,29.48,-0.02,23,67804,卖盘
71,14:52:42,29.5,0.02,5,14750,买盘
72,14:52:39,29.48,-0.02,19,56012,卖盘
73,14:52:33,29.5,0.02,20,59000,买盘
74,14:52:30,29.48,-0.02,198,583704,卖盘
75,14:52:24,29.5,--,11,32450,买盘
76,14:52:21,29.5,--,20,59000,买盘
77,14:52:18,29.5,--,9,26550,买盘
78,14:52:15,29.5,0.02,35,103250,买盘
79,14:52:12,29.48,--,11,32428,卖盘
80,14:52:09,29.48,-0.02,43,126764,卖盘
81,14:52:03,29.5,--,12,35400,买盘
82,14:51:57,29.5,0.04,13,38350,买盘
83,14:51:51,29.46,--,10,29460,卖盘
84,14:51:48,29.46,-0.05,20,58920,卖盘
85,14:51:45,29.51,0.05,193,569543,买盘
86,14:51:42,29.46,-0.04,5,14730,中性盘
87,14:51:36,29.5,0.01,12,35400,买盘
88,14:51:33,29.49,0.03,21,61929,买盘
89,14:51:30,29.46,-0.03,1,2946,中性盘
90,14:51:27,29.49,--,25,73725,买盘
91,14:51:21,29.49,--,9,26541,买盘
92,14:51:18,29.49,--,4,11796,买盘
93,14:51:15,29.49,-0.01,7,20643,卖盘
94,14:51:12,29.5,--,83,244850,买盘
95,14:51:06,29.5,-0.01,12,35400,中性盘
96,14:51:03,29.51,0.01,12,35412,买盘
97,14:51:00,29.5,--,0,295,卖盘
98,14:50:57,29.5,--,53,159005,买盘
99,14:50:54,29.5,--,15,44250,买盘
100,14:50:51,29.5,0.01,6,17700,买盘
101,14:50:48,29.49,-0.01,30,88470,卖盘
102,14:50:45,29.5,0.01,36,106200,买盘
103,14:50:39,29.49,--,4,11796,卖盘
104,14:50:36,29.49,0.05,200,589800,买盘
105,14:50:33,29.44,--,18,52992,卖盘
106,14:50:30,29.44,--,20,58880,卖盘
107,14:50:27,29.44,-0.01,13,38272,卖盘
108,14:50:21,29.45,--,53,156085,买盘
109,14:50:18,29.45,0.01,7,20615,买盘
110,14:50:15,29.44,-0.01,10,29440,卖盘
111,14:50:12,29.45,--,4,11780,买盘
112,14:50:09,29.45,--,36,106020,买盘
113,14:50:06,29.45,--,3,8835,买盘
114,14:50:03,29.45,--,48,141360,买盘
115,14:50:00,29.45,--,37,108965,买盘
116,14:49:57,29.45,-0.05,63,185535,卖盘
117,14:49:51,29.5,0.05,500,1475000,买盘
118,14:49:48,29.45,0.01,65,191425,买盘
119,14:49:45,29.44,--,62,182528,卖盘
120,14:49:42,29.44,--,3,8832,卖盘
121,14:49:39,29.44,-0.01,4,11776,卖盘
122,14:49:36,29.45,--,6,17670,买盘
123,14:49:33,29.45,0.01,77,226765,买盘
124,14:49:27,29.44,-0.01,6,17664,卖盘
125,14:49:24,29.45,0.03,14,41230,买盘
126,14:49:18,29.42,-0.03,5,14710,卖盘
127,14:49:15,29.45,--,12,35340,买盘
128,14:49:12,29.45,0.03,20,58900,买盘
129,14:49:09,29.42,--,27,79434,卖盘
130,14:49:06,29.42,-0.01,150,441300,卖盘
131,14:49:03,29.43,-0.02,22,64746,卖盘
132,14:49:00,29.45,--,24,70680,买盘
133,14:48:57,29.45,--,21,61845,买盘
134,14:48:54,29.45,0.02,7,20615,买盘
135,14:48:48,29.43,-0.01,200,588600,卖盘
136,14:48:45,29.44,-0.01,14,41216,卖盘
137,14:48:42,29.45,--,7,20615,买盘
138,14:48:36,29.45,--,3,8835,买盘
139,14:48:33,29.45,--,12,35340,买盘
140,14:48:30,29.45,0.01,31,91295,买盘
141,14:48:27,29.44,-0.04,1,2944,卖盘
142,14:48:24,29.48,--,3,8844,买盘
143,14:48:21,29.48,0.02,20,58960,买盘
144,14:48:18,29.46,0.02,2,5892,买盘
145,14:48:15,29.44,-0.01,7,20608,卖盘
146,14:48:12,29.45,-0.01,159,468255,卖盘
147,14:48:09,29.46,-0.03,21,61866,卖盘
148,14:48:06,29.49,0.01,3,8847,买盘
149,14:48:03,29.48,0.03,16,47168,买盘
150,14:48:00,29.45,-0.03,22,64790,卖盘
151,14:47:57,29.48,0.03,14,41272,买盘
152,14:47:54,29.45,--,21,61845,卖盘
153,14:47:51,29.45,-0.01,11,32395,卖盘
154,14:47:48,29.46,-0.03,25,73650,卖盘
155,14:47:42,29.49,0.03,5,14745,买盘
156,14:47:39,29.46,-0.03,21,61866,卖盘
157,14:47:33,29.49,0.03,12,35388,买盘
158,14:47:30,29.46,-0.02,10,29460,卖盘
159,14:47:24,29.48,0.03,3,8844,中性盘
160,14:47:21,29.45,-0.01,20,58900,卖盘
161,14:47:15,29.46,-0.03,8,23568,卖盘
162,14:47:09,29.49,0.04,3,8847,买盘
163,14:47:06,29.45,-0.04,20,58900,卖盘
164,14:47:03,29.49,--,12,35388,买盘
165,14:47:00,29.49,0.03,8,26069,买盘
166,14:46:57,29.46,--,6,17676,卖盘
167,14:46:54,29.46,--,3,9309,卖盘
168,14:46:48,29.46,--,2,5892,买盘
169,14:46:45,29.46,0.01,10,29460,买盘
170,14:46:42,29.45,-0.01,20,58900,卖盘
171,14:46:36,29.46,-0.01,109,321114,卖盘
172,14:46:33,29.47,--,13,38311,买盘
173,14:46:30,29.47,0.01,4,11788,买盘
174,14:46:27,29.46,--,16,47136,卖盘
175,14:46:24,29.46,--,36,106056,卖盘
176,14:46:21,29.46,--,1,2946,卖盘
177,14:46:18,29.46,--,9,26514,卖盘
178,14:46:15,29.46,--,23,67758,买盘
179,14:46:12,29.46,--,5,14730,买盘
180,14:46:09,29.46,--,3,8838,买盘
181,14:46:06,29.46,--,7,20622,买盘
182,14:46:03,29.46,--,14,41244,买盘
183,14:46:00,29.46,0.01,70,206220,买盘
184,14:45:57,29.45,--,6,17670,卖盘
185,14:45:54,29.45,-0.01,15,44175,卖盘
186,14:45:51,29.46,--,3,8838,买盘
187,14:45:48,29.46,--,11,32406,买盘
188,14:45:39,29.46,-0.03,38,111948,卖盘
189,14:45:36,29.49,--,100,294900,买盘
190,14:45:33,29.49,0.03,17,50133,买盘
191,14:45:27,29.46,-0.03,2,5892,卖盘
192,14:45:24,29.49,-0.01,70,206430,中性盘
193,14:45:21,29.5,0.04,3,8850,买盘
194,14:45:15,29.46,--,10,29460,卖盘
195,14:45:12,29.46,--,3,8838,卖盘
196,14:45:09,29.46,--,1,2946,卖盘
197,14:45:06,29.46,-0.04,10,29460,卖盘
198,14:45:03,29.5,0.05,14,41300,买盘
199,14:45:00,29.45,--,8,23560,卖盘
200,14:44:57,29.45,0.01,14,41230,中性盘
201,14:44:54,29.44,--,20,58880,卖盘
202,14:44:42,29.44,-0.02,19,55936,中性盘
203,14:44:39,29.46,--,4,11784,买盘
204,14:44:33,29.46,0.03,145,427170,买盘
205,14:44:30,29.43,-0.01,50,147150,卖盘
206,14:44:18,29.44,0.01,3,8832,买盘
207,14:44:12,29.43,--,8,23544,卖盘
208,14:44:09,29.43,--,3,8829,卖盘
209,14:44:06,29.43,-0.03,10,29430,卖盘
210,14:44:03,29.46,0.01,20,58920,买盘
211,14:44:00,29.45,-0.01,2,5890,卖盘
212,14:43:57,29.46,0.03,8,23568,买盘
213,14:43:48,29.43,--,19,55917,卖盘
214,14:43:45,29.43,-0.03,33,97119,卖盘
215,14:43:39,29.46,0.02,9,26514,买盘
216,14:43:36,29.44,-0.02,13,38272,卖盘
217,14:43:33,29.46,-0.02,394,1160724,卖盘
218,14:43:30,29.48,--,2,5896,卖盘
219,14:43:27,29.48,-0.03,91,268268,卖盘
220,14:43:24,29.51,-0.01,3,8853,卖盘
221,14:43:21,29.52,0.04,9,26568,买盘
222,14:43:18,29.48,-0.02,20,58960,卖盘
223,14:43:15,29.5,-0.01,15,44250,卖盘
224,14:43:12,29.51,--,36,106236,买盘
225,14:43:09,29.51,--,9,26559,买盘
226,14:43:03,29.51,0.01,14,41314,买盘
227,14:43:00,29.5,-0.01,24,70800,卖盘
228,14:42:57,29.51,-0.01,91,268541,卖盘
229,14:42:48,29.52,--,6,17712,买盘
230,14:42:42,29.52,0.01,5,14760,买盘
231,14:42:39,29.51,-0.01,20,59020,卖盘
232,14:42:36,29.52,-0.01,71,209592,卖盘
233,14:42:33,29.53,0.01,54,159462,买盘
234,14:42:30,29.52,--,6,17712,卖盘
235,14:42:27,29.52,--,5,14760,卖盘
236,14:42:21,29.52,--,34,100368,卖盘
237,14:42:15,29.52,0.01,4,11808,买盘
238,14:42:12,29.51,-0.01,1,2951,卖盘
239,14:42:09,29.52,--,3,8856,买盘
240,14:42:03,29.52,0.01,24,70848,买盘
241,14:42:00,29.51,--,3,8853,卖盘
242,14:41:57,29.51,-0.01,21,61971,卖盘
243,14:41:54,29.52,-0.01,6,17712,卖盘
244,14:41:51,29.53,0.01,6,17718,买盘
245,14:41:48,29.52,-0.01,3,8856,卖盘
246,14:41:45,29.53,0.01,11,32483,买盘
247,14:41:42,29.52,--,24,70848,卖盘
248,14:41:39,29.52,--,17,50184,卖盘
249,14:41:36,29.52,-0.01,6,17712,卖盘
250,14:41:33,29.53,0.01,26,76778,买盘
251,14:41:30,29.52,--,101,298152,买盘
252,14:41:24,29.52,--,90,265680,买盘
253,14:41:18,29.52,0.01,23,67896,买盘
254,14:41:15,29.51,-0.01,3,8853,卖盘
255,14:41:12,29.52,-0.01,3,8856,中性盘
256,14:41:09,29.53,0.01,24,73795,买盘
257,14:41:06,29.52,-0.01,2,5904,卖盘
258,14:41:03,29.53,0.01,15,44295,买盘
259,14:41:00,29.52,-0.01,60,177120,卖盘
260,14:40:54,29.53,0.01,1,2953,买盘
261,14:40:51,29.52,--,2,5904,卖盘
262,14:40:48,29.52,--,15,44280,卖盘
263,14:40:45,29.52,-0.01,3,8856,卖盘
264,14:40:42,29.53,-0.01,8,23624,卖盘
265,14:40:33,29.54,0.02,20,59080,买盘
266,14:40:30,29.52,--,29,85608,卖盘
267,14:40:24,29.52,--,28,82685,买盘
268,14:40:21,29.52,--,11,32472,买盘
269,14:40:18,29.52,0.01,8,23616,买盘
270,14:40:12,29.51,--,1,2951,卖盘
271,14:40:09,29.51,0.01,3,8853,卖盘
272,14:40:06,29.5,-0.02,20,59000,买盘
273,14:40:03,29.52,0.04,12,35424,买盘
274,14:40:00,29.48,-0.01,3,8844,买盘
275,14:39:57,29.49,-0.03,2,5898,中性盘
276,14:39:54,29.52,0.04,503,1484856,买盘
277,14:39:51,29.48,--,12,35376,卖盘
278,14:39:45,29.48,-0.01,26,76648,卖盘
279,14:39:42,29.49,0.01,3,8847,买盘
280,14:39:36,29.48,--,23,67804,卖盘
281,14:39:33,29.48,--,19,56012,卖盘
282,14:39:24,29.48,--,15,44220,卖盘
283,14:39:18,29.48,-0.01,6,17688,卖盘
284,14:39:15,29.49,0.01,8,23592,买盘
285,14:39:12,29.48,--,6,17688,卖盘
286,14:39:09,29.48,-0.01,26,76648,卖盘
287,14:39:06,29.49,--,4,11796,买盘
288,14:39:03,29.49,0.01,15,44235,买盘
289,14:39:00,29.48,--,2,5896,卖盘
290,14:38:57,29.48,--,60,176880,卖盘
291,14:38:54,29.48,-0.01,13,38324,卖盘
292,14:38:51,29.49,0.01,6,17694,买盘
293,14:38:45,29.48,-0.01,20,58960,卖盘
294,14:38:42,29.49,0.01,4,11796,买盘
295,14:38:39,29.48,--,13,38324,卖盘
296,14:38:36,29.48,--,23,67804,卖盘
297,14:38:33,29.48,--,25,73700,卖盘
298,14:38:30,29.48,--,22,64856,卖盘
299,14:38:27,29.48,0.02,282,831336,买盘
300,14:38:21,29.46,--,1,2946,卖盘
301,14:38:18,29.46,--,18,53028,卖盘
302,14:38:12,29.46,-0.01,21,61866,卖盘
303,14:38:09,29.47,0.03,18,53046,买盘
304,14:38:06,29.44,-0.01,56,164864,卖盘
305,14:38:03,29.45,0.01,17,50065,买盘
306,14:37:57,29.44,-0.01,43,126592,卖盘
307,14:37:54,29.45,--,42,123690,卖盘
308,14:37:48,29.45,--,1,2945,卖盘
309,14:37:45,29.45,--,5,14725,卖盘
310,14:37:42,29.45,--,1,2945,卖盘
311,14:37:36,29.45,-0.04,19,55955,卖盘
312,14:37:33,29.49,0.01,16,47184,买盘
313,14:37:27,29.48,0.03,6,17688,买盘
314,14:37:24,29.45,--,1,2945,卖盘
315,14:37:21,29.45,0.02,30,88350,买盘
316,14:37:18,29.43,-0.02,17,50031,卖盘
317,14:37:15,29.45,0.02,15,44175,买盘
318,14:37:12,29.43,-0.01,20,58860,卖盘
319,14:37:09,29.44,-0.01,7,20608,中性盘
320,14:37:03,29.45,0.02,29,85405,买盘
321,14:37:00,29.43,-0.06,17,50031,卖盘
322,14:36:54,29.49,0.04,4,11796,买盘
323,14:36:51,29.45,--,11,32395,卖盘
324,14:36:48,29.45,--,4,11780,卖盘
325,14:36:45,29.45,-0.03,50,147250,卖盘
326,14:36:42,29.48,0.03,4,11792,买盘
327,14:36:39,29.45,--,52,153140,卖盘
328,14:36:36,29.45,--,6,17670,卖盘
329,14:36:33,29.45,--,16,47120,买盘
330,14:36:30,29.45,0.02,3,8835,买盘
331,14:36:27,29.43,--,5,14715,卖盘
332,14:36:24,29.43,-0.01,20,58860,卖盘
333,14:36:21,29.44,0.01,9,26496,卖盘
334,14:36:18,29.43,--,2,5886,卖盘
335,14:36:15,29.43,-0.06,4,11772,卖盘
336,14:36:09,29.49,0.05,3,8847,买盘
337,14:36:06,29.44,-0.05,22,64768,卖盘
338,14:36:03,29.49,0.04,13,38337,买盘
339,14:36:00,29.45,--,13,38285,卖盘
340,14:35:54,29.45,--,3,8835,卖盘
341,14:35:51,29.45,--,17,50065,卖盘
342,14:35:42,29.45,-0.04,6,17670,卖盘
343,14:35:39,29.49,0.03,100,294900,买盘
344,14:35:36,29.46,-0.03,1,2946,卖盘
345,14:35:33,29.49,--,21,61929,买盘
346,14:35:30,29.49,0.04,14,41286,买盘
347,14:35:27,29.45,-0.04,9,26505,卖盘
348,14:35:24,29.49,0.03,82,241818,买盘
349,14:35:21,29.46,-0.03,2,5892,卖盘
350,14:35:12,29.49,--,4,11796,买盘
351,14:35:03,29.49,0.03,12,35388,买盘
352,14:35:00,29.46,-0.02,3,8838,卖盘
353,14:34:57,29.48,-0.01,2,5896,卖盘
354,14:34:54,29.49,0.01,9,26541,买盘
355,14:34:51,29.48,-0.01,4,11792,卖盘
356,14:34:48,29.49,--,14,41286,卖盘
357,14:34:45,29.49,--,105,309645,卖盘
358,14:34:39,29.49,--,20,58980,卖盘
359,14:34:36,29.49,--,21,61929,卖盘
360,14:34:33,29.49,--,18,53082,卖盘
361,14:34:24,29.49,--,3,8847,卖盘
362,14:34:21,29.49,--,1,2949,卖盘
363,14:34:15,29.49,--,5,14745,卖盘
364,14:34:12,29.49,--,1,2949,卖盘
365,14:34:09,29.49,--,1,2949,卖盘
366,14:34:06,29.49,--,22,64878,卖盘
367,14:34:03,29.49,-0.01,18,53082,卖盘
368,14:33:57,29.5,0.01,5,14750,买盘
369,14:33:51,29.49,-0.01,2,5898,卖盘
370,14:33:48,29.5,0.01,30,88500,买盘
371,14:33:45,29.49,--,27,79623,卖盘
372,14:33:42,29.49,--,2,5898,卖盘
373,14:33:39,29.49,-0.01,1,2949,卖盘
374,14:33:33,29.5,0.01,18,53100,买盘
375,14:33:30,29.49,-0.01,16,47184,卖盘
376,14:33:27,29.5,--,8,23600,买盘
377,14:33:24,29.5,0.01,10,29500,买盘
378,14:33:21,29.49,-0.03,1,2949,卖盘
379,14:33:18,29.52,0.03,104,307008,买盘
380,14:33:12,29.49,--,1,2949,卖盘
381,14:33:09,29.49,--,20,58980,卖盘
382,14:33:06,29.49,-0.01,19,56031,卖盘
383,14:33:03,29.5,-0.01,16,47200,卖盘
384,14:33:00,29.51,--,35,103285,买盘
385,14:32:57,29.51,0.01,19,56069,买盘
386,14:32:51,29.5,-0.01,29,85550,卖盘
387,14:32:48,29.51,0.01,9,26559,买盘
388,14:32:45,29.5,--,14,41300,卖盘
389,14:32:42,29.5,--,86,256060,买盘
390,14:32:39,29.5,0.01,9,26550,买盘
391,14:32:36,29.49,-0.01,168,495432,卖盘
392,14:32:33,29.5,--,114,336300,买盘
393,14:32:30,29.5,0.01,23,67850,买盘
394,14:32:27,29.49,--,14,41286,卖盘
395,14:32:24,29.49,-0.01,11,32439,卖盘
396,14:32:18,29.5,0.01,19,56050,买盘
397,14:32:15,29.49,--,2,5898,卖盘
398,14:32:12,29.49,-0.01,1,2949,卖盘
399,14:32:09,29.5,--,4,11800,买盘
400,14:32:06,29.5,0.01,4,11800,买盘
401,14:32:03,29.49,-0.01,17,50133,卖盘
402,14:32:00,29.5,--,4,11800,买盘
403,14:31:57,29.5,0.01,13,38350,买盘
404,14:31:54,29.49,--,22,64878,卖盘
405,14:31:51,29.49,--,41,120909,卖盘
406,14:31:48,29.49,--,22,64878,卖盘
407,14:31:45,29.49,-0.01,1,2949,卖盘
408,14:31:42,29.5,0.01,16,47200,买盘
409,14:31:39,29.49,--,1,2949,卖盘
410,14:31:36,29.49,--,10,29490,卖盘
411,14:31:33,29.49,0.04,201,592749,买盘
412,14:31:30,29.45,--,3,8835,卖盘
413,14:31:27,29.45,-0.04,94,276830,卖盘
414,14:31:21,29.49,0.03,1,2949,买盘
415,14:31:18,29.46,0.02,5,14730,中性盘
416,14:31:09,29.44,-0.04,22,64768,卖盘
417,14:31:06,29.48,-0.02,1,2948,卖盘
418,14:31:03,29.5,0.07,13,38350,买盘
419,14:31:00,29.43,--,7,20601,卖盘
420,14:30:57,29.43,-0.06,2,5886,卖盘
421,14:30:51,29.49,0.01,38,112062,买盘
422,14:30:45,29.48,-0.01,3,8844,卖盘
423,14:30:42,29.49,--,5,14745,买盘
424,14:30:39,29.49,--,18,53082,买盘
425,14:30:36,29.49,0.07,2,5898,买盘
426,14:30:33,29.42,-0.07,54,158868,卖盘
427,14:30:30,29.49,--,70,206430,买盘
428,14:30:27,29.49,0.02,4,11796,买盘
429,14:30:24,29.47,-0.02,6,17682,卖盘
430,14:30:21,29.49,0.07,270,796230,买盘
431,14:30:15,29.42,--,25,73550,卖盘
432,14:30:12,29.42,-0.04,6,17652,卖盘
433,14:30:09,29.46,-0.02,4,11784,买盘
434,14:30:06,29.48,--,60,176880,买盘
435,14:30:03,29.48,0.07,12,35376,买盘
436,14:30:00,29.41,--,12,35292,卖盘
437,14:29:57,29.41,--,18,52938,卖盘
438,14:29:51,29.41,-0.02,108,317628,卖盘
439,14:29:42,29.43,--,5,14715,买盘
440,14:29:39,29.43,0.02,6,17658,买盘
441,14:29:36,29.41,-0.02,17,49997,卖盘
442,14:29:33,29.43,0.01,13,38259,买盘
443,14:29:27,29.42,-0.01,5,14710,卖盘
444,14:29:24,29.43,0.01,5,14715,买盘
445,14:29:18,29.42,-0.01,2,5884,卖盘
446,14:29:12,29.43,0.01,4,11772,买盘
447,14:29:06,29.42,-0.01,3,8826,卖盘
448,14:29:03,29.43,-0.03,33,97119,卖盘
449,14:29:00,29.46,0.01,8,23568,买盘
450,14:28:57,29.45,--,1,2945,卖盘
451,14:28:54,29.45,-0.01,2,5890,卖盘
452,14:28:51,29.46,0.01,3,8838,买盘
453,14:28:45,29.45,-0.01,3,8835,卖盘
454,14:28:42,29.46,--,4,11784,买盘
455,14:28:39,29.46,-0.01,4,11784,买盘
456,14:28:36,29.47,0.02,10,29470,买盘
457,14:28:33,29.45,-0.01,54,159030,卖盘
458,14:28:30,29.46,--,24,70704,买盘
459,14:28:24,29.46,--,6,17676,卖盘
460,14:28:21,29.46,--,4,11784,卖盘
461,14:28:12,29.46,--,1,2946,卖盘
462,14:28:09,29.46,-0.01,2,5892,中性盘
463,14:28:03,29.47,0.01,13,38311,买盘
464,14:28:00,29.46,-0.01,88,259248,卖盘
465,14:27:57,29.47,0.01,3,8841,买盘
466,14:27:51,29.46,--,5,14730,卖盘
467,14:27:48,29.46,-0.01,11,32406,卖盘
468,14:27:39,29.47,--,6,17682,买盘
469,14:27:33,29.47,0.06,12,35364,买盘
470,14:27:27,29.41,-0.05,38,111758,卖盘
471,14:27:21,29.46,--,1,2946,买盘
472,14:27:18,29.46,0.05,20,58920,买盘
473,14:27:15,29.41,-0.04,506,1488146,卖盘
474,14:27:09,29.45,--,1,2945,卖盘
475,14:27:06,29.45,--,8,23560,卖盘
476,14:27:03,29.45,--,14,41230,卖盘
477,14:27:00,29.45,--,16,47120,卖盘
478,14:26:54,29.45,0.02,5,14725,买盘
479,14:26:51,29.43,--,4,11772,卖盘
480,14:26:48,29.43,0.01,1,2943,中性盘
481,14:26:42,29.42,-0.03,5,14710,卖盘
482,14:26:39,29.45,0.02,11,32395,买盘
483,14:26:36,29.43,--,3,8829,买盘
484,14:26:33,29.43,--,16,47088,买盘
485,14:26:30,29.43,--,154,453222,卖盘
486,14:26:27,29.43,-0.03,16,47088,卖盘
487,14:26:24,29.46,0.03,11,32406,买盘
488,14:26:21,29.43,--,3,8829,卖盘
489,14:26:18,29.43,--,1,2943,卖盘
490,14:26:12,29.43,--,9,26487,卖盘
491,14:26:06,29.43,-0.03,1,2943,卖盘
492,14:26:03,29.46,0.03,14,41244,买盘
493,14:26:00,29.43,0.02,20,58860,中性盘
494,14:25:54,29.41,-0.01,2,5882,卖盘
495,14:25:51,29.42,-0.04,5,14710,卖盘
496,14:25:48,29.46,--,3,8838,买盘
497,14:25:45,29.46,--,2,5892,买盘
498,14:25:42,29.46,0.05,24,70704,买盘
499,14:25:36,29.41,-0.01,33,97053,卖盘
500,14:25:33,29.42,--,15,44130,卖盘
501,14:25:30,29.42,-0.04,1,2942,卖盘
502,14:25:24,29.46,0.04,1,2946,买盘
503,14:25:21,29.42,-0.04,20,58840,卖盘
504,14:25:18,29.46,--,2,5892,买盘
505,14:25:12,29.46,0.04,3,8838,中性盘
506,14:25:03,29.42,-0.05,30,88260,卖盘
507,14:24:54,29.47,0.01,11,32417,买盘
508,14:24:51,29.46,--,3,8838,买盘
509,14:24:48,29.46,0.01,3,8838,买盘
510,14:24:45,29.45,--,21,61845,卖盘
511,14:24:36,29.45,-0.01,2,5890,卖盘
512,14:24:33,29.46,0.01,19,55974,买盘
513,14:24:30,29.45,--,3,8835,卖盘
514,14:24:27,29.45,0.04,57,167865,买盘
515,14:24:24,29.41,-0.04,20,58820,卖盘
516,14:24:12,29.45,0.04,3,8835,买盘
517,14:24:06,29.41,-0.01,10,29410,卖盘
518,14:24:03,29.42,--,40,117680,买盘
519,14:23:54,29.42,--,4,11768,买盘
520,14:23:51,29.42,--,5,14710,卖盘
521,14:23:48,29.42,-0.03,20,58840,卖盘
522,14:23:45,29.45,--,2,5890,买盘
523,14:23:42,29.45,--,3,8835,买盘
524,14:23:33,29.45,0.03,12,35340,买盘
525,14:23:27,29.42,--,26,76492,卖盘
526,14:23:24,29.42,--,2,5884,卖盘
527,14:23:18,29.42,-0.03,6,17652,卖盘
528,14:23:15,29.45,0.03,5,14725,买盘
529,14:23:12,29.42,--,3,8826,卖盘
530,14:23:06,29.42,-0.04,39,114738,卖盘
531,14:23:03,29.46,0.04,13,38298,买盘
532,14:23:00,29.42,-0.04,2,5884,卖盘
533,14:22:54,29.46,0.01,5,14730,买盘
534,14:22:51,29.45,--,3,8835,买盘
535,14:22:45,29.45,-0.01,6,17670,卖盘
536,14:22:42,29.46,0.04,11,32406,买盘
537,14:22:36,29.42,-0.04,18,52956,卖盘
538,14:22:33,29.46,--,12,35352,买盘
539,14:22:30,29.46,0.01,53,156138,买盘
540,14:22:27,29.45,--,3,8835,卖盘
541,14:22:24,29.45,0.03,21,61845,买盘
542,14:22:21,29.42,-0.03,3,8826,卖盘
543,14:22:18,29.45,0.02,7,20615,卖盘
544,14:22:09,29.43,-0.03,2,5886,卖盘
545,14:22:06,29.46,0.01,59,173814,买盘
546,14:22:03,29.45,--,12,35340,买盘
547,14:22:00,29.45,--,5,14725,买盘
548,14:21:54,29.45,--,1,2945,买盘
549,14:21:51,29.45,--,47,138415,卖盘
550,14:21:48,29.45,-0.01,16,47120,卖盘
551,14:21:45,29.46,--,6,17676,买盘
552,14:21:42,29.46,--,3,8838,买盘
553,14:21:33,29.46,0.01,13,38298,买盘
554,14:21:30,29.45,--,2,5890,卖盘
555,14:21:27,29.45,--,2,5890,卖盘
556,14:21:24,29.45,-0.01,4,11780,卖盘
557,14:21:21,29.46,0.01,5,14730,买盘
558,14:21:18,29.45,-0.01,26,76570,卖盘
559,14:21:12,29.46,0.05,65,191490,买盘
560,14:21:03,29.41,-0.04,38,111758,卖盘
561,14:20:57,29.45,--,8,23560,卖盘
562,14:20:54,29.45,-0.01,23,67735,卖盘
563,14:20:51,29.46,0.05,4,11784,买盘
564,14:20:45,29.41,-0.04,59,173519,卖盘
565,14:20:42,29.45,-0.02,1,2945,卖盘
566,14:20:33,29.47,0.02,12,35364,买盘
567,14:20:30,29.45,--,6,17670,卖盘
568,14:20:27,29.45,--,6,17670,买盘
569,14:20:21,29.45,0.04,2,5890,买盘
570,14:20:15,29.41,-0.04,21,61761,卖盘
571,14:20:03,29.45,--,13,38285,买盘
572,14:20:00,29.45,0.04,3,8835,买盘
573,14:19:54,29.41,--,6,17646,卖盘
574,14:19:51,29.41,-0.04,20,58820,卖盘
575,14:19:48,29.45,--,1,2945,买盘
576,14:19:45,29.45,0.04,18,53010,买盘
577,14:19:42,29.41,--,9,26469,卖盘
578,14:19:36,29.41,--,23,67643,卖盘
579,14:19:33,29.41,-0.04,15,44115,卖盘
580,14:19:27,29.45,0.04,1,2945,买盘
581,14:19:18,29.41,-0.04,13,38233,卖盘
582,14:19:15,29.45,--,4,11780,买盘
583,14:19:09,29.45,0.04,8,23560,中性盘
584,14:19:03,29.41,-0.04,25,73525,卖盘
585,14:19:00,29.45,-0.01,2,5890,中性盘
586,14:18:54,29.46,0.05,17,50082,买盘
587,14:18:51,29.41,0.01,11,32351,中性盘
588,14:18:45,29.4,--,21,61740,卖盘
589,14:18:42,29.4,-0.06,3,8820,卖盘
590,14:18:36,29.46,--,3,8838,买盘
591,14:18:33,29.46,--,22,64812,买盘
592,14:18:24,29.46,0.06,6,17676,买盘
593,14:18:21,29.4,-0.05,16,47040,卖盘
594,14:18:18,29.45,-0.01,2,5890,卖盘
595,14:18:15,29.46,--,5,14730,买盘
596,14:18:12,29.46,0.05,10,29460,买盘
597,14:18:09,29.41,-0.04,18,52938,卖盘
598,14:18:06,29.45,--,0,147,卖盘
599,14:18:03,29.45,-0.01,14,41230,卖盘
600,14:17:57,29.46,0.05,8,26248,买盘
601,14:17:54,29.41,--,9,26469,卖盘
602,14:17:48,29.41,--,12,35292,买盘
603,14:17:45,29.41,--,6,17646,买盘
604,14:17:42,29.41,0.01,3,8823,买盘
605,14:17:39,29.4,--,1,2940,卖盘
606,14:17:36,29.4,-0.01,17,49980,卖盘
607,14:17:33,29.41,--,13,38233,买盘
608,14:17:30,29.41,-0.05,14,41174,卖盘
609,14:17:24,29.46,0.06,8,23568,买盘
610,14:17:15,29.4,-0.06,4,11760,卖盘
611,14:17:12,29.46,0.06,4,11784,买盘
612,14:17:09,29.4,--,4,11760,卖盘
613,14:17:06,29.4,-0.06,26,76440,卖盘
614,14:17:03,29.46,0.05,16,47136,买盘
615,14:16:57,29.41,-0.01,14,41174,卖盘
616,14:16:54,29.42,--,3,8826,买盘
617,14:16:48,29.42,-0.04,4,11768,卖盘
618,14:16:45,29.46,0.05,5,14730,买盘
619,14:16:42,29.41,0.01,9,26469,卖盘
620,14:16:36,29.4,-0.06,2,5880,卖盘
621,14:16:33,29.46,0.06,18,53028,买盘
622,14:16:27,29.4,-0.06,4,11760,卖盘
623,14:16:24,29.46,0.06,4,11784,买盘
624,14:16:18,29.4,-0.06,12,35280,卖盘
625,14:16:15,29.46,-0.01,6,17676,中性盘
626,14:16:12,29.47,0.01,7,21218,买盘
627,14:16:09,29.46,--,5,14730,卖盘
628,14:16:03,29.46,0.04,15,46546,买盘
629,14:15:57,29.42,-0.04,13,38246,卖盘
630,14:15:54,29.46,0.03,14,41244,买盘
631,14:15:48,29.43,-0.03,13,38259,卖盘
632,14:15:45,29.46,0.03,11,32406,买盘
633,14:15:39,29.43,0.02,1,2943,卖盘
634,14:15:33,29.41,-0.02,33,97053,卖盘
635,14:15:27,29.43,-0.02,5,14715,卖盘
636,14:15:24,29.45,--,46,135470,买盘
637,14:15:21,29.45,0.02,16,47120,买盘
638,14:15:18,29.43,-0.02,6,17658,卖盘
639,14:15:15,29.45,--,12,35340,买盘
640,14:15:12,29.45,0.05,11,32395,买盘
641,14:15:09,29.4,-0.03,28,82320,卖盘
642,14:15:06,29.43,--,101,297243,卖盘
643,14:15:03,29.43,--,16,47088,卖盘
644,14:15:00,29.43,0.01,114,335502,买盘
645,14:14:57,29.42,-0.01,10,29420,卖盘
646,14:14:54,29.43,0.01,2,5886,买盘
647,14:14:51,29.42,-0.03,14,41188,卖盘
648,14:14:48,29.45,--,4,11780,买盘
649,14:14:45,29.45,0.03,8,23560,买盘
650,14:14:39,29.42,-0.03,14,41188,卖盘
651,14:14:33,29.45,0.03,16,47120,买盘
652,14:14:30,29.42,-0.03,1,2942,卖盘
653,14:14:27,29.45,0.03,8,23560,买盘
654,14:14:24,29.42,-0.01,35,102970,卖盘
655,14:14:21,29.43,0.01,4,11772,买盘
656,14:14:18,29.42,-0.01,4,11768,卖盘
657,14:14:15,29.43,0.01,31,91233,买盘
658,14:14:09,29.42,--,23,67666,卖盘
659,14:14:06,29.42,-0.01,1,2942,卖盘
660,14:14:03,29.43,0.02,15,44145,买盘
661,14:13:57,29.41,-0.01,6,17646,中性盘
662,14:13:54,29.42,0.01,48,141216,买盘
663,14:13:51,29.41,0.01,3,8823,买盘
664,14:13:48,29.4,--,503,1478820,买盘
665,14:13:45,29.4,--,5,14700,买盘
666,14:13:42,29.4,0.02,1,2940,买盘
667,14:13:36,29.38,-0.02,15,44070,卖盘
668,14:13:33,29.4,0.01,16,47040,买盘
669,14:13:30,29.39,0.01,7,20573,中性盘
670,14:13:24,29.38,--,23,67574,卖盘
671,14:13:21,29.38,-0.02,18,52884,卖盘
672,14:13:18,29.4,--,1,2940,买盘
673,14:13:15,29.4,--,8,23520,买盘
674,14:13:09,29.4,--,4,11760,买盘
675,14:13:06,29.4,--,16,47040,买盘
676,14:13:03,29.4,--,13,38220,买盘
677,14:13:00,29.4,--,17,49980,买盘
678,14:12:54,29.4,--,12,35280,买盘
679,14:12:51,29.4,--,6,17640,买盘
680,14:12:48,29.4,-0.02,10,31458,卖盘
681,14:12:45,29.42,0.02,18,52956,买盘
682,14:12:42,29.4,--,10,29400,卖盘
683,14:12:39,29.4,-0.02,13,38220,卖盘
684,14:12:33,29.42,0.01,22,64724,买盘
685,14:12:30,29.41,--,10,29410,买盘
686,14:12:24,29.41,--,30,88230,买盘
687,14:12:21,29.41,0.01,30,88230,买盘
688,14:12:18,29.4,--,13,38220,卖盘
689,14:12:15,29.4,-0.01,4,11760,卖盘
690,14:12:09,29.41,--,4,11764,买盘
691,14:12:06,29.41,0.01,23,68525,买盘
692,14:12:03,29.4,--,17,49980,买盘
693,14:11:54,29.4,--,14,41160,买盘
694,14:11:51,29.4,--,4,11760,买盘
695,14:11:48,29.4,--,18,52920,买盘
696,14:11:45,29.4,0.03,53,155820,买盘
697,14:11:42,29.37,-0.01,43,126291,卖盘
698,14:11:39,29.38,0.01,8,23504,中性盘
699,14:11:36,29.37,--,21,61677,卖盘
700,14:11:33,29.37,-0.03,45,132165,卖盘
701,14:11:30,29.4,--,106,311640,买盘
702,14:11:24,29.4,0.02,103,302820,买盘
703,14:11:21,29.38,0.01,8,23504,买盘
704,14:11:18,29.37,--,2,5874,卖盘
705,14:11:15,29.37,-0.03,25,73425,卖盘
706,14:11:12,29.4,--,14,41160,买盘
707,14:11:09,29.4,0.03,2,5880,买盘
708,14:11:06,29.37,-0.03,130,381810,卖盘
709,14:11:03,29.4,--,15,44100,买盘
710,14:11:00,29.4,--,6,17640,买盘
711,14:10:57,29.4,0.02,5,14700,买盘
712,14:10:54,29.38,-0.02,30,88140,卖盘
713,14:10:51,29.4,--,26,76440,买盘
714,14:10:48,29.4,-0.01,7,20580,卖盘
715,14:10:45,29.41,0.01,7,20587,买盘
716,14:10:42,29.4,-0.01,20,58800,卖盘
717,14:10:39,29.41,0.01,11,32351,买盘
718,14:10:36,29.4,-0.01,18,52920,卖盘
719,14:10:33,29.41,--,15,44115,买盘
720,14:10:30,29.41,--,2,5882,买盘
721,14:10:24,29.41,--,23,67643,买盘
722,14:10:21,29.41,--,1,2941,买盘
723,14:10:15,29.41,--,4,11764,买盘
724,14:10:12,29.41,--,1,2941,买盘
725,14:10:09,29.41,--,5,14705,买盘
726,14:10:06,29.41,--,7,20587,买盘
727,14:10:03,29.41,0.02,43,126463,买盘
728,14:10:00,29.39,-0.01,16,47024,卖盘
729,14:09:57,29.4,--,5,14700,买盘
730,14:09:54,29.4,--,3,8820,买盘
731,14:09:51,29.4,--,68,199920,买盘
732,14:09:45,29.4,--,38,111720,买盘
733,14:09:42,29.4,--,2,5880,买盘
734,14:09:39,29.4,--,1,2940,买盘
735,14:09:36,29.4,--,19,55860,买盘
736,14:09:33,29.4,--,13,38220,买盘
737,14:09:30,29.4,0.02,12,35280,买盘
738,14:09:27,29.38,-0.01,9,26442,卖盘
739,14:09:24,29.39,--,38,111682,买盘
740,14:09:18,29.39,--,1,2939,买盘
741,14:09:15,29.39,--,4,11756,买盘
742,14:09:12,29.39,--,7,20573,买盘
743,14:09:09,29.39,--,2,5878,买盘
744,14:09:06,29.39,--,45,132255,买盘
745,14:09:03,29.39,--,18,52902,买盘
746,14:09:00,29.39,--,36,105804,买盘
747,14:08:57,29.39,--,2,5878,卖盘
748,14:08:54,29.39,--,57,167523,买盘
749,14:08:51,29.39,--,7,20573,买盘
750,14:08:48,29.39,--,5,14695,买盘
751,14:08:45,29.39,--,23,67597,买盘
752,14:08:42,29.39,--,36,105804,买盘
753,14:08:36,29.39,--,8,23512,买盘
754,14:08:33,29.39,--,12,35268,买盘
755,14:08:30,29.39,0.01,21,61719,买盘
756,14:08:27,29.38,-0.01,7,20566,卖盘
757,14:08:24,29.39,--,16,47024,买盘
758,14:08:21,29.39,--,3,8817,买盘
759,14:08:15,29.39,--,4,11756,买盘
760,14:08:12,29.39,--,6,17634,买盘
761,14:08:09,29.39,--,6,17634,买盘
762,14:08:06,29.39,--,14,41146,买盘
763,14:08:03,29.39,--,21,61719,买盘
764,14:08:00,29.39,0.02,1,2939,买盘
765,14:07:57,29.37,-0.02,14,41118,卖盘
766,14:07:54,29.39,0.03,8,23512,买盘
767,14:07:51,29.36,--,24,70464,卖盘
768,14:07:45,29.36,--,118,346448,卖盘
769,14:07:42,29.36,--,1,2936,卖盘
770,14:07:39,29.36,-0.02,8,23488,卖盘
771,14:07:36,29.38,0.02,1,2938,买盘
772,14:07:33,29.36,--,15,44040,卖盘
773,14:07:30,29.36,--,8,23488,卖盘
774,14:07:24,29.36,0.04,24,70464,买盘
775,14:07:18,29.32,--,15,43980,卖盘
776,14:07:15,29.32,--,22,64504,卖盘
777,14:07:12,29.32,-0.01,10,29320,卖盘
778,14:07:09,29.33,-0.02,100,293300,卖盘
779,14:07:03,29.35,0.03,27,79479,买盘
780,14:06:54,29.32,0.01,115,337180,中性盘
781,14:06:48,29.31,-0.04,54,158274,卖盘
782,14:06:45,29.35,0.04,62,181970,买盘
783,14:06:42,29.31,-0.02,10,29310,卖盘
784,14:06:39,29.33,0.01,1,2933,卖盘
785,14:06:36,29.32,0.01,164,481903,买盘
786,14:06:33,29.31,-0.01,30,87930,卖盘
787,14:06:27,29.32,-0.01,129,380104,卖盘
788,14:06:24,29.33,0.01,3,8799,中性盘
789,14:06:21,29.32,-0.01,10,29320,卖盘
790,14:06:18,29.33,0.01,230,676555,买盘
791,14:06:15,29.32,-0.01,200,588423,卖盘
792,14:06:12,29.33,--,10,29330,买盘
793,14:06:09,29.33,0.01,5,14665,买盘
794,14:06:06,29.32,--,38,111416,卖盘
795,14:06:03,29.32,-0.01,33,96756,卖盘
796,14:06:00,29.33,0.01,1,2933,买盘
797,14:05:57,29.32,--,179,524828,卖盘
798,14:05:54,29.32,--,3,8796,卖盘
799,14:05:51,29.32,--,9,26388,卖盘
800,14:05:48,29.32,--,47,137804,卖盘
801,14:05:45,29.32,0.02,53,155396,买盘
802,14:05:42,29.3,--,24,70320,卖盘
803,14:05:39,29.3,--,4,11720,卖盘
804,14:05:36,29.3,-0.02,33,96690,卖盘
805,14:05:33,29.32,-0.01,95,278540,中性盘
806,14:05:30,29.33,0.03,22,64525,买盘
807,14:05:27,29.3,-0.03,1013,2968090,卖盘
808,14:05:21,29.33,--,73,214109,买盘
809,14:05:15,29.33,--,4,12699,卖盘
810,14:05:12,29.33,-0.01,138,406719,卖盘
811,14:05:09,29.34,0.01,10,29340,卖盘
812,14:05:06,29.33,-0.02,120,351960,卖盘
813,14:05:03,29.35,--,27,79245,买盘
814,14:04:57,29.35,0.02,15,44025,买盘
815,14:04:54,29.33,-0.01,28,82124,卖盘
816,14:04:51,29.34,--,1,2934,买盘
817,14:04:48,29.34,--,117,343278,买盘
818,14:04:45,29.34,--,16,46944,卖盘
819,14:04:42,29.34,--,1,2934,卖盘
820,14:04:36,29.34,-0.01,42,123228,卖盘
821,14:04:33,29.35,--,21,61635,买盘
822,14:04:30,29.35,0.01,29,85115,买盘
823,14:04:24,29.34,-0.01,19,55746,卖盘
824,14:04:21,29.35,--,2,5870,买盘
825,14:04:18,29.35,--,5,14675,买盘
826,14:04:15,29.35,-0.01,91,268317,卖盘
827,14:04:12,29.36,0.01,68,199648,买盘
828,14:04:09,29.35,--,53,156464,卖盘
829,14:04:03,29.35,--,25,73375,卖盘
830,14:04:00,29.35,--,15,44025,卖盘
831,14:03:54,29.35,--,50,146750,卖盘
832,14:03:51,29.35,0.01,169,496807,买盘
833,14:03:48,29.34,-0.01,61,178974,卖盘
834,14:03:42,29.35,0.01,2,5870,买盘
835,14:03:39,29.34,-0.01,1,2934,卖盘
836,14:03:36,29.35,--,1,2935,买盘
837,14:03:33,29.35,--,62,181970,买盘
838,14:03:30,29.35,--,30,90133,卖盘
839,14:03:27,29.35,-0.01,156,460002,卖盘
840,14:03:24,29.36,--,10,29360,卖盘
841,14:03:21,29.36,--,23,67528,卖盘
842,14:03:15,29.36,--,50,146800,卖盘
843,14:03:12,29.36,--,24,72108,买盘
844,14:03:09,29.36,0.01,66,195067,买盘
845,14:03:06,29.35,--,81,237735,卖盘
846,14:03:03,29.35,--,22,64570,卖盘
847,14:03:00,29.35,--,207,607545,卖盘
848,14:02:57,29.35,--,32,93920,卖盘
849,14:02:54,29.35,-0.01,28,82180,卖盘
850,14:02:51,29.36,--,12,35232,卖盘
851,14:02:48,29.36,0.01,180,528480,中性盘
852,14:02:45,29.35,-0.02,13,38155,卖盘
853,14:02:42,29.37,0.02,3,8811,买盘
854,14:02:36,29.35,-0.01,267,783645,卖盘
855,14:02:33,29.36,-0.01,26,76336,卖盘
856,14:02:30,29.37,-0.01,5,14685,买盘
857,14:02:24,29.38,--,33,96954,买盘
858,14:02:18,29.38,--,3,8814,买盘
859,14:02:15,29.38,--,10,29380,买盘
860,14:02:12,29.38,0.01,29,85202,买盘
861,14:02:09,29.37,-0.01,20,58740,卖盘
862,14:02:06,29.38,0.01,2,5876,买盘
863,14:02:03,29.37,-0.01,14,41118,卖盘
864,14:01:54,29.38,--,5,14690,买盘
865,14:01:48,29.38,--,18,52884,卖盘
866,14:01:39,29.38,--,6,17628,卖盘
867,14:01:33,29.38,--,20,58760,卖盘
868,14:01:30,29.38,--,5,14690,卖盘
869,14:01:27,29.38,-0.01,5,14690,卖盘
870,14:01:24,29.39,0.01,24,70536,买盘
871,14:01:18,29.38,--,2,5876,卖盘
872,14:01:15,29.38,--,13,38194,卖盘
873,14:01:12,29.38,--,7,20566,卖盘
874,14:01:09,29.38,-0.01,3,8814,卖盘
875,14:01:03,29.39,--,26,76414,买盘
876,14:01:00,29.39,0.01,2,5878,买盘
877,14:00:57,29.38,--,6,17628,卖盘
878,14:00:54,29.38,--,13,38194,卖盘
879,14:00:48,29.38,--,1,2938,卖盘
880,14:00:42,29.38,-0.01,13,38194,卖盘
881,14:00:39,29.39,0.04,79,232181,买盘
882,14:00:36,29.35,-0.04,318,933330,卖盘
883,14:00:33,29.39,--,25,73475,买盘
884,14:00:30,29.39,--,71,208669,买盘
885,14:00:27,29.39,0.01,53,155767,买盘
886,14:00:24,29.38,--,31,91078,卖盘
887,14:00:21,29.38,-0.01,18,52884,卖盘
888,14:00:18,29.39,--,23,67597,买盘
889,14:00:15,29.39,--,15,44085,买盘
890,14:00:12,29.39,--,11,32329,买盘
891,14:00:09,29.39,0.01,1,2939,买盘
892,14:00:06,29.38,--,120,352560,卖盘
893,14:00:03,29.38,--,18,52884,卖盘
894,14:00:00,29.38,-0.01,19,56115,卖盘
895,13:59:57,29.39,--,30,88170,买盘
896,13:59:54,29.39,--,1,2939,买盘
897,13:59:45,29.39,--,34,99926,买盘
898,13:59:36,29.39,--,14,41146,买盘
899,13:59:33,29.39,--,22,64658,买盘
900,13:59:30,29.39,0.01,9,26451,买盘
901,13:59:24,29.38,--,52,152776,卖盘
902,13:59:21,29.38,--,16,47008,卖盘
903,13:59:18,29.38,-0.01,7,20566,卖盘
904,13:59:15,29.39,--,19,55841,买盘
905,13:59:12,29.39,0.01,1,2939,买盘
906,13:59:09,29.38,-0.01,15,44070,卖盘
907,13:59:06,29.39,0.01,10,29390,买盘
908,13:59:03,29.38,--,16,47008,卖盘
909,13:58:57,29.38,-0.01,44,129272,卖盘
910,13:58:51,29.39,--,8,23512,卖盘
911,13:58:45,29.39,--,2,5878,卖盘
912,13:58:42,29.39,--,16,47024,卖盘
913,13:58:39,29.39,--,11,32329,卖盘
914,13:58:36,29.39,-0.01,2,5878,卖盘
915,13:58:33,29.4,0.01,12,35280,买盘
916,13:58:30,29.39,--,9,26451,卖盘
917,13:58:27,29.39,--,10,29390,卖盘
918,13:58:18,29.39,--,4,11756,卖盘
919,13:58:15,29.39,--,15,44085,卖盘
920,13:58:12,29.39,--,10,29390,卖盘
921,13:58:09,29.39,--,23,67597,卖盘
922,13:58:06,29.39,-0.01,28,82292,卖盘
923,13:58:03,29.4,0.01,19,55860,买盘
924,13:57:57,29.39,-0.01,12,35268,卖盘
925,13:57:48,29.4,0.01,8,23520,买盘
926,13:57:45,29.39,--,2,5878,卖盘
927,13:57:42,29.39,-0.01,14,41146,卖盘
928,13:57:36,29.4,--,2,5880,买盘
929,13:57:33,29.4,--,25,73500,买盘
930,13:57:30,29.4,0.01,14,41160,买盘
931,13:57:27,29.39,-0.01,39,114621,卖盘
932,13:57:24,29.4,--,71,209533,卖盘
933,13:57:18,29.4,--,40,117600,卖盘
934,13:57:15,29.4,-0.01,10,29400,卖盘
935,13:57:12,29.41,--,1,2941,卖盘
936,13:57:09,29.41,0.01,5,14705,卖盘
937,13:57:06,29.4,--,1,2940,卖盘
938,13:57:03,29.4,--,66,194451,卖盘
939,13:57:00,29.4,--,13,38220,卖盘
940,13:56:57,29.4,--,8,23520,卖盘
941,13:56:54,29.4,--,10,29400,卖盘
942,13:56:51,29.4,--,5,14700,卖盘
943,13:56:45,29.4,--,2,5880,卖盘
944,13:56:42,29.4,--,6,17640,卖盘
945,13:56:39,29.4,--,92,270480,卖盘
946,13:56:36,29.4,-0.01,5,14700,卖盘
947,13:56:33,29.41,0.01,22,64702,买盘
948,13:56:30,29.4,-0.01,76,223440,卖盘
949,13:56:27,29.41,--,1,2941,买盘
950,13:56:24,29.41,--,33,98464,卖盘
951,13:56:18,29.41,--,9,26469,卖盘
952,13:56:15,29.41,--,10,29410,卖盘
953,13:56:12,29.41,--,14,41174,卖盘
954,13:56:06,29.41,--,42,123522,卖盘
955,13:56:03,29.41,--,114,335274,卖盘
956,13:56:00,29.41,--,9,26469,卖盘
957,13:55:57,29.41,--,40,117640,卖盘
958,13:55:51,29.41,--,75,220575,卖盘
959,13:55:48,29.41,-0.02,539,1585199,卖盘
960,13:55:45,29.43,0.01,10,29430,买盘
961,13:55:42,29.42,-0.01,1,2942,卖盘
962,13:55:36,29.43,--,13,38259,买盘
963,13:55:33,29.43,--,13,38259,买盘
964,13:55:30,29.43,--,13,38259,买盘
965,13:55:27,29.43,0.01,13,38259,买盘
966,13:55:24,29.42,-0.01,44,129448,卖盘
967,13:55:18,29.43,--,2,5886,买盘
968,13:55:15,29.43,0.01,85,250155,买盘
969,13:55:12,29.42,-0.02,6,17652,卖盘
970,13:55:03,29.44,0.01,14,41216,买盘
971,13:55:00,29.43,--,75,220725,卖盘
972,13:54:57,29.43,--,60,176580,卖盘
973,13:54:45,29.43,--,8,23544,卖盘
974,13:54:36,29.43,-0.02,66,194238,卖盘
975,13:54:33,29.45,0.01,12,35340,买盘
976,13:54:30,29.44,0.01,1,2944,中性盘
977,13:54:27,29.43,--,1,2943,卖盘
978,13:54:21,29.43,--,1,2943,卖盘
979,13:54:18,29.43,--,41,120663,卖盘
980,13:54:12,29.43,--,9,26487,卖盘
981,13:54:06,29.43,-0.02,5,14715,中性盘
982,13:54:03,29.45,0.03,13,38285,买盘
983,13:53:57,29.42,--,24,70608,卖盘
984,13:53:51,29.42,--,2,5884,卖盘
985,13:53:48,29.42,0.01,9,26478,中性盘
986,13:53:39,29.41,-0.04,2,5882,卖盘
987,13:53:33,29.45,--,12,35340,买盘
988,13:53:30,29.45,0.04,12,35340,买盘
989,13:53:27,29.41,--,27,79407,卖盘
990,13:53:21,29.41,--,10,29410,卖盘
991,13:53:15,29.41,--,10,29410,卖盘
992,13:53:12,29.41,--,13,38233,卖盘
993,13:53:06,29.41,-0.04,3,8823,卖盘
994,13:53:03,29.45,0.04,54,161356,买盘
995,13:52:57,29.41,--,29,85289,卖盘
996,13:52:54,29.41,--,6,17646,卖盘
997,13:52:51,29.41,--,1,2941,卖盘
998,13:52:45,29.41,--,20,58820,卖盘
999,13:52:39,29.41,-0.04,23,67643,卖盘
1000,13:52:33,29.45,0.04,13,38285,中性盘
1001,13:52:30,29.41,-0.04,29,85289,卖盘
1002,13:52:27,29.45,--,2,5890,卖盘
1003,13:52:18,29.45,--,24,70680,卖盘
1004,13:52:09,29.45,0.04,88,259160,买盘
1005,13:52:06,29.41,--,10,29410,卖盘
1006,13:52:03,29.41,--,15,44115,卖盘
1007,13:51:51,29.41,-0.01,13,38233,卖盘
1008,13:51:48,29.42,0.01,2,5884,卖盘
1009,13:51:42,29.41,--,3,8823,卖盘
1010,13:51:39,29.41,-0.04,126,370566,卖盘
1011,13:51:36,29.45,--,12,35340,买盘
1012,13:51:33,29.45,--,13,38285,买盘
1013,13:51:30,29.45,0.04,13,38285,买盘
1014,13:51:27,29.41,-0.01,100,294100,卖盘
1015,13:51:12,29.42,-0.01,10,29420,卖盘
1016,13:51:06,29.43,-0.02,2,5886,卖盘
1017,13:51:03,29.45,0.03,13,38285,买盘
1018,13:50:57,29.42,-0.03,4,11768,卖盘
1019,13:50:48,29.45,0.03,10,29450,买盘
1020,13:50:39,29.42,--,54,158868,卖盘
1021,13:50:36,29.42,-0.03,39,114738,卖盘
1022,13:50:33,29.45,0.03,26,76570,买盘
1023,13:50:24,29.42,--,10,29420,卖盘
1024,13:50:21,29.42,--,13,38246,卖盘
1025,13:50:15,29.42,--,3,8826,卖盘
1026,13:50:12,29.42,-0.06,5,14710,卖盘
1027,13:50:03,29.48,0.06,12,35376,买盘
1028,13:50:00,29.42,-0.01,10,29420,卖盘
1029,13:49:57,29.43,--,13,38259,卖盘
1030,13:49:54,29.43,0.01,1,2943,中性盘
1031,13:49:36,29.42,-0.06,36,105912,卖盘
1032,13:49:33,29.48,--,14,41272,买盘
1033,13:49:27,29.48,--,22,64856,买盘
1034,13:49:21,29.48,--,27,79596,买盘
1035,13:49:18,29.48,0.05,19,56012,买盘
1036,13:49:06,29.43,-0.05,14,41202,卖盘
1037,13:49:03,29.48,0.02,24,70752,买盘
1038,13:49:00,29.46,-0.02,7,20622,卖盘
1039,13:48:54,29.48,0.02,3,8844,买盘
1040,13:48:51,29.46,--,15,44190,卖盘
1041,13:48:42,29.46,--,14,41244,卖盘
1042,13:48:39,29.46,-0.02,10,29460,卖盘
1043,13:48:33,29.48,0.02,12,35376,买盘
1044,13:48:27,29.46,-0.02,102,300492,卖盘
1045,13:48:21,29.48,-0.01,35,103180,卖盘
1046,13:48:18,29.49,0.01,11,32439,买盘
1047,13:48:15,29.48,--,13,38324,卖盘
1048,13:48:12,29.48,--,29,85492,卖盘
1049,13:48:09,29.48,-0.02,1,2948,卖盘
1050,13:48:03,29.5,0.02,13,38350,买盘
1051,13:48:00,29.48,-0.02,13,38324,卖盘
1052,13:47:48,29.5,0.02,10,29500,买盘
1053,13:47:45,29.48,-0.02,5,14740,卖盘
1054,13:47:33,29.5,--,12,35400,买盘
1055,13:47:27,29.5,--,12,35400,买盘
1056,13:47:21,29.5,--,171,504450,买盘
1057,13:47:18,29.5,--,15,44250,买盘
1058,13:47:15,29.5,--,1,2950,买盘
1059,13:47:12,29.5,--,38,112100,卖盘
1060,13:47:06,29.5,-0.01,20,59000,卖盘
1061,13:47:03,29.51,--,13,38363,买盘
1062,13:46:54,29.51,--,12,35412,买盘
1063,13:46:48,29.51,0.01,2,5902,买盘
1064,13:46:33,29.5,--,14,41300,卖盘
1065,13:46:30,29.5,-0.01,28,82600,卖盘
1066,13:46:27,29.51,0.01,17,50167,买盘
1067,13:46:24,29.5,-0.01,9,26550,卖盘
1068,13:46:18,29.51,--,4,11804,买盘
1069,13:46:15,29.51,--,60,177060,卖盘
1070,13:46:12,29.51,-0.01,34,100334,卖盘
1071,13:46:09,29.52,0.01,10,29520,买盘
1072,13:46:06,29.51,-0.01,2,5902,卖盘
1073,13:46:03,29.52,0.01,75,221400,买盘
1074,13:45:57,29.51,0.01,2,5902,买盘
1075,13:45:54,29.5,-0.02,1,2950,卖盘
1076,13:45:51,29.52,--,5,14760,买盘
1077,13:45:48,29.52,0.02,5,14760,买盘
1078,13:45:45,29.5,--,4,11800,卖盘
1079,13:45:36,29.5,--,10,29500,卖盘
1080,13:45:33,29.5,-0.02,77,227150,卖盘
1081,13:45:24,29.52,0.01,16,47232,买盘
1082,13:45:21,29.51,0.01,18,53118,买盘
1083,13:45:18,29.5,--,18,53100,卖盘
1084,13:45:12,29.5,--,2,5900,卖盘
1085,13:45:09,29.5,0.02,23,67850,中性盘
1086,13:45:03,29.48,-0.02,22,64856,卖盘
1087,13:45:00,29.5,0.03,2,5900,中性盘
1088,13:44:51,29.47,-0.03,59,173873,卖盘
1089,13:44:48,29.5,--,85,250750,卖盘
1090,13:44:45,29.5,0.03,10,29500,中性盘
1091,13:44:42,29.47,-0.03,20,58940,卖盘
1092,13:44:39,29.5,-0.01,4,11800,中性盘
1093,13:44:33,29.51,0.05,58,171158,买盘
1094,13:44:30,29.46,-0.01,30,88380,卖盘
1095,13:44:15,29.47,--,23,67781,卖盘
1096,13:44:06,29.47,-0.04,8,23576,卖盘
1097,13:44:03,29.51,-0.01,26,76726,中性盘
1098,13:43:57,29.52,0.02,25,73800,买盘
1099,13:43:54,29.5,-0.01,54,159300,卖盘
1100,13:43:51,29.51,-0.01,12,35412,卖盘
1101,13:43:48,29.52,0.01,16,47232,买盘
1102,13:43:45,29.51,--,10,29510,卖盘
1103,13:43:42,29.51,-0.01,40,118040,卖盘
1104,13:43:39,29.52,--,13,38376,买盘
1105,13:43:36,29.52,0.01,10,29520,买盘
1106,13:43:33,29.51,--,29,85579,卖盘
1107,13:43:30,29.51,--,11,32461,卖盘
1108,13:43:27,29.51,--,10,29510,卖盘
1109,13:43:21,29.51,-0.01,12,35412,卖盘
1110,13:43:18,29.52,--,10,29520,买盘
1111,13:43:15,29.52,0.01,10,29520,买盘
1112,13:43:12,29.51,-0.01,6,17706,卖盘
1113,13:43:06,29.52,0.01,20,59040,买盘
1114,13:43:03,29.51,-0.01,19,56069,卖盘
1115,13:43:00,29.52,--,76,224352,买盘
1116,13:42:51,29.52,0.01,1,2952,买盘
1117,13:42:45,29.51,0.02,3,8853,中性盘
1118,13:42:39,29.49,-0.03,9,26541,卖盘
1119,13:42:33,29.52,0.03,84,247968,买盘
1120,13:42:27,29.49,--,2,5898,卖盘
1121,13:42:21,29.49,-0.03,5,14745,卖盘
1122,13:42:18,29.52,0.03,30,88560,买盘
1123,13:42:15,29.49,-0.01,18,53082,卖盘
1124,13:42:12,29.5,--,3,8850,买盘
1125,13:42:09,29.5,--,14,41300,买盘
1126,13:42:06,29.5,--,3,8850,卖盘
1127,13:42:03,29.5,-0.02,16,47200,中性盘
1128,13:42:00,29.52,0.02,11,32472,买盘
1129,13:41:57,29.5,--,26,76729,买盘
1130,13:41:54,29.5,0.01,35,103250,买盘
1131,13:41:51,29.49,-0.01,13,38337,卖盘
1132,13:41:45,29.5,-0.04,55,162250,卖盘
1133,13:41:42,29.54,0.04,2,5908,买盘
1134,13:41:36,29.5,0.01,7,20650,卖盘
1135,13:41:33,29.49,-0.01,33,97317,卖盘
1136,13:41:30,29.5,0.01,18,53100,买盘
1137,13:41:27,29.49,-0.01,214,631086,卖盘
1138,13:41:21,29.5,0.01,18,53100,买盘
1139,13:41:12,29.49,-0.01,18,53082,卖盘
1140,13:41:09,29.5,0.01,10,29500,买盘
1141,13:41:06,29.49,--,19,56031,买盘
1142,13:41:03,29.49,0.02,58,171042,买盘
1143,13:41:00,29.47,-0.02,21,61887,卖盘
1144,13:40:57,29.49,--,10,29490,买盘
1145,13:40:54,29.49,--,46,135654,买盘
1146,13:40:51,29.49,0.02,10,29490,买盘
1147,13:40:48,29.47,-0.02,15,44205,卖盘
1148,13:40:45,29.49,--,88,259512,买盘
1149,13:40:42,29.49,0.01,30,88470,买盘
1150,13:40:36,29.48,-0.01,30,88440,卖盘
1151,13:40:33,29.49,0.02,80,238072,买盘
1152,13:40:30,29.47,--,6,18477,卖盘
1153,13:40:27,29.47,0.01,0,2151,卖盘
1154,13:40:15,29.46,--,43,126678,卖盘
1155,13:40:12,29.46,--,32,94272,卖盘
1156,13:40:06,29.46,0.05,320,942720,买盘
1157,13:40:03,29.41,-0.03,15,44115,卖盘
1158,13:40:00,29.44,--,23,67712,买盘
1159,13:39:51,29.44,0.04,2,5888,买盘
1160,13:39:48,29.4,-0.04,19,55860,卖盘
1161,13:39:42,29.44,--,1,2944,卖盘
1162,13:39:39,29.44,0.04,3,8832,买盘
1163,13:39:36,29.4,--,14,41160,卖盘
1164,13:39:33,29.4,--,13,38220,卖盘
1165,13:39:30,29.4,-0.04,37,108780,卖盘
1166,13:39:27,29.44,--,10,29440,买盘
1167,13:39:24,29.44,--,25,73600,买盘
1168,13:39:18,29.44,-0.01,62,182528,买盘
1169,13:39:15,29.45,--,14,41230,买盘
1170,13:39:09,29.45,0.05,5,14725,买盘
1171,13:39:06,29.4,--,43,126420,卖盘
1172,13:39:03,29.4,-0.05,24,70560,卖盘
1173,13:39:00,29.45,--,21,61845,买盘
1174,13:38:54,29.45,--,100,294500,买盘
1175,13:38:51,29.45,0.05,10,29450,买盘
1176,13:38:48,29.4,-0.05,13,38220,卖盘
1177,13:38:45,29.45,--,1,2945,买盘
1178,13:38:42,29.45,--,43,126635,卖盘
1179,13:38:39,29.45,--,10,29450,卖盘
1180,13:38:33,29.45,--,26,76570,卖盘
1181,13:38:30,29.45,--,32,94240,卖盘
1182,13:38:27,29.45,--,3,8835,卖盘
1183,13:38:24,29.45,0.05,15,44175,买盘
1184,13:38:18,29.4,--,13,38220,卖盘
1185,13:38:15,29.4,-0.05,9,26460,卖盘
1186,13:38:03,29.45,-0.01,12,35340,买盘
1187,13:38:00,29.46,0.05,3,8838,买盘
1188,13:37:54,29.41,-0.05,13,38233,卖盘
1189,13:37:51,29.46,0.06,12,35352,买盘
1190,13:37:45,29.4,-0.06,2,5880,卖盘
1191,13:37:42,29.46,--,14,41244,买盘
1192,13:37:39,29.46,0.06,21,61866,买盘
1193,13:37:36,29.4,--,13,38220,卖盘
1194,13:37:33,29.4,-0.06,19,55860,卖盘
1195,13:37:27,29.46,0.06,10,29460,买盘
1196,13:37:21,29.4,--,18,52920,卖盘
1197,13:37:18,29.4,-0.06,13,38220,卖盘
1198,13:37:03,29.46,0.06,26,76596,买盘
1199,13:36:48,29.4,--,12,35280,卖盘
1200,13:36:45,29.4,--,1,2940,卖盘
1201,13:36:42,29.4,-0.01,13,38220,卖盘
1202,13:36:36,29.41,-0.05,2,5882,卖盘
1203,13:36:33,29.46,0.06,12,35352,买盘
1204,13:36:24,29.4,-0.06,23,67620,卖盘
1205,13:36:21,29.46,0.06,10,29460,买盘
1206,13:36:18,29.4,--,25,73500,卖盘
1207,13:36:15,29.4,-0.01,1,2940,卖盘
1208,13:36:12,29.41,-0.05,14,41174,卖盘
1209,13:36:06,29.46,--,11,32406,卖盘
1210,13:36:03,29.46,--,18,53028,卖盘
1211,13:36:00,29.46,--,2,5892,卖盘
1212,13:35:57,29.46,--,10,29460,卖盘
1213,13:35:48,29.46,0.06,7,20622,买盘
1214,13:35:36,29.4,-0.06,25,73500,卖盘
1215,13:35:33,29.46,0.06,22,64812,买盘
1216,13:35:27,29.4,-0.01,12,35280,卖盘
1217,13:35:21,29.41,0.01,1,2941,买盘
1218,13:35:06,29.4,-0.01,20,60534,卖盘
1219,13:35:03,29.41,--,14,41174,买盘
1220,13:35:00,29.41,--,6,17646,买盘
1221,13:34:57,29.41,--,2,5882,买盘
1222,13:34:54,29.41,--,23,67643,卖盘
1223,13:34:51,29.41,--,5,14705,卖盘
1224,13:34:42,29.41,--,11,32351,卖盘
1225,13:34:36,29.41,-0.06,2,5882,卖盘
1226,13:34:33,29.47,--,12,35364,买盘
1227,13:34:27,29.47,--,1,2947,买盘
1228,13:34:21,29.47,--,10,29470,买盘
1229,13:34:12,29.47,-0.01,31,91357,中性盘
1230,13:34:03,29.48,0.06,51,150348,买盘
1231,13:33:54,29.42,--,1,2942,卖盘
1232,13:33:51,29.42,-0.01,4,11768,卖盘
1233,13:33:45,29.43,-0.05,1,2943,卖盘
1234,13:33:33,29.48,-0.01,13,38324,买盘
1235,13:33:30,29.49,0.06,10,29490,买盘
1236,13:33:27,29.43,-0.06,8,23544,卖盘
1237,13:33:24,29.49,0.02,3,8847,买盘
1238,13:33:21,29.47,0.06,11,32417,卖盘
1239,13:33:15,29.41,-0.08,3,8823,卖盘
1240,13:33:12,29.49,--,15,44235,买盘
1241,13:33:03,29.49,0.08,12,35388,买盘
1242,13:33:00,29.41,-0.08,25,73525,卖盘
1243,13:32:51,29.49,0.08,6,17694,买盘
1244,13:32:48,29.41,-0.01,20,58820,卖盘
1245,13:32:45,29.42,--,14,41188,卖盘
1246,13:32:42,29.42,-0.07,14,41188,卖盘
1247,13:32:39,29.49,--,13,38337,买盘
1248,13:32:33,29.49,0.07,12,35388,买盘
1249,13:32:30,29.42,--,14,41188,卖盘
1250,13:32:21,29.42,--,10,29420,卖盘
1251,13:32:12,29.42,-0.06,14,41188,卖盘
1252,13:32:03,29.48,--,18,53064,买盘
1253,13:31:51,29.48,--,10,29480,买盘
1254,13:31:48,29.48,0.06,16,47168,买盘
1255,13:31:45,29.42,-0.06,2,5884,中性盘
1256,13:31:39,29.48,0.06,29,85492,买盘
1257,13:31:33,29.42,-0.06,15,44130,卖盘
1258,13:31:30,29.48,0.02,57,168036,买盘
1259,13:31:24,29.46,--,17,50082,买盘
1260,13:31:18,29.46,--,450,1328351,卖盘
1261,13:31:15,29.46,--,0,294,卖盘
1262,13:31:09,29.46,0.06,49,144354,买盘
1263,13:31:06,29.4,-0.02,1,2940,卖盘
1264,13:31:03,29.42,--,45,132390,买盘
1265,13:30:51,29.42,--,13,38246,买盘
1266,13:30:48,29.42,--,14,41188,买盘
1267,13:30:45,29.42,--,12,35304,买盘
1268,13:30:42,29.42,--,5,14710,买盘
1269,13:30:39,29.42,-0.01,131,385402,卖盘
1270,13:30:36,29.43,-0.03,30,88290,卖盘
1271,13:30:33,29.46,0.01,13,38298,中性盘
1272,13:30:30,29.45,-0.03,19,55955,卖盘
1273,13:30:24,29.48,0.03,7,20636,买盘
1274,13:30:06,29.45,-0.04,13,38285,卖盘
1275,13:30:03,29.49,0.04,13,38337,买盘
1276,13:30:00,29.45,--,4,11780,卖盘
1277,13:29:45,29.45,-0.04,16,47120,卖盘
1278,13:29:42,29.49,-0.01,32,94368,买盘
1279,13:29:39,29.5,0.04,5,14750,买盘
1280,13:29:36,29.46,-0.04,13,38298,卖盘
1281,13:29:33,29.5,0.05,12,35400,买盘
1282,13:29:30,29.45,--,39,114855,卖盘
1283,13:29:27,29.45,-0.05,19,55955,卖盘
1284,13:29:21,29.5,0.05,10,29500,买盘
1285,13:29:15,29.45,-0.04,33,97185,卖盘
1286,13:29:12,29.49,0.03,45,132705,买盘
1287,13:29:09,29.46,-0.03,1,2946,中性盘
1288,13:29:06,29.49,0.03,20,58980,买盘
1289,13:29:03,29.46,--,20,58920,卖盘
1290,13:28:51,29.46,-0.03,9,26514,卖盘
1291,13:28:45,29.49,0.03,39,115011,买盘
1292,13:28:42,29.46,--,15,44190,卖盘
1293,13:28:36,29.46,-0.01,10,29460,卖盘
1294,13:28:33,29.47,-0.02,20,58940,卖盘
1295,13:28:27,29.49,--,23,67827,卖盘
1296,13:28:24,29.49,--,10,29490,卖盘
1297,13:28:15,29.49,--,7,20643,卖盘
1298,13:28:12,29.49,0.04,8,25272,买盘
1299,13:28:03,29.45,-0.04,26,76570,卖盘
1300,13:28:00,29.49,0.04,19,56031,买盘
1301,13:27:54,29.45,-0.03,12,35340,卖盘
1302,13:27:51,29.48,0.03,10,29480,买盘
1303,13:27:48,29.45,--,13,38285,卖盘
1304,13:27:42,29.45,-0.04,20,58900,卖盘
1305,13:27:39,29.49,--,5,14745,买盘
1306,13:27:36,29.49,--,1,2949,买盘
1307,13:27:33,29.49,--,12,35388,买盘
1308,13:27:21,29.49,--,28,82572,买盘
1309,13:27:12,29.49,0.02,11,32439,买盘
1310,13:27:09,29.47,-0.02,10,29470,中性盘
1311,13:27:06,29.49,--,6,17694,买盘
1312,13:27:03,29.49,0.06,29,85521,买盘
1313,13:27:00,29.43,-0.02,11,32373,卖盘
1314,13:26:54,29.45,-0.03,12,35340,卖盘
1315,13:26:48,29.48,--,13,38324,卖盘
1316,13:26:42,29.48,-0.01,20,58960,中性盘
1317,13:26:39,29.49,0.04,50,147450,买盘
1318,13:26:36,29.45,--,2,5890,卖盘
1319,13:26:33,29.45,0.02,56,164920,卖盘
1320,13:26:30,29.43,--,5,14715,卖盘
1321,13:26:27,29.43,-0.05,3,8829,买盘
1322,13:26:24,29.48,--,2,5896,买盘
1323,13:26:15,29.48,--,23,67804,买盘
1324,13:26:06,29.48,--,89,262372,买盘
1325,13:26:03,29.48,--,45,132660,买盘
1326,13:25:57,29.48,-0.01,31,92655,卖盘
1327,13:25:54,29.49,0.01,66,194634,买盘
1328,13:25:51,29.48,-0.01,5,14740,卖盘
1329,13:25:48,29.49,0.01,41,120909,买盘
1330,13:25:45,29.48,--,3,8844,卖盘
1331,13:25:42,29.48,-0.01,39,114972,卖盘
1332,13:25:39,29.49,0.01,73,215277,买盘
1333,13:25:33,29.48,--,39,114972,卖盘
1334,13:25:30,29.48,0.06,8,25264,买盘
1335,13:25:27,29.42,-0.06,19,55898,卖盘
1336,13:25:24,29.48,--,13,38324,买盘
1337,13:25:15,29.48,0.06,13,38324,买盘
1338,13:25:06,29.42,-0.06,26,76492,卖盘
1339,13:25:03,29.48,--,27,79596,买盘
1340,13:25:00,29.48,--,20,58960,买盘
1341,13:24:51,29.48,0.06,49,144452,买盘
1342,13:24:48,29.42,--,10,29420,卖盘
1343,13:24:45,29.42,--,6,17652,卖盘
1344,13:24:42,29.42,--,10,29420,卖盘
1345,13:24:39,29.42,--,15,44130,卖盘
1346,13:24:33,29.42,--,34,100028,卖盘
1347,13:24:24,29.42,--,6,17652,卖盘
1348,13:24:21,29.42,--,21,61782,卖盘
1349,13:24:06,29.42,--,18,52956,卖盘
1350,13:24:03,29.42,--,25,73550,卖盘
1351,13:24:00,29.42,-0.02,13,38246,卖盘
1352,13:23:57,29.44,-0.03,1,2944,买盘
1353,13:23:54,29.47,0.05,17,50099,买盘
1354,13:23:48,29.42,--,17,50014,卖盘
1355,13:23:45,29.42,--,6,17652,卖盘
1356,13:23:42,29.42,--,35,102970,卖盘
1357,13:23:39,29.42,-0.03,17,50014,卖盘
1358,13:23:33,29.45,0.03,34,100130,买盘
1359,13:23:30,29.42,--,4,11768,卖盘
1360,13:23:12,29.42,-0.03,3,8826,卖盘
1361,13:23:09,29.45,0.03,2,5890,买盘
1362,13:23:03,29.42,-0.03,30,88260,中性盘
1363,13:23:00,29.45,--,40,117800,买盘
1364,13:22:54,29.45,0.08,1,2945,买盘
1365,13:22:42,29.37,--,20,58740,卖盘
1366,13:22:39,29.37,--,13,38181,卖盘
1367,13:22:36,29.37,--,21,61677,卖盘
1368,13:22:33,29.37,--,15,44055,卖盘
1369,13:22:30,29.37,--,65,190905,卖盘
1370,13:22:27,29.37,-0.06,10,29370,卖盘
1371,13:22:24,29.43,-0.02,16,47088,卖盘
1372,13:22:21,29.45,--,50,147250,买盘
1373,13:22:18,29.45,0.02,1,2945,中性盘
1374,13:22:12,29.43,--,10,29430,卖盘
1375,13:22:06,29.43,-0.04,13,38259,卖盘
1376,13:22:03,29.47,0.04,13,38311,买盘
1377,13:21:54,29.43,-0.01,43,126549,卖盘
1378,13:21:48,29.44,0.07,115,339914,买盘
1379,13:21:45,29.37,-0.05,13,38181,卖盘
1380,13:21:42,29.42,--,46,135332,卖盘
1381,13:21:33,29.42,--,110,323620,买盘
1382,13:21:24,29.42,0.05,10,29420,买盘
1383,13:21:21,29.37,-0.05,12,35244,卖盘
1384,13:21:18,29.42,0.05,30,88260,买盘
1385,13:21:12,29.37,--,13,38181,卖盘
1386,13:21:09,29.37,--,16,46992,卖盘
1387,13:21:06,29.37,-0.03,30,88110,卖盘
1388,13:21:03,29.4,0.03,13,38220,买盘
1389,13:20:51,29.37,0.01,9,26433,中性盘
1390,13:20:42,29.36,--,10,29360,卖盘
1391,13:20:39,29.36,-0.06,20,58720,卖盘
1392,13:20:36,29.42,--,2,5884,买盘
1393,13:20:33,29.42,0.02,12,35304,买盘
1394,13:20:24,29.4,-0.02,9,26460,卖盘
1395,13:20:21,29.42,0.02,2,5884,买盘
1396,13:20:18,29.4,-0.02,4,11760,卖盘
1397,13:20:12,29.42,0.02,12,35304,买盘
1398,13:20:09,29.4,-0.02,16,47040,卖盘
1399,13:20:06,29.42,--,6,17652,买盘
1400,13:20:03,29.42,0.02,22,64724,买盘
1401,13:19:54,29.4,-0.02,10,29400,卖盘
1402,13:19:48,29.42,0.02,14,41188,买盘
1403,13:19:45,29.4,0.04,11,32340,买盘
1404,13:19:42,29.36,--,10,29360,卖盘
1405,13:19:36,29.36,-0.06,3,8808,卖盘
1406,13:19:33,29.42,0.06,12,35304,买盘
1407,13:19:30,29.36,--,21,61656,卖盘
1408,13:19:24,29.36,--,17,49912,卖盘
1409,13:19:21,29.36,-0.04,8,23488,卖盘
1410,13:19:18,29.4,--,14,41160,买盘
1411,13:19:15,29.4,0.05,10,29400,买盘
1412,13:19:06,29.35,-0.07,14,41090,卖盘
1413,13:19:03,29.42,--,22,64724,买盘
1414,13:19:00,29.42,0.07,6,17652,买盘
1415,13:18:54,29.35,--,19,55765,卖盘
1416,13:18:48,29.35,-0.08,7,20545,中性盘
1417,13:18:42,29.43,--,35,103005,买盘
1418,13:18:39,29.43,0.01,39,114777,买盘
1419,13:18:36,29.42,--,10,29420,买盘
1420,13:18:33,29.42,-0.01,23,67666,中性盘
1421,13:18:30,29.43,0.09,48,141264,买盘
1422,13:18:27,29.34,--,36,105624,卖盘
1423,13:18:21,29.34,-0.06,24,70416,卖盘
1424,13:18:18,29.4,--,5,14700,卖盘
1425,13:18:12,29.4,-0.03,18,52920,买盘
1426,13:18:09,29.43,0.08,13,38259,买盘
1427,13:18:06,29.35,-0.07,30,88050,买盘
1428,13:18:03,29.42,0.08,12,35304,买盘
1429,13:18:00,29.34,-0.09,13,38142,卖盘
1430,13:17:57,29.43,0.09,47,138321,买盘
1431,13:17:54,29.34,0.01,10,29340,卖盘
1432,13:17:48,29.33,-0.01,313,918029,卖盘
1433,13:17:45,29.34,--,9,26406,卖盘
1434,13:17:42,29.34,-0.01,24,70416,卖盘
1435,13:17:36,29.35,-0.05,6,17610,买盘
1436,13:17:33,29.4,0.06,12,35280,买盘
1437,13:17:30,29.34,-0.01,17,49878,卖盘
1438,13:17:21,29.35,--,13,38155,卖盘
1439,13:17:18,29.35,0.01,1,2935,中性盘
1440,13:17:12,29.34,-0.01,14,41076,卖盘
1441,13:17:09,29.35,--,14,41090,买盘
1442,13:17:03,29.35,0.01,25,73375,中性盘
1443,13:17:00,29.34,--,39,114426,卖盘
1444,13:16:57,29.34,-0.01,77,226739,卖盘
1445,13:16:54,29.35,--,5,14675,买盘
1446,13:16:51,29.35,--,6,17610,买盘
1447,13:16:48,29.35,--,27,79245,买盘
1448,13:16:45,29.35,0.01,2,5870,买盘
1449,13:16:42,29.34,--,30,88020,卖盘
1450,13:16:39,29.34,--,23,67482,卖盘
1451,13:16:36,29.34,-0.01,27,79218,卖盘
1452,13:16:33,29.35,--,23,67505,买盘
1453,13:16:30,29.35,--,11,32285,买盘
1454,13:16:27,29.35,0.01,119,349265,买盘
1455,13:16:24,29.34,-0.01,14,41076,卖盘
1456,13:16:21,29.35,--,140,410900,买盘
1457,13:16:18,29.35,-0.01,455,1335425,卖盘
1458,13:16:12,29.36,-0.04,87,255432,卖盘
1459,13:16:09,29.4,--,24,70560,买盘
1460,13:16:06,29.4,0.03,53,155820,买盘
1461,13:16:03,29.37,--,14,41118,买盘
1462,13:16:00,29.37,0.01,10,29370,买盘
1463,13:15:57,29.36,--,162,475632,买盘
1464,13:15:54,29.36,-0.01,11,32296,买盘
1465,13:15:51,29.37,0.02,151,443487,买盘
1466,13:15:48,29.35,-0.01,41,120335,卖盘
1467,13:15:45,29.36,--,14,41104,卖盘
1468,13:15:42,29.36,--,15,44040,卖盘
1469,13:15:39,29.36,--,43,126248,卖盘
1470,13:15:36,29.36,--,4,11744,卖盘
1471,13:15:33,29.36,-0.01,19,55784,中性盘
1472,13:15:30,29.37,0.01,10,29370,买盘
1473,13:15:27,29.36,--,12,35232,买盘
1474,13:15:24,29.36,--,35,103229,卖盘
1475,13:15:18,29.36,--,217,637112,卖盘
1476,13:15:15,29.36,--,50,146800,卖盘
1477,13:15:12,29.36,-0.01,1,2936,卖盘
1478,13:15:09,29.37,--,23,67551,买盘
1479,13:15:06,29.37,--,103,302511,买盘
1480,13:15:03,29.37,--,71,208527,买盘
1481,13:15:00,29.37,-0.05,392,1152243,卖盘
1482,13:14:57,29.42,--,16,47072,买盘
1483,13:14:51,29.42,0.03,10,29420,买盘
1484,13:14:48,29.39,--,18,52902,卖盘
1485,13:14:45,29.39,-0.01,13,38207,卖盘
1486,13:14:42,29.4,--,1,2940,卖盘
1487,13:14:36,29.4,-0.02,9,26460,卖盘
1488,13:14:33,29.42,--,12,35304,买盘
1489,13:14:24,29.42,0.02,5,14710,买盘
1490,13:14:21,29.4,-0.08,8,23520,卖盘
1491,13:14:15,29.48,0.09,43,126764,买盘
1492,13:14:09,29.39,-0.03,31,91109,卖盘
1493,13:14:06,29.42,0.03,50,149100,买盘
1494,13:14:03,29.39,--,45,132401,卖盘
1495,13:14:00,29.39,--,143,420277,卖盘
1496,13:13:57,29.39,-0.04,9,26451,卖盘
1497,13:13:54,29.43,0.03,11,32373,买盘
1498,13:13:51,29.4,-0.01,601,1766940,卖盘
1499,13:13:42,29.41,--,18,52938,卖盘
1500,13:13:39,29.41,--,5,14705,卖盘
1501,13:13:33,29.41,-0.06,71,208811,卖盘
1502,13:13:30,29.47,0.06,15,44205,买盘
1503,13:13:27,29.41,--,9,26469,卖盘
1504,13:13:18,29.41,--,3,8823,买盘
1505,13:13:15,29.41,0.01,24,70584,买盘
1506,13:13:09,29.4,-0.01,30,88200,卖盘
1507,13:13:06,29.41,-0.06,77,226457,买盘
1508,13:13:03,29.47,0.07,27,79569,买盘
1509,13:13:00,29.4,-0.01,209,614460,卖盘
1510,13:12:57,29.41,-0.01,8,23528,卖盘
1511,13:12:54,29.42,--,1,2942,卖盘
1512,13:12:51,29.42,-0.03,1,2942,卖盘
1513,13:12:48,29.45,0.02,10,29450,买盘
1514,13:12:42,29.43,0.03,11,32373,买盘
1515,13:12:39,29.4,--,13,38220,卖盘
1516,13:12:36,29.4,--,14,41160,卖盘
1517,13:12:33,29.4,-0.01,14,41160,卖盘
1518,13:12:30,29.41,--,8,23528,买盘
1519,13:12:27,29.41,--,6,17646,卖盘
1520,13:12:24,29.41,0.01,2,5882,中性盘
1521,13:12:21,29.4,--,110,323400,卖盘
1522,13:12:12,29.4,-0.01,23,67620,卖盘
1523,13:12:03,29.41,-0.06,28,82348,卖盘
1524,13:11:57,29.47,0.06,10,29470,买盘
1525,13:11:54,29.41,-0.02,7,20587,卖盘
1526,13:11:51,29.43,0.02,1,2943,买盘
1527,13:11:48,29.41,-0.05,11,32351,卖盘
1528,13:11:45,29.46,0.05,13,38298,买盘
1529,13:11:42,29.41,-0.04,30,88230,卖盘
1530,13:11:39,29.45,0.04,13,38285,买盘
1531,13:11:33,29.41,--,45,132345,卖盘
1532,13:11:30,29.41,--,5,14705,卖盘
1533,13:11:27,29.41,--,31,93964,卖盘
1534,13:11:21,29.41,--,11,32351,卖盘
1535,13:11:18,29.41,-0.04,13,38233,卖盘
1536,13:11:15,29.45,0.04,11,32395,中性盘
1537,13:11:06,29.41,-0.05,22,64702,中性盘
1538,13:11:03,29.46,0.06,22,64812,买盘
1539,13:11:00,29.4,--,4,11760,卖盘
1540,13:10:54,29.4,-0.05,14,41160,卖盘
1541,13:10:48,29.45,0.05,31,91295,买盘
1542,13:10:45,29.4,-0.01,17,49980,卖盘
1543,13:10:42,29.41,0.01,41,120581,买盘
1544,13:10:39,29.4,--,15,44100,卖盘
1545,13:10:33,29.4,-0.03,24,70560,卖盘
1546,13:10:30,29.43,-0.02,74,217782,中性盘
1547,13:10:21,29.45,--,512,1507840,卖盘
1548,13:10:18,29.45,0.04,13,38285,中性盘
1549,13:10:09,29.41,--,5,14705,卖盘
1550,13:10:03,29.41,-0.06,31,91171,卖盘
1551,13:10:00,29.47,0.07,1,2947,买盘
1552,13:09:54,29.4,-0.01,3,8820,卖盘
1553,13:09:45,29.41,-0.06,13,38233,中性盘
1554,13:09:39,29.47,--,6,17682,买盘
1555,13:09:33,29.47,0.02,12,35364,买盘
1556,13:09:24,29.45,--,4,11780,买盘
1557,13:09:21,29.45,0.05,10,29450,买盘
1558,13:09:18,29.4,-0.04,7,20580,卖盘
1559,13:09:15,29.44,-0.03,9,26496,卖盘
1560,13:09:12,29.47,--,10,29470,买盘
1561,13:09:03,29.47,0.09,25,73675,买盘
1562,13:08:54,29.38,-0.04,20,58760,卖盘
1563,13:08:51,29.42,-0.02,6,17652,中性盘
1564,13:08:39,29.44,-0.03,15,44160,中性盘
1565,13:08:33,29.47,0.09,13,38311,买盘
1566,13:08:30,29.38,-0.1,4,11752,卖盘
1567,13:08:27,29.48,--,10,29480,买盘
1568,13:08:24,29.48,0.11,15,44220,买盘
1569,13:08:21,29.37,-0.1,10,29370,卖盘
1570,13:08:18,29.47,0.02,66,194502,买盘
1571,13:08:09,29.45,-0.03,10,29450,中性盘
1572,13:08:03,29.48,0.12,13,38324,买盘
1573,13:08:00,29.36,-0.11,192,563712,卖盘
1574,13:07:57,29.47,0.11,25,73675,买盘
1575,13:07:54,29.36,-0.04,600,1761600,卖盘
1576,13:07:48,29.4,--,12,35280,卖盘
1577,13:07:45,29.4,-0.02,13,38220,卖盘
1578,13:07:42,29.42,-0.04,1,2942,卖盘
1579,13:07:39,29.46,-0.02,13,38298,中性盘
1580,13:07:36,29.48,0.06,10,29480,买盘
1581,13:07:33,29.42,0.01,18,52956,买盘
1582,13:07:30,29.41,--,11,32351,卖盘
1583,13:07:27,29.41,0.02,35,102935,买盘
1584,13:07:24,29.39,-0.02,35,102865,卖盘
1585,13:07:18,29.41,--,65,191165,买盘
1586,13:07:12,29.41,0.01,4,11764,买盘
1587,13:07:09,29.4,-0.01,17,49980,买盘
1588,13:07:06,29.41,-0.01,8,23528,卖盘
1589,13:07:03,29.42,--,13,38246,买盘
1590,13:07:00,29.42,-0.02,21,61782,中性盘
1591,13:06:51,29.44,0.05,75,220800,中性盘
1592,13:06:45,29.39,-0.07,470,1381330,卖盘
1593,13:06:42,29.46,0.05,1,2946,中性盘
1594,13:06:36,29.41,-0.07,2,5882,卖盘
1595,13:06:33,29.48,0.07,18,53064,买盘
1596,13:06:30,29.41,--,2,5882,卖盘
1597,13:06:18,29.41,--,39,114699,卖盘
1598,13:06:15,29.41,--,10,29410,卖盘
1599,13:06:12,29.41,-0.02,10,29410,卖盘
1600,13:06:09,29.43,--,9,26487,买盘
1601,13:06:06,29.43,0.02,1,2943,买盘
1602,13:06:03,29.41,-0.07,15,44115,卖盘
1603,13:05:57,29.48,0.07,10,29480,买盘
1604,13:05:48,29.41,-0.01,18,52938,卖盘
1605,13:05:42,29.42,-0.01,1,2942,卖盘
1606,13:05:39,29.43,--,5,14715,卖盘
1607,13:05:36,29.43,-0.05,10,29430,卖盘
1608,13:05:33,29.48,0.07,24,70752,买盘
1609,13:05:18,29.41,--,11,32351,卖盘
1610,13:05:15,29.41,--,16,47056,卖盘
1611,13:05:12,29.41,--,7,20587,卖盘
1612,13:05:03,29.41,--,31,91171,卖盘
1613,13:05:00,29.41,--,17,49997,卖盘
1614,13:04:57,29.41,-0.01,9,26469,卖盘
1615,13:04:54,29.42,--,2,5884,买盘
1616,13:04:39,29.42,0.01,1,2942,买盘
1617,13:04:33,29.41,--,24,70584,卖盘
1618,13:04:30,29.41,--,11,32351,卖盘
1619,13:04:27,29.41,--,27,79407,卖盘
1620,13:04:21,29.41,-0.01,3,8823,卖盘
1621,13:04:18,29.42,--,56,164752,卖盘
1622,13:04:09,29.42,-0.05,9,26478,卖盘
1623,13:04:03,29.47,0.05,12,35364,买盘
1624,13:04:00,29.42,-0.05,1,2942,卖盘
1625,13:03:48,29.47,--,1,2947,买盘
1626,13:03:45,29.47,0.05,23,67781,买盘
1627,13:03:42,29.42,0.01,3,8826,买盘
1628,13:03:36,29.41,-0.05,6,17646,卖盘
1629,13:03:33,29.46,0.05,12,35352,买盘
1630,13:03:30,29.41,--,9,26469,卖盘
1631,13:03:27,29.41,-0.01,4,11764,中性盘
1632,13:03:24,29.42,0.02,3,8826,买盘
1633,13:03:18,29.4,-0.01,8,23520,卖盘
1634,13:03:15,29.41,-0.01,3,8823,中性盘
1635,13:03:12,29.42,0.02,1,2942,中性盘
1636,13:03:06,29.4,--,9,26460,卖盘
1637,13:03:03,29.4,--,15,44100,卖盘
1638,13:02:57,29.4,-0.01,57,167580,卖盘
1639,13:02:51,29.41,-0.02,23,67643,卖盘
1640,13:02:48,29.43,0.01,24,73104,买盘
1641,13:02:45,29.42,0.02,11,32362,中性盘
1642,13:02:42,29.4,--,45,132300,卖盘
1643,13:02:39,29.4,-0.02,21,61740,卖盘
1644,13:02:36,29.42,0.02,40,117680,买盘
1645,13:02:33,29.4,--,123,361620,卖盘
1646,13:02:27,29.4,-0.01,301,884940,卖盘
1647,13:02:21,29.41,0.01,3,8823,买盘
1648,13:02:18,29.4,--,10,29400,卖盘
1649,13:02:15,29.4,--,8,23520,卖盘
1650,13:02:12,29.4,-0.01,20,58800,卖盘
1651,13:02:06,29.41,0.01,24,70584,买盘
1652,13:02:03,29.4,-0.01,54,158760,卖盘
1653,13:02:00,29.41,0.01,30,88230,买盘
1654,13:01:57,29.4,-0.01,56,164640,卖盘
1655,13:01:54,29.41,0.01,2,5882,买盘
1656,13:01:51,29.4,-0.02,201,590940,卖盘
1657,13:01:45,29.42,--,6,17652,买盘
1658,13:01:42,29.42,0.01,11,32362,买盘
1659,13:01:39,29.41,--,10,29410,卖盘
1660,13:01:36,29.41,-0.03,17,49997,卖盘
1661,13:01:33,29.44,0.03,13,38272,买盘
1662,13:01:30,29.41,-0.02,11,32351,卖盘
1663,13:01:27,29.43,-0.02,3,8829,中性盘
1664,13:01:21,29.45,0.04,24,70680,买盘
1665,13:01:09,29.41,-0.03,2,5882,卖盘
1666,13:01:03,29.44,0.03,13,38272,中性盘
1667,13:01:00,29.41,--,12,35292,卖盘
1668,13:00:57,29.41,-0.04,7,20587,卖盘
1669,13:00:51,29.45,0.04,1,2945,买盘
1670,13:00:33,29.41,-0.02,41,120581,卖盘
1671,13:00:30,29.43,--,5,14715,买盘
1672,13:00:27,29.43,0.02,43,126549,中性盘
1673,13:00:18,29.41,-0.02,121,355861,卖盘
1674,13:00:15,29.43,--,34,100062,买盘
1675,13:00:12,29.43,0.01,14,41202,买盘
1676,13:00:09,29.42,-0.03,74,217708,卖盘
1677,13:00:06,29.45,--,223,656735,买盘
1678,13:00:03,29.45,-0.03,314,924730,卖盘
1679,13:00:00,29.48,--,0,0,买盘
1680,11:30:00,29.48,--,11,32428,买盘
1681,11:29:57,29.48,0.02,1,2948,买盘
1682,11:29:54,29.46,-0.02,8,23568,卖盘
1683,11:29:48,29.48,0.01,15,44220,买盘
1684,11:29:45,29.47,--,2,5894,卖盘
1685,11:29:42,29.47,0.01,2,5894,中性盘
1686,11:29:39,29.46,-0.01,32,94272,卖盘
1687,11:29:36,29.47,--,10,29470,卖盘
1688,11:29:33,29.47,--,70,206290,卖盘
1689,11:29:30,29.47,--,5,14735,卖盘
1690,11:29:21,29.47,-0.01,8,23576,卖盘
1691,11:29:15,29.48,0.02,24,70752,买盘
1692,11:29:09,29.46,--,10,29460,卖盘
1693,11:29:06,29.46,-0.02,20,58920,卖盘
1694,11:29:03,29.48,0.02,10,29480,买盘
1695,11:29:00,29.46,--,12,35352,卖盘
1696,11:28:54,29.46,0.01,10,29460,买盘
1697,11:28:51,29.45,--,6,17670,卖盘
1698,11:28:45,29.45,-0.01,10,29450,卖盘
1699,11:28:42,29.46,0.02,8,23568,卖盘
1700,11:28:33,29.44,--,12,35328,卖盘
1701,11:28:30,29.44,-0.02,10,29440,卖盘
1702,11:28:27,29.46,0.02,1,2946,买盘
1703,11:28:24,29.44,--,3,8832,卖盘
1704,11:28:18,29.44,-0.04,22,64768,卖盘
1705,11:28:12,29.48,0.04,10,29480,买盘
1706,11:28:06,29.44,-0.05,16,47104,卖盘
1707,11:28:03,29.49,--,11,32439,买盘
1708,11:28:00,29.49,0.01,6,17694,买盘
1709,11:27:57,29.48,0.05,2,5896,买盘
1710,11:27:54,29.43,--,17,50031,卖盘
1711,11:27:51,29.43,--,12,35316,卖盘
1712,11:27:48,29.43,-0.07,21,61803,卖盘
1713,11:27:42,29.5,--,10,29500,买盘
1714,11:27:39,29.5,0.07,21,61950,买盘
1715,11:27:36,29.43,-0.07,5,14715,卖盘
1716,11:27:33,29.5,0.07,15,44250,买盘
1717,11:27:30,29.43,-0.02,13,38259,卖盘
1718,11:27:27,29.45,-0.04,14,41230,卖盘
1719,11:27:24,29.49,-0.01,49,144501,卖盘
1720,11:27:21,29.5,--,31,91450,卖盘
1721,11:27:18,29.5,--,18,53100,卖盘
1722,11:27:15,29.5,-0.01,20,59000,卖盘
1723,11:27:12,29.51,--,25,73775,卖盘
1724,11:27:09,29.51,--,130,383630,卖盘
1725,11:27:06,29.51,--,25,73775,卖盘
1726,11:27:03,29.51,--,17,50167,卖盘
1727,11:27:00,29.51,--,20,59020,卖盘
1728,11:26:57,29.51,-0.02,9,26559,卖盘
1729,11:26:48,29.53,0.02,11,32483,买盘
1730,11:26:42,29.51,-0.01,4,11804,卖盘
1731,11:26:39,29.52,0.01,1,2952,卖盘
1732,11:26:36,29.51,-0.03,21,61971,卖盘
1733,11:26:33,29.54,0.01,62,183148,买盘
1734,11:26:27,29.53,-0.01,25,73825,卖盘
1735,11:26:24,29.54,0.03,1,2954,买盘
1736,11:26:21,29.51,-0.02,14,41314,卖盘
1737,11:26:15,29.53,--,4,11812,卖盘
1738,11:26:09,29.53,0.02,42,124026,买盘
1739,11:26:03,29.51,0.01,62,182962,买盘
1740,11:26:00,29.5,--,13,38350,卖盘
1741,11:25:57,29.5,--,23,67850,卖盘
1742,11:25:54,29.5,--,95,280250,卖盘
1743,11:25:51,29.5,--,2,5900,卖盘
1744,11:25:48,29.5,--,29,85550,卖盘
1745,11:25:42,29.5,-0.02,1,2950,卖盘
1746,11:25:39,29.52,0.02,6,17712,中性盘
1747,11:25:36,29.5,--,10,29500,卖盘
1748,11:25:33,29.5,0.02,520,1534000,买盘
1749,11:25:30,29.48,--,16,47168,卖盘
1750,11:25:27,29.48,-0.01,26,76648,卖盘
1751,11:25:24,29.49,0.01,109,321441,买盘
1752,11:25:21,29.48,0.03,87,256476,买盘
1753,11:25:18,29.45,--,286,842270,买盘
1754,11:25:15,29.45,0.03,27,79515,买盘
1755,11:25:06,29.42,-0.03,11,32362,卖盘
1756,11:25:03,29.45,0.03,36,106020,买盘
1757,11:25:00,29.42,-0.03,47,138274,卖盘
1758,11:24:57,29.45,--,11,32395,买盘
1759,11:24:54,29.45,-0.01,134,394630,卖盘
1760,11:24:48,29.46,0.01,12,35352,买盘
1761,11:24:45,29.45,--,4,11780,卖盘
1762,11:24:39,29.45,-0.02,28,82460,卖盘
1763,11:24:36,29.47,-0.01,45,132615,中性盘
1764,11:24:33,29.48,0.03,10,29480,买盘
1765,11:24:30,29.45,--,16,47120,卖盘
1766,11:24:27,29.45,--,77,226765,卖盘
1767,11:24:24,29.45,--,19,55955,卖盘
1768,11:24:21,29.45,--,32,94240,卖盘
1769,11:24:15,29.45,0.02,86,253270,买盘
1770,11:24:12,29.43,0.01,12,35316,买盘
1771,11:24:09,29.42,--,23,67666,卖盘
1772,11:24:06,29.42,--,10,29420,卖盘
1773,11:24:03,29.42,--,22,64724,卖盘
1774,11:24:00,29.42,-0.01,8,23536,卖盘
1775,11:23:57,29.43,0.02,10,29430,买盘
1776,11:23:54,29.41,-0.02,20,58820,卖盘
1777,11:23:51,29.43,0.01,8,23544,中性盘
1778,11:23:42,29.42,-0.01,3,8826,中性盘
1779,11:23:39,29.43,0.02,10,29430,买盘
1780,11:23:33,29.41,-0.02,19,55879,卖盘
1781,11:23:30,29.43,-0.02,8,23544,卖盘
1782,11:23:27,29.45,0.04,12,35340,买盘
1783,11:23:24,29.41,-0.02,21,61761,卖盘
1784,11:23:21,29.43,--,15,44145,买盘
1785,11:23:18,29.43,--,6,17658,买盘
1786,11:23:15,29.43,--,4,11772,买盘
1787,11:23:09,29.43,--,14,41202,卖盘
1788,11:23:06,29.43,--,27,79461,卖盘
1789,11:23:03,29.43,--,37,108891,买盘
1790,11:22:57,29.43,--,79,232497,卖盘
1791,11:22:51,29.43,--,23,67689,卖盘
1792,11:22:45,29.43,--,21,61803,卖盘
1793,11:22:42,29.43,-0.02,28,82404,卖盘
1794,11:22:39,29.45,0.02,56,164920,买盘
1795,11:22:36,29.43,0.01,91,267813,买盘
1796,11:22:33,29.42,-0.01,214,629588,卖盘
1797,11:22:27,29.43,0.01,1,2943,买盘
1798,11:22:24,29.42,--,20,58840,卖盘
1799,11:22:21,29.42,--,6,17652,卖盘
1800,11:22:15,29.42,-0.01,6,17652,卖盘
1801,11:22:12,29.43,--,4,11772,买盘
1802,11:22:09,29.43,--,18,52974,卖盘
1803,11:22:06,29.43,--,9,26487,卖盘
1804,11:22:03,29.43,--,58,170694,卖盘
1805,11:22:00,29.43,-0.02,10,29430,卖盘
1806,11:21:57,29.45,0.02,81,238545,买盘
1807,11:21:54,29.43,-0.02,1,2943,中性盘
1808,11:21:48,29.45,0.02,10,29450,买盘
1809,11:21:45,29.43,-0.02,3,8829,卖盘
1810,11:21:39,29.45,0.03,13,38285,买盘
1811,11:21:36,29.42,-0.02,10,29420,卖盘
1812,11:21:33,29.44,0.01,12,35328,买盘
1813,11:21:30,29.43,0.01,29,85347,买盘
1814,11:21:24,29.42,-0.01,23,67666,卖盘
1815,11:21:21,29.43,0.01,8,23544,买盘
1816,11:21:18,29.42,-0.01,8,23536,卖盘
1817,11:21:12,29.43,0.01,3,8829,买盘
1818,11:21:09,29.42,--,19,55898,卖盘
1819,11:21:06,29.42,--,10,29420,卖盘
1820,11:21:03,29.42,--,23,67666,卖盘
1821,11:21:00,29.42,-0.02,84,247128,卖盘
1822,11:20:57,29.44,0.02,32,94208,买盘
1823,11:20:54,29.42,--,13,38246,卖盘
1824,11:20:51,29.42,-0.01,6,17652,卖盘
1825,11:20:48,29.43,0.01,6,17658,买盘
1826,11:20:45,29.42,-0.01,22,64724,卖盘
1827,11:20:39,29.43,-0.01,100,294300,卖盘
1828,11:20:33,29.44,--,19,55936,卖盘
1829,11:20:27,29.44,0.01,10,29440,买盘
1830,11:20:24,29.43,--,25,73575,卖盘
1831,11:20:21,29.43,--,5,14715,卖盘
1832,11:20:18,29.43,--,20,58860,卖盘
1833,11:20:12,29.43,--,13,38259,卖盘
1834,11:20:06,29.43,--,102,300186,买盘
1835,11:20:03,29.43,0.01,15,44145,买盘
1836,11:20:00,29.42,-0.01,21,61782,卖盘
1837,11:19:54,29.43,-0.02,1,2943,中性盘
1838,11:19:51,29.45,--,61,179645,买盘
1839,11:19:48,29.45,0.01,257,756865,买盘
1840,11:19:45,29.44,--,14,41216,卖盘
1841,11:19:42,29.44,-0.01,51,150144,卖盘
1842,11:19:39,29.45,0.01,10,29450,买盘
1843,11:19:36,29.44,-0.01,36,105984,卖盘
1844,11:19:33,29.45,0.01,12,35340,买盘
1845,11:19:30,29.44,0.03,40,117760,买盘
1846,11:19:21,29.41,--,10,29410,卖盘
1847,11:19:15,29.41,-0.05,13,38233,卖盘
1848,11:19:09,29.46,0.05,100,294600,买盘
1849,11:19:06,29.41,-0.03,22,64702,卖盘
1850,11:19:03,29.44,--,10,29440,买盘
1851,11:19:00,29.44,0.03,35,103040,买盘
1852,11:18:57,29.41,-0.01,8,23528,卖盘
1853,11:18:51,29.42,0.01,5,14710,买盘
1854,11:18:48,29.41,--,4,11764,卖盘
1855,11:18:45,29.41,--,1,2941,卖盘
1856,11:18:39,29.41,--,7,20587,卖盘
1857,11:18:36,29.41,-0.03,19,55879,卖盘
1858,11:18:33,29.44,--,10,29440,买盘
1859,11:18:30,29.44,0.04,5,14720,买盘
1860,11:18:27,29.4,--,10,29400,卖盘
1861,11:18:24,29.4,-0.01,44,129360,卖盘
1862,11:18:21,29.41,-0.01,4,11764,买盘
1863,11:18:18,29.42,-0.02,79,232418,卖盘
1864,11:18:12,29.44,0.04,10,29440,买盘
1865,11:18:09,29.4,-0.01,8,23520,卖盘
1866,11:18:06,29.41,-0.01,16,47056,卖盘
1867,11:18:03,29.42,--,12,35304,中性盘
1868,11:17:48,29.42,--,16,47072,买盘
1869,11:17:45,29.42,0.01,4,11768,买盘
1870,11:17:42,29.41,0.01,2,5882,中性盘
1871,11:17:36,29.4,-0.04,26,76440,卖盘
1872,11:17:33,29.44,0.04,10,29440,买盘
1873,11:17:30,29.4,-0.01,20,58800,卖盘
1874,11:17:27,29.41,--,6,17646,买盘
1875,11:17:24,29.41,-0.01,72,211752,卖盘
1876,11:17:21,29.42,--,7,20594,卖盘
1877,11:17:18,29.42,-0.02,12,35304,卖盘
1878,11:17:15,29.44,--,5,14720,买盘
1879,11:17:12,29.44,0.01,5,14720,买盘
1880,11:17:06,29.43,--,10,29430,卖盘
1881,11:17:03,29.43,--,21,61803,卖盘
1882,11:17:00,29.43,0.01,24,70632,卖盘
1883,11:16:57,29.42,0.01,22,64724,买盘
1884,11:16:54,29.41,-0.01,5,14705,卖盘
1885,11:16:48,29.42,--,9,26478,卖盘
1886,11:16:45,29.42,-0.01,38,111796,卖盘
1887,11:16:42,29.43,-0.01,34,100062,中性盘
1888,11:16:36,29.44,--,15,44218,卖盘
1889,11:16:33,29.44,-0.01,20,58880,卖盘
1890,11:16:27,29.45,0.01,6,17670,买盘
1891,11:16:24,29.44,--,9,26496,卖盘
1892,11:16:21,29.44,-0.02,5,14720,卖盘
1893,11:16:15,29.46,0.01,6,17676,买盘
1894,11:16:12,29.45,--,5,14725,卖盘
1895,11:16:09,29.45,--,12,35340,卖盘
1896,11:16:06,29.45,-0.01,27,79515,卖盘
1897,11:16:03,29.46,0.01,14,41244,买盘
1898,11:16:00,29.45,--,9,26505,卖盘
1899,11:15:57,29.45,-0.02,10,29450,卖盘
1900,11:15:54,29.47,0.01,10,29470,买盘
1901,11:15:51,29.46,0.01,5,14730,中性盘
1902,11:15:48,29.45,--,26,76570,卖盘
1903,11:15:45,29.45,-0.01,10,29450,卖盘
1904,11:15:42,29.46,--,12,35352,卖盘
1905,11:15:39,29.46,--,24,70704,卖盘
1906,11:15:33,29.46,0.01,28,82488,中性盘
1907,11:15:24,29.45,--,4,11780,卖盘
1908,11:15:21,29.45,--,17,50065,卖盘
1909,11:15:18,29.45,--,3,8835,卖盘
1910,11:15:15,29.45,--,6,17670,中性盘
1911,11:15:09,29.45,0.01,10,29450,卖盘
1912,11:15:06,29.44,-0.04,4,11776,卖盘
1913,11:15:03,29.48,0.04,19,56012,买盘
1914,11:14:54,29.44,--,24,70656,卖盘
1915,11:14:48,29.44,--,10,29440,卖盘
1916,11:14:45,29.44,--,44,129536,卖盘
1917,11:14:42,29.44,--,32,94208,卖盘
1918,11:14:39,29.44,0.03,70,208965,买盘
1919,11:14:36,29.41,-0.03,19,55879,卖盘
1920,11:14:33,29.44,--,60,176640,买盘
1921,11:14:30,29.44,0.03,5,14720,买盘
1922,11:14:21,29.41,0.01,15,44115,卖盘
1923,11:14:18,29.4,--,10,29400,卖盘
1924,11:14:09,29.4,--,23,67620,卖盘
1925,11:14:06,29.4,-0.02,12,35280,卖盘
1926,11:14:03,29.42,0.01,20,58840,买盘
1927,11:14:00,29.41,0.01,9,26469,卖盘
1928,11:13:57,29.4,--,1,2940,卖盘
1929,11:13:54,29.4,--,14,41160,卖盘
1930,11:13:51,29.4,-0.04,9,26460,中性盘
1931,11:13:36,29.44,0.02,2,5888,买盘
1932,11:13:33,29.42,0.03,12,35304,买盘
1933,11:13:30,29.39,--,23,67597,卖盘
1934,11:13:27,29.39,--,3,8817,卖盘
1935,11:13:18,29.39,0.01,4,11756,中性盘
1936,11:13:15,29.38,-0.01,31,91078,卖盘
1937,11:13:12,29.39,0.01,2,5878,买盘
1938,11:13:09,29.38,--,6,17628,卖盘
1939,11:13:06,29.38,-0.06,27,79326,卖盘
1940,11:13:03,29.44,0.05,10,29440,买盘
1941,11:13:00,29.39,-0.01,67,196971,卖盘
1942,11:12:57,29.4,--,10,29400,卖盘
1943,11:12:54,29.4,0.01,93,276301,买盘
1944,11:12:51,29.39,-0.01,24,70536,卖盘
1945,11:12:48,29.4,0.01,6,17640,买盘
1946,11:12:39,29.39,0.01,23,67597,中性盘
1947,11:12:36,29.38,-0.01,38,111644,卖盘
1948,11:12:33,29.39,--,56,164584,卖盘
1949,11:12:30,29.39,0.01,77,226303,中性盘
1950,11:12:24,29.38,--,64,188032,卖盘
1951,11:12:18,29.38,-0.02,5,14690,卖盘
1952,11:12:15,29.4,--,5,14700,买盘
1953,11:12:12,29.4,0.01,14,41160,买盘
1954,11:12:09,29.39,0.01,2,5878,买盘
1955,11:12:03,29.38,0.01,12,35256,中性盘
1956,11:11:57,29.37,--,18,52866,卖盘
1957,11:11:54,29.37,--,33,96921,卖盘
1958,11:11:48,29.37,--,24,70488,卖盘
1959,11:11:45,29.37,--,20,58740,卖盘
1960,11:11:42,29.37,-0.01,23,67551,卖盘
1961,11:11:36,29.38,--,22,64636,买盘
1962,11:11:33,29.38,0.01,31,91078,买盘
1963,11:11:30,29.37,--,26,76362,卖盘
1964,11:11:27,29.37,--,12,35244,卖盘
1965,11:11:24,29.37,--,10,29370,卖盘
1966,11:11:21,29.37,--,14,41118,卖盘
1967,11:11:18,29.37,--,6,17622,卖盘
1968,11:11:09,29.37,--,6,17622,卖盘
1969,11:11:06,29.37,0.01,5,16564,买盘
1970,11:11:03,29.36,--,40,117440,卖盘
1971,11:11:00,29.36,-0.01,29,85144,卖盘
1972,11:10:57,29.37,0.01,12,35244,买盘
1973,11:10:54,29.36,-0.01,16,46976,卖盘
1974,11:10:51,29.37,--,9,27490,卖盘
1975,11:10:48,29.37,--,30,88110,卖盘
1976,11:10:45,29.37,--,120,352440,卖盘
1977,11:10:42,29.37,--,21,61677,卖盘
1978,11:10:39,29.37,-0.01,23,67551,卖盘
1979,11:10:36,29.38,--,13,38194,卖盘
1980,11:10:33,29.38,-0.01,28,82264,卖盘
1981,11:10:30,29.39,0.01,7,20573,买盘
1982,11:10:27,29.38,-0.01,12,35256,卖盘
1983,11:10:21,29.39,--,45,132255,卖盘
1984,11:10:18,29.39,--,6,17634,卖盘
1985,11:10:15,29.39,-0.01,16,47024,卖盘
1986,11:10:12,29.4,0.01,5,14700,买盘
1987,11:10:09,29.39,--,45,132255,卖盘
1988,11:10:06,29.39,--,49,144011,卖盘
1989,11:10:03,29.39,-0.01,33,96987,卖盘
1990,11:10:00,29.4,-0.01,168,493978,卖盘
1991,11:09:57,29.41,--,11,32351,买盘
1992,11:09:54,29.41,0.01,5,14705,卖盘
1993,11:09:48,29.4,--,52,152880,卖盘
1994,11:09:42,29.4,-0.03,3,8820,卖盘
1995,11:09:39,29.43,--,16,47088,买盘
1996,11:09:33,29.43,0.02,11,32373,买盘
1997,11:09:30,29.41,-0.02,10,29410,中性盘
1998,11:09:15,29.43,--,15,44145,买盘
1999,11:09:12,29.43,--,3,8829,买盘
2000,11:09:09,29.43,0.02,30,88290,买盘
2001,11:09:06,29.41,--,29,85289,卖盘
2002,11:09:03,29.41,-0.02,13,38233,卖盘
2003,11:09:00,29.43,--,17,50031,买盘
2004,11:08:54,29.43,--,4,11772,买盘
2005,11:08:51,29.43,0.02,9,26487,买盘
2006,11:08:48,29.41,-0.04,18,52938,卖盘
2007,11:08:45,29.45,0.01,15,44175,买盘
2008,11:08:39,29.44,-0.01,20,58880,卖盘
2009,11:08:33,29.45,0.01,10,29450,买盘
2010,11:08:30,29.44,--,3,8832,卖盘
2011,11:08:24,29.44,-0.01,10,29440,中性盘
2012,11:08:18,29.45,0.02,9,26505,买盘
2013,11:08:15,29.43,-0.01,2,5886,卖盘
2014,11:08:12,29.44,--,6,17664,买盘
2015,11:08:06,29.44,0.02,16,47104,买盘
2016,11:08:03,29.42,0.02,23,67666,买盘
2017,11:07:57,29.4,--,9,26460,卖盘
2018,11:07:36,29.4,--,11,32340,卖盘
2019,11:07:33,29.4,--,22,64680,卖盘
2020,11:07:30,29.4,--,75,223381,买盘
2021,11:07:27,29.4,0.01,1,2940,买盘
2022,11:07:24,29.39,-0.01,10,29390,卖盘
2023,11:07:21,29.4,0.01,8,23520,买盘
2024,11:07:18,29.39,-0.01,6,17634,卖盘
2025,11:07:12,29.4,0.02,18,52920,卖盘
2026,11:07:09,29.38,--,10,29380,卖盘
2027,11:07:06,29.38,-0.01,58,172284,卖盘
2028,11:07:03,29.39,0.01,16,47024,中性盘
2029,11:07:00,29.38,-0.02,41,120458,卖盘
2030,11:06:57,29.4,--,11,32340,买盘
2031,11:06:54,29.4,0.01,30,88200,买盘
2032,11:06:51,29.39,0.01,20,58780,中性盘
2033,11:06:45,29.38,--,9,26442,卖盘
2034,11:06:42,29.38,-0.02,6,17628,卖盘
2035,11:06:39,29.4,--,1,2940,买盘
2036,11:06:36,29.4,--,9,26460,买盘
2037,11:06:33,29.4,--,10,29400,买盘
2038,11:06:30,29.4,0.02,6,17640,买盘
2039,11:06:21,29.38,0.01,19,55822,中性盘
2040,11:06:18,29.37,-0.03,10,29370,卖盘
2041,11:06:15,29.4,0.02,7,20580,买盘
2042,11:06:12,29.38,--,4,11752,买盘
2043,11:06:09,29.38,-0.02,3,8814,中性盘
2044,11:06:06,29.4,0.03,5,14700,买盘
2045,11:06:03,29.37,--,18,52866,卖盘
2046,11:06:00,29.37,-0.01,11,32307,卖盘
2047,11:05:57,29.38,--,9,26442,买盘
2048,11:05:54,29.38,-0.02,33,96954,卖盘
2049,11:05:51,29.4,--,9,26460,买盘
2050,11:05:48,29.4,--,108,318578,卖盘
2051,11:05:42,29.4,--,10,29400,卖盘
2052,11:05:39,29.4,--,25,73500,卖盘
2053,11:05:36,29.4,--,3,8820,卖盘
2054,11:05:33,29.4,--,83,244020,卖盘
2055,11:05:30,29.4,--,5,14700,卖盘
2056,11:05:27,29.4,0.03,133,392901,买盘
2057,11:05:24,29.37,-0.02,9,26433,卖盘
2058,11:05:21,29.39,0.02,35,102865,买盘
2059,11:05:18,29.37,-0.02,1,2937,卖盘
2060,11:05:12,29.39,0.02,2,5878,买盘
2061,11:05:06,29.37,-0.02,3,8811,卖盘
2062,11:05:03,29.39,0.03,16,47024,买盘
2063,11:05:00,29.36,0.01,10,29360,中性盘
2064,11:04:57,29.35,--,6,17610,卖盘
2065,11:04:54,29.35,-0.02,105,308175,卖盘
2066,11:04:51,29.37,0.01,5,14685,买盘
2067,11:04:45,29.36,-0.04,2,5872,卖盘
2068,11:04:42,29.4,0.05,274,805560,买盘
2069,11:04:39,29.35,-0.01,11,32285,卖盘
2070,11:04:36,29.36,--,11,32296,卖盘
2071,11:04:33,29.36,--,26,76336,买盘
2072,11:04:30,29.36,-0.01,39,114504,买盘
2073,11:04:27,29.37,0.02,20,58740,中性盘
2074,11:04:21,29.35,-0.03,67,196645,卖盘
2075,11:04:18,29.38,0.02,27,79326,买盘
2076,11:04:15,29.36,--,25,73400,卖盘
2077,11:04:12,29.36,0.02,11,32296,中性盘
2078,11:04:09,29.34,-0.01,54,158436,卖盘
2079,11:04:06,29.35,--,14,41090,卖盘
2080,11:04:03,29.35,-0.01,21,61635,卖盘
2081,11:04:00,29.36,--,4,11744,买盘
2082,11:03:57,29.36,0.02,5,14680,中性盘
2083,11:03:51,29.34,-0.02,35,102690,卖盘
2084,11:03:48,29.36,0.02,91,267176,买盘
2085,11:03:45,29.34,-0.01,79,231786,卖盘
2086,11:03:42,29.35,-0.01,120,352200,卖盘
2087,11:03:39,29.36,--,126,369936,买盘
2088,11:03:36,29.36,--,43,126248,买盘
2089,11:03:33,29.36,-0.02,214,628304,卖盘
2090,11:03:30,29.38,--,10,29380,买盘
2091,11:03:27,29.38,--,559,1642342,买盘
2092,11:03:21,29.38,0.02,35,102830,买盘
2093,11:03:18,29.36,-0.02,34,99824,卖盘
2094,11:03:15,29.38,--,10,29380,买盘
2095,11:03:12,29.38,0.01,26,76388,买盘
2096,11:03:09,29.37,-0.01,16,46992,卖盘
2097,11:03:03,29.38,-0.01,44,129272,中性盘
2098,11:02:54,29.39,0.02,10,29390,买盘
2099,11:02:48,29.37,-0.02,21,61677,买盘
2100,11:02:45,29.39,0.03,16,47024,买盘
2101,11:02:39,29.36,-0.03,46,135056,卖盘
2102,11:02:36,29.39,--,7,20573,买盘
2103,11:02:33,29.39,--,13,38207,买盘
2104,11:02:30,29.39,0.01,38,111682,买盘
2105,11:02:27,29.38,-0.01,24,70512,卖盘
2106,11:02:24,29.39,0.01,5,14695,买盘
2107,11:02:21,29.38,-0.01,40,117520,卖盘
2108,11:02:18,29.39,0.01,6,17634,买盘
2109,11:02:15,29.38,0.02,42,123396,买盘
2110,11:02:12,29.36,0.01,7,20552,买盘
2111,11:02:09,29.35,0.01,140,410900,买盘
2112,11:02:06,29.34,-0.01,7,20538,卖盘
2113,11:02:03,29.35,--,23,67505,买盘
2114,11:02:00,29.35,0.01,128,375680,买盘
2115,11:01:57,29.34,--,113,331542,买盘
2116,11:01:54,29.34,0.01,4,11736,中性盘
2117,11:01:51,29.33,-0.02,176,516207,卖盘
2118,11:01:48,29.35,-0.03,357,1047795,卖盘
2119,11:01:45,29.38,--,22,64636,买盘
2120,11:01:42,29.38,0.03,113,331994,买盘
2121,11:01:39,29.35,-0.04,104,305240,卖盘
2122,11:01:36,29.39,--,28,82292,买盘
2123,11:01:33,29.39,0.04,31,91109,中性盘
2124,11:01:30,29.35,-0.03,507,1488045,卖盘
2125,11:01:27,29.38,--,9,26442,卖盘
2126,11:01:24,29.38,-0.01,209,614042,卖盘
2127,11:01:21,29.39,--,23,67597,卖盘
2128,11:01:18,29.39,--,72,211608,买盘
2129,11:01:15,29.39,--,4,11756,买盘
2130,11:01:12,29.39,--,11,32329,买盘
2131,11:01:09,29.39,0.01,5,14695,买盘
2132,11:01:06,29.38,-0.02,67,196846,卖盘
2133,11:01:03,29.4,--,26,76440,买盘
2134,11:01:00,29.4,--,18,52920,买盘
2135,11:00:57,29.4,--,172,505680,卖盘
2136,11:00:54,29.4,--,10,29400,卖盘
2137,11:00:51,29.4,-0.02,1005,2954700,卖盘
2138,11:00:48,29.42,--,37,108854,卖盘
2139,11:00:42,29.42,--,13,38246,卖盘
2140,11:00:39,29.42,-0.01,64,188288,卖盘
2141,11:00:36,29.43,-0.01,9,26487,卖盘
2142,11:00:33,29.44,0.01,10,29440,买盘
2143,11:00:30,29.43,-0.01,3,8829,卖盘
2144,11:00:27,29.44,0.01,11,32384,买盘
2145,11:00:24,29.43,--,155,456165,卖盘
2146,11:00:21,29.43,--,2,5886,卖盘
2147,11:00:18,29.43,-0.01,69,203067,卖盘
2148,11:00:12,29.44,0.01,72,211968,买盘
2149,11:00:09,29.43,--,9,26487,卖盘
2150,11:00:06,29.43,--,57,167751,卖盘
2151,11:00:03,29.43,-0.01,59,173637,卖盘
2152,11:00:00,29.44,--,47,138368,卖盘
2153,10:59:57,29.44,-0.01,42,123648,卖盘
2154,10:59:54,29.45,--,5,14725,买盘
2155,10:59:51,29.45,--,39,114855,买盘
2156,10:59:48,29.45,0.01,10,29450,买盘
2157,10:59:42,29.44,-0.01,24,70656,卖盘
2158,10:59:39,29.45,0.01,3,8835,买盘
2159,10:59:36,29.44,--,22,64768,卖盘
2160,10:59:33,29.44,-0.01,29,85376,卖盘
2161,10:59:30,29.45,--,2,5890,买盘
2162,10:59:27,29.45,--,21,61845,卖盘
2163,10:59:24,29.45,--,163,480035,卖盘
2164,10:59:21,29.45,-0.01,16,47120,卖盘
2165,10:59:18,29.46,0.01,19,55974,买盘
2166,10:59:15,29.45,-0.01,126,371070,卖盘
2167,10:59:12,29.46,--,1,2946,买盘
2168,10:59:09,29.46,--,2,5892,买盘
2169,10:59:03,29.46,0.01,28,82488,买盘
2170,10:59:00,29.45,-0.01,58,173548,卖盘
2171,10:58:57,29.46,-0.02,142,418332,卖盘
2172,10:58:54,29.48,--,95,280060,卖盘
2173,10:58:51,29.48,0.02,70,206360,买盘
2174,10:58:48,29.46,-0.01,6,17676,卖盘
2175,10:58:45,29.47,--,2,5894,买盘
2176,10:58:42,29.47,--,65,191555,卖盘
2177,10:58:39,29.47,-0.02,73,215131,卖盘
2178,10:58:33,29.49,0.01,50,147450,买盘
2179,10:58:30,29.48,-0.01,4,11792,卖盘
2180,10:58:27,29.49,0.01,10,29490,买盘
2181,10:58:24,29.48,--,10,29480,卖盘
2182,10:58:18,29.48,--,7,20636,卖盘
2183,10:58:15,29.48,--,24,70752,卖盘
2184,10:58:12,29.48,-0.01,95,280060,卖盘
2185,10:58:09,29.49,--,11,32439,卖盘
2186,10:58:06,29.49,--,2,5898,卖盘
2187,10:58:03,29.49,-0.01,15,44235,卖盘
2188,10:58:00,29.5,0.01,10,29500,买盘
2189,10:57:57,29.49,--,19,56031,卖盘
2190,10:57:51,29.49,-0.01,19,56031,卖盘
2191,10:57:48,29.5,0.02,5,14750,买盘
2192,10:57:45,29.48,-0.02,12,35376,卖盘
2193,10:57:42,29.5,0.02,30,88500,买盘
2194,10:57:36,29.48,-0.02,10,29480,卖盘
2195,10:57:33,29.5,0.02,10,29500,买盘
2196,10:57:30,29.48,--,4,11792,卖盘
2197,10:57:24,29.48,--,2,5896,卖盘
2198,10:57:21,29.48,0.02,164,483472,买盘
2199,10:57:18,29.46,-0.02,2,5892,卖盘
2200,10:57:15,29.48,--,43,126764,买盘
2201,10:57:12,29.48,0.02,100,294800,买盘
2202,10:57:09,29.46,-0.02,258,760068,卖盘
2203,10:57:06,29.48,0.01,2,5896,买盘
2204,10:57:03,29.47,-0.01,40,117880,卖盘
2205,10:56:54,29.48,--,24,70752,买盘
2206,10:56:51,29.48,0.01,48,141504,买盘
2207,10:56:48,29.47,--,13,38311,卖盘
2208,10:56:45,29.47,0.01,11,32417,中性盘
2209,10:56:36,29.46,--,1,2946,卖盘
2210,10:56:33,29.46,0.01,25,73856,买盘
2211,10:56:30,29.45,-0.01,40,117800,卖盘
2212,10:56:27,29.46,--,40,117840,买盘
2213,10:56:24,29.46,--,10,29460,买盘
2214,10:56:21,29.46,--,109,321114,买盘
2215,10:56:18,29.46,--,13,38298,买盘
2216,10:56:15,29.46,0.01,44,129624,买盘
2217,10:56:12,29.45,--,60,176700,卖盘
2218,10:56:06,29.45,--,119,350455,卖盘
2219,10:56:03,29.45,-0.01,33,97185,卖盘
2220,10:56:00,29.46,0.01,8,23568,买盘
2221,10:55:57,29.45,-0.05,185,547563,卖盘
2222,10:55:51,29.5,0.02,1,2950,买盘
2223,10:55:48,29.48,--,21,61908,卖盘
2224,10:55:45,29.48,--,23,67804,卖盘
2225,10:55:39,29.48,-0.02,16,47168,卖盘
2226,10:55:36,29.5,0.02,22,64900,买盘
2227,10:55:33,29.48,--,12,35376,卖盘
2228,10:55:27,29.48,--,18,53270,卖盘
2229,10:55:24,29.48,-0.02,17,50116,卖盘
2230,10:55:21,29.5,--,10,29500,买盘
2231,10:55:18,29.5,--,14,41300,买盘
2232,10:55:15,29.5,0.02,3,8850,买盘
2233,10:55:09,29.48,-0.02,1,2948,卖盘
2234,10:55:03,29.5,--,18,53100,买盘
2235,10:55:00,29.5,0.03,65,191750,买盘
2236,10:54:57,29.47,-0.02,33,97251,卖盘
2237,10:54:54,29.49,0.02,2,5898,中性盘
2238,10:54:45,29.47,-0.03,14,41258,卖盘
2239,10:54:36,29.5,--,5,14750,买盘
2240,10:54:33,29.5,0.01,10,29500,买盘
2241,10:54:30,29.49,0.03,10,29490,买盘
2242,10:54:24,29.46,-0.01,11,32406,卖盘
2243,10:54:21,29.47,--,16,47152,卖盘
2244,10:54:18,29.47,0.01,3,8841,中性盘
2245,10:54:12,29.46,-0.01,20,58920,卖盘
2246,10:54:03,29.47,0.01,12,35364,中性盘
2247,10:54:00,29.46,--,14,41244,卖盘
2248,10:53:57,29.46,--,85,250410,卖盘
2249,10:53:54,29.46,-0.01,6,17676,卖盘
2250,10:53:51,29.47,0.01,232,683704,买盘
2251,10:53:48,29.46,-0.01,2,5892,卖盘
2252,10:53:45,29.47,--,11,32417,中性盘
2253,10:53:39,29.47,0.01,11,32417,中性盘
2254,10:53:33,29.46,-0.02,92,271032,卖盘
2255,10:53:27,29.48,0.01,3,8844,买盘
2256,10:53:24,29.47,-0.01,7,20629,卖盘
2257,10:53:21,29.48,0.01,10,29480,买盘
2258,10:53:18,29.47,--,5,14735,卖盘
2259,10:53:15,29.47,--,43,126721,卖盘
2260,10:53:12,29.47,-0.02,10,29470,卖盘
2261,10:53:09,29.49,--,2,5898,买盘
2262,10:53:06,29.49,0.02,6,17694,买盘
2263,10:53:03,29.47,--,40,117880,卖盘
2264,10:52:57,29.47,-0.01,13,38311,卖盘
2265,10:52:54,29.48,0.01,10,29480,卖盘
2266,10:52:48,29.47,--,13,38311,卖盘
2267,10:52:42,29.47,--,12,35364,卖盘
2268,10:52:39,29.47,--,13,38311,卖盘
2269,10:52:36,29.47,-0.03,36,106092,卖盘
2270,10:52:33,29.5,0.01,12,35400,卖盘
2271,10:52:30,29.49,--,5,14745,买盘
2272,10:52:27,29.49,0.01,10,29490,买盘
2273,10:52:24,29.48,-0.02,22,64856,卖盘
2274,10:52:21,29.5,-0.02,10,29500,中性盘
2275,10:52:09,29.52,0.04,33,97416,买盘
2276,10:52:03,29.48,-0.05,30,88440,卖盘
2277,10:52:00,29.53,--,20,59060,买盘
2278,10:51:57,29.53,0.03,14,41342,买盘
2279,10:51:54,29.5,--,26,76700,卖盘
2280,10:51:51,29.5,--,1,2950,卖盘
2281,10:51:45,29.5,-0.04,13,38350,中性盘
2282,10:51:33,29.54,0.06,10,29540,买盘
2283,10:51:30,29.48,-0.02,74,218152,卖盘
2284,10:51:24,29.5,--,2,5900,卖盘
2285,10:51:21,29.5,-0.01,10,29500,卖盘
2286,10:51:18,29.51,-0.03,2,5902,卖盘
2287,10:51:15,29.54,--,1,2954,买盘
2288,10:51:03,29.54,--,12,35448,中性盘
2289,10:50:45,29.54,0.01,30,88620,卖盘
2290,10:50:42,29.53,0.03,20,59060,买盘
2291,10:50:39,29.5,0.03,14,41300,买盘
2292,10:50:36,29.47,-0.03,102,300594,卖盘
2293,10:50:33,29.5,0.03,10,29500,买盘
2294,10:50:30,29.47,-0.01,20,61209,卖盘
2295,10:50:24,29.48,0.01,8,23584,中性盘
2296,10:50:18,29.47,--,12,35364,卖盘
2297,10:50:15,29.47,--,22,64834,卖盘
2298,10:50:12,29.47,0.01,15,44205,买盘
2299,10:50:09,29.46,-0.01,9,26514,卖盘
2300,10:50:06,29.47,--,5,14735,买盘
2301,10:50:03,29.47,0.01,11,32417,买盘
2302,10:50:00,29.46,-0.01,1,2946,卖盘
2303,10:49:57,29.47,0.01,22,64834,买盘
2304,10:49:54,29.46,-0.01,145,427170,卖盘
2305,10:49:51,29.47,--,13,38311,卖盘
2306,10:49:48,29.47,--,2,5894,卖盘
2307,10:49:45,29.47,--,26,76622,卖盘
2308,10:49:42,29.47,--,39,114933,卖盘
2309,10:49:39,29.47,--,20,58940,买盘
2310,10:49:36,29.47,--,12,35364,买盘
2311,10:49:33,29.47,--,21,61887,买盘
2312,10:49:30,29.47,--,11,32417,买盘
2313,10:49:27,29.47,0.01,24,70728,买盘
2314,10:49:24,29.46,-0.01,90,265140,卖盘
2315,10:49:21,29.47,0.01,4,11788,买盘
2316,10:49:18,29.46,-0.03,25,73650,卖盘
2317,10:49:15,29.49,0.02,116,342084,买盘
2318,10:49:12,29.47,--,1,2947,买盘
2319,10:49:09,29.47,--,58,170926,卖盘
2320,10:49:06,29.47,-0.01,10,29470,卖盘
2321,10:49:03,29.48,--,10,29480,买盘
2322,10:49:00,29.48,0.01,1,2948,买盘
2323,10:48:57,29.47,-0.02,97,288717,卖盘
2324,10:48:51,29.49,--,1,2949,卖盘
2325,10:48:45,29.49,--,33,97317,卖盘
2326,10:48:39,29.49,0.01,13,38337,中性盘
2327,10:48:36,29.48,-0.01,104,306680,卖盘
2328,10:48:33,29.49,0.01,46,135654,买盘
2329,10:48:30,29.48,-0.01,9,26532,卖盘
2330,10:48:27,29.49,0.01,25,73725,买盘
2331,10:48:24,29.48,-0.01,34,100232,卖盘
2332,10:48:18,29.49,--,2,5898,买盘
2333,10:48:15,29.49,-0.01,13,41197,卖盘
2334,10:48:12,29.5,0.01,20,59000,买盘
2335,10:48:09,29.49,--,53,156297,卖盘
2336,10:48:06,29.49,-0.01,33,97317,卖盘
2337,10:48:03,29.5,--,15,44250,买盘
2338,10:48:00,29.5,0.01,41,120950,买盘
2339,10:47:51,29.49,-0.01,196,578770,卖盘
2340,10:47:48,29.5,--,13,38350,卖盘
2341,10:47:45,29.5,--,6,17700,卖盘
2342,10:47:42,29.5,-0.01,70,206500,卖盘
2343,10:47:39,29.51,-0.01,284,839382,卖盘
2344,10:47:33,29.52,--,40,118080,卖盘
2345,10:47:30,29.52,-0.01,86,253872,卖盘
2346,10:47:24,29.53,--,5,14765,卖盘
2347,10:47:18,29.53,-0.01,5,14765,卖盘
2348,10:47:15,29.54,--,149,440146,卖盘
2349,10:47:12,29.54,--,6,17724,卖盘
2350,10:47:09,29.54,--,19,56126,卖盘
2351,10:47:06,29.54,--,30,88620,卖盘
2352,10:47:03,29.54,--,58,171332,卖盘
2353,10:47:00,29.54,--,8,23632,卖盘
2354,10:46:57,29.54,--,20,59080,卖盘
2355,10:46:54,29.54,--,28,82712,卖盘
2356,10:46:51,29.54,--,24,70896,卖盘
2357,10:46:48,29.54,-0.01,59,174286,卖盘
2358,10:46:45,29.55,--,23,67965,卖盘
2359,10:46:39,29.55,-0.04,4,11820,卖盘
2360,10:46:33,29.59,0.02,20,59180,买盘
2361,10:46:30,29.57,--,15,44355,卖盘
2362,10:46:24,29.57,--,21,62097,卖盘
2363,10:46:21,29.57,-0.01,2,5914,卖盘
2364,10:46:18,29.58,--,4,11832,买盘
2365,10:46:15,29.58,0.01,16,47328,买盘
2366,10:46:09,29.57,--,6,17742,卖盘
2367,10:46:06,29.57,-0.01,10,29570,卖盘
2368,10:46:03,29.58,0.01,16,47328,买盘
2369,10:46:00,29.57,-0.01,10,29570,卖盘
2370,10:45:57,29.58,0.01,5,14790,买盘
2371,10:45:54,29.57,--,33,97581,卖盘
2372,10:45:48,29.57,--,24,70968,卖盘
2373,10:45:42,29.57,0.02,1,2957,中性盘
2374,10:45:36,29.55,--,16,47280,卖盘
2375,10:45:33,29.55,--,23,67965,卖盘
2376,10:45:27,29.55,--,4,11820,卖盘
2377,10:45:24,29.55,--,3,8865,卖盘
2378,10:45:21,29.55,-0.02,1,2955,卖盘
2379,10:45:18,29.57,0.03,1,2957,买盘
2380,10:45:12,29.54,-0.03,39,115206,卖盘
2381,10:45:09,29.57,0.03,5,14785,买盘
2382,10:45:06,29.54,-0.01,9,26586,卖盘
2383,10:45:03,29.55,-0.02,16,47280,卖盘
2384,10:45:00,29.57,--,5,14785,买盘
2385,10:44:57,29.57,0.03,6,17742,买盘
2386,10:44:54,29.54,-0.03,1,2954,卖盘
2387,10:44:51,29.57,0.01,10,29570,买盘
2388,10:44:42,29.56,-0.01,8,23648,卖盘
2389,10:44:36,29.57,--,16,47312,买盘
2390,10:44:33,29.57,--,20,59140,买盘
2391,10:44:30,29.57,0.01,15,44355,买盘
2392,10:44:27,29.56,0.02,1,2956,买盘
2393,10:44:24,29.54,-0.02,36,106344,卖盘
2394,10:44:18,29.56,0.02,17,50252,中性盘
2395,10:44:09,29.54,-0.02,43,127022,卖盘
2396,10:44:06,29.56,--,9,26604,买盘
2397,10:44:03,29.56,--,12,35472,卖盘
2398,10:44:00,29.56,--,28,82768,卖盘
2399,10:43:54,29.56,--,52,153712,卖盘
2400,10:43:48,29.56,-0.01,3,8868,卖盘
2401,10:43:42,29.57,0.01,29,85753,买盘
2402,10:43:39,29.56,--,11,32516,卖盘
2403,10:43:36,29.56,--,2,5912,卖盘
2404,10:43:33,29.56,--,72,212832,买盘
2405,10:43:24,29.56,0.02,25,73900,买盘
2406,10:43:12,29.54,--,13,38402,卖盘
2407,10:43:09,29.54,-0.03,10,29540,卖盘
2408,10:43:03,29.57,0.03,13,38441,买盘
2409,10:43:00,29.54,--,46,135884,卖盘
2410,10:42:57,29.54,-0.03,9,26586,卖盘
2411,10:42:51,29.57,0.03,1,2957,买盘
2412,10:42:45,29.54,-0.04,12,35448,卖盘
2413,10:42:42,29.58,0.04,5,14790,买盘
2414,10:42:39,29.54,-0.04,23,67942,卖盘
2415,10:42:36,29.58,--,16,47328,买盘
2416,10:42:33,29.58,0.02,10,29580,买盘
2417,10:42:30,29.56,0.02,6,17736,买盘
2418,10:42:27,29.54,-0.02,20,59080,卖盘
2419,10:42:24,29.56,0.02,10,29560,买盘
2420,10:42:21,29.54,--,14,41356,卖盘
2421,10:42:18,29.54,--,10,29540,卖盘
2422,10:42:15,29.54,--,13,38402,卖盘
2423,10:42:12,29.54,--,8,23632,卖盘
2424,10:42:09,29.54,-0.04,4,11816,卖盘
2425,10:42:06,29.58,0.02,14,41412,买盘
2426,10:42:03,29.56,--,10,29560,买盘
2427,10:42:00,29.56,--,15,44340,卖盘
2428,10:41:57,29.56,0.01,19,56164,买盘
2429,10:41:54,29.55,-0.01,5,14775,卖盘
2430,10:41:51,29.56,0.02,17,50252,买盘
2431,10:41:48,29.54,-0.02,11,32494,卖盘
2432,10:41:45,29.56,--,10,29560,买盘
2433,10:41:39,29.56,0.02,5,14780,买盘
2434,10:41:36,29.54,-0.04,137,404698,卖盘
2435,10:41:33,29.58,--,16,47328,买盘
2436,10:41:30,29.58,--,6,17748,买盘
2437,10:41:21,29.58,0.03,3,8874,买盘
2438,10:41:09,29.55,0.01,25,73875,买盘
2439,10:41:06,29.54,-0.04,27,79758,卖盘
2440,10:41:03,29.58,0.04,18,53244,买盘
2441,10:41:00,29.54,-0.01,9,26586,卖盘
2442,10:40:51,29.55,--,98,289590,买盘
2443,10:40:48,29.55,0.01,37,109335,买盘
2444,10:40:45,29.54,--,28,82712,卖盘
2445,10:40:42,29.54,0.01,14,41356,中性盘
2446,10:40:36,29.53,-0.01,14,41342,卖盘
2447,10:40:33,29.54,--,106,313124,卖盘
2448,10:40:30,29.54,-0.01,32,94528,卖盘
2449,10:40:27,29.55,0.01,10,29550,买盘
2450,10:40:24,29.54,--,19,57603,卖盘
2451,10:40:21,29.54,-0.01,7,20678,卖盘
2452,10:40:18,29.55,0.01,7,20685,买盘
2453,10:40:15,29.54,-0.01,4,11816,卖盘
2454,10:40:12,29.55,0.01,29,85695,买盘
2455,10:40:09,29.54,--,10,29540,卖盘
2456,10:40:03,29.54,-0.01,46,135884,卖盘
2457,10:39:57,29.55,--,42,124110,卖盘
2458,10:39:54,29.55,-0.02,32,94560,卖盘
2459,10:39:51,29.57,--,18,53226,买盘
2460,10:39:45,29.57,--,38,112366,买盘
2461,10:39:42,29.57,--,1,2957,买盘
2462,10:39:39,29.57,--,25,73925,买盘
2463,10:39:33,29.57,0.02,12,35484,买盘
2464,10:39:30,29.55,--,6,17730,卖盘
2465,10:39:18,29.55,-0.02,38,112290,卖盘
2466,10:39:15,29.57,0.02,18,53226,买盘
2467,10:39:12,29.55,-0.01,25,73875,卖盘
2468,10:39:09,29.56,--,24,70944,卖盘
2469,10:39:03,29.56,-0.01,12,35472,中性盘
2470,10:39:00,29.57,0.02,2,5914,买盘
2471,10:38:57,29.55,--,6,17730,卖盘
2472,10:38:54,29.55,--,67,197985,卖盘
2473,10:38:51,29.55,--,2,5910,卖盘
2474,10:38:48,29.55,--,10,29550,卖盘
2475,10:38:42,29.55,-0.02,3,8865,卖盘
2476,10:38:39,29.57,0.04,15,44355,买盘
2477,10:38:36,29.53,-0.03,10,29530,卖盘
2478,10:38:33,29.56,0.01,25,73900,买盘
2479,10:38:30,29.55,--,6,17730,买盘
2480,10:38:27,29.55,0.02,4,11820,买盘
2481,10:38:24,29.53,-0.02,3,8859,卖盘
2482,10:38:21,29.55,0.02,7,20685,买盘
2483,10:38:18,29.53,--,1,2953,卖盘
2484,10:38:15,29.53,-0.02,16,47248,卖盘
2485,10:38:12,29.55,--,3,8865,买盘
2486,10:38:09,29.55,--,19,56145,买盘
2487,10:38:03,29.55,--,11,32505,买盘
2488,10:38:00,29.55,0.03,16,47280,买盘
2489,10:37:57,29.52,-0.01,22,64944,卖盘
2490,10:37:54,29.53,-0.03,12,35436,卖盘
2491,10:37:51,29.56,0.04,40,118240,买盘
2492,10:37:48,29.52,-0.03,17,51660,卖盘
2493,10:37:45,29.55,-0.02,8,25117,卖盘
2494,10:37:36,29.57,--,16,47312,买盘
2495,10:37:33,29.57,0.02,19,56183,买盘
2496,10:37:27,29.55,-0.02,47,138885,卖盘
2497,10:37:24,29.57,--,3,8871,买盘
2498,10:37:21,29.57,0.01,10,29570,买盘
2499,10:37:18,29.56,-0.01,21,62076,卖盘
2500,10:37:15,29.57,0.01,1,2957,买盘
2501,10:37:12,29.56,--,20,59120,卖盘
2502,10:37:09,29.56,-0.01,16,47296,卖盘
2503,10:37:03,29.57,0.01,30,88710,买盘
2504,10:37:00,29.56,0.04,114,336984,买盘
2505,10:36:57,29.52,-0.01,48,141696,卖盘
2506,10:36:54,29.53,--,19,56107,卖盘
2507,10:36:51,29.53,--,4,11812,卖盘
2508,10:36:48,29.53,--,2,6791,卖盘
2509,10:36:45,29.53,--,17,50201,卖盘
2510,10:36:42,29.53,--,48,141744,卖盘
2511,10:36:39,29.53,--,12,35436,卖盘
2512,10:36:36,29.53,--,33,97449,买盘
2513,10:36:33,29.53,0.01,20,59060,买盘
2514,10:36:27,29.52,0.01,101,298152,卖盘
2515,10:36:21,29.51,-0.01,23,67873,卖盘
2516,10:36:15,29.52,--,7,20664,买盘
2517,10:36:06,29.52,--,11,32472,买盘
2518,10:36:03,29.52,0.01,16,47232,买盘
2519,10:36:00,29.51,-0.01,13,38363,卖盘
2520,10:35:57,29.52,--,54,159408,买盘
2521,10:35:54,29.52,0.01,29,85608,买盘
2522,10:35:45,29.51,--,38,112138,卖盘
2523,10:35:42,29.51,0.01,258,761358,买盘
2524,10:35:39,29.5,-0.01,1,2950,卖盘
2525,10:35:36,29.51,--,16,47216,买盘
2526,10:35:33,29.51,--,20,59020,买盘
2527,10:35:30,29.51,--,6,17706,买盘
2528,10:35:27,29.51,0.01,11,32461,买盘
2529,10:35:24,29.5,-0.01,18,53100,卖盘
2530,10:35:21,29.51,--,14,41314,买盘
2531,10:35:18,29.51,-0.02,206,607906,卖盘
2532,10:35:15,29.53,--,10,29530,买盘
2533,10:35:12,29.53,0.01,47,138791,买盘
2534,10:35:06,29.52,-0.01,5,14760,卖盘
2535,10:35:03,29.53,--,33,97449,买盘
2536,10:35:00,29.53,--,26,76778,卖盘
2537,10:34:57,29.53,--,4,11812,卖盘
2538,10:34:54,29.53,0.01,5,14765,买盘
2539,10:34:51,29.52,--,33,97416,买盘
2540,10:34:48,29.52,0.01,1,2952,买盘
2541,10:34:45,29.51,-0.01,28,82628,卖盘
2542,10:34:39,29.52,--,63,185976,买盘
2543,10:34:36,29.52,-0.01,1,2952,买盘
2544,10:34:33,29.53,0.02,10,29530,买盘
2545,10:34:30,29.51,-0.02,26,76726,卖盘
2546,10:34:27,29.53,--,21,62013,买盘
2547,10:34:24,29.53,0.01,16,47248,买盘
2548,10:34:21,29.52,0.01,6,17712,中性盘
2549,10:34:18,29.51,--,9,26559,卖盘
2550,10:34:15,29.51,0.01,35,103285,卖盘
2551,10:34:12,29.5,--,27,79650,卖盘
2552,10:34:09,29.5,-0.02,31,91450,卖盘
2553,10:34:06,29.52,0.02,4,11808,卖盘
2554,10:34:03,29.5,-0.02,16,47200,卖盘
2555,10:34:00,29.52,0.02,5,14760,买盘
2556,10:33:57,29.5,--,43,126850,卖盘
2557,10:33:54,29.5,--,30,88500,卖盘
2558,10:33:51,29.5,--,10,29500,卖盘
2559,10:33:48,29.5,-0.03,13,38350,卖盘
2560,10:33:45,29.53,--,102,301206,买盘
2561,10:33:39,29.53,0.01,101,298253,买盘
2562,10:33:36,29.52,-0.01,50,147600,卖盘
2563,10:33:33,29.53,--,10,29530,买盘
2564,10:33:30,29.53,--,3,8859,买盘
2565,10:33:27,29.53,0.01,31,91543,买盘
2566,10:33:24,29.52,-0.01,72,212544,卖盘
2567,10:33:21,29.53,--,6,17718,买盘
2568,10:33:18,29.53,0.01,12,35436,买盘
2569,10:33:15,29.52,--,37,109224,卖盘
2570,10:33:12,29.52,--,27,79704,卖盘
2571,10:33:03,29.52,--,17,50184,卖盘
2572,10:32:57,29.52,-0.03,10,29520,卖盘
2573,10:32:54,29.55,0.03,1,2955,买盘
2574,10:32:51,29.52,--,3,8856,卖盘
2575,10:32:45,29.52,--,1,2952,卖盘
2576,10:32:42,29.52,-0.01,65,191880,卖盘
2577,10:32:39,29.53,--,2,5906,卖盘
2578,10:32:36,29.53,0.01,10,29530,中性盘
2579,10:32:33,29.52,--,19,56088,卖盘
2580,10:32:27,29.52,--,24,70848,卖盘
2581,10:32:24,29.52,-0.01,11,32472,卖盘
2582,10:32:21,29.53,-0.03,12,35436,卖盘
2583,10:32:18,29.56,-0.01,51,150756,卖盘
2584,10:32:15,29.57,0.01,14,41398,买盘
2585,10:32:12,29.56,--,15,44340,卖盘
2586,10:32:09,29.56,-0.01,156,461136,卖盘
2587,10:32:06,29.57,0.01,27,79839,买盘
2588,10:32:03,29.56,0.04,10,29560,买盘
2589,10:31:57,29.52,--,6,17712,卖盘
2590,10:31:51,29.52,-0.06,76,224352,卖盘
2591,10:31:48,29.58,0.01,8,23664,买盘
2592,10:31:45,29.57,--,44,130108,买盘
2593,10:31:42,29.57,--,13,38441,买盘
2594,10:31:39,29.57,--,7,20699,买盘
2595,10:31:36,29.57,-0.01,8,23656,卖盘
2596,10:31:33,29.58,--,57,168606,买盘
2597,10:31:30,29.58,--,79,233682,买盘
2598,10:31:27,29.58,--,28,82824,买盘
2599,10:31:21,29.58,--,4,11832,买盘
2600,10:31:18,29.58,--,12,35496,卖盘
2601,10:31:15,29.58,--,14,41412,卖盘
2602,10:31:12,29.58,--,1,2958,卖盘
2603,10:31:09,29.58,--,16,47328,卖盘
2604,10:31:06,29.58,--,157,464406,买盘
2605,10:31:03,29.58,--,54,159732,买盘
2606,10:31:00,29.58,0.01,6,17748,买盘
2607,10:30:57,29.57,-0.01,2,5914,卖盘
2608,10:30:54,29.58,0.02,56,165648,买盘
2609,10:30:48,29.56,--,4,11824,卖盘
2610,10:30:45,29.56,-0.02,1,2956,卖盘
2611,10:30:42,29.58,0.02,10,29580,买盘
2612,10:30:36,29.56,--,10,29560,卖盘
2613,10:30:33,29.56,--,61,180316,卖盘
2614,10:30:30,29.56,--,2,5912,卖盘
2615,10:30:27,29.56,-0.02,69,203964,卖盘
2616,10:30:24,29.58,--,104,307632,买盘
2617,10:30:21,29.58,0.02,14,41412,买盘
2618,10:30:18,29.56,--,1,2956,卖盘
2619,10:30:15,29.56,0.04,19,56164,买盘
2620,10:30:12,29.52,--,15,44280,卖盘
2621,10:30:09,29.52,--,22,64944,卖盘
2622,10:30:03,29.52,-0.02,21,61992,卖盘
2623,10:29:57,29.54,0.04,8,23632,买盘
2624,10:29:54,29.5,--,2,5900,买盘
2625,10:29:51,29.5,0.01,25,73750,买盘
2626,10:29:48,29.49,-0.01,2,5898,卖盘
2627,10:29:42,29.5,--,83,244850,卖盘
2628,10:29:39,29.5,--,58,171100,卖盘
2629,10:29:36,29.5,--,373,1100438,买盘
2630,10:29:33,29.5,0.01,29,85550,买盘
2631,10:29:30,29.49,0.01,12,35388,买盘
2632,10:29:27,29.48,-0.01,2,5896,卖盘
2633,10:29:24,29.49,--,6,17694,买盘
2634,10:29:21,29.49,-0.01,53,158243,卖盘
2635,10:29:15,29.5,0.01,79,233050,买盘
2636,10:29:12,29.49,--,68,201534,卖盘
2637,10:29:09,29.49,-0.01,16,47184,卖盘
2638,10:29:06,29.5,--,9,26550,买盘
2639,10:29:03,29.5,0.01,26,76700,买盘
2640,10:29:00,29.49,--,50,147450,卖盘
2641,10:28:51,29.49,--,39,115011,卖盘
2642,10:28:48,29.49,--,20,58980,卖盘
2643,10:28:45,29.49,--,48,141552,买盘
2644,10:28:42,29.49,0.01,22,64878,买盘
2645,10:28:39,29.48,--,5,14740,卖盘
2646,10:28:33,29.48,--,29,85492,卖盘
2647,10:28:27,29.48,0.03,166,489368,买盘
2648,10:28:24,29.45,-0.02,41,120745,卖盘
2649,10:28:21,29.47,0.01,23,67781,买盘
2650,10:28:18,29.46,--,7,20622,卖盘
2651,10:28:15,29.46,-0.01,20,58920,卖盘
2652,10:28:12,29.47,--,91,268177,卖盘
2653,10:28:09,29.47,--,48,141456,卖盘
2654,10:28:03,29.47,-0.01,18,53046,卖盘
2655,10:28:00,29.48,--,12,35376,买盘
2656,10:27:57,29.48,0.01,48,141504,买盘
2657,10:27:54,29.47,0.02,27,79569,买盘
2658,10:27:51,29.45,-0.02,10,29450,卖盘
2659,10:27:48,29.47,--,2,5894,买盘
2660,10:27:45,29.47,0.02,39,114933,买盘
2661,10:27:42,29.45,-0.02,9,26505,卖盘
2662,10:27:39,29.47,0.03,2,5894,卖盘
2663,10:27:36,29.44,-0.05,10,29440,卖盘
2664,10:27:33,29.49,--,10,29490,买盘
2665,10:27:30,29.49,0.04,37,109113,买盘
2666,10:27:27,29.45,-0.04,9,26505,卖盘
2667,10:27:24,29.49,-0.01,19,56031,中性盘
2668,10:27:21,29.5,--,403,1188850,买盘
2669,10:27:18,29.5,0.01,100,295000,买盘
2670,10:27:15,29.49,-0.01,2,5898,卖盘
2671,10:27:12,29.5,0.02,11,32450,买盘
2672,10:27:09,29.48,-0.02,258,760584,卖盘
2673,10:27:06,29.5,-0.01,348,1027514,卖盘
2674,10:27:03,29.51,-0.03,13,38363,卖盘
2675,10:27:00,29.54,0.03,4,11816,中性盘
2676,10:26:54,29.51,-0.03,29,85579,卖盘
2677,10:26:48,29.54,--,15,44310,卖盘
2678,10:26:45,29.54,-0.01,13,38402,卖盘
2679,10:26:42,29.55,0.01,1,2955,买盘
2680,10:26:39,29.54,--,6,17724,卖盘
2681,10:26:36,29.54,-0.01,8,23632,卖盘
2682,10:26:33,29.55,--,24,70920,卖盘
2683,10:26:30,29.55,--,152,449160,卖盘
2684,10:26:27,29.55,--,5,14775,卖盘
2685,10:26:21,29.55,0.01,68,200940,买盘
2686,10:26:18,29.54,-0.01,23,67942,卖盘
2687,10:26:15,29.55,0.01,22,65010,买盘
2688,10:26:06,29.54,--,159,471724,买盘
2689,10:26:03,29.54,0.01,23,67942,买盘
2690,10:26:00,29.53,0.02,35,103355,买盘
2691,10:25:57,29.51,0.01,5,14755,买盘
2692,10:25:54,29.5,-0.04,25,73750,卖盘
2693,10:25:51,29.54,0.04,6,17724,买盘
2694,10:25:48,29.5,-0.04,127,374650,卖盘
2695,10:25:45,29.54,--,17,50218,买盘
2696,10:25:42,29.54,--,3,8862,买盘
2697,10:25:39,29.54,0.03,1,2954,买盘
2698,10:25:36,29.51,-0.03,33,97383,卖盘
2699,10:25:33,29.54,0.03,16,47264,买盘
2700,10:25:30,29.51,--,41,120991,卖盘
2701,10:25:27,29.51,--,4,11804,卖盘
2702,10:25:21,29.51,--,5,14755,卖盘
2703,10:25:18,29.51,-0.03,10,29510,卖盘
2704,10:25:15,29.54,0.01,6,17724,买盘
2705,10:25:12,29.53,0.03,50,149126,买盘
2706,10:25:09,29.5,--,34,102571,卖盘
2707,10:25:06,29.5,--,1,2950,卖盘
2708,10:25:03,29.5,--,19,56050,卖盘
2709,10:25:00,29.5,0.02,5,15428,买盘
2710,10:24:57,29.48,--,4,11792,卖盘
2711,10:24:54,29.48,-0.02,65,191620,卖盘
2712,10:24:51,29.5,0.02,16,47200,买盘
2713,10:24:45,29.48,--,3,8844,卖盘
2714,10:24:42,29.48,-0.02,9,26532,卖盘
2715,10:24:39,29.5,0.02,15,44250,买盘
2716,10:24:36,29.48,0.01,1,2948,卖盘
2717,10:24:33,29.47,0.01,23,67781,中性盘
2718,10:24:30,29.46,-0.01,61,179706,卖盘
2719,10:24:27,29.47,0.01,2,5894,中性盘
2720,10:24:24,29.46,--,97,285762,中性盘
2721,10:24:21,29.46,--,5,14730,买盘
2722,10:24:18,29.46,--,31,91326,买盘
2723,10:24:15,29.46,0.01,7,20622,买盘
2724,10:24:12,29.45,--,72,212040,卖盘
2725,10:24:09,29.45,--,56,164920,买盘
2726,10:24:06,29.45,0.01,114,335730,买盘
2727,10:24:03,29.44,--,17,50048,卖盘
2728,10:24:00,29.44,-0.01,52,153088,卖盘
2729,10:23:57,29.45,0.01,213,627285,买盘
2730,10:23:54,29.44,--,70,206080,买盘
2731,10:23:51,29.44,--,15,44160,买盘
2732,10:23:48,29.44,-0.01,157,462208,卖盘
2733,10:23:45,29.45,0.01,24,70680,买盘
2734,10:23:42,29.44,--,36,105984,卖盘
2735,10:23:39,29.44,--,11,32384,卖盘
2736,10:23:36,29.44,--,41,120704,卖盘
2737,10:23:33,29.44,0.01,62,182528,买盘
2738,10:23:30,29.43,-0.01,26,76518,卖盘
2739,10:23:27,29.44,-0.01,4,11776,卖盘
2740,10:23:24,29.45,--,9,26505,买盘
2741,10:23:21,29.45,--,13,38285,买盘
2742,10:23:18,29.45,0.01,1,2945,买盘
2743,10:23:15,29.44,-0.04,669,1969536,卖盘
2744,10:23:12,29.48,--,7,20636,买盘
2745,10:23:09,29.48,0.02,31,91388,买盘
2746,10:23:06,29.46,--,39,114894,卖盘
2747,10:23:03,29.46,-0.02,24,70704,卖盘
2748,10:23:00,29.48,--,20,58960,买盘
2749,10:22:57,29.48,-0.01,105,309540,卖盘
2750,10:22:54,29.49,0.01,19,56031,买盘
2751,10:22:51,29.48,--,22,64856,买盘
2752,10:22:48,29.48,-0.02,104,306592,卖盘
2753,10:22:45,29.5,--,10,29500,买盘
2754,10:22:42,29.5,0.02,26,76700,买盘
2755,10:22:39,29.48,-0.02,138,406824,卖盘
2756,10:22:36,29.5,0.01,14,41300,买盘
2757,10:22:33,29.49,--,61,179889,卖盘
2758,10:22:30,29.49,--,28,82572,卖盘
2759,10:22:24,29.49,-0.02,298,878802,卖盘
2760,10:22:21,29.51,-0.01,2,5902,卖盘
2761,10:22:18,29.52,0.01,19,56088,买盘
2762,10:22:15,29.51,--,4,11804,卖盘
2763,10:22:12,29.51,-0.02,5,14755,卖盘
2764,10:22:09,29.53,0.01,30,89239,中性盘
2765,10:22:06,29.52,-0.02,40,118080,卖盘
2766,10:22:03,29.54,0.01,32,94528,买盘
2767,10:22:00,29.53,--,24,70872,卖盘
2768,10:21:57,29.53,0.02,40,118120,买盘
2769,10:21:54,29.51,-0.01,126,371826,卖盘
2770,10:21:51,29.52,-0.02,2,5904,中性盘
2771,10:21:48,29.54,0.01,25,73850,买盘
2772,10:21:45,29.53,--,126,374381,买盘
2773,10:21:39,29.53,0.01,70,206710,买盘
2774,10:21:36,29.52,-0.02,332,980064,卖盘
2775,10:21:33,29.54,0.01,27,79758,买盘
2776,10:21:30,29.53,-0.01,39,115167,卖盘
2777,10:21:27,29.54,--,17,50218,买盘
2778,10:21:24,29.54,--,72,212688,卖盘
2779,10:21:21,29.54,--,4,11816,卖盘
2780,10:21:18,29.54,--,6,17724,卖盘
2781,10:21:15,29.54,-0.01,23,67942,卖盘
2782,10:21:12,29.55,0.01,10,29550,买盘
2783,10:21:09,29.54,-0.01,132,389928,卖盘
2784,10:21:06,29.55,--,4,11820,买盘
2785,10:21:03,29.55,-0.01,77,227535,卖盘
2786,10:21:00,29.56,--,37,109372,买盘
2787,10:20:57,29.56,--,29,85724,买盘
2788,10:20:54,29.56,--,28,82768,买盘
2789,10:20:51,29.56,0.01,19,56164,卖盘
2790,10:20:48,29.55,--,2,5910,卖盘
2791,10:20:42,29.55,--,36,106380,卖盘
2792,10:20:39,29.55,-0.01,8,23640,卖盘
2793,10:20:36,29.56,-0.04,8,23648,卖盘
