,time,price,change,volume,amount,type
0,15:00:03,23.33,-0.01,841,1962052,中性盘
1,14:57:00,23.34,--,0,0,买盘
2,14:56:57,23.34,0.04,20,46680,买盘
3,14:56:51,23.3,--,5,11650,卖盘
4,14:56:48,23.3,-0.04,15,34950,卖盘
5,14:56:45,23.34,0.04,10,23340,买盘
6,14:56:39,23.3,--,124,288920,卖盘
7,14:56:36,23.3,--,10,23300,卖盘
8,14:56:33,23.3,--,29,67570,卖盘
9,14:56:30,23.3,--,2,4660,卖盘
10,14:56:21,23.3,-0.05,2,4660,卖盘
11,14:56:15,23.35,0.05,9,21015,买盘
12,14:56:06,23.3,-0.06,7,16310,卖盘
13,14:55:57,23.36,0.06,8,19225,买盘
14,14:55:54,23.3,--,11,25630,买盘
15,14:55:51,23.3,--,7,16310,买盘
16,14:55:48,23.3,0.01,31,72230,买盘
17,14:55:45,23.29,-0.01,3,6987,卖盘
18,14:55:42,23.3,--,4,9320,买盘
19,14:55:39,23.3,--,18,43734,卖盘
20,14:55:36,23.3,-0.07,1,2330,卖盘
21,14:55:33,23.37,0.06,206,481422,买盘
22,14:55:30,23.31,--,10,23310,买盘
23,14:55:27,23.31,0.01,33,76923,买盘
24,14:55:24,23.3,--,1,2330,卖盘
25,14:55:18,23.3,--,59,137470,卖盘
26,14:55:12,23.3,0.01,54,126355,买盘
27,14:55:06,23.29,0.01,21,48909,买盘
28,14:54:57,23.28,-0.01,157,365496,卖盘
29,14:54:54,23.29,0.01,9,20961,买盘
30,14:54:51,23.28,-0.01,9,20952,卖盘
31,14:54:48,23.29,--,14,32606,买盘
32,14:54:45,23.29,0.01,42,97818,买盘
33,14:54:42,23.28,--,85,197880,卖盘
34,14:54:36,23.28,-0.01,8,18624,卖盘
35,14:54:33,23.29,--,1,2329,买盘
36,14:54:30,23.29,--,7,16303,买盘
37,14:54:27,23.29,--,10,23290,买盘
38,14:54:24,23.29,--,28,65212,买盘
39,14:54:21,23.29,--,15,34935,买盘
40,14:54:18,23.29,-0.01,24,55896,卖盘
41,14:54:15,23.3,--,1,2330,买盘
42,14:54:12,23.3,0.01,5,11650,买盘
43,14:54:06,23.29,-0.01,200,465800,卖盘
44,14:54:03,23.3,--,56,130480,买盘
45,14:54:00,23.3,--,6,13980,买盘
46,14:53:57,23.3,--,10,23300,买盘
47,14:53:54,23.3,--,5,11650,买盘
48,14:53:51,23.3,--,104,242320,买盘
49,14:53:48,23.3,--,54,127614,卖盘
50,14:53:45,23.3,-0.01,32,74560,卖盘
51,14:53:42,23.31,0.01,15,34965,买盘
52,14:53:36,23.3,--,25,58250,卖盘
53,14:53:30,23.3,-0.01,16,37280,卖盘
54,14:53:27,23.31,0.01,3,6993,买盘
55,14:53:24,23.3,-0.01,2,5195,卖盘
56,14:53:18,23.31,0.01,5,11655,买盘
57,14:53:15,23.3,--,15,34950,卖盘
58,14:53:12,23.3,--,7,16310,买盘
59,14:53:09,23.3,--,9,20970,卖盘
60,14:53:06,23.3,-0.02,50,116500,卖盘
61,14:53:03,23.32,0.02,21,48972,买盘
62,14:53:00,23.3,-0.01,17,39610,卖盘
63,14:52:57,23.31,--,5,11655,买盘
64,14:52:54,23.31,-0.01,8,18648,卖盘
65,14:52:51,23.32,0.01,20,46640,买盘
66,14:52:48,23.31,0.01,1,2331,中性盘
67,14:52:42,23.3,-0.02,15,34950,卖盘
68,14:52:36,23.32,0.01,26,60632,买盘
69,14:52:33,23.31,--,1,2331,买盘
70,14:52:27,23.31,0.02,5,11655,中性盘
71,14:52:24,23.29,--,2,4658,卖盘
72,14:52:21,23.29,-0.05,15,34935,中性盘
73,14:52:09,23.34,0.01,110,256740,买盘
74,14:52:06,23.33,--,10,23330,买盘
75,14:52:00,23.33,-0.01,9,20997,中性盘
76,14:51:54,23.34,0.06,2,4668,买盘
77,14:51:51,23.28,-0.07,17,39576,卖盘
78,14:51:48,23.35,0.08,471,1099785,买盘
79,14:51:45,23.27,-0.01,17,39559,卖盘
80,14:51:42,23.28,-0.03,15,34920,买盘
81,14:51:36,23.31,0.03,544,1268064,买盘
82,14:51:33,23.28,--,3,6984,买盘
83,14:51:30,23.28,-0.01,1,2328,中性盘
84,14:51:27,23.29,--,9,20961,买盘
85,14:51:24,23.29,--,22,51238,买盘
86,14:51:18,23.29,0.02,23,53567,买盘
87,14:51:15,23.27,--,15,34905,卖盘
88,14:51:12,23.27,-0.02,2,4654,卖盘
89,14:51:09,23.29,0.02,50,116450,买盘
90,14:51:03,23.27,-0.01,15,34905,卖盘
91,14:51:00,23.28,--,11,25608,卖盘
92,14:50:57,23.28,0.01,23,53544,买盘
93,14:50:54,23.27,--,3,6981,买盘
94,14:50:51,23.27,-0.02,11,25597,买盘
95,14:50:48,23.29,0.03,17,39593,买盘
96,14:50:45,23.26,-0.01,39,90714,卖盘
97,14:50:42,23.27,--,18,41886,卖盘
98,14:50:36,23.27,0.01,46,107042,买盘
99,14:50:33,23.26,--,74,172124,买盘
100,14:50:30,23.26,0.01,152,353552,买盘
101,14:50:27,23.25,-0.01,27,62775,卖盘
102,14:50:24,23.26,--,12,27912,买盘
103,14:50:21,23.26,--,50,116300,买盘
104,14:50:18,23.26,--,25,58150,买盘
105,14:50:15,23.26,0.01,87,204013,买盘
106,14:50:12,23.25,0.01,14,32550,买盘
107,14:50:09,23.24,-0.01,195,453179,卖盘
108,14:50:06,23.25,--,10,23250,买盘
109,14:50:03,23.25,-0.02,84,195974,卖盘
110,14:50:00,23.27,0.01,18,41886,买盘
111,14:49:57,23.26,--,18,43519,买盘
112,14:49:54,23.26,0.01,7,16282,买盘
113,14:49:51,23.25,-0.01,200,465674,卖盘
114,14:49:48,23.26,-0.01,7,16282,中性盘
115,14:49:45,23.27,--,26,60502,买盘
116,14:49:39,23.27,--,10,23270,买盘
117,14:49:36,23.27,-0.01,44,102388,卖盘
118,14:49:33,23.28,0.01,5,11640,卖盘
119,14:49:30,23.27,--,4,9308,卖盘
120,14:49:27,23.27,-0.01,22,51194,卖盘
121,14:49:24,23.28,--,13,30264,买盘
122,14:49:21,23.28,0.01,22,51216,买盘
123,14:49:18,23.27,-0.01,18,41886,卖盘
124,14:49:15,23.28,--,25,58200,买盘
125,14:49:09,23.28,0.01,1,2328,中性盘
126,14:49:03,23.27,0.01,3,6981,中性盘
127,14:48:57,23.26,-0.01,21,48846,卖盘
128,14:48:54,23.27,-0.01,16,37232,买盘
129,14:48:48,23.28,-0.01,2,4656,卖盘
130,14:48:45,23.29,0.01,25,58225,买盘
131,14:48:42,23.28,0.03,11,25608,买盘
132,14:48:39,23.25,--,27,64425,买盘
133,14:48:36,23.25,-0.04,272,633074,卖盘
134,14:48:33,23.29,0.02,25,58225,买盘
135,14:48:27,23.27,0.02,16,37232,中性盘
136,14:48:24,23.25,-0.04,50,116250,卖盘
137,14:48:21,23.29,0.01,122,285302,买盘
138,14:48:15,23.28,0.03,129,300312,买盘
139,14:48:12,23.25,--,3,6975,卖盘
140,14:48:09,23.25,--,164,383415,卖盘
141,14:48:03,23.25,--,32,74400,卖盘
142,14:47:57,23.25,--,27,62775,卖盘
143,14:47:54,23.25,-0.01,15,34875,卖盘
144,14:47:51,23.26,0.02,92,214689,买盘
145,14:47:48,23.24,-0.01,41,95284,卖盘
146,14:47:45,23.25,--,15,34875,买盘
147,14:47:42,23.25,--,13,30225,买盘
148,14:47:39,23.25,-0.03,1339,3114802,卖盘
149,14:47:36,23.28,--,31,72168,卖盘
150,14:47:33,23.28,--,19,44232,卖盘
151,14:47:27,23.28,-0.01,16,37248,卖盘
152,14:47:24,23.29,0.03,40,93160,买盘
153,14:47:21,23.26,-0.01,49,113974,卖盘
154,14:47:12,23.27,-0.01,10,23270,中性盘
155,14:47:09,23.28,-0.01,11,25608,卖盘
156,14:47:06,23.29,0.04,25,58225,买盘
157,14:47:00,23.25,-0.04,808,1879251,卖盘
158,14:46:57,23.29,--,1,2329,买盘
159,14:46:54,23.29,0.03,35,81515,买盘
160,14:46:51,23.26,-0.03,1082,2516732,卖盘
161,14:46:48,23.29,-0.01,21,48909,卖盘
162,14:46:42,23.3,0.01,3,6990,买盘
163,14:46:39,23.29,-0.01,121,281809,卖盘
164,14:46:36,23.3,0.01,2,4660,买盘
165,14:46:33,23.29,-0.01,50,116450,卖盘
166,14:46:30,23.3,--,23,53590,卖盘
167,14:46:27,23.3,--,36,83880,卖盘
168,14:46:24,23.3,--,11,25630,卖盘
169,14:46:21,23.3,--,200,466000,买盘
170,14:46:18,23.3,0.01,19,44270,买盘
171,14:46:12,23.29,-0.01,8,18632,卖盘
172,14:46:09,23.3,--,18,41940,买盘
173,14:46:03,23.3,--,26,60580,买盘
174,14:46:00,23.3,-0.01,24,55920,买盘
175,14:45:57,23.31,--,46,107226,卖盘
176,14:45:54,23.31,--,38,88578,买盘
177,14:45:51,23.31,0.01,1,2331,买盘
178,14:45:48,23.3,-0.02,14,32620,卖盘
179,14:45:45,23.32,0.02,25,58300,买盘
180,14:45:39,23.3,--,37,86210,卖盘
181,14:45:36,23.3,-0.02,26,60580,卖盘
182,14:45:30,23.32,0.01,11,25652,买盘
183,14:45:27,23.31,0.01,21,48951,中性盘
184,14:45:21,23.3,--,50,116500,卖盘
185,14:45:18,23.3,-0.02,47,109510,中性盘
186,14:45:15,23.32,0.03,26,60632,买盘
187,14:45:06,23.29,-0.03,250,582250,卖盘
188,14:45:03,23.32,--,131,305492,买盘
189,14:44:57,23.32,--,10,23320,中性盘
190,14:44:54,23.32,--,41,95612,买盘
191,14:44:48,23.32,--,10,23320,买盘
192,14:44:45,23.32,0.01,25,58300,买盘
193,14:44:39,23.31,--,4,9324,卖盘
194,14:44:36,23.31,-0.01,5,11655,卖盘
195,14:44:33,23.32,--,62,144584,买盘
196,14:44:27,23.32,0.02,10,23320,买盘
197,14:44:21,23.3,-0.01,55,128150,卖盘
198,14:44:18,23.31,0.01,32,74592,买盘
199,14:44:15,23.3,--,1,2330,卖盘
200,14:44:12,23.3,-0.01,2,4660,卖盘
201,14:44:09,23.31,--,15,34965,买盘
202,14:44:06,23.31,0.01,5,11655,买盘
203,14:44:03,23.3,-0.01,37,86210,卖盘
204,14:44:00,23.31,0.01,45,104895,买盘
205,14:43:54,23.3,-0.01,11,25630,卖盘
206,14:43:51,23.31,--,22,51282,卖盘
207,14:43:48,23.31,--,5,11655,卖盘
208,14:43:45,23.31,-0.01,10,23310,卖盘
209,14:43:39,23.32,0.02,120,279840,买盘
210,14:43:33,23.3,-0.01,38,88540,卖盘
211,14:43:30,23.31,--,16,37296,买盘
212,14:43:27,23.31,--,5,11655,买盘
213,14:43:21,23.31,0.01,4,9324,买盘
214,14:43:18,23.3,-0.01,18,41940,卖盘
215,14:43:15,23.31,--,20,46620,买盘
216,14:43:09,23.31,0.01,10,23310,买盘
217,14:43:06,23.3,--,110,256300,卖盘
218,14:43:03,23.3,-0.01,36,83880,卖盘
219,14:43:00,23.31,--,28,65268,买盘
220,14:42:48,23.31,0.01,3,6993,卖盘
221,14:42:45,23.3,-0.01,14,32620,卖盘
222,14:42:39,23.31,0.02,4,9370,买盘
223,14:42:33,23.29,-0.02,357,831453,卖盘
224,14:42:30,23.31,0.01,20,46620,买盘
225,14:42:27,23.3,-0.01,11,25630,卖盘
226,14:42:21,23.31,0.01,6,13986,买盘
227,14:42:18,23.3,--,50,116500,卖盘
228,14:42:15,23.3,--,15,34950,卖盘
229,14:42:09,23.3,--,5,11650,卖盘
230,14:42:00,23.3,--,45,104850,买盘
231,14:41:57,23.3,--,7,16310,买盘
232,14:41:54,23.3,-0.01,37,86210,买盘
233,14:41:48,23.31,--,0,2284,卖盘
234,14:41:45,23.31,0.01,342,797248,买盘
235,14:41:42,23.3,-0.01,84,198003,卖盘
236,14:41:39,23.31,0.01,1,2331,买盘
237,14:41:36,23.3,-0.01,10,23300,卖盘
238,14:41:33,23.31,--,8,18648,买盘
239,14:41:21,23.31,--,9,20979,买盘
240,14:41:18,23.31,--,62,144522,卖盘
241,14:41:15,23.31,-0.01,2,4662,卖盘
242,14:41:12,23.32,--,4,9328,买盘
243,14:41:09,23.32,0.01,8,18656,买盘
244,14:41:03,23.31,--,200,466200,卖盘
245,14:40:54,23.31,--,3,6993,卖盘
246,14:40:48,23.31,--,61,142191,卖盘
247,14:40:45,23.31,-0.01,7,16317,卖盘
248,14:40:33,23.32,--,10,23320,买盘
249,14:40:30,23.32,0.01,2,4664,买盘
250,14:40:24,23.31,--,20,46620,买盘
251,14:40:21,23.31,--,507,1181817,买盘
252,14:40:18,23.31,-0.01,26,60606,卖盘
253,14:40:15,23.32,--,1,2332,买盘
254,14:40:09,23.32,0.01,16,37312,买盘
255,14:40:06,23.31,--,19,44289,卖盘
256,14:40:03,23.31,-0.01,49,114219,卖盘
257,14:39:57,23.32,0.01,10,23320,买盘
258,14:39:54,23.31,-0.01,3,6993,卖盘
259,14:39:51,23.32,0.01,2,4664,买盘
260,14:39:48,23.31,-0.01,56,130536,卖盘
261,14:39:33,23.32,0.01,10,23320,买盘
262,14:39:30,23.31,--,5,11655,卖盘
263,14:39:18,23.31,-0.01,55,128205,卖盘
264,14:39:15,23.32,--,4,9328,买盘
265,14:39:12,23.32,0.01,3,6996,买盘
266,14:39:09,23.31,-0.01,9,20979,卖盘
267,14:39:00,23.32,0.01,1,2332,买盘
268,14:38:54,23.31,--,2,4662,卖盘
269,14:38:48,23.31,-0.01,53,123543,卖盘
270,14:38:45,23.32,--,12,27984,买盘
271,14:38:39,23.32,--,6,13992,买盘
272,14:38:36,23.32,-0.01,21,48972,卖盘
273,14:38:24,23.33,--,27,62990,买盘
274,14:38:21,23.33,0.01,13,30328,买盘
275,14:38:18,23.32,-0.01,50,116600,卖盘
276,14:38:03,23.33,0.01,1,2333,买盘
277,14:37:57,23.32,-0.01,40,93280,卖盘
278,14:37:51,23.33,0.01,16,37328,买盘
279,14:37:48,23.32,-0.01,51,118932,卖盘
280,14:37:33,23.33,0.01,14,32661,买盘
281,14:37:27,23.32,-0.01,1,2332,卖盘
282,14:37:24,23.33,--,5,11665,买盘
283,14:37:21,23.33,0.01,3,6998,买盘
284,14:37:18,23.32,-0.01,53,123596,卖盘
285,14:37:15,23.33,--,1,2333,买盘
286,14:37:12,23.33,0.01,9,20997,买盘
287,14:37:06,23.32,-0.01,2,4664,卖盘
288,14:37:03,23.33,0.01,2,4666,买盘
289,14:36:57,23.32,--,10,23320,卖盘
290,14:36:48,23.32,--,53,123596,买盘
291,14:36:42,23.32,--,19,44308,买盘
292,14:36:39,23.32,--,30,69960,买盘
293,14:36:30,23.32,--,5,11660,买盘
294,14:36:27,23.32,--,4,9328,买盘
295,14:36:21,23.32,--,5,11660,买盘
296,14:36:18,23.32,-0.01,12,27984,卖盘
297,14:36:15,23.33,0.01,4,9332,买盘
298,14:36:12,23.32,-0.01,50,116600,卖盘
299,14:36:06,23.33,0.01,21,48993,买盘
300,14:36:03,23.32,--,30,69960,卖盘
301,14:35:54,23.32,--,216,503712,买盘
302,14:35:51,23.32,0.01,5,11660,买盘
303,14:35:48,23.31,-0.01,47,109557,卖盘
304,14:35:45,23.32,--,4,9328,买盘
305,14:35:36,23.32,-0.01,51,118932,卖盘
306,14:35:33,23.33,--,5,11665,买盘
307,14:35:30,23.33,0.01,1,2333,买盘
308,14:35:27,23.32,-0.01,10,23320,卖盘
309,14:35:24,23.33,0.01,5,11665,买盘
310,14:35:18,23.32,-0.01,51,118932,卖盘
311,14:35:15,23.33,--,7,16330,买盘
312,14:35:12,23.33,--,1,2333,卖盘
313,14:35:09,23.33,0.01,65,151645,买盘
314,14:35:03,23.32,-0.01,20,46640,卖盘
315,14:34:57,23.33,--,17,39661,买盘
316,14:34:54,23.33,--,3,6998,买盘
317,14:34:51,23.33,--,2,4666,买盘
318,14:34:48,23.33,-0.01,20,46660,卖盘
319,14:34:42,23.34,--,4,9336,买盘
320,14:34:39,23.34,0.01,11,25674,买盘
321,14:34:36,23.33,--,2,4666,买盘
322,14:34:33,23.33,-0.01,49,114316,卖盘
323,14:34:30,23.34,--,10,23340,买盘
324,14:34:24,23.34,0.01,3,7002,买盘
325,14:34:21,23.33,-0.01,5,11665,卖盘
326,14:34:18,23.34,--,243,567162,买盘
327,14:34:15,23.34,--,14,32676,买盘
328,14:34:12,23.34,--,20,46680,卖盘
329,14:34:03,23.34,--,19,44346,买盘
330,14:34:00,23.34,--,2,4668,买盘
331,14:33:48,23.34,-0.01,43,100362,卖盘
332,14:33:45,23.35,0.01,4,9340,买盘
333,14:33:30,23.34,--,8,18672,卖盘
334,14:33:27,23.34,--,10,23340,买盘
335,14:33:18,23.34,--,41,95694,卖盘
336,14:33:15,23.34,-0.01,10,23340,卖盘
337,14:33:12,23.35,--,10,23350,买盘
338,14:33:09,23.35,--,20,46700,买盘
339,14:33:06,23.35,--,19,44365,买盘
340,14:33:03,23.35,--,77,179795,买盘
341,14:33:00,23.35,--,7,16345,买盘
342,14:32:57,23.35,--,16,37360,买盘
343,14:32:54,23.35,--,25,58375,买盘
344,14:32:51,23.35,0.01,3,7005,买盘
345,14:32:48,23.34,-0.01,52,121368,卖盘
346,14:32:45,23.35,--,4,9340,买盘
347,14:32:39,23.35,--,7,16345,买盘
348,14:32:36,23.35,0.01,5,11675,买盘
349,14:32:21,23.34,--,1,2334,卖盘
350,14:32:18,23.34,-0.01,50,116700,卖盘
351,14:32:15,23.35,0.01,9,21015,买盘
352,14:32:12,23.34,0.01,36,84024,买盘
353,14:32:09,23.33,-0.01,1,2333,卖盘
354,14:32:06,23.34,0.01,24,56016,买盘
355,14:32:03,23.33,-0.02,2,4666,卖盘
356,14:31:57,23.35,--,4,9340,买盘
357,14:31:54,23.35,--,16,37360,买盘
358,14:31:51,23.35,--,9,21015,买盘
359,14:31:45,23.35,--,100,233500,买盘
360,14:31:42,23.35,--,4,9340,买盘
361,14:31:39,23.35,-0.01,43,100405,卖盘
362,14:31:36,23.36,--,2,4672,买盘
363,14:31:33,23.36,--,17,39712,买盘
364,14:31:24,23.36,--,2,4672,买盘
365,14:31:21,23.36,-0.01,192,448512,卖盘
366,14:31:18,23.37,--,5,11685,买盘
367,14:31:15,23.37,--,5,11685,买盘
368,14:31:12,23.37,--,64,149568,买盘
369,14:31:09,23.37,--,14,32718,买盘
370,14:31:03,23.37,--,1,2337,买盘
371,14:31:00,23.37,--,51,119187,买盘
372,14:30:57,23.37,0.01,1,2337,买盘
373,14:30:51,23.36,--,6,14016,卖盘
374,14:30:45,23.36,--,9,21024,买盘
375,14:30:36,23.36,--,2,4672,买盘
376,14:30:33,23.36,0.01,1,2336,买盘
377,14:30:30,23.35,-0.01,50,116750,卖盘
378,14:30:27,23.36,--,1,2336,买盘
379,14:30:18,23.36,0.03,107,249952,买盘
380,14:30:15,23.33,-0.02,100,233299,卖盘
381,14:30:12,23.35,--,25,58375,买盘
382,14:30:03,23.35,--,1,2335,买盘
383,14:30:00,23.35,--,127,296545,卖盘
384,14:29:54,23.35,0.02,173,403955,买盘
385,14:29:48,23.33,-0.01,57,132981,卖盘
386,14:29:45,23.34,--,10,23340,买盘
387,14:29:39,23.34,0.01,4,9336,买盘
388,14:29:33,23.33,-0.01,3,6998,卖盘
389,14:29:30,23.34,-0.01,22,51348,卖盘
390,14:29:27,23.35,--,10,23350,买盘
391,14:29:21,23.35,0.01,9,21015,买盘
392,14:29:18,23.34,0.01,1,2334,卖盘
393,14:29:06,23.33,0.01,1,2333,买盘
394,14:29:00,23.32,0.01,46,107272,中性盘
395,14:28:45,23.31,-0.01,328,764568,卖盘
396,14:28:42,23.32,--,1,2332,卖盘
397,14:28:39,23.32,--,6,13992,卖盘
398,14:28:36,23.32,--,37,86284,卖盘
399,14:28:33,23.32,--,54,125928,买盘
400,14:28:30,23.32,-0.01,27,62964,卖盘
401,14:28:15,23.33,0.02,2,4666,买盘
402,14:28:12,23.31,-0.01,118,275058,卖盘
403,14:28:09,23.32,--,1,2332,买盘
404,14:28:06,23.32,--,2,4664,买盘
405,14:28:00,23.32,--,17,39644,卖盘
406,14:27:54,23.32,0.02,4,9328,中性盘
407,14:27:48,23.3,-0.03,70,163100,卖盘
408,14:27:45,23.33,0.02,2,4666,买盘
409,14:27:42,23.31,-0.01,25,58275,卖盘
410,14:27:33,23.32,0.01,6,13992,买盘
411,14:27:30,23.31,-0.02,48,111888,卖盘
412,14:27:27,23.33,0.02,203,473598,买盘
413,14:27:18,23.31,--,105,244755,卖盘
414,14:27:12,23.31,--,11,25641,买盘
415,14:27:06,23.31,--,1,2331,买盘
416,14:27:03,23.31,--,1,2331,买盘
417,14:27:00,23.31,--,50,116550,买盘
418,14:26:57,23.31,--,11,25641,买盘
419,14:26:54,23.31,--,52,121212,买盘
420,14:26:51,23.31,0.01,8,18648,买盘
421,14:26:48,23.3,-0.03,85,198050,卖盘
422,14:26:42,23.33,--,4,9332,买盘
423,14:26:36,23.33,0.02,100,233299,买盘
424,14:26:33,23.31,-0.02,22,51282,卖盘
425,14:26:30,23.33,--,74,172642,买盘
426,14:26:27,23.33,--,1,2333,买盘
427,14:26:24,23.33,--,4,9332,买盘
428,14:26:21,23.33,--,23,53658,卖盘
429,14:26:18,23.33,-0.01,86,200637,卖盘
430,14:26:15,23.34,--,7,16338,卖盘
431,14:26:12,23.34,0.01,37,86358,买盘
432,14:26:09,23.33,--,28,65323,卖盘
433,14:26:00,23.33,--,49,114316,卖盘
434,14:25:54,23.33,0.01,826,1927057,买盘
435,14:25:48,23.32,-0.01,90,209880,卖盘
436,14:25:42,23.33,--,12,27995,买盘
437,14:25:39,23.33,--,9,20997,买盘
438,14:25:36,23.33,--,6,13997,买盘
439,14:25:30,23.33,-0.01,2,4666,中性盘
440,14:25:21,23.34,0.02,18,42012,买盘
441,14:25:18,23.32,--,85,198220,卖盘
442,14:25:15,23.32,-0.02,2,4664,卖盘
443,14:25:12,23.34,--,63,147042,买盘
444,14:25:09,23.34,--,4,9336,买盘
445,14:25:03,23.34,--,5,11670,买盘
446,14:25:00,23.34,-0.01,20,46680,卖盘
447,14:24:54,23.35,0.04,2,4670,买盘
448,14:24:51,23.31,-0.03,103,240093,卖盘
449,14:24:48,23.34,0.04,219,511146,买盘
450,14:24:45,23.3,-0.04,10,23300,卖盘
451,14:24:42,23.34,0.04,4,9336,中性盘
452,14:24:33,23.3,--,2,4660,卖盘
453,14:24:30,23.3,0.03,559,1302516,买盘
454,14:24:24,23.27,0.01,6,13962,中性盘
455,14:24:12,23.26,-0.03,129,300054,卖盘
456,14:24:09,23.29,0.03,4,9316,买盘
457,14:24:06,23.26,0.01,111,258186,中性盘
458,14:24:03,23.25,--,27,62775,卖盘
459,14:24:00,23.25,0.02,99,232476,买盘
460,14:23:57,23.23,-0.02,1025,2381075,卖盘
461,14:23:54,23.25,--,201,467325,买盘
462,14:23:51,23.25,0.02,250,581250,买盘
463,14:23:48,23.23,--,17,39491,买盘
464,14:23:45,23.23,--,30,69690,卖盘
465,14:23:42,23.23,-0.02,112,260176,卖盘
466,14:23:39,23.25,0.02,92,213900,买盘
467,14:23:36,23.23,-0.02,111,257853,卖盘
468,14:23:27,23.25,--,30,69750,买盘
469,14:23:24,23.25,--,6,13950,买盘
470,14:23:21,23.25,-0.05,3065,7126125,卖盘
471,14:23:18,23.3,--,492,1148643,卖盘
472,14:23:12,23.3,-0.03,1179,2747070,卖盘
473,14:23:09,23.33,0.01,4,9332,买盘
474,14:23:06,23.32,-0.01,50,116600,卖盘
475,14:23:03,23.33,--,3,6998,买盘
476,14:22:54,23.33,0.01,37,86321,买盘
477,14:22:48,23.32,-0.01,85,198220,卖盘
478,14:22:42,23.33,-0.02,144,335952,卖盘
479,14:22:39,23.35,0.02,2,4670,买盘
480,14:22:36,23.33,-0.02,10,23330,卖盘
481,14:22:33,23.35,0.01,30,70050,买盘
482,14:22:27,23.34,-0.01,11,25674,中性盘
483,14:22:24,23.35,--,69,161115,买盘
484,14:22:18,23.35,--,28,65380,买盘
485,14:22:15,23.35,--,5,11675,买盘
486,14:22:12,23.35,--,51,119085,买盘
487,14:22:09,23.35,--,4,9340,买盘
488,14:22:03,23.35,0.01,1,2335,中性盘
489,14:21:57,23.34,-0.01,156,364104,卖盘
490,14:21:51,23.35,-0.01,190,443650,卖盘
491,14:21:45,23.36,--,3,7008,买盘
492,14:21:42,23.36,--,33,77088,买盘
493,14:21:39,23.36,--,2,4672,买盘
494,14:21:24,23.36,--,1,2336,买盘
495,14:21:21,23.36,--,10,23360,买盘
496,14:21:12,23.36,--,52,121472,买盘
497,14:21:09,23.36,--,4,9344,买盘
498,14:21:00,23.36,0.01,7,16352,买盘
499,14:20:57,23.35,-0.01,1,2335,中性盘
500,14:20:54,23.36,0.03,5,11680,买盘
501,14:20:51,23.33,-0.03,90,209969,卖盘
502,14:20:42,23.36,-0.02,109,254624,卖盘
503,14:20:39,23.38,--,1,2338,买盘
504,14:20:36,23.38,--,1,2338,买盘
505,14:20:24,23.38,--,4,9352,买盘
506,14:20:18,23.38,0.04,1,2338,买盘
507,14:20:15,23.34,-0.04,85,198390,卖盘
508,14:20:12,23.38,--,56,130928,买盘
509,14:20:09,23.38,--,4,9352,买盘
510,14:19:51,23.38,--,1,2338,买盘
511,14:19:48,23.38,--,93,217434,买盘
512,14:19:42,23.38,--,3,7014,买盘
513,14:19:39,23.38,--,5,11690,买盘
514,14:19:21,23.38,0.04,3,7014,买盘
515,14:19:15,23.34,-0.02,85,198390,卖盘
516,14:19:12,23.36,--,4,9344,买盘
517,14:19:09,23.36,--,4,9344,买盘
518,14:19:00,23.36,0.02,2,4672,中性盘
519,14:18:45,23.34,-0.04,88,205392,卖盘
520,14:18:42,23.38,--,2,4676,买盘
521,14:18:39,23.38,--,4,9352,买盘
522,14:18:36,23.38,0.01,21,49098,买盘
523,14:18:33,23.37,-0.01,17,39729,卖盘
524,14:18:24,23.38,0.03,12,28056,买盘
525,14:18:15,23.35,-0.02,85,198475,卖盘
526,14:18:12,23.37,0.01,43,100491,买盘
527,14:18:09,23.36,-0.01,142,331712,卖盘
528,14:18:06,23.37,--,4,9348,买盘
529,14:18:03,23.37,--,6,14022,买盘
530,14:18:00,23.37,--,2,4674,买盘
531,14:17:57,23.37,0.01,14,32718,买盘
532,14:17:48,23.36,--,4,9344,卖盘
533,14:17:45,23.36,--,89,207904,买盘
534,14:17:39,23.36,-0.01,7,16352,中性盘
535,14:17:27,23.37,0.02,5,11685,买盘
536,14:17:21,23.35,0.01,8,18680,卖盘
537,14:17:15,23.34,-0.02,114,266076,卖盘
538,14:17:12,23.36,--,107,249952,买盘
539,14:17:09,23.36,--,14,32704,卖盘
540,14:17:06,23.36,0.02,5,11680,中性盘
541,14:16:45,23.34,-0.03,85,198390,卖盘
542,14:16:42,23.37,0.01,4,9348,买盘
543,14:16:39,23.36,-0.01,3,7008,中性盘
544,14:16:33,23.37,0.02,12,28044,买盘
545,14:16:15,23.35,-0.02,86,200810,卖盘
546,14:16:12,23.37,0.01,23,53751,买盘
547,14:16:09,23.36,--,4,9344,买盘
548,14:16:03,23.36,-0.01,5,11680,买盘
549,14:16:00,23.37,--,20,46740,买盘
550,14:15:54,23.37,-0.01,17,39729,中性盘
551,14:15:48,23.38,0.03,5,11690,买盘
552,14:15:45,23.35,-0.03,85,198475,卖盘
553,14:15:39,23.38,--,24,56112,买盘
554,14:15:36,23.38,0.03,5,11690,买盘
555,14:15:33,23.35,-0.03,344,804010,卖盘
556,14:15:30,23.38,--,1,2338,买盘
557,14:15:24,23.38,0.03,57,133266,中性盘
558,14:15:15,23.35,-0.03,85,198475,卖盘
559,14:15:12,23.38,--,28,65464,买盘
560,14:15:09,23.38,--,4,9352,买盘
561,14:15:06,23.38,0.04,10,23380,买盘
562,14:14:45,23.34,-0.01,132,308088,卖盘
563,14:14:42,23.35,--,3,7005,买盘
564,14:14:39,23.35,0.01,405,945675,买盘
565,14:14:12,23.34,-0.01,53,123702,卖盘
566,14:14:09,23.35,0.02,4,9340,买盘
567,14:14:03,23.33,--,12,27995,卖盘
568,14:14:00,23.33,--,128,298624,卖盘
569,14:13:54,23.33,--,49,114316,卖盘
570,14:13:36,23.33,--,12,27995,买盘
571,14:13:33,23.33,--,11,25662,买盘
572,14:13:24,23.33,0.01,24,55991,卖盘
573,14:13:18,23.32,--,1,2332,卖盘
574,14:13:15,23.32,-0.02,85,198220,卖盘
575,14:13:12,23.34,0.01,7,16338,买盘
576,14:13:09,23.33,--,4,9332,买盘
577,14:13:06,23.33,--,17,39661,买盘
578,14:13:03,23.33,--,13,30328,买盘
579,14:13:00,23.33,-0.01,2,4666,买盘
580,14:12:54,23.34,--,6,14004,卖盘
581,14:12:51,23.34,--,10,23340,卖盘
582,14:12:48,23.34,0.02,12,28008,买盘
583,14:12:45,23.32,-0.02,85,198220,卖盘
584,14:12:42,23.34,0.01,1,2334,买盘
585,14:12:39,23.33,-0.01,9,20997,卖盘
586,14:12:36,23.34,--,20,46680,买盘
587,14:12:27,23.34,0.01,20,46680,买盘
588,14:12:24,23.33,--,15,34995,卖盘
589,14:12:15,23.33,-0.01,86,200637,卖盘
590,14:12:12,23.34,--,47,109698,买盘
591,14:12:09,23.34,--,4,9336,买盘
592,14:12:03,23.34,--,3,7002,买盘
593,14:12:00,23.34,--,20,46680,买盘
594,14:11:57,23.34,--,5,11670,买盘
595,14:11:54,23.34,--,56,130704,卖盘
596,14:11:51,23.34,--,3,7002,卖盘
597,14:11:48,23.34,--,13,30342,卖盘
598,14:11:45,23.34,--,85,198390,卖盘
599,14:11:42,23.34,-0.01,10,23340,卖盘
600,14:11:39,23.35,--,5,11675,买盘
601,14:11:33,23.35,--,15,35025,卖盘
602,14:11:21,23.35,0.01,10,23350,中性盘
603,14:11:15,23.34,-0.04,85,198390,卖盘
604,14:11:12,23.38,--,45,105210,买盘
605,14:11:09,23.38,0.01,4,9352,买盘
606,14:11:06,23.37,--,6,14022,卖盘
607,14:11:03,23.37,0.02,2,4674,中性盘
608,14:10:45,23.35,-0.03,85,198475,卖盘
609,14:10:42,23.38,-0.01,1,2338,卖盘
610,14:10:39,23.39,--,4,9356,买盘
611,14:10:36,23.39,0.04,6,14034,中性盘
612,14:10:15,23.35,-0.05,86,200810,卖盘
613,14:10:09,23.4,0.01,268,627120,买盘
614,14:10:06,23.39,0.04,133,311087,买盘
615,14:10:00,23.35,--,6,14010,卖盘
616,14:09:57,23.35,--,8,18680,卖盘
617,14:09:51,23.35,--,21,49035,卖盘
618,14:09:45,23.35,-0.04,85,198475,卖盘
619,14:09:42,23.39,0.01,6,14034,买盘
620,14:09:39,23.38,--,4,9352,买盘
621,14:09:30,23.38,0.03,42,98196,中性盘
622,14:09:15,23.35,-0.03,94,219490,卖盘
623,14:09:12,23.38,--,53,123914,买盘
624,14:09:09,23.38,0.03,16,37408,买盘
625,14:09:03,23.35,--,10,23350,卖盘
626,14:08:57,23.35,-0.03,4,9340,卖盘
627,14:08:54,23.38,0.03,86,201068,买盘
628,14:08:45,23.35,--,122,284870,卖盘
629,14:08:42,23.35,-0.03,30,70050,卖盘
630,14:08:39,23.38,--,9,21042,买盘
631,14:08:36,23.38,--,51,119238,买盘
632,14:08:27,23.38,--,12,28056,买盘
633,14:08:24,23.38,0.03,10,23380,卖盘
634,14:08:18,23.35,-0.03,5,11675,卖盘
635,14:08:12,23.38,--,51,119238,买盘
636,14:08:09,23.38,0.05,9,21042,买盘
637,14:08:06,23.33,-0.05,96,223967,卖盘
638,14:08:00,23.38,0.02,18,42084,买盘
639,14:07:54,23.36,-0.02,1,2336,卖盘
640,14:07:48,23.38,--,10,23380,买盘
641,14:07:45,23.38,--,13,30394,买盘
642,14:07:39,23.38,0.05,4,9352,买盘
643,14:07:36,23.33,-0.01,85,198305,卖盘
644,14:07:27,23.34,0.01,2,4668,中性盘
645,14:07:21,23.33,--,105,244964,买盘
646,14:07:15,23.33,-0.05,111,258962,卖盘
647,14:07:12,23.38,0.06,7,16366,买盘
648,14:07:09,23.32,-0.01,305,711260,卖盘
649,14:07:06,23.33,--,85,198305,卖盘
650,14:07:03,23.33,--,143,333619,买盘
651,14:07:00,23.33,--,3,6998,买盘
652,14:06:57,23.33,0.01,52,121315,买盘
653,14:06:54,23.32,-0.01,100,233200,卖盘
654,14:06:51,23.33,0.01,13,30328,买盘
655,14:06:39,23.32,0.01,3,7742,买盘
656,14:06:36,23.31,--,86,200466,卖盘
657,14:06:33,23.31,--,26,60606,卖盘
658,14:06:30,23.31,--,691,1610721,卖盘
659,14:06:27,23.31,--,51,118881,卖盘
660,14:06:21,23.31,--,18,41958,卖盘
661,14:06:18,23.31,--,3,6993,卖盘
662,14:06:15,23.31,0.01,63,146853,中性盘
663,14:06:12,23.3,-0.01,295,688981,卖盘
664,14:06:09,23.31,--,28,65268,卖盘
665,14:06:06,23.31,--,90,209790,卖盘
666,14:06:03,23.31,0.01,110,256410,买盘
667,14:06:00,23.3,-0.01,12,27960,卖盘
668,14:05:57,23.31,--,60,139860,买盘
669,14:05:54,23.31,0.01,30,69930,买盘
670,14:05:51,23.3,--,16,37280,卖盘
671,14:05:48,23.3,-0.01,19,44270,卖盘
672,14:05:45,23.31,-0.01,175,407925,卖盘
673,14:05:42,23.32,0.01,157,366124,买盘
674,14:05:39,23.31,--,14,32634,卖盘
675,14:05:36,23.31,--,213,496503,卖盘
676,14:05:33,23.31,--,4,9324,卖盘
677,14:05:30,23.31,-0.01,9,20979,卖盘
678,14:05:27,23.32,--,69,160908,买盘
679,14:05:21,23.32,--,15,34980,买盘
680,14:05:18,23.32,--,14,32648,买盘
681,14:05:15,23.32,-0.02,133,311741,卖盘
682,14:05:12,23.34,--,50,116700,买盘
683,14:05:09,23.34,0.02,4,9336,买盘
684,14:05:06,23.32,--,575,1340900,卖盘
685,14:05:03,23.32,-0.01,97,226204,卖盘
686,14:05:00,23.33,-0.01,172,401275,卖盘
687,14:04:57,23.34,--,25,58350,卖盘
688,14:04:54,23.34,-0.01,23,54428,卖盘
689,14:04:48,23.35,0.02,164,382940,买盘
690,14:04:45,23.33,-0.02,12,27995,卖盘
691,14:04:42,23.35,0.01,1,2335,买盘
692,14:04:39,23.34,-0.01,5,11670,中性盘
693,14:04:36,23.35,0.02,100,233500,买盘
694,14:04:30,23.33,-0.02,93,216968,卖盘
695,14:04:24,23.35,--,7,16345,买盘
696,14:04:21,23.35,0.01,596,1391660,买盘
697,14:04:18,23.34,--,51,119034,卖盘
698,14:04:12,23.34,-0.02,128,298752,卖盘
699,14:04:09,23.36,0.01,104,242944,买盘
700,14:04:06,23.35,-0.01,129,301215,卖盘
701,14:04:03,23.36,0.01,1,2336,买盘
702,14:04:00,23.35,-0.01,2,4670,卖盘
703,14:03:57,23.36,-0.03,194,453184,卖盘
704,14:03:54,23.39,0.02,7,16373,买盘
705,14:03:51,23.37,0.01,12,28044,中性盘
706,14:03:48,23.36,--,10,23360,卖盘
707,14:03:45,23.36,-0.02,128,299008,卖盘
708,14:03:42,23.38,-0.02,10,23380,卖盘
709,14:03:39,23.4,--,254,594360,买盘
710,14:03:36,23.4,--,18,42120,买盘
711,14:03:33,23.4,0.01,8,18720,买盘
712,14:03:30,23.39,-0.01,113,264307,卖盘
713,14:03:27,23.4,--,1,2340,买盘
714,14:03:24,23.4,--,10,23400,买盘
715,14:03:21,23.4,--,264,619327,卖盘
716,14:03:15,23.4,-0.04,75,175500,卖盘
717,14:03:12,23.44,0.03,18,42192,买盘
718,14:03:09,23.41,-0.02,51,119391,卖盘
719,14:03:06,23.43,-0.01,20,46860,卖盘
720,14:03:03,23.44,--,1,2344,买盘
721,14:03:00,23.44,-0.01,1,2344,中性盘
722,14:02:51,23.45,0.02,3,7035,买盘
723,14:02:48,23.43,-0.02,8,18744,卖盘
724,14:02:39,23.45,--,4,9380,买盘
725,14:02:36,23.45,-0.01,9,21105,卖盘
726,14:02:33,23.46,--,51,119646,买盘
727,14:02:30,23.46,0.01,5,11730,买盘
728,14:02:18,23.45,-0.02,74,173530,卖盘
729,14:02:12,23.47,--,51,119697,买盘
730,14:02:09,23.47,0.01,4,9388,买盘
731,14:02:00,23.46,-0.01,10,23460,卖盘
732,14:01:57,23.47,--,14,32858,卖盘
733,14:01:48,23.47,--,30,70410,卖盘
734,14:01:45,23.47,--,6,14082,卖盘
735,14:01:42,23.47,-0.01,3,7041,卖盘
736,14:01:39,23.48,0.01,9,21132,买盘
737,14:01:36,23.47,-0.01,8,18776,卖盘
738,14:01:27,23.48,0.01,8,18784,买盘
739,14:01:12,23.47,--,15,35205,买盘
740,14:01:09,23.47,--,5,11735,买盘
741,14:01:06,23.47,--,5,11735,买盘
742,14:00:54,23.47,--,15,35205,买盘
743,14:00:51,23.47,0.01,5,11735,买盘
744,14:00:39,23.46,0.01,2,4692,买盘
745,14:00:36,23.45,--,10,23450,卖盘
746,14:00:33,23.45,--,1,2345,卖盘
747,14:00:30,23.45,0.02,5,11725,中性盘
748,14:00:27,23.43,--,2,4686,卖盘
749,14:00:24,23.43,--,1,2343,卖盘
750,14:00:12,23.43,0.02,5,11715,买盘
751,14:00:00,23.41,--,5,11705,买盘
752,13:59:57,23.41,--,8,18728,买盘
753,13:59:54,23.41,--,23,53843,买盘
754,13:59:51,23.41,0.01,5,11705,买盘
755,13:59:42,23.4,--,10,23400,卖盘
756,13:59:39,23.4,--,17,40552,买盘
757,13:59:36,23.4,--,10,23400,买盘
758,13:59:33,23.4,--,41,95940,买盘
759,13:59:30,23.4,--,10,23400,买盘
760,13:59:27,23.4,--,6,14040,买盘
761,13:59:24,23.4,--,20,46800,买盘
762,13:59:21,23.4,-0.01,648,1517887,卖盘
763,13:59:12,23.41,--,81,189621,卖盘
764,13:59:09,23.41,--,14,32774,卖盘
765,13:59:06,23.41,--,1,2341,卖盘
766,13:59:03,23.41,--,16,37456,卖盘
767,13:58:57,23.41,0.01,6,14818,买盘
768,13:58:54,23.4,-0.01,233,545220,卖盘
769,13:58:51,23.41,--,40,93640,买盘
770,13:58:45,23.41,--,2,4682,买盘
771,13:58:42,23.41,--,5,11705,买盘
772,13:58:39,23.41,-0.03,446,1045654,卖盘
773,13:58:36,23.44,--,7,16408,买盘
774,13:58:33,23.44,0.01,6,14064,买盘
775,13:58:30,23.43,--,18,42174,卖盘
776,13:58:24,23.43,-0.01,4,9372,卖盘
777,13:58:18,23.44,-0.01,9,21096,卖盘
778,13:58:15,23.45,--,5,11725,买盘
779,13:58:12,23.45,0.01,51,119595,买盘
780,13:58:09,23.44,-0.01,22,51568,买盘
781,13:58:06,23.45,--,1,2345,买盘
782,13:58:03,23.45,--,4,9380,买盘
783,13:58:00,23.45,--,15,35175,买盘
784,13:57:57,23.45,0.01,89,208705,买盘
785,13:57:48,23.44,--,10,23440,卖盘
786,13:57:45,23.44,--,25,58600,卖盘
787,13:57:42,23.44,-0.01,37,86728,卖盘
788,13:57:39,23.45,0.01,4,9380,买盘
789,13:57:36,23.44,--,10,23440,卖盘
790,13:57:33,23.44,-0.01,17,39848,卖盘
791,13:57:30,23.45,0.01,1,2345,买盘
792,13:57:24,23.44,-0.01,10,23440,卖盘
793,13:57:21,23.45,--,43,100835,卖盘
794,13:57:18,23.45,0.01,2,4690,中性盘
795,13:57:09,23.44,-0.01,36,84384,卖盘
796,13:57:06,23.45,0.01,20,46900,中性盘
797,13:56:57,23.44,-0.01,83,194552,卖盘
798,13:56:45,23.45,-0.01,5,11725,卖盘
799,13:56:39,23.46,--,5,11753,买盘
800,13:56:33,23.46,-0.02,25,60972,卖盘
801,13:56:27,23.48,--,10,23503,卖盘
802,13:56:21,23.48,--,21,49308,买盘
803,13:56:12,23.48,--,51,119748,买盘
804,13:56:09,23.48,0.03,4,9392,买盘
805,13:56:06,23.45,-0.03,6,14070,卖盘
806,13:56:03,23.48,--,3,7044,买盘
807,13:56:00,23.48,0.03,4,9392,买盘
808,13:55:51,23.45,-0.02,70,164150,卖盘
809,13:55:48,23.47,-0.01,5,11735,卖盘
810,13:55:39,23.48,0.03,4,9392,买盘
811,13:55:24,23.45,-0.03,84,196980,卖盘
812,13:55:18,23.48,--,37,86876,卖盘
813,13:55:12,23.48,--,13,30524,买盘
814,13:55:09,23.48,--,4,9392,买盘
815,13:55:06,23.48,--,11,25828,买盘
816,13:55:03,23.48,--,1,2348,买盘
817,13:54:54,23.48,--,3,7044,卖盘
818,13:54:45,23.48,-0.02,1,2348,卖盘
819,13:54:39,23.5,--,4,9400,买盘
820,13:54:24,23.5,--,20,47000,卖盘
821,13:54:21,23.5,--,20,47000,卖盘
822,13:54:15,23.5,--,1,2350,卖盘
823,13:54:12,23.5,--,10,23500,买盘
824,13:54:06,23.5,--,4,9400,买盘
825,13:54:00,23.5,--,7,16450,买盘
826,13:53:45,23.5,0.01,54,126900,买盘
827,13:53:42,23.49,--,1,2349,买盘
828,13:53:36,23.49,0.05,24,56375,中性盘
829,13:53:24,23.44,-0.06,86,201584,卖盘
830,13:53:12,23.5,0.03,50,117500,买盘
831,13:53:03,23.47,--,1,2347,卖盘
832,13:53:00,23.47,0.02,73,172574,买盘
833,13:52:57,23.45,--,20,46900,卖盘
834,13:52:45,23.45,-0.02,20,46900,卖盘
835,13:52:39,23.47,0.02,4,9388,买盘
836,13:52:36,23.45,-0.02,15,35175,卖盘
837,13:52:33,23.47,0.02,10,23470,买盘
838,13:52:30,23.45,--,20,46900,卖盘
839,13:52:27,23.45,-0.02,179,419755,卖盘
840,13:52:24,23.47,--,7,16429,买盘
841,13:52:18,23.47,--,10,23470,买盘
842,13:52:12,23.47,-0.05,541,1270830,卖盘
843,13:52:09,23.52,0.01,4,9408,买盘
844,13:52:03,23.51,-0.01,30,70530,卖盘
845,13:52:00,23.52,--,4,9408,买盘
846,13:51:57,23.52,--,3,7056,买盘
847,13:51:54,23.52,0.01,3,7056,买盘
848,13:51:51,23.51,-0.01,14,32914,卖盘
849,13:51:39,23.52,0.01,7,16464,买盘
850,13:51:33,23.51,-0.01,5,11755,卖盘
851,13:51:27,23.52,--,5,11760,买盘
852,13:51:12,23.52,--,50,117600,买盘
853,13:51:09,23.52,--,4,9408,买盘
854,13:51:06,23.52,--,11,25872,买盘
855,13:50:57,23.52,--,2,4704,买盘
856,13:50:45,23.52,--,10,23520,买盘
857,13:50:39,23.52,0.01,4,9408,买盘
858,13:50:30,23.51,--,20,47020,卖盘
859,13:50:15,23.51,--,13,30563,卖盘
860,13:50:06,23.51,--,19,46009,买盘
861,13:50:00,23.51,--,3,7053,买盘
862,13:49:57,23.51,--,19,44669,买盘
863,13:49:54,23.51,0.01,12,28212,买盘
864,13:49:51,23.5,--,4,9400,卖盘
865,13:49:39,23.5,-0.01,54,126900,卖盘
866,13:49:15,23.51,--,10,24520,卖盘
867,13:49:12,23.51,--,46,109486,买盘
868,13:49:09,23.51,0.01,4,9404,买盘
869,13:48:51,23.5,-0.01,3,7050,卖盘
870,13:48:39,23.51,--,4,9404,买盘
871,13:48:18,23.51,--,47,111507,卖盘
872,13:48:12,23.51,-0.01,72,169272,卖盘
873,13:48:09,23.52,--,4,9408,买盘
874,13:48:03,23.52,--,1,2352,买盘
875,13:47:57,23.52,--,4,9408,买盘
876,13:47:54,23.52,0.01,3,7056,买盘
877,13:47:51,23.51,--,43,101093,卖盘
878,13:47:48,23.51,-0.01,10,23510,卖盘
879,13:47:45,23.52,--,4,9408,中性盘
880,13:47:36,23.52,--,50,117600,卖盘
881,13:47:33,23.52,--,216,508032,卖盘
882,13:47:30,23.52,--,169,397488,买盘
883,13:47:15,23.52,--,1,2352,买盘
884,13:47:12,23.52,--,54,127008,买盘
885,13:47:06,23.52,--,4,9408,买盘
886,13:46:57,23.52,--,20,47040,买盘
887,13:46:54,23.52,-0.01,10,23520,卖盘
888,13:46:42,23.53,--,30,70590,买盘
889,13:46:39,23.53,--,10,23530,买盘
890,13:46:36,23.53,0.01,5,11765,买盘
891,13:46:30,23.52,-0.01,11,25872,卖盘
892,13:46:12,23.53,--,50,117650,买盘
893,13:46:09,23.53,0.02,4,9412,买盘
894,13:46:06,23.51,--,10,23510,卖盘
895,13:45:57,23.51,-0.02,8,18808,卖盘
896,13:45:51,23.53,--,16,37648,买盘
897,13:45:45,23.53,0.01,2,4706,买盘
898,13:45:42,23.52,-0.01,4,9408,买盘
899,13:45:39,23.53,--,4,9412,买盘
900,13:45:36,23.53,--,10,23530,买盘
901,13:45:12,23.53,--,51,120003,买盘
902,13:45:09,23.53,--,4,9412,买盘
903,13:44:48,23.53,0.01,6,14118,买盘
904,13:44:39,23.52,-0.01,3,7056,卖盘
905,13:44:36,23.53,--,4,9412,买盘
906,13:44:21,23.53,--,4,9412,买盘
907,13:44:15,23.53,0.01,3,7059,买盘
908,13:44:12,23.52,--,53,124656,买盘
909,13:44:06,23.52,0.01,4,9408,买盘
910,13:44:03,23.51,--,4,9404,卖盘
911,13:44:00,23.51,-0.01,4,11590,卖盘
912,13:43:54,23.52,--,5,11760,买盘
913,13:43:45,23.52,--,56,131712,买盘
914,13:43:39,23.52,--,4,9408,买盘
915,13:43:30,23.52,--,1,2352,买盘
916,13:43:15,23.52,--,8,18816,买盘
917,13:43:12,23.52,--,52,122304,买盘
918,13:43:06,23.52,--,4,9408,买盘
919,13:43:00,23.52,--,1,2352,买盘
920,13:42:57,23.52,0.01,16,39137,买盘
921,13:42:51,23.51,--,8,19654,卖盘
922,13:42:45,23.51,-0.01,84,198471,卖盘
923,13:42:42,23.52,--,5,11760,买盘
924,13:42:39,23.52,--,4,9408,买盘
925,13:42:36,23.52,--,30,70560,买盘
926,13:42:30,23.52,--,2,4704,买盘
927,13:42:15,23.52,--,36,84672,买盘
928,13:42:12,23.52,--,50,117600,买盘
929,13:42:06,23.52,--,6,14112,买盘
930,13:42:03,23.52,--,2,4704,买盘
931,13:41:57,23.52,--,3,7056,买盘
932,13:41:54,23.52,--,10,23520,买盘
933,13:41:51,23.52,--,17,39984,买盘
934,13:41:42,23.52,-0.01,10,24931,卖盘
935,13:41:39,23.53,0.01,6,14118,买盘
936,13:41:33,23.52,--,5,12700,买盘
937,13:41:27,23.52,--,7,16464,买盘
938,13:41:21,23.52,0.01,4,9408,买盘
939,13:41:18,23.51,-0.01,10,23510,卖盘
940,13:41:15,23.52,--,18,42336,买盘
941,13:41:12,23.52,--,101,237552,买盘
942,13:41:09,23.52,--,10,23520,买盘
943,13:41:06,23.52,0.01,9,21168,买盘
944,13:41:00,23.51,-0.01,3,7053,卖盘
945,13:40:57,23.52,0.01,3,7056,买盘
946,13:40:54,23.51,--,105,247372,卖盘
947,13:40:45,23.51,--,176,413776,买盘
948,13:40:39,23.51,--,25,58775,买盘
949,13:40:36,23.51,0.01,6,14106,买盘
950,13:40:33,23.5,--,13,30550,卖盘
951,13:40:30,23.5,-0.01,5,11750,卖盘
952,13:40:21,23.51,--,1,2351,买盘
953,13:40:15,23.51,0.01,4,9404,买盘
954,13:40:09,23.5,--,15,35696,买盘
955,13:40:06,23.5,0.01,4,9400,买盘
956,13:40:03,23.49,-0.01,12,28493,卖盘
957,13:40:00,23.5,0.01,11,25850,买盘
958,13:39:57,23.49,-0.01,3,7046,卖盘
959,13:39:45,23.5,-0.01,73,173453,卖盘
960,13:39:39,23.51,--,12,28212,买盘
961,13:39:30,23.51,0.01,10,23510,买盘
962,13:39:18,23.5,-0.01,200,470000,卖盘
963,13:39:15,23.51,--,50,117550,买盘
964,13:39:12,23.51,--,51,119901,买盘
965,13:39:06,23.51,--,4,9404,买盘
966,13:39:03,23.51,0.01,1,2351,买盘
967,13:39:00,23.5,-0.01,100,235000,卖盘
968,13:38:54,23.51,--,7,16457,卖盘
969,13:38:48,23.51,-0.01,1,2351,卖盘
970,13:38:39,23.52,--,4,9408,买盘
971,13:38:33,23.52,--,1,2352,买盘
972,13:38:30,23.52,-0.01,184,434179,卖盘
973,13:38:24,23.53,0.01,6,14118,买盘
974,13:38:21,23.52,-0.01,1,2352,卖盘
975,13:38:12,23.53,--,51,120003,买盘
976,13:38:09,23.53,--,1,2353,买盘
977,13:38:06,23.53,0.01,4,9412,买盘
978,13:38:03,23.52,-0.01,5,13876,卖盘
979,13:37:51,23.53,--,3,7059,买盘
980,13:37:45,23.53,--,4,9412,买盘
981,13:37:39,23.53,--,4,9764,卖盘
982,13:37:33,23.53,--,1,2353,卖盘
983,13:37:27,23.53,-0.01,5,11765,卖盘
984,13:37:18,23.54,--,6,14124,买盘
985,13:37:12,23.54,--,33,77682,买盘
986,13:37:09,23.54,--,17,40018,买盘
987,13:37:06,23.54,-0.01,55,129470,中性盘
988,13:37:03,23.55,0.02,49,115395,买盘
989,13:37:00,23.53,-0.01,2,4706,卖盘
990,13:36:54,23.54,-0.01,5,11770,中性盘
991,13:36:42,23.55,-0.01,40,94200,卖盘
992,13:36:39,23.56,--,1,2356,买盘
993,13:36:36,23.56,0.01,4,9424,买盘
994,13:36:33,23.55,-0.01,1,2355,卖盘
995,13:36:27,23.56,0.01,2,4712,买盘
996,13:36:24,23.55,-0.01,10,23550,卖盘
997,13:36:09,23.56,0.01,6,14136,买盘
998,13:36:06,23.55,--,4,9420,买盘
999,13:36:03,23.55,0.02,1,2355,买盘
1000,13:35:39,23.53,--,1,4353,买盘
1001,13:35:36,23.53,0.01,4,9412,买盘
1002,13:35:33,23.52,-0.01,1,2352,卖盘
1003,13:35:30,23.53,0.01,19,44707,买盘
1004,13:35:18,23.52,-0.01,10,23520,卖盘
1005,13:35:12,23.53,--,53,124709,买盘
1006,13:35:06,23.53,--,4,9412,买盘
1007,13:35:03,23.53,-0.02,25,60354,卖盘
1008,13:35:00,23.55,0.02,6,14130,买盘
1009,13:34:57,23.53,--,6,14894,卖盘
1010,13:34:45,23.53,-0.02,10,23530,卖盘
1011,13:34:36,23.55,--,4,9420,买盘
1012,13:34:30,23.55,0.02,3,7065,买盘
1013,13:34:21,23.53,--,7,16471,卖盘
1014,13:34:09,23.53,--,4,9459,买盘
1015,13:34:06,23.53,--,4,9412,买盘
1016,13:34:00,23.53,0.01,6,14118,中性盘
1017,13:33:57,23.52,-0.03,26,61152,卖盘
1018,13:33:51,23.55,-0.01,20,47100,卖盘
1019,13:33:42,23.56,0.02,91,214537,买盘
1020,13:33:39,23.54,-0.01,17,40018,卖盘
1021,13:33:36,23.55,--,4,9420,买盘
1022,13:33:21,23.55,--,5,11775,买盘
1023,13:33:15,23.55,--,1,2355,买盘
1024,13:33:12,23.55,--,44,103620,买盘
1025,13:33:09,23.55,--,6,14130,买盘
1026,13:33:06,23.55,0.01,4,9420,买盘
1027,13:33:00,23.54,--,1,2354,卖盘
1028,13:32:54,23.54,-0.01,21,49434,卖盘
1029,13:32:51,23.55,0.01,6,14130,买盘
1030,13:32:48,23.54,--,1,2354,卖盘
1031,13:32:36,23.54,0.02,16,37664,买盘
1032,13:32:27,23.52,-0.02,5,12794,卖盘
1033,13:32:15,23.54,0.01,10,23540,买盘
1034,13:32:12,23.53,--,40,94120,买盘
1035,13:32:09,23.53,--,7,16471,买盘
1036,13:32:06,23.53,0.01,7,16471,买盘
1037,13:31:54,23.52,--,4,9408,买盘
1038,13:31:51,23.52,--,3,7056,买盘
1039,13:31:45,23.52,--,8,18816,买盘
1040,13:31:42,23.52,--,6,14112,买盘
1041,13:31:36,23.52,--,4,9408,买盘
1042,13:31:33,23.52,--,6,14112,卖盘
1043,13:31:24,23.52,--,11,25872,卖盘
1044,13:31:12,23.52,--,26,61152,卖盘
1045,13:31:09,23.52,--,9,21168,买盘
1046,13:31:06,23.52,--,4,9408,买盘
1047,13:30:51,23.52,0.02,2,4704,中性盘
1048,13:30:42,23.5,-0.03,11,27988,卖盘
1049,13:30:36,23.53,--,4,9412,买盘
1050,13:30:33,23.53,0.01,7,16471,买盘
1051,13:30:27,23.52,-0.03,5,11760,卖盘
1052,13:30:12,23.55,0.03,640,1507200,买盘
1053,13:30:09,23.52,--,7,16464,买盘
1054,13:30:06,23.52,0.02,4,9408,中性盘
1055,13:29:51,23.5,-0.03,48,112800,卖盘
1056,13:29:48,23.53,--,1,2353,买盘
1057,13:29:45,23.53,0.01,4,9412,买盘
1058,13:29:42,23.52,-0.01,8,18816,卖盘
1059,13:29:36,23.53,--,4,9412,买盘
1060,13:29:27,23.53,0.01,7,16471,买盘
1061,13:29:18,23.52,-0.01,5,13547,卖盘
1062,13:29:06,23.53,--,4,9412,买盘
1063,13:28:42,23.53,--,10,23530,买盘
1064,13:28:36,23.53,0.01,4,9412,买盘
1065,13:28:27,23.52,-0.01,19,44688,卖盘
1066,13:28:12,23.53,0.01,13,30589,买盘
1067,13:28:09,23.52,-0.01,12,29611,卖盘
1068,13:28:06,23.53,--,4,9412,买盘
1069,13:28:03,23.53,--,1,2353,买盘
1070,13:27:57,23.53,--,3,7059,买盘
1071,13:27:45,23.53,--,3,7059,买盘
1072,13:27:42,23.53,--,10,23530,买盘
1073,13:27:39,23.53,0.01,7,16471,买盘
1074,13:27:36,23.52,-0.01,9,21168,卖盘
1075,13:27:12,23.53,--,7,16471,买盘
1076,13:27:06,23.53,--,10,23530,买盘
1077,13:26:57,23.53,--,20,47060,买盘
1078,13:26:45,23.53,0.01,12,28236,买盘
1079,13:26:42,23.52,-0.01,10,23520,卖盘
1080,13:26:36,23.53,--,4,9412,买盘
1081,13:26:21,23.53,0.01,10,23530,买盘
1082,13:26:18,23.52,-0.01,6,14112,卖盘
1083,13:26:06,23.53,--,4,9412,买盘
1084,13:26:00,23.53,0.01,6,14118,买盘
1085,13:25:57,23.52,--,5,12888,卖盘
1086,13:25:51,23.52,--,43,101136,买盘
1087,13:25:42,23.52,--,3,7056,买盘
1088,13:25:39,23.52,--,4,9408,买盘
1089,13:25:36,23.52,0.02,6,14112,买盘
1090,13:25:21,23.5,-0.02,11,27894,卖盘
1091,13:25:06,23.52,0.02,4,9408,买盘
1092,13:24:57,23.5,-0.01,20,47000,卖盘
1093,13:24:54,23.51,--,39,91689,买盘
1094,13:24:48,23.51,0.01,6,14106,买盘
1095,13:24:45,23.5,--,2,4700,卖盘
1096,13:24:36,23.5,-0.02,25,58750,卖盘
1097,13:24:06,23.52,0.02,4,9408,买盘
1098,13:23:54,23.5,0.01,20,48363,买盘
1099,13:23:48,23.49,-0.01,24,57362,卖盘
1100,13:23:45,23.5,--,3,7050,买盘
1101,13:23:42,23.5,--,6,14100,买盘
1102,13:23:39,23.5,--,4,9400,买盘
1103,13:23:36,23.5,0.01,7,16450,买盘
1104,13:23:09,23.49,-0.01,5,13107,卖盘
1105,13:23:06,23.5,0.01,14,32900,买盘
1106,13:23:00,23.49,-0.01,5,11745,卖盘
1107,13:22:42,23.5,--,3,7050,买盘
1108,13:22:36,23.5,--,4,9400,买盘
1109,13:22:30,23.5,0.01,6,14100,买盘
1110,13:22:21,23.49,--,2,4698,卖盘
1111,13:22:15,23.49,--,31,72819,买盘
1112,13:22:06,23.49,0.02,4,9396,买盘
1113,13:22:03,23.47,--,11,25817,卖盘
1114,13:21:51,23.47,-0.02,11,27624,卖盘
1115,13:21:36,23.49,--,8,18792,买盘
1116,13:21:33,23.49,0.02,3,7046,买盘
1117,13:21:24,23.47,-0.02,20,46940,卖盘
1118,13:21:18,23.49,--,6,14093,买盘
1119,13:21:15,23.49,--,8,18792,买盘
1120,13:21:06,23.49,0.02,14,32886,买盘
1121,13:21:00,23.47,-0.02,14,32858,卖盘
1122,13:20:36,23.49,--,4,9396,买盘
1123,13:20:12,23.49,--,6,14093,买盘
1124,13:20:06,23.49,0.02,3,7046,买盘
1125,13:20:00,23.47,0.01,6,14082,买盘
1126,13:19:54,23.46,--,20,46920,卖盘
1127,13:19:51,23.46,-0.01,8,20433,卖盘
1128,13:19:48,23.47,--,4,9388,买盘
1129,13:19:42,23.47,--,4,9388,买盘
1130,13:19:36,23.47,--,15,35205,买盘
1131,13:19:33,23.47,0.01,5,11735,买盘
1132,13:19:30,23.46,--,30,70380,卖盘
1133,13:19:18,23.46,-0.01,10,24961,卖盘
1134,13:19:09,23.47,--,5,11735,买盘
1135,13:19:06,23.47,0.01,4,9388,买盘
1136,13:19:03,23.46,--,4,9384,卖盘
1137,13:19:00,23.46,-0.01,1,2346,卖盘
1138,13:18:51,23.47,--,10,23470,买盘
1139,13:18:45,23.47,--,3,7041,买盘
1140,13:18:42,23.47,--,4,9388,中性盘
1141,13:18:30,23.47,--,5,11735,买盘
1142,13:18:12,23.47,--,5,11735,买盘
1143,13:18:06,23.47,--,4,9388,买盘
1144,13:17:54,23.47,--,3,7041,买盘
1145,13:17:48,23.47,--,14,32858,买盘
1146,13:17:45,23.47,--,5,11735,买盘
1147,13:17:39,23.47,--,4,9388,买盘
1148,13:17:27,23.47,--,1,2347,买盘
1149,13:17:21,23.47,-0.01,8,20512,买盘
1150,13:17:09,23.48,-0.01,13,30524,卖盘
1151,13:17:06,23.49,0.01,5,11745,买盘
1152,13:17:00,23.48,--,3,7044,卖盘
1153,13:16:54,23.48,--,4,9392,卖盘
1154,13:16:51,23.48,--,55,129140,卖盘
1155,13:16:48,23.48,--,4,9392,卖盘
1156,13:16:39,23.48,--,14,32872,买盘
1157,13:16:36,23.48,--,6,14088,买盘
1158,13:16:33,23.48,0.03,1,2348,买盘
1159,13:16:30,23.45,-0.03,478,1121730,卖盘
1160,13:16:27,23.48,0.01,1,2348,买盘
1161,13:16:24,23.47,-0.01,1,2347,卖盘
1162,13:16:21,23.48,0.01,1,2348,买盘
1163,13:16:09,23.47,-0.01,5,11735,卖盘
1164,13:16:06,23.48,0.01,4,9392,中性盘
1165,13:15:51,23.47,-0.01,10,24901,卖盘
1166,13:15:36,23.48,-0.04,11,25828,卖盘
1167,13:15:33,23.52,0.01,5,11760,买盘
1168,13:15:30,23.51,0.01,4,9404,买盘
1169,13:15:27,23.5,0.03,4,9400,买盘
1170,13:15:09,23.47,-0.02,69,161943,卖盘
1171,13:15:06,23.49,0.02,4,9396,买盘
1172,13:14:57,23.47,-0.02,9,21123,卖盘
1173,13:14:45,23.49,0.02,1,2349,中性盘
1174,13:14:39,23.47,-0.02,200,469400,卖盘
1175,13:14:36,23.49,-0.01,14,32886,卖盘
1176,13:14:33,23.5,--,2,4700,买盘
1177,13:14:24,23.5,--,112,263200,买盘
1178,13:14:21,23.5,0.01,6,14100,买盘
1179,13:14:15,23.49,-0.01,8,18792,卖盘
1180,13:14:06,23.5,-0.01,371,873377,卖盘
1181,13:14:03,23.51,--,50,117550,卖盘
1182,13:14:00,23.51,--,4,9404,卖盘
1183,13:13:51,23.51,-0.02,5,12248,卖盘
1184,13:13:48,23.53,0.02,3,7059,买盘
1185,13:13:45,23.51,--,2,4702,卖盘
1186,13:13:39,23.51,-0.02,54,126954,卖盘
1187,13:13:36,23.53,--,4,9412,买盘
1188,13:13:30,23.53,0.02,4,9412,买盘
1189,13:13:24,23.51,--,10,23510,卖盘
1190,13:13:21,23.51,-0.02,16,37616,卖盘
1191,13:13:09,23.53,--,6,14118,买盘
1192,13:13:06,23.53,--,4,9412,买盘
1193,13:13:03,23.53,0.02,20,47060,买盘
1194,13:12:45,23.51,-0.02,12,28541,卖盘
1195,13:12:36,23.53,--,4,9412,买盘
1196,13:12:06,23.53,0.01,4,9412,买盘
1197,13:12:03,23.52,--,4,9408,卖盘
1198,13:12:00,23.52,-0.01,16,37632,卖盘
1199,13:11:42,23.53,--,3,7059,买盘
1200,13:11:33,23.53,0.01,4,9412,买盘
1201,13:11:27,23.52,0.01,60,141120,买盘
1202,13:11:18,23.51,--,2,4702,卖盘
1203,13:11:15,23.51,--,2,4702,卖盘
1204,13:11:12,23.51,--,1,2351,买盘
1205,13:11:06,23.51,0.01,4,9404,买盘
1206,13:11:00,23.5,--,2,4700,卖盘
1207,13:10:57,23.5,--,5,11750,卖盘
1208,13:10:51,23.5,-0.02,35,82250,卖盘
1209,13:10:45,23.52,0.03,6,14112,买盘
1210,13:10:42,23.49,-0.02,6,15479,卖盘
1211,13:10:36,23.51,0.03,4,9404,买盘
1212,13:10:21,23.48,-0.03,16,37568,卖盘
1213,13:10:12,23.51,--,3,7053,卖盘
1214,13:10:06,23.51,0.03,1,2351,买盘
1215,13:10:03,23.48,-0.03,11,27612,卖盘
1216,13:09:57,23.51,--,40,94040,买盘
1217,13:09:54,23.51,--,10,23510,买盘
1218,13:09:51,23.51,--,1,2351,卖盘
1219,13:09:45,23.51,-0.01,4,9404,卖盘
1220,13:09:36,23.52,--,6,14112,买盘
1221,13:09:33,23.52,--,6,14112,买盘
1222,13:09:27,23.52,--,7,16464,买盘
1223,13:09:21,23.52,--,4,9408,买盘
1224,13:09:03,23.52,0.03,5,11760,买盘
1225,13:09:00,23.49,-0.03,12,28187,卖盘
1226,13:08:57,23.52,0.02,2,4704,买盘
1227,13:08:51,23.5,--,17,40067,买盘
1228,13:08:48,23.5,--,78,183300,买盘
1229,13:08:36,23.5,-0.02,4,11632,卖盘
1230,13:08:30,23.52,0.02,6,14112,买盘
1231,13:08:24,23.5,--,6,14711,卖盘
1232,13:08:21,23.5,-0.01,302,709700,卖盘
1233,13:08:09,23.51,-0.01,10,23510,卖盘
1234,13:08:06,23.52,0.01,4,9408,买盘
1235,13:08:03,23.51,-0.01,5,11755,卖盘
1236,13:07:54,23.52,--,3,7056,买盘
1237,13:07:45,23.52,--,2,4704,卖盘
1238,13:07:36,23.52,--,330,776160,买盘
1239,13:07:33,23.52,0.01,9,21168,买盘
1240,13:07:21,23.51,0.01,6,14106,买盘
1241,13:07:15,23.5,-0.01,65,152750,卖盘
1242,13:07:06,23.51,0.01,4,9404,买盘
1243,13:07:00,23.5,-0.01,50,117500,卖盘
1244,13:06:57,23.51,--,2,4702,买盘
1245,13:06:51,23.51,0.01,3,7053,买盘
1246,13:06:42,23.5,-0.01,20,47000,卖盘
1247,13:06:39,23.51,0.01,8,18808,买盘
1248,13:06:36,23.5,-0.01,6,14100,卖盘
1249,13:06:33,23.51,0.01,14,32914,买盘
1250,13:06:30,23.5,-0.01,12,28411,卖盘
1251,13:06:24,23.51,--,4,9404,买盘
1252,13:06:09,23.51,--,6,14106,买盘
1253,13:06:06,23.51,--,9,21159,买盘
1254,13:06:00,23.51,--,4,9404,买盘
1255,13:05:57,23.51,--,56,131656,卖盘
1256,13:05:48,23.51,--,44,103444,买盘
1257,13:05:45,23.51,-0.01,3,7053,卖盘
1258,13:05:39,23.52,--,4,9408,买盘
1259,13:05:36,23.52,--,4,9408,买盘
1260,13:05:24,23.52,0.02,3,7056,买盘
1261,13:05:21,23.5,-0.01,6,14100,卖盘
1262,13:05:06,23.51,0.01,0,1739,买盘
1263,13:04:51,23.5,-0.01,5,13183,卖盘
1264,13:04:42,23.51,--,10,23510,买盘
1265,13:04:36,23.51,--,4,9404,买盘
1266,13:04:24,23.51,-0.01,11,26472,卖盘
1267,13:04:21,23.52,0.01,12,28224,买盘
1268,13:04:15,23.51,--,10,23510,卖盘
1269,13:04:12,23.51,--,11,27600,卖盘
1270,13:04:09,23.51,-0.01,8,18808,卖盘
1271,13:04:06,23.52,0.01,4,9408,买盘
1272,13:03:51,23.51,-0.01,5,11755,卖盘
1273,13:03:42,23.52,--,6,14112,买盘
1274,13:03:33,23.52,--,4,9408,买盘
1275,13:03:24,23.52,--,3,7056,买盘
1276,13:03:18,23.52,--,14,32928,买盘
1277,13:03:03,23.52,0.01,4,9408,买盘
1278,13:02:45,23.51,--,8,18808,买盘
1279,13:02:36,23.51,0.01,10,23510,中性盘
1280,13:02:12,23.5,-0.02,5,11750,卖盘
1281,13:02:06,23.52,0.02,4,9408,买盘
1282,13:01:54,23.5,--,13,30550,卖盘
1283,13:01:51,23.5,--,2,4700,卖盘
1284,13:01:45,23.5,--,1,2350,卖盘
1285,13:01:36,23.5,-0.02,10,25497,卖盘
1286,13:01:27,23.52,0.02,6,14112,买盘
1287,13:01:21,23.5,--,3,7050,卖盘
1288,13:01:12,23.5,--,12,28200,卖盘
1289,13:01:03,23.5,--,104,245575,买盘
1290,13:00:57,23.5,--,3,7050,买盘
1291,13:00:42,23.5,-0.02,121,284350,卖盘
1292,13:00:36,23.52,0.02,4,9408,买盘
1293,13:00:33,23.5,-0.02,1,2350,卖盘
1294,13:00:24,23.52,--,5,11760,买盘
1295,13:00:09,23.52,--,27,63504,买盘
1296,13:00:06,23.52,--,6,14112,买盘
1297,13:00:03,23.52,-0.01,58,137944,卖盘
1298,13:00:00,23.53,--,0,0,买盘
1299,11:30:00,23.53,--,0,0,买盘
1300,11:29:57,23.53,--,2,4706,买盘
1301,11:29:54,23.53,--,1,2353,买盘
1302,11:29:39,23.53,0.01,55,129415,买盘
1303,11:29:33,23.52,--,6,14112,买盘
1304,11:29:27,23.52,-0.01,8,18816,卖盘
1305,11:29:12,23.53,--,6,14118,买盘
1306,11:29:03,23.53,0.01,3,7059,买盘
1307,11:29:00,23.52,--,3,7056,买盘
1308,11:28:57,23.52,0.01,5,11760,买盘
1309,11:28:36,23.51,--,12,29034,买盘
1310,11:28:33,23.51,0.04,8,20124,买盘
1311,11:28:27,23.47,-0.03,100,234700,卖盘
1312,11:28:24,23.5,0.02,10,23500,买盘
1313,11:28:03,23.48,-0.02,10,25334,卖盘
1314,11:28:00,23.5,0.01,39,91650,买盘
1315,11:27:57,23.49,-0.01,20,46980,卖盘
1316,11:27:51,23.5,-0.01,7,16450,中性盘
1317,11:27:45,23.51,0.01,7,16457,买盘
1318,11:27:36,23.5,-0.01,196,462127,卖盘
1319,11:27:33,23.51,--,29,68179,买盘
1320,11:27:30,23.51,--,10,23510,买盘
1321,11:27:24,23.51,--,201,472551,买盘
1322,11:27:21,23.51,--,6,14106,买盘
1323,11:27:18,23.51,0.01,1,2351,买盘
1324,11:27:12,23.5,-0.01,10,23500,卖盘
1325,11:27:03,23.51,0.01,4,9404,买盘
1326,11:27:00,23.5,-0.01,30,70500,卖盘
1327,11:26:57,23.51,0.01,14,32914,买盘
1328,11:26:51,23.5,--,16,37600,卖盘
1329,11:26:42,23.5,-0.01,15,35250,卖盘
1330,11:26:24,23.51,--,12,28212,买盘
1331,11:26:18,23.51,0.01,5,11755,买盘
1332,11:26:09,23.5,-0.01,5,12572,卖盘
1333,11:26:06,23.51,--,20,47020,买盘
1334,11:26:00,23.51,--,3,7053,买盘
1335,11:25:54,23.51,--,3,7053,买盘
1336,11:25:51,23.51,--,3,7053,买盘
1337,11:25:45,23.51,--,7,16457,买盘
1338,11:25:39,23.51,-0.02,69,162219,卖盘
1339,11:25:36,23.53,0.02,6,14118,买盘
1340,11:25:33,23.51,-0.02,1,2351,卖盘
1341,11:25:30,23.53,0.01,20,47060,买盘
1342,11:25:27,23.52,0.01,5,11760,买盘
1343,11:25:21,23.51,0.01,2,4702,买盘
1344,11:25:12,23.5,--,43,101050,买盘
1345,11:25:09,23.5,-0.01,7,16450,中性盘
1346,11:25:00,23.51,0.01,10,23510,买盘
1347,11:24:57,23.5,0.01,5,11750,买盘
1348,11:24:48,23.49,0.01,1,2349,买盘
1349,11:24:39,23.48,-0.01,12,28176,卖盘
1350,11:24:33,23.49,--,15,35235,买盘
1351,11:24:18,23.49,0.01,4,9396,买盘
1352,11:24:15,23.48,--,3,7044,买盘
1353,11:24:06,23.48,0.01,2,4696,买盘
1354,11:24:00,23.47,--,1,2347,卖盘
1355,11:23:57,23.47,--,9,21123,卖盘
1356,11:23:48,23.47,--,21,49287,买盘
1357,11:23:42,23.47,0.02,10,23470,买盘
1358,11:23:36,23.45,--,0,1289,买盘
1359,11:23:30,23.45,--,2,4690,买盘
1360,11:23:24,23.45,0.03,1,2345,买盘
1361,11:23:21,23.42,-0.03,68,159256,卖盘
1362,11:23:15,23.45,--,6,14070,买盘
1363,11:23:12,23.45,--,5,11725,买盘
1364,11:23:09,23.45,0.02,100,234500,买盘
1365,11:23:03,23.43,--,7,16401,买盘
1366,11:23:00,23.43,--,205,480315,买盘
1367,11:22:57,23.43,-0.02,200,470685,卖盘
1368,11:22:54,23.45,--,100,234500,买盘
1369,11:22:51,23.45,0.02,5,11725,买盘
1370,11:22:39,23.43,-0.02,4,11269,卖盘
1371,11:22:33,23.45,0.02,13,30485,买盘
1372,11:22:27,23.43,-0.02,10,23430,卖盘
1373,11:22:21,23.45,--,1,2345,买盘
1374,11:22:18,23.45,0.01,5,11725,买盘
1375,11:22:15,23.44,-0.01,5,11720,中性盘
1376,11:22:12,23.45,--,5,11725,买盘
1377,11:22:09,23.45,0.02,6,14070,买盘
1378,11:22:03,23.43,--,40,93720,卖盘
1379,11:22:00,23.43,-0.02,319,747417,卖盘
1380,11:21:57,23.45,--,5,11725,买盘
1381,11:21:45,23.45,--,53,125598,卖盘
1382,11:21:42,23.45,--,14,32830,卖盘
1383,11:21:24,23.45,--,27,65613,买盘
1384,11:21:21,23.45,--,2,4690,买盘
1385,11:21:15,23.45,--,5,11725,买盘
1386,11:21:12,23.45,--,27,64628,卖盘
1387,11:21:09,23.45,-0.02,14,32830,卖盘
1388,11:20:54,23.47,0.02,18,43278,买盘
1389,11:20:51,23.45,--,25,58625,买盘
1390,11:20:48,23.45,--,1,2345,买盘
1391,11:20:45,23.45,--,5,11725,买盘
1392,11:20:36,23.45,-0.02,161,378858,卖盘
1393,11:20:33,23.47,0.02,2,4694,买盘
1394,11:20:15,23.45,--,9,21105,卖盘
1395,11:20:06,23.45,--,1,2345,卖盘
1396,11:19:54,23.45,--,7,16415,卖盘
1397,11:19:51,23.45,--,6,15453,卖盘
1398,11:19:48,23.45,--,30,72343,买盘
1399,11:19:45,23.45,--,3,7035,买盘
1400,11:19:42,23.45,--,11,25795,买盘
1401,11:19:39,23.45,--,7,16415,买盘
1402,11:19:30,23.45,--,12,28140,买盘
1403,11:19:24,23.45,--,4,9380,买盘
1404,11:19:21,23.45,--,4,9380,买盘
1405,11:19:18,23.45,--,10,23450,买盘
1406,11:19:15,23.45,0.01,5,11725,买盘
1407,11:19:12,23.44,-0.01,4,9376,卖盘
1408,11:19:09,23.45,--,1,2345,买盘
1409,11:19:03,23.45,--,6,14070,买盘
1410,11:19:00,23.45,--,19,44555,买盘
1411,11:18:57,23.45,--,2,4690,买盘
1412,11:18:54,23.45,--,5,11725,买盘
1413,11:18:51,23.45,--,9,21105,买盘
1414,11:18:45,23.45,0.01,2,4690,买盘
1415,11:18:42,23.44,-0.01,10,23440,卖盘
1416,11:18:36,23.45,0.01,12,28140,买盘
1417,11:18:33,23.44,-0.01,10,25221,卖盘
1418,11:18:21,23.45,--,81,189945,买盘
1419,11:18:18,23.45,--,34,79730,买盘
1420,11:18:12,23.45,--,6,14070,买盘
1421,11:18:03,23.45,--,2,4690,买盘
1422,11:17:57,23.45,0.01,5,11725,买盘
1423,11:17:54,23.44,--,16,37504,买盘
1424,11:17:51,23.44,-0.04,8,18752,卖盘
1425,11:17:48,23.48,0.04,2,4696,买盘
1426,11:17:39,23.44,-0.01,2,4688,卖盘
1427,11:17:33,23.45,-0.03,4,9380,中性盘
1428,11:17:24,23.48,--,22,51656,买盘
1429,11:17:21,23.48,0.06,5,11740,买盘
1430,11:17:15,23.42,--,3,7026,卖盘
1431,11:17:12,23.42,--,16,39228,买盘
1432,11:17:09,23.42,0.01,76,177992,买盘
1433,11:17:06,23.41,-0.01,9,21069,卖盘
1434,11:17:03,23.42,-0.03,708,1658721,卖盘
1435,11:16:45,23.45,-0.04,200,469000,卖盘
1436,11:16:36,23.49,--,6,15198,买盘
1437,11:16:33,23.49,0.02,12,28187,买盘
1438,11:16:21,23.47,-0.02,200,469400,卖盘
1439,11:16:18,23.49,0.01,15,35235,买盘
1440,11:16:15,23.48,-0.01,20,46960,中性盘
1441,11:15:57,23.49,0.03,9,21141,买盘
1442,11:15:18,23.46,-0.03,23,55694,卖盘
1443,11:15:06,23.49,-0.01,11,25839,买盘
1444,11:14:54,23.5,--,52,122529,卖盘
1445,11:14:48,23.5,--,2,6721,买盘
1446,11:14:45,23.5,--,3,7050,买盘
1447,11:14:42,23.5,--,402,944700,买盘
1448,11:14:36,23.5,--,5,11750,买盘
1449,11:14:33,23.5,--,12,28200,买盘
1450,11:14:24,23.5,--,5,12079,卖盘
1451,11:14:21,23.5,-0.03,102,239700,卖盘
1452,11:14:00,23.53,--,16,37648,买盘
1453,11:13:57,23.53,0.03,5,11765,买盘
1454,11:13:30,23.5,-0.03,6,16121,卖盘
1455,11:13:24,23.53,--,19,46754,买盘
1456,11:13:15,23.53,0.02,5,11765,买盘
1457,11:13:09,23.51,-0.02,10,24661,卖盘
1458,11:13:03,23.53,0.02,1,2353,买盘
1459,11:12:48,23.51,--,9,21159,卖盘
1460,11:12:39,23.51,-0.02,8,18808,卖盘
1461,11:12:36,23.53,--,5,11765,买盘
1462,11:12:21,23.53,--,4,9412,买盘
1463,11:12:09,23.53,0.02,1,2353,买盘
1464,11:12:06,23.51,-0.02,10,23510,卖盘
1465,11:11:57,23.53,--,5,11765,买盘
1466,11:11:45,23.53,--,20,47060,买盘
1467,11:11:39,23.53,0.02,10,23530,买盘
1468,11:11:27,23.51,-0.02,4,9404,卖盘
1469,11:11:18,23.53,0.02,5,11765,买盘
1470,11:11:12,23.51,--,10,23510,卖盘
1471,11:10:51,23.51,--,6,15916,卖盘
1472,11:10:48,23.51,--,7,18502,买盘
1473,11:10:42,23.51,--,5,11755,买盘
1474,11:10:36,23.51,--,104,245491,买盘
1475,11:10:33,23.51,--,5,11755,买盘
1476,11:10:30,23.51,--,2,4702,买盘
1477,11:10:27,23.51,--,6,14106,买盘
1478,11:10:12,23.51,0.01,11,27224,买盘
1479,11:10:09,23.5,--,1,2350,卖盘
1480,11:10:03,23.5,0.01,16,37600,买盘
1481,11:09:57,23.49,-0.01,35,82215,卖盘
1482,11:09:54,23.5,0.01,100,235000,买盘
1483,11:09:48,23.49,--,40,93960,卖盘
1484,11:09:30,23.49,--,3,7046,卖盘
1485,11:09:21,23.49,-0.01,2,4698,卖盘
1486,11:09:18,23.5,--,11,25850,买盘
1487,11:09:09,23.5,0.01,8,18800,买盘
1488,11:09:06,23.49,--,22,51678,买盘
1489,11:09:00,23.49,--,1,2349,买盘
1490,11:08:57,23.49,--,5,11745,买盘
1491,11:08:54,23.49,--,12,28187,买盘
1492,11:08:51,23.49,--,10,23490,卖盘
1493,11:08:48,23.49,--,18,42282,卖盘
1494,11:08:45,23.49,-0.01,6,14093,中性盘
1495,11:08:30,23.5,0.02,28,65800,买盘
1496,11:08:18,23.48,--,7,16436,买盘
1497,11:08:09,23.48,0.01,6,14088,买盘
1498,11:08:03,23.47,--,137,323275,买盘
1499,11:08:00,23.47,0.01,5,11735,买盘
1500,11:07:45,23.46,-0.01,11,25806,卖盘
1501,11:07:39,23.47,0.01,4,9388,买盘
1502,11:07:36,23.46,--,10,23460,卖盘
1503,11:07:33,23.46,--,22,51612,卖盘
1504,11:07:27,23.46,--,9,21114,卖盘
1505,11:07:18,23.46,-0.01,6,14240,卖盘
1506,11:07:15,23.47,--,5,11735,买盘
1507,11:07:09,23.47,0.01,14,32858,买盘
1508,11:07:06,23.46,-0.01,10,23460,卖盘
1509,11:07:03,23.47,0.01,31,72757,买盘
1510,11:07:00,23.46,--,13,30498,卖盘
1511,11:06:57,23.46,--,11,26462,卖盘
1512,11:06:51,23.46,-0.01,1,2346,卖盘
1513,11:06:45,23.47,--,10,23470,买盘
1514,11:06:36,23.47,0.01,74,173678,买盘
1515,11:06:30,23.46,-0.01,15,35190,卖盘
1516,11:06:27,23.47,--,10,23470,买盘
1517,11:06:24,23.47,0.01,11,25817,买盘
1518,11:05:57,23.46,--,91,213720,买盘
1519,11:05:48,23.46,--,6,14076,买盘
1520,11:05:45,23.46,0.01,101,236946,买盘
1521,11:05:36,23.45,-0.01,4,9380,卖盘
1522,11:05:30,23.46,--,3,7038,买盘
1523,11:05:12,23.46,--,5,11730,买盘
1524,11:05:09,23.46,--,3,7038,买盘
1525,11:05:06,23.46,0.01,20,46920,买盘
1526,11:05:03,23.45,--,153,358785,中性盘
1527,11:04:57,23.45,0.01,2,4690,中性盘
1528,11:04:51,23.44,--,5,12423,卖盘
1529,11:04:42,23.44,--,1,2344,卖盘
1530,11:04:39,23.44,--,53,124349,买盘
1531,11:04:33,23.44,--,56,131264,买盘
1532,11:04:21,23.44,--,10,23440,买盘
1533,11:04:18,23.44,-0.02,30,72546,卖盘
1534,11:04:12,23.46,0.02,5,11730,买盘
1535,11:04:06,23.44,--,10,23440,卖盘
1536,11:04:03,23.44,--,15,35160,卖盘
1537,11:04:00,23.44,--,12,28245,卖盘
1538,11:03:51,23.44,--,50,117200,卖盘
1539,11:03:48,23.44,--,33,77352,买盘
1540,11:03:45,23.44,--,6,14064,买盘
1541,11:03:42,23.44,-0.02,39,91416,卖盘
1542,11:03:39,23.46,0.02,4,9384,买盘
1543,11:03:36,23.44,-0.02,5,11720,卖盘
1544,11:03:33,23.46,0.02,5,11730,买盘
1545,11:03:30,23.44,-0.02,41,96104,卖盘
1546,11:03:27,23.46,--,405,950130,买盘
1547,11:03:24,23.46,0.02,21,49266,买盘
1548,11:03:18,23.44,0.01,38,89072,中性盘
1549,11:03:09,23.43,-0.01,113,264759,卖盘
1550,11:03:06,23.44,--,77,180488,中性盘
1551,11:02:57,23.44,--,13,30472,买盘
1552,11:02:54,23.44,--,4,9376,买盘
1553,11:02:48,23.44,--,36,84384,买盘
1554,11:02:45,23.44,-0.01,62,145328,卖盘
1555,11:02:42,23.45,0.01,11,25795,买盘
1556,11:02:30,23.44,--,78,182832,买盘
1557,11:02:27,23.44,--,2,4688,买盘
1558,11:02:24,23.44,--,10,23440,买盘
1559,11:02:21,23.44,0.01,6,14064,买盘
1560,11:02:18,23.43,--,2,4686,中性盘
1561,11:02:12,23.43,-0.01,100,234300,卖盘
1562,11:02:09,23.44,--,1,2344,买盘
1563,11:02:06,23.44,0.02,9,21096,买盘
1564,11:02:03,23.42,-0.03,20,46840,卖盘
1565,11:02:00,23.45,-0.01,2,4690,中性盘
1566,11:01:57,23.46,0.02,180,422280,买盘
1567,11:01:48,23.44,--,100,234400,卖盘
1568,11:01:45,23.44,-0.01,3,7032,卖盘
1569,11:01:42,23.45,--,161,379655,卖盘
1570,11:01:36,23.45,-0.01,5,12545,卖盘
1571,11:01:33,23.46,0.01,4,9384,买盘
1572,11:01:30,23.45,--,40,93800,卖盘
1573,11:01:27,23.45,-0.01,104,245638,卖盘
1574,11:01:21,23.46,--,1,2346,买盘
1575,11:01:18,23.46,--,6,14076,买盘
1576,11:01:15,23.46,--,135,316710,卖盘
1577,11:01:12,23.46,--,72,168912,卖盘
1578,11:01:09,23.46,-0.01,25,58650,卖盘
1579,11:01:00,23.47,-0.01,163,383171,卖盘
1580,11:00:57,23.48,-0.01,129,302892,卖盘
1581,11:00:54,23.49,--,5,11745,买盘
1582,11:00:48,23.49,0.01,6,14093,买盘
1583,11:00:45,23.48,-0.01,20,46960,卖盘
1584,11:00:42,23.49,--,28,65772,卖盘
1585,11:00:39,23.49,--,2,4698,卖盘
1586,11:00:33,23.49,--,41,96309,卖盘
1587,11:00:30,23.49,-0.01,3,7046,卖盘
1588,11:00:27,23.5,0.01,31,72850,买盘
1589,11:00:21,23.49,-0.01,100,234899,卖盘
1590,11:00:18,23.5,0.01,8,18800,买盘
1591,11:00:12,23.49,--,21,49329,卖盘
1592,11:00:06,23.49,-0.01,4,9396,卖盘
1593,11:00:03,23.5,-0.01,39,92778,卖盘
1594,11:00:00,23.51,--,57,134007,买盘
1595,10:59:57,23.51,--,20,47020,买盘
1596,10:59:54,23.51,0.01,3,7053,买盘
1597,10:59:48,23.5,-0.01,115,270250,卖盘
1598,10:59:39,23.51,--,3,7053,买盘
1599,10:59:36,23.51,--,31,72881,买盘
1600,10:59:33,23.51,0.01,2,4702,买盘
1601,10:59:30,23.5,-0.01,20,47000,卖盘
1602,10:59:21,23.51,--,5,11755,买盘
1603,10:59:15,23.51,--,1,2351,买盘
1604,10:59:12,23.51,--,5,11755,买盘
1605,10:59:09,23.51,--,54,128623,卖盘
1606,10:59:06,23.51,--,20,47020,卖盘
1607,10:58:54,23.51,-0.02,2,4702,卖盘
1608,10:58:48,23.53,0.02,11,26565,买盘
1609,10:58:42,23.51,--,4,9404,卖盘
1610,10:58:36,23.51,--,1,2351,买盘
1611,10:58:33,23.51,--,16,37616,买盘
1612,10:58:30,23.51,--,10,23510,买盘
1613,10:58:27,23.51,0.01,15,35265,买盘
1614,10:58:24,23.5,--,9,21150,卖盘
1615,10:58:21,23.5,-0.01,2,4700,卖盘
1616,10:58:18,23.51,--,60,141060,卖盘
1617,10:57:57,23.51,-0.02,38,91547,卖盘
1618,10:57:54,23.53,--,12,28236,卖盘
1619,10:57:51,23.53,-0.01,4,9412,卖盘
1620,10:57:42,23.54,--,16,37664,买盘
1621,10:57:33,23.54,0.01,30,70620,买盘
1622,10:57:27,23.53,--,12,28377,卖盘
1623,10:57:24,23.53,-0.01,3,7059,卖盘
1624,10:57:15,23.54,0.01,2,4708,中性盘
1625,10:57:09,23.53,-0.02,10,23530,卖盘
1626,10:57:03,23.55,0.02,1,2355,买盘
1627,10:56:36,23.53,-0.02,45,105885,中性盘
1628,10:56:30,23.55,0.04,6,14130,买盘
1629,10:56:27,23.51,0.01,2,4702,中性盘
1630,10:55:54,23.5,--,3,7050,卖盘
1631,10:55:45,23.5,-0.01,100,235000,卖盘
1632,10:55:42,23.51,--,4,9404,卖盘
1633,10:55:39,23.51,--,8,18808,卖盘
1634,10:55:36,23.51,0.01,53,125073,买盘
1635,10:55:30,23.5,--,6,14852,卖盘
1636,10:55:24,23.5,-0.01,10,23500,卖盘
1637,10:55:21,23.51,0.01,3,7053,买盘
1638,10:55:18,23.5,-0.01,36,84600,卖盘
1639,10:55:09,23.51,--,30,70530,买盘
1640,10:55:06,23.51,0.01,10,23510,买盘
1641,10:55:03,23.5,-0.01,8,18800,中性盘
1642,10:54:57,23.51,0.01,43,101093,买盘
1643,10:54:54,23.5,--,10,23500,买盘
1644,10:54:51,23.5,--,31,72920,买盘
1645,10:54:42,23.5,--,5,11750,买盘
1646,10:54:33,23.5,--,8,20680,卖盘
1647,10:54:30,23.5,-0.01,13,30550,卖盘
1648,10:54:24,23.51,--,1,2351,买盘
1649,10:54:18,23.51,0.01,1,2351,买盘
1650,10:54:15,23.5,-0.01,70,164500,卖盘
1651,10:54:12,23.51,--,30,70530,中性盘
1652,10:54:00,23.51,-0.02,3,7053,卖盘
1653,10:53:54,23.53,0.03,200,470600,买盘
1654,10:53:48,23.5,-0.01,39,91650,卖盘
1655,10:53:45,23.51,--,10,23510,买盘
1656,10:53:36,23.51,--,54,126954,卖盘
1657,10:53:18,23.51,-0.01,5,11755,卖盘
1658,10:53:15,23.52,-0.01,14,32928,卖盘
1659,10:53:09,23.53,--,6,14118,买盘
1660,10:53:03,23.53,--,1,2353,买盘
1661,10:52:45,23.53,--,8,18824,买盘
1662,10:52:39,23.53,0.03,5,11765,买盘
1663,10:52:36,23.5,-0.02,30,70500,卖盘
1664,10:52:18,23.52,--,10,23520,买盘
1665,10:52:15,23.52,--,103,242256,买盘
1666,10:52:09,23.52,--,61,143472,买盘
1667,10:52:06,23.52,-0.01,26,61152,卖盘
1668,10:52:03,23.53,--,23,54119,买盘
1669,10:51:57,23.53,--,16,37648,买盘
1670,10:51:51,23.53,--,4,9412,买盘
1671,10:51:48,23.53,-0.02,19,45789,卖盘
1672,10:51:42,23.55,--,2,4710,买盘
1673,10:51:39,23.55,--,1,2355,买盘
1674,10:51:36,23.55,0.02,2,4710,买盘
1675,10:51:33,23.53,--,9,21177,卖盘
1676,10:51:30,23.53,-0.02,10,24800,卖盘
1677,10:51:18,23.55,--,11,25905,卖盘
1678,10:51:06,23.55,0.02,16,37680,买盘
1679,10:51:03,23.53,-0.02,27,63531,卖盘
1680,10:50:51,23.55,--,2,4710,买盘
1681,10:50:45,23.55,-0.01,6,14130,买盘
1682,10:50:36,23.56,0.04,1,2356,买盘
1683,10:50:33,23.52,-0.04,7,16464,中性盘
1684,10:50:09,23.56,0.06,5,11780,买盘
1685,10:50:06,23.5,-0.06,3,7050,卖盘
1686,10:50:03,23.56,0.06,5,11780,买盘
1687,10:50:00,23.5,-0.06,11,26320,卖盘
1688,10:49:45,23.56,0.06,5,11780,买盘
1689,10:49:42,23.5,--,1,2350,卖盘
1690,10:49:36,23.5,-0.07,41,96350,卖盘
1691,10:49:33,23.57,0.07,6,14142,买盘
1692,10:49:27,23.5,--,38,89300,买盘
1693,10:49:21,23.5,--,30,70500,买盘
1694,10:49:18,23.5,-0.02,33,77550,卖盘
1695,10:49:15,23.52,0.01,21,49392,卖盘
1696,10:49:12,23.51,0.03,49,115199,买盘
1697,10:49:09,23.48,-0.02,65,152620,卖盘
1698,10:49:00,23.5,0.02,5,11750,中性盘
1699,10:48:54,23.48,-0.02,205,481340,卖盘
1700,10:48:51,23.5,--,5,11750,卖盘
1701,10:48:45,23.5,-0.01,100,235000,卖盘
1702,10:48:42,23.51,--,30,70530,卖盘
1703,10:48:39,23.51,0.01,5,11755,中性盘
1704,10:48:36,23.5,--,25,58750,卖盘
1705,10:48:33,23.5,--,26,61100,卖盘
1706,10:48:30,23.5,--,5,11750,卖盘
1707,10:48:27,23.5,--,50,117500,卖盘
1708,10:48:24,23.5,0.01,302,710522,买盘
1709,10:48:21,23.49,0.01,6,14093,买盘
1710,10:48:18,23.48,0.01,48,113619,买盘
1711,10:48:15,23.47,-0.01,20,46940,卖盘
1712,10:48:12,23.48,-0.01,216,509163,卖盘
1713,10:48:09,23.49,--,18,42282,买盘
1714,10:48:06,23.49,-0.01,161,378541,中性盘
1715,10:48:00,23.5,--,83,195050,买盘
1716,10:47:57,23.5,--,102,239700,买盘
1717,10:47:54,23.5,--,100,235000,买盘
1718,10:47:51,23.5,--,25,58750,买盘
1719,10:47:48,23.5,0.01,135,317250,买盘
1720,10:47:45,23.49,-0.05,1868,4389458,卖盘
1721,10:47:42,23.54,0.01,72,170311,买盘
1722,10:47:39,23.53,--,65,152945,卖盘
1723,10:47:36,23.53,--,154,362362,卖盘
1724,10:47:33,23.53,--,57,134121,卖盘
1725,10:47:27,23.53,-0.01,7,16471,卖盘
1726,10:47:24,23.54,0.01,195,459030,买盘
1727,10:47:21,23.53,--,2,4706,卖盘
1728,10:47:15,23.53,-0.01,11,25883,卖盘
1729,10:47:12,23.54,--,29,68266,买盘
1730,10:47:09,23.54,--,4,9416,买盘
1731,10:47:03,23.54,-0.01,314,739556,卖盘
1732,10:46:57,23.55,--,6,14130,卖盘
1733,10:46:54,23.55,--,8,18840,卖盘
1734,10:46:51,23.55,-0.01,176,414480,卖盘
1735,10:46:48,23.56,--,8,18848,卖盘
1736,10:46:45,23.56,-0.04,4,9424,卖盘
1737,10:46:39,23.6,0.04,5,11800,买盘
1738,10:46:12,23.56,-0.04,3,7068,中性盘
1739,10:46:06,23.6,0.05,6,14160,买盘
1740,10:46:03,23.55,-0.01,48,113040,卖盘
1741,10:46:00,23.56,0.01,1,2356,买盘
1742,10:45:54,23.55,-0.01,2,4710,卖盘
1743,10:45:51,23.56,0.01,10,23560,买盘
1744,10:45:45,23.55,-0.01,11,27859,卖盘
1745,10:45:42,23.56,--,13,30628,卖盘
1746,10:45:27,23.56,0.01,3,7068,中性盘
1747,10:45:12,23.55,-0.05,104,244920,卖盘
1748,10:44:57,23.6,0.05,6,14160,买盘
1749,10:44:45,23.55,-0.05,30,70650,中性盘
1750,10:44:39,23.6,0.03,150,354000,买盘
1751,10:44:36,23.57,--,22,51854,买盘
1752,10:44:33,23.57,0.03,3,7071,买盘
1753,10:44:24,23.54,-0.03,3,7062,卖盘
1754,10:44:21,23.57,0.02,7,18596,买盘
1755,10:44:18,23.55,--,4,9420,卖盘
1756,10:44:06,23.55,--,1,2355,卖盘
1757,10:44:00,23.55,-0.02,6,14389,卖盘
1758,10:43:54,23.57,--,150,353550,买盘
1759,10:43:45,23.57,-0.01,56,131992,卖盘
1760,10:43:33,23.58,0.03,0,1414,卖盘
1761,10:43:27,23.55,--,5,12717,买盘
1762,10:43:24,23.55,-0.03,594,1400283,卖盘
1763,10:43:12,23.58,-0.01,10,23580,卖盘
1764,10:43:09,23.59,-0.01,2,6510,卖盘
1765,10:43:03,23.6,0.01,4,9440,买盘
1766,10:43:00,23.59,--,11,25949,卖盘
1767,10:42:51,23.59,--,9,21797,买盘
1768,10:42:48,23.59,0.01,4,9436,买盘
1769,10:42:45,23.58,-0.01,13,30653,卖盘
1770,10:42:39,23.59,--,13,30667,买盘
1771,10:42:30,23.59,-0.01,57,136255,卖盘
1772,10:42:27,23.6,0.01,11,25960,中性盘
1773,10:42:24,23.59,--,11,26515,卖盘
1774,10:42:21,23.59,--,3,7077,卖盘
1775,10:42:18,23.59,--,6,14154,卖盘
1776,10:42:12,23.59,-0.01,3,7077,卖盘
1777,10:41:57,23.6,0.02,32,77596,买盘
1778,10:41:54,23.58,-0.02,2,4716,卖盘
1779,10:41:36,23.6,--,1,2360,买盘
1780,10:41:33,23.6,--,5,11800,买盘
1781,10:41:30,23.6,-0.02,12,28603,卖盘
1782,10:41:27,23.62,0.02,106,250372,买盘
1783,10:41:18,23.6,0.03,32,77596,买盘
1784,10:41:15,23.57,--,20,47140,卖盘
1785,10:41:09,23.57,--,72,170929,卖盘
1786,10:41:06,23.57,-0.02,50,117850,卖盘
1787,10:41:03,23.59,--,1,2359,买盘
1788,10:40:57,23.59,0.01,15,35385,买盘
1789,10:40:54,23.58,-0.01,347,819923,卖盘
1790,10:40:45,23.59,--,4,9436,买盘
1791,10:40:39,23.59,--,7,16513,买盘
1792,10:40:36,23.59,-0.01,26,63126,卖盘
1793,10:40:27,23.6,0.01,4,9440,买盘
1794,10:40:24,23.59,0.01,24,57182,中性盘
1795,10:40:18,23.58,-0.01,160,377280,卖盘
1796,10:40:09,23.59,--,1,3727,买盘
1797,10:40:06,23.59,--,8,18872,买盘
1798,10:40:03,23.59,--,9,22221,卖盘
1799,10:39:48,23.59,-0.01,11,25949,卖盘
1800,10:39:45,23.6,0.01,2,4720,买盘
1801,10:39:39,23.59,-0.01,120,283080,卖盘
1802,10:39:36,23.6,--,10,23600,买盘
1803,10:39:30,23.6,--,5,11800,买盘
1804,10:39:21,23.6,0.01,5,11800,买盘
1805,10:39:12,23.59,-0.01,35,82824,卖盘
1806,10:39:09,23.6,--,12,28320,买盘
1807,10:39:06,23.6,-0.01,47,111203,卖盘
1808,10:39:03,23.61,--,11,25971,买盘
1809,10:39:00,23.61,0.01,21,49581,中性盘
1810,10:38:51,23.6,-0.01,5,11800,卖盘
1811,10:38:48,23.61,--,1,2361,买盘
1812,10:38:42,23.61,0.01,3,7083,卖盘
1813,10:38:39,23.6,-0.01,14,33040,卖盘
1814,10:38:36,23.61,0.01,13,30693,买盘
1815,10:38:33,23.6,-0.01,5,11800,卖盘
1816,10:38:30,23.61,0.01,7,16527,买盘
1817,10:38:27,23.6,-0.01,4,9440,卖盘
1818,10:38:21,23.61,--,1,2361,买盘
1819,10:38:18,23.61,--,25,59025,买盘
1820,10:38:15,23.61,--,3,7083,买盘
1821,10:37:54,23.61,--,11,28048,买盘
1822,10:37:39,23.61,--,1,2361,买盘
1823,10:37:27,23.61,--,5,11805,买盘
1824,10:37:24,23.61,--,1,2361,买盘
1825,10:37:18,23.61,--,21,49581,买盘
1826,10:37:12,23.61,--,4,9444,卖盘
1827,10:37:03,23.61,0.01,1,2361,买盘
1828,10:36:57,23.6,-0.01,20,47200,卖盘
1829,10:36:54,23.61,--,5,11805,买盘
1830,10:36:51,23.61,--,45,106245,买盘
1831,10:36:48,23.61,--,4,9444,买盘
1832,10:36:45,23.61,0.01,6,14166,买盘
1833,10:36:39,23.6,--,7,16520,中性盘
1834,10:36:33,23.6,0.01,5,11800,买盘
1835,10:36:30,23.59,-0.01,6,14154,卖盘
1836,10:36:27,23.6,--,55,129800,买盘
1837,10:36:24,23.6,--,1,2360,买盘
1838,10:36:21,23.6,--,22,51920,买盘
1839,10:36:15,23.6,0.01,8,18880,买盘
1840,10:36:12,23.59,--,11,27057,卖盘
1841,10:36:09,23.59,-0.01,7,16513,卖盘
1842,10:36:06,23.6,--,11,25960,买盘
1843,10:36:00,23.6,-0.01,52,122720,中性盘
1844,10:35:51,23.61,0.01,27,63747,买盘
1845,10:35:48,23.6,0.01,5,11800,卖盘
1846,10:35:45,23.59,--,2,4718,买盘
1847,10:35:39,23.59,-0.02,8,18872,中性盘
1848,10:35:30,23.61,0.01,210,495810,买盘
1849,10:35:27,23.6,--,8,18880,买盘
1850,10:35:24,23.6,0.01,1,2360,买盘
1851,10:35:21,23.59,-0.01,3,7077,卖盘
1852,10:35:18,23.6,--,1,2360,买盘
1853,10:35:15,23.6,--,16,37760,卖盘
1854,10:35:12,23.6,--,3,7080,卖盘
1855,10:35:09,23.6,-0.01,3,7080,卖盘
1856,10:35:03,23.61,0.01,5,11805,买盘
1857,10:34:57,23.6,-0.01,3,7080,卖盘
1858,10:34:51,23.61,--,3,7083,买盘
1859,10:34:48,23.61,0.02,10,23610,买盘
1860,10:34:45,23.59,--,8,18872,卖盘
1861,10:34:36,23.59,-0.01,44,103796,卖盘
1862,10:34:33,23.6,--,6,14160,卖盘
1863,10:34:27,23.6,--,27,64546,买盘
1864,10:34:24,23.6,0.01,17,40120,买盘
1865,10:34:21,23.59,-0.01,14,33026,卖盘
1866,10:34:18,23.6,--,4,9440,买盘
1867,10:34:09,23.6,--,59,139240,买盘
1868,10:34:06,23.6,--,3,7080,买盘
1869,10:34:03,23.6,--,57,136054,卖盘
1870,10:34:00,23.6,--,6,15906,卖盘
1871,10:33:57,23.6,--,3,7080,卖盘
1872,10:33:51,23.6,--,14,34479,卖盘
1873,10:33:39,23.6,-0.01,15,35400,卖盘
1874,10:33:33,23.61,0.01,100,236100,买盘
1875,10:33:30,23.6,-0.01,5,11800,卖盘
1876,10:33:27,23.61,--,5,11805,买盘
1877,10:33:24,23.61,--,5,11805,买盘
1878,10:33:18,23.61,-0.01,14,33054,卖盘
1879,10:33:15,23.62,0.01,13,30706,买盘
1880,10:32:57,23.61,--,15,35415,卖盘
1881,10:32:54,23.61,-0.01,4,9444,卖盘
1882,10:32:48,23.62,--,15,35430,买盘
1883,10:32:45,23.62,0.01,20,47240,买盘
1884,10:32:39,23.61,-0.01,3,7083,卖盘
1885,10:32:33,23.62,--,148,350449,卖盘
1886,10:32:24,23.62,--,30,70860,卖盘
1887,10:32:21,23.62,-0.01,100,236200,卖盘
1888,10:32:18,23.63,--,3,7089,买盘
1889,10:32:15,23.63,--,6,14178,买盘
1890,10:32:12,23.63,--,6,14178,买盘
1891,10:32:09,23.63,--,8,18904,买盘
1892,10:32:03,23.63,--,1,2363,买盘
1893,10:31:57,23.63,-0.01,82,193766,卖盘
1894,10:31:42,23.64,--,4,9456,买盘
1895,10:31:36,23.64,--,3,7092,买盘
1896,10:31:33,23.64,--,5,11820,买盘
1897,10:31:30,23.64,--,5,11820,买盘
1898,10:31:27,23.64,--,6,14845,卖盘
1899,10:31:24,23.64,-0.01,5,13522,卖盘
1900,10:31:21,23.65,-0.02,7,16555,中性盘
1901,10:31:06,23.67,0.05,6,14202,中性盘
1902,10:30:54,23.62,-0.01,40,94480,卖盘
1903,10:30:51,23.63,-0.01,11,27481,卖盘
1904,10:30:48,23.64,--,8,18912,买盘
1905,10:30:45,23.64,0.01,23,54372,买盘
1906,10:30:42,23.63,--,14,33082,卖盘
1907,10:30:39,23.63,-0.06,82,193766,卖盘
1908,10:30:36,23.69,0.04,400,947600,买盘
1909,10:30:27,23.65,0.03,10,23650,买盘
1910,10:30:21,23.62,0.01,3,7086,卖盘
1911,10:30:15,23.61,-0.05,11,25971,中性盘
1912,10:30:09,23.66,0.06,201,475566,买盘
1913,10:30:00,23.6,-0.01,40,94400,卖盘
1914,10:29:54,23.61,-0.01,14,33054,卖盘
1915,10:29:51,23.62,0.01,6,14172,买盘
1916,10:29:48,23.61,0.01,3,7083,买盘
1917,10:29:39,23.6,-0.01,2,4720,卖盘
1918,10:29:36,23.61,--,39,92079,买盘
1919,10:29:21,23.61,--,2,4722,买盘
1920,10:29:15,23.61,--,22,51942,买盘
1921,10:29:09,23.61,--,8,18888,卖盘
1922,10:29:06,23.61,0.01,1,2361,中性盘
1923,10:29:00,23.6,-0.01,15,35400,卖盘
1924,10:28:57,23.61,--,1,2361,卖盘
1925,10:28:48,23.61,0.01,11,25971,买盘
1926,10:28:45,23.6,0.01,10,25488,买盘
1927,10:28:42,23.59,-0.01,11,25949,卖盘
1928,10:28:39,23.6,--,3,7080,买盘
1929,10:28:36,23.6,--,20,47200,买盘
1930,10:28:30,23.6,--,10,23600,买盘
1931,10:28:27,23.6,--,10,23600,买盘
1932,10:28:24,23.6,--,4,9440,买盘
1933,10:28:18,23.6,--,3,7080,买盘
1934,10:28:12,23.6,--,2,4720,买盘
1935,10:28:09,23.6,-0.01,26,61832,卖盘
1936,10:28:03,23.61,0.01,10,23610,买盘
1937,10:28:00,23.6,--,9,23128,卖盘
1938,10:27:48,23.6,0.02,3,7080,买盘
1939,10:27:36,23.58,-0.02,12,29592,卖盘
1940,10:27:33,23.6,--,18,42480,买盘
1941,10:27:30,23.6,--,6,14160,买盘
1942,10:27:27,23.6,--,2,4720,买盘
1943,10:27:18,23.6,--,10,23600,买盘
1944,10:27:15,23.6,0.03,5,11800,买盘
1945,10:27:09,23.57,-0.03,6,14142,卖盘
1946,10:27:06,23.6,0.03,4,9440,买盘
1947,10:27:03,23.57,--,6,14142,卖盘
1948,10:27:00,23.57,0.01,16,39621,买盘
1949,10:26:57,23.56,-0.01,227,534812,卖盘
1950,10:26:51,23.57,0.01,165,388905,买盘
1951,10:26:48,23.56,-0.01,13,30628,卖盘
1952,10:26:45,23.57,--,7,16499,买盘
1953,10:26:39,23.57,--,57,134349,买盘
1954,10:26:36,23.57,--,9,21213,买盘
1955,10:26:33,23.57,--,30,70710,买盘
1956,10:26:30,23.57,--,7,16499,买盘
1957,10:26:21,23.57,0.01,16,37712,买盘
1958,10:26:18,23.56,-0.01,4,9424,卖盘
1959,10:26:15,23.57,--,1,2357,买盘
1960,10:26:12,23.57,--,3,7071,买盘
1961,10:26:09,23.57,--,23,54211,买盘
1962,10:26:03,23.57,--,49,115493,买盘
1963,10:26:00,23.57,--,2,4714,买盘
1964,10:25:57,23.57,-0.01,118,278573,卖盘
1965,10:25:54,23.58,0.01,3,7073,中性盘
1966,10:25:51,23.57,-0.01,211,497327,卖盘
1967,10:25:45,23.58,-0.01,4,9432,卖盘
1968,10:25:42,23.59,0.01,2,4718,买盘
1969,10:25:36,23.58,--,9,21222,卖盘
1970,10:25:30,23.58,--,3,7073,卖盘
1971,10:25:24,23.58,--,3,7073,卖盘
1972,10:25:18,23.58,--,5,11790,买盘
1973,10:25:15,23.58,0.01,8,18864,买盘
1974,10:25:12,23.57,--,7,16499,卖盘
1975,10:25:03,23.57,-0.01,7,18408,卖盘
1976,10:25:00,23.58,-0.02,80,188640,卖盘
1977,10:24:57,23.6,0.01,5,11800,买盘
1978,10:24:54,23.59,--,1,2359,卖盘
1979,10:24:51,23.59,0.01,12,28308,中性盘
1980,10:24:39,23.58,-0.02,5,11790,卖盘
1981,10:24:36,23.6,--,4,9440,买盘
1982,10:24:33,23.6,0.02,3,7080,买盘
1983,10:24:24,23.58,0.03,1,2358,中性盘
1984,10:24:15,23.55,-0.05,60,141300,卖盘
1985,10:24:12,23.6,-0.02,1,2360,卖盘
1986,10:24:09,23.62,--,10,23620,买盘
1987,10:24:06,23.62,0.07,10,23620,买盘
1988,10:24:03,23.55,-0.05,100,235500,卖盘
1989,10:24:00,23.6,--,9,21240,卖盘
1990,10:23:57,23.6,--,8,18880,卖盘
1991,10:23:54,23.6,--,50,119274,卖盘
1992,10:23:51,23.6,--,28,66080,卖盘
1993,10:23:39,23.6,0.05,657,1552172,买盘
1994,10:23:30,23.55,--,5,11775,卖盘
1995,10:23:24,23.55,-0.02,10,23550,卖盘
1996,10:23:21,23.57,0.02,15,35355,买盘
1997,10:23:15,23.55,0.01,68,162283,买盘
1998,10:23:09,23.54,--,7,16478,卖盘
1999,10:23:06,23.54,--,92,216568,卖盘
2000,10:23:03,23.54,--,9,21186,卖盘
2001,10:23:00,23.54,--,20,47080,卖盘
2002,10:22:57,23.54,0.01,29,68266,买盘
2003,10:22:54,23.53,--,14,32942,卖盘
2004,10:22:51,23.53,-0.02,5,11765,卖盘
2005,10:22:48,23.55,--,35,82425,买盘
2006,10:22:45,23.55,--,267,628996,卖盘
2007,10:22:42,23.55,-0.02,74,174270,卖盘
2008,10:22:39,23.57,--,2,4714,买盘
2009,10:22:33,23.57,0.02,3,7071,中性盘
2010,10:22:30,23.55,-0.03,400,942000,卖盘
2011,10:22:27,23.58,--,120,282960,买盘
2012,10:22:24,23.58,--,13,30653,买盘
2013,10:22:21,23.58,--,5,11790,买盘
2014,10:22:18,23.58,--,11,25937,买盘
2015,10:22:15,23.58,--,48,113891,卖盘
2016,10:22:12,23.58,-0.01,11,25937,卖盘
2017,10:22:09,23.59,0.01,5,11795,买盘
2018,10:22:06,23.58,-0.01,31,73098,卖盘
2019,10:22:00,23.59,--,3,7077,买盘
2020,10:21:57,23.59,0.01,2,4718,买盘
2021,10:21:51,23.58,-0.01,107,253815,卖盘
2022,10:21:48,23.59,--,2,4718,中性盘
2023,10:21:45,23.59,0.01,6,14154,买盘
2024,10:21:42,23.58,-0.02,24,56591,卖盘
2025,10:21:39,23.6,0.01,1,2360,买盘
2026,10:21:36,23.59,--,17,40103,卖盘
2027,10:21:30,23.59,0.01,41,96719,中性盘
2028,10:21:24,23.58,--,32,77130,卖盘
2029,10:21:21,23.58,-0.01,5,11790,卖盘
2030,10:21:15,23.59,--,14,33026,买盘
2031,10:21:12,23.59,-0.01,44,103796,中性盘
2032,10:21:09,23.6,0.01,4,9440,买盘
2033,10:21:03,23.59,-0.01,4,9436,卖盘
2034,10:20:57,23.6,0.02,18,42480,买盘
2035,10:20:54,23.58,-0.02,69,162702,卖盘
2036,10:20:51,23.6,--,3,7080,卖盘
2037,10:20:42,23.6,0.01,131,309160,买盘
2038,10:20:39,23.59,--,1,2359,卖盘
2039,10:20:36,23.59,0.01,7,16513,中性盘
2040,10:20:33,23.58,-0.01,293,690894,卖盘
2041,10:20:30,23.59,-0.01,12,28308,卖盘
2042,10:20:27,23.6,0.01,5,11800,买盘
2043,10:20:24,23.59,-0.01,4,9436,卖盘
2044,10:20:21,23.6,--,24,56640,买盘
2045,10:20:15,23.6,0.01,57,134520,买盘
2046,10:20:12,23.59,--,9,21231,卖盘
2047,10:20:09,23.59,--,20,47180,卖盘
2048,10:20:03,23.59,--,18,42462,卖盘
2049,10:20:00,23.59,-0.01,10,23590,卖盘
2050,10:19:57,23.6,--,7,16520,买盘
2051,10:19:54,23.6,0.01,52,122720,买盘
2052,10:19:51,23.59,-0.01,17,40103,卖盘
2053,10:19:48,23.6,--,3,7080,买盘
2054,10:19:45,23.6,--,61,143960,买盘
2055,10:19:42,23.6,--,6,14160,买盘
2056,10:19:39,23.6,--,212,500320,买盘
2057,10:19:36,23.6,0.01,1,2360,买盘
2058,10:19:33,23.59,-0.01,76,180888,卖盘
2059,10:19:30,23.6,--,5,11800,买盘
2060,10:19:27,23.6,-0.02,72,169920,卖盘
2061,10:19:24,23.62,0.02,2,4724,买盘
2062,10:19:21,23.6,--,2,4720,卖盘
2063,10:19:09,23.6,0.01,3,7080,中性盘
2064,10:19:06,23.59,-0.01,24,56616,卖盘
2065,10:19:03,23.6,--,14,33040,买盘
2066,10:19:00,23.6,--,3,7080,买盘
2067,10:18:54,23.6,0.01,1,2360,买盘
2068,10:18:48,23.59,-0.01,21,49539,卖盘
2069,10:18:45,23.6,0.01,111,261960,买盘
2070,10:18:39,23.59,--,24,56616,买盘
2071,10:18:36,23.59,--,31,73129,买盘
2072,10:18:30,23.59,0.01,15,35385,买盘
2073,10:18:27,23.58,-0.01,4,9432,卖盘
2074,10:18:24,23.59,--,18,44042,买盘
2075,10:18:21,23.59,--,16,37744,买盘
2076,10:18:18,23.59,--,17,40103,卖盘
2077,10:18:15,23.59,0.01,1,2359,买盘
2078,10:18:12,23.58,-0.01,5,11790,卖盘
2079,10:18:09,23.59,-0.01,38,89642,卖盘
2080,10:18:06,23.6,--,3,7080,买盘
2081,10:18:03,23.6,0.01,15,35400,买盘
2082,10:18:00,23.59,0.01,1,2359,中性盘
2083,10:17:57,23.58,-0.01,9,21222,卖盘
2084,10:17:54,23.59,-0.01,1,2359,中性盘
2085,10:17:51,23.6,0.02,5,11800,买盘
2086,10:17:48,23.58,-0.02,224,528192,卖盘
2087,10:17:39,23.6,--,11,25960,买盘
2088,10:17:36,23.6,--,16,37760,卖盘
2089,10:17:33,23.6,--,12,28320,卖盘
2090,10:17:21,23.6,-0.03,34,80240,卖盘
2091,10:17:18,23.63,0.03,55,129965,买盘
2092,10:17:15,23.6,--,18,42480,卖盘
2093,10:17:12,23.6,0.02,57,134520,买盘
2094,10:17:09,23.58,-0.01,288,679104,卖盘
2095,10:17:06,23.59,--,1,2359,买盘
2096,10:17:03,23.59,0.01,53,125027,买盘
2097,10:17:00,23.58,-0.01,25,58949,卖盘
2098,10:16:57,23.59,0.01,54,127386,买盘
2099,10:16:54,23.58,--,8,18864,卖盘
2100,10:16:51,23.58,--,17,40086,卖盘
2101,10:16:45,23.58,--,63,148554,买盘
2102,10:16:42,23.58,0.01,3,7073,买盘
2103,10:16:39,23.57,-0.01,71,167347,卖盘
2104,10:16:36,23.58,--,6,14147,买盘
2105,10:16:33,23.58,--,2,4716,买盘
2106,10:16:30,23.58,-0.02,48,113183,卖盘
2107,10:16:27,23.6,--,5,11800,卖盘
2108,10:16:24,23.6,0.01,216,509760,买盘
2109,10:16:21,23.59,--,5,11795,卖盘
2110,10:16:18,23.59,-0.01,1,2359,卖盘
2111,10:16:15,23.6,0.01,1,2360,中性盘
2112,10:16:12,23.59,0.01,28,66052,中性盘
2113,10:16:09,23.58,-0.04,9,21222,卖盘
2114,10:16:06,23.62,0.04,99,235987,买盘
2115,10:16:03,23.58,-0.02,60,141480,卖盘
2116,10:16:00,23.6,--,11,25960,买盘
2117,10:15:57,23.6,--,1,2360,买盘
2118,10:15:54,23.6,--,31,73160,买盘
2119,10:15:51,23.6,-0.03,661,1560172,卖盘
2120,10:15:48,23.63,--,4,9452,买盘
2121,10:15:45,23.63,--,1,2363,中性盘
2122,10:15:42,23.63,-0.01,10,23630,卖盘
2123,10:15:39,23.64,0.02,3,7092,买盘
2124,10:15:36,23.62,-0.01,70,165340,卖盘
2125,10:15:33,23.63,0.01,11,25993,中性盘
2126,10:15:27,23.62,--,13,30706,卖盘
2127,10:15:24,23.62,--,16,37792,卖盘
2128,10:15:21,23.62,--,27,63774,卖盘
2129,10:15:18,23.62,0.01,27,63774,买盘
2130,10:15:15,23.61,-0.01,58,136938,卖盘
2131,10:15:12,23.62,--,47,111014,买盘
2132,10:15:09,23.62,0.01,34,80308,买盘
2133,10:15:06,23.61,-0.03,34,80274,卖盘
2134,10:15:03,23.64,0.02,110,260040,买盘
2135,10:15:00,23.62,0.01,60,141720,卖盘
2136,10:14:57,23.61,-0.03,107,253453,卖盘
2137,10:14:54,23.64,0.03,4,9456,买盘
2138,10:14:51,23.61,--,18,42498,卖盘
2139,10:14:48,23.61,--,50,118050,卖盘
2140,10:14:45,23.61,--,2,4722,卖盘
2141,10:14:42,23.61,--,43,101523,卖盘
2142,10:14:39,23.61,0.01,5,11805,中性盘
2143,10:14:36,23.6,-0.04,504,1189440,卖盘
2144,10:14:33,23.64,-0.01,33,78012,卖盘
2145,10:14:30,23.65,0.01,50,118250,买盘
2146,10:14:27,23.64,0.02,48,113472,买盘
2147,10:14:24,23.62,-0.02,20,47240,中性盘
2148,10:14:18,23.64,0.03,105,248220,中性盘
2149,10:14:15,23.61,-0.03,133,315335,卖盘
2150,10:14:12,23.64,-0.01,24,56736,卖盘
2151,10:14:09,23.65,-0.02,379,896335,卖盘
2152,10:14:06,23.67,0.02,20,47340,买盘
2153,10:14:03,23.65,-0.02,801,1894365,卖盘
2154,10:14:00,23.67,0.01,7,16569,买盘
2155,10:13:54,23.66,-0.02,86,203476,卖盘
2156,10:13:51,23.68,--,112,265216,卖盘
2157,10:13:48,23.68,--,3,7104,卖盘
2158,10:13:45,23.68,-0.01,15,35520,卖盘
2159,10:13:42,23.69,-0.01,18,42642,卖盘
2160,10:13:39,23.7,--,7,16590,买盘
2161,10:13:30,23.7,--,47,111390,买盘
2162,10:13:27,23.7,-0.02,2650,6280523,卖盘
2163,10:13:24,23.72,--,3,7116,买盘
2164,10:13:21,23.72,--,10,23720,买盘
2165,10:13:18,23.72,--,24,56928,买盘
2166,10:13:15,23.72,--,14,33208,卖盘
2167,10:13:12,23.72,-0.01,22,52184,卖盘
2168,10:13:09,23.73,0.02,49,116277,买盘
2169,10:13:06,23.71,--,2,4742,卖盘
2170,10:13:03,23.71,-0.02,78,184938,卖盘
2171,10:13:00,23.73,--,9,21357,买盘
2172,10:12:48,23.73,--,5,11865,买盘
2173,10:12:45,23.73,--,10,23730,买盘
2174,10:12:30,23.73,--,11,26103,买盘
2175,10:12:27,23.73,-0.01,2,4746,中性盘
2176,10:12:18,23.74,--,2,4748,买盘
2177,10:12:15,23.74,0.04,10,23740,买盘
2178,10:12:12,23.7,-0.04,1869,4429530,卖盘
2179,10:12:03,23.74,0.01,1,2374,买盘
2180,10:12:00,23.73,-0.01,15,35595,卖盘
2181,10:11:57,23.74,0.01,4,9496,买盘
2182,10:11:54,23.73,--,1,2373,卖盘
2183,10:11:45,23.73,-0.01,47,111531,卖盘
2184,10:11:42,23.74,--,8,18992,买盘
2185,10:11:39,23.74,0.01,106,251643,买盘
2186,10:11:36,23.73,--,60,142380,卖盘
2187,10:11:33,23.73,--,21,49833,卖盘
2188,10:11:27,23.73,-0.01,0,2349,卖盘
2189,10:11:21,23.74,--,26,61723,买盘
2190,10:11:18,23.74,--,12,28487,买盘
2191,10:11:12,23.74,--,1,2374,买盘
2192,10:11:09,23.74,--,1,2374,买盘
2193,10:11:03,23.74,--,83,197042,卖盘
2194,10:10:57,23.74,-0.01,1,2374,卖盘
2195,10:10:54,23.75,--,6,14250,买盘
2196,10:10:51,23.75,--,7,16625,买盘
2197,10:10:48,23.75,--,12,28500,买盘
2198,10:10:42,23.75,-0.01,30,71250,卖盘
2199,10:10:39,23.76,0.02,12,28512,买盘
2200,10:10:27,23.74,-0.02,4,9496,卖盘
2201,10:10:24,23.76,0.01,3,7128,买盘
2202,10:10:21,23.75,--,3,7125,买盘
2203,10:10:18,23.75,0.01,2,4750,买盘
2204,10:10:15,23.74,-0.01,100,237399,卖盘
2205,10:10:12,23.75,--,1,2375,买盘
2206,10:10:09,23.75,--,14,33250,卖盘
2207,10:10:06,23.75,-0.01,10,23750,卖盘
2208,10:09:57,23.76,--,4,9504,买盘
2209,10:09:54,23.76,--,6,14256,买盘
2210,10:09:48,23.76,0.01,11,26136,买盘
2211,10:09:45,23.75,-0.01,130,308750,卖盘
2212,10:09:42,23.76,--,2,4752,买盘
2213,10:09:39,23.76,-0.01,12,28512,中性盘
2214,10:09:36,23.77,0.02,100,237700,买盘
2215,10:09:33,23.75,-0.01,11,26125,卖盘
2216,10:09:21,23.76,--,5,11880,买盘
2217,10:09:15,23.76,0.01,1,2376,卖盘
2218,10:09:12,23.75,-0.01,10,23750,卖盘
2219,10:09:09,23.76,--,4,9504,卖盘
2220,10:09:06,23.76,0.01,6,14256,买盘
2221,10:09:00,23.75,--,6,14250,卖盘
2222,10:08:48,23.75,--,19,45125,买盘
2223,10:08:42,23.75,--,30,71250,买盘
2224,10:08:39,23.75,--,2,4750,买盘
2225,10:08:36,23.75,--,8,19000,卖盘
2226,10:08:33,23.75,--,96,228000,买盘
2227,10:08:24,23.75,--,5,11875,买盘
2228,10:08:21,23.75,--,100,237500,卖盘
2229,10:08:18,23.75,--,3,7125,卖盘
2230,10:08:06,23.75,--,7,16625,卖盘
2231,10:08:03,23.75,--,49,116375,买盘
2232,10:08:00,23.75,0.01,12,28500,买盘
2233,10:07:57,23.74,-0.01,43,102082,卖盘
2234,10:07:54,23.75,0.01,7,16625,买盘
2235,10:07:51,23.74,-0.01,22,52228,卖盘
2236,10:07:48,23.75,--,60,142500,卖盘
2237,10:07:36,23.75,0.01,2,4750,买盘
2238,10:07:33,23.74,--,5,11870,卖盘
2239,10:07:30,23.74,-0.01,9,21366,卖盘
2240,10:07:27,23.75,0.01,55,130625,买盘
2241,10:07:21,23.74,--,20,47480,卖盘
2242,10:07:18,23.74,--,7,16618,卖盘
2243,10:06:57,23.74,--,17,40358,买盘
2244,10:06:51,23.74,--,52,123447,买盘
2245,10:06:45,23.74,0.01,24,56975,买盘
2246,10:06:36,23.73,--,6,14238,卖盘
2247,10:06:27,23.73,-0.01,1,2373,卖盘
2248,10:06:24,23.74,0.01,3,7121,买盘
2249,10:06:21,23.73,-0.01,7,16611,卖盘
2250,10:06:18,23.74,--,17,40358,买盘
2251,10:06:00,23.74,--,2,4748,买盘
2252,10:05:54,23.74,--,3,7121,买盘
2253,10:05:51,23.74,0.01,4,9496,买盘
2254,10:05:48,23.73,--,20,47460,卖盘
2255,10:05:42,23.73,--,1,2373,卖盘
2256,10:05:33,23.73,-0.01,17,40341,卖盘
2257,10:05:30,23.74,0.01,42,99708,买盘
2258,10:05:27,23.73,-0.01,37,87801,卖盘
2259,10:05:18,23.74,0.01,1,2374,买盘
2260,10:05:15,23.73,--,2,4746,卖盘
2261,10:05:09,23.73,--,2,4746,卖盘
2262,10:05:06,23.73,0.01,5,11865,买盘
2263,10:05:03,23.72,-0.01,25,59300,卖盘
2264,10:04:57,23.73,0.01,7,16611,买盘
2265,10:04:54,23.72,-0.01,29,68788,卖盘
2266,10:04:48,23.73,--,7,16611,买盘
2267,10:04:45,23.73,--,5,11865,买盘
2268,10:04:39,23.73,-0.01,191,453243,卖盘
2269,10:04:24,23.74,0.01,1,2374,买盘
2270,10:04:21,23.73,-0.01,15,35595,卖盘
2271,10:04:15,23.74,0.01,5,11870,买盘
2272,10:04:12,23.73,-0.01,2,4746,卖盘
2273,10:04:09,23.74,--,5,11870,卖盘
2274,10:04:06,23.74,--,3,7121,买盘
2275,10:04:03,23.74,0.01,13,30861,中性盘
2276,10:03:57,23.73,-0.02,14,33222,卖盘
2277,10:03:54,23.75,--,3,7125,买盘
2278,10:03:51,23.75,0.01,4,9500,买盘
2279,10:03:48,23.74,--,105,249269,卖盘
2280,10:03:42,23.74,-0.01,103,244521,卖盘
2281,10:03:39,23.75,--,38,90250,卖盘
2282,10:03:36,23.75,--,12,28500,卖盘
2283,10:03:33,23.75,--,15,35625,卖盘
2284,10:03:30,23.75,--,2,4750,卖盘
2285,10:03:27,23.75,--,9,21375,卖盘
2286,10:03:15,23.75,-0.01,75,178125,卖盘
2287,10:03:12,23.76,--,37,87912,卖盘
2288,10:03:00,23.76,--,34,80784,卖盘
2289,10:02:57,23.76,-0.01,8,19008,卖盘
2290,10:02:51,23.77,0.01,35,83195,买盘
2291,10:02:39,23.76,-0.01,2,4752,卖盘
2292,10:02:33,23.77,0.01,16,38032,买盘
2293,10:02:30,23.76,-0.01,10,23760,卖盘
2294,10:02:09,23.77,--,6,14262,买盘
2295,10:02:06,23.77,--,3,7131,卖盘
2296,10:02:03,23.77,-0.01,32,76064,卖盘
2297,10:02:00,23.78,0.01,7,16646,买盘
2298,10:01:57,23.77,-0.01,101,240077,卖盘
2299,10:01:54,23.78,--,18,42804,买盘
2300,10:01:51,23.78,--,4,9512,买盘
2301,10:01:48,23.78,0.01,22,52316,买盘
2302,10:01:45,23.77,--,5,11885,卖盘
2303,10:01:42,23.77,-0.01,25,59425,卖盘
2304,10:01:36,23.78,--,10,23780,买盘
2305,10:01:27,23.78,0.01,24,57072,买盘
2306,10:01:21,23.77,--,2,4754,卖盘
2307,10:01:18,23.77,--,4,9508,卖盘
2308,10:01:12,23.77,0.01,186,442122,买盘
2309,10:01:09,23.76,-0.01,1,2376,卖盘
2310,10:01:03,23.77,--,3,7131,买盘
2311,10:00:57,23.77,0.01,100,237700,买盘
2312,10:00:54,23.76,0.01,51,121176,买盘
2313,10:00:51,23.75,-0.01,7,16625,卖盘
2314,10:00:48,23.76,--,2,4752,买盘
2315,10:00:45,23.76,--,102,242352,买盘
2316,10:00:42,23.76,0.01,9,21384,买盘
2317,10:00:33,23.75,--,2,4750,卖盘
2318,10:00:30,23.75,-0.01,15,35625,卖盘
2319,10:00:27,23.76,--,8,19008,买盘
2320,10:00:24,23.76,--,6,14256,买盘
2321,10:00:21,23.76,0.02,11,26136,买盘
2322,10:00:15,23.74,-0.01,100,237399,卖盘
2323,10:00:12,23.75,0.01,14,33250,买盘
2324,10:00:09,23.74,-0.01,5,11870,卖盘
2325,10:00:03,23.75,--,7,16625,买盘
2326,10:00:00,23.75,--,5,11875,买盘
2327,09:59:57,23.75,--,34,80750,卖盘
2328,09:59:51,23.75,-0.01,10,23750,卖盘
2329,09:59:48,23.76,0.02,7,16632,买盘
2330,09:59:45,23.74,-0.02,60,142440,卖盘
2331,09:59:42,23.76,--,3,7128,买盘
2332,09:59:39,23.76,0.01,10,23760,买盘
2333,09:59:36,23.75,--,11,26125,买盘
2334,09:59:33,23.75,--,31,73625,买盘
2335,09:59:30,23.75,--,11,26125,买盘
2336,09:59:27,23.75,--,204,484500,买盘
2337,09:59:21,23.75,--,4,9500,买盘
2338,09:59:09,23.75,--,50,118750,买盘
2339,09:59:06,23.75,--,13,30875,买盘
2340,09:59:03,23.75,0.01,11,26125,买盘
2341,09:58:57,23.74,-0.01,9,21366,卖盘
2342,09:58:54,23.75,0.01,10,23750,买盘
2343,09:58:51,23.74,0.01,57,135318,买盘
2344,09:58:36,23.73,-0.01,2,4746,卖盘
2345,09:58:33,23.74,0.02,118,280132,买盘
2346,09:58:30,23.72,-0.01,3,7116,卖盘
2347,09:58:27,23.73,--,10,23730,买盘
2348,09:58:24,23.73,--,20,47460,买盘
2349,09:58:21,23.73,--,1,2373,买盘
2350,09:58:15,23.73,-0.01,20,47460,卖盘
2351,09:58:12,23.74,0.01,120,284880,买盘
2352,09:58:00,23.73,-0.01,25,59325,卖盘
2353,09:57:57,23.74,0.01,2,4748,买盘
2354,09:57:54,23.73,-0.01,92,218316,卖盘
2355,09:57:51,23.74,0.01,4,9496,买盘
2356,09:57:48,23.73,-0.01,105,249165,卖盘
2357,09:57:45,23.74,--,26,61723,买盘
2358,09:57:42,23.74,--,10,23740,买盘
2359,09:57:39,23.74,--,4,9496,买盘
2360,09:57:36,23.74,--,94,223155,卖盘
2361,09:57:33,23.74,-0.01,222,527028,卖盘
2362,09:57:30,23.75,--,7,16625,买盘
2363,09:57:24,23.75,--,5,11875,买盘
2364,09:57:21,23.75,--,30,71250,买盘
2365,09:57:18,23.75,--,50,118750,买盘
2366,09:57:15,23.75,0.01,1,2375,买盘
2367,09:57:06,23.74,-0.01,24,56975,卖盘
2368,09:57:00,23.75,0.01,150,356250,买盘
2369,09:56:57,23.74,--,150,356100,买盘
2370,09:56:54,23.74,0.01,100,237399,买盘
2371,09:56:51,23.73,0.01,41,97293,买盘
2372,09:56:48,23.72,-0.01,14,33208,卖盘
2373,09:56:42,23.73,0.01,110,261030,买盘
2374,09:56:39,23.72,--,126,298872,卖盘
2375,09:56:30,23.72,-0.01,16,37952,卖盘
2376,09:56:27,23.73,--,11,26103,买盘
2377,09:56:24,23.73,--,10,23730,买盘
2378,09:56:21,23.73,0.01,3,7119,买盘
2379,09:56:15,23.72,-0.01,65,154180,卖盘
2380,09:56:12,23.73,0.01,14,33222,买盘
2381,09:56:09,23.72,-0.01,17,40324,卖盘
2382,09:56:03,23.73,0.01,1,2373,买盘
2383,09:56:00,23.72,-0.01,4,9488,卖盘
2384,09:55:57,23.73,--,183,434259,卖盘
2385,09:55:54,23.73,-0.01,30,71190,卖盘
2386,09:55:51,23.74,--,1,2374,买盘
2387,09:55:48,23.74,--,10,23740,买盘
2388,09:55:45,23.74,--,7,16618,买盘
2389,09:55:42,23.74,--,14,33236,卖盘
2390,09:55:39,23.74,--,6,14243,买盘
2391,09:55:33,23.74,-0.01,1,2374,买盘
2392,09:55:30,23.75,--,10,23750,买盘
2393,09:55:27,23.75,--,14,33250,卖盘
2394,09:55:24,23.75,-0.01,136,323000,卖盘
2395,09:55:21,23.76,0.01,61,144936,买盘
2396,09:55:18,23.75,-0.01,56,133000,卖盘
2397,09:55:15,23.76,--,61,144936,买盘
2398,09:55:06,23.76,0.01,1,2376,买盘
2399,09:55:03,23.75,-0.01,50,118750,卖盘
2400,09:55:00,23.76,--,30,71280,买盘
2401,09:54:57,23.76,-0.01,99,235224,卖盘
2402,09:54:42,23.77,-0.01,27,64179,卖盘
2403,09:54:39,23.78,--,1,2378,买盘
2404,09:54:36,23.78,--,7,16646,买盘
2405,09:54:33,23.78,--,15,35670,买盘
2406,09:54:30,23.78,-0.01,176,418528,卖盘
2407,09:54:27,23.79,--,3,7137,买盘
2408,09:54:24,23.79,0.01,10,23790,买盘
2409,09:54:21,23.78,--,16,38048,卖盘
2410,09:54:18,23.78,-0.01,82,194996,卖盘
2411,09:54:12,23.79,-0.01,20,47580,卖盘
2412,09:54:09,23.8,0.02,10,23800,买盘
2413,09:54:06,23.78,--,2,4756,卖盘
2414,09:54:03,23.78,-0.01,310,737180,卖盘
2415,09:53:57,23.79,0.01,38,90402,买盘
2416,09:53:54,23.78,--,12,28536,卖盘
2417,09:53:48,23.78,0.01,514,1222292,买盘
2418,09:53:45,23.77,--,5,11885,买盘
2419,09:53:39,23.77,-0.01,28,66556,卖盘
2420,09:53:33,23.78,0.01,38,90364,买盘
2421,09:53:30,23.77,--,5,11885,卖盘
2422,09:53:27,23.77,--,170,404090,买盘
2423,09:53:24,23.77,--,248,589496,买盘
2424,09:53:18,23.77,--,8,19016,卖盘
2425,09:53:15,23.77,-0.01,22,52294,卖盘
2426,09:53:12,23.78,--,1,2378,买盘
2427,09:53:03,23.78,--,6,14268,买盘
2428,09:53:00,23.78,0.03,3,7134,卖盘
2429,09:52:57,23.75,-0.03,22,52250,卖盘
2430,09:52:54,23.78,--,10,23780,卖盘
2431,09:52:48,23.78,--,77,183106,买盘
2432,09:52:45,23.78,0.01,56,133168,买盘
2433,09:52:42,23.77,--,103,244831,买盘
2434,09:52:39,23.77,-0.01,103,244831,卖盘
2435,09:52:36,23.78,0.01,7,16646,买盘
2436,09:52:33,23.77,-0.01,163,387451,卖盘
2437,09:52:30,23.78,--,5,11890,卖盘
2438,09:52:27,23.78,--,5,11890,买盘
2439,09:52:24,23.78,--,4,9512,买盘
2440,09:52:18,23.78,--,7,16646,买盘
2441,09:52:15,23.78,--,86,204508,卖盘
2442,09:52:12,23.78,--,26,61828,卖盘
2443,09:52:09,23.78,-0.02,213,506514,卖盘
2444,09:52:06,23.8,0.02,2,4760,买盘
2445,09:52:03,23.78,-0.01,141,335298,卖盘
2446,09:52:00,23.79,--,74,176046,卖盘
2447,09:51:54,23.79,-0.01,65,154635,卖盘
2448,09:51:51,23.8,--,30,71400,买盘
2449,09:51:48,23.8,--,7,16660,买盘
2450,09:51:45,23.8,--,30,71400,卖盘
2451,09:51:36,23.8,--,7,16660,卖盘
2452,09:51:30,23.8,0.01,9,21420,买盘
2453,09:51:27,23.79,--,1,2379,卖盘
2454,09:51:18,23.79,-0.01,61,145119,卖盘
2455,09:51:15,23.8,-0.02,7,16660,卖盘
2456,09:51:12,23.82,0.03,17,40494,买盘
2457,09:51:09,23.79,-0.01,16,38064,卖盘
2458,09:51:03,23.8,--,2,4760,买盘
2459,09:51:00,23.8,0.02,12,28560,卖盘
2460,09:50:57,23.78,-0.02,21,49938,卖盘
2461,09:50:51,23.8,--,205,487900,买盘
2462,09:50:48,23.8,--,14,33320,买盘
2463,09:50:45,23.8,--,170,405742,卖盘
2464,09:50:42,23.8,--,50,119000,卖盘
2465,09:50:39,23.8,--,20,47600,卖盘
2466,09:50:36,23.8,-0.01,25,59500,卖盘
2467,09:50:33,23.81,0.01,10,23810,中性盘
2468,09:50:30,23.8,--,273,649740,卖盘
2469,09:50:27,23.8,--,104,247520,卖盘
2470,09:50:21,23.8,-0.01,183,435540,卖盘
2471,09:50:18,23.81,0.01,10,23810,买盘
2472,09:50:15,23.8,-0.01,1,2380,卖盘
2473,09:50:12,23.81,0.01,766,1825060,买盘
2474,09:50:09,23.8,-0.01,43,102340,卖盘
2475,09:50:03,23.81,0.01,6,14286,中性盘
2476,09:50:00,23.8,-0.01,691,1644580,卖盘
2477,09:49:57,23.81,--,5,11905,卖盘
2478,09:49:54,23.81,--,2,4762,卖盘
2479,09:49:51,23.81,--,1,2381,卖盘
2480,09:49:48,23.81,-0.05,10,23810,卖盘
2481,09:49:45,23.86,0.05,20,47720,买盘
2482,09:49:42,23.81,0.01,10,23810,中性盘
2483,09:49:39,23.8,--,3,7140,卖盘
2484,09:49:36,23.8,-0.01,31,73780,卖盘
2485,09:49:33,23.81,--,10,23810,卖盘
2486,09:49:30,23.81,--,19,45262,买盘
2487,09:49:27,23.81,0.01,54,128574,买盘
2488,09:49:24,23.8,-0.01,5,11900,卖盘
2489,09:49:21,23.81,--,5,11905,买盘
2490,09:49:18,23.81,0.01,66,157146,买盘
2491,09:49:15,23.8,--,52,123760,卖盘
2492,09:49:12,23.8,--,3,7140,卖盘
2493,09:49:09,23.8,--,35,83300,卖盘
2494,09:49:06,23.8,--,77,183260,卖盘
2495,09:49:03,23.8,-0.01,20,47600,卖盘
2496,09:49:00,23.81,--,45,107145,买盘
2497,09:48:57,23.81,--,410,976210,买盘
2498,09:48:54,23.81,0.01,6,14286,买盘
2499,09:48:48,23.8,-0.01,500,1190000,卖盘
2500,09:48:45,23.81,0.01,7,16667,买盘
2501,09:48:42,23.8,--,17,40460,卖盘
2502,09:48:36,23.8,-0.01,105,251661,卖盘
2503,09:48:33,23.81,--,2,4762,卖盘
2504,09:48:30,23.81,--,57,135717,卖盘
2505,09:48:27,23.81,--,11,26191,卖盘
2506,09:48:24,23.81,--,14,33334,卖盘
2507,09:48:21,23.81,--,40,97025,卖盘
2508,09:48:18,23.81,--,20,47620,卖盘
2509,09:48:15,23.81,--,65,154765,卖盘
2510,09:48:12,23.81,--,59,140479,卖盘
2511,09:48:09,23.81,--,1,2381,卖盘
2512,09:48:06,23.81,-0.02,65,154765,卖盘
2513,09:48:03,23.83,--,16,38128,买盘
2514,09:48:00,23.83,0.01,14,33362,中性盘
2515,09:47:57,23.82,-0.02,58,138156,卖盘
2516,09:47:54,23.84,0.03,16,38144,买盘
2517,09:47:51,23.81,--,121,288101,卖盘
2518,09:47:45,23.81,--,2,4762,卖盘
2519,09:47:39,23.81,-0.04,405,964305,卖盘
2520,09:47:36,23.85,-0.04,18,42930,卖盘
2521,09:47:30,23.89,0.04,1,2389,买盘
2522,09:47:27,23.85,-0.02,406,968310,卖盘
2523,09:47:24,23.87,--,3,7161,卖盘
2524,09:47:21,23.87,--,6,14322,卖盘
2525,09:47:18,23.87,--,6,14322,卖盘
2526,09:47:15,23.87,--,2,4774,卖盘
2527,09:47:12,23.87,--,6,14322,卖盘
2528,09:47:06,23.87,--,14,33418,卖盘
2529,09:47:03,23.87,--,2,4774,卖盘
2530,09:46:54,23.87,--,3,7161,卖盘
2531,09:46:39,23.87,-0.03,0,1766,卖盘
2532,09:46:27,23.9,0.03,5,11950,买盘
2533,09:46:24,23.87,--,2,4774,买盘
2534,09:46:21,23.87,-0.01,13,31031,卖盘
2535,09:46:09,23.88,0.01,69,166586,买盘
2536,09:46:06,23.87,-0.01,25,59675,卖盘
2537,09:46:03,23.88,0.01,35,83580,买盘
2538,09:45:54,23.87,--,0,1790,卖盘
2539,09:45:48,23.87,-0.01,12,28644,卖盘
2540,09:45:45,23.88,--,6,14328,买盘
2541,09:45:42,23.88,--,35,83580,卖盘
2542,09:45:33,23.88,-0.01,1,2388,卖盘
2543,09:45:27,23.89,--,10,23890,卖盘
2544,09:45:24,23.89,--,70,167230,买盘
2545,09:45:21,23.89,--,2,4778,买盘
2546,09:45:18,23.89,0.01,8,19112,买盘
2547,09:45:15,23.88,-0.01,2,4776,卖盘
2548,09:45:12,23.89,--,3,7167,买盘
2549,09:45:06,23.89,-0.01,217,518413,卖盘
2550,09:45:03,23.9,0.01,12,28680,买盘
2551,09:45:00,23.89,--,26,62114,卖盘
2552,09:44:57,23.89,--,6,14334,卖盘
2553,09:44:51,23.89,--,27,64503,卖盘
2554,09:44:48,23.89,-0.01,27,64503,卖盘
2555,09:44:45,23.9,0.01,70,167300,买盘
2556,09:44:15,23.89,--,5,11945,卖盘
2557,09:44:12,23.89,0.02,16,38224,中性盘
2558,09:44:09,23.87,--,83,199935,卖盘
2559,09:44:06,23.87,--,20,47740,卖盘
2560,09:44:00,23.87,-0.02,27,64449,卖盘
2561,09:43:57,23.89,0.02,10,23890,买盘
2562,09:43:54,23.87,-0.01,7,16709,卖盘
2563,09:43:51,23.88,--,19,45372,买盘
2564,09:43:48,23.88,-0.01,5,12513,卖盘
2565,09:43:45,23.89,--,29,69281,买盘
2566,09:43:42,23.89,0.01,41,97949,买盘
2567,09:43:39,23.88,-0.01,36,85968,卖盘
2568,09:43:36,23.89,-0.01,153,365517,卖盘
2569,09:43:33,23.9,-0.01,19,45410,卖盘
2570,09:43:30,23.91,--,1,2391,买盘
2571,09:43:27,23.91,--,1,2391,买盘
2572,09:43:24,23.91,-0.02,5,11955,中性盘
2573,09:43:21,23.93,0.01,12,28716,买盘
2574,09:43:18,23.92,0.02,4,9568,买盘
2575,09:43:12,23.9,-0.02,0,1792,卖盘
2576,09:43:09,23.92,-0.01,10,23920,中性盘
2577,09:43:03,23.93,--,7,17349,卖盘
2578,09:42:51,23.93,--,0,1794,卖盘
2579,09:42:48,23.93,0.03,6,14358,买盘
2580,09:42:42,23.9,--,30,71700,卖盘
2581,09:42:30,23.9,--,269,643507,买盘
2582,09:42:24,23.9,--,59,141010,买盘
2583,09:42:21,23.9,--,6,14340,买盘
2584,09:42:18,23.9,0.01,63,150570,买盘
2585,09:42:12,23.89,-0.01,5,11945,卖盘
2586,09:42:09,23.9,--,20,47800,买盘
2587,09:42:03,23.9,0.02,5,11950,买盘
2588,09:42:00,23.88,-0.02,115,276434,卖盘
2589,09:41:57,23.9,--,8,19120,买盘
2590,09:41:51,23.9,--,114,272460,买盘
2591,09:41:48,23.9,--,6,14340,买盘
2592,09:41:45,23.9,--,18,43020,买盘
2593,09:41:42,23.9,0.01,30,71700,买盘
2594,09:41:39,23.89,--,10,23890,卖盘
2595,09:41:36,23.89,-0.01,5,11945,卖盘
2596,09:41:33,23.9,--,10,23900,买盘
2597,09:41:24,23.9,0.01,27,64529,买盘
2598,09:41:21,23.89,-0.01,37,88393,卖盘
2599,09:41:15,23.9,0.02,176,420640,买盘
2600,09:41:12,23.88,-0.01,5,11940,卖盘
2601,09:41:09,23.89,-0.01,39,93171,卖盘
2602,09:41:06,23.9,0.01,27,64529,买盘
2603,09:41:03,23.89,-0.01,59,140951,卖盘
2604,09:41:00,23.9,0.01,6,14340,买盘
2605,09:40:57,23.89,-0.01,1,2389,卖盘
2606,09:40:54,23.9,--,100,239000,买盘
2607,09:40:51,23.9,--,15,35850,买盘
2608,09:40:48,23.9,--,5,11950,买盘
2609,09:40:45,23.9,0.01,20,47800,买盘
2610,09:40:42,23.89,-0.01,47,112283,卖盘
2611,09:40:36,23.9,--,9,21510,买盘
2612,09:40:33,23.9,--,2,4780,买盘
2613,09:40:30,23.9,--,9,21510,买盘
2614,09:40:27,23.9,--,5,11950,买盘
2615,09:40:24,23.9,--,47,112330,买盘
2616,09:40:21,23.9,--,5,11950,买盘
2617,09:40:18,23.9,--,1,2390,买盘
2618,09:40:15,23.9,--,146,348940,买盘
2619,09:40:09,23.9,--,7,16730,买盘
2620,09:40:06,23.9,-0.03,257,615425,卖盘
2621,09:39:54,23.93,-0.02,50,119650,卖盘
2622,09:39:51,23.95,--,464,1112477,买盘
2623,09:39:48,23.95,0.05,507,1214265,买盘
2624,09:39:45,23.9,-0.01,264,632155,卖盘
2625,09:39:36,23.91,--,5,11955,卖盘
2626,09:39:33,23.91,--,1,2391,卖盘
2627,09:39:27,23.91,0.03,751,1796836,买盘
2628,09:39:15,23.88,-0.01,4,9552,卖盘
2629,09:39:12,23.89,-0.01,15,35835,中性盘
2630,09:39:06,23.9,--,13,31069,买盘
2631,09:39:03,23.9,0.03,8,19120,买盘
2632,09:39:00,23.87,--,1,2387,卖盘
2633,09:38:42,23.87,--,2,4774,卖盘
2634,09:38:36,23.87,-0.03,5,11935,中性盘
2635,09:38:30,23.9,0.04,22,52580,买盘
2636,09:38:18,23.86,--,73,174178,卖盘
2637,09:38:15,23.86,--,6,14316,卖盘
2638,09:38:09,23.86,-0.03,29,69194,卖盘
2639,09:38:03,23.89,0.03,1,2389,买盘
2640,09:37:54,23.86,0.01,11,26246,卖盘
2641,09:37:48,23.85,--,7,16695,卖盘
2642,09:37:42,23.85,-0.05,55,132367,卖盘
2643,09:37:36,23.9,0.05,1212,2896680,买盘
2644,09:37:33,23.85,-0.01,115,274275,卖盘
2645,09:37:27,23.86,--,11,26246,卖盘
2646,09:37:24,23.86,--,6,14316,卖盘
2647,09:37:21,23.86,--,87,207582,买盘
2648,09:37:18,23.86,--,5,11930,买盘
2649,09:37:09,23.86,0.01,8,19088,中性盘
2650,09:37:06,23.85,-0.01,27,64395,卖盘
2651,09:37:03,23.86,-0.02,63,150318,卖盘
2652,09:37:00,23.88,0.02,4,9552,买盘
2653,09:36:57,23.86,-0.02,6,14316,卖盘
2654,09:36:54,23.88,0.02,13,31044,买盘
2655,09:36:51,23.86,--,10,23860,卖盘
2656,09:36:42,23.86,-0.02,25,59650,卖盘
2657,09:36:39,23.88,--,4,9552,买盘
2658,09:36:30,23.88,--,38,90744,卖盘
2659,09:36:27,23.88,-0.01,6,14328,卖盘
2660,09:36:24,23.89,0.01,17,40613,中性盘
2661,09:36:21,23.88,--,24,57312,卖盘
2662,09:36:18,23.88,--,12,28656,卖盘
2663,09:36:15,23.88,--,15,35820,卖盘
2664,09:36:12,23.88,-0.02,76,181488,卖盘
2665,09:36:09,23.9,--,2,4780,买盘
2666,09:36:03,23.9,0.02,2,4780,买盘
2667,09:36:00,23.88,-0.02,100,238800,卖盘
2668,09:35:57,23.9,--,412,985874,卖盘
2669,09:35:54,23.9,--,32,76480,卖盘
2670,09:35:51,23.9,--,5,11950,卖盘
2671,09:35:48,23.9,--,39,93210,卖盘
2672,09:35:45,23.9,--,71,169690,卖盘
2673,09:35:39,23.9,--,7,16730,卖盘
2674,09:35:36,23.9,-0.01,52,125474,卖盘
2675,09:35:33,23.91,0.01,25,59775,买盘
2676,09:35:27,23.9,--,154,368060,卖盘
2677,09:35:21,23.9,--,16,38240,卖盘
2678,09:35:18,23.9,--,39,93210,卖盘
2679,09:35:12,23.9,--,66,157740,卖盘
2680,09:35:09,23.9,-0.02,41,97990,卖盘
2681,09:35:03,23.92,0.02,6,14352,买盘
2682,09:34:57,23.9,-0.02,19,45410,卖盘
2683,09:34:54,23.92,0.01,291,696072,买盘
2684,09:34:48,23.91,-0.01,3,7173,中性盘
2685,09:34:42,23.92,0.02,3,7176,买盘
2686,09:34:36,23.9,-0.01,22,52580,卖盘
2687,09:34:33,23.91,--,1,2391,卖盘
2688,09:34:27,23.91,-0.02,110,263010,卖盘
2689,09:34:24,23.93,0.02,20,47860,买盘
2690,09:34:21,23.91,-0.01,50,119550,卖盘
2691,09:34:18,23.92,--,9,21528,卖盘
2692,09:34:12,23.92,-0.01,15,35880,卖盘
2693,09:34:06,23.93,0.01,3,7179,买盘
2694,09:34:03,23.92,-0.01,2,4784,卖盘
2695,09:33:57,23.93,--,22,52646,买盘
2696,09:33:54,23.93,-0.01,23,57408,卖盘
2697,09:33:51,23.94,--,3,7182,卖盘
2698,09:33:48,23.94,0.01,10,23940,中性盘
2699,09:33:45,23.93,-0.01,6,14358,卖盘
2700,09:33:42,23.94,--,12,28728,卖盘
2701,09:33:39,23.94,--,5,11970,卖盘
2702,09:33:36,23.94,--,4,9576,买盘
2703,09:33:27,23.94,--,5,11970,买盘
2704,09:33:24,23.94,--,37,88578,卖盘
2705,09:33:21,23.94,-0.02,4,9576,卖盘
2706,09:33:12,23.96,--,2,4792,买盘
2707,09:33:09,23.96,--,7,16772,买盘
2708,09:33:06,23.96,--,1,2396,卖盘
2709,09:33:03,23.96,-0.01,10,23960,卖盘
2710,09:33:00,23.97,0.02,1,2397,买盘
2711,09:32:54,23.95,--,1,2395,卖盘
2712,09:32:48,23.95,0.01,10,23950,买盘
2713,09:32:42,23.94,-0.02,4,9576,卖盘
2714,09:32:36,23.96,0.02,19,45524,买盘
2715,09:32:33,23.94,--,2,4788,卖盘
2716,09:32:30,23.94,-0.01,4,9599,中性盘
2717,09:32:21,23.95,--,5,11975,买盘
2718,09:32:18,23.95,0.04,20,47900,买盘
2719,09:32:15,23.91,-0.03,58,138678,卖盘
2720,09:32:12,23.94,0.03,7,16758,买盘
2721,09:32:09,23.91,--,4,9564,卖盘
2722,09:32:03,23.91,--,40,95640,卖盘
2723,09:31:54,23.91,-0.04,10,23910,卖盘
2724,09:31:51,23.95,0.05,9,21555,买盘
2725,09:31:42,23.9,--,95,227050,卖盘
2726,09:31:36,23.9,--,10,23900,卖盘
2727,09:31:30,23.9,--,2,4780,卖盘
2728,09:31:27,23.9,-0.01,5,11950,卖盘
2729,09:31:24,23.91,--,11,26301,买盘
2730,09:31:18,23.91,0.01,8,19128,买盘
2731,09:31:15,23.9,--,2,4780,卖盘
2732,09:31:06,23.9,-0.01,1,2390,卖盘
2733,09:31:03,23.91,-0.05,53,126723,卖盘
2734,09:31:00,23.96,0.01,15,35940,买盘
2735,09:30:57,23.95,-0.01,25,59875,卖盘
2736,09:30:51,23.96,0.01,10,23960,买盘
2737,09:30:48,23.95,-0.01,1,2395,卖盘
2738,09:30:39,23.96,0.05,14,33544,买盘
2739,09:30:36,23.91,-0.04,29,69339,卖盘
2740,09:30:30,23.95,0.03,3,7185,买盘
2741,09:30:21,23.92,0.01,5,11960,中性盘
2742,09:30:12,23.91,--,6,14346,卖盘
2743,09:30:09,23.91,-0.04,17,40647,卖盘
2744,09:30:06,23.95,0.05,22,52690,买盘
2745,09:30:03,23.9,--,138,329820,卖盘
2746,09:30:00,23.9,--,0,0,卖盘
2747,09:25:03,23.9,23.9,184,439760,买盘
