,time,price,change,volume,amount,type
0,15:00:03,2.62,-0.01,1611,422291,卖盘
1,14:57:00,2.63,--,0,0,买盘
2,14:56:54,2.63,--,12,3156,买盘
3,14:56:48,2.63,--,269,70747,买盘
4,14:56:36,2.63,0.01,2,526,买盘
5,14:56:33,2.62,--,227,59474,卖盘
6,14:56:24,2.62,-0.01,61,16191,卖盘
7,14:56:12,2.63,0.01,9,2367,买盘
8,14:56:03,2.62,--,30,7860,卖盘
9,14:55:57,2.62,-0.01,20,5240,卖盘
10,14:55:33,2.63,0.01,58,15254,买盘
11,14:55:27,2.62,--,11,2882,卖盘
12,14:55:21,2.62,-0.01,37,9694,卖盘
13,14:55:18,2.63,--,210,55230,买盘
14,14:55:06,2.63,0.01,14,3682,买盘
15,14:54:57,2.62,-0.01,9,2358,卖盘
16,14:54:54,2.63,0.01,35,9205,买盘
17,14:54:45,2.62,-0.01,6,1572,卖盘
18,14:54:42,2.63,--,175,46025,买盘
19,14:54:36,2.63,0.01,10,2630,买盘
20,14:54:33,2.62,--,131,34322,卖盘
21,14:54:30,2.62,--,371,97202,卖盘
22,14:54:21,2.62,-0.01,28,7336,卖盘
23,14:54:09,2.63,0.01,2,526,买盘
24,14:54:06,2.62,--,40,10480,卖盘
25,14:53:51,2.62,-0.01,10,2620,卖盘
26,14:53:39,2.63,0.01,50,13150,买盘
27,14:53:30,2.62,-0.01,20,5240,卖盘
28,14:53:15,2.63,--,20,5260,买盘
29,14:53:03,2.63,0.01,2,526,买盘
30,14:53:00,2.62,--,0,157,卖盘
31,14:52:57,2.62,--,20,5240,卖盘
32,14:52:54,2.62,--,30,7860,卖盘
33,14:52:45,2.62,--,1,262,卖盘
34,14:52:42,2.62,--,100,26200,卖盘
35,14:52:30,2.62,--,7,1834,卖盘
36,14:52:27,2.62,--,20,5240,卖盘
37,14:52:21,2.62,-0.01,92,24104,卖盘
38,14:52:12,2.63,0.01,1,263,买盘
39,14:52:09,2.62,--,100,26200,卖盘
40,14:52:00,2.62,--,15,3930,卖盘
41,14:51:45,2.62,--,400,104800,卖盘
42,14:51:39,2.62,-0.01,370,96940,卖盘
43,14:51:30,2.63,--,7,1841,买盘
44,14:51:24,2.63,--,16,4208,买盘
45,14:51:21,2.63,0.01,3,789,买盘
46,14:51:09,2.62,--,7,1886,卖盘
47,14:51:03,2.62,-0.01,500,131000,卖盘
48,14:51:00,2.63,0.01,18,4734,买盘
49,14:50:57,2.62,--,50,13100,卖盘
50,14:50:54,2.62,-0.01,24,6288,卖盘
51,14:50:42,2.63,--,30,7890,买盘
52,14:50:39,2.63,--,3,789,买盘
53,14:50:36,2.63,--,3,789,买盘
54,14:50:30,2.63,0.01,3,789,买盘
55,14:50:27,2.62,--,210,55020,卖盘
56,14:50:06,2.62,-0.01,80,20960,卖盘
57,14:50:03,2.63,--,2,526,买盘
58,14:50:00,2.63,0.01,12,3156,买盘
59,14:49:57,2.62,--,290,75980,卖盘
60,14:49:54,2.62,--,2,524,卖盘
61,14:49:51,2.62,--,50,13100,卖盘
62,14:49:33,2.62,--,1,262,卖盘
63,14:49:24,2.62,--,54,14148,卖盘
64,14:49:12,2.62,--,7,1886,卖盘
65,14:49:09,2.62,--,50,13100,卖盘
66,14:49:06,2.62,--,14,3668,卖盘
67,14:48:51,2.62,-0.01,34,8908,卖盘
68,14:48:42,2.63,--,3,789,买盘
69,14:48:36,2.63,0.01,6,1578,买盘
70,14:48:21,2.62,--,9,2358,卖盘
71,14:48:18,2.62,--,52,13624,卖盘
72,14:48:09,2.62,-0.01,7,1834,卖盘
73,14:47:54,2.63,--,2,526,买盘
74,14:47:48,2.63,--,4,1052,买盘
75,14:47:45,2.63,--,3,789,买盘
76,14:47:36,2.63,0.01,10,2630,买盘
77,14:47:33,2.62,-0.01,59,15458,卖盘
78,14:47:27,2.63,0.01,21,5523,买盘
79,14:47:24,2.62,-0.01,1,262,卖盘
80,14:47:21,2.63,--,100,26300,买盘
81,14:47:12,2.63,0.01,8,2104,买盘
82,14:47:00,2.62,-0.01,2,524,卖盘
83,14:46:57,2.63,--,5,1315,买盘
84,14:46:45,2.63,--,203,53389,买盘
85,14:46:42,2.63,--,22,5786,买盘
86,14:46:09,2.63,0.01,137,36031,买盘
87,14:46:06,2.62,-0.01,6,1572,卖盘
88,14:46:03,2.63,0.01,10,2630,买盘
89,14:45:57,2.62,-0.01,12,3196,卖盘
90,14:45:54,2.63,0.01,12,3156,买盘
91,14:45:48,2.62,-0.01,60,15720,卖盘
92,14:45:42,2.63,--,1,263,买盘
93,14:45:33,2.63,0.01,70,18410,买盘
94,14:45:24,2.62,--,100,26200,卖盘
95,14:45:21,2.62,--,3,943,卖盘
96,14:45:18,2.62,-0.01,20,5240,卖盘
97,14:45:00,2.63,--,26,6838,买盘
98,14:44:54,2.63,0.01,10,2630,买盘
99,14:44:42,2.62,-0.01,19,5030,卖盘
100,14:44:39,2.63,0.01,61,16043,买盘
101,14:44:33,2.62,-0.01,7,1886,卖盘
102,14:44:18,2.63,0.01,7,1841,买盘
103,14:44:15,2.62,-0.01,6,1676,卖盘
104,14:44:06,2.63,0.01,284,74692,买盘
105,14:44:03,2.62,--,5,1310,卖盘
106,14:43:57,2.62,--,9,2358,卖盘
107,14:43:51,2.62,-0.01,3,943,卖盘
108,14:43:42,2.63,0.01,9,2367,买盘
109,14:43:39,2.62,--,101,26671,卖盘
110,14:43:24,2.62,-0.01,3,943,卖盘
111,14:42:51,2.63,--,100,26300,买盘
112,14:42:48,2.63,0.01,10,2630,买盘
113,14:42:06,2.62,--,16,4192,卖盘
114,14:42:00,2.62,-0.01,300,78600,卖盘
115,14:41:45,2.63,0.01,3,789,买盘
116,14:41:30,2.62,--,2,524,卖盘
117,14:41:18,2.62,-0.01,520,136240,卖盘
118,14:41:12,2.63,0.01,1,263,买盘
119,14:41:09,2.62,--,1,262,卖盘
120,14:41:03,2.62,-0.01,14,3668,卖盘
121,14:41:00,2.63,0.01,32,8416,买盘
122,14:40:57,2.62,--,108,28296,卖盘
123,14:40:48,2.62,--,50,13100,卖盘
124,14:40:45,2.62,--,19,5187,卖盘
125,14:40:30,2.62,--,18,4716,卖盘
126,14:39:54,2.62,--,101,26671,卖盘
127,14:39:48,2.62,--,60,15720,卖盘
128,14:39:36,2.62,--,1,471,卖盘
129,14:39:18,2.62,--,1853,485486,卖盘
130,14:39:15,2.62,--,9,2358,卖盘
131,14:38:57,2.62,-0.01,50,13100,卖盘
132,14:38:48,2.63,0.01,5,1315,买盘
133,14:38:45,2.62,--,5,1519,卖盘
134,14:38:30,2.62,--,100,26200,卖盘
135,14:38:24,2.62,--,72,18864,卖盘
136,14:38:21,2.62,-0.01,176,46216,卖盘
137,14:38:15,2.63,0.01,15,3945,买盘
138,14:38:03,2.62,--,80,20960,卖盘
139,14:37:45,2.62,-0.01,100,26200,卖盘
140,14:37:39,2.63,0.01,254,66802,买盘
141,14:37:33,2.62,-0.01,50,13204,卖盘
142,14:37:27,2.63,--,202,53126,买盘
143,14:37:21,2.63,--,324,85212,买盘
144,14:36:57,2.63,0.01,36,9468,买盘
145,14:36:12,2.62,--,1,471,卖盘
146,14:36:06,2.62,--,30,7860,卖盘
147,14:36:03,2.62,--,64,16768,卖盘
148,14:35:57,2.62,--,50,13100,卖盘
149,14:35:39,2.62,-0.01,2,524,卖盘
150,14:35:33,2.63,0.01,2,526,买盘
151,14:35:30,2.62,--,10,2620,卖盘
152,14:35:27,2.62,-0.01,135,35370,卖盘
153,14:35:18,2.63,0.01,2,526,买盘
154,14:34:54,2.62,--,4,1048,卖盘
155,14:34:51,2.62,-0.01,50,13100,卖盘
156,14:34:45,2.63,0.01,4,1052,买盘
157,14:34:42,2.62,--,50,13100,卖盘
158,14:34:33,2.62,--,2,524,卖盘
159,14:34:30,2.62,--,0,209,卖盘
160,14:34:27,2.62,--,3,786,卖盘
161,14:34:21,2.62,--,385,101092,买盘
162,14:34:18,2.62,--,52,13624,买盘
163,14:34:15,2.62,--,233,61046,买盘
164,14:34:12,2.62,--,50,13100,买盘
165,14:34:09,2.62,--,130,34060,买盘
166,14:34:06,2.62,--,20,5240,买盘
167,14:34:03,2.62,--,10,2620,买盘
168,14:33:57,2.62,--,57,14934,买盘
169,14:33:54,2.62,--,15,3930,买盘
170,14:33:51,2.62,--,6,1572,买盘
171,14:33:45,2.62,--,2608,683353,卖盘
172,14:33:18,2.62,--,18,4716,卖盘
173,14:33:15,2.62,-0.01,935,245148,卖盘
174,14:32:39,2.63,0.01,283,74429,买盘
175,14:32:24,2.62,-0.01,30,7860,卖盘
176,14:32:09,2.63,--,2,526,买盘
177,14:31:42,2.63,0.01,10,2630,买盘
178,14:31:36,2.62,--,39,10375,卖盘
179,14:31:09,2.62,--,1,262,卖盘
180,14:30:54,2.62,--,8,2096,卖盘
181,14:30:42,2.62,--,22,5764,卖盘
182,14:30:27,2.62,--,7,2043,卖盘
183,14:30:03,2.62,-0.01,1,262,卖盘
184,14:29:48,2.63,--,56,14728,买盘
185,14:29:45,2.63,0.01,4,1052,买盘
186,14:29:21,2.62,--,1114,292051,买盘
187,14:29:18,2.62,--,8,2096,买盘
188,14:29:09,2.62,0.01,3,786,买盘
189,14:29:03,2.61,--,1,261,卖盘
190,14:29:00,2.61,-0.01,80,20880,卖盘
191,14:28:54,2.62,--,263,68906,买盘
192,14:28:48,2.62,--,66,17292,买盘
193,14:28:42,2.62,0.01,29,7598,买盘
194,14:28:39,2.61,-0.01,6,1566,卖盘
195,14:28:36,2.62,--,100,26200,买盘
196,14:28:30,2.62,--,15,3930,买盘
197,14:28:21,2.62,--,38,9956,买盘
198,14:28:18,2.62,--,108,28296,买盘
199,14:28:15,2.62,--,30,7860,买盘
200,14:28:09,2.62,--,69,18078,买盘
201,14:28:06,2.62,--,164,42968,买盘
202,14:28:03,2.62,--,53,13886,买盘
203,14:27:54,2.62,--,49,12838,买盘
204,14:27:51,2.62,--,100,26200,买盘
205,14:27:48,2.62,--,20,5240,买盘
206,14:27:42,2.62,--,667,174754,买盘
207,14:27:36,2.62,--,7,1834,买盘
208,14:27:30,2.62,--,1,262,买盘
209,14:27:27,2.62,--,10,2620,买盘
210,14:27:21,2.62,--,20,5240,买盘
211,14:27:15,2.62,--,98,25676,买盘
212,14:27:12,2.62,--,4,1048,买盘
213,14:26:54,2.62,--,1,262,买盘
214,14:26:51,2.62,0.01,23,6026,买盘
215,14:26:45,2.61,-0.01,234,61074,卖盘
216,14:26:42,2.62,--,5,1310,买盘
217,14:26:39,2.62,--,7,1834,买盘
218,14:26:24,2.62,--,1,262,买盘
219,14:26:12,2.62,0.01,53,13886,买盘
220,14:26:09,2.61,-0.01,155,40559,卖盘
221,14:26:03,2.62,--,38,9956,买盘
222,14:26:00,2.62,--,2,524,买盘
223,14:25:51,2.62,--,8,2096,买盘
224,14:25:48,2.62,--,17,4454,买盘
225,14:25:45,2.62,0.01,15,3930,买盘
226,14:25:30,2.61,-0.01,127,33355,卖盘
227,14:25:24,2.62,0.01,5,1310,买盘
228,14:25:12,2.61,--,2,730,卖盘
229,14:25:03,2.61,--,3,939,卖盘
230,14:24:39,2.61,-0.01,60,15660,卖盘
231,14:24:36,2.62,--,7,1834,买盘
232,14:24:24,2.62,--,44,11528,买盘
233,14:24:12,2.62,--,1,262,买盘
234,14:23:54,2.62,--,6,1572,买盘
235,14:23:39,2.62,--,3,786,买盘
236,14:23:36,2.62,--,4,1048,买盘
237,14:23:12,2.62,--,5,1310,买盘
238,14:23:00,2.62,0.01,59,15458,买盘
239,14:22:39,2.61,-0.01,44,11536,卖盘
240,14:22:36,2.62,--,9,2358,买盘
241,14:22:33,2.62,--,1,262,买盘
242,14:22:27,2.62,--,13,3406,买盘
243,14:22:24,2.62,--,1,262,买盘
244,14:22:15,2.62,--,1,262,买盘
245,14:22:09,2.62,--,19,4978,买盘
246,14:22:06,2.62,--,4,1048,买盘
247,14:21:54,2.62,0.01,317,83054,买盘
248,14:21:51,2.61,--,92,24012,卖盘
249,14:21:42,2.61,--,14,3654,卖盘
250,14:21:30,2.61,-0.01,3,783,卖盘
251,14:21:24,2.62,0.01,3,786,买盘
252,14:21:18,2.61,-0.01,200,52200,卖盘
253,14:21:09,2.62,--,61,15982,买盘
254,14:21:03,2.62,--,22,5764,买盘
255,14:21:00,2.62,--,50,13100,买盘
256,14:20:57,2.62,--,120,31440,买盘
257,14:20:54,2.62,0.01,8,2096,买盘
258,14:20:51,2.61,-0.01,7,1827,卖盘
259,14:20:39,2.62,--,40,10480,买盘
260,14:20:30,2.62,--,102,26724,买盘
261,14:20:18,2.62,--,15,3930,买盘
262,14:20:09,2.62,--,5,1310,买盘
263,14:20:03,2.62,--,10,2620,买盘
264,14:19:57,2.62,0.01,41,10742,买盘
265,14:19:54,2.61,-0.01,141,36801,卖盘
266,14:19:45,2.62,--,2,524,买盘
267,14:19:30,2.62,0.01,20,5240,买盘
268,14:19:24,2.61,--,3,783,卖盘
269,14:19:12,2.61,-0.01,40,10440,卖盘
270,14:19:09,2.62,--,18,4716,买盘
271,14:19:00,2.62,--,9,2358,买盘
272,14:18:57,2.62,0.01,8,2096,买盘
273,14:18:54,2.61,-0.01,216,56376,卖盘
274,14:18:36,2.62,--,100,26200,买盘
275,14:18:21,2.62,--,4,1048,买盘
276,14:18:18,2.62,0.01,3,786,买盘
277,14:17:42,2.61,-0.01,100,26100,卖盘
278,14:17:30,2.62,0.01,2,524,买盘
279,14:17:21,2.61,-0.01,50,13050,卖盘
280,14:17:00,2.62,0.01,63,16506,买盘
281,14:16:48,2.61,--,59,15607,卖盘
282,14:16:36,2.61,-0.01,10,2610,卖盘
283,14:16:21,2.62,--,10,2620,买盘
284,14:16:12,2.62,--,2,524,买盘
285,14:16:09,2.62,0.01,7,1834,买盘
286,14:16:00,2.61,--,3,783,卖盘
287,14:15:27,2.61,-0.01,294,76734,卖盘
288,14:15:24,2.62,--,14,3668,买盘
289,14:15:21,2.62,--,50,13100,买盘
290,14:15:00,2.62,--,8,2096,买盘
291,14:14:57,2.62,0.01,20,5240,买盘
292,14:14:45,2.61,-0.01,195,50947,卖盘
293,14:14:42,2.62,--,3,786,买盘
294,14:14:15,2.62,0.01,3,786,买盘
295,14:14:12,2.61,--,12,3132,卖盘
296,14:14:03,2.61,--,3,783,卖盘
297,14:13:42,2.61,-0.01,68,17748,卖盘
298,14:13:39,2.62,--,100,26200,买盘
299,14:13:24,2.62,0.01,25,6550,买盘
300,14:13:21,2.61,-0.01,80,20880,卖盘
301,14:13:18,2.62,--,2,524,买盘
302,14:13:15,2.62,0.01,150,39300,买盘
303,14:13:12,2.61,-0.01,10,2818,卖盘
304,14:13:06,2.62,--,20,5240,买盘
305,14:13:03,2.62,--,2,524,买盘
306,14:13:00,2.62,--,4,1048,买盘
307,14:12:36,2.62,0.01,3,786,买盘
308,14:12:30,2.61,-0.01,54,14094,卖盘
309,14:12:27,2.62,--,6,1572,买盘
310,14:12:18,2.62,0.01,32,8384,买盘
311,14:12:15,2.61,-0.01,95,24899,卖盘
312,14:12:09,2.62,--,21,5502,买盘
313,14:11:39,2.62,--,5,1310,买盘
314,14:11:36,2.62,0.01,9,2358,买盘
315,14:11:30,2.61,--,7,1827,卖盘
316,14:11:27,2.61,--,50,13050,卖盘
317,14:11:21,2.61,-0.01,24,6264,卖盘
318,14:11:15,2.62,--,2,524,买盘
319,14:11:12,2.62,--,33,8646,买盘
320,14:10:39,2.62,0.01,5,1310,买盘
321,14:10:24,2.61,-0.01,200,52200,卖盘
322,14:10:21,2.62,0.01,30,7860,买盘
323,14:10:15,2.61,-0.01,20,5220,卖盘
324,14:10:06,2.62,0.01,1,262,买盘
325,14:10:03,2.61,--,21,5689,卖盘
326,14:09:54,2.61,-0.01,40,10440,卖盘
327,14:09:48,2.62,0.01,52,13624,买盘
328,14:09:45,2.61,-0.01,5,1305,卖盘
329,14:09:42,2.62,0.01,28,7336,买盘
330,14:09:36,2.61,--,90,23490,卖盘
331,14:09:21,2.61,-0.01,10,2610,卖盘
332,14:09:15,2.62,0.01,100,26200,买盘
333,14:09:06,2.61,-0.01,21,5481,卖盘
334,14:08:54,2.62,--,3,786,买盘
335,14:08:42,2.62,--,2,524,买盘
336,14:08:39,2.62,--,40,10480,买盘
337,14:08:36,2.62,--,5,1310,买盘
338,14:08:24,2.62,0.01,2,524,买盘
339,14:08:18,2.61,--,6,1722,卖盘
340,14:08:12,2.61,--,18,4698,卖盘
341,14:07:45,2.61,--,730,190530,卖盘
342,14:07:33,2.61,--,40,10440,卖盘
343,14:07:30,2.61,-0.01,40,10440,卖盘
344,14:07:24,2.62,0.01,7,1834,买盘
345,14:07:06,2.61,--,1061,276921,卖盘
346,14:06:57,2.61,--,5,1305,卖盘
347,14:06:54,2.61,--,100,26100,卖盘
348,14:06:36,2.61,--,5,1305,卖盘
349,14:06:21,2.61,-0.01,40,10440,卖盘
350,14:06:18,2.62,--,3,786,买盘
351,14:06:12,2.62,0.01,15,3930,买盘
352,14:06:06,2.61,--,20,5220,卖盘
353,14:06:03,2.61,--,666,173826,卖盘
354,14:05:57,2.61,--,17,4437,卖盘
355,14:05:54,2.61,--,50,13050,卖盘
356,14:05:51,2.61,-0.01,30,7830,卖盘
357,14:05:18,2.62,--,50,13100,买盘
358,14:05:09,2.62,--,2618,685971,卖盘
359,14:05:06,2.62,--,400,104800,卖盘
360,14:05:03,2.62,-0.01,105,27510,卖盘
361,14:05:00,2.63,--,6076,1598001,买盘
362,14:04:51,2.63,0.01,2,526,买盘
363,14:04:45,2.62,--,990,259380,卖盘
364,14:04:36,2.62,--,7,1834,卖盘
365,14:04:33,2.62,--,234,61308,卖盘
366,14:04:30,2.62,--,79,20855,卖盘
367,14:04:27,2.62,-0.01,900,235904,卖盘
368,14:04:18,2.63,0.01,2,526,买盘
369,14:04:15,2.62,-0.01,86,22532,卖盘
370,14:03:57,2.63,0.01,80,21040,买盘
371,14:03:54,2.62,--,90,23580,卖盘
372,14:03:48,2.62,-0.01,50,13100,卖盘
373,14:03:36,2.63,0.01,11,2893,买盘
374,14:03:33,2.62,--,3,943,卖盘
375,14:03:27,2.62,-0.01,1,262,卖盘
376,14:03:15,2.63,0.01,610,160430,买盘
377,14:03:06,2.62,--,1,262,卖盘
378,14:02:54,2.62,--,2,681,卖盘
379,14:02:48,2.62,-0.01,150,39300,卖盘
380,14:02:18,2.63,--,1,263,买盘
381,14:02:09,2.63,0.01,10,2630,买盘
382,14:01:12,2.62,--,100,26200,卖盘
383,14:01:03,2.62,-0.01,38,9956,卖盘
384,14:00:45,2.63,--,1,263,买盘
385,14:00:27,2.63,--,30,7890,买盘
386,14:00:21,2.63,0.01,30,7890,买盘
387,14:00:18,2.62,--,36,9432,卖盘
388,13:59:57,2.62,-0.01,2,524,卖盘
389,13:59:48,2.63,0.01,18,4734,买盘
390,13:59:36,2.62,--,30,7860,卖盘
391,13:59:27,2.62,-0.01,6,1572,卖盘
392,13:59:24,2.63,--,37,9731,买盘
393,13:59:15,2.63,0.01,92,24196,买盘
394,13:59:12,2.62,--,264,69168,卖盘
395,13:58:45,2.62,-0.01,11,2882,卖盘
396,13:58:39,2.63,0.01,61,16095,买盘
397,13:58:33,2.62,-0.01,50,13100,卖盘
398,13:58:27,2.63,0.01,40,10520,买盘
399,13:58:24,2.62,--,20,5240,卖盘
400,13:58:15,2.62,--,36,9432,卖盘
401,13:58:09,2.62,--,2,524,卖盘
402,13:58:06,2.62,--,530,138860,卖盘
403,13:58:00,2.62,--,40,10480,卖盘
404,13:57:48,2.62,-0.01,50,13100,卖盘
405,13:57:45,2.63,0.01,198,52074,买盘
406,13:57:39,2.62,--,6,1572,卖盘
407,13:57:18,2.62,--,10,2620,卖盘
408,13:57:12,2.62,-0.01,160,41920,卖盘
409,13:57:06,2.63,0.01,2,526,买盘
410,13:56:57,2.62,--,50,13100,卖盘
411,13:56:45,2.62,--,30,7860,卖盘
412,13:56:27,2.62,--,20,5240,卖盘
413,13:56:18,2.62,-0.01,10,2620,卖盘
414,13:56:00,2.63,0.01,2,526,买盘
415,13:55:51,2.62,-0.01,20,5240,卖盘
416,13:55:39,2.63,0.01,7,1841,买盘
417,13:55:15,2.62,-0.01,11,2882,卖盘
418,13:54:39,2.63,--,41,10888,买盘
419,13:54:12,2.63,0.01,8,2104,买盘
420,13:54:06,2.62,--,1,262,卖盘
421,13:54:03,2.62,--,13,3563,卖盘
422,13:54:00,2.62,-0.01,1,262,卖盘
423,13:53:54,2.63,--,2,526,买盘
424,13:53:51,2.63,--,2,526,买盘
425,13:53:33,2.63,0.01,9,2367,买盘
426,13:52:51,2.62,-0.01,70,18340,卖盘
427,13:52:36,2.63,--,1,263,买盘
428,13:52:33,2.63,--,108,28456,买盘
429,13:52:27,2.63,--,28,7364,买盘
430,13:52:18,2.63,0.01,12,3156,买盘
431,13:52:06,2.62,--,6,1572,卖盘
432,13:51:39,2.62,-0.01,13,3406,卖盘
433,13:50:48,2.63,--,20,5260,买盘
434,13:49:42,2.63,0.01,26,6838,买盘
435,13:49:33,2.62,-0.01,15,4034,卖盘
436,13:49:15,2.63,0.01,11,2893,买盘
437,13:49:09,2.62,-0.01,3,943,卖盘
438,13:49:03,2.63,0.01,40,10520,买盘
439,13:48:45,2.62,--,1,262,卖盘
440,13:48:12,2.62,-0.01,46,12052,卖盘
441,13:48:06,2.63,0.01,2,526,买盘
442,13:47:54,2.62,--,49,12838,卖盘
443,13:47:30,2.62,-0.01,50,13100,卖盘
444,13:47:24,2.63,--,6,1578,买盘
445,13:47:18,2.63,--,10,2630,买盘
446,13:47:09,2.63,--,28,7364,买盘
447,13:47:06,2.63,--,7,1841,买盘
448,13:47:00,2.63,0.01,18,4734,买盘
449,13:46:54,2.62,-0.01,10,2620,卖盘
450,13:46:51,2.63,--,7,1841,买盘
451,13:46:21,2.63,--,87,22881,买盘
452,13:46:12,2.63,0.01,39,10257,买盘
453,13:46:00,2.62,-0.01,10,2829,卖盘
454,13:45:51,2.63,--,30,7890,买盘
455,13:45:42,2.63,--,16,4208,买盘
456,13:45:30,2.63,--,5,1315,买盘
457,13:45:12,2.63,0.01,156,41028,买盘
458,13:45:09,2.62,-0.01,320,83840,卖盘
459,13:45:06,2.63,--,1,263,买盘
460,13:44:57,2.63,--,220,57860,买盘
461,13:44:54,2.63,--,2,526,买盘
462,13:44:45,2.63,--,60,15780,买盘
463,13:44:33,2.63,--,20,5260,买盘
464,13:44:15,2.63,--,10,2630,买盘
465,13:43:45,2.63,0.01,30,7890,买盘
466,13:43:42,2.62,-0.01,40,10480,卖盘
467,13:43:36,2.63,--,1,263,买盘
468,13:43:33,2.63,--,50,13150,买盘
469,13:43:03,2.63,--,1,263,买盘
470,13:42:54,2.63,--,50,13150,买盘
471,13:42:27,2.63,--,17,4471,买盘
472,13:42:18,2.63,--,40,10520,买盘
473,13:42:15,2.63,--,2,526,买盘
474,13:42:12,2.63,--,2,526,买盘
475,13:42:09,2.63,--,178,46814,买盘
476,13:42:06,2.63,--,3,789,买盘
477,13:41:57,2.63,--,13,3419,买盘
478,13:41:54,2.63,--,4,1052,买盘
479,13:41:39,2.63,--,7,1841,买盘
480,13:41:27,2.63,--,50,13150,买盘
481,13:41:09,2.63,--,9,2367,买盘
482,13:41:03,2.63,--,51,13413,买盘
483,13:41:00,2.63,--,110,28930,买盘
484,13:40:54,2.63,--,208,54704,买盘
485,13:40:33,2.63,--,4,1052,买盘
486,13:39:57,2.63,0.01,46,12098,买盘
487,13:39:45,2.62,--,14,3668,卖盘
488,13:39:39,2.62,--,61,15982,卖盘
489,13:39:18,2.62,--,0,209,卖盘
490,13:39:06,2.62,-0.01,962,252117,卖盘
491,13:39:00,2.63,--,20,5260,买盘
492,13:38:57,2.63,0.01,1,263,买盘
493,13:38:45,2.62,--,860,225320,卖盘
494,13:38:09,2.62,-0.01,50,13100,卖盘
495,13:38:03,2.63,--,1,263,买盘
496,13:37:54,2.63,0.01,2,526,买盘
497,13:37:33,2.62,-0.01,370,96940,卖盘
498,13:37:24,2.63,--,10,2630,买盘
499,13:37:21,2.63,--,20,5260,买盘
500,13:37:12,2.63,0.01,50,13150,买盘
501,13:36:57,2.62,--,7,1886,卖盘
502,13:36:33,2.62,--,25,6550,卖盘
503,13:36:21,2.62,-0.01,64,16977,卖盘
504,13:36:12,2.63,0.01,20,5260,买盘
505,13:35:54,2.62,--,36,9432,卖盘
506,13:35:45,2.62,-0.01,2,524,卖盘
507,13:35:39,2.63,--,50,13150,买盘
508,13:35:33,2.63,--,11,2893,买盘
509,13:35:30,2.63,0.01,52,13676,买盘
510,13:35:24,2.62,-0.01,2,524,卖盘
511,13:35:18,2.63,--,1,263,买盘
512,13:35:15,2.63,--,1,263,买盘
513,13:35:09,2.63,--,57,14991,买盘
514,13:34:54,2.63,--,60,15780,买盘
515,13:34:51,2.63,--,51,13413,买盘
516,13:34:30,2.63,--,13,3419,买盘
517,13:34:27,2.63,--,100,26300,买盘
518,13:34:21,2.63,0.01,150,39450,买盘
519,13:34:18,2.62,--,25,6550,卖盘
520,13:34:15,2.62,-0.01,50,13204,卖盘
521,13:33:51,2.63,--,2,526,买盘
522,13:33:42,2.63,--,2,526,买盘
523,13:33:39,2.63,--,2,526,买盘
524,13:33:15,2.63,0.01,2,526,买盘
525,13:32:51,2.62,-0.01,12,3144,卖盘
526,13:32:45,2.63,--,5,1315,买盘
527,13:32:33,2.63,--,4,1052,买盘
528,13:31:48,2.63,--,30,7890,买盘
529,13:31:42,2.63,--,1,263,买盘
530,13:31:21,2.63,--,5,1315,买盘
531,13:31:18,2.63,--,3,789,买盘
532,13:31:15,2.63,0.01,24,6312,买盘
533,13:31:09,2.62,-0.01,7,1886,卖盘
534,13:30:42,2.63,--,3,789,买盘
535,13:30:36,2.63,0.01,90,23670,买盘
536,13:30:21,2.62,-0.01,40,10480,卖盘
537,13:30:15,2.63,--,10,2630,买盘
538,13:29:54,2.63,--,50,13150,买盘
539,13:29:42,2.63,--,3,789,买盘
540,13:29:21,2.63,--,1,263,买盘
541,13:29:06,2.63,--,2,526,买盘
542,13:28:48,2.63,--,6,1578,买盘
543,13:28:33,2.63,--,1,263,买盘
544,13:28:18,2.63,--,4,1052,买盘
545,13:27:30,2.63,0.01,20,5260,买盘
546,13:27:21,2.62,-0.01,10,2620,卖盘
547,13:26:54,2.63,--,1,263,买盘
548,13:26:51,2.63,--,50,13150,买盘
549,13:26:33,2.63,--,1,263,买盘
550,13:26:21,2.63,--,8,2104,买盘
551,13:26:18,2.63,--,5,1315,买盘
552,13:26:12,2.63,--,100,26300,买盘
553,13:26:06,2.63,--,5,1315,买盘
554,13:25:54,2.63,--,10,2630,买盘
555,13:25:48,2.63,--,1300,341900,买盘
556,13:25:24,2.63,--,7,1841,买盘
557,13:25:09,2.63,--,5,1315,买盘
558,13:25:03,2.63,--,1,263,买盘
559,13:24:51,2.63,0.01,100,26300,买盘
560,13:24:15,2.62,--,0,209,卖盘
561,13:24:03,2.62,--,1,471,卖盘
562,13:24:00,2.62,--,6,1572,卖盘
563,13:23:57,2.62,--,75,19807,卖盘
564,13:23:51,2.62,-0.01,2002,524524,卖盘
565,13:23:42,2.63,--,1,263,买盘
566,13:23:30,2.63,--,1,263,买盘
567,13:23:24,2.63,0.01,3,789,买盘
568,13:23:03,2.62,--,10,2620,卖盘
569,13:22:51,2.62,-0.01,0,209,卖盘
570,13:22:45,2.63,--,7,1841,买盘
571,13:22:36,2.63,--,50,13150,买盘
572,13:22:33,2.63,--,10,2630,买盘
573,13:22:30,2.63,0.01,5,1315,买盘
574,13:22:27,2.62,-0.01,50,13100,卖盘
575,13:22:12,2.63,--,5,1315,买盘
576,13:22:03,2.63,--,60,15780,买盘
577,13:21:51,2.63,--,14,3682,买盘
578,13:21:39,2.63,0.01,1,263,买盘
579,13:21:36,2.62,--,50,13100,卖盘
580,13:20:39,2.62,-0.01,4,1048,卖盘
581,13:20:33,2.63,0.01,10,2630,买盘
582,13:20:21,2.62,--,87,22794,卖盘
583,13:20:12,2.62,--,27,7074,卖盘
584,13:19:57,2.62,--,2,524,卖盘
585,13:19:48,2.62,--,6,1729,卖盘
586,13:19:42,2.62,-0.01,18,4716,卖盘
587,13:19:39,2.63,0.01,9,2367,买盘
588,13:19:33,2.62,-0.01,124,32540,卖盘
589,13:19:27,2.63,0.01,1,263,买盘
590,13:19:21,2.62,--,6,1572,卖盘
591,13:19:15,2.62,--,96,25272,卖盘
592,13:18:57,2.62,--,29,7702,卖盘
593,13:18:21,2.62,--,80,21117,卖盘
594,13:18:00,2.62,-0.01,9,2358,卖盘
595,13:17:51,2.63,0.01,40,10520,买盘
596,13:17:36,2.62,-0.01,30,7860,卖盘
597,13:17:30,2.63,0.01,50,13150,买盘
598,13:17:03,2.62,--,40,10480,卖盘
599,13:16:33,2.62,-0.01,4,1048,卖盘
600,13:16:30,2.63,0.01,17,4471,买盘
601,13:16:24,2.62,--,3,786,卖盘
602,13:16:06,2.62,--,76,19912,卖盘
603,13:16:03,2.62,--,10,2620,卖盘
604,13:14:54,2.62,-0.01,90,23580,卖盘
605,13:14:51,2.63,--,2,526,买盘
606,13:14:42,2.63,--,2,526,买盘
607,13:14:39,2.63,0.01,32,8416,买盘
608,13:14:21,2.62,-0.01,117,30654,卖盘
609,13:13:51,2.63,--,2,526,买盘
610,13:13:15,2.63,--,10,2630,买盘
611,13:13:00,2.63,--,10,2630,买盘
612,13:12:45,2.63,0.01,3,789,买盘
613,13:12:27,2.62,-0.01,18,4716,卖盘
614,13:12:15,2.63,--,5,1315,买盘
615,13:11:54,2.63,--,50,13150,买盘
616,13:11:45,2.63,0.01,3,789,买盘
617,13:11:36,2.62,-0.01,1,262,卖盘
618,13:11:33,2.63,0.01,10,2630,买盘
619,13:10:54,2.62,-0.01,20,5240,卖盘
620,13:10:51,2.63,--,2,526,买盘
621,13:10:33,2.63,0.01,33,8679,买盘
622,13:10:09,2.62,-0.01,28,7336,卖盘
623,13:10:06,2.63,--,140,36820,买盘
624,13:09:45,2.63,--,100,26300,买盘
625,13:09:42,2.63,--,15,3945,买盘
626,13:09:24,2.63,--,3,789,买盘
627,13:08:57,2.63,--,20,5260,买盘
628,13:08:54,2.63,--,1,263,买盘
629,13:08:42,2.63,--,100,26300,买盘
630,13:07:48,2.63,--,23,6049,买盘
631,13:07:45,2.63,0.01,28,7364,买盘
632,13:07:06,2.62,-0.01,75,19650,卖盘
633,13:06:51,2.63,--,50,13150,买盘
634,13:06:39,2.63,--,8,2104,买盘
635,13:06:24,2.63,--,1,263,买盘
636,13:06:15,2.63,--,3,789,买盘
637,13:06:12,2.63,0.01,20,5260,买盘
638,13:06:09,2.62,-0.01,10,2620,卖盘
639,13:05:54,2.63,0.01,10,2630,买盘
640,13:05:48,2.62,-0.01,43,11318,卖盘
641,13:05:45,2.63,--,30,7890,买盘
642,13:05:42,2.63,--,50,13150,买盘
643,13:05:36,2.63,--,1,263,买盘
644,13:05:00,2.63,0.01,1,263,中性盘
645,13:03:27,2.62,-0.01,1108,290505,卖盘
646,13:03:18,2.63,-0.01,10,2840,卖盘
647,13:03:15,2.64,0.01,10,2640,买盘
648,13:02:57,2.63,--,18,4734,卖盘
649,13:02:39,2.63,-0.01,600,157800,卖盘
650,13:02:36,2.64,0.01,57,15048,买盘
651,13:02:27,2.63,--,40,10520,卖盘
652,13:02:24,2.63,-0.01,599,157537,卖盘
653,13:02:06,2.64,--,31,8184,买盘
654,13:01:09,2.64,--,2,528,买盘
655,13:00:51,2.64,--,86,22704,买盘
656,13:00:09,2.64,--,1,264,买盘
657,13:00:06,2.64,--,79,20856,买盘
658,13:00:03,2.64,0.01,266,70329,买盘
659,13:00:00,2.63,--,0,0,卖盘
660,11:30:00,2.63,--,0,0,卖盘
661,11:29:51,2.63,-0.01,30,7890,卖盘
662,11:29:33,2.64,0.01,30,7920,买盘
663,11:29:03,2.63,--,1,473,卖盘
664,11:28:42,2.63,--,21,5733,卖盘
665,11:28:21,2.63,--,2,526,卖盘
666,11:27:18,2.63,-0.01,1,473,卖盘
667,11:26:51,2.64,0.01,4,1056,买盘
668,11:26:33,2.63,--,5,1420,卖盘
669,11:25:45,2.63,-0.01,20,5260,卖盘
670,11:24:48,2.64,0.01,22,5808,买盘
671,11:24:42,2.63,--,20,5260,卖盘
672,11:24:27,2.63,--,0,157,卖盘
673,11:24:24,2.63,--,13,3419,卖盘
674,11:24:09,2.63,--,2,526,卖盘
675,11:23:54,2.63,--,40,10520,卖盘
676,11:22:51,2.63,--,15,3945,卖盘
677,11:22:30,2.63,--,1,263,卖盘
678,11:22:21,2.63,--,227,59806,买盘
679,11:21:57,2.63,--,600,157800,买盘
680,11:21:09,2.63,--,22,5786,买盘
681,11:20:57,2.63,--,16,4208,买盘
682,11:20:51,2.63,--,2,526,买盘
683,11:20:36,2.63,--,852,224076,卖盘
684,11:20:27,2.63,--,129,34137,卖盘
685,11:19:51,2.63,--,100,26300,卖盘
686,11:19:45,2.63,--,20,5260,卖盘
687,11:19:39,2.63,--,1,263,卖盘
688,11:19:21,2.63,--,308,81056,买盘
689,11:19:15,2.63,--,20,5260,买盘
690,11:19:09,2.63,--,50,13150,买盘
691,11:19:06,2.63,--,2,526,买盘
692,11:18:54,2.63,--,11,2893,买盘
693,11:18:48,2.63,0.01,10,2630,买盘
694,11:18:36,2.62,-0.01,32,8593,卖盘
695,11:18:33,2.63,--,50,13150,买盘
696,11:18:21,2.63,--,10,2630,买盘
697,11:18:18,2.63,--,3,789,买盘
698,11:18:15,2.63,--,132,34716,买盘
699,11:18:06,2.63,--,40,10520,买盘
700,11:17:57,2.63,--,100,26300,买盘
701,11:17:36,2.63,--,59,15517,买盘
702,11:17:30,2.63,--,1,263,买盘
703,11:17:21,2.63,--,26,6838,买盘
704,11:17:15,2.63,--,2,526,买盘
705,11:17:12,2.63,--,150,39450,买盘
706,11:17:03,2.63,--,10,2630,买盘
707,11:16:57,2.63,--,229,60227,买盘
708,11:16:51,2.63,--,10,2630,买盘
709,11:16:45,2.63,--,1,263,买盘
710,11:16:18,2.63,--,2,526,买盘
711,11:16:12,2.63,--,43,11309,买盘
712,11:15:51,2.63,--,59,15517,买盘
713,11:15:45,2.63,--,11,2893,买盘
714,11:15:39,2.63,--,6,1578,买盘
715,11:15:33,2.63,--,74,19462,买盘
716,11:15:24,2.63,--,29,7732,卖盘
717,11:15:12,2.63,--,9,2367,卖盘
718,11:15:09,2.63,--,78,20671,买盘
719,11:15:03,2.63,--,3,789,买盘
720,11:14:54,2.63,--,38,10099,卖盘
721,11:14:48,2.63,--,56,14780,卖盘
722,11:14:27,2.63,--,27,7206,买盘
723,11:14:21,2.63,--,30,7890,买盘
724,11:14:18,2.63,--,24,6417,买盘
725,11:14:15,2.63,--,5,1315,买盘
726,11:14:09,2.63,0.01,20,5260,买盘
727,11:14:03,2.62,-0.01,30,7860,卖盘
728,11:13:42,2.63,--,1,263,买盘
729,11:13:39,2.63,--,3,789,买盘
730,11:13:36,2.63,--,40,10520,买盘
731,11:13:27,2.63,0.01,2,526,买盘
732,11:13:15,2.62,-0.01,48,12576,卖盘
733,11:13:12,2.63,--,42,11046,买盘
734,11:13:03,2.63,--,3,789,买盘
735,11:12:45,2.63,--,158,41554,买盘
736,11:12:36,2.63,--,500,131500,买盘
737,11:12:33,2.63,--,10,2630,买盘
738,11:12:21,2.63,--,288,75744,买盘
739,11:12:09,2.63,0.01,50,13150,买盘
740,11:12:06,2.62,-0.01,4,1048,卖盘
741,11:11:54,2.63,--,3,789,买盘
742,11:11:48,2.63,--,100,26300,买盘
743,11:11:36,2.63,--,84,22092,买盘
744,11:11:30,2.63,--,30,7890,买盘
745,11:11:27,2.63,--,3,789,买盘
746,11:11:18,2.63,--,19,4997,买盘
747,11:11:09,2.63,--,4,1052,买盘
748,11:10:54,2.63,--,1,263,买盘
749,11:10:45,2.63,0.01,4,1052,买盘
750,11:10:39,2.62,-0.01,4,1152,卖盘
751,11:10:15,2.63,--,2,526,买盘
752,11:09:57,2.63,--,206,54178,买盘
753,11:09:42,2.63,--,12,3156,买盘
754,11:09:30,2.63,--,8,2104,买盘
755,11:09:27,2.63,--,15,3945,买盘
756,11:08:48,2.63,--,110,28930,买盘
757,11:08:45,2.63,--,10,2630,买盘
758,11:08:42,2.63,--,40,10520,买盘
759,11:08:39,2.63,--,6,1578,买盘
760,11:08:18,2.63,--,110,28930,买盘
761,11:07:57,2.63,--,11,2893,买盘
762,11:07:51,2.63,--,10,2630,买盘
763,11:07:48,2.63,--,100,26300,买盘
764,11:07:33,2.63,0.01,6,1578,买盘
765,11:07:21,2.62,--,36,9432,卖盘
766,11:06:54,2.62,-0.01,23,6026,卖盘
767,11:06:48,2.63,0.01,77,20251,买盘
768,11:06:45,2.62,-0.01,10,2620,卖盘
769,11:06:36,2.63,--,50,13150,买盘
770,11:06:30,2.63,0.01,20,5260,买盘
771,11:06:27,2.62,-0.01,1,262,卖盘
772,11:06:18,2.63,--,50,13150,买盘
773,11:06:06,2.63,0.01,51,13413,买盘
774,11:06:03,2.62,-0.01,72,18968,卖盘
775,11:06:00,2.63,--,20,5260,买盘
776,11:05:54,2.63,0.01,55,14465,买盘
777,11:05:51,2.62,-0.01,7,1834,卖盘
778,11:05:48,2.63,--,500,131500,买盘
779,11:05:45,2.63,--,3,789,买盘
780,11:05:42,2.63,--,5,1315,买盘
781,11:05:30,2.63,--,2,526,买盘
782,11:05:18,2.63,--,703,184889,买盘
783,11:04:57,2.63,--,228,59964,买盘
784,11:04:33,2.63,--,1,263,买盘
785,11:04:30,2.63,0.01,2,526,买盘
786,11:04:15,2.62,--,20,5240,卖盘
787,11:04:12,2.62,-0.01,40,10480,卖盘
788,11:04:03,2.63,0.01,20,5260,买盘
789,11:03:54,2.62,--,10,2620,卖盘
790,11:03:45,2.62,-0.01,50,13100,卖盘
791,11:03:36,2.63,0.01,2,526,买盘
792,11:03:24,2.62,-0.01,6,1572,卖盘
793,11:03:21,2.63,0.01,9,2367,买盘
794,11:03:00,2.62,--,5,1414,卖盘
795,11:02:57,2.62,-0.01,30,7860,卖盘
796,11:02:45,2.63,0.01,37,9731,买盘
797,11:02:42,2.62,-0.01,11,2882,卖盘
798,11:02:36,2.63,0.01,50,13150,买盘
799,11:02:33,2.62,--,237,62251,卖盘
800,11:02:15,2.62,--,4,1048,卖盘
801,11:01:57,2.62,--,10,2620,卖盘
802,11:01:51,2.62,-0.01,45,11790,卖盘
803,11:01:42,2.63,--,100,26300,买盘
804,11:01:36,2.63,--,31,8153,买盘
805,11:01:21,2.63,0.01,10,2630,买盘
806,11:01:12,2.62,--,50,13100,卖盘
807,11:01:09,2.62,--,27,7074,卖盘
808,11:00:48,2.62,-0.01,35,9170,卖盘
809,11:00:39,2.63,--,200,52600,买盘
810,11:00:36,2.63,--,10,2630,买盘
811,11:00:03,2.63,--,222,58386,买盘
812,10:59:51,2.63,--,1,263,买盘
813,10:59:45,2.63,--,5,1315,买盘
814,10:59:27,2.63,--,5,1315,买盘
815,10:59:00,2.63,--,1,263,买盘
816,10:58:54,2.63,--,10,2630,买盘
817,10:58:45,2.63,--,1,263,买盘
818,10:58:42,2.63,0.01,7,1841,买盘
819,10:58:33,2.62,-0.01,3,786,卖盘
820,10:58:21,2.63,--,10,2630,买盘
821,10:57:51,2.63,0.01,2,526,买盘
822,10:57:24,2.62,-0.01,50,13100,卖盘
823,10:57:21,2.63,--,20,5260,买盘
824,10:57:09,2.63,--,100,26300,买盘
825,10:57:00,2.63,0.01,134,35399,买盘
826,10:56:54,2.62,-0.01,3,786,卖盘
827,10:56:27,2.63,0.01,50,13150,买盘
828,10:56:15,2.62,-0.01,60,15772,卖盘
829,10:56:09,2.63,--,6,1578,买盘
830,10:56:00,2.63,--,13,3419,买盘
831,10:55:54,2.63,--,50,13150,买盘
832,10:55:36,2.63,--,199,52337,买盘
833,10:55:21,2.63,0.01,60,15780,买盘
834,10:55:06,2.62,-0.01,50,13100,卖盘
835,10:54:57,2.63,0.01,50,13150,买盘
836,10:54:24,2.62,--,9,2358,卖盘
837,10:54:09,2.62,-0.01,7,1991,卖盘
838,10:54:06,2.63,--,100,26300,买盘
839,10:53:54,2.63,0.01,90,23670,买盘
840,10:53:51,2.62,-0.01,56,14672,卖盘
841,10:53:48,2.63,0.01,60,15780,买盘
842,10:53:42,2.62,-0.01,169,44330,卖盘
843,10:53:06,2.63,--,30,7890,买盘
844,10:53:03,2.63,--,2,526,买盘
845,10:53:00,2.63,--,100,26300,买盘
846,10:52:45,2.63,0.01,4,1052,买盘
847,10:52:30,2.62,-0.01,2,524,卖盘
848,10:52:27,2.63,--,10,2630,买盘
849,10:52:15,2.63,--,1,263,买盘
850,10:52:12,2.63,0.01,20,5260,买盘
851,10:51:48,2.62,-0.01,99,25938,卖盘
852,10:51:42,2.63,--,2,526,买盘
853,10:51:09,2.63,0.01,1,263,买盘
854,10:51:06,2.62,-0.01,1,262,卖盘
855,10:50:51,2.63,0.01,100,26300,买盘
856,10:49:51,2.62,-0.01,36,9432,卖盘
857,10:49:33,2.63,--,2,526,买盘
858,10:49:09,2.63,0.01,3,789,买盘
859,10:48:57,2.62,-0.01,360,94320,卖盘
860,10:48:51,2.63,--,10,2630,买盘
861,10:48:48,2.63,--,2,526,买盘
862,10:48:42,2.63,0.01,14,3839,买盘
863,10:48:30,2.62,-0.01,1,262,卖盘
864,10:48:24,2.63,0.01,7,1841,买盘
865,10:48:18,2.62,-0.01,15,3930,卖盘
866,10:48:06,2.63,--,3,789,买盘
867,10:47:48,2.63,--,5,1315,买盘
868,10:47:42,2.63,--,144,37924,买盘
869,10:47:21,2.63,--,1,263,买盘
870,10:47:06,2.63,--,30,7890,买盘
871,10:46:54,2.63,0.01,41,10783,买盘
872,10:46:51,2.62,-0.01,3,786,卖盘
873,10:46:45,2.63,0.01,12,3156,买盘
874,10:46:36,2.62,-0.01,46,12052,卖盘
875,10:46:15,2.63,--,1,263,买盘
876,10:45:57,2.63,--,3,789,买盘
877,10:45:54,2.63,0.01,34,8942,买盘
878,10:45:51,2.62,-0.01,500,131000,卖盘
879,10:45:30,2.63,--,2,526,买盘
880,10:45:21,2.63,--,16,4208,买盘
881,10:45:15,2.63,--,116,30508,买盘
882,10:45:12,2.63,--,20,5260,买盘
883,10:45:09,2.63,--,56,14728,买盘
884,10:45:03,2.63,0.01,42,11046,买盘
885,10:44:09,2.62,-0.01,10,2620,卖盘
886,10:43:54,2.63,--,10,2630,买盘
887,10:43:45,2.63,--,22,5786,买盘
888,10:43:42,2.63,--,39,10257,买盘
889,10:43:36,2.63,--,2,526,买盘
890,10:43:33,2.63,0.01,58,15254,买盘
891,10:43:18,2.62,-0.01,12,3144,卖盘
892,10:43:15,2.63,--,3,789,买盘
893,10:43:12,2.63,0.01,2,526,买盘
894,10:43:09,2.62,--,3,786,卖盘
895,10:43:00,2.62,-0.01,3,786,卖盘
896,10:42:54,2.63,-0.01,31,8310,卖盘
897,10:42:48,2.64,0.01,3,792,买盘
898,10:42:42,2.63,--,34,8942,卖盘
899,10:42:36,2.63,--,30,7890,卖盘
900,10:42:27,2.63,--,13,3419,卖盘
901,10:42:18,2.63,--,21,5628,卖盘
902,10:41:48,2.63,--,1513,398129,卖盘
903,10:41:42,2.63,-0.01,2,526,卖盘
904,10:41:39,2.64,0.01,2,528,买盘
905,10:41:30,2.63,--,4,1052,卖盘
906,10:41:18,2.63,--,1,473,卖盘
907,10:41:06,2.63,--,53,13939,卖盘
908,10:41:03,2.63,--,14,3787,卖盘
909,10:41:00,2.63,--,15,3945,卖盘
910,10:40:36,2.63,--,5,1420,卖盘
911,10:40:33,2.63,--,1,263,卖盘
912,10:40:30,2.63,--,40,10520,卖盘
913,10:40:27,2.63,--,22,5786,卖盘
914,10:40:18,2.63,--,43,11309,卖盘
915,10:40:15,2.63,--,60,15780,卖盘
916,10:39:48,2.63,--,3,789,卖盘
917,10:39:33,2.63,--,32,8416,卖盘
918,10:39:27,2.63,--,7,1893,卖盘
919,10:39:12,2.63,--,6,1578,卖盘
920,10:39:03,2.63,--,3,789,卖盘
921,10:39:00,2.63,--,53,13939,卖盘
922,10:38:39,2.63,-0.01,3,789,卖盘
923,10:38:33,2.64,0.01,7,1848,买盘
924,10:38:15,2.63,-0.01,50,13150,卖盘
925,10:38:12,2.64,0.01,2,528,买盘
926,10:37:57,2.63,-0.01,50,13255,卖盘
927,10:37:48,2.64,--,6,1584,买盘
928,10:37:21,2.64,0.01,1,264,买盘
929,10:37:18,2.63,-0.01,16,4208,卖盘
930,10:37:09,2.64,0.01,1,264,买盘
931,10:37:00,2.63,--,113,29929,卖盘
932,10:36:51,2.63,--,20,5260,卖盘
933,10:36:45,2.63,-0.01,4,1052,卖盘
934,10:36:09,2.64,0.01,10,2640,买盘
935,10:36:03,2.63,--,35,9205,卖盘
936,10:35:51,2.63,-0.01,10,2630,卖盘
937,10:35:45,2.64,--,1,264,买盘
938,10:35:42,2.64,0.01,1,264,买盘
939,10:35:36,2.63,--,10,2630,卖盘
940,10:33:57,2.63,0.01,20,5260,中性盘
941,10:33:33,2.62,-0.01,42,11108,卖盘
942,10:33:21,2.63,--,3,841,卖盘
943,10:33:15,2.63,--,368,96889,买盘
944,10:32:57,2.63,--,100,26300,买盘
945,10:32:54,2.63,--,13,3419,买盘
946,10:32:48,2.63,--,32,8416,买盘
947,10:32:36,2.63,--,5,1315,买盘
948,10:32:18,2.63,--,45,11835,买盘
949,10:31:54,2.63,--,17,4471,买盘
950,10:31:51,2.63,--,89,23617,卖盘
951,10:31:45,2.63,--,27,7153,买盘
952,10:31:39,2.63,--,41,10783,买盘
953,10:31:36,2.63,0.01,43,11309,买盘
954,10:31:33,2.62,-0.01,1,471,卖盘
955,10:31:27,2.63,--,93,24459,买盘
956,10:31:24,2.63,0.01,200,52600,买盘
957,10:31:21,2.62,-0.01,410,107524,卖盘
958,10:31:00,2.63,--,2,526,买盘
959,10:30:45,2.63,--,100,26300,买盘
960,10:30:39,2.63,--,2,526,买盘
961,10:30:36,2.63,--,120,31560,买盘
962,10:30:33,2.63,--,89,23617,卖盘
963,10:30:27,2.63,--,50,13150,卖盘
964,10:30:18,2.63,-0.01,70,18620,卖盘
965,10:29:57,2.64,0.01,3,792,买盘
966,10:29:51,2.63,--,5,1420,卖盘
967,10:29:45,2.63,--,18,4734,卖盘
968,10:29:06,2.63,--,45,11835,卖盘
969,10:29:00,2.63,--,35,9205,卖盘
970,10:28:57,2.63,0.01,68,17884,买盘
971,10:28:51,2.62,-0.01,88,23056,卖盘
972,10:28:48,2.63,--,19,4997,买盘
973,10:28:42,2.63,--,25,6575,买盘
974,10:28:36,2.63,--,1,263,买盘
975,10:28:33,2.63,--,40,10520,买盘
976,10:28:27,2.63,0.01,73,19199,买盘
977,10:28:18,2.62,--,6,1572,卖盘
978,10:28:09,2.62,-0.01,6,1572,卖盘
979,10:28:03,2.63,--,8,2104,买盘
980,10:27:39,2.63,--,51,13413,买盘
981,10:27:36,2.63,--,10,2630,买盘
982,10:27:33,2.63,--,10,2630,买盘
983,10:27:21,2.63,--,8,2104,买盘
984,10:27:18,2.63,--,1,263,买盘
985,10:27:15,2.63,--,55,14570,卖盘
986,10:27:03,2.63,--,8,2104,卖盘
987,10:26:57,2.63,--,50,13150,卖盘
988,10:26:54,2.63,--,6,1578,卖盘
989,10:26:51,2.63,--,5,1525,卖盘
990,10:26:42,2.63,--,50,13150,卖盘
991,10:26:21,2.63,--,1,263,卖盘
992,10:26:03,2.63,--,19,5207,卖盘
993,10:26:00,2.63,--,50,13150,卖盘
994,10:25:57,2.63,--,4,1052,卖盘
995,10:25:45,2.63,--,37,9836,卖盘
996,10:25:36,2.63,--,44,11572,买盘
997,10:25:30,2.63,--,8,2104,买盘
998,10:25:27,2.63,--,726,190938,买盘
999,10:25:24,2.63,--,58,15254,买盘
1000,10:25:21,2.63,--,100,26300,买盘
1001,10:25:15,2.63,--,37,9731,买盘
1002,10:24:57,2.63,0.01,21,5523,买盘
1003,10:24:54,2.62,--,5,1310,卖盘
1004,10:24:51,2.62,-0.01,14,3772,卖盘
1005,10:24:42,2.63,--,50,13150,买盘
1006,10:24:36,2.63,--,2,526,买盘
1007,10:24:33,2.63,--,10,2630,买盘
1008,10:24:30,2.63,0.01,55,14465,买盘
1009,10:24:24,2.62,-0.01,50,13100,卖盘
1010,10:24:21,2.63,--,65,17095,买盘
1011,10:24:18,2.63,--,10,2630,买盘
1012,10:24:15,2.63,0.01,294,77322,买盘
1013,10:24:00,2.62,--,5,1310,卖盘
1014,10:23:54,2.62,-0.01,100,26200,卖盘
1015,10:23:45,2.63,0.01,10,2630,买盘
1016,10:23:42,2.62,-0.01,1,262,卖盘
1017,10:23:39,2.63,0.01,2,526,买盘
1018,10:23:36,2.62,-0.01,55,14410,卖盘
1019,10:23:30,2.63,--,8,2104,买盘
1020,10:23:27,2.63,--,30,7890,买盘
1021,10:23:21,2.63,--,6,1578,买盘
1022,10:23:06,2.63,--,74,19567,卖盘
1023,10:23:03,2.63,--,1,263,卖盘
1024,10:22:51,2.63,--,12,3156,卖盘
1025,10:22:42,2.63,--,54,14202,卖盘
1026,10:22:33,2.63,--,31,8153,卖盘
1027,10:22:30,2.63,-0.01,17,4471,卖盘
1028,10:22:18,2.64,0.01,803,211992,买盘
1029,10:22:15,2.63,--,14,3787,卖盘
1030,10:22:12,2.63,--,3,789,卖盘
1031,10:22:09,2.63,--,25,6575,卖盘
1032,10:22:03,2.63,--,122,32086,卖盘
1033,10:21:54,2.63,-0.01,80,21040,卖盘
1034,10:21:51,2.64,--,63,16632,买盘
1035,10:21:45,2.64,0.01,11,2904,买盘
1036,10:21:42,2.63,--,356,93733,卖盘
1037,10:21:39,2.63,--,100,26300,卖盘
1038,10:21:36,2.63,-0.01,352,92576,卖盘
1039,10:21:33,2.64,0.01,10,2640,买盘
1040,10:21:30,2.63,--,1,263,卖盘
1041,10:21:12,2.63,--,2,526,卖盘
1042,10:21:09,2.63,--,122,32086,卖盘
1043,10:21:06,2.63,--,90,23670,卖盘
1044,10:21:00,2.63,--,6,1735,卖盘
1045,10:20:54,2.63,--,3,789,卖盘
1046,10:20:51,2.63,--,100,26300,卖盘
1047,10:20:45,2.63,--,239,62857,卖盘
1048,10:20:39,2.63,--,18,4734,卖盘
1049,10:20:33,2.63,--,446,117298,卖盘
1050,10:20:27,2.63,--,50,13150,卖盘
1051,10:20:09,2.63,-0.01,3,789,卖盘
1052,10:20:03,2.64,--,100,26400,买盘
1053,10:20:00,2.64,--,1,264,买盘
1054,10:19:48,2.64,0.01,10,2640,买盘
1055,10:19:45,2.63,-0.01,2,526,卖盘
1056,10:19:36,2.64,0.01,227,59980,买盘
1057,10:19:27,2.63,--,491,129238,卖盘
1058,10:19:24,2.63,--,53,13939,卖盘
1059,10:19:09,2.63,-0.01,100,26300,卖盘
1060,10:19:03,2.64,0.01,100,26400,买盘
1061,10:19:00,2.63,-0.01,1,473,卖盘
1062,10:18:39,2.64,0.01,24,6336,买盘
1063,10:18:27,2.63,--,52,13676,卖盘
1064,10:18:18,2.63,-0.01,9,2367,卖盘
1065,10:18:12,2.64,0.01,71,18744,买盘
1066,10:18:09,2.63,-0.01,20,5260,卖盘
1067,10:18:00,2.64,0.01,5,1320,买盘
1068,10:17:51,2.63,--,1832,481816,卖盘
1069,10:17:48,2.63,--,47,12361,卖盘
1070,10:17:45,2.63,--,15,3945,卖盘
1071,10:17:42,2.63,--,3,946,卖盘
1072,10:17:33,2.63,--,148,38924,卖盘
1073,10:17:24,2.63,--,57,14991,卖盘
1074,10:17:12,2.63,--,20,5260,卖盘
1075,10:17:03,2.63,--,154,40712,卖盘
1076,10:16:57,2.63,--,49,12887,卖盘
1077,10:16:54,2.63,--,15,3945,卖盘
1078,10:16:48,2.63,--,1,263,卖盘
1079,10:16:42,2.63,-0.01,2,526,卖盘
1080,10:16:30,2.64,0.01,30,7920,买盘
1081,10:16:21,2.63,--,20,5260,卖盘
1082,10:16:18,2.63,--,22,5786,卖盘
1083,10:16:15,2.63,--,3,789,卖盘
1084,10:16:00,2.63,--,403,105989,卖盘
1085,10:15:48,2.63,--,502,132026,卖盘
1086,10:15:39,2.63,--,20,5260,卖盘
1087,10:15:33,2.63,--,1,473,卖盘
1088,10:15:27,2.63,-0.01,150,39450,卖盘
1089,10:15:21,2.64,0.01,9,2376,买盘
1090,10:15:18,2.63,--,215,56545,卖盘
1091,10:15:12,2.63,--,2,526,卖盘
1092,10:15:06,2.63,--,300,78900,卖盘
1093,10:14:57,2.63,--,30,7890,卖盘
1094,10:14:45,2.63,--,83,21829,卖盘
1095,10:14:21,2.63,--,90,23670,卖盘
1096,10:14:12,2.63,--,37,9731,卖盘
1097,10:14:06,2.63,--,106,27930,卖盘
1098,10:14:03,2.63,--,74,19462,卖盘
1099,10:13:57,2.63,-0.01,4,1052,卖盘
1100,10:13:51,2.64,0.01,1,264,买盘
1101,10:13:45,2.63,-0.01,85,22355,卖盘
1102,10:13:42,2.64,--,10,2640,买盘
1103,10:13:36,2.64,0.01,64,16896,买盘
1104,10:13:27,2.63,--,107,28141,卖盘
1105,10:13:12,2.63,-0.01,8,2104,卖盘
1106,10:13:03,2.64,0.01,1,264,买盘
1107,10:12:54,2.63,-0.01,9,2367,卖盘
1108,10:12:51,2.64,--,1,264,买盘
1109,10:12:42,2.64,--,307,81048,买盘
1110,10:12:33,2.64,--,63,16632,买盘
1111,10:12:30,2.64,0.01,6,1584,买盘
1112,10:12:24,2.63,--,13,3576,卖盘
1113,10:11:57,2.63,--,10,2630,卖盘
1114,10:11:54,2.63,-0.01,15,3945,卖盘
1115,10:11:51,2.64,--,29,7656,买盘
1116,10:11:48,2.64,--,280,74131,卖盘
1117,10:11:30,2.64,--,100,26400,卖盘
1118,10:11:12,2.64,--,3,792,卖盘
1119,10:11:06,2.64,--,100,26400,卖盘
1120,10:10:45,2.64,--,326,86064,卖盘
1121,10:10:42,2.64,--,1,475,卖盘
1122,10:10:36,2.64,--,135,35640,卖盘
1123,10:10:33,2.64,-0.01,20,5280,卖盘
1124,10:10:30,2.65,0.01,30,7950,买盘
1125,10:10:24,2.64,--,78,20592,卖盘
1126,10:10:21,2.64,--,10,2745,卖盘
1127,10:09:48,2.64,--,30,7920,卖盘
1128,10:09:42,2.64,0.01,22,5808,买盘
1129,10:09:36,2.63,-0.01,0,210,卖盘
1130,10:09:30,2.64,--,40,10560,买盘
1131,10:09:24,2.64,--,20,5385,买盘
1132,10:09:18,2.64,--,63,16632,买盘
1133,10:09:12,2.64,--,7,1848,买盘
1134,10:09:09,2.64,--,60,15840,买盘
1135,10:09:06,2.64,--,100,26400,买盘
1136,10:09:03,2.64,0.01,5,1320,买盘
1137,10:08:57,2.63,-0.01,50,13150,卖盘
1138,10:08:54,2.64,0.01,90,23760,买盘
1139,10:08:48,2.63,-0.01,34,8942,卖盘
1140,10:08:42,2.64,--,37,9768,买盘
1141,10:08:33,2.64,--,965,254760,买盘
1142,10:08:21,2.64,--,10,2640,买盘
1143,10:08:03,2.64,0.01,40,10560,买盘
1144,10:07:57,2.63,-0.01,25,6575,卖盘
1145,10:07:48,2.64,--,5,1320,买盘
1146,10:07:42,2.64,0.01,8,2112,买盘
1147,10:07:36,2.63,-0.01,66,17463,卖盘
1148,10:07:30,2.64,--,1,264,买盘
1149,10:07:15,2.64,--,184,48576,买盘
1150,10:07:12,2.64,--,8,2112,买盘
1151,10:06:48,2.64,--,632,167059,卖盘
1152,10:06:33,2.64,--,122,32208,卖盘
1153,10:06:18,2.64,--,8,2112,卖盘
1154,10:06:15,2.64,--,4,1056,卖盘
1155,10:06:12,2.64,-0.01,4,1056,卖盘
1156,10:06:06,2.65,--,37,9805,买盘
1157,10:06:03,2.65,0.01,30,7950,买盘
1158,10:05:27,2.64,--,3,792,卖盘
1159,10:05:03,2.64,-0.01,31,8184,卖盘
1160,10:04:57,2.65,0.01,2,530,买盘
1161,10:04:51,2.64,--,70,18480,卖盘
1162,10:04:45,2.64,-0.01,2,528,卖盘
1163,10:04:42,2.65,--,4,1060,买盘
1164,10:04:30,2.65,0.01,1000,265000,买盘
1165,10:04:15,2.64,-0.01,3,792,卖盘
1166,10:04:09,2.65,--,10,2650,买盘
1167,10:03:57,2.65,0.01,42,11130,买盘
1168,10:03:54,2.64,--,984,259776,卖盘
1169,10:03:48,2.64,-0.01,80,21120,卖盘
1170,10:03:45,2.65,0.01,200,53000,买盘
1171,10:03:39,2.64,--,50,13200,卖盘
1172,10:03:33,2.64,--,3,792,卖盘
1173,10:03:27,2.64,--,6,1689,卖盘
1174,10:03:15,2.64,--,55,14520,卖盘
1175,10:03:12,2.64,--,33,8712,卖盘
1176,10:03:09,2.64,--,45,11880,卖盘
1177,10:03:03,2.64,--,1,475,卖盘
1178,10:02:57,2.64,--,1,475,卖盘
1179,10:02:54,2.64,--,5,1425,卖盘
1180,10:02:51,2.64,--,180,47520,卖盘
1181,10:02:45,2.64,--,33,8817,卖盘
1182,10:02:39,2.64,-0.01,63,16632,卖盘
1183,10:02:30,2.65,0.01,8,2226,买盘
1184,10:02:24,2.64,--,1,264,卖盘
1185,10:02:21,2.64,--,4,1056,卖盘
1186,10:02:15,2.64,--,15,3960,卖盘
1187,10:02:06,2.64,--,0,105,卖盘
1188,10:01:54,2.64,-0.01,15,3960,卖盘
1189,10:01:51,2.65,--,165,43725,买盘
1190,10:01:48,2.65,0.01,1,265,买盘
1191,10:01:30,2.64,--,20,5280,卖盘
1192,10:01:27,2.64,--,3,792,卖盘
1193,10:01:15,2.64,--,30,7920,卖盘
1194,10:01:03,2.64,-0.01,30,7920,卖盘
1195,10:01:00,2.65,--,78,20670,买盘
1196,10:00:57,2.65,0.01,2,530,买盘
1197,10:00:33,2.64,-0.01,304,80414,卖盘
1198,10:00:27,2.65,--,8,2120,买盘
1199,10:00:00,2.65,--,20,5300,买盘
1200,09:59:57,2.65,--,1,265,买盘
1201,09:59:54,2.65,0.01,9,2385,买盘
1202,09:59:42,2.64,--,44,11616,卖盘
1203,09:59:36,2.64,-0.01,21,5755,卖盘
1204,09:59:09,2.65,0.01,2,530,买盘
1205,09:59:03,2.64,-0.01,12,3168,卖盘
1206,09:59:00,2.65,0.01,184,48760,买盘
1207,09:58:57,2.64,--,47,12408,卖盘
1208,09:58:51,2.64,-0.01,240,63360,卖盘
1209,09:58:48,2.65,0.01,2,530,买盘
1210,09:58:30,2.64,--,103,27297,卖盘
1211,09:58:24,2.64,--,1,264,卖盘
1212,09:58:18,2.64,--,5,1320,卖盘
1213,09:58:06,2.64,-0.01,777,205286,卖盘
1214,09:58:03,2.65,0.01,2,530,买盘
1215,09:58:00,2.64,--,20,5280,卖盘
1216,09:57:51,2.64,--,92,24288,卖盘
1217,09:57:48,2.64,--,1,264,卖盘
1218,09:57:45,2.64,--,54,14256,卖盘
1219,09:57:42,2.64,--,71,18744,卖盘
1220,09:57:39,2.64,--,7,2006,卖盘
1221,09:57:33,2.64,--,18,4752,卖盘
1222,09:57:15,2.64,--,50,13200,卖盘
1223,09:56:57,2.64,--,50,13200,卖盘
1224,09:56:51,2.64,-0.01,9,2376,卖盘
1225,09:56:33,2.65,0.01,11,2915,买盘
1226,09:56:24,2.64,-0.01,51,13464,卖盘
1227,09:56:00,2.65,0.01,30,7950,买盘
1228,09:55:54,2.64,--,9,2376,卖盘
1229,09:55:51,2.64,-0.01,1304,344256,卖盘
1230,09:55:42,2.65,--,2,530,买盘
1231,09:55:27,2.65,--,1,265,买盘
1232,09:54:57,2.65,0.01,57,15105,买盘
1233,09:54:54,2.64,--,50,13200,卖盘
1234,09:54:24,2.64,--,50,13200,卖盘
1235,09:54:03,2.64,--,26,6864,卖盘
1236,09:53:48,2.64,-0.01,107,28406,中性盘
1237,09:53:42,2.65,0.01,18,4823,买盘
1238,09:53:39,2.64,--,80,21120,卖盘
1239,09:53:36,2.64,--,192,50688,卖盘
1240,09:53:33,2.64,--,15,3960,卖盘
1241,09:53:30,2.64,--,4,1108,卖盘
1242,09:53:27,2.64,--,20,5280,卖盘
1243,09:53:21,2.64,--,206,54436,买盘
1244,09:53:12,2.64,--,532,140448,买盘
1245,09:53:06,2.64,--,58,15312,买盘
1246,09:53:03,2.64,--,21,5544,买盘
1247,09:53:00,2.64,--,10,2640,买盘
1248,09:52:42,2.64,--,36,9504,买盘
1249,09:52:36,2.64,--,53,13992,买盘
1250,09:52:30,2.64,--,2,528,买盘
1251,09:52:27,2.64,0.01,10,2640,买盘
1252,09:52:24,2.63,--,1,473,卖盘
1253,09:52:18,2.63,-0.01,3,946,卖盘
1254,09:52:12,2.64,0.01,20,5280,买盘
1255,09:52:06,2.63,-0.01,124,32664,卖盘
1256,09:52:03,2.64,0.01,17,4488,买盘
1257,09:52:00,2.63,--,30,7890,卖盘
1258,09:51:57,2.63,--,11,2893,卖盘
1259,09:51:54,2.63,--,70,18620,卖盘
1260,09:51:51,2.63,-0.01,40,10520,卖盘
1261,09:51:42,2.64,0.01,56,14784,买盘
1262,09:50:57,2.63,-0.01,13,3419,卖盘
1263,09:50:54,2.64,0.01,1,264,买盘
1264,09:50:51,2.63,--,119,31297,卖盘
1265,09:50:48,2.63,--,11,2893,卖盘
1266,09:50:27,2.63,--,11,2893,卖盘
1267,09:50:24,2.63,--,18,4734,卖盘
1268,09:50:21,2.63,-0.01,3201,841915,卖盘
1269,09:50:18,2.64,--,30,7920,买盘
1270,09:50:15,2.64,--,15,3960,买盘
1271,09:50:09,2.64,--,10,2640,买盘
1272,09:50:03,2.64,--,10,2640,买盘
1273,09:49:51,2.64,--,88,23232,卖盘
1274,09:49:45,2.64,--,20,5280,卖盘
1275,09:49:42,2.64,--,4,1056,卖盘
1276,09:49:36,2.64,-0.01,8100,2138400,卖盘
1277,09:49:33,2.65,0.01,2,530,买盘
1278,09:49:30,2.64,--,497,131208,卖盘
1279,09:49:09,2.64,--,8,2112,卖盘
1280,09:49:06,2.64,-0.01,10,2640,卖盘
1281,09:49:03,2.65,0.01,1,265,买盘
1282,09:49:00,2.64,-0.01,31,8184,卖盘
1283,09:48:57,2.65,0.01,3,795,买盘
1284,09:48:54,2.64,-0.01,18,4752,卖盘
1285,09:48:51,2.65,--,60,15900,买盘
1286,09:48:48,2.65,0.01,30,7950,买盘
1287,09:48:36,2.64,--,10,2640,卖盘
1288,09:48:21,2.64,--,4,1056,卖盘
1289,09:48:03,2.64,-0.01,20,5280,卖盘
1290,09:48:00,2.65,--,3,795,买盘
1291,09:47:54,2.65,0.01,1,265,买盘
1292,09:47:48,2.64,--,20,5332,卖盘
1293,09:47:45,2.64,-0.01,2,528,卖盘
1294,09:47:42,2.65,0.01,196,51940,买盘
1295,09:47:27,2.64,-0.01,70,18480,卖盘
1296,09:47:18,2.65,--,20,5300,买盘
1297,09:47:06,2.65,0.01,7,1855,买盘
1298,09:47:00,2.64,-0.01,3,792,卖盘
1299,09:46:45,2.65,--,56,14840,买盘
1300,09:46:42,2.65,--,21,5565,买盘
1301,09:46:39,2.65,--,10,2650,买盘
1302,09:46:18,2.65,--,1,265,买盘
1303,09:46:15,2.65,--,149,39697,卖盘
1304,09:46:03,2.65,--,77,20405,卖盘
1305,09:45:57,2.65,--,20,5300,卖盘
1306,09:45:39,2.65,--,1,265,卖盘
1307,09:45:30,2.65,--,20,5300,卖盘
1308,09:45:27,2.65,--,10,2650,卖盘
1309,09:45:18,2.65,--,20,5300,卖盘
1310,09:45:15,2.65,--,10,2650,卖盘
1311,09:44:39,2.65,--,9,2385,卖盘
1312,09:44:36,2.65,--,50,13250,卖盘
1313,09:44:30,2.65,--,0,212,卖盘
1314,09:44:18,2.65,--,30,7950,卖盘
1315,09:44:12,2.65,--,40,10600,卖盘
1316,09:44:03,2.65,--,205,54537,卖盘
1317,09:44:00,2.65,0.01,52,13939,买盘
1318,09:43:57,2.64,-0.01,10,2851,卖盘
1319,09:43:54,2.65,--,10,2650,买盘
1320,09:43:48,2.65,0.01,202,53530,买盘
1321,09:43:42,2.64,-0.01,19,5227,卖盘
1322,09:43:39,2.65,--,90,23850,买盘
1323,09:43:36,2.65,--,233,61745,买盘
1324,09:43:27,2.65,--,15,3975,买盘
1325,09:43:24,2.65,--,30,7950,买盘
1326,09:43:21,2.65,--,40,10600,买盘
1327,09:43:15,2.65,0.01,200,53000,买盘
1328,09:43:09,2.64,-0.01,1,264,卖盘
1329,09:43:00,2.65,--,114,30210,买盘
1330,09:42:45,2.65,--,21,5565,买盘
1331,09:42:36,2.65,--,1216,322452,卖盘
1332,09:42:33,2.65,--,1,265,卖盘
1333,09:42:27,2.65,--,16,4240,卖盘
1334,09:42:12,2.65,--,30,7950,卖盘
1335,09:42:06,2.65,-0.01,10,2650,卖盘
1336,09:42:00,2.66,0.01,18,4788,买盘
1337,09:41:54,2.65,-0.01,19,5035,卖盘
1338,09:41:51,2.66,0.01,7,1862,买盘
1339,09:41:33,2.65,--,20,5300,卖盘
1340,09:41:30,2.65,--,27,7155,卖盘
1341,09:41:18,2.65,--,20,5300,卖盘
1342,09:41:09,2.65,--,340,90153,买盘
1343,09:41:06,2.65,--,145,38425,买盘
1344,09:41:00,2.65,--,10,2650,买盘
1345,09:40:57,2.65,0.01,502,133030,买盘
1346,09:40:48,2.64,-0.01,163,43243,卖盘
1347,09:40:42,2.65,--,500,132500,买盘
1348,09:40:36,2.65,0.01,30,7950,买盘
1349,09:40:33,2.64,-0.01,18,4752,卖盘
1350,09:40:24,2.65,--,101,26871,买盘
1351,09:40:18,2.65,--,100,26500,买盘
1352,09:40:15,2.65,0.01,107,28355,买盘
1353,09:40:12,2.64,-0.01,200,52800,卖盘
1354,09:40:09,2.65,--,6,1590,买盘
1355,09:39:51,2.65,--,14,3710,买盘
1356,09:39:45,2.65,--,6917,1833111,卖盘
1357,09:39:42,2.65,--,600,159000,卖盘
1358,09:39:24,2.65,-0.01,67,17755,卖盘
1359,09:39:21,2.66,0.01,11,2926,买盘
1360,09:39:15,2.65,--,3,954,卖盘
1361,09:39:12,2.65,--,10,2650,卖盘
1362,09:39:00,2.65,-0.01,120,31800,卖盘
1363,09:38:45,2.66,0.01,2,532,买盘
1364,09:38:42,2.65,--,2,530,卖盘
1365,09:38:39,2.65,--,300,79500,卖盘
1366,09:38:30,2.65,--,2,530,卖盘
1367,09:38:24,2.65,--,20,5300,卖盘
1368,09:38:06,2.65,-0.01,15,3975,卖盘
1369,09:37:57,2.66,0.01,10,2660,买盘
1370,09:37:51,2.65,--,3,795,卖盘
1371,09:37:48,2.65,--,10,2650,卖盘
1372,09:37:42,2.65,--,16,4240,卖盘
1373,09:37:36,2.65,--,30,7950,卖盘
1374,09:37:27,2.65,--,162,42930,卖盘
1375,09:37:24,2.65,--,30,7950,卖盘
1376,09:37:18,2.65,--,11,2915,卖盘
1377,09:37:12,2.65,--,11,2915,卖盘
1378,09:37:06,2.65,--,73,19345,卖盘
1379,09:37:03,2.65,--,23,6095,卖盘
1380,09:37:00,2.65,--,2076,550140,买盘
1381,09:36:57,2.65,--,424,112360,卖盘
1382,09:36:48,2.65,-0.01,10,2650,卖盘
1383,09:36:45,2.66,0.01,15,3990,买盘
1384,09:36:42,2.65,--,190,50350,卖盘
1385,09:36:36,2.65,--,1,477,卖盘
1386,09:36:30,2.65,--,3000,795000,卖盘
1387,09:36:21,2.65,-0.01,15,3975,卖盘
1388,09:36:18,2.66,0.01,11,2926,买盘
1389,09:36:12,2.65,-0.01,116,30952,卖盘
1390,09:36:09,2.66,0.01,1,266,买盘
1391,09:36:06,2.65,-0.01,200,53000,卖盘
1392,09:35:54,2.66,0.01,30,7980,买盘
1393,09:35:51,2.65,--,30,7950,卖盘
1394,09:35:45,2.65,--,10,2650,卖盘
1395,09:35:27,2.65,-0.01,19,5035,卖盘
1396,09:35:12,2.66,0.01,4,1064,买盘
1397,09:35:09,2.65,-0.01,16,4293,卖盘
1398,09:35:06,2.66,--,2,532,买盘
1399,09:34:57,2.66,0.01,3,798,买盘
1400,09:34:54,2.65,-0.01,204,54060,卖盘
1401,09:34:48,2.66,0.01,1,266,买盘
1402,09:34:45,2.65,-0.01,150,39750,卖盘
1403,09:34:42,2.66,--,220,58520,买盘
1404,09:34:39,2.66,0.01,1,266,买盘
1405,09:34:24,2.65,-0.01,1,265,卖盘
1406,09:34:00,2.66,0.01,10,2660,买盘
1407,09:33:57,2.65,--,3,954,卖盘
1408,09:33:45,2.65,-0.01,5,1325,卖盘
1409,09:33:33,2.66,0.01,3,798,买盘
1410,09:33:12,2.65,-0.01,6,1590,卖盘
1411,09:33:03,2.66,--,10,2660,买盘
1412,09:32:57,2.66,--,22,5931,卖盘
1413,09:32:54,2.66,--,81,21546,卖盘
1414,09:32:36,2.66,--,80,21492,卖盘
1415,09:32:33,2.66,--,815,217029,买盘
1416,09:32:30,2.66,0.01,20,5320,买盘
1417,09:32:24,2.65,-0.01,1,477,卖盘
1418,09:32:06,2.66,--,3,798,买盘
1419,09:32:03,2.66,--,38,10108,买盘
1420,09:31:57,2.66,--,24,6384,买盘
1421,09:31:54,2.66,0.01,30,7980,买盘
1422,09:31:48,2.65,-0.01,5,1537,卖盘
1423,09:31:21,2.66,0.01,92,24472,买盘
1424,09:31:12,2.65,-0.01,42,11130,卖盘
1425,09:31:09,2.66,0.01,10,2660,买盘
1426,09:31:06,2.65,--,50,13250,卖盘
1427,09:31:03,2.65,--,1,265,卖盘
1428,09:30:51,2.65,--,2,530,卖盘
1429,09:30:30,2.65,-0.01,10,2650,卖盘
1430,09:30:24,2.66,--,6,1782,卖盘
1431,09:30:12,2.66,--,1,266,卖盘
1432,09:30:09,2.66,--,1,266,卖盘
1433,09:30:06,2.66,--,302,80544,卖盘
1434,09:30:03,2.66,--,81,21679,买盘
1435,09:30:00,2.66,--,0,0,买盘
1436,09:25:03,2.66,2.66,343,91238,买盘
