,time,price,change,volume,amount,type
0,15:00:03,14.76,--,1026,1514376,卖盘
1,14:57:00,14.76,--,2,2952,卖盘
2,14:56:57,14.76,-0.01,20,29520,中性盘
3,14:56:54,14.77,0.01,285,420945,买盘
4,14:56:51,14.76,--,131,194403,卖盘
5,14:56:48,14.76,--,519,766044,卖盘
6,14:56:45,14.76,-0.01,50,73800,卖盘
7,14:56:42,14.77,0.01,55,81235,买盘
8,14:56:39,14.76,-0.01,48,70848,卖盘
9,14:56:33,14.77,--,22,32494,买盘
10,14:56:27,14.77,0.01,110,162470,买盘
11,14:56:24,14.76,-0.01,168,247968,卖盘
12,14:56:21,14.77,--,30,44310,买盘
13,14:56:18,14.77,--,30,44310,买盘
14,14:56:15,14.77,--,5,7385,买盘
15,14:56:12,14.77,--,67,98959,买盘
16,14:56:09,14.77,--,27,39879,买盘
17,14:56:06,14.77,--,10,14770,买盘
18,14:56:03,14.77,-0.01,61,90097,卖盘
19,14:55:57,14.78,0.01,23,33994,买盘
20,14:55:54,14.77,--,8,11816,卖盘
21,14:55:51,14.77,--,100,147700,卖盘
22,14:55:45,14.77,-0.01,6,8862,卖盘
23,14:55:39,14.78,0.01,4,5912,买盘
24,14:55:36,14.77,--,164,242228,卖盘
25,14:55:33,14.77,-0.01,100,147700,卖盘
26,14:55:24,14.78,--,5,7390,买盘
27,14:55:21,14.78,0.01,13,19214,中性盘
28,14:55:15,14.77,-0.02,13,19201,卖盘
29,14:55:12,14.79,0.01,5,7395,买盘
30,14:55:09,14.78,--,5,7390,卖盘
31,14:55:06,14.78,0.01,44,65032,买盘
32,14:55:03,14.77,-0.01,1,1477,卖盘
33,14:55:00,14.78,0.01,8,11824,买盘
34,14:54:57,14.77,-0.01,74,109298,卖盘
35,14:54:54,14.78,--,10,14780,卖盘
36,14:54:51,14.78,--,52,76856,买盘
37,14:54:48,14.78,--,102,150756,买盘
38,14:54:45,14.78,--,2,2956,买盘
39,14:54:42,14.78,0.01,5,7390,买盘
40,14:54:39,14.77,--,105,155085,卖盘
41,14:54:24,14.77,--,3,4431,卖盘
42,14:54:15,14.77,0.01,143,211211,买盘
43,14:54:12,14.76,--,5,7380,卖盘
44,14:54:09,14.76,-0.01,26,38376,卖盘
45,14:54:03,14.77,0.01,15,22155,买盘
46,14:54:00,14.76,-0.01,21,30996,卖盘
47,14:53:57,14.77,-0.01,4,5908,卖盘
48,14:53:54,14.78,0.01,1,1478,买盘
49,14:53:51,14.77,--,100,147700,卖盘
50,14:53:48,14.77,-0.01,23,33971,卖盘
51,14:53:45,14.78,--,3,4434,买盘
52,14:53:42,14.78,--,20,29560,买盘
53,14:53:39,14.78,--,13,19214,买盘
54,14:53:36,14.78,--,101,149278,买盘
55,14:53:33,14.78,--,5,7390,买盘
56,14:53:27,14.78,--,5,7390,买盘
57,14:53:18,14.78,--,7,10346,卖盘
58,14:53:12,14.78,--,8,11824,卖盘
59,14:53:06,14.78,0.01,10,14780,中性盘
60,14:53:03,14.77,-0.02,50,73850,卖盘
61,14:53:00,14.79,0.01,100,147900,买盘
62,14:52:54,14.78,0.01,10,14780,买盘
63,14:52:51,14.77,-0.01,55,81235,卖盘
64,14:52:48,14.78,--,4,5912,买盘
65,14:52:42,14.78,0.01,23,33994,买盘
66,14:52:39,14.77,-0.01,28,41356,卖盘
67,14:52:36,14.78,0.01,20,29560,买盘
68,14:52:33,14.77,-0.01,9,13293,卖盘
69,14:52:30,14.78,0.01,15,22170,买盘
70,14:52:27,14.77,-0.01,30,44310,卖盘
71,14:52:21,14.78,--,15,22170,买盘
72,14:52:15,14.78,0.01,10,14780,买盘
73,14:52:09,14.77,--,30,44310,卖盘
74,14:52:06,14.77,--,41,60557,买盘
75,14:51:57,14.77,--,116,171332,买盘
76,14:51:54,14.77,--,51,75327,买盘
77,14:51:51,14.77,--,8,11816,买盘
78,14:51:48,14.77,0.01,10,14770,买盘
79,14:51:42,14.76,-0.01,3,4428,卖盘
80,14:51:39,14.77,--,8,11816,买盘
81,14:51:36,14.77,--,12,17724,买盘
82,14:51:33,14.77,--,46,67942,买盘
83,14:51:30,14.77,--,20,29540,买盘
84,14:51:27,14.77,--,68,100436,卖盘
85,14:51:21,14.77,--,4,5908,卖盘
86,14:51:18,14.77,-0.01,12,17724,卖盘
87,14:51:15,14.78,--,32,47296,买盘
88,14:51:06,14.78,0.01,1,1478,买盘
89,14:51:03,14.77,--,47,69419,买盘
90,14:50:57,14.77,-0.01,99,146223,卖盘
91,14:50:54,14.78,--,10,14780,买盘
92,14:50:51,14.78,0.02,16,23648,买盘
93,14:50:42,14.76,--,24,35852,卖盘
94,14:50:39,14.76,-0.02,32,47232,卖盘
95,14:50:36,14.78,0.01,130,192140,买盘
96,14:50:33,14.77,--,20,29540,买盘
97,14:50:30,14.77,0.01,21,31017,买盘
98,14:50:21,14.76,--,6,8856,卖盘
99,14:50:03,14.76,-0.01,30,44280,卖盘
100,14:49:48,14.77,--,2,2954,买盘
101,14:49:42,14.77,--,8,11816,买盘
102,14:49:39,14.77,--,37,54649,卖盘
103,14:49:36,14.77,--,13,19201,卖盘
104,14:49:33,14.77,-0.01,28,41356,卖盘
105,14:49:21,14.78,--,6,8868,卖盘
106,14:49:18,14.78,--,25,36950,买盘
107,14:49:12,14.78,--,34,50252,买盘
108,14:49:09,14.78,--,32,47296,卖盘
109,14:49:06,14.78,--,25,36950,买盘
110,14:49:03,14.78,-0.01,4,5912,买盘
111,14:48:57,14.79,--,32,47328,买盘
112,14:48:51,14.79,0.01,28,41412,买盘
113,14:48:48,14.78,--,10,14780,买盘
114,14:48:45,14.78,-0.01,39,57642,卖盘
115,14:48:42,14.79,0.01,7,10353,买盘
116,14:48:39,14.78,--,14,20692,卖盘
117,14:48:36,14.78,--,1,1478,卖盘
118,14:48:33,14.78,--,4,5912,卖盘
119,14:48:30,14.78,-0.01,4,5912,卖盘
120,14:48:21,14.79,0.01,11,16268,买盘
121,14:48:18,14.78,--,1,1478,卖盘
122,14:48:15,14.78,-0.01,5,7390,卖盘
123,14:48:12,14.79,0.01,100,147900,买盘
124,14:48:09,14.78,--,2,2956,卖盘
125,14:48:06,14.78,--,31,45818,卖盘
126,14:48:03,14.78,0.01,49,72422,买盘
127,14:48:00,14.77,--,4,5908,卖盘
128,14:47:57,14.77,--,11,16247,卖盘
129,14:47:54,14.77,-0.01,230,339710,卖盘
130,14:47:48,14.78,-0.01,38,56164,中性盘
131,14:47:42,14.79,0.01,100,147900,买盘
132,14:47:39,14.78,--,24,35472,买盘
133,14:47:33,14.78,--,14,20692,卖盘
134,14:47:27,14.78,--,3,4434,卖盘
135,14:47:03,14.78,--,10,14780,买盘
136,14:47:00,14.78,--,10,14780,买盘
137,14:46:57,14.78,--,10,14780,买盘
138,14:46:45,14.78,--,87,128586,买盘
139,14:46:39,14.78,--,5,7390,买盘
140,14:46:33,14.78,-0.01,7,10346,买盘
141,14:46:27,14.79,0.02,23,34017,买盘
142,14:46:21,14.77,--,4,5908,卖盘
143,14:46:15,14.77,-0.01,19,28063,卖盘
144,14:46:12,14.78,--,1,1478,卖盘
145,14:46:09,14.78,--,7,10346,卖盘
146,14:46:06,14.78,--,84,124152,买盘
147,14:46:00,14.78,0.01,2,2956,买盘
148,14:45:54,14.77,-0.01,20,29540,卖盘
149,14:45:51,14.78,0.01,1,1478,买盘
150,14:45:45,14.77,-0.01,20,29540,卖盘
151,14:45:39,14.78,--,4,5912,买盘
152,14:45:36,14.78,--,10,14780,卖盘
153,14:45:30,14.78,--,50,73900,卖盘
154,14:45:24,14.78,--,2,2956,卖盘
155,14:45:15,14.78,--,3,4434,卖盘
156,14:45:09,14.78,-0.01,5,7390,卖盘
157,14:45:06,14.79,0.01,1,1479,买盘
158,14:45:03,14.78,-0.01,10,14780,卖盘
159,14:45:00,14.79,--,99,147545,卖盘
160,14:44:57,14.79,--,1,1479,卖盘
161,14:44:54,14.79,--,104,154170,买盘
162,14:44:45,14.79,--,1,1479,买盘
163,14:44:30,14.79,0.01,12,17748,买盘
164,14:44:27,14.78,-0.01,216,319248,卖盘
165,14:44:24,14.79,--,64,94656,卖盘
166,14:44:21,14.79,--,10,14790,卖盘
167,14:44:15,14.79,--,111,164169,卖盘
168,14:44:12,14.79,-0.01,264,390456,卖盘
169,14:44:09,14.8,--,42,62160,买盘
170,14:44:06,14.8,0.01,2,2960,买盘
171,14:44:00,14.79,-0.01,59,87261,卖盘
172,14:43:57,14.8,--,5,7400,买盘
173,14:43:54,14.8,0.01,15,22200,买盘
174,14:43:45,14.79,--,30,44370,卖盘
175,14:43:39,14.79,--,121,178959,卖盘
176,14:43:33,14.79,--,29,42891,卖盘
177,14:43:30,14.79,--,20,29580,卖盘
178,14:43:24,14.79,--,59,87261,卖盘
179,14:43:21,14.79,-0.01,47,69513,卖盘
180,14:43:18,14.8,0.01,6,8880,买盘
181,14:43:15,14.79,-0.01,25,36975,卖盘
182,14:43:09,14.8,0.01,53,78440,买盘
183,14:43:06,14.79,--,4,5916,卖盘
184,14:43:03,14.79,--,4,5916,卖盘
185,14:43:00,14.79,--,14,20706,卖盘
186,14:42:57,14.79,-0.01,11,16268,卖盘
187,14:42:54,14.8,0.01,7,10360,买盘
188,14:42:45,14.79,-0.01,25,36975,卖盘
189,14:42:42,14.8,--,5,7400,买盘
190,14:42:39,14.8,0.01,3,4440,买盘
191,14:42:36,14.79,-0.01,5,7395,卖盘
192,14:42:33,14.8,0.01,1,1480,买盘
193,14:42:27,14.79,--,54,79866,卖盘
194,14:42:21,14.79,-0.01,10,14790,卖盘
195,14:42:15,14.8,0.01,25,37000,买盘
196,14:42:06,14.79,-0.01,9,13311,卖盘
197,14:42:03,14.8,--,10,14800,买盘
198,14:42:00,14.8,--,8,11840,买盘
199,14:41:51,14.8,--,10,14800,买盘
200,14:41:48,14.8,--,12,17760,买盘
201,14:41:45,14.8,--,1,1480,买盘
202,14:41:42,14.8,0.01,6,8880,买盘
203,14:41:36,14.79,-0.01,1,1479,卖盘
204,14:41:27,14.8,--,27,39960,买盘
205,14:41:12,14.8,--,2,2960,买盘
206,14:41:06,14.8,--,70,103600,买盘
207,14:41:03,14.8,--,5,7400,买盘
208,14:41:00,14.8,--,7,10360,买盘
209,14:40:57,14.8,--,5,7400,买盘
210,14:40:18,14.8,--,6,8880,买盘
211,14:40:15,14.8,0.01,8,11840,买盘
212,14:40:06,14.79,--,15,22185,卖盘
213,14:39:54,14.79,0.01,1,1479,买盘
214,14:39:51,14.78,--,203,300034,卖盘
215,14:39:24,14.78,--,18,26604,卖盘
216,14:39:03,14.78,-0.01,116,171448,卖盘
217,14:39:00,14.79,0.01,4,5916,买盘
218,14:38:45,14.78,--,4,5912,卖盘
219,14:38:42,14.78,-0.01,59,87202,卖盘
220,14:38:27,14.79,0.01,1,1479,买盘
221,14:38:24,14.78,--,2,2956,卖盘
222,14:37:42,14.78,--,3,4434,卖盘
223,14:37:36,14.78,-0.01,5,7390,卖盘
224,14:37:33,14.79,--,10,14790,买盘
225,14:37:30,14.79,0.01,3,4437,买盘
226,14:37:27,14.78,-0.01,10,14780,卖盘
227,14:37:24,14.79,--,2,2958,买盘
228,14:37:18,14.79,--,1,1479,买盘
229,14:37:12,14.79,0.01,52,76908,买盘
230,14:37:06,14.78,--,1,1478,卖盘
231,14:37:03,14.78,--,22,32516,买盘
232,14:36:57,14.78,--,101,149278,买盘
233,14:36:51,14.78,--,6,8868,买盘
234,14:36:42,14.78,0.01,11,16258,买盘
235,14:36:36,14.77,-0.01,4,5908,卖盘
236,14:36:27,14.78,--,1,1478,买盘
237,14:36:24,14.78,--,18,26604,买盘
238,14:36:21,14.78,--,14,20692,买盘
239,14:36:15,14.78,--,35,51730,买盘
240,14:36:09,14.78,--,1,1478,买盘
241,14:36:06,14.78,--,16,23648,卖盘
242,14:36:00,14.78,-0.01,6,8868,卖盘
243,14:35:51,14.79,0.01,3,4437,买盘
244,14:35:48,14.78,--,16,23648,买盘
245,14:35:42,14.78,-0.01,31,45818,卖盘
246,14:35:39,14.79,0.01,5,7395,买盘
247,14:35:33,14.78,--,64,94592,卖盘
248,14:35:30,14.78,-0.01,4,5912,卖盘
249,14:35:27,14.79,0.01,24,35496,买盘
250,14:35:21,14.78,--,8,11824,卖盘
251,14:34:57,14.78,-0.01,7,10346,卖盘
252,14:34:45,14.79,0.01,7,10353,买盘
253,14:34:42,14.78,--,10,14780,卖盘
254,14:34:39,14.78,-0.01,3,4434,卖盘
255,14:34:36,14.79,0.01,1,1479,买盘
256,14:34:33,14.78,0.01,25,36950,买盘
257,14:34:24,14.77,-0.01,3,4431,卖盘
258,14:34:18,14.78,--,6,8868,卖盘
259,14:34:12,14.78,--,5,7390,卖盘
260,14:34:09,14.78,-0.01,20,29560,卖盘
261,14:33:57,14.79,--,5,7395,买盘
262,14:33:54,14.79,--,10,14790,买盘
263,14:33:48,14.79,--,8,11832,买盘
264,14:33:45,14.79,-0.02,37,55876,卖盘
265,14:33:39,14.81,0.01,221,327301,买盘
266,14:33:27,14.8,--,20,29600,买盘
267,14:33:24,14.8,0.01,21,31080,买盘
268,14:33:21,14.79,--,4,5916,卖盘
269,14:33:18,14.79,-0.01,7,10353,卖盘
270,14:33:09,14.8,--,53,78440,买盘
271,14:32:57,14.8,--,19,28120,买盘
272,14:32:54,14.8,--,2,2960,买盘
273,14:32:51,14.8,-0.01,18,26640,中性盘
274,14:32:30,14.81,--,165,244365,买盘
275,14:32:27,14.81,--,1,1481,买盘
276,14:32:21,14.81,--,2,2962,买盘
277,14:32:18,14.81,0.01,1,1481,买盘
278,14:32:15,14.8,-0.01,3,4440,卖盘
279,14:32:12,14.81,--,2,2962,卖盘
280,14:32:06,14.81,--,21,31101,买盘
281,14:32:00,14.81,--,245,362845,买盘
282,14:31:54,14.81,--,70,103670,卖盘
283,14:31:51,14.81,-0.01,12,17772,卖盘
284,14:31:48,14.82,0.01,5,7410,买盘
285,14:31:45,14.81,--,51,75531,卖盘
286,14:31:42,14.81,--,20,29620,卖盘
287,14:31:36,14.81,--,19,28139,卖盘
288,14:31:33,14.81,--,35,51835,卖盘
289,14:31:18,14.81,--,1,1481,卖盘
290,14:31:15,14.81,--,10,14810,卖盘
291,14:31:12,14.81,--,15,22215,卖盘
292,14:31:09,14.81,-0.01,29,42949,中性盘
293,14:31:03,14.82,0.01,13,19266,买盘
294,14:31:00,14.81,0.01,13,19253,买盘
295,14:30:57,14.8,--,36,53280,买盘
296,14:30:54,14.8,-0.01,30,44400,卖盘
297,14:30:51,14.81,--,2,2962,买盘
298,14:30:42,14.81,0.02,9,13329,买盘
299,14:30:39,14.79,-0.01,28,41737,卖盘
300,14:30:36,14.8,--,11,16280,买盘
301,14:30:33,14.8,0.01,26,38480,买盘
302,14:30:30,14.79,-0.01,10,14790,卖盘
303,14:30:27,14.8,--,114,168720,买盘
304,14:30:24,14.8,--,103,152440,买盘
305,14:30:21,14.8,0.01,149,220520,买盘
306,14:30:18,14.79,--,14,20706,买盘
307,14:30:15,14.79,--,47,69513,买盘
308,14:30:12,14.79,--,1,1479,买盘
309,14:30:09,14.79,--,39,57681,买盘
310,14:30:06,14.79,0.01,8,11832,买盘
311,14:30:03,14.78,--,637,941486,买盘
312,14:30:00,14.78,--,42,62076,买盘
313,14:29:57,14.78,0.01,14,20692,买盘
314,14:29:54,14.77,--,6,8862,买盘
315,14:29:48,14.77,0.01,6,8862,买盘
316,14:29:45,14.76,-0.01,5,7380,卖盘
317,14:29:42,14.77,0.01,2,2954,买盘
318,14:29:33,14.76,-0.02,28,41328,卖盘
319,14:29:30,14.78,0.01,1,1478,买盘
320,14:29:27,14.77,--,21,31017,买盘
321,14:29:15,14.77,--,5,7385,买盘
322,14:29:12,14.77,0.01,46,67942,买盘
323,14:29:09,14.76,--,14,20664,卖盘
324,14:29:00,14.76,-0.01,4,5904,卖盘
325,14:28:54,14.77,--,18,26586,买盘
326,14:28:42,14.77,0.01,5,7385,买盘
327,14:28:39,14.76,--,21,30996,卖盘
328,14:28:30,14.76,-0.01,30,44280,卖盘
329,14:28:27,14.77,--,10,14770,买盘
330,14:28:24,14.77,--,10,14770,买盘
331,14:28:09,14.77,0.01,12,17724,买盘
332,14:27:54,14.76,--,3,4428,卖盘
333,14:27:45,14.76,--,143,211068,买盘
334,14:27:36,14.76,--,4,5904,买盘
335,14:27:33,14.76,--,10,14760,买盘
336,14:27:27,14.76,--,15,22140,买盘
337,14:27:24,14.76,--,5,7380,买盘
338,14:27:21,14.76,--,1,1476,买盘
339,14:27:03,14.76,--,6,8856,买盘
340,14:26:57,14.76,0.01,15,22140,买盘
341,14:26:54,14.75,--,10,14750,卖盘
342,14:26:51,14.75,-0.01,34,50150,卖盘
343,14:26:48,14.76,0.01,22,32472,买盘
344,14:26:45,14.75,--,1,1475,卖盘
345,14:26:24,14.75,-0.01,25,36875,卖盘
346,14:26:12,14.76,--,8,11808,买盘
347,14:26:09,14.76,--,1,1476,买盘
348,14:26:06,14.76,--,1,1476,买盘
349,14:25:54,14.76,0.01,7,10332,买盘
350,14:25:51,14.75,--,14,20650,卖盘
351,14:25:45,14.75,--,4,5900,卖盘
352,14:25:39,14.75,--,55,81125,买盘
353,14:25:36,14.75,--,13,19175,买盘
354,14:25:21,14.75,0.01,2,2950,买盘
355,14:25:18,14.74,-0.01,12,17688,卖盘
356,14:25:15,14.75,--,34,50150,买盘
357,14:25:12,14.75,--,4,5900,买盘
358,14:25:06,14.75,--,1,1475,买盘
359,14:25:03,14.75,--,12,17700,买盘
360,14:24:54,14.75,--,87,128325,买盘
361,14:24:48,14.75,--,11,16225,买盘
362,14:24:45,14.75,--,5,7375,买盘
363,14:24:42,14.75,0.01,21,30975,买盘
364,14:24:39,14.74,-0.01,8,11792,卖盘
365,14:24:36,14.75,0.01,1,1475,买盘
366,14:24:27,14.74,-0.01,2,2948,卖盘
367,14:24:24,14.75,--,10,14750,买盘
368,14:24:18,14.75,0.01,2,2950,买盘
369,14:24:12,14.74,--,1,1474,卖盘
370,14:24:09,14.74,--,17,25058,卖盘
371,14:24:00,14.74,--,39,57486,卖盘
372,14:23:45,14.74,-0.01,1,1474,卖盘
373,14:23:39,14.75,0.01,26,38350,买盘
374,14:23:36,14.74,-0.01,4,5896,卖盘
375,14:23:30,14.75,--,51,75225,买盘
376,14:23:24,14.75,--,131,193225,买盘
377,14:23:18,14.75,--,4,5900,买盘
378,14:23:12,14.75,--,30,44250,买盘
379,14:23:09,14.75,0.01,1,1475,买盘
380,14:23:06,14.74,-0.01,11,16214,卖盘
381,14:23:03,14.75,--,2,2950,买盘
382,14:23:00,14.75,--,92,135700,卖盘
383,14:22:57,14.75,--,25,36875,卖盘
384,14:22:51,14.75,-0.01,10,14750,卖盘
385,14:22:48,14.76,0.01,52,76752,买盘
386,14:22:45,14.75,--,22,32450,卖盘
387,14:22:42,14.75,-0.01,42,61950,卖盘
388,14:22:30,14.76,--,8,11808,买盘
389,14:22:27,14.76,-0.02,19,28044,卖盘
390,14:22:24,14.78,--,30,44340,买盘
391,14:22:15,14.78,--,2,2956,买盘
392,14:21:51,14.78,0.02,3,4434,买盘
393,14:21:48,14.76,-0.02,11,16236,卖盘
394,14:21:45,14.78,--,9,13302,卖盘
395,14:21:42,14.78,--,20,29560,卖盘
396,14:21:30,14.78,0.01,30,44340,买盘
397,14:21:24,14.77,--,4,5908,卖盘
398,14:21:18,14.77,--,10,14770,卖盘
399,14:21:09,14.77,--,7,10339,买盘
400,14:21:00,14.77,--,5,7385,买盘
401,14:20:54,14.77,0.02,11,16247,买盘
402,14:20:51,14.75,-0.02,38,56050,卖盘
403,14:20:33,14.77,0.01,10,14770,买盘
404,14:20:30,14.76,-0.01,21,30996,卖盘
405,14:20:24,14.77,--,5,7385,买盘
406,14:20:21,14.77,0.01,27,39879,买盘
407,14:20:18,14.76,-0.01,3,4428,卖盘
408,14:20:06,14.77,--,1,1477,买盘
409,14:20:00,14.77,--,27,39879,买盘
410,14:19:42,14.77,0.01,1,1477,买盘
411,14:19:36,14.76,-0.01,17,25092,卖盘
412,14:19:33,14.77,--,30,44310,买盘
413,14:19:21,14.77,0.02,12,17724,买盘
414,14:19:15,14.75,-0.02,4,5900,卖盘
415,14:19:12,14.77,--,46,67942,买盘
416,14:19:03,14.77,--,42,62034,买盘
417,14:18:54,14.77,--,1,1477,买盘
418,14:18:51,14.77,--,11,16247,买盘
419,14:18:45,14.77,--,5,7385,买盘
420,14:18:36,14.77,--,1,1477,买盘
421,14:18:30,14.77,0.01,3,4431,买盘
422,14:18:27,14.76,-0.01,1,1476,卖盘
423,14:18:24,14.77,0.01,10,14770,买盘
424,14:18:21,14.76,-0.01,10,14760,卖盘
425,14:18:15,14.77,0.01,1,1477,买盘
426,14:18:09,14.76,--,3,4428,卖盘
427,14:18:03,14.76,-0.01,6,8856,中性盘
428,14:17:54,14.77,0.01,32,47264,买盘
429,14:17:48,14.76,0.01,18,26568,买盘
430,14:17:45,14.75,--,65,95875,卖盘
431,14:17:42,14.75,-0.01,21,30975,卖盘
432,14:17:39,14.76,--,1,1476,买盘
433,14:17:36,14.76,--,9,13284,买盘
434,14:17:27,14.76,--,31,45756,买盘
435,14:17:24,14.76,--,138,203688,买盘
436,14:17:18,14.76,0.01,1,1476,买盘
437,14:17:15,14.75,-0.01,8,11800,卖盘
438,14:17:09,14.76,--,26,38376,买盘
439,14:17:06,14.76,0.01,2,2952,买盘
440,14:17:03,14.75,--,304,448400,卖盘
441,14:16:51,14.75,--,20,29500,卖盘
442,14:16:48,14.75,0.01,120,177000,买盘
443,14:16:45,14.74,-0.01,3,4422,卖盘
444,14:16:36,14.75,--,21,30975,买盘
445,14:16:33,14.75,--,2,2950,买盘
446,14:16:27,14.75,0.01,10,14750,买盘
447,14:16:21,14.74,--,20,29480,卖盘
448,14:16:15,14.74,--,8,11792,卖盘
449,14:16:00,14.74,--,4,5896,卖盘
450,14:15:57,14.74,-0.01,100,147400,卖盘
451,14:15:54,14.75,--,1,1475,买盘
452,14:15:42,14.75,0.01,10,14750,买盘
453,14:15:36,14.74,-0.01,11,16214,卖盘
454,14:15:30,14.75,--,14,20650,买盘
455,14:15:27,14.75,--,25,36875,买盘
456,14:15:24,14.75,--,5,7375,买盘
457,14:15:21,14.75,0.01,50,73750,中性盘
458,14:15:18,14.74,-0.02,52,76648,卖盘
459,14:15:15,14.76,0.01,4,5904,买盘
460,14:15:12,14.75,--,4,5900,卖盘
461,14:15:00,14.75,-0.01,30,44250,卖盘
462,14:14:57,14.76,0.01,1,1476,买盘
463,14:14:54,14.75,--,3,4425,卖盘
464,14:14:51,14.75,--,21,30975,卖盘
465,14:14:48,14.75,0.01,50,74428,买盘
466,14:14:45,14.74,-0.01,2,2948,卖盘
467,14:14:39,14.75,--,9,13275,买盘
468,14:14:21,14.75,--,20,29500,买盘
469,14:14:12,14.75,--,46,67850,买盘
470,14:14:09,14.75,0.01,4,5900,买盘
471,14:14:00,14.74,--,27,39798,卖盘
472,14:13:57,14.74,-0.01,10,14740,卖盘
473,14:13:51,14.75,0.01,1,1475,买盘
474,14:13:48,14.74,--,8,11792,卖盘
475,14:13:45,14.74,-0.01,153,225522,卖盘
476,14:13:42,14.75,0.01,5,7375,买盘
477,14:13:36,14.74,-0.01,10,14740,卖盘
478,14:13:27,14.75,--,4,5900,买盘
479,14:13:24,14.75,--,21,30975,买盘
480,14:13:18,14.75,--,5,7375,买盘
481,14:12:57,14.75,--,4,5900,买盘
482,14:12:54,14.75,--,97,143075,买盘
483,14:12:51,14.75,--,1,1475,买盘
484,14:12:45,14.75,--,43,63425,买盘
485,14:12:42,14.75,0.01,20,29500,买盘
486,14:12:33,14.74,--,50,73700,卖盘
487,14:12:24,14.74,--,7,10318,卖盘
488,14:12:15,14.74,--,5,7370,卖盘
489,14:12:09,14.74,--,54,79596,买盘
490,14:12:03,14.74,--,14,20636,买盘
491,14:12:00,14.74,--,17,25058,买盘
492,14:11:57,14.74,--,20,29480,买盘
493,14:11:54,14.74,--,60,88440,买盘
494,14:11:51,14.74,--,15,22110,买盘
495,14:11:45,14.74,--,39,57486,买盘
496,14:11:42,14.74,--,12,17688,买盘
497,14:11:39,14.74,0.01,30,44220,买盘
498,14:11:18,14.73,--,13,19149,卖盘
499,14:11:15,14.73,--,13,19149,卖盘
500,14:11:09,14.73,-0.01,5,7365,卖盘
501,14:11:03,14.74,0.01,10,14740,买盘
502,14:10:51,14.73,-0.01,55,81015,卖盘
503,14:10:45,14.74,0.01,5,7370,买盘
504,14:10:42,14.73,-0.01,8,11784,卖盘
505,14:10:39,14.74,0.01,10,14740,买盘
506,14:10:33,14.73,-0.01,3,4419,卖盘
507,14:10:30,14.74,--,1,1474,买盘
508,14:10:27,14.74,--,5,7370,买盘
509,14:10:18,14.74,--,7,10318,买盘
510,14:10:12,14.74,--,10,14740,买盘
511,14:10:09,14.74,--,26,38324,买盘
512,14:09:57,14.74,--,10,14740,买盘
513,14:09:51,14.74,-0.01,221,325754,卖盘
514,14:09:45,14.75,--,3,4425,买盘
515,14:09:42,14.75,--,1,1475,买盘
516,14:09:30,14.75,--,65,95875,买盘
517,14:09:27,14.75,--,1,1475,买盘
518,14:09:24,14.75,--,20,30296,卖盘
519,14:09:12,14.75,--,100,147500,卖盘
520,14:09:06,14.75,--,2,2950,卖盘
521,14:08:42,14.75,-0.01,5,7375,卖盘
522,14:08:36,14.76,--,49,72324,买盘
523,14:08:33,14.76,0.01,20,29520,买盘
524,14:08:24,14.75,-0.01,3,4425,卖盘
525,14:08:15,14.76,--,1,1476,买盘
526,14:08:12,14.76,--,5,7380,买盘
527,14:08:09,14.76,0.01,22,32472,卖盘
528,14:08:06,14.75,-0.01,30,44250,卖盘
529,14:08:00,14.76,--,3,4428,卖盘
530,14:07:51,14.76,--,7,10332,买盘
531,14:07:36,14.76,0.01,20,29520,买盘
532,14:07:27,14.75,--,5,7375,卖盘
533,14:07:18,14.75,-0.01,9,13275,卖盘
534,14:07:15,14.76,--,1,1476,买盘
535,14:07:09,14.76,0.01,18,26568,买盘
536,14:06:51,14.75,--,325,480053,买盘
537,14:06:48,14.75,0.01,1,1475,买盘
538,14:06:45,14.74,--,9,13266,卖盘
539,14:06:30,14.74,--,2,2948,买盘
540,14:06:24,14.74,--,10,14740,买盘
541,14:06:21,14.74,--,3,4422,买盘
542,14:06:15,14.74,--,2,2948,卖盘
543,14:06:12,14.74,0.01,14,20636,中性盘
544,14:06:03,14.73,-0.02,50,73650,卖盘
545,14:06:00,14.75,0.02,6,8850,买盘
546,14:05:57,14.73,-0.01,100,147300,卖盘
547,14:05:51,14.74,0.01,10,14740,卖盘
548,14:05:48,14.73,-0.02,25,36825,卖盘
549,14:05:45,14.75,0.02,21,30975,买盘
550,14:05:42,14.73,-0.02,1,1473,卖盘
551,14:05:39,14.75,0.02,21,30975,买盘
552,14:05:36,14.73,-0.02,91,134043,卖盘
553,14:05:33,14.75,0.03,81,119475,买盘
554,14:05:27,14.72,-0.02,81,119232,卖盘
555,14:05:24,14.74,0.01,103,151822,买盘
556,14:05:18,14.73,--,48,70704,卖盘
557,14:05:15,14.73,--,40,58920,卖盘
558,14:05:12,14.73,--,7,10311,卖盘
559,14:05:09,14.73,--,39,57447,卖盘
560,14:05:06,14.73,--,25,36825,卖盘
561,14:05:03,14.73,--,15,22095,卖盘
562,14:05:00,14.73,-0.01,16,23568,卖盘
563,14:04:57,14.74,0.01,5,7370,买盘
564,14:04:54,14.73,--,11,16203,卖盘
565,14:04:51,14.73,-0.01,5,7365,卖盘
566,14:04:39,14.74,--,41,61229,卖盘
567,14:04:36,14.74,--,53,78122,卖盘
568,14:04:33,14.74,--,11,16214,卖盘
569,14:04:30,14.74,--,11,16214,卖盘
570,14:04:27,14.74,--,27,39798,卖盘
571,14:04:24,14.74,--,8,11792,卖盘
572,14:04:18,14.74,--,50,73700,卖盘
573,14:04:15,14.74,--,12,17688,卖盘
574,14:04:12,14.74,--,20,29480,卖盘
575,14:04:09,14.74,-0.01,2,2948,卖盘
576,14:04:03,14.75,--,23,33925,买盘
577,14:03:54,14.75,0.01,2,2950,买盘
578,14:03:48,14.74,-0.01,1,1474,卖盘
579,14:03:42,14.75,--,9,13275,卖盘
580,14:03:39,14.75,--,49,72275,卖盘
581,14:03:33,14.75,--,110,162250,卖盘
582,14:03:27,14.75,--,10,14750,卖盘
583,14:03:24,14.75,--,100,147500,卖盘
584,14:03:15,14.75,--,5,7375,卖盘
585,14:03:09,14.75,-0.01,52,76700,卖盘
586,14:03:06,14.76,--,20,29520,买盘
587,14:03:00,14.76,--,411,606636,卖盘
588,14:02:57,14.76,--,20,29520,卖盘
589,14:02:54,14.76,-0.01,20,29520,卖盘
590,14:02:45,14.77,-0.01,4,5908,卖盘
591,14:02:36,14.78,--,22,32516,买盘
592,14:02:33,14.78,-0.01,4,5912,卖盘
593,14:02:30,14.79,--,4,5916,买盘
594,14:02:12,14.79,0.01,2,2958,买盘
595,14:02:00,14.78,--,5,7390,卖盘
596,14:01:54,14.78,0.02,15,22170,买盘
597,14:01:51,14.76,--,50,73800,卖盘
598,14:01:48,14.76,-0.01,19,28044,卖盘
599,14:01:45,14.77,0.02,100,147700,买盘
600,14:01:18,14.75,--,10,14750,卖盘
601,14:01:15,14.75,--,21,30975,卖盘
602,14:01:12,14.75,-0.01,14,20650,卖盘
603,14:01:09,14.76,--,2,2952,买盘
604,14:01:06,14.76,0.01,20,29520,买盘
605,14:01:03,14.75,--,10,14750,卖盘
606,14:00:57,14.75,-0.01,36,53100,卖盘
607,14:00:51,14.76,0.01,6,8856,买盘
608,14:00:48,14.75,-0.01,5,7375,卖盘
609,14:00:39,14.76,--,1,1476,买盘
610,14:00:36,14.76,--,25,36900,买盘
611,14:00:33,14.76,0.01,6,8856,买盘
612,14:00:27,14.75,-0.01,32,47200,卖盘
613,14:00:18,14.76,--,10,14760,买盘
614,14:00:15,14.76,0.01,48,70848,买盘
615,14:00:09,14.75,-0.01,30,44250,卖盘
616,13:59:54,14.76,--,10,14760,买盘
617,13:59:45,14.76,0.02,2,2952,买盘
618,13:59:42,14.74,-0.02,9,13266,卖盘
619,13:59:39,14.76,0.01,9,13284,买盘
620,13:59:33,14.75,0.01,16,23600,卖盘
621,13:59:30,14.74,-0.01,278,410685,卖盘
622,13:59:24,14.75,--,51,75225,卖盘
623,13:59:21,14.75,--,5,7375,卖盘
624,13:59:15,14.75,--,2,2950,卖盘
625,13:59:12,14.75,--,12,17700,卖盘
626,13:59:09,14.75,--,4,5900,卖盘
627,13:59:06,14.75,--,547,806825,卖盘
628,13:59:03,14.75,-0.01,53,78175,卖盘
629,13:59:00,14.76,-0.01,1,1476,卖盘
630,13:58:57,14.77,0.02,2,2954,买盘
631,13:58:51,14.75,-0.01,53,78175,卖盘
632,13:58:48,14.76,0.01,1,1476,卖盘
633,13:58:45,14.75,-0.01,61,89975,卖盘
634,13:58:42,14.76,--,6,8856,买盘
635,13:58:39,14.76,--,6,8856,买盘
636,13:58:36,14.76,--,10,14760,买盘
637,13:58:33,14.76,--,67,98892,卖盘
638,13:58:27,14.76,--,35,51660,卖盘
639,13:58:24,14.76,--,50,73800,卖盘
640,13:58:21,14.76,--,33,48708,卖盘
641,13:58:18,14.76,--,6,8856,卖盘
642,13:58:15,14.76,--,66,97416,卖盘
643,13:58:12,14.76,-0.01,1,1476,卖盘
644,13:58:06,14.77,0.01,32,47264,买盘
645,13:58:00,14.76,-0.01,275,406136,卖盘
646,13:57:57,14.77,--,417,616056,卖盘
647,13:57:54,14.77,--,51,75327,卖盘
648,13:57:48,14.77,--,139,205303,卖盘
649,13:57:45,14.77,--,317,468209,卖盘
650,13:57:42,14.77,-0.01,20,29540,卖盘
651,13:57:39,14.78,0.01,10,14780,买盘
652,13:57:33,14.77,-0.01,68,100436,卖盘
653,13:57:30,14.78,--,10,14780,买盘
654,13:57:24,14.78,--,359,531015,卖盘
655,13:57:18,14.78,-0.01,78,115284,卖盘
656,13:57:15,14.79,0.01,194,286926,买盘
657,13:57:06,14.78,--,8,11824,卖盘
658,13:57:03,14.78,-0.01,80,118240,卖盘
659,13:57:00,14.79,--,1,1479,买盘
660,13:56:54,14.79,0.01,86,127193,买盘
661,13:56:51,14.78,--,305,450790,卖盘
662,13:56:48,14.78,--,66,97548,卖盘
663,13:56:45,14.78,--,300,443400,卖盘
664,13:56:39,14.78,--,30,44340,卖盘
665,13:56:36,14.78,--,2,2956,卖盘
666,13:56:30,14.78,--,1,1478,卖盘
667,13:56:27,14.78,-0.01,4,5912,卖盘
668,13:56:24,14.79,--,20,29580,买盘
669,13:56:18,14.79,-0.01,96,143285,卖盘
670,13:56:15,14.8,0.01,2,2960,买盘
671,13:56:12,14.79,--,11,16268,卖盘
672,13:56:09,14.79,--,166,245514,卖盘
673,13:56:03,14.79,--,4,6980,卖盘
674,13:56:00,14.79,-0.01,707,1045652,卖盘
675,13:55:54,14.8,0.01,2,2960,买盘
676,13:55:48,14.79,--,17,25143,卖盘
677,13:55:45,14.79,--,21,31059,卖盘
678,13:55:42,14.79,-0.01,63,93177,卖盘
679,13:55:39,14.8,0.01,5,7400,买盘
680,13:55:33,14.79,--,21,31059,卖盘
681,13:55:30,14.79,--,58,85782,卖盘
682,13:55:24,14.79,--,3,4437,卖盘
683,13:55:18,14.79,-0.01,21,31059,卖盘
684,13:55:15,14.8,0.01,47,69560,买盘
685,13:55:12,14.79,--,21,31059,卖盘
686,13:55:09,14.79,-0.01,5,7395,卖盘
687,13:55:00,14.8,--,1,1480,买盘
688,13:54:51,14.8,--,5,7400,买盘
689,13:54:39,14.8,-0.01,20,29600,卖盘
690,13:54:36,14.81,0.01,1,1481,买盘
691,13:54:27,14.8,0.01,8,11840,中性盘
692,13:54:18,14.79,-0.02,4,5916,卖盘
693,13:54:15,14.81,0.01,1,1481,买盘
694,13:54:09,14.8,--,21,31080,卖盘
695,13:54:03,14.8,-0.01,29,42920,卖盘
696,13:53:57,14.81,0.01,2,2962,买盘
697,13:53:48,14.8,-0.01,224,331520,卖盘
698,13:53:45,14.81,0.01,7,10367,买盘
699,13:53:42,14.8,--,70,103600,卖盘
700,13:53:33,14.8,--,16,23680,卖盘
701,13:53:30,14.8,--,3,4440,卖盘
702,13:53:24,14.8,--,3,4440,卖盘
703,13:53:12,14.8,--,3,4440,卖盘
704,13:53:00,14.8,-0.01,4,5920,卖盘
705,13:52:57,14.81,0.01,1,1481,买盘
706,13:52:51,14.8,-0.01,100,148000,卖盘
707,13:52:45,14.81,0.01,27,39987,买盘
708,13:52:39,14.8,--,10,14800,卖盘
709,13:52:36,14.8,--,2,2960,卖盘
710,13:52:33,14.8,-0.01,32,47360,卖盘
711,13:52:27,14.81,--,50,74050,买盘
712,13:52:24,14.81,0.01,5,7405,买盘
713,13:52:21,14.8,--,47,69560,卖盘
714,13:52:06,14.8,-0.01,8,11840,卖盘
715,13:52:03,14.81,--,251,371731,卖盘
716,13:52:00,14.81,--,1,1481,卖盘
717,13:51:54,14.81,--,1,1481,卖盘
718,13:51:51,14.81,0.01,10,14810,中性盘
719,13:51:48,14.8,--,2000,2960000,卖盘
720,13:51:42,14.8,--,60,88800,卖盘
721,13:51:39,14.8,-0.01,166,245680,卖盘
722,13:51:33,14.81,--,55,81455,卖盘
723,13:51:30,14.81,-0.01,20,29620,卖盘
724,13:51:24,14.82,0.02,22,32604,买盘
725,13:51:12,14.8,-0.02,64,94720,卖盘
726,13:51:03,14.82,--,72,106704,买盘
727,13:51:00,14.82,0.02,2,2964,买盘
728,13:50:42,14.8,-0.01,68,100640,卖盘
729,13:50:36,14.81,--,10,14810,卖盘
730,13:50:30,14.81,--,2,2962,买盘
731,13:50:27,14.81,--,1,1481,买盘
732,13:50:24,14.81,--,2,2962,卖盘
733,13:50:18,14.81,--,67,99227,买盘
734,13:50:12,14.81,--,1,1481,买盘
735,13:50:09,14.81,--,25,37025,买盘
736,13:50:06,14.81,--,10,14810,买盘
737,13:50:00,14.81,0.01,9,13329,买盘
738,13:49:57,14.8,-0.01,4,5920,卖盘
739,13:49:45,14.81,0.01,52,77012,买盘
740,13:49:42,14.8,-0.01,10,14800,卖盘
741,13:49:39,14.81,--,1,1481,买盘
742,13:49:33,14.81,0.01,92,136252,买盘
743,13:49:27,14.8,-0.01,3,4440,卖盘
744,13:49:21,14.81,--,5,7405,买盘
745,13:49:18,14.81,0.01,1,1481,买盘
746,13:49:09,14.8,--,50,74000,卖盘
747,13:49:06,14.8,--,122,180560,买盘
748,13:49:03,14.8,0.01,1,1480,买盘
749,13:48:51,14.79,--,3,4437,卖盘
750,13:48:48,14.79,-0.01,10,14790,卖盘
751,13:48:45,14.8,--,11,16280,买盘
752,13:48:42,14.8,0.01,2,2960,买盘
753,13:48:33,14.79,--,1,1479,卖盘
754,13:48:30,14.79,--,17,25734,买盘
755,13:48:27,14.79,--,2,2958,买盘
756,13:48:12,14.79,0.01,6,8874,买盘
757,13:48:06,14.78,-0.01,50,73900,卖盘
758,13:48:03,14.79,0.01,22,32537,买盘
759,13:47:57,14.78,--,30,44340,卖盘
760,13:47:48,14.78,-0.01,4,5912,卖盘
761,13:47:42,14.79,0.01,10,14790,买盘
762,13:47:39,14.78,-0.01,3,4434,卖盘
763,13:46:57,14.79,0.01,23,34017,买盘
764,13:46:54,14.78,-0.01,42,62076,卖盘
765,13:46:45,14.79,--,47,70400,卖盘
766,13:46:42,14.79,-0.01,4,5916,卖盘
767,13:46:33,14.8,--,19,28120,买盘
768,13:46:27,14.8,--,1,1480,买盘
769,13:46:24,14.8,--,77,113960,买盘
770,13:46:18,14.8,--,4,5920,买盘
771,13:46:12,14.8,0.01,5,7400,买盘
772,13:46:03,14.79,-0.01,42,62118,卖盘
773,13:45:54,14.8,--,2,2960,买盘
774,13:45:39,14.8,0.01,42,62160,买盘
775,13:45:36,14.79,-0.01,3,4437,卖盘
776,13:45:24,14.8,--,51,75480,买盘
777,13:45:21,14.8,-0.01,12,17760,中性盘
778,13:45:18,14.81,0.01,119,176239,买盘
779,13:45:15,14.8,--,1,1480,买盘
780,13:45:03,14.8,--,3,4440,买盘
781,13:44:57,14.8,-0.01,1,1480,卖盘
782,13:44:48,14.81,0.02,6,8886,买盘
783,13:44:45,14.79,-0.01,22,32537,卖盘
784,13:44:42,14.8,--,21,31080,卖盘
785,13:44:39,14.8,--,7,10952,买盘
786,13:44:36,14.8,--,7,10360,买盘
787,13:44:33,14.8,--,26,38480,买盘
788,13:44:30,14.8,--,7,10360,买盘
789,13:44:24,14.8,-0.01,38,57128,卖盘
790,13:44:18,14.81,0.01,6,8886,买盘
791,13:44:00,14.8,--,131,194472,买盘
792,13:43:54,14.8,--,16,23680,买盘
793,13:43:51,14.8,--,2,2960,买盘
794,13:43:48,14.8,--,5,7400,买盘
795,13:43:36,14.8,--,2,2960,买盘
796,13:43:27,14.8,--,5,7400,买盘
797,13:43:24,14.8,--,20,29600,买盘
798,13:43:21,14.8,0.01,30,44400,买盘
799,13:43:18,14.79,-0.01,68,100572,卖盘
800,13:43:03,14.8,--,1,1480,买盘
801,13:43:00,14.8,--,2,2960,买盘
802,13:42:51,14.8,--,5,7400,买盘
803,13:42:42,14.8,-0.01,81,120768,卖盘
804,13:42:39,14.81,0.01,1,1481,买盘
805,13:42:36,14.8,--,10,14800,卖盘
806,13:42:27,14.8,--,10,14800,卖盘
807,13:42:21,14.8,-0.01,4,5920,卖盘
808,13:42:18,14.81,0.01,1,1481,买盘
809,13:42:15,14.8,--,19,28712,买盘
810,13:42:06,14.8,0.01,13,19240,买盘
811,13:42:03,14.79,-0.01,10,14790,卖盘
812,13:41:54,14.8,--,2,2960,买盘
813,13:41:51,14.8,--,1,1480,买盘
814,13:41:39,14.8,--,5,7400,买盘
815,13:41:27,14.8,0.01,1,1480,买盘
816,13:41:15,14.79,-0.01,98,144942,卖盘
817,13:41:06,14.8,--,7,10360,买盘
818,13:41:03,14.8,--,2,2960,买盘
819,13:41:00,14.8,--,30,44400,买盘
820,13:40:45,14.8,--,7,10360,买盘
821,13:40:36,14.8,--,2,2960,买盘
822,13:40:33,14.8,--,5,7400,买盘
823,13:40:21,14.8,--,5,7400,买盘
824,13:40:15,14.8,--,1,1480,买盘
825,13:40:12,14.8,--,59,87320,买盘
826,13:40:06,14.8,--,100,148000,买盘
827,13:39:57,14.8,0.01,25,37000,买盘
828,13:39:54,14.79,-0.01,1,1479,卖盘
829,13:39:51,14.8,0.01,10,14800,买盘
830,13:39:42,14.79,0.01,17,25143,买盘
831,13:39:36,14.78,-0.01,10,14780,卖盘
832,13:39:30,14.79,--,10,14790,买盘
833,13:39:27,14.79,0.01,42,62118,买盘
834,13:39:24,14.78,-0.01,35,51730,卖盘
835,13:39:21,14.79,--,21,31059,买盘
836,13:39:18,14.79,0.01,45,66555,买盘
837,13:39:15,14.78,-0.01,10,14780,卖盘
838,13:39:12,14.79,--,1,1479,买盘
839,13:39:06,14.79,--,4,5916,买盘
840,13:38:51,14.79,--,14,20706,买盘
841,13:38:42,14.79,0.01,1,1479,买盘
842,13:38:39,14.78,-0.01,10,14780,卖盘
843,13:38:33,14.79,--,13,19227,买盘
844,13:38:24,14.79,--,5,7395,买盘
845,13:38:15,14.79,0.01,3,4437,买盘
846,13:38:12,14.78,--,47,69466,卖盘
847,13:38:00,14.78,--,4,5912,卖盘
848,13:37:54,14.78,--,10,14780,卖盘
849,13:37:36,14.78,--,10,14780,卖盘
850,13:37:33,14.78,--,2,2956,卖盘
851,13:37:27,14.78,--,15,23234,买盘
852,13:37:24,14.78,-0.01,4,6325,卖盘
853,13:37:18,14.79,0.01,5,7395,买盘
854,13:37:09,14.78,--,6,8868,卖盘
855,13:37:03,14.78,--,2,2956,卖盘
856,13:36:57,14.78,-0.01,4,5912,卖盘
857,13:36:51,14.79,0.01,1,1479,买盘
858,13:36:36,14.78,0.01,1,2542,买盘
859,13:36:33,14.77,-0.02,1,1890,卖盘
860,13:36:24,14.79,0.01,16,23664,买盘
861,13:36:21,14.78,-0.01,23,33994,卖盘
862,13:36:18,14.79,--,8,11832,买盘
863,13:36:12,14.79,0.01,5,7395,买盘
864,13:36:03,14.78,-0.01,10,14780,卖盘
865,13:36:00,14.79,0.01,2,2958,买盘
866,13:35:54,14.78,--,5,7390,卖盘
867,13:35:51,14.78,--,3,4434,卖盘
868,13:35:33,14.78,--,42,62076,卖盘
869,13:35:30,14.78,--,6,8868,卖盘
870,13:35:21,14.78,--,31,46882,买盘
871,13:35:18,14.78,--,7,10346,买盘
872,13:35:09,14.78,0.01,1,1478,买盘
873,13:35:03,14.77,--,6,8862,卖盘
874,13:35:00,14.77,-0.01,2,2954,卖盘
875,13:34:54,14.78,0.01,3,4434,买盘
876,13:34:45,14.77,-0.01,4,5908,卖盘
877,13:34:42,14.78,--,1,1478,买盘
878,13:34:39,14.78,--,0,413,卖盘
879,13:34:33,14.78,--,2,2956,卖盘
880,13:34:30,14.78,--,51,76442,买盘
881,13:34:27,14.78,0.01,1,1478,买盘
882,13:34:24,14.77,-0.01,6,8862,卖盘
883,13:34:21,14.78,--,30,44340,买盘
884,13:34:18,14.78,--,6,8868,买盘
885,13:34:15,14.78,--,5,7390,买盘
886,13:34:06,14.78,--,36,53621,卖盘
887,13:34:03,14.78,--,1,1478,卖盘
888,13:34:00,14.78,--,5,7390,卖盘
889,13:33:54,14.78,--,26,38428,卖盘
890,13:33:51,14.78,--,21,31038,卖盘
891,13:33:45,14.78,--,37,54686,卖盘
892,13:33:42,14.78,-0.01,45,66510,卖盘
893,13:33:39,14.79,0.01,2,2958,买盘
894,13:33:33,14.78,-0.01,70,103460,卖盘
895,13:33:21,14.79,0.01,52,76908,买盘
896,13:33:18,14.78,--,2,2956,卖盘
897,13:33:06,14.78,--,8,11824,卖盘
898,13:32:57,14.78,-0.01,21,31038,卖盘
899,13:32:51,14.79,0.01,1,1479,买盘
900,13:32:48,14.78,-0.01,43,64470,卖盘
901,13:32:45,14.79,0.01,46,68034,买盘
902,13:32:36,14.78,--,4,5912,卖盘
903,13:32:33,14.78,-0.01,50,73900,卖盘
904,13:32:24,14.79,0.01,1,1479,买盘
905,13:32:03,14.78,--,62,91783,买盘
906,13:32:00,14.78,--,5,7390,买盘
907,13:31:57,14.78,--,15,22170,买盘
908,13:31:54,14.78,--,46,67988,买盘
909,13:31:42,14.78,0.01,5,7390,买盘
910,13:31:33,14.77,--,11,16247,卖盘
911,13:31:30,14.77,-0.01,3,4431,卖盘
912,13:31:27,14.78,--,13,20544,卖盘
913,13:31:24,14.78,--,10,14780,卖盘
914,13:31:21,14.78,--,7,10346,卖盘
915,13:31:12,14.78,-0.01,5,7390,卖盘
916,13:31:03,14.79,0.01,40,59160,买盘
917,13:30:57,14.78,--,5,7390,卖盘
918,13:30:54,14.78,--,1,1478,卖盘
919,13:30:39,14.78,0.01,8,11971,买盘
920,13:30:33,14.77,-0.01,6,8862,卖盘
921,13:30:27,14.78,--,31,45818,卖盘
922,13:30:24,14.78,-0.01,20,29560,卖盘
923,13:29:51,14.79,--,50,73950,买盘
924,13:29:42,14.79,0.02,1,1479,买盘
925,13:29:30,14.77,-0.01,217,320509,卖盘
926,13:29:27,14.78,--,40,59120,买盘
927,13:29:24,14.78,0.01,36,53208,买盘
928,13:29:21,14.77,-0.01,3,4431,卖盘
929,13:29:18,14.78,--,300,443400,买盘
930,13:29:15,14.78,--,2,2956,买盘
931,13:29:12,14.78,--,15,22170,买盘
932,13:28:54,14.78,--,7,10346,买盘
933,13:28:51,14.78,--,5,7390,买盘
934,13:28:42,14.78,--,8,11824,买盘
935,13:28:39,14.78,--,10,14780,买盘
936,13:28:30,14.78,--,1,1478,买盘
937,13:28:21,14.78,0.01,21,31038,买盘
938,13:28:15,14.77,--,9,13293,卖盘
939,13:28:06,14.77,-0.01,30,44310,卖盘
940,13:28:03,14.78,0.01,1,1478,买盘
941,13:28:00,14.77,--,17,25109,卖盘
942,13:27:57,14.77,-0.01,40,59080,卖盘
943,13:27:48,14.78,0.01,10,14780,买盘
944,13:27:45,14.77,--,105,155085,卖盘
945,13:27:42,14.77,-0.01,10,14770,卖盘
946,13:27:33,14.78,0.01,12,17736,买盘
947,13:27:30,14.77,--,32,47264,卖盘
948,13:27:18,14.77,--,21,31017,卖盘
949,13:27:12,14.77,-0.01,44,64988,卖盘
950,13:27:09,14.78,--,31,45818,买盘
951,13:27:06,14.78,--,5,7390,买盘
952,13:27:00,14.78,--,1,1478,买盘
953,13:26:51,14.78,--,10,14780,买盘
954,13:26:48,14.78,0.01,92,135976,买盘
955,13:26:42,14.77,-0.01,7,10339,卖盘
956,13:26:36,14.78,--,6,8868,买盘
957,13:26:33,14.78,0.01,1,1478,买盘
958,13:26:27,14.77,--,7,10339,卖盘
959,13:26:15,14.77,0.01,224,332177,买盘
960,13:26:06,14.76,-0.01,3,4428,卖盘
961,13:25:57,14.77,--,16,23632,买盘
962,13:25:54,14.77,--,10,14770,买盘
963,13:25:51,14.77,--,1,1477,买盘
964,13:25:48,14.77,--,30,44310,买盘
965,13:25:33,14.77,--,3,4431,买盘
966,13:25:27,14.77,0.01,3,4431,买盘
967,13:25:12,14.76,-0.01,10,14760,卖盘
968,13:25:09,14.77,--,2,2954,买盘
969,13:25:03,14.77,0.01,32,47264,买盘
970,13:25:00,14.76,--,4,5904,卖盘
971,13:24:57,14.76,--,1,1476,卖盘
972,13:24:48,14.76,-0.01,6,8856,卖盘
973,13:24:45,14.77,--,43,63511,买盘
974,13:24:33,14.77,--,4,5908,买盘
975,13:24:21,14.77,--,5,7385,买盘
976,13:24:18,14.77,--,1,1477,买盘
977,13:24:15,14.77,--,20,29540,买盘
978,13:24:12,14.77,-0.01,5,7532,卖盘
979,13:24:09,14.78,0.01,19,28082,买盘
980,13:24:06,14.77,--,7,11668,买盘
981,13:24:00,14.77,--,5,7385,买盘
982,13:23:57,14.77,0.01,45,66465,买盘
983,13:23:54,14.76,-0.01,3,4428,卖盘
984,13:23:45,14.77,0.01,17,25109,买盘
985,13:23:42,14.76,-0.01,20,29520,卖盘
986,13:23:36,14.77,0.01,58,85666,买盘
987,13:23:33,14.76,--,53,78228,卖盘
988,13:23:30,14.76,--,90,132840,卖盘
989,13:23:24,14.76,-0.01,35,51660,卖盘
990,13:23:21,14.77,--,21,31017,买盘
991,13:23:18,14.77,--,21,31017,买盘
992,13:23:15,14.77,--,21,31017,买盘
993,13:23:12,14.77,0.01,1,1477,买盘
994,13:23:06,14.76,-0.01,59,87084,卖盘
995,13:23:00,14.77,--,20,29540,买盘
996,13:22:57,14.77,0.01,23,33971,买盘
997,13:22:51,14.76,--,4,5904,卖盘
998,13:22:42,14.76,-0.01,14,20664,卖盘
999,13:22:39,14.77,0.01,2,2954,买盘
1000,13:22:36,14.76,-0.01,28,41328,卖盘
1001,13:22:30,14.77,--,5,7385,买盘
1002,13:22:27,14.77,--,1,1477,买盘
1003,13:22:18,14.77,--,14,20678,买盘
1004,13:22:15,14.77,0.01,1,1477,买盘
1005,13:21:51,14.76,-0.01,10,14760,卖盘
1006,13:21:45,14.77,--,4,5908,买盘
1007,13:21:42,14.77,0.01,3,4431,买盘
1008,13:21:39,14.76,--,1,1476,卖盘
1009,13:21:30,14.76,-0.01,9,13284,卖盘
1010,13:21:21,14.77,0.01,16,23632,买盘
1011,13:21:09,14.76,--,6,8856,卖盘
1012,13:20:57,14.76,-0.01,81,119556,卖盘
1013,13:20:48,14.77,0.01,1,1477,买盘
1014,13:20:39,14.76,-0.01,4,5904,卖盘
1015,13:20:30,14.77,--,10,14770,买盘
1016,13:20:24,14.77,--,21,31017,买盘
1017,13:20:12,14.77,0.01,5,7385,买盘
1018,13:20:03,14.76,--,40,59040,卖盘
1019,13:19:54,14.76,--,17,25092,卖盘
1020,13:19:51,14.76,--,50,73800,卖盘
1021,13:19:36,14.76,-0.01,196,289296,卖盘
1022,13:19:30,14.77,--,1,1477,买盘
1023,13:19:21,14.77,0.01,40,59080,买盘
1024,13:19:15,14.76,-0.01,5,7380,卖盘
1025,13:19:12,14.77,0.01,2,2954,买盘
1026,13:19:09,14.76,-0.01,33,48708,卖盘
1027,13:18:57,14.77,--,1,1477,买盘
1028,13:18:54,14.77,--,11,16247,买盘
1029,13:18:51,14.77,0.01,1,1477,买盘
1030,13:18:42,14.76,-0.01,9,13284,卖盘
1031,13:18:39,14.77,--,117,172809,买盘
1032,13:18:36,14.77,--,21,31017,买盘
1033,13:18:33,14.77,--,63,93051,买盘
1034,13:18:30,14.77,0.01,37,54649,买盘
1035,13:18:27,14.76,-0.01,5,7380,卖盘
1036,13:18:21,14.77,0.01,1,1477,买盘
1037,13:18:18,14.76,--,10,14760,卖盘
1038,13:18:12,14.76,--,3,4428,卖盘
1039,13:18:06,14.76,--,17,25092,卖盘
1040,13:18:00,14.76,-0.01,30,44280,卖盘
1041,13:17:57,14.77,0.01,1,1477,买盘
1042,13:17:54,14.76,--,102,150552,卖盘
1043,13:17:51,14.76,-0.01,41,60516,卖盘
1044,13:17:45,14.77,0.01,5,7385,买盘
1045,13:17:42,14.76,--,170,250920,卖盘
1046,13:17:33,14.76,--,21,30996,卖盘
1047,13:17:27,14.76,--,105,154980,卖盘
1048,13:17:24,14.76,--,33,48708,卖盘
1049,13:17:18,14.76,--,6,8856,卖盘
1050,13:17:12,14.76,--,16,23616,卖盘
1051,13:17:06,14.76,--,10,14760,卖盘
1052,13:17:00,14.76,-0.01,20,29520,卖盘
1053,13:16:57,14.77,--,17,25109,买盘
1054,13:16:42,14.77,--,7,10339,买盘
1055,13:16:39,14.77,0.01,1,1477,买盘
1056,13:16:36,14.76,--,31,45756,卖盘
1057,13:16:33,14.76,--,21,30996,卖盘
1058,13:16:30,14.76,--,10,14760,卖盘
1059,13:16:27,14.76,--,2,2952,卖盘
1060,13:16:21,14.76,-0.01,3,4428,卖盘
1061,13:16:12,14.77,--,15,22155,买盘
1062,13:16:09,14.77,--,133,196957,卖盘
1063,13:16:00,14.77,--,4,5908,卖盘
1064,13:15:51,14.77,--,9,13293,卖盘
1065,13:15:36,14.77,-0.01,100,147700,卖盘
1066,13:15:30,14.78,0.01,5,7390,买盘
1067,13:15:24,14.77,0.01,152,225464,买盘
1068,13:15:15,14.76,-0.01,37,54612,卖盘
1069,13:15:06,14.77,--,8,12332,卖盘
1070,13:15:00,14.77,-0.01,52,76804,卖盘
1071,13:14:54,14.78,0.01,6,8868,买盘
1072,13:14:45,14.77,-0.01,21,31017,卖盘
1073,13:14:39,14.78,--,3,4434,买盘
1074,13:14:36,14.78,--,7,10346,卖盘
1075,13:14:27,14.78,--,23,33994,买盘
1076,13:14:24,14.78,--,8,11824,卖盘
1077,13:14:21,14.78,--,2,2956,买盘
1078,13:14:18,14.78,0.01,5,7390,买盘
1079,13:14:15,14.77,--,36,53172,卖盘
1080,13:14:09,14.77,--,8,11816,卖盘
1081,13:14:06,14.77,--,21,31017,卖盘
1082,13:14:03,14.77,--,21,31017,卖盘
1083,13:14:00,14.77,--,21,31017,卖盘
1084,13:13:57,14.77,-0.01,48,70896,卖盘
1085,13:13:54,14.78,0.01,472,698754,买盘
1086,13:13:51,14.77,--,21,31017,卖盘
1087,13:13:48,14.77,--,21,31017,卖盘
1088,13:13:45,14.77,-0.01,2,2954,卖盘
1089,13:13:42,14.78,0.01,34,50252,买盘
1090,13:13:36,14.77,-0.01,10,14770,卖盘
1091,13:13:27,14.78,0.01,1,1478,买盘
1092,13:13:21,14.77,-0.01,2,2954,卖盘
1093,13:13:18,14.78,0.01,84,124152,买盘
1094,13:13:12,14.77,--,103,152131,卖盘
1095,13:13:09,14.77,--,15,22155,卖盘
1096,13:13:03,14.77,-0.01,5,7385,卖盘
1097,13:13:00,14.78,--,9,13302,买盘
1098,13:12:48,14.78,0.01,10,14780,买盘
1099,13:12:45,14.77,-0.01,70,103390,卖盘
1100,13:12:42,14.78,--,6,8868,买盘
1101,13:12:21,14.78,--,26,38428,买盘
1102,13:12:15,14.78,0.01,3,4434,买盘
1103,13:12:12,14.77,--,2,2954,卖盘
1104,13:12:09,14.77,-0.01,8,11816,卖盘
1105,13:12:00,14.78,--,8,11824,买盘
1106,13:11:54,14.78,--,5,7390,买盘
1107,13:11:39,14.78,--,1,1478,买盘
1108,13:11:15,14.78,--,4,5912,买盘
1109,13:11:09,14.78,0.01,1,1478,买盘
1110,13:10:54,14.77,-0.01,4,5908,卖盘
1111,13:10:51,14.78,0.01,2,2956,买盘
1112,13:10:48,14.77,-0.01,6,8862,卖盘
1113,13:10:45,14.78,--,5,7390,买盘
1114,13:10:42,14.78,0.01,5,7390,买盘
1115,13:10:27,14.77,-0.01,1,1477,卖盘
1116,13:10:21,14.78,0.01,1,1478,买盘
1117,13:10:15,14.77,-0.01,10,14770,卖盘
1118,13:10:12,14.78,--,22,32516,买盘
1119,13:10:06,14.78,0.01,26,38428,买盘
1120,13:10:03,14.77,--,40,59080,卖盘
1121,13:10:00,14.77,--,210,310170,卖盘
1122,13:09:48,14.77,-0.01,13,19201,卖盘
1123,13:09:42,14.78,--,5,7390,买盘
1124,13:09:27,14.78,--,2,2956,买盘
1125,13:09:24,14.78,0.01,10,14780,买盘
1126,13:09:15,14.77,-0.01,4,5908,卖盘
1127,13:09:06,14.78,--,78,115284,买盘
1128,13:09:03,14.78,0.01,4,5912,买盘
1129,13:08:45,14.77,--,4,5908,卖盘
1130,13:08:42,14.77,-0.01,65,96005,卖盘
1131,13:08:24,14.78,0.01,24,35472,买盘
1132,13:08:12,14.77,--,107,158039,卖盘
1133,13:08:09,14.77,--,9,13293,卖盘
1134,13:08:06,14.77,-0.01,10,14770,卖盘
1135,13:07:57,14.78,0.01,1,1478,买盘
1136,13:07:54,14.77,--,5,7385,卖盘
1137,13:07:39,14.77,-0.01,4,5908,卖盘
1138,13:07:36,14.78,--,1,1478,买盘
1139,13:07:18,14.78,--,2,2956,买盘
1140,13:07:15,14.78,0.01,22,32516,买盘
1141,13:07:12,14.77,-0.01,100,147700,卖盘
1142,13:07:09,14.78,0.01,10,14780,买盘
1143,13:06:57,14.77,--,18,26586,卖盘
1144,13:06:48,14.77,--,28,41356,卖盘
1145,13:06:45,14.77,-0.01,23,33971,卖盘
1146,13:06:42,14.78,0.01,1,1478,买盘
1147,13:06:39,14.77,--,21,31017,卖盘
1148,13:06:33,14.77,-0.01,3,4431,卖盘
1149,13:06:21,14.78,--,10,14780,买盘
1150,13:06:03,14.78,0.01,5,7390,买盘
1151,13:05:57,14.77,-0.01,114,168378,卖盘
1152,13:05:54,14.78,--,2,2956,买盘
1153,13:05:36,14.78,--,3,4434,买盘
1154,13:05:33,14.78,0.01,3,4434,买盘
1155,13:05:30,14.77,-0.01,4,5908,卖盘
1156,13:05:21,14.78,--,6,8868,买盘
1157,13:05:15,14.78,--,18,26604,买盘
1158,13:04:57,14.78,--,21,31038,买盘
1159,13:04:54,14.78,0.01,5,7390,买盘
1160,13:04:51,14.77,-0.01,1,1477,卖盘
1161,13:04:45,14.78,--,73,107894,买盘
1162,13:04:42,14.78,--,5,7390,买盘
1163,13:04:39,14.78,--,10,14780,买盘
1164,13:04:33,14.78,0.01,2,2956,买盘
1165,13:04:24,14.77,-0.01,3,4431,卖盘
1166,13:04:15,14.78,--,26,38428,买盘
1167,13:04:09,14.78,--,1,1478,买盘
1168,13:04:06,14.78,--,4,5912,买盘
1169,13:03:51,14.78,--,4,5912,买盘
1170,13:03:45,14.78,0.01,15,22170,买盘
1171,13:03:36,14.77,-0.01,5,7385,卖盘
1172,13:03:33,14.78,0.01,2,2956,买盘
1173,13:03:27,14.77,--,2,2954,卖盘
1174,13:03:18,14.77,-0.01,5,7385,卖盘
1175,13:03:15,14.78,--,7,10346,买盘
1176,13:03:09,14.78,0.01,1,1478,买盘
1177,13:03:06,14.77,-0.01,3,4431,卖盘
1178,13:03:00,14.78,--,4,5912,买盘
1179,13:02:42,14.78,--,3,4434,买盘
1180,13:02:33,14.78,0.01,5,7390,买盘
1181,13:02:27,14.77,-0.01,17,25109,卖盘
1182,13:02:24,14.78,0.01,1,1478,买盘
1183,13:02:21,14.77,-0.01,13,19201,卖盘
1184,13:02:18,14.78,0.01,42,62076,买盘
1185,13:02:15,14.77,-0.01,3,4431,卖盘
1186,13:02:12,14.78,--,1,1478,买盘
1187,13:02:03,14.78,--,3,4434,买盘
1188,13:01:57,14.78,--,86,127447,卖盘
1189,13:01:48,14.78,-0.01,21,31038,卖盘
1190,13:01:36,14.79,--,2,2958,买盘
1191,13:01:27,14.79,0.01,5,7395,买盘
1192,13:01:18,14.78,--,83,122674,卖盘
1193,13:01:09,14.78,--,7,10346,卖盘
1194,13:01:06,14.78,-0.01,9,14440,卖盘
1195,13:00:27,14.79,-0.01,4,5916,卖盘
1196,13:00:12,14.8,--,6,8880,买盘
1197,13:00:09,14.8,--,28,41440,买盘
1198,13:00:06,14.8,0.01,91,134680,卖盘
1199,13:00:03,14.79,-0.01,374,553146,卖盘
1200,13:00:00,14.8,--,0,0,买盘
1201,11:30:00,14.8,0.01,1,1480,买盘
1202,11:29:57,14.79,--,9,13311,卖盘
1203,11:29:42,14.79,-0.01,18,26622,卖盘
1204,11:29:36,14.8,--,1,1480,买盘
1205,11:29:33,14.8,--,1,1480,买盘
1206,11:29:24,14.8,--,11,16280,买盘
1207,11:29:12,14.8,0.01,16,23680,买盘
1208,11:29:00,14.79,-0.01,3,4437,卖盘
1209,11:28:57,14.8,--,2,2960,买盘
1210,11:28:51,14.8,--,3,4440,买盘
1211,11:28:45,14.8,--,7,10360,买盘
1212,11:28:36,14.8,0.01,13,19240,买盘
1213,11:28:33,14.79,--,32,47328,卖盘
1214,11:28:24,14.79,-0.01,18,26622,卖盘
1215,11:28:21,14.8,--,1,1480,买盘
1216,11:28:06,14.8,--,5,7400,买盘
1217,11:27:57,14.8,0.01,1,1480,买盘
1218,11:27:54,14.79,-0.01,35,51765,卖盘
1219,11:27:51,14.8,--,2,2960,买盘
1220,11:27:48,14.8,--,14,20720,买盘
1221,11:27:45,14.8,--,16,23680,买盘
1222,11:27:39,14.8,--,20,29600,买盘
1223,11:27:33,14.8,--,14,20720,买盘
1224,11:27:27,14.8,--,9,13320,买盘
1225,11:27:24,14.8,--,15,22200,买盘
1226,11:27:21,14.8,-0.01,40,59200,卖盘
1227,11:27:00,14.81,--,1,1481,买盘
1228,11:26:54,14.81,0.02,63,93303,买盘
1229,11:26:48,14.79,--,3,4437,卖盘
1230,11:26:39,14.79,0.01,10,14790,卖盘
1231,11:26:18,14.78,-0.01,13,19214,卖盘
1232,11:26:06,14.79,--,1,1479,卖盘
1233,11:26:00,14.79,0.01,1,1479,买盘
1234,11:25:42,14.78,--,49,72422,买盘
1235,11:25:39,14.78,--,6,8868,买盘
1236,11:25:36,14.78,--,25,36950,买盘
1237,11:25:33,14.78,--,4,5912,买盘
1238,11:25:27,14.78,--,2,2956,买盘
1239,11:25:24,14.78,--,27,39906,买盘
1240,11:25:21,14.78,--,34,50252,买盘
1241,11:25:18,14.78,--,200,295600,买盘
1242,11:25:15,14.78,--,6,8868,买盘
1243,11:25:09,14.78,0.01,88,130064,买盘
1244,11:25:06,14.77,-0.01,42,62034,卖盘
1245,11:25:03,14.78,0.01,41,60598,买盘
1246,11:25:00,14.77,-0.01,46,67942,卖盘
1247,11:24:57,14.78,--,112,165536,买盘
1248,11:24:54,14.78,--,26,38428,买盘
1249,11:24:51,14.78,0.01,20,29560,买盘
1250,11:24:48,14.77,-0.01,185,273245,卖盘
1251,11:24:45,14.78,--,10,14780,买盘
1252,11:24:39,14.78,0.01,10,14780,买盘
1253,11:24:36,14.77,-0.01,5,7385,卖盘
1254,11:24:33,14.78,--,12,17736,买盘
1255,11:24:30,14.78,--,1,1478,买盘
1256,11:24:21,14.78,--,5,7390,买盘
1257,11:24:12,14.78,0.01,28,41384,买盘
1258,11:24:09,14.77,--,2,2954,卖盘
1259,11:24:06,14.77,--,23,33971,卖盘
1260,11:24:03,14.77,-0.01,12,17724,卖盘
1261,11:24:00,14.78,--,12,17736,买盘
1262,11:23:54,14.78,--,2,2956,买盘
1263,11:23:48,14.78,0.01,3,4434,买盘
1264,11:23:36,14.77,-0.01,28,41356,卖盘
1265,11:23:33,14.78,0.01,3,4434,买盘
1266,11:23:30,14.77,-0.01,3,4431,卖盘
1267,11:23:27,14.78,--,2,2956,买盘
1268,11:23:21,14.78,--,6,8868,买盘
1269,11:23:18,14.78,--,10,14780,买盘
1270,11:23:12,14.78,-0.03,74,109372,卖盘
1271,11:23:09,14.81,--,23,34063,买盘
1272,11:23:06,14.81,--,151,223631,买盘
1273,11:23:03,14.81,--,21,31101,买盘
1274,11:23:00,14.81,--,105,155505,买盘
1275,11:22:57,14.81,0.01,63,93303,买盘
1276,11:22:54,14.8,--,84,124320,买盘
1277,11:22:51,14.8,0.03,63,93240,买盘
1278,11:22:48,14.77,-0.02,34,50218,卖盘
1279,11:22:45,14.79,0.02,21,31059,买盘
1280,11:22:39,14.77,--,3,4431,卖盘
1281,11:22:36,14.77,-0.01,17,25109,卖盘
1282,11:22:33,14.78,--,3,4434,中性盘
1283,11:22:27,14.78,--,30,44340,卖盘
1284,11:22:24,14.78,--,9,13302,卖盘
1285,11:22:15,14.78,--,13,19214,卖盘
1286,11:22:12,14.78,--,17,25126,中性盘
1287,11:22:09,14.78,-0.01,3,4434,中性盘
1288,11:22:00,14.79,0.01,190,281010,买盘
1289,11:21:45,14.78,0.01,27,39906,买盘
1290,11:21:42,14.77,--,18,26586,卖盘
1291,11:21:24,14.77,--,14,20678,卖盘
1292,11:21:18,14.77,-0.01,3,4431,卖盘
1293,11:21:09,14.78,--,15,22170,买盘
1294,11:20:57,14.78,0.01,5,7390,买盘
1295,11:20:54,14.77,-0.01,5,7385,卖盘
1296,11:20:48,14.78,0.01,1,1478,买盘
1297,11:20:42,14.77,-0.01,1,1477,卖盘
1298,11:20:36,14.78,0.01,15,22170,买盘
1299,11:20:33,14.77,--,27,39879,卖盘
1300,11:20:30,14.77,--,30,44310,卖盘
1301,11:20:18,14.77,--,0,1403,卖盘
1302,11:20:15,14.77,--,21,31017,卖盘
1303,11:20:12,14.77,-0.01,4,5908,卖盘
1304,11:20:09,14.78,0.01,6,8868,买盘
1305,11:20:03,14.77,-0.01,2,2954,卖盘
1306,11:20:00,14.78,--,3,4434,买盘
1307,11:19:57,14.78,--,1,1478,买盘
1308,11:19:54,14.78,--,3,4434,买盘
1309,11:19:48,14.78,--,1,1478,买盘
1310,11:19:45,14.78,--,19,28082,买盘
1311,11:19:39,14.78,--,10,14780,买盘
1312,11:19:36,14.78,--,25,36950,卖盘
1313,11:19:27,14.78,-0.01,12,17736,卖盘
1314,11:19:24,14.79,--,2,2958,买盘
1315,11:19:21,14.79,0.01,10,14790,买盘
1316,11:19:06,14.78,--,3,4434,卖盘
1317,11:19:00,14.78,--,2,2956,卖盘
1318,11:18:57,14.78,--,16,23648,卖盘
1319,11:18:54,14.78,-0.01,2,2956,卖盘
1320,11:18:45,14.79,--,3,4437,买盘
1321,11:18:42,14.79,--,7,10353,买盘
1322,11:18:27,14.79,0.01,19,28101,买盘
1323,11:18:24,14.78,--,13,19214,卖盘
1324,11:18:21,14.78,-0.01,20,29560,卖盘
1325,11:18:12,14.79,0.01,2,2958,买盘
1326,11:18:09,14.78,--,15,22170,卖盘
1327,11:18:06,14.78,-0.01,13,19214,卖盘
1328,11:18:00,14.79,--,7,10353,买盘
1329,11:17:54,14.79,0.01,6,8874,买盘
1330,11:17:42,14.78,-0.01,10,14780,卖盘
1331,11:17:39,14.79,0.01,1,1479,买盘
1332,11:17:33,14.78,-0.01,1,1478,卖盘
1333,11:17:30,14.79,--,9,13311,买盘
1334,11:17:24,14.79,0.01,7,10353,买盘
1335,11:17:21,14.78,--,28,41384,卖盘
1336,11:16:54,14.78,-0.01,6,8868,卖盘
1337,11:16:48,14.79,0.02,1,1479,买盘
1338,11:16:36,14.77,-0.02,12,17724,卖盘
1339,11:16:27,14.79,--,4,5916,买盘
1340,11:16:24,14.79,0.02,1,1479,买盘
1341,11:16:21,14.77,--,3,4431,卖盘
1342,11:16:18,14.77,-0.01,16,24976,卖盘
1343,11:16:12,14.78,-0.01,20,29560,卖盘
1344,11:16:09,14.79,--,8,11832,买盘
1345,11:15:57,14.79,--,2,2958,买盘
1346,11:15:54,14.79,--,2,2958,买盘
1347,11:15:48,14.79,0.01,9,13311,买盘
1348,11:15:45,14.78,0.01,5,7390,卖盘
1349,11:15:42,14.77,--,11,16247,卖盘
1350,11:15:39,14.77,-0.02,26,38402,卖盘
1351,11:15:36,14.79,--,1,1479,买盘
1352,11:15:30,14.79,--,17,25172,买盘
1353,11:15:27,14.79,0.02,10,14790,买盘
1354,11:15:24,14.77,-0.02,21,31017,卖盘
1355,11:15:21,14.79,0.01,5,7395,买盘
1356,11:15:15,14.78,-0.01,23,33994,卖盘
1357,11:15:09,14.79,--,2,2958,买盘
1358,11:15:03,14.79,0.01,5,7395,买盘
1359,11:14:42,14.78,--,3,4434,卖盘
1360,11:14:39,14.78,--,6,8868,卖盘
1361,11:14:36,14.78,-0.01,30,44340,卖盘
1362,11:14:21,14.79,0.01,1,1479,买盘
1363,11:14:15,14.78,--,1,1478,中性盘
1364,11:14:09,14.78,--,66,97548,买盘
1365,11:14:03,14.78,--,10,14780,买盘
1366,11:13:57,14.78,0.01,5,7390,买盘
1367,11:13:54,14.77,-0.01,4,5908,卖盘
1368,11:13:48,14.78,0.01,41,60598,买盘
1369,11:13:36,14.77,-0.01,4,5908,卖盘
1370,11:13:27,14.78,0.01,10,14780,买盘
1371,11:13:18,14.77,-0.01,3,4431,卖盘
1372,11:13:15,14.78,0.02,5,7390,买盘
1373,11:13:00,14.76,-0.02,12,17712,卖盘
1374,11:12:51,14.78,0.02,6,8868,买盘
1375,11:12:36,14.76,--,9,13284,卖盘
1376,11:12:30,14.76,-0.02,4,5904,卖盘
1377,11:12:27,14.78,--,1,1478,买盘
1378,11:12:15,14.78,--,2,2956,买盘
1379,11:12:00,14.78,--,2,2956,买盘
1380,11:11:57,14.78,0.02,1,1478,买盘
1381,11:11:45,14.76,-0.02,2,2952,卖盘
1382,11:11:42,14.78,0.02,10,14780,买盘
1383,11:11:39,14.76,-0.02,39,57564,卖盘
1384,11:11:36,14.78,--,5,7390,买盘
1385,11:11:24,14.78,0.02,1,1478,买盘
1386,11:11:21,14.76,-0.01,7,10332,卖盘
1387,11:11:15,14.77,0.01,42,62034,买盘
1388,11:11:06,14.76,--,20,29520,卖盘
1389,11:11:03,14.76,-0.01,6,8856,卖盘
1390,11:11:00,14.77,--,1,1477,买盘
1391,11:10:57,14.77,0.01,9,13293,买盘
1392,11:10:54,14.76,--,2,2952,卖盘
1393,11:10:45,14.76,-0.01,12,17712,卖盘
1394,11:10:36,14.77,--,2,2954,买盘
1395,11:10:33,14.77,0.01,5,7385,买盘
1396,11:10:15,14.76,-0.01,11,16236,卖盘
1397,11:10:09,14.77,--,2,2954,买盘
1398,11:10:00,14.77,--,2,2954,买盘
1399,11:09:57,14.77,-0.01,1,1477,中性盘
1400,11:09:39,14.78,0.01,13,19214,买盘
1401,11:09:36,14.77,--,14,20678,买盘
1402,11:09:33,14.77,0.01,19,28063,买盘
1403,11:09:30,14.76,-0.01,2,2952,卖盘
1404,11:09:27,14.77,--,44,64988,卖盘
1405,11:09:24,14.77,--,3,4431,卖盘
1406,11:09:15,14.77,--,11,16247,卖盘
1407,11:09:09,14.77,-0.01,3,4431,卖盘
1408,11:09:03,14.78,--,1,1478,买盘
1409,11:08:57,14.78,0.01,1,1478,买盘
1410,11:08:54,14.77,-0.01,1,1477,卖盘
1411,11:08:51,14.78,--,1,1478,买盘
1412,11:08:33,14.78,--,2,2956,买盘
1413,11:08:27,14.78,-0.01,1,1478,中性盘
1414,11:08:09,14.79,0.02,5,7395,买盘
1415,11:08:03,14.77,-0.02,5,7385,卖盘
1416,11:07:45,14.79,--,100,147900,买盘
1417,11:07:36,14.79,--,11,16268,买盘
1418,11:07:30,14.79,--,28,41412,买盘
1419,11:07:24,14.79,0.02,1,1479,买盘
1420,11:07:15,14.77,-0.02,10,14770,卖盘
1421,11:07:09,14.79,--,1,1479,买盘
1422,11:07:00,14.79,0.03,21,31059,买盘
1423,11:06:57,14.76,--,5,7380,买盘
1424,11:06:54,14.76,-0.01,71,104796,卖盘
1425,11:06:51,14.77,--,21,31017,买盘
1426,11:06:48,14.77,--,20,29540,买盘
1427,11:06:45,14.77,0.01,7,10339,买盘
1428,11:06:36,14.76,-0.01,1,1476,卖盘
1429,11:06:30,14.77,--,20,29540,买盘
1430,11:06:21,14.77,--,1,1477,买盘
1431,11:06:15,14.77,0.01,6,8862,买盘
1432,11:06:06,14.76,-0.01,10,14760,卖盘
1433,11:06:03,14.77,0.01,8,11816,买盘
1434,11:06:00,14.76,-0.01,3,4428,卖盘
1435,11:05:57,14.77,--,23,33971,买盘
1436,11:05:54,14.77,0.01,5,7385,买盘
1437,11:05:51,14.76,-0.01,5,7380,卖盘
1438,11:05:48,14.77,--,20,29540,买盘
1439,11:05:39,14.77,--,3,4431,卖盘
1440,11:05:36,14.77,--,507,748839,买盘
1441,11:05:33,14.77,--,1,1477,买盘
1442,11:05:24,14.77,0.01,12,17724,买盘
1443,11:05:21,14.76,--,127,187452,买盘
1444,11:05:15,14.76,--,5,7380,买盘
1445,11:05:12,14.76,--,8,11808,买盘
1446,11:05:09,14.76,0.01,2,2952,买盘
1447,11:05:06,14.75,--,6,8850,卖盘
1448,11:04:57,14.75,--,4,5900,卖盘
1449,11:04:51,14.75,0.01,9,13275,买盘
1450,11:04:45,14.74,-0.01,8,11792,卖盘
1451,11:04:42,14.75,0.01,2,2950,买盘
1452,11:04:39,14.74,-0.01,26,38324,卖盘
1453,11:04:36,14.75,--,27,39825,买盘
1454,11:04:33,14.75,--,8,11800,卖盘
1455,11:04:24,14.75,--,18,27789,买盘
1456,11:04:18,14.75,--,12,17700,买盘
1457,11:04:15,14.75,--,14,20650,买盘
1458,11:04:12,14.75,0.01,10,14750,买盘
1459,11:04:09,14.74,-0.01,389,573386,卖盘
1460,11:04:03,14.75,0.01,20,29500,买盘
1461,11:03:57,14.74,-0.01,11,16214,卖盘
1462,11:03:51,14.75,-0.02,160,236000,卖盘
1463,11:03:48,14.77,--,15,22155,买盘
1464,11:03:45,14.77,0.02,1,1477,买盘
1465,11:03:39,14.75,-0.02,4,5900,卖盘
1466,11:03:36,14.77,--,4,5908,买盘
1467,11:03:30,14.77,--,5,7385,买盘
1468,11:03:27,14.77,0.01,11,16247,买盘
1469,11:03:21,14.76,--,58,85608,卖盘
1470,11:03:12,14.76,-0.01,3,4428,卖盘
1471,11:03:06,14.77,--,20,29540,买盘
1472,11:03:03,14.77,--,2,2954,买盘
1473,11:03:00,14.77,0.01,3,4431,买盘
1474,11:02:57,14.76,-0.01,2,2952,卖盘
1475,11:02:45,14.77,-0.01,12,17724,卖盘
1476,11:02:39,14.78,0.01,5,7390,买盘
1477,11:02:33,14.77,-0.01,4,5908,卖盘
1478,11:02:24,14.78,--,33,48774,卖盘
1479,11:02:18,14.78,-0.01,1,1478,卖盘
1480,11:02:15,14.79,0.01,1,1479,买盘
1481,11:02:12,14.78,--,6,8868,卖盘
1482,11:02:09,14.78,-0.01,12,17736,卖盘
1483,11:02:06,14.79,0.04,2,2958,买盘
1484,11:01:51,14.75,-0.02,1500,2212500,卖盘
1485,11:01:48,14.77,0.01,9,13293,中性盘
1486,11:01:42,14.76,-0.01,50,73800,卖盘
1487,11:01:36,14.77,--,10,14770,卖盘
1488,11:01:33,14.77,0.01,11,16247,买盘
1489,11:01:30,14.76,--,1,1476,卖盘
1490,11:01:27,14.76,-0.01,3,4428,卖盘
1491,11:01:18,14.77,--,40,59080,买盘
1492,11:01:15,14.77,0.01,20,29540,买盘
1493,11:01:09,14.76,-0.01,5,7380,卖盘
1494,11:01:06,14.77,--,36,53172,买盘
1495,11:01:03,14.77,0.01,1,1477,买盘
1496,11:00:57,14.76,-0.04,2,2952,卖盘
1497,11:00:54,14.8,0.04,1,1480,买盘
1498,11:00:51,14.76,-0.01,100,147600,卖盘
1499,11:00:36,14.77,0.01,10,14770,买盘
1500,11:00:33,14.76,--,9,13284,卖盘
1501,11:00:30,14.76,-0.01,15,22140,卖盘
1502,11:00:27,14.77,0.01,7,10339,买盘
1503,11:00:21,14.76,--,32,47232,卖盘
1504,11:00:15,14.76,-0.01,21,30996,卖盘
1505,11:00:12,14.77,--,98,144746,卖盘
1506,11:00:09,14.77,--,8,11816,卖盘
1507,11:00:06,14.77,-0.02,21,31017,卖盘
1508,11:00:03,14.79,0.03,5,7395,买盘
1509,10:59:57,14.76,-0.02,21,30996,卖盘
1510,10:59:54,14.78,0.02,30,44340,买盘
1511,10:59:48,14.76,-0.02,20,29520,卖盘
1512,10:59:42,14.78,0.01,1,1478,买盘
1513,10:59:30,14.77,0.01,9,13293,买盘
1514,10:59:21,14.76,-0.01,10,14760,卖盘
1515,10:59:15,14.77,--,1,1477,卖盘
1516,10:59:09,14.77,0.01,9,13293,买盘
1517,10:59:06,14.76,-0.02,50,73800,卖盘
1518,10:59:03,14.78,0.01,40,59120,买盘
1519,10:59:00,14.77,-0.01,46,67942,卖盘
1520,10:58:57,14.78,--,42,62076,中性盘
1521,10:58:54,14.78,0.01,57,84246,买盘
1522,10:58:51,14.77,--,63,93051,卖盘
1523,10:58:48,14.77,-0.01,21,31017,卖盘
1524,10:58:45,14.78,0.01,5,7390,买盘
1525,10:58:39,14.77,--,2,2954,卖盘
1526,10:58:36,14.77,-0.01,21,31017,卖盘
1527,10:58:33,14.78,--,1,1478,卖盘
1528,10:58:24,14.78,--,21,31038,卖盘
1529,10:58:21,14.78,--,21,31038,卖盘
1530,10:58:09,14.78,-0.01,44,65032,卖盘
1531,10:58:06,14.79,--,2,2958,卖盘
1532,10:58:00,14.79,-0.01,13,19227,卖盘
1533,10:57:54,14.8,--,19,28120,买盘
1534,10:57:51,14.8,0.01,10,14800,买盘
1535,10:57:48,14.79,-0.01,31,45849,卖盘
1536,10:57:42,14.8,0.01,5,7400,买盘
1537,10:57:39,14.79,-0.01,21,31059,卖盘
1538,10:57:36,14.8,0.01,5,7400,买盘
1539,10:57:30,14.79,--,21,31059,卖盘
1540,10:57:24,14.79,--,32,47328,卖盘
1541,10:57:21,14.79,-0.01,9,13311,卖盘
1542,10:57:18,14.8,--,11,16280,买盘
1543,10:57:12,14.8,0.01,8,11840,买盘
1544,10:57:06,14.79,-0.01,21,31059,卖盘
1545,10:57:03,14.8,0.01,11,16280,买盘
1546,10:56:57,14.79,-0.01,14,20706,卖盘
1547,10:56:48,14.8,--,4,5920,买盘
1548,10:56:30,14.8,--,5,7400,买盘
1549,10:56:24,14.8,0.01,2,2960,买盘
1550,10:56:21,14.79,--,10,14790,卖盘
1551,10:56:18,14.79,-0.01,11,16268,卖盘
1552,10:56:15,14.8,--,2,2960,买盘
1553,10:56:03,14.8,0.01,13,19240,买盘
1554,10:55:57,14.79,--,4,5916,卖盘
1555,10:55:48,14.79,-0.01,61,90219,卖盘
1556,10:55:45,14.8,--,1,1480,买盘
1557,10:55:33,14.8,0.01,10,14800,买盘
1558,10:55:30,14.79,--,9,13311,卖盘
1559,10:55:27,14.79,-0.01,37,54723,卖盘
1560,10:55:21,14.8,--,5,7400,买盘
1561,10:55:18,14.8,--,1,1480,买盘
1562,10:55:15,14.8,--,5,7400,买盘
1563,10:55:00,14.8,0.01,21,31080,买盘
1564,10:54:57,14.79,--,21,31059,买盘
1565,10:54:54,14.79,--,44,65075,买盘
1566,10:54:51,14.79,--,75,110925,买盘
1567,10:54:48,14.79,--,34,50286,买盘
1568,10:54:45,14.79,--,42,62118,买盘
1569,10:54:42,14.79,0.01,32,47328,买盘
1570,10:54:39,14.78,--,30,44340,买盘
1571,10:54:18,14.78,--,49,72422,买盘
1572,10:54:12,14.78,--,21,31038,买盘
1573,10:54:09,14.78,--,5,7390,买盘
1574,10:54:03,14.78,--,6,8868,卖盘
1575,10:54:00,14.78,--,1,1478,卖盘
1576,10:53:57,14.78,0.01,2,2956,卖盘
1577,10:53:48,14.77,--,37,54649,卖盘
1578,10:53:45,14.77,-0.01,5,7385,卖盘
1579,10:53:39,14.78,--,2,2956,买盘
1580,10:53:30,14.78,0.01,4,5912,买盘
1581,10:53:27,14.77,--,3,4431,卖盘
1582,10:53:24,14.77,--,8,11816,卖盘
1583,10:53:21,14.77,-0.01,20,29540,卖盘
1584,10:53:18,14.78,-0.01,1,1478,中性盘
1585,10:53:12,14.79,0.02,2,2958,买盘
1586,10:53:09,14.77,-0.02,10,14770,卖盘
1587,10:53:03,14.79,0.02,5,7395,买盘
1588,10:52:51,14.77,-0.02,59,87143,卖盘
1589,10:52:48,14.79,0.02,1,1479,买盘
1590,10:52:36,14.77,-0.02,3,4431,卖盘
1591,10:52:24,14.79,-0.01,12,17748,卖盘
1592,10:52:21,14.8,0.02,2,2960,买盘
1593,10:52:18,14.78,-0.01,44,65032,卖盘
1594,10:52:12,14.79,0.02,1,1479,买盘
1595,10:52:00,14.77,-0.02,13,19201,卖盘
1596,10:51:57,14.79,--,1,1479,买盘
1597,10:51:54,14.79,--,5,7395,买盘
1598,10:51:51,14.79,0.01,22,32537,买盘
1599,10:51:45,14.78,--,10,14780,中性盘
1600,10:51:39,14.78,-0.01,2,2956,卖盘
1601,10:51:36,14.79,0.01,10,14790,买盘
1602,10:51:33,14.78,--,3,4434,卖盘
1603,10:51:30,14.78,-0.01,4,5912,卖盘
1604,10:51:06,14.79,-0.01,9,13311,卖盘
1605,10:50:48,14.8,0.01,5,7400,买盘
1606,10:50:45,14.79,0.01,15,22185,买盘
1607,10:50:42,14.78,--,16,23648,卖盘
1608,10:50:39,14.78,-0.01,5,7390,中性盘
1609,10:50:27,14.79,0.01,2,2958,买盘
1610,10:50:24,14.78,--,24,35472,卖盘
1611,10:50:21,14.78,-0.01,50,73900,卖盘
1612,10:50:18,14.79,--,23,34017,买盘
1613,10:50:15,14.79,--,1,1479,买盘
1614,10:50:09,14.79,-0.01,6,8874,卖盘
1615,10:50:03,14.8,--,14,20720,买盘
1616,10:50:00,14.8,0.02,59,87320,买盘
1617,10:49:45,14.78,-0.03,8,11824,卖盘
1618,10:49:42,14.81,0.01,42,62202,买盘
1619,10:49:39,14.8,--,26,38480,买盘
1620,10:49:33,14.8,0.02,63,93240,买盘
1621,10:49:30,14.78,-0.02,22,32516,卖盘
1622,10:49:27,14.8,0.03,50,74000,买盘
1623,10:49:24,14.77,--,20,29540,卖盘
1624,10:49:21,14.77,--,55,81235,卖盘
1625,10:49:18,14.77,-0.02,3,4431,卖盘
1626,10:49:12,14.79,0.02,36,53244,买盘
1627,10:49:09,14.77,-0.03,4,5908,卖盘
1628,10:49:03,14.8,0.03,21,31080,买盘
1629,10:49:00,14.77,--,1,1477,卖盘
1630,10:48:54,14.77,--,11,16247,卖盘
1631,10:48:51,14.77,-0.02,68,100436,卖盘
1632,10:48:48,14.79,0.02,51,75429,买盘
1633,10:48:45,14.77,--,17,25109,卖盘
1634,10:48:42,14.77,--,10,14770,卖盘
1635,10:48:39,14.77,-0.02,2,2954,中性盘
1636,10:48:36,14.79,0.03,21,31059,买盘
1637,10:48:33,14.76,-0.01,444,655344,卖盘
1638,10:48:30,14.77,0.01,1,1477,买盘
1639,10:48:27,14.76,-0.01,101,149076,卖盘
1640,10:48:24,14.77,0.01,56,82712,买盘
1641,10:48:21,14.76,-0.01,30,44280,卖盘
1642,10:48:18,14.77,--,19,28063,买盘
1643,10:48:15,14.77,0.01,9,13293,买盘
1644,10:48:12,14.76,-0.01,10,14760,卖盘
1645,10:48:06,14.77,--,55,81235,买盘
1646,10:48:00,14.77,--,58,86950,卖盘
1647,10:47:57,14.77,--,22,32494,卖盘
1648,10:47:54,14.77,--,21,31017,卖盘
1649,10:47:51,14.77,--,76,112252,卖盘
1650,10:47:45,14.77,--,5,7385,卖盘
1651,10:47:42,14.77,-0.01,10,14770,卖盘
1652,10:47:30,14.78,--,4,5912,买盘
1653,10:47:27,14.78,0.01,13,19214,买盘
1654,10:47:18,14.77,-0.01,22,32494,卖盘
1655,10:47:15,14.78,-0.01,20,29560,买盘
1656,10:47:12,14.79,0.02,43,63596,买盘
1657,10:47:09,14.77,-0.01,105,155085,卖盘
1658,10:47:06,14.78,--,94,138932,卖盘
1659,10:47:03,14.78,-0.01,117,172926,卖盘
1660,10:47:00,14.79,0.01,19,28101,买盘
1661,10:46:57,14.78,--,21,32486,卖盘
1662,10:46:54,14.78,--,16,23648,卖盘
1663,10:46:51,14.78,--,54,79812,卖盘
1664,10:46:48,14.78,-0.02,58,85724,卖盘
1665,10:46:45,14.8,0.01,34,50320,买盘
1666,10:46:39,14.79,-0.01,4,5916,卖盘
1667,10:46:33,14.8,--,10,14800,买盘
1668,10:46:24,14.8,--,1,1480,买盘
1669,10:46:15,14.8,-0.01,40,59200,卖盘
1670,10:46:09,14.81,0.02,15,22215,买盘
1671,10:46:00,14.79,-0.01,14,20706,卖盘
1672,10:45:57,14.8,0.01,42,62160,买盘
1673,10:45:51,14.79,-0.01,4,5916,卖盘
1674,10:45:45,14.8,--,5,7400,买盘
1675,10:45:36,14.8,--,11,16280,买盘
1676,10:45:33,14.8,0.01,20,29600,买盘
1677,10:45:30,14.79,-0.01,4,5916,卖盘
1678,10:45:21,14.8,--,5,7400,买盘
1679,10:45:06,14.8,--,16,23680,买盘
1680,10:45:00,14.8,0.02,8,11840,买盘
1681,10:44:54,14.78,--,3,4434,卖盘
1682,10:44:42,14.78,-0.02,31,45818,卖盘
1683,10:44:39,14.8,0.01,21,31080,买盘
1684,10:44:36,14.79,--,119,176001,买盘
1685,10:44:33,14.79,--,7,10353,买盘
1686,10:44:24,14.79,--,21,31059,买盘
1687,10:44:21,14.79,--,24,35496,买盘
1688,10:44:09,14.79,--,7,10353,买盘
1689,10:44:06,14.79,--,12,17748,买盘
1690,10:44:00,14.79,--,15,22185,卖盘
1691,10:43:48,14.79,--,4,5916,卖盘
1692,10:43:45,14.79,-0.01,105,155295,卖盘
1693,10:43:42,14.8,--,1,1480,买盘
1694,10:43:36,14.8,--,2,2960,买盘
1695,10:43:33,14.8,--,5,7400,买盘
1696,10:43:27,14.8,--,38,56240,买盘
1697,10:43:24,14.8,--,4,5920,卖盘
1698,10:43:21,14.8,--,1,1480,卖盘
1699,10:43:18,14.8,-0.01,1,1480,卖盘
1700,10:43:15,14.81,0.01,20,30864,买盘
1701,10:43:09,14.8,--,9,13320,卖盘
1702,10:43:06,14.8,--,33,48840,卖盘
1703,10:43:00,14.8,-0.01,43,63640,卖盘
1704,10:42:57,14.81,0.01,22,32582,买盘
1705,10:42:54,14.8,-0.01,7,10360,卖盘
1706,10:42:51,14.81,0.01,2,2962,中性盘
1707,10:42:45,14.8,-0.01,124,183520,卖盘
1708,10:42:42,14.81,0.01,57,84417,买盘
1709,10:42:36,14.8,-0.01,21,31080,卖盘
1710,10:42:33,14.81,0.01,16,24673,买盘
1711,10:42:30,14.8,--,4,5920,卖盘
1712,10:42:24,14.8,--,5,7400,卖盘
1713,10:42:21,14.8,--,20,29600,卖盘
1714,10:42:18,14.8,-0.01,38,56240,卖盘
1715,10:42:15,14.81,--,24,35544,买盘
1716,10:42:12,14.81,0.01,12,17772,买盘
1717,10:41:57,14.8,--,22,32560,卖盘
1718,10:41:54,14.8,--,165,244200,卖盘
1719,10:41:45,14.8,-0.01,97,143560,卖盘
1720,10:41:36,14.81,--,6,8886,买盘
1721,10:41:30,14.81,0.01,5,7405,买盘
1722,10:41:27,14.8,--,20,29600,卖盘
1723,10:41:24,14.8,--,1,1480,卖盘
1724,10:41:18,14.8,--,18,27380,买盘
1725,10:41:15,14.8,--,1,1480,买盘
1726,10:41:09,14.8,--,20,29600,买盘
1727,10:41:03,14.8,--,1,1480,买盘
1728,10:41:00,14.8,0.01,20,29600,买盘
1729,10:40:57,14.79,0.01,12,17748,中性盘
1730,10:40:51,14.78,-0.02,191,282298,卖盘
1731,10:40:48,14.8,--,10,14800,买盘
1732,10:40:42,14.8,--,5,7400,买盘
1733,10:40:39,14.8,--,20,29600,买盘
1734,10:40:36,14.8,0.01,4,5920,买盘
1735,10:40:30,14.79,-0.01,24,35496,卖盘
1736,10:40:21,14.8,--,5,7400,买盘
1737,10:40:18,14.8,--,1,1480,买盘
1738,10:40:15,14.8,--,19,28120,买盘
1739,10:40:12,14.8,0.01,2,2960,买盘
1740,10:40:06,14.79,-0.01,60,88740,卖盘
1741,10:40:03,14.8,0.01,10,14800,买盘
1742,10:39:57,14.79,--,41,60639,卖盘
1743,10:39:48,14.79,--,22,32537,卖盘
1744,10:39:45,14.79,-0.01,22,32537,卖盘
1745,10:39:36,14.8,0.01,54,79920,买盘
1746,10:39:33,14.79,-0.01,50,73950,卖盘
1747,10:39:30,14.8,--,10,14800,买盘
1748,10:39:24,14.8,--,45,67132,买盘
1749,10:39:21,14.8,--,16,23680,买盘
1750,10:39:18,14.8,0.01,43,63640,买盘
1751,10:39:15,14.79,-0.01,15,22185,卖盘
1752,10:39:12,14.8,0.01,8,11840,买盘
1753,10:39:09,14.79,-0.01,2,2958,卖盘
1754,10:39:03,14.8,--,6,8880,买盘
1755,10:39:00,14.8,0.01,16,23680,买盘
1756,10:38:57,14.79,--,28,41412,卖盘
1757,10:38:54,14.79,-0.01,31,45849,卖盘
1758,10:38:39,14.8,0.01,16,23680,买盘
1759,10:38:36,14.79,-0.01,28,41412,卖盘
1760,10:38:30,14.8,0.01,1,1480,买盘
1761,10:38:27,14.79,--,40,59160,卖盘
1762,10:38:24,14.79,-0.01,7,10353,卖盘
1763,10:38:21,14.8,0.01,10,14800,买盘
1764,10:38:18,14.79,--,4,5916,卖盘
1765,10:38:15,14.79,-0.01,15,22185,卖盘
1766,10:38:12,14.8,--,65,96200,买盘
1767,10:38:03,14.8,--,2,2960,买盘
1768,10:38:00,14.8,--,5,7400,买盘
1769,10:37:57,14.8,0.01,25,37000,买盘
1770,10:37:51,14.79,-0.01,12,17748,卖盘
1771,10:37:45,14.8,--,5,7400,买盘
1772,10:37:42,14.8,--,18,26640,买盘
1773,10:37:39,14.8,--,20,29600,买盘
1774,10:37:36,14.8,--,11,16280,买盘
1775,10:37:30,14.8,--,1,1480,买盘
1776,10:37:27,14.8,--,241,356680,买盘
1777,10:37:24,14.8,--,1,1480,买盘
1778,10:37:21,14.8,--,10,14800,买盘
1779,10:37:18,14.8,--,17,25160,买盘
1780,10:37:15,14.8,0.01,2,2960,买盘
1781,10:37:12,14.79,-0.01,3,4437,卖盘
1782,10:37:09,14.8,--,7,10360,买盘
1783,10:37:06,14.8,--,26,38480,买盘
1784,10:37:03,14.8,--,11,16280,买盘
1785,10:36:57,14.8,--,108,159840,买盘
1786,10:36:54,14.8,0.01,10,14800,买盘
1787,10:36:51,14.79,--,5,7395,卖盘
1788,10:36:48,14.79,-0.01,26,38454,卖盘
1789,10:36:45,14.8,--,10,14800,买盘
1790,10:36:39,14.8,--,68,100640,买盘
1791,10:36:36,14.8,-0.01,348,515780,卖盘
1792,10:36:30,14.81,--,33,48873,买盘
1793,10:36:27,14.81,--,38,56278,买盘
1794,10:36:24,14.81,--,12,17772,买盘
1795,10:36:21,14.81,-0.01,53,78493,卖盘
1796,10:36:15,14.82,0.01,6,8892,买盘
1797,10:36:06,14.81,--,4,5924,卖盘
1798,10:35:54,14.81,--,5,7405,卖盘
1799,10:35:51,14.81,--,10,14810,卖盘
1800,10:35:45,14.81,-0.01,1,1481,卖盘
1801,10:35:42,14.82,0.01,5,7410,买盘
1802,10:35:39,14.81,0.01,1,1481,买盘
1803,10:35:36,14.8,-0.01,30,44400,卖盘
1804,10:35:33,14.81,--,5,7405,买盘
1805,10:35:24,14.81,--,18,26658,买盘
1806,10:35:21,14.81,--,71,105151,买盘
1807,10:35:18,14.81,--,10,14810,买盘
1808,10:35:12,14.81,0.01,40,59240,买盘
1809,10:35:06,14.8,--,10,14800,卖盘
1810,10:35:03,14.8,--,21,31820,卖盘
1811,10:35:00,14.8,--,3,4440,卖盘
1812,10:34:57,14.8,--,12,17760,卖盘
1813,10:34:45,14.8,--,18,26640,买盘
1814,10:34:42,14.8,0.01,71,105080,买盘
1815,10:34:39,14.79,-0.01,20,29580,卖盘
1816,10:34:33,14.8,0.01,5,7400,买盘
1817,10:34:30,14.79,-0.01,9,13311,卖盘
1818,10:34:18,14.8,--,1,1480,买盘
1819,10:34:12,14.8,--,11,16280,买盘
1820,10:34:09,14.8,--,2,2960,买盘
1821,10:34:06,14.8,0.01,5,7400,买盘
1822,10:34:03,14.79,--,4,5916,买盘
1823,10:34:00,14.79,--,185,273615,卖盘
1824,10:33:54,14.79,-0.01,4,5916,卖盘
1825,10:33:51,14.8,--,6,8880,买盘
1826,10:33:45,14.8,--,1,1480,买盘
1827,10:33:42,14.8,--,4,5920,买盘
1828,10:33:33,14.8,0.01,10,14800,买盘
1829,10:33:27,14.79,-0.01,21,31059,卖盘
1830,10:33:24,14.8,0.02,1,1480,买盘
1831,10:33:18,14.78,--,55,81290,卖盘
1832,10:33:12,14.78,-0.02,128,189184,卖盘
1833,10:33:09,14.8,--,12,17760,买盘
1834,10:33:00,14.8,--,2,2960,买盘
1835,10:32:51,14.8,0.02,21,31080,买盘
1836,10:32:45,14.78,-0.02,3,4434,卖盘
1837,10:32:42,14.8,--,21,31080,买盘
1838,10:32:39,14.8,0.02,42,62160,买盘
1839,10:32:36,14.78,--,23,33994,卖盘
1840,10:32:33,14.78,--,2,2956,卖盘
1841,10:32:30,14.78,-0.01,28,41384,卖盘
1842,10:32:24,14.79,--,58,86950,买盘
1843,10:32:21,14.79,0.01,1,1479,买盘
1844,10:32:15,14.78,--,4,5912,买盘
1845,10:32:12,14.78,-0.01,7,10346,中性盘
1846,10:32:09,14.79,--,186,275404,买盘
1847,10:32:00,14.79,0.01,1,1479,买盘
1848,10:31:57,14.78,--,5,7390,卖盘
1849,10:31:54,14.78,-0.01,10,14780,卖盘
1850,10:31:48,14.79,0.01,55,81345,买盘
1851,10:31:45,14.78,-0.01,20,29560,卖盘
1852,10:31:42,14.79,0.01,1,1479,买盘
1853,10:31:39,14.78,--,4,5912,卖盘
1854,10:31:33,14.78,--,4,5912,卖盘
1855,10:31:27,14.78,--,33,48774,卖盘
1856,10:31:24,14.78,--,6,8868,卖盘
1857,10:31:18,14.78,-0.01,3,4434,卖盘
1858,10:31:15,14.79,--,35,51765,买盘
1859,10:31:12,14.79,0.01,5,7395,买盘
1860,10:31:09,14.78,-0.01,412,608936,卖盘
1861,10:31:03,14.79,0.01,8,11832,买盘
1862,10:31:00,14.78,-0.01,1,1478,卖盘
1863,10:30:51,14.79,--,2,2958,买盘
1864,10:30:48,14.79,0.01,21,31059,买盘
1865,10:30:45,14.78,--,20,29560,卖盘
1866,10:30:42,14.78,-0.01,1,1478,卖盘
1867,10:30:36,14.79,0.01,20,29580,买盘
1868,10:30:33,14.78,-0.01,3,4434,卖盘
1869,10:30:30,14.79,--,51,75429,买盘
1870,10:30:21,14.79,--,67,99093,卖盘
1871,10:30:18,14.79,-0.01,22,32537,卖盘
1872,10:30:15,14.8,--,30,44400,买盘
1873,10:30:09,14.8,0.01,17,25160,买盘
1874,10:30:06,14.79,-0.01,67,99093,卖盘
1875,10:30:03,14.8,--,53,78440,买盘
1876,10:30:00,14.8,--,10,14800,买盘
1877,10:29:54,14.8,0.01,17,25160,买盘
1878,10:29:51,14.79,--,6,8874,卖盘
1879,10:29:48,14.79,-0.01,60,88740,卖盘
1880,10:29:45,14.8,--,1,1480,买盘
1881,10:29:42,14.8,--,5,7400,买盘
1882,10:29:39,14.8,--,6,8880,买盘
1883,10:29:36,14.8,--,1,1480,买盘
1884,10:29:30,14.8,--,9,13320,买盘
1885,10:29:27,14.8,0.01,156,230880,买盘
1886,10:29:24,14.79,-0.01,6,8874,卖盘
1887,10:29:21,14.8,--,49,72520,买盘
1888,10:29:18,14.8,--,4,5920,买盘
1889,10:29:15,14.8,0.01,5,7400,买盘
1890,10:29:12,14.79,-0.01,6,8874,卖盘
1891,10:29:00,14.8,0.01,2,2960,买盘
1892,10:28:54,14.79,--,28,41412,买盘
1893,10:28:51,14.79,--,10,14790,买盘
1894,10:28:48,14.79,-0.01,11,16268,中性盘
1895,10:28:42,14.8,0.01,36,53280,买盘
1896,10:28:39,14.79,0.01,5,7395,买盘
1897,10:28:36,14.78,-0.02,1,1478,卖盘
1898,10:28:33,14.8,--,51,75480,买盘
1899,10:28:27,14.8,0.01,11,16280,买盘
1900,10:28:24,14.79,--,42,62118,卖盘
1901,10:28:21,14.79,--,4,5916,卖盘
1902,10:28:15,14.79,-0.01,12,17748,卖盘
1903,10:28:09,14.8,--,5,7400,买盘
1904,10:28:03,14.8,--,25,37000,买盘
1905,10:28:00,14.8,--,2,2960,买盘
1906,10:27:57,14.8,--,5,7400,买盘
1907,10:27:54,14.8,--,14,20720,买盘
1908,10:27:48,14.8,--,9,13320,买盘
1909,10:27:45,14.8,--,1,1480,买盘
1910,10:27:42,14.8,0.01,46,68080,买盘
1911,10:27:39,14.79,-0.02,47,69513,卖盘
1912,10:27:36,14.81,0.01,15,22215,买盘
1913,10:27:33,14.8,-0.01,11,16280,卖盘
1914,10:27:30,14.81,0.01,23,34063,买盘
1915,10:27:24,14.8,--,2,2960,买盘
1916,10:27:21,14.8,0.02,37,54760,买盘
1917,10:27:15,14.78,--,18,26604,卖盘
1918,10:27:12,14.78,-0.01,162,239436,卖盘
1919,10:27:09,14.79,--,10,14790,卖盘
1920,10:27:06,14.79,--,193,285447,卖盘
1921,10:26:54,14.79,-0.01,12,17748,卖盘
1922,10:26:51,14.8,0.01,12,17760,买盘
1923,10:26:48,14.79,--,17,25143,买盘
1924,10:26:42,14.79,--,8,11832,中性盘
1925,10:26:39,14.79,0.01,10,14790,买盘
1926,10:26:30,14.78,-0.01,2,2956,卖盘
1927,10:26:27,14.79,0.01,5,7395,买盘
1928,10:26:24,14.78,--,7,10346,卖盘
1929,10:26:21,14.78,--,53,79501,买盘
1930,10:26:18,14.78,--,38,56164,买盘
1931,10:26:15,14.78,--,11,16258,买盘
1932,10:26:12,14.78,--,10,14780,买盘
1933,10:26:09,14.78,--,9,13302,买盘
1934,10:26:06,14.78,--,46,67988,买盘
1935,10:26:03,14.78,--,100,147800,买盘
1936,10:26:00,14.78,--,2,2956,买盘
1937,10:25:57,14.78,--,2,2956,买盘
1938,10:25:54,14.78,--,20,29560,买盘
1939,10:25:48,14.78,--,5,7390,买盘
1940,10:25:45,14.78,--,2,2956,买盘
1941,10:25:42,14.78,--,7,10346,买盘
1942,10:25:39,14.78,--,4,5912,买盘
1943,10:25:36,14.78,-0.02,507,749656,卖盘
1944,10:25:30,14.8,--,11,16280,卖盘
1945,10:25:24,14.8,--,2,2960,卖盘
1946,10:25:21,14.8,--,42,62160,买盘
1947,10:25:15,14.8,0.01,27,39960,买盘
1948,10:25:09,14.79,--,17,25143,卖盘
1949,10:25:06,14.79,--,70,103530,买盘
1950,10:25:03,14.79,--,4,5916,买盘
1951,10:25:00,14.79,0.01,5,7395,买盘
1952,10:24:57,14.78,--,15,22170,卖盘
1953,10:24:54,14.78,-0.01,94,138932,卖盘
1954,10:24:51,14.79,0.01,10,14790,买盘
1955,10:24:48,14.78,--,14,20692,卖盘
1956,10:24:45,14.78,-0.01,30,44340,卖盘
1957,10:24:39,14.79,0.01,2,2958,买盘
1958,10:24:36,14.78,--,29,42862,卖盘
1959,10:24:33,14.78,--,119,175882,卖盘
1960,10:24:30,14.78,--,12,18903,买盘
1961,10:24:27,14.78,0.01,7,10346,买盘
1962,10:24:21,14.77,-0.01,4,5908,卖盘
1963,10:24:18,14.78,0.01,9,13302,买盘
1964,10:24:15,14.77,--,164,242228,买盘
1965,10:24:12,14.77,--,57,84189,买盘
1966,10:24:06,14.77,0.01,10,14770,买盘
1967,10:24:03,14.76,-0.01,59,87084,卖盘
1968,10:24:00,14.77,0.01,5,7385,买盘
1969,10:23:57,14.76,-0.01,4,5904,卖盘
1970,10:23:54,14.77,--,23,33971,买盘
1971,10:23:51,14.77,--,40,59080,买盘
1972,10:23:48,14.77,-0.01,54,79758,卖盘
1973,10:23:45,14.78,0.01,63,93114,买盘
1974,10:23:42,14.77,-0.01,77,113729,卖盘
1975,10:23:39,14.78,--,122,180316,买盘
1976,10:23:36,14.78,0.01,128,189184,买盘
1977,10:23:33,14.77,--,22,32494,卖盘
1978,10:23:27,14.77,-0.01,32,47264,卖盘
1979,10:23:24,14.78,-0.01,8,11824,卖盘
1980,10:23:21,14.79,0.01,24,35496,买盘
1981,10:23:18,14.78,--,78,115284,卖盘
1982,10:23:15,14.78,--,124,183272,卖盘
1983,10:23:12,14.78,--,18,26604,卖盘
1984,10:23:09,14.78,-0.01,107,158146,卖盘
1985,10:23:06,14.79,0.01,82,121278,买盘
1986,10:23:03,14.78,-0.01,61,90158,卖盘
1987,10:23:00,14.79,--,18,26622,买盘
1988,10:22:54,14.79,0.01,6,8874,买盘
1989,10:22:51,14.78,-0.01,4,5912,卖盘
1990,10:22:48,14.79,--,79,116841,卖盘
1991,10:22:45,14.79,--,48,70992,卖盘
1992,10:22:33,14.79,-0.01,20,29580,卖盘
1993,10:22:27,14.8,--,2,2960,买盘
1994,10:22:24,14.8,--,5,7400,买盘
1995,10:22:21,14.8,-0.02,679,1004920,卖盘
1996,10:22:18,14.82,--,30,44460,买盘
1997,10:22:15,14.82,0.01,8,11856,买盘
1998,10:22:12,14.81,--,201,297681,卖盘
1999,10:22:09,14.81,--,10,14810,卖盘
2000,10:22:06,14.81,-0.01,96,142176,卖盘
2001,10:22:03,14.82,--,136,201552,买盘
2002,10:22:00,14.82,--,5,7410,买盘
2003,10:21:57,14.82,--,21,31122,买盘
2004,10:21:54,14.82,--,5,7410,买盘
2005,10:21:51,14.82,--,31,45942,买盘
2006,10:21:48,14.82,0.01,5,7410,买盘
2007,10:21:45,14.81,--,4,5924,卖盘
2008,10:21:42,14.81,-0.02,67,99227,卖盘
2009,10:21:39,14.83,0.01,2,2966,买盘
2010,10:21:36,14.82,--,10,14820,卖盘
2011,10:21:33,14.82,--,1,1482,卖盘
2012,10:21:30,14.82,0.01,17,25194,卖盘
2013,10:21:24,14.81,-0.02,18,26658,卖盘
2014,10:21:21,14.83,0.01,29,43007,买盘
2015,10:21:15,14.82,--,67,99294,卖盘
2016,10:21:12,14.82,--,88,130416,卖盘
2017,10:21:09,14.82,-0.01,105,155610,卖盘
2018,10:21:06,14.83,--,8,11864,卖盘
2019,10:21:03,14.83,0.01,8,11864,买盘
2020,10:21:00,14.82,--,31,45942,卖盘
2021,10:20:57,14.82,-0.01,28,41496,卖盘
2022,10:20:54,14.83,0.01,11,16313,买盘
2023,10:20:51,14.82,--,35,51870,卖盘
2024,10:20:48,14.82,--,127,188214,卖盘
2025,10:20:45,14.82,--,26,38532,卖盘
2026,10:20:42,14.82,--,160,237120,卖盘
2027,10:20:39,14.82,-0.01,11,16302,卖盘
2028,10:20:36,14.83,--,12,17796,买盘
2029,10:20:33,14.83,-0.01,29,43007,卖盘
2030,10:20:30,14.84,--,55,81620,买盘
2031,10:20:27,14.84,0.01,11,16324,买盘
2032,10:20:24,14.83,--,158,234314,卖盘
2033,10:20:21,14.83,--,93,137919,卖盘
2034,10:20:18,14.83,--,6,8898,卖盘
2035,10:20:12,14.83,--,37,54871,卖盘
2036,10:20:09,14.83,-0.01,89,131987,卖盘
2037,10:20:06,14.84,0.01,2,2968,买盘
2038,10:20:03,14.83,-0.01,12,17796,卖盘
2039,10:20:00,14.84,--,15,22260,买盘
2040,10:19:54,14.84,-0.01,53,78652,卖盘
2041,10:19:51,14.85,--,13,19305,买盘
2042,10:19:48,14.85,--,3,4455,买盘
2043,10:19:45,14.85,0.01,2,2970,买盘
2044,10:19:42,14.84,--,41,60844,卖盘
2045,10:19:33,14.84,--,5,7420,卖盘
2046,10:19:30,14.84,-0.01,11,16324,卖盘
2047,10:19:27,14.85,0.01,7,10395,买盘
2048,10:19:24,14.84,--,15,22260,卖盘
2049,10:19:21,14.84,--,6,8904,买盘
2050,10:19:18,14.84,--,14,20776,买盘
2051,10:19:15,14.84,--,8,11872,买盘
2052,10:19:12,14.84,0.01,3,4452,卖盘
2053,10:19:06,14.83,-0.01,16,23728,卖盘
2054,10:19:00,14.84,--,1,1484,中性盘
2055,10:18:57,14.84,0.01,10,14840,买盘
2056,10:18:54,14.83,-0.01,82,121606,卖盘
2057,10:18:51,14.84,--,10,14840,买盘
2058,10:18:45,14.84,--,2,2968,买盘
2059,10:18:42,14.84,-0.01,2,2968,卖盘
2060,10:18:39,14.85,0.01,209,310365,买盘
2061,10:18:36,14.84,--,22,32648,卖盘
2062,10:18:33,14.84,-0.01,1,1484,卖盘
2063,10:18:30,14.85,0.01,21,31185,买盘
2064,10:18:27,14.84,--,14,20776,卖盘
2065,10:18:24,14.84,-0.01,4,5936,卖盘
2066,10:18:21,14.85,0.01,5,7425,买盘
2067,10:18:18,14.84,--,10,14840,卖盘
2068,10:18:15,14.84,0.01,16,23744,卖盘
2069,10:18:12,14.83,-0.01,50,74150,卖盘
2070,10:18:09,14.84,--,10,14840,卖盘
2071,10:18:06,14.84,--,29,43036,买盘
2072,10:18:03,14.84,--,44,65296,买盘
2073,10:18:00,14.84,0.01,2,2968,卖盘
2074,10:17:54,14.83,--,11,16313,卖盘
2075,10:17:51,14.83,--,255,378165,卖盘
2076,10:17:48,14.83,-0.01,46,68218,卖盘
2077,10:17:45,14.84,--,44,65296,买盘
2078,10:17:42,14.84,--,14,20776,买盘
2079,10:17:39,14.84,0.01,2,2968,买盘
2080,10:17:36,14.83,-0.01,8,11864,卖盘
2081,10:17:30,14.84,0.01,9,13356,买盘
2082,10:17:27,14.83,-0.01,32,47456,卖盘
2083,10:17:24,14.84,0.01,3,4452,买盘
2084,10:17:21,14.83,-0.01,3,4449,卖盘
2085,10:17:18,14.84,-0.01,110,163240,卖盘
2086,10:17:12,14.85,0.01,5,7425,买盘
2087,10:17:09,14.84,--,5,7420,卖盘
2088,10:17:03,14.84,--,22,32648,卖盘
2089,10:17:00,14.84,0.01,30,44520,买盘
2090,10:16:57,14.83,-0.01,2,2966,卖盘
2091,10:16:54,14.84,0.01,11,16324,买盘
2092,10:16:51,14.83,--,7,10381,卖盘
2093,10:16:48,14.83,--,4,5932,卖盘
2094,10:16:45,14.83,--,30,44490,卖盘
2095,10:16:42,14.83,--,52,77116,卖盘
2096,10:16:39,14.83,--,12,17796,卖盘
2097,10:16:33,14.83,--,62,91946,卖盘
2098,10:16:30,14.83,--,9,13347,卖盘
2099,10:16:24,14.83,--,33,48939,卖盘
2100,10:16:21,14.83,--,69,102327,卖盘
2101,10:16:15,14.83,--,40,59320,卖盘
2102,10:16:12,14.83,--,81,120123,卖盘
2103,10:16:09,14.83,--,80,118640,卖盘
2104,10:16:06,14.83,-0.01,87,129021,卖盘
2105,10:16:03,14.84,0.01,26,38584,买盘
2106,10:16:00,14.83,--,22,32626,卖盘
2107,10:15:54,14.83,-0.01,208,308464,卖盘
2108,10:15:51,14.84,--,30,44520,卖盘
2109,10:15:48,14.84,--,17,25228,卖盘
2110,10:15:45,14.84,--,30,44520,卖盘
2111,10:15:42,14.84,--,31,46004,卖盘
2112,10:15:39,14.84,-0.01,20,29680,卖盘
2113,10:15:36,14.85,--,3,4455,买盘
2114,10:15:30,14.85,--,229,340451,卖盘
2115,10:15:27,14.85,--,74,109890,卖盘
2116,10:15:24,14.85,--,74,109890,卖盘
2117,10:15:21,14.85,--,43,63855,卖盘
2118,10:15:18,14.85,--,30,44550,卖盘
2119,10:15:15,14.85,--,296,439560,卖盘
2120,10:15:12,14.85,--,10,15948,卖盘
2121,10:15:09,14.85,-0.01,277,412132,卖盘
2122,10:15:06,14.86,--,28,41608,卖盘
2123,10:15:03,14.86,-0.01,38,56468,卖盘
2124,10:15:00,14.87,0.01,56,83272,买盘
2125,10:14:57,14.86,-0.01,3,4458,卖盘
2126,10:14:54,14.87,0.01,5,7435,买盘
2127,10:14:48,14.86,--,32,47552,卖盘
2128,10:14:45,14.86,-0.01,7,10402,卖盘
2129,10:14:42,14.87,-0.01,14,20818,卖盘
2130,10:14:39,14.88,0.01,2,2976,买盘
2131,10:14:36,14.87,--,67,99629,卖盘
2132,10:14:33,14.87,-0.01,6,8922,卖盘
2133,10:14:30,14.88,0.01,1,1488,买盘
2134,10:14:27,14.87,-0.01,243,361341,卖盘
2135,10:14:24,14.88,0.01,6,8928,买盘
2136,10:14:21,14.87,--,25,37175,卖盘
2137,10:14:18,14.87,-0.01,8,11896,卖盘
2138,10:14:15,14.88,0.01,11,16368,买盘
2139,10:14:12,14.87,--,26,38662,卖盘
2140,10:14:09,14.87,--,12,17844,卖盘
2141,10:14:03,14.87,-0.01,38,56506,卖盘
2142,10:14:00,14.88,-0.01,4,5952,卖盘
2143,10:13:54,14.89,0.01,33,49137,买盘
2144,10:13:51,14.88,--,22,32736,卖盘
2145,10:13:48,14.88,--,27,40176,卖盘
2146,10:13:42,14.88,-0.01,124,184512,卖盘
2147,10:13:39,14.89,0.01,5,7445,买盘
2148,10:13:36,14.88,--,101,150288,卖盘
2149,10:13:33,14.88,--,12,17856,卖盘
2150,10:13:30,14.88,--,8,11904,卖盘
2151,10:13:24,14.88,--,50,74400,卖盘
2152,10:13:21,14.88,-0.01,91,135408,卖盘
2153,10:13:18,14.89,0.01,113,168257,买盘
2154,10:13:06,14.88,--,5,7440,卖盘
2155,10:13:03,14.88,--,23,34224,卖盘
2156,10:12:54,14.88,--,3,4464,卖盘
2157,10:12:48,14.88,--,6,8928,买盘
2158,10:12:39,14.88,--,21,31248,买盘
2159,10:12:36,14.88,0.01,50,74400,买盘
2160,10:12:33,14.87,-0.01,6,8922,卖盘
2161,10:12:30,14.88,--,23,34224,买盘
2162,10:12:27,14.88,--,1,1488,买盘
2163,10:12:24,14.88,--,5,7440,买盘
2164,10:12:21,14.88,-0.01,115,171120,卖盘
2165,10:12:18,14.89,--,61,90829,买盘
2166,10:12:15,14.89,0.01,10,14890,买盘
2167,10:12:12,14.88,-0.01,17,25296,卖盘
2168,10:12:06,14.89,0.01,13,19357,买盘
2169,10:12:03,14.88,-0.01,138,205344,卖盘
2170,10:11:48,14.89,--,75,111675,卖盘
2171,10:11:39,14.89,--,3,4467,卖盘
2172,10:11:36,14.89,--,23,34247,卖盘
2173,10:11:30,14.89,--,39,58071,买盘
2174,10:11:27,14.89,--,2,2978,买盘
2175,10:11:24,14.89,--,7,10423,买盘
2176,10:11:21,14.89,--,25,37225,卖盘
2177,10:11:12,14.89,0.01,85,126565,买盘
2178,10:10:51,14.88,--,47,69936,卖盘
2179,10:10:48,14.88,-0.01,21,31248,卖盘
2180,10:10:45,14.89,0.01,5,7445,买盘
2181,10:10:42,14.88,--,3,4464,卖盘
2182,10:10:33,14.88,--,16,23808,卖盘
2183,10:10:27,14.88,--,10,14880,卖盘
2184,10:10:18,14.88,--,5,7440,卖盘
2185,10:10:15,14.88,--,42,62496,买盘
2186,10:10:06,14.88,--,5,7440,买盘
2187,10:10:03,14.88,-0.01,53,78864,卖盘
2188,10:10:00,14.89,--,3,4467,卖盘
2189,10:09:54,14.89,0.01,1,1489,买盘
2190,10:09:51,14.88,-0.02,33,49104,卖盘
2191,10:09:48,14.9,0.02,22,32780,买盘
2192,10:09:45,14.88,-0.01,102,151776,卖盘
2193,10:09:42,14.89,--,21,31269,买盘
2194,10:09:39,14.89,--,6,8934,买盘
2195,10:09:36,14.89,0.02,46,68494,买盘
2196,10:09:33,14.87,--,10,14870,卖盘
2197,10:09:30,14.87,-0.01,44,65428,卖盘
2198,10:09:27,14.88,--,4,5952,买盘
2199,10:09:24,14.88,--,10,14880,买盘
2200,10:09:21,14.88,--,16,23808,买盘
2201,10:09:15,14.88,--,26,38688,买盘
2202,10:09:12,14.88,--,29,43152,卖盘
2203,10:09:09,14.88,0.01,11,16368,买盘
2204,10:09:06,14.87,-0.01,14,20818,卖盘
2205,10:09:03,14.88,0.01,1,1488,买盘
2206,10:09:00,14.87,--,3,4461,卖盘
2207,10:08:54,14.87,-0.01,10,14870,卖盘
2208,10:08:51,14.88,0.01,15,22320,买盘
2209,10:08:45,14.87,-0.01,1,1487,卖盘
2210,10:08:42,14.88,--,19,28272,买盘
2211,10:08:36,14.88,0.01,38,56544,买盘
2212,10:08:33,14.87,--,1,1487,卖盘
2213,10:08:30,14.87,-0.01,3,4461,卖盘
2214,10:08:27,14.88,0.01,17,25296,买盘
2215,10:08:21,14.87,--,46,69100,买盘
2216,10:08:15,14.87,--,33,49071,买盘
2217,10:08:12,14.87,--,2,2974,买盘
2218,10:08:09,14.87,0.01,20,29740,买盘
2219,10:08:06,14.86,--,24,35664,卖盘
2220,10:08:03,14.86,-0.01,1,1486,卖盘
2221,10:08:00,14.87,--,10,14870,买盘
2222,10:07:57,14.87,--,37,55019,买盘
2223,10:07:54,14.87,--,1,1487,买盘
2224,10:07:45,14.87,--,15,23093,卖盘
2225,10:07:42,14.87,--,111,165057,卖盘
2226,10:07:36,14.87,--,6,8922,卖盘
2227,10:07:33,14.87,-0.01,2,2974,卖盘
2228,10:07:30,14.88,0.01,31,46128,买盘
2229,10:07:27,14.87,--,10,14870,卖盘
2230,10:07:24,14.87,--,20,29740,卖盘
2231,10:07:21,14.87,-0.01,48,71376,卖盘
2232,10:07:18,14.88,0.01,12,17856,中性盘
2233,10:07:09,14.87,--,105,156135,卖盘
2234,10:07:06,14.87,--,41,60967,卖盘
2235,10:07:03,14.87,-0.01,7,10409,卖盘
2236,10:07:00,14.88,--,1,1488,买盘
2237,10:06:45,14.88,0.01,10,14880,中性盘
2238,10:06:39,14.87,-0.01,487,724169,卖盘
2239,10:06:36,14.88,--,12,17856,卖盘
2240,10:06:33,14.88,--,106,157728,卖盘
2241,10:06:30,14.88,--,250,372000,卖盘
2242,10:06:24,14.88,-0.01,5,7440,卖盘
2243,10:06:21,14.89,0.01,20,29780,买盘
2244,10:06:18,14.88,-0.01,7,10416,卖盘
2245,10:06:15,14.89,--,23,34247,买盘
2246,10:06:12,14.89,--,67,99763,卖盘
2247,10:06:06,14.89,--,17,25313,卖盘
2248,10:06:03,14.89,--,4,5956,卖盘
2249,10:06:00,14.89,0.01,1,1489,卖盘
2250,10:05:57,14.88,-0.02,200,297600,卖盘
2251,10:05:54,14.9,0.01,2,2980,买盘
2252,10:05:48,14.89,-0.01,5,7445,卖盘
2253,10:05:45,14.9,0.01,67,99830,买盘
2254,10:05:42,14.89,-0.01,39,58071,卖盘
2255,10:05:36,14.9,0.01,6,8940,买盘
2256,10:05:33,14.89,--,3,4467,卖盘
2257,10:05:30,14.89,--,72,107208,卖盘
2258,10:05:27,14.89,--,8,11912,卖盘
2259,10:05:24,14.89,--,5,7445,卖盘
2260,10:05:21,14.89,--,10,14890,卖盘
2261,10:05:12,14.89,--,132,196548,卖盘
2262,10:05:06,14.89,--,2,2978,卖盘
2263,10:05:03,14.89,-0.01,17,25313,卖盘
2264,10:04:57,14.9,--,5,7450,买盘
2265,10:04:54,14.9,--,77,114730,买盘
2266,10:04:51,14.9,--,32,47680,买盘
2267,10:04:48,14.9,0.01,6,8940,买盘
2268,10:04:36,14.89,-0.01,23,34247,卖盘
2269,10:04:33,14.9,--,11,16390,买盘
2270,10:04:27,14.9,0.01,25,37250,买盘
2271,10:04:15,14.89,-0.01,1,1489,卖盘
2272,10:04:12,14.9,--,7,10430,买盘
2273,10:04:09,14.9,0.01,20,29800,买盘
2274,10:04:06,14.89,-0.01,4,5956,卖盘
2275,10:04:03,14.9,--,1,1490,买盘
2276,10:04:00,14.9,0.01,23,34270,买盘
2277,10:03:51,14.89,--,8,11912,卖盘
2278,10:03:45,14.89,-0.01,31,46159,卖盘
2279,10:03:42,14.9,0.01,40,59600,买盘
2280,10:03:33,14.89,--,3,4467,卖盘
2281,10:03:30,14.89,--,55,81895,卖盘
2282,10:03:27,14.89,--,21,31269,卖盘
2283,10:03:18,14.89,--,20,29780,卖盘
2284,10:03:15,14.89,--,67,99763,卖盘
2285,10:03:09,14.89,-0.01,6,8934,卖盘
2286,10:03:00,14.9,0.01,33,49170,买盘
2287,10:02:54,14.89,--,50,74450,卖盘
2288,10:02:48,14.89,--,16,23824,卖盘
2289,10:02:33,14.89,-0.01,35,52115,卖盘
2290,10:02:30,14.9,--,20,29800,买盘
2291,10:02:27,14.9,0.01,7,10430,买盘
2292,10:02:24,14.89,-0.01,6,8934,卖盘
2293,10:02:21,14.9,--,200,298000,买盘
2294,10:02:18,14.9,--,10,14900,买盘
2295,10:02:09,14.9,--,11,16390,买盘
2296,10:02:00,14.9,0.01,20,29800,买盘
2297,10:01:57,14.89,--,19,28291,卖盘
2298,10:01:54,14.89,-0.01,4,5956,卖盘
2299,10:01:48,14.9,--,2,2980,买盘
2300,10:01:39,14.9,0.01,9,13410,买盘
2301,10:01:36,14.89,--,37,55093,卖盘
2302,10:01:33,14.89,-0.01,21,31269,卖盘
2303,10:01:30,14.9,0.01,2,2980,买盘
2304,10:01:27,14.89,-0.01,21,31269,卖盘
2305,10:01:24,14.9,--,1,1490,买盘
2306,10:01:21,14.9,--,15,22350,买盘
2307,10:01:18,14.9,0.01,6,8940,买盘
2308,10:01:15,14.89,--,3,4467,卖盘
2309,10:01:12,14.89,--,5,7445,卖盘
2310,10:01:09,14.89,--,21,31269,卖盘
2311,10:01:06,14.89,--,52,77428,卖盘
2312,10:01:03,14.89,--,12,17868,卖盘
2313,10:01:00,14.89,-0.01,27,40203,卖盘
2314,10:00:57,14.9,--,31,46190,买盘
2315,10:00:51,14.9,--,3,4470,买盘
2316,10:00:48,14.9,-0.01,34,50660,卖盘
2317,10:00:45,14.91,0.02,3,4473,买盘
2318,10:00:42,14.89,--,2,2978,卖盘
2319,10:00:39,14.89,-0.01,90,134010,卖盘
2320,10:00:36,14.9,--,212,315880,卖盘
2321,10:00:33,14.9,--,41,61090,卖盘
2322,10:00:24,14.9,-0.01,2,2980,卖盘
2323,10:00:21,14.91,0.01,10,14910,买盘
2324,10:00:09,14.9,-0.01,8,11920,卖盘
2325,10:00:06,14.91,--,2,2982,买盘
2326,09:59:57,14.91,0.01,26,38766,买盘
2327,09:59:54,14.9,-0.01,6,8940,卖盘
2328,09:59:48,14.91,--,25,37275,买盘
2329,09:59:42,14.91,0.01,7,10437,买盘
2330,09:59:39,14.9,-0.01,82,122180,卖盘
2331,09:59:30,14.91,--,5,7455,买盘
2332,09:59:27,14.91,--,10,14910,买盘
2333,09:59:24,14.91,--,10,14910,买盘
2334,09:59:21,14.91,0.01,2,2982,买盘
2335,09:59:18,14.9,--,24,35760,卖盘
2336,09:59:12,14.9,-0.01,1,1490,卖盘
2337,09:59:09,14.91,0.01,4,5964,买盘
2338,09:59:06,14.9,--,57,84930,卖盘
2339,09:59:00,14.9,--,4,5960,卖盘
2340,09:58:57,14.9,--,10,14900,卖盘
2341,09:58:54,14.9,--,2,2980,卖盘
2342,09:58:36,14.9,0.01,241,359090,买盘
2343,09:58:33,14.89,-0.01,8,11912,卖盘
2344,09:58:27,14.9,0.01,8,11920,买盘
2345,09:58:21,14.89,--,3,4467,卖盘
2346,09:58:09,14.89,0.01,3,5911,卖盘
2347,09:57:57,14.88,-0.01,158,235104,卖盘
2348,09:57:54,14.89,--,4,5956,买盘
2349,09:57:48,14.89,0.01,30,44670,买盘
2350,09:57:45,14.88,-0.01,200,297600,卖盘
2351,09:57:42,14.89,0.01,2,2978,买盘
2352,09:57:39,14.88,--,2,2976,卖盘
2353,09:57:36,14.88,--,2,2976,卖盘
2354,09:57:33,14.88,--,16,23808,卖盘
2355,09:57:30,14.88,-0.01,11,16368,卖盘
2356,09:57:27,14.89,0.01,15,22335,买盘
2357,09:57:24,14.88,--,9,13392,卖盘
2358,09:57:21,14.88,--,37,55056,卖盘
2359,09:57:15,14.88,-0.01,20,29760,卖盘
2360,09:57:09,14.89,--,38,56582,买盘
2361,09:56:57,14.89,--,156,232284,卖盘
2362,09:56:54,14.89,-0.01,2,2978,卖盘
2363,09:56:51,14.9,--,53,78970,买盘
2364,09:56:45,14.9,-0.01,89,132610,卖盘
2365,09:56:42,14.91,0.01,8,11928,买盘
2366,09:56:33,14.9,-0.01,38,56620,卖盘
2367,09:56:27,14.91,0.01,2,2982,买盘
2368,09:56:24,14.9,--,30,44700,卖盘
2369,09:56:21,14.9,--,3,4470,卖盘
2370,09:56:12,14.9,--,40,59600,卖盘
2371,09:56:03,14.9,--,22,32780,卖盘
2372,09:55:45,14.9,--,30,44700,卖盘
2373,09:55:39,14.9,--,26,38740,卖盘
2374,09:55:27,14.9,--,8,11920,卖盘
2375,09:55:18,14.9,--,68,101320,卖盘
2376,09:55:15,14.9,--,30,44700,买盘
2377,09:55:12,14.9,--,37,55130,卖盘
2378,09:55:09,14.9,-0.01,5,7450,卖盘
2379,09:54:54,14.91,0.02,3,4473,买盘
2380,09:54:51,14.89,-0.01,140,208460,卖盘
2381,09:54:48,14.9,0.01,8,11920,买盘
2382,09:54:45,14.89,-0.01,5,7445,卖盘
2383,09:54:39,14.9,--,3,4470,买盘
2384,09:54:36,14.9,0.01,24,35760,买盘
2385,09:54:33,14.89,--,4,5956,卖盘
2386,09:54:24,14.89,-0.01,27,40203,卖盘
2387,09:54:21,14.9,0.01,85,126650,买盘
2388,09:54:09,14.89,-0.01,4,5956,卖盘
2389,09:54:06,14.9,0.01,25,37250,买盘
2390,09:54:03,14.89,--,47,69983,卖盘
2391,09:54:00,14.89,-0.01,1,1489,卖盘
2392,09:53:57,14.9,0.01,15,22350,买盘
2393,09:53:54,14.89,--,5,7445,卖盘
2394,09:53:51,14.89,-0.01,9,13401,卖盘
2395,09:53:45,14.9,--,15,22350,买盘
2396,09:53:36,14.9,0.01,2,2980,买盘
2397,09:53:33,14.89,--,1,1489,卖盘
2398,09:53:30,14.89,0.01,1,1489,卖盘
2399,09:53:27,14.88,-0.01,30,44640,卖盘
2400,09:53:24,14.89,--,10,14890,买盘
2401,09:53:21,14.89,--,4,5956,买盘
2402,09:53:15,14.89,--,2,2978,卖盘
2403,09:53:06,14.89,0.01,10,14890,买盘
2404,09:53:03,14.88,-0.01,4,5952,卖盘
2405,09:53:00,14.89,--,2,2978,买盘
2406,09:52:57,14.89,--,13,19357,买盘
2407,09:52:54,14.89,--,50,74450,买盘
2408,09:52:51,14.89,--,36,53604,买盘
2409,09:52:48,14.89,--,20,29780,买盘
2410,09:52:45,14.89,--,49,72961,买盘
2411,09:52:42,14.89,0.01,259,385651,买盘
2412,09:52:36,14.88,-0.01,7,10416,卖盘
2413,09:52:30,14.89,--,46,68494,买盘
2414,09:52:27,14.89,--,120,178680,买盘
2415,09:52:24,14.89,0.01,10,15634,买盘
2416,09:52:21,14.88,--,33,49104,买盘
2417,09:52:18,14.88,--,77,115320,卖盘
2418,09:52:15,14.88,--,1,1488,卖盘
2419,09:52:12,14.88,--,2,2976,卖盘
2420,09:52:09,14.88,0.01,45,67704,买盘
2421,09:52:03,14.87,-0.01,8,11896,卖盘
2422,09:52:00,14.88,0.01,7,10416,买盘
2423,09:51:57,14.87,-0.01,63,93681,卖盘
2424,09:51:54,14.88,--,15,22320,买盘
2425,09:51:51,14.88,--,5,7440,买盘
2426,09:51:48,14.88,--,18,26784,买盘
2427,09:51:45,14.88,--,10,14880,买盘
2428,09:51:42,14.88,--,14,21576,卖盘
2429,09:51:39,14.88,-0.01,137,204600,卖盘
2430,09:51:36,14.89,0.01,18,26802,买盘
2431,09:51:33,14.88,--,1,1488,卖盘
2432,09:51:30,14.88,-0.01,5,7440,卖盘
2433,09:51:27,14.89,0.01,23,34247,买盘
2434,09:51:21,14.88,-0.01,27,40176,卖盘
2435,09:51:18,14.89,0.01,22,32758,买盘
2436,09:51:15,14.88,-0.01,22,32736,卖盘
2437,09:51:12,14.89,--,60,89340,买盘
2438,09:51:09,14.89,0.01,18,26802,买盘
2439,09:51:06,14.88,--,39,58032,卖盘
2440,09:51:00,14.88,-0.01,7,10416,卖盘
2441,09:50:57,14.89,--,31,46159,买盘
2442,09:50:54,14.89,0.01,4,5956,买盘
2443,09:50:51,14.88,-0.02,24,35712,卖盘
2444,09:50:48,14.9,--,178,265220,买盘
2445,09:50:45,14.9,0.01,8,11920,买盘
2446,09:50:39,14.89,-0.01,10,14890,卖盘
2447,09:50:36,14.9,--,19,28310,买盘
2448,09:50:33,14.9,--,31,46190,买盘
2449,09:50:30,14.9,--,2,2980,买盘
2450,09:50:27,14.9,--,92,137080,卖盘
2451,09:50:24,14.9,--,56,83440,卖盘
2452,09:50:18,14.9,-0.01,72,107280,卖盘
2453,09:50:15,14.91,--,12,17892,买盘
2454,09:50:12,14.91,0.01,19,28329,买盘
2455,09:50:09,14.9,--,80,119200,卖盘
2456,09:50:06,14.9,--,109,162410,卖盘
2457,09:50:03,14.9,--,10,14900,卖盘
2458,09:49:57,14.9,-0.01,2,2980,卖盘
2459,09:49:54,14.91,--,99,147609,买盘
2460,09:49:51,14.91,--,104,155064,卖盘
2461,09:49:48,14.91,--,143,213213,卖盘
2462,09:49:45,14.91,--,41,61131,卖盘
2463,09:49:39,14.91,--,15,22365,卖盘
2464,09:49:36,14.91,--,32,47712,卖盘
2465,09:49:33,14.91,-0.01,54,80514,卖盘
2466,09:49:30,14.92,0.01,1,1492,买盘
2467,09:49:27,14.91,-0.01,1,1491,卖盘
2468,09:49:24,14.92,--,37,55204,买盘
2469,09:49:21,14.92,--,10,14920,买盘
2470,09:49:18,14.92,--,7,10444,买盘
2471,09:49:15,14.92,--,219,327494,卖盘
2472,09:49:12,14.92,--,9,13428,卖盘
2473,09:49:06,14.92,--,27,40284,卖盘
2474,09:49:03,14.92,--,10,14920,卖盘
2475,09:49:00,14.92,--,3,4476,卖盘
2476,09:48:57,14.92,--,3,4476,卖盘
2477,09:48:54,14.92,--,19,28348,卖盘
2478,09:48:51,14.92,--,3,4476,卖盘
2479,09:48:39,14.92,-0.01,13,19396,卖盘
2480,09:48:36,14.93,--,66,98538,卖盘
2481,09:48:33,14.93,-0.01,12,17916,卖盘
2482,09:48:30,14.94,0.01,4,5976,买盘
2483,09:48:27,14.93,-0.01,55,82115,卖盘
2484,09:48:24,14.94,0.01,9,13446,买盘
2485,09:48:21,14.93,--,1,1493,卖盘
2486,09:48:18,14.93,-0.01,54,80622,卖盘
2487,09:48:12,14.94,--,18,26892,买盘
2488,09:48:09,14.94,0.01,5,7470,买盘
2489,09:48:06,14.93,-0.02,25,37325,卖盘
2490,09:48:03,14.95,--,10,14950,买盘
2491,09:48:00,14.95,--,20,29900,买盘
2492,09:47:57,14.95,--,125,186875,买盘
2493,09:47:54,14.95,--,33,49335,买盘
2494,09:47:51,14.95,--,5,7475,买盘
2495,09:47:48,14.95,--,91,136045,买盘
2496,09:47:45,14.95,--,70,104650,卖盘
2497,09:47:42,14.95,--,26,38870,卖盘
2498,09:47:39,14.95,-0.01,53,79235,卖盘
2499,09:47:36,14.96,--,80,119680,卖盘
2500,09:47:33,14.96,-0.02,12,17952,卖盘
2501,09:47:30,14.98,0.01,100,149800,买盘
2502,09:47:27,14.97,0.01,185,276945,买盘
2503,09:47:18,14.96,--,119,178024,卖盘
2504,09:47:15,14.96,-0.01,125,187000,卖盘
2505,09:47:12,14.97,-0.01,1,1497,中性盘
2506,09:47:09,14.98,0.01,13,19474,买盘
2507,09:47:06,14.97,--,20,29940,买盘
2508,09:47:03,14.97,0.01,3,4491,卖盘
2509,09:46:57,14.96,-0.01,21,31416,卖盘
2510,09:46:54,14.97,--,22,32934,卖盘
2511,09:46:48,14.97,0.01,76,114894,买盘
2512,09:46:45,14.96,--,3,4488,卖盘
2513,09:46:42,14.96,-0.01,1,1496,卖盘
2514,09:46:39,14.97,0.01,128,192723,中性盘
2515,09:46:36,14.96,-0.01,45,67320,卖盘
2516,09:46:33,14.97,0.01,37,55389,买盘
2517,09:46:30,14.96,-0.01,116,173536,卖盘
2518,09:46:27,14.97,0.01,18,26946,买盘
2519,09:46:24,14.96,--,25,38522,卖盘
2520,09:46:21,14.96,--,10,14960,卖盘
2521,09:46:18,14.96,-0.01,2,2992,卖盘
2522,09:46:15,14.97,0.01,24,35928,买盘
2523,09:46:12,14.96,--,4,5984,卖盘
2524,09:46:09,14.96,--,62,93888,卖盘
2525,09:46:03,14.96,--,18,26928,买盘
2526,09:46:00,14.96,--,61,91256,买盘
2527,09:45:57,14.96,-0.01,25,37400,买盘
2528,09:45:54,14.97,0.01,267,399699,买盘
2529,09:45:51,14.96,0.01,10,14960,中性盘
2530,09:45:45,14.95,-0.01,10,14950,卖盘
2531,09:45:42,14.96,--,2,2992,买盘
2532,09:45:39,14.96,0.01,224,335104,买盘
2533,09:45:33,14.95,-0.01,61,91195,卖盘
2534,09:45:30,14.96,--,120,179520,买盘
2535,09:45:27,14.96,-0.01,177,264792,卖盘
2536,09:45:24,14.97,--,37,55389,买盘
2537,09:45:21,14.97,0.01,16,23952,买盘
2538,09:45:18,14.96,--,11,16456,卖盘
2539,09:45:12,14.96,--,4,5984,卖盘
2540,09:45:09,14.96,--,40,59840,买盘
2541,09:45:06,14.96,--,26,38896,买盘
2542,09:45:00,14.96,0.01,15,22440,买盘
2543,09:44:57,14.95,--,14,20930,买盘
2544,09:44:54,14.95,-0.01,83,124085,卖盘
2545,09:44:51,14.96,--,7,10472,卖盘
2546,09:44:48,14.96,0.01,95,142120,买盘
2547,09:44:42,14.95,-0.01,19,28405,卖盘
2548,09:44:39,14.96,--,45,67320,买盘
2549,09:44:36,14.96,--,43,64328,买盘
2550,09:44:33,14.96,--,33,49368,买盘
2551,09:44:27,14.96,0.01,60,89760,买盘
2552,09:44:24,14.95,-0.01,2,2990,卖盘
2553,09:44:12,14.96,0.01,5,7480,买盘
2554,09:44:06,14.95,0.01,10,14950,卖盘
2555,09:44:03,14.94,-0.01,109,162846,卖盘
2556,09:43:57,14.95,0.01,121,180895,买盘
2557,09:43:54,14.94,--,5,7470,卖盘
2558,09:43:51,14.94,--,18,26892,卖盘
2559,09:43:48,14.94,0.02,67,100098,买盘
2560,09:43:45,14.92,-0.01,43,64156,卖盘
2561,09:43:36,14.93,--,11,16423,卖盘
2562,09:43:33,14.93,--,14,20902,卖盘
2563,09:43:30,14.93,0.01,117,175800,买盘
2564,09:43:24,14.92,--,5,7460,卖盘
2565,09:43:15,14.92,0.01,56,84671,买盘
2566,09:43:12,14.91,-0.01,16,24974,卖盘
2567,09:43:09,14.92,--,28,41776,买盘
2568,09:43:06,14.92,0.01,16,23872,买盘
2569,09:43:00,14.91,-0.01,104,155064,卖盘
2570,09:42:57,14.92,--,47,70124,买盘
2571,09:42:54,14.92,--,17,25364,买盘
2572,09:42:45,14.92,--,28,41776,中性盘
2573,09:42:39,14.92,--,26,38792,卖盘
2574,09:42:36,14.92,--,17,25364,买盘
2575,09:42:30,14.92,--,3,4476,买盘
2576,09:42:27,14.92,0.01,2,2984,买盘
2577,09:42:24,14.91,-0.02,1,2609,卖盘
2578,09:42:21,14.93,0.01,38,56734,买盘
2579,09:42:18,14.92,--,10,14920,买盘
2580,09:42:12,14.92,--,11,16785,卖盘
2581,09:42:03,14.92,--,11,16412,卖盘
2582,09:42:00,14.92,--,17,26483,卖盘
2583,09:41:57,14.92,-0.01,11,16412,卖盘
2584,09:41:54,14.93,--,5,7465,买盘
2585,09:41:48,14.93,0.02,2,2986,买盘
2586,09:41:45,14.91,--,5,7455,卖盘
2587,09:41:42,14.91,--,12,17892,卖盘
2588,09:41:39,14.91,--,54,80514,卖盘
2589,09:41:33,14.91,--,8,11928,卖盘
2590,09:41:27,14.91,--,3,4473,卖盘
2591,09:41:24,14.91,-0.02,60,89460,卖盘
2592,09:41:21,14.93,--,1,1493,买盘
2593,09:41:18,14.93,0.01,10,14930,买盘
2594,09:41:15,14.92,0.01,6,8952,买盘
2595,09:41:09,14.91,-0.01,7,10437,卖盘
2596,09:41:06,14.92,--,88,131296,卖盘
2597,09:41:03,14.92,--,40,59680,买盘
2598,09:41:00,14.92,--,5,7460,买盘
2599,09:40:57,14.92,--,15,22380,买盘
2600,09:40:54,14.92,--,88,131296,买盘
2601,09:40:51,14.92,0.01,5,7460,买盘
2602,09:40:48,14.91,-0.01,5,7455,卖盘
2603,09:40:45,14.92,--,4,5968,买盘
2604,09:40:39,14.92,--,27,40284,买盘
2605,09:40:36,14.92,--,20,29840,买盘
2606,09:40:27,14.92,--,25,37300,买盘
2607,09:40:24,14.92,--,16,23872,买盘
2608,09:40:21,14.92,--,5,7460,买盘
2609,09:40:18,14.92,--,63,93996,卖盘
2610,09:40:15,14.92,--,79,117868,卖盘
2611,09:40:09,14.92,--,8,11936,卖盘
2612,09:40:06,14.92,--,11,16412,卖盘
2613,09:40:03,14.92,--,67,99964,买盘
2614,09:40:00,14.92,--,16,23872,买盘
2615,09:39:57,14.92,0.01,51,76092,买盘
2616,09:39:54,14.91,-0.01,18,26838,卖盘
2617,09:39:48,14.92,--,1,1492,买盘
2618,09:39:45,14.92,0.01,21,31332,买盘
2619,09:39:42,14.91,--,280,417480,卖盘
2620,09:39:39,14.91,-0.01,41,61131,卖盘
2621,09:39:36,14.92,0.01,62,92504,买盘
2622,09:39:33,14.91,-0.01,16,23856,卖盘
2623,09:39:27,14.92,--,5,7460,买盘
2624,09:39:24,14.92,0.01,5,7460,买盘
2625,09:39:18,14.91,--,26,38766,卖盘
2626,09:39:15,14.91,-0.01,50,74550,卖盘
2627,09:39:12,14.92,0.01,110,164120,买盘
2628,09:39:09,14.91,-0.01,18,26838,卖盘
2629,09:39:03,14.92,0.01,10,14920,买盘
2630,09:39:00,14.91,--,11,16401,卖盘
2631,09:38:57,14.91,--,18,26838,卖盘
2632,09:38:51,14.91,--,36,53676,卖盘
2633,09:38:48,14.91,--,34,50694,卖盘
2634,09:38:39,14.91,--,30,44730,卖盘
2635,09:38:36,14.91,--,24,35784,卖盘
2636,09:38:30,14.91,-0.01,40,59640,卖盘
2637,09:38:27,14.92,0.01,8,11936,买盘
2638,09:38:15,14.91,--,94,140154,买盘
2639,09:38:12,14.91,--,20,29820,买盘
2640,09:38:09,14.91,--,15,22365,买盘
2641,09:38:03,14.91,-0.01,17,25347,中性盘
2642,09:38:00,14.92,0.01,142,211864,买盘
2643,09:37:57,14.91,--,102,152082,卖盘
2644,09:37:54,14.91,--,22,32802,卖盘
2645,09:37:51,14.91,-0.01,17,25347,卖盘
2646,09:37:45,14.92,--,14,20888,买盘
2647,09:37:42,14.92,--,20,29840,买盘
2648,09:37:39,14.92,--,20,29840,买盘
2649,09:37:36,14.92,0.01,21,31332,买盘
2650,09:37:33,14.91,--,6,8946,卖盘
2651,09:37:30,14.91,-0.02,555,827505,卖盘
2652,09:37:27,14.93,--,62,92566,买盘
2653,09:37:24,14.93,0.01,60,89580,买盘
2654,09:37:21,14.92,--,163,243196,卖盘
2655,09:37:18,14.92,--,59,88028,卖盘
2656,09:37:15,14.92,--,69,102948,卖盘
2657,09:37:12,14.92,--,41,61172,卖盘
2658,09:37:06,14.92,--,13,19396,卖盘
2659,09:37:03,14.92,--,45,67140,卖盘
2660,09:37:00,14.92,--,39,58188,卖盘
2661,09:36:57,14.92,-0.01,124,185008,卖盘
2662,09:36:54,14.93,--,41,61213,买盘
2663,09:36:51,14.93,0.01,15,22395,买盘
2664,09:36:48,14.92,--,2,2984,卖盘
2665,09:36:42,14.92,-0.01,125,186500,卖盘
2666,09:36:39,14.93,--,32,47776,买盘
2667,09:36:36,14.93,0.01,122,182146,买盘
2668,09:36:33,14.92,-0.01,23,34316,卖盘
2669,09:36:30,14.93,--,61,91073,买盘
2670,09:36:27,14.93,--,48,71664,买盘
2671,09:36:24,14.93,0.01,21,31353,买盘
2672,09:36:21,14.92,--,4,5968,卖盘
2673,09:36:18,14.92,-0.01,10,14920,卖盘
2674,09:36:09,14.93,--,50,74650,买盘
2675,09:36:03,14.93,--,33,49269,卖盘
2676,09:36:00,14.93,-0.01,174,259782,卖盘
2677,09:35:57,14.94,0.01,1,1494,买盘
2678,09:35:54,14.93,-0.01,9,13437,卖盘
2679,09:35:45,14.94,--,15,22410,买盘
2680,09:35:42,14.94,0.01,2,2988,买盘
2681,09:35:36,14.93,--,50,74650,卖盘
2682,09:35:33,14.93,-0.01,50,74650,卖盘
2683,09:35:30,14.94,--,12,17928,卖盘
2684,09:35:24,14.94,0.01,17,25398,买盘
2685,09:35:21,14.93,-0.01,82,122426,卖盘
2686,09:35:18,14.94,0.01,24,35856,中性盘
2687,09:35:15,14.93,-0.01,31,46283,卖盘
2688,09:35:12,14.94,--,40,59760,买盘
2689,09:35:09,14.94,--,10,14940,买盘
2690,09:35:06,14.94,--,130,194220,买盘
2691,09:35:03,14.94,--,9,13446,买盘
2692,09:35:00,14.94,--,30,44820,买盘
2693,09:34:57,14.94,--,13,19422,买盘
2694,09:34:54,14.94,-0.01,5,7470,中性盘
2695,09:34:51,14.95,--,9,13455,买盘
2696,09:34:48,14.95,--,23,34385,买盘
2697,09:34:45,14.95,--,51,76245,买盘
2698,09:34:42,14.95,0.01,11,16445,买盘
2699,09:34:39,14.94,-0.01,20,29880,卖盘
2700,09:34:36,14.95,--,89,133055,买盘
2701,09:34:33,14.95,--,15,22425,买盘
2702,09:34:30,14.95,0.01,6,8970,买盘
2703,09:34:24,14.94,-0.01,52,77688,卖盘
2704,09:34:21,14.95,0.01,2,2990,买盘
2705,09:34:18,14.94,--,15,22410,卖盘
2706,09:34:09,14.94,-0.01,237,354078,卖盘
2707,09:34:06,14.95,0.02,10,14950,买盘
2708,09:34:03,14.93,-0.01,16,23888,卖盘
2709,09:34:00,14.94,--,137,204678,买盘
2710,09:33:57,14.94,--,22,32868,卖盘
2711,09:33:54,14.94,-0.01,179,267426,卖盘
2712,09:33:51,14.95,--,32,47840,卖盘
2713,09:33:48,14.95,--,44,65780,卖盘
2714,09:33:45,14.95,--,22,32890,卖盘
2715,09:33:42,14.95,--,9,13455,卖盘
2716,09:33:36,14.95,--,55,82225,卖盘
2717,09:33:33,14.95,--,1,1495,卖盘
2718,09:33:30,14.95,0.01,46,68770,买盘
2719,09:33:24,14.94,--,6,8964,卖盘
2720,09:33:18,14.94,0.01,10,14940,中性盘
2721,09:33:12,14.93,-0.01,62,92566,卖盘
2722,09:33:09,14.94,--,2,2988,买盘
2723,09:33:06,14.94,0.01,7,10458,买盘
2724,09:33:03,14.93,-0.01,108,161244,卖盘
2725,09:32:57,14.94,0.01,10,14940,买盘
2726,09:32:51,14.93,--,20,29860,卖盘
2727,09:32:48,14.93,--,9,13437,卖盘
2728,09:32:45,14.93,--,5,7465,买盘
2729,09:32:42,14.93,--,14,20902,买盘
2730,09:32:39,14.93,--,1,1493,买盘
2731,09:32:36,14.93,--,30,44790,买盘
2732,09:32:33,14.93,--,7,10451,买盘
2733,09:32:30,14.93,--,23,34339,买盘
2734,09:32:27,14.93,0.01,3,4479,买盘
2735,09:32:24,14.92,-0.01,10,14920,卖盘
2736,09:32:21,14.93,--,14,20902,买盘
2737,09:32:18,14.93,--,108,161244,买盘
2738,09:32:15,14.93,--,12,17916,买盘
2739,09:32:12,14.93,--,5,7465,买盘
2740,09:32:09,14.93,0.01,10,14930,买盘
2741,09:32:06,14.92,-0.01,24,35808,卖盘
2742,09:32:03,14.93,--,10,14930,卖盘
2743,09:32:00,14.93,--,5,7465,卖盘
2744,09:31:54,14.93,0.01,3,4479,买盘
2745,09:31:51,14.92,--,50,74600,卖盘
2746,09:31:48,14.92,--,10,14920,卖盘
2747,09:31:45,14.92,-0.01,156,232752,卖盘
2748,09:31:42,14.93,--,20,29860,买盘
2749,09:31:39,14.93,0.01,10,14930,买盘
2750,09:31:36,14.92,--,46,68632,买盘
2751,09:31:33,14.92,--,62,92504,卖盘
2752,09:31:30,14.92,-0.01,21,31332,卖盘
2753,09:31:27,14.93,--,8,11944,买盘
2754,09:31:24,14.93,--,15,22395,买盘
2755,09:31:18,14.93,-0.01,8,11944,卖盘
2756,09:31:15,14.94,--,7,10458,买盘
2757,09:31:12,14.94,--,3,4482,卖盘
2758,09:31:03,14.94,--,14,20916,卖盘
2759,09:30:57,14.94,0.01,26,38844,买盘
2760,09:30:51,14.93,-0.02,7,10451,卖盘
2761,09:30:48,14.95,0.02,8,11960,买盘
2762,09:30:45,14.93,-0.01,20,29860,中性盘
2763,09:30:39,14.94,0.02,30,44820,买盘
2764,09:30:33,14.92,--,50,74600,卖盘
2765,09:30:30,14.92,-0.03,10,14920,卖盘
2766,09:30:24,14.95,0.01,42,62790,买盘
2767,09:30:12,14.94,--,6,8964,买盘
2768,09:30:09,14.94,0.02,12,17928,买盘
2769,09:30:06,14.92,-0.01,161,240212,卖盘
2770,09:30:03,14.93,0.01,96,143328,中性盘
2771,09:30:00,14.92,--,0,0,卖盘
2772,09:25:03,14.92,14.92,115,171580,买盘
