,time,price,change,volume,amount,type
0,15:00:03,3.42,0.02,9054,3096468,买盘
1,14:57:00,3.4,--,0,0,卖盘
2,14:56:57,3.4,--,2,680,卖盘
3,14:56:45,3.4,--,442,150280,卖盘
4,14:56:39,3.4,-0.01,237,80580,卖盘
5,14:56:36,3.41,0.01,12,4092,买盘
6,14:56:30,3.4,--,50,17000,卖盘
7,14:56:24,3.4,--,1,340,卖盘
8,14:56:21,3.4,--,12,4080,卖盘
9,14:56:03,3.4,--,122,41480,卖盘
10,14:55:57,3.4,--,4,1360,卖盘
11,14:55:54,3.4,--,55,18700,卖盘
12,14:55:45,3.4,--,16,5440,卖盘
13,14:55:39,3.4,--,61,20740,卖盘
14,14:55:30,3.4,--,52,17680,卖盘
15,14:55:12,3.4,--,22,7480,卖盘
16,14:55:06,3.4,--,100,34000,卖盘
17,14:55:03,3.4,--,12,4080,卖盘
18,14:54:48,3.4,--,30,10200,卖盘
19,14:54:42,3.4,--,50,17000,卖盘
20,14:54:33,3.4,--,5,1700,卖盘
21,14:54:30,3.4,-0.01,1,340,卖盘
22,14:54:15,3.41,--,138,47058,买盘
23,14:54:12,3.41,0.01,731,249271,买盘
24,14:54:09,3.4,-0.01,20,6800,卖盘
25,14:54:03,3.41,--,102,34782,买盘
26,14:53:57,3.41,--,15,5115,买盘
27,14:53:48,3.41,0.01,22,7502,买盘
28,14:53:39,3.4,--,260,88400,卖盘
29,14:53:30,3.4,--,166,56440,卖盘
30,14:53:15,3.4,-0.01,20,6800,卖盘
31,14:53:03,3.41,--,3,1023,买盘
32,14:52:54,3.41,--,10,3410,买盘
33,14:52:51,3.41,0.01,15,5115,买盘
34,14:52:48,3.4,--,5,1700,卖盘
35,14:52:39,3.4,--,4,1360,卖盘
36,14:52:36,3.4,-0.01,105,35700,卖盘
37,14:52:30,3.41,0.01,20,6820,买盘
38,14:52:18,3.4,-0.01,6,2040,卖盘
39,14:52:03,3.41,--,2,682,买盘
40,14:52:00,3.41,--,11,3751,买盘
41,14:51:51,3.41,--,52,17732,买盘
42,14:51:48,3.41,0.01,16,5456,买盘
43,14:51:36,3.4,-0.01,207,70380,卖盘
44,14:51:03,3.41,--,1,341,买盘
45,14:50:42,3.41,0.01,37,12617,买盘
46,14:50:33,3.4,-0.01,12,4080,卖盘
47,14:50:30,3.41,--,3,1023,买盘
48,14:50:24,3.41,--,60,20460,买盘
49,14:50:21,3.41,--,60,20460,买盘
50,14:50:18,3.41,--,60,20460,买盘
51,14:50:12,3.41,0.01,6,2046,买盘
52,14:50:09,3.4,-0.01,20,6800,卖盘
53,14:50:03,3.41,--,1,341,买盘
54,14:49:57,3.41,--,16,5456,买盘
55,14:49:54,3.41,0.01,2,682,买盘
56,14:49:48,3.4,--,100,34000,卖盘
57,14:49:42,3.4,-0.01,45,15300,卖盘
58,14:49:36,3.41,0.01,35,11935,买盘
59,14:49:27,3.4,--,160,54400,卖盘
60,14:49:24,3.4,-0.01,10,3400,卖盘
61,14:49:21,3.41,--,193,65813,买盘
62,14:49:03,3.41,0.01,2,682,买盘
63,14:48:51,3.4,--,10,3400,卖盘
64,14:48:48,3.4,--,316,107440,卖盘
65,14:48:45,3.4,--,6,2040,卖盘
66,14:48:42,3.4,--,9,3060,卖盘
67,14:48:36,3.4,--,50,17000,卖盘
68,14:48:33,3.4,--,6,2040,卖盘
69,14:48:30,3.4,--,21,7140,卖盘
70,14:48:15,3.4,--,160,54400,卖盘
71,14:48:09,3.4,--,1,340,卖盘
72,14:48:06,3.4,-0.01,1,340,卖盘
73,14:48:03,3.41,--,2,682,买盘
74,14:48:00,3.41,--,3,1023,买盘
75,14:47:48,3.41,--,30,10230,买盘
76,14:47:42,3.41,--,1,341,买盘
77,14:47:36,3.41,--,2,682,买盘
78,14:47:27,3.41,0.01,15,5115,买盘
79,14:47:18,3.4,-0.01,4,1360,卖盘
80,14:47:03,3.41,--,3,1023,买盘
81,14:46:57,3.41,--,2,682,买盘
82,14:46:39,3.41,--,2,682,买盘
83,14:46:36,3.41,--,45,15345,买盘
84,14:46:21,3.41,0.01,16,5456,买盘
85,14:46:15,3.4,-0.01,20,6800,卖盘
86,14:46:06,3.41,--,20,6820,买盘
87,14:46:03,3.41,0.01,30,10230,买盘
88,14:46:00,3.4,-0.01,160,54400,卖盘
89,14:45:33,3.41,--,10,3410,买盘
90,14:45:30,3.41,--,155,52855,买盘
91,14:45:15,3.41,--,62,21142,买盘
92,14:45:06,3.41,0.01,29,9889,买盘
93,14:45:03,3.4,--,162,55080,卖盘
94,14:45:00,3.4,-0.01,20,6800,卖盘
95,14:44:45,3.41,--,10,3410,买盘
96,14:44:33,3.41,--,10,3410,买盘
97,14:44:27,3.41,--,1,341,买盘
98,14:44:12,3.41,--,15,5115,买盘
99,14:44:06,3.41,--,1,341,买盘
100,14:44:03,3.41,--,2,682,买盘
101,14:44:00,3.41,--,34,11594,买盘
102,14:43:48,3.41,--,20,6820,买盘
103,14:43:45,3.41,--,167,57032,卖盘
104,14:43:42,3.41,--,30,10230,卖盘
105,14:43:39,3.41,--,20,6820,卖盘
106,14:43:30,3.41,--,55,18755,卖盘
107,14:43:15,3.41,--,50,17050,卖盘
108,14:43:12,3.41,--,10,3410,卖盘
109,14:43:09,3.41,-0.01,28,9548,卖盘
110,14:43:06,3.42,0.01,16,5472,买盘
111,14:43:03,3.41,--,101,34441,卖盘
112,14:43:00,3.41,--,100,34100,卖盘
113,14:42:48,3.41,--,54,18414,卖盘
114,14:42:45,3.41,--,500,170500,卖盘
115,14:42:42,3.41,--,55,18755,卖盘
116,14:42:33,3.41,--,108,36828,卖盘
117,14:42:30,3.41,--,200,68200,卖盘
118,14:42:18,3.41,-0.01,499,170414,卖盘
119,14:42:00,3.42,0.01,30,10260,买盘
120,14:41:33,3.41,--,205,69905,买盘
121,14:41:18,3.41,--,16,5456,买盘
122,14:41:09,3.41,-0.01,138,47058,卖盘
123,14:41:03,3.42,--,1,342,买盘
124,14:40:57,3.42,0.01,16,5472,买盘
125,14:40:48,3.41,--,10,3410,卖盘
126,14:40:36,3.41,--,62,21142,卖盘
127,14:40:27,3.41,--,8,2728,卖盘
128,14:40:24,3.41,-0.01,14,4774,卖盘
129,14:40:03,3.42,0.01,1,342,买盘
130,14:39:54,3.41,--,4,1364,买盘
131,14:39:51,3.41,--,137,46717,买盘
132,14:39:36,3.41,--,39,13299,卖盘
133,14:39:18,3.41,--,15,5115,买盘
134,14:39:15,3.41,--,20,6820,买盘
135,14:39:12,3.41,--,50,17050,买盘
136,14:39:03,3.41,--,1,341,买盘
137,14:38:54,3.41,--,82,27962,买盘
138,14:38:45,3.41,--,15,5115,买盘
139,14:38:27,3.41,--,2,682,卖盘
140,14:38:06,3.41,-0.01,4,1364,卖盘
141,14:38:03,3.42,0.01,1,342,买盘
142,14:37:45,3.41,--,64,21824,买盘
143,14:37:42,3.41,--,112,38192,卖盘
144,14:37:33,3.41,--,41,13981,卖盘
145,14:37:21,3.41,--,25,8525,卖盘
146,14:37:09,3.41,-0.01,10,3410,卖盘
147,14:37:03,3.42,0.01,2,684,买盘
148,14:36:57,3.41,--,1,341,卖盘
149,14:36:51,3.41,-0.01,9,3069,卖盘
150,14:36:36,3.42,0.01,15,5130,买盘
151,14:36:33,3.41,--,5,1705,卖盘
152,14:36:27,3.41,-0.01,45,15345,卖盘
153,14:36:03,3.42,0.01,1,342,买盘
154,14:36:00,3.41,-0.01,99,33759,卖盘
155,14:35:57,3.42,0.01,29,9918,买盘
156,14:35:54,3.41,-0.01,300,102300,卖盘
157,14:35:51,3.42,--,81,27702,买盘
158,14:35:30,3.42,0.01,15,5130,买盘
159,14:35:15,3.41,-0.01,20,6820,卖盘
160,14:35:03,3.42,0.01,1,342,买盘
161,14:34:39,3.41,-0.01,40,13640,卖盘
162,14:34:24,3.42,0.01,16,5472,买盘
163,14:34:12,3.41,--,660,225060,买盘
164,14:34:06,3.41,--,10,3410,买盘
165,14:34:03,3.41,--,1,341,买盘
166,14:34:00,3.41,0.01,7,2387,买盘
167,14:33:51,3.4,-0.01,160,54400,卖盘
168,14:33:45,3.41,--,50,17050,买盘
169,14:33:39,3.41,--,30,10230,买盘
170,14:33:30,3.41,--,39,13299,买盘
171,14:33:24,3.41,--,83,28303,买盘
172,14:33:21,3.41,--,15,5115,买盘
173,14:33:18,3.41,--,39,13299,买盘
174,14:33:09,3.41,--,10,3410,买盘
175,14:33:03,3.41,--,201,68541,买盘
176,14:32:54,3.41,--,50,17050,买盘
177,14:32:51,3.41,--,1,341,买盘
178,14:32:48,3.41,--,89,30349,买盘
179,14:32:39,3.41,--,60,20460,买盘
180,14:32:36,3.41,--,543,185163,买盘
181,14:32:30,3.41,--,2,682,买盘
182,14:32:27,3.41,--,1,341,买盘
183,14:32:15,3.41,--,487,166067,买盘
184,14:32:12,3.41,0.01,2,682,买盘
185,14:32:06,3.4,-0.01,125,42500,卖盘
186,14:31:57,3.41,--,161,54901,买盘
187,14:31:39,3.41,--,30,10230,买盘
188,14:31:33,3.41,--,7,2387,买盘
189,14:31:30,3.41,--,4,1364,买盘
190,14:31:21,3.41,0.01,34,11594,买盘
191,14:31:15,3.4,-0.01,16,5440,卖盘
192,14:31:09,3.41,--,15,5115,买盘
193,14:31:03,3.41,--,10,3410,买盘
194,14:30:57,3.41,--,32,10912,买盘
195,14:30:51,3.41,--,47,16027,买盘
196,14:30:42,3.41,--,84,28644,买盘
197,14:30:39,3.41,--,1084,369644,买盘
198,14:30:36,3.41,0.01,5,1705,买盘
199,14:30:30,3.4,-0.01,9,3060,卖盘
200,14:30:21,3.41,--,11,3751,买盘
201,14:30:18,3.41,--,15,5115,买盘
202,14:30:12,3.41,--,4,1364,买盘
203,14:30:09,3.41,--,69,23529,买盘
204,14:30:06,3.41,--,15,5115,买盘
205,14:30:03,3.41,0.01,1,341,买盘
206,14:29:57,3.4,--,4,1360,卖盘
207,14:29:45,3.4,--,5,1700,卖盘
208,14:29:36,3.4,--,4,1360,卖盘
209,14:29:24,3.4,--,5,1700,卖盘
210,14:29:12,3.4,-0.01,4,1360,卖盘
211,14:29:03,3.41,--,6,2046,买盘
212,14:29:00,3.41,--,16,5456,买盘
213,14:28:57,3.41,--,50,17050,买盘
214,14:28:54,3.41,0.01,81,27621,买盘
215,14:28:51,3.4,--,4,1360,卖盘
216,14:28:39,3.4,-0.01,4,1360,卖盘
217,14:28:30,3.41,0.01,9,3069,买盘
218,14:28:24,3.4,--,30,10200,卖盘
219,14:28:18,3.4,-0.01,26,8840,卖盘
220,14:28:15,3.41,--,61,20801,买盘
221,14:28:12,3.41,0.01,2,682,买盘
222,14:28:06,3.4,-0.01,5,1700,卖盘
223,14:28:03,3.41,0.01,25,8525,买盘
224,14:27:57,3.4,-0.01,4,1360,卖盘
225,14:27:54,3.41,0.01,15,5115,买盘
226,14:27:45,3.4,--,5,1700,卖盘
227,14:27:33,3.4,--,4,1360,卖盘
228,14:27:24,3.4,-0.01,5,1700,卖盘
229,14:27:18,3.41,--,29,9889,买盘
230,14:27:15,3.41,0.01,60,20460,买盘
231,14:27:12,3.4,-0.01,164,55760,卖盘
232,14:27:03,3.41,0.01,2,682,买盘
233,14:27:00,3.4,--,4,1360,卖盘
234,14:26:51,3.4,--,21,7140,卖盘
235,14:26:48,3.4,--,7,2380,卖盘
236,14:26:39,3.4,--,4,1360,卖盘
237,14:26:36,3.4,--,4,1360,卖盘
238,14:26:27,3.4,--,4,1360,卖盘
239,14:26:15,3.4,--,5,1700,卖盘
240,14:26:09,3.4,-0.01,4,1360,卖盘
241,14:26:03,3.41,--,1,341,买盘
242,14:25:45,3.41,0.01,15,5115,买盘
243,14:25:42,3.4,--,10,3400,卖盘
244,14:25:39,3.4,-0.01,1,340,卖盘
245,14:25:24,3.41,--,1,341,买盘
246,14:25:18,3.41,--,117,39897,买盘
247,14:24:57,3.41,--,45,15345,买盘
248,14:24:54,3.41,--,4,1364,买盘
249,14:24:51,3.41,0.01,4,1364,买盘
250,14:24:45,3.4,-0.01,50,17000,卖盘
251,14:24:39,3.41,0.01,15,5115,买盘
252,14:24:12,3.4,-0.01,170,57800,卖盘
253,14:24:03,3.41,--,1,341,买盘
254,14:23:54,3.41,0.01,14,4774,买盘
255,14:23:48,3.4,-0.01,160,54400,卖盘
256,14:23:36,3.41,0.01,16,5456,买盘
257,14:23:33,3.4,-0.01,1,340,卖盘
258,14:23:03,3.41,0.01,1,341,买盘
259,14:23:00,3.4,--,25,8500,卖盘
260,14:22:48,3.4,--,50,17000,卖盘
261,14:22:33,3.4,-0.01,15,5100,卖盘
262,14:22:30,3.41,0.01,15,5115,买盘
263,14:22:27,3.4,-0.01,100,34000,卖盘
264,14:22:03,3.41,0.01,2,682,买盘
265,14:22:00,3.4,--,160,54400,卖盘
266,14:21:51,3.4,-0.01,55,18700,卖盘
267,14:21:24,3.41,0.01,15,5115,买盘
268,14:21:18,3.4,-0.01,3,1020,卖盘
269,14:21:15,3.41,0.01,20,6820,买盘
270,14:21:09,3.4,-0.01,180,61200,卖盘
271,14:21:06,3.41,--,2,682,买盘
272,14:21:03,3.41,--,1,341,买盘
273,14:20:54,3.41,--,103,35123,买盘
274,14:20:51,3.41,0.01,56,19096,买盘
275,14:20:45,3.4,-0.01,50,17000,卖盘
276,14:20:21,3.41,--,50,17050,买盘
277,14:20:18,3.41,0.01,16,5456,买盘
278,14:20:12,3.4,--,5,1700,卖盘
279,14:20:06,3.4,-0.01,1,340,卖盘
280,14:20:03,3.41,--,2,682,买盘
281,14:19:27,3.41,0.01,14,4774,买盘
282,14:19:21,3.4,--,88,29920,卖盘
283,14:19:15,3.4,--,87,29580,卖盘
284,14:19:09,3.4,--,3,1020,卖盘
285,14:19:03,3.4,--,3116,1059440,买盘
286,14:19:00,3.4,0.01,44,14960,买盘
287,14:18:33,3.39,-0.01,5,1695,卖盘
288,14:18:27,3.4,0.01,1,340,买盘
289,14:18:24,3.39,--,111,37629,卖盘
290,14:18:12,3.39,-0.01,300,101700,卖盘
291,14:18:09,3.4,--,16,5440,买盘
292,14:18:03,3.4,0.01,1,340,买盘
293,14:17:51,3.39,-0.01,160,54240,卖盘
294,14:17:30,3.4,0.01,390,132600,买盘
295,14:17:15,3.39,-0.01,240,81360,卖盘
296,14:17:03,3.4,0.01,16,5440,买盘
297,14:17:00,3.39,-0.01,7,2373,卖盘
298,14:16:54,3.4,--,31,10540,买盘
299,14:16:21,3.4,--,1,340,买盘
300,14:16:06,3.4,--,30,10200,买盘
301,14:16:03,3.4,--,1,340,买盘
302,14:16:00,3.4,--,15,5100,买盘
303,14:15:57,3.4,0.01,15,5100,买盘
304,14:15:48,3.39,--,349,118311,卖盘
305,14:15:39,3.39,--,20,6780,卖盘
306,14:15:15,3.39,-0.01,160,54240,卖盘
307,14:15:06,3.4,--,10,3400,买盘
308,14:15:03,3.4,--,25,8500,买盘
309,14:14:54,3.4,0.01,16,5440,买盘
310,14:14:48,3.39,-0.01,36,12204,卖盘
311,14:14:42,3.4,--,20,6800,买盘
312,14:14:36,3.4,0.01,1,340,买盘
313,14:14:27,3.39,--,16,5424,卖盘
314,14:14:09,3.39,-0.01,44,14916,卖盘
315,14:14:03,3.4,0.01,3,1020,买盘
316,14:14:00,3.39,-0.01,22,7458,卖盘
317,14:13:54,3.4,--,31,10540,买盘
318,14:13:48,3.4,--,15,5100,买盘
319,14:13:09,3.4,--,10,3400,买盘
320,14:12:54,3.4,--,1,340,买盘
321,14:12:51,3.4,--,50,17000,买盘
322,14:12:45,3.4,--,17,5780,买盘
323,14:12:03,3.4,0.01,41,13940,买盘
324,14:11:57,3.39,--,200,67800,卖盘
325,14:11:45,3.39,-0.01,1,339,卖盘
326,14:11:39,3.4,0.01,15,5100,买盘
327,14:11:06,3.39,-0.01,100,33900,卖盘
328,14:11:03,3.4,0.01,1,340,买盘
329,14:10:57,3.39,-0.01,54,18306,卖盘
330,14:10:48,3.4,--,14,4760,买盘
331,14:10:33,3.4,--,15,5100,买盘
332,14:10:24,3.4,--,50,17000,买盘
333,14:10:03,3.4,0.01,1,340,买盘
334,14:09:51,3.39,--,528,178992,卖盘
335,14:09:45,3.39,--,5,1695,卖盘
336,14:09:30,3.39,--,3653,1238367,卖盘
337,14:09:27,3.39,-0.01,160,54240,卖盘
338,14:09:06,3.4,--,30,10200,买盘
339,14:09:03,3.4,--,26,8840,买盘
340,14:08:24,3.4,--,15,5100,买盘
341,14:08:03,3.4,--,12,4080,买盘
342,14:07:57,3.4,--,64,21760,买盘
343,14:07:39,3.4,--,20,6800,买盘
344,14:07:18,3.4,--,19,6460,买盘
345,14:07:03,3.4,--,1,340,买盘
346,14:06:54,3.4,0.01,10,3400,买盘
347,14:06:33,3.39,-0.01,15,5085,卖盘
348,14:06:30,3.4,0.01,30,10200,买盘
349,14:06:24,3.39,-0.01,126,42714,卖盘
350,14:06:21,3.4,--,15,5100,买盘
351,14:06:12,3.4,--,15,5100,买盘
352,14:06:03,3.4,0.01,1,340,买盘
353,14:06:00,3.39,-0.01,20,6780,卖盘
354,14:05:57,3.4,0.01,57,19380,买盘
355,14:05:54,3.39,--,65,22035,卖盘
356,14:05:33,3.39,--,82,27798,卖盘
357,14:05:18,3.39,--,220,74580,买盘
358,14:05:09,3.39,--,15,5085,买盘
359,14:05:03,3.39,0.01,33,11187,买盘
360,14:04:57,3.38,--,2,676,卖盘
361,14:04:48,3.38,-0.01,80,27040,卖盘
362,14:04:42,3.39,--,16,5424,卖盘
363,14:04:24,3.39,--,790,267810,买盘
364,14:04:15,3.39,--,69,23391,买盘
365,14:04:06,3.39,--,15,5085,买盘
366,14:04:03,3.39,--,56,18984,买盘
367,14:03:54,3.39,--,68,23052,卖盘
368,14:03:51,3.39,--,20,6780,卖盘
369,14:03:48,3.39,--,20,6780,卖盘
370,14:03:45,3.39,--,2,678,卖盘
371,14:03:42,3.39,-0.01,3,1017,卖盘
372,14:03:36,3.4,--,1,340,买盘
373,14:03:06,3.4,--,170,57800,买盘
374,14:03:03,3.4,0.01,1,340,买盘
375,14:03:00,3.39,-0.01,6,2034,卖盘
376,14:02:57,3.4,--,19,6460,买盘
377,14:02:51,3.4,0.01,10,3400,买盘
378,14:02:42,3.39,--,7,2373,卖盘
379,14:02:33,3.39,--,5,1695,卖盘
380,14:02:18,3.39,-0.01,20,6780,卖盘
381,14:02:06,3.4,--,16,5440,买盘
382,14:01:54,3.4,--,15,5100,买盘
383,14:01:51,3.4,--,36,12240,买盘
384,14:01:27,3.4,0.01,4,1360,买盘
385,14:01:24,3.39,-0.01,498,168822,卖盘
386,14:01:03,3.4,0.01,1,340,买盘
387,14:00:51,3.39,-0.01,100,33900,卖盘
388,14:00:48,3.4,--,66,22440,买盘
389,14:00:09,3.4,--,100,34000,买盘
390,14:00:03,3.4,--,1,340,买盘
391,13:59:57,3.4,--,17,5780,买盘
392,13:59:54,3.4,--,1,340,买盘
393,13:59:42,3.4,0.01,15,5100,买盘
394,13:59:39,3.39,--,956,324084,卖盘
395,13:59:21,3.39,-0.01,31,10509,卖盘
396,13:59:03,3.4,0.01,3,1020,买盘
397,13:58:39,3.39,--,28,9492,卖盘
398,13:58:36,3.39,-0.01,16,5424,卖盘
399,13:58:27,3.4,0.01,40,13600,买盘
400,13:58:03,3.39,--,301,102039,卖盘
401,13:57:54,3.39,--,30,10170,卖盘
402,13:57:48,3.39,--,204,69156,卖盘
403,13:57:45,3.39,--,10,3390,卖盘
404,13:57:39,3.39,-0.01,10,3390,卖盘
405,13:57:33,3.4,0.01,15,5100,买盘
406,13:57:21,3.39,--,615,208485,卖盘
407,13:57:12,3.39,-0.01,64,21696,卖盘
408,13:57:03,3.4,0.01,1,340,买盘
409,13:56:57,3.39,--,10,3390,卖盘
410,13:56:48,3.39,-0.01,5,1695,卖盘
411,13:56:39,3.4,--,40,13600,买盘
412,13:56:27,3.4,--,15,5100,买盘
413,13:56:06,3.4,--,46,15640,买盘
414,13:56:03,3.4,0.01,2,680,买盘
415,13:55:54,3.39,--,4,1356,卖盘
416,13:55:51,3.39,-0.01,6,2034,卖盘
417,13:55:48,3.4,0.01,1,340,买盘
418,13:55:36,3.39,--,162,54918,卖盘
419,13:55:33,3.39,--,13,4407,卖盘
420,13:55:27,3.39,--,5,1695,卖盘
421,13:55:24,3.39,-0.01,20,6780,卖盘
422,13:55:15,3.4,--,20,6800,买盘
423,13:55:03,3.4,0.01,1,340,买盘
424,13:55:00,3.39,-0.01,6,2034,卖盘
425,13:54:54,3.4,--,10,3400,买盘
426,13:54:45,3.4,0.01,3,1020,买盘
427,13:54:42,3.39,-0.01,1,339,卖盘
428,13:54:39,3.4,--,12,4080,买盘
429,13:54:18,3.4,0.01,195,66300,买盘
430,13:54:09,3.39,-0.01,200,67800,卖盘
431,13:54:03,3.4,--,1,340,买盘
432,13:53:48,3.4,--,21,7140,买盘
433,13:53:12,3.4,--,16,5440,买盘
434,13:53:03,3.4,0.01,12,4080,买盘
435,13:52:54,3.39,-0.01,12,4068,卖盘
436,13:52:51,3.4,--,18,6120,买盘
437,13:52:36,3.4,--,1,340,买盘
438,13:52:24,3.4,--,1,340,买盘
439,13:52:12,3.4,--,100,34000,买盘
440,13:52:06,3.4,0.01,15,5100,买盘
441,13:52:00,3.39,-0.01,25,8475,卖盘
442,13:51:57,3.4,0.01,70,23800,买盘
443,13:51:54,3.39,-0.01,160,54240,卖盘
444,13:51:48,3.4,0.01,1,340,买盘
445,13:51:39,3.39,-0.01,57,19323,卖盘
446,13:51:27,3.4,--,20,6800,买盘
447,13:51:09,3.4,--,1,340,买盘
448,13:51:03,3.4,0.01,16,5440,买盘
449,13:50:48,3.39,--,3,1017,卖盘
450,13:50:12,3.39,-0.01,102,34578,卖盘
451,13:50:03,3.4,--,29,9860,买盘
452,13:49:57,3.4,--,16,5440,买盘
453,13:49:30,3.4,0.01,3,1020,买盘
454,13:49:24,3.39,-0.01,311,105429,卖盘
455,13:49:06,3.4,--,30,10200,买盘
456,13:49:03,3.4,--,1,340,买盘
457,13:48:57,3.4,--,100,34000,买盘
458,13:48:51,3.4,0.01,15,5100,买盘
459,13:48:33,3.39,-0.01,80,27120,卖盘
460,13:48:24,3.4,--,22,7480,买盘
461,13:48:03,3.4,0.01,1,340,买盘
462,13:47:57,3.39,-0.01,160,54240,卖盘
463,13:47:48,3.4,0.01,15,5100,买盘
464,13:47:45,3.39,-0.01,20,6780,卖盘
465,13:47:42,3.4,--,16,5440,买盘
466,13:47:03,3.4,--,10,3400,买盘
467,13:46:48,3.4,--,100,34000,买盘
468,13:46:42,3.4,--,21,7140,买盘
469,13:46:39,3.4,--,12,4080,买盘
470,13:46:27,3.4,--,729,247860,买盘
471,13:46:15,3.4,--,31,10540,买盘
472,13:46:03,3.4,--,1,340,买盘
473,13:46:00,3.4,--,58,19720,买盘
474,13:45:54,3.4,--,50,17000,买盘
475,13:45:42,3.4,-0.01,136,46240,卖盘
476,13:45:36,3.41,0.01,15,5115,买盘
477,13:45:27,3.4,--,887,301580,买盘
478,13:45:15,3.4,--,3,1020,买盘
479,13:45:09,3.4,--,30,10200,买盘
480,13:45:03,3.4,--,1,340,买盘
481,13:44:57,3.4,--,579,196860,卖盘
482,13:44:42,3.4,-0.01,61,20740,卖盘
483,13:44:33,3.41,0.01,16,5456,买盘
484,13:44:09,3.4,--,1,340,买盘
485,13:44:06,3.4,--,35,11900,买盘
486,13:44:03,3.4,--,3,1020,买盘
487,13:43:51,3.4,--,9,3060,买盘
488,13:43:45,3.4,--,30,10200,买盘
489,13:43:42,3.4,-0.01,2942,1000280,卖盘
490,13:43:36,3.41,--,50,17050,买盘
491,13:43:27,3.41,--,16,5456,买盘
492,13:43:12,3.41,--,100,34100,买盘
493,13:43:09,3.41,--,20,6820,买盘
494,13:43:03,3.41,--,1,341,买盘
495,13:42:36,3.41,--,30,10230,买盘
496,13:42:30,3.41,--,4,1364,买盘
497,13:42:21,3.41,--,15,5115,买盘
498,13:42:18,3.41,--,50,17050,买盘
499,13:42:15,3.41,--,117,39897,买盘
500,13:42:09,3.41,--,1000,341000,买盘
501,13:42:03,3.41,--,1,341,买盘
502,13:41:57,3.41,--,10,3410,买盘
503,13:41:39,3.41,--,5,1705,买盘
504,13:41:33,3.41,0.01,120,40920,买盘
505,13:41:24,3.4,-0.01,1,340,卖盘
506,13:41:15,3.41,0.01,427,145607,买盘
507,13:41:09,3.4,--,2,680,卖盘
508,13:41:06,3.4,--,24,8160,卖盘
509,13:41:00,3.4,--,229,77860,买盘
510,13:40:57,3.4,--,1027,349180,买盘
511,13:40:54,3.4,--,1,340,买盘
512,13:40:51,3.4,--,10,3400,买盘
513,13:40:48,3.4,0.01,1378,468520,买盘
514,13:40:45,3.39,-0.01,55,18645,卖盘
515,13:40:39,3.4,--,3,1020,买盘
516,13:40:27,3.4,--,120,40800,买盘
517,13:40:24,3.4,--,27,9180,买盘
518,13:40:12,3.4,--,472,160480,买盘
519,13:40:03,3.4,--,1,340,买盘
520,13:39:54,3.4,--,45,15300,买盘
521,13:39:48,3.4,--,12,4080,买盘
522,13:39:36,3.4,--,32,10880,买盘
523,13:39:33,3.4,--,33,11220,买盘
524,13:39:27,3.4,--,18,6120,买盘
525,13:39:24,3.4,0.01,15,5100,买盘
526,13:39:18,3.39,-0.01,30,10170,卖盘
527,13:39:06,3.4,--,16,5440,买盘
528,13:39:03,3.4,0.01,1,340,买盘
529,13:38:51,3.39,-0.01,7,2373,卖盘
530,13:38:36,3.4,0.01,5,1700,买盘
531,13:38:21,3.39,--,2,678,卖盘
532,13:38:15,3.39,--,1,339,卖盘
533,13:38:09,3.39,-0.01,30,10170,卖盘
534,13:38:03,3.4,--,99,33660,买盘
535,13:38:00,3.4,0.01,15,5100,买盘
536,13:37:48,3.39,--,200,67800,卖盘
537,13:37:42,3.39,--,10,3390,卖盘
538,13:37:39,3.39,--,40,13560,卖盘
539,13:37:33,3.39,--,100,33900,卖盘
540,13:37:09,3.39,--,9,3051,卖盘
541,13:37:03,3.39,-0.01,43,14577,卖盘
542,13:36:57,3.4,0.01,15,5100,买盘
543,13:36:54,3.39,--,500,169500,卖盘
544,13:36:48,3.39,--,2,678,卖盘
545,13:36:30,3.39,-0.01,50,16950,卖盘
546,13:36:03,3.4,--,1,340,买盘
547,13:35:51,3.4,--,16,5440,买盘
548,13:35:45,3.4,0.01,4,1360,买盘
549,13:35:30,3.39,-0.01,40,13560,卖盘
550,13:35:03,3.4,0.01,1,340,买盘
551,13:34:54,3.39,-0.01,160,54240,卖盘
552,13:34:45,3.4,0.01,15,5100,买盘
553,13:34:42,3.39,--,57,19323,卖盘
554,13:34:03,3.39,--,8,2712,卖盘
555,13:33:42,3.39,--,119,40341,卖盘
556,13:33:36,3.39,-0.01,8,2712,卖盘
557,13:33:30,3.4,0.01,60,20400,买盘
558,13:33:27,3.39,--,988,334932,卖盘
559,13:33:21,3.39,-0.01,4,1356,卖盘
560,13:33:03,3.4,0.01,1,340,买盘
561,13:32:48,3.39,--,23,7797,卖盘
562,13:32:45,3.39,-0.01,600,203400,卖盘
563,13:32:36,3.4,--,15,5100,买盘
564,13:32:33,3.4,--,30,10200,买盘
565,13:32:24,3.4,0.01,30,10200,买盘
566,13:32:18,3.39,-0.01,160,54240,卖盘
567,13:32:09,3.4,--,16,5440,买盘
568,13:32:03,3.4,0.01,1,340,买盘
569,13:31:57,3.39,-0.01,30,10170,卖盘
570,13:31:54,3.4,--,10,3400,买盘
571,13:31:45,3.4,--,318,108120,买盘
572,13:31:30,3.4,--,15,5100,买盘
573,13:31:27,3.4,--,10,3400,买盘
574,13:31:24,3.4,--,48,16320,买盘
575,13:31:12,3.4,--,98,33320,买盘
576,13:30:51,3.4,--,10,3400,买盘
577,13:30:27,3.4,0.01,16,5440,买盘
578,13:30:21,3.39,-0.01,436,147898,卖盘
579,13:30:03,3.4,--,1,340,买盘
580,13:29:48,3.4,--,84,28560,买盘
581,13:29:21,3.4,--,33,11220,买盘
582,13:29:09,3.4,--,6,2040,买盘
583,13:28:42,3.4,--,1,340,买盘
584,13:28:15,3.4,0.01,175,59500,买盘
585,13:28:09,3.39,-0.01,10,3390,卖盘
586,13:28:03,3.4,--,1,340,买盘
587,13:28:00,3.4,--,6,2040,买盘
588,13:27:54,3.4,--,2,680,买盘
589,13:27:51,3.4,--,11,3740,买盘
590,13:27:48,3.4,--,1,340,买盘
591,13:27:42,3.4,--,20,6800,买盘
592,13:27:12,3.4,--,16,5440,买盘
593,13:27:00,3.4,--,108,36720,买盘
594,13:26:54,3.4,--,110,37400,买盘
595,13:26:48,3.4,--,1,340,买盘
596,13:26:45,3.4,--,20,6800,买盘
597,13:26:39,3.4,--,55,18700,买盘
598,13:26:36,3.4,--,240,81600,买盘
599,13:26:27,3.4,--,100,34000,买盘
600,13:26:18,3.4,--,101,34340,买盘
601,13:26:15,3.4,--,4,1360,买盘
602,13:26:12,3.4,--,100,34000,买盘
603,13:26:06,3.4,--,15,5100,买盘
604,13:26:03,3.4,--,1,340,买盘
605,13:25:45,3.4,--,2,680,买盘
606,13:25:42,3.4,--,13,4420,买盘
607,13:25:36,3.4,0.01,1,340,买盘
608,13:25:33,3.39,--,3,1017,卖盘
609,13:25:30,3.39,-0.01,10,3390,卖盘
610,13:25:27,3.4,--,5,1700,买盘
611,13:25:21,3.4,--,3,1020,买盘
612,13:25:18,3.4,--,80,27200,买盘
613,13:25:15,3.4,--,40,13600,买盘
614,13:25:12,3.4,--,100,34000,买盘
615,13:25:09,3.4,--,50,17000,买盘
616,13:25:03,3.4,--,1,340,买盘
617,13:25:00,3.4,0.01,26,8840,买盘
618,13:24:57,3.39,--,3,1017,卖盘
619,13:24:45,3.39,-0.01,3,1017,卖盘
620,13:24:30,3.4,--,4,1360,买盘
621,13:24:03,3.4,--,14,4760,买盘
622,13:23:54,3.4,0.01,15,5100,买盘
623,13:23:48,3.39,-0.01,50,16950,卖盘
624,13:23:39,3.4,--,193,65620,买盘
625,13:23:33,3.4,--,13,4420,买盘
626,13:23:24,3.4,--,4,1360,买盘
627,13:23:18,3.4,--,100,34000,买盘
628,13:23:03,3.4,0.01,17,5780,买盘
629,13:23:00,3.39,-0.01,200,67800,卖盘
630,13:22:51,3.4,--,15,5100,买盘
631,13:22:48,3.4,0.01,104,35360,买盘
632,13:22:42,3.39,--,2,678,卖盘
633,13:22:39,3.39,--,10,3390,卖盘
634,13:22:33,3.39,--,70,23730,买盘
635,13:22:27,3.39,--,20,6780,买盘
636,13:22:24,3.39,--,5,1695,买盘
637,13:22:21,3.39,0.01,20,6780,买盘
638,13:22:06,3.38,-0.01,1,338,卖盘
639,13:22:03,3.39,--,1,339,买盘
640,13:21:45,3.39,--,16,5424,买盘
641,13:21:42,3.39,--,15,5085,买盘
642,13:21:36,3.39,-0.01,3018,1023102,卖盘
643,13:21:24,3.4,0.01,12,4080,买盘
644,13:20:48,3.39,-0.01,17,5763,卖盘
645,13:20:42,3.4,--,9,3060,买盘
646,13:20:39,3.4,--,17,5780,买盘
647,13:20:30,3.4,--,3,1020,买盘
648,13:20:18,3.4,--,30,10200,买盘
649,13:20:03,3.4,--,1,340,买盘
650,13:19:48,3.4,--,20,6800,买盘
651,13:19:45,3.4,--,19,6460,买盘
652,13:19:36,3.4,0.01,51,17340,买盘
653,13:19:30,3.39,-0.01,10,3390,卖盘
654,13:19:24,3.4,--,550,187000,买盘
655,13:18:30,3.4,--,15,5100,买盘
656,13:18:03,3.4,0.01,2,680,买盘
657,13:17:51,3.39,--,1,339,卖盘
658,13:17:33,3.39,-0.01,12,4068,卖盘
659,13:17:24,3.4,0.01,15,5100,买盘
660,13:17:18,3.39,-0.01,24,8136,卖盘
661,13:16:48,3.4,--,113,38420,买盘
662,13:16:39,3.4,--,3,1020,买盘
663,13:16:30,3.4,--,51,17340,卖盘
664,13:16:27,3.4,-0.01,20,6800,卖盘
665,13:16:21,3.41,0.01,16,5456,买盘
666,13:16:12,3.4,--,20,6800,卖盘
667,13:16:09,3.4,--,10,3400,卖盘
668,13:16:03,3.4,--,238,80920,卖盘
669,13:15:57,3.4,--,92,31280,卖盘
670,13:15:48,3.4,--,100,34000,卖盘
671,13:15:42,3.4,-0.01,60,20400,卖盘
672,13:15:39,3.41,0.01,10,3410,买盘
673,13:15:27,3.4,-0.01,100,34000,卖盘
674,13:15:15,3.41,0.01,15,5115,买盘
675,13:15:12,3.4,--,4,1360,卖盘
676,13:15:09,3.4,--,300,102000,卖盘
677,13:15:03,3.4,--,18,6120,卖盘
678,13:15:00,3.4,--,3,1020,卖盘
679,13:14:54,3.4,-0.01,168,57120,卖盘
680,13:14:51,3.41,0.01,148,50468,买盘
681,13:14:48,3.4,--,38,12920,卖盘
682,13:14:42,3.4,--,40,13600,卖盘
683,13:14:18,3.4,-0.01,57,19380,卖盘
684,13:14:09,3.41,--,15,5115,买盘
685,13:14:03,3.41,0.01,1,341,买盘
686,13:14:00,3.4,--,12,4080,卖盘
687,13:13:57,3.4,--,6,2040,卖盘
688,13:13:51,3.4,--,3,1020,卖盘
689,13:13:42,3.4,--,6,2040,卖盘
690,13:13:15,3.4,-0.01,2,680,卖盘
691,13:13:06,3.41,0.01,16,5456,买盘
692,13:13:03,3.4,--,40,13600,卖盘
693,13:12:39,3.4,--,1,340,卖盘
694,13:12:33,3.4,--,6,2040,卖盘
695,13:12:12,3.4,--,20,6800,卖盘
696,13:12:09,3.4,-0.01,15,5100,卖盘
697,13:12:03,3.41,--,1,341,买盘
698,13:12:00,3.41,0.01,15,5115,买盘
699,13:11:54,3.4,-0.01,35,11900,卖盘
700,13:11:09,3.41,--,1,341,买盘
701,13:10:54,3.41,0.01,16,5456,买盘
702,13:10:30,3.4,-0.01,5,1700,卖盘
703,13:10:27,3.41,0.01,34,11594,买盘
704,13:10:06,3.4,-0.01,40,13600,卖盘
705,13:10:03,3.41,--,1,341,买盘
706,13:09:48,3.41,0.01,15,5115,买盘
707,13:09:03,3.4,-0.01,92,31280,卖盘
708,13:08:45,3.41,0.01,215,73315,买盘
709,13:08:15,3.4,-0.01,50,17000,卖盘
710,13:08:03,3.41,--,1,341,买盘
711,13:07:39,3.41,0.01,16,5456,买盘
712,13:07:12,3.4,-0.01,30,10200,卖盘
713,13:07:03,3.41,0.01,1,341,买盘
714,13:06:51,3.4,-0.01,40,13600,卖盘
715,13:06:33,3.41,0.01,15,5115,买盘
716,13:06:06,3.4,-0.01,23,7820,卖盘
717,13:05:36,3.41,--,224,76384,买盘
718,13:05:30,3.41,--,16,5456,买盘
719,13:05:03,3.41,0.01,2,682,买盘
720,13:04:51,3.4,--,58,19720,卖盘
721,13:04:36,3.4,-0.01,2,680,卖盘
722,13:04:24,3.41,0.01,29,9889,买盘
723,13:04:18,3.4,--,103,35020,卖盘
724,13:04:15,3.4,--,74,25160,卖盘
725,13:03:39,3.4,--,1,340,卖盘
726,13:03:36,3.4,--,12,4080,卖盘
727,13:03:24,3.4,--,100,34000,卖盘
728,13:03:21,3.4,-0.01,1,340,卖盘
729,13:03:18,3.41,0.01,15,5115,买盘
730,13:03:15,3.4,-0.01,8,2720,卖盘
731,13:03:03,3.41,0.01,1,341,买盘
732,13:02:57,3.4,--,3,1020,卖盘
733,13:02:27,3.4,-0.01,20,6800,卖盘
734,13:02:15,3.41,0.01,16,5456,买盘
735,13:02:06,3.4,-0.01,92,31280,卖盘
736,13:02:03,3.41,0.01,3,1023,买盘
737,13:01:21,3.4,--,1,340,卖盘
738,13:01:12,3.4,-0.01,24,8160,卖盘
739,13:01:09,3.41,--,15,5115,买盘
740,13:01:03,3.41,0.01,55,18755,买盘
741,13:00:06,3.4,-0.01,221,75140,卖盘
742,13:00:03,3.41,-0.01,119,40579,中性盘
743,13:00:00,3.42,--,0,0,买盘
744,11:30:00,3.42,--,0,0,买盘
745,11:29:51,3.42,--,60,20520,买盘
746,11:29:03,3.42,--,1,342,买盘
747,11:29:00,3.42,--,16,5472,买盘
748,11:28:30,3.42,0.01,29,9918,买盘
749,11:28:15,3.41,-0.01,55,18755,卖盘
750,11:27:54,3.42,--,15,5130,买盘
751,11:27:36,3.42,0.01,10,3420,买盘
752,11:27:06,3.41,-0.01,55,18755,卖盘
753,11:27:03,3.42,--,1,342,买盘
754,11:26:48,3.42,--,16,5472,买盘
755,11:26:36,3.42,0.01,40,13680,买盘
756,11:26:09,3.41,--,10,3410,卖盘
757,11:26:06,3.41,--,80,27280,买盘
758,11:26:03,3.41,--,1,341,买盘
759,11:25:54,3.41,0.01,60,20460,买盘
760,11:25:51,3.4,-0.01,55,18700,卖盘
761,11:25:48,3.41,--,35,11935,买盘
762,11:25:42,3.41,--,15,5115,买盘
763,11:25:36,3.41,--,10,3410,买盘
764,11:25:27,3.41,0.01,10,3410,买盘
765,11:25:18,3.4,-0.01,92,31280,卖盘
766,11:25:15,3.41,0.01,1,341,买盘
767,11:25:12,3.4,-0.01,300,102000,卖盘
768,11:25:09,3.41,--,30,10230,买盘
769,11:25:06,3.41,--,2,682,买盘
770,11:24:57,3.41,--,20,6820,买盘
771,11:24:51,3.41,--,50,17050,买盘
772,11:24:42,3.41,--,192,65472,买盘
773,11:24:36,3.41,0.01,15,5115,买盘
774,11:24:15,3.4,-0.01,64,21760,卖盘
775,11:24:03,3.41,--,1,341,买盘
776,11:24:00,3.41,--,110,37510,买盘
777,11:23:45,3.41,0.01,390,132990,买盘
778,11:23:39,3.4,-0.01,56,19040,卖盘
779,11:23:36,3.41,--,280,95480,买盘
780,11:23:30,3.41,0.01,60,20460,买盘
781,11:23:18,3.4,-0.01,13,4420,卖盘
782,11:23:09,3.41,--,6,2046,买盘
783,11:23:03,3.41,--,1,341,买盘
784,11:22:57,3.41,--,6,2046,买盘
785,11:22:54,3.41,--,6,2046,买盘
786,11:22:45,3.41,0.01,1410,480810,买盘
787,11:22:30,3.4,-0.01,64,21760,卖盘
788,11:22:24,3.41,--,15,5115,买盘
789,11:22:03,3.41,0.01,1,341,买盘
790,11:21:24,3.4,-0.01,53,18020,卖盘
791,11:21:18,3.41,--,16,5456,买盘
792,11:21:15,3.41,0.01,103,35123,买盘
793,11:21:06,3.4,-0.01,3,1020,卖盘
794,11:20:57,3.41,--,70,23870,买盘
795,11:20:30,3.41,0.01,20,6820,买盘
796,11:20:24,3.4,--,5,1700,卖盘
797,11:20:15,3.4,-0.01,54,18360,卖盘
798,11:20:12,3.41,--,15,5115,买盘
799,11:20:06,3.41,--,3,1023,买盘
800,11:20:03,3.41,0.01,3,1023,买盘
801,11:19:12,3.4,-0.01,54,18360,卖盘
802,11:19:06,3.41,0.01,15,5115,买盘
803,11:19:03,3.4,--,101,34340,卖盘
804,11:18:45,3.4,--,27,9180,卖盘
805,11:18:21,3.4,--,100,34000,卖盘
806,11:18:09,3.4,-0.01,54,18360,卖盘
807,11:18:03,3.41,--,1,341,买盘
808,11:18:00,3.41,--,16,5456,买盘
809,11:17:54,3.41,--,328,111848,买盘
810,11:17:33,3.41,0.01,1,341,买盘
811,11:17:06,3.4,-0.01,49,16660,卖盘
812,11:17:03,3.41,--,1,341,买盘
813,11:16:54,3.41,--,15,5115,买盘
814,11:16:51,3.41,0.01,12,4092,买盘
815,11:16:45,3.4,--,100,34000,卖盘
816,11:16:18,3.4,--,53,18020,卖盘
817,11:16:06,3.4,-0.01,56,19040,卖盘
818,11:16:03,3.41,--,1,341,买盘
819,11:15:48,3.41,0.01,15,5115,买盘
820,11:15:42,3.4,-0.01,38,12920,卖盘
821,11:15:39,3.41,0.01,3,1023,买盘
822,11:15:36,3.4,--,5,1700,卖盘
823,11:15:33,3.4,-0.01,2,680,卖盘
824,11:15:18,3.41,--,1,341,买盘
825,11:15:15,3.41,0.01,27,9207,买盘
826,11:15:12,3.4,--,4,1360,卖盘
827,11:15:06,3.4,-0.01,5,1700,卖盘
828,11:15:03,3.41,--,1,341,买盘
829,11:14:57,3.41,--,200,68200,买盘
830,11:14:42,3.41,0.01,16,5456,买盘
831,11:14:36,3.4,-0.01,20,6800,卖盘
832,11:14:33,3.41,--,44,15004,买盘
833,11:14:15,3.41,--,3,1023,买盘
834,11:14:03,3.41,--,1,341,买盘
835,11:13:57,3.41,0.01,3,1023,买盘
836,11:13:51,3.4,-0.01,1,340,卖盘
837,11:13:36,3.41,0.01,15,5115,买盘
838,11:13:15,3.4,-0.01,45,15300,卖盘
839,11:13:03,3.41,0.01,1,341,买盘
840,11:12:57,3.4,-0.01,2,680,卖盘
841,11:12:27,3.41,0.01,16,5456,买盘
842,11:11:36,3.4,--,1,340,卖盘
843,11:11:30,3.4,--,20,6800,卖盘
844,11:11:24,3.4,-0.01,76,25840,卖盘
845,11:11:21,3.41,0.01,15,5115,买盘
846,11:11:15,3.4,-0.01,49,16660,卖盘
847,11:11:03,3.41,0.01,1,341,买盘
848,11:10:54,3.4,-0.01,20,6800,卖盘
849,11:10:48,3.41,0.01,8,2728,买盘
850,11:10:33,3.4,-0.01,20,6800,卖盘
851,11:10:21,3.41,--,2,682,买盘
852,11:10:15,3.41,0.01,39,13299,买盘
853,11:10:03,3.4,--,51,17340,卖盘
854,11:09:54,3.4,--,100,34000,卖盘
855,11:09:24,3.4,-0.01,147,49980,卖盘
856,11:09:09,3.41,--,16,5456,买盘
857,11:09:03,3.41,--,1,341,买盘
858,11:09:00,3.41,--,15,5115,买盘
859,11:08:21,3.41,--,5,1705,买盘
860,11:08:03,3.41,0.01,42,14322,买盘
861,11:07:48,3.4,-0.01,200,68000,卖盘
862,11:07:03,3.41,--,1,341,买盘
863,11:06:57,3.41,--,16,5456,买盘
864,11:06:54,3.41,--,6,2046,买盘
865,11:06:03,3.41,--,103,35123,买盘
866,11:05:51,3.41,0.01,15,5115,买盘
867,11:05:42,3.4,--,20,6800,卖盘
868,11:05:39,3.4,--,5,1700,买盘
869,11:05:36,3.4,--,1,340,买盘
870,11:05:30,3.4,--,100,34000,买盘
871,11:05:21,3.4,--,1165,396100,买盘
872,11:05:15,3.4,0.01,155,52700,买盘
873,11:05:12,3.39,-0.01,2,678,卖盘
874,11:05:03,3.4,0.01,2,680,买盘
875,11:04:57,3.39,-0.01,4,1356,卖盘
876,11:04:51,3.4,--,2,680,买盘
877,11:04:45,3.4,0.01,15,5100,买盘
878,11:04:27,3.39,-0.01,174,58986,卖盘
879,11:04:24,3.4,--,8,2720,买盘
880,11:04:18,3.4,--,10,3400,买盘
881,11:04:15,3.4,0.01,31,10540,买盘
882,11:04:12,3.39,-0.01,20,6780,卖盘
883,11:04:09,3.4,--,4,1360,买盘
884,11:03:57,3.4,--,8,2720,买盘
885,11:03:39,3.4,0.01,16,5440,买盘
886,11:03:36,3.39,-0.01,57,19323,卖盘
887,11:03:18,3.4,--,38,12920,买盘
888,11:03:09,3.4,0.01,8,2720,买盘
889,11:03:06,3.39,-0.01,77,26103,卖盘
890,11:03:03,3.4,0.01,1,340,买盘
891,11:03:00,3.39,--,260,88140,卖盘
892,11:02:57,3.39,-0.01,10,3390,卖盘
893,11:02:51,3.4,--,1,340,买盘
894,11:02:48,3.4,0.01,23,7820,买盘
895,11:02:42,3.39,--,38,12882,卖盘
896,11:02:36,3.39,-0.01,22,7458,卖盘
897,11:02:33,3.4,0.01,15,5100,买盘
898,11:02:27,3.39,--,200,67800,卖盘
899,11:02:15,3.39,--,151,51189,卖盘
900,11:02:06,3.39,--,20,6780,卖盘
901,11:02:03,3.39,--,21,7119,卖盘
902,11:01:54,3.39,--,5,1695,卖盘
903,11:01:33,3.39,--,200,67800,卖盘
904,11:01:30,3.39,-0.01,46,15594,卖盘
905,11:01:27,3.4,--,16,5440,买盘
906,11:01:24,3.4,0.01,3,1020,买盘
907,11:01:12,3.39,-0.01,400,135600,卖盘
908,11:01:03,3.4,--,1,340,买盘
909,11:01:00,3.4,0.01,500,170000,买盘
910,11:00:42,3.39,--,198,67122,卖盘
911,11:00:33,3.39,--,1,339,卖盘
912,11:00:30,3.39,-0.01,209,70851,卖盘
913,11:00:21,3.4,0.01,15,5100,买盘
914,11:00:12,3.39,--,24,8136,卖盘
915,11:00:09,3.39,--,104,35256,卖盘
916,11:00:06,3.39,--,23,7797,卖盘
917,11:00:03,3.39,--,15,5085,卖盘
918,10:59:57,3.39,--,18,6102,卖盘
919,10:59:39,3.39,-0.02,59,20001,卖盘
920,10:59:33,3.41,0.01,17,5797,买盘
921,10:59:30,3.4,-0.01,91,30940,卖盘
922,10:59:15,3.41,--,15,5115,买盘
923,10:59:12,3.41,0.01,6,2046,买盘
924,10:59:06,3.4,-0.01,20,6800,卖盘
925,10:59:03,3.41,--,1,341,买盘
926,10:58:54,3.41,0.02,20,6820,买盘
927,10:58:51,3.39,--,2,678,卖盘
928,10:58:48,3.39,-0.01,624,211610,卖盘
929,10:58:42,3.4,--,46,15640,卖盘
930,10:58:36,3.4,-0.01,9,3060,卖盘
931,10:58:33,3.41,0.01,5,1705,买盘
932,10:58:30,3.4,--,62,21080,卖盘
933,10:58:15,3.4,--,182,61880,卖盘
934,10:58:09,3.4,-0.01,17,5780,卖盘
935,10:58:03,3.41,--,2,682,买盘
936,10:57:57,3.41,0.01,1,341,买盘
937,10:57:54,3.4,--,422,143480,卖盘
938,10:57:27,3.4,--,5,1700,卖盘
939,10:57:24,3.4,--,63,21420,卖盘
940,10:57:21,3.4,--,2,680,卖盘
941,10:57:06,3.4,-0.01,800,272000,卖盘
942,10:57:03,3.41,--,15,5115,买盘
943,10:56:57,3.41,--,20,6820,买盘
944,10:56:48,3.41,--,753,256773,买盘
945,10:56:36,3.41,0.01,280,95480,买盘
946,10:56:21,3.4,--,57,19380,卖盘
947,10:56:15,3.4,-0.01,20,6800,卖盘
948,10:56:03,3.41,0.01,1,341,买盘
949,10:56:00,3.4,-0.01,1,340,卖盘
950,10:55:57,3.41,0.01,16,5456,买盘
951,10:55:54,3.4,--,28,9520,卖盘
952,10:55:45,3.4,-0.01,160,54400,卖盘
953,10:55:33,3.41,0.01,31,10571,买盘
954,10:55:18,3.4,-0.01,64,21760,卖盘
955,10:55:03,3.41,--,4,1364,买盘
956,10:55:00,3.41,0.01,3,1023,买盘
957,10:54:57,3.4,-0.01,10,3400,卖盘
958,10:54:51,3.41,0.01,15,5115,买盘
959,10:54:42,3.4,-0.01,301,102340,卖盘
960,10:54:33,3.41,0.01,13,4433,买盘
961,10:54:30,3.4,--,135,45900,卖盘
962,10:54:18,3.4,--,151,51340,卖盘
963,10:54:12,3.4,-0.01,58,19720,卖盘
964,10:54:03,3.41,0.01,2,682,买盘
965,10:53:51,3.4,--,25,8500,卖盘
966,10:53:45,3.4,-0.01,1585,538900,卖盘
967,10:53:42,3.41,0.01,155,52855,买盘
968,10:53:24,3.4,-0.01,150,51000,卖盘
969,10:53:18,3.41,--,3,1023,买盘
970,10:53:15,3.41,0.01,17,5797,买盘
971,10:53:09,3.4,--,166,56440,卖盘
972,10:53:03,3.4,-0.01,47,15980,卖盘
973,10:52:36,3.41,--,16,5456,买盘
974,10:52:33,3.41,--,24,8184,买盘
975,10:52:30,3.41,0.01,4,1364,买盘
976,10:52:24,3.4,-0.01,169,57460,卖盘
977,10:52:03,3.41,--,5,1705,买盘
978,10:52:00,3.41,--,3,1023,买盘
979,10:51:51,3.41,0.01,3,1023,买盘
980,10:51:39,3.4,-0.01,12,4080,卖盘
981,10:51:30,3.41,--,15,5115,买盘
982,10:51:03,3.41,0.01,41,13981,买盘
983,10:51:00,3.4,-0.01,36,12240,卖盘
984,10:50:54,3.41,--,30,10230,买盘
985,10:50:51,3.41,0.01,192,65472,买盘
986,10:50:45,3.4,-0.01,60,20400,卖盘
987,10:50:42,3.41,0.01,10,3410,买盘
988,10:50:39,3.4,-0.01,5,1700,卖盘
989,10:50:36,3.41,0.01,10,3410,买盘
990,10:50:30,3.4,-0.01,34,11560,卖盘
991,10:50:24,3.41,0.01,16,5456,买盘
992,10:50:00,3.4,--,1493,507688,买盘
993,10:49:57,3.4,--,62,21080,买盘
994,10:49:54,3.4,--,50,17000,买盘
995,10:49:51,3.4,--,5,1700,买盘
996,10:49:48,3.4,--,30,10200,买盘
997,10:49:42,3.4,--,39,13260,买盘
998,10:49:39,3.4,--,10,3400,买盘
999,10:49:36,3.4,--,16,5440,买盘
1000,10:49:30,3.4,--,533,181220,买盘
1001,10:49:18,3.4,--,22,7480,买盘
1002,10:49:03,3.4,--,1,340,买盘
1003,10:48:57,3.4,--,50,17000,买盘
1004,10:48:51,3.4,0.01,8,2720,买盘
1005,10:48:48,3.39,-0.01,2,678,卖盘
1006,10:48:39,3.4,--,10,3400,买盘
1007,10:48:30,3.4,0.01,1,340,买盘
1008,10:48:18,3.39,-0.01,15,5085,卖盘
1009,10:48:12,3.4,--,170,58072,卖盘
1010,10:48:09,3.4,--,449,152660,卖盘
1011,10:48:06,3.4,--,18,6120,卖盘
1012,10:48:03,3.4,--,270,91800,卖盘
1013,10:48:00,3.4,--,48,16320,卖盘
1014,10:47:54,3.4,--,180,61200,卖盘
1015,10:47:48,3.4,--,10,3400,卖盘
1016,10:47:45,3.4,--,18,6120,卖盘
1017,10:47:42,3.4,--,1573,534820,卖盘
1018,10:47:33,3.4,--,481,163540,卖盘
1019,10:47:30,3.4,-0.01,25,8500,卖盘
1020,10:47:21,3.41,0.01,5,1705,买盘
1021,10:47:15,3.4,-0.01,6,2040,卖盘
1022,10:47:12,3.41,0.01,7,2387,买盘
1023,10:47:09,3.4,--,9,3060,卖盘
1024,10:47:06,3.4,-0.01,32,10880,卖盘
1025,10:47:03,3.41,0.01,37,12617,买盘
1026,10:46:57,3.4,--,9,3060,卖盘
1027,10:46:54,3.4,-0.01,49,16660,卖盘
1028,10:46:51,3.41,0.01,51,17391,买盘
1029,10:46:48,3.4,-0.01,27,9180,卖盘
1030,10:46:45,3.41,--,5,1705,买盘
1031,10:46:42,3.41,--,2,682,卖盘
1032,10:46:39,3.41,-0.01,5,1705,卖盘
1033,10:46:36,3.42,0.02,10,3420,买盘
1034,10:46:15,3.4,-0.02,1,340,卖盘
1035,10:46:00,3.42,0.02,15,5130,买盘
1036,10:45:57,3.4,--,5,1700,卖盘
1037,10:45:48,3.4,-0.01,2943,1000620,卖盘
1038,10:45:45,3.41,-0.01,28,9548,卖盘
1039,10:45:42,3.42,0.01,30,10260,买盘
1040,10:45:18,3.41,-0.01,24,8184,卖盘
1041,10:45:06,3.42,--,99,33858,买盘
1042,10:45:03,3.42,--,2,684,买盘
1043,10:44:54,3.42,--,28,9576,买盘
1044,10:44:30,3.42,0.01,220,75240,买盘
1045,10:44:27,3.41,--,1300,443300,卖盘
1046,10:44:12,3.41,-0.01,12,4092,卖盘
1047,10:44:06,3.42,--,29,9918,买盘
1048,10:44:03,3.42,--,1,342,买盘
1049,10:43:48,3.42,0.01,15,5130,买盘
1050,10:43:21,3.41,--,12,4092,卖盘
1051,10:43:18,3.41,-0.01,3,1023,卖盘
1052,10:43:12,3.42,0.01,6,2052,买盘
1053,10:43:09,3.41,--,98,33418,卖盘
1054,10:43:03,3.41,-0.01,4,1364,卖盘
1055,10:43:00,3.42,0.01,31,10602,买盘
1056,10:42:57,3.41,-0.01,8,2728,卖盘
1057,10:42:54,3.42,--,6,2052,买盘
1058,10:42:51,3.42,--,20,6840,买盘
1059,10:42:42,3.42,0.01,15,5130,买盘
1060,10:42:21,3.41,--,9,3069,卖盘
1061,10:42:18,3.41,--,7,2387,卖盘
1062,10:42:15,3.41,--,204,69564,卖盘
1063,10:42:12,3.41,-0.01,7,2387,卖盘
1064,10:41:36,3.42,--,16,5472,买盘
1065,10:41:09,3.42,--,5,1710,买盘
1066,10:41:06,3.42,--,7,2394,买盘
1067,10:41:03,3.42,--,148,50616,买盘
1068,10:40:30,3.42,--,15,5130,买盘
1069,10:40:21,3.42,0.01,20,6840,买盘
1070,10:40:06,3.41,-0.01,54,18414,卖盘
1071,10:40:03,3.42,0.01,1,342,买盘
1072,10:40:00,3.41,--,3,1023,卖盘
1073,10:39:45,3.41,--,52,17732,卖盘
1074,10:39:36,3.41,--,3,1023,卖盘
1075,10:39:33,3.41,-0.01,9,3069,卖盘
1076,10:39:30,3.42,0.01,28,9576,买盘
1077,10:39:27,3.41,-0.01,60,20460,卖盘
1078,10:39:24,3.42,0.01,21,7182,买盘
1079,10:39:21,3.41,--,6,2046,卖盘
1080,10:39:18,3.41,--,2,682,卖盘
1081,10:39:15,3.41,-0.01,18,6138,卖盘
1082,10:39:03,3.42,--,11,3762,买盘
1083,10:39:00,3.42,0.01,51,17442,买盘
1084,10:38:57,3.41,-0.01,18,6138,卖盘
1085,10:38:51,3.42,0.01,6,2052,买盘
1086,10:38:48,3.41,-0.01,8,2728,卖盘
1087,10:38:42,3.42,--,5,1710,买盘
1088,10:38:36,3.42,0.01,50,17100,买盘
1089,10:38:30,3.41,-0.01,2,682,卖盘
1090,10:38:27,3.42,--,10,3420,买盘
1091,10:38:18,3.42,0.01,15,5130,买盘
1092,10:38:12,3.41,--,3,1023,卖盘
1093,10:38:09,3.41,-0.01,640,218240,卖盘
1094,10:38:03,3.42,0.01,1,342,买盘
1095,10:38:00,3.41,-0.01,122,41602,卖盘
1096,10:37:57,3.42,--,10,3420,买盘
1097,10:37:51,3.42,--,1,342,买盘
1098,10:37:45,3.42,0.01,606,207252,买盘
1099,10:37:39,3.41,-0.01,61,20801,卖盘
1100,10:37:36,3.42,--,5,1710,买盘
1101,10:37:21,3.42,--,36,12312,买盘
1102,10:37:18,3.42,--,30,10260,买盘
1103,10:37:12,3.42,0.01,27,9234,买盘
1104,10:37:06,3.41,-0.01,5,1705,卖盘
1105,10:37:03,3.42,--,1,342,买盘
1106,10:37:00,3.42,--,12,4104,买盘
1107,10:36:54,3.42,--,356,121752,卖盘
1108,10:36:48,3.42,-0.01,12,4104,卖盘
1109,10:36:33,3.43,0.01,2,686,买盘
1110,10:36:18,3.42,-0.01,43,14706,卖盘
1111,10:36:06,3.43,0.01,18,6174,买盘
1112,10:36:03,3.42,--,301,102942,卖盘
1113,10:35:39,3.42,--,16,5472,买盘
1114,10:35:33,3.42,--,10,3420,买盘
1115,10:35:30,3.42,--,30,10260,卖盘
1116,10:35:21,3.42,-0.01,50,17100,卖盘
1117,10:35:03,3.43,--,7,2401,买盘
1118,10:35:00,3.43,--,6,2058,买盘
1119,10:34:57,3.43,0.01,15,5145,买盘
1120,10:34:54,3.42,--,10,3420,买盘
1121,10:34:51,3.42,--,10,3420,买盘
1122,10:34:33,3.42,--,50,17100,买盘
1123,10:34:30,3.42,--,10,3420,买盘
1124,10:34:24,3.42,--,16,5472,买盘
1125,10:34:15,3.42,--,68,23256,买盘
1126,10:34:09,3.42,--,50,17100,买盘
1127,10:34:03,3.42,--,1,342,买盘
1128,10:33:51,3.42,0.01,35,11970,买盘
1129,10:33:39,3.41,-0.01,191,65131,卖盘
1130,10:33:24,3.42,--,5,1710,买盘
1131,10:33:18,3.42,--,2,684,买盘
1132,10:33:06,3.42,--,41,14022,买盘
1133,10:33:03,3.42,0.01,127,43434,买盘
1134,10:33:00,3.41,-0.01,100,34100,卖盘
1135,10:32:48,3.42,--,30,10260,买盘
1136,10:32:45,3.42,0.01,28,9576,买盘
1137,10:32:36,3.41,--,36,12276,卖盘
1138,10:32:33,3.41,--,1,341,卖盘
1139,10:32:30,3.41,-0.01,33,11253,卖盘
1140,10:32:24,3.42,0.01,3,1026,买盘
1141,10:32:12,3.41,-0.01,100,34100,卖盘
1142,10:32:06,3.42,--,272,93024,买盘
1143,10:32:03,3.42,0.01,11,3762,买盘
1144,10:31:57,3.41,--,14,4842,卖盘
1145,10:31:45,3.41,-0.01,2,682,卖盘
1146,10:31:39,3.42,--,15,5130,买盘
1147,10:31:21,3.42,0.01,5,1710,买盘
1148,10:31:18,3.41,--,2,682,卖盘
1149,10:31:12,3.41,-0.01,18,6138,卖盘
1150,10:31:09,3.42,0.01,20,6840,买盘
1151,10:31:03,3.41,-0.01,77,26257,卖盘
1152,10:31:00,3.42,0.01,5,1710,买盘
1153,10:30:57,3.41,-0.01,2,682,卖盘
1154,10:30:48,3.42,--,69,23598,买盘
1155,10:30:42,3.42,--,1,342,买盘
1156,10:30:33,3.42,--,16,5472,买盘
1157,10:30:30,3.42,--,12,4104,买盘
1158,10:30:21,3.42,0.01,9,3078,买盘
1159,10:30:18,3.41,--,19,6479,卖盘
1160,10:30:15,3.41,--,10,3410,卖盘
1161,10:30:12,3.41,--,2,682,卖盘
1162,10:30:09,3.41,--,4,1364,卖盘
1163,10:29:57,3.41,--,8,2728,卖盘
1164,10:29:48,3.41,--,2,682,卖盘
1165,10:29:45,3.41,-0.01,28,9548,卖盘
1166,10:29:42,3.42,0.01,12,4104,买盘
1167,10:29:39,3.41,--,2,682,卖盘
1168,10:29:36,3.41,--,2,682,卖盘
1169,10:29:33,3.41,-0.01,30,10230,卖盘
1170,10:29:30,3.42,--,52,17784,买盘
1171,10:29:27,3.42,0.01,50,17100,买盘
1172,10:29:24,3.41,-0.01,150,51150,卖盘
1173,10:29:03,3.42,--,68,23256,买盘
1174,10:29:00,3.42,--,8,2736,买盘
1175,10:28:54,3.42,--,23,7866,买盘
1176,10:28:45,3.42,--,10,3420,买盘
1177,10:28:42,3.42,--,4,1368,买盘
1178,10:28:36,3.42,--,103,35226,买盘
1179,10:28:33,3.42,--,3,1026,买盘
1180,10:28:27,3.42,-0.01,1444,494121,卖盘
1181,10:28:21,3.43,0.01,78,26754,买盘
1182,10:28:12,3.42,--,43,14706,卖盘
1183,10:27:54,3.42,--,2,684,卖盘
1184,10:27:48,3.42,-0.01,69,23598,卖盘
1185,10:27:36,3.43,--,170,58310,买盘
1186,10:27:15,3.43,--,16,5488,买盘
1187,10:27:06,3.43,--,33,11319,买盘
1188,10:27:03,3.43,--,1,343,买盘
1189,10:26:57,3.43,--,2,686,买盘
1190,10:26:42,3.43,--,12,4116,买盘
1191,10:26:27,3.43,--,10,3430,买盘
1192,10:26:09,3.43,--,15,5145,买盘
1193,10:26:03,3.43,0.01,1,343,买盘
1194,10:25:57,3.42,--,50,17100,卖盘
1195,10:25:48,3.42,0.01,1085,371138,买盘
1196,10:25:42,3.41,-0.01,54,18414,卖盘
1197,10:25:39,3.42,0.01,23,7866,买盘
1198,10:25:33,3.41,-0.01,81,27621,卖盘
1199,10:25:30,3.42,--,10,3420,买盘
1200,10:25:18,3.42,--,25,8550,买盘
1201,10:25:15,3.42,--,5,1710,买盘
1202,10:25:03,3.42,--,17,5814,买盘
1203,10:24:57,3.42,--,5,1710,买盘
1204,10:24:48,3.42,0.01,7,2394,买盘
1205,10:24:45,3.41,--,210,71610,卖盘
1206,10:24:39,3.41,--,100,34100,卖盘
1207,10:24:33,3.41,-0.01,88,30008,卖盘
1208,10:24:24,3.42,--,39,13338,买盘
1209,10:24:21,3.42,0.01,3,1026,买盘
1210,10:24:06,3.41,-0.01,15,5115,卖盘
1211,10:24:03,3.42,--,1,342,买盘
1212,10:23:57,3.42,0.01,15,5130,买盘
1213,10:23:54,3.41,--,40,13640,卖盘
1214,10:23:42,3.41,--,385,131285,卖盘
1215,10:23:39,3.41,--,102,34782,卖盘
1216,10:23:36,3.41,--,100,34100,卖盘
1217,10:23:33,3.41,--,709,241769,卖盘
1218,10:23:24,3.41,--,123,41943,卖盘
1219,10:23:21,3.41,--,99,33759,卖盘
1220,10:23:15,3.41,--,25,8525,卖盘
1221,10:22:57,3.41,-0.01,31,10571,卖盘
1222,10:22:54,3.42,0.01,8,2736,买盘
1223,10:22:51,3.41,--,19,6479,卖盘
1224,10:22:48,3.41,-0.01,55,18755,卖盘
1225,10:22:45,3.42,0.01,30,10260,买盘
1226,10:22:39,3.41,--,125,42625,卖盘
1227,10:22:36,3.41,--,26,8866,卖盘
1228,10:22:33,3.41,--,23,7843,卖盘
1229,10:22:30,3.41,--,40,13640,卖盘
1230,10:22:24,3.41,-0.01,18,6138,卖盘
1231,10:22:21,3.42,0.01,10,3420,买盘
1232,10:22:18,3.41,-0.01,28,9548,卖盘
1233,10:22:03,3.42,--,31,10602,买盘
1234,10:21:54,3.42,--,17,5814,买盘
1235,10:21:51,3.42,--,1,342,买盘
1236,10:21:45,3.42,0.01,16,5472,买盘
1237,10:21:24,3.41,--,38,12958,卖盘
1238,10:21:21,3.41,--,81,27621,卖盘
1239,10:21:18,3.41,-0.01,336,114576,卖盘
1240,10:21:15,3.42,--,7,2394,买盘
1241,10:21:03,3.42,--,11,3762,买盘
1242,10:20:57,3.42,--,3,1026,买盘
1243,10:20:51,3.42,--,19,6498,买盘
1244,10:20:48,3.42,0.01,140,47880,买盘
1245,10:20:45,3.41,-0.01,11,3751,卖盘
1246,10:20:42,3.42,-0.01,27,9507,卖盘
1247,10:20:39,3.43,0.01,45,15435,买盘
1248,10:20:27,3.42,0.01,193,66074,买盘
1249,10:20:24,3.41,--,128,43648,卖盘
1250,10:20:21,3.41,-0.01,5,1705,卖盘
1251,10:20:18,3.42,0.01,25,8550,买盘
1252,10:20:15,3.41,--,8,2728,卖盘
1253,10:20:12,3.41,--,2,682,卖盘
1254,10:20:09,3.41,-0.01,2,682,卖盘
1255,10:20:06,3.42,--,4,1368,买盘
1256,10:20:00,3.42,--,5,1710,买盘
1257,10:19:57,3.42,--,155,53010,买盘
1258,10:19:48,3.42,0.01,36,12312,买盘
1259,10:19:39,3.41,-0.01,201,68541,卖盘
1260,10:19:33,3.42,--,27,9234,买盘
1261,10:19:24,3.42,--,135,46170,买盘
1262,10:19:18,3.42,--,45,15390,买盘
1263,10:19:12,3.42,--,68,23256,买盘
1264,10:19:03,3.42,--,254,86868,买盘
1265,10:18:54,3.42,--,9,3078,买盘
1266,10:18:51,3.42,--,3,1026,买盘
1267,10:18:42,3.42,--,6,2052,买盘
1268,10:18:39,3.42,0.01,119,40698,买盘
1269,10:18:36,3.41,--,4,1364,卖盘
1270,10:18:33,3.41,--,3,1023,卖盘
1271,10:18:30,3.41,-0.01,53,18073,卖盘
1272,10:18:27,3.42,--,15,5130,买盘
1273,10:18:18,3.42,0.01,62,21204,买盘
1274,10:18:15,3.41,-0.01,6,2046,卖盘
1275,10:18:12,3.42,0.01,6,2052,买盘
1276,10:18:09,3.41,--,27,9207,卖盘
1277,10:18:06,3.41,--,23,7843,卖盘
1278,10:18:03,3.41,--,7,2387,卖盘
1279,10:18:00,3.41,--,2,682,卖盘
1280,10:17:51,3.41,-0.01,19,6479,卖盘
1281,10:17:39,3.42,--,357,122094,卖盘
1282,10:17:36,3.42,--,60,20520,卖盘
1283,10:17:33,3.42,-0.01,10,3420,卖盘
1284,10:17:21,3.43,0.01,245,84035,买盘
1285,10:17:06,3.42,-0.01,62,21204,卖盘
1286,10:17:03,3.43,0.01,1,343,买盘
1287,10:16:57,3.42,--,105,35910,卖盘
1288,10:16:51,3.42,-0.01,59,20178,卖盘
1289,10:16:48,3.43,0.01,12,4116,买盘
1290,10:16:42,3.42,-0.01,377,128934,卖盘
1291,10:16:33,3.43,0.01,10,3430,买盘
1292,10:16:30,3.42,--,131,44802,卖盘
1293,10:16:27,3.42,--,50,17100,卖盘
1294,10:16:24,3.42,--,8,2736,卖盘
1295,10:16:18,3.42,-0.01,19,6498,卖盘
1296,10:16:12,3.43,0.01,98,33614,买盘
1297,10:16:09,3.42,--,33,11286,卖盘
1298,10:16:06,3.42,--,127,43434,卖盘
1299,10:16:03,3.42,-0.01,301,102942,卖盘
1300,10:15:57,3.43,0.01,95,32585,买盘
1301,10:15:54,3.42,-0.01,23,7866,卖盘
1302,10:15:39,3.43,--,1013,347459,卖盘
1303,10:15:36,3.43,--,27,9261,卖盘
1304,10:15:21,3.43,--,8,2744,卖盘
1305,10:15:18,3.43,--,20,6860,卖盘
1306,10:15:15,3.43,--,679,232897,卖盘
1307,10:15:12,3.43,--,11,3773,卖盘
1308,10:15:09,3.43,-0.01,29,9947,卖盘
1309,10:15:06,3.44,--,19,6536,买盘
1310,10:15:03,3.44,0.01,159,54696,买盘
1311,10:15:00,3.43,--,33,11319,卖盘
1312,10:14:57,3.43,--,3,1029,卖盘
1313,10:14:51,3.43,-0.01,11,3773,卖盘
1314,10:14:45,3.44,0.01,6,2064,买盘
1315,10:14:42,3.43,--,20,6860,卖盘
1316,10:14:39,3.43,--,35,12005,卖盘
1317,10:14:36,3.43,--,8,2744,卖盘
1318,10:14:33,3.43,--,26,8918,卖盘
1319,10:14:27,3.43,--,5,1715,卖盘
1320,10:14:24,3.43,--,2,686,卖盘
1321,10:14:15,3.43,-0.01,7,2401,卖盘
1322,10:14:12,3.44,--,8,2752,卖盘
1323,10:14:09,3.44,--,3,1032,卖盘
1324,10:14:06,3.44,--,13,4472,卖盘
1325,10:14:03,3.44,-0.01,7,2408,卖盘
1326,10:14:00,3.45,0.01,19,6555,买盘
1327,10:13:54,3.44,--,3,1032,卖盘
1328,10:13:51,3.44,--,16,5504,卖盘
1329,10:13:48,3.44,--,103,35432,卖盘
1330,10:13:45,3.44,--,23,7912,卖盘
1331,10:13:42,3.44,--,4,1376,中性盘
1332,10:13:36,3.44,--,154,52976,卖盘
1333,10:13:33,3.44,--,12,4128,卖盘
1334,10:13:24,3.44,--,2,688,卖盘
1335,10:13:06,3.44,-0.01,132,45408,卖盘
1336,10:13:03,3.45,0.01,1,345,买盘
1337,10:13:00,3.44,--,5,1720,卖盘
1338,10:12:57,3.44,-0.01,7,2408,卖盘
1339,10:12:54,3.45,0.01,15,5175,买盘
1340,10:12:51,3.44,--,11,3784,卖盘
1341,10:12:48,3.44,-0.01,100,34400,卖盘
1342,10:12:45,3.45,0.01,35,12075,买盘
1343,10:12:42,3.44,--,11,3784,卖盘
1344,10:12:39,3.44,--,8,2752,卖盘
1345,10:12:36,3.44,-0.01,2,688,卖盘
1346,10:12:33,3.45,--,5,1725,买盘
1347,10:12:30,3.45,0.01,14,4830,买盘
1348,10:12:12,3.44,--,64,22016,卖盘
1349,10:12:06,3.44,--,4,1376,卖盘
1350,10:12:03,3.44,--,5,1720,卖盘
1351,10:11:54,3.44,-0.01,5,1720,卖盘
1352,10:11:48,3.45,--,15,5175,买盘
1353,10:11:45,3.45,0.01,58,20010,买盘
1354,10:11:36,3.44,0.01,101,34744,买盘
1355,10:11:18,3.43,--,5,1715,卖盘
1356,10:11:15,3.43,-0.01,45,15435,卖盘
1357,10:11:09,3.44,--,12,4128,买盘
1358,10:11:03,3.44,--,6,2064,买盘
1359,10:10:54,3.44,0.01,2,688,买盘
1360,10:10:48,3.43,-0.01,30,10290,卖盘
1361,10:10:42,3.44,--,25,8600,买盘
1362,10:10:39,3.44,--,23,7912,买盘
1363,10:10:36,3.44,--,2,688,买盘
1364,10:10:33,3.44,--,45,15480,买盘
1365,10:10:30,3.44,0.01,12,4128,买盘
1366,10:10:27,3.43,-0.01,166,56938,卖盘
1367,10:10:24,3.44,--,45,15480,买盘
1368,10:10:15,3.44,--,5,1720,买盘
1369,10:10:12,3.44,--,100,34400,买盘
1370,10:10:03,3.44,--,759,261096,买盘
1371,10:09:57,3.44,0.01,7,2408,买盘
1372,10:09:45,3.43,-0.01,54,18522,卖盘
1373,10:09:39,3.44,--,124,42656,买盘
1374,10:09:36,3.44,--,15,5160,买盘
1375,10:09:30,3.44,--,5,1720,买盘
1376,10:09:18,3.44,--,7,2408,买盘
1377,10:09:15,3.44,0.01,3,1032,买盘
1378,10:09:03,3.43,--,50,17150,卖盘
1379,10:08:54,3.43,-0.01,85,29155,卖盘
1380,10:08:48,3.44,--,2,688,买盘
1381,10:08:36,3.44,--,84,28896,买盘
1382,10:08:30,3.44,--,84,28896,买盘
1383,10:08:27,3.44,--,12,4128,买盘
1384,10:08:18,3.44,--,30,10320,买盘
1385,10:08:03,3.44,--,1,344,买盘
1386,10:07:48,3.44,0.01,20,6880,买盘
1387,10:07:42,3.43,--,14,4802,卖盘
1388,10:07:36,3.43,--,75,25725,卖盘
1389,10:07:33,3.43,-0.01,3,1029,卖盘
1390,10:07:24,3.44,0.01,15,5160,买盘
1391,10:07:15,3.43,-0.01,22,7546,卖盘
1392,10:07:09,3.44,--,5,1720,买盘
1393,10:07:03,3.44,0.01,2,688,买盘
1394,10:06:54,3.43,--,96,32928,卖盘
1395,10:06:39,3.43,--,100,34300,卖盘
1396,10:06:33,3.43,-0.01,87,29841,卖盘
1397,10:06:27,3.44,--,12,4128,买盘
1398,10:06:18,3.44,--,15,5160,买盘
1399,10:05:54,3.44,0.01,10,3440,买盘
1400,10:05:39,3.43,-0.01,30,10290,卖盘
1401,10:05:24,3.44,--,2,688,买盘
1402,10:05:21,3.44,0.01,18,6192,买盘
1403,10:05:15,3.43,-0.01,100,34300,卖盘
1404,10:05:12,3.44,--,16,5504,买盘
1405,10:05:09,3.44,--,10,3440,买盘
1406,10:05:03,3.44,--,1,344,买盘
1407,10:04:57,3.44,--,1,344,买盘
1408,10:04:45,3.44,--,2,688,买盘
1409,10:04:42,3.44,0.01,61,20984,买盘
1410,10:04:36,3.43,-0.01,30,10290,卖盘
1411,10:04:33,3.44,0.01,3,1032,买盘
1412,10:04:27,3.43,-0.01,42,14406,卖盘
1413,10:04:21,3.44,0.01,3,1032,买盘
1414,10:04:18,3.43,--,4,1372,卖盘
1415,10:04:15,3.43,--,4,1372,卖盘
1416,10:04:12,3.43,-0.01,4,1372,卖盘
1417,10:04:09,3.44,--,72,24768,买盘
1418,10:04:06,3.44,--,20,6880,买盘
1419,10:04:03,3.44,0.01,34,11696,买盘
1420,10:04:00,3.43,-0.01,30,10290,卖盘
1421,10:03:57,3.44,--,12,4128,买盘
1422,10:03:51,3.44,0.01,20,6880,买盘
1423,10:03:45,3.43,--,1,343,卖盘
1424,10:03:39,3.43,-0.01,54,18522,卖盘
1425,10:03:33,3.44,0.01,10,3440,买盘
1426,10:03:24,3.43,--,1,343,卖盘
1427,10:03:12,3.43,-0.01,739,253477,卖盘
1428,10:03:09,3.44,--,4,1376,卖盘
1429,10:03:06,3.44,--,22,7568,卖盘
1430,10:03:03,3.44,--,122,41968,卖盘
1431,10:03:00,3.44,--,217,74648,卖盘
1432,10:02:54,3.44,--,1,344,卖盘
1433,10:02:51,3.44,--,1,344,卖盘
1434,10:02:33,3.44,--,296,101824,卖盘
1435,10:02:30,3.44,-0.01,3,1032,卖盘
1436,10:02:27,3.45,--,5,1725,买盘
1437,10:02:24,3.45,0.01,12,4140,买盘
1438,10:02:18,3.44,--,13,4472,卖盘
1439,10:02:06,3.44,-0.01,6,2064,卖盘
1440,10:02:03,3.45,--,1,345,买盘
1441,10:02:00,3.45,--,76,26220,买盘
1442,10:01:54,3.45,0.01,15,5175,买盘
1443,10:01:48,3.44,--,3,1032,卖盘
1444,10:01:45,3.44,--,3,1032,卖盘
1445,10:01:39,3.44,--,75,25800,卖盘
1446,10:01:36,3.44,--,4,1376,卖盘
1447,10:01:30,3.44,--,20,6880,卖盘
1448,10:01:27,3.44,--,7,2408,卖盘
1449,10:01:24,3.44,--,12,4128,卖盘
1450,10:01:21,3.44,--,13,4472,卖盘
1451,10:01:18,3.44,-0.01,8,2752,卖盘
1452,10:01:15,3.45,--,3,1035,买盘
1453,10:01:03,3.45,0.01,19,6555,买盘
1454,10:01:00,3.44,-0.01,100,34400,卖盘
1455,10:00:48,3.45,0.01,15,5175,买盘
1456,10:00:42,3.44,--,6,2064,卖盘
1457,10:00:39,3.44,--,74,25456,卖盘
1458,10:00:36,3.44,--,100,34400,卖盘
1459,10:00:27,3.44,-0.01,40,13760,卖盘
1460,10:00:24,3.45,0.01,62,21390,买盘
1461,10:00:06,3.44,-0.01,3,1032,卖盘
1462,10:00:03,3.45,0.01,1,345,买盘
1463,09:59:57,3.44,-0.01,96,33024,卖盘
1464,09:59:42,3.45,--,16,5520,买盘
1465,09:59:24,3.45,0.01,19,6555,买盘
1466,09:59:21,3.44,--,12,4128,卖盘
1467,09:59:09,3.44,-0.01,1027,353288,卖盘
1468,09:59:03,3.45,0.01,1,345,买盘
1469,09:59:00,3.44,--,1,344,卖盘
1470,09:58:51,3.44,--,15,5160,卖盘
1471,09:58:48,3.44,-0.01,30,10320,卖盘
1472,09:58:42,3.45,--,19,6555,买盘
1473,09:58:36,3.45,--,15,5175,买盘
1474,09:58:24,3.45,--,5,1725,买盘
1475,09:58:21,3.45,0.01,7,2415,买盘
1476,09:58:12,3.44,--,6,2064,卖盘
1477,09:58:06,3.44,-0.01,24,8256,卖盘
1478,09:58:03,3.45,0.01,5,1725,买盘
1479,09:58:00,3.44,--,3,1032,卖盘
1480,09:57:39,3.44,-0.01,2,688,卖盘
1481,09:57:30,3.45,--,16,5520,买盘
1482,09:57:21,3.45,0.01,1,345,买盘
1483,09:57:03,3.44,-0.01,67,23048,卖盘
1484,09:57:00,3.45,--,10,3450,买盘
1485,09:56:42,3.45,--,81,27945,买盘
1486,09:56:39,3.45,--,61,21045,买盘
1487,09:56:21,3.45,--,25,8625,买盘
1488,09:56:03,3.45,0.01,1,345,买盘
1489,09:55:57,3.44,--,8,2752,卖盘
1490,09:55:54,3.44,--,82,28208,卖盘
1491,09:55:51,3.44,--,32,11008,卖盘
1492,09:55:36,3.44,--,70,24080,卖盘
1493,09:55:30,3.44,-0.01,13,4472,卖盘
1494,09:55:27,3.45,0.01,19,6555,买盘
1495,09:55:24,3.44,-0.01,18,6192,卖盘
1496,09:55:15,3.45,--,22,7590,买盘
1497,09:55:06,3.45,--,2,690,买盘
1498,09:55:03,3.45,0.01,1,345,买盘
1499,09:55:00,3.44,-0.01,25,8600,卖盘
1500,09:54:54,3.45,0.01,70,24150,买盘
1501,09:54:51,3.44,-0.01,10,3440,卖盘
1502,09:54:36,3.45,--,1,345,买盘
1503,09:54:09,3.45,--,16,5520,买盘
1504,09:54:06,3.45,0.01,4,1380,买盘
1505,09:54:03,3.44,--,102,35088,卖盘
1506,09:54:00,3.44,--,3,1032,卖盘
1507,09:53:57,3.44,--,2,688,卖盘
1508,09:53:51,3.44,-0.01,5,1720,卖盘
1509,09:53:45,3.45,0.01,5,1725,买盘
1510,09:53:39,3.44,--,7,2408,卖盘
1511,09:53:36,3.44,--,95,32680,卖盘
1512,09:53:27,3.44,--,341,117304,卖盘
1513,09:53:15,3.44,--,11,3784,卖盘
1514,09:53:09,3.44,-0.01,500,172000,卖盘
1515,09:53:03,3.45,0.01,76,26220,买盘
1516,09:52:57,3.44,--,10,3440,卖盘
1517,09:52:36,3.44,--,7,2408,卖盘
1518,09:52:30,3.44,--,4,1376,卖盘
1519,09:52:27,3.44,--,4,1376,卖盘
1520,09:52:24,3.44,-0.01,4,1376,卖盘
1521,09:52:21,3.45,--,174,60030,买盘
1522,09:52:15,3.45,--,200,69000,买盘
1523,09:52:09,3.45,--,23,7935,买盘
1524,09:52:06,3.45,--,218,75210,买盘
1525,09:52:03,3.45,--,227,78315,买盘
1526,09:51:57,3.45,0.01,16,5520,买盘
1527,09:51:39,3.44,-0.01,25,8600,卖盘
1528,09:51:27,3.45,0.01,10,3450,买盘
1529,09:51:06,3.44,--,30,10320,卖盘
1530,09:51:03,3.44,--,3,1032,卖盘
1531,09:51:00,3.44,-0.01,4,1376,卖盘
1532,09:50:51,3.45,0.01,37,12765,买盘
1533,09:50:39,3.44,--,10,3440,卖盘
1534,09:50:15,3.44,--,17,5848,卖盘
1535,09:50:09,3.44,-0.01,4,1376,卖盘
1536,09:50:03,3.45,--,1,345,买盘
1537,09:49:45,3.45,0.01,15,5175,买盘
1538,09:49:39,3.44,--,12,4128,卖盘
1539,09:49:36,3.44,-0.01,20,6880,卖盘
1540,09:49:33,3.45,0.01,6,2070,买盘
1541,09:49:27,3.44,-0.01,2,688,卖盘
1542,09:49:24,3.45,--,388,133860,买盘
1543,09:49:21,3.45,--,293,101085,卖盘
1544,09:49:09,3.45,--,6,2070,卖盘
1545,09:49:06,3.45,-0.01,223,76935,卖盘
1546,09:49:03,3.46,0.01,1,346,买盘
1547,09:49:00,3.45,--,86,29670,卖盘
1548,09:48:54,3.45,--,20,6900,卖盘
1549,09:48:48,3.45,--,16,5520,卖盘
1550,09:48:45,3.45,--,20,6900,卖盘
1551,09:48:42,3.45,-0.01,2,690,卖盘
1552,09:48:39,3.46,0.01,16,5536,买盘
1553,09:48:24,3.45,--,20,6900,卖盘
1554,09:48:21,3.45,--,71,24495,卖盘
1555,09:48:18,3.45,--,2,690,卖盘
1556,09:48:15,3.45,-0.01,1,345,卖盘
1557,09:48:03,3.46,0.01,3,1038,买盘
1558,09:48:00,3.45,-0.01,58,20010,卖盘
1559,09:47:54,3.46,--,5,1730,买盘
1560,09:47:51,3.46,0.01,37,12802,买盘
1561,09:47:48,3.45,-0.01,9,3105,卖盘
1562,09:47:45,3.46,--,2,692,买盘
1563,09:47:42,3.46,--,868,300328,卖盘
1564,09:47:39,3.46,--,29,10034,卖盘
1565,09:47:36,3.46,--,7,2422,卖盘
1566,09:47:33,3.46,--,34,11764,卖盘
1567,09:47:30,3.46,--,1282,443572,买盘
1568,09:47:21,3.46,--,1,346,买盘
1569,09:47:09,3.46,0.01,56,19376,买盘
1570,09:47:06,3.45,-0.01,4,1380,卖盘
1571,09:47:03,3.46,0.01,41,14186,买盘
1572,09:47:00,3.45,--,104,36087,卖盘
1573,09:46:57,3.45,--,19,6658,卖盘
1574,09:46:54,3.45,--,19,6658,卖盘
1575,09:46:51,3.45,--,26,9073,卖盘
1576,09:46:48,3.45,-0.01,42,14697,卖盘
1577,09:46:45,3.46,--,9,3114,卖盘
1578,09:46:42,3.46,0.01,3,1038,卖盘
1579,09:46:39,3.45,-0.02,24,8280,卖盘
1580,09:46:36,3.47,0.01,120,41640,买盘
1581,09:46:33,3.46,--,45,15570,卖盘
1582,09:46:30,3.46,-0.01,300,103800,卖盘
1583,09:46:27,3.47,0.01,16,5552,买盘
1584,09:46:06,3.46,--,91,31486,卖盘
1585,09:46:00,3.46,--,3,1038,卖盘
1586,09:45:57,3.46,--,209,72314,买盘
1587,09:45:54,3.46,0.01,35,12110,买盘
1588,09:45:30,3.45,--,757,261475,卖盘
1589,09:45:24,3.45,-0.01,50,17250,卖盘
1590,09:45:12,3.46,--,19,6574,买盘
1591,09:45:09,3.46,--,10,3460,买盘
1592,09:45:03,3.46,--,1,346,买盘
1593,09:44:54,3.46,0.01,800,276800,买盘
1594,09:44:51,3.45,-0.01,230,79350,卖盘
1595,09:44:39,3.46,--,1,346,买盘
1596,09:44:21,3.46,--,30,10380,买盘
1597,09:44:15,3.46,--,40,13840,买盘
1598,09:44:03,3.46,0.01,1,346,买盘
1599,09:43:51,3.45,--,30,10350,卖盘
1600,09:43:48,3.45,--,50,17250,卖盘
1601,09:43:42,3.45,-0.01,4,1380,中性盘
1602,09:43:36,3.46,0.01,12,4152,买盘
1603,09:43:33,3.45,--,11,3795,买盘
1604,09:43:30,3.45,--,1986,685204,卖盘
1605,09:43:21,3.45,-0.01,6,2070,卖盘
1606,09:43:18,3.46,--,10,3460,买盘
1607,09:43:15,3.46,--,60,20760,买盘
1608,09:43:12,3.46,--,51,17646,买盘
1609,09:43:06,3.46,--,4,1384,买盘
1610,09:43:03,3.46,--,1,346,买盘
1611,09:42:33,3.46,--,4,1384,买盘
1612,09:42:18,3.46,--,43,14878,卖盘
1613,09:42:15,3.46,--,140,48440,卖盘
1614,09:42:09,3.46,--,7,2422,卖盘
1615,09:42:03,3.46,--,22,7612,卖盘
1616,09:41:30,3.46,--,100,34600,卖盘
1617,09:41:15,3.46,-0.01,4,1384,卖盘
1618,09:41:12,3.47,--,7,2429,买盘
1619,09:41:06,3.47,--,100,34700,买盘
1620,09:41:03,3.47,0.01,2,694,买盘
1621,09:41:00,3.46,--,100,34600,卖盘
1622,09:40:57,3.46,--,74,25604,卖盘
1623,09:40:51,3.46,--,237,82002,买盘
1624,09:40:48,3.46,--,36,12456,买盘
1625,09:40:42,3.46,--,108,37368,买盘
1626,09:40:39,3.46,--,45,15570,买盘
1627,09:40:30,3.46,--,500,173000,买盘
1628,09:40:24,3.46,0.01,100,34600,买盘
1629,09:40:21,3.45,-0.01,10,3450,卖盘
1630,09:40:15,3.46,--,5,1730,买盘
1631,09:40:12,3.46,--,2,692,买盘
1632,09:40:06,3.46,--,8,2768,买盘
1633,09:40:03,3.46,0.01,8,2768,买盘
1634,09:39:57,3.45,-0.01,7,2415,卖盘
1635,09:39:54,3.46,--,24,8304,买盘
1636,09:39:27,3.46,0.01,132,45672,买盘
1637,09:39:24,3.45,-0.01,90,31050,卖盘
1638,09:39:18,3.46,0.01,10,3460,买盘
1639,09:39:03,3.45,-0.01,9,3105,卖盘
1640,09:38:51,3.46,0.01,160,55360,买盘
1641,09:38:48,3.45,--,6,2070,卖盘
1642,09:38:45,3.45,-0.01,476,164220,卖盘
1643,09:38:36,3.46,0.01,4,1384,买盘
1644,09:38:30,3.45,-0.01,3,1035,卖盘
1645,09:38:12,3.46,--,17,5882,买盘
1646,09:38:03,3.46,--,2,692,买盘
1647,09:37:57,3.46,--,1,346,买盘
1648,09:37:54,3.46,0.01,42,14532,买盘
1649,09:37:36,3.45,--,36,12420,卖盘
1650,09:37:21,3.45,--,55,18975,卖盘
1651,09:37:12,3.45,--,325,112435,买盘
1652,09:37:09,3.45,--,17,5865,买盘
1653,09:37:03,3.45,--,47,16249,卖盘
1654,09:36:57,3.45,--,104,36190,买盘
1655,09:36:51,3.45,--,80,27600,买盘
1656,09:36:39,3.45,--,36,12420,买盘
1657,09:36:24,3.45,--,200,69000,买盘
1658,09:36:21,3.45,--,22,7590,买盘
1659,09:36:06,3.45,-0.01,328,113194,卖盘
1660,09:36:03,3.46,0.01,42,14532,买盘
1661,09:36:00,3.45,--,13,4485,卖盘
1662,09:35:51,3.45,--,50,17250,卖盘
1663,09:35:39,3.45,--,50,17250,卖盘
1664,09:35:30,3.45,--,135,46575,卖盘
1665,09:35:27,3.45,--,291,100395,卖盘
1666,09:35:24,3.45,--,138,47817,卖盘
1667,09:35:21,3.45,--,19,6658,卖盘
1668,09:35:18,3.45,--,41,14248,卖盘
1669,09:35:15,3.45,--,38,13317,卖盘
1670,09:35:12,3.45,--,26,8970,卖盘
1671,09:35:09,3.45,-0.01,26,8970,卖盘
1672,09:35:06,3.46,--,60,20760,买盘
1673,09:35:03,3.46,--,30,10380,买盘
1674,09:34:57,3.46,0.01,32,11072,买盘
1675,09:34:54,3.45,-0.01,2,690,卖盘
1676,09:34:51,3.46,0.01,2,692,买盘
1677,09:34:48,3.45,--,6,2070,卖盘
1678,09:34:42,3.45,--,46,15973,卖盘
1679,09:34:39,3.45,-0.01,107,36915,卖盘
1680,09:34:30,3.46,--,4,1384,买盘
1681,09:34:24,3.46,0.01,53,18338,买盘
1682,09:34:21,3.45,--,19,6658,卖盘
1683,09:34:18,3.45,--,19,6658,卖盘
1684,09:34:15,3.45,--,144,49887,卖盘
1685,09:34:12,3.45,--,19,6658,卖盘
1686,09:34:09,3.45,-0.01,19,6658,卖盘
1687,09:34:00,3.46,--,184,63664,卖盘
1688,09:33:57,3.46,--,4,1384,卖盘
1689,09:33:54,3.46,--,2,692,卖盘
1690,09:33:51,3.46,--,4,1384,卖盘
1691,09:33:42,3.46,--,4,1384,卖盘
1692,09:33:36,3.46,--,4,1384,卖盘
1693,09:33:33,3.46,--,6,2076,卖盘
1694,09:33:30,3.46,--,6,2076,卖盘
1695,09:33:27,3.46,--,4,1384,卖盘
1696,09:33:24,3.46,--,67,23182,卖盘
1697,09:33:21,3.46,-0.01,4,1384,卖盘
1698,09:33:12,3.47,--,62,21514,买盘
1699,09:33:06,3.47,0.01,10,3470,买盘
1700,09:33:03,3.46,--,4,1384,卖盘
1701,09:32:48,3.46,--,8,2768,卖盘
1702,09:32:45,3.46,0.01,483,167118,买盘
1703,09:32:39,3.45,-0.01,26,8970,卖盘
1704,09:32:27,3.46,--,7,2422,买盘
1705,09:32:15,3.46,0.01,2,692,买盘
1706,09:32:06,3.45,--,225,77625,卖盘
1707,09:31:57,3.45,--,107,36915,卖盘
1708,09:31:54,3.45,--,10,3450,卖盘
1709,09:31:45,3.45,-0.01,1,345,卖盘
1710,09:31:39,3.46,0.01,140,48440,买盘
1711,09:31:15,3.45,--,47,16215,卖盘
1712,09:31:09,3.45,--,130,44850,卖盘
1713,09:31:03,3.45,--,58,20010,卖盘
1714,09:30:45,3.45,--,5,1725,卖盘
1715,09:30:42,3.45,--,117,40365,卖盘
1716,09:30:36,3.45,--,5,1725,卖盘
1717,09:30:33,3.45,--,4,1380,卖盘
1718,09:30:30,3.45,--,5,1725,卖盘
1719,09:30:21,3.45,--,200,69000,卖盘
1720,09:30:09,3.45,--,14,4830,卖盘
1721,09:30:06,3.45,-0.01,2,690,卖盘
1722,09:30:03,3.46,-0.01,158,54668,卖盘
1723,09:30:00,3.47,--,0,0,买盘
1724,09:25:03,3.47,3.47,341,118327,买盘
