,time,price,change,volume,amount,type
0,15:00:03,10.21,--,3303,3372771,卖盘
1,14:57:00,10.21,--,3,3063,卖盘
2,14:56:57,10.21,-0.01,500,510500,卖盘
3,14:56:54,10.22,0.01,24,24528,买盘
4,14:56:51,10.21,--,6,6126,卖盘
5,14:56:48,10.21,-0.01,50,51050,卖盘
6,14:56:45,10.22,0.01,1,1022,买盘
7,14:56:39,10.21,--,7,7147,卖盘
8,14:56:36,10.21,--,125,127625,卖盘
9,14:56:33,10.21,0.01,2197,2243341,买盘
10,14:56:27,10.2,--,276,281520,卖盘
11,14:56:24,10.2,--,56,57119,卖盘
12,14:56:21,10.2,--,14,14279,卖盘
13,14:56:18,10.2,-0.01,83,84660,卖盘
14,14:56:15,10.21,--,19,19399,买盘
15,14:56:12,10.21,0.01,275,280775,买盘
16,14:56:03,10.2,-0.01,17,17340,卖盘
17,14:56:00,10.21,--,43,43903,买盘
18,14:55:54,10.21,--,48,49008,买盘
19,14:55:48,10.21,0.01,20,20420,买盘
20,14:55:45,10.2,-0.01,19,19380,卖盘
21,14:55:42,10.21,--,10,10210,买盘
22,14:55:39,10.21,--,34,34714,买盘
23,14:55:36,10.21,--,160,163360,买盘
24,14:55:33,10.21,0.01,42,42882,买盘
25,14:55:30,10.2,--,20,20400,卖盘
26,14:55:27,10.2,--,1,1019,卖盘
27,14:55:24,10.2,-0.01,36,36720,卖盘
28,14:55:18,10.21,--,2,2042,买盘
29,14:55:12,10.21,--,5,5105,买盘
30,14:55:09,10.21,0.01,1,1021,买盘
31,14:55:03,10.2,-0.01,17,17340,卖盘
32,14:55:00,10.21,--,28,28588,买盘
33,14:54:57,10.21,--,35,35735,买盘
34,14:54:51,10.21,--,4,4084,买盘
35,14:54:48,10.21,--,10,10210,买盘
36,14:54:45,10.21,--,26,26546,买盘
37,14:54:39,10.21,--,54,55134,买盘
38,14:54:33,10.21,0.01,1,1021,买盘
39,14:54:27,10.2,-0.01,97,99939,卖盘
40,14:54:24,10.21,0.01,22,22462,买盘
41,14:54:12,10.2,-0.01,39,39780,卖盘
42,14:54:09,10.21,--,10,10210,买盘
43,14:54:03,10.21,--,363,370623,买盘
44,14:54:00,10.21,--,145,148045,买盘
45,14:53:57,10.21,0.01,5,5105,买盘
46,14:53:51,10.2,-0.01,1,1019,卖盘
47,14:53:48,10.21,0.01,2,2042,买盘
48,14:53:45,10.2,--,16,16319,卖盘
49,14:53:42,10.2,--,122,124439,卖盘
50,14:53:30,10.2,-0.01,200,204000,卖盘
51,14:53:27,10.21,0.01,30,30630,卖盘
52,14:53:24,10.2,--,16,16319,卖盘
53,14:53:18,10.2,-0.01,203,207060,卖盘
54,14:53:15,10.21,--,34,35122,买盘
55,14:53:12,10.21,--,24,24504,买盘
56,14:53:06,10.21,--,1,1021,买盘
57,14:53:03,10.21,--,34,34714,买盘
58,14:53:00,10.21,--,9,9801,卖盘
59,14:52:54,10.21,--,0,408,买盘
60,14:52:51,10.21,--,94,95974,买盘
61,14:52:48,10.21,--,29,29609,卖盘
62,14:52:45,10.21,--,16,16336,卖盘
63,14:52:42,10.21,-0.01,1,1021,卖盘
64,14:52:39,10.22,0.01,40,40880,买盘
65,14:52:36,10.21,--,49,50029,卖盘
66,14:52:33,10.21,-0.01,1,1021,卖盘
67,14:52:30,10.22,0.01,6,6132,买盘
68,14:52:27,10.21,--,62,63302,卖盘
69,14:52:24,10.21,--,19,19399,卖盘
70,14:52:15,10.21,--,1,1021,卖盘
71,14:52:12,10.21,--,20,20420,卖盘
72,14:52:03,10.21,--,16,16336,卖盘
73,14:52:00,10.21,-0.01,7,7147,卖盘
74,14:51:57,10.22,--,2,2044,买盘
75,14:51:54,10.22,--,15,15330,买盘
76,14:51:48,10.22,0.01,1200,1226400,买盘
77,14:51:42,10.21,0.01,10,10210,卖盘
78,14:51:39,10.2,-0.01,2,2039,卖盘
79,14:51:36,10.21,0.01,21,21441,买盘
80,14:51:27,10.2,-0.01,41,41820,卖盘
81,14:51:18,10.21,--,25,25525,卖盘
82,14:51:15,10.21,0.01,6,6126,中性盘
83,14:51:12,10.2,-0.01,20,20400,卖盘
84,14:51:03,10.21,--,115,117415,买盘
85,14:50:57,10.21,--,66,67386,买盘
86,14:50:54,10.21,--,18,18378,买盘
87,14:50:51,10.21,0.01,84,85764,买盘
88,14:50:48,10.2,-0.01,9,9180,卖盘
89,14:50:45,10.21,--,1,1021,买盘
90,14:50:42,10.21,--,59,60239,买盘
91,14:50:36,10.21,--,206,210326,买盘
92,14:50:33,10.21,--,131,133751,买盘
93,14:50:30,10.21,--,66,67386,买盘
94,14:50:27,10.21,--,62,63302,买盘
95,14:50:21,10.21,0.01,15,15315,买盘
96,14:50:18,10.2,-0.01,6009,6129180,卖盘
97,14:50:12,10.21,0.01,70,71470,买盘
98,14:50:09,10.2,-0.01,10,10200,卖盘
99,14:50:03,10.21,--,18,18378,买盘
100,14:50:00,10.21,--,121,123541,买盘
101,14:49:57,10.21,--,17,17357,买盘
102,14:49:54,10.21,--,1,1021,买盘
103,14:49:48,10.21,0.01,126,128646,买盘
104,14:49:45,10.2,--,9,9180,卖盘
105,14:49:42,10.2,-0.01,9,9180,卖盘
106,14:49:36,10.21,--,16,16336,买盘
107,14:49:33,10.21,0.01,2,2042,买盘
108,14:49:27,10.2,--,42,42840,卖盘
109,14:49:18,10.2,-0.01,13,13259,卖盘
110,14:49:09,10.21,-0.01,578,590454,卖盘
111,14:49:03,10.22,--,3,3066,买盘
112,14:48:57,10.22,0.01,3,3066,买盘
113,14:48:54,10.21,--,6,6126,卖盘
114,14:48:51,10.21,--,192,196328,卖盘
115,14:48:48,10.21,-0.01,2,2042,卖盘
116,14:48:42,10.22,--,111,113442,买盘
117,14:48:33,10.22,0.01,5,5110,买盘
118,14:48:30,10.21,--,62,63710,卖盘
119,14:48:27,10.21,--,42,42882,卖盘
120,14:48:24,10.21,--,10,10210,卖盘
121,14:48:21,10.21,-0.01,378,385938,卖盘
122,14:48:18,10.22,0.01,49,50078,买盘
123,14:48:15,10.21,--,1,1021,卖盘
124,14:48:06,10.21,-0.01,5,5105,卖盘
125,14:48:00,10.22,--,49,50078,买盘
126,14:47:57,10.22,0.01,3,3066,买盘
127,14:47:45,10.21,-0.01,45,45945,卖盘
128,14:47:42,10.22,0.01,1,1022,买盘
129,14:47:39,10.21,-0.01,7,7147,卖盘
130,14:47:33,10.22,--,3,3066,买盘
131,14:47:27,10.22,--,61,62342,买盘
132,14:47:24,10.22,0.01,45,45990,买盘
133,14:47:12,10.21,-0.01,3,3063,卖盘
134,14:47:03,10.22,--,31,31682,买盘
135,14:46:57,10.22,0.01,3,3066,买盘
136,14:46:51,10.21,--,15,15315,卖盘
137,14:46:42,10.21,-0.01,10,10210,卖盘
138,14:46:39,10.22,0.01,2,2044,买盘
139,14:46:36,10.21,-0.01,5,5105,卖盘
140,14:46:33,10.22,0.01,2,2044,买盘
141,14:46:27,10.21,-0.01,46,46966,卖盘
142,14:46:24,10.22,0.01,1,1022,买盘
143,14:46:18,10.21,--,4,4084,卖盘
144,14:46:09,10.21,--,2,2042,卖盘
145,14:46:00,10.21,--,1,1021,卖盘
146,14:45:57,10.21,--,25,25525,卖盘
147,14:45:54,10.21,--,62,63302,卖盘
148,14:45:51,10.21,--,1,1021,卖盘
149,14:45:45,10.21,--,276,281796,卖盘
150,14:45:33,10.21,--,22,22462,卖盘
151,14:45:27,10.21,-0.01,103,105163,卖盘
152,14:45:21,10.22,0.01,8,8176,买盘
153,14:45:18,10.21,-0.01,6,6126,卖盘
154,14:45:12,10.22,--,20,20440,买盘
155,14:45:06,10.22,--,20,20440,买盘
156,14:45:03,10.22,0.01,7,7154,买盘
157,14:45:00,10.21,-0.01,62,63302,卖盘
158,14:44:57,10.22,0.01,2,2044,买盘
159,14:44:54,10.21,--,107,109247,卖盘
160,14:44:48,10.21,-0.01,1,1021,卖盘
161,14:44:45,10.22,0.01,1,1022,买盘
162,14:44:42,10.21,--,50,51050,卖盘
163,14:44:36,10.21,-0.01,62,63302,卖盘
164,14:44:30,10.22,--,2,2044,买盘
165,14:44:27,10.22,--,53,54166,买盘
166,14:44:24,10.22,0.01,1,1022,买盘
167,14:44:18,10.21,-0.01,5,5105,卖盘
168,14:44:09,10.22,--,1,1022,买盘
169,14:44:06,10.22,--,4,4088,买盘
170,14:44:03,10.22,0.01,3,3066,买盘
171,14:44:00,10.21,-0.01,70,71470,卖盘
172,14:43:57,10.22,0.01,2,2044,买盘
173,14:43:51,10.21,-0.01,25,25525,卖盘
174,14:43:42,10.22,--,10,10220,买盘
175,14:43:39,10.22,--,2,2044,买盘
176,14:43:33,10.22,--,20,20440,买盘
177,14:43:30,10.22,--,24,24528,买盘
178,14:43:27,10.22,--,57,58254,买盘
179,14:43:18,10.22,--,9,9198,买盘
180,14:43:09,10.22,0.01,20,20440,买盘
181,14:43:03,10.21,-0.01,16,16336,卖盘
182,14:42:57,10.22,0.01,3,3066,买盘
183,14:42:45,10.21,--,1,1021,卖盘
184,14:42:39,10.21,-0.01,1,1021,卖盘
185,14:42:36,10.22,--,22,22484,买盘
186,14:42:33,10.22,0.01,13,13286,买盘
187,14:42:27,10.21,--,46,46966,卖盘
188,14:42:21,10.21,-0.01,20,20420,卖盘
189,14:42:15,10.22,0.01,54,55188,买盘
190,14:42:06,10.21,-0.01,2,2042,卖盘
191,14:42:03,10.22,--,3,3066,买盘
192,14:41:57,10.22,0.01,18,18396,买盘
193,14:41:54,10.21,--,14,14294,卖盘
194,14:41:36,10.21,-0.01,33,33693,卖盘
195,14:41:33,10.22,0.01,2,2044,买盘
196,14:41:30,10.21,--,25,25525,卖盘
197,14:41:15,10.21,-0.01,210,214410,卖盘
198,14:41:12,10.22,0.01,20,20440,买盘
199,14:41:09,10.21,-0.01,4,4084,卖盘
200,14:41:03,10.22,--,1,1022,买盘
201,14:41:00,10.22,--,1,1022,买盘
202,14:40:57,10.22,0.01,3,3066,买盘
203,14:40:51,10.21,-0.01,1,1021,卖盘
204,14:40:45,10.22,--,3,3066,买盘
205,14:40:42,10.22,--,1,1022,买盘
206,14:40:39,10.22,--,8,8176,买盘
207,14:40:33,10.22,0.01,19,19418,买盘
208,14:40:30,10.21,-0.01,23,23483,卖盘
209,14:40:27,10.22,--,100,102200,买盘
210,14:40:21,10.22,--,18,18396,买盘
211,14:40:18,10.22,--,110,112420,买盘
212,14:40:09,10.22,0.01,100,102200,买盘
213,14:40:06,10.21,-0.01,100,102100,卖盘
214,14:39:57,10.22,0.01,5,5110,买盘
215,14:39:42,10.21,--,200,204200,卖盘
216,14:39:24,10.21,-0.01,73,74533,卖盘
217,14:39:06,10.22,0.01,25,25550,买盘
218,14:39:00,10.21,-0.01,1,1021,卖盘
219,14:38:57,10.22,0.01,5,5110,买盘
220,14:38:30,10.21,--,15,15315,卖盘
221,14:38:27,10.21,--,5,5105,卖盘
222,14:38:15,10.21,-0.01,50,51050,卖盘
223,14:38:12,10.22,0.01,1,1022,买盘
224,14:38:03,10.21,-0.01,3,3063,卖盘
225,14:37:57,10.22,0.01,5,5110,买盘
226,14:37:48,10.21,--,2,2042,卖盘
227,14:37:39,10.21,--,53,54113,买盘
228,14:37:36,10.21,--,10,10210,买盘
229,14:37:33,10.21,--,11,11231,买盘
230,14:37:30,10.21,--,10,10210,买盘
231,14:37:27,10.21,--,21,21441,买盘
232,14:37:12,10.21,--,30,30630,买盘
233,14:37:09,10.21,--,37,37777,买盘
234,14:37:06,10.21,--,10,10210,买盘
235,14:37:03,10.21,--,3,3063,买盘
236,14:36:51,10.21,0.01,1,1021,中性盘
237,14:36:48,10.2,-0.02,4060,4141199,卖盘
238,14:36:33,10.22,--,2,2044,买盘
239,14:36:30,10.22,--,10,10220,买盘
240,14:36:21,10.22,--,57,58254,买盘
241,14:36:12,10.22,--,109,111398,买盘
242,14:36:06,10.22,--,10,10220,买盘
243,14:36:03,10.22,--,3,3066,买盘
244,14:35:54,10.22,--,105,107310,卖盘
245,14:35:51,10.22,--,5,5110,卖盘
246,14:35:36,10.22,-0.01,2,2044,卖盘
247,14:35:33,10.23,--,21,21483,买盘
248,14:35:30,10.23,0.01,18,18414,买盘
249,14:35:09,10.22,-0.01,1,1022,买盘
250,14:35:06,10.23,0.01,233,238359,买盘
251,14:35:03,10.22,--,3,3066,买盘
252,14:34:51,10.22,--,44,45938,卖盘
253,14:34:48,10.22,--,1,1022,卖盘
254,14:34:45,10.22,--,12,12264,卖盘
255,14:34:39,10.22,-0.01,2,2044,卖盘
256,14:34:36,10.23,--,1,1023,买盘
257,14:34:33,10.23,0.01,23,23529,买盘
258,14:34:24,10.22,--,13,13286,卖盘
259,14:34:15,10.22,-0.01,100,102200,卖盘
260,14:34:09,10.23,--,10,10230,买盘
261,14:34:03,10.23,--,4,4092,买盘
262,14:33:57,10.23,0.01,5,5115,买盘
263,14:33:54,10.22,--,50,51100,卖盘
264,14:33:48,10.22,--,1,1022,卖盘
265,14:33:42,10.22,-0.01,16,16352,卖盘
266,14:33:36,10.23,0.01,12,12276,买盘
267,14:33:21,10.22,--,10,10220,卖盘
268,14:33:15,10.22,-0.01,9,9198,卖盘
269,14:33:09,10.23,--,28,28644,买盘
270,14:33:06,10.23,--,12,12276,买盘
271,14:32:54,10.23,0.01,1,1023,买盘
272,14:32:45,10.22,--,22,22535,买盘
273,14:32:42,10.22,--,72,73584,买盘
274,14:32:36,10.22,--,28,28616,买盘
275,14:32:33,10.22,--,3,3066,买盘
276,14:32:30,10.22,--,17,17374,买盘
277,14:32:27,10.22,0.01,15,15330,买盘
278,14:32:24,10.21,-0.01,1,1021,卖盘
279,14:32:15,10.22,--,202,206444,买盘
280,14:32:09,10.22,--,21,21462,买盘
281,14:32:06,10.22,--,25,25550,买盘
282,14:32:03,10.22,--,9,9198,买盘
283,14:32:00,10.22,--,4,4088,买盘
284,14:31:57,10.22,--,77,78694,买盘
285,14:31:51,10.22,--,10,10220,买盘
286,14:31:48,10.22,--,49,50078,买盘
287,14:31:36,10.22,--,28,28616,买盘
288,14:31:30,10.22,--,4,4088,买盘
289,14:31:21,10.22,--,40,40880,买盘
290,14:31:18,10.22,--,617,630574,买盘
291,14:31:12,10.22,--,6,6132,买盘
292,14:31:09,10.22,--,49,50078,买盘
293,14:31:06,10.22,0.01,12,12264,买盘
294,14:31:03,10.21,-0.01,1,1021,卖盘
295,14:31:00,10.22,0.01,206,210532,买盘
296,14:30:57,10.21,--,85,86785,买盘
297,14:30:54,10.21,-0.01,2183,2228843,卖盘
298,14:30:51,10.22,--,25,25550,买盘
299,14:30:45,10.22,--,16,16352,买盘
300,14:30:42,10.22,--,14,14308,买盘
301,14:30:39,10.22,--,1,1022,买盘
302,14:30:36,10.22,0.01,33,33726,买盘
303,14:30:33,10.21,-0.01,3,3063,卖盘
304,14:30:21,10.22,--,51,52122,买盘
305,14:30:15,10.22,0.01,43,43946,买盘
306,14:30:09,10.21,-0.01,9,9189,卖盘
307,14:30:06,10.22,--,35,35770,买盘
308,14:29:57,10.22,0.01,13,13286,买盘
309,14:29:54,10.21,--,107,109247,卖盘
310,14:29:48,10.21,-0.01,24,24504,卖盘
311,14:29:45,10.22,0.01,2,2044,买盘
312,14:29:42,10.21,-0.01,3,3063,卖盘
313,14:29:36,10.22,0.01,9,9198,买盘
314,14:29:33,10.21,-0.01,9,9189,卖盘
315,14:29:21,10.22,--,100,102200,买盘
316,14:29:12,10.22,--,40,40880,买盘
317,14:29:06,10.22,--,9,9198,买盘
318,14:29:03,10.22,--,1,1022,买盘
319,14:28:57,10.22,--,5,5110,买盘
320,14:28:54,10.22,0.01,1,1022,买盘
321,14:28:48,10.21,-0.01,1,1021,卖盘
322,14:28:36,10.22,0.01,9,9198,买盘
323,14:28:21,10.21,-0.01,2,2042,卖盘
324,14:28:06,10.22,--,9,9198,买盘
325,14:27:57,10.22,0.01,6,6132,买盘
326,14:27:42,10.21,-0.01,10,10210,卖盘
327,14:27:36,10.22,0.01,15,15330,买盘
328,14:27:21,10.21,--,10,10210,卖盘
329,14:27:15,10.21,-0.01,15,15315,卖盘
330,14:27:06,10.22,0.01,9,9198,买盘
331,14:27:03,10.21,-0.01,1,1021,卖盘
332,14:26:57,10.22,0.01,5,5110,买盘
333,14:26:51,10.21,-0.01,100,102100,卖盘
334,14:26:48,10.22,--,5,5110,买盘
335,14:26:36,10.22,--,9,9198,买盘
336,14:26:24,10.22,--,50,51100,买盘
337,14:26:21,10.22,--,27,27594,买盘
338,14:26:15,10.22,--,6,6132,买盘
339,14:26:09,10.22,--,63,64386,买盘
340,14:26:06,10.22,0.01,10,10220,买盘
341,14:26:00,10.21,-0.01,15,15315,卖盘
342,14:25:57,10.22,--,5,5110,买盘
343,14:25:54,10.22,--,6,6132,买盘
344,14:25:45,10.22,0.01,5,5110,买盘
345,14:25:39,10.21,-0.01,3,3063,卖盘
346,14:25:36,10.22,--,10,10220,买盘
347,14:25:24,10.22,0.01,50,51100,买盘
348,14:25:18,10.21,--,1,1021,卖盘
349,14:25:12,10.21,-0.01,20,20420,卖盘
350,14:25:06,10.22,0.01,9,9198,买盘
351,14:25:03,10.21,--,50,51050,卖盘
352,14:25:00,10.21,-0.01,1,1021,卖盘
353,14:24:57,10.22,--,70,71540,买盘
354,14:24:54,10.22,--,20,20440,买盘
355,14:24:45,10.22,0.01,5,5110,买盘
356,14:24:42,10.21,--,1,1021,卖盘
357,14:24:39,10.21,-0.01,30,30630,卖盘
358,14:24:36,10.22,--,9,9198,买盘
359,14:24:30,10.22,0.01,59,60298,买盘
360,14:24:15,10.21,-0.01,30,30630,卖盘
361,14:24:06,10.22,0.01,9,9198,买盘
362,14:24:03,10.21,--,50,51050,卖盘
363,14:24:00,10.21,-0.01,10,10210,卖盘
364,14:23:57,10.22,--,5,5110,买盘
365,14:23:48,10.22,--,5,5110,买盘
366,14:23:45,10.22,--,7,7154,买盘
367,14:23:39,10.22,--,5,5110,买盘
368,14:23:36,10.22,0.01,59,60298,买盘
369,14:23:33,10.21,-0.01,1,1021,卖盘
370,14:23:30,10.22,0.01,5,5110,买盘
371,14:23:21,10.21,-0.01,200,204200,卖盘
372,14:23:06,10.22,--,9,9198,买盘
373,14:23:03,10.22,--,1,1022,买盘
374,14:22:57,10.22,0.01,6,6132,买盘
375,14:22:45,10.21,-0.01,5,5105,卖盘
376,14:22:36,10.22,--,12,12264,买盘
377,14:22:30,10.22,0.01,5,5110,买盘
378,14:22:24,10.21,--,10,10210,卖盘
379,14:22:18,10.21,--,197,201137,卖盘
380,14:22:15,10.21,-0.01,30,30630,卖盘
381,14:22:06,10.22,0.01,9,9198,买盘
382,14:22:00,10.21,-0.01,14,14294,卖盘
383,14:21:57,10.22,--,5,5110,买盘
384,14:21:45,10.22,0.01,22,22484,买盘
385,14:21:42,10.21,-0.01,1,1021,卖盘
386,14:21:36,10.22,0.01,9,9198,买盘
387,14:21:30,10.21,-0.01,10,10210,卖盘
388,14:21:21,10.22,--,27,27594,买盘
389,14:21:06,10.22,0.01,9,9198,买盘
390,14:21:03,10.21,-0.01,19,19399,卖盘
391,14:21:00,10.22,--,5,5110,买盘
392,14:20:57,10.22,--,2,2044,买盘
393,14:20:51,10.22,0.01,20,20440,买盘
394,14:20:42,10.21,-0.01,15,15315,卖盘
395,14:20:36,10.22,0.01,9,9198,买盘
396,14:20:27,10.21,-0.01,2,2042,卖盘
397,14:20:24,10.22,0.01,5,5110,买盘
398,14:20:15,10.21,--,100,102100,卖盘
399,14:20:12,10.21,--,101,103121,卖盘
400,14:20:03,10.21,-0.01,1,1021,卖盘
401,14:20:00,10.22,0.01,6,6132,买盘
402,14:19:57,10.21,-0.01,10,10210,中性盘
403,14:19:42,10.22,--,1,1022,买盘
404,14:19:36,10.22,0.02,13,13286,买盘
405,14:19:33,10.2,-0.01,13,13259,卖盘
406,14:19:27,10.21,--,1,1021,卖盘
407,14:19:21,10.21,0.01,33,33693,中性盘
408,14:19:18,10.2,-0.01,580,591600,卖盘
409,14:19:12,10.21,-0.01,24,24504,卖盘
410,14:19:06,10.22,0.01,13,13286,买盘
411,14:19:00,10.21,--,24,24504,卖盘
412,14:18:57,10.21,-0.01,11,11231,卖盘
413,14:18:51,10.22,0.01,1,1022,买盘
414,14:18:48,10.21,--,25,25525,卖盘
415,14:18:39,10.21,--,23,23483,卖盘
416,14:18:27,10.21,--,41,41861,卖盘
417,14:18:24,10.21,-0.01,10,10210,卖盘
418,14:18:18,10.22,0.01,1,1022,买盘
419,14:18:15,10.21,-0.01,25,25525,卖盘
420,14:18:12,10.22,0.01,256,261632,买盘
421,14:18:09,10.21,-0.01,0,193,卖盘
422,14:18:06,10.22,0.01,98,100156,买盘
423,14:17:57,10.21,-0.01,9,9189,卖盘
424,14:17:54,10.22,0.01,27,27594,买盘
425,14:17:51,10.21,--,10,10210,卖盘
426,14:17:48,10.21,--,27,27567,卖盘
427,14:17:42,10.21,--,203,207263,卖盘
428,14:17:36,10.21,--,5,5809,卖盘
429,14:17:33,10.21,--,24,24504,卖盘
430,14:17:27,10.21,--,10,10210,卖盘
431,14:17:21,10.21,--,24,24504,卖盘
432,14:17:18,10.21,--,0,183,卖盘
433,14:17:15,10.21,--,21,21441,卖盘
434,14:17:09,10.21,-0.01,55,56155,中性盘
435,14:17:06,10.22,0.01,1,1022,买盘
436,14:17:03,10.21,0.01,8,8168,买盘
437,14:17:00,10.2,-0.01,2024,2064479,卖盘
438,14:16:54,10.21,0.01,5,5105,买盘
439,14:16:48,10.2,-0.01,25,25500,卖盘
440,14:16:45,10.21,-0.01,193,197726,卖盘
441,14:16:42,10.22,0.01,30,30660,买盘
442,14:16:36,10.21,--,22,22462,卖盘
443,14:16:33,10.21,-0.01,10,10210,卖盘
444,14:16:30,10.22,0.01,9,9198,买盘
445,14:16:27,10.21,--,321,327741,卖盘
446,14:16:24,10.21,--,25,25525,卖盘
447,14:16:18,10.21,--,31,31651,卖盘
448,14:16:15,10.21,--,22,22462,卖盘
449,14:16:12,10.21,--,102,104142,卖盘
450,14:16:03,10.21,--,25,25525,卖盘
451,14:15:57,10.21,--,12,12252,卖盘
452,14:15:54,10.21,--,22,22462,卖盘
453,14:15:42,10.21,--,240,245387,买盘
454,14:15:36,10.21,--,15,15315,买盘
455,14:15:33,10.21,0.01,29,29609,买盘
456,14:15:24,10.2,--,100,102000,卖盘
457,14:15:21,10.2,-0.01,25,25500,卖盘
458,14:15:15,10.21,0.01,50,51050,买盘
459,14:15:12,10.2,-0.01,10,10200,卖盘
460,14:15:09,10.21,0.01,1025,1046525,买盘
461,14:15:06,10.2,-0.01,100,102000,卖盘
462,14:15:03,10.21,0.01,3,3063,买盘
463,14:15:00,10.2,-0.01,55,56099,卖盘
464,14:14:57,10.21,0.01,1,1021,买盘
465,14:14:54,10.2,-0.01,1,1019,卖盘
466,14:14:48,10.21,0.01,47,47987,买盘
467,14:14:42,10.2,--,500,509999,卖盘
468,14:14:39,10.2,--,20,20400,卖盘
469,14:14:36,10.2,-0.01,24,24480,卖盘
470,14:14:33,10.21,--,2,2042,买盘
471,14:14:30,10.21,0.01,19,19399,买盘
472,14:14:24,10.2,-0.01,25,25500,卖盘
473,14:14:21,10.21,0.01,1,1021,买盘
474,14:14:18,10.2,--,1,1019,卖盘
475,14:14:15,10.2,--,26,26519,卖盘
476,14:14:03,10.2,--,26,26519,卖盘
477,14:14:00,10.2,--,10,10200,卖盘
478,14:13:57,10.2,--,50,51000,卖盘
479,14:13:51,10.2,--,26,26519,卖盘
480,14:13:48,10.2,--,6,6120,卖盘
481,14:13:42,10.2,--,22,22440,卖盘
482,14:13:39,10.2,-0.01,500,509999,卖盘
483,14:13:36,10.21,--,50,51050,买盘
484,14:13:33,10.21,0.01,2,2042,买盘
485,14:13:30,10.2,--,25,25500,卖盘
486,14:13:18,10.2,--,24,24480,卖盘
487,14:13:12,10.2,--,37,37740,卖盘
488,14:13:06,10.2,-0.01,24,24480,卖盘
489,14:13:00,10.21,--,7,7147,买盘
490,14:12:57,10.21,--,30,30630,买盘
491,14:12:48,10.21,0.01,48,49008,买盘
492,14:12:45,10.2,-0.01,25,25500,卖盘
493,14:12:42,10.21,0.01,6,6126,买盘
494,14:12:39,10.2,-0.01,5,5100,卖盘
495,14:12:36,10.21,0.01,79,80659,买盘
496,14:12:33,10.2,--,24,24480,卖盘
497,14:12:24,10.2,--,25,25500,卖盘
498,14:12:21,10.2,-0.01,20,20400,卖盘
499,14:12:18,10.21,--,37,37777,买盘
500,14:12:15,10.21,0.01,1,1021,买盘
501,14:12:12,10.2,--,23,23460,卖盘
502,14:12:09,10.2,--,5,5100,卖盘
503,14:12:03,10.2,0.01,37,37740,买盘
504,14:12:00,10.19,-0.01,23,23437,卖盘
505,14:11:57,10.2,--,50,51000,买盘
506,14:11:54,10.2,--,16,16319,买盘
507,14:11:51,10.2,--,32,32639,买盘
508,14:11:48,10.2,--,510,520199,买盘
509,14:11:42,10.2,0.01,13,13259,买盘
510,14:11:39,10.19,--,25,25475,卖盘
511,14:11:36,10.19,-0.01,1,1019,卖盘
512,14:11:33,10.2,--,53,54059,买盘
513,14:11:30,10.2,0.01,32,32639,买盘
514,14:11:27,10.19,--,30,30570,卖盘
515,14:11:21,10.19,-0.01,5,5095,卖盘
516,14:11:18,10.2,0.01,49,49980,中性盘
517,14:11:06,10.19,-0.01,27,27513,卖盘
518,14:11:00,10.2,--,1,1019,卖盘
519,14:10:57,10.2,--,115,117299,卖盘
520,14:10:54,10.2,--,122,124439,卖盘
521,14:10:45,10.2,--,60,61199,卖盘
522,14:10:42,10.2,--,7,7139,卖盘
523,14:10:33,10.2,-0.01,23,23460,卖盘
524,14:10:30,10.21,0.01,1,1021,买盘
525,14:10:27,10.2,--,15,15299,卖盘
526,14:10:24,10.2,--,40,40800,卖盘
527,14:10:21,10.2,--,73,74460,卖盘
528,14:10:15,10.2,--,27,27539,卖盘
529,14:10:12,10.2,--,22,22440,卖盘
530,14:10:06,10.2,--,125,127499,卖盘
531,14:10:00,10.2,--,29,29579,卖盘
532,14:09:57,10.2,--,5,5100,卖盘
533,14:09:54,10.2,--,100,102000,卖盘
534,14:09:51,10.2,-0.01,25,25500,卖盘
535,14:09:48,10.21,0.01,25,25525,买盘
536,14:09:45,10.2,--,1,1019,卖盘
537,14:09:39,10.2,--,536,546720,卖盘
538,14:09:36,10.2,--,1,1019,卖盘
539,14:09:33,10.2,--,15,15299,卖盘
540,14:09:30,10.2,--,20,20400,卖盘
541,14:09:27,10.2,--,23,23460,卖盘
542,14:09:15,10.2,--,44,44880,卖盘
543,14:09:06,10.2,-0.01,24,24480,卖盘
544,14:09:03,10.21,--,1,1021,买盘
545,14:09:00,10.21,0.01,9,9189,买盘
546,14:08:57,10.2,--,205,209099,卖盘
547,14:08:54,10.2,--,31,31619,卖盘
548,14:08:42,10.2,-0.01,68,69360,卖盘
549,14:08:39,10.21,0.01,10,10210,买盘
550,14:08:33,10.2,--,26,26519,卖盘
551,14:08:27,10.2,--,106,108119,卖盘
552,14:08:21,10.2,--,25,25500,卖盘
553,14:08:12,10.2,-0.01,26,26519,卖盘
554,14:08:06,10.21,0.01,20,20420,买盘
555,14:08:00,10.2,--,26,26519,卖盘
556,14:07:57,10.2,-0.01,246,250919,卖盘
557,14:07:51,10.21,0.01,1,1021,买盘
558,14:07:48,10.2,--,68,69360,卖盘
559,14:07:45,10.2,--,93,94860,卖盘
560,14:07:39,10.2,--,25,25500,卖盘
561,14:07:27,10.2,--,22,22440,卖盘
562,14:07:15,10.2,--,32,32639,卖盘
563,14:07:12,10.2,--,2,2039,卖盘
564,14:07:09,10.2,--,333,339660,买盘
565,14:07:06,10.2,0.01,10,10200,买盘
566,14:07:03,10.19,-0.01,30,30570,卖盘
567,14:07:00,10.2,0.01,12,12240,买盘
568,14:06:57,10.19,-0.01,3,3057,卖盘
569,14:06:54,10.2,--,145,147900,买盘
570,14:06:51,10.2,--,10,10200,买盘
571,14:06:48,10.2,--,6,6120,买盘
572,14:06:42,10.2,0.01,86,87720,买盘
573,14:06:39,10.19,-0.01,2,2038,卖盘
574,14:06:36,10.2,--,50,51000,买盘
575,14:06:33,10.2,0.01,3,3060,买盘
576,14:06:30,10.19,-0.01,135,137565,卖盘
577,14:06:27,10.2,--,10,10200,买盘
578,14:06:21,10.2,0.01,27,27539,买盘
579,14:06:18,10.19,--,6,6114,卖盘
580,14:06:09,10.19,--,24,24456,卖盘
581,14:06:06,10.19,-0.01,60,61140,卖盘
582,14:06:03,10.2,--,3,3060,买盘
583,14:06:00,10.2,--,107,109139,买盘
584,14:05:57,10.2,--,124,126479,买盘
585,14:05:54,10.2,--,84,85680,买盘
586,14:05:51,10.2,--,3,3060,买盘
587,14:05:48,10.2,0.01,76,77520,买盘
588,14:05:45,10.19,-0.01,39,39741,卖盘
589,14:05:42,10.2,--,10,10200,买盘
590,14:05:39,10.2,0.01,60,61199,买盘
591,14:05:36,10.19,-0.01,80,81520,卖盘
592,14:05:33,10.2,--,12,12240,买盘
593,14:05:30,10.2,0.01,64,65279,买盘
594,14:05:27,10.19,--,139,141641,卖盘
595,14:05:24,10.19,-0.01,10,10190,卖盘
596,14:05:21,10.2,--,15,15299,买盘
597,14:05:18,10.2,0.01,6,6120,买盘
598,14:05:15,10.19,--,10,10190,卖盘
599,14:05:12,10.19,-0.01,50,50950,卖盘
600,14:05:09,10.2,--,15,15299,买盘
601,14:05:06,10.2,--,221,225419,买盘
602,14:05:03,10.2,0.01,3,3060,买盘
603,14:05:00,10.19,--,24,24456,卖盘
604,14:04:54,10.19,--,100,101900,卖盘
605,14:04:51,10.19,--,27,27513,卖盘
606,14:04:39,10.19,-0.01,22,22418,卖盘
607,14:04:33,10.2,--,13,13259,买盘
608,14:04:30,10.2,--,11,11220,买盘
609,14:04:27,10.2,--,29,29579,买盘
610,14:04:18,10.2,0.01,41,41820,买盘
611,14:04:06,10.19,-0.01,26,26494,卖盘
612,14:04:03,10.2,0.01,121,123419,买盘
613,14:04:00,10.19,--,338,344422,卖盘
614,14:03:54,10.19,-0.01,24,24456,卖盘
615,14:03:45,10.2,--,42,42840,买盘
616,14:03:42,10.2,--,10,10200,买盘
617,14:03:36,10.2,0.01,26,26519,买盘
618,14:03:33,10.19,--,24,24456,卖盘
619,14:03:27,10.19,-0.01,238,242522,卖盘
620,14:03:24,10.2,0.01,15,15299,买盘
621,14:03:21,10.19,-0.01,2923,2979077,卖盘
622,14:03:12,10.2,-0.01,24,24480,卖盘
623,14:03:09,10.21,0.01,185,188885,买盘
624,14:03:03,10.2,--,18,18360,卖盘
625,14:03:00,10.2,-0.01,24,24480,卖盘
626,14:02:57,10.21,--,5,5105,买盘
627,14:02:54,10.21,0.01,80,81680,买盘
628,14:02:51,10.2,-0.01,16,16319,卖盘
629,14:02:48,10.21,0.01,93,94953,买盘
630,14:02:45,10.2,--,203,207060,卖盘
631,14:02:42,10.2,--,1,1019,卖盘
632,14:02:39,10.2,-0.01,18,18360,卖盘
633,14:02:36,10.21,--,101,103121,买盘
634,14:02:33,10.21,--,2,2042,买盘
635,14:02:30,10.21,--,20,20420,买盘
636,14:02:27,10.21,--,11,11231,买盘
637,14:02:21,10.21,0.01,142,144982,买盘
638,14:02:18,10.2,-0.01,16,16319,卖盘
639,14:02:12,10.21,0.01,1,1021,买盘
640,14:02:09,10.2,-0.01,42,42840,卖盘
641,14:02:06,10.21,--,42,42882,买盘
642,14:02:03,10.21,0.01,4,4084,买盘
643,14:02:00,10.2,-0.01,77,78540,卖盘
644,14:01:57,10.21,0.01,47,47987,买盘
645,14:01:45,10.2,--,19,19380,卖盘
646,14:01:33,10.2,--,19,19380,卖盘
647,14:01:30,10.2,--,26,26519,卖盘
648,14:01:27,10.2,--,57,58139,卖盘
649,14:01:24,10.2,--,22,22440,卖盘
650,14:01:21,10.2,--,1,1019,卖盘
651,14:01:18,10.2,--,1,1019,卖盘
652,14:01:12,10.2,--,16,16319,卖盘
653,14:01:09,10.2,--,6,6120,卖盘
654,14:01:06,10.2,--,6,6120,卖盘
655,14:01:03,10.2,--,4,4079,卖盘
656,14:01:00,10.2,--,26,26519,卖盘
657,14:00:48,10.2,--,150,153000,卖盘
658,14:00:42,10.2,-0.01,27,27907,卖盘
659,14:00:39,10.21,--,1,1021,买盘
660,14:00:33,10.21,0.01,32,32672,买盘
661,14:00:24,10.2,-0.01,24,24480,卖盘
662,14:00:21,10.21,--,6,6126,买盘
663,14:00:15,10.21,--,2,2042,买盘
664,14:00:12,10.21,0.01,49,50029,买盘
665,14:00:06,10.2,-0.01,2,2039,卖盘
666,14:00:03,10.21,--,3,3063,买盘
667,14:00:00,10.21,--,35,35735,买盘
668,13:59:57,10.21,--,3,3063,买盘
669,13:59:54,10.21,--,49,50029,买盘
670,13:59:48,10.21,0.01,1,1021,买盘
671,13:59:45,10.2,--,14,14279,卖盘
672,13:59:39,10.2,-0.01,20,20400,卖盘
673,13:59:33,10.21,--,2,2042,买盘
674,13:59:30,10.21,--,4,4084,买盘
675,13:59:24,10.21,--,1,1021,买盘
676,13:59:21,10.21,--,13,13273,买盘
677,13:59:12,10.21,--,5,5105,买盘
678,13:59:03,10.21,--,5,5105,买盘
679,13:58:57,10.21,0.01,1,1021,买盘
680,13:58:42,10.2,-0.01,78,79560,卖盘
681,13:58:39,10.21,--,49,50029,买盘
682,13:58:36,10.21,--,10,10210,买盘
683,13:58:33,10.21,--,3,3063,买盘
684,13:58:24,10.21,--,20,20420,买盘
685,13:58:09,10.21,--,49,50029,买盘
686,13:58:06,10.21,--,1,1021,买盘
687,13:58:03,10.21,--,3,3063,买盘
688,13:58:00,10.21,--,482,492122,卖盘
689,13:57:54,10.21,--,42,42882,卖盘
690,13:57:51,10.21,--,227,231767,卖盘
691,13:57:42,10.21,--,49,50029,买盘
692,13:57:36,10.21,-0.01,9,9189,卖盘
693,13:57:33,10.22,--,54,55188,买盘
694,13:57:27,10.22,0.01,6,6132,买盘
695,13:57:24,10.21,-0.01,6,6126,卖盘
696,13:57:21,10.22,0.01,136,138992,买盘
697,13:57:12,10.21,0.01,10,10210,中性盘
698,13:56:57,10.2,-0.02,3420,3489042,卖盘
699,13:56:54,10.22,0.01,1,1022,买盘
700,13:56:45,10.21,--,100,102100,卖盘
701,13:56:42,10.21,--,105,107205,卖盘
702,13:56:30,10.21,-0.01,77,78617,卖盘
703,13:56:27,10.22,0.01,20,20440,买盘
704,13:56:21,10.21,--,128,130688,卖盘
705,13:56:18,10.21,-0.01,40,40840,卖盘
706,13:56:15,10.22,0.01,1,1022,买盘
707,13:56:12,10.21,0.01,865,883165,买盘
708,13:56:09,10.2,-0.01,120,122399,卖盘
709,13:56:03,10.21,--,6,6126,买盘
710,13:56:00,10.21,--,8,8168,买盘
711,13:55:54,10.21,--,45,45945,买盘
712,13:55:48,10.21,--,2,2042,买盘
713,13:55:42,10.21,--,19,19399,买盘
714,13:55:39,10.21,--,3,3063,买盘
715,13:55:33,10.21,--,6,6126,买盘
716,13:55:30,10.21,--,17,17357,买盘
717,13:55:27,10.21,--,6,6126,买盘
718,13:55:24,10.21,--,20,20420,买盘
719,13:55:21,10.21,-0.01,435,444135,卖盘
720,13:55:15,10.22,--,22,22484,买盘
721,13:55:12,10.22,0.01,5,5110,买盘
722,13:55:06,10.21,--,1,1021,卖盘
723,13:55:03,10.21,-0.01,1,1021,卖盘
724,13:55:00,10.22,0.02,49,50078,买盘
725,13:54:57,10.2,--,11,11220,卖盘
726,13:54:42,10.2,-0.01,110,112199,卖盘
727,13:54:36,10.21,--,2,2042,卖盘
728,13:54:33,10.21,0.01,1,1021,中性盘
729,13:54:27,10.2,-0.02,100,102816,卖盘
730,13:54:24,10.22,0.02,10,10220,买盘
731,13:54:21,10.2,-0.01,143,145860,卖盘
732,13:54:18,10.21,-0.01,5,5105,买盘
733,13:54:15,10.22,0.02,1,1022,买盘
734,13:54:09,10.2,-0.01,5953,6072060,卖盘
735,13:54:00,10.21,-0.01,1,1021,卖盘
736,13:53:57,10.22,0.01,9,9198,买盘
737,13:53:54,10.21,-0.01,4,4084,卖盘
738,13:53:48,10.22,0.01,1,1022,买盘
739,13:53:42,10.21,-0.01,30,30630,卖盘
740,13:53:33,10.22,--,2,2044,买盘
741,13:53:30,10.22,0.01,4,4088,买盘
742,13:53:27,10.21,-0.01,9,9189,卖盘
743,13:53:24,10.22,--,12,12264,买盘
744,13:53:06,10.22,--,1,1022,买盘
745,13:52:57,10.22,--,3,3066,买盘
746,13:52:42,10.22,--,34,34748,买盘
747,13:52:39,10.22,--,2,2044,买盘
748,13:52:33,10.22,--,3,3066,买盘
749,13:52:27,10.22,0.01,4,4088,买盘
750,13:52:18,10.21,--,1,1021,卖盘
751,13:52:12,10.21,--,4,4084,卖盘
752,13:52:06,10.21,-0.01,7,7147,卖盘
753,13:51:57,10.22,0.01,6,6132,买盘
754,13:51:33,10.21,-0.01,2,2042,卖盘
755,13:51:30,10.22,--,7,7154,买盘
756,13:51:24,10.22,--,15,15330,买盘
757,13:51:21,10.22,--,21,21462,买盘
758,13:51:15,10.22,--,2,2044,买盘
759,13:51:06,10.22,--,49,50078,买盘
760,13:50:57,10.22,0.01,5,5110,买盘
761,13:50:51,10.21,-0.01,82,83722,卖盘
762,13:50:45,10.22,0.01,6,6132,买盘
763,13:50:33,10.21,-0.01,1,1021,卖盘
764,13:50:27,10.22,--,201,205422,买盘
765,13:50:06,10.22,--,7,7154,买盘
766,13:50:00,10.22,--,154,157388,买盘
767,13:49:57,10.22,--,5,5110,买盘
768,13:49:54,10.22,--,34,34748,买盘
769,13:49:42,10.22,--,6,6132,买盘
770,13:49:39,10.22,--,11,11242,买盘
771,13:49:24,10.22,--,10,10220,买盘
772,13:49:21,10.22,--,30,30660,买盘
773,13:49:12,10.22,--,20,20440,买盘
774,13:49:03,10.22,--,2,2044,买盘
775,13:48:57,10.22,0.01,5,5110,买盘
776,13:48:54,10.21,--,25,25525,卖盘
777,13:48:51,10.21,--,5,5105,卖盘
778,13:48:39,10.21,-0.01,60,61260,卖盘
779,13:48:21,10.22,--,1,1022,买盘
780,13:48:12,10.22,--,36,36792,买盘
781,13:48:03,10.22,--,1,1022,买盘
782,13:47:57,10.22,0.01,2,2044,买盘
783,13:47:48,10.21,-0.01,10,10414,卖盘
784,13:47:45,10.22,0.01,4,4088,买盘
785,13:47:30,10.21,-0.01,10,10210,卖盘
786,13:47:27,10.22,0.01,4,4088,买盘
787,13:47:24,10.21,--,37,38267,买盘
788,13:47:21,10.21,--,66,67386,买盘
789,13:47:18,10.21,--,25,25525,买盘
790,13:47:12,10.21,--,2,2042,买盘
791,13:47:09,10.21,--,40,40840,买盘
792,13:47:06,10.21,0.01,10,10210,买盘
793,13:47:03,10.2,-0.01,12,12240,卖盘
794,13:47:00,10.21,--,110,112310,买盘
795,13:46:57,10.21,--,19,19399,买盘
796,13:46:54,10.21,--,2,2042,买盘
797,13:46:48,10.21,--,10,10210,买盘
798,13:46:45,10.21,--,100,102100,买盘
799,13:46:42,10.21,--,30,30630,买盘
800,13:46:36,10.21,--,33,33693,买盘
801,13:46:33,10.21,--,21,21441,买盘
802,13:46:30,10.21,--,69,70449,买盘
803,13:46:27,10.21,--,2,2042,买盘
804,13:46:21,10.21,0.01,381,389001,买盘
805,13:46:18,10.2,-0.01,190,193800,卖盘
806,13:46:15,10.21,--,24,24504,买盘
807,13:46:09,10.21,-0.01,2521,2574471,卖盘
808,13:46:06,10.22,--,3,3066,卖盘
809,13:46:03,10.22,--,6,6132,卖盘
810,13:46:00,10.22,--,6,6132,卖盘
811,13:45:57,10.22,--,3,3066,卖盘
812,13:45:54,10.22,--,14,14308,卖盘
813,13:45:48,10.22,-0.01,10,10220,卖盘
814,13:45:45,10.23,--,42,42966,买盘
815,13:45:39,10.23,0.01,12,12276,买盘
816,13:45:33,10.22,--,8,8176,卖盘
817,13:45:27,10.22,-0.01,9,9198,卖盘
818,13:45:24,10.23,0.01,14,14322,买盘
819,13:45:21,10.22,0.01,161,164542,中性盘
820,13:45:15,10.21,-0.01,21,21441,卖盘
821,13:45:09,10.22,-0.01,439,449066,卖盘
822,13:45:06,10.23,0.01,13,13299,买盘
823,13:45:03,10.22,--,160,164133,卖盘
824,13:45:00,10.22,-0.01,4,4088,卖盘
825,13:44:57,10.23,0.01,2,2046,买盘
826,13:44:54,10.22,--,28,28616,卖盘
827,13:44:48,10.22,--,45,45990,卖盘
828,13:44:45,10.22,--,2,2044,卖盘
829,13:44:42,10.22,--,9,9198,卖盘
830,13:44:39,10.22,--,2,2044,卖盘
831,13:44:33,10.22,-0.01,11,11242,卖盘
832,13:44:27,10.23,0.01,35,35805,买盘
833,13:44:21,10.22,-0.01,10,10220,卖盘
834,13:44:18,10.23,0.01,6,6138,买盘
835,13:44:15,10.22,--,30,30660,卖盘
836,13:44:09,10.22,--,47,48034,买盘
837,13:44:06,10.22,--,69,70518,买盘
838,13:44:03,10.22,0.01,23,23506,买盘
839,13:44:00,10.21,-0.01,11,11231,卖盘
840,13:43:57,10.22,--,7,7154,买盘
841,13:43:54,10.22,-0.01,88,89936,卖盘
842,13:43:51,10.23,0.01,1,1023,买盘
843,13:43:48,10.22,--,36,36792,卖盘
844,13:43:36,10.22,-0.01,9,9198,卖盘
845,13:43:27,10.23,--,48,49104,买盘
846,13:43:24,10.23,0.02,5,5115,买盘
847,13:43:21,10.21,-0.02,309,315489,卖盘
848,13:43:18,10.23,0.01,49,50127,买盘
849,13:43:15,10.22,--,11,11242,卖盘
850,13:43:09,10.22,0.01,22,22484,买盘
851,13:43:03,10.21,-0.01,13,13273,卖盘
852,13:43:00,10.22,-0.01,20,20440,中性盘
853,13:42:57,10.23,0.02,5,5115,买盘
854,13:42:54,10.21,-0.01,10,10210,卖盘
855,13:42:45,10.22,0.01,3,3066,中性盘
856,13:42:42,10.21,-0.02,11,11231,卖盘
857,13:42:39,10.23,0.01,6,6138,买盘
858,13:42:36,10.22,--,7,7154,买盘
859,13:42:33,10.22,0.01,14,14308,买盘
860,13:42:30,10.21,-0.01,9,9189,卖盘
861,13:42:27,10.22,--,22,22484,买盘
862,13:42:24,10.22,--,16,16352,买盘
863,13:42:21,10.22,--,12,12264,买盘
864,13:42:18,10.22,--,1,1022,买盘
865,13:42:15,10.22,0.01,20,20440,买盘
866,13:42:12,10.21,--,37,37777,卖盘
867,13:42:09,10.21,-0.01,111,113331,卖盘
868,13:42:06,10.22,--,25,25550,买盘
869,13:41:57,10.22,--,90,91980,买盘
870,13:41:54,10.22,0.01,11,11242,买盘
871,13:41:48,10.21,-0.01,10,10210,卖盘
872,13:41:45,10.22,--,6,6132,买盘
873,13:41:39,10.22,--,6,6132,买盘
874,13:41:36,10.22,--,396,404712,买盘
875,13:41:30,10.22,--,102,104244,买盘
876,13:41:27,10.22,0.01,3,3066,买盘
877,13:41:24,10.21,-0.01,28,28588,卖盘
878,13:41:18,10.22,0.01,23,23506,买盘
879,13:41:12,10.21,-0.01,50,51050,卖盘
880,13:41:03,10.22,--,13,13286,买盘
881,13:41:00,10.22,--,794,811468,买盘
882,13:40:57,10.22,0.01,289,295358,买盘
883,13:40:51,10.21,-0.01,219,223599,卖盘
884,13:40:48,10.22,0.01,1,1022,买盘
885,13:40:45,10.21,-0.01,2,2042,卖盘
886,13:40:42,10.22,0.01,550,562100,买盘
887,13:40:39,10.21,-0.01,9,9189,卖盘
888,13:40:36,10.22,--,14,14308,买盘
889,13:40:33,10.22,0.01,55,56210,买盘
890,13:40:30,10.21,-0.01,10,10210,卖盘
891,13:40:27,10.22,0.01,1,1022,买盘
892,13:40:24,10.21,-0.01,11,11231,卖盘
893,13:40:21,10.22,0.01,5,5110,买盘
894,13:40:18,10.21,--,28,28588,卖盘
895,13:40:15,10.21,-0.01,59,60239,卖盘
896,13:40:12,10.22,0.01,33,33726,买盘
897,13:40:09,10.21,-0.01,93,94953,卖盘
898,13:40:06,10.22,--,5,5110,买盘
899,13:40:03,10.22,--,1,1022,买盘
900,13:40:00,10.22,--,3,3066,买盘
901,13:39:57,10.22,--,12,12264,买盘
902,13:39:54,10.22,0.01,15,15330,买盘
903,13:39:51,10.21,--,8,8168,卖盘
904,13:39:48,10.21,--,18,18378,卖盘
905,13:39:45,10.21,--,17,17357,卖盘
906,13:39:42,10.21,--,6,6126,卖盘
907,13:39:36,10.21,--,143,146003,卖盘
908,13:39:33,10.21,--,10,10210,卖盘
909,13:39:30,10.21,-0.01,89,90869,卖盘
910,13:39:27,10.22,0.01,33,33726,买盘
911,13:39:24,10.21,--,74,75554,卖盘
912,13:39:21,10.21,--,50,51050,卖盘
913,13:39:18,10.21,--,63,64323,卖盘
914,13:39:15,10.21,--,70,71470,卖盘
915,13:39:12,10.21,--,9,9189,卖盘
916,13:39:09,10.21,-0.01,171,174591,卖盘
917,13:39:06,10.22,0.01,219,223818,买盘
918,13:39:03,10.21,--,72,73512,卖盘
919,13:39:00,10.21,--,31,31651,卖盘
920,13:38:57,10.21,--,5,5105,卖盘
921,13:38:54,10.21,--,3000,3063000,卖盘
922,13:38:51,10.21,--,16,16336,卖盘
923,13:38:45,10.21,-0.01,24,24504,卖盘
924,13:38:42,10.22,0.01,1,1022,买盘
925,13:38:39,10.21,-0.01,39,39819,卖盘
926,13:38:33,10.22,0.01,11,11242,买盘
927,13:38:27,10.21,-0.01,39,39819,卖盘
928,13:38:24,10.22,0.01,21,21462,买盘
929,13:38:21,10.21,--,79,80659,卖盘
930,13:38:18,10.21,-0.01,9,9189,卖盘
931,13:38:15,10.22,0.01,54,55188,买盘
932,13:38:09,10.21,--,101,103121,卖盘
933,13:38:06,10.21,-0.01,9,9189,卖盘
934,13:38:00,10.22,--,5,5110,买盘
935,13:37:57,10.22,0.01,16,16352,买盘
936,13:37:51,10.21,--,13,13273,卖盘
937,13:37:48,10.21,--,15,15315,卖盘
938,13:37:45,10.21,-0.01,14,14294,卖盘
939,13:37:39,10.22,--,66,67452,买盘
940,13:37:36,10.22,0.01,5,5110,买盘
941,13:37:33,10.21,--,15,15315,卖盘
942,13:37:21,10.21,-0.01,10,10210,卖盘
943,13:37:18,10.22,0.01,21,21462,买盘
944,13:37:12,10.21,--,9,9189,卖盘
945,13:37:09,10.21,--,13,13273,卖盘
946,13:37:03,10.21,--,4,4084,卖盘
947,13:37:00,10.21,-0.01,11,11231,卖盘
948,13:36:57,10.22,0.01,7,7154,买盘
949,13:36:54,10.21,-0.01,7,7147,卖盘
950,13:36:51,10.22,0.01,1,1022,买盘
951,13:36:48,10.21,--,11,11231,卖盘
952,13:36:39,10.21,--,10,10210,卖盘
953,13:36:33,10.21,--,5,5105,卖盘
954,13:36:30,10.21,--,5,5105,卖盘
955,13:36:27,10.21,-0.01,10,10210,卖盘
956,13:36:24,10.22,0.01,1,1022,买盘
957,13:36:18,10.21,--,55,56155,卖盘
958,13:36:15,10.21,-0.01,10,10210,卖盘
959,13:36:09,10.22,0.01,21,21462,买盘
960,13:36:06,10.21,-0.01,10,10210,卖盘
961,13:36:00,10.22,0.01,101,103222,买盘
962,13:35:54,10.21,-0.01,16,16336,卖盘
963,13:35:45,10.22,0.01,109,111398,买盘
964,13:35:42,10.21,-0.01,55,56155,卖盘
965,13:35:36,10.22,0.01,5,5110,买盘
966,13:35:33,10.21,--,3029,3092609,卖盘
967,13:35:30,10.21,--,8,8168,卖盘
968,13:35:21,10.21,-0.01,9,9189,卖盘
969,13:35:18,10.22,--,24,24528,买盘
970,13:35:12,10.22,--,5,5110,买盘
971,13:35:09,10.22,--,98,100156,买盘
972,13:35:06,10.22,--,100,102200,买盘
973,13:35:03,10.22,--,28,28616,买盘
974,13:35:00,10.22,0.01,13,13286,买盘
975,13:34:48,10.21,-0.01,10,10210,卖盘
976,13:34:45,10.22,--,4,4088,买盘
977,13:34:42,10.22,0.01,1,1022,买盘
978,13:34:36,10.21,--,10,10210,卖盘
979,13:34:33,10.21,--,6,6126,卖盘
980,13:34:27,10.21,-0.01,10,10210,卖盘
981,13:34:18,10.22,0.01,2,2044,买盘
982,13:34:15,10.21,--,69,70449,卖盘
983,13:34:03,10.21,-0.01,16,16336,卖盘
984,13:33:57,10.22,--,10,10220,买盘
985,13:33:54,10.22,--,30,30660,买盘
986,13:33:48,10.22,0.01,35,35770,买盘
987,13:33:42,10.21,-0.01,10,10210,卖盘
988,13:33:33,10.22,0.01,20,20440,买盘
989,13:33:30,10.21,--,14,14294,卖盘
990,13:33:24,10.21,-0.01,63,64323,卖盘
991,13:33:21,10.22,--,11,11242,买盘
992,13:33:15,10.22,0.01,4,4088,买盘
993,13:33:09,10.21,--,17,17357,卖盘
994,13:33:06,10.21,-0.01,1,1021,卖盘
995,13:33:03,10.22,--,1,1022,买盘
996,13:33:00,10.22,0.01,5,5110,买盘
997,13:32:57,10.21,-0.01,10,10210,卖盘
998,13:32:51,10.22,0.01,22,22484,买盘
999,13:32:48,10.21,-0.01,9,9189,卖盘
1000,13:32:42,10.22,--,29,29638,买盘
1001,13:32:39,10.22,0.01,5,5110,买盘
1002,13:32:36,10.21,-0.01,11,11231,卖盘
1003,13:32:27,10.22,0.01,3,3066,买盘
1004,13:32:24,10.21,-0.01,11,11231,卖盘
1005,13:32:18,10.22,--,4,4088,买盘
1006,13:32:15,10.22,0.01,19,19418,买盘
1007,13:32:09,10.21,--,10,10210,卖盘
1008,13:32:03,10.21,-0.01,21,21441,卖盘
1009,13:31:57,10.22,0.01,2,2044,买盘
1010,13:31:51,10.21,-0.01,19,19399,卖盘
1011,13:31:48,10.22,0.01,31,31682,买盘
1012,13:31:42,10.21,-0.01,10,10210,卖盘
1013,13:31:39,10.22,--,21,21462,买盘
1014,13:31:33,10.22,0.01,20,20440,买盘
1015,13:31:30,10.21,--,10,10210,卖盘
1016,13:31:27,10.21,--,502,512542,卖盘
1017,13:31:21,10.21,--,1,1021,卖盘
1018,13:31:18,10.21,--,110,112310,卖盘
1019,13:31:15,10.21,--,100,102100,卖盘
1020,13:31:09,10.21,--,10,10210,卖盘
1021,13:31:03,10.21,--,8,8168,卖盘
1022,13:30:57,10.21,-0.01,32,32672,卖盘
1023,13:30:54,10.22,0.01,55,56210,买盘
1024,13:30:45,10.21,-0.01,10,10210,卖盘
1025,13:30:39,10.22,0.01,9,9198,买盘
1026,13:30:36,10.21,-0.01,9,9189,卖盘
1027,13:30:33,10.22,--,26,26572,买盘
1028,13:30:27,10.22,0.01,21,21462,买盘
1029,13:30:24,10.21,--,9,9189,卖盘
1030,13:30:18,10.21,--,11,11231,卖盘
1031,13:30:15,10.21,-0.01,100,102100,卖盘
1032,13:30:12,10.22,0.01,2,2044,买盘
1033,13:30:09,10.21,-0.01,20,20420,卖盘
1034,13:30:03,10.22,--,3,3066,买盘
1035,13:29:51,10.22,--,12,12264,买盘
1036,13:29:48,10.22,0.01,5,5110,买盘
1037,13:29:45,10.21,-0.01,10,10210,卖盘
1038,13:29:42,10.22,0.01,8,8176,买盘
1039,13:29:39,10.21,--,10,10210,卖盘
1040,13:29:36,10.21,-0.01,51,52071,卖盘
1041,13:29:33,10.22,--,50,51100,买盘
1042,13:29:30,10.22,--,10,10220,买盘
1043,13:29:21,10.22,0.01,21,21462,买盘
1044,13:29:18,10.21,-0.01,37,37777,卖盘
1045,13:29:15,10.22,0.01,3,3066,买盘
1046,13:29:09,10.21,-0.01,14,14294,卖盘
1047,13:29:03,10.22,0.01,3,3066,买盘
1048,13:29:00,10.21,-0.01,2,2042,卖盘
1049,13:28:57,10.22,--,3,3066,买盘
1050,13:28:54,10.22,--,6,6132,买盘
1051,13:28:48,10.22,--,3,3066,买盘
1052,13:28:45,10.22,--,42,42924,买盘
1053,13:28:36,10.22,0.01,56,57232,买盘
1054,13:28:33,10.21,-0.01,97,99037,卖盘
1055,13:28:30,10.22,--,6,6132,买盘
1056,13:28:24,10.22,--,1,1022,买盘
1057,13:28:21,10.22,0.01,31,31682,买盘
1058,13:28:18,10.21,-0.01,23,23483,卖盘
1059,13:28:15,10.22,--,55,56210,买盘
1060,13:28:06,10.22,0.01,60,61320,买盘
1061,13:27:57,10.21,-0.01,21,21441,卖盘
1062,13:27:54,10.22,--,10,10220,买盘
1063,13:27:51,10.22,--,21,21462,买盘
1064,13:27:24,10.22,--,22,22484,买盘
1065,13:27:15,10.22,0.01,30,30660,买盘
1066,13:27:12,10.21,-0.01,104,106184,卖盘
1067,13:27:09,10.22,--,5,5110,买盘
1068,13:27:06,10.22,--,51,52122,买盘
1069,13:27:03,10.22,--,5,5110,买盘
1070,13:27:00,10.22,--,21,21462,买盘
1071,13:26:57,10.22,--,5,5110,买盘
1072,13:26:51,10.22,--,40,40880,买盘
1073,13:26:39,10.22,--,10,10220,买盘
1074,13:26:33,10.22,0.01,7,7154,买盘
1075,13:26:30,10.21,--,40,40840,卖盘
1076,13:26:27,10.21,-0.01,10,10210,卖盘
1077,13:26:21,10.22,--,21,21462,买盘
1078,13:26:12,10.22,--,27,27594,买盘
1079,13:26:06,10.22,0.01,119,121618,买盘
1080,13:26:00,10.21,-0.01,1,1021,卖盘
1081,13:25:57,10.22,--,28,28616,买盘
1082,13:25:45,10.22,--,44,44968,买盘
1083,13:25:36,10.22,0.01,6,6132,买盘
1084,13:25:33,10.21,-0.01,6,6126,卖盘
1085,13:25:30,10.22,--,10,10220,买盘
1086,13:25:21,10.22,0.01,55,56210,买盘
1087,13:25:15,10.21,-0.01,49,50029,卖盘
1088,13:25:09,10.22,--,1,1022,买盘
1089,13:25:03,10.22,--,177,180894,买盘
1090,13:25:00,10.22,0.01,3,3066,买盘
1091,13:24:51,10.21,--,33,33693,卖盘
1092,13:24:48,10.21,--,22,22462,卖盘
1093,13:24:45,10.21,--,44,44924,卖盘
1094,13:24:42,10.21,--,4000,4084000,卖盘
1095,13:24:39,10.21,-0.01,4,4084,卖盘
1096,13:24:36,10.22,--,1,1022,买盘
1097,13:24:33,10.22,0.01,4,4088,买盘
1098,13:24:30,10.21,--,21,21441,卖盘
1099,13:24:27,10.21,-0.01,50,51050,卖盘
1100,13:24:24,10.22,--,142,145124,买盘
1101,13:24:12,10.22,--,1,1022,买盘
1102,13:24:09,10.22,--,13,13286,买盘
1103,13:24:03,10.22,--,3,3066,买盘
1104,13:23:57,10.22,--,225,229950,买盘
1105,13:23:45,10.22,--,6,6132,买盘
1106,13:23:39,10.22,--,52,53144,买盘
1107,13:23:33,10.22,--,18,18396,买盘
1108,13:23:27,10.22,0.01,6,6132,买盘
1109,13:23:15,10.21,-0.01,5200,5309200,卖盘
1110,13:23:03,10.22,0.01,3,3066,买盘
1111,13:23:00,10.21,-0.01,14,14294,卖盘
1112,13:22:54,10.22,--,3,3066,买盘
1113,13:22:51,10.22,0.01,3,3066,买盘
1114,13:22:39,10.21,-0.01,2,2042,卖盘
1115,13:22:36,10.22,--,10,10220,买盘
1116,13:22:33,10.22,--,2,2044,买盘
1117,13:22:30,10.22,0.01,21,21462,买盘
1118,13:22:27,10.21,--,10,10210,卖盘
1119,13:22:21,10.21,-0.01,34,34714,卖盘
1120,13:22:15,10.22,0.01,1,1022,买盘
1121,13:22:12,10.21,-0.01,14,14294,卖盘
1122,13:22:03,10.22,--,3,3066,买盘
1123,13:21:54,10.22,--,20,20440,买盘
1124,13:21:51,10.22,--,106,108332,买盘
1125,13:21:45,10.22,--,1,1022,买盘
1126,13:21:39,10.22,--,10,10220,买盘
1127,13:21:36,10.22,0.01,10,10220,买盘
1128,13:21:33,10.21,-0.01,3,3063,卖盘
1129,13:21:21,10.22,0.01,22,22484,买盘
1130,13:21:12,10.21,-0.01,6,6126,卖盘
1131,13:21:06,10.22,--,56,57232,买盘
1132,13:21:03,10.22,0.01,3,3066,买盘
1133,13:21:00,10.21,-0.01,1,1021,卖盘
1134,13:20:54,10.22,--,32,32704,买盘
1135,13:20:45,10.22,--,21,21462,买盘
1136,13:20:39,10.22,--,6,6132,买盘
1137,13:20:33,10.22,--,3,3066,买盘
1138,13:20:24,10.22,--,1,1022,买盘
1139,13:20:21,10.22,0.01,8,8176,买盘
1140,13:20:18,10.21,-0.01,76,77596,卖盘
1141,13:20:12,10.22,--,21,21462,买盘
1142,13:20:09,10.22,0.01,12,12264,买盘
1143,13:20:06,10.21,-0.01,3,3063,卖盘
1144,13:20:03,10.22,--,3,3066,买盘
1145,13:19:54,10.22,--,28,28616,买盘
1146,13:19:48,10.22,--,6,6132,买盘
1147,13:19:42,10.22,0.01,5,5110,买盘
1148,13:19:39,10.21,-0.01,20,20420,卖盘
1149,13:19:36,10.22,--,8,8176,买盘
1150,13:19:33,10.22,--,104,106288,买盘
1151,13:19:30,10.22,0.01,11,11242,买盘
1152,13:19:24,10.21,-0.01,217,221557,卖盘
1153,13:19:12,10.22,0.01,5,5110,买盘
1154,13:19:09,10.21,--,1,1021,卖盘
1155,13:19:06,10.21,--,390,398190,卖盘
1156,13:19:03,10.21,-0.01,7,7147,卖盘
1157,13:18:57,10.22,--,1,1022,买盘
1158,13:18:54,10.22,0.01,21,21462,买盘
1159,13:18:48,10.21,--,94,95974,卖盘
1160,13:18:36,10.21,-0.01,200,204200,卖盘
1161,13:18:33,10.22,--,2,2044,买盘
1162,13:18:27,10.22,--,2,2044,买盘
1163,13:18:21,10.22,0.01,7,7154,买盘
1164,13:18:18,10.21,--,20,20420,卖盘
1165,13:18:06,10.21,-0.01,94,95974,卖盘
1166,13:18:03,10.22,--,8,8176,买盘
1167,13:17:57,10.22,--,1,1022,买盘
1168,13:17:51,10.22,--,32,32704,买盘
1169,13:17:45,10.22,0.01,5,5110,买盘
1170,13:17:33,10.21,--,12,12252,卖盘
1171,13:17:24,10.21,-0.01,2,2042,卖盘
1172,13:17:21,10.22,0.01,1,1022,买盘
1173,13:17:18,10.21,-0.01,50,51050,卖盘
1174,13:17:12,10.22,--,2,2044,买盘
1175,13:17:03,10.22,--,3,3066,买盘
1176,13:16:57,10.22,0.01,30,30660,买盘
1177,13:16:51,10.21,-0.01,300,306300,卖盘
1178,13:16:48,10.22,0.01,200,204400,买盘
1179,13:16:45,10.21,-0.01,6,6126,卖盘
1180,13:16:42,10.22,--,1,1022,买盘
1181,13:16:39,10.22,0.01,21,21462,买盘
1182,13:16:33,10.21,-0.01,32,32672,卖盘
1183,13:16:30,10.22,0.01,73,74606,买盘
1184,13:16:21,10.21,-0.01,26,26546,卖盘
1185,13:16:15,10.22,--,52,53144,买盘
1186,13:16:09,10.22,--,7,7154,买盘
1187,13:16:03,10.22,0.01,4,4088,买盘
1188,13:16:00,10.21,-0.01,34,34714,卖盘
1189,13:15:45,10.22,0.01,10,10220,买盘
1190,13:15:39,10.21,-0.01,601,613621,卖盘
1191,13:15:33,10.22,--,3,3066,买盘
1192,13:15:27,10.22,--,21,21462,买盘
1193,13:15:03,10.22,--,3,3066,买盘
1194,13:15:00,10.22,--,17,17374,买盘
1195,13:14:57,10.22,0.01,5,5110,买盘
1196,13:14:54,10.21,-0.01,1,1021,卖盘
1197,13:14:51,10.22,--,10,10220,买盘
1198,13:14:42,10.22,0.01,4,4088,买盘
1199,13:14:36,10.21,-0.01,10,10210,卖盘
1200,13:14:33,10.22,0.01,23,23506,买盘
1201,13:14:30,10.21,-0.01,11,11231,卖盘
1202,13:14:27,10.22,0.01,31,31682,买盘
1203,13:14:21,10.21,-0.01,200,204200,卖盘
1204,13:14:18,10.22,0.01,21,21462,买盘
1205,13:14:15,10.21,-0.01,79,80659,卖盘
1206,13:14:12,10.22,--,29,29638,买盘
1207,13:14:03,10.22,0.01,3,3066,买盘
1208,13:14:00,10.21,--,29,29609,卖盘
1209,13:13:57,10.21,-0.01,2,2042,卖盘
1210,13:13:51,10.22,--,210,214620,买盘
1211,13:13:33,10.22,--,2,2044,买盘
1212,13:13:30,10.22,--,37,37814,买盘
1213,13:13:27,10.22,--,2,2044,买盘
1214,13:13:06,10.22,--,11,11242,买盘
1215,13:13:03,10.22,--,24,24528,买盘
1216,13:12:45,10.22,--,53,54166,买盘
1217,13:12:42,10.22,--,1,1022,买盘
1218,13:12:36,10.22,--,520,531440,买盘
1219,13:12:33,10.22,--,2,2044,买盘
1220,13:12:30,10.22,--,1,1022,买盘
1221,13:12:27,10.22,0.01,100,102200,买盘
1222,13:12:21,10.21,--,72,73512,卖盘
1223,13:12:18,10.21,-0.01,1,1021,卖盘
1224,13:12:15,10.22,--,1,1022,买盘
1225,13:12:03,10.22,--,3,3066,买盘
1226,13:11:57,10.22,--,21,21462,买盘
1227,13:11:54,10.22,0.01,1,1022,买盘
1228,13:11:51,10.21,-0.01,22,22462,卖盘
1229,13:11:48,10.22,--,5,5110,买盘
1230,13:11:42,10.22,--,5,5110,买盘
1231,13:11:39,10.22,--,1,1022,买盘
1232,13:11:36,10.22,--,3,3066,买盘
1233,13:11:33,10.22,0.01,12,12264,买盘
1234,13:11:27,10.21,-0.01,83,84743,卖盘
1235,13:11:24,10.22,--,1,1022,买盘
1236,13:11:21,10.22,--,25,25550,买盘
1237,13:11:18,10.22,--,7,7154,买盘
1238,13:11:09,10.22,--,1,1022,买盘
1239,13:11:03,10.22,0.01,3,3066,买盘
1240,13:11:00,10.21,-0.01,10,10210,卖盘
1241,13:10:51,10.22,--,1,1022,买盘
1242,13:10:42,10.22,--,21,21462,买盘
1243,13:10:33,10.22,0.01,3,3066,买盘
1244,13:10:27,10.21,-0.01,1,1021,卖盘
1245,13:10:21,10.22,--,9,9198,买盘
1246,13:10:18,10.22,--,100,102200,买盘
1247,13:10:15,10.22,--,57,58254,买盘
1248,13:10:06,10.22,--,11,11242,买盘
1249,13:10:03,10.22,--,4,4088,买盘
1250,13:10:00,10.22,--,5,5110,买盘
1251,13:09:54,10.22,--,5,5110,买盘
1252,13:09:51,10.22,--,20,20440,买盘
1253,13:09:45,10.22,--,3,3066,买盘
1254,13:09:42,10.22,--,44,44968,买盘
1255,13:09:33,10.22,0.01,6,6132,买盘
1256,13:09:30,10.21,-0.01,27,27567,卖盘
1257,13:09:18,10.22,0.01,5,5110,买盘
1258,13:09:12,10.21,-0.01,20,20420,卖盘
1259,13:09:09,10.22,--,10,10220,买盘
1260,13:09:03,10.22,0.01,15,15330,买盘
1261,13:09:00,10.21,-0.01,97,99037,卖盘
1262,13:08:54,10.22,--,14,14308,买盘
1263,13:08:51,10.22,--,20,20440,买盘
1264,13:08:48,10.22,0.01,5,5110,买盘
1265,13:08:45,10.21,-0.01,7,7147,卖盘
1266,13:08:42,10.22,--,5,5110,买盘
1267,13:08:39,10.22,--,24,24528,买盘
1268,13:08:33,10.22,--,2,2044,买盘
1269,13:08:30,10.22,0.01,31,31682,买盘
1270,13:08:27,10.21,--,20,20420,卖盘
1271,13:08:24,10.21,-0.01,201,205221,卖盘
1272,13:08:09,10.22,0.01,22,22484,买盘
1273,13:08:06,10.21,-0.01,76,78229,卖盘
1274,13:08:03,10.22,--,3,3066,买盘
1275,13:07:57,10.22,--,4,4088,买盘
1276,13:07:54,10.22,--,10,10220,买盘
1277,13:07:51,10.22,0.01,2,2044,买盘
1278,13:07:45,10.21,-0.01,10,10210,卖盘
1279,13:07:39,10.22,--,4,4088,买盘
1280,13:07:36,10.22,--,7,7154,买盘
1281,13:07:33,10.22,--,18,18396,买盘
1282,13:07:27,10.22,--,35,35770,买盘
1283,13:07:21,10.22,--,79,80738,买盘
1284,13:07:15,10.22,--,12,12264,买盘
1285,13:07:09,10.22,--,11,11242,买盘
1286,13:07:03,10.22,0.01,3,3066,买盘
1287,13:07:00,10.21,-0.01,1,1021,卖盘
1288,13:06:57,10.22,--,12,12264,买盘
1289,13:06:54,10.22,--,10,10220,买盘
1290,13:06:48,10.22,--,5,5110,买盘
1291,13:06:45,10.22,--,16,16352,买盘
1292,13:06:33,10.22,--,2,2044,买盘
1293,13:06:27,10.22,0.01,2,2044,买盘
1294,13:06:24,10.21,-0.01,41,41861,卖盘
1295,13:06:21,10.22,0.01,20,20440,买盘
1296,13:06:18,10.21,-0.01,41,41861,卖盘
1297,13:06:09,10.22,--,145,148190,买盘
1298,13:06:06,10.22,--,2,2044,买盘
1299,13:06:03,10.22,--,13,13286,买盘
1300,13:06:00,10.22,--,11,11242,买盘
1301,13:05:51,10.22,--,100,102200,买盘
1302,13:05:36,10.22,--,1,1022,买盘
1303,13:05:33,10.22,--,7,7154,买盘
1304,13:05:21,10.22,0.01,9,9198,买盘
1305,13:05:15,10.21,-0.01,1,1021,卖盘
1306,13:05:09,10.22,--,25,25550,买盘
1307,13:05:03,10.22,--,3,3066,买盘
1308,13:04:57,10.22,--,1,1022,买盘
1309,13:04:54,10.22,--,23,23506,买盘
1310,13:04:48,10.22,--,6,6132,买盘
1311,13:04:33,10.22,--,3,3066,买盘
1312,13:04:24,10.22,--,10,10220,买盘
1313,13:04:21,10.22,--,10,10220,买盘
1314,13:04:09,10.22,--,1,1022,买盘
1315,13:04:03,10.22,--,3,3066,买盘
1316,13:04:00,10.22,--,59,60298,买盘
1317,13:03:57,10.22,--,2,2044,买盘
1318,13:03:54,10.22,0.01,1,1022,买盘
1319,13:03:48,10.21,-0.01,1,1021,卖盘
1320,13:03:45,10.22,--,21,21462,买盘
1321,13:03:39,10.22,--,2,2044,买盘
1322,13:03:36,10.22,--,333,340326,买盘
1323,13:03:33,10.22,0.01,3,3066,买盘
1324,13:03:27,10.21,--,3,3063,卖盘
1325,13:03:15,10.21,-0.01,20,20420,卖盘
1326,13:03:12,10.22,--,3,3066,买盘
1327,13:03:09,10.22,--,1,1022,买盘
1328,13:03:03,10.22,--,4,4088,买盘
1329,13:02:51,10.22,--,4,4088,买盘
1330,13:02:45,10.22,--,6,6132,买盘
1331,13:02:42,10.22,--,22,22484,买盘
1332,13:02:33,10.22,--,23,23506,买盘
1333,13:02:06,10.22,--,21,21462,买盘
1334,13:02:03,10.22,--,3,3066,买盘
1335,13:02:00,10.22,--,50,51100,买盘
1336,13:01:57,10.22,-0.01,74,75628,卖盘
1337,13:01:51,10.23,0.01,132,135036,买盘
1338,13:01:48,10.22,--,1,1022,买盘
1339,13:01:45,10.22,--,7,7154,买盘
1340,13:01:36,10.22,--,16,16352,买盘
1341,13:01:33,10.22,-0.01,4,4088,中性盘
1342,13:01:24,10.23,0.01,91,93093,买盘
1343,13:01:06,10.22,-0.01,170,173740,卖盘
1344,13:01:03,10.23,--,3,3069,买盘
1345,13:00:45,10.23,0.01,59,60357,买盘
1346,13:00:33,10.22,0.01,2,2044,买盘
1347,13:00:30,10.21,-0.01,48,49008,卖盘
1348,13:00:27,10.22,--,10,10220,买盘
1349,13:00:21,10.22,0.01,7,7154,卖盘
1350,13:00:12,10.21,-0.02,188,191988,卖盘
1351,13:00:09,10.23,0.01,47,48081,买盘
1352,13:00:06,10.22,--,38,39040,卖盘
1353,13:00:03,10.22,--,496,507300,买盘
1354,13:00:00,10.22,--,0,0,买盘
1355,11:30:00,10.22,0.01,2,2044,买盘
1356,11:29:48,10.21,-0.01,2,2042,卖盘
1357,11:29:45,10.22,--,10,10220,买盘
1358,11:29:39,10.22,--,32,32704,买盘
1359,11:29:36,10.22,--,1,1022,买盘
1360,11:29:27,10.22,--,53,54166,买盘
1361,11:29:15,10.22,--,22,22484,买盘
1362,11:29:12,10.22,--,3,3066,买盘
1363,11:29:09,10.22,0.01,86,87892,买盘
1364,11:29:03,10.21,-0.01,2,2042,卖盘
1365,11:29:00,10.22,--,26,26572,买盘
1366,11:28:51,10.22,--,22,22484,买盘
1367,11:28:48,10.22,--,1,1022,买盘
1368,11:28:45,10.22,--,1,1022,买盘
1369,11:28:42,10.22,0.01,21,21462,买盘
1370,11:28:24,10.21,-0.01,250,255250,卖盘
1371,11:28:21,10.22,--,2,2044,买盘
1372,11:28:15,10.22,--,44,44968,买盘
1373,11:28:03,10.22,--,61,62342,买盘
1374,11:28:00,10.22,--,193,197246,买盘
1375,11:27:57,10.22,--,83,84826,买盘
1376,11:27:51,10.22,--,240,245280,买盘
1377,11:27:48,10.22,--,66,67452,买盘
1378,11:27:45,10.22,--,150,153300,买盘
1379,11:27:39,10.22,0.01,324,331128,买盘
1380,11:27:36,10.21,-0.01,44,44924,卖盘
1381,11:27:33,10.22,--,1,1022,买盘
1382,11:27:27,10.22,--,21,21462,买盘
1383,11:27:21,10.22,--,20,20440,买盘
1384,11:27:18,10.22,--,50,51100,买盘
1385,11:27:12,10.22,--,1,1022,买盘
1386,11:27:06,10.22,--,40,40880,买盘
1387,11:27:00,10.22,--,1,1022,买盘
1388,11:26:57,10.22,--,40,40880,买盘
1389,11:26:54,10.22,--,31,31682,买盘
1390,11:26:48,10.22,--,5,5110,买盘
1391,11:26:45,10.22,--,10,10220,买盘
1392,11:26:42,10.22,--,3,3066,买盘
1393,11:26:39,10.22,--,26,26572,买盘
1394,11:26:33,10.22,--,16,16352,买盘
1395,11:26:27,10.22,--,6,6132,买盘
1396,11:26:18,10.22,--,50,51100,买盘
1397,11:26:12,10.22,--,10,10220,买盘
1398,11:26:03,10.22,--,3,3066,买盘
1399,11:26:00,10.22,--,1,1022,买盘
1400,11:25:54,10.22,--,31,31682,买盘
1401,11:25:48,10.22,--,2,2044,买盘
1402,11:25:42,10.22,-0.01,952,973577,卖盘
1403,11:25:39,10.23,0.01,31,31713,买盘
1404,11:25:33,10.22,-0.01,20,20440,卖盘
1405,11:25:27,10.23,--,1,1023,买盘
1406,11:25:21,10.23,--,59,60357,买盘
1407,11:25:06,10.23,0.01,126,128898,买盘
1408,11:25:03,10.22,-0.01,200,204400,卖盘
1409,11:25:00,10.23,--,3,3069,买盘
1410,11:24:54,10.23,--,21,21483,买盘
1411,11:24:48,10.23,0.01,32,32736,买盘
1412,11:24:39,10.22,--,5,5110,卖盘
1413,11:24:36,10.22,--,89,91346,买盘
1414,11:24:33,10.22,--,35,35770,买盘
1415,11:24:30,10.22,--,21,21462,买盘
1416,11:24:27,10.22,--,20,20440,买盘
1417,11:24:24,10.22,--,20,20440,买盘
1418,11:24:21,10.22,--,115,117530,买盘
1419,11:24:09,10.22,--,20,20440,买盘
1420,11:24:06,10.22,--,1,1022,买盘
1421,11:24:03,10.22,--,13,13286,买盘
1422,11:23:57,10.22,--,648,662256,买盘
1423,11:23:54,10.22,--,267,272874,买盘
1424,11:23:51,10.22,--,83,84826,买盘
1425,11:23:48,10.22,--,1000,1022000,买盘
1426,11:23:39,10.22,--,8,8176,买盘
1427,11:23:33,10.22,0.01,11,11242,买盘
1428,11:23:27,10.21,-0.01,5,5105,卖盘
1429,11:23:15,10.22,--,21,21462,买盘
1430,11:23:09,10.22,0.01,2,2044,买盘
1431,11:23:03,10.21,--,499,509479,卖盘
1432,11:23:00,10.21,-0.01,500,510500,卖盘
1433,11:22:57,10.22,0.01,20,20440,买盘
1434,11:22:54,10.21,--,499,509479,卖盘
1435,11:22:51,10.21,--,558,569718,卖盘
1436,11:22:48,10.21,-0.01,614,626894,卖盘
1437,11:22:42,10.22,--,23,23506,买盘
1438,11:22:39,10.22,0.01,20,20440,买盘
1439,11:22:33,10.21,-0.01,9,9189,卖盘
1440,11:22:24,10.22,--,12,12264,买盘
1441,11:22:21,10.22,0.01,10,10220,买盘
1442,11:22:18,10.21,-0.01,200,204200,卖盘
1443,11:22:09,10.22,--,27,27594,买盘
1444,11:22:03,10.22,--,4,4088,买盘
1445,11:22:00,10.22,--,41,41902,买盘
1446,11:21:57,10.22,--,8,8176,买盘
1447,11:21:51,10.22,--,59,60298,买盘
1448,11:21:48,10.22,0.01,86,87892,买盘
1449,11:21:45,10.21,-0.01,4,4084,卖盘
1450,11:21:42,10.22,--,10,10220,买盘
1451,11:21:33,10.22,--,3,3066,买盘
1452,11:21:30,10.22,0.01,10,10220,买盘
1453,11:21:15,10.21,-0.01,100,102100,卖盘
1454,11:21:12,10.22,0.01,6,6132,买盘
1455,11:21:06,10.21,-0.01,21,21441,卖盘
1456,11:21:03,10.22,--,4,4088,买盘
1457,11:20:57,10.22,--,5,5110,买盘
1458,11:20:54,10.22,--,21,21462,买盘
1459,11:20:48,10.22,--,14,14308,买盘
1460,11:20:39,10.22,--,85,86870,买盘
1461,11:20:24,10.22,--,10,10628,买盘
1462,11:20:21,10.22,0.01,7,7154,买盘
1463,11:20:15,10.21,-0.01,31,31651,卖盘
1464,11:20:09,10.22,--,5,5110,买盘
1465,11:20:03,10.22,--,1,1022,买盘
1466,11:19:57,10.22,--,49,50078,买盘
1467,11:19:54,10.22,--,5,5110,买盘
1468,11:19:51,10.22,--,47,48034,买盘
1469,11:19:48,10.22,0.01,1,1022,买盘
1470,11:19:30,10.21,--,21,21441,卖盘
1471,11:19:27,10.21,-0.01,2,2042,卖盘
1472,11:19:24,10.22,--,1,1022,买盘
1473,11:19:12,10.22,--,56,57232,买盘
1474,11:19:06,10.22,0.01,10,10220,买盘
1475,11:19:00,10.21,-0.01,159,162339,卖盘
1476,11:18:57,10.22,--,17,17374,买盘
1477,11:18:54,10.22,0.01,6,6132,买盘
1478,11:18:45,10.21,-0.01,101,103121,卖盘
1479,11:18:42,10.22,--,25,25550,买盘
1480,11:18:36,10.22,--,21,21462,买盘
1481,11:18:24,10.22,0.01,10,10220,买盘
1482,11:18:15,10.21,-0.01,100,102100,卖盘
1483,11:18:12,10.22,--,2,2044,买盘
1484,11:17:57,10.22,0.01,51,52122,买盘
1485,11:17:54,10.21,-0.01,20,20420,卖盘
1486,11:17:51,10.22,0.01,1,1022,买盘
1487,11:17:45,10.21,-0.01,10,10210,卖盘
1488,11:17:42,10.22,--,7,7154,买盘
1489,11:17:36,10.22,--,2,2044,买盘
1490,11:17:30,10.22,--,21,21462,买盘
1491,11:17:24,10.22,--,20,20440,买盘
1492,11:17:18,10.22,--,43,43946,买盘
1493,11:17:15,10.22,0.01,5,5110,买盘
1494,11:17:12,10.21,--,141,143961,卖盘
1495,11:17:06,10.21,-0.01,22,22462,卖盘
1496,11:17:03,10.22,--,3,3066,买盘
1497,11:16:57,10.22,--,10,10220,买盘
1498,11:16:54,10.22,--,10,10220,买盘
1499,11:16:48,10.22,--,1,1022,买盘
1500,11:16:45,10.22,--,1,1022,买盘
1501,11:16:30,10.22,--,3,3066,买盘
1502,11:16:27,10.22,--,12,12264,买盘
1503,11:16:21,10.22,0.01,21,21462,买盘
1504,11:16:18,10.21,--,18,18378,卖盘
1505,11:16:15,10.21,-0.01,79,80659,卖盘
1506,11:16:12,10.22,--,6,6132,买盘
1507,11:16:03,10.22,--,10,10220,买盘
1508,11:15:54,10.22,--,20,20440,买盘
1509,11:15:51,10.22,0.01,58,59276,买盘
1510,11:15:42,10.21,-0.01,0,398,卖盘
1511,11:15:36,10.22,--,7,7154,买盘
1512,11:15:33,10.22,--,10,10220,买盘
1513,11:15:30,10.22,--,496,507545,卖盘
1514,11:15:24,10.22,-0.01,428,437416,卖盘
1515,11:15:12,10.23,--,5,5115,买盘
1516,11:15:09,10.23,--,22,22506,买盘
1517,11:15:06,10.23,0.01,10,11109,买盘
1518,11:14:57,10.22,-0.01,123,125706,卖盘
1519,11:14:51,10.23,0.01,3,3069,买盘
1520,11:14:45,10.22,-0.01,36,36792,卖盘
1521,11:14:33,10.23,--,9,9207,买盘
1522,11:14:21,10.23,--,6,6138,买盘
1523,11:14:09,10.23,--,1,1023,买盘
1524,11:14:06,10.23,--,10,10230,买盘
1525,11:13:57,10.23,--,87,89001,买盘
1526,11:13:54,10.23,0.01,1,1023,买盘
1527,11:13:51,10.22,--,10,10220,卖盘
1528,11:13:39,10.22,--,45,46521,买盘
1529,11:13:36,10.22,--,9,9198,买盘
1530,11:13:30,10.22,0.01,10,10220,买盘
1531,11:13:27,10.21,-0.01,1,1021,卖盘
1532,11:13:24,10.22,--,311,317842,买盘
1533,11:13:18,10.22,--,11,11242,买盘
1534,11:13:15,10.22,0.01,1,1022,买盘
1535,11:13:06,10.21,--,15,15315,卖盘
1536,11:13:00,10.21,-0.01,25,25525,卖盘
1537,11:12:57,10.22,--,7,7154,买盘
1538,11:12:51,10.22,--,68,69496,买盘
1539,11:12:48,10.22,0.01,57,58254,买盘
1540,11:12:42,10.21,--,30,30630,卖盘
1541,11:12:33,10.21,-0.01,20,20420,卖盘
1542,11:12:27,10.22,--,4,4088,买盘
1543,11:12:24,10.22,0.01,71,72562,买盘
1544,11:12:12,10.21,-0.01,5,5105,卖盘
1545,11:12:06,10.22,--,15,15330,买盘
1546,11:12:03,10.22,0.01,1,1022,买盘
1547,11:12:00,10.21,-0.01,3,3063,卖盘
1548,11:11:57,10.22,0.01,6,6132,买盘
1549,11:11:54,10.21,-0.01,21,21441,卖盘
1550,11:11:42,10.22,0.01,31,31682,买盘
1551,11:11:36,10.21,--,10,10210,卖盘
1552,11:11:27,10.21,-0.01,1,1021,卖盘
1553,11:11:24,10.22,--,2,2044,买盘
1554,11:11:03,10.22,--,24,24528,买盘
1555,11:11:00,10.22,--,1,1022,买盘
1556,11:10:57,10.22,--,56,57232,买盘
1557,11:10:51,10.22,--,5,5110,买盘
1558,11:10:36,10.22,0.01,1,1022,买盘
1559,11:10:33,10.21,-0.01,20,20420,卖盘
1560,11:10:30,10.22,--,30,30660,买盘
1561,11:10:27,10.22,0.01,21,21462,买盘
1562,11:10:21,10.21,-0.01,23,23483,卖盘
1563,11:10:12,10.22,--,58,59276,买盘
1564,11:10:09,10.22,--,415,424130,买盘
1565,11:10:06,10.22,--,50,51100,买盘
1566,11:09:57,10.22,0.01,5,5110,买盘
1567,11:09:54,10.21,-0.01,1,1021,卖盘
1568,11:09:51,10.22,--,10,10220,买盘
1569,11:09:48,10.22,--,12,12264,买盘
1570,11:09:45,10.22,--,1,1022,买盘
1571,11:09:42,10.22,--,30,30660,买盘
1572,11:09:39,10.22,--,15,15330,买盘
1573,11:09:33,10.22,--,12,12264,买盘
1574,11:09:24,10.22,--,10,10220,买盘
1575,11:09:18,10.22,--,21,21462,买盘
1576,11:09:15,10.22,0.01,1,1022,买盘
1577,11:09:06,10.21,-0.01,1,1021,卖盘
1578,11:09:00,10.22,--,10,10220,买盘
1579,11:08:57,10.22,--,6,6132,买盘
1580,11:08:51,10.22,--,1,1022,买盘
1581,11:08:45,10.22,0.01,15,15330,买盘
1582,11:08:42,10.21,-0.01,543,554403,卖盘
1583,11:08:33,10.22,--,30,30660,买盘
1584,11:08:27,10.22,--,11,11242,买盘
1585,11:08:24,10.22,--,27,27594,买盘
1586,11:08:18,10.22,0.01,1,1022,买盘
1587,11:08:09,10.21,-0.01,138,140898,卖盘
1588,11:08:03,10.22,--,30,30660,买盘
1589,11:08:00,10.22,--,63,64386,买盘
1590,11:07:57,10.22,0.01,55,56210,买盘
1591,11:07:54,10.21,--,60,61260,卖盘
1592,11:07:51,10.21,-0.01,1,1021,卖盘
1593,11:07:48,10.22,--,29,29638,买盘
1594,11:07:36,10.22,--,1,1022,买盘
1595,11:07:33,10.22,--,20,20440,买盘
1596,11:07:27,10.22,--,7,7154,买盘
1597,11:07:24,10.22,--,2,2044,买盘
1598,11:07:21,10.22,--,55,56210,买盘
1599,11:07:09,10.22,--,6,6132,买盘
1600,11:07:06,10.22,0.01,10,10220,买盘
1601,11:07:00,10.21,-0.01,3,3063,卖盘
1602,11:06:57,10.22,--,26,26572,买盘
1603,11:06:54,10.22,0.01,53,54166,买盘
1604,11:06:48,10.21,-0.01,2,2042,卖盘
1605,11:06:45,10.22,--,5,5110,买盘
1606,11:06:42,10.22,0.01,589,601958,买盘
1607,11:06:36,10.21,-0.01,26,26546,卖盘
1608,11:06:33,10.22,--,11,11242,买盘
1609,11:06:27,10.22,--,142,145124,买盘
1610,11:06:21,10.22,0.01,1,1022,买盘
1611,11:06:18,10.21,--,53,54113,卖盘
1612,11:06:12,10.21,-0.01,45,45945,卖盘
1613,11:06:09,10.22,0.01,5,5110,买盘
1614,11:05:57,10.21,--,50,51050,卖盘
1615,11:05:51,10.21,-0.01,1,1021,卖盘
1616,11:05:45,10.22,0.01,90,92439,买盘
1617,11:05:39,10.21,--,20,20420,买盘
1618,11:05:36,10.21,--,74,75554,买盘
1619,11:05:33,10.21,--,4,4084,买盘
1620,11:05:30,10.21,--,2,2042,买盘
1621,11:05:27,10.21,--,2,2042,买盘
1622,11:05:18,10.21,-0.01,4834,4936075,卖盘
1623,11:05:15,10.22,0.01,160,163520,买盘
1624,11:05:09,10.21,-0.01,35,35735,卖盘
1625,11:05:03,10.22,--,4,4088,买盘
1626,11:04:57,10.22,--,15,15330,买盘
1627,11:04:51,10.22,--,46,47012,买盘
1628,11:04:48,10.22,--,10,10220,买盘
1629,11:04:42,10.22,--,27,27594,买盘
1630,11:04:36,10.22,0.01,31,31682,买盘
1631,11:04:33,10.21,--,4,4543,卖盘
1632,11:04:30,10.21,-0.01,28,28588,卖盘
1633,11:04:24,10.22,0.01,10,10220,买盘
1634,11:04:21,10.21,--,184,187864,卖盘
1635,11:04:18,10.21,--,800,816800,卖盘
1636,11:04:03,10.21,--,8,8168,卖盘
1637,11:03:42,10.21,-0.01,269,274649,卖盘
1638,11:03:36,10.22,0.01,2,2044,买盘
1639,11:03:33,10.21,-0.01,32,32672,卖盘
1640,11:03:27,10.22,0.01,21,21462,买盘
1641,11:03:24,10.21,--,120,122520,卖盘
1642,11:03:12,10.21,--,2,2042,卖盘
1643,11:03:06,10.21,--,10,10210,卖盘
1644,11:03:03,10.21,-0.01,12,12252,卖盘
1645,11:02:57,10.22,0.01,1,1022,买盘
1646,11:02:33,10.21,-0.01,27,27567,卖盘
1647,11:02:30,10.22,--,723,738906,买盘
1648,11:02:18,10.22,0.01,21,21462,买盘
1649,11:02:15,10.21,-0.01,5,5105,卖盘
1650,11:02:12,10.22,--,40,40880,买盘
1651,11:02:09,10.22,0.01,44,44968,买盘
1652,11:02:06,10.21,-0.01,4,4084,卖盘
1653,11:02:03,10.22,--,5,5110,买盘
1654,11:01:48,10.22,--,20,20440,买盘
1655,11:01:45,10.22,0.01,12,12264,买盘
1656,11:01:33,10.21,-0.01,12,12252,卖盘
1657,11:01:27,10.22,0.01,28,28616,买盘
1658,11:01:24,10.21,--,30,30630,卖盘
1659,11:01:21,10.21,-0.01,10,10210,卖盘
1660,11:01:18,10.22,--,40,40880,买盘
1661,11:01:12,10.22,--,58,59276,买盘
1662,11:01:06,10.22,--,144,147168,买盘
1663,11:01:03,10.22,--,163,166586,买盘
1664,11:00:57,10.22,--,12,12264,买盘
1665,11:00:54,10.22,0.01,3,3066,买盘
1666,11:00:51,10.21,-0.01,265,270565,卖盘
1667,11:00:45,10.22,--,6,6132,买盘
1668,11:00:42,10.22,--,30,30660,买盘
1669,11:00:33,10.22,0.01,2,2044,买盘
1670,11:00:21,10.21,-0.01,51,52071,卖盘
1671,11:00:18,10.22,0.01,38,38836,买盘
1672,11:00:15,10.21,--,44,44924,卖盘
1673,11:00:12,10.21,--,585,597285,卖盘
1674,11:00:09,10.21,--,34,34714,卖盘
1675,11:00:06,10.21,--,33,33693,卖盘
1676,11:00:03,10.21,-0.01,10,10210,卖盘
1677,11:00:00,10.22,--,30,30660,买盘
1678,10:59:57,10.22,--,21,21462,买盘
1679,10:59:54,10.22,--,128,130816,卖盘
1680,10:59:45,10.22,-0.01,7,7154,卖盘
1681,10:59:42,10.23,0.01,1,1023,买盘
1682,10:59:30,10.22,-0.01,60,61320,卖盘
1683,10:59:27,10.23,0.01,10,10230,买盘
1684,10:59:24,10.22,-0.01,10,10220,卖盘
1685,10:59:00,10.23,--,75,76725,买盘
1686,10:58:54,10.23,0.01,196,200508,买盘
1687,10:58:48,10.22,0.01,70,71540,买盘
1688,10:58:42,10.21,-0.01,29,29609,卖盘
1689,10:58:36,10.22,--,827,845929,卖盘
1690,10:58:33,10.22,--,1336,1365392,卖盘
1691,10:58:30,10.22,-0.01,5,5110,卖盘
1692,10:58:24,10.23,--,49,50127,买盘
1693,10:58:06,10.23,--,50,51150,买盘
1694,10:58:03,10.23,--,1,1023,买盘
1695,10:57:57,10.23,--,5,5115,买盘
1696,10:57:54,10.23,0.01,1,1023,买盘
1697,10:57:45,10.22,-0.01,13,13286,卖盘
1698,10:57:42,10.23,0.01,21,21483,买盘
1699,10:57:33,10.22,-0.01,47,48034,卖盘
1700,10:57:24,10.23,--,170,173910,买盘
1701,10:57:15,10.23,--,5,5115,买盘
1702,10:57:12,10.23,0.01,10,10230,买盘
1703,10:57:06,10.22,-0.01,7,7154,卖盘
1704,10:56:57,10.23,0.01,5,5115,买盘
1705,10:56:54,10.22,--,3,3066,卖盘
1706,10:56:51,10.22,-0.01,90,91980,卖盘
1707,10:56:45,10.23,--,11,11253,买盘
1708,10:56:36,10.23,--,10,10230,买盘
1709,10:56:30,10.23,--,21,21483,买盘
1710,10:56:18,10.23,0.01,10,10230,买盘
1711,10:56:03,10.22,--,7,7154,卖盘
1712,10:56:00,10.22,--,1,1022,卖盘
1713,10:55:54,10.22,0.01,871,890448,买盘
1714,10:55:51,10.21,-0.01,33,33693,卖盘
1715,10:55:48,10.22,--,10,10220,买盘
1716,10:55:45,10.22,--,1,1022,买盘
1717,10:55:42,10.22,--,6,6132,买盘
1718,10:55:39,10.22,--,209,213598,买盘
1719,10:55:36,10.22,--,50,51100,买盘
1720,10:55:33,10.22,--,2031,2075682,买盘
1721,10:55:27,10.22,--,10,10220,买盘
1722,10:55:24,10.22,--,39,39858,买盘
1723,10:55:21,10.22,--,135,137970,买盘
1724,10:55:18,10.22,--,3,3066,买盘
1725,10:55:15,10.22,--,93,95046,买盘
1726,10:55:03,10.22,--,56,57232,买盘
1727,10:55:00,10.22,--,407,415954,买盘
1728,10:54:45,10.22,--,10,10220,买盘
1729,10:54:36,10.22,--,300,306600,买盘
1730,10:54:33,10.22,--,4,4088,买盘
1731,10:54:30,10.22,--,13,13286,买盘
1732,10:54:27,10.22,--,5,5110,买盘
1733,10:54:24,10.22,--,20,20440,买盘
1734,10:54:21,10.22,--,10,10220,买盘
1735,10:54:18,10.22,--,21,21462,买盘
1736,10:54:15,10.22,--,114,116508,买盘
1737,10:54:12,10.22,0.01,40,40880,买盘
1738,10:54:09,10.21,--,10,10210,卖盘
1739,10:54:03,10.21,--,34,34714,卖盘
1740,10:53:54,10.21,--,110,112310,卖盘
1741,10:53:42,10.21,-0.01,1,1021,卖盘
1742,10:53:36,10.22,--,100,102200,买盘
1743,10:53:33,10.22,0.01,2,2044,买盘
1744,10:53:18,10.21,--,10,10210,卖盘
1745,10:53:15,10.21,-0.01,200,204200,卖盘
1746,10:53:12,10.22,--,1,1022,买盘
1747,10:53:09,10.22,--,3,3066,买盘
1748,10:53:06,10.22,--,21,21462,买盘
1749,10:53:03,10.22,0.01,3,3066,买盘
1750,10:52:54,10.21,--,214,218494,卖盘
1751,10:52:51,10.21,-0.01,29,29609,卖盘
1752,10:52:48,10.22,--,1,1022,买盘
1753,10:52:39,10.22,0.01,55,56210,买盘
1754,10:52:36,10.21,-0.01,290,296090,卖盘
1755,10:52:33,10.22,0.01,2,2044,买盘
1756,10:52:30,10.21,-0.01,15,15315,卖盘
1757,10:52:24,10.22,--,1,1022,买盘
1758,10:52:21,10.22,--,1,1022,买盘
1759,10:52:15,10.22,--,17,17374,买盘
1760,10:52:12,10.22,0.01,22,22484,买盘
1761,10:52:09,10.21,--,34,34714,卖盘
1762,10:52:06,10.21,--,25,25525,卖盘
1763,10:52:03,10.21,-0.01,14,14294,卖盘
1764,10:52:00,10.22,--,21,21462,买盘
1765,10:51:57,10.22,--,2,2044,买盘
1766,10:51:54,10.22,0.01,123,125706,买盘
1767,10:51:48,10.21,-0.01,990,1010790,卖盘
1768,10:51:45,10.22,--,40,40880,买盘
1769,10:51:42,10.22,0.01,4,4088,买盘
1770,10:51:39,10.21,-0.01,110,112310,卖盘
1771,10:51:36,10.22,0.01,10,10220,买盘
1772,10:51:33,10.21,-0.01,204,208284,卖盘
1773,10:51:27,10.22,--,10,10220,买盘
1774,10:51:09,10.22,0.01,25,25550,买盘
1775,10:51:06,10.21,--,491,501311,卖盘
1776,10:51:03,10.21,--,40,40840,卖盘
1777,10:51:00,10.21,--,10,10210,卖盘
1778,10:50:54,10.21,--,11,11231,卖盘
1779,10:50:51,10.21,--,400,408400,卖盘
1780,10:50:48,10.21,-0.01,72,73512,卖盘
1781,10:50:45,10.22,0.01,129,131838,买盘
1782,10:50:42,10.21,--,44,44924,卖盘
1783,10:50:39,10.21,-0.01,35,35735,卖盘
1784,10:50:33,10.22,0.01,22,22484,买盘
1785,10:50:30,10.21,--,5,5105,卖盘
1786,10:50:27,10.21,-0.01,59,60239,卖盘
1787,10:50:21,10.22,0.01,54,55188,买盘
1788,10:50:15,10.21,-0.01,5,5105,卖盘
1789,10:50:12,10.22,--,139,142058,买盘
1790,10:50:09,10.22,--,48,49056,买盘
1791,10:50:03,10.22,--,3,3066,买盘
1792,10:50:00,10.22,--,81,82782,买盘
1793,10:49:57,10.22,0.01,52,53144,买盘
1794,10:49:54,10.21,--,200,204200,卖盘
1795,10:49:48,10.21,-0.01,30,30630,卖盘
1796,10:49:45,10.22,--,100,102200,买盘
1797,10:49:42,10.22,--,5,5110,买盘
1798,10:49:33,10.22,--,3,3066,买盘
1799,10:49:30,10.22,--,21,21462,买盘
1800,10:49:27,10.22,--,76,77672,买盘
1801,10:49:24,10.22,--,20,20440,买盘
1802,10:49:21,10.22,0.01,4,4088,买盘
1803,10:49:18,10.21,-0.02,1734,1771149,卖盘
1804,10:49:09,10.23,0.01,311,318153,买盘
1805,10:49:00,10.22,-0.01,20,20440,卖盘
1806,10:48:57,10.23,0.01,2,2046,买盘
1807,10:48:51,10.22,-0.01,54,55188,卖盘
1808,10:48:48,10.23,0.01,30,31661,买盘
1809,10:48:45,10.22,--,313,319886,卖盘
1810,10:48:36,10.22,--,40,40880,卖盘
1811,10:48:33,10.22,--,51,52122,卖盘
1812,10:48:30,10.22,-0.01,12,12264,卖盘
1813,10:48:27,10.23,0.01,21,21483,买盘
1814,10:48:24,10.22,--,147,150234,卖盘
1815,10:48:21,10.22,--,525,536550,卖盘
1816,10:48:18,10.22,--,73,74606,卖盘
1817,10:48:15,10.22,--,10,10220,卖盘
1818,10:48:09,10.22,--,50,51100,卖盘
1819,10:48:06,10.22,--,34,34748,卖盘
1820,10:48:03,10.22,-0.01,13,13286,卖盘
1821,10:47:51,10.23,0.01,5,5115,买盘
1822,10:47:45,10.22,-0.01,40,40880,卖盘
1823,10:47:39,10.23,0.01,20,20460,买盘
1824,10:47:33,10.22,--,21,21462,卖盘
1825,10:47:27,10.22,--,13,13286,卖盘
1826,10:47:21,10.22,--,25,25550,卖盘
1827,10:47:15,10.22,-0.01,140,143080,卖盘
1828,10:47:12,10.23,0.01,72,73656,买盘
1829,10:47:06,10.22,-0.01,70,72296,卖盘
1830,10:47:03,10.23,0.01,121,123783,买盘
1831,10:47:00,10.22,--,4,4088,卖盘
1832,10:46:57,10.22,--,37,37814,卖盘
1833,10:46:54,10.22,--,69,70518,卖盘
1834,10:46:51,10.22,--,662,676564,卖盘
1835,10:46:48,10.22,--,76,77672,卖盘
1836,10:46:45,10.22,--,19,19418,卖盘
1837,10:46:42,10.22,--,12,12264,卖盘
1838,10:46:39,10.22,-0.02,609,622398,卖盘
1839,10:46:33,10.24,--,23,23552,买盘
1840,10:46:24,10.24,--,1,1024,买盘
1841,10:46:18,10.24,--,10,10240,买盘
1842,10:46:15,10.24,--,5,5120,买盘
1843,10:46:00,10.24,--,22,22528,买盘
1844,10:45:57,10.24,--,2,2048,买盘
1845,10:45:51,10.24,--,10,10240,买盘
1846,10:45:42,10.24,--,13,13312,买盘
1847,10:45:36,10.24,0.01,1,1024,买盘
1848,10:45:21,10.23,-0.01,20,20460,卖盘
1849,10:45:18,10.24,0.01,59,60416,买盘
1850,10:45:15,10.23,-0.01,10,10230,中性盘
1851,10:44:57,10.24,0.01,60,61440,买盘
1852,10:44:54,10.23,--,1,1023,卖盘
1853,10:44:51,10.23,--,14,14322,买盘
1854,10:44:45,10.23,--,158,161634,买盘
1855,10:44:36,10.23,--,22,22506,买盘
1856,10:44:33,10.23,--,56,57288,买盘
1857,10:44:18,10.23,0.01,10,10230,买盘
1858,10:44:12,10.22,-0.01,20,20440,卖盘
1859,10:44:09,10.23,--,7,7161,买盘
1860,10:44:03,10.23,0.01,4,4092,买盘
1861,10:44:00,10.22,-0.01,10,10220,卖盘
1862,10:43:54,10.23,--,49,50127,买盘
1863,10:43:48,10.23,0.01,21,21483,买盘
1864,10:43:45,10.22,-0.01,2,2044,卖盘
1865,10:43:42,10.23,--,1,1023,买盘
1866,10:43:39,10.23,0.01,30,30690,买盘
1867,10:43:36,10.22,-0.01,30,30660,卖盘
1868,10:43:33,10.23,0.01,2,2046,买盘
1869,10:43:18,10.22,--,49,50078,卖盘
1870,10:43:09,10.22,--,64,65408,卖盘
1871,10:43:03,10.22,-0.01,49,50078,卖盘
1872,10:43:00,10.23,--,49,50127,买盘
1873,10:42:57,10.23,--,63,64449,买盘
1874,10:42:54,10.23,--,1,1023,买盘
1875,10:42:45,10.23,0.01,114,116622,买盘
1876,10:42:42,10.22,-0.01,23,24466,卖盘
1877,10:42:39,10.23,-0.01,10,10230,卖盘
1878,10:42:36,10.24,0.01,61,62464,买盘
1879,10:42:33,10.23,--,72,73656,卖盘
1880,10:42:27,10.23,-0.01,35,35805,中性盘
1881,10:42:21,10.24,0.01,22,22528,买盘
1882,10:42:18,10.23,--,65,66495,中性盘
1883,10:42:15,10.23,--,9,9207,卖盘
1884,10:42:12,10.23,--,29,29667,买盘
1885,10:42:06,10.23,--,29,29667,卖盘
1886,10:41:54,10.23,--,12,12276,卖盘
1887,10:41:45,10.23,--,15,15345,买盘
1888,10:41:42,10.23,--,8,8184,买盘
1889,10:41:39,10.23,--,3,3069,买盘
1890,10:41:33,10.23,--,51,52173,买盘
1891,10:41:30,10.23,--,30,30690,买盘
1892,10:41:24,10.23,--,41,41943,买盘
1893,10:41:21,10.23,--,4,4092,买盘
1894,10:41:12,10.23,--,182,186186,买盘
1895,10:41:03,10.23,--,33,33759,买盘
1896,10:41:00,10.23,--,1,1023,买盘
1897,10:40:54,10.23,0.01,1,1023,买盘
1898,10:40:48,10.22,--,2,2044,卖盘
1899,10:40:45,10.22,-0.01,200,204400,卖盘
1900,10:40:36,10.23,--,1,1023,买盘
1901,10:40:33,10.23,--,2,2046,买盘
1902,10:40:30,10.23,--,5,5115,买盘
1903,10:40:24,10.23,--,3,3069,买盘
1904,10:40:21,10.23,--,10,10230,买盘
1905,10:40:18,10.23,--,3,3069,买盘
1906,10:40:15,10.23,--,26,26598,买盘
1907,10:40:12,10.23,--,27,27621,买盘
1908,10:40:03,10.23,0.01,7,7161,买盘
1909,10:40:00,10.22,-0.01,54,55188,卖盘
1910,10:39:57,10.23,0.01,11,11253,买盘
1911,10:39:54,10.22,-0.01,18,18396,卖盘
1912,10:39:51,10.23,--,4,4092,买盘
1913,10:39:48,10.23,--,72,73656,买盘
1914,10:39:45,10.23,0.01,73,74679,买盘
1915,10:39:33,10.22,--,99,101178,卖盘
1916,10:39:30,10.22,--,21,21462,卖盘
1917,10:39:18,10.22,--,48,49056,卖盘
1918,10:39:15,10.22,--,91,93002,卖盘
1919,10:39:12,10.22,-0.02,124,126728,卖盘
1920,10:39:09,10.24,0.01,31,31744,买盘
1921,10:39:06,10.23,0.01,102,104346,买盘
1922,10:39:03,10.22,--,63,64386,卖盘
1923,10:39:00,10.22,-0.01,126,128772,卖盘
1924,10:38:57,10.23,0.01,32,32736,买盘
1925,10:38:48,10.22,--,60,61320,卖盘
1926,10:38:39,10.22,-0.01,19,19418,卖盘
1927,10:38:36,10.23,0.01,23,23529,中性盘
1928,10:38:30,10.22,-0.01,49,50078,卖盘
1929,10:38:27,10.23,-0.01,13,13299,卖盘
1930,10:38:15,10.24,--,17,17408,买盘
1931,10:38:12,10.24,--,5,5120,买盘
1932,10:38:09,10.24,0.01,10,10240,买盘
1933,10:38:06,10.23,-0.01,50,51150,卖盘
1934,10:38:03,10.24,--,5,5120,买盘
1935,10:37:54,10.24,0.01,34,34816,买盘
1936,10:37:51,10.23,0.01,79,80817,中性盘
1937,10:37:36,10.22,-0.02,10000,10220000,卖盘
1938,10:37:30,10.24,--,1,1024,买盘
1939,10:37:27,10.24,--,3,3072,买盘
1940,10:37:18,10.24,0.01,131,134144,买盘
1941,10:37:15,10.23,-0.01,67,68541,卖盘
1942,10:37:09,10.24,0.01,12,12288,买盘
1943,10:37:06,10.23,-0.01,49,50127,卖盘
1944,10:37:03,10.24,0.01,4,4096,买盘
1945,10:36:57,10.23,--,66,67518,卖盘
1946,10:36:54,10.23,-0.01,24,24552,卖盘
1947,10:36:51,10.24,--,22,22528,买盘
1948,10:36:48,10.24,--,62,64409,买盘
1949,10:36:45,10.24,--,6,6144,买盘
1950,10:36:42,10.24,--,3,3072,买盘
1951,10:36:39,10.24,--,13,13312,买盘
1952,10:36:36,10.24,-0.01,88,90112,卖盘
1953,10:36:27,10.25,0.01,30,30750,买盘
1954,10:36:18,10.24,-0.01,11,11264,卖盘
1955,10:36:15,10.25,0.01,4,4100,买盘
1956,10:36:12,10.24,-0.01,1,1024,卖盘
1957,10:36:03,10.25,--,4,4100,买盘
1958,10:36:00,10.25,0.01,6,6150,买盘
1959,10:35:57,10.24,--,5,5120,卖盘
1960,10:35:48,10.24,--,11,11264,买盘
1961,10:35:45,10.24,--,100,102400,买盘
1962,10:35:42,10.24,0.01,21,21504,买盘
1963,10:35:33,10.23,-0.01,52,53196,卖盘
1964,10:35:30,10.24,--,10,10240,买盘
1965,10:35:27,10.24,0.01,100,102400,买盘
1966,10:35:24,10.23,-0.01,8,8184,卖盘
1967,10:35:21,10.24,--,19,19660,买盘
1968,10:35:15,10.24,--,10,10240,买盘
1969,10:35:09,10.24,--,87,89088,买盘
1970,10:35:03,10.24,--,3,3072,买盘
1971,10:34:48,10.24,--,210,215040,买盘
1972,10:34:45,10.24,--,30,30720,买盘
1973,10:34:33,10.24,--,36,36864,买盘
1974,10:34:27,10.24,--,21,21504,买盘
1975,10:34:18,10.24,0.01,37,37888,买盘
1976,10:34:12,10.23,--,30,30690,卖盘
1977,10:34:09,10.23,-0.01,25,25575,卖盘
1978,10:34:03,10.24,--,11,11264,买盘
1979,10:34:00,10.24,0.01,4,4096,买盘
1980,10:33:54,10.23,-0.01,46,47058,卖盘
1981,10:33:51,10.24,--,1,1024,买盘
1982,10:33:48,10.24,0.01,500,512000,买盘
1983,10:33:42,10.23,-0.01,21,21483,卖盘
1984,10:33:39,10.24,0.01,59,60416,买盘
1985,10:33:33,10.23,-0.01,158,161634,卖盘
1986,10:33:24,10.24,--,11,11264,买盘
1987,10:33:21,10.24,--,46,47104,买盘
1988,10:33:18,10.24,--,50,51200,买盘
1989,10:33:15,10.24,0.01,20,20480,买盘
1990,10:33:09,10.23,-0.01,1,1023,卖盘
1991,10:33:03,10.24,0.01,3,3072,买盘
1992,10:33:00,10.23,-0.01,3,3069,卖盘
1993,10:32:45,10.24,--,75,76800,买盘
1994,10:32:42,10.24,--,54,55296,买盘
1995,10:32:36,10.24,--,1,1024,买盘
1996,10:32:33,10.24,--,3,3072,买盘
1997,10:32:09,10.24,0.01,26,26624,买盘
1998,10:32:06,10.23,-0.01,8,9186,卖盘
1999,10:32:03,10.24,--,3,3072,买盘
2000,10:31:48,10.24,0.01,29,29696,买盘
2001,10:31:42,10.23,-0.01,1,1023,卖盘
2002,10:31:39,10.24,--,11,11264,买盘
2003,10:31:36,10.24,--,10,10240,买盘
2004,10:31:33,10.24,--,2,2048,买盘
2005,10:31:24,10.24,0.01,39,39936,买盘
2006,10:31:21,10.23,--,4,4092,卖盘
2007,10:31:18,10.23,--,49,50127,卖盘
2008,10:31:09,10.23,--,21,21483,卖盘
2009,10:31:06,10.23,-0.01,164,167772,卖盘
2010,10:31:03,10.24,--,3,3072,买盘
2011,10:31:00,10.24,--,32,32768,买盘
2012,10:30:57,10.24,0.01,5,5120,买盘
2013,10:30:48,10.23,-0.01,49,50127,卖盘
2014,10:30:45,10.24,0.01,105,107520,买盘
2015,10:30:36,10.23,-0.01,206,210738,卖盘
2016,10:30:33,10.24,--,53,54272,买盘
2017,10:30:30,10.24,0.01,53,54272,买盘
2018,10:30:24,10.23,--,47,48081,卖盘
2019,10:30:18,10.23,--,112,114576,卖盘
2020,10:30:15,10.23,-0.01,14,14322,卖盘
2021,10:30:12,10.24,--,35,35840,买盘
2022,10:30:09,10.24,0.01,88,90112,买盘
2023,10:30:06,10.23,-0.01,192,196416,卖盘
2024,10:30:03,10.24,--,1601,1639424,买盘
2025,10:29:57,10.24,--,5,5120,买盘
2026,10:29:51,10.24,--,27,27648,买盘
2027,10:29:39,10.24,0.01,20,20480,买盘
2028,10:29:33,10.23,--,31,31713,卖盘
2029,10:29:30,10.23,-0.01,53,54219,卖盘
2030,10:29:27,10.24,0.01,559,572416,买盘
2031,10:29:24,10.23,-0.01,21,21483,卖盘
2032,10:29:18,10.24,0.01,248,253952,买盘
2033,10:29:12,10.23,--,213,217899,卖盘
2034,10:29:09,10.23,--,74,75702,卖盘
2035,10:29:06,10.23,-0.01,15,15345,卖盘
2036,10:29:03,10.24,--,1,1024,买盘
2037,10:29:00,10.24,--,1,1024,买盘
2038,10:28:57,10.24,0.01,5,5120,买盘
2039,10:28:48,10.23,-0.01,2,2046,卖盘
2040,10:28:45,10.24,--,21,21504,买盘
2041,10:28:36,10.24,0.01,1,1024,买盘
2042,10:28:30,10.23,--,107,109461,卖盘
2043,10:28:27,10.23,-0.01,11,11253,卖盘
2044,10:28:09,10.24,--,1,1024,买盘
2045,10:28:03,10.24,--,10,10240,买盘
2046,10:27:57,10.24,0.01,25,25600,买盘
2047,10:27:54,10.23,--,54,55242,卖盘
2048,10:27:48,10.23,-0.01,52,53196,卖盘
2049,10:27:42,10.24,0.01,1,1024,买盘
2050,10:27:39,10.23,-0.01,110,112530,卖盘
2051,10:27:36,10.24,--,5,5120,买盘
2052,10:27:33,10.24,--,10,10240,买盘
2053,10:27:30,10.24,--,21,21504,买盘
2054,10:27:18,10.24,0.01,59,60416,买盘
2055,10:27:09,10.23,--,125,127875,卖盘
2056,10:27:03,10.23,-0.01,384,392832,卖盘
2057,10:27:00,10.24,--,12,12288,买盘
2058,10:26:57,10.24,0.01,2,2048,买盘
2059,10:26:54,10.23,--,3,3069,卖盘
2060,10:26:51,10.23,--,5,5115,卖盘
2061,10:26:48,10.23,--,29,29667,卖盘
2062,10:26:33,10.23,--,1,1023,卖盘
2063,10:26:30,10.23,-0.01,6,6138,卖盘
2064,10:26:27,10.24,--,75,76800,买盘
2065,10:26:24,10.24,0.01,220,225280,买盘
2066,10:26:21,10.23,--,31,31713,卖盘
2067,10:26:18,10.23,--,20,20460,卖盘
2068,10:26:12,10.23,--,66,67518,卖盘
2069,10:26:09,10.23,--,5,5115,卖盘
2070,10:26:06,10.23,-0.01,44,45012,卖盘
2071,10:26:03,10.24,0.01,4,4096,买盘
2072,10:26:00,10.23,--,42,42966,卖盘
2073,10:25:57,10.23,--,111,113553,卖盘
2074,10:25:54,10.23,--,470,480810,卖盘
2075,10:25:39,10.23,--,10,10230,卖盘
2076,10:25:30,10.23,--,26,26598,卖盘
2077,10:25:27,10.23,--,10,10230,卖盘
2078,10:25:24,10.23,--,86,88796,卖盘
2079,10:25:21,10.23,--,157,160611,卖盘
2080,10:25:18,10.23,-0.01,98,100254,卖盘
2081,10:25:15,10.24,0.01,22,22528,买盘
2082,10:25:12,10.23,--,669,685174,买盘
2083,10:25:09,10.23,--,200,204600,买盘
2084,10:25:06,10.23,--,84,85932,买盘
2085,10:25:03,10.23,--,21,21483,买盘
2086,10:24:57,10.23,--,1,1023,买盘
2087,10:24:54,10.23,--,1010,1033230,买盘
2088,10:24:51,10.23,--,50,51150,买盘
2089,10:24:48,10.23,--,10,10230,买盘
2090,10:24:39,10.23,--,1,1023,买盘
2091,10:24:36,10.23,--,14,14322,买盘
2092,10:24:33,10.23,--,2,2046,买盘
2093,10:24:27,10.23,--,3763,3850193,卖盘
2094,10:24:24,10.23,--,50,51150,卖盘
2095,10:24:18,10.23,--,114,116622,卖盘
2096,10:24:12,10.23,-0.01,100,102300,卖盘
2097,10:24:09,10.24,--,29,29696,买盘
2098,10:24:03,10.24,--,119,121856,买盘
2099,10:24:00,10.24,0.01,10,10240,买盘
2100,10:23:57,10.23,-0.01,360,368280,卖盘
2101,10:23:54,10.24,--,249,254976,买盘
2102,10:23:48,10.24,0.01,15,15360,买盘
2103,10:23:42,10.23,--,20,20460,卖盘
2104,10:23:39,10.23,--,168,171864,卖盘
2105,10:23:36,10.23,-0.01,600,613800,卖盘
2106,10:23:33,10.24,0.01,13,13312,买盘
2107,10:23:27,10.23,--,507,518661,卖盘
2108,10:23:24,10.23,-0.01,580,593340,卖盘
2109,10:23:21,10.24,0.01,1,1024,买盘
2110,10:23:18,10.23,--,5,5115,卖盘
2111,10:23:15,10.23,-0.01,37,37851,卖盘
2112,10:23:12,10.24,0.01,10,10240,买盘
2113,10:23:09,10.23,--,24,24552,卖盘
2114,10:23:06,10.23,-0.01,100,102300,卖盘
2115,10:23:03,10.24,0.01,24,24576,买盘
2116,10:23:00,10.23,-0.01,73,74679,卖盘
2117,10:22:57,10.24,0.01,21,21504,买盘
2118,10:22:51,10.23,-0.01,20,20460,卖盘
2119,10:22:42,10.24,0.01,83,85196,买盘
2120,10:22:39,10.23,-0.01,90,92070,卖盘
2121,10:22:33,10.24,0.01,13,13312,买盘
2122,10:22:27,10.23,--,49,50127,卖盘
2123,10:22:24,10.23,--,72,73656,卖盘
2124,10:22:18,10.23,--,48,49104,卖盘
2125,10:22:15,10.23,--,49,50127,卖盘
2126,10:22:12,10.23,--,72,73656,卖盘
2127,10:22:09,10.23,-0.01,49,50127,卖盘
2128,10:22:03,10.24,0.01,23,23552,买盘
2129,10:21:57,10.23,-0.01,15,15345,卖盘
2130,10:21:51,10.24,0.01,6,6144,买盘
2131,10:21:45,10.23,--,20,20460,卖盘
2132,10:21:42,10.23,-0.01,101,103323,卖盘
2133,10:21:39,10.24,--,3,3072,买盘
2134,10:21:33,10.24,--,13,13312,买盘
2135,10:21:30,10.24,0.01,11,11264,买盘
2136,10:21:24,10.23,--,40,40920,卖盘
2137,10:21:18,10.23,--,61,62403,卖盘
2138,10:21:12,10.23,-0.01,10,10230,卖盘
2139,10:21:09,10.24,--,30,30720,买盘
2140,10:21:06,10.24,--,261,267264,买盘
2141,10:21:03,10.24,0.01,16,16384,买盘
2142,10:21:00,10.23,--,13,13299,卖盘
2143,10:20:57,10.23,--,49,50127,卖盘
2144,10:20:54,10.23,--,50,51150,卖盘
2145,10:20:51,10.23,-0.01,138,141174,卖盘
2146,10:20:42,10.24,0.01,21,21504,买盘
2147,10:20:39,10.23,-0.01,21,21483,卖盘
2148,10:20:33,10.24,--,62,63488,买盘
2149,10:20:30,10.24,0.01,10,10240,买盘
2150,10:20:27,10.23,-0.01,119,121737,卖盘
2151,10:20:21,10.24,0.01,56,57344,买盘
2152,10:20:15,10.23,-0.01,49,50127,卖盘
2153,10:20:12,10.24,--,26,26624,买盘
2154,10:20:09,10.24,--,67,68608,买盘
2155,10:20:06,10.24,0.01,300,307200,买盘
2156,10:20:03,10.23,-0.01,40,40920,卖盘
2157,10:20:00,10.24,-0.01,9,9216,中性盘
2158,10:19:57,10.25,0.02,28,28700,买盘
2159,10:19:54,10.23,--,13,13299,卖盘
2160,10:19:51,10.23,-0.02,75,76725,卖盘
2161,10:19:48,10.25,0.02,6,6150,买盘
2162,10:19:45,10.23,-0.01,14,14322,卖盘
2163,10:19:33,10.24,--,13,13312,买盘
2164,10:19:27,10.24,--,22,22528,买盘
2165,10:19:18,10.24,0.01,5,5120,买盘
2166,10:19:15,10.23,-0.01,7,7161,卖盘
2167,10:19:09,10.24,0.01,20,20480,买盘
2168,10:19:06,10.23,-0.01,8,8184,卖盘
2169,10:19:03,10.24,--,15,15360,买盘
2170,10:18:36,10.24,--,5,5120,买盘
2171,10:18:33,10.24,--,13,13312,买盘
2172,10:18:30,10.24,--,54,55296,买盘
2173,10:18:21,10.24,0.01,21,21504,买盘
2174,10:18:18,10.23,--,49,50127,卖盘
2175,10:18:12,10.23,-0.01,48,49104,卖盘
2176,10:18:06,10.24,0.01,61,62464,买盘
2177,10:18:03,10.23,-0.01,63,64449,卖盘
2178,10:18:00,10.24,--,59,60416,卖盘
2179,10:17:57,10.24,0.01,10,10240,卖盘
2180,10:17:54,10.23,--,48,49104,卖盘
2181,10:17:51,10.23,-0.02,77,78771,卖盘
2182,10:17:48,10.25,--,5,5125,买盘
2183,10:17:45,10.25,0.01,5,5125,买盘
2184,10:17:42,10.24,--,3,3072,卖盘
2185,10:17:39,10.24,--,1250,1280000,卖盘
2186,10:17:36,10.24,-0.01,81,82944,卖盘
2187,10:17:33,10.25,0.01,52,53300,买盘
2188,10:17:30,10.24,--,10,10240,卖盘
2189,10:17:27,10.24,--,600,614400,卖盘
2190,10:17:21,10.24,--,88,90112,卖盘
2191,10:17:18,10.24,-0.01,180,184320,卖盘
2192,10:17:12,10.25,0.01,51,52275,买盘
2193,10:17:09,10.24,-0.01,140,143360,卖盘
2194,10:17:03,10.25,--,14,14350,买盘
2195,10:16:57,10.25,0.01,2,2050,买盘
2196,10:16:54,10.24,--,177,181248,卖盘
2197,10:16:51,10.24,--,49,50176,卖盘
2198,10:16:42,10.24,--,62,63488,卖盘
2199,10:16:36,10.24,-0.01,1,1024,卖盘
2200,10:16:33,10.25,0.01,11,11275,买盘
2201,10:16:24,10.24,--,110,112640,卖盘
2202,10:16:21,10.24,--,81,83712,卖盘
2203,10:16:15,10.24,--,94,96256,卖盘
2204,10:16:09,10.24,--,49,50176,卖盘
2205,10:16:03,10.24,--,55,56320,卖盘
2206,10:15:54,10.24,--,173,177960,买盘
2207,10:15:48,10.24,--,5,5120,买盘
2208,10:15:45,10.24,--,13,13312,买盘
2209,10:15:42,10.24,--,25,25600,买盘
2210,10:15:36,10.24,-0.01,231,236759,卖盘
2211,10:15:33,10.25,0.01,29,29725,买盘
2212,10:15:30,10.24,--,207,211968,卖盘
2213,10:15:27,10.24,--,91,93184,卖盘
2214,10:15:24,10.24,--,29,29696,卖盘
2215,10:15:21,10.24,--,112,114933,卖盘
2216,10:15:18,10.24,--,70,71680,卖盘
2217,10:15:15,10.24,--,119,121856,卖盘
2218,10:15:12,10.24,--,26,26624,卖盘
2219,10:15:09,10.24,--,55,56320,卖盘
2220,10:15:06,10.24,-0.01,102,104448,卖盘
2221,10:15:03,10.25,--,35,35875,买盘
2222,10:14:57,10.25,0.01,5,5125,买盘
2223,10:14:54,10.24,--,6,6144,卖盘
2224,10:14:51,10.24,--,70,71680,卖盘
2225,10:14:48,10.24,--,33,33792,卖盘
2226,10:14:45,10.24,--,81,82944,卖盘
2227,10:14:42,10.24,-0.01,92,94208,卖盘
2228,10:14:36,10.25,--,7,7175,买盘
2229,10:14:33,10.25,0.01,12,12300,买盘
2230,10:14:27,10.24,--,49,50176,卖盘
2231,10:14:18,10.24,--,70,71680,卖盘
2232,10:14:15,10.24,--,20,20480,卖盘
2233,10:14:12,10.24,--,288,294912,卖盘
2234,10:14:06,10.24,-0.01,40,40960,卖盘
2235,10:14:03,10.25,--,24,24600,买盘
2236,10:14:00,10.25,--,41,42025,买盘
2237,10:13:57,10.25,0.01,5,5125,买盘
2238,10:13:54,10.24,--,49,50176,卖盘
2239,10:13:51,10.24,--,19,19456,卖盘
2240,10:13:48,10.24,-0.01,21,21504,卖盘
2241,10:13:45,10.25,--,206,211150,买盘
2242,10:13:42,10.25,--,6,6150,买盘
2243,10:13:33,10.25,0.01,11,11275,买盘
2244,10:13:30,10.24,--,22,22528,卖盘
2245,10:13:24,10.24,-0.01,1,1024,卖盘
2246,10:13:09,10.25,0.01,1,1025,买盘
2247,10:13:06,10.24,-0.01,167,171008,卖盘
2248,10:13:03,10.25,--,11,11275,买盘
2249,10:12:57,10.25,--,5,5125,买盘
2250,10:12:54,10.25,--,24,24600,买盘
2251,10:12:48,10.25,0.01,10,10250,买盘
2252,10:12:45,10.24,-0.01,26,26624,卖盘
2253,10:12:42,10.25,--,40,41000,买盘
2254,10:12:39,10.25,--,6,6150,买盘
2255,10:12:33,10.25,--,32,32800,买盘
2256,10:12:15,10.25,0.01,10,10250,买盘
2257,10:12:06,10.24,--,52,53248,卖盘
2258,10:12:03,10.24,-0.01,18,18636,卖盘
2259,10:11:57,10.25,--,17,17425,买盘
2260,10:11:54,10.25,0.01,8,8200,买盘
2261,10:11:48,10.24,-0.01,49,50176,卖盘
2262,10:11:45,10.25,--,55,56375,买盘
2263,10:11:42,10.25,--,4,4100,买盘
2264,10:11:39,10.25,--,6,6150,买盘
2265,10:11:33,10.25,--,1,1025,买盘
2266,10:11:30,10.25,0.01,1600,1640000,买盘
2267,10:11:27,10.24,--,36,36864,卖盘
2268,10:11:21,10.24,-0.01,5,5120,卖盘
2269,10:11:18,10.25,--,5,5125,买盘
2270,10:11:15,10.25,0.01,10,10250,买盘
2271,10:11:06,10.24,-0.01,31,31744,卖盘
2272,10:11:03,10.25,0.01,1,1025,买盘
2273,10:11:00,10.24,-0.01,10,10240,卖盘
2274,10:10:57,10.25,--,183,187575,买盘
2275,10:10:48,10.25,--,10,10250,买盘
2276,10:10:42,10.25,--,10,10250,买盘
2277,10:10:30,10.25,--,5,5125,买盘
2278,10:10:27,10.25,--,9,9225,买盘
2279,10:10:24,10.25,0.01,19,19475,买盘
2280,10:10:21,10.24,-0.01,10,10240,卖盘
2281,10:10:09,10.25,--,50,51250,买盘
2282,10:09:57,10.25,0.01,456,467810,买盘
2283,10:09:54,10.24,-0.01,15,15360,卖盘
2284,10:09:42,10.25,--,31,31775,买盘
2285,10:09:39,10.25,--,22,22550,买盘
2286,10:09:36,10.25,0.01,5,5125,买盘
2287,10:09:27,10.24,--,1754,1797068,买盘
2288,10:09:24,10.24,0.01,5,5120,买盘
2289,10:09:15,10.23,-0.01,1,1023,卖盘
2290,10:09:09,10.24,--,15,15360,买盘
2291,10:09:06,10.24,--,8,8192,买盘
2292,10:09:03,10.24,--,3,3072,买盘
2293,10:09:00,10.24,-0.01,1310,1342095,卖盘
2294,10:08:57,10.25,--,5,5125,买盘
2295,10:08:51,10.25,--,2,2050,买盘
2296,10:08:36,10.25,--,5,5125,买盘
2297,10:08:33,10.25,--,30,30750,买盘
2298,10:08:27,10.25,--,8,8200,买盘
2299,10:08:21,10.25,--,1,1025,买盘
2300,10:08:00,10.25,0.01,40,41000,买盘
2301,10:07:54,10.24,--,66,67584,卖盘
2302,10:07:51,10.24,--,20,20480,卖盘
2303,10:07:48,10.24,--,959,982384,买盘
2304,10:07:42,10.24,--,11,11264,买盘
2305,10:07:39,10.24,--,6,6144,买盘
2306,10:07:33,10.24,0.01,2,2048,买盘
2307,10:07:27,10.23,-0.01,122,124806,卖盘
2308,10:07:18,10.24,0.01,4,4096,买盘
2309,10:07:15,10.23,-0.01,50,51150,卖盘
2310,10:07:09,10.24,--,36,36864,买盘
2311,10:07:06,10.24,--,400,409600,买盘
2312,10:07:03,10.24,--,573,586752,买盘
2313,10:07:00,10.24,--,20,20480,买盘
2314,10:06:57,10.24,--,10,10240,买盘
2315,10:06:51,10.24,-0.01,138,141967,卖盘
2316,10:06:48,10.25,--,46,47150,买盘
2317,10:06:45,10.25,0.01,49,50225,买盘
2318,10:06:39,10.24,--,20,20480,卖盘
2319,10:06:36,10.24,--,18,18432,卖盘
2320,10:06:27,10.24,--,5,5120,卖盘
2321,10:06:24,10.24,--,3,3072,卖盘
2322,10:06:21,10.24,-0.01,80,81920,卖盘
2323,10:06:18,10.25,0.01,65,66625,买盘
2324,10:06:12,10.24,--,46,47104,卖盘
2325,10:06:09,10.24,-0.01,41,41984,卖盘
2326,10:06:03,10.25,0.01,1,1025,买盘
2327,10:06:00,10.24,-0.01,23,23552,卖盘
2328,10:05:57,10.25,0.01,3,3075,买盘
2329,10:05:54,10.24,--,18,18432,卖盘
2330,10:05:51,10.24,--,1609,1647984,买盘
2331,10:05:45,10.24,--,36,36864,买盘
2332,10:05:39,10.24,--,9,9216,买盘
2333,10:05:36,10.24,--,7,7168,买盘
2334,10:05:33,10.24,0.01,12,12288,买盘
2335,10:05:30,10.23,-0.01,9,9207,卖盘
2336,10:05:27,10.24,0.01,77,78848,买盘
2337,10:05:24,10.23,-0.01,10,10230,卖盘
2338,10:05:21,10.24,0.01,5,5120,买盘
2339,10:05:18,10.23,--,1249,1278248,卖盘
2340,10:05:09,10.23,--,1,1023,卖盘
2341,10:05:03,10.23,--,14,14322,卖盘
2342,10:04:54,10.23,--,240,245520,卖盘
2343,10:04:45,10.23,--,869,889109,买盘
2344,10:04:42,10.23,0.01,2000,2046000,买盘
2345,10:04:36,10.22,-0.01,11,11242,卖盘
2346,10:04:33,10.23,--,2,2046,买盘
2347,10:04:21,10.23,--,21,21483,买盘
2348,10:04:15,10.23,0.01,78,79794,买盘
2349,10:04:12,10.22,-0.01,42,42924,卖盘
2350,10:04:09,10.23,--,16,16368,买盘
2351,10:04:06,10.23,--,5,5115,买盘
2352,10:04:03,10.23,0.01,3,3069,买盘
2353,10:04:00,10.22,--,10,10220,卖盘
2354,10:03:51,10.22,--,71,72562,卖盘
2355,10:03:45,10.22,-0.01,88,89936,卖盘
2356,10:03:42,10.23,--,13,13299,买盘
2357,10:03:39,10.23,0.01,3,3069,买盘
2358,10:03:36,10.22,-0.01,105,107310,卖盘
2359,10:03:33,10.23,--,76,77748,买盘
2360,10:03:30,10.23,--,4,4092,买盘
2361,10:03:24,10.23,0.01,5,5115,买盘
2362,10:03:21,10.22,-0.01,53,54166,卖盘
2363,10:03:12,10.23,--,25,25575,买盘
2364,10:03:06,10.23,--,11,11253,买盘
2365,10:03:03,10.23,0.01,53,54219,买盘
2366,10:02:51,10.22,-0.01,162,165564,卖盘
2367,10:02:48,10.23,--,21,21483,买盘
2368,10:02:45,10.23,--,64,65472,买盘
2369,10:02:39,10.23,-0.01,683,699609,卖盘
2370,10:02:33,10.24,--,3,3072,买盘
2371,10:02:30,10.24,--,1,1024,买盘
2372,10:02:24,10.24,0.01,50,51200,买盘
2373,10:02:18,10.23,--,30,30690,卖盘
2374,10:02:06,10.23,--,73,74679,卖盘
2375,10:02:03,10.23,--,1,1023,卖盘
2376,10:02:00,10.23,--,156,159588,卖盘
2377,10:01:48,10.23,--,87,89001,卖盘
2378,10:01:42,10.23,--,55,56387,买盘
2379,10:01:39,10.23,--,20,20460,买盘
2380,10:01:36,10.23,--,26,26598,买盘
2381,10:01:33,10.23,--,203,207669,买盘
2382,10:01:30,10.23,--,18,18414,买盘
2383,10:01:27,10.23,--,20,20460,买盘
2384,10:01:24,10.23,--,64,65472,买盘
2385,10:01:21,10.23,--,10,10230,买盘
2386,10:01:18,10.23,--,69,70587,买盘
2387,10:01:15,10.23,--,19,19437,买盘
2388,10:01:12,10.23,0.01,78,79794,买盘
2389,10:01:06,10.22,-0.01,13,13286,卖盘
2390,10:01:03,10.23,--,3,3069,买盘
2391,10:01:00,10.23,--,14,14322,买盘
2392,10:00:57,10.23,-0.01,4500,4604400,卖盘
2393,10:00:54,10.24,--,10,10240,买盘
2394,10:00:42,10.24,--,30,30720,买盘
2395,10:00:39,10.24,--,60,61440,买盘
2396,10:00:33,10.24,--,2,2048,买盘
2397,10:00:30,10.24,--,5,5120,买盘
2398,10:00:24,10.24,--,20,20480,买盘
2399,10:00:21,10.24,--,18,18432,买盘
2400,10:00:18,10.24,--,5,5120,买盘
2401,10:00:12,10.24,--,10,10240,买盘
2402,10:00:03,10.24,--,4,4096,买盘
2403,10:00:00,10.24,--,10,10240,买盘
2404,09:59:54,10.24,--,39,39936,买盘
2405,09:59:51,10.24,0.01,150,153600,买盘
2406,09:59:42,10.23,-0.01,15,15345,卖盘
2407,09:59:39,10.24,--,2,2048,买盘
2408,09:59:36,10.24,--,29,29696,买盘
2409,09:59:33,10.24,--,36,36864,买盘
2410,09:59:30,10.24,--,7,7168,买盘
2411,09:59:18,10.24,0.01,10,10240,买盘
2412,09:59:09,10.23,--,13,13299,卖盘
2413,09:59:03,10.23,--,51,52173,卖盘
2414,09:59:00,10.23,--,50,51150,卖盘
2415,09:58:57,10.23,--,20,20460,卖盘
2416,09:58:54,10.23,-0.01,50,51150,卖盘
2417,09:58:51,10.24,0.01,88,90112,买盘
2418,09:58:48,10.23,-0.01,6,6138,卖盘
2419,09:58:45,10.24,--,11,11264,买盘
2420,09:58:33,10.24,0.01,33,33792,买盘
2421,09:58:24,10.23,-0.01,10,10230,卖盘
2422,09:58:06,10.24,--,20,20480,买盘
2423,09:58:03,10.24,0.01,3,3072,买盘
2424,09:57:57,10.23,-0.01,70,71610,卖盘
2425,09:57:51,10.24,--,10,10240,买盘
2426,09:57:45,10.24,--,200,204800,买盘
2427,09:57:36,10.24,0.01,5,5120,买盘
2428,09:57:33,10.23,-0.01,17,17391,卖盘
2429,09:57:30,10.24,--,5,5120,买盘
2430,09:57:27,10.24,--,25,25600,买盘
2431,09:57:21,10.24,0.01,70,71680,买盘
2432,09:57:18,10.23,--,5,5115,卖盘
2433,09:57:15,10.23,-0.01,6,6138,卖盘
2434,09:57:12,10.24,--,20,20480,买盘
2435,09:57:09,10.24,--,2,2048,买盘
2436,09:57:03,10.24,--,3,3072,买盘
2437,09:56:57,10.24,--,11,11264,买盘
2438,09:56:48,10.24,0.01,17,17408,买盘
2439,09:56:42,10.23,--,2,2046,卖盘
2440,09:56:36,10.23,-0.01,1,1023,卖盘
2441,09:56:33,10.24,--,19,19701,买盘
2442,09:56:30,10.24,0.01,5,5120,买盘
2443,09:56:27,10.23,-0.01,17,17391,卖盘
2444,09:56:24,10.24,--,2,2048,买盘
2445,09:56:15,10.24,--,1,1024,买盘
2446,09:56:03,10.24,--,14,14336,买盘
2447,09:56:00,10.24,--,10,10240,买盘
2448,09:55:57,10.24,--,8,8192,买盘
2449,09:55:51,10.24,0.01,20,20480,买盘
2450,09:55:48,10.23,-0.01,20,20460,卖盘
2451,09:55:45,10.24,--,46,47104,买盘
2452,09:55:42,10.24,--,49,50176,买盘
2453,09:55:33,10.24,--,14,14336,买盘
2454,09:55:24,10.24,--,7,7168,买盘
2455,09:55:21,10.24,--,7,7168,买盘
2456,09:55:15,10.24,0.01,2,2048,买盘
2457,09:55:12,10.23,--,20,20460,卖盘
2458,09:55:06,10.23,-0.01,13,13299,卖盘
2459,09:55:03,10.24,0.01,3,3072,买盘
2460,09:55:00,10.23,-0.01,20,20460,卖盘
2461,09:54:57,10.24,0.01,17,17408,买盘
2462,09:54:51,10.23,--,201,205623,卖盘
2463,09:54:48,10.23,-0.01,190,194370,卖盘
2464,09:54:45,10.24,0.01,9,9216,买盘
2465,09:54:42,10.23,-0.01,90,92070,卖盘
2466,09:54:30,10.24,--,25,25600,买盘
2467,09:54:27,10.24,--,55,56320,买盘
2468,09:54:12,10.24,0.01,7,7168,买盘
2469,09:54:09,10.23,-0.01,0,900,卖盘
2470,09:54:06,10.24,0.01,15,15360,买盘
2471,09:54:03,10.23,-0.01,21,21483,卖盘
2472,09:53:57,10.24,--,2,2048,买盘
2473,09:53:54,10.24,--,71,72704,买盘
2474,09:53:51,10.24,0.01,19,19456,买盘
2475,09:53:42,10.23,--,2,2046,卖盘
2476,09:53:39,10.23,-0.01,6,6138,卖盘
2477,09:53:36,10.24,--,10,10240,买盘
2478,09:53:33,10.24,0.01,10,10240,买盘
2479,09:53:27,10.23,-0.01,133,136059,卖盘
2480,09:53:24,10.24,--,50,51200,买盘
2481,09:53:21,10.24,0.01,15,15360,买盘
2482,09:53:12,10.23,--,100,102300,卖盘
2483,09:53:03,10.23,--,206,210738,买盘
2484,09:53:00,10.23,--,140,143220,买盘
2485,09:52:57,10.23,--,46,47058,买盘
2486,09:52:54,10.23,--,20,20460,买盘
2487,09:52:51,10.23,--,10,10230,买盘
2488,09:52:48,10.23,--,42,42966,买盘
2489,09:52:45,10.23,--,10,10230,买盘
2490,09:52:42,10.23,--,75,76725,买盘
2491,09:52:39,10.23,--,1,1023,买盘
2492,09:52:36,10.23,--,137,140151,买盘
2493,09:52:33,10.23,--,20,20460,买盘
2494,09:52:30,10.23,-0.01,2317,2370291,卖盘
2495,09:52:21,10.24,--,100,102400,买盘
2496,09:52:15,10.24,--,82,83968,买盘
2497,09:52:09,10.24,--,5,5120,买盘
2498,09:52:06,10.24,0.01,50,51200,买盘
2499,09:52:03,10.23,-0.01,279,285417,卖盘
2500,09:52:00,10.24,--,1,1024,买盘
2501,09:51:57,10.24,--,2,2048,买盘
2502,09:51:51,10.24,0.01,1,1024,买盘
2503,09:51:42,10.23,--,1,1023,卖盘
2504,09:51:36,10.23,-0.01,5,5115,卖盘
2505,09:51:33,10.24,--,10,10240,买盘
2506,09:51:30,10.24,0.01,100,102400,买盘
2507,09:51:24,10.23,--,1,1023,买盘
2508,09:51:18,10.23,--,100,102300,买盘
2509,09:51:15,10.23,--,67,68541,买盘
2510,09:51:12,10.23,-0.01,232,237990,卖盘
2511,09:51:03,10.24,0.01,110,112640,买盘
2512,09:51:00,10.23,-0.01,2003,2049069,卖盘
2513,09:50:57,10.24,--,6,6144,买盘
2514,09:50:51,10.24,0.01,37,37888,买盘
2515,09:50:45,10.23,-0.01,10,10230,卖盘
2516,09:50:39,10.24,--,1,1024,买盘
2517,09:50:33,10.24,0.01,50,51200,买盘
2518,09:50:27,10.23,-0.01,9,9207,卖盘
2519,09:50:24,10.24,--,2,2048,买盘
2520,09:50:21,10.24,--,9,9216,买盘
2521,09:50:12,10.24,0.01,52,53248,买盘
2522,09:50:06,10.23,--,1242,1270566,卖盘
2523,09:50:03,10.23,--,0,306,卖盘
2524,09:50:00,10.23,--,32,32736,卖盘
2525,09:49:57,10.23,--,55,56265,卖盘
2526,09:49:54,10.23,--,80,81840,卖盘
2527,09:49:51,10.23,--,20,20460,卖盘
2528,09:49:48,10.23,--,11,11253,卖盘
2529,09:49:45,10.23,--,20,20460,卖盘
2530,09:49:30,10.23,--,50,51150,卖盘
2531,09:49:27,10.23,--,21,21483,卖盘
2532,09:49:24,10.23,--,5,5115,卖盘
2533,09:49:18,10.23,-0.01,78,79794,卖盘
2534,09:49:15,10.24,--,21,21504,买盘
2535,09:49:12,10.24,0.01,147,150528,买盘
2536,09:49:09,10.23,--,75,76725,卖盘
2537,09:49:03,10.23,-0.01,15,15345,卖盘
2538,09:49:00,10.24,--,10,10240,买盘
2539,09:48:57,10.24,0.01,17,17408,买盘
2540,09:48:54,10.23,--,129,132038,卖盘
2541,09:48:45,10.23,--,8,8184,卖盘
2542,09:48:42,10.23,--,47,48081,卖盘
2543,09:48:36,10.23,-0.01,88,90024,卖盘
2544,09:48:33,10.24,--,887,908288,买盘
2545,09:48:27,10.24,--,30,30720,买盘
2546,09:48:24,10.24,0.01,16,16384,买盘
2547,09:48:18,10.23,--,13,13299,卖盘
2548,09:48:15,10.23,--,298,304854,卖盘
2549,09:48:12,10.23,-0.01,1973,2018379,卖盘
2550,09:48:09,10.24,--,53,54272,买盘
2551,09:48:06,10.24,0.01,235,240640,买盘
2552,09:48:03,10.23,--,74,75702,卖盘
2553,09:48:00,10.23,-0.01,103,105369,卖盘
2554,09:47:57,10.24,--,41,41984,买盘
2555,09:47:54,10.24,--,127,130048,买盘
2556,09:47:51,10.24,--,10,10240,买盘
2557,09:47:48,10.24,--,625,640000,卖盘
2558,09:47:45,10.24,0.01,336,344064,中性盘
2559,09:47:39,10.23,--,37,37851,卖盘
2560,09:47:36,10.23,--,2057,2104311,卖盘
2561,09:47:33,10.23,-0.01,696,713020,卖盘
2562,09:47:30,10.24,--,45,46080,卖盘
2563,09:47:21,10.24,--,585,599050,买盘
2564,09:47:18,10.24,--,17,17408,买盘
2565,09:47:15,10.24,--,28,28672,买盘
2566,09:47:12,10.24,0.01,100,102400,买盘
2567,09:47:09,10.23,-0.01,24,24552,卖盘
2568,09:47:06,10.24,--,12,12288,买盘
2569,09:47:03,10.24,--,3,3072,买盘
2570,09:47:00,10.24,--,92,94208,买盘
2571,09:46:57,10.24,--,2,2048,买盘
2572,09:46:54,10.24,--,3,3072,买盘
2573,09:46:51,10.24,--,50,51200,买盘
2574,09:46:48,10.24,0.01,10,10240,买盘
2575,09:46:39,10.23,-0.01,123,126330,卖盘
2576,09:46:36,10.24,--,30,30720,买盘
2577,09:46:33,10.24,--,49,50176,买盘
2578,09:46:30,10.24,--,95,97280,买盘
2579,09:46:24,10.24,--,58,59392,买盘
2580,09:46:21,10.24,--,889,910837,卖盘
2581,09:46:18,10.24,--,7,7168,卖盘
2582,09:46:09,10.24,-0.01,6,6666,卖盘
2583,09:46:06,10.25,--,14,14350,买盘
2584,09:46:03,10.25,0.01,46,47150,买盘
2585,09:45:57,10.24,-0.01,36,36864,中性盘
2586,09:45:54,10.25,0.02,333,341837,买盘
2587,09:45:51,10.23,--,60,61380,卖盘
2588,09:45:48,10.23,-0.02,160,163680,卖盘
2589,09:45:45,10.25,0.01,1062,1088550,买盘
2590,09:45:39,10.24,--,2175,2227322,卖盘
2591,09:45:36,10.24,-0.01,14,14336,卖盘
2592,09:45:33,10.25,--,88,90200,买盘
2593,09:45:30,10.25,0.01,7,7175,买盘
2594,09:45:27,10.24,-0.01,2,2048,卖盘
2595,09:45:24,10.25,--,10,10250,买盘
2596,09:45:21,10.25,--,37,37925,买盘
2597,09:45:15,10.25,--,44,45100,买盘
2598,09:45:12,10.25,--,36,36900,买盘
2599,09:45:09,10.25,0.01,1,1025,买盘
2600,09:45:06,10.24,-0.01,8,8192,卖盘
2601,09:45:03,10.25,--,22,22550,买盘
2602,09:45:00,10.25,--,55,56375,买盘
2603,09:44:57,10.25,--,10,10250,买盘
2604,09:44:54,10.25,--,11,11275,买盘
2605,09:44:51,10.25,--,44,45100,买盘
2606,09:44:48,10.25,--,10,10250,买盘
2607,09:44:33,10.25,--,33,33825,买盘
2608,09:44:30,10.25,0.01,7,7175,买盘
2609,09:44:21,10.24,-0.01,1,1024,卖盘
2610,09:44:18,10.25,--,11,11275,买盘
2611,09:44:15,10.25,0.01,10,10250,买盘
2612,09:44:12,10.24,--,76,77824,卖盘
2613,09:44:03,10.24,--,472,483328,卖盘
2614,09:44:00,10.24,--,10,10240,卖盘
2615,09:43:54,10.24,--,20,20480,卖盘
2616,09:43:51,10.24,--,56,57548,卖盘
2617,09:43:48,10.24,-0.01,79,80896,卖盘
2618,09:43:42,10.25,--,4,4100,买盘
2619,09:43:39,10.25,0.01,378,387450,买盘
2620,09:43:36,10.24,-0.01,47,48128,卖盘
2621,09:43:33,10.25,--,41,42025,买盘
2622,09:43:27,10.25,--,497,509425,买盘
2623,09:43:21,10.25,0.01,1,1025,买盘
2624,09:43:18,10.24,-0.01,10,10240,卖盘
2625,09:43:12,10.25,0.01,12,12812,买盘
2626,09:43:09,10.24,--,96,98304,卖盘
2627,09:43:06,10.24,-0.01,7,7168,卖盘
2628,09:43:03,10.25,0.01,41,42025,买盘
2629,09:43:00,10.24,-0.01,58,59392,卖盘
2630,09:42:54,10.25,0.01,29,29725,买盘
2631,09:42:51,10.24,-0.01,106,109056,卖盘
2632,09:42:48,10.25,0.01,2,2050,买盘
2633,09:42:45,10.24,-0.01,215,220160,卖盘
2634,09:42:42,10.25,--,4,4100,买盘
2635,09:42:39,10.25,0.01,54,55350,买盘
2636,09:42:36,10.24,-0.01,3044,3117056,卖盘
2637,09:42:33,10.25,--,37,37925,买盘
2638,09:42:30,10.25,--,142,145550,买盘
2639,09:42:27,10.25,--,49,50225,买盘
2640,09:42:24,10.25,0.01,54,55862,买盘
2641,09:42:21,10.24,-0.01,58,59392,卖盘
2642,09:42:18,10.25,--,3,3075,买盘
2643,09:42:15,10.25,--,524,537100,买盘
2644,09:42:12,10.25,--,28,28700,买盘
2645,09:42:09,10.25,--,15,15375,买盘
2646,09:42:06,10.25,0.01,20,20500,买盘
2647,09:42:03,10.24,-0.01,33,33792,卖盘
2648,09:42:00,10.25,--,17,17937,买盘
2649,09:41:57,10.25,0.01,5,5125,买盘
2650,09:41:54,10.24,--,64,65536,卖盘
2651,09:41:51,10.24,-0.01,40,40960,卖盘
2652,09:41:48,10.25,--,20,20500,买盘
2653,09:41:45,10.25,--,325,333125,买盘
2654,09:41:42,10.25,--,53,54325,买盘
2655,09:41:39,10.25,0.01,29,29725,买盘
2656,09:41:36,10.24,-0.01,22,22528,卖盘
2657,09:41:33,10.25,--,10,10250,买盘
2658,09:41:30,10.25,--,40,41000,买盘
2659,09:41:27,10.25,--,4,4100,买盘
2660,09:41:24,10.25,--,10,10250,买盘
2661,09:41:21,10.25,0.01,32,32800,买盘
2662,09:41:12,10.24,--,10,10240,卖盘
2663,09:41:09,10.24,-0.01,8,8192,卖盘
2664,09:41:06,10.25,--,20,20500,买盘
2665,09:41:03,10.25,0.01,1,1025,买盘
2666,09:41:00,10.24,-0.01,93,95232,卖盘
2667,09:40:57,10.25,0.01,16,16400,买盘
2668,09:40:54,10.24,-0.01,5,5120,卖盘
2669,09:40:51,10.25,--,62,63550,买盘
2670,09:40:48,10.25,--,329,337850,买盘
2671,09:40:45,10.25,--,17,17425,买盘
2672,09:40:42,10.25,0.01,500,512500,买盘
2673,09:40:39,10.24,--,46,47104,卖盘
2674,09:40:36,10.24,--,12,12288,卖盘
2675,09:40:33,10.24,-0.01,117,119808,卖盘
2676,09:40:30,10.25,--,360,369000,买盘
2677,09:40:24,10.25,--,146,149650,买盘
2678,09:40:21,10.25,--,11,11275,买盘
2679,09:40:18,10.25,--,19,19475,买盘
2680,09:40:15,10.25,--,32,32800,买盘
2681,09:40:12,10.25,--,140,143500,卖盘
2682,09:40:09,10.25,--,19,19475,卖盘
2683,09:40:03,10.25,--,74,75921,买盘
2684,09:40:00,10.25,--,210,215250,买盘
2685,09:39:57,10.25,--,17,17425,买盘
2686,09:39:54,10.25,0.01,10,10250,买盘
2687,09:39:51,10.24,-0.01,6,6144,卖盘
2688,09:39:48,10.25,--,25,25625,买盘
2689,09:39:45,10.25,--,85,87125,买盘
2690,09:39:42,10.25,--,20,20500,买盘
2691,09:39:39,10.25,0.01,5,5125,买盘
2692,09:39:36,10.24,-0.01,401,410757,卖盘
2693,09:39:33,10.25,--,16,16400,卖盘
2694,09:39:30,10.25,--,10,10250,卖盘
2695,09:39:27,10.25,-0.01,4500,4612500,卖盘
2696,09:39:24,10.26,--,82,84132,买盘
2697,09:39:21,10.26,--,35,35910,买盘
2698,09:39:18,10.26,0.01,20,20520,买盘
2699,09:39:15,10.25,-0.01,42,43050,卖盘
2700,09:39:12,10.26,--,6,6156,买盘
2701,09:39:09,10.26,--,112,114912,买盘
2702,09:39:03,10.26,0.01,28,28728,买盘
2703,09:38:54,10.25,-0.01,18,18450,卖盘
2704,09:38:51,10.26,--,26,26676,买盘
2705,09:38:48,10.26,--,38,39880,买盘
2706,09:38:45,10.26,--,171,176266,卖盘
2707,09:38:42,10.26,--,42,43092,卖盘
2708,09:38:39,10.26,--,34,35089,买盘
2709,09:38:36,10.26,0.01,15,15390,买盘
2710,09:38:33,10.25,-0.01,11,11275,卖盘
2711,09:38:30,10.26,0.01,204,209304,买盘
2712,09:38:27,10.25,-0.01,97,99425,卖盘
2713,09:38:24,10.26,0.01,69,70794,买盘
2714,09:38:21,10.25,-0.01,60,61500,卖盘
2715,09:38:18,10.26,--,7,7182,买盘
2716,09:38:15,10.26,--,33,33858,买盘
2717,09:38:12,10.26,--,80,82080,买盘
2718,09:38:09,10.26,0.01,5,5130,买盘
2719,09:38:06,10.25,-0.01,124,127100,卖盘
2720,09:38:03,10.26,--,15,15390,买盘
2721,09:38:00,10.26,0.01,18,18468,买盘
2722,09:37:54,10.25,--,2,2050,卖盘
2723,09:37:48,10.25,--,10,10250,卖盘
2724,09:37:42,10.25,-0.01,14,14350,卖盘
2725,09:37:39,10.26,0.01,93,95418,买盘
2726,09:37:36,10.25,-0.01,60,61500,卖盘
2727,09:37:33,10.26,0.01,2,2052,买盘
2728,09:37:30,10.25,--,119,121975,卖盘
2729,09:37:27,10.25,--,8,8200,卖盘
2730,09:37:18,10.25,--,26,26650,卖盘
2731,09:37:15,10.25,-0.01,87,89175,卖盘
2732,09:37:09,10.26,--,52,53352,买盘
2733,09:37:06,10.26,--,220,225720,买盘
2734,09:37:03,10.26,--,3,3078,买盘
2735,09:36:57,10.26,0.01,30,30780,买盘
2736,09:36:51,10.25,--,1,1025,卖盘
2737,09:36:45,10.25,--,9,9225,卖盘
2738,09:36:42,10.25,-0.01,50,51250,卖盘
2739,09:36:39,10.26,--,43,44118,卖盘
2740,09:36:33,10.26,--,11,11286,卖盘
2741,09:36:27,10.26,0.01,10,10260,中性盘
2742,09:36:21,10.25,-0.01,12,12300,卖盘
2743,09:36:18,10.26,--,48,49248,卖盘
2744,09:36:15,10.26,--,5,5130,卖盘
2745,09:36:12,10.26,--,97,99522,卖盘
2746,09:36:09,10.26,--,20,20520,卖盘
2747,09:36:06,10.26,--,8,8208,卖盘
2748,09:36:00,10.26,--,10,10260,卖盘
2749,09:35:54,10.26,--,22,22572,卖盘
2750,09:35:51,10.26,-0.01,10,10260,卖盘
2751,09:35:45,10.27,0.01,100,102700,买盘
2752,09:35:39,10.26,--,100,102600,卖盘
2753,09:35:30,10.26,-0.01,28,28728,卖盘
2754,09:35:27,10.27,0.01,17,17459,买盘
2755,09:35:21,10.26,--,21,21546,卖盘
2756,09:35:18,10.26,--,313,321138,卖盘
2757,09:35:15,10.26,-0.01,100,102600,卖盘
2758,09:35:12,10.27,0.01,109,111943,买盘
2759,09:35:09,10.26,-0.01,95,97470,卖盘
2760,09:35:06,10.27,0.01,20,20540,买盘
2761,09:35:03,10.26,-0.01,9,9234,卖盘
2762,09:34:57,10.27,0.01,71,72917,买盘
2763,09:34:51,10.26,--,128,131328,卖盘
2764,09:34:48,10.26,--,112,114912,卖盘
2765,09:34:42,10.26,-0.01,468,480168,卖盘
2766,09:34:33,10.27,0.01,210,215670,买盘
2767,09:34:30,10.26,-0.01,20,20520,卖盘
2768,09:34:27,10.27,0.01,1,1027,买盘
2769,09:34:18,10.26,-0.01,14,14364,卖盘
2770,09:34:15,10.27,0.01,5,5135,买盘
2771,09:34:12,10.26,--,14,14364,卖盘
2772,09:34:09,10.26,--,45,46170,卖盘
2773,09:34:06,10.26,--,27,27702,卖盘
2774,09:34:03,10.26,--,50,51300,卖盘
2775,09:34:00,10.26,--,232,238032,卖盘
2776,09:33:57,10.26,--,159,163134,卖盘
2777,09:33:54,10.26,--,11,11286,卖盘
2778,09:33:51,10.26,--,206,211356,卖盘
2779,09:33:48,10.26,--,134,137484,卖盘
2780,09:33:45,10.26,--,31,31806,卖盘
2781,09:33:42,10.26,-0.01,42,43092,卖盘
2782,09:33:39,10.27,--,30,30810,买盘
2783,09:33:36,10.27,--,48,49296,买盘
2784,09:33:33,10.27,--,10,10270,买盘
2785,09:33:30,10.27,--,7,7189,买盘
2786,09:33:27,10.27,-0.01,21,21567,卖盘
2787,09:33:24,10.28,--,3,3084,买盘
2788,09:33:21,10.28,0.02,1,1028,买盘
2789,09:33:09,10.26,--,4,4104,卖盘
2790,09:33:06,10.26,-0.01,33,33858,卖盘
2791,09:33:03,10.27,--,8,8216,买盘
2792,09:32:57,10.27,0.01,8,8216,买盘
2793,09:32:54,10.26,--,7,7182,卖盘
2794,09:32:48,10.26,--,4,4104,卖盘
2795,09:32:45,10.26,--,30,30780,卖盘
2796,09:32:42,10.26,--,10,10260,卖盘
2797,09:32:36,10.26,-0.01,39,40014,卖盘
2798,09:32:33,10.27,--,10,10270,买盘
2799,09:32:30,10.27,0.01,20,20540,买盘
2800,09:32:21,10.26,--,25,25650,卖盘
2801,09:32:09,10.26,-0.01,26,26676,卖盘
2802,09:32:03,10.27,0.01,8,8216,买盘
2803,09:32:00,10.26,--,17,17442,卖盘
2804,09:31:54,10.26,-0.01,1,1026,卖盘
2805,09:31:51,10.27,--,1,1027,买盘
2806,09:31:39,10.27,0.01,6,6162,买盘
2807,09:31:36,10.26,-0.01,18,18468,卖盘
2808,09:31:33,10.27,0.01,2,2054,买盘
2809,09:31:30,10.26,--,34,34884,卖盘
2810,09:31:27,10.26,-0.01,28,28728,卖盘
2811,09:31:24,10.27,--,162,166374,卖盘
2812,09:31:15,10.27,--,20,20540,卖盘
2813,09:31:09,10.27,--,3,3081,卖盘
2814,09:31:03,10.27,--,11,11297,卖盘
2815,09:31:00,10.27,--,20,20540,卖盘
2816,09:30:57,10.27,0.01,14,14378,中性盘
2817,09:30:51,10.26,-0.01,191,195966,卖盘
2818,09:30:42,10.27,--,3,3081,卖盘
2819,09:30:39,10.27,-0.01,2,2054,卖盘
2820,09:30:36,10.28,--,14,14392,买盘
2821,09:30:33,10.28,0.01,3,3084,买盘
2822,09:30:24,10.27,0.01,1,1027,卖盘
2823,09:30:21,10.26,--,7,7182,卖盘
2824,09:30:18,10.26,--,11,11286,卖盘
2825,09:30:15,10.26,--,7,7182,卖盘
2826,09:30:12,10.26,-0.01,46,47196,卖盘
2827,09:30:09,10.27,0.01,48,49296,卖盘
2828,09:30:06,10.26,-0.01,107,109782,卖盘
2829,09:30:03,10.27,--,663,680901,买盘
2830,09:30:00,10.27,--,0,0,买盘
