,time,price,change,volume,amount,type
0,15:00:03,39.77,--,287,1141399,卖盘
1,14:57:00,39.77,--,0,0,卖盘
2,14:56:57,39.77,--,22,87494,卖盘
3,14:56:54,39.77,--,18,71586,卖盘
4,14:56:48,39.77,--,25,99425,买盘
5,14:56:42,39.77,--,3,11931,买盘
6,14:56:39,39.77,--,3,11931,买盘
7,14:56:33,39.77,-0.03,33,131241,卖盘
8,14:56:30,39.8,0.03,7,27859,买盘
9,14:56:27,39.77,--,2,7954,卖盘
10,14:56:24,39.77,--,7,27839,卖盘
11,14:56:21,39.77,-0.03,16,63632,卖盘
12,14:56:18,39.8,0.03,41,163180,买盘
13,14:56:15,39.77,-0.03,1,3977,卖盘
14,14:56:12,39.8,--,17,67660,买盘
15,14:56:09,39.8,0.03,12,47760,买盘
16,14:56:00,39.77,-0.03,35,139195,卖盘
17,14:55:57,39.8,-0.06,30,119399,卖盘
18,14:55:51,39.86,0.06,5,19930,买盘
19,14:55:45,39.8,-0.09,15,59699,卖盘
20,14:55:39,39.89,-0.01,2,7978,中性盘
21,14:55:33,39.9,0.1,23,91770,买盘
22,14:55:30,39.8,--,15,59699,卖盘
23,14:55:18,39.8,-0.1,56,222879,卖盘
24,14:55:15,39.9,--,16,63840,中性盘
25,14:55:06,39.9,--,19,75810,买盘
26,14:54:48,39.9,0.13,12,47880,买盘
27,14:54:45,39.77,-0.03,14,55678,卖盘
28,14:54:36,39.8,0.04,47,187060,买盘
29,14:54:27,39.76,--,27,107352,卖盘
30,14:54:24,39.76,-0.02,14,55664,卖盘
31,14:54:21,39.78,0.02,21,83538,买盘
32,14:54:18,39.76,0.01,5,19880,买盘
33,14:54:12,39.75,-0.01,15,59625,卖盘
34,14:54:09,39.76,-0.03,17,67592,卖盘
35,14:54:03,39.79,0.03,2,7958,买盘
36,14:54:00,39.76,0.01,50,198800,中性盘
37,14:53:51,39.75,--,2,9937,卖盘
38,14:53:48,39.75,-0.04,17,67575,卖盘
39,14:53:36,39.79,--,1,3979,买盘
40,14:53:33,39.79,--,13,51727,买盘
41,14:53:30,39.79,--,1,3979,买盘
42,14:53:24,39.79,--,22,87538,买盘
43,14:53:18,39.79,0.04,1,3979,买盘
44,14:53:15,39.75,-0.04,4,15900,卖盘
45,14:53:12,39.79,0.04,5,19895,买盘
46,14:53:06,39.75,--,15,59625,卖盘
47,14:53:03,39.75,0.02,9,35775,买盘
48,14:52:57,39.73,--,5,19865,卖盘
49,14:52:51,39.73,--,15,59594,卖盘
50,14:52:45,39.73,--,5,19865,卖盘
51,14:52:36,39.73,--,3,11918,买盘
52,14:52:30,39.73,0.02,7,27810,买盘
53,14:52:27,39.71,-0.02,16,63536,卖盘
54,14:52:21,39.73,--,30,119189,买盘
55,14:52:09,39.73,--,23,91379,买盘
56,14:51:57,39.73,0.02,5,19865,买盘
57,14:51:51,39.71,--,13,51623,卖盘
58,14:51:48,39.71,-0.04,24,95304,卖盘
59,14:51:45,39.75,--,1,3975,买盘
60,14:51:39,39.75,0.02,3,11925,买盘
61,14:51:33,39.73,-0.02,1,3972,中性盘
62,14:51:30,39.75,0.05,1,3975,中性盘
63,14:51:27,39.7,-0.05,16,63520,卖盘
64,14:51:24,39.75,0.04,111,441225,买盘
65,14:51:21,39.71,0.01,4,15884,中性盘
66,14:51:09,39.7,-0.01,14,55580,卖盘
67,14:51:06,39.71,0.01,41,162811,买盘
68,14:51:03,39.7,--,17,67490,买盘
69,14:51:00,39.7,--,24,95280,买盘
70,14:50:57,39.7,0.03,1,3970,买盘
71,14:50:51,39.67,-0.03,14,55538,卖盘
72,14:50:48,39.7,--,100,397000,买盘
73,14:50:45,39.7,--,7,27790,卖盘
74,14:50:33,39.7,--,3,11910,买盘
75,14:50:30,39.7,0.03,1,3970,买盘
76,14:50:27,39.67,-0.03,14,55538,卖盘
77,14:50:24,39.7,-0.01,2,7940,卖盘
78,14:50:21,39.71,--,1,3971,买盘
79,14:50:18,39.71,--,1,3971,买盘
80,14:50:15,39.71,0.04,1,3971,中性盘
81,14:50:09,39.67,-0.04,14,55538,卖盘
82,14:50:00,39.71,-0.09,1,3971,卖盘
83,14:49:57,39.8,0.15,5,19900,买盘
84,14:49:42,39.65,-0.15,100,396500,卖盘
85,14:49:39,39.8,--,1,3979,买盘
86,14:49:36,39.8,--,4,15919,买盘
87,14:49:24,39.8,--,22,87560,买盘
88,14:49:18,39.8,0.1,5,19900,买盘
89,14:49:15,39.7,0.04,8,31760,买盘
90,14:49:09,39.66,--,16,63455,中性盘
91,14:48:51,39.66,0.03,8,31727,买盘
92,14:48:48,39.63,--,10,41611,买盘
93,14:48:45,39.63,--,6,23778,买盘
94,14:48:42,39.63,--,106,420078,买盘
95,14:48:39,39.63,--,26,103038,买盘
96,14:48:36,39.63,-0.07,211,838174,卖盘
97,14:48:33,39.7,0.04,54,216365,买盘
98,14:48:30,39.66,-0.04,26,103115,卖盘
99,14:48:27,39.7,--,3,11910,买盘
100,14:48:24,39.7,--,2,7940,买盘
101,14:48:21,39.7,--,15,59550,买盘
102,14:48:18,39.7,--,1,3970,买盘
103,14:48:15,39.7,--,1,3970,买盘
104,14:48:12,39.7,0.02,13,51610,买盘
105,14:48:09,39.68,-0.02,14,55552,中性盘
106,14:47:57,39.7,0.05,1,3970,买盘
107,14:47:54,39.65,--,15,59475,卖盘
108,14:47:48,39.65,0.04,11,43615,中性盘
109,14:47:42,39.61,-0.02,102,404022,卖盘
110,14:47:39,39.63,-0.03,15,59445,卖盘
111,14:47:36,39.66,0.01,1,3965,买盘
112,14:47:27,39.65,0.04,2,7930,买盘
113,14:47:21,39.61,-0.04,21,83181,卖盘
114,14:47:18,39.65,0.04,3,11895,买盘
115,14:47:15,39.61,0.01,6,23766,卖盘
116,14:47:09,39.6,-0.01,50,198000,卖盘
117,14:47:06,39.61,-0.04,15,59415,卖盘
118,14:47:03,39.65,--,2,7930,买盘
119,14:47:00,39.65,0.04,4,15860,买盘
120,14:46:54,39.61,-0.04,2,7922,中性盘
121,14:46:48,39.65,0.04,29,114985,买盘
122,14:46:45,39.61,0.01,1,3961,中性盘
123,14:46:42,39.6,-0.05,115,455400,卖盘
124,14:46:39,39.65,0.01,3,11895,买盘
125,14:46:33,39.64,-0.01,10,39640,中性盘
126,14:46:30,39.65,0.04,18,71370,买盘
127,14:46:24,39.61,-0.04,26,102986,卖盘
128,14:46:21,39.65,--,5,19825,买盘
129,14:46:18,39.65,-0.05,75,297375,卖盘
130,14:46:15,39.7,0.04,3,11910,买盘
131,14:46:12,39.66,-0.04,19,75354,卖盘
132,14:46:09,39.7,--,1,3970,买盘
133,14:46:03,39.7,--,79,313630,买盘
134,14:46:00,39.7,--,33,131010,买盘
135,14:45:57,39.7,--,96,383105,卖盘
136,14:45:54,39.7,-0.05,39,154830,卖盘
137,14:45:51,39.75,--,22,87450,买盘
138,14:45:48,39.75,0.05,3,11925,中性盘
139,14:45:42,39.7,-0.1,101,400970,卖盘
140,14:45:39,39.8,0.07,1,3979,买盘
141,14:45:36,39.73,-0.02,14,55621,卖盘
142,14:45:30,39.75,-0.05,10,39750,卖盘
143,14:45:21,39.8,0.05,1,3979,买盘
144,14:45:18,39.75,-0.05,2,7950,卖盘
145,14:45:15,39.8,0.05,4,15919,买盘
146,14:45:03,39.75,--,5,19875,卖盘
147,14:45:00,39.75,--,8,31800,买盘
148,14:44:57,39.75,0.02,1,3975,买盘
149,14:44:54,39.73,-0.07,15,59594,卖盘
150,14:44:51,39.8,--,2,7959,买盘
151,14:44:48,39.8,0.06,2,7959,卖盘
152,14:44:42,39.74,-0.06,101,401374,卖盘
153,14:44:36,39.8,-0.01,20,79600,卖盘
154,14:44:33,39.81,--,6,23886,卖盘
155,14:44:27,39.81,--,4,15924,卖盘
156,14:44:18,39.81,--,9,35829,买盘
157,14:44:15,39.81,--,2,7962,买盘
158,14:44:12,39.81,0.01,2,7962,买盘
159,14:44:03,39.8,-0.01,2,7959,卖盘
160,14:44:00,39.81,--,1,3981,买盘
161,14:43:57,39.81,0.01,2,7962,买盘
162,14:43:54,39.8,-0.01,7,27859,卖盘
163,14:43:51,39.81,0.01,5,19905,买盘
164,14:43:48,39.8,-0.01,14,55719,卖盘
165,14:43:45,39.81,--,1,3981,买盘
166,14:43:42,39.81,--,121,481701,买盘
167,14:43:36,39.81,--,31,123411,卖盘
168,14:43:33,39.81,-0.06,5,19905,卖盘
169,14:43:30,39.87,--,10,39870,买盘
170,14:43:24,39.87,--,3,11961,买盘
171,14:43:21,39.87,0.06,6,23922,买盘
172,14:43:18,39.81,0.01,17,67677,中性盘
173,14:43:00,39.8,-0.09,15,59699,卖盘
174,14:42:48,39.89,0.09,6,23934,中性盘
175,14:42:42,39.8,-0.08,100,398000,卖盘
176,14:42:39,39.88,-0.01,18,73778,卖盘
177,14:42:33,39.89,--,5,19945,买盘
178,14:42:27,39.89,0.01,6,23934,买盘
179,14:42:21,39.88,--,14,55832,卖盘
180,14:42:12,39.88,0.01,1,3988,买盘
181,14:42:09,39.87,0.06,12,47844,买盘
182,14:42:06,39.81,--,15,59715,卖盘
183,14:42:00,39.81,--,1,3981,卖盘
184,14:41:57,39.81,-0.07,13,51753,卖盘
185,14:41:54,39.88,--,3,11964,买盘
186,14:41:48,39.88,0.08,1,3988,买盘
187,14:41:42,39.8,-0.09,114,453719,卖盘
188,14:41:33,39.89,0.01,14,55846,买盘
189,14:41:30,39.88,--,5,19940,买盘
190,14:41:27,39.88,0.02,1,3988,中性盘
191,14:41:24,39.86,-0.02,14,55804,卖盘
192,14:41:18,39.88,-0.01,1,3988,卖盘
193,14:41:15,39.89,--,5,19945,买盘
194,14:41:09,39.89,--,4,15956,买盘
195,14:41:06,39.89,0.01,5,19945,买盘
196,14:41:00,39.88,-0.01,14,55832,卖盘
197,14:40:51,39.89,--,10,39890,买盘
198,14:40:45,39.89,--,1,3989,买盘
199,14:40:42,39.89,0.01,201,801789,买盘
200,14:40:39,39.88,-0.01,2,7976,卖盘
201,14:40:27,39.89,--,2,7978,买盘
202,14:40:24,39.89,--,26,103714,买盘
203,14:40:21,39.89,-0.02,147,588377,卖盘
204,14:40:00,39.91,--,6,23945,卖盘
205,14:39:45,39.91,0.02,0,1995,买盘
206,14:39:36,39.89,-0.02,13,51857,卖盘
207,14:39:30,39.91,0.01,18,71838,买盘
208,14:39:24,39.9,--,14,55860,买盘
209,14:39:21,39.9,--,290,1157100,卖盘
210,14:38:54,39.9,--,10,39900,卖盘
211,14:38:45,39.9,0.02,14,55860,中性盘
212,14:38:30,39.88,-0.02,15,59820,卖盘
213,14:38:27,39.9,--,1,3990,买盘
214,14:38:18,39.9,-0.08,9,35910,中性盘
215,14:38:12,39.98,--,20,79960,买盘
216,14:38:09,39.98,0.08,2,7995,买盘
217,14:37:54,39.9,--,14,55860,卖盘
218,14:37:39,39.9,-0.09,13,51870,卖盘
219,14:37:36,39.99,--,13,51987,买盘
220,14:37:27,39.99,0.09,26,103974,买盘
221,14:37:18,39.9,--,12,47880,卖盘
222,14:37:15,39.9,--,14,55860,卖盘
223,14:37:09,39.9,--,5,19950,买盘
224,14:37:06,39.9,--,3,11970,买盘
225,14:37:03,39.9,0.01,14,55860,买盘
226,14:36:57,39.89,-0.01,8,31912,卖盘
227,14:36:54,39.9,--,1,3990,买盘
228,14:36:45,39.9,--,4,15960,买盘
229,14:36:42,39.9,--,24,95760,买盘
230,14:36:36,39.9,--,7,27930,买盘
231,14:36:30,39.9,0.01,11,43890,买盘
232,14:36:24,39.89,-0.01,35,139615,卖盘
233,14:36:21,39.9,--,2,7980,买盘
234,14:36:18,39.9,--,2,7980,买盘
235,14:36:15,39.9,--,3,11970,买盘
236,14:36:12,39.9,--,3,11970,买盘
237,14:36:09,39.9,0.01,10,39900,买盘
238,14:36:06,39.89,-0.01,14,55846,卖盘
239,14:36:00,39.9,--,10,39900,买盘
240,14:35:57,39.9,--,1,3990,买盘
241,14:35:51,39.9,--,10,39900,买盘
242,14:35:48,39.9,-0.09,18,71820,卖盘
243,14:35:39,39.99,-0.01,1,3999,中性盘
244,14:35:30,40.0,--,8,32000,买盘
245,14:35:24,40.0,--,43,172000,卖盘
246,14:34:57,40.0,--,3,12000,卖盘
247,14:34:39,40.0,-0.07,14,56000,卖盘
248,14:34:36,40.07,--,19,78136,卖盘
249,14:34:27,40.07,--,6,24042,卖盘
250,14:34:18,40.07,-0.01,43,172301,卖盘
251,14:34:06,40.08,0.01,69,276552,买盘
252,14:33:54,40.07,-0.01,10,40070,卖盘
253,14:33:51,40.08,--,1,4008,买盘
254,14:33:48,40.08,0.01,1,4008,买盘
255,14:33:45,40.07,-0.02,13,52091,卖盘
256,14:33:36,40.09,0.01,2,8018,买盘
257,14:33:30,40.08,-0.02,9,36072,卖盘
258,14:33:21,40.1,--,1,4010,买盘
259,14:33:12,40.1,--,2,8020,卖盘
260,14:33:09,40.1,--,13,52130,卖盘
261,14:33:00,40.1,-0.02,11,44110,卖盘
262,14:32:36,40.12,--,5,20060,买盘
263,14:32:30,40.12,--,21,84252,买盘
264,14:32:24,40.12,0.02,3,12036,买盘
265,14:32:15,40.1,--,6,24060,买盘
266,14:32:12,40.1,0.01,5,20050,买盘
267,14:32:06,40.09,-0.03,2,8018,中性盘
268,14:31:54,40.12,0.05,2,8023,买盘
269,14:31:48,40.07,-0.05,14,56098,卖盘
270,14:31:39,40.12,0.01,12,48144,买盘
271,14:31:36,40.11,--,4,16044,买盘
272,14:31:33,40.11,-0.01,1,4011,中性盘
273,14:31:21,40.12,0.05,2,8023,买盘
274,14:31:15,40.07,--,44,176308,卖盘
275,14:31:09,40.07,0.08,91,366640,买盘
276,14:30:51,39.99,-0.01,15,59985,卖盘
277,14:30:48,40.0,--,1,4000,买盘
278,14:30:39,40.0,0.01,5,20000,买盘
279,14:30:36,39.99,-0.01,14,55986,卖盘
280,14:30:33,40.0,0.01,16,64000,买盘
281,14:30:24,39.99,-0.01,1,3999,卖盘
282,14:30:21,40.0,--,2,8000,买盘
283,14:30:18,40.0,0.01,4,16000,买盘
284,14:30:15,39.99,--,26,103974,买盘
285,14:30:06,39.99,--,1,3999,买盘
286,14:30:00,39.99,0.01,4,15996,买盘
287,14:29:57,39.98,--,21,83958,卖盘
288,14:29:36,39.98,-0.01,12,47975,卖盘
289,14:29:33,39.99,0.01,5,19995,买盘
290,14:29:30,39.98,--,2,7995,卖盘
291,14:29:18,39.98,--,8,31983,买盘
292,14:29:12,39.98,0.08,6,23987,买盘
293,14:29:09,39.9,--,4,15960,买盘
294,14:29:06,39.9,-0.08,11,43890,中性盘
295,14:28:45,39.98,0.11,1,3997,买盘
296,14:28:42,39.87,--,50,199350,卖盘
297,14:28:33,39.87,0.01,13,51831,中性盘
298,14:28:24,39.86,-0.1,1,3986,卖盘
299,14:28:09,39.96,--,64,255744,买盘
300,14:27:48,39.96,-0.01,30,119880,卖盘
301,14:27:45,39.97,--,2,7994,买盘
302,14:27:36,39.97,--,3,11991,买盘
303,14:27:33,39.97,0.01,5,19985,买盘
304,14:27:21,39.96,--,5,19980,卖盘
305,14:27:03,39.96,0.11,9,35964,买盘
306,14:27:00,39.85,-0.11,13,51805,卖盘
307,14:26:51,39.96,0.06,1,3996,中性盘
308,14:26:39,39.9,--,2,7980,卖盘
309,14:26:30,39.9,--,1,5187,卖盘
310,14:26:27,39.9,--,13,51870,买盘
311,14:26:24,39.9,0.04,9,35910,买盘
312,14:26:12,39.86,--,4,15944,买盘
313,14:26:06,39.86,0.01,10,39860,买盘
314,14:26:00,39.85,--,14,55790,卖盘
315,14:25:36,39.85,-0.01,14,55790,卖盘
316,14:25:33,39.86,--,5,19930,买盘
317,14:25:21,39.86,--,18,71748,买盘
318,14:25:18,39.86,-0.04,30,119580,卖盘
319,14:25:06,39.9,0.04,5,19950,买盘
320,14:25:03,39.86,-0.03,24,95664,卖盘
321,14:24:48,39.89,0.03,10,39890,买盘
322,14:24:45,39.86,--,13,51818,卖盘
323,14:24:27,39.86,-0.04,14,55804,卖盘
324,14:24:09,39.9,0.05,7,27930,买盘
325,14:24:03,39.85,-0.01,14,55790,卖盘
326,14:23:48,39.86,--,14,55804,卖盘
327,14:23:27,39.86,-0.04,11,43846,卖盘
328,14:23:15,39.9,--,1,3990,买盘
329,14:22:57,39.9,--,87,347130,卖盘
330,14:22:36,39.9,--,13,51870,卖盘
331,14:22:33,39.9,--,5,19950,买盘
332,14:22:18,39.9,--,2,7980,买盘
333,14:22:06,39.9,--,9,35910,卖盘
334,14:21:48,39.9,-0.06,12,47880,卖盘
335,14:21:45,39.96,--,1,3996,卖盘
336,14:21:33,39.96,--,50,199800,卖盘
337,14:21:18,39.96,--,13,51948,卖盘
338,14:21:06,39.96,--,7,27972,卖盘
339,14:21:03,39.96,--,15,59940,卖盘
340,14:20:48,39.96,-0.01,14,55944,卖盘
341,14:20:42,39.97,0.01,12,47964,买盘
342,14:20:36,39.96,--,9,35964,买盘
343,14:20:21,39.96,--,2,7992,买盘
344,14:20:18,39.96,0.06,1,3996,买盘
345,14:20:15,39.9,-0.06,14,55860,卖盘
346,14:20:12,39.96,--,10,39960,买盘
347,14:20:06,39.96,--,1,3996,买盘
348,14:20:03,39.96,--,2,7992,买盘
349,14:19:54,39.96,0.06,10,39960,买盘
350,14:19:39,39.9,0.05,3,11970,买盘
351,14:19:36,39.85,-0.01,13,51805,卖盘
352,14:19:30,39.86,0.01,0,2630,中性盘
353,14:19:18,39.85,0.02,9,35865,中性盘
354,14:19:03,39.83,-0.04,35,139405,卖盘
355,14:18:57,39.87,0.04,46,183402,中性盘
356,14:18:45,39.83,-0.06,14,55762,卖盘
357,14:18:42,39.89,--,1,3989,买盘
358,14:18:30,39.89,0.06,100,398900,买盘
359,14:18:21,39.83,-0.04,15,59745,卖盘
360,14:18:09,39.87,--,13,55738,买盘
361,14:18:06,39.87,0.04,8,31895,买盘
362,14:18:00,39.83,-0.04,5,19915,卖盘
363,14:17:57,39.87,0.06,2,7973,买盘
364,14:17:36,39.81,-0.02,11,43791,卖盘
365,14:17:27,39.83,-0.04,8,31864,中性盘
366,14:17:21,39.87,0.06,3,11961,买盘
367,14:17:18,39.81,-0.06,5,19905,卖盘
368,14:17:12,39.87,0.07,30,119609,买盘
369,14:16:45,39.8,-0.07,1,3979,中性盘
370,14:16:21,39.87,0.09,4,15947,买盘
371,14:16:18,39.78,-0.09,11,43758,卖盘
372,14:16:12,39.87,--,5,19935,买盘
373,14:16:06,39.87,--,5,19935,买盘
374,14:16:03,39.87,--,1,3986,买盘
375,14:16:00,39.87,--,2,7973,买盘
376,14:15:57,39.87,--,14,55818,买盘
377,14:15:51,39.87,--,5,19935,买盘
378,14:15:45,39.87,--,5,19935,买盘
379,14:15:33,39.87,--,3,11961,买盘
380,14:15:12,39.87,0.11,3,11961,买盘
381,14:15:09,39.76,--,10,39760,卖盘
382,14:14:51,39.76,-0.13,10,39760,卖盘
383,14:14:42,39.89,0.13,3,11967,买盘
384,14:14:39,39.76,--,11,43736,卖盘
385,14:14:27,39.76,-0.13,10,39760,卖盘
386,14:14:12,39.89,0.09,2,7978,买盘
387,14:14:09,39.8,0.04,10,39800,卖盘
388,14:13:54,39.76,0.03,10,39760,中性盘
389,14:13:36,39.73,-0.16,10,39730,卖盘
390,14:13:27,39.89,0.16,4,15956,买盘
391,14:13:24,39.73,-0.16,10,39730,卖盘
392,14:13:21,39.89,--,1,3989,买盘
393,14:13:09,39.89,0.15,14,55846,买盘
394,14:13:00,39.74,0.01,9,35766,中性盘
395,14:12:39,39.73,-0.07,9,35757,卖盘
396,14:12:36,39.8,--,3,15402,买盘
397,14:12:33,39.8,--,5,19900,买盘
398,14:12:21,39.8,0.09,10,39800,买盘
399,14:12:18,39.71,-0.09,9,35739,卖盘
400,14:12:15,39.8,--,10,39800,买盘
401,14:12:03,39.8,0.02,350,1393000,买盘
402,14:11:54,39.78,--,85,338130,买盘
403,14:11:51,39.78,0.07,1,3978,买盘
404,14:11:48,39.71,-0.07,9,35739,卖盘
405,14:11:42,39.78,0.07,5,19890,买盘
406,14:11:36,39.71,-0.07,19,75449,卖盘
407,14:11:33,39.78,--,7,27846,买盘
408,14:11:27,39.78,--,2,7956,买盘
409,14:11:24,39.78,0.08,13,51714,买盘
410,14:11:15,39.7,-0.08,9,35730,卖盘
411,14:11:00,39.78,0.08,10,39780,买盘
412,14:10:57,39.7,--,9,35730,买盘
413,14:10:54,39.7,--,34,134980,买盘
414,14:10:48,39.7,-0.03,29,115130,卖盘
415,14:10:45,39.73,0.03,5,19865,买盘
416,14:10:39,39.7,--,5,19850,卖盘
417,14:10:36,39.7,--,9,35730,卖盘
418,14:10:30,39.7,--,63,250110,买盘
419,14:10:21,39.7,--,12,47640,买盘
420,14:10:18,39.7,--,4,15880,买盘
421,14:10:12,39.7,0.03,3,11910,买盘
422,14:10:09,39.67,--,13,51571,卖盘
423,14:10:03,39.67,-0.03,3,11901,卖盘
424,14:09:57,39.7,--,5,19850,买盘
425,14:09:54,39.7,0.03,5,19850,买盘
426,14:09:51,39.67,-0.03,5,19835,卖盘
427,14:09:45,39.7,--,2,7940,买盘
428,14:09:42,39.7,--,1,3970,买盘
429,14:09:39,39.7,-0.05,101,400970,卖盘
430,14:09:24,39.75,--,1,3975,买盘
431,14:09:21,39.75,--,2,7950,卖盘
432,14:09:18,39.75,-0.02,2,7950,卖盘
433,14:09:06,39.77,--,3,11931,买盘
434,14:08:51,39.77,0.04,3,11931,中性盘
435,14:08:42,39.73,-0.05,17,67541,卖盘
436,14:08:36,39.78,--,5,19890,买盘
437,14:08:30,39.78,0.01,1,3978,买盘
438,14:08:24,39.77,0.04,2,7954,买盘
439,14:08:21,39.73,--,2,7945,卖盘
440,14:08:18,39.73,-0.04,24,95351,卖盘
441,14:08:03,39.77,0.04,1,3977,买盘
442,14:07:57,39.73,-0.05,10,39730,卖盘
443,14:07:45,39.78,0.2,10,39780,买盘
444,14:07:36,39.58,-0.2,100,395800,卖盘
445,14:07:33,39.78,--,1,3978,买盘
446,14:07:27,39.78,0.17,13,51714,买盘
447,14:07:18,39.61,-0.17,10,39610,卖盘
448,14:07:15,39.78,0.06,2,7956,买盘
449,14:07:06,39.72,-0.07,1,3972,中性盘
450,14:07:00,39.79,0.19,1,3979,买盘
451,14:06:54,39.6,-0.19,10,39600,卖盘
452,14:06:51,39.79,-0.01,1,3979,中性盘
453,14:06:45,39.8,0.25,12,47760,买盘
454,14:06:36,39.55,-0.25,100,395500,卖盘
455,14:06:30,39.8,--,3,11940,买盘
456,14:06:21,39.8,--,2,7959,买盘
457,14:06:18,39.8,0.1,1,3979,买盘
458,14:06:15,39.7,-0.09,15,59550,卖盘
459,14:06:12,39.79,--,3,11937,卖盘
460,14:06:09,39.79,0.09,8,31832,买盘
461,14:06:03,39.7,-0.09,11,43670,卖盘
462,14:05:57,39.79,0.09,1,3979,买盘
463,14:05:54,39.7,--,22,87340,卖盘
464,14:05:51,39.7,--,30,119100,卖盘
465,14:05:48,39.7,--,13,51610,卖盘
466,14:05:45,39.7,0.17,16,63520,买盘
467,14:05:36,39.53,-0.17,101,399253,卖盘
468,14:05:33,39.7,--,1,3970,买盘
469,14:05:30,39.7,-0.08,36,142920,卖盘
470,14:05:27,39.78,--,12,47736,卖盘
471,14:05:18,39.78,--,1,3978,买盘
472,14:05:12,39.78,-0.02,1,3978,中性盘
473,14:05:06,39.8,0.04,120,477599,买盘
474,14:05:03,39.76,-0.04,13,51688,卖盘
475,14:04:57,39.8,0.02,2,7959,买盘
476,14:04:54,39.78,-0.01,25,99450,卖盘
477,14:04:51,39.79,-0.01,3,11937,卖盘
478,14:04:48,39.8,--,6,23880,买盘
479,14:04:39,39.8,--,186,740797,卖盘
480,14:04:36,39.8,-0.09,100,398000,卖盘
481,14:04:27,39.89,0.08,5,19945,买盘
482,14:04:15,39.81,--,24,95544,卖盘
483,14:04:12,39.81,--,1,3981,卖盘
484,14:04:09,39.81,--,4,15924,卖盘
485,14:04:06,39.81,--,3,11943,卖盘
486,14:04:03,39.81,--,9,35829,卖盘
487,14:03:54,39.81,--,53,210993,卖盘
488,14:03:42,39.81,--,3,11943,卖盘
489,14:03:36,39.81,-0.13,100,398100,卖盘
490,14:03:27,39.94,0.1,3,11982,买盘
491,14:03:24,39.84,-0.1,9,35856,卖盘
492,14:03:00,39.94,0.12,3,11982,买盘
493,14:02:54,39.82,-0.13,20,79640,卖盘
494,14:02:42,39.95,0.14,6,23970,买盘
495,14:02:36,39.81,-0.1,100,398100,卖盘
496,14:02:33,39.91,-0.04,2,7981,卖盘
497,14:02:24,39.95,0.04,3,11985,买盘
498,14:02:12,39.91,-0.04,5,19955,卖盘
499,14:02:09,39.95,--,7,27965,买盘
500,14:01:57,39.95,0.12,1,3995,中性盘
501,14:01:48,39.83,-0.07,9,35847,卖盘
502,14:01:39,39.9,0.08,1,3990,买盘
503,14:01:36,39.82,-0.08,100,398200,卖盘
504,14:01:33,39.9,-0.01,16,63840,卖盘
505,14:01:24,39.91,--,1,3990,买盘
506,14:01:21,39.91,0.01,2,7981,买盘
507,14:01:18,39.9,--,3,11970,卖盘
508,14:01:15,39.9,-0.01,29,115710,卖盘
509,14:01:09,39.91,0.01,1,3990,买盘
510,14:01:03,39.9,-0.01,1,3990,卖盘
511,14:01:00,39.91,0.01,1,3990,买盘
512,14:00:54,39.9,-0.01,10,39900,卖盘
513,14:00:51,39.91,0.01,11,43900,卖盘
514,14:00:42,39.9,0.08,10,39900,中性盘
515,14:00:36,39.82,-0.09,100,398200,卖盘
516,14:00:33,39.91,--,7,27936,买盘
517,14:00:30,39.91,--,3,11972,卖盘
518,14:00:27,39.91,-0.01,23,91792,卖盘
519,14:00:24,39.92,0.01,3,11976,买盘
520,14:00:21,39.91,-0.01,9,35919,卖盘
521,14:00:18,39.92,--,3,11976,买盘
522,14:00:12,39.92,0.01,1,3992,买盘
523,14:00:06,39.91,-0.01,9,35919,卖盘
524,14:00:03,39.92,-0.04,15,59880,卖盘
525,13:59:57,39.96,0.05,1,3996,买盘
526,13:59:39,39.91,0.07,5,19955,买盘
527,13:59:36,39.84,-0.12,105,418320,卖盘
528,13:59:33,39.96,0.05,11,43956,买盘
529,13:59:12,39.91,0.01,41,163631,买盘
530,13:59:03,39.9,-0.01,48,194991,卖盘
531,13:58:57,39.91,-0.05,18,71838,卖盘
532,13:58:54,39.96,0.05,7,27972,中性盘
533,13:58:45,39.91,-0.06,1,3990,卖盘
534,13:58:39,39.97,0.12,60,239820,买盘
535,13:58:36,39.85,-0.11,105,418425,卖盘
536,13:58:30,39.96,-0.01,16,63936,卖盘
537,13:58:27,39.97,--,1,3997,买盘
538,13:58:24,39.97,--,1,3997,买盘
539,13:58:21,39.97,--,1,3997,买盘
540,13:58:18,39.97,-0.02,4,15988,卖盘
541,13:58:06,39.99,0.01,1,3999,买盘
542,13:58:00,39.98,0.01,1,3997,卖盘
543,13:57:57,39.97,--,3,11991,卖盘
544,13:57:51,39.97,--,1,3997,卖盘
545,13:57:42,39.97,-0.01,8,31976,卖盘
546,13:57:39,39.98,--,2,7995,买盘
547,13:57:36,39.98,--,1,3997,买盘
548,13:57:33,39.98,--,1,3997,买盘
549,13:57:30,39.98,--,15,59969,卖盘
550,13:57:27,39.98,--,15,59969,卖盘
551,13:57:24,39.98,-0.01,26,103947,卖盘
552,13:57:21,39.99,0.01,3,11997,买盘
553,13:57:15,39.98,-0.01,23,91954,卖盘
554,13:57:06,39.99,-0.01,26,103974,卖盘
555,13:57:03,40.0,0.01,10,40000,买盘
556,13:57:00,39.99,--,10,39990,卖盘
557,13:56:57,39.99,--,8,31992,卖盘
558,13:56:51,39.99,-0.01,10,39990,卖盘
559,13:56:48,40.0,0.01,14,56000,买盘
560,13:56:45,39.99,-0.01,3,11997,卖盘
561,13:56:39,40.0,--,2,8000,买盘
562,13:56:33,40.0,-0.05,424,1696520,卖盘
563,13:56:30,40.05,--,3,12015,买盘
564,13:56:21,40.05,0.03,1,4004,买盘
565,13:56:12,40.02,--,10,40020,卖盘
566,13:56:09,40.02,-0.03,60,240120,卖盘
567,13:56:03,40.05,--,14,56069,卖盘
568,13:55:51,40.05,--,2,8009,卖盘
569,13:55:39,40.05,-0.04,15,60074,卖盘
570,13:55:36,40.09,0.02,3,12027,买盘
571,13:55:33,40.07,0.02,1,4007,中性盘
572,13:55:30,40.05,-0.02,93,372465,卖盘
573,13:55:27,40.07,--,4,19514,买盘
574,13:55:21,40.07,-0.02,10,40590,卖盘
575,13:55:06,40.09,0.02,1,4009,买盘
576,13:55:00,40.07,--,1,4007,卖盘
577,13:54:57,40.07,-0.02,10,40070,卖盘
578,13:54:48,40.09,--,1,4009,买盘
579,13:54:39,40.09,--,1,4009,买盘
580,13:54:36,40.09,--,1,4009,买盘
581,13:54:30,40.09,--,2,8018,买盘
582,13:54:09,40.09,0.02,15,60135,买盘
583,13:53:57,40.07,-0.03,10,40070,卖盘
584,13:53:36,40.1,--,4,16040,卖盘
585,13:53:27,40.1,-0.01,10,40100,卖盘
586,13:53:21,40.11,0.01,43,172473,买盘
587,13:53:12,40.1,--,10,40100,卖盘
588,13:53:06,40.1,-0.01,2,8020,卖盘
589,13:53:00,40.11,0.01,13,52143,买盘
590,13:52:57,40.1,--,20,80200,卖盘
591,13:52:54,40.1,-0.01,6,24060,卖盘
592,13:52:45,40.11,0.01,27,108297,买盘
593,13:52:39,40.1,-0.01,9,36090,卖盘
594,13:52:36,40.11,0.01,3,12033,买盘
595,13:52:30,40.1,--,20,80200,卖盘
596,13:52:18,40.1,-0.02,9,36090,卖盘
597,13:52:15,40.12,--,23,92276,买盘
598,13:52:00,40.12,--,10,40120,买盘
599,13:51:54,40.12,0.02,2,8023,买盘
600,13:51:51,40.1,-0.02,11,44110,卖盘
601,13:51:48,40.12,--,5,20060,买盘
602,13:51:39,40.12,0.01,1,4011,买盘
603,13:51:36,40.11,--,4,16044,卖盘
604,13:51:24,40.11,-0.01,4,16044,卖盘
605,13:51:18,40.12,0.01,7,28084,买盘
606,13:50:48,40.11,--,1,4011,卖盘
607,13:50:45,40.11,0.01,1,4011,买盘
608,13:50:39,40.1,--,2,8020,卖盘
609,13:50:21,40.1,-0.02,12,48120,卖盘
610,13:50:12,40.12,0.02,1,4011,买盘
611,13:49:57,40.1,--,9,36090,卖盘
612,13:49:21,40.1,-0.02,9,36090,卖盘
613,13:49:15,40.12,-0.03,11,44132,卖盘
614,13:49:12,40.15,--,3,12045,买盘
615,13:49:09,40.15,0.03,9,36135,买盘
616,13:49:06,40.12,-0.02,9,36108,卖盘
617,13:48:51,40.14,--,9,36126,卖盘
618,13:48:48,40.14,0.02,5,20070,买盘
619,13:48:42,40.12,--,9,36108,卖盘
620,13:48:36,40.12,-0.01,5,20060,卖盘
621,13:48:33,40.13,--,138,553794,买盘
622,13:48:18,40.13,0.01,24,96312,买盘
623,13:48:15,40.12,--,9,36108,卖盘
624,13:48:00,40.12,-0.01,9,36108,卖盘
625,13:47:45,40.13,-0.02,1,4013,卖盘
626,13:47:24,40.15,--,45,180675,买盘
627,13:47:09,40.15,-0.02,236,950551,卖盘
628,13:46:30,40.17,--,10,40170,卖盘
629,13:46:24,40.17,-0.01,52,208884,卖盘
630,13:46:18,40.18,-0.02,12,48216,卖盘
631,13:45:57,40.2,--,10,40200,买盘
632,13:45:45,40.2,--,1,4020,买盘
633,13:45:33,40.2,0.02,64,257280,买盘
634,13:45:27,40.18,-0.01,1,4018,卖盘
635,13:45:12,40.19,0.02,1,4019,买盘
636,13:44:42,40.17,-0.01,45,180765,卖盘
637,13:44:24,40.18,--,1,4018,卖盘
638,13:44:03,40.18,--,8,32144,卖盘
639,13:43:51,40.18,-0.02,11,44198,卖盘
640,13:43:42,40.2,-0.08,5,20100,卖盘
641,13:43:39,40.28,-0.01,1,4028,中性盘
642,13:43:27,40.29,--,5,20145,买盘
643,13:43:24,40.29,--,10,40290,买盘
644,13:43:18,40.29,-0.06,3,12087,中性盘
645,13:42:30,40.35,--,23,92805,买盘
646,13:42:09,40.35,0.01,2,8070,买盘
647,13:41:51,40.34,0.02,27,108918,买盘
648,13:41:21,40.32,--,15,60480,买盘
649,13:41:12,40.32,0.03,6,24192,中性盘
650,13:40:51,40.29,0.01,14,56406,买盘
651,13:40:45,40.28,--,10,40280,买盘
652,13:40:42,40.28,0.1,5,20140,买盘
653,13:40:36,40.18,-0.09,10,40180,卖盘
654,13:40:30,40.27,0.09,3,12081,买盘
655,13:40:18,40.18,0.01,0,1004,买盘
656,13:40:15,40.17,--,10,40170,卖盘
657,13:40:06,40.17,-0.01,13,52221,卖盘
658,13:40:03,40.18,0.02,249,1000482,买盘
659,13:40:00,40.16,-0.01,10,40160,卖盘
660,13:39:57,40.17,0.01,4,16068,买盘
661,13:39:48,40.16,0.03,85,341360,买盘
662,13:39:39,40.13,--,40,160520,卖盘
663,13:39:36,40.13,-0.03,10,40130,卖盘
664,13:39:33,40.16,0.03,5,20080,买盘
665,13:39:06,40.13,--,9,36117,卖盘
666,13:38:51,40.13,--,9,36117,卖盘
667,13:38:33,40.13,-0.05,9,36117,卖盘
668,13:38:30,40.18,--,11,47211,卖盘
669,13:38:18,40.18,--,9,36162,卖盘
670,13:38:09,40.18,--,36,144648,卖盘
671,13:37:54,40.18,--,9,36162,卖盘
672,13:37:36,40.18,--,9,36162,卖盘
673,13:37:21,40.18,--,10,40180,卖盘
674,13:37:18,40.18,-0.11,9,36162,卖盘
675,13:37:15,40.29,0.11,2,8058,买盘
676,13:37:03,40.18,--,9,36162,卖盘
677,13:36:42,40.18,--,9,36162,卖盘
678,13:36:39,40.18,--,3,12054,卖盘
679,13:36:24,40.18,-0.01,9,36162,卖盘
680,13:36:00,40.19,--,10,40190,卖盘
681,13:35:30,40.19,--,3,12057,卖盘
682,13:35:27,40.19,--,8,32152,卖盘
683,13:35:18,40.19,--,5,20095,卖盘
684,13:35:06,40.19,--,4,17080,卖盘
685,13:34:54,40.19,-0.11,10,40190,卖盘
686,13:34:24,40.3,-0.04,3,12090,中性盘
687,13:34:06,40.34,0.15,5,20170,买盘
688,13:34:03,40.19,-0.14,7,28133,卖盘
689,13:33:57,40.33,--,21,84693,卖盘
690,13:33:51,40.33,--,2,8066,卖盘
691,13:33:42,40.33,--,1,4033,卖盘
692,13:33:39,40.33,--,3,12099,卖盘
693,13:33:36,40.33,0.15,10,40330,买盘
694,13:33:27,40.18,0.04,13,52234,中性盘
695,13:33:00,40.14,-0.01,10,40140,卖盘
696,13:32:48,40.15,0.01,1,4015,中性盘
697,13:32:45,40.14,--,10,40140,卖盘
698,13:32:36,40.14,--,1,4014,卖盘
699,13:32:30,40.14,-0.14,10,40140,卖盘
700,13:32:15,40.28,0.14,3,12084,买盘
701,13:32:12,40.14,--,10,40140,卖盘
702,13:31:48,40.14,-0.07,9,36126,卖盘
703,13:31:33,40.21,0.01,17,68357,买盘
704,13:31:27,40.2,0.06,5,20100,买盘
705,13:31:24,40.14,-0.07,14,56196,卖盘
706,13:30:51,40.21,0.09,10,40210,买盘
707,13:30:30,40.12,--,19,76228,卖盘
708,13:30:27,40.12,--,2,8023,卖盘
709,13:30:06,40.12,--,9,36108,卖盘
710,13:29:36,40.12,--,9,36108,卖盘
711,13:29:27,40.12,--,10,40120,卖盘
712,13:29:15,40.12,-0.09,9,36108,卖盘
713,13:28:48,40.21,0.1,2,8042,买盘
714,13:28:42,40.11,--,9,36099,卖盘
715,13:28:27,40.11,-0.01,9,36099,卖盘
716,13:28:03,40.12,-0.09,9,36108,卖盘
717,13:27:51,40.21,0.1,3,12063,买盘
718,13:27:48,40.11,--,9,36099,卖盘
719,13:26:54,40.11,-0.1,9,36099,中性盘
720,13:26:30,40.21,0.1,1,4021,买盘
721,13:26:27,40.11,0.01,2,8022,中性盘
722,13:26:21,40.1,--,1,4010,卖盘
723,13:26:15,40.1,-0.02,9,36090,卖盘
724,13:26:06,40.12,0.02,76,304912,买盘
725,13:26:03,40.1,-0.11,9,36090,卖盘
726,13:25:57,40.21,0.11,10,40210,买盘
727,13:25:48,40.1,-0.1,26,104260,卖盘
728,13:25:45,40.2,--,6,24120,买盘
729,13:25:39,40.2,0.1,2,8040,买盘
730,13:25:33,40.1,-0.01,10,40100,卖盘
731,13:25:27,40.11,--,10,40110,卖盘
732,13:25:09,40.11,--,10,40110,卖盘
733,13:25:00,40.11,--,10,40110,卖盘
734,13:24:54,40.11,0.01,5,20055,买盘
735,13:24:51,40.1,--,1,4010,卖盘
736,13:24:33,40.1,--,19,76190,卖盘
737,13:24:21,40.1,-0.1,9,36090,卖盘
738,13:24:18,40.2,0.1,2,8040,买盘
739,13:24:00,40.1,--,9,36090,卖盘
740,13:23:57,40.1,0.01,5,20050,买盘
741,13:23:42,40.09,--,1,4009,卖盘
742,13:23:36,40.09,--,0,3487,买盘
743,13:23:24,40.09,--,1,4009,买盘
744,13:23:15,40.09,0.02,1,4009,买盘
745,13:23:06,40.07,--,4,16028,卖盘
746,13:23:03,40.07,0.04,10,40070,买盘
747,13:23:00,40.03,-0.03,25,100075,卖盘
748,13:22:51,40.06,0.01,11,44066,买盘
749,13:22:48,40.05,0.03,2,8009,中性盘
750,13:22:39,40.02,-0.04,9,36018,卖盘
751,13:22:30,40.06,--,1,4006,买盘
752,13:22:27,40.06,--,10,40060,买盘
753,13:22:24,40.06,0.04,1,4006,中性盘
754,13:22:06,40.02,-0.04,9,36018,卖盘
755,13:22:00,40.06,0.05,1,4006,买盘
756,13:21:54,40.01,--,2,8002,卖盘
757,13:21:45,40.01,--,9,36009,卖盘
758,13:21:33,40.01,-0.05,9,36009,卖盘
759,13:21:27,40.06,-0.01,2,8012,卖盘
760,13:21:24,40.07,--,1,4007,买盘
761,13:21:15,40.07,0.05,3,12021,买盘
762,13:21:12,40.02,-0.03,10,40020,卖盘
763,13:21:06,40.05,-0.02,9,36045,卖盘
764,13:20:42,40.07,0.01,1,4007,买盘
765,13:20:30,40.06,0.06,5,20030,买盘
766,13:20:09,40.0,-0.05,47,188000,卖盘
767,13:20:06,40.05,--,5,20025,买盘
768,13:20:03,40.05,0.03,7,28034,买盘
769,13:19:57,40.02,-0.03,9,36018,卖盘
770,13:19:42,40.05,0.03,6,24030,买盘
771,13:19:39,40.02,-0.03,38,152076,卖盘
772,13:19:33,40.05,0.03,18,72090,买盘
773,13:19:24,40.02,-0.03,10,40020,卖盘
774,13:19:21,40.05,--,1,4004,买盘
775,13:19:15,40.05,0.01,3,12015,卖盘
776,13:19:09,40.04,-0.02,10,40040,卖盘
777,13:18:57,40.06,--,3,12018,买盘
778,13:18:51,40.06,--,1,4006,买盘
779,13:18:48,40.06,--,5,20030,买盘
780,13:18:42,40.06,--,14,56084,卖盘
781,13:18:39,40.06,-0.01,20,80120,卖盘
782,13:18:36,40.07,0.01,1,4007,买盘
783,13:18:21,40.06,-0.01,10,40060,卖盘
784,13:18:18,40.07,0.01,2,8014,买盘
785,13:18:12,40.06,--,10,40060,卖盘
786,13:18:00,40.06,-0.03,10,40060,卖盘
787,13:17:57,40.09,0.01,8,32072,买盘
788,13:17:51,40.08,--,10,40080,卖盘
789,13:17:48,40.08,0.01,3,12024,买盘
790,13:17:45,40.07,--,11,44077,卖盘
791,13:17:42,40.07,-0.01,12,48084,卖盘
792,13:17:39,40.08,0.01,2,8016,买盘
793,13:17:36,40.07,--,1,4007,卖盘
794,13:17:30,40.07,-0.01,10,40070,卖盘
795,13:17:24,40.08,-0.01,3,12024,卖盘
796,13:17:18,40.09,0.01,21,84189,买盘
797,13:17:12,40.08,-0.01,9,36072,卖盘
798,13:17:03,40.09,--,43,172908,卖盘
799,13:16:57,40.09,--,1,4009,卖盘
800,13:16:51,40.09,--,32,131775,卖盘
801,13:16:39,40.09,--,9,36081,卖盘
802,13:16:30,40.09,--,11,44099,卖盘
803,13:16:24,40.09,-0.01,9,36081,卖盘
804,13:16:18,40.1,--,4,16561,卖盘
805,13:16:15,40.1,--,3,12030,卖盘
806,13:16:09,40.1,--,9,36090,卖盘
807,13:16:06,40.1,--,5,20050,卖盘
808,13:15:45,40.1,-0.02,30,120300,卖盘
809,13:15:39,40.12,--,24,96288,买盘
810,13:15:33,40.12,--,14,56168,卖盘
811,13:15:24,40.12,--,9,36108,卖盘
812,13:15:21,40.12,--,13,52156,卖盘
813,13:15:18,40.12,--,2,8023,卖盘
814,13:15:09,40.12,--,1,4011,卖盘
815,13:15:06,40.12,--,9,36108,卖盘
816,13:15:00,40.12,--,1,4011,卖盘
817,13:14:45,40.12,-0.01,9,36108,卖盘
818,13:14:42,40.13,--,1,4013,卖盘
819,13:14:03,40.13,0.01,1,4013,中性盘
820,13:13:57,40.12,--,17,68204,卖盘
821,13:13:54,40.12,--,6,24072,卖盘
822,13:13:51,40.12,--,1,4011,卖盘
823,13:13:45,40.12,-0.03,3,12036,卖盘
824,13:13:42,40.15,0.03,2,8030,中性盘
825,13:13:21,40.12,--,10,40120,卖盘
826,13:13:12,40.12,--,6,24072,卖盘
827,13:13:06,40.12,--,5,20060,卖盘
828,13:13:03,40.12,--,2,8023,卖盘
829,13:13:00,40.12,--,9,36108,卖盘
830,13:12:57,40.12,-0.06,7,28084,卖盘
831,13:12:54,40.18,--,5,20090,买盘
832,13:12:36,40.18,0.06,1,4018,买盘
833,13:12:15,40.12,--,9,36108,卖盘
834,13:12:03,40.12,--,9,36108,卖盘
835,13:11:33,40.12,--,9,36108,卖盘
836,13:11:18,40.12,-0.06,9,36108,卖盘
837,13:11:15,40.18,0.06,1,4018,买盘
838,13:11:03,40.12,--,9,36108,卖盘
839,13:10:54,40.12,--,9,36108,卖盘
840,13:10:39,40.12,--,9,36108,卖盘
841,13:10:27,40.12,0.02,33,132396,买盘
842,13:10:18,40.1,-0.02,9,36090,卖盘
843,13:10:12,40.12,0.02,1,4011,买盘
844,13:10:03,40.1,--,9,36090,卖盘
845,13:09:45,40.1,-0.02,9,36090,卖盘
846,13:09:09,40.12,0.02,4,16047,买盘
847,13:09:06,40.1,--,1,4010,卖盘
848,13:08:54,40.1,--,11,44110,卖盘
849,13:08:39,40.1,-0.01,9,36090,卖盘
850,13:08:24,40.11,--,1,4011,买盘
851,13:08:21,40.11,--,1,4011,买盘
852,13:08:09,40.11,0.01,1,4011,买盘
853,13:07:54,40.1,--,9,36090,卖盘
854,13:07:45,40.1,--,9,36090,卖盘
855,13:07:24,40.1,--,9,36090,卖盘
856,13:07:21,40.1,-0.02,8,32080,卖盘
857,13:07:09,40.12,--,1,4011,买盘
858,13:06:57,40.12,--,5,20060,买盘
859,13:06:45,40.12,0.01,5,20060,买盘
860,13:06:15,40.11,-0.01,1,4011,卖盘
861,13:05:51,40.12,--,3,12036,买盘
862,13:05:27,40.12,-0.04,23,92276,卖盘
863,13:05:15,40.16,0.04,2,8031,买盘
864,13:05:00,40.12,-0.04,9,36108,卖盘
865,13:04:24,40.16,--,10,40160,买盘
866,13:04:15,40.16,-0.01,2,8031,卖盘
867,13:03:39,40.17,--,1,4017,卖盘
868,13:03:24,40.17,-0.01,2,8034,卖盘
869,13:03:12,40.18,--,2,8036,卖盘
870,13:02:39,40.18,-0.02,1,4018,卖盘
871,13:02:27,40.2,0.02,1,4020,买盘
872,13:02:21,40.18,-0.02,4,16072,卖盘
873,13:01:42,40.2,--,15,60300,卖盘
874,13:01:18,40.2,-0.01,5,20100,卖盘
875,13:00:09,40.21,--,18,72378,买盘
876,13:00:06,40.21,-0.12,8,32168,卖盘
877,13:00:03,40.33,--,10,40330,买盘
878,13:00:00,40.33,--,0,0,买盘
879,11:30:00,40.33,--,0,0,买盘
880,11:29:36,40.33,--,5,20165,买盘
881,11:29:33,40.33,0.13,1,4033,中性盘
882,11:28:54,40.2,--,2,8040,卖盘
883,11:28:33,40.2,-0.14,4,16080,卖盘
884,11:28:30,40.34,0.01,10,40340,买盘
885,11:28:24,40.33,0.13,1,4033,中性盘
886,11:28:18,40.2,0.03,6,24120,中性盘
887,11:27:51,40.17,-0.19,13,52221,卖盘
888,11:27:36,40.36,0.19,3,12108,买盘
889,11:27:33,40.17,-0.19,9,36153,卖盘
890,11:27:24,40.36,--,5,20180,卖盘
891,11:27:12,40.36,--,9,36324,卖盘
892,11:27:03,40.36,--,10,40360,卖盘
893,11:27:00,40.36,--,9,36324,卖盘
894,11:26:45,40.36,-0.03,50,201800,卖盘
895,11:26:36,40.39,0.03,10,40390,买盘
896,11:26:21,40.36,--,9,36324,卖盘
897,11:26:15,40.36,-0.03,4,16144,卖盘
898,11:26:09,40.39,0.22,2,8078,买盘
899,11:25:57,40.17,-0.17,9,36153,卖盘
900,11:25:42,40.34,--,4,16136,卖盘
901,11:25:33,40.34,0.17,1,4034,买盘
902,11:25:18,40.17,--,4,16068,卖盘
903,11:25:00,40.17,0.04,9,36153,中性盘
904,11:24:12,40.13,-0.03,5,20065,卖盘
905,11:24:06,40.16,--,2,8031,买盘
906,11:24:03,40.16,--,3,12047,买盘
907,11:23:57,40.16,--,3,12047,买盘
908,11:23:45,40.16,0.03,2,8031,中性盘
909,11:23:15,40.13,-0.07,1,4013,中性盘
910,11:23:06,40.2,--,6,24120,买盘
911,11:22:57,40.2,0.07,2,8040,买盘
912,11:22:54,40.13,--,2,8026,买盘
913,11:22:51,40.13,--,5,20065,买盘
914,11:22:45,40.13,--,1,4013,买盘
915,11:22:30,40.13,--,1,4013,买盘
916,11:22:27,40.13,--,9,36117,卖盘
917,11:22:00,40.13,-0.09,5,20065,卖盘
918,11:21:54,40.22,0.09,5,20110,中性盘
919,11:21:24,40.13,--,9,36117,卖盘
920,11:21:06,40.13,--,4,16052,卖盘
921,11:20:51,40.13,--,8,32104,卖盘
922,11:20:24,40.13,0.01,2,8026,中性盘
923,11:19:51,40.12,--,9,36108,卖盘
924,11:19:48,40.12,-0.16,12,48144,卖盘
925,11:19:45,40.28,--,6,24168,卖盘
926,11:19:36,40.28,0.16,9,36252,中性盘
927,11:19:15,40.12,0.02,10,40120,中性盘
928,11:19:06,40.1,-0.19,9,36090,卖盘
929,11:18:57,40.29,0.19,5,20145,买盘
930,11:18:39,40.1,--,4,16040,卖盘
931,11:18:36,40.1,-0.01,9,36090,卖盘
932,11:18:24,40.11,--,9,36099,卖盘
933,11:18:06,40.11,-0.15,9,36099,卖盘
934,11:17:57,40.26,0.15,4,16104,买盘
935,11:17:48,40.11,--,9,36099,卖盘
936,11:17:36,40.11,-0.01,6,24066,卖盘
937,11:17:12,40.12,-0.14,3,12036,中性盘
938,11:16:57,40.26,--,1,4026,买盘
939,11:16:42,40.26,0.16,1,4026,买盘
940,11:16:36,40.1,--,5,20050,卖盘
941,11:16:27,40.1,--,19,76190,卖盘
942,11:16:18,40.1,--,10,40100,卖盘
943,11:16:00,40.1,-0.11,8,32080,卖盘
944,11:15:51,40.21,-0.08,3,12063,卖盘
945,11:15:42,40.29,-0.01,4,16116,卖盘
946,11:15:39,40.3,--,7,28209,卖盘
947,11:15:36,40.3,--,1,4029,卖盘
948,11:15:33,40.3,--,12,48360,卖盘
949,11:15:30,40.3,--,25,104256,买盘
950,11:15:15,40.3,--,1,4029,买盘
951,11:15:12,40.3,--,5,20673,卖盘
952,11:15:06,40.3,--,1,4029,卖盘
953,11:14:48,40.3,0.09,13,55896,买盘
954,11:14:36,40.21,--,18,72378,买盘
955,11:14:27,40.21,0.11,5,20105,买盘
956,11:14:21,40.1,--,9,36090,卖盘
957,11:14:18,40.1,-0.11,5,20050,卖盘
958,11:14:15,40.21,0.12,1,4021,买盘
959,11:14:09,40.09,-0.05,9,36081,卖盘
960,11:14:00,40.14,0.01,5,20070,买盘
961,11:13:57,40.13,0.03,1,4013,中性盘
962,11:13:54,40.1,--,9,36090,卖盘
963,11:13:36,40.1,0.03,10,40100,买盘
964,11:13:30,40.07,-0.02,9,36063,卖盘
965,11:13:21,40.09,-0.02,1,4009,卖盘
966,11:13:18,40.11,0.03,7,28077,中性盘
967,11:13:06,40.08,0.01,9,36072,卖盘
968,11:12:42,40.07,-0.01,9,36063,卖盘
969,11:12:39,40.08,-0.02,15,60120,卖盘
970,11:12:33,40.1,0.03,3,12030,买盘
971,11:12:24,40.07,-0.01,9,36063,卖盘
972,11:12:15,40.08,0.01,5,20040,卖盘
973,11:12:09,40.07,-0.03,15,60105,卖盘
974,11:12:06,40.1,0.03,2,8020,中性盘
975,11:11:54,40.07,-0.03,9,36063,卖盘
976,11:11:51,40.1,--,8,32080,买盘
977,11:11:45,40.1,0.02,14,56140,买盘
978,11:11:42,40.08,0.01,6,24048,中性盘
979,11:11:21,40.07,-0.03,14,56098,卖盘
980,11:11:15,40.1,--,5,20050,买盘
981,11:11:12,40.1,0.03,3,12030,买盘
982,11:11:03,40.07,-0.04,10,40070,卖盘
983,11:11:00,40.11,--,6,24066,卖盘
984,11:10:54,40.11,0.01,10,40110,买盘
985,11:10:36,40.1,--,9,36090,卖盘
986,11:10:27,40.1,-0.01,8,32080,卖盘
987,11:10:21,40.11,--,10,40110,卖盘
988,11:10:03,40.11,0.01,9,36099,中性盘
989,11:09:30,40.1,--,2,8020,卖盘
990,11:09:24,40.1,0.03,10,40100,买盘
991,11:09:15,40.07,-0.03,10,40070,卖盘
992,11:09:12,40.1,--,3,12030,买盘
993,11:09:09,40.1,--,2,8020,买盘
994,11:09:00,40.1,--,2,8020,买盘
995,11:08:18,40.1,0.03,40,160400,买盘
996,11:08:09,40.07,--,1,4007,买盘
997,11:08:06,40.07,--,7,28049,买盘
998,11:08:03,40.07,--,15,60105,买盘
999,11:07:48,40.07,--,7,28049,买盘
1000,11:07:42,40.07,--,2,8014,买盘
1001,11:07:36,40.07,--,19,76133,买盘
1002,11:07:33,40.07,--,3,12021,买盘
1003,11:07:30,40.07,-0.03,110,440770,卖盘
1004,11:07:24,40.1,--,33,132330,买盘
1005,11:07:09,40.1,--,1,4010,买盘
1006,11:07:06,40.1,--,1,4010,买盘
1007,11:06:57,40.1,--,1,4010,买盘
1008,11:06:54,40.1,0.03,7,28070,买盘
1009,11:06:36,40.07,--,5,20035,中性盘
1010,11:06:21,40.07,--,15,60105,买盘
1011,11:06:18,40.07,--,3,12021,买盘
1012,11:06:15,40.07,0.01,10,40070,买盘
1013,11:06:12,40.06,-0.01,1,4006,卖盘
1014,11:06:03,40.07,0.04,1,4007,中性盘
1015,11:05:48,40.03,-0.07,7,28021,卖盘
1016,11:05:45,40.1,0.04,6,24060,买盘
1017,11:05:36,40.06,--,24,96144,买盘
1018,11:05:30,40.06,-0.04,6,24036,卖盘
1019,11:05:27,40.1,0.04,1,4010,买盘
1020,11:05:00,40.06,--,3,12018,卖盘
1021,11:04:57,40.06,-0.04,1,4006,卖盘
1022,11:04:48,40.1,--,11,44110,买盘
1023,11:04:39,40.1,0.1,4,16040,买盘
1024,11:04:33,40.0,-0.1,108,432000,卖盘
1025,11:04:27,40.1,--,11,44110,卖盘
1026,11:04:21,40.1,0.07,3,12030,中性盘
1027,11:04:15,40.03,-0.07,10,40030,卖盘
1028,11:04:06,40.1,--,7,30075,买盘
1029,11:04:00,40.1,--,1,4010,买盘
1030,11:03:54,40.1,0.07,2,8020,买盘
1031,11:03:48,40.03,-0.07,9,36027,卖盘
1032,11:03:45,40.1,0.07,4,16040,买盘
1033,11:03:30,40.03,--,2,8006,卖盘
1034,11:03:27,40.03,-0.06,9,36027,卖盘
1035,11:03:24,40.09,0.06,1,4009,买盘
1036,11:03:21,40.03,-0.06,1,4003,中性盘
1037,11:03:15,40.09,0.07,5,20045,买盘
1038,11:03:09,40.02,-0.04,11,44022,卖盘
1039,11:03:00,40.06,0.04,6,24036,买盘
1040,11:02:54,40.02,--,10,40020,卖盘
1041,11:02:48,40.02,--,13,52026,卖盘
1042,11:02:45,40.02,0.02,7,28014,买盘
1043,11:02:30,40.0,0.01,33,133720,买盘
1044,11:02:27,39.99,-0.01,10,39990,卖盘
1045,11:02:24,40.0,--,7,28000,买盘
1046,11:02:21,40.0,--,8,32000,买盘
1047,11:02:18,40.0,-0.06,155,622280,卖盘
1048,11:02:15,40.06,0.05,1,4006,买盘
1049,11:02:03,40.01,-0.08,8,32008,卖盘
1050,11:01:57,40.09,0.08,1,4009,买盘
1051,11:01:51,40.01,-0.01,32,129752,卖盘
1052,11:01:39,40.02,-0.04,15,60030,卖盘
1053,11:01:36,40.06,0.04,8,32048,买盘
1054,11:01:27,40.02,-0.04,5,20010,卖盘
1055,11:01:24,40.06,0.04,5,20030,买盘
1056,11:01:21,40.02,0.02,19,76038,中性盘
1057,11:01:15,40.0,-0.06,98,392000,卖盘
1058,11:01:09,40.06,--,1,4006,卖盘
1059,11:01:06,40.06,-0.03,9,36054,中性盘
1060,11:01:00,40.09,--,6,24054,买盘
1061,11:00:57,40.09,-0.01,4,16036,卖盘
1062,11:00:45,40.1,-0.08,43,172430,卖盘
1063,11:00:42,40.18,0.05,14,56252,中性盘
1064,11:00:39,40.13,-0.05,63,252819,卖盘
1065,11:00:36,40.18,0.02,5,20090,买盘
1066,11:00:33,40.16,-0.02,53,212847,卖盘
1067,11:00:21,40.18,-0.02,48,192864,卖盘
1068,11:00:15,40.2,0.02,1,4020,买盘
1069,11:00:12,40.18,--,7,28126,卖盘
1070,11:00:09,40.18,-0.02,8,32144,卖盘
1071,11:00:06,40.2,--,50,201000,卖盘
1072,11:00:03,40.2,--,2,8040,卖盘
1073,11:00:00,40.2,-0.01,150,603000,卖盘
1074,10:59:54,40.21,-0.01,31,124651,卖盘
1075,10:59:48,40.22,--,1,4022,买盘
1076,10:59:39,40.22,0.01,5,20110,买盘
1077,10:59:36,40.21,--,6,24126,卖盘
1078,10:59:30,40.21,--,4,16084,卖盘
1079,10:59:24,40.21,--,9,36189,卖盘
1080,10:59:18,40.21,--,4,16084,卖盘
1081,10:59:15,40.21,-0.01,9,36189,卖盘
1082,10:59:12,40.22,--,7,28154,卖盘
1083,10:59:06,40.22,-0.01,50,201100,卖盘
1084,10:58:51,40.23,--,27,108620,卖盘
1085,10:58:48,40.23,--,7,28160,卖盘
1086,10:58:36,40.23,--,1,4022,卖盘
1087,10:58:33,40.23,--,9,36207,卖盘
1088,10:58:15,40.23,-0.07,11,44253,卖盘
1089,10:57:54,40.3,--,2,8059,买盘
1090,10:57:48,40.3,0.07,3,12090,买盘
1091,10:57:42,40.23,-0.07,6,24137,卖盘
1092,10:57:39,40.3,0.07,35,141050,买盘
1093,10:57:36,40.23,--,10,40230,卖盘
1094,10:57:27,40.23,--,1,4022,卖盘
1095,10:57:21,40.23,-0.06,12,48275,卖盘
1096,10:57:15,40.29,--,2,8058,买盘
1097,10:57:00,40.29,0.07,1,4029,买盘
1098,10:56:54,40.22,--,4,16088,卖盘
1099,10:56:48,40.22,-0.07,10,40220,卖盘
1100,10:56:42,40.29,--,1,4029,卖盘
1101,10:56:36,40.29,0.08,10,40290,买盘
1102,10:56:30,40.21,--,10,40210,卖盘
1103,10:56:21,40.21,--,10,40210,卖盘
1104,10:56:03,40.21,--,4,16084,卖盘
1105,10:55:57,40.21,-0.08,9,36189,卖盘
1106,10:55:51,40.29,0.08,2,8058,买盘
1107,10:55:45,40.21,-0.08,11,44231,卖盘
1108,10:55:39,40.29,0.06,1,4029,买盘
1109,10:55:36,40.23,-0.06,8,32183,卖盘
1110,10:55:33,40.29,--,7,28203,买盘
1111,10:55:30,40.29,0.06,3,12087,买盘
1112,10:55:06,40.23,--,4,16091,买盘
1113,10:55:03,40.23,--,22,88506,买盘
1114,10:55:00,40.23,0.03,2,8045,买盘
1115,10:54:57,40.2,-0.03,9,36180,卖盘
1116,10:54:48,40.23,--,2,8045,买盘
1117,10:54:45,40.23,0.02,53,213218,买盘
1118,10:54:39,40.21,--,2,8042,卖盘
1119,10:54:33,40.21,--,1,4021,卖盘
1120,10:54:30,40.21,-0.02,1,4021,卖盘
1121,10:54:27,40.23,0.02,20,80460,买盘
1122,10:54:24,40.21,0.01,2,8042,中性盘
1123,10:54:21,40.2,-0.01,9,36180,卖盘
1124,10:54:12,40.21,0.01,9,36189,中性盘
1125,10:54:09,40.2,-0.03,29,116580,卖盘
1126,10:54:03,40.23,--,1,4022,买盘
1127,10:54:00,40.23,--,1,4022,买盘
1128,10:53:57,40.23,--,17,68391,卖盘
1129,10:53:51,40.23,-0.06,4,16091,卖盘
1130,10:53:36,40.29,0.06,3,12087,买盘
1131,10:53:33,40.23,--,9,36207,卖盘
1132,10:53:15,40.23,--,9,36207,卖盘
1133,10:53:12,40.23,--,1,4022,卖盘
1134,10:53:00,40.23,--,19,76437,卖盘
1135,10:52:51,40.23,0.02,1,4022,中性盘
1136,10:52:42,40.21,--,9,36189,卖盘
1137,10:52:39,40.21,-0.02,10,40210,卖盘
1138,10:52:33,40.23,0.02,3,12068,买盘
1139,10:52:24,40.21,-0.04,9,36189,卖盘
1140,10:52:21,40.25,0.04,5,20125,卖盘
1141,10:52:18,40.21,-0.02,7,28147,卖盘
1142,10:52:12,40.23,-0.06,1,4022,卖盘
1143,10:52:09,40.29,0.06,1,4029,买盘
1144,10:52:03,40.23,-0.06,9,36207,卖盘
1145,10:52:00,40.29,-0.01,1,4029,卖盘
1146,10:51:57,40.3,--,1,4029,买盘
1147,10:51:51,40.3,-0.01,267,1076533,卖盘
1148,10:51:48,40.31,-0.02,17,68527,卖盘
1149,10:51:45,40.33,--,1,4033,买盘
1150,10:51:42,40.33,--,1,4033,买盘
1151,10:51:30,40.33,0.02,1,4033,买盘
1152,10:51:27,40.31,--,15,60465,卖盘
1153,10:51:18,40.31,-0.02,7,28217,卖盘
1154,10:51:03,40.33,0.02,1,4033,买盘
1155,10:50:54,40.31,--,30,120930,卖盘
1156,10:50:30,40.31,-0.02,8,32248,卖盘
1157,10:50:24,40.33,0.02,5,20165,买盘
1158,10:50:18,40.31,--,6,24186,卖盘
1159,10:50:15,40.31,--,1,4031,卖盘
1160,10:50:12,40.31,--,3,12093,买盘
1161,10:50:09,40.31,--,10,40310,买盘
1162,10:50:00,40.31,-0.02,7,28217,卖盘
1163,10:49:54,40.33,0.02,1,4033,买盘
1164,10:49:51,40.31,0.01,2,8062,卖盘
1165,10:49:42,40.3,--,51,205530,卖盘
1166,10:49:39,40.3,--,10,40300,卖盘
1167,10:49:36,40.3,-0.06,18,72540,卖盘
1168,10:49:30,40.36,0.06,1,4036,买盘
1169,10:49:18,40.3,--,14,56419,卖盘
1170,10:48:57,40.3,-0.02,9,36270,卖盘
1171,10:48:51,40.32,0.02,10,40320,卖盘
1172,10:48:48,40.3,-0.02,54,217619,卖盘
1173,10:48:39,40.32,-0.04,9,36288,卖盘
1174,10:48:36,40.36,0.01,5,20180,中性盘
1175,10:48:24,40.35,-0.1,9,36315,卖盘
1176,10:48:18,40.45,0.09,10,40450,买盘
1177,10:48:03,40.36,-0.03,15,60540,卖盘
1178,10:47:57,40.39,-0.01,30,121170,卖盘
1179,10:47:48,40.4,-0.08,23,92920,卖盘
1180,10:47:30,40.48,--,11,44528,买盘
1181,10:47:27,40.48,0.08,6,24287,买盘
1182,10:47:24,40.4,--,1,4040,卖盘
1183,10:47:15,40.4,--,1,4040,卖盘
1184,10:47:06,40.4,--,9,36360,卖盘
1185,10:47:00,40.4,--,7,28280,卖盘
1186,10:46:54,40.4,--,3,12120,卖盘
1187,10:46:51,40.4,--,4,16160,卖盘
1188,10:46:48,40.4,-0.01,6,24240,卖盘
1189,10:46:45,40.41,-0.02,9,36369,卖盘
1190,10:46:42,40.43,--,1,4043,卖盘
1191,10:46:39,40.43,--,2,8086,卖盘
1192,10:46:33,40.43,0.03,3,12129,卖盘
1193,10:46:30,40.4,-0.01,9,36360,卖盘
1194,10:46:27,40.41,--,1,4040,卖盘
1195,10:46:18,40.41,-0.02,2,8081,卖盘
1196,10:46:15,40.43,--,1,4043,买盘
1197,10:46:12,40.43,0.02,1,4043,中性盘
1198,10:45:54,40.41,--,9,36369,卖盘
1199,10:45:36,40.41,-0.04,9,36369,卖盘
1200,10:45:18,40.45,-0.02,10,40450,卖盘
1201,10:44:30,40.47,--,1,4047,卖盘
1202,10:44:27,40.47,0.04,12,48564,买盘
1203,10:44:12,40.43,0.01,1,4043,中性盘
1204,10:43:39,40.42,--,4,16168,卖盘
1205,10:43:15,40.42,--,5,23726,卖盘
1206,10:43:12,40.42,-0.08,9,36378,中性盘
1207,10:43:06,40.5,0.08,48,194400,买盘
1208,10:42:57,40.42,-0.08,2,8084,卖盘
1209,10:42:51,40.5,--,20,81000,卖盘
1210,10:42:45,40.5,--,3,12150,卖盘
1211,10:42:39,40.5,--,9,36450,卖盘
1212,10:42:33,40.5,0.09,3,12150,买盘
1213,10:42:21,40.41,--,1,4040,卖盘
1214,10:42:18,40.41,-0.01,9,36369,卖盘
1215,10:42:15,40.42,--,3,12126,卖盘
1216,10:42:12,40.42,-0.05,1,4042,卖盘
1217,10:42:09,40.47,0.06,2,8094,买盘
1218,10:41:57,40.41,-0.01,9,36369,卖盘
1219,10:41:54,40.42,--,10,40420,卖盘
1220,10:41:24,40.42,0.01,5,20210,中性盘
1221,10:40:24,40.41,--,9,36369,卖盘
1222,10:40:00,40.41,--,4,16163,卖盘
1223,10:39:48,40.41,-0.17,100,404099,卖盘
1224,10:39:42,40.58,--,3,12174,卖盘
1225,10:39:36,40.58,--,1,4058,卖盘
1226,10:39:33,40.58,--,1,4058,卖盘
1227,10:39:21,40.58,--,5,20290,中性盘
1228,10:39:03,40.58,--,1,4058,买盘
1229,10:38:51,40.58,--,26,105508,卖盘
1230,10:38:42,40.58,0.15,34,137972,买盘
1231,10:38:30,40.43,0.01,12,48516,中性盘
1232,10:38:24,40.42,--,3,12126,卖盘
1233,10:38:15,40.42,-0.01,1,4042,卖盘
1234,10:38:12,40.43,-0.02,1,4043,中性盘
1235,10:37:57,40.45,-0.14,9,36405,卖盘
1236,10:37:54,40.59,0.16,3,12177,买盘
1237,10:37:36,40.43,-0.02,14,56602,卖盘
1238,10:37:30,40.45,0.03,2,8090,买盘
1239,10:37:27,40.42,-0.03,9,36378,卖盘
1240,10:37:18,40.45,0.03,1,4045,买盘
1241,10:37:12,40.42,-0.03,14,56588,卖盘
1242,10:37:09,40.45,-0.05,5,20225,卖盘
1243,10:37:06,40.5,--,5,20250,买盘
1244,10:36:51,40.5,--,10,40500,买盘
1245,10:36:45,40.5,--,10,40500,买盘
1246,10:36:42,40.5,--,1,4050,买盘
1247,10:36:39,40.5,--,10,40500,买盘
1248,10:36:27,40.5,-0.08,3,13243,卖盘
1249,10:36:24,40.58,0.08,5,23252,买盘
1250,10:36:21,40.5,-0.08,9,36450,卖盘
1251,10:36:18,40.58,--,13,52754,买盘
1252,10:36:06,40.58,0.17,1,4058,买盘
1253,10:35:54,40.41,-0.12,10,40410,卖盘
1254,10:35:45,40.53,0.12,4,16212,买盘
1255,10:35:30,40.41,-0.01,4,16163,卖盘
1256,10:35:24,40.42,--,9,36378,卖盘
1257,10:35:09,40.42,--,2,8084,卖盘
1258,10:35:06,40.42,--,8,32336,卖盘
1259,10:35:03,40.42,--,9,36378,卖盘
1260,10:34:51,40.42,-0.09,9,36378,中性盘
1261,10:34:30,40.51,0.1,1,4051,买盘
1262,10:34:27,40.41,-0.12,10,40410,卖盘
1263,10:34:24,40.53,--,1,4053,买盘
1264,10:34:12,40.53,0.12,19,77007,买盘
1265,10:34:00,40.41,-0.01,9,36369,卖盘
1266,10:33:27,40.42,--,19,79021,卖盘
1267,10:33:15,40.42,--,9,36378,卖盘
1268,10:33:00,40.42,--,4,16168,卖盘
1269,10:32:33,40.42,--,1,4042,买盘
1270,10:32:27,40.42,--,3,12126,买盘
1271,10:32:15,40.42,--,5,20210,卖盘
1272,10:31:54,40.42,-0.03,69,278898,卖盘
1273,10:31:30,40.45,-0.07,10,40450,卖盘
1274,10:31:27,40.52,0.08,2,8104,中性盘
1275,10:31:12,40.44,--,8,32352,买盘
1276,10:31:09,40.44,-0.01,12,48528,卖盘
1277,10:30:54,40.45,--,7,28315,买盘
1278,10:30:51,40.45,--,1,4045,买盘
1279,10:30:45,40.45,--,1,4045,买盘
1280,10:30:42,40.45,--,10,40450,买盘
1281,10:30:33,40.45,-0.11,5,20225,卖盘
1282,10:30:27,40.56,0.07,10,40560,买盘
1283,10:30:18,40.49,0.04,7,28343,买盘
1284,10:30:15,40.45,--,3,12135,卖盘
1285,10:30:09,40.45,-0.01,10,40450,卖盘
1286,10:30:00,40.46,0.01,5,20230,卖盘
1287,10:29:57,40.45,--,3,12135,卖盘
1288,10:29:39,40.45,--,9,36405,卖盘
1289,10:29:24,40.45,--,20,80900,卖盘
1290,10:29:18,40.45,-0.05,10,40450,买盘
1291,10:29:15,40.5,0.06,12,48600,买盘
1292,10:29:09,40.44,--,2,8088,卖盘
1293,10:29:00,40.44,-0.01,3,12132,卖盘
1294,10:28:57,40.45,-0.05,2,8090,卖盘
1295,10:28:54,40.5,0.05,2,8100,中性盘
1296,10:28:51,40.45,-0.05,9,36405,卖盘
1297,10:28:36,40.5,--,2,8100,买盘
1298,10:28:18,40.5,0.06,3,12150,买盘
1299,10:28:00,40.44,--,10,40440,卖盘
1300,10:27:54,40.44,--,3,12132,卖盘
1301,10:27:48,40.44,-0.06,3,12132,卖盘
1302,10:27:36,40.5,0.07,1,4050,中性盘
1303,10:27:09,40.43,-0.07,3,12129,卖盘
1304,10:27:03,40.5,--,8,32400,卖盘
1305,10:26:54,40.5,0.09,2,8100,买盘
1306,10:26:18,40.41,--,3,12122,买盘
1307,10:26:03,40.41,--,3,12122,买盘
1308,10:25:54,40.41,0.01,12,48491,买盘
1309,10:25:51,40.4,--,3,12120,卖盘
1310,10:25:42,40.4,0.03,1,7554,买盘
1311,10:25:27,40.37,--,1,4036,买盘
1312,10:25:21,40.37,-0.03,9,36333,卖盘
1313,10:25:18,40.4,0.02,2,8080,买盘
1314,10:25:15,40.38,-0.02,1,4038,中性盘
1315,10:25:00,40.4,--,1,4040,买盘
1316,10:24:57,40.4,--,5,20200,卖盘
1317,10:24:45,40.4,--,4,16160,买盘
1318,10:24:39,40.4,--,5,20200,买盘
1319,10:24:27,40.4,-0.01,1,4040,中性盘
1320,10:24:21,40.41,--,1,4040,买盘
1321,10:24:18,40.41,0.1,1,4040,买盘
1322,10:24:15,40.31,-0.09,10,40310,中性盘
1323,10:23:54,40.4,0.1,4,16160,买盘
1324,10:23:45,40.3,-0.1,4,16119,卖盘
1325,10:23:39,40.4,0.01,4,16160,买盘
1326,10:23:33,40.39,--,12,48468,卖盘
1327,10:23:27,40.39,-0.01,1,4039,卖盘
1328,10:23:21,40.4,0.01,4,16160,中性盘
1329,10:23:12,40.39,0.09,11,44429,中性盘
1330,10:23:03,40.3,--,2,8059,卖盘
1331,10:22:57,40.3,0.09,1,4029,卖盘
1332,10:22:54,40.21,-0.09,35,140735,卖盘
1333,10:22:51,40.3,--,4,16119,买盘
1334,10:22:45,40.3,--,1,4029,买盘
1335,10:22:39,40.3,-0.04,5,20150,卖盘
1336,10:22:36,40.34,-0.07,3,12102,中性盘
1337,10:22:30,40.41,--,4,16163,买盘
1338,10:22:27,40.41,0.11,5,20205,买盘
1339,10:22:24,40.3,-0.06,335,1350050,卖盘
1340,10:22:21,40.36,-0.05,1,4036,卖盘
1341,10:22:09,40.41,0.05,1,4040,买盘
1342,10:22:06,40.36,-0.05,9,36324,卖盘
1343,10:22:03,40.41,--,34,137394,买盘
1344,10:21:54,40.41,--,2,8081,买盘
1345,10:21:51,40.41,0.05,1,4040,买盘
1346,10:21:48,40.36,--,2,8072,卖盘
1347,10:21:45,40.36,-0.05,21,84756,卖盘
1348,10:21:39,40.41,--,15,60614,买盘
1349,10:21:36,40.41,0.05,4,16163,买盘
1350,10:21:33,40.36,-0.05,1,4036,卖盘
1351,10:21:27,40.41,0.06,1,4040,买盘
1352,10:21:24,40.35,--,8,32280,卖盘
1353,10:21:21,40.35,-0.02,102,411570,卖盘
1354,10:21:15,40.37,-0.04,8,32295,卖盘
1355,10:21:09,40.41,0.06,9,36369,买盘
1356,10:21:03,40.35,--,10,40350,卖盘
1357,10:21:00,40.35,-0.05,19,76665,卖盘
1358,10:20:57,40.4,--,3,12120,买盘
1359,10:20:54,40.4,-0.01,5,20200,中性盘
1360,10:20:45,40.41,0.01,8,32327,买盘
1361,10:20:42,40.4,-0.01,14,56560,卖盘
1362,10:20:39,40.41,0.05,10,40410,买盘
1363,10:20:36,40.36,--,8,32288,卖盘
1364,10:20:30,40.36,-0.04,6,24216,卖盘
1365,10:20:24,40.4,-0.01,2,8080,中性盘
1366,10:20:21,40.41,0.05,5,20205,买盘
1367,10:20:18,40.36,-0.04,10,40360,卖盘
1368,10:20:15,40.4,-0.01,29,117160,卖盘
1369,10:20:12,40.41,--,2,8081,买盘
1370,10:20:09,40.41,--,2,8081,买盘
1371,10:20:06,40.41,--,1,4040,买盘
1372,10:20:03,40.41,--,11,44450,买盘
1373,10:19:57,40.41,-0.09,46,185885,卖盘
1374,10:19:54,40.5,-0.04,9,36450,卖盘
1375,10:19:51,40.54,0.04,1,4054,买盘
1376,10:19:45,40.5,-0.04,9,36450,卖盘
1377,10:19:39,40.54,0.04,2,8108,中性盘
1378,10:19:24,40.5,-0.06,9,36450,卖盘
1379,10:19:15,40.56,0.06,1,4056,买盘
1380,10:19:09,40.5,--,9,36450,卖盘
1381,10:19:06,40.5,-0.01,45,182250,卖盘
1382,10:19:03,40.51,-0.02,67,271417,卖盘
1383,10:19:00,40.53,0.01,11,44583,中性盘
1384,10:18:54,40.52,-0.07,6,24312,卖盘
1385,10:18:51,40.59,0.07,10,40590,买盘
1386,10:18:45,40.52,-0.04,9,36468,卖盘
1387,10:18:39,40.56,--,1,4056,中性盘
1388,10:18:27,40.56,-0.02,45,182520,卖盘
1389,10:18:21,40.58,--,7,28406,买盘
1390,10:18:15,40.58,0.02,2,8116,买盘
1391,10:18:09,40.56,-0.02,8,32448,卖盘
1392,10:18:06,40.58,--,9,36522,买盘
1393,10:18:03,40.58,0.02,2,8116,买盘
1394,10:17:57,40.56,--,8,32448,卖盘
1395,10:17:54,40.56,-0.02,2,8112,买盘
1396,10:17:39,40.58,--,1,4058,卖盘
1397,10:17:30,40.58,-0.01,1,4058,卖盘
1398,10:17:24,40.59,0.08,1,4059,买盘
1399,10:17:21,40.51,--,1,4051,买盘
1400,10:17:18,40.51,0.01,1,4051,中性盘
1401,10:17:06,40.5,-0.09,5,20250,卖盘
1402,10:17:03,40.59,--,1,4059,买盘
1403,10:16:57,40.59,0.09,11,44649,买盘
1404,10:16:54,40.5,--,9,36450,卖盘
1405,10:16:51,40.5,-0.09,50,202500,卖盘
1406,10:16:48,40.59,0.09,5,20295,买盘
1407,10:16:45,40.5,-0.04,31,125550,卖盘
1408,10:16:42,40.54,0.03,1,4054,买盘
1409,10:16:39,40.51,-0.02,4,16204,卖盘
1410,10:16:36,40.53,-0.02,18,72954,卖盘
1411,10:16:33,40.55,-0.01,9,36495,卖盘
1412,10:16:30,40.56,-0.03,5,20280,卖盘
1413,10:16:27,40.59,--,1,4059,买盘
1414,10:16:21,40.59,0.03,1,4059,买盘
1415,10:16:15,40.56,-0.03,13,52728,卖盘
1416,10:16:12,40.59,--,9,36531,卖盘
1417,10:16:06,40.59,--,9,36531,卖盘
1418,10:16:03,40.59,0.01,3,12177,买盘
1419,10:15:57,40.58,-0.01,7,28406,卖盘
1420,10:15:54,40.59,0.01,1,4059,买盘
1421,10:15:51,40.58,-0.01,9,36522,卖盘
1422,10:15:48,40.59,-0.01,2,8118,卖盘
1423,10:15:45,40.6,0.01,1,4060,买盘
1424,10:15:42,40.59,--,9,36531,卖盘
1425,10:15:36,40.59,-0.01,9,36531,卖盘
1426,10:15:27,40.6,-0.08,113,461094,卖盘
1427,10:15:24,40.68,--,3,12204,卖盘
1428,10:15:18,40.68,--,7,28476,卖盘
1429,10:15:09,40.68,-0.02,9,36612,卖盘
1430,10:14:54,40.7,0.02,1,4070,买盘
1431,10:14:51,40.68,-0.03,48,195264,卖盘
1432,10:14:45,40.71,--,2,8142,卖盘
1433,10:14:42,40.71,--,1,4071,卖盘
1434,10:14:39,40.71,--,1,4071,卖盘
1435,10:14:33,40.71,--,9,36639,卖盘
1436,10:14:06,40.71,--,4,16284,卖盘
1437,10:14:03,40.71,--,3,12213,卖盘
1438,10:14:00,40.71,--,17,69207,卖盘
1439,10:13:54,40.71,--,1,4071,卖盘
1440,10:13:51,40.71,-0.09,11,44781,卖盘
1441,10:13:48,40.8,0.08,3,12240,买盘
1442,10:13:33,40.72,--,12,48864,卖盘
1443,10:13:27,40.72,--,5,20360,卖盘
1444,10:13:12,40.72,--,1,4072,卖盘
1445,10:12:51,40.72,-0.03,1,4072,卖盘
1446,10:12:48,40.75,--,1,4075,买盘
1447,10:12:45,40.75,--,5,20375,买盘
1448,10:12:30,40.75,-0.1,7,28525,卖盘
1449,10:12:21,40.85,0.1,1,4085,买盘
1450,10:12:18,40.75,--,8,32600,卖盘
1451,10:12:09,40.75,-0.05,11,44825,卖盘
1452,10:12:06,40.8,-0.05,1,4079,中性盘
1453,10:11:45,40.85,--,6,24510,买盘
1454,10:11:42,40.85,--,2,8170,买盘
1455,10:11:24,40.85,0.13,1,4085,买盘
1456,10:11:15,40.72,-0.13,9,36648,中性盘
1457,10:10:45,40.85,0.01,3,12255,买盘
1458,10:10:30,40.84,0.13,1,4084,买盘
1459,10:10:12,40.71,0.01,2,8142,中性盘
1460,10:10:09,40.7,--,5,20350,卖盘
1461,10:09:42,40.7,--,9,36630,卖盘
1462,10:09:30,40.7,-0.05,54,219780,卖盘
1463,10:09:12,40.75,--,2,8150,买盘
1464,10:09:06,40.75,--,22,89650,买盘
1465,10:08:54,40.75,--,20,81500,买盘
1466,10:08:36,40.75,0.07,5,20375,买盘
1467,10:08:27,40.68,-0.02,9,36612,卖盘
1468,10:08:15,40.7,--,1,4070,买盘
1469,10:08:09,40.7,--,1,4070,买盘
1470,10:08:06,40.7,-0.01,37,150590,卖盘
1471,10:08:03,40.71,0.01,1,4071,中性盘
1472,10:07:57,40.7,--,7,28490,卖盘
1473,10:07:30,40.7,--,1,4070,卖盘
1474,10:07:27,40.7,-0.01,5,20350,卖盘
1475,10:07:18,40.71,0.01,86,351327,买盘
1476,10:07:15,40.7,-0.01,5,20350,卖盘
1477,10:07:12,40.71,--,1,4071,买盘
1478,10:07:09,40.71,0.01,5,20355,中性盘
1479,10:07:00,40.7,-0.01,9,36630,卖盘
1480,10:06:54,40.71,0.01,11,44781,卖盘
1481,10:06:51,40.7,-0.06,50,203500,卖盘
1482,10:06:42,40.76,--,1,4076,买盘
1483,10:06:39,40.76,0.05,15,61140,买盘
1484,10:06:36,40.71,--,9,36639,卖盘
1485,10:06:24,40.71,-0.06,14,56994,卖盘
1486,10:06:21,40.77,0.01,5,20385,中性盘
1487,10:06:12,40.76,--,52,211952,卖盘
1488,10:06:06,40.76,--,9,36684,卖盘
1489,10:06:00,40.76,0.04,17,69292,卖盘
1490,10:05:39,40.72,0.01,15,61080,买盘
1491,10:05:33,40.71,--,9,36639,卖盘
1492,10:05:27,40.71,-0.05,108,439668,卖盘
1493,10:05:21,40.76,--,13,52988,买盘
1494,10:05:15,40.76,0.04,10,40760,买盘
1495,10:05:09,40.72,-0.04,9,36648,卖盘
1496,10:05:06,40.76,--,10,40760,买盘
1497,10:05:03,40.76,--,2,8152,买盘
1498,10:05:00,40.76,--,3,12228,卖盘
1499,10:04:57,40.76,-0.01,10,40760,卖盘
1500,10:04:54,40.77,0.01,2,8154,买盘
1501,10:04:51,40.76,-0.01,13,52988,卖盘
1502,10:04:42,40.77,0.01,9,36693,中性盘
1503,10:04:33,40.76,-0.01,9,36684,卖盘
1504,10:04:24,40.77,--,2,8154,卖盘
1505,10:04:18,40.77,-0.01,2,8154,卖盘
1506,10:04:06,40.78,0.01,10,40780,买盘
1507,10:04:03,40.77,-0.01,1,4077,卖盘
1508,10:03:57,40.78,--,2,8156,卖盘
1509,10:03:51,40.78,--,9,36702,卖盘
1510,10:03:36,40.78,--,6,24468,卖盘
1511,10:03:30,40.78,0.01,9,36702,中性盘
1512,10:03:15,40.77,-0.01,2,8154,中性盘
1513,10:02:57,40.78,0.03,1,4078,买盘
1514,10:02:51,40.75,-0.03,9,36675,卖盘
1515,10:02:30,40.78,0.03,10,40780,买盘
1516,10:02:24,40.75,-0.02,9,36675,卖盘
1517,10:02:21,40.77,-0.03,23,93771,卖盘
1518,10:02:18,40.8,0.03,49,199920,买盘
1519,10:02:12,40.77,--,9,36693,卖盘
1520,10:02:06,40.77,-0.03,2,8154,卖盘
1521,10:02:00,40.8,--,5,20400,卖盘
1522,10:01:48,40.8,--,2,8159,卖盘
1523,10:01:39,40.8,-0.01,9,36720,卖盘
1524,10:01:36,40.81,0.01,1,4081,卖盘
1525,10:01:21,40.8,--,2,8159,卖盘
1526,10:01:18,40.8,-0.02,1,4079,卖盘
1527,10:01:03,40.82,-0.02,9,36738,卖盘
1528,10:00:51,40.84,-0.01,20,81680,中性盘
1529,10:00:33,40.85,-0.05,6,24510,卖盘
1530,10:00:24,40.9,--,5,20450,买盘
1531,10:00:12,40.9,0.06,2,8180,买盘
1532,10:00:09,40.84,-0.06,2,8168,卖盘
1533,09:59:51,40.9,-0.01,1,4090,卖盘
1534,09:59:39,40.91,-0.01,1,4090,中性盘
1535,09:59:24,40.92,--,7,28644,买盘
1536,09:59:09,40.92,-0.03,11,45012,卖盘
1537,09:59:03,40.95,--,1,4095,卖盘
1538,09:58:57,40.95,--,10,40950,卖盘
1539,09:58:42,40.95,0.05,1,4095,买盘
1540,09:58:27,40.9,-0.05,5,20450,卖盘
1541,09:58:21,40.95,0.05,4,16380,买盘
1542,09:58:00,40.9,--,5,20450,买盘
1543,09:57:54,40.9,--,1,4090,买盘
1544,09:57:36,40.9,--,3,12270,买盘
1545,09:57:24,40.9,0.06,19,77710,买盘
1546,09:57:15,40.84,0.01,1,4084,卖盘
1547,09:56:42,40.83,--,11,44913,买盘
1548,09:56:39,40.83,--,9,36747,中性盘
1549,09:56:18,40.83,-0.06,9,36747,卖盘
1550,09:56:03,40.89,-0.01,5,20445,中性盘
1551,09:55:45,40.9,-0.05,1,4090,买盘
1552,09:55:33,40.95,-0.04,1,4095,卖盘
1553,09:55:27,40.99,0.16,2,8198,中性盘
1554,09:55:15,40.83,-0.07,3,12249,卖盘
1555,09:54:54,40.9,-0.1,7,28630,卖盘
1556,09:54:51,41.0,0.1,29,118900,买盘
1557,09:54:48,40.9,--,10,40900,卖盘
1558,09:54:42,40.9,0.07,11,44990,买盘
1559,09:54:36,40.83,--,2,8166,卖盘
1560,09:54:09,40.83,-0.02,1,4083,卖盘
1561,09:54:03,40.85,0.02,10,40850,买盘
1562,09:54:00,40.83,-0.02,1,4083,卖盘
1563,09:53:54,40.85,--,2,8170,买盘
1564,09:53:51,40.85,0.05,3,12255,买盘
1565,09:53:33,40.8,--,3,12240,卖盘
1566,09:53:27,40.8,0.05,40,163200,买盘
1567,09:53:06,40.75,--,1,4075,卖盘
1568,09:53:03,40.75,0.04,3,12225,买盘
1569,09:52:45,40.71,--,7,28497,买盘
1570,09:52:39,40.71,--,2,8142,买盘
1571,09:52:36,40.71,--,10,40710,买盘
1572,09:52:18,40.71,--,1,4071,买盘
1573,09:52:09,40.71,0.01,12,48852,买盘
1574,09:52:06,40.7,--,4,16280,卖盘
1575,09:51:54,40.7,0.04,53,215710,买盘
1576,09:51:48,40.66,--,20,81320,卖盘
1577,09:51:39,40.66,-0.03,67,272422,卖盘
1578,09:51:24,40.69,--,5,20345,买盘
1579,09:51:21,40.69,0.02,17,69173,买盘
1580,09:51:15,40.67,0.01,4,16268,中性盘
1581,09:51:03,40.66,--,11,44725,卖盘
1582,09:50:54,40.66,-0.03,1,4065,卖盘
1583,09:50:51,40.69,--,1,4069,买盘
1584,09:50:45,40.69,--,2,8138,中性盘
1585,09:50:39,40.69,--,7,28483,卖盘
1586,09:50:36,40.69,--,3,12207,卖盘
1587,09:50:30,40.69,0.03,3,12207,买盘
1588,09:50:27,40.66,-0.03,10,40660,卖盘
1589,09:50:21,40.69,--,2,8138,买盘
1590,09:50:18,40.69,0.03,3,12207,买盘
1591,09:50:12,40.66,--,2,8131,卖盘
1592,09:50:06,40.66,--,3,12197,卖盘
1593,09:49:57,40.66,0.01,11,44725,中性盘
1594,09:49:39,40.65,--,27,109755,卖盘
1595,09:49:36,40.65,--,15,60975,卖盘
1596,09:49:33,40.65,--,10,40650,卖盘
1597,09:49:27,40.65,--,6,24390,卖盘
1598,09:49:18,40.65,--,16,65040,卖盘
1599,09:49:15,40.65,--,8,32520,卖盘
1600,09:49:12,40.65,-0.01,9,36585,卖盘
1601,09:49:09,40.66,-0.01,27,109781,中性盘
1602,09:49:00,40.67,-0.02,9,36603,买盘
1603,09:48:57,40.69,-0.01,1,4069,卖盘
1604,09:48:54,40.7,--,5,20350,卖盘
1605,09:48:51,40.7,--,5,20350,卖盘
1606,09:48:45,40.7,--,35,142450,卖盘
1607,09:48:42,40.7,--,10,40700,卖盘
1608,09:48:39,40.7,--,40,162800,卖盘
1609,09:48:36,40.7,--,7,28490,卖盘
1610,09:48:30,40.7,--,20,81400,卖盘
1611,09:48:24,40.7,-0.04,5,20350,卖盘
1612,09:48:21,40.74,-0.01,2,8148,卖盘
1613,09:48:06,40.75,--,3,12225,卖盘
1614,09:48:03,40.75,-0.02,14,57050,卖盘
1615,09:48:00,40.77,0.02,1,4077,买盘
1616,09:47:57,40.75,--,81,330075,卖盘
1617,09:47:51,40.75,--,3,12225,卖盘
1618,09:47:48,40.75,--,1,4075,卖盘
1619,09:47:45,40.75,--,4,16300,卖盘
1620,09:47:39,40.75,-0.03,11,44825,卖盘
1621,09:47:36,40.78,--,5,20390,卖盘
1622,09:47:33,40.78,--,11,44858,卖盘
1623,09:47:30,40.78,--,20,81560,卖盘
1624,09:47:24,40.78,--,7,28546,卖盘
1625,09:47:21,40.78,--,10,40780,卖盘
1626,09:47:15,40.78,-0.02,5,20390,卖盘
1627,09:47:09,40.8,0.02,1,4079,中性盘
1628,09:47:06,40.78,-0.04,1,4078,卖盘
1629,09:47:00,40.82,0.04,9,36738,买盘
1630,09:46:54,40.78,-0.02,1,4078,卖盘
1631,09:46:51,40.8,0.02,1,4079,买盘
1632,09:46:48,40.78,--,41,167198,卖盘
1633,09:46:42,40.78,-0.02,4,16312,卖盘
1634,09:46:39,40.8,--,1,4079,卖盘
1635,09:46:36,40.8,--,9,36720,卖盘
1636,09:46:33,40.8,--,3,12240,卖盘
1637,09:46:24,40.8,--,1,4079,中性盘
1638,09:46:15,40.8,--,11,44880,买盘
1639,09:46:03,40.8,--,1,4079,买盘
1640,09:46:00,40.8,0.01,17,69360,买盘
1641,09:45:51,40.79,-0.01,3,12237,卖盘
1642,09:45:48,40.8,-0.01,7,28559,卖盘
1643,09:45:45,40.81,0.01,2,8162,买盘
1644,09:45:42,40.8,-0.01,7,28559,卖盘
1645,09:45:39,40.81,--,4,16324,买盘
1646,09:45:36,40.81,0.01,16,65296,买盘
1647,09:45:27,40.8,--,3,12240,卖盘
1648,09:45:21,40.8,0.01,2,8159,买盘
1649,09:45:18,40.79,--,15,61185,买盘
1650,09:45:12,40.79,0.01,7,28553,买盘
1651,09:45:03,40.78,--,5,20390,卖盘
1652,09:44:57,40.78,0.09,85,346630,买盘
1653,09:44:45,40.69,--,1,4069,卖盘
1654,09:44:42,40.69,0.01,20,81380,买盘
1655,09:44:39,40.68,-0.01,1,4068,卖盘
1656,09:44:36,40.69,0.04,5,20345,买盘
1657,09:44:00,40.65,--,2,8130,买盘
1658,09:43:54,40.65,0.02,1,4065,买盘
1659,09:43:51,40.63,0.03,1,4063,卖盘
1660,09:43:45,40.6,-0.02,149,605467,卖盘
1661,09:43:42,40.62,--,5,20310,卖盘
1662,09:43:30,40.62,--,5,20310,卖盘
1663,09:43:27,40.62,-0.03,1,4061,卖盘
1664,09:43:24,40.65,-0.04,5,20325,卖盘
1665,09:43:21,40.69,--,5,20345,买盘
1666,09:43:15,40.69,0.04,41,166829,中性盘
1667,09:43:12,40.65,-0.05,30,121950,卖盘
1668,09:43:03,40.7,--,6,24420,买盘
1669,09:43:00,40.7,-0.04,118,483800,卖盘
1670,09:42:57,40.74,-0.01,19,77406,卖盘
1671,09:42:54,40.75,--,1,4075,买盘
1672,09:42:51,40.75,-0.01,29,118175,卖盘
1673,09:42:48,40.76,--,7,28532,买盘
1674,09:42:45,40.76,-0.02,31,127171,卖盘
1675,09:42:36,40.78,0.01,1,4078,买盘
1676,09:42:33,40.77,0.01,2,8154,买盘
1677,09:42:24,40.76,-0.02,1,4076,卖盘
1678,09:42:18,40.78,--,10,40780,买盘
1679,09:42:09,40.78,--,28,117446,买盘
1680,09:42:06,40.78,--,6,24468,买盘
1681,09:42:03,40.78,0.02,2,8156,买盘
1682,09:42:00,40.76,-0.02,10,40760,卖盘
1683,09:41:57,40.78,--,6,24468,买盘
1684,09:41:54,40.78,--,5,20390,买盘
1685,09:41:48,40.78,--,2,8156,买盘
1686,09:41:45,40.78,0.02,6,24468,买盘
1687,09:41:42,40.76,--,3,12228,买盘
1688,09:41:39,40.76,-0.02,3,12228,卖盘
1689,09:41:36,40.78,0.02,6,24468,买盘
1690,09:41:24,40.76,-0.02,2,8152,卖盘
1691,09:41:21,40.78,0.02,5,20390,买盘
1692,09:41:18,40.76,0.01,2,8152,卖盘
1693,09:41:15,40.75,--,4,16300,卖盘
1694,09:41:12,40.75,--,2,8150,卖盘
1695,09:41:09,40.75,--,1,4075,卖盘
1696,09:41:00,40.75,--,1,4075,买盘
1697,09:40:54,40.75,--,10,40750,买盘
1698,09:40:48,40.75,--,5,20375,买盘
1699,09:40:45,40.75,-0.01,1,4075,中性盘
1700,09:40:39,40.76,--,1,4076,买盘
1701,09:40:30,40.76,0.01,9,36684,买盘
1702,09:40:27,40.75,-0.01,2,8150,中性盘
1703,09:40:18,40.76,-0.02,3,12228,中性盘
1704,09:40:06,40.78,0.07,8,32624,买盘
1705,09:40:03,40.71,-0.07,12,49381,卖盘
1706,09:39:57,40.78,--,1,4078,买盘
1707,09:39:51,40.78,--,13,53014,买盘
1708,09:39:48,40.78,--,5,20390,买盘
1709,09:39:45,40.78,-0.02,41,167198,卖盘
1710,09:39:42,40.8,--,20,81600,买盘
1711,09:39:39,40.8,--,1,4079,买盘
1712,09:39:36,40.8,--,1,4079,买盘
1713,09:39:30,40.8,--,5,20400,买盘
1714,09:39:27,40.8,--,6,24480,买盘
1715,09:39:24,40.8,-0.01,20,81681,卖盘
1716,09:39:21,40.81,--,1,4081,卖盘
1717,09:39:09,40.81,--,11,44891,卖盘
1718,09:39:06,40.81,--,5,20405,卖盘
1719,09:39:03,40.81,-0.02,4,16324,卖盘
1720,09:39:00,40.83,0.03,1,4083,买盘
1721,09:38:51,40.8,-0.03,2,8159,卖盘
1722,09:38:48,40.83,-0.02,8,32664,卖盘
1723,09:38:42,40.85,--,27,110295,买盘
1724,09:38:36,40.85,--,2,8170,买盘
1725,09:38:33,40.85,--,2,8170,买盘
1726,09:38:27,40.85,0.05,9,36765,买盘
1727,09:38:24,40.8,-0.05,22,89760,卖盘
1728,09:38:18,40.85,-0.01,2,8170,买盘
1729,09:38:06,40.86,--,41,167526,买盘
1730,09:38:03,40.86,0.06,5,20430,买盘
1731,09:37:54,40.8,-0.06,168,685440,卖盘
1732,09:37:51,40.86,-0.01,7,28602,中性盘
1733,09:37:36,40.87,0.01,21,85827,买盘
1734,09:37:33,40.86,-0.01,15,61290,卖盘
1735,09:37:30,40.87,0.01,1,4086,买盘
1736,09:37:27,40.86,--,7,28602,买盘
1737,09:37:15,40.86,0.01,1,4086,买盘
1738,09:36:48,40.85,-0.02,17,69445,卖盘
1739,09:36:39,40.87,--,7,28609,卖盘
1740,09:36:33,40.87,-0.01,8,32695,卖盘
1741,09:36:30,40.88,0.01,2,8176,买盘
1742,09:36:21,40.87,-0.01,2,8173,卖盘
1743,09:36:15,40.88,-0.01,1,4088,卖盘
1744,09:36:12,40.89,0.01,3,12267,买盘
1745,09:36:06,40.88,--,6,24528,卖盘
1746,09:36:03,40.88,-0.02,4,16352,卖盘
1747,09:36:00,40.9,--,1,4090,买盘
1748,09:35:42,40.9,-0.01,16,65440,卖盘
1749,09:35:33,40.91,-0.01,6,24545,卖盘
1750,09:35:27,40.92,--,1,4092,卖盘
1751,09:35:24,40.92,-0.01,1,4092,卖盘
1752,09:35:12,40.93,--,3,12279,买盘
1753,09:35:06,40.93,--,5,20465,买盘
1754,09:35:00,40.93,-0.07,2,8186,卖盘
1755,09:34:57,41.0,0.07,22,90200,买盘
1756,09:34:54,40.93,--,1,4093,卖盘
1757,09:34:51,40.93,-0.07,2,8186,卖盘
1758,09:34:42,41.0,--,5,20500,买盘
1759,09:34:39,41.0,--,10,41000,买盘
1760,09:34:33,41.0,--,21,86100,买盘
1761,09:34:30,41.0,--,2,8200,买盘
1762,09:34:24,41.0,--,7,28700,卖盘
1763,09:34:21,41.0,--,1,4100,中性盘
1764,09:34:18,41.0,--,1,4100,卖盘
1765,09:34:15,41.0,0.07,20,82000,买盘
1766,09:34:09,40.93,0.01,6,24558,中性盘
1767,09:34:03,40.92,--,3,12276,卖盘
1768,09:33:54,40.92,-0.08,1,4092,卖盘
1769,09:33:45,41.0,--,4,16400,卖盘
1770,09:33:42,41.0,--,1,4100,卖盘
1771,09:33:39,41.0,--,7,28700,卖盘
1772,09:33:36,41.0,0.08,5,20500,买盘
1773,09:33:24,40.92,-0.08,10,40920,卖盘
1774,09:33:21,41.0,--,2,8200,买盘
1775,09:33:15,41.0,--,5,20500,买盘
1776,09:33:06,41.0,--,9,36900,买盘
1777,09:33:03,41.0,--,1,4100,买盘
1778,09:32:57,41.0,--,3,12300,买盘
1779,09:32:54,41.0,--,2,8200,买盘
1780,09:32:51,41.0,0.08,13,53300,买盘
1781,09:32:48,40.92,--,2,8184,买盘
1782,09:32:45,40.92,--,5,20460,卖盘
1783,09:32:39,40.92,-0.33,5,20460,卖盘
1784,09:32:30,41.25,--,2,8250,买盘
1785,09:32:21,41.25,0.25,6,24750,买盘
1786,09:32:18,41.0,--,2,8200,卖盘
1787,09:32:15,41.0,0.15,1,4100,中性盘
1788,09:32:06,40.85,--,10,40850,卖盘
1789,09:32:03,40.85,-0.15,29,120507,卖盘
1790,09:32:00,41.0,0.16,4,16400,买盘
1791,09:31:45,40.84,--,20,81680,买盘
1792,09:31:42,40.84,--,5,20420,买盘
1793,09:31:33,40.84,-0.06,25,102100,卖盘
1794,09:31:27,40.9,--,5,20450,卖盘
1795,09:31:24,40.9,0.09,10,40900,买盘
1796,09:31:18,40.81,-0.01,6,24486,卖盘
1797,09:31:15,40.82,-0.02,3,12246,卖盘
1798,09:31:09,40.84,0.04,3,12252,买盘
1799,09:31:03,40.8,--,53,216239,卖盘
1800,09:30:57,40.8,--,27,114158,卖盘
1801,09:30:54,40.8,-0.1,23,93840,卖盘
1802,09:30:51,40.9,--,30,122700,买盘
1803,09:30:48,40.9,0.06,8,32720,买盘
1804,09:30:45,40.84,-0.06,1,4084,卖盘
1805,09:30:39,40.9,0.06,12,49080,买盘
1806,09:30:36,40.84,-0.46,9,36756,卖盘
1807,09:30:24,41.3,--,1,4130,卖盘
1808,09:30:09,41.3,0.3,5,20650,卖盘
1809,09:30:06,41.0,-0.34,62,254200,卖盘
1810,09:30:03,41.34,-0.01,73,301782,中性盘
1811,09:30:00,41.35,--,0,0,买盘
1812,09:25:03,41.35,41.35,68,281180,买盘
