,time,price,change,volume,amount,type
0,15:00:00,30.62,--,0,0,卖盘
1,15:00:00,30.62,-0.02,14,42868,卖盘
2,14:59:59,30.64,--,4,13328,买盘
3,14:59:54,30.64,0.01,2,6128,买盘
4,14:59:48,30.63,--,70,214410,买盘
5,14:59:44,30.63,--,61,186843,买盘
6,14:59:39,30.63,--,48,147024,买盘
7,14:59:33,30.63,--,8,24504,买盘
8,14:59:29,30.63,--,6,18378,买盘
9,14:59:24,30.63,--,18,55134,买盘
10,14:59:18,30.63,0.03,15,45945,买盘
11,14:59:14,30.6,0.01,5,16860,买盘
12,14:59:09,30.59,-0.01,103,315077,卖盘
13,14:59:03,30.6,--,69,211140,买盘
14,14:58:59,30.6,--,38,116280,买盘
15,14:58:54,30.6,--,81,247860,买盘
16,14:58:48,30.6,--,47,143820,买盘
17,14:58:44,30.6,--,20,61200,买盘
18,14:58:39,30.6,--,103,315180,买盘
19,14:58:33,30.6,-0.04,589,1802340,卖盘
20,14:58:29,30.64,--,1,3064,卖盘
21,14:58:24,30.64,--,154,471856,买盘
22,14:58:18,30.64,--,161,493304,买盘
23,14:58:13,30.64,--,12,36768,买盘
24,14:58:09,30.64,--,43,131752,买盘
25,14:58:03,30.64,0.01,48,147072,买盘
26,14:57:59,30.63,--,12,36756,卖盘
27,14:57:54,30.63,--,217,664671,买盘
28,14:57:48,30.63,--,66,202158,买盘
29,14:57:44,30.63,--,13,39819,买盘
30,14:57:38,30.63,--,19,58197,买盘
31,14:57:33,30.63,--,43,131709,买盘
32,14:57:29,30.63,--,31,94953,买盘
33,14:57:24,30.63,--,94,287922,买盘
34,14:57:18,30.63,--,92,281796,买盘
35,14:57:13,30.63,--,50,153150,买盘
36,14:57:09,30.63,--,126,385938,买盘
37,14:57:03,30.63,--,61,186843,买盘
38,14:56:58,30.63,-0.01,23,70449,买盘
39,14:56:53,30.64,0.03,8,24512,中性盘
40,14:56:48,30.61,-0.04,55,168355,卖盘
41,14:56:43,30.65,0.02,22,67430,买盘
42,14:56:38,30.63,0.02,10,30630,中性盘
43,14:56:33,30.61,0.01,15,48302,买盘
44,14:56:28,30.6,--,37,113220,买盘
45,14:56:23,30.6,-0.05,467,1429693,卖盘
46,14:56:18,30.65,--,20,61300,买盘
47,14:56:13,30.65,0.04,34,104210,买盘
48,14:56:08,30.61,-0.04,12,36732,卖盘
49,14:56:03,30.65,--,22,67430,买盘
50,14:55:58,30.65,--,12,36780,买盘
51,14:55:53,30.65,--,386,1183181,买盘
52,14:55:48,30.65,0.11,101,311863,买盘
53,14:55:43,30.54,-0.08,125,381750,卖盘
54,14:55:38,30.62,0.02,314,961468,买盘
55,14:55:33,30.6,--,167,511020,买盘
56,14:55:28,30.6,--,20,61200,买盘
57,14:55:23,30.6,--,28,85680,买盘
58,14:55:18,30.6,0.06,185,566100,买盘
59,14:55:13,30.54,-0.05,40,122160,卖盘
60,14:55:08,30.59,-0.01,23,70357,中性盘
61,14:55:03,30.6,--,19,58140,买盘
62,14:54:58,30.6,--,91,278460,买盘
63,14:54:53,30.6,--,10,30600,买盘
64,14:54:48,30.6,--,17,52020,买盘
65,14:54:43,30.6,-0.01,16,48960,卖盘
66,14:54:38,30.61,--,337,1031557,买盘
67,14:54:33,30.61,0.01,28,85708,买盘
68,14:54:28,30.6,-0.02,5,15300,卖盘
69,14:54:23,30.62,0.01,40,122480,买盘
70,14:54:18,30.61,-0.01,144,440784,卖盘
71,14:54:13,30.62,0.01,1,3062,买盘
72,14:54:08,30.61,--,23,70403,买盘
73,14:54:03,30.61,-0.03,23,70403,卖盘
74,14:53:58,30.64,0.02,14,42896,买盘
75,14:53:53,30.62,0.01,38,116356,中性盘
76,14:53:48,30.61,-0.03,28,85708,卖盘
77,14:53:43,30.64,0.03,8,24512,买盘
78,14:53:38,30.61,-0.03,116,355076,卖盘
79,14:53:33,30.64,-0.01,70,214480,卖盘
80,14:53:28,30.65,0.01,34,104210,买盘
81,14:53:23,30.64,--,18,55152,卖盘
82,14:53:18,30.64,--,49,150136,卖盘
83,14:53:12,30.64,--,26,79664,买盘
84,14:53:08,30.64,0.01,134,410576,买盘
85,14:53:03,30.63,--,73,223599,卖盘
86,14:52:57,30.63,--,9,27567,卖盘
87,14:52:53,30.63,-0.01,41,125583,卖盘
88,14:52:48,30.64,0.01,27,85761,买盘
89,14:52:38,30.63,--,8,24504,卖盘
90,14:52:33,30.63,-0.02,107,327741,卖盘
91,14:52:27,30.65,0.02,160,490400,买盘
92,14:52:23,30.63,-0.01,99,303237,卖盘
93,14:52:18,30.64,--,19,58216,买盘
94,14:52:12,30.64,0.01,37,113368,买盘
95,14:52:08,30.63,-0.01,49,150087,卖盘
96,14:52:03,30.64,0.01,6,18384,买盘
97,14:51:57,30.63,-0.01,9,27567,卖盘
98,14:51:53,30.64,-0.01,2,6128,卖盘
99,14:51:48,30.65,0.02,24,73560,买盘
100,14:51:42,30.63,-0.02,26,79638,卖盘
101,14:51:38,30.65,--,10,30650,买盘
102,14:51:33,30.65,--,82,251330,买盘
103,14:51:27,30.65,--,16,49040,买盘
104,14:51:23,30.65,0.01,34,104210,买盘
105,14:51:18,30.64,-0.01,23,70472,卖盘
106,14:51:12,30.65,--,2,6130,买盘
107,14:51:08,30.65,--,226,692690,买盘
108,14:51:03,30.65,--,79,242135,买盘
109,14:50:57,30.65,--,28,85820,买盘
110,14:50:53,30.65,0.01,4,12260,买盘
111,14:50:48,30.64,--,24,73536,卖盘
112,14:50:42,30.64,--,21,64344,卖盘
113,14:50:38,30.64,--,7,21448,卖盘
114,14:50:33,30.64,-0.01,79,242056,卖盘
115,14:50:27,30.65,--,27,82755,买盘
116,14:50:23,30.65,0.01,6,18390,买盘
117,14:50:18,30.64,-0.01,8,24512,卖盘
118,14:50:12,30.65,--,315,965475,买盘
119,14:50:08,30.65,0.01,11,33715,买盘
120,14:50:03,30.64,--,68,208352,卖盘
121,14:49:57,30.64,--,33,101112,卖盘
122,14:49:53,30.64,--,6,18384,卖盘
123,14:49:48,30.64,-0.01,89,272696,卖盘
124,14:49:42,30.65,0.01,21,64365,买盘
125,14:49:37,30.64,--,57,174648,卖盘
126,14:49:33,30.64,-0.01,62,189968,卖盘
127,14:49:27,30.65,0.01,79,242135,买盘
128,14:49:17,30.64,-0.01,37,113368,卖盘
129,14:49:12,30.65,0.01,14,42910,买盘
130,14:49:08,30.64,--,47,144008,买盘
131,14:49:02,30.64,--,27,82728,卖盘
132,14:48:57,30.64,-0.01,45,137880,卖盘
133,14:48:52,30.65,--,38,116470,卖盘
134,14:48:47,30.65,--,20,61300,卖盘
135,14:48:42,30.65,--,14,42910,买盘
136,14:48:37,30.65,--,30,91950,买盘
137,14:48:32,30.65,--,48,147120,买盘
138,14:48:27,30.65,--,11,33715,买盘
139,14:48:22,30.65,0.02,23,70495,买盘
140,14:48:17,30.63,-0.02,22,67386,卖盘
141,14:48:12,30.65,0.03,48,147120,买盘
142,14:48:07,30.62,-0.01,18,55116,卖盘
143,14:48:02,30.63,-0.02,31,94953,中性盘
144,14:47:57,30.65,0.02,128,392320,买盘
145,14:47:52,30.63,0.01,5,15315,买盘
146,14:47:47,30.62,-0.01,11,33682,卖盘
147,14:47:42,30.63,-0.03,26,79638,卖盘
148,14:47:37,30.66,0.02,12,36792,买盘
149,14:47:32,30.64,--,13,39832,卖盘
150,14:47:27,30.64,--,10,30640,买盘
151,14:47:22,30.64,--,19,58216,买盘
152,14:47:17,30.64,-0.02,31,94984,卖盘
153,14:47:12,30.66,0.02,10,30660,买盘
154,14:47:07,30.64,-0.02,31,94984,卖盘
155,14:47:02,30.66,--,50,153300,买盘
156,14:46:57,30.66,-0.01,138,423108,卖盘
157,14:46:52,30.67,--,10,30670,卖盘
158,14:46:47,30.67,--,34,104278,买盘
159,14:46:42,30.67,--,4,12268,买盘
160,14:46:37,30.67,--,13,39871,买盘
161,14:46:32,30.67,--,35,107345,卖盘
162,14:46:27,30.67,-0.01,8,24536,卖盘
163,14:46:21,30.68,--,4,12272,买盘
164,14:46:17,30.68,--,101,309868,卖盘
165,14:46:12,30.68,--,20,61360,卖盘
166,14:46:06,30.68,-0.01,9,27612,卖盘
167,14:46:02,30.69,--,5,15345,买盘
168,14:45:56,30.69,-0.01,49,150381,卖盘
169,14:45:51,30.7,--,3,9210,买盘
170,14:45:47,30.7,--,22,67540,买盘
171,14:45:42,30.7,--,44,135080,买盘
172,14:45:36,30.7,--,9,27630,买盘
173,14:45:32,30.7,--,59,181130,买盘
174,14:45:26,30.7,--,64,196480,卖盘
175,14:45:21,30.7,-0.02,5,15350,卖盘
176,14:45:17,30.72,0.02,10,30720,买盘
177,14:45:06,30.7,0.01,47,144290,买盘
178,14:45:02,30.69,--,18,55242,卖盘
179,14:44:57,30.69,-0.01,11,33759,卖盘
180,14:44:51,30.7,--,3,9210,买盘
181,14:44:47,30.7,0.01,23,70610,买盘
182,14:44:41,30.69,--,16,49104,买盘
183,14:44:36,30.69,--,72,220968,买盘
184,14:44:32,30.69,--,1,3069,买盘
185,14:44:27,30.69,0.01,34,104346,买盘
186,14:44:21,30.68,--,5,15340,卖盘
187,14:44:17,30.68,--,49,150332,买盘
188,14:44:11,30.68,0.01,20,61360,买盘
189,14:44:06,30.67,-0.01,25,76675,卖盘
190,14:44:02,30.68,0.01,10,30680,买盘
191,14:43:56,30.67,0.01,21,64407,买盘
192,14:43:46,30.66,0.01,57,174762,买盘
193,14:43:41,30.65,0.01,118,361670,买盘
194,14:43:36,30.64,--,14,42896,买盘
195,14:43:32,30.64,0.01,5,15320,中性盘
196,14:43:26,30.63,--,32,98016,卖盘
197,14:43:21,30.63,--,2,6126,卖盘
198,14:43:17,30.63,--,9,27567,卖盘
199,14:43:12,30.63,--,1,3063,卖盘
200,14:43:06,30.63,0.01,100,306300,买盘
201,14:43:02,30.62,-0.01,24,73488,卖盘
202,14:42:56,30.63,0.01,109,333867,买盘
203,14:42:51,30.62,0.01,42,128604,买盘
204,14:42:47,30.61,--,28,85708,卖盘
205,14:42:41,30.61,-0.01,9,27549,卖盘
206,14:42:36,30.62,0.01,13,39806,买盘
207,14:42:26,30.61,--,9,27549,卖盘
208,14:42:21,30.61,0.01,56,171416,买盘
209,14:42:17,30.6,-0.02,18,55080,卖盘
210,14:42:11,30.62,0.01,6,18372,买盘
211,14:42:06,30.61,-0.01,64,195904,卖盘
212,14:42:02,30.62,--,2,6124,卖盘
213,14:41:56,30.62,0.01,88,269456,买盘
214,14:41:51,30.61,-0.01,199,609139,卖盘
215,14:41:47,30.62,--,10,30620,买盘
216,14:41:41,30.62,0.01,4,12248,买盘
217,14:41:36,30.61,-0.01,19,58159,卖盘
218,14:41:31,30.62,--,11,33682,卖盘
219,14:41:26,30.62,-0.01,36,110232,卖盘
220,14:41:21,30.63,0.01,35,107205,买盘
221,14:41:17,30.62,--,43,131666,卖盘
222,14:41:11,30.62,--,9,27558,卖盘
223,14:41:06,30.62,-0.02,6,18372,卖盘
224,14:40:56,30.64,--,88,269632,买盘
225,14:40:51,30.64,--,17,52088,买盘
226,14:40:46,30.64,0.02,7,21448,买盘
227,14:40:41,30.62,--,10,30620,卖盘
228,14:40:36,30.62,-0.03,61,186782,卖盘
229,14:40:31,30.65,0.02,1,3065,买盘
230,14:40:26,30.63,0.01,11,33693,中性盘
231,14:40:16,30.62,-0.03,9,27558,卖盘
232,14:40:11,30.65,--,23,70495,买盘
233,14:40:06,30.65,0.02,3,9195,买盘
234,14:40:01,30.63,--,2,6126,卖盘
235,14:39:56,30.63,-0.02,77,235851,卖盘
236,14:39:51,30.65,0.02,33,101145,卖盘
237,14:39:46,30.63,-0.01,11,33693,卖盘
238,14:39:41,30.64,--,7,21448,买盘
239,14:39:36,30.64,--,33,101112,卖盘
240,14:39:31,30.64,--,7,21448,卖盘
241,14:39:26,30.64,0.01,9,27576,中性盘
242,14:39:20,30.63,-0.01,26,79638,卖盘
243,14:39:16,30.64,--,6,18384,卖盘
244,14:39:11,30.64,--,1,3064,卖盘
245,14:39:05,30.64,0.01,20,61280,卖盘
246,14:39:01,30.63,--,0,0,卖盘
247,14:38:56,30.63,--,19,58197,卖盘
248,14:38:50,30.63,--,57,174591,买盘
249,14:38:45,30.63,--,31,94953,买盘
250,14:38:41,30.63,0.01,9,27567,买盘
251,14:38:35,30.62,-0.01,14,42868,卖盘
252,14:38:30,30.63,--,6,18378,买盘
253,14:38:26,30.63,-0.02,3,9189,买盘
254,14:38:20,30.65,0.02,15,45975,买盘
255,14:38:15,30.63,-0.02,13,39819,卖盘
256,14:38:11,30.65,--,56,171640,买盘
257,14:38:05,30.65,--,47,144055,买盘
258,14:38:00,30.65,0.03,17,52105,买盘
259,14:37:56,30.62,-0.04,52,159224,卖盘
260,14:37:50,30.66,0.03,19,58254,买盘
261,14:37:45,30.63,--,6,18378,卖盘
262,14:37:41,30.63,--,3,9189,卖盘
263,14:37:35,30.63,-0.02,6,18378,卖盘
264,14:37:30,30.65,0.02,5,15325,中性盘
265,14:37:26,30.63,-0.06,6,18378,卖盘
266,14:37:20,30.69,0.09,11,33759,买盘
267,14:37:15,30.6,-0.02,200,612000,卖盘
268,14:37:11,30.62,-0.01,103,315386,卖盘
269,14:37:05,30.63,-0.01,19,58197,中性盘
270,14:37:00,30.64,0.01,43,131752,买盘
271,14:36:56,30.63,-0.01,8,24504,卖盘
272,14:36:50,30.64,0.02,5,15320,买盘
273,14:36:45,30.62,-0.03,9,27558,卖盘
274,14:36:35,30.65,--,22,67430,买盘
275,14:36:30,30.65,0.03,12,36780,买盘
276,14:36:25,30.62,-0.03,10,30620,卖盘
277,14:36:20,30.65,0.02,4,12260,买盘
278,14:36:15,30.63,-0.02,30,91890,买盘
279,14:36:11,30.65,-0.02,4,12260,卖盘
280,14:36:05,30.67,0.02,12,36804,中性盘
281,14:36:00,30.65,-0.01,106,324890,卖盘
282,14:35:56,30.66,--,14,42924,卖盘
283,14:35:50,30.66,--,0,0,中性盘
284,14:35:45,30.66,0.01,13,39858,买盘
285,14:35:40,30.65,--,5,15325,买盘
286,14:35:35,30.65,-0.05,5,15325,卖盘
287,14:35:30,30.7,0.05,16,49120,买盘
288,14:35:25,30.65,--,55,168575,卖盘
289,14:35:15,30.65,-0.04,208,637520,卖盘
290,14:35:05,30.69,-0.01,49,150381,卖盘
291,14:35:00,30.7,--,168,515760,卖盘
292,14:34:55,30.7,-0.01,10,30700,卖盘
293,14:34:50,30.71,--,29,89059,卖盘
294,14:34:45,30.71,-0.01,37,113627,卖盘
295,14:34:40,30.72,--,20,61440,买盘
296,14:34:35,30.72,0.01,20,61440,买盘
297,14:34:30,30.71,--,2,6142,卖盘
298,14:34:25,30.71,--,6,18426,卖盘
299,14:34:20,30.71,--,16,49136,卖盘
300,14:34:15,30.71,-0.01,8,24568,中性盘
301,14:34:10,30.72,0.02,10,30720,买盘
302,14:34:05,30.7,--,8,24560,卖盘
303,14:34:00,30.7,-0.05,11,33770,卖盘
304,14:33:55,30.75,0.03,362,1113150,买盘
305,14:33:50,30.72,--,159,488448,卖盘
306,14:33:45,30.72,-0.01,24,73728,卖盘
307,14:33:40,30.73,-0.01,10,30730,卖盘
308,14:33:35,30.74,0.01,14,43036,中性盘
309,14:33:25,30.73,--,6,18438,卖盘
310,14:33:20,30.73,-0.02,46,141358,卖盘
311,14:33:15,30.75,0.02,22,67650,买盘
312,14:33:10,30.73,-0.02,2,6146,卖盘
313,14:33:05,30.75,0.02,21,64575,买盘
314,14:33:00,30.73,--,50,153650,卖盘
315,14:32:55,30.73,--,8,24584,卖盘
316,14:32:45,30.73,-0.02,29,89117,卖盘
317,14:32:40,30.75,0.02,2,6150,中性盘
318,14:32:35,30.73,--,28,86044,卖盘
319,14:32:30,30.73,-0.03,56,172088,卖盘
320,14:32:25,30.76,--,6,18456,卖盘
321,14:32:20,30.76,--,33,101508,卖盘
322,14:32:15,30.76,--,13,39988,卖盘
323,14:32:10,30.76,--,2,6152,卖盘
324,14:32:05,30.76,0.04,98,301448,买盘
325,14:31:59,30.72,-0.01,165,506880,卖盘
326,14:31:55,30.73,-0.03,14,43022,卖盘
327,14:31:50,30.76,0.04,2,6152,买盘
328,14:31:45,30.72,-0.03,18,55296,卖盘
329,14:31:35,30.75,0.03,153,470475,买盘
330,14:31:30,30.72,--,3,9216,卖盘
331,14:31:24,30.72,--,6,18432,卖盘
332,14:31:20,30.72,-0.04,34,104448,卖盘
333,14:31:14,30.76,--,21,64596,买盘
334,14:31:05,30.76,--,15,46140,卖盘
335,14:30:59,30.76,--,3,9228,卖盘
336,14:30:54,30.76,--,17,52292,卖盘
337,14:30:50,30.76,0.04,7,21532,买盘
338,14:30:44,30.72,--,31,95232,卖盘
339,14:30:39,30.72,-0.01,102,313344,卖盘
340,14:30:35,30.73,-0.03,32,98336,卖盘
341,14:30:29,30.76,0.03,5,15380,买盘
342,14:30:24,30.73,-0.03,12,36876,卖盘
343,14:30:20,30.76,0.03,17,52292,买盘
344,14:30:14,30.73,0.01,13,39949,买盘
345,14:30:09,30.72,--,7,21504,卖盘
346,14:30:05,30.72,-0.02,66,202752,卖盘
347,14:29:59,30.74,0.01,85,261290,买盘
348,14:29:54,30.73,--,42,129066,卖盘
349,14:29:44,30.73,-0.01,10,30730,卖盘
350,14:29:39,30.74,0.01,9,27666,买盘
351,14:29:35,30.73,-0.01,12,36876,卖盘
352,14:29:29,30.74,0.01,8,24592,买盘
353,14:29:24,30.73,-0.01,26,79898,卖盘
354,14:29:20,30.74,0.01,2,6148,买盘
355,14:29:14,30.73,-0.01,11,33803,卖盘
356,14:29:09,30.74,--,51,157296,卖盘
357,14:29:05,30.74,--,3,9222,卖盘
358,14:28:59,30.74,-0.01,56,172144,卖盘
359,14:28:54,30.75,0.01,7,21525,中性盘
360,14:28:44,30.74,--,15,46110,卖盘
361,14:28:39,30.74,--,16,49184,卖盘
362,14:28:35,30.74,--,3,9222,卖盘
363,14:28:29,30.74,--,0,0,卖盘
364,14:28:24,30.74,--,6,18444,卖盘
365,14:28:20,30.74,--,2,6148,卖盘
366,14:28:14,30.74,-0.04,60,184440,卖盘
367,14:28:09,30.78,-0.01,210,647919,卖盘
368,14:28:04,30.79,0.03,22,67738,中性盘
369,14:27:59,30.76,-0.02,220,676720,卖盘
370,14:27:54,30.78,-0.02,35,107730,卖盘
371,14:27:44,30.8,0.02,23,70840,买盘
372,14:27:39,30.78,-0.02,20,61560,卖盘
373,14:27:34,30.8,--,2,6160,买盘
374,14:27:29,30.8,0.02,6,18480,买盘
375,14:27:24,30.78,-0.02,10,30780,卖盘
376,14:27:19,30.8,0.02,456,1404480,买盘
377,14:27:14,30.78,--,16,49248,卖盘
378,14:27:09,30.78,-0.01,29,89262,卖盘
379,14:27:04,30.79,--,30,92370,卖盘
380,14:26:59,30.79,--,28,86212,卖盘
381,14:26:54,30.79,0.01,53,163187,买盘
382,14:26:49,30.78,--,4,12312,卖盘
383,14:26:44,30.78,--,49,150822,卖盘
384,14:26:39,30.78,--,6,18468,卖盘
385,14:26:34,30.78,--,44,135432,卖盘
386,14:26:29,30.78,0.01,5,15390,卖盘
387,14:26:24,30.77,-0.01,10,30770,中性盘
388,14:26:19,30.78,0.02,2,6156,买盘
389,14:26:14,30.76,-0.03,14,43064,卖盘
390,14:26:09,30.79,0.03,11,33869,买盘
391,14:26:04,30.76,--,0,0,卖盘
392,14:25:59,30.76,--,77,236852,卖盘
393,14:25:54,30.76,--,6,18456,卖盘
394,14:25:49,30.76,--,23,70748,卖盘
395,14:25:44,30.76,--,78,239928,卖盘
396,14:25:39,30.76,-0.02,54,167119,卖盘
397,14:25:34,30.78,--,136,418608,买盘
398,14:25:29,30.78,0.02,11,33858,买盘
399,14:25:24,30.76,-0.01,27,83052,卖盘
400,14:25:19,30.77,-0.01,6,18462,中性盘
401,14:25:14,30.78,0.02,115,353970,买盘
402,14:25:09,30.76,-0.01,11,33836,卖盘
403,14:25:04,30.77,0.01,10,30770,中性盘
404,14:24:59,30.76,--,26,79976,卖盘
405,14:24:54,30.76,-0.01,8,24608,卖盘
406,14:24:49,30.77,--,12,36924,买盘
407,14:24:44,30.77,--,13,40001,买盘
408,14:24:39,30.77,--,19,58463,买盘
409,14:24:34,30.77,-0.01,16,49232,卖盘
410,14:24:29,30.78,0.02,11,33858,买盘
411,14:24:24,30.76,--,66,203016,卖盘
412,14:24:19,30.76,--,0,0,卖盘
413,14:24:14,30.76,-0.02,30,92280,卖盘
414,14:24:08,30.78,0.02,9,27702,买盘
415,14:23:59,30.76,-0.02,17,52292,卖盘
416,14:23:53,30.78,0.02,58,178524,买盘
417,14:23:44,30.76,--,9,27684,卖盘
418,14:23:38,30.76,--,7,21532,卖盘
419,14:23:29,30.76,--,3,9228,卖盘
420,14:23:23,30.76,-0.01,21,64596,卖盘
421,14:23:18,30.77,0.01,1,3077,中性盘
422,14:23:14,30.76,--,25,76900,卖盘
423,14:23:08,30.76,--,42,129192,卖盘
424,14:23:03,30.76,-0.02,2,6152,卖盘
425,14:22:59,30.78,0.02,7,21546,买盘
426,14:22:53,30.76,-0.02,6,18456,卖盘
427,14:22:48,30.78,0.01,4,12312,买盘
428,14:22:44,30.77,-0.01,6,18462,卖盘
429,14:22:38,30.78,--,13,40014,买盘
430,14:22:33,30.78,--,195,600210,卖盘
431,14:22:23,30.78,--,28,86184,卖盘
432,14:22:18,30.78,--,9,27702,卖盘
433,14:22:08,30.78,0.01,10,30780,卖盘
434,14:22:03,30.77,--,9,27693,卖盘
435,14:21:59,30.77,--,38,116926,卖盘
436,14:21:53,30.77,--,19,58463,卖盘
437,14:21:48,30.77,--,6,18462,卖盘
438,14:21:38,30.77,--,14,43078,卖盘
439,14:21:33,30.77,-0.01,3,9231,卖盘
440,14:21:28,30.78,0.01,28,86184,买盘
441,14:21:23,30.77,0.01,6,18462,卖盘
442,14:21:18,30.76,-0.01,16,49216,卖盘
443,14:21:14,30.77,-0.01,3,9231,中性盘
444,14:21:08,30.78,0.02,86,264708,买盘
445,14:21:03,30.76,--,19,58444,卖盘
446,14:20:58,30.76,--,21,64596,卖盘
447,14:20:53,30.76,-0.01,6,18456,卖盘
448,14:20:48,30.77,0.01,34,104618,买盘
449,14:20:38,30.76,--,12,36912,买盘
450,14:20:33,30.76,--,6,18456,卖盘
451,14:20:23,30.76,--,6,18456,卖盘
452,14:20:18,30.76,-0.02,10,30760,卖盘
453,14:20:08,30.78,0.04,93,286254,买盘
454,14:20:03,30.74,-0.01,36,110664,卖盘
455,14:19:58,30.75,-0.01,26,79950,卖盘
456,14:19:53,30.76,0.01,14,43064,买盘
457,14:19:48,30.75,--,8,24600,买盘
458,14:19:43,30.75,0.01,34,104550,买盘
459,14:19:38,30.74,-0.01,8,24592,卖盘
460,14:19:33,30.75,0.01,13,39975,中性盘
461,14:19:28,30.74,--,7,21518,卖盘
462,14:19:23,30.74,-0.01,25,76850,卖盘
463,14:19:18,30.75,--,63,193725,卖盘
464,14:19:08,30.75,--,22,67650,卖盘
465,14:19:03,30.75,--,3,9225,卖盘
466,14:18:58,30.75,--,24,73800,卖盘
467,14:18:53,30.75,--,8,24600,卖盘
468,14:18:48,30.75,-0.02,12,36900,卖盘
469,14:18:43,30.77,--,5,15385,卖盘
470,14:18:38,30.77,--,69,212313,买盘
471,14:18:33,30.77,-0.01,12,36924,中性盘
472,14:18:28,30.78,0.03,3,9234,买盘
473,14:18:23,30.75,-0.03,20,61500,卖盘
474,14:18:18,30.78,0.03,8,24624,买盘
475,14:18:13,30.75,--,17,52275,卖盘
476,14:18:08,30.75,-0.03,41,126075,卖盘
477,14:18:03,30.78,0.02,4,12312,买盘
478,14:17:58,30.76,--,30,92280,卖盘
479,14:17:53,30.76,--,29,89204,卖盘
480,14:17:48,30.76,-0.02,17,52292,卖盘
481,14:17:43,30.78,--,0,0,买盘
482,14:17:38,30.78,0.03,9,27702,买盘
483,14:17:33,30.75,--,3,9225,卖盘
484,14:17:23,30.75,--,6,18450,卖盘
485,14:17:18,30.75,-0.03,17,52275,卖盘
486,14:17:08,30.78,0.03,56,172368,买盘
487,14:17:03,30.75,--,0,0,卖盘
488,14:16:58,30.75,--,58,178350,卖盘
489,14:16:53,30.75,--,35,107625,卖盘
490,14:16:48,30.75,--,62,190650,买盘
491,14:16:43,30.75,--,2,6150,买盘
492,14:16:38,30.75,-0.07,50,153750,卖盘
493,14:16:33,30.82,0.02,61,188002,买盘
494,14:16:23,30.8,-0.02,76,234080,卖盘
495,14:16:17,30.82,--,15,46230,卖盘
496,14:16:08,30.82,-0.02,10,30820,卖盘
497,14:16:03,30.84,0.02,1,3084,买盘
498,14:15:58,30.82,-0.01,52,160264,卖盘
499,14:15:53,30.83,-0.02,26,80158,卖盘
500,14:15:47,30.85,0.02,32,98720,买盘
501,14:15:43,30.83,--,2,6166,卖盘
502,14:15:38,30.83,-0.02,6,18498,卖盘
503,14:15:32,30.85,0.01,4,12340,买盘
504,14:15:27,30.84,-0.01,7,21588,卖盘
505,14:15:23,30.85,--,30,92550,卖盘
506,14:15:17,30.85,--,24,74040,卖盘
507,14:15:08,30.85,--,6,18510,卖盘
508,14:15:02,30.85,--,71,219035,卖盘
509,14:14:57,30.85,0.01,45,138825,买盘
510,14:14:47,30.84,-0.01,9,27756,卖盘
511,14:14:37,30.85,--,16,49360,买盘
512,14:14:32,30.85,-0.01,3,9255,中性盘
513,14:14:27,30.86,--,88,271568,卖盘
514,14:14:22,30.86,--,11,33946,卖盘
515,14:14:17,30.86,0.01,70,216020,买盘
516,14:14:07,30.85,--,8,24680,卖盘
517,14:13:57,30.85,0.01,77,237545,卖盘
518,14:13:52,30.84,-0.02,3,9252,卖盘
519,14:13:47,30.86,--,6,18516,卖盘
520,14:13:42,30.86,--,2,6172,卖盘
521,14:13:37,30.86,-0.02,6,18516,卖盘
522,14:13:32,30.88,--,6,18528,卖盘
523,14:13:27,30.88,-0.01,16,49408,卖盘
524,14:13:22,30.89,0.01,15,46335,买盘
525,14:13:17,30.88,--,13,40144,卖盘
526,14:13:12,30.88,-0.01,2,6176,卖盘
527,14:13:02,30.89,--,15,46335,卖盘
528,14:12:57,30.89,-0.01,204,630156,卖盘
529,14:12:52,30.9,--,87,268830,买盘
530,14:12:47,30.9,0.01,42,129780,买盘
531,14:12:42,30.89,0.01,38,117382,买盘
532,14:12:37,30.88,-0.01,6,18528,卖盘
533,14:12:32,30.89,--,37,114293,卖盘
534,14:12:27,30.89,-0.02,6,18534,卖盘
535,14:12:17,30.91,--,23,71093,卖盘
536,14:12:07,30.91,--,6,18546,卖盘
537,14:12:02,30.91,0.02,11,34001,中性盘
538,14:11:57,30.89,-0.1,185,571465,卖盘
539,14:11:52,30.99,0.09,22,68178,买盘
540,14:11:47,30.9,-0.09,101,312090,卖盘
541,14:11:42,30.99,0.01,6,18594,买盘
542,14:11:37,30.98,--,6,18588,卖盘
543,14:11:32,30.98,-0.01,23,71254,卖盘
544,14:11:27,30.99,0.09,31,96069,买盘
545,14:11:22,30.9,--,3,9270,卖盘
546,14:11:17,30.9,-0.09,110,339900,卖盘
547,14:11:12,30.99,--,31,96069,买盘
548,14:11:07,30.99,0.01,39,120861,买盘
549,14:11:02,30.98,0.07,63,195174,中性盘
550,14:10:57,30.91,-0.09,40,123640,卖盘
551,14:10:52,31.0,--,19,58900,买盘
552,14:10:47,31.0,0.02,12,37200,买盘
553,14:10:42,30.98,-0.02,34,105332,中性盘
554,14:10:37,31.0,0.02,16,49600,买盘
555,14:10:32,30.98,-0.02,1,3098,中性盘
556,14:10:27,31.0,0.01,276,855600,买盘
557,14:10:22,30.99,--,39,120861,买盘
558,14:10:17,30.99,0.05,22,68178,买盘
559,14:10:12,30.94,-0.05,6,18564,卖盘
560,14:10:07,30.99,0.01,16,49584,买盘
561,14:10:02,30.98,-0.01,43,133214,买盘
562,14:09:56,30.99,--,20,61980,买盘
563,14:09:52,30.99,-0.01,31,98207,卖盘
564,14:09:47,31.0,--,15,46500,买盘
565,14:09:42,31.0,0.1,76,238545,买盘
566,14:09:37,30.9,--,4,12360,买盘
567,14:09:32,30.9,-0.09,95,294662,卖盘
568,14:09:27,30.99,--,43,133257,买盘
569,14:09:17,30.99,0.09,16,49584,买盘
570,14:09:12,30.9,-0.08,205,633450,卖盘
571,14:09:07,30.98,0.06,21,65058,买盘
572,14:09:02,30.92,0.02,129,400846,买盘
573,14:08:56,30.9,--,103,318270,买盘
574,14:08:52,30.9,--,9,27810,买盘
575,14:08:47,30.9,--,214,661260,买盘
576,14:08:41,30.9,0.01,1,3090,买盘
577,14:08:37,30.89,--,57,176073,买盘
578,14:08:32,30.89,--,5,15445,买盘
579,14:08:27,30.89,0.04,36,111204,买盘
580,14:08:22,30.85,-0.03,18,55530,卖盘
581,14:08:17,30.88,0.03,13,40144,买盘
582,14:08:11,30.85,0.03,558,1721430,买盘
583,14:08:07,30.82,--,20,61640,买盘
584,14:08:02,30.82,0.01,236,727352,买盘
585,14:07:56,30.81,0.01,10,30810,买盘
586,14:07:47,30.8,0.02,299,920920,买盘
587,14:07:41,30.78,--,233,717174,卖盘
588,14:07:37,30.78,0.03,18,55404,卖盘
589,14:07:32,30.75,-0.05,49,150675,卖盘
590,14:07:26,30.8,0.04,18,55440,买盘
591,14:07:22,30.76,0.01,62,191573,买盘
592,14:07:17,30.75,--,6,18450,卖盘
593,14:07:11,30.75,--,5,15375,卖盘
594,14:07:06,30.75,0.01,18,55350,中性盘
595,14:07:02,30.74,-0.02,3,9222,卖盘
596,14:06:56,30.76,0.03,345,1061220,中性盘
597,14:06:51,30.73,--,3,9219,卖盘
598,14:06:46,30.73,-0.06,8,24584,卖盘
599,14:06:41,30.79,0.06,11,33869,买盘
600,14:06:36,30.73,--,6,18438,卖盘
601,14:06:31,30.73,--,38,116774,卖盘
602,14:06:26,30.73,-0.07,29,89117,中性盘
603,14:06:21,30.8,0.09,7,21560,买盘
604,14:06:16,30.71,-0.02,6,18426,卖盘
605,14:06:11,30.73,0.03,1,3073,买盘
606,14:06:06,30.7,-0.01,237,727590,卖盘
607,14:06:01,30.71,--,15,46065,买盘
608,14:05:56,30.71,--,141,433011,卖盘
609,14:05:51,30.71,-0.08,105,322455,卖盘
610,14:05:46,30.79,-0.01,7,21553,中性盘
611,14:05:41,30.8,0.01,25,77000,买盘
612,14:05:36,30.79,-0.02,37,113923,卖盘
613,14:05:26,30.81,0.01,23,70863,买盘
614,14:05:21,30.8,--,159,489720,卖盘
615,14:05:16,30.8,--,9,27720,卖盘
616,14:05:11,30.8,0.01,277,853160,买盘
617,14:05:06,30.79,--,36,110844,卖盘
618,14:05:01,30.79,0.07,10,30790,买盘
619,14:04:56,30.72,-0.07,34,104448,卖盘
620,14:04:51,30.79,0.03,121,372559,买盘
621,14:04:46,30.76,-0.03,6,18456,卖盘
622,14:04:41,30.79,--,16,49264,买盘
623,14:04:36,30.79,0.01,42,129318,买盘
624,14:04:26,30.78,0.01,8,24624,卖盘
625,14:04:21,30.77,0.05,25,76925,买盘
626,14:04:16,30.72,-0.05,25,76800,卖盘
627,14:04:11,30.77,0.03,7,21539,买盘
628,14:04:06,30.74,--,15,46110,卖盘
629,14:04:01,30.74,0.02,7,21518,卖盘
630,14:03:56,30.72,-0.05,54,165888,卖盘
631,14:03:51,30.77,0.05,6,18462,买盘
632,14:03:46,30.72,-0.05,30,92160,卖盘
633,14:03:41,30.77,0.05,1,3077,买盘
634,14:03:36,30.72,0.01,9,27648,卖盘
635,14:03:31,30.71,--,0,0,卖盘
636,14:03:26,30.71,-0.06,6,18426,卖盘
637,14:03:21,30.77,0.07,76,233852,买盘
638,14:03:16,30.7,--,6,18420,卖盘
639,14:03:11,30.7,-0.02,56,171920,卖盘
640,14:03:06,30.72,0.02,15,46080,中性盘
641,14:03:01,30.7,--,0,0,卖盘
642,14:02:56,30.7,-0.01,92,282440,卖盘
643,14:02:51,30.71,--,7,21497,卖盘
644,14:02:46,30.71,--,13,39923,买盘
645,14:02:41,30.71,0.01,2,6142,买盘
646,14:02:36,30.7,--,14,42980,卖盘
647,14:02:26,30.7,--,11,33770,卖盘
648,14:02:21,30.7,--,19,58330,卖盘
649,14:02:16,30.7,--,13,39910,卖盘
650,14:02:11,30.7,--,3,9210,卖盘
651,14:02:06,30.7,0.02,6,18420,卖盘
652,14:02:01,30.68,-0.12,4,12272,卖盘
653,14:01:56,30.8,0.12,40,123200,买盘
654,14:01:46,30.68,-0.11,8,24544,卖盘
655,14:01:41,30.79,0.12,205,631195,买盘
656,14:01:36,30.67,-0.01,31,95077,卖盘
657,14:01:31,30.68,--,4,12272,买盘
658,14:01:26,30.68,-0.03,151,463268,卖盘
659,14:01:20,30.71,--,19,58349,买盘
660,14:01:16,30.71,0.03,29,89059,买盘
661,14:01:05,30.68,--,11,33748,卖盘
662,14:01:01,30.68,--,4,12272,卖盘
663,14:00:56,30.68,0.01,62,190216,中性盘
664,14:00:50,30.67,--,103,315901,卖盘
665,14:00:46,30.67,-0.03,53,162551,卖盘
666,14:00:41,30.7,--,14,42980,卖盘
667,14:00:35,30.7,-0.01,68,208760,卖盘
668,14:00:26,30.71,--,9,27639,买盘
669,14:00:20,30.71,0.04,97,297887,买盘
670,14:00:16,30.67,--,10,30670,卖盘
671,14:00:05,30.67,-0.03,10,30670,卖盘
672,14:00:01,30.7,--,13,39910,买盘
673,13:59:56,30.7,0.03,27,82890,买盘
674,13:59:50,30.67,-0.05,157,481519,卖盘
675,13:59:46,30.72,0.02,13,39936,买盘
676,13:59:41,30.7,--,3,9210,卖盘
677,13:59:35,30.7,-0.02,53,162710,卖盘
678,13:59:31,30.72,0.01,4,12288,买盘
679,13:59:26,30.71,-0.01,9,27639,卖盘
680,13:59:20,30.72,0.01,2,6144,买盘
681,13:59:16,30.71,-0.01,9,27639,卖盘
682,13:59:10,30.72,0.01,58,178176,买盘
683,13:59:05,30.71,-0.02,472,1449512,卖盘
684,13:59:01,30.73,0.01,3,9219,中性盘
685,13:58:56,30.72,-0.02,29,89088,卖盘
686,13:58:50,30.74,0.02,15,46110,买盘
687,13:58:46,30.72,-0.02,53,162816,卖盘
688,13:58:41,30.74,0.01,20,61480,买盘
689,13:58:35,30.73,0.01,33,101409,中性盘
690,13:58:30,30.72,--,23,70656,卖盘
691,13:58:26,30.72,-0.02,6,18432,卖盘
692,13:58:20,30.74,0.02,4,12296,买盘
693,13:58:15,30.72,-0.02,11,33792,卖盘
694,13:58:05,30.74,-0.06,35,107590,卖盘
695,13:58:00,30.8,0.07,3,9240,买盘
696,13:57:55,30.73,--,6,18438,卖盘
697,13:57:50,30.73,--,103,316519,卖盘
698,13:57:45,30.73,0.01,206,633038,卖盘
699,13:57:35,30.72,-0.01,109,334848,卖盘
700,13:57:30,30.73,--,7,21511,卖盘
701,13:57:25,30.73,--,8,24584,卖盘
702,13:57:20,30.73,0.01,6,18438,买盘
703,13:57:15,30.72,--,164,503808,卖盘
704,13:57:05,30.72,-0.01,31,95232,卖盘
705,13:57:00,30.73,--,12,36876,卖盘
706,13:56:55,30.73,-0.02,9,27657,卖盘
707,13:56:50,30.75,0.02,25,76875,买盘
708,13:56:45,30.73,-0.02,6,18438,卖盘
709,13:56:35,30.75,-0.04,175,538125,卖盘
710,13:56:30,30.79,0.01,6,18474,买盘
711,13:56:25,30.78,-0.01,6,18468,卖盘
712,13:56:20,30.79,-0.01,140,431060,卖盘
713,13:56:15,30.8,--,56,172480,买盘
714,13:56:05,30.8,--,18,55440,卖盘
715,13:56:00,30.8,--,47,144760,卖盘
716,13:55:55,30.8,--,8,24640,卖盘
717,13:55:50,30.8,--,7,21560,卖盘
718,13:55:45,30.8,-0.01,9,27720,卖盘
719,13:55:35,30.81,-0.01,117,360477,卖盘
720,13:55:30,30.82,0.01,21,64722,买盘
721,13:55:25,30.81,--,16,49296,卖盘
722,13:55:20,30.81,--,8,24648,卖盘
723,13:55:15,30.81,-0.01,33,101673,卖盘
724,13:55:10,30.82,--,6,18492,买盘
725,13:55:05,30.82,--,24,73968,买盘
726,13:55:00,30.82,--,150,462300,卖盘
727,13:54:55,30.82,0.01,47,144854,买盘
728,13:54:50,30.81,-0.01,5,15405,中性盘
729,13:54:45,30.82,--,14,43148,买盘
730,13:54:40,30.82,0.02,9,27738,买盘
731,13:54:35,30.8,--,8,24640,卖盘
732,13:54:25,30.8,--,6,18480,卖盘
733,13:54:20,30.8,--,12,36960,卖盘
734,13:54:15,30.8,--,9,27720,卖盘
735,13:54:10,30.8,0.01,15,46200,买盘
736,13:54:05,30.79,-0.01,10,30790,卖盘
737,13:54:00,30.8,0.01,119,366520,买盘
738,13:53:55,30.79,-0.01,22,67738,卖盘
739,13:53:50,30.8,--,13,40040,买盘
740,13:53:45,30.8,0.01,13,40040,买盘
741,13:53:40,30.79,-0.04,87,267873,卖盘
742,13:53:35,30.83,0.03,34,104822,中性盘
743,13:53:29,30.8,0.01,23,70840,中性盘
744,13:53:25,30.79,-0.05,6,18474,卖盘
745,13:53:20,30.84,0.05,2,6168,买盘
746,13:53:14,30.79,--,8,24632,卖盘
747,13:53:05,30.79,--,14,43106,卖盘
748,13:52:59,30.79,-0.01,59,181661,卖盘
749,13:52:55,30.8,--,8,24640,卖盘
750,13:52:50,30.8,0.01,43,132440,买盘
751,13:52:44,30.79,-0.01,92,283268,卖盘
752,13:52:40,30.8,--,12,36960,买盘
753,13:52:35,30.8,--,24,73920,买盘
754,13:52:29,30.8,0.01,5,15400,买盘
755,13:52:25,30.79,--,11,33869,卖盘
756,13:52:20,30.79,0.03,124,381796,买盘
757,13:52:14,30.76,--,56,172256,卖盘
758,13:52:10,30.76,-0.02,26,79976,卖盘
759,13:52:04,30.78,-0.01,18,55404,中性盘
760,13:51:59,30.79,0.02,1,3079,买盘
761,13:51:55,30.77,--,14,43078,卖盘
762,13:51:49,30.77,--,21,64617,卖盘
763,13:51:44,30.77,--,361,1110797,买盘
764,13:51:40,30.77,--,19,58463,买盘
765,13:51:34,30.77,0.03,21,64617,买盘
766,13:51:25,30.74,-0.02,67,205958,卖盘
767,13:51:19,30.76,0.03,70,215320,买盘
768,13:51:14,30.73,0.01,59,181307,买盘
769,13:51:10,30.72,-0.01,14,43008,卖盘
770,13:51:04,30.73,--,0,0,买盘
771,13:50:59,30.73,0.02,111,341103,买盘
772,13:50:54,30.71,--,78,239538,卖盘
773,13:50:49,30.71,0.02,156,479076,买盘
774,13:50:44,30.69,--,69,211761,买盘
775,13:50:39,30.69,0.02,30,92070,买盘
776,13:50:34,30.67,-0.02,12,36804,卖盘
777,13:50:29,30.69,0.02,22,67518,买盘
778,13:50:25,30.67,-0.03,36,110412,卖盘
779,13:50:19,30.7,--,9,27630,买盘
780,13:50:14,30.7,0.04,22,67540,中性盘
781,13:50:09,30.66,-0.04,52,161486,卖盘
782,13:50:04,30.7,--,22,67540,卖盘
783,13:49:59,30.7,0.04,53,162710,买盘
784,13:49:54,30.66,0.01,258,791028,卖盘
785,13:49:49,30.65,-0.01,9,27585,卖盘
786,13:49:44,30.66,-0.04,24,73584,卖盘
787,13:49:39,30.7,0.04,18,58023,买盘
788,13:49:34,30.66,--,47,144408,卖盘
789,13:49:29,30.66,0.01,32,100871,买盘
790,13:49:24,30.65,--,66,202290,卖盘
791,13:49:19,30.65,--,2,6130,卖盘
792,13:49:14,30.65,-0.04,15,45975,卖盘
793,13:49:09,30.69,--,46,141174,买盘
794,13:48:59,30.69,--,54,166032,卖盘
795,13:48:54,30.69,-0.02,21,64449,卖盘
796,13:48:49,30.71,0.02,2,6142,买盘
797,13:48:44,30.69,-0.04,113,346797,卖盘
798,13:48:39,30.73,0.02,67,205891,买盘
799,13:48:34,30.71,-0.01,38,116698,卖盘
800,13:48:29,30.72,0.03,38,116736,买盘
801,13:48:24,30.69,-0.03,84,257796,卖盘
802,13:48:19,30.72,0.02,8,24576,中性盘
803,13:48:14,30.7,-0.01,188,577160,卖盘
804,13:48:09,30.71,-0.05,8,24568,卖盘
805,13:47:59,30.76,0.01,74,227624,买盘
806,13:47:54,30.75,-0.01,20,61500,卖盘
807,13:47:49,30.76,--,5,15380,卖盘
808,13:47:44,30.76,-0.01,14,43064,卖盘
809,13:47:39,30.77,0.01,8,24616,买盘
810,13:47:29,30.76,-0.01,227,698252,卖盘
811,13:47:24,30.77,-0.01,14,43078,卖盘
812,13:47:19,30.78,--,69,212382,买盘
813,13:47:14,30.78,--,11,33858,卖盘
814,13:47:09,30.78,-0.01,6,18468,卖盘
815,13:47:04,30.79,0.01,8,24632,中性盘
816,13:46:59,30.78,-0.01,280,861840,卖盘
817,13:46:54,30.79,0.01,6,18474,卖盘
818,13:46:49,30.78,--,7,21546,卖盘
819,13:46:44,30.78,-0.02,11,33858,卖盘
820,13:46:39,30.8,0.01,14,43120,买盘
821,13:46:34,30.79,-0.01,42,129318,卖盘
822,13:46:29,30.8,0.01,20,61600,买盘
823,13:46:24,30.79,-0.01,21,64659,卖盘
824,13:46:19,30.8,--,15,46200,卖盘
825,13:46:14,30.8,-0.04,109,335720,卖盘
826,13:46:09,30.84,--,24,74016,买盘
827,13:46:04,30.84,0.04,3,9252,买盘
828,13:45:58,30.8,-0.02,38,117040,卖盘
829,13:45:53,30.82,-0.02,16,49312,卖盘
830,13:45:49,30.84,0.02,3,9252,买盘
831,13:45:44,30.82,--,66,203412,卖盘
832,13:45:38,30.82,-0.02,10,30820,卖盘
833,13:45:34,30.84,0.01,9,27756,买盘
834,13:45:28,30.83,--,17,52411,卖盘
835,13:45:23,30.83,-0.01,10,30830,中性盘
836,13:45:18,30.84,0.02,15,46260,买盘
837,13:45:14,30.82,-0.01,11,33902,卖盘
838,13:45:08,30.83,-0.02,6,18498,卖盘
839,13:45:03,30.85,--,0,0,买盘
840,13:44:58,30.85,0.05,268,826780,买盘
841,13:44:53,30.8,-0.02,30,92400,卖盘
842,13:44:48,30.82,--,40,123280,买盘
843,13:44:38,30.82,--,43,132526,买盘
844,13:44:33,30.82,--,24,73968,卖盘
845,13:44:28,30.82,--,4,12328,卖盘
846,13:44:23,30.82,--,22,67804,买盘
847,13:44:18,30.82,--,22,67804,买盘
848,13:44:13,30.82,0.02,17,52394,买盘
849,13:44:08,30.8,-0.02,6,18480,卖盘
850,13:44:03,30.82,-0.01,9,27738,中性盘
851,13:43:58,30.83,0.03,1,3083,买盘
852,13:43:53,30.8,--,39,120120,买盘
853,13:43:48,30.8,--,10,30800,买盘
854,13:43:43,30.8,0.02,5,15400,买盘
855,13:43:38,30.78,-0.02,39,120042,卖盘
856,13:43:33,30.8,0.02,16,49280,买盘
857,13:43:23,30.78,-0.06,16,49248,卖盘
858,13:43:18,30.84,0.05,10,30840,买盘
859,13:43:13,30.79,-0.05,14,43106,卖盘
860,13:43:08,30.84,0.04,68,209712,买盘
861,13:43:03,30.8,0.03,44,135520,买盘
862,13:42:58,30.77,-0.02,48,147696,卖盘
863,13:42:53,30.79,--,23,70817,卖盘
864,13:42:48,30.79,--,22,67738,买盘
865,13:42:38,30.79,0.01,15,46185,中性盘
866,13:42:33,30.78,--,24,73872,卖盘
867,13:42:28,30.78,--,10,32319,卖盘
868,13:42:23,30.78,0.01,62,190836,买盘
869,13:42:18,30.77,-0.07,20,61540,卖盘
870,13:42:13,30.84,0.08,8,24672,买盘
871,13:42:08,30.76,-0.02,21,64596,卖盘
872,13:42:03,30.78,-0.01,24,73872,卖盘
873,13:41:58,30.79,--,2,6158,卖盘
874,13:41:53,30.79,0.04,34,104686,买盘
875,13:41:48,30.75,-0.1,31,95325,卖盘
876,13:41:43,30.85,0.06,57,175845,买盘
877,13:41:38,30.79,0.02,35,107765,买盘
878,13:41:33,30.77,-0.03,12,36924,卖盘
879,13:41:28,30.8,-0.05,160,492800,卖盘
880,13:41:23,30.85,-0.01,31,95635,卖盘
881,13:41:18,30.86,-0.02,47,145042,卖盘
882,13:41:13,30.88,--,11,33968,买盘
883,13:41:08,30.88,-0.01,71,219248,卖盘
884,13:41:03,30.89,-0.01,22,67958,卖盘
885,13:40:58,30.9,--,43,132870,买盘
886,13:40:53,30.9,--,45,139050,买盘
887,13:40:48,30.9,-0.01,77,237930,卖盘
888,13:40:43,30.91,0.01,8,24728,买盘
889,13:40:38,30.9,-0.01,159,491310,卖盘
890,13:40:33,30.91,0.01,263,812933,买盘
891,13:40:28,30.9,0.02,3,9270,买盘
892,13:40:23,30.88,-0.02,34,104992,卖盘
893,13:40:18,30.9,--,23,71070,买盘
894,13:40:13,30.9,--,2,6180,买盘
895,13:40:08,30.9,--,68,210120,买盘
896,13:40:03,30.9,0.05,25,77250,中性盘
897,13:39:58,30.85,-0.03,41,126485,卖盘
898,13:39:53,30.88,0.03,60,185280,卖盘
899,13:39:48,30.85,-0.07,24,74040,卖盘
900,13:39:43,30.92,--,4,12368,买盘
901,13:39:38,30.92,0.07,72,222624,买盘
902,13:39:33,30.85,--,267,823695,买盘
903,13:39:28,30.85,0.01,39,120315,买盘
904,13:39:23,30.84,-0.01,34,104856,中性盘
905,13:39:18,30.85,0.04,17,52445,中性盘
906,13:39:13,30.81,-0.04,14,43134,卖盘
907,13:39:08,30.85,0.04,34,104890,中性盘
908,13:39:03,30.81,0.01,36,110916,买盘
909,13:38:58,30.8,-0.01,83,255640,卖盘
910,13:38:53,30.81,0.01,25,77025,中性盘
911,13:38:48,30.8,-0.06,15,46200,卖盘
912,13:38:43,30.86,0.05,27,83322,买盘
913,13:38:38,30.81,--,14,43134,卖盘
914,13:38:33,30.81,--,11,33891,卖盘
915,13:38:28,30.81,-0.04,6,18486,卖盘
916,13:38:23,30.85,0.08,48,148080,买盘
917,13:38:18,30.77,-0.03,62,190774,卖盘
918,13:38:13,30.8,--,111,341880,买盘
919,13:38:08,30.8,-0.09,122,375760,卖盘
920,13:38:02,30.89,0.09,32,98848,中性盘
921,13:37:58,30.8,-0.07,389,1198120,卖盘
922,13:37:53,30.87,-0.03,32,98784,卖盘
923,13:37:47,30.9,--,77,237930,买盘
924,13:37:43,30.9,-0.02,9,27810,中性盘
925,13:37:38,30.92,0.04,94,290648,买盘
926,13:37:33,30.88,-0.04,109,336592,卖盘
927,13:37:28,30.92,0.01,61,188612,买盘
928,13:37:23,30.91,-0.01,336,1038576,卖盘
929,13:37:17,30.92,--,45,139140,卖盘
930,13:37:13,30.92,-0.02,33,102036,中性盘
931,13:37:08,30.94,0.02,49,151606,买盘
932,13:37:02,30.92,0.02,42,129864,卖盘
933,13:36:58,30.9,-0.05,46,142140,卖盘
934,13:36:53,30.95,--,126,389970,买盘
935,13:36:47,30.95,--,66,204270,买盘
936,13:36:42,30.95,--,13,40235,买盘
937,13:36:37,30.95,-0.04,165,510675,卖盘
938,13:36:32,30.99,--,46,142554,卖盘
939,13:36:27,30.99,--,24,74376,卖盘
940,13:36:22,30.99,-0.01,158,489642,卖盘
941,13:36:17,31.0,--,33,102300,买盘
942,13:36:12,31.0,-0.01,693,2148300,卖盘
943,13:36:07,31.01,--,37,114737,卖盘
944,13:36:02,31.01,--,116,359716,卖盘
945,13:35:57,31.01,-0.04,123,381423,卖盘
946,13:35:52,31.05,--,5,15525,买盘
947,13:35:47,31.05,-0.01,88,273240,卖盘
948,13:35:42,31.06,--,23,71438,买盘
949,13:35:37,31.06,--,32,99392,卖盘
950,13:35:32,31.06,-0.02,22,68332,卖盘
951,13:35:27,31.08,0.02,17,52836,买盘
952,13:35:22,31.06,-0.04,53,164618,卖盘
953,13:35:17,31.1,--,27,83970,买盘
954,13:35:12,31.1,0.01,14,43540,买盘
955,13:35:07,31.09,-0.01,11,34199,卖盘
956,13:35:02,31.1,--,40,124400,卖盘
957,13:34:57,31.1,--,60,186600,卖盘
958,13:34:52,31.1,-0.04,7,21770,卖盘
959,13:34:47,31.14,0.01,25,77850,买盘
960,13:34:42,31.13,--,33,102729,买盘
961,13:34:37,31.13,0.03,37,115181,买盘
962,13:34:32,31.1,-0.03,116,360760,卖盘
963,13:34:27,31.13,0.01,17,52921,买盘
964,13:34:22,31.12,--,35,108920,买盘
965,13:34:17,31.12,-0.01,15,46680,卖盘
966,13:34:12,31.13,0.01,105,326865,买盘
967,13:34:07,31.12,-0.01,17,52904,卖盘
968,13:34:02,31.13,--,28,87164,卖盘
969,13:33:57,31.13,-0.01,46,143198,卖盘
970,13:33:47,31.14,-0.01,46,144115,卖盘
971,13:33:42,31.15,--,46,145532,买盘
972,13:33:37,31.15,--,9,28035,买盘
973,13:33:32,31.15,-0.01,36,112140,买盘
974,13:33:27,31.16,0.01,19,59204,卖盘
975,13:33:22,31.15,--,0,0,中性盘
976,13:33:17,31.15,-0.03,21,65415,卖盘
977,13:33:12,31.18,--,24,74832,买盘
978,13:33:07,31.18,0.03,7,21826,买盘
979,13:33:02,31.15,-0.03,12,37380,卖盘
980,13:32:57,31.18,--,17,53006,买盘
981,13:32:52,31.18,--,6,18708,买盘
982,13:32:47,31.18,--,29,90422,买盘
983,13:32:42,31.18,0.03,13,40534,买盘
984,13:32:37,31.15,--,18,56070,卖盘
985,13:32:32,31.15,-0.04,37,115255,卖盘
986,13:32:27,31.19,--,41,127879,买盘
987,13:32:22,31.19,0.01,14,43666,买盘
988,13:32:17,31.18,-0.01,29,90422,买盘
989,13:32:12,31.19,0.05,19,59261,买盘
990,13:32:07,31.14,--,30,93420,买盘
991,13:32:02,31.14,0.01,27,84078,买盘
992,13:31:57,31.13,-0.07,65,202345,卖盘
993,13:31:52,31.2,0.04,8,24960,买盘
994,13:31:47,31.16,-0.01,89,277324,卖盘
995,13:31:42,31.17,-0.01,40,124680,中性盘
996,13:31:37,31.18,--,11,34298,买盘
997,13:31:32,31.18,0.01,79,246322,买盘
998,13:31:27,31.17,0.01,50,155850,中性盘
999,13:31:22,31.16,0.01,6,18696,中性盘
1000,13:31:17,31.15,--,23,71645,卖盘
1001,13:31:12,31.15,--,19,59185,卖盘
1002,13:31:07,31.15,-0.05,7,21805,卖盘
1003,13:31:02,31.2,0.05,84,262080,买盘
1004,13:30:57,31.15,-0.05,101,314615,卖盘
1005,13:30:52,31.2,-0.05,129,403509,卖盘
1006,13:30:47,31.25,--,9,28125,买盘
1007,13:30:42,31.25,-0.04,21,65625,卖盘
1008,13:30:37,31.29,0.01,11,34419,买盘
1009,13:30:32,31.28,0.03,7,21896,买盘
1010,13:30:27,31.25,-0.04,23,71875,卖盘
1011,13:30:17,31.29,--,22,68838,买盘
1012,13:30:11,31.29,0.04,7,21903,买盘
1013,13:30:06,31.25,--,13,40625,卖盘
1014,13:30:02,31.25,-0.04,12,37500,卖盘
1015,13:29:56,31.29,-0.01,16,50064,买盘
1016,13:29:51,31.3,0.03,1,3130,买盘
1017,13:29:47,31.27,-0.02,22,68794,卖盘
1018,13:29:41,31.29,0.01,22,68838,中性盘
1019,13:29:37,31.28,-0.02,26,81328,卖盘
1020,13:29:31,31.3,--,18,56340,买盘
1021,13:29:26,31.3,--,7,21910,买盘
1022,13:29:22,31.3,0.02,8,25040,买盘
1023,13:29:16,31.28,-0.02,13,40664,卖盘
1024,13:29:11,31.3,0.02,22,68860,买盘
1025,13:29:07,31.28,-0.01,27,84456,卖盘
1026,13:29:01,31.29,0.01,2,6258,买盘
1027,13:28:56,31.28,-0.01,38,118864,卖盘
1028,13:28:52,31.29,--,13,40677,卖盘
1029,13:28:46,31.29,0.02,21,65709,买盘
1030,13:28:41,31.27,0.03,13,40651,买盘
1031,13:28:37,31.24,-0.03,236,739357,卖盘
1032,13:28:31,31.27,--,6,18762,买盘
1033,13:28:26,31.27,--,30,93810,买盘
1034,13:28:22,31.27,0.02,9,28174,买盘
1035,13:28:16,31.25,-0.02,14,43750,卖盘
1036,13:28:11,31.27,0.06,18,56286,买盘
1037,13:28:06,31.21,-0.04,15,46815,卖盘
1038,13:28:01,31.25,--,9,28125,买盘
1039,13:27:56,31.25,--,23,71875,买盘
1040,13:27:51,31.25,0.02,31,96875,买盘
1041,13:27:46,31.23,--,11,34353,卖盘
1042,13:27:41,31.23,-0.02,25,78075,卖盘
1043,13:27:36,31.25,--,24,75000,买盘
1044,13:27:31,31.25,-0.05,2,6250,卖盘
1045,13:27:26,31.3,0.02,91,284830,买盘
1046,13:27:21,31.28,0.01,29,90712,买盘
1047,13:27:16,31.27,-0.01,4,12508,卖盘
1048,13:27:11,31.28,--,55,172040,买盘
1049,13:27:06,31.28,--,10,31280,买盘
1050,13:27:01,31.28,-0.02,124,387872,卖盘
1051,13:26:56,31.3,--,24,75120,买盘
1052,13:26:51,31.3,-0.03,101,318227,卖盘
1053,13:26:46,31.33,-0.06,4,13565,卖盘
1054,13:26:41,31.39,0.06,17,53363,买盘
1055,13:26:36,31.33,-0.01,15,46995,卖盘
1056,13:26:31,31.34,-0.01,36,112824,卖盘
1057,13:26:21,31.35,-0.05,18,56430,卖盘
1058,13:26:16,31.4,--,1,3140,买盘
1059,13:26:11,31.4,--,22,69080,买盘
1060,13:25:56,31.4,0.05,17,53380,买盘
1061,13:25:51,31.35,0.02,3,9405,买盘
1062,13:25:46,31.33,-0.07,1,3133,卖盘
1063,13:25:41,31.4,0.06,16,50240,买盘
1064,13:25:36,31.34,-0.06,10,31340,中性盘
1065,13:25:31,31.4,0.06,21,65940,买盘
1066,13:25:26,31.34,-0.01,18,57540,卖盘
1067,13:25:21,31.35,--,111,349991,买盘
1068,13:25:11,31.35,--,18,56430,买盘
1069,13:25:06,31.35,--,23,72105,买盘
1070,13:25:01,31.35,-0.01,64,201768,卖盘
1071,13:24:56,31.36,-0.04,24,75264,卖盘
1072,13:24:51,31.4,--,4,12560,买盘
1073,13:24:46,31.4,--,15,47100,买盘
1074,13:24:41,31.4,--,7,21980,买盘
1075,13:24:36,31.4,0.04,15,47100,买盘
1076,13:24:31,31.36,-0.04,10,31360,卖盘
1077,13:24:26,31.4,--,8,25120,买盘
1078,13:24:21,31.4,0.01,7,21980,买盘
1079,13:24:16,31.39,--,4,12556,买盘
1080,13:24:11,31.39,--,7,21973,卖盘
1081,13:24:06,31.39,-0.01,32,100448,中性盘
1082,13:24:01,31.4,0.04,9,28260,买盘
1083,13:23:56,31.36,-0.03,95,297920,卖盘
1084,13:23:51,31.39,--,46,144394,买盘
1085,13:23:46,31.39,-0.01,3,9417,买盘
1086,13:23:41,31.4,--,22,71089,买盘
1087,13:23:36,31.4,0.01,20,62800,中性盘
1088,13:23:31,31.39,-0.03,17,53363,卖盘
1089,13:23:26,31.42,--,15,47130,买盘
1090,13:23:21,31.42,-0.01,16,50272,买盘
1091,13:23:16,31.43,--,1,3143,买盘
1092,13:23:11,31.43,--,10,31430,买盘
1093,13:23:06,31.43,--,14,44002,买盘
1094,13:23:01,31.43,--,8,25144,买盘
1095,13:22:56,31.43,--,45,141435,买盘
1096,13:22:51,31.43,--,74,232582,买盘
1097,13:22:41,31.43,0.02,20,62860,买盘
1098,13:22:36,31.41,0.01,7,21987,买盘
1099,13:22:31,31.4,-0.01,62,194680,卖盘
1100,13:22:26,31.41,0.01,27,84807,买盘
1101,13:22:20,31.4,0.02,13,40820,买盘
1102,13:22:11,31.38,-0.02,12,37656,卖盘
1103,13:22:05,31.4,--,10,31400,买盘
1104,13:22:00,31.4,--,3,9420,买盘
1105,13:21:56,31.4,--,39,122460,买盘
1106,13:21:50,31.4,-0.02,139,436460,卖盘
1107,13:21:40,31.42,0.02,10,31420,中性盘
1108,13:21:35,31.4,-0.02,39,122460,卖盘
1109,13:21:30,31.42,0.01,7,21994,中性盘
1110,13:21:20,31.41,-0.02,14,43974,卖盘
1111,13:21:15,31.43,-0.01,23,72289,卖盘
1112,13:21:10,31.44,--,22,69168,买盘
1113,13:21:05,31.44,0.01,5,15720,中性盘
1114,13:21:00,31.43,-0.02,13,40859,卖盘
1115,13:20:55,31.45,--,2,6290,买盘
1116,13:20:50,31.45,--,11,34595,买盘
1117,13:20:40,31.45,-0.01,1,3145,卖盘
1118,13:20:35,31.46,--,3,9438,买盘
1119,13:20:30,31.46,--,5,15730,买盘
1120,13:20:25,31.46,--,6,18876,买盘
1121,13:20:20,31.46,0.01,14,44044,买盘
1122,13:20:15,31.45,-0.01,1,3145,中性盘
1123,13:20:10,31.46,0.02,18,56628,买盘
1124,13:20:00,31.44,-0.01,75,235800,卖盘
1125,13:19:50,31.45,0.01,55,172975,买盘
1126,13:19:45,31.44,--,10,31440,卖盘
1127,13:19:40,31.44,--,5,15720,卖盘
1128,13:19:35,31.44,-0.01,17,53448,卖盘
1129,13:19:30,31.45,--,7,22015,买盘
1130,13:19:25,31.45,--,3,9435,买盘
1131,13:19:20,31.45,--,3,9435,买盘
1132,13:19:15,31.45,-0.01,18,56610,中性盘
1133,13:19:05,31.46,--,6,18876,买盘
1134,13:19:00,31.46,-0.01,22,69212,买盘
1135,13:18:55,31.47,--,0,0,买盘
1136,13:18:50,31.47,--,23,72381,买盘
1137,13:18:45,31.47,--,76,239172,买盘
1138,13:18:35,31.47,--,13,40911,买盘
1139,13:18:30,31.47,--,13,40911,买盘
1140,13:18:25,31.47,0.01,6,18882,买盘
1141,13:18:20,31.46,-0.01,4,12584,卖盘
1142,13:18:15,31.47,--,9,28323,买盘
1143,13:18:05,31.47,--,32,100704,买盘
1144,13:18:00,31.47,--,85,267495,买盘
1145,13:17:55,31.47,0.02,14,44058,买盘
1146,13:17:50,31.45,-0.02,2,6290,中性盘
1147,13:17:45,31.47,0.03,54,169938,买盘
1148,13:17:35,31.44,0.01,243,763992,买盘
1149,13:17:30,31.43,-0.01,26,81718,卖盘
1150,13:17:25,31.44,--,1120,3521280,买盘
1151,13:17:20,31.44,--,68,213792,买盘
1152,13:17:15,31.44,--,7,22008,买盘
1153,13:17:10,31.44,0.01,26,81744,买盘
1154,13:17:05,31.43,0.01,24,75432,中性盘
1155,13:17:00,31.42,--,120,377040,卖盘
1156,13:16:55,31.42,--,2,6284,卖盘
1157,13:16:50,31.42,0.02,485,1523870,买盘
1158,13:16:45,31.4,--,24,75360,卖盘
1159,13:16:40,31.4,-0.02,4,12560,卖盘
1160,13:16:35,31.42,0.02,7,21994,买盘
1161,13:16:30,31.4,--,7,25088,买盘
1162,13:16:25,31.4,--,35,109900,买盘
1163,13:16:20,31.4,-0.01,36,113071,卖盘
1164,13:16:15,31.41,0.01,1,3141,中性盘
1165,13:16:10,31.4,--,14,43960,卖盘
1166,13:16:05,31.4,-0.02,15,47100,卖盘
1167,13:15:55,31.42,--,30,94260,买盘
1168,13:15:50,31.42,--,2,6284,买盘
1169,13:15:45,31.42,0.02,151,474442,卖盘
1170,13:15:40,31.4,--,0,0,卖盘
1171,13:15:35,31.4,-0.04,21,65940,卖盘
1172,13:15:30,31.44,0.03,7,22008,买盘
1173,13:15:20,31.41,-0.04,16,50256,卖盘
1174,13:15:15,31.45,--,13,40885,买盘
1175,13:15:10,31.45,0.03,19,59755,买盘
1176,13:15:05,31.42,--,4,12568,卖盘
1177,13:15:00,31.42,-0.03,8,25136,卖盘
1178,13:14:55,31.45,--,4,12580,买盘
1179,13:14:50,31.45,--,24,75480,买盘
1180,13:14:45,31.45,0.03,11,34595,中性盘
1181,13:14:39,31.42,--,1,3142,买盘
1182,13:14:35,31.42,--,43,135106,卖盘
1183,13:14:29,31.42,-0.05,5,15710,卖盘
1184,13:14:24,31.47,0.01,148,465756,买盘
1185,13:14:20,31.46,--,8,25168,买盘
1186,13:14:14,31.46,0.03,13,40898,买盘
1187,13:14:09,31.43,--,2,6286,买盘
1188,13:14:04,31.43,-0.03,42,132006,卖盘
1189,13:13:59,31.46,--,5,15730,买盘
1190,13:13:49,31.46,--,10,31460,买盘
1191,13:13:44,31.46,--,4,12584,买盘
1192,13:13:39,31.46,--,28,88088,卖盘
1193,13:13:34,31.46,-0.01,19,59774,卖盘
1194,13:13:29,31.47,0.01,2,6294,买盘
1195,13:13:24,31.46,-0.01,24,75504,中性盘
1196,13:13:19,31.47,0.02,5,15735,买盘
1197,13:13:14,31.45,--,21,66045,买盘
1198,13:13:09,31.45,-0.02,10,31450,卖盘
1199,13:13:04,31.47,0.01,101,317847,买盘
1200,13:12:59,31.46,--,13,40898,买盘
1201,13:12:54,31.46,--,48,152769,卖盘
1202,13:12:49,31.46,-0.01,4,12584,卖盘
1203,13:12:44,31.47,-0.02,207,651429,卖盘
1204,13:12:39,31.49,--,12,37788,买盘
1205,13:12:34,31.49,--,4,12596,买盘
1206,13:12:24,31.49,--,70,220430,卖盘
1207,13:12:14,31.49,--,6,18894,卖盘
1208,13:12:09,31.49,0.02,95,299155,买盘
1209,13:11:59,31.47,-0.01,47,147909,卖盘
1210,13:11:54,31.48,-0.01,1,3148,卖盘
1211,13:11:49,31.49,--,0,0,买盘
1212,13:11:44,31.49,0.01,10,31490,买盘
1213,13:11:39,31.48,0.02,7,22036,买盘
1214,13:11:29,31.46,-0.03,31,97526,卖盘
1215,13:11:19,31.49,0.02,8,25192,买盘
1216,13:11:14,31.47,-0.02,5,15735,卖盘
1217,13:11:09,31.49,--,3,9447,买盘
1218,13:11:04,31.49,0.03,5,15745,买盘
1219,13:10:59,31.46,-0.03,8,25168,卖盘
1220,13:10:49,31.49,--,28,88172,买盘
1221,13:10:44,31.49,0.03,5,15745,买盘
1222,13:10:34,31.46,0.01,37,117786,买盘
1223,13:10:29,31.45,-0.01,19,59755,卖盘
1224,13:10:24,31.46,--,10,31460,买盘
1225,13:10:19,31.46,-0.01,59,185614,卖盘
1226,13:10:14,31.47,0.01,1,3147,卖盘
1227,13:10:09,31.46,--,533,1676818,卖盘
1228,13:10:04,31.46,--,3,9438,卖盘
1229,13:09:59,31.46,--,1,3146,卖盘
1230,13:09:54,31.46,--,29,91234,卖盘
1231,13:09:49,31.46,-0.01,18,56628,卖盘
1232,13:09:44,31.47,--,8,25176,买盘
1233,13:09:39,31.47,0.01,113,355611,买盘
1234,13:09:34,31.46,0.01,20,62920,买盘
1235,13:09:29,31.45,-0.02,5,15725,卖盘
1236,13:09:24,31.47,0.02,1,3147,买盘
1237,13:09:19,31.45,--,2,6290,卖盘
1238,13:09:14,31.45,-0.01,102,320790,卖盘
1239,13:09:09,31.46,0.01,1,3146,买盘
1240,13:09:04,31.45,-0.01,2,6290,卖盘
1241,13:08:59,31.46,0.01,29,91234,买盘
1242,13:08:54,31.45,-0.01,1,3145,卖盘
1243,13:08:49,31.46,--,1,3146,买盘
1244,13:08:44,31.46,--,0,0,买盘
1245,13:08:39,31.46,--,54,169884,买盘
1246,13:08:29,31.46,--,0,0,中性盘
1247,13:08:24,31.46,--,12,37752,卖盘
1248,13:08:14,31.46,0.02,4,12584,买盘
1249,13:08:09,31.44,--,209,657096,中性盘
1250,13:08:04,31.44,--,0,0,中性盘
1251,13:07:59,31.44,-0.02,2,6288,卖盘
1252,13:07:54,31.46,--,0,0,买盘
1253,13:07:49,31.46,0.03,25,78650,买盘
1254,13:07:44,31.43,--,2,6286,卖盘
1255,13:07:39,31.43,-0.03,63,198009,卖盘
1256,13:07:34,31.46,0.03,10,31460,买盘
1257,13:07:29,31.43,--,2,6286,卖盘
1258,13:07:24,31.43,-0.01,3,9429,卖盘
1259,13:07:14,31.44,-0.01,4,12576,卖盘
1260,13:07:09,31.45,0.01,1,3145,买盘
1261,13:07:04,31.44,-0.01,2,6288,卖盘
1262,13:06:49,31.45,--,6,18870,买盘
1263,13:06:44,31.45,-0.02,7,22015,卖盘
1264,13:06:38,31.47,0.01,103,324141,买盘
1265,13:06:29,31.46,--,0,1761,卖盘
1266,13:06:23,31.46,--,2,7676,买盘
1267,13:06:18,31.46,--,45,143331,卖盘
1268,13:06:13,31.46,0.01,26,83180,买盘
1269,13:06:08,31.45,-0.01,1,3145,卖盘
1270,13:05:58,31.46,--,7,22022,买盘
1271,13:05:48,31.46,--,21,66066,卖盘
1272,13:05:43,31.46,--,60,188760,卖盘
1273,13:05:38,31.46,--,15,47190,卖盘
1274,13:05:28,31.46,--,9,28314,卖盘
1275,13:05:23,31.46,--,55,173030,买盘
1276,13:05:18,31.46,--,78,245388,买盘
1277,13:05:08,31.46,-0.01,16,50336,卖盘
1278,13:05:03,31.47,-0.01,105,330435,卖盘
1279,13:04:58,31.48,0.01,7,22036,卖盘
1280,13:04:53,31.47,--,82,258054,卖盘
1281,13:04:48,31.47,0.01,15,47205,买盘
1282,13:04:43,31.46,-0.01,4,12584,卖盘
1283,13:04:28,31.47,-0.03,4,12588,卖盘
1284,13:04:23,31.5,--,8,25200,买盘
1285,13:04:18,31.5,--,0,0,买盘
1286,13:04:13,31.5,--,73,229950,买盘
1287,13:04:08,31.5,0.01,54,170100,买盘
1288,13:04:03,31.49,--,16,50384,卖盘
1289,13:03:53,31.49,-0.01,10,31490,卖盘
1290,13:03:48,31.5,--,6,18900,买盘
1291,13:03:43,31.5,0.01,91,286650,买盘
1292,13:03:38,31.49,-0.01,4,12596,卖盘
1293,13:03:33,31.5,--,2,6300,买盘
1294,13:03:23,31.5,--,24,75600,卖盘
1295,13:03:18,31.5,-0.01,106,333900,卖盘
1296,13:03:13,31.51,0.01,1,3151,买盘
1297,13:03:08,31.5,--,40,126000,买盘
1298,13:03:03,31.5,-0.01,53,166950,卖盘
1299,13:02:58,31.51,--,4,12604,买盘
1300,13:02:53,31.51,--,33,103983,卖盘
1301,13:02:48,31.51,--,10,31510,买盘
1302,13:02:43,31.51,0.01,5,15755,买盘
1303,13:02:38,31.5,--,60,189000,卖盘
1304,13:02:33,31.5,--,1,3150,卖盘
1305,13:02:23,31.5,--,15,47250,卖盘
1306,13:02:18,31.5,--,32,100800,卖盘
1307,13:02:07,31.5,0.01,355,1118250,买盘
1308,13:02:03,31.49,-0.01,58,182642,卖盘
1309,13:01:58,31.5,--,5,15750,买盘
1310,13:01:53,31.5,--,9,28350,买盘
1311,13:01:48,31.5,0.05,14,44100,买盘
1312,13:01:43,31.45,--,0,0,卖盘
1313,13:01:38,31.45,-0.01,54,169830,卖盘
1314,13:01:33,31.46,0.01,60,188760,中性盘
1315,13:01:23,31.45,-0.01,19,59755,卖盘
1316,13:01:18,31.46,-0.03,6,18876,卖盘
1317,13:01:13,31.49,0.04,31,97619,买盘
1318,13:01:08,31.45,--,40,125800,买盘
1319,13:01:03,31.45,--,15,47175,买盘
1320,13:00:58,31.45,--,35,110075,买盘
1321,13:00:53,31.45,-0.03,9,28305,卖盘
1322,13:00:48,31.48,0.03,3,9444,买盘
1323,13:00:43,31.45,0.05,1,3145,卖盘
1324,13:00:38,31.4,-0.05,85,266900,卖盘
1325,13:00:33,31.45,--,2,6290,买盘
1326,13:00:23,31.45,--,4,12580,买盘
1327,13:00:08,31.45,-0.03,522,1644803,卖盘
1328,13:00:03,31.48,0.03,30,94440,买盘
1329,11:30:00,31.45,--,0,0,卖盘
1330,11:29:59,31.45,--,0,0,卖盘
1331,11:29:58,31.45,-0.03,159,500055,卖盘
1332,11:29:53,31.48,0.02,8,25184,买盘
1333,11:29:48,31.46,-0.02,1,3146,卖盘
1334,11:29:43,31.48,--,10,31480,买盘
1335,11:29:38,31.48,-0.01,8,25184,卖盘
1336,11:29:33,31.49,--,10,31490,卖盘
1337,11:29:28,31.49,-0.01,18,56682,卖盘
1338,11:29:23,31.5,--,7,22050,买盘
1339,11:29:08,31.5,-0.02,86,270900,卖盘
1340,11:29:03,31.52,--,1,3152,买盘
1341,11:28:58,31.52,-0.03,16,50432,卖盘
1342,11:28:53,31.55,--,4,12620,买盘
1343,11:28:48,31.55,--,20,63100,买盘
1344,11:28:43,31.55,0.03,40,126200,买盘
1345,11:28:38,31.52,-0.03,27,85104,卖盘
1346,11:28:23,31.55,-0.02,16,50480,卖盘
1347,11:28:18,31.57,0.01,31,97867,买盘
1348,11:28:13,31.56,0.01,2,6312,卖盘
1349,11:28:08,31.55,--,0,0,卖盘
1350,11:28:02,31.55,-0.01,27,85185,卖盘
1351,11:27:58,31.56,-0.04,2,6312,卖盘
1352,11:27:53,31.6,--,12,37920,买盘
1353,11:27:47,31.6,--,13,41080,买盘
1354,11:27:43,31.6,--,29,91640,买盘
1355,11:27:38,31.6,--,2,6320,买盘
1356,11:27:32,31.6,-0.04,15,47400,卖盘
1357,11:27:28,31.64,0.04,1,3164,买盘
1358,11:27:23,31.6,-0.05,80,252800,卖盘
1359,11:27:17,31.65,0.05,9,28485,买盘
1360,11:27:13,31.6,-0.05,15,47400,卖盘
1361,11:27:08,31.65,--,177,561027,卖盘
1362,11:27:02,31.65,-0.01,1,3165,卖盘
1363,11:26:58,31.66,0.01,5,15830,买盘
1364,11:26:53,31.65,0.06,526,1667132,买盘
1365,11:26:47,31.59,-0.06,43,135837,卖盘
1366,11:26:43,31.65,0.05,900,2848500,买盘
1367,11:26:38,31.6,--,8,25280,买盘
1368,11:26:32,31.6,-0.05,38,120080,卖盘
1369,11:26:28,31.65,--,3,9495,买盘
1370,11:26:23,31.65,0.05,10,31650,买盘
1371,11:26:17,31.6,-0.05,47,151079,卖盘
1372,11:26:13,31.65,--,10,31650,卖盘
1373,11:26:08,31.65,--,20,63300,卖盘
1374,11:26:02,31.65,0.02,1440,4558201,买盘
1375,11:25:53,31.63,0.04,11,34793,买盘
1376,11:25:43,31.59,--,8,25272,买盘
1377,11:25:38,31.59,--,1,3159,买盘
1378,11:25:32,31.59,-0.06,9,28431,买盘
1379,11:25:23,31.65,0.06,314,993810,买盘
1380,11:25:17,31.59,-0.01,88,277992,卖盘
1381,11:25:13,31.6,--,23,72680,买盘
1382,11:25:08,31.6,--,325,1027000,买盘
1383,11:25:02,31.6,-0.02,107,340679,卖盘
1384,11:24:58,31.62,0.02,3,9486,买盘
1385,11:24:47,31.6,--,108,341280,卖盘
1386,11:24:43,31.6,0.05,299,945440,买盘
1387,11:24:38,31.55,--,71,224005,买盘
1388,11:24:32,31.55,--,36,113580,买盘
1389,11:24:28,31.55,-0.03,326,1029855,卖盘
1390,11:24:23,31.58,0.03,347,1095826,买盘
1391,11:24:17,31.55,-0.02,102,321810,卖盘
1392,11:24:13,31.57,0.02,9,28413,买盘
1393,11:24:08,31.55,--,90,285779,买盘
1394,11:24:02,31.55,--,5,15775,买盘
1395,11:23:58,31.55,--,5,15775,买盘
1396,11:23:53,31.55,0.06,620,1956100,买盘
1397,11:23:47,31.49,--,130,409370,买盘
1398,11:23:42,31.49,--,23,72427,买盘
1399,11:23:38,31.49,-0.01,83,261367,卖盘
1400,11:23:32,31.5,0.01,5,15750,买盘
1401,11:23:27,31.49,--,5,15745,买盘
1402,11:23:23,31.49,--,103,324347,买盘
1403,11:23:17,31.49,0.01,5,15745,买盘
1404,11:23:12,31.48,0.02,759,2389332,买盘
1405,11:23:08,31.46,--,69,217074,卖盘
1406,11:23:02,31.46,0.01,242,764131,买盘
1407,11:22:57,31.45,0.05,28,88060,买盘
1408,11:22:53,31.4,-0.04,50,157000,卖盘
1409,11:22:47,31.44,0.04,4,12576,买盘
1410,11:22:42,31.4,--,121,379940,买盘
1411,11:22:37,31.4,0.04,85,266900,买盘
1412,11:22:27,31.36,--,326,1022336,买盘
1413,11:22:22,31.36,--,29,90944,买盘
1414,11:22:17,31.36,--,181,567616,买盘
1415,11:22:12,31.36,0.01,6,18816,买盘
1416,11:22:07,31.35,--,22,68970,卖盘
1417,11:22:02,31.35,0.02,440,1379400,买盘
1418,11:21:57,31.33,--,2,6266,买盘
1419,11:21:52,31.33,--,24,75192,买盘
1420,11:21:47,31.33,-0.01,12,37596,买盘
1421,11:21:42,31.34,--,0,0,买盘
1422,11:21:37,31.34,--,17,53278,买盘
1423,11:21:32,31.34,0.03,54,169236,买盘
1424,11:21:27,31.31,-0.03,246,770226,卖盘
1425,11:21:22,31.34,--,4,12536,卖盘
1426,11:21:17,31.34,0.04,14,43876,买盘
1427,11:21:12,31.3,--,1,3130,买盘
1428,11:21:07,31.3,--,53,165890,买盘
1429,11:21:02,31.3,--,21,65730,买盘
1430,11:20:57,31.3,0.02,8,25040,买盘
1431,11:20:52,31.28,-0.02,1,3128,卖盘
1432,11:20:47,31.3,--,7,21910,卖盘
1433,11:20:41,31.3,--,5,15650,卖盘
1434,11:20:37,31.3,-0.05,18,56340,卖盘
1435,11:20:32,31.35,0.01,36,112860,买盘
1436,11:20:26,31.34,0.04,1,3134,中性盘
1437,11:20:22,31.3,-0.05,11,34430,卖盘
1438,11:20:17,31.35,--,4,12540,买盘
1439,11:20:11,31.35,--,6,18810,买盘
1440,11:20:07,31.35,--,7,21945,买盘
1441,11:20:02,31.35,--,12,37620,买盘
1442,11:19:52,31.35,0.05,30,94050,买盘
1443,11:19:47,31.3,-0.05,42,131460,卖盘
1444,11:19:41,31.35,--,1,3135,买盘
1445,11:19:37,31.35,--,23,72105,买盘
1446,11:19:32,31.35,0.01,36,112860,买盘
1447,11:19:26,31.34,-0.01,39,122226,中性盘
1448,11:19:22,31.35,--,0,0,买盘
1449,11:19:17,31.35,--,39,122265,买盘
1450,11:19:11,31.35,--,32,100320,买盘
1451,11:19:07,31.35,--,21,65835,买盘
1452,11:19:02,31.35,--,117,366795,买盘
1453,11:18:56,31.35,--,67,210045,买盘
1454,11:18:47,31.35,0.04,34,106590,买盘
1455,11:18:41,31.31,-0.02,29,90799,卖盘
1456,11:18:37,31.33,--,2,6266,买盘
1457,11:18:31,31.33,--,15,46995,买盘
1458,11:18:26,31.33,-0.02,1,3133,卖盘
1459,11:18:22,31.35,--,23,72105,买盘
1460,11:18:16,31.35,0.02,4,12540,买盘
1461,11:18:11,31.33,-0.02,53,166049,卖盘
1462,11:18:07,31.35,--,17,53295,买盘
1463,11:18:02,31.35,-0.01,27,84645,卖盘
1464,11:17:56,31.36,-0.01,22,68992,卖盘
1465,11:17:52,31.37,--,24,75288,买盘
1466,11:17:46,31.37,--,17,53329,买盘
1467,11:17:41,31.37,--,26,81562,买盘
1468,11:17:37,31.37,--,2,6274,买盘
1469,11:17:31,31.37,-0.03,22,69014,中性盘
1470,11:17:26,31.4,0.02,41,128740,买盘
1471,11:17:22,31.38,0.01,15,47070,卖盘
1472,11:17:17,31.37,-0.01,62,194494,卖盘
1473,11:17:11,31.38,--,8,25104,买盘
1474,11:17:06,31.38,--,5,15690,买盘
1475,11:17:01,31.38,--,12,37656,买盘
1476,11:16:56,31.38,--,29,91002,买盘
1477,11:16:52,31.38,-0.02,17,53628,卖盘
1478,11:16:46,31.4,--,96,301440,买盘
1479,11:16:41,31.4,--,17,53380,买盘
1480,11:16:37,31.4,-0.05,147,461580,卖盘
1481,11:16:31,31.45,0.05,30,94350,买盘
1482,11:16:26,31.4,-0.05,511,1604540,卖盘
1483,11:16:22,31.45,--,24,75480,买盘
1484,11:16:11,31.45,-0.01,39,123472,卖盘
1485,11:16:01,31.46,-0.01,36,113256,中性盘
1486,11:15:56,31.47,--,116,365052,买盘
1487,11:15:51,31.47,--,6,18882,买盘
1488,11:15:46,31.47,-0.01,40,125880,卖盘
1489,11:15:41,31.48,--,37,116476,买盘
1490,11:15:37,31.48,--,5,15740,买盘
1491,11:15:31,31.48,--,100,314800,买盘
1492,11:15:26,31.48,--,15,47220,买盘
1493,11:15:22,31.48,-0.01,29,91292,卖盘
1494,11:15:16,31.49,--,110,346390,买盘
1495,11:15:11,31.49,--,4,12596,买盘
1496,11:15:06,31.49,--,27,85023,买盘
1497,11:15:01,31.49,0.01,32,100768,买盘
1498,11:14:56,31.48,--,11,34628,中性盘
1499,11:14:51,31.48,--,1,3148,卖盘
1500,11:14:46,31.48,-0.02,4,12592,卖盘
1501,11:14:41,31.5,0.02,116,365400,买盘
1502,11:14:36,31.48,--,13,40924,买盘
1503,11:14:31,31.48,--,12,37776,卖盘
1504,11:14:26,31.48,--,33,103884,卖盘
1505,11:14:21,31.48,-0.02,17,53516,卖盘
1506,11:14:16,31.5,--,21,66150,买盘
1507,11:14:11,31.5,--,8,25200,买盘
1508,11:14:06,31.5,--,0,0,买盘
1509,11:14:01,31.5,0.02,107,337050,买盘
1510,11:13:56,31.48,-0.02,16,50368,卖盘
1511,11:13:46,31.5,--,17,53550,买盘
1512,11:13:41,31.5,--,25,78750,卖盘
1513,11:13:36,31.5,0.02,10,31500,买盘
1514,11:13:31,31.48,-0.02,67,210916,卖盘
1515,11:13:26,31.5,0.01,151,475650,买盘
1516,11:13:21,31.49,--,17,53533,卖盘
1517,11:13:16,31.49,-0.01,15,47235,中性盘
1518,11:13:11,31.5,--,16,50400,买盘
1519,11:13:06,31.5,--,10,31500,买盘
1520,11:13:01,31.5,0.01,13,40950,买盘
1521,11:12:56,31.49,-0.01,85,267665,卖盘
1522,11:12:50,31.5,--,24,75600,买盘
1523,11:12:46,31.5,0.01,47,148050,买盘
1524,11:12:41,31.49,-0.01,64,201536,卖盘
1525,11:12:31,31.5,--,77,242550,买盘
1526,11:12:26,31.5,--,6,18900,买盘
1527,11:12:20,31.5,-0.05,48,151200,卖盘
1528,11:12:16,31.55,--,155,489025,买盘
1529,11:12:11,31.55,0.01,73,230315,买盘
1530,11:12:05,31.54,-0.01,1,3154,卖盘
1531,11:12:01,31.55,--,1,3155,买盘
1532,11:11:56,31.55,0.05,6,18930,买盘
1533,11:11:50,31.5,--,1,3150,中性盘
1534,11:11:46,31.5,-0.03,70,220500,买盘
1535,11:11:41,31.53,0.03,15,47295,买盘
1536,11:11:35,31.5,--,47,148050,卖盘
1537,11:11:31,31.5,--,5,15750,卖盘
1538,11:11:26,31.5,-0.03,21,66150,卖盘
1539,11:11:20,31.53,-0.02,22,69366,卖盘
1540,11:11:16,31.55,--,8,25240,买盘
1541,11:11:10,31.55,-0.02,82,258710,买盘
1542,11:11:05,31.57,--,5,15785,买盘
1543,11:11:01,31.57,--,38,119966,买盘
1544,11:10:55,31.57,-0.01,72,227304,中性盘
1545,11:10:50,31.58,--,10,31580,买盘
1546,11:10:40,31.58,--,9,28422,买盘
1547,11:10:35,31.58,--,51,163521,卖盘
1548,11:10:25,31.58,0.05,272,859670,买盘
1549,11:10:20,31.53,0.02,21,66213,买盘
1550,11:10:16,31.51,0.01,3,9453,买盘
1551,11:10:10,31.5,-0.03,101,318150,卖盘
1552,11:10:05,31.53,0.03,5,15765,买盘
1553,11:10:01,31.5,-0.03,100,315000,卖盘
1554,11:09:55,31.53,0.02,111,349983,买盘
1555,11:09:50,31.51,-0.04,15,50321,卖盘
1556,11:09:46,31.55,0.01,59,186145,买盘
1557,11:09:40,31.54,0.01,104,328016,中性盘
1558,11:09:35,31.53,--,22,69366,卖盘
1559,11:09:25,31.53,-0.02,8,25224,卖盘
1560,11:09:20,31.55,0.07,65,205169,买盘
1561,11:09:10,31.48,-0.02,10,31480,买盘
1562,11:09:05,31.5,-0.06,29,91350,中性盘
1563,11:09:00,31.56,0.1,5,15780,买盘
1564,11:08:55,31.46,-0.1,90,283895,卖盘
1565,11:08:50,31.56,0.01,31,97836,买盘
1566,11:08:45,31.55,0.05,47,149862,买盘
1567,11:08:40,31.5,--,10,31500,买盘
1568,11:08:35,31.5,--,18,56700,买盘
1569,11:08:30,31.5,-0.06,169,533925,卖盘
1570,11:08:25,31.56,--,107,337692,买盘
1571,11:08:20,31.56,0.04,208,656448,买盘
1572,11:08:15,31.52,-0.04,30,94560,卖盘
1573,11:08:10,31.56,-0.01,215,678540,卖盘
1574,11:08:05,31.57,-0.01,94,296758,卖盘
1575,11:08:00,31.58,-0.02,1,3158,卖盘
1576,11:07:55,31.6,--,10,31600,买盘
1577,11:07:50,31.6,--,23,72680,买盘
1578,11:07:45,31.6,--,4,12640,买盘
1579,11:07:40,31.6,--,6,18960,买盘
1580,11:07:35,31.6,0.02,96,303360,买盘
1581,11:07:30,31.58,--,26,82108,买盘
1582,11:07:25,31.58,--,34,107372,买盘
1583,11:07:20,31.58,--,10,31580,买盘
1584,11:07:10,31.58,0.03,9,28422,买盘
1585,11:07:05,31.55,-0.03,101,318655,卖盘
1586,11:07:00,31.58,0.01,31,97898,买盘
1587,11:06:55,31.57,0.03,150,473550,买盘
1588,11:06:50,31.54,--,62,195548,买盘
1589,11:06:45,31.54,--,26,82004,买盘
1590,11:06:40,31.54,--,326,1028204,买盘
1591,11:06:35,31.54,--,19,59926,买盘
1592,11:06:30,31.54,-0.01,17,53618,买盘
1593,11:06:25,31.55,--,285,899175,买盘
1594,11:06:20,31.55,0.01,49,154595,买盘
1595,11:06:15,31.54,-0.01,18,56772,卖盘
1596,11:06:10,31.55,--,12,37860,买盘
1597,11:06:05,31.55,--,20,63100,买盘
1598,11:06:00,31.55,--,21,66255,买盘
1599,11:05:55,31.55,0.02,18,56790,买盘
1600,11:05:50,31.53,-0.02,130,409890,卖盘
1601,11:05:44,31.55,--,11,34705,买盘
1602,11:05:40,31.55,-0.02,37,116735,中性盘
1603,11:05:35,31.57,0.02,13,41041,买盘
1604,11:05:29,31.55,-0.02,5,15775,中性盘
1605,11:05:25,31.57,0.02,79,249403,买盘
1606,11:05:20,31.55,-0.02,79,249245,卖盘
1607,11:05:14,31.57,--,11,34727,买盘
1608,11:05:10,31.57,0.01,131,413567,买盘
1609,11:05:05,31.56,0.01,61,192516,买盘
1610,11:04:59,31.55,-0.01,17,53635,中性盘
1611,11:04:55,31.56,0.04,75,236700,买盘
1612,11:04:50,31.52,-0.03,31,97712,卖盘
1613,11:04:40,31.55,0.08,66,209807,买盘
1614,11:04:35,31.47,--,34,106998,买盘
1615,11:04:29,31.47,--,1,3147,买盘
1616,11:04:25,31.47,-0.03,32,100704,卖盘
1617,11:04:14,31.5,-0.06,36,113400,买盘
1618,11:04:10,31.56,0.08,2,6312,买盘
1619,11:04:05,31.48,-0.06,139,437572,卖盘
1620,11:03:59,31.54,-0.02,334,1053436,卖盘
1621,11:03:55,31.56,0.01,109,344004,买盘
1622,11:03:50,31.55,0.02,54,170370,买盘
1623,11:03:44,31.53,--,43,135579,买盘
1624,11:03:40,31.53,--,42,132426,买盘
1625,11:03:34,31.53,0.01,8,25224,中性盘
1626,11:03:29,31.52,-0.03,45,141840,卖盘
1627,11:03:25,31.55,-0.02,5,15775,买盘
1628,11:03:19,31.57,0.07,13,41041,买盘
1629,11:03:14,31.5,-0.03,247,778050,卖盘
1630,11:03:10,31.53,--,187,589611,卖盘
1631,11:03:04,31.53,-0.02,17,53601,卖盘
1632,11:02:59,31.55,--,12,37860,买盘
1633,11:02:55,31.55,-0.02,123,388065,卖盘
1634,11:02:49,31.57,--,3,9471,买盘
1635,11:02:44,31.57,--,7,22099,买盘
1636,11:02:40,31.57,--,215,678755,买盘
1637,11:02:34,31.57,--,509,1609407,卖盘
1638,11:02:29,31.57,-0.01,22,69454,卖盘
1639,11:02:25,31.58,--,16,50528,买盘
1640,11:02:19,31.58,--,19,60002,卖盘
1641,11:02:14,31.58,-0.02,7,22106,卖盘
1642,11:02:10,31.6,--,10,31600,买盘
1643,11:02:04,31.6,--,9,28440,买盘
1644,11:01:59,31.6,-0.05,131,413960,卖盘
1645,11:01:55,31.65,--,0,0,买盘
1646,11:01:49,31.65,--,97,307005,买盘
1647,11:01:39,31.65,0.03,15,47475,买盘
1648,11:01:34,31.62,--,2,6324,买盘
1649,11:01:29,31.62,-0.06,80,252960,卖盘
1650,11:01:24,31.68,--,13,41184,买盘
1651,11:01:19,31.68,--,141,446688,买盘
1652,11:01:14,31.68,--,27,85536,买盘
1653,11:01:09,31.68,--,2,6336,买盘
1654,11:01:04,31.68,--,28,88704,买盘
1655,11:00:59,31.68,--,26,82368,买盘
1656,11:00:54,31.68,-0.02,116,367488,卖盘
1657,11:00:49,31.7,--,121,383570,买盘
1658,11:00:44,31.7,0.05,66,209220,买盘
1659,11:00:39,31.65,--,4,12660,卖盘
1660,11:00:34,31.65,--,3,9495,卖盘
1661,11:00:29,31.65,--,50,158250,买盘
1662,11:00:24,31.65,0.08,5,15825,买盘
1663,11:00:19,31.57,--,15,47355,卖盘
1664,11:00:14,31.57,0.05,66,209024,买盘
1665,11:00:09,31.52,--,210,661920,买盘
1666,11:00:04,31.52,--,47,148144,买盘
1667,10:59:59,31.52,--,48,151296,买盘
1668,10:59:54,31.52,--,1,3152,买盘
1669,10:59:49,31.52,-0.1,179,566698,卖盘
1670,10:59:44,31.62,0.02,9,28458,中性盘
1671,10:59:39,31.6,0.08,66,209223,买盘
1672,10:59:34,31.52,--,39,122928,卖盘
1673,10:59:29,31.52,--,51,160752,卖盘
1674,10:59:24,31.52,--,10,31520,卖盘
1675,10:59:19,31.52,-0.03,7,22064,卖盘
1676,10:59:14,31.55,0.03,115,362825,买盘
1677,10:59:09,31.52,--,14,44128,买盘
1678,10:59:04,31.52,-0.14,274,863648,卖盘
1679,10:58:59,31.66,--,227,718682,买盘
1680,10:58:54,31.66,--,11,34826,买盘
1681,10:58:49,31.66,--,5,15830,买盘
1682,10:58:44,31.66,-0.03,51,161466,卖盘
1683,10:58:39,31.69,0.03,5,15845,买盘
1684,10:58:34,31.66,-0.03,19,60154,卖盘
1685,10:58:29,31.69,--,93,294717,买盘
1686,10:58:24,31.69,--,211,668659,买盘
1687,10:58:19,31.69,-0.01,235,744715,卖盘
1688,10:58:14,31.7,0.01,62,196540,买盘
1689,10:58:08,31.69,-0.19,45,142605,卖盘
1690,10:58:04,31.88,--,110,350680,买盘
1691,10:57:59,31.88,--,20,63760,买盘
1692,10:57:53,31.88,0.15,96,306048,买盘
1693,10:57:49,31.73,-0.16,382,1212086,卖盘
1694,10:57:44,31.89,--,1,3189,买盘
1695,10:57:38,31.89,--,1,3189,卖盘
1696,10:57:34,31.89,--,3,9567,卖盘
1697,10:57:29,31.89,-0.01,1,3189,卖盘
1698,10:57:19,31.9,-0.08,164,523160,卖盘
1699,10:57:14,31.98,0.03,2,6396,买盘
1700,10:57:08,31.95,-0.03,16,51120,卖盘
1701,10:57:04,31.98,--,10,31980,买盘
1702,10:56:59,31.98,0.02,5,15990,买盘
1703,10:56:49,31.96,-0.03,1,3196,中性盘
1704,10:56:44,31.99,-0.01,109,350994,卖盘
1705,10:56:38,32.0,--,108,346496,买盘
1706,10:56:34,32.0,--,1,3200,买盘
1707,10:56:29,32.0,-0.01,101,324320,卖盘
1708,10:56:23,32.01,--,25,80025,买盘
1709,10:56:19,32.01,0.01,24,76824,买盘
1710,10:56:14,32.0,--,45,144000,卖盘
1711,10:56:08,32.0,-0.01,139,444800,卖盘
1712,10:56:04,32.01,--,167,534567,买盘
1713,10:55:59,32.01,0.01,95,304095,买盘
1714,10:55:53,32.0,-0.01,66,211200,卖盘
1715,10:55:49,32.01,-0.01,2,6402,卖盘
1716,10:55:43,32.02,0.01,46,147292,买盘
1717,10:55:38,32.01,-0.01,39,124838,中性盘
1718,10:55:34,32.02,--,125,400250,买盘
1719,10:55:28,32.02,--,91,291382,买盘
1720,10:55:23,32.02,0.02,72,230544,买盘
1721,10:55:19,32.0,--,9,28800,卖盘
1722,10:55:13,32.0,--,11,35200,卖盘
1723,10:55:08,32.0,--,26,83200,卖盘
1724,10:55:04,32.0,0.05,1804,5774880,买盘
1725,10:54:58,31.95,0.06,111,354645,买盘
1726,10:54:53,31.89,-0.06,10,31890,卖盘
1727,10:54:49,31.95,0.09,11,35145,买盘
1728,10:54:43,31.86,--,8,25488,买盘
1729,10:54:38,31.86,--,46,148149,卖盘
1730,10:54:34,31.86,-0.09,1,3186,卖盘
1731,10:54:28,31.95,0.09,26,83070,买盘
1732,10:54:23,31.86,0.01,85,272403,买盘
1733,10:54:18,31.85,0.05,31,98735,买盘
1734,10:54:13,31.8,--,27,85860,买盘
1735,10:54:08,31.8,0.07,110,349800,中性盘
1736,10:54:04,31.73,-0.13,252,799596,卖盘
1737,10:53:58,31.86,-0.03,26,82836,中性盘
1738,10:53:53,31.89,-0.01,22,70158,买盘
1739,10:53:48,31.9,0.04,91,290290,买盘
1740,10:53:43,31.86,-0.03,12,38232,卖盘
1741,10:53:38,31.89,-0.01,5,15945,卖盘
1742,10:53:28,31.9,--,12,38280,买盘
1743,10:53:23,31.9,-0.05,66,210540,卖盘
1744,10:53:18,31.95,--,1,3195,卖盘
1745,10:53:13,31.95,-0.01,116,370620,卖盘
1746,10:53:08,31.96,--,6,19176,买盘
1747,10:53:03,31.96,-0.02,4,12784,卖盘
1748,10:52:58,31.98,--,14,44772,买盘
1749,10:52:53,31.98,--,2,6396,卖盘
1750,10:52:48,31.98,--,36,115128,卖盘
1751,10:52:43,31.98,--,53,169494,卖盘
1752,10:52:38,31.98,-0.02,113,361374,卖盘
1753,10:52:28,32.0,--,49,156800,买盘
1754,10:52:23,32.0,--,41,131200,卖盘
1755,10:52:18,32.0,--,45,144000,卖盘
1756,10:52:13,32.0,--,93,297600,买盘
1757,10:52:08,32.0,--,27,86400,卖盘
1758,10:52:03,32.0,-0.03,123,393600,卖盘
1759,10:51:58,32.03,--,115,368345,买盘
1760,10:51:53,32.03,--,21,67263,买盘
1761,10:51:48,32.03,-0.02,107,342721,卖盘
1762,10:51:43,32.05,--,16,51279,买盘
1763,10:51:38,32.05,--,36,116501,卖盘
1764,10:51:33,32.05,--,7,22434,卖盘
1765,10:51:28,32.05,-0.03,97,310885,卖盘
1766,10:51:23,32.08,--,69,221352,中性盘
1767,10:51:18,32.08,--,0,0,中性盘
1768,10:51:13,32.08,-0.01,39,125112,卖盘
1769,10:51:08,32.09,-0.04,31,99479,卖盘
1770,10:51:03,32.13,0.04,19,61047,中性盘
1771,10:50:58,32.09,-0.09,100,320900,卖盘
1772,10:50:53,32.18,0.05,65,209170,买盘
1773,10:50:48,32.13,-0.15,2,6426,买盘
1774,10:50:43,32.28,0.15,59,193486,买盘
1775,10:50:38,32.13,-0.19,6,19278,卖盘
1776,10:50:33,32.32,-0.01,55,177760,卖盘
1777,10:50:28,32.33,0.05,298,963434,买盘
1778,10:50:23,32.28,0.15,47,151716,中性盘
1779,10:50:18,32.13,-0.19,182,584766,卖盘
1780,10:50:13,32.32,0.11,300,969600,买盘
1781,10:50:08,32.21,-0.11,304,979184,卖盘
1782,10:50:02,32.32,--,132,426624,买盘
1783,10:49:58,32.32,-0.03,96,310272,卖盘
1784,10:49:53,32.35,0.03,751,2429485,买盘
1785,10:49:46,32.32,-0.04,69,223008,卖盘
1786,10:49:43,32.36,0.04,68,220048,买盘
1787,10:49:38,32.32,0.02,273,882529,买盘
1788,10:49:32,32.3,--,737,2380510,买盘
1789,10:49:28,32.3,-0.02,396,1279080,中性盘
1790,10:49:23,32.32,0.02,266,859712,买盘
1791,10:49:17,32.3,-0.01,53,171189,卖盘
1792,10:49:13,32.31,0.01,2,6462,买盘
1793,10:49:07,32.3,0.12,362,1169260,买盘
1794,10:49:02,32.18,--,60,193080,卖盘
1795,10:48:57,32.18,0.02,27,86886,买盘
1796,10:48:53,32.16,0.03,42,135072,卖盘
1797,10:48:47,32.13,0.03,44,141372,中性盘
1798,10:48:42,32.1,-0.02,33,105930,卖盘
1799,10:48:38,32.12,-0.03,262,841543,卖盘
1800,10:48:32,32.15,0.03,215,691225,买盘
1801,10:48:27,32.12,0.02,140,449679,买盘
1802,10:48:23,32.1,--,62,199020,买盘
1803,10:48:17,32.1,0.02,105,337050,买盘
1804,10:48:12,32.08,--,26,83408,卖盘
1805,10:48:07,32.08,--,134,431957,卖盘
1806,10:48:02,32.08,0.01,70,224560,买盘
1807,10:47:57,32.07,0.01,16,51312,卖盘
1808,10:47:52,32.06,0.05,89,285526,买盘
1809,10:47:47,32.01,--,46,147246,卖盘
1810,10:47:42,32.01,--,21,67221,卖盘
1811,10:47:37,32.01,0.01,204,653004,买盘
1812,10:47:32,32.0,0.04,1049,3358400,买盘
1813,10:47:27,31.96,-0.02,211,674356,卖盘
1814,10:47:22,31.98,-0.01,109,348582,买盘
1815,10:47:17,31.99,0.1,306,978894,买盘
1816,10:47:12,31.89,-0.06,71,226419,卖盘
1817,10:47:07,31.95,0.07,135,431325,买盘
1818,10:47:02,31.88,--,315,1004220,卖盘
1819,10:46:57,31.88,0.02,58,184904,买盘
1820,10:46:52,31.86,-0.02,59,187974,中性盘
1821,10:46:47,31.88,0.05,119,379372,买盘
1822,10:46:42,31.83,--,0,0,卖盘
1823,10:46:37,31.83,0.03,23,73209,买盘
1824,10:46:32,31.8,--,158,502440,买盘
1825,10:46:27,31.8,--,32,101760,买盘
1826,10:46:22,31.8,0.07,71,225780,买盘
1827,10:46:17,31.73,--,5,15865,卖盘
1828,10:46:12,31.73,--,115,364895,卖盘
1829,10:46:07,31.73,0.02,20,63460,买盘
1830,10:46:02,31.71,0.01,70,221970,买盘
1831,10:45:57,31.7,--,170,538900,买盘
1832,10:45:52,31.7,0.03,145,459650,买盘
1833,10:45:47,31.67,--,95,300865,中性盘
1834,10:45:42,31.67,--,20,63340,卖盘
1835,10:45:37,31.67,--,119,376873,买盘
1836,10:45:32,31.67,0.01,94,297698,买盘
1837,10:45:27,31.66,-0.01,10,31660,卖盘
1838,10:45:22,31.67,0.01,69,218523,买盘
1839,10:45:17,31.66,0.01,19,60154,买盘
1840,10:45:12,31.65,0.01,21,66465,买盘
1841,10:45:07,31.64,--,38,120232,买盘
1842,10:45:02,31.64,--,190,601160,买盘
1843,10:44:57,31.64,0.04,8,25312,买盘
1844,10:44:52,31.6,-0.02,164,518240,卖盘
1845,10:44:47,31.62,--,107,338334,买盘
1846,10:44:42,31.62,0.01,14,44268,买盘
1847,10:44:37,31.61,0.01,118,375368,买盘
1848,10:44:32,31.6,0.02,10,31600,买盘
1849,10:44:27,31.58,-0.02,2,6316,卖盘
1850,10:44:22,31.6,0.03,109,344440,买盘
1851,10:44:17,31.57,--,59,186263,卖盘
1852,10:44:12,31.57,--,40,126280,卖盘
1853,10:44:07,31.57,0.06,46,145222,买盘
1854,10:44:02,31.51,0.02,64,201664,买盘
1855,10:43:57,31.49,-0.02,1,3149,卖盘
1856,10:43:52,31.51,0.02,160,504160,买盘
1857,10:43:47,31.49,--,13,40937,买盘
1858,10:43:42,31.49,0.01,85,267665,买盘
1859,10:43:37,31.48,0.02,35,110180,买盘
1860,10:43:32,31.46,0.02,63,198198,买盘
1861,10:43:27,31.44,--,5,15720,卖盘
1862,10:43:22,31.44,-0.04,4,12576,卖盘
1863,10:43:17,31.48,0.04,93,292764,买盘
1864,10:43:12,31.44,-0.01,2,6288,卖盘
1865,10:43:07,31.45,0.01,139,437155,买盘
1866,10:43:02,31.44,--,13,40872,买盘
1867,10:42:57,31.44,--,12,37728,买盘
1868,10:42:52,31.44,--,28,88032,买盘
1869,10:42:47,31.44,--,17,53448,买盘
1870,10:42:42,31.44,-0.01,171,537624,卖盘
1871,10:42:37,31.45,--,29,91205,买盘
1872,10:42:32,31.45,0.01,34,106930,买盘
1873,10:42:22,31.44,0.01,68,213792,买盘
1874,10:42:17,31.43,-0.01,3,9429,中性盘
1875,10:42:12,31.44,--,55,172920,买盘
1876,10:42:07,31.44,--,23,72312,买盘
1877,10:42:02,31.44,--,229,719976,卖盘
1878,10:41:56,31.44,--,19,59736,卖盘
1879,10:41:52,31.44,--,9,28296,卖盘
1880,10:41:47,31.44,-0.03,47,147768,卖盘
1881,10:41:41,31.47,0.01,37,116439,中性盘
1882,10:41:37,31.46,--,14,44044,卖盘
1883,10:41:32,31.46,--,101,317746,卖盘
1884,10:41:26,31.46,-0.02,107,336622,卖盘
1885,10:41:21,31.48,--,14,44072,买盘
1886,10:41:17,31.48,-0.01,116,365671,卖盘
1887,10:41:11,31.49,--,126,399419,买盘
1888,10:41:07,31.49,0.01,3,9447,买盘
1889,10:41:02,31.48,-0.01,4,12592,卖盘
1890,10:40:56,31.49,-0.01,107,336943,卖盘
1891,10:40:51,31.5,0.01,136,428400,买盘
1892,10:40:46,31.49,--,70,220430,卖盘
1893,10:40:41,31.49,-0.01,121,381029,卖盘
1894,10:40:36,31.5,--,5,15750,买盘
1895,10:40:31,31.5,-0.01,450,1417500,卖盘
1896,10:40:26,31.51,--,60,189060,卖盘
1897,10:40:21,31.51,-0.04,1,3151,卖盘
1898,10:40:16,31.55,0.04,337,1063235,买盘
1899,10:40:11,31.51,-0.02,281,885431,卖盘
1900,10:40:06,31.53,--,30,94590,买盘
1901,10:40:01,31.53,--,3,9459,买盘
1902,10:39:56,31.53,-0.02,104,327912,卖盘
1903,10:39:46,31.55,-0.04,32,100960,卖盘
1904,10:39:41,31.59,0.01,152,480168,买盘
1905,10:39:36,31.58,-0.02,113,357643,卖盘
1906,10:39:31,31.6,-0.02,161,511130,中性盘
1907,10:39:26,31.62,--,48,151776,买盘
1908,10:39:21,31.62,--,4,12648,买盘
1909,10:39:16,31.62,0.03,205,648210,中性盘
1910,10:39:11,31.59,-0.06,499,1576341,卖盘
1911,10:39:06,31.65,--,360,1139400,买盘
1912,10:39:01,31.65,0.05,298,943170,买盘
1913,10:38:56,31.6,-0.02,184,581440,卖盘
1914,10:38:51,31.62,--,39,123318,买盘
1915,10:38:46,31.62,-0.03,264,834768,卖盘
1916,10:38:41,31.65,0.05,127,401955,中性盘
1917,10:38:36,31.6,-0.05,93,293880,卖盘
1918,10:38:31,31.65,--,334,1057110,买盘
1919,10:38:26,31.65,0.06,585,1851525,买盘
1920,10:38:21,31.59,--,117,369603,买盘
1921,10:38:16,31.59,0.01,17,53703,买盘
1922,10:38:11,31.58,--,170,536860,买盘
1923,10:38:06,31.58,--,91,287378,买盘
1924,10:38:01,31.58,--,77,243166,买盘
1925,10:37:56,31.58,0.06,252,795816,买盘
1926,10:37:51,31.52,0.01,27,85104,中性盘
1927,10:37:46,31.51,0.01,205,645955,买盘
1928,10:37:41,31.5,--,70,220500,卖盘
1929,10:37:31,31.5,0.05,956,3011400,买盘
1930,10:37:26,31.45,0.05,85,267325,买盘
1931,10:37:21,31.4,-0.08,133,420477,卖盘
1932,10:37:16,31.48,0.08,120,377760,买盘
1933,10:37:11,31.4,--,357,1120980,卖盘
1934,10:37:06,31.4,0.03,821,2577940,买盘
1935,10:37:01,31.37,-0.01,732,2296284,卖盘
1936,10:36:56,31.38,0.02,213,668394,买盘
1937,10:36:51,31.36,--,9,28224,卖盘
1938,10:36:46,31.36,--,92,288512,卖盘
1939,10:36:41,31.36,0.01,333,1047173,买盘
1940,10:36:36,31.35,0.04,79,247665,买盘
1941,10:36:31,31.31,-0.04,132,413292,卖盘
1942,10:36:26,31.35,0.01,241,755535,买盘
1943,10:36:21,31.34,0.04,29,90886,中性盘
1944,10:36:16,31.3,--,180,563400,卖盘
1945,10:36:11,31.3,--,2336,7311680,买盘
1946,10:36:06,31.3,0.03,766,2397580,买盘
1947,10:36:01,31.27,--,500,1563500,买盘
1948,10:35:56,31.27,--,87,272049,买盘
1949,10:35:51,31.27,--,357,1116339,买盘
1950,10:35:46,31.27,--,133,415891,买盘
1951,10:35:41,31.27,0.03,96,300192,买盘
1952,10:35:36,31.24,-0.03,17,53108,中性盘
1953,10:35:31,31.27,0.05,760,2379459,买盘
1954,10:35:26,31.22,0.02,222,693084,买盘
1955,10:35:21,31.2,--,11,34320,卖盘
1956,10:35:16,31.2,--,30,93600,卖盘
1957,10:35:11,31.2,0.06,1807,5639181,买盘
1958,10:35:06,31.14,0.14,24,74736,买盘
1959,10:35:01,31.0,--,17,52700,卖盘
1960,10:34:56,31.0,--,144,446400,卖盘
1961,10:34:51,31.0,--,14,43400,卖盘
1962,10:34:46,31.0,0.05,1569,4863900,买盘
1963,10:34:41,30.95,--,28,86660,买盘
1964,10:34:31,30.95,-0.07,27,85483,卖盘
1965,10:34:26,31.02,0.01,12,37224,买盘
1966,10:34:21,31.01,0.01,26,80626,买盘
1967,10:34:16,31.0,0.05,54,167400,卖盘
1968,10:34:11,30.95,-0.05,163,505661,卖盘
1969,10:34:06,31.0,--,39,122822,卖盘
1970,10:34:01,31.0,-0.06,68,210800,卖盘
1971,10:33:56,31.06,0.06,432,1341792,买盘
1972,10:33:51,31.0,--,142,440200,卖盘
1973,10:33:46,31.0,--,22,68200,卖盘
1974,10:33:41,31.0,--,21,65100,卖盘
1975,10:33:35,31.0,0.05,285,884678,买盘
1976,10:33:31,30.95,--,4,12380,卖盘
1977,10:33:26,30.95,0.03,61,188795,买盘
1978,10:33:20,30.92,--,1,3092,买盘
1979,10:33:16,30.92,0.05,20,61840,买盘
1980,10:33:10,30.87,-0.12,54,166698,卖盘
1981,10:33:05,30.99,0.07,6,18594,中性盘
1982,10:33:01,30.92,0.02,108,333936,卖盘
1983,10:32:56,30.9,--,24,74160,买盘
1984,10:32:50,30.9,0.02,21,64890,买盘
1985,10:32:45,30.88,-0.15,32,98816,卖盘
1986,10:32:40,31.03,0.13,7,21721,中性盘
1987,10:32:35,30.9,-0.06,42,129780,中性盘
1988,10:32:31,30.96,0.08,24,74304,买盘
1989,10:32:25,30.88,-0.21,28,86464,卖盘
1990,10:32:20,31.09,--,24,74616,买盘
1991,10:32:10,31.09,0.02,1568,4874912,中性盘
1992,10:32:05,31.07,-0.03,9,27963,中性盘
1993,10:32:00,31.1,-0.01,40,124400,中性盘
1994,10:31:55,31.11,-0.01,76,236436,卖盘
1995,10:31:50,31.12,--,29,90248,卖盘
1996,10:31:45,31.12,-0.01,121,376552,卖盘
1997,10:31:40,31.13,0.01,116,361108,买盘
1998,10:31:35,31.12,--,86,267632,卖盘
1999,10:31:30,31.12,-0.03,60,186720,卖盘
2000,10:31:25,31.15,--,64,199360,买盘
2001,10:31:20,31.15,0.03,96,299040,买盘
2002,10:31:15,31.12,--,5,15560,卖盘
2003,10:31:10,31.12,-0.04,795,2475035,卖盘
2004,10:31:05,31.16,0.03,268,837206,买盘
2005,10:31:00,31.13,--,27,84051,卖盘
2006,10:30:55,31.13,-0.01,42,130746,中性盘
2007,10:30:50,31.14,0.02,179,557406,买盘
2008,10:30:45,31.12,--,41,127592,买盘
2009,10:30:40,31.12,--,10,31120,买盘
2010,10:30:35,31.12,--,17,52904,买盘
2011,10:30:30,31.12,0.02,31,96472,买盘
2012,10:30:25,31.1,0.09,904,2811440,买盘
2013,10:30:20,31.01,-0.04,78,241878,卖盘
2014,10:30:15,31.05,0.02,63,195615,买盘
2015,10:30:10,31.03,--,67,207901,买盘
2016,10:30:05,31.03,0.01,28,86884,买盘
2017,10:30:00,31.02,0.02,9,27918,买盘
2018,10:29:55,31.0,--,54,167400,卖盘
2019,10:29:50,31.0,0.05,936,2901600,买盘
2020,10:29:40,30.95,--,38,117610,卖盘
2021,10:29:35,30.95,--,7,21665,卖盘
2022,10:29:30,30.95,--,4,12380,卖盘
2023,10:29:25,30.95,0.01,161,498295,买盘
2024,10:29:20,30.94,--,18,55692,买盘
2025,10:29:15,30.94,0.01,48,148512,买盘
2026,10:29:10,30.93,--,139,429927,买盘
2027,10:29:05,30.93,0.01,86,265998,中性盘
2028,10:29:00,30.92,-0.03,3,9276,卖盘
2029,10:28:55,30.95,--,92,284740,买盘
2030,10:28:50,30.95,0.03,2,6190,买盘
2031,10:28:45,30.92,-0.03,3,9276,卖盘
2032,10:28:40,30.95,0.03,135,417825,买盘
2033,10:28:35,30.92,--,1,3092,卖盘
2034,10:28:30,30.92,0.02,88,272096,买盘
2035,10:28:25,30.9,--,1,3090,买盘
2036,10:28:20,30.9,0.01,23,71070,买盘
2037,10:28:15,30.89,-0.03,296,914344,卖盘
2038,10:28:10,30.92,0.02,17,52564,买盘
2039,10:28:05,30.9,0.01,34,105060,买盘
2040,10:28:00,30.89,-0.01,118,364502,卖盘
2041,10:27:55,30.9,0.01,28,86520,买盘
2042,10:27:50,30.89,0.01,302,932878,买盘
2043,10:27:45,30.88,-0.01,1,3088,卖盘
2044,10:27:40,30.89,0.01,15,46335,买盘
2045,10:27:35,30.88,--,77,237776,卖盘
2046,10:27:30,30.88,-0.01,7,21616,卖盘
2047,10:27:25,30.89,--,17,52513,买盘
2048,10:27:20,30.89,0.01,29,89581,买盘
2049,10:27:15,30.88,--,38,117344,卖盘
2050,10:27:10,30.88,-0.01,22,67936,卖盘
2051,10:27:05,30.89,0.04,390,1204710,买盘
2052,10:27:00,30.85,--,5,15425,卖盘
2053,10:26:54,30.85,--,17,52445,卖盘
2054,10:26:50,30.85,--,1,3085,卖盘
2055,10:26:45,30.85,0.04,63,194355,买盘
2056,10:26:40,30.81,--,0,0,卖盘
2057,10:26:35,30.81,-0.04,36,110916,卖盘
2058,10:26:30,30.85,--,62,191270,买盘
2059,10:26:25,30.85,--,30,92550,买盘
2060,10:26:20,30.85,0.01,14,43190,买盘
2061,10:26:15,30.84,-0.01,1,3084,卖盘
2062,10:26:10,30.85,--,21,64785,买盘
2063,10:26:04,30.85,--,45,138825,买盘
2064,10:25:59,30.85,-0.03,311,959435,卖盘
2065,10:25:55,30.88,-0.02,4,12352,卖盘
2066,10:25:49,30.9,--,98,302820,卖盘
2067,10:25:44,30.9,0.02,31,95790,买盘
2068,10:25:40,30.88,-0.02,103,318064,卖盘
2069,10:25:34,30.9,--,221,682890,买盘
2070,10:25:29,30.9,--,45,139050,买盘
2071,10:25:24,30.9,-0.06,151,466590,卖盘
2072,10:25:19,30.96,-0.01,21,65016,中性盘
2073,10:25:14,30.97,0.02,189,585333,买盘
2074,10:25:09,30.95,-0.01,1,3095,卖盘
2075,10:25:04,30.96,-0.01,136,421056,卖盘
2076,10:24:59,30.97,0.04,167,517199,买盘
2077,10:24:54,30.93,-0.03,112,346416,卖盘
2078,10:24:44,30.96,0.03,11,34056,买盘
2079,10:24:39,30.93,0.01,68,210324,买盘
2080,10:24:34,30.92,-0.03,30,92760,买盘
2081,10:24:29,30.95,0.03,83,256885,中性盘
2082,10:24:24,30.92,-0.05,113,349396,卖盘
2083,10:24:19,30.97,0.04,25,77425,买盘
2084,10:24:14,30.93,-0.03,5,15465,卖盘
2085,10:24:09,30.96,0.02,14,43344,买盘
2086,10:24:04,30.94,-0.01,46,142324,卖盘
2087,10:23:59,30.95,-0.01,15,46425,中性盘
2088,10:23:54,30.96,--,0,0,中性盘
2089,10:23:49,30.96,--,37,114552,中性盘
2090,10:23:44,30.96,-0.01,2,6192,卖盘
2091,10:23:39,30.97,--,13,40261,买盘
2092,10:23:34,30.97,--,77,238469,卖盘
2093,10:23:29,30.97,-0.01,7,21679,卖盘
2094,10:23:24,30.98,--,14,43372,买盘
2095,10:23:19,30.98,-0.02,3,9294,买盘
2096,10:23:14,31.0,0.01,18,55800,买盘
2097,10:23:04,30.99,0.02,25,77475,买盘
2098,10:22:54,30.97,-0.02,8,24776,卖盘
2099,10:22:49,30.99,0.01,23,71277,买盘
2100,10:22:44,30.98,-0.02,11,34078,卖盘
2101,10:22:39,31.0,0.01,12,37200,买盘
2102,10:22:34,30.99,--,38,117762,买盘
2103,10:22:29,30.99,--,26,80574,买盘
2104,10:22:24,30.99,--,15,46485,买盘
2105,10:22:19,30.99,--,60,185940,买盘
2106,10:22:14,30.99,-0.01,6,18594,中性盘
2107,10:22:09,31.0,--,124,384400,买盘
2108,10:22:04,31.0,--,59,182900,买盘
2109,10:21:59,31.0,--,22,68200,买盘
2110,10:21:54,31.0,--,25,77500,买盘
2111,10:21:49,31.0,--,48,148800,买盘
2112,10:21:44,31.0,--,65,201500,卖盘
2113,10:21:39,31.0,--,42,130200,买盘
2114,10:21:34,31.0,0.02,527,1633700,买盘
2115,10:21:29,30.98,-0.02,7,21686,卖盘
2116,10:21:24,31.0,0.02,23,71300,买盘
2117,10:21:19,30.98,-0.01,11,34078,卖盘
2118,10:21:14,30.99,-0.01,59,182841,买盘
2119,10:21:08,31.0,-0.02,63,195300,卖盘
2120,10:21:04,31.02,-0.01,94,291588,卖盘
2121,10:20:59,31.03,0.03,288,893664,买盘
2122,10:20:49,31.0,--,31,96100,买盘
2123,10:20:44,31.0,-0.01,16,49600,卖盘
2124,10:20:39,31.01,-0.01,28,86828,中性盘
2125,10:20:34,31.02,0.02,31,96162,买盘
2126,10:20:29,31.0,--,33,102300,卖盘
2127,10:20:23,31.0,--,13,40300,卖盘
2128,10:20:19,31.0,--,32,99200,买盘
2129,10:20:14,31.0,0.01,92,285200,买盘
2130,10:20:09,30.99,-0.01,2,6198,卖盘
2131,10:20:04,31.0,0.03,53,164300,买盘
2132,10:19:59,30.97,--,47,145559,卖盘
2133,10:19:54,30.97,0.02,45,139365,中性盘
2134,10:19:49,30.95,--,86,266170,卖盘
2135,10:19:44,30.95,0.05,91,281645,买盘
2136,10:19:34,30.9,0.01,108,333720,买盘
2137,10:19:29,30.89,--,22,67958,卖盘
2138,10:19:24,30.89,--,13,40157,买盘
2139,10:19:19,30.89,0.05,15,46335,买盘
2140,10:19:14,30.84,--,44,135696,卖盘
2141,10:19:08,30.84,-0.04,28,86352,卖盘
2142,10:19:03,30.88,0.04,3,9264,买盘
2143,10:18:59,30.84,0.01,36,111024,卖盘
2144,10:18:53,30.83,0.02,312,962204,买盘
2145,10:18:48,30.81,-0.03,186,573066,卖盘
2146,10:18:44,30.84,0.04,154,474936,买盘
2147,10:18:39,30.8,-0.04,75,231000,卖盘
2148,10:18:33,30.84,--,1,3084,买盘
2149,10:18:29,30.84,--,179,552251,卖盘
2150,10:18:24,30.84,--,55,169620,卖盘
2151,10:18:18,30.84,--,21,64764,卖盘
2152,10:18:13,30.84,0.02,50,154200,买盘
2153,10:18:08,30.82,-0.02,238,733516,卖盘
2154,10:18:03,30.84,0.01,105,323820,买盘
2155,10:17:58,30.83,--,40,123320,卖盘
2156,10:17:54,30.83,-0.01,105,323715,卖盘
2157,10:17:48,30.84,0.01,3,9252,买盘
2158,10:17:43,30.83,-0.02,15,46245,卖盘
2159,10:17:39,30.85,0.01,143,444024,买盘
2160,10:17:33,30.84,-0.01,66,203544,卖盘
2161,10:17:28,30.85,--,14,43190,买盘
2162,10:17:23,30.85,--,53,163505,卖盘
2163,10:17:13,30.85,-0.02,43,132655,卖盘
2164,10:17:08,30.87,-0.07,57,175959,卖盘
2165,10:17:03,30.94,--,0,0,买盘
2166,10:16:58,30.94,--,21,64974,买盘
2167,10:16:53,30.94,0.04,29,89726,买盘
2168,10:16:48,30.9,-0.04,29,89610,卖盘
2169,10:16:43,30.94,-0.02,4,12376,中性盘
2170,10:16:38,30.96,-0.02,67,207432,中性盘
2171,10:16:33,30.98,-0.01,268,830264,中性盘
2172,10:16:28,30.99,0.01,152,471048,买盘
2173,10:16:23,30.98,-0.01,112,346976,卖盘
2174,10:16:18,30.99,-0.04,6,18594,卖盘
2175,10:16:13,31.03,0.04,64,198592,买盘
2176,10:16:08,30.99,-0.06,16,49584,卖盘
2177,10:16:03,31.05,0.02,111,344655,买盘
2178,10:15:58,31.03,-0.07,71,220313,卖盘
2179,10:15:53,31.1,--,71,220810,买盘
2180,10:15:48,31.1,--,1,3110,买盘
2181,10:15:43,31.1,-0.02,108,335880,卖盘
2182,10:15:37,31.12,-0.02,12,37344,卖盘
2183,10:15:33,31.14,-0.01,221,688194,中性盘
2184,10:15:28,31.15,--,237,738255,买盘
2185,10:15:23,31.15,--,219,682185,买盘
2186,10:15:18,31.15,--,10,31150,买盘
2187,10:15:13,31.15,--,255,794325,卖盘
2188,10:15:08,31.15,-0.01,226,703990,卖盘
2189,10:15:03,31.16,0.04,330,1028280,买盘
2190,10:14:58,31.12,0.02,33,102696,买盘
2191,10:14:53,31.1,--,8,24880,卖盘
2192,10:14:48,31.1,--,63,195930,卖盘
2193,10:14:43,31.1,0.08,462,1436820,买盘
2194,10:14:38,31.02,--,34,105468,卖盘
2195,10:14:33,31.02,0.02,5,15510,买盘
2196,10:14:28,31.0,-0.01,111,344100,卖盘
2197,10:14:23,31.01,0.01,18,55818,买盘
2198,10:14:18,31.0,--,25,77500,买盘
2199,10:14:13,31.0,0.01,63,195300,买盘
2200,10:14:08,30.99,-0.01,34,105366,卖盘
2201,10:14:03,31.0,0.01,13,40300,买盘
2202,10:13:58,30.99,-0.01,53,164247,买盘
2203,10:13:53,31.0,0.08,98,303800,买盘
2204,10:13:48,30.92,--,1,3092,卖盘
2205,10:13:43,30.92,0.02,92,284464,卖盘
2206,10:13:38,30.9,-0.01,131,404790,卖盘
2207,10:13:33,30.91,0.02,14,43274,中性盘
2208,10:13:28,30.89,-0.01,60,185556,卖盘
2209,10:13:23,30.9,--,12,37080,买盘
2210,10:13:18,30.9,0.01,13,40170,买盘
2211,10:13:13,30.89,0.01,26,80314,买盘
2212,10:13:07,30.88,0.01,83,256304,买盘
2213,10:13:03,30.87,--,50,154350,卖盘
2214,10:12:58,30.87,0.01,123,379701,买盘
2215,10:12:53,30.86,--,147,453642,卖盘
2216,10:12:48,30.86,-0.01,17,52462,中性盘
2217,10:12:42,30.87,0.03,165,509355,买盘
2218,10:12:37,30.84,-0.03,60,185040,卖盘
2219,10:12:33,30.87,0.04,19,58653,买盘
2220,10:12:28,30.83,-0.03,52,160316,卖盘
2221,10:12:23,30.86,0.01,59,182074,买盘
2222,10:12:17,30.85,0.01,16,49360,买盘
2223,10:12:12,30.84,-0.02,148,456432,卖盘
2224,10:12:08,30.86,--,15,46290,卖盘
2225,10:12:02,30.86,-0.02,24,74064,卖盘
2226,10:11:57,30.88,-0.01,29,89552,中性盘
2227,10:11:53,30.89,--,31,95759,买盘
2228,10:11:47,30.89,-0.01,91,281099,中性盘
2229,10:11:42,30.9,--,154,475860,卖盘
2230,10:11:38,30.9,-0.01,149,460410,卖盘
2231,10:11:32,30.91,0.01,44,136004,中性盘
2232,10:11:27,30.9,-0.04,32,98880,卖盘
2233,10:11:23,30.94,0.02,4,12376,买盘
2234,10:11:17,30.92,0.02,40,123680,中性盘
2235,10:11:12,30.9,-0.05,246,760140,卖盘
2236,10:11:08,30.95,-0.03,49,151655,中性盘
2237,10:11:02,30.98,-0.02,18,55764,中性盘
2238,10:10:57,31.0,--,25,77500,买盘
2239,10:10:52,31.0,--,113,350300,买盘
2240,10:10:47,31.0,-0.02,107,331700,卖盘
2241,10:10:42,31.02,-0.12,22,70973,卖盘
2242,10:10:37,31.14,0.09,35,108990,买盘
2243,10:10:32,31.05,--,40,124200,卖盘
2244,10:10:27,31.05,-0.1,404,1254420,卖盘
2245,10:10:22,31.15,0.1,163,507745,买盘
2246,10:10:17,31.05,-0.11,140,434700,中性盘
2247,10:10:12,31.16,0.15,4,12464,买盘
2248,10:10:07,31.01,-0.17,33,102333,卖盘
2249,10:10:02,31.18,-0.01,56,174608,中性盘
2250,10:09:57,31.19,0.19,149,464731,买盘
2251,10:09:52,31.0,-0.19,33,102300,卖盘
2252,10:09:47,31.19,0.19,63,196497,买盘
2253,10:09:42,31.0,0.02,6,18972,买盘
2254,10:09:37,30.98,-0.21,26,83274,卖盘
2255,10:09:32,31.19,0.19,18,56142,买盘
2256,10:09:27,31.0,0.01,33,102672,买盘
2257,10:09:22,30.99,-0.01,24,74376,卖盘
2258,10:09:16,31.0,--,27,83700,买盘
2259,10:09:12,31.0,-0.22,457,1419428,卖盘
2260,10:09:07,31.22,-0.03,78,243516,中性盘
2261,10:09:02,31.25,-0.01,41,128125,中性盘
2262,10:08:57,31.26,0.04,5,15630,买盘
2263,10:08:52,31.22,-0.04,23,71806,中性盘
2264,10:08:46,31.26,-0.01,232,725232,卖盘
2265,10:08:42,31.27,-0.01,651,2035677,中性盘
2266,10:08:37,31.28,0.01,123,384744,买盘
2267,10:08:32,31.27,0.01,94,293938,中性盘
2268,10:08:27,31.26,--,42,133167,卖盘
2269,10:08:22,31.26,0.02,626,1958220,买盘
2270,10:08:16,31.24,0.02,27,84348,中性盘
2271,10:08:12,31.22,0.01,39,121758,中性盘
2272,10:08:07,31.21,-0.04,76,237196,卖盘
2273,10:08:02,31.25,0.03,47,146875,买盘
2274,10:07:57,31.22,-0.04,22,68684,卖盘
2275,10:07:52,31.26,--,45,140670,买盘
2276,10:07:46,31.26,-0.02,92,289373,卖盘
2277,10:07:42,31.28,--,47,147016,买盘
2278,10:07:37,31.28,0.03,77,242201,中性盘
2279,10:07:32,31.25,-0.03,206,643750,卖盘
2280,10:07:27,31.28,0.03,117,365976,买盘
2281,10:07:22,31.25,-0.03,166,519000,卖盘
2282,10:07:16,31.28,-0.02,27,84456,卖盘
2283,10:07:12,31.3,0.05,124,390999,买盘
2284,10:07:07,31.25,-0.03,102,319000,卖盘
2285,10:07:01,31.28,-0.02,93,290904,卖盘
2286,10:06:57,31.3,0.03,105,331748,买盘
2287,10:06:52,31.27,-0.01,222,694194,中性盘
2288,10:06:47,31.28,-0.02,185,578680,卖盘
2289,10:06:42,31.3,0.05,54,169020,买盘
2290,10:06:37,31.25,-0.05,450,1406250,卖盘
2291,10:06:32,31.3,-0.04,194,607220,卖盘
2292,10:06:27,31.34,0.04,354,1109436,买盘
2293,10:06:22,31.3,--,215,675860,卖盘
2294,10:06:16,31.3,0.02,575,1799969,买盘
2295,10:06:12,31.28,-0.01,46,143888,卖盘
2296,10:06:07,31.29,-0.01,802,2509458,卖盘
2297,10:06:02,31.3,0.01,322,1010770,买盘
2298,10:05:57,31.29,0.04,202,632058,中性盘
2299,10:05:52,31.25,-0.04,543,1696875,卖盘
2300,10:05:47,31.29,0.02,286,894894,买盘
2301,10:05:42,31.27,0.04,76,237652,买盘
2302,10:05:37,31.23,0.03,637,1989351,买盘
2303,10:05:32,31.2,-0.02,1592,4967040,卖盘
2304,10:05:26,31.22,--,13,40586,卖盘
2305,10:05:22,31.22,-0.01,1745,5447890,卖盘
2306,10:05:16,31.23,0.04,162,505926,买盘
2307,10:05:12,31.19,-0.01,593,1849567,卖盘
2308,10:05:06,31.2,--,88,274560,买盘
2309,10:05:01,31.2,--,439,1369680,买盘
2310,10:04:57,31.2,0.05,141,439920,买盘
2311,10:04:51,31.15,--,274,853510,卖盘
2312,10:04:46,31.15,0.05,111,345765,买盘
2313,10:04:42,31.1,0.06,26,80860,卖盘
2314,10:04:36,31.04,0.04,174,540096,中性盘
2315,10:04:32,31.0,--,77,239072,卖盘
2316,10:04:26,31.0,0.05,440,1364000,中性盘
2317,10:04:21,30.95,-0.04,129,399255,中性盘
2318,10:04:16,30.99,0.07,600,1859400,买盘
2319,10:04:11,30.92,-0.08,1228,3796976,中性盘
2320,10:04:06,31.0,0.1,1,3100,买盘
2321,10:04:02,30.9,--,2086,6445740,卖盘
2322,10:03:56,30.9,0.11,505,1560450,买盘
2323,10:03:51,30.79,-0.11,129,397191,卖盘
2324,10:03:46,30.9,0.11,1016,3139440,买盘
2325,10:03:41,30.79,-0.04,13,40365,卖盘
2326,10:03:36,30.83,0.04,1019,3144320,买盘
2327,10:03:31,30.79,-0.01,133,409814,卖盘
2328,10:03:26,30.8,--,107,332332,买盘
2329,10:03:21,30.8,--,11,33880,买盘
2330,10:03:16,30.8,-0.02,139,428736,卖盘
2331,10:03:11,30.82,0.01,78,243169,买盘
2332,10:03:06,30.81,-0.01,34,104754,中性盘
2333,10:03:01,30.82,--,234,721188,卖盘
2334,10:02:56,30.82,-0.03,49,151018,中性盘
2335,10:02:51,30.85,0.01,47,147771,买盘
2336,10:02:46,30.84,0.02,33,101772,买盘
2337,10:02:41,30.82,-0.03,28,86296,卖盘
2338,10:02:36,30.85,--,144,444548,卖盘
2339,10:02:31,30.85,-0.03,70,218726,卖盘
2340,10:02:26,30.88,-0.02,208,642304,卖盘
2341,10:02:21,30.9,--,19,58710,买盘
2342,10:02:16,30.9,--,607,1875630,买盘
2343,10:02:11,30.9,--,473,1462497,卖盘
2344,10:02:06,30.9,-0.04,453,1402551,卖盘
2345,10:02:01,30.94,0.03,325,1005550,中性盘
2346,10:01:56,30.91,-0.03,919,2840629,卖盘
2347,10:01:51,30.94,-0.01,10,30940,卖盘
2348,10:01:46,30.95,--,284,878980,买盘
2349,10:01:41,30.95,-0.03,137,424015,卖盘
2350,10:01:36,30.98,0.02,58,179684,买盘
2351,10:01:31,30.96,-0.03,405,1254189,卖盘
2352,10:01:26,30.99,-0.01,197,610812,卖盘
2353,10:01:21,31.0,0.03,178,554590,买盘
2354,10:01:16,30.97,-0.01,419,1297643,中性盘
2355,10:01:10,30.98,-0.02,530,1644728,中性盘
2356,10:01:06,31.0,0.01,941,2917193,买盘
2357,10:01:01,30.99,-0.01,798,2473528,卖盘
2358,10:00:55,31.0,0.01,270,839790,买盘
2359,10:00:51,30.99,0.03,73,226227,买盘
2360,10:00:46,30.96,-0.03,374,1160690,卖盘
2361,10:00:41,30.99,0.02,205,635295,买盘
2362,10:00:36,30.97,0.04,3164,9801695,买盘
2363,10:00:31,30.93,-0.02,113,349509,卖盘
2364,10:00:25,30.95,--,308,953260,买盘
2365,10:00:21,30.95,-0.02,87,269265,卖盘
2366,10:00:16,30.97,0.02,168,520296,买盘
2367,10:00:10,30.95,-0.03,874,2705030,卖盘
2368,10:00:06,30.98,0.01,367,1136966,买盘
2369,10:00:01,30.97,0.02,232,718504,买盘
2370,09:59:55,30.95,--,2259,6991914,卖盘
2371,09:59:50,30.95,-0.01,214,665115,卖盘
2372,09:59:46,30.96,0.06,1426,4414896,买盘
2373,09:59:40,30.9,-0.05,203,630051,卖盘
2374,09:59:35,30.95,--,234,724230,买盘
2375,09:59:31,30.95,-0.02,403,1250070,中性盘
2376,09:59:25,30.97,0.02,872,2700584,买盘
2377,09:59:20,30.95,0.04,166,516555,买盘
2378,09:59:16,30.91,0.03,925,2861956,买盘
2379,09:59:10,30.88,--,927,2862576,买盘
2380,09:59:06,30.88,--,112,348635,买盘
2381,09:59:01,30.88,0.13,780,2411419,买盘
2382,09:58:55,30.75,0.05,747,2297025,买盘
2383,09:58:50,30.7,0.05,260,798200,卖盘
2384,09:58:46,30.65,-0.04,757,2320205,卖盘
2385,09:58:40,30.69,0.03,613,1881297,买盘
2386,09:58:35,30.66,0.01,151,462966,买盘
2387,09:58:31,30.65,0.17,1990,6101342,买盘
2388,09:58:25,30.48,0.01,742,2261616,买盘
2389,09:58:20,30.47,--,18,54846,买盘
2390,09:58:16,30.47,0.02,38,115786,买盘
2391,09:58:10,30.45,--,232,709180,卖盘
2392,09:58:05,30.45,--,58,179350,买盘
2393,09:58:01,30.45,0.02,219,669595,买盘
2394,09:57:55,30.43,0.02,278,845954,买盘
2395,09:57:50,30.41,0.03,662,2014358,买盘
2396,09:57:45,30.38,0.01,6,18228,买盘
2397,09:57:40,30.37,-0.01,77,236582,卖盘
2398,09:57:35,30.38,--,114,346332,买盘
2399,09:57:30,30.38,--,40,121520,买盘
2400,09:57:25,30.38,-0.02,124,376712,卖盘
2401,09:57:20,30.4,0.03,88,267520,买盘
2402,09:57:15,30.37,-0.03,75,230508,卖盘
2403,09:57:10,30.4,0.02,152,462080,买盘
2404,09:57:05,30.38,-0.02,61,185318,卖盘
2405,09:57:00,30.4,0.02,192,583680,买盘
2406,09:56:55,30.38,--,268,815095,卖盘
2407,09:56:50,30.38,-0.02,87,264306,卖盘
2408,09:56:45,30.4,--,123,373920,买盘
2409,09:56:40,30.4,--,76,233776,买盘
2410,09:56:35,30.4,--,121,370272,买盘
2411,09:56:30,30.4,--,25,76000,买盘
2412,09:56:25,30.4,--,107,325280,买盘
2413,09:56:20,30.4,--,240,729600,买盘
2414,09:56:15,30.4,0.01,80,243200,买盘
2415,09:56:10,30.39,0.01,173,525747,买盘
2416,09:56:05,30.38,-0.02,83,252154,卖盘
2417,09:56:00,30.4,0.01,16,48640,买盘
2418,09:55:55,30.39,0.03,106,322134,买盘
2419,09:55:50,30.36,-0.01,50,151800,卖盘
2420,09:55:45,30.37,-0.03,14,42518,卖盘
2421,09:55:40,30.4,0.03,72,218880,买盘
2422,09:55:35,30.37,-0.01,94,285478,中性盘
2423,09:55:30,30.38,--,117,355446,买盘
2424,09:55:25,30.38,--,77,233926,买盘
2425,09:55:20,30.38,--,390,1185123,买盘
2426,09:55:15,30.38,--,108,328104,买盘
2427,09:55:10,30.38,0.01,87,264306,买盘
2428,09:55:05,30.37,-0.03,254,771398,卖盘
2429,09:55:00,30.4,0.01,185,562400,买盘
2430,09:54:55,30.39,0.03,203,616917,买盘
2431,09:54:50,30.36,--,76,230736,买盘
2432,09:54:45,30.36,--,61,185196,买盘
2433,09:54:40,30.36,-0.03,155,470580,卖盘
2434,09:54:35,30.39,-0.01,93,282627,中性盘
2435,09:54:30,30.4,--,38,115520,买盘
2436,09:54:25,30.4,--,55,167200,买盘
2437,09:54:20,30.4,0.02,27,82080,买盘
2438,09:54:15,30.38,-0.03,181,549878,卖盘
2439,09:54:10,30.41,-0.02,6,18246,卖盘
2440,09:54:05,30.43,-0.02,152,462536,卖盘
2441,09:54:00,30.45,--,308,937860,买盘
2442,09:53:55,30.45,--,387,1178415,买盘
2443,09:53:50,30.45,-0.01,34,103530,卖盘
2444,09:53:45,30.46,0.01,46,140116,中性盘
2445,09:53:40,30.45,-0.01,440,1339800,卖盘
2446,09:53:35,30.46,--,56,170576,买盘
2447,09:53:30,30.46,-0.01,32,97472,卖盘
2448,09:53:25,30.47,-0.01,62,188914,买盘
2449,09:53:19,30.48,0.01,18,54864,买盘
2450,09:53:15,30.47,--,41,124927,买盘
2451,09:53:10,30.47,-0.01,105,319935,卖盘
2452,09:53:04,30.48,--,116,353568,卖盘
2453,09:53:00,30.48,0.01,108,329184,买盘
2454,09:52:55,30.47,-0.01,96,292512,卖盘
2455,09:52:50,30.48,--,101,307848,买盘
2456,09:52:45,30.48,--,11,33528,买盘
2457,09:52:40,30.48,0.02,65,198120,买盘
2458,09:52:34,30.46,-0.02,189,575694,卖盘
2459,09:52:30,30.48,--,66,201168,买盘
2460,09:52:25,30.48,-0.01,130,396240,卖盘
2461,09:52:19,30.49,--,199,606751,买盘
2462,09:52:15,30.49,0.01,291,887259,买盘
2463,09:52:10,30.48,-0.01,41,124968,中性盘
2464,09:52:04,30.49,0.05,61,185989,买盘
2465,09:51:59,30.44,-0.04,22,66968,卖盘
2466,09:51:55,30.48,0.05,150,457200,买盘
2467,09:51:49,30.43,0.02,363,1104609,买盘
2468,09:51:44,30.41,0.06,13,39533,买盘
2469,09:51:40,30.35,-0.05,303,919605,卖盘
2470,09:51:34,30.4,0.05,706,2146240,买盘
2471,09:51:29,30.35,--,20,60700,买盘
2472,09:51:25,30.35,--,188,570580,买盘
2473,09:51:19,30.35,--,338,1025830,卖盘
2474,09:51:14,30.35,--,219,664665,买盘
2475,09:51:10,30.35,--,237,719295,买盘
2476,09:51:04,30.35,0.04,64,194240,买盘
2477,09:50:59,30.31,-0.04,236,715316,卖盘
2478,09:50:55,30.35,0.05,109,332332,买盘
2479,09:50:49,30.3,-0.02,456,1381680,卖盘
2480,09:50:44,30.32,0.02,85,257720,买盘
2481,09:50:39,30.3,--,214,648420,卖盘
2482,09:50:34,30.3,0.04,630,1908900,买盘
2483,09:50:29,30.26,-0.01,7,21182,卖盘
2484,09:50:24,30.27,--,58,175566,买盘
2485,09:50:19,30.27,--,57,172539,买盘
2486,09:50:14,30.27,-0.03,21,63567,卖盘
2487,09:50:09,30.3,--,53,160590,买盘
2488,09:50:04,30.3,--,70,212100,买盘
2489,09:49:59,30.3,--,15,45450,买盘
2490,09:49:54,30.3,-0.02,347,1051410,卖盘
2491,09:49:49,30.32,--,66,200112,买盘
2492,09:49:44,30.32,--,102,309264,买盘
2493,09:49:39,30.32,--,35,106120,买盘
2494,09:49:34,30.32,-0.03,124,375968,卖盘
2495,09:49:29,30.35,--,108,327780,买盘
2496,09:49:24,30.35,--,16,48560,买盘
2497,09:49:19,30.35,-0.03,106,321710,卖盘
2498,09:49:14,30.38,-0.01,75,227850,买盘
2499,09:49:09,30.39,0.02,80,243120,买盘
2500,09:49:04,30.37,-0.05,45,136665,卖盘
2501,09:48:59,30.42,0.01,168,511056,买盘
2502,09:48:54,30.41,--,15,45615,中性盘
2503,09:48:49,30.41,--,111,337551,买盘
2504,09:48:44,30.41,-0.02,50,152050,卖盘
2505,09:48:39,30.43,--,6,18258,卖盘
2506,09:48:34,30.43,-0.06,169,514267,卖盘
2507,09:48:29,30.49,0.11,752,2292848,买盘
2508,09:48:24,30.38,-0.04,365,1108870,卖盘
2509,09:48:18,30.42,-0.01,89,270738,卖盘
2510,09:48:14,30.43,0.03,92,279956,买盘
2511,09:48:09,30.4,--,126,383040,买盘
2512,09:48:04,30.4,-0.04,286,869440,卖盘
2513,09:47:59,30.44,--,116,353104,买盘
2514,09:47:54,30.44,-0.06,238,724472,卖盘
2515,09:47:49,30.5,0.07,910,2775500,买盘
2516,09:47:44,30.43,-0.01,129,392547,卖盘
2517,09:47:39,30.44,--,69,210036,卖盘
2518,09:47:34,30.44,0.04,343,1044092,买盘
2519,09:47:29,30.4,0.01,147,446880,买盘
2520,09:47:24,30.39,0.09,32,97248,买盘
2521,09:47:19,30.3,-0.02,295,894698,卖盘
2522,09:47:14,30.32,-0.01,293,888376,卖盘
2523,09:47:09,30.33,-0.02,170,515610,卖盘
2524,09:47:03,30.35,--,113,342955,卖盘
2525,09:46:59,30.35,--,176,534160,卖盘
2526,09:46:54,30.35,--,66,200310,卖盘
2527,09:46:49,30.35,0.02,58,176030,买盘
2528,09:46:44,30.33,--,34,103122,中性盘
2529,09:46:39,30.33,--,37,112221,买盘
2530,09:46:34,30.33,0.02,89,269937,中性盘
2531,09:46:29,30.31,-0.08,149,451619,卖盘
2532,09:46:24,30.39,-0.01,130,395070,中性盘
2533,09:46:19,30.4,--,41,124640,买盘
2534,09:46:14,30.4,--,110,334400,买盘
2535,09:46:09,30.4,-0.02,54,164160,卖盘
2536,09:46:04,30.42,0.02,117,355914,买盘
2537,09:45:59,30.4,-0.05,118,358720,卖盘
2538,09:45:54,30.45,--,25,76125,买盘
2539,09:45:49,30.45,-0.05,229,697305,卖盘
2540,09:45:44,30.5,--,534,1628700,买盘
2541,09:45:39,30.5,--,2,6100,买盘
2542,09:45:34,30.5,-0.01,187,570350,买盘
2543,09:45:29,30.51,-0.02,484,1476684,中性盘
2544,09:45:24,30.53,0.02,68,207604,买盘
2545,09:45:19,30.51,0.01,77,234927,卖盘
2546,09:45:14,30.5,-0.05,306,933300,卖盘
2547,09:45:09,30.55,0.05,188,574340,买盘
2548,09:45:04,30.5,--,300,915000,买盘
2549,09:44:58,30.5,-0.01,297,905850,卖盘
2550,09:44:54,30.51,-0.04,176,536976,卖盘
2551,09:44:49,30.55,0.05,187,571285,买盘
2552,09:44:43,30.5,0.05,66,201300,买盘
2553,09:44:39,30.45,-0.02,115,350175,卖盘
2554,09:44:34,30.47,0.07,691,2105477,买盘
2555,09:44:28,30.4,--,618,1878720,卖盘
2556,09:44:24,30.4,0.01,12,36480,卖盘
2557,09:44:18,30.39,0.01,203,616917,买盘
2558,09:44:13,30.38,0.03,171,519498,买盘
2559,09:44:08,30.35,--,32,97120,卖盘
2560,09:44:04,30.35,0.05,305,928376,买盘
2561,09:43:58,30.3,0.04,51,154530,买盘
2562,09:43:53,30.26,--,87,263262,卖盘
2563,09:43:49,30.26,0.01,238,722760,卖盘
2564,09:43:43,30.25,0.02,1932,5844300,买盘
2565,09:43:38,30.23,0.05,35,105805,买盘
2566,09:43:34,30.18,--,608,1834944,卖盘
2567,09:43:28,30.18,--,141,425538,卖盘
2568,09:43:23,30.18,-0.05,72,217296,卖盘
2569,09:43:19,30.23,0.03,91,275093,买盘
2570,09:43:13,30.2,-0.03,99,298980,卖盘
2571,09:43:08,30.23,0.05,76,229748,中性盘
2572,09:43:03,30.18,0.01,37,111666,中性盘
2573,09:42:58,30.17,-0.01,123,371091,中性盘
2574,09:42:53,30.18,0.06,67,202206,买盘
2575,09:42:48,30.12,-0.03,375,1129500,中性盘
2576,09:42:43,30.15,0.03,107,322605,买盘
2577,09:42:38,30.12,0.02,194,584328,买盘
2578,09:42:33,30.1,--,109,328090,卖盘
2579,09:42:28,30.1,--,300,903000,买盘
2580,09:42:23,30.1,0.05,106,319060,买盘
2581,09:42:18,30.05,0.04,17,51085,中性盘
2582,09:42:13,30.01,-0.04,324,972324,卖盘
2583,09:42:08,30.05,0.03,136,408680,买盘
2584,09:42:03,30.02,0.02,148,444296,买盘
2585,09:41:58,30.0,0.02,98,294000,买盘
2586,09:41:53,29.98,0.02,42,125916,中性盘
2587,09:41:48,29.96,-0.04,38,113848,卖盘
2588,09:41:43,30.0,0.06,811,2433000,买盘
2589,09:41:38,29.94,-0.01,61,182634,买盘
2590,09:41:33,29.95,0.05,28,83860,买盘
2591,09:41:28,29.9,-0.02,217,648830,卖盘
2592,09:41:23,29.92,0.02,103,308176,买盘
2593,09:41:18,29.9,-0.02,67,200330,卖盘
2594,09:41:13,29.92,0.01,54,161568,卖盘
2595,09:41:08,29.91,0.03,67,200397,中性盘
2596,09:41:03,29.88,-0.02,53,158364,卖盘
2597,09:40:58,29.9,0.02,49,146510,买盘
2598,09:40:53,29.88,0.01,150,448200,买盘
2599,09:40:48,29.87,--,8,23896,买盘
2600,09:40:42,29.87,0.01,101,301687,买盘
2601,09:40:38,29.86,--,51,152286,买盘
2602,09:40:33,29.86,0.01,45,134370,买盘
2603,09:40:28,29.85,0.02,65,194025,中性盘
2604,09:40:23,29.83,0.04,58,173014,买盘
2605,09:40:18,29.79,-0.06,34,102120,卖盘
2606,09:40:13,29.85,0.05,120,360349,买盘
2607,09:40:08,29.8,0.03,87,259260,买盘
2608,09:40:03,29.77,0.02,28,83356,中性盘
2609,09:39:58,29.75,--,32,95200,卖盘
2610,09:39:53,29.75,0.05,38,114359,买盘
2611,09:39:48,29.7,-0.05,106,314820,卖盘
2612,09:39:43,29.75,0.04,139,413525,买盘
2613,09:39:38,29.71,0.01,91,270361,中性盘
2614,09:39:33,29.7,--,77,228690,买盘
2615,09:39:28,29.7,0.03,10,29700,买盘
2616,09:39:23,29.67,0.05,19,56373,买盘
2617,09:39:18,29.62,-0.03,1,2962,中性盘
2618,09:39:12,29.65,0.05,20,59300,买盘
2619,09:39:08,29.6,0.02,9,26640,买盘
2620,09:39:03,29.58,--,0,0,卖盘
2621,09:38:57,29.58,0.02,185,547230,买盘
2622,09:38:53,29.56,0.01,72,212832,买盘
2623,09:38:43,29.55,--,4,11820,卖盘
2624,09:38:38,29.55,--,55,162525,买盘
2625,09:38:33,29.55,--,9,26595,买盘
2626,09:38:27,29.55,0.01,16,47280,买盘
2627,09:38:23,29.54,-0.01,7,20678,中性盘
2628,09:38:18,29.55,0.03,70,206968,买盘
2629,09:38:12,29.52,--,5,14760,卖盘
2630,09:38:08,29.52,--,23,67896,买盘
2631,09:38:03,29.52,0.02,15,44280,买盘
2632,09:37:58,29.5,-0.03,30,88500,卖盘
2633,09:37:53,29.53,0.01,9,26577,买盘
2634,09:37:48,29.52,--,1,2952,卖盘
2635,09:37:43,29.52,--,60,177120,买盘
2636,09:37:38,29.52,0.02,35,103320,买盘
2637,09:37:33,29.5,--,21,61950,卖盘
2638,09:37:27,29.5,-0.02,44,129800,卖盘
2639,09:37:23,29.52,--,34,100368,买盘
2640,09:37:18,29.52,-0.02,103,306889,卖盘
2641,09:37:13,29.54,-0.02,120,354480,卖盘
2642,09:37:07,29.56,0.03,36,106416,买盘
2643,09:37:03,29.53,-0.01,15,44295,卖盘
2644,09:36:58,29.54,-0.03,24,70896,卖盘
2645,09:36:53,29.57,0.04,1,2957,买盘
2646,09:36:48,29.53,--,12,35436,卖盘
2647,09:36:43,29.53,--,0,0,卖盘
2648,09:36:37,29.53,--,4,11812,卖盘
2649,09:36:33,29.53,0.01,17,50319,买盘
2650,09:36:28,29.52,-0.01,23,67896,卖盘
2651,09:36:22,29.53,0.03,88,259864,买盘
2652,09:36:13,29.5,-0.02,3,8850,卖盘
2653,09:36:07,29.52,--,29,85608,买盘
2654,09:36:03,29.52,0.02,56,165312,买盘
2655,09:35:58,29.5,-0.02,28,82600,卖盘
2656,09:35:47,29.52,0.01,36,106272,买盘
2657,09:35:42,29.51,0.06,19,56069,买盘
2658,09:35:37,29.45,-0.06,23,67735,卖盘
2659,09:35:32,29.51,0.11,36,106236,买盘
2660,09:35:27,29.4,--,0,0,卖盘
2661,09:35:22,29.4,-0.05,241,708540,卖盘
2662,09:35:17,29.45,-0.05,13,38285,买盘
2663,09:35:12,29.5,0.05,10,29500,买盘
2664,09:35:07,29.45,--,80,235600,买盘
2665,09:35:02,29.45,-0.06,53,156085,卖盘
2666,09:34:57,29.51,--,21,61971,买盘
2667,09:34:52,29.51,0.06,74,218374,买盘
2668,09:34:47,29.45,-0.06,17,50065,卖盘
2669,09:34:42,29.51,-0.02,69,203619,中性盘
2670,09:34:37,29.53,--,131,386843,买盘
2671,09:34:32,29.53,--,85,251005,买盘
2672,09:34:27,29.53,--,9,26577,买盘
2673,09:34:22,29.53,--,24,70872,买盘
2674,09:34:17,29.53,--,104,307112,买盘
2675,09:34:12,29.53,-0.04,271,800263,卖盘
2676,09:34:07,29.57,--,21,62097,卖盘
2677,09:34:02,29.57,--,26,76882,买盘
2678,09:33:57,29.57,0.03,10,29570,买盘
2679,09:33:52,29.54,--,5,14770,卖盘
2680,09:33:47,29.54,0.01,54,159516,买盘
2681,09:33:42,29.53,--,14,41342,卖盘
2682,09:33:37,29.53,--,50,147650,卖盘
2683,09:33:32,29.53,-0.01,5,14765,卖盘
2684,09:33:27,29.54,0.01,22,64988,买盘
2685,09:33:22,29.53,--,27,79731,买盘
2686,09:33:17,29.53,--,2,5906,买盘
2687,09:33:12,29.53,0.13,3,8859,买盘
2688,09:33:06,29.4,-0.14,81,238140,卖盘
2689,09:32:57,29.54,--,3,8862,买盘
2690,09:32:52,29.54,--,3,8862,卖盘
2691,09:32:47,29.54,--,71,209734,卖盘
2692,09:32:37,29.54,-0.04,15,44310,卖盘
2693,09:32:32,29.58,0.04,1,2958,中性盘
2694,09:32:27,29.54,--,4,11816,卖盘
2695,09:32:21,29.54,-0.08,71,209734,卖盘
2696,09:32:17,29.62,0.02,41,121442,买盘
2697,09:32:07,29.6,0.02,12,35520,中性盘
2698,09:32:02,29.58,--,2,5916,卖盘
2699,09:31:57,29.58,-0.08,9,26622,卖盘
2700,09:31:52,29.66,--,0,0,买盘
2701,09:31:47,29.66,0.04,56,166096,买盘
2702,09:31:42,29.62,--,51,151062,卖盘
2703,09:31:37,29.62,-0.06,34,100708,卖盘
2704,09:31:32,29.68,--,49,145432,买盘
2705,09:31:27,29.68,0.06,29,86072,买盘
2706,09:31:22,29.62,-0.13,172,509819,卖盘
2707,09:31:17,29.75,-0.01,44,130900,卖盘
2708,09:31:12,29.76,0.01,6,17856,买盘
2709,09:31:07,29.75,--,8,23800,买盘
2710,09:31:02,29.75,0.07,118,351050,买盘
2711,09:30:57,29.68,-0.07,75,222600,卖盘
2712,09:30:52,29.75,--,13,38675,卖盘
2713,09:30:47,29.75,-0.02,30,89250,卖盘
2714,09:30:41,29.77,0.01,12,35724,买盘
2715,09:30:36,29.76,--,102,303552,买盘
2716,09:30:32,29.76,--,0,0,买盘
2717,09:30:21,29.76,0.08,15,44640,买盘
2718,09:30:11,29.68,--,0,0,卖盘
2719,09:30:06,29.68,0.07,319,949403,买盘
2720,09:30:02,29.61,-0.07,107,316827,卖盘
2721,09:28:55,29.68,--,0,0,买盘
2722,09:25:04,29.68,29.68,435,1291080,买盘
