,time,price,change,volume,amount,type
0,15:00:00,8.66,--,0,0,买盘
1,15:00:00,8.66,0.01,41,35679,买盘
2,14:59:59,8.65,-0.01,257,222305,卖盘
3,14:59:54,8.66,--,221,191386,买盘
4,14:59:48,8.66,--,36,31176,买盘
5,14:59:44,8.66,--,1,866,买盘
6,14:59:39,8.66,--,187,161942,卖盘
7,14:59:33,8.66,--,100,86600,卖盘
8,14:59:29,8.66,0.01,91,78806,买盘
9,14:59:24,8.65,-0.01,73,63145,卖盘
10,14:59:18,8.66,--,226,195716,买盘
11,14:59:14,8.66,-0.01,288,249408,卖盘
12,14:59:09,8.67,--,344,298248,卖盘
13,14:59:03,8.67,0.01,408,353736,买盘
14,14:58:59,8.66,--,7,6062,卖盘
15,14:58:54,8.66,-0.01,28,24248,卖盘
16,14:58:48,8.67,0.01,541,469047,买盘
17,14:58:44,8.66,-0.01,150,129900,卖盘
18,14:58:39,8.67,0.01,43,37281,买盘
19,14:58:33,8.66,--,371,321286,卖盘
20,14:58:24,8.66,0.01,69,59754,买盘
21,14:58:18,8.65,--,85,73525,卖盘
22,14:58:14,8.65,-0.01,6,5190,卖盘
23,14:58:09,8.66,--,487,421742,买盘
24,14:58:03,8.66,0.01,102,88332,买盘
25,14:57:59,8.65,--,123,106395,卖盘
26,14:57:54,8.65,-0.01,171,147915,卖盘
27,14:57:48,8.66,--,333,288378,买盘
28,14:57:44,8.66,--,20,17320,买盘
29,14:57:39,8.66,--,123,106518,卖盘
30,14:57:33,8.66,--,148,128168,卖盘
31,14:57:29,8.66,--,70,60620,卖盘
32,14:57:24,8.66,--,267,231222,卖盘
33,14:57:18,8.66,0.01,301,261358,买盘
34,14:57:09,8.65,-0.01,125,108125,卖盘
35,14:57:03,8.66,--,171,148086,买盘
36,14:56:58,8.66,0.01,45,38970,买盘
37,14:56:54,8.65,-0.01,396,342540,卖盘
38,14:56:48,8.66,--,20,17320,买盘
39,14:56:43,8.66,-0.01,51,44166,卖盘
40,14:56:38,8.67,0.01,519,449973,买盘
41,14:56:33,8.66,--,336,290976,卖盘
42,14:56:28,8.66,--,66,57156,卖盘
43,14:56:23,8.66,-0.01,182,157612,卖盘
44,14:56:18,8.67,0.01,87,75429,买盘
45,14:56:13,8.66,-0.01,60,51960,卖盘
46,14:56:08,8.67,--,189,163863,买盘
47,14:56:03,8.67,--,440,381480,买盘
48,14:55:58,8.67,--,1,867,买盘
49,14:55:53,8.67,--,26,22542,买盘
50,14:55:48,8.67,--,136,117912,买盘
51,14:55:43,8.67,--,2,1734,买盘
52,14:55:38,8.67,--,71,61557,买盘
53,14:55:33,8.67,-0.01,117,101439,卖盘
54,14:55:28,8.68,0.01,199,172732,买盘
55,14:55:18,8.67,-0.01,279,241893,卖盘
56,14:55:13,8.68,--,166,144088,卖盘
57,14:55:08,8.68,--,253,219604,买盘
58,14:55:03,8.68,0.01,83,72044,买盘
59,14:54:58,8.67,-0.01,80,69360,卖盘
60,14:54:53,8.68,--,17,14756,卖盘
61,14:54:48,8.68,--,69,59892,买盘
62,14:54:43,8.68,--,61,52948,买盘
63,14:54:38,8.68,0.01,26,22568,买盘
64,14:54:33,8.67,-0.01,91,78897,买盘
65,14:54:28,8.68,--,149,129332,买盘
66,14:54:23,8.68,--,75,65100,买盘
67,14:54:18,8.68,0.01,104,90272,买盘
68,14:54:13,8.67,-0.01,673,583491,卖盘
69,14:54:08,8.68,--,10,8680,买盘
70,14:54:03,8.68,--,25,21700,买盘
71,14:53:58,8.68,--,211,183148,卖盘
72,14:53:53,8.68,-0.01,27,23436,卖盘
73,14:53:48,8.69,--,50,43450,买盘
74,14:53:38,8.69,--,181,157289,买盘
75,14:53:33,8.69,0.01,21,18249,买盘
76,14:53:28,8.68,--,30,26040,卖盘
77,14:53:23,8.68,--,135,117180,卖盘
78,14:53:18,8.68,--,176,152768,卖盘
79,14:53:12,8.68,--,79,68572,卖盘
80,14:53:08,8.68,-0.01,118,102424,卖盘
81,14:53:03,8.69,--,13,11297,买盘
82,14:52:57,8.69,--,32,27808,买盘
83,14:52:53,8.69,--,9,7821,买盘
84,14:52:48,8.69,--,244,212036,卖盘
85,14:52:42,8.69,--,764,663916,卖盘
86,14:52:38,8.69,--,256,222464,卖盘
87,14:52:33,8.69,--,158,137302,卖盘
88,14:52:27,8.69,--,9,7821,卖盘
89,14:52:23,8.69,-0.01,80,69520,卖盘
90,14:52:18,8.7,--,11,9570,买盘
91,14:52:12,8.7,--,240,208799,卖盘
92,14:52:03,8.7,--,221,192269,卖盘
93,14:51:57,8.7,-0.01,37,32189,卖盘
94,14:51:53,8.71,--,7,6097,买盘
95,14:51:48,8.71,0.01,122,106262,买盘
96,14:51:42,8.7,-0.01,208,180959,卖盘
97,14:51:38,8.71,0.01,74,64454,买盘
98,14:51:33,8.7,-0.01,96,83520,卖盘
99,14:51:27,8.71,--,114,99294,买盘
100,14:51:23,8.71,-0.01,13,11323,卖盘
101,14:51:18,8.72,--,239,208408,卖盘
102,14:51:12,8.72,--,122,106384,卖盘
103,14:51:08,8.72,0.02,257,224104,买盘
104,14:51:03,8.7,-0.01,100,87000,卖盘
105,14:50:57,8.71,--,32,27872,卖盘
106,14:50:53,8.71,--,47,40937,买盘
107,14:50:48,8.71,--,93,81003,卖盘
108,14:50:42,8.71,0.01,12,10452,买盘
109,14:50:33,8.7,-0.02,150,130499,卖盘
110,14:50:23,8.72,0.01,30,26160,买盘
111,14:50:18,8.71,--,15,13065,卖盘
112,14:50:12,8.71,0.01,5,4355,买盘
113,14:50:08,8.7,--,0,0,卖盘
114,14:50:03,8.7,--,96,83520,卖盘
115,14:49:57,8.7,-0.02,156,135720,卖盘
116,14:49:53,8.72,0.03,24,20928,买盘
117,14:49:48,8.69,--,122,106018,卖盘
118,14:49:42,8.69,-0.01,98,85162,卖盘
119,14:49:37,8.7,0.01,51,44370,买盘
120,14:49:33,8.69,-0.01,553,480557,卖盘
121,14:49:23,8.7,-0.02,40,34800,卖盘
122,14:49:17,8.72,--,22,19184,买盘
123,14:49:12,8.72,0.02,102,88944,买盘
124,14:49:08,8.7,-0.01,103,89609,卖盘
125,14:49:03,8.71,-0.02,111,96681,卖盘
126,14:48:57,8.73,--,54,47142,买盘
127,14:48:52,8.73,0.01,24,20952,买盘
128,14:48:42,8.72,0.01,23,20056,买盘
129,14:48:37,8.71,--,82,71422,卖盘
130,14:48:32,8.71,--,47,40937,卖盘
131,14:48:27,8.71,-0.01,110,95810,卖盘
132,14:48:17,8.72,--,78,68016,卖盘
133,14:48:12,8.72,--,105,91560,卖盘
134,14:48:07,8.72,0.01,155,135160,买盘
135,14:48:02,8.71,--,128,111488,卖盘
136,14:47:57,8.71,--,56,48776,卖盘
137,14:47:52,8.71,--,41,35711,买盘
138,14:47:47,8.71,0.01,15,13065,买盘
139,14:47:42,8.7,--,113,98309,卖盘
140,14:47:37,8.7,--,50,43500,卖盘
141,14:47:32,8.7,-0.01,107,93089,卖盘
142,14:47:22,8.71,0.01,15,13065,买盘
143,14:47:17,8.7,0.01,10,8700,买盘
144,14:47:12,8.69,-0.01,155,134695,卖盘
145,14:47:07,8.7,0.01,11,9570,买盘
146,14:47:02,8.69,-0.01,96,83424,卖盘
147,14:46:57,8.7,-0.02,118,102659,卖盘
148,14:46:52,8.72,--,10,8720,买盘
149,14:46:47,8.72,--,45,39240,买盘
150,14:46:37,8.72,--,106,92432,买盘
151,14:46:17,8.72,-0.01,427,372344,卖盘
152,14:46:12,8.73,--,1,873,买盘
153,14:46:07,8.73,0.01,41,35793,买盘
154,14:46:02,8.72,-0.01,171,149112,卖盘
155,14:45:56,8.73,--,42,36666,买盘
156,14:45:52,8.73,--,308,268884,买盘
157,14:45:47,8.73,--,115,100395,买盘
158,14:45:42,8.73,--,1,873,买盘
159,14:45:36,8.73,--,7,6111,买盘
160,14:45:32,8.73,0.01,117,102141,买盘
161,14:45:26,8.72,--,8,6976,卖盘
162,14:45:17,8.72,--,21,18312,卖盘
163,14:45:02,8.72,0.03,200,174400,买盘
164,14:44:57,8.69,--,0,0,卖盘
165,14:44:47,8.69,-0.03,206,179014,卖盘
166,14:44:41,8.72,--,201,175272,买盘
167,14:44:36,8.72,0.02,99,86328,买盘
168,14:44:27,8.7,-0.02,14,12179,卖盘
169,14:44:21,8.72,0.03,1,872,买盘
170,14:44:12,8.69,--,0,0,卖盘
171,14:44:06,8.69,-0.01,265,230285,卖盘
172,14:43:56,8.7,-0.02,31,26969,卖盘
173,14:43:51,8.72,-0.01,11,9592,卖盘
174,14:43:47,8.73,0.01,24,20952,买盘
175,14:43:41,8.72,0.02,24,20928,买盘
176,14:43:36,8.7,-0.02,154,133980,卖盘
177,14:43:26,8.72,0.02,1,872,买盘
178,14:43:21,8.7,-0.01,161,140070,卖盘
179,14:43:17,8.71,--,26,22646,买盘
180,14:43:12,8.71,0.01,2,1742,买盘
181,14:43:06,8.7,--,148,128759,卖盘
182,14:43:02,8.7,--,39,33930,卖盘
183,14:42:56,8.7,-0.02,67,58289,卖盘
184,14:42:51,8.72,0.02,2,1744,买盘
185,14:42:47,8.7,-0.02,12,10440,卖盘
186,14:42:41,8.72,0.02,35,30520,买盘
187,14:42:36,8.7,--,202,175740,卖盘
188,14:42:32,8.7,--,15,13049,买盘
189,14:42:26,8.7,-0.02,115,100049,卖盘
190,14:42:21,8.72,0.03,233,203176,买盘
191,14:42:11,8.69,--,36,31284,卖盘
192,14:42:06,8.69,-0.01,99,86031,卖盘
193,14:42:02,8.7,--,19,16530,买盘
194,14:41:56,8.7,0.01,1,869,买盘
195,14:41:51,8.69,-0.03,40,34760,卖盘
196,14:41:41,8.72,0.04,24,20928,买盘
197,14:41:36,8.68,-0.02,96,83328,卖盘
198,14:41:26,8.7,-0.03,75,65249,卖盘
199,14:41:21,8.73,0.01,26,22698,买盘
200,14:41:17,8.72,0.03,459,400248,买盘
201,14:41:11,8.69,--,157,136433,买盘
202,14:41:06,8.69,--,162,140778,买盘
203,14:41:02,8.69,0.01,12,10428,买盘
204,14:40:56,8.68,--,205,177940,卖盘
205,14:40:51,8.68,-0.01,10,8680,卖盘
206,14:40:46,8.69,--,3,2607,买盘
207,14:40:41,8.69,0.01,70,60830,买盘
208,14:40:36,8.68,-0.01,165,143220,卖盘
209,14:40:32,8.69,--,51,44319,买盘
210,14:40:26,8.69,--,71,61699,买盘
211,14:40:21,8.69,--,20,17380,买盘
212,14:40:16,8.69,--,23,19987,买盘
213,14:40:11,8.69,--,85,73865,卖盘
214,14:40:06,8.69,--,197,171193,卖盘
215,14:40:01,8.69,-0.01,70,60830,卖盘
216,14:39:56,8.7,0.02,1,869,买盘
217,14:39:51,8.68,-0.01,500,434000,卖盘
218,14:39:46,8.69,--,47,40843,卖盘
219,14:39:41,8.69,--,39,33891,卖盘
220,14:39:36,8.69,-0.01,97,84293,卖盘
221,14:39:31,8.7,--,48,41760,买盘
222,14:39:26,8.7,0.01,10,8700,买盘
223,14:39:21,8.69,--,250,217250,卖盘
224,14:39:11,8.69,--,7,6083,卖盘
225,14:39:06,8.69,-0.03,107,92983,卖盘
226,14:39:01,8.72,0.03,1,872,买盘
227,14:38:50,8.69,--,63,54747,买盘
228,14:38:41,8.69,--,22,19118,买盘
229,14:38:35,8.69,-0.03,116,100804,买盘
230,14:38:30,8.72,--,0,0,买盘
231,14:38:26,8.72,0.04,558,486576,买盘
232,14:38:16,8.68,--,0,0,卖盘
233,14:38:11,8.68,--,154,133672,卖盘
234,14:38:05,8.68,-0.01,97,84196,卖盘
235,14:37:56,8.69,--,1,869,卖盘
236,14:37:50,8.69,--,6,5214,买盘
237,14:37:45,8.69,-0.01,6,5214,买盘
238,14:37:41,8.7,0.01,98,85260,买盘
239,14:37:35,8.69,--,150,130349,卖盘
240,14:37:26,8.69,-0.01,127,110363,卖盘
241,14:37:11,8.7,0.01,201,174870,买盘
242,14:37:05,8.69,-0.01,96,83424,卖盘
243,14:36:56,8.7,--,20,17400,买盘
244,14:36:50,8.7,0.01,19,16530,买盘
245,14:36:45,8.69,-0.01,10,8690,卖盘
246,14:36:41,8.7,0.01,7,6089,买盘
247,14:36:35,8.69,-0.01,148,128611,卖盘
248,14:36:30,8.7,--,10,8700,买盘
249,14:36:20,8.7,--,50,43500,买盘
250,14:36:15,8.7,--,61,53069,买盘
251,14:36:11,8.7,--,202,175740,买盘
252,14:36:05,8.7,--,106,92219,买盘
253,14:35:45,8.7,--,16,13919,买盘
254,14:35:40,8.7,--,8,6959,买盘
255,14:35:35,8.7,0.01,135,117449,买盘
256,14:35:30,8.69,--,50,43450,卖盘
257,14:35:20,8.69,--,21,18249,卖盘
258,14:35:05,8.69,-0.01,96,83424,卖盘
259,14:35:00,8.7,--,126,109619,卖盘
260,14:34:55,8.7,-0.01,13,11309,卖盘
261,14:34:50,8.71,--,66,57486,买盘
262,14:34:45,8.71,0.01,1,871,买盘
263,14:34:40,8.7,0.01,303,263610,买盘
264,14:34:35,8.69,-0.01,107,92983,卖盘
265,14:34:30,8.7,--,34,29579,买盘
266,14:34:25,8.7,0.01,41,35670,买盘
267,14:34:20,8.69,--,25,21725,卖盘
268,14:34:15,8.69,-0.01,16,13904,卖盘
269,14:34:05,8.7,0.01,117,101789,买盘
270,14:34:00,8.69,--,61,53009,卖盘
271,14:33:55,8.69,-0.01,4,3476,卖盘
272,14:33:50,8.7,0.01,1,869,买盘
273,14:33:45,8.69,--,60,52140,卖盘
274,14:33:35,8.69,-0.01,103,89507,卖盘
275,14:33:30,8.7,0.01,46,40020,买盘
276,14:33:20,8.69,--,6,5214,卖盘
277,14:33:15,8.69,--,98,85162,卖盘
278,14:33:10,8.69,--,21,18249,卖盘
279,14:33:05,8.69,-0.01,115,99935,卖盘
280,14:33:00,8.7,0.01,164,142680,买盘
281,14:32:55,8.69,--,152,132088,卖盘
282,14:32:50,8.69,-0.01,13,11297,卖盘
283,14:32:45,8.7,--,2,1739,买盘
284,14:32:40,8.7,--,350,304500,卖盘
285,14:32:35,8.7,-0.01,124,107879,卖盘
286,14:32:30,8.71,--,49,42679,买盘
287,14:32:20,8.71,--,28,24388,买盘
288,14:32:15,8.71,--,149,129779,卖盘
289,14:32:10,8.71,--,45,39195,卖盘
290,14:32:05,8.71,-0.01,202,175942,卖盘
291,14:32:00,8.72,0.01,181,157832,买盘
292,14:31:55,8.71,--,19,16549,卖盘
293,14:31:50,8.71,--,61,53131,卖盘
294,14:31:45,8.71,--,22,19162,卖盘
295,14:31:35,8.71,-0.02,696,606216,卖盘
296,14:31:30,8.73,0.01,28,24444,买盘
297,14:31:25,8.72,--,20,17440,买盘
298,14:31:20,8.72,--,1,872,买盘
299,14:31:14,8.72,--,22,19184,买盘
300,14:31:10,8.72,0.02,48,41856,买盘
301,14:31:05,8.7,-0.02,111,96569,卖盘
302,14:30:54,8.72,0.02,300,261600,买盘
303,14:30:50,8.7,--,0,0,卖盘
304,14:30:44,8.7,-0.02,103,89609,卖盘
305,14:30:35,8.72,0.02,119,103768,买盘
306,14:30:29,8.7,-0.03,50,43500,卖盘
307,14:30:24,8.73,0.01,15,13095,买盘
308,14:30:20,8.72,--,168,146496,买盘
309,14:30:14,8.72,0.02,1,872,中性盘
310,14:30:05,8.7,--,186,161820,卖盘
311,14:29:59,8.7,-0.01,39,33930,卖盘
312,14:29:50,8.71,-0.01,1,871,中性盘
313,14:29:44,8.72,--,0,0,中性盘
314,14:29:39,8.72,0.02,1,872,买盘
315,14:29:35,8.7,-0.02,97,84390,卖盘
316,14:29:29,8.72,--,2,1744,买盘
317,14:29:24,8.72,--,24,20928,买盘
318,14:29:09,8.72,0.02,1,872,中性盘
319,14:29:05,8.7,-0.04,97,84390,卖盘
320,14:28:59,8.74,--,20,17480,买盘
321,14:28:54,8.74,--,1,874,买盘
322,14:28:39,8.74,--,1,874,买盘
323,14:28:35,8.74,--,121,105754,买盘
324,14:28:29,8.74,-0.01,8,6992,中性盘
325,14:28:24,8.75,--,33,28875,买盘
326,14:28:20,8.75,--,277,243241,买盘
327,14:28:14,8.75,0.01,53,46375,买盘
328,14:28:09,8.74,--,21,18354,卖盘
329,14:28:05,8.74,-0.01,83,72542,卖盘
330,14:27:59,8.75,0.01,211,184625,买盘
331,14:27:54,8.74,0.01,633,553250,买盘
332,14:27:44,8.73,0.01,358,312534,卖盘
333,14:27:39,8.72,--,13,11336,卖盘
334,14:27:34,8.72,-0.02,97,84584,卖盘
335,14:27:29,8.74,0.01,200,174800,买盘
336,14:27:24,8.73,--,25,21825,买盘
337,14:27:19,8.73,0.01,1,873,买盘
338,14:27:09,8.72,0.03,152,132544,买盘
339,14:27:04,8.69,-0.02,181,157289,卖盘
340,14:26:54,8.71,--,4,3484,买盘
341,14:26:49,8.71,--,12,10452,买盘
342,14:26:44,8.71,0.02,11,9581,买盘
343,14:26:39,8.69,0.01,20,17380,中性盘
344,14:26:34,8.68,-0.01,106,92008,卖盘
345,14:26:29,8.69,--,0,0,卖盘
346,14:26:24,8.69,--,227,197263,卖盘
347,14:26:19,8.69,-0.01,3,2607,卖盘
348,14:26:14,8.7,--,110,95699,买盘
349,14:26:09,8.7,--,1,869,中性盘
350,14:26:04,8.7,-0.01,96,83520,卖盘
351,14:25:59,8.71,--,61,53131,买盘
352,14:25:44,8.71,--,20,17420,买盘
353,14:25:39,8.71,--,47,40937,卖盘
354,14:25:34,8.71,-0.01,101,87971,卖盘
355,14:25:29,8.72,--,9,7848,买盘
356,14:25:19,8.72,0.01,32,27904,买盘
357,14:25:14,8.71,0.01,221,192491,买盘
358,14:25:04,8.7,-0.01,104,90479,卖盘
359,14:24:54,8.71,--,9,7839,买盘
360,14:24:49,8.71,0.01,3,2613,买盘
361,14:24:44,8.7,--,243,211409,买盘
362,14:24:39,8.7,0.01,6,5220,中性盘
363,14:24:34,8.69,-0.02,96,83424,卖盘
364,14:24:24,8.71,--,5,4355,买盘
365,14:24:19,8.71,0.01,24,20904,买盘
366,14:24:14,8.7,--,1,869,买盘
367,14:24:09,8.7,--,83,72210,卖盘
368,14:24:04,8.7,--,29,25229,卖盘
369,14:23:59,8.7,--,20,17400,卖盘
370,14:23:54,8.7,-0.01,4,3479,卖盘
371,14:23:49,8.71,--,4,3484,卖盘
372,14:23:44,8.71,0.01,36,31356,买盘
373,14:23:39,8.7,0.01,16,13919,中性盘
374,14:23:34,8.69,-0.01,101,87769,卖盘
375,14:23:23,8.7,--,3,2610,卖盘
376,14:23:19,8.7,-0.01,30,26099,卖盘
377,14:23:14,8.71,--,50,43550,买盘
378,14:23:08,8.71,0.01,65,56615,买盘
379,14:23:03,8.7,--,102,88740,卖盘
380,14:22:59,8.7,-0.01,10,8700,卖盘
381,14:22:53,8.71,0.01,5,4355,买盘
382,14:22:44,8.7,--,28,24359,卖盘
383,14:22:38,8.7,--,0,0,卖盘
384,14:22:33,8.7,0.01,127,110489,买盘
385,14:22:29,8.69,-0.01,5,4345,卖盘
386,14:22:23,8.7,--,4,3479,买盘
387,14:22:18,8.7,--,1,869,买盘
388,14:22:14,8.7,0.01,24,20880,买盘
389,14:22:08,8.69,--,0,0,卖盘
390,14:22:03,8.69,-0.01,113,98197,卖盘
391,14:21:59,8.7,--,3,2610,卖盘
392,14:21:53,8.7,-0.02,5,4350,卖盘
393,14:21:48,8.72,--,8,6976,买盘
394,14:21:44,8.72,0.02,8,6976,买盘
395,14:21:38,8.7,--,0,0,卖盘
396,14:21:33,8.7,--,193,167910,卖盘
397,14:21:29,8.7,--,0,0,卖盘
398,14:21:23,8.7,-0.02,16,13919,卖盘
399,14:21:18,8.72,--,24,20928,买盘
400,14:21:14,8.72,0.03,1,872,买盘
401,14:21:08,8.69,--,73,63437,卖盘
402,14:21:03,8.69,-0.02,103,89507,卖盘
403,14:20:53,8.71,0.02,71,62520,买盘
404,14:20:48,8.69,-0.01,40,34760,卖盘
405,14:20:43,8.7,--,400,348000,买盘
406,14:20:38,8.7,0.01,1,869,买盘
407,14:20:33,8.69,0.01,100,86900,中性盘
408,14:20:29,8.68,-0.01,80,69440,卖盘
409,14:20:23,8.69,--,4,4336,买盘
410,14:20:18,8.69,--,10,8690,买盘
411,14:20:14,8.69,--,16,13904,买盘
412,14:20:08,8.69,0.01,11,9559,买盘
413,14:20:03,8.68,-0.02,209,181420,卖盘
414,14:19:58,8.7,--,1,869,买盘
415,14:19:53,8.7,--,68,59159,买盘
416,14:19:48,8.7,--,26,22619,买盘
417,14:19:38,8.7,0.01,110,95699,买盘
418,14:19:33,8.69,-0.01,100,86900,卖盘
419,14:19:28,8.7,--,105,91349,买盘
420,14:19:23,8.7,--,6,5220,买盘
421,14:19:18,8.7,--,1,869,买盘
422,14:19:13,8.7,0.01,38,33060,买盘
423,14:19:08,8.69,-0.01,20,17380,卖盘
424,14:19:03,8.7,--,140,121799,买盘
425,14:18:58,8.7,--,121,105269,买盘
426,14:18:53,8.7,--,136,118319,买盘
427,14:18:48,8.7,--,4,3479,买盘
428,14:18:43,8.7,--,1,869,买盘
429,14:18:38,8.7,0.01,25,21750,买盘
430,14:18:33,8.69,-0.01,111,96459,卖盘
431,14:18:28,8.7,--,8,6959,买盘
432,14:18:13,8.7,--,10,8700,买盘
433,14:18:08,8.7,0.01,33,28709,买盘
434,14:18:03,8.69,-0.01,97,84293,卖盘
435,14:17:53,8.7,0.01,1,869,买盘
436,14:17:43,8.69,--,0,860,买盘
437,14:17:38,8.69,0.01,8,6952,买盘
438,14:17:33,8.68,-0.01,114,98952,卖盘
439,14:17:23,8.69,--,110,95590,买盘
440,14:17:18,8.69,-0.01,776,674344,卖盘
441,14:17:13,8.7,--,430,374099,买盘
442,14:17:08,8.7,0.01,94,81780,买盘
443,14:17:03,8.69,--,173,150337,卖盘
444,14:16:53,8.69,-0.01,202,175538,卖盘
445,14:16:48,8.7,--,1,869,买盘
446,14:16:43,8.7,--,10,8700,买盘
447,14:16:38,8.7,0.02,485,421949,买盘
448,14:16:33,8.68,-0.03,190,164920,卖盘
449,14:16:28,8.71,-0.01,16,13936,卖盘
450,14:16:23,8.72,--,7,6104,买盘
451,14:16:18,8.72,0.01,511,445592,买盘
452,14:16:08,8.71,--,30,26130,卖盘
453,14:16:03,8.71,--,612,533052,买盘
454,14:15:53,8.71,-0.01,22,19162,卖盘
455,14:15:48,8.72,--,11,9592,买盘
456,14:15:43,8.72,--,1011,881592,买盘
457,14:15:38,8.72,0.01,81,70632,中性盘
458,14:15:32,8.71,--,99,86229,卖盘
459,14:15:28,8.71,--,0,0,卖盘
460,14:15:23,8.71,-0.02,501,436371,卖盘
461,14:15:17,8.73,-0.01,22,19206,中性盘
462,14:15:13,8.74,0.01,150,131100,买盘
463,14:15:08,8.73,0.01,35,30555,买盘
464,14:15:02,8.72,-0.01,417,363624,卖盘
465,14:14:58,8.73,--,96,83808,买盘
466,14:14:47,8.73,--,4,3492,买盘
467,14:14:32,8.73,--,102,89046,买盘
468,14:14:27,8.73,-0.01,277,242240,卖盘
469,14:14:17,8.74,--,8,6992,买盘
470,14:14:12,8.74,--,6,5244,买盘
471,14:14:07,8.74,--,6,5244,买盘
472,14:14:02,8.74,0.01,98,85652,买盘
473,14:13:57,8.73,-0.01,51,44523,卖盘
474,14:13:52,8.74,--,10,8740,买盘
475,14:13:47,8.74,--,1,874,买盘
476,14:13:42,8.74,0.01,1,874,买盘
477,14:13:37,8.73,--,14,12222,卖盘
478,14:13:32,8.73,-0.02,606,529038,卖盘
479,14:13:27,8.75,0.02,126,110250,买盘
480,14:13:22,8.73,-0.01,537,468801,卖盘
481,14:13:17,8.74,--,177,154698,卖盘
482,14:13:12,8.74,--,6,5244,卖盘
483,14:13:02,8.74,0.01,1549,1354280,买盘
484,14:12:57,8.73,--,335,292455,卖盘
485,14:12:42,8.73,--,900,785700,卖盘
486,14:12:32,8.73,-0.02,159,138807,卖盘
487,14:12:27,8.75,--,6,5250,买盘
488,14:12:22,8.75,--,20,17500,买盘
489,14:12:17,8.75,0.01,641,560875,买盘
490,14:12:12,8.74,-0.01,24,20976,卖盘
491,14:12:07,8.75,0.01,59,51625,买盘
492,14:12:02,8.74,--,112,97888,卖盘
493,14:11:57,8.74,--,59,51566,卖盘
494,14:11:52,8.74,--,5,4370,卖盘
495,14:11:37,8.74,0.01,13,11362,买盘
496,14:11:32,8.73,-0.01,103,89919,卖盘
497,14:11:27,8.74,--,1,874,买盘
498,14:11:22,8.74,--,255,222870,卖盘
499,14:11:17,8.74,--,74,64676,买盘
500,14:11:12,8.74,0.02,1,874,买盘
501,14:11:07,8.72,--,15,13080,卖盘
502,14:11:02,8.72,--,133,115976,买盘
503,14:10:57,8.72,--,91,79352,买盘
504,14:10:52,8.72,--,43,37496,买盘
505,14:10:47,8.72,-0.03,413,360136,卖盘
506,14:10:42,8.75,--,11,9625,买盘
507,14:10:37,8.75,0.01,1,875,买盘
508,14:10:32,8.74,--,699,610926,买盘
509,14:10:22,8.74,0.02,102,89148,买盘
510,14:10:17,8.72,-0.02,69,60168,卖盘
511,14:10:12,8.74,-0.01,34,29716,买盘
512,14:10:07,8.75,0.05,49,42875,买盘
513,14:10:02,8.7,-0.02,1611,1401570,卖盘
514,14:09:57,8.72,-0.03,345,300840,卖盘
515,14:09:52,8.75,0.01,5,4375,买盘
516,14:09:47,8.74,-0.01,10,8740,卖盘
517,14:09:37,8.75,0.01,32,28000,买盘
518,14:09:32,8.74,-0.01,222,194028,卖盘
519,14:09:27,8.75,--,31,27125,买盘
520,14:09:17,8.75,0.01,100,87500,买盘
521,14:09:12,8.74,--,5,4370,买盘
522,14:09:07,8.74,0.03,5,4370,买盘
523,14:09:02,8.71,-0.01,1061,924131,卖盘
524,14:08:56,8.72,-0.02,510,444720,卖盘
525,14:08:52,8.74,--,4,3496,买盘
526,14:08:47,8.74,-0.01,127,110998,卖盘
527,14:08:42,8.75,0.01,106,92750,买盘
528,14:08:32,8.74,--,532,464968,买盘
529,14:08:27,8.74,--,78,68172,买盘
530,14:08:22,8.74,--,269,235106,买盘
531,14:08:17,8.74,--,64,55936,买盘
532,14:08:11,8.74,--,6,5244,买盘
533,14:08:07,8.74,0.03,66,57684,买盘
534,14:08:02,8.71,-0.01,396,344916,卖盘
535,14:07:56,8.72,0.01,201,175272,买盘
536,14:07:52,8.71,--,30,26130,卖盘
537,14:07:47,8.71,--,24,20904,买盘
538,14:07:41,8.71,--,20,17420,买盘
539,14:07:37,8.71,0.01,5,4355,买盘
540,14:07:32,8.7,0.02,1289,1121577,买盘
541,14:07:26,8.68,--,322,279496,买盘
542,14:07:22,8.68,-0.02,592,514576,卖盘
543,14:07:17,8.7,--,5,4350,买盘
544,14:07:07,8.7,--,160,139200,买盘
545,14:06:56,8.7,--,1,869,买盘
546,14:06:51,8.7,0.01,12,10440,买盘
547,14:06:41,8.69,0.01,441,383229,买盘
548,14:06:37,8.68,--,114,98952,卖盘
549,14:06:26,8.68,-0.01,16,13888,卖盘
550,14:06:21,8.69,--,1,869,买盘
551,14:06:11,8.69,0.01,77,66913,买盘
552,14:06:06,8.68,--,106,92008,卖盘
553,14:06:01,8.68,-0.01,80,69440,卖盘
554,14:05:56,8.69,0.01,30,26070,买盘
555,14:05:51,8.68,--,335,290780,卖盘
556,14:05:46,8.68,--,5,4340,卖盘
557,14:05:41,8.68,--,42,36456,卖盘
558,14:05:36,8.68,--,106,92008,卖盘
559,14:05:21,8.68,--,7,6076,卖盘
560,14:05:11,8.68,-0.01,3,2604,卖盘
561,14:05:06,8.69,0.01,107,93130,买盘
562,14:05:01,8.68,--,33,28644,卖盘
563,14:04:56,8.68,-0.01,6,5208,卖盘
564,14:04:36,8.69,--,104,90376,买盘
565,14:04:26,8.69,--,9,7821,买盘
566,14:04:11,8.69,--,16,13904,买盘
567,14:04:06,8.69,--,138,119922,卖盘
568,14:03:56,8.69,-0.01,49,42581,卖盘
569,14:03:51,8.7,0.01,1,869,买盘
570,14:03:46,8.69,--,60,52140,卖盘
571,14:03:36,8.69,-0.01,96,83424,卖盘
572,14:03:31,8.7,0.01,1,869,买盘
573,14:03:26,8.69,--,30,26070,卖盘
574,14:03:21,8.69,-0.01,27,23463,卖盘
575,14:03:16,8.7,0.01,1,869,买盘
576,14:03:11,8.69,0.01,74,64305,买盘
577,14:03:06,8.68,--,96,83328,卖盘
578,14:02:56,8.68,-0.01,13,11284,卖盘
579,14:02:41,8.69,0.01,89,77341,买盘
580,14:02:36,8.68,-0.01,105,91140,卖盘
581,14:02:26,8.69,--,1,869,买盘
582,14:02:21,8.69,--,237,205953,卖盘
583,14:02:16,8.69,--,12,10428,卖盘
584,14:02:11,8.69,--,62,53878,买盘
585,14:02:06,8.69,-0.01,111,96459,卖盘
586,14:02:01,8.7,0.01,1,869,买盘
587,14:01:56,8.69,-0.01,1,869,卖盘
588,14:01:51,8.7,0.01,1,869,买盘
589,14:01:46,8.69,0.01,57,49533,买盘
590,14:01:36,8.68,-0.01,97,84196,卖盘
591,14:01:26,8.69,--,11,9559,买盘
592,14:01:20,8.69,--,1,869,买盘
593,14:01:11,8.69,0.01,2,1738,买盘
594,14:01:06,8.68,-0.01,96,83328,卖盘
595,14:00:56,8.69,-0.01,12,10428,卖盘
596,14:00:51,8.7,0.02,57,49589,买盘
597,14:00:41,8.68,--,0,0,卖盘
598,14:00:35,8.68,--,96,83328,卖盘
599,14:00:31,8.68,-0.02,195,169260,卖盘
600,14:00:26,8.7,0.01,977,849989,买盘
601,14:00:20,8.69,--,5,4345,买盘
602,14:00:11,8.69,0.01,29,25201,买盘
603,14:00:05,8.68,-0.01,97,84196,卖盘
604,14:00:01,8.69,--,51,44319,买盘
605,13:59:56,8.69,--,3,2607,买盘
606,13:59:50,8.69,--,2,1738,买盘
607,13:59:46,8.69,--,20,17380,买盘
608,13:59:41,8.69,--,6,5214,买盘
609,13:59:35,8.69,-0.01,213,185097,卖盘
610,13:59:31,8.7,--,113,98309,买盘
611,13:59:20,8.7,0.01,1,869,买盘
612,13:59:16,8.69,--,2,1738,卖盘
613,13:59:05,8.69,-0.01,112,97328,卖盘
614,13:59:01,8.7,--,2,1739,买盘
615,13:58:56,8.7,0.01,1,869,买盘
616,13:58:50,8.69,--,157,136433,卖盘
617,13:58:46,8.69,-0.01,20,17380,卖盘
618,13:58:35,8.7,0.01,171,148770,买盘
619,13:58:30,8.69,-0.01,7,6083,卖盘
620,13:58:26,8.7,0.01,1,869,买盘
621,13:58:20,8.69,-0.01,16,13904,卖盘
622,13:58:15,8.7,0.01,60,52199,买盘
623,13:58:05,8.69,--,96,83424,卖盘
624,13:58:00,8.69,-0.01,147,127742,卖盘
625,13:57:55,8.7,--,7,6089,买盘
626,13:57:50,8.7,--,280,243599,买盘
627,13:57:45,8.7,--,13,11309,买盘
628,13:57:40,8.7,0.01,1,869,买盘
629,13:57:35,8.69,--,146,126874,卖盘
630,13:57:30,8.69,-0.01,36,31284,卖盘
631,13:57:20,8.7,--,50,43500,买盘
632,13:57:15,8.7,--,1,869,买盘
633,13:57:10,8.7,0.01,8,6959,买盘
634,13:57:05,8.69,--,473,411037,卖盘
635,13:57:00,8.69,-0.01,9,7821,卖盘
636,13:56:55,8.7,--,20,17400,买盘
637,13:56:45,8.7,0.01,94,81780,买盘
638,13:56:35,8.69,-0.01,106,92114,卖盘
639,13:56:30,8.7,--,59,51329,买盘
640,13:56:15,8.7,--,20,17400,买盘
641,13:56:05,8.7,--,158,137460,买盘
642,13:56:00,8.7,0.01,1,869,买盘
643,13:55:55,8.69,-0.01,7,6083,卖盘
644,13:55:50,8.7,--,15,13049,买盘
645,13:55:45,8.7,0.01,1,869,买盘
646,13:55:35,8.69,--,96,83424,卖盘
647,13:55:30,8.69,--,120,104280,买盘
648,13:55:25,8.69,0.01,9,7821,买盘
649,13:55:20,8.68,-0.01,10,8680,卖盘
650,13:55:15,8.69,0.01,76,66044,买盘
651,13:55:05,8.68,--,98,85064,卖盘
652,13:54:50,8.68,--,159,138012,买盘
653,13:54:45,8.68,--,35,30380,买盘
654,13:54:40,8.68,--,12,10416,买盘
655,13:54:35,8.68,--,171,148428,买盘
656,13:54:30,8.68,--,500,434000,买盘
657,13:54:20,8.68,0.01,22,19096,买盘
658,13:54:15,8.67,-0.01,12,10404,卖盘
659,13:54:05,8.68,--,102,88536,买盘
660,13:54:00,8.68,--,61,52948,买盘
661,13:53:50,8.68,--,10,8680,买盘
662,13:53:45,8.68,0.01,2,1736,买盘
663,13:53:35,8.67,-0.01,96,83232,卖盘
664,13:53:30,8.68,0.01,124,107632,买盘
665,13:53:25,8.67,-0.01,2,1734,卖盘
666,13:53:20,8.68,0.01,9,7812,买盘
667,13:53:05,8.67,-0.01,174,150858,卖盘
668,13:53:00,8.68,--,43,37324,买盘
669,13:52:55,8.68,--,15,13020,买盘
670,13:52:50,8.68,--,3,2604,买盘
671,13:52:44,8.68,--,31,26908,买盘
672,13:52:35,8.68,--,100,86800,买盘
673,13:52:25,8.68,--,6,5208,买盘
674,13:52:20,8.68,0.01,33,28644,买盘
675,13:52:05,8.67,-0.01,119,103173,卖盘
676,13:51:59,8.68,--,6,5208,买盘
677,13:51:49,8.68,--,1,868,买盘
678,13:51:44,8.68,0.01,3,2604,买盘
679,13:51:40,8.67,0.01,30,26010,中性盘
680,13:51:34,8.66,-0.01,96,83136,卖盘
681,13:51:29,8.67,-0.01,46,39882,卖盘
682,13:51:25,8.68,--,19,16492,买盘
683,13:51:14,8.68,--,34,29512,买盘
684,13:51:10,8.68,0.01,95,82460,买盘
685,13:51:04,8.67,-0.01,97,84099,卖盘
686,13:50:59,8.68,0.01,6,5208,买盘
687,13:50:49,8.67,-0.01,20,17340,卖盘
688,13:50:44,8.68,0.01,2,1736,买盘
689,13:50:40,8.67,--,4,3468,卖盘
690,13:50:34,8.67,-0.01,96,83232,卖盘
691,13:50:29,8.68,0.01,1,868,买盘
692,13:50:14,8.67,-0.01,7,6069,卖盘
693,13:50:09,8.68,0.01,57,49476,买盘
694,13:50:04,8.67,-0.01,97,84099,卖盘
695,13:49:59,8.68,0.01,10,8680,买盘
696,13:49:54,8.67,-0.01,71,61557,卖盘
697,13:49:49,8.68,0.01,25,21700,买盘
698,13:49:40,8.67,--,40,34680,卖盘
699,13:49:34,8.67,--,139,120513,卖盘
700,13:49:29,8.67,-0.01,10,8670,卖盘
701,13:49:24,8.68,--,4,3472,买盘
702,13:49:19,8.68,--,8,6944,买盘
703,13:49:09,8.68,--,109,94612,卖盘
704,13:49:04,8.68,--,96,83328,卖盘
705,13:48:54,8.68,--,23,19964,买盘
706,13:48:44,8.68,--,25,21700,买盘
707,13:48:39,8.68,0.01,1,868,买盘
708,13:48:34,8.67,-0.01,229,198543,卖盘
709,13:48:29,8.68,-0.01,10,8680,卖盘
710,13:48:19,8.69,0.01,1,869,买盘
711,13:48:14,8.68,-0.01,11,9548,卖盘
712,13:48:09,8.69,0.01,4,3476,买盘
713,13:48:04,8.68,-0.01,98,85064,卖盘
714,13:47:59,8.69,-0.01,21,18249,卖盘
715,13:47:44,8.7,0.01,1,869,买盘
716,13:47:39,8.69,0.01,172,149468,买盘
717,13:47:34,8.68,-0.01,86,74648,卖盘
718,13:47:19,8.69,--,1,869,买盘
719,13:47:14,8.69,0.01,1,869,买盘
720,13:47:04,8.68,--,108,93744,卖盘
721,13:46:59,8.68,-0.01,283,245644,卖盘
722,13:46:54,8.69,-0.01,20,17380,卖盘
723,13:46:44,8.7,--,2,1739,买盘
724,13:46:39,8.7,0.02,153,133110,买盘
725,13:46:34,8.68,-0.01,78,67704,卖盘
726,13:46:29,8.69,--,2,1738,买盘
727,13:46:24,8.69,--,25,21725,买盘
728,13:46:19,8.69,--,4,3476,买盘
729,13:46:14,8.69,--,1,869,买盘
730,13:46:09,8.69,--,280,243320,卖盘
731,13:46:04,8.69,--,96,83424,卖盘
732,13:45:54,8.69,-0.01,18,15642,卖盘
733,13:45:49,8.7,0.01,5,4350,买盘
734,13:45:39,8.69,--,15,13035,卖盘
735,13:45:34,8.69,-0.01,84,72996,卖盘
736,13:45:28,8.7,--,6,5220,买盘
737,13:45:23,8.7,--,3,2610,买盘
738,13:45:19,8.7,--,70,60899,买盘
739,13:45:14,8.7,--,3,2610,买盘
740,13:45:08,8.7,0.01,157,136590,买盘
741,13:45:03,8.69,-0.01,83,72127,卖盘
742,13:44:59,8.7,--,5,4350,买盘
743,13:44:53,8.7,--,5,4350,买盘
744,13:44:48,8.7,-0.02,205,178349,卖盘
745,13:44:38,8.72,--,0,0,买盘
746,13:44:33,8.72,--,113,98536,买盘
747,13:44:29,8.72,--,2,1744,买盘
748,13:44:23,8.72,0.01,1,872,买盘
749,13:44:18,8.71,--,28,24388,卖盘
750,13:44:13,8.71,--,10,8710,卖盘
751,13:44:08,8.71,--,15,13065,卖盘
752,13:44:03,8.71,--,119,103649,买盘
753,13:43:58,8.71,--,5,4355,买盘
754,13:43:53,8.71,--,13,11323,卖盘
755,13:43:48,8.71,--,1,871,卖盘
756,13:43:43,8.71,--,211,183781,买盘
757,13:43:38,8.71,0.01,19,16549,买盘
758,13:43:33,8.7,-0.01,101,87870,卖盘
759,13:43:23,8.71,0.01,8,6968,买盘
760,13:43:18,8.7,-0.01,2,1739,卖盘
761,13:43:13,8.71,0.01,4,3484,买盘
762,13:43:08,8.7,0.01,679,590730,买盘
763,13:43:03,8.69,--,40,34760,买盘
764,13:42:58,8.69,0.01,25,21725,买盘
765,13:42:53,8.68,-0.01,6,5208,卖盘
766,13:42:48,8.69,--,119,103411,买盘
767,13:42:38,8.69,--,209,181621,买盘
768,13:42:33,8.69,--,1,869,买盘
769,13:42:23,8.69,-0.01,31,26939,卖盘
770,13:42:18,8.7,0.02,1,869,买盘
771,13:42:08,8.68,--,15,13020,卖盘
772,13:42:03,8.68,-0.02,82,71176,卖盘
773,13:41:48,8.7,--,1,869,买盘
774,13:41:43,8.7,--,1,869,买盘
775,13:41:38,8.7,0.02,64,55679,买盘
776,13:41:33,8.68,-0.02,102,88536,卖盘
777,13:41:23,8.7,--,20,17400,买盘
778,13:41:18,8.7,--,1,869,买盘
779,13:41:08,8.7,0.02,228,198359,买盘
780,13:41:03,8.68,--,126,109368,卖盘
781,13:40:58,8.68,-0.01,50,43400,卖盘
782,13:40:53,8.69,0.01,27,23463,买盘
783,13:40:48,8.68,-0.01,13,11284,卖盘
784,13:40:43,8.69,--,11,9559,买盘
785,13:40:38,8.69,--,201,174669,买盘
786,13:40:33,8.69,-0.01,515,447535,卖盘
787,13:40:23,8.7,-0.01,5,4350,卖盘
788,13:40:18,8.71,--,0,0,买盘
789,13:40:13,8.71,0.02,212,184652,买盘
790,13:40:08,8.69,--,0,0,卖盘
791,13:40:03,8.69,-0.01,97,84293,卖盘
792,13:39:58,8.7,-0.01,501,435869,卖盘
793,13:39:48,8.71,0.01,209,182039,买盘
794,13:39:38,8.7,0.01,116,100919,买盘
795,13:39:33,8.69,-0.01,128,111232,卖盘
796,13:39:28,8.7,--,19,16530,买盘
797,13:39:23,8.7,-0.02,249,216629,卖盘
798,13:39:18,8.72,0.02,165,143880,买盘
799,13:39:13,8.7,--,0,0,卖盘
800,13:39:03,8.7,-0.02,119,103529,卖盘
801,13:38:58,8.72,0.01,15,13080,买盘
802,13:38:53,8.71,0.01,7,6097,买盘
803,13:38:33,8.7,-0.01,171,148770,卖盘
804,13:38:23,8.71,--,16,13936,买盘
805,13:38:18,8.71,0.01,38,33098,买盘
806,13:38:13,8.7,-0.01,5,4350,卖盘
807,13:38:08,8.71,0.01,1,871,买盘
808,13:38:02,8.7,-0.02,113,98309,卖盘
809,13:37:53,8.72,--,1,872,买盘
810,13:37:38,8.72,0.03,1,872,买盘
811,13:37:33,8.69,-0.01,190,165110,卖盘
812,13:37:23,8.7,--,87,75690,买盘
813,13:37:17,8.7,-0.02,266,231419,卖盘
814,13:37:13,8.72,--,4,3488,卖盘
815,13:37:08,8.72,0.02,5,4360,买盘
816,13:37:02,8.7,--,96,83520,卖盘
817,13:36:58,8.7,-0.02,600,521999,卖盘
818,13:36:53,8.72,--,42,36624,卖盘
819,13:36:43,8.72,-0.02,15,13080,卖盘
820,13:36:37,8.74,0.02,6,5244,买盘
821,13:36:32,8.72,-0.02,104,90688,卖盘
822,13:36:17,8.74,0.01,6,5244,买盘
823,13:36:13,8.73,0.01,97,84681,中性盘
824,13:36:07,8.72,--,14,12208,卖盘
825,13:36:02,8.72,--,89,77608,卖盘
826,13:35:58,8.72,--,7,6104,卖盘
827,13:35:52,8.72,-0.01,6,5232,卖盘
828,13:35:47,8.73,--,11,9603,买盘
829,13:35:42,8.73,--,46,40158,买盘
830,13:35:37,8.73,0.03,2,1746,中性盘
831,13:35:32,8.7,-0.03,809,703830,卖盘
832,13:35:27,8.73,0.01,10,8730,买盘
833,13:35:22,8.72,--,16,13952,卖盘
834,13:35:17,8.72,0.01,5,4360,中性盘
835,13:35:12,8.71,--,0,0,卖盘
836,13:35:07,8.71,-0.01,15,13065,卖盘
837,13:35:02,8.72,-0.02,88,76736,卖盘
838,13:34:57,8.74,--,35,30590,买盘
839,13:34:52,8.74,--,74,64676,买盘
840,13:34:47,8.74,--,21,18354,买盘
841,13:34:42,8.74,--,20,17480,买盘
842,13:34:37,8.74,0.01,1,874,买盘
843,13:34:32,8.73,-0.05,437,381501,卖盘
844,13:34:27,8.78,0.01,17,14925,买盘
845,13:34:17,8.77,--,15,13698,卖盘
846,13:34:12,8.77,0.01,843,740082,买盘
847,13:34:02,8.76,-0.01,207,181332,卖盘
848,13:33:57,8.77,--,13,11401,买盘
849,13:33:52,8.77,--,4,3508,中性盘
850,13:33:47,8.77,-0.01,8,7016,卖盘
851,13:33:42,8.78,--,8,7023,买盘
852,13:33:37,8.78,0.02,300,263400,买盘
853,13:33:32,8.76,-0.02,319,279444,卖盘
854,13:33:12,8.78,0.02,21,18438,买盘
855,13:33:07,8.76,--,0,0,卖盘
856,13:33:02,8.76,-0.01,116,101616,卖盘
857,13:32:57,8.77,--,32,28064,买盘
858,13:32:52,8.77,--,243,213111,卖盘
859,13:32:42,8.77,0.01,10,8770,买盘
860,13:32:37,8.76,--,0,0,卖盘
861,13:32:32,8.76,-0.01,113,98988,卖盘
862,13:32:27,8.77,--,8,7016,买盘
863,13:32:17,8.77,--,27,23679,卖盘
864,13:32:12,8.77,-0.01,47,41219,卖盘
865,13:32:07,8.78,0.01,21,18438,买盘
866,13:32:02,8.77,-0.01,116,101732,卖盘
867,13:31:57,8.78,0.02,1,877,买盘
868,13:31:47,8.76,--,25,21900,卖盘
869,13:31:42,8.76,--,127,111252,卖盘
870,13:31:32,8.76,-0.01,102,89352,卖盘
871,13:31:22,8.77,--,13,11401,买盘
872,13:31:17,8.77,--,45,39465,买盘
873,13:31:12,8.77,0.01,114,99978,买盘
874,13:31:07,8.76,--,14,12264,卖盘
875,13:31:02,8.76,--,87,76212,卖盘
876,13:30:57,8.76,--,34,29784,卖盘
877,13:30:47,8.76,--,55,48180,卖盘
878,13:30:42,8.76,0.01,20,17520,卖盘
879,13:30:37,8.75,-0.01,82,71750,卖盘
880,13:30:32,8.76,--,19,16644,卖盘
881,13:30:27,8.76,--,13,11388,买盘
882,13:30:17,8.76,-0.01,1,876,买盘
883,13:30:11,8.77,--,0,0,买盘
884,13:30:07,8.77,--,101,88577,买盘
885,13:30:02,8.77,-0.01,3,2631,买盘
886,13:29:47,8.78,0.01,553,485727,买盘
887,13:29:37,8.77,--,114,99978,卖盘
888,13:29:31,8.77,--,23,20171,卖盘
889,13:29:26,8.77,--,20,17540,卖盘
890,13:29:22,8.77,0.02,607,533023,买盘
891,13:29:11,8.75,0.04,29,25812,买盘
892,13:29:07,8.71,-0.03,103,89713,卖盘
893,13:29:01,8.74,-0.02,9,8303,卖盘
894,13:28:56,8.76,--,1,876,买盘
895,13:28:52,8.76,--,2,1752,买盘
896,13:28:46,8.76,0.02,5,4380,买盘
897,13:28:41,8.74,-0.02,46,40204,卖盘
898,13:28:37,8.76,--,107,93732,买盘
899,13:28:31,8.76,-0.01,357,312732,买盘
900,13:28:26,8.77,--,569,499013,卖盘
901,13:28:22,8.77,0.01,162,142074,买盘
902,13:28:16,8.76,--,22,19272,卖盘
903,13:28:11,8.76,--,16,14016,卖盘
904,13:28:07,8.76,--,289,253164,买盘
905,13:28:01,8.76,0.02,178,155928,买盘
906,13:27:56,8.74,-0.02,100,87400,卖盘
907,13:27:51,8.76,0.02,98,85848,买盘
908,13:27:41,8.74,0.03,75,65987,中性盘
909,13:27:36,8.71,-0.02,97,84487,卖盘
910,13:27:31,8.73,--,9,7857,卖盘
911,13:27:26,8.73,--,1002,874746,卖盘
912,13:27:21,8.73,--,16,13968,卖盘
913,13:27:11,8.73,-0.01,5,4365,卖盘
914,13:27:06,8.74,0.01,98,85652,买盘
915,13:27:01,8.73,0.01,99,86427,买盘
916,13:26:51,8.72,0.01,6,5232,买盘
917,13:26:41,8.71,-0.01,325,283075,卖盘
918,13:26:36,8.72,0.01,124,108128,买盘
919,13:26:31,8.71,-0.01,4,3484,卖盘
920,13:26:26,8.72,--,103,89816,买盘
921,13:26:11,8.72,--,30,26160,买盘
922,13:26:06,8.72,--,105,91560,买盘
923,13:25:51,8.72,0.02,8,6976,买盘
924,13:25:41,8.7,--,10,8700,卖盘
925,13:25:36,8.7,0.01,227,197498,买盘
926,13:25:26,8.69,-0.02,22,19118,卖盘
927,13:25:21,8.71,--,31,27001,买盘
928,13:25:16,8.71,-0.01,12,10452,买盘
929,13:25:06,8.72,0.01,119,103768,买盘
930,13:25:01,8.71,--,40,34840,卖盘
931,13:24:51,8.71,--,5,4355,卖盘
932,13:24:41,8.71,0.02,24,20904,买盘
933,13:24:36,8.69,-0.01,101,87769,卖盘
934,13:24:31,8.7,--,5,4350,卖盘
935,13:24:26,8.7,--,7,6089,卖盘
936,13:24:21,8.7,--,1,869,卖盘
937,13:24:11,8.7,0.01,1,869,卖盘
938,13:24:06,8.69,-0.01,97,84293,卖盘
939,13:24:01,8.7,--,7,6089,卖盘
940,13:23:56,8.7,0.01,5,4350,买盘
941,13:23:51,8.69,--,7,6083,卖盘
942,13:23:46,8.69,-0.01,50,43450,卖盘
943,13:23:41,8.7,--,5,4350,卖盘
944,13:23:36,8.7,-0.02,96,83520,卖盘
945,13:23:26,8.72,--,0,0,买盘
946,13:23:21,8.72,--,0,0,买盘
947,13:23:16,8.72,--,1,872,买盘
948,13:23:11,8.72,0.03,22,19184,买盘
949,13:23:06,8.69,--,96,83424,卖盘
950,13:22:46,8.69,-0.03,1,869,卖盘
951,13:22:41,8.72,0.03,2,1744,买盘
952,13:22:36,8.69,-0.03,97,84293,卖盘
953,13:22:31,8.72,--,22,19184,卖盘
954,13:22:20,8.72,--,20,17440,卖盘
955,13:22:11,8.72,0.03,9,7848,买盘
956,13:22:05,8.69,-0.02,146,126874,卖盘
957,13:22:01,8.71,-0.01,2,1742,卖盘
958,13:21:50,8.72,--,39,34008,买盘
959,13:21:41,8.72,--,5,4360,买盘
960,13:21:35,8.72,0.01,112,97664,买盘
961,13:21:20,8.71,-0.01,5,4355,卖盘
962,13:21:15,8.72,0.01,8,6976,卖盘
963,13:21:10,8.71,--,0,0,卖盘
964,13:21:05,8.71,--,325,283075,卖盘
965,13:21:00,8.71,0.02,9,7839,买盘
966,13:20:55,8.69,-0.01,49,42581,卖盘
967,13:20:50,8.7,0.01,20,17400,中性盘
968,13:20:45,8.69,--,0,0,卖盘
969,13:20:35,8.69,-0.03,97,84293,卖盘
970,13:20:25,8.72,--,0,0,买盘
971,13:20:20,8.72,0.02,367,320024,买盘
972,13:20:15,8.7,0.01,63,54809,买盘
973,13:20:05,8.69,-0.03,172,149468,卖盘
974,13:19:50,8.72,0.02,1,872,买盘
975,13:19:35,8.7,--,96,83520,卖盘
976,13:19:30,8.7,--,79,68730,买盘
977,13:19:20,8.7,0.01,4,3479,中性盘
978,13:19:05,8.69,--,109,94721,卖盘
979,13:18:50,8.69,-0.03,74,64305,卖盘
980,13:18:45,8.72,0.03,252,219744,买盘
981,13:18:40,8.69,--,0,0,卖盘
982,13:18:35,8.69,-0.03,106,92114,卖盘
983,13:18:30,8.72,0.02,1,872,买盘
984,13:18:20,8.7,0.01,3,2610,买盘
985,13:18:05,8.69,--,106,92114,卖盘
986,13:18:00,8.69,--,33,28677,卖盘
987,13:17:50,8.69,--,0,0,卖盘
988,13:17:45,8.69,--,0,0,卖盘
989,13:17:35,8.69,-0.01,97,84293,卖盘
990,13:17:30,8.7,-0.02,144,125279,卖盘
991,13:17:25,8.72,0.02,1,872,买盘
992,13:17:20,8.7,--,10,8700,卖盘
993,13:17:10,8.7,0.01,25,21750,卖盘
994,13:17:05,8.69,-0.03,97,84293,卖盘
995,13:16:50,8.72,0.01,397,346184,买盘
996,13:16:45,8.71,--,2,1742,买盘
997,13:16:40,8.71,0.02,1,871,中性盘
998,13:16:35,8.69,-0.01,96,83424,卖盘
999,13:16:30,8.7,-0.02,4,3479,卖盘
1000,13:16:20,8.72,--,8,6976,买盘
1001,13:16:10,8.72,--,0,0,买盘
1002,13:16:05,8.72,--,118,102896,买盘
1003,13:16:00,8.72,0.01,2,1744,买盘
1004,13:15:50,8.71,--,5,4355,卖盘
1005,13:15:45,8.71,--,14,12194,卖盘
1006,13:15:40,8.71,--,0,0,卖盘
1007,13:15:35,8.71,--,99,86229,卖盘
1008,13:15:30,8.71,-0.02,10,8710,卖盘
1009,13:15:25,8.73,0.02,1,873,买盘
1010,13:15:20,8.71,-0.01,7,6097,卖盘
1011,13:15:10,8.72,0.01,10,8720,买盘
1012,13:15:05,8.71,-0.01,99,86229,卖盘
1013,13:15:00,8.72,0.01,56,48832,买盘
1014,13:14:55,8.71,-0.01,66,57486,卖盘
1015,13:14:50,8.72,--,22,19184,买盘
1016,13:14:45,8.72,0.03,50,43600,买盘
1017,13:14:35,8.69,-0.01,316,274604,卖盘
1018,13:14:29,8.7,-0.01,36,31433,卖盘
1019,13:14:20,8.71,--,33,28743,买盘
1020,13:14:14,8.71,0.02,1,871,买盘
1021,13:14:04,8.69,-0.01,96,83424,卖盘
1022,13:14:00,8.7,--,14,12179,买盘
1023,13:13:49,8.7,--,10,8700,买盘
1024,13:13:44,8.7,0.01,11,9570,买盘
1025,13:13:34,8.69,--,96,83424,卖盘
1026,13:13:29,8.69,--,48,41712,卖盘
1027,13:13:24,8.69,-0.01,15,13035,卖盘
1028,13:13:19,8.7,0.01,1054,916979,买盘
1029,13:13:09,8.69,-0.01,101,87769,卖盘
1030,13:12:59,8.7,0.01,1,869,买盘
1031,13:12:54,8.69,--,4,3476,卖盘
1032,13:12:49,8.69,--,16,13904,买盘
1033,13:12:44,8.69,0.01,15,13035,中性盘
1034,13:12:39,8.68,-0.01,16,13888,卖盘
1035,13:12:34,8.69,--,182,158158,买盘
1036,13:12:29,8.69,0.02,2,1738,买盘
1037,13:12:24,8.67,-0.04,1,867,卖盘
1038,13:12:14,8.71,--,0,0,买盘
1039,13:12:09,8.71,0.03,107,93197,买盘
1040,13:12:04,8.68,-0.03,210,182280,卖盘
1041,13:11:59,8.71,--,521,453791,买盘
1042,13:11:54,8.71,--,5,5112,卖盘
1043,13:11:39,8.71,0.02,129,112472,买盘
1044,13:11:34,8.69,-0.02,490,426566,卖盘
1045,13:11:29,8.71,0.01,1,871,中性盘
1046,13:11:24,8.7,--,56,48719,卖盘
1047,13:11:14,8.7,-0.02,7,6089,卖盘
1048,13:11:09,8.72,0.02,97,84584,买盘
1049,13:11:04,8.7,--,12,10440,卖盘
1050,13:10:44,8.7,-0.02,423,368009,卖盘
1051,13:10:39,8.72,-0.01,124,108128,卖盘
1052,13:10:24,8.73,-0.01,5,4365,买盘
1053,13:10:14,8.74,--,3,2622,买盘
1054,13:10:09,8.74,--,116,101384,买盘
1055,13:10:04,8.74,0.01,1,874,买盘
1056,13:09:59,8.73,--,5,4365,卖盘
1057,13:09:54,8.73,--,2,1746,卖盘
1058,13:09:49,8.73,-0.01,2,1746,卖盘
1059,13:09:44,8.74,0.01,20,17480,买盘
1060,13:09:39,8.73,-0.01,126,109998,买盘
1061,13:09:34,8.74,--,0,0,买盘
1062,13:09:29,8.74,--,265,231610,买盘
1063,13:09:24,8.74,--,119,104006,买盘
1064,13:09:19,8.74,--,1,874,买盘
1065,13:09:14,8.74,-0.01,12,10488,买盘
1066,13:09:09,8.75,0.01,114,99750,买盘
1067,13:08:59,8.74,--,2,1748,卖盘
1068,13:08:54,8.74,--,192,167808,买盘
1069,13:08:44,8.74,--,3,2622,买盘
1070,13:08:39,8.74,0.01,103,90022,买盘
1071,13:08:34,8.73,-0.01,14,12222,卖盘
1072,13:08:29,8.74,--,16,13984,买盘
1073,13:08:24,8.74,0.02,2,1748,买盘
1074,13:08:19,8.72,-0.02,150,130800,卖盘
1075,13:08:14,8.74,0.02,1,874,买盘
1076,13:08:09,8.72,--,96,83712,卖盘
1077,13:07:59,8.72,--,584,509762,买盘
1078,13:07:39,8.72,--,103,89816,买盘
1079,13:07:34,8.72,--,40,34880,买盘
1080,13:07:29,8.72,0.01,42,36624,买盘
1081,13:07:24,8.71,-0.01,6,5226,卖盘
1082,13:07:14,8.72,--,10,8720,买盘
1083,13:07:09,8.72,0.01,74,64528,买盘
1084,13:07:04,8.71,-0.01,82,71422,卖盘
1085,13:06:59,8.72,0.01,23,20056,买盘
1086,13:06:38,8.71,-0.01,100,87100,卖盘
1087,13:06:34,8.72,--,28,24416,买盘
1088,13:06:23,8.72,0.01,35,30520,买盘
1089,13:06:18,8.71,--,153,133263,卖盘
1090,13:06:08,8.71,-0.01,98,85358,卖盘
1091,13:05:58,8.72,--,193,168296,卖盘
1092,13:05:53,8.72,-0.02,107,93304,卖盘
1093,13:05:48,8.74,0.01,151,131974,买盘
1094,13:05:43,8.73,0.01,16,13968,卖盘
1095,13:05:38,8.72,--,14,12208,卖盘
1096,13:05:33,8.72,-0.02,82,71504,卖盘
1097,13:05:18,8.74,0.01,2,1748,中性盘
1098,13:05:08,8.73,--,98,85554,卖盘
1099,13:05:03,8.73,-0.02,30,26190,卖盘
1100,13:04:53,8.75,0.02,68,59500,买盘
1101,13:04:38,8.73,--,68,59364,卖盘
1102,13:04:33,8.73,--,83,72459,卖盘
1103,13:04:28,8.73,--,35,30555,买盘
1104,13:04:08,8.73,-0.02,102,89046,卖盘
1105,13:04:03,8.75,0.01,1,875,买盘
1106,13:03:53,8.74,0.01,4,3496,买盘
1107,13:03:48,8.73,-0.01,32,27936,卖盘
1108,13:03:38,8.74,0.03,3,2622,中性盘
1109,13:03:33,8.71,-0.04,102,88842,卖盘
1110,13:03:28,8.75,--,1,875,买盘
1111,13:03:18,8.75,0.03,31,27125,买盘
1112,13:03:08,8.72,-0.03,96,83712,卖盘
1113,13:03:03,8.75,--,40,35000,买盘
1114,13:02:58,8.75,--,8,7000,买盘
1115,13:02:53,8.75,-0.01,108,94500,卖盘
1116,13:02:43,8.76,--,1,876,买盘
1117,13:02:38,8.76,0.01,602,527352,买盘
1118,13:02:33,8.75,-0.01,10,8750,卖盘
1119,13:02:28,8.76,0.01,10,8760,买盘
1120,13:02:23,8.75,--,50,43750,卖盘
1121,13:02:18,8.75,-0.01,10,8750,卖盘
1122,13:02:07,8.76,0.01,23,20148,买盘
1123,13:02:03,8.75,--,82,71750,卖盘
1124,13:01:58,8.75,-0.02,243,212625,卖盘
1125,13:01:53,8.77,0.01,54,47358,买盘
1126,13:01:43,8.76,-0.01,10,8760,卖盘
1127,13:01:38,8.77,--,113,99101,卖盘
1128,13:01:33,8.77,-0.01,140,122780,中性盘
1129,13:01:28,8.78,0.01,28,24584,买盘
1130,13:01:23,8.77,--,42,36834,买盘
1131,13:01:18,8.77,--,3,2631,买盘
1132,13:01:13,8.77,-0.01,163,142951,卖盘
1133,13:01:08,8.78,0.02,46,40388,买盘
1134,13:01:03,8.76,-0.02,101,88476,卖盘
1135,13:00:53,8.78,--,12,10536,买盘
1136,13:00:48,8.78,--,0,0,买盘
1137,13:00:43,8.78,--,55,48290,买盘
1138,13:00:38,8.78,0.02,25,21950,买盘
1139,13:00:33,8.76,--,132,115632,卖盘
1140,13:00:23,8.76,-0.02,39,34164,卖盘
1141,13:00:18,8.78,0.02,5,4390,买盘
1142,13:00:08,8.76,--,293,256668,买盘
1143,13:00:03,8.76,0.01,98,85848,买盘
1144,11:30:00,8.75,--,0,0,卖盘
1145,11:29:59,8.75,--,14,12250,卖盘
1146,11:29:58,8.75,-0.01,82,71750,卖盘
1147,11:29:53,8.76,--,4,3504,买盘
1148,11:29:38,8.76,0.01,1,876,买盘
1149,11:29:33,8.75,0.01,14,12250,卖盘
1150,11:29:28,8.74,-0.02,83,72542,卖盘
1151,11:29:23,8.76,--,83,72708,卖盘
1152,11:29:13,8.76,--,55,48180,买盘
1153,11:29:08,8.76,--,23,20148,买盘
1154,11:29:03,8.76,--,16,14016,买盘
1155,11:28:58,8.76,--,123,107748,买盘
1156,11:28:43,8.76,-0.02,7,6132,卖盘
1157,11:28:38,8.78,0.03,71,62337,买盘
1158,11:28:33,8.75,-0.01,14,12250,卖盘
1159,11:28:28,8.76,-0.01,82,71832,卖盘
1160,11:28:23,8.77,--,69,60513,买盘
1161,11:28:18,8.77,--,5,4385,买盘
1162,11:28:13,8.77,0.01,131,114887,买盘
1163,11:28:03,8.76,-0.01,14,12264,卖盘
1164,11:27:58,8.77,0.01,96,84192,买盘
1165,11:27:53,8.76,-0.01,399,349524,卖盘
1166,11:27:43,8.77,0.01,11,9647,买盘
1167,11:27:38,8.76,--,153,134028,卖盘
1168,11:27:33,8.76,-0.01,15,13140,卖盘
1169,11:27:28,8.77,--,307,269239,买盘
1170,11:27:23,8.77,0.01,60,52620,买盘
1171,11:27:17,8.76,--,5,4380,卖盘
1172,11:27:13,8.76,-0.01,21,18615,卖盘
1173,11:27:08,8.77,0.02,208,182416,买盘
1174,11:27:02,8.75,--,14,12250,卖盘
1175,11:26:58,8.75,-0.01,82,71750,卖盘
1176,11:26:53,8.76,--,11,9636,买盘
1177,11:26:47,8.76,0.01,68,59568,买盘
1178,11:26:43,8.75,--,60,52500,买盘
1179,11:26:38,8.75,--,8,7000,买盘
1180,11:26:32,8.75,-0.01,161,140875,卖盘
1181,11:26:28,8.76,--,224,196224,买盘
1182,11:26:13,8.76,0.01,15,13140,买盘
1183,11:26:08,8.75,--,2,1750,卖盘
1184,11:26:02,8.75,--,19,16625,卖盘
1185,11:25:58,8.75,-0.01,88,77000,卖盘
1186,11:25:53,8.76,--,7,6132,卖盘
1187,11:25:47,8.76,0.01,54,47304,买盘
1188,11:25:43,8.75,--,5,4375,卖盘
1189,11:25:38,8.75,--,43,37625,卖盘
1190,11:25:32,8.75,0.01,251,219625,中性盘
1191,11:25:28,8.74,-0.02,82,71668,卖盘
1192,11:25:23,8.76,0.01,41,35916,买盘
1193,11:25:17,8.75,-0.02,7,6125,卖盘
1194,11:25:13,8.77,--,0,0,买盘
1195,11:25:08,8.77,0.01,25,21925,买盘
1196,11:25:02,8.76,--,22,19272,卖盘
1197,11:24:58,8.76,--,83,72708,卖盘
1198,11:24:53,8.76,0.01,308,270062,买盘
1199,11:24:47,8.75,--,52,45500,买盘
1200,11:24:43,8.75,--,30,26871,卖盘
1201,11:24:38,8.75,--,28,24500,卖盘
1202,11:24:32,8.75,--,14,12250,卖盘
1203,11:24:28,8.75,--,84,73500,卖盘
1204,11:24:23,8.75,0.02,386,338003,买盘
1205,11:24:13,8.73,-0.01,50,43650,卖盘
1206,11:24:08,8.74,0.01,116,101384,买盘
1207,11:24:02,8.73,--,33,28809,卖盘
1208,11:23:58,8.73,--,82,71586,卖盘
1209,11:23:53,8.73,--,30,26190,卖盘
1210,11:23:47,8.73,0.01,479,418167,买盘
1211,11:23:38,8.72,--,0,0,买盘
1212,11:23:32,8.72,0.02,16,13952,买盘
1213,11:23:27,8.7,-0.03,112,97439,卖盘
1214,11:23:17,8.73,--,0,0,买盘
1215,11:23:08,8.73,--,0,0,买盘
1216,11:23:02,8.73,0.01,40,34920,买盘
1217,11:22:57,8.72,-0.01,123,107256,卖盘
1218,11:22:47,8.73,0.01,5,4365,买盘
1219,11:22:42,8.72,--,18,15696,卖盘
1220,11:22:37,8.72,--,7,6104,买盘
1221,11:22:32,8.72,0.02,19,16568,买盘
1222,11:22:27,8.7,--,83,72210,卖盘
1223,11:22:22,8.7,--,2,1739,卖盘
1224,11:22:17,8.7,0.01,14,12179,中性盘
1225,11:22:12,8.69,--,0,0,卖盘
1226,11:22:07,8.69,--,341,296329,买盘
1227,11:22:02,8.69,0.01,35,30415,买盘
1228,11:21:57,8.68,-0.01,82,71176,卖盘
1229,11:21:52,8.69,0.01,5,4345,买盘
1230,11:21:47,8.68,--,192,166656,买盘
1231,11:21:42,8.68,0.01,3,2604,买盘
1232,11:21:32,8.67,-0.01,69,59823,卖盘
1233,11:21:27,8.68,--,82,71176,卖盘
1234,11:21:02,8.68,--,14,12152,卖盘
1235,11:20:57,8.68,--,84,72912,卖盘
1236,11:20:52,8.68,--,115,99820,买盘
1237,11:20:41,8.68,0.02,20,17360,买盘
1238,11:20:32,8.66,--,14,12124,卖盘
1239,11:20:26,8.66,-0.01,92,79672,卖盘
1240,11:20:22,8.67,--,6,5202,卖盘
1241,11:20:02,8.67,--,23,19941,卖盘
1242,11:19:56,8.67,--,82,71094,卖盘
1243,11:19:52,8.67,--,6,5202,卖盘
1244,11:19:47,8.67,0.01,19,16473,买盘
1245,11:19:32,8.66,--,14,12124,卖盘
1246,11:19:26,8.66,-0.01,139,120374,卖盘
1247,11:19:17,8.67,--,57,49419,买盘
1248,11:19:11,8.67,--,67,58089,买盘
1249,11:19:07,8.67,--,116,100572,买盘
1250,11:19:02,8.67,0.01,69,59823,中性盘
1251,11:18:56,8.66,-0.01,82,71012,卖盘
1252,11:18:47,8.67,0.01,80,69360,买盘
1253,11:18:37,8.66,--,1,866,买盘
1254,11:18:31,8.66,0.01,16,13856,中性盘
1255,11:18:26,8.65,--,102,88230,卖盘
1256,11:18:11,8.65,--,0,0,卖盘
1257,11:18:02,8.65,--,14,12110,卖盘
1258,11:17:56,8.65,--,83,71795,卖盘
1259,11:17:46,8.65,-0.03,53,45845,卖盘
1260,11:17:37,8.68,0.03,10,8680,买盘
1261,11:17:31,8.65,--,34,29410,卖盘
1262,11:17:26,8.65,-0.02,82,70930,卖盘
1263,11:17:22,8.67,0.02,24,20808,买盘
1264,11:17:01,8.65,--,14,12110,卖盘
1265,11:16:56,8.65,-0.02,82,70930,卖盘
1266,11:16:52,8.67,-0.01,47,40749,卖盘
1267,11:16:46,8.68,--,2,1736,买盘
1268,11:16:37,8.68,--,9,7812,买盘
1269,11:16:31,8.68,-0.01,221,191828,卖盘
1270,11:16:26,8.69,--,184,159896,卖盘
1271,11:16:11,8.69,-0.01,2,1738,卖盘
1272,11:16:07,8.7,--,3,2610,买盘
1273,11:16:01,8.7,0.01,25,21750,中性盘
1274,11:15:56,8.69,-0.02,108,93852,卖盘
1275,11:15:46,8.71,--,26,22646,买盘
1276,11:15:41,8.71,--,20,17420,中性盘
1277,11:15:37,8.71,0.01,3,2613,卖盘
1278,11:15:31,8.7,--,34,29579,卖盘
1279,11:15:26,8.7,--,119,103529,卖盘
1280,11:15:01,8.7,--,14,12179,卖盘
1281,11:14:56,8.7,--,181,157470,卖盘
1282,11:14:36,8.7,--,899,782129,卖盘
1283,11:14:31,8.7,--,18,15659,卖盘
1284,11:14:26,8.7,-0.01,82,71340,卖盘
1285,11:14:06,8.71,0.01,4,3484,买盘
1286,11:14:01,8.7,--,27,23489,卖盘
1287,11:13:56,8.7,-0.01,102,88740,卖盘
1288,11:13:46,8.71,--,19,16549,买盘
1289,11:13:41,8.71,--,153,133263,卖盘
1290,11:13:31,8.71,-0.02,29,25259,卖盘
1291,11:13:26,8.73,0.02,108,94284,买盘
1292,11:13:11,8.71,--,2,1742,卖盘
1293,11:13:01,8.71,--,15,13065,卖盘
1294,11:12:56,8.71,--,82,71422,卖盘
1295,11:12:41,8.71,-0.01,12,10452,卖盘
1296,11:12:35,8.72,0.01,6,5232,买盘
1297,11:12:31,8.71,--,29,25259,卖盘
1298,11:12:26,8.71,--,83,72293,卖盘
1299,11:12:20,8.71,--,0,0,卖盘
1300,11:12:16,8.71,--,3,2613,卖盘
1301,11:12:01,8.71,--,14,12194,卖盘
1302,11:11:56,8.71,--,82,71422,卖盘
1303,11:11:41,8.71,--,0,0,卖盘
1304,11:11:31,8.71,--,17,14807,卖盘
1305,11:11:26,8.71,-0.02,94,81874,卖盘
1306,11:11:16,8.73,0.02,20,17460,买盘
1307,11:11:01,8.71,--,35,30485,卖盘
1308,11:10:55,8.71,-0.03,85,74035,卖盘
1309,11:10:41,8.74,--,1,874,买盘
1310,11:10:35,8.74,0.03,24,20976,买盘
1311,11:10:31,8.71,--,204,177684,卖盘
1312,11:10:25,8.71,-0.01,88,76648,卖盘
1313,11:10:16,8.72,--,17,14824,买盘
1314,11:10:10,8.72,0.01,46,40112,买盘
1315,11:10:05,8.71,--,14,12194,卖盘
1316,11:09:55,8.71,-0.01,111,96681,卖盘
1317,11:09:40,8.72,--,5,4360,卖盘
1318,11:09:35,8.72,-0.02,14,12208,卖盘
1319,11:09:31,8.74,0.02,28,24472,买盘
1320,11:09:25,8.72,-0.01,86,74992,卖盘
1321,11:09:20,8.73,0.01,13,11349,买盘
1322,11:09:15,8.72,-0.01,39,34008,卖盘
1323,11:09:05,8.73,0.01,30,26190,买盘
1324,11:08:55,8.72,-0.01,82,71504,卖盘
1325,11:08:50,8.73,0.01,10,8730,买盘
1326,11:08:40,8.72,-0.01,7,6104,卖盘
1327,11:08:35,8.73,0.01,21,18333,买盘
1328,11:08:30,8.72,-0.01,19,16568,卖盘
1329,11:08:25,8.73,--,2,1746,买盘
1330,11:08:15,8.73,--,5,4365,买盘
1331,11:08:05,8.73,--,7,6111,买盘
1332,11:07:55,8.73,--,22,19206,卖盘
1333,11:07:50,8.73,--,24,20952,卖盘
1334,11:07:45,8.73,--,64,55872,卖盘
1335,11:07:40,8.73,--,73,63729,卖盘
1336,11:07:35,8.73,--,41,35793,卖盘
1337,11:07:25,8.73,-0.01,7,6111,卖盘
1338,11:07:20,8.74,--,2,1748,买盘
1339,11:07:15,8.74,--,100,87400,买盘
1340,11:07:10,8.74,--,76,66424,卖盘
1341,11:07:05,8.74,--,6,5244,卖盘
1342,11:06:50,8.74,--,10,8740,卖盘
1343,11:06:45,8.74,--,8,6992,卖盘
1344,11:06:35,8.74,--,1,874,卖盘
1345,11:06:30,8.74,-0.01,4,3496,卖盘
1346,11:06:20,8.75,--,3,2625,买盘
1347,11:06:15,8.75,--,7,6125,买盘
1348,11:06:05,8.75,--,14,12250,买盘
1349,11:05:55,8.75,--,253,221375,买盘
1350,11:05:50,8.75,--,1,875,买盘
1351,11:05:45,8.75,-0.01,172,151121,卖盘
1352,11:05:40,8.76,0.01,3,2628,买盘
1353,11:05:35,8.75,--,32,28000,卖盘
1354,11:05:14,8.75,--,32,28253,买盘
1355,11:05:10,8.75,--,224,196000,买盘
1356,11:05:05,8.75,--,15,13125,买盘
1357,11:04:55,8.75,--,106,92750,买盘
1358,11:04:50,8.75,--,2,1750,买盘
1359,11:04:44,8.75,--,95,83125,买盘
1360,11:04:40,8.75,--,32,28000,买盘
1361,11:04:35,8.75,--,20,17500,买盘
1362,11:04:29,8.75,--,5,4375,买盘
1363,11:04:25,8.75,--,15,13125,买盘
1364,11:04:20,8.75,--,32,28000,买盘
1365,11:04:14,8.75,0.01,25,21875,买盘
1366,11:04:05,8.74,--,16,13984,买盘
1367,11:03:59,8.74,--,6,5244,买盘
1368,11:03:44,8.74,0.01,10,8740,买盘
1369,11:03:35,8.73,0.01,5,4365,买盘
1370,11:03:29,8.72,--,0,0,卖盘
1371,11:03:25,8.72,-0.03,4,3488,卖盘
1372,11:03:20,8.75,0.02,576,504000,买盘
1373,11:03:14,8.73,--,14,12222,买盘
1374,11:03:05,8.73,0.02,17,14841,买盘
1375,11:02:59,8.71,-0.01,5,4355,卖盘
1376,11:02:55,8.72,-0.02,22,19184,卖盘
1377,11:02:49,8.74,0.01,270,235980,买盘
1378,11:02:44,8.73,-0.02,30,26190,卖盘
1379,11:02:40,8.75,0.01,10,8750,买盘
1380,11:02:34,8.74,--,30,26220,买盘
1381,11:02:29,8.74,--,3,2622,买盘
1382,11:02:25,8.74,0.01,3,2622,中性盘
1383,11:02:04,8.73,0.01,87,75951,买盘
1384,11:01:55,8.72,--,4,3488,卖盘
1385,11:01:49,8.72,--,105,91560,卖盘
1386,11:01:34,8.72,--,54,47088,买盘
1387,11:01:29,8.72,0.01,4,3488,买盘
1388,11:01:14,8.71,-0.01,26,22646,卖盘
1389,11:00:59,8.72,0.01,6,5232,买盘
1390,11:00:49,8.71,-0.01,40,34840,卖盘
1391,11:00:44,8.72,0.01,2,1744,卖盘
1392,11:00:34,8.71,--,0,0,卖盘
1393,11:00:29,8.71,-0.01,49,42679,卖盘
1394,11:00:19,8.72,--,32,27904,买盘
1395,11:00:04,8.72,0.01,10,8720,买盘
1396,10:59:54,8.71,--,56,48776,买盘
1397,10:59:49,8.71,0.01,3,2613,买盘
1398,10:59:44,8.7,--,8,6959,卖盘
1399,10:59:34,8.7,--,275,239249,卖盘
1400,10:59:24,8.7,--,0,0,卖盘
1401,10:59:19,8.7,-0.01,419,364529,卖盘
1402,10:59:14,8.71,-0.01,14,12194,卖盘
1403,10:59:09,8.72,--,10,8720,买盘
1404,10:59:04,8.72,--,28,24416,买盘
1405,10:58:49,8.72,-0.01,19,16568,卖盘
1406,10:58:34,8.73,--,81,70713,买盘
1407,10:58:24,8.73,--,55,48015,卖盘
1408,10:58:19,8.73,--,1,873,卖盘
1409,10:58:04,8.73,--,40,34920,卖盘
1410,10:57:59,8.73,--,116,101268,卖盘
1411,10:57:44,8.73,--,30,26190,买盘
1412,10:57:34,8.73,0.01,17,14841,买盘
1413,10:57:29,8.72,-0.01,48,41856,卖盘
1414,10:57:23,8.73,0.01,27,23571,买盘
1415,10:57:14,8.72,-0.01,11,9592,卖盘
1416,10:57:08,8.73,--,5,4365,买盘
1417,10:56:59,8.73,--,122,106506,卖盘
1418,10:56:49,8.73,-0.03,106,92538,卖盘
1419,10:56:44,8.76,0.02,542,474792,买盘
1420,10:56:34,8.74,0.01,36,31464,中性盘
1421,10:56:29,8.73,-0.02,24,20952,卖盘
1422,10:56:23,8.75,--,55,48125,买盘
1423,10:56:19,8.75,0.02,26,22750,买盘
1424,10:56:14,8.73,-0.04,67,58491,卖盘
1425,10:56:08,8.77,0.01,200,175400,买盘
1426,10:56:04,8.76,0.04,3,2628,买盘
1427,10:55:59,8.72,-0.01,79,68888,卖盘
1428,10:55:53,8.73,--,237,206901,卖盘
1429,10:55:44,8.73,-0.02,20,17460,卖盘
1430,10:55:38,8.75,-0.02,55,48125,卖盘
1431,10:55:34,8.77,0.04,17,14909,买盘
1432,10:55:28,8.73,--,35,30555,卖盘
1433,10:55:23,8.73,-0.05,28,24444,卖盘
1434,10:55:19,8.78,0.05,134,117651,买盘
1435,10:55:14,8.73,--,84,73332,卖盘
1436,10:55:08,8.73,--,0,0,卖盘
1437,10:54:58,8.73,0.01,613,535149,买盘
1438,10:54:53,8.72,--,8,6976,卖盘
1439,10:54:49,8.72,0.01,22,19184,买盘
1440,10:54:38,8.71,--,1,871,卖盘
1441,10:54:34,8.71,0.01,67,58792,买盘
1442,10:54:28,8.7,-0.01,1,869,卖盘
1443,10:54:23,8.71,--,5,4355,买盘
1444,10:54:13,8.71,0.01,20,17420,买盘
1445,10:54:08,8.7,--,43,37410,卖盘
1446,10:54:04,8.7,--,5,4350,卖盘
1447,10:53:53,8.7,-0.01,14,12179,卖盘
1448,10:53:43,8.71,0.01,10,8710,买盘
1449,10:53:28,8.7,--,26,22619,卖盘
1450,10:53:23,8.7,--,5,4350,卖盘
1451,10:53:18,8.7,-0.01,10,8700,买盘
1452,10:53:13,8.71,--,10,8710,买盘
1453,10:53:08,8.71,0.01,37,32227,买盘
1454,10:53:03,8.7,-0.01,10,9135,卖盘
1455,10:52:58,8.71,-0.01,190,165490,卖盘
1456,10:52:53,8.72,0.02,273,238056,买盘
1457,10:52:48,8.7,--,0,0,卖盘
1458,10:52:43,8.7,--,1024,891314,买盘
1459,10:52:38,8.7,--,58,50894,卖盘
1460,10:52:33,8.7,--,20,17400,卖盘
1461,10:52:28,8.7,-0.01,43,37410,卖盘
1462,10:52:23,8.71,0.01,6,5226,买盘
1463,10:52:18,8.7,--,40,34800,卖盘
1464,10:51:58,8.7,0.02,838,729494,买盘
1465,10:51:53,8.68,0.02,2,1736,买盘
1466,10:51:48,8.66,-0.02,6,5196,卖盘
1467,10:51:43,8.68,--,40,34720,买盘
1468,10:51:38,8.68,--,9,7812,买盘
1469,10:51:28,8.68,0.02,8,6944,买盘
1470,10:51:23,8.66,-0.03,55,47630,卖盘
1471,10:51:18,8.69,--,0,0,买盘
1472,10:51:13,8.69,0.04,12,10428,买盘
1473,10:51:08,8.65,-0.01,250,216250,卖盘
1474,10:51:03,8.66,--,15,12990,卖盘
1475,10:50:58,8.66,--,32,27712,卖盘
1476,10:50:48,8.66,--,0,0,卖盘
1477,10:50:38,8.66,--,96,83136,买盘
1478,10:50:33,8.66,--,1,866,买盘
1479,10:50:18,8.66,--,11,9526,买盘
1480,10:50:08,8.66,--,127,109982,买盘
1481,10:50:02,8.66,--,6,5196,买盘
1482,10:49:58,8.66,--,56,48496,买盘
1483,10:49:53,8.66,--,6,5196,买盘
1484,10:49:47,8.66,--,2,1732,买盘
1485,10:49:43,8.66,--,90,77940,买盘
1486,10:49:38,8.66,0.01,3,2598,买盘
1487,10:49:28,8.65,-0.01,15,12975,卖盘
1488,10:49:23,8.66,--,10,8660,买盘
1489,10:49:17,8.66,0.01,3,2598,买盘
1490,10:49:13,8.65,-0.01,87,75255,卖盘
1491,10:49:08,8.66,0.01,68,58888,买盘
1492,10:49:02,8.65,--,8,6920,卖盘
1493,10:48:57,8.65,--,21,18165,卖盘
1494,10:48:47,8.65,--,69,59685,买盘
1495,10:48:43,8.65,0.01,7,6055,买盘
1496,10:48:38,8.64,-0.01,4,3456,卖盘
1497,10:48:32,8.65,--,346,299290,买盘
1498,10:48:28,8.65,0.01,4,3460,买盘
1499,10:48:23,8.64,-0.01,45,38880,卖盘
1500,10:48:17,8.65,--,11,9515,买盘
1501,10:48:12,8.65,--,18,15570,买盘
1502,10:48:08,8.65,--,23,19895,买盘
1503,10:48:02,8.65,-0.01,132,114180,卖盘
1504,10:47:52,8.66,0.01,3,2598,买盘
1505,10:47:47,8.65,-0.01,20,17300,卖盘
1506,10:47:38,8.66,--,7,6062,买盘
1507,10:47:32,8.66,--,20,17320,买盘
1508,10:47:22,8.66,0.01,24,20784,买盘
1509,10:47:17,8.65,-0.01,41,35465,卖盘
1510,10:47:07,8.66,--,31,26846,买盘
1511,10:47:02,8.66,0.01,207,179262,买盘
1512,10:46:57,8.65,--,135,116775,卖盘
1513,10:46:42,8.65,--,125,108125,买盘
1514,10:46:32,8.65,0.01,213,184245,买盘
1515,10:46:27,8.64,-0.01,222,191808,卖盘
1516,10:46:22,8.65,0.01,48,41520,买盘
1517,10:46:17,8.64,--,65,56160,卖盘
1518,10:46:12,8.64,-0.01,1,864,卖盘
1519,10:46:07,8.65,--,4,3460,买盘
1520,10:46:02,8.65,--,105,90825,买盘
1521,10:45:57,8.65,0.01,9,7785,买盘
1522,10:45:52,8.64,--,31,26784,卖盘
1523,10:45:47,8.64,--,5,4320,卖盘
1524,10:45:42,8.64,-0.01,336,290304,卖盘
1525,10:45:37,8.65,0.01,78,67470,买盘
1526,10:45:32,8.64,-0.01,28,24192,卖盘
1527,10:45:27,8.65,--,66,57090,买盘
1528,10:45:22,8.65,--,37,32005,买盘
1529,10:45:17,8.65,--,70,60550,买盘
1530,10:45:12,8.65,--,13,11245,买盘
1531,10:45:07,8.65,--,150,129750,买盘
1532,10:45:02,8.65,--,25,21625,买盘
1533,10:44:52,8.65,--,65,56225,卖盘
1534,10:44:47,8.65,--,93,80445,买盘
1535,10:44:42,8.65,--,35,30275,买盘
1536,10:44:37,8.65,--,89,76985,买盘
1537,10:44:32,8.65,--,25,21625,买盘
1538,10:44:22,8.65,--,287,248255,买盘
1539,10:44:17,8.65,--,61,52765,买盘
1540,10:44:12,8.65,--,1,865,买盘
1541,10:44:07,8.65,--,148,128020,买盘
1542,10:44:02,8.65,--,168,145320,买盘
1543,10:43:57,8.65,--,270,233550,买盘
1544,10:43:52,8.65,--,188,162620,买盘
1545,10:43:47,8.65,0.01,38,32870,买盘
1546,10:43:42,8.64,-0.01,151,130464,卖盘
1547,10:43:37,8.65,0.01,85,73525,买盘
1548,10:43:32,8.64,-0.01,24,20736,卖盘
1549,10:43:27,8.65,0.01,32,27680,买盘
1550,10:43:22,8.64,--,40,34560,卖盘
1551,10:43:17,8.64,--,23,19872,买盘
1552,10:43:12,8.64,--,123,106272,买盘
1553,10:43:07,8.64,--,54,46656,买盘
1554,10:43:02,8.64,0.02,291,251424,买盘
1555,10:42:52,8.62,--,0,0,卖盘
1556,10:42:47,8.62,--,286,246531,卖盘
1557,10:42:42,8.62,--,13,11205,卖盘
1558,10:42:37,8.62,0.01,46,39652,买盘
1559,10:42:32,8.61,0.01,880,757680,买盘
1560,10:42:27,8.6,--,431,370660,买盘
1561,10:42:22,8.6,0.01,176,151360,买盘
1562,10:42:17,8.59,-0.01,270,231930,卖盘
1563,10:42:12,8.6,0.01,10,8600,买盘
1564,10:42:07,8.59,-0.01,16,13744,卖盘
1565,10:42:02,8.6,--,38,32680,买盘
1566,10:41:57,8.6,0.03,32,27520,买盘
1567,10:41:52,8.57,-0.02,657,563049,卖盘
1568,10:41:47,8.59,0.01,271,232789,买盘
1569,10:41:42,8.58,--,14,12012,卖盘
1570,10:41:37,8.58,--,169,145002,买盘
1571,10:41:32,8.58,-0.01,23,19734,中性盘
1572,10:41:26,8.59,-0.01,308,264572,卖盘
1573,10:41:22,8.6,--,23,19780,买盘
1574,10:41:17,8.6,--,21,18060,买盘
1575,10:41:11,8.6,--,620,533200,卖盘
1576,10:41:07,8.6,--,191,164260,卖盘
1577,10:41:02,8.6,-0.01,1033,888380,卖盘
1578,10:40:56,8.61,-0.01,506,435666,卖盘
1579,10:40:51,8.62,--,6,5171,买盘
1580,10:40:47,8.62,0.01,5,4310,买盘
1581,10:40:41,8.61,--,20,17220,卖盘
1582,10:40:37,8.61,--,1,861,卖盘
1583,10:40:31,8.61,0.01,61,52521,中性盘
1584,10:40:26,8.6,-0.03,1086,933960,卖盘
1585,10:40:21,8.63,0.02,1,863,买盘
1586,10:40:17,8.61,-0.02,401,345261,卖盘
1587,10:40:11,8.63,0.01,30,25890,买盘
1588,10:40:06,8.62,-0.01,2,1723,卖盘
1589,10:40:01,8.63,-0.01,70,60410,卖盘
1590,10:39:56,8.64,--,32,27648,买盘
1591,10:39:51,8.64,--,202,174528,买盘
1592,10:39:46,8.64,0.02,43,37152,买盘
1593,10:39:41,8.62,-0.01,427,368073,卖盘
1594,10:39:36,8.63,-0.04,225,194175,卖盘
1595,10:39:31,8.67,0.03,697,604299,买盘
1596,10:39:26,8.64,--,10,8640,卖盘
1597,10:39:16,8.64,-0.01,5,4320,卖盘
1598,10:39:11,8.65,0.02,39,33760,买盘
1599,10:39:06,8.63,-0.01,144,124272,卖盘
1600,10:39:01,8.64,-0.01,287,248806,卖盘
1601,10:38:56,8.65,--,575,497375,卖盘
1602,10:38:46,8.65,--,153,132370,买盘
1603,10:38:41,8.65,--,72,62280,买盘
1604,10:38:36,8.65,0.01,100,86500,买盘
1605,10:38:26,8.64,--,10,8640,买盘
1606,10:38:16,8.64,--,37,31968,买盘
1607,10:38:11,8.64,-0.01,25,21600,卖盘
1608,10:38:01,8.65,--,68,58820,买盘
1609,10:37:56,8.65,-0.02,527,456694,卖盘
1610,10:37:51,8.67,--,10,8670,买盘
1611,10:37:46,8.67,--,29,25143,买盘
1612,10:37:41,8.67,--,10,8670,买盘
1613,10:37:36,8.67,--,12,10404,买盘
1614,10:37:31,8.67,-0.01,35,30345,卖盘
1615,10:37:26,8.68,0.01,2,1736,买盘
1616,10:37:16,8.67,0.01,19,16473,买盘
1617,10:37:11,8.66,-0.01,27,23382,卖盘
1618,10:37:01,8.67,--,24,20808,卖盘
1619,10:36:56,8.67,--,92,79764,卖盘
1620,10:36:51,8.67,-0.01,10,8670,卖盘
1621,10:36:46,8.68,--,51,44268,买盘
1622,10:36:41,8.68,--,171,148428,买盘
1623,10:36:36,8.68,0.03,48,41664,买盘
1624,10:36:31,8.65,-0.02,1005,869325,卖盘
1625,10:36:21,8.67,0.01,37,32252,买盘
1626,10:36:16,8.66,--,100,86600,卖盘
1627,10:36:11,8.66,0.01,9,7794,卖盘
1628,10:36:06,8.65,-0.01,64,56077,卖盘
1629,10:36:01,8.66,--,117,101322,买盘
1630,10:35:56,8.66,--,70,60620,买盘
1631,10:35:51,8.66,--,10,8660,买盘
1632,10:35:46,8.66,--,95,82270,卖盘
1633,10:35:41,8.66,-0.01,40,34640,中性盘
1634,10:35:36,8.67,0.01,32,27744,买盘
1635,10:35:31,8.66,--,84,72744,买盘
1636,10:35:26,8.66,--,290,251140,买盘
1637,10:35:21,8.66,--,12,10392,买盘
1638,10:35:16,8.66,--,85,73610,买盘
1639,10:35:11,8.66,--,109,94394,卖盘
1640,10:35:06,8.66,-0.01,23,19918,卖盘
1641,10:35:01,8.67,0.01,166,143922,买盘
1642,10:34:56,8.66,-0.02,200,173200,卖盘
1643,10:34:51,8.68,0.02,90,78120,买盘
1644,10:34:46,8.66,--,46,39836,卖盘
1645,10:34:41,8.66,0.01,228,197448,买盘
1646,10:34:36,8.65,--,64,55360,卖盘
1647,10:34:31,8.65,--,77,66605,卖盘
1648,10:34:26,8.65,0.01,129,111861,买盘
1649,10:34:21,8.64,0.01,32,27648,买盘
1650,10:34:16,8.63,0.01,67,57821,买盘
1651,10:34:11,8.62,-0.02,221,190501,卖盘
1652,10:34:06,8.64,0.02,19,16416,中性盘
1653,10:34:01,8.62,-0.03,143,123265,卖盘
1654,10:33:56,8.65,--,6,5190,买盘
1655,10:33:51,8.65,0.02,4,3460,买盘
1656,10:33:46,8.63,-0.02,6,5178,卖盘
1657,10:33:41,8.65,-0.01,266,230678,卖盘
1658,10:33:36,8.66,-0.02,425,368050,卖盘
1659,10:33:31,8.68,--,391,339388,卖盘
1660,10:33:26,8.68,--,18,15624,卖盘
1661,10:33:21,8.68,--,100,87077,买盘
1662,10:33:16,8.68,--,25,21700,买盘
1663,10:33:11,8.68,--,267,231756,买盘
1664,10:33:05,8.68,--,21,18228,买盘
1665,10:33:01,8.68,--,73,63954,卖盘
1666,10:32:56,8.68,--,51,44268,卖盘
1667,10:32:50,8.68,--,145,125860,卖盘
1668,10:32:46,8.68,--,50,43400,卖盘
1669,10:32:40,8.68,--,78,67704,卖盘
1670,10:32:35,8.68,-0.01,321,278628,卖盘
1671,10:32:31,8.69,--,12,10428,买盘
1672,10:32:25,8.69,-0.01,368,320070,卖盘
1673,10:32:20,8.7,--,500,434999,卖盘
1674,10:32:15,8.7,-0.01,6,5220,卖盘
1675,10:32:10,8.71,--,1,871,买盘
1676,10:32:05,8.71,--,1,871,买盘
1677,10:32:00,8.71,0.01,10,8710,买盘
1678,10:31:55,8.7,-0.01,563,489809,卖盘
1679,10:31:50,8.71,--,163,141973,卖盘
1680,10:31:45,8.71,-0.01,15,13065,卖盘
1681,10:31:35,8.72,--,11,9592,卖盘
1682,10:31:30,8.72,-0.01,3,2616,卖盘
1683,10:31:25,8.73,0.01,93,81189,买盘
1684,10:31:20,8.72,-0.01,2,1744,卖盘
1685,10:31:15,8.73,--,10,8730,买盘
1686,10:31:10,8.73,-0.01,304,265392,卖盘
1687,10:30:55,8.74,-0.01,26,22724,卖盘
1688,10:30:45,8.75,--,72,63000,卖盘
1689,10:30:40,8.75,--,113,98875,卖盘
1690,10:30:35,8.75,--,133,116375,卖盘
1691,10:30:25,8.75,-0.01,12,10500,卖盘
1692,10:30:20,8.76,--,112,98979,卖盘
1693,10:30:15,8.76,--,22,19272,卖盘
1694,10:30:10,8.76,--,191,167316,卖盘
1695,10:30:05,8.76,--,24,21024,卖盘
1696,10:30:00,8.76,-0.01,5,4380,卖盘
1697,10:29:55,8.77,-0.01,246,215742,卖盘
1698,10:29:50,8.78,0.01,1,877,买盘
1699,10:29:45,8.77,--,64,56128,卖盘
1700,10:29:40,8.77,--,20,17540,卖盘
1701,10:29:30,8.77,--,20,17540,卖盘
1702,10:29:25,8.77,--,43,37711,卖盘
1703,10:29:20,8.77,-0.01,169,148213,卖盘
1704,10:29:05,8.78,--,56,49168,买盘
1705,10:28:50,8.78,--,31,27217,买盘
1706,10:28:40,8.78,--,1,877,买盘
1707,10:28:35,8.78,--,5,4390,买盘
1708,10:28:30,8.78,0.01,98,86044,买盘
1709,10:28:25,8.77,--,12,10524,卖盘
1710,10:28:20,8.77,--,1,877,卖盘
1711,10:28:10,8.77,--,280,245560,卖盘
1712,10:27:55,8.77,0.01,277,242929,买盘
1713,10:27:50,8.76,-0.01,15,13140,卖盘
1714,10:27:40,8.77,--,15,13155,买盘
1715,10:27:25,8.77,-0.01,40,35080,卖盘
1716,10:27:10,8.78,--,3,2634,买盘
1717,10:26:50,8.78,--,15,13169,买盘
1718,10:26:45,8.78,--,4,3511,买盘
1719,10:26:30,8.78,0.01,2,1755,买盘
1720,10:26:20,8.77,--,0,0,卖盘
1721,10:26:15,8.77,--,4,3508,买盘
1722,10:25:59,8.77,--,36,31572,卖盘
1723,10:25:50,8.77,--,0,0,卖盘
1724,10:25:44,8.77,--,43,37711,卖盘
1725,10:25:40,8.77,-0.02,300,263100,卖盘
1726,10:25:34,8.79,--,346,304714,买盘
1727,10:25:30,8.79,0.01,147,129212,买盘
1728,10:25:24,8.78,--,83,72874,卖盘
1729,10:25:14,8.78,--,59,51801,买盘
1730,10:24:59,8.78,--,9,7901,买盘
1731,10:24:44,8.78,--,4,3511,买盘
1732,10:24:39,8.78,-0.01,35,30729,卖盘
1733,10:24:34,8.79,0.01,51,44828,买盘
1734,10:24:29,8.78,0.01,24,21072,买盘
1735,10:24:14,8.77,-0.01,14,12278,卖盘
1736,10:24:09,8.78,-0.01,10,8780,卖盘
1737,10:24:04,8.79,0.02,101,88778,买盘
1738,10:23:59,8.77,-0.01,30,26310,卖盘
1739,10:23:54,8.78,--,53,46534,卖盘
1740,10:23:49,8.78,--,18,15803,卖盘
1741,10:23:44,8.78,--,46,40388,卖盘
1742,10:23:39,8.78,--,65,57069,买盘
1743,10:23:19,8.78,-0.01,45,39510,卖盘
1744,10:23:09,8.79,0.01,51,44828,买盘
1745,10:23:04,8.78,-0.01,73,64392,卖盘
1746,10:22:59,8.79,0.01,21,18459,买盘
1747,10:22:54,8.78,--,2,1755,卖盘
1748,10:22:49,8.78,--,1,877,卖盘
1749,10:22:44,8.78,--,29,26041,买盘
1750,10:22:39,8.78,0.01,2,1755,买盘
1751,10:22:34,8.77,-0.01,10,8770,卖盘
1752,10:22:29,8.78,0.01,11,9658,买盘
1753,10:22:24,8.77,--,77,67529,卖盘
1754,10:22:19,8.77,--,10,8770,卖盘
1755,10:22:14,8.77,0.01,1,877,买盘
1756,10:22:09,8.76,--,175,153300,卖盘
1757,10:22:04,8.76,--,6,5256,卖盘
1758,10:21:59,8.76,--,13,11388,卖盘
1759,10:21:49,8.76,--,18,15776,买盘
1760,10:21:39,8.76,--,20,17520,买盘
1761,10:21:34,8.76,-0.01,52,46419,卖盘
1762,10:21:29,8.77,0.01,15,13155,买盘
1763,10:21:19,8.76,--,31,27156,卖盘
1764,10:21:14,8.76,-0.01,239,209364,卖盘
1765,10:21:09,8.77,--,52,45604,买盘
1766,10:21:04,8.77,0.01,20,17540,买盘
1767,10:20:59,8.76,-0.01,104,91104,卖盘
1768,10:20:54,8.77,--,10,8770,买盘
1769,10:20:49,8.77,--,18,15786,买盘
1770,10:20:34,8.77,--,63,55251,买盘
1771,10:20:29,8.77,--,7,6139,买盘
1772,10:20:24,8.77,--,8,7016,买盘
1773,10:20:19,8.77,--,59,51743,买盘
1774,10:20:14,8.77,--,20,17540,买盘
1775,10:20:09,8.77,--,80,70160,买盘
1776,10:20:04,8.77,0.01,15,13155,买盘
1777,10:19:59,8.76,--,29,25404,卖盘
1778,10:19:44,8.76,--,242,212000,买盘
1779,10:19:34,8.76,0.02,35,30660,买盘
1780,10:19:29,8.74,-0.02,56,48944,卖盘
1781,10:19:24,8.76,--,5,4380,买盘
1782,10:19:19,8.76,0.01,300,262800,买盘
1783,10:19:14,8.75,0.01,25,21875,买盘
1784,10:19:08,8.74,--,128,111872,卖盘
1785,10:19:03,8.74,--,8,6992,买盘
1786,10:18:59,8.74,--,11,9614,买盘
1787,10:18:54,8.74,--,94,82156,卖盘
1788,10:18:48,8.74,--,84,73416,买盘
1789,10:18:44,8.74,-0.01,23,20102,卖盘
1790,10:18:39,8.75,0.03,20,17500,买盘
1791,10:18:33,8.72,-0.02,621,541512,卖盘
1792,10:18:29,8.74,--,106,92644,卖盘
1793,10:18:24,8.74,--,7,6118,买盘
1794,10:18:18,8.74,-0.01,6,5244,卖盘
1795,10:18:14,8.75,0.01,163,142625,买盘
1796,10:18:09,8.74,0.01,287,250838,买盘
1797,10:18:03,8.73,--,130,113490,卖盘
1798,10:17:59,8.73,-0.01,3,2837,卖盘
1799,10:17:54,8.74,--,60,52440,买盘
1800,10:17:43,8.74,--,205,179170,卖盘
1801,10:17:39,8.74,--,108,94392,卖盘
1802,10:17:33,8.74,--,113,98762,卖盘
1803,10:17:28,8.74,-0.01,108,94392,卖盘
1804,10:17:23,8.75,--,97,84875,买盘
1805,10:17:13,8.75,--,2,1750,买盘
1806,10:17:08,8.75,--,12,10500,买盘
1807,10:17:03,8.75,--,11,9625,买盘
1808,10:16:58,8.75,0.01,5,4375,买盘
1809,10:16:53,8.74,--,14,12236,卖盘
1810,10:16:43,8.74,--,29,25346,卖盘
1811,10:16:38,8.74,--,53,46322,卖盘
1812,10:16:33,8.74,--,179,156446,卖盘
1813,10:16:28,8.74,--,15,13110,卖盘
1814,10:16:23,8.74,--,10,8740,卖盘
1815,10:16:13,8.74,--,4,3496,卖盘
1816,10:16:08,8.74,--,66,57684,卖盘
1817,10:16:03,8.74,0.01,32,27968,买盘
1818,10:15:58,8.73,-0.01,22,19206,卖盘
1819,10:15:53,8.74,--,288,251712,买盘
1820,10:15:43,8.74,--,10,8740,买盘
1821,10:15:37,8.74,0.01,2,1748,买盘
1822,10:15:33,8.73,-0.01,4,3492,卖盘
1823,10:15:28,8.74,--,10,8740,买盘
1824,10:15:23,8.74,--,17,14858,买盘
1825,10:15:13,8.74,-0.02,18,15732,中性盘
1826,10:15:08,8.76,0.02,445,389820,买盘
1827,10:15:03,8.74,-0.01,1,874,卖盘
1828,10:14:58,8.75,--,8,7000,买盘
1829,10:14:53,8.75,-0.01,391,342125,卖盘
1830,10:14:48,8.76,0.01,5,4380,买盘
1831,10:14:43,8.75,-0.02,72,63000,卖盘
1832,10:14:38,8.77,0.01,314,276246,买盘
1833,10:14:33,8.76,-0.01,60,52560,卖盘
1834,10:14:28,8.77,0.01,5,4385,买盘
1835,10:14:23,8.76,--,68,59568,卖盘
1836,10:14:18,8.76,-0.01,10,8760,卖盘
1837,10:14:13,8.77,--,24,21048,买盘
1838,10:13:58,8.77,--,20,17540,买盘
1839,10:13:53,8.77,-0.02,72,63144,卖盘
1840,10:13:43,8.79,0.02,170,149430,买盘
1841,10:13:38,8.77,0.01,62,54374,买盘
1842,10:13:28,8.76,-0.01,4,3504,卖盘
1843,10:13:23,8.77,0.01,1,877,买盘
1844,10:13:18,8.76,--,11,9636,卖盘
1845,10:13:13,8.76,--,14,12264,卖盘
1846,10:13:07,8.76,0.01,65,56948,买盘
1847,10:12:53,8.75,-0.01,3,2625,中性盘
1848,10:12:48,8.76,0.01,23,20148,买盘
1849,10:12:42,8.75,--,10,8750,买盘
1850,10:12:37,8.75,0.01,49,42875,买盘
1851,10:12:33,8.74,--,12,10488,卖盘
1852,10:12:28,8.74,0.01,54,47196,买盘
1853,10:12:23,8.73,-0.01,41,35793,卖盘
1854,10:12:18,8.74,0.02,58,50692,买盘
1855,10:12:12,8.72,-0.01,130,113360,卖盘
1856,10:12:08,8.73,-0.01,175,152775,中性盘
1857,10:12:03,8.74,--,15,13110,买盘
1858,10:11:58,8.74,--,220,192280,买盘
1859,10:11:53,8.74,--,15,13110,买盘
1860,10:11:47,8.74,0.01,10,8740,买盘
1861,10:11:42,8.73,--,52,45396,买盘
1862,10:11:38,8.73,--,116,101268,卖盘
1863,10:11:32,8.73,--,92,80316,卖盘
1864,10:11:23,8.73,-0.01,76,66348,卖盘
1865,10:11:17,8.74,--,6,5244,买盘
1866,10:11:12,8.74,0.01,2,1748,买盘
1867,10:11:08,8.73,-0.01,133,116109,卖盘
1868,10:11:02,8.74,--,1,874,买盘
1869,10:10:57,8.74,-0.01,405,353970,卖盘
1870,10:10:52,8.75,--,305,266875,卖盘
1871,10:10:47,8.75,--,35,30625,卖盘
1872,10:10:42,8.75,-0.01,38,33250,卖盘
1873,10:10:38,8.76,0.01,49,42924,买盘
1874,10:10:32,8.75,--,29,25375,卖盘
1875,10:10:27,8.75,-0.01,3,2625,卖盘
1876,10:10:22,8.76,--,60,52560,卖盘
1877,10:10:17,8.76,--,20,17520,卖盘
1878,10:10:12,8.76,--,72,63072,卖盘
1879,10:10:07,8.76,-0.01,13,11388,卖盘
1880,10:09:57,8.77,--,85,74545,卖盘
1881,10:09:52,8.77,--,117,102609,卖盘
1882,10:09:42,8.77,-0.01,10,8770,卖盘
1883,10:09:37,8.78,--,69,60581,卖盘
1884,10:09:32,8.78,--,62,54435,卖盘
1885,10:09:27,8.78,--,21,18438,卖盘
1886,10:09:22,8.78,-0.01,288,252863,卖盘
1887,10:09:17,8.79,0.01,21,18459,买盘
1888,10:09:12,8.78,--,20,17560,卖盘
1889,10:09:07,8.78,-0.02,100,87800,卖盘
1890,10:09:02,8.8,0.01,6,5280,买盘
1891,10:08:57,8.79,0.01,5,4395,中性盘
1892,10:08:52,8.78,-0.02,416,365248,卖盘
1893,10:08:42,8.8,--,1,880,买盘
1894,10:08:37,8.8,--,74,65120,卖盘
1895,10:08:32,8.8,--,64,56320,卖盘
1896,10:08:22,8.8,--,14,12320,卖盘
1897,10:08:16,8.8,--,31,27280,卖盘
1898,10:08:12,8.8,--,9,7920,卖盘
1899,10:08:07,8.8,--,48,42240,卖盘
1900,10:08:02,8.8,--,2,1760,卖盘
1901,10:07:57,8.8,0.01,31,27280,卖盘
1902,10:07:52,8.79,--,10,8790,卖盘
1903,10:07:46,8.79,-0.01,28,24611,卖盘
1904,10:07:42,8.8,--,34,29920,卖盘
1905,10:07:37,8.8,0.01,38,33440,买盘
1906,10:07:32,8.79,--,2,1757,卖盘
1907,10:07:27,8.79,-0.01,150,131850,卖盘
1908,10:07:22,8.8,--,2,1760,买盘
1909,10:07:01,8.8,--,2,1760,买盘
1910,10:06:57,8.8,-0.01,22,19360,卖盘
1911,10:06:52,8.81,0.01,3,2643,买盘
1912,10:06:47,8.8,-0.01,36,31680,卖盘
1913,10:06:42,8.81,0.01,2,1762,买盘
1914,10:06:37,8.8,--,51,44880,买盘
1915,10:06:32,8.8,--,4,3520,卖盘
1916,10:06:16,8.8,--,85,74800,买盘
1917,10:06:07,8.8,0.02,16,14080,买盘
1918,10:06:02,8.78,-0.01,88,77264,卖盘
1919,10:05:52,8.79,--,36,31643,买盘
1920,10:05:47,8.79,-0.01,144,126575,卖盘
1921,10:05:42,8.8,--,129,113520,买盘
1922,10:05:37,8.8,--,19,16720,买盘
1923,10:05:32,8.8,--,321,282480,买盘
1924,10:05:26,8.8,0.01,1,880,买盘
1925,10:05:22,8.79,-0.01,25,21974,卖盘
1926,10:05:16,8.8,--,140,123200,卖盘
1927,10:04:57,8.8,--,0,0,卖盘
1928,10:04:52,8.8,-0.01,311,273680,卖盘
1929,10:04:46,8.81,--,85,74885,卖盘
1930,10:04:36,8.81,--,35,30835,卖盘
1931,10:04:32,8.81,--,25,22025,卖盘
1932,10:04:26,8.81,--,40,35240,卖盘
1933,10:04:21,8.81,--,12,10572,卖盘
1934,10:04:16,8.81,--,162,142722,卖盘
1935,10:04:06,8.81,-0.01,109,96029,卖盘
1936,10:04:02,8.82,--,10,8820,买盘
1937,10:03:56,8.82,--,77,67914,买盘
1938,10:03:46,8.82,--,32,28224,卖盘
1939,10:03:36,8.82,--,10,8820,卖盘
1940,10:03:31,8.82,-0.01,6,5292,卖盘
1941,10:03:26,8.83,--,31,27373,买盘
1942,10:03:21,8.83,0.01,6,5298,中性盘
1943,10:03:16,8.82,-0.02,62,54684,卖盘
1944,10:03:06,8.84,0.01,61,53924,买盘
1945,10:03:01,8.83,-0.01,12,10596,卖盘
1946,10:02:56,8.84,0.01,30,26520,买盘
1947,10:02:46,8.83,-0.01,10,8830,卖盘
1948,10:02:41,8.84,--,48,42432,卖盘
1949,10:02:36,8.84,--,5,4420,卖盘
1950,10:02:31,8.84,--,50,44200,卖盘
1951,10:02:26,8.84,--,50,44200,卖盘
1952,10:02:21,8.84,--,24,21216,卖盘
1953,10:02:16,8.84,--,333,294372,买盘
1954,10:02:11,8.84,--,28,24752,买盘
1955,10:02:06,8.84,0.01,29,25636,买盘
1956,10:02:01,8.83,--,84,74172,卖盘
1957,10:01:56,8.83,--,34,30022,卖盘
1958,10:01:51,8.83,--,7,6181,卖盘
1959,10:01:46,8.83,--,12,10596,卖盘
1960,10:01:31,8.83,--,1,883,买盘
1961,10:01:26,8.83,0.01,152,134216,买盘
1962,10:01:21,8.82,--,17,14994,卖盘
1963,10:01:16,8.82,-0.01,20,17640,卖盘
1964,10:01:11,8.83,0.01,57,50331,买盘
1965,10:01:06,8.82,--,6,5292,卖盘
1966,10:01:01,8.82,0.01,7,6174,卖盘
1967,10:00:56,8.81,--,0,0,卖盘
1968,10:00:51,8.81,--,5,4405,卖盘
1969,10:00:46,8.81,-0.01,33,29073,卖盘
1970,10:00:41,8.82,--,44,38808,买盘
1971,10:00:36,8.82,0.01,1,882,买盘
1972,10:00:31,8.81,-0.01,153,134793,卖盘
1973,10:00:25,8.82,--,43,37926,买盘
1974,10:00:16,8.82,--,18,15876,中性盘
1975,10:00:10,8.82,--,514,453348,卖盘
1976,09:59:55,8.82,--,4,3528,卖盘
1977,09:59:46,8.82,--,200,176400,卖盘
1978,09:59:40,8.82,-0.01,307,270774,卖盘
1979,09:59:36,8.83,-0.01,21,18543,卖盘
1980,09:59:31,8.84,--,30,26520,买盘
1981,09:59:25,8.84,0.01,40,35360,买盘
1982,09:59:16,8.83,--,30,26490,卖盘
1983,09:59:01,8.83,0.01,171,150993,买盘
1984,09:58:40,8.82,--,39,34398,买盘
1985,09:58:31,8.82,--,52,45864,买盘
1986,09:58:25,8.82,--,81,71442,买盘
1987,09:58:20,8.82,--,4,3528,买盘
1988,09:58:16,8.82,--,27,23814,买盘
1989,09:58:10,8.82,-0.01,162,142884,卖盘
1990,09:58:05,8.83,0.01,149,131567,买盘
1991,09:58:01,8.82,--,175,154350,卖盘
1992,09:57:55,8.82,-0.01,3,2646,卖盘
1993,09:57:50,8.83,0.01,23,20309,买盘
1994,09:57:45,8.82,--,1,882,卖盘
1995,09:57:40,8.82,--,134,118188,卖盘
1996,09:57:35,8.82,--,12,10584,卖盘
1997,09:57:25,8.82,-0.01,32,28224,卖盘
1998,09:57:10,8.83,--,115,101545,卖盘
1999,09:57:05,8.83,--,28,24724,卖盘
2000,09:57:00,8.83,--,80,70640,卖盘
2001,09:56:55,8.83,-0.01,50,44150,卖盘
2002,09:56:50,8.84,--,41,36244,买盘
2003,09:56:45,8.84,--,1,884,买盘
2004,09:56:40,8.84,--,9,7956,买盘
2005,09:56:35,8.84,0.01,41,36244,买盘
2006,09:56:30,8.83,-0.02,1,883,卖盘
2007,09:56:25,8.85,--,0,0,买盘
2008,09:56:20,8.85,0.02,13,11505,买盘
2009,09:56:15,8.83,-0.01,12,10596,卖盘
2010,09:56:10,8.84,-0.01,18,15912,买盘
2011,09:56:05,8.85,--,10,8850,买盘
2012,09:55:55,8.85,--,244,215940,买盘
2013,09:55:50,8.85,--,20,17700,买盘
2014,09:55:45,8.85,0.01,286,253110,买盘
2015,09:55:40,8.84,--,4,3536,买盘
2016,09:55:35,8.84,--,17,15028,买盘
2017,09:55:30,8.84,-0.01,37,32708,卖盘
2018,09:55:25,8.85,0.01,105,92925,买盘
2019,09:55:15,8.84,-0.01,61,53924,卖盘
2020,09:55:10,8.85,--,6,5310,买盘
2021,09:55:05,8.85,--,47,41595,买盘
2022,09:55:00,8.85,--,18,15930,买盘
2023,09:54:55,8.85,0.01,305,269925,买盘
2024,09:54:50,8.84,-0.01,48,42432,卖盘
2025,09:54:45,8.85,--,410,362850,买盘
2026,09:54:40,8.85,--,6,5310,买盘
2027,09:54:35,8.85,--,11,9735,买盘
2028,09:54:30,8.85,0.01,52,46020,买盘
2029,09:54:25,8.84,-0.01,83,73372,卖盘
2030,09:54:20,8.85,0.01,192,169920,买盘
2031,09:54:15,8.84,-0.01,2,1768,卖盘
2032,09:54:10,8.85,--,27,23895,买盘
2033,09:54:05,8.85,--,17,15045,买盘
2034,09:54:00,8.85,0.01,151,133635,买盘
2035,09:53:50,8.84,--,250,221000,买盘
2036,09:53:40,8.84,--,33,29172,买盘
2037,09:53:35,8.84,0.01,123,108732,买盘
2038,09:53:30,8.83,-0.01,17,15011,卖盘
2039,09:53:20,8.84,--,18,15912,买盘
2040,09:53:15,8.84,0.01,10,8840,买盘
2041,09:53:10,8.83,-0.01,16,14128,卖盘
2042,09:53:05,8.84,--,1,884,买盘
2043,09:53:00,8.84,-0.01,77,68068,卖盘
2044,09:52:55,8.85,0.02,2,1770,买盘
2045,09:52:50,8.83,-0.01,402,354966,卖盘
2046,09:52:45,8.84,--,12,10608,买盘
2047,09:52:40,8.84,0.01,38,33592,买盘
2048,09:52:35,8.83,-0.01,55,48565,卖盘
2049,09:52:30,8.84,--,51,45084,买盘
2050,09:52:25,8.84,--,31,27404,买盘
2051,09:52:19,8.84,0.01,90,79560,买盘
2052,09:52:15,8.83,-0.01,10,8830,卖盘
2053,09:52:10,8.84,--,10,8840,买盘
2054,09:52:04,8.84,--,14,12376,买盘
2055,09:52:00,8.84,0.01,132,116688,买盘
2056,09:51:55,8.83,-0.01,82,72406,中性盘
2057,09:51:49,8.84,--,2,1768,买盘
2058,09:51:45,8.84,0.02,30,26520,买盘
2059,09:51:40,8.82,--,9,7938,卖盘
2060,09:51:34,8.82,--,40,35967,买盘
2061,09:51:30,8.82,--,33,29106,买盘
2062,09:51:25,8.82,--,36,31752,买盘
2063,09:51:19,8.82,--,113,99666,买盘
2064,09:51:10,8.82,--,110,97020,买盘
2065,09:51:04,8.82,--,72,63504,买盘
2066,09:50:59,8.82,--,47,41454,买盘
2067,09:50:55,8.82,--,58,51156,买盘
2068,09:50:49,8.82,--,18,15876,卖盘
2069,09:50:39,8.82,0.01,25,22050,卖盘
2070,09:50:34,8.81,--,5,4405,卖盘
2071,09:50:29,8.81,-0.01,20,17620,卖盘
2072,09:50:24,8.82,--,37,32634,买盘
2073,09:50:19,8.82,--,15,13230,买盘
2074,09:50:14,8.82,--,30,26460,买盘
2075,09:50:09,8.82,--,2,1764,买盘
2076,09:50:04,8.82,--,86,75852,买盘
2077,09:49:59,8.82,-0.01,97,85554,卖盘
2078,09:49:55,8.83,0.01,14,12362,买盘
2079,09:49:49,8.82,--,1,882,卖盘
2080,09:49:44,8.82,--,37,32634,卖盘
2081,09:49:39,8.82,--,23,20286,卖盘
2082,09:49:34,8.82,--,37,32634,卖盘
2083,09:49:29,8.82,--,38,33516,卖盘
2084,09:49:24,8.82,--,8,7056,卖盘
2085,09:49:19,8.82,--,103,90846,卖盘
2086,09:49:14,8.82,0.01,121,106722,买盘
2087,09:49:09,8.81,--,11,9691,卖盘
2088,09:49:04,8.81,--,105,92505,卖盘
2089,09:48:59,8.81,--,25,22025,卖盘
2090,09:48:54,8.81,0.01,68,59908,买盘
2091,09:48:49,8.8,-0.01,80,70400,卖盘
2092,09:48:44,8.81,--,337,296897,买盘
2093,09:48:39,8.81,-0.01,44,38764,买盘
2094,09:48:29,8.82,0.01,20,17640,买盘
2095,09:48:24,8.81,--,1755,1546155,卖盘
2096,09:48:19,8.81,--,391,344471,卖盘
2097,09:48:14,8.81,-0.01,60,52860,卖盘
2098,09:48:09,8.82,--,5,4410,买盘
2099,09:48:04,8.82,--,264,232848,卖盘
2100,09:47:59,8.82,--,29,25578,卖盘
2101,09:47:49,8.82,--,25,22050,卖盘
2102,09:47:44,8.82,-0.01,275,242550,卖盘
2103,09:47:34,8.83,--,26,22958,卖盘
2104,09:47:29,8.83,-0.01,100,88300,卖盘
2105,09:47:19,8.84,0.01,144,127296,中性盘
2106,09:47:14,8.83,-0.02,300,264900,卖盘
2107,09:47:09,8.85,0.01,1,885,买盘
2108,09:47:03,8.84,-0.01,61,53924,卖盘
2109,09:46:59,8.85,--,533,471705,卖盘
2110,09:46:54,8.85,-0.01,20,17700,卖盘
2111,09:46:49,8.86,0.01,6,5316,买盘
2112,09:46:34,8.85,--,38,33630,卖盘
2113,09:46:29,8.85,-0.01,21,18585,中性盘
2114,09:46:24,8.86,--,3,2658,买盘
2115,09:46:19,8.86,0.02,72,63791,买盘
2116,09:46:14,8.84,-0.02,47,41548,卖盘
2117,09:46:09,8.86,--,1,886,买盘
2118,09:46:04,8.86,0.01,9,7973,买盘
2119,09:45:59,8.85,-0.01,14,12390,卖盘
2120,09:45:49,8.86,0.01,21,18606,买盘
2121,09:45:44,8.85,--,6,5310,卖盘
2122,09:45:34,8.85,-0.01,33,29205,中性盘
2123,09:45:29,8.86,0.03,40,35440,买盘
2124,09:45:24,8.83,-0.03,22,19426,卖盘
2125,09:45:14,8.86,0.03,16,14176,买盘
2126,09:45:09,8.83,-0.03,4,3532,卖盘
2127,09:45:04,8.86,0.02,260,230359,买盘
2128,09:44:59,8.84,--,0,0,卖盘
2129,09:44:54,8.84,--,50,44200,卖盘
2130,09:44:49,8.84,0.01,8,7072,卖盘
2131,09:44:44,8.83,-0.01,200,176600,卖盘
2132,09:44:39,8.84,-0.01,250,221000,卖盘
2133,09:44:34,8.85,0.01,36,31860,买盘
2134,09:44:28,8.84,--,253,223652,卖盘
2135,09:44:24,8.84,--,6,5304,卖盘
2136,09:44:18,8.84,--,110,97240,卖盘
2137,09:44:13,8.84,-0.01,47,41548,买盘
2138,09:44:08,8.85,-0.01,20,17700,卖盘
2139,09:44:04,8.86,0.03,40,35440,买盘
2140,09:43:58,8.83,-0.01,107,95284,卖盘
2141,09:43:49,8.84,-0.01,41,36244,卖盘
2142,09:43:43,8.85,--,260,230100,买盘
2143,09:43:39,8.85,--,3,2655,买盘
2144,09:43:34,8.85,-0.01,463,410197,卖盘
2145,09:43:28,8.86,-0.01,22,19492,卖盘
2146,09:43:23,8.87,--,90,79830,买盘
2147,09:43:19,8.87,-0.01,9,7982,买盘
2148,09:43:13,8.88,--,0,0,买盘
2149,09:43:08,8.88,0.01,358,317904,买盘
2150,09:43:03,8.87,--,190,168529,卖盘
2151,09:42:58,8.87,--,16,14191,卖盘
2152,09:42:53,8.87,-0.01,50,44349,卖盘
2153,09:42:48,8.88,0.01,287,254856,买盘
2154,09:42:43,8.87,--,183,162321,卖盘
2155,09:42:38,8.87,-0.01,10,8870,卖盘
2156,09:42:33,8.88,--,6,5328,买盘
2157,09:42:28,8.88,--,55,48840,买盘
2158,09:42:23,8.88,--,14,12432,买盘
2159,09:42:18,8.88,--,159,141192,买盘
2160,09:42:08,8.88,0.01,28,24864,买盘
2161,09:42:03,8.87,-0.01,25,22174,卖盘
2162,09:41:58,8.88,--,68,60384,买盘
2163,09:41:53,8.88,--,134,118992,卖盘
2164,09:41:48,8.88,0.01,281,249528,买盘
2165,09:41:43,8.87,--,173,153451,买盘
2166,09:41:38,8.87,--,7,6208,买盘
2167,09:41:33,8.87,0.01,13,11530,买盘
2168,09:41:28,8.86,-0.02,45,39870,卖盘
2169,09:41:23,8.88,0.01,112,99456,买盘
2170,09:41:18,8.87,--,20,17740,卖盘
2171,09:41:13,8.87,0.02,30,26609,买盘
2172,09:41:08,8.85,--,250,221250,卖盘
2173,09:41:03,8.85,-0.01,1,885,卖盘
2174,09:40:53,8.86,-0.01,74,65564,中性盘
2175,09:40:43,8.87,--,389,345042,买盘
2176,09:40:38,8.87,0.02,18,15965,买盘
2177,09:40:33,8.85,-0.02,150,132750,卖盘
2178,09:40:28,8.87,--,3,2660,卖盘
2179,09:40:23,8.87,0.02,627,556592,买盘
2180,09:40:18,8.85,0.01,70,61950,买盘
2181,09:40:13,8.84,--,20,17680,卖盘
2182,09:40:08,8.84,--,119,105196,卖盘
2183,09:40:03,8.84,--,12,10608,卖盘
2184,09:39:53,8.84,0.01,18,15912,买盘
2185,09:39:43,8.83,--,63,55629,卖盘
2186,09:39:38,8.83,--,289,255187,卖盘
2187,09:39:33,8.83,-0.01,36,31788,卖盘
2188,09:39:28,8.84,0.01,498,440232,买盘
2189,09:39:23,8.83,--,10,8830,卖盘
2190,09:39:18,8.83,0.01,137,120971,买盘
2191,09:39:12,8.82,-0.01,10,8820,卖盘
2192,09:39:08,8.83,--,16,14128,买盘
2193,09:39:03,8.83,0.02,369,325827,买盘
2194,09:38:57,8.81,-0.01,44,38764,卖盘
2195,09:38:53,8.82,--,40,35280,买盘
2196,09:38:48,8.82,--,57,50274,买盘
2197,09:38:43,8.82,--,233,205506,买盘
2198,09:38:38,8.82,0.01,37,32634,买盘
2199,09:38:33,8.81,--,18,15858,卖盘
2200,09:38:27,8.81,--,132,116292,卖盘
2201,09:38:23,8.81,-0.01,114,100434,卖盘
2202,09:38:18,8.82,0.01,1,882,买盘
2203,09:38:12,8.81,-0.01,390,343590,卖盘
2204,09:38:08,8.82,--,102,89964,卖盘
2205,09:38:03,8.82,-0.01,6,5292,卖盘
2206,09:37:58,8.83,--,21,18543,买盘
2207,09:37:53,8.83,--,5,4415,买盘
2208,09:37:48,8.83,0.01,30,26490,买盘
2209,09:37:43,8.82,-0.01,357,314874,卖盘
2210,09:37:38,8.83,-0.01,112,98896,卖盘
2211,09:37:33,8.84,0.01,9,7956,买盘
2212,09:37:27,8.83,-0.01,146,128918,卖盘
2213,09:37:23,8.84,--,1,884,买盘
2214,09:37:18,8.84,-0.01,47,41548,卖盘
2215,09:37:13,8.85,0.01,89,78765,买盘
2216,09:37:08,8.84,-0.01,141,124644,卖盘
2217,09:37:03,8.85,0.01,1,885,买盘
2218,09:36:58,8.84,--,204,180336,卖盘
2219,09:36:53,8.84,-0.02,21,18564,卖盘
2220,09:36:48,8.86,--,159,140874,买盘
2221,09:36:43,8.86,--,14,12404,买盘
2222,09:36:38,8.86,--,30,26580,买盘
2223,09:36:33,8.86,0.01,24,21264,买盘
2224,09:36:28,8.85,--,30,26550,卖盘
2225,09:36:22,8.85,-0.01,195,172575,卖盘
2226,09:36:17,8.86,--,18,15947,买盘
2227,09:36:13,8.86,--,69,61133,买盘
2228,09:36:07,8.86,--,142,125811,买盘
2229,09:35:58,8.86,--,46,40756,卖盘
2230,09:35:52,8.86,-0.01,192,170112,卖盘
2231,09:35:47,8.87,0.01,46,40802,买盘
2232,09:35:42,8.86,--,23,20378,卖盘
2233,09:35:37,8.86,--,1,886,卖盘
2234,09:35:33,8.86,-0.01,488,432368,卖盘
2235,09:35:22,8.87,0.01,83,73621,买盘
2236,09:35:17,8.86,-0.02,28,24808,卖盘
2237,09:35:12,8.88,0.02,10,8880,买盘
2238,09:35:07,8.86,-0.01,77,68222,卖盘
2239,09:35:02,8.87,--,147,130388,卖盘
2240,09:34:57,8.87,-0.01,61,54106,卖盘
2241,09:34:52,8.88,0.01,214,190032,买盘
2242,09:34:47,8.87,--,50,44349,卖盘
2243,09:34:42,8.87,0.01,110,97569,买盘
2244,09:34:37,8.86,--,35,31009,卖盘
2245,09:34:32,8.86,-0.01,133,117837,卖盘
2246,09:34:22,8.87,0.01,146,129501,买盘
2247,09:34:17,8.86,-0.01,32,28352,卖盘
2248,09:34:07,8.87,0.01,14,12417,买盘
2249,09:34:02,8.86,-0.01,137,121381,卖盘
2250,09:33:57,8.87,--,16,14191,买盘
2251,09:33:52,8.87,0.01,469,416002,买盘
2252,09:33:47,8.86,--,63,55818,卖盘
2253,09:33:42,8.86,--,6,5316,卖盘
2254,09:33:37,8.86,--,58,51388,卖盘
2255,09:33:32,8.86,0.01,87,77082,买盘
2256,09:33:27,8.85,-0.01,36,31860,卖盘
2257,09:33:22,8.86,0.01,707,626402,买盘
2258,09:33:17,8.85,--,22,19470,卖盘
2259,09:33:12,8.85,--,53,46905,买盘
2260,09:33:06,8.85,--,17,15045,买盘
2261,09:33:02,8.85,0.01,10,8850,买盘
2262,09:32:57,8.84,--,7,6188,卖盘
2263,09:32:52,8.84,-0.01,6,5304,卖盘
2264,09:32:47,8.85,--,257,227445,买盘
2265,09:32:42,8.85,0.03,79,69915,买盘
2266,09:32:37,8.82,-0.02,79,69678,卖盘
2267,09:32:32,8.84,0.02,17,15028,买盘
2268,09:32:27,8.82,--,50,44100,卖盘
2269,09:32:21,8.82,-0.02,81,71442,卖盘
2270,09:32:17,8.84,--,2,1768,买盘
2271,09:32:12,8.84,0.02,3,2652,买盘
2272,09:32:07,8.82,-0.04,78,68796,卖盘
2273,09:32:02,8.86,-0.02,82,72652,卖盘
2274,09:31:57,8.88,0.02,30,26640,买盘
2275,09:31:52,8.86,-0.02,55,48730,卖盘
2276,09:31:47,8.88,--,111,98568,卖盘
2277,09:31:42,8.88,-0.01,37,32856,卖盘
2278,09:31:37,8.89,-0.01,334,296926,卖盘
2279,09:31:32,8.9,--,584,519760,买盘
2280,09:31:27,8.9,--,13,11570,买盘
2281,09:31:22,8.9,-0.01,381,339392,卖盘
2282,09:31:17,8.91,0.01,553,492723,买盘
2283,09:31:12,8.9,--,52,46280,卖盘
2284,09:31:07,8.9,-0.01,242,215380,卖盘
2285,09:31:02,8.91,0.01,1087,968517,买盘
2286,09:30:57,8.9,-0.01,335,298150,卖盘
2287,09:30:52,8.91,--,652,580932,买盘
2288,09:30:47,8.91,--,27,24057,买盘
2289,09:30:41,8.91,-0.01,203,180873,卖盘
2290,09:30:36,8.92,0.01,116,103472,买盘
2291,09:30:32,8.91,0.01,120,106920,买盘
2292,09:30:26,8.9,--,11,9790,卖盘
2293,09:30:21,8.9,--,17,15130,卖盘
2294,09:30:17,8.9,-0.01,359,319510,卖盘
2295,09:30:11,8.91,--,20,17820,卖盘
2296,09:30:06,8.91,0.03,1258,1121466,买盘
2297,09:30:02,8.88,-0.01,310,275280,卖盘
2298,09:28:55,8.89,--,0,0,买盘
2299,09:25:09,8.89,8.89,570,506730,买盘
