,time,price,change,volume,amount,type
0,15:00:00,5.27,--,0,0,买盘
1,15:00:00,5.27,--,30,15809,买盘
2,14:59:59,5.27,--,10,5270,买盘
3,14:59:48,5.27,--,322,169694,买盘
4,14:59:44,5.27,--,793,417910,买盘
5,14:59:39,5.27,--,1,527,买盘
6,14:59:33,5.27,--,1,527,买盘
7,14:59:29,5.27,--,35,18445,买盘
8,14:59:24,5.27,--,5,2635,买盘
9,14:59:18,5.27,--,770,405789,买盘
10,14:59:14,5.27,--,499,262973,买盘
11,14:59:03,5.27,0.01,54,28457,买盘
12,14:58:59,5.26,--,39,20514,卖盘
13,14:58:48,5.26,--,19,9994,卖盘
14,14:58:44,5.26,--,7,3682,卖盘
15,14:58:39,5.26,--,300,158162,卖盘
16,14:58:33,5.26,--,5,2630,卖盘
17,14:58:24,5.26,--,20,10520,卖盘
18,14:58:18,5.26,-0.01,164,86264,卖盘
19,14:58:14,5.27,0.01,5,2635,买盘
20,14:58:09,5.26,--,27,14202,卖盘
21,14:57:59,5.26,--,1,526,卖盘
22,14:57:54,5.26,--,2,1052,卖盘
23,14:57:48,5.26,-0.01,123,64698,卖盘
24,14:57:38,5.27,0.01,1,527,买盘
25,14:57:29,5.26,-0.01,28,14728,卖盘
26,14:57:24,5.27,0.01,22,11593,买盘
27,14:57:18,5.26,-0.01,50,26300,卖盘
28,14:57:14,5.27,0.01,10,5270,买盘
29,14:57:09,5.26,-0.01,60,31560,卖盘
30,14:57:03,5.27,0.01,3,1580,买盘
31,14:56:58,5.26,-0.01,11,5786,卖盘
32,14:56:54,5.27,0.01,15,7904,买盘
33,14:56:43,5.26,--,70,36820,卖盘
34,14:56:38,5.26,-0.01,4,2104,卖盘
35,14:56:33,5.27,--,51,26876,买盘
36,14:56:18,5.27,0.01,184,96967,买盘
37,14:56:08,5.26,-0.01,32,16832,卖盘
38,14:56:03,5.27,0.01,1,527,买盘
39,14:55:58,5.26,--,237,124662,卖盘
40,14:55:53,5.26,-0.01,7,3682,卖盘
41,14:55:48,5.27,0.01,45,23714,买盘
42,14:55:43,5.26,-0.01,82,43132,卖盘
43,14:55:38,5.27,--,27,14228,买盘
44,14:55:33,5.27,0.01,466,245581,买盘
45,14:55:28,5.26,--,65,34190,卖盘
46,14:55:13,5.26,-0.01,190,99940,卖盘
47,14:55:08,5.27,--,5,2635,买盘
48,14:55:03,5.27,0.01,90,47429,买盘
49,14:54:58,5.26,--,132,69432,卖盘
50,14:54:53,5.26,--,500,263000,卖盘
51,14:54:48,5.26,--,319,167794,卖盘
52,14:54:43,5.26,-0.01,20,10520,卖盘
53,14:54:33,5.27,--,192,101183,买盘
54,14:54:28,5.27,0.01,26,13701,买盘
55,14:54:23,5.26,--,23,12098,卖盘
56,14:54:18,5.26,-0.01,30,15780,卖盘
57,14:54:08,5.27,--,1501,791026,买盘
58,14:54:03,5.27,0.01,403,212834,买盘
59,14:53:58,5.26,--,651,342426,卖盘
60,14:53:48,5.26,--,225,118350,卖盘
61,14:53:43,5.26,-0.01,246,129396,卖盘
62,14:53:38,5.27,-0.01,319,168113,卖盘
63,14:53:33,5.28,0.01,51,26928,买盘
64,14:53:28,5.27,--,1138,599873,卖盘
65,14:53:18,5.27,--,150,79050,卖盘
66,14:53:12,5.27,--,914,481677,卖盘
67,14:53:08,5.27,-0.01,79,41759,卖盘
68,14:53:03,5.28,0.01,247,130416,买盘
69,14:52:57,5.27,--,40,21080,卖盘
70,14:52:53,5.27,--,310,163370,卖盘
71,14:52:48,5.27,--,247,130168,卖盘
72,14:52:42,5.27,--,7,3688,卖盘
73,14:52:38,5.27,-0.01,420,221339,卖盘
74,14:52:33,5.28,0.01,27,14256,买盘
75,14:52:27,5.27,--,764,402627,卖盘
76,14:52:18,5.27,--,63,33201,卖盘
77,14:52:12,5.27,--,229,120682,卖盘
78,14:52:08,5.27,--,1529,805782,卖盘
79,14:52:03,5.27,--,115,60604,卖盘
80,14:51:57,5.27,--,300,158194,卖盘
81,14:51:48,5.27,--,1283,676141,卖盘
82,14:51:42,5.27,--,584,307768,卖盘
83,14:51:38,5.27,-0.01,105,55334,卖盘
84,14:51:33,5.28,0.01,37,19536,买盘
85,14:51:27,5.27,--,35,18445,卖盘
86,14:51:23,5.27,--,534,281444,卖盘
87,14:51:18,5.27,--,48,25295,卖盘
88,14:51:12,5.27,--,99,52172,卖盘
89,14:51:03,5.27,-0.01,135,71145,卖盘
90,14:50:57,5.28,0.01,144,76142,买盘
91,14:50:53,5.27,--,82,43303,卖盘
92,14:50:48,5.27,--,217,114358,卖盘
93,14:50:42,5.27,--,55,28984,卖盘
94,14:50:38,5.27,-0.01,130,68510,卖盘
95,14:50:33,5.28,0.01,40,21120,买盘
96,14:50:27,5.27,-0.01,125,65875,卖盘
97,14:50:23,5.28,0.01,2,1056,买盘
98,14:50:18,5.27,-0.01,307,161789,卖盘
99,14:50:12,5.28,0.01,35,18480,买盘
100,14:50:08,5.27,-0.01,20,10540,卖盘
101,14:50:03,5.28,--,2158,1139424,买盘
102,14:49:57,5.28,0.01,26,13728,买盘
103,14:49:53,5.27,--,11,5997,卖盘
104,14:49:48,5.27,-0.01,217,114358,卖盘
105,14:49:42,5.28,--,40,21120,买盘
106,14:49:37,5.28,--,6,3168,买盘
107,14:49:33,5.28,--,109,57552,买盘
108,14:49:27,5.28,0.01,25,13200,买盘
109,14:49:22,5.27,-0.01,1005,529635,卖盘
110,14:49:17,5.28,--,13,6864,买盘
111,14:49:12,5.28,0.01,29,15312,买盘
112,14:49:08,5.27,-0.01,7,3688,卖盘
113,14:49:02,5.28,--,53,27984,买盘
114,14:48:57,5.28,0.01,32,16896,买盘
115,14:48:52,5.27,--,10,5470,卖盘
116,14:48:47,5.27,-0.01,390,205529,卖盘
117,14:48:42,5.28,--,32,16896,买盘
118,14:48:37,5.28,--,451,238128,买盘
119,14:48:32,5.28,0.01,725,382800,买盘
120,14:48:27,5.27,--,39,20553,卖盘
121,14:48:22,5.27,-0.01,10,5270,卖盘
122,14:48:12,5.28,0.01,131,69168,买盘
123,14:48:07,5.27,--,72,37944,卖盘
124,14:48:02,5.27,-0.01,103,54280,卖盘
125,14:47:57,5.28,0.01,30,15840,买盘
126,14:47:52,5.27,-0.01,176,92952,卖盘
127,14:47:42,5.28,0.01,1131,597168,买盘
128,14:47:37,5.27,-0.01,647,340969,卖盘
129,14:47:32,5.28,0.01,6,3168,买盘
130,14:47:27,5.27,-0.01,99,52172,卖盘
131,14:47:22,5.28,0.01,20,10560,买盘
132,14:47:17,5.27,-0.01,106,55861,卖盘
133,14:47:12,5.28,--,27,14256,买盘
134,14:47:07,5.28,--,716,378486,卖盘
135,14:46:57,5.28,--,734,387552,卖盘
136,14:46:52,5.28,--,100,53000,卖盘
137,14:46:47,5.28,--,59,31152,卖盘
138,14:46:42,5.28,-0.01,32,16896,卖盘
139,14:46:37,5.29,0.01,35,18515,买盘
140,14:46:32,5.28,--,93,49521,买盘
141,14:46:27,5.28,--,14,7502,卖盘
142,14:46:22,5.28,--,249,131889,买盘
143,14:46:17,5.28,0.01,30,15840,买盘
144,14:46:12,5.27,-0.01,441,232406,卖盘
145,14:46:06,5.28,--,34,17952,买盘
146,14:46:02,5.28,--,79,41712,买盘
147,14:45:56,5.28,0.01,44,23232,买盘
148,14:45:51,5.27,-0.01,105,55535,卖盘
149,14:45:47,5.28,--,8,4224,买盘
150,14:45:42,5.28,--,195,102960,买盘
151,14:45:36,5.28,--,153,80784,买盘
152,14:45:32,5.28,--,532,280896,买盘
153,14:45:26,5.28,--,36,19008,买盘
154,14:45:21,5.28,--,113,59664,买盘
155,14:45:17,5.28,--,8,4224,买盘
156,14:45:12,5.28,--,207,109296,买盘
157,14:45:06,5.28,--,223,117854,卖盘
158,14:45:02,5.28,--,10,5280,卖盘
159,14:44:57,5.28,--,550,290400,卖盘
160,14:44:51,5.28,--,20,10602,卖盘
161,14:44:47,5.28,--,203,107342,卖盘
162,14:44:41,5.28,--,46,24288,卖盘
163,14:44:36,5.28,--,434,229152,卖盘
164,14:44:32,5.28,-0.01,67,35376,卖盘
165,14:44:27,5.29,0.01,308,162932,买盘
166,14:44:21,5.28,-0.01,65,34320,卖盘
167,14:44:17,5.29,--,33,17457,买盘
168,14:44:11,5.29,0.01,193,102097,买盘
169,14:44:06,5.28,--,432,228096,卖盘
170,14:44:02,5.28,--,20,10560,卖盘
171,14:43:56,5.28,-0.01,148,78144,卖盘
172,14:43:51,5.29,0.01,338,178802,买盘
173,14:43:46,5.28,-0.01,49,26072,卖盘
174,14:43:41,5.29,--,372,196788,买盘
175,14:43:36,5.29,--,44,23276,买盘
176,14:43:32,5.29,0.01,230,121670,买盘
177,14:43:26,5.28,-0.01,421,222288,卖盘
178,14:43:21,5.29,--,214,113206,买盘
179,14:43:17,5.29,0.01,8,4232,买盘
180,14:43:12,5.28,-0.01,32,16896,卖盘
181,14:43:06,5.29,0.01,273,144417,买盘
182,14:43:02,5.28,--,20,10560,卖盘
183,14:42:56,5.28,--,907,478896,卖盘
184,14:42:51,5.28,--,45,23760,卖盘
185,14:42:47,5.28,--,286,151208,买盘
186,14:42:36,5.28,0.01,298,157344,买盘
187,14:42:32,5.27,--,48,25295,卖盘
188,14:42:26,5.27,-0.01,386,203421,卖盘
189,14:42:21,5.28,--,42,22176,买盘
190,14:42:17,5.28,0.01,132,69696,买盘
191,14:42:11,5.27,-0.01,445,234514,卖盘
192,14:42:06,5.28,--,159,83952,买盘
193,14:42:02,5.28,0.01,208,109824,买盘
194,14:41:56,5.27,-0.01,76,40052,卖盘
195,14:41:51,5.28,--,341,180048,买盘
196,14:41:47,5.28,0.01,8,4245,买盘
197,14:41:41,5.27,-0.01,310,163549,卖盘
198,14:41:36,5.28,0.01,101,53328,买盘
199,14:41:31,5.27,-0.02,9,4743,卖盘
200,14:41:26,5.29,0.01,359,189911,买盘
201,14:41:21,5.28,-0.01,208,109824,卖盘
202,14:41:17,5.29,0.01,7,3703,买盘
203,14:41:11,5.28,--,221,116688,买盘
204,14:41:06,5.28,0.01,228,120384,买盘
205,14:41:02,5.27,--,34,17918,卖盘
206,14:40:56,5.27,--,337,177599,卖盘
207,14:40:51,5.27,-0.01,112,59023,卖盘
208,14:40:46,5.28,0.01,223,117744,买盘
209,14:40:41,5.27,-0.01,20,10740,卖盘
210,14:40:36,5.28,0.01,255,134640,买盘
211,14:40:31,5.27,-0.01,9,4743,卖盘
212,14:40:26,5.28,--,7,3696,买盘
213,14:40:21,5.28,--,222,117216,买盘
214,14:40:16,5.28,--,8,4224,买盘
215,14:40:11,5.28,-0.01,211,111408,买盘
216,14:40:06,5.29,--,182,96278,买盘
217,14:40:01,5.29,0.02,235,124315,买盘
218,14:39:56,5.27,-0.01,26,13701,卖盘
219,14:39:51,5.28,--,547,288816,买盘
220,14:39:46,5.28,0.01,132,69696,买盘
221,14:39:41,5.27,-0.02,201,106127,卖盘
222,14:39:36,5.29,0.02,34,17986,买盘
223,14:39:31,5.27,-0.01,565,297755,卖盘
224,14:39:26,5.28,0.01,8,4224,买盘
225,14:39:20,5.27,-0.02,1,527,卖盘
226,14:39:16,5.29,0.02,194,102626,买盘
227,14:39:11,5.27,-0.02,2,1054,卖盘
228,14:39:05,5.29,0.02,230,121670,买盘
229,14:39:01,5.27,-0.01,10,5270,卖盘
230,14:38:56,5.28,--,477,251856,买盘
231,14:38:45,5.28,0.01,198,104544,买盘
232,14:38:41,5.27,--,58,30687,卖盘
233,14:38:35,5.27,--,226,119181,卖盘
234,14:38:30,5.27,-0.01,9,4743,卖盘
235,14:38:26,5.28,-0.01,8,4224,中性盘
236,14:38:20,5.29,--,189,99981,买盘
237,14:38:15,5.29,0.02,7,3703,买盘
238,14:38:11,5.27,--,220,115939,卖盘
239,14:38:05,5.27,-0.02,207,109088,卖盘
240,14:38:00,5.29,0.01,380,201020,买盘
241,14:37:56,5.28,0.01,9,4752,买盘
242,14:37:50,5.27,-0.02,445,234514,卖盘
243,14:37:45,5.29,0.02,169,89401,买盘
244,14:37:41,5.27,-0.02,0,57,卖盘
245,14:37:35,5.29,0.01,388,205394,买盘
246,14:37:30,5.28,--,229,120912,买盘
247,14:37:26,5.28,--,188,99264,买盘
248,14:37:20,5.28,--,660,348480,卖盘
249,14:37:15,5.28,--,403,212784,卖盘
250,14:37:11,5.28,-0.01,107,56496,卖盘
251,14:37:05,5.29,0.02,593,313697,买盘
252,14:37:00,5.27,--,10,5270,卖盘
253,14:36:56,5.27,--,357,188138,卖盘
254,14:36:50,5.27,-0.01,170,89590,卖盘
255,14:36:45,5.28,-0.01,216,114048,中性盘
256,14:36:41,5.29,0.02,265,140185,买盘
257,14:36:35,5.27,-0.02,45,23915,卖盘
258,14:36:30,5.29,0.01,608,321632,买盘
259,14:36:25,5.28,0.01,8,4224,买盘
260,14:36:20,5.27,-0.01,403,212380,卖盘
261,14:36:15,5.28,0.01,28,14784,买盘
262,14:36:11,5.27,-0.01,211,111196,卖盘
263,14:36:05,5.28,0.01,213,112464,买盘
264,14:36:00,5.27,-0.01,372,196043,卖盘
265,14:35:56,5.28,0.01,8,4224,中性盘
266,14:35:50,5.27,-0.02,335,176545,卖盘
267,14:35:45,5.29,--,188,99452,买盘
268,14:35:35,5.29,0.01,461,243869,买盘
269,14:35:30,5.28,-0.01,114,60192,卖盘
270,14:35:25,5.29,0.01,781,413149,买盘
271,14:35:20,5.28,-0.01,28,14784,卖盘
272,14:35:15,5.29,0.01,612,323748,买盘
273,14:35:10,5.28,--,170,89760,买盘
274,14:35:05,5.28,--,269,142032,买盘
275,14:35:00,5.28,--,178,93984,买盘
276,14:34:55,5.28,--,7,3696,买盘
277,14:34:50,5.28,--,416,219648,买盘
278,14:34:45,5.28,-0.01,211,111408,中性盘
279,14:34:40,5.29,0.01,181,95749,买盘
280,14:34:35,5.28,0.01,35,18680,买盘
281,14:34:30,5.27,-0.01,371,195516,卖盘
282,14:34:25,5.28,-0.01,15,7920,卖盘
283,14:34:20,5.29,0.01,434,229586,买盘
284,14:34:15,5.28,--,530,279840,买盘
285,14:34:10,5.28,-0.01,229,120912,买盘
286,14:34:05,5.29,0.01,307,162403,买盘
287,14:34:00,5.28,--,232,122496,买盘
288,14:33:55,5.28,--,188,99264,卖盘
289,14:33:50,5.28,-0.01,12,6336,中性盘
290,14:33:45,5.29,0.01,357,188853,买盘
291,14:33:40,5.28,-0.01,2,1056,买盘
292,14:33:35,5.29,0.01,816,431664,买盘
293,14:33:30,5.28,-0.01,59,31352,卖盘
294,14:33:25,5.29,--,343,181447,买盘
295,14:33:20,5.29,--,189,99981,买盘
296,14:33:15,5.29,0.01,438,231702,买盘
297,14:33:10,5.28,-0.01,221,116688,卖盘
298,14:33:05,5.29,--,238,125902,买盘
299,14:33:00,5.29,--,179,94691,买盘
300,14:32:55,5.29,--,117,61893,买盘
301,14:32:50,5.29,--,557,294653,买盘
302,14:32:45,5.29,--,8,4232,买盘
303,14:32:40,5.29,--,382,202078,买盘
304,14:32:35,5.29,0.01,33,17457,买盘
305,14:32:30,5.28,-0.01,1246,658088,卖盘
306,14:32:25,5.29,--,136,71944,买盘
307,14:32:20,5.29,--,180,95220,买盘
308,14:32:15,5.29,0.01,165,87285,买盘
309,14:32:10,5.28,-0.01,4,2112,卖盘
310,14:32:05,5.29,--,897,474513,买盘
311,14:32:00,5.29,--,286,151294,买盘
312,14:31:55,5.29,0.01,269,142301,买盘
313,14:31:50,5.28,-0.01,1233,651024,卖盘
314,14:31:45,5.29,0.01,379,200491,买盘
315,14:31:40,5.28,--,105,55440,卖盘
316,14:31:35,5.28,--,531,280368,卖盘
317,14:31:30,5.28,-0.01,89,47192,卖盘
318,14:31:24,5.29,0.01,503,266087,买盘
319,14:31:20,5.28,-0.01,9,4752,卖盘
320,14:31:14,5.29,--,362,191498,买盘
321,14:31:09,5.29,--,201,106329,买盘
322,14:31:05,5.29,--,264,139656,买盘
323,14:30:59,5.29,--,420,222180,买盘
324,14:30:54,5.29,0.01,260,137820,买盘
325,14:30:50,5.28,-0.01,398,210144,卖盘
326,14:30:44,5.29,0.01,8,4232,买盘
327,14:30:39,5.28,-0.01,969,511848,卖盘
328,14:30:35,5.29,0.01,44,23276,买盘
329,14:30:29,5.28,-0.01,396,209288,卖盘
330,14:30:24,5.29,0.01,8,4232,买盘
331,14:30:20,5.28,-0.01,200,105600,卖盘
332,14:30:14,5.29,0.01,173,91517,买盘
333,14:30:09,5.28,-0.01,314,165792,卖盘
334,14:30:05,5.29,0.01,191,101039,买盘
335,14:29:59,5.28,-0.01,23,12144,卖盘
336,14:29:54,5.29,0.01,363,192027,买盘
337,14:29:50,5.28,-0.01,217,114576,卖盘
338,14:29:44,5.29,0.01,382,202078,买盘
339,14:29:39,5.28,-0.01,245,129745,卖盘
340,14:29:35,5.29,--,196,103684,买盘
341,14:29:29,5.29,0.01,182,96362,买盘
342,14:29:24,5.28,--,400,211316,卖盘
343,14:29:20,5.28,-0.01,96,50688,卖盘
344,14:29:14,5.29,--,118,62422,买盘
345,14:29:09,5.29,--,596,315670,买盘
346,14:29:05,5.29,--,8,4232,买盘
347,14:28:59,5.29,--,597,315813,买盘
348,14:28:54,5.29,0.01,8,4232,买盘
349,14:28:50,5.28,-0.01,591,312048,卖盘
350,14:28:44,5.29,0.01,32,16928,买盘
351,14:28:39,5.28,-0.01,421,222673,卖盘
352,14:28:35,5.29,0.01,7,3703,买盘
353,14:28:29,5.28,-0.01,215,113520,卖盘
354,14:28:24,5.29,--,345,182706,买盘
355,14:28:14,5.29,0.01,482,254978,买盘
356,14:28:09,5.28,-0.01,278,147169,卖盘
357,14:28:04,5.29,0.01,183,96807,买盘
358,14:27:59,5.28,-0.01,1,528,卖盘
359,14:27:54,5.29,0.01,538,284602,买盘
360,14:27:49,5.28,-0.01,217,114576,卖盘
361,14:27:44,5.29,0.01,409,216361,买盘
362,14:27:39,5.28,-0.01,31,16753,卖盘
363,14:27:34,5.29,0.01,205,108445,买盘
364,14:27:29,5.28,-0.01,381,201168,卖盘
365,14:27:24,5.29,--,431,228200,买盘
366,14:27:19,5.29,--,170,89930,买盘
367,14:27:14,5.29,--,184,97336,买盘
368,14:27:09,5.29,--,398,210928,买盘
369,14:27:04,5.29,0.01,7,3703,买盘
370,14:26:59,5.28,-0.01,440,232320,卖盘
371,14:26:54,5.29,--,9,4761,买盘
372,14:26:49,5.29,--,192,101568,买盘
373,14:26:44,5.29,0.01,345,182505,买盘
374,14:26:39,5.28,--,1094,578017,卖盘
375,14:26:34,5.28,--,28,14784,卖盘
376,14:26:29,5.28,-0.01,226,119328,卖盘
377,14:26:24,5.29,0.01,387,204924,买盘
378,14:26:19,5.28,-0.01,3,1584,卖盘
379,14:26:14,5.29,--,483,255507,买盘
380,14:26:09,5.29,--,36,19430,买盘
381,14:26:04,5.29,--,371,196259,买盘
382,14:25:59,5.29,0.01,14,7406,买盘
383,14:25:54,5.28,-0.01,580,306240,卖盘
384,14:25:44,5.29,--,223,117967,买盘
385,14:25:39,5.29,--,191,101425,买盘
386,14:25:34,5.29,--,55,29095,买盘
387,14:25:29,5.29,--,421,222709,买盘
388,14:25:24,5.29,0.01,334,176818,买盘
389,14:25:19,5.28,-0.01,174,91940,卖盘
390,14:25:14,5.29,--,8,4232,买盘
391,14:25:09,5.29,--,432,228914,买盘
392,14:25:04,5.29,0.01,8,4232,买盘
393,14:24:59,5.28,--,387,204336,买盘
394,14:24:54,5.28,-0.01,8,4224,买盘
395,14:24:49,5.29,0.02,212,112148,买盘
396,14:24:44,5.27,--,241,127006,卖盘
397,14:24:39,5.27,-0.02,224,118432,卖盘
398,14:24:34,5.29,0.01,178,94162,买盘
399,14:24:29,5.28,-0.01,208,109824,中性盘
400,14:24:24,5.29,--,438,232029,买盘
401,14:24:19,5.29,0.01,52,27709,买盘
402,14:24:14,5.28,0.01,379,200112,中性盘
403,14:24:08,5.27,-0.02,47,25153,卖盘
404,14:24:04,5.29,0.01,216,114264,买盘
405,14:23:59,5.28,--,165,87120,买盘
406,14:23:53,5.28,--,416,219648,卖盘
407,14:23:44,5.28,-0.01,234,123552,卖盘
408,14:23:38,5.29,--,185,98251,买盘
409,14:23:33,5.29,--,8,4232,买盘
410,14:23:29,5.29,0.01,367,194143,买盘
411,14:23:23,5.28,-0.01,8,4224,中性盘
412,14:23:18,5.29,0.02,361,191106,买盘
413,14:23:14,5.27,--,245,129178,卖盘
414,14:23:08,5.27,-0.01,527,278113,卖盘
415,14:23:03,5.28,0.01,8,4224,买盘
416,14:22:59,5.27,-0.02,318,167586,卖盘
417,14:22:53,5.29,--,172,90988,买盘
418,14:22:48,5.29,--,213,112677,买盘
419,14:22:44,5.29,0.02,162,85698,买盘
420,14:22:38,5.27,-0.02,45,24099,卖盘
421,14:22:33,5.29,0.02,375,198375,买盘
422,14:22:29,5.27,-0.01,179,94332,卖盘
423,14:22:23,5.28,--,384,203079,卖盘
424,14:22:18,5.28,-0.01,23,12344,卖盘
425,14:22:14,5.29,0.02,374,197846,买盘
426,14:22:08,5.27,-0.01,189,99987,卖盘
427,14:22:03,5.28,--,412,217536,买盘
428,14:21:59,5.28,--,101,53328,买盘
429,14:21:53,5.28,0.01,369,194832,中性盘
430,14:21:48,5.27,--,348,183395,卖盘
431,14:21:44,5.27,-0.02,20,10540,卖盘
432,14:21:38,5.29,0.01,394,208812,买盘
433,14:21:33,5.28,--,194,102432,买盘
434,14:21:28,5.28,--,220,116160,买盘
435,14:21:23,5.28,--,7,3696,买盘
436,14:21:18,5.28,0.01,186,98244,买盘
437,14:21:14,5.27,-0.01,20,10703,卖盘
438,14:21:08,5.28,0.01,202,107041,买盘
439,14:21:03,5.27,-0.01,266,140182,卖盘
440,14:20:58,5.28,-0.01,51,26928,中性盘
441,14:20:53,5.29,0.02,2418,1279122,买盘
442,14:20:48,5.27,-0.01,139,73253,卖盘
443,14:20:43,5.28,--,194,102432,买盘
444,14:20:33,5.28,-0.01,443,234315,卖盘
445,14:20:28,5.29,--,5,2645,买盘
446,14:20:23,5.29,0.01,174,92046,买盘
447,14:20:18,5.28,--,909,479952,卖盘
448,14:20:14,5.28,-0.01,95,50360,卖盘
449,14:20:08,5.29,0.01,339,179717,买盘
450,14:20:03,5.28,--,515,271920,卖盘
451,14:19:58,5.28,--,178,93984,卖盘
452,14:19:53,5.28,--,168,88704,卖盘
453,14:19:48,5.28,--,824,435072,卖盘
454,14:19:43,5.28,--,54,28512,卖盘
455,14:19:38,5.28,-0.01,280,148225,卖盘
456,14:19:33,5.29,0.01,17,8993,买盘
457,14:19:28,5.28,-0.01,168,88704,卖盘
458,14:19:23,5.29,0.01,8,4232,买盘
459,14:19:18,5.28,-0.01,237,125136,卖盘
460,14:19:13,5.29,0.01,20,10664,买盘
461,14:19:08,5.28,--,3,1700,卖盘
462,14:19:03,5.28,--,638,337011,卖盘
463,14:18:58,5.28,-0.01,10,5280,卖盘
464,14:18:53,5.29,--,383,202607,买盘
465,14:18:43,5.29,0.01,290,153410,买盘
466,14:18:38,5.28,-0.01,25,13200,卖盘
467,14:18:33,5.29,0.01,182,96278,买盘
468,14:18:28,5.28,-0.01,39,20592,卖盘
469,14:18:23,5.29,--,267,141243,买盘
470,14:18:18,5.29,0.01,286,151294,买盘
471,14:18:13,5.28,--,105,55476,卖盘
472,14:18:08,5.28,--,804,424675,卖盘
473,14:18:03,5.28,-0.01,114,60192,卖盘
474,14:17:58,5.29,0.01,173,91517,买盘
475,14:17:53,5.28,-0.01,363,191664,卖盘
476,14:17:48,5.29,0.01,182,96278,买盘
477,14:17:43,5.28,-0.01,100,52800,卖盘
478,14:17:38,5.29,0.01,553,292537,买盘
479,14:17:33,5.28,-0.01,18,9504,卖盘
480,14:17:23,5.29,--,288,152352,买盘
481,14:17:18,5.29,0.01,200,105800,买盘
482,14:17:08,5.28,-0.01,28,14984,卖盘
483,14:17:03,5.29,0.01,184,97336,买盘
484,14:16:58,5.28,-0.01,1768,933504,卖盘
485,14:16:53,5.29,--,372,196788,买盘
486,14:16:48,5.29,--,205,108445,买盘
487,14:16:43,5.29,--,10,5290,买盘
488,14:16:38,5.29,0.01,206,108974,买盘
489,14:16:33,5.28,--,276,145728,卖盘
490,14:16:28,5.28,-0.01,87,45936,卖盘
491,14:16:18,5.29,--,171,90459,买盘
492,14:16:13,5.29,--,30,15870,买盘
493,14:16:08,5.29,--,773,409118,买盘
494,14:16:03,5.29,0.01,9,4761,买盘
495,14:15:58,5.28,--,333,175824,卖盘
496,14:15:53,5.28,--,988,521664,卖盘
497,14:15:48,5.28,--,421,222288,卖盘
498,14:15:43,5.28,--,218,115104,卖盘
499,14:15:38,5.28,-0.01,439,231792,卖盘
500,14:15:32,5.29,0.01,157,83053,买盘
501,14:15:27,5.28,--,209,110352,卖盘
502,14:15:23,5.28,-0.01,581,306768,卖盘
503,14:15:17,5.29,--,8,4232,买盘
504,14:15:12,5.29,--,171,90459,买盘
505,14:15:08,5.29,0.01,125,66326,买盘
506,14:15:02,5.28,--,213,112464,卖盘
507,14:14:52,5.28,--,281,148368,卖盘
508,14:14:47,5.28,-0.01,20,10560,卖盘
509,14:14:37,5.29,--,182,96278,买盘
510,14:14:32,5.29,--,607,321103,买盘
511,14:14:27,5.29,0.01,153,80937,买盘
512,14:14:22,5.28,-0.01,109,57552,卖盘
513,14:14:17,5.29,0.01,3182,1683278,买盘
514,14:14:12,5.28,--,613,323669,卖盘
515,14:14:07,5.28,-0.01,159,84147,卖盘
516,14:14:02,5.29,--,644,340676,买盘
517,14:13:57,5.29,0.01,329,174041,买盘
518,14:13:52,5.28,-0.01,20,10560,卖盘
519,14:13:47,5.29,0.01,178,94162,买盘
520,14:13:42,5.28,-0.01,182,96407,卖盘
521,14:13:32,5.29,0.01,261,138069,买盘
522,14:13:27,5.28,-0.01,294,155232,卖盘
523,14:13:22,5.29,--,24,12696,买盘
524,14:13:17,5.29,0.01,670,354430,买盘
525,14:13:12,5.28,-0.01,421,222288,卖盘
526,14:13:07,5.29,0.01,3,1698,买盘
527,14:13:02,5.28,-0.01,540,285209,卖盘
528,14:12:57,5.29,0.01,127,67183,买盘
529,14:12:52,5.28,-0.01,50,26400,卖盘
530,14:12:47,5.29,--,1360,719440,买盘
531,14:12:42,5.29,--,173,91517,买盘
532,14:12:32,5.29,--,8,4232,买盘
533,14:12:27,5.29,--,273,144417,买盘
534,14:12:17,5.29,0.01,190,100510,买盘
535,14:12:12,5.28,--,137,72336,卖盘
536,14:12:07,5.28,--,1968,1039104,卖盘
537,14:12:02,5.28,-0.01,675,356600,卖盘
538,14:11:57,5.29,--,370,195730,买盘
539,14:11:47,5.29,0.01,219,115851,买盘
540,14:11:42,5.28,--,413,218085,买盘
541,14:11:32,5.28,--,1132,597696,买盘
542,14:11:27,5.28,--,421,222288,买盘
543,14:11:22,5.28,--,762,402336,买盘
544,14:11:17,5.28,--,6342,3348576,买盘
545,14:11:12,5.28,--,169,89232,买盘
546,14:11:07,5.28,--,347,183216,买盘
547,14:11:02,5.28,--,493,260304,买盘
548,14:10:57,5.28,0.01,100,52800,买盘
549,14:10:52,5.27,-0.01,247,130168,卖盘
550,14:10:47,5.28,0.01,567,299376,买盘
551,14:10:42,5.27,-0.01,14,7377,卖盘
552,14:10:37,5.28,--,219,115632,买盘
553,14:10:32,5.28,--,108,57024,买盘
554,14:10:27,5.28,--,175,92400,买盘
555,14:10:17,5.28,--,191,100848,买盘
556,14:10:12,5.28,--,99,52272,买盘
557,14:10:07,5.28,--,208,109824,买盘
558,14:09:56,5.28,0.01,1409,743952,买盘
559,14:09:52,5.27,-0.01,108,56915,卖盘
560,14:09:47,5.28,--,8,4224,买盘
561,14:09:42,5.28,--,145,76560,买盘
562,14:09:32,5.28,--,200,105600,买盘
563,14:09:27,5.28,--,448,236544,买盘
564,14:09:22,5.28,--,15,7920,买盘
565,14:09:17,5.28,0.01,53,27984,买盘
566,14:09:12,5.27,--,526,277202,卖盘
567,14:09:07,5.27,-0.01,2,1054,卖盘
568,14:09:02,5.28,--,6213,3280464,买盘
569,14:08:56,5.28,0.01,116,61248,买盘
570,14:08:52,5.27,--,30,15809,卖盘
571,14:08:47,5.27,-0.01,44,23187,卖盘
572,14:08:41,5.28,--,7,3696,买盘
573,14:08:37,5.28,--,300,158400,买盘
574,14:08:32,5.28,--,20,10560,买盘
575,14:08:27,5.28,0.01,531,280368,买盘
576,14:08:17,5.27,--,43,22660,买盘
577,14:08:11,5.27,0.01,8,4216,买盘
578,14:08:07,5.26,-0.01,2,1052,卖盘
579,14:08:02,5.27,--,156,82212,买盘
580,14:07:56,5.27,--,44,23187,买盘
581,14:07:52,5.27,-0.01,27,14228,卖盘
582,14:07:47,5.28,--,307,162096,买盘
583,14:07:41,5.28,0.01,89,46992,买盘
584,14:07:37,5.27,--,49,25822,卖盘
585,14:07:32,5.27,-0.01,55,28984,中性盘
586,14:07:26,5.28,--,3396,1793088,买盘
587,14:07:17,5.28,0.02,11,5808,买盘
588,14:07:11,5.26,--,408,214608,卖盘
589,14:07:06,5.26,-0.01,2,1052,卖盘
590,14:07:02,5.27,--,292,153884,买盘
591,14:06:56,5.27,-0.01,9,4743,中性盘
592,14:06:51,5.28,0.01,278,146784,买盘
593,14:06:46,5.27,--,14,7377,买盘
594,14:06:41,5.27,0.01,234,123317,买盘
595,14:06:36,5.26,-0.01,30,15780,卖盘
596,14:06:26,5.27,--,194,102237,买盘
597,14:06:21,5.27,--,182,95913,买盘
598,14:06:16,5.27,--,25,13174,买盘
599,14:06:11,5.27,0.01,197,103818,买盘
600,14:06:06,5.26,-0.02,308,162008,卖盘
601,14:06:01,5.28,--,191,100848,买盘
602,14:05:56,5.28,--,293,154704,买盘
603,14:05:51,5.28,--,8,4224,买盘
604,14:05:46,5.28,0.01,160,84480,买盘
605,14:05:41,5.27,-0.01,8,4216,买盘
606,14:05:36,5.28,0.01,162,85536,买盘
607,14:05:31,5.27,--,8,4216,买盘
608,14:05:26,5.27,-0.01,21,11067,卖盘
609,14:05:21,5.28,0.02,204,107712,买盘
610,14:05:16,5.26,-0.02,246,129396,卖盘
611,14:05:11,5.28,0.02,652,344256,买盘
612,14:05:06,5.26,-0.02,2,1052,卖盘
613,14:05:01,5.28,0.01,243,128304,买盘
614,14:04:56,5.27,--,70,36890,卖盘
615,14:04:51,5.27,--,233,122790,卖盘
616,14:04:41,5.27,-0.01,15,7904,卖盘
617,14:04:36,5.28,0.01,239,126192,买盘
618,14:04:31,5.27,-0.01,5,2635,卖盘
619,14:04:26,5.28,--,283,149424,买盘
620,14:04:21,5.28,--,25,13200,买盘
621,14:04:16,5.28,--,436,230208,买盘
622,14:04:11,5.28,--,8,4224,买盘
623,14:04:06,5.28,0.01,204,107712,买盘
624,14:03:56,5.27,--,184,96967,买盘
625,14:03:51,5.27,-0.01,8,4216,买盘
626,14:03:46,5.28,0.01,173,91344,买盘
627,14:03:31,5.27,-0.01,160,84320,买盘
628,14:03:21,5.28,--,185,97680,买盘
629,14:03:11,5.28,0.01,204,107712,买盘
630,14:03:06,5.27,-0.01,3,1580,卖盘
631,14:03:01,5.28,--,0,0,买盘
632,14:02:56,5.28,0.02,158,83424,买盘
633,14:02:51,5.26,-0.01,159,83634,卖盘
634,14:02:41,5.27,-0.01,61,32146,中性盘
635,14:02:36,5.28,0.02,184,97152,买盘
636,14:02:31,5.26,-0.02,246,129396,卖盘
637,14:02:26,5.28,0.02,165,87120,买盘
638,14:02:21,5.26,-0.02,290,152540,卖盘
639,14:02:16,5.28,--,178,93984,买盘
640,14:02:06,5.28,--,531,280368,买盘
641,14:01:56,5.28,0.02,161,85008,买盘
642,14:01:51,5.26,-0.01,89,46814,卖盘
643,14:01:41,5.27,--,196,103291,买盘
644,14:01:36,5.27,0.01,201,105926,买盘
645,14:01:26,5.26,--,14,7364,卖盘
646,14:01:20,5.26,-0.01,266,139916,卖盘
647,14:01:11,5.27,--,166,87482,卖盘
648,14:01:05,5.27,--,255,134385,卖盘
649,14:01:01,5.27,-0.01,87,45848,卖盘
650,14:00:56,5.28,0.01,722,381216,买盘
651,14:00:50,5.27,-0.01,193,101710,卖盘
652,14:00:35,5.28,0.01,202,106656,买盘
653,14:00:31,5.27,--,1,527,卖盘
654,14:00:26,5.27,--,494,260337,卖盘
655,14:00:20,5.27,-0.01,150,79050,卖盘
656,14:00:16,5.28,0.01,183,96624,买盘
657,14:00:05,5.27,-0.01,360,189719,卖盘
658,14:00:01,5.28,0.01,3,1584,买盘
659,13:59:56,5.27,--,130,68510,卖盘
660,13:59:50,5.27,--,261,137547,卖盘
661,13:59:41,5.27,--,185,97494,卖盘
662,13:59:35,5.27,--,22,11593,中性盘
663,13:59:31,5.27,--,185,97494,卖盘
664,13:59:26,5.27,--,180,94859,买盘
665,13:59:20,5.27,--,182,95913,买盘
666,13:59:11,5.27,--,268,141236,买盘
667,13:59:05,5.27,-0.01,1,527,中性盘
668,13:58:56,5.28,0.02,335,176880,买盘
669,13:58:50,5.26,-0.02,314,165164,卖盘
670,13:58:46,5.28,0.01,156,82368,买盘
671,13:58:41,5.27,-0.01,108,56915,卖盘
672,13:58:35,5.28,0.01,243,128304,买盘
673,13:58:26,5.27,--,508,267716,卖盘
674,13:58:20,5.27,--,110,57969,卖盘
675,13:58:15,5.27,--,810,426869,买盘
676,13:58:10,5.27,--,982,517513,买盘
677,13:58:05,5.27,--,16,8432,买盘
678,13:58:00,5.27,0.01,2662,1402874,买盘
679,13:57:55,5.26,-0.01,109,57334,卖盘
680,13:57:50,5.27,--,167,88009,买盘
681,13:57:40,5.27,0.01,155,81685,买盘
682,13:57:35,5.26,-0.01,7,3682,卖盘
683,13:57:30,5.27,--,184,96967,买盘
684,13:57:20,5.27,--,222,116993,买盘
685,13:57:05,5.27,--,157,82739,买盘
686,13:57:00,5.27,--,153,80631,买盘
687,13:56:45,5.27,--,162,85374,买盘
688,13:56:35,5.27,0.01,177,93278,买盘
689,13:56:30,5.26,-0.01,3,1578,卖盘
690,13:56:25,5.27,--,0,0,买盘
691,13:56:20,5.27,0.02,188,99075,买盘
692,13:56:15,5.25,-0.01,206,108150,卖盘
693,13:56:10,5.26,--,32,16832,买盘
694,13:56:05,5.26,0.01,18,9468,中性盘
695,13:56:00,5.25,-0.02,363,190575,卖盘
696,13:55:50,5.27,0.01,192,101183,买盘
697,13:55:45,5.26,-0.01,390,205140,卖盘
698,13:55:40,5.27,0.02,167,88009,买盘
699,13:55:35,5.25,-0.02,341,179025,卖盘
700,13:55:30,5.27,0.02,183,96440,买盘
701,13:55:25,5.25,--,0,0,卖盘
702,13:55:20,5.25,-0.02,332,174720,卖盘
703,13:55:15,5.27,--,511,269297,买盘
704,13:55:05,5.27,0.01,497,261918,买盘
705,13:55:00,5.26,-0.01,5,2630,卖盘
706,13:54:55,5.27,0.02,156,82212,买盘
707,13:54:50,5.25,-0.01,363,190575,卖盘
708,13:54:45,5.26,--,503,264578,卖盘
709,13:54:35,5.26,-0.01,512,269312,卖盘
710,13:54:30,5.27,0.01,81,42687,买盘
711,13:54:25,5.26,-0.01,346,181996,卖盘
712,13:54:20,5.27,0.01,180,94859,买盘
713,13:54:15,5.26,--,584,307184,卖盘
714,13:54:00,5.26,--,486,255636,卖盘
715,13:53:55,5.26,--,0,52,卖盘
716,13:53:50,5.26,0.01,506,266156,中性盘
717,13:53:45,5.25,-0.02,408,214200,卖盘
718,13:53:40,5.27,--,75,39525,买盘
719,13:53:35,5.27,0.02,166,87482,买盘
720,13:53:29,5.25,--,503,264075,卖盘
721,13:53:20,5.25,-0.02,331,173775,卖盘
722,13:53:14,5.27,0.01,2360,1243720,买盘
723,13:53:05,5.26,0.01,202,106252,中性盘
724,13:52:59,5.25,-0.01,332,174300,卖盘
725,13:52:55,5.26,--,171,89946,卖盘
726,13:52:50,5.26,0.01,578,304028,买盘
727,13:52:44,5.25,--,600,315000,卖盘
728,13:52:40,5.25,--,1,525,卖盘
729,13:52:35,5.25,--,0,0,卖盘
730,13:52:29,5.25,-0.02,501,263025,卖盘
731,13:52:20,5.27,0.01,493,259810,买盘
732,13:52:14,5.26,--,605,318230,卖盘
733,13:52:10,5.26,--,120,63120,卖盘
734,13:52:04,5.26,--,20,10520,卖盘
735,13:51:59,5.26,--,595,312970,卖盘
736,13:51:55,5.26,--,20,10520,卖盘
737,13:51:49,5.26,--,504,265104,卖盘
738,13:51:44,5.26,-0.01,602,316652,卖盘
739,13:51:34,5.27,--,625,329375,买盘
740,13:51:29,5.27,0.01,175,92224,买盘
741,13:51:19,5.26,-0.01,331,174106,卖盘
742,13:51:14,5.27,0.01,731,385236,买盘
743,13:51:10,5.26,-0.01,46,24196,卖盘
744,13:51:04,5.27,0.01,176,92751,买盘
745,13:50:59,5.26,--,332,174632,卖盘
746,13:50:54,5.26,-0.01,34,17884,卖盘
747,13:50:49,5.27,0.01,503,265081,买盘
748,13:50:44,5.26,--,578,304028,卖盘
749,13:50:39,5.26,--,52,27352,卖盘
750,13:50:34,5.26,--,59,31034,卖盘
751,13:50:29,5.26,--,587,308762,卖盘
752,13:50:19,5.26,--,534,280884,卖盘
753,13:50:14,5.26,-0.01,510,268260,卖盘
754,13:50:09,5.27,0.01,210,110669,买盘
755,13:49:59,5.26,--,509,267734,卖盘
756,13:49:49,5.26,-0.01,331,174106,卖盘
757,13:49:44,5.27,--,593,312511,买盘
758,13:49:34,5.27,0.01,624,328848,买盘
759,13:49:29,5.26,-0.01,60,31560,卖盘
760,13:49:24,5.27,--,549,289323,买盘
761,13:49:19,5.27,--,4,2108,买盘
762,13:49:14,5.27,0.01,268,141236,买盘
763,13:49:09,5.26,-0.01,330,173580,卖盘
764,13:49:04,5.27,0.01,389,205002,买盘
765,13:48:59,5.26,--,330,173580,卖盘
766,13:48:54,5.26,--,688,361888,卖盘
767,13:48:44,5.26,-0.01,474,249324,卖盘
768,13:48:39,5.27,0.01,168,88536,买盘
769,13:48:29,5.26,--,576,302976,卖盘
770,13:48:24,5.26,-0.01,535,281410,卖盘
771,13:48:19,5.27,0.01,161,84847,买盘
772,13:48:14,5.26,-0.01,409,215134,卖盘
773,13:48:09,5.27,0.01,159,83793,买盘
774,13:47:59,5.26,-0.01,330,173580,卖盘
775,13:47:54,5.27,0.01,508,267716,买盘
776,13:47:49,5.26,-0.01,41,21566,卖盘
777,13:47:44,5.27,0.01,260,137020,买盘
778,13:47:39,5.26,-0.01,332,174632,卖盘
779,13:47:34,5.27,0.01,381,200786,买盘
780,13:47:29,5.26,-0.01,330,173580,卖盘
781,13:47:24,5.27,--,209,110142,买盘
782,13:47:14,5.27,0.01,243,128060,买盘
783,13:47:04,5.26,-0.01,2,1052,卖盘
784,13:46:59,5.27,0.01,178,93805,买盘
785,13:46:54,5.26,--,213,112038,卖盘
786,13:46:44,5.26,-0.01,79,41554,卖盘
787,13:46:39,5.27,--,160,84320,买盘
788,13:46:29,5.27,0.01,176,92751,买盘
789,13:46:24,5.26,-0.01,2,1378,卖盘
790,13:46:19,5.27,0.01,158,83266,买盘
791,13:46:14,5.26,-0.01,78,41028,卖盘
792,13:46:09,5.27,0.01,183,96440,买盘
793,13:46:04,5.26,--,52,27352,卖盘
794,13:45:59,5.26,-0.01,16,8416,卖盘
795,13:45:53,5.27,--,169,89063,买盘
796,13:45:44,5.27,0.01,252,132804,买盘
797,13:45:34,5.26,--,183,96258,卖盘
798,13:45:28,5.26,-0.01,221,116246,卖盘
799,13:45:23,5.27,0.01,167,88009,买盘
800,13:45:18,5.26,--,4,2256,卖盘
801,13:45:14,5.26,--,245,128870,卖盘
802,13:45:08,5.26,-0.01,5,2630,卖盘
803,13:44:58,5.27,0.01,173,91170,买盘
804,13:44:53,5.26,-0.01,15,7890,卖盘
805,13:44:48,5.27,0.01,155,81685,买盘
806,13:44:43,5.26,--,570,299820,卖盘
807,13:44:38,5.26,--,189,99414,卖盘
808,13:44:33,5.26,-0.01,1,526,卖盘
809,13:44:28,5.27,0.01,175,92224,买盘
810,13:44:18,5.26,-0.01,136,71536,卖盘
811,13:44:13,5.27,0.01,252,132804,买盘
812,13:44:08,5.26,--,197,103622,卖盘
813,13:44:03,5.26,0.01,19,9994,中性盘
814,13:43:58,5.25,-0.02,228,119700,卖盘
815,13:43:53,5.27,0.01,302,159596,买盘
816,13:43:48,5.26,-0.01,11,5786,买盘
817,13:43:43,5.27,--,261,137547,买盘
818,13:43:38,5.27,0.01,136,71672,买盘
819,13:43:28,5.26,--,161,84686,买盘
820,13:43:23,5.26,--,412,216712,买盘
821,13:43:18,5.26,--,12,6312,卖盘
822,13:43:13,5.26,--,252,132552,卖盘
823,13:43:08,5.26,-0.01,201,105726,卖盘
824,13:42:58,5.27,--,180,94859,买盘
825,13:42:53,5.27,--,1775,935424,买盘
826,13:42:48,5.27,0.01,161,84847,买盘
827,13:42:43,5.26,-0.01,125,65750,卖盘
828,13:42:38,5.27,0.01,173,91170,买盘
829,13:42:33,5.26,--,4,2104,卖盘
830,13:42:28,5.26,-0.01,188,98888,卖盘
831,13:42:13,5.27,0.01,339,178653,买盘
832,13:42:08,5.26,-0.01,4,2104,卖盘
833,13:42:03,5.27,0.01,164,86428,买盘
834,13:41:58,5.26,-0.01,21,11046,中性盘
835,13:41:53,5.27,0.02,166,87482,买盘
836,13:41:48,5.25,--,0,0,卖盘
837,13:41:43,5.25,--,253,132825,卖盘
838,13:41:38,5.25,-0.02,26,13650,卖盘
839,13:41:28,5.27,0.01,191,100656,买盘
840,13:41:23,5.26,0.01,183,96258,中性盘
841,13:41:18,5.25,--,15,7875,卖盘
842,13:41:13,5.25,-0.02,144,75600,卖盘
843,13:41:08,5.27,0.02,186,98021,买盘
844,13:41:03,5.25,-0.02,3,1575,卖盘
845,13:40:58,5.27,--,173,91170,买盘
846,13:40:48,5.27,0.02,173,91170,买盘
847,13:40:43,5.25,-0.02,161,84525,卖盘
848,13:40:38,5.27,0.02,163,85901,买盘
849,13:40:33,5.25,-0.02,1,525,卖盘
850,13:40:23,5.27,--,186,98021,买盘
851,13:40:13,5.27,0.02,330,173910,买盘
852,13:40:08,5.25,-0.02,81,42525,卖盘
853,13:40:03,5.27,0.01,170,89590,买盘
854,13:39:58,5.26,-0.01,1,526,买盘
855,13:39:53,5.27,0.01,185,97494,买盘
856,13:39:48,5.26,0.01,78,41028,买盘
857,13:39:43,5.25,--,256,134400,卖盘
858,13:39:38,5.25,-0.02,3,1575,卖盘
859,13:39:33,5.27,0.02,175,92224,买盘
860,13:39:28,5.25,-0.01,112,58800,卖盘
861,13:39:23,5.26,--,1057,555982,卖盘
862,13:39:18,5.26,-0.01,13,6838,卖盘
863,13:39:13,5.27,--,101,53226,买盘
864,13:39:08,5.27,0.01,177,93278,买盘
865,13:38:58,5.26,--,412,216712,卖盘
866,13:38:43,5.26,--,79,41554,卖盘
867,13:38:33,5.26,-0.01,330,173580,卖盘
868,13:38:28,5.27,--,1,527,买盘
869,13:38:23,5.27,0.01,10,5270,买盘
870,13:38:13,5.26,--,78,41028,卖盘
871,13:38:08,5.26,-0.01,279,146754,卖盘
872,13:38:02,5.27,0.01,1,527,买盘
873,13:37:53,5.26,--,566,297716,卖盘
874,13:37:43,5.26,-0.01,331,174121,卖盘
875,13:37:38,5.27,0.01,50,26349,买盘
876,13:37:33,5.26,--,158,83108,卖盘
877,13:37:23,5.26,-0.01,1772,932072,卖盘
878,13:37:17,5.27,--,331,174437,买盘
879,13:37:13,5.27,--,109,57442,买盘
880,13:37:02,5.27,--,438,230825,买盘
881,13:36:58,5.27,--,1056,556512,买盘
882,13:36:47,5.27,0.01,330,173910,买盘
883,13:36:43,5.26,--,78,41028,卖盘
884,13:36:37,5.26,-0.01,14,7364,卖盘
885,13:36:32,5.27,0.01,20,10540,买盘
886,13:36:22,5.26,--,521,274224,卖盘
887,13:36:17,5.26,--,4,2104,卖盘
888,13:36:12,5.26,--,79,41554,卖盘
889,13:36:07,5.26,--,327,172002,卖盘
890,13:36:02,5.26,--,160,84160,卖盘
891,13:35:57,5.26,--,14,7364,卖盘
892,13:35:52,5.26,-0.02,287,150962,卖盘
893,13:35:47,5.28,0.02,185,97680,买盘
894,13:35:42,5.26,--,79,41554,卖盘
895,13:35:37,5.26,--,400,210400,卖盘
896,13:35:32,5.26,--,161,84686,卖盘
897,13:35:27,5.26,--,5,2929,卖盘
898,13:35:22,5.26,-0.01,557,292982,卖盘
899,13:35:12,5.27,0.01,254,133858,买盘
900,13:35:07,5.26,-0.01,283,148858,卖盘
901,13:35:02,5.27,--,170,89590,买盘
902,13:34:52,5.27,0.01,181,95386,买盘
903,13:34:47,5.26,--,5,2630,卖盘
904,13:34:42,5.26,-0.01,79,41554,卖盘
905,13:34:37,5.27,--,204,107507,买盘
906,13:34:32,5.27,0.01,203,106980,买盘
907,13:34:22,5.26,-0.01,401,210926,卖盘
908,13:34:17,5.27,--,183,96440,买盘
909,13:34:12,5.27,--,171,90116,买盘
910,13:34:07,5.27,0.01,169,89063,买盘
911,13:34:02,5.26,-0.01,5,2630,卖盘
912,13:33:57,5.27,--,164,86428,买盘
913,13:33:47,5.27,0.01,183,96440,买盘
914,13:33:42,5.26,-0.01,5,2630,卖盘
915,13:33:37,5.27,--,57,30038,买盘
916,13:33:32,5.27,--,169,89437,买盘
917,13:33:22,5.27,0.01,188,99075,买盘
918,13:33:17,5.26,-0.02,20,10520,卖盘
919,13:33:12,5.28,0.02,164,86592,买盘
920,13:33:07,5.26,-0.02,386,203036,卖盘
921,13:33:02,5.28,0.01,180,95040,买盘
922,13:32:57,5.27,--,10,5270,买盘
923,13:32:52,5.27,--,488,257175,卖盘
924,13:32:47,5.27,-0.01,110,57969,卖盘
925,13:32:42,5.28,--,0,0,买盘
926,13:32:37,5.28,0.01,203,107184,买盘
927,13:32:32,5.27,-0.01,4,2108,卖盘
928,13:32:27,5.28,0.01,170,89760,买盘
929,13:32:17,5.27,-0.01,188,99075,卖盘
930,13:32:12,5.28,--,0,0,买盘
931,13:32:07,5.28,0.02,161,85008,买盘
932,13:32:02,5.26,--,1771,931935,卖盘
933,13:31:57,5.26,-0.01,752,395552,卖盘
934,13:31:47,5.27,--,190,100129,买盘
935,13:31:42,5.27,--,110,57969,买盘
936,13:31:37,5.27,--,247,130168,买盘
937,13:31:32,5.27,0.01,193,101710,买盘
938,13:31:27,5.26,-0.01,7,3682,卖盘
939,13:31:22,5.27,0.01,160,84320,买盘
940,13:31:17,5.26,-0.01,278,146228,卖盘
941,13:31:12,5.27,--,237,124898,买盘
942,13:31:02,5.27,0.01,178,93805,买盘
943,13:30:57,5.26,-0.01,26,13676,卖盘
944,13:30:47,5.27,--,402,211853,买盘
945,13:30:42,5.27,--,268,141236,买盘
946,13:30:37,5.27,0.01,420,221339,买盘
947,13:30:32,5.26,-0.01,4,2104,卖盘
948,13:30:27,5.27,0.01,188,99581,买盘
949,13:30:22,5.26,--,8,4208,卖盘
950,13:30:17,5.26,--,178,93628,卖盘
951,13:30:06,5.26,-0.01,66,34716,卖盘
952,13:30:02,5.27,0.01,191,100656,买盘
953,13:29:56,5.26,-0.01,351,184626,卖盘
954,13:29:51,5.27,0.01,2,1054,买盘
955,13:29:47,5.26,--,101,53126,卖盘
956,13:29:41,5.26,--,167,87842,卖盘
957,13:29:37,5.26,--,3,1578,卖盘
958,13:29:31,5.26,--,802,421852,卖盘
959,13:29:26,5.26,--,16,8416,卖盘
960,13:29:22,5.26,--,185,97310,卖盘
961,13:29:16,5.26,--,12,6312,卖盘
962,13:29:11,5.26,--,311,163586,卖盘
963,13:29:07,5.26,--,1,526,卖盘
964,13:29:01,5.26,-0.01,6,3156,卖盘
965,13:28:56,5.27,0.01,200,105399,买盘
966,13:28:52,5.26,--,5,2630,卖盘
967,13:28:46,5.26,-0.01,229,120454,卖盘
968,13:28:41,5.27,--,39,20553,买盘
969,13:28:37,5.27,0.01,462,243473,买盘
970,13:28:31,5.26,-0.01,175,92050,卖盘
971,13:28:26,5.27,0.01,219,115412,买盘
972,13:28:16,5.26,--,273,143598,卖盘
973,13:28:11,5.26,--,320,168320,卖盘
974,13:28:06,5.26,-0.01,107,56282,卖盘
975,13:28:01,5.27,--,171,90116,买盘
976,13:27:51,5.27,0.01,189,99602,买盘
977,13:27:46,5.26,-0.01,3,1578,卖盘
978,13:27:41,5.27,--,219,115412,买盘
979,13:27:36,5.27,--,1768,931735,买盘
980,13:27:31,5.27,0.01,153,80631,买盘
981,13:27:26,5.26,--,20,10520,卖盘
982,13:27:16,5.26,--,212,111512,卖盘
983,13:27:11,5.26,-0.01,165,86790,卖盘
984,13:27:06,5.27,--,21,11067,买盘
985,13:27:01,5.27,--,3,1580,买盘
986,13:26:56,5.27,0.01,251,132277,买盘
987,13:26:51,5.26,--,27,14202,卖盘
988,13:26:46,5.26,-0.01,545,286843,卖盘
989,13:26:41,5.27,--,10,5270,买盘
990,13:26:36,5.27,0.01,177,93278,买盘
991,13:26:31,5.26,--,18,9468,卖盘
992,13:26:26,5.26,--,779,409754,卖盘
993,13:26:21,5.26,--,46,24196,卖盘
994,13:26:16,5.26,-0.01,5,2635,卖盘
995,13:26:11,5.27,--,366,192881,买盘
996,13:26:06,5.27,--,1,527,买盘
997,13:26:01,5.27,--,302,159154,买盘
998,13:25:51,5.27,--,184,96967,买盘
999,13:25:46,5.27,--,65,34255,买盘
1000,13:25:41,5.27,--,205,108034,买盘
1001,13:25:36,5.27,--,259,136493,买盘
1002,13:25:31,5.27,--,172,90643,买盘
1003,13:25:21,5.27,0.01,26,13701,买盘
1004,13:25:16,5.26,--,423,222745,卖盘
1005,13:25:11,5.26,--,184,96947,卖盘
1006,13:25:06,5.26,--,183,96731,卖盘
1007,13:25:01,5.26,--,321,168846,卖盘
1008,13:24:56,5.26,--,173,91518,卖盘
1009,13:24:46,5.26,--,206,108356,卖盘
1010,13:24:41,5.26,--,1,526,卖盘
1011,13:24:36,5.26,-0.01,5,2871,卖盘
1012,13:24:31,5.27,0.01,159,83793,买盘
1013,13:24:26,5.26,--,199,104674,卖盘
1014,13:24:21,5.26,--,16,8416,卖盘
1015,13:24:16,5.26,--,5,2630,卖盘
1016,13:24:11,5.26,--,235,123610,卖盘
1017,13:24:06,5.26,--,72,37872,卖盘
1018,13:24:01,5.26,--,197,103622,卖盘
1019,13:23:56,5.26,-0.01,14,7364,卖盘
1020,13:23:51,5.27,--,184,96967,买盘
1021,13:23:46,5.27,0.01,3,1580,买盘
1022,13:23:41,5.26,--,177,93102,卖盘
1023,13:23:36,5.26,--,1,526,卖盘
1024,13:23:31,5.26,-0.01,7,3682,卖盘
1025,13:23:26,5.27,0.01,171,90116,买盘
1026,13:23:21,5.26,--,183,96258,卖盘
1027,13:23:16,5.26,--,31,16306,卖盘
1028,13:23:11,5.26,-0.01,44,23144,卖盘
1029,13:23:06,5.27,0.01,181,95386,买盘
1030,13:23:01,5.26,-0.01,10,5260,卖盘
1031,13:22:56,5.27,0.01,163,85901,买盘
1032,13:22:51,5.26,-0.01,244,128859,卖盘
1033,13:22:46,5.27,0.01,183,96440,买盘
1034,13:22:41,5.26,--,1341,705366,卖盘
1035,13:22:36,5.26,--,271,142546,卖盘
1036,13:22:31,5.26,--,4,2104,卖盘
1037,13:22:26,5.26,-0.01,98,51548,卖盘
1038,13:22:20,5.27,--,204,107507,买盘
1039,13:22:11,5.27,--,240,126479,买盘
1040,13:22:00,5.27,0.01,180,94859,买盘
1041,13:21:56,5.26,-0.01,1777,934702,卖盘
1042,13:21:50,5.27,0.01,171,90116,买盘
1043,13:21:40,5.26,--,306,160956,卖盘
1044,13:21:35,5.26,-0.01,2,1052,卖盘
1045,13:21:25,5.27,0.01,160,84320,买盘
1046,13:21:20,5.26,-0.01,17,8942,卖盘
1047,13:21:15,5.27,--,200,105610,买盘
1048,13:21:10,5.27,--,268,141236,买盘
1049,13:21:05,5.27,0.01,167,88009,买盘
1050,13:21:00,5.26,--,20,10520,卖盘
1051,13:20:55,5.26,-0.01,431,226706,卖盘
1052,13:20:40,5.27,0.01,154,81158,买盘
1053,13:20:35,5.26,--,187,98362,卖盘
1054,13:20:30,5.26,-0.01,1,526,卖盘
1055,13:20:25,5.27,--,3,1580,买盘
1056,13:20:20,5.27,0.01,176,92751,买盘
1057,13:20:15,5.26,--,1,526,卖盘
1058,13:20:10,5.26,-0.01,292,153592,卖盘
1059,13:20:00,5.27,--,154,81158,买盘
1060,13:19:55,5.27,0.01,130,68510,买盘
1061,13:19:50,5.26,-0.01,386,203036,卖盘
1062,13:19:40,5.27,--,178,93805,买盘
1063,13:19:35,5.27,0.01,4,2108,买盘
1064,13:19:30,5.26,-0.01,461,242486,卖盘
1065,13:19:25,5.27,0.01,249,131223,买盘
1066,13:19:20,5.26,-0.01,21,11046,卖盘
1067,13:19:15,5.27,0.01,163,85901,买盘
1068,13:19:10,5.26,-0.01,83,43658,卖盘
1069,13:19:05,5.27,--,158,83266,买盘
1070,13:18:55,5.27,--,314,165478,买盘
1071,13:18:45,5.27,--,538,283526,买盘
1072,13:18:40,5.27,--,198,104345,买盘
1073,13:18:35,5.27,--,46,24241,买盘
1074,13:18:30,5.27,0.01,171,90116,买盘
1075,13:18:25,5.26,-0.01,6,3156,卖盘
1076,13:18:20,5.27,--,170,89590,买盘
1077,13:18:15,5.27,--,65,34255,买盘
1078,13:18:10,5.27,--,239,125952,买盘
1079,13:17:55,5.27,--,170,89590,买盘
1080,13:17:50,5.27,--,251,132277,买盘
1081,13:17:45,5.27,--,65,34255,买盘
1082,13:17:35,5.27,--,174,91697,买盘
1083,13:17:25,5.27,0.01,154,81158,买盘
1084,13:17:15,5.26,-0.01,1797,945222,卖盘
1085,13:17:10,5.27,--,658,346766,买盘
1086,13:17:05,5.27,--,257,135439,买盘
1087,13:16:55,5.27,--,68,35836,买盘
1088,13:16:50,5.27,--,166,87482,买盘
1089,13:16:40,5.27,--,160,84320,买盘
1090,13:16:35,5.27,--,39,20553,买盘
1091,13:16:30,5.27,0.01,171,90116,买盘
1092,13:16:20,5.26,--,186,97836,卖盘
1093,13:16:10,5.26,-0.01,435,228810,卖盘
1094,13:16:05,5.27,0.01,4,2108,买盘
1095,13:16:00,5.26,-0.01,32,16832,卖盘
1096,13:15:55,5.27,--,191,100656,买盘
1097,13:15:50,5.27,--,539,284053,买盘
1098,13:15:45,5.27,--,168,88536,买盘
1099,13:15:40,5.27,--,122,64293,买盘
1100,13:15:35,5.27,--,194,102237,买盘
1101,13:15:25,5.27,0.01,161,84847,买盘
1102,13:15:15,5.26,-0.01,124,65224,卖盘
1103,13:15:10,5.27,--,298,157046,买盘
1104,13:15:05,5.27,--,179,94332,买盘
1105,13:14:55,5.27,--,39,20553,买盘
1106,13:14:50,5.27,0.01,500,263500,买盘
1107,13:14:45,5.26,-0.01,79,41554,卖盘
1108,13:14:39,5.27,0.01,168,88536,买盘
1109,13:14:35,5.26,-0.01,208,109408,卖盘
1110,13:14:29,5.27,--,1761,928046,买盘
1111,13:14:20,5.27,0.01,286,150722,买盘
1112,13:14:09,5.26,--,0,0,卖盘
1113,13:14:04,5.26,-0.02,193,101518,卖盘
1114,13:13:59,5.28,0.01,157,82896,买盘
1115,13:13:54,5.27,0.01,129,67983,买盘
1116,13:13:49,5.26,-0.02,100,52600,卖盘
1117,13:13:44,5.28,--,549,289872,买盘
1118,13:13:34,5.28,--,163,86064,买盘
1119,13:13:29,5.28,0.01,207,109296,买盘
1120,13:13:24,5.27,--,172,90643,买盘
1121,13:13:19,5.27,--,10,5270,买盘
1122,13:13:14,5.27,--,157,82739,买盘
1123,13:13:09,5.27,--,6,3161,买盘
1124,13:13:04,5.27,--,53,27930,买盘
1125,13:12:59,5.27,0.01,164,86428,买盘
1126,13:12:49,5.26,-0.01,580,305080,卖盘
1127,13:12:44,5.27,--,230,121209,买盘
1128,13:12:39,5.27,--,168,88536,买盘
1129,13:12:34,5.27,--,275,144925,买盘
1130,13:12:29,5.27,--,164,86428,买盘
1131,13:12:19,5.27,--,163,85901,买盘
1132,13:12:14,5.27,--,65,34255,买盘
1133,13:12:04,5.27,--,211,111196,买盘
1134,13:11:54,5.27,--,190,100129,买盘
1135,13:11:49,5.27,--,39,20553,买盘
1136,13:11:44,5.27,--,187,98548,买盘
1137,13:11:34,5.27,0.01,171,90116,买盘
1138,13:11:29,5.26,-0.01,50,26300,卖盘
1139,13:11:19,5.27,0.01,210,110669,买盘
1140,13:11:14,5.26,--,208,109408,卖盘
1141,13:10:59,5.26,--,740,389240,卖盘
1142,13:10:49,5.26,--,221,116246,卖盘
1143,13:10:44,5.26,-0.01,13,6838,卖盘
1144,13:10:39,5.27,0.01,158,83266,买盘
1145,13:10:29,5.26,--,203,106778,卖盘
1146,13:10:24,5.26,-0.01,72,37872,卖盘
1147,13:10:14,5.27,0.01,197,103818,买盘
1148,13:10:09,5.26,--,16,8416,卖盘
1149,13:10:04,5.26,--,287,150962,卖盘
1150,13:09:59,5.26,-0.01,10,5260,卖盘
1151,13:09:54,5.27,0.01,184,96967,买盘
1152,13:09:49,5.26,-0.01,589,309814,卖盘
1153,13:09:44,5.27,--,178,93805,买盘
1154,13:09:39,5.27,0.01,19,10013,买盘
1155,13:09:34,5.26,-0.01,292,153592,卖盘
1156,13:09:24,5.27,--,134,70618,买盘
1157,13:09:19,5.27,--,368,193935,买盘
1158,13:09:14,5.27,0.01,28,14755,买盘
1159,13:09:09,5.26,--,362,190412,卖盘
1160,13:09:04,5.26,--,49,25774,卖盘
1161,13:08:59,5.26,-0.01,199,104674,卖盘
1162,13:08:54,5.27,0.01,10,5270,买盘
1163,13:08:49,5.26,-0.01,167,87842,卖盘
1164,13:08:44,5.27,--,120,63239,买盘
1165,13:08:34,5.27,--,313,164951,买盘
1166,13:08:29,5.27,--,177,93278,买盘
1167,13:08:19,5.27,--,67,35309,买盘
1168,13:08:14,5.27,--,300,158100,买盘
1169,13:08:04,5.27,--,189,99602,买盘
1170,13:07:59,5.27,--,4,2108,买盘
1171,13:07:54,5.27,0.01,157,82739,买盘
1172,13:07:44,5.26,-0.01,303,159378,卖盘
1173,13:07:34,5.27,0.01,286,150722,买盘
1174,13:07:29,5.26,--,9,4734,卖盘
1175,13:07:24,5.26,-0.01,114,59964,卖盘
1176,13:07:19,5.27,--,39,20553,买盘
1177,13:07:14,5.27,--,1598,842145,买盘
1178,13:07:09,5.27,--,156,82212,买盘
1179,13:07:04,5.27,--,103,54280,买盘
1180,13:06:59,5.27,--,136,71672,买盘
1181,13:06:49,5.27,0.01,41,21607,买盘
1182,13:06:44,5.26,--,23,12098,卖盘
1183,13:06:38,5.26,--,800,420800,卖盘
1184,13:06:34,5.26,--,40,21040,卖盘
1185,13:06:29,5.26,--,18,9468,卖盘
1186,13:06:23,5.26,--,20,10520,卖盘
1187,13:06:18,5.26,--,1401,736926,卖盘
1188,13:06:03,5.26,--,604,317704,卖盘
1189,13:05:58,5.26,--,1,526,卖盘
1190,13:05:48,5.26,--,1,526,卖盘
1191,13:05:13,5.26,--,116,61016,卖盘
1192,13:05:08,5.26,-0.01,55,28930,卖盘
1193,13:05:03,5.27,--,150,79050,买盘
1194,13:04:48,5.27,0.01,20,10540,买盘
1195,13:04:43,5.26,-0.01,75,39450,卖盘
1196,13:04:38,5.27,--,11,5796,买盘
1197,13:04:33,5.27,--,7,3688,买盘
1198,13:04:28,5.27,--,14,7377,买盘
1199,13:04:23,5.27,0.01,414,218177,买盘
1200,13:04:13,5.26,-0.01,229,120454,卖盘
1201,13:03:53,5.27,0.01,15,7904,买盘
1202,13:03:43,5.26,--,494,259844,卖盘
1203,13:03:38,5.26,-0.01,206,108356,卖盘
1204,13:03:28,5.27,--,39,20553,买盘
1205,13:03:23,5.27,0.01,39,20553,买盘
1206,13:03:18,5.26,-0.01,361,189886,卖盘
1207,13:03:13,5.27,0.01,65,34255,买盘
1208,13:03:08,5.26,--,176,92576,卖盘
1209,13:03:03,5.26,-0.01,16,8416,卖盘
1210,13:02:58,5.27,0.01,1,527,买盘
1211,13:02:43,5.26,-0.01,50,26300,卖盘
1212,13:02:33,5.27,0.01,117,61658,买盘
1213,13:02:28,5.26,--,9,4734,卖盘
1214,13:02:23,5.26,-0.01,32,16832,卖盘
1215,13:02:07,5.27,0.01,77,40579,买盘
1216,13:02:03,5.26,--,48,25248,卖盘
1217,13:01:58,5.26,--,191,100466,卖盘
1218,13:01:53,5.26,-0.01,7,3682,卖盘
1219,13:01:43,5.27,0.01,445,234514,买盘
1220,13:01:38,5.26,--,55,28930,卖盘
1221,13:01:33,5.26,--,131,68906,卖盘
1222,13:01:23,5.26,-0.01,202,106252,卖盘
1223,13:01:18,5.27,0.01,58,30565,买盘
1224,13:01:13,5.26,--,103,54178,卖盘
1225,13:01:03,5.26,-0.01,1,526,卖盘
1226,13:00:53,5.27,--,65,34255,买盘
1227,13:00:43,5.27,--,44,23187,买盘
1228,13:00:38,5.27,--,55,28984,买盘
1229,13:00:33,5.27,--,88,46375,买盘
1230,13:00:18,5.27,--,39,20553,买盘
1231,13:00:13,5.27,--,944,497487,买盘
1232,13:00:08,5.27,--,1179,621333,买盘
1233,13:00:03,5.27,--,117,61658,买盘
1234,11:30:00,5.27,--,0,0,买盘
1235,11:29:59,5.27,--,0,0,买盘
1236,11:29:38,5.27,0.01,3,1580,买盘
1237,11:29:23,5.26,--,18,9468,卖盘
1238,11:29:08,5.26,--,240,126555,买盘
1239,11:29:03,5.26,--,58,30508,买盘
1240,11:28:58,5.26,--,317,166742,买盘
1241,11:28:53,5.26,--,1,526,买盘
1242,11:28:48,5.26,--,1,526,买盘
1243,11:28:43,5.26,--,30,15780,买盘
1244,11:28:38,5.26,--,60,31560,买盘
1245,11:28:33,5.26,--,4,2104,买盘
1246,11:28:28,5.26,--,199,104674,买盘
1247,11:28:23,5.26,--,116,61016,买盘
1248,11:28:18,5.26,--,1060,557560,买盘
1249,11:28:13,5.26,--,646,339796,买盘
1250,11:28:08,5.26,--,131,68906,买盘
1251,11:28:02,5.26,0.01,31,16306,买盘
1252,11:27:58,5.25,-0.01,29,15225,卖盘
1253,11:27:53,5.26,--,1787,939962,买盘
1254,11:27:47,5.26,0.01,10,5260,买盘
1255,11:27:43,5.25,--,1,525,卖盘
1256,11:27:38,5.25,-0.01,14,7350,卖盘
1257,11:27:23,5.26,--,201,105726,买盘
1258,11:27:17,5.26,--,19,9994,买盘
1259,11:27:08,5.26,--,487,256162,买盘
1260,11:26:53,5.26,--,207,108882,买盘
1261,11:26:47,5.26,--,120,63120,买盘
1262,11:26:43,5.26,--,53,27878,买盘
1263,11:26:32,5.26,--,7,3682,买盘
1264,11:26:23,5.26,0.01,780,410280,买盘
1265,11:26:17,5.25,-0.01,10,5250,卖盘
1266,11:26:13,5.26,--,183,96258,买盘
1267,11:26:08,5.26,0.01,50,26300,买盘
1268,11:26:02,5.25,--,65,34125,卖盘
1269,11:25:58,5.25,-0.01,1,525,卖盘
1270,11:25:53,5.26,--,100,52600,买盘
1271,11:25:43,5.26,--,100,52600,买盘
1272,11:25:38,5.26,--,112,58912,买盘
1273,11:25:32,5.26,--,264,138864,买盘
1274,11:25:17,5.26,--,23,12098,买盘
1275,11:25:08,5.26,0.01,38,19988,买盘
1276,11:25:02,5.25,-0.01,100,52500,卖盘
1277,11:24:53,5.26,0.01,20,10520,买盘
1278,11:24:47,5.25,-0.01,7,3675,卖盘
1279,11:24:32,5.26,0.01,40,21040,买盘
1280,11:24:17,5.25,-0.01,10,5250,卖盘
1281,11:24:08,5.26,0.01,70,36820,买盘
1282,11:24:02,5.25,--,113,59325,卖盘
1283,11:23:53,5.25,--,2,1050,卖盘
1284,11:23:23,5.25,--,100,52500,卖盘
1285,11:23:02,5.25,-0.01,132,69300,卖盘
1286,11:22:42,5.26,0.01,10,5260,买盘
1287,11:22:17,5.25,--,3,1575,卖盘
1288,11:22:02,5.25,--,105,55125,卖盘
1289,11:21:17,5.25,--,22,11550,卖盘
1290,11:21:12,5.25,--,2,1050,卖盘
1291,11:21:07,5.25,--,7,3675,卖盘
1292,11:21:02,5.25,--,381,200161,买盘
1293,11:20:57,5.25,--,4,2100,买盘
1294,11:20:47,5.25,--,10,5250,买盘
1295,11:20:41,5.25,0.01,19,9975,买盘
1296,11:20:32,5.24,--,3,1572,卖盘
1297,11:20:26,5.24,--,158,82792,卖盘
1298,11:20:17,5.24,-0.01,2,1048,卖盘
1299,11:20:11,5.25,0.01,50,26250,买盘
1300,11:20:02,5.24,-0.01,126,66024,卖盘
1301,11:19:56,5.25,--,2,1050,买盘
1302,11:19:47,5.25,0.01,9,4725,买盘
1303,11:19:41,5.24,--,250,131000,卖盘
1304,11:19:37,5.24,-0.01,46,24172,卖盘
1305,11:19:32,5.25,--,6,3150,买盘
1306,11:19:26,5.25,--,259,135975,买盘
1307,11:19:22,5.25,0.01,100,52500,买盘
1308,11:19:07,5.24,--,46,24172,卖盘
1309,11:19:02,5.24,-0.01,100,52400,卖盘
1310,11:18:47,5.25,--,101,53025,买盘
1311,11:18:37,5.25,0.01,50,26250,买盘
1312,11:18:31,5.24,-0.01,2,1048,卖盘
1313,11:18:26,5.25,--,107,56631,卖盘
1314,11:18:22,5.25,--,193,101325,卖盘
1315,11:18:16,5.25,--,30,15750,卖盘
1316,11:18:07,5.25,--,67,35243,卖盘
1317,11:18:02,5.25,--,54,28350,卖盘
1318,11:17:46,5.25,0.01,42,22050,买盘
1319,11:17:41,5.24,--,20,10480,卖盘
1320,11:17:37,5.24,--,46,24172,卖盘
1321,11:17:31,5.24,--,0,0,卖盘
1322,11:17:26,5.24,-0.01,104,54496,卖盘
1323,11:17:17,5.25,0.01,93,49276,买盘
1324,11:17:11,5.24,--,8,4192,卖盘
1325,11:17:06,5.24,--,0,0,卖盘
1326,11:17:01,5.24,-0.01,226,118424,卖盘
1327,11:16:56,5.25,-0.01,43,22989,卖盘
1328,11:16:46,5.26,0.01,12,6312,买盘
1329,11:16:41,5.25,--,50,26250,卖盘
1330,11:16:37,5.25,--,46,24218,卖盘
1331,11:16:26,5.25,--,8,4200,卖盘
1332,11:16:16,5.25,--,54,28350,卖盘
1333,11:16:11,5.25,--,587,308175,卖盘
1334,11:16:07,5.25,--,260,136568,卖盘
1335,11:16:01,5.25,--,776,407400,卖盘
1336,11:15:56,5.25,--,46,24150,卖盘
1337,11:15:51,5.25,--,2,1050,卖盘
1338,11:15:46,5.25,--,511,268275,卖盘
1339,11:15:41,5.25,--,522,274050,卖盘
1340,11:15:37,5.25,--,173,90893,卖盘
1341,11:15:31,5.25,--,204,107100,卖盘
1342,11:15:26,5.25,--,479,251475,卖盘
1343,11:15:22,5.25,--,533,279825,卖盘
1344,11:15:16,5.25,--,150,78750,卖盘
1345,11:15:06,5.25,--,86,45218,卖盘
1346,11:15:01,5.25,--,102,53550,卖盘
1347,11:14:56,5.25,--,46,24150,卖盘
1348,11:14:51,5.25,--,9,4725,卖盘
1349,11:14:41,5.25,-0.01,9,4725,卖盘
1350,11:14:36,5.26,--,48,25316,买盘
1351,11:14:31,5.26,0.01,200,105200,买盘
1352,11:14:26,5.25,-0.01,1,525,卖盘
1353,11:14:21,5.26,0.01,1,526,买盘
1354,11:14:11,5.25,--,9,4725,卖盘
1355,11:14:06,5.25,-0.01,378,198518,卖盘
1356,11:13:56,5.26,--,1,526,买盘
1357,11:13:51,5.26,0.01,20,10520,买盘
1358,11:13:36,5.25,--,66,34718,卖盘
1359,11:13:31,5.25,-0.01,2,1050,卖盘
1360,11:13:26,5.26,0.01,14,7364,买盘
1361,11:13:16,5.25,-0.01,45,23625,卖盘
1362,11:13:06,5.26,0.01,523,275098,买盘
1363,11:12:50,5.25,-0.01,68,35700,卖盘
1364,11:12:26,5.26,0.01,117,61542,买盘
1365,11:12:20,5.25,--,118,61950,卖盘
1366,11:12:11,5.25,-0.01,73,38661,卖盘
1367,11:12:05,5.26,0.01,103,54178,买盘
1368,11:11:56,5.25,-0.01,70,36750,卖盘
1369,11:11:41,5.26,0.01,20,10520,买盘
1370,11:11:35,5.25,--,47,25074,卖盘
1371,11:11:31,5.25,--,10,5250,卖盘
1372,11:11:26,5.25,--,2,1050,卖盘
1373,11:11:20,5.25,--,116,60900,卖盘
1374,11:11:10,5.25,-0.01,300,157500,卖盘
1375,11:10:55,5.26,0.01,50,26300,买盘
1376,11:10:50,5.25,--,72,37941,卖盘
1377,11:10:35,5.25,--,2,1055,卖盘
1378,11:10:25,5.25,--,1,525,卖盘
1379,11:10:20,5.25,--,200,105000,卖盘
1380,11:10:10,5.25,--,10,5250,卖盘
1381,11:10:01,5.25,--,27,14175,卖盘
1382,11:09:55,5.25,--,50,26250,卖盘
1383,11:09:50,5.25,--,84,44100,卖盘
1384,11:09:40,5.25,--,2,1050,卖盘
1385,11:09:35,5.25,--,195,102375,卖盘
1386,11:09:25,5.25,--,19,9975,卖盘
1387,11:09:20,5.25,-0.01,70,36750,卖盘
1388,11:09:15,5.26,0.01,24,12624,买盘
1389,11:08:50,5.25,--,70,36750,卖盘
1390,11:08:45,5.25,--,2,1050,卖盘
1391,11:08:40,5.25,-0.01,94,49350,卖盘
1392,11:08:35,5.26,0.01,20,10520,买盘
1393,11:08:25,5.25,--,1200,630000,卖盘
1394,11:08:20,5.25,--,339,177975,卖盘
1395,11:08:15,5.25,--,336,176400,卖盘
1396,11:08:10,5.25,--,97,50925,卖盘
1397,11:08:05,5.25,--,636,333900,卖盘
1398,11:08:00,5.25,-0.01,204,107100,卖盘
1399,11:07:55,5.26,--,673,353998,买盘
1400,11:07:50,5.26,0.01,233,122558,买盘
1401,11:07:45,5.25,--,201,105525,卖盘
1402,11:07:40,5.25,--,406,213150,卖盘
1403,11:07:35,5.25,--,701,368025,卖盘
1404,11:07:30,5.25,-0.01,267,140175,卖盘
1405,11:07:25,5.26,0.01,126,66276,买盘
1406,11:07:20,5.25,-0.01,2299,1207332,卖盘
1407,11:07:10,5.26,0.01,245,128870,买盘
1408,11:07:05,5.25,--,124,65100,卖盘
1409,11:07:00,5.25,--,14,7350,卖盘
1410,11:06:55,5.25,-0.01,9,4725,卖盘
1411,11:06:50,5.26,--,20,10520,买盘
1412,11:06:45,5.26,0.01,117,61542,买盘
1413,11:06:40,5.25,-0.01,94,49350,卖盘
1414,11:06:35,5.26,0.01,20,10520,买盘
1415,11:06:30,5.25,--,42,22050,卖盘
1416,11:06:25,5.25,-0.01,15,7875,卖盘
1417,11:06:20,5.26,0.01,78,41028,买盘
1418,11:06:10,5.25,--,94,49350,卖盘
1419,11:06:05,5.25,-0.01,3,1575,卖盘
1420,11:05:55,5.26,--,10,5260,买盘
1421,11:05:50,5.26,--,18,9468,买盘
1422,11:05:45,5.26,--,178,93628,买盘
1423,11:05:40,5.26,--,15,7890,买盘
1424,11:05:35,5.26,--,1,526,买盘
1425,11:05:29,5.26,--,55,28930,买盘
1426,11:05:20,5.26,0.01,10,5260,买盘
1427,11:05:14,5.25,--,96,50400,卖盘
1428,11:05:05,5.25,-0.01,1,525,卖盘
1429,11:04:59,5.26,--,5,2630,买盘
1430,11:04:50,5.26,0.01,20,10520,买盘
1431,11:04:44,5.25,-0.01,95,49875,卖盘
1432,11:04:40,5.26,--,20,10520,买盘
1433,11:04:35,5.26,0.01,5,2630,买盘
1434,11:04:29,5.25,--,7,3675,卖盘
1435,11:04:20,5.25,--,11,5775,卖盘
1436,11:04:14,5.25,--,94,49350,卖盘
1437,11:04:05,5.25,-0.01,257,134925,卖盘
1438,11:03:59,5.26,--,15,7890,买盘
1439,11:03:50,5.26,0.01,21,11046,买盘
1440,11:03:34,5.25,--,157,82425,卖盘
1441,11:03:29,5.25,-0.01,162,85050,卖盘
1442,11:03:19,5.26,0.01,101,53126,买盘
1443,11:03:14,5.25,--,67,35175,卖盘
1444,11:03:10,5.25,--,80,42000,卖盘
1445,11:03:04,5.25,--,140,73500,卖盘
1446,11:02:59,5.25,--,361,189855,卖盘
1447,11:02:55,5.25,-0.01,406,213150,卖盘
1448,11:02:49,5.26,0.01,9,4734,买盘
1449,11:02:44,5.25,--,1487,781032,卖盘
1450,11:02:40,5.25,--,124,65100,卖盘
1451,11:02:34,5.25,-0.01,268,140700,卖盘
1452,11:02:29,5.26,0.01,1000,526000,买盘
1453,11:02:19,5.25,--,463,243075,卖盘
1454,11:02:14,5.25,--,263,138075,卖盘
1455,11:02:10,5.25,--,1,525,卖盘
1456,11:02:04,5.25,-0.01,141,74025,卖盘
1457,11:01:49,5.26,0.01,114,59964,买盘
1458,11:01:44,5.25,--,3,1575,卖盘
1459,11:01:34,5.25,--,142,74550,卖盘
1460,11:01:04,5.25,--,79,41475,卖盘
1461,11:00:59,5.25,--,9,4725,卖盘
1462,11:00:49,5.25,--,261,137025,卖盘
1463,11:00:34,5.25,-0.01,159,83475,卖盘
1464,11:00:29,5.26,--,35,18410,买盘
1465,11:00:24,5.26,0.01,22,11572,买盘
1466,11:00:19,5.25,-0.01,1671,877642,卖盘
1467,11:00:14,5.26,--,160,84160,买盘
1468,11:00:09,5.26,0.01,100,52600,买盘
1469,11:00:04,5.25,-0.01,90,47250,卖盘
1470,10:59:59,5.26,--,1309,688902,卖盘
1471,10:59:54,5.26,-0.01,2,1052,卖盘
1472,10:59:49,5.27,0.01,411,216596,买盘
1473,10:59:39,5.26,--,1901,999999,卖盘
1474,10:59:34,5.26,--,129,67854,卖盘
1475,10:59:29,5.26,-0.01,10,5260,卖盘
1476,10:59:24,5.27,0.01,2,1054,买盘
1477,10:59:19,5.26,-0.01,1901,999999,卖盘
1478,10:59:14,5.27,0.01,6,3161,买盘
1479,10:59:09,5.26,--,80,42080,卖盘
1480,10:59:04,5.26,--,117,61542,卖盘
1481,10:58:59,5.26,--,4656,2449129,卖盘
1482,10:58:49,5.26,--,259,136234,卖盘
1483,10:58:44,5.26,-0.01,39,20514,卖盘
1484,10:58:34,5.27,0.01,1452,765203,买盘
1485,10:58:29,5.26,--,132,69432,卖盘
1486,10:58:19,5.26,--,124,65224,卖盘
1487,10:58:14,5.26,--,118,62068,卖盘
1488,10:58:08,5.26,--,328,172528,卖盘
1489,10:58:04,5.26,--,185,97310,卖盘
1490,10:57:59,5.26,-0.01,501,263526,卖盘
1491,10:57:53,5.27,0.01,182,95913,买盘
1492,10:57:49,5.26,--,1009,530734,卖盘
1493,10:57:44,5.26,--,216,114078,卖盘
1494,10:57:34,5.26,--,179,94154,卖盘
1495,10:57:29,5.26,--,12,6312,卖盘
1496,10:57:19,5.26,--,51,26826,卖盘
1497,10:57:14,5.26,--,115,60490,卖盘
1498,10:57:08,5.26,--,259,136234,卖盘
1499,10:57:04,5.26,-0.01,142,74692,卖盘
1500,10:56:59,5.27,0.01,83,43741,买盘
1501,10:56:53,5.26,--,68,35768,卖盘
1502,10:56:49,5.26,--,20,10520,卖盘
1503,10:56:44,5.26,--,78,41028,卖盘
1504,10:56:38,5.26,-0.01,81,42606,卖盘
1505,10:56:34,5.27,0.01,10,5270,买盘
1506,10:56:29,5.26,-0.01,29,15254,卖盘
1507,10:56:23,5.27,0.01,62,32673,买盘
1508,10:56:14,5.26,-0.01,33,17358,卖盘
1509,10:56:08,5.27,0.01,107,56388,买盘
1510,10:55:59,5.26,-0.01,21,11046,卖盘
1511,10:55:53,5.27,--,32,16864,买盘
1512,10:55:49,5.27,0.01,78,41106,买盘
1513,10:55:43,5.26,-0.01,154,81004,卖盘
1514,10:55:38,5.27,--,226,119101,买盘
1515,10:55:34,5.27,0.01,66,34782,买盘
1516,10:55:28,5.26,-0.01,22,11572,卖盘
1517,10:55:23,5.27,--,30,15809,买盘
1518,10:55:19,5.27,0.01,20,10540,买盘
1519,10:55:13,5.26,--,89,46814,卖盘
1520,10:55:08,5.26,-0.01,148,77848,卖盘
1521,10:55:04,5.27,--,180,94859,买盘
1522,10:54:58,5.27,--,107,56388,买盘
1523,10:54:53,5.27,--,187,98548,买盘
1524,10:54:49,5.27,--,175,92224,买盘
1525,10:54:43,5.27,--,143,75361,买盘
1526,10:54:38,5.27,--,146,76942,买盘
1527,10:54:34,5.27,--,250,131750,买盘
1528,10:54:28,5.27,--,157,82739,买盘
1529,10:54:23,5.27,--,39,20553,买盘
1530,10:54:08,5.27,--,91,47956,买盘
1531,10:54:04,5.27,0.01,4,2108,买盘
1532,10:53:43,5.26,-0.01,102,53652,卖盘
1533,10:53:38,5.27,0.01,80,42160,买盘
1534,10:53:34,5.26,--,187,98362,卖盘
1535,10:53:28,5.26,-0.01,62,32612,卖盘
1536,10:53:13,5.27,--,55,28984,买盘
1537,10:53:08,5.27,0.01,81,42687,买盘
1538,10:53:03,5.26,--,62,32612,卖盘
1539,10:52:58,5.26,--,62,32612,卖盘
1540,10:52:53,5.26,--,3,1578,卖盘
1541,10:52:48,5.26,--,2,1052,卖盘
1542,10:52:38,5.26,-0.01,79,41554,卖盘
1543,10:52:28,5.27,--,87,45848,买盘
1544,10:52:23,5.27,--,79,42054,卖盘
1545,10:52:18,5.27,--,51,26876,卖盘
1546,10:52:13,5.27,--,1010,532270,卖盘
1547,10:52:08,5.27,--,88,46375,卖盘
1548,10:52:03,5.27,--,63,33201,卖盘
1549,10:51:58,5.27,--,288,151776,卖盘
1550,10:51:53,5.27,--,69,36363,卖盘
1551,10:51:48,5.27,-0.01,50,26349,卖盘
1552,10:51:43,5.28,0.01,90,47520,买盘
1553,10:51:38,5.27,-0.01,274,144398,卖盘
1554,10:51:28,5.28,0.01,937,494736,买盘
1555,10:51:23,5.27,-0.01,1506,793661,卖盘
1556,10:51:13,5.28,--,4,2112,买盘
1557,10:51:08,5.28,--,90,47520,买盘
1558,10:51:03,5.28,0.01,168,88704,买盘
1559,10:50:58,5.27,--,101,53226,卖盘
1560,10:50:53,5.27,--,23,12120,卖盘
1561,10:50:48,5.27,--,50,26349,卖盘
1562,10:50:43,5.27,--,315,166005,卖盘
1563,10:50:38,5.27,--,79,41633,卖盘
1564,10:50:33,5.27,--,29,15282,卖盘
1565,10:50:28,5.27,--,187,98548,卖盘
1566,10:50:23,5.27,--,1,527,卖盘
1567,10:50:18,5.27,--,1,527,卖盘
1568,10:50:08,5.27,--,101,53226,卖盘
1569,10:50:02,5.27,-0.01,10,5270,卖盘
1570,10:49:58,5.28,0.01,1,528,买盘
1571,10:49:53,5.27,--,60,31619,卖盘
1572,10:49:43,5.27,--,26,13701,卖盘
1573,10:49:38,5.27,--,702,370059,卖盘
1574,10:49:28,5.27,--,125,65875,卖盘
1575,10:49:23,5.27,--,13,6850,卖盘
1576,10:49:13,5.27,-0.01,202,106453,卖盘
1577,10:49:07,5.28,--,45,23760,买盘
1578,10:48:57,5.28,--,5,2640,买盘
1579,10:48:53,5.28,--,20,10560,买盘
1580,10:48:47,5.28,--,136,71808,买盘
1581,10:48:38,5.28,--,35,18480,买盘
1582,10:48:32,5.28,0.01,10,5280,买盘
1583,10:48:23,5.27,-0.01,12,6323,卖盘
1584,10:48:17,5.28,--,65,34320,买盘
1585,10:48:12,5.28,--,21,11088,买盘
1586,10:48:07,5.28,0.01,523,276144,买盘
1587,10:48:02,5.27,-0.01,89,46902,卖盘
1588,10:47:57,5.28,0.01,10,5280,买盘
1589,10:47:47,5.27,--,70,36890,卖盘
1590,10:47:42,5.27,--,111,58496,卖盘
1591,10:47:37,5.27,--,109,57442,卖盘
1592,10:47:32,5.27,--,265,139655,卖盘
1593,10:47:22,5.27,--,50,26349,卖盘
1594,10:47:17,5.27,-0.01,11,5796,卖盘
1595,10:47:12,5.28,0.01,32,16896,买盘
1596,10:47:07,5.27,-0.01,308,162316,卖盘
1597,10:47:02,5.28,0.01,15,7920,买盘
1598,10:46:57,5.27,--,2,1054,卖盘
1599,10:46:52,5.27,-0.01,5,2635,卖盘
1600,10:46:47,5.28,0.01,231,121968,买盘
1601,10:46:37,5.27,--,2,1054,卖盘
1602,10:46:32,5.27,-0.01,184,96967,卖盘
1603,10:46:22,5.28,--,10,5280,买盘
1604,10:46:07,5.28,--,2,1056,买盘
1605,10:46:02,5.28,0.01,19,10032,买盘
1606,10:45:52,5.27,-0.01,2,1054,卖盘
1607,10:45:47,5.28,--,50,26400,买盘
1608,10:45:42,5.28,0.01,5,2640,买盘
1609,10:45:32,5.27,-0.01,173,91170,卖盘
1610,10:45:27,5.28,--,85,44880,买盘
1611,10:45:22,5.28,--,146,77088,买盘
1612,10:45:17,5.28,--,34,17952,买盘
1613,10:45:12,5.28,--,40,21120,买盘
1614,10:45:07,5.28,--,2,1056,买盘
1615,10:45:02,5.28,0.01,244,129143,买盘
1616,10:44:52,5.27,--,236,124371,卖盘
1617,10:44:47,5.27,-0.01,112,59023,卖盘
1618,10:44:42,5.28,0.01,279,147312,买盘
1619,10:44:37,5.27,-0.01,1,527,卖盘
1620,10:44:32,5.28,0.01,40,21120,买盘
1621,10:44:22,5.27,--,45,24036,卖盘
1622,10:44:17,5.27,-0.01,1006,530162,卖盘
1623,10:44:07,5.28,0.01,2,1056,买盘
1624,10:43:52,5.27,--,322,169694,卖盘
1625,10:43:47,5.27,--,85,44795,卖盘
1626,10:43:42,5.27,--,173,91170,卖盘
1627,10:43:37,5.27,-0.01,392,206583,卖盘
1628,10:43:32,5.28,--,194,102432,买盘
1629,10:43:22,5.28,0.01,483,255024,买盘
1630,10:43:17,5.27,--,85,44795,卖盘
1631,10:43:12,5.27,-0.01,31,16336,卖盘
1632,10:43:07,5.28,0.01,464,244992,买盘
1633,10:43:02,5.27,--,60,31619,卖盘
1634,10:42:57,5.27,0.01,1691,891156,买盘
1635,10:42:52,5.26,-0.01,3,1578,卖盘
1636,10:42:47,5.27,--,174,91697,买盘
1637,10:42:42,5.27,--,298,157046,买盘
1638,10:42:37,5.27,0.01,200,105399,买盘
1639,10:42:32,5.26,-0.01,8,4208,卖盘
1640,10:42:27,5.27,--,416,219231,买盘
1641,10:42:22,5.27,--,40,21080,买盘
1642,10:42:17,5.27,--,828,436355,买盘
1643,10:42:12,5.27,--,129,67983,买盘
1644,10:42:07,5.27,--,12,6323,买盘
1645,10:42:02,5.27,--,46,24241,买盘
1646,10:41:56,5.27,0.01,150,79050,买盘
1647,10:41:47,5.26,-0.01,84,44357,卖盘
1648,10:41:37,5.27,--,825,434774,买盘
1649,10:41:32,5.27,--,6,3161,买盘
1650,10:41:26,5.27,--,876,461651,买盘
1651,10:41:22,5.27,--,73,38471,买盘
1652,10:41:17,5.27,--,10,5270,买盘
1653,10:41:11,5.27,--,144,75888,买盘
1654,10:41:07,5.27,--,24,12647,买盘
1655,10:41:02,5.27,--,45,23714,买盘
1656,10:40:46,5.27,--,187,98548,买盘
1657,10:40:41,5.27,0.01,102,53753,买盘
1658,10:40:37,5.26,-0.01,312,164112,卖盘
1659,10:40:31,5.27,--,10,5270,买盘
1660,10:40:26,5.27,0.01,482,254013,买盘
1661,10:40:16,5.26,-0.01,150,78900,卖盘
1662,10:40:11,5.27,--,1,527,买盘
1663,10:40:06,5.27,--,123,64820,买盘
1664,10:40:01,5.27,--,46,24241,买盘
1665,10:39:56,5.27,--,28,14755,买盘
1666,10:39:46,5.27,--,37,19499,买盘
1667,10:39:41,5.27,--,350,184449,买盘
1668,10:39:36,5.27,--,20,10540,卖盘
1669,10:39:31,5.27,--,520,274040,卖盘
1670,10:39:26,5.27,--,156,82212,卖盘
1671,10:39:21,5.27,0.01,73,38471,买盘
1672,10:39:16,5.26,-0.01,430,226180,卖盘
1673,10:39:11,5.27,--,419,220812,买盘
1674,10:39:06,5.27,--,195,102764,买盘
1675,10:39:01,5.27,--,903,475880,卖盘
1676,10:38:56,5.27,--,50,26349,卖盘
1677,10:38:51,5.27,--,140,73780,卖盘
1678,10:38:46,5.27,-0.01,55,28984,卖盘
1679,10:38:41,5.28,0.01,534,281952,买盘
1680,10:38:36,5.27,--,145,76415,买盘
1681,10:38:31,5.27,--,200,105399,买盘
1682,10:38:26,5.27,0.01,254,133858,买盘
1683,10:38:16,5.26,--,21641,11383166,卖盘
1684,10:38:11,5.26,-0.01,30,15780,卖盘
1685,10:38:06,5.27,0.01,3,1580,买盘
1686,10:38:01,5.26,--,5,2630,卖盘
1687,10:37:56,5.26,--,1893,995718,买盘
1688,10:37:51,5.26,--,316,166216,买盘
1689,10:37:46,5.26,0.01,50,26300,买盘
1690,10:37:41,5.25,-0.01,1,525,卖盘
1691,10:37:31,5.26,0.01,46,24196,买盘
1692,10:37:26,5.25,-0.01,33,17325,卖盘
1693,10:37:21,5.26,--,11,5786,买盘
1694,10:37:16,5.26,--,29,15254,买盘
1695,10:37:11,5.26,--,433,227758,买盘
1696,10:37:06,5.26,0.01,42,22092,买盘
1697,10:37:01,5.25,-0.01,320,168000,卖盘
1698,10:36:56,5.26,0.01,110,57860,买盘
1699,10:36:46,5.25,--,125,65625,卖盘
1700,10:36:41,5.25,--,75,39375,卖盘
1701,10:36:31,5.25,--,0,0,卖盘
1702,10:36:26,5.25,-0.01,692,363300,卖盘
1703,10:36:21,5.26,0.01,16920,8900246,买盘
1704,10:36:16,5.25,-0.01,31,16275,卖盘
1705,10:36:11,5.26,--,214,112564,买盘
1706,10:36:06,5.26,0.01,2,1052,买盘
1707,10:36:01,5.25,--,141,74025,卖盘
1708,10:35:56,5.25,--,133,69825,卖盘
1709,10:35:51,5.25,-0.01,357,187425,卖盘
1710,10:35:46,5.26,0.01,55,28930,买盘
1711,10:35:36,5.25,--,25,13125,卖盘
1712,10:35:31,5.25,--,30,15750,卖盘
1713,10:35:26,5.25,--,47,24675,卖盘
1714,10:35:21,5.25,--,30,15750,卖盘
1715,10:35:16,5.25,--,100,52500,卖盘
1716,10:35:11,5.25,-0.01,39,20475,卖盘
1717,10:35:06,5.26,--,68,35768,买盘
1718,10:35:01,5.26,--,117,61542,买盘
1719,10:34:56,5.26,0.01,220,115720,买盘
1720,10:34:51,5.25,--,7,3675,卖盘
1721,10:34:46,5.25,--,247,129675,卖盘
1722,10:34:41,5.25,--,155,81375,卖盘
1723,10:34:31,5.25,-0.01,1086,570150,卖盘
1724,10:34:26,5.26,0.01,107,56282,买盘
1725,10:34:21,5.25,--,174,91350,卖盘
1726,10:34:16,5.25,--,20,10500,卖盘
1727,10:34:11,5.25,-0.01,479,251475,卖盘
1728,10:34:06,5.26,0.01,40,21040,买盘
1729,10:34:01,5.25,-0.01,98,51450,卖盘
1730,10:33:56,5.26,0.01,130,68380,买盘
1731,10:33:41,5.25,-0.01,119,62475,卖盘
1732,10:33:31,5.26,0.01,670,352420,买盘
1733,10:33:26,5.25,--,372,195300,卖盘
1734,10:33:21,5.25,--,79,41475,卖盘
1735,10:33:16,5.25,--,218,114513,卖盘
1736,10:33:10,5.25,-0.01,14,7350,卖盘
1737,10:33:05,5.26,0.01,4,2104,买盘
1738,10:33:01,5.25,--,372,195300,卖盘
1739,10:32:56,5.25,--,1146,602001,卖盘
1740,10:32:50,5.25,--,685,359625,卖盘
1741,10:32:45,5.25,0.01,17444,9158273,买盘
1742,10:32:40,5.24,--,120,62880,卖盘
1743,10:32:35,5.24,--,20,10480,卖盘
1744,10:32:31,5.24,--,2298,1204152,卖盘
1745,10:32:25,5.24,--,305,159820,卖盘
1746,10:32:20,5.24,--,1099,575876,卖盘
1747,10:32:15,5.24,--,160,83840,卖盘
1748,10:32:10,5.24,-0.01,5,2620,卖盘
1749,10:32:05,5.25,0.01,17,8925,买盘
1750,10:31:55,5.24,--,16,8384,卖盘
1751,10:31:50,5.24,--,7,3668,卖盘
1752,10:31:40,5.24,--,224,117376,卖盘
1753,10:31:35,5.24,--,21,11004,卖盘
1754,10:31:30,5.24,--,21,11004,卖盘
1755,10:31:25,5.24,--,1,524,卖盘
1756,10:31:20,5.24,--,105,55020,卖盘
1757,10:31:15,5.24,--,246,128904,卖盘
1758,10:31:10,5.24,-0.01,533,279292,卖盘
1759,10:31:05,5.25,0.01,314,164850,买盘
1760,10:30:50,5.24,--,3394,1778456,卖盘
1761,10:30:45,5.24,--,329,172396,卖盘
1762,10:30:40,5.24,--,248,129952,卖盘
1763,10:30:35,5.24,-0.01,73,38252,卖盘
1764,10:30:25,5.25,0.01,3,1575,买盘
1765,10:30:10,5.24,--,249,130476,卖盘
1766,10:29:50,5.24,--,393,205932,卖盘
1767,10:29:40,5.24,--,73,38252,卖盘
1768,10:29:30,5.24,-0.01,105,55020,卖盘
1769,10:29:25,5.25,0.01,100,52500,买盘
1770,10:29:20,5.24,-0.01,1,524,卖盘
1771,10:29:10,5.25,--,2,1050,买盘
1772,10:28:55,5.25,--,89,46725,买盘
1773,10:28:35,5.25,0.01,104,54600,买盘
1774,10:28:30,5.24,-0.01,9,4716,卖盘
1775,10:28:20,5.25,0.01,878,460950,买盘
1776,10:28:15,5.24,-0.01,11,5764,卖盘
1777,10:28:10,5.25,--,2,1050,买盘
1778,10:28:05,5.25,0.01,204,107100,买盘
1779,10:28:00,5.24,--,30,15720,卖盘
1780,10:27:55,5.24,-0.01,23,12052,卖盘
1781,10:27:25,5.25,0.01,6,3150,买盘
1782,10:27:15,5.24,--,50,26200,卖盘
1783,10:27:10,5.24,-0.01,100,52400,卖盘
1784,10:27:05,5.25,0.01,177,92925,买盘
1785,10:27:00,5.24,--,572,299728,卖盘
1786,10:26:54,5.24,-0.01,5,2620,卖盘
1787,10:26:50,5.25,0.01,115,60375,买盘
1788,10:26:35,5.24,--,170,89080,卖盘
1789,10:26:25,5.24,--,246,128904,卖盘
1790,10:26:20,5.24,--,65,34510,卖盘
1791,10:26:10,5.24,--,58,30392,卖盘
1792,10:26:04,5.24,-0.01,62,32488,卖盘
1793,10:25:55,5.25,0.01,37,19425,买盘
1794,10:25:40,5.24,--,16,8384,卖盘
1795,10:25:34,5.24,--,50,26200,卖盘
1796,10:25:24,5.24,--,119,62356,卖盘
1797,10:25:14,5.24,--,18,9432,卖盘
1798,10:25:09,5.24,-0.01,15,7860,卖盘
1799,10:25:04,5.25,0.01,229,120225,买盘
1800,10:24:49,5.24,-0.01,20,10480,卖盘
1801,10:24:44,5.25,0.01,531,278775,买盘
1802,10:24:34,5.24,-0.01,1,524,卖盘
1803,10:24:24,5.25,--,345,181125,买盘
1804,10:24:19,5.25,--,2,1050,买盘
1805,10:24:14,5.25,--,35,18375,买盘
1806,10:24:09,5.25,--,2,1050,买盘
1807,10:23:49,5.25,0.01,3588,1883700,买盘
1808,10:23:44,5.24,--,10,5240,卖盘
1809,10:23:29,5.24,--,21,11004,卖盘
1810,10:23:19,5.24,-0.01,11,5764,卖盘
1811,10:23:14,5.25,--,125,65625,买盘
1812,10:23:04,5.25,0.01,3,1575,买盘
1813,10:22:59,5.24,--,266,139384,卖盘
1814,10:22:44,5.24,--,105,55020,卖盘
1815,10:22:34,5.24,-0.01,133,69692,卖盘
1816,10:22:19,5.25,--,25,13125,买盘
1817,10:22:14,5.25,--,175,91875,买盘
1818,10:22:04,5.25,0.01,2,1050,买盘
1819,10:21:59,5.24,--,20,10480,卖盘
1820,10:21:49,5.24,-0.01,35,18340,卖盘
1821,10:21:44,5.25,--,2,1050,买盘
1822,10:21:39,5.25,--,4,2100,买盘
1823,10:21:34,5.25,--,79,41475,买盘
1824,10:21:29,5.25,0.01,411,215775,买盘
1825,10:21:14,5.24,-0.01,265,138860,卖盘
1826,10:21:04,5.25,0.01,422,221760,买盘
1827,10:20:59,5.24,--,25,13362,卖盘
1828,10:20:54,5.24,--,8,4192,卖盘
1829,10:20:49,5.24,--,11,5764,卖盘
1830,10:20:44,5.24,-0.01,707,370468,卖盘
1831,10:20:34,5.25,0.01,218,114450,买盘
1832,10:20:29,5.24,--,20,10480,卖盘
1833,10:20:23,5.24,-0.01,10,5240,卖盘
1834,10:20:14,5.25,--,1,525,买盘
1835,10:20:09,5.25,--,2,1050,买盘
1836,10:20:04,5.25,0.01,3,1575,买盘
1837,10:19:54,5.24,-0.01,32,16768,卖盘
1838,10:19:49,5.25,--,348,182700,买盘
1839,10:19:44,5.25,0.01,207,108675,买盘
1840,10:19:34,5.24,--,47,24628,卖盘
1841,10:19:29,5.24,--,200,104800,卖盘
1842,10:19:24,5.24,-0.01,2,1048,卖盘
1843,10:19:19,5.25,0.01,100,52500,买盘
1844,10:19:14,5.24,-0.01,59,30916,卖盘
1845,10:19:08,5.25,--,10,5250,买盘
1846,10:19:03,5.25,0.01,42,22050,买盘
1847,10:18:59,5.24,--,37,19388,卖盘
1848,10:18:53,5.24,--,222,116328,卖盘
1849,10:18:48,5.24,--,70,36680,卖盘
1850,10:18:44,5.24,--,194,101656,卖盘
1851,10:18:39,5.24,0.01,20,10480,中性盘
1852,10:18:33,5.23,-0.01,378,198007,卖盘
1853,10:18:29,5.24,--,150,78600,卖盘
1854,10:18:24,5.24,--,35,18340,卖盘
1855,10:18:14,5.24,--,690,361560,卖盘
1856,10:18:08,5.24,-0.01,31,16244,卖盘
1857,10:18:03,5.25,0.02,238,125160,买盘
1858,10:17:58,5.23,-0.01,162,85039,卖盘
1859,10:17:54,5.24,-0.01,213,111612,卖盘
1860,10:17:48,5.25,0.01,133,69825,买盘
1861,10:17:43,5.24,--,278,145672,卖盘
1862,10:17:39,5.24,-0.01,50,26200,卖盘
1863,10:17:33,5.25,0.01,1068,560700,买盘
1864,10:17:28,5.24,-0.01,926,485559,卖盘
1865,10:17:18,5.25,0.01,508,266700,买盘
1866,10:17:13,5.24,--,417,218508,卖盘
1867,10:17:08,5.24,-0.01,120,62880,卖盘
1868,10:17:03,5.25,0.01,8,4200,买盘
1869,10:16:58,5.24,--,181,94844,卖盘
1870,10:16:53,5.24,--,126,66024,卖盘
1871,10:16:48,5.24,--,143,74932,卖盘
1872,10:16:43,5.24,--,603,315972,卖盘
1873,10:16:38,5.24,--,589,308656,卖盘
1874,10:16:33,5.24,--,3536,1852864,卖盘
1875,10:16:28,5.24,--,27,14148,卖盘
1876,10:16:18,5.24,--,224,117376,卖盘
1877,10:16:13,5.24,--,13,6812,卖盘
1878,10:16:08,5.24,-0.01,1012,530644,卖盘
1879,10:16:03,5.25,0.01,106,55650,买盘
1880,10:15:58,5.24,--,155,81351,卖盘
1881,10:15:53,5.24,--,35,18340,卖盘
1882,10:15:48,5.24,--,493,258332,卖盘
1883,10:15:43,5.24,--,1437,752988,卖盘
1884,10:15:37,5.24,--,42,22008,卖盘
1885,10:15:33,5.24,--,411,215364,卖盘
1886,10:15:28,5.24,--,64,33536,卖盘
1887,10:15:23,5.24,--,470,246280,卖盘
1888,10:15:18,5.24,--,5,2620,卖盘
1889,10:15:13,5.24,--,224,117376,卖盘
1890,10:15:08,5.24,--,145,75980,卖盘
1891,10:14:58,5.24,--,29,15196,卖盘
1892,10:14:43,5.24,-0.01,246,128904,卖盘
1893,10:14:38,5.25,--,19,9975,买盘
1894,10:14:23,5.25,0.01,2,1050,买盘
1895,10:14:18,5.24,-0.01,246,128904,卖盘
1896,10:14:13,5.25,--,105,55125,买盘
1897,10:14:08,5.25,--,2,1050,买盘
1898,10:13:53,5.25,--,1,525,买盘
1899,10:13:48,5.25,0.01,30,15750,买盘
1900,10:13:38,5.24,-0.01,100,52400,卖盘
1901,10:13:07,5.25,0.01,43,22575,买盘
1902,10:12:58,5.24,--,26,13624,卖盘
1903,10:12:53,5.24,-0.01,17,8908,卖盘
1904,10:12:48,5.25,--,51,26775,买盘
1905,10:12:42,5.25,0.01,36,19047,买盘
1906,10:12:37,5.24,--,300,157200,卖盘
1907,10:12:23,5.24,--,29,15196,卖盘
1908,10:12:17,5.24,--,113,59212,卖盘
1909,10:12:08,5.24,--,121,63404,卖盘
1910,10:12:02,5.24,--,14,7409,卖盘
1911,10:11:57,5.24,--,2,1048,卖盘
1912,10:11:42,5.24,--,20,10480,卖盘
1913,10:11:38,5.24,--,2,1048,卖盘
1914,10:11:17,5.24,--,72,37728,卖盘
1915,10:11:08,5.24,--,110,57640,卖盘
1916,10:11:02,5.24,--,196,102876,卖盘
1917,10:10:57,5.24,-0.01,2,1048,卖盘
1918,10:10:52,5.25,0.01,15,7875,买盘
1919,10:10:47,5.24,--,39,20436,卖盘
1920,10:10:37,5.24,--,208,108992,卖盘
1921,10:10:32,5.24,--,323,169252,卖盘
1922,10:10:22,5.24,--,80,41920,卖盘
1923,10:10:17,5.24,--,0,94,卖盘
1924,10:10:12,5.24,-0.01,428,224272,卖盘
1925,10:10:07,5.25,0.01,166,87150,买盘
1926,10:10:02,5.24,--,246,128904,卖盘
1927,10:09:57,5.24,--,3,1572,卖盘
1928,10:09:52,5.24,--,24,12576,卖盘
1929,10:09:47,5.24,-0.01,343,179732,卖盘
1930,10:09:42,5.25,0.01,20,10500,买盘
1931,10:09:37,5.24,--,165,86543,卖盘
1932,10:09:27,5.24,-0.01,129,67596,卖盘
1933,10:09:22,5.25,0.01,424,222600,买盘
1934,10:09:16,5.24,-0.01,122,63928,卖盘
1935,10:09:12,5.25,0.01,265,139125,买盘
1936,10:09:07,5.24,--,94,49256,卖盘
1937,10:08:57,5.24,--,85,44540,卖盘
1938,10:08:52,5.24,--,378,198072,卖盘
1939,10:08:46,5.24,-0.01,283,148292,卖盘
1940,10:08:42,5.25,--,123,64575,买盘
1941,10:08:37,5.25,0.01,50,26250,买盘
1942,10:08:32,5.24,--,92,48208,卖盘
1943,10:08:22,5.24,-0.01,36,18884,卖盘
1944,10:08:16,5.25,0.01,50,26250,买盘
1945,10:08:12,5.24,-0.01,3,1572,卖盘
1946,10:08:07,5.25,0.01,18,9450,买盘
1947,10:08:02,5.24,--,5,2620,卖盘
1948,10:07:57,5.24,-0.01,9,4716,卖盘
1949,10:07:52,5.25,0.01,62,32550,买盘
1950,10:07:46,5.24,-0.01,267,140253,卖盘
1951,10:07:37,5.25,--,6,3150,买盘
1952,10:07:32,5.25,0.01,26,13650,买盘
1953,10:07:27,5.24,--,16,8384,卖盘
1954,10:07:22,5.24,--,501,262524,卖盘
1955,10:07:16,5.24,-0.01,2,1048,卖盘
1956,10:07:12,5.25,--,20,10500,买盘
1957,10:07:07,5.25,0.01,13,6825,买盘
1958,10:07:01,5.24,-0.01,150,78600,卖盘
1959,10:06:37,5.25,--,7,3675,买盘
1960,10:06:27,5.25,--,50,26428,卖盘
1961,10:06:16,5.25,0.01,95,50221,买盘
1962,10:06:07,5.24,--,74,38776,卖盘
1963,10:06:02,5.24,-0.01,21,11182,卖盘
1964,10:05:57,5.25,--,7,4194,卖盘
1965,10:05:52,5.25,--,32,16800,卖盘
1966,10:05:47,5.25,--,3,1575,卖盘
1967,10:05:42,5.25,--,13,7166,卖盘
1968,10:05:37,5.25,--,13,6825,卖盘
1969,10:05:32,5.25,--,7,3675,卖盘
1970,10:05:22,5.25,--,9,4725,卖盘
1971,10:05:16,5.25,--,48,25200,卖盘
1972,10:05:06,5.25,--,64,33600,卖盘
1973,10:05:01,5.25,--,281,147525,卖盘
1974,10:04:57,5.25,--,11,5775,卖盘
1975,10:04:46,5.25,--,148,77700,卖盘
1976,10:04:42,5.25,-0.01,10,5250,卖盘
1977,10:04:32,5.26,0.01,272,143072,买盘
1978,10:04:26,5.25,--,50,26250,卖盘
1979,10:04:21,5.25,--,7,3675,卖盘
1980,10:04:16,5.25,--,8,4200,卖盘
1981,10:04:11,5.25,--,42,22050,卖盘
1982,10:04:06,5.25,--,8,4210,卖盘
1983,10:04:02,5.25,--,194,101850,卖盘
1984,10:03:56,5.25,--,1441,756525,卖盘
1985,10:03:51,5.25,-0.01,899,471975,卖盘
1986,10:03:46,5.26,0.01,374,196724,买盘
1987,10:03:36,5.25,--,21,11025,卖盘
1988,10:03:31,5.25,-0.01,1,525,卖盘
1989,10:03:26,5.26,--,100,52600,买盘
1990,10:03:16,5.26,--,108,56808,买盘
1991,10:03:11,5.26,0.01,1,526,买盘
1992,10:03:06,5.25,--,257,134925,卖盘
1993,10:02:56,5.25,--,117,61425,卖盘
1994,10:02:51,5.25,--,329,172725,买盘
1995,10:02:46,5.25,--,21,11025,买盘
1996,10:02:41,5.25,--,48,25200,买盘
1997,10:02:36,5.25,--,503,264075,买盘
1998,10:02:31,5.25,0.01,294,154350,买盘
1999,10:02:26,5.24,-0.01,30,15720,卖盘
2000,10:02:21,5.25,0.01,376,197400,买盘
2001,10:02:16,5.24,-0.01,59,30916,卖盘
2002,10:02:11,5.25,--,20,10500,买盘
2003,10:02:06,5.25,--,22,11550,买盘
2004,10:02:01,5.25,--,372,195300,卖盘
2005,10:01:56,5.25,--,99,51975,卖盘
2006,10:01:51,5.25,--,1035,543375,卖盘
2007,10:01:46,5.25,--,454,238350,卖盘
2008,10:01:41,5.25,--,100,52500,买盘
2009,10:01:36,5.25,-0.01,1744,915600,卖盘
2010,10:01:31,5.26,--,4,2104,买盘
2011,10:01:26,5.26,0.01,195,102570,买盘
2012,10:01:21,5.25,--,277,145425,买盘
2013,10:01:16,5.25,-0.01,2442,1282050,卖盘
2014,10:01:06,5.26,--,2,1052,买盘
2015,10:01:01,5.26,0.01,374,196724,买盘
2016,10:00:55,5.25,--,19,9975,卖盘
2017,10:00:46,5.25,--,6,3150,卖盘
2018,10:00:41,5.25,--,68,35700,卖盘
2019,10:00:36,5.25,--,6,3150,买盘
2020,10:00:31,5.25,--,258,135450,买盘
2021,10:00:21,5.25,--,201,105525,买盘
2022,10:00:16,5.25,--,35,18375,买盘
2023,10:00:06,5.25,--,177,92925,买盘
2024,09:59:55,5.25,--,311,163275,买盘
2025,09:59:46,5.25,--,151,79275,卖盘
2026,09:59:40,5.25,--,82,43050,买盘
2027,09:59:31,5.25,--,42,22050,中性盘
2028,09:59:25,5.25,--,394,206850,买盘
2029,09:59:16,5.25,--,3,1575,买盘
2030,09:59:10,5.25,--,50,26250,买盘
2031,09:59:06,5.25,--,3,1575,买盘
2032,09:59:01,5.25,--,185,97125,卖盘
2033,09:58:50,5.25,--,252,132300,卖盘
2034,09:58:46,5.25,--,1,525,卖盘
2035,09:58:40,5.25,--,225,118125,卖盘
2036,09:58:31,5.25,--,52,27300,卖盘
2037,09:58:25,5.25,--,13,6825,卖盘
2038,09:58:10,5.25,--,42,22050,卖盘
2039,09:58:05,5.25,0.01,120,63000,中性盘
2040,09:58:01,5.24,-0.01,118,61832,卖盘
2041,09:57:55,5.25,--,44,23100,卖盘
2042,09:57:50,5.25,--,609,319725,卖盘
2043,09:57:45,5.25,--,55,28875,卖盘
2044,09:57:40,5.25,--,411,215775,买盘
2045,09:57:30,5.25,--,50,26250,买盘
2046,09:57:20,5.25,--,50,26250,买盘
2047,09:57:15,5.25,--,21,11025,买盘
2048,09:57:10,5.25,--,25,13125,买盘
2049,09:57:05,5.25,--,421,221067,卖盘
2050,09:57:00,5.25,-0.01,1220,640500,卖盘
2051,09:56:55,5.26,0.01,500,263000,买盘
2052,09:56:50,5.25,--,22,11550,卖盘
2053,09:56:45,5.25,--,189,99225,卖盘
2054,09:56:40,5.25,--,308,161700,卖盘
2055,09:56:35,5.25,--,278,145950,卖盘
2056,09:56:30,5.25,--,302,158550,卖盘
2057,09:56:25,5.25,--,236,123900,卖盘
2058,09:56:20,5.25,-0.01,184,96600,卖盘
2059,09:56:05,5.26,--,2,1052,买盘
2060,09:56:00,5.26,0.01,15,7890,买盘
2061,09:55:55,5.25,--,2,1050,卖盘
2062,09:55:45,5.25,--,200,105000,卖盘
2063,09:55:40,5.25,--,104,54600,卖盘
2064,09:55:35,5.25,--,28,14700,卖盘
2065,09:55:25,5.25,-0.01,123,64575,卖盘
2066,09:55:20,5.26,--,11,5786,买盘
2067,09:55:15,5.26,0.01,9,4734,买盘
2068,09:55:10,5.25,-0.01,58,30450,卖盘
2069,09:55:05,5.26,--,37,19462,买盘
2070,09:55:00,5.26,0.01,1792,942592,买盘
2071,09:54:55,5.25,--,631,331275,卖盘
2072,09:54:45,5.25,--,69,36225,卖盘
2073,09:54:40,5.25,--,5,2625,卖盘
2074,09:54:25,5.25,--,50,26250,卖盘
2075,09:54:15,5.25,-0.01,48,25389,卖盘
2076,09:54:10,5.26,0.01,72,37872,买盘
2077,09:54:05,5.25,--,1125,590625,卖盘
2078,09:54:00,5.25,--,3,1575,卖盘
2079,09:53:55,5.25,--,5,2625,卖盘
2080,09:53:50,5.25,-0.01,10,5250,卖盘
2081,09:53:45,5.26,0.01,10,5260,买盘
2082,09:53:40,5.25,--,1,525,卖盘
2083,09:53:35,5.25,--,70,36750,卖盘
2084,09:53:30,5.25,-0.01,2,1050,卖盘
2085,09:53:19,5.26,0.01,5,2630,买盘
2086,09:53:15,5.25,--,210,110250,卖盘
2087,09:53:10,5.25,-0.01,22,11550,卖盘
2088,09:53:04,5.26,0.01,2,1052,买盘
2089,09:53:00,5.25,--,70,36750,卖盘
2090,09:52:55,5.25,--,1,525,卖盘
2091,09:52:45,5.25,-0.01,31,16275,卖盘
2092,09:52:34,5.26,--,200,105200,买盘
2093,09:52:25,5.26,0.01,61,32086,买盘
2094,09:52:15,5.25,-0.01,100,52500,卖盘
2095,09:52:10,5.26,0.01,2,1052,买盘
2096,09:51:59,5.25,-0.01,13,6825,卖盘
2097,09:51:55,5.26,0.01,41,21566,买盘
2098,09:51:49,5.25,-0.01,50,26250,卖盘
2099,09:51:34,5.26,--,3082,1621132,买盘
2100,09:51:25,5.26,0.01,92,48392,买盘
2101,09:51:10,5.25,--,24,12600,卖盘
2102,09:51:04,5.25,-0.01,10,5250,卖盘
2103,09:50:59,5.26,0.01,100,52600,买盘
2104,09:50:55,5.25,--,49,25725,卖盘
2105,09:50:49,5.25,--,20,10500,卖盘
2106,09:50:39,5.25,--,1,525,卖盘
2107,09:50:34,5.25,--,30,15750,卖盘
2108,09:50:29,5.25,--,89,46725,卖盘
2109,09:50:24,5.25,--,52,27300,卖盘
2110,09:50:19,5.25,--,30,15750,卖盘
2111,09:50:14,5.25,--,11,5775,卖盘
2112,09:50:09,5.25,-0.01,55,28875,卖盘
2113,09:50:04,5.26,--,153,80478,买盘
2114,09:49:55,5.26,0.01,27,14202,买盘
2115,09:49:49,5.25,--,20,10500,卖盘
2116,09:49:44,5.25,--,1,525,卖盘
2117,09:49:39,5.25,--,250,131250,卖盘
2118,09:49:34,5.25,-0.01,9,4725,卖盘
2119,09:49:24,5.26,0.01,1,526,买盘
2120,09:49:19,5.25,-0.01,1,525,卖盘
2121,09:49:09,5.26,--,380,199880,买盘
2122,09:49:04,5.26,--,12,6312,买盘
2123,09:48:54,5.26,0.01,194,102044,买盘
2124,09:48:49,5.25,--,3,1575,卖盘
2125,09:48:44,5.25,--,1,525,卖盘
2126,09:48:18,5.25,--,9,4725,卖盘
2127,09:48:09,5.25,--,1,525,卖盘
2128,09:48:04,5.25,-0.01,120,63000,卖盘
2129,09:47:44,5.26,0.01,100,52600,买盘
2130,09:47:39,5.25,--,2,1050,卖盘
2131,09:47:34,5.25,--,1,525,卖盘
2132,09:47:24,5.25,-0.01,5,2625,卖盘
2133,09:47:19,5.26,0.01,223,117298,买盘
2134,09:47:14,5.25,--,6,3150,卖盘
2135,09:47:09,5.25,-0.01,1,525,卖盘
2136,09:47:03,5.26,0.01,24,12624,买盘
2137,09:46:54,5.25,-0.01,147,77175,卖盘
2138,09:46:49,5.26,--,88,46288,买盘
2139,09:46:44,5.26,--,5,2630,买盘
2140,09:46:34,5.26,--,184,96784,卖盘
2141,09:46:29,5.26,--,156,82056,卖盘
2142,09:46:24,5.26,-0.01,101,53126,卖盘
2143,09:46:19,5.27,--,16,8432,买盘
2144,09:46:14,5.27,0.01,66,34782,买盘
2145,09:46:09,5.26,--,2,1052,买盘
2146,09:46:04,5.26,--,189,99414,卖盘
2147,09:45:54,5.26,--,9,4734,卖盘
2148,09:45:49,5.26,--,459,241434,卖盘
2149,09:45:44,5.26,-0.01,1,526,卖盘
2150,09:45:39,5.27,--,3,1580,买盘
2151,09:45:29,5.27,0.01,1,527,买盘
2152,09:45:24,5.26,--,100,52600,卖盘
2153,09:45:19,5.26,--,7,3682,卖盘
2154,09:45:14,5.26,--,396,208296,卖盘
2155,09:45:09,5.26,-0.01,231,121506,卖盘
2156,09:45:04,5.27,--,202,106453,买盘
2157,09:44:59,5.27,0.02,482,254013,买盘
2158,09:44:54,5.25,--,177,92925,卖盘
2159,09:44:49,5.25,-0.01,498,261450,卖盘
2160,09:44:43,5.26,--,60,31560,买盘
2161,09:44:39,5.26,-0.01,477,250902,买盘
2162,09:44:34,5.27,0.01,676,356252,买盘
2163,09:44:28,5.26,--,10,5260,卖盘
2164,09:44:24,5.26,0.01,1709,898934,买盘
2165,09:44:18,5.25,--,202,106050,卖盘
2166,09:44:13,5.25,-0.01,3,1575,卖盘
2167,09:44:08,5.26,--,416,218816,买盘
2168,09:44:04,5.26,--,181,95206,买盘
2169,09:43:58,5.26,0.01,218,114668,买盘
2170,09:43:53,5.25,-0.01,2,1050,卖盘
2171,09:43:43,5.26,--,52,27352,买盘
2172,09:43:34,5.26,0.01,28,14728,买盘
2173,09:43:28,5.25,-0.01,72,37800,卖盘
2174,09:43:19,5.26,0.01,166,87316,买盘
2175,09:43:13,5.25,-0.01,92,48300,卖盘
2176,09:43:03,5.26,--,7,3682,买盘
2177,09:42:58,5.26,0.01,10,5260,买盘
2178,09:42:53,5.25,--,114,59850,卖盘
2179,09:42:48,5.25,--,51,26775,卖盘
2180,09:42:43,5.25,-0.01,447,234675,卖盘
2181,09:42:33,5.26,--,14,7364,买盘
2182,09:42:08,5.26,0.01,53,27878,买盘
2183,09:42:03,5.25,--,10,5250,卖盘
2184,09:41:58,5.25,--,15,7875,卖盘
2185,09:41:53,5.25,--,394,206850,卖盘
2186,09:41:48,5.25,--,392,205800,卖盘
2187,09:41:43,5.25,--,9,5239,卖盘
2188,09:41:18,5.25,--,2,1050,卖盘
2189,09:41:13,5.25,--,313,164640,卖盘
2190,09:41:08,5.25,-0.01,1,525,卖盘
2191,09:41:03,5.26,--,52,27352,买盘
2192,09:40:58,5.26,0.01,10,5260,买盘
2193,09:40:48,5.25,--,290,152250,卖盘
2194,09:40:42,5.25,-0.01,10,5250,卖盘
2195,09:40:33,5.26,0.01,83,43658,买盘
2196,09:40:28,5.25,--,8,4200,卖盘
2197,09:40:23,5.25,-0.01,10,5250,卖盘
2198,09:40:18,5.26,--,64,33664,买盘
2199,09:40:13,5.26,--,10,5260,买盘
2200,09:40:08,5.26,0.01,2,1052,买盘
2201,09:40:03,5.25,-0.01,1,525,卖盘
2202,09:39:58,5.26,--,986,518636,买盘
2203,09:39:33,5.26,0.01,19,9994,买盘
2204,09:39:18,5.25,-0.01,4,2100,卖盘
2205,09:39:12,5.26,--,100,52600,买盘
2206,09:39:08,5.26,--,32,16832,买盘
2207,09:39:03,5.26,--,100,52600,买盘
2208,09:38:43,5.26,--,3,1578,买盘
2209,09:38:38,5.26,--,50,26300,买盘
2210,09:38:27,5.26,0.01,101,53126,买盘
2211,09:38:12,5.25,-0.01,64,33600,卖盘
2212,09:38:08,5.26,--,2,1052,买盘
2213,09:38:03,5.26,0.01,5,2630,买盘
2214,09:37:58,5.25,--,34,17850,卖盘
2215,09:37:48,5.25,-0.01,178,93450,卖盘
2216,09:37:43,5.26,--,10,5260,买盘
2217,09:37:33,5.26,--,183,96258,买盘
2218,09:37:27,5.26,--,9,4734,买盘
2219,09:37:23,5.26,0.01,381,200406,买盘
2220,09:37:18,5.25,--,170,89250,卖盘
2221,09:37:13,5.25,-0.01,199,104968,卖盘
2222,09:37:07,5.26,0.01,3,1578,买盘
2223,09:37:03,5.25,-0.01,507,266175,卖盘
2224,09:36:58,5.26,--,291,153066,卖盘
2225,09:36:53,5.26,--,147,77322,卖盘
2226,09:36:48,5.26,--,600,315600,卖盘
2227,09:36:43,5.26,--,52,27352,卖盘
2228,09:36:37,5.26,--,32,16832,卖盘
2229,09:36:33,5.26,--,18,9468,卖盘
2230,09:36:28,5.26,--,300,157800,卖盘
2231,09:36:22,5.26,--,9,4734,卖盘
2232,09:36:17,5.26,-0.01,825,433950,买盘
2233,09:36:07,5.27,0.01,160,84320,买盘
2234,09:36:03,5.26,-0.01,134,70484,卖盘
2235,09:35:58,5.27,0.01,57,30038,买盘
2236,09:35:52,5.26,--,4,2104,买盘
2237,09:35:47,5.26,0.01,43,22618,买盘
2238,09:35:42,5.25,-0.01,5637,2959425,卖盘
2239,09:35:37,5.26,--,170,89420,卖盘
2240,09:35:32,5.26,-0.01,169,88894,卖盘
2241,09:35:27,5.27,--,10,5270,买盘
2242,09:35:22,5.27,0.02,85,45074,买盘
2243,09:35:12,5.25,-0.02,50,26496,卖盘
2244,09:35:07,5.27,--,230,121209,买盘
2245,09:34:57,5.27,0.01,34,17918,买盘
2246,09:34:52,5.26,-0.01,89,46814,卖盘
2247,09:34:47,5.27,--,111,58496,买盘
2248,09:34:42,5.27,--,2275,1198925,买盘
2249,09:34:32,5.27,0.01,37,19499,买盘
2250,09:34:22,5.26,-0.01,264,138864,卖盘
2251,09:34:17,5.27,0.01,1501,791026,买盘
2252,09:34:12,5.26,-0.01,238,125188,卖盘
2253,09:34:07,5.27,--,61,32146,买盘
2254,09:33:57,5.27,--,47,25048,买盘
2255,09:33:52,5.27,0.01,83,43741,买盘
2256,09:33:47,5.26,--,201,105726,卖盘
2257,09:33:42,5.26,-0.01,590,310340,卖盘
2258,09:33:37,5.27,0.01,1560,822119,买盘
2259,09:33:32,5.26,--,110,57860,卖盘
2260,09:33:27,5.26,--,10,5260,卖盘
2261,09:33:22,5.26,--,10,5260,卖盘
2262,09:33:17,5.26,-0.01,90,47340,中性盘
2263,09:33:12,5.27,0.01,318,167586,买盘
2264,09:33:06,5.26,--,19,9994,买盘
2265,09:33:02,5.26,--,2,1052,买盘
2266,09:32:57,5.26,--,9,4734,买盘
2267,09:32:52,5.26,0.01,722,379772,买盘
2268,09:32:47,5.25,-0.01,25,13125,卖盘
2269,09:32:42,5.26,--,2,1052,买盘
2270,09:32:37,5.26,0.01,597,314022,买盘
2271,09:32:27,5.25,-0.01,140,73500,卖盘
2272,09:32:21,5.26,0.01,12,6312,买盘
2273,09:32:17,5.25,-0.01,3,1575,卖盘
2274,09:32:12,5.26,--,151,79426,买盘
2275,09:32:07,5.26,0.01,7,3682,买盘
2276,09:32:02,5.25,--,80,42000,卖盘
2277,09:31:57,5.25,-0.01,19,9975,卖盘
2278,09:31:52,5.26,-0.01,936,492509,卖盘
2279,09:31:42,5.27,0.01,1685,888348,买盘
2280,09:31:37,5.26,--,511,269233,卖盘
2281,09:31:22,5.26,-0.01,55,28930,卖盘
2282,09:31:17,5.27,0.01,173,91250,买盘
2283,09:31:12,5.26,-0.01,2389,1256614,中性盘
2284,09:31:07,5.27,0.02,47,24768,买盘
2285,09:31:02,5.25,-0.01,2880,1512000,卖盘
2286,09:30:57,5.26,-0.01,3747,1971200,卖盘
2287,09:30:52,5.27,0.01,516,271932,买盘
2288,09:30:47,5.26,--,10,5260,卖盘
2289,09:30:41,5.26,-0.01,1722,905772,卖盘
2290,09:30:36,5.27,--,409,216059,买盘
2291,09:30:32,5.27,--,8,4216,买盘
2292,09:30:26,5.27,--,5,2635,买盘
2293,09:30:21,5.27,--,1500,790499,买盘
2294,09:30:06,5.27,0.01,939,494852,买盘
2295,09:28:55,5.26,--,0,0,卖盘
2296,09:25:04,5.26,5.26,880,462880,买盘
